{"id":"gen9nationaldex-1996790030","p1":"mber 30","p2":"entrenadorsito","format":"[Gen 9] National Dex","log":"|html|<div class=\"broadcast-blue\"><strong>[Gen 9] National Dex is currently suspecting Sneasler! For information on how to participate check out the <a href=\"https:\/\/www.smogon.com\/forums\/threads\/sv-national-dex-suspect-8-just-dance.3731534\/\">suspect thread<\/a>.<\/strong><\/div>\n|j|\u2606mber 30\n|j|\u2606entrenadorsito\n|t:|1700725722\n|gametype|singles\n|player|p1|mber 30|101|1335\n|player|p2|entrenadorsito|giovanni|1378\n|teamsize|p1|6\n|teamsize|p2|6\n|gen|9\n|tier|[Gen 9] National Dex\n|rated|\n|rule|HP Percentage Mod: HP is shown in percentages\n|rule|Endless Battle Clause: Forcing endless battles is banned\n|rule|OHKO Clause: OHKO moves are banned\n|rule|Evasion Clause: Evasion abilities, items, and moves are banned\n|rule|Evasion Abilities Clause: Evasion abilities are banned\n|rule|Evasion Items Clause: Evasion items are banned\n|rule|Evasion Moves Clause: Evasion moves are banned\n|rule|Species Clause: Limit one of each Pok\u00e9mon\n|rule|Sleep Clause Mod: Limit one foe put to sleep\n|clearpoke\n|poke|p1|Scizor, M|\n|poke|p1|Zapdos|\n|poke|p1|Clefable, F|\n|poke|p1|Blacephalon|\n|poke|p1|Sneasler, M|\n|poke|p1|Greninja-*, M|\n|poke|p2|Toxapex, M|\n|poke|p2|Lopunny, M|\n|poke|p2|Ferrothorn, F|\n|poke|p2|Clodsire, M|\n|poke|p2|Corviknight, F|\n|poke|p2|Volcarona, F|\n|teampreview\n|inactive|Battle timer is ON: inactive players will automatically lose when time's up. (requested by entrenadorsito)\n|\n|t:|1700725731\n|start\n|switch|p1a: Scizor|Scizor, M|100\/100\n|switch|p2a: Lopunny|Lopunny, M, shiny|100\/100\n|turn|1\n|j| bokm\n|\n|t:|1700725736\n|detailschange|p2a: Lopunny|Lopunny-Mega, M, shiny\n|-mega|p2a: Lopunny|Lopunny|Lopunnite\n|detailschange|p1a: Scizor|Scizor-Mega, M\n|-mega|p1a: Scizor|Scizor|Scizorite\n|move|p2a: Lopunny|U-turn|p1a: Scizor\n|-resisted|p1a: Scizor\n|-damage|p1a: Scizor|90\/100\n|\n|t:|1700725739\n|switch|p2a: Ferrothorn|Ferrothorn, F, shiny|100\/100|[from] U-turn\n|move|p1a: Scizor|Close Combat|p2a: Ferrothorn\n|-supereffective|p2a: Ferrothorn\n|-damage|p2a: Ferrothorn|39\/100\n|-unboost|p1a: Scizor|def|1\n|-unboost|p1a: Scizor|spd|1\n|-damage|p1a: Scizor|78\/100|[from] ability: Iron Barbs|[of] p2a: Ferrothorn\n|\n|-heal|p2a: Ferrothorn|45\/100|[from] item: Leftovers\n|upkeep\n|turn|2\n|\n|t:|1700725748\n|switch|p2a: Toxapex|Toxapex, M, shiny|100\/100\n|move|p1a: Scizor|U-turn|p2a: Toxapex\n|-resisted|p2a: Toxapex\n|-damage|p2a: Toxapex|88\/100\n|\n|t:|1700725755\n|switch|p1a: Zapdos|Zapdos|100\/100|[from] U-turn\n|\n|-heal|p2a: Toxapex|94\/100|[from] item: Black Sludge\n|upkeep\n|turn|3\n|\n|t:|1700725760\n|switch|p2a: Clodsire|Clodsire, M, shiny|100\/100\n|move|p1a: Zapdos|Hurricane|p2a: Clodsire\n|-damage|p2a: Clodsire|77\/100\n|\n|-heal|p2a: Clodsire|83\/100|[from] item: Black Sludge\n|upkeep\n|turn|4\n|\n|t:|1700725773\n|switch|p1a: Scizor|Scizor-Mega, M|78\/100\n|move|p2a: Clodsire|Stealth Rock|p1a: Scizor\n|-sidestart|p1: mber 30|move: Stealth Rock\n|\n|-heal|p2a: Clodsire|90\/100|[from] item: Black Sludge\n|upkeep\n|turn|5\n|\n|t:|1700725781\n|switch|p2a: Toxapex|Toxapex, M, shiny|100\/100\n|move|p1a: Scizor|Bullet Punch|p2a: Toxapex\n|-resisted|p2a: Toxapex\n|-damage|p2a: Toxapex|89\/100\n|\n|-heal|p2a: Toxapex|95\/100|[from] item: Black Sludge\n|upkeep\n|turn|6\n|\n|t:|1700725786\n|move|p1a: Scizor|U-turn|p2a: Toxapex\n|-resisted|p2a: Toxapex\n|-crit|p2a: Toxapex\n|-damage|p2a: Toxapex|76\/100\n|\n|t:|1700725789\n|switch|p1a: Zapdos|Zapdos|100\/100|[from] U-turn\n|move|p2a: Toxapex|Scald|p1a: Zapdos\n|-damage|p1a: Zapdos|84\/100\n|\n|-heal|p2a: Toxapex|82\/100|[from] item: Black Sludge\n|upkeep\n|turn|7\n|\n|t:|1700725795\n|move|p2a: Toxapex|Baneful Bunker|p2a: Toxapex\n|-singleturn|p2a: Toxapex|move: Protect\n|move|p1a: Zapdos|Defog|p2a: Toxapex\n|-activate|p2a: Toxapex|move: Protect\n|\n|-heal|p2a: Toxapex|89\/100|[from] item: Black Sludge\n|upkeep\n|turn|8\n|\n|t:|1700725799\n|move|p1a: Zapdos|Defog|p2a: Toxapex\n|-unboost|p2a: Toxapex|evasion|1\n|-sideend|p1: mber 30|Stealth Rock|[from] move: Defog|[of] p1a: Zapdos\n|move|p2a: Toxapex|Toxic|p1a: Zapdos\n|-status|p1a: Zapdos|tox\n|\n|-heal|p2a: Toxapex|95\/100|[from] item: Black Sludge\n|-damage|p1a: Zapdos|78\/100 tox|[from] psn\n|upkeep\n|turn|9\n|\n|t:|1700725802\n|switch|p2a: Clodsire|Clodsire, M, shiny|90\/100\n|move|p1a: Zapdos|Volt Switch|p2a: Clodsire\n|-immune|p2a: Clodsire\n|\n|-heal|p2a: Clodsire|96\/100|[from] item: Black Sludge\n|-damage|p1a: Zapdos|65\/100 tox|[from] psn\n|upkeep\n|turn|10\n|\n|t:|1700725806\n|switch|p1a: Clefable|Clefable, F|100\/100\n|move|p2a: Clodsire|Stealth Rock|p1a: Clefable\n|-sidestart|p1: mber 30|move: Stealth Rock\n|\n|-heal|p2a: Clodsire|100\/100|[from] item: Black Sludge\n|upkeep\n|turn|11\n|\n|t:|1700725812\n|move|p1a: Clefable|Heal Bell|p1a: Clefable\n|-activate|p1a: Clefable|move: Heal Bell\n|-curestatus|p1: Zapdos|tox|[msg]\n|move|p2a: Clodsire|Poison Jab|p1a: Clefable\n|-supereffective|p1a: Clefable\n|-damage|p1a: Clefable|47\/100\n|\n|-heal|p1a: Clefable|53\/100|[from] item: Leftovers\n|upkeep\n|turn|12\n|\n|t:|1700725820\n|switch|p1a: Zapdos|Zapdos|65\/100\n|move|p2a: Clodsire|Poison Jab|p1a: Zapdos\n|-damage|p1a: Zapdos|48\/100\n|\n|upkeep\n|turn|13\n|\n|t:|1700725825\n|move|p1a: Zapdos|Roost|p1a: Zapdos\n|-heal|p1a: Zapdos|98\/100\n|-singleturn|p1a: Zapdos|move: Roost\n|move|p2a: Clodsire|Poison Jab|p1a: Zapdos\n|-damage|p1a: Zapdos|83\/100\n|-status|p2a: Clodsire|par|[from] ability: Static|[of] p1a: Zapdos\n|\n|upkeep\n|turn|14\n|\n|t:|1700725829\n|move|p1a: Zapdos|Defog|p2a: Clodsire\n|-unboost|p2a: Clodsire|evasion|1\n|-sideend|p1: mber 30|Stealth Rock|[from] move: Defog|[of] p1a: Zapdos\n|move|p2a: Clodsire|Poison Jab|p1a: Zapdos\n|-damage|p1a: Zapdos|69\/100\n|\n|upkeep\n|turn|15\n|\n|t:|1700725832\n|move|p1a: Zapdos|Hurricane|p2a: Clodsire|[miss]\n|-miss|p1a: Zapdos|p2a: Clodsire\n|cant|p2a: Clodsire|par\n|\n|upkeep\n|turn|16\n|\n|t:|1700725835\n|move|p1a: Zapdos|Hurricane|p2a: Clodsire\n|-damage|p2a: Clodsire|77\/100 par\n|-start|p2a: Clodsire|confusion\n|-activate|p2a: Clodsire|confusion\n|cant|p2a: Clodsire|par\n|\n|-heal|p2a: Clodsire|83\/100 par|[from] item: Black Sludge\n|upkeep\n|turn|17\n|\n|t:|1700725842\n|switch|p1a: Scizor|Scizor-Mega, M|78\/100\n|-end|p2a: Clodsire|confusion\n|cant|p2a: Clodsire|par\n|\n|-heal|p2a: Clodsire|90\/100 par|[from] item: Black Sludge\n|upkeep\n|turn|18\n|\n|t:|1700725847\n|switch|p2a: Toxapex|Toxapex, M, shiny|100\/100\n|move|p1a: Scizor|Bullet Punch|p2a: Toxapex\n|-resisted|p2a: Toxapex\n|-damage|p2a: Toxapex|90\/100\n|\n|-heal|p2a: Toxapex|96\/100|[from] item: Black Sludge\n|upkeep\n|turn|19\n|\n|t:|1700725852\n|move|p1a: Scizor|U-turn|p2a: Toxapex\n|-resisted|p2a: Toxapex\n|-damage|p2a: Toxapex|84\/100\n|\n|t:|1700725856\n|switch|p1a: Zapdos|Zapdos|69\/100|[from] U-turn\n|move|p2a: Toxapex|Scald|p1a: Zapdos\n|-damage|p1a: Zapdos|52\/100\n|\n|-heal|p2a: Toxapex|90\/100|[from] item: Black Sludge\n|upkeep\n|turn|20\n|\n|t:|1700725863\n|switch|p2a: Clodsire|Clodsire, M, shiny|90\/100 par\n|move|p1a: Zapdos|Roost|p1a: Zapdos\n|-heal|p1a: Zapdos|100\/100\n|-singleturn|p1a: Zapdos|move: Roost\n|\n|-heal|p2a: Clodsire|96\/100 par|[from] item: Black Sludge\n|upkeep\n|turn|21\n|\n|t:|1700725866\n|move|p1a: Zapdos|Hurricane|p2a: Clodsire\n|-damage|p2a: Clodsire|70\/100 par\n|-start|p2a: Clodsire|confusion\n|-activate|p2a: Clodsire|confusion\n|-damage|p2a: Clodsire|62\/100 par|[from] confusion\n|\n|-heal|p2a: Clodsire|68\/100 par|[from] item: Black Sludge\n|upkeep\n|turn|22\n|l| bokm\n|\n|t:|1700725879\n|switch|p1a: Greninja|Greninja, M|100\/100\n|-activate|p2a: Clodsire|confusion\n|-damage|p2a: Clodsire|61\/100 par|[from] confusion\n|\n|-heal|p2a: Clodsire|67\/100 par|[from] item: Black Sludge\n|upkeep\n|turn|23\n|\n|t:|1700725885\n|switch|p2a: Ferrothorn|Ferrothorn, F, shiny|45\/100\n|move|p1a: Greninja|Water Shuriken|p2a: Ferrothorn\n|-resisted|p2a: Ferrothorn\n|-damage|p2a: Ferrothorn|42\/100\n|-resisted|p2a: Ferrothorn\n|-damage|p2a: Ferrothorn|39\/100\n|-resisted|p2a: Ferrothorn\n|-damage|p2a: Ferrothorn|36\/100\n|-resisted|p2a: Ferrothorn\n|-damage|p2a: Ferrothorn|33\/100\n|-hitcount|p2a: Ferrothorn|4\n|\n|-heal|p2a: Ferrothorn|39\/100|[from] item: Leftovers\n|upkeep\n|turn|24\n|\n|t:|1700725891\n|switch|p1a: Zapdos|Zapdos|100\/100\n|move|p2a: Ferrothorn|Leech Seed|p1a: Zapdos\n|-start|p1a: Zapdos|move: Leech Seed\n|\n|-heal|p2a: Ferrothorn|45\/100|[from] item: Leftovers\n|-damage|p1a: Zapdos|88\/100|[from] Leech Seed|[of] p2a: Ferrothorn\n|-heal|p2a: Ferrothorn|59\/100|[silent]\n|upkeep\n|turn|25\n|\n|t:|1700725898\n|switch|p1a: Clefable|Clefable, F|53\/100\n|move|p2a: Ferrothorn|Stealth Rock|p1a: Clefable\n|-sidestart|p1: mber 30|move: Stealth Rock\n|\n|-heal|p1a: Clefable|59\/100|[from] item: Leftovers\n|-heal|p2a: Ferrothorn|65\/100|[from] item: Leftovers\n|upkeep\n|turn|26\n|\n|t:|1700725904\n|switch|p1a: Zapdos|Zapdos|88\/100\n|move|p2a: Ferrothorn|Leech Seed|p1a: Zapdos\n|-start|p1a: Zapdos|move: Leech Seed\n|\n|-heal|p2a: Ferrothorn|72\/100|[from] item: Leftovers\n|-damage|p1a: Zapdos|75\/100|[from] Leech Seed|[of] p2a: Ferrothorn\n|-heal|p2a: Ferrothorn|85\/100|[silent]\n|upkeep\n|turn|27\n|\n|t:|1700725909\n|switch|p2a: Clodsire|Clodsire, M, shiny|67\/100 par\n|move|p1a: Zapdos|Defog|p2a: Clodsire\n|-unboost|p2a: Clodsire|evasion|1\n|-sideend|p1: mber 30|Stealth Rock|[from] move: Defog|[of] p1a: Zapdos\n|\n|-heal|p2a: Clodsire|73\/100 par|[from] item: Black Sludge\n|-damage|p1a: Zapdos|63\/100|[from] Leech Seed|[of] p2a: Clodsire\n|-heal|p2a: Clodsire|84\/100 par|[silent]\n|upkeep\n|turn|28\n|\n|t:|1700725916\n|switch|p1a: Clefable|Clefable, F|59\/100\n|move|p2a: Clodsire|Stealth Rock|p1a: Clefable\n|-sidestart|p1: mber 30|move: Stealth Rock\n|\n|-heal|p1a: Clefable|65\/100|[from] item: Leftovers\n|-heal|p2a: Clodsire|90\/100 par|[from] item: Black Sludge\n|upkeep\n|turn|29\n|\n|t:|1700725919\n|move|p1a: Clefable|Soft-Boiled|p1a: Clefable\n|-heal|p1a: Clefable|100\/100\n|move|p2a: Clodsire|Poison Jab|p1a: Clefable\n|-supereffective|p1a: Clefable\n|-damage|p1a: Clefable|54\/100\n|\n|-heal|p1a: Clefable|60\/100|[from] item: Leftovers\n|-heal|p2a: Clodsire|96\/100 par|[from] item: Black Sludge\n|upkeep\n|turn|30\n|\n|t:|1700725924\n|switch|p1a: Zapdos|Zapdos|63\/100\n|move|p2a: Clodsire|Poison Jab|p1a: Zapdos\n|-damage|p1a: Zapdos|46\/100\n|\n|-heal|p2a: Clodsire|100\/100 par|[from] item: Black Sludge\n|upkeep\n|turn|31\n|\n|t:|1700725930\n|move|p1a: Zapdos|Roost|p1a: Zapdos\n|-heal|p1a: Zapdos|96\/100\n|-singleturn|p1a: Zapdos|move: Roost\n|cant|p2a: Clodsire|par\n|\n|upkeep\n|turn|32\n|\n|t:|1700725936\n|move|p1a: Zapdos|Defog|p2a: Clodsire\n|-unboost|p2a: Clodsire|evasion|1\n|-sideend|p1: mber 30|Stealth Rock|[from] move: Defog|[of] p1a: Zapdos\n|move|p2a: Clodsire|Poison Jab|p1a: Zapdos\n|-damage|p1a: Zapdos|79\/100\n|\n|upkeep\n|turn|33\n|\n|t:|1700725939\n|move|p1a: Zapdos|Hurricane|p2a: Clodsire\n|-crit|p2a: Clodsire\n|-damage|p2a: Clodsire|63\/100 par\n|-start|p2a: Clodsire|confusion\n|-activate|p2a: Clodsire|confusion\n|move|p2a: Clodsire|Stealth Rock|p1a: Zapdos\n|-sidestart|p1: mber 30|move: Stealth Rock\n|\n|-heal|p2a: Clodsire|69\/100 par|[from] item: Black Sludge\n|upkeep\n|turn|34\n|\n|t:|1700725949\n|move|p1a: Zapdos|Hurricane|p2a: Clodsire\n|-damage|p2a: Clodsire|46\/100 par\n|-activate|p2a: Clodsire|confusion\n|-damage|p2a: Clodsire|38\/100 par|[from] confusion\n|\n|-heal|p2a: Clodsire|44\/100 par|[from] item: Black Sludge\n|upkeep\n|turn|35\n|\n|t:|1700725954\n|move|p1a: Zapdos|Hurricane|p2a: Clodsire\n|-damage|p2a: Clodsire|22\/100 par\n|-activate|p2a: Clodsire|confusion\n|move|p2a: Clodsire|Recover|p2a: Clodsire\n|-heal|p2a: Clodsire|72\/100 par\n|\n|-heal|p2a: Clodsire|78\/100 par|[from] item: Black Sludge\n|upkeep\n|turn|36\n|\n|t:|1700725965\n|switch|p2a: Ferrothorn|Ferrothorn, F, shiny|85\/100\n|move|p1a: Zapdos|Defog|p2a: Ferrothorn\n|-unboost|p2a: Ferrothorn|evasion|1\n|-sideend|p1: mber 30|Stealth Rock|[from] move: Defog|[of] p1a: Zapdos\n|\n|-heal|p2a: Ferrothorn|91\/100|[from] item: Leftovers\n|upkeep\n|turn|37\n|\n|t:|1700725971\n|switch|p1a: Clefable|Clefable, F|60\/100\n|move|p2a: Ferrothorn|Leech Seed|p1a: Clefable\n|-start|p1a: Clefable|move: Leech Seed\n|\n|-heal|p1a: Clefable|66\/100|[from] item: Leftovers\n|-heal|p2a: Ferrothorn|98\/100|[from] item: Leftovers\n|upkeep\n|turn|38\n|\n|t:|1700725982\n|switch|p2a: Clodsire|Clodsire, M, shiny|78\/100 par\n|move|p1a: Clefable|Soft-Boiled|p1a: Clefable\n|-heal|p1a: Clefable|100\/100\n|\n|-heal|p2a: Clodsire|84\/100 par|[from] item: Black Sludge\n|upkeep\n|turn|39\n|\n|t:|1700725990\n|switch|p1a: Zapdos|Zapdos|79\/100\n|move|p2a: Clodsire|Poison Jab|p1a: Zapdos\n|-damage|p1a: Zapdos|64\/100\n|\n|-heal|p2a: Clodsire|91\/100 par|[from] item: Black Sludge\n|upkeep\n|turn|40\n|\n|t:|1700725992\n|move|p1a: Zapdos|Hurricane|p2a: Clodsire|[miss]\n|-miss|p1a: Zapdos|p2a: Clodsire\n|cant|p2a: Clodsire|par\n|\n|-heal|p2a: Clodsire|97\/100 par|[from] item: Black Sludge\n|upkeep\n|turn|41\n|\n|t:|1700725995\n|move|p1a: Zapdos|Hurricane|p2a: Clodsire\n|-damage|p2a: Clodsire|74\/100 par\n|move|p2a: Clodsire|Stealth Rock|p1a: Zapdos\n|-sidestart|p1: mber 30|move: Stealth Rock\n|\n|-heal|p2a: Clodsire|80\/100 par|[from] item: Black Sludge\n|upkeep\n|turn|42\n|\n|t:|1700725999\n|move|p1a: Zapdos|Defog|p2a: Clodsire\n|-unboost|p2a: Clodsire|evasion|1\n|-sideend|p1: mber 30|Stealth Rock|[from] move: Defog|[of] p1a: Zapdos\n|cant|p2a: Clodsire|par\n|\n|-heal|p2a: Clodsire|86\/100 par|[from] item: Black Sludge\n|upkeep\n|turn|43\n|\n|t:|1700726003\n|move|p1a: Zapdos|Hurricane|p2a: Clodsire\n|-crit|p2a: Clodsire\n|-damage|p2a: Clodsire|53\/100 par\n|cant|p2a: Clodsire|par\n|\n|-heal|p2a: Clodsire|59\/100 par|[from] item: Black Sludge\n|upkeep\n|turn|44\n|\n|t:|1700726010\n|move|p1a: Zapdos|Hurricane|p2a: Clodsire\n|-crit|p2a: Clodsire\n|-damage|p2a: Clodsire|23\/100 par\n|move|p2a: Clodsire|Stealth Rock|p1a: Zapdos\n|-sidestart|p1: mber 30|move: Stealth Rock\n|\n|-heal|p2a: Clodsire|29\/100 par|[from] item: Black Sludge\n|upkeep\n|turn|45\n|\n|t:|1700726015\n|move|p1a: Zapdos|Hurricane|p2a: Clodsire|[miss]\n|-miss|p1a: Zapdos|p2a: Clodsire\n|move|p2a: Clodsire|Recover|p2a: Clodsire\n|-heal|p2a: Clodsire|79\/100 par\n|\n|-heal|p2a: Clodsire|85\/100 par|[from] item: Black Sludge\n|upkeep\n|turn|46\n|\n|t:|1700726020\n|move|p1a: Zapdos|Defog|p2a: Clodsire\n|-unboost|p2a: Clodsire|evasion|1\n|-sideend|p1: mber 30|Stealth Rock|[from] move: Defog|[of] p1a: Zapdos\n|move|p2a: Clodsire|Poison Jab|p1a: Zapdos\n|-damage|p1a: Zapdos|50\/100\n|\n|-heal|p2a: Clodsire|91\/100 par|[from] item: Black Sludge\n|upkeep\n|turn|47\n|\n|t:|1700726024\n|move|p1a: Zapdos|Hurricane|p2a: Clodsire\n|-damage|p2a: Clodsire|67\/100 par\n|move|p2a: Clodsire|Earthquake|p1a: Zapdos\n|-immune|p1a: Zapdos\n|\n|-heal|p2a: Clodsire|73\/100 par|[from] item: Black Sludge\n|upkeep\n|turn|48\n|\n|t:|1700726028\n|move|p1a: Zapdos|Hurricane|p2a: Clodsire\n|-damage|p2a: Clodsire|49\/100 par\n|move|p2a: Clodsire|Stealth Rock|p1a: Zapdos\n|-sidestart|p1: mber 30|move: Stealth Rock\n|\n|-heal|p2a: Clodsire|55\/100 par|[from] item: Black Sludge\n|upkeep\n|turn|49\n|\n|t:|1700726031\n|move|p1a: Zapdos|Hurricane|p2a: Clodsire\n|-damage|p2a: Clodsire|29\/100 par\n|move|p2a: Clodsire|Recover|p2a: Clodsire\n|-heal|p2a: Clodsire|79\/100 par\n|\n|-heal|p2a: Clodsire|85\/100 par|[from] item: Black Sludge\n|upkeep\n|turn|50\n|\n|t:|1700726035\n|move|p1a: Zapdos|Roost|p1a: Zapdos\n|-heal|p1a: Zapdos|99\/100\n|-singleturn|p1a: Zapdos|move: Roost\n|move|p2a: Clodsire|Poison Jab|p1a: Zapdos\n|-damage|p1a: Zapdos|85\/100\n|-status|p1a: Zapdos|psn\n|\n|-heal|p2a: Clodsire|91\/100 par|[from] item: Black Sludge\n|-damage|p1a: Zapdos|72\/100 psn|[from] psn\n|upkeep\n|turn|51\n|\n|t:|1700726039\n|move|p1a: Zapdos|Defog|p2a: Clodsire\n|-unboost|p2a: Clodsire|evasion|1\n|-sideend|p1: mber 30|Stealth Rock|[from] move: Defog|[of] p1a: Zapdos\n|move|p2a: Clodsire|Poison Jab|p1a: Zapdos\n|-damage|p1a: Zapdos|57\/100 psn\n|\n|-heal|p2a: Clodsire|97\/100 par|[from] item: Black Sludge\n|-damage|p1a: Zapdos|45\/100 psn|[from] psn\n|upkeep\n|turn|52\n|\n|t:|1700726042\n|move|p1a: Zapdos|Hurricane|p2a: Clodsire\n|-damage|p2a: Clodsire|73\/100 par\n|-start|p2a: Clodsire|confusion\n|-activate|p2a: Clodsire|confusion\n|move|p2a: Clodsire|Stealth Rock|p1a: Zapdos\n|-sidestart|p1: mber 30|move: Stealth Rock\n|\n|-heal|p2a: Clodsire|79\/100 par|[from] item: Black Sludge\n|-damage|p1a: Zapdos|32\/100 psn|[from] psn\n|upkeep\n|turn|53\n|\n|t:|1700726047\n|switch|p2a: Ferrothorn|Ferrothorn, F, shiny|98\/100\n|move|p1a: Zapdos|Roost|p1a: Zapdos\n|-heal|p1a: Zapdos|82\/100 psn\n|-singleturn|p1a: Zapdos|move: Roost\n|\n|-heal|p2a: Ferrothorn|100\/100|[from] item: Leftovers\n|-damage|p1a: Zapdos|70\/100 psn|[from] psn\n|upkeep\n|turn|54\n|\n|t:|1700726050\n|move|p1a: Zapdos|Volt Switch|p2a: Ferrothorn\n|-resisted|p2a: Ferrothorn\n|-damage|p2a: Ferrothorn|88\/100\n|\n|t:|1700726053\n|switch|p1a: Clefable|Clefable, F|100\/100|[from] Volt Switch\n|move|p2a: Ferrothorn|Leech Seed|p1a: Clefable\n|-start|p1a: Clefable|move: Leech Seed\n|\n|-heal|p2a: Ferrothorn|94\/100|[from] item: Leftovers\n|upkeep\n|turn|55\n|\n|t:|1700726058\n|move|p1a: Clefable|Heal Bell|p1a: Clefable\n|-activate|p1a: Clefable|move: Heal Bell\n|-curestatus|p1: Zapdos|psn|[msg]\n|move|p2a: Ferrothorn|Gyro Ball|p1a: Clefable\n|-supereffective|p1a: Clefable\n|-damage|p1a: Clefable|33\/100\n|\n|-heal|p1a: Clefable|40\/100|[from] item: Leftovers\n|-heal|p2a: Ferrothorn|99\/100|[from] item: Leftovers\n|upkeep\n|turn|56\n|\n|t:|1700726065\n|switch|p1a: Zapdos|Zapdos|70\/100\n|move|p2a: Ferrothorn|Gyro Ball|p1a: Zapdos\n|-resisted|p1a: Zapdos\n|-damage|p1a: Zapdos|53\/100\n|-status|p2a: Ferrothorn|par|[from] ability: Static|[of] p1a: Zapdos\n|\n|-heal|p2a: Ferrothorn|100\/100 par|[from] item: Leftovers\n|upkeep\n|turn|57\n|\n|t:|1700726072\n|move|p1a: Zapdos|Defog|p2a: Ferrothorn\n|-unboost|p2a: Ferrothorn|evasion|1\n|-sideend|p1: mber 30|Stealth Rock|[from] move: Defog|[of] p1a: Zapdos\n|move|p2a: Ferrothorn|Leech Seed|p1a: Zapdos\n|-start|p1a: Zapdos|move: Leech Seed\n|\n|-damage|p1a: Zapdos|40\/100|[from] Leech Seed|[of] p2a: Ferrothorn\n|upkeep\n|turn|58\n|\n|t:|1700726075\n|move|p1a: Zapdos|Roost|p1a: Zapdos\n|-heal|p1a: Zapdos|90\/100\n|-singleturn|p1a: Zapdos|move: Roost\n|cant|p2a: Ferrothorn|par\n|\n|-damage|p1a: Zapdos|78\/100|[from] Leech Seed|[of] p2a: Ferrothorn\n|upkeep\n|turn|59\n|\n|t:|1700726078\n|move|p1a: Zapdos|Volt Switch|p2a: Ferrothorn\n|-resisted|p2a: Ferrothorn\n|-damage|p2a: Ferrothorn|87\/100 par\n|\n|t:|1700726086\n|switch|p1a: Blacephalon|Blacephalon|100\/100|[from] Volt Switch\n|move|p2a: Ferrothorn|Stealth Rock|p1a: Blacephalon\n|-sidestart|p1: mber 30|move: Stealth Rock\n|\n|-heal|p2a: Ferrothorn|93\/100 par|[from] item: Leftovers\n|upkeep\n|turn|60\n|\n|t:|1700726092\n|switch|p2a: Toxapex|Toxapex, M, shiny|100\/100\n|move|p1a: Blacephalon|Trick|p2a: Toxapex\n|-activate|p1a: Blacephalon|move: Trick|[of] p2a: Toxapex\n|-item|p2a: Toxapex|Choice Scarf|[from] move: Trick\n|-item|p1a: Blacephalon|Black Sludge|[from] move: Trick\n|\n|-damage|p1a: Blacephalon|88\/100|[from] item: Black Sludge\n|upkeep\n|turn|61\n|\n|t:|1700726100\n|switch|p1a: Zapdos|Zapdos|78\/100\n|move|p2a: Toxapex|Scald|p1a: Zapdos\n|-damage|p1a: Zapdos|60\/100\n|\n|upkeep\n|turn|62\n|\n|t:|1700726106\n|switch|p2a: Clodsire|Clodsire, M, shiny|79\/100 par\n|move|p1a: Zapdos|Defog|p2a: Clodsire\n|-unboost|p2a: Clodsire|evasion|1\n|-sideend|p1: mber 30|Stealth Rock|[from] move: Defog|[of] p1a: Zapdos\n|\n|-heal|p2a: Clodsire|85\/100 par|[from] item: Black Sludge\n|upkeep\n|turn|63\n|\n|t:|1700726119\n|switch|p1a: Scizor|Scizor-Mega, M|78\/100\n|cant|p2a: Clodsire|par\n|\n|-heal|p2a: Clodsire|91\/100 par|[from] item: Black Sludge\n|upkeep\n|turn|64\n|\n|t:|1700726122\n|switch|p2a: Ferrothorn|Ferrothorn, F, shiny|93\/100 par\n|move|p1a: Scizor|Bullet Punch|p2a: Ferrothorn\n|-resisted|p2a: Ferrothorn\n|-damage|p2a: Ferrothorn|81\/100 par\n|-damage|p1a: Scizor|66\/100|[from] ability: Iron Barbs|[of] p2a: Ferrothorn\n|\n|-heal|p2a: Ferrothorn|88\/100 par|[from] item: Leftovers\n|upkeep\n|turn|65\n|\n|t:|1700726128\n|switch|p2a: Toxapex|Toxapex, M, shiny|100\/100\n|move|p1a: Scizor|Close Combat|p2a: Toxapex\n|-resisted|p2a: Toxapex\n|-damage|p2a: Toxapex|86\/100\n|-unboost|p1a: Scizor|def|1\n|-unboost|p1a: Scizor|spd|1\n|\n|upkeep\n|turn|66\n|\n|t:|1700726132\n|move|p1a: Scizor|Roost|p1a: Scizor\n|-heal|p1a: Scizor|100\/100\n|-singleturn|p1a: Scizor|move: Roost\n|move|p2a: Toxapex|Scald|p1a: Scizor\n|-damage|p1a: Scizor|76\/100\n|-status|p1a: Scizor|brn\n|\n|-damage|p1a: Scizor|70\/100 brn|[from] brn\n|upkeep\n|turn|67\n|\n|t:|1700726138\n|switch|p1a: Clefable|Clefable, F|40\/100\n|move|p2a: Toxapex|Scald|p1a: Clefable\n|-damage|p1a: Clefable|28\/100\n|\n|-heal|p1a: Clefable|34\/100|[from] item: Leftovers\n|upkeep\n|turn|68\n|\n|t:|1700726143\n|switch|p2a: Ferrothorn|Ferrothorn, F, shiny|88\/100 par\n|move|p1a: Clefable|Soft-Boiled|p1a: Clefable\n|-heal|p1a: Clefable|84\/100\n|\n|-heal|p1a: Clefable|90\/100|[from] item: Leftovers\n|-heal|p2a: Ferrothorn|94\/100 par|[from] item: Leftovers\n|upkeep\n|turn|69\n|\n|t:|1700726154\n|switch|p1a: Zapdos|Zapdos|60\/100\n|cant|p2a: Ferrothorn|par\n|\n|-heal|p2a: Ferrothorn|99\/100 par|[from] item: Leftovers\n|upkeep\n|turn|70\n|\n|t:|1700726159\n|move|p1a: Zapdos|Volt Switch|p2a: Ferrothorn\n|-resisted|p2a: Ferrothorn\n|-damage|p2a: Ferrothorn|88\/100 par\n|\n|t:|1700726166\n|switch|p1a: Blacephalon|Blacephalon|88\/100|[from] Volt Switch\n|move|p2a: Ferrothorn|Stealth Rock|p1a: Blacephalon\n|-sidestart|p1: mber 30|move: Stealth Rock\n|\n|-damage|p1a: Blacephalon|76\/100|[from] item: Black Sludge\n|-heal|p2a: Ferrothorn|94\/100 par|[from] item: Leftovers\n|upkeep\n|turn|71\n|\n|t:|1700726172\n|switch|p2a: Toxapex|Toxapex, M, shiny|100\/100\n|move|p1a: Blacephalon|Flamethrower|p2a: Toxapex\n|-resisted|p2a: Toxapex\n|-damage|p2a: Toxapex|80\/100\n|\n|-damage|p1a: Blacephalon|64\/100|[from] item: Black Sludge\n|upkeep\n|turn|72\n|\n|t:|1700726181\n|switch|p1a: Zapdos|Zapdos|60\/100\n|move|p2a: Toxapex|Scald|p1a: Zapdos\n|-damage|p1a: Zapdos|45\/100\n|-status|p1a: Zapdos|brn\n|\n|-damage|p1a: Zapdos|39\/100 brn|[from] brn\n|upkeep\n|turn|73\n|\n|t:|1700726185\n|switch|p2a: Clodsire|Clodsire, M, shiny|91\/100 par\n|move|p1a: Zapdos|Roost|p1a: Zapdos\n|-heal|p1a: Zapdos|89\/100 brn\n|-singleturn|p1a: Zapdos|move: Roost\n|\n|-heal|p2a: Clodsire|98\/100 par|[from] item: Black Sludge\n|-damage|p1a: Zapdos|83\/100 brn|[from] brn\n|upkeep\n|turn|74\n|\n|t:|1700726191\n|move|p1a: Zapdos|Defog|p2a: Clodsire\n|-unboost|p2a: Clodsire|evasion|1\n|-sideend|p1: mber 30|Stealth Rock|[from] move: Defog|[of] p1a: Zapdos\n|cant|p2a: Clodsire|par\n|\n|-heal|p2a: Clodsire|100\/100 par|[from] item: Black Sludge\n|-damage|p1a: Zapdos|77\/100 brn|[from] brn\n|upkeep\n|turn|75\n|\n|t:|1700726197\n|switch|p1a: Clefable|Clefable, F|90\/100\n|cant|p2a: Clodsire|par\n|\n|-heal|p1a: Clefable|96\/100|[from] item: Leftovers\n|upkeep\n|turn|76\n|\n|t:|1700726201\n|move|p1a: Clefable|Heal Bell|p1a: Clefable\n|-activate|p1a: Clefable|move: Heal Bell\n|-curestatus|p1: Zapdos|brn|[msg]\n|-curestatus|p1: Scizor|brn|[msg]\n|move|p2a: Clodsire|Stealth Rock|p1a: Clefable\n|-sidestart|p1: mber 30|move: Stealth Rock\n|\n|-heal|p1a: Clefable|100\/100|[from] item: Leftovers\n|upkeep\n|turn|77\n|\n|t:|1700726207\n|move|p1a: Clefable|Moonblast|p2a: Clodsire\n|-resisted|p2a: Clodsire\n|-damage|p2a: Clodsire|92\/100 par\n|move|p2a: Clodsire|Poison Jab|p1a: Clefable\n|-supereffective|p1a: Clefable\n|-damage|p1a: Clefable|50\/100\n|\n|-heal|p1a: Clefable|56\/100|[from] item: Leftovers\n|-heal|p2a: Clodsire|98\/100 par|[from] item: Black Sludge\n|upkeep\n|turn|78\n|\n|t:|1700726214\n|move|p1a: Clefable|Moonblast|p2a: Clodsire\n|-resisted|p2a: Clodsire\n|-damage|p2a: Clodsire|90\/100 par\n|move|p2a: Clodsire|Poison Jab|p1a: Clefable\n|-supereffective|p1a: Clefable\n|-damage|p1a: Clefable|6\/100\n|-status|p1a: Clefable|psn\n|\n|-heal|p1a: Clefable|12\/100 psn|[from] item: Leftovers\n|-heal|p2a: Clodsire|96\/100 par|[from] item: Black Sludge\n|upkeep\n|turn|79\n|\n|t:|1700726219\n|move|p1a: Clefable|Soft-Boiled|p1a: Clefable\n|-heal|p1a: Clefable|62\/100 psn\n|move|p2a: Clodsire|Poison Jab|p1a: Clefable\n|-supereffective|p1a: Clefable\n|-damage|p1a: Clefable|16\/100 psn\n|\n|-heal|p1a: Clefable|22\/100 psn|[from] item: Leftovers\n|-heal|p2a: Clodsire|100\/100 par|[from] item: Black Sludge\n|upkeep\n|turn|80\n|\n|t:|1700726224\n|move|p1a: Clefable|Soft-Boiled|p1a: Clefable\n|-heal|p1a: Clefable|72\/100 psn\n|move|p2a: Clodsire|Poison Jab|p1a: Clefable\n|-supereffective|p1a: Clefable\n|-damage|p1a: Clefable|22\/100 psn\n|\n|-heal|p1a: Clefable|28\/100 psn|[from] item: Leftovers\n|upkeep\n|turn|81\n|\n|t:|1700726228\n|move|p1a: Clefable|Soft-Boiled|p1a: Clefable\n|-heal|p1a: Clefable|78\/100 psn\n|cant|p2a: Clodsire|par\n|\n|-heal|p1a: Clefable|84\/100 psn|[from] item: Leftovers\n|upkeep\n|turn|82\n|\n|t:|1700726234\n|switch|p1a: Scizor|Scizor-Mega, M|70\/100\n|-damage|p1a: Scizor|58\/100|[from] Stealth Rock\n|move|p2a: Clodsire|Poison Jab|p1a: Scizor\n|-immune|p1a: Scizor\n|\n|upkeep\n|turn|83\n|\n|t:|1700726244\n|switch|p2a: Toxapex|Toxapex, M, shiny|100\/100\n|move|p1a: Scizor|Close Combat|p2a: Toxapex\n|-resisted|p2a: Toxapex\n|-damage|p2a: Toxapex|85\/100\n|-unboost|p1a: Scizor|def|1\n|-unboost|p1a: Scizor|spd|1\n|\n|upkeep\n|turn|84\n|\n|t:|1700726249\n|move|p1a: Scizor|U-turn|p2a: Toxapex\n|-resisted|p2a: Toxapex\n|-damage|p2a: Toxapex|71\/100\n|\n|t:|1700726252\n|switch|p1a: Clefable|Clefable, F|84\/100 psn|[from] U-turn\n|move|p2a: Toxapex|Scald|p1a: Clefable\n|-damage|p1a: Clefable|73\/100 psn\n|\n|-heal|p1a: Clefable|79\/100 psn|[from] item: Leftovers\n|upkeep\n|turn|85\n|\n|t:|1700726258\n|switch|p2a: Clodsire|Clodsire, M, shiny|100\/100 par\n|move|p1a: Clefable|Moonblast|p2a: Clodsire\n|-resisted|p2a: Clodsire\n|-damage|p2a: Clodsire|93\/100 par\n|-unboost|p2a: Clodsire|spa|1\n|\n|-heal|p1a: Clefable|85\/100 psn|[from] item: Leftovers\n|-heal|p2a: Clodsire|99\/100 par|[from] item: Black Sludge\n|upkeep\n|turn|86\n|\n|t:|1700726265\n|switch|p1a: Scizor|Scizor-Mega, M|58\/100\n|-damage|p1a: Scizor|45\/100|[from] Stealth Rock\n|move|p2a: Clodsire|Poison Jab|p1a: Scizor\n|-immune|p1a: Scizor\n|\n|-heal|p2a: Clodsire|100\/100 par|[from] item: Black Sludge\n|upkeep\n|turn|87\n|\n|t:|1700726269\n|switch|p2a: Toxapex|Toxapex, M, shiny|100\/100\n|move|p1a: Scizor|Roost|p1a: Scizor\n|-heal|p1a: Scizor|96\/100\n|-singleturn|p1a: Scizor|move: Roost\n|\n|upkeep\n|turn|88\n|\n|t:|1700726273\n|move|p1a: Scizor|U-turn|p2a: Toxapex\n|-resisted|p2a: Toxapex\n|-damage|p2a: Toxapex|88\/100\n|\n|t:|1700726275\n|switch|p1a: Zapdos|Zapdos|77\/100|[from] U-turn\n|move|p2a: Toxapex|Scald|p1a: Zapdos\n|-damage|p1a: Zapdos|60\/100\n|\n|upkeep\n|turn|89\n|\n|t:|1700726283\n|switch|p2a: Clodsire|Clodsire, M, shiny|100\/100 par\n|move|p1a: Zapdos|Defog|p2a: Clodsire\n|-unboost|p2a: Clodsire|evasion|1\n|-sideend|p1: mber 30|Stealth Rock|[from] move: Defog|[of] p1a: Zapdos\n|\n|upkeep\n|turn|90\n|\n|t:|1700726289\n|switch|p1a: Scizor|Scizor-Mega, M|96\/100\n|move|p2a: Clodsire|Stealth Rock|p1a: Scizor\n|-sidestart|p1: mber 30|move: Stealth Rock\n|\n|upkeep\n|turn|91\n|\n|t:|1700726293\n|switch|p2a: Toxapex|Toxapex, M, shiny|100\/100\n|move|p1a: Scizor|Bullet Punch|p2a: Toxapex\n|-resisted|p2a: Toxapex\n|-damage|p2a: Toxapex|89\/100\n|\n|upkeep\n|turn|92\n|\n|t:|1700726299\n|move|p1a: Scizor|Bullet Punch|p2a: Toxapex\n|-resisted|p2a: Toxapex\n|-damage|p2a: Toxapex|76\/100\n|move|p2a: Toxapex|Scald|p1a: Scizor\n|-damage|p1a: Scizor|77\/100\n|\n|upkeep\n|turn|93\n|\n|t:|1700726303\n|move|p1a: Scizor|Bullet Punch|p2a: Toxapex\n|-resisted|p2a: Toxapex\n|-damage|p2a: Toxapex|66\/100\n|move|p2a: Toxapex|Scald|p1a: Scizor\n|-damage|p1a: Scizor|60\/100\n|\n|upkeep\n|turn|94\n|\n|t:|1700726307\n|move|p1a: Scizor|Bullet Punch|p2a: Toxapex\n|-resisted|p2a: Toxapex\n|-damage|p2a: Toxapex|54\/100\n|move|p2a: Toxapex|Scald|p1a: Scizor\n|-damage|p1a: Scizor|44\/100\n|\n|upkeep\n|turn|95\n|\n|t:|1700726312\n|move|p1a: Scizor|Bullet Punch|p2a: Toxapex\n|-resisted|p2a: Toxapex\n|-damage|p2a: Toxapex|42\/100\n|move|p2a: Toxapex|Scald|p1a: Scizor\n|-damage|p1a: Scizor|28\/100\n|\n|upkeep\n|turn|96\n|\n|t:|1700726317\n|move|p1a: Scizor|Roost|p1a: Scizor\n|-heal|p1a: Scizor|78\/100\n|-singleturn|p1a: Scizor|move: Roost\n|move|p2a: Toxapex|Scald|p1a: Scizor\n|-damage|p1a: Scizor|63\/100\n|\n|upkeep\n|turn|97\n|\n|t:|1700726321\n|move|p1a: Scizor|Close Combat|p2a: Toxapex\n|-resisted|p2a: Toxapex\n|-damage|p2a: Toxapex|26\/100\n|-unboost|p1a: Scizor|def|1\n|-unboost|p1a: Scizor|spd|1\n|move|p2a: Toxapex|Scald|p1a: Scizor\n|-damage|p1a: Scizor|36\/100\n|\n|upkeep\n|turn|98\n|\n|t:|1700726327\n|switch|p2a: Corviknight|Corviknight, F, shiny|100\/100\n|-ability|p2a: Corviknight|Pressure\n|move|p1a: Scizor|Close Combat|p2a: Corviknight\n|-damage|p2a: Corviknight|70\/100\n|-unboost|p1a: Scizor|def|1\n|-unboost|p1a: Scizor|spd|1\n|-damage|p1a: Scizor|20\/100|[from] item: Rocky Helmet|[of] p2a: Corviknight\n|\n|upkeep\n|turn|99\n|\n|t:|1700726334\n|move|p1a: Scizor|Roost|p1a: Scizor\n|-heal|p1a: Scizor|70\/100\n|-singleturn|p1a: Scizor|move: Roost\n|move|p2a: Corviknight|Brave Bird|p1a: Scizor\n|-damage|p1a: Scizor|11\/100\n|-damage|p2a: Corviknight|53\/100|[from] Recoil\n|\n|upkeep\n|turn|100\n|\n|t:|1700726339\n|move|p1a: Scizor|Roost|p1a: Scizor\n|-heal|p1a: Scizor|61\/100\n|-singleturn|p1a: Scizor|move: Roost\n|move|p2a: Corviknight|Roost|p2a: Corviknight\n|-heal|p2a: Corviknight|100\/100\n|-singleturn|p2a: Corviknight|move: Roost\n|\n|upkeep\n|turn|101\n|\n|t:|1700726346\n|switch|p1a: Zapdos|Zapdos|60\/100\n|move|p2a: Corviknight|Brave Bird|p1a: Zapdos\n|-resisted|p1a: Zapdos\n|-damage|p1a: Zapdos|46\/100\n|-damage|p2a: Corviknight|96\/100|[from] Recoil\n|\n|upkeep\n|turn|102\n|\n|t:|1700726354\n|switch|p2a: Clodsire|Clodsire, M, shiny|100\/100 par\n|move|p1a: Zapdos|Defog|p2a: Clodsire\n|-unboost|p2a: Clodsire|evasion|1\n|-sideend|p1: mber 30|Stealth Rock|[from] move: Defog|[of] p1a: Zapdos\n|\n|upkeep\n|turn|103\n|\n|t:|1700726363\n|switch|p1a: Scizor|Scizor-Mega, M|61\/100\n|move|p2a: Clodsire|Stealth Rock|p1a: Scizor\n|-sidestart|p1: mber 30|move: Stealth Rock\n|\n|upkeep\n|turn|104\n|\n|t:|1700726369\n|switch|p2a: Corviknight|Corviknight, F, shiny|96\/100\n|-ability|p2a: Corviknight|Pressure\n|move|p1a: Scizor|U-turn|p2a: Corviknight\n|-resisted|p2a: Corviknight\n|-damage|p2a: Corviknight|90\/100\n|-damage|p1a: Scizor|45\/100|[from] item: Rocky Helmet|[of] p2a: Corviknight\n|\n|t:|1700726377\n|switch|p1a: Zapdos|Zapdos|46\/100|[from] U-turn\n|\n|upkeep\n|turn|105\n|\n|t:|1700726380\n|switch|p2a: Clodsire|Clodsire, M, shiny|100\/100 par\n|move|p1a: Zapdos|Defog|p2a: Clodsire\n|-unboost|p2a: Clodsire|evasion|1\n|-sideend|p1: mber 30|Stealth Rock|[from] move: Defog|[of] p1a: Zapdos\n|\n|upkeep\n|turn|106\n|\n|t:|1700726387\n|switch|p1a: Scizor|Scizor-Mega, M|45\/100\n|move|p2a: Clodsire|Stealth Rock|p1a: Scizor\n|-sidestart|p1: mber 30|move: Stealth Rock\n|\n|upkeep\n|turn|107\n|\n|t:|1700726391\n|switch|p2a: Corviknight|Corviknight, F, shiny|90\/100\n|-ability|p2a: Corviknight|Pressure\n|move|p1a: Scizor|Roost|p1a: Scizor\n|-heal|p1a: Scizor|95\/100\n|-singleturn|p1a: Scizor|move: Roost\n|\n|upkeep\n|turn|108\n|c|\u2606mber 30|you don't have a life do you\n|c|\u2606mber 30|fuck this\n|c|\u2606entrenadorsito|Finally\n|inactive|mber 30 has 120 seconds left.\n|c|\u2606mber 30|i have got things to do\n|c|\u2606mber 30|unlike someone here\n|c|\u2606entrenadorsito|Good for you\n|-message|mber 30 forfeited.\n|\n|win|entrenadorsito\n|raw|mber 30's rating: 1335 &rarr; <strong>1317<\/strong><br \/>(-18 for losing)\n|raw|entrenadorsito's rating: 1378 &rarr; <strong>1396<\/strong><br \/>(+18 for winning)\n|l|\u2606mber 30\n","uploadtime":1700726448,"views":15,"p1id":"mber30","p2id":"entrenadorsito","formatid":"gen9nationaldex","rating":1317,"private":0,"password":""}