{"id":"gen9nationaldex-1994480503","p1":"omegaxis97","p2":"az985","format":"[Gen 9] National Dex","log":"|j|\u2606omegaxis97\n|j|\u2606az985\n|t:|1700448847\n|gametype|singles\n|player|p1|omegaxis97|nate|1223\n|player|p2|az985|170|1152\n|teamsize|p1|6\n|teamsize|p2|6\n|gen|9\n|tier|[Gen 9] National Dex\n|rated|\n|rule|HP Percentage Mod: HP is shown in percentages\n|rule|Endless Battle Clause: Forcing endless battles is banned\n|rule|OHKO Clause: OHKO moves are banned\n|rule|Evasion Clause: Evasion abilities, items, and moves are banned\n|rule|Evasion Abilities Clause: Evasion abilities are banned\n|rule|Evasion Items Clause: Evasion items are banned\n|rule|Evasion Moves Clause: Evasion moves are banned\n|rule|Species Clause: Limit one of each Pok\u00e9mon\n|rule|Sleep Clause Mod: Limit one foe put to sleep\n|clearpoke\n|poke|p1|Milotic, F|\n|poke|p1|Gardevoir, F|\n|poke|p1|Lucario, M|\n|poke|p1|Salamence, M|\n|poke|p1|Gallade, M|\n|poke|p1|Serperior, M|\n|poke|p2|Aggron, F|\n|poke|p2|Rillaboom, F|\n|poke|p2|Ogerpon-Wellspring, F|\n|poke|p2|Pelipper, M|\n|poke|p2|Latias, F|\n|poke|p2|Inteleon, F|\n|teampreview\n|\n|t:|1700448856\n|start\n|switch|p1a: Gallade|Gallade, M|100\/100\n|switch|p2a: \u90aa\u6076\u7334\u5b50|Rillaboom, F|100\/100\n|-fieldstart|move: Grassy Terrain|[from] ability: Grassy Surge|[of] p2a: \u90aa\u6076\u7334\u5b50\n|turn|1\n|\n|t:|1700448865\n|move|p1a: Gallade|X-Scissor|p2a: \u90aa\u6076\u7334\u5b50\n|-supereffective|p2a: \u90aa\u6076\u7334\u5b50\n|-damage|p2a: \u90aa\u6076\u7334\u5b50|16\/100\n|move|p2a: \u90aa\u6076\u7334\u5b50|U-turn|p1a: Gallade\n|-damage|p1a: Gallade|56\/100\n|\n|t:|1700448875\n|switch|p2a: \u53ef\u8010\u562d\u562d|Ogerpon-Wellspring, F|100\/100|[from] U-turn\n|\n|-heal|p1a: Gallade|62\/100|[from] Grassy Terrain\n|upkeep\n|turn|2\n|\n|t:|1700448885\n|switch|p1a: Salamence|Salamence, M|100\/100\n|-ability|p1a: Salamence|Intimidate|boost\n|-unboost|p2a: \u53ef\u8010\u562d\u562d|atk|1\n|move|p2a: \u53ef\u8010\u562d\u562d|Power Whip|p1a: Salamence\n|-resisted|p1a: Salamence\n|-damage|p1a: Salamence|80\/100\n|\n|upkeep\n|turn|3\n|\n|t:|1700448900\n|switch|p2a: \u53f9\u606f\u4e4b\u5899|Aggron, F|100\/100\n|move|p1a: Salamence|Fire Fang|p2a: \u53f9\u606f\u4e4b\u5899\n|-damage|p2a: \u53f9\u606f\u4e4b\u5899|87\/100\n|\n|-heal|p2a: \u53f9\u606f\u4e4b\u5899|93\/100|[from] Grassy Terrain\n|upkeep\n|turn|4\n|\n|t:|1700448910\n|switch|p1a: Milotic|Milotic, F|100\/100\n|detailschange|p2a: \u53f9\u606f\u4e4b\u5899|Aggron-Mega, F\n|-mega|p2a: \u53f9\u606f\u4e4b\u5899|Aggron|Aggronite\n|move|p2a: \u53f9\u606f\u4e4b\u5899|Iron Defense|p2a: \u53f9\u606f\u4e4b\u5899\n|-boost|p2a: \u53f9\u606f\u4e4b\u5899|def|2\n|\n|-heal|p2a: \u53f9\u606f\u4e4b\u5899|99\/100|[from] Grassy Terrain\n|upkeep\n|turn|5\n|\n|t:|1700448927\n|move|p1a: Milotic|Haze|p1a: Milotic\n|-clearallboost\n|move|p2a: \u53f9\u606f\u4e4b\u5899|Body Press|p1a: Milotic\n|-damage|p1a: Milotic|54\/100\n|\n|-heal|p1a: Milotic|60\/100|[from] Grassy Terrain\n|-heal|p1a: Milotic|66\/100|[from] item: Leftovers\n|-heal|p2a: \u53f9\u606f\u4e4b\u5899|100\/100|[from] Grassy Terrain\n|-fieldend|move: Grassy Terrain\n|upkeep\n|turn|6\n|\n|t:|1700448949\n|switch|p1a: Salamence|Salamence, M|80\/100\n|-ability|p1a: Salamence|Intimidate|boost\n|-unboost|p2a: \u53f9\u606f\u4e4b\u5899|atk|1\n|move|p2a: \u53f9\u606f\u4e4b\u5899|Body Press|p1a: Salamence\n|-resisted|p1a: Salamence\n|-damage|p1a: Salamence|51\/100\n|\n|upkeep\n|turn|7\n|\n|t:|1700448964\n|move|p1a: Salamence|Earthquake|p2a: \u53f9\u606f\u4e4b\u5899\n|-supereffective|p2a: \u53f9\u606f\u4e4b\u5899\n|-damage|p2a: \u53f9\u606f\u4e4b\u5899|76\/100\n|move|p2a: \u53f9\u606f\u4e4b\u5899|Iron Defense|p2a: \u53f9\u606f\u4e4b\u5899\n|-boost|p2a: \u53f9\u606f\u4e4b\u5899|def|2\n|\n|upkeep\n|turn|8\n|\n|t:|1700448973\n|move|p1a: Salamence|Earthquake|p2a: \u53f9\u606f\u4e4b\u5899\n|-supereffective|p2a: \u53f9\u606f\u4e4b\u5899\n|-damage|p2a: \u53f9\u606f\u4e4b\u5899|65\/100\n|move|p2a: \u53f9\u606f\u4e4b\u5899|Body Press|p1a: Salamence\n|-resisted|p1a: Salamence\n|-damage|p1a: Salamence|0 fnt\n|faint|p1a: Salamence\n|\n|upkeep\n|\n|t:|1700448980\n|switch|p1a: Gallade|Gallade, M|62\/100\n|turn|9\n|\n|t:|1700448989\n|move|p1a: Gallade|Sacred Sword|p2a: \u53f9\u606f\u4e4b\u5899\n|-supereffective|p2a: \u53f9\u606f\u4e4b\u5899\n|-damage|p2a: \u53f9\u606f\u4e4b\u5899|21\/100\n|move|p2a: \u53f9\u606f\u4e4b\u5899|Body Press|p1a: Gallade\n|-resisted|p1a: Gallade\n|-damage|p1a: Gallade|0 fnt\n|faint|p1a: Gallade\n|\n|upkeep\n|\n|t:|1700448996\n|switch|p1a: Lucario|Lucario, M|100\/100\n|turn|10\n|\n|t:|1700449001\n|move|p1a: Lucario|Close Combat|p2a: \u53f9\u606f\u4e4b\u5899\n|-supereffective|p2a: \u53f9\u606f\u4e4b\u5899\n|-damage|p2a: \u53f9\u606f\u4e4b\u5899|3\/100\n|-unboost|p1a: Lucario|def|1\n|-unboost|p1a: Lucario|spd|1\n|move|p2a: \u53f9\u606f\u4e4b\u5899|Body Press|p1a: Lucario\n|-supereffective|p1a: Lucario\n|-damage|p1a: Lucario|0 fnt\n|faint|p1a: Lucario\n|\n|upkeep\n|\n|t:|1700449012\n|switch|p1a: Serperior|Serperior, M|100\/100\n|turn|11\n|\n|t:|1700449015\n|switch|p2a: \u840c\u840c\u59b9\u59b9|Latias, F, shiny|100\/100\n|move|p1a: Serperior|Leaf Storm|p2a: \u840c\u840c\u59b9\u59b9\n|-resisted|p2a: \u840c\u840c\u59b9\u59b9\n|-damage|p2a: \u840c\u840c\u59b9\u59b9|87\/100\n|-boost|p1a: Serperior|spa|2\n|\n|upkeep\n|turn|12\n|\n|t:|1700449025\n|move|p1a: Serperior|Leech Seed|p2a: \u840c\u840c\u59b9\u59b9\n|-start|p2a: \u840c\u840c\u59b9\u59b9|move: Leech Seed\n|move|p2a: \u840c\u840c\u59b9\u59b9|Future Sight|p1a: Serperior\n|-start|p2a: \u840c\u840c\u59b9\u59b9|move: Future Sight\n|\n|-damage|p2a: \u840c\u840c\u59b9\u59b9|75\/100|[from] Leech Seed|[of] p1a: Serperior\n|upkeep\n|turn|13\n|\n|t:|1700449031\n|move|p1a: Serperior|Protect|p1a: Serperior\n|-singleturn|p1a: Serperior|Protect\n|-zpower|p2a: \u840c\u840c\u59b9\u59b9\n|move|p2a: \u840c\u840c\u59b9\u59b9|Shattered Psyche|p1a: Serperior|[zeffect]\n|-zbroken|p1a: Serperior\n|-damage|p1a: Serperior|83\/100\n|\n|-damage|p2a: \u840c\u840c\u59b9\u59b9|63\/100|[from] Leech Seed|[of] p1a: Serperior\n|-heal|p1a: Serperior|95\/100|[silent]\n|upkeep\n|turn|14\n|\n|t:|1700449041\n|move|p1a: Serperior|Leaf Storm|p2a: \u840c\u840c\u59b9\u59b9\n|-resisted|p2a: \u840c\u840c\u59b9\u59b9\n|-damage|p2a: \u840c\u840c\u59b9\u59b9|34\/100\n|-boost|p1a: Serperior|spa|2\n|move|p2a: \u840c\u840c\u59b9\u59b9|Healing Wish|p2a: \u840c\u840c\u59b9\u59b9\n|faint|p2a: \u840c\u840c\u59b9\u59b9\n|\n|-end|p1a: Serperior|move: Future Sight\n|-damage|p1a: Serperior|52\/100\n|upkeep\n|\n|t:|1700449048\n|switch|p2a: Inteleon|Inteleon, F, shiny|100\/100\n|turn|15\n|\n|t:|1700449052\n|move|p2a: Inteleon|Ice Beam|p1a: Serperior\n|-supereffective|p1a: Serperior\n|-damage|p1a: Serperior|0 fnt\n|faint|p1a: Serperior\n|\n|upkeep\n|\n|t:|1700449057\n|switch|p1a: Milotic|Milotic, F|66\/100\n|turn|16\n|\n|t:|1700449063\n|move|p2a: Inteleon|Focus Energy|p2a: Inteleon\n|-start|p2a: Inteleon|move: Focus Energy\n|move|p1a: Milotic|Toxic|p2a: Inteleon\n|-status|p2a: Inteleon|tox\n|\n|-heal|p1a: Milotic|72\/100|[from] item: Leftovers\n|-damage|p2a: Inteleon|94\/100 tox|[from] psn\n|upkeep\n|turn|17\n|\n|t:|1700449073\n|move|p1a: Milotic|Protect|p1a: Milotic\n|-singleturn|p1a: Milotic|Protect\n|move|p2a: Inteleon|Shadow Ball|p1a: Milotic\n|-activate|p1a: Milotic|move: Protect\n|\n|-heal|p1a: Milotic|78\/100|[from] item: Leftovers\n|-damage|p2a: Inteleon|82\/100 tox|[from] psn\n|upkeep\n|turn|18\n|\n|t:|1700449084\n|move|p2a: Inteleon|Shadow Ball|p1a: Milotic\n|-crit|p1a: Milotic\n|-damage|p1a: Milotic|47\/100\n|-unboost|p1a: Milotic|spd|1\n|move|p1a: Milotic|Recover|p1a: Milotic\n|-heal|p1a: Milotic|97\/100\n|\n|-heal|p1a: Milotic|100\/100|[from] item: Leftovers\n|-damage|p2a: Inteleon|64\/100 tox|[from] psn\n|upkeep\n|turn|19\n|\n|t:|1700449094\n|move|p1a: Milotic|Protect|p1a: Milotic\n|-singleturn|p1a: Milotic|Protect\n|move|p2a: Inteleon|Shadow Ball|p1a: Milotic\n|-activate|p1a: Milotic|move: Protect\n|\n|-damage|p2a: Inteleon|40\/100 tox|[from] psn\n|upkeep\n|turn|20\n|\n|t:|1700449101\n|move|p2a: Inteleon|Shadow Ball|p1a: Milotic\n|-crit|p1a: Milotic\n|-damage|p1a: Milotic|49\/100\n|move|p1a: Milotic|Recover|p1a: Milotic\n|-heal|p1a: Milotic|99\/100\n|\n|-heal|p1a: Milotic|100\/100|[from] item: Leftovers\n|-damage|p2a: Inteleon|10\/100 tox|[from] psn\n|upkeep\n|turn|21\n|\n|t:|1700449109\n|move|p1a: Milotic|Protect|p1a: Milotic\n|-singleturn|p1a: Milotic|Protect\n|move|p2a: Inteleon|Shadow Ball|p1a: Milotic\n|-activate|p1a: Milotic|move: Protect\n|\n|-damage|p2a: Inteleon|0 fnt|[from] psn\n|faint|p2a: Inteleon\n|upkeep\n|\n|t:|1700449112\n|switch|p2a: \u53ef\u8010\u562d\u562d|Ogerpon-Wellspring, F|100\/100\n|turn|22\n|\n|t:|1700449120\n|-terastallize|p1a: Milotic|Ghost\n|move|p2a: \u53ef\u8010\u562d\u562d|Power Whip|p1a: Milotic\n|-damage|p1a: Milotic|27\/100\n|move|p1a: Milotic|Toxic|p2a: \u53ef\u8010\u562d\u562d\n|-status|p2a: \u53ef\u8010\u562d\u562d|tox\n|\n|-heal|p1a: Milotic|33\/100|[from] item: Leftovers\n|-damage|p2a: \u53ef\u8010\u562d\u562d|95\/100 tox|[from] psn\n|upkeep\n|turn|23\n|\n|t:|1700449129\n|move|p1a: Milotic|Protect|p1a: Milotic\n|-singleturn|p1a: Milotic|Protect\n|move|p2a: \u53ef\u8010\u562d\u562d|Ivy Cudgel|p1a: Milotic|[anim] Ivy Cudgel Water\n|-activate|p1a: Milotic|move: Protect\n|\n|-heal|p1a: Milotic|40\/100|[from] item: Leftovers\n|-damage|p2a: \u53ef\u8010\u562d\u562d|83\/100 tox|[from] psn\n|upkeep\n|turn|24\n|\n|t:|1700449140\n|switch|p1a: Gardevoir|Gardevoir, F|100\/100\n|-ability|p1a: Gardevoir|Water Absorb|[from] ability: Trace|[of] p2a: \u53ef\u8010\u562d\u562d\n|-terastallize|p2a: \u53ef\u8010\u562d\u562d|Water\n|detailschange|p2a: \u53ef\u8010\u562d\u562d|Ogerpon-Wellspring-Tera, F, tera:Water\n|-ability|p2a: \u53ef\u8010\u562d\u562d|Embody Aspect (Wellspring)|boost\n|-boost|p2a: \u53ef\u8010\u562d\u562d|spd|1\n|move|p2a: \u53ef\u8010\u562d\u562d|Ivy Cudgel|p1a: Gardevoir|[anim] Ivy Cudgel Water\n|-immune|p1a: Gardevoir|[from] ability: Water Absorb\n|\n|-damage|p2a: \u53ef\u8010\u562d\u562d|65\/100 tox|[from] psn\n|upkeep\n|turn|25\n|\n|t:|1700449163\n|detailschange|p1a: Gardevoir|Gardevoir-Mega, F\n|-mega|p1a: Gardevoir|Gardevoir|Gardevoirite\n|move|p2a: \u53ef\u8010\u562d\u562d|Ivy Cudgel|p1a: Gardevoir|[anim] Ivy Cudgel Water\n|-damage|p1a: Gardevoir|0 fnt\n|faint|p1a: Gardevoir\n|\n|-damage|p2a: \u53ef\u8010\u562d\u562d|41\/100 tox|[from] psn\n|upkeep\n|\n|t:|1700449170\n|switch|p1a: Milotic|Milotic, F, tera:Ghost|40\/100\n|turn|26\n|\n|t:|1700449173\n|move|p1a: Milotic|Protect|p1a: Milotic\n|-singleturn|p1a: Milotic|Protect\n|move|p2a: \u53ef\u8010\u562d\u562d|Ivy Cudgel|p1a: Milotic|[anim] Ivy Cudgel Water\n|-activate|p1a: Milotic|move: Protect\n|\n|-heal|p1a: Milotic|46\/100|[from] item: Leftovers\n|-damage|p2a: \u53ef\u8010\u562d\u562d|11\/100 tox|[from] psn\n|upkeep\n|turn|27\n|\n|t:|1700449182\n|switch|p2a: \u53f9\u606f\u4e4b\u5899|Aggron-Mega, F|3\/100\n|-heal|p2a: \u53f9\u606f\u4e4b\u5899|100\/100|[from] move: Healing Wish\n|move|p1a: Milotic|Recover|p1a: Milotic\n|-heal|p1a: Milotic|96\/100\n|\n|-heal|p1a: Milotic|100\/100|[from] item: Leftovers\n|upkeep\n|turn|28\n|-message|omegaxis97 forfeited.\n|\n|win|az985\n|raw|omegaxis97's rating: 1223 &rarr; <strong>1193<\/strong><br \/>(-30 for losing)\n|raw|az985's rating: 1152 &rarr; <strong>1182<\/strong><br \/>(+30 for winning)\n|l|\u2606omegaxis97\n","uploadtime":1700449215,"views":4,"p1id":"omegaxis97","p2id":"az985","formatid":"gen9nationaldex","rating":1182,"private":0,"password":""}