{"id":"gen9nationaldex-1988349959","p1":"taoke","p2":"ND9T2 tutiop","format":"[Gen 9] National Dex","log":"|j|\u2606taoke\n|j|\u2606ND9T2 tutiop\n|t:|1699712389\n|gametype|singles\n|player|p1|taoke|cyclist|1649\n|player|p2|ND9T2 tutiop|ingo|1771\n|teamsize|p1|6\n|teamsize|p2|6\n|gen|9\n|tier|[Gen 9] National Dex\n|rated|\n|rule|HP Percentage Mod: HP is shown in percentages\n|rule|Endless Battle Clause: Forcing endless battles is banned\n|rule|OHKO Clause: OHKO moves are banned\n|rule|Evasion Clause: Evasion abilities, items, and moves are banned\n|rule|Evasion Abilities Clause: Evasion abilities are banned\n|rule|Evasion Items Clause: Evasion items are banned\n|rule|Evasion Moves Clause: Evasion moves are banned\n|rule|Species Clause: Limit one of each Pok\u00e9mon\n|rule|Sleep Clause Mod: Limit one foe put to sleep\n|clearpoke\n|poke|p1|Ting-Lu|\n|poke|p1|Great Tusk|\n|poke|p1|Vaporeon, F|\n|poke|p1|Sylveon, F|\n|poke|p1|Espeon, M|\n|poke|p1|Umbreon, F|\n|poke|p2|Dragonite, M|\n|poke|p2|Ninetales-Alola, F|\n|poke|p2|Iron Treads|\n|poke|p2|Gyarados, F|\n|poke|p2|Jirachi|\n|poke|p2|Ogerpon-Wellspring, F|\n|teampreview\n|\n|t:|1699712414\n|start\n|switch|p1a: Ting-Lu|Ting-Lu|100\/100\n|switch|p2a: Iron Treads|Iron Treads|100\/100\n|-ability|p1a: Ting-Lu|Vessel of Ruin\n|-enditem|p2a: Iron Treads|Booster Energy\n|-activate|p2a: Iron Treads|ability: Quark Drive|[fromitem]\n|-start|p2a: Iron Treads|quarkdrivespe\n|turn|1\n|\n|t:|1699712418\n|move|p2a: Iron Treads|Stealth Rock|p1a: Ting-Lu\n|-sidestart|p1: taoke|move: Stealth Rock\n|move|p1a: Ting-Lu|Earthquake|p2a: Iron Treads\n|-supereffective|p2a: Iron Treads\n|-damage|p2a: Iron Treads|36\/100\n|\n|upkeep\n|turn|2\n|\n|t:|1699712424\n|-end|p2a: Iron Treads|Quark Drive|[silent]\n|switch|p2a: TA13OO|Ogerpon-Wellspring, F|100\/100\n|move|p1a: Ting-Lu|Earthquake|p2a: TA13OO\n|-resisted|p2a: TA13OO\n|-crit|p2a: TA13OO\n|-damage|p2a: TA13OO|66\/100\n|\n|upkeep\n|turn|3\n|\n|t:|1699712430\n|move|p2a: TA13OO|Power Whip|p1a: Ting-Lu\n|-supereffective|p1a: Ting-Lu\n|-damage|p1a: Ting-Lu|30\/100\n|move|p1a: Ting-Lu|Whirlwind|p2a: TA13OO\n|drag|p2a: Iron Treads|Iron Treads|36\/100\n|\n|-heal|p1a: Ting-Lu|37\/100|[from] item: Leftovers\n|upkeep\n|turn|4\n|\n|t:|1699712438\n|move|p2a: Iron Treads|Earthquake|p1a: Ting-Lu\n|-damage|p1a: Ting-Lu|14\/100\n|move|p1a: Ting-Lu|Stealth Rock|p2a: Iron Treads\n|-sidestart|p2: ND9T2 tutiop|move: Stealth Rock\n|\n|-heal|p1a: Ting-Lu|20\/100|[from] item: Leftovers\n|upkeep\n|turn|5\n|\n|t:|1699712442\n|move|p2a: Iron Treads|Rapid Spin|p1a: Ting-Lu\n|-damage|p1a: Ting-Lu|13\/100\n|-boost|p2a: Iron Treads|spe|1\n|-sideend|p2: ND9T2 tutiop|Stealth Rock|[from] move: Rapid Spin|[of] p2a: Iron Treads\n|move|p1a: Ting-Lu|Earthquake|p2a: Iron Treads\n|-supereffective|p2a: Iron Treads\n|-damage|p2a: Iron Treads|0 fnt\n|faint|p2a: Iron Treads\n|-end|p2a: Iron Treads|Quark Drive|[silent]\n|\n|-heal|p1a: Ting-Lu|19\/100|[from] item: Leftovers\n|upkeep\n|\n|t:|1699712444\n|switch|p2a: TA13OO|Ogerpon-Wellspring, F|66\/100\n|turn|6\n|\n|t:|1699712450\n|move|p2a: TA13OO|Ivy Cudgel|p1a: Ting-Lu\n|-supereffective|p1a: Ting-Lu\n|-damage|p1a: Ting-Lu|0 fnt\n|faint|p1a: Ting-Lu\n|\n|upkeep\n|\n|t:|1699712453\n|switch|p1a: Great Tusk|Great Tusk|100\/100\n|-damage|p1a: Great Tusk|97\/100|[from] Stealth Rock\n|turn|7\n|\n|t:|1699712456\n|-terastallize|p1a: Great Tusk|Dragon\n|move|p2a: TA13OO|Power Whip|p1a: Great Tusk|[miss]\n|-miss|p2a: TA13OO|p1a: Great Tusk\n|move|p1a: Great Tusk|Rapid Spin|p2a: TA13OO\n|-damage|p2a: TA13OO|39\/100\n|-boost|p1a: Great Tusk|spe|1\n|-sideend|p1: taoke|Stealth Rock|[from] move: Rapid Spin|[of] p1a: Great Tusk\n|\n|-heal|p1a: Great Tusk|100\/100|[from] item: Leftovers\n|upkeep\n|turn|8\n|inactive|Battle timer is ON: inactive players will automatically lose when time's up. (requested by ND9T2 tutiop)\n|\n|t:|1699712465\n|switch|p2a: Ninetales|Ninetales-Alola, F|100\/100\n|-weather|Snow|[from] ability: Snow Warning|[of] p2a: Ninetales\n|move|p1a: Great Tusk|Close Combat|p2a: Ninetales\n|-damage|p2a: Ninetales|48\/100\n|-unboost|p1a: Great Tusk|def|1\n|-unboost|p1a: Great Tusk|spd|1\n|\n|-weather|Snow|[upkeep]\n|upkeep\n|turn|9\n|\n|t:|1699712476\n|switch|p2a: Gyarados|Gyarados, F|100\/100\n|-ability|p2a: Gyarados|Intimidate|boost\n|-unboost|p1a: Great Tusk|atk|1\n|move|p1a: Great Tusk|Close Combat|p2a: Gyarados\n|-resisted|p2a: Gyarados\n|-damage|p2a: Gyarados|71\/100\n|-unboost|p1a: Great Tusk|def|1\n|-unboost|p1a: Great Tusk|spd|1\n|\n|-weather|Snow|[upkeep]\n|upkeep\n|turn|10\n|\n|t:|1699712485\n|-end|p1a: Great Tusk|Protosynthesis|[silent]\n|switch|p1a: Vaporeon|Vaporeon, F|100\/100\n|move|p2a: Gyarados|Dragon Dance|p2a: Gyarados\n|-boost|p2a: Gyarados|atk|1\n|-boost|p2a: Gyarados|spe|1\n|\n|-weather|Snow|[upkeep]\n|upkeep\n|turn|11\n|\n|t:|1699712490\n|move|p2a: Gyarados|Substitute|p2a: Gyarados\n|-start|p2a: Gyarados|Substitute\n|-damage|p2a: Gyarados|47\/100\n|move|p1a: Vaporeon|Scald|p2a: Gyarados\n|-resisted|p2a: Gyarados\n|-activate|p2a: Gyarados|move: Substitute|[damage]\n|\n|-weather|Snow|[upkeep]\n|upkeep\n|turn|12\n|\n|t:|1699712497\n|detailschange|p2a: Gyarados|Gyarados-Mega, F\n|-mega|p2a: Gyarados|Gyarados|Gyaradosite\n|-ability|p2a: Gyarados|Mold Breaker\n|move|p2a: Gyarados|Dragon Dance|p2a: Gyarados\n|-boost|p2a: Gyarados|atk|1\n|-boost|p2a: Gyarados|spe|1\n|move|p1a: Vaporeon|Haze|p1a: Vaporeon\n|-clearallboost\n|\n|-weather|none\n|upkeep\n|turn|13\n|\n|t:|1699712506\n|move|p2a: Gyarados|Dragon Dance|p2a: Gyarados\n|-boost|p2a: Gyarados|atk|1\n|-boost|p2a: Gyarados|spe|1\n|move|p1a: Vaporeon|Wish|p1a: Vaporeon\n|\n|upkeep\n|turn|14\n|\n|t:|1699712509\n|move|p2a: Gyarados|Crunch|p1a: Vaporeon\n|-damage|p1a: Vaporeon|45\/100\n|-unboost|p1a: Vaporeon|def|1\n|move|p1a: Vaporeon|Haze|p1a: Vaporeon\n|-clearallboost\n|\n|-heal|p1a: Vaporeon|95\/100|[from] move: Wish|[wisher] Vaporeon\n|-heal|p1a: Vaporeon|100\/100|[from] item: Leftovers\n|upkeep\n|turn|15\n|\n|t:|1699712518\n|switch|p1a: Sylveon|Sylveon, F|100\/100\n|move|p2a: Gyarados|Dragon Dance|p2a: Gyarados\n|-boost|p2a: Gyarados|atk|1\n|-boost|p2a: Gyarados|spe|1\n|\n|upkeep\n|turn|16\n|\n|t:|1699712523\n|move|p2a: Gyarados|Earthquake|p1a: Sylveon\n|-damage|p1a: Sylveon|54\/100\n|move|p1a: Sylveon|Hyper Voice|p2a: Gyarados\n|-supereffective|p2a: Gyarados\n|-damage|p2a: Gyarados|0 fnt\n|faint|p2a: Gyarados\n|\n|-heal|p1a: Sylveon|60\/100|[from] item: Leftovers\n|upkeep\n|\n|t:|1699712527\n|switch|p2a: TA13OO|Ogerpon-Wellspring, F|39\/100\n|turn|17\n|\n|t:|1699712532\n|switch|p1a: Great Tusk|Great Tusk, tera:Dragon|100\/100\n|move|p2a: TA13OO|Knock Off|p1a: Great Tusk\n|-damage|p1a: Great Tusk|75\/100\n|-enditem|p1a: Great Tusk|Leftovers|[from] move: Knock Off|[of] p2a: TA13OO\n|\n|upkeep\n|turn|18\n|\n|t:|1699712542\n|switch|p2a: Ninetales|Ninetales-Alola, F|48\/100\n|-weather|Snow|[from] ability: Snow Warning|[of] p2a: Ninetales\n|move|p1a: Great Tusk|Rapid Spin|p2a: Ninetales\n|-damage|p2a: Ninetales|31\/100\n|-boost|p1a: Great Tusk|spe|1\n|\n|-weather|Snow|[upkeep]\n|upkeep\n|turn|19\n|\n|t:|1699712552\n|move|p1a: Great Tusk|Headlong Rush|p2a: Ninetales\n|-damage|p2a: Ninetales|0 fnt\n|-unboost|p1a: Great Tusk|def|1\n|-unboost|p1a: Great Tusk|spd|1\n|faint|p2a: Ninetales\n|\n|-weather|Snow|[upkeep]\n|upkeep\n|\n|t:|1699712554\n|switch|p2a: Dragonite|Dragonite, M|100\/100\n|turn|20\n|\n|t:|1699712559\n|-end|p1a: Great Tusk|Protosynthesis|[silent]\n|switch|p1a: Umbreon|Umbreon, F|100\/100\n|move|p2a: Dragonite|Ice Spinner|p1a: Umbreon\n|-damage|p1a: Umbreon|84\/100\n|\n|-weather|Snow|[upkeep]\n|-heal|p1a: Umbreon|90\/100|[from] item: Leftovers\n|upkeep\n|turn|21\n|\n|t:|1699712565\n|move|p2a: Dragonite|Dragon Dance|p2a: Dragonite\n|-boost|p2a: Dragonite|atk|1\n|-boost|p2a: Dragonite|spe|1\n|move|p1a: Umbreon|Toxic|p2a: Dragonite\n|-status|p2a: Dragonite|tox\n|-enditem|p2a: Dragonite|Lum Berry|[eat]\n|-curestatus|p2a: Dragonite|tox|[msg]\n|\n|-weather|Snow|[upkeep]\n|-heal|p1a: Umbreon|96\/100|[from] item: Leftovers\n|upkeep\n|turn|22\n|\n|t:|1699712572\n|move|p2a: Dragonite|Dragon Dance|p2a: Dragonite\n|-boost|p2a: Dragonite|atk|1\n|-boost|p2a: Dragonite|spe|1\n|move|p1a: Umbreon|Toxic|p2a: Dragonite\n|-status|p2a: Dragonite|tox\n|\n|-weather|none\n|-heal|p1a: Umbreon|100\/100|[from] item: Leftovers\n|-damage|p2a: Dragonite|94\/100 tox|[from] psn\n|upkeep\n|turn|23\n|\n|t:|1699712577\n|move|p2a: Dragonite|Extreme Speed|p1a: Umbreon\n|-damage|p1a: Umbreon|69\/100\n|move|p1a: Umbreon|Foul Play|p2a: Dragonite\n|-damage|p2a: Dragonite|0 fnt\n|faint|p2a: Dragonite\n|\n|-heal|p1a: Umbreon|75\/100|[from] item: Leftovers\n|upkeep\n|\n|t:|1699712581\n|switch|p2a: TA13OO|Ogerpon-Wellspring, F|39\/100\n|turn|24\n|\n|t:|1699712584\n|-terastallize|p2a: TA13OO|Water\n|detailschange|p2a: TA13OO|Ogerpon-Wellspring-Tera, F, tera:Water\n|-ability|p2a: TA13OO|Embody Aspect (Wellspring)|boost\n|-boost|p2a: TA13OO|spd|1\n|move|p2a: TA13OO|Ivy Cudgel|p1a: Umbreon\n|-damage|p1a: Umbreon|29\/100\n|move|p1a: Umbreon|Foul Play|p2a: TA13OO\n|-damage|p2a: TA13OO|0 fnt\n|faint|p2a: TA13OO\n|\n|-heal|p1a: Umbreon|35\/100|[from] item: Leftovers\n|upkeep\n|\n|t:|1699712587\n|switch|p2a: Jirachi|Jirachi, shiny|100\/100\n|turn|25\n|\n|t:|1699712594\n|switch|p1a: Vaporeon|Vaporeon, F|100\/100\n|-zpower|p2a: Jirachi\n|move|p2a: Jirachi|Z-Happy Hour|p2a: Jirachi|[anim]Happy Hour\n|-boost|p2a: Jirachi|atk|1|[zeffect]\n|-boost|p2a: Jirachi|def|1|[zeffect]\n|-boost|p2a: Jirachi|spa|1|[zeffect]\n|-boost|p2a: Jirachi|spd|1|[zeffect]\n|-boost|p2a: Jirachi|spe|1|[zeffect]\n|\n|upkeep\n|turn|26\n|j| Tguutt\n|\n|t:|1699712602\n|move|p2a: Jirachi|Stored Power|p1a: Vaporeon\n|-damage|p1a: Vaporeon|44\/100\n|move|p1a: Vaporeon|Haze|p1a: Vaporeon\n|-clearallboost\n|\n|-heal|p1a: Vaporeon|50\/100|[from] item: Leftovers\n|upkeep\n|turn|27\n|\n|t:|1699712608\n|move|p2a: Jirachi|Charge Beam|p1a: Vaporeon\n|-supereffective|p1a: Vaporeon\n|-damage|p1a: Vaporeon|29\/100\n|-boost|p2a: Jirachi|spa|1\n|move|p1a: Vaporeon|Wish|p1a: Vaporeon\n|\n|-heal|p1a: Vaporeon|35\/100|[from] item: Leftovers\n|upkeep\n|turn|28\n|\n|t:|1699712615\n|move|p1a: Vaporeon|Protect|p1a: Vaporeon\n|-singleturn|p1a: Vaporeon|Protect\n|move|p2a: Jirachi|Charge Beam|p1a: Vaporeon\n|-activate|p1a: Vaporeon|move: Protect\n|\n|-heal|p1a: Vaporeon|85\/100|[from] move: Wish|[wisher] Vaporeon\n|-heal|p1a: Vaporeon|91\/100|[from] item: Leftovers\n|upkeep\n|turn|29\n|\n|t:|1699712627\n|move|p2a: Jirachi|Charge Beam|p1a: Vaporeon\n|-supereffective|p1a: Vaporeon\n|-damage|p1a: Vaporeon|55\/100\n|-boost|p2a: Jirachi|spa|1\n|move|p1a: Vaporeon|Haze|p1a: Vaporeon\n|-clearallboost\n|\n|-heal|p1a: Vaporeon|61\/100|[from] item: Leftovers\n|upkeep\n|turn|30\n|inactive|ND9T2 tutiop has 120 seconds left.\n|\n|t:|1699712677\n|move|p2a: Jirachi|Charge Beam|p1a: Vaporeon\n|-supereffective|p1a: Vaporeon\n|-damage|p1a: Vaporeon|38\/100\n|-boost|p2a: Jirachi|spa|1\n|move|p1a: Vaporeon|Wish|p1a: Vaporeon\n|\n|-heal|p1a: Vaporeon|44\/100|[from] item: Leftovers\n|upkeep\n|turn|31\n|\n|t:|1699712683\n|move|p1a: Vaporeon|Protect|p1a: Vaporeon\n|-singleturn|p1a: Vaporeon|Protect\n|move|p2a: Jirachi|Charge Beam|p1a: Vaporeon\n|-activate|p1a: Vaporeon|move: Protect\n|\n|-heal|p1a: Vaporeon|94\/100|[from] move: Wish|[wisher] Vaporeon\n|-heal|p1a: Vaporeon|100\/100|[from] item: Leftovers\n|upkeep\n|turn|32\n|-message|ND9T2 tutiop forfeited.\n|\n|win|taoke\n|raw|taoke's rating: 1649 &rarr; <strong>1676<\/strong><br \/>(+27 for winning)\n|raw|ND9T2 tutiop's rating: 1771 &rarr; <strong>1744<\/strong><br \/>(-27 for losing)\n|l|\u2606ND9T2 tutiop\n","uploadtime":1699712723,"views":24,"p1id":"taoke","p2id":"nd9t2tutiop","formatid":"gen9nationaldex","rating":1676,"private":0,"password":""}