{"id":"gen9nationaldex-1999992824","p1":"opop777","p2":"mtyqjltz6","format":"[Gen 9] National Dex","log":"|html|<div class=\"broadcast-blue\"><strong>[Gen 9] National Dex is currently suspecting Sneasler! For information on how to participate check out the <a href=\"https:\/\/www.smogon.com\/forums\/threads\/sv-national-dex-suspect-8-just-dance.3731534\/\">suspect thread<\/a>.<\/strong><\/div>\n|j|\u2606opop777\n|j|\u2606mtyqjltz6\n|t:|1701138686\n|gametype|singles\n|player|p1|opop777|pokemaniac|1425\n|player|p2|mtyqjltz6|elesa|1441\n|teamsize|p1|6\n|teamsize|p2|6\n|gen|9\n|tier|[Gen 9] National Dex\n|rated|\n|rule|HP Percentage Mod: HP is shown in percentages\n|rule|Endless Battle Clause: Forcing endless battles is banned\n|rule|OHKO Clause: OHKO moves are banned\n|rule|Evasion Clause: Evasion abilities, items, and moves are banned\n|rule|Evasion Abilities Clause: Evasion abilities are banned\n|rule|Evasion Items Clause: Evasion items are banned\n|rule|Evasion Moves Clause: Evasion moves are banned\n|rule|Species Clause: Limit one of each Pok\u00e9mon\n|rule|Sleep Clause Mod: Limit one foe put to sleep\n|clearpoke\n|poke|p1|Crawdaunt, F|\n|poke|p1|Hatterene, F|\n|poke|p1|Ursaluna, M|\n|poke|p1|Cresselia, F|\n|poke|p1|Mawile, F|\n|poke|p1|Porygon2|\n|poke|p2|Raticate, M|\n|poke|p2|Rillaboom, M|\n|poke|p2|Slowking-Galar, M|\n|poke|p2|Moltres|\n|poke|p2|Aggron, M|\n|poke|p2|Thundurus-Therian, M|\n|teampreview\n|inactive|Battle timer is ON: inactive players will automatically lose when time's up. (requested by opop777)\n|\n|t:|1701138695\n|start\n|switch|p1a: Hatterene|Hatterene, F, shiny|100\/100\n|switch|p2a: Aggron|Aggron, M, shiny|100\/100\n|turn|1\n|\n|t:|1701138697\n|detailschange|p2a: Aggron|Aggron-Mega, M, shiny\n|-mega|p2a: Aggron|Aggron|Aggronite\n|move|p2a: Aggron|Heavy Slam|p1a: Hatterene\n|-supereffective|p1a: Hatterene\n|-enditem|p1a: Hatterene|Focus Sash\n|-damage|p1a: Hatterene|1\/100\n|move|p1a: Hatterene|Trick Room|p1a: Hatterene\n|-fieldstart|move: Trick Room|[of] p1a: Hatterene\n|\n|upkeep\n|turn|2\n|\n|t:|1701138710\n|move|p1a: Hatterene|Misty Explosion|p2a: Aggron\n|-resisted|p2a: Aggron\n|-damage|p2a: Aggron|74\/100\n|faint|p1a: Hatterene\n|move|p2a: Aggron|Stealth Rock|p1: Hatterene\n|-sidestart|p1: opop777|move: Stealth Rock\n|\n|upkeep\n|\n|t:|1701138716\n|switch|p1a: Crawdaunt|Crawdaunt, F, shiny|100\/100\n|-damage|p1a: Crawdaunt|88\/100|[from] Stealth Rock\n|turn|3\n|\n|t:|1701138721\n|-terastallize|p1a: Crawdaunt|Water\n|move|p1a: Crawdaunt|Crabhammer|p2a: Aggron\n|-damage|p2a: Aggron|16\/100\n|move|p2a: Aggron|Body Press|p1a: Crawdaunt\n|-damage|p1a: Crawdaunt|46\/100\n|\n|upkeep\n|turn|4\n|inactive|mtyqjltz6 has 120 seconds left.\n|\n|t:|1701138751\n|move|p1a: Crawdaunt|Crabhammer|p2a: Aggron\n|-damage|p2a: Aggron|0 fnt\n|faint|p2a: Aggron\n|\n|upkeep\n|\n|t:|1701138754\n|switch|p2a: Rillaboom|Rillaboom, M|100\/100\n|-fieldstart|move: Grassy Terrain|[from] ability: Grassy Surge|[of] p2a: Rillaboom\n|turn|5\n|\n|t:|1701138759\n|switch|p1a: Mawile|Mawile, F|100\/100\n|-damage|p1a: Mawile|95\/100|[from] Stealth Rock\n|-ability|p1a: Mawile|Intimidate|boost\n|-unboost|p2a: Rillaboom|atk|1\n|move|p2a: Rillaboom|Grassy Glide|p1a: Mawile\n|-resisted|p1a: Mawile\n|-damage|p1a: Mawile|67\/100\n|\n|-heal|p1a: Mawile|72\/100|[from] Grassy Terrain\n|-fieldend|move: Trick Room\n|upkeep\n|turn|6\n|\n|t:|1701138768\n|switch|p2a: Moltres|Moltres|100\/100\n|switch|p1a: Cresselia|Cresselia, F, shiny|100\/100\n|-damage|p1a: Cresselia|88\/100|[from] Stealth Rock\n|\n|-heal|p1a: Cresselia|94\/100|[from] item: Leftovers\n|upkeep\n|turn|7\n|\n|t:|1701138774\n|move|p2a: Moltres|U-turn|p1a: Cresselia\n|-supereffective|p1a: Cresselia\n|-damage|p1a: Cresselia|73\/100\n|\n|t:|1701138781\n|switch|p2a: Raticate|Raticate, M|100\/100|[from] U-turn\n|move|p1a: Cresselia|Trick Room|p1a: Cresselia\n|-fieldstart|move: Trick Room|[of] p1a: Cresselia\n|\n|-heal|p1a: Cresselia|79\/100|[from] item: Leftovers\n|-status|p2a: Raticate|brn|[from] item: Flame Orb\n|upkeep\n|turn|8\n|inactive|mtyqjltz6 has 120 seconds left.\n|\n|t:|1701138820\n|switch|p2a: Slowking|Slowking-Galar, M, shiny|100\/100\n|move|p1a: Cresselia|Psychic|p2a: Slowking\n|-damage|p2a: Slowking|81\/100\n|\n|-heal|p2a: Slowking|87\/100|[from] Grassy Terrain\n|-heal|p1a: Cresselia|85\/100|[from] item: Leftovers\n|upkeep\n|turn|9\n|inactive|mtyqjltz6 has 120 seconds left.\n|\n|t:|1701138827\n|switch|p1a: Ursaluna|Ursaluna, M, shiny|100\/100\n|-damage|p1a: Ursaluna|94\/100|[from] Stealth Rock\n|move|p2a: Slowking|Future Sight|p1a: Ursaluna\n|-start|p2a: Slowking|move: Future Sight\n|\n|-heal|p2a: Slowking|93\/100|[from] Grassy Terrain\n|-heal|p1a: Ursaluna|100\/100|[from] Grassy Terrain\n|-fieldend|move: Grassy Terrain\n|-status|p1a: Ursaluna|brn|[from] item: Flame Orb\n|upkeep\n|turn|10\n|inactive|mtyqjltz6 has 120 seconds left.\n|\n|t:|1701138840\n|switch|p2a: Moltres|Moltres|100\/100\n|move|p1a: Ursaluna|Facade|p2a: Moltres\n|-damage|p2a: Moltres|6\/100\n|\n|-damage|p1a: Ursaluna|94\/100 brn|[from] brn\n|upkeep\n|turn|11\n|\n|t:|1701138849\n|move|p1a: Ursaluna|Facade|p2a: Moltres\n|-damage|p2a: Moltres|0 fnt\n|faint|p2a: Moltres\n|\n|-end|p1a: Ursaluna|move: Future Sight\n|-damage|p1a: Ursaluna|58\/100 brn\n|-damage|p1a: Ursaluna|51\/100 brn|[from] brn\n|-fieldend|move: Trick Room\n|upkeep\n|\n|t:|1701138857\n|switch|p2a: Rillaboom|Rillaboom, M|100\/100\n|-fieldstart|move: Grassy Terrain|[from] ability: Grassy Surge|[of] p2a: Rillaboom\n|turn|12\n|\n|t:|1701138864\n|switch|p1a: Mawile|Mawile, F|72\/100\n|-damage|p1a: Mawile|67\/100|[from] Stealth Rock\n|-ability|p1a: Mawile|Intimidate|boost\n|-unboost|p2a: Rillaboom|atk|1\n|-terastallize|p2a: Rillaboom|Grass\n|move|p2a: Rillaboom|Grassy Glide|p1a: Mawile\n|-resisted|p1a: Mawile\n|-damage|p1a: Mawile|30\/100\n|\n|-heal|p1a: Mawile|36\/100|[from] Grassy Terrain\n|upkeep\n|turn|13\n|\n|t:|1701138871\n|detailschange|p1a: Mawile|Mawile-Mega, F\n|-mega|p1a: Mawile|Mawile|Mawilite\n|move|p2a: Rillaboom|Grassy Glide|p1a: Mawile\n|-resisted|p1a: Mawile\n|-damage|p1a: Mawile|12\/100\n|move|p1a: Mawile|Swords Dance|p1a: Mawile\n|-boost|p1a: Mawile|atk|2\n|\n|-heal|p1a: Mawile|18\/100|[from] Grassy Terrain\n|upkeep\n|turn|14\n|\n|t:|1701138895\n|move|p2a: Rillaboom|Grassy Glide|p1a: Mawile\n|-resisted|p1a: Mawile\n|-damage|p1a: Mawile|0 fnt\n|faint|p1a: Mawile\n|\n|upkeep\n|\n|t:|1701138902\n|switch|p1a: Cresselia|Cresselia, F, shiny|85\/100\n|-damage|p1a: Cresselia|72\/100|[from] Stealth Rock\n|turn|15\n|\n|t:|1701138905\n|switch|p2a: Slowking|Slowking-Galar, M, shiny|100\/100\n|move|p1a: Cresselia|Trick Room|p1a: Cresselia\n|-fieldstart|move: Trick Room|[of] p1a: Cresselia\n|\n|-heal|p1a: Cresselia|78\/100|[from] item: Leftovers\n|upkeep\n|turn|16\n|\n|t:|1701138923\n|switch|p1a: Crawdaunt|Crawdaunt, F, shiny, tera:Water|46\/100\n|-damage|p1a: Crawdaunt|33\/100|[from] Stealth Rock\n|move|p2a: Slowking|Future Sight|p1a: Crawdaunt\n|-start|p2a: Slowking|move: Future Sight\n|\n|-heal|p1a: Crawdaunt|39\/100|[from] Grassy Terrain\n|-fieldend|move: Grassy Terrain\n|upkeep\n|turn|17\n|inactive|mtyqjltz6 has 120 seconds left.\n|l|\u2606opop777\n|inactive|opop777 disconnected and has a minute to reconnect!\n|player|p1|\n|\n|t:|1701138955\n|switch|p2a: Raticate|Raticate, M|100\/100 brn\n|move|p1a: Crawdaunt|Knock Off|p2a: Raticate\n|-damage|p2a: Raticate|0 fnt\n|-enditem|p2a: Raticate|Flame Orb|[from] move: Knock Off|[of] p1a: Crawdaunt\n|faint|p2a: Raticate\n|\n|upkeep\n|\n|t:|1701138961\n|switch|p2a: Rillaboom|Rillaboom, M, tera:Grass|100\/100\n|-fieldstart|move: Grassy Terrain|[from] ability: Grassy Surge|[of] p2a: Rillaboom\n|turn|18\n|inactive|opop777 has 30 seconds to reconnect!\n|inactive|opop777 has 20 seconds to reconnect!\n|inactive|opop777 has 15 seconds to reconnect!\n|inactive|opop777 has 10 seconds to reconnect!\n|inactive|opop777 has 5 seconds to reconnect!\n|-message|opop777 lost due to inactivity.\n|\n|win|mtyqjltz6\n|raw|opop777's rating: 1425 &rarr; <strong>1406<\/strong><br \/>(-19 for losing)\n|raw|mtyqjltz6's rating: 1441 &rarr; <strong>1460<\/strong><br \/>(+19 for winning)\n","uploadtime":1701139040,"views":3,"p1id":"opop777","p2id":"mtyqjltz6","formatid":"gen9nationaldex","rating":1406,"private":0,"password":""}