{"id":"gen9nationaldex-1995990989","p1":"KingoftheTitans","p2":"AyyyJ","format":"[Gen 9] National Dex","log":"|html|<div class=\"broadcast-blue\"><strong>[Gen 9] National Dex is currently suspecting Sneasler! For information on how to participate check out the <a href=\"https:\/\/www.smogon.com\/forums\/threads\/sv-national-dex-suspect-8-just-dance.3731534\/\">suspect thread<\/a>.<\/strong><\/div>\n|j|\u2606KingoftheTitans\n|j|\u2606AyyyJ\n|t:|1700626217\n|gametype|singles\n|player|p1|KingoftheTitans|169|1199\n|player|p2|AyyyJ|ethan|1262\n|teamsize|p1|6\n|teamsize|p2|6\n|gen|9\n|tier|[Gen 9] National Dex\n|rated|\n|rule|HP Percentage Mod: HP is shown in percentages\n|rule|Endless Battle Clause: Forcing endless battles is banned\n|rule|OHKO Clause: OHKO moves are banned\n|rule|Evasion Clause: Evasion abilities, items, and moves are banned\n|rule|Evasion Abilities Clause: Evasion abilities are banned\n|rule|Evasion Items Clause: Evasion items are banned\n|rule|Evasion Moves Clause: Evasion moves are banned\n|rule|Species Clause: Limit one of each Pok\u00e9mon\n|rule|Sleep Clause Mod: Limit one foe put to sleep\n|clearpoke\n|poke|p1|Samurott-Hisui, M|\n|poke|p1|Charizard, M|\n|poke|p1|Abomasnow, M|\n|poke|p1|Arctovish|\n|poke|p1|Exploud, M|\n|poke|p1|Excadrill, M|\n|poke|p2|Pelipper, F|\n|poke|p2|Ferrothorn, M|\n|poke|p2|Swampert, M|\n|poke|p2|Zapdos|\n|poke|p2|Urshifu-*, M|\n|poke|p2|Tapu Lele|\n|teampreview\n|\n|t:|1700626254\n|start\n|switch|p1a: Samurott|Samurott-Hisui, M|100\/100\n|switch|p2a: Urshifu|Urshifu-Rapid-Strike, M|100\/100\n|turn|1\n|\n|t:|1700626273\n|switch|p1a: Exploud|Exploud, M|100\/100\n|move|p2a: Urshifu|Close Combat|p1a: Exploud\n|-supereffective|p1a: Exploud\n|-damage|p1a: Exploud|0 fnt\n|-unboost|p2a: Urshifu|def|1\n|-unboost|p2a: Urshifu|spd|1\n|faint|p1a: Exploud\n|\n|upkeep\n|\n|t:|1700626281\n|switch|p1a: Charizard|Charizard, M|100\/100\n|turn|2\n|\n|t:|1700626371\n|switch|p2a: Pelipper|Pelipper, F|100\/100\n|-weather|RainDance|[from] ability: Drizzle|[of] p2a: Pelipper\n|move|p1a: Charizard|Substitute|p1a: Charizard\n|-start|p1a: Charizard|Substitute\n|-damage|p1a: Charizard|75\/100\n|\n|-weather|RainDance|[upkeep]\n|upkeep\n|turn|3\n|\n|t:|1700626383\n|move|p1a: Charizard|Belly Drum|p1a: Charizard\n|-damage|p1a: Charizard|25\/100\n|-setboost|p1a: Charizard|atk|6|[from] move: Belly Drum\n|-enditem|p1a: Charizard|Salac Berry|[eat]\n|-boost|p1a: Charizard|spe|1|[from] item: Salac Berry\n|move|p2a: Pelipper|U-turn|p1a: Charizard\n|-resisted|p1a: Charizard\n|-activate|p1a: Charizard|move: Substitute|[damage]\n|\n|t:|1700626404\n|switch|p2a: Swampert|Swampert, M|100\/100|[from] U-turn\n|\n|-weather|RainDance|[upkeep]\n|upkeep\n|turn|4\n|\n|t:|1700626431\n|detailschange|p2a: Swampert|Swampert-Mega, M\n|-mega|p2a: Swampert|Swampert|Swampertite\n|move|p1a: Charizard|Acrobatics|p2a: Swampert\n|-damage|p2a: Swampert|0 fnt\n|faint|p2a: Swampert\n|\n|-weather|RainDance|[upkeep]\n|upkeep\n|\n|t:|1700626439\n|switch|p2a: Ferrothorn|Ferrothorn, M|100\/100\n|turn|5\n|\n|t:|1700626446\n|move|p1a: Charizard|Fire Punch|p2a: Ferrothorn\n|-supereffective|p2a: Ferrothorn\n|-damage|p2a: Ferrothorn|0 fnt\n|-damage|p1a: Charizard|13\/100|[from] ability: Iron Barbs|[of] p2a: Ferrothorn\n|-damage|p1a: Charizard|0 fnt|[from] item: Rocky Helmet|[of] p2a: Ferrothorn\n|faint|p2a: Ferrothorn\n|faint|p1a: Charizard\n|\n|-weather|RainDance|[upkeep]\n|upkeep\n|\n|t:|1700626459\n|switch|p1a: Excadrill|Excadrill, M|100\/100\n|switch|p2a: Urshifu|Urshifu-Rapid-Strike, M|100\/100\n|-ability|p1a: Excadrill|Mold Breaker\n|turn|6\n|\n|t:|1700626479\n|switch|p1a: Abomasnow|Abomasnow, M|100\/100\n|-weather|Snow|[from] ability: Snow Warning|[of] p1a: Abomasnow\n|move|p2a: Urshifu|Surging Strikes|p1a: Abomasnow\n|-resisted|p1a: Abomasnow\n|-crit|p1a: Abomasnow\n|-damage|p1a: Abomasnow|92\/100\n|-resisted|p1a: Abomasnow\n|-crit|p1a: Abomasnow\n|-damage|p1a: Abomasnow|83\/100\n|-resisted|p1a: Abomasnow\n|-crit|p1a: Abomasnow\n|-damage|p1a: Abomasnow|75\/100\n|-hitcount|p1a: Abomasnow|3\n|\n|-weather|Snow|[upkeep]\n|upkeep\n|turn|7\n|\n|t:|1700626492\n|detailschange|p1a: Abomasnow|Abomasnow-Mega, M\n|-mega|p1a: Abomasnow|Abomasnow|Abomasite\n|move|p2a: Urshifu|Close Combat|p1a: Abomasnow\n|-supereffective|p1a: Abomasnow\n|-damage|p1a: Abomasnow|7\/100\n|-unboost|p2a: Urshifu|def|1\n|-unboost|p2a: Urshifu|spd|1\n|move|p1a: Abomasnow|Giga Drain|p2a: Urshifu\n|-supereffective|p2a: Urshifu\n|-damage|p2a: Urshifu|0 fnt\n|-heal|p1a: Abomasnow|52\/100|[from] drain|[of] p2a: Urshifu\n|faint|p2a: Urshifu\n|\n|-weather|Snow|[upkeep]\n|upkeep\n|\n|t:|1700626509\n|switch|p2a: Pelipper|Pelipper, F|100\/100\n|-weather|RainDance|[from] ability: Drizzle|[of] p2a: Pelipper\n|turn|8\n|\n|t:|1700626514\n|move|p2a: Pelipper|Hurricane|p1a: Abomasnow\n|-supereffective|p1a: Abomasnow\n|-damage|p1a: Abomasnow|0 fnt\n|faint|p1a: Abomasnow\n|\n|-weather|RainDance|[upkeep]\n|upkeep\n|\n|t:|1700626520\n|switch|p1a: Samurott|Samurott-Hisui, M|100\/100\n|turn|9\n|\n|t:|1700626528\n|move|p1a: Samurott|Aqua Cutter|p2a: Pelipper\n|-resisted|p2a: Pelipper\n|-damage|p2a: Pelipper|68\/100\n|-damage|p1a: Samurott|91\/100|[from] item: Life Orb\n|move|p2a: Pelipper|U-turn|p1a: Samurott\n|-supereffective|p1a: Samurott\n|-damage|p1a: Samurott|69\/100\n|\n|t:|1700626535\n|switch|p2a: Zapdos|Zapdos|100\/100|[from] U-turn\n|\n|-weather|RainDance|[upkeep]\n|upkeep\n|turn|10\n|\n|t:|1700626546\n|-terastallize|p1a: Samurott|Fighting\n|move|p1a: Samurott|Aqua Cutter|p2a: Zapdos\n|-crit|p2a: Zapdos\n|-damage|p2a: Zapdos|0 fnt\n|faint|p2a: Zapdos\n|-damage|p1a: Samurott|59\/100|[from] item: Life Orb\n|\n|-weather|RainDance|[upkeep]\n|upkeep\n|\n|t:|1700626555\n|switch|p2a: Tapu Lele|Tapu Lele|100\/100\n|-fieldstart|move: Psychic Terrain|[from] ability: Psychic Surge|[of] p2a: Tapu Lele\n|turn|11\n|\n|t:|1700626573\n|move|p2a: Tapu Lele|Psychic|p1a: Samurott\n|-supereffective|p1a: Samurott\n|-damage|p1a: Samurott|0 fnt\n|faint|p1a: Samurott\n|\n|-weather|RainDance|[upkeep]\n|upkeep\n|\n|t:|1700626579\n|switch|p1a: Excadrill|Excadrill, M|100\/100\n|-ability|p1a: Excadrill|Mold Breaker\n|turn|12\n|\n|t:|1700626601\n|-terastallize|p2a: Tapu Lele|Steel\n|move|p2a: Tapu Lele|Psychic|p1a: Excadrill\n|-resisted|p1a: Excadrill\n|-damage|p1a: Excadrill|58\/100\n|move|p1a: Excadrill|Iron Head|p2a: Tapu Lele\n|-resisted|p2a: Tapu Lele\n|-damage|p2a: Tapu Lele|65\/100\n|\n|-weather|RainDance|[upkeep]\n|upkeep\n|turn|13\n|\n|t:|1700626612\n|switch|p2a: Pelipper|Pelipper, F|68\/100\n|move|p1a: Excadrill|Earthquake|p2a: Pelipper\n|-immune|p2a: Pelipper\n|\n|-weather|RainDance|[upkeep]\n|upkeep\n|turn|14\n|\n|t:|1700626622\n|move|p1a: Excadrill|Rock Slide|p2a: Pelipper\n|-supereffective|p2a: Pelipper\n|-damage|p2a: Pelipper|25\/100\n|move|p2a: Pelipper|Hurricane|p1a: Excadrill\n|-resisted|p1a: Excadrill\n|-damage|p1a: Excadrill|36\/100\n|\n|-weather|RainDance|[upkeep]\n|upkeep\n|turn|15\n|\n|t:|1700626633\n|move|p1a: Excadrill|Rock Slide|p2a: Pelipper\n|-supereffective|p2a: Pelipper\n|-damage|p2a: Pelipper|0 fnt\n|faint|p2a: Pelipper\n|\n|-weather|none\n|-fieldend|move: Psychic Terrain\n|upkeep\n|\n|t:|1700626639\n|switch|p2a: Tapu Lele|Tapu Lele, tera:Steel|65\/100\n|-fieldstart|move: Psychic Terrain|[from] ability: Psychic Surge|[of] p2a: Tapu Lele\n|turn|16\n|\n|t:|1700626671\n|move|p2a: Tapu Lele|Energy Ball|p1a: Excadrill\n|-damage|p1a: Excadrill|0 fnt\n|faint|p1a: Excadrill\n|\n|upkeep\n|\n|t:|1700626675\n|switch|p1a: Arctovish|Arctovish|100\/100\n|turn|17\n|\n|t:|1700626682\n|move|p2a: Tapu Lele|Energy Ball|p1a: Arctovish\n|-supereffective|p1a: Arctovish\n|-damage|p1a: Arctovish|31\/100\n|move|p1a: Arctovish|Fishious Rend|p2a: Tapu Lele\n|-damage|p2a: Tapu Lele|9\/100\n|\n|upkeep\n|turn|18\n|\n|t:|1700626689\n|move|p2a: Tapu Lele|Energy Ball|p1a: Arctovish\n|-supereffective|p1a: Arctovish\n|-damage|p1a: Arctovish|0 fnt\n|faint|p1a: Arctovish\n|\n|win|AyyyJ\n|raw|KingoftheTitans's rating: 1199 &rarr; <strong>1178<\/strong><br \/>(-21 for losing)\n|raw|AyyyJ's rating: 1262 &rarr; <strong>1283<\/strong><br \/>(+21 for winning)\n|c|\u2606KingoftheTitans|YOU HAVE TO BE JOKING\n|c|\u2606AyyyJ|society\n","uploadtime":1700626695,"views":1,"p1id":"kingofthetitans","p2id":"ayyyj","formatid":"gen9nationaldex","rating":1178,"private":0,"password":""}