{"id":"gen9nationaldex-1989061525","p1":"Nonno Sandslash","p2":"mxtfrog","format":"[Gen 9] National Dex","log":"|j|\u2606Nonno Sandslash\n|j|\u2606mxtfrog\n|t:|1699807923\n|gametype|singles\n|player|p1|Nonno Sandslash|wattson|1333\n|player|p2|mxtfrog|preschooler|1309\n|teamsize|p1|6\n|teamsize|p2|6\n|gen|9\n|tier|[Gen 9] National Dex\n|rated|\n|rule|HP Percentage Mod: HP is shown in percentages\n|rule|Endless Battle Clause: Forcing endless battles is banned\n|rule|OHKO Clause: OHKO moves are banned\n|rule|Evasion Clause: Evasion abilities, items, and moves are banned\n|rule|Evasion Abilities Clause: Evasion abilities are banned\n|rule|Evasion Items Clause: Evasion items are banned\n|rule|Evasion Moves Clause: Evasion moves are banned\n|rule|Species Clause: Limit one of each Pok\u00e9mon\n|rule|Sleep Clause Mod: Limit one foe put to sleep\n|clearpoke\n|poke|p1|Charizard, M|\n|poke|p1|Xatu, F|\n|poke|p1|Galvantula, F|\n|poke|p1|Shaymin|\n|poke|p1|Tentacruel, M|\n|poke|p1|Mamoswine, M|\n|poke|p2|Toucannon, F|\n|poke|p2|Dragonite, F|\n|poke|p2|Toxapex, M|\n|poke|p2|Greninja-*, M|\n|poke|p2|Great Tusk|\n|poke|p2|Mawile, F|\n|teampreview\n|\n|t:|1699807931\n|start\n|switch|p1a: Shaymin|Shaymin|100\/100\n|switch|p2a: Great Tusk|Great Tusk|100\/100\n|turn|1\n|inactive|Battle timer is ON: inactive players will automatically lose when time's up. (requested by Nonno Sandslash)\n|\n|t:|1699807940\n|-end|p2a: Great Tusk|Protosynthesis|[silent]\n|switch|p2a: Glandur|Toucannon, F|100\/100\n|move|p1a: Shaymin|Seed Flare|p2a: Glandur\n|-resisted|p2a: Glandur\n|-damage|p2a: Glandur|66\/100\n|\n|upkeep\n|turn|2\n|\n|t:|1699807951\n|move|p2a: Glandur|U-turn|p1a: Shaymin\n|-supereffective|p1a: Shaymin\n|-damage|p1a: Shaymin|54\/100\n|\n|t:|1699807958\n|switch|p2a: Mawile|Mawile, F|100\/100|[from] U-turn\n|-ability|p2a: Mawile|Intimidate|boost\n|-unboost|p1a: Shaymin|atk|1\n|move|p1a: Shaymin|Substitute|p1a: Shaymin\n|-start|p1a: Shaymin|Substitute\n|-damage|p1a: Shaymin|29\/100\n|\n|-heal|p1a: Shaymin|35\/100|[from] item: Leftovers\n|upkeep\n|turn|3\n|\n|t:|1699807967\n|detailschange|p2a: Mawile|Mawile-Mega, F\n|-mega|p2a: Mawile|Mawile|Mawilite\n|move|p1a: Shaymin|Leech Seed|p2a: Mawile\n|-start|p2a: Mawile|move: Leech Seed\n|move|p2a: Mawile|Ice Punch|p1a: Shaymin\n|-supereffective|p1a: Shaymin\n|-end|p1a: Shaymin|Substitute\n|\n|-heal|p1a: Shaymin|41\/100|[from] item: Leftovers\n|-damage|p2a: Mawile|88\/100|[from] Leech Seed|[of] p1a: Shaymin\n|-heal|p1a: Shaymin|50\/100|[silent]\n|upkeep\n|turn|4\n|\n|t:|1699807972\n|move|p1a: Shaymin|Substitute|p1a: Shaymin\n|-start|p1a: Shaymin|Substitute\n|-damage|p1a: Shaymin|25\/100\n|move|p2a: Mawile|Ice Punch|p1a: Shaymin\n|-supereffective|p1a: Shaymin\n|-end|p1a: Shaymin|Substitute\n|\n|-heal|p1a: Shaymin|31\/100|[from] item: Leftovers\n|-damage|p2a: Mawile|76\/100|[from] Leech Seed|[of] p1a: Shaymin\n|-heal|p1a: Shaymin|40\/100|[silent]\n|upkeep\n|turn|5\n|\n|t:|1699807982\n|switch|p2a: Glandur|Toucannon, F|66\/100\n|move|p1a: Shaymin|Substitute|p1a: Shaymin\n|-start|p1a: Shaymin|Substitute\n|-damage|p1a: Shaymin|15\/100\n|\n|-heal|p1a: Shaymin|22\/100|[from] item: Leftovers\n|upkeep\n|turn|6\n|\n|t:|1699807986\n|move|p2a: Glandur|Rock Blast|p1a: Shaymin\n|-activate|p1a: Shaymin|move: Substitute|[damage]\n|-activate|p1a: Shaymin|move: Substitute|[damage]\n|-end|p1a: Shaymin|Substitute\n|-damage|p1a: Shaymin|13\/100\n|-damage|p1a: Shaymin|5\/100\n|-hitcount|p1a: Shaymin|5\n|move|p1a: Shaymin|Leech Seed|p2a: Glandur\n|-start|p2a: Glandur|move: Leech Seed\n|\n|-heal|p1a: Shaymin|11\/100|[from] item: Leftovers\n|-damage|p2a: Glandur|53\/100|[from] Leech Seed|[of] p1a: Shaymin\n|-heal|p1a: Shaymin|22\/100|[silent]\n|upkeep\n|turn|7\n|\n|t:|1699807995\n|switch|p1a: Tentacruel|Tentacruel, M|100\/100\n|-item|p1a: Tentacruel|Air Balloon\n|move|p2a: Glandur|Rock Blast|p1a: Tentacruel\n|-damage|p1a: Tentacruel|92\/100\n|-enditem|p1a: Tentacruel|Air Balloon\n|-crit|p1a: Tentacruel\n|-damage|p1a: Tentacruel|81\/100\n|-damage|p1a: Tentacruel|73\/100\n|-damage|p1a: Tentacruel|65\/100\n|-damage|p1a: Tentacruel|57\/100\n|-hitcount|p1a: Tentacruel|5\n|\n|-damage|p2a: Glandur|41\/100|[from] Leech Seed|[of] p1a: Tentacruel\n|-heal|p1a: Tentacruel|68\/100|[silent]\n|upkeep\n|turn|8\n|\n|t:|1699808008\n|switch|p2a: Mawile|Mawile-Mega, F|76\/100\n|move|p1a: Tentacruel|Rapid Spin|p2a: Mawile\n|-resisted|p2a: Mawile\n|-damage|p2a: Mawile|71\/100\n|-boost|p1a: Tentacruel|spe|1\n|\n|upkeep\n|turn|9\n|\n|t:|1699808015\n|-terastallize|p1a: Tentacruel|Water\n|move|p1a: Tentacruel|Scald|p2a: Mawile\n|-damage|p2a: Mawile|30\/100\n|move|p2a: Mawile|Thunder Punch|p1a: Tentacruel\n|-supereffective|p1a: Tentacruel\n|-damage|p1a: Tentacruel|0 fnt\n|faint|p1a: Tentacruel\n|\n|upkeep\n|\n|t:|1699808025\n|switch|p1a: Galvantula|Galvantula, F, shiny|100\/100\n|turn|10\n|\n|t:|1699808028\n|switch|p2a: Great Tusk|Great Tusk|100\/100\n|move|p1a: Galvantula|Sticky Web|p2a: Great Tusk\n|-sidestart|p2: mxtfrog|move: Sticky Web\n|\n|upkeep\n|turn|11\n|\n|t:|1699808034\n|switch|p1a: Xatu|Xatu, F|100\/100\n|move|p2a: Great Tusk|Rapid Spin|p1a: Xatu\n|-damage|p1a: Xatu|80\/100\n|-boost|p2a: Great Tusk|spe|1\n|-damage|p2a: Great Tusk|84\/100|[from] item: Rocky Helmet|[of] p1a: Xatu\n|-sideend|p2: mxtfrog|Sticky Web|[from] move: Rapid Spin|[of] p2a: Great Tusk\n|\n|-heal|p2a: Great Tusk|90\/100|[from] item: Leftovers\n|upkeep\n|turn|12\n|\n|t:|1699808045\n|-end|p2a: Great Tusk|Protosynthesis|[silent]\n|switch|p2a: Greninja|Greninja, M|100\/100\n|move|p1a: Xatu|Night Shade|p2a: Greninja\n|-damage|p2a: Greninja|65\/100\n|\n|upkeep\n|turn|13\n|\n|t:|1699808056\n|move|p2a: Greninja|Dark Pulse|p1a: Xatu\n|-supereffective|p1a: Xatu\n|-damage|p1a: Xatu|0 fnt\n|faint|p1a: Xatu\n|-ability|p2a: Greninja|Battle Bond|boost\n|-boost|p2a: Greninja|atk|1\n|-boost|p2a: Greninja|spa|1\n|-boost|p2a: Greninja|spe|1\n|-activate|p2a: Greninja|ability: Battle Bond\n|-damage|p2a: Greninja|56\/100|[from] item: Life Orb\n|\n|upkeep\n|\n|t:|1699808059\n|switch|p1a: Charizard|Charizard, M|100\/100\n|turn|14\n|\n|t:|1699808081\n|detailschange|p1a: Charizard|Charizard-Mega-Y, M\n|-mega|p1a: Charizard|Charizard|Charizardite Y\n|-weather|SunnyDay|[from] ability: Drought|[of] p1a: Charizard\n|move|p2a: Greninja|Dark Pulse|p1a: Charizard\n|-damage|p1a: Charizard|25\/100\n|-damage|p2a: Greninja|46\/100|[from] item: Life Orb\n|move|p1a: Charizard|Solar Beam||[still]\n|-prepare|p1a: Charizard|Solar Beam\n|-anim|p1a: Charizard|Solar Beam|p2a: Greninja\n|-supereffective|p2a: Greninja\n|-damage|p2a: Greninja|0 fnt\n|faint|p2a: Greninja\n|\n|-weather|SunnyDay|[upkeep]\n|upkeep\n|\n|t:|1699808093\n|switch|p2a: Glandur|Toucannon, F|41\/100\n|turn|15\n|\n|t:|1699808097\n|switch|p1a: Shaymin|Shaymin|22\/100\n|move|p2a: Glandur|Rock Blast|p1a: Shaymin\n|-damage|p1a: Shaymin|13\/100\n|-damage|p1a: Shaymin|5\/100\n|-damage|p1a: Shaymin|0 fnt\n|faint|p1a: Shaymin\n|-hitcount|p1: Shaymin|3\n|\n|-weather|SunnyDay|[upkeep]\n|upkeep\n|\n|t:|1699808100\n|switch|p1a: Mamoswine|Mamoswine, M|100\/100\n|turn|16\n|\n|t:|1699808108\n|-terastallize|p2a: Glandur|Rock\n|move|p1a: Mamoswine|Ice Shard|p2a: Glandur\n|-crit|p2a: Glandur\n|-damage|p2a: Glandur|0 fnt\n|faint|p2a: Glandur\n|\n|-weather|SunnyDay|[upkeep]\n|upkeep\n|\n|t:|1699808127\n|switch|p2a: Great Tusk|Great Tusk|90\/100\n|-activate|p2a: Great Tusk|ability: Protosynthesis\n|-start|p2a: Great Tusk|protosynthesisatk\n|turn|17\n|\n|t:|1699808139\n|switch|p1a: Galvantula|Galvantula, F, shiny|100\/100\n|move|p2a: Great Tusk|Close Combat|p1a: Galvantula\n|-resisted|p1a: Galvantula\n|-damage|p1a: Galvantula|29\/100\n|-unboost|p2a: Great Tusk|def|1\n|-unboost|p2a: Great Tusk|spd|1\n|\n|-weather|SunnyDay|[upkeep]\n|-heal|p2a: Great Tusk|96\/100|[from] item: Leftovers\n|upkeep\n|turn|18\n|\n|t:|1699808145\n|-zpower|p1a: Galvantula\n|move|p1a: Galvantula|Savage Spin-Out|p2a: Great Tusk|[zeffect]\n|-resisted|p2a: Great Tusk\n|-damage|p2a: Great Tusk|19\/100\n|move|p2a: Great Tusk|Rapid Spin|p1a: Galvantula\n|-damage|p1a: Galvantula|0 fnt\n|-boost|p2a: Great Tusk|spe|1\n|faint|p1a: Galvantula\n|\n|-weather|none\n|-end|p2a: Great Tusk|Protosynthesis\n|-heal|p2a: Great Tusk|25\/100|[from] item: Leftovers\n|upkeep\n|inactive|Nonno Sandslash has 120 seconds left.\n|\n|t:|1699808194\n|switch|p1a: Mamoswine|Mamoswine, M|100\/100\n|turn|19\n|\n|t:|1699808202\n|move|p1a: Mamoswine|Ice Shard|p2a: Great Tusk\n|-supereffective|p2a: Great Tusk\n|-damage|p2a: Great Tusk|0 fnt\n|faint|p2a: Great Tusk\n|-end|p2a: Great Tusk|Protosynthesis|[silent]\n|\n|upkeep\n|\n|t:|1699808210\n|switch|p2a: Toxapex|Toxapex, M|100\/100\n|turn|20\n|inactive|Nonno Sandslash has 120 seconds left.\n|\n|t:|1699808230\n|move|p1a: Mamoswine|Earthquake|p2a: Toxapex\n|-supereffective|p2a: Toxapex\n|-damage|p2a: Toxapex|37\/100\n|move|p2a: Toxapex|Scald|p1a: Mamoswine\n|-supereffective|p1a: Mamoswine\n|-damage|p1a: Mamoswine|53\/100\n|-status|p1a: Mamoswine|brn\n|\n|-damage|p1a: Mamoswine|47\/100 brn|[from] brn\n|upkeep\n|turn|21\n|l|\u2606Nonno Sandslash\n|inactive|Nonno Sandslash disconnected and has a minute to reconnect!\n|player|p1|\n|inactive|Nonno Sandslash has 30 seconds to reconnect!\n|inactive|Nonno Sandslash has 20 seconds to reconnect!\n|inactive|Nonno Sandslash has 15 seconds to reconnect!\n|inactive|Nonno Sandslash has 10 seconds to reconnect!\n|inactive|Nonno Sandslash has 5 seconds to reconnect!\n|-message|Nonno Sandslash lost due to inactivity.\n|\n|win|mxtfrog\n|raw|Nonno Sandslash's rating: 1333 &rarr; <strong>1312<\/strong><br \/>(-21 for losing)\n|raw|mxtfrog's rating: 1309 &rarr; <strong>1330<\/strong><br \/>(+21 for winning)\n","uploadtime":1699808305,"views":5,"p1id":"nonnosandslash","p2id":"mxtfrog","formatid":"gen9nationaldex","rating":1312,"private":0,"password":""}