{"id":"gen9nationaldex-1987920179","p1":"imbleed","p2":"GameBored","format":"[Gen 9] National Dex","log":"|j|\u2606imbleed\n|j|\u203dGameBored\n|t:|1699649233\n|gametype|singles\n|player|p1|imbleed|poppy|1415\n|player|p2|GameBored|schoolkid-gen8|1494\n|teamsize|p1|6\n|teamsize|p2|6\n|gen|9\n|tier|[Gen 9] National Dex\n|rated|\n|rule|HP Percentage Mod: HP is shown in percentages\n|rule|Endless Battle Clause: Forcing endless battles is banned\n|rule|OHKO Clause: OHKO moves are banned\n|rule|Evasion Clause: Evasion abilities, items, and moves are banned\n|rule|Evasion Abilities Clause: Evasion abilities are banned\n|rule|Evasion Items Clause: Evasion items are banned\n|rule|Evasion Moves Clause: Evasion moves are banned\n|rule|Species Clause: Limit one of each Pok\u00e9mon\n|rule|Sleep Clause Mod: Limit one foe put to sleep\n|clearpoke\n|poke|p1|Necrozma|\n|poke|p1|Gyarados, F|\n|poke|p1|Starmie|\n|poke|p1|Scizor, M|\n|poke|p1|Great Tusk|\n|poke|p1|Entei|\n|poke|p2|Grimmsnarl, M|\n|poke|p2|Toxtricity, M|\n|poke|p2|Turtonator, M|\n|poke|p2|Sharpedo, M|\n|poke|p2|Slowbro-Galar, M|\n|poke|p2|Cofagrigus, M|\n|teampreview\n|inactive|Battle timer is ON: inactive players will automatically lose when time's up. (requested by GameBored)\n|j| mistahmerrikuu\n|j| kung fu pokechu\n|j| bigglygrande\n|j| Lonsol\n|j| less might be more\n|inactive|imbleed has 120 seconds left.\n|inactive|GameBored has 120 seconds left.\n|n|\u2606GameBored|gamebored\n|c|\u2606GameBored|shit pressure's on\n|\n|t:|1699649272\n|start\n|switch|p1a: red chud|Scizor, M|100\/100\n|switch|p2a: Grimmsnarl|Grimmsnarl, M, shiny|100\/100\n|turn|1\n|\n|t:|1699649278\n|switch|p2a: Turtonator|Turtonator, M, shiny|100\/100\n|move|p1a: red chud|Swords Dance|p1a: red chud\n|-boost|p1a: red chud|atk|2\n|\n|upkeep\n|turn|2\n|\n|t:|1699649290\n|-terastallize|p1a: red chud|Fire\n|move|p1a: red chud|Knock Off|p2a: Turtonator\n|-damage|p2a: Turtonator|12\/100\n|-enditem|p2a: Turtonator|Heavy-Duty Boots|[from] move: Knock Off|[of] p1a: red chud\n|-damage|p1a: red chud|91\/100|[from] item: Life Orb\n|move|p2a: Turtonator|Shell Smash|p2a: Turtonator\n|-unboost|p2a: Turtonator|def|1\n|-unboost|p2a: Turtonator|spd|1\n|-boost|p2a: Turtonator|atk|2\n|-boost|p2a: Turtonator|spa|2\n|-boost|p2a: Turtonator|spe|2\n|\n|upkeep\n|turn|3\n|\n|t:|1699649301\n|move|p1a: red chud|Bullet Punch|p2a: Turtonator\n|-resisted|p2a: Turtonator\n|-damage|p2a: Turtonator|0 fnt\n|faint|p2a: Turtonator\n|-damage|p1a: red chud|81\/100|[from] item: Life Orb\n|\n|upkeep\n|\n|t:|1699649303\n|switch|p2a: Cofagrigus|Cofagrigus, M, shiny|100\/100\n|turn|4\n|\n|t:|1699649306\n|move|p1a: red chud|Knock Off|p2a: Cofagrigus\n|-supereffective|p2a: Cofagrigus\n|-damage|p2a: Cofagrigus|0 fnt\n|-activate|p2a: Cofagrigus|ability: Mummy|Technician|[of] p1a: red chud\n|-enditem|p2a: Cofagrigus|Wide Lens|[from] move: Knock Off|[of] p1a: red chud\n|faint|p2a: Cofagrigus\n|-damage|p1a: red chud|71\/100|[from] item: Life Orb\n|\n|upkeep\n|\n|t:|1699649311\n|switch|p2a: Sharpedo|Sharpedo, M, shiny|100\/100\n|turn|5\n|\n|t:|1699649318\n|move|p2a: Sharpedo|Protect|p2a: Sharpedo\n|-singleturn|p2a: Sharpedo|Protect\n|move|p1a: red chud|Bullet Punch|p2a: Sharpedo\n|-activate|p2a: Sharpedo|move: Protect\n|\n|-ability|p2a: Sharpedo|Speed Boost|boost\n|-boost|p2a: Sharpedo|spe|1\n|upkeep\n|turn|6\n|\n|t:|1699649327\n|detailschange|p2a: Sharpedo|Sharpedo-Mega, M, shiny\n|-mega|p2a: Sharpedo|Sharpedo|Sharpedonite\n|move|p1a: red chud|Bullet Punch|p2a: Sharpedo\n|-resisted|p2a: Sharpedo\n|-damage|p2a: Sharpedo|57\/100\n|-damage|p1a: red chud|61\/100|[from] item: Life Orb\n|move|p2a: Sharpedo|Crunch|p1a: red chud\n|-damage|p1a: red chud|0 fnt\n|-activate|p1a: red chud|ability: Mummy|Strong Jaw|[of] p2a: Sharpedo\n|faint|p1a: red chud\n|\n|upkeep\n|\n|t:|1699649349\n|switch|p1a: member|Gyarados, F|100\/100\n|-ability|p1a: member|Intimidate|boost\n|-unboost|p2a: Sharpedo|atk|1\n|turn|7\n|\n|t:|1699649355\n|switch|p2a: Grimmsnarl|Grimmsnarl, M, shiny|100\/100\n|detailschange|p1a: member|Gyarados-Mega, F\n|-mega|p1a: member|Gyarados|Gyaradosite\n|-ability|p1a: member|Mold Breaker\n|move|p1a: member|Dragon Dance|p1a: member\n|-boost|p1a: member|atk|1\n|-boost|p1a: member|spe|1\n|\n|upkeep\n|turn|8\n|\n|t:|1699649358\n|move|p2a: Grimmsnarl|Reflect|p2a: Grimmsnarl\n|-sidestart|p2: GameBored|Reflect\n|move|p1a: member|Substitute|p1a: member\n|-start|p1a: member|Substitute\n|-damage|p1a: member|76\/100\n|\n|upkeep\n|turn|9\n|\n|t:|1699649362\n|switch|p2a: Sharpedo|Sharpedo-Mega, M, shiny|57\/100\n|move|p1a: member|Dragon Dance|p1a: member\n|-boost|p1a: member|atk|1\n|-boost|p1a: member|spe|1\n|\n|upkeep\n|turn|10\n|\n|t:|1699649369\n|move|p1a: member|Dragon Dance|p1a: member\n|-boost|p1a: member|atk|1\n|-boost|p1a: member|spe|1\n|move|p2a: Sharpedo|Crunch|p1a: member\n|-resisted|p1a: member\n|-end|p1a: member|Substitute\n|\n|upkeep\n|turn|11\n|\n|t:|1699649375\n|move|p1a: member|Waterfall|p2a: Sharpedo\n|-resisted|p2a: Sharpedo\n|-damage|p2a: Sharpedo|11\/100\n|move|p2a: Sharpedo|Ice Fang|p1a: member\n|-resisted|p1a: member\n|-damage|p1a: member|58\/100\n|\n|upkeep\n|turn|12\n|\n|t:|1699649381\n|move|p1a: member|Dragon Dance|p1a: member\n|-boost|p1a: member|atk|1\n|-boost|p1a: member|spe|1\n|move|p2a: Sharpedo|Crunch|p1a: member\n|-resisted|p1a: member\n|-damage|p1a: member|26\/100\n|-unboost|p1a: member|def|1\n|\n|upkeep\n|turn|13\n|\n|t:|1699649386\n|move|p1a: member|Waterfall|p2a: Sharpedo\n|-resisted|p2a: Sharpedo\n|-damage|p2a: Sharpedo|0 fnt\n|faint|p2a: Sharpedo\n|\n|upkeep\n|\n|t:|1699649388\n|switch|p2a: Slowbro|Slowbro-Galar, M, shiny|100\/100\n|turn|14\n|\n|t:|1699649397\n|-terastallize|p2a: Slowbro|Flying\n|move|p1a: member|Crunch|p2a: Slowbro\n|-damage|p2a: Slowbro|37\/100\n|-unboost|p2a: Slowbro|def|1\n|-enditem|p2a: Slowbro|Sitrus Berry|[eat]\n|-heal|p2a: Slowbro|62\/100|[from] item: Sitrus Berry\n|move|p2a: Slowbro|Drain Punch|p1a: member\n|-supereffective|p1a: member\n|-damage|p1a: member|0 fnt\n|-heal|p2a: Slowbro|73\/100|[from] drain|[of] p1a: member\n|faint|p1a: member\n|\n|upkeep\n|\n|t:|1699649413\n|switch|p1a: yes i am a cat|Entei|100\/100\n|turn|15\n|\n|t:|1699649416\n|switch|p2a: Grimmsnarl|Grimmsnarl, M, shiny|100\/100\n|move|p1a: yes i am a cat|Sacred Fire|p2a: Grimmsnarl\n|-damage|p2a: Grimmsnarl|58\/100\n|-status|p2a: Grimmsnarl|brn\n|\n|-damage|p2a: Grimmsnarl|52\/100 brn|[from] brn\n|-sideend|p2: GameBored|Reflect\n|upkeep\n|turn|16\n|\n|t:|1699649418\n|move|p2a: Grimmsnarl|Reflect|p2a: Grimmsnarl\n|-sidestart|p2: GameBored|Reflect\n|move|p1a: yes i am a cat|Sacred Fire|p2a: Grimmsnarl\n|-damage|p2a: Grimmsnarl|11\/100 brn\n|\n|-damage|p2a: Grimmsnarl|5\/100 brn|[from] brn\n|upkeep\n|turn|17\n|\n|t:|1699649422\n|move|p2a: Grimmsnarl|Light Screen|p2a: Grimmsnarl\n|-sidestart|p2: GameBored|move: Light Screen\n|move|p1a: yes i am a cat|Sacred Fire|p2a: Grimmsnarl\n|-damage|p2a: Grimmsnarl|0 fnt\n|faint|p2a: Grimmsnarl\n|\n|upkeep\n|\n|t:|1699649427\n|switch|p2a: Toxtricity|Toxtricity, M, shiny|100\/100\n|turn|18\n|\n|t:|1699649430\n|move|p1a: yes i am a cat|Sacred Fire|p2a: Toxtricity\n|-damage|p2a: Toxtricity|42\/100\n|move|p2a: Toxtricity|Shift Gear|p2a: Toxtricity\n|-boost|p2a: Toxtricity|spe|2\n|-boost|p2a: Toxtricity|atk|1\n|\n|upkeep\n|turn|19\n|\n|t:|1699649435\n|move|p2a: Toxtricity|Overdrive|p1a: yes i am a cat\n|-damage|p1a: yes i am a cat|32\/100\n|-enditem|p2a: Toxtricity|Throat Spray\n|-boost|p2a: Toxtricity|spa|1|[from] item: Throat Spray\n|move|p1a: yes i am a cat|Sacred Fire|p2a: Toxtricity\n|-damage|p2a: Toxtricity|0 fnt\n|faint|p2a: Toxtricity\n|\n|upkeep\n|\n|t:|1699649438\n|switch|p2a: Slowbro|Slowbro-Galar, M, shiny, tera:Flying|73\/100\n|turn|20\n|\n|t:|1699649440\n|move|p1a: yes i am a cat|Sacred Fire|p2a: Slowbro\n|-damage|p2a: Slowbro|42\/100\n|-status|p2a: Slowbro|brn\n|move|p2a: Slowbro|Earthquake|p1a: yes i am a cat\n|-supereffective|p1a: yes i am a cat\n|-damage|p1a: yes i am a cat|0 fnt\n|faint|p1a: yes i am a cat\n|\n|-damage|p2a: Slowbro|36\/100 brn|[from] brn\n|upkeep\n|\n|t:|1699649449\n|switch|p1a: gonna hit|Starmie|100\/100\n|turn|21\n|-activate|p2a: Slowbro|ability: Quick Draw\n|\n|t:|1699649454\n|move|p2a: Slowbro|Shell Side Arm|p1a: gonna hit|[anim] Shell Side Arm Physical\n|-damage|p1a: gonna hit|66\/100\n|-hint|Physical Shell Side Arm\n|move|p1a: gonna hit|Zap Cannon|p2a: Slowbro\n|-supereffective|p2a: Slowbro\n|-damage|p2a: Slowbro|0 fnt\n|faint|p2a: Slowbro\n|\n|win|imbleed\n|raw|imbleed's rating: 1415 &rarr; <strong>1439<\/strong><br \/>(+24 for winning)\n|raw|GameBored's rating: 1494 &rarr; <strong>1470<\/strong><br \/>(-24 for losing)\n|c|\u2606GameBored|gg\n|c|\u2606GameBored|cool team\n","uploadtime":1699649460,"views":4,"p1id":"imbleed","p2id":"gamebored","formatid":"gen9nationaldex","rating":1439,"private":0,"password":""}