{"id":"gen9nationaldex-2000114254","p1":"TurtleXpert","p2":"mtyqjltz7","format":"[Gen 9] National Dex","log":"|html|<div class=\"broadcast-blue\"><strong>[Gen 9] National Dex is currently suspecting Sneasler! For information on how to participate check out the <a href=\"https:\/\/www.smogon.com\/forums\/threads\/sv-national-dex-suspect-8-just-dance.3731534\/\">suspect thread<\/a>.<\/strong><\/div>\n|j|\u2606TurtleXpert\n|j|\u2606mtyqjltz7\n|t:|1701157395\n|gametype|singles\n|player|p1|TurtleXpert|265|1034\n|player|p2|mtyqjltz7|elesa|1046\n|teamsize|p1|6\n|teamsize|p2|6\n|gen|9\n|tier|[Gen 9] National Dex\n|rated|\n|rule|HP Percentage Mod: HP is shown in percentages\n|rule|Endless Battle Clause: Forcing endless battles is banned\n|rule|OHKO Clause: OHKO moves are banned\n|rule|Evasion Clause: Evasion abilities, items, and moves are banned\n|rule|Evasion Abilities Clause: Evasion abilities are banned\n|rule|Evasion Items Clause: Evasion items are banned\n|rule|Evasion Moves Clause: Evasion moves are banned\n|rule|Species Clause: Limit one of each Pok\u00e9mon\n|rule|Sleep Clause Mod: Limit one foe put to sleep\n|clearpoke\n|poke|p1|Mightyena, F|\n|poke|p1|Nosepass, M|\n|poke|p1|Armarouge, M|\n|poke|p1|Spidops, F|\n|poke|p1|Delibird, M|\n|poke|p1|Gligar, M|\n|poke|p2|Raticate-Alola, M|\n|poke|p2|Nidoking, M|\n|poke|p2|Araquanid, M|\n|poke|p2|Corviknight, M|\n|poke|p2|Banette, M|\n|poke|p2|Zamazenta-*|\n|teampreview\n|inactive|Battle timer is ON: inactive players will automatically lose when time's up. (requested by mtyqjltz7)\n|\n|t:|1701157422\n|start\n|switch|p1a: Nosepass|Nosepass, M, shiny|100\/100\n|switch|p2a: Corviknight|Corviknight, M, shiny|100\/100\n|turn|1\n|\n|t:|1701157431\n|move|p2a: Corviknight|U-turn|p1a: Nosepass\n|-damage|p1a: Nosepass|89\/100\n|-damage|p2a: Corviknight|84\/100|[from] item: Rocky Helmet|[of] p1a: Nosepass\n|\n|t:|1701157448\n|switch|p2a: Raticate|Raticate-Alola, M, shiny|100\/100|[from] U-turn\n|move|p1a: Nosepass|Stealth Rock|p2a: Raticate\n|-sidestart|p2: mtyqjltz7|move: Stealth Rock\n|\n|upkeep\n|turn|2\n|\n|t:|1701157464\n|move|p2a: Raticate|Swords Dance|p2a: Raticate\n|-boost|p2a: Raticate|atk|2\n|move|p1a: Nosepass|Body Press|p2a: Raticate\n|-supereffective|p2a: Raticate\n|-damage|p2a: Raticate|0 fnt\n|faint|p2a: Raticate\n|\n|upkeep\n|\n|t:|1701157485\n|switch|p2a: Nidoking|Nidoking, M|100\/100\n|-damage|p2a: Nidoking|95\/100|[from] Stealth Rock\n|turn|3\n|\n|t:|1701157498\n|switch|p1a: Spidops|Spidops, F|100\/100\n|move|p2a: Nidoking|Earth Power|p1a: Spidops\n|-resisted|p1a: Spidops\n|-damage|p1a: Spidops|64\/100\n|\n|upkeep\n|turn|4\n|\n|t:|1701157503\n|move|p2a: Nidoking|Flamethrower|p1a: Spidops\n|-supereffective|p1a: Spidops\n|-damage|p1a: Spidops|0 fnt\n|faint|p1a: Spidops\n|\n|upkeep\n|\n|t:|1701157506\n|switch|p1a: Gligar|Gligar, M, shiny|100\/100\n|turn|5\n|\n|t:|1701157509\n|move|p2a: Nidoking|Ice Beam|p1a: Gligar\n|-supereffective|p1a: Gligar\n|-damage|p1a: Gligar|0 fnt\n|faint|p1a: Gligar\n|\n|upkeep\n|\n|t:|1701157520\n|switch|p1a: Mightyena|Mightyena, F|100\/100\n|-ability|p1a: Mightyena|Intimidate|boost\n|-unboost|p2a: Nidoking|atk|1\n|turn|6\n|\n|t:|1701157529\n|move|p2a: Nidoking|Sludge Wave|p1a: Mightyena\n|-damage|p1a: Mightyena|0 fnt\n|faint|p1a: Mightyena\n|\n|upkeep\n|\n|t:|1701157550\n|switch|p1a: Delibird|Delibird, M|100\/100\n|turn|7\n|\n|t:|1701157571\n|move|p2a: Nidoking|Sludge Wave|p1a: Delibird\n|-damage|p1a: Delibird|0 fnt\n|faint|p1a: Delibird\n|\n|upkeep\n|\n|t:|1701157574\n|switch|p1a: Armarouge|Armarouge, M|100\/100\n|turn|8\n|\n|t:|1701157581\n|move|p2a: Nidoking|Earth Power|p1a: Armarouge\n|-supereffective|p1a: Armarouge\n|-enditem|p1a: Armarouge|Focus Sash\n|-damage|p1a: Armarouge|1\/100\n|move|p1a: Armarouge|Expanding Force|p2a: Nidoking\n|-supereffective|p2a: Nidoking\n|-damage|p2a: Nidoking|0 fnt\n|faint|p2a: Nidoking\n|\n|upkeep\n|\n|t:|1701157595\n|switch|p2a: Zamazenta|Zamazenta|100\/100\n|-damage|p2a: Zamazenta|94\/100|[from] Stealth Rock\n|-ability|p2a: Zamazenta|Dauntless Shield|boost\n|-boost|p2a: Zamazenta|def|1\n|turn|9\n|\n|t:|1701157600\n|move|p2a: Zamazenta|Crunch|p1a: Armarouge\n|-supereffective|p1a: Armarouge\n|-damage|p1a: Armarouge|0 fnt\n|faint|p1a: Armarouge\n|\n|upkeep\n|c|\u2606TurtleXpert|gg\n|-message|TurtleXpert forfeited.\n|\n|win|mtyqjltz7\n|raw|TurtleXpert's rating: 1034 &rarr; <strong>1019<\/strong><br \/>(-15 for losing)\n|raw|mtyqjltz7's rating: 1046 &rarr; <strong>1078<\/strong><br \/>(+32 for winning)\n|l|\u2606TurtleXpert\n","uploadtime":1701157625,"views":1,"p1id":"turtlexpert","p2id":"mtyqjltz7","formatid":"gen9nationaldex","rating":1019,"private":0,"password":""}