{"id":"gen9nationaldex-1992757909","p1":"larsonshark","p2":"I forgot 10","format":"[Gen 9] National Dex","log":"|j|\u2606larsonshark\n|j|\u2606I forgot 10\n|t:|1700232764\n|gametype|singles\n|player|p1|larsonshark|caitlin|1407\n|player|p2|I forgot 10|clown|1357\n|teamsize|p1|6\n|teamsize|p2|6\n|gen|9\n|tier|[Gen 9] National Dex\n|rated|\n|rule|HP Percentage Mod: HP is shown in percentages\n|rule|Endless Battle Clause: Forcing endless battles is banned\n|rule|OHKO Clause: OHKO moves are banned\n|rule|Evasion Clause: Evasion abilities, items, and moves are banned\n|rule|Evasion Abilities Clause: Evasion abilities are banned\n|rule|Evasion Items Clause: Evasion items are banned\n|rule|Evasion Moves Clause: Evasion moves are banned\n|rule|Species Clause: Limit one of each Pok\u00e9mon\n|rule|Sleep Clause Mod: Limit one foe put to sleep\n|clearpoke\n|poke|p1|Venusaur, M|\n|poke|p1|Heliolisk, M|\n|poke|p1|Torkoal, F|\n|poke|p1|Moltres|\n|poke|p1|Gliscor, M|\n|poke|p1|Charizard, F|\n|poke|p2|Corviknight, F|\n|poke|p2|Ludicolo, F|\n|poke|p2|Barraskewda, M|\n|poke|p2|Swampert, F|\n|poke|p2|Slowking-Galar, F|\n|poke|p2|Pelipper, M|\n|teampreview\n|inactive|Battle timer is ON: inactive players will automatically lose when time's up. (requested by larsonshark)\n|c|\u2606larsonshark|praise the sun\n|\n|t:|1700232794\n|start\n|switch|p1a: Moltres|Moltres|100\/100\n|switch|p2a: Swampert|Swampert, F|100\/100\n|turn|1\n|\n|t:|1700232804\n|switch|p2a: Pelipper|Pelipper, M|100\/100\n|-weather|RainDance|[from] ability: Drizzle|[of] p2a: Pelipper\n|move|p1a: Moltres|Scorching Sands|p2a: Pelipper\n|-immune|p2a: Pelipper\n|\n|-weather|RainDance|[upkeep]\n|upkeep\n|turn|2\n|\n|t:|1700232812\n|switch|p1a: Torkoal|Torkoal, F|100\/100\n|-weather|SunnyDay|[from] ability: Drought|[of] p1a: Torkoal\n|move|p2a: Pelipper|Scald|p1a: Torkoal\n|-supereffective|p1a: Torkoal\n|-damage|p1a: Torkoal|62\/100\n|\n|-weather|SunnyDay|[upkeep]\n|upkeep\n|turn|3\n|\n|t:|1700232841\n|switch|p2a: Corviknight|Corviknight, F|100\/100\n|-ability|p2a: Corviknight|Pressure\n|switch|p1a: literally on fire|Heliolisk, M|100\/100\n|\n|-weather|SunnyDay|[upkeep]\n|-damage|p1a: literally on fire|88\/100|[from] ability: Solar Power|[of] p1a: literally on fire\n|upkeep\n|turn|4\n|inactive|I forgot 10 has 120 seconds left.\n|\n|t:|1700232874\n|switch|p2a: Swampert|Swampert, F|100\/100\n|move|p1a: literally on fire|Discharge|p2a: Swampert\n|-immune|p2a: Swampert\n|\n|-weather|SunnyDay|[upkeep]\n|-damage|p1a: literally on fire|76\/100|[from] ability: Solar Power|[of] p1a: literally on fire\n|upkeep\n|turn|5\n|\n|t:|1700232895\n|detailschange|p2a: Swampert|Swampert-Mega, F\n|-mega|p2a: Swampert|Swampert|Swampertite\n|move|p1a: literally on fire|Solar Beam||[still]\n|-prepare|p1a: literally on fire|Solar Beam\n|-anim|p1a: literally on fire|Solar Beam|p2a: Swampert\n|-supereffective|p2a: Swampert\n|-crit|p2a: Swampert\n|-damage|p2a: Swampert|0 fnt\n|faint|p2a: Swampert\n|-damage|p1a: literally on fire|66\/100|[from] item: Life Orb\n|\n|-weather|SunnyDay|[upkeep]\n|-damage|p1a: literally on fire|54\/100|[from] ability: Solar Power|[of] p1a: literally on fire\n|upkeep\n|\n|t:|1700232903\n|switch|p2a: Pelipper|Pelipper, M|100\/100\n|-weather|RainDance|[from] ability: Drizzle|[of] p2a: Pelipper\n|turn|6\n|\n|t:|1700232910\n|switch|p2a: Ludicolo|Ludicolo, F|100\/100\n|move|p1a: literally on fire|Discharge|p2a: Ludicolo\n|-damage|p2a: Ludicolo|42\/100\n|-damage|p1a: literally on fire|44\/100|[from] item: Life Orb\n|\n|-weather|RainDance|[upkeep]\n|upkeep\n|turn|7\n|\n|t:|1700232916\n|switch|p1a: Torkoal|Torkoal, F|62\/100\n|-weather|SunnyDay|[from] ability: Drought|[of] p1a: Torkoal\n|move|p2a: Ludicolo|Giga Drain|p1a: Torkoal\n|-resisted|p1a: Torkoal\n|-damage|p1a: Torkoal|32\/100\n|-heal|p2a: Ludicolo|58\/100|[from] drain|[of] p1a: Torkoal\n|-damage|p2a: Ludicolo|48\/100|[from] item: Life Orb\n|\n|-weather|SunnyDay|[upkeep]\n|upkeep\n|turn|8\n|inactive|I forgot 10 has 90 seconds left.\n|\n|t:|1700232951\n|switch|p1a: Venusaur|Venusaur, M|100\/100\n|move|p2a: Ludicolo|Giga Drain|p1a: Venusaur\n|-resisted|p1a: Venusaur\n|-damage|p1a: Venusaur|89\/100\n|-heal|p2a: Ludicolo|54\/100|[from] drain|[of] p1a: Venusaur\n|-damage|p2a: Ludicolo|44\/100|[from] item: Life Orb\n|\n|-weather|SunnyDay|[upkeep]\n|upkeep\n|turn|9\n|inactive|I forgot 10 has 90 seconds left.\n|\n|t:|1700232965\n|switch|p2a: Pelipper|Pelipper, M|100\/100\n|-weather|RainDance|[from] ability: Drizzle|[of] p2a: Pelipper\n|move|p1a: Venusaur|Sludge Bomb|p2a: Pelipper\n|-damage|p2a: Pelipper|41\/100\n|-status|p2a: Pelipper|psn\n|-damage|p1a: Venusaur|79\/100|[from] item: Life Orb\n|\n|-weather|RainDance|[upkeep]\n|-damage|p2a: Pelipper|29\/100 psn|[from] psn\n|upkeep\n|turn|10\n|\n|t:|1700232974\n|switch|p2a: Corviknight|Corviknight, F|100\/100\n|-ability|p2a: Corviknight|Pressure\n|move|p1a: Venusaur|Weather Ball|p2a: Corviknight\n|-damage|p2a: Corviknight|41\/100\n|-damage|p1a: Venusaur|69\/100|[from] item: Life Orb\n|\n|-weather|RainDance|[upkeep]\n|upkeep\n|turn|11\n|\n|t:|1700232983\n|move|p1a: Venusaur|Weather Ball|p2a: Corviknight\n|-damage|p2a: Corviknight|0 fnt\n|faint|p2a: Corviknight\n|-damage|p1a: Venusaur|59\/100|[from] item: Life Orb\n|\n|-weather|RainDance|[upkeep]\n|upkeep\n|\n|t:|1700232988\n|switch|p2a: Barraskewda|Barraskewda, M|100\/100\n|turn|12\n|\n|t:|1700232996\n|switch|p1a: Moltres|Moltres|100\/100\n|move|p2a: Barraskewda|Waterfall|p1a: Moltres\n|-supereffective|p1a: Moltres\n|-damage|p1a: Moltres|0 fnt\n|-status|p2a: Barraskewda|brn|[from] ability: Flame Body|[of] p1a: Moltres\n|faint|p1a: Moltres\n|\n|-weather|RainDance|[upkeep]\n|-damage|p2a: Barraskewda|94\/100 brn|[from] brn\n|upkeep\n|\n|t:|1700232999\n|switch|p1a: Torkoal|Torkoal, F|32\/100\n|-weather|SunnyDay|[from] ability: Drought|[of] p1a: Torkoal\n|turn|13\n|\n|t:|1700233010\n|switch|p1a: literally on fire|Heliolisk, M|44\/100\n|move|p2a: Barraskewda|Waterfall|p1a: literally on fire\n|-damage|p1a: literally on fire|7\/100\n|\n|-weather|SunnyDay|[upkeep]\n|-damage|p1a: literally on fire|0 fnt|[from] ability: Solar Power|[of] p1a: literally on fire\n|faint|p1a: literally on fire\n|-damage|p2a: Barraskewda|88\/100 brn|[from] brn\n|upkeep\n|\n|t:|1700233012\n|switch|p1a: Venusaur|Venusaur, M|59\/100\n|turn|14\n|inactive|I forgot 10 has 120 seconds left.\n|\n|t:|1700233021\n|switch|p2a: Slowking|Slowking-Galar, F|100\/100\n|move|p1a: Venusaur|Giga Drain|p2a: Slowking\n|-resisted|p2a: Slowking\n|-damage|p2a: Slowking|86\/100\n|-heal|p1a: Venusaur|69\/100|[from] drain|[of] p2a: Slowking\n|-damage|p1a: Venusaur|59\/100|[from] item: Life Orb\n|\n|-weather|SunnyDay|[upkeep]\n|-heal|p2a: Slowking|92\/100|[from] item: Leftovers\n|upkeep\n|turn|15\n|inactive|I forgot 10 has 120 seconds left.\n|\n|t:|1700233047\n|move|p1a: Venusaur|Earth Power|p2a: Slowking\n|-supereffective|p2a: Slowking\n|-damage|p2a: Slowking|50\/100\n|-damage|p1a: Venusaur|49\/100|[from] item: Life Orb\n|move|p2a: Slowking|Psychic|p1a: Venusaur\n|-supereffective|p1a: Venusaur\n|-damage|p1a: Venusaur|0 fnt\n|faint|p1a: Venusaur\n|\n|-weather|SunnyDay|[upkeep]\n|-heal|p2a: Slowking|56\/100|[from] item: Leftovers\n|upkeep\n|\n|t:|1700233053\n|switch|p1a: Charizard|Charizard, F|100\/100\n|turn|16\n|\n|t:|1700233078\n|detailschange|p1a: Charizard|Charizard-Mega-X, F\n|-mega|p1a: Charizard|Charizard|Charizardite X\n|move|p1a: Charizard|Dragon Dance|p1a: Charizard\n|-boost|p1a: Charizard|atk|1\n|-boost|p1a: Charizard|spe|1\n|move|p2a: Slowking|Slack Off|p2a: Slowking\n|-heal|p2a: Slowking|100\/100\n|\n|-weather|SunnyDay|[upkeep]\n|upkeep\n|turn|17\n|inactive|I forgot 10 has 90 seconds left.\n|\n|t:|1700233098\n|switch|p2a: Pelipper|Pelipper, M|29\/100 psn\n|-weather|RainDance|[from] ability: Drizzle|[of] p2a: Pelipper\n|move|p1a: Charizard|Dragon Dance|p1a: Charizard\n|-boost|p1a: Charizard|atk|1\n|-boost|p1a: Charizard|spe|1\n|\n|-weather|RainDance|[upkeep]\n|-damage|p2a: Pelipper|17\/100 psn|[from] psn\n|upkeep\n|turn|18\n|inactive|I forgot 10 has 90 seconds left.\n|inactive|larsonshark has 120 seconds left.\n|\n|t:|1700233131\n|move|p1a: Charizard|Dragon Claw|p2a: Pelipper\n|-damage|p2a: Pelipper|0 fnt\n|faint|p2a: Pelipper\n|\n|-weather|RainDance|[upkeep]\n|upkeep\n|\n|t:|1700233135\n|switch|p2a: Barraskewda|Barraskewda, M|88\/100 brn\n|turn|19\n|\n|t:|1700233140\n|-terastallize|p2a: Barraskewda|Water\n|move|p2a: Barraskewda|Waterfall|p1a: Charizard\n|-damage|p1a: Charizard|33\/100\n|cant|p1a: Charizard|flinch\n|\n|-weather|RainDance|[upkeep]\n|-damage|p2a: Barraskewda|82\/100 brn|[from] brn\n|upkeep\n|turn|20\n|inactive|I forgot 10 has 90 seconds left.\n|\n|t:|1700233149\n|switch|p1a: Torkoal|Torkoal, F|32\/100\n|-weather|SunnyDay|[from] ability: Drought|[of] p1a: Torkoal\n|move|p2a: Barraskewda|Waterfall|p1a: Torkoal\n|-supereffective|p1a: Torkoal\n|-damage|p1a: Torkoal|3\/100\n|\n|-weather|SunnyDay|[upkeep]\n|-damage|p2a: Barraskewda|76\/100 brn|[from] brn\n|upkeep\n|turn|21\n|\n|t:|1700233153\n|move|p2a: Barraskewda|Waterfall|p1a: Torkoal\n|-supereffective|p1a: Torkoal\n|-damage|p1a: Torkoal|0 fnt\n|faint|p1a: Torkoal\n|\n|-weather|SunnyDay|[upkeep]\n|-damage|p2a: Barraskewda|70\/100 brn|[from] brn\n|upkeep\n|\n|t:|1700233155\n|switch|p1a: Charizard|Charizard-Mega-X, F|33\/100\n|turn|22\n|\n|t:|1700233162\n|move|p2a: Barraskewda|Waterfall|p1a: Charizard\n|-damage|p1a: Charizard|11\/100\n|move|p1a: Charizard|Dragon Dance|p1a: Charizard\n|-boost|p1a: Charizard|atk|1\n|-boost|p1a: Charizard|spe|1\n|\n|-weather|SunnyDay|[upkeep]\n|-damage|p2a: Barraskewda|64\/100 brn|[from] brn\n|upkeep\n|turn|23\n|\n|t:|1700233170\n|move|p1a: Charizard|Dragon Claw|p2a: Barraskewda\n|-damage|p2a: Barraskewda|0 fnt\n|faint|p2a: Barraskewda\n|\n|-weather|SunnyDay|[upkeep]\n|upkeep\n|inactive|I forgot 10 has 120 seconds left.\n|\n|t:|1700233175\n|switch|p2a: Slowking|Slowking-Galar, F|100\/100\n|turn|24\n|\n|t:|1700233178\n|move|p1a: Charizard|Blaze Kick|p2a: Slowking\n|-damage|p2a: Slowking|0 fnt\n|faint|p2a: Slowking\n|\n|-weather|SunnyDay|[upkeep]\n|upkeep\n|\n|t:|1700233182\n|switch|p2a: Ludicolo|Ludicolo, F|44\/100\n|turn|25\n|\n|t:|1700233186\n|move|p1a: Charizard|Dragon Claw|p2a: Ludicolo\n|-damage|p2a: Ludicolo|0 fnt\n|faint|p2a: Ludicolo\n|\n|win|larsonshark\n|raw|larsonshark's rating: 1407 &rarr; <strong>1424<\/strong><br \/>(+17 for winning)\n|raw|I forgot 10's rating: 1357 &rarr; <strong>1340<\/strong><br \/>(-17 for losing)\n|c|\u2606larsonshark|the sun should be praised\n|l|\u2606I forgot 10\n","uploadtime":1700233204,"views":12,"p1id":"larsonshark","p2id":"iforgot10","formatid":"gen9nationaldex","rating":1340,"private":0,"password":""}