{"id":"gen9nationaldex-1993876824","p1":"Asahi daisuki~~~","p2":"baigu2","format":"[Gen 9] National Dex","log":"|j|\u2606Asahi daisuki~~~\n|j|\u2606baigu2\n|t:|1700368788\n|gametype|singles\n|player|p1|Asahi daisuki~~~|2|1555\n|player|p2|baigu2|dawn|1772\n|teamsize|p1|6\n|teamsize|p2|6\n|gen|9\n|tier|[Gen 9] National Dex\n|rated|\n|rule|HP Percentage Mod: HP is shown in percentages\n|rule|Endless Battle Clause: Forcing endless battles is banned\n|rule|OHKO Clause: OHKO moves are banned\n|rule|Evasion Clause: Evasion abilities, items, and moves are banned\n|rule|Evasion Abilities Clause: Evasion abilities are banned\n|rule|Evasion Items Clause: Evasion items are banned\n|rule|Evasion Moves Clause: Evasion moves are banned\n|rule|Species Clause: Limit one of each Pok\u00e9mon\n|rule|Sleep Clause Mod: Limit one foe put to sleep\n|clearpoke\n|poke|p1|Tapu Koko|\n|poke|p1|Banette, F|\n|poke|p1|Glimmora, M|\n|poke|p1|Sneasler, F|\n|poke|p1|Manaphy|\n|poke|p1|Hoopa-Unbound|\n|poke|p2|Ursaluna, F|\n|poke|p2|Dragonite, F|\n|poke|p2|Slowking, M|\n|poke|p2|Tapu Koko|\n|poke|p2|Hoopa-Unbound|\n|poke|p2|Great Tusk|\n|teampreview\n|inactive|Battle timer is ON: inactive players will automatically lose when time's up. (requested by Asahi daisuki~~~)\n|\n|t:|1700368796\n|start\n|switch|p1a: Glimmora|Glimmora, M|100\/100\n|switch|p2a: Tapu Koko|Tapu Koko|100\/100\n|-fieldstart|move: Electric Terrain|[from] ability: Electric Surge|[of] p2a: Tapu Koko\n|turn|1\n|\n|t:|1700368802\n|move|p2a: Tapu Koko|Volt Switch|p1a: Glimmora\n|-damage|p1a: Glimmora|31\/100\n|\n|t:|1700368804\n|switch|p2a: Slowking|Slowking, M|100\/100|[from] Volt Switch\n|move|p1a: Glimmora|Stealth Rock|p2a: Slowking\n|-sidestart|p2: baigu2|move: Stealth Rock\n|\n|upkeep\n|turn|2\n|\n|t:|1700368808\n|move|p1a: Glimmora|Spikes|p2a: Slowking\n|-sidestart|p2: baigu2|Spikes\n|move|p2a: Slowking|Scald|p1a: Glimmora\n|-supereffective|p1a: Glimmora\n|-damage|p1a: Glimmora|0 fnt\n|faint|p1a: Glimmora\n|\n|upkeep\n|j| Bagpipie\n|\n|t:|1700368811\n|switch|p1a: Hoopa|Hoopa-Unbound|100\/100\n|turn|3\n|\n|t:|1700368827\n|switch|p2a: Tapu Koko|Tapu Koko|100\/100\n|-damage|p2a: Tapu Koko|88\/100|[from] Stealth Rock\n|-damage|p2a: Tapu Koko|76\/100|[from] Spikes\n|move|p1a: Hoopa|Hyperspace Fury|p2a: Tapu Koko\n|-resisted|p2a: Tapu Koko\n|-damage|p2a: Tapu Koko|14\/100\n|-unboost|p1a: Hoopa|def|1\n|\n|upkeep\n|turn|4\n|\n|t:|1700368834\n|move|p2a: Tapu Koko|U-turn|p1a: Hoopa\n|-supereffective|p1a: Hoopa\n|-crit|p1a: Hoopa\n|-damage|p1a: Hoopa|0 fnt\n|faint|p1a: Hoopa\n|\n|t:|1700368846\n|switch|p2a: Great Tusk|Great Tusk|100\/100|[from] U-turn\n|\n|upkeep\n|\n|t:|1700368852\n|switch|p1a: Sneasler|Sneasler, F|100\/100\n|-enditem|p1a: Sneasler|Electric Seed\n|-boost|p1a: Sneasler|def|1|[from] item: Electric Seed\n|turn|5\n|\n|t:|1700368855\n|-terastallize|p1a: Sneasler|Flying\n|move|p1a: Sneasler|Swords Dance|p1a: Sneasler\n|-boost|p1a: Sneasler|atk|2\n|move|p2a: Great Tusk|Rapid Spin|p1a: Sneasler\n|-damage|p1a: Sneasler|79\/100\n|-boost|p2a: Great Tusk|spe|1\n|-sideend|p2: baigu2|Spikes|[from] move: Rapid Spin|[of] p2a: Great Tusk\n|-sideend|p2: baigu2|Stealth Rock|[from] move: Rapid Spin|[of] p2a: Great Tusk\n|\n|-fieldend|move: Electric Terrain\n|upkeep\n|turn|6\n|\n|t:|1700368863\n|-terastallize|p2a: Great Tusk|Steel\n|move|p1a: Sneasler|Acrobatics|p2a: Great Tusk\n|-resisted|p2a: Great Tusk\n|-damage|p2a: Great Tusk|62\/100\n|move|p2a: Great Tusk|Ice Spinner|p1a: Sneasler\n|-supereffective|p1a: Sneasler\n|-damage|p1a: Sneasler|2\/100\n|\n|upkeep\n|turn|7\n|-message|Asahi daisuki~~~ forfeited.\n|\n|win|baigu2\n|raw|Asahi daisuki~~~'s rating: 1555 &rarr; <strong>1546<\/strong><br \/>(-9 for losing)\n|raw|baigu2's rating: 1772 &rarr; <strong>1781<\/strong><br \/>(+9 for winning)\n|l|\u2606Asahi daisuki~~~\n","uploadtime":1700368885,"views":7,"p1id":"asahidaisuki","p2id":"baigu2","formatid":"gen9nationaldex","rating":1546,"private":0,"password":""}