{"id":"gen9nationaldex-1999629451","p1":"Grosel","p2":"abigolname","format":"[Gen 9] National Dex","log":"|html|<div class=\"broadcast-blue\"><strong>[Gen 9] National Dex is currently suspecting Sneasler! For information on how to participate check out the <a href=\"https:\/\/www.smogon.com\/forums\/threads\/sv-national-dex-suspect-8-just-dance.3731534\/\">suspect thread<\/a>.<\/strong><\/div>\n|j|\u2606Grosel\n|j|\u2606abigolname\n|t:|1701102706\n|gametype|singles\n|player|p1|Grosel|drayden|1323\n|player|p2|abigolname|ingo|1375\n|teamsize|p1|6\n|teamsize|p2|6\n|gen|9\n|tier|[Gen 9] National Dex\n|rated|\n|rule|HP Percentage Mod: HP is shown in percentages\n|rule|Endless Battle Clause: Forcing endless battles is banned\n|rule|OHKO Clause: OHKO moves are banned\n|rule|Evasion Clause: Evasion abilities, items, and moves are banned\n|rule|Evasion Abilities Clause: Evasion abilities are banned\n|rule|Evasion Items Clause: Evasion items are banned\n|rule|Evasion Moves Clause: Evasion moves are banned\n|rule|Species Clause: Limit one of each Pok\u00e9mon\n|rule|Sleep Clause Mod: Limit one foe put to sleep\n|clearpoke\n|poke|p1|Pelipper, M|\n|poke|p1|Zapdos|\n|poke|p1|Swampert, M|\n|poke|p1|Urshifu-*, F|\n|poke|p1|Ferrothorn, F|\n|poke|p1|Hydreigon, M|\n|poke|p2|Latios, M|\n|poke|p2|Gardevoir, M|\n|poke|p2|Gliscor, F|\n|poke|p2|Banette, F|\n|poke|p2|Alomomola, F|\n|poke|p2|Volcarona, M|\n|teampreview\n|inactive|Battle timer is ON: inactive players will automatically lose when time's up. (requested by Grosel)\n|\n|t:|1701102715\n|start\n|switch|p1a: Pelipper|Pelipper, M|100\/100\n|switch|p2a: Banette|Banette, F|100\/100\n|-weather|RainDance|[from] ability: Drizzle|[of] p1a: Pelipper\n|turn|1\n|\n|t:|1701102721\n|detailschange|p2a: Banette|Banette-Mega, F\n|-mega|p2a: Banette|Banette|Banettite\n|move|p2a: Banette|Poltergeist|p1a: Pelipper\n|-activate|p1a: Pelipper|move: Poltergeist|Damp Rock\n|-damage|p1a: Pelipper|40\/100\n|move|p1a: Pelipper|U-turn|p2a: Banette\n|-resisted|p2a: Banette\n|-damage|p2a: Banette|95\/100\n|\n|t:|1701102735\n|switch|p1a: 3 Heads 0 Brains|Hydreigon, M|100\/100|[from] U-turn\n|\n|-weather|RainDance|[upkeep]\n|upkeep\n|turn|2\n|\n|t:|1701102751\n|move|p2a: Banette|Destiny Bond|p2a: Banette\n|-singlemove|p2a: Banette|Destiny Bond\n|move|p1a: 3 Heads 0 Brains|Nasty Plot|p1a: 3 Heads 0 Brains\n|-boost|p1a: 3 Heads 0 Brains|spa|2\n|\n|-weather|RainDance|[upkeep]\n|upkeep\n|turn|3\n|\n|t:|1701102765\n|move|p1a: 3 Heads 0 Brains|Flash Cannon|p2a: Banette\n|-damage|p2a: Banette|25\/100\n|move|p2a: Banette|Poltergeist|p1a: 3 Heads 0 Brains\n|-activate|p1a: 3 Heads 0 Brains|move: Poltergeist|Iapapa Berry\n|-resisted|p1a: 3 Heads 0 Brains\n|-damage|p1a: 3 Heads 0 Brains|57\/100\n|\n|-weather|RainDance|[upkeep]\n|upkeep\n|turn|4\n|\n|t:|1701102773\n|move|p2a: Banette|Taunt|p1a: 3 Heads 0 Brains\n|-hint|Since gen 7, Dark is immune to Prankster moves.\n|-immune|p1a: 3 Heads 0 Brains\n|move|p1a: 3 Heads 0 Brains|Nasty Plot|p1a: 3 Heads 0 Brains\n|-boost|p1a: 3 Heads 0 Brains|spa|2\n|\n|-weather|RainDance|[upkeep]\n|upkeep\n|turn|5\n|\n|t:|1701102780\n|move|p2a: Banette|Destiny Bond|p2a: Banette\n|-singlemove|p2a: Banette|Destiny Bond\n|move|p1a: 3 Heads 0 Brains|Nasty Plot|p1a: 3 Heads 0 Brains\n|-boost|p1a: 3 Heads 0 Brains|spa|2\n|\n|-weather|RainDance|[upkeep]\n|upkeep\n|turn|6\n|\n|t:|1701102787\n|move|p1a: 3 Heads 0 Brains|Flash Cannon|p2a: Banette\n|-damage|p2a: Banette|0 fnt\n|faint|p2a: Banette\n|-activate|p2a: Banette|move: Destiny Bond\n|faint|p1a: 3 Heads 0 Brains\n|\n|-weather|RainDance|[upkeep]\n|upkeep\n|\n|t:|1701102807\n|switch|p1a: Ben 10 Alien|Urshifu-Rapid-Strike, F|100\/100\n|switch|p2a: Volcarona|Volcarona, M|100\/100\n|turn|7\n|\n|t:|1701102813\n|switch|p2a: Alomomola|Alomomola, F|100\/100\n|-terastallize|p1a: Ben 10 Alien|Electric\n|move|p1a: Ben 10 Alien|Surging Strikes|p2a: Alomomola\n|-resisted|p2a: Alomomola\n|-crit|p2a: Alomomola\n|-damage|p2a: Alomomola|89\/100\n|-resisted|p2a: Alomomola\n|-crit|p2a: Alomomola\n|-damage|p2a: Alomomola|78\/100\n|-resisted|p2a: Alomomola\n|-crit|p2a: Alomomola\n|-damage|p2a: Alomomola|68\/100\n|-hitcount|p2a: Alomomola|3\n|-enditem|p2a: Alomomola|Red Card|[of] p1a: Ben 10 Alien\n|drag|p1a: Miley Cyrus|Ferrothorn, F|100\/100\n|\n|-weather|RainDance|[upkeep]\n|upkeep\n|turn|8\n|\n|t:|1701102830\n|move|p2a: Alomomola|Scald|p1a: Miley Cyrus\n|-resisted|p1a: Miley Cyrus\n|-damage|p1a: Miley Cyrus|92\/100\n|move|p1a: Miley Cyrus|Thunder Wave|p2a: Alomomola\n|-status|p2a: Alomomola|par\n|\n|-weather|none\n|-heal|p1a: Miley Cyrus|98\/100|[from] item: Leftovers\n|upkeep\n|turn|9\n|\n|t:|1701102839\n|move|p2a: Alomomola|Wish|p2a: Alomomola\n|move|p1a: Miley Cyrus|Leech Seed|p2a: Alomomola\n|-start|p2a: Alomomola|move: Leech Seed\n|\n|-heal|p1a: Miley Cyrus|100\/100|[from] item: Leftovers\n|-damage|p2a: Alomomola|55\/100 par|[from] Leech Seed|[of] p1a: Miley Cyrus\n|upkeep\n|turn|10\n|\n|t:|1701102851\n|switch|p1a: Pelipper|Pelipper, M|40\/100\n|-weather|RainDance|[from] ability: Drizzle|[of] p1a: Pelipper\n|move|p2a: Alomomola|Scald|p1a: Pelipper\n|-resisted|p1a: Pelipper\n|-damage|p1a: Pelipper|26\/100\n|\n|-weather|RainDance|[upkeep]\n|-heal|p2a: Alomomola|100\/100 par|[from] move: Wish|[wisher] Alomomola\n|-damage|p2a: Alomomola|88\/100 par|[from] Leech Seed|[of] p1a: Pelipper\n|-heal|p1a: Pelipper|46\/100|[silent]\n|upkeep\n|turn|11\n|\n|t:|1701102858\n|move|p1a: Pelipper|U-turn|p2a: Alomomola\n|-damage|p2a: Alomomola|84\/100 par\n|\n|t:|1701102862\n|switch|p1a: Zapy-D|Zapdos, shiny|100\/100|[from] U-turn\n|move|p2a: Alomomola|Scald|p1a: Zapy-D\n|-damage|p1a: Zapy-D|80\/100\n|\n|-weather|RainDance|[upkeep]\n|-damage|p2a: Alomomola|71\/100 par|[from] Leech Seed|[of] p1a: Zapy-D\n|-heal|p1a: Zapy-D|97\/100|[silent]\n|upkeep\n|turn|12\n|\n|t:|1701102873\n|switch|p2a: Latios|Latios, M|100\/100\n|move|p1a: Zapy-D|Hurricane|p2a: Latios\n|-damage|p2a: Latios|39\/100\n|\n|-weather|RainDance|[upkeep]\n|upkeep\n|turn|13\n|\n|t:|1701102882\n|move|p2a: Latios|Simple Beam|p1a: Zapy-D\n|-endability|p1a: Zapy-D|Static|[from] move: Simple Beam\n|-ability|p1a: Zapy-D|Simple|[from] move: Simple Beam\n|move|p1a: Zapy-D|Hurricane|p2a: Latios\n|-crit|p2a: Latios\n|-damage|p2a: Latios|0 fnt\n|faint|p2a: Latios\n|\n|-weather|RainDance|[upkeep]\n|upkeep\n|\n|t:|1701102886\n|switch|p2a: Gardevoir|Gardevoir, M|100\/100\n|-ability|p2a: Gardevoir|Simple|[from] ability: Trace|[of] p1a: Zapy-D\n|turn|14\n|\n|t:|1701102898\n|move|p2a: Gardevoir|Calm Mind|p2a: Gardevoir\n|-boost|p2a: Gardevoir|spa|2\n|-boost|p2a: Gardevoir|spd|2\n|move|p1a: Zapy-D|Thunder|p2a: Gardevoir\n|-damage|p2a: Gardevoir|68\/100\n|-status|p2a: Gardevoir|par\n|\n|-weather|RainDance|[upkeep]\n|upkeep\n|turn|15\n|\n|t:|1701102919\n|move|p1a: Zapy-D|Thunder|p2a: Gardevoir\n|-damage|p2a: Gardevoir|35\/100 par\n|move|p2a: Gardevoir|Draining Kiss|p1a: Zapy-D\n|-damage|p1a: Zapy-D|49\/100\n|-heal|p2a: Gardevoir|85\/100 par|[from] drain|[of] p1a: Zapy-D\n|\n|-weather|RainDance|[upkeep]\n|upkeep\n|turn|16\n|c|\u2606Grosel|Oh that's a nice combo\n|\n|t:|1701102933\n|move|p1a: Zapy-D|Thunder|p2a: Gardevoir\n|-damage|p2a: Gardevoir|50\/100 par\n|cant|p2a: Gardevoir|par\n|\n|-weather|RainDance|[upkeep]\n|upkeep\n|turn|17\n|\n|t:|1701102941\n|move|p1a: Zapy-D|Thunder|p2a: Gardevoir\n|-damage|p2a: Gardevoir|18\/100 par\n|-enditem|p2a: Gardevoir|Salac Berry|[eat]\n|-boost|p2a: Gardevoir|spe|2|[from] item: Salac Berry\n|cant|p2a: Gardevoir|par\n|\n|-weather|none\n|upkeep\n|turn|18\n|\n|t:|1701102953\n|move|p2a: Gardevoir|Stored Power|p1a: Zapy-D\n|-damage|p1a: Zapy-D|0 fnt\n|faint|p1a: Zapy-D\n|\n|upkeep\n|\n|t:|1701102957\n|switch|p1a: Swampy Boi|Swampert, M|100\/100\n|turn|19\n|\n|t:|1701102966\n|switch|p1a: Pelipper|Pelipper, M|46\/100\n|-weather|RainDance|[from] ability: Drizzle|[of] p1a: Pelipper\n|move|p2a: Gardevoir|Stored Power|p1a: Pelipper\n|-damage|p1a: Pelipper|0 fnt\n|faint|p1a: Pelipper\n|\n|-weather|RainDance|[upkeep]\n|upkeep\n|\n|t:|1701102972\n|switch|p1a: Swampy Boi|Swampert, M|100\/100\n|turn|20\n|\n|t:|1701102975\n|detailschange|p1a: Swampy Boi|Swampert-Mega, M\n|-mega|p1a: Swampy Boi|Swampert|Swampertite\n|move|p1a: Swampy Boi|Waterfall|p2a: Gardevoir\n|-damage|p2a: Gardevoir|0 fnt\n|faint|p2a: Gardevoir\n|\n|-weather|RainDance|[upkeep]\n|upkeep\n|\n|t:|1701102983\n|switch|p2a: Alomomola|Alomomola, F|100\/100 par\n|turn|21\n|\n|t:|1701102988\n|move|p1a: Swampy Boi|Earthquake|p2a: Alomomola\n|-damage|p2a: Alomomola|68\/100 par\n|move|p2a: Alomomola|Scald|p1a: Swampy Boi\n|-damage|p1a: Swampy Boi|83\/100\n|\n|-weather|RainDance|[upkeep]\n|upkeep\n|turn|22\n|\n|t:|1701102997\n|move|p1a: Swampy Boi|Earthquake|p2a: Alomomola\n|-damage|p2a: Alomomola|39\/100 par\n|move|p2a: Alomomola|Scald|p1a: Swampy Boi\n|-damage|p1a: Swampy Boi|65\/100\n|\n|-weather|RainDance|[upkeep]\n|upkeep\n|turn|23\n|\n|t:|1701103009\n|move|p1a: Swampy Boi|Earthquake|p2a: Alomomola\n|-damage|p2a: Alomomola|8\/100 par\n|cant|p2a: Alomomola|par\n|\n|-weather|RainDance|[upkeep]\n|upkeep\n|turn|24\n|c|\u2606abigolname|i really shouldnt be surprised by the 10 full paralyzed and zero scald burns\n|c|\u2606abigolname|but i am\n|inactive|abigolname has 120 seconds left.\n|\n|t:|1701103044\n|switch|p2a: Gliscor|Gliscor, F|100\/100\n|move|p1a: Swampy Boi|Earthquake|p2a: Gliscor\n|-immune|p2a: Gliscor\n|\n|-weather|RainDance|[upkeep]\n|-status|p2a: Gliscor|tox|[from] item: Toxic Orb\n|upkeep\n|turn|25\n|inactive|abigolname has 120 seconds left.\n|\n|t:|1701103053\n|switch|p2a: Alomomola|Alomomola, F|41\/100 par\n|move|p1a: Swampy Boi|Ice Punch|p2a: Alomomola\n|-resisted|p2a: Alomomola\n|-damage|p2a: Alomomola|34\/100 par\n|\n|-weather|RainDance|[upkeep]\n|upkeep\n|turn|26\n|\n|t:|1701103060\n|move|p1a: Swampy Boi|Earthquake|p2a: Alomomola\n|-damage|p2a: Alomomola|3\/100 par\n|move|p2a: Alomomola|Scald|p1a: Swampy Boi\n|-damage|p1a: Swampy Boi|46\/100\n|-status|p1a: Swampy Boi|brn\n|\n|-weather|none\n|-damage|p1a: Swampy Boi|40\/100 brn|[from] brn\n|upkeep\n|turn|27\n|\n|t:|1701103068\n|move|p1a: Swampy Boi|Flip Turn|p2a: Alomomola\n|-resisted|p2a: Alomomola\n|-damage|p2a: Alomomola|0 fnt\n|faint|p2a: Alomomola\n|\n|t:|1701103073\n|switch|p1a: Ben 10 Alien|Urshifu-Rapid-Strike, F, tera:Electric|100\/100|[from] Flip Turn\n|\n|upkeep\n|\n|t:|1701103084\n|switch|p2a: Volcarona|Volcarona, M|100\/100\n|turn|28\n|\n|t:|1701103095\n|-terastallize|p2a: Volcarona|Grass\n|move|p1a: Ben 10 Alien|Surging Strikes|p2a: Volcarona\n|-resisted|p2a: Volcarona\n|-crit|p2a: Volcarona\n|-damage|p2a: Volcarona|82\/100\n|-resisted|p2a: Volcarona\n|-crit|p2a: Volcarona\n|-damage|p2a: Volcarona|64\/100\n|-resisted|p2a: Volcarona\n|-crit|p2a: Volcarona\n|-damage|p2a: Volcarona|44\/100\n|-status|p1a: Ben 10 Alien|brn|[from] ability: Flame Body|[of] p2a: Volcarona\n|-hitcount|p2a: Volcarona|3\n|-damage|p1a: Ben 10 Alien|91\/100 brn|[from] item: Life Orb\n|move|p2a: Volcarona|Quiver Dance|p2a: Volcarona\n|-boost|p2a: Volcarona|spa|1\n|-boost|p2a: Volcarona|spd|1\n|-boost|p2a: Volcarona|spe|1\n|\n|-damage|p1a: Ben 10 Alien|84\/100 brn|[from] brn\n|upkeep\n|turn|29\n|\n|t:|1701103114\n|move|p2a: Volcarona|Fiery Dance|p1a: Ben 10 Alien\n|-crit|p1a: Ben 10 Alien\n|-damage|p1a: Ben 10 Alien|0 fnt\n|faint|p1a: Ben 10 Alien\n|\n|upkeep\n|\n|t:|1701103125\n|switch|p1a: Miley Cyrus|Ferrothorn, F|100\/100\n|turn|30\n|\n|t:|1701103131\n|move|p2a: Volcarona|Fiery Dance|p1a: Miley Cyrus\n|-supereffective|p1a: Miley Cyrus\n|-damage|p1a: Miley Cyrus|0 fnt\n|-boost|p2a: Volcarona|spa|1\n|faint|p1a: Miley Cyrus\n|\n|upkeep\n|-message|Grosel forfeited.\n|\n|win|abigolname\n|raw|Grosel's rating: 1323 &rarr; <strong>1306<\/strong><br \/>(-17 for losing)\n|raw|abigolname's rating: 1375 &rarr; <strong>1392<\/strong><br \/>(+17 for winning)\n|l|\u2606Grosel\n","uploadtime":1701103146,"views":1,"p1id":"grosel","p2id":"abigolname","formatid":"gen9nationaldex","rating":1306,"private":0,"password":""}