{"id":"gen9nationaldex-1988891423","p1":"MrGoddessli","p2":"lbwllj","format":"[Gen 9] National Dex","log":"|j|\u2606MrGoddessli\n|j|\u2606lbwllj\n|t:|1699782263\n|gametype|singles\n|player|p1|MrGoddessli|iris-gen5bw2|1401\n|player|p2|lbwllj|zinnia|1396\n|teamsize|p1|6\n|teamsize|p2|6\n|gen|9\n|tier|[Gen 9] National Dex\n|rated|\n|rule|HP Percentage Mod: HP is shown in percentages\n|rule|Endless Battle Clause: Forcing endless battles is banned\n|rule|OHKO Clause: OHKO moves are banned\n|rule|Evasion Clause: Evasion abilities, items, and moves are banned\n|rule|Evasion Abilities Clause: Evasion abilities are banned\n|rule|Evasion Items Clause: Evasion items are banned\n|rule|Evasion Moves Clause: Evasion moves are banned\n|rule|Species Clause: Limit one of each Pok\u00e9mon\n|rule|Sleep Clause Mod: Limit one foe put to sleep\n|clearpoke\n|poke|p1|Ninetales-Alola, M|\n|poke|p1|Rillaboom, M|\n|poke|p1|Greninja-*, M|\n|poke|p1|Volcarona, M|\n|poke|p1|Blaziken, F|\n|poke|p1|Kommo-o, M|\n|poke|p2|Polteageist-Antique|\n|poke|p2|Durant, M|\n|poke|p2|Minior-Blue|\n|poke|p2|Galvantula, M|\n|poke|p2|Porygon-Z|\n|poke|p2|Tapu Lele|\n|teampreview\n|\n|t:|1699782276\n|start\n|switch|p1a: Ninetales|Ninetales-Alola, M, shiny|100\/100\n|switch|p2a: \u5c0f\u9668\u661f\u4fa0|Minior-Blue|100\/100\n|-weather|Snow|[from] ability: Snow Warning|[of] p1a: Ninetales\n|-formechange|p2a: \u5c0f\u9668\u661f\u4fa0|Minior-Meteor||[from] ability: Shields Down\n|turn|1\n|\n|t:|1699782285\n|move|p1a: Ninetales|Aurora Veil|p1a: Ninetales\n|-sidestart|p1: MrGoddessli|move: Aurora Veil\n|move|p2a: \u5c0f\u9668\u661f\u4fa0|Shell Smash|p2a: \u5c0f\u9668\u661f\u4fa0\n|-unboost|p2a: \u5c0f\u9668\u661f\u4fa0|def|1\n|-unboost|p2a: \u5c0f\u9668\u661f\u4fa0|spd|1\n|-boost|p2a: \u5c0f\u9668\u661f\u4fa0|atk|2\n|-boost|p2a: \u5c0f\u9668\u661f\u4fa0|spa|2\n|-boost|p2a: \u5c0f\u9668\u661f\u4fa0|spe|2\n|-enditem|p2a: \u5c0f\u9668\u661f\u4fa0|White Herb\n|-clearnegativeboost|p2a: \u5c0f\u9668\u661f\u4fa0|[silent]\n|\n|-weather|Snow|[upkeep]\n|upkeep\n|turn|2\n|\n|t:|1699782293\n|move|p2a: \u5c0f\u9668\u661f\u4fa0|Stone Edge|p1a: Ninetales\n|-supereffective|p1a: Ninetales\n|-damage|p1a: Ninetales|39\/100\n|move|p1a: Ninetales|Toxic|p2a: \u5c0f\u9668\u661f\u4fa0\n|-immune|p2a: \u5c0f\u9668\u661f\u4fa0|[from] ability: Shields Down\n|\n|-weather|Snow|[upkeep]\n|upkeep\n|turn|3\n|\n|t:|1699782301\n|move|p2a: \u5c0f\u9668\u661f\u4fa0|Stone Edge|p1a: Ninetales\n|-supereffective|p1a: Ninetales\n|-damage|p1a: Ninetales|0 fnt\n|faint|p1a: Ninetales\n|\n|-weather|Snow|[upkeep]\n|upkeep\n|\n|t:|1699782320\n|switch|p1a: Greninja|Greninja, M|100\/100\n|turn|4\n|\n|t:|1699782328\n|move|p1a: Greninja|Water Shuriken|p2a: \u5c0f\u9668\u661f\u4fa0\n|-supereffective|p2a: \u5c0f\u9668\u661f\u4fa0\n|-damage|p2a: \u5c0f\u9668\u661f\u4fa0|79\/100\n|-supereffective|p2a: \u5c0f\u9668\u661f\u4fa0\n|-damage|p2a: \u5c0f\u9668\u661f\u4fa0|57\/100\n|-supereffective|p2a: \u5c0f\u9668\u661f\u4fa0\n|-damage|p2a: \u5c0f\u9668\u661f\u4fa0|33\/100\n|-supereffective|p2a: \u5c0f\u9668\u661f\u4fa0\n|-damage|p2a: \u5c0f\u9668\u661f\u4fa0|12\/100\n|-hitcount|p2a: \u5c0f\u9668\u661f\u4fa0|4\n|-damage|p1a: Greninja|91\/100|[from] item: Life Orb\n|move|p2a: \u5c0f\u9668\u661f\u4fa0|Acrobatics|p1a: Greninja\n|-damage|p1a: Greninja|25\/100\n|\n|-weather|Snow|[upkeep]\n|-formechange|p2a: \u5c0f\u9668\u661f\u4fa0|Minior-Blue||[from] ability: Shields Down\n|upkeep\n|turn|5\n|\n|t:|1699782342\n|switch|p2a: Tapu Lele|Tapu Lele|100\/100\n|-fieldstart|move: Psychic Terrain|[from] ability: Psychic Surge|[of] p2a: Tapu Lele\n|move|p1a: Greninja|Water Shuriken|p2a: Tapu Lele\n|-activate|p2a: Tapu Lele|move: Psychic Terrain\n|\n|-weather|none\n|upkeep\n|turn|6\n|\n|t:|1699782353\n|move|p1a: Greninja|Surf|p2a: Tapu Lele\n|-damage|p2a: Tapu Lele|42\/100\n|-damage|p1a: Greninja|15\/100|[from] item: Life Orb\n|move|p2a: Tapu Lele|Moonblast|p1a: Greninja\n|-supereffective|p1a: Greninja\n|-damage|p1a: Greninja|0 fnt\n|faint|p1a: Greninja\n|\n|upkeep\n|\n|t:|1699782366\n|switch|p1a: Volcarona|Volcarona, M, shiny|100\/100\n|turn|7\n|\n|t:|1699782370\n|switch|p2a: \u5c0f\u9668\u661f\u4fa0|Minior-Blue|12\/100\n|move|p1a: Volcarona|Quiver Dance|p1a: Volcarona\n|-boost|p1a: Volcarona|spa|1\n|-boost|p1a: Volcarona|spd|1\n|-boost|p1a: Volcarona|spe|1\n|\n|upkeep\n|turn|8\n|\n|t:|1699782379\n|move|p1a: Volcarona|Fiery Dance|p2a: \u5c0f\u9668\u661f\u4fa0\n|-resisted|p2a: \u5c0f\u9668\u661f\u4fa0\n|-damage|p2a: \u5c0f\u9668\u661f\u4fa0|0 fnt\n|faint|p2a: \u5c0f\u9668\u661f\u4fa0\n|\n|-sideend|p1: MrGoddessli|move: Aurora Veil\n|upkeep\n|\n|t:|1699782386\n|switch|p2a: Polteageist|Polteageist-Antique|100\/100\n|turn|9\n|\n|t:|1699782413\n|move|p1a: Volcarona|Fiery Dance|p2a: Polteageist\n|-damage|p2a: Polteageist|20\/100\n|-boost|p1a: Volcarona|spa|1\n|move|p2a: Polteageist|Shell Smash|p2a: Polteageist\n|-unboost|p2a: Polteageist|def|1\n|-unboost|p2a: Polteageist|spd|1\n|-boost|p2a: Polteageist|atk|2\n|-boost|p2a: Polteageist|spa|2\n|-boost|p2a: Polteageist|spe|2\n|\n|-fieldend|move: Psychic Terrain\n|upkeep\n|turn|10\n|inactive|Battle timer is ON: inactive players will automatically lose when time's up. (requested by MrGoddessli)\n|\n|t:|1699782423\n|move|p2a: Polteageist|Stored Power|p1a: Volcarona\n|-damage|p1a: Volcarona|18\/100\n|move|p1a: Volcarona|Fiery Dance|p2a: Polteageist\n|-damage|p2a: Polteageist|0 fnt\n|faint|p2a: Polteageist\n|\n|upkeep\n|\n|t:|1699782428\n|switch|p2a: Galvantula|Galvantula, M|100\/100\n|turn|11\n|\n|t:|1699782447\n|move|p1a: Volcarona|Fiery Dance|p2a: Galvantula\n|-supereffective|p2a: Galvantula\n|-enditem|p2a: Galvantula|Focus Sash\n|-damage|p2a: Galvantula|1\/100\n|-boost|p1a: Volcarona|spa|1\n|move|p2a: Galvantula|Thunder|p1a: Volcarona\n|-damage|p1a: Volcarona|0 fnt\n|faint|p1a: Volcarona\n|\n|upkeep\n|\n|t:|1699782461\n|switch|p1a: Blaziken|Blaziken, F|100\/100\n|turn|12\n|\n|t:|1699782472\n|switch|p2a: Porygon-Z|Porygon-Z|100\/100\n|move|p1a: Blaziken|Protect||[still]\n|-fail|p1a: Blaziken\n|\n|-ability|p1a: Blaziken|Speed Boost|boost\n|-boost|p1a: Blaziken|spe|1\n|upkeep\n|turn|13\n|\n|t:|1699782480\n|move|p1a: Blaziken|Close Combat|p2a: Porygon-Z\n|-supereffective|p2a: Porygon-Z\n|-damage|p2a: Porygon-Z|0 fnt\n|-unboost|p1a: Blaziken|def|1\n|-unboost|p1a: Blaziken|spd|1\n|faint|p2a: Porygon-Z\n|\n|-ability|p1a: Blaziken|Speed Boost|boost\n|-boost|p1a: Blaziken|spe|1\n|upkeep\n|\n|t:|1699782485\n|switch|p2a: Galvantula|Galvantula, M|1\/100\n|turn|14\n|\n|t:|1699782491\n|move|p2a: Galvantula|Protect|p2a: Galvantula\n|-singleturn|p2a: Galvantula|Protect\n|move|p1a: Blaziken|Flare Blitz|p2a: Galvantula\n|-activate|p2a: Galvantula|move: Protect\n|\n|-ability|p1a: Blaziken|Speed Boost|boost\n|-boost|p1a: Blaziken|spe|1\n|upkeep\n|turn|15\n|\n|t:|1699782498\n|move|p1a: Blaziken|Flare Blitz|p2a: Galvantula\n|-supereffective|p2a: Galvantula\n|-damage|p2a: Galvantula|0 fnt\n|faint|p2a: Galvantula\n|-damage|p1a: Blaziken|99\/100|[from] Recoil\n|\n|-ability|p1a: Blaziken|Speed Boost|boost\n|-boost|p1a: Blaziken|spe|1\n|upkeep\n|\n|t:|1699782500\n|switch|p2a: Durant|Durant, M|100\/100\n|turn|16\n|\n|t:|1699782512\n|move|p1a: Blaziken|Close Combat|p2a: Durant\n|-damage|p2a: Durant|20\/100\n|-unboost|p1a: Blaziken|def|1\n|-unboost|p1a: Blaziken|spd|1\n|move|p2a: Durant|Hone Claws|p2a: Durant\n|-boost|p2a: Durant|atk|1\n|-boost|p2a: Durant|accuracy|1\n|\n|-ability|p1a: Blaziken|Speed Boost|boost\n|-boost|p1a: Blaziken|spe|1\n|upkeep\n|turn|17\n|-message|lbwllj forfeited.\n|\n|win|MrGoddessli\n|raw|MrGoddessli's rating: 1401 &rarr; <strong>1421<\/strong><br \/>(+20 for winning)\n|raw|lbwllj's rating: 1396 &rarr; <strong>1376<\/strong><br \/>(-20 for losing)\n|l|\u2606lbwllj\n","uploadtime":1699782523,"views":4,"p1id":"mrgoddessli","p2id":"lbwllj","formatid":"gen9nationaldex","rating":1376,"private":0,"password":""}