{"id":"gen9nationaldex-1987201815","p1":"Vvbttij","p2":"kodexadw1910","format":"[Gen 9] National Dex","log":"|j|\u2606Vvbttij\n|j|\u2606kodexadw1910\n|t:|1699564785\n|gametype|singles\n|player|p1|Vvbttij|red|1122\n|player|p2|kodexadw1910|lucas|1086\n|teamsize|p1|6\n|teamsize|p2|6\n|gen|9\n|tier|[Gen 9] National Dex\n|rated|\n|rule|HP Percentage Mod: HP is shown in percentages\n|rule|Endless Battle Clause: Forcing endless battles is banned\n|rule|OHKO Clause: OHKO moves are banned\n|rule|Evasion Clause: Evasion abilities, items, and moves are banned\n|rule|Evasion Abilities Clause: Evasion abilities are banned\n|rule|Evasion Items Clause: Evasion items are banned\n|rule|Evasion Moves Clause: Evasion moves are banned\n|rule|Species Clause: Limit one of each Pok\u00e9mon\n|rule|Sleep Clause Mod: Limit one foe put to sleep\n|clearpoke\n|poke|p1|Charizard, F|\n|poke|p1|Blastoise, F|\n|poke|p1|Venusaur, M|\n|poke|p1|Snorlax, F|\n|poke|p1|Lapras, F|\n|poke|p1|Pikachu, M|\n|poke|p2|Clodsire, F|\n|poke|p2|Garganacl, M|\n|poke|p2|Corviknight, M|\n|poke|p2|Greninja-*, M|\n|poke|p2|Dragonite, M|\n|poke|p2|Great Tusk|\n|teampreview\n|\n|t:|1699564797\n|start\n|switch|p1a: Lapras|Lapras, F|100\/100\n|switch|p2a: Corviknight|Corviknight, M|100\/100\n|turn|1\n|\n|t:|1699564809\n|move|p1a: Lapras|Dragon Dance|p1a: Lapras\n|-boost|p1a: Lapras|atk|1\n|-boost|p1a: Lapras|spe|1\n|move|p2a: Corviknight|Bulk Up|p2a: Corviknight\n|-boost|p2a: Corviknight|atk|1\n|-boost|p2a: Corviknight|def|1\n|\n|upkeep\n|turn|2\n|\n|t:|1699564817\n|move|p1a: Lapras|Dragon Dance|p1a: Lapras\n|-boost|p1a: Lapras|atk|1\n|-boost|p1a: Lapras|spe|1\n|move|p2a: Corviknight|Bulk Up|p2a: Corviknight\n|-boost|p2a: Corviknight|atk|1\n|-boost|p2a: Corviknight|def|1\n|\n|upkeep\n|turn|3\n|\n|t:|1699564825\n|-terastallize|p1a: Lapras|Ground\n|move|p2a: Corviknight|Bulk Up|p2a: Corviknight\n|-boost|p2a: Corviknight|atk|1\n|-boost|p2a: Corviknight|def|1\n|move|p1a: Lapras|Roar|p2a: Corviknight\n|drag|p2a: Greninja|Greninja, M|100\/100\n|\n|upkeep\n|turn|4\n|\n|t:|1699564841\n|switch|p2a: Great Tusk|Great Tusk|100\/100\n|move|p1a: Lapras|Freeze-Dry|p2a: Great Tusk\n|-supereffective|p2a: Great Tusk\n|-damage|p2a: Great Tusk|33\/100\n|\n|-heal|p2a: Great Tusk|39\/100|[from] item: Leftovers\n|upkeep\n|turn|5\n|\n|t:|1699564867\n|move|p1a: Lapras|Waterfall|p2a: Great Tusk\n|-supereffective|p2a: Great Tusk\n|-damage|p2a: Great Tusk|0 fnt\n|faint|p2a: Great Tusk\n|-end|p2a: Great Tusk|Protosynthesis|[silent]\n|\n|upkeep\n|\n|t:|1699564873\n|switch|p2a: Greninja|Greninja, M|100\/100\n|turn|6\n|\n|t:|1699564878\n|move|p1a: Lapras|Freeze-Dry|p2a: Greninja\n|-supereffective|p2a: Greninja\n|-damage|p2a: Greninja|29\/100\n|move|p2a: Greninja|Ice Punch|p1a: Lapras\n|-supereffective|p1a: Lapras\n|-damage|p1a: Lapras|65\/100\n|\n|upkeep\n|turn|7\n|\n|t:|1699564887\n|move|p1a: Lapras|Waterfall|p2a: Greninja\n|-resisted|p2a: Greninja\n|-damage|p2a: Greninja|0 fnt\n|faint|p2a: Greninja\n|\n|upkeep\n|\n|t:|1699564896\n|switch|p2a: Corviknight|Corviknight, M|100\/100\n|turn|8\n|\n|t:|1699564902\n|-terastallize|p2a: Corviknight|Dark\n|move|p1a: Lapras|Waterfall|p2a: Corviknight\n|-damage|p2a: Corviknight|30\/100\n|move|p2a: Corviknight|Agility|p2a: Corviknight\n|-boost|p2a: Corviknight|spe|2\n|\n|-heal|p2a: Corviknight|37\/100|[from] item: Leftovers\n|upkeep\n|turn|9\n|\n|t:|1699564914\n|move|p1a: Lapras|Waterfall|p2a: Corviknight\n|-damage|p2a: Corviknight|0 fnt\n|faint|p2a: Corviknight\n|\n|upkeep\n|\n|t:|1699564919\n|switch|p2a: Dragonite|Dragonite, M|100\/100\n|turn|10\n|\n|t:|1699564941\n|move|p1a: Lapras|Freeze-Dry|p2a: Dragonite\n|-supereffective|p2a: Dragonite\n|-damage|p2a: Dragonite|52\/100\n|-enditem|p2a: Dragonite|Weakness Policy\n|-boost|p2a: Dragonite|atk|2|[from] item: Weakness Policy\n|-boost|p2a: Dragonite|spa|2|[from] item: Weakness Policy\n|move|p2a: Dragonite|Dragon Dance|p2a: Dragonite\n|-boost|p2a: Dragonite|atk|1\n|-boost|p2a: Dragonite|spe|1\n|\n|upkeep\n|turn|11\n|\n|t:|1699564966\n|move|p2a: Dragonite|Dragon Pulse|p1a: Lapras\n|-damage|p1a: Lapras|15\/100\n|move|p1a: Lapras|Roar|p2a: Dragonite\n|drag|p2a: Garganacl|Garganacl, M|100\/100\n|\n|upkeep\n|turn|12\n|\n|t:|1699564974\n|move|p1a: Lapras|Waterfall|p2a: Garganacl\n|-supereffective|p2a: Garganacl\n|-damage|p2a: Garganacl|0 fnt\n|faint|p2a: Garganacl\n|\n|upkeep\n|\n|t:|1699564984\n|switch|p2a: Dragonite|Dragonite, M|52\/100\n|turn|13\n|\n|t:|1699564989\n|move|p1a: Lapras|Freeze-Dry|p2a: Dragonite\n|-supereffective|p2a: Dragonite\n|-damage|p2a: Dragonite|0 fnt\n|faint|p2a: Dragonite\n|\n|upkeep\n|\n|t:|1699564994\n|switch|p2a: Clodsire|Clodsire, F|100\/100\n|turn|14\n|\n|t:|1699564999\n|move|p1a: Lapras|Freeze-Dry|p2a: Clodsire\n|-supereffective|p2a: Clodsire\n|-damage|p2a: Clodsire|72\/100\n|move|p2a: Clodsire|Gunk Shot|p1a: Lapras\n|-resisted|p1a: Lapras\n|-damage|p1a: Lapras|0 fnt\n|faint|p1a: Lapras\n|\n|upkeep\n|\n|t:|1699565002\n|switch|p1a: Pikachu|Pikachu, M|100\/100\n|turn|15\n|\n|t:|1699565010\n|move|p1a: Pikachu|Endure|p1a: Pikachu\n|-singleturn|p1a: Pikachu|move: Endure\n|move|p2a: Clodsire|Earth Power|p1a: Pikachu\n|-supereffective|p1a: Pikachu\n|-activate|p1a: Pikachu|move: Endure\n|-damage|p1a: Pikachu|1\/100\n|-enditem|p1a: Pikachu|Salac Berry|[eat]\n|-boost|p1a: Pikachu|spe|1|[from] item: Salac Berry\n|\n|upkeep\n|turn|16\n|\n|t:|1699565020\n|move|p1a: Pikachu|Endeavor|p2a: Clodsire\n|-damage|p2a: Clodsire|1\/100\n|move|p2a: Clodsire|Earth Power|p1a: Pikachu\n|-supereffective|p1a: Pikachu\n|-damage|p1a: Pikachu|0 fnt\n|faint|p1a: Pikachu\n|\n|upkeep\n|\n|t:|1699565025\n|switch|p1a: Charizard|Charizard, F|100\/100\n|turn|17\n|c|\u2606Vvbttij|Gg\n|\n|t:|1699565068\n|move|p1a: Charizard|Fire Punch|p2a: Clodsire\n|-damage|p2a: Clodsire|0 fnt\n|faint|p2a: Clodsire\n|\n|win|Vvbttij\n|raw|Vvbttij's rating: 1122 &rarr; <strong>1144<\/strong><br \/>(+22 for winning)\n|raw|kodexadw1910's rating: 1086 &rarr; <strong>1065<\/strong><br \/>(-21 for losing)\n","uploadtime":1699565076,"views":5,"p1id":"vvbttij","p2id":"kodexadw1910","formatid":"gen9nationaldex","rating":1065,"private":0,"password":""}