{"id":"gen9nationaldex-1989786771","p1":"YKY_KING","p2":"fros45","format":"[Gen 9] National Dex","log":"|j|\u2606YKY_KING\n|j|\u2606fros45\n|t:|1699895671\n|gametype|singles\n|player|p1|YKY_KING|dawn|\n|player|p2|fros45|cyclistf-gen4|\n|teamsize|p1|6\n|teamsize|p2|6\n|gen|9\n|tier|[Gen 9] National Dex\n|rule|HP Percentage Mod: HP is shown in percentages\n|rule|Endless Battle Clause: Forcing endless battles is banned\n|rule|OHKO Clause: OHKO moves are banned\n|rule|Evasion Clause: Evasion abilities, items, and moves are banned\n|rule|Evasion Abilities Clause: Evasion abilities are banned\n|rule|Evasion Items Clause: Evasion items are banned\n|rule|Evasion Moves Clause: Evasion moves are banned\n|rule|Species Clause: Limit one of each Pok\u00e9mon\n|rule|Sleep Clause Mod: Limit one foe put to sleep\n|clearpoke\n|poke|p1|Scizor, F|\n|poke|p1|Iron Valiant|\n|poke|p1|Zapdos|\n|poke|p1|Garchomp, F|\n|poke|p1|Slowbro, M|\n|poke|p1|Iron Moth|\n|poke|p2|Great Tusk|\n|poke|p2|Muk-Alola, M|\n|poke|p2|Tyranitar, M|\n|poke|p2|Ursaluna, M|\n|poke|p2|Dracozolt|\n|poke|p2|Toxtricity, M|\n|teampreview\n|inactive|Battle timer is ON: inactive players will automatically lose when time's up. (requested by fros45)\n|c|\u2606YKY_KING|Bol 3\n|c|\u2606YKY_KING|\u015eans*\n|inactiveoff|Battle timer is now OFF.\n|c|\u2606fros45|sana da\n|\n|t:|1699895708\n|start\n|switch|p1a: Garchomp|Garchomp, F|100\/100\n|switch|p2a: Toxtricity|Toxtricity, M|100\/100\n|turn|1\n|\n|t:|1699895722\n|switch|p2a: Great Tusk|Great Tusk|100\/100\n|move|p1a: Garchomp|Earthquake|p2a: Great Tusk\n|-damage|p2a: Great Tusk|74\/100\n|\n|upkeep\n|turn|2\n|\n|t:|1699895732\n|switch|p1a: Slowbro|Slowbro, M|100\/100\n|move|p2a: Great Tusk|Stealth Rock|p1a: Slowbro\n|-sidestart|p1: YKY_KING|move: Stealth Rock\n|\n|upkeep\n|turn|3\n|\n|t:|1699895752\n|-end|p2a: Great Tusk|Protosynthesis|[silent]\n|switch|p2a: Ursaluna|Ursaluna, M|100\/100\n|move|p1a: Slowbro|Teleport|p1a: Slowbro\n|\n|t:|1699895764\n|switch|p1a: Iron Valiant|Iron Valiant|100\/100|[from] Teleport\n|-damage|p1a: Iron Valiant|94\/100|[from] Stealth Rock\n|\n|-status|p2a: Ursaluna|brn|[from] item: Flame Orb\n|upkeep\n|turn|4\n|\n|t:|1699895784\n|move|p1a: Iron Valiant|Focus Blast|p2a: Ursaluna\n|-supereffective|p2a: Ursaluna\n|-damage|p2a: Ursaluna|0 fnt\n|faint|p2a: Ursaluna\n|\n|upkeep\n|\n|t:|1699895790\n|switch|p2a: Toxtricity|Toxtricity, M|100\/100\n|turn|5\n|\n|t:|1699895800\n|-end|p1a: Iron Valiant|Quark Drive|[silent]\n|switch|p1a: Garchomp|Garchomp, F|100\/100\n|-damage|p1a: Garchomp|94\/100|[from] Stealth Rock\n|move|p2a: Toxtricity|Shift Gear|p2a: Toxtricity\n|-boost|p2a: Toxtricity|spe|2\n|-boost|p2a: Toxtricity|atk|1\n|\n|upkeep\n|turn|6\n|\n|t:|1699895808\n|-terastallize|p2a: Toxtricity|Normal\n|move|p2a: Toxtricity|Boomburst|p1a: Garchomp\n|-damage|p1a: Garchomp|0 fnt\n|faint|p1a: Garchomp\n|-enditem|p2a: Toxtricity|Throat Spray\n|-boost|p2a: Toxtricity|spa|1|[from] item: Throat Spray\n|\n|upkeep\n|\n|t:|1699895819\n|switch|p1a: Scizor|Scizor, F|100\/100\n|-damage|p1a: Scizor|88\/100|[from] Stealth Rock\n|turn|7\n|\n|t:|1699895826\n|detailschange|p1a: Scizor|Scizor-Mega, F\n|-mega|p1a: Scizor|Scizor|Scizorite\n|move|p1a: Scizor|Bullet Punch|p2a: Toxtricity\n|-damage|p2a: Toxtricity|51\/100\n|move|p2a: Toxtricity|Overdrive|p1a: Scizor\n|-damage|p1a: Scizor|0 fnt\n|faint|p1a: Scizor\n|\n|upkeep\n|\n|t:|1699895845\n|switch|p1a: Iron Moth|Iron Moth|100\/100\n|-damage|p1a: Iron Moth|75\/100|[from] Stealth Rock\n|turn|8\n|\n|t:|1699895851\n|move|p2a: Toxtricity|Overdrive|p1a: Iron Moth\n|-crit|p1a: Iron Moth\n|-damage|p1a: Iron Moth|0 fnt\n|faint|p1a: Iron Moth\n|-end|p1a: Iron Moth|Quark Drive|[silent]\n|\n|upkeep\n|\n|t:|1699895860\n|switch|p1a: Iron Valiant|Iron Valiant|94\/100\n|-damage|p1a: Iron Valiant|88\/100|[from] Stealth Rock\n|turn|9\n|\n|t:|1699895864\n|move|p2a: Toxtricity|Boomburst|p1a: Iron Valiant\n|-damage|p1a: Iron Valiant|0 fnt\n|faint|p1a: Iron Valiant\n|-end|p1a: Iron Valiant|Quark Drive|[silent]\n|\n|upkeep\n|\n|t:|1699895869\n|switch|p1a: Slowbro|Slowbro, M|100\/100\n|-damage|p1a: Slowbro|88\/100|[from] Stealth Rock\n|turn|10\n|\n|t:|1699895873\n|move|p2a: Toxtricity|Boomburst|p1a: Slowbro\n|-damage|p1a: Slowbro|0 fnt\n|faint|p1a: Slowbro\n|\n|upkeep\n|\n|t:|1699895878\n|switch|p1a: Zapdos|Zapdos|100\/100\n|-damage|p1a: Zapdos|75\/100|[from] Stealth Rock\n|-ability|p1a: Zapdos|Pressure\n|turn|11\n|\n|t:|1699895884\n|move|p2a: Toxtricity|Boomburst|p1a: Zapdos\n|-damage|p1a: Zapdos|0 fnt\n|faint|p1a: Zapdos\n|\n|win|fros45\n|c|\u2606fros45|gg\n|c|\u2606YKY_KING|Gg\n|l|\u2606fros45\n","uploadtime":1699895890,"views":6,"p1id":"ykyking","p2id":"fros45","formatid":"gen9nationaldex","rating":0,"private":0,"password":""}