{"id":"gen9nationaldex-1990225285","p1":"mk244","p2":"v587","format":"[Gen 9] National Dex","log":"|j|\u2606mk244\n|j|\u2606v587\n|t:|1699940221\n|gametype|singles\n|player|p1|mk244|pokemaniac|1346\n|player|p2|v587|dawn|1436\n|teamsize|p1|6\n|teamsize|p2|6\n|gen|9\n|tier|[Gen 9] National Dex\n|rated|\n|rule|HP Percentage Mod: HP is shown in percentages\n|rule|Endless Battle Clause: Forcing endless battles is banned\n|rule|OHKO Clause: OHKO moves are banned\n|rule|Evasion Clause: Evasion abilities, items, and moves are banned\n|rule|Evasion Abilities Clause: Evasion abilities are banned\n|rule|Evasion Items Clause: Evasion items are banned\n|rule|Evasion Moves Clause: Evasion moves are banned\n|rule|Species Clause: Limit one of each Pok\u00e9mon\n|rule|Sleep Clause Mod: Limit one foe put to sleep\n|clearpoke\n|poke|p1|Iron Moth|\n|poke|p1|Garganacl, M|\n|poke|p1|Gliscor, M|\n|poke|p1|Alomomola, F|\n|poke|p1|Heatran, M|\n|poke|p1|Sneasler, F|\n|poke|p2|Galvantula, F|\n|poke|p2|Kleavor, M|\n|poke|p2|Forretress, F|\n|poke|p2|Heracross, M|\n|poke|p2|Frosmoth, M|\n|poke|p2|Pinsir, F|\n|teampreview\n|inactive|Battle timer is ON: inactive players will automatically lose when time's up. (requested by mk244)\n|\n|t:|1699940234\n|start\n|switch|p1a: Garganacl|Garganacl, M|100\/100\n|switch|p2a: Heracross|Heracross, M|100\/100\n|turn|1\n|\n|t:|1699940241\n|move|p2a: Heracross|Knock Off|p1a: Garganacl\n|-damage|p1a: Garganacl|78\/100\n|-enditem|p1a: Garganacl|Leftovers|[from] move: Knock Off|[of] p2a: Heracross\n|move|p1a: Garganacl|Salt Cure|p2a: Heracross\n|-damage|p2a: Heracross|82\/100\n|-start|p2a: Heracross|Salt Cure\n|\n|-damage|p2a: Heracross|69\/100|[from] Salt Cure\n|-status|p2a: Heracross|brn|[from] item: Flame Orb\n|upkeep\n|turn|2\n|\n|t:|1699940247\n|move|p1a: Garganacl|Protect|p1a: Garganacl\n|-singleturn|p1a: Garganacl|Protect\n|move|p2a: Heracross|Close Combat|p1a: Garganacl\n|-activate|p1a: Garganacl|move: Protect\n|\n|-damage|p2a: Heracross|63\/100 brn|[from] brn\n|-damage|p2a: Heracross|51\/100 brn|[from] Salt Cure\n|upkeep\n|turn|3\n|\n|t:|1699940258\n|switch|p1a: Gliscor|Gliscor, M|100\/100\n|move|p2a: Heracross|Facade|p1a: Gliscor\n|-damage|p1a: Gliscor|46\/100\n|\n|-damage|p2a: Heracross|45\/100 brn|[from] brn\n|-damage|p2a: Heracross|33\/100 brn|[from] Salt Cure\n|-status|p1a: Gliscor|tox|[from] item: Toxic Orb\n|upkeep\n|turn|4\n|\n|t:|1699940268\n|move|p2a: Heracross|Facade|p1a: Gliscor\n|-crit|p1a: Gliscor\n|-damage|p1a: Gliscor|0 fnt\n|faint|p1a: Gliscor\n|\n|-damage|p2a: Heracross|27\/100 brn|[from] brn\n|-damage|p2a: Heracross|14\/100 brn|[from] Salt Cure\n|upkeep\n|\n|t:|1699940272\n|switch|p1a: Alomomola|Alomomola, F|100\/100\n|turn|5\n|\n|t:|1699940278\n|move|p1a: Alomomola|Protect|p1a: Alomomola\n|-singleturn|p1a: Alomomola|Protect\n|move|p2a: Heracross|Knock Off|p1a: Alomomola\n|-activate|p1a: Alomomola|move: Protect\n|\n|-damage|p2a: Heracross|8\/100 brn|[from] brn\n|-damage|p2a: Heracross|0 fnt|[from] Salt Cure\n|faint|p2a: Heracross\n|upkeep\n|\n|t:|1699940280\n|switch|p2a: Galvantula|Galvantula, F|100\/100\n|turn|6\n|\n|t:|1699940289\n|move|p2a: Galvantula|Sticky Web|p1a: Alomomola\n|-sidestart|p1: mk244|move: Sticky Web\n|move|p1a: Alomomola|Flip Turn|p2a: Galvantula\n|-damage|p2a: Galvantula|70\/100\n|\n|t:|1699940292\n|switch|p1a: Garganacl|Garganacl, M|78\/100|[from] Flip Turn\n|-activate|p1a: Garganacl|move: Sticky Web\n|-unboost|p1a: Garganacl|spe|1\n|\n|upkeep\n|turn|7\n|\n|t:|1699940301\n|move|p2a: Galvantula|Thunder|p1a: Garganacl\n|-damage|p1a: Garganacl|48\/100\n|move|p1a: Garganacl|Stealth Rock|p2a: Galvantula\n|-sidestart|p2: v587|move: Stealth Rock\n|\n|upkeep\n|turn|8\n|l|\u2606v587\n|inactive|v587 disconnected and has a minute to reconnect!\n|player|p2|\n|j|\u2606v587\n|inactive|v587 reconnected and has 145 seconds left.\n|player|p2|v587|dawn\n|\n|t:|1699940313\n|move|p2a: Galvantula|Sticky Web||[still]\n|-fail|p2a: Galvantula\n|move|p1a: Garganacl|Recover|p1a: Garganacl\n|-heal|p1a: Garganacl|98\/100\n|\n|upkeep\n|turn|9\n|\n|t:|1699940318\n|move|p2a: Galvantula|Thunder|p1a: Garganacl\n|-damage|p1a: Garganacl|65\/100\n|move|p1a: Garganacl|Salt Cure|p2a: Galvantula\n|-supereffective|p2a: Galvantula\n|-damage|p2a: Galvantula|17\/100\n|-start|p2a: Galvantula|Salt Cure\n|\n|-damage|p2a: Galvantula|4\/100|[from] Salt Cure\n|upkeep\n|turn|10\n|\n|t:|1699940324\n|switch|p2a: Forretress|Forretress, F|100\/100\n|-damage|p2a: Forretress|88\/100|[from] Stealth Rock\n|move|p1a: Garganacl|Protect||[still]\n|-fail|p1a: Garganacl\n|\n|-heal|p2a: Forretress|94\/100|[from] item: Leftovers\n|upkeep\n|turn|11\n|\n|t:|1699940328\n|move|p2a: Forretress|Rapid Spin|p1a: Garganacl\n|-resisted|p1a: Garganacl\n|-damage|p1a: Garganacl|61\/100\n|-boost|p2a: Forretress|spe|1\n|-sideend|p2: v587|Stealth Rock|[from] move: Rapid Spin|[of] p2a: Forretress\n|move|p1a: Garganacl|Salt Cure|p2a: Forretress\n|-damage|p2a: Forretress|86\/100\n|-start|p2a: Forretress|Salt Cure\n|\n|-heal|p2a: Forretress|93\/100|[from] item: Leftovers\n|-damage|p2a: Forretress|68\/100|[from] Salt Cure\n|upkeep\n|turn|12\n|\n|t:|1699940334\n|move|p2a: Forretress|Volt Switch|p1a: Garganacl\n|-damage|p1a: Garganacl|54\/100\n|\n|t:|1699940338\n|switch|p2a: Kleavor|Kleavor, M|100\/100|[from] Volt Switch\n|move|p1a: Garganacl|Stealth Rock|p2a: Kleavor\n|-sidestart|p2: v587|move: Stealth Rock\n|\n|upkeep\n|turn|13\n|\n|t:|1699940346\n|move|p1a: Garganacl|Protect|p1a: Garganacl\n|-singleturn|p1a: Garganacl|Protect\n|move|p2a: Kleavor|Stone Axe|p1a: Garganacl\n|-activate|p1a: Garganacl|move: Protect\n|\n|upkeep\n|turn|14\n|\n|t:|1699940352\n|move|p2a: Kleavor|Stone Axe|p1a: Garganacl|[miss]\n|-miss|p2a: Kleavor|p1a: Garganacl\n|move|p1a: Garganacl|Recover|p1a: Garganacl\n|-heal|p1a: Garganacl|100\/100\n|\n|upkeep\n|turn|15\n|\n|t:|1699940355\n|move|p2a: Kleavor|Stone Axe|p1a: Garganacl\n|-damage|p1a: Garganacl|68\/100\n|-sidestart|p1: mk244|move: Stealth Rock\n|move|p1a: Garganacl|Salt Cure|p2a: Kleavor\n|-supereffective|p2a: Kleavor\n|-damage|p2a: Kleavor|63\/100\n|-start|p2a: Kleavor|Salt Cure\n|\n|-damage|p2a: Kleavor|51\/100|[from] Salt Cure\n|upkeep\n|turn|16\n|\n|t:|1699940371\n|move|p2a: Kleavor|U-turn|p1a: Garganacl\n|-damage|p1a: Garganacl|44\/100\n|\n|t:|1699940374\n|switch|p2a: Forretress|Forretress, F|68\/100|[from] U-turn\n|-damage|p2a: Forretress|55\/100|[from] Stealth Rock\n|move|p1a: Garganacl|Salt Cure|p2a: Forretress\n|-damage|p2a: Forretress|47\/100\n|-start|p2a: Forretress|Salt Cure\n|\n|-heal|p2a: Forretress|54\/100|[from] item: Leftovers\n|-damage|p2a: Forretress|29\/100|[from] Salt Cure\n|upkeep\n|turn|17\n|\n|t:|1699940384\n|move|p2a: Forretress|Rapid Spin|p1a: Garganacl\n|-resisted|p1a: Garganacl\n|-damage|p1a: Garganacl|40\/100\n|-boost|p2a: Forretress|spe|1\n|-sideend|p2: v587|Stealth Rock|[from] move: Rapid Spin|[of] p2a: Forretress\n|move|p1a: Garganacl|Recover|p1a: Garganacl\n|-heal|p1a: Garganacl|90\/100\n|\n|-heal|p2a: Forretress|35\/100|[from] item: Leftovers\n|-damage|p2a: Forretress|10\/100|[from] Salt Cure\n|upkeep\n|turn|18\n|\n|t:|1699940389\n|move|p2a: Forretress|Body Press|p1a: Garganacl\n|-supereffective|p1a: Garganacl\n|-crit|p1a: Garganacl\n|-damage|p1a: Garganacl|20\/100\n|move|p1a: Garganacl|Stealth Rock|p2a: Forretress\n|-sidestart|p2: v587|move: Stealth Rock\n|\n|-heal|p2a: Forretress|16\/100|[from] item: Leftovers\n|-damage|p2a: Forretress|0 fnt|[from] Salt Cure\n|faint|p2a: Forretress\n|upkeep\n|\n|t:|1699940397\n|switch|p2a: Pinsir|Pinsir, F|100\/100\n|-damage|p2a: Pinsir|76\/100|[from] Stealth Rock\n|turn|19\n|\n|t:|1699940401\n|move|p2a: Pinsir|Earthquake|p1a: Garganacl\n|-supereffective|p1a: Garganacl\n|-damage|p1a: Garganacl|0 fnt\n|faint|p1a: Garganacl\n|-ability|p2a: Pinsir|Moxie|boost\n|-boost|p2a: Pinsir|atk|1\n|\n|upkeep\n|\n|t:|1699940412\n|switch|p1a: Iron Moth|Iron Moth|100\/100\n|-activate|p1a: Iron Moth|move: Sticky Web\n|-unboost|p1a: Iron Moth|spe|1\n|-damage|p1a: Iron Moth|75\/100|[from] Stealth Rock\n|-enditem|p1a: Iron Moth|Booster Energy\n|-activate|p1a: Iron Moth|ability: Quark Drive|[fromitem]\n|-start|p1a: Iron Moth|quarkdrivespa\n|turn|20\n|\n|t:|1699940420\n|move|p2a: Pinsir|Earthquake|p1a: Iron Moth\n|-supereffective|p1a: Iron Moth\n|-damage|p1a: Iron Moth|0 fnt\n|faint|p1a: Iron Moth\n|-end|p1a: Iron Moth|Quark Drive|[silent]\n|-ability|p2a: Pinsir|Moxie|boost\n|-boost|p2a: Pinsir|atk|1\n|\n|upkeep\n|\n|t:|1699940425\n|switch|p1a: Heatran|Heatran, M|100\/100\n|-activate|p1a: Heatran|move: Sticky Web\n|-unboost|p1a: Heatran|spe|1\n|-damage|p1a: Heatran|88\/100|[from] Stealth Rock\n|turn|21\n|\n|t:|1699940433\n|-terastallize|p1a: Heatran|Grass\n|move|p2a: Pinsir|Earthquake|p1a: Heatran\n|-resisted|p1a: Heatran\n|-damage|p1a: Heatran|54\/100\n|move|p1a: Heatran|Magma Storm|p2a: Pinsir|[miss]\n|-miss|p1a: Heatran|p2a: Pinsir\n|\n|-heal|p1a: Heatran|61\/100|[from] item: Leftovers\n|upkeep\n|turn|22\n|\n|t:|1699940443\n|detailschange|p2a: Pinsir|Pinsir-Mega, F\n|-mega|p2a: Pinsir|Pinsir|Pinsirite\n|move|p2a: Pinsir|Return|p1a: Heatran\n|-supereffective|p1a: Heatran\n|-damage|p1a: Heatran|0 fnt\n|faint|p1a: Heatran\n|\n|upkeep\n|\n|t:|1699940447\n|switch|p1a: Sneasler|Sneasler, F|100\/100\n|-activate|p1a: Sneasler|move: Sticky Web\n|-unboost|p1a: Sneasler|spe|1\n|-damage|p1a: Sneasler|95\/100|[from] Stealth Rock\n|turn|23\n|\n|t:|1699940450\n|move|p1a: Sneasler|Fake Out|p2a: Pinsir\n|-damage|p2a: Pinsir|59\/100\n|-status|p2a: Pinsir|psn|[from] ability: Poison Touch|[of] p1a: Sneasler\n|cant|p2a: Pinsir|flinch\n|\n|-damage|p2a: Pinsir|47\/100 psn|[from] psn\n|upkeep\n|turn|24\n|\n|t:|1699940464\n|move|p2a: Pinsir|Quick Attack|p1a: Sneasler\n|-supereffective|p1a: Sneasler\n|-damage|p1a: Sneasler|0 fnt\n|faint|p1a: Sneasler\n|\n|-damage|p2a: Pinsir|35\/100 psn|[from] psn\n|upkeep\n|-message|mk244 forfeited.\n|\n|win|v587\n|raw|mk244's rating: 1346 &rarr; <strong>1331<\/strong><br \/>(-15 for losing)\n|raw|v587's rating: 1436 &rarr; <strong>1451<\/strong><br \/>(+15 for winning)\n|l|\u2606mk244\n","uploadtime":1699940473,"views":4,"p1id":"mk244","p2id":"v587","formatid":"gen9nationaldex","rating":1331,"private":0,"password":""}