{"id":"gen9nationaldex-1987976283","p1":"Adrian Banister","p2":"Player 723456","format":"[Gen 9] National Dex","log":"|j|\u2606Adrian Banister\n|j|\u2606Player 723456\n|t:|1699655070\n|gametype|singles\n|player|p1|Adrian Banister|266|1071\n|player|p2|Player 723456|lucas|1068\n|teamsize|p1|6\n|teamsize|p2|6\n|gen|9\n|tier|[Gen 9] National Dex\n|rated|\n|rule|HP Percentage Mod: HP is shown in percentages\n|rule|Endless Battle Clause: Forcing endless battles is banned\n|rule|OHKO Clause: OHKO moves are banned\n|rule|Evasion Clause: Evasion abilities, items, and moves are banned\n|rule|Evasion Abilities Clause: Evasion abilities are banned\n|rule|Evasion Items Clause: Evasion items are banned\n|rule|Evasion Moves Clause: Evasion moves are banned\n|rule|Species Clause: Limit one of each Pok\u00e9mon\n|rule|Sleep Clause Mod: Limit one foe put to sleep\n|clearpoke\n|poke|p1|Tyrantrum, M|\n|poke|p1|Inteleon, M|\n|poke|p1|Aggron, F|\n|poke|p1|Gengar, F|\n|poke|p1|Leavanny, M|\n|poke|p1|Entei|\n|poke|p2|Furret, F|\n|poke|p2|Hawlucha, F|\n|poke|p2|Incineroar, F|\n|poke|p2|Feraligatr, M|\n|poke|p2|Serperior, M|\n|poke|p2|Duraludon, F|\n|teampreview\n|inactive|Battle timer is ON: inactive players will automatically lose when time's up. (requested by Adrian Banister)\n|c|\u2606Adrian Banister|gl hf\n|\n|t:|1699655092\n|start\n|switch|p1a: Leavanny|Leavanny, M|100\/100\n|switch|p2a: Hawlucha|Hawlucha, F|100\/100\n|turn|1\n|\n|t:|1699655104\n|move|p2a: Hawlucha|Acrobatics|p1a: Leavanny\n|-supereffective|p1a: Leavanny\n|-enditem|p1a: Leavanny|Focus Sash\n|-damage|p1a: Leavanny|1\/100\n|move|p1a: Leavanny|Sticky Web|p2a: Hawlucha\n|-sidestart|p2: Player 723456|move: Sticky Web\n|\n|upkeep\n|turn|2\n|\n|t:|1699655112\n|move|p2a: Hawlucha|Acrobatics|p1a: Leavanny\n|-supereffective|p1a: Leavanny\n|-damage|p1a: Leavanny|0 fnt\n|faint|p1a: Leavanny\n|\n|upkeep\n|\n|t:|1699655119\n|switch|p1a: Inteleon|Inteleon, M|100\/100\n|turn|3\n|\n|t:|1699655125\n|switch|p2a: Furret|Furret, F|100\/100\n|-activate|p2a: Furret|move: Sticky Web\n|-fail|p2a: Furret|unboost|[from] item: Clear Amulet|[of] p2a: Furret\n|-item|p1a: Inteleon|Splash Plate|[from] ability: Frisk|[of] p2a: Furret|[identify]\n|move|p1a: Inteleon|Ice Beam|p2a: Furret\n|-damage|p2a: Furret|49\/100\n|\n|upkeep\n|turn|4\n|\n|t:|1699655141\n|switch|p2a: Duraludon|Duraludon, F|100\/100\n|-activate|p2a: Duraludon|move: Sticky Web\n|-unboost|p2a: Duraludon|spe|1\n|move|p1a: Inteleon|Focus Energy|p1a: Inteleon\n|-start|p1a: Inteleon|move: Focus Energy\n|\n|upkeep\n|turn|5\n|\n|t:|1699655156\n|move|p1a: Inteleon|Snipe Shot|p2a: Duraludon\n|-resisted|p2a: Duraludon\n|-crit|p2a: Duraludon\n|-damage|p2a: Duraludon|0 fnt\n|faint|p2a: Duraludon\n|\n|upkeep\n|\n|t:|1699655162\n|switch|p2a: Furret|Furret, F|49\/100\n|-activate|p2a: Furret|move: Sticky Web\n|-fail|p2a: Furret|unboost|[from] item: Clear Amulet|[of] p2a: Furret\n|-item|p1a: Inteleon|Splash Plate|[from] ability: Frisk|[of] p2a: Furret|[identify]\n|turn|6\n|\n|t:|1699655170\n|move|p1a: Inteleon|Snipe Shot|p2a: Furret\n|-crit|p2a: Furret\n|-damage|p2a: Furret|0 fnt\n|faint|p2a: Furret\n|\n|upkeep\n|\n|t:|1699655181\n|switch|p2a: Serperior|Serperior, M|100\/100\n|-activate|p2a: Serperior|move: Sticky Web\n|-boost|p2a: Serperior|spe|1\n|turn|7\n|\n|t:|1699655191\n|-terastallize|p1a: Inteleon|Flying\n|move|p2a: Serperior|Leaf Storm|p1a: Inteleon\n|-resisted|p1a: Inteleon\n|-damage|p1a: Inteleon|61\/100\n|-boost|p2a: Serperior|spa|2\n|move|p1a: Inteleon|Air Cutter|p2a: Serperior\n|-supereffective|p2a: Serperior\n|-crit|p2a: Serperior\n|-damage|p2a: Serperior|0 fnt\n|faint|p2a: Serperior\n|\n|upkeep\n|\n|t:|1699655205\n|switch|p2a: Hawlucha|Hawlucha, F|100\/100\n|turn|8\n|\n|t:|1699655213\n|move|p1a: Inteleon|Ice Beam|p2a: Hawlucha\n|-supereffective|p2a: Hawlucha\n|-damage|p2a: Hawlucha|6\/100\n|-enditem|p2a: Hawlucha|Weakness Policy\n|-boost|p2a: Hawlucha|atk|2|[from] item: Weakness Policy\n|-boost|p2a: Hawlucha|spa|2|[from] item: Weakness Policy\n|move|p2a: Hawlucha|High Jump Kick|p1a: Inteleon\n|-resisted|p1a: Inteleon\n|-crit|p1a: Inteleon\n|-damage|p1a: Inteleon|0 fnt\n|faint|p1a: Inteleon\n|\n|upkeep\n|\n|t:|1699655223\n|switch|p1a: Gengar|Gengar, F|100\/100\n|turn|9\n|\n|t:|1699655228\n|move|p2a: Hawlucha|Acrobatics|p1a: Gengar\n|-damage|p1a: Gengar|0 fnt\n|faint|p1a: Gengar\n|\n|upkeep\n|\n|t:|1699655236\n|switch|p1a: Entei|Entei|100\/100\n|-ability|p1a: Entei|Pressure\n|turn|10\n|\n|t:|1699655241\n|move|p2a: Hawlucha|Acrobatics|p1a: Entei\n|-damage|p1a: Entei|0 fnt\n|faint|p1a: Entei\n|\n|upkeep\n|\n|t:|1699655245\n|switch|p1a: Tyrantrum|Tyrantrum, M|100\/100\n|turn|11\n|\n|t:|1699655249\n|move|p2a: Hawlucha|High Jump Kick|p1a: Tyrantrum\n|-supereffective|p1a: Tyrantrum\n|-damage|p1a: Tyrantrum|0 fnt\n|faint|p1a: Tyrantrum\n|\n|upkeep\n|\n|t:|1699655254\n|switch|p1a: Aggron|Aggron, F|100\/100\n|turn|12\n|\n|t:|1699655257\n|detailschange|p1a: Aggron|Aggron-Mega, F\n|-mega|p1a: Aggron|Aggron|Aggronite\n|move|p2a: Hawlucha|High Jump Kick|p1a: Aggron\n|-supereffective|p1a: Aggron\n|-damage|p1a: Aggron|17\/100\n|move|p1a: Aggron|Heavy Slam|p2a: Hawlucha\n|-damage|p2a: Hawlucha|0 fnt\n|faint|p2a: Hawlucha\n|\n|upkeep\n|\n|t:|1699655266\n|switch|p2a: Incineroar|Incineroar, F|100\/100\n|-activate|p2a: Incineroar|move: Sticky Web\n|-unboost|p2a: Incineroar|spe|1\n|-ability|p2a: Incineroar|Intimidate|boost\n|-unboost|p1a: Aggron|atk|1\n|turn|13\n|\n|t:|1699655273\n|move|p2a: Incineroar|Flame Charge|p1a: Aggron\n|-supereffective|p1a: Aggron\n|-damage|p1a: Aggron|0 fnt\n|-boost|p2a: Incineroar|spe|1\n|faint|p1a: Aggron\n|\n|win|Player 723456\n|raw|Adrian Banister's rating: 1071 &rarr; <strong>1050<\/strong><br \/>(-21 for losing)\n|raw|Player 723456's rating: 1068 &rarr; <strong>1098<\/strong><br \/>(+30 for winning)\n|c|\u2606Player 723456|gg\n|c|\u2606Player 723456|I thought I was going to lose\n|c|\u2606Player 723456|wp\n","uploadtime":1699655302,"views":19,"p1id":"adrianbanister","p2id":"player723456","formatid":"gen9nationaldex","rating":1050,"private":0,"password":""}