{"id":"gen9nationaldex-1987197406","p1":"kaiserjin","p2":"smoodayx","format":"[Gen 9] National Dex","log":"|j|\u2606kaiserjin\n|j|\u2606smoodayx\n|t:|1699564381\n|gametype|singles\n|player|p1|kaiserjin|palmer|1219\n|player|p2|smoodayx|falkner|1368\n|teamsize|p1|6\n|teamsize|p2|6\n|gen|9\n|tier|[Gen 9] National Dex\n|rated|\n|rule|HP Percentage Mod: HP is shown in percentages\n|rule|Endless Battle Clause: Forcing endless battles is banned\n|rule|OHKO Clause: OHKO moves are banned\n|rule|Evasion Clause: Evasion abilities, items, and moves are banned\n|rule|Evasion Abilities Clause: Evasion abilities are banned\n|rule|Evasion Items Clause: Evasion items are banned\n|rule|Evasion Moves Clause: Evasion moves are banned\n|rule|Species Clause: Limit one of each Pok\u00e9mon\n|rule|Sleep Clause Mod: Limit one foe put to sleep\n|clearpoke\n|poke|p1|Chesnaught, M|\n|poke|p1|Golurk|\n|poke|p1|Tinkaton, F|\n|poke|p1|Dragonite, M|\n|poke|p1|Armarouge, M|\n|poke|p1|Indeedee-F, F|\n|poke|p2|Victini|\n|poke|p2|Weavile, M|\n|poke|p2|Keldeo-Resolute|\n|poke|p2|Zapdos|\n|poke|p2|Garchomp, F|\n|poke|p2|Tapu Lele|\n|teampreview\n|\n|t:|1699564395\n|start\n|switch|p1a: Dragonite|Dragonite, M|100\/100\n|switch|p2a: Victini|Victini|100\/100\n|turn|1\n|\n|t:|1699564402\n|move|p2a: Victini|U-turn|p1a: Dragonite\n|-resisted|p1a: Dragonite\n|-damage|p1a: Dragonite|95\/100\n|\n|t:|1699564407\n|switch|p2a: Tapu Lele|Tapu Lele|100\/100|[from] U-turn\n|-fieldstart|move: Psychic Terrain|[from] ability: Psychic Surge|[of] p2a: Tapu Lele\n|move|p1a: Dragonite|Dragon Dance|p1a: Dragonite\n|-boost|p1a: Dragonite|atk|1\n|-boost|p1a: Dragonite|spe|1\n|\n|upkeep\n|turn|2\n|\n|t:|1699564426\n|move|p2a: Tapu Lele|Moonblast|p1a: Dragonite\n|-supereffective|p1a: Dragonite\n|-damage|p1a: Dragonite|0 fnt\n|faint|p1a: Dragonite\n|\n|upkeep\n|\n|t:|1699564438\n|switch|p1a: Indeedee|Indeedee-F, F|100\/100\n|turn|3\n|\n|t:|1699564449\n|move|p2a: Tapu Lele|Moonblast|p1a: Indeedee\n|-damage|p1a: Indeedee|68\/100\n|move|p1a: Indeedee|Trick Room|p1a: Indeedee\n|-fieldstart|move: Trick Room|[of] p1a: Indeedee\n|\n|upkeep\n|turn|4\n|\n|t:|1699564468\n|switch|p1a: Armarouge|Armarouge, M|100\/100\n|move|p2a: Tapu Lele|Moonblast|p1a: Armarouge\n|-resisted|p1a: Armarouge\n|-damage|p1a: Armarouge|67\/100\n|-unboost|p1a: Armarouge|spa|1\n|\n|upkeep\n|turn|5\n|\n|t:|1699564477\n|move|p1a: Armarouge|Armor Cannon|p2a: Tapu Lele\n|-damage|p2a: Tapu Lele|50\/100\n|-unboost|p1a: Armarouge|def|1\n|-unboost|p1a: Armarouge|spd|1\n|move|p2a: Tapu Lele|Moonblast|p1a: Armarouge\n|-resisted|p1a: Armarouge\n|-damage|p1a: Armarouge|14\/100\n|-unboost|p1a: Armarouge|spa|1\n|\n|-fieldend|move: Psychic Terrain\n|upkeep\n|turn|6\n|\n|t:|1699564506\n|switch|p1a: Hammer Master|Tinkaton, F|100\/100\n|-ability|p1a: Hammer Master|Mold Breaker\n|move|p2a: Tapu Lele|Moonblast|p1a: Hammer Master\n|-resisted|p1a: Hammer Master\n|-damage|p1a: Hammer Master|85\/100\n|\n|-heal|p1a: Hammer Master|91\/100|[from] item: Leftovers\n|upkeep\n|turn|7\n|\n|t:|1699564518\n|switch|p2a: Keldeo|Keldeo-Resolute|100\/100\n|move|p1a: Hammer Master|Thunder Wave|p2a: Keldeo|[miss]\n|-miss|p1a: Hammer Master|p2a: Keldeo\n|\n|-heal|p1a: Hammer Master|98\/100|[from] item: Leftovers\n|-fieldend|move: Trick Room\n|upkeep\n|turn|8\n|\n|t:|1699564533\n|switch|p1a: Forest Knight|Chesnaught, M, shiny|100\/100\n|move|p2a: Keldeo|Substitute|p2a: Keldeo\n|-start|p2a: Keldeo|Substitute\n|-damage|p2a: Keldeo|75\/100\n|\n|-heal|p2a: Keldeo|82\/100|[from] item: Leftovers\n|upkeep\n|turn|9\n|\n|t:|1699564544\n|move|p2a: Keldeo|Calm Mind|p2a: Keldeo\n|-boost|p2a: Keldeo|spa|1\n|-boost|p2a: Keldeo|spd|1\n|move|p1a: Forest Knight|Bulk Up|p1a: Forest Knight\n|-boost|p1a: Forest Knight|atk|1\n|-boost|p1a: Forest Knight|def|1\n|\n|-heal|p2a: Keldeo|88\/100|[from] item: Leftovers\n|upkeep\n|turn|10\n|\n|t:|1699564555\n|move|p2a: Keldeo|Calm Mind|p2a: Keldeo\n|-boost|p2a: Keldeo|spa|1\n|-boost|p2a: Keldeo|spd|1\n|move|p1a: Forest Knight|Drain Punch|p2a: Keldeo\n|-end|p2a: Keldeo|Substitute\n|\n|-heal|p2a: Keldeo|94\/100|[from] item: Leftovers\n|upkeep\n|turn|11\n|\n|t:|1699564568\n|move|p2a: Keldeo|Secret Sword|p1a: Forest Knight\n|-damage|p1a: Forest Knight|59\/100\n|move|p1a: Forest Knight|Seed Bomb|p2a: Keldeo\n|-supereffective|p2a: Keldeo\n|-damage|p2a: Keldeo|0 fnt\n|faint|p2a: Keldeo\n|\n|-heal|p1a: Forest Knight|65\/100|[from] item: Leftovers\n|upkeep\n|\n|t:|1699564583\n|switch|p2a: Tapu Lele|Tapu Lele|50\/100\n|-fieldstart|move: Psychic Terrain|[from] ability: Psychic Surge|[of] p2a: Tapu Lele\n|turn|12\n|\n|t:|1699564591\n|move|p1a: Forest Knight|Spiky Shield|p1a: Forest Knight\n|-singleturn|p1a: Forest Knight|move: Protect\n|move|p2a: Tapu Lele|Moonblast|p1a: Forest Knight\n|-activate|p1a: Forest Knight|move: Protect\n|\n|-heal|p1a: Forest Knight|71\/100|[from] item: Leftovers\n|upkeep\n|turn|13\n|\n|t:|1699564602\n|switch|p1a: Hammer Master|Tinkaton, F|98\/100\n|-ability|p1a: Hammer Master|Mold Breaker\n|move|p2a: Tapu Lele|Moonblast|p1a: Hammer Master\n|-resisted|p1a: Hammer Master\n|-damage|p1a: Hammer Master|81\/100\n|\n|-heal|p1a: Hammer Master|87\/100|[from] item: Leftovers\n|upkeep\n|turn|14\n|\n|t:|1699564612\n|switch|p2a: Zapdos|Zapdos|100\/100\n|move|p1a: Hammer Master|Thunder Wave|p2a: Zapdos\n|-immune|p2a: Zapdos\n|\n|-heal|p1a: Hammer Master|93\/100|[from] item: Leftovers\n|upkeep\n|turn|15\n|\n|t:|1699564624\n|move|p2a: Zapdos|Hurricane|p1a: Hammer Master|[miss]\n|-miss|p2a: Zapdos|p1a: Hammer Master\n|move|p1a: Hammer Master|Gigaton Hammer|p2a: Zapdos\n|-resisted|p2a: Zapdos\n|-damage|p2a: Zapdos|85\/100\n|\n|-heal|p1a: Hammer Master|99\/100|[from] item: Leftovers\n|upkeep\n|turn|16\n|\n|t:|1699564634\n|move|p2a: Zapdos|Hurricane|p1a: Hammer Master|[miss]\n|-miss|p2a: Zapdos|p1a: Hammer Master\n|move|p1a: Hammer Master|Knock Off|p2a: Zapdos\n|-crit|p2a: Zapdos\n|-damage|p2a: Zapdos|66\/100\n|-status|p1a: Hammer Master|par|[from] ability: Static|[of] p2a: Zapdos\n|-enditem|p2a: Zapdos|Heavy-Duty Boots|[from] move: Knock Off|[of] p1a: Hammer Master\n|\n|-heal|p1a: Hammer Master|100\/100 par|[from] item: Leftovers\n|-fieldend|move: Psychic Terrain\n|upkeep\n|turn|17\n|\n|t:|1699564651\n|move|p2a: Zapdos|Roost|p2a: Zapdos\n|-heal|p2a: Zapdos|100\/100\n|-singleturn|p2a: Zapdos|move: Roost\n|cant|p1a: Hammer Master|par\n|\n|upkeep\n|turn|18\n|\n|t:|1699564660\n|move|p2a: Zapdos|Volt Switch|p1a: Hammer Master\n|-damage|p1a: Hammer Master|83\/100 par\n|\n|t:|1699564665\n|switch|p2a: Garchomp|Garchomp, F|100\/100|[from] Volt Switch\n|move|p1a: Hammer Master|Encore||[still]\n|-fail|p1a: Hammer Master\n|\n|-heal|p1a: Hammer Master|90\/100 par|[from] item: Leftovers\n|upkeep\n|turn|19\n|\n|t:|1699564685\n|switch|p1a: Forest Knight|Chesnaught, M, shiny|71\/100\n|move|p2a: Garchomp|Swords Dance|p2a: Garchomp\n|-boost|p2a: Garchomp|atk|2\n|\n|-heal|p1a: Forest Knight|77\/100|[from] item: Leftovers\n|upkeep\n|turn|20\n|\n|t:|1699564704\n|-zpower|p2a: Garchomp\n|move|p2a: Garchomp|Continental Crush|p1a: Forest Knight|[zeffect]\n|-resisted|p1a: Forest Knight\n|-damage|p1a: Forest Knight|29\/100\n|move|p1a: Forest Knight|Bulk Up|p1a: Forest Knight\n|-boost|p1a: Forest Knight|atk|1\n|-boost|p1a: Forest Knight|def|1\n|\n|-heal|p1a: Forest Knight|35\/100|[from] item: Leftovers\n|upkeep\n|turn|21\n|\n|t:|1699564721\n|move|p2a: Garchomp|Earthquake|p1a: Forest Knight\n|-resisted|p1a: Forest Knight\n|-damage|p1a: Forest Knight|8\/100\n|move|p1a: Forest Knight|Seed Bomb|p2a: Garchomp\n|-damage|p2a: Garchomp|42\/100\n|\n|-heal|p1a: Forest Knight|14\/100|[from] item: Leftovers\n|upkeep\n|turn|22\n|\n|t:|1699564730\n|move|p1a: Forest Knight|Spiky Shield|p1a: Forest Knight\n|-singleturn|p1a: Forest Knight|move: Protect\n|move|p2a: Garchomp|Earthquake|p1a: Forest Knight\n|-activate|p1a: Forest Knight|move: Protect\n|\n|-heal|p1a: Forest Knight|20\/100|[from] item: Leftovers\n|upkeep\n|turn|23\n|\n|t:|1699564751\n|move|p2a: Garchomp|Earthquake|p1a: Forest Knight\n|-resisted|p1a: Forest Knight\n|-damage|p1a: Forest Knight|0 fnt\n|faint|p1a: Forest Knight\n|\n|upkeep\n|\n|t:|1699564758\n|switch|p1a: Indeedee|Indeedee-F, F|68\/100\n|-fieldstart|move: Psychic Terrain|[from] ability: Psychic Surge|[of] p1a: Indeedee\n|turn|24\n|\n|t:|1699564764\n|move|p2a: Garchomp|Earthquake|p1a: Indeedee\n|-damage|p1a: Indeedee|0 fnt\n|faint|p1a: Indeedee\n|\n|upkeep\n|\n|t:|1699564776\n|switch|p1a: Armarouge|Armarouge, M|14\/100\n|turn|25\n|\n|t:|1699564781\n|move|p1a: Armarouge|Endure|p1a: Armarouge\n|-singleturn|p1a: Armarouge|move: Endure\n|move|p2a: Garchomp|Earthquake|p1a: Armarouge\n|-supereffective|p1a: Armarouge\n|-activate|p1a: Armarouge|move: Endure\n|-damage|p1a: Armarouge|1\/100\n|-ability|p1a: Armarouge|Weak Armor|boost\n|-unboost|p1a: Armarouge|def|1\n|-boost|p1a: Armarouge|spe|2\n|-enditem|p1a: Armarouge|Weakness Policy\n|-boost|p1a: Armarouge|atk|2|[from] item: Weakness Policy\n|-boost|p1a: Armarouge|spa|2|[from] item: Weakness Policy\n|\n|upkeep\n|turn|26\n|\n|t:|1699564812\n|move|p1a: Armarouge|Energy Ball|p2a: Garchomp\n|-damage|p2a: Garchomp|0 fnt\n|faint|p2a: Garchomp\n|\n|upkeep\n|\n|t:|1699564820\n|switch|p2a: Zapdos|Zapdos|100\/100\n|turn|27\n|\n|t:|1699564829\n|move|p1a: Armarouge|Armor Cannon|p2a: Zapdos\n|-damage|p2a: Zapdos|0 fnt\n|-unboost|p1a: Armarouge|def|1\n|-unboost|p1a: Armarouge|spd|1\n|faint|p2a: Zapdos\n|\n|upkeep\n|\n|t:|1699564840\n|switch|p2a: Victini|Victini|100\/100\n|turn|28\n|\n|t:|1699564855\n|move|p1a: Armarouge|Armor Cannon|p2a: Victini\n|-resisted|p2a: Victini\n|-damage|p2a: Victini|36\/100\n|-unboost|p1a: Armarouge|def|1\n|-unboost|p1a: Armarouge|spd|1\n|move|p2a: Victini|U-turn|p1a: Armarouge\n|-damage|p1a: Armarouge|0 fnt\n|faint|p1a: Armarouge\n|\n|t:|1699564867\n|switch|p2a: Tapu Lele|Tapu Lele|50\/100|[from] U-turn\n|\n|-fieldend|move: Psychic Terrain\n|upkeep\n|\n|t:|1699564875\n|switch|p1a: Hammer Master|Tinkaton, F|90\/100 par\n|-ability|p1a: Hammer Master|Mold Breaker\n|turn|29\n|\n|t:|1699564884\n|move|p2a: Tapu Lele|Thunderbolt|p1a: Hammer Master\n|-damage|p1a: Hammer Master|69\/100 par\n|move|p1a: Hammer Master|Thunder Wave|p2a: Tapu Lele\n|-status|p2a: Tapu Lele|par\n|\n|-heal|p1a: Hammer Master|75\/100 par|[from] item: Leftovers\n|upkeep\n|turn|30\n|\n|t:|1699564893\n|cant|p2a: Tapu Lele|par\n|move|p1a: Hammer Master|Knock Off|p2a: Tapu Lele\n|-damage|p2a: Tapu Lele|21\/100 par\n|-enditem|p2a: Tapu Lele|Choice Scarf|[from] move: Knock Off|[of] p1a: Hammer Master\n|\n|-heal|p1a: Hammer Master|82\/100 par|[from] item: Leftovers\n|upkeep\n|turn|31\n|\n|t:|1699564904\n|cant|p2a: Tapu Lele|par\n|move|p1a: Hammer Master|Gigaton Hammer|p2a: Tapu Lele\n|-supereffective|p2a: Tapu Lele\n|-damage|p2a: Tapu Lele|0 fnt\n|faint|p2a: Tapu Lele\n|\n|-heal|p1a: Hammer Master|88\/100 par|[from] item: Leftovers\n|upkeep\n|\n|t:|1699564910\n|switch|p2a: Victini|Victini|36\/100\n|turn|32\n|\n|t:|1699564917\n|move|p2a: Victini|V-create|p1a: Hammer Master\n|-supereffective|p1a: Hammer Master\n|-damage|p1a: Hammer Master|0 fnt\n|-unboost|p2a: Victini|spe|1\n|-unboost|p2a: Victini|def|1\n|-unboost|p2a: Victini|spd|1\n|faint|p1a: Hammer Master\n|\n|upkeep\n|\n|t:|1699564926\n|switch|p1a: Forbidden Golem|Golurk|100\/100\n|turn|33\n|\n|t:|1699564945\n|-terastallize|p1a: Forbidden Golem|Fighting\n|move|p2a: Victini|V-create|p1a: Forbidden Golem\n|-damage|p1a: Forbidden Golem|11\/100\n|-unboost|p2a: Victini|spe|1\n|-unboost|p2a: Victini|def|1\n|-unboost|p2a: Victini|spd|1\n|move|p1a: Forbidden Golem|Dynamic Punch|p2a: Victini\n|-resisted|p2a: Victini\n|-damage|p2a: Victini|0 fnt\n|faint|p2a: Victini\n|\n|upkeep\n|\n|t:|1699564958\n|switch|p2a: Weavile|Weavile, M|100\/100\n|-ability|p2a: Weavile|Pressure\n|turn|34\n|\n|t:|1699564969\n|move|p2a: Weavile|Ice Shard|p1a: Forbidden Golem\n|-damage|p1a: Forbidden Golem|0 fnt\n|faint|p1a: Forbidden Golem\n|\n|win|smoodayx\n|raw|kaiserjin's rating: 1219 &rarr; <strong>1204<\/strong><br \/>(-15 for losing)\n|raw|smoodayx's rating: 1368 &rarr; <strong>1380<\/strong><br \/>(+12 for winning)\n","uploadtime":1699564977,"views":8,"p1id":"kaiserjin","p2id":"smoodayx","formatid":"gen9nationaldex","rating":1204,"private":0,"password":""}