{"id":"gen9nationaldex-1999479777","p1":"TheSunKing1","p2":"i like serperior","format":"[Gen 9] National Dex","log":"|html|<div class=\"broadcast-blue\"><strong>[Gen 9] National Dex is currently suspecting Sneasler! For information on how to participate check out the <a href=\"https:\/\/www.smogon.com\/forums\/threads\/sv-national-dex-suspect-8-just-dance.3731534\/\">suspect thread<\/a>.<\/strong><\/div>\n|j|\u2606TheSunKing1\n|j|\u2606i like serperior\n|t:|1701086841\n|gametype|singles\n|player|p1|TheSunKing1|silver-masters|1588\n|player|p2|i like serperior|colress|1641\n|teamsize|p1|6\n|teamsize|p2|6\n|gen|9\n|tier|[Gen 9] National Dex\n|rated|\n|rule|HP Percentage Mod: HP is shown in percentages\n|rule|Endless Battle Clause: Forcing endless battles is banned\n|rule|OHKO Clause: OHKO moves are banned\n|rule|Evasion Clause: Evasion abilities, items, and moves are banned\n|rule|Evasion Abilities Clause: Evasion abilities are banned\n|rule|Evasion Items Clause: Evasion items are banned\n|rule|Evasion Moves Clause: Evasion moves are banned\n|rule|Species Clause: Limit one of each Pok\u00e9mon\n|rule|Sleep Clause Mod: Limit one foe put to sleep\n|clearpoke\n|poke|p1|Torkoal, M|\n|poke|p1|Leafeon, F|\n|poke|p1|Landorus-Therian, M|\n|poke|p1|Heatran, M|\n|poke|p1|Weavile, F|\n|poke|p1|Victini|\n|poke|p2|Tyranitar, M|\n|poke|p2|Garchomp, M|\n|poke|p2|Dracozolt|\n|poke|p2|Moltres|\n|poke|p2|Gigalith, F|\n|poke|p2|Serperior, M|\n|teampreview\n|\n|t:|1701086852\n|start\n|switch|p1a: Landorus|Landorus-Therian, M|100\/100\n|switch|p2a: Iwajira|Tyranitar, M, shiny|100\/100\n|-ability|p1a: Landorus|Intimidate|boost\n|-unboost|p2a: Iwajira|atk|1\n|-weather|Sandstorm|[from] ability: Sand Stream|[of] p2a: Iwajira\n|turn|1\n|inactive|Battle timer is ON: inactive players will automatically lose when time's up. (requested by TheSunKing1)\n|\n|t:|1701086863\n|move|p1a: Landorus|U-turn|p2a: Iwajira\n|-supereffective|p2a: Iwajira\n|-damage|p2a: Iwajira|73\/100\n|\n|t:|1701086869\n|switch|p1a: Victini|Victini|100\/100|[from] U-turn\n|move|p2a: Iwajira|Ice Beam|p1a: Victini\n|-resisted|p1a: Victini\n|-damage|p1a: Victini|89\/100\n|\n|-weather|Sandstorm|[upkeep]\n|-damage|p1a: Victini|83\/100|[from] Sandstorm\n|upkeep\n|turn|2\n|\n|t:|1701086875\n|move|p1a: Victini|U-turn|p2a: Iwajira\n|-supereffective|p2a: Iwajira\n|-damage|p2a: Iwajira|26\/100\n|\n|t:|1701086878\n|switch|p1a: Landorus|Landorus-Therian, M|100\/100|[from] U-turn\n|-ability|p1a: Landorus|Intimidate|boost\n|-unboost|p2a: Iwajira|atk|1\n|move|p2a: Iwajira|Stone Edge|p1a: Landorus\n|-damage|p1a: Landorus|79\/100\n|\n|-weather|Sandstorm|[upkeep]\n|upkeep\n|turn|3\n|\n|t:|1701086887\n|switch|p2a: Moltres|Moltres, shiny|100\/100\n|move|p1a: Landorus|U-turn|p2a: Moltres\n|-resisted|p2a: Moltres\n|-damage|p2a: Moltres|96\/100\n|\n|t:|1701086891\n|switch|p1a: Heatran|Heatran, M|100\/100|[from] U-turn\n|-item|p1a: Heatran|Air Balloon\n|\n|-weather|Sandstorm|[upkeep]\n|-damage|p2a: Moltres|90\/100|[from] Sandstorm\n|upkeep\n|turn|4\n|\n|t:|1701086896\n|switch|p2a: Azurite|Gigalith, F, shiny|100\/100\n|move|p1a: Heatran|Stealth Rock|p2a: Azurite\n|-sidestart|p2: i like serperior|move: Stealth Rock\n|\n|-weather|Sandstorm|[upkeep]\n|upkeep\n|turn|5\n|\n|t:|1701086902\n|move|p1a: Heatran|Toxic|p2a: Azurite\n|-status|p2a: Azurite|tox\n|move|p2a: Azurite|Stealth Rock|p1a: Heatran\n|-sidestart|p1: TheSunKing1|move: Stealth Rock\n|\n|-weather|Sandstorm|[upkeep]\n|-damage|p2a: Azurite|94\/100 tox|[from] psn\n|upkeep\n|turn|6\n|\n|t:|1701086912\n|switch|p1a: Landorus|Landorus-Therian, M|79\/100\n|-damage|p1a: Landorus|67\/100|[from] Stealth Rock\n|-ability|p1a: Landorus|Intimidate|boost\n|-unboost|p2a: Azurite|atk|1\n|move|p2a: Azurite|Stone Edge|p1a: Landorus\n|-damage|p1a: Landorus|27\/100\n|\n|-weather|Sandstorm|[upkeep]\n|-damage|p2a: Azurite|82\/100 tox|[from] psn\n|upkeep\n|turn|7\n|\n|t:|1701086928\n|move|p1a: Landorus|Earth Power|p2a: Azurite\n|-supereffective|p2a: Azurite\n|-damage|p2a: Azurite|33\/100 tox\n|-unboost|p2a: Azurite|spd|1\n|move|p2a: Azurite|Stone Edge|p1a: Landorus\n|-damage|p1a: Landorus|0 fnt\n|faint|p1a: Landorus\n|\n|-weather|Sandstorm|[upkeep]\n|-damage|p2a: Azurite|15\/100 tox|[from] psn\n|upkeep\n|inactive|TheSunKing1 has 120 seconds left.\n|\n|t:|1701086949\n|switch|p1a: Heatran|Heatran, M|100\/100\n|-damage|p1a: Heatran|88\/100|[from] Stealth Rock\n|-item|p1a: Heatran|Air Balloon\n|turn|8\n|\n|t:|1701086953\n|move|p1a: Heatran|Earth Power|p2a: Azurite\n|-supereffective|p2a: Azurite\n|-damage|p2a: Azurite|0 fnt\n|faint|p2a: Azurite\n|\n|-weather|none\n|upkeep\n|\n|t:|1701086956\n|switch|p2a: Moltres|Moltres, shiny|90\/100\n|turn|9\n|\n|t:|1701086959\n|move|p2a: Moltres|Defog|p1a: Heatran\n|-unboost|p1a: Heatran|evasion|1\n|-sideend|p1: TheSunKing1|Stealth Rock|[from] move: Defog|[of] p2a: Moltres\n|-sideend|p2: i like serperior|Stealth Rock|[from] move: Defog|[of] p2a: Moltres\n|move|p1a: Heatran|Toxic|p2a: Moltres\n|-status|p2a: Moltres|tox\n|\n|-damage|p2a: Moltres|84\/100 tox|[from] psn\n|upkeep\n|turn|10\n|\n|t:|1701086962\n|switch|p2a: Iwajira|Tyranitar, M, shiny|26\/100\n|-weather|Sandstorm|[from] ability: Sand Stream|[of] p2a: Iwajira\n|move|p1a: Heatran|Stealth Rock|p2a: Iwajira\n|-sidestart|p2: i like serperior|move: Stealth Rock\n|\n|-weather|Sandstorm|[upkeep]\n|upkeep\n|turn|11\n|\n|t:|1701086967\n|switch|p2a: Slattern|Garchomp, M, shiny|100\/100\n|-damage|p2a: Slattern|94\/100|[from] Stealth Rock\n|move|p1a: Heatran|Earth Power|p2a: Slattern\n|-damage|p2a: Slattern|61\/100\n|\n|-weather|Sandstorm|[upkeep]\n|upkeep\n|turn|12\n|\n|t:|1701086987\n|detailschange|p2a: Slattern|Garchomp-Mega, M, shiny\n|-mega|p2a: Slattern|Garchomp|Garchompite\n|move|p2a: Slattern|Scale Shot|p1a: Heatran\n|-resisted|p1a: Heatran\n|-damage|p1a: Heatran|79\/100\n|-enditem|p1a: Heatran|Air Balloon\n|-resisted|p1a: Heatran\n|-damage|p1a: Heatran|71\/100\n|-resisted|p1a: Heatran\n|-damage|p1a: Heatran|62\/100\n|-resisted|p1a: Heatran\n|-damage|p1a: Heatran|53\/100\n|-hitcount|p1a: Heatran|4\n|-unboost|p2a: Slattern|def|1\n|-boost|p2a: Slattern|spe|1\n|move|p1a: Heatran|Toxic|p2a: Slattern\n|-status|p2a: Slattern|tox\n|\n|-weather|Sandstorm|[upkeep]\n|-damage|p2a: Slattern|54\/100 tox|[from] psn\n|upkeep\n|turn|13\n|inactive|TheSunKing1 has 120 seconds left.\n|inactive|TheSunKing1 has 90 seconds left.\n|\n|t:|1701087047\n|move|p2a: Slattern|Earthquake|p1a: Heatran\n|-supereffective|p1a: Heatran\n|-damage|p1a: Heatran|0 fnt\n|faint|p1a: Heatran\n|\n|-weather|Sandstorm|[upkeep]\n|-damage|p2a: Slattern|42\/100 tox|[from] psn\n|upkeep\n|\n|t:|1701087049\n|switch|p1a: Weavile|Weavile, F|100\/100\n|-ability|p1a: Weavile|Pressure\n|turn|14\n|\n|t:|1701087056\n|move|p1a: Weavile|Ice Shard|p2a: Slattern\n|-supereffective|p2a: Slattern\n|-damage|p2a: Slattern|0 fnt\n|faint|p2a: Slattern\n|-damage|p1a: Weavile|91\/100|[from] item: Life Orb\n|\n|-weather|Sandstorm|[upkeep]\n|-damage|p1a: Weavile|84\/100|[from] Sandstorm\n|upkeep\n|\n|t:|1701087058\n|switch|p2a: Moltres|Moltres, shiny|84\/100 tox\n|turn|15\n|inactive|TheSunKing1 has 90 seconds left.\n|\n|t:|1701087093\n|-terastallize|p1a: Weavile|Dark\n|move|p1a: Weavile|Knock Off|p2a: Moltres\n|-damage|p2a: Moltres|4\/100 tox\n|-enditem|p2a: Moltres|Heavy-Duty Boots|[from] move: Knock Off|[of] p1a: Weavile\n|-damage|p1a: Weavile|75\/100|[from] item: Life Orb\n|move|p2a: Moltres|Fire Blast|p1a: Weavile\n|-damage|p1a: Weavile|13\/100\n|\n|-weather|Sandstorm|[upkeep]\n|-damage|p1a: Weavile|7\/100|[from] Sandstorm\n|-damage|p2a: Moltres|0 fnt|[from] Sandstorm\n|faint|p2a: Moltres\n|upkeep\n|\n|t:|1701087105\n|switch|p2a: Myosotis|Serperior, M, shiny|100\/100\n|-damage|p2a: Myosotis|88\/100|[from] Stealth Rock\n|turn|16\n|inactive|TheSunKing1 has 90 seconds left.\n|\n|t:|1701087112\n|-terastallize|p2a: Myosotis|Rock\n|move|p1a: Weavile|Knock Off|p2a: Myosotis\n|-damage|p2a: Myosotis|0 fnt\n|-enditem|p2a: Myosotis|Leftovers|[from] move: Knock Off|[of] p1a: Weavile\n|faint|p2a: Myosotis\n|-damage|p1a: Weavile|0 fnt|[from] item: Life Orb\n|faint|p1a: Weavile\n|\n|-weather|Sandstorm|[upkeep]\n|upkeep\n|\n|t:|1701087120\n|switch|p1a: Torkoal|Torkoal, M|100\/100\n|switch|p2a: Zyglak|Dracozolt|100\/100\n|-damage|p2a: Zyglak|88\/100|[from] Stealth Rock\n|-weather|SunnyDay|[from] ability: Drought|[of] p1a: Torkoal\n|turn|17\n|j| hainiumm\n|\n|t:|1701087126\n|move|p2a: Zyglak|Bolt Beak|p1a: Torkoal\n|-damage|p1a: Torkoal|35\/100\n|-damage|p2a: Zyglak|78\/100|[from] item: Life Orb\n|move|p1a: Torkoal|Body Press|p2a: Zyglak\n|-damage|p2a: Zyglak|48\/100\n|\n|-weather|SunnyDay|[upkeep]\n|upkeep\n|turn|18\n|\n|t:|1701087137\n|switch|p1a: Leafeon|Leafeon, F|100\/100\n|move|p2a: Zyglak|Bolt Beak|p1a: Leafeon\n|-resisted|p1a: Leafeon\n|-damage|p1a: Leafeon|46\/100\n|-damage|p2a: Zyglak|38\/100|[from] item: Life Orb\n|\n|-weather|SunnyDay|[upkeep]\n|upkeep\n|turn|19\n|\n|t:|1701087144\n|switch|p2a: Iwajira|Tyranitar, M, shiny|26\/100\n|-damage|p2a: Iwajira|14\/100|[from] Stealth Rock\n|-weather|Sandstorm|[from] ability: Sand Stream|[of] p2a: Iwajira\n|move|p1a: Leafeon|Knock Off|p2a: Iwajira\n|-resisted|p2a: Iwajira\n|-damage|p2a: Iwajira|0 fnt\n|-enditem|p2a: Iwajira|Smooth Rock|[from] move: Knock Off|[of] p1a: Leafeon\n|faint|p2a: Iwajira\n|-damage|p1a: Leafeon|36\/100|[from] item: Life Orb\n|\n|-weather|Sandstorm|[upkeep]\n|-damage|p1a: Leafeon|30\/100|[from] Sandstorm\n|upkeep\n|\n|t:|1701087146\n|switch|p2a: Zyglak|Dracozolt|38\/100\n|-damage|p2a: Zyglak|26\/100|[from] Stealth Rock\n|turn|20\n|\n|t:|1701087149\n|switch|p1a: Torkoal|Torkoal, M|35\/100\n|-weather|SunnyDay|[from] ability: Drought|[of] p1a: Torkoal\n|move|p2a: Zyglak|Bolt Beak|p1a: Torkoal\n|-damage|p1a: Torkoal|0 fnt\n|faint|p1a: Torkoal\n|-damage|p2a: Zyglak|16\/100|[from] item: Life Orb\n|\n|-weather|SunnyDay|[upkeep]\n|upkeep\n|\n|t:|1701087151\n|switch|p1a: Leafeon|Leafeon, F|30\/100\n|turn|21\n|-message|i like serperior forfeited.\n|\n|win|TheSunKing1\n|raw|TheSunKing1's rating: 1588 &rarr; <strong>1611<\/strong><br \/>(+23 for winning)\n|raw|i like serperior's rating: 1641 &rarr; <strong>1618<\/strong><br \/>(-23 for losing)\n|l|\u2606i like serperior\n|l| hainiumm\n","uploadtime":1701087172,"views":4,"p1id":"thesunking1","p2id":"ilikeserperior","formatid":"gen9nationaldex","rating":1611,"private":0,"password":""}