{"id":"gen9nationaldex-1991813893","p1":"WucSword","p2":"weixiaojian","format":"[Gen 9] National Dex","log":"|j|\u2606WucSword\n|j|\u2606weixiaojian\n|t:|1700122163\n|gametype|singles\n|player|p1|WucSword|cynthia|1540\n|player|p2|weixiaojian|twins-gen4dp|1384\n|teamsize|p1|6\n|teamsize|p2|6\n|gen|9\n|tier|[Gen 9] National Dex\n|rated|\n|rule|HP Percentage Mod: HP is shown in percentages\n|rule|Endless Battle Clause: Forcing endless battles is banned\n|rule|OHKO Clause: OHKO moves are banned\n|rule|Evasion Clause: Evasion abilities, items, and moves are banned\n|rule|Evasion Abilities Clause: Evasion abilities are banned\n|rule|Evasion Items Clause: Evasion items are banned\n|rule|Evasion Moves Clause: Evasion moves are banned\n|rule|Species Clause: Limit one of each Pok\u00e9mon\n|rule|Sleep Clause Mod: Limit one foe put to sleep\n|clearpoke\n|poke|p1|Medicham, M|\n|poke|p1|Heatran, F|\n|poke|p1|Landorus-Therian, M|\n|poke|p1|Rillaboom, M|\n|poke|p1|Urshifu-*, M|\n|poke|p1|Iron Valiant|\n|poke|p2|Clodsire, M|\n|poke|p2|Diancie|\n|poke|p2|Azumarill, M|\n|poke|p2|Zamazenta-*|\n|poke|p2|Dragonite, M|\n|poke|p2|Ogerpon-Wellspring, F|\n|teampreview\n|inactive|Battle timer is ON: inactive players will automatically lose when time's up. (requested by weixiaojian)\n|inactive|WucSword also wants the timer to be on.\n|\n|t:|1700122177\n|start\n|switch|p1a: Landorus|Landorus-Therian, M|100\/100\n|switch|p2a: Ogerpon|Ogerpon-Wellspring, F|100\/100\n|-ability|p1a: Landorus|Intimidate|boost\n|-unboost|p2a: Ogerpon|atk|1\n|turn|1\n|\n|t:|1700122184\n|-terastallize|p1a: Landorus|Water\n|move|p2a: Ogerpon|Ivy Cudgel|p1a: Landorus|[anim] Ivy Cudgel Water\n|-resisted|p1a: Landorus\n|-crit|p1a: Landorus\n|-damage|p1a: Landorus|71\/100\n|move|p1a: Landorus|Stealth Rock|p2a: Ogerpon\n|-sidestart|p2: weixiaojian|move: Stealth Rock\n|\n|upkeep\n|turn|2\n|\n|t:|1700122194\n|move|p2a: Ogerpon|Encore|p1a: Landorus\n|-start|p1a: Landorus|Encore\n|move|p1a: Landorus|Stealth Rock||[still]\n|-fail|p1a: Landorus\n|\n|upkeep\n|turn|3\n|\n|t:|1700122200\n|switch|p1a: Rillaboom|Rillaboom, M|100\/100\n|-fieldstart|move: Grassy Terrain|[from] ability: Grassy Surge|[of] p1a: Rillaboom\n|move|p2a: Ogerpon|Ivy Cudgel|p1a: Rillaboom|[anim] Ivy Cudgel Water\n|-resisted|p1a: Rillaboom\n|-damage|p1a: Rillaboom|78\/100\n|\n|-heal|p1a: Rillaboom|84\/100|[from] Grassy Terrain\n|upkeep\n|turn|4\n|\n|t:|1700122207\n|move|p2a: Ogerpon|Spiky Shield|p2a: Ogerpon\n|-singleturn|p2a: Ogerpon|move: Protect\n|move|p1a: Rillaboom|U-turn|p2a: Ogerpon\n|-activate|p2a: Ogerpon|move: Protect\n|-damage|p1a: Rillaboom|72\/100|[from] Spiky Shield|[of] p2a: Ogerpon\n|\n|-heal|p1a: Rillaboom|78\/100|[from] Grassy Terrain\n|upkeep\n|turn|5\n|\n|t:|1700122213\n|switch|p2a: \u4e00\u5768\u574f\u86cb|Clodsire, M, shiny|100\/100\n|-damage|p2a: \u4e00\u5768\u574f\u86cb|94\/100|[from] Stealth Rock\n|move|p1a: Rillaboom|U-turn|p2a: \u4e00\u5768\u574f\u86cb\n|-resisted|p2a: \u4e00\u5768\u574f\u86cb\n|-damage|p2a: \u4e00\u5768\u574f\u86cb|77\/100\n|\n|t:|1700122217\n|switch|p1a: Medicham|Medicham, M|100\/100|[from] U-turn\n|\n|-heal|p2a: \u4e00\u5768\u574f\u86cb|83\/100|[from] Grassy Terrain\n|-heal|p2a: \u4e00\u5768\u574f\u86cb|89\/100|[from] item: Leftovers\n|upkeep\n|turn|6\n|inactive|weixiaojian has 120 seconds left.\n|\n|t:|1700122252\n|switch|p2a: \u6076\u9f99|Dragonite, M|100\/100\n|detailschange|p1a: Medicham|Medicham-Mega, M\n|-mega|p1a: Medicham|Medicham|Medichamite\n|move|p1a: Medicham|Psycho Cut|p2a: \u6076\u9f99\n|-damage|p2a: \u6076\u9f99|72\/100\n|\n|upkeep\n|turn|7\n|inactive|weixiaojian has 120 seconds left.\n|\n|t:|1700122262\n|move|p2a: \u6076\u9f99|Extreme Speed|p1a: Medicham\n|-damage|p1a: Medicham|50\/100\n|move|p1a: Medicham|Psycho Cut|p2a: \u6076\u9f99\n|-crit|p2a: \u6076\u9f99\n|-damage|p2a: \u6076\u9f99|0 fnt\n|faint|p2a: \u6076\u9f99\n|\n|-heal|p1a: Medicham|56\/100|[from] Grassy Terrain\n|-fieldend|move: Grassy Terrain\n|upkeep\n|inactive|weixiaojian has 120 seconds left.\n|\n|t:|1700122276\n|switch|p2a: Ogerpon|Ogerpon-Wellspring, F|100\/100\n|-damage|p2a: Ogerpon|88\/100|[from] Stealth Rock\n|turn|8\n|\n|t:|1700122281\n|switch|p1a: Landorus|Landorus-Therian, M, tera:Water|71\/100\n|-ability|p1a: Landorus|Intimidate|boost\n|-unboost|p2a: Ogerpon|atk|1\n|move|p2a: Ogerpon|Horn Leech|p1a: Landorus\n|-supereffective|p1a: Landorus\n|-damage|p1a: Landorus|30\/100\n|-heal|p2a: Ogerpon|100\/100|[from] drain|[of] p1a: Landorus\n|-damage|p2a: Ogerpon|84\/100|[from] item: Rocky Helmet|[of] p1a: Landorus\n|\n|upkeep\n|turn|9\n|\n|t:|1700122291\n|move|p2a: Ogerpon|Spiky Shield|p2a: Ogerpon\n|-singleturn|p2a: Ogerpon|move: Protect\n|move|p1a: Landorus|U-turn|p2a: Ogerpon\n|-activate|p2a: Ogerpon|move: Protect\n|-damage|p1a: Landorus|18\/100|[from] Spiky Shield|[of] p2a: Ogerpon\n|\n|upkeep\n|turn|10\n|\n|t:|1700122298\n|move|p2a: Ogerpon|Horn Leech|p1a: Landorus\n|-supereffective|p1a: Landorus\n|-damage|p1a: Landorus|0 fnt\n|-heal|p2a: Ogerpon|95\/100|[from] drain|[of] p1a: Landorus\n|-damage|p2a: Ogerpon|79\/100|[from] item: Rocky Helmet|[of] p1a: Landorus\n|faint|p1a: Landorus\n|\n|upkeep\n|\n|t:|1700122301\n|switch|p1a: Rillaboom|Rillaboom, M|78\/100\n|-fieldstart|move: Grassy Terrain|[from] ability: Grassy Surge|[of] p1a: Rillaboom\n|turn|11\n|\n|t:|1700122305\n|move|p2a: Ogerpon|Spiky Shield|p2a: Ogerpon\n|-singleturn|p2a: Ogerpon|move: Protect\n|move|p1a: Rillaboom|U-turn|p2a: Ogerpon\n|-activate|p2a: Ogerpon|move: Protect\n|-damage|p1a: Rillaboom|66\/100|[from] Spiky Shield|[of] p2a: Ogerpon\n|\n|-heal|p2a: Ogerpon|85\/100|[from] Grassy Terrain\n|-heal|p1a: Rillaboom|72\/100|[from] Grassy Terrain\n|upkeep\n|turn|12\n|\n|t:|1700122315\n|switch|p2a: \u5927\u8001\u5a46|Diancie, shiny|100\/100\n|-damage|p2a: \u5927\u8001\u5a46|88\/100|[from] Stealth Rock\n|move|p1a: Rillaboom|U-turn|p2a: \u5927\u8001\u5a46\n|-resisted|p2a: \u5927\u8001\u5a46\n|-damage|p2a: \u5927\u8001\u5a46|73\/100\n|\n|t:|1700122323\n|switch|p1a: Medicham|Medicham-Mega, M|56\/100|[from] U-turn\n|\n|-heal|p1a: Medicham|63\/100|[from] Grassy Terrain\n|-heal|p2a: \u5927\u8001\u5a46|79\/100|[from] Grassy Terrain\n|upkeep\n|turn|13\n|\n|t:|1700122328\n|switch|p2a: \u613f\u505a\u516c\u4e3b\u72d7|Zamazenta|100\/100\n|-damage|p2a: \u613f\u505a\u516c\u4e3b\u72d7|95\/100|[from] Stealth Rock\n|-ability|p2a: \u613f\u505a\u516c\u4e3b\u72d7|Dauntless Shield|boost\n|-boost|p2a: \u613f\u505a\u516c\u4e3b\u72d7|def|1\n|move|p1a: Medicham|Fake Out|p2a: \u613f\u505a\u516c\u4e3b\u72d7\n|-damage|p2a: \u613f\u505a\u516c\u4e3b\u72d7|84\/100\n|\n|-heal|p2a: \u613f\u505a\u516c\u4e3b\u72d7|90\/100|[from] Grassy Terrain\n|-heal|p2a: \u613f\u505a\u516c\u4e3b\u72d7|96\/100|[from] item: Leftovers\n|-heal|p1a: Medicham|69\/100|[from] Grassy Terrain\n|upkeep\n|turn|14\n|\n|t:|1700122340\n|move|p2a: \u613f\u505a\u516c\u4e3b\u72d7|Body Press|p1a: Medicham\n|-resisted|p1a: Medicham\n|-damage|p1a: Medicham|23\/100\n|move|p1a: Medicham|Psycho Cut|p2a: \u613f\u505a\u516c\u4e3b\u72d7\n|-supereffective|p2a: \u613f\u505a\u516c\u4e3b\u72d7\n|-damage|p2a: \u613f\u505a\u516c\u4e3b\u72d7|51\/100\n|\n|-heal|p2a: \u613f\u505a\u516c\u4e3b\u72d7|57\/100|[from] Grassy Terrain\n|-heal|p2a: \u613f\u505a\u516c\u4e3b\u72d7|63\/100|[from] item: Leftovers\n|-heal|p1a: Medicham|29\/100|[from] Grassy Terrain\n|upkeep\n|turn|15\n|\n|t:|1700122355\n|switch|p1a: Iron Valiant|Iron Valiant|100\/100\n|-enditem|p1a: Iron Valiant|Booster Energy\n|-activate|p1a: Iron Valiant|ability: Quark Drive|[fromitem]\n|-start|p1a: Iron Valiant|quarkdrivespe\n|move|p2a: \u613f\u505a\u516c\u4e3b\u72d7|Body Press|p1a: Iron Valiant\n|-resisted|p1a: Iron Valiant\n|-damage|p1a: Iron Valiant|58\/100\n|\n|-heal|p1a: Iron Valiant|65\/100|[from] Grassy Terrain\n|-heal|p2a: \u613f\u505a\u516c\u4e3b\u72d7|69\/100|[from] Grassy Terrain\n|-heal|p2a: \u613f\u505a\u516c\u4e3b\u72d7|75\/100|[from] item: Leftovers\n|-fieldend|move: Grassy Terrain\n|upkeep\n|turn|16\n|\n|t:|1700122373\n|-terastallize|p2a: \u613f\u505a\u516c\u4e3b\u72d7|Steel\n|move|p1a: Iron Valiant|Moonblast|p2a: \u613f\u505a\u516c\u4e3b\u72d7\n|-resisted|p2a: \u613f\u505a\u516c\u4e3b\u72d7\n|-damage|p2a: \u613f\u505a\u516c\u4e3b\u72d7|55\/100\n|move|p2a: \u613f\u505a\u516c\u4e3b\u72d7|Substitute|p2a: \u613f\u505a\u516c\u4e3b\u72d7\n|-start|p2a: \u613f\u505a\u516c\u4e3b\u72d7|Substitute\n|-damage|p2a: \u613f\u505a\u516c\u4e3b\u72d7|30\/100\n|\n|-heal|p2a: \u613f\u505a\u516c\u4e3b\u72d7|36\/100|[from] item: Leftovers\n|upkeep\n|turn|17\n|\n|t:|1700122378\n|move|p1a: Iron Valiant|Close Combat|p2a: \u613f\u505a\u516c\u4e3b\u72d7\n|-supereffective|p2a: \u613f\u505a\u516c\u4e3b\u72d7\n|-end|p2a: \u613f\u505a\u516c\u4e3b\u72d7|Substitute\n|-unboost|p1a: Iron Valiant|def|1\n|-unboost|p1a: Iron Valiant|spd|1\n|move|p2a: \u613f\u505a\u516c\u4e3b\u72d7|Body Press|p1a: Iron Valiant\n|-resisted|p1a: Iron Valiant\n|-damage|p1a: Iron Valiant|6\/100\n|\n|-heal|p2a: \u613f\u505a\u516c\u4e3b\u72d7|42\/100|[from] item: Leftovers\n|upkeep\n|turn|18\n|\n|t:|1700122389\n|move|p1a: Iron Valiant|Close Combat|p2a: \u613f\u505a\u516c\u4e3b\u72d7\n|-supereffective|p2a: \u613f\u505a\u516c\u4e3b\u72d7\n|-damage|p2a: \u613f\u505a\u516c\u4e3b\u72d7|0 fnt\n|-unboost|p1a: Iron Valiant|def|1\n|-unboost|p1a: Iron Valiant|spd|1\n|faint|p2a: \u613f\u505a\u516c\u4e3b\u72d7\n|\n|upkeep\n|\n|t:|1700122411\n|switch|p2a: Ogerpon|Ogerpon-Wellspring, F|85\/100\n|-damage|p2a: Ogerpon|72\/100|[from] Stealth Rock\n|turn|19\n|\n|t:|1700122417\n|move|p2a: Ogerpon|Spiky Shield|p2a: Ogerpon\n|-singleturn|p2a: Ogerpon|move: Protect\n|move|p1a: Iron Valiant|Moonblast|p2a: Ogerpon\n|-activate|p2a: Ogerpon|move: Protect\n|\n|upkeep\n|turn|20\n|\n|t:|1700122424\n|move|p1a: Iron Valiant|Moonblast|p2a: Ogerpon\n|-damage|p2a: Ogerpon|14\/100\n|move|p2a: Ogerpon|Horn Leech|p1a: Iron Valiant\n|-damage|p1a: Iron Valiant|0 fnt\n|-heal|p2a: Ogerpon|17\/100|[from] drain|[of] p1a: Iron Valiant\n|faint|p1a: Iron Valiant\n|-end|p1a: Iron Valiant|Quark Drive|[silent]\n|\n|upkeep\n|\n|t:|1700122432\n|switch|p1a: Rillaboom|Rillaboom, M|72\/100\n|-fieldstart|move: Grassy Terrain|[from] ability: Grassy Surge|[of] p1a: Rillaboom\n|turn|21\n|\n|t:|1700122436\n|move|p2a: Ogerpon|Spiky Shield|p2a: Ogerpon\n|-singleturn|p2a: Ogerpon|move: Protect\n|move|p1a: Rillaboom|Grassy Glide|p2a: Ogerpon\n|-activate|p2a: Ogerpon|move: Protect\n|-damage|p1a: Rillaboom|59\/100|[from] Spiky Shield|[of] p2a: Ogerpon\n|\n|-heal|p2a: Ogerpon|23\/100|[from] Grassy Terrain\n|-heal|p1a: Rillaboom|66\/100|[from] Grassy Terrain\n|upkeep\n|turn|22\n|\n|t:|1700122443\n|switch|p2a: \u5c60\u9f99\u9a91\u58eb|Azumarill, M, shiny|100\/100\n|-damage|p2a: \u5c60\u9f99\u9a91\u58eb|88\/100|[from] Stealth Rock\n|move|p1a: Rillaboom|Grassy Glide|p2a: \u5c60\u9f99\u9a91\u58eb\n|-ability|p2a: \u5c60\u9f99\u9a91\u58eb|Sap Sipper|boost\n|-boost|p2a: \u5c60\u9f99\u9a91\u58eb|atk|1\n|\n|-heal|p1a: Rillaboom|72\/100|[from] Grassy Terrain\n|-heal|p2a: \u5c60\u9f99\u9a91\u58eb|94\/100|[from] Grassy Terrain\n|-heal|p2a: \u5c60\u9f99\u9a91\u58eb|100\/100|[from] item: Leftovers\n|upkeep\n|turn|23\n|\n|t:|1700122454\n|switch|p1a: Heatran|Heatran, F|100\/100\n|move|p2a: \u5c60\u9f99\u9a91\u58eb|Whirlpool|p1a: Heatran\n|-supereffective|p1a: Heatran\n|-damage|p1a: Heatran|91\/100\n|-activate|p1a: Heatran|move: Whirlpool|[of] p2a: \u5c60\u9f99\u9a91\u58eb\n|\n|-heal|p1a: Heatran|97\/100|[from] Grassy Terrain\n|-heal|p1a: Heatran|100\/100|[from] item: Leftovers\n|-damage|p1a: Heatran|88\/100|[from] move: Whirlpool|[partiallytrapped]\n|upkeep\n|turn|24\n|\n|t:|1700122464\n|move|p2a: \u5c60\u9f99\u9a91\u58eb|Protect|p2a: \u5c60\u9f99\u9a91\u58eb\n|-singleturn|p2a: \u5c60\u9f99\u9a91\u58eb|Protect\n|move|p1a: Heatran|Toxic|p2a: \u5c60\u9f99\u9a91\u58eb\n|-activate|p2a: \u5c60\u9f99\u9a91\u58eb|move: Protect\n|\n|-heal|p1a: Heatran|94\/100|[from] Grassy Terrain\n|-heal|p1a: Heatran|100\/100|[from] item: Leftovers\n|-damage|p1a: Heatran|88\/100|[from] move: Whirlpool|[partiallytrapped]\n|upkeep\n|turn|25\n|\n|t:|1700122469\n|move|p1a: Heatran|Toxic|p2a: \u5c60\u9f99\u9a91\u58eb\n|-status|p2a: \u5c60\u9f99\u9a91\u58eb|tox\n|move|p2a: \u5c60\u9f99\u9a91\u58eb|Perish Song|p2a: \u5c60\u9f99\u9a91\u58eb\n|-start|p1a: Heatran|perish3|[silent]\n|-start|p2a: \u5c60\u9f99\u9a91\u58eb|perish3|[silent]\n|-fieldactivate|move: Perish Song\n|\n|-heal|p1a: Heatran|94\/100|[from] Grassy Terrain\n|-heal|p1a: Heatran|100\/100|[from] item: Leftovers\n|-damage|p2a: \u5c60\u9f99\u9a91\u58eb|94\/100 tox|[from] psn\n|-damage|p1a: Heatran|88\/100|[from] move: Whirlpool|[partiallytrapped]\n|-start|p1a: Heatran|perish3\n|-start|p2a: \u5c60\u9f99\u9a91\u58eb|perish3\n|-fieldend|move: Grassy Terrain\n|upkeep\n|turn|26\n|\n|t:|1700122479\n|move|p1a: Heatran|Magma Storm|p2a: \u5c60\u9f99\u9a91\u58eb\n|-resisted|p2a: \u5c60\u9f99\u9a91\u58eb\n|-damage|p2a: \u5c60\u9f99\u9a91\u58eb|80\/100 tox\n|-activate|p2a: \u5c60\u9f99\u9a91\u58eb|move: Magma Storm|[of] p1a: Heatran\n|move|p2a: \u5c60\u9f99\u9a91\u58eb|Whirlpool|p1a: Heatran\n|-supereffective|p1a: Heatran\n|-damage|p1a: Heatran|77\/100\n|\n|-heal|p1a: Heatran|83\/100|[from] item: Leftovers\n|-heal|p2a: \u5c60\u9f99\u9a91\u58eb|86\/100 tox|[from] item: Leftovers\n|-damage|p2a: \u5c60\u9f99\u9a91\u58eb|74\/100 tox|[from] psn\n|-damage|p1a: Heatran|71\/100|[from] move: Whirlpool|[partiallytrapped]\n|-damage|p2a: \u5c60\u9f99\u9a91\u58eb|61\/100 tox|[from] move: Magma Storm|[partiallytrapped]\n|-start|p1a: Heatran|perish2\n|-start|p2a: \u5c60\u9f99\u9a91\u58eb|perish2\n|upkeep\n|turn|27\n|\n|t:|1700122492\n|move|p1a: Heatran|Earth Power|p2a: \u5c60\u9f99\u9a91\u58eb\n|-damage|p2a: \u5c60\u9f99\u9a91\u58eb|42\/100 tox\n|move|p2a: \u5c60\u9f99\u9a91\u58eb|Whirlpool|p1a: Heatran|[miss]\n|-miss|p2a: \u5c60\u9f99\u9a91\u58eb|p1a: Heatran\n|\n|-heal|p1a: Heatran|77\/100|[from] item: Leftovers\n|-heal|p2a: \u5c60\u9f99\u9a91\u58eb|48\/100 tox|[from] item: Leftovers\n|-damage|p2a: \u5c60\u9f99\u9a91\u58eb|30\/100 tox|[from] psn\n|-end|p1a: Heatran|Whirlpool|[partiallytrapped]\n|-damage|p2a: \u5c60\u9f99\u9a91\u58eb|17\/100 tox|[from] move: Magma Storm|[partiallytrapped]\n|-start|p1a: Heatran|perish1\n|-start|p2a: \u5c60\u9f99\u9a91\u58eb|perish1\n|upkeep\n|turn|28\n|\n|t:|1700122500\n|move|p1a: Heatran|Earth Power|p2a: \u5c60\u9f99\u9a91\u58eb\n|-damage|p2a: \u5c60\u9f99\u9a91\u58eb|0 fnt\n|faint|p2a: \u5c60\u9f99\u9a91\u58eb\n|\n|-heal|p1a: Heatran|83\/100|[from] item: Leftovers\n|-start|p1a: Heatran|perish0\n|upkeep\n|faint|p1a: Heatran\n|\n|t:|1700122509\n|switch|p1a: Rillaboom|Rillaboom, M|72\/100\n|switch|p2a: \u5927\u8001\u5a46|Diancie, shiny|79\/100\n|-fieldstart|move: Grassy Terrain|[from] ability: Grassy Surge|[of] p1a: Rillaboom\n|-damage|p2a: \u5927\u8001\u5a46|67\/100|[from] Stealth Rock\n|turn|29\n|\n|t:|1700122523\n|switch|p2a: \u4e00\u5768\u574f\u86cb|Clodsire, M, shiny|89\/100\n|-damage|p2a: \u4e00\u5768\u574f\u86cb|83\/100|[from] Stealth Rock\n|move|p1a: Rillaboom|Grassy Glide|p2a: \u4e00\u5768\u574f\u86cb\n|-damage|p2a: \u4e00\u5768\u574f\u86cb|29\/100\n|\n|-heal|p1a: Rillaboom|78\/100|[from] Grassy Terrain\n|-heal|p2a: \u4e00\u5768\u574f\u86cb|35\/100|[from] Grassy Terrain\n|-heal|p2a: \u4e00\u5768\u574f\u86cb|42\/100|[from] item: Leftovers\n|upkeep\n|turn|30\n|\n|t:|1700122533\n|move|p1a: Rillaboom|Grassy Glide|p2a: \u4e00\u5768\u574f\u86cb\n|-damage|p2a: \u4e00\u5768\u574f\u86cb|0 fnt\n|faint|p2a: \u4e00\u5768\u574f\u86cb\n|\n|-heal|p1a: Rillaboom|84\/100|[from] Grassy Terrain\n|upkeep\n|\n|t:|1700122549\n|switch|p2a: \u5927\u8001\u5a46|Diancie, shiny|67\/100\n|-damage|p2a: \u5927\u8001\u5a46|54\/100|[from] Stealth Rock\n|turn|31\n|c|\u2606WucSword|\u5feb\u70b9\n|\n|t:|1700122558\n|move|p1a: Rillaboom|Grassy Glide|p2a: \u5927\u8001\u5a46\n|-supereffective|p2a: \u5927\u8001\u5a46\n|-damage|p2a: \u5927\u8001\u5a46|0 fnt\n|faint|p2a: \u5927\u8001\u5a46\n|\n|-heal|p1a: Rillaboom|90\/100|[from] Grassy Terrain\n|upkeep\n|-message|weixiaojian forfeited.\n|\n|win|WucSword\n|raw|WucSword's rating: 1540 &rarr; <strong>1552<\/strong><br \/>(+12 for winning)\n|raw|weixiaojian's rating: 1384 &rarr; <strong>1372<\/strong><br \/>(-12 for losing)\n|l|\u2606weixiaojian\n","uploadtime":1700122593,"views":6,"p1id":"wucsword","p2id":"weixiaojian","formatid":"gen9nationaldex","rating":1372,"private":0,"password":""}