{"id":"gen9nationaldex-1993448935","p1":"bababooooooey","p2":"Allahsmh","format":"[Gen 9] National Dex","log":"|j|\u2606bababooooooey\n|j|\u2606Allahsmh\n|t:|1700319261\n|gametype|singles\n|player|p1|bababooooooey|101|1276\n|player|p2|Allahsmh|hilbert|1404\n|teamsize|p1|6\n|teamsize|p2|6\n|gen|9\n|tier|[Gen 9] National Dex\n|rated|\n|rule|HP Percentage Mod: HP is shown in percentages\n|rule|Endless Battle Clause: Forcing endless battles is banned\n|rule|OHKO Clause: OHKO moves are banned\n|rule|Evasion Clause: Evasion abilities, items, and moves are banned\n|rule|Evasion Abilities Clause: Evasion abilities are banned\n|rule|Evasion Items Clause: Evasion items are banned\n|rule|Evasion Moves Clause: Evasion moves are banned\n|rule|Species Clause: Limit one of each Pok\u00e9mon\n|rule|Sleep Clause Mod: Limit one foe put to sleep\n|clearpoke\n|poke|p1|Morpeko, M|\n|poke|p1|Dragonite, M|\n|poke|p1|Mimikyu, F|\n|poke|p1|Tapu Koko|\n|poke|p1|Lokix, F|\n|poke|p1|Ogerpon-Wellspring, F|\n|poke|p2|Landorus-Therian, M|\n|poke|p2|Scizor, M|\n|poke|p2|Heatran, M|\n|poke|p2|Rillaboom, F|\n|poke|p2|Hawlucha, M|\n|poke|p2|Great Tusk|\n|teampreview\n|\n|t:|1700319290\n|start\n|switch|p1a: ADHD|Tapu Koko|100\/100\n|switch|p2a: Landorus|Landorus-Therian, M|100\/100\n|-fieldstart|move: Electric Terrain|[from] ability: Electric Surge|[of] p1a: ADHD\n|-ability|p2a: Landorus|Intimidate|boost\n|-unboost|p1a: ADHD|atk|1\n|turn|1\n|\n|t:|1700319304\n|switch|p1a: Bipolar Disorder|Morpeko, M|100\/100\n|move|p2a: Landorus|Toxic|p1a: Bipolar Disorder\n|-status|p1a: Bipolar Disorder|tox\n|\n|-damage|p1a: Bipolar Disorder|94\/100 tox|[from] psn\n|-formechange|p1a: Bipolar Disorder|Morpeko-Hangry||[from] ability: Hunger Switch\n|upkeep\n|turn|2\n|\n|t:|1700319312\n|move|p2a: Landorus|U-turn|p1a: Bipolar Disorder\n|-supereffective|p1a: Bipolar Disorder\n|-damage|p1a: Bipolar Disorder|0 fnt\n|faint|p1a: Bipolar Disorder\n|\n|t:|1700319317\n|switch|p2a: Scizor|Scizor, M|100\/100|[from] U-turn\n|\n|upkeep\n|\n|t:|1700319332\n|switch|p1a: Depression|Ogerpon-Wellspring, F|100\/100\n|turn|3\n|\n|t:|1700319351\n|switch|p2a: Rillaboom|Rillaboom, F|100\/100\n|-fieldstart|move: Grassy Terrain|[from] ability: Grassy Surge|[of] p2a: Rillaboom\n|-terastallize|p1a: Depression|Water\n|detailschange|p1a: Depression|Ogerpon-Wellspring-Tera, F, tera:Water\n|-ability|p1a: Depression|Embody Aspect (Wellspring)|boost\n|-boost|p1a: Depression|spd|1\n|move|p1a: Depression|Trailblaze|p2a: Rillaboom\n|-resisted|p2a: Rillaboom\n|-damage|p2a: Rillaboom|81\/100\n|-boost|p1a: Depression|spe|1\n|\n|-heal|p2a: Rillaboom|87\/100|[from] Grassy Terrain\n|upkeep\n|turn|4\n|\n|t:|1700319368\n|switch|p1a: ADHD|Tapu Koko|100\/100\n|-fieldstart|move: Electric Terrain|[from] ability: Electric Surge|[of] p1a: ADHD\n|move|p2a: Rillaboom|Grassy Glide|p1a: ADHD\n|-damage|p1a: ADHD|51\/100\n|\n|upkeep\n|turn|5\n|\n|t:|1700319388\n|switch|p2a: Landorus|Landorus-Therian, M|100\/100\n|-ability|p2a: Landorus|Intimidate|boost\n|-unboost|p1a: ADHD|atk|1\n|move|p1a: ADHD|Reflect|p1a: ADHD\n|-sidestart|p1: bababooooooey|Reflect\n|\n|upkeep\n|turn|6\n|\n|t:|1700319398\n|switch|p1a: Autism|Dragonite, M|100\/100\n|move|p2a: Landorus|Defog|p1a: Autism\n|-unboost|p1a: Autism|evasion|1\n|-sideend|p1: bababooooooey|Reflect\n|-fieldend|move: Electric Terrain\n|\n|upkeep\n|turn|7\n|\n|t:|1700319408\n|switch|p1a: Paranoia|Lokix, F|100\/100\n|move|p2a: Landorus|Toxic|p1a: Paranoia\n|-status|p1a: Paranoia|tox\n|\n|-damage|p1a: Paranoia|95\/100 tox|[from] psn\n|upkeep\n|turn|8\n|\n|t:|1700319427\n|move|p1a: Paranoia|First Impression|p2a: Landorus\n|-resisted|p2a: Landorus\n|-damage|p2a: Landorus|43\/100\n|-damage|p1a: Paranoia|78\/100 tox|[from] item: Rocky Helmet|[of] p2a: Landorus\n|-damage|p1a: Paranoia|68\/100 tox|[from] item: Life Orb\n|move|p2a: Landorus|U-turn|p1a: Paranoia\n|-supereffective|p1a: Paranoia\n|-damage|p1a: Paranoia|0 fnt\n|faint|p1a: Paranoia\n|\n|t:|1700319449\n|switch|p2a: Rillaboom|Rillaboom, F|87\/100|[from] U-turn\n|-fieldstart|move: Grassy Terrain|[from] ability: Grassy Surge|[of] p2a: Rillaboom\n|\n|-heal|p2a: Rillaboom|93\/100|[from] Grassy Terrain\n|upkeep\n|inactive|Battle timer is ON: inactive players will automatically lose when time's up. (requested by Allahsmh)\n|\n|t:|1700319457\n|switch|p1a: Autism|Dragonite, M|100\/100\n|turn|9\n|\n|t:|1700319468\n|move|p2a: Rillaboom|U-turn|p1a: Autism\n|-resisted|p1a: Autism\n|-damage|p1a: Autism|92\/100\n|\n|t:|1700319471\n|switch|p2a: Landorus|Landorus-Therian, M|43\/100|[from] U-turn\n|-ability|p2a: Landorus|Intimidate|boost\n|-unboost|p1a: Autism|atk|1\n|move|p1a: Autism|Curse|p1a: Autism\n|-unboost|p1a: Autism|spe|1\n|-boost|p1a: Autism|atk|1\n|-boost|p1a: Autism|def|1\n|\n|-heal|p1a: Autism|98\/100|[from] item: Leftovers\n|upkeep\n|turn|10\n|-message|bababooooooey forfeited.\n|\n|win|Allahsmh\n|raw|bababooooooey's rating: 1276 &rarr; <strong>1260<\/strong><br \/>(-16 for losing)\n|raw|Allahsmh's rating: 1404 &rarr; <strong>1417<\/strong><br \/>(+13 for winning)\n|l|\u2606bababooooooey\n|c|\u2606Allahsmh|curse on dragonite?\n","uploadtime":1700319530,"views":6,"p1id":"bababooooooey","p2id":"allahsmh","formatid":"gen9nationaldex","rating":1260,"private":0,"password":""}