{"id":"gen9nationaldex-1996230894","p1":"PineAlex","p2":"cesarmiguez","format":"[Gen 9] National Dex","log":"|html|<div class=\"broadcast-blue\"><strong>[Gen 9] National Dex is currently suspecting Sneasler! For information on how to participate check out the <a href=\"https:\/\/www.smogon.com\/forums\/threads\/sv-national-dex-suspect-8-just-dance.3731534\/\">suspect thread<\/a>.<\/strong><\/div>\n|j|\u2606PineAlex\n|j|\u2606cesarmiguez\n|t:|1700661924\n|gametype|singles\n|player|p1|PineAlex|winona|1345\n|player|p2|cesarmiguez|n|1335\n|teamsize|p1|6\n|teamsize|p2|6\n|gen|9\n|tier|[Gen 9] National Dex\n|rated|\n|rule|HP Percentage Mod: HP is shown in percentages\n|rule|Endless Battle Clause: Forcing endless battles is banned\n|rule|OHKO Clause: OHKO moves are banned\n|rule|Evasion Clause: Evasion abilities, items, and moves are banned\n|rule|Evasion Abilities Clause: Evasion abilities are banned\n|rule|Evasion Items Clause: Evasion items are banned\n|rule|Evasion Moves Clause: Evasion moves are banned\n|rule|Species Clause: Limit one of each Pok\u00e9mon\n|rule|Sleep Clause Mod: Limit one foe put to sleep\n|clearpoke\n|poke|p1|Sinistcha-Masterpiece|\n|poke|p1|Iron Moth|\n|poke|p1|Gyarados, F|\n|poke|p1|Ribombee, M|\n|poke|p1|Thundurus-Therian, M|\n|poke|p1|Iron Valiant|\n|poke|p2|Blaziken, F|\n|poke|p2|Grimmsnarl, M|\n|poke|p2|Garchomp, F|\n|poke|p2|Aegislash, F|\n|poke|p2|Azumarill, F|\n|poke|p2|Alakazam, F|\n|teampreview\n|\n|t:|1700661930\n|start\n|switch|p1a: Thundurus|Thundurus-Therian, M|100\/100\n|switch|p2a: Grimmsnarl|Grimmsnarl, M|100\/100\n|turn|1\n|inactive|Battle timer is ON: inactive players will automatically lose when time's up. (requested by cesarmiguez)\n|inactive|PineAlex has 120 seconds left.\n|inactive|PineAlex has 90 seconds left.\n|inactive|PineAlex has 60 seconds left.\n|\n|t:|1700662111\n|move|p2a: Grimmsnarl|Light Screen|p2a: Grimmsnarl\n|-sidestart|p2: cesarmiguez|move: Light Screen\n|move|p1a: Thundurus|Volt Switch|p2a: Grimmsnarl\n|-damage|p2a: Grimmsnarl|84\/100\n|inactive|PineAlex has 120 seconds left.\n|\n|t:|1700662123\n|switch|p1a: Mobius|Sinistcha-Masterpiece|100\/100|[from] Volt Switch\n|\n|upkeep\n|turn|2\n|\n|t:|1700662131\n|move|p2a: Grimmsnarl|Parting Shot|p1a: Mobius\n|-unboost|p1a: Mobius|atk|1\n|-unboost|p1a: Mobius|spa|1\n|\n|t:|1700662134\n|switch|p2a: Blaziken|Blaziken, F|100\/100|[from] Parting Shot\n|move|p1a: Mobius|Calm Mind|p1a: Mobius\n|-boost|p1a: Mobius|spa|1\n|-boost|p1a: Mobius|spd|1\n|\n|upkeep\n|turn|3\n|\n|t:|1700662143\n|move|p2a: Blaziken|Focus Energy|p2a: Blaziken\n|-start|p2a: Blaziken|move: Focus Energy\n|move|p1a: Mobius|Strength Sap|p2a: Blaziken\n|-unboost|p2a: Blaziken|atk|1\n|\n|-ability|p2a: Blaziken|Speed Boost|boost\n|-boost|p2a: Blaziken|spe|1\n|upkeep\n|turn|4\n|\n|t:|1700662151\n|move|p2a: Blaziken|Blaze Kick|p1a: Mobius\n|-supereffective|p1a: Mobius\n|-crit|p1a: Mobius\n|-damage|p1a: Mobius|48\/100\n|move|p1a: Mobius|Calm Mind|p1a: Mobius\n|-boost|p1a: Mobius|spa|1\n|-boost|p1a: Mobius|spd|1\n|\n|-heal|p1a: Mobius|55\/100|[from] item: Leftovers\n|-ability|p2a: Blaziken|Speed Boost|boost\n|-boost|p2a: Blaziken|spe|1\n|upkeep\n|turn|5\n|\n|t:|1700662158\n|move|p2a: Blaziken|Blaze Kick|p1a: Mobius\n|-supereffective|p1a: Mobius\n|-crit|p1a: Mobius\n|-damage|p1a: Mobius|4\/100\n|move|p1a: Mobius|Strength Sap|p2a: Blaziken\n|-unboost|p2a: Blaziken|atk|1\n|-heal|p1a: Mobius|75\/100\n|\n|-heal|p1a: Mobius|81\/100|[from] item: Leftovers\n|-ability|p2a: Blaziken|Speed Boost|boost\n|-boost|p2a: Blaziken|spe|1\n|upkeep\n|turn|6\n|\n|t:|1700662168\n|move|p2a: Blaziken|Blaze Kick|p1a: Mobius|[miss]\n|-miss|p2a: Blaziken|p1a: Mobius\n|move|p1a: Mobius|Shadow Ball|p2a: Blaziken\n|-damage|p2a: Blaziken|64\/100\n|\n|-heal|p1a: Mobius|87\/100|[from] item: Leftovers\n|-ability|p2a: Blaziken|Speed Boost|boost\n|-boost|p2a: Blaziken|spe|1\n|upkeep\n|turn|7\n|\n|t:|1700662177\n|move|p2a: Blaziken|Blaze Kick|p1a: Mobius\n|-supereffective|p1a: Mobius\n|-crit|p1a: Mobius\n|-damage|p1a: Mobius|41\/100\n|move|p1a: Mobius|Strength Sap|p2a: Blaziken\n|-unboost|p2a: Blaziken|atk|1\n|-heal|p1a: Mobius|94\/100\n|\n|-heal|p1a: Mobius|100\/100|[from] item: Leftovers\n|-ability|p2a: Blaziken|Speed Boost|boost\n|-boost|p2a: Blaziken|spe|1\n|upkeep\n|turn|8\n|\n|t:|1700662187\n|move|p2a: Blaziken|Blaze Kick|p1a: Mobius\n|-supereffective|p1a: Mobius\n|-crit|p1a: Mobius\n|-damage|p1a: Mobius|51\/100\n|move|p1a: Mobius|Shadow Ball|p2a: Blaziken\n|-damage|p2a: Blaziken|25\/100\n|\n|-heal|p1a: Mobius|57\/100|[from] item: Leftovers\n|-sideend|p2: cesarmiguez|move: Light Screen\n|-ability|p2a: Blaziken|Speed Boost|boost\n|-boost|p2a: Blaziken|spe|1\n|upkeep\n|turn|9\n|-message|cesarmiguez forfeited.\n|\n|win|PineAlex\n|raw|PineAlex's rating: 1345 &rarr; <strong>1364<\/strong><br \/>(+19 for winning)\n|raw|cesarmiguez's rating: 1335 &rarr; <strong>1316<\/strong><br \/>(-19 for losing)\n|l|\u2606cesarmiguez\n","uploadtime":1700662196,"views":1,"p1id":"pinealex","p2id":"cesarmiguez","formatid":"gen9nationaldex","rating":1316,"private":0,"password":""}