{"id":"gen9nationaldex-1999975353","p1":"RoboDriveisthebest","p2":"Sprocket0835","format":"[Gen 9] National Dex","log":"|html|<div class=\"broadcast-blue\"><strong>[Gen 9] National Dex is currently suspecting Sneasler! For information on how to participate check out the <a href=\"https:\/\/www.smogon.com\/forums\/threads\/sv-national-dex-suspect-8-just-dance.3731534\/\">suspect thread<\/a>.<\/strong><\/div>\n|j|\u2606RoboDriveisthebest\n|j|\u2606Sprocket0835\n|t:|1701136593\n|gametype|singles\n|player|p1|RoboDriveisthebest|cilan|1363\n|player|p2|Sprocket0835|lucas|1485\n|teamsize|p1|6\n|teamsize|p2|6\n|gen|9\n|tier|[Gen 9] National Dex\n|rated|\n|rule|HP Percentage Mod: HP is shown in percentages\n|rule|Endless Battle Clause: Forcing endless battles is banned\n|rule|OHKO Clause: OHKO moves are banned\n|rule|Evasion Clause: Evasion abilities, items, and moves are banned\n|rule|Evasion Abilities Clause: Evasion abilities are banned\n|rule|Evasion Items Clause: Evasion items are banned\n|rule|Evasion Moves Clause: Evasion moves are banned\n|rule|Species Clause: Limit one of each Pok\u00e9mon\n|rule|Sleep Clause Mod: Limit one foe put to sleep\n|clearpoke\n|poke|p1|Gyarados, M|\n|poke|p1|Hoopa-Unbound|\n|poke|p1|Tapu Lele|\n|poke|p1|Moltres|\n|poke|p1|Rillaboom, M|\n|poke|p1|Hawlucha, M|\n|poke|p2|Great Tusk|\n|poke|p2|Kyurem|\n|poke|p2|Ceruledge, F|\n|poke|p2|Tapu Lele|\n|poke|p2|Garganacl, F|\n|poke|p2|Ferrothorn, F|\n|teampreview\n|\n|t:|1701136602\n|start\n|switch|p1a: Moltres|Moltres|100\/100\n|switch|p2a: Ceruledge|Ceruledge, F|100\/100\n|-ability|p1a: Moltres|Pressure\n|turn|1\n|\n|t:|1701136611\n|move|p2a: Ceruledge|Swords Dance|p2a: Ceruledge\n|-boost|p2a: Ceruledge|atk|2\n|move|p1a: Moltres|Hurricane|p2a: Ceruledge\n|-damage|p2a: Ceruledge|44\/100\n|\n|upkeep\n|turn|2\n|\n|t:|1701136619\n|move|p2a: Ceruledge|Bitter Blade|p1a: Moltres\n|-resisted|p1a: Moltres\n|-damage|p1a: Moltres|58\/100\n|-heal|p2a: Ceruledge|72\/100|[from] drain|[of] p1a: Moltres\n|move|p1a: Moltres|U-turn|p2a: Ceruledge\n|-resisted|p2a: Ceruledge\n|-damage|p2a: Ceruledge|67\/100\n|-ability|p2a: Ceruledge|Weak Armor|boost\n|-unboost|p2a: Ceruledge|def|1\n|-boost|p2a: Ceruledge|spe|2\n|\n|t:|1701136625\n|switch|p1a: Tapu Lele|Tapu Lele|100\/100|[from] U-turn\n|-fieldstart|move: Psychic Terrain|[from] ability: Psychic Surge|[of] p1a: Tapu Lele\n|\n|upkeep\n|turn|3\n|\n|t:|1701136643\n|switch|p1a: Gyarados|Gyarados, M|100\/100\n|-ability|p1a: Gyarados|Intimidate|boost\n|-unboost|p2a: Ceruledge|atk|1\n|move|p2a: Ceruledge|Poltergeist|p1a: Gyarados\n|-activate|p1a: Gyarados|move: Poltergeist|Gyaradosite\n|-damage|p1a: Gyarados|0 fnt\n|faint|p1a: Gyarados\n|\n|upkeep\n|\n|t:|1701136658\n|switch|p1a: Rillaboom|Rillaboom, M|100\/100\n|-fieldstart|move: Grassy Terrain|[from] ability: Grassy Surge|[of] p1a: Rillaboom\n|turn|4\n|\n|t:|1701136664\n|-terastallize|p1a: Rillaboom|Grass\n|move|p1a: Rillaboom|Grassy Glide|p2a: Ceruledge\n|-resisted|p2a: Ceruledge\n|-damage|p2a: Ceruledge|12\/100\n|-ability|p2a: Ceruledge|Weak Armor|boost\n|-unboost|p2a: Ceruledge|def|1\n|-boost|p2a: Ceruledge|spe|2\n|move|p2a: Ceruledge|Poltergeist|p1a: Rillaboom|[miss]\n|-miss|p2a: Ceruledge|p1a: Rillaboom\n|\n|-heal|p2a: Ceruledge|18\/100|[from] Grassy Terrain\n|upkeep\n|turn|5\n|\n|t:|1701136677\n|switch|p2a: Ferrothorn|Ferrothorn, F|100\/100\n|move|p1a: Rillaboom|Grassy Glide|p2a: Ferrothorn\n|-resisted|p2a: Ferrothorn\n|-damage|p2a: Ferrothorn|92\/100\n|-damage|p1a: Rillaboom|88\/100|[from] ability: Iron Barbs|[of] p2a: Ferrothorn\n|-damage|p1a: Rillaboom|72\/100|[from] item: Rocky Helmet|[of] p2a: Ferrothorn\n|\n|-heal|p1a: Rillaboom|78\/100|[from] Grassy Terrain\n|-heal|p2a: Ferrothorn|98\/100|[from] Grassy Terrain\n|upkeep\n|turn|6\n|\n|t:|1701136684\n|move|p1a: Rillaboom|Superpower|p2a: Ferrothorn\n|-supereffective|p2a: Ferrothorn\n|-damage|p2a: Ferrothorn|39\/100\n|-unboost|p1a: Rillaboom|atk|1\n|-unboost|p1a: Rillaboom|def|1\n|-damage|p1a: Rillaboom|66\/100|[from] ability: Iron Barbs|[of] p2a: Ferrothorn\n|-damage|p1a: Rillaboom|49\/100|[from] item: Rocky Helmet|[of] p2a: Ferrothorn\n|move|p2a: Ferrothorn|Knock Off|p1a: Rillaboom\n|-damage|p1a: Rillaboom|12\/100\n|-enditem|p1a: Rillaboom|Assault Vest|[from] move: Knock Off|[of] p2a: Ferrothorn\n|\n|-heal|p1a: Rillaboom|18\/100|[from] Grassy Terrain\n|-heal|p2a: Ferrothorn|45\/100|[from] Grassy Terrain\n|upkeep\n|turn|7\n|\n|t:|1701136695\n|switch|p2a: Ceruledge|Ceruledge, F|18\/100\n|move|p1a: Rillaboom|U-turn|p2a: Ceruledge\n|-resisted|p2a: Ceruledge\n|-damage|p2a: Ceruledge|13\/100\n|-ability|p2a: Ceruledge|Weak Armor|boost\n|-unboost|p2a: Ceruledge|def|1\n|-boost|p2a: Ceruledge|spe|2\n|\n|t:|1701136697\n|switch|p1a: Hawlucha|Hawlucha, M|100\/100|[from] U-turn\n|-enditem|p1a: Hawlucha|Grassy Seed\n|-boost|p1a: Hawlucha|def|1|[from] item: Grassy Seed\n|\n|-heal|p2a: Ceruledge|19\/100|[from] Grassy Terrain\n|upkeep\n|turn|8\n|\n|t:|1701136736\n|switch|p2a: Ferrothorn|Ferrothorn, F|45\/100\n|move|p1a: Hawlucha|Swords Dance|p1a: Hawlucha\n|-boost|p1a: Hawlucha|atk|2\n|\n|-heal|p2a: Ferrothorn|51\/100|[from] Grassy Terrain\n|-fieldend|move: Grassy Terrain\n|upkeep\n|turn|9\n|\n|t:|1701136748\n|-terastallize|p2a: Ferrothorn|Ghost\n|move|p1a: Hawlucha|Acrobatics|p2a: Ferrothorn\n|-damage|p2a: Ferrothorn|0 fnt\n|-damage|p1a: Hawlucha|88\/100|[from] ability: Iron Barbs|[of] p2a: Ferrothorn\n|-damage|p1a: Hawlucha|72\/100|[from] item: Rocky Helmet|[of] p2a: Ferrothorn\n|faint|p2a: Ferrothorn\n|\n|upkeep\n|c|\u2606Sprocket0835|instant loss?\n|\n|t:|1701136776\n|switch|p2a: Great Tusk|Great Tusk|100\/100\n|-enditem|p2a: Great Tusk|Booster Energy\n|-activate|p2a: Great Tusk|ability: Protosynthesis|[fromitem]\n|-start|p2a: Great Tusk|protosynthesisspe\n|turn|10\n|\n|t:|1701136792\n|move|p1a: Hawlucha|Acrobatics|p2a: Great Tusk\n|-supereffective|p2a: Great Tusk\n|-damage|p2a: Great Tusk|0 fnt\n|faint|p2a: Great Tusk\n|-end|p2a: Great Tusk|Protosynthesis|[silent]\n|\n|upkeep\n|\n|t:|1701136795\n|switch|p2a: Garganacl|Garganacl, F|100\/100\n|turn|11\n|\n|t:|1701136804\n|move|p1a: Hawlucha|Close Combat|p2a: Garganacl\n|-supereffective|p2a: Garganacl\n|-damage|p2a: Garganacl|0 fnt\n|-unboost|p1a: Hawlucha|def|1\n|-unboost|p1a: Hawlucha|spd|1\n|faint|p2a: Garganacl\n|\n|upkeep\n|c|\u2606Sprocket0835|it questions, how you counter a unburden pokemon\n|c|\u2606Sprocket0835|what teams\n|\n|t:|1701136827\n|switch|p2a: Tapu Lele|Tapu Lele|100\/100\n|-fieldstart|move: Psychic Terrain|[from] ability: Psychic Surge|[of] p2a: Tapu Lele\n|turn|12\n|c|\u2606RoboDriveisthebest|idk\n|\n|t:|1701136845\n|move|p1a: Hawlucha|Acrobatics|p2a: Tapu Lele\n|-damage|p2a: Tapu Lele|0 fnt\n|faint|p2a: Tapu Lele\n|\n|upkeep\n|\n|t:|1701136849\n|switch|p2a: Ceruledge|Ceruledge, F|19\/100\n|turn|13\n|\n|t:|1701136876\n|move|p1a: Hawlucha|Acrobatics|p2a: Ceruledge\n|-damage|p2a: Ceruledge|0 fnt\n|faint|p2a: Ceruledge\n|\n|upkeep\n|\n|t:|1701136882\n|switch|p2a: Kyurem|Kyurem|100\/100\n|-ability|p2a: Kyurem|Pressure\n|turn|14\n|inactive|Battle timer is ON: inactive players will automatically lose when time's up. (requested by Sprocket0835)\n|-message|Sprocket0835 forfeited.\n|\n|win|RoboDriveisthebest\n|raw|RoboDriveisthebest's rating: 1363 &rarr; <strong>1390<\/strong><br \/>(+27 for winning)\n|raw|Sprocket0835's rating: 1485 &rarr; <strong>1458<\/strong><br \/>(-27 for losing)\n","uploadtime":1701136923,"views":13,"p1id":"robodriveisthebest","p2id":"sprocket0835","formatid":"gen9nationaldex","rating":1390,"private":0,"password":""}