{"id":"gen9nationaldex-1999359973","p1":"Autistic_Rabbit","p2":"Anhkiet","format":"[Gen 9] National Dex","log":"|html|<div class=\"broadcast-blue\"><strong>[Gen 9] National Dex is currently suspecting Sneasler! For information on how to participate check out the <a href=\"https:\/\/www.smogon.com\/forums\/threads\/sv-national-dex-suspect-8-just-dance.3731534\/\">suspect thread<\/a>.<\/strong><\/div>\n|j|\u2606Autistic_Rabbit\n|j|\u2606Anhkiet\n|t:|1701066527\n|gametype|singles\n|player|p1|Autistic_Rabbit|dawn|1674\n|player|p2|Anhkiet|101|1663\n|teamsize|p1|6\n|teamsize|p2|6\n|gen|9\n|tier|[Gen 9] National Dex\n|rated|\n|rule|HP Percentage Mod: HP is shown in percentages\n|rule|Endless Battle Clause: Forcing endless battles is banned\n|rule|OHKO Clause: OHKO moves are banned\n|rule|Evasion Clause: Evasion abilities, items, and moves are banned\n|rule|Evasion Abilities Clause: Evasion abilities are banned\n|rule|Evasion Items Clause: Evasion items are banned\n|rule|Evasion Moves Clause: Evasion moves are banned\n|rule|Species Clause: Limit one of each Pok\u00e9mon\n|rule|Sleep Clause Mod: Limit one foe put to sleep\n|clearpoke\n|poke|p1|Mawile, M|\n|poke|p1|Marowak-Alola, F|\n|poke|p1|Hatterene, F|\n|poke|p1|Cresselia, F|\n|poke|p1|Porygon2|\n|poke|p1|Ursaluna, F|\n|poke|p2|Charizard, M|\n|poke|p2|Stakataka|\n|poke|p2|Slowbro-Galar, M|\n|poke|p2|Great Tusk|\n|poke|p2|Torkoal, M|\n|poke|p2|Porygon-Z|\n|teampreview\n|\n|t:|1701066560\n|start\n|switch|p1a: Ursaluna|Ursaluna, F|100\/100\n|switch|p2a: Slowbro|Slowbro-Galar, M|100\/100\n|turn|1\n|inactive|Battle timer is ON: inactive players will automatically lose when time's up. (requested by Anhkiet)\n|\n|t:|1701066570\n|switch|p2a: Charizard|Charizard, M|100\/100\n|move|p1a: Ursaluna|Headlong Rush|p2a: Charizard\n|-immune|p2a: Charizard\n|\n|-status|p1a: Ursaluna|brn|[from] item: Flame Orb\n|upkeep\n|turn|2\n|inactive|Anhkiet has 120 seconds left.\n|\n|t:|1701066618\n|detailschange|p2a: Charizard|Charizard-Mega-X, M\n|-mega|p2a: Charizard|Charizard|Charizardite X\n|move|p2a: Charizard|Outrage|p1a: Ursaluna\n|-damage|p1a: Ursaluna|45\/100 brn\n|move|p1a: Ursaluna|Facade|p2a: Charizard\n|-damage|p2a: Charizard|0 fnt\n|faint|p2a: Charizard\n|\n|-damage|p1a: Ursaluna|39\/100 brn|[from] brn\n|upkeep\n|\n|t:|1701066633\n|switch|p2a: Great Tusk|Great Tusk|100\/100\n|turn|3\n|j| YJLF2\n|\n|t:|1701066638\n|switch|p1a: Cresselia|Cresselia, F|100\/100\n|move|p2a: Great Tusk|Ice Spinner|p1a: Cresselia\n|-damage|p1a: Cresselia|78\/100\n|\n|upkeep\n|turn|4\n|\n|t:|1701066663\n|-end|p2a: Great Tusk|Protosynthesis|[silent]\n|switch|p2a: Stakataka|Stakataka|100\/100\n|switch|p1a: Ursaluna|Ursaluna, F|39\/100 brn\n|\n|-damage|p1a: Ursaluna|33\/100 brn|[from] brn\n|upkeep\n|turn|5\n|\n|t:|1701066673\n|move|p1a: Ursaluna|Headlong Rush|p2a: Stakataka\n|-supereffective|p2a: Stakataka\n|-enditem|p2a: Stakataka|Focus Sash\n|-damage|p2a: Stakataka|1\/100\n|-unboost|p1a: Ursaluna|def|1\n|-unboost|p1a: Ursaluna|spd|1\n|move|p2a: Stakataka|Gyro Ball|p1a: Ursaluna\n|-damage|p1a: Ursaluna|0 fnt\n|faint|p1a: Ursaluna\n|-ability|p2a: Stakataka|Beast Boost|boost\n|-boost|p2a: Stakataka|atk|1\n|\n|upkeep\n|\n|t:|1701066690\n|switch|p1a: Marowak|Marowak-Alola, F|100\/100\n|turn|6\n|\n|t:|1701066705\n|move|p1a: Marowak|Flare Blitz|p2a: Stakataka\n|-damage|p2a: Stakataka|0 fnt\n|faint|p2a: Stakataka\n|\n|upkeep\n|\n|t:|1701066711\n|switch|p2a: Great Tusk|Great Tusk|100\/100\n|turn|7\n|\n|t:|1701066719\n|-end|p2a: Great Tusk|Protosynthesis|[silent]\n|switch|p2a: Slowbro|Slowbro-Galar, M|100\/100\n|switch|p1a: Cresselia|Cresselia, F|78\/100\n|\n|upkeep\n|turn|8\n|\n|t:|1701066729\n|move|p1a: Cresselia|Psychic|p2a: Slowbro\n|-damage|p2a: Slowbro|70\/100\n|move|p2a: Slowbro|Belly Drum|p2a: Slowbro\n|-damage|p2a: Slowbro|21\/100\n|-setboost|p2a: Slowbro|atk|6|[from] move: Belly Drum\n|-enditem|p2a: Slowbro|Sitrus Berry|[eat]\n|-heal|p2a: Slowbro|45\/100|[from] item: Sitrus Berry\n|\n|upkeep\n|turn|9\n|inactive|Anhkiet has 120 seconds left.\n|l|\u2606Anhkiet\n|inactive|Anhkiet disconnected and has a minute to reconnect!\n|player|p2|\n|inactive|Anhkiet has 30 seconds to reconnect!\n|j|\u2606Anhkiet\n|inactive|Anhkiet reconnected and has 65 seconds left.\n|player|p2|Anhkiet|101\n|inactive|Anhkiet has 60 seconds left.\n|\n|t:|1701066802\n|move|p1a: Cresselia|Lunar Dance|p1a: Cresselia\n|faint|p1a: Cresselia\n|move|p2a: Slowbro|Shell Side Arm|p1: Cresselia|[notarget]\n|-fail|p2a: Slowbro\n|\n|upkeep\n|\n|t:|1701066808\n|switch|p1a: Mawile|Mawile, M|100\/100\n|-ability|p1a: Mawile|Intimidate|boost\n|-unboost|p2a: Slowbro|atk|1\n|turn|10\n|\n|t:|1701066820\n|detailschange|p1a: Mawile|Mawile-Mega, M\n|-mega|p1a: Mawile|Mawile|Mawilite\n|-terastallize|p2a: Slowbro|Fighting\n|move|p1a: Mawile|Play Rough|p2a: Slowbro\n|-supereffective|p2a: Slowbro\n|-damage|p2a: Slowbro|0 fnt\n|faint|p2a: Slowbro\n|\n|upkeep\n|\n|t:|1701066827\n|switch|p2a: Torkoal|Torkoal, M|100\/100\n|-weather|SunnyDay|[from] ability: Drought|[of] p2a: Torkoal\n|turn|11\n|\n|t:|1701066832\n|switch|p1a: Porygon2|Porygon2|100\/100\n|-ability|p1a: Porygon2|Drought|[from] ability: Trace|[of] p2a: Torkoal\n|move|p2a: Torkoal|Fire Blast|p1a: Porygon2\n|-damage|p1a: Porygon2|62\/100\n|\n|-weather|SunnyDay|[upkeep]\n|upkeep\n|turn|12\n|\n|t:|1701066842\n|move|p2a: Torkoal|Yawn|p1a: Porygon2\n|-start|p1a: Porygon2|move: Yawn|[of] p2a: Torkoal\n|move|p1a: Porygon2|Teleport|p1a: Porygon2\n|\n|t:|1701066846\n|switch|p1a: Marowak|Marowak-Alola, F|100\/100|[from] Teleport\n|-heal|p1a: Marowak|100\/100|[from] move: Lunar Dance\n|\n|-weather|SunnyDay|[upkeep]\n|upkeep\n|turn|13\n|inactive|Anhkiet has 90 seconds left.\n|\n|t:|1701066884\n|move|p1a: Marowak|Flare Blitz|p2a: Torkoal\n|-resisted|p2a: Torkoal\n|-damage|p2a: Torkoal|47\/100\n|move|p2a: Torkoal|Fire Blast|p1a: Marowak\n|-resisted|p1a: Marowak\n|-damage|p1a: Marowak|58\/100\n|\n|-weather|SunnyDay|[upkeep]\n|upkeep\n|turn|14\n|\n|t:|1701066890\n|move|p1a: Marowak|Flare Blitz|p2a: Torkoal\n|-resisted|p2a: Torkoal\n|-damage|p2a: Torkoal|0 fnt\n|faint|p2a: Torkoal\n|\n|-weather|SunnyDay|[upkeep]\n|upkeep\n|\n|t:|1701066892\n|switch|p2a: Great Tusk|Great Tusk|100\/100\n|-activate|p2a: Great Tusk|ability: Protosynthesis\n|-start|p2a: Great Tusk|protosynthesisatk\n|turn|15\n|\n|t:|1701066899\n|switch|p1a: Porygon2|Porygon2|62\/100\n|move|p2a: Great Tusk|Headlong Rush|p1a: Porygon2\n|-damage|p1a: Porygon2|0 fnt\n|-unboost|p2a: Great Tusk|def|1\n|-unboost|p2a: Great Tusk|spd|1\n|faint|p1a: Porygon2\n|\n|-weather|none\n|-end|p2a: Great Tusk|Protosynthesis\n|upkeep\n|\n|t:|1701066904\n|switch|p1a: Hatterene|Hatterene, F|100\/100\n|turn|16\n|\n|t:|1701066911\n|-end|p2a: Great Tusk|Protosynthesis|[silent]\n|switch|p2a: Porygon-Z|Porygon-Z|100\/100\n|-ability|p2a: Porygon-Z|Download|boost\n|-boost|p2a: Porygon-Z|atk|1\n|move|p1a: Hatterene|Trick Room|p1a: Hatterene\n|-fieldstart|move: Trick Room|[of] p1a: Hatterene\n|\n|upkeep\n|turn|17\n|\n|t:|1701066925\n|switch|p1a: Mawile|Mawile-Mega, M|100\/100\n|move|p2a: Porygon-Z|Tri Attack|p1a: Mawile\n|-resisted|p1a: Mawile\n|-damage|p1a: Mawile|74\/100\n|\n|upkeep\n|turn|18\n|inactive|Anhkiet has 90 seconds left.\n|\n|t:|1701066941\n|move|p1a: Mawile|Play Rough|p2a: Porygon-Z\n|-damage|p2a: Porygon-Z|0 fnt\n|faint|p2a: Porygon-Z\n|\n|upkeep\n|\n|t:|1701066944\n|switch|p2a: Great Tusk|Great Tusk|100\/100\n|turn|19\n|\n|t:|1701066947\n|move|p1a: Mawile|Play Rough|p2a: Great Tusk\n|-supereffective|p2a: Great Tusk\n|-damage|p2a: Great Tusk|0 fnt\n|faint|p2a: Great Tusk\n|-end|p2a: Great Tusk|Protosynthesis|[silent]\n|\n|win|Autistic_Rabbit\n|raw|Autistic_Rabbit's rating: 1674 &rarr; <strong>1693<\/strong><br \/>(+19 for winning)\n|raw|Anhkiet's rating: 1649 &rarr; <strong>1630<\/strong><br \/>(-19 for losing)\n|l|\u2606Anhkiet\n|l| YJLF2\n","uploadtime":1701066955,"views":10,"p1id":"autisticrabbit","p2id":"anhkiet","formatid":"gen9nationaldex","rating":1630,"private":0,"password":""}