{"id":"gen9nationaldex-1995866811","p1":"shower035","p2":"Emma Straflys","format":"[Gen 9] National Dex","log":"|html|<div class=\"broadcast-blue\"><strong>[Gen 9] National Dex is currently suspecting Sneasler! For information on how to participate check out the <a href=\"https:\/\/www.smogon.com\/forums\/threads\/sv-national-dex-suspect-8-just-dance.3731534\/\">suspect thread<\/a>.<\/strong><\/div>\n|j|\u2606shower035\n|j|\u2606Emma Straflys\n|t:|1700611376\n|gametype|singles\n|player|p1|shower035|roxie|1353\n|player|p2|Emma Straflys|lady|1431\n|teamsize|p1|6\n|teamsize|p2|6\n|gen|9\n|tier|[Gen 9] National Dex\n|rated|\n|rule|HP Percentage Mod: HP is shown in percentages\n|rule|Endless Battle Clause: Forcing endless battles is banned\n|rule|OHKO Clause: OHKO moves are banned\n|rule|Evasion Clause: Evasion abilities, items, and moves are banned\n|rule|Evasion Abilities Clause: Evasion abilities are banned\n|rule|Evasion Items Clause: Evasion items are banned\n|rule|Evasion Moves Clause: Evasion moves are banned\n|rule|Species Clause: Limit one of each Pok\u00e9mon\n|rule|Sleep Clause Mod: Limit one foe put to sleep\n|clearpoke\n|poke|p1|Ninetales-Alola, F|\n|poke|p1|Slowking-Galar, F|\n|poke|p1|Frosmoth, F|\n|poke|p1|Zapdos|\n|poke|p1|Ditto|\n|poke|p1|Banette, M|\n|poke|p2|Slowking-Galar, F|\n|poke|p2|Hoopa-Unbound|\n|poke|p2|Lopunny, F|\n|poke|p2|Clefable, F|\n|poke|p2|Toxapex, F|\n|poke|p2|Iron Treads|\n|teampreview\n|c|\u2606Emma Straflys|hi\n|inactive|Battle timer is ON: inactive players will automatically lose when time's up. (requested by shower035)\n|\n|t:|1700611388\n|start\n|switch|p1a: Ninetales|Ninetales-Alola, F|100\/100\n|switch|p2a: Kiss|Slowking-Galar, F|100\/100\n|-weather|Snow|[from] ability: Snow Warning|[of] p1a: Ninetales\n|turn|1\n|\n|t:|1700611398\n|move|p1a: Ninetales|Aurora Veil|p1a: Ninetales\n|-sidestart|p1: shower035|move: Aurora Veil\n|move|p2a: Kiss|Future Sight|p1a: Ninetales\n|-start|p2a: Kiss|move: Future Sight\n|\n|-weather|Snow|[upkeep]\n|upkeep\n|turn|2\n|\n|t:|1700611412\n|move|p1a: Ninetales|Hypnosis|p2a: Kiss|[miss]\n|-miss|p1a: Ninetales|p2a: Kiss\n|move|p2a: Kiss|Sludge Wave|p1a: Ninetales\n|-supereffective|p1a: Ninetales\n|-damage|p1a: Ninetales|68\/100\n|\n|-weather|Snow|[upkeep]\n|upkeep\n|turn|3\n|\n|t:|1700611427\n|switch|p2a: Toxic holocaust|Toxapex, F|100\/100\n|move|p1a: Ninetales|Hypnosis|p2a: Toxic holocaust\n|-status|p2a: Toxic holocaust|slp|[from] move: Hypnosis\n|\n|-weather|Snow|[upkeep]\n|-end|p1a: Ninetales|move: Future Sight\n|-damage|p1a: Ninetales|48\/100\n|upkeep\n|turn|4\n|\n|t:|1700611447\n|switch|p1a: Slowking|Slowking-Galar, F|100\/100\n|switch|p2a: Kiss|Slowking-Galar, F|100\/100\n|\n|-weather|Snow|[upkeep]\n|upkeep\n|turn|5\n|\n|t:|1700611451\n|move|p2a: Kiss|Future Sight|p1a: Slowking\n|-start|p2a: Kiss|move: Future Sight\n|move|p1a: Slowking|Future Sight|p2a: Kiss\n|-start|p1a: Slowking|move: Future Sight\n|\n|-weather|none\n|upkeep\n|turn|6\n|\n|t:|1700611458\n|move|p2a: Kiss|Flamethrower|p1a: Slowking\n|-damage|p1a: Slowking|94\/100\n|-status|p1a: Slowking|brn\n|move|p1a: Slowking|Chilly Reception|p1a: Slowking\n|-weather|Snow\n|\n|t:|1700611465\n|switch|p1a: Frosmoth|Frosmoth, F|100\/100|[from] Chilly Reception\n|\n|-weather|Snow|[upkeep]\n|upkeep\n|turn|7\n|\n|t:|1700611472\n|-terastallize|p1a: Frosmoth|Ground\n|move|p1a: Frosmoth|Quiver Dance|p1a: Frosmoth\n|-boost|p1a: Frosmoth|spa|1\n|-boost|p1a: Frosmoth|spd|1\n|-boost|p1a: Frosmoth|spe|1\n|move|p2a: Kiss|Flamethrower|p1a: Frosmoth\n|-damage|p1a: Frosmoth|96\/100\n|\n|-weather|Snow|[upkeep]\n|-end|p1a: Frosmoth|move: Future Sight\n|-damage|p1a: Frosmoth|86\/100\n|-end|p2a: Kiss|move: Future Sight\n|-damage|p2a: Kiss|74\/100\n|upkeep\n|turn|8\n|\n|t:|1700611484\n|move|p1a: Frosmoth|Tera Blast|p2a: Kiss|[anim] Tera Blast Ground\n|-supereffective|p2a: Kiss\n|-damage|p2a: Kiss|5\/100\n|move|p2a: Kiss|Chilly Reception|p2a: Kiss\n|\n|t:|1700611489\n|switch|p2a: Katty perry|Clefable, F|100\/100|[from] Chilly Reception\n|\n|-weather|Snow|[upkeep]\n|-sideend|p1: shower035|move: Aurora Veil\n|upkeep\n|turn|9\n|\n|t:|1700611506\n|switch|p1a: Ninetales|Ninetales-Alola, F|48\/100\n|move|p2a: Katty perry|Cosmic Power|p2a: Katty perry\n|-boost|p2a: Katty perry|def|1\n|-boost|p2a: Katty perry|spd|1\n|\n|-weather|Snow|[upkeep]\n|upkeep\n|turn|10\n|\n|t:|1700611513\n|move|p1a: Ninetales|Aurora Veil|p1a: Ninetales\n|-sidestart|p1: shower035|move: Aurora Veil\n|move|p2a: Katty perry|Moonblast|p1a: Ninetales\n|-damage|p1a: Ninetales|33\/100\n|\n|-weather|none\n|upkeep\n|turn|11\n|\n|t:|1700611531\n|switch|p1a: Slowking|Slowking-Galar, F|100\/100 brn\n|move|p2a: Katty perry|Moonblast|p1a: Slowking\n|-resisted|p1a: Slowking\n|-damage|p1a: Slowking|96\/100 brn\n|\n|-heal|p1a: Slowking|100\/100 brn|[from] item: Leftovers\n|-damage|p1a: Slowking|94\/100 brn|[from] brn\n|upkeep\n|turn|12\n|\n|t:|1700611542\n|switch|p2a: Kiss|Slowking-Galar, F|38\/100\n|move|p1a: Slowking|Toxic|p2a: Kiss\n|-immune|p2a: Kiss\n|\n|-heal|p1a: Slowking|100\/100 brn|[from] item: Leftovers\n|-damage|p1a: Slowking|94\/100 brn|[from] brn\n|upkeep\n|turn|13\n|\n|t:|1700611546\n|move|p1a: Slowking|Future Sight|p2a: Kiss\n|-start|p1a: Slowking|move: Future Sight\n|move|p2a: Kiss|Future Sight|p1a: Slowking\n|-start|p2a: Kiss|move: Future Sight\n|\n|-heal|p1a: Slowking|100\/100 brn|[from] item: Leftovers\n|-damage|p1a: Slowking|94\/100 brn|[from] brn\n|upkeep\n|turn|14\n|\n|t:|1700611555\n|move|p2a: Kiss|Chilly Reception|p2a: Kiss\n|-weather|Snow\n|\n|t:|1700611559\n|switch|p2a: Toxic holocaust|Toxapex, F|100\/100 slp|[from] Chilly Reception\n|move|p1a: Slowking|Chilly Reception|p1a: Slowking\n|\n|t:|1700611564\n|switch|p1a: Frosmoth|Frosmoth, F, tera:Ground|86\/100|[from] Chilly Reception\n|\n|-weather|Snow|[upkeep]\n|upkeep\n|turn|15\n|\n|t:|1700611574\n|switch|p2a: Katty perry|Clefable, F|100\/100\n|move|p1a: Frosmoth|Quiver Dance|p1a: Frosmoth\n|-boost|p1a: Frosmoth|spa|1\n|-boost|p1a: Frosmoth|spd|1\n|-boost|p1a: Frosmoth|spe|1\n|\n|-weather|Snow|[upkeep]\n|-end|p2a: Katty perry|move: Future Sight\n|-damage|p2a: Katty perry|56\/100\n|-end|p1a: Frosmoth|move: Future Sight\n|-damage|p1a: Frosmoth|77\/100\n|-heal|p2a: Katty perry|62\/100|[from] item: Leftovers\n|upkeep\n|turn|16\n|\n|t:|1700611584\n|move|p1a: Frosmoth|Tera Blast|p2a: Katty perry|[anim] Tera Blast Ground\n|-damage|p2a: Katty perry|20\/100\n|move|p2a: Katty perry|Cosmic Power|p2a: Katty perry\n|-boost|p2a: Katty perry|def|1\n|-boost|p2a: Katty perry|spd|1\n|\n|-weather|Snow|[upkeep]\n|-heal|p2a: Katty perry|26\/100|[from] item: Leftovers\n|upkeep\n|turn|17\n|\n|t:|1700611593\n|move|p1a: Frosmoth|Quiver Dance|p1a: Frosmoth\n|-boost|p1a: Frosmoth|spa|1\n|-boost|p1a: Frosmoth|spd|1\n|-boost|p1a: Frosmoth|spe|1\n|move|p2a: Katty perry|Soft-Boiled|p2a: Katty perry\n|-heal|p2a: Katty perry|76\/100\n|\n|-weather|Snow|[upkeep]\n|-heal|p2a: Katty perry|82\/100|[from] item: Leftovers\n|-sideend|p1: shower035|move: Aurora Veil\n|upkeep\n|turn|18\n|\n|t:|1700611602\n|move|p1a: Frosmoth|Tera Blast|p2a: Katty perry|[anim] Tera Blast Ground\n|-damage|p2a: Katty perry|58\/100\n|move|p2a: Katty perry|Moonblast|p1a: Frosmoth\n|-damage|p1a: Frosmoth|57\/100\n|\n|-weather|none\n|-heal|p2a: Katty perry|64\/100|[from] item: Leftovers\n|upkeep\n|turn|19\n|\n|t:|1700611609\n|switch|p1a: Ninetales|Ninetales-Alola, F|33\/100\n|-weather|Snow|[from] ability: Snow Warning|[of] p1a: Ninetales\n|move|p2a: Katty perry|Cosmic Power|p2a: Katty perry\n|-boost|p2a: Katty perry|def|1\n|-boost|p2a: Katty perry|spd|1\n|\n|-weather|Snow|[upkeep]\n|-heal|p2a: Katty perry|70\/100|[from] item: Leftovers\n|upkeep\n|turn|20\n|\n|t:|1700611620\n|move|p1a: Ninetales|Aurora Veil|p1a: Ninetales\n|-sidestart|p1: shower035|move: Aurora Veil\n|move|p2a: Katty perry|Moonblast|p1a: Ninetales\n|-damage|p1a: Ninetales|17\/100\n|\n|-weather|Snow|[upkeep]\n|-heal|p2a: Katty perry|76\/100|[from] item: Leftovers\n|upkeep\n|turn|21\n|\n|t:|1700611627\n|move|p1a: Ninetales|Hypnosis|p2a: Katty perry\n|-message|Sleep Clause Mod activated.\n|-hint|Sleep Clause Mod prevents players from putting more than one of their opponent's Pok\u00e9mon to sleep at a time\n|move|p2a: Katty perry|Cosmic Power|p2a: Katty perry\n|-boost|p2a: Katty perry|def|1\n|-boost|p2a: Katty perry|spd|1\n|\n|-weather|Snow|[upkeep]\n|-heal|p2a: Katty perry|82\/100|[from] item: Leftovers\n|upkeep\n|turn|22\n|\n|t:|1700611643\n|move|p1a: Ninetales|Heal Bell|p1a: Ninetales\n|-activate|p1a: Ninetales|move: Heal Bell\n|-curestatus|p1: Slowking|brn|[msg]\n|move|p2a: Katty perry|Cosmic Power|p2a: Katty perry\n|-boost|p2a: Katty perry|def|1\n|-boost|p2a: Katty perry|spd|1\n|\n|-weather|Snow|[upkeep]\n|-heal|p2a: Katty perry|88\/100|[from] item: Leftovers\n|upkeep\n|turn|23\n|\n|t:|1700611659\n|switch|p1a: Slowking|Slowking-Galar, F|100\/100\n|move|p2a: Katty perry|Moonblast|p1a: Slowking\n|-resisted|p1a: Slowking\n|-damage|p1a: Slowking|96\/100\n|\n|-weather|none\n|-heal|p2a: Katty perry|94\/100|[from] item: Leftovers\n|-heal|p1a: Slowking|100\/100|[from] item: Leftovers\n|upkeep\n|turn|24\n|\n|t:|1700611671\n|switch|p2a: Kiss|Slowking-Galar, F|71\/100\n|move|p1a: Slowking|Toxic|p2a: Kiss\n|-immune|p2a: Kiss\n|\n|upkeep\n|turn|25\n|\n|t:|1700611682\n|move|p1a: Slowking|Future Sight|p2a: Kiss\n|-start|p1a: Slowking|move: Future Sight\n|move|p2a: Kiss|Future Sight|p1a: Slowking\n|-start|p2a: Kiss|move: Future Sight\n|\n|upkeep\n|turn|26\n|\n|t:|1700611687\n|move|p2a: Kiss|Chilly Reception|p2a: Kiss\n|-weather|Snow\n|\n|t:|1700611697\n|switch|p2a: Slipknot|Hoopa-Unbound|100\/100|[from] Chilly Reception\n|move|p1a: Slowking|Chilly Reception|p1a: Slowking\n|\n|t:|1700611716\n|switch|p1a: Ditto|Ditto|100\/100|[from] Chilly Reception\n|-transform|p1a: Ditto|p2a: Slipknot|[from] ability: Imposter\n|\n|-weather|Snow|[upkeep]\n|upkeep\n|turn|27\n|\n|t:|1700611724\n|switch|p2a: Toxic holocaust|Toxapex, F|100\/100 slp\n|move|p1a: Ditto|Hyperspace Fury|p2a: Toxic holocaust\n|-damage|p2a: Toxic holocaust|64\/100 slp\n|-unboost|p1a: Ditto|def|1\n|\n|-weather|Snow|[upkeep]\n|-end|p2a: Toxic holocaust|move: Future Sight\n|-supereffective|p2a: Toxic holocaust\n|-damage|p2a: Toxic holocaust|0 fnt\n|faint|p2a: Toxic holocaust\n|-end|p1a: Ditto|move: Future Sight\n|-immune|p1a: Ditto\n|-sideend|p1: shower035|move: Aurora Veil\n|upkeep\n|\n|t:|1700611741\n|switch|p2a: Joan jett|Lopunny, F|100\/100\n|turn|28\n|\n|t:|1700611754\n|switch|p1a: Zapdos|Zapdos|100\/100\n|move|p2a: Joan jett|Fake Out|p1a: Zapdos\n|-damage|p1a: Zapdos|90\/100\n|-damage|p2a: Joan jett|84\/100|[from] item: Rocky Helmet|[of] p1a: Zapdos\n|\n|-weather|Snow|[upkeep]\n|upkeep\n|turn|29\n|inactive|shower035 has 120 seconds left.\n|\n|t:|1700611794\n|switch|p2a: Kiss|Slowking-Galar, F|100\/100\n|move|p1a: Zapdos|Heat Wave|p2a: Kiss\n|-damage|p2a: Kiss|85\/100\n|\n|-weather|Snow|[upkeep]\n|upkeep\n|turn|30\n|\n|t:|1700611800\n|move|p1a: Zapdos|Volt Switch|p2a: Kiss\n|-damage|p2a: Kiss|67\/100\n|\n|t:|1700611804\n|switch|p1a: Slowking|Slowking-Galar, F|100\/100|[from] Volt Switch\n|move|p2a: Kiss|Future Sight|p1a: Slowking\n|-start|p2a: Kiss|move: Future Sight\n|\n|-weather|none\n|upkeep\n|turn|31\n|inactive|shower035 has 120 seconds left.\n|\n|t:|1700611814\n|move|p2a: Kiss|Chilly Reception|p2a: Kiss\n|-weather|Snow\n|\n|t:|1700611817\n|switch|p2a: Slipknot|Hoopa-Unbound|100\/100|[from] Chilly Reception\n|move|p1a: Slowking|Toxic|p2a: Slipknot\n|-status|p2a: Slipknot|tox\n|\n|-weather|Snow|[upkeep]\n|-damage|p2a: Slipknot|95\/100 tox|[from] psn\n|upkeep\n|turn|32\n|\n|t:|1700611830\n|switch|p1a: Ninetales|Ninetales-Alola, F|17\/100\n|move|p2a: Slipknot|Hyperspace Fury|p1a: Ninetales\n|-resisted|p1a: Ninetales\n|-damage|p1a: Ninetales|0 fnt\n|-unboost|p2a: Slipknot|def|1\n|faint|p1a: Ninetales\n|\n|-weather|Snow|[upkeep]\n|-hint|Future Sight did not hit because the target is fainted.\n|-damage|p2a: Slipknot|83\/100 tox|[from] psn\n|upkeep\n|inactive|shower035 has 120 seconds left.\n|\n|t:|1700611840\n|switch|p1a: Ditto|Ditto|100\/100\n|-transform|p1a: Ditto|p2a: Slipknot|[from] ability: Imposter\n|turn|33\n|\n|t:|1700611850\n|switch|p2a: Katty perry|Clefable, F|94\/100\n|move|p1a: Ditto|Hyperspace Fury|p2a: Katty perry\n|-resisted|p2a: Katty perry\n|-crit|p2a: Katty perry\n|-damage|p2a: Katty perry|62\/100\n|-unboost|p1a: Ditto|def|1\n|\n|-weather|Snow|[upkeep]\n|-heal|p2a: Katty perry|68\/100|[from] item: Leftovers\n|upkeep\n|turn|34\n|inactive|shower035 has 120 seconds left.\n|\n|t:|1700611883\n|switch|p1a: Banette|Banette, M|100\/100\n|switch|p2a: Kiss|Slowking-Galar, F|99\/100\n|\n|-weather|Snow|[upkeep]\n|upkeep\n|turn|35\n|\n|t:|1700611891\n|switch|p2a: Joan jett|Lopunny, F|84\/100\n|detailschange|p1a: Banette|Banette-Mega, M\n|-mega|p1a: Banette|Banette|Banettite\n|move|p1a: Banette|Poltergeist|p2a: Joan jett\n|-immune|p2a: Joan jett\n|\n|-weather|none\n|upkeep\n|turn|36\n|inactive|shower035 has 120 seconds left.\n|\n|t:|1700611902\n|switch|p1a: Zapdos|Zapdos|90\/100\n|move|p2a: Joan jett|U-turn|p1a: Zapdos\n|-resisted|p1a: Zapdos\n|-damage|p1a: Zapdos|84\/100\n|-damage|p2a: Joan jett|67\/100|[from] item: Rocky Helmet|[of] p1a: Zapdos\n|\n|t:|1700611911\n|switch|p2a: Iron maiden|Iron Treads|100\/100|[from] U-turn\n|\n|upkeep\n|turn|37\n|\n|t:|1700611917\n|move|p2a: Iron maiden|Stealth Rock|p1a: Zapdos\n|-sidestart|p1: shower035|move: Stealth Rock\n|move|p1a: Zapdos|Heat Wave|p2a: Iron maiden\n|-supereffective|p2a: Iron maiden\n|-damage|p2a: Iron maiden|40\/100\n|\n|upkeep\n|turn|38\n|\n|t:|1700611924\n|move|p2a: Iron maiden|Knock Off|p1a: Zapdos\n|-damage|p1a: Zapdos|66\/100\n|-damage|p2a: Iron maiden|23\/100|[from] item: Rocky Helmet|[of] p1a: Zapdos\n|-enditem|p1a: Zapdos|Rocky Helmet|[from] move: Knock Off|[of] p2a: Iron maiden\n|move|p1a: Zapdos|Heat Wave|p2a: Iron maiden\n|-supereffective|p2a: Iron maiden\n|-damage|p2a: Iron maiden|0 fnt\n|faint|p2a: Iron maiden\n|-end|p2a: Iron maiden|Quark Drive|[silent]\n|\n|upkeep\n|\n|t:|1700611935\n|switch|p2a: Kiss|Slowking-Galar, F|100\/100\n|turn|39\n|\n|t:|1700611938\n|move|p1a: Zapdos|Roost|p1a: Zapdos\n|-heal|p1a: Zapdos|100\/100\n|-singleturn|p1a: Zapdos|move: Roost\n|move|p2a: Kiss|Future Sight|p1a: Zapdos\n|-start|p2a: Kiss|move: Future Sight\n|\n|upkeep\n|turn|40\n|\n|t:|1700611945\n|move|p1a: Zapdos|Defog|p2a: Kiss\n|-unboost|p2a: Kiss|evasion|1\n|-sideend|p1: shower035|Stealth Rock|[from] move: Defog|[of] p1a: Zapdos\n|move|p2a: Kiss|Sludge Wave|p1a: Zapdos\n|-damage|p1a: Zapdos|63\/100\n|\n|upkeep\n|turn|41\n|\n|t:|1700611953\n|move|p1a: Zapdos|Volt Switch|p2a: Kiss\n|-damage|p2a: Kiss|83\/100\n|\n|t:|1700611963\n|switch|p1a: Banette|Banette-Mega, M|100\/100|[from] Volt Switch\n|move|p2a: Kiss|Chilly Reception|p2a: Kiss\n|-weather|Snow\n|\n|t:|1700611969\n|switch|p2a: Joan jett|Lopunny, F|67\/100|[from] Chilly Reception\n|\n|-weather|Snow|[upkeep]\n|-end|p1a: Banette|move: Future Sight\n|-damage|p1a: Banette|50\/100\n|upkeep\n|turn|42\n|\n|t:|1700611979\n|move|p1a: Banette|Destiny Bond|p1a: Banette\n|-singlemove|p1a: Banette|Destiny Bond\n|move|p2a: Joan jett|U-turn|p1a: Banette\n|-resisted|p1a: Banette\n|-damage|p1a: Banette|39\/100\n|\n|t:|1700611990\n|switch|p2a: Kiss|Slowking-Galar, F|100\/100|[from] U-turn\n|\n|-weather|Snow|[upkeep]\n|upkeep\n|turn|43\n|\n|t:|1700612004\n|switch|p2a: Joan jett|Lopunny, F|67\/100\n|move|p1a: Banette|Poltergeist|p2a: Joan jett\n|-immune|p2a: Joan jett\n|\n|-weather|Snow|[upkeep]\n|upkeep\n|turn|44\n|\n|t:|1700612012\n|switch|p1a: Zapdos|Zapdos|63\/100\n|detailschange|p2a: Joan jett|Lopunny-Mega, F\n|-mega|p2a: Joan jett|Lopunny|Lopunnite\n|move|p2a: Joan jett|Fake Out|p1a: Zapdos\n|-damage|p1a: Zapdos|46\/100\n|\n|-weather|Snow|[upkeep]\n|upkeep\n|turn|45\n|\n|t:|1700612021\n|switch|p2a: Kiss|Slowking-Galar, F|100\/100\n|move|p1a: Zapdos|Roost|p1a: Zapdos\n|-heal|p1a: Zapdos|96\/100\n|-singleturn|p1a: Zapdos|move: Roost\n|\n|-weather|none\n|upkeep\n|turn|46\n|\n|t:|1700612025\n|move|p1a: Zapdos|Volt Switch|p2a: Kiss\n|-damage|p2a: Kiss|84\/100\n|\n|t:|1700612031\n|switch|p1a: Slowking|Slowking-Galar, F|100\/100|[from] Volt Switch\n|move|p2a: Kiss|Future Sight|p1a: Slowking\n|-start|p2a: Kiss|move: Future Sight\n|\n|upkeep\n|turn|47\n|\n|t:|1700612043\n|move|p1a: Slowking|Future Sight|p2a: Kiss\n|-start|p1a: Slowking|move: Future Sight\n|move|p2a: Kiss|Chilly Reception|p2a: Kiss\n|-weather|Snow\n|\n|t:|1700612047\n|switch|p2a: Slipknot|Hoopa-Unbound|83\/100 tox|[from] Chilly Reception\n|\n|-weather|Snow|[upkeep]\n|-damage|p2a: Slipknot|77\/100 tox|[from] psn\n|upkeep\n|turn|48\n|\n|t:|1700612059\n|switch|p1a: Zapdos|Zapdos|96\/100\n|move|p2a: Slipknot|Hyperspace Fury|p1a: Zapdos\n|-damage|p1a: Zapdos|36\/100\n|-unboost|p2a: Slipknot|def|1\n|\n|-weather|Snow|[upkeep]\n|-end|p1a: Zapdos|move: Future Sight\n|-damage|p1a: Zapdos|0 fnt\n|faint|p1a: Zapdos\n|-damage|p2a: Slipknot|65\/100 tox|[from] psn\n|upkeep\n|\n|t:|1700612074\n|switch|p1a: Ditto|Ditto|100\/100\n|-transform|p1a: Ditto|p2a: Slipknot|[from] ability: Imposter\n|turn|49\n|\n|t:|1700612089\n|switch|p2a: Katty perry|Clefable, F|68\/100\n|move|p1a: Ditto|Zen Headbutt|p2a: Katty perry\n|-damage|p2a: Katty perry|33\/100\n|\n|-weather|Snow|[upkeep]\n|-end|p2a: Katty perry|move: Future Sight\n|-damage|p2a: Katty perry|0 fnt\n|faint|p2a: Katty perry\n|upkeep\n|\n|t:|1700612097\n|switch|p2a: Slipknot|Hoopa-Unbound|65\/100 tox\n|turn|50\n|\n|t:|1700612106\n|switch|p1a: Slowking|Slowking-Galar, F|100\/100\n|move|p2a: Slipknot|Hyperspace Fury|p1a: Slowking\n|-supereffective|p1a: Slowking\n|-damage|p1a: Slowking|0 fnt\n|-unboost|p2a: Slipknot|def|1\n|faint|p1a: Slowking\n|\n|-weather|Snow|[upkeep]\n|-damage|p2a: Slipknot|59\/100 tox|[from] psn\n|upkeep\n|\n|t:|1700612113\n|switch|p1a: Ditto|Ditto|100\/100\n|-transform|p1a: Ditto|p2a: Slipknot|[from] ability: Imposter\n|turn|51\n|\n|t:|1700612123\n|move|p1a: Ditto|Hyperspace Fury|p2a: Slipknot\n|-damage|p2a: Slipknot|0 fnt\n|-unboost|p1a: Ditto|def|1\n|faint|p2a: Slipknot\n|\n|-weather|none\n|upkeep\n|\n|t:|1700612129\n|switch|p2a: Joan jett|Lopunny-Mega, F|67\/100\n|turn|52\n|\n|t:|1700612139\n|switch|p1a: Banette|Banette-Mega, M|39\/100\n|move|p2a: Joan jett|Fake Out|p1a: Banette\n|-damage|p1a: Banette|10\/100\n|\n|upkeep\n|turn|53\n|\n|t:|1700612147\n|switch|p2a: Kiss|Slowking-Galar, F|100\/100\n|move|p1a: Banette|Encore||[still]\n|-fail|p1a: Banette\n|\n|upkeep\n|turn|54\n|\n|t:|1700612162\n|-terastallize|p2a: Kiss|Fairy\n|move|p1a: Banette|Poltergeist|p2a: Kiss\n|-activate|p2a: Kiss|move: Poltergeist|Heavy-Duty Boots\n|-damage|p2a: Kiss|28\/100\n|move|p2a: Kiss|Flamethrower|p1a: Banette\n|-crit|p1a: Banette\n|-damage|p1a: Banette|0 fnt\n|faint|p1a: Banette\n|\n|upkeep\n|\n|t:|1700612172\n|switch|p1a: Frosmoth|Frosmoth, F, tera:Ground|57\/100\n|turn|55\n|\n|t:|1700612179\n|move|p1a: Frosmoth|Tera Blast|p2a: Kiss|[anim] Tera Blast Ground\n|-damage|p2a: Kiss|4\/100\n|move|p2a: Kiss|Flamethrower|p1a: Frosmoth\n|-damage|p1a: Frosmoth|42\/100\n|\n|upkeep\n|turn|56\n|\n|t:|1700612186\n|move|p1a: Frosmoth|Tera Blast|p2a: Kiss|[anim] Tera Blast Ground\n|-damage|p2a: Kiss|0 fnt\n|faint|p2a: Kiss\n|\n|upkeep\n|\n|t:|1700612189\n|switch|p2a: Joan jett|Lopunny-Mega, F|67\/100\n|turn|57\n|\n|t:|1700612193\n|move|p2a: Joan jett|Fake Out|p1a: Frosmoth\n|-damage|p1a: Frosmoth|4\/100\n|cant|p1a: Frosmoth|flinch\n|\n|upkeep\n|turn|58\n|\n|t:|1700612198\n|move|p2a: Joan jett|Return|p1a: Frosmoth\n|-damage|p1a: Frosmoth|0 fnt\n|faint|p1a: Frosmoth\n|\n|upkeep\n|\n|t:|1700612201\n|switch|p1a: Ditto|Ditto|100\/100\n|-transform|p1a: Ditto|p2a: Joan jett|[from] ability: Imposter\n|turn|59\n|\n|t:|1700612207\n|move|p1a: Ditto|Close Combat|p2a: Joan jett\n|-supereffective|p2a: Joan jett\n|-damage|p2a: Joan jett|0 fnt\n|-unboost|p1a: Ditto|def|1\n|-unboost|p1a: Ditto|spd|1\n|faint|p2a: Joan jett\n|\n|win|shower035\n|raw|shower035's rating: 1353 &rarr; <strong>1377<\/strong><br \/>(+24 for winning)\n|raw|Emma Straflys's rating: 1431 &rarr; <strong>1407<\/strong><br \/>(-24 for losing)\n|l|\u2606Emma Straflys\n","uploadtime":1700612216,"views":16,"p1id":"shower035","p2id":"emmastraflys","formatid":"gen9nationaldex","rating":1377,"private":0,"password":""}