{"id":"gen9nationaldex-1987454572","p1":"Cchelly","p2":"Laxus maromba","format":"[Gen 9] National Dex","log":"|j|\u2606Cchelly\n|j|\u2606Laxus maromba\n|t:|1699594101\n|gametype|singles\n|player|p1|Cchelly|dawn|1154\n|player|p2|Laxus maromba|riley|1209\n|teamsize|p1|6\n|teamsize|p2|6\n|gen|9\n|tier|[Gen 9] National Dex\n|rated|\n|rule|HP Percentage Mod: HP is shown in percentages\n|rule|Endless Battle Clause: Forcing endless battles is banned\n|rule|OHKO Clause: OHKO moves are banned\n|rule|Evasion Clause: Evasion abilities, items, and moves are banned\n|rule|Evasion Abilities Clause: Evasion abilities are banned\n|rule|Evasion Items Clause: Evasion items are banned\n|rule|Evasion Moves Clause: Evasion moves are banned\n|rule|Species Clause: Limit one of each Pok\u00e9mon\n|rule|Sleep Clause Mod: Limit one foe put to sleep\n|clearpoke\n|poke|p1|Tapu Lele|\n|poke|p1|Landorus-Therian, M|\n|poke|p1|Scizor, F|\n|poke|p1|Ogerpon-Cornerstone, F|\n|poke|p1|Toxapex, F|\n|poke|p1|Heatran, F|\n|poke|p2|Rillaboom, M|\n|poke|p2|Iron Hands|\n|poke|p2|Talonflame, M|\n|poke|p2|Diancie|\n|poke|p2|Greninja-*, F|\n|poke|p2|Goodra-Hisui, M|\n|teampreview\n|\n|t:|1699594118\n|start\n|switch|p1a: Landorus|Landorus-Therian, M|100\/100\n|switch|p2a: Diancie|Diancie|100\/100\n|-ability|p1a: Landorus|Intimidate|boost\n|-fail|p2a: Diancie|unboost|[from] ability: Clear Body|[of] p2a: Diancie\n|turn|1\n|\n|t:|1699594130\n|move|p1a: Landorus|Earthquake|p2a: Diancie\n|-supereffective|p2a: Diancie\n|-damage|p2a: Diancie|43\/100\n|move|p2a: Diancie|Stealth Rock|p1a: Landorus\n|-sidestart|p1: Cchelly|move: Stealth Rock\n|\n|-heal|p2a: Diancie|50\/100|[from] item: Leftovers\n|upkeep\n|turn|2\n|\n|t:|1699594146\n|switch|p2a: Talonflame|Talonflame, M|100\/100\n|move|p1a: Landorus|Earthquake|p2a: Talonflame\n|-immune|p2a: Talonflame\n|\n|upkeep\n|turn|3\n|\n|t:|1699594154\n|move|p2a: Talonflame|Will-O-Wisp|p1a: Landorus\n|-status|p1a: Landorus|brn\n|move|p1a: Landorus|Defog|p2a: Talonflame\n|-unboost|p2a: Talonflame|evasion|1\n|-sideend|p1: Cchelly|Stealth Rock|[from] move: Defog|[of] p1a: Landorus\n|\n|-damage|p1a: Landorus|94\/100 brn|[from] brn\n|upkeep\n|turn|4\n|inactive|Battle timer is ON: inactive players will automatically lose when time's up. (requested by Laxus maromba)\n|\n|t:|1699594191\n|switch|p2a: Greninja|Greninja, F|100\/100\n|switch|p1a: Tapu Lele|Tapu Lele|100\/100\n|-fieldstart|move: Psychic Terrain|[from] ability: Psychic Surge|[of] p1a: Tapu Lele\n|\n|upkeep\n|turn|5\n|\n|t:|1699594201\n|move|p1a: Tapu Lele|Moonblast|p2a: Greninja\n|-supereffective|p2a: Greninja\n|-damage|p2a: Greninja|0 fnt\n|faint|p2a: Greninja\n|\n|upkeep\n|\n|t:|1699594222\n|switch|p2a: Rillaboom|Rillaboom, M|100\/100\n|-fieldstart|move: Grassy Terrain|[from] ability: Grassy Surge|[of] p2a: Rillaboom\n|turn|6\n|\n|t:|1699594233\n|switch|p1a: Heatran|Heatran, F|100\/100\n|move|p2a: Rillaboom|Wood Hammer|p1a: Heatran\n|-resisted|p1a: Heatran\n|-damage|p1a: Heatran|79\/100\n|-damage|p2a: Rillaboom|94\/100|[from] Recoil\n|\n|-heal|p2a: Rillaboom|99\/100|[from] Grassy Terrain\n|-heal|p1a: Heatran|85\/100|[from] Grassy Terrain\n|upkeep\n|turn|7\n|\n|t:|1699594255\n|switch|p2a: Goodra|Goodra-Hisui, M|100\/100\n|move|p1a: Heatran|Flamethrower|p2a: Goodra\n|-damage|p2a: Goodra|85\/100\n|-status|p2a: Goodra|brn\n|\n|-heal|p1a: Heatran|92\/100|[from] Grassy Terrain\n|-heal|p2a: Goodra|91\/100 brn|[from] Grassy Terrain\n|-damage|p2a: Goodra|85\/100 brn|[from] brn\n|upkeep\n|turn|8\n|\n|t:|1699594275\n|move|p1a: Heatran|Earth Power|p2a: Goodra\n|-supereffective|p2a: Goodra\n|-damage|p2a: Goodra|62\/100 brn\n|move|p2a: Goodra|Dragon Tail|p1a: Heatran\n|-resisted|p1a: Heatran\n|-damage|p1a: Heatran|87\/100\n|drag|p1a: Toxapex|Toxapex, F, shiny|100\/100\n|\n|-heal|p2a: Goodra|68\/100 brn|[from] Grassy Terrain\n|-damage|p2a: Goodra|62\/100 brn|[from] brn\n|upkeep\n|turn|9\n|\n|t:|1699594296\n|switch|p2a: Rillaboom|Rillaboom, M|99\/100\n|move|p1a: Toxapex|Infestation|p2a: Rillaboom\n|-supereffective|p2a: Rillaboom\n|-damage|p2a: Rillaboom|92\/100\n|-activate|p2a: Rillaboom|move: Infestation|[of] p1a: Toxapex\n|\n|-heal|p2a: Rillaboom|98\/100|[from] Grassy Terrain\n|-damage|p2a: Rillaboom|86\/100|[from] move: Infestation|[partiallytrapped]\n|upkeep\n|turn|10\n|\n|t:|1699594306\n|switch|p1a: Heatran|Heatran, F|87\/100\n|move|p2a: Rillaboom|Knock Off|p1a: Heatran\n|-damage|p1a: Heatran|53\/100\n|-enditem|p1a: Heatran|Assault Vest|[from] move: Knock Off|[of] p2a: Rillaboom\n|\n|-heal|p2a: Rillaboom|92\/100|[from] Grassy Terrain\n|-heal|p1a: Heatran|60\/100|[from] Grassy Terrain\n|-end|p2a: Rillaboom|Infestation|[partiallytrapped]|[silent]\n|-fieldend|move: Grassy Terrain\n|upkeep\n|turn|11\n|\n|t:|1699594322\n|switch|p2a: Diancie|Diancie|50\/100\n|move|p1a: Heatran|Earth Power|p2a: Diancie\n|-supereffective|p2a: Diancie\n|-damage|p2a: Diancie|2\/100\n|\n|-heal|p2a: Diancie|8\/100|[from] item: Leftovers\n|upkeep\n|turn|12\n|\n|t:|1699594337\n|move|p1a: Heatran|Earth Power|p2a: Diancie\n|-supereffective|p2a: Diancie\n|-damage|p2a: Diancie|0 fnt\n|faint|p2a: Diancie\n|\n|upkeep\n|\n|t:|1699594341\n|switch|p2a: Iron Hands|Iron Hands|100\/100\n|turn|13\n|\n|t:|1699594352\n|-terastallize|p1a: Heatran|Grass\n|move|p1a: Heatran|Earth Power|p2a: Iron Hands\n|-supereffective|p2a: Iron Hands\n|-damage|p2a: Iron Hands|42\/100\n|move|p2a: Iron Hands|Swords Dance|p2a: Iron Hands\n|-boost|p2a: Iron Hands|atk|2\n|\n|-heal|p2a: Iron Hands|48\/100|[from] item: Leftovers\n|upkeep\n|turn|14\n|\n|t:|1699594360\n|-terastallize|p2a: Iron Hands|Water\n|move|p1a: Heatran|Earth Power|p2a: Iron Hands\n|-damage|p2a: Iron Hands|20\/100\n|move|p2a: Iron Hands|Drain Punch|p1a: Heatran\n|-damage|p1a: Heatran|0 fnt\n|-heal|p2a: Iron Hands|39\/100|[from] drain|[of] p1a: Heatran\n|faint|p1a: Heatran\n|\n|-heal|p2a: Iron Hands|45\/100|[from] item: Leftovers\n|upkeep\n|\n|t:|1699594370\n|switch|p1a: Landorus|Landorus-Therian, M|94\/100 brn\n|-ability|p1a: Landorus|Intimidate|boost\n|-unboost|p2a: Iron Hands|atk|1\n|turn|15\n|\n|t:|1699594386\n|move|p1a: Landorus|U-turn|p2a: Iron Hands\n|-damage|p2a: Iron Hands|38\/100\n|inactive|Cchelly has 120 seconds left.\n|\n|t:|1699594403\n|switch|p1a: Ogerpon|Ogerpon-Cornerstone, F|100\/100|[from] U-turn\n|move|p2a: Iron Hands|Drain Punch|p1a: Ogerpon\n|-supereffective|p1a: Ogerpon\n|-ability|p1a: Ogerpon|Sturdy\n|-damage|p1a: Ogerpon|1\/100\n|-heal|p2a: Iron Hands|68\/100|[from] drain|[of] p1a: Ogerpon\n|\n|-heal|p2a: Iron Hands|74\/100|[from] item: Leftovers\n|upkeep\n|turn|16\n|inactive|Cchelly has 120 seconds left.\n|\n|t:|1699594424\n|-end|p2a: Iron Hands|Quark Drive|[silent]\n|switch|p2a: Talonflame|Talonflame, M|100\/100\n|move|p1a: Ogerpon|Horn Leech|p2a: Talonflame\n|-resisted|p2a: Talonflame\n|-damage|p2a: Talonflame|87\/100\n|-heal|p1a: Ogerpon|9\/100|[from] drain|[of] p2a: Talonflame\n|\n|upkeep\n|turn|17\n|\n|t:|1699594432\n|switch|p1a: Landorus|Landorus-Therian, M|94\/100 brn\n|-ability|p1a: Landorus|Intimidate|boost\n|-unboost|p2a: Talonflame|atk|1\n|move|p2a: Talonflame|Brave Bird|p1a: Landorus\n|-damage|p1a: Landorus|79\/100 brn\n|-damage|p2a: Talonflame|71\/100|[from] item: Rocky Helmet|[of] p1a: Landorus\n|-damage|p2a: Talonflame|65\/100|[from] Recoil\n|\n|-damage|p1a: Landorus|72\/100 brn|[from] brn\n|upkeep\n|turn|18\n|\n|t:|1699594444\n|switch|p2a: Goodra|Goodra-Hisui, M|62\/100 brn\n|move|p1a: Landorus|Stealth Rock|p2a: Goodra\n|-sidestart|p2: Laxus maromba|move: Stealth Rock\n|\n|-damage|p1a: Landorus|66\/100 brn|[from] brn\n|-damage|p2a: Goodra|56\/100 brn|[from] brn\n|upkeep\n|turn|19\n|\n|t:|1699594452\n|switch|p1a: Toxapex|Toxapex, F, shiny|100\/100\n|move|p2a: Goodra|Hydro Pump|p1a: Toxapex\n|-resisted|p1a: Toxapex\n|-damage|p1a: Toxapex|92\/100\n|\n|-heal|p1a: Toxapex|98\/100|[from] item: Leftovers\n|-damage|p2a: Goodra|50\/100 brn|[from] brn\n|upkeep\n|turn|20\n|\n|t:|1699594468\n|switch|p2a: Rillaboom|Rillaboom, M|92\/100\n|-damage|p2a: Rillaboom|79\/100|[from] Stealth Rock\n|-fieldstart|move: Grassy Terrain|[from] ability: Grassy Surge|[of] p2a: Rillaboom\n|move|p1a: Toxapex|Infestation|p2a: Rillaboom\n|-supereffective|p2a: Rillaboom\n|-damage|p2a: Rillaboom|72\/100\n|-activate|p2a: Rillaboom|move: Infestation|[of] p1a: Toxapex\n|\n|-heal|p2a: Rillaboom|79\/100|[from] Grassy Terrain\n|-heal|p1a: Toxapex|100\/100|[from] Grassy Terrain\n|-damage|p2a: Rillaboom|66\/100|[from] move: Infestation|[partiallytrapped]\n|upkeep\n|turn|21\n|\n|t:|1699594482\n|move|p1a: Toxapex|Baneful Bunker|p1a: Toxapex\n|-singleturn|p1a: Toxapex|move: Protect\n|move|p2a: Rillaboom|Wood Hammer|p1a: Toxapex\n|-activate|p1a: Toxapex|move: Protect\n|-status|p2a: Rillaboom|psn\n|\n|-heal|p2a: Rillaboom|72\/100 psn|[from] Grassy Terrain\n|-damage|p2a: Rillaboom|60\/100 psn|[from] psn\n|-damage|p2a: Rillaboom|48\/100 psn|[from] move: Infestation|[partiallytrapped]\n|upkeep\n|turn|22\n|inactive|Cchelly has 120 seconds left.\n|\n|t:|1699594498\n|switch|p1a: Scizor|Scizor, F|100\/100\n|move|p2a: Rillaboom|Wood Hammer|p1a: Scizor\n|-resisted|p1a: Scizor\n|-damage|p1a: Scizor|84\/100\n|-damage|p2a: Rillaboom|42\/100 psn|[from] Recoil\n|\n|-heal|p2a: Rillaboom|49\/100 psn|[from] Grassy Terrain\n|-heal|p1a: Scizor|90\/100|[from] Grassy Terrain\n|-damage|p2a: Rillaboom|36\/100 psn|[from] psn\n|-end|p2a: Rillaboom|Infestation|[partiallytrapped]|[silent]\n|upkeep\n|turn|23\n|inactive|Cchelly has 120 seconds left.\n|\n|t:|1699594526\n|switch|p2a: Talonflame|Talonflame, M|65\/100\n|detailschange|p1a: Scizor|Scizor-Mega, F\n|-mega|p1a: Scizor|Scizor|Scizorite\n|move|p1a: Scizor|U-turn|p2a: Talonflame\n|-resisted|p2a: Talonflame\n|-crit|p2a: Talonflame\n|-damage|p2a: Talonflame|49\/100\n|\n|t:|1699594537\n|switch|p1a: Toxapex|Toxapex, F, shiny|100\/100|[from] U-turn\n|\n|upkeep\n|turn|24\n|\n|t:|1699594553\n|switch|p2a: Iron Hands|Iron Hands, tera:Water|74\/100\n|-damage|p2a: Iron Hands|62\/100|[from] Stealth Rock\n|move|p1a: Toxapex|Toxic|p2a: Iron Hands\n|-status|p2a: Iron Hands|tox\n|\n|-heal|p2a: Iron Hands|68\/100 tox|[from] Grassy Terrain\n|-heal|p2a: Iron Hands|74\/100 tox|[from] item: Leftovers\n|-damage|p2a: Iron Hands|68\/100 tox|[from] psn\n|-fieldend|move: Grassy Terrain\n|upkeep\n|turn|25\n|\n|t:|1699594565\n|switch|p1a: Landorus|Landorus-Therian, M|66\/100 brn\n|-ability|p1a: Landorus|Intimidate|boost\n|-unboost|p2a: Iron Hands|atk|1\n|move|p2a: Iron Hands|Thunder Punch|p1a: Landorus\n|-immune|p1a: Landorus\n|\n|-heal|p2a: Iron Hands|74\/100 tox|[from] item: Leftovers\n|-damage|p2a: Iron Hands|62\/100 tox|[from] psn\n|-damage|p1a: Landorus|60\/100 brn|[from] brn\n|upkeep\n|turn|26\n|inactive|Cchelly has 90 seconds left.\n|\n|t:|1699594594\n|-end|p2a: Iron Hands|Quark Drive|[silent]\n|switch|p2a: Talonflame|Talonflame, M|49\/100\n|move|p1a: Landorus|U-turn|p2a: Talonflame\n|-resisted|p2a: Talonflame\n|-damage|p2a: Talonflame|45\/100\n|\n|t:|1699594606\n|switch|p1a: Tapu Lele|Tapu Lele|100\/100|[from] U-turn\n|-fieldstart|move: Psychic Terrain|[from] ability: Psychic Surge|[of] p1a: Tapu Lele\n|\n|upkeep\n|turn|27\n|\n|t:|1699594627\n|switch|p2a: Goodra|Goodra-Hisui, M|50\/100 brn\n|-damage|p2a: Goodra|44\/100 brn|[from] Stealth Rock\n|move|p1a: Tapu Lele|Psychic|p2a: Goodra\n|-resisted|p2a: Goodra\n|-damage|p2a: Goodra|32\/100 brn\n|\n|-damage|p2a: Goodra|26\/100 brn|[from] brn\n|upkeep\n|turn|28\n|\n|t:|1699594637\n|switch|p1a: Toxapex|Toxapex, F, shiny|100\/100\n|move|p2a: Goodra|Hydro Pump|p1a: Toxapex\n|-resisted|p1a: Toxapex\n|-damage|p1a: Toxapex|91\/100\n|\n|-heal|p1a: Toxapex|97\/100|[from] item: Leftovers\n|-damage|p2a: Goodra|20\/100 brn|[from] brn\n|upkeep\n|turn|29\n|\n|t:|1699594647\n|switch|p2a: Iron Hands|Iron Hands, tera:Water|62\/100 tox\n|-damage|p2a: Iron Hands|49\/100 tox|[from] Stealth Rock\n|move|p1a: Toxapex|Infestation|p2a: Iron Hands\n|-damage|p2a: Iron Hands|47\/100 tox\n|-activate|p2a: Iron Hands|move: Infestation|[of] p1a: Toxapex\n|\n|-heal|p2a: Iron Hands|53\/100 tox|[from] item: Leftovers\n|-heal|p1a: Toxapex|100\/100|[from] item: Leftovers\n|-damage|p2a: Iron Hands|47\/100 tox|[from] psn\n|-damage|p2a: Iron Hands|34\/100 tox|[from] move: Infestation|[partiallytrapped]\n|upkeep\n|turn|30\n|\n|t:|1699594664\n|switch|p1a: Landorus|Landorus-Therian, M|60\/100 brn\n|-ability|p1a: Landorus|Intimidate|boost\n|-unboost|p2a: Iron Hands|atk|1\n|move|p2a: Iron Hands|Ice Punch|p1a: Landorus\n|-supereffective|p1a: Landorus\n|-damage|p1a: Landorus|4\/100 brn\n|-damage|p2a: Iron Hands|18\/100 tox|[from] item: Rocky Helmet|[of] p1a: Landorus\n|\n|-heal|p2a: Iron Hands|24\/100 tox|[from] item: Leftovers\n|-damage|p2a: Iron Hands|12\/100 tox|[from] psn\n|-damage|p1a: Landorus|0 fnt|[from] brn\n|faint|p1a: Landorus\n|-end|p2a: Iron Hands|Infestation|[partiallytrapped]|[silent]\n|-fieldend|move: Psychic Terrain\n|upkeep\n|\n|t:|1699594678\n|switch|p1a: Scizor|Scizor-Mega, F|90\/100\n|turn|31\n|\n|t:|1699594691\n|-end|p2a: Iron Hands|Quark Drive|[silent]\n|switch|p2a: Talonflame|Talonflame, M|45\/100\n|move|p1a: Scizor|U-turn|p2a: Talonflame\n|-resisted|p2a: Talonflame\n|-crit|p2a: Talonflame\n|-damage|p2a: Talonflame|30\/100\n|\n|t:|1699594697\n|switch|p1a: Toxapex|Toxapex, F, shiny|100\/100|[from] U-turn\n|\n|upkeep\n|turn|32\n|\n|t:|1699594706\n|move|p2a: Talonflame|Defog|p1a: Toxapex\n|-unboost|p1a: Toxapex|evasion|1\n|-sideend|p2: Laxus maromba|Stealth Rock|[from] move: Defog|[of] p2a: Talonflame\n|move|p1a: Toxapex|Infestation|p2a: Talonflame\n|-resisted|p2a: Talonflame\n|-damage|p2a: Talonflame|29\/100\n|-activate|p2a: Talonflame|move: Infestation|[of] p1a: Toxapex\n|-status|p1a: Toxapex|brn|[from] ability: Flame Body|[of] p2a: Talonflame\n|\n|-damage|p1a: Toxapex|94\/100 brn|[from] brn\n|-damage|p2a: Talonflame|17\/100|[from] move: Infestation|[partiallytrapped]\n|upkeep\n|turn|33\n|\n|t:|1699594728\n|move|p1a: Toxapex|Baneful Bunker|p1a: Toxapex\n|-singleturn|p1a: Toxapex|move: Protect\n|move|p2a: Talonflame|Roost|p2a: Talonflame\n|-heal|p2a: Talonflame|67\/100\n|-singleturn|p2a: Talonflame|move: Roost\n|\n|-heal|p1a: Toxapex|100\/100 brn|[from] item: Leftovers\n|-damage|p1a: Toxapex|94\/100 brn|[from] brn\n|-damage|p2a: Talonflame|54\/100|[from] move: Infestation|[partiallytrapped]\n|upkeep\n|turn|34\n|\n|t:|1699594737\n|move|p2a: Talonflame|Roost|p2a: Talonflame\n|-heal|p2a: Talonflame|100\/100\n|-singleturn|p2a: Talonflame|move: Roost\n|move|p1a: Toxapex|Toxic|p2a: Talonflame\n|-status|p2a: Talonflame|tox\n|\n|-heal|p1a: Toxapex|100\/100 brn|[from] item: Leftovers\n|-damage|p2a: Talonflame|94\/100 tox|[from] psn\n|-damage|p1a: Toxapex|94\/100 brn|[from] brn\n|-damage|p2a: Talonflame|82\/100 tox|[from] move: Infestation|[partiallytrapped]\n|upkeep\n|turn|35\n|inactive|Laxus maromba has 120 seconds left.\n|\n|t:|1699594795\n|move|p1a: Toxapex|Baneful Bunker|p1a: Toxapex\n|-singleturn|p1a: Toxapex|move: Protect\n|move|p2a: Talonflame|Roost|p2a: Talonflame\n|-heal|p2a: Talonflame|100\/100 tox\n|-singleturn|p2a: Talonflame|move: Roost\n|\n|-heal|p1a: Toxapex|100\/100 brn|[from] item: Leftovers\n|-damage|p2a: Talonflame|88\/100 tox|[from] psn\n|-damage|p1a: Toxapex|94\/100 brn|[from] brn\n|-damage|p2a: Talonflame|76\/100 tox|[from] move: Infestation|[partiallytrapped]\n|upkeep\n|turn|36\n|inactive|Cchelly has 60 seconds left.\n|\n|t:|1699594831\n|move|p2a: Talonflame|Roost|p2a: Talonflame\n|-heal|p2a: Talonflame|100\/100 tox\n|-singleturn|p2a: Talonflame|move: Roost\n|move|p1a: Toxapex|Infestation|p2a: Talonflame\n|-resisted|p2a: Talonflame\n|-damage|p2a: Talonflame|99\/100 tox\n|\n|-heal|p1a: Toxapex|100\/100 brn|[from] item: Leftovers\n|-damage|p2a: Talonflame|80\/100 tox|[from] psn\n|-damage|p1a: Toxapex|94\/100 brn|[from] brn\n|-end|p2a: Talonflame|Infestation|[partiallytrapped]\n|upkeep\n|turn|37\n|\n|t:|1699594842\n|switch|p2a: Rillaboom|Rillaboom, M|36\/100 psn\n|-fieldstart|move: Grassy Terrain|[from] ability: Grassy Surge|[of] p2a: Rillaboom\n|move|p1a: Toxapex|Infestation|p2a: Rillaboom\n|-supereffective|p2a: Rillaboom\n|-crit|p2a: Rillaboom\n|-damage|p2a: Rillaboom|25\/100 psn\n|-activate|p2a: Rillaboom|move: Infestation|[of] p1a: Toxapex\n|\n|-heal|p2a: Rillaboom|31\/100 psn|[from] Grassy Terrain\n|-heal|p1a: Toxapex|100\/100 brn|[from] Grassy Terrain\n|-damage|p2a: Rillaboom|19\/100 psn|[from] psn\n|-damage|p1a: Toxapex|94\/100 brn|[from] brn\n|-damage|p2a: Rillaboom|7\/100 psn|[from] move: Infestation|[partiallytrapped]\n|upkeep\n|turn|38\n|inactive|Cchelly has 30 seconds left.\n|\n|t:|1699594864\n|switch|p1a: Scizor|Scizor-Mega, F|90\/100\n|move|p2a: Rillaboom|Drum Beating|p1a: Scizor\n|-resisted|p1a: Scizor\n|-damage|p1a: Scizor|82\/100\n|-unboost|p1a: Scizor|spe|1\n|\n|-heal|p2a: Rillaboom|13\/100 psn|[from] Grassy Terrain\n|-heal|p1a: Scizor|88\/100|[from] Grassy Terrain\n|-damage|p2a: Rillaboom|0 fnt|[from] psn\n|faint|p2a: Rillaboom\n|upkeep\n|\n|t:|1699594870\n|switch|p2a: Talonflame|Talonflame, M|80\/100 tox\n|turn|39\n|inactive|Cchelly has 30 seconds left.\n|\n|t:|1699594887\n|switch|p1a: Toxapex|Toxapex, F, shiny|100\/100 brn\n|move|p2a: Talonflame|Brave Bird|p1a: Toxapex\n|-damage|p1a: Toxapex|74\/100 brn\n|-damage|p2a: Talonflame|73\/100 tox|[from] Recoil\n|\n|-heal|p1a: Toxapex|80\/100 brn|[from] Grassy Terrain\n|-heal|p1a: Toxapex|86\/100 brn|[from] item: Leftovers\n|-damage|p2a: Talonflame|66\/100 tox|[from] psn\n|-damage|p1a: Toxapex|80\/100 brn|[from] brn\n|upkeep\n|turn|40\n|inactive|Cchelly has 30 seconds left.\n|\n|t:|1699594901\n|switch|p2a: Goodra|Goodra-Hisui, M|20\/100 brn\n|move|p1a: Toxapex|Infestation|p2a: Goodra\n|-resisted|p2a: Goodra\n|-damage|p2a: Goodra|20\/100 brn\n|-activate|p2a: Goodra|move: Infestation|[of] p1a: Toxapex\n|\n|-heal|p2a: Goodra|26\/100 brn|[from] Grassy Terrain\n|-heal|p1a: Toxapex|86\/100 brn|[from] Grassy Terrain\n|-heal|p1a: Toxapex|92\/100 brn|[from] item: Leftovers\n|-damage|p2a: Goodra|20\/100 brn|[from] brn\n|-damage|p1a: Toxapex|86\/100 brn|[from] brn\n|-damage|p2a: Goodra|7\/100 brn|[from] move: Infestation|[partiallytrapped]\n|upkeep\n|turn|41\n|inactive|Cchelly has 30 seconds left.\n|\n|t:|1699594917\n|switch|p1a: Scizor|Scizor-Mega, F|88\/100\n|move|p2a: Goodra|Draco Meteor|p1a: Scizor\n|-resisted|p1a: Scizor\n|-damage|p1a: Scizor|66\/100\n|-unboost|p2a: Goodra|spa|2\n|\n|-heal|p1a: Scizor|72\/100|[from] Grassy Terrain\n|-heal|p2a: Goodra|13\/100 brn|[from] Grassy Terrain\n|-damage|p2a: Goodra|7\/100 brn|[from] brn\n|-end|p2a: Goodra|Infestation|[partiallytrapped]|[silent]\n|-fieldend|move: Grassy Terrain\n|upkeep\n|turn|42\n|inactive|Cchelly has 30 seconds left.\n|\n|t:|1699594928\n|switch|p2a: Talonflame|Talonflame, M|66\/100 tox\n|move|p1a: Scizor|Swords Dance|p1a: Scizor\n|-boost|p1a: Scizor|atk|2\n|\n|-damage|p2a: Talonflame|60\/100 tox|[from] psn\n|upkeep\n|turn|43\n|inactive|Cchelly has 30 seconds left.\n|inactive|Cchelly has 20 seconds left.\n|inactive|Cchelly has 15 seconds left.\n|\n|t:|1699594950\n|switch|p1a: Toxapex|Toxapex, F, shiny|100\/100 brn\n|move|p2a: Talonflame|Will-O-Wisp|p1a: Toxapex|[miss]\n|-miss|p2a: Talonflame|p1a: Toxapex\n|\n|-damage|p2a: Talonflame|48\/100 tox|[from] psn\n|-damage|p1a: Toxapex|94\/100 brn|[from] brn\n|upkeep\n|turn|44\n|inactive|Cchelly has 25 seconds left this turn.\n|inactive|Cchelly has 20 seconds left.\n|inactive|Cchelly has 15 seconds left.\n|\n|t:|1699594963\n|move|p2a: Talonflame|Roost|p2a: Talonflame\n|-heal|p2a: Talonflame|98\/100 tox\n|-singleturn|p2a: Talonflame|move: Roost\n|move|p1a: Toxapex|Infestation|p2a: Talonflame\n|-resisted|p2a: Talonflame\n|-damage|p2a: Talonflame|96\/100 tox\n|-activate|p2a: Talonflame|move: Infestation|[of] p1a: Toxapex\n|\n|-heal|p1a: Toxapex|100\/100 brn|[from] item: Leftovers\n|-damage|p2a: Talonflame|77\/100 tox|[from] psn\n|-damage|p1a: Toxapex|94\/100 brn|[from] brn\n|-damage|p2a: Talonflame|65\/100 tox|[from] move: Infestation|[partiallytrapped]\n|upkeep\n|turn|45\n|inactive|Cchelly has 25 seconds left this turn.\n|inactive|Cchelly has 20 seconds left.\n|inactive|Cchelly has 15 seconds left.\n|inactive|Cchelly has 10 seconds left.\n|-message|Laxus maromba forfeited.\n|\n|win|Cchelly\n|inactive|Cchelly has 15 seconds left this turn.\n|raw|Cchelly's rating: 1154 &rarr; <strong>1183<\/strong><br \/>(+29 for winning)\n|raw|Laxus maromba's rating: 1209 &rarr; <strong>1180<\/strong><br \/>(-29 for losing)\n|l|\u2606Laxus maromba\n","uploadtime":1699594991,"views":17,"p1id":"cchelly","p2id":"laxusmaromba","formatid":"gen9nationaldex","rating":1180,"private":0,"password":""}