{"id":"gen9nationaldex-1988960185","p1":"jiangxiuxiu1218","p2":"Gatoshomem","format":"[Gen 9] National Dex","log":"|j|\u2606jiangxiuxiu1218\n|j|\u2606Gatoshomem\n|t:|1699794834\n|gametype|singles\n|player|p1|jiangxiuxiu1218|riley|1240\n|player|p2|Gatoshomem|265|1341\n|teamsize|p1|6\n|teamsize|p2|6\n|gen|9\n|tier|[Gen 9] National Dex\n|rated|\n|rule|HP Percentage Mod: HP is shown in percentages\n|rule|Endless Battle Clause: Forcing endless battles is banned\n|rule|OHKO Clause: OHKO moves are banned\n|rule|Evasion Clause: Evasion abilities, items, and moves are banned\n|rule|Evasion Abilities Clause: Evasion abilities are banned\n|rule|Evasion Items Clause: Evasion items are banned\n|rule|Evasion Moves Clause: Evasion moves are banned\n|rule|Species Clause: Limit one of each Pok\u00e9mon\n|rule|Sleep Clause Mod: Limit one foe put to sleep\n|clearpoke\n|poke|p1|Ferrothorn, M|\n|poke|p1|Landorus-Therian, M|\n|poke|p1|Cloyster, F|\n|poke|p1|Glalie, M|\n|poke|p1|Golem-Alola, M|\n|poke|p1|Gigalith, F|\n|poke|p2|Azumarill, F|\n|poke|p2|Cetitan, F|\n|poke|p2|Kommo-o, M|\n|poke|p2|Darmanitan, M|\n|poke|p2|Chesnaught, F|\n|poke|p2|Linoone, M|\n|teampreview\n|inactive|Battle timer is ON: inactive players will automatically lose when time's up. (requested by jiangxiuxiu1218)\n|\n|t:|1699794857\n|start\n|switch|p1a: Landorus|Landorus-Therian, M|100\/100\n|switch|p2a: Darmanitan|Darmanitan, M|100\/100\n|-ability|p1a: Landorus|Intimidate|boost\n|-unboost|p2a: Darmanitan|atk|1\n|turn|1\n|\n|t:|1699794870\n|-terastallize|p2a: Darmanitan|Fighting\n|move|p1a: Landorus|Earthquake|p2a: Darmanitan\n|-damage|p2a: Darmanitan|9\/100\n|-enditem|p2a: Darmanitan|Sitrus Berry|[eat]\n|-heal|p2a: Darmanitan|34\/100|[from] item: Sitrus Berry\n|move|p2a: Darmanitan|Belly Drum||[still]\n|-fail|p2a: Darmanitan\n|\n|upkeep\n|turn|2\n|\n|t:|1699794881\n|move|p1a: Landorus|Earthquake|p2a: Darmanitan\n|-damage|p2a: Darmanitan|0 fnt\n|faint|p2a: Darmanitan\n|\n|upkeep\n|\n|t:|1699794887\n|switch|p2a: Chesnaught|Chesnaught, F|100\/100\n|turn|3\n|\n|t:|1699794902\n|switch|p1a: Glalie|Glalie, M|100\/100\n|move|p2a: Chesnaught|Belly Drum|p2a: Chesnaught\n|-damage|p2a: Chesnaught|51\/100\n|-setboost|p2a: Chesnaught|atk|6|[from] move: Belly Drum\n|\n|upkeep\n|turn|4\n|inactive|jiangxiuxiu1218 has 120 seconds left.\n|\n|t:|1699794929\n|detailschange|p1a: Glalie|Glalie-Mega, M\n|-mega|p1a: Glalie|Glalie|Glalitite\n|move|p1a: Glalie|Explosion|p2a: Chesnaught\n|-supereffective|p2a: Chesnaught\n|-damage|p2a: Chesnaught|0 fnt\n|faint|p1a: Glalie\n|faint|p2a: Chesnaught\n|\n|upkeep\n|inactive|jiangxiuxiu1218 has 120 seconds left.\n|\n|t:|1699794939\n|switch|p1a: Golem|Golem-Alola, M|100\/100\n|switch|p2a: Cetitan|Cetitan, F|100\/100\n|turn|5\n|\n|t:|1699794950\n|move|p2a: Cetitan|Earthquake|p1a: Golem\n|-supereffective|p1a: Golem\n|-ability|p1a: Golem|Sturdy\n|-damage|p1a: Golem|1\/100\n|move|p1a: Golem|Fire Punch|p2a: Cetitan\n|-supereffective|p2a: Cetitan\n|-damage|p2a: Cetitan|74\/100\n|\n|upkeep\n|turn|6\n|-enditem|p1a: Golem|Custap Berry|[eat]\n|-activate|p1a: Golem|item: Custap Berry|[consumed]\n|\n|t:|1699794962\n|move|p1a: Golem|Explosion|p2a: Cetitan\n|-damage|p2a: Cetitan|0 fnt\n|faint|p1a: Golem\n|faint|p2a: Cetitan\n|\n|upkeep\n|\n|t:|1699794979\n|switch|p2a: Azumarill|Azumarill, F, shiny|100\/100\n|switch|p1a: Gigalith|Gigalith, F|100\/100\n|turn|7\n|\n|t:|1699794993\n|move|p2a: Azumarill|Belly Drum|p2a: Azumarill\n|-damage|p2a: Azumarill|50\/100\n|-setboost|p2a: Azumarill|atk|6|[from] move: Belly Drum\n|-enditem|p2a: Azumarill|Sitrus Berry|[eat]\n|-heal|p2a: Azumarill|75\/100|[from] item: Sitrus Berry\n|move|p1a: Gigalith|Explosion|p2a: Azumarill\n|-enditem|p1a: Gigalith|Normal Gem|[from] gem\n|-damage|p2a: Azumarill|0 fnt\n|faint|p1a: Gigalith\n|faint|p2a: Azumarill\n|\n|upkeep\n|inactive|jiangxiuxiu1218 has 120 seconds left.\n|\n|t:|1699795012\n|switch|p2a: Kommo-o|Kommo-o, M|100\/100\n|switch|p1a: Landorus|Landorus-Therian, M|100\/100\n|-ability|p1a: Landorus|Intimidate|boost\n|-unboost|p2a: Kommo-o|atk|1\n|turn|8\n|\n|t:|1699795021\n|-terastallize|p1a: Landorus|Normal\n|move|p1a: Landorus|Explosion|p2a: Kommo-o\n|-damage|p2a: Kommo-o|0 fnt\n|faint|p1a: Landorus\n|faint|p2a: Kommo-o\n|\n|upkeep\n|\n|t:|1699795030\n|switch|p2a: Linoone|Linoone, M, shiny|100\/100\n|switch|p1a: Ferrothorn|Ferrothorn, M|100\/100\n|turn|9\n|\n|t:|1699795042\n|move|p2a: Linoone|Belly Drum|p2a: Linoone\n|-damage|p2a: Linoone|50\/100\n|-setboost|p2a: Linoone|atk|6|[from] move: Belly Drum\n|-enditem|p2a: Linoone|Sitrus Berry|[eat]\n|-heal|p2a: Linoone|75\/100|[from] item: Sitrus Berry\n|move|p1a: Ferrothorn|Explosion|p2a: Linoone\n|-enditem|p1a: Ferrothorn|Normal Gem|[from] gem\n|-damage|p2a: Linoone|0 fnt\n|faint|p1a: Ferrothorn\n|faint|p2a: Linoone\n|\n|win|jiangxiuxiu1218\n|raw|jiangxiuxiu1218's rating: 1240 &rarr; <strong>1272<\/strong><br \/>(+32 for winning)\n|raw|Gatoshomem's rating: 1341 &rarr; <strong>1315<\/strong><br \/>(-26 for losing)\n|l|\u2606Gatoshomem\n","uploadtime":1699795055,"views":4,"p1id":"jiangxiuxiu1218","p2id":"gatoshomem","formatid":"gen9nationaldex","rating":1272,"private":0,"password":""}