{"id":"gen9nationaldex-1990904617","p1":"nnba","p2":"SearedBySolar","format":"[Gen 9] National Dex","log":"|j|\u2606nnba\n|j|\u2606SearedBySolar\n|t:|1700013465\n|gametype|singles\n|player|p1|nnba|dancer|\n|player|p2|SearedBySolar|pokemonbreeder-gen4|\n|teamsize|p1|6\n|teamsize|p2|6\n|gen|9\n|tier|[Gen 9] National Dex\n|rule|HP Percentage Mod: HP is shown in percentages\n|rule|Endless Battle Clause: Forcing endless battles is banned\n|rule|OHKO Clause: OHKO moves are banned\n|rule|Evasion Clause: Evasion abilities, items, and moves are banned\n|rule|Evasion Abilities Clause: Evasion abilities are banned\n|rule|Evasion Items Clause: Evasion items are banned\n|rule|Evasion Moves Clause: Evasion moves are banned\n|rule|Species Clause: Limit one of each Pok\u00e9mon\n|rule|Sleep Clause Mod: Limit one foe put to sleep\n|clearpoke\n|poke|p1|Kartana|\n|poke|p1|Araquanid, F|\n|poke|p1|Toxapex, F|\n|poke|p1|Entei|\n|poke|p1|Blissey, F|\n|poke|p1|Latias, F|\n|poke|p2|Togekiss, F|\n|poke|p2|Charizard, M|\n|poke|p2|Heatran, M|\n|poke|p2|Mudsdale, M|\n|poke|p2|Lilligant-Hisui, F|\n|poke|p2|Bellibolt, F|\n|teampreview\n|\n|t:|1700013485\n|start\n|switch|p1a: Greg Roman|Toxapex, F, shiny|100\/100\n|switch|p2a: Bellibolt|Bellibolt, F|100\/100\n|turn|1\n|j| TheCreatxr\n|\n|t:|1700013538\n|switch|p1a: BBW|Blissey, F, shiny|100\/100\n|move|p2a: Bellibolt|Volt Switch|p1a: BBW\n|-damage|p1a: BBW|93\/100\n|\n|t:|1700013542\n|switch|p2a: Mudsdale|Mudsdale, M|100\/100|[from] Volt Switch\n|\n|-heal|p1a: BBW|99\/100|[from] item: Leftovers\n|upkeep\n|turn|2\n|inactive|Battle timer is ON: inactive players will automatically lose when time's up. (requested by nnba)\n|\n|t:|1700013562\n|move|p1a: BBW|Calm Mind|p1a: BBW\n|-boost|p1a: BBW|spa|1\n|-boost|p1a: BBW|spd|1\n|move|p2a: Mudsdale|Stealth Rock|p1a: BBW\n|-sidestart|p1: nnba|move: Stealth Rock\n|\n|-heal|p1a: BBW|100\/100|[from] item: Leftovers\n|upkeep\n|turn|3\n|\n|t:|1700013572\n|move|p1a: BBW|Stored Power|p2a: Mudsdale\n|-damage|p2a: Mudsdale|85\/100\n|-ability|p2a: Mudsdale|Stamina|boost\n|-boost|p2a: Mudsdale|def|1\n|move|p2a: Mudsdale|Body Press|p1a: BBW\n|-supereffective|p1a: BBW\n|-damage|p1a: BBW|0 fnt\n|faint|p1a: BBW\n|\n|-heal|p2a: Mudsdale|91\/100|[from] item: Leftovers\n|upkeep\n|\n|t:|1700013580\n|switch|p1a: Brandi Love|Araquanid, F, shiny|100\/100\n|turn|4\n|\n|t:|1700013596\n|switch|p2a: Bellibolt|Bellibolt, F|100\/100\n|move|p1a: Brandi Love|Sticky Web|p2a: Bellibolt\n|-sidestart|p2: SearedBySolar|move: Sticky Web\n|\n|upkeep\n|turn|5\n|j| spikelikeagliscor\n|c| spikelikeagliscor|glhf\n|inactive|nnba has 270 seconds left.\n|\n|t:|1700013643\n|switch|p1a: Ronald Acuna Jr|Latias, F, shiny|100\/100\n|-damage|p1a: Ronald Acuna Jr|88\/100|[from] Stealth Rock\n|move|p2a: Bellibolt|Volt Switch|p1a: Ronald Acuna Jr\n|-resisted|p1a: Ronald Acuna Jr\n|-damage|p1a: Ronald Acuna Jr|78\/100\n|c| TheCreatxr|hey jake\n|\n|t:|1700013652\n|switch|p2a: Heatran|Heatran, M|100\/100|[from] Volt Switch\n|-activate|p2a: Heatran|move: Sticky Web\n|-unboost|p2a: Heatran|spe|1\n|\n|upkeep\n|turn|6\n|\n|t:|1700013659\n|move|p1a: Ronald Acuna Jr|Aura Sphere|p2a: Heatran\n|-supereffective|p2a: Heatran\n|-damage|p2a: Heatran|71\/100\n|move|p2a: Heatran|Flash Cannon|p1a: Ronald Acuna Jr\n|-damage|p1a: Ronald Acuna Jr|45\/100\n|-unboost|p1a: Ronald Acuna Jr|spd|1\n|\n|-heal|p2a: Heatran|78\/100|[from] item: Leftovers\n|upkeep\n|turn|7\n|c| spikelikeagliscor|wsp\n|\n|t:|1700013668\n|detailschange|p1a: Ronald Acuna Jr|Latias-Mega, F, shiny\n|-mega|p1a: Ronald Acuna Jr|Latias|Latiasite\n|move|p1a: Ronald Acuna Jr|Aura Sphere|p2a: Heatran\n|-supereffective|p2a: Heatran\n|-damage|p2a: Heatran|45\/100\n|move|p2a: Heatran|Flash Cannon|p1a: Ronald Acuna Jr\n|-damage|p1a: Ronald Acuna Jr|6\/100\n|\n|-heal|p2a: Heatran|51\/100|[from] item: Leftovers\n|upkeep\n|turn|8\n|inactive|nnba has 270 seconds left.\n|\n|t:|1700013684\n|switch|p2a: Togekiss|Togekiss, F|100\/100\n|move|p1a: Ronald Acuna Jr|Aura Sphere|p2a: Togekiss\n|-resisted|p2a: Togekiss\n|-damage|p2a: Togekiss|96\/100\n|\n|upkeep\n|turn|9\n|\n|t:|1700013702\n|move|p1a: Ronald Acuna Jr|Thunder Wave|p2a: Togekiss\n|-status|p2a: Togekiss|par\n|move|p2a: Togekiss|Wish|p2a: Togekiss\n|\n|upkeep\n|turn|10\n|\n|t:|1700013707\n|move|p1a: Ronald Acuna Jr|Ice Beam|p2a: Togekiss\n|-supereffective|p2a: Togekiss\n|-damage|p2a: Togekiss|55\/100 par\n|move|p2a: Togekiss|Air Slash|p1a: Ronald Acuna Jr\n|-damage|p1a: Ronald Acuna Jr|0 fnt\n|faint|p1a: Ronald Acuna Jr\n|\n|-heal|p2a: Togekiss|100\/100 par|[from] move: Wish|[wisher] Togekiss\n|upkeep\n|\n|t:|1700013725\n|switch|p1a: Ted Bundy|Kartana, shiny|100\/100\n|-damage|p1a: Ted Bundy|94\/100|[from] Stealth Rock\n|turn|11\n|\n|t:|1700013748\n|switch|p2a: Mudsdale|Mudsdale, M|91\/100\n|-activate|p2a: Mudsdale|move: Sticky Web\n|-unboost|p2a: Mudsdale|spe|1\n|move|p1a: Ted Bundy|Leaf Blade|p2a: Mudsdale\n|-supereffective|p2a: Mudsdale\n|-damage|p2a: Mudsdale|18\/100\n|-ability|p2a: Mudsdale|Stamina|boost\n|-boost|p2a: Mudsdale|def|1\n|\n|-heal|p2a: Mudsdale|25\/100|[from] item: Leftovers\n|upkeep\n|turn|12\n|\n|t:|1700013756\n|move|p1a: Ted Bundy|Leaf Blade|p2a: Mudsdale\n|-supereffective|p2a: Mudsdale\n|-damage|p2a: Mudsdale|0 fnt\n|faint|p2a: Mudsdale\n|-ability|p1a: Ted Bundy|Beast Boost|boost\n|-boost|p1a: Ted Bundy|atk|1\n|\n|upkeep\n|\n|t:|1700013758\n|switch|p2a: Charizard|Charizard, M|100\/100\n|turn|13\n|inactive|nnba has 270 seconds left.\n|\n|t:|1700013775\n|switch|p1a: Jason Luv|Entei, shiny|100\/100\n|-damage|p1a: Jason Luv|76\/100|[from] Stealth Rock\n|-ability|p1a: Jason Luv|Pressure\n|detailschange|p2a: Charizard|Charizard-Mega-Y, M\n|-mega|p2a: Charizard|Charizard|Charizardite Y\n|-weather|SunnyDay|[from] ability: Drought|[of] p2a: Charizard\n|move|p2a: Charizard|Fire Blast|p1a: Jason Luv\n|-resisted|p1a: Jason Luv\n|-damage|p1a: Jason Luv|15\/100\n|\n|-weather|SunnyDay|[upkeep]\n|upkeep\n|turn|14\n|\n|t:|1700013792\n|switch|p2a: Heatran|Heatran, M|51\/100\n|-activate|p2a: Heatran|move: Sticky Web\n|-unboost|p2a: Heatran|spe|1\n|move|p1a: Jason Luv|Crunch|p2a: Heatran\n|-damage|p2a: Heatran|20\/100\n|-unboost|p2a: Heatran|def|1\n|\n|-weather|SunnyDay|[upkeep]\n|-heal|p2a: Heatran|26\/100|[from] item: Leftovers\n|upkeep\n|turn|15\n|inactive|nnba has 270 seconds left.\n|\n|t:|1700013804\n|move|p1a: Jason Luv|Crunch|p2a: Heatran\n|-damage|p2a: Heatran|0 fnt\n|faint|p2a: Heatran\n|\n|-weather|SunnyDay|[upkeep]\n|upkeep\n|\n|t:|1700013807\n|switch|p2a: Lilligant|Lilligant-Hisui, F|100\/100\n|-activate|p2a: Lilligant|move: Sticky Web\n|-unboost|p2a: Lilligant|spe|1\n|turn|16\n|\n|t:|1700013814\n|move|p2a: Lilligant|Close Combat|p1a: Jason Luv\n|-damage|p1a: Jason Luv|0 fnt\n|-unboost|p2a: Lilligant|def|1\n|-unboost|p2a: Lilligant|spd|1\n|faint|p1a: Jason Luv\n|\n|-weather|SunnyDay|[upkeep]\n|upkeep\n|\n|t:|1700013825\n|switch|p1a: Greg Roman|Toxapex, F, shiny|100\/100\n|-damage|p1a: Greg Roman|88\/100|[from] Stealth Rock\n|turn|17\n|inactive|nnba has 270 seconds left.\n|\n|t:|1700013848\n|move|p2a: Lilligant|Swords Dance|p2a: Lilligant\n|-boost|p2a: Lilligant|atk|2\n|move|p1a: Greg Roman|Scald|p2a: Lilligant\n|-resisted|p2a: Lilligant\n|-damage|p2a: Lilligant|91\/100\n|-status|p2a: Lilligant|brn\n|\n|-weather|none\n|-heal|p1a: Greg Roman|94\/100|[from] item: Leftovers\n|-damage|p2a: Lilligant|85\/100 brn|[from] brn\n|upkeep\n|turn|18\n|inactive|nnba has 270 seconds left.\n|c| spikelikeagliscor|unfort burn\n|\n|t:|1700013866\n|-zpower|p2a: Lilligant\n|move|p2a: Lilligant|Bloom Doom|p1a: Greg Roman|[zeffect]\n|-damage|p1a: Greg Roman|31\/100\n|move|p1a: Greg Roman|Surf|p2a: Lilligant\n|-resisted|p2a: Lilligant\n|-damage|p2a: Lilligant|63\/100 brn\n|\n|-heal|p1a: Greg Roman|37\/100|[from] item: Leftovers\n|-damage|p2a: Lilligant|57\/100 brn|[from] brn\n|upkeep\n|turn|19\n|\n|t:|1700013875\n|move|p2a: Lilligant|Close Combat|p1a: Greg Roman\n|-resisted|p1a: Greg Roman\n|-damage|p1a: Greg Roman|19\/100\n|-unboost|p2a: Lilligant|def|1\n|-unboost|p2a: Lilligant|spd|1\n|move|p1a: Greg Roman|Surf|p2a: Lilligant\n|-resisted|p2a: Lilligant\n|-crit|p2a: Lilligant\n|-damage|p2a: Lilligant|14\/100 brn\n|\n|-heal|p1a: Greg Roman|25\/100|[from] item: Leftovers\n|-damage|p2a: Lilligant|8\/100 brn|[from] brn\n|upkeep\n|turn|20\n|inactive|nnba has 270 seconds left.\n|\n|t:|1700013883\n|move|p2a: Lilligant|Close Combat|p1a: Greg Roman\n|-resisted|p1a: Greg Roman\n|-crit|p1a: Greg Roman\n|-damage|p1a: Greg Roman|0 fnt\n|-unboost|p2a: Lilligant|def|1\n|-unboost|p2a: Lilligant|spd|1\n|faint|p1a: Greg Roman\n|\n|-damage|p2a: Lilligant|2\/100 brn|[from] brn\n|upkeep\n|inactive|nnba has 270 seconds left.\n|\n|t:|1700013892\n|switch|p1a: Ted Bundy|Kartana, shiny|94\/100\n|-damage|p1a: Ted Bundy|88\/100|[from] Stealth Rock\n|turn|21\n|inactive|nnba has 270 seconds left.\n|\n|t:|1700013908\n|move|p1a: Ted Bundy|Smart Strike|p2a: Lilligant\n|-damage|p2a: Lilligant|0 fnt\n|faint|p2a: Lilligant\n|-ability|p1a: Ted Bundy|Beast Boost|boost\n|-boost|p1a: Ted Bundy|atk|1\n|\n|upkeep\n|\n|t:|1700013914\n|switch|p2a: Charizard|Charizard-Mega-Y, M|100\/100\n|-weather|SunnyDay|[from] ability: Drought|[of] p2a: Charizard\n|turn|22\n|\n|t:|1700013919\n|switch|p1a: Brandi Love|Araquanid, F, shiny|100\/100\n|move|p2a: Charizard|Fire Blast|p1a: Brandi Love\n|-damage|p1a: Brandi Love|59\/100\n|\n|-weather|SunnyDay|[upkeep]\n|upkeep\n|turn|23\n|inactive|nnba has 270 seconds left.\n|\n|t:|1700013955\n|switch|p2a: Bellibolt|Bellibolt, F|100\/100\n|-activate|p2a: Bellibolt|move: Sticky Web\n|-unboost|p2a: Bellibolt|spe|1\n|move|p1a: Brandi Love|Liquidation|p2a: Bellibolt\n|-damage|p2a: Bellibolt|84\/100\n|-start|p2a: Bellibolt|Charge|Liquidation|[from] ability: Electromorphosis\n|\n|-weather|SunnyDay|[upkeep]\n|-heal|p2a: Bellibolt|90\/100|[from] item: Leftovers\n|upkeep\n|turn|24\n|\n|t:|1700013971\n|move|p1a: Brandi Love|Leech Life|p2a: Bellibolt\n|-damage|p2a: Bellibolt|74\/100\n|-heal|p1a: Brandi Love|69\/100|[from] drain|[of] p2a: Bellibolt\n|-start|p2a: Bellibolt|Charge|Leech Life|[from] ability: Electromorphosis\n|move|p2a: Bellibolt|Parabolic Charge|p1a: Brandi Love\n|-supereffective|p1a: Brandi Love\n|-damage|p1a: Brandi Love|0 fnt\n|-heal|p2a: Bellibolt|100\/100|[from] drain|[of] p1a: Brandi Love\n|faint|p1a: Brandi Love\n|-end|p2a: Bellibolt|Charge|[silent]\n|\n|-weather|SunnyDay|[upkeep]\n|upkeep\n|\n|t:|1700013974\n|switch|p1a: Ted Bundy|Kartana, shiny|88\/100\n|-damage|p1a: Ted Bundy|82\/100|[from] Stealth Rock\n|turn|25\n|\n|t:|1700013979\n|move|p1a: Ted Bundy|Smart Strike|p2a: Bellibolt\n|-resisted|p2a: Bellibolt\n|-damage|p2a: Bellibolt|87\/100\n|-start|p2a: Bellibolt|Charge|Smart Strike|[from] ability: Electromorphosis\n|move|p2a: Bellibolt|Volt Switch|p1a: Ted Bundy\n|-resisted|p1a: Ted Bundy\n|-damage|p1a: Ted Bundy|7\/100\n|-end|p2a: Bellibolt|Charge|[silent]\n|\n|t:|1700013984\n|switch|p2a: Charizard|Charizard-Mega-Y, M|100\/100|[from] Volt Switch\n|\n|-weather|SunnyDay|[upkeep]\n|upkeep\n|turn|26\n|inactive|nnba has 270 seconds left.\n|\n|t:|1700013990\n|move|p1a: Ted Bundy|Smart Strike|p2a: Charizard\n|-resisted|p2a: Charizard\n|-damage|p2a: Charizard|72\/100\n|move|p2a: Charizard|Scorching Sands|p1a: Ted Bundy\n|-damage|p1a: Ted Bundy|0 fnt\n|faint|p1a: Ted Bundy\n|\n|win|SearedBySolar\n|c| spikelikeagliscor|ggwp\n|c| spikelikeagliscor|post replays\n","uploadtime":1700013995,"views":5,"p1id":"nnba","p2id":"searedbysolar","formatid":"gen9nationaldex","rating":0,"private":0,"password":""}