{"id":"gen9nationaldex-1988949096","p1":"links2345678","p2":"XYStarshine.\u661f\u8000","format":"[Gen 9] National Dex","log":"|j|\u2606links2345678\n|j|\u2606XYStarshine.\u661f\u8000\n|t:|1699793074\n|gametype|singles\n|player|p1|links2345678|170|1564\n|player|p2|XYStarshine.\u661f\u8000|psychic-lgpe|1650\n|teamsize|p1|6\n|teamsize|p2|6\n|gen|9\n|tier|[Gen 9] National Dex\n|rated|\n|rule|HP Percentage Mod: HP is shown in percentages\n|rule|Endless Battle Clause: Forcing endless battles is banned\n|rule|OHKO Clause: OHKO moves are banned\n|rule|Evasion Clause: Evasion abilities, items, and moves are banned\n|rule|Evasion Abilities Clause: Evasion abilities are banned\n|rule|Evasion Items Clause: Evasion items are banned\n|rule|Evasion Moves Clause: Evasion moves are banned\n|rule|Species Clause: Limit one of each Pok\u00e9mon\n|rule|Sleep Clause Mod: Limit one foe put to sleep\n|clearpoke\n|poke|p1|Aegislash, F|\n|poke|p1|Kommo-o, M|\n|poke|p1|Sneasler, M|\n|poke|p1|Blacephalon|\n|poke|p1|Pinsir, F|\n|poke|p1|Greninja-*, M|\n|poke|p2|Ceruledge, M|\n|poke|p2|Great Tusk|\n|poke|p2|Iron Valiant|\n|poke|p2|Banette, F|\n|poke|p2|Volcanion|\n|poke|p2|Serperior, F|\n|teampreview\n|\n|t:|1699793095\n|start\n|switch|p1a: Pinsir|Pinsir, F|100\/100\n|switch|p2a: Volcanion|Volcanion|100\/100\n|turn|1\n|\n|t:|1699793142\n|detailschange|p1a: Pinsir|Pinsir-Mega, F\n|-mega|p1a: Pinsir|Pinsir|Pinsirite\n|-terastallize|p2a: Volcanion|Ground\n|move|p1a: Pinsir|Return|p2a: Volcanion\n|-damage|p2a: Volcanion|38\/100\n|move|p2a: Volcanion|Flamethrower|p1a: Pinsir\n|-supereffective|p1a: Pinsir\n|-damage|p1a: Pinsir|0 fnt\n|faint|p1a: Pinsir\n|\n|upkeep\n|\n|t:|1699793190\n|switch|p1a: Greninja|Greninja, M|100\/100\n|turn|2\n|\n|t:|1699793196\n|move|p1a: Greninja|Ice Beam|p2a: Volcanion\n|-supereffective|p2a: Volcanion\n|-damage|p2a: Volcanion|0 fnt\n|faint|p2a: Volcanion\n|-ability|p1a: Greninja|Battle Bond|boost\n|-boost|p1a: Greninja|atk|1\n|-boost|p1a: Greninja|spa|1\n|-boost|p1a: Greninja|spe|1\n|-activate|p1a: Greninja|ability: Battle Bond\n|\n|upkeep\n|\n|t:|1699793199\n|switch|p2a: Banette|Banette, F, shiny|100\/100\n|-item|p1a: Greninja|Choice Specs|[from] ability: Frisk|[of] p2a: Banette|[identify]\n|turn|3\n|\n|t:|1699793207\n|detailschange|p2a: Banette|Banette-Mega, F, shiny\n|-mega|p2a: Banette|Banette|Banettite\n|move|p2a: Banette|Destiny Bond|p2a: Banette\n|-singlemove|p2a: Banette|Destiny Bond\n|move|p1a: Greninja|Ice Beam|p2a: Banette\n|-crit|p2a: Banette\n|-damage|p2a: Banette|0 fnt\n|faint|p2a: Banette\n|-activate|p2a: Banette|move: Destiny Bond\n|faint|p1a: Greninja\n|\n|upkeep\n|\n|t:|1699793231\n|switch|p1a: Sneasler|Sneasler, M|100\/100\n|switch|p2a: Great Tusk|Great Tusk|100\/100\n|-enditem|p2a: Great Tusk|Booster Energy\n|-activate|p2a: Great Tusk|ability: Protosynthesis|[fromitem]\n|-start|p2a: Great Tusk|protosynthesisspe\n|turn|4\n|\n|t:|1699793239\n|move|p1a: Sneasler|Fake Out|p2a: Great Tusk\n|-enditem|p1a: Sneasler|Normal Gem|[from] gem\n|-damage|p2a: Great Tusk|88\/100\n|cant|p2a: Great Tusk|flinch\n|\n|upkeep\n|turn|5\n|\n|t:|1699793253\n|move|p1a: Sneasler|Acrobatics|p2a: Great Tusk\n|-supereffective|p2a: Great Tusk\n|-damage|p2a: Great Tusk|33\/100\n|move|p2a: Great Tusk|Headlong Rush|p1a: Sneasler\n|-supereffective|p1a: Sneasler\n|-damage|p1a: Sneasler|0 fnt\n|-unboost|p2a: Great Tusk|def|1\n|-unboost|p2a: Great Tusk|spd|1\n|faint|p1a: Sneasler\n|\n|upkeep\n|\n|t:|1699793272\n|switch|p1a: Blacephalon|Blacephalon|100\/100\n|turn|6\n|\n|t:|1699793277\n|-terastallize|p1a: Blacephalon|Ghost\n|move|p1a: Blacephalon|Shadow Ball|p2a: Great Tusk\n|-damage|p2a: Great Tusk|0 fnt\n|faint|p2a: Great Tusk\n|-end|p2a: Great Tusk|Protosynthesis|[silent]\n|-ability|p1a: Blacephalon|Beast Boost|boost\n|-boost|p1a: Blacephalon|spa|1\n|\n|upkeep\n|\n|t:|1699793283\n|switch|p2a: Ceruledge|Ceruledge, M|100\/100\n|turn|7\n|\n|t:|1699793293\n|switch|p1a: Kommo-o|Kommo-o, M|100\/100\n|move|p2a: Ceruledge|Endure||[still]\n|-fail|p2a: Ceruledge\n|\n|upkeep\n|turn|8\n|\n|t:|1699793301\n|switch|p2a: Iron Valiant|Iron Valiant, shiny|100\/100\n|-enditem|p2a: Iron Valiant|Booster Energy\n|-activate|p2a: Iron Valiant|ability: Quark Drive|[fromitem]\n|-start|p2a: Iron Valiant|quarkdrivespe\n|move|p1a: Kommo-o|Clangorous Soul|p1a: Kommo-o\n|-boost|p1a: Kommo-o|atk|1\n|-boost|p1a: Kommo-o|def|1\n|-boost|p1a: Kommo-o|spa|1\n|-boost|p1a: Kommo-o|spd|1\n|-boost|p1a: Kommo-o|spe|1\n|-damage|p1a: Kommo-o|68\/100\n|\n|upkeep\n|turn|9\n|\n|t:|1699793313\n|switch|p1a: Aegislash|Aegislash, F|100\/100\n|move|p2a: Iron Valiant|Encore||[still]\n|-fail|p2a: Iron Valiant\n|\n|upkeep\n|turn|10\n|\n|t:|1699793345\n|-end|p2a: Iron Valiant|Quark Drive|[silent]\n|switch|p2a: Serperior|Serperior, F, shiny|100\/100\n|-formechange|p1a: Aegislash|Aegislash-Blade||[from] ability: Stance Change\n|move|p1a: Aegislash|Shadow Ball|p2a: Serperior\n|-damage|p2a: Serperior|42\/100\n|\n|-heal|p2a: Serperior|49\/100|[from] item: Leftovers\n|upkeep\n|turn|11\n|\n|t:|1699793355\n|move|p2a: Serperior|Glare|p1a: Aegislash\n|-status|p1a: Aegislash|par\n|move|p1a: Aegislash|Shadow Ball|p2a: Serperior\n|-damage|p2a: Serperior|0 fnt\n|faint|p2a: Serperior\n|\n|upkeep\n|\n|t:|1699793358\n|switch|p2a: Ceruledge|Ceruledge, M|100\/100\n|turn|12\n|\n|t:|1699793366\n|cant|p1a: Aegislash|par\n|move|p2a: Ceruledge|Poltergeist|p1a: Aegislash\n|-activate|p1a: Aegislash|move: Poltergeist|Leftovers\n|-supereffective|p1a: Aegislash\n|-damage|p1a: Aegislash|0 fnt\n|faint|p1a: Aegislash\n|\n|upkeep\n|\n|t:|1699793379\n|switch|p1a: Blacephalon|Blacephalon, tera:Ghost|100\/100\n|turn|13\n|\n|t:|1699793383\n|move|p2a: Ceruledge|Endure|p2a: Ceruledge\n|-singleturn|p2a: Ceruledge|move: Endure\n|move|p1a: Blacephalon|Shadow Ball|p2a: Ceruledge\n|-supereffective|p2a: Ceruledge\n|-activate|p2a: Ceruledge|move: Endure\n|-damage|p2a: Ceruledge|1\/100\n|-enditem|p2a: Ceruledge|Weakness Policy\n|-boost|p2a: Ceruledge|atk|2|[from] item: Weakness Policy\n|-boost|p2a: Ceruledge|spa|2|[from] item: Weakness Policy\n|\n|upkeep\n|turn|14\n|\n|t:|1699793393\n|switch|p1a: Kommo-o|Kommo-o, M|68\/100\n|move|p2a: Ceruledge|Shadow Sneak|p1a: Kommo-o\n|-damage|p1a: Kommo-o|29\/100\n|\n|upkeep\n|turn|15\n|\n|t:|1699793403\n|move|p2a: Ceruledge|Shadow Sneak|p1a: Kommo-o\n|-damage|p1a: Kommo-o|0 fnt\n|faint|p1a: Kommo-o\n|\n|upkeep\n|\n|t:|1699793408\n|switch|p1a: Blacephalon|Blacephalon, tera:Ghost|100\/100\n|turn|16\n|\n|t:|1699793411\n|move|p2a: Ceruledge|Shadow Sneak|p1a: Blacephalon\n|-supereffective|p1a: Blacephalon\n|-damage|p1a: Blacephalon|0 fnt\n|faint|p1a: Blacephalon\n|\n|win|XYStarshine.\u661f\u8000\n|raw|links2345678's rating: 1564 &rarr; <strong>1549<\/strong><br \/>(-15 for losing)\n|raw|XYStarshine.\u661f\u8000's rating: 1650 &rarr; <strong>1665<\/strong><br \/>(+15 for winning)\n|l|\u2606links2345678\n","uploadtime":1699793426,"views":5,"p1id":"links2345678","p2id":"xystarshine","formatid":"gen9nationaldex","rating":1549,"private":0,"password":""}