{"id":"gen9nationaldex-1990772513","p1":"Abrar83","p2":"Alexander90281","format":"[Gen 9] National Dex","log":"|j|\u2606Abrar83\n|j|\u2606Alexander90281\n|t:|1699999390\n|gametype|singles\n|player|p1|Abrar83|nobunaga-conquest|1635\n|player|p2|Alexander90281|tateandliza-gen6|1773\n|teamsize|p1|6\n|teamsize|p2|6\n|gen|9\n|tier|[Gen 9] National Dex\n|rated|\n|rule|HP Percentage Mod: HP is shown in percentages\n|rule|Endless Battle Clause: Forcing endless battles is banned\n|rule|OHKO Clause: OHKO moves are banned\n|rule|Evasion Clause: Evasion abilities, items, and moves are banned\n|rule|Evasion Abilities Clause: Evasion abilities are banned\n|rule|Evasion Items Clause: Evasion items are banned\n|rule|Evasion Moves Clause: Evasion moves are banned\n|rule|Species Clause: Limit one of each Pok\u00e9mon\n|rule|Sleep Clause Mod: Limit one foe put to sleep\n|clearpoke\n|poke|p1|Gardevoir, F|\n|poke|p1|Arcanine-Hisui, M|\n|poke|p1|Dragonite, M|\n|poke|p1|Bisharp, M|\n|poke|p1|Zapdos|\n|poke|p1|Great Tusk|\n|poke|p2|Mimikyu, F|\n|poke|p2|Hatterene, F|\n|poke|p2|Marowak-Alola, M|\n|poke|p2|Victini|\n|poke|p2|Mawile, M|\n|poke|p2|Blacephalon|\n|teampreview\n|inactive|Battle timer is ON: inactive players will automatically lose when time's up. (requested by Abrar83)\n|\n|t:|1699999402\n|start\n|switch|p1a: Zolo|Bisharp, M|100\/100\n|switch|p2a: Victini|Victini|100\/100\n|turn|1\n|\n|t:|1699999414\n|move|p2a: Victini|Trick|p1a: Zolo\n|-activate|p2a: Victini|move: Trick|[of] p1a: Zolo\n|-item|p1a: Zolo|Choice Scarf|[from] move: Trick\n|-item|p2a: Victini|Eviolite|[from] move: Trick\n|move|p1a: Zolo|Knock Off|p2a: Victini\n|-supereffective|p2a: Victini\n|-damage|p2a: Victini|14\/100\n|-enditem|p2a: Victini|Eviolite|[from] move: Knock Off|[of] p1a: Zolo\n|\n|upkeep\n|turn|2\n|\n|t:|1699999422\n|move|p2a: Victini|Blue Flare|p1a: Zolo\n|-supereffective|p1a: Zolo\n|-damage|p1a: Zolo|0 fnt\n|faint|p1a: Zolo\n|\n|upkeep\n|\n|t:|1699999435\n|switch|p1a: Pina|Dragonite, M|100\/100\n|turn|3\n|\n|t:|1699999442\n|move|p2a: Victini|Trick|p1a: Pina\n|-activate|p2a: Victini|move: Trick|[of] p1a: Pina\n|-enditem|p1a: Pina|Leftovers|[silent]|[from] move: Trick\n|-item|p2a: Victini|Leftovers|[from] move: Trick\n|move|p1a: Pina|Curse|p1a: Pina\n|-unboost|p1a: Pina|spe|1\n|-boost|p1a: Pina|atk|1\n|-boost|p1a: Pina|def|1\n|\n|-heal|p2a: Victini|20\/100|[from] item: Leftovers\n|upkeep\n|turn|4\n|\n|t:|1699999448\n|move|p2a: Victini|Blue Flare|p1a: Pina\n|-resisted|p1a: Pina\n|-damage|p1a: Pina|94\/100\n|move|p1a: Pina|Curse|p1a: Pina\n|-unboost|p1a: Pina|spe|1\n|-boost|p1a: Pina|atk|1\n|-boost|p1a: Pina|def|1\n|\n|-heal|p2a: Victini|26\/100|[from] item: Leftovers\n|upkeep\n|turn|5\n|\n|t:|1699999472\n|move|p1a: Pina|Extreme Speed|p2a: Victini\n|-damage|p2a: Victini|0 fnt\n|faint|p2a: Victini\n|\n|upkeep\n|\n|t:|1699999479\n|switch|p2a: Mimikyu|Mimikyu, F|100\/100\n|turn|6\n|\n|t:|1699999483\n|-terastallize|p1a: Pina|Normal\n|move|p2a: Mimikyu|Will-O-Wisp|p1a: Pina\n|-status|p1a: Pina|brn\n|move|p1a: Pina|Curse|p1a: Pina\n|-unboost|p1a: Pina|spe|1\n|-boost|p1a: Pina|atk|1\n|-boost|p1a: Pina|def|1\n|\n|-damage|p1a: Pina|87\/100 brn|[from] brn\n|upkeep\n|turn|7\n|\n|t:|1699999491\n|move|p2a: Mimikyu|Curse|p1a: Pina\n|-start|p1a: Pina|Curse|[of] p2a: Mimikyu\n|-damage|p2a: Mimikyu|50\/100\n|-enditem|p2a: Mimikyu|Sitrus Berry|[eat]\n|-heal|p2a: Mimikyu|75\/100|[from] item: Sitrus Berry\n|move|p1a: Pina|Curse|p1a: Pina\n|-unboost|p1a: Pina|spe|1\n|-boost|p1a: Pina|atk|1\n|-boost|p1a: Pina|def|1\n|\n|-damage|p1a: Pina|81\/100 brn|[from] brn\n|-damage|p1a: Pina|56\/100 brn|[from] Curse\n|upkeep\n|turn|8\n|\n|t:|1699999500\n|switch|p1a: Sasakibe|Zapdos|100\/100\n|move|p2a: Mimikyu|Protect||[still]\n|-fail|p2a: Mimikyu\n|\n|upkeep\n|turn|9\n|\n|t:|1699999506\n|move|p1a: Sasakibe|Discharge|p2a: Mimikyu\n|-activate|p2a: Mimikyu|ability: Disguise\n|-damage|p2a: Mimikyu|75\/100\n|detailschange|p2a: Mimikyu|Mimikyu-Busted, F\n|-damage|p2a: Mimikyu|63\/100|[from] pokemon: Mimikyu-Busted\n|move|p2a: Mimikyu|Trick Room|p2a: Mimikyu\n|-fieldstart|move: Trick Room|[of] p2a: Mimikyu\n|\n|upkeep\n|turn|10\n|\n|t:|1699999515\n|move|p2a: Mimikyu|Curse|p1a: Sasakibe\n|-start|p1a: Sasakibe|Curse|[of] p2a: Mimikyu\n|-damage|p2a: Mimikyu|13\/100\n|move|p1a: Sasakibe|Discharge|p2a: Mimikyu\n|-damage|p2a: Mimikyu|0 fnt\n|faint|p2a: Mimikyu\n|\n|-damage|p1a: Sasakibe|76\/100|[from] Curse\n|upkeep\n|\n|t:|1699999524\n|switch|p2a: Marowak|Marowak-Alola, M|100\/100\n|turn|11\n|\n|t:|1699999527\n|switch|p1a: Pina|Dragonite, M, tera:Normal|56\/100 brn\n|move|p2a: Marowak|Flare Blitz|p1a: Pina\n|-damage|p1a: Pina|0 fnt\n|faint|p1a: Pina\n|\n|upkeep\n|\n|t:|1699999542\n|switch|p1a: Milotic?|Arcanine-Hisui, M|100\/100\n|turn|12\n|\n|t:|1699999554\n|switch|p1a: Sasakibe|Zapdos|76\/100\n|move|p2a: Marowak|Bonemerang|p1a: Sasakibe\n|-immune|p1a: Sasakibe\n|\n|upkeep\n|turn|13\n|\n|t:|1699999563\n|move|p2a: Marowak|Poltergeist|p1a: Sasakibe\n|-activate|p1a: Sasakibe|move: Poltergeist|Flyinium Z\n|-damage|p1a: Sasakibe|0 fnt\n|faint|p1a: Sasakibe\n|\n|-fieldend|move: Trick Room\n|upkeep\n|\n|t:|1699999569\n|switch|p1a: Milotic?|Arcanine-Hisui, M|100\/100\n|turn|14\n|\n|t:|1699999572\n|-terastallize|p2a: Marowak|Normal\n|move|p1a: Milotic?|Head Smash|p2a: Marowak\n|-damage|p2a: Marowak|31\/100\n|move|p2a: Marowak|Bonemerang|p1a: Milotic?\n|-supereffective|p1a: Milotic?\n|-damage|p1a: Milotic?|0 fnt\n|faint|p1a: Milotic?\n|-hitcount|p1: Milotic?|1\n|\n|upkeep\n|\n|t:|1699999578\n|switch|p1a: Ode To Joy|Great Tusk|100\/100\n|-enditem|p1a: Ode To Joy|Booster Energy\n|-activate|p1a: Ode To Joy|ability: Protosynthesis|[fromitem]\n|-start|p1a: Ode To Joy|protosynthesisatk\n|turn|15\n|c|\u2606Alexander90281|:3\n|\n|t:|1699999586\n|switch|p2a: Mawile|Mawile, M|100\/100\n|-ability|p2a: Mawile|Intimidate|boost\n|-unboost|p1a: Ode To Joy|atk|1\n|move|p1a: Ode To Joy|Rapid Spin|p2a: Mawile\n|-resisted|p2a: Mawile\n|-damage|p2a: Mawile|92\/100\n|-boost|p1a: Ode To Joy|spe|1\n|\n|upkeep\n|turn|16\n|c|\u2606Abrar83|this a good ass team i cant lie\n|\n|t:|1699999594\n|detailschange|p2a: Mawile|Mawile-Mega, M\n|-mega|p2a: Mawile|Mawile|Mawilite\n|move|p1a: Ode To Joy|Headlong Rush|p2a: Mawile\n|-supereffective|p2a: Mawile\n|-damage|p2a: Mawile|0 fnt\n|-unboost|p1a: Ode To Joy|def|1\n|-unboost|p1a: Ode To Joy|spd|1\n|faint|p2a: Mawile\n|\n|upkeep\n|\n|t:|1699999599\n|switch|p2a: Blacephalon|Blacephalon|100\/100\n|turn|17\n|\n|t:|1699999604\n|move|p1a: Ode To Joy|Headlong Rush|p2a: Blacephalon\n|-supereffective|p2a: Blacephalon\n|-damage|p2a: Blacephalon|0 fnt\n|-unboost|p1a: Ode To Joy|def|1\n|-unboost|p1a: Ode To Joy|spd|1\n|faint|p2a: Blacephalon\n|\n|upkeep\n|\n|t:|1699999607\n|switch|p2a: Hatterene|Hatterene, F|100\/100\n|turn|18\n|j| hainiumm\n|\n|t:|1699999612\n|-end|p1a: Ode To Joy|Protosynthesis|[silent]\n|switch|p1a: Ylia|Gardevoir, F|100\/100\n|-ability|p1a: Ylia|Magic Bounce|[from] ability: Trace|[of] p2a: Hatterene\n|move|p2a: Hatterene|Trick Room|p2a: Hatterene\n|-fieldstart|move: Trick Room|[of] p2a: Hatterene\n|\n|upkeep\n|turn|19\n|\n|t:|1699999625\n|detailschange|p1a: Ylia|Gardevoir-Mega, F\n|-mega|p1a: Ylia|Gardevoir|Gardevoirite\n|move|p2a: Hatterene|Mystical Fire|p1a: Ylia\n|-damage|p1a: Ylia|71\/100\n|-unboost|p1a: Ylia|spa|1\n|move|p1a: Ylia|Psychic|p2a: Hatterene\n|-resisted|p2a: Hatterene\n|-damage|p2a: Hatterene|81\/100\n|\n|upkeep\n|turn|20\n|\n|t:|1699999632\n|move|p2a: Hatterene|Mystical Fire|p1a: Ylia\n|-damage|p1a: Ylia|41\/100\n|-unboost|p1a: Ylia|spa|1\n|move|p1a: Ylia|Psychic|p2a: Hatterene\n|-resisted|p2a: Hatterene\n|-damage|p2a: Hatterene|67\/100\n|\n|upkeep\n|turn|21\n|\n|t:|1699999637\n|move|p2a: Hatterene|Psychic|p1a: Ylia\n|-resisted|p1a: Ylia\n|-damage|p1a: Ylia|14\/100\n|move|p1a: Ylia|Destiny Bond|p1a: Ylia\n|-singlemove|p1a: Ylia|Destiny Bond\n|\n|upkeep\n|turn|22\n|\n|t:|1699999644\n|move|p1a: Ylia|Hyper Voice|p2a: Hatterene\n|-damage|p2a: Hatterene|33\/100\n|move|p2a: Hatterene|Trick Room|p2a: Hatterene\n|-fieldend|move: Trick Room\n|\n|upkeep\n|turn|23\n|\n|t:|1699999651\n|move|p1a: Ylia|Hyper Voice|p2a: Hatterene\n|-damage|p2a: Hatterene|0 fnt\n|faint|p2a: Hatterene\n|\n|upkeep\n|\n|t:|1699999653\n|switch|p2a: Marowak|Marowak-Alola, M, tera:Normal|31\/100\n|turn|24\n|\n|t:|1699999657\n|move|p1a: Ylia|Hyper Voice|p2a: Marowak\n|-damage|p2a: Marowak|0 fnt\n|faint|p2a: Marowak\n|\n|win|Abrar83\n|raw|Abrar83's rating: 1635 &rarr; <strong>1663<\/strong><br \/>(+28 for winning)\n|raw|Alexander90281's rating: 1773 &rarr; <strong>1745<\/strong><br \/>(-28 for losing)\n|c|\u2606Abrar83|gg\n|l|\u2606Alexander90281\n|c|\u2606Abrar83|wp\n","uploadtime":1699999676,"views":3,"p1id":"abrar83","p2id":"alexander90281","formatid":"gen9nationaldex","rating":1663,"private":0,"password":""}