{"id":"gen9nationaldex-1989912355","p1":"Blake-Mamba","p2":"DerGallaMan12","format":"[Gen 9] National Dex","log":"|j|\u2606Blake-Mamba\n|j|\u2606DerGallaMan12\n|t:|1699906136\n|gametype|singles\n|player|p1|Blake-Mamba|juan|1361\n|player|p2|DerGallaMan12|pokemaniac|1421\n|teamsize|p1|6\n|teamsize|p2|6\n|gen|9\n|tier|[Gen 9] National Dex\n|rated|\n|rule|HP Percentage Mod: HP is shown in percentages\n|rule|Endless Battle Clause: Forcing endless battles is banned\n|rule|OHKO Clause: OHKO moves are banned\n|rule|Evasion Clause: Evasion abilities, items, and moves are banned\n|rule|Evasion Abilities Clause: Evasion abilities are banned\n|rule|Evasion Items Clause: Evasion items are banned\n|rule|Evasion Moves Clause: Evasion moves are banned\n|rule|Species Clause: Limit one of each Pok\u00e9mon\n|rule|Sleep Clause Mod: Limit one foe put to sleep\n|clearpoke\n|poke|p1|Galvantula, F|\n|poke|p1|Serperior, M|\n|poke|p1|Volcarona, M|\n|poke|p1|Carracosta, F|\n|poke|p1|Archeops, F|\n|poke|p1|Golurk|\n|poke|p2|Slowking-Galar, F|\n|poke|p2|Tapu Lele|\n|poke|p2|Pinsir, F|\n|poke|p2|Celesteela|\n|poke|p2|Landorus-Therian, M|\n|poke|p2|Xurkitree|\n|teampreview\n|inactive|Battle timer is ON: inactive players will automatically lose when time's up. (requested by DerGallaMan12)\n|\n|t:|1699906147\n|start\n|switch|p1a: Galvantula|Galvantula, F|100\/100\n|switch|p2a: Landorus|Landorus-Therian, M|100\/100\n|-ability|p2a: Landorus|Intimidate|boost\n|-unboost|p1a: Galvantula|atk|1\n|turn|1\n|\n|t:|1699906156\n|move|p1a: Galvantula|Sticky Web|p2a: Landorus\n|-sidestart|p2: DerGallaMan12|move: Sticky Web\n|move|p2a: Landorus|Earthquake|p1a: Galvantula\n|-enditem|p1a: Galvantula|Focus Sash\n|-damage|p1a: Galvantula|1\/100\n|\n|upkeep\n|turn|2\n|\n|t:|1699906164\n|move|p1a: Galvantula|Giga Drain|p2a: Landorus\n|-damage|p2a: Landorus|69\/100\n|-heal|p1a: Galvantula|19\/100|[from] drain|[of] p2a: Landorus\n|move|p2a: Landorus|Stealth Rock|p1a: Galvantula\n|-sidestart|p1: Blake-Mamba|move: Stealth Rock\n|\n|upkeep\n|turn|3\n|\n|t:|1699906174\n|move|p1a: Galvantula|Giga Drain|p2a: Landorus\n|-damage|p2a: Landorus|39\/100\n|-heal|p1a: Galvantula|36\/100|[from] drain|[of] p2a: Landorus\n|move|p2a: Landorus|Defog|p1a: Galvantula\n|-unboost|p1a: Galvantula|evasion|1\n|-sideend|p1: Blake-Mamba|Stealth Rock|[from] move: Defog|[of] p2a: Landorus\n|-sideend|p2: DerGallaMan12|Sticky Web|[from] move: Defog|[of] p2a: Landorus\n|\n|upkeep\n|turn|4\n|\n|t:|1699906183\n|move|p1a: Galvantula|Sticky Web|p2a: Landorus\n|-sidestart|p2: DerGallaMan12|move: Sticky Web\n|move|p2a: Landorus|U-turn|p1a: Galvantula\n|-damage|p1a: Galvantula|0 fnt\n|faint|p1a: Galvantula\n|\n|t:|1699906194\n|switch|p2a: Slowking|Slowking-Galar, F|100\/100|[from] U-turn\n|-activate|p2a: Slowking|move: Sticky Web\n|-unboost|p2a: Slowking|spe|1\n|\n|upkeep\n|\n|t:|1699906208\n|switch|p1a: Archeops|Archeops, F|100\/100\n|turn|5\n|\n|t:|1699906212\n|switch|p2a: Celesteela|Celesteela|100\/100\n|-terastallize|p1a: Archeops|Rock\n|move|p1a: Archeops|Stone Edge|p2a: Celesteela\n|-crit|p2a: Celesteela\n|-damage|p2a: Celesteela|0 fnt\n|faint|p2a: Celesteela\n|\n|upkeep\n|\n|t:|1699906224\n|switch|p2a: Nuke 1|Tapu Lele|100\/100\n|-activate|p2a: Nuke 1|move: Sticky Web\n|-unboost|p2a: Nuke 1|spe|1\n|-fieldstart|move: Psychic Terrain|[from] ability: Psychic Surge|[of] p2a: Nuke 1\n|turn|6\n|\n|t:|1699906230\n|switch|p2a: Landorus|Landorus-Therian, M|39\/100\n|-ability|p2a: Landorus|Intimidate|boost\n|-unboost|p1a: Archeops|atk|1\n|move|p1a: Archeops|Stone Edge|p2a: Landorus\n|-damage|p2a: Landorus|0 fnt\n|faint|p2a: Landorus\n|\n|upkeep\n|\n|t:|1699906247\n|switch|p2a: Xurkitree|Xurkitree|100\/100\n|-activate|p2a: Xurkitree|move: Sticky Web\n|-unboost|p2a: Xurkitree|spe|1\n|turn|7\n|\n|t:|1699906253\n|move|p1a: Archeops|Stone Edge|p2a: Xurkitree\n|-damage|p2a: Xurkitree|0 fnt\n|faint|p2a: Xurkitree\n|\n|upkeep\n|\n|t:|1699906263\n|switch|p2a: Slowking|Slowking-Galar, F|100\/100\n|-activate|p2a: Slowking|move: Sticky Web\n|-unboost|p2a: Slowking|spe|1\n|turn|8\n|\n|t:|1699906268\n|switch|p1a: Golurk|Golurk|100\/100\n|move|p2a: Slowking|Scald|p1a: Golurk\n|-supereffective|p1a: Golurk\n|-damage|p1a: Golurk|27\/100\n|-enditem|p1a: Golurk|Weakness Policy\n|-boost|p1a: Golurk|atk|2|[from] item: Weakness Policy\n|-boost|p1a: Golurk|spa|2|[from] item: Weakness Policy\n|\n|upkeep\n|turn|9\n|\n|t:|1699906277\n|move|p1a: Golurk|Earthquake|p2a: Slowking\n|-supereffective|p2a: Slowking\n|-damage|p2a: Slowking|0 fnt\n|faint|p2a: Slowking\n|\n|upkeep\n|\n|t:|1699906283\n|switch|p2a: Pinsir|Pinsir, F|100\/100\n|-activate|p2a: Pinsir|move: Sticky Web\n|-unboost|p2a: Pinsir|spe|1\n|turn|10\n|\n|t:|1699906289\n|detailschange|p2a: Pinsir|Pinsir-Mega, F\n|-mega|p2a: Pinsir|Pinsir|Pinsirite\n|move|p2a: Pinsir|Swords Dance|p2a: Pinsir\n|-boost|p2a: Pinsir|atk|2\n|move|p1a: Golurk|Poltergeist|p2a: Pinsir\n|-activate|p2a: Pinsir|move: Poltergeist|Pinsirite\n|-damage|p2a: Pinsir|0 fnt\n|faint|p2a: Pinsir\n|\n|-fieldend|move: Psychic Terrain\n|upkeep\n|\n|t:|1699906301\n|switch|p2a: Nuke 1|Tapu Lele|100\/100\n|-activate|p2a: Nuke 1|move: Sticky Web\n|-unboost|p2a: Nuke 1|spe|1\n|-fieldstart|move: Psychic Terrain|[from] ability: Psychic Surge|[of] p2a: Nuke 1\n|turn|11\n|\n|t:|1699906307\n|-terastallize|p2a: Nuke 1|Psychic\n|move|p2a: Nuke 1|Psychic|p1a: Golurk\n|-damage|p1a: Golurk|0 fnt\n|faint|p1a: Golurk\n|\n|upkeep\n|\n|t:|1699906314\n|switch|p1a: Archeops|Archeops, F, tera:Rock|100\/100\n|turn|12\n|\n|t:|1699906322\n|move|p1a: Archeops|Knock Off|p2a: Nuke 1\n|-supereffective|p2a: Nuke 1\n|-crit|p2a: Nuke 1\n|-damage|p2a: Nuke 1|0 fnt\n|-enditem|p2a: Nuke 1|Choice Scarf|[from] move: Knock Off|[of] p1a: Archeops\n|faint|p2a: Nuke 1\n|\n|win|Blake-Mamba\n|raw|Blake-Mamba's rating: 1361 &rarr; <strong>1384<\/strong><br \/>(+23 for winning)\n|raw|DerGallaMan12's rating: 1421 &rarr; <strong>1398<\/strong><br \/>(-23 for losing)\n","uploadtime":1699906330,"views":7,"p1id":"blakemamba","p2id":"dergallaman12","formatid":"gen9nationaldex","rating":1384,"private":0,"password":""}