{"id":"gen9nationaldex-1999942202","p1":"Cddsrfe","p2":"Maxer59","format":"[Gen 9] National Dex","log":"|html|<div class=\"broadcast-blue\"><strong>[Gen 9] National Dex is currently suspecting Sneasler! For information on how to participate check out the <a href=\"https:\/\/www.smogon.com\/forums\/threads\/sv-national-dex-suspect-8-just-dance.3731534\/\">suspect thread<\/a>.<\/strong><\/div>\n|j|\u2606Cddsrfe\n|j|\u2606Maxer59\n|t:|1701132718\n|gametype|singles\n|player|p1|Cddsrfe|pokekid|1094\n|player|p2|Maxer59|lucas|1158\n|teamsize|p1|6\n|teamsize|p2|6\n|gen|9\n|tier|[Gen 9] National Dex\n|rated|\n|rule|HP Percentage Mod: HP is shown in percentages\n|rule|Endless Battle Clause: Forcing endless battles is banned\n|rule|OHKO Clause: OHKO moves are banned\n|rule|Evasion Clause: Evasion abilities, items, and moves are banned\n|rule|Evasion Abilities Clause: Evasion abilities are banned\n|rule|Evasion Items Clause: Evasion items are banned\n|rule|Evasion Moves Clause: Evasion moves are banned\n|rule|Species Clause: Limit one of each Pok\u00e9mon\n|rule|Sleep Clause Mod: Limit one foe put to sleep\n|clearpoke\n|poke|p1|Skeledirge, F|\n|poke|p1|Excadrill, F|\n|poke|p1|Jolteon, M|\n|poke|p1|Weavile, F|\n|poke|p1|Gyarados, F|\n|poke|p1|Sneasler, M|\n|poke|p2|Ninjask, M|\n|poke|p2|Shuckle, M|\n|poke|p2|Durant, M|\n|poke|p2|Vivillon, M|\n|poke|p2|Golisopod, F|\n|poke|p2|Heracross, M|\n|teampreview\n|inactive|Battle timer is ON: inactive players will automatically lose when time's up. (requested by Maxer59)\n|\n|t:|1701132725\n|start\n|switch|p1a: Jolteon|Jolteon, M|100\/100\n|switch|p2a: Shuckle|Shuckle, M|100\/100\n|turn|1\n|\n|t:|1701132735\n|-terastallize|p1a: Jolteon|Flying\n|move|p1a: Jolteon|Tera Blast|p2a: Shuckle|[anim] Tera Blast Flying\n|-damage|p2a: Shuckle|81\/100\n|move|p2a: Shuckle|Sticky Web|p1a: Jolteon\n|-sidestart|p1: Cddsrfe|move: Sticky Web\n|\n|-heal|p2a: Shuckle|87\/100|[from] item: Leftovers\n|upkeep\n|turn|2\n|\n|t:|1701132746\n|switch|p1a: Excadrill|Excadrill, F|100\/100\n|-activate|p1a: Excadrill|move: Sticky Web\n|-unboost|p1a: Excadrill|spe|1\n|-ability|p1a: Excadrill|Mold Breaker\n|move|p2a: Shuckle|Infestation|p1a: Excadrill\n|-resisted|p1a: Excadrill\n|-damage|p1a: Excadrill|99\/100\n|-activate|p1a: Excadrill|move: Infestation|[of] p2a: Shuckle\n|\n|-heal|p2a: Shuckle|93\/100|[from] item: Leftovers\n|-damage|p1a: Excadrill|87\/100|[from] move: Infestation|[partiallytrapped]\n|upkeep\n|turn|3\n|\n|t:|1701132767\n|switch|p2a: Heracross|Heracross, M|100\/100\n|move|p1a: Excadrill|Rapid Spin|p2a: Heracross\n|-damage|p2a: Heracross|61\/100\n|-boost|p1a: Excadrill|spe|1\n|-sideend|p1: Cddsrfe|Sticky Web|[from] move: Rapid Spin|[of] p1a: Excadrill\n|-end|p1a: Excadrill|Infestation|[partiallytrapped]\n|-damage|p1a: Excadrill|77\/100|[from] item: Life Orb\n|\n|upkeep\n|turn|4\n|\n|t:|1701132779\n|move|p2a: Heracross|Brick Break|p1a: Excadrill\n|-supereffective|p1a: Excadrill\n|-damage|p1a: Excadrill|0 fnt\n|faint|p1a: Excadrill\n|-ability|p2a: Heracross|Moxie|boost\n|-boost|p2a: Heracross|atk|1\n|\n|upkeep\n|\n|t:|1701132787\n|switch|p1a: Jolteon|Jolteon, M, tera:Flying|100\/100\n|turn|5\n|\n|t:|1701132796\n|switch|p2a: Shuckle|Shuckle, M|93\/100\n|move|p1a: Jolteon|Tera Blast|p2a: Shuckle|[anim] Tera Blast Flying\n|-damage|p2a: Shuckle|73\/100\n|\n|-heal|p2a: Shuckle|80\/100|[from] item: Leftovers\n|upkeep\n|turn|6\n|\n|t:|1701132806\n|switch|p1a: Skeledirge|Skeledirge, F|100\/100\n|move|p2a: Shuckle|Sticky Web|p1a: Skeledirge\n|-sidestart|p1: Cddsrfe|move: Sticky Web\n|\n|-heal|p2a: Shuckle|86\/100|[from] item: Leftovers\n|upkeep\n|turn|7\n|\n|t:|1701132814\n|move|p1a: Skeledirge|Torch Song|p2a: Shuckle\n|-damage|p2a: Shuckle|61\/100\n|-boost|p1a: Skeledirge|spa|1\n|move|p2a: Shuckle|Stealth Rock|p1a: Skeledirge\n|-sidestart|p1: Cddsrfe|move: Stealth Rock\n|\n|-heal|p2a: Shuckle|67\/100|[from] item: Leftovers\n|upkeep\n|turn|8\n|\n|t:|1701132825\n|move|p1a: Skeledirge|Torch Song|p2a: Shuckle\n|-damage|p2a: Shuckle|32\/100\n|-boost|p1a: Skeledirge|spa|1\n|move|p2a: Shuckle|Toxic|p1a: Skeledirge\n|-status|p1a: Skeledirge|tox\n|\n|-heal|p2a: Shuckle|38\/100|[from] item: Leftovers\n|-damage|p1a: Skeledirge|94\/100 tox|[from] psn\n|upkeep\n|turn|9\n|\n|t:|1701132836\n|move|p1a: Skeledirge|Torch Song|p2a: Shuckle\n|-damage|p2a: Shuckle|0 fnt\n|-boost|p1a: Skeledirge|spa|1\n|faint|p2a: Shuckle\n|\n|-damage|p1a: Skeledirge|82\/100 tox|[from] psn\n|upkeep\n|\n|t:|1701132838\n|switch|p2a: Heracross|Heracross, M|61\/100\n|turn|10\n|\n|t:|1701132847\n|move|p2a: Heracross|Earthquake|p1a: Skeledirge\n|-supereffective|p1a: Skeledirge\n|-damage|p1a: Skeledirge|26\/100 tox\n|move|p1a: Skeledirge|Torch Song|p2a: Heracross\n|-supereffective|p2a: Heracross\n|-damage|p2a: Heracross|0 fnt\n|-boost|p1a: Skeledirge|spa|1\n|faint|p2a: Heracross\n|\n|-damage|p1a: Skeledirge|8\/100 tox|[from] psn\n|upkeep\n|-enditem|p1a: Skeledirge|Figy Berry|[eat]\n|-heal|p1a: Skeledirge|41\/100 tox|[from] item: Figy Berry\n|-start|p1a: Skeledirge|confusion\n|\n|t:|1701132865\n|switch|p2a: Golisopod|Golisopod, F|100\/100\n|turn|11\n|\n|t:|1701132874\n|move|p2a: Golisopod|Aqua Jet|p1a: Skeledirge\n|-supereffective|p1a: Skeledirge\n|-damage|p1a: Skeledirge|8\/100 tox\n|-activate|p1a: Skeledirge|confusion\n|move|p1a: Skeledirge|Torch Song|p2a: Golisopod\n|-damage|p2a: Golisopod|0 fnt\n|-boost|p1a: Skeledirge|spa|1\n|faint|p2a: Golisopod\n|\n|-damage|p1a: Skeledirge|0 fnt|[from] psn\n|faint|p1a: Skeledirge\n|upkeep\n|\n|t:|1701132889\n|switch|p1a: Jolteon|Jolteon, M, tera:Flying|100\/100\n|switch|p2a: Durant|Durant, M|100\/100\n|-damage|p1a: Jolteon|76\/100|[from] Stealth Rock\n|turn|12\n|\n|t:|1701132897\n|move|p1a: Jolteon|Tera Blast|p2a: Durant|[anim] Tera Blast Flying\n|-damage|p2a: Durant|7\/100\n|move|p2a: Durant|Iron Head|p1a: Jolteon\n|-damage|p1a: Jolteon|0 fnt\n|faint|p1a: Jolteon\n|\n|upkeep\n|\n|t:|1701132905\n|switch|p1a: Gyarados|Gyarados, F|100\/100\n|-damage|p1a: Gyarados|76\/100|[from] Stealth Rock\n|-ability|p1a: Gyarados|Intimidate|boost\n|-unboost|p2a: Durant|atk|1\n|turn|13\n|\n|t:|1701132915\n|move|p2a: Durant|Crunch|p1a: Gyarados\n|-damage|p1a: Gyarados|52\/100\n|move|p1a: Gyarados|Dragon Dance|p1a: Gyarados\n|-boost|p1a: Gyarados|atk|1\n|-boost|p1a: Gyarados|spe|1\n|\n|upkeep\n|turn|14\n|\n|t:|1701132926\n|move|p2a: Durant|Crunch|p1a: Gyarados\n|-damage|p1a: Gyarados|28\/100\n|move|p1a: Gyarados|Dragon Tail|p2a: Durant\n|-resisted|p2a: Durant\n|-damage|p2a: Durant|0 fnt\n|faint|p2a: Durant\n|\n|upkeep\n|\n|t:|1701132931\n|switch|p2a: Ninjask|Ninjask, M|100\/100\n|turn|15\n|\n|t:|1701132937\n|move|p2a: Ninjask|Acrobatics|p1a: Gyarados\n|-damage|p1a: Gyarados|4\/100\n|move|p1a: Gyarados|Dragon Tail|p2a: Ninjask\n|-damage|p2a: Ninjask|33\/100\n|drag|p2a: Vivillon|Vivillon, M|100\/100\n|\n|upkeep\n|turn|16\n|\n|t:|1701132956\n|move|p2a: Vivillon|Draining Kiss|p1a: Gyarados\n|-damage|p1a: Gyarados|0 fnt\n|faint|p1a: Gyarados\n|\n|upkeep\n|\n|t:|1701132962\n|switch|p1a: Weavile|Weavile, F|100\/100\n|-activate|p1a: Weavile|move: Sticky Web\n|-unboost|p1a: Weavile|spe|1\n|-damage|p1a: Weavile|76\/100|[from] Stealth Rock\n|-ability|p1a: Weavile|Pressure\n|turn|17\n|\n|t:|1701132975\n|move|p2a: Vivillon|Sleep Powder|p1a: Weavile\n|-status|p1a: Weavile|slp|[from] move: Sleep Powder\n|cant|p1a: Weavile|slp\n|\n|-heal|p1a: Weavile|82\/100 slp|[from] item: Leftovers\n|upkeep\n|turn|18\n|\n|t:|1701132982\n|move|p2a: Vivillon|Quiver Dance|p2a: Vivillon\n|-boost|p2a: Vivillon|spa|1\n|-boost|p2a: Vivillon|spd|1\n|-boost|p2a: Vivillon|spe|1\n|-curestatus|p1a: Weavile|slp|[msg]\n|move|p1a: Weavile|Triple Axel|p2a: Vivillon\n|-supereffective|p2a: Vivillon\n|-damage|p2a: Vivillon|61\/100\n|-hitcount|p2a: Vivillon|1\n|\n|-heal|p1a: Weavile|88\/100|[from] item: Leftovers\n|upkeep\n|turn|19\n|\n|t:|1701132993\n|move|p2a: Vivillon|Draining Kiss|p1a: Weavile\n|-supereffective|p1a: Weavile\n|-damage|p1a: Weavile|41\/100\n|-heal|p2a: Vivillon|94\/100|[from] drain|[of] p1a: Weavile\n|move|p1a: Weavile|Triple Axel|p2a: Vivillon|[miss]\n|-miss|p1a: Weavile|p2a: Vivillon\n|\n|-heal|p1a: Weavile|47\/100|[from] item: Leftovers\n|upkeep\n|turn|20\n|\n|t:|1701133005\n|move|p2a: Vivillon|Draining Kiss|p1a: Weavile\n|-supereffective|p1a: Weavile\n|-damage|p1a: Weavile|0 fnt\n|-heal|p2a: Vivillon|100\/100|[from] drain|[of] p1a: Weavile\n|faint|p1a: Weavile\n|\n|upkeep\n|\n|t:|1701133012\n|switch|p1a: Sneasler|Sneasler, M|100\/100\n|-activate|p1a: Sneasler|move: Sticky Web\n|-unboost|p1a: Sneasler|spe|1\n|-damage|p1a: Sneasler|94\/100|[from] Stealth Rock\n|-ability|p1a: Sneasler|Pressure\n|turn|21\n|\n|t:|1701133020\n|move|p2a: Vivillon|Sleep Powder|p1a: Sneasler\n|-status|p1a: Sneasler|slp|[from] move: Sleep Powder\n|cant|p1a: Sneasler|slp\n|\n|upkeep\n|turn|22\n|\n|t:|1701133026\n|move|p2a: Vivillon|Quiver Dance|p2a: Vivillon\n|-boost|p2a: Vivillon|spa|1\n|-boost|p2a: Vivillon|spd|1\n|-boost|p2a: Vivillon|spe|1\n|cant|p1a: Sneasler|slp\n|\n|upkeep\n|turn|23\n|\n|t:|1701133033\n|move|p2a: Vivillon|Hurricane|p1a: Sneasler\n|-supereffective|p1a: Sneasler\n|-damage|p1a: Sneasler|0 fnt\n|faint|p1a: Sneasler\n|\n|win|Maxer59\n|raw|Cddsrfe's rating: 1094 &rarr; <strong>1074<\/strong><br \/>(-20 for losing)\n|raw|Maxer59's rating: 1158 &rarr; <strong>1178<\/strong><br \/>(+20 for winning)\n","uploadtime":1701133036,"views":2,"p1id":"cddsrfe","p2id":"maxer59","formatid":"gen9nationaldex","rating":1074,"private":0,"password":""}