{"id":"gen9nationaldex-1997658392","p1":"SrPorquet","p2":"GeorgeLAGs","format":"[Gen 9] National Dex","log":"|html|<div class=\"broadcast-blue\"><strong>[Gen 9] National Dex is currently suspecting Sneasler! For information on how to participate check out the <a href=\"https:\/\/www.smogon.com\/forums\/threads\/sv-national-dex-suspect-8-just-dance.3731534\/\">suspect thread<\/a>.<\/strong><\/div>\n|j|\u203dSrPorquet\n|j|\u2606GeorgeLAGs\n|t:|1700838531\n|gametype|singles\n|player|p1|SrPorquet|falkner|1364\n|player|p2|GeorgeLAGs|101|1303\n|teamsize|p1|6\n|teamsize|p2|6\n|gen|9\n|tier|[Gen 9] National Dex\n|rated|\n|rule|HP Percentage Mod: HP is shown in percentages\n|rule|Endless Battle Clause: Forcing endless battles is banned\n|rule|OHKO Clause: OHKO moves are banned\n|rule|Evasion Clause: Evasion abilities, items, and moves are banned\n|rule|Evasion Abilities Clause: Evasion abilities are banned\n|rule|Evasion Items Clause: Evasion items are banned\n|rule|Evasion Moves Clause: Evasion moves are banned\n|rule|Species Clause: Limit one of each Pok\u00e9mon\n|rule|Sleep Clause Mod: Limit one foe put to sleep\n|clearpoke\n|poke|p1|Pidgeot, M|\n|poke|p1|Magmortar, M|\n|poke|p1|Raichu, F|\n|poke|p1|Clefable, M|\n|poke|p1|Vileplume, M|\n|poke|p1|Politoed, M|\n|poke|p2|Steelix, F|\n|poke|p2|Pelipper, M|\n|poke|p2|Comfey, F|\n|poke|p2|Magnezone|\n|poke|p2|Clefable, F|\n|poke|p2|Barraskewda, M|\n|teampreview\n|\n|t:|1700838551\n|start\n|switch|p1a: Magmortar|Magmortar, M|100\/100\n|switch|p2a: Pelipper|Pelipper, M|100\/100\n|-weather|RainDance|[from] ability: Drizzle|[of] p2a: Pelipper\n|turn|1\n|\n|t:|1700838560\n|move|p1a: Magmortar|Thunderbolt|p2a: Pelipper\n|-supereffective|p2a: Pelipper\n|-damage|p2a: Pelipper|0 fnt\n|faint|p2a: Pelipper\n|\n|-weather|RainDance|[upkeep]\n|upkeep\n|\n|t:|1700838570\n|switch|p2a: Barraskewda|Barraskewda, M|100\/100\n|turn|2\n|\n|t:|1700838575\n|switch|p1a: Politoed|Politoed, M|100\/100\n|-terastallize|p2a: Barraskewda|Water\n|move|p2a: Barraskewda|Liquidation|p1a: Politoed\n|-immune|p1a: Politoed|[from] ability: Water Absorb\n|\n|-weather|RainDance|[upkeep]\n|upkeep\n|turn|3\n|\n|t:|1700838582\n|switch|p2a: Magnezone|Magnezone|100\/100\n|move|p1a: Politoed|Earth Power|p2a: Magnezone\n|-supereffective|p2a: Magnezone\n|-damage|p2a: Magnezone|0 fnt\n|faint|p2a: Magnezone\n|\n|-weather|RainDance|[upkeep]\n|upkeep\n|\n|t:|1700838591\n|switch|p2a: Comfey|Comfey, F|100\/100\n|turn|4\n|\n|t:|1700838595\n|switch|p1a: Vileplume|Vileplume, M|100\/100\n|move|p2a: Comfey|Calm Mind|p2a: Comfey\n|-boost|p2a: Comfey|spa|1\n|-boost|p2a: Comfey|spd|1\n|\n|-weather|RainDance|[upkeep]\n|upkeep\n|turn|5\n|\n|t:|1700838604\n|move|p2a: Comfey|Draining Kiss|p1a: Vileplume\n|-resisted|p1a: Vileplume\n|-damage|p1a: Vileplume|79\/100\n|-damage|p2a: Comfey|91\/100|[from] item: Life Orb\n|move|p1a: Vileplume|Sludge Bomb|p2a: Comfey\n|-supereffective|p2a: Comfey\n|-damage|p2a: Comfey|36\/100\n|\n|-weather|RainDance|[upkeep]\n|-heal|p1a: Vileplume|85\/100|[from] item: Leftovers\n|upkeep\n|turn|6\n|\n|t:|1700838621\n|switch|p2a: Steelix|Steelix, F|100\/100\n|move|p1a: Vileplume|Giga Drain|p2a: Steelix\n|-damage|p2a: Steelix|80\/100\n|-heal|p1a: Vileplume|96\/100|[from] drain|[of] p2a: Steelix\n|\n|-weather|RainDance|[upkeep]\n|-heal|p1a: Vileplume|100\/100|[from] item: Leftovers\n|upkeep\n|turn|7\n|\n|t:|1700838632\n|switch|p1a: Politoed|Politoed, M|100\/100\n|move|p2a: Steelix|Heavy Slam|p1a: Politoed\n|-resisted|p1a: Politoed\n|-damage|p1a: Politoed|83\/100\n|\n|-weather|RainDance|[upkeep]\n|-heal|p1a: Politoed|89\/100|[from] item: Leftovers\n|upkeep\n|turn|8\n|\n|t:|1700838644\n|switch|p2a: Clefable|Clefable, F|100\/100\n|move|p1a: Politoed|Surf|p2a: Clefable\n|-damage|p2a: Clefable|59\/100\n|\n|-weather|none\n|-heal|p1a: Politoed|95\/100|[from] item: Leftovers\n|-heal|p2a: Clefable|65\/100|[from] item: Leftovers\n|upkeep\n|turn|9\n|\n|t:|1700838648\n|switch|p1a: Raichu|Raichu, F|100\/100\n|move|p2a: Clefable|Soft-Boiled|p2a: Clefable\n|-heal|p2a: Clefable|100\/100\n|\n|upkeep\n|turn|10\n|\n|t:|1700838652\n|move|p1a: Raichu|Nuzzle|p2a: Clefable\n|-damage|p2a: Clefable|91\/100\n|-status|p2a: Clefable|par\n|-damage|p1a: Raichu|91\/100|[from] item: Life Orb\n|move|p2a: Clefable|Cosmic Power|p2a: Clefable\n|-boost|p2a: Clefable|def|1\n|-boost|p2a: Clefable|spd|1\n|\n|-heal|p2a: Clefable|97\/100 par|[from] item: Leftovers\n|upkeep\n|turn|11\n|\n|t:|1700838658\n|-terastallize|p1a: Raichu|Electric\n|move|p1a: Raichu|Volt Tackle|p2a: Clefable\n|-damage|p2a: Clefable|48\/100 par\n|-damage|p1a: Raichu|66\/100|[from] Recoil\n|-damage|p1a: Raichu|56\/100|[from] item: Life Orb\n|cant|p2a: Clefable|par\n|\n|-heal|p2a: Clefable|54\/100 par|[from] item: Leftovers\n|upkeep\n|turn|12\n|\n|t:|1700838668\n|move|p1a: Raichu|Volt Tackle|p2a: Clefable\n|-damage|p2a: Clefable|7\/100 par\n|-damage|p1a: Raichu|33\/100|[from] Recoil\n|-damage|p1a: Raichu|23\/100|[from] item: Life Orb\n|move|p2a: Clefable|Soft-Boiled|p2a: Clefable\n|-heal|p2a: Clefable|57\/100 par\n|\n|-heal|p2a: Clefable|63\/100 par|[from] item: Leftovers\n|upkeep\n|turn|13\n|\n|t:|1700838683\n|switch|p1a: Vileplume|Vileplume, M|100\/100\n|move|p2a: Clefable|Soft-Boiled|p2a: Clefable\n|-heal|p2a: Clefable|100\/100 par\n|\n|upkeep\n|turn|14\n|\n|t:|1700838689\n|move|p1a: Vileplume|Sludge Bomb|p2a: Clefable\n|-supereffective|p2a: Clefable\n|-damage|p2a: Clefable|51\/100 par\n|cant|p2a: Clefable|par\n|\n|-heal|p2a: Clefable|57\/100 par|[from] item: Leftovers\n|upkeep\n|turn|15\n|\n|t:|1700838694\n|move|p1a: Vileplume|Sludge Bomb|p2a: Clefable\n|-supereffective|p2a: Clefable\n|-damage|p2a: Clefable|8\/100 par\n|cant|p2a: Clefable|par\n|\n|-heal|p2a: Clefable|14\/100 par|[from] item: Leftovers\n|upkeep\n|turn|16\n|\n|t:|1700838702\n|move|p1a: Vileplume|Giga Drain|p2a: Clefable\n|-damage|p2a: Clefable|0 fnt\n|faint|p2a: Clefable\n|\n|upkeep\n|\n|t:|1700838709\n|switch|p2a: Barraskewda|Barraskewda, M, tera:Water|100\/100\n|turn|17\n|\n|t:|1700838712\n|move|p2a: Barraskewda|Psychic Fangs|p1a: Vileplume\n|-supereffective|p1a: Vileplume\n|-damage|p1a: Vileplume|11\/100\n|-status|p2a: Barraskewda|slp|[from] ability: Effect Spore|[of] p1a: Vileplume\n|move|p1a: Vileplume|Giga Drain|p2a: Barraskewda\n|-supereffective|p2a: Barraskewda\n|-damage|p2a: Barraskewda|0 fnt\n|-heal|p1a: Vileplume|51\/100|[from] drain|[of] p2a: Barraskewda\n|faint|p2a: Barraskewda\n|\n|-heal|p1a: Vileplume|57\/100|[from] item: Leftovers\n|upkeep\n|\n|t:|1700838724\n|switch|p2a: Steelix|Steelix, F|80\/100\n|turn|18\n|\n|t:|1700838728\n|switch|p2a: Comfey|Comfey, F|36\/100\n|move|p1a: Vileplume|Strength Sap|p2a: Comfey\n|-unboost|p2a: Comfey|atk|1\n|-heal|p1a: Vileplume|87\/100\n|\n|-heal|p1a: Vileplume|93\/100|[from] item: Leftovers\n|upkeep\n|turn|19\n|\n|t:|1700838738\n|move|p2a: Comfey|Calm Mind|p2a: Comfey\n|-boost|p2a: Comfey|spa|1\n|-boost|p2a: Comfey|spd|1\n|move|p1a: Vileplume|Sludge Bomb|p2a: Comfey\n|-supereffective|p2a: Comfey\n|-damage|p2a: Comfey|0 fnt\n|faint|p2a: Comfey\n|\n|-heal|p1a: Vileplume|99\/100|[from] item: Leftovers\n|upkeep\n|\n|t:|1700838740\n|switch|p2a: Steelix|Steelix, F|80\/100\n|turn|20\n|\n|t:|1700838745\n|switch|p1a: Magmortar|Magmortar, M|100\/100\n|move|p2a: Steelix|Heavy Slam|p1a: Magmortar\n|-resisted|p1a: Magmortar\n|-damage|p1a: Magmortar|76\/100\n|\n|upkeep\n|turn|21\n|\n|t:|1700838749\n|move|p1a: Magmortar|Flamethrower|p2a: Steelix\n|-supereffective|p2a: Steelix\n|-damage|p2a: Steelix|31\/100\n|move|p2a: Steelix|Body Press|p1a: Magmortar\n|-damage|p1a: Magmortar|33\/100\n|\n|upkeep\n|turn|22\n|\n|t:|1700838755\n|move|p1a: Magmortar|Flamethrower|p2a: Steelix\n|-supereffective|p2a: Steelix\n|-damage|p2a: Steelix|0 fnt\n|faint|p2a: Steelix\n|\n|win|SrPorquet\n|raw|SrPorquet's rating: 1364 &rarr; <strong>1381<\/strong><br \/>(+17 for winning)\n|raw|GeorgeLAGs's rating: 1303 &rarr; <strong>1286<\/strong><br \/>(-17 for losing)\n","uploadtime":1700838757,"views":6,"p1id":"srporquet","p2id":"georgelags","formatid":"gen9nationaldex","rating":1286,"private":0,"password":""}