{"id":"gen9nationaldex-1998175471","p1":"LDP333","p2":"heimao1","format":"[Gen 9] National Dex","log":"|html|<div class=\"broadcast-blue\"><strong>[Gen 9] National Dex is currently suspecting Sneasler! For information on how to participate check out the <a href=\"https:\/\/www.smogon.com\/forums\/threads\/sv-national-dex-suspect-8-just-dance.3731534\/\">suspect thread<\/a>.<\/strong><\/div>\n|j|\u2606LDP333\n|j|\u2606heimao1\n|t:|1700906521\n|gametype|singles\n|player|p1|LDP333|riley|1611\n|player|p2|heimao1|170|1573\n|teamsize|p1|6\n|teamsize|p2|6\n|gen|9\n|tier|[Gen 9] National Dex\n|rated|\n|rule|HP Percentage Mod: HP is shown in percentages\n|rule|Endless Battle Clause: Forcing endless battles is banned\n|rule|OHKO Clause: OHKO moves are banned\n|rule|Evasion Clause: Evasion abilities, items, and moves are banned\n|rule|Evasion Abilities Clause: Evasion abilities are banned\n|rule|Evasion Items Clause: Evasion items are banned\n|rule|Evasion Moves Clause: Evasion moves are banned\n|rule|Species Clause: Limit one of each Pok\u00e9mon\n|rule|Sleep Clause Mod: Limit one foe put to sleep\n|clearpoke\n|poke|p1|Tyranitar, M|\n|poke|p1|Kommo-o, M|\n|poke|p1|Rillaboom, F|\n|poke|p1|Sneasler, M|\n|poke|p1|Ogerpon-Cornerstone, F|\n|poke|p1|Zapdos|\n|poke|p2|Aerodactyl, F|\n|poke|p2|Corviknight, F|\n|poke|p2|Dragonite, M|\n|poke|p2|Skeledirge, M|\n|poke|p2|Zapdos|\n|poke|p2|Chansey, F|\n|teampreview\n|\n|t:|1700906528\n|start\n|switch|p1a: Tyranitar|Tyranitar, M|100\/100\n|switch|p2a: Aerodactyl|Aerodactyl, F|100\/100\n|-ability|p2a: Aerodactyl|Pressure\n|-weather|Sandstorm|[from] ability: Sand Stream|[of] p1a: Tyranitar\n|turn|1\n|\n|t:|1700906540\n|switch|p2a: Corviknight|Corviknight, F|100\/100\n|-ability|p2a: Corviknight|Pressure\n|detailschange|p1a: Tyranitar|Tyranitar-Mega, M\n|-mega|p1a: Tyranitar|Tyranitar|Tyranitarite\n|move|p1a: Tyranitar|Stealth Rock|p2a: Corviknight\n|-sidestart|p2: heimao1|move: Stealth Rock\n|\n|-weather|Sandstorm|[upkeep]\n|upkeep\n|turn|2\n|\n|t:|1700906552\n|move|p1a: Tyranitar|Knock Off|p2a: Corviknight\n|-damage|p2a: Corviknight|60\/100\n|-enditem|p2a: Corviknight|Covert Cloak|[from] move: Knock Off|[of] p1a: Tyranitar\n|move|p2a: Corviknight|Body Press|p1a: Tyranitar\n|-supereffective|p1a: Tyranitar\n|-damage|p1a: Tyranitar|41\/100\n|\n|-weather|Sandstorm|[upkeep]\n|upkeep\n|turn|3\n|\n|t:|1700906563\n|move|p1a: Tyranitar|Fire Punch|p2a: Corviknight\n|-supereffective|p2a: Corviknight\n|-damage|p2a: Corviknight|23\/100\n|move|p2a: Corviknight|Defog|p1a: Tyranitar\n|-unboost|p1a: Tyranitar|evasion|1\n|-sideend|p2: heimao1|Stealth Rock|[from] move: Defog|[of] p2a: Corviknight\n|\n|-weather|Sandstorm|[upkeep]\n|upkeep\n|turn|4\n|\n|t:|1700906577\n|switch|p2a: Aerodactyl|Aerodactyl, F|100\/100\n|-ability|p2a: Aerodactyl|Pressure\n|move|p1a: Tyranitar|Stealth Rock|p2a: Aerodactyl\n|-sidestart|p2: heimao1|move: Stealth Rock\n|\n|-weather|Sandstorm|[upkeep]\n|upkeep\n|turn|5\n|\n|t:|1700906586\n|detailschange|p2a: Aerodactyl|Aerodactyl-Mega, F\n|-mega|p2a: Aerodactyl|Aerodactyl|Aerodactylite\n|move|p2a: Aerodactyl|Earthquake|p1a: Tyranitar\n|-supereffective|p1a: Tyranitar\n|-damage|p1a: Tyranitar|0 fnt\n|faint|p1a: Tyranitar\n|\n|-weather|none\n|upkeep\n|\n|t:|1700906592\n|switch|p1a: Ogerpon|Ogerpon-Cornerstone, F|100\/100\n|turn|6\n|\n|t:|1700906608\n|move|p2a: Aerodactyl|Dual Wingbeat|p1a: Ogerpon\n|-damage|p1a: Ogerpon|61\/100\n|-damage|p1a: Ogerpon|19\/100\n|-hitcount|p1a: Ogerpon|2\n|move|p1a: Ogerpon|Trailblaze|p2a: Aerodactyl\n|-damage|p2a: Aerodactyl|61\/100\n|-boost|p1a: Ogerpon|spe|1\n|\n|upkeep\n|turn|7\n|\n|t:|1700906621\n|switch|p2a: Corviknight|Corviknight, F|23\/100\n|-damage|p2a: Corviknight|11\/100|[from] Stealth Rock\n|-ability|p2a: Corviknight|Pressure\n|move|p1a: Ogerpon|Horn Leech|p2a: Corviknight\n|-resisted|p2a: Corviknight\n|-damage|p2a: Corviknight|5\/100\n|-heal|p1a: Ogerpon|23\/100|[from] drain|[of] p2a: Corviknight\n|\n|upkeep\n|turn|8\n|\n|t:|1700906633\n|move|p1a: Ogerpon|Horn Leech|p2a: Corviknight\n|-resisted|p2a: Corviknight\n|-damage|p2a: Corviknight|0 fnt\n|-heal|p1a: Ogerpon|26\/100|[from] drain|[of] p2a: Corviknight\n|faint|p2a: Corviknight\n|\n|upkeep\n|\n|t:|1700906661\n|switch|p2a: Zapdos|Zapdos|100\/100\n|-damage|p2a: Zapdos|76\/100|[from] Stealth Rock\n|turn|9\n|\n|t:|1700906666\n|-terastallize|p2a: Zapdos|Electric\n|move|p1a: Ogerpon|Ivy Cudgel|p2a: Zapdos|[anim] Ivy Cudgel Rock\n|-damage|p2a: Zapdos|8\/100\n|move|p2a: Zapdos|Volt Switch|p1a: Ogerpon\n|-resisted|p1a: Ogerpon\n|-damage|p1a: Ogerpon|0 fnt\n|faint|p1a: Ogerpon\n|\n|t:|1700906676\n|switch|p2a: Aerodactyl|Aerodactyl-Mega, F|61\/100|[from] Volt Switch\n|-damage|p2a: Aerodactyl|36\/100|[from] Stealth Rock\n|\n|upkeep\n|\n|t:|1700906683\n|switch|p1a: Rillaboom|Rillaboom, F|100\/100\n|-fieldstart|move: Grassy Terrain|[from] ability: Grassy Surge|[of] p1a: Rillaboom\n|turn|10\n|\n|t:|1700906688\n|move|p2a: Aerodactyl|Dual Wingbeat|p1a: Rillaboom\n|-supereffective|p1a: Rillaboom\n|-damage|p1a: Rillaboom|44\/100\n|-supereffective|p1a: Rillaboom\n|-damage|p1a: Rillaboom|0 fnt\n|faint|p1a: Rillaboom\n|-hitcount|p1: Rillaboom|2\n|\n|upkeep\n|\n|t:|1700906691\n|switch|p1a: Sneasler|Sneasler, M|100\/100\n|-enditem|p1a: Sneasler|Grassy Seed\n|-boost|p1a: Sneasler|def|1|[from] item: Grassy Seed\n|turn|11\n|\n|t:|1700906703\n|-terastallize|p1a: Sneasler|Flying\n|move|p1a: Sneasler|Swords Dance|p1a: Sneasler\n|-boost|p1a: Sneasler|atk|2\n|move|p2a: Aerodactyl|Stone Edge|p1a: Sneasler\n|-supereffective|p1a: Sneasler\n|-crit|p1a: Sneasler\n|-damage|p1a: Sneasler|0 fnt\n|faint|p1a: Sneasler\n|\n|upkeep\n|-message|LDP333 forfeited.\n|\n|win|heimao1\n|raw|LDP333's rating: 1611 &rarr; <strong>1589<\/strong><br \/>(-22 for losing)\n|raw|heimao1's rating: 1573 &rarr; <strong>1595<\/strong><br \/>(+22 for winning)\n|l|\u2606LDP333\n","uploadtime":1700906741,"views":23,"p1id":"ldp333","p2id":"heimao1","formatid":"gen9nationaldex","rating":1589,"private":0,"password":""}