{"id":"gen9nationaldex-1988973426","p1":"Manisj","p2":"kazamishinya","format":"[Gen 9] National Dex","log":"|j|\u203dManisj\n|j|\u2606kazamishinya\n|t:|1699796820\n|gametype|singles\n|player|p1|Manisj|lance|1409\n|player|p2|kazamishinya|clerkf|1322\n|teamsize|p1|6\n|teamsize|p2|6\n|gen|9\n|tier|[Gen 9] National Dex\n|rated|\n|rule|HP Percentage Mod: HP is shown in percentages\n|rule|Endless Battle Clause: Forcing endless battles is banned\n|rule|OHKO Clause: OHKO moves are banned\n|rule|Evasion Clause: Evasion abilities, items, and moves are banned\n|rule|Evasion Abilities Clause: Evasion abilities are banned\n|rule|Evasion Items Clause: Evasion items are banned\n|rule|Evasion Moves Clause: Evasion moves are banned\n|rule|Species Clause: Limit one of each Pok\u00e9mon\n|rule|Sleep Clause Mod: Limit one foe put to sleep\n|clearpoke\n|poke|p1|Scizor, M|\n|poke|p1|Landorus-Therian, M|\n|poke|p1|Toxapex, F|\n|poke|p1|Iron Valiant|\n|poke|p1|Tornadus-Therian, M|\n|poke|p1|Kommo-o, M|\n|poke|p2|Pelipper, M|\n|poke|p2|Swampert, F|\n|poke|p2|Barraskewda, F|\n|poke|p2|Politoed, F|\n|poke|p2|Ferrothorn, F|\n|poke|p2|Kingdra, M|\n|teampreview\n|inactive|Battle timer is ON: inactive players will automatically lose when time's up. (requested by kazamishinya)\n|\n|t:|1699796861\n|start\n|switch|p1a: Scizor|Scizor, M|100\/100\n|switch|p2a: Pelipper|Pelipper, M|100\/100\n|-weather|RainDance|[from] ability: Drizzle|[of] p2a: Pelipper\n|turn|1\n|\n|t:|1699796868\n|detailschange|p1a: Scizor|Scizor-Mega, M\n|-mega|p1a: Scizor|Scizor|Scizorite\n|move|p1a: Scizor|U-turn|p2a: Pelipper\n|-resisted|p2a: Pelipper\n|-crit|p2a: Pelipper\n|-damage|p2a: Pelipper|77\/100\n|\n|t:|1699796879\n|switch|p1a: Toxapex|Toxapex, F|100\/100|[from] U-turn\n|move|p2a: Pelipper|Hurricane|p1a: Toxapex\n|-damage|p1a: Toxapex|69\/100\n|\n|-weather|RainDance|[upkeep]\n|upkeep\n|turn|2\n|\n|t:|1699796890\n|move|p2a: Pelipper|Hurricane|p1a: Toxapex\n|-damage|p1a: Toxapex|35\/100\n|move|p1a: Toxapex|Toxic|p2a: Pelipper\n|-status|p2a: Pelipper|tox\n|\n|-weather|RainDance|[upkeep]\n|-damage|p2a: Pelipper|71\/100 tox|[from] psn\n|upkeep\n|turn|3\n|\n|t:|1699796897\n|move|p2a: Pelipper|Hurricane|p1a: Toxapex\n|-damage|p1a: Toxapex|5\/100\n|move|p1a: Toxapex|Recover|p1a: Toxapex\n|-heal|p1a: Toxapex|55\/100\n|\n|-weather|RainDance|[upkeep]\n|-damage|p2a: Pelipper|59\/100 tox|[from] psn\n|upkeep\n|turn|4\n|\n|t:|1699796905\n|switch|p2a: Swampert|Swampert, F|100\/100\n|move|p1a: Toxapex|Recover|p1a: Toxapex\n|-heal|p1a: Toxapex|100\/100\n|\n|-weather|RainDance|[upkeep]\n|upkeep\n|turn|5\n|\n|t:|1699796917\n|detailschange|p2a: Swampert|Swampert-Mega, F\n|-mega|p2a: Swampert|Swampert|Swampertite\n|move|p2a: Swampert|Ice Punch|p1a: Toxapex\n|-resisted|p1a: Toxapex\n|-crit|p1a: Toxapex\n|-damage|p1a: Toxapex|86\/100\n|move|p1a: Toxapex|Scald|p2a: Swampert\n|-damage|p2a: Swampert|77\/100\n|\n|-weather|RainDance|[upkeep]\n|upkeep\n|turn|6\n|\n|t:|1699796927\n|move|p2a: Swampert|Earthquake|p1a: Toxapex\n|-supereffective|p1a: Toxapex\n|-damage|p1a: Toxapex|0 fnt\n|faint|p1a: Toxapex\n|\n|-weather|RainDance|[upkeep]\n|upkeep\n|\n|t:|1699796939\n|switch|p1a: Kommo-o|Kommo-o, M|100\/100\n|turn|7\n|\n|t:|1699796949\n|move|p2a: Swampert|Earthquake|p1a: Kommo-o\n|-damage|p1a: Kommo-o|38\/100\n|-zpower|p1a: Kommo-o\n|move|p1a: Kommo-o|Clangorous Soulblaze|p2a: Swampert|[zeffect]\n|-damage|p2a: Swampert|0 fnt\n|faint|p2a: Swampert\n|-boost|p1a: Kommo-o|atk|1\n|-boost|p1a: Kommo-o|def|1\n|-boost|p1a: Kommo-o|spa|1\n|-boost|p1a: Kommo-o|spd|1\n|-boost|p1a: Kommo-o|spe|1\n|\n|-weather|RainDance|[upkeep]\n|upkeep\n|\n|t:|1699796964\n|switch|p2a: Barraskewda|Barraskewda, F|100\/100\n|turn|8\n|\n|t:|1699796969\n|move|p1a: Kommo-o|Vacuum Wave|p2a: Barraskewda\n|-crit|p2a: Barraskewda\n|-damage|p2a: Barraskewda|14\/100\n|move|p2a: Barraskewda|Psychic Fangs|p1a: Kommo-o\n|-supereffective|p1a: Kommo-o\n|-damage|p1a: Kommo-o|0 fnt\n|faint|p1a: Kommo-o\n|\n|-weather|none\n|upkeep\n|\n|t:|1699796984\n|switch|p1a: Iron Valiant|Iron Valiant|100\/100\n|turn|9\n|\n|t:|1699796993\n|switch|p2a: Pelipper|Pelipper, M|59\/100 tox\n|-weather|RainDance|[from] ability: Drizzle|[of] p2a: Pelipper\n|move|p1a: Iron Valiant|Moonblast|p2a: Pelipper\n|-damage|p2a: Pelipper|0 fnt\n|faint|p2a: Pelipper\n|\n|-weather|RainDance|[upkeep]\n|upkeep\n|\n|t:|1699797002\n|switch|p2a: Barraskewda|Barraskewda, F|14\/100\n|turn|10\n|\n|t:|1699797031\n|-end|p1a: Iron Valiant|Quark Drive|[silent]\n|switch|p1a: Scizor|Scizor-Mega, M|100\/100\n|move|p2a: Barraskewda|Psychic Fangs|p1a: Scizor\n|-resisted|p1a: Scizor\n|-damage|p1a: Scizor|85\/100\n|\n|-weather|RainDance|[upkeep]\n|upkeep\n|turn|11\n|\n|t:|1699797041\n|switch|p2a: Ferrothorn|Ferrothorn, F|100\/100\n|move|p1a: Scizor|Bullet Punch|p2a: Ferrothorn\n|-resisted|p2a: Ferrothorn\n|-damage|p2a: Ferrothorn|93\/100\n|-damage|p1a: Scizor|73\/100|[from] ability: Iron Barbs|[of] p2a: Ferrothorn\n|-damage|p1a: Scizor|56\/100|[from] item: Rocky Helmet|[of] p2a: Ferrothorn\n|\n|-weather|RainDance|[upkeep]\n|upkeep\n|turn|12\n|\n|t:|1699797050\n|move|p1a: Scizor|Roost|p1a: Scizor\n|-heal|p1a: Scizor|100\/100\n|-singleturn|p1a: Scizor|move: Roost\n|move|p2a: Ferrothorn|Leech Seed|p1a: Scizor\n|-start|p1a: Scizor|move: Leech Seed\n|\n|-weather|RainDance|[upkeep]\n|-damage|p1a: Scizor|88\/100|[from] Leech Seed|[of] p2a: Ferrothorn\n|-heal|p2a: Ferrothorn|100\/100|[silent]\n|upkeep\n|turn|13\n|\n|t:|1699797062\n|switch|p1a: Iron Valiant|Iron Valiant|100\/100\n|move|p2a: Ferrothorn|Knock Off|p1a: Iron Valiant\n|-resisted|p1a: Iron Valiant\n|-damage|p1a: Iron Valiant|94\/100\n|-enditem|p1a: Iron Valiant|Eject Pack|[from] move: Knock Off|[of] p2a: Ferrothorn\n|\n|-weather|RainDance|[upkeep]\n|upkeep\n|turn|14\n|\n|t:|1699797075\n|move|p1a: Iron Valiant|Close Combat|p2a: Ferrothorn\n|-supereffective|p2a: Ferrothorn\n|-damage|p2a: Ferrothorn|44\/100\n|-unboost|p1a: Iron Valiant|def|1\n|-unboost|p1a: Iron Valiant|spd|1\n|-damage|p1a: Iron Valiant|81\/100|[from] ability: Iron Barbs|[of] p2a: Ferrothorn\n|-damage|p1a: Iron Valiant|65\/100|[from] item: Rocky Helmet|[of] p2a: Ferrothorn\n|move|p2a: Ferrothorn|Leech Seed|p1a: Iron Valiant\n|-start|p1a: Iron Valiant|move: Leech Seed\n|\n|-weather|RainDance|[upkeep]\n|-damage|p1a: Iron Valiant|52\/100|[from] Leech Seed|[of] p2a: Ferrothorn\n|-heal|p2a: Ferrothorn|54\/100|[silent]\n|upkeep\n|turn|15\n|\n|t:|1699797086\n|move|p2a: Ferrothorn|Protect|p2a: Ferrothorn\n|-singleturn|p2a: Ferrothorn|Protect\n|move|p1a: Iron Valiant|Close Combat|p2a: Ferrothorn\n|-activate|p2a: Ferrothorn|move: Protect\n|\n|-weather|RainDance|[upkeep]\n|-damage|p1a: Iron Valiant|40\/100|[from] Leech Seed|[of] p2a: Ferrothorn\n|-heal|p2a: Ferrothorn|65\/100|[silent]\n|upkeep\n|turn|16\n|\n|t:|1699797095\n|move|p1a: Iron Valiant|Thunderbolt|p2a: Ferrothorn\n|-resisted|p2a: Ferrothorn\n|-damage|p2a: Ferrothorn|52\/100\n|move|p2a: Ferrothorn|Gyro Ball|p1a: Iron Valiant\n|-supereffective|p1a: Iron Valiant\n|-damage|p1a: Iron Valiant|0 fnt\n|faint|p1a: Iron Valiant\n|-end|p1a: Iron Valiant|Quark Drive|[silent]\n|\n|-weather|none\n|upkeep\n|\n|t:|1699797110\n|switch|p1a: Tornadus|Tornadus-Therian, M|100\/100\n|turn|17\n|\n|t:|1699797118\n|move|p1a: Tornadus|Knock Off|p2a: Ferrothorn\n|-damage|p2a: Ferrothorn|39\/100\n|-damage|p1a: Tornadus|88\/100|[from] ability: Iron Barbs|[of] p2a: Ferrothorn\n|-damage|p1a: Tornadus|71\/100|[from] item: Rocky Helmet|[of] p2a: Ferrothorn\n|-enditem|p2a: Ferrothorn|Rocky Helmet|[from] move: Knock Off|[of] p1a: Tornadus\n|move|p2a: Ferrothorn|Leech Seed|p1a: Tornadus\n|-start|p1a: Tornadus|move: Leech Seed\n|\n|-damage|p1a: Tornadus|59\/100|[from] Leech Seed|[of] p2a: Ferrothorn\n|-heal|p2a: Ferrothorn|52\/100|[silent]\n|upkeep\n|turn|18\n|l|\u2606kazamishinya\n|inactive|kazamishinya disconnected and has a minute to reconnect!\n|player|p2|\n|inactive|kazamishinya has 30 seconds to reconnect!\n|j|\u2606kazamishinya\n|inactive|kazamishinya reconnected and has 105 seconds left.\n|player|p2|kazamishinya|clerkf\n|inactive|kazamishinya has 90 seconds left.\n|\n|t:|1699797187\n|switch|p1a: Scizor|Scizor-Mega, M|88\/100\n|switch|p2a: Politoed|Politoed, F|100\/100\n|-weather|RainDance|[from] ability: Drizzle|[of] p2a: Politoed\n|\n|-weather|RainDance|[upkeep]\n|upkeep\n|turn|19\n|inactive|kazamishinya has 90 seconds left.\n|\n|t:|1699797196\n|move|p1a: Scizor|Swords Dance|p1a: Scizor\n|-boost|p1a: Scizor|atk|2\n|move|p2a: Politoed|Scald|p1a: Scizor\n|-damage|p1a: Scizor|41\/100\n|-status|p1a: Scizor|brn\n|\n|-weather|RainDance|[upkeep]\n|-damage|p1a: Scizor|35\/100 brn|[from] brn\n|upkeep\n|turn|20\n|\n|t:|1699797206\n|move|p1a: Scizor|Roost|p1a: Scizor\n|-heal|p1a: Scizor|85\/100 brn\n|-singleturn|p1a: Scizor|move: Roost\n|move|p2a: Politoed|Scald|p1a: Scizor\n|-damage|p1a: Scizor|41\/100 brn\n|\n|-weather|RainDance|[upkeep]\n|-damage|p1a: Scizor|35\/100 brn|[from] brn\n|upkeep\n|turn|21\n|\n|t:|1699797218\n|switch|p2a: Kingdra|Kingdra, M|100\/100\n|move|p1a: Scizor|Roost|p1a: Scizor\n|-heal|p1a: Scizor|85\/100 brn\n|-singleturn|p1a: Scizor|move: Roost\n|\n|-weather|RainDance|[upkeep]\n|-damage|p1a: Scizor|79\/100 brn|[from] brn\n|upkeep\n|turn|22\n|\n|t:|1699797226\n|-terastallize|p2a: Kingdra|Water\n|move|p2a: Kingdra|Surf|p1a: Scizor\n|-damage|p1a: Scizor|0 fnt\n|faint|p1a: Scizor\n|\n|-weather|RainDance|[upkeep]\n|upkeep\n|\n|t:|1699797234\n|switch|p1a: Tornadus|Tornadus-Therian, M|92\/100\n|turn|23\n|\n|t:|1699797241\n|move|p2a: Kingdra|Surf|p1a: Tornadus\n|-crit|p1a: Tornadus\n|-damage|p1a: Tornadus|0 fnt\n|faint|p1a: Tornadus\n|\n|-weather|RainDance|[upkeep]\n|upkeep\n|-message|Manisj forfeited.\n|\n|win|kazamishinya\n|raw|Manisj's rating: 1409 &rarr; <strong>1384<\/strong><br \/>(-25 for losing)\n|raw|kazamishinya's rating: 1322 &rarr; <strong>1347<\/strong><br \/>(+25 for winning)\n|l|\u203dManisj\n","uploadtime":1699797250,"views":5,"p1id":"manisj","p2id":"kazamishinya","formatid":"gen9nationaldex","rating":1347,"private":0,"password":""}