{"id":"gen9nationaldex-1987451755","p1":"lchx","p2":"baigu","format":"[Gen 9] National Dex","log":"|j|\u2606lchx\n|j|\u2606baigu\n|t:|1699593645\n|gametype|singles\n|player|p1|lchx|ghetsis|1802\n|player|p2|baigu|dawn|1624\n|teamsize|p1|6\n|teamsize|p2|6\n|gen|9\n|tier|[Gen 9] National Dex\n|rated|\n|rule|HP Percentage Mod: HP is shown in percentages\n|rule|Endless Battle Clause: Forcing endless battles is banned\n|rule|OHKO Clause: OHKO moves are banned\n|rule|Evasion Clause: Evasion abilities, items, and moves are banned\n|rule|Evasion Abilities Clause: Evasion abilities are banned\n|rule|Evasion Items Clause: Evasion items are banned\n|rule|Evasion Moves Clause: Evasion moves are banned\n|rule|Species Clause: Limit one of each Pok\u00e9mon\n|rule|Sleep Clause Mod: Limit one foe put to sleep\n|clearpoke\n|poke|p1|Iron Treads|\n|poke|p1|Ceruledge, F|\n|poke|p1|Iron Valiant|\n|poke|p1|Rillaboom, F|\n|poke|p1|Torterra, F|\n|poke|p1|Azumarill, F|\n|poke|p2|Ursaluna, M|\n|poke|p2|Dragonite, M|\n|poke|p2|Slowking, F|\n|poke|p2|Tapu Koko|\n|poke|p2|Banette, F|\n|poke|p2|Moltres|\n|teampreview\n|\n|t:|1699593661\n|start\n|switch|p1a: \u6211\u81ea\u6740\u7ed9\u4f60\u770b|Iron Treads|100\/100\n|switch|p2a: Dragonite|Dragonite, M|100\/100\n|-enditem|p1a: \u6211\u81ea\u6740\u7ed9\u4f60\u770b|Booster Energy\n|-activate|p1a: \u6211\u81ea\u6740\u7ed9\u4f60\u770b|ability: Quark Drive|[fromitem]\n|-start|p1a: \u6211\u81ea\u6740\u7ed9\u4f60\u770b|quarkdrivespe\n|turn|1\n|\n|t:|1699593671\n|move|p1a: \u6211\u81ea\u6740\u7ed9\u4f60\u770b|Stealth Rock|p2a: Dragonite\n|-sidestart|p2: baigu|move: Stealth Rock\n|move|p2a: Dragonite|Fire Punch|p1a: \u6211\u81ea\u6740\u7ed9\u4f60\u770b\n|-supereffective|p1a: \u6211\u81ea\u6740\u7ed9\u4f60\u770b\n|-damage|p1a: \u6211\u81ea\u6740\u7ed9\u4f60\u770b|14\/100\n|\n|upkeep\n|turn|2\n|\n|t:|1699593682\n|-end|p1a: \u6211\u81ea\u6740\u7ed9\u4f60\u770b|Quark Drive|[silent]\n|switch|p1a: \u5251\u821e\u4e00\u4e0b\u5148|Ceruledge, F|100\/100\n|switch|p2a: Moltres|Moltres|100\/100\n|\n|upkeep\n|turn|3\n|\n|t:|1699593690\n|move|p1a: \u5251\u821e\u4e00\u4e0b\u5148|Swords Dance|p1a: \u5251\u821e\u4e00\u4e0b\u5148\n|-boost|p1a: \u5251\u821e\u4e00\u4e0b\u5148|atk|2\n|move|p2a: Moltres|Defog|p1a: \u5251\u821e\u4e00\u4e0b\u5148\n|-unboost|p1a: \u5251\u821e\u4e00\u4e0b\u5148|evasion|1\n|-sideend|p2: baigu|Stealth Rock|[from] move: Defog|[of] p2a: Moltres\n|\n|upkeep\n|turn|4\n|\n|t:|1699593698\n|move|p1a: \u5251\u821e\u4e00\u4e0b\u5148|Swords Dance|p1a: \u5251\u821e\u4e00\u4e0b\u5148\n|-boost|p1a: \u5251\u821e\u4e00\u4e0b\u5148|atk|2\n|move|p2a: Moltres|U-turn|p1a: \u5251\u821e\u4e00\u4e0b\u5148\n|-resisted|p1a: \u5251\u821e\u4e00\u4e0b\u5148\n|-damage|p1a: \u5251\u821e\u4e00\u4e0b\u5148|95\/100\n|-ability|p1a: \u5251\u821e\u4e00\u4e0b\u5148|Weak Armor|boost\n|-unboost|p1a: \u5251\u821e\u4e00\u4e0b\u5148|def|1\n|-boost|p1a: \u5251\u821e\u4e00\u4e0b\u5148|spe|2\n|\n|t:|1699593713\n|switch|p2a: Banette|Banette, F|100\/100|[from] U-turn\n|\n|upkeep\n|turn|5\n|\n|t:|1699593737\n|detailschange|p2a: Banette|Banette-Mega, F\n|-mega|p2a: Banette|Banette|Banettite\n|-terastallize|p1a: \u5251\u821e\u4e00\u4e0b\u5148|Fairy\n|move|p2a: Banette|Encore|p1a: \u5251\u821e\u4e00\u4e0b\u5148\n|-start|p1a: \u5251\u821e\u4e00\u4e0b\u5148|Encore\n|move|p1a: \u5251\u821e\u4e00\u4e0b\u5148|Swords Dance|p1a: \u5251\u821e\u4e00\u4e0b\u5148\n|-boost|p1a: \u5251\u821e\u4e00\u4e0b\u5148|atk|2\n|\n|upkeep\n|turn|6\n|inactive|Battle timer is ON: inactive players will automatically lose when time's up. (requested by baigu)\n|\n|t:|1699593758\n|switch|p1a: \u770b\u6211\u4e00\u4e2a\u5ca9z|Rillaboom, F, shiny|100\/100\n|-fieldstart|move: Grassy Terrain|[from] ability: Grassy Surge|[of] p1a: \u770b\u6211\u4e00\u4e2a\u5ca9z\n|move|p2a: Banette|Poltergeist|p1a: \u770b\u6211\u4e00\u4e2a\u5ca9z\n|-activate|p1a: \u770b\u6211\u4e00\u4e2a\u5ca9z|move: Poltergeist|Terrain Extender\n|-damage|p1a: \u770b\u6211\u4e00\u4e2a\u5ca9z|43\/100\n|\n|-heal|p1a: \u770b\u6211\u4e00\u4e2a\u5ca9z|49\/100|[from] Grassy Terrain\n|upkeep\n|turn|7\n|\n|t:|1699593772\n|move|p1a: \u770b\u6211\u4e00\u4e2a\u5ca9z|Knock Off|p2a: Banette\n|-supereffective|p2a: Banette\n|-damage|p2a: Banette|40\/100\n|move|p2a: Banette|Poltergeist|p1a: \u770b\u6211\u4e00\u4e2a\u5ca9z\n|-activate|p1a: \u770b\u6211\u4e00\u4e2a\u5ca9z|move: Poltergeist|Terrain Extender\n|-damage|p1a: \u770b\u6211\u4e00\u4e2a\u5ca9z|0 fnt\n|faint|p1a: \u770b\u6211\u4e00\u4e2a\u5ca9z\n|\n|-heal|p2a: Banette|46\/100|[from] Grassy Terrain\n|upkeep\n|inactive|lchx has 120 seconds left.\n|\n|t:|1699593805\n|switch|p1a: \u571f\u53f0\u9f9f\u961f\u4e0d\u80fd\u6ca1\u571f\u53f0\u9f9f|Torterra, F, shiny|100\/100\n|turn|8\n|inactive|lchx has 120 seconds left.\n|\n|t:|1699593823\n|move|p1a: \u571f\u53f0\u9f9f\u961f\u4e0d\u80fd\u6ca1\u571f\u53f0\u9f9f|Grassy Glide|p2a: Banette\n|-damage|p2a: Banette|0 fnt\n|faint|p2a: Banette\n|\n|upkeep\n|\n|t:|1699593829\n|switch|p2a: Dragonite|Dragonite, M|100\/100\n|turn|9\n|inactive|lchx has 120 seconds left.\n|\n|t:|1699593871\n|move|p1a: \u571f\u53f0\u9f9f\u961f\u4e0d\u80fd\u6ca1\u571f\u53f0\u9f9f|Grassy Glide|p2a: Dragonite\n|-resisted|p2a: Dragonite\n|-damage|p2a: Dragonite|96\/100\n|move|p2a: Dragonite|Dual Wingbeat|p1a: \u571f\u53f0\u9f9f\u961f\u4e0d\u80fd\u6ca1\u571f\u53f0\u9f9f\n|-supereffective|p1a: \u571f\u53f0\u9f9f\u961f\u4e0d\u80fd\u6ca1\u571f\u53f0\u9f9f\n|-damage|p1a: \u571f\u53f0\u9f9f\u961f\u4e0d\u80fd\u6ca1\u571f\u53f0\u9f9f|34\/100\n|-supereffective|p1a: \u571f\u53f0\u9f9f\u961f\u4e0d\u80fd\u6ca1\u571f\u53f0\u9f9f\n|-damage|p1a: \u571f\u53f0\u9f9f\u961f\u4e0d\u80fd\u6ca1\u571f\u53f0\u9f9f|0 fnt\n|faint|p1a: \u571f\u53f0\u9f9f\u961f\u4e0d\u80fd\u6ca1\u571f\u53f0\u9f9f\n|-hitcount|p1: \u571f\u53f0\u9f9f\u961f\u4e0d\u80fd\u6ca1\u571f\u53f0\u9f9f|2\n|\n|upkeep\n|\n|t:|1699593877\n|switch|p1a: \u6211\u81ea\u6740\u7ed9\u4f60\u770b|Iron Treads|14\/100\n|turn|10\n|\n|t:|1699593888\n|move|p1a: \u6211\u81ea\u6740\u7ed9\u4f60\u770b|Stealth Rock|p2a: Dragonite\n|-sidestart|p2: baigu|move: Stealth Rock\n|move|p2a: Dragonite|Dual Wingbeat|p1a: \u6211\u81ea\u6740\u7ed9\u4f60\u770b\n|-resisted|p1a: \u6211\u81ea\u6740\u7ed9\u4f60\u770b\n|-damage|p1a: \u6211\u81ea\u6740\u7ed9\u4f60\u770b|0 fnt\n|faint|p1a: \u6211\u81ea\u6740\u7ed9\u4f60\u770b\n|-end|p1a: \u6211\u81ea\u6740\u7ed9\u4f60\u770b|Quark Drive|[silent]\n|-hitcount|p1: \u6211\u81ea\u6740\u7ed9\u4f60\u770b|1\n|\n|upkeep\n|\n|t:|1699593905\n|switch|p1a: \u522b\u6740\u6211|Iron Valiant|100\/100\n|-enditem|p1a: \u522b\u6740\u6211|Booster Energy\n|-activate|p1a: \u522b\u6740\u6211|ability: Quark Drive|[fromitem]\n|-start|p1a: \u522b\u6740\u6211|quarkdrivespe\n|turn|11\n|inactive|lchx has 90 seconds left.\n|\n|t:|1699593924\n|switch|p2a: Slowking|Slowking, F|100\/100\n|move|p1a: \u522b\u6740\u6211|Moonblast|p2a: Slowking\n|-damage|p2a: Slowking|77\/100\n|\n|-heal|p2a: Slowking|83\/100|[from] Grassy Terrain\n|upkeep\n|turn|12\n|\n|t:|1699593930\n|move|p1a: \u522b\u6740\u6211|Taunt|p2a: Slowking\n|-start|p2a: Slowking|move: Taunt\n|cant|p2a: Slowking|move: Taunt|Trick Room\n|\n|-heal|p2a: Slowking|90\/100|[from] Grassy Terrain\n|upkeep\n|turn|13\n|\n|t:|1699593943\n|-end|p1a: \u522b\u6740\u6211|Quark Drive|[silent]\n|switch|p1a: \u5251\u821e\u4e00\u4e0b\u5148|Ceruledge, F, tera:Fairy|95\/100\n|move|p2a: Slowking|Scald|p1a: \u5251\u821e\u4e00\u4e0b\u5148\n|-damage|p1a: \u5251\u821e\u4e00\u4e0b\u5148|65\/100\n|\n|-heal|p1a: \u5251\u821e\u4e00\u4e0b\u5148|71\/100|[from] Grassy Terrain\n|-heal|p2a: Slowking|96\/100|[from] Grassy Terrain\n|-fieldend|move: Grassy Terrain\n|upkeep\n|turn|14\n|j| lisach\n|inactive|lchx has 90 seconds left.\n|\n|t:|1699593962\n|switch|p2a: Tapu Koko|Tapu Koko|100\/100\n|-damage|p2a: Tapu Koko|88\/100|[from] Stealth Rock\n|-fieldstart|move: Electric Terrain|[from] ability: Electric Surge|[of] p2a: Tapu Koko\n|move|p1a: \u5251\u821e\u4e00\u4e0b\u5148|Bitter Blade|p2a: Tapu Koko\n|-damage|p2a: Tapu Koko|25\/100\n|-heal|p1a: \u5251\u821e\u4e00\u4e0b\u5148|100\/100|[from] drain|[of] p2a: Tapu Koko\n|\n|upkeep\n|turn|15\n|inactive|lchx has 90 seconds left.\n|\n|t:|1699593974\n|move|p2a: Tapu Koko|Thunderbolt|p1a: \u5251\u821e\u4e00\u4e0b\u5148\n|-damage|p1a: \u5251\u821e\u4e00\u4e0b\u5148|19\/100\n|move|p1a: \u5251\u821e\u4e00\u4e0b\u5148|Bitter Blade|p2a: Tapu Koko\n|-damage|p2a: Tapu Koko|0 fnt\n|-heal|p1a: \u5251\u821e\u4e00\u4e0b\u5148|31\/100|[from] drain|[of] p2a: Tapu Koko\n|faint|p2a: Tapu Koko\n|\n|upkeep\n|\n|t:|1699593978\n|switch|p2a: Dragonite|Dragonite, M|96\/100\n|-damage|p2a: Dragonite|71\/100|[from] Stealth Rock\n|turn|16\n|\n|t:|1699593990\n|-terastallize|p2a: Dragonite|Normal\n|move|p2a: Dragonite|Extreme Speed|p1a: \u5251\u821e\u4e00\u4e0b\u5148\n|-damage|p1a: \u5251\u821e\u4e00\u4e0b\u5148|0 fnt\n|faint|p1a: \u5251\u821e\u4e00\u4e0b\u5148\n|\n|upkeep\n|\n|t:|1699593995\n|switch|p1a: \u522b\u6740\u6211|Iron Valiant|100\/100\n|-activate|p1a: \u522b\u6740\u6211|ability: Quark Drive\n|-start|p1a: \u522b\u6740\u6211|quarkdrivespe\n|turn|17\n|\n|t:|1699594004\n|move|p2a: Dragonite|Extreme Speed|p1a: \u522b\u6740\u6211\n|-damage|p1a: \u522b\u6740\u6211|4\/100\n|move|p1a: \u522b\u6740\u6211|Close Combat|p2a: Dragonite\n|-supereffective|p2a: Dragonite\n|-damage|p2a: Dragonite|0 fnt\n|-unboost|p1a: \u522b\u6740\u6211|def|1\n|-unboost|p1a: \u522b\u6740\u6211|spd|1\n|faint|p2a: Dragonite\n|\n|upkeep\n|\n|t:|1699594010\n|switch|p2a: Slowking|Slowking, F|100\/100\n|turn|18\n|\n|t:|1699594030\n|move|p1a: \u522b\u6740\u6211|Taunt|p2a: Slowking\n|-start|p2a: Slowking|move: Taunt\n|cant|p2a: Slowking|move: Taunt|Trick Room\n|\n|-fieldend|move: Electric Terrain\n|-end|p1a: \u522b\u6740\u6211|Quark Drive\n|upkeep\n|turn|19\n|\n|t:|1699594041\n|-end|p1a: \u522b\u6740\u6211|Quark Drive|[silent]\n|switch|p1a: \u4e8c\u6b21\u6027|Azumarill, F|100\/100\n|switch|p2a: Moltres|Moltres|100\/100\n|\n|upkeep\n|turn|20\n|\n|t:|1699594056\n|move|p2a: Moltres|U-turn|p1a: \u4e8c\u6b21\u6027\n|-resisted|p1a: \u4e8c\u6b21\u6027\n|-damage|p1a: \u4e8c\u6b21\u6027|93\/100\n|\n|t:|1699594057\n|switch|p2a: Slowking|Slowking, F|100\/100|[from] U-turn\n|move|p1a: \u4e8c\u6b21\u6027|Belly Drum|p1a: \u4e8c\u6b21\u6027\n|-damage|p1a: \u4e8c\u6b21\u6027|43\/100\n|-setboost|p1a: \u4e8c\u6b21\u6027|atk|6|[from] move: Belly Drum\n|\n|upkeep\n|turn|21\n|\n|t:|1699594064\n|move|p1a: \u4e8c\u6b21\u6027|Play Rough|p2a: Slowking|[miss]\n|-miss|p1a: \u4e8c\u6b21\u6027|p2a: Slowking\n|move|p2a: Slowking|Trick Room|p2a: Slowking\n|-fieldstart|move: Trick Room|[of] p2a: Slowking\n|\n|upkeep\n|turn|22\n|\n|t:|1699594071\n|move|p2a: Slowking|Scald|p1a: \u4e8c\u6b21\u6027\n|-resisted|p1a: \u4e8c\u6b21\u6027\n|-damage|p1a: \u4e8c\u6b21\u6027|29\/100\n|move|p1a: \u4e8c\u6b21\u6027|Play Rough|p2a: Slowking\n|-damage|p2a: Slowking|0 fnt\n|faint|p2a: Slowking\n|\n|upkeep\n|j| YJLF2\n|\n|t:|1699594076\n|switch|p2a: Ursaluna|Ursaluna, M|100\/100\n|-damage|p2a: Ursaluna|94\/100|[from] Stealth Rock\n|turn|23\n|\n|t:|1699594079\n|move|p1a: \u4e8c\u6b21\u6027|Aqua Jet|p2a: Ursaluna\n|-supereffective|p2a: Ursaluna\n|-damage|p2a: Ursaluna|0 fnt\n|faint|p2a: Ursaluna\n|\n|upkeep\n|\n|t:|1699594081\n|switch|p2a: Moltres|Moltres|100\/100\n|turn|24\n|-message|baigu forfeited.\n|\n|win|lchx\n|raw|lchx's rating: 1802 &rarr; <strong>1813<\/strong><br \/>(+11 for winning)\n|raw|baigu's rating: 1624 &rarr; <strong>1613<\/strong><br \/>(-11 for losing)\n","uploadtime":1699594097,"views":5,"p1id":"lchx","p2id":"baigu","formatid":"gen9nationaldex","rating":1613,"private":0,"password":""}