{"id":"gen9nationaldex-1994305092","p1":"bbgzz","p2":"ouiouinocacanobaka","format":"[Gen 9] National Dex","log":"|j|\u2606bbgzz\n|j|\u2606ouiouinocacanobaka\n|t:|1700429131\n|gametype|singles\n|player|p1|bbgzz|pokekid|1192\n|player|p2|ouiouinocacanobaka|steven|1197\n|teamsize|p1|6\n|teamsize|p2|6\n|gen|9\n|tier|[Gen 9] National Dex\n|rated|\n|rule|HP Percentage Mod: HP is shown in percentages\n|rule|Endless Battle Clause: Forcing endless battles is banned\n|rule|OHKO Clause: OHKO moves are banned\n|rule|Evasion Clause: Evasion abilities, items, and moves are banned\n|rule|Evasion Abilities Clause: Evasion abilities are banned\n|rule|Evasion Items Clause: Evasion items are banned\n|rule|Evasion Moves Clause: Evasion moves are banned\n|rule|Species Clause: Limit one of each Pok\u00e9mon\n|rule|Sleep Clause Mod: Limit one foe put to sleep\n|clearpoke\n|poke|p1|Chandelure, F|\n|poke|p1|Chansey, F|\n|poke|p1|Dondozo, M|\n|poke|p1|Scizor, F|\n|poke|p1|Rillaboom, M|\n|poke|p1|Sneasler, M|\n|poke|p2|Gardevoir, M|\n|poke|p2|Volcarona, F|\n|poke|p2|Kartana|\n|poke|p2|Tapu Lele|\n|poke|p2|Ribombee, F|\n|poke|p2|Blaziken, M|\n|teampreview\n|inactive|Battle timer is ON: inactive players will automatically lose when time's up. (requested by ouiouinocacanobaka)\n|inactive|bbgzz has 120 seconds left.\n|j| Scornfulbreak80\n|c| Scornfulbreak80|muori negro\n|\n|t:|1700429181\n|start\n|switch|p1a: Dondozo|Dondozo, M|100\/100\n|switch|p2a: Ribombee|Ribombee, F|100\/100\n|turn|1\n|\n|t:|1700429207\n|move|p2a: Ribombee|Sticky Web|p1a: Dondozo\n|-sidestart|p1: bbgzz|move: Sticky Web\n|move|p1a: Dondozo|Liquidation|p2a: Ribombee\n|-damage|p2a: Ribombee|50\/100\n|-unboost|p2a: Ribombee|def|1\n|\n|upkeep\n|turn|2\n|\n|t:|1700429215\n|move|p2a: Ribombee|Stun Spore|p1a: Dondozo\n|-status|p1a: Dondozo|par\n|move|p1a: Dondozo|Liquidation|p2a: Ribombee\n|-damage|p2a: Ribombee|5\/100\n|\n|upkeep\n|turn|3\n|inactive|ouiouinocacanobaka has 120 seconds left.\n|\n|t:|1700429269\n|move|p2a: Ribombee|Moonblast|p1a: Dondozo\n|-damage|p1a: Dondozo|69\/100 par\n|move|p1a: Dondozo|Liquidation|p2a: Ribombee\n|-damage|p2a: Ribombee|0 fnt\n|faint|p2a: Ribombee\n|\n|upkeep\n|\n|t:|1700429273\n|switch|p2a: Gardevoir|Gardevoir, M|100\/100\n|turn|4\n|\n|t:|1700429292\n|switch|p1a: Scizor|Scizor, F, shiny|100\/100\n|-activate|p1a: Scizor|move: Sticky Web\n|-unboost|p1a: Scizor|spe|1\n|detailschange|p2a: Gardevoir|Gardevoir-Mega, M\n|-mega|p2a: Gardevoir|Gardevoir|Gardevoirite\n|move|p2a: Gardevoir|Hyper Voice|p1a: Scizor\n|-resisted|p1a: Scizor\n|-damage|p1a: Scizor|59\/100\n|\n|upkeep\n|turn|5\n|\n|t:|1700429308\n|switch|p2a: Blaziken|Blaziken, M|100\/100\n|detailschange|p1a: Scizor|Scizor-Mega, F, shiny\n|-mega|p1a: Scizor|Scizor|Scizorite\n|move|p1a: Scizor|Knock Off|p2a: Blaziken\n|-resisted|p2a: Blaziken\n|-damage|p2a: Blaziken|70\/100\n|-enditem|p2a: Blaziken|Life Orb|[from] move: Knock Off|[of] p1a: Scizor\n|\n|upkeep\n|turn|6\n|inactive|bbgzz has 120 seconds left.\n|inactive|ouiouinocacanobaka has 90 seconds left.\n|\n|t:|1700429358\n|switch|p1a: Dondozo|Dondozo, M|69\/100 par\n|-activate|p1a: Dondozo|move: Sticky Web\n|-unboost|p1a: Dondozo|spe|1\n|move|p2a: Blaziken|Knock Off|p1a: Dondozo\n|-damage|p1a: Dondozo|52\/100 par\n|-damage|p2a: Blaziken|54\/100|[from] item: Rocky Helmet|[of] p1a: Dondozo\n|-enditem|p1a: Dondozo|Rocky Helmet|[from] move: Knock Off|[of] p2a: Blaziken\n|\n|-ability|p2a: Blaziken|Speed Boost|boost\n|-boost|p2a: Blaziken|spe|1\n|upkeep\n|turn|7\n|inactive|bbgzz has 90 seconds left.\n|\n|t:|1700429385\n|switch|p2a: Tapu Lele|Tapu Lele|100\/100\n|-fieldstart|move: Psychic Terrain|[from] ability: Psychic Surge|[of] p2a: Tapu Lele\n|move|p1a: Dondozo|Rest|p1a: Dondozo\n|-status|p1a: Dondozo|slp|[from] move: Rest\n|-heal|p1a: Dondozo|100\/100 slp|[silent]\n|\n|upkeep\n|turn|8\n|inactive|bbgzz has 90 seconds left.\n|\n|t:|1700429408\n|switch|p1a: Scizor|Scizor-Mega, F, shiny|59\/100\n|-activate|p1a: Scizor|move: Sticky Web\n|-unboost|p1a: Scizor|spe|1\n|-zpower|p2a: Tapu Lele\n|move|p2a: Tapu Lele|Shattered Psyche|p1a: Scizor|[zeffect]\n|-resisted|p1a: Scizor\n|-damage|p1a: Scizor|0 fnt\n|faint|p1a: Scizor\n|\n|upkeep\n|\n|t:|1700429424\n|switch|p1a: Rillaboom|Rillaboom, M, shiny|100\/100\n|-activate|p1a: Rillaboom|move: Sticky Web\n|-unboost|p1a: Rillaboom|spe|1\n|-fieldstart|move: Grassy Terrain|[from] ability: Grassy Surge|[of] p1a: Rillaboom\n|turn|9\n|\n|t:|1700429439\n|switch|p2a: Volcarona|Volcarona, F|100\/100\n|move|p1a: Rillaboom|Superpower|p2a: Volcarona\n|-resisted|p2a: Volcarona\n|-crit|p2a: Volcarona\n|-damage|p2a: Volcarona|28\/100\n|-unboost|p1a: Rillaboom|atk|1\n|-unboost|p1a: Rillaboom|def|1\n|\n|-heal|p2a: Volcarona|34\/100|[from] Grassy Terrain\n|upkeep\n|turn|10\n|\n|t:|1700429453\n|switch|p1a: Chansey|Chansey, F, shiny|100\/100\n|-activate|p1a: Chansey|move: Sticky Web\n|-unboost|p1a: Chansey|spe|1\n|move|p2a: Volcarona|Fiery Dance|p1a: Chansey\n|-damage|p1a: Chansey|87\/100\n|\n|-heal|p2a: Volcarona|40\/100|[from] Grassy Terrain\n|-heal|p1a: Chansey|93\/100|[from] Grassy Terrain\n|upkeep\n|turn|11\n|\n|t:|1700429463\n|switch|p2a: Blaziken|Blaziken, M|54\/100\n|move|p1a: Chansey|Teleport|p1a: Chansey\n|\n|t:|1700429469\n|switch|p1a: Dondozo|Dondozo, M|100\/100 slp|[from] Teleport\n|-activate|p1a: Dondozo|move: Sticky Web\n|-unboost|p1a: Dondozo|spe|1\n|\n|-heal|p2a: Blaziken|60\/100|[from] Grassy Terrain\n|upkeep\n|turn|12\n|inactive|bbgzz has 90 seconds left.\n|inactive|ouiouinocacanobaka has 90 seconds left.\n|\n|t:|1700429483\n|switch|p2a: Gardevoir|Gardevoir-Mega, M|100\/100\n|cant|p1a: Dondozo|slp\n|\n|upkeep\n|turn|13\n|inactive|ouiouinocacanobaka has 90 seconds left.\n|inactive|bbgzz has 90 seconds left.\n|\n|t:|1700429508\n|switch|p1a: Chandelure|Chandelure, F, shiny|100\/100\n|move|p2a: Gardevoir|Hyper Voice|p1a: Chandelure\n|-resisted|p1a: Chandelure\n|-damage|p1a: Chandelure|55\/100\n|\n|-heal|p1a: Chandelure|61\/100|[from] Grassy Terrain\n|-fieldend|move: Grassy Terrain\n|upkeep\n|turn|14\n|inactive|ouiouinocacanobaka has 90 seconds left.\n|\n|t:|1700429520\n|move|p2a: Gardevoir|Shadow Ball|p1a: Chandelure\n|-supereffective|p1a: Chandelure\n|-damage|p1a: Chandelure|0 fnt\n|faint|p1a: Chandelure\n|\n|upkeep\n|\n|t:|1700429542\n|switch|p1a: Rillaboom|Rillaboom, M, shiny|100\/100\n|-activate|p1a: Rillaboom|move: Sticky Web\n|-unboost|p1a: Rillaboom|spe|1\n|-fieldstart|move: Grassy Terrain|[from] ability: Grassy Surge|[of] p1a: Rillaboom\n|turn|15\n|\n|t:|1700429552\n|switch|p2a: Volcarona|Volcarona, F|40\/100\n|move|p1a: Rillaboom|Wood Hammer|p2a: Volcarona\n|-resisted|p2a: Volcarona\n|-damage|p2a: Volcarona|0 fnt\n|faint|p2a: Volcarona\n|-damage|p1a: Rillaboom|89\/100|[from] Recoil\n|\n|-heal|p1a: Rillaboom|95\/100|[from] Grassy Terrain\n|upkeep\n|\n|t:|1700429556\n|switch|p2a: Tapu Lele|Tapu Lele|100\/100\n|-fieldstart|move: Psychic Terrain|[from] ability: Psychic Surge|[of] p2a: Tapu Lele\n|turn|16\n|\n|t:|1700429567\n|switch|p1a: Chansey|Chansey, F, shiny|93\/100\n|-activate|p1a: Chansey|move: Sticky Web\n|-unboost|p1a: Chansey|spe|1\n|move|p2a: Tapu Lele|Psychic|p1a: Chansey\n|-damage|p1a: Chansey|74\/100\n|\n|upkeep\n|turn|17\n|\n|t:|1700429580\n|move|p2a: Tapu Lele|Moonblast|p1a: Chansey\n|-damage|p1a: Chansey|60\/100\n|-unboost|p1a: Chansey|spa|1\n|move|p1a: Chansey|Teleport|p1a: Chansey\n|\n|t:|1700429586\n|switch|p1a: Rillaboom|Rillaboom, M, shiny|95\/100|[from] Teleport\n|-activate|p1a: Rillaboom|move: Sticky Web\n|-unboost|p1a: Rillaboom|spe|1\n|-fieldstart|move: Grassy Terrain|[from] ability: Grassy Surge|[of] p1a: Rillaboom\n|\n|-heal|p1a: Rillaboom|100\/100|[from] Grassy Terrain\n|upkeep\n|turn|18\n|\n|t:|1700429594\n|move|p2a: Tapu Lele|Psychic|p1a: Rillaboom\n|-damage|p1a: Rillaboom|40\/100\n|-unboost|p1a: Rillaboom|spd|1\n|move|p1a: Rillaboom|U-turn|p2a: Tapu Lele\n|-damage|p2a: Tapu Lele|44\/100\n|\n|t:|1700429601\n|switch|p1a: Sneasler|Sneasler, M|100\/100|[from] U-turn\n|-activate|p1a: Sneasler|move: Sticky Web\n|-unboost|p1a: Sneasler|spe|1\n|-enditem|p1a: Sneasler|Grassy Seed\n|-boost|p1a: Sneasler|def|1|[from] item: Grassy Seed\n|\n|-heal|p2a: Tapu Lele|50\/100|[from] Grassy Terrain\n|upkeep\n|turn|19\n|inactive|bbgzz has 90 seconds left.\n|inactive|ouiouinocacanobaka has 120 seconds left.\n|\n|t:|1700429616\n|move|p1a: Sneasler|Dire Claw|p2a: Tapu Lele\n|-supereffective|p2a: Tapu Lele\n|-damage|p2a: Tapu Lele|0 fnt\n|faint|p2a: Tapu Lele\n|\n|upkeep\n|\n|t:|1700429619\n|switch|p2a: Kartana|Kartana|100\/100\n|turn|20\n|inactive|bbgzz has 90 seconds left.\n|\n|t:|1700429630\n|move|p2a: Kartana|Leaf Blade|p1a: Sneasler\n|-resisted|p1a: Sneasler\n|-damage|p1a: Sneasler|60\/100\n|move|p1a: Sneasler|Swords Dance|p1a: Sneasler\n|-boost|p1a: Sneasler|atk|2\n|\n|-heal|p1a: Sneasler|66\/100|[from] Grassy Terrain\n|upkeep\n|turn|21\n|inactive|bbgzz has 90 seconds left.\n|\n|t:|1700429649\n|-terastallize|p2a: Kartana|Grass\n|move|p2a: Kartana|Leaf Blade|p1a: Sneasler\n|-resisted|p1a: Sneasler\n|-damage|p1a: Sneasler|6\/100\n|move|p1a: Sneasler|Close Combat|p2a: Kartana\n|-damage|p2a: Kartana|0 fnt\n|-unboost|p1a: Sneasler|def|1\n|-unboost|p1a: Sneasler|spd|1\n|faint|p2a: Kartana\n|\n|-heal|p1a: Sneasler|12\/100|[from] Grassy Terrain\n|-fieldend|move: Grassy Terrain\n|upkeep\n|\n|t:|1700429660\n|switch|p2a: Blaziken|Blaziken, M|60\/100\n|turn|22\n|inactive|bbgzz has 90 seconds left.\n|\n|t:|1700429684\n|move|p1a: Sneasler|Acrobatics|p2a: Blaziken\n|-supereffective|p2a: Blaziken\n|-damage|p2a: Blaziken|0 fnt\n|faint|p2a: Blaziken\n|\n|upkeep\n|\n|t:|1700429688\n|switch|p2a: Gardevoir|Gardevoir-Mega, M|100\/100\n|turn|23\n|\n|t:|1700429695\n|move|p1a: Sneasler|Dire Claw|p2a: Gardevoir\n|-supereffective|p2a: Gardevoir\n|-damage|p2a: Gardevoir|0 fnt\n|faint|p2a: Gardevoir\n|\n|win|bbgzz\n|raw|bbgzz's rating: 1192 &rarr; <strong>1217<\/strong><br \/>(+25 for winning)\n|raw|ouiouinocacanobaka's rating: 1197 &rarr; <strong>1172<\/strong><br \/>(-25 for losing)\n","uploadtime":1700429174,"views":4,"p1id":"bbgzz","p2id":"ouiouinocacanobaka","formatid":"gen9nationaldex","rating":1172,"private":0,"password":""}