{"id":"gen9nationaldex-1999647999","p1":"LexianTheWarrior","p2":"SlimCloud909959","format":"[Gen 9] National Dex","log":"|html|<div class=\"broadcast-blue\"><strong>[Gen 9] National Dex is currently suspecting Sneasler! For information on how to participate check out the <a href=\"https:\/\/www.smogon.com\/forums\/threads\/sv-national-dex-suspect-8-just-dance.3731534\/\">suspect thread<\/a>.<\/strong><\/div>\n|j|\u2606LexianTheWarrior\n|j|\u2606SlimCloud909959\n|t:|1701104375\n|gametype|singles\n|player|p1|LexianTheWarrior|unknownf|1205\n|player|p2|SlimCloud909959|266|1288\n|teamsize|p1|6\n|teamsize|p2|6\n|gen|9\n|tier|[Gen 9] National Dex\n|rated|\n|rule|HP Percentage Mod: HP is shown in percentages\n|rule|Endless Battle Clause: Forcing endless battles is banned\n|rule|OHKO Clause: OHKO moves are banned\n|rule|Evasion Clause: Evasion abilities, items, and moves are banned\n|rule|Evasion Abilities Clause: Evasion abilities are banned\n|rule|Evasion Items Clause: Evasion items are banned\n|rule|Evasion Moves Clause: Evasion moves are banned\n|rule|Species Clause: Limit one of each Pok\u00e9mon\n|rule|Sleep Clause Mod: Limit one foe put to sleep\n|clearpoke\n|poke|p1|Glimmora, F|\n|poke|p1|Sneasler, F|\n|poke|p1|Great Tusk|\n|poke|p1|Gardevoir, M|\n|poke|p1|Cinderace, F|\n|poke|p1|Cyclizar, F|\n|poke|p2|Gallade, M|\n|poke|p2|Landorus-Therian, M|\n|poke|p2|Garganacl, F|\n|poke|p2|Kyurem|\n|poke|p2|Aegislash, F|\n|poke|p2|Meowscarada, M|\n|teampreview\n|c|\u2606LexianTheWarrior|glh\n|c|\u2606LexianTheWarrior|glhf*\n|inactive|Battle timer is ON: inactive players will automatically lose when time's up. (requested by SlimCloud909959)\n|\n|t:|1701104391\n|start\n|switch|p1a: Glimmora|Glimmora, F|100\/100\n|switch|p2a: Chop SUIIIII|Gallade, M, shiny|100\/100\n|turn|1\n|\n|t:|1701104398\n|detailschange|p2a: Chop SUIIIII|Gallade-Mega, M, shiny\n|-mega|p2a: Chop SUIIIII|Gallade|Galladite\n|move|p2a: Chop SUIIIII|Swords Dance|p2a: Chop SUIIIII\n|-boost|p2a: Chop SUIIIII|atk|2\n|move|p1a: Glimmora|Stealth Rock|p2a: Chop SUIIIII\n|-sidestart|p2: SlimCloud909959|move: Stealth Rock\n|\n|upkeep\n|turn|2\n|\n|t:|1701104404\n|move|p2a: Chop SUIIIII|Psycho Cut|p1a: Glimmora\n|-supereffective|p1a: Glimmora\n|-enditem|p1a: Glimmora|Focus Sash\n|-damage|p1a: Glimmora|1\/100\n|-activate|p1a: Glimmora|ability: Toxic Debris\n|-sidestart|p2: SlimCloud909959|move: Toxic Spikes\n|move|p1a: Glimmora|Mortal Spin|p2a: Chop SUIIIII\n|-damage|p2a: Chop SUIIIII|92\/100\n|-status|p2a: Chop SUIIIII|psn\n|\n|-damage|p2a: Chop SUIIIII|80\/100 psn|[from] psn\n|upkeep\n|turn|3\n|\n|t:|1701104416\n|move|p2a: Chop SUIIIII|Psycho Cut|p1a: Glimmora\n|-supereffective|p1a: Glimmora\n|-damage|p1a: Glimmora|0 fnt\n|-activate|p1a: Glimmora|ability: Toxic Debris\n|-sidestart|p2: SlimCloud909959|move: Toxic Spikes\n|faint|p1a: Glimmora\n|\n|-damage|p2a: Chop SUIIIII|67\/100 psn|[from] psn\n|upkeep\n|c|\u2606SlimCloud909959|You too!\n|\n|t:|1701104424\n|switch|p1a: Trans :>|Gardevoir, M, shiny|100\/100\n|-ability|p1a: Trans :>|Inner Focus|[from] ability: Trace|[of] p2a: Chop SUIIIII\n|turn|4\n|\n|t:|1701104431\n|detailschange|p1a: Trans :>|Gardevoir-Mega, M, shiny\n|-mega|p1a: Trans :>|Gardevoir|Gardevoirite\n|move|p2a: Chop SUIIIII|Leaf Blade|p1a: Trans :>\n|-damage|p1a: Trans :>|0 fnt\n|faint|p1a: Trans :>\n|\n|-damage|p2a: Chop SUIIIII|55\/100 psn|[from] psn\n|upkeep\n|\n|t:|1701104441\n|switch|p1a: Cinderace|Cinderace, F|100\/100\n|turn|5\n|\n|t:|1701104447\n|move|p1a: Cinderace|Blaze Kick|p2a: Chop SUIIIII\n|-damage|p2a: Chop SUIIIII|0 fnt\n|faint|p2a: Chop SUIIIII\n|\n|upkeep\n|\n|t:|1701104450\n|switch|p2a: Chop SUIIIII 2|Aegislash, F, shiny|100\/100\n|-damage|p2a: Chop SUIIIII 2|94\/100|[from] Stealth Rock\n|turn|6\n|\n|t:|1701104459\n|switch|p1a: Akatosh|Cyclizar, F, shiny|100\/100\n|move|p2a: Chop SUIIIII 2|King's Shield||[still]\n|-fail|p2a: Chop SUIIIII 2\n|\n|upkeep\n|turn|7\n|\n|t:|1701104465\n|move|p1a: Akatosh|Knock Off|p2a: Chop SUIIIII 2\n|-supereffective|p2a: Chop SUIIIII 2\n|-damage|p2a: Chop SUIIIII 2|50\/100\n|-enditem|p2a: Chop SUIIIII 2|Weakness Policy\n|-boost|p2a: Chop SUIIIII 2|atk|2|[from] item: Weakness Policy\n|-boost|p2a: Chop SUIIIII 2|spa|2|[from] item: Weakness Policy\n|-formechange|p2a: Chop SUIIIII 2|Aegislash-Blade||[from] ability: Stance Change\n|move|p2a: Chop SUIIIII 2|Flash Cannon|p1a: Akatosh\n|-damage|p1a: Akatosh|0 fnt\n|faint|p1a: Akatosh\n|\n|upkeep\n|\n|t:|1701104480\n|switch|p1a: Gold|Sneasler, F, shiny|100\/100\n|turn|8\n|\n|t:|1701104495\n|move|p1a: Gold|Bulk Up|p1a: Gold\n|-boost|p1a: Gold|atk|1\n|-boost|p1a: Gold|def|1\n|move|p2a: Chop SUIIIII 2|Flash Cannon|p1a: Gold\n|-damage|p1a: Gold|0 fnt\n|faint|p1a: Gold\n|\n|upkeep\n|\n|t:|1701104504\n|switch|p1a: Tusky|Great Tusk, shiny|100\/100\n|turn|9\n|\n|t:|1701104510\n|-formechange|p2a: Chop SUIIIII 2|Aegislash||[from] ability: Stance Change\n|move|p2a: Chop SUIIIII 2|King's Shield|p2a: Chop SUIIIII 2\n|-singleturn|p2a: Chop SUIIIII 2|Protect\n|move|p1a: Tusky|Earthquake|p2a: Chop SUIIIII 2\n|-activate|p2a: Chop SUIIIII 2|move: Protect\n|\n|upkeep\n|turn|10\n|\n|t:|1701104519\n|move|p1a: Tusky|Earthquake|p2a: Chop SUIIIII 2\n|-supereffective|p2a: Chop SUIIIII 2\n|-damage|p2a: Chop SUIIIII 2|0 fnt\n|faint|p2a: Chop SUIIIII 2\n|\n|upkeep\n|\n|t:|1701104525\n|switch|p2a: Shelby|Meowscarada, M, shiny|100\/100\n|-damage|p2a: Shelby|88\/100|[from] Stealth Rock\n|-status|p2a: Shelby|tox\n|turn|11\n|\n|t:|1701104533\n|-end|p1a: Tusky|Protosynthesis|[silent]\n|switch|p1a: Cinderace|Cinderace, F|100\/100\n|move|p2a: Shelby|Flower Trick|p1a: Cinderace\n|-start|p2a: Shelby|typechange|Grass|[from] ability: Protean\n|-resisted|p1a: Cinderace\n|-crit|p1a: Cinderace\n|-damage|p1a: Cinderace|48\/100\n|-damage|p2a: Shelby|78\/100 tox|[from] item: Life Orb\n|\n|-damage|p2a: Shelby|72\/100 tox|[from] psn\n|upkeep\n|turn|12\n|\n|t:|1701104544\n|move|p1a: Cinderace|Blaze Kick|p2a: Shelby\n|-supereffective|p2a: Shelby\n|-damage|p2a: Shelby|0 fnt\n|faint|p2a: Shelby\n|\n|upkeep\n|\n|t:|1701104547\n|switch|p2a: Connor|Landorus-Therian, M, shiny|100\/100\n|-damage|p2a: Connor|88\/100|[from] Stealth Rock\n|-ability|p2a: Connor|Intimidate|boost\n|-unboost|p1a: Cinderace|atk|1\n|turn|13\n|\n|t:|1701104556\n|move|p2a: Connor|Earthquake|p1a: Cinderace\n|-supereffective|p1a: Cinderace\n|-damage|p1a: Cinderace|0 fnt\n|faint|p1a: Cinderace\n|\n|upkeep\n|\n|t:|1701104561\n|switch|p1a: Tusky|Great Tusk, shiny|100\/100\n|turn|14\n|\n|t:|1701104566\n|-terastallize|p1a: Tusky|Ice\n|move|p2a: Connor|Earthquake|p1a: Tusky\n|-damage|p1a: Tusky|64\/100\n|move|p1a: Tusky|Ice Spinner|p2a: Connor\n|-supereffective|p2a: Connor\n|-damage|p2a: Connor|0 fnt\n|faint|p2a: Connor\n|\n|upkeep\n|\n|t:|1701104574\n|switch|p2a: U Salty?|Garganacl, F, shiny|100\/100\n|-damage|p2a: U Salty?|88\/100|[from] Stealth Rock\n|turn|15\n|\n|t:|1701104581\n|move|p1a: Tusky|Earthquake|p2a: U Salty?\n|-supereffective|p2a: U Salty?\n|-damage|p2a: U Salty?|6\/100\n|move|p2a: U Salty?|Iron Defense|p2a: U Salty?\n|-boost|p2a: U Salty?|def|2\n|\n|-heal|p2a: U Salty?|12\/100|[from] item: Leftovers\n|upkeep\n|turn|16\n|\n|t:|1701104590\n|-terastallize|p2a: U Salty?|Grass\n|move|p1a: Tusky|Brick Break|p2a: U Salty?\n|-damage|p2a: U Salty?|0 fnt\n|faint|p2a: U Salty?\n|\n|upkeep\n|\n|t:|1701104592\n|switch|p2a: Braydo|Kyurem, shiny|100\/100\n|-damage|p2a: Braydo|76\/100|[from] Stealth Rock\n|-status|p2a: Braydo|tox\n|-ability|p2a: Braydo|Pressure\n|turn|17\n|\n|t:|1701104601\n|move|p2a: Braydo|Substitute|p2a: Braydo\n|-start|p2a: Braydo|Substitute\n|-damage|p2a: Braydo|51\/100 tox\n|move|p1a: Tusky|Brick Break|p2a: Braydo\n|-supereffective|p2a: Braydo\n|-end|p2a: Braydo|Substitute\n|\n|-damage|p2a: Braydo|44\/100 tox|[from] psn\n|upkeep\n|turn|18\n|\n|t:|1701104609\n|move|p2a: Braydo|Earth Power|p1a: Tusky\n|-damage|p1a: Tusky|40\/100\n|move|p1a: Tusky|Rapid Spin|p2a: Braydo\n|-damage|p2a: Braydo|27\/100 tox\n|-boost|p1a: Tusky|spe|1\n|\n|-damage|p2a: Braydo|15\/100 tox|[from] psn\n|upkeep\n|turn|19\n|\n|t:|1701104617\n|move|p2a: Braydo|Earth Power|p1a: Tusky\n|-damage|p1a: Tusky|9\/100\n|move|p1a: Tusky|Ice Spinner|p2a: Braydo\n|-damage|p2a: Braydo|0 fnt\n|faint|p2a: Braydo\n|\n|win|LexianTheWarrior\n|raw|LexianTheWarrior's rating: 1205 &rarr; <strong>1236<\/strong><br \/>(+31 for winning)\n|raw|SlimCloud909959's rating: 1288 &rarr; <strong>1257<\/strong><br \/>(-31 for losing)\n|l|\u2606SlimCloud909959\n|c|\u2606LexianTheWarrior|ggs\n","uploadtime":1701104632,"views":3,"p1id":"lexianthewarrior","p2id":"slimcloud909959","formatid":"gen9nationaldex","rating":1236,"private":0,"password":""}