{"id":"gen9nationaldex-1993780548","p1":"pmarcos7","p2":"MrDaroxon","format":"[Gen 9] National Dex","log":"|j|\u2606pmarcos7\n|j|\u2606MrDaroxon\n|t:|1700356408\n|gametype|singles\n|player|p1|pmarcos7|1|1061\n|player|p2|MrDaroxon|265|1093\n|teamsize|p1|6\n|teamsize|p2|6\n|gen|9\n|tier|[Gen 9] National Dex\n|rated|\n|rule|HP Percentage Mod: HP is shown in percentages\n|rule|Endless Battle Clause: Forcing endless battles is banned\n|rule|OHKO Clause: OHKO moves are banned\n|rule|Evasion Clause: Evasion abilities, items, and moves are banned\n|rule|Evasion Abilities Clause: Evasion abilities are banned\n|rule|Evasion Items Clause: Evasion items are banned\n|rule|Evasion Moves Clause: Evasion moves are banned\n|rule|Species Clause: Limit one of each Pok\u00e9mon\n|rule|Sleep Clause Mod: Limit one foe put to sleep\n|clearpoke\n|poke|p1|Garchomp, F|\n|poke|p1|Rotom-Wash|\n|poke|p1|Corviknight, M|\n|poke|p1|Incineroar, M|\n|poke|p1|Toxapex, F|\n|poke|p1|Meowscarada, M|\n|poke|p2|Ariados, F|\n|poke|p2|Muk, F|\n|poke|p2|Electrode|\n|poke|p2|Scizor, F|\n|poke|p2|Venomoth, F|\n|poke|p2|Crobat, F|\n|teampreview\n|inactive|Battle timer is ON: inactive players will automatically lose when time's up. (requested by pmarcos7)\n|\n|t:|1700356415\n|start\n|switch|p1a: Garchomp|Garchomp, F|100\/100\n|switch|p2a: Ariados|Ariados, F|100\/100\n|turn|1\n|\n|t:|1700356421\n|move|p1a: Garchomp|Earthquake|p2a: Ariados\n|-damage|p2a: Ariados|4\/100\n|move|p2a: Ariados|Sticky Web|p1a: Garchomp\n|-sidestart|p1: pmarcos7|move: Sticky Web\n|\n|upkeep\n|turn|2\n|\n|t:|1700356425\n|move|p1a: Garchomp|Earthquake|p2a: Ariados\n|-damage|p2a: Ariados|0 fnt\n|faint|p2a: Ariados\n|\n|upkeep\n|\n|t:|1700356430\n|switch|p2a: Muk|Muk, F|100\/100\n|turn|3\n|\n|t:|1700356435\n|move|p1a: Garchomp|Earthquake|p2a: Muk\n|-supereffective|p2a: Muk\n|-damage|p2a: Muk|0 fnt\n|faint|p2a: Muk\n|\n|upkeep\n|\n|t:|1700356437\n|switch|p2a: Electrode|Electrode|100\/100\n|turn|4\n|\n|t:|1700356442\n|-terastallize|p2a: Electrode|Fighting\n|move|p2a: Electrode|Tera Blast|p1a: Garchomp|[anim] Tera Blast Fighting\n|-damage|p1a: Garchomp|66\/100\n|move|p1a: Garchomp|Earthquake|p2a: Electrode\n|-damage|p2a: Electrode|0 fnt\n|faint|p2a: Electrode\n|\n|upkeep\n|\n|t:|1700356443\n|switch|p2a: Scizor|Scizor, F|100\/100\n|turn|5\n|\n|t:|1700356450\n|detailschange|p2a: Scizor|Scizor-Mega, F\n|-mega|p2a: Scizor|Scizor|Scizorite\n|move|p1a: Garchomp|Earthquake|p2a: Scizor\n|-damage|p2a: Scizor|59\/100\n|move|p2a: Scizor|Swords Dance|p2a: Scizor\n|-boost|p2a: Scizor|atk|2\n|\n|upkeep\n|turn|6\n|\n|t:|1700356457\n|move|p2a: Scizor|Bullet Punch|p1a: Garchomp\n|-damage|p1a: Garchomp|4\/100\n|-damage|p2a: Scizor|46\/100|[from] ability: Rough Skin|[of] p1a: Garchomp\n|move|p1a: Garchomp|Earthquake|p2a: Scizor\n|-crit|p2a: Scizor\n|-damage|p2a: Scizor|0 fnt\n|faint|p2a: Scizor\n|\n|upkeep\n|\n|t:|1700356459\n|switch|p2a: Venomoth|Venomoth, F|100\/100\n|turn|7\n|\n|t:|1700356466\n|move|p1a: Garchomp|Earthquake|p2a: Venomoth\n|-damage|p2a: Venomoth|0 fnt\n|faint|p2a: Venomoth\n|\n|upkeep\n|\n|t:|1700356468\n|switch|p2a: Crobat|Crobat, F|100\/100\n|turn|8\n|\n|t:|1700356474\n|switch|p1a: Rotom|Rotom-Wash|100\/100\n|move|p2a: Crobat|Brave Bird|p1a: Rotom\n|-resisted|p1a: Rotom\n|-damage|p1a: Rotom|79\/100\n|-damage|p2a: Crobat|95\/100|[from] Recoil\n|\n|-heal|p1a: Rotom|85\/100|[from] item: Leftovers\n|upkeep\n|turn|9\n|\n|t:|1700356484\n|move|p2a: Crobat|Toxic|p1a: Rotom\n|-status|p1a: Rotom|tox\n|move|p1a: Rotom|Thunder|p2a: Crobat|[miss]\n|-miss|p1a: Rotom|p2a: Crobat\n|\n|-heal|p1a: Rotom|91\/100 tox|[from] item: Leftovers\n|-damage|p1a: Rotom|85\/100 tox|[from] psn\n|upkeep\n|turn|10\n|\n|t:|1700356491\n|move|p2a: Crobat|Brave Bird|p1a: Rotom\n|-resisted|p1a: Rotom\n|-damage|p1a: Rotom|62\/100 tox\n|-damage|p2a: Crobat|90\/100|[from] Recoil\n|move|p1a: Rotom|Thunder|p2a: Crobat|[miss]\n|-miss|p1a: Rotom|p2a: Crobat\n|\n|-heal|p1a: Rotom|68\/100 tox|[from] item: Leftovers\n|-damage|p1a: Rotom|56\/100 tox|[from] psn\n|upkeep\n|turn|11\n|\n|t:|1700356501\n|move|p2a: Crobat|Brave Bird|p1a: Rotom\n|-resisted|p1a: Rotom\n|-damage|p1a: Rotom|33\/100 tox\n|-damage|p2a: Crobat|84\/100|[from] Recoil\n|move|p1a: Rotom|Defog|p2a: Crobat\n|-unboost|p2a: Crobat|evasion|1\n|-sideend|p1: pmarcos7|Sticky Web|[from] move: Defog|[of] p1a: Rotom\n|\n|-heal|p1a: Rotom|39\/100 tox|[from] item: Leftovers\n|-damage|p1a: Rotom|21\/100 tox|[from] psn\n|upkeep\n|turn|12\n|\n|t:|1700356511\n|move|p2a: Crobat|Brave Bird|p1a: Rotom\n|-resisted|p1a: Rotom\n|-crit|p1a: Rotom\n|-damage|p1a: Rotom|0 fnt\n|faint|p1a: Rotom\n|-damage|p2a: Crobat|80\/100|[from] Recoil\n|\n|upkeep\n|\n|t:|1700356521\n|switch|p1a: Garchomp|Garchomp, F|4\/100\n|turn|13\n|\n|t:|1700356531\n|move|p2a: Crobat|Brave Bird|p1a: Garchomp\n|-damage|p1a: Garchomp|0 fnt\n|-damage|p2a: Crobat|67\/100|[from] ability: Rough Skin|[of] p1a: Garchomp\n|faint|p1a: Garchomp\n|-damage|p2a: Crobat|66\/100|[from] Recoil\n|\n|upkeep\n|\n|t:|1700356542\n|switch|p1a: Meowscarada|Meowscarada, M|100\/100\n|turn|14\n|\n|t:|1700356545\n|move|p2a: Crobat|Brave Bird|p1a: Meowscarada\n|-supereffective|p1a: Meowscarada\n|-damage|p1a: Meowscarada|0 fnt\n|faint|p1a: Meowscarada\n|-damage|p2a: Crobat|40\/100|[from] Recoil\n|\n|upkeep\n|\n|t:|1700356551\n|switch|p1a: Toxapex|Toxapex, F, shiny|100\/100\n|turn|15\n|\n|t:|1700356559\n|move|p1a: Toxapex|Baneful Bunker|p1a: Toxapex\n|-singleturn|p1a: Toxapex|move: Protect\n|move|p2a: Crobat|Roost|p2a: Crobat\n|-heal|p2a: Crobat|90\/100\n|-singleturn|p2a: Crobat|move: Roost\n|\n|upkeep\n|turn|16\n|\n|t:|1700356565\n|switch|p1a: Incineroar|Incineroar, M|100\/100\n|-ability|p1a: Incineroar|Intimidate|boost\n|-unboost|p2a: Crobat|atk|1\n|move|p2a: Crobat|Brave Bird|p1a: Incineroar\n|-damage|p1a: Incineroar|80\/100\n|-damage|p2a: Crobat|83\/100|[from] Recoil\n|\n|upkeep\n|turn|17\n|\n|t:|1700356574\n|move|p2a: Crobat|Toxic|p1a: Incineroar\n|-status|p1a: Incineroar|tox\n|move|p1a: Incineroar|Knock Off|p2a: Crobat\n|-damage|p2a: Crobat|41\/100\n|-enditem|p2a: Crobat|Heavy-Duty Boots|[from] move: Knock Off|[of] p1a: Incineroar\n|\n|-damage|p1a: Incineroar|74\/100 tox|[from] psn\n|upkeep\n|turn|18\n|\n|t:|1700356581\n|move|p2a: Crobat|Roost|p2a: Crobat\n|-heal|p2a: Crobat|91\/100\n|-singleturn|p2a: Crobat|move: Roost\n|move|p1a: Incineroar|Knock Off|p2a: Crobat\n|-damage|p2a: Crobat|62\/100\n|\n|-damage|p1a: Incineroar|62\/100 tox|[from] psn\n|upkeep\n|turn|19\n|\n|t:|1700356590\n|move|p2a: Crobat|Brave Bird|p1a: Incineroar\n|-damage|p1a: Incineroar|44\/100 tox\n|-damage|p2a: Crobat|56\/100|[from] Recoil\n|move|p1a: Incineroar|Parting Shot|p2a: Crobat\n|-unboost|p2a: Crobat|atk|1\n|-unboost|p2a: Crobat|spa|1\n|\n|t:|1700356597\n|switch|p1a: Corviknight|Corviknight, M|100\/100|[from] Parting Shot\n|\n|upkeep\n|turn|20\n|\n|t:|1700356601\n|switch|p1a: Incineroar|Incineroar, M|44\/100 tox\n|-ability|p1a: Incineroar|Intimidate|boost\n|-unboost|p2a: Crobat|atk|1\n|move|p2a: Crobat|Brave Bird|p1a: Incineroar\n|-damage|p1a: Incineroar|33\/100 tox\n|-damage|p2a: Crobat|52\/100|[from] Recoil\n|\n|-damage|p1a: Incineroar|27\/100 tox|[from] psn\n|upkeep\n|turn|21\n|\n|t:|1700356610\n|move|p2a: Crobat|Brave Bird|p1a: Incineroar\n|-damage|p1a: Incineroar|15\/100 tox\n|-enditem|p1a: Incineroar|Figy Berry|[eat]\n|-heal|p1a: Incineroar|48\/100 tox|[from] item: Figy Berry\n|-damage|p2a: Crobat|48\/100|[from] Recoil\n|move|p1a: Incineroar|Parting Shot|p2a: Crobat\n|-unboost|p2a: Crobat|atk|1\n|-unboost|p2a: Crobat|spa|1\n|\n|t:|1700356619\n|switch|p1a: Corviknight|Corviknight, M|100\/100|[from] Parting Shot\n|\n|upkeep\n|turn|22\n|\n|t:|1700356626\n|move|p2a: Crobat|Roost|p2a: Crobat\n|-heal|p2a: Crobat|98\/100\n|-singleturn|p2a: Crobat|move: Roost\n|move|p1a: Corviknight|Iron Head|p2a: Crobat\n|-damage|p2a: Crobat|70\/100\n|\n|upkeep\n|turn|23\n|\n|t:|1700356634\n|move|p2a: Crobat|Brave Bird|p1a: Corviknight\n|-resisted|p1a: Corviknight\n|-damage|p1a: Corviknight|95\/100\n|-damage|p2a: Crobat|69\/100|[from] Recoil\n|move|p1a: Corviknight|Bulk Up|p1a: Corviknight\n|-boost|p1a: Corviknight|atk|1\n|-boost|p1a: Corviknight|def|1\n|\n|-heal|p1a: Corviknight|100\/100|[from] item: Leftovers\n|upkeep\n|turn|24\n|\n|t:|1700356642\n|move|p2a: Crobat|Brave Bird|p1a: Corviknight\n|-resisted|p1a: Corviknight\n|-damage|p1a: Corviknight|97\/100\n|-damage|p2a: Crobat|68\/100|[from] Recoil\n|move|p1a: Corviknight|Bulk Up|p1a: Corviknight\n|-boost|p1a: Corviknight|atk|1\n|-boost|p1a: Corviknight|def|1\n|\n|-heal|p1a: Corviknight|100\/100|[from] item: Leftovers\n|upkeep\n|turn|25\n|-message|MrDaroxon forfeited.\n|\n|win|pmarcos7\n|raw|pmarcos7's rating: 1061 &rarr; <strong>1095<\/strong><br \/>(+34 for winning)\n|raw|MrDaroxon's rating: 1093 &rarr; <strong>1067<\/strong><br \/>(-26 for losing)\n|l|\u2606MrDaroxon\n","uploadtime":1700356682,"views":10,"p1id":"pmarcos7","p2id":"mrdaroxon","formatid":"gen9nationaldex","rating":1067,"private":0,"password":""}