{"id":"gen9nationaldex-1998645170","p1":"SeanboyQ","p2":"Serena1111\u805a\u6c14\u5384\u9b3c\u692a","format":"[Gen 9] National Dex","log":"|html|<div class=\"broadcast-blue\"><strong>[Gen 9] National Dex is currently suspecting Sneasler! For information on how to participate check out the <a href=\"https:\/\/www.smogon.com\/forums\/threads\/sv-national-dex-suspect-8-just-dance.3731534\/\">suspect thread<\/a>.<\/strong><\/div>\n|j|\u2606SeanboyQ\n|j|\u2606Serena1111\u805a\u6c14\u5384\u9b3c\u692a\n|t:|1700966968\n|gametype|singles\n|player|p1|SeanboyQ|265|1152\n|player|p2|Serena1111\u805a\u6c14\u5384\u9b3c\u692a|serena|1199\n|teamsize|p1|6\n|teamsize|p2|6\n|gen|9\n|tier|[Gen 9] National Dex\n|rated|\n|rule|HP Percentage Mod: HP is shown in percentages\n|rule|Endless Battle Clause: Forcing endless battles is banned\n|rule|OHKO Clause: OHKO moves are banned\n|rule|Evasion Clause: Evasion abilities, items, and moves are banned\n|rule|Evasion Abilities Clause: Evasion abilities are banned\n|rule|Evasion Items Clause: Evasion items are banned\n|rule|Evasion Moves Clause: Evasion moves are banned\n|rule|Species Clause: Limit one of each Pok\u00e9mon\n|rule|Sleep Clause Mod: Limit one foe put to sleep\n|clearpoke\n|poke|p1|Garganacl, F|\n|poke|p1|Weavile, F|\n|poke|p1|Cinderace, F|\n|poke|p1|Gardevoir, M|\n|poke|p1|Toxapex, F|\n|poke|p1|Alomomola, F|\n|poke|p2|Chansey, F|\n|poke|p2|Dondozo, F|\n|poke|p2|Ditto|\n|poke|p2|Alomomola, M|\n|poke|p2|Banette, F|\n|poke|p2|Gliscor, F|\n|teampreview\n|inactive|Battle timer is ON: inactive players will automatically lose when time's up. (requested by Serena1111\u805a\u6c14\u5384\u9b3c\u692a)\n|inactive|Serena1111\u805a\u6c14\u5384\u9b3c\u692a has 120 seconds left.\n|inactive|Serena1111\u805a\u6c14\u5384\u9b3c\u692a has 90 seconds left.\n|\n|t:|1700967051\n|start\n|switch|p1a: Garganacl|Garganacl, F|100\/100\n|switch|p2a: \u5c0f\u667a\u518d\u4e5f\u4e0d\u7528\u62c5\u5fc3\u6211\u4e0d\u77e5\u9053\u5bf9\u65b9\u62db\u5f0f\u4e86|Ditto|100\/100\n|-transform|p2a: \u5c0f\u667a\u518d\u4e5f\u4e0d\u7528\u62c5\u5fc3\u6211\u4e0d\u77e5\u9053\u5bf9\u65b9\u62db\u5f0f\u4e86|p1a: Garganacl|[from] ability: Imposter\n|turn|1\n|\n|t:|1700967063\n|move|p1a: Garganacl|Protect|p1a: Garganacl\n|-singleturn|p1a: Garganacl|Protect\n|move|p2a: \u5c0f\u667a\u518d\u4e5f\u4e0d\u7528\u62c5\u5fc3\u6211\u4e0d\u77e5\u9053\u5bf9\u65b9\u62db\u5f0f\u4e86|Salt Cure|p1a: Garganacl\n|-activate|p1a: Garganacl|move: Protect\n|\n|upkeep\n|turn|2\n|\n|t:|1700967073\n|move|p2a: \u5c0f\u667a\u518d\u4e5f\u4e0d\u7528\u62c5\u5fc3\u6211\u4e0d\u77e5\u9053\u5bf9\u65b9\u62db\u5f0f\u4e86|Salt Cure|p1a: Garganacl\n|-damage|p1a: Garganacl|91\/100\n|-start|p1a: Garganacl|Salt Cure\n|move|p1a: Garganacl|Salt Cure|p2a: \u5c0f\u667a\u518d\u4e5f\u4e0d\u7528\u62c5\u5fc3\u6211\u4e0d\u77e5\u9053\u5bf9\u65b9\u62db\u5f0f\u4e86\n|-damage|p2a: \u5c0f\u667a\u518d\u4e5f\u4e0d\u7528\u62c5\u5fc3\u6211\u4e0d\u77e5\u9053\u5bf9\u65b9\u62db\u5f0f\u4e86|88\/100\n|-start|p2a: \u5c0f\u667a\u518d\u4e5f\u4e0d\u7528\u62c5\u5fc3\u6211\u4e0d\u77e5\u9053\u5bf9\u65b9\u62db\u5f0f\u4e86|Salt Cure\n|\n|-heal|p1a: Garganacl|97\/100|[from] item: Leftovers\n|-damage|p2a: \u5c0f\u667a\u518d\u4e5f\u4e0d\u7528\u62c5\u5fc3\u6211\u4e0d\u77e5\u9053\u5bf9\u65b9\u62db\u5f0f\u4e86|76\/100|[from] Salt Cure\n|-damage|p1a: Garganacl|85\/100|[from] Salt Cure\n|upkeep\n|turn|3\n|\n|t:|1700967082\n|switch|p2a: \u6635\u79f0\u6211\u4e0d\u4f1a\u8d77\u5440|Gliscor, F|100\/100\n|move|p1a: Garganacl|Stealth Rock|p2a: \u6635\u79f0\u6211\u4e0d\u4f1a\u8d77\u5440\n|-sidestart|p2: Serena1111\u805a\u6c14\u5384\u9b3c\u692a|move: Stealth Rock\n|\n|-heal|p1a: Garganacl|91\/100|[from] item: Leftovers\n|-damage|p1a: Garganacl|78\/100|[from] Salt Cure\n|-status|p2a: \u6635\u79f0\u6211\u4e0d\u4f1a\u8d77\u5440|tox|[from] item: Toxic Orb\n|upkeep\n|turn|4\n|\n|t:|1700967090\n|switch|p1a: Alomomola|Alomomola, F|100\/100\n|move|p2a: \u6635\u79f0\u6211\u4e0d\u4f1a\u8d77\u5440|Earthquake|p1a: Alomomola\n|-damage|p1a: Alomomola|79\/100\n|\n|-heal|p1a: Alomomola|85\/100|[from] item: Leftovers\n|upkeep\n|turn|5\n|\n|t:|1700967100\n|move|p2a: \u6635\u79f0\u6211\u4e0d\u4f1a\u8d77\u5440|Defog|p1a: Alomomola\n|-unboost|p1a: Alomomola|evasion|1\n|-sideend|p2: Serena1111\u805a\u6c14\u5384\u9b3c\u692a|Stealth Rock|[from] move: Defog|[of] p2a: \u6635\u79f0\u6211\u4e0d\u4f1a\u8d77\u5440\n|move|p1a: Alomomola|Flip Turn|p2a: \u6635\u79f0\u6211\u4e0d\u4f1a\u8d77\u5440\n|-supereffective|p2a: \u6635\u79f0\u6211\u4e0d\u4f1a\u8d77\u5440\n|-damage|p2a: \u6635\u79f0\u6211\u4e0d\u4f1a\u8d77\u5440|80\/100 tox\n|\n|t:|1700967120\n|switch|p1a: Weavile|Weavile, F|100\/100|[from] Flip Turn\n|\n|-heal|p2a: \u6635\u79f0\u6211\u4e0d\u4f1a\u8d77\u5440|93\/100 tox|[from] ability: Poison Heal\n|upkeep\n|turn|6\n|\n|t:|1700967138\n|switch|p2a: \u5c0f\u667a\u518d\u4e5f\u4e0d\u7528\u62c5\u5fc3\u6211\u4e0d\u77e5\u9053\u5bf9\u65b9\u62db\u5f0f\u4e86|Ditto|76\/100\n|-transform|p2a: \u5c0f\u667a\u518d\u4e5f\u4e0d\u7528\u62c5\u5fc3\u6211\u4e0d\u77e5\u9053\u5bf9\u65b9\u62db\u5f0f\u4e86|p1a: Weavile|[from] ability: Imposter\n|move|p1a: Weavile|Swords Dance|p1a: Weavile\n|-boost|p1a: Weavile|atk|2\n|\n|upkeep\n|turn|7\n|\n|t:|1700967153\n|switch|p2a: \u5403\u543c\u9738\u7684\u53cd\u5f3a\u5316\u7269\u8bed|Dondozo, F|100\/100\n|move|p1a: Weavile|Knock Off|p2a: \u5403\u543c\u9738\u7684\u53cd\u5f3a\u5316\u7269\u8bed\n|-damage|p2a: \u5403\u543c\u9738\u7684\u53cd\u5f3a\u5316\u7269\u8bed|79\/100\n|-enditem|p2a: \u5403\u543c\u9738\u7684\u53cd\u5f3a\u5316\u7269\u8bed|Leftovers|[from] move: Knock Off|[of] p1a: Weavile\n|\n|upkeep\n|turn|8\n|\n|t:|1700967164\n|switch|p1a: Toxapex|Toxapex, F|100\/100\n|move|p2a: \u5403\u543c\u9738\u7684\u53cd\u5f3a\u5316\u7269\u8bed|Curse|p2a: \u5403\u543c\u9738\u7684\u53cd\u5f3a\u5316\u7269\u8bed\n|-unboost|p2a: \u5403\u543c\u9738\u7684\u53cd\u5f3a\u5316\u7269\u8bed|spe|1\n|-boost|p2a: \u5403\u543c\u9738\u7684\u53cd\u5f3a\u5316\u7269\u8bed|atk|1\n|-boost|p2a: \u5403\u543c\u9738\u7684\u53cd\u5f3a\u5316\u7269\u8bed|def|1\n|\n|upkeep\n|turn|9\n|\n|t:|1700967176\n|switch|p2a: \u5c0f\u667a\u518d\u4e5f\u4e0d\u7528\u62c5\u5fc3\u6211\u4e0d\u77e5\u9053\u5bf9\u65b9\u62db\u5f0f\u4e86|Ditto|76\/100\n|-transform|p2a: \u5c0f\u667a\u518d\u4e5f\u4e0d\u7528\u62c5\u5fc3\u6211\u4e0d\u77e5\u9053\u5bf9\u65b9\u62db\u5f0f\u4e86|p1a: Toxapex|[from] ability: Imposter\n|move|p1a: Toxapex|Toxic Spikes|p2a: \u5c0f\u667a\u518d\u4e5f\u4e0d\u7528\u62c5\u5fc3\u6211\u4e0d\u77e5\u9053\u5bf9\u65b9\u62db\u5f0f\u4e86\n|-sidestart|p2: Serena1111\u805a\u6c14\u5384\u9b3c\u692a|move: Toxic Spikes\n|\n|upkeep\n|turn|10\n|\n|t:|1700967199\n|switch|p2a: \u6635\u79f0\u6211\u4e0d\u4f1a\u8d77\u5440|Gliscor, F|93\/100 tox\n|move|p1a: Toxapex|Toxic Spikes|p2a: \u6635\u79f0\u6211\u4e0d\u4f1a\u8d77\u5440\n|-sidestart|p2: Serena1111\u805a\u6c14\u5384\u9b3c\u692a|move: Toxic Spikes\n|\n|-heal|p2a: \u6635\u79f0\u6211\u4e0d\u4f1a\u8d77\u5440|100\/100 tox|[from] ability: Poison Heal\n|upkeep\n|turn|11\n|inactive|SeanboyQ has 120 seconds left.\n|\n|t:|1700967219\n|switch|p2a: \u4fdd\u59c6\u9c7c|Alomomola, M|100\/100\n|switch|p1a: Weavile|Weavile, F|100\/100\n|\n|upkeep\n|turn|12\n|inactive|SeanboyQ has 120 seconds left.\n|\n|t:|1700967234\n|switch|p2a: \u5403\u543c\u9738\u7684\u53cd\u5f3a\u5316\u7269\u8bed|Dondozo, F|79\/100\n|-status|p2a: \u5403\u543c\u9738\u7684\u53cd\u5f3a\u5316\u7269\u8bed|tox\n|move|p1a: Weavile|Knock Off|p2a: \u5403\u543c\u9738\u7684\u53cd\u5f3a\u5316\u7269\u8bed\n|-damage|p2a: \u5403\u543c\u9738\u7684\u53cd\u5f3a\u5316\u7269\u8bed|64\/100 tox\n|\n|-damage|p2a: \u5403\u543c\u9738\u7684\u53cd\u5f3a\u5316\u7269\u8bed|58\/100 tox|[from] psn\n|upkeep\n|turn|13\n|inactive|SeanboyQ has 120 seconds left.\n|\n|t:|1700967243\n|move|p1a: Weavile|Triple Axel|p2a: \u5403\u543c\u9738\u7684\u53cd\u5f3a\u5316\u7269\u8bed\n|-resisted|p2a: \u5403\u543c\u9738\u7684\u53cd\u5f3a\u5316\u7269\u8bed\n|-damage|p2a: \u5403\u543c\u9738\u7684\u53cd\u5f3a\u5316\u7269\u8bed|55\/100 tox\n|-resisted|p2a: \u5403\u543c\u9738\u7684\u53cd\u5f3a\u5316\u7269\u8bed\n|-damage|p2a: \u5403\u543c\u9738\u7684\u53cd\u5f3a\u5316\u7269\u8bed|51\/100 tox\n|-resisted|p2a: \u5403\u543c\u9738\u7684\u53cd\u5f3a\u5316\u7269\u8bed\n|-damage|p2a: \u5403\u543c\u9738\u7684\u53cd\u5f3a\u5316\u7269\u8bed|44\/100 tox\n|-hitcount|p2a: \u5403\u543c\u9738\u7684\u53cd\u5f3a\u5316\u7269\u8bed|3\n|move|p2a: \u5403\u543c\u9738\u7684\u53cd\u5f3a\u5316\u7269\u8bed|Wave Crash|p1a: Weavile\n|-damage|p1a: Weavile|25\/100\n|-damage|p2a: \u5403\u543c\u9738\u7684\u53cd\u5f3a\u5316\u7269\u8bed|30\/100 tox|[from] Recoil\n|\n|-damage|p2a: \u5403\u543c\u9738\u7684\u53cd\u5f3a\u5316\u7269\u8bed|18\/100 tox|[from] psn\n|upkeep\n|turn|14\n|inactive|SeanboyQ has 120 seconds left.\n|\n|t:|1700967260\n|switch|p1a: Alomomola|Alomomola, F|100\/100\n|move|p2a: \u5403\u543c\u9738\u7684\u53cd\u5f3a\u5316\u7269\u8bed|Rest|p2a: \u5403\u543c\u9738\u7684\u53cd\u5f3a\u5316\u7269\u8bed\n|-status|p2a: \u5403\u543c\u9738\u7684\u53cd\u5f3a\u5316\u7269\u8bed|slp|[from] move: Rest\n|-heal|p2a: \u5403\u543c\u9738\u7684\u53cd\u5f3a\u5316\u7269\u8bed|100\/100 slp|[silent]\n|\n|upkeep\n|turn|15\n|inactive|SeanboyQ has 120 seconds left.\n|\n|t:|1700967275\n|switch|p2a: \u4fdd\u59c6\u9c7c|Alomomola, M|100\/100\n|move|p1a: Alomomola|Wish|p1a: Alomomola\n|\n|upkeep\n|turn|16\n|inactive|SeanboyQ has 120 seconds left.\n|\n|t:|1700967281\n|move|p2a: \u4fdd\u59c6\u9c7c|Toxic|p1a: Alomomola\n|-status|p1a: Alomomola|tox\n|move|p1a: Alomomola|Flip Turn|p2a: \u4fdd\u59c6\u9c7c\n|-resisted|p2a: \u4fdd\u59c6\u9c7c\n|-damage|p2a: \u4fdd\u59c6\u9c7c|97\/100\n|inactive|SeanboyQ has 120 seconds left.\n|\n|t:|1700967286\n|switch|p1a: Weavile|Weavile, F|25\/100|[from] Flip Turn\n|\n|-heal|p1a: Weavile|100\/100|[from] move: Wish|[wisher] Alomomola\n|upkeep\n|turn|17\n|inactive|SeanboyQ has 120 seconds left.\n|\n|t:|1700967299\n|switch|p1a: Garganacl|Garganacl, F|78\/100\n|switch|p2a: \u5403\u543c\u9738\u7684\u53cd\u5f3a\u5316\u7269\u8bed|Dondozo, F|100\/100 slp\n|\n|-heal|p1a: Garganacl|85\/100|[from] item: Leftovers\n|upkeep\n|turn|18\n|inactive|Serena1111\u805a\u6c14\u5384\u9b3c\u692a has 120 seconds left.\n|\n|t:|1700967351\n|move|p1a: Garganacl|Salt Cure|p2a: \u5403\u543c\u9738\u7684\u53cd\u5f3a\u5316\u7269\u8bed\n|-damage|p2a: \u5403\u543c\u9738\u7684\u53cd\u5f3a\u5316\u7269\u8bed|94\/100 slp\n|-start|p2a: \u5403\u543c\u9738\u7684\u53cd\u5f3a\u5316\u7269\u8bed|Salt Cure\n|cant|p2a: \u5403\u543c\u9738\u7684\u53cd\u5f3a\u5316\u7269\u8bed|slp\n|move|p2a: \u5403\u543c\u9738\u7684\u53cd\u5f3a\u5316\u7269\u8bed|Sleep Talk|p2a: \u5403\u543c\u9738\u7684\u53cd\u5f3a\u5316\u7269\u8bed\n|move|p2a: \u5403\u543c\u9738\u7684\u53cd\u5f3a\u5316\u7269\u8bed|Wave Crash|p1a: Garganacl|[from]move: Sleep Talk\n|-supereffective|p1a: Garganacl\n|-damage|p1a: Garganacl|30\/100\n|-damage|p2a: \u5403\u543c\u9738\u7684\u53cd\u5f3a\u5316\u7269\u8bed|80\/100 slp|[from] Recoil\n|\n|-heal|p1a: Garganacl|36\/100|[from] item: Leftovers\n|-damage|p2a: \u5403\u543c\u9738\u7684\u53cd\u5f3a\u5316\u7269\u8bed|55\/100 slp|[from] Salt Cure\n|upkeep\n|turn|19\n|\n|t:|1700967364\n|switch|p1a: Alomomola|Alomomola, F|100\/100 tox\n|switch|p2a: \u4fdd\u59c6\u9c7c|Alomomola, M|100\/100\n|\n|-damage|p1a: Alomomola|94\/100 tox|[from] psn\n|upkeep\n|turn|20\n|\n|t:|1700967371\n|switch|p2a: \u5403\u543c\u9738\u7684\u53cd\u5f3a\u5316\u7269\u8bed|Dondozo, F|55\/100 slp\n|move|p1a: Alomomola|Wish|p1a: Alomomola\n|\n|-heal|p1a: Alomomola|100\/100 tox|[from] item: Leftovers\n|-damage|p1a: Alomomola|88\/100 tox|[from] psn\n|upkeep\n|turn|21\n|\n|t:|1700967382\n|switch|p2a: \u4fdd\u59c6\u9c7c|Alomomola, M|100\/100\n|move|p1a: Alomomola|Flip Turn|p2a: \u4fdd\u59c6\u9c7c\n|-resisted|p2a: \u4fdd\u59c6\u9c7c\n|-damage|p2a: \u4fdd\u59c6\u9c7c|96\/100\n|\n|t:|1700967387\n|switch|p1a: Garganacl|Garganacl, F|36\/100|[from] Flip Turn\n|\n|-heal|p1a: Garganacl|95\/100|[from] move: Wish|[wisher] Alomomola\n|-heal|p1a: Garganacl|100\/100|[from] item: Leftovers\n|upkeep\n|turn|22\n|\n|t:|1700967407\n|switch|p2a: \u5403\u543c\u9738\u7684\u53cd\u5f3a\u5316\u7269\u8bed|Dondozo, F|55\/100 slp\n|switch|p1a: Gardevoir|Gardevoir, M|100\/100\n|-ability|p1a: Gardevoir|Unaware|[from] ability: Trace|[of] p2a: \u5403\u543c\u9738\u7684\u53cd\u5f3a\u5316\u7269\u8bed\n|\n|upkeep\n|turn|23\n|\n|t:|1700967421\n|switch|p2a: \u6e05\u6f88\u7684\u53cc\u773c \u53ef\u7231\u7684\u8138\u5e9e|Chansey, F|100\/100\n|-status|p2a: \u6e05\u6f88\u7684\u53cc\u773c \u53ef\u7231\u7684\u8138\u5e9e|tox\n|detailschange|p1a: Gardevoir|Gardevoir-Mega, M\n|-mega|p1a: Gardevoir|Gardevoir|Gardevoirite\n|move|p1a: Gardevoir|Hyper Voice|p2a: \u6e05\u6f88\u7684\u53cc\u773c \u53ef\u7231\u7684\u8138\u5e9e\n|-damage|p2a: \u6e05\u6f88\u7684\u53cc\u773c \u53ef\u7231\u7684\u8138\u5e9e|79\/100 tox\n|\n|-damage|p2a: \u6e05\u6f88\u7684\u53cc\u773c \u53ef\u7231\u7684\u8138\u5e9e|73\/100 tox|[from] psn\n|upkeep\n|turn|24\n|\n|t:|1700967431\n|move|p1a: Gardevoir|Focus Blast|p2a: \u6e05\u6f88\u7684\u53cc\u773c \u53ef\u7231\u7684\u8138\u5e9e\n|-supereffective|p2a: \u6e05\u6f88\u7684\u53cc\u773c \u53ef\u7231\u7684\u8138\u5e9e\n|-damage|p2a: \u6e05\u6f88\u7684\u53cc\u773c \u53ef\u7231\u7684\u8138\u5e9e|40\/100 tox\n|move|p2a: \u6e05\u6f88\u7684\u53cc\u773c \u53ef\u7231\u7684\u8138\u5e9e|Thunder Wave|p1a: Gardevoir\n|-status|p1a: Gardevoir|par\n|\n|-damage|p2a: \u6e05\u6f88\u7684\u53cc\u773c \u53ef\u7231\u7684\u8138\u5e9e|28\/100 tox|[from] psn\n|upkeep\n|turn|25\n|\n|t:|1700967442\n|move|p1a: Gardevoir|Focus Blast|p2a: \u6e05\u6f88\u7684\u53cc\u773c \u53ef\u7231\u7684\u8138\u5e9e|[miss]\n|-miss|p1a: Gardevoir|p2a: \u6e05\u6f88\u7684\u53cc\u773c \u53ef\u7231\u7684\u8138\u5e9e\n|move|p2a: \u6e05\u6f88\u7684\u53cc\u773c \u53ef\u7231\u7684\u8138\u5e9e|Soft-Boiled|p2a: \u6e05\u6f88\u7684\u53cc\u773c \u53ef\u7231\u7684\u8138\u5e9e\n|-heal|p2a: \u6e05\u6f88\u7684\u53cc\u773c \u53ef\u7231\u7684\u8138\u5e9e|78\/100 tox\n|\n|-damage|p2a: \u6e05\u6f88\u7684\u53cc\u773c \u53ef\u7231\u7684\u8138\u5e9e|59\/100 tox|[from] psn\n|upkeep\n|turn|26\n|j| Forever1507\n|\n|t:|1700967453\n|-curestatus|p2a: \u6e05\u6f88\u7684\u53cc\u773c \u53ef\u7231\u7684\u8138\u5e9e|tox|[from] ability: Natural Cure\n|switch|p2a: \u6635\u79f0\u6211\u4e0d\u4f1a\u8d77\u5440|Gliscor, F|100\/100 tox\n|move|p1a: Gardevoir|Focus Blast|p2a: \u6635\u79f0\u6211\u4e0d\u4f1a\u8d77\u5440\n|-resisted|p2a: \u6635\u79f0\u6211\u4e0d\u4f1a\u8d77\u5440\n|-damage|p2a: \u6635\u79f0\u6211\u4e0d\u4f1a\u8d77\u5440|68\/100 tox\n|\n|-heal|p2a: \u6635\u79f0\u6211\u4e0d\u4f1a\u8d77\u5440|81\/100 tox|[from] ability: Poison Heal\n|upkeep\n|turn|27\n|l| Forever1507\n|j| qazserfvgyujnko\n|l| qazserfvgyujnko\n|\n|t:|1700967470\n|switch|p1a: Toxapex|Toxapex, F|100\/100\n|move|p2a: \u6635\u79f0\u6211\u4e0d\u4f1a\u8d77\u5440|Defog|p1a: Toxapex\n|-unboost|p1a: Toxapex|evasion|1\n|-sideend|p2: Serena1111\u805a\u6c14\u5384\u9b3c\u692a|Toxic Spikes|[from] move: Defog|[of] p2a: \u6635\u79f0\u6211\u4e0d\u4f1a\u8d77\u5440\n|\n|-heal|p2a: \u6635\u79f0\u6211\u4e0d\u4f1a\u8d77\u5440|93\/100 tox|[from] ability: Poison Heal\n|upkeep\n|turn|28\n|\n|t:|1700967482\n|switch|p2a: \u4fdd\u59c6\u9c7c|Alomomola, M|100\/100\n|switch|p1a: Weavile|Weavile, F|100\/100\n|\n|upkeep\n|turn|29\n|inactive|SeanboyQ has 120 seconds left.\n|j| XYStarshine.\u661f\u8000\n|\n|t:|1700967516\n|switch|p1a: Cinderace|Cinderace, F|100\/100\n|switch|p2a: \u5403\u543c\u9738\u7684\u53cd\u5f3a\u5316\u7269\u8bed|Dondozo, F|55\/100 slp\n|\n|upkeep\n|turn|30\n|\n|t:|1700967526\n|move|p1a: Cinderace|Gunk Shot|p2a: \u5403\u543c\u9738\u7684\u53cd\u5f3a\u5316\u7269\u8bed\n|-start|p1a: Cinderace|typechange|Poison|[from] ability: Libero\n|-crit|p2a: \u5403\u543c\u9738\u7684\u53cd\u5f3a\u5316\u7269\u8bed\n|-damage|p2a: \u5403\u543c\u9738\u7684\u53cd\u5f3a\u5316\u7269\u8bed|4\/100 slp\n|cant|p2a: \u5403\u543c\u9738\u7684\u53cd\u5f3a\u5316\u7269\u8bed|slp\n|move|p2a: \u5403\u543c\u9738\u7684\u53cd\u5f3a\u5316\u7269\u8bed|Sleep Talk|p2a: \u5403\u543c\u9738\u7684\u53cd\u5f3a\u5316\u7269\u8bed\n|move|p2a: \u5403\u543c\u9738\u7684\u53cd\u5f3a\u5316\u7269\u8bed|Curse|p2a: \u5403\u543c\u9738\u7684\u53cd\u5f3a\u5316\u7269\u8bed|[from]move: Sleep Talk\n|-unboost|p2a: \u5403\u543c\u9738\u7684\u53cd\u5f3a\u5316\u7269\u8bed|spe|1\n|-boost|p2a: \u5403\u543c\u9738\u7684\u53cd\u5f3a\u5316\u7269\u8bed|atk|1\n|-boost|p2a: \u5403\u543c\u9738\u7684\u53cd\u5f3a\u5316\u7269\u8bed|def|1\n|\n|upkeep\n|turn|31\n|\n|t:|1700967536\n|switch|p2a: \u4fdd\u59c6\u9c7c|Alomomola, M|100\/100\n|move|p1a: Cinderace|Gunk Shot|p2a: \u4fdd\u59c6\u9c7c\n|-damage|p2a: \u4fdd\u59c6\u9c7c|59\/100\n|\n|upkeep\n|turn|32\n|inactive|SeanboyQ has 120 seconds left.\n|\n|t:|1700967542\n|move|p1a: Cinderace|Gunk Shot|p2a: \u4fdd\u59c6\u9c7c\n|-damage|p2a: \u4fdd\u59c6\u9c7c|16\/100\n|move|p2a: \u4fdd\u59c6\u9c7c|Wish|p2a: \u4fdd\u59c6\u9c7c\n|\n|upkeep\n|turn|33\n|j| noob3322 1\n|j| Forever1507\n|\n|t:|1700967550\n|switch|p2a: \u6635\u79f0\u6211\u4e0d\u4f1a\u8d77\u5440|Gliscor, F|93\/100 tox\n|move|p1a: Cinderace|Gunk Shot|p2a: \u6635\u79f0\u6211\u4e0d\u4f1a\u8d77\u5440\n|-resisted|p2a: \u6635\u79f0\u6211\u4e0d\u4f1a\u8d77\u5440\n|-damage|p2a: \u6635\u79f0\u6211\u4e0d\u4f1a\u8d77\u5440|69\/100 tox\n|\n|-heal|p2a: \u6635\u79f0\u6211\u4e0d\u4f1a\u8d77\u5440|100\/100 tox|[from] move: Wish|[wisher] \u4fdd\u59c6\u9c7c\n|upkeep\n|turn|34\n|j| 3.14159265359e\n|l| 3.14159265359e\n|\n|t:|1700967562\n|switch|p1a: Garganacl|Garganacl, F|100\/100\n|move|p2a: \u6635\u79f0\u6211\u4e0d\u4f1a\u8d77\u5440|Earthquake|p1a: Garganacl\n|-supereffective|p1a: Garganacl\n|-damage|p1a: Garganacl|56\/100\n|\n|-heal|p1a: Garganacl|62\/100|[from] item: Leftovers\n|upkeep\n|turn|35\n|l| noob3322 1\n|\n|t:|1700967571\n|switch|p2a: \u4fdd\u59c6\u9c7c|Alomomola, M|49\/100\n|move|p1a: Garganacl|Salt Cure|p2a: \u4fdd\u59c6\u9c7c\n|-damage|p2a: \u4fdd\u59c6\u9c7c|42\/100\n|-start|p2a: \u4fdd\u59c6\u9c7c|Salt Cure\n|\n|-heal|p1a: Garganacl|68\/100|[from] item: Leftovers\n|-damage|p2a: \u4fdd\u59c6\u9c7c|17\/100|[from] Salt Cure\n|upkeep\n|turn|36\n|\n|t:|1700967579\n|switch|p2a: \u5c0f\u667a\u518d\u4e5f\u4e0d\u7528\u62c5\u5fc3\u6211\u4e0d\u77e5\u9053\u5bf9\u65b9\u62db\u5f0f\u4e86|Ditto|100\/100\n|-transform|p2a: \u5c0f\u667a\u518d\u4e5f\u4e0d\u7528\u62c5\u5fc3\u6211\u4e0d\u77e5\u9053\u5bf9\u65b9\u62db\u5f0f\u4e86|p1a: Garganacl|[from] ability: Imposter\n|move|p1a: Garganacl|Stealth Rock|p2a: \u5c0f\u667a\u518d\u4e5f\u4e0d\u7528\u62c5\u5fc3\u6211\u4e0d\u77e5\u9053\u5bf9\u65b9\u62db\u5f0f\u4e86\n|-sidestart|p2: Serena1111\u805a\u6c14\u5384\u9b3c\u692a|move: Stealth Rock\n|\n|-heal|p1a: Garganacl|74\/100|[from] item: Leftovers\n|upkeep\n|turn|37\n|\n|t:|1700967586\n|move|p2a: \u5c0f\u667a\u518d\u4e5f\u4e0d\u7528\u62c5\u5fc3\u6211\u4e0d\u77e5\u9053\u5bf9\u65b9\u62db\u5f0f\u4e86|Stealth Rock|p1a: Garganacl\n|-sidestart|p1: SeanboyQ|move: Stealth Rock\n|move|p1a: Garganacl|Salt Cure|p2a: \u5c0f\u667a\u518d\u4e5f\u4e0d\u7528\u62c5\u5fc3\u6211\u4e0d\u77e5\u9053\u5bf9\u65b9\u62db\u5f0f\u4e86\n|-damage|p2a: \u5c0f\u667a\u518d\u4e5f\u4e0d\u7528\u62c5\u5fc3\u6211\u4e0d\u77e5\u9053\u5bf9\u65b9\u62db\u5f0f\u4e86|87\/100\n|-start|p2a: \u5c0f\u667a\u518d\u4e5f\u4e0d\u7528\u62c5\u5fc3\u6211\u4e0d\u77e5\u9053\u5bf9\u65b9\u62db\u5f0f\u4e86|Salt Cure\n|\n|-heal|p1a: Garganacl|81\/100|[from] item: Leftovers\n|-damage|p2a: \u5c0f\u667a\u518d\u4e5f\u4e0d\u7528\u62c5\u5fc3\u6211\u4e0d\u77e5\u9053\u5bf9\u65b9\u62db\u5f0f\u4e86|75\/100|[from] Salt Cure\n|upkeep\n|turn|38\n|l| XYStarshine.\u661f\u8000\n|l| Forever1507\n|\n|t:|1700967608\n|switch|p2a: \u4fdd\u59c6\u9c7c|Alomomola, M|50\/100\n|switch|p1a: Toxapex|Toxapex, F|100\/100\n|-damage|p1a: Toxapex|88\/100|[from] Stealth Rock\n|\n|upkeep\n|turn|39\n|\n|t:|1700967624\n|switch|p2a: \u5c0f\u667a\u518d\u4e5f\u4e0d\u7528\u62c5\u5fc3\u6211\u4e0d\u77e5\u9053\u5bf9\u65b9\u62db\u5f0f\u4e86|Ditto|75\/100\n|-damage|p2a: \u5c0f\u667a\u518d\u4e5f\u4e0d\u7528\u62c5\u5fc3\u6211\u4e0d\u77e5\u9053\u5bf9\u65b9\u62db\u5f0f\u4e86|62\/100|[from] Stealth Rock\n|-transform|p2a: \u5c0f\u667a\u518d\u4e5f\u4e0d\u7528\u62c5\u5fc3\u6211\u4e0d\u77e5\u9053\u5bf9\u65b9\u62db\u5f0f\u4e86|p1a: Toxapex|[from] ability: Imposter\n|move|p1a: Toxapex|Toxic Spikes|p2a: \u5c0f\u667a\u518d\u4e5f\u4e0d\u7528\u62c5\u5fc3\u6211\u4e0d\u77e5\u9053\u5bf9\u65b9\u62db\u5f0f\u4e86\n|-sidestart|p2: Serena1111\u805a\u6c14\u5384\u9b3c\u692a|move: Toxic Spikes\n|\n|upkeep\n|turn|40\n|\n|t:|1700967633\n|move|p2a: \u5c0f\u667a\u518d\u4e5f\u4e0d\u7528\u62c5\u5fc3\u6211\u4e0d\u77e5\u9053\u5bf9\u65b9\u62db\u5f0f\u4e86|Recover|p2a: \u5c0f\u667a\u518d\u4e5f\u4e0d\u7528\u62c5\u5fc3\u6211\u4e0d\u77e5\u9053\u5bf9\u65b9\u62db\u5f0f\u4e86\n|-heal|p2a: \u5c0f\u667a\u518d\u4e5f\u4e0d\u7528\u62c5\u5fc3\u6211\u4e0d\u77e5\u9053\u5bf9\u65b9\u62db\u5f0f\u4e86|100\/100\n|move|p1a: Toxapex|Toxic Spikes|p2a: \u5c0f\u667a\u518d\u4e5f\u4e0d\u7528\u62c5\u5fc3\u6211\u4e0d\u77e5\u9053\u5bf9\u65b9\u62db\u5f0f\u4e86\n|-sidestart|p2: Serena1111\u805a\u6c14\u5384\u9b3c\u692a|move: Toxic Spikes\n|\n|upkeep\n|turn|41\n|\n|t:|1700967639\n|switch|p2a: \u4fdd\u59c6\u9c7c|Alomomola, M|84\/100\n|move|p1a: Toxapex|Toxic Spikes||[still]\n|-fail|p1a: Toxapex\n|\n|upkeep\n|turn|42\n|\n|t:|1700967644\n|move|p2a: \u4fdd\u59c6\u9c7c|Wish|p2a: \u4fdd\u59c6\u9c7c\n|move|p1a: Toxapex|Toxic|p2a: \u4fdd\u59c6\u9c7c\n|-status|p2a: \u4fdd\u59c6\u9c7c|tox\n|\n|-damage|p2a: \u4fdd\u59c6\u9c7c|77\/100 tox|[from] psn\n|upkeep\n|turn|43\n|\n|t:|1700967667\n|switch|p1a: Cinderace|Cinderace, F|100\/100\n|-damage|p1a: Cinderace|76\/100|[from] Stealth Rock\n|move|p2a: \u4fdd\u59c6\u9c7c|Flip Turn|p1a: Cinderace\n|-supereffective|p1a: Cinderace\n|-damage|p1a: Cinderace|31\/100\n|\n|t:|1700967675\n|switch|p2a: \u6635\u79f0\u6211\u4e0d\u4f1a\u8d77\u5440|Gliscor, F|100\/100 tox|[from] Flip Turn\n|-damage|p2a: \u6635\u79f0\u6211\u4e0d\u4f1a\u8d77\u5440|88\/100 tox|[from] Stealth Rock\n|\n|-heal|p2a: \u6635\u79f0\u6211\u4e0d\u4f1a\u8d77\u5440|100\/100 tox|[from] move: Wish|[wisher] \u4fdd\u59c6\u9c7c\n|upkeep\n|turn|44\n|\n|t:|1700967687\n|move|p1a: Cinderace|U-turn|p2a: \u6635\u79f0\u6211\u4e0d\u4f1a\u8d77\u5440\n|-start|p1a: Cinderace|typechange|Bug|[from] ability: Libero\n|-resisted|p2a: \u6635\u79f0\u6211\u4e0d\u4f1a\u8d77\u5440\n|-damage|p2a: \u6635\u79f0\u6211\u4e0d\u4f1a\u8d77\u5440|86\/100 tox\n|\n|t:|1700967692\n|switch|p1a: Alomomola|Alomomola, F|100\/100 tox|[from] U-turn\n|-damage|p1a: Alomomola|88\/100 tox|[from] Stealth Rock\n|move|p2a: \u6635\u79f0\u6211\u4e0d\u4f1a\u8d77\u5440|Defog|p1a: Alomomola\n|-unboost|p1a: Alomomola|evasion|1\n|-sideend|p1: SeanboyQ|Stealth Rock|[from] move: Defog|[of] p2a: \u6635\u79f0\u6211\u4e0d\u4f1a\u8d77\u5440\n|-sideend|p2: Serena1111\u805a\u6c14\u5384\u9b3c\u692a|Toxic Spikes|[from] move: Defog|[of] p2a: \u6635\u79f0\u6211\u4e0d\u4f1a\u8d77\u5440\n|-sideend|p2: Serena1111\u805a\u6c14\u5384\u9b3c\u692a|Stealth Rock|[from] move: Defog|[of] p2a: \u6635\u79f0\u6211\u4e0d\u4f1a\u8d77\u5440\n|\n|-heal|p1a: Alomomola|94\/100 tox|[from] item: Leftovers\n|-heal|p2a: \u6635\u79f0\u6211\u4e0d\u4f1a\u8d77\u5440|99\/100 tox|[from] ability: Poison Heal\n|-damage|p1a: Alomomola|88\/100 tox|[from] psn\n|upkeep\n|turn|45\n|\n|t:|1700967705\n|switch|p2a: \u4fdd\u59c6\u9c7c|Alomomola, M|100\/100 tox\n|move|p1a: Alomomola|Wish|p1a: Alomomola\n|\n|-heal|p1a: Alomomola|94\/100 tox|[from] item: Leftovers\n|-damage|p2a: \u4fdd\u59c6\u9c7c|94\/100 tox|[from] psn\n|-damage|p1a: Alomomola|82\/100 tox|[from] psn\n|upkeep\n|turn|46\n|\n|t:|1700967712\n|move|p1a: Alomomola|Flip Turn|p2a: \u4fdd\u59c6\u9c7c\n|-resisted|p2a: \u4fdd\u59c6\u9c7c\n|-damage|p2a: \u4fdd\u59c6\u9c7c|91\/100 tox\n|\n|t:|1700967715\n|switch|p1a: Cinderace|Cinderace, F|31\/100|[from] Flip Turn\n|move|p2a: \u4fdd\u59c6\u9c7c|Wish|p2a: \u4fdd\u59c6\u9c7c\n|\n|-heal|p1a: Cinderace|100\/100|[from] move: Wish|[wisher] Alomomola\n|-damage|p2a: \u4fdd\u59c6\u9c7c|78\/100 tox|[from] psn\n|upkeep\n|turn|47\n|\n|t:|1700967730\n|move|p1a: Cinderace|Gunk Shot|p2a: \u4fdd\u59c6\u9c7c\n|-start|p1a: Cinderace|typechange|Poison|[from] ability: Libero\n|-damage|p2a: \u4fdd\u59c6\u9c7c|37\/100 tox\n|move|p2a: \u4fdd\u59c6\u9c7c|Flip Turn|p1a: Cinderace\n|-damage|p1a: Cinderace|80\/100\n|\n|t:|1700967737\n|switch|p2a: \u5403\u543c\u9738\u7684\u53cd\u5f3a\u5316\u7269\u8bed|Dondozo, F|4\/100 slp|[from] Flip Turn\n|\n|-heal|p2a: \u5403\u543c\u9738\u7684\u53cd\u5f3a\u5316\u7269\u8bed|57\/100 slp|[from] move: Wish|[wisher] \u4fdd\u59c6\u9c7c\n|upkeep\n|turn|48\n|\n|t:|1700967742\n|move|p1a: Cinderace|Gunk Shot|p2a: \u5403\u543c\u9738\u7684\u53cd\u5f3a\u5316\u7269\u8bed\n|-damage|p2a: \u5403\u543c\u9738\u7684\u53cd\u5f3a\u5316\u7269\u8bed|23\/100 slp\n|-curestatus|p2a: \u5403\u543c\u9738\u7684\u53cd\u5f3a\u5316\u7269\u8bed|slp|[msg]\n|move|p2a: \u5403\u543c\u9738\u7684\u53cd\u5f3a\u5316\u7269\u8bed|Rest|p2a: \u5403\u543c\u9738\u7684\u53cd\u5f3a\u5316\u7269\u8bed\n|-status|p2a: \u5403\u543c\u9738\u7684\u53cd\u5f3a\u5316\u7269\u8bed|slp|[from] move: Rest\n|-heal|p2a: \u5403\u543c\u9738\u7684\u53cd\u5f3a\u5316\u7269\u8bed|100\/100 slp|[silent]\n|\n|upkeep\n|turn|49\n|\n|t:|1700967755\n|switch|p1a: Toxapex|Toxapex, F|100\/100\n|switch|p2a: \u5c0f\u667a\u518d\u4e5f\u4e0d\u7528\u62c5\u5fc3\u6211\u4e0d\u77e5\u9053\u5bf9\u65b9\u62db\u5f0f\u4e86|Ditto|100\/100\n|-transform|p2a: \u5c0f\u667a\u518d\u4e5f\u4e0d\u7528\u62c5\u5fc3\u6211\u4e0d\u77e5\u9053\u5bf9\u65b9\u62db\u5f0f\u4e86|p1a: Toxapex|[from] ability: Imposter\n|\n|upkeep\n|turn|50\n|\n|t:|1700967768\n|switch|p2a: \u6e05\u6f88\u7684\u53cc\u773c \u53ef\u7231\u7684\u8138\u5e9e|Chansey, F|59\/100\n|switch|p1a: Garganacl|Garganacl, F|81\/100\n|\n|-heal|p1a: Garganacl|87\/100|[from] item: Leftovers\n|upkeep\n|turn|51\n|\n|t:|1700967777\n|move|p2a: \u6e05\u6f88\u7684\u53cc\u773c \u53ef\u7231\u7684\u8138\u5e9e|Soft-Boiled|p2a: \u6e05\u6f88\u7684\u53cc\u773c \u53ef\u7231\u7684\u8138\u5e9e\n|-heal|p2a: \u6e05\u6f88\u7684\u53cc\u773c \u53ef\u7231\u7684\u8138\u5e9e|100\/100\n|move|p1a: Garganacl|Salt Cure|p2a: \u6e05\u6f88\u7684\u53cc\u773c \u53ef\u7231\u7684\u8138\u5e9e\n|-damage|p2a: \u6e05\u6f88\u7684\u53cc\u773c \u53ef\u7231\u7684\u8138\u5e9e|92\/100\n|-start|p2a: \u6e05\u6f88\u7684\u53cc\u773c \u53ef\u7231\u7684\u8138\u5e9e|Salt Cure\n|\n|-heal|p1a: Garganacl|93\/100|[from] item: Leftovers\n|-damage|p2a: \u6e05\u6f88\u7684\u53cc\u773c \u53ef\u7231\u7684\u8138\u5e9e|79\/100|[from] Salt Cure\n|upkeep\n|turn|52\n|\n|t:|1700967785\n|switch|p2a: \u6635\u79f0\u6211\u4e0d\u4f1a\u8d77\u5440|Gliscor, F|99\/100 tox\n|move|p1a: Garganacl|Stealth Rock|p2a: \u6635\u79f0\u6211\u4e0d\u4f1a\u8d77\u5440\n|-sidestart|p2: Serena1111\u805a\u6c14\u5384\u9b3c\u692a|move: Stealth Rock\n|\n|-heal|p1a: Garganacl|99\/100|[from] item: Leftovers\n|-heal|p2a: \u6635\u79f0\u6211\u4e0d\u4f1a\u8d77\u5440|100\/100 tox|[from] ability: Poison Heal\n|upkeep\n|turn|53\n|\n|t:|1700967798\n|switch|p2a: \u4fdd\u59c6\u9c7c|Alomomola, M|71\/100 tox\n|switch|p1a: Weavile|Weavile, F|100\/100\n|\n|-damage|p2a: \u4fdd\u59c6\u9c7c|64\/100 tox|[from] psn\n|upkeep\n|turn|54\n|\n|t:|1700967815\n|switch|p1a: Gardevoir|Gardevoir-Mega, M|100\/100 par\n|switch|p2a: \u5403\u543c\u9738\u7684\u53cd\u5f3a\u5316\u7269\u8bed|Dondozo, F|100\/100 slp\n|-damage|p2a: \u5403\u543c\u9738\u7684\u53cd\u5f3a\u5316\u7269\u8bed|88\/100 slp|[from] Stealth Rock\n|\n|upkeep\n|turn|55\n|\n|t:|1700967831\n|switch|p2a: \u6e05\u6f88\u7684\u53cc\u773c \u53ef\u7231\u7684\u8138\u5e9e|Chansey, F|79\/100\n|-damage|p2a: \u6e05\u6f88\u7684\u53cc\u773c \u53ef\u7231\u7684\u8138\u5e9e|67\/100|[from] Stealth Rock\n|move|p1a: Gardevoir|Hyper Voice|p2a: \u6e05\u6f88\u7684\u53cc\u773c \u53ef\u7231\u7684\u8138\u5e9e\n|-damage|p2a: \u6e05\u6f88\u7684\u53cc\u773c \u53ef\u7231\u7684\u8138\u5e9e|47\/100\n|\n|upkeep\n|turn|56\n|j| 3.14159265359e\n|\n|t:|1700967839\n|move|p1a: Gardevoir|Hyper Voice|p2a: \u6e05\u6f88\u7684\u53cc\u773c \u53ef\u7231\u7684\u8138\u5e9e\n|-damage|p2a: \u6e05\u6f88\u7684\u53cc\u773c \u53ef\u7231\u7684\u8138\u5e9e|27\/100\n|move|p2a: \u6e05\u6f88\u7684\u53cc\u773c \u53ef\u7231\u7684\u8138\u5e9e|Soft-Boiled|p2a: \u6e05\u6f88\u7684\u53cc\u773c \u53ef\u7231\u7684\u8138\u5e9e\n|-heal|p2a: \u6e05\u6f88\u7684\u53cc\u773c \u53ef\u7231\u7684\u8138\u5e9e|77\/100\n|\n|upkeep\n|turn|57\n|\n|t:|1700967845\n|move|p1a: Gardevoir|Focus Blast|p2a: \u6e05\u6f88\u7684\u53cc\u773c \u53ef\u7231\u7684\u8138\u5e9e|[miss]\n|-miss|p1a: Gardevoir|p2a: \u6e05\u6f88\u7684\u53cc\u773c \u53ef\u7231\u7684\u8138\u5e9e\n|move|p2a: \u6e05\u6f88\u7684\u53cc\u773c \u53ef\u7231\u7684\u8138\u5e9e|Seismic Toss|p1a: Gardevoir\n|-damage|p1a: Gardevoir|64\/100 par\n|\n|upkeep\n|turn|58\n|l| 3.14159265359e\n|\n|t:|1700967850\n|switch|p2a: \u5c0f\u667a\u518d\u4e5f\u4e0d\u7528\u62c5\u5fc3\u6211\u4e0d\u77e5\u9053\u5bf9\u65b9\u62db\u5f0f\u4e86|Ditto|100\/100\n|-damage|p2a: \u5c0f\u667a\u518d\u4e5f\u4e0d\u7528\u62c5\u5fc3\u6211\u4e0d\u77e5\u9053\u5bf9\u65b9\u62db\u5f0f\u4e86|88\/100|[from] Stealth Rock\n|-transform|p2a: \u5c0f\u667a\u518d\u4e5f\u4e0d\u7528\u62c5\u5fc3\u6211\u4e0d\u77e5\u9053\u5bf9\u65b9\u62db\u5f0f\u4e86|p1a: Gardevoir|[from] ability: Imposter\n|move|p1a: Gardevoir|Focus Blast|p2a: \u5c0f\u667a\u518d\u4e5f\u4e0d\u7528\u62c5\u5fc3\u6211\u4e0d\u77e5\u9053\u5bf9\u65b9\u62db\u5f0f\u4e86\n|-resisted|p2a: \u5c0f\u667a\u518d\u4e5f\u4e0d\u7528\u62c5\u5fc3\u6211\u4e0d\u77e5\u9053\u5bf9\u65b9\u62db\u5f0f\u4e86\n|-damage|p2a: \u5c0f\u667a\u518d\u4e5f\u4e0d\u7528\u62c5\u5fc3\u6211\u4e0d\u77e5\u9053\u5bf9\u65b9\u62db\u5f0f\u4e86|77\/100\n|\n|upkeep\n|turn|59\n|j| qissss\n|\n|t:|1700967866\n|move|p2a: \u5c0f\u667a\u518d\u4e5f\u4e0d\u7528\u62c5\u5fc3\u6211\u4e0d\u77e5\u9053\u5bf9\u65b9\u62db\u5f0f\u4e86|Mystical Fire|p1a: Gardevoir\n|-damage|p1a: Gardevoir|36\/100 par\n|-unboost|p1a: Gardevoir|spa|1\n|move|p1a: Gardevoir|Hyper Voice|p2a: \u5c0f\u667a\u518d\u4e5f\u4e0d\u7528\u62c5\u5fc3\u6211\u4e0d\u77e5\u9053\u5bf9\u65b9\u62db\u5f0f\u4e86\n|-crit|p2a: \u5c0f\u667a\u518d\u4e5f\u4e0d\u7528\u62c5\u5fc3\u6211\u4e0d\u77e5\u9053\u5bf9\u65b9\u62db\u5f0f\u4e86\n|-damage|p2a: \u5c0f\u667a\u518d\u4e5f\u4e0d\u7528\u62c5\u5fc3\u6211\u4e0d\u77e5\u9053\u5bf9\u65b9\u62db\u5f0f\u4e86|0 fnt\n|faint|p2a: \u5c0f\u667a\u518d\u4e5f\u4e0d\u7528\u62c5\u5fc3\u6211\u4e0d\u77e5\u9053\u5bf9\u65b9\u62db\u5f0f\u4e86\n|\n|upkeep\n|\n|t:|1700967883\n|switch|p2a: \u7269\u653b\u624b\u6211\u6d4b\u4f60\u7801|Banette, F|100\/100\n|-damage|p2a: \u7269\u653b\u624b\u6211\u6d4b\u4f60\u7801|88\/100|[from] Stealth Rock\n|turn|60\n|\n|t:|1700967890\n|switch|p1a: Alomomola|Alomomola, F|100\/100 tox\n|detailschange|p2a: \u7269\u653b\u624b\u6211\u6d4b\u4f60\u7801|Banette-Mega, F\n|-mega|p2a: \u7269\u653b\u624b\u6211\u6d4b\u4f60\u7801|Banette|Banettite\n|move|p2a: \u7269\u653b\u624b\u6211\u6d4b\u4f60\u7801|Encore||[still]\n|-fail|p2a: \u7269\u653b\u624b\u6211\u6d4b\u4f60\u7801\n|\n|-damage|p1a: Alomomola|94\/100 tox|[from] psn\n|upkeep\n|turn|61\n|\n|t:|1700967900\n|move|p2a: \u7269\u653b\u624b\u6211\u6d4b\u4f60\u7801|Taunt|p1a: Alomomola\n|-start|p1a: Alomomola|move: Taunt\n|cant|p1a: Alomomola|move: Taunt|Wish\n|\n|-heal|p1a: Alomomola|100\/100 tox|[from] item: Leftovers\n|-damage|p1a: Alomomola|88\/100 tox|[from] psn\n|upkeep\n|turn|62\n|\n|t:|1700967908\n|move|p2a: \u7269\u653b\u624b\u6211\u6d4b\u4f60\u7801|Poltergeist|p1a: Alomomola\n|-activate|p1a: Alomomola|move: Poltergeist|Leftovers\n|-damage|p1a: Alomomola|54\/100 tox\n|move|p1a: Alomomola|Flip Turn|p2a: \u7269\u653b\u624b\u6211\u6d4b\u4f60\u7801\n|-damage|p2a: \u7269\u653b\u624b\u6211\u6d4b\u4f60\u7801|68\/100\n|\n|t:|1700967914\n|switch|p1a: Weavile|Weavile, F|100\/100|[from] Flip Turn\n|\n|upkeep\n|turn|63\n|\n|t:|1700967926\n|move|p2a: \u7269\u653b\u624b\u6211\u6d4b\u4f60\u7801|Will-O-Wisp|p1a: Weavile\n|-hint|Since gen 7, Dark is immune to Prankster moves.\n|-immune|p1a: Weavile\n|move|p1a: Weavile|Knock Off|p2a: \u7269\u653b\u624b\u6211\u6d4b\u4f60\u7801\n|-supereffective|p2a: \u7269\u653b\u624b\u6211\u6d4b\u4f60\u7801\n|-damage|p2a: \u7269\u653b\u624b\u6211\u6d4b\u4f60\u7801|0 fnt\n|faint|p2a: \u7269\u653b\u624b\u6211\u6d4b\u4f60\u7801\n|\n|upkeep\n|-message|Serena1111\u805a\u6c14\u5384\u9b3c\u692a forfeited.\n|\n|win|SeanboyQ\n|raw|SeanboyQ's rating: 1152 &rarr; <strong>1180<\/strong><br \/>(+28 for winning)\n|raw|Serena1111\u805a\u6c14\u5384\u9b3c\u692a's rating: 1199 &rarr; <strong>1171<\/strong><br \/>(-28 for losing)\n|l|\u2606Serena1111\u805a\u6c14\u5384\u9b3c\u692a\n|l| qissss\n","uploadtime":1700967945,"views":3,"p1id":"seanboyq","p2id":"serena1111","formatid":"gen9nationaldex","rating":1171,"private":0,"password":""}