{"id":"gen9nationaldex-1994510633","p1":"SpecsGastr0","p2":"Yubel644","format":"[Gen 9] National Dex","log":"|j|\u2606SpecsGastr0\n|j|\u2606Yubel644\n|t:|1700452585\n|gametype|singles\n|player|p1|SpecsGastr0|colress|1264\n|player|p2|Yubel644|emmet|1346\n|teamsize|p1|6\n|teamsize|p2|6\n|gen|9\n|tier|[Gen 9] National Dex\n|rated|\n|rule|HP Percentage Mod: HP is shown in percentages\n|rule|Endless Battle Clause: Forcing endless battles is banned\n|rule|OHKO Clause: OHKO moves are banned\n|rule|Evasion Clause: Evasion abilities, items, and moves are banned\n|rule|Evasion Abilities Clause: Evasion abilities are banned\n|rule|Evasion Items Clause: Evasion items are banned\n|rule|Evasion Moves Clause: Evasion moves are banned\n|rule|Species Clause: Limit one of each Pok\u00e9mon\n|rule|Sleep Clause Mod: Limit one foe put to sleep\n|clearpoke\n|poke|p1|Cherrim, F|\n|poke|p1|Beedrill, F|\n|poke|p1|Alakazam, M|\n|poke|p1|Typhlosion, M|\n|poke|p1|Kartana|\n|poke|p1|Mimikyu, M|\n|poke|p2|Armarouge, F|\n|poke|p2|Gliscor, M|\n|poke|p2|Regice|\n|poke|p2|Forretress, M|\n|poke|p2|Tauros-Paldea-Aqua, M|\n|poke|p2|Banette, M|\n|teampreview\n|inactive|Battle timer is ON: inactive players will automatically lose when time's up. (requested by Yubel644)\n|\n|t:|1700452625\n|start\n|switch|p1a: Punchy|Alakazam, M|100\/100\n|switch|p2a: El Se\u00f1or DlaNoche|Gliscor, M|100\/100\n|turn|1\n|\n|t:|1700452634\n|switch|p2a: Brother ice|Regice, shiny|100\/100\n|move|p1a: Punchy|Ice Punch|p2a: Brother ice\n|-resisted|p2a: Brother ice\n|-damage|p2a: Brother ice|93\/100\n|\n|upkeep\n|turn|2\n|\n|t:|1700452647\n|-singleturn|p1a: Punchy|move: Focus Punch\n|move|p2a: Brother ice|Charge Beam|p1a: Punchy\n|-damage|p1a: Punchy|80\/100\n|-boost|p2a: Brother ice|spa|1\n|cant|p1a: Punchy|Focus Punch|Focus Punch\n|\n|upkeep\n|turn|3\n|\n|t:|1700452657\n|switch|p2a: Rogal Dorn|Forretress, M, shiny|100\/100\n|move|p1a: Punchy|Fire Punch|p2a: Rogal Dorn\n|-supereffective|p2a: Rogal Dorn\n|-damage|p2a: Rogal Dorn|59\/100\n|\n|upkeep\n|turn|4\n|\n|t:|1700452672\n|switch|p2a: Asterion Moloc|Tauros-Paldea-Aqua, M|100\/100\n|-ability|p2a: Asterion Moloc|Intimidate|boost\n|-unboost|p1a: Punchy|atk|1\n|move|p1a: Punchy|Fire Punch|p2a: Asterion Moloc\n|-resisted|p2a: Asterion Moloc\n|-damage|p2a: Asterion Moloc|94\/100\n|\n|upkeep\n|turn|5\n|\n|t:|1700452699\n|switch|p1a: Blossom|Cherrim, F|100\/100\n|move|p2a: Asterion Moloc|Raging Bull|p1a: Blossom\n|-resisted|p1a: Blossom\n|-damage|p1a: Blossom|59\/100\n|\n|upkeep\n|turn|6\n|inactive|SpecsGastr0 has 120 seconds left.\n|\n|t:|1700452715\n|move|p2a: Asterion Moloc|Close Combat|p1a: Blossom\n|-damage|p1a: Blossom|0 fnt\n|-unboost|p2a: Asterion Moloc|def|1\n|-unboost|p2a: Asterion Moloc|spd|1\n|faint|p1a: Blossom\n|\n|upkeep\n|inactive|SpecsGastr0 has 120 seconds left.\n|\n|t:|1700452726\n|switch|p1a: Punchy|Alakazam, M|80\/100\n|turn|7\n|inactive|SpecsGastr0 has 120 seconds left.\n|\n|t:|1700452731\n|move|p1a: Punchy|Thunder Punch|p2a: Asterion Moloc\n|-supereffective|p2a: Asterion Moloc\n|-damage|p2a: Asterion Moloc|32\/100\n|move|p2a: Asterion Moloc|Raging Bull|p1a: Punchy\n|-damage|p1a: Punchy|0 fnt\n|faint|p1a: Punchy\n|\n|upkeep\n|inactive|SpecsGastr0 has 120 seconds left.\n|\n|t:|1700452747\n|switch|p1a: Milk|Mimikyu, M|100\/100\n|turn|8\n|\n|t:|1700452754\n|switch|p2a: Rogal Dorn|Forretress, M, shiny|59\/100\n|move|p1a: Milk|Swords Dance|p1a: Milk\n|-boost|p1a: Milk|atk|2\n|\n|upkeep\n|turn|9\n|inactive|SpecsGastr0 has 120 seconds left.\n|\n|t:|1700452775\n|move|p1a: Milk|Shadow Claw|p2a: Rogal Dorn\n|-damage|p2a: Rogal Dorn|18\/100\n|-damage|p1a: Milk|84\/100|[from] item: Rocky Helmet|[of] p2a: Rogal Dorn\n|-damage|p1a: Milk|74\/100|[from] item: Life Orb\n|move|p2a: Rogal Dorn|Volt Switch|p1a: Milk\n|-activate|p1a: Milk|ability: Disguise\n|-damage|p1a: Milk|74\/100\n|detailschange|p1a: Milk|Mimikyu-Busted, M\n|-damage|p1a: Milk|62\/100|[from] pokemon: Mimikyu-Busted\n|\n|t:|1700452785\n|switch|p2a: Korpsman|Banette, M|100\/100|[from] Volt Switch\n|-item|p1a: Milk|Life Orb|[from] ability: Frisk|[of] p2a: Korpsman|[identify]\n|\n|upkeep\n|turn|10\n|inactive|SpecsGastr0 has 120 seconds left.\n|inactive|SpecsGastr0 has 90 seconds left.\n|\n|t:|1700452827\n|detailschange|p2a: Korpsman|Banette-Mega, M\n|-mega|p2a: Korpsman|Banette|Banettite\n|move|p1a: Milk|Shadow Sneak|p2a: Korpsman\n|-supereffective|p2a: Korpsman\n|-damage|p2a: Korpsman|0 fnt\n|faint|p2a: Korpsman\n|-damage|p1a: Milk|52\/100|[from] item: Life Orb\n|\n|upkeep\n|\n|t:|1700452833\n|switch|p2a: Asterion Moloc|Tauros-Paldea-Aqua, M|32\/100\n|-ability|p2a: Asterion Moloc|Intimidate|boost\n|-unboost|p1a: Milk|atk|1\n|turn|11\n|\n|t:|1700452840\n|move|p2a: Asterion Moloc|Aqua Jet|p1a: Milk\n|-crit|p1a: Milk\n|-damage|p1a: Milk|0 fnt\n|faint|p1a: Milk\n|\n|upkeep\n|inactive|SpecsGastr0 has 90 seconds left.\n|\n|t:|1700452868\n|switch|p1a: Caroline|Beedrill, F, shiny|100\/100\n|turn|12\n|\n|t:|1700452876\n|switch|p2a: Rogal Dorn|Forretress, M, shiny|18\/100\n|move|p1a: Caroline|Endure||[still]\n|-fail|p1a: Caroline\n|\n|upkeep\n|turn|13\n|\n|t:|1700452885\n|move|p1a: Caroline|Acrobatics|p2a: Rogal Dorn\n|-damage|p2a: Rogal Dorn|10\/100\n|-damage|p1a: Caroline|84\/100|[from] item: Rocky Helmet|[of] p2a: Rogal Dorn\n|move|p2a: Rogal Dorn|Volt Switch|p1a: Caroline\n|-damage|p1a: Caroline|68\/100\n|\n|t:|1700452902\n|switch|p2a: El Se\u00f1or DlaNoche|Gliscor, M|100\/100|[from] Volt Switch\n|\n|-status|p2a: El Se\u00f1or DlaNoche|tox|[from] item: Toxic Orb\n|upkeep\n|turn|14\n|inactive|SpecsGastr0 has 90 seconds left.\n|\n|t:|1700452916\n|move|p1a: Caroline|Acrobatics|p2a: El Se\u00f1or DlaNoche\n|-damage|p2a: El Se\u00f1or DlaNoche|91\/100 tox\n|move|p2a: El Se\u00f1or DlaNoche|Earthquake|p1a: Caroline\n|-crit|p1a: Caroline\n|-damage|p1a: Caroline|0 fnt\n|faint|p1a: Caroline\n|\n|-heal|p2a: El Se\u00f1or DlaNoche|100\/100 tox|[from] ability: Poison Heal\n|upkeep\n|inactive|SpecsGastr0 has 90 seconds left.\n|\n|t:|1700452928\n|switch|p1a: KRAKATOA|Typhlosion, M|100\/100\n|turn|15\n|\n|t:|1700452934\n|-terastallize|p2a: El Se\u00f1or DlaNoche|Water\n|move|p1a: KRAKATOA|Eruption|p2a: El Se\u00f1or DlaNoche\n|-resisted|p2a: El Se\u00f1or DlaNoche\n|-damage|p2a: El Se\u00f1or DlaNoche|60\/100 tox\n|move|p2a: El Se\u00f1or DlaNoche|Earthquake|p1a: KRAKATOA\n|-supereffective|p1a: KRAKATOA\n|-damage|p1a: KRAKATOA|2\/100\n|\n|-heal|p2a: El Se\u00f1or DlaNoche|73\/100 tox|[from] ability: Poison Heal\n|upkeep\n|turn|16\n|\n|t:|1700452947\n|move|p1a: KRAKATOA|Eruption|p2a: El Se\u00f1or DlaNoche\n|-resisted|p2a: El Se\u00f1or DlaNoche\n|-damage|p2a: El Se\u00f1or DlaNoche|72\/100 tox\n|move|p2a: El Se\u00f1or DlaNoche|Earthquake|p1a: KRAKATOA\n|-supereffective|p1a: KRAKATOA\n|-damage|p1a: KRAKATOA|0 fnt\n|faint|p1a: KRAKATOA\n|\n|-heal|p2a: El Se\u00f1or DlaNoche|85\/100 tox|[from] ability: Poison Heal\n|upkeep\n|\n|t:|1700452956\n|switch|p1a: Origarmy Killer|Kartana|100\/100\n|turn|17\n|\n|t:|1700452967\n|-terastallize|p1a: Origarmy Killer|Grass\n|move|p1a: Origarmy Killer|Leaf Blade|p2a: El Se\u00f1or DlaNoche\n|-supereffective|p2a: El Se\u00f1or DlaNoche\n|-damage|p2a: El Se\u00f1or DlaNoche|0 fnt\n|faint|p2a: El Se\u00f1or DlaNoche\n|-ability|p1a: Origarmy Killer|Beast Boost|boost\n|-boost|p1a: Origarmy Killer|spe|1\n|\n|upkeep\n|\n|t:|1700452983\n|switch|p2a: Magnis|Armarouge, F|100\/100\n|turn|18\n|\n|t:|1700452990\n|move|p1a: Origarmy Killer|Leaf Blade|p2a: Magnis\n|-resisted|p2a: Magnis\n|-damage|p2a: Magnis|54\/100\n|move|p2a: Magnis|Armor Cannon|p1a: Origarmy Killer\n|-supereffective|p1a: Origarmy Killer\n|-damage|p1a: Origarmy Killer|0 fnt\n|-unboost|p2a: Magnis|def|1\n|-unboost|p2a: Magnis|spd|1\n|faint|p1a: Origarmy Killer\n|\n|win|Yubel644\n|raw|SpecsGastr0's rating: 1264 &rarr; <strong>1245<\/strong><br \/>(-19 for losing)\n|raw|Yubel644's rating: 1346 &rarr; <strong>1361<\/strong><br \/>(+15 for winning)\n","uploadtime":1700452999,"views":4,"p1id":"specsgastr0","p2id":"yubel644","formatid":"gen9nationaldex","rating":1245,"private":0,"password":""}