{"id":"gen9nationaldex-1991480463","p1":"WitchICantSEE","p2":"The power of ROCK","format":"[Gen 9] National Dex","log":"|j|\u2606WitchICantSEE\n|j|\u2606The power of ROCK\n|t:|1700080823\n|gametype|singles\n|player|p1|WitchICantSEE|scientistf|\n|player|p2|The power of ROCK|roark|\n|teamsize|p1|6\n|teamsize|p2|6\n|gen|9\n|tier|[Gen 9] National Dex\n|rule|HP Percentage Mod: HP is shown in percentages\n|rule|Endless Battle Clause: Forcing endless battles is banned\n|rule|OHKO Clause: OHKO moves are banned\n|rule|Evasion Clause: Evasion abilities, items, and moves are banned\n|rule|Evasion Abilities Clause: Evasion abilities are banned\n|rule|Evasion Items Clause: Evasion items are banned\n|rule|Evasion Moves Clause: Evasion moves are banned\n|rule|Species Clause: Limit one of each Pok\u00e9mon\n|rule|Sleep Clause Mod: Limit one foe put to sleep\n|clearpoke\n|poke|p1|Eelektross, M|\n|poke|p1|Beedrill, M|\n|poke|p1|Xurkitree|\n|poke|p1|Pincurchin, M|\n|poke|p1|Galvantula, F|\n|poke|p1|Vanilluxe, F|\n|poke|p2|Tyranitar, M|\n|poke|p2|Garganacl, M|\n|poke|p2|Aggron, F|\n|poke|p2|Cradily, M|\n|poke|p2|Glimmora, M|\n|poke|p2|Avalugg-Hisui, M|\n|teampreview\n|c|\u2606The power of ROCK|Welcome to the ROCK gym\n|c|\u2606WitchICantSEE|Ok brock\n|\n|t:|1700080845\n|start\n|switch|p1a: Beedrill|Beedrill, M, shiny|100\/100\n|switch|p2a: Glimmora|Glimmora, M|100\/100\n|turn|1\n|c|\u2606WitchICantSEE|Electric is coolee type\n|\n|t:|1700080860\n|switch|p2a: Cradily|Cradily, M|100\/100\n|detailschange|p1a: Beedrill|Beedrill-Mega, M, shiny\n|-mega|p1a: Beedrill|Beedrill|Beedrillite\n|move|p1a: Beedrill|Drill Run|p2a: Cradily\n|-crit|p2a: Cradily\n|-damage|p2a: Cradily|67\/100\n|\n|upkeep\n|turn|2\n|\n|t:|1700080863\n|move|p1a: Beedrill|U-turn|p2a: Cradily\n|-supereffective|p2a: Cradily\n|-damage|p2a: Cradily|0 fnt\n|faint|p2a: Cradily\n|c|\u2606The power of ROCK|OOF\n|\n|t:|1700080869\n|switch|p1a: Galvantula|Galvantula, F, shiny|100\/100|[from] U-turn\n|\n|upkeep\n|\n|t:|1700080876\n|switch|p2a: Tyranitar|Tyranitar, M|100\/100\n|-weather|Sandstorm|[from] ability: Sand Stream|[of] p2a: Tyranitar\n|turn|3\n|c|\u2606WitchICantSEE|R u crazy? Get out of here\n|\n|t:|1700080884\n|move|p1a: Galvantula|Thunder Wave|p2a: Tyranitar\n|-status|p2a: Tyranitar|par\n|move|p2a: Tyranitar|Rock Blast|p1a: Galvantula\n|-supereffective|p1a: Galvantula\n|-crit|p1a: Galvantula\n|-damage|p1a: Galvantula|44\/100\n|-supereffective|p1a: Galvantula\n|-damage|p1a: Galvantula|6\/100\n|-supereffective|p1a: Galvantula\n|-damage|p1a: Galvantula|0 fnt\n|faint|p1a: Galvantula\n|-hitcount|p1: Galvantula|3\n|\n|-weather|Sandstorm|[upkeep]\n|upkeep\n|\n|t:|1700080896\n|switch|p1a: Beedrill|Beedrill-Mega, M, shiny|100\/100\n|turn|4\n|c|\u2606The power of ROCK|OH NO\n|c|\u2606WitchICantSEE|Oh yes\n|\n|t:|1700080931\n|switch|p2a: Avalugg|Avalugg-Hisui, M|100\/100\n|move|p1a: Beedrill|U-turn|p2a: Avalugg\n|-damage|p2a: Avalugg|78\/100\n|\n|t:|1700080937\n|switch|p1a: Eelektross|Eelektross, M, shiny|100\/100|[from] U-turn\n|\n|-weather|Sandstorm|[upkeep]\n|-damage|p1a: Eelektross|94\/100|[from] Sandstorm\n|upkeep\n|turn|5\n|\n|t:|1700080948\n|switch|p2a: Glimmora|Glimmora, M|100\/100\n|move|p1a: Eelektross|Giga Drain|p2a: Glimmora\n|-damage|p2a: Glimmora|85\/100\n|-heal|p1a: Eelektross|100\/100|[from] drain|[of] p2a: Glimmora\n|\n|-weather|Sandstorm|[upkeep]\n|-damage|p1a: Eelektross|94\/100|[from] Sandstorm\n|upkeep\n|turn|6\n|\n|t:|1700080954\n|move|p2a: Glimmora|Spikes|p1a: Eelektross\n|-sidestart|p1: WitchICantSEE|Spikes\n|-zpower|p1a: Eelektross\n|move|p1a: Eelektross|Gigavolt Havoc|p2a: Glimmora|[zeffect]\n|-damage|p2a: Glimmora|30\/100\n|\n|-weather|Sandstorm|[upkeep]\n|-damage|p1a: Eelektross|88\/100|[from] Sandstorm\n|upkeep\n|turn|7\n|\n|t:|1700080961\n|move|p2a: Glimmora|Spikes|p1a: Eelektross\n|-sidestart|p1: WitchICantSEE|Spikes\n|move|p1a: Eelektross|Thunderbolt|p2a: Glimmora\n|-damage|p2a: Glimmora|1\/100\n|\n|-weather|none\n|upkeep\n|turn|8\n|c|\u2606The power of ROCK|ITS NICE DAMAGE\n|\n|t:|1700080965\n|move|p2a: Glimmora|Spikes|p1a: Eelektross\n|-sidestart|p1: WitchICantSEE|Spikes\n|move|p1a: Eelektross|Volt Switch|p2a: Glimmora\n|-damage|p2a: Glimmora|0 fnt\n|faint|p2a: Glimmora\n|c|\u2606The power of ROCK|NICE DAMAGE\n|\n|t:|1700080981\n|switch|p1a: Pincurchin|Pincurchin, M, shiny|100\/100|[from] Volt Switch\n|-damage|p1a: Pincurchin|75\/100|[from] Spikes\n|-fieldstart|move: Electric Terrain|[from] ability: Electric Surge|[of] p1a: Pincurchin\n|\n|upkeep\n|c|\u2606WitchICantSEE|Its time\n|\n|t:|1700080989\n|switch|p2a: Tyranitar|Tyranitar, M|100\/100 par\n|-weather|Sandstorm|[from] ability: Sand Stream|[of] p2a: Tyranitar\n|turn|9\n|c|\u2606WitchICantSEE|To dddddddddddddddduel\n|\n|t:|1700080996\n|switch|p2a: Garganacl|Garganacl, M|100\/100\n|move|p1a: Pincurchin|Rising Voltage|p2a: Garganacl\n|-hint|Rising Voltage's BP doubled on grounded target.\n|-damage|p2a: Garganacl|75\/100\n|-enditem|p2a: Garganacl|Maranga Berry|[eat]\n|-boost|p2a: Garganacl|spd|1|[from] item: Maranga Berry\n|\n|-weather|Sandstorm|[upkeep]\n|-damage|p1a: Pincurchin|69\/100|[from] Sandstorm\n|upkeep\n|turn|10\n|c|\u2606The power of ROCK|ITS NOT TIME UNTIL I SAY IT IS\n|\n|t:|1700081004\n|switch|p1a: Xurkitree|Xurkitree, shiny|100\/100\n|-damage|p1a: Xurkitree|76\/100|[from] Spikes\n|move|p2a: Garganacl|Iron Defense|p2a: Garganacl\n|-boost|p2a: Garganacl|def|2\n|\n|-weather|Sandstorm|[upkeep]\n|-damage|p1a: Xurkitree|70\/100|[from] Sandstorm\n|upkeep\n|turn|11\n|\n|t:|1700081012\n|-terastallize|p1a: Xurkitree|Electric\n|move|p1a: Xurkitree|Rising Voltage|p2a: Garganacl\n|-hint|Rising Voltage's BP doubled on grounded target.\n|-damage|p2a: Garganacl|28\/100\n|move|p2a: Garganacl|Recover|p2a: Garganacl\n|-heal|p2a: Garganacl|78\/100\n|\n|-weather|Sandstorm|[upkeep]\n|-damage|p1a: Xurkitree|63\/100|[from] Sandstorm\n|upkeep\n|turn|12\n|\n|t:|1700081021\n|move|p1a: Xurkitree|Rising Voltage|p2a: Garganacl\n|-hint|Rising Voltage's BP doubled on grounded target.\n|-damage|p2a: Garganacl|32\/100\n|move|p2a: Garganacl|Recover|p2a: Garganacl\n|-heal|p2a: Garganacl|82\/100\n|\n|-weather|Sandstorm|[upkeep]\n|-damage|p1a: Xurkitree|57\/100|[from] Sandstorm\n|upkeep\n|turn|13\n|c|\u2606The power of ROCK|DED\n|c|\u2606WitchICantSEE|U changed ur evs\n|c|\u2606WitchICantSEE|>:*\n|c|\u2606The power of ROCK|NOPE\n|\n|t:|1700081035\n|move|p1a: Xurkitree|Rising Voltage|p2a: Garganacl\n|-hint|Rising Voltage's BP doubled on grounded target.\n|-damage|p2a: Garganacl|37\/100\n|move|p2a: Garganacl|Body Press|p1a: Xurkitree\n|-damage|p1a: Xurkitree|0 fnt\n|faint|p1a: Xurkitree\n|\n|-weather|none\n|upkeep\n|c|\u2606The power of ROCK|wait\n|c|\u2606The power of ROCK|!dt sandstorm\n|raw|<ul class=\"utilichart\"><li class=\"result\"><span class=\"col movenamecol\"><a href=\"https:\/\/dex.pokemonshowdown.com\/moves\/sandstorm\">Sandstorm<\/a><\/span> <span class=\"col typecol\"><img src=\"\/\/play.pokemonshowdown.com\/sprites\/types\/Rock.png\" alt=\"Rock\" width=\"32\" height=\"14\"><img src=\"\/\/play.pokemonshowdown.com\/sprites\/categories\/Status.png\" alt=\"Status\" width=\"32\" height=\"14\"><\/span> <span class=\"col widelabelcol\"><em>Accuracy<\/em><br>\u2014<\/span> <span class=\"col pplabelcol\"><em>PP<\/em><br>16<\/span> <span class=\"col movedesccol\">For 5 turns, a sandstorm rages. Rock: 1.5x SpD.<\/span> <\/li><li style=\"clear:both\"><\/li><\/ul>\n|raw|<font size=\"1\"><font color=\"#686868\">Priority:<\/font> 0&nbsp;|&ThickSpace;<font color=\"#686868\">Gen:<\/font> 2&nbsp;|&ThickSpace;&#10003; Bypasses Protect&nbsp;|&ThickSpace;&#10003; Wind move&nbsp;|&ThickSpace;<font color=\"#686868\">Z-Effect:<\/font>  Speed +1&nbsp;|&ThickSpace;<font color=\"#686868\">Target:<\/font> All Pok\u00e9mon<\/font>\n\n|\n|t:|1700081046\n|switch|p1a: Beedrill|Beedrill-Mega, M, shiny|100\/100\n|-damage|p1a: Beedrill|75\/100|[from] Spikes\n|turn|14\n|c|\u2606The power of ROCK|did you forget\n|c|\u2606The power of ROCK|sandstorm boost sp.def\n|c|\u2606The power of ROCK|last time i tera'd\n|c|\u2606WitchICantSEE|Oh\n|c|\u2606The power of ROCK|this time i didn't\n|c|\u2606WitchICantSEE|Ok\n|c|\u2606The power of ROCK|i learned my lesson xD\n|\n|t:|1700081069\n|-terastallize|p2a: Garganacl|Ghost\n|move|p1a: Beedrill|Drill Run|p2a: Garganacl\n|-damage|p2a: Garganacl|26\/100\n|move|p2a: Garganacl|Recover|p2a: Garganacl\n|-heal|p2a: Garganacl|76\/100\n|\n|upkeep\n|turn|15\n|\n|t:|1700081074\n|move|p1a: Beedrill|Knock Off|p2a: Garganacl\n|-supereffective|p2a: Garganacl\n|-damage|p2a: Garganacl|59\/100\n|move|p2a: Garganacl|Recover|p2a: Garganacl\n|-heal|p2a: Garganacl|100\/100\n|\n|-fieldend|move: Electric Terrain\n|upkeep\n|turn|16\n|\n|t:|1700081088\n|move|p1a: Beedrill|U-turn|p2a: Garganacl\n|-resisted|p2a: Garganacl\n|-damage|p2a: Garganacl|92\/100\n|\n|t:|1700081091\n|switch|p1a: Eelektross|Eelektross, M, shiny|88\/100|[from] U-turn\n|move|p2a: Garganacl|Salt Cure|p1a: Eelektross\n|-damage|p1a: Eelektross|74\/100\n|-start|p1a: Eelektross|Salt Cure\n|\n|-damage|p1a: Eelektross|61\/100|[from] Salt Cure\n|upkeep\n|turn|17\n|\n|t:|1700081099\n|move|p1a: Eelektross|Volt Switch|p2a: Garganacl\n|-crit|p2a: Garganacl\n|-damage|p2a: Garganacl|66\/100\n|\n|t:|1700081103\n|switch|p1a: Pincurchin|Pincurchin, M, shiny|69\/100|[from] Volt Switch\n|-damage|p1a: Pincurchin|44\/100|[from] Spikes\n|-fieldstart|move: Electric Terrain|[from] ability: Electric Surge|[of] p1a: Pincurchin\n|move|p2a: Garganacl|Body Press|p1a: Pincurchin\n|-damage|p1a: Pincurchin|0 fnt\n|faint|p1a: Pincurchin\n|\n|upkeep\n|c|\u2606WitchICantSEE|Totally balaced\n|c|\u2606WitchICantSEE|:)\n|c|\u2606The power of ROCK|: )\n|-message|WitchICantSEE forfeited.\n|\n|win|The power of ROCK\n|l|\u2606WitchICantSEE\n","uploadtime":1700081123,"views":4,"p1id":"witchicantsee","p2id":"thepowerofrock","formatid":"gen9nationaldex","rating":0,"private":0,"password":""}