{"id":"gen9nationaldex-1989275776","p1":"Shabooya1","p2":"Brick_Enjoyer_144","format":"[Gen 9] National Dex","log":"|j|\u2606Shabooya1\n|j|\u2606Brick_Enjoyer_144\n|t:|1699830811\n|gametype|singles\n|player|p1|Shabooya1|102|1214\n|player|p2|Brick_Enjoyer_144|shauntal|1127\n|teamsize|p1|6\n|teamsize|p2|6\n|gen|9\n|tier|[Gen 9] National Dex\n|rated|\n|rule|HP Percentage Mod: HP is shown in percentages\n|rule|Endless Battle Clause: Forcing endless battles is banned\n|rule|OHKO Clause: OHKO moves are banned\n|rule|Evasion Clause: Evasion abilities, items, and moves are banned\n|rule|Evasion Abilities Clause: Evasion abilities are banned\n|rule|Evasion Items Clause: Evasion items are banned\n|rule|Evasion Moves Clause: Evasion moves are banned\n|rule|Species Clause: Limit one of each Pok\u00e9mon\n|rule|Sleep Clause Mod: Limit one foe put to sleep\n|clearpoke\n|poke|p1|Sandy Shocks|\n|poke|p1|Electrode|\n|poke|p1|Regidrago|\n|poke|p1|Mew|\n|poke|p1|Hoopa-Unbound|\n|poke|p1|Beedrill, M|\n|poke|p2|Iron Valiant|\n|poke|p2|Medicham, F|\n|poke|p2|Durant, F|\n|poke|p2|Urshifu-*, M|\n|poke|p2|Hydreigon, M|\n|poke|p2|Maushold|\n|teampreview\n|inactive|Battle timer is ON: inactive players will automatically lose when time's up. (requested by Brick_Enjoyer_144)\n|\n|t:|1699830817\n|start\n|switch|p1a: Electrode|Electrode|100\/100\n|switch|p2a: Durant|Durant, F|100\/100\n|turn|1\n|\n|t:|1699830825\n|move|p1a: Electrode|Taunt|p2a: Durant\n|-start|p2a: Durant|move: Taunt\n|cant|p2a: Durant|move: Taunt|Hone Claws\n|\n|upkeep\n|turn|2\n|\n|t:|1699830833\n|move|p1a: Electrode|Reflect|p1a: Electrode\n|-sidestart|p1: Shabooya1|Reflect\n|move|p2a: Durant|Stomping Tantrum|p1a: Electrode|[miss]\n|-miss|p2a: Durant|p1a: Electrode\n|\n|upkeep\n|turn|3\n|\n|t:|1699830845\n|switch|p2a: Hydreigon|Hydreigon, M|100\/100\n|move|p1a: Electrode|Light Screen|p1a: Electrode\n|-sidestart|p1: Shabooya1|move: Light Screen\n|\n|upkeep\n|turn|4\n|\n|t:|1699830854\n|move|p1a: Electrode|Taunt|p2a: Hydreigon\n|-start|p2a: Hydreigon|move: Taunt\n|move|p2a: Hydreigon|Earth Power|p1a: Electrode\n|-supereffective|p1a: Electrode\n|-damage|p1a: Electrode|38\/100\n|\n|upkeep\n|turn|5\n|\n|t:|1699830862\n|move|p1a: Electrode|Explosion|p2a: Hydreigon\n|-damage|p2a: Hydreigon|61\/100\n|faint|p1a: Electrode\n|move|p2a: Hydreigon|Earth Power|p1: Electrode|[notarget]\n|-fail|p2a: Hydreigon\n|\n|upkeep\n|\n|t:|1699830865\n|switch|p1a: Hoopa|Hoopa-Unbound|100\/100\n|turn|6\n|\n|t:|1699830870\n|-terastallize|p1a: Hoopa|Normal\n|move|p2a: Hydreigon|Earth Power|p1a: Hoopa\n|-damage|p1a: Hoopa|79\/100\n|move|p1a: Hoopa|Swagger|p2a: Hydreigon|[miss]\n|-miss|p1a: Hoopa|p2a: Hydreigon\n|\n|-end|p2a: Hydreigon|move: Taunt\n|upkeep\n|turn|7\n|\n|t:|1699830880\n|move|p2a: Hydreigon|Earth Power|p1a: Hoopa\n|-damage|p1a: Hoopa|59\/100\n|move|p1a: Hoopa|Swagger|p2a: Hydreigon\n|-boost|p2a: Hydreigon|atk|2\n|-enditem|p1a: Hoopa|Mirror Herb\n|-boost|p1a: Hoopa|atk|2|[from] item: Mirror Herb\n|-start|p2a: Hydreigon|confusion\n|\n|upkeep\n|turn|8\n|\n|t:|1699830890\n|-activate|p2a: Hydreigon|confusion\n|move|p2a: Hydreigon|Earth Power|p1a: Hoopa\n|-damage|p1a: Hoopa|37\/100\n|move|p1a: Hoopa|Last Resort|p2a: Hydreigon\n|-damage|p2a: Hydreigon|0 fnt\n|faint|p2a: Hydreigon\n|\n|upkeep\n|\n|t:|1699830900\n|switch|p2a: Medicham|Medicham, F|100\/100\n|turn|9\n|\n|t:|1699830906\n|detailschange|p2a: Medicham|Medicham-Mega, F\n|-mega|p2a: Medicham|Medicham|Medichamite\n|move|p2a: Medicham|Close Combat|p1a: Hoopa\n|-supereffective|p1a: Hoopa\n|-crit|p1a: Hoopa\n|-damage|p1a: Hoopa|0 fnt\n|-unboost|p2a: Medicham|def|1\n|-unboost|p2a: Medicham|spd|1\n|faint|p1a: Hoopa\n|\n|-sideend|p1: Shabooya1|Reflect\n|upkeep\n|inactive|Shabooya1 has 120 seconds left.\n|\n|t:|1699830940\n|switch|p1a: Sandy Shocks|Sandy Shocks|100\/100\n|-enditem|p1a: Sandy Shocks|Booster Energy\n|-activate|p1a: Sandy Shocks|ability: Protosynthesis|[fromitem]\n|-start|p1a: Sandy Shocks|protosynthesisspe\n|turn|10\n|\n|t:|1699830949\n|move|p1a: Sandy Shocks|Earth Power|p2a: Medicham\n|-damage|p2a: Medicham|24\/100\n|move|p2a: Medicham|Ice Punch|p1a: Sandy Shocks\n|-supereffective|p1a: Sandy Shocks\n|-damage|p1a: Sandy Shocks|18\/100\n|\n|-sideend|p1: Shabooya1|move: Light Screen\n|upkeep\n|turn|11\n|\n|t:|1699830957\n|move|p1a: Sandy Shocks|Volt Switch|p2a: Medicham\n|-damage|p2a: Medicham|0 fnt\n|faint|p2a: Medicham\n|\n|t:|1699830965\n|-end|p1a: Sandy Shocks|Protosynthesis|[silent]\n|switch|p1a: Regidrago|Regidrago, shiny|100\/100|[from] Volt Switch\n|\n|upkeep\n|\n|t:|1699830970\n|switch|p2a: Durant|Durant, F|100\/100\n|turn|12\n|\n|t:|1699830978\n|move|p2a: Durant|Hone Claws|p2a: Durant\n|-boost|p2a: Durant|atk|1\n|-boost|p2a: Durant|accuracy|1\n|move|p1a: Regidrago|Dragon Dance|p1a: Regidrago\n|-boost|p1a: Regidrago|atk|1\n|-boost|p1a: Regidrago|spe|1\n|\n|upkeep\n|turn|13\n|\n|t:|1699830987\n|move|p1a: Regidrago|Earthquake|p2a: Durant\n|-damage|p2a: Durant|40\/100\n|move|p2a: Durant|Iron Head|p1a: Regidrago\n|-damage|p1a: Regidrago|0 fnt\n|faint|p1a: Regidrago\n|\n|upkeep\n|\n|t:|1699830991\n|switch|p1a: Sandy Shocks|Sandy Shocks|18\/100\n|turn|14\n|\n|t:|1699831000\n|move|p2a: Durant|Stomping Tantrum|p1a: Sandy Shocks\n|-supereffective|p1a: Sandy Shocks\n|-damage|p1a: Sandy Shocks|0 fnt\n|faint|p1a: Sandy Shocks\n|-end|p1a: Sandy Shocks|Protosynthesis|[silent]\n|\n|upkeep\n|\n|t:|1699831005\n|switch|p1a: Mew|Mew, shiny|100\/100\n|turn|15\n|\n|t:|1699831013\n|move|p2a: Durant|Iron Head|p1a: Mew\n|-damage|p1a: Mew|16\/100\n|cant|p1a: Mew|flinch\n|\n|upkeep\n|turn|16\n|\n|t:|1699831019\n|move|p2a: Durant|Iron Head|p1a: Mew\n|-damage|p1a: Mew|0 fnt\n|faint|p1a: Mew\n|\n|upkeep\n|\n|t:|1699831021\n|switch|p1a: Beedrill|Beedrill, M|100\/100\n|turn|17\n|\n|t:|1699831027\n|detailschange|p1a: Beedrill|Beedrill-Mega, M\n|-mega|p1a: Beedrill|Beedrill|Beedrillite\n|move|p1a: Beedrill|Drill Run|p2a: Durant\n|-damage|p2a: Durant|3\/100\n|move|p2a: Durant|Iron Head|p1a: Beedrill\n|-damage|p1a: Beedrill|0 fnt\n|faint|p1a: Beedrill\n|\n|win|Brick_Enjoyer_144\n|raw|Shabooya1's rating: 1214 &rarr; <strong>1183<\/strong><br \/>(-31 for losing)\n|raw|Brick_Enjoyer_144's rating: 1127 &rarr; <strong>1158<\/strong><br \/>(+31 for winning)\n|l|\u2606Shabooya1\n","uploadtime":1699831041,"views":6,"p1id":"shabooya1","p2id":"brickenjoyer144","formatid":"gen9nationaldex","rating":1158,"private":0,"password":""}