{"id":"gen9nationaldex-1994472178","p1":"Ekkogandr","p2":"akyraaiko","format":"[Gen 9] National Dex","log":"|j|\u2606Ekkogandr\n|j|\u2606akyraaiko\n|t:|1700447863\n|gametype|singles\n|player|p1|Ekkogandr|turo-ai|\n|player|p2|akyraaiko|170|\n|teamsize|p1|6\n|teamsize|p2|6\n|gen|9\n|tier|[Gen 9] National Dex\n|rule|HP Percentage Mod: HP is shown in percentages\n|rule|Endless Battle Clause: Forcing endless battles is banned\n|rule|OHKO Clause: OHKO moves are banned\n|rule|Evasion Clause: Evasion abilities, items, and moves are banned\n|rule|Evasion Abilities Clause: Evasion abilities are banned\n|rule|Evasion Items Clause: Evasion items are banned\n|rule|Evasion Moves Clause: Evasion moves are banned\n|rule|Species Clause: Limit one of each Pok\u00e9mon\n|rule|Sleep Clause Mod: Limit one foe put to sleep\n|clearpoke\n|poke|p1|Kyurem|\n|poke|p1|Lopunny, F|\n|poke|p1|Tapu Lele|\n|poke|p1|Moltres|\n|poke|p1|Ting-Lu|\n|poke|p1|Landorus-Therian, M|\n|poke|p2|Zoroark-Hisui, F|\n|poke|p2|Lycanroc-Dusk, F|\n|poke|p2|Urshifu-*, F|\n|poke|p2|Heatran, F|\n|poke|p2|Iron Moth|\n|poke|p2|Garchomp, M|\n|teampreview\n|\n|t:|1700447871\n|start\n|switch|p1a: Alces|Ting-Lu|100\/100\n|switch|p2a: Dragao da sua irma|Garchomp, M, shiny|100\/100\n|-ability|p1a: Alces|Vessel of Ruin\n|turn|1\n|\n|t:|1700447895\n|move|p2a: Dragao da sua irma|Trick|p1a: Alces\n|-activate|p2a: Dragao da sua irma|move: Trick|[of] p1a: Alces\n|-item|p1a: Alces|Choice Specs|[from] move: Trick\n|-item|p2a: Dragao da sua irma|Leftovers|[from] move: Trick\n|move|p1a: Alces|Stealth Rock|p2a: Dragao da sua irma\n|-sidestart|p2: akyraaiko|move: Stealth Rock\n|\n|upkeep\n|turn|2\n|\n|t:|1700447907\n|switch|p1a: Luna Cantor|Tapu Lele, shiny|100\/100\n|-fieldstart|move: Psychic Terrain|[from] ability: Psychic Surge|[of] p1a: Luna Cantor\n|move|p2a: Dragao da sua irma|Focus Blast|p1a: Luna Cantor\n|-resisted|p1a: Luna Cantor\n|-damage|p1a: Luna Cantor|91\/100\n|\n|upkeep\n|turn|3\n|\n|t:|1700447923\n|switch|p2a: calorento|Heatran, F|100\/100\n|-damage|p2a: calorento|88\/100|[from] Stealth Rock\n|-item|p2a: calorento|Air Balloon\n|move|p1a: Luna Cantor|Psyshock|p2a: calorento\n|-resisted|p2a: calorento\n|-damage|p2a: calorento|62\/100\n|-enditem|p2a: calorento|Air Balloon\n|\n|upkeep\n|turn|4\n|\n|t:|1700447933\n|switch|p1a: Alces|Ting-Lu|100\/100\n|-ability|p1a: Alces|Vessel of Ruin\n|move|p2a: calorento|Stealth Rock|p1a: Alces\n|-sidestart|p1: Ekkogandr|move: Stealth Rock\n|\n|upkeep\n|turn|5\n|\n|t:|1700447942\n|move|p2a: calorento|Magma Storm|p1a: Alces\n|-damage|p1a: Alces|77\/100\n|-activate|p1a: Alces|move: Magma Storm|[of] p2a: calorento\n|move|p1a: Alces|Earthquake|p2a: calorento\n|-supereffective|p2a: calorento\n|-damage|p2a: calorento|0 fnt\n|faint|p2a: calorento\n|\n|-end|p1a: Alces|Magma Storm|[partiallytrapped]|[silent]\n|upkeep\n|\n|t:|1700447952\n|switch|p2a: roger guedes|Urshifu-Rapid-Strike, F|100\/100\n|-damage|p2a: roger guedes|94\/100|[from] Stealth Rock\n|turn|6\n|\n|t:|1700447971\n|switch|p1a: Terra Tigris|Landorus-Therian, M|100\/100\n|-damage|p1a: Terra Tigris|88\/100|[from] Stealth Rock\n|-ability|p1a: Terra Tigris|Intimidate|boost\n|-unboost|p2a: roger guedes|atk|1\n|move|p2a: roger guedes|Close Combat|p1a: Terra Tigris\n|-resisted|p1a: Terra Tigris\n|-damage|p1a: Terra Tigris|63\/100\n|-unboost|p2a: roger guedes|def|1\n|-unboost|p2a: roger guedes|spd|1\n|-damage|p2a: roger guedes|78\/100|[from] item: Rocky Helmet|[of] p1a: Terra Tigris\n|\n|-fieldend|move: Psychic Terrain\n|upkeep\n|turn|7\n|\n|t:|1700447979\n|switch|p2a: sol|Iron Moth|100\/100\n|-damage|p2a: sol|76\/100|[from] Stealth Rock\n|-enditem|p2a: sol|Booster Energy\n|-activate|p2a: sol|ability: Quark Drive|[fromitem]\n|-start|p2a: sol|quarkdrivespe\n|move|p1a: Terra Tigris|Defog|p2a: sol\n|-unboost|p2a: sol|evasion|1\n|-sideend|p2: akyraaiko|Stealth Rock|[from] move: Defog|[of] p1a: Terra Tigris\n|-sideend|p1: Ekkogandr|Stealth Rock|[from] move: Defog|[of] p1a: Terra Tigris\n|\n|upkeep\n|turn|8\n|\n|t:|1700447986\n|move|p2a: sol|Energy Ball|p1a: Terra Tigris\n|-damage|p1a: Terra Tigris|30\/100\n|move|p1a: Terra Tigris|Earthquake|p2a: sol\n|-supereffective|p2a: sol\n|-damage|p2a: sol|0 fnt\n|faint|p2a: sol\n|-end|p2a: sol|Quark Drive|[silent]\n|\n|upkeep\n|\n|t:|1700447990\n|switch|p2a: Dragao da sua irma|Garchomp, M, shiny|100\/100\n|turn|9\n|\n|t:|1700447997\n|switch|p1a: Luna Cantor|Tapu Lele, shiny|91\/100\n|-fieldstart|move: Psychic Terrain|[from] ability: Psychic Surge|[of] p1a: Luna Cantor\n|move|p2a: Dragao da sua irma|Bitter Malice|p1a: Luna Cantor\n|-supereffective|p1a: Luna Cantor\n|-damage|p1a: Luna Cantor|13\/100\n|-unboost|p1a: Luna Cantor|atk|1\n|\n|upkeep\n|turn|10\n|\n|t:|1700448005\n|move|p1a: Luna Cantor|Moonblast|p2a: Dragao da sua irma\n|-damage|p2a: Dragao da sua irma|4\/100\n|-unboost|p2a: Dragao da sua irma|spa|1\n|replace|p2a: who?|Zoroark-Hisui, F, shiny\n|-end|p2a: who?|Illusion\n|move|p2a: who?|Bitter Malice|p1a: Luna Cantor\n|-supereffective|p1a: Luna Cantor\n|-damage|p1a: Luna Cantor|0 fnt\n|faint|p1a: Luna Cantor\n|\n|-heal|p2a: who?|10\/100|[from] item: Leftovers\n|upkeep\n|\n|t:|1700448010\n|switch|p1a: Gelida Vagus|Kyurem, shiny|100\/100\n|-ability|p1a: Gelida Vagus|Pressure\n|turn|11\n|\n|t:|1700448020\n|move|p2a: who?|Focus Blast|p1a: Gelida Vagus\n|-supereffective|p1a: Gelida Vagus\n|-damage|p1a: Gelida Vagus|52\/100\n|-unboost|p1a: Gelida Vagus|spd|1\n|move|p1a: Gelida Vagus|Substitute|p1a: Gelida Vagus\n|-start|p1a: Gelida Vagus|Substitute\n|-damage|p1a: Gelida Vagus|27\/100\n|\n|-heal|p2a: who?|16\/100|[from] item: Leftovers\n|upkeep\n|turn|12\n|\n|t:|1700448023\n|move|p2a: who?|Focus Blast|p1a: Gelida Vagus\n|-supereffective|p1a: Gelida Vagus\n|-end|p1a: Gelida Vagus|Substitute\n|move|p1a: Gelida Vagus|Freeze-Dry|p2a: who?\n|-damage|p2a: who?|0 fnt\n|faint|p2a: who?\n|\n|upkeep\n|\n|t:|1700448029\n|switch|p2a: Dragao da sua irma|Garchomp, M, shiny|100\/100\n|turn|13\n|\n|t:|1700448038\n|switch|p1a: Alces|Ting-Lu|77\/100\n|-ability|p1a: Alces|Vessel of Ruin\n|move|p2a: Dragao da sua irma|Scale Shot|p1a: Alces\n|-damage|p1a: Alces|70\/100\n|-damage|p1a: Alces|63\/100\n|-damage|p1a: Alces|56\/100\n|-damage|p1a: Alces|49\/100\n|-hitcount|p1a: Alces|4\n|-unboost|p2a: Dragao da sua irma|def|1\n|-boost|p2a: Dragao da sua irma|spe|1\n|\n|-fieldend|move: Psychic Terrain\n|upkeep\n|turn|14\n|\n|t:|1700448045\n|move|p2a: Dragao da sua irma|Liquidation|p1a: Alces\n|-supereffective|p1a: Alces\n|-damage|p1a: Alces|17\/100\n|move|p1a: Alces|Whirlwind|p2a: Dragao da sua irma\n|drag|p2a: el lobo|Lycanroc-Dusk, F, shiny|100\/100\n|\n|upkeep\n|turn|15\n|\n|t:|1700448050\n|move|p2a: el lobo|Close Combat|p1a: Alces\n|-supereffective|p1a: Alces\n|-damage|p1a: Alces|0 fnt\n|-unboost|p2a: el lobo|def|1\n|-unboost|p2a: el lobo|spd|1\n|faint|p1a: Alces\n|\n|upkeep\n|\n|t:|1700448055\n|switch|p1a: Rixator|Lopunny, F|100\/100\n|turn|16\n|\n|t:|1700448058\n|detailschange|p1a: Rixator|Lopunny-Mega, F\n|-mega|p1a: Rixator|Lopunny|Lopunnite\n|-terastallize|p2a: el lobo|Water\n|move|p1a: Rixator|Fake Out|p2a: el lobo\n|-damage|p2a: el lobo|44\/100\n|cant|p2a: el lobo|flinch\n|\n|upkeep\n|turn|17\n|\n|t:|1700448065\n|move|p1a: Rixator|Frustration|p2a: el lobo\n|-damage|p2a: el lobo|0 fnt\n|faint|p2a: el lobo\n|\n|upkeep\n|\n|t:|1700448069\n|switch|p2a: Dragao da sua irma|Garchomp, M, shiny|100\/100\n|turn|18\n|\n|t:|1700448077\n|switch|p1a: Terra Tigris|Landorus-Therian, M|30\/100\n|-ability|p1a: Terra Tigris|Intimidate|boost\n|-unboost|p2a: Dragao da sua irma|atk|1\n|move|p2a: Dragao da sua irma|Earthquake|p1a: Terra Tigris\n|-immune|p1a: Terra Tigris\n|\n|upkeep\n|turn|19\n|\n|t:|1700448084\n|move|p2a: Dragao da sua irma|Liquidation|p1a: Terra Tigris\n|-supereffective|p1a: Terra Tigris\n|-damage|p1a: Terra Tigris|3\/100\n|-unboost|p1a: Terra Tigris|def|1\n|-damage|p2a: Dragao da sua irma|84\/100|[from] item: Rocky Helmet|[of] p1a: Terra Tigris\n|move|p1a: Terra Tigris|Toxic|p2a: Dragao da sua irma|[miss]\n|-miss|p1a: Terra Tigris|p2a: Dragao da sua irma\n|\n|upkeep\n|turn|20\n|\n|t:|1700448095\n|move|p2a: Dragao da sua irma|Liquidation|p1a: Terra Tigris\n|-supereffective|p1a: Terra Tigris\n|-damage|p1a: Terra Tigris|0 fnt\n|-damage|p2a: Dragao da sua irma|67\/100|[from] item: Rocky Helmet|[of] p1a: Terra Tigris\n|faint|p1a: Terra Tigris\n|\n|upkeep\n|\n|t:|1700448099\n|switch|p1a: Rixator|Lopunny-Mega, F|100\/100\n|turn|21\n|\n|t:|1700448104\n|move|p1a: Rixator|Close Combat|p2a: Dragao da sua irma\n|-damage|p2a: Dragao da sua irma|0 fnt\n|-unboost|p1a: Rixator|def|1\n|-unboost|p1a: Rixator|spd|1\n|-damage|p1a: Rixator|88\/100|[from] ability: Rough Skin|[of] p2a: Dragao da sua irma\n|faint|p2a: Dragao da sua irma\n|\n|upkeep\n|\n|t:|1700448106\n|switch|p2a: roger guedes|Urshifu-Rapid-Strike, F|78\/100\n|turn|22\n|\n|t:|1700448115\n|switch|p1a: Vultur Volans|Moltres|100\/100\n|move|p2a: roger guedes|Surging Strikes|p1a: Vultur Volans\n|-supereffective|p1a: Vultur Volans\n|-crit|p1a: Vultur Volans\n|-damage|p1a: Vultur Volans|50\/100\n|-supereffective|p1a: Vultur Volans\n|-crit|p1a: Vultur Volans\n|-damage|p1a: Vultur Volans|0 fnt\n|-status|p2a: roger guedes|brn|[from] ability: Flame Body|[of] p1a: Vultur Volans\n|faint|p1a: Vultur Volans\n|-hitcount|p1: Vultur Volans|2\n|\n|-damage|p2a: roger guedes|72\/100 brn|[from] brn\n|upkeep\n|\n|t:|1700448124\n|switch|p1a: Gelida Vagus|Kyurem, shiny|27\/100\n|-ability|p1a: Gelida Vagus|Pressure\n|turn|23\n|\n|t:|1700448127\n|move|p1a: Gelida Vagus|Roost|p1a: Gelida Vagus\n|-heal|p1a: Gelida Vagus|77\/100\n|-singleturn|p1a: Gelida Vagus|move: Roost\n|move|p2a: roger guedes|Surging Strikes|p1a: Gelida Vagus\n|-resisted|p1a: Gelida Vagus\n|-crit|p1a: Gelida Vagus\n|-damage|p1a: Gelida Vagus|69\/100\n|-resisted|p1a: Gelida Vagus\n|-crit|p1a: Gelida Vagus\n|-damage|p1a: Gelida Vagus|61\/100\n|-resisted|p1a: Gelida Vagus\n|-crit|p1a: Gelida Vagus\n|-damage|p1a: Gelida Vagus|53\/100\n|-hitcount|p1a: Gelida Vagus|3\n|\n|-damage|p2a: roger guedes|66\/100 brn|[from] brn\n|upkeep\n|turn|24\n|-message|akyraaiko forfeited.\n|\n|win|Ekkogandr\n|l|\u2606akyraaiko\n","uploadtime":1700448143,"views":4,"p1id":"ekkogandr","p2id":"akyraaiko","formatid":"gen9nationaldex","rating":0,"private":0,"password":""}