{"id":"gen9nationaldex-1987239073","p1":"Emorawr79","p2":"Glass101","format":"[Gen 9] National Dex","log":"|j|\u2606Emorawr79\n|j|\u2606Glass101\n|t:|1699568336\n|gametype|singles\n|player|p1|Emorawr79|2|1609\n|player|p2|Glass101|rocketgruntf|1557\n|teamsize|p1|6\n|teamsize|p2|6\n|gen|9\n|tier|[Gen 9] National Dex\n|rated|\n|rule|HP Percentage Mod: HP is shown in percentages\n|rule|Endless Battle Clause: Forcing endless battles is banned\n|rule|OHKO Clause: OHKO moves are banned\n|rule|Evasion Clause: Evasion abilities, items, and moves are banned\n|rule|Evasion Abilities Clause: Evasion abilities are banned\n|rule|Evasion Items Clause: Evasion items are banned\n|rule|Evasion Moves Clause: Evasion moves are banned\n|rule|Species Clause: Limit one of each Pok\u00e9mon\n|rule|Sleep Clause Mod: Limit one foe put to sleep\n|clearpoke\n|poke|p1|Greninja-*, M|\n|poke|p1|Ribombee, M|\n|poke|p1|Manaphy|\n|poke|p1|Banette, M|\n|poke|p1|Gliscor, M|\n|poke|p1|Great Tusk|\n|poke|p2|Kyurem|\n|poke|p2|Galvantula, F|\n|poke|p2|Cresselia, F|\n|poke|p2|Ceruledge, F|\n|poke|p2|Garchomp, F|\n|poke|p2|Clodsire, M|\n|teampreview\n|inactive|Battle timer is ON: inactive players will automatically lose when time's up. (requested by Glass101)\n|\n|t:|1699568377\n|start\n|switch|p1a: Banette|Banette, M|100\/100\n|switch|p2a: Galvantula|Galvantula, F|100\/100\n|turn|1\n|\n|t:|1699568381\n|detailschange|p1a: Banette|Banette-Mega, M\n|-mega|p1a: Banette|Banette|Banettite\n|move|p2a: Galvantula|Thunder|p1a: Banette\n|-damage|p1a: Banette|33\/100\n|-status|p1a: Banette|par\n|cant|p1a: Banette|par\n|\n|upkeep\n|turn|2\n|\n|t:|1699568386\n|move|p1a: Banette|Encore|p2a: Galvantula\n|-start|p2a: Galvantula|Encore\n|move|p2a: Galvantula|Thunder|p1a: Banette\n|-damage|p1a: Banette|0 fnt\n|faint|p1a: Banette\n|\n|upkeep\n|\n|t:|1699568388\n|switch|p1a: Ribombee|Ribombee, M|100\/100\n|turn|3\n|\n|t:|1699568391\n|move|p1a: Ribombee|Sticky Web|p2a: Galvantula\n|-sidestart|p2: Glass101|move: Sticky Web\n|move|p2a: Galvantula|Thunder|p1a: Ribombee\n|-damage|p1a: Ribombee|15\/100\n|\n|upkeep\n|turn|4\n|\n|t:|1699568403\n|switch|p2a: Clodsire|Clodsire, M|100\/100\n|-activate|p2a: Clodsire|move: Sticky Web\n|-unboost|p2a: Clodsire|spe|1\n|move|p1a: Ribombee|Moonblast|p2a: Clodsire\n|-resisted|p2a: Clodsire\n|-damage|p2a: Clodsire|86\/100\n|\n|upkeep\n|turn|5\n|\n|t:|1699568406\n|move|p1a: Ribombee|Stun Spore|p2a: Clodsire\n|-status|p2a: Clodsire|par\n|cant|p2a: Clodsire|par\n|\n|upkeep\n|turn|6\n|\n|t:|1699568409\n|move|p1a: Ribombee|Bug Buzz|p2a: Clodsire\n|-resisted|p2a: Clodsire\n|-damage|p2a: Clodsire|71\/100 par\n|cant|p2a: Clodsire|par\n|\n|upkeep\n|turn|7\n|\n|t:|1699568415\n|switch|p1a: Gliscor|Gliscor, M|100\/100\n|cant|p2a: Clodsire|par\n|\n|-status|p1a: Gliscor|tox|[from] item: Toxic Orb\n|upkeep\n|turn|8\n|\n|t:|1699568418\n|move|p1a: Gliscor|Spikes|p2a: Clodsire\n|-sidestart|p2: Glass101|Spikes\n|move|p2a: Clodsire|Counter||[still]\n|-fail|p2a: Clodsire\n|\n|upkeep\n|turn|9\n|\n|t:|1699568423\n|switch|p2a: Galvantula|Galvantula, F|100\/100\n|-activate|p2a: Galvantula|move: Sticky Web\n|-unboost|p2a: Galvantula|spe|1\n|-damage|p2a: Galvantula|88\/100|[from] Spikes\n|move|p1a: Gliscor|Spikes|p2a: Galvantula\n|-sidestart|p2: Glass101|Spikes\n|\n|upkeep\n|turn|10\n|\n|t:|1699568432\n|move|p2a: Galvantula|Sticky Web|p1a: Gliscor\n|-sidestart|p1: Emorawr79|move: Sticky Web\n|move|p1a: Gliscor|Spikes|p2a: Galvantula\n|-sidestart|p2: Glass101|Spikes\n|\n|upkeep\n|turn|11\n|\n|t:|1699568436\n|move|p2a: Galvantula|Hidden Power|p1a: Gliscor\n|-supereffective|p1a: Gliscor\n|-damage|p1a: Gliscor|9\/100 tox\n|move|p1a: Gliscor|Earthquake|p2a: Galvantula\n|-damage|p2a: Galvantula|33\/100\n|\n|-heal|p1a: Gliscor|21\/100 tox|[from] ability: Poison Heal\n|upkeep\n|turn|12\n|\n|t:|1699568447\n|move|p2a: Galvantula|Thunder Wave|p1a: Gliscor\n|-immune|p1a: Gliscor\n|move|p1a: Gliscor|Earthquake|p2a: Galvantula\n|-damage|p2a: Galvantula|0 fnt\n|faint|p2a: Galvantula\n|\n|-heal|p1a: Gliscor|34\/100 tox|[from] ability: Poison Heal\n|upkeep\n|\n|t:|1699568451\n|switch|p2a: Kyurem|Kyurem|100\/100\n|-activate|p2a: Kyurem|move: Sticky Web\n|-unboost|p2a: Kyurem|spe|1\n|-damage|p2a: Kyurem|76\/100|[from] Spikes\n|-ability|p2a: Kyurem|Pressure\n|turn|13\n|\n|t:|1699568458\n|move|p1a: Gliscor|Toxic|p2a: Kyurem\n|-status|p2a: Kyurem|tox\n|move|p2a: Kyurem|Freeze-Dry|p1a: Gliscor\n|-supereffective|p1a: Gliscor\n|-damage|p1a: Gliscor|0 fnt\n|faint|p1a: Gliscor\n|-damage|p2a: Kyurem|66\/100 tox|[from] item: Life Orb\n|\n|-damage|p2a: Kyurem|60\/100 tox|[from] psn\n|upkeep\n|\n|t:|1699568462\n|switch|p1a: Great Tusk|Great Tusk|100\/100\n|-activate|p1a: Great Tusk|move: Sticky Web\n|-unboost|p1a: Great Tusk|spe|1\n|-enditem|p1a: Great Tusk|Booster Energy\n|-activate|p1a: Great Tusk|ability: Protosynthesis|[fromitem]\n|-start|p1a: Great Tusk|protosynthesisdef\n|turn|14\n|\n|t:|1699568465\n|move|p2a: Kyurem|Freeze-Dry|p1a: Great Tusk\n|-supereffective|p1a: Great Tusk\n|-damage|p1a: Great Tusk|0 fnt\n|faint|p1a: Great Tusk\n|-end|p1a: Great Tusk|Protosynthesis|[silent]\n|-damage|p2a: Kyurem|50\/100 tox|[from] item: Life Orb\n|\n|-damage|p2a: Kyurem|37\/100 tox|[from] psn\n|upkeep\n|\n|t:|1699568469\n|switch|p1a: Greninja|Greninja, M|100\/100\n|-activate|p1a: Greninja|move: Sticky Web\n|-unboost|p1a: Greninja|spe|1\n|turn|15\n|\n|t:|1699568475\n|move|p1a: Greninja|Dark Pulse|p2a: Kyurem\n|-damage|p2a: Kyurem|2\/100 tox\n|-damage|p1a: Greninja|91\/100|[from] item: Life Orb\n|move|p2a: Kyurem|Freeze-Dry|p1a: Greninja\n|-supereffective|p1a: Greninja\n|-damage|p1a: Greninja|0 fnt\n|faint|p1a: Greninja\n|-damage|p2a: Kyurem|0 fnt|[from] item: Life Orb\n|faint|p2a: Kyurem\n|\n|upkeep\n|\n|t:|1699568483\n|switch|p1a: Manaphy|Manaphy|100\/100\n|switch|p2a: Ceruledge|Ceruledge, F|100\/100\n|-activate|p1a: Manaphy|move: Sticky Web\n|-unboost|p1a: Manaphy|spe|1\n|turn|16\n|\n|t:|1699568487\n|move|p2a: Ceruledge|Substitute|p2a: Ceruledge\n|-start|p2a: Ceruledge|Substitute\n|-damage|p2a: Ceruledge|76\/100\n|move|p1a: Manaphy|Surf|p2a: Ceruledge\n|-supereffective|p2a: Ceruledge\n|-end|p2a: Ceruledge|Substitute\n|\n|upkeep\n|turn|17\n|\n|t:|1699568491\n|-terastallize|p2a: Ceruledge|Grass\n|move|p2a: Ceruledge|Swords Dance|p2a: Ceruledge\n|-boost|p2a: Ceruledge|atk|2\n|move|p1a: Manaphy|Surf|p2a: Ceruledge\n|-resisted|p2a: Ceruledge\n|-crit|p2a: Ceruledge\n|-damage|p2a: Ceruledge|47\/100\n|\n|upkeep\n|turn|18\n|\n|t:|1699568494\n|switch|p1a: Ribombee|Ribombee, M|15\/100\n|-activate|p1a: Ribombee|move: Sticky Web\n|-unboost|p1a: Ribombee|spe|1\n|move|p2a: Ceruledge|Poltergeist|p1a: Ribombee\n|-activate|p1a: Ribombee|move: Poltergeist|Focus Sash\n|-damage|p1a: Ribombee|0 fnt\n|faint|p1a: Ribombee\n|\n|upkeep\n|\n|t:|1699568496\n|switch|p1a: Manaphy|Manaphy|100\/100\n|-activate|p1a: Manaphy|move: Sticky Web\n|-unboost|p1a: Manaphy|spe|1\n|turn|19\n|\n|t:|1699568498\n|move|p2a: Ceruledge|Poltergeist|p1a: Manaphy\n|-activate|p1a: Manaphy|move: Poltergeist|Waterium Z\n|-damage|p1a: Manaphy|0 fnt\n|faint|p1a: Manaphy\n|\n|win|Glass101\n|raw|Emorawr79's rating: 1609 &rarr; <strong>1586<\/strong><br \/>(-23 for losing)\n|raw|Glass101's rating: 1557 &rarr; <strong>1580<\/strong><br \/>(+23 for winning)\n|l|\u2606Emorawr79\n","uploadtime":1699568509,"views":4,"p1id":"emorawr79","p2id":"glass101","formatid":"gen9nationaldex","rating":1580,"private":0,"password":""}