{"id":"gen9nationaldex-1996055103","p1":"Bling25","p2":"Shinyxk","format":"[Gen 9] National Dex","log":"|html|<div class=\"broadcast-blue\"><strong>[Gen 9] National Dex is currently suspecting Sneasler! For information on how to participate check out the <a href=\"https:\/\/www.smogon.com\/forums\/threads\/sv-national-dex-suspect-8-just-dance.3731534\/\">suspect thread<\/a>.<\/strong><\/div>\n|j|\u2606Bling25\n|j|\u2606Shinyxk\n|t:|1700636424\n|gametype|singles\n|player|p1|Bling25|2|1110\n|player|p2|Shinyxk|youngster-gen8|1043\n|teamsize|p1|6\n|teamsize|p2|2\n|gen|9\n|tier|[Gen 9] National Dex\n|rated|\n|rule|HP Percentage Mod: HP is shown in percentages\n|rule|Endless Battle Clause: Forcing endless battles is banned\n|rule|OHKO Clause: OHKO moves are banned\n|rule|Evasion Clause: Evasion abilities, items, and moves are banned\n|rule|Evasion Abilities Clause: Evasion abilities are banned\n|rule|Evasion Items Clause: Evasion items are banned\n|rule|Evasion Moves Clause: Evasion moves are banned\n|rule|Species Clause: Limit one of each Pok\u00e9mon\n|rule|Sleep Clause Mod: Limit one foe put to sleep\n|clearpoke\n|poke|p1|Clefable, F|\n|poke|p1|Tapu Koko|\n|poke|p1|Gliscor, M|\n|poke|p1|Blaziken, F|\n|poke|p1|Urshifu-*, M|\n|poke|p1|Maushold|\n|poke|p2|Latios, M|\n|poke|p2|Lapras, M|\n|teampreview\n|inactive|Battle timer is ON: inactive players will automatically lose when time's up. (requested by Shinyxk)\n|\n|t:|1700636435\n|start\n|switch|p1a: Clefable|Clefable, F|100\/100\n|switch|p2a: Latios|Latios, M|100\/100\n|turn|1\n|\n|t:|1700636454\n|move|p2a: Latios|Reflect|p2a: Latios\n|-sidestart|p2: Shinyxk|Reflect\n|move|p1a: Clefable|Calm Mind|p1a: Clefable\n|-boost|p1a: Clefable|spa|1\n|-boost|p1a: Clefable|spd|1\n|\n|upkeep\n|turn|2\n|\n|t:|1700636460\n|move|p2a: Latios|Light Screen|p2a: Latios\n|-sidestart|p2: Shinyxk|move: Light Screen\n|move|p1a: Clefable|Calm Mind|p1a: Clefable\n|-boost|p1a: Clefable|spa|1\n|-boost|p1a: Clefable|spd|1\n|\n|upkeep\n|turn|3\n|\n|t:|1700636466\n|move|p2a: Latios|Rain Dance|p2a: Latios\n|-weather|RainDance\n|move|p1a: Clefable|Calm Mind|p1a: Clefable\n|-boost|p1a: Clefable|spa|1\n|-boost|p1a: Clefable|spd|1\n|\n|-weather|RainDance|[upkeep]\n|upkeep\n|turn|4\n|\n|t:|1700636470\n|move|p2a: Latios|Memento|p1a: Clefable\n|-unboost|p1a: Clefable|atk|2\n|-unboost|p1a: Clefable|spa|2\n|faint|p2a: Latios\n|move|p1a: Clefable|Toxic|p2: Latios|[notarget]\n|-fail|p1a: Clefable\n|\n|-weather|RainDance|[upkeep]\n|upkeep\n|\n|t:|1700636472\n|switch|p2a: Lapras|Lapras, M|100\/100\n|turn|5\n|\n|t:|1700636477\n|move|p2a: Lapras|Dragon Dance|p2a: Lapras\n|-boost|p2a: Lapras|atk|1\n|-boost|p2a: Lapras|spe|1\n|move|p1a: Clefable|Toxic|p2a: Lapras\n|-status|p2a: Lapras|tox\n|\n|-weather|RainDance|[upkeep]\n|-activate|p2a: Lapras|ability: Hydration\n|-curestatus|p2a: Lapras|tox|[msg]\n|-sideend|p2: Shinyxk|Reflect\n|upkeep\n|turn|6\n|inactive|Shinyxk has 120 seconds left.\n|\n|t:|1700636513\n|move|p2a: Lapras|Dragon Dance|p2a: Lapras\n|-boost|p2a: Lapras|atk|1\n|-boost|p2a: Lapras|spe|1\n|move|p1a: Clefable|Calm Mind|p1a: Clefable\n|-boost|p1a: Clefable|spa|1\n|-boost|p1a: Clefable|spd|1\n|\n|-weather|RainDance|[upkeep]\n|-sideend|p2: Shinyxk|move: Light Screen\n|upkeep\n|turn|7\n|\n|t:|1700636523\n|-terastallize|p2a: Lapras|Water\n|move|p2a: Lapras|Liquidation|p1a: Clefable\n|-damage|p1a: Clefable|0 fnt\n|faint|p1a: Clefable\n|\n|-weather|RainDance|[upkeep]\n|upkeep\n|\n|t:|1700636529\n|switch|p1a: Tapu Koko|Tapu Koko|100\/100\n|-fieldstart|move: Electric Terrain|[from] ability: Electric Surge|[of] p1a: Tapu Koko\n|turn|8\n|\n|t:|1700636535\n|move|p2a: Lapras|Liquidation|p1a: Tapu Koko\n|-damage|p1a: Tapu Koko|0 fnt\n|faint|p1a: Tapu Koko\n|\n|-weather|RainDance|[upkeep]\n|upkeep\n|\n|t:|1700636541\n|switch|p1a: Urshifu|Urshifu-Rapid-Strike, M|100\/100\n|turn|9\n|\n|t:|1700636548\n|move|p2a: Lapras|Liquidation|p1a: Urshifu\n|-resisted|p1a: Urshifu\n|-damage|p1a: Urshifu|23\/100\n|move|p1a: Urshifu|Surging Strikes|p2a: Lapras\n|-resisted|p2a: Lapras\n|-crit|p2a: Lapras\n|-damage|p2a: Lapras|77\/100\n|-resisted|p2a: Lapras\n|-crit|p2a: Lapras\n|-damage|p2a: Lapras|54\/100\n|-resisted|p2a: Lapras\n|-crit|p2a: Lapras\n|-damage|p2a: Lapras|33\/100\n|-hitcount|p2a: Lapras|3\n|\n|-weather|RainDance|[upkeep]\n|upkeep\n|turn|10\n|\n|t:|1700636562\n|move|p2a: Lapras|Liquidation|p1a: Urshifu\n|-resisted|p1a: Urshifu\n|-damage|p1a: Urshifu|0 fnt\n|faint|p1a: Urshifu\n|\n|-weather|none\n|upkeep\n|\n|t:|1700636565\n|switch|p1a: Blaziken|Blaziken, F|100\/100\n|turn|11\n|\n|t:|1700636576\n|move|p1a: Blaziken|Protect|p1a: Blaziken\n|-singleturn|p1a: Blaziken|Protect\n|move|p2a: Lapras|Liquidation|p1a: Blaziken\n|-activate|p1a: Blaziken|move: Protect\n|\n|-ability|p1a: Blaziken|Speed Boost|boost\n|-boost|p1a: Blaziken|spe|1\n|upkeep\n|turn|12\n|\n|t:|1700636587\n|move|p1a: Blaziken|Protect||[still]\n|-fail|p1a: Blaziken\n|move|p2a: Lapras|Liquidation|p1a: Blaziken\n|-supereffective|p1a: Blaziken\n|-enditem|p1a: Blaziken|Focus Sash\n|-damage|p1a: Blaziken|1\/100\n|\n|-fieldend|move: Electric Terrain\n|-ability|p1a: Blaziken|Speed Boost|boost\n|-boost|p1a: Blaziken|spe|1\n|upkeep\n|turn|13\n|\n|t:|1700636593\n|move|p1a: Blaziken|Protect|p1a: Blaziken\n|-singleturn|p1a: Blaziken|Protect\n|move|p2a: Lapras|Ice Shard|p1a: Blaziken\n|-activate|p1a: Blaziken|move: Protect\n|\n|-ability|p1a: Blaziken|Speed Boost|boost\n|-boost|p1a: Blaziken|spe|1\n|upkeep\n|turn|14\n|\n|t:|1700636602\n|move|p2a: Lapras|Ice Shard|p1a: Blaziken\n|-resisted|p1a: Blaziken\n|-damage|p1a: Blaziken|0 fnt\n|faint|p1a: Blaziken\n|\n|upkeep\n|\n|t:|1700636607\n|switch|p1a: Maushold|Maushold|100\/100\n|turn|15\n|\n|t:|1700636618\n|move|p2a: Lapras|Liquidation|p1a: Maushold\n|-damage|p1a: Maushold|0 fnt\n|faint|p1a: Maushold\n|\n|upkeep\n|\n|t:|1700636621\n|switch|p1a: Gliscor|Gliscor, M|100\/100\n|turn|16\n|\n|t:|1700636624\n|move|p2a: Lapras|Liquidation|p1a: Gliscor\n|-supereffective|p1a: Gliscor\n|-damage|p1a: Gliscor|0 fnt\n|faint|p1a: Gliscor\n|\n|win|Shinyxk\n|raw|Bling25's rating: 1110 &rarr; <strong>1082<\/strong><br \/>(-28 for losing)\n|raw|Shinyxk's rating: 1062 &rarr; <strong>1097<\/strong><br \/>(+35 for winning)\n|l|\u2606Bling25\n","uploadtime":1700636627,"views":4,"p1id":"bling25","p2id":"shinyxk","formatid":"gen9nationaldex","rating":1082,"private":0,"password":""}