{"id":"gen9nationaldex-1999447833","p1":"Afogomorn","p2":"hulibugudu","format":"[Gen 9] National Dex","log":"|html|<div class=\"broadcast-blue\"><strong>[Gen 9] National Dex is currently suspecting Sneasler! For information on how to participate check out the <a href=\"https:\/\/www.smogon.com\/forums\/threads\/sv-national-dex-suspect-8-just-dance.3731534\/\">suspect thread<\/a>.<\/strong><\/div>\n|j|\u2606Afogomorn\n|j|\u2606hulibugudu\n|t:|1701082075\n|gametype|singles\n|player|p1|Afogomorn|101|\n|player|p2|hulibugudu|roxie|\n|teamsize|p1|6\n|teamsize|p2|6\n|gen|9\n|tier|[Gen 9] National Dex\n|rule|HP Percentage Mod: HP is shown in percentages\n|rule|Endless Battle Clause: Forcing endless battles is banned\n|rule|OHKO Clause: OHKO moves are banned\n|rule|Evasion Clause: Evasion abilities, items, and moves are banned\n|rule|Evasion Abilities Clause: Evasion abilities are banned\n|rule|Evasion Items Clause: Evasion items are banned\n|rule|Evasion Moves Clause: Evasion moves are banned\n|rule|Species Clause: Limit one of each Pok\u00e9mon\n|rule|Sleep Clause Mod: Limit one foe put to sleep\n|clearpoke\n|poke|p1|Pelipper, F|\n|poke|p1|Ferrothorn, F|\n|poke|p1|Urshifu-*, M|\n|poke|p1|Tapu Lele|\n|poke|p1|Swampert, M|\n|poke|p1|Tornadus-Therian, M|\n|poke|p2|Sableye, M|\n|poke|p2|Dondozo, F|\n|poke|p2|Toxapex, M|\n|poke|p2|Chansey, F|\n|poke|p2|Garganacl, M|\n|poke|p2|Skarmory, M|\n|teampreview\n|inactive|Battle timer is ON: inactive players will automatically lose when time's up. (requested by hulibugudu)\n|c|\u2606hulibugudu|\u54c7\u96e8\u5929\u961f\u634f\n|\n|t:|1701082095\n|start\n|switch|p1a: Pelipper|Pelipper, F|100\/100\n|switch|p2a: Sableye|Sableye, M|100\/100\n|-weather|RainDance|[from] ability: Drizzle|[of] p1a: Pelipper\n|turn|1\n|\n|t:|1701082104\n|detailschange|p2a: Sableye|Sableye-Mega, M\n|-mega|p2a: Sableye|Sableye|Sablenite\n|move|p1a: Pelipper|Scald|p2a: Sableye\n|-damage|p2a: Sableye|58\/100\n|move|p2a: Sableye|Will-O-Wisp|p1a: Pelipper\n|-status|p1a: Pelipper|brn\n|\n|-weather|RainDance|[upkeep]\n|-damage|p1a: Pelipper|94\/100 brn|[from] brn\n|upkeep\n|turn|2\n|\n|t:|1701082114\n|move|p2a: Sableye|Protect|p2a: Sableye\n|-singleturn|p2a: Sableye|Protect\n|move|p1a: Pelipper|Scald|p2a: Sableye\n|-activate|p2a: Sableye|move: Protect\n|\n|-weather|RainDance|[upkeep]\n|-damage|p1a: Pelipper|88\/100 brn|[from] brn\n|upkeep\n|turn|3\n|\n|t:|1701082125\n|switch|p2a: Chansey|Chansey, F, shiny|100\/100\n|move|p1a: Pelipper|Scald|p2a: Chansey\n|-damage|p2a: Chansey|87\/100\n|\n|-weather|RainDance|[upkeep]\n|-damage|p1a: Pelipper|82\/100 brn|[from] brn\n|upkeep\n|turn|4\n|\n|t:|1701082139\n|move|p1a: Pelipper|U-turn|p2a: Chansey\n|-damage|p2a: Chansey|84\/100\n|\n|t:|1701082149\n|switch|p1a: Tornadus|Tornadus-Therian, M|100\/100|[from] U-turn\n|move|p2a: Chansey|Toxic|p1a: Tornadus\n|-status|p1a: Tornadus|tox\n|\n|-weather|RainDance|[upkeep]\n|-damage|p1a: Tornadus|94\/100 tox|[from] psn\n|upkeep\n|turn|5\n|\n|t:|1701082159\n|move|p1a: Tornadus|Knock Off|p2a: Chansey\n|-damage|p2a: Chansey|70\/100\n|-enditem|p2a: Chansey|Eviolite|[from] move: Knock Off|[of] p1a: Tornadus\n|move|p2a: Chansey|Seismic Toss|p1a: Tornadus\n|-damage|p1a: Tornadus|61\/100 tox\n|\n|-weather|RainDance|[upkeep]\n|-damage|p1a: Tornadus|49\/100 tox|[from] psn\n|upkeep\n|turn|6\n|\n|t:|1701082169\n|move|p1a: Tornadus|U-turn|p2a: Chansey\n|-damage|p2a: Chansey|56\/100\n|\n|t:|1701082180\n|switch|p1a: Urshifu|Urshifu-Rapid-Strike, M|100\/100|[from] U-turn\n|move|p2a: Chansey|Soft-Boiled|p2a: Chansey\n|-heal|p2a: Chansey|100\/100\n|\n|-weather|RainDance|[upkeep]\n|upkeep\n|turn|7\n|\n|t:|1701082187\n|switch|p2a: Toxapex|Toxapex, M, shiny|100\/100\n|move|p1a: Urshifu|U-turn|p2a: Toxapex\n|-resisted|p2a: Toxapex\n|-damage|p2a: Toxapex|91\/100\n|\n|t:|1701082193\n|switch|p1a: Tapu Lele|Tapu Lele|100\/100|[from] U-turn\n|-fieldstart|move: Psychic Terrain|[from] ability: Psychic Surge|[of] p1a: Tapu Lele\n|\n|-weather|RainDance|[upkeep]\n|upkeep\n|turn|8\n|\n|t:|1701082201\n|move|p2a: Toxapex|Baneful Bunker|p2a: Toxapex\n|-singleturn|p2a: Toxapex|move: Protect\n|move|p1a: Tapu Lele|Future Sight|p2a: Toxapex\n|-start|p1a: Tapu Lele|move: Future Sight\n|\n|-weather|none\n|upkeep\n|turn|9\n|\n|t:|1701082221\n|switch|p1a: Urshifu|Urshifu-Rapid-Strike, M|100\/100\n|switch|p2a: Chansey|Chansey, F, shiny|100\/100\n|\n|upkeep\n|turn|10\n|\n|t:|1701082232\n|move|p1a: Urshifu|Surging Strikes|p2a: Chansey\n|-crit|p2a: Chansey\n|-damage|p2a: Chansey|83\/100\n|-crit|p2a: Chansey\n|-damage|p2a: Chansey|65\/100\n|-crit|p2a: Chansey\n|-damage|p2a: Chansey|45\/100\n|-hitcount|p2a: Chansey|3\n|move|p2a: Chansey|Toxic|p1a: Urshifu|[miss]\n|-miss|p2a: Chansey|p1a: Urshifu\n|\n|-end|p2a: Chansey|move: Future Sight\n|-damage|p2a: Chansey|10\/100\n|upkeep\n|turn|11\n|\n|t:|1701082251\n|switch|p1a: Tornadus|Tornadus-Therian, M|82\/100 tox\n|switch|p2a: Dondozo|Dondozo, F, shiny|100\/100\n|\n|-damage|p1a: Tornadus|76\/100 tox|[from] psn\n|-fieldend|move: Psychic Terrain\n|upkeep\n|turn|12\n|\n|t:|1701082263\n|move|p1a: Tornadus|Hurricane|p2a: Dondozo\n|-damage|p2a: Dondozo|55\/100\n|-start|p2a: Dondozo|confusion\n|-activate|p2a: Dondozo|confusion\n|-damage|p2a: Dondozo|50\/100|[from] confusion\n|\n|-heal|p2a: Dondozo|56\/100|[from] item: Leftovers\n|-damage|p1a: Tornadus|64\/100 tox|[from] psn\n|upkeep\n|turn|13\n|\n|t:|1701082273\n|move|p1a: Tornadus|U-turn|p2a: Dondozo\n|-damage|p2a: Dondozo|50\/100\n|\n|t:|1701082293\n|switch|p1a: Ferrothorn|Ferrothorn, F|100\/100|[from] U-turn\n|-activate|p2a: Dondozo|confusion\n|-damage|p2a: Dondozo|46\/100|[from] confusion\n|\n|-heal|p2a: Dondozo|52\/100|[from] item: Leftovers\n|upkeep\n|turn|14\n|\n|t:|1701082303\n|switch|p2a: Sableye|Sableye-Mega, M|58\/100\n|switch|p1a: Tapu Lele|Tapu Lele|100\/100\n|-fieldstart|move: Psychic Terrain|[from] ability: Psychic Surge|[of] p1a: Tapu Lele\n|\n|upkeep\n|turn|15\n|\n|t:|1701082317\n|move|p2a: Sableye|Protect|p2a: Sableye\n|-singleturn|p2a: Sableye|Protect\n|move|p1a: Tapu Lele|Moonblast|p2a: Sableye\n|-activate|p2a: Sableye|move: Protect\n|\n|upkeep\n|turn|16\n|\n|t:|1701082328\n|switch|p1a: Swampert|Swampert, M|100\/100\n|switch|p2a: Toxapex|Toxapex, M, shiny|100\/100\n|\n|upkeep\n|turn|17\n|\n|t:|1701082335\n|detailschange|p1a: Swampert|Swampert-Mega, M\n|-mega|p1a: Swampert|Swampert|Swampertite\n|move|p1a: Swampert|Earthquake|p2a: Toxapex\n|-supereffective|p2a: Toxapex\n|-damage|p2a: Toxapex|9\/100\n|move|p2a: Toxapex|Scald|p1a: Swampert\n|-damage|p1a: Swampert|85\/100\n|\n|upkeep\n|turn|18\n|\n|t:|1701082350\n|move|p2a: Toxapex|Baneful Bunker|p2a: Toxapex\n|-singleturn|p2a: Toxapex|move: Protect\n|move|p1a: Swampert|Earthquake|p2a: Toxapex\n|-activate|p2a: Toxapex|move: Protect\n|\n|-fieldend|move: Psychic Terrain\n|upkeep\n|turn|19\n|\n|t:|1701082363\n|switch|p2a: Skarmory|Skarmory, M, shiny|100\/100\n|move|p1a: Swampert|Flip Turn|p2a: Skarmory\n|-damage|p2a: Skarmory|78\/100\n|-damage|p1a: Swampert|68\/100|[from] item: Rocky Helmet|[of] p2a: Skarmory\n|\n|t:|1701082370\n|switch|p1a: Tapu Lele|Tapu Lele|100\/100|[from] Flip Turn\n|-fieldstart|move: Psychic Terrain|[from] ability: Psychic Surge|[of] p1a: Tapu Lele\n|\n|upkeep\n|turn|20\n|\n|t:|1701082397\n|switch|p2a: Toxapex|Toxapex, M, shiny|42\/100\n|move|p1a: Tapu Lele|Moonblast|p2a: Toxapex\n|-resisted|p2a: Toxapex\n|-damage|p2a: Toxapex|18\/100\n|-unboost|p2a: Toxapex|spa|1\n|\n|upkeep\n|turn|21\n|\n|t:|1701082404\n|move|p2a: Toxapex|Baneful Bunker|p2a: Toxapex\n|-singleturn|p2a: Toxapex|move: Protect\n|move|p1a: Tapu Lele|Moonblast|p2a: Toxapex\n|-activate|p2a: Toxapex|move: Protect\n|\n|upkeep\n|turn|22\n|c|\u2606Afogomorn|gg\n|\n|t:|1701082413\n|move|p1a: Tapu Lele|Moonblast|p2a: Toxapex\n|-resisted|p2a: Toxapex\n|-damage|p2a: Toxapex|0 fnt\n|faint|p2a: Toxapex\n|\n|upkeep\n|\n|t:|1701082435\n|switch|p2a: Garganacl|Garganacl, M, shiny|100\/100\n|turn|23\n|\n|t:|1701082441\n|switch|p1a: Tornadus|Tornadus-Therian, M|98\/100 tox\n|move|p2a: Garganacl|Stealth Rock|p1a: Tornadus\n|-sidestart|p1: Afogomorn|move: Stealth Rock\n|\n|-damage|p1a: Tornadus|92\/100 tox|[from] psn\n|-fieldend|move: Psychic Terrain\n|upkeep\n|turn|24\n|\n|t:|1701082449\n|move|p1a: Tornadus|Knock Off|p2a: Garganacl\n|-damage|p2a: Garganacl|88\/100\n|-enditem|p2a: Garganacl|Leftovers|[from] move: Knock Off|[of] p1a: Tornadus\n|move|p2a: Garganacl|Salt Cure|p1a: Tornadus\n|-supereffective|p1a: Tornadus\n|-damage|p1a: Tornadus|55\/100 tox\n|-start|p1a: Tornadus|Salt Cure\n|\n|-damage|p1a: Tornadus|43\/100 tox|[from] psn\n|-damage|p1a: Tornadus|31\/100 tox|[from] Salt Cure\n|upkeep\n|turn|25\n|\n|t:|1701082459\n|move|p1a: Tornadus|U-turn|p2a: Garganacl\n|-damage|p2a: Garganacl|78\/100\n|\n|t:|1701082477\n|switch|p1a: Urshifu|Urshifu-Rapid-Strike, M|100\/100|[from] U-turn\n|-damage|p1a: Urshifu|94\/100|[from] Stealth Rock\n|move|p2a: Garganacl|Salt Cure|p1a: Urshifu\n|-resisted|p1a: Urshifu\n|-damage|p1a: Urshifu|87\/100\n|-start|p1a: Urshifu|Salt Cure\n|\n|-damage|p1a: Urshifu|62\/100|[from] Salt Cure\n|upkeep\n|turn|26\n|\n|t:|1701082491\n|-terastallize|p2a: Garganacl|Grass\n|move|p1a: Urshifu|Close Combat|p2a: Garganacl\n|-damage|p2a: Garganacl|33\/100\n|-unboost|p1a: Urshifu|def|1\n|-unboost|p1a: Urshifu|spd|1\n|move|p2a: Garganacl|Salt Cure|p1a: Urshifu\n|-resisted|p1a: Urshifu\n|-damage|p1a: Urshifu|51\/100\n|\n|-damage|p1a: Urshifu|26\/100|[from] Salt Cure\n|upkeep\n|turn|27\n|\n|t:|1701082504\n|move|p2a: Garganacl|Protect|p2a: Garganacl\n|-singleturn|p2a: Garganacl|Protect\n|move|p1a: Urshifu|Close Combat|p2a: Garganacl\n|-damage|p2a: Garganacl|0 fnt\n|-unboost|p1a: Urshifu|def|1\n|-unboost|p1a: Urshifu|spd|1\n|faint|p2a: Garganacl\n|\n|-damage|p1a: Urshifu|1\/100|[from] Salt Cure\n|upkeep\n|\n|t:|1701082512\n|switch|p2a: Sableye|Sableye-Mega, M|58\/100\n|turn|28\n|\n|t:|1701082522\n|switch|p1a: Pelipper|Pelipper, F|82\/100 brn\n|-damage|p1a: Pelipper|57\/100 brn|[from] Stealth Rock\n|-weather|RainDance|[from] ability: Drizzle|[of] p1a: Pelipper\n|switch|p2a: Chansey|Chansey, F, shiny|10\/100\n|\n|-weather|RainDance|[upkeep]\n|-damage|p1a: Pelipper|51\/100 brn|[from] brn\n|upkeep\n|turn|29\n|\n|t:|1701082533\n|move|p1a: Pelipper|Scald|p2a: Chansey\n|-damage|p2a: Chansey|0 fnt\n|faint|p2a: Chansey\n|\n|-weather|RainDance|[upkeep]\n|-damage|p1a: Pelipper|45\/100 brn|[from] brn\n|upkeep\n|\n|t:|1701082545\n|switch|p2a: Dondozo|Dondozo, F, shiny|52\/100\n|turn|30\n|\n|t:|1701082551\n|move|p1a: Pelipper|Roost|p1a: Pelipper\n|-heal|p1a: Pelipper|95\/100 brn\n|-singleturn|p1a: Pelipper|move: Roost\n|move|p2a: Dondozo|Rest|p2a: Dondozo\n|-status|p2a: Dondozo|slp|[from] move: Rest\n|-heal|p2a: Dondozo|100\/100 slp|[silent]\n|\n|-weather|RainDance|[upkeep]\n|-damage|p1a: Pelipper|88\/100 brn|[from] brn\n|upkeep\n|turn|31\n|\n|t:|1701082560\n|move|p1a: Pelipper|Defog|p2a: Dondozo\n|-unboost|p2a: Dondozo|evasion|1\n|-sideend|p1: Afogomorn|Stealth Rock|[from] move: Defog|[of] p1a: Pelipper\n|cant|p2a: Dondozo|slp\n|move|p2a: Dondozo|Sleep Talk|p2a: Dondozo\n|move|p2a: Dondozo|Liquidation|p1a: Pelipper|[from]move: Sleep Talk\n|-resisted|p1a: Pelipper\n|-damage|p1a: Pelipper|73\/100 brn\n|\n|-weather|RainDance|[upkeep]\n|-damage|p1a: Pelipper|67\/100 brn|[from] brn\n|upkeep\n|turn|32\n|\n|t:|1701082572\n|-terastallize|p1a: Pelipper|Water\n|move|p1a: Pelipper|Scald|p2a: Dondozo\n|-resisted|p2a: Dondozo\n|-damage|p2a: Dondozo|75\/100 slp\n|cant|p2a: Dondozo|slp\n|move|p2a: Dondozo|Sleep Talk|p2a: Dondozo\n|move|p2a: Dondozo|Rest||[from]move: Sleep Talk|[still]\n|-fail|p2a: Dondozo\n|\n|-weather|RainDance|[upkeep]\n|-heal|p2a: Dondozo|81\/100 slp|[from] item: Leftovers\n|-damage|p1a: Pelipper|61\/100 brn|[from] brn\n|upkeep\n|turn|33\n|\n|t:|1701082584\n|switch|p2a: Skarmory|Skarmory, M, shiny|78\/100\n|move|p1a: Pelipper|U-turn|p2a: Skarmory\n|-resisted|p2a: Skarmory\n|-damage|p2a: Skarmory|77\/100\n|-damage|p1a: Pelipper|44\/100 brn|[from] item: Rocky Helmet|[of] p2a: Skarmory\n|\n|t:|1701082596\n|switch|p1a: Tapu Lele|Tapu Lele|100\/100|[from] U-turn\n|-fieldstart|move: Psychic Terrain|[from] ability: Psychic Surge|[of] p1a: Tapu Lele\n|\n|-weather|RainDance|[upkeep]\n|upkeep\n|turn|34\n|c|\u2606hulibugudu|\u73a9\u4f60\u6bcd\u725b\n|\n|t:|1701082625\n|move|p1a: Tapu Lele|Moonblast|p2a: Skarmory\n|-resisted|p2a: Skarmory\n|-damage|p2a: Skarmory|29\/100\n|move|p2a: Skarmory|Body Press|p1a: Tapu Lele\n|-resisted|p1a: Tapu Lele\n|-damage|p1a: Tapu Lele|88\/100\n|\n|-weather|RainDance|[upkeep]\n|upkeep\n|turn|35\n|c|\u2606Afogomorn|\u53d7\u597d\u73a9\u4e0d\n|\n|t:|1701082633\n|move|p1a: Tapu Lele|Moonblast|p2a: Skarmory\n|-resisted|p2a: Skarmory\n|-damage|p2a: Skarmory|0 fnt\n|faint|p2a: Skarmory\n|\n|-weather|none\n|upkeep\n|\n|t:|1701082636\n|switch|p2a: Sableye|Sableye-Mega, M|58\/100\n|turn|36\n|\n|t:|1701082641\n|move|p1a: Tapu Lele|Moonblast|p2a: Sableye\n|-supereffective|p2a: Sableye\n|-damage|p2a: Sableye|0 fnt\n|faint|p2a: Sableye\n|\n|upkeep\n|\n|t:|1701082642\n|switch|p2a: Dondozo|Dondozo, F, shiny|81\/100 slp\n|turn|37\n|\n|t:|1701082649\n|move|p1a: Tapu Lele|Moonblast|p2a: Dondozo\n|-damage|p2a: Dondozo|10\/100 slp\n|-unboost|p2a: Dondozo|spa|1\n|-curestatus|p2a: Dondozo|slp|[msg]\n|move|p2a: Dondozo|Sleep Talk||[still]\n|-fail|p2a: Dondozo\n|\n|-heal|p2a: Dondozo|17\/100|[from] item: Leftovers\n|-fieldend|move: Psychic Terrain\n|upkeep\n|turn|38\n|\n|t:|1701082658\n|move|p1a: Tapu Lele|Moonblast|p2a: Dondozo\n|-damage|p2a: Dondozo|0 fnt\n|faint|p2a: Dondozo\n|\n|win|Afogomorn\n","uploadtime":1701082664,"views":56,"p1id":"afogomorn","p2id":"hulibugudu","formatid":"gen9nationaldex","rating":0,"private":0,"password":""}