{"id":"gen9nationaldex-1994346623","p1":"testing teamy 4","p2":"StarChaserV","format":"[Gen 9] National Dex","log":"|j|\u2606testing teamy 4\n|j|\u2606StarChaserV\n|t:|1700433573\n|gametype|singles\n|player|p1|testing teamy 4|olympia|1299\n|player|p2|StarChaserV|tate|1419\n|teamsize|p1|6\n|teamsize|p2|6\n|gen|9\n|tier|[Gen 9] National Dex\n|rated|\n|rule|HP Percentage Mod: HP is shown in percentages\n|rule|Endless Battle Clause: Forcing endless battles is banned\n|rule|OHKO Clause: OHKO moves are banned\n|rule|Evasion Clause: Evasion abilities, items, and moves are banned\n|rule|Evasion Abilities Clause: Evasion abilities are banned\n|rule|Evasion Items Clause: Evasion items are banned\n|rule|Evasion Moves Clause: Evasion moves are banned\n|rule|Species Clause: Limit one of each Pok\u00e9mon\n|rule|Sleep Clause Mod: Limit one foe put to sleep\n|clearpoke\n|poke|p1|Blaziken, F|\n|poke|p1|Grimmsnarl, M|\n|poke|p1|Weavile, F|\n|poke|p1|Slowbro, M|\n|poke|p1|Rillaboom, M|\n|poke|p1|Landorus-Therian, M|\n|poke|p2|Inteleon, F|\n|poke|p2|Dragonite, F|\n|poke|p2|Vivillon-Pokeball, F|\n|poke|p2|Clefable, F|\n|poke|p2|Victini|\n|poke|p2|Jellicent, M|\n|teampreview\n|inactive|Battle timer is ON: inactive players will automatically lose when time's up. (requested by StarChaserV)\n|\n|t:|1700433578\n|start\n|switch|p1a: Grimmsnarl|Grimmsnarl, M|100\/100\n|switch|p2a: Pok\u00e9ball|Vivillon-Pokeball, F|100\/100\n|turn|1\n|j| Bayern72915\n|\n|t:|1700433582\n|move|p1a: Grimmsnarl|Fake Out|p2a: Pok\u00e9ball\n|-damage|p2a: Pok\u00e9ball|80\/100\n|cant|p2a: Pok\u00e9ball|flinch\n|\n|upkeep\n|turn|2\n|\n|t:|1700433584\n|move|p1a: Grimmsnarl|Light Screen|p1a: Grimmsnarl\n|-sidestart|p1: testing teamy 4|move: Light Screen\n|move|p2a: Pok\u00e9ball|Sleep Powder|p1a: Grimmsnarl\n|-status|p1a: Grimmsnarl|slp|[from] move: Sleep Powder\n|\n|upkeep\n|turn|3\n|\n|t:|1700433592\n|switch|p2a: Aqua|Inteleon, F|100\/100\n|switch|p1a: Weavile|Weavile, F|100\/100\n|-ability|p1a: Weavile|Pressure\n|\n|upkeep\n|turn|4\n|\n|t:|1700433594\n|switch|p1a: Rillaboom|Rillaboom, M|100\/100\n|-fieldstart|move: Grassy Terrain|[from] ability: Grassy Surge|[of] p1a: Rillaboom\n|move|p2a: Aqua|Snipe Shot|p1a: Rillaboom\n|-resisted|p1a: Rillaboom\n|-damage|p1a: Rillaboom|88\/100\n|\n|-heal|p1a: Rillaboom|95\/100|[from] Grassy Terrain\n|-heal|p1a: Rillaboom|100\/100|[from] item: Leftovers\n|upkeep\n|turn|5\n|\n|t:|1700433601\n|switch|p2a: Pok\u00e9ball|Vivillon-Pokeball, F|80\/100\n|move|p1a: Rillaboom|U-turn|p2a: Pok\u00e9ball\n|-resisted|p2a: Pok\u00e9ball\n|-damage|p2a: Pok\u00e9ball|56\/100\n|\n|t:|1700433605\n|switch|p1a: Blaziken|Blaziken, F|100\/100|[from] U-turn\n|\n|upkeep\n|turn|6\n|\n|t:|1700433610\n|move|p2a: Pok\u00e9ball|Hurricane|p1a: Blaziken\n|-supereffective|p1a: Blaziken\n|-damage|p1a: Blaziken|28\/100\n|-start|p1a: Blaziken|confusion\n|-activate|p1a: Blaziken|confusion\n|-damage|p1a: Blaziken|9\/100|[from] confusion\n|\n|-heal|p1a: Blaziken|15\/100|[from] Grassy Terrain\n|-ability|p1a: Blaziken|Speed Boost|boost\n|-boost|p1a: Blaziken|spe|1\n|upkeep\n|turn|7\n|\n|t:|1700433619\n|-activate|p1a: Blaziken|confusion\n|move|p1a: Blaziken|Flare Blitz|p2a: Pok\u00e9ball\n|-supereffective|p2a: Pok\u00e9ball\n|-damage|p2a: Pok\u00e9ball|0 fnt\n|faint|p2a: Pok\u00e9ball\n|-damage|p1a: Blaziken|0 fnt|[from] Recoil\n|faint|p1a: Blaziken\n|\n|upkeep\n|\n|t:|1700433624\n|switch|p2a: Jelly|Jellicent, M|100\/100\n|switch|p1a: Weavile|Weavile, F|100\/100\n|-ability|p1a: Weavile|Pressure\n|turn|8\n|\n|t:|1700433629\n|move|p1a: Weavile|Pursuit|p2a: Jelly\n|-supereffective|p2a: Jelly\n|-damage|p2a: Jelly|43\/100\n|-start|p1a: Weavile|Disable|Pursuit|[from] ability: Cursed Body|[of] p2a: Jelly\n|move|p2a: Jelly|Attract|p1a: Weavile\n|-start|p1a: Weavile|Attract\n|\n|-heal|p2a: Jelly|49\/100|[from] Grassy Terrain\n|-heal|p2a: Jelly|55\/100|[from] item: Leftovers\n|-fieldend|move: Grassy Terrain\n|upkeep\n|turn|9\n|\n|t:|1700433633\n|switch|p1a: Rillaboom|Rillaboom, M|100\/100\n|-fieldstart|move: Grassy Terrain|[from] ability: Grassy Surge|[of] p1a: Rillaboom\n|move|p2a: Jelly|Toxic|p1a: Rillaboom\n|-status|p1a: Rillaboom|tox\n|\n|-heal|p2a: Jelly|61\/100|[from] Grassy Terrain\n|-heal|p2a: Jelly|67\/100|[from] item: Leftovers\n|-damage|p1a: Rillaboom|94\/100 tox|[from] psn\n|-sideend|p1: testing teamy 4|move: Light Screen\n|upkeep\n|turn|10\n|\n|t:|1700433635\n|move|p2a: Jelly|Protect|p2a: Jelly\n|-singleturn|p2a: Jelly|Protect\n|move|p1a: Rillaboom|U-turn|p2a: Jelly\n|-activate|p2a: Jelly|move: Protect\n|\n|-heal|p1a: Rillaboom|100\/100 tox|[from] Grassy Terrain\n|-heal|p2a: Jelly|73\/100|[from] Grassy Terrain\n|-heal|p2a: Jelly|79\/100|[from] item: Leftovers\n|-damage|p1a: Rillaboom|88\/100 tox|[from] psn\n|upkeep\n|turn|11\n|\n|t:|1700433643\n|-terastallize|p2a: Jelly|Normal\n|move|p1a: Rillaboom|U-turn|p2a: Jelly\n|-damage|p2a: Jelly|56\/100\n|-start|p1a: Rillaboom|Disable|U-turn|[from] ability: Cursed Body|[of] p2a: Jelly\n|\n|t:|1700433646\n|switch|p1a: Slowbro|Slowbro, M|100\/100|[from] U-turn\n|move|p2a: Jelly|Confuse Ray|p1a: Slowbro\n|-start|p1a: Slowbro|confusion\n|\n|-heal|p2a: Jelly|62\/100|[from] Grassy Terrain\n|-heal|p2a: Jelly|69\/100|[from] item: Leftovers\n|upkeep\n|turn|12\n|\n|t:|1700433650\n|move|p2a: Jelly|Toxic|p1a: Slowbro\n|-status|p1a: Slowbro|tox\n|-activate|p1a: Slowbro|confusion\n|-damage|p1a: Slowbro|97\/100 tox|[from] confusion\n|\n|-heal|p2a: Jelly|75\/100|[from] Grassy Terrain\n|-heal|p2a: Jelly|81\/100|[from] item: Leftovers\n|-heal|p1a: Slowbro|100\/100 tox|[from] Grassy Terrain\n|-damage|p1a: Slowbro|94\/100 tox|[from] psn\n|upkeep\n|turn|13\n|\n|t:|1700433654\n|move|p2a: Jelly|Protect|p2a: Jelly\n|-singleturn|p2a: Jelly|Protect\n|-end|p1a: Slowbro|confusion\n|move|p1a: Slowbro|Future Sight|p2a: Jelly\n|-start|p1a: Slowbro|move: Future Sight\n|\n|-heal|p2a: Jelly|87\/100|[from] Grassy Terrain\n|-heal|p2a: Jelly|93\/100|[from] item: Leftovers\n|-heal|p1a: Slowbro|100\/100 tox|[from] Grassy Terrain\n|-damage|p1a: Slowbro|88\/100 tox|[from] psn\n|-fieldend|move: Grassy Terrain\n|upkeep\n|turn|14\n|\n|t:|1700433658\n|move|p2a: Jelly|Confuse Ray|p1a: Slowbro\n|-start|p1a: Slowbro|confusion\n|-activate|p1a: Slowbro|confusion\n|-damage|p1a: Slowbro|85\/100 tox|[from] confusion\n|\n|-heal|p2a: Jelly|99\/100|[from] item: Leftovers\n|-heal|p1a: Slowbro|91\/100 tox|[from] item: Leftovers\n|-damage|p1a: Slowbro|73\/100 tox|[from] psn\n|upkeep\n|turn|15\n|c|\u2606testing teamy 4|bro\n|\n|t:|1700433665\n|move|p2a: Jelly|Protect|p2a: Jelly\n|-singleturn|p2a: Jelly|Protect\n|-end|p1a: Slowbro|confusion\n|move|p1a: Slowbro|Teleport|p1a: Slowbro\n|\n|t:|1700433671\n|switch|p1a: Rillaboom|Rillaboom, M|88\/100 tox|[from] Teleport\n|-fieldstart|move: Grassy Terrain|[from] ability: Grassy Surge|[of] p1a: Rillaboom\n|\n|-end|p2a: Jelly|move: Future Sight\n|-damage|p2a: Jelly|68\/100\n|-heal|p1a: Rillaboom|94\/100 tox|[from] Grassy Terrain\n|-heal|p1a: Rillaboom|100\/100 tox|[from] item: Leftovers\n|-heal|p2a: Jelly|74\/100|[from] Grassy Terrain\n|-heal|p2a: Jelly|81\/100|[from] item: Leftovers\n|-damage|p1a: Rillaboom|94\/100 tox|[from] psn\n|upkeep\n|turn|16\n|\n|t:|1700433674\n|-terastallize|p1a: Rillaboom|Grass\n|move|p1a: Rillaboom|Wood Hammer|p2a: Jelly\n|-damage|p2a: Jelly|0 fnt\n|faint|p2a: Jelly\n|-damage|p1a: Rillaboom|72\/100 tox|[from] Recoil\n|\n|-heal|p1a: Rillaboom|78\/100 tox|[from] Grassy Terrain\n|-heal|p1a: Rillaboom|84\/100 tox|[from] item: Leftovers\n|-damage|p1a: Rillaboom|72\/100 tox|[from] psn\n|upkeep\n|\n|t:|1700433679\n|switch|p2a: Wing|Dragonite, F|100\/100\n|turn|17\n|\n|t:|1700433681\n|switch|p1a: Weavile|Weavile, F|100\/100\n|-ability|p1a: Weavile|Pressure\n|move|p2a: Wing|Dragon Dance|p2a: Wing\n|-boost|p2a: Wing|atk|1\n|-boost|p2a: Wing|spe|1\n|\n|upkeep\n|turn|18\n|\n|t:|1700433685\n|move|p1a: Weavile|Ice Shard|p2a: Wing\n|-supereffective|p2a: Wing\n|-damage|p2a: Wing|34\/100\n|-enditem|p2a: Wing|Weakness Policy\n|-boost|p2a: Wing|atk|2|[from] item: Weakness Policy\n|-boost|p2a: Wing|spa|2|[from] item: Weakness Policy\n|move|p2a: Wing|Fire Punch|p1a: Weavile\n|-supereffective|p1a: Weavile\n|-damage|p1a: Weavile|0 fnt\n|faint|p1a: Weavile\n|\n|upkeep\n|\n|t:|1700433688\n|switch|p1a: Landorus|Landorus-Therian, M|100\/100\n|-ability|p1a: Landorus|Intimidate|boost\n|-unboost|p2a: Wing|atk|1\n|turn|19\n|\n|t:|1700433690\n|move|p2a: Wing|Extreme Speed|p1a: Landorus\n|-damage|p1a: Landorus|37\/100\n|move|p1a: Landorus|Stone Edge|p2a: Wing|[miss]\n|-miss|p1a: Landorus|p2a: Wing\n|\n|-fieldend|move: Grassy Terrain\n|upkeep\n|turn|20\n|c|\u2606testing teamy 4|WHY\n|\n|t:|1700433698\n|move|p2a: Wing|Extreme Speed|p1a: Landorus\n|-damage|p1a: Landorus|0 fnt\n|faint|p1a: Landorus\n|\n|upkeep\n|\n|t:|1700433699\n|switch|p1a: Slowbro|Slowbro, M|100\/100 tox\n|turn|21\n|\n|t:|1700433703\n|move|p2a: Wing|Extreme Speed|p1a: Slowbro\n|-damage|p1a: Slowbro|70\/100 tox\n|move|p1a: Slowbro|Future Sight|p2a: Wing\n|-start|p1a: Slowbro|move: Future Sight\n|\n|-heal|p1a: Slowbro|76\/100 tox|[from] item: Leftovers\n|-damage|p1a: Slowbro|70\/100 tox|[from] psn\n|upkeep\n|turn|22\n|\n|t:|1700433707\n|move|p2a: Wing|Extreme Speed|p1a: Slowbro\n|-damage|p1a: Slowbro|37\/100 tox\n|move|p1a: Slowbro|Teleport|p1a: Slowbro\n|\n|t:|1700433709\n|switch|p1a: Grimmsnarl|Grimmsnarl, M|100\/100 slp|[from] Teleport\n|\n|upkeep\n|turn|23\n|\n|t:|1700433712\n|switch|p1a: Slowbro|Slowbro, M|70\/100 tox\n|move|p2a: Wing|Extreme Speed|p1a: Slowbro\n|-damage|p1a: Slowbro|37\/100 tox\n|\n|-end|p2a: Wing|move: Future Sight\n|-damage|p2a: Wing|0 fnt\n|faint|p2a: Wing\n|-heal|p1a: Slowbro|43\/100 tox|[from] item: Leftovers\n|-damage|p1a: Slowbro|37\/100 tox|[from] psn\n|upkeep\n|\n|t:|1700433716\n|switch|p2a: Aqua|Inteleon, F|100\/100\n|turn|24\n|\n|t:|1700433721\n|switch|p1a: Grimmsnarl|Grimmsnarl, M|100\/100 slp\n|move|p2a: Aqua|Dark Pulse|p1a: Grimmsnarl\n|-resisted|p1a: Grimmsnarl\n|-damage|p1a: Grimmsnarl|93\/100 slp\n|\n|upkeep\n|turn|25\n|\n|t:|1700433727\n|cant|p1a: Grimmsnarl|slp\n|move|p2a: Aqua|Snipe Shot|p1a: Grimmsnarl\n|-damage|p1a: Grimmsnarl|52\/100 slp\n|\n|upkeep\n|turn|26\n|\n|t:|1700433730\n|cant|p1a: Grimmsnarl|slp\n|move|p2a: Aqua|Snipe Shot|p1a: Grimmsnarl\n|-damage|p1a: Grimmsnarl|3\/100 slp\n|\n|upkeep\n|turn|27\n|\n|t:|1700433734\n|cant|p1a: Grimmsnarl|slp\n|move|p2a: Aqua|Snipe Shot|p1a: Grimmsnarl\n|-damage|p1a: Grimmsnarl|0 fnt\n|faint|p1a: Grimmsnarl\n|\n|upkeep\n|c|\u2606testing teamy 4|3 turn sleep is insane\n|\n|t:|1700433740\n|switch|p1a: Rillaboom|Rillaboom, M, tera:Grass|72\/100 tox\n|-fieldstart|move: Grassy Terrain|[from] ability: Grassy Surge|[of] p1a: Rillaboom\n|turn|28\n|\n|t:|1700433743\n|move|p2a: Aqua|Dark Pulse|p1a: Rillaboom\n|-damage|p1a: Rillaboom|42\/100 tox\n|move|p1a: Rillaboom|Wood Hammer|p2a: Aqua\n|-supereffective|p2a: Aqua\n|-damage|p2a: Aqua|0 fnt\n|faint|p2a: Aqua\n|-damage|p1a: Rillaboom|19\/100 tox|[from] Recoil\n|\n|-heal|p1a: Rillaboom|25\/100 tox|[from] Grassy Terrain\n|-heal|p1a: Rillaboom|31\/100 tox|[from] item: Leftovers\n|-damage|p1a: Rillaboom|25\/100 tox|[from] psn\n|upkeep\n|\n|t:|1700433746\n|switch|p2a: GODtini|Victini|100\/100\n|turn|29\n|c|\u2606testing teamy 4|ggs\n|\n|t:|1700433748\n|switch|p1a: Slowbro|Slowbro, M|70\/100 tox\n|-zpower|p2a: GODtini\n|move|p2a: GODtini|Z-Celebrate|p2a: GODtini|[anim]Celebrate\n|-boost|p2a: GODtini|atk|1|[zeffect]\n|-boost|p2a: GODtini|def|1|[zeffect]\n|-boost|p2a: GODtini|spa|1|[zeffect]\n|-boost|p2a: GODtini|spd|1|[zeffect]\n|-boost|p2a: GODtini|spe|1|[zeffect]\n|-activate|p2a: GODtini|move: Celebrate\n|\n|-heal|p1a: Slowbro|76\/100 tox|[from] Grassy Terrain\n|-heal|p1a: Slowbro|82\/100 tox|[from] item: Leftovers\n|-damage|p1a: Slowbro|76\/100 tox|[from] psn\n|upkeep\n|turn|30\n|\n|t:|1700433756\n|move|p2a: GODtini|Stored Power|p1a: Slowbro\n|-resisted|p1a: Slowbro\n|-damage|p1a: Slowbro|33\/100 tox\n|move|p1a: Slowbro|Scald|p2a: GODtini\n|-supereffective|p2a: GODtini\n|-damage|p2a: GODtini|61\/100\n|\n|-heal|p2a: GODtini|67\/100|[from] Grassy Terrain\n|-heal|p1a: Slowbro|39\/100 tox|[from] Grassy Terrain\n|-heal|p1a: Slowbro|45\/100 tox|[from] item: Leftovers\n|-damage|p1a: Slowbro|33\/100 tox|[from] psn\n|upkeep\n|turn|31\n|\n|t:|1700433759\n|move|p2a: GODtini|Stored Power|p1a: Slowbro\n|-resisted|p1a: Slowbro\n|-damage|p1a: Slowbro|0 fnt\n|faint|p1a: Slowbro\n|\n|-heal|p2a: GODtini|74\/100|[from] Grassy Terrain\n|upkeep\n|\n|t:|1700433760\n|switch|p1a: Rillaboom|Rillaboom, M, tera:Grass|25\/100 tox\n|turn|32\n|\n|t:|1700433761\n|move|p2a: GODtini|Searing Shot|p1a: Rillaboom\n|-supereffective|p1a: Rillaboom\n|-damage|p1a: Rillaboom|0 fnt\n|faint|p1a: Rillaboom\n|\n|win|StarChaserV\n|raw|testing teamy 4's rating: 1299 &rarr; <strong>1282<\/strong><br \/>(-17 for losing)\n|raw|StarChaserV's rating: 1419 &rarr; <strong>1432<\/strong><br \/>(+13 for winning)\n","uploadtime":1700433765,"views":5,"p1id":"testingteamy4","p2id":"starchaserv","formatid":"gen9nationaldex","rating":1282,"private":0,"password":""}