{"id":"gen9nationaldex-1988910381","p1":"Souravgotthepkmn1","p2":"Derpichuu","format":"[Gen 9] National Dex","log":"|j|\u2606Souravgotthepkmn1\n|j|\u2606Derpichuu\n|t:|1699786044\n|gametype|singles\n|player|p1|Souravgotthepkmn1|gambler|1099\n|player|p2|Derpichuu|169|1214\n|teamsize|p1|6\n|teamsize|p2|6\n|gen|9\n|tier|[Gen 9] National Dex\n|rated|\n|rule|HP Percentage Mod: HP is shown in percentages\n|rule|Endless Battle Clause: Forcing endless battles is banned\n|rule|OHKO Clause: OHKO moves are banned\n|rule|Evasion Clause: Evasion abilities, items, and moves are banned\n|rule|Evasion Abilities Clause: Evasion abilities are banned\n|rule|Evasion Items Clause: Evasion items are banned\n|rule|Evasion Moves Clause: Evasion moves are banned\n|rule|Species Clause: Limit one of each Pok\u00e9mon\n|rule|Sleep Clause Mod: Limit one foe put to sleep\n|clearpoke\n|poke|p1|Mawile, M|\n|poke|p1|Sneasler, M|\n|poke|p1|Rillaboom, M|\n|poke|p1|Kingdra, F|\n|poke|p1|Dracozolt|\n|poke|p1|Skeledirge, M|\n|poke|p2|Ditto|\n|poke|p2|Serperior, M|\n|poke|p2|Xurkitree|\n|poke|p2|Cloyster, F|\n|poke|p2|Clodsire, M|\n|poke|p2|Volcarona, F|\n|teampreview\n|inactive|Battle timer is ON: inactive players will automatically lose when time's up. (requested by Derpichuu)\n|c|\u2606Souravgotthepkmn1|Bro you're back\n|\n|t:|1699786065\n|start\n|switch|p1a: Dracozolt|Dracozolt|100\/100\n|switch|p2a: Serperior|Serperior, M|100\/100\n|turn|1\n|\n|t:|1699786089\n|-terastallize|p1a: Dracozolt|Electric\n|move|p1a: Dracozolt|Bolt Beak|p2a: Serperior|[miss]\n|-miss|p1a: Dracozolt|p2a: Serperior\n|move|p2a: Serperior|Dragon Pulse|p1a: Dracozolt\n|-damage|p1a: Dracozolt|70\/100\n|\n|upkeep\n|turn|2\n|\n|t:|1699786097\n|move|p1a: Dracozolt|Bolt Beak|p2a: Serperior\n|-resisted|p2a: Serperior\n|-damage|p2a: Serperior|14\/100\n|move|p2a: Serperior|Leaf Storm|p1a: Dracozolt\n|-damage|p1a: Dracozolt|8\/100\n|-boost|p2a: Serperior|spa|2\n|\n|upkeep\n|turn|3\n|\n|t:|1699786106\n|move|p1a: Dracozolt|Bolt Beak|p2a: Serperior\n|-resisted|p2a: Serperior\n|-damage|p2a: Serperior|0 fnt\n|faint|p2a: Serperior\n|\n|upkeep\n|\n|t:|1699786115\n|switch|p2a: Clodsire|Clodsire, M|100\/100\n|turn|4\n|\n|t:|1699786128\n|switch|p1a: Rillaboom|Rillaboom, M|100\/100\n|-fieldstart|move: Grassy Terrain|[from] ability: Grassy Surge|[of] p1a: Rillaboom\n|move|p2a: Clodsire|Stealth Rock|p1a: Rillaboom\n|-sidestart|p1: Souravgotthepkmn1|move: Stealth Rock\n|\n|upkeep\n|turn|5\n|\n|t:|1699786142\n|move|p1a: Rillaboom|Earthquake|p2a: Clodsire\n|-supereffective|p2a: Clodsire\n|-damage|p2a: Clodsire|65\/100\n|move|p2a: Clodsire|Recover|p2a: Clodsire\n|-heal|p2a: Clodsire|100\/100\n|\n|upkeep\n|turn|6\n|\n|t:|1699786153\n|move|p1a: Rillaboom|U-turn|p2a: Clodsire\n|-resisted|p2a: Clodsire\n|-damage|p2a: Clodsire|87\/100\n|c|\u2606Derpichuu|Oh\n|\n|t:|1699786157\n|switch|p1a: Sneasler|Sneasler, M|100\/100|[from] U-turn\n|-damage|p1a: Sneasler|95\/100|[from] Stealth Rock\n|-enditem|p1a: Sneasler|Grassy Seed\n|-boost|p1a: Sneasler|def|1|[from] item: Grassy Seed\n|move|p2a: Clodsire|Earthquake|p1a: Sneasler\n|-supereffective|p1a: Sneasler\n|-damage|p1a: Sneasler|46\/100\n|\n|-heal|p1a: Sneasler|52\/100|[from] Grassy Terrain\n|-heal|p2a: Clodsire|94\/100|[from] Grassy Terrain\n|-heal|p2a: Clodsire|99\/100|[from] item: Leftovers\n|upkeep\n|turn|7\n|c|\u2606Derpichuu|its you again\n|c|\u2606Derpichuu|hello\n|c|\u2606Derpichuu|New team I see\n|c|\u2606Souravgotthepkmn1|Yeah hi\n|inactive|Souravgotthepkmn1 has 120 seconds left.\n|\n|t:|1699786193\n|move|p1a: Sneasler|Swords Dance|p1a: Sneasler\n|-boost|p1a: Sneasler|atk|2\n|move|p2a: Clodsire|Earthquake|p1a: Sneasler\n|-supereffective|p1a: Sneasler\n|-damage|p1a: Sneasler|0 fnt\n|faint|p1a: Sneasler\n|\n|-heal|p2a: Clodsire|100\/100|[from] Grassy Terrain\n|upkeep\n|c|\u2606Souravgotthepkmn1|Oh no\n|\n|t:|1699786208\n|switch|p1a: Kingdra|Kingdra, F|100\/100\n|-damage|p1a: Kingdra|88\/100|[from] Stealth Rock\n|turn|8\n|c|\u2606Derpichuu|C l o d s i r e\n|\n|t:|1699786219\n|move|p1a: Kingdra|Rain Dance|p1a: Kingdra\n|-weather|RainDance\n|move|p2a: Clodsire|Earthquake|p1a: Kingdra\n|-damage|p1a: Kingdra|72\/100\n|\n|-weather|RainDance|[upkeep]\n|-heal|p1a: Kingdra|79\/100|[from] Grassy Terrain\n|upkeep\n|turn|9\n|inactive|Souravgotthepkmn1 has 120 seconds left.\n|c|\u2606Derpichuu|Oh shit\n|\n|t:|1699786234\n|move|p1a: Kingdra|Surf|p2a: Clodsire\n|-supereffective|p2a: Clodsire\n|-damage|p2a: Clodsire|37\/100\n|move|p2a: Clodsire|Earthquake|p1a: Kingdra\n|-damage|p1a: Kingdra|62\/100\n|\n|-weather|RainDance|[upkeep]\n|-heal|p1a: Kingdra|68\/100|[from] Grassy Terrain\n|-heal|p2a: Clodsire|43\/100|[from] Grassy Terrain\n|-heal|p2a: Clodsire|50\/100|[from] item: Leftovers\n|upkeep\n|turn|10\n|inactive|Souravgotthepkmn1 has 120 seconds left.\n|\n|t:|1699786249\n|switch|p2a: Ditto|Ditto|100\/100\n|-transform|p2a: Ditto|p1a: Kingdra|[from] ability: Imposter\n|move|p1a: Kingdra|Surf|p2a: Ditto\n|-resisted|p2a: Ditto\n|-damage|p2a: Ditto|77\/100\n|\n|-weather|RainDance|[upkeep]\n|-heal|p2a: Ditto|83\/100|[from] Grassy Terrain\n|-heal|p1a: Kingdra|74\/100|[from] Grassy Terrain\n|upkeep\n|turn|11\n|inactive|Souravgotthepkmn1 has 120 seconds left.\n|\n|t:|1699786262\n|move|p2a: Ditto|Dragon Pulse|p1a: Kingdra\n|-supereffective|p1a: Kingdra\n|-damage|p1a: Kingdra|0 fnt\n|faint|p1a: Kingdra\n|\n|-weather|RainDance|[upkeep]\n|-heal|p2a: Ditto|89\/100|[from] Grassy Terrain\n|-fieldend|move: Grassy Terrain\n|upkeep\n|inactive|Souravgotthepkmn1 has 120 seconds left.\n|\n|t:|1699786277\n|switch|p1a: Dracozolt|Dracozolt, tera:Electric|8\/100\n|-damage|p1a: Dracozolt|0 fnt|[from] Stealth Rock\n|faint|p1a: Dracozolt\n|c|\u2606Souravgotthepkmn1|F u c k you\n|-message|Souravgotthepkmn1 forfeited.\n|\n|win|Derpichuu\n|raw|Souravgotthepkmn1's rating: 1099 &rarr; <strong>1082<\/strong><br \/>(-17 for losing)\n|raw|Derpichuu's rating: 1214 &rarr; <strong>1231<\/strong><br \/>(+17 for winning)\n|l|\u2606Souravgotthepkmn1\n","uploadtime":1699786291,"views":4,"p1id":"souravgotthepkmn1","p2id":"derpichuu","formatid":"gen9nationaldex","rating":1082,"private":0,"password":""}