{"id":"gen9nationaldex-1992523022","p1":"AuraGuardianHayden","p2":"Omar_ZX","format":"[Gen 9] National Dex","log":"|j|\u2606AuraGuardianHayden\n|j|\u2606Omar_ZX\n|t:|1700199160\n|gametype|singles\n|player|p1|AuraGuardianHayden|riley|1157\n|player|p2|Omar_ZX|swimmerf-gen4|1113\n|teamsize|p1|6\n|teamsize|p2|6\n|gen|9\n|tier|[Gen 9] National Dex\n|rated|\n|rule|HP Percentage Mod: HP is shown in percentages\n|rule|Endless Battle Clause: Forcing endless battles is banned\n|rule|OHKO Clause: OHKO moves are banned\n|rule|Evasion Clause: Evasion abilities, items, and moves are banned\n|rule|Evasion Abilities Clause: Evasion abilities are banned\n|rule|Evasion Items Clause: Evasion items are banned\n|rule|Evasion Moves Clause: Evasion moves are banned\n|rule|Species Clause: Limit one of each Pok\u00e9mon\n|rule|Sleep Clause Mod: Limit one foe put to sleep\n|clearpoke\n|poke|p1|Blaziken, F|\n|poke|p1|Gliscor, F|\n|poke|p1|Araquanid, F|\n|poke|p1|Sinistcha-Masterpiece|\n|poke|p1|Great Tusk|\n|poke|p1|Ninetales-Alola, M|\n|poke|p2|Sneasler, M|\n|poke|p2|Garchomp, F|\n|poke|p2|Blaziken, M|\n|poke|p2|Great Tusk|\n|poke|p2|Clodsire, F|\n|poke|p2|Deoxys-Defense|\n|teampreview\n|\n|t:|1700199165\n|start\n|switch|p1a: Gliscor|Gliscor, F|100\/100\n|switch|p2a: Blaziken|Blaziken, M|100\/100\n|turn|1\n|\n|t:|1700199174\n|move|p2a: Blaziken|Swords Dance|p2a: Blaziken\n|-boost|p2a: Blaziken|atk|2\n|move|p1a: Gliscor|Stealth Rock|p2a: Blaziken\n|-sidestart|p2: Omar_ZX|move: Stealth Rock\n|\n|-ability|p2a: Blaziken|Speed Boost|boost\n|-boost|p2a: Blaziken|spe|1\n|-status|p1a: Gliscor|tox|[from] item: Toxic Orb\n|upkeep\n|turn|2\n|\n|t:|1700199182\n|move|p2a: Blaziken|Swords Dance|p2a: Blaziken\n|-boost|p2a: Blaziken|atk|2\n|move|p1a: Gliscor|Earthquake|p2a: Blaziken\n|-supereffective|p2a: Blaziken\n|-enditem|p2a: Blaziken|Focus Sash\n|-damage|p2a: Blaziken|1\/100\n|\n|-ability|p2a: Blaziken|Speed Boost|boost\n|-boost|p2a: Blaziken|spe|1\n|upkeep\n|turn|3\n|\n|t:|1700199191\n|move|p2a: Blaziken|Protect|p2a: Blaziken\n|-singleturn|p2a: Blaziken|Protect\n|move|p1a: Gliscor|Earthquake|p2a: Blaziken\n|-activate|p2a: Blaziken|move: Protect\n|\n|-ability|p2a: Blaziken|Speed Boost|boost\n|-boost|p2a: Blaziken|spe|1\n|upkeep\n|turn|4\n|\n|t:|1700199208\n|-terastallize|p2a: Blaziken|Fire\n|move|p2a: Blaziken|Blaze Kick|p1a: Gliscor\n|-damage|p1a: Gliscor|0 fnt\n|faint|p1a: Gliscor\n|\n|-ability|p2a: Blaziken|Speed Boost|boost\n|-boost|p2a: Blaziken|spe|1\n|upkeep\n|\n|t:|1700199239\n|switch|p1a: Great Tusk|Great Tusk|100\/100\n|-enditem|p1a: Great Tusk|Booster Energy\n|-activate|p1a: Great Tusk|ability: Protosynthesis|[fromitem]\n|-start|p1a: Great Tusk|protosynthesisatk\n|turn|5\n|\n|t:|1700199249\n|move|p2a: Blaziken|Close Combat|p1a: Great Tusk\n|-damage|p1a: Great Tusk|0 fnt\n|-unboost|p2a: Blaziken|def|1\n|-unboost|p2a: Blaziken|spd|1\n|faint|p1a: Great Tusk\n|-end|p1a: Great Tusk|Protosynthesis|[silent]\n|\n|-ability|p2a: Blaziken|Speed Boost|boost\n|-boost|p2a: Blaziken|spe|1\n|upkeep\n|\n|t:|1700199261\n|switch|p1a: Ninetales|Ninetales-Alola, M|100\/100\n|-weather|Snow|[from] ability: Snow Warning|[of] p1a: Ninetales\n|turn|6\n|\n|t:|1700199269\n|move|p2a: Blaziken|Blaze Kick|p1a: Ninetales\n|-supereffective|p1a: Ninetales\n|-damage|p1a: Ninetales|0 fnt\n|faint|p1a: Ninetales\n|\n|-weather|Snow|[upkeep]\n|-ability|p2a: Blaziken|Speed Boost|boost\n|-boost|p2a: Blaziken|spe|1\n|upkeep\n|\n|t:|1700199279\n|switch|p1a: Sinistcha|Sinistcha-Masterpiece|100\/100\n|turn|7\n|\n|t:|1700199286\n|move|p2a: Blaziken|Blaze Kick|p1a: Sinistcha\n|-supereffective|p1a: Sinistcha\n|-damage|p1a: Sinistcha|0 fnt\n|faint|p1a: Sinistcha\n|\n|-weather|Snow|[upkeep]\n|upkeep\n|-message|AuraGuardianHayden forfeited.\n|\n|win|Omar_ZX\n|raw|AuraGuardianHayden's rating: 1157 &rarr; <strong>1129<\/strong><br \/>(-28 for losing)\n|raw|Omar_ZX's rating: 1113 &rarr; <strong>1141<\/strong><br \/>(+28 for winning)\n|l|\u2606AuraGuardianHayden\n|c|\u2606Omar_ZX|gg\n","uploadtime":1700199295,"views":7,"p1id":"auraguardianhayden","p2id":"omarzx","formatid":"gen9nationaldex","rating":1129,"private":0,"password":""}