{"id":"gen9nationaldex-1994322244","p1":"strangirl","p2":"zeonteo","format":"[Gen 9] National Dex","log":"|j|\u2606strangirl\n|j|\u2606zeonteo\n|t:|1700430956\n|gametype|singles\n|player|p1|strangirl|smasher|1410\n|player|p2|zeonteo|pokemonranger-gen4|1434\n|teamsize|p1|6\n|teamsize|p2|6\n|gen|9\n|tier|[Gen 9] National Dex\n|rated|\n|rule|HP Percentage Mod: HP is shown in percentages\n|rule|Endless Battle Clause: Forcing endless battles is banned\n|rule|OHKO Clause: OHKO moves are banned\n|rule|Evasion Clause: Evasion abilities, items, and moves are banned\n|rule|Evasion Abilities Clause: Evasion abilities are banned\n|rule|Evasion Items Clause: Evasion items are banned\n|rule|Evasion Moves Clause: Evasion moves are banned\n|rule|Species Clause: Limit one of each Pok\u00e9mon\n|rule|Sleep Clause Mod: Limit one foe put to sleep\n|clearpoke\n|poke|p1|Ribombee, F|\n|poke|p1|Ferrothorn, F|\n|poke|p1|Great Tusk|\n|poke|p1|Charizard, F|\n|poke|p1|Garganacl, F|\n|poke|p1|Landorus-Therian, M|\n|poke|p2|Lopunny, M|\n|poke|p2|Gliscor, F|\n|poke|p2|Skarmory, F|\n|poke|p2|Volcarona, M|\n|poke|p2|Toxapex, M|\n|poke|p2|Hatterene, F|\n|teampreview\n|inactive|Battle timer is ON: inactive players will automatically lose when time's up. (requested by zeonteo)\n|\n|t:|1700430968\n|start\n|switch|p1a: Garganacl|Garganacl, F|100\/100\n|switch|p2a: DURIAN|Toxapex, M|100\/100\n|turn|1\n|\n|t:|1700430976\n|switch|p2a: NIGHTMARE|Gliscor, F|100\/100\n|move|p1a: Garganacl|Iron Defense|p1a: Garganacl\n|-boost|p1a: Garganacl|def|2\n|\n|-status|p2a: NIGHTMARE|tox|[from] item: Toxic Orb\n|upkeep\n|turn|2\n|\n|t:|1700430985\n|move|p2a: NIGHTMARE|Knock Off|p1a: Garganacl\n|-damage|p1a: Garganacl|92\/100\n|-enditem|p1a: Garganacl|Leftovers|[from] move: Knock Off|[of] p2a: NIGHTMARE\n|move|p1a: Garganacl|Salt Cure|p2a: NIGHTMARE\n|-damage|p2a: NIGHTMARE|92\/100 tox\n|-start|p2a: NIGHTMARE|Salt Cure\n|\n|-heal|p2a: NIGHTMARE|100\/100 tox|[from] ability: Poison Heal\n|-damage|p2a: NIGHTMARE|88\/100 tox|[from] Salt Cure\n|upkeep\n|turn|3\n|\n|t:|1700430996\n|switch|p2a: DURIAN|Toxapex, M|100\/100\n|move|p1a: Garganacl|Iron Defense|p1a: Garganacl\n|-boost|p1a: Garganacl|def|2\n|\n|upkeep\n|turn|4\n|\n|t:|1700431016\n|move|p2a: DURIAN|Haze|p2a: DURIAN\n|-clearallboost\n|move|p1a: Garganacl|Salt Cure|p2a: DURIAN\n|-damage|p2a: DURIAN|92\/100\n|-start|p2a: DURIAN|Salt Cure\n|\n|-heal|p2a: DURIAN|99\/100|[from] item: Leftovers\n|-damage|p2a: DURIAN|74\/100|[from] Salt Cure\n|upkeep\n|turn|5\n|\n|t:|1700431026\n|switch|p2a: NIGHTMARE|Gliscor, F|88\/100 tox\n|move|p1a: Garganacl|Iron Defense|p1a: Garganacl\n|-boost|p1a: Garganacl|def|2\n|\n|-heal|p2a: NIGHTMARE|100\/100 tox|[from] ability: Poison Heal\n|upkeep\n|turn|6\n|\n|t:|1700431035\n|move|p2a: NIGHTMARE|U-turn|p1a: Garganacl\n|-crit|p1a: Garganacl\n|-damage|p1a: Garganacl|78\/100\n|\n|t:|1700431040\n|switch|p2a: DURIAN|Toxapex, M|100\/100|[from] U-turn\n|move|p1a: Garganacl|Salt Cure|p2a: DURIAN\n|-damage|p2a: DURIAN|92\/100\n|-start|p2a: DURIAN|Salt Cure\n|\n|-heal|p2a: DURIAN|99\/100|[from] item: Leftovers\n|-damage|p2a: DURIAN|74\/100|[from] Salt Cure\n|upkeep\n|turn|7\n|\n|t:|1700431051\n|switch|p2a: NIGHTMARE|Gliscor, F|100\/100 tox\n|move|p1a: Garganacl|Protect||[still]\n|-fail|p1a: Garganacl\n|\n|upkeep\n|turn|8\n|\n|t:|1700431057\n|move|p2a: NIGHTMARE|U-turn|p1a: Garganacl\n|-damage|p1a: Garganacl|72\/100\n|\n|t:|1700431060\n|switch|p2a: DURIAN|Toxapex, M|100\/100|[from] U-turn\n|move|p1a: Garganacl|Iron Defense|p1a: Garganacl\n|-boost|p1a: Garganacl|def|2\n|\n|upkeep\n|turn|9\n|\n|t:|1700431068\n|move|p1a: Garganacl|Salt Cure|p2a: DURIAN\n|-damage|p2a: DURIAN|92\/100\n|-start|p2a: DURIAN|Salt Cure\n|move|p2a: DURIAN|Haze|p2a: DURIAN\n|-clearallboost\n|\n|-heal|p2a: DURIAN|99\/100|[from] item: Leftovers\n|-damage|p2a: DURIAN|74\/100|[from] Salt Cure\n|upkeep\n|turn|10\n|\n|t:|1700431079\n|move|p1a: Garganacl|Iron Defense|p1a: Garganacl\n|-boost|p1a: Garganacl|def|2\n|move|p2a: DURIAN|Scald|p1a: Garganacl\n|-supereffective|p1a: Garganacl\n|-damage|p1a: Garganacl|51\/100\n|\n|-heal|p2a: DURIAN|80\/100|[from] item: Leftovers\n|-damage|p2a: DURIAN|55\/100|[from] Salt Cure\n|upkeep\n|turn|11\n|\n|t:|1700431091\n|switch|p2a: NIGHTMARE|Gliscor, F|100\/100 tox\n|move|p1a: Garganacl|Iron Defense|p1a: Garganacl\n|-boost|p1a: Garganacl|def|2\n|\n|upkeep\n|turn|12\n|\n|t:|1700431098\n|move|p2a: NIGHTMARE|U-turn|p1a: Garganacl\n|-damage|p1a: Garganacl|47\/100\n|\n|t:|1700431101\n|switch|p2a: DURIAN|Toxapex, M|88\/100|[from] U-turn\n|move|p1a: Garganacl|Salt Cure|p2a: DURIAN\n|-damage|p2a: DURIAN|80\/100\n|-start|p2a: DURIAN|Salt Cure\n|\n|-heal|p2a: DURIAN|86\/100|[from] item: Leftovers\n|-damage|p2a: DURIAN|61\/100|[from] Salt Cure\n|upkeep\n|turn|13\n|\n|t:|1700431113\n|move|p1a: Garganacl|Protect|p1a: Garganacl\n|-singleturn|p1a: Garganacl|Protect\n|move|p2a: DURIAN|Haze|p2a: DURIAN\n|-clearallboost\n|\n|-heal|p2a: DURIAN|68\/100|[from] item: Leftovers\n|-damage|p2a: DURIAN|43\/100|[from] Salt Cure\n|upkeep\n|turn|14\n|\n|t:|1700431123\n|switch|p2a: NIGHTMARE|Gliscor, F|100\/100 tox\n|move|p1a: Garganacl|Recover|p1a: Garganacl\n|-heal|p1a: Garganacl|97\/100\n|\n|upkeep\n|turn|15\n|\n|t:|1700431131\n|move|p2a: NIGHTMARE|U-turn|p1a: Garganacl\n|-damage|p1a: Garganacl|87\/100\n|\n|t:|1700431134\n|switch|p2a: DURIAN|Toxapex, M|76\/100|[from] U-turn\n|move|p1a: Garganacl|Iron Defense|p1a: Garganacl\n|-boost|p1a: Garganacl|def|2\n|\n|-heal|p2a: DURIAN|82\/100|[from] item: Leftovers\n|upkeep\n|turn|16\n|\n|t:|1700431144\n|switch|p1a: Ferrothorn|Ferrothorn, F|100\/100\n|move|p2a: DURIAN|Baneful Bunker||[still]\n|-fail|p2a: DURIAN\n|\n|-heal|p2a: DURIAN|88\/100|[from] item: Leftovers\n|upkeep\n|turn|17\n|\n|t:|1700431152\n|switch|p2a: BEAUTY|Hatterene, F|100\/100\n|move|p1a: Ferrothorn|Leech Seed|p2a: BEAUTY\n|move|p2a: BEAUTY|Leech Seed|p1a: Ferrothorn|[from]ability: Magic Bounce\n|-immune|p1a: Ferrothorn\n|\n|upkeep\n|turn|18\n|\n|t:|1700431161\n|move|p2a: BEAUTY|Mystical Fire|p1a: Ferrothorn\n|-supereffective|p1a: Ferrothorn\n|-damage|p1a: Ferrothorn|28\/100\n|-unboost|p1a: Ferrothorn|spa|1\n|move|p1a: Ferrothorn|Gyro Ball|p2a: BEAUTY\n|-supereffective|p2a: BEAUTY\n|-crit|p2a: BEAUTY\n|-damage|p2a: BEAUTY|31\/100\n|\n|-heal|p2a: BEAUTY|37\/100|[from] item: Leftovers\n|-heal|p1a: Ferrothorn|34\/100|[from] item: Leftovers\n|upkeep\n|turn|19\n|\n|t:|1700431174\n|switch|p1a: Garganacl|Garganacl, F|87\/100\n|move|p2a: BEAUTY|Mystical Fire|p1a: Garganacl\n|-resisted|p1a: Garganacl\n|-damage|p1a: Garganacl|79\/100\n|-unboost|p1a: Garganacl|spa|1\n|\n|-heal|p2a: BEAUTY|43\/100|[from] item: Leftovers\n|upkeep\n|turn|20\n|\n|t:|1700431188\n|switch|p2a: NIGHTMARE|Gliscor, F|100\/100 tox\n|move|p1a: Garganacl|Salt Cure|p2a: NIGHTMARE\n|-damage|p2a: NIGHTMARE|91\/100 tox\n|-start|p2a: NIGHTMARE|Salt Cure\n|\n|-heal|p2a: NIGHTMARE|100\/100 tox|[from] ability: Poison Heal\n|-damage|p2a: NIGHTMARE|88\/100 tox|[from] Salt Cure\n|upkeep\n|turn|21\n|\n|t:|1700431198\n|switch|p2a: DURIAN|Toxapex, M|100\/100\n|switch|p1a: Charizard|Charizard, F|100\/100\n|\n|upkeep\n|turn|22\n|\n|t:|1700431206\n|detailschange|p1a: Charizard|Charizard-Mega-Y, F\n|-mega|p1a: Charizard|Charizard|Charizardite Y\n|-weather|SunnyDay|[from] ability: Drought|[of] p1a: Charizard\n|move|p1a: Charizard|Scorching Sands|p2a: DURIAN\n|-supereffective|p2a: DURIAN\n|-damage|p2a: DURIAN|54\/100\n|move|p2a: DURIAN|Scald|p1a: Charizard\n|-supereffective|p1a: Charizard\n|-damage|p1a: Charizard|82\/100\n|\n|-weather|SunnyDay|[upkeep]\n|-heal|p2a: DURIAN|61\/100|[from] item: Leftovers\n|upkeep\n|turn|23\n|\n|t:|1700431219\n|move|p2a: DURIAN|Baneful Bunker|p2a: DURIAN\n|-singleturn|p2a: DURIAN|move: Protect\n|move|p1a: Charizard|Weather Ball|p2a: DURIAN\n|-activate|p2a: DURIAN|move: Protect\n|\n|-weather|SunnyDay|[upkeep]\n|-heal|p2a: DURIAN|67\/100|[from] item: Leftovers\n|upkeep\n|turn|24\n|\n|t:|1700431240\n|move|p1a: Charizard|Weather Ball|p2a: DURIAN\n|-resisted|p2a: DURIAN\n|-damage|p2a: DURIAN|28\/100\n|move|p2a: DURIAN|Recover|p2a: DURIAN\n|-heal|p2a: DURIAN|78\/100\n|\n|-weather|SunnyDay|[upkeep]\n|-heal|p2a: DURIAN|84\/100|[from] item: Leftovers\n|upkeep\n|turn|25\n|\n|t:|1700431250\n|switch|p1a: Ferrothorn|Ferrothorn, F|34\/100\n|move|p2a: DURIAN|Baneful Bunker||[still]\n|-fail|p2a: DURIAN\n|\n|-weather|SunnyDay|[upkeep]\n|-heal|p2a: DURIAN|90\/100|[from] item: Leftovers\n|-heal|p1a: Ferrothorn|40\/100|[from] item: Leftovers\n|upkeep\n|turn|26\n|\n|t:|1700431260\n|switch|p2a: FIRESTORMZ|Volcarona, M|100\/100\n|move|p1a: Ferrothorn|Gyro Ball|p2a: FIRESTORMZ\n|-resisted|p2a: FIRESTORMZ\n|-damage|p2a: FIRESTORMZ|64\/100\n|\n|-weather|none\n|-heal|p1a: Ferrothorn|47\/100|[from] item: Leftovers\n|upkeep\n|turn|27\n|\n|t:|1700431270\n|move|p2a: FIRESTORMZ|Giga Drain|p1a: Ferrothorn\n|-resisted|p1a: Ferrothorn\n|-damage|p1a: Ferrothorn|41\/100\n|-heal|p2a: FIRESTORMZ|67\/100|[from] drain|[of] p1a: Ferrothorn\n|move|p1a: Ferrothorn|Leech Seed|p2a: FIRESTORMZ\n|-start|p2a: FIRESTORMZ|move: Leech Seed\n|\n|-heal|p1a: Ferrothorn|47\/100|[from] item: Leftovers\n|-damage|p2a: FIRESTORMZ|55\/100|[from] Leech Seed|[of] p1a: Ferrothorn\n|-heal|p1a: Ferrothorn|58\/100|[silent]\n|upkeep\n|turn|28\n|\n|t:|1700431280\n|switch|p1a: Charizard|Charizard-Mega-Y, F|82\/100\n|-weather|SunnyDay|[from] ability: Drought|[of] p1a: Charizard\n|move|p2a: FIRESTORMZ|Fiery Dance|p1a: Charizard\n|-resisted|p1a: Charizard\n|-damage|p1a: Charizard|49\/100\n|-boost|p2a: FIRESTORMZ|spa|1\n|\n|-weather|SunnyDay|[upkeep]\n|-damage|p2a: FIRESTORMZ|42\/100|[from] Leech Seed|[of] p1a: Charizard\n|-heal|p1a: Charizard|62\/100|[silent]\n|upkeep\n|turn|29\n|\n|t:|1700431296\n|switch|p2a: DURIAN|Toxapex, M|100\/100\n|move|p1a: Charizard|Ancient Power|p2a: DURIAN\n|-damage|p2a: DURIAN|81\/100\n|\n|-weather|SunnyDay|[upkeep]\n|-heal|p2a: DURIAN|88\/100|[from] item: Leftovers\n|upkeep\n|turn|30\n|\n|t:|1700431305\n|switch|p1a: Ferrothorn|Ferrothorn, F|58\/100\n|move|p2a: DURIAN|Baneful Bunker||[still]\n|-fail|p2a: DURIAN\n|\n|-weather|SunnyDay|[upkeep]\n|-heal|p2a: DURIAN|94\/100|[from] item: Leftovers\n|-heal|p1a: Ferrothorn|65\/100|[from] item: Leftovers\n|upkeep\n|turn|31\n|\n|t:|1700431314\n|move|p2a: DURIAN|Scald|p1a: Ferrothorn\n|-resisted|p1a: Ferrothorn\n|-damage|p1a: Ferrothorn|62\/100\n|move|p1a: Ferrothorn|Leech Seed|p2a: DURIAN|[miss]\n|-miss|p1a: Ferrothorn|p2a: DURIAN\n|\n|-weather|SunnyDay|[upkeep]\n|-heal|p2a: DURIAN|99\/100|[from] item: Leftovers\n|-heal|p1a: Ferrothorn|68\/100|[from] item: Leftovers\n|upkeep\n|turn|32\n|\n|t:|1700431327\n|switch|p2a: FIRESTORMZ|Volcarona, M|42\/100\n|move|p1a: Ferrothorn|Gyro Ball|p2a: FIRESTORMZ\n|-resisted|p2a: FIRESTORMZ\n|-damage|p2a: FIRESTORMZ|2\/100\n|\n|-weather|none\n|-heal|p1a: Ferrothorn|74\/100|[from] item: Leftovers\n|upkeep\n|turn|33\n|\n|t:|1700431338\n|switch|p1a: Ribombee|Ribombee, F|100\/100\n|move|p2a: FIRESTORMZ|Fiery Dance|p1a: Ribombee\n|-supereffective|p1a: Ribombee\n|-enditem|p1a: Ribombee|Focus Sash\n|-damage|p1a: Ribombee|1\/100\n|-boost|p2a: FIRESTORMZ|spa|1\n|\n|upkeep\n|turn|34\n|\n|t:|1700431354\n|switch|p2a: DURIAN|Toxapex, M|100\/100\n|move|p1a: Ribombee|Hidden Power|p2a: DURIAN\n|-damage|p2a: DURIAN|88\/100\n|\n|-heal|p2a: DURIAN|94\/100|[from] item: Leftovers\n|upkeep\n|turn|35\n|\n|t:|1700431364\n|move|p1a: Ribombee|Stun Spore|p2a: DURIAN\n|-status|p2a: DURIAN|par\n|cant|p2a: DURIAN|par\n|\n|-heal|p2a: DURIAN|99\/100 par|[from] item: Leftovers\n|upkeep\n|turn|36\n|\n|t:|1700431373\n|move|p1a: Ribombee|Sticky Web|p2a: DURIAN\n|-sidestart|p2: zeonteo|move: Sticky Web\n|move|p2a: DURIAN|Scald|p1a: Ribombee\n|-damage|p1a: Ribombee|0 fnt\n|faint|p1a: Ribombee\n|\n|-heal|p2a: DURIAN|100\/100 par|[from] item: Leftovers\n|upkeep\n|\n|t:|1700431377\n|switch|p1a: Ferrothorn|Ferrothorn, F|74\/100\n|turn|37\n|\n|t:|1700431386\n|switch|p2a: NIGHTMARE|Gliscor, F|88\/100 tox\n|move|p1a: Ferrothorn|Gyro Ball|p2a: NIGHTMARE\n|-damage|p2a: NIGHTMARE|61\/100 tox\n|\n|-heal|p1a: Ferrothorn|80\/100|[from] item: Leftovers\n|-heal|p2a: NIGHTMARE|73\/100 tox|[from] ability: Poison Heal\n|upkeep\n|turn|38\n|\n|t:|1700431398\n|move|p2a: NIGHTMARE|U-turn|p1a: Ferrothorn\n|-damage|p1a: Ferrothorn|71\/100\n|-damage|p2a: NIGHTMARE|61\/100 tox|[from] ability: Iron Barbs|[of] p1a: Ferrothorn\n|\n|t:|1700431404\n|switch|p2a: STARSCREAMZ|Skarmory, F|100\/100|[from] U-turn\n|move|p1a: Ferrothorn|Leech Seed|p2a: STARSCREAMZ\n|-start|p2a: STARSCREAMZ|move: Leech Seed\n|\n|-heal|p1a: Ferrothorn|77\/100|[from] item: Leftovers\n|-damage|p2a: STARSCREAMZ|88\/100|[from] Leech Seed|[of] p1a: Ferrothorn\n|-heal|p1a: Ferrothorn|89\/100|[silent]\n|upkeep\n|turn|39\n|\n|t:|1700431420\n|move|p1a: Ferrothorn|Protect|p1a: Ferrothorn\n|-singleturn|p1a: Ferrothorn|Protect\n|move|p2a: STARSCREAMZ|Stealth Rock|p1a: Ferrothorn\n|-sidestart|p1: strangirl|move: Stealth Rock\n|\n|-heal|p1a: Ferrothorn|95\/100|[from] item: Leftovers\n|-damage|p2a: STARSCREAMZ|76\/100|[from] Leech Seed|[of] p1a: Ferrothorn\n|-heal|p1a: Ferrothorn|100\/100|[silent]\n|upkeep\n|turn|40\n|\n|t:|1700431430\n|switch|p2a: DURIAN|Toxapex, M|100\/100 par\n|-activate|p2a: DURIAN|move: Sticky Web\n|-unboost|p2a: DURIAN|spe|1\n|move|p1a: Ferrothorn|Spikes|p2a: DURIAN\n|-sidestart|p2: zeonteo|Spikes\n|\n|upkeep\n|turn|41\n|\n|t:|1700431442\n|move|p1a: Ferrothorn|Leech Seed|p2a: DURIAN\n|-start|p2a: DURIAN|move: Leech Seed\n|cant|p2a: DURIAN|par\n|\n|-damage|p2a: DURIAN|88\/100 par|[from] Leech Seed|[of] p1a: Ferrothorn\n|upkeep\n|turn|42\n|\n|t:|1700431452\n|move|p1a: Ferrothorn|Spikes|p2a: DURIAN\n|-sidestart|p2: zeonteo|Spikes\n|cant|p2a: DURIAN|par\n|\n|-heal|p2a: DURIAN|94\/100 par|[from] item: Leftovers\n|-damage|p2a: DURIAN|82\/100 par|[from] Leech Seed|[of] p1a: Ferrothorn\n|upkeep\n|turn|43\n|\n|t:|1700431461\n|switch|p2a: BEAUTY|Hatterene, F|43\/100\n|-activate|p2a: BEAUTY|move: Sticky Web\n|-unboost|p2a: BEAUTY|spe|1\n|-damage|p2a: BEAUTY|26\/100|[from] Spikes\n|move|p1a: Ferrothorn|Gyro Ball|p2a: BEAUTY\n|-supereffective|p2a: BEAUTY\n|-damage|p2a: BEAUTY|0 fnt\n|faint|p2a: BEAUTY\n|\n|upkeep\n|\n|t:|1700431472\n|switch|p2a: FIRESTORMZ|Volcarona, M|2\/100\n|turn|44\n|\n|t:|1700431480\n|move|p2a: FIRESTORMZ|Fiery Dance|p1a: Ferrothorn\n|-supereffective|p1a: Ferrothorn\n|-crit|p1a: Ferrothorn\n|-damage|p1a: Ferrothorn|0 fnt\n|-boost|p2a: FIRESTORMZ|spa|1\n|faint|p1a: Ferrothorn\n|\n|upkeep\n|\n|t:|1700431488\n|switch|p1a: Charizard|Charizard-Mega-Y, F|62\/100\n|-damage|p1a: Charizard|12\/100|[from] Stealth Rock\n|-weather|SunnyDay|[from] ability: Drought|[of] p1a: Charizard\n|turn|45\n|\n|t:|1700431494\n|move|p1a: Charizard|Weather Ball|p2a: FIRESTORMZ\n|-damage|p2a: FIRESTORMZ|0 fnt\n|faint|p2a: FIRESTORMZ\n|\n|-weather|SunnyDay|[upkeep]\n|upkeep\n|\n|t:|1700431505\n|switch|p2a: LOVE|Lopunny, M|100\/100\n|-activate|p2a: LOVE|move: Sticky Web\n|-unboost|p2a: LOVE|spe|1\n|-damage|p2a: LOVE|84\/100|[from] Spikes\n|turn|46\n|\n|t:|1700431512\n|switch|p1a: Landorus|Landorus-Therian, M|100\/100\n|-damage|p1a: Landorus|88\/100|[from] Stealth Rock\n|-ability|p1a: Landorus|Intimidate|boost\n|-unboost|p2a: LOVE|atk|1\n|detailschange|p2a: LOVE|Lopunny-Mega, M\n|-mega|p2a: LOVE|Lopunny|Lopunnite\n|move|p2a: LOVE|Ice Punch|p1a: Landorus\n|-supereffective|p1a: Landorus\n|-damage|p1a: Landorus|34\/100\n|\n|-weather|SunnyDay|[upkeep]\n|-heal|p1a: Landorus|40\/100|[from] item: Leftovers\n|upkeep\n|turn|47\n|\n|t:|1700431526\n|switch|p2a: STARSCREAMZ|Skarmory, F|76\/100\n|move|p1a: Landorus|Stealth Rock|p2a: STARSCREAMZ\n|-sidestart|p2: zeonteo|move: Stealth Rock\n|\n|-weather|SunnyDay|[upkeep]\n|-heal|p1a: Landorus|46\/100|[from] item: Leftovers\n|upkeep\n|turn|48\n|\n|t:|1700431534\n|move|p1a: Landorus|Taunt|p2a: STARSCREAMZ\n|-start|p2a: STARSCREAMZ|move: Taunt\n|cant|p2a: STARSCREAMZ|move: Taunt|Whirlwind\n|\n|-weather|SunnyDay|[upkeep]\n|-heal|p1a: Landorus|52\/100|[from] item: Leftovers\n|upkeep\n|turn|49\n|\n|t:|1700431543\n|switch|p2a: NIGHTMARE|Gliscor, F|61\/100 tox\n|-damage|p2a: NIGHTMARE|48\/100 tox|[from] Stealth Rock\n|move|p1a: Landorus|Earthquake|p2a: NIGHTMARE\n|-immune|p2a: NIGHTMARE\n|\n|-weather|none\n|-heal|p1a: Landorus|58\/100|[from] item: Leftovers\n|-heal|p2a: NIGHTMARE|61\/100 tox|[from] ability: Poison Heal\n|upkeep\n|turn|50\n|\n|t:|1700431555\n|move|p2a: NIGHTMARE|Knock Off|p1a: Landorus\n|-damage|p1a: Landorus|44\/100\n|-enditem|p1a: Landorus|Leftovers|[from] move: Knock Off|[of] p2a: NIGHTMARE\n|move|p1a: Landorus|Taunt|p2a: NIGHTMARE\n|-start|p2a: NIGHTMARE|move: Taunt\n|\n|-heal|p2a: NIGHTMARE|73\/100 tox|[from] ability: Poison Heal\n|upkeep\n|turn|51\n|\n|t:|1700431565\n|move|p2a: NIGHTMARE|Knock Off|p1a: Landorus\n|-damage|p1a: Landorus|34\/100\n|move|p1a: Landorus|Earthquake|p2a: NIGHTMARE\n|-immune|p2a: NIGHTMARE\n|\n|-heal|p2a: NIGHTMARE|86\/100 tox|[from] ability: Poison Heal\n|upkeep\n|turn|52\n|\n|t:|1700431574\n|switch|p1a: Great Tusk|Great Tusk|100\/100\n|-damage|p1a: Great Tusk|98\/100|[from] Stealth Rock\n|move|p2a: NIGHTMARE|Knock Off|p1a: Great Tusk\n|-resisted|p1a: Great Tusk\n|-damage|p1a: Great Tusk|91\/100\n|-enditem|p1a: Great Tusk|Leftovers|[from] move: Knock Off|[of] p2a: NIGHTMARE\n|\n|-heal|p2a: NIGHTMARE|98\/100 tox|[from] ability: Poison Heal\n|upkeep\n|turn|53\n|\n|t:|1700431589\n|move|p1a: Great Tusk|Rapid Spin|p2a: NIGHTMARE\n|-damage|p2a: NIGHTMARE|89\/100 tox\n|-boost|p1a: Great Tusk|spe|1\n|-sideend|p1: strangirl|Stealth Rock|[from] move: Rapid Spin|[of] p1a: Great Tusk\n|move|p2a: NIGHTMARE|U-turn|p1a: Great Tusk\n|-resisted|p1a: Great Tusk\n|-damage|p1a: Great Tusk|86\/100\n|\n|t:|1700431596\n|switch|p2a: DURIAN|Toxapex, M|100\/100 par|[from] U-turn\n|-activate|p2a: DURIAN|move: Sticky Web\n|-unboost|p2a: DURIAN|spe|1\n|-damage|p2a: DURIAN|84\/100 par|[from] Spikes\n|-damage|p2a: DURIAN|72\/100 par|[from] Stealth Rock\n|\n|-heal|p2a: DURIAN|78\/100 par|[from] item: Leftovers\n|upkeep\n|turn|54\n|\n|t:|1700431607\n|move|p2a: DURIAN|Baneful Bunker|p2a: DURIAN\n|-singleturn|p2a: DURIAN|move: Protect\n|move|p1a: Great Tusk|Headlong Rush|p2a: DURIAN\n|-activate|p2a: DURIAN|move: Protect\n|-status|p1a: Great Tusk|psn\n|\n|-heal|p2a: DURIAN|84\/100 par|[from] item: Leftovers\n|-damage|p1a: Great Tusk|74\/100 psn|[from] psn\n|upkeep\n|turn|55\n|\n|t:|1700431618\n|-end|p1a: Great Tusk|Protosynthesis|[silent]\n|switch|p1a: Charizard|Charizard-Mega-Y, F|12\/100\n|-weather|SunnyDay|[from] ability: Drought|[of] p1a: Charizard\n|switch|p2a: STARSCREAMZ|Skarmory, F|76\/100\n|-damage|p2a: STARSCREAMZ|64\/100|[from] Stealth Rock\n|\n|-weather|SunnyDay|[upkeep]\n|upkeep\n|turn|56\n|\n|t:|1700431633\n|move|p1a: Charizard|Weather Ball|p2a: STARSCREAMZ\n|-supereffective|p2a: STARSCREAMZ\n|-damage|p2a: STARSCREAMZ|0 fnt\n|faint|p2a: STARSCREAMZ\n|\n|-weather|SunnyDay|[upkeep]\n|upkeep\n|\n|t:|1700431640\n|switch|p2a: LOVE|Lopunny-Mega, M|84\/100\n|-activate|p2a: LOVE|move: Sticky Web\n|-unboost|p2a: LOVE|spe|1\n|-damage|p2a: LOVE|67\/100|[from] Spikes\n|-damage|p2a: LOVE|61\/100|[from] Stealth Rock\n|turn|57\n|\n|t:|1700431650\n|switch|p1a: Great Tusk|Great Tusk|74\/100 psn\n|-activate|p1a: Great Tusk|ability: Protosynthesis\n|-start|p1a: Great Tusk|protosynthesisdef\n|move|p2a: LOVE|Ice Punch|p1a: Great Tusk\n|-supereffective|p1a: Great Tusk\n|-crit|p1a: Great Tusk\n|-damage|p1a: Great Tusk|34\/100 psn\n|\n|-weather|SunnyDay|[upkeep]\n|-damage|p1a: Great Tusk|22\/100 psn|[from] psn\n|upkeep\n|turn|58\n|\n|t:|1700431663\n|-end|p1a: Great Tusk|Protosynthesis|[silent]\n|switch|p1a: Charizard|Charizard-Mega-Y, F|12\/100\n|move|p2a: LOVE|Power-Up Punch|p1a: Charizard\n|-resisted|p1a: Charizard\n|-damage|p1a: Charizard|0 fnt\n|-boost|p2a: LOVE|atk|1\n|faint|p1a: Charizard\n|\n|-weather|SunnyDay|[upkeep]\n|upkeep\n|\n|t:|1700431669\n|switch|p1a: Landorus|Landorus-Therian, M|34\/100\n|-ability|p1a: Landorus|Intimidate|boost\n|-fail|p2a: LOVE|unboost|Attack|[from] ability: Scrappy|[of] p2a: LOVE\n|turn|59\n|\n|t:|1700431677\n|-terastallize|p1a: Landorus|Ground\n|move|p2a: LOVE|Ice Punch|p1a: Landorus\n|-supereffective|p1a: Landorus\n|-damage|p1a: Landorus|0 fnt\n|faint|p1a: Landorus\n|\n|-weather|none\n|upkeep\n|\n|t:|1700431682\n|switch|p1a: Great Tusk|Great Tusk|22\/100 psn\n|turn|60\n|\n|t:|1700431687\n|move|p1a: Great Tusk|Close Combat|p2a: LOVE\n|-supereffective|p2a: LOVE\n|-damage|p2a: LOVE|0 fnt\n|-unboost|p1a: Great Tusk|def|1\n|-unboost|p1a: Great Tusk|spd|1\n|faint|p2a: LOVE\n|\n|-damage|p1a: Great Tusk|10\/100 psn|[from] psn\n|upkeep\n|\n|t:|1700431698\n|switch|p2a: NIGHTMARE|Gliscor, F|89\/100 tox\n|-damage|p2a: NIGHTMARE|77\/100 tox|[from] Stealth Rock\n|turn|61\n|\n|t:|1700431706\n|move|p1a: Great Tusk|Knock Off|p2a: NIGHTMARE\n|-damage|p2a: NIGHTMARE|60\/100 tox\n|-enditem|p2a: NIGHTMARE|Toxic Orb|[from] move: Knock Off|[of] p1a: Great Tusk\n|move|p2a: NIGHTMARE|Defog|p1a: Great Tusk\n|-unboost|p1a: Great Tusk|evasion|1\n|-sideend|p2: zeonteo|Spikes|[from] move: Defog|[of] p2a: NIGHTMARE\n|-sideend|p2: zeonteo|Stealth Rock|[from] move: Defog|[of] p2a: NIGHTMARE\n|-sideend|p2: zeonteo|Sticky Web|[from] move: Defog|[of] p2a: NIGHTMARE\n|\n|-damage|p1a: Great Tusk|0 fnt|[from] psn\n|faint|p1a: Great Tusk\n|-end|p1a: Great Tusk|Protosynthesis|[silent]\n|-heal|p2a: NIGHTMARE|72\/100 tox|[from] ability: Poison Heal\n|upkeep\n|\n|t:|1700431709\n|switch|p1a: Garganacl|Garganacl, F|79\/100\n|turn|62\n|\n|t:|1700431725\n|move|p2a: NIGHTMARE|U-turn|p1a: Garganacl\n|-damage|p1a: Garganacl|70\/100\n|\n|t:|1700431727\n|switch|p2a: DURIAN|Toxapex, M|100\/100 par|[from] U-turn\n|move|p1a: Garganacl|Iron Defense|p1a: Garganacl\n|-boost|p1a: Garganacl|def|2\n|\n|upkeep\n|turn|63\n|\n|t:|1700431735\n|move|p1a: Garganacl|Salt Cure|p2a: DURIAN\n|-damage|p2a: DURIAN|92\/100 par\n|-start|p2a: DURIAN|Salt Cure\n|move|p2a: DURIAN|Haze|p2a: DURIAN\n|-clearallboost\n|\n|-heal|p2a: DURIAN|99\/100 par|[from] item: Leftovers\n|-damage|p2a: DURIAN|74\/100 par|[from] Salt Cure\n|upkeep\n|turn|64\n|\n|t:|1700431747\n|switch|p2a: NIGHTMARE|Gliscor, F|72\/100 tox\n|move|p1a: Garganacl|Iron Defense|p1a: Garganacl\n|-boost|p1a: Garganacl|def|2\n|\n|-heal|p2a: NIGHTMARE|84\/100 tox|[from] ability: Poison Heal\n|upkeep\n|turn|65\n|\n|t:|1700431756\n|move|p2a: NIGHTMARE|U-turn|p1a: Garganacl\n|-damage|p1a: Garganacl|65\/100\n|\n|t:|1700431758\n|switch|p2a: DURIAN|Toxapex, M|100\/100 par|[from] U-turn\n|move|p1a: Garganacl|Salt Cure|p2a: DURIAN\n|-damage|p2a: DURIAN|92\/100 par\n|-start|p2a: DURIAN|Salt Cure\n|\n|-heal|p2a: DURIAN|99\/100 par|[from] item: Leftovers\n|-damage|p2a: DURIAN|74\/100 par|[from] Salt Cure\n|upkeep\n|turn|66\n|\n|t:|1700431769\n|switch|p2a: NIGHTMARE|Gliscor, F|84\/100 tox\n|move|p1a: Garganacl|Salt Cure|p2a: NIGHTMARE\n|-damage|p2a: NIGHTMARE|76\/100 tox\n|-start|p2a: NIGHTMARE|Salt Cure\n|\n|-heal|p2a: NIGHTMARE|88\/100 tox|[from] ability: Poison Heal\n|-damage|p2a: NIGHTMARE|76\/100 tox|[from] Salt Cure\n|upkeep\n|turn|67\n|\n|t:|1700431784\n|switch|p2a: DURIAN|Toxapex, M|100\/100 par\n|move|p1a: Garganacl|Protect||[still]\n|-fail|p1a: Garganacl\n|\n|upkeep\n|turn|68\n|\n|t:|1700431790\n|move|p1a: Garganacl|Salt Cure|p2a: DURIAN\n|-damage|p2a: DURIAN|93\/100 par\n|-start|p2a: DURIAN|Salt Cure\n|move|p2a: DURIAN|Haze|p2a: DURIAN\n|-clearallboost\n|\n|-heal|p2a: DURIAN|99\/100 par|[from] item: Leftovers\n|-damage|p2a: DURIAN|74\/100 par|[from] Salt Cure\n|upkeep\n|turn|69\n|\n|t:|1700431801\n|switch|p2a: NIGHTMARE|Gliscor, F|76\/100 tox\n|move|p1a: Garganacl|Salt Cure|p2a: NIGHTMARE\n|-damage|p2a: NIGHTMARE|67\/100 tox\n|-start|p2a: NIGHTMARE|Salt Cure\n|\n|-heal|p2a: NIGHTMARE|80\/100 tox|[from] ability: Poison Heal\n|-damage|p2a: NIGHTMARE|67\/100 tox|[from] Salt Cure\n|upkeep\n|turn|70\n|\n|t:|1700431812\n|switch|p2a: DURIAN|Toxapex, M|100\/100 par\n|move|p1a: Garganacl|Iron Defense|p1a: Garganacl\n|-boost|p1a: Garganacl|def|2\n|\n|upkeep\n|turn|71\n|\n|t:|1700431837\n|switch|p2a: NIGHTMARE|Gliscor, F|67\/100 tox\n|move|p1a: Garganacl|Salt Cure|p2a: NIGHTMARE\n|-damage|p2a: NIGHTMARE|59\/100 tox\n|-start|p2a: NIGHTMARE|Salt Cure\n|\n|-heal|p2a: NIGHTMARE|71\/100 tox|[from] ability: Poison Heal\n|-damage|p2a: NIGHTMARE|59\/100 tox|[from] Salt Cure\n|upkeep\n|turn|72\n|\n|t:|1700431847\n|move|p2a: NIGHTMARE|U-turn|p1a: Garganacl\n|-damage|p1a: Garganacl|59\/100\n|\n|t:|1700431850\n|switch|p2a: DURIAN|Toxapex, M|100\/100 par|[from] U-turn\n|move|p1a: Garganacl|Iron Defense|p1a: Garganacl\n|-boost|p1a: Garganacl|def|2\n|\n|upkeep\n|turn|73\n|\n|t:|1700431865\n|move|p1a: Garganacl|Salt Cure|p2a: DURIAN\n|-damage|p2a: DURIAN|92\/100 par\n|-start|p2a: DURIAN|Salt Cure\n|move|p2a: DURIAN|Scald|p1a: Garganacl\n|-supereffective|p1a: Garganacl\n|-damage|p1a: Garganacl|36\/100\n|\n|-heal|p2a: DURIAN|99\/100 par|[from] item: Leftovers\n|-damage|p2a: DURIAN|74\/100 par|[from] Salt Cure\n|upkeep\n|turn|74\n|\n|t:|1700431876\n|switch|p2a: NIGHTMARE|Gliscor, F|59\/100 tox\n|move|p1a: Garganacl|Salt Cure|p2a: NIGHTMARE\n|-damage|p2a: NIGHTMARE|50\/100 tox\n|-start|p2a: NIGHTMARE|Salt Cure\n|\n|-heal|p2a: NIGHTMARE|63\/100 tox|[from] ability: Poison Heal\n|-damage|p2a: NIGHTMARE|50\/100 tox|[from] Salt Cure\n|upkeep\n|turn|75\n|\n|t:|1700431887\n|move|p2a: NIGHTMARE|U-turn|p1a: Garganacl\n|-damage|p1a: Garganacl|32\/100\n|\n|t:|1700431889\n|switch|p2a: DURIAN|Toxapex, M|100\/100 par|[from] U-turn\n|move|p1a: Garganacl|Recover|p1a: Garganacl\n|-heal|p1a: Garganacl|82\/100\n|\n|upkeep\n|turn|76\n|\n|t:|1700431899\n|cant|p2a: DURIAN|par\n|move|p1a: Garganacl|Iron Defense|p1a: Garganacl\n|-boost|p1a: Garganacl|def|2\n|\n|upkeep\n|turn|77\n|\n|t:|1700431906\n|move|p2a: DURIAN|Baneful Bunker|p2a: DURIAN\n|-singleturn|p2a: DURIAN|move: Protect\n|move|p1a: Garganacl|Salt Cure|p2a: DURIAN\n|-activate|p2a: DURIAN|move: Protect\n|\n|upkeep\n|turn|78\n|\n|t:|1700431923\n|move|p1a: Garganacl|Iron Defense|p1a: Garganacl\n|-boost|p1a: Garganacl|def|0\n|cant|p2a: DURIAN|par\n|\n|upkeep\n|turn|79\n|\n|t:|1700431931\n|move|p2a: DURIAN|Baneful Bunker|p2a: DURIAN\n|-singleturn|p2a: DURIAN|move: Protect\n|move|p1a: Garganacl|Iron Defense|p1a: Garganacl\n|-boost|p1a: Garganacl|def|0\n|\n|upkeep\n|turn|80\n|\n|t:|1700431939\n|move|p1a: Garganacl|Iron Defense|p1a: Garganacl\n|-boost|p1a: Garganacl|def|0\n|move|p2a: DURIAN|Haze|p2a: DURIAN\n|-clearallboost\n|\n|upkeep\n|turn|81\n|\n|t:|1700431948\n|switch|p2a: NIGHTMARE|Gliscor, F|50\/100 tox\n|move|p1a: Garganacl|Iron Defense|p1a: Garganacl\n|-boost|p1a: Garganacl|def|2\n|\n|-heal|p2a: NIGHTMARE|63\/100 tox|[from] ability: Poison Heal\n|upkeep\n|turn|82\n|\n|t:|1700431975\n|move|p2a: NIGHTMARE|U-turn|p1a: Garganacl\n|-damage|p1a: Garganacl|76\/100\n|\n|t:|1700431977\n|switch|p2a: DURIAN|Toxapex, M|100\/100 par|[from] U-turn\n|move|p1a: Garganacl|Salt Cure|p2a: DURIAN\n|-damage|p2a: DURIAN|93\/100 par\n|-start|p2a: DURIAN|Salt Cure\n|\n|-heal|p2a: DURIAN|99\/100 par|[from] item: Leftovers\n|-damage|p2a: DURIAN|74\/100 par|[from] Salt Cure\n|upkeep\n|turn|83\n|inactive|strangirl has 120 seconds left.\n|\n|t:|1700432001\n|move|p1a: Garganacl|Salt Cure|p2a: DURIAN\n|-damage|p2a: DURIAN|65\/100 par\n|cant|p2a: DURIAN|par\n|\n|-heal|p2a: DURIAN|71\/100 par|[from] item: Leftovers\n|-damage|p2a: DURIAN|46\/100 par|[from] Salt Cure\n|upkeep\n|turn|84\n|\n|t:|1700432011\n|switch|p2a: NIGHTMARE|Gliscor, F|63\/100 tox\n|move|p1a: Garganacl|Salt Cure|p2a: NIGHTMARE\n|-damage|p2a: NIGHTMARE|54\/100 tox\n|-start|p2a: NIGHTMARE|Salt Cure\n|\n|-heal|p2a: NIGHTMARE|66\/100 tox|[from] ability: Poison Heal\n|-damage|p2a: NIGHTMARE|54\/100 tox|[from] Salt Cure\n|upkeep\n|turn|85\n|inactive|strangirl has 120 seconds left.\n|\n|t:|1700432027\n|move|p2a: NIGHTMARE|U-turn|p1a: Garganacl\n|-damage|p1a: Garganacl|71\/100\n|\n|t:|1700432030\n|switch|p2a: DURIAN|Toxapex, M|79\/100 par|[from] U-turn\n|move|p1a: Garganacl|Salt Cure|p2a: DURIAN\n|-damage|p2a: DURIAN|71\/100 par\n|-start|p2a: DURIAN|Salt Cure\n|\n|-heal|p2a: DURIAN|77\/100 par|[from] item: Leftovers\n|-damage|p2a: DURIAN|52\/100 par|[from] Salt Cure\n|upkeep\n|turn|86\n|\n|t:|1700432049\n|switch|p2a: NIGHTMARE|Gliscor, F|54\/100 tox\n|move|p1a: Garganacl|Salt Cure|p2a: NIGHTMARE\n|-damage|p2a: NIGHTMARE|46\/100 tox\n|-start|p2a: NIGHTMARE|Salt Cure\n|\n|-heal|p2a: NIGHTMARE|58\/100 tox|[from] ability: Poison Heal\n|-damage|p2a: NIGHTMARE|46\/100 tox|[from] Salt Cure\n|upkeep\n|turn|87\n|\n|t:|1700432060\n|switch|p2a: DURIAN|Toxapex, M|86\/100 par\n|move|p1a: Garganacl|Protect||[still]\n|-fail|p1a: Garganacl\n|\n|-heal|p2a: DURIAN|92\/100 par|[from] item: Leftovers\n|upkeep\n|turn|88\n|\n|t:|1700432082\n|move|p2a: DURIAN|Baneful Bunker|p2a: DURIAN\n|-singleturn|p2a: DURIAN|move: Protect\n|move|p1a: Garganacl|Salt Cure|p2a: DURIAN\n|-activate|p2a: DURIAN|move: Protect\n|\n|-heal|p2a: DURIAN|98\/100 par|[from] item: Leftovers\n|upkeep\n|turn|89\n|inactive|strangirl has 90 seconds left.\n|\n|t:|1700432103\n|move|p1a: Garganacl|Salt Cure|p2a: DURIAN\n|-damage|p2a: DURIAN|90\/100 par\n|-start|p2a: DURIAN|Salt Cure\n|move|p2a: DURIAN|Scald|p1a: Garganacl\n|-supereffective|p1a: Garganacl\n|-damage|p1a: Garganacl|50\/100\n|\n|-heal|p2a: DURIAN|97\/100 par|[from] item: Leftovers\n|-damage|p2a: DURIAN|72\/100 par|[from] Salt Cure\n|upkeep\n|turn|90\n|c|\u2606zeonteo|gg\n|\n|t:|1700432114\n|switch|p2a: NIGHTMARE|Gliscor, F|46\/100 tox\n|move|p1a: Garganacl|Salt Cure|p2a: NIGHTMARE\n|-damage|p2a: NIGHTMARE|38\/100 tox\n|-start|p2a: NIGHTMARE|Salt Cure\n|\n|-heal|p2a: NIGHTMARE|50\/100 tox|[from] ability: Poison Heal\n|-damage|p2a: NIGHTMARE|38\/100 tox|[from] Salt Cure\n|upkeep\n|turn|91\n|\n|t:|1700432131\n|switch|p2a: DURIAN|Toxapex, M|100\/100 par\n|move|p1a: Garganacl|Salt Cure|p2a: DURIAN\n|-damage|p2a: DURIAN|92\/100 par\n|-start|p2a: DURIAN|Salt Cure\n|\n|-heal|p2a: DURIAN|99\/100 par|[from] item: Leftovers\n|-damage|p2a: DURIAN|74\/100 par|[from] Salt Cure\n|upkeep\n|turn|92\n|inactive|strangirl has 60 seconds left.\n|\n|t:|1700432153\n|switch|p2a: NIGHTMARE|Gliscor, F|38\/100 tox\n|move|p1a: Garganacl|Protect||[still]\n|-fail|p1a: Garganacl\n|\n|-heal|p2a: NIGHTMARE|50\/100 tox|[from] ability: Poison Heal\n|upkeep\n|turn|93\n|\n|t:|1700432162\n|switch|p2a: DURIAN|Toxapex, M|100\/100 par\n|move|p1a: Garganacl|Iron Defense|p1a: Garganacl\n|-boost|p1a: Garganacl|def|2\n|\n|upkeep\n|turn|94\n|inactive|strangirl has 60 seconds left.\n|inactive|strangirl has 30 seconds left.\n|\n|t:|1700432211\n|move|p1a: Garganacl|Iron Defense|p1a: Garganacl\n|-boost|p1a: Garganacl|def|2\n|move|p2a: DURIAN|Haze|p2a: DURIAN\n|-clearallboost\n|\n|upkeep\n|turn|95\n|inactive|strangirl has 30 seconds left this turn.\n|-message|strangirl forfeited.\n|\n|win|zeonteo\n|inactive|strangirl has 30 seconds left this turn.\n|raw|strangirl's rating: 1376 &rarr; <strong>1359<\/strong><br \/>(-17 for losing)\n|raw|zeonteo's rating: 1434 &rarr; <strong>1451<\/strong><br \/>(+17 for winning)\n|l|\u2606strangirl\n","uploadtime":1700432228,"views":18,"p1id":"strangirl","p2id":"zeonteo","formatid":"gen9nationaldex","rating":1359,"private":0,"password":""}