{"id":"gen9nationaldex-1994185933","p1":"PSPRadii","p2":"Garbai","format":"[Gen 9] National Dex","log":"|j|\u2606PSPRadii\n|j|\u2606Garbai\n|t:|1700416621\n|gametype|singles\n|player|p1|PSPRadii|rancher|\n|player|p2|Garbai|alec-anime|\n|teamsize|p1|6\n|teamsize|p2|6\n|gen|9\n|tier|[Gen 9] National Dex\n|rule|HP Percentage Mod: HP is shown in percentages\n|rule|Endless Battle Clause: Forcing endless battles is banned\n|rule|OHKO Clause: OHKO moves are banned\n|rule|Evasion Clause: Evasion abilities, items, and moves are banned\n|rule|Evasion Abilities Clause: Evasion abilities are banned\n|rule|Evasion Items Clause: Evasion items are banned\n|rule|Evasion Moves Clause: Evasion moves are banned\n|rule|Species Clause: Limit one of each Pok\u00e9mon\n|rule|Sleep Clause Mod: Limit one foe put to sleep\n|clearpoke\n|poke|p1|Iron Valiant|\n|poke|p1|Salazzle, F|\n|poke|p1|Wyrdeer, F|\n|poke|p1|Vaporeon, F|\n|poke|p1|Regidrago|\n|poke|p1|Cresselia, F|\n|poke|p2|Ampharos, M|\n|poke|p2|Zoroark, M|\n|poke|p2|Togetic, M|\n|poke|p2|Bruxish, F|\n|poke|p2|Conkeldurr, M|\n|poke|p2|Gliscor, M|\n|teampreview\n|\n|t:|1700416642\n|start\n|switch|p1a: Cresselia|Cresselia, F|100\/100\n|switch|p2a: Kajtek|Gliscor, M|100\/100\n|turn|1\n|\n|t:|1700416653\n|move|p2a: Kajtek|Nasty Plot|p2a: Kajtek\n|-boost|p2a: Kajtek|spa|2\n|move|p1a: Cresselia|Light Screen|p1a: Cresselia\n|-sidestart|p1: PSPRadii|move: Light Screen\n|\n|upkeep\n|turn|2\n|c|\u2606PSPRadii|jak zrobi\u0142e\u015b to samo\n|c|\u2606PSPRadii|....\n|\n|t:|1700416665\n|move|p2a: Kajtek|Nasty Plot|p2a: Kajtek\n|-boost|p2a: Kajtek|spa|2\n|move|p1a: Cresselia|Thunderbolt|p2a: Kajtek\n|-damage|p2a: Kajtek|57\/100\n|replace|p2a: Tadashi|Zoroark, M, shiny\n|-end|p2a: Tadashi|Illusion\n|\n|upkeep\n|turn|3\n|l|\u2606PSPRadii\n|player|p1|\n|c|\u2606Garbai|Owszem, tak jak poprzednio\n|c|\u2606Garbai|Dos\u0142ownie ten sam mecz\n|j|\u2606PSPRadii\n|player|p1|PSPRadii|rancher\n|n|\u2606PSPRadii|pspradii\n|c|\u2606PSPRadii|no ja jebie\n|c|\u2606PSPRadii|ale dobry internet\n|\n|t:|1700416755\n|move|p2a: Tadashi|Dark Pulse|p1a: Cresselia\n|-supereffective|p1a: Cresselia\n|-damage|p1a: Cresselia|27\/100\n|move|p1a: Cresselia|Reflect|p1a: Cresselia\n|-sidestart|p1: PSPRadii|Reflect\n|\n|upkeep\n|turn|4\n|\n|t:|1700416764\n|switch|p1a: Iron Valiant|Iron Valiant|100\/100\n|move|p2a: Tadashi|Dark Pulse|p1a: Iron Valiant\n|-resisted|p1a: Iron Valiant\n|-damage|p1a: Iron Valiant|74\/100\n|\n|upkeep\n|turn|5\n|\n|t:|1700416774\n|switch|p2a: Kajtek|Gliscor, M|100\/100\n|move|p1a: Iron Valiant|Drain Punch|p2a: Kajtek\n|-resisted|p2a: Kajtek\n|-damage|p2a: Kajtek|74\/100\n|-heal|p1a: Iron Valiant|87\/100|[from] drain|[of] p2a: Kajtek\n|-damage|p1a: Iron Valiant|77\/100|[from] item: Life Orb\n|\n|-status|p2a: Kajtek|tox|[from] item: Toxic Orb\n|upkeep\n|turn|6\n|c|\u2606Garbai|Nieefektywne i ile?\n|c|\u2606Garbai|Jasny chuju\n|\n|t:|1700416805\n|-end|p1a: Iron Valiant|Quark Drive|[silent]\n|switch|p1a: Vaporeon|Vaporeon, F|100\/100\n|move|p2a: Kajtek|Substitute|p2a: Kajtek\n|-start|p2a: Kajtek|Substitute\n|-damage|p2a: Kajtek|49\/100 tox\n|\n|-heal|p2a: Kajtek|61\/100 tox|[from] ability: Poison Heal\n|upkeep\n|turn|7\n|\n|t:|1700416820\n|move|p2a: Kajtek|Swords Dance|p2a: Kajtek\n|-boost|p2a: Kajtek|atk|2\n|move|p1a: Vaporeon|Scald|p2a: Kajtek\n|-supereffective|p2a: Kajtek\n|-end|p2a: Kajtek|Substitute\n|\n|-heal|p2a: Kajtek|74\/100 tox|[from] ability: Poison Heal\n|upkeep\n|turn|8\n|\n|t:|1700416830\n|move|p2a: Kajtek|Facade|p1a: Vaporeon\n|-damage|p1a: Vaporeon|55\/100\n|move|p1a: Vaporeon|Ice Beam|p2a: Kajtek\n|-supereffective|p2a: Kajtek\n|-damage|p2a: Kajtek|0 fnt\n|faint|p2a: Kajtek\n|\n|-heal|p1a: Vaporeon|61\/100|[from] item: Leftovers\n|-sideend|p1: PSPRadii|move: Light Screen\n|upkeep\n|\n|t:|1700416835\n|switch|p2a: Zbyszek|Conkeldurr, M|100\/100\n|turn|9\n|c|\u2606PSPRadii|o ty chuju\n|c|\u2606PSPRadii|w\u0105saty\n|\n|t:|1700416843\n|move|p1a: Vaporeon|Wish|p1a: Vaporeon\n|move|p2a: Zbyszek|Knock Off|p1a: Vaporeon\n|-crit|p1a: Vaporeon\n|-damage|p1a: Vaporeon|0 fnt\n|-enditem|p1a: Vaporeon|Leftovers|[from] move: Knock Off|[of] p2a: Zbyszek\n|faint|p1a: Vaporeon\n|\n|-status|p2a: Zbyszek|brn|[from] item: Flame Orb\n|upkeep\n|c|\u2606PSPRadii|ile kurwA???!!??\n|c|\u2606PSPRadii|m\u00f3j vaporeon po raz drugi\n|\n|t:|1700416878\n|switch|p1a: Regidrago|Regidrago|100\/100\n|turn|10\n|c|\u2606Garbai|Pan Zbysiu z budowy ma moc\u0105 \u0142ap\u0119\n|\n|t:|1700416889\n|move|p1a: Regidrago|Draco Meteor|p2a: Zbyszek\n|-damage|p2a: Zbyszek|0 fnt\n|-unboost|p1a: Regidrago|spa|2\n|faint|p2a: Zbyszek\n|-damage|p1a: Regidrago|91\/100|[from] item: Life Orb\n|\n|-heal|p1a: Regidrago|100\/100|[from] move: Wish|[wisher] Vaporeon\n|-sideend|p1: PSPRadii|Reflect\n|upkeep\n|c|\u2606Garbai|o huy\n|\n|t:|1700416898\n|switch|p2a: Jay|Ampharos, M, shiny|100\/100\n|turn|11\n|j| Elite four lai\n|\n|t:|1700416918\n|move|p1a: Regidrago|Draco Meteor|p2a: Jay\n|-crit|p2a: Jay\n|-damage|p2a: Jay|0 fnt\n|-unboost|p1a: Regidrago|spa|2\n|faint|p2a: Jay\n|-damage|p1a: Regidrago|91\/100|[from] item: Life Orb\n|\n|upkeep\n|c|\u2606Garbai|SPECJALNIE NIE DAWA\u0141EM MEGA\n|c|\u2606PSPRadii|Da boy\n|\n|t:|1700416930\n|switch|p2a: Mwah|Bruxish, F|57\/100\n|turn|12\n|c|\u2606PSPRadii|dla twojej ciekawo\u015bci on ma 99 spec ataku teraz\n|\n|t:|1700416966\n|switch|p1a: Wyrdeer|Wyrdeer, F|100\/100\n|-ability|p1a: Wyrdeer|Intimidate|boost\n|-unboost|p2a: Mwah|atk|1\n|move|p2a: Mwah|Dark Pulse|p1a: Wyrdeer\n|-supereffective|p1a: Wyrdeer\n|-damage|p1a: Wyrdeer|0 fnt\n|faint|p1a: Wyrdeer\n|\n|upkeep\n|c|\u2606PSPRadii|no kurwa a si\u0119 spodziewa\u0142em \u017ce to mo\u017ce by\u0107 on\n|\n|t:|1700416987\n|switch|p1a: Iron Valiant|Iron Valiant|77\/100\n|turn|13\n|\n|t:|1700416993\n|switch|p2a: Kuma|Togetic, M|100\/100\n|move|p1a: Iron Valiant|Thunder Punch|p2a: Kuma\n|-supereffective|p2a: Kuma\n|-damage|p2a: Kuma|47\/100\n|-damage|p1a: Iron Valiant|68\/100|[from] item: Life Orb\n|\n|upkeep\n|turn|14\n|\n|t:|1700417004\n|-terastallize|p2a: Kuma|Fairy\n|move|p1a: Iron Valiant|Thunder Punch|p2a: Kuma\n|-damage|p2a: Kuma|16\/100\n|-damage|p1a: Iron Valiant|58\/100|[from] item: Life Orb\n|move|p2a: Kuma|Roost|p2a: Kuma\n|-heal|p2a: Kuma|66\/100\n|\n|upkeep\n|turn|15\n|\n|t:|1700417015\n|-end|p1a: Iron Valiant|Quark Drive|[silent]\n|switch|p1a: Salazzle|Salazzle, F|100\/100\n|move|p2a: Kuma|Thunder Wave|p1a: Salazzle\n|-status|p1a: Salazzle|par\n|\n|upkeep\n|turn|16\n|c|\u2606PSPRadii|taktyczny unik\n|\n|t:|1700417027\n|switch|p2a: Mwah|Bruxish, F|100\/100\n|move|p1a: Salazzle|Sludge Wave|p2a: Mwah\n|-damage|p2a: Mwah|0 fnt\n|faint|p2a: Mwah\n|\n|upkeep\n|c| Elite four lai|Lecisz Garbai\n|\n|t:|1700417034\n|switch|p2a: Kuma|Togetic, M|57\/100\n|-start|p2a: Kuma|typechange|Fairy|[silent]\n|turn|17\n|c|\u2606Garbai|przejebie\n|\n|t:|1700417041\n|move|p2a: Kuma|Dark Pulse|p1a: Salazzle\n|-damage|p1a: Salazzle|21\/100 par\n|move|p1a: Salazzle|Sludge Wave|p2a: Kuma\n|-damage|p2a: Kuma|0 fnt\n|replace|p2a: Tadashi|Zoroark, M, shiny\n|-end|p2a: Tadashi|Illusion\n|faint|p2a: Tadashi\n|\n|upkeep\n|\n|t:|1700417045\n|switch|p2a: Kuma|Togetic, M, tera:Fairy|66\/100\n|turn|18\n|\n|t:|1700417053\n|cant|p1a: Salazzle|par\n|move|p2a: Kuma|Signal Beam|p1a: Salazzle\n|-resisted|p1a: Salazzle\n|-damage|p1a: Salazzle|14\/100 par\n|\n|upkeep\n|turn|19\n|\n|t:|1700417060\n|move|p1a: Salazzle|Sludge Wave|p2a: Kuma\n|-supereffective|p2a: Kuma\n|-damage|p2a: Kuma|0 fnt\n|faint|p2a: Kuma\n|\n|win|PSPRadii\n|c|\u2606PSPRadii|huh\n|c|\u2606Garbai|gg\n","uploadtime":1700417067,"views":21,"p1id":"pspradii","p2id":"garbai","formatid":"gen9nationaldex","rating":0,"private":0,"password":""}