{"id":"gen9nationaldex-1990591580","p1":"STK OTG","p2":"Shabooya1","format":"[Gen 9] National Dex","log":"|j|\u2606STK OTG\n|j|\u2606Shabooya1\n|t:|1699984015\n|gametype|singles\n|player|p1|STK OTG|boarder|1354\n|player|p2|Shabooya1|1|1282\n|teamsize|p1|6\n|teamsize|p2|6\n|gen|9\n|tier|[Gen 9] National Dex\n|rated|\n|rule|HP Percentage Mod: HP is shown in percentages\n|rule|Endless Battle Clause: Forcing endless battles is banned\n|rule|OHKO Clause: OHKO moves are banned\n|rule|Evasion Clause: Evasion abilities, items, and moves are banned\n|rule|Evasion Abilities Clause: Evasion abilities are banned\n|rule|Evasion Items Clause: Evasion items are banned\n|rule|Evasion Moves Clause: Evasion moves are banned\n|rule|Species Clause: Limit one of each Pok\u00e9mon\n|rule|Sleep Clause Mod: Limit one foe put to sleep\n|clearpoke\n|poke|p1|Landorus-Therian, M|\n|poke|p1|Ferrothorn, F|\n|poke|p1|Moltres|\n|poke|p1|Garchomp, M|\n|poke|p1|Diancie|\n|poke|p1|Samurott-Hisui, F|\n|poke|p2|Regidrago|\n|poke|p2|Swellow, M|\n|poke|p2|Sandy Shocks|\n|poke|p2|Grimmsnarl, M|\n|poke|p2|Rillaboom, M|\n|poke|p2|Banette, F|\n|teampreview\n|\n|t:|1699984021\n|start\n|switch|p1a: Dirty Diana|Diancie, shiny|100\/100\n|switch|p2a: Grimmsnarl|Grimmsnarl, M, shiny|100\/100\n|turn|1\n|\n|t:|1699984025\n|detailschange|p1a: Dirty Diana|Diancie-Mega, shiny\n|-mega|p1a: Dirty Diana|Diancie|Diancite\n|move|p2a: Grimmsnarl|Light Screen|p2a: Grimmsnarl\n|-sidestart|p2: Shabooya1|move: Light Screen\n|move|p1a: Dirty Diana|Diamond Storm|p2a: Grimmsnarl\n|-damage|p2a: Grimmsnarl|37\/100\n|\n|upkeep\n|turn|2\n|\n|t:|1699984031\n|move|p2a: Grimmsnarl|Reflect|p2a: Grimmsnarl\n|-sidestart|p2: Shabooya1|Reflect\n|move|p1a: Dirty Diana|Diamond Storm|p2a: Grimmsnarl\n|-damage|p2a: Grimmsnarl|5\/100\n|\n|upkeep\n|turn|3\n|\n|t:|1699984034\n|move|p2a: Grimmsnarl|Parting Shot|p1a: Dirty Diana\n|move|p1a: Dirty Diana|Parting Shot|p2a: Grimmsnarl|[from]ability: Magic Bounce\n|-unboost|p2a: Grimmsnarl|atk|1\n|-unboost|p2a: Grimmsnarl|spa|1\n|\n|t:|1699984045\n|switch|p1a: Steph Sui|Samurott-Hisui, F, shiny|100\/100|[from] Parting Shot\n|\n|upkeep\n|turn|4\n|\n|t:|1699984055\n|switch|p1a: Dirty Diana|Diancie-Mega, shiny|100\/100\n|switch|p2a: Regidrago|Regidrago, shiny|100\/100\n|\n|upkeep\n|turn|5\n|\n|t:|1699984058\n|move|p1a: Dirty Diana|Moonblast|p2a: Regidrago\n|-supereffective|p2a: Regidrago\n|-damage|p2a: Regidrago|36\/100\n|-unboost|p2a: Regidrago|spa|1\n|move|p2a: Regidrago|Tera Blast|p1a: Dirty Diana\n|-resisted|p1a: Dirty Diana\n|-damage|p1a: Dirty Diana|93\/100\n|\n|upkeep\n|turn|6\n|\n|t:|1699984076\n|move|p1a: Dirty Diana|Moonblast|p2a: Regidrago\n|-supereffective|p2a: Regidrago\n|-damage|p2a: Regidrago|0 fnt\n|faint|p2a: Regidrago\n|\n|upkeep\n|\n|t:|1699984090\n|switch|p2a: Banette|Banette, F|100\/100\n|turn|7\n|\n|t:|1699984099\n|switch|p1a: Steph Sui|Samurott-Hisui, F, shiny|100\/100\n|detailschange|p2a: Banette|Banette-Mega, F\n|-mega|p2a: Banette|Banette|Banettite\n|move|p2a: Banette|Swords Dance|p2a: Banette\n|-boost|p2a: Banette|atk|2\n|\n|upkeep\n|turn|8\n|\n|t:|1699984111\n|move|p1a: Steph Sui|Sucker Punch|p2a: Banette\n|-supereffective|p2a: Banette\n|-damage|p2a: Banette|57\/100\n|move|p2a: Banette|Poltergeist|p1a: Steph Sui|[miss]\n|-miss|p2a: Banette|p1a: Steph Sui\n|\n|-sideend|p2: Shabooya1|move: Light Screen\n|upkeep\n|turn|9\n|\n|t:|1699984120\n|move|p1a: Steph Sui|Ceaseless Edge|p2a: Banette\n|-supereffective|p2a: Banette\n|-damage|p2a: Banette|0 fnt\n|-sidestart|p2: Shabooya1|Spikes\n|faint|p2a: Banette\n|\n|-sideend|p2: Shabooya1|Reflect\n|upkeep\n|\n|t:|1699984126\n|switch|p2a: Grimmsnarl|Grimmsnarl, M, shiny|5\/100\n|-damage|p2a: Grimmsnarl|0 fnt|[from] Spikes\n|faint|p2a: Grimmsnarl\n|\n|t:|1699984133\n|switch|p2a: Sandy Shocks|Sandy Shocks|100\/100\n|-damage|p2a: Sandy Shocks|88\/100|[from] Spikes\n|-enditem|p2a: Sandy Shocks|Booster Energy\n|-activate|p2a: Sandy Shocks|ability: Protosynthesis|[fromitem]\n|-start|p2a: Sandy Shocks|protosynthesisspa\n|turn|10\n|\n|t:|1699984138\n|switch|p1a: Le andorus|Landorus-Therian, M|100\/100\n|-ability|p1a: Le andorus|Intimidate|boost\n|-unboost|p2a: Sandy Shocks|atk|1\n|move|p2a: Sandy Shocks|Thunderbolt|p1a: Le andorus\n|-immune|p1a: Le andorus\n|\n|upkeep\n|turn|11\n|\n|t:|1699984142\n|move|p2a: Sandy Shocks|Stealth Rock|p1a: Le andorus\n|-sidestart|p1: STK OTG|move: Stealth Rock\n|move|p1a: Le andorus|Rock Polish|p1a: Le andorus\n|-boost|p1a: Le andorus|spe|2\n|\n|upkeep\n|turn|12\n|\n|t:|1699984146\n|-end|p2a: Sandy Shocks|Protosynthesis|[silent]\n|switch|p2a: Rillaboom|Rillaboom, M, shiny|100\/100\n|-damage|p2a: Rillaboom|88\/100|[from] Spikes\n|-fieldstart|move: Grassy Terrain|[from] ability: Grassy Surge|[of] p2a: Rillaboom\n|move|p1a: Le andorus|Swords Dance|p1a: Le andorus\n|-boost|p1a: Le andorus|atk|2\n|\n|-heal|p2a: Rillaboom|94\/100|[from] Grassy Terrain\n|upkeep\n|turn|13\n|\n|t:|1699984149\n|-zpower|p1a: Le andorus\n|move|p1a: Le andorus|Supersonic Skystrike|p2a: Rillaboom|[zeffect]\n|-supereffective|p2a: Rillaboom\n|-damage|p2a: Rillaboom|0 fnt\n|faint|p2a: Rillaboom\n|\n|upkeep\n|\n|t:|1699984151\n|switch|p2a: Swellow|Swellow, M, shiny|100\/100\n|turn|14\n|\n|t:|1699984154\n|-terastallize|p2a: Swellow|Normal\n|move|p1a: Le andorus|Fly||[still]\n|-prepare|p1a: Le andorus|Fly\n|move|p2a: Swellow|Boomburst|p1a: Le andorus|[miss]\n|-miss|p2a: Swellow|p1a: Le andorus\n|\n|upkeep\n|turn|15\n|\n|t:|1699984159\n|move|p1a: Le andorus|Fly|p2a: Swellow|[from]lockedmove\n|-crit|p2a: Swellow\n|-damage|p2a: Swellow|0 fnt\n|faint|p2a: Swellow\n|\n|upkeep\n|l|\u2606Shabooya1\n|player|p2|\n|inactive|Battle timer is ON: inactive players will automatically lose when time's up. (requested by STK OTG)\n|inactive|Shabooya1 has 30 seconds to reconnect!\n|inactive|Shabooya1 has 20 seconds to reconnect!\n|inactive|Shabooya1 has 15 seconds to reconnect!\n|inactive|Shabooya1 has 10 seconds to reconnect!\n|inactive|Shabooya1 has 5 seconds to reconnect!\n|-message|Shabooya1 lost due to inactivity.\n|\n|win|STK OTG\n|raw|STK OTG's rating: 1354 &rarr; <strong>1370<\/strong><br \/>(+16 for winning)\n|raw|Shabooya1's rating: 1282 &rarr; <strong>1262<\/strong><br \/>(-20 for losing)\n","uploadtime":1699984246,"views":14,"p1id":"stkotg","p2id":"shabooya1","formatid":"gen9nationaldex","rating":1262,"private":0,"password":""}