{"id":"gen9nationaldex-1991727530","p1":"thagreatisaiah","p2":"Tank Tests","format":"[Gen 9] National Dex","log":"|j|\u2606thagreatisaiah\n|j|\u2606Tank Tests\n|t:|1700107669\n|gametype|singles\n|player|p1|thagreatisaiah|2|1368\n|player|p2|Tank Tests|2|1369\n|teamsize|p1|6\n|teamsize|p2|6\n|gen|9\n|tier|[Gen 9] National Dex\n|rated|\n|rule|HP Percentage Mod: HP is shown in percentages\n|rule|Endless Battle Clause: Forcing endless battles is banned\n|rule|OHKO Clause: OHKO moves are banned\n|rule|Evasion Clause: Evasion abilities, items, and moves are banned\n|rule|Evasion Abilities Clause: Evasion abilities are banned\n|rule|Evasion Items Clause: Evasion items are banned\n|rule|Evasion Moves Clause: Evasion moves are banned\n|rule|Species Clause: Limit one of each Pok\u00e9mon\n|rule|Sleep Clause Mod: Limit one foe put to sleep\n|clearpoke\n|poke|p1|Tinkaton, F|\n|poke|p1|Goodra-Hisui, F|\n|poke|p1|Iron Jugulis|\n|poke|p1|Gyarados, M|\n|poke|p1|Great Tusk|\n|poke|p1|Slither Wing|\n|poke|p2|Pawmot, M|\n|poke|p2|Rabsca, F|\n|poke|p2|Banette, M|\n|poke|p2|Victini|\n|poke|p2|Dragonite, F|\n|poke|p2|Forretress, M|\n|teampreview\n|\n|t:|1700107681\n|start\n|switch|p1a: Tinkaton|Tinkaton, F, shiny|100\/100\n|switch|p2a: Victini|Victini|100\/100\n|-ability|p1a: Tinkaton|Mold Breaker\n|turn|1\n|\n|t:|1700107689\n|switch|p1a: Goodra|Goodra-Hisui, F, shiny|100\/100\n|move|p2a: Victini|V-create|p1a: Goodra\n|-damage|p1a: Goodra|33\/100\n|-unboost|p2a: Victini|spe|1\n|-unboost|p2a: Victini|def|1\n|-unboost|p2a: Victini|spd|1\n|\n|-heal|p1a: Goodra|39\/100|[from] item: Leftovers\n|upkeep\n|turn|2\n|\n|t:|1700107709\n|switch|p1a: Gyarados|Gyarados, M, shiny|100\/100\n|-ability|p1a: Gyarados|Intimidate|boost\n|-unboost|p2a: Victini|atk|1\n|move|p2a: Victini|V-create|p1a: Gyarados\n|-resisted|p1a: Gyarados\n|-damage|p1a: Gyarados|66\/100\n|-unboost|p2a: Victini|spe|1\n|-unboost|p2a: Victini|def|1\n|-unboost|p2a: Victini|spd|1\n|\n|upkeep\n|turn|3\n|\n|t:|1700107720\n|switch|p2a: Forretress|Forretress, M|100\/100\n|move|p1a: Gyarados|Waterfall|p2a: Forretress\n|-damage|p2a: Forretress|67\/100\n|-heal|p1a: Gyarados|70\/100|[from] item: Shell Bell|[of] p2a: Forretress\n|\n|upkeep\n|turn|4\n|\n|t:|1700107727\n|switch|p1a: Goodra|Goodra-Hisui, F, shiny|39\/100\n|move|p2a: Forretress|Thunder Wave|p1a: Goodra\n|-status|p1a: Goodra|par\n|\n|-heal|p1a: Goodra|45\/100 par|[from] item: Leftovers\n|upkeep\n|turn|5\n|\n|t:|1700107734\n|move|p2a: Forretress|Stealth Rock|p1a: Goodra\n|-sidestart|p1: thagreatisaiah|move: Stealth Rock\n|cant|p1a: Goodra|par\n|\n|-heal|p1a: Goodra|51\/100 par|[from] item: Leftovers\n|upkeep\n|turn|6\n|\n|t:|1700107744\n|switch|p2a: Victini|Victini|100\/100\n|cant|p1a: Goodra|par\n|\n|-heal|p1a: Goodra|57\/100 par|[from] item: Leftovers\n|upkeep\n|turn|7\n|\n|t:|1700107753\n|switch|p1a: Great Tusk|Great Tusk, shiny|100\/100\n|-damage|p1a: Great Tusk|98\/100|[from] Stealth Rock\n|move|p2a: Victini|V-create|p1a: Great Tusk\n|-damage|p1a: Great Tusk|57\/100\n|-unboost|p2a: Victini|spe|1\n|-unboost|p2a: Victini|def|1\n|-unboost|p2a: Victini|spd|1\n|-damage|p2a: Victini|84\/100|[from] item: Rocky Helmet|[of] p1a: Great Tusk\n|\n|upkeep\n|turn|8\n|\n|t:|1700107762\n|switch|p2a: Banette|Banette, M|100\/100\n|move|p1a: Great Tusk|Rapid Spin|p2a: Banette\n|-immune|p2a: Banette\n|\n|upkeep\n|turn|9\n|\n|t:|1700107769\n|detailschange|p2a: Banette|Banette-Mega, M\n|-mega|p2a: Banette|Banette|Banettite\n|move|p2a: Banette|Encore|p1a: Great Tusk\n|-start|p1a: Great Tusk|Encore\n|move|p1a: Great Tusk|Rapid Spin|p2a: Banette\n|-immune|p2a: Banette\n|\n|upkeep\n|turn|10\n|\n|t:|1700107778\n|-end|p1a: Great Tusk|Protosynthesis|[silent]\n|switch|p1a: Tinkaton|Tinkaton, F, shiny|100\/100\n|-damage|p1a: Tinkaton|94\/100|[from] Stealth Rock\n|-ability|p1a: Tinkaton|Mold Breaker\n|move|p2a: Banette|Poltergeist|p1a: Tinkaton\n|-activate|p1a: Tinkaton|move: Poltergeist|Light Clay\n|-damage|p1a: Tinkaton|4\/100\n|\n|upkeep\n|turn|11\n|\n|t:|1700107794\n|switch|p2a: Dragonite|Dragonite, F|100\/100\n|move|p1a: Tinkaton|Stealth Rock|p2a: Dragonite\n|-sidestart|p2: Tank Tests|move: Stealth Rock\n|\n|upkeep\n|turn|12\n|\n|t:|1700107801\n|move|p2a: Dragonite|Extreme Speed|p1a: Tinkaton\n|-resisted|p1a: Tinkaton\n|-damage|p1a: Tinkaton|0 fnt\n|faint|p1a: Tinkaton\n|\n|upkeep\n|\n|t:|1700107808\n|switch|p1a: Great Tusk|Great Tusk, shiny|57\/100\n|-damage|p1a: Great Tusk|54\/100|[from] Stealth Rock\n|turn|13\n|\n|t:|1700107813\n|move|p2a: Dragonite|Dragon Dance|p2a: Dragonite\n|-boost|p2a: Dragonite|atk|1\n|-boost|p2a: Dragonite|spe|1\n|move|p1a: Great Tusk|Earthquake|p2a: Dragonite\n|-immune|p2a: Dragonite\n|\n|upkeep\n|turn|14\n|\n|t:|1700107820\n|move|p2a: Dragonite|Dragon Claw|p1a: Great Tusk\n|-damage|p1a: Great Tusk|18\/100\n|-damage|p2a: Dragonite|84\/100|[from] item: Rocky Helmet|[of] p1a: Great Tusk\n|move|p1a: Great Tusk|Smack Down|p2a: Dragonite\n|-supereffective|p2a: Dragonite\n|-damage|p2a: Dragonite|43\/100\n|-start|p2a: Dragonite|Smack Down\n|-enditem|p2a: Dragonite|Weakness Policy\n|-boost|p2a: Dragonite|atk|2|[from] item: Weakness Policy\n|-boost|p2a: Dragonite|spa|2|[from] item: Weakness Policy\n|\n|upkeep\n|turn|15\n|\n|t:|1700107838\n|move|p2a: Dragonite|Dragon Claw|p1a: Great Tusk\n|-damage|p1a: Great Tusk|0 fnt\n|-damage|p2a: Dragonite|27\/100|[from] item: Rocky Helmet|[of] p1a: Great Tusk\n|faint|p1a: Great Tusk\n|-end|p1a: Great Tusk|Protosynthesis|[silent]\n|\n|upkeep\n|\n|t:|1700107868\n|switch|p1a: Slither Wing|Slither Wing|100\/100\n|-damage|p1a: Slither Wing|88\/100|[from] Stealth Rock\n|turn|16\n|\n|t:|1700107876\n|-terastallize|p2a: Dragonite|Normal\n|move|p2a: Dragonite|Extreme Speed|p1a: Slither Wing\n|-damage|p1a: Slither Wing|0 fnt\n|faint|p1a: Slither Wing\n|-end|p1a: Slither Wing|Protosynthesis|[silent]\n|\n|upkeep\n|\n|t:|1700107886\n|switch|p1a: Gyarados|Gyarados, M, shiny|70\/100\n|-damage|p1a: Gyarados|46\/100|[from] Stealth Rock\n|-ability|p1a: Gyarados|Intimidate|boost\n|-unboost|p2a: Dragonite|atk|1\n|turn|17\n|\n|t:|1700107894\n|move|p2a: Dragonite|Extreme Speed|p1a: Gyarados\n|-damage|p1a: Gyarados|0 fnt\n|faint|p1a: Gyarados\n|\n|upkeep\n|\n|t:|1700107897\n|switch|p1a: Iron Jugulis|Iron Jugulis, shiny|100\/100\n|-damage|p1a: Iron Jugulis|76\/100|[from] Stealth Rock\n|turn|18\n|\n|t:|1700107899\n|move|p2a: Dragonite|Extreme Speed|p1a: Iron Jugulis\n|-damage|p1a: Iron Jugulis|0 fnt\n|faint|p1a: Iron Jugulis\n|-end|p1a: Iron Jugulis|Quark Drive|[silent]\n|\n|upkeep\n|\n|t:|1700107901\n|switch|p1a: Goodra|Goodra-Hisui, F, shiny|57\/100 par\n|-damage|p1a: Goodra|51\/100 par|[from] Stealth Rock\n|turn|19\n|\n|t:|1700107903\n|move|p2a: Dragonite|Earthquake|p1a: Goodra\n|-supereffective|p1a: Goodra\n|-damage|p1a: Goodra|0 fnt\n|faint|p1a: Goodra\n|\n|win|Tank Tests\n|raw|thagreatisaiah's rating: 1368 &rarr; <strong>1348<\/strong><br \/>(-20 for losing)\n|raw|Tank Tests's rating: 1369 &rarr; <strong>1389<\/strong><br \/>(+20 for winning)\n|c|\u2606Tank Tests|gg\n|l|\u2606thagreatisaiah\n","uploadtime":1700107916,"views":13,"p1id":"thagreatisaiah","p2id":"tanktests","formatid":"gen9nationaldex","rating":1348,"private":0,"password":""}