{"id":"gen9nationaldex-1988645014","p1":"crobatoh","p2":"mattyp347","format":"[Gen 9] National Dex","log":"|j|\u2606crobatoh\n|j|\u2606mattyp347\n|t:|1699745634\n|gametype|singles\n|player|p1|crobatoh|265|\n|player|p2|mattyp347|cynthia-gen4|\n|teamsize|p1|6\n|teamsize|p2|6\n|gen|9\n|tier|[Gen 9] National Dex\n|rule|HP Percentage Mod: HP is shown in percentages\n|rule|Endless Battle Clause: Forcing endless battles is banned\n|rule|OHKO Clause: OHKO moves are banned\n|rule|Evasion Clause: Evasion abilities, items, and moves are banned\n|rule|Evasion Abilities Clause: Evasion abilities are banned\n|rule|Evasion Items Clause: Evasion items are banned\n|rule|Evasion Moves Clause: Evasion moves are banned\n|rule|Species Clause: Limit one of each Pok\u00e9mon\n|rule|Sleep Clause Mod: Limit one foe put to sleep\n|clearpoke\n|poke|p1|Crobat, M|\n|poke|p1|Umbreon, F|\n|poke|p1|Blaziken, F|\n|poke|p1|Iron Thorns|\n|poke|p1|Scolipede, M|\n|poke|p1|Manaphy|\n|poke|p2|Mawile, M|\n|poke|p2|Iron Leaves|\n|poke|p2|Greninja-*, M|\n|poke|p2|Hatterene, F|\n|poke|p2|Tornadus-Therian, M|\n|poke|p2|Slowbro-Galar, F|\n|teampreview\n|c|\u2606mattyp347|i thought you were gona do it again\n|c|\u2606crobatoh|no\n|c|\u2606crobatoh|one time is enough\n|j| sylvee1\n|c|\u2606crobatoh|glhf\n|c|\u2606crobatoh|lets give a bit for people to join\n|c|\u2606mattyp347|yup\n|c| sylvee1|Get on with it already\n|c|\u2606crobatoh|yknow\n|j| SerpySerper56\n|c| sylvee1|also not enough fuck yous going on\n|c|\u2606crobatoh|just for that\n|c| sylvee1|0\/10\n|c|\u2606crobatoh|lets wait another minute\n|c| sylvee1|Bad match\n|c|\u2606mattyp347|sounds good\n|c| SerpySerper56|Guys who's pov should I watch\n|j| Mesp\n|c|\u2606mattyp347|the winning pov\n|c| sylvee1|Yeah cros\n|c|\u2606mattyp347|stfu\n|c| SerpySerper56|OK hold on\n|c| SerpySerper56|Each of you pick a number 1-100\n|c|\u2606mattyp347|69\n|c|\u2606crobatoh|57\n|c| SerpySerper56|The number was 56 (obviously)\n|c| SerpySerper56|I'll watch cros\n|c|\u2606mattyp347|rigged\n|c|\u2606mattyp347|rigged\n|j| PhantomYakuza\n|c| sylvee1|Lmfao\n|c| sylvee1|get good\n|c| PhantomYakuza|Glhf\n|c| SerpySerper56|Matty 56 is the greatest number ever how do you not know that I think this\n|c| sylvee1|Gl go cro\n|c| SerpySerper56|Besides this is just the first one I'll watch yours next game\n|j| ocho1111\n|c| ocho1111|who won\n|\n|t:|1699745832\n|start\n|switch|p1a: my dad owns xbox|Iron Thorns|100\/100\n|switch|p2a: I Hate Him|Tornadus-Therian, M|100\/100\n|-enditem|p1a: my dad owns xbox|Booster Energy\n|-activate|p1a: my dad owns xbox|ability: Quark Drive|[fromitem]\n|-start|p1a: my dad owns xbox|quarkdriveatk\n|turn|1\n|c| PhantomYakuza|Guys I think Cro is gonna have a speed boost pokemon\n|c| sylvee1|Why the fuck is mattys team so scary looking\n|c| sylvee1|like i think its the scariest team in the league this season\n|c| PhantomYakuza|It\u2019s like your team if they weren\u2019t all ugly\n|c| ocho1111|and bad\n|c|\u2606mattyp347|truuuuue\n|c| sylvee1|Go fuck yourself\n|\n|t:|1699745873\n|move|p2a: I Hate Him|U-turn|p1a: my dad owns xbox\n|-damage|p1a: my dad owns xbox|90\/100\n|\n|t:|1699745875\n|switch|p2a: Verizon 5G|Iron Leaves|100\/100|[from] U-turn\n|move|p1a: my dad owns xbox|Stealth Rock|p2a: Verizon 5G\n|-sidestart|p2: mattyp347|move: Stealth Rock\n|\n|upkeep\n|turn|2\n|c| sylvee1|Nah mattys team is scarier then mine\n|\n|t:|1699745927\n|move|p2a: Verizon 5G|Leaf Blade|p1a: my dad owns xbox\n|-supereffective|p1a: my dad owns xbox\n|-damage|p1a: my dad owns xbox|14\/100\n|move|p1a: my dad owns xbox|Spikes|p2a: Verizon 5G\n|-sidestart|p2: mattyp347|Spikes\n|\n|upkeep\n|turn|3\n|c| SerpySerper56|His English is scarier too\n|\n|t:|1699745944\n|move|p2a: Verizon 5G|Psyblade|p1a: my dad owns xbox\n|-damage|p1a: my dad owns xbox|0 fnt\n|faint|p1a: my dad owns xbox\n|-end|p1a: my dad owns xbox|Quark Drive|[silent]\n|\n|upkeep\n|c| PhantomYakuza|Booster energy attack on a hazard setter\n|c| PhantomYakuza|I see you? I think?\n|c| sylvee1|Mine has the pig on it its kinda mid\n|c| PhantomYakuza|The pig is worse than mid\n|\n|t:|1699745997\n|switch|p1a: mah boi|Crobat, M|100\/100\n|turn|4\n|c| sylvee1|True\n|c| sylvee1|still beat koz though\n|c| sylvee1|which makes koz worse then worse\n|c| PhantomYakuza|That was a long time of thinking before sending in the funny brave bird bat\n|c| SerpySerper56|It's an even longer time of deciding what move to use\n|\n|t:|1699746055\n|-end|p2a: Verizon 5G|Quark Drive|[silent]\n|switch|p2a: Some ones kink|Mawile, M|100\/100\n|-damage|p2a: Some ones kink|94\/100|[from] Stealth Rock\n|-damage|p2a: Some ones kink|82\/100|[from] Spikes\n|-ability|p2a: Some ones kink|Intimidate|boost\n|-fail|p1a: mah boi|unboost|Attack|[from] ability: Inner Focus|[of] p1a: mah boi\n|move|p1a: mah boi|U-turn|p2a: Some ones kink\n|-resisted|p2a: Some ones kink\n|-damage|p2a: Some ones kink|76\/100\n|c| SerpySerper56|I forgot it was named that\n|c| SerpySerper56|Oh goodness\n|c| PhantomYakuza|Matty what\u2026\n|c| SerpySerper56|Marty why\n|c| PhantomYakuza|Now I\u2019m rooting for Cro\n|c| ocho1111|LMAO\n|c| SerpySerper56|Ghostly you can't talk you were the guy that said \"primarina should have been a hot mermaid\"\n|c| sylvee1|Cros my goat he uses his favourite pokemon just like me\n|c| ocho1111|why am i not the goat then\n|\n|t:|1699746107\n|switch|p1a: The Idiots House|Blaziken, F|100\/100|[from] U-turn\n|\n|upkeep\n|turn|5\n|c| PhantomYakuza|Dawg hear me out tho-\n|c| SerpySerper56|Dawg no\n|c| PhantomYakuza|Nah but Primarina would\n|c| PhantomYakuza|Be good if it was a good design\n|c| PhantomYakuza|unfortunately it\u2019s not\n|c| ocho1111|nah ghostly you gotta go to jail for that\n|c| PhantomYakuza|Cro mega evolve\n|c| ocho1111|lol\n|\n|t:|1699746184\n|detailschange|p2a: Some ones kink|Mawile-Mega, M\n|-mega|p2a: Some ones kink|Mawile|Mawilite\n|move|p1a: The Idiots House|Flare Blitz|p2a: Some ones kink\n|-supereffective|p2a: Some ones kink\n|-damage|p2a: Some ones kink|0 fnt\n|faint|p2a: Some ones kink\n|-damage|p1a: The Idiots House|78\/100|[from] Recoil\n|-damage|p1a: The Idiots House|68\/100|[from] item: Life Orb\n|\n|-ability|p1a: The Idiots House|Speed Boost|boost\n|-boost|p1a: The Idiots House|spe|1\n|upkeep\n|c| PhantomYakuza|go to jail for not liking Primarina lol\n|\n|t:|1699746190\n|switch|p2a: #UnBan Quick Claw|Slowbro-Galar, F|100\/100\n|-damage|p2a: #UnBan Quick Claw|88\/100|[from] Stealth Rock\n|-damage|p2a: #UnBan Quick Claw|76\/100|[from] Spikes\n|turn|6\n|l| SerpySerper56\n|c| PhantomYakuza|If there\u2019s ever a time for quick draw\n|\n|t:|1699746249\n|move|p1a: The Idiots House|Protect|p1a: The Idiots House\n|-singleturn|p1a: The Idiots House|Protect\n|move|p2a: #UnBan Quick Claw|Scald|p1a: The Idiots House\n|-activate|p1a: The Idiots House|move: Protect\n|\n|-ability|p1a: The Idiots House|Speed Boost|boost\n|-boost|p1a: The Idiots House|spe|1\n|upkeep\n|turn|7\n|l| PhantomYakuza\n|\n|t:|1699746291\n|move|p1a: The Idiots House|Flare Blitz|p2a: #UnBan Quick Claw\n|-damage|p2a: #UnBan Quick Claw|21\/100\n|-damage|p1a: The Idiots House|51\/100|[from] item: Rocky Helmet|[of] p2a: #UnBan Quick Claw\n|-damage|p1a: The Idiots House|28\/100|[from] Recoil\n|-damage|p1a: The Idiots House|18\/100|[from] item: Life Orb\n|move|p2a: #UnBan Quick Claw|Psychic|p1a: The Idiots House\n|-supereffective|p1a: The Idiots House\n|-damage|p1a: The Idiots House|0 fnt\n|faint|p1a: The Idiots House\n|\n|upkeep\n|j| PhantomYakuza\n|l| PhantomYakuza\n|j| PhantomYakuza\n|j| SerpySerper56\n|c| SerpySerper56|I have to leave @marty you better win\n|\n|t:|1699746354\n|switch|p1a: mah boi|Crobat, M|100\/100\n|turn|8\n|l| PhantomYakuza\n|l| SerpySerper56\n|\n|t:|1699746410\n|move|p1a: mah boi|Brave Bird|p2a: #UnBan Quick Claw\n|-damage|p2a: #UnBan Quick Claw|0 fnt\n|-damage|p1a: mah boi|84\/100|[from] item: Rocky Helmet|[of] p2a: #UnBan Quick Claw\n|faint|p2a: #UnBan Quick Claw\n|-damage|p1a: mah boi|77\/100|[from] Recoil\n|\n|upkeep\n|\n|t:|1699746434\n|switch|p2a: I Hate Him|Tornadus-Therian, M|100\/100\n|-damage|p2a: I Hate Him|76\/100|[from] Stealth Rock\n|turn|9\n|l| sylvee1\n|j| PhantomYakuza\n|\n|t:|1699746464\n|switch|p1a: Race to the Moon|Umbreon, F|100\/100\n|-zpower|p2a: I Hate Him\n|move|p2a: I Hate Him|Supersonic Skystrike|p1a: Race to the Moon|[zeffect]\n|-damage|p1a: Race to the Moon|42\/100\n|\n|-heal|p1a: Race to the Moon|48\/100|[from] item: Leftovers\n|upkeep\n|turn|10\n|c| PhantomYakuza|ngl\n|\n|t:|1699746493\n|move|p2a: I Hate Him|Taunt|p1a: Race to the Moon\n|-start|p1a: Race to the Moon|move: Taunt\n|cant|p1a: Race to the Moon|move: Taunt|Thunder Wave\n|\n|-heal|p1a: Race to the Moon|54\/100|[from] item: Leftovers\n|upkeep\n|turn|11\n|c| PhantomYakuza|thought he was whipping out z defog\n|c| ocho1111|LMAO\n|\n|t:|1699746507\n|move|p2a: I Hate Him|Bleakwind Storm|p1a: Race to the Moon\n|-damage|p1a: Race to the Moon|25\/100\n|move|p1a: Race to the Moon|Foul Play|p2a: I Hate Him\n|-damage|p2a: I Hate Him|41\/100\n|\n|-heal|p1a: Race to the Moon|31\/100|[from] item: Leftovers\n|upkeep\n|turn|12\n|c| ocho1111|im gonna have to remember that one\n|\n|t:|1699746525\n|move|p2a: I Hate Him|U-turn|p1a: Race to the Moon\n|-supereffective|p1a: Race to the Moon\n|-damage|p1a: Race to the Moon|14\/100\n|\n|t:|1699746529\n|switch|p2a: Kwolok|Greninja, M|100\/100|[from] U-turn\n|-damage|p2a: Kwolok|88\/100|[from] Stealth Rock\n|-damage|p2a: Kwolok|76\/100|[from] Spikes\n|move|p1a: Race to the Moon|Foul Play|p2a: Kwolok\n|-resisted|p2a: Kwolok\n|-damage|p2a: Kwolok|52\/100\n|\n|-heal|p1a: Race to the Moon|20\/100|[from] item: Leftovers\n|-end|p1a: Race to the Moon|move: Taunt\n|upkeep\n|turn|13\n|\n|t:|1699746540\n|move|p1a: Race to the Moon|Protect|p1a: Race to the Moon\n|-singleturn|p1a: Race to the Moon|Protect\n|move|p2a: Kwolok|Surf|p1a: Race to the Moon\n|-activate|p1a: Race to the Moon|move: Protect\n|\n|-heal|p1a: Race to the Moon|26\/100|[from] item: Leftovers\n|upkeep\n|turn|14\n|c| PhantomYakuza|Z Defog increases accuracy by one stage\n|c|\u2606mattyp347|heat\n|\n|t:|1699746598\n|switch|p1a: CURT MANAPHY|Manaphy|100\/100\n|move|p2a: Kwolok|Surf|p1a: CURT MANAPHY\n|-resisted|p1a: CURT MANAPHY\n|-damage|p1a: CURT MANAPHY|78\/100\n|-damage|p2a: Kwolok|42\/100|[from] item: Life Orb\n|\n|-heal|p1a: CURT MANAPHY|85\/100|[from] item: Leftovers\n|upkeep\n|turn|15\n|\n|t:|1699746621\n|switch|p2a: I Hate Him|Tornadus-Therian, M|74\/100\n|-damage|p2a: I Hate Him|49\/100|[from] Stealth Rock\n|move|p1a: CURT MANAPHY|Ice Beam|p2a: I Hate Him\n|-supereffective|p2a: I Hate Him\n|-damage|p2a: I Hate Him|0 fnt\n|faint|p2a: I Hate Him\n|\n|-heal|p1a: CURT MANAPHY|91\/100|[from] item: Leftovers\n|upkeep\n|\n|t:|1699746626\n|switch|p2a: Woingo Boingo|Hatterene, F|100\/100\n|-damage|p2a: Woingo Boingo|88\/100|[from] Stealth Rock\n|-damage|p2a: Woingo Boingo|75\/100|[from] Spikes\n|turn|16\n|\n|t:|1699746656\n|switch|p1a: Race to the Moon|Umbreon, F|26\/100\n|move|p2a: Woingo Boingo|Nuzzle|p1a: Race to the Moon\n|-damage|p1a: Race to the Moon|24\/100\n|-status|p1a: Race to the Moon|par\n|-activate|p1a: Race to the Moon|ability: Synchronize\n|-status|p2a: Woingo Boingo|par\n|\n|-heal|p1a: Race to the Moon|30\/100 par|[from] item: Leftovers\n|upkeep\n|turn|17\n|\n|t:|1699746669\n|move|p1a: Race to the Moon|Wish|p1a: Race to the Moon\n|move|p2a: Woingo Boingo|Draining Kiss|p1a: Race to the Moon\n|-supereffective|p1a: Race to the Moon\n|-damage|p1a: Race to the Moon|0 fnt\n|-heal|p2a: Woingo Boingo|100\/100 par|[from] drain|[of] p1a: Race to the Moon\n|faint|p1a: Race to the Moon\n|\n|upkeep\n|\n|t:|1699746734\n|switch|p1a: Subject 5|Scolipede, M|100\/100\n|turn|18\n|\n|t:|1699746751\n|-terastallize|p2a: Woingo Boingo|Steel\n|move|p1a: Subject 5|Swords Dance|p1a: Subject 5\n|-boost|p1a: Subject 5|atk|2\n|cant|p2a: Woingo Boingo|par\n|\n|-ability|p1a: Subject 5|Speed Boost|boost\n|-boost|p1a: Subject 5|spe|1\n|upkeep\n|turn|19\n|c|\u2606mattyp347|gg\n|\n|t:|1699746763\n|move|p1a: Subject 5|Earthquake|p2a: Woingo Boingo\n|-supereffective|p2a: Woingo Boingo\n|-damage|p2a: Woingo Boingo|0 fnt\n|faint|p2a: Woingo Boingo\n|\n|-ability|p1a: Subject 5|Speed Boost|boost\n|-boost|p1a: Subject 5|spe|1\n|upkeep\n|\n|t:|1699746770\n|switch|p2a: Kwolok|Greninja, M|42\/100\n|-damage|p2a: Kwolok|30\/100|[from] Stealth Rock\n|-damage|p2a: Kwolok|18\/100|[from] Spikes\n|turn|20\n|-message|mattyp347 forfeited.\n|\n|win|crobatoh\n|c| PhantomYakuza|Huh\n|c|\u2606crobatoh|um\n|c| PhantomYakuza|Lol matthew\n|c|\u2606crobatoh|i win game 1?\n|c|\u2606mattyp347|just give scol  2 kills\n|c|\u2606mattyp347|i lost\n|c| PhantomYakuza|we don\u2019t forfeit these lol but okay\n|c| ocho1111|he was toast\n|l| PhantomYakuza\n|l|\u2606mattyp347\n|l| ocho1111\n","uploadtime":1699746794,"views":24,"p1id":"crobatoh","p2id":"mattyp347","formatid":"gen9nationaldex","rating":0,"private":0,"password":""}