{"id":"gen9nationaldex-1994488324","p1":"goodwbs","p2":"DJRRRR","format":"[Gen 9] National Dex","log":"|j|\u2606goodwbs\n|j|\u2606DJRRRR\n|t:|1700449785\n|gametype|singles\n|player|p1|goodwbs|lady|1459\n|player|p2|DJRRRR|roxie|1452\n|teamsize|p1|6\n|teamsize|p2|6\n|gen|9\n|tier|[Gen 9] National Dex\n|rated|\n|rule|HP Percentage Mod: HP is shown in percentages\n|rule|Endless Battle Clause: Forcing endless battles is banned\n|rule|OHKO Clause: OHKO moves are banned\n|rule|Evasion Clause: Evasion abilities, items, and moves are banned\n|rule|Evasion Abilities Clause: Evasion abilities are banned\n|rule|Evasion Items Clause: Evasion items are banned\n|rule|Evasion Moves Clause: Evasion moves are banned\n|rule|Species Clause: Limit one of each Pok\u00e9mon\n|rule|Sleep Clause Mod: Limit one foe put to sleep\n|clearpoke\n|poke|p1|Iron Valiant|\n|poke|p1|Ferrothorn, M|\n|poke|p1|Charizard, F|\n|poke|p1|Garganacl, M|\n|poke|p1|Great Tusk|\n|poke|p1|Dragonite, M|\n|poke|p2|Greninja-*, M|\n|poke|p2|Pelipper, M|\n|poke|p2|Barraskewda, M|\n|poke|p2|Scizor, F|\n|poke|p2|Dragonite, F|\n|poke|p2|Zapdos|\n|teampreview\n|inactive|Battle timer is ON: inactive players will automatically lose when time's up. (requested by goodwbs)\n|\n|t:|1700449807\n|start\n|switch|p1a: Garganacl|Garganacl, M, shiny|100\/100\n|switch|p2a: Zapdos|Zapdos|100\/100\n|turn|1\n|\n|t:|1700449813\n|move|p2a: Zapdos|Volt Switch|p1a: Garganacl\n|-damage|p1a: Garganacl|78\/100\n|\n|t:|1700449815\n|switch|p2a: Pelipper|Pelipper, M|100\/100|[from] Volt Switch\n|-weather|RainDance|[from] ability: Drizzle|[of] p2a: Pelipper\n|move|p1a: Garganacl|Salt Cure|p2a: Pelipper\n|-supereffective|p2a: Pelipper\n|-damage|p2a: Pelipper|76\/100\n|-start|p2a: Pelipper|Salt Cure\n|\n|-weather|RainDance|[upkeep]\n|-heal|p1a: Garganacl|84\/100|[from] item: Leftovers\n|-damage|p2a: Pelipper|52\/100|[from] Salt Cure\n|upkeep\n|turn|2\n|\n|t:|1700449819\n|move|p2a: Pelipper|U-turn|p1a: Garganacl\n|-damage|p1a: Garganacl|78\/100\n|\n|t:|1700449822\n|switch|p2a: Barraskewda|Barraskewda, M|100\/100|[from] U-turn\n|move|p1a: Garganacl|Salt Cure|p2a: Barraskewda\n|-damage|p2a: Barraskewda|73\/100\n|-start|p2a: Barraskewda|Salt Cure\n|\n|-weather|RainDance|[upkeep]\n|-heal|p1a: Garganacl|84\/100|[from] item: Leftovers\n|-damage|p2a: Barraskewda|48\/100|[from] Salt Cure\n|upkeep\n|turn|3\n|\n|t:|1700449828\n|switch|p1a: Ferrothorn|Ferrothorn, M, shiny|100\/100\n|move|p2a: Barraskewda|Close Combat|p1a: Ferrothorn\n|-supereffective|p1a: Ferrothorn\n|-damage|p1a: Ferrothorn|18\/100\n|-unboost|p2a: Barraskewda|def|1\n|-unboost|p2a: Barraskewda|spd|1\n|-damage|p2a: Barraskewda|36\/100|[from] ability: Iron Barbs|[of] p1a: Ferrothorn\n|\n|-weather|RainDance|[upkeep]\n|-heal|p1a: Ferrothorn|24\/100|[from] item: Leftovers\n|-damage|p2a: Barraskewda|12\/100|[from] Salt Cure\n|upkeep\n|turn|4\n|\n|t:|1700449837\n|switch|p2a: Zapdos|Zapdos|100\/100\n|move|p1a: Ferrothorn|Protect||[still]\n|-fail|p1a: Ferrothorn\n|\n|-weather|RainDance|[upkeep]\n|-heal|p1a: Ferrothorn|31\/100|[from] item: Leftovers\n|upkeep\n|turn|5\n|\n|t:|1700449841\n|move|p2a: Zapdos|Hurricane|p1a: Ferrothorn\n|-damage|p1a: Ferrothorn|0 fnt\n|faint|p1a: Ferrothorn\n|\n|-weather|RainDance|[upkeep]\n|upkeep\n|\n|t:|1700449847\n|switch|p1a: Dragonite|Dragonite, M|100\/100\n|turn|6\n|\n|t:|1700449852\n|move|p2a: Zapdos|Thunder|p1a: Dragonite\n|-damage|p1a: Dragonite|73\/100\n|-status|p1a: Dragonite|par\n|move|p1a: Dragonite|Dragon Dance|p1a: Dragonite\n|-boost|p1a: Dragonite|atk|1\n|-boost|p1a: Dragonite|spe|1\n|\n|-weather|RainDance|[upkeep]\n|upkeep\n|turn|7\n|\n|t:|1700449859\n|-zpower|p2a: Zapdos\n|move|p2a: Zapdos|Supersonic Skystrike|p1a: Dragonite|[zeffect]\n|-damage|p1a: Dragonite|0 fnt\n|faint|p1a: Dragonite\n|\n|-weather|RainDance|[upkeep]\n|upkeep\n|\n|t:|1700449863\n|switch|p1a: Charizard|Charizard, F, shiny|100\/100\n|turn|8\n|\n|t:|1700449867\n|detailschange|p1a: Charizard|Charizard-Mega-Y, F, shiny\n|-mega|p1a: Charizard|Charizard|Charizardite Y\n|-weather|SunnyDay|[from] ability: Drought|[of] p1a: Charizard\n|move|p2a: Zapdos|Volt Switch|p1a: Charizard\n|-supereffective|p1a: Charizard\n|-damage|p1a: Charizard|31\/100\n|-message|goodwbs forfeited.\n|\n|win|DJRRRR\n|raw|goodwbs's rating: 1459 &rarr; <strong>1439<\/strong><br \/>(-20 for losing)\n|raw|DJRRRR's rating: 1452 &rarr; <strong>1472<\/strong><br \/>(+20 for winning)\n|l|\u2606goodwbs\n","uploadtime":1700449893,"views":10,"p1id":"goodwbs","p2id":"djrrrr","formatid":"gen9nationaldex","rating":1439,"private":0,"password":""}