{"id":"gen9nationaldex-1992789527","p1":"Oxxo_ntsm","p2":"Jor99fran","format":"[Gen 9] National Dex","log":"|j|\u2606Oxxo_ntsm\n|j|\u2606Jor99fran\n|t:|1700235612\n|gametype|singles\n|player|p1|Oxxo_ntsm|hilbert-wonderlauncher|\n|player|p2|Jor99fran|ghetsis|\n|teamsize|p1|6\n|teamsize|p2|6\n|gen|9\n|tier|[Gen 9] National Dex\n|rule|HP Percentage Mod: HP is shown in percentages\n|rule|Endless Battle Clause: Forcing endless battles is banned\n|rule|OHKO Clause: OHKO moves are banned\n|rule|Evasion Clause: Evasion abilities, items, and moves are banned\n|rule|Evasion Abilities Clause: Evasion abilities are banned\n|rule|Evasion Items Clause: Evasion items are banned\n|rule|Evasion Moves Clause: Evasion moves are banned\n|rule|Species Clause: Limit one of each Pok\u00e9mon\n|rule|Sleep Clause Mod: Limit one foe put to sleep\n|clearpoke\n|poke|p1|Charizard, M|\n|poke|p1|Volcarona, F|\n|poke|p1|Victini|\n|poke|p1|Ceruledge, M|\n|poke|p1|Chandelure, F|\n|poke|p1|Flareon, M|\n|poke|p2|Zoroark-Hisui, F|\n|poke|p2|Mimikyu, M|\n|poke|p2|Froslass, F|\n|poke|p2|Ceruledge, M|\n|poke|p2|Mismagius, M|\n|poke|p2|Typhlosion-Hisui, F|\n|teampreview\n|inactive|Battle timer is ON: inactive players will automatically lose when time's up. (requested by Oxxo_ntsm)\n|c|\u2606Oxxo_ntsm|Buena suerte\n|c|\u2606Oxxo_ntsm|Nice usas al Typhlosion\n|\n|t:|1700235632\n|start\n|switch|p1a: Nacho|Flareon, M|100\/100\n|switch|p2a: Froslass|Froslass, F|100\/100\n|turn|1\n|c|\u2606Jor99fran|falopion\n|c|\u2606Jor99fran|XD\n|\n|t:|1700235641\n|move|p2a: Froslass|Spikes|p1a: Nacho\n|-sidestart|p1: Oxxo_ntsm|Spikes\n|move|p1a: Nacho|Wish|p1a: Nacho\n|\n|upkeep\n|turn|2\n|\n|t:|1700235649\n|move|p2a: Froslass|Spikes|p1a: Nacho\n|-sidestart|p1: Oxxo_ntsm|Spikes\n|move|p1a: Nacho|Flare Blitz|p2a: Froslass\n|-supereffective|p2a: Froslass\n|-enditem|p2a: Froslass|Focus Sash\n|-damage|p2a: Froslass|1\/100\n|-status|p2a: Froslass|brn\n|-damage|p1a: Nacho|73\/100|[from] Recoil\n|\n|-heal|p1a: Nacho|100\/100|[from] move: Wish|[wisher] Nacho\n|-damage|p2a: Froslass|0 fnt|[from] brn\n|faint|p2a: Froslass\n|upkeep\n|\n|t:|1700235653\n|switch|p2a: Mimikyu|Mimikyu, M|100\/100\n|turn|3\n|\n|t:|1700235670\n|-terastallize|p2a: Mimikyu|Ghost\n|move|p2a: Mimikyu|Shadow Ball|p1a: Nacho\n|-damage|p1a: Nacho|60\/100\n|move|p1a: Nacho|Toxic|p2a: Mimikyu\n|-status|p2a: Mimikyu|tox\n|\n|-heal|p1a: Nacho|66\/100|[from] item: Leftovers\n|-damage|p2a: Mimikyu|95\/100 tox|[from] psn\n|upkeep\n|turn|4\n|\n|t:|1700235683\n|move|p2a: Mimikyu|Shadow Ball|p1a: Nacho\n|-crit|p1a: Nacho\n|-damage|p1a: Nacho|2\/100\n|move|p1a: Nacho|Wish|p1a: Nacho\n|\n|-heal|p1a: Nacho|8\/100|[from] item: Leftovers\n|-damage|p2a: Mimikyu|83\/100 tox|[from] psn\n|upkeep\n|turn|5\n|\n|t:|1700235692\n|move|p1a: Nacho|Protect|p1a: Nacho\n|-singleturn|p1a: Nacho|Protect\n|move|p2a: Mimikyu|Shadow Ball|p1a: Nacho\n|-activate|p1a: Nacho|move: Protect\n|\n|-heal|p1a: Nacho|58\/100|[from] move: Wish|[wisher] Nacho\n|-heal|p1a: Nacho|64\/100|[from] item: Leftovers\n|-damage|p2a: Mimikyu|65\/100 tox|[from] psn\n|upkeep\n|turn|6\n|\n|t:|1700235719\n|move|p2a: Mimikyu|Shadow Ball|p1a: Nacho\n|-damage|p1a: Nacho|22\/100\n|move|p1a: Nacho|Wish|p1a: Nacho\n|\n|-heal|p1a: Nacho|28\/100|[from] item: Leftovers\n|-damage|p2a: Mimikyu|41\/100 tox|[from] psn\n|upkeep\n|turn|7\n|\n|t:|1700235728\n|move|p1a: Nacho|Protect|p1a: Nacho\n|-singleturn|p1a: Nacho|Protect\n|move|p2a: Mimikyu|Shadow Ball|p1a: Nacho\n|-activate|p1a: Nacho|move: Protect\n|\n|-heal|p1a: Nacho|78\/100|[from] move: Wish|[wisher] Nacho\n|-heal|p1a: Nacho|84\/100|[from] item: Leftovers\n|-damage|p2a: Mimikyu|11\/100 tox|[from] psn\n|upkeep\n|turn|8\n|\n|t:|1700235748\n|move|p2a: Mimikyu|Flamethrower|p1a: Nacho\n|-start|p1a: Nacho|ability: Flash Fire\n|move|p1a: Nacho|Wish|p1a: Nacho\n|\n|-heal|p1a: Nacho|90\/100|[from] item: Leftovers\n|-damage|p2a: Mimikyu|0 fnt|[from] psn\n|faint|p2a: Mimikyu\n|upkeep\n|c|\u2606Jor99fran|tmr\n|\n|t:|1700235762\n|switch|p2a: Ceruledge|Ceruledge, M|100\/100\n|turn|9\n|c|\u2606Oxxo_ntsm|Buffee al flareon xd\n|\n|t:|1700235784\n|move|p2a: Ceruledge|Swords Dance|p2a: Ceruledge\n|-boost|p2a: Ceruledge|atk|2\n|move|p1a: Nacho|Toxic|p2a: Ceruledge|[miss]\n|-miss|p1a: Nacho|p2a: Ceruledge\n|\n|-heal|p1a: Nacho|100\/100|[from] move: Wish|[wisher] Nacho\n|upkeep\n|turn|10\n|c|\u2606Jor99fran|se nota\n|\n|t:|1700235797\n|move|p2a: Ceruledge|Close Combat|p1a: Nacho\n|-damage|p1a: Nacho|2\/100\n|-unboost|p2a: Ceruledge|def|1\n|-unboost|p2a: Ceruledge|spd|1\n|move|p1a: Nacho|Toxic|p2a: Ceruledge\n|-status|p2a: Ceruledge|tox\n|\n|-heal|p1a: Nacho|8\/100|[from] item: Leftovers\n|-damage|p2a: Ceruledge|94\/100 tox|[from] psn\n|upkeep\n|turn|11\n|\n|t:|1700235811\n|move|p1a: Nacho|Protect|p1a: Nacho\n|-singleturn|p1a: Nacho|Protect\n|move|p2a: Ceruledge|Shadow Sneak|p1a: Nacho\n|-activate|p1a: Nacho|move: Protect\n|\n|-heal|p1a: Nacho|14\/100|[from] item: Leftovers\n|-damage|p2a: Ceruledge|82\/100 tox|[from] psn\n|upkeep\n|turn|12\n|\n|t:|1700235822\n|move|p1a: Nacho|Protect|p1a: Nacho\n|-singleturn|p1a: Nacho|Protect\n|move|p2a: Ceruledge|Shadow Sneak|p1a: Nacho\n|-activate|p1a: Nacho|move: Protect\n|\n|-heal|p1a: Nacho|20\/100|[from] item: Leftovers\n|-damage|p2a: Ceruledge|63\/100 tox|[from] psn\n|upkeep\n|turn|13\n|c|\u2606Jor99fran|QUE\n|c|\u2606Oxxo_ntsm|Tremenda suerte xd\n|inactive|Oxxo_ntsm has 270 seconds left.\n|\n|t:|1700235846\n|move|p1a: Nacho|Protect||[still]\n|-fail|p1a: Nacho\n|move|p2a: Ceruledge|Shadow Sneak|p1a: Nacho\n|-damage|p1a: Nacho|0 fnt\n|faint|p1a: Nacho\n|\n|-damage|p2a: Ceruledge|39\/100 tox|[from] psn\n|upkeep\n|inactive|Oxxo_ntsm has 270 seconds left.\n|\n|t:|1700235864\n|switch|p1a: Shin Chan|Chandelure, F|100\/100\n|-damage|p1a: Shin Chan|84\/100|[from] Spikes\n|turn|14\n|\n|t:|1700235879\n|-terastallize|p1a: Shin Chan|Water\n|move|p2a: Ceruledge|Shadow Sneak|p1a: Shin Chan\n|-damage|p1a: Shin Chan|27\/100\n|move|p1a: Shin Chan|Calm Mind|p1a: Shin Chan\n|-boost|p1a: Shin Chan|spa|1\n|-boost|p1a: Shin Chan|spd|1\n|\n|-damage|p2a: Ceruledge|8\/100 tox|[from] psn\n|upkeep\n|turn|15\n|inactive|Oxxo_ntsm has 270 seconds left.\n|c|\u2606Jor99fran|adivine X\n|c|\u2606Jor99fran|D\n|\n|t:|1700235891\n|move|p2a: Ceruledge|Shadow Sneak|p1a: Shin Chan\n|-damage|p1a: Shin Chan|0 fnt\n|faint|p1a: Shin Chan\n|\n|-damage|p2a: Ceruledge|0 fnt|[from] psn\n|faint|p2a: Ceruledge\n|upkeep\n|inactive|Oxxo_ntsm has 270 seconds left.\n|\n|t:|1700235902\n|switch|p2a: Mimikyu|Mimikyu, M|100\/100\n|switch|p1a: Destripachorizo|Charizard, M, shiny|100\/100\n|turn|16\n|inactive|Oxxo_ntsm has 270 seconds left.\n|\n|t:|1700235915\n|detailschange|p1a: Destripachorizo|Charizard-Mega-Y, M, shiny\n|-mega|p1a: Destripachorizo|Charizard|Charizardite Y\n|-weather|SunnyDay|[from] ability: Drought|[of] p1a: Destripachorizo\n|move|p1a: Destripachorizo|Ancient Power|p2a: Mimikyu\n|-activate|p2a: Mimikyu|ability: Disguise\n|-damage|p2a: Mimikyu|100\/100\n|detailschange|p2a: Mimikyu|Mimikyu-Busted, M\n|-damage|p2a: Mimikyu|88\/100|[from] pokemon: Mimikyu-Busted\n|move|p2a: Mimikyu|Swords Dance|p2a: Mimikyu\n|-boost|p2a: Mimikyu|atk|2\n|\n|-weather|SunnyDay|[upkeep]\n|upkeep\n|turn|17\n|inactive|Oxxo_ntsm has 270 seconds left.\n|\n|t:|1700235929\n|move|p2a: Mimikyu|Shadow Sneak|p1a: Destripachorizo\n|-damage|p1a: Destripachorizo|29\/100\n|-damage|p2a: Mimikyu|78\/100|[from] item: Life Orb\n|move|p1a: Destripachorizo|Flamethrower|p2a: Mimikyu\n|-damage|p2a: Mimikyu|0 fnt\n|faint|p2a: Mimikyu\n|\n|-weather|SunnyDay|[upkeep]\n|upkeep\n|\n|t:|1700235936\n|switch|p2a: Typhlosion|Typhlosion-Hisui, F|100\/100\n|-item|p1a: Destripachorizo|Charizardite Y|[from] ability: Frisk|[of] p2a: Typhlosion|[identify]\n|turn|18\n|\n|t:|1700235944\n|move|p1a: Destripachorizo|Ancient Power|p2a: Typhlosion\n|-supereffective|p2a: Typhlosion\n|-damage|p2a: Typhlosion|38\/100\n|move|p2a: Typhlosion|Infernal Parade|p1a: Destripachorizo\n|-damage|p1a: Destripachorizo|0 fnt\n|faint|p1a: Destripachorizo\n|\n|-weather|SunnyDay|[upkeep]\n|upkeep\n|inactive|Oxxo_ntsm has 270 seconds left.\n|c|\u2606Oxxo_ntsm|Espera y ese ataque?!\n|c|\u2606Oxxo_ntsm|Jamas lo habia visto\n|c|\u2606Oxxo_ntsm|Es nuevo?\n|\n|t:|1700235977\n|switch|p1a: Anakin|Ceruledge, M|100\/100\n|-damage|p1a: Anakin|84\/100|[from] Spikes\n|turn|19\n|c|\u2606Jor99fran|es de hisui\n|c|\u2606Oxxo_ntsm|Cool\n|inactive|Oxxo_ntsm has 240 seconds left.\n|c|\u2606Jor99fran|exclusivo de este typhosion\n|c|\u2606Jor99fran|XD\n|c|\u2606Oxxo_ntsm|Por cierto estuve pensando en usar a Typhlosion en el segundo equipo\n|c|\u2606Oxxo_ntsm|Aunque no se cual usar\n|c|\u2606Oxxo_ntsm|El normal o el falopa\n|c|\u2606Jor99fran|el q quieras\n|inactive|Oxxo_ntsm has 210 seconds left.\n|\n|t:|1700236034\n|move|p2a: Typhlosion|Shadow Ball|p1a: Anakin\n|-supereffective|p1a: Anakin\n|-damage|p1a: Anakin|0 fnt\n|faint|p1a: Anakin\n|\n|-weather|SunnyDay|[upkeep]\n|upkeep\n|c|\u2606Jor99fran|LOL\n|c|\u2606Jor99fran|SOY MAS RAPIDO\n|\n|t:|1700236043\n|switch|p1a: Mothra|Volcarona, F|100\/100\n|turn|20\n|c|\u2606Jor99fran|ay\n|c|\u2606Jor99fran|la volcabrona\n|\n|t:|1700236053\n|move|p2a: Typhlosion|Shadow Ball|p1a: Mothra\n|-damage|p1a: Mothra|60\/100\n|-unboost|p1a: Mothra|spd|1\n|move|p1a: Mothra|Quiver Dance|p1a: Mothra\n|-boost|p1a: Mothra|spa|1\n|-boost|p1a: Mothra|spd|1\n|-boost|p1a: Mothra|spe|1\n|\n|-weather|none\n|upkeep\n|turn|21\n|\n|t:|1700236067\n|move|p1a: Mothra|Tera Blast|p2a: Typhlosion\n|-immune|p2a: Typhlosion\n|move|p2a: Typhlosion|Shadow Ball|p1a: Mothra\n|-damage|p1a: Mothra|22\/100\n|\n|upkeep\n|turn|22\n|c|\u2606Jor99fran|XDDD\n|c|\u2606Oxxo_ntsm|Verga\n|c|\u2606Oxxo_ntsm|Se me olvido\n|c|\u2606Oxxo_ntsm|Xd\n|inactive|Oxxo_ntsm has 210 seconds left.\n|\n|t:|1700236083\n|move|p1a: Mothra|Fiery Dance|p2a: Typhlosion\n|-resisted|p2a: Typhlosion\n|-damage|p2a: Typhlosion|0 fnt\n|-boost|p1a: Mothra|spa|1\n|faint|p2a: Typhlosion\n|\n|upkeep\n|\n|t:|1700236087\n|switch|p2a: Mismagius|Mismagius, M|100\/100\n|turn|23\n|\n|t:|1700236102\n|move|p2a: Mismagius|Shadow Ball|p1a: Mothra\n|-damage|p1a: Mothra|0 fnt\n|faint|p1a: Mothra\n|\n|upkeep\n|\n|t:|1700236108\n|switch|p1a: Vic|Victini|100\/100\n|-damage|p1a: Vic|84\/100|[from] Spikes\n|turn|24\n|\n|t:|1700236116\n|move|p2a: Mismagius|Shadow Ball|p1a: Vic\n|-supereffective|p1a: Vic\n|-damage|p1a: Vic|42\/100\n|move|p1a: Vic|V-create|p2a: Mismagius\n|-damage|p2a: Mismagius|0 fnt\n|-unboost|p1a: Vic|spe|1\n|-unboost|p1a: Vic|def|1\n|-unboost|p1a: Vic|spd|1\n|faint|p2a: Mismagius\n|\n|win|Oxxo_ntsm\n|c|\u2606Jor99fran|gg\n|c|\u2606Oxxo_ntsm|gg\n|c|\u2606Jor99fran|casi remonto\n|c|\u2606Jor99fran|xd\n|c|\u2606Oxxo_ntsm|Estuvo divertido\n","uploadtime":1700236133,"views":9,"p1id":"oxxontsm","p2id":"jor99fran","formatid":"gen9nationaldex","rating":0,"private":0,"password":""}