{"id":"gen9nationaldex-1993494456","p1":"psng","p2":"brunodiesinpart5","format":"[Gen 9] National Dex","log":"|j|\u2606psng\n|j|\u2606brunodiesinpart5\n|t:|1700324597\n|gametype|singles\n|player|p1|psng|wallace|1432\n|player|p2|brunodiesinpart5|fisherman|1524\n|teamsize|p1|6\n|teamsize|p2|6\n|gen|9\n|tier|[Gen 9] National Dex\n|rated|\n|rule|HP Percentage Mod: HP is shown in percentages\n|rule|Endless Battle Clause: Forcing endless battles is banned\n|rule|OHKO Clause: OHKO moves are banned\n|rule|Evasion Clause: Evasion abilities, items, and moves are banned\n|rule|Evasion Abilities Clause: Evasion abilities are banned\n|rule|Evasion Items Clause: Evasion items are banned\n|rule|Evasion Moves Clause: Evasion moves are banned\n|rule|Species Clause: Limit one of each Pok\u00e9mon\n|rule|Sleep Clause Mod: Limit one foe put to sleep\n|clearpoke\n|poke|p1|Pelipper, F|\n|poke|p1|Tapu Lele|\n|poke|p1|Swampert, F|\n|poke|p1|Greninja-*, M|\n|poke|p1|Zapdos|\n|poke|p1|Ferrothorn, F|\n|poke|p2|Gliscor, F|\n|poke|p2|Lopunny, F|\n|poke|p2|Heatran, F|\n|poke|p2|Corviknight, F|\n|poke|p2|Weavile, M|\n|poke|p2|Zapdos|\n|teampreview\n|inactive|Battle timer is ON: inactive players will automatically lose when time's up. (requested by psng)\n|\n|t:|1700324605\n|start\n|switch|p1a: Pelipper|Pelipper, F, shiny|100\/100\n|switch|p2a: Heatran|Heatran, F|100\/100\n|-weather|RainDance|[from] ability: Drizzle|[of] p1a: Pelipper\n|turn|1\n|\n|t:|1700324627\n|-terastallize|p2a: Heatran|Grass\n|move|p2a: Heatran|Tera Blast|p1a: Pelipper|[anim] Tera Blast Grass\n|-damage|p1a: Pelipper|38\/100\n|move|p1a: Pelipper|Knock Off|p2a: Heatran\n|-damage|p2a: Heatran|88\/100\n|-enditem|p2a: Heatran|Leftovers|[from] move: Knock Off|[of] p1a: Pelipper\n|\n|-weather|RainDance|[upkeep]\n|upkeep\n|turn|2\n|\n|t:|1700324639\n|switch|p1a: Zapdos|Zapdos, shiny|100\/100\n|move|p2a: Heatran|Tera Blast|p1a: Zapdos|[anim] Tera Blast Grass\n|-resisted|p1a: Zapdos\n|-damage|p1a: Zapdos|82\/100\n|\n|-weather|RainDance|[upkeep]\n|upkeep\n|turn|3\n|\n|t:|1700324653\n|switch|p2a: Weavile|Weavile, M|100\/100\n|-ability|p2a: Weavile|Pressure\n|move|p1a: Zapdos|Hurricane|p2a: Weavile\n|-damage|p2a: Weavile|38\/100\n|-start|p2a: Weavile|confusion\n|\n|-weather|RainDance|[upkeep]\n|upkeep\n|turn|4\n|\n|t:|1700324664\n|-activate|p2a: Weavile|confusion\n|-damage|p2a: Weavile|13\/100|[from] confusion\n|move|p1a: Zapdos|U-turn|p2a: Weavile\n|-supereffective|p2a: Weavile\n|-damage|p2a: Weavile|0 fnt\n|faint|p2a: Weavile\n|\n|t:|1700324686\n|switch|p1a: Tapu Lele|Tapu Lele, shiny|100\/100|[from] U-turn\n|-fieldstart|move: Psychic Terrain|[from] ability: Psychic Surge|[of] p1a: Tapu Lele\n|\n|-weather|RainDance|[upkeep]\n|upkeep\n|\n|t:|1700324695\n|switch|p2a: Zapdos|Zapdos|100\/100\n|turn|5\n|\n|t:|1700324699\n|move|p1a: Tapu Lele|Psychic|p2a: Zapdos\n|-damage|p2a: Zapdos|27\/100\n|move|p2a: Zapdos|Hurricane|p1a: Tapu Lele\n|-damage|p1a: Tapu Lele|35\/100\n|\n|-weather|RainDance|[upkeep]\n|upkeep\n|turn|6\n|\n|t:|1700324709\n|switch|p2a: Heatran|Heatran, F, tera:Grass|88\/100\n|move|p1a: Tapu Lele|Psychic|p2a: Heatran\n|-damage|p2a: Heatran|29\/100\n|\n|-weather|RainDance|[upkeep]\n|upkeep\n|turn|7\n|\n|t:|1700324714\n|move|p1a: Tapu Lele|Psychic|p2a: Heatran\n|-damage|p2a: Heatran|0 fnt\n|faint|p2a: Heatran\n|\n|-weather|RainDance|[upkeep]\n|upkeep\n|\n|t:|1700324718\n|switch|p2a: Lopunny|Lopunny, F|100\/100\n|turn|8\n|\n|t:|1700324721\n|detailschange|p2a: Lopunny|Lopunny-Mega, F\n|-mega|p2a: Lopunny|Lopunny|Lopunnite\n|move|p1a: Tapu Lele|Psychic|p2a: Lopunny\n|-supereffective|p2a: Lopunny\n|-damage|p2a: Lopunny|0 fnt\n|faint|p2a: Lopunny\n|\n|-weather|none\n|-fieldend|move: Psychic Terrain\n|upkeep\n|\n|t:|1700324725\n|switch|p2a: Corviknight|Corviknight, F|100\/100\n|-ability|p2a: Corviknight|Pressure\n|turn|9\n|\n|t:|1700324729\n|switch|p1a: Pelipper|Pelipper, F, shiny|38\/100\n|-weather|RainDance|[from] ability: Drizzle|[of] p1a: Pelipper\n|move|p2a: Corviknight|U-turn|p1a: Pelipper\n|-resisted|p1a: Pelipper\n|-damage|p1a: Pelipper|33\/100\n|-message|brunodiesinpart5 forfeited.\n|\n|win|psng\n|raw|psng's rating: 1432 &rarr; <strong>1456<\/strong><br \/>(+24 for winning)\n|raw|brunodiesinpart5's rating: 1500 &rarr; <strong>1476<\/strong><br \/>(-24 for losing)\n","uploadtime":1700324742,"views":6,"p1id":"psng","p2id":"brunodiesinpart5","formatid":"gen9nationaldex","rating":1456,"private":0,"password":""}