{"id":"gen9nationaldex-1990026903","p1":"Blake-Mamba","p2":"lucas_ne","format":"[Gen 9] National Dex","log":"|j|\u2606Blake-Mamba\n|j|\u2606lucas_ne\n|t:|1699916756\n|gametype|singles\n|player|p1|Blake-Mamba|juan|1384\n|player|p2|lucas_ne|bruno|1407\n|teamsize|p1|6\n|teamsize|p2|6\n|gen|9\n|tier|[Gen 9] National Dex\n|rated|\n|rule|HP Percentage Mod: HP is shown in percentages\n|rule|Endless Battle Clause: Forcing endless battles is banned\n|rule|OHKO Clause: OHKO moves are banned\n|rule|Evasion Clause: Evasion abilities, items, and moves are banned\n|rule|Evasion Abilities Clause: Evasion abilities are banned\n|rule|Evasion Items Clause: Evasion items are banned\n|rule|Evasion Moves Clause: Evasion moves are banned\n|rule|Species Clause: Limit one of each Pok\u00e9mon\n|rule|Sleep Clause Mod: Limit one foe put to sleep\n|clearpoke\n|poke|p1|Galvantula, F|\n|poke|p1|Serperior, F|\n|poke|p1|Volcarona, M|\n|poke|p1|Carracosta, F|\n|poke|p1|Archeops, F|\n|poke|p1|Golurk|\n|poke|p2|Landorus-Therian, M|\n|poke|p2|Samurott-Hisui, M|\n|poke|p2|Iron Valiant|\n|poke|p2|Dragonite, M|\n|poke|p2|Scizor, M|\n|poke|p2|Moltres|\n|teampreview\n|inactive|Battle timer is ON: inactive players will automatically lose when time's up. (requested by Blake-Mamba)\n|\n|t:|1699916773\n|start\n|switch|p1a: Galvantula|Galvantula, F|100\/100\n|switch|p2a: Landorus|Landorus-Therian, M|100\/100\n|-ability|p2a: Landorus|Intimidate|boost\n|-unboost|p1a: Galvantula|atk|1\n|turn|1\n|\n|t:|1699916781\n|move|p1a: Galvantula|Sticky Web|p2a: Landorus\n|-sidestart|p2: lucas_ne|move: Sticky Web\n|move|p2a: Landorus|Earthquake|p1a: Galvantula\n|-enditem|p1a: Galvantula|Focus Sash\n|-damage|p1a: Galvantula|1\/100\n|\n|upkeep\n|turn|2\n|\n|t:|1699916787\n|move|p1a: Galvantula|Giga Drain|p2a: Landorus\n|-damage|p2a: Landorus|79\/100\n|-heal|p1a: Galvantula|13\/100|[from] drain|[of] p2a: Landorus\n|move|p2a: Landorus|U-turn|p1a: Galvantula\n|-damage|p1a: Galvantula|0 fnt\n|faint|p1a: Galvantula\n|\n|t:|1699916791\n|switch|p2a: Samurott|Samurott-Hisui, M|100\/100|[from] U-turn\n|-activate|p2a: Samurott|move: Sticky Web\n|-unboost|p2a: Samurott|spe|1\n|\n|upkeep\n|\n|t:|1699916801\n|switch|p1a: Serperior|Serperior, F|100\/100\n|turn|3\n|\n|t:|1699916808\n|move|p1a: Serperior|Leaf Storm|p2a: Samurott\n|-supereffective|p2a: Samurott\n|-enditem|p2a: Samurott|Focus Sash\n|-damage|p2a: Samurott|1\/100\n|-boost|p1a: Serperior|spa|2\n|-damage|p1a: Serperior|91\/100|[from] item: Life Orb\n|move|p2a: Samurott|Knock Off|p1a: Serperior\n|-damage|p1a: Serperior|40\/100\n|-enditem|p1a: Serperior|Life Orb|[from] move: Knock Off|[of] p2a: Samurott\n|\n|upkeep\n|turn|4\n|\n|t:|1699916834\n|switch|p2a: Scizor|Scizor, M|100\/100\n|-activate|p2a: Scizor|move: Sticky Web\n|-unboost|p2a: Scizor|spe|1\n|move|p1a: Serperior|Leaf Storm|p2a: Scizor\n|-resisted|p2a: Scizor\n|-damage|p2a: Scizor|72\/100\n|-boost|p1a: Serperior|spa|2\n|\n|upkeep\n|turn|5\n|inactive|lucas_ne has 120 seconds left.\n|\n|t:|1699916874\n|detailschange|p2a: Scizor|Scizor-Mega, M\n|-mega|p2a: Scizor|Scizor|Scizorite\n|move|p1a: Serperior|Hidden Power|p2a: Scizor\n|-supereffective|p2a: Scizor\n|-damage|p2a: Scizor|0 fnt\n|faint|p2a: Scizor\n|\n|upkeep\n|\n|t:|1699916879\n|switch|p2a: Moltres|Moltres|100\/100\n|turn|6\n|inactive|lucas_ne has 120 seconds left.\n|\n|t:|1699916888\n|move|p1a: Serperior|Leaf Storm|p2a: Moltres\n|-resisted|p2a: Moltres\n|-damage|p2a: Moltres|71\/100\n|-boost|p1a: Serperior|spa|2\n|move|p2a: Moltres|Defog|p1a: Serperior\n|-boost|p1a: Serperior|evasion|1\n|-sideend|p2: lucas_ne|Sticky Web|[from] move: Defog|[of] p2a: Moltres\n|\n|upkeep\n|turn|7\n|\n|t:|1699916899\n|move|p1a: Serperior|Substitute|p1a: Serperior\n|-start|p1a: Serperior|Substitute\n|-damage|p1a: Serperior|15\/100\n|move|p2a: Moltres|Flamethrower|p1a: Serperior\n|-supereffective|p1a: Serperior\n|-end|p1a: Serperior|Substitute\n|\n|upkeep\n|turn|8\n|\n|t:|1699916907\n|-terastallize|p1a: Serperior|Grass\n|move|p1a: Serperior|Leaf Storm|p2a: Moltres\n|-resisted|p2a: Moltres\n|-damage|p2a: Moltres|23\/100\n|move|p2a: Moltres|Flamethrower|p1a: Serperior|[miss]\n|-miss|p2a: Moltres|p1a: Serperior\n|\n|upkeep\n|turn|9\n|\n|t:|1699916917\n|switch|p2a: Samurott|Samurott-Hisui, M|1\/100\n|move|p1a: Serperior|Giga Drain|p2a: Samurott\n|-supereffective|p2a: Samurott\n|-damage|p2a: Samurott|0 fnt\n|-heal|p1a: Serperior|16\/100|[from] drain|[of] p2a: Samurott\n|faint|p2a: Samurott\n|\n|upkeep\n|\n|t:|1699916922\n|switch|p2a: Dragonite|Dragonite, M|100\/100\n|turn|10\n|\n|t:|1699916929\n|switch|p1a: Golurk|Golurk|100\/100\n|move|p2a: Dragonite|Extreme Speed|p1a: Golurk\n|-immune|p1a: Golurk\n|\n|upkeep\n|turn|11\n|\n|t:|1699916936\n|switch|p2a: Moltres|Moltres|23\/100\n|move|p1a: Golurk|Rock Polish|p1a: Golurk\n|-boost|p1a: Golurk|spe|2\n|\n|upkeep\n|turn|12\n|\n|t:|1699916946\n|move|p1a: Golurk|Poltergeist|p2a: Moltres\n|-activate|p2a: Moltres|move: Poltergeist|Heavy-Duty Boots\n|-damage|p2a: Moltres|0 fnt\n|faint|p2a: Moltres\n|\n|upkeep\n|\n|t:|1699916958\n|switch|p2a: Landorus|Landorus-Therian, M|79\/100\n|-ability|p2a: Landorus|Intimidate|boost\n|-unboost|p1a: Golurk|atk|1\n|turn|13\n|\n|t:|1699916966\n|move|p1a: Golurk|Dynamic Punch|p2a: Landorus\n|-resisted|p2a: Landorus\n|-damage|p2a: Landorus|64\/100\n|-start|p2a: Landorus|confusion\n|-activate|p2a: Landorus|confusion\n|move|p2a: Landorus|Knock Off|p1a: Golurk\n|-supereffective|p1a: Golurk\n|-damage|p1a: Golurk|5\/100\n|-enditem|p1a: Golurk|Weakness Policy\n|-boost|p1a: Golurk|atk|2|[from] item: Weakness Policy\n|-boost|p1a: Golurk|spa|2|[from] item: Weakness Policy\n|\n|-heal|p2a: Landorus|70\/100|[from] item: Leftovers\n|upkeep\n|turn|14\n|\n|t:|1699916978\n|move|p1a: Golurk|Poltergeist|p2a: Landorus\n|-activate|p2a: Landorus|move: Poltergeist|Leftovers\n|-damage|p2a: Landorus|0 fnt\n|faint|p2a: Landorus\n|\n|upkeep\n|\n|t:|1699916987\n|switch|p2a: Dragonite|Dragonite, M|100\/100\n|turn|15\n|\n|t:|1699916990\n|move|p1a: Golurk|Dynamic Punch|p2a: Dragonite\n|-resisted|p2a: Dragonite\n|-damage|p2a: Dragonite|86\/100\n|-start|p2a: Dragonite|confusion\n|-activate|p2a: Dragonite|confusion\n|move|p2a: Dragonite|Earthquake|p1a: Golurk\n|-damage|p1a: Golurk|0 fnt\n|faint|p1a: Golurk\n|\n|upkeep\n|\n|t:|1699917000\n|switch|p1a: Archeops|Archeops, F|100\/100\n|turn|16\n|\n|t:|1699917013\n|switch|p2a: Iron Valiant|Iron Valiant|100\/100\n|move|p1a: Archeops|Stone Edge|p2a: Iron Valiant\n|-resisted|p2a: Iron Valiant\n|-damage|p2a: Iron Valiant|42\/100\n|\n|upkeep\n|turn|17\n|\n|t:|1699917021\n|switch|p1a: Serperior|Serperior, F, tera:Grass|16\/100\n|-zpower|p2a: Iron Valiant\n|move|p2a: Iron Valiant|All-Out Pummeling|p1a: Serperior|[zeffect]\n|-damage|p1a: Serperior|0 fnt\n|faint|p1a: Serperior\n|\n|upkeep\n|\n|t:|1699917031\n|switch|p1a: Volcarona|Volcarona, M|100\/100\n|turn|18\n|\n|t:|1699917035\n|move|p2a: Iron Valiant|Thunderbolt|p1a: Volcarona\n|-damage|p1a: Volcarona|74\/100\n|move|p1a: Volcarona|Fiery Dance|p2a: Iron Valiant\n|-damage|p2a: Iron Valiant|0 fnt\n|faint|p2a: Iron Valiant\n|-end|p2a: Iron Valiant|Quark Drive|[silent]\n|\n|upkeep\n|\n|t:|1699917037\n|switch|p2a: Dragonite|Dragonite, M|86\/100\n|turn|19\n|\n|t:|1699917050\n|-terastallize|p2a: Dragonite|Normal\n|move|p2a: Dragonite|Dragon Dance|p2a: Dragonite\n|-boost|p2a: Dragonite|atk|1\n|-boost|p2a: Dragonite|spe|1\n|move|p1a: Volcarona|Fiery Dance|p2a: Dragonite\n|-damage|p2a: Dragonite|40\/100\n|\n|upkeep\n|turn|20\n|\n|t:|1699917058\n|move|p2a: Dragonite|Earthquake|p1a: Volcarona\n|-damage|p1a: Volcarona|1\/100\n|move|p1a: Volcarona|Fiery Dance|p2a: Dragonite\n|-damage|p2a: Dragonite|0 fnt\n|-boost|p1a: Volcarona|spa|1\n|faint|p2a: Dragonite\n|\n|win|Blake-Mamba\n|raw|Blake-Mamba's rating: 1384 &rarr; <strong>1405<\/strong><br \/>(+21 for winning)\n|raw|lucas_ne's rating: 1407 &rarr; <strong>1386<\/strong><br \/>(-21 for losing)\n|l|\u2606lucas_ne\n","uploadtime":1699917072,"views":5,"p1id":"blakemamba","p2id":"lucasne","formatid":"gen9nationaldex","rating":1386,"private":0,"password":""}