{"id":"gen9nationaldex-1987654880","p1":"long84569391","p2":"A.private","format":"[Gen 9] National Dex","log":"|j|\u2606long84569391\n|j|\u2606A.private\n|t:|1699624475\n|gametype|singles\n|player|p1|long84569391|riley|1140\n|player|p2|A.private|rosa|1149\n|teamsize|p1|6\n|teamsize|p2|6\n|gen|9\n|tier|[Gen 9] National Dex\n|rated|\n|rule|HP Percentage Mod: HP is shown in percentages\n|rule|Endless Battle Clause: Forcing endless battles is banned\n|rule|OHKO Clause: OHKO moves are banned\n|rule|Evasion Clause: Evasion abilities, items, and moves are banned\n|rule|Evasion Abilities Clause: Evasion abilities are banned\n|rule|Evasion Items Clause: Evasion items are banned\n|rule|Evasion Moves Clause: Evasion moves are banned\n|rule|Species Clause: Limit one of each Pok\u00e9mon\n|rule|Sleep Clause Mod: Limit one foe put to sleep\n|clearpoke\n|poke|p1|Gyarados, M|\n|poke|p1|Great Tusk|\n|poke|p1|Clodsire, M|\n|poke|p1|Iron Moth|\n|poke|p1|Empoleon, M|\n|poke|p1|Rillaboom, M|\n|poke|p2|Lycanroc-Dusk, F|\n|poke|p2|Absol, F|\n|poke|p2|Claydol|\n|poke|p2|Oricorio-Sensu, F|\n|poke|p2|Entei|\n|poke|p2|Azumarill, F|\n|teampreview\n|inactive|Battle timer is ON: inactive players will automatically lose when time's up. (requested by long84569391)\n|\n|t:|1699624486\n|start\n|switch|p1a: Iron Moth|Iron Moth|100\/100\n|switch|p2a: Absol|Absol, F|100\/100\n|turn|1\n|\n|t:|1699624495\n|detailschange|p2a: Absol|Absol-Mega, F\n|-mega|p2a: Absol|Absol|Absolite\n|move|p1a: Iron Moth|Sludge Wave|p2a: Absol\n|-damage|p2a: Absol|27\/100\n|move|p2a: Absol|Pursuit|p1a: Iron Moth\n|-damage|p1a: Iron Moth|57\/100\n|\n|upkeep\n|turn|2\n|\n|t:|1699624504\n|move|p2a: Absol|Sucker Punch|p1a: Iron Moth\n|-damage|p1a: Iron Moth|0 fnt\n|faint|p1a: Iron Moth\n|-end|p1a: Iron Moth|Quark Drive|[silent]\n|\n|upkeep\n|\n|t:|1699624510\n|switch|p1a: Gyarados|Gyarados, M, shiny|100\/100\n|turn|3\n|\n|t:|1699624525\n|move|p1a: Gyarados|Waterfall|p2a: Absol\n|-damage|p2a: Absol|0 fnt\n|faint|p2a: Absol\n|-ability|p1a: Gyarados|Moxie|boost\n|-boost|p1a: Gyarados|atk|1\n|\n|upkeep\n|\n|t:|1699624533\n|switch|p2a: Azumarill|Azumarill, F|100\/100\n|turn|4\n|\n|t:|1699624546\n|move|p1a: Gyarados|Dragon Dance|p1a: Gyarados\n|-boost|p1a: Gyarados|atk|1\n|-boost|p1a: Gyarados|spe|1\n|move|p2a: Azumarill|Play Rough|p1a: Gyarados\n|-damage|p1a: Gyarados|23\/100\n|\n|upkeep\n|turn|5\n|\n|t:|1699624558\n|-terastallize|p2a: Azumarill|Water\n|move|p2a: Azumarill|Aqua Jet|p1a: Gyarados\n|-resisted|p1a: Gyarados\n|-damage|p1a: Gyarados|0 fnt\n|faint|p1a: Gyarados\n|\n|upkeep\n|\n|t:|1699624564\n|switch|p1a: Rillaboom|Rillaboom, M|100\/100\n|-fieldstart|move: Grassy Terrain|[from] ability: Grassy Surge|[of] p1a: Rillaboom\n|turn|6\n|\n|t:|1699624577\n|switch|p2a: Oricorio|Oricorio-Sensu, F|100\/100\n|move|p1a: Rillaboom|U-turn|p2a: Oricorio\n|-resisted|p2a: Oricorio\n|-damage|p2a: Oricorio|93\/100\n|inactive|long84569391 has 120 seconds left.\n|\n|t:|1699624615\n|switch|p1a: Empoleon|Empoleon, M|100\/100|[from] U-turn\n|\n|upkeep\n|turn|7\n|inactive|long84569391 has 120 seconds left.\n|inactive|A.private has 120 seconds left.\n|\n|t:|1699624649\n|move|p2a: Oricorio|Quiver Dance|p2a: Oricorio\n|-boost|p2a: Oricorio|spa|1\n|-boost|p2a: Oricorio|spd|1\n|-boost|p2a: Oricorio|spe|1\n|move|p1a: Empoleon|Ice Beam|p2a: Oricorio\n|-supereffective|p2a: Oricorio\n|-damage|p2a: Oricorio|54\/100\n|\n|upkeep\n|turn|8\n|\n|t:|1699624658\n|move|p2a: Oricorio|Quiver Dance|p2a: Oricorio\n|-boost|p2a: Oricorio|spa|1\n|-boost|p2a: Oricorio|spd|1\n|-boost|p2a: Oricorio|spe|1\n|move|p1a: Empoleon|Flip Turn|p2a: Oricorio\n|-crit|p2a: Oricorio\n|-damage|p2a: Oricorio|32\/100\n|inactive|long84569391 has 120 seconds left.\n|\n|t:|1699624672\n|switch|p1a: Rillaboom|Rillaboom, M|100\/100|[from] Flip Turn\n|\n|upkeep\n|turn|9\n|\n|t:|1699624679\n|-terastallize|p1a: Rillaboom|Grass\n|move|p1a: Rillaboom|Grassy Glide|p2a: Oricorio\n|-resisted|p2a: Oricorio\n|-damage|p2a: Oricorio|0 fnt\n|faint|p2a: Oricorio\n|\n|upkeep\n|\n|t:|1699624686\n|switch|p2a: Entei|Entei|100\/100\n|turn|10\n|\n|t:|1699624696\n|switch|p1a: Great Tusk|Great Tusk|100\/100\n|move|p2a: Entei|Sacred Fire|p1a: Great Tusk\n|-damage|p1a: Great Tusk|75\/100\n|\n|-heal|p1a: Great Tusk|82\/100|[from] Grassy Terrain\n|-heal|p1a: Great Tusk|88\/100|[from] item: Leftovers\n|-fieldend|move: Grassy Terrain\n|upkeep\n|turn|11\n|\n|t:|1699624708\n|switch|p2a: Azumarill|Azumarill, F, tera:Water|100\/100\n|move|p1a: Great Tusk|Earthquake|p2a: Azumarill\n|-damage|p2a: Azumarill|60\/100\n|\n|-heal|p1a: Great Tusk|94\/100|[from] item: Leftovers\n|upkeep\n|turn|12\n|\n|t:|1699624724\n|-end|p1a: Great Tusk|Protosynthesis|[silent]\n|switch|p1a: Rillaboom|Rillaboom, M, tera:Grass|100\/100\n|-fieldstart|move: Grassy Terrain|[from] ability: Grassy Surge|[of] p1a: Rillaboom\n|move|p2a: Azumarill|Liquidation|p1a: Rillaboom\n|-resisted|p1a: Rillaboom\n|-damage|p1a: Rillaboom|62\/100\n|\n|-heal|p1a: Rillaboom|68\/100|[from] Grassy Terrain\n|-heal|p2a: Azumarill|66\/100|[from] Grassy Terrain\n|upkeep\n|turn|13\n|\n|t:|1699624741\n|switch|p2a: Entei|Entei|100\/100\n|move|p1a: Rillaboom|Wood Hammer|p2a: Entei\n|-resisted|p2a: Entei\n|-damage|p2a: Entei|10\/100\n|-damage|p1a: Rillaboom|36\/100|[from] Recoil\n|\n|-heal|p2a: Entei|16\/100|[from] Grassy Terrain\n|-heal|p1a: Rillaboom|42\/100|[from] Grassy Terrain\n|upkeep\n|turn|14\n|\n|t:|1699624754\n|switch|p1a: Great Tusk|Great Tusk|94\/100\n|move|p2a: Entei|Extreme Speed|p1a: Great Tusk\n|-damage|p1a: Great Tusk|81\/100\n|\n|-heal|p2a: Entei|22\/100|[from] Grassy Terrain\n|-heal|p1a: Great Tusk|87\/100|[from] Grassy Terrain\n|-heal|p1a: Great Tusk|93\/100|[from] item: Leftovers\n|upkeep\n|turn|15\n|\n|t:|1699624771\n|move|p2a: Entei|Sacred Fire|p1a: Great Tusk\n|-damage|p1a: Great Tusk|71\/100\n|move|p1a: Great Tusk|Stealth Rock|p2a: Entei\n|-sidestart|p2: A.private|move: Stealth Rock\n|\n|-heal|p2a: Entei|28\/100|[from] Grassy Terrain\n|-heal|p1a: Great Tusk|77\/100|[from] Grassy Terrain\n|-heal|p1a: Great Tusk|84\/100|[from] item: Leftovers\n|upkeep\n|turn|16\n|\n|t:|1699624779\n|move|p2a: Entei|Will-O-Wisp|p1a: Great Tusk\n|-status|p1a: Great Tusk|brn\n|move|p1a: Great Tusk|Earthquake|p2a: Entei\n|-supereffective|p2a: Entei\n|-damage|p2a: Entei|5\/100\n|\n|-heal|p2a: Entei|11\/100|[from] Grassy Terrain\n|-heal|p1a: Great Tusk|90\/100 brn|[from] Grassy Terrain\n|-heal|p1a: Great Tusk|96\/100 brn|[from] item: Leftovers\n|-damage|p1a: Great Tusk|90\/100 brn|[from] brn\n|-fieldend|move: Grassy Terrain\n|upkeep\n|turn|17\n|\n|t:|1699624794\n|move|p2a: Entei|Sacred Fire|p1a: Great Tusk\n|-damage|p1a: Great Tusk|66\/100 brn\n|move|p1a: Great Tusk|Earthquake|p2a: Entei\n|-supereffective|p2a: Entei\n|-damage|p2a: Entei|0 fnt\n|faint|p2a: Entei\n|\n|-heal|p1a: Great Tusk|73\/100 brn|[from] item: Leftovers\n|-damage|p1a: Great Tusk|66\/100 brn|[from] brn\n|upkeep\n|\n|t:|1699624799\n|switch|p2a: Azumarill|Azumarill, F, tera:Water|66\/100\n|-damage|p2a: Azumarill|54\/100|[from] Stealth Rock\n|turn|18\n|\n|t:|1699624811\n|-end|p1a: Great Tusk|Protosynthesis|[silent]\n|switch|p1a: Empoleon|Empoleon, M|100\/100\n|move|p2a: Azumarill|Play Rough|p1a: Empoleon\n|-resisted|p1a: Empoleon\n|-damage|p1a: Empoleon|80\/100\n|\n|-heal|p1a: Empoleon|86\/100|[from] item: Leftovers\n|upkeep\n|turn|19\n|\n|t:|1699624818\n|move|p1a: Empoleon|Flip Turn|p2a: Azumarill\n|-resisted|p2a: Azumarill\n|-damage|p2a: Azumarill|46\/100\n|\n|t:|1699624824\n|switch|p1a: Rillaboom|Rillaboom, M, tera:Grass|42\/100|[from] Flip Turn\n|-fieldstart|move: Grassy Terrain|[from] ability: Grassy Surge|[of] p1a: Rillaboom\n|move|p2a: Azumarill|Brick Break|p1a: Rillaboom\n|-crit|p1a: Rillaboom\n|-damage|p1a: Rillaboom|0 fnt\n|faint|p1a: Rillaboom\n|\n|-heal|p2a: Azumarill|52\/100|[from] Grassy Terrain\n|upkeep\n|\n|t:|1699624838\n|switch|p1a: Clodsire|Clodsire, M|100\/100\n|turn|20\n|\n|t:|1699624849\n|switch|p2a: Claydol|Claydol|100\/100\n|-damage|p2a: Claydol|94\/100|[from] Stealth Rock\n|move|p1a: Clodsire|Toxic|p2a: Claydol\n|-status|p2a: Claydol|tox\n|\n|-damage|p2a: Claydol|88\/100 tox|[from] psn\n|upkeep\n|turn|21\n|\n|t:|1699624857\n|move|p2a: Claydol|Rapid Spin|p1a: Clodsire\n|-damage|p1a: Clodsire|92\/100\n|-boost|p2a: Claydol|spe|1\n|-sideend|p2: A.private|Stealth Rock|[from] move: Rapid Spin|[of] p2a: Claydol\n|move|p1a: Clodsire|Spikes|p2a: Claydol\n|-sidestart|p2: A.private|Spikes\n|\n|-heal|p1a: Clodsire|98\/100|[from] Grassy Terrain\n|-damage|p2a: Claydol|76\/100 tox|[from] psn\n|upkeep\n|turn|22\n|\n|t:|1699624865\n|move|p2a: Claydol|Rapid Spin|p1a: Clodsire\n|-damage|p1a: Clodsire|90\/100\n|-boost|p2a: Claydol|spe|1\n|-sideend|p2: A.private|Spikes|[from] move: Rapid Spin|[of] p2a: Claydol\n|move|p1a: Clodsire|Spikes|p2a: Claydol\n|-sidestart|p2: A.private|Spikes\n|\n|-heal|p1a: Clodsire|96\/100|[from] Grassy Terrain\n|-damage|p2a: Claydol|57\/100 tox|[from] psn\n|upkeep\n|turn|23\n|\n|t:|1699624873\n|move|p2a: Claydol|Earth Power|p1a: Clodsire\n|-supereffective|p1a: Clodsire\n|-damage|p1a: Clodsire|57\/100\n|move|p1a: Clodsire|Spikes|p2a: Claydol\n|-sidestart|p2: A.private|Spikes\n|\n|-heal|p1a: Clodsire|63\/100|[from] Grassy Terrain\n|-damage|p2a: Claydol|33\/100 tox|[from] psn\n|-fieldend|move: Grassy Terrain\n|upkeep\n|turn|24\n|\n|t:|1699624881\n|move|p2a: Claydol|Rapid Spin|p1a: Clodsire\n|-damage|p1a: Clodsire|55\/100\n|-boost|p2a: Claydol|spe|1\n|-sideend|p2: A.private|Spikes|[from] move: Rapid Spin|[of] p2a: Claydol\n|move|p1a: Clodsire|Recover|p1a: Clodsire\n|-heal|p1a: Clodsire|100\/100\n|\n|-damage|p2a: Claydol|2\/100 tox|[from] psn\n|upkeep\n|-enditem|p2a: Claydol|Aguav Berry|[eat]\n|-heal|p2a: Claydol|35\/100 tox|[from] item: Aguav Berry\n|turn|25\n|\n|t:|1699624890\n|move|p1a: Clodsire|Spikes|p2a: Claydol\n|-sidestart|p2: A.private|Spikes\n|move|p2a: Claydol|Teleport|p2a: Claydol\n|\n|t:|1699624898\n|switch|p2a: Lycanroc|Lycanroc-Dusk, F|100\/100|[from] Teleport\n|-damage|p2a: Lycanroc|88\/100|[from] Spikes\n|\n|upkeep\n|turn|26\n|\n|t:|1699624905\n|switch|p1a: Great Tusk|Great Tusk|66\/100 brn\n|move|p2a: Lycanroc|Zen Headbutt|p1a: Great Tusk\n|-supereffective|p1a: Great Tusk\n|-damage|p1a: Great Tusk|13\/100 brn\n|\n|-heal|p1a: Great Tusk|19\/100 brn|[from] item: Leftovers\n|-damage|p1a: Great Tusk|13\/100 brn|[from] brn\n|upkeep\n|turn|27\n|\n|t:|1699624914\n|-end|p1a: Great Tusk|Protosynthesis|[silent]\n|switch|p1a: Empoleon|Empoleon, M|86\/100\n|move|p2a: Lycanroc|Zen Headbutt|p1a: Empoleon\n|-resisted|p1a: Empoleon\n|-damage|p1a: Empoleon|67\/100\n|\n|-heal|p1a: Empoleon|74\/100|[from] item: Leftovers\n|upkeep\n|turn|28\n|\n|t:|1699624921\n|switch|p2a: Claydol|Claydol|35\/100 tox\n|move|p1a: Empoleon|Roost|p1a: Empoleon\n|-heal|p1a: Empoleon|100\/100\n|-singleturn|p1a: Empoleon|move: Roost\n|\n|-damage|p2a: Claydol|29\/100 tox|[from] psn\n|upkeep\n|turn|29\n|\n|t:|1699624928\n|move|p1a: Empoleon|Flip Turn|p2a: Claydol\n|-supereffective|p2a: Claydol\n|-damage|p2a: Claydol|0 fnt\n|faint|p2a: Claydol\n|\n|t:|1699624933\n|switch|p1a: Clodsire|Clodsire, M|100\/100|[from] Flip Turn\n|\n|upkeep\n|\n|t:|1699624938\n|switch|p2a: Lycanroc|Lycanroc-Dusk, F|88\/100\n|-damage|p2a: Lycanroc|76\/100|[from] Spikes\n|turn|30\n|\n|t:|1699624946\n|switch|p1a: Empoleon|Empoleon, M|100\/100\n|move|p2a: Lycanroc|Close Combat|p1a: Empoleon\n|-supereffective|p1a: Empoleon\n|-damage|p1a: Empoleon|0 fnt\n|-unboost|p2a: Lycanroc|def|1\n|-unboost|p2a: Lycanroc|spd|1\n|faint|p1a: Empoleon\n|\n|upkeep\n|\n|t:|1699624958\n|switch|p1a: Great Tusk|Great Tusk|13\/100 brn\n|turn|31\n|\n|t:|1699624968\n|switch|p2a: Azumarill|Azumarill, F, tera:Water|52\/100\n|-damage|p2a: Azumarill|40\/100|[from] Spikes\n|move|p1a: Great Tusk|Stealth Rock|p2a: Azumarill\n|-sidestart|p2: A.private|move: Stealth Rock\n|\n|-heal|p1a: Great Tusk|19\/100 brn|[from] item: Leftovers\n|-damage|p1a: Great Tusk|13\/100 brn|[from] brn\n|upkeep\n|turn|32\n|\n|t:|1699624978\n|move|p2a: Azumarill|Aqua Jet|p1a: Great Tusk\n|-supereffective|p1a: Great Tusk\n|-damage|p1a: Great Tusk|0 fnt\n|faint|p1a: Great Tusk\n|-end|p1a: Great Tusk|Protosynthesis|[silent]\n|\n|upkeep\n|\n|t:|1699624982\n|switch|p1a: Clodsire|Clodsire, M|100\/100\n|turn|33\n|\n|t:|1699624987\n|switch|p2a: Lycanroc|Lycanroc-Dusk, F|76\/100\n|-damage|p2a: Lycanroc|63\/100|[from] Spikes\n|-damage|p2a: Lycanroc|51\/100|[from] Stealth Rock\n|move|p1a: Clodsire|Toxic|p2a: Lycanroc\n|-status|p2a: Lycanroc|tox\n|\n|-damage|p2a: Lycanroc|45\/100 tox|[from] psn\n|upkeep\n|turn|34\n|\n|t:|1699624999\n|move|p2a: Lycanroc|Zen Headbutt|p1a: Clodsire\n|-supereffective|p1a: Clodsire\n|-damage|p1a: Clodsire|0 fnt\n|faint|p1a: Clodsire\n|\n|win|A.private\n|raw|long84569391's rating: 1140 &rarr; <strong>1116<\/strong><br \/>(-24 for losing)\n|raw|A.private's rating: 1149 &rarr; <strong>1173<\/strong><br \/>(+24 for winning)\n|l|\u2606long84569391\n","uploadtime":1699625004,"views":6,"p1id":"long84569391","p2id":"aprivate","formatid":"gen9nationaldex","rating":1116,"private":0,"password":""}