{"id":"gen9nationaldex-1988728599","p1":"namechooserofnames","p2":"Player 723456","format":"[Gen 9] National Dex","log":"|j|\u2606namechooserofnames\n|j|\u2606Player 723456\n|t:|1699755665\n|gametype|singles\n|player|p1|namechooserofnames|flint|1166\n|player|p2|Player 723456|lucas|1069\n|teamsize|p1|6\n|teamsize|p2|6\n|gen|9\n|tier|[Gen 9] National Dex\n|rated|\n|rule|HP Percentage Mod: HP is shown in percentages\n|rule|Endless Battle Clause: Forcing endless battles is banned\n|rule|OHKO Clause: OHKO moves are banned\n|rule|Evasion Clause: Evasion abilities, items, and moves are banned\n|rule|Evasion Abilities Clause: Evasion abilities are banned\n|rule|Evasion Items Clause: Evasion items are banned\n|rule|Evasion Moves Clause: Evasion moves are banned\n|rule|Species Clause: Limit one of each Pok\u00e9mon\n|rule|Sleep Clause Mod: Limit one foe put to sleep\n|clearpoke\n|poke|p1|Slowbro-Galar, M|\n|poke|p1|Clefable, F|\n|poke|p1|Porygon-Z|\n|poke|p1|Shuckle, M|\n|poke|p1|Tangrowth, M|\n|poke|p1|Great Tusk|\n|poke|p2|Kommo-o, M|\n|poke|p2|Feraligatr, F|\n|poke|p2|Incineroar, M|\n|poke|p2|Gyarados, F|\n|poke|p2|Rillaboom, M|\n|poke|p2|Glimmora, F|\n|teampreview\n|\n|t:|1699755674\n|start\n|switch|p1a: Porygon-Z|Porygon-Z|100\/100\n|switch|p2a: Glimmora|Glimmora, F|100\/100\n|-ability|p1a: Porygon-Z|Download|boost\n|-boost|p1a: Porygon-Z|spa|1\n|turn|1\n|\n|t:|1699755701\n|move|p1a: Porygon-Z|Shadow Ball|p2a: Glimmora\n|-damage|p2a: Glimmora|48\/100\n|move|p2a: Glimmora|Stealth Rock|p1a: Porygon-Z\n|-sidestart|p1: namechooserofnames|move: Stealth Rock\n|\n|upkeep\n|turn|2\n|\n|t:|1699755710\n|move|p1a: Porygon-Z|Shadow Ball|p2a: Glimmora\n|-damage|p2a: Glimmora|0 fnt\n|faint|p2a: Glimmora\n|\n|upkeep\n|\n|t:|1699755721\n|switch|p2a: Feraligatr|Feraligatr, F|100\/100\n|turn|3\n|\n|t:|1699755724\n|move|p1a: Porygon-Z|Shadow Ball|p2a: Feraligatr\n|-damage|p2a: Feraligatr|34\/100\n|-unboost|p2a: Feraligatr|spd|1\n|move|p2a: Feraligatr|Dragon Dance|p2a: Feraligatr\n|-boost|p2a: Feraligatr|atk|1\n|-boost|p2a: Feraligatr|spe|1\n|\n|upkeep\n|turn|4\n|\n|t:|1699755732\n|move|p1a: Porygon-Z|Shadow Ball|p2a: Feraligatr\n|-damage|p2a: Feraligatr|0 fnt\n|faint|p2a: Feraligatr\n|\n|upkeep\n|\n|t:|1699755740\n|switch|p2a: Incineroar|Incineroar, M|100\/100\n|-ability|p2a: Incineroar|Intimidate|boost\n|-unboost|p1a: Porygon-Z|atk|1\n|turn|5\n|\n|t:|1699755749\n|switch|p1a: Great Tusk|Great Tusk|100\/100\n|-damage|p1a: Great Tusk|98\/100|[from] Stealth Rock\n|-enditem|p1a: Great Tusk|Booster Energy\n|-activate|p1a: Great Tusk|ability: Protosynthesis|[fromitem]\n|-start|p1a: Great Tusk|protosynthesisspe\n|-terastallize|p2a: Incineroar|Fire\n|move|p2a: Incineroar|Flame Charge|p1a: Great Tusk\n|-damage|p1a: Great Tusk|71\/100\n|-boost|p2a: Incineroar|spe|1\n|\n|upkeep\n|turn|6\n|\n|t:|1699755769\n|move|p1a: Great Tusk|Bulk Up|p1a: Great Tusk\n|-boost|p1a: Great Tusk|atk|1\n|-boost|p1a: Great Tusk|def|1\n|move|p2a: Incineroar|Bulk Up|p2a: Incineroar\n|-boost|p2a: Incineroar|atk|1\n|-boost|p2a: Incineroar|def|1\n|\n|upkeep\n|turn|7\n|\n|t:|1699755779\n|move|p1a: Great Tusk|Headlong Rush|p2a: Incineroar\n|-supereffective|p2a: Incineroar\n|-damage|p2a: Incineroar|0 fnt\n|-unboost|p1a: Great Tusk|def|1\n|-unboost|p1a: Great Tusk|spd|1\n|faint|p2a: Incineroar\n|\n|upkeep\n|\n|t:|1699755789\n|switch|p2a: Gyarados|Gyarados, F, shiny|100\/100\n|turn|8\n|\n|t:|1699755796\n|move|p1a: Great Tusk|Close Combat|p2a: Gyarados\n|-resisted|p2a: Gyarados\n|-damage|p2a: Gyarados|48\/100\n|-unboost|p1a: Great Tusk|def|1\n|-unboost|p1a: Great Tusk|spd|1\n|move|p2a: Gyarados|Waterfall|p1a: Great Tusk\n|-supereffective|p1a: Great Tusk\n|-crit|p1a: Great Tusk\n|-damage|p1a: Great Tusk|0 fnt\n|faint|p1a: Great Tusk\n|-end|p1a: Great Tusk|Protosynthesis|[silent]\n|-ability|p2a: Gyarados|Moxie|boost\n|-boost|p2a: Gyarados|atk|1\n|\n|upkeep\n|\n|t:|1699755808\n|switch|p1a: Porygon-Z|Porygon-Z|100\/100\n|-damage|p1a: Porygon-Z|88\/100|[from] Stealth Rock\n|-ability|p1a: Porygon-Z|Download|boost\n|-boost|p1a: Porygon-Z|atk|1\n|turn|9\n|\n|t:|1699755821\n|move|p1a: Porygon-Z|Tri Attack|p2a: Gyarados\n|-damage|p2a: Gyarados|5\/100\n|move|p2a: Gyarados|Waterfall|p1a: Porygon-Z\n|-damage|p1a: Porygon-Z|0 fnt\n|faint|p1a: Porygon-Z\n|-ability|p2a: Gyarados|Moxie|boost\n|-boost|p2a: Gyarados|atk|1\n|\n|upkeep\n|\n|t:|1699755830\n|switch|p1a: Julius|Tangrowth, M|100\/100\n|-damage|p1a: Julius|88\/100|[from] Stealth Rock\n|turn|10\n|\n|t:|1699755836\n|move|p2a: Gyarados|Flamethrower|p1a: Julius\n|-supereffective|p1a: Julius\n|-crit|p1a: Julius\n|-damage|p1a: Julius|43\/100\n|-status|p1a: Julius|brn\n|move|p1a: Julius|Knock Off|p2a: Gyarados\n|-damage|p2a: Gyarados|0 fnt\n|-enditem|p2a: Gyarados|Expert Belt|[from] move: Knock Off|[of] p1a: Julius\n|faint|p2a: Gyarados\n|\n|-heal|p1a: Julius|49\/100 brn|[from] item: Leftovers\n|-damage|p1a: Julius|43\/100 brn|[from] brn\n|upkeep\n|\n|t:|1699755855\n|switch|p2a: Kommo-o|Kommo-o, M|100\/100\n|turn|11\n|\n|t:|1699755859\n|-zpower|p2a: Kommo-o\n|move|p2a: Kommo-o|Clangorous Soulblaze|p1a: Julius|[zeffect]\n|-damage|p1a: Julius|0 fnt\n|faint|p1a: Julius\n|-boost|p2a: Kommo-o|atk|1\n|-boost|p2a: Kommo-o|def|1\n|-boost|p2a: Kommo-o|spa|1\n|-boost|p2a: Kommo-o|spd|1\n|-boost|p2a: Kommo-o|spe|1\n|\n|upkeep\n|\n|t:|1699755872\n|switch|p1a: Helga|Clefable, F, shiny|100\/100\n|-damage|p1a: Helga|88\/100|[from] Stealth Rock\n|turn|12\n|\n|t:|1699755879\n|move|p2a: Kommo-o|Iron Head|p1a: Helga\n|-supereffective|p1a: Helga\n|-crit|p1a: Helga\n|-damage|p1a: Helga|29\/100\n|move|p1a: Helga|Calm Mind|p1a: Helga\n|-boost|p1a: Helga|spa|1\n|-boost|p1a: Helga|spd|1\n|\n|-heal|p1a: Helga|35\/100|[from] item: Leftovers\n|upkeep\n|turn|13\n|\n|t:|1699755888\n|move|p2a: Kommo-o|Iron Head|p1a: Helga\n|-supereffective|p1a: Helga\n|-damage|p1a: Helga|0 fnt\n|faint|p1a: Helga\n|\n|upkeep\n|\n|t:|1699755893\n|switch|p1a: Brian|Slowbro-Galar, M|100\/100\n|-damage|p1a: Brian|88\/100|[from] Stealth Rock\n|turn|14\n|\n|t:|1699755905\n|detailschange|p1a: Brian|Slowbro-Mega, M\n|-mega|p1a: Brian|Slowbro|Slowbronite\n|move|p2a: Kommo-o|Clanging Scales|p1a: Brian\n|-damage|p1a: Brian|29\/100\n|-unboost|p2a: Kommo-o|def|1\n|move|p1a: Brian|Scald|p2a: Kommo-o\n|-resisted|p2a: Kommo-o\n|-damage|p2a: Kommo-o|86\/100\n|-status|p2a: Kommo-o|brn\n|\n|-damage|p2a: Kommo-o|80\/100 brn|[from] brn\n|upkeep\n|turn|15\n|\n|t:|1699755917\n|move|p2a: Kommo-o|Clanging Scales|p1a: Brian\n|-damage|p1a: Brian|0 fnt\n|faint|p1a: Brian\n|-unboost|p2a: Kommo-o|def|1\n|\n|-damage|p2a: Kommo-o|74\/100 brn|[from] brn\n|upkeep\n|\n|t:|1699755923\n|switch|p1a: Bongo|Shuckle, M, shiny|100\/100\n|-damage|p1a: Bongo|75\/100|[from] Stealth Rock\n|turn|16\n|\n|t:|1699755944\n|move|p2a: Kommo-o|Iron Head|p1a: Bongo\n|-supereffective|p1a: Bongo\n|-damage|p1a: Bongo|55\/100\n|move|p1a: Bongo|Infestation|p2a: Kommo-o\n|-resisted|p2a: Kommo-o\n|-damage|p2a: Kommo-o|73\/100 brn\n|-activate|p2a: Kommo-o|move: Infestation|[of] p1a: Bongo\n|\n|-heal|p1a: Bongo|61\/100|[from] item: Leftovers\n|-damage|p2a: Kommo-o|67\/100 brn|[from] brn\n|-damage|p2a: Kommo-o|55\/100 brn|[from] move: Infestation|[partiallytrapped]\n|upkeep\n|turn|17\n|\n|t:|1699755958\n|move|p2a: Kommo-o|Iron Head|p1a: Bongo\n|-supereffective|p1a: Bongo\n|-damage|p1a: Bongo|38\/100\n|move|p1a: Bongo|Rest|p1a: Bongo\n|-status|p1a: Bongo|slp|[from] move: Rest\n|-heal|p1a: Bongo|100\/100 slp|[silent]\n|\n|-damage|p2a: Kommo-o|49\/100 brn|[from] brn\n|-damage|p2a: Kommo-o|36\/100 brn|[from] move: Infestation|[partiallytrapped]\n|upkeep\n|turn|18\n|\n|t:|1699755970\n|move|p2a: Kommo-o|Aqua Tail|p1a: Bongo|[miss]\n|-miss|p2a: Kommo-o|p1a: Bongo\n|cant|p1a: Bongo|slp\n|\n|-damage|p2a: Kommo-o|30\/100 brn|[from] brn\n|-damage|p2a: Kommo-o|18\/100 brn|[from] move: Infestation|[partiallytrapped]\n|upkeep\n|turn|19\n|\n|t:|1699755978\n|move|p2a: Kommo-o|Aqua Tail|p1a: Bongo\n|-supereffective|p1a: Bongo\n|-damage|p1a: Bongo|75\/100 slp\n|cant|p1a: Bongo|slp\n|\n|-heal|p1a: Bongo|81\/100 slp|[from] item: Leftovers\n|-damage|p2a: Kommo-o|11\/100 brn|[from] brn\n|-damage|p2a: Kommo-o|0 fnt|[from] move: Infestation|[partiallytrapped]\n|faint|p2a: Kommo-o\n|upkeep\n|\n|t:|1699755988\n|switch|p2a: Rillaboom|Rillaboom, M|100\/100\n|-fieldstart|move: Grassy Terrain|[from] ability: Grassy Surge|[of] p2a: Rillaboom\n|-enditem|p2a: Rillaboom|Grassy Seed\n|-boost|p2a: Rillaboom|def|1|[from] item: Grassy Seed\n|turn|20\n|\n|t:|1699755997\n|move|p2a: Rillaboom|Grassy Glide|p1a: Bongo\n|-damage|p1a: Bongo|60\/100 slp\n|-curestatus|p1a: Bongo|slp|[msg]\n|move|p1a: Bongo|Toxic|p2a: Rillaboom\n|-status|p2a: Rillaboom|tox\n|\n|-heal|p1a: Bongo|66\/100|[from] Grassy Terrain\n|-heal|p1a: Bongo|72\/100|[from] item: Leftovers\n|-damage|p2a: Rillaboom|94\/100 tox|[from] psn\n|upkeep\n|turn|21\n|\n|t:|1699756009\n|move|p2a: Rillaboom|Grassy Glide|p1a: Bongo\n|-damage|p1a: Bongo|52\/100\n|move|p1a: Bongo|Infestation|p2a: Rillaboom\n|-supereffective|p2a: Rillaboom\n|-damage|p2a: Rillaboom|89\/100 tox\n|-activate|p2a: Rillaboom|move: Infestation|[of] p1a: Bongo\n|\n|-heal|p2a: Rillaboom|95\/100 tox|[from] Grassy Terrain\n|-heal|p1a: Bongo|58\/100|[from] Grassy Terrain\n|-heal|p1a: Bongo|64\/100|[from] item: Leftovers\n|-damage|p2a: Rillaboom|83\/100 tox|[from] psn\n|-damage|p2a: Rillaboom|71\/100 tox|[from] move: Infestation|[partiallytrapped]\n|upkeep\n|turn|22\n|\n|t:|1699756023\n|move|p2a: Rillaboom|Grassy Glide|p1a: Bongo\n|-damage|p1a: Bongo|42\/100\n|move|p1a: Bongo|Rest|p1a: Bongo\n|-status|p1a: Bongo|slp|[from] move: Rest\n|-heal|p1a: Bongo|100\/100 slp|[silent]\n|\n|-heal|p2a: Rillaboom|77\/100 tox|[from] Grassy Terrain\n|-damage|p2a: Rillaboom|58\/100 tox|[from] psn\n|-damage|p2a: Rillaboom|46\/100 tox|[from] move: Infestation|[partiallytrapped]\n|upkeep\n|turn|23\n|\n|t:|1699756039\n|move|p2a: Rillaboom|Grassy Glide|p1a: Bongo\n|-damage|p1a: Bongo|78\/100 slp\n|cant|p1a: Bongo|slp\n|\n|-heal|p2a: Rillaboom|52\/100 tox|[from] Grassy Terrain\n|-heal|p1a: Bongo|85\/100 slp|[from] Grassy Terrain\n|-heal|p1a: Bongo|91\/100 slp|[from] item: Leftovers\n|-damage|p2a: Rillaboom|27\/100 tox|[from] psn\n|-damage|p2a: Rillaboom|15\/100 tox|[from] move: Infestation|[partiallytrapped]\n|upkeep\n|turn|24\n|\n|t:|1699756052\n|move|p2a: Rillaboom|Boomburst|p1a: Bongo\n|-resisted|p1a: Bongo\n|-damage|p1a: Bongo|84\/100 slp\n|cant|p1a: Bongo|slp\n|\n|-heal|p2a: Rillaboom|21\/100 tox|[from] Grassy Terrain\n|-heal|p1a: Bongo|90\/100 slp|[from] Grassy Terrain\n|-heal|p1a: Bongo|96\/100 slp|[from] item: Leftovers\n|-damage|p2a: Rillaboom|0 fnt|[from] psn\n|faint|p2a: Rillaboom\n|\n|win|namechooserofnames\n|upkeep\n|raw|namechooserofnames's rating: 1181 &rarr; <strong>1198<\/strong><br \/>(+17 for winning)\n|raw|Player 723456's rating: 1069 &rarr; <strong>1055<\/strong><br \/>(-14 for losing)\n|l|\u2606namechooserofnames\n","uploadtime":1699756079,"views":10,"p1id":"namechooserofnames","p2id":"player723456","formatid":"gen9nationaldex","rating":1055,"private":0,"password":""}