{"id":"gen9nationaldex-1993311328","p1":"ZippyZappyZeke","p2":"MosheahVOWS","format":"[Gen 9] National Dex","log":"|j|\u2606ZippyZappyZeke\n|j|\u2606MosheahVOWS\n|t:|1700295712\n|gametype|singles\n|player|p1|ZippyZappyZeke|volkner|\n|player|p2|MosheahVOWS|burglar|\n|teamsize|p1|6\n|teamsize|p2|6\n|gen|9\n|tier|[Gen 9] National Dex\n|rule|HP Percentage Mod: HP is shown in percentages\n|rule|Endless Battle Clause: Forcing endless battles is banned\n|rule|OHKO Clause: OHKO moves are banned\n|rule|Evasion Clause: Evasion abilities, items, and moves are banned\n|rule|Evasion Abilities Clause: Evasion abilities are banned\n|rule|Evasion Items Clause: Evasion items are banned\n|rule|Evasion Moves Clause: Evasion moves are banned\n|rule|Species Clause: Limit one of each Pok\u00e9mon\n|rule|Sleep Clause Mod: Limit one foe put to sleep\n|clearpoke\n|poke|p1|Rotom-Wash|\n|poke|p1|Pawmot, F|\n|poke|p1|Pincurchin, F|\n|poke|p1|Raichu-Alola, F|\n|poke|p1|Galvantula, F|\n|poke|p1|Zeraora|\n|poke|p2|Bellossom, F|\n|poke|p2|Ninetales, M|\n|poke|p2|Decidueye, M|\n|poke|p2|Farigiraf, M|\n|poke|p2|Infernape, M|\n|poke|p2|Umbreon, F|\n|teampreview\n|\n|t:|1700295783\n|start\n|switch|p1a: L Earth|Rotom-Wash|100\/100\n|switch|p2a: Infernape|Infernape, M|100\/100\n|turn|1\n|j| Sakura the blossom\n|l| Sakura the blossom\n|j| Sakura the blossom\n|\n|t:|1700295804\n|move|p2a: Infernape|Knock Off|p1a: L Earth\n|-damage|p1a: L Earth|69\/100\n|-enditem|p1a: L Earth|Leftovers|[from] move: Knock Off|[of] p2a: Infernape\n|move|p1a: L Earth|Hydro Pump|p2a: Infernape\n|-supereffective|p2a: Infernape\n|-enditem|p2a: Infernape|Focus Sash\n|-damage|p2a: Infernape|1\/100\n|\n|upkeep\n|turn|2\n|c| Sakura the blossom|Gl hf to you both\n|\n|t:|1700295816\n|move|p2a: Infernape|Drain Punch|p1a: L Earth\n|-damage|p1a: L Earth|27\/100\n|-heal|p2a: Infernape|22\/100|[from] drain|[of] p1a: L Earth\n|move|p1a: L Earth|Volt Switch|p2a: Infernape\n|-damage|p2a: Infernape|0 fnt\n|faint|p2a: Infernape\n|\n|t:|1700295821\n|switch|p1a: Spiky Ball|Pincurchin, F|100\/100|[from] Volt Switch\n|-fieldstart|move: Electric Terrain|[from] ability: Electric Surge|[of] p1a: Spiky Ball\n|\n|upkeep\n|\n|t:|1700295828\n|switch|p2a: Ninetales|Ninetales, M|100\/100\n|-weather|SunnyDay|[from] ability: Drought|[of] p2a: Ninetales\n|turn|3\n|\n|t:|1700295843\n|move|p2a: Ninetales|Flamethrower|p1a: Spiky Ball\n|-damage|p1a: Spiky Ball|20\/100\n|move|p1a: Spiky Ball|Rising Voltage|p2a: Ninetales\n|-hint|Rising Voltage's BP doubled on grounded target.\n|-damage|p2a: Ninetales|30\/100\n|\n|-weather|SunnyDay|[upkeep]\n|upkeep\n|turn|4\n|\n|t:|1700295856\n|move|p1a: Spiky Ball|Protect|p1a: Spiky Ball\n|-singleturn|p1a: Spiky Ball|Protect\n|move|p2a: Ninetales|Flamethrower|p1a: Spiky Ball\n|-activate|p1a: Spiky Ball|move: Protect\n|\n|-weather|SunnyDay|[upkeep]\n|upkeep\n|turn|5\n|\n|t:|1700295862\n|switch|p1a: Fake Pikachu #10|Pawmot, F|100\/100\n|move|p2a: Ninetales|Flamethrower|p1a: Fake Pikachu #10\n|-damage|p1a: Fake Pikachu #10|0 fnt\n|faint|p1a: Fake Pikachu #10\n|\n|-weather|SunnyDay|[upkeep]\n|upkeep\n|\n|t:|1700295866\n|switch|p1a: Aloha ChuChu!|Raichu-Alola, F|100\/100\n|turn|6\n|\n|t:|1700295871\n|move|p1a: Aloha ChuChu!|Rising Voltage|p2a: Ninetales\n|-hint|Rising Voltage's BP doubled on grounded target.\n|-damage|p2a: Ninetales|0 fnt\n|faint|p2a: Ninetales\n|-damage|p1a: Aloha ChuChu!|91\/100|[from] item: Life Orb\n|\n|-weather|SunnyDay|[upkeep]\n|-fieldend|move: Electric Terrain\n|upkeep\n|c|\u2606ZippyZappyZeke|#gotem\n|\n|t:|1700295889\n|switch|p2a: Bellossom|Bellossom, F|100\/100\n|turn|7\n|\n|t:|1700295897\n|move|p2a: Bellossom|Quiver Dance|p2a: Bellossom\n|-boost|p2a: Bellossom|spa|1\n|-boost|p2a: Bellossom|spd|1\n|-boost|p2a: Bellossom|spe|1\n|move|p1a: Aloha ChuChu!|Volt Switch|p2a: Bellossom\n|-resisted|p2a: Bellossom\n|-damage|p2a: Bellossom|87\/100\n|-damage|p1a: Aloha ChuChu!|81\/100|[from] item: Life Orb\n|\n|t:|1700295905\n|switch|p1a: L Earth|Rotom-Wash|27\/100|[from] Volt Switch\n|\n|-weather|none\n|-heal|p2a: Bellossom|93\/100|[from] item: Leftovers\n|upkeep\n|turn|8\n|\n|t:|1700295912\n|move|p2a: Bellossom|Giga Drain|p1a: L Earth\n|-supereffective|p1a: L Earth\n|-damage|p1a: L Earth|0 fnt\n|-heal|p2a: Bellossom|100\/100|[from] drain|[of] p1a: L Earth\n|faint|p1a: L Earth\n|\n|upkeep\n|\n|t:|1700295915\n|switch|p1a: Spiky Ball|Pincurchin, F|20\/100\n|-fieldstart|move: Electric Terrain|[from] ability: Electric Surge|[of] p1a: Spiky Ball\n|turn|9\n|\n|t:|1700295923\n|move|p1a: Spiky Ball|Protect|p1a: Spiky Ball\n|-singleturn|p1a: Spiky Ball|Protect\n|move|p2a: Bellossom|Giga Drain|p1a: Spiky Ball\n|-activate|p1a: Spiky Ball|move: Protect\n|\n|upkeep\n|turn|10\n|\n|t:|1700295928\n|move|p2a: Bellossom|Giga Drain|p1a: Spiky Ball\n|-damage|p1a: Spiky Ball|0 fnt\n|faint|p1a: Spiky Ball\n|\n|upkeep\n|\n|t:|1700295936\n|switch|p1a: THUNDERCATS|Zeraora|100\/100\n|turn|11\n|\n|t:|1700295950\n|move|p1a: THUNDERCATS|Blaze Kick|p2a: Bellossom\n|-supereffective|p2a: Bellossom\n|-damage|p2a: Bellossom|48\/100\n|move|p2a: Bellossom|Giga Drain|p1a: THUNDERCATS\n|-damage|p1a: THUNDERCATS|58\/100\n|-heal|p2a: Bellossom|67\/100|[from] drain|[of] p1a: THUNDERCATS\n|\n|-heal|p2a: Bellossom|73\/100|[from] item: Leftovers\n|upkeep\n|turn|12\n|\n|t:|1700295960\n|-zpower|p1a: THUNDERCATS\n|move|p1a: THUNDERCATS|Gigavolt Havoc|p2a: Bellossom|[zeffect]\n|-resisted|p2a: Bellossom\n|-damage|p2a: Bellossom|15\/100\n|move|p2a: Bellossom|Strength Sap|p1a: THUNDERCATS\n|-unboost|p1a: THUNDERCATS|atk|1\n|-heal|p2a: Bellossom|100\/100\n|\n|upkeep\n|turn|13\n|\n|t:|1700295975\n|switch|p1a: Spidrr|Galvantula, F|100\/100\n|move|p2a: Bellossom|Giga Drain|p1a: Spidrr\n|-resisted|p1a: Spidrr\n|-damage|p1a: Spidrr|70\/100\n|\n|-fieldend|move: Electric Terrain\n|upkeep\n|turn|14\n|j| IChangeMyNameAlot\n|\n|t:|1700295985\n|move|p1a: Spidrr|Thunder Wave|p2a: Bellossom\n|-status|p2a: Bellossom|par\n|move|p2a: Bellossom|Quiver Dance|p2a: Bellossom\n|-boost|p2a: Bellossom|spa|1\n|-boost|p2a: Bellossom|spd|1\n|-boost|p2a: Bellossom|spe|1\n|\n|upkeep\n|turn|15\n|c|\u2606ZippyZappyZeke|slow down there buddy\n|c|\u2606ZippyZappyZeke|slow down\n|\n|t:|1700296017\n|move|p1a: Spidrr|Sticky Web|p2a: Bellossom\n|-sidestart|p2: MosheahVOWS|move: Sticky Web\n|move|p2a: Bellossom|Giga Drain|p1a: Spidrr\n|-resisted|p1a: Spidrr\n|-damage|p1a: Spidrr|27\/100\n|\n|upkeep\n|turn|16\n|c| IChangeMyNameAlot|...\n|\n|t:|1700296022\n|move|p1a: Spidrr|Bug Buzz|p2a: Bellossom\n|-supereffective|p2a: Bellossom\n|-damage|p2a: Bellossom|63\/100 par\n|move|p2a: Bellossom|Giga Drain|p1a: Spidrr\n|-resisted|p1a: Spidrr\n|-damage|p1a: Spidrr|0 fnt\n|-heal|p2a: Bellossom|74\/100 par|[from] drain|[of] p1a: Spidrr\n|faint|p1a: Spidrr\n|\n|-heal|p2a: Bellossom|80\/100 par|[from] item: Leftovers\n|upkeep\n|\n|t:|1700296025\n|switch|p1a: THUNDERCATS|Zeraora|58\/100\n|turn|17\n|c|\u2606MosheahVOWS|gotcha\n|c| IChangeMyNameAlot|Dude why did u even set up lol\n|c|\u2606ZippyZappyZeke|cuz im gonna kill it lol\n|\n|t:|1700296040\n|move|p1a: THUNDERCATS|Acrobatics|p2a: Bellossom\n|-supereffective|p2a: Bellossom\n|-damage|p2a: Bellossom|45\/100 par\n|move|p2a: Bellossom|Strength Sap|p1a: THUNDERCATS\n|-unboost|p1a: THUNDERCATS|atk|1\n|-heal|p2a: Bellossom|100\/100 par\n|\n|upkeep\n|turn|18\n|c| IChangeMyNameAlot|Okay\n|c|\u2606MosheahVOWS|BOOP\n|\n|t:|1700296062\n|switch|p1a: Aloha ChuChu!|Raichu-Alola, F|81\/100\n|move|p2a: Bellossom|Giga Drain|p1a: Aloha ChuChu!\n|-damage|p1a: Aloha ChuChu!|12\/100\n|\n|upkeep\n|turn|19\n|c|\u2606MosheahVOWS|you cant kill shit\n|c| Sakura the blossom|Love bellossom tbh\n|\n|t:|1700296078\n|move|p1a: Aloha ChuChu!|Psychic|p2a: Bellossom\n|-damage|p2a: Bellossom|75\/100 par\n|-damage|p1a: Aloha ChuChu!|2\/100|[from] item: Life Orb\n|cant|p2a: Bellossom|par\n|\n|-heal|p2a: Bellossom|81\/100 par|[from] item: Leftovers\n|upkeep\n|turn|20\n|c| IChangeMyNameAlot|Parahax time\n|\n|t:|1700296086\n|move|p1a: Aloha ChuChu!|Psychic|p2a: Bellossom\n|-damage|p2a: Bellossom|56\/100 par\n|-damage|p1a: Aloha ChuChu!|0 fnt|[from] item: Life Orb\n|faint|p1a: Aloha ChuChu!\n|move|p2a: Bellossom|Giga Drain|p1: Aloha ChuChu!|[notarget]\n|-fail|p2a: Bellossom\n|\n|-heal|p2a: Bellossom|62\/100 par|[from] item: Leftovers\n|upkeep\n|\n|t:|1700296088\n|switch|p1a: THUNDERCATS|Zeraora|58\/100\n|turn|21\n|\n|t:|1700296097\n|move|p1a: THUNDERCATS|Blaze Kick|p2a: Bellossom\n|-supereffective|p2a: Bellossom\n|-damage|p2a: Bellossom|9\/100 par\n|move|p2a: Bellossom|Giga Drain|p1a: THUNDERCATS\n|-damage|p1a: THUNDERCATS|0 fnt\n|-heal|p2a: Bellossom|35\/100 par|[from] drain|[of] p1a: THUNDERCATS\n|faint|p1a: THUNDERCATS\n|\n|win|MosheahVOWS\n|c|\u2606ZippyZappyZeke|dang it\n|c| IChangeMyNameAlot|ggs wp\n|c|\u2606ZippyZappyZeke|gg\n|c| Sakura the blossom|Ggs to you both\n|l| Sakura the blossom\n|c|\u2606MosheahVOWS|GGS\n|l|\u2606MosheahVOWS\n|j|\u2606MosheahVOWS\n|player|p2|MosheahVOWS|burglar\n","uploadtime":1700296191,"views":44,"p1id":"zippyzappyzeke","p2id":"mosheahvows","formatid":"gen9nationaldex","rating":0,"private":0,"password":""}