{"id":"gen9nationaldex-1993881250","p1":"Reborn23","p2":"GHollow","format":"[Gen 9] National Dex","log":"|j|\u2606Reborn23\n|j|\u2606GHollow\n|t:|1700369421\n|gametype|singles\n|player|p1|Reborn23|170|1183\n|player|p2|GHollow|shadowtriad|1269\n|teamsize|p1|6\n|teamsize|p2|6\n|gen|9\n|tier|[Gen 9] National Dex\n|rated|\n|rule|HP Percentage Mod: HP is shown in percentages\n|rule|Endless Battle Clause: Forcing endless battles is banned\n|rule|OHKO Clause: OHKO moves are banned\n|rule|Evasion Clause: Evasion abilities, items, and moves are banned\n|rule|Evasion Abilities Clause: Evasion abilities are banned\n|rule|Evasion Items Clause: Evasion items are banned\n|rule|Evasion Moves Clause: Evasion moves are banned\n|rule|Species Clause: Limit one of each Pok\u00e9mon\n|rule|Sleep Clause Mod: Limit one foe put to sleep\n|clearpoke\n|poke|p1|Shuckle, F|\n|poke|p1|Volcarona, M|\n|poke|p1|Sneasler, F|\n|poke|p1|Tapu Koko|\n|poke|p1|Dragonite, F|\n|poke|p1|Diancie|\n|poke|p2|Pelipper, F|\n|poke|p2|Gyarados, M|\n|poke|p2|Araquanid, M|\n|poke|p2|Kingler, M|\n|poke|p2|Garchomp, M|\n|poke|p2|Samurott-Hisui, M|\n|teampreview\n|inactive|Battle timer is ON: inactive players will automatically lose when time's up. (requested by Reborn23)\n|\n|t:|1700369427\n|start\n|switch|p1a: Diancie|Diancie|100\/100\n|switch|p2a: Kingler|Kingler, M|100\/100\n|turn|1\n|\n|t:|1700369433\n|detailschange|p1a: Diancie|Diancie-Mega\n|-mega|p1a: Diancie|Diancie|Diancite\n|move|p1a: Diancie|Diamond Storm|p2a: Kingler\n|-damage|p2a: Kingler|37\/100\n|-boost|p1a: Diancie|def|2\n|move|p2a: Kingler|Liquidation|p1a: Diancie\n|-supereffective|p1a: Diancie\n|-damage|p1a: Diancie|0 fnt\n|faint|p1a: Diancie\n|\n|upkeep\n|\n|t:|1700369440\n|switch|p1a: Shuckle|Shuckle, F|100\/100\n|turn|2\n|\n|t:|1700369444\n|move|p2a: Kingler|Liquidation|p1a: Shuckle\n|-supereffective|p1a: Shuckle\n|-damage|p1a: Shuckle|6\/100\n|move|p1a: Shuckle|Stealth Rock|p2a: Kingler\n|-sidestart|p2: GHollow|move: Stealth Rock\n|\n|upkeep\n|turn|3\n|\n|t:|1700369449\n|move|p2a: Kingler|Liquidation|p1a: Shuckle\n|-supereffective|p1a: Shuckle\n|-damage|p1a: Shuckle|0 fnt\n|faint|p1a: Shuckle\n|\n|upkeep\n|\n|t:|1700369454\n|switch|p1a: Tapu Koko|Tapu Koko|100\/100\n|-fieldstart|move: Electric Terrain|[from] ability: Electric Surge|[of] p1a: Tapu Koko\n|turn|4\n|\n|t:|1700369462\n|move|p1a: Tapu Koko|Reflect|p1a: Tapu Koko\n|-sidestart|p1: Reborn23|Reflect\n|move|p2a: Kingler|Liquidation|p1a: Tapu Koko\n|-damage|p1a: Tapu Koko|51\/100\n|\n|upkeep\n|turn|5\n|\n|t:|1700369468\n|move|p1a: Tapu Koko|Light Screen|p1a: Tapu Koko\n|-sidestart|p1: Reborn23|move: Light Screen\n|move|p2a: Kingler|Liquidation|p1a: Tapu Koko\n|-crit|p1a: Tapu Koko\n|-damage|p1a: Tapu Koko|0 fnt\n|faint|p1a: Tapu Koko\n|\n|upkeep\n|\n|t:|1700369472\n|switch|p1a: Dragonite|Dragonite, F|100\/100\n|turn|6\n|\n|t:|1700369477\n|move|p2a: Kingler|Rock Slide|p1a: Dragonite\n|-supereffective|p1a: Dragonite\n|-crit|p1a: Dragonite\n|-damage|p1a: Dragonite|29\/100\n|move|p1a: Dragonite|Dragon Dance|p1a: Dragonite\n|-boost|p1a: Dragonite|atk|1\n|-boost|p1a: Dragonite|spe|1\n|\n|upkeep\n|turn|7\n|\n|t:|1700369483\n|-terastallize|p1a: Dragonite|Normal\n|move|p1a: Dragonite|Extreme Speed|p2a: Kingler\n|-damage|p2a: Kingler|0 fnt\n|faint|p2a: Kingler\n|\n|upkeep\n|\n|t:|1700369497\n|switch|p2a: Pelipper|Pelipper, F|100\/100\n|-damage|p2a: Pelipper|76\/100|[from] Stealth Rock\n|-weather|RainDance|[from] ability: Drizzle|[of] p2a: Pelipper\n|turn|8\n|\n|t:|1700369505\n|move|p1a: Dragonite|Extreme Speed|p2a: Pelipper\n|-damage|p2a: Pelipper|14\/100\n|move|p2a: Pelipper|Scald|p1a: Dragonite\n|-damage|p1a: Dragonite|8\/100\n|-status|p1a: Dragonite|brn\n|\n|-weather|RainDance|[upkeep]\n|-damage|p1a: Dragonite|2\/100 brn|[from] brn\n|-fieldend|move: Electric Terrain\n|upkeep\n|turn|9\n|\n|t:|1700369516\n|move|p1a: Dragonite|Extreme Speed|p2a: Pelipper\n|-damage|p2a: Pelipper|0 fnt\n|faint|p2a: Pelipper\n|\n|-weather|RainDance|[upkeep]\n|-damage|p1a: Dragonite|0 fnt|[from] brn\n|faint|p1a: Dragonite\n|upkeep\n|-message|Reborn23 forfeited.\n|\n|win|GHollow\n|raw|Reborn23's rating: 1183 &rarr; <strong>1164<\/strong><br \/>(-19 for losing)\n|raw|GHollow's rating: 1269 &rarr; <strong>1288<\/strong><br \/>(+19 for winning)\n|l|\u2606Reborn23\n","uploadtime":1700369529,"views":22,"p1id":"reborn23","p2id":"ghollow","formatid":"gen9nationaldex","rating":1164,"private":0,"password":""}