{"id":"gen9nationaldex-1994731092","p1":"lxycj","p2":"jzhuc1841","format":"[Gen 9] National Dex","log":"|html|<div class=\"broadcast-blue\"><strong>[Gen 9] National Dex is currently suspecting Sneasler! For information on how to participate check out the <a href=\"https:\/\/www.smogon.com\/forums\/threads\/sv-national-dex-suspect-8-just-dance.3731534\/\">suspect thread<\/a>.<\/strong><\/div>\n|j|\u2606lxycj\n|j|\u2606jzhuc1841\n|t:|1700486796\n|gametype|singles\n|player|p1|lxycj|dawn-gen4pt|1615\n|player|p2|jzhuc1841|hilbert-wonderlauncher|1671\n|teamsize|p1|6\n|teamsize|p2|6\n|gen|9\n|tier|[Gen 9] National Dex\n|rated|\n|rule|HP Percentage Mod: HP is shown in percentages\n|rule|Endless Battle Clause: Forcing endless battles is banned\n|rule|OHKO Clause: OHKO moves are banned\n|rule|Evasion Clause: Evasion abilities, items, and moves are banned\n|rule|Evasion Abilities Clause: Evasion abilities are banned\n|rule|Evasion Items Clause: Evasion items are banned\n|rule|Evasion Moves Clause: Evasion moves are banned\n|rule|Species Clause: Limit one of each Pok\u00e9mon\n|rule|Sleep Clause Mod: Limit one foe put to sleep\n|clearpoke\n|poke|p1|Hoopa-Unbound|\n|poke|p1|Venusaur, M|\n|poke|p1|Corviknight, M|\n|poke|p1|Iron Valiant|\n|poke|p1|Garchomp, F|\n|poke|p1|Slowbro, F|\n|poke|p2|Zamazenta-*|\n|poke|p2|Banette, M|\n|poke|p2|Heatran, F|\n|poke|p2|Zapdos|\n|poke|p2|Urshifu-*, M|\n|poke|p2|Iron Valiant|\n|teampreview\n|inactive|Battle timer is ON: inactive players will automatically lose when time's up. (requested by lxycj)\n|\n|t:|1700486806\n|start\n|switch|p1a: Venusaur|Venusaur, M|100\/100\n|switch|p2a: Zapdos|Zapdos|100\/100\n|turn|1\n|\n|t:|1700486811\n|switch|p1a: Garchomp|Garchomp, F|100\/100\n|move|p2a: Zapdos|Hurricane|p1a: Garchomp\n|-damage|p1a: Garchomp|52\/100\n|\n|upkeep\n|turn|2\n|\n|t:|1700486817\n|move|p1a: Garchomp|Stone Edge|p2a: Zapdos\n|-supereffective|p2a: Zapdos\n|-crit|p2a: Zapdos\n|-damage|p2a: Zapdos|30\/100\n|move|p2a: Zapdos|Hurricane|p1a: Garchomp\n|-damage|p1a: Garchomp|6\/100\n|\n|upkeep\n|turn|3\n|\n|t:|1700486824\n|move|p1a: Garchomp|Stealth Rock|p2a: Zapdos\n|-sidestart|p2: jzhuc1841|move: Stealth Rock\n|move|p2a: Zapdos|Roost|p2a: Zapdos\n|-heal|p2a: Zapdos|80\/100\n|-singleturn|p2a: Zapdos|move: Roost\n|\n|upkeep\n|turn|4\n|\n|t:|1700486829\n|-zpower|p1a: Garchomp\n|move|p1a: Garchomp|Devastating Drake|p2a: Zapdos|[zeffect]\n|-crit|p2a: Zapdos\n|-damage|p2a: Zapdos|0 fnt\n|faint|p2a: Zapdos\n|\n|upkeep\n|j| Zaka10\n|\n|t:|1700486837\n|switch|p2a: Banette|Banette, M|100\/100\n|-damage|p2a: Banette|88\/100|[from] Stealth Rock\n|turn|5\n|\n|t:|1700486841\n|detailschange|p2a: Banette|Banette-Mega, M\n|-mega|p2a: Banette|Banette|Banettite\n|move|p2a: Banette|Shadow Sneak|p1a: Garchomp\n|-damage|p1a: Garchomp|0 fnt\n|-damage|p2a: Banette|76\/100|[from] ability: Rough Skin|[of] p1a: Garchomp\n|faint|p1a: Garchomp\n|\n|upkeep\n|\n|t:|1700486848\n|switch|p1a: Venusaur|Venusaur, M|100\/100\n|turn|6\n|\n|t:|1700486854\n|detailschange|p1a: Venusaur|Venusaur-Mega, M\n|-mega|p1a: Venusaur|Venusaur|Venusaurite\n|move|p2a: Banette|Poltergeist|p1a: Venusaur\n|-activate|p1a: Venusaur|move: Poltergeist|Venusaurite\n|-damage|p1a: Venusaur|44\/100\n|move|p1a: Venusaur|Giga Drain|p2a: Banette\n|-damage|p2a: Banette|34\/100\n|-heal|p1a: Venusaur|60\/100|[from] drain|[of] p2a: Banette\n|\n|upkeep\n|turn|7\n|\n|t:|1700486864\n|move|p2a: Banette|Poltergeist|p1a: Venusaur\n|-activate|p1a: Venusaur|move: Poltergeist|Venusaurite\n|-damage|p1a: Venusaur|6\/100\n|move|p1a: Venusaur|Synthesis|p1a: Venusaur\n|-heal|p1a: Venusaur|56\/100\n|\n|upkeep\n|turn|8\n|\n|t:|1700486870\n|move|p2a: Banette|Poltergeist|p1a: Venusaur\n|-activate|p1a: Venusaur|move: Poltergeist|Venusaurite\n|-damage|p1a: Venusaur|2\/100\n|move|p1a: Venusaur|Giga Drain|p2a: Banette\n|-damage|p2a: Banette|0 fnt\n|-heal|p1a: Venusaur|15\/100|[from] drain|[of] p2a: Banette\n|faint|p2a: Banette\n|\n|upkeep\n|\n|t:|1700486886\n|switch|p2a: Zamazenta|Zamazenta|100\/100\n|-damage|p2a: Zamazenta|94\/100|[from] Stealth Rock\n|-ability|p2a: Zamazenta|Dauntless Shield|boost\n|-boost|p2a: Zamazenta|def|1\n|turn|9\n|\n|t:|1700486889\n|move|p2a: Zamazenta|Crunch|p1a: Venusaur\n|-damage|p1a: Venusaur|0 fnt\n|faint|p1a: Venusaur\n|\n|-heal|p2a: Zamazenta|100\/100|[from] item: Leftovers\n|upkeep\n|\n|t:|1700486895\n|switch|p1a: Iron Valiant|Iron Valiant|100\/100\n|turn|10\n|\n|t:|1700486899\n|-terastallize|p2a: Zamazenta|Steel\n|move|p2a: Zamazenta|Iron Defense|p2a: Zamazenta\n|-boost|p2a: Zamazenta|def|2\n|move|p1a: Iron Valiant|Moonblast|p2a: Zamazenta\n|-resisted|p2a: Zamazenta\n|-damage|p2a: Zamazenta|71\/100\n|-damage|p1a: Iron Valiant|91\/100|[from] item: Life Orb\n|\n|-heal|p2a: Zamazenta|77\/100|[from] item: Leftovers\n|upkeep\n|turn|11\n|\n|t:|1700486905\n|move|p2a: Zamazenta|Body Press|p1a: Iron Valiant\n|-resisted|p1a: Iron Valiant\n|-crit|p1a: Iron Valiant\n|-damage|p1a: Iron Valiant|0 fnt\n|faint|p1a: Iron Valiant\n|-end|p1a: Iron Valiant|Quark Drive|[silent]\n|\n|-heal|p2a: Zamazenta|83\/100|[from] item: Leftovers\n|upkeep\n|\n|t:|1700486911\n|switch|p1a: Slowbro|Slowbro, F|100\/100\n|turn|12\n|\n|t:|1700486913\n|move|p2a: Zamazenta|Crunch|p1a: Slowbro\n|-supereffective|p1a: Slowbro\n|-damage|p1a: Slowbro|76\/100\n|-damage|p2a: Zamazenta|66\/100|[from] item: Rocky Helmet|[of] p1a: Slowbro\n|move|p1a: Slowbro|Scald|p2a: Zamazenta\n|-damage|p2a: Zamazenta|39\/100\n|\n|-heal|p2a: Zamazenta|45\/100|[from] item: Leftovers\n|upkeep\n|turn|13\n|\n|t:|1700486926\n|move|p2a: Zamazenta|Substitute|p2a: Zamazenta\n|-start|p2a: Zamazenta|Substitute\n|-damage|p2a: Zamazenta|20\/100\n|move|p1a: Slowbro|Scald|p2a: Zamazenta\n|-end|p2a: Zamazenta|Substitute\n|\n|-heal|p2a: Zamazenta|27\/100|[from] item: Leftovers\n|upkeep\n|turn|14\n|\n|t:|1700486934\n|move|p2a: Zamazenta|Crunch|p1a: Slowbro\n|-supereffective|p1a: Slowbro\n|-damage|p1a: Slowbro|50\/100\n|-damage|p2a: Zamazenta|10\/100|[from] item: Rocky Helmet|[of] p1a: Slowbro\n|move|p1a: Slowbro|Scald|p2a: Zamazenta\n|-damage|p2a: Zamazenta|0 fnt\n|faint|p2a: Zamazenta\n|\n|upkeep\n|\n|t:|1700486940\n|switch|p2a: Iron Valiant|Iron Valiant|100\/100\n|-damage|p2a: Iron Valiant|94\/100|[from] Stealth Rock\n|-enditem|p2a: Iron Valiant|Booster Energy\n|-activate|p2a: Iron Valiant|ability: Quark Drive|[fromitem]\n|-start|p2a: Iron Valiant|quarkdrivespe\n|turn|15\n|\n|t:|1700486947\n|switch|p1a: Corviknight|Corviknight, M|100\/100\n|-ability|p1a: Corviknight|Pressure\n|move|p2a: Iron Valiant|Calm Mind|p2a: Iron Valiant\n|-boost|p2a: Iron Valiant|spa|1\n|-boost|p2a: Iron Valiant|spd|1\n|\n|upkeep\n|turn|16\n|\n|t:|1700486951\n|move|p2a: Iron Valiant|Thunderbolt|p1a: Corviknight\n|-supereffective|p1a: Corviknight\n|-damage|p1a: Corviknight|23\/100\n|move|p1a: Corviknight|Brave Bird|p2a: Iron Valiant\n|-supereffective|p2a: Iron Valiant\n|-damage|p2a: Iron Valiant|5\/100\n|-damage|p1a: Corviknight|0 fnt|[from] Recoil\n|faint|p1a: Corviknight\n|\n|upkeep\n|\n|t:|1700486960\n|switch|p1a: Slowbro|Slowbro, F|83\/100\n|turn|17\n|\n|t:|1700486965\n|-terastallize|p1a: Slowbro|Fairy\n|move|p2a: Iron Valiant|Thunderbolt|p1a: Slowbro\n|-damage|p1a: Slowbro|41\/100\n|move|p1a: Slowbro|Scald|p2a: Iron Valiant\n|-damage|p2a: Iron Valiant|0 fnt\n|faint|p2a: Iron Valiant\n|-end|p2a: Iron Valiant|Quark Drive|[silent]\n|\n|upkeep\n|\n|t:|1700486972\n|switch|p2a: Heatran|Heatran, F|100\/100\n|-damage|p2a: Heatran|88\/100|[from] Stealth Rock\n|turn|18\n|\n|t:|1700486975\n|switch|p1a: \u6211\u6ef4\u4e00\u62f3\u8d85\u4eba|Hoopa-Unbound|100\/100\n|move|p2a: Heatran|Magma Storm|p1a: \u6211\u6ef4\u4e00\u62f3\u8d85\u4eba\n|-damage|p1a: \u6211\u6ef4\u4e00\u62f3\u8d85\u4eba|58\/100\n|-activate|p1a: \u6211\u6ef4\u4e00\u62f3\u8d85\u4eba|move: Magma Storm|[of] p2a: Heatran\n|\n|-heal|p2a: Heatran|94\/100|[from] item: Leftovers\n|-damage|p1a: \u6211\u6ef4\u4e00\u62f3\u8d85\u4eba|45\/100|[from] move: Magma Storm|[partiallytrapped]\n|upkeep\n|turn|19\n|\n|t:|1700486982\n|move|p1a: \u6211\u6ef4\u4e00\u62f3\u8d85\u4eba|Hyperspace Fury|p2a: Heatran\n|-damage|p2a: Heatran|27\/100\n|-unboost|p1a: \u6211\u6ef4\u4e00\u62f3\u8d85\u4eba|def|1\n|move|p2a: Heatran|Magma Storm|p1a: \u6211\u6ef4\u4e00\u62f3\u8d85\u4eba\n|-damage|p1a: \u6211\u6ef4\u4e00\u62f3\u8d85\u4eba|7\/100\n|\n|-heal|p2a: Heatran|33\/100|[from] item: Leftovers\n|-damage|p1a: \u6211\u6ef4\u4e00\u62f3\u8d85\u4eba|0 fnt|[from] move: Magma Storm|[partiallytrapped]\n|faint|p1a: \u6211\u6ef4\u4e00\u62f3\u8d85\u4eba\n|upkeep\n|\n|t:|1700486985\n|switch|p1a: Slowbro|Slowbro, F, tera:Fairy|75\/100\n|turn|20\n|\n|t:|1700487000\n|move|p2a: Heatran|Magma Storm|p1a: Slowbro|[miss]\n|-miss|p2a: Heatran|p1a: Slowbro\n|move|p1a: Slowbro|Trick Room|p1a: Slowbro\n|-fieldstart|move: Trick Room|[of] p1a: Slowbro\n|\n|-heal|p2a: Heatran|39\/100|[from] item: Leftovers\n|upkeep\n|turn|21\n|\n|t:|1700487006\n|move|p2a: Heatran|Protect|p2a: Heatran\n|-singleturn|p2a: Heatran|Protect\n|move|p1a: Slowbro|Scald|p2a: Heatran\n|-activate|p2a: Heatran|move: Protect\n|\n|-heal|p2a: Heatran|45\/100|[from] item: Leftovers\n|upkeep\n|turn|22\n|\n|t:|1700487014\n|move|p1a: Slowbro|Scald|p2a: Heatran\n|-supereffective|p2a: Heatran\n|-damage|p2a: Heatran|3\/100\n|move|p2a: Heatran|Magma Storm|p1a: Slowbro\n|-crit|p1a: Slowbro\n|-damage|p1a: Slowbro|7\/100\n|-activate|p1a: Slowbro|move: Magma Storm|[of] p2a: Heatran\n|\n|-heal|p2a: Heatran|9\/100|[from] item: Leftovers\n|-damage|p1a: Slowbro|0 fnt|[from] move: Magma Storm|[partiallytrapped]\n|faint|p1a: Slowbro\n|\n|win|jzhuc1841\n|upkeep\n|raw|lxycj's rating: 1615 &rarr; <strong>1598<\/strong><br \/>(-17 for losing)\n|raw|jzhuc1841's rating: 1671 &rarr; <strong>1688<\/strong><br \/>(+17 for winning)\n|l|\u2606lxycj\n","uploadtime":1700487027,"views":2,"p1id":"lxycj","p2id":"jzhuc1841","formatid":"gen9nationaldex","rating":1598,"private":0,"password":""}