{"id":"gen9nationaldex-1994593921","p1":"RandoTestAccount","p2":"mk244","format":"[Gen 9] National Dex","log":"|html|<div class=\"broadcast-blue\"><strong>[Gen 9] National Dex is currently suspecting Sneasler! For information on how to participate check out the <a href=\"https:\/\/www.smogon.com\/forums\/threads\/sv-national-dex-suspect-8-just-dance.3731534\/\">suspect thread<\/a>.<\/strong><\/div>\n|j|\u2606RandoTestAccount\n|j|\u2606mk244\n|t:|1700466075\n|gametype|singles\n|player|p1|RandoTestAccount|pokemonrangerf|1253\n|player|p2|mk244|pokemaniac|1197\n|teamsize|p1|6\n|teamsize|p2|6\n|gen|9\n|tier|[Gen 9] National Dex\n|rated|\n|rule|HP Percentage Mod: HP is shown in percentages\n|rule|Endless Battle Clause: Forcing endless battles is banned\n|rule|OHKO Clause: OHKO moves are banned\n|rule|Evasion Clause: Evasion abilities, items, and moves are banned\n|rule|Evasion Abilities Clause: Evasion abilities are banned\n|rule|Evasion Items Clause: Evasion items are banned\n|rule|Evasion Moves Clause: Evasion moves are banned\n|rule|Species Clause: Limit one of each Pok\u00e9mon\n|rule|Sleep Clause Mod: Limit one foe put to sleep\n|clearpoke\n|poke|p1|Umbreon, F|\n|poke|p1|Excadrill, F|\n|poke|p1|Corviknight, F|\n|poke|p1|Sableye, F|\n|poke|p1|Tapu Fini|\n|poke|p1|Dragalge, F|\n|poke|p2|Ogerpon, F|\n|poke|p2|Corviknight, M|\n|poke|p2|Clodsire, F|\n|poke|p2|Tyranitar, M|\n|poke|p2|Tapu Fini|\n|poke|p2|Banette, M|\n|teampreview\n|inactive|Battle timer is ON: inactive players will automatically lose when time's up. (requested by mk244)\n|\n|t:|1700466089\n|start\n|switch|p1a: Spectre of Emerald|Sableye, F, shiny|100\/100\n|switch|p2a: Clodsire|Clodsire, F|100\/100\n|turn|1\n|\n|t:|1700466098\n|switch|p2a: Tyranitar|Tyranitar, M|100\/100\n|-weather|Sandstorm|[from] ability: Sand Stream|[of] p2a: Tyranitar\n|detailschange|p1a: Spectre of Emerald|Sableye-Mega, F, shiny\n|-mega|p1a: Spectre of Emerald|Sableye|Sablenite\n|move|p1a: Spectre of Emerald|Will-O-Wisp|p2a: Tyranitar\n|-status|p2a: Tyranitar|brn\n|\n|-weather|Sandstorm|[upkeep]\n|-damage|p1a: Spectre of Emerald|94\/100|[from] Sandstorm\n|-damage|p2a: Tyranitar|94\/100 brn|[from] brn\n|upkeep\n|turn|2\n|\n|t:|1700466109\n|move|p2a: Tyranitar|Flamethrower|p1a: Spectre of Emerald\n|-damage|p1a: Spectre of Emerald|70\/100\n|move|p1a: Spectre of Emerald|Calm Mind|p1a: Spectre of Emerald\n|-boost|p1a: Spectre of Emerald|spa|1\n|-boost|p1a: Spectre of Emerald|spd|1\n|\n|-weather|Sandstorm|[upkeep]\n|-damage|p1a: Spectre of Emerald|63\/100|[from] Sandstorm\n|-damage|p2a: Tyranitar|88\/100 brn|[from] brn\n|upkeep\n|turn|3\n|\n|t:|1700466116\n|move|p2a: Tyranitar|Pursuit|p1a: Spectre of Emerald\n|-damage|p1a: Spectre of Emerald|56\/100\n|move|p1a: Spectre of Emerald|Recover|p1a: Spectre of Emerald\n|-heal|p1a: Spectre of Emerald|100\/100\n|\n|-weather|Sandstorm|[upkeep]\n|-damage|p1a: Spectre of Emerald|94\/100|[from] Sandstorm\n|-damage|p2a: Tyranitar|82\/100 brn|[from] brn\n|upkeep\n|turn|4\n|\n|t:|1700466128\n|switch|p2a: Banette|Banette, M|100\/100\n|switch|p1a: The Droplet Tear|Tapu Fini, shiny|100\/100\n|-fieldstart|move: Misty Terrain|[from] ability: Misty Surge|[of] p1a: The Droplet Tear\n|\n|-weather|Sandstorm|[upkeep]\n|-damage|p2a: Banette|95\/100|[from] Sandstorm\n|-damage|p1a: The Droplet Tear|94\/100|[from] Sandstorm\n|-heal|p1a: The Droplet Tear|100\/100|[from] item: Leftovers\n|upkeep\n|turn|5\n|\n|t:|1700466134\n|detailschange|p2a: Banette|Banette-Mega, M\n|-mega|p2a: Banette|Banette|Banettite\n|move|p2a: Banette|Poltergeist|p1a: The Droplet Tear\n|-activate|p1a: The Droplet Tear|move: Poltergeist|Leftovers\n|-damage|p1a: The Droplet Tear|43\/100\n|move|p1a: The Droplet Tear|Moonblast|p2a: Banette\n|-damage|p2a: Banette|45\/100\n|\n|-weather|none\n|-heal|p1a: The Droplet Tear|49\/100|[from] item: Leftovers\n|upkeep\n|turn|6\n|\n|t:|1700466147\n|switch|p1a: Nika Reanukko|Umbreon, F, shiny|100\/100\n|move|p2a: Banette|Poltergeist|p1a: Nika Reanukko|[miss]\n|-miss|p2a: Banette|p1a: Nika Reanukko\n|\n|upkeep\n|turn|7\n|\n|t:|1700466153\n|switch|p2a: Corviknight|Corviknight, M|100\/100\n|-ability|p2a: Corviknight|Pressure\n|move|p1a: Nika Reanukko|Wish|p1a: Nika Reanukko\n|\n|upkeep\n|turn|8\n|\n|t:|1700466160\n|switch|p1a: The Droplet Tear|Tapu Fini, shiny|49\/100\n|move|p2a: Corviknight|Iron Defense|p2a: Corviknight\n|-boost|p2a: Corviknight|def|2\n|\n|-heal|p1a: The Droplet Tear|100\/100|[from] move: Wish|[wisher] Nika Reanukko\n|-fieldend|Misty Terrain\n|upkeep\n|turn|9\n|\n|t:|1700466169\n|switch|p1a: Spectre of Emerald|Sableye-Mega, F, shiny|94\/100\n|switch|p2a: Clodsire|Clodsire, F|100\/100\n|\n|upkeep\n|turn|10\n|\n|t:|1700466172\n|move|p2a: Clodsire|Stealth Rock|p1a: Spectre of Emerald\n|move|p1a: Spectre of Emerald|Stealth Rock|p2a: Clodsire|[from]ability: Magic Bounce\n|-sidestart|p2: mk244|move: Stealth Rock\n|move|p1a: Spectre of Emerald|Will-O-Wisp|p2a: Clodsire\n|-status|p2a: Clodsire|brn\n|\n|-damage|p2a: Clodsire|94\/100 brn|[from] brn\n|upkeep\n|turn|11\n|\n|t:|1700466180\n|move|p2a: Clodsire|Toxic|p1a: Spectre of Emerald\n|move|p1a: Spectre of Emerald|Toxic||[from]ability: Magic Bounce|[still]\n|-fail|p1a: Spectre of Emerald\n|move|p1a: Spectre of Emerald|Calm Mind|p1a: Spectre of Emerald\n|-boost|p1a: Spectre of Emerald|spa|1\n|-boost|p1a: Spectre of Emerald|spd|1\n|\n|-heal|p2a: Clodsire|100\/100 brn|[from] item: Leftovers\n|-damage|p2a: Clodsire|94\/100 brn|[from] brn\n|upkeep\n|turn|12\n|\n|t:|1700466191\n|switch|p2a: Banette|Banette-Mega, M|45\/100\n|-damage|p2a: Banette|33\/100|[from] Stealth Rock\n|move|p1a: Spectre of Emerald|Calm Mind|p1a: Spectre of Emerald\n|-boost|p1a: Spectre of Emerald|spa|1\n|-boost|p1a: Spectre of Emerald|spd|1\n|\n|upkeep\n|turn|13\n|\n|t:|1700466197\n|move|p2a: Banette|Encore|p1a: Spectre of Emerald\n|move|p1a: Spectre of Emerald|Encore||[from]ability: Magic Bounce|[still]\n|-fail|p1a: Spectre of Emerald\n|move|p1a: Spectre of Emerald|Will-O-Wisp|p2a: Banette\n|-status|p2a: Banette|brn\n|\n|-damage|p2a: Banette|27\/100 brn|[from] brn\n|upkeep\n|turn|14\n|\n|t:|1700466204\n|move|p2a: Banette|Poltergeist|p1a: Spectre of Emerald\n|-activate|p1a: Spectre of Emerald|move: Poltergeist|Sablenite\n|-damage|p1a: Spectre of Emerald|71\/100\n|move|p1a: Spectre of Emerald|Calm Mind|p1a: Spectre of Emerald\n|-boost|p1a: Spectre of Emerald|spa|1\n|-boost|p1a: Spectre of Emerald|spd|1\n|\n|-damage|p2a: Banette|21\/100 brn|[from] brn\n|upkeep\n|turn|15\n|-message|mk244 forfeited.\n|\n|win|RandoTestAccount\n|raw|RandoTestAccount's rating: 1253 &rarr; <strong>1274<\/strong><br \/>(+21 for winning)\n|raw|mk244's rating: 1197 &rarr; <strong>1176<\/strong><br \/>(-21 for losing)\n|l|\u2606mk244\n","uploadtime":1700466217,"views":3,"p1id":"randotestaccount","p2id":"mk244","formatid":"gen9nationaldex","rating":1176,"private":0,"password":""}