{"id":"gen9nationaldex-1988113643","p1":"Art234","p2":"Agent 92","format":"[Gen 9] National Dex","log":"|j|\u2606Art234\n|j|\u2606Agent 92\n|t:|1699671203\n|gametype|singles\n|player|p1|Art234|lucas|1151\n|player|p2|Agent 92|archer|1105\n|teamsize|p1|6\n|teamsize|p2|6\n|gen|9\n|tier|[Gen 9] National Dex\n|rated|\n|rule|HP Percentage Mod: HP is shown in percentages\n|rule|Endless Battle Clause: Forcing endless battles is banned\n|rule|OHKO Clause: OHKO moves are banned\n|rule|Evasion Clause: Evasion abilities, items, and moves are banned\n|rule|Evasion Abilities Clause: Evasion abilities are banned\n|rule|Evasion Items Clause: Evasion items are banned\n|rule|Evasion Moves Clause: Evasion moves are banned\n|rule|Species Clause: Limit one of each Pok\u00e9mon\n|rule|Sleep Clause Mod: Limit one foe put to sleep\n|clearpoke\n|poke|p1|Banette, F|\n|poke|p1|Aegislash, F|\n|poke|p1|Basculegion, M|\n|poke|p1|Sinistcha-Masterpiece|\n|poke|p1|Mimikyu, M|\n|poke|p1|Ceruledge, M|\n|poke|p2|Malamar, F|\n|poke|p2|Weezing-Galar, F|\n|poke|p2|Glimmora, F|\n|poke|p2|Ferrothorn, M|\n|poke|p2|Garganacl, M|\n|poke|p2|Blacephalon|\n|teampreview\n|inactive|Battle timer is ON: inactive players will automatically lose when time's up. (requested by Agent 92)\n|\n|t:|1699671230\n|start\n|switch|p1a: Sinistcha|Sinistcha-Masterpiece|100\/100\n|switch|p2a: Malamar|Malamar, F, shiny|100\/100\n|turn|1\n|\n|t:|1699671254\n|move|p2a: Malamar|Knock Off|p1a: Sinistcha\n|-supereffective|p1a: Sinistcha\n|-damage|p1a: Sinistcha|35\/100\n|-enditem|p1a: Sinistcha|Assault Vest|[from] move: Knock Off|[of] p2a: Malamar\n|move|p1a: Sinistcha|Matcha Gotcha|p2a: Malamar\n|-damage|p2a: Malamar|72\/100\n|-heal|p1a: Sinistcha|51\/100|[from] drain|[of] p2a: Malamar\n|-status|p2a: Malamar|brn\n|\n|-damage|p2a: Malamar|66\/100 brn|[from] brn\n|upkeep\n|turn|2\n|inactive|Art234 has 120 seconds left.\n|inactive|Art234 has 90 seconds left.\n|\n|t:|1699671334\n|move|p2a: Malamar|Knock Off|p1a: Sinistcha\n|-supereffective|p1a: Sinistcha\n|-crit|p1a: Sinistcha\n|-damage|p1a: Sinistcha|15\/100\n|move|p1a: Sinistcha|Matcha Gotcha|p2a: Malamar\n|-damage|p2a: Malamar|37\/100 brn\n|-heal|p1a: Sinistcha|32\/100|[from] drain|[of] p2a: Malamar\n|\n|-damage|p2a: Malamar|31\/100 brn|[from] brn\n|upkeep\n|turn|3\n|\n|t:|1699671343\n|move|p2a: Malamar|Knock Off|p1a: Sinistcha\n|-supereffective|p1a: Sinistcha\n|-damage|p1a: Sinistcha|7\/100\n|move|p1a: Sinistcha|Matcha Gotcha|p2a: Malamar\n|-damage|p2a: Malamar|5\/100 brn\n|-heal|p1a: Sinistcha|21\/100|[from] drain|[of] p2a: Malamar\n|\n|-damage|p2a: Malamar|0 fnt|[from] brn\n|faint|p2a: Malamar\n|upkeep\n|\n|t:|1699671353\n|switch|p2a: Blacephalon|Blacephalon, shiny|100\/100\n|turn|4\n|\n|t:|1699671360\n|move|p2a: Blacephalon|Mystical Fire|p1a: Sinistcha\n|-supereffective|p1a: Sinistcha\n|-damage|p1a: Sinistcha|0 fnt\n|faint|p1a: Sinistcha\n|-ability|p2a: Blacephalon|Beast Boost|boost\n|-boost|p2a: Blacephalon|spa|1\n|\n|upkeep\n|\n|t:|1699671374\n|switch|p1a: Mimikyu|Mimikyu, M|100\/100\n|turn|5\n|\n|t:|1699671379\n|-terastallize|p2a: Blacephalon|Normal\n|move|p2a: Blacephalon|Shadow Ball|p1a: Mimikyu\n|-activate|p1a: Mimikyu|ability: Disguise\n|-damage|p1a: Mimikyu|100\/100\n|detailschange|p1a: Mimikyu|Mimikyu-Busted, M\n|-damage|p1a: Mimikyu|88\/100|[from] pokemon: Mimikyu-Busted\n|-zpower|p1a: Mimikyu\n|move|p1a: Mimikyu|Let's Snuggle Forever|p2a: Blacephalon|[zeffect]\n|-damage|p2a: Blacephalon|0 fnt\n|faint|p2a: Blacephalon\n|\n|upkeep\n|\n|t:|1699671398\n|switch|p2a: Glimmora|Glimmora, F|100\/100\n|turn|6\n|inactive|Art234 has 90 seconds left.\n|\n|t:|1699671414\n|move|p1a: Mimikyu|Shadow Sneak|p2a: Glimmora\n|-damage|p2a: Glimmora|84\/100\n|-activate|p2a: Glimmora|ability: Toxic Debris\n|-sidestart|p1: Art234|move: Toxic Spikes\n|move|p2a: Glimmora|Stealth Rock|p1a: Mimikyu\n|-sidestart|p1: Art234|move: Stealth Rock\n|\n|upkeep\n|turn|7\n|inactive|Art234 has 90 seconds left.\n|\n|t:|1699671422\n|move|p1a: Mimikyu|Shadow Claw|p2a: Glimmora\n|-crit|p2a: Glimmora\n|-damage|p2a: Glimmora|36\/100\n|-activate|p2a: Glimmora|ability: Toxic Debris\n|-sidestart|p1: Art234|move: Toxic Spikes\n|-enditem|p2a: Glimmora|Sitrus Berry|[eat]\n|-heal|p2a: Glimmora|61\/100|[from] item: Sitrus Berry\n|move|p2a: Glimmora|Mortal Spin|p1a: Mimikyu\n|-damage|p1a: Mimikyu|78\/100\n|-status|p1a: Mimikyu|psn\n|\n|-damage|p1a: Mimikyu|66\/100 psn|[from] psn\n|upkeep\n|turn|8\n|inactive|Art234 has 90 seconds left.\n|\n|t:|1699671436\n|move|p2a: Glimmora|Spiky Shield|p2a: Glimmora\n|-singleturn|p2a: Glimmora|move: Protect\n|move|p1a: Mimikyu|Shadow Claw|p2a: Glimmora\n|-activate|p2a: Glimmora|move: Protect\n|-damage|p1a: Mimikyu|53\/100 psn|[from] Spiky Shield|[of] p2a: Glimmora\n|\n|-damage|p1a: Mimikyu|41\/100 psn|[from] psn\n|upkeep\n|turn|9\n|inactive|Art234 has 90 seconds left.\n|\n|t:|1699671447\n|move|p1a: Mimikyu|Shadow Claw|p2a: Glimmora\n|-damage|p2a: Glimmora|31\/100\n|move|p2a: Glimmora|Spikes|p1a: Mimikyu\n|-sidestart|p1: Art234|Spikes\n|\n|-damage|p1a: Mimikyu|29\/100 psn|[from] psn\n|upkeep\n|turn|10\n|\n|t:|1699671455\n|move|p2a: Glimmora|Spiky Shield|p2a: Glimmora\n|-singleturn|p2a: Glimmora|move: Protect\n|move|p1a: Mimikyu|Shadow Claw|p2a: Glimmora\n|-activate|p2a: Glimmora|move: Protect\n|-damage|p1a: Mimikyu|16\/100 psn|[from] Spiky Shield|[of] p2a: Glimmora\n|\n|-damage|p1a: Mimikyu|4\/100 psn|[from] psn\n|upkeep\n|turn|11\n|inactive|Art234 has 90 seconds left.\n|\n|t:|1699671472\n|move|p1a: Mimikyu|Shadow Claw|p2a: Glimmora\n|-damage|p2a: Glimmora|3\/100\n|move|p2a: Glimmora|Spikes|p1a: Mimikyu\n|-sidestart|p1: Art234|Spikes\n|\n|-damage|p1a: Mimikyu|0 fnt|[from] psn\n|faint|p1a: Mimikyu\n|upkeep\n|inactive|Art234 has 90 seconds left.\n|\n|t:|1699671490\n|switch|p1a: Aegislash|Aegislash, F|100\/100\n|-damage|p1a: Aegislash|94\/100|[from] Stealth Rock\n|-damage|p1a: Aegislash|78\/100|[from] Spikes\n|turn|12\n|\n|t:|1699671497\n|-formechange|p1a: Aegislash|Aegislash-Blade||[from] ability: Stance Change\n|move|p1a: Aegislash|Shadow Sneak|p2a: Glimmora\n|-damage|p2a: Glimmora|0 fnt\n|faint|p2a: Glimmora\n|\n|-heal|p1a: Aegislash|84\/100|[from] item: Leftovers\n|upkeep\n|\n|t:|1699671506\n|switch|p2a: Weezing|Weezing-Galar, F, shiny|100\/100\n|turn|13\n|\n|t:|1699671512\n|-formechange|p1a: Aegislash|Aegislash||[from] ability: Stance Change\n|move|p1a: Aegislash|King's Shield|p1a: Aegislash\n|-singleturn|p1a: Aegislash|Protect\n|move|p2a: Weezing|Clear Smog|p1a: Aegislash\n|-activate|p1a: Aegislash|move: Protect\n|\n|-heal|p1a: Aegislash|90\/100|[from] item: Leftovers\n|upkeep\n|turn|14\n|\n|t:|1699671523\n|-formechange|p1a: Aegislash|Aegislash-Blade||[from] ability: Stance Change\n|move|p1a: Aegislash|Iron Head|p2a: Weezing\n|-supereffective|p2a: Weezing\n|-damage|p2a: Weezing|14\/100\n|move|p2a: Weezing|Will-O-Wisp|p1a: Aegislash\n|-status|p1a: Aegislash|brn\n|\n|-heal|p1a: Aegislash|96\/100 brn|[from] item: Leftovers\n|-heal|p2a: Weezing|20\/100|[from] item: Black Sludge\n|-damage|p1a: Aegislash|90\/100 brn|[from] brn\n|upkeep\n|turn|15\n|\n|t:|1699671536\n|move|p1a: Aegislash|Iron Head|p2a: Weezing\n|-supereffective|p2a: Weezing\n|-damage|p2a: Weezing|0 fnt\n|faint|p2a: Weezing\n|\n|-heal|p1a: Aegislash|96\/100 brn|[from] item: Leftovers\n|-damage|p1a: Aegislash|90\/100 brn|[from] brn\n|upkeep\n|\n|t:|1699671545\n|switch|p2a: Ferrothorn|Ferrothorn, M, shiny|100\/100\n|turn|16\n|\n|t:|1699671552\n|move|p1a: Aegislash|Shadow Claw|p2a: Ferrothorn\n|-damage|p2a: Ferrothorn|84\/100\n|-damage|p1a: Aegislash|78\/100 brn|[from] ability: Iron Barbs|[of] p2a: Ferrothorn\n|-damage|p1a: Aegislash|61\/100 brn|[from] item: Rocky Helmet|[of] p2a: Ferrothorn\n|move|p2a: Ferrothorn|Iron Defense|p2a: Ferrothorn\n|-boost|p2a: Ferrothorn|def|2\n|\n|-heal|p1a: Aegislash|68\/100 brn|[from] item: Leftovers\n|-damage|p1a: Aegislash|61\/100 brn|[from] brn\n|upkeep\n|turn|17\n|\n|t:|1699671564\n|switch|p1a: Ceruledge|Ceruledge, M|100\/100\n|-status|p1a: Ceruledge|tox\n|-damage|p1a: Ceruledge|76\/100 tox|[from] Stealth Rock\n|-damage|p1a: Ceruledge|59\/100 tox|[from] Spikes\n|move|p2a: Ferrothorn|Iron Defense|p2a: Ferrothorn\n|-boost|p2a: Ferrothorn|def|2\n|\n|-damage|p1a: Ceruledge|53\/100 tox|[from] psn\n|upkeep\n|turn|18\n|\n|t:|1699671576\n|move|p1a: Ceruledge|Bitter Blade|p2a: Ferrothorn\n|-supereffective|p2a: Ferrothorn\n|-damage|p2a: Ferrothorn|18\/100\n|-heal|p1a: Ceruledge|93\/100 tox|[from] drain|[of] p2a: Ferrothorn\n|-damage|p1a: Ceruledge|81\/100 tox|[from] ability: Iron Barbs|[of] p2a: Ferrothorn\n|-damage|p1a: Ceruledge|64\/100 tox|[from] item: Rocky Helmet|[of] p2a: Ferrothorn\n|move|p2a: Ferrothorn|Leech Seed|p1a: Ceruledge\n|-start|p1a: Ceruledge|move: Leech Seed\n|\n|-damage|p1a: Ceruledge|52\/100 tox|[from] Leech Seed|[of] p2a: Ferrothorn\n|-heal|p2a: Ferrothorn|28\/100|[silent]\n|-damage|p1a: Ceruledge|39\/100 tox|[from] psn\n|upkeep\n|turn|19\n|\n|t:|1699671589\n|move|p2a: Ferrothorn|Protect|p2a: Ferrothorn\n|-singleturn|p2a: Ferrothorn|Protect\n|move|p1a: Ceruledge|Bitter Blade|p2a: Ferrothorn\n|-activate|p2a: Ferrothorn|move: Protect\n|\n|-damage|p1a: Ceruledge|27\/100 tox|[from] Leech Seed|[of] p2a: Ferrothorn\n|-heal|p2a: Ferrothorn|39\/100|[silent]\n|-damage|p1a: Ceruledge|8\/100 tox|[from] psn\n|upkeep\n|turn|20\n|\n|t:|1699671600\n|switch|p2a: Garganacl|Garganacl, M|100\/100\n|move|p1a: Ceruledge|Bitter Blade|p2a: Garganacl\n|-resisted|p2a: Garganacl\n|-damage|p2a: Garganacl|81\/100\n|-heal|p1a: Ceruledge|22\/100 tox|[from] drain|[of] p2a: Garganacl\n|\n|-heal|p2a: Garganacl|88\/100|[from] item: Leftovers\n|-damage|p1a: Ceruledge|9\/100 tox|[from] Leech Seed|[of] p2a: Garganacl\n|-heal|p2a: Garganacl|97\/100|[silent]\n|-damage|p1a: Ceruledge|0 fnt|[from] psn\n|faint|p1a: Ceruledge\n|upkeep\n|\n|t:|1699671614\n|switch|p1a: Basculegion|Basculegion, M|100\/100\n|-status|p1a: Basculegion|tox\n|-damage|p1a: Basculegion|88\/100 tox|[from] Stealth Rock\n|-damage|p1a: Basculegion|72\/100 tox|[from] Spikes\n|turn|21\n|\n|t:|1699671622\n|move|p1a: Basculegion|Wave Crash|p2a: Garganacl\n|-supereffective|p2a: Garganacl\n|-damage|p2a: Garganacl|0 fnt\n|faint|p2a: Garganacl\n|-damage|p1a: Basculegion|38\/100 tox|[from] Recoil\n|\n|-damage|p1a: Basculegion|32\/100 tox|[from] psn\n|upkeep\n|\n|t:|1699671630\n|switch|p2a: Ferrothorn|Ferrothorn, M, shiny|39\/100\n|turn|22\n|\n|t:|1699671634\n|move|p2a: Ferrothorn|Protect|p2a: Ferrothorn\n|-singleturn|p2a: Ferrothorn|Protect\n|move|p1a: Basculegion|Wave Crash|p2a: Ferrothorn\n|-activate|p2a: Ferrothorn|move: Protect\n|\n|-damage|p1a: Basculegion|20\/100 tox|[from] psn\n|upkeep\n|turn|23\n|\n|t:|1699671642\n|move|p1a: Basculegion|Wave Crash|p2a: Ferrothorn\n|-resisted|p2a: Ferrothorn\n|-damage|p2a: Ferrothorn|0 fnt\n|-damage|p1a: Basculegion|8\/100 tox|[from] ability: Iron Barbs|[of] p2a: Ferrothorn\n|-damage|p1a: Basculegion|0 fnt|[from] item: Rocky Helmet|[of] p2a: Ferrothorn\n|faint|p2a: Ferrothorn\n|faint|p1a: Basculegion\n|\n|win|Art234\n|raw|Art234's rating: 1151 &rarr; <strong>1173<\/strong><br \/>(+22 for winning)\n|raw|Agent 92's rating: 1105 &rarr; <strong>1083<\/strong><br \/>(-22 for losing)\n|l|\u2606Agent 92\n","uploadtime":1699671652,"views":6,"p1id":"art234","p2id":"agent92","formatid":"gen9nationaldex","rating":1083,"private":0,"password":""}