{"id":"gen9nationaldex-1994492165","p1":"MasterStone","p2":"Yalpur","format":"[Gen 9] National Dex","log":"|j|\u2606MasterStone\n|j|\u2606Yalpur\n|t:|1700450249\n|gametype|singles\n|player|p1|MasterStone|ingo|1529\n|player|p2|Yalpur|2|1755\n|teamsize|p1|6\n|teamsize|p2|6\n|gen|9\n|tier|[Gen 9] National Dex\n|rated|\n|rule|HP Percentage Mod: HP is shown in percentages\n|rule|Endless Battle Clause: Forcing endless battles is banned\n|rule|OHKO Clause: OHKO moves are banned\n|rule|Evasion Clause: Evasion abilities, items, and moves are banned\n|rule|Evasion Abilities Clause: Evasion abilities are banned\n|rule|Evasion Items Clause: Evasion items are banned\n|rule|Evasion Moves Clause: Evasion moves are banned\n|rule|Species Clause: Limit one of each Pok\u00e9mon\n|rule|Sleep Clause Mod: Limit one foe put to sleep\n|clearpoke\n|poke|p1|Slowking-Galar, F|\n|poke|p1|Quaquaval, F|\n|poke|p1|Alomomola, F|\n|poke|p1|Garchomp, M|\n|poke|p1|Tapu Lele|\n|poke|p1|Heatran, M|\n|poke|p2|Tapu Koko|\n|poke|p2|Iron Hands|\n|poke|p2|Iron Valiant|\n|poke|p2|Hatterene, F|\n|poke|p2|Medicham, M|\n|poke|p2|Raichu-Alola, F|\n|teampreview\n|\n|t:|1700450262\n|start\n|switch|p1a: Heatran|Heatran, M|100\/100\n|switch|p2a: Tapu Koko|Tapu Koko|100\/100\n|-fieldstart|move: Electric Terrain|[from] ability: Electric Surge|[of] p2a: Tapu Koko\n|turn|1\n|\n|t:|1700450269\n|switch|p1a: Slowking|Slowking-Galar, F|100\/100\n|move|p2a: Tapu Koko|U-turn|p1a: Slowking\n|-damage|p1a: Slowking|75\/100\n|\n|t:|1700450308\n|switch|p2a: Medicham|Medicham, M|100\/100|[from] U-turn\n|\n|-heal|p1a: Slowking|81\/100|[from] item: Leftovers\n|upkeep\n|turn|2\n|\n|t:|1700450325\n|switch|p1a: Alomomola|Alomomola, F|100\/100\n|detailschange|p2a: Medicham|Medicham-Mega, M\n|-mega|p2a: Medicham|Medicham|Medichamite\n|move|p2a: Medicham|Zen Headbutt|p1a: Alomomola\n|-damage|p1a: Alomomola|63\/100\n|-damage|p2a: Medicham|84\/100|[from] item: Rocky Helmet|[of] p1a: Alomomola\n|\n|upkeep\n|turn|3\n|\n|t:|1700450343\n|move|p1a: Alomomola|Protect|p1a: Alomomola\n|-singleturn|p1a: Alomomola|Protect\n|move|p2a: Medicham|Close Combat|p1a: Alomomola\n|-activate|p1a: Alomomola|move: Protect\n|\n|upkeep\n|turn|4\n|\n|t:|1700450352\n|move|p2a: Medicham|Close Combat|p1a: Alomomola\n|-damage|p1a: Alomomola|5\/100\n|-unboost|p2a: Medicham|def|1\n|-unboost|p2a: Medicham|spd|1\n|-damage|p2a: Medicham|68\/100|[from] item: Rocky Helmet|[of] p1a: Alomomola\n|move|p1a: Alomomola|Wish|p1a: Alomomola\n|\n|upkeep\n|turn|5\n|\n|t:|1700450363\n|switch|p2a: Raichu|Raichu-Alola, F|100\/100\n|move|p1a: Alomomola|Protect||[still]\n|-fail|p1a: Alomomola\n|\n|-heal|p1a: Alomomola|55\/100|[from] move: Wish|[wisher] Alomomola\n|upkeep\n|turn|6\n|\n|t:|1700450378\n|switch|p1a: Slowking|Slowking-Galar, F|100\/100\n|-terastallize|p2a: Raichu|Electric\n|move|p2a: Raichu|Rising Voltage|p1a: Slowking\n|-hint|Rising Voltage's BP doubled on grounded target.\n|-damage|p1a: Slowking|9\/100\n|-damage|p2a: Raichu|91\/100|[from] item: Life Orb\n|\n|-heal|p1a: Slowking|15\/100|[from] item: Leftovers\n|upkeep\n|turn|7\n|\n|t:|1700450398\n|switch|p1a: Garchomp|Garchomp, M|100\/100\n|move|p2a: Raichu|Psyshock|p1a: Garchomp\n|-damage|p1a: Garchomp|70\/100\n|-damage|p2a: Raichu|81\/100|[from] item: Life Orb\n|\n|upkeep\n|turn|8\n|\n|t:|1700450408\n|move|p2a: Raichu|Hidden Power|p1a: Garchomp\n|-supereffective|p1a: Garchomp\n|-damage|p1a: Garchomp|0 fnt\n|faint|p1a: Garchomp\n|-damage|p2a: Raichu|72\/100|[from] item: Life Orb\n|\n|-fieldend|move: Electric Terrain\n|upkeep\n|\n|t:|1700450416\n|switch|p1a: Heatran|Heatran, M|100\/100\n|turn|9\n|\n|t:|1700450433\n|switch|p2a: Hatterene|Hatterene, F|100\/100\n|move|p1a: Heatran|Eruption|p2a: Hatterene\n|-damage|p2a: Hatterene|32\/100\n|-enditem|p2a: Hatterene|Eject Button\n|\n|t:|1700450444\n|switch|p2a: Tapu Koko|Tapu Koko|100\/100\n|-fieldstart|move: Electric Terrain|[from] ability: Electric Surge|[of] p2a: Tapu Koko\n|\n|upkeep\n|turn|10\n|\n|t:|1700450456\n|switch|p2a: Hatterene|Hatterene, F|32\/100\n|move|p1a: Heatran|Eruption|p2a: Hatterene\n|-damage|p2a: Hatterene|0 fnt\n|faint|p2a: Hatterene\n|\n|upkeep\n|\n|t:|1700450458\n|switch|p2a: Raichu|Raichu-Alola, F, tera:Electric|72\/100\n|turn|11\n|\n|t:|1700450474\n|switch|p1a: Slowking|Slowking-Galar, F|49\/100\n|move|p2a: Raichu|Rising Voltage|p1a: Slowking\n|-hint|Rising Voltage's BP doubled on grounded target.\n|-damage|p1a: Slowking|0 fnt\n|faint|p1a: Slowking\n|-damage|p2a: Raichu|62\/100|[from] item: Life Orb\n|\n|upkeep\n|\n|t:|1700450478\n|switch|p1a: Quaquaval|Quaquaval, F|100\/100\n|turn|12\n|\n|t:|1700450495\n|-terastallize|p1a: Quaquaval|Dark\n|move|p2a: Raichu|Rising Voltage|p1a: Quaquaval\n|-hint|Rising Voltage's BP doubled on grounded target.\n|-damage|p1a: Quaquaval|22\/100\n|-damage|p2a: Raichu|52\/100|[from] item: Life Orb\n|move|p1a: Quaquaval|Knock Off|p2a: Raichu\n|-damage|p2a: Raichu|0 fnt\n|-enditem|p2a: Raichu|Life Orb|[from] move: Knock Off|[of] p1a: Quaquaval\n|faint|p2a: Raichu\n|-ability|p1a: Quaquaval|Moxie|boost\n|-boost|p1a: Quaquaval|atk|1\n|\n|upkeep\n|\n|t:|1700450514\n|switch|p2a: Iron Valiant|Iron Valiant|100\/100\n|-activate|p2a: Iron Valiant|ability: Quark Drive\n|-start|p2a: Iron Valiant|quarkdrivespe\n|turn|13\n|\n|t:|1700450519\n|switch|p1a: Alomomola|Alomomola, F|89\/100\n|move|p2a: Iron Valiant|Moonblast|p1a: Alomomola\n|-damage|p1a: Alomomola|14\/100\n|-damage|p2a: Iron Valiant|91\/100|[from] item: Life Orb\n|\n|upkeep\n|turn|14\n|-message|MasterStone forfeited.\n|\n|win|Yalpur\n|raw|MasterStone's rating: 1529 &rarr; <strong>1520<\/strong><br \/>(-9 for losing)\n|raw|Yalpur's rating: 1755 &rarr; <strong>1764<\/strong><br \/>(+9 for winning)\n|l|\u2606MasterStone\n","uploadtime":1700450533,"views":4,"p1id":"masterstone","p2id":"yalpur","formatid":"gen9nationaldex","rating":1520,"private":0,"password":""}