{"id":"gen9nationaldex-1996276444","p1":"WivernWyvern","p2":"mr Deuzp","format":"[Gen 9] National Dex","log":"|html|<div class=\"broadcast-blue\"><strong>[Gen 9] National Dex is currently suspecting Sneasler! For information on how to participate check out the <a href=\"https:\/\/www.smogon.com\/forums\/threads\/sv-national-dex-suspect-8-just-dance.3731534\/\">suspect thread<\/a>.<\/strong><\/div>\n|j|\u2606WivernWyvern\n|j|\u2606mr Deuzp\n|t:|1700666646\n|gametype|singles\n|player|p1|WivernWyvern|ingo|1229\n|player|p2|mr Deuzp|shadowtriad|1194\n|teamsize|p1|6\n|teamsize|p2|6\n|gen|9\n|tier|[Gen 9] National Dex\n|rated|\n|rule|HP Percentage Mod: HP is shown in percentages\n|rule|Endless Battle Clause: Forcing endless battles is banned\n|rule|OHKO Clause: OHKO moves are banned\n|rule|Evasion Clause: Evasion abilities, items, and moves are banned\n|rule|Evasion Abilities Clause: Evasion abilities are banned\n|rule|Evasion Items Clause: Evasion items are banned\n|rule|Evasion Moves Clause: Evasion moves are banned\n|rule|Species Clause: Limit one of each Pok\u00e9mon\n|rule|Sleep Clause Mod: Limit one foe put to sleep\n|clearpoke\n|poke|p1|Chandelure, F|\n|poke|p1|Sneasler, M|\n|poke|p1|Samurott-Hisui, M|\n|poke|p1|Gliscor, F|\n|poke|p1|Goodra-Hisui, F|\n|poke|p1|Leafeon, M|\n|poke|p2|Gliscor, M|\n|poke|p2|Carracosta, M|\n|poke|p2|Thundurus-Therian, M|\n|poke|p2|Bisharp, M|\n|poke|p2|Sneasler, M|\n|poke|p2|Ninetales-Alola, F|\n|teampreview\n|\n|t:|1700666669\n|start\n|switch|p1a: Goodra|Goodra-Hisui, F|100\/100\n|switch|p2a: Sneasler|Sneasler, M, shiny|100\/100\n|turn|1\n|\n|t:|1700666682\n|move|p2a: Sneasler|Fake Out|p1a: Goodra\n|-resisted|p1a: Goodra\n|-damage|p1a: Goodra|95\/100\n|cant|p1a: Goodra|flinch\n|\n|-heal|p1a: Goodra|100\/100|[from] item: Leftovers\n|upkeep\n|turn|2\n|\n|t:|1700666689\n|move|p2a: Sneasler|Close Combat|p1a: Goodra\n|-supereffective|p1a: Goodra\n|-damage|p1a: Goodra|7\/100\n|-unboost|p2a: Sneasler|def|1\n|-unboost|p2a: Sneasler|spd|1\n|move|p1a: Goodra|Draco Meteor|p2a: Sneasler\n|-damage|p2a: Sneasler|18\/100\n|-unboost|p1a: Goodra|spa|2\n|\n|-heal|p1a: Goodra|13\/100|[from] item: Leftovers\n|upkeep\n|turn|3\n|\n|t:|1700666705\n|move|p2a: Sneasler|Close Combat|p1a: Goodra\n|-supereffective|p1a: Goodra\n|-damage|p1a: Goodra|0 fnt\n|-unboost|p2a: Sneasler|def|1\n|-unboost|p2a: Sneasler|spd|1\n|faint|p1a: Goodra\n|\n|upkeep\n|\n|t:|1700666735\n|switch|p1a: Chandelure|Chandelure, F|100\/100\n|turn|4\n|\n|t:|1700666746\n|move|p1a: Chandelure|Shadow Ball|p2a: Sneasler\n|-damage|p2a: Sneasler|0 fnt\n|faint|p2a: Sneasler\n|\n|upkeep\n|\n|t:|1700666751\n|switch|p2a: Gliscor|Gliscor, M, shiny|100\/100\n|turn|5\n|\n|t:|1700666759\n|switch|p1a: Gliscor|Gliscor, F|100\/100\n|move|p2a: Gliscor|Swords Dance|p2a: Gliscor\n|-boost|p2a: Gliscor|atk|2\n|\n|-status|p2a: Gliscor|tox|[from] item: Toxic Orb\n|-status|p1a: Gliscor|tox|[from] item: Toxic Orb\n|upkeep\n|turn|6\n|\n|t:|1700666767\n|move|p2a: Gliscor|Swords Dance|p2a: Gliscor\n|-boost|p2a: Gliscor|atk|2\n|move|p1a: Gliscor|Stealth Rock|p2a: Gliscor\n|-sidestart|p2: mr Deuzp|move: Stealth Rock\n|\n|upkeep\n|turn|7\n|\n|t:|1700666774\n|switch|p1a: Leafeon|Leafeon, M|100\/100\n|move|p2a: Gliscor|Facade|p1a: Leafeon\n|-damage|p1a: Leafeon|6\/100\n|-damage|p2a: Gliscor|84\/100 tox|[from] item: Rocky Helmet|[of] p1a: Leafeon\n|\n|-heal|p2a: Gliscor|96\/100 tox|[from] ability: Poison Heal\n|upkeep\n|turn|8\n|\n|t:|1700666784\n|move|p2a: Gliscor|X-Scissor|p1a: Leafeon\n|-supereffective|p1a: Leafeon\n|-damage|p1a: Leafeon|0 fnt\n|-damage|p2a: Gliscor|80\/100 tox|[from] item: Rocky Helmet|[of] p1a: Leafeon\n|faint|p1a: Leafeon\n|\n|-heal|p2a: Gliscor|92\/100 tox|[from] ability: Poison Heal\n|upkeep\n|\n|t:|1700666793\n|switch|p1a: Chandelure|Chandelure, F|100\/100\n|turn|9\n|\n|t:|1700666798\n|move|p1a: Chandelure|Overheat|p2a: Gliscor\n|-damage|p2a: Gliscor|0 fnt\n|-unboost|p1a: Chandelure|spa|2\n|faint|p2a: Gliscor\n|\n|upkeep\n|\n|t:|1700666803\n|switch|p2a: Thundurus|Thundurus-Therian, M, shiny|100\/100\n|-damage|p2a: Thundurus|76\/100|[from] Stealth Rock\n|turn|10\n|\n|t:|1700666812\n|switch|p1a: Samurott|Samurott-Hisui, M|100\/100\n|move|p2a: Thundurus|Nasty Plot|p2a: Thundurus\n|-boost|p2a: Thundurus|spa|2\n|\n|upkeep\n|turn|11\n|\n|t:|1700666826\n|-terastallize|p1a: Samurott|Fighting\n|-zpower|p2a: Thundurus\n|move|p2a: Thundurus|All-Out Pummeling|p1a: Samurott|[zeffect]\n|-damage|p1a: Samurott|0 fnt\n|faint|p1a: Samurott\n|\n|upkeep\n|\n|t:|1700666839\n|switch|p1a: Chandelure|Chandelure, F|100\/100\n|turn|12\n|\n|t:|1700666845\n|move|p1a: Chandelure|Overheat|p2a: Thundurus\n|-damage|p2a: Thundurus|0 fnt\n|-unboost|p1a: Chandelure|spa|2\n|faint|p2a: Thundurus\n|\n|upkeep\n|\n|t:|1700666848\n|switch|p2a: Bisharp|Bisharp, M, shiny|100\/100\n|-damage|p2a: Bisharp|95\/100|[from] Stealth Rock\n|turn|13\n|\n|t:|1700666853\n|switch|p1a: Gliscor|Gliscor, F|100\/100 tox\n|move|p2a: Bisharp|Sucker Punch||[still]\n|-fail|p2a: Bisharp\n|\n|upkeep\n|turn|14\n|\n|t:|1700666860\n|-terastallize|p2a: Bisharp|Dark\n|move|p1a: Gliscor|Earthquake|p2a: Bisharp\n|-damage|p2a: Bisharp|74\/100\n|move|p2a: Bisharp|Swords Dance|p2a: Bisharp\n|-boost|p2a: Bisharp|atk|2\n|\n|upkeep\n|turn|15\n|\n|t:|1700666871\n|move|p1a: Gliscor|Earthquake|p2a: Bisharp\n|-damage|p2a: Bisharp|51\/100\n|move|p2a: Bisharp|Knock Off|p1a: Gliscor\n|-damage|p1a: Gliscor|7\/100 tox\n|-enditem|p1a: Gliscor|Toxic Orb|[from] move: Knock Off|[of] p2a: Bisharp\n|\n|-heal|p1a: Gliscor|19\/100 tox|[from] ability: Poison Heal\n|upkeep\n|turn|16\n|\n|t:|1700666880\n|move|p1a: Gliscor|Protect|p1a: Gliscor\n|-singleturn|p1a: Gliscor|Protect\n|move|p2a: Bisharp|Sucker Punch||[still]\n|-fail|p2a: Bisharp\n|\n|-heal|p1a: Gliscor|32\/100 tox|[from] ability: Poison Heal\n|upkeep\n|turn|17\n|\n|t:|1700666887\n|move|p2a: Bisharp|Sucker Punch||[still]\n|-fail|p2a: Bisharp\n|move|p1a: Gliscor|Toxic|p2a: Bisharp|[miss]\n|-miss|p1a: Gliscor|p2a: Bisharp\n|\n|-heal|p1a: Gliscor|44\/100 tox|[from] ability: Poison Heal\n|upkeep\n|turn|18\n|\n|t:|1700666894\n|move|p1a: Gliscor|Protect|p1a: Gliscor\n|-singleturn|p1a: Gliscor|Protect\n|move|p2a: Bisharp|Swords Dance|p2a: Bisharp\n|-boost|p2a: Bisharp|atk|2\n|\n|-heal|p1a: Gliscor|56\/100 tox|[from] ability: Poison Heal\n|upkeep\n|turn|19\n|\n|t:|1700666901\n|move|p1a: Gliscor|Toxic|p2a: Bisharp\n|-status|p2a: Bisharp|tox\n|move|p2a: Bisharp|Knock Off|p1a: Gliscor\n|-damage|p1a: Gliscor|0 fnt\n|faint|p1a: Gliscor\n|\n|-damage|p2a: Bisharp|45\/100 tox|[from] psn\n|upkeep\n|\n|t:|1700666911\n|switch|p1a: Sneasler|Sneasler, M|100\/100\n|turn|20\n|\n|t:|1700666914\n|move|p1a: Sneasler|Fake Out|p2a: Bisharp\n|-enditem|p1a: Sneasler|Normal Gem|[from] gem\n|-damage|p2a: Bisharp|32\/100 tox\n|cant|p2a: Bisharp|flinch\n|\n|-damage|p2a: Bisharp|20\/100 tox|[from] psn\n|upkeep\n|turn|21\n|\n|t:|1700666931\n|move|p2a: Bisharp|Sucker Punch|p1a: Sneasler\n|-resisted|p1a: Sneasler\n|-damage|p1a: Sneasler|0 fnt\n|faint|p1a: Sneasler\n|\n|-damage|p2a: Bisharp|2\/100 tox|[from] psn\n|upkeep\n|\n|t:|1700666937\n|switch|p1a: Chandelure|Chandelure, F|100\/100\n|turn|22\n|\n|t:|1700666944\n|move|p2a: Bisharp|Sucker Punch||[still]\n|-fail|p2a: Bisharp\n|move|p1a: Chandelure|Trick|p2a: Bisharp\n|-activate|p1a: Chandelure|move: Trick|[of] p2a: Bisharp\n|-item|p2a: Bisharp|Choice Scarf|[from] move: Trick\n|-item|p1a: Chandelure|Eviolite|[from] move: Trick\n|\n|-damage|p2a: Bisharp|0 fnt|[from] psn\n|faint|p2a: Bisharp\n|upkeep\n|\n|t:|1700666954\n|switch|p2a: Carracosta|Carracosta, M, shiny|100\/100\n|-damage|p2a: Carracosta|88\/100|[from] Stealth Rock\n|turn|23\n|\n|t:|1700666958\n|move|p2a: Carracosta|Aqua Jet|p1a: Chandelure\n|-supereffective|p1a: Chandelure\n|-damage|p1a: Chandelure|45\/100\n|move|p1a: Chandelure|Energy Ball|p2a: Carracosta\n|-supereffective|p2a: Carracosta\n|-damage|p2a: Carracosta|0 fnt\n|faint|p2a: Carracosta\n|\n|upkeep\n|\n|t:|1700666961\n|switch|p2a: Ninetales|Ninetales-Alola, F, shiny|100\/100\n|-damage|p2a: Ninetales|76\/100|[from] Stealth Rock\n|-weather|Snow|[from] ability: Snow Warning|[of] p2a: Ninetales\n|turn|24\n|\n|t:|1700666969\n|move|p2a: Ninetales|Aurora Veil|p2a: Ninetales\n|-sidestart|p2: mr Deuzp|move: Aurora Veil\n|move|p1a: Chandelure|Overheat|p2a: Ninetales\n|-supereffective|p2a: Ninetales\n|-damage|p2a: Ninetales|0 fnt\n|-unboost|p1a: Chandelure|spa|2\n|faint|p2a: Ninetales\n|\n|win|WivernWyvern\n|raw|WivernWyvern's rating: 1229 &rarr; <strong>1251<\/strong><br \/>(+22 for winning)\n|raw|mr Deuzp's rating: 1194 &rarr; <strong>1172<\/strong><br \/>(-22 for losing)\n|l|\u2606mr Deuzp\n","uploadtime":1700666978,"views":1,"p1id":"wivernwyvern","p2id":"mrdeuzp","formatid":"gen9nationaldex","rating":1172,"private":0,"password":""}