{"id":"gen9nationaldex-1998059684","p1":"Glonxxu","p2":"Bluemunch","format":"[Gen 9] National Dex","log":"|html|<div class=\"broadcast-blue\"><strong>[Gen 9] National Dex is currently suspecting Sneasler! For information on how to participate check out the <a href=\"https:\/\/www.smogon.com\/forums\/threads\/sv-national-dex-suspect-8-just-dance.3731534\/\">suspect thread<\/a>.<\/strong><\/div>\n|j|\u2606Glonxxu\n|j|\u2606Bluemunch\n|t:|1700885113\n|gametype|singles\n|player|p1|Glonxxu|dawn-gen4pt|1280\n|player|p2|Bluemunch|170|1198\n|teamsize|p1|6\n|teamsize|p2|6\n|gen|9\n|tier|[Gen 9] National Dex\n|rated|\n|rule|HP Percentage Mod: HP is shown in percentages\n|rule|Endless Battle Clause: Forcing endless battles is banned\n|rule|OHKO Clause: OHKO moves are banned\n|rule|Evasion Clause: Evasion abilities, items, and moves are banned\n|rule|Evasion Abilities Clause: Evasion abilities are banned\n|rule|Evasion Items Clause: Evasion items are banned\n|rule|Evasion Moves Clause: Evasion moves are banned\n|rule|Species Clause: Limit one of each Pok\u00e9mon\n|rule|Sleep Clause Mod: Limit one foe put to sleep\n|clearpoke\n|poke|p1|Ninetales-Alola, F|\n|poke|p1|Arctozolt|\n|poke|p1|Weavile, M|\n|poke|p1|Froslass, F|\n|poke|p1|Lapras, F|\n|poke|p1|Frosmoth, M|\n|poke|p2|Fezandipiti, M|\n|poke|p2|Slowking-Galar, F|\n|poke|p2|Aurorus, F|\n|poke|p2|Ursaluna, M|\n|poke|p2|Samurott-Hisui, M|\n|poke|p2|Bellibolt, F|\n|teampreview\n|inactive|Battle timer is ON: inactive players will automatically lose when time's up. (requested by Glonxxu)\n|inactive|Bluemunch has 120 seconds left.\n|\n|t:|1700885150\n|start\n|switch|p1a: Ninetales|Ninetales-Alola, F|100\/100\n|switch|p2a: Aurorus|Aurorus, F|100\/100\n|-weather|Snow|[from] ability: Snow Warning|[of] p1a: Ninetales\n|turn|1\n|\n|t:|1700885161\n|switch|p1a: Froslass|Froslass, F|100\/100\n|move|p2a: Aurorus|Aurora Veil|p2a: Aurorus\n|-sidestart|p2: Bluemunch|move: Aurora Veil\n|\n|-weather|Snow|[upkeep]\n|upkeep\n|turn|2\n|\n|t:|1700885170\n|switch|p1a: Lapras|Lapras, F|100\/100\n|move|p2a: Aurorus|Echoed Voice|p1a: Lapras\n|-resisted|p1a: Lapras\n|-damage|p1a: Lapras|99\/100\n|\n|-weather|Snow|[upkeep]\n|upkeep\n|turn|3\n|\n|t:|1700885184\n|switch|p2a: Samurott|Samurott-Hisui, M|100\/100\n|move|p1a: Lapras|Whirlpool|p2a: Samurott\n|-resisted|p2a: Samurott\n|-crit|p2a: Samurott\n|-damage|p2a: Samurott|90\/100\n|-activate|p2a: Samurott|move: Whirlpool|[of] p1a: Lapras\n|\n|-weather|Snow|[upkeep]\n|-damage|p2a: Samurott|78\/100|[from] move: Whirlpool|[partiallytrapped]\n|upkeep\n|turn|4\n|\n|t:|1700885196\n|switch|p1a: Froslass|Froslass, F|100\/100\n|move|p2a: Samurott|Ceaseless Edge|p1a: Froslass\n|-supereffective|p1a: Froslass\n|-damage|p1a: Froslass|0 fnt\n|-start|p2a: Samurott|Disable|Ceaseless Edge|[from] ability: Cursed Body|[of] p1a: Froslass\n|-sidestart|p1: Glonxxu|Spikes\n|faint|p1a: Froslass\n|\n|-weather|Snow|[upkeep]\n|-end|p2a: Samurott|Whirlpool|[partiallytrapped]|[silent]\n|upkeep\n|\n|t:|1700885213\n|switch|p1a: Ninetales|Ninetales-Alola, F|100\/100\n|-damage|p1a: Ninetales|88\/100|[from] Spikes\n|turn|5\n|\n|t:|1700885226\n|switch|p2a: Fezandipiti|Fezandipiti, M|100\/100\n|move|p1a: Ninetales|Freeze-Dry|p2a: Fezandipiti\n|-damage|p2a: Fezandipiti|89\/100\n|\n|-weather|Snow|[upkeep]\n|-sideend|p2: Bluemunch|move: Aurora Veil\n|upkeep\n|turn|6\n|\n|t:|1700885239\n|switch|p1a: Lapras|Lapras, F|99\/100\n|-damage|p1a: Lapras|86\/100|[from] Spikes\n|move|p2a: Fezandipiti|Poison Tail|p1a: Lapras\n|-damage|p1a: Lapras|63\/100\n|-damage|p2a: Fezandipiti|79\/100|[from] item: Life Orb\n|\n|-weather|Snow|[upkeep]\n|upkeep\n|turn|7\n|\n|t:|1700885262\n|switch|p1a: Frosmoth|Frosmoth, M|100\/100\n|-damage|p1a: Frosmoth|88\/100|[from] Spikes\n|move|p2a: Fezandipiti|Double Kick|p1a: Frosmoth\n|-damage|p1a: Frosmoth|68\/100\n|-damage|p1a: Frosmoth|50\/100\n|-hitcount|p1a: Frosmoth|2\n|-damage|p2a: Fezandipiti|69\/100|[from] item: Life Orb\n|\n|-weather|Snow|[upkeep]\n|upkeep\n|turn|8\n|\n|t:|1700885274\n|move|p2a: Fezandipiti|Poison Tail|p1a: Frosmoth\n|-damage|p1a: Frosmoth|0 fnt\n|faint|p1a: Frosmoth\n|-damage|p2a: Fezandipiti|59\/100|[from] item: Life Orb\n|\n|-weather|none\n|upkeep\n|\n|t:|1700885280\n|switch|p1a: Ninetales|Ninetales-Alola, F|88\/100\n|-damage|p1a: Ninetales|76\/100|[from] Spikes\n|-weather|Snow|[from] ability: Snow Warning|[of] p1a: Ninetales\n|turn|9\n|\n|t:|1700885293\n|switch|p1a: Arctozolt|Arctozolt|100\/100\n|-damage|p1a: Arctozolt|88\/100|[from] Spikes\n|move|p2a: Fezandipiti|Poison Tail|p1a: Arctozolt\n|-damage|p1a: Arctozolt|59\/100\n|-damage|p2a: Fezandipiti|49\/100|[from] item: Life Orb\n|\n|-weather|Snow|[upkeep]\n|upkeep\n|turn|10\n|\n|t:|1700885307\n|-terastallize|p1a: Arctozolt|Electric\n|move|p1a: Arctozolt|Bolt Beak|p2a: Fezandipiti\n|-crit|p2a: Fezandipiti\n|-damage|p2a: Fezandipiti|0 fnt\n|faint|p2a: Fezandipiti\n|-damage|p1a: Arctozolt|49\/100|[from] item: Life Orb\n|\n|-weather|Snow|[upkeep]\n|upkeep\n|\n|t:|1700885321\n|switch|p2a: Aurorus|Aurorus, F|100\/100\n|turn|11\n|\n|t:|1700885326\n|move|p1a: Arctozolt|Low Kick|p2a: Aurorus\n|-supereffective|p2a: Aurorus\n|-damage|p2a: Aurorus|0 fnt\n|faint|p2a: Aurorus\n|-damage|p1a: Arctozolt|39\/100|[from] item: Life Orb\n|\n|-weather|Snow|[upkeep]\n|upkeep\n|\n|t:|1700885347\n|switch|p2a: Bellibolt|Bellibolt, F|100\/100\n|turn|12\n|\n|t:|1700885360\n|move|p1a: Arctozolt|Substitute|p1a: Arctozolt\n|-start|p1a: Arctozolt|Substitute\n|-damage|p1a: Arctozolt|14\/100\n|move|p2a: Bellibolt|Parabolic Charge|p1a: Arctozolt\n|-resisted|p1a: Arctozolt\n|-activate|p1a: Arctozolt|move: Substitute|[damage]\n|\n|-weather|Snow|[upkeep]\n|upkeep\n|turn|13\n|\n|t:|1700885370\n|move|p1a: Arctozolt|Low Kick|p2a: Bellibolt\n|-damage|p2a: Bellibolt|70\/100\n|-start|p2a: Bellibolt|Charge|Low Kick|[from] ability: Electromorphosis\n|-damage|p1a: Arctozolt|4\/100|[from] item: Life Orb\n|move|p2a: Bellibolt|Acid Spray|p1a: Arctozolt\n|-end|p1a: Arctozolt|Substitute\n|\n|-weather|Snow|[upkeep]\n|upkeep\n|turn|14\n|\n|t:|1700885382\n|switch|p1a: Lapras|Lapras, F|63\/100\n|-damage|p1a: Lapras|50\/100|[from] Spikes\n|move|p2a: Bellibolt|Sucker Punch||[still]\n|-fail|p2a: Bellibolt\n|\n|-weather|Snow|[upkeep]\n|upkeep\n|turn|15\n|\n|t:|1700885391\n|move|p1a: Lapras|Whirlpool|p2a: Bellibolt\n|-damage|p2a: Bellibolt|64\/100\n|-activate|p2a: Bellibolt|move: Whirlpool|[of] p1a: Lapras\n|-start|p2a: Bellibolt|Charge|Whirlpool|[from] ability: Electromorphosis\n|move|p2a: Bellibolt|Parabolic Charge|p1a: Lapras\n|-supereffective|p1a: Lapras\n|-damage|p1a: Lapras|0 fnt\n|-heal|p2a: Bellibolt|91\/100|[from] drain|[of] p1a: Lapras\n|faint|p1a: Lapras\n|-end|p2a: Bellibolt|Charge|[silent]\n|\n|-weather|Snow|[upkeep]\n|-end|p2a: Bellibolt|Whirlpool|[partiallytrapped]|[silent]\n|upkeep\n|\n|t:|1700885406\n|switch|p1a: Weavile|Weavile, M|100\/100\n|-damage|p1a: Weavile|88\/100|[from] Spikes\n|-ability|p1a: Weavile|Pressure\n|turn|16\n|\n|t:|1700885415\n|move|p1a: Weavile|Knock Off|p2a: Bellibolt\n|-damage|p2a: Bellibolt|26\/100\n|-start|p2a: Bellibolt|Charge|Knock Off|[from] ability: Electromorphosis\n|-enditem|p2a: Bellibolt|Assault Vest|[from] move: Knock Off|[of] p1a: Weavile\n|move|p2a: Bellibolt|Acid Spray|p1a: Weavile\n|-damage|p1a: Weavile|71\/100\n|-unboost|p1a: Weavile|spd|2\n|\n|-weather|none\n|upkeep\n|turn|17\n|\n|t:|1700885424\n|move|p1a: Weavile|Knock Off|p2a: Bellibolt\n|-damage|p2a: Bellibolt|0 fnt\n|faint|p2a: Bellibolt\n|\n|upkeep\n|\n|t:|1700885433\n|switch|p2a: Samurott|Samurott-Hisui, M|78\/100\n|turn|18\n|\n|t:|1700885445\n|move|p1a: Weavile|Knock Off|p2a: Samurott\n|-resisted|p2a: Samurott\n|-damage|p2a: Samurott|30\/100\n|-enditem|p2a: Samurott|Choice Band|[from] move: Knock Off|[of] p1a: Weavile\n|move|p2a: Samurott|Razor Shell|p1a: Weavile\n|-damage|p1a: Weavile|0 fnt\n|faint|p1a: Weavile\n|\n|upkeep\n|\n|t:|1700885455\n|switch|p1a: Ninetales|Ninetales-Alola, F|76\/100\n|-damage|p1a: Ninetales|64\/100|[from] Spikes\n|-weather|Snow|[from] ability: Snow Warning|[of] p1a: Ninetales\n|turn|19\n|\n|t:|1700885471\n|move|p2a: Samurott|Aqua Jet|p1a: Ninetales\n|-damage|p1a: Ninetales|46\/100\n|move|p1a: Ninetales|Freeze-Dry|p2a: Samurott\n|-supereffective|p2a: Samurott\n|-damage|p2a: Samurott|0 fnt\n|faint|p2a: Samurott\n|\n|-weather|Snow|[upkeep]\n|upkeep\n|\n|t:|1700885480\n|switch|p2a: Slowking|Slowking-Galar, F|100\/100\n|turn|20\n|\n|t:|1700885495\n|move|p1a: Ninetales|Blizzard|p2a: Slowking\n|-damage|p2a: Slowking|65\/100\n|move|p2a: Slowking|Sludge Bomb|p1a: Ninetales\n|-supereffective|p1a: Ninetales\n|-damage|p1a: Ninetales|0 fnt\n|faint|p1a: Ninetales\n|\n|-weather|Snow|[upkeep]\n|-heal|p2a: Slowking|71\/100|[from] item: Black Sludge\n|upkeep\n|\n|t:|1700885503\n|switch|p1a: Arctozolt|Arctozolt, tera:Electric|4\/100\n|-damage|p1a: Arctozolt|0 fnt|[from] Spikes\n|faint|p1a: Arctozolt\n|\n|win|Bluemunch\n|raw|Glonxxu's rating: 1280 &rarr; <strong>1249<\/strong><br \/>(-31 for losing)\n|raw|Bluemunch's rating: 1198 &rarr; <strong>1229<\/strong><br \/>(+31 for winning)\n|l|\u2606Bluemunch\n","uploadtime":1700885509,"views":1,"p1id":"glonxxu","p2id":"bluemunch","formatid":"gen9nationaldex","rating":1229,"private":0,"password":""}