{"id":"gen9nationaldex-1996966178","p1":"KK24710","p2":"NDSNEZ Jogo","format":"[Gen 9] National Dex","log":"|html|<div class=\"broadcast-blue\"><strong>[Gen 9] National Dex is currently suspecting Sneasler! For information on how to participate check out the <a href=\"https:\/\/www.smogon.com\/forums\/threads\/sv-national-dex-suspect-8-just-dance.3731534\/\">suspect thread<\/a>.<\/strong><\/div>\n|j|\u2606KK24710\n|j|\u2606NDSNEZ Jogo\n|t:|1700750540\n|gametype|singles\n|player|p1|KK24710|hilda|1409\n|player|p2|NDSNEZ Jogo|allister|1332\n|teamsize|p1|6\n|teamsize|p2|6\n|gen|9\n|tier|[Gen 9] National Dex\n|rated|\n|rule|HP Percentage Mod: HP is shown in percentages\n|rule|Endless Battle Clause: Forcing endless battles is banned\n|rule|OHKO Clause: OHKO moves are banned\n|rule|Evasion Clause: Evasion abilities, items, and moves are banned\n|rule|Evasion Abilities Clause: Evasion abilities are banned\n|rule|Evasion Items Clause: Evasion items are banned\n|rule|Evasion Moves Clause: Evasion moves are banned\n|rule|Species Clause: Limit one of each Pok\u00e9mon\n|rule|Sleep Clause Mod: Limit one foe put to sleep\n|clearpoke\n|poke|p1|Garganacl, M|\n|poke|p1|Volcarona, F|\n|poke|p1|Samurott-Hisui, M|\n|poke|p1|Gliscor, F|\n|poke|p1|Manectric, M|\n|poke|p1|Garchomp, M|\n|poke|p2|Tapu Lele|\n|poke|p2|Sneasler, M|\n|poke|p2|Iron Valiant|\n|poke|p2|Alakazam, M|\n|poke|p2|Dragonite, M|\n|poke|p2|Kartana|\n|teampreview\n|inactive|Battle timer is ON: inactive players will automatically lose when time's up. (requested by KK24710)\n|\n|t:|1700750579\n|start\n|switch|p1a: Manectric|Manectric, M|100\/100\n|switch|p2a: Kartana|Kartana|100\/100\n|turn|1\n|\n|t:|1700750608\n|detailschange|p1a: Manectric|Manectric-Mega, M\n|-mega|p1a: Manectric|Manectric|Manectite\n|-ability|p1a: Manectric|Intimidate|boost\n|-unboost|p2a: Kartana|atk|1\n|move|p2a: Kartana|Leaf Blade|p1a: Manectric\n|-damage|p1a: Manectric|36\/100\n|move|p1a: Manectric|Flamethrower|p2a: Kartana\n|-supereffective|p2a: Kartana\n|-damage|p2a: Kartana|0 fnt\n|faint|p2a: Kartana\n|\n|upkeep\n|inactive|NDSNEZ Jogo has 120 seconds left.\n|\n|t:|1700750623\n|switch|p2a: Tapu Lele|Tapu Lele, shiny|100\/100\n|-fieldstart|move: Psychic Terrain|[from] ability: Psychic Surge|[of] p2a: Tapu Lele\n|turn|2\n|\n|t:|1700750628\n|move|p2a: Tapu Lele|Moonblast|p1a: Manectric\n|-damage|p1a: Manectric|0 fnt\n|faint|p1a: Manectric\n|\n|upkeep\n|\n|t:|1700750632\n|switch|p1a: Volcarona|Volcarona, F|100\/100\n|turn|3\n|\n|t:|1700750653\n|switch|p2a: Dragonite|Dragonite, M|100\/100\n|move|p1a: Volcarona|Quiver Dance|p1a: Volcarona\n|-boost|p1a: Volcarona|spa|1\n|-boost|p1a: Volcarona|spd|1\n|-boost|p1a: Volcarona|spe|1\n|\n|upkeep\n|turn|4\n|\n|t:|1700750660\n|switch|p1a: Garganacl|Garganacl, M|100\/100\n|move|p2a: Dragonite|Dragon Dance|p2a: Dragonite\n|-boost|p2a: Dragonite|atk|1\n|-boost|p2a: Dragonite|spe|1\n|\n|upkeep\n|turn|5\n|\n|t:|1700750662\n|move|p2a: Dragonite|Earthquake|p1a: Garganacl\n|-supereffective|p1a: Garganacl\n|-damage|p1a: Garganacl|21\/100\n|move|p1a: Garganacl|Iron Defense|p1a: Garganacl\n|-boost|p1a: Garganacl|def|2\n|\n|-heal|p1a: Garganacl|27\/100|[from] item: Leftovers\n|upkeep\n|turn|6\n|\n|t:|1700750665\n|move|p1a: Garganacl|Protect|p1a: Garganacl\n|-singleturn|p1a: Garganacl|Protect\n|move|p2a: Dragonite|Earthquake|p1a: Garganacl\n|-activate|p1a: Garganacl|move: Protect\n|\n|-heal|p1a: Garganacl|33\/100|[from] item: Leftovers\n|-fieldend|move: Psychic Terrain\n|upkeep\n|turn|7\n|\n|t:|1700750674\n|-terastallize|p1a: Garganacl|Water\n|move|p2a: Dragonite|Earthquake|p1a: Garganacl\n|-damage|p1a: Garganacl|14\/100\n|move|p1a: Garganacl|Recover|p1a: Garganacl\n|-heal|p1a: Garganacl|64\/100\n|\n|-heal|p1a: Garganacl|70\/100|[from] item: Leftovers\n|upkeep\n|turn|8\n|\n|t:|1700750688\n|move|p2a: Dragonite|Dragon Dance|p2a: Dragonite\n|-boost|p2a: Dragonite|atk|1\n|-boost|p2a: Dragonite|spe|1\n|move|p1a: Garganacl|Iron Defense|p1a: Garganacl\n|-boost|p1a: Garganacl|def|2\n|\n|-heal|p1a: Garganacl|76\/100|[from] item: Leftovers\n|upkeep\n|turn|9\n|\n|t:|1700750693\n|move|p2a: Dragonite|Extreme Speed|p1a: Garganacl\n|-damage|p1a: Garganacl|63\/100\n|move|p1a: Garganacl|Salt Cure|p2a: Dragonite\n|-supereffective|p2a: Dragonite\n|-damage|p2a: Dragonite|84\/100\n|-start|p2a: Dragonite|Salt Cure\n|\n|-heal|p1a: Garganacl|70\/100|[from] item: Leftovers\n|-damage|p2a: Dragonite|72\/100|[from] Salt Cure\n|upkeep\n|turn|10\n|\n|t:|1700750697\n|switch|p2a: Tapu Lele|Tapu Lele, shiny|100\/100\n|-fieldstart|move: Psychic Terrain|[from] ability: Psychic Surge|[of] p2a: Tapu Lele\n|move|p1a: Garganacl|Iron Defense|p1a: Garganacl\n|-boost|p1a: Garganacl|def|2\n|\n|-heal|p1a: Garganacl|76\/100|[from] item: Leftovers\n|upkeep\n|turn|11\n|\n|t:|1700750707\n|move|p1a: Garganacl|Protect|p1a: Garganacl\n|-singleturn|p1a: Garganacl|Protect\n|move|p2a: Tapu Lele|Psychic|p1a: Garganacl\n|-activate|p1a: Garganacl|move: Protect\n|\n|-heal|p1a: Garganacl|82\/100|[from] item: Leftovers\n|upkeep\n|turn|12\n|\n|t:|1700750713\n|switch|p2a: Iron Valiant|Iron Valiant|100\/100\n|-enditem|p2a: Iron Valiant|Booster Energy\n|-activate|p2a: Iron Valiant|ability: Quark Drive|[fromitem]\n|-start|p2a: Iron Valiant|quarkdrivespe\n|move|p1a: Garganacl|Salt Cure|p2a: Iron Valiant\n|-resisted|p2a: Iron Valiant\n|-damage|p2a: Iron Valiant|92\/100\n|-start|p2a: Iron Valiant|Salt Cure\n|\n|-heal|p1a: Garganacl|88\/100|[from] item: Leftovers\n|-damage|p2a: Iron Valiant|79\/100|[from] Salt Cure\n|upkeep\n|turn|13\n|\n|t:|1700750720\n|move|p2a: Iron Valiant|Thunderbolt|p1a: Garganacl\n|-supereffective|p1a: Garganacl\n|-damage|p1a: Garganacl|50\/100\n|move|p1a: Garganacl|Salt Cure|p2a: Iron Valiant\n|-resisted|p2a: Iron Valiant\n|-damage|p2a: Iron Valiant|71\/100\n|\n|-heal|p1a: Garganacl|56\/100|[from] item: Leftovers\n|-damage|p2a: Iron Valiant|59\/100|[from] Salt Cure\n|upkeep\n|turn|14\n|\n|t:|1700750728\n|-terastallize|p2a: Iron Valiant|Fairy\n|move|p1a: Garganacl|Protect|p1a: Garganacl\n|-singleturn|p1a: Garganacl|Protect\n|move|p2a: Iron Valiant|Moonblast|p1a: Garganacl\n|-activate|p1a: Garganacl|move: Protect\n|\n|-heal|p1a: Garganacl|62\/100|[from] item: Leftovers\n|-damage|p2a: Iron Valiant|46\/100|[from] Salt Cure\n|-fieldend|move: Psychic Terrain\n|upkeep\n|turn|15\n|\n|t:|1700750736\n|switch|p1a: Volcarona|Volcarona, F|100\/100\n|move|p2a: Iron Valiant|Moonblast|p1a: Volcarona\n|-resisted|p1a: Volcarona\n|-damage|p1a: Volcarona|71\/100\n|\n|-damage|p2a: Iron Valiant|34\/100|[from] Salt Cure\n|upkeep\n|turn|16\n|\n|t:|1700750745\n|-end|p2a: Iron Valiant|Quark Drive|[silent]\n|switch|p2a: Sneasler|Sneasler, M, shiny|100\/100\n|move|p1a: Volcarona|Fiery Dance|p2a: Sneasler\n|-damage|p2a: Sneasler|45\/100\n|-boost|p1a: Volcarona|spa|1\n|\n|upkeep\n|turn|17\n|\n|t:|1700750750\n|switch|p1a: Gliscor|Gliscor, F|100\/100\n|move|p2a: Sneasler|Dire Claw|p1a: Gliscor\n|-resisted|p1a: Gliscor\n|-damage|p1a: Gliscor|83\/100\n|\n|-status|p1a: Gliscor|tox|[from] item: Toxic Orb\n|upkeep\n|turn|18\n|\n|t:|1700750755\n|switch|p2a: Dragonite|Dragonite, M|72\/100\n|move|p1a: Gliscor|Toxic|p2a: Dragonite\n|-status|p2a: Dragonite|tox\n|\n|-damage|p2a: Dragonite|66\/100 tox|[from] psn\n|-heal|p1a: Gliscor|96\/100 tox|[from] ability: Poison Heal\n|upkeep\n|turn|19\n|\n|t:|1700750760\n|switch|p1a: Garganacl|Garganacl, M, tera:Water|62\/100\n|move|p2a: Dragonite|Dragon Dance|p2a: Dragonite\n|-boost|p2a: Dragonite|atk|1\n|-boost|p2a: Dragonite|spe|1\n|\n|-heal|p1a: Garganacl|68\/100|[from] item: Leftovers\n|-damage|p2a: Dragonite|53\/100 tox|[from] psn\n|upkeep\n|turn|20\n|\n|t:|1700750763\n|move|p2a: Dragonite|Extreme Speed|p1a: Garganacl\n|-damage|p1a: Garganacl|39\/100\n|move|p1a: Garganacl|Iron Defense|p1a: Garganacl\n|-boost|p1a: Garganacl|def|2\n|\n|-heal|p1a: Garganacl|45\/100|[from] item: Leftovers\n|-damage|p2a: Dragonite|35\/100 tox|[from] psn\n|upkeep\n|turn|21\n|\n|t:|1700750768\n|switch|p2a: Alakazam|Alakazam, M|100\/100\n|move|p1a: Garganacl|Protect||[still]\n|-fail|p1a: Garganacl\n|\n|-heal|p1a: Garganacl|51\/100|[from] item: Leftovers\n|upkeep\n|turn|22\n|\n|t:|1700750773\n|switch|p1a: Gliscor|Gliscor, F|96\/100 tox\n|move|p2a: Alakazam|Psychic|p1a: Gliscor\n|-damage|p1a: Gliscor|55\/100 tox\n|\n|-heal|p1a: Gliscor|68\/100 tox|[from] ability: Poison Heal\n|upkeep\n|turn|23\n|\n|t:|1700750783\n|switch|p2a: Dragonite|Dragonite, M|35\/100 tox\n|switch|p1a: Samurott|Samurott-Hisui, M|100\/100\n|\n|-damage|p2a: Dragonite|29\/100 tox|[from] psn\n|upkeep\n|turn|24\n|\n|t:|1700750788\n|move|p2a: Dragonite|Extreme Speed|p1a: Samurott\n|-damage|p1a: Samurott|62\/100\n|move|p1a: Samurott|Ceaseless Edge|p2a: Dragonite\n|-damage|p2a: Dragonite|0 fnt\n|-sidestart|p2: NDSNEZ Jogo|Spikes\n|faint|p2a: Dragonite\n|\n|upkeep\n|\n|t:|1700750797\n|switch|p2a: Tapu Lele|Tapu Lele, shiny|100\/100\n|-damage|p2a: Tapu Lele|88\/100|[from] Spikes\n|-fieldstart|move: Psychic Terrain|[from] ability: Psychic Surge|[of] p2a: Tapu Lele\n|turn|25\n|\n|t:|1700750809\n|switch|p1a: Gliscor|Gliscor, F|68\/100 tox\n|move|p2a: Tapu Lele|Moonblast|p1a: Gliscor\n|-damage|p1a: Gliscor|27\/100 tox\n|\n|-heal|p1a: Gliscor|40\/100 tox|[from] ability: Poison Heal\n|upkeep\n|turn|26\n|\n|t:|1700750814\n|move|p1a: Gliscor|Protect|p1a: Gliscor\n|-singleturn|p1a: Gliscor|Protect\n|move|p2a: Tapu Lele|Moonblast|p1a: Gliscor\n|-activate|p1a: Gliscor|move: Protect\n|\n|-heal|p1a: Gliscor|52\/100 tox|[from] ability: Poison Heal\n|upkeep\n|turn|27\n|\n|t:|1700750832\n|switch|p2a: Sneasler|Sneasler, M, shiny|45\/100\n|-damage|p2a: Sneasler|33\/100|[from] Spikes\n|-enditem|p2a: Sneasler|Psychic Seed\n|-boost|p2a: Sneasler|spd|1|[from] item: Psychic Seed\n|move|p1a: Gliscor|Earthquake|p2a: Sneasler\n|-supereffective|p2a: Sneasler\n|-damage|p2a: Sneasler|0 fnt\n|faint|p2a: Sneasler\n|\n|-heal|p1a: Gliscor|65\/100 tox|[from] ability: Poison Heal\n|upkeep\n|\n|t:|1700750841\n|switch|p2a: Alakazam|Alakazam, M|100\/100\n|turn|28\n|\n|t:|1700750846\n|move|p2a: Alakazam|Nasty Plot|p2a: Alakazam\n|-boost|p2a: Alakazam|spa|2\n|move|p1a: Gliscor|Toxic|p2a: Alakazam|[miss]\n|-miss|p1a: Gliscor|p2a: Alakazam\n|\n|-heal|p1a: Gliscor|77\/100 tox|[from] ability: Poison Heal\n|upkeep\n|turn|29\n|\n|t:|1700750852\n|move|p2a: Alakazam|Psychic|p1a: Gliscor\n|-damage|p1a: Gliscor|0 fnt\n|faint|p1a: Gliscor\n|\n|-fieldend|move: Psychic Terrain\n|upkeep\n|\n|t:|1700750865\n|switch|p1a: Volcarona|Volcarona, F|71\/100\n|turn|30\n|\n|t:|1700750872\n|move|p2a: Alakazam|Psychic|p1a: Volcarona\n|-damage|p1a: Volcarona|0 fnt\n|faint|p1a: Volcarona\n|\n|upkeep\n|\n|t:|1700750874\n|switch|p1a: Samurott|Samurott-Hisui, M|62\/100\n|turn|31\n|\n|t:|1700750881\n|move|p2a: Alakazam|Focus Blast|p1a: Samurott|[miss]\n|-miss|p2a: Alakazam|p1a: Samurott\n|move|p1a: Samurott|Ceaseless Edge|p2a: Alakazam\n|-supereffective|p2a: Alakazam\n|-enditem|p2a: Alakazam|Focus Sash\n|-damage|p2a: Alakazam|1\/100\n|-sidestart|p2: NDSNEZ Jogo|Spikes\n|\n|upkeep\n|turn|32\n|\n|t:|1700750885\n|move|p1a: Samurott|Aqua Jet|p2a: Alakazam\n|-damage|p2a: Alakazam|0 fnt\n|faint|p2a: Alakazam\n|\n|upkeep\n|\n|t:|1700750892\n|switch|p2a: Tapu Lele|Tapu Lele, shiny|88\/100\n|-damage|p2a: Tapu Lele|72\/100|[from] Spikes\n|-fieldstart|move: Psychic Terrain|[from] ability: Psychic Surge|[of] p2a: Tapu Lele\n|turn|33\n|\n|t:|1700750903\n|move|p2a: Tapu Lele|Moonblast|p1a: Samurott\n|-supereffective|p1a: Samurott\n|-damage|p1a: Samurott|0 fnt\n|faint|p1a: Samurott\n|\n|upkeep\n|\n|t:|1700750905\n|switch|p1a: Garganacl|Garganacl, M, tera:Water|51\/100\n|turn|34\n|\n|t:|1700750909\n|move|p2a: Tapu Lele|Moonblast|p1a: Garganacl\n|-damage|p1a: Garganacl|22\/100\n|move|p1a: Garganacl|Recover|p1a: Garganacl\n|-heal|p1a: Garganacl|72\/100\n|\n|-heal|p1a: Garganacl|78\/100|[from] item: Leftovers\n|upkeep\n|turn|35\n|\n|t:|1700750912\n|move|p2a: Tapu Lele|Moonblast|p1a: Garganacl\n|-damage|p1a: Garganacl|46\/100\n|move|p1a: Garganacl|Salt Cure|p2a: Tapu Lele\n|-damage|p2a: Tapu Lele|48\/100\n|-start|p2a: Tapu Lele|Salt Cure\n|\n|-heal|p1a: Garganacl|52\/100|[from] item: Leftovers\n|-damage|p2a: Tapu Lele|36\/100|[from] Salt Cure\n|upkeep\n|turn|36\n|c|\u2606NDSNEZ Jogo|gg\n|\n|t:|1700750916\n|move|p2a: Tapu Lele|Moonblast|p1a: Garganacl\n|-damage|p1a: Garganacl|20\/100\n|move|p1a: Garganacl|Recover|p1a: Garganacl\n|-heal|p1a: Garganacl|70\/100\n|\n|-heal|p1a: Garganacl|76\/100|[from] item: Leftovers\n|-damage|p2a: Tapu Lele|23\/100|[from] Salt Cure\n|upkeep\n|turn|37\n|\n|t:|1700750920\n|move|p2a: Tapu Lele|Moonblast|p1a: Garganacl\n|-damage|p1a: Garganacl|45\/100\n|move|p1a: Garganacl|Salt Cure|p2a: Tapu Lele\n|-damage|p2a: Tapu Lele|2\/100\n|\n|-heal|p1a: Garganacl|51\/100|[from] item: Leftovers\n|-damage|p2a: Tapu Lele|0 fnt|[from] Salt Cure\n|faint|p2a: Tapu Lele\n|-fieldend|move: Psychic Terrain\n|upkeep\n|c|\u2606KK24710|not yet\n|\n|t:|1700750932\n|switch|p2a: Iron Valiant|Iron Valiant, tera:Fairy|34\/100\n|-damage|p2a: Iron Valiant|17\/100|[from] Spikes\n|turn|38\n|\n|t:|1700750939\n|move|p2a: Iron Valiant|Moonblast|p1a: Garganacl\n|-damage|p1a: Garganacl|8\/100\n|-unboost|p1a: Garganacl|spa|1\n|move|p1a: Garganacl|Salt Cure|p2a: Iron Valiant\n|-damage|p2a: Iron Valiant|0 fnt\n|faint|p2a: Iron Valiant\n|-end|p2a: Iron Valiant|Quark Drive|[silent]\n|\n|win|KK24710\n|raw|KK24710's rating: 1409 &rarr; <strong>1425<\/strong><br \/>(+16 for winning)\n|raw|NDSNEZ Jogo's rating: 1332 &rarr; <strong>1316<\/strong><br \/>(-16 for losing)\n|c|\u2606KK24710|GG now tho\n|l|\u2606NDSNEZ Jogo\n","uploadtime":1700750963,"views":8,"p1id":"kk24710","p2id":"ndsnezjogo","formatid":"gen9nationaldex","rating":1316,"private":0,"password":""}