{"id":"gen9nationaldex-1990943177","p1":"GABRIEL_HU","p2":"mdlbhex","format":"[Gen 9] National Dex","log":"|j|\u2606GABRIEL_HU\n|j|\u2606mdlbhex\n|t:|1700017902\n|gametype|singles\n|player|p1|GABRIEL_HU|guitarist|1391\n|player|p2|mdlbhex|iris-gen5bw2|1253\n|teamsize|p1|6\n|teamsize|p2|6\n|gen|9\n|tier|[Gen 9] National Dex\n|rated|\n|rule|HP Percentage Mod: HP is shown in percentages\n|rule|Endless Battle Clause: Forcing endless battles is banned\n|rule|OHKO Clause: OHKO moves are banned\n|rule|Evasion Clause: Evasion abilities, items, and moves are banned\n|rule|Evasion Abilities Clause: Evasion abilities are banned\n|rule|Evasion Items Clause: Evasion items are banned\n|rule|Evasion Moves Clause: Evasion moves are banned\n|rule|Species Clause: Limit one of each Pok\u00e9mon\n|rule|Sleep Clause Mod: Limit one foe put to sleep\n|clearpoke\n|poke|p1|Garganacl, M|\n|poke|p1|Greninja-*, M|\n|poke|p1|Zapdos|\n|poke|p1|Great Tusk|\n|poke|p1|Heatran, F|\n|poke|p1|Scizor, F|\n|poke|p2|Ninetales-Alola, F|\n|poke|p2|Scizor, F|\n|poke|p2|Ogerpon-Wellspring, F|\n|poke|p2|Arcanine-Hisui, F|\n|poke|p2|Maushold|\n|poke|p2|Kommo-o, F|\n|teampreview\n|inactive|Battle timer is ON: inactive players will automatically lose when time's up. (requested by GABRIEL_HU)\n|\n|t:|1700017911\n|start\n|switch|p1a: Heatran|Heatran, F|100\/100\n|switch|p2a: QB|Ninetales-Alola, F|100\/100\n|-weather|Snow|[from] ability: Snow Warning|[of] p2a: QB\n|turn|1\n|\n|t:|1700017919\n|move|p2a: QB|Aurora Veil|p2a: QB\n|-sidestart|p2: mdlbhex|move: Aurora Veil\n|move|p1a: Heatran|Magma Storm|p2a: QB|[miss]\n|-miss|p1a: Heatran|p2a: QB\n|\n|-weather|Snow|[upkeep]\n|upkeep\n|turn|2\n|\n|t:|1700017924\n|move|p2a: QB|Encore|p1a: Heatran\n|-start|p1a: Heatran|Encore\n|move|p1a: Heatran|Magma Storm|p2a: QB\n|-supereffective|p2a: QB\n|-damage|p2a: QB|52\/100\n|-activate|p2a: QB|move: Magma Storm|[of] p1a: Heatran\n|\n|-weather|Snow|[upkeep]\n|-damage|p2a: QB|40\/100|[from] move: Magma Storm|[partiallytrapped]\n|upkeep\n|turn|3\n|\n|t:|1700017934\n|move|p2a: QB|Blizzard|p1a: Heatran\n|-resisted|p1a: Heatran\n|-damage|p1a: Heatran|96\/100\n|move|p1a: Heatran|Magma Storm|p2a: QB|[miss]\n|-miss|p1a: Heatran|p2a: QB\n|\n|-weather|Snow|[upkeep]\n|-damage|p2a: QB|28\/100|[from] move: Magma Storm|[partiallytrapped]\n|upkeep\n|turn|4\n|\n|t:|1700017945\n|move|p2a: QB|Blizzard|p1a: Heatran\n|-resisted|p1a: Heatran\n|-damage|p1a: Heatran|90\/100\n|move|p1a: Heatran|Magma Storm|p2a: QB\n|-supereffective|p2a: QB\n|-damage|p2a: QB|0 fnt\n|faint|p2a: QB\n|\n|-weather|Snow|[upkeep]\n|-end|p1a: Heatran|Encore\n|upkeep\n|\n|t:|1700017957\n|switch|p2a: Kommo-o|Kommo-o, F|100\/100\n|turn|5\n|\n|t:|1700017960\n|move|p1a: Heatran|Protect|p1a: Heatran\n|-singleturn|p1a: Heatran|Protect\n|-zpower|p2a: Kommo-o\n|move|p2a: Kommo-o|Clangorous Soulblaze|p1a: Heatran|[zeffect]\n|-resisted|p1a: Heatran\n|-zbroken|p1a: Heatran\n|-damage|p1a: Heatran|85\/100\n|-boost|p2a: Kommo-o|atk|1\n|-boost|p2a: Kommo-o|def|1\n|-boost|p2a: Kommo-o|spa|1\n|-boost|p2a: Kommo-o|spd|1\n|-boost|p2a: Kommo-o|spe|1\n|\n|-weather|none\n|upkeep\n|turn|6\n|\n|t:|1700017977\n|move|p2a: Kommo-o|Clangorous Soul|p2a: Kommo-o\n|-boost|p2a: Kommo-o|atk|1\n|-boost|p2a: Kommo-o|def|1\n|-boost|p2a: Kommo-o|spa|1\n|-boost|p2a: Kommo-o|spd|1\n|-boost|p2a: Kommo-o|spe|1\n|-damage|p2a: Kommo-o|68\/100\n|move|p1a: Heatran|Toxic|p2a: Kommo-o\n|-status|p2a: Kommo-o|tox\n|\n|-damage|p2a: Kommo-o|61\/100 tox|[from] psn\n|upkeep\n|turn|7\n|\n|t:|1700017987\n|move|p1a: Heatran|Protect|p1a: Heatran\n|-singleturn|p1a: Heatran|Protect\n|move|p2a: Kommo-o|Drain Punch|p1a: Heatran\n|-activate|p1a: Heatran|move: Protect\n|\n|-damage|p2a: Kommo-o|49\/100 tox|[from] psn\n|upkeep\n|turn|8\n|\n|t:|1700017996\n|switch|p1a: Zapdos|Zapdos|100\/100\n|move|p2a: Kommo-o|Drain Punch|p1a: Zapdos\n|-resisted|p1a: Zapdos\n|-damage|p1a: Zapdos|74\/100\n|-heal|p2a: Kommo-o|66\/100 tox|[from] drain|[of] p1a: Zapdos\n|\n|-damage|p2a: Kommo-o|48\/100 tox|[from] psn\n|-sideend|p2: mdlbhex|move: Aurora Veil\n|upkeep\n|turn|9\n|\n|t:|1700018005\n|move|p2a: Kommo-o|Clanging Scales|p1a: Zapdos\n|-damage|p1a: Zapdos|0 fnt\n|faint|p1a: Zapdos\n|-unboost|p2a: Kommo-o|def|1\n|\n|-damage|p2a: Kommo-o|23\/100 tox|[from] psn\n|upkeep\n|\n|t:|1700018012\n|switch|p1a: Scizor|Scizor, F|100\/100\n|turn|10\n|\n|t:|1700018016\n|detailschange|p1a: Scizor|Scizor-Mega, F\n|-mega|p1a: Scizor|Scizor|Scizorite\n|move|p1a: Scizor|Bullet Punch|p2a: Kommo-o\n|-damage|p2a: Kommo-o|4\/100 tox\n|move|p2a: Kommo-o|Drain Punch|p1a: Scizor\n|-damage|p1a: Scizor|59\/100\n|-heal|p2a: Kommo-o|28\/100 tox|[from] drain|[of] p1a: Scizor\n|\n|-damage|p2a: Kommo-o|0 fnt|[from] psn\n|faint|p2a: Kommo-o\n|upkeep\n|\n|t:|1700018035\n|switch|p2a: \u6025\u901f\u5b50\u5f39\u62f3|Scizor, F|100\/100\n|turn|11\n|\n|t:|1700018039\n|detailschange|p2a: \u6025\u901f\u5b50\u5f39\u62f3|Scizor-Mega, F\n|-mega|p2a: \u6025\u901f\u5b50\u5f39\u62f3|Scizor|Scizorite\n|move|p1a: Scizor|U-turn|p2a: \u6025\u901f\u5b50\u5f39\u62f3\n|-resisted|p2a: \u6025\u901f\u5b50\u5f39\u62f3\n|-damage|p2a: \u6025\u901f\u5b50\u5f39\u62f3|87\/100\n|\n|t:|1700018046\n|switch|p1a: Garganacl|Garganacl, M, shiny|100\/100|[from] U-turn\n|move|p2a: \u6025\u901f\u5b50\u5f39\u62f3|Dual Wingbeat|p1a: Garganacl\n|-resisted|p1a: Garganacl\n|-damage|p1a: Garganacl|92\/100\n|-resisted|p1a: Garganacl\n|-damage|p1a: Garganacl|83\/100\n|-hitcount|p1a: Garganacl|2\n|\n|-heal|p1a: Garganacl|89\/100|[from] item: Leftovers\n|upkeep\n|turn|12\n|\n|t:|1700018057\n|-terastallize|p1a: Garganacl|Water\n|move|p2a: \u6025\u901f\u5b50\u5f39\u62f3|Knock Off|p1a: Garganacl\n|-damage|p1a: Garganacl|62\/100\n|-enditem|p1a: Garganacl|Leftovers|[from] move: Knock Off|[of] p2a: \u6025\u901f\u5b50\u5f39\u62f3\n|move|p1a: Garganacl|Salt Cure|p2a: \u6025\u901f\u5b50\u5f39\u62f3\n|-damage|p2a: \u6025\u901f\u5b50\u5f39\u62f3|77\/100\n|-start|p2a: \u6025\u901f\u5b50\u5f39\u62f3|Salt Cure\n|\n|-damage|p2a: \u6025\u901f\u5b50\u5f39\u62f3|52\/100|[from] Salt Cure\n|upkeep\n|turn|13\n|\n|t:|1700018067\n|switch|p2a: Ogerpon|Ogerpon-Wellspring, F|100\/100\n|move|p1a: Garganacl|Recover|p1a: Garganacl\n|-heal|p1a: Garganacl|100\/100\n|\n|upkeep\n|turn|14\n|\n|t:|1700018073\n|switch|p1a: Scizor|Scizor-Mega, F|59\/100\n|move|p2a: Ogerpon|Trailblaze|p1a: Scizor\n|-resisted|p1a: Scizor\n|-damage|p1a: Scizor|54\/100\n|-boost|p2a: Ogerpon|spe|1\n|\n|upkeep\n|turn|15\n|\n|t:|1700018082\n|-terastallize|p2a: Ogerpon|Water\n|detailschange|p2a: Ogerpon|Ogerpon-Wellspring-Tera, F, tera:Water\n|-ability|p2a: Ogerpon|Embody Aspect (Wellspring)|boost\n|-boost|p2a: Ogerpon|spd|1\n|move|p2a: Ogerpon|Ivy Cudgel|p1a: Scizor|[anim] Ivy Cudgel Water\n|-crit|p1a: Scizor\n|-damage|p1a: Scizor|0 fnt\n|faint|p1a: Scizor\n|\n|upkeep\n|\n|t:|1700018090\n|switch|p1a: Garganacl|Garganacl, M, shiny, tera:Water|100\/100\n|turn|16\n|\n|t:|1700018093\n|move|p2a: Ogerpon|Horn Leech|p1a: Garganacl\n|-supereffective|p1a: Garganacl\n|-crit|p1a: Garganacl\n|-damage|p1a: Garganacl|2\/100\n|move|p1a: Garganacl|Salt Cure|p2a: Ogerpon\n|-damage|p2a: Ogerpon|82\/100\n|-start|p2a: Ogerpon|Salt Cure\n|\n|-damage|p2a: Ogerpon|57\/100|[from] Salt Cure\n|upkeep\n|turn|17\n|\n|t:|1700018102\n|switch|p1a: Heatran|Heatran, F|85\/100\n|move|p2a: Ogerpon|Trailblaze|p1a: Heatran\n|-resisted|p1a: Heatran\n|-damage|p1a: Heatran|79\/100\n|-boost|p2a: Ogerpon|spe|1\n|-damage|p2a: Ogerpon|40\/100|[from] item: Rocky Helmet|[of] p1a: Heatran\n|\n|-damage|p2a: Ogerpon|15\/100|[from] Salt Cure\n|upkeep\n|turn|18\n|c|\u2606GABRIEL_HU|ct\u3002\u3002\u3002\n|c|\u2606GABRIEL_HU|hurt\n|\n|t:|1700018115\n|switch|p2a: \u706b\u63a8\u7684\u5b69\u5b50|Arcanine-Hisui, F, shiny|100\/100\n|move|p1a: Heatran|Protect||[still]\n|-fail|p1a: Heatran\n|\n|upkeep\n|turn|19\n|\n|t:|1700018125\n|move|p2a: \u706b\u63a8\u7684\u5b69\u5b50|Double-Edge|p1a: Heatran\n|-resisted|p1a: Heatran\n|-damage|p1a: Heatran|64\/100\n|-damage|p2a: \u706b\u63a8\u7684\u5b69\u5b50|84\/100|[from] item: Rocky Helmet|[of] p1a: Heatran\n|move|p1a: Heatran|Toxic|p2a: \u706b\u63a8\u7684\u5b69\u5b50|[miss]\n|-miss|p1a: Heatran|p2a: \u706b\u63a8\u7684\u5b69\u5b50\n|\n|upkeep\n|turn|20\n|\n|t:|1700018136\n|switch|p2a: Ogerpon|Ogerpon-Wellspring-Tera, F, tera:Water|15\/100\n|-ability|p2a: Ogerpon|Embody Aspect (Wellspring)|boost\n|-boost|p2a: Ogerpon|spd|1\n|move|p1a: Heatran|Stealth Rock|p2a: Ogerpon\n|-sidestart|p2: mdlbhex|move: Stealth Rock\n|\n|upkeep\n|turn|21\n|\n|t:|1700018143\n|move|p1a: Heatran|Protect|p1a: Heatran\n|-singleturn|p1a: Heatran|Protect\n|move|p2a: Ogerpon|Ivy Cudgel|p1a: Heatran|[anim] Ivy Cudgel Water\n|-activate|p1a: Heatran|move: Protect\n|\n|upkeep\n|turn|22\n|\n|t:|1700018151\n|switch|p1a: Greninja|Greninja, M|100\/100\n|move|p2a: Ogerpon|Ivy Cudgel|p1a: Greninja|[anim] Ivy Cudgel Water\n|-resisted|p1a: Greninja\n|-damage|p1a: Greninja|30\/100\n|\n|upkeep\n|turn|23\n|\n|t:|1700018157\n|move|p1a: Greninja|Dark Pulse|p2a: Ogerpon\n|-damage|p2a: Ogerpon|0 fnt\n|faint|p2a: Ogerpon\n|-ability|p1a: Greninja|Battle Bond|boost\n|-boost|p1a: Greninja|atk|1\n|-boost|p1a: Greninja|spa|1\n|-boost|p1a: Greninja|spe|1\n|-activate|p1a: Greninja|ability: Battle Bond\n|-damage|p1a: Greninja|20\/100|[from] item: Life Orb\n|\n|upkeep\n|\n|t:|1700018167\n|switch|p2a: \u706b\u63a8\u7684\u5b69\u5b50|Arcanine-Hisui, F, shiny|84\/100\n|turn|24\n|\n|t:|1700018170\n|move|p2a: \u706b\u63a8\u7684\u5b69\u5b50|Extreme Speed|p1a: Greninja\n|-damage|p1a: Greninja|0 fnt\n|faint|p1a: Greninja\n|\n|upkeep\n|\n|t:|1700018175\n|switch|p1a: Great Tusk|Great Tusk|100\/100\n|turn|25\n|\n|t:|1700018182\n|move|p1a: Great Tusk|Headlong Rush|p2a: \u706b\u63a8\u7684\u5b69\u5b50\n|-supereffective|p2a: \u706b\u63a8\u7684\u5b69\u5b50\n|-damage|p2a: \u706b\u63a8\u7684\u5b69\u5b50|0 fnt\n|-unboost|p1a: Great Tusk|def|1\n|-unboost|p1a: Great Tusk|spd|1\n|faint|p2a: \u706b\u63a8\u7684\u5b69\u5b50\n|\n|upkeep\n|\n|t:|1700018188\n|switch|p2a: Maushold|Maushold|100\/100\n|-damage|p2a: Maushold|88\/100|[from] Stealth Rock\n|turn|26\n|\n|t:|1700018193\n|-end|p1a: Great Tusk|Protosynthesis|[silent]\n|switch|p1a: Heatran|Heatran, F|64\/100\n|move|p2a: Maushold|Population Bomb|p1a: Heatran\n|-resisted|p1a: Heatran\n|-damage|p1a: Heatran|59\/100\n|-damage|p2a: Maushold|71\/100|[from] item: Rocky Helmet|[of] p1a: Heatran\n|-resisted|p1a: Heatran\n|-damage|p1a: Heatran|55\/100\n|-damage|p2a: Maushold|55\/100|[from] item: Rocky Helmet|[of] p1a: Heatran\n|-resisted|p1a: Heatran\n|-damage|p1a: Heatran|50\/100\n|-damage|p2a: Maushold|38\/100|[from] item: Rocky Helmet|[of] p1a: Heatran\n|-resisted|p1a: Heatran\n|-damage|p1a: Heatran|46\/100\n|-damage|p2a: Maushold|22\/100|[from] item: Rocky Helmet|[of] p1a: Heatran\n|-resisted|p1a: Heatran\n|-damage|p1a: Heatran|40\/100\n|-damage|p2a: Maushold|5\/100|[from] item: Rocky Helmet|[of] p1a: Heatran\n|-resisted|p1a: Heatran\n|-damage|p1a: Heatran|36\/100\n|-damage|p2a: Maushold|0 fnt|[from] item: Rocky Helmet|[of] p1a: Heatran\n|faint|p2a: Maushold\n|-hitcount|p1a: Heatran|6\n|\n|upkeep\n|-message|mdlbhex forfeited.\n|\n|win|GABRIEL_HU\n|raw|GABRIEL_HU's rating: 1391 &rarr; <strong>1403<\/strong><br \/>(+12 for winning)\n|raw|mdlbhex's rating: 1253 &rarr; <strong>1237<\/strong><br \/>(-16 for losing)\n|l|\u2606mdlbhex\n","uploadtime":1700018199,"views":4,"p1id":"gabrielhu","p2id":"mdlbhex","formatid":"gen9nationaldex","rating":1237,"private":0,"password":""}