{"id":"gen9nationaldex-2000415271","p1":"Reeses Puffys","p2":"LeafStormHimNotMe","format":"[Gen 9] National Dex","log":"|html|<div class=\"broadcast-blue\"><strong>[Gen 9] National Dex is currently suspecting Sneasler! For information on how to participate check out the <a href=\"https:\/\/www.smogon.com\/forums\/threads\/sv-national-dex-suspect-8-just-dance.3731534\/\">suspect thread<\/a>.<\/strong><\/div>\n|j|\u2606Reeses Puffys\n|j|\u2606LeafStormHimNotMe\n|t:|1701192891\n|gametype|singles\n|player|p1|Reeses Puffys|bruno|1000\n|player|p2|LeafStormHimNotMe|iris-gen5bw2|1000\n|teamsize|p1|6\n|teamsize|p2|6\n|gen|9\n|tier|[Gen 9] National Dex\n|rated|\n|rule|HP Percentage Mod: HP is shown in percentages\n|rule|Endless Battle Clause: Forcing endless battles is banned\n|rule|OHKO Clause: OHKO moves are banned\n|rule|Evasion Clause: Evasion abilities, items, and moves are banned\n|rule|Evasion Abilities Clause: Evasion abilities are banned\n|rule|Evasion Items Clause: Evasion items are banned\n|rule|Evasion Moves Clause: Evasion moves are banned\n|rule|Species Clause: Limit one of each Pok\u00e9mon\n|rule|Sleep Clause Mod: Limit one foe put to sleep\n|clearpoke\n|poke|p1|Arbok, F|\n|poke|p1|Diancie|\n|poke|p1|Darmanitan, F|\n|poke|p1|Decidueye, F|\n|poke|p1|Swampert, F|\n|poke|p1|Chandelure, M|\n|poke|p2|Umbreon, M|\n|poke|p2|Espeon, M|\n|poke|p2|Jolteon, F|\n|poke|p2|Leafeon, F|\n|poke|p2|Glaceon, F|\n|poke|p2|Sylveon, M|\n|teampreview\n|c|\u2606Reeses Puffys|good team\n|\n|t:|1701192901\n|start\n|switch|p1a: Pinky|Swampert, F, shiny|100\/100\n|switch|p2a: Leafeon|Leafeon, F|100\/100\n|turn|1\n|c|\u2606LeafStormHimNotMe|ty u2\n|\n|t:|1701192913\n|switch|p1a: Darman|Darmanitan, F, shiny|100\/100\n|move|p2a: Leafeon|Leaf Blade|p1a: Darman\n|-resisted|p1a: Darman\n|-damage|p1a: Darman|77\/100\n|\n|upkeep\n|turn|2\n|\n|t:|1701192921\n|move|p2a: Leafeon|Protect|p2a: Leafeon\n|-singleturn|p2a: Leafeon|Protect\n|move|p1a: Darman|Flare Blitz|p2a: Leafeon\n|-activate|p2a: Leafeon|move: Protect\n|\n|upkeep\n|turn|3\n|\n|t:|1701192941\n|-terastallize|p2a: Leafeon|Water\n|move|p1a: Darman|Flare Blitz|p2a: Leafeon\n|-resisted|p2a: Leafeon\n|-damage|p2a: Leafeon|83\/100\n|-damage|p1a: Darman|72\/100|[from] Recoil\n|move|p2a: Leafeon|Tera Blast|p1a: Darman|[anim] Tera Blast Water\n|-supereffective|p1a: Darman\n|-damage|p1a: Darman|0 fnt\n|faint|p1a: Darman\n|\n|upkeep\n|\n|t:|1701192950\n|switch|p1a: Owl|Decidueye, F, shiny|100\/100\n|turn|4\n|\n|t:|1701192963\n|switch|p2a: Umbreon|Umbreon, M|100\/100\n|-zpower|p1a: Owl\n|move|p1a: Owl|Sinister Arrow Raid|p2a: Umbreon|[zeffect]\n|-resisted|p2a: Umbreon\n|-damage|p2a: Umbreon|69\/100\n|\n|-heal|p2a: Umbreon|75\/100|[from] item: Leftovers\n|upkeep\n|turn|5\n|\n|t:|1701192979\n|switch|p1a: Pinky|Swampert, F, shiny|100\/100\n|move|p2a: Umbreon|Toxic|p1a: Pinky\n|-status|p1a: Pinky|tox\n|\n|-heal|p2a: Umbreon|81\/100|[from] item: Leftovers\n|-damage|p1a: Pinky|94\/100 tox|[from] psn\n|upkeep\n|turn|6\n|\n|t:|1701192985\n|switch|p2a: Espeon|Espeon, M|100\/100\n|move|p1a: Pinky|Rain Dance|p1a: Pinky\n|-weather|RainDance\n|\n|-weather|RainDance|[upkeep]\n|-heal|p1a: Pinky|100\/100 tox|[from] item: Leftovers\n|-damage|p1a: Pinky|88\/100 tox|[from] psn\n|upkeep\n|turn|7\n|\n|t:|1701192997\n|-terastallize|p1a: Pinky|Water\n|move|p2a: Espeon|Trick|p1a: Pinky\n|-activate|p2a: Espeon|move: Trick|[of] p1a: Pinky\n|-item|p1a: Pinky|Choice Specs|[from] move: Trick\n|-item|p2a: Espeon|Leftovers|[from] move: Trick\n|move|p1a: Pinky|Iron Tail|p2a: Espeon\n|-damage|p2a: Espeon|43\/100\n|\n|-weather|RainDance|[upkeep]\n|-heal|p2a: Espeon|49\/100|[from] item: Leftovers\n|-damage|p1a: Pinky|70\/100 tox|[from] psn\n|upkeep\n|turn|8\n|\n|t:|1701193017\n|move|p2a: Espeon|Psyshock|p1a: Pinky\n|-damage|p1a: Pinky|27\/100 tox\n|move|p1a: Pinky|Iron Tail|p2a: Espeon|[miss]\n|-miss|p1a: Pinky|p2a: Espeon\n|\n|-weather|RainDance|[upkeep]\n|-heal|p2a: Espeon|55\/100|[from] item: Leftovers\n|-damage|p1a: Pinky|3\/100 tox|[from] psn\n|upkeep\n|turn|9\n|c|\u2606LeafStormHimNotMe|unlucky\n|\n|t:|1701193034\n|move|p2a: Espeon|Psyshock|p1a: Pinky\n|-damage|p1a: Pinky|0 fnt\n|faint|p1a: Pinky\n|\n|-weather|RainDance|[upkeep]\n|-heal|p2a: Espeon|61\/100|[from] item: Leftovers\n|upkeep\n|\n|t:|1701193043\n|switch|p1a: Owl|Decidueye, F, shiny|100\/100\n|turn|10\n|\n|t:|1701193048\n|move|p2a: Espeon|Shadow Ball|p1a: Owl\n|-supereffective|p1a: Owl\n|-damage|p1a: Owl|46\/100\n|move|p1a: Owl|Spirit Shackle|p2a: Espeon\n|-supereffective|p2a: Espeon\n|-crit|p2a: Espeon\n|-damage|p2a: Espeon|0 fnt\n|faint|p2a: Espeon\n|\n|-weather|none\n|upkeep\n|\n|t:|1701193062\n|switch|p2a: Jolteon|Jolteon, F|100\/100\n|turn|11\n|\n|t:|1701193067\n|move|p2a: Jolteon|Volt Switch|p1a: Owl\n|-resisted|p1a: Owl\n|-damage|p1a: Owl|29\/100\n|\n|t:|1701193075\n|switch|p2a: Umbreon|Umbreon, M|81\/100|[from] Volt Switch\n|move|p1a: Owl|Spirit Shackle|p2a: Umbreon\n|-resisted|p2a: Umbreon\n|-damage|p2a: Umbreon|68\/100\n|-activate|p2a: Umbreon|trapped\n|\n|-heal|p2a: Umbreon|74\/100|[from] item: Leftovers\n|upkeep\n|turn|12\n|\n|t:|1701193086\n|switch|p1a: Rock head|Diancie|100\/100\n|move|p2a: Umbreon|Toxic|p1a: Rock head\n|-status|p1a: Rock head|tox\n|\n|-heal|p2a: Umbreon|80\/100|[from] item: Leftovers\n|-damage|p1a: Rock head|95\/100 tox|[from] psn\n|upkeep\n|turn|13\n|\n|t:|1701193098\n|detailschange|p1a: Rock head|Diancie-Mega\n|-mega|p1a: Rock head|Diancie|Diancite\n|move|p1a: Rock head|Diamond Storm|p2a: Umbreon\n|-damage|p2a: Umbreon|35\/100\n|-boost|p1a: Rock head|def|2\n|move|p2a: Umbreon|Wish|p2a: Umbreon\n|\n|-heal|p2a: Umbreon|41\/100|[from] item: Leftovers\n|-damage|p1a: Rock head|83\/100 tox|[from] psn\n|upkeep\n|turn|14\n|\n|t:|1701193106\n|move|p2a: Umbreon|Protect|p2a: Umbreon\n|-singleturn|p2a: Umbreon|Protect\n|move|p1a: Rock head|Diamond Storm|p2a: Umbreon\n|-activate|p2a: Umbreon|move: Protect\n|\n|-heal|p2a: Umbreon|91\/100|[from] move: Wish|[wisher] Umbreon\n|-heal|p2a: Umbreon|97\/100|[from] item: Leftovers\n|-damage|p1a: Rock head|65\/100 tox|[from] psn\n|upkeep\n|turn|15\n|\n|t:|1701193110\n|move|p1a: Rock head|Draining Kiss|p2a: Umbreon\n|-supereffective|p2a: Umbreon\n|-damage|p2a: Umbreon|69\/100\n|-heal|p1a: Rock head|94\/100 tox|[from] drain|[of] p2a: Umbreon\n|move|p2a: Umbreon|Wish|p2a: Umbreon\n|\n|-heal|p2a: Umbreon|75\/100|[from] item: Leftovers\n|-damage|p1a: Rock head|70\/100 tox|[from] psn\n|upkeep\n|turn|16\n|\n|t:|1701193116\n|move|p1a: Rock head|Dazzling Gleam|p2a: Umbreon\n|-supereffective|p2a: Umbreon\n|-damage|p2a: Umbreon|34\/100\n|move|p2a: Umbreon|Foul Play|p1a: Rock head\n|-resisted|p1a: Rock head\n|-damage|p1a: Rock head|55\/100 tox\n|\n|-heal|p2a: Umbreon|84\/100|[from] move: Wish|[wisher] Umbreon\n|-heal|p2a: Umbreon|90\/100|[from] item: Leftovers\n|-damage|p1a: Rock head|25\/100 tox|[from] psn\n|upkeep\n|turn|17\n|c|\u2606LeafStormHimNotMe|i see this lasting a while\n|\n|t:|1701193130\n|move|p2a: Umbreon|Protect|p2a: Umbreon\n|-singleturn|p2a: Umbreon|Protect\n|move|p1a: Rock head|Dazzling Gleam|p2a: Umbreon\n|-activate|p2a: Umbreon|move: Protect\n|\n|-heal|p2a: Umbreon|96\/100|[from] item: Leftovers\n|-damage|p1a: Rock head|0 fnt|[from] psn\n|faint|p1a: Rock head\n|upkeep\n|c|\u2606LeafStormHimNotMe|nvm toxic stacks up fast\n|\n|t:|1701193138\n|switch|p1a: Strike and Mike|Arbok, F, shiny|100\/100\n|-ability|p1a: Strike and Mike|Intimidate|boost\n|-fail|p2a: Umbreon|unboost|Attack|[from] ability: Inner Focus|[of] p2a: Umbreon\n|turn|18\n|\n|t:|1701193145\n|move|p2a: Umbreon|Protect|p2a: Umbreon\n|-singleturn|p2a: Umbreon|Protect\n|move|p1a: Strike and Mike|Earthquake|p2a: Umbreon\n|-activate|p2a: Umbreon|move: Protect\n|\n|-heal|p2a: Umbreon|100\/100|[from] item: Leftovers\n|upkeep\n|turn|19\n|\n|t:|1701193150\n|move|p1a: Strike and Mike|Earthquake|p2a: Umbreon\n|-damage|p2a: Umbreon|78\/100\n|move|p2a: Umbreon|Wish|p2a: Umbreon\n|\n|-heal|p2a: Umbreon|85\/100|[from] item: Leftovers\n|upkeep\n|turn|20\n|\n|t:|1701193158\n|switch|p2a: Leafeon|Leafeon, F, tera:Water|83\/100\n|move|p1a: Strike and Mike|Ice Fang|p2a: Leafeon\n|-resisted|p2a: Leafeon\n|-damage|p2a: Leafeon|77\/100\n|\n|-heal|p2a: Leafeon|100\/100|[from] move: Wish|[wisher] Umbreon\n|upkeep\n|turn|21\n|\n|t:|1701193166\n|move|p1a: Strike and Mike|Sludge Wave|p2a: Leafeon\n|-damage|p2a: Leafeon|68\/100\n|move|p2a: Leafeon|Tera Blast|p1a: Strike and Mike|[anim] Tera Blast Water\n|-crit|p1a: Strike and Mike\n|-damage|p1a: Strike and Mike|35\/100\n|\n|-heal|p1a: Strike and Mike|41\/100|[from] item: Leftovers\n|upkeep\n|turn|22\n|\n|t:|1701193173\n|move|p1a: Strike and Mike|Sludge Wave|p2a: Leafeon\n|-damage|p2a: Leafeon|32\/100\n|move|p2a: Leafeon|Tera Blast|p1a: Strike and Mike|[anim] Tera Blast Water\n|-damage|p1a: Strike and Mike|0 fnt\n|faint|p1a: Strike and Mike\n|\n|upkeep\n|\n|t:|1701193180\n|switch|p1a: Owl|Decidueye, F, shiny|29\/100\n|turn|23\n|\n|t:|1701193183\n|move|p2a: Leafeon|Tera Blast|p1a: Owl|[anim] Tera Blast Water\n|-resisted|p1a: Owl\n|-damage|p1a: Owl|9\/100\n|move|p1a: Owl|Giga Drain|p2a: Leafeon\n|-supereffective|p2a: Leafeon\n|-damage|p2a: Leafeon|0 fnt\n|-heal|p1a: Owl|24\/100|[from] drain|[of] p2a: Leafeon\n|faint|p2a: Leafeon\n|\n|upkeep\n|\n|t:|1701193191\n|switch|p2a: Jolteon|Jolteon, F|100\/100\n|turn|24\n|\n|t:|1701193198\n|move|p2a: Jolteon|Thunderbolt|p1a: Owl\n|-resisted|p1a: Owl\n|-damage|p1a: Owl|3\/100\n|move|p1a: Owl|Acrobatics|p2a: Jolteon\n|-resisted|p2a: Jolteon\n|-damage|p2a: Jolteon|85\/100\n|\n|upkeep\n|turn|25\n|\n|t:|1701193204\n|move|p2a: Jolteon|Volt Switch|p1a: Owl\n|-resisted|p1a: Owl\n|-damage|p1a: Owl|0 fnt\n|faint|p1a: Owl\n|\n|t:|1701193215\n|switch|p2a: Umbreon|Umbreon, M|85\/100|[from] Volt Switch\n|\n|-heal|p2a: Umbreon|91\/100|[from] item: Leftovers\n|upkeep\n|c|\u2606Reeses Puffys|i thought u would use volt switch\n|\n|t:|1701193222\n|switch|p1a: fash fire boy|Chandelure, M, shiny|100\/100\n|turn|26\n|\n|t:|1701193229\n|move|p1a: fash fire boy|Flare Blitz|p2a: Umbreon\n|-damage|p2a: Umbreon|64\/100\n|-damage|p1a: fash fire boy|89\/100|[from] Recoil\n|move|p2a: Umbreon|Toxic|p1a: fash fire boy\n|-status|p1a: fash fire boy|tox\n|\n|-heal|p1a: fash fire boy|95\/100 tox|[from] item: Leftovers\n|-heal|p2a: Umbreon|70\/100|[from] item: Leftovers\n|-damage|p1a: fash fire boy|89\/100 tox|[from] psn\n|upkeep\n|turn|27\n|c|\u2606Reeses Puffys|gg\n|c|\u2606LeafStormHimNotMe|physical chandelure?\n|c|\u2606LeafStormHimNotMe|chandelure is a special attacker-\n|c|\u2606Reeses Puffys|yeah just now realizing that\n|c|\u2606Reeses Puffys|lol\n|c|\u2606Reeses Puffys|im stupied\n|-message|Reeses Puffys forfeited.\n|\n|win|LeafStormHimNotMe\n|raw|Reeses Puffys's rating: 1000 &rarr; <strong>1000<\/strong><br \/>(+0 for losing)\n|raw|LeafStormHimNotMe's rating: 1000 &rarr; <strong>1040<\/strong><br \/>(+40 for winning)\n|l|\u2606Reeses Puffys\n|c|\u2606LeafStormHimNotMe|it's okay, we all make mistakes\n|c|\u2606LeafStormHimNotMe|gg\n","uploadtime":1701193276,"views":9,"p1id":"reesespuffys","p2id":"leafstormhimnotme","formatid":"gen9nationaldex","rating":1000,"private":0,"password":""}