{"id":"gen9nationaldex-1993503503","p1":"Railgun_Rival","p2":"mii_again","format":"[Gen 9] National Dex","log":"|j|\u2606Railgun_Rival\n|j|\u2606mii_again\n|t:|1700325607\n|gametype|singles\n|player|p1|Railgun_Rival|giovanni|\n|player|p2|mii_again|265|\n|teamsize|p1|6\n|teamsize|p2|6\n|gen|9\n|tier|[Gen 9] National Dex\n|rule|HP Percentage Mod: HP is shown in percentages\n|rule|Endless Battle Clause: Forcing endless battles is banned\n|rule|OHKO Clause: OHKO moves are banned\n|rule|Evasion Clause: Evasion abilities, items, and moves are banned\n|rule|Evasion Abilities Clause: Evasion abilities are banned\n|rule|Evasion Items Clause: Evasion items are banned\n|rule|Evasion Moves Clause: Evasion moves are banned\n|rule|Species Clause: Limit one of each Pok\u00e9mon\n|rule|Sleep Clause Mod: Limit one foe put to sleep\n|clearpoke\n|poke|p1|Volcarona, M|\n|poke|p1|Ferrothorn, M|\n|poke|p1|Great Tusk|\n|poke|p1|Rotom-Wash|\n|poke|p1|Dragonite, M|\n|poke|p1|Tapu Koko|\n|poke|p2|Bidoof, F|\n|poke|p2|Rattata, L1, M|\n|poke|p2|Victini|\n|poke|p2|Magikarp, F|\n|poke|p2|Gyarados, M|\n|poke|p2|Sawsbuck, M|\n|teampreview\n|j| Mr60Gold\n|c| Mr60Gold|Go you 2!\n|c|\u2606mii_again|im going to go, into the sun\n|\n|t:|1700325642\n|start\n|switch|p1a: Cetus|Rotom-Wash|100\/100\n|switch|p2a: Bidoof|Bidoof, F|100\/100\n|turn|1\n|\n|t:|1700325659\n|move|p2a: Bidoof|Protect|p2a: Bidoof\n|-singleturn|p2a: Bidoof|Protect\n|move|p1a: Cetus|Thunder Wave|p2a: Bidoof\n|-activate|p2a: Bidoof|move: Protect\n|\n|upkeep\n|turn|2\n|\n|t:|1700325665\n|move|p1a: Cetus|Thunder Wave|p2a: Bidoof|[miss]\n|-miss|p1a: Cetus|p2a: Bidoof\n|move|p2a: Bidoof|Yawn|p1a: Cetus\n|-start|p1a: Cetus|move: Yawn|[of] p2a: Bidoof\n|\n|upkeep\n|turn|3\n|\n|t:|1700325684\n|move|p2a: Bidoof|Protect|p2a: Bidoof\n|-singleturn|p2a: Bidoof|Protect\n|move|p1a: Cetus|Volt Switch|p2a: Bidoof\n|-activate|p2a: Bidoof|move: Protect\n|\n|-end|p1a: Cetus|move: Yawn|[silent]\n|-status|p1a: Cetus|slp\n|upkeep\n|turn|4\n|\n|t:|1700325696\n|cant|p1a: Cetus|slp\n|move|p2a: Bidoof|Yawn||[still]\n|-fail|p2a: Bidoof\n|\n|upkeep\n|turn|5\n|\n|t:|1700325703\n|cant|p1a: Cetus|slp\n|move|p2a: Bidoof|Super Fang|p1a: Cetus\n|-damage|p1a: Cetus|51\/100 slp\n|\n|-heal|p1a: Cetus|57\/100 slp|[from] item: Leftovers\n|upkeep\n|turn|6\n|\n|t:|1700325712\n|cant|p1a: Cetus|slp\n|move|p2a: Bidoof|Super Fang|p1a: Cetus\n|-damage|p1a: Cetus|29\/100 slp\n|\n|-heal|p1a: Cetus|35\/100 slp|[from] item: Leftovers\n|upkeep\n|turn|7\n|\n|t:|1700325718\n|-curestatus|p1a: Cetus|slp|[msg]\n|move|p1a: Cetus|Thunder Wave|p2a: Bidoof\n|-status|p2a: Bidoof|par\n|cant|p2a: Bidoof|par\n|\n|-heal|p1a: Cetus|41\/100|[from] item: Leftovers\n|upkeep\n|turn|8\n|\n|t:|1700325727\n|move|p2a: Bidoof|Protect|p2a: Bidoof\n|-singleturn|p2a: Bidoof|Protect\n|move|p1a: Cetus|Hydro Pump|p2a: Bidoof\n|-activate|p2a: Bidoof|move: Protect\n|\n|-heal|p1a: Cetus|47\/100|[from] item: Leftovers\n|upkeep\n|turn|9\n|\n|t:|1700325734\n|move|p1a: Cetus|Hydro Pump|p2a: Bidoof\n|-damage|p2a: Bidoof|50\/100 par\n|cant|p2a: Bidoof|par\n|\n|-heal|p1a: Cetus|54\/100|[from] item: Leftovers\n|upkeep\n|turn|10\n|\n|t:|1700325744\n|cant|p2a: Bidoof|par\n|move|p1a: Cetus|Hydro Pump|p2a: Bidoof|[miss]\n|-miss|p1a: Cetus|p2a: Bidoof\n|\n|-heal|p1a: Cetus|60\/100|[from] item: Leftovers\n|upkeep\n|turn|11\n|\n|t:|1700325756\n|move|p1a: Cetus|Hydro Pump|p2a: Bidoof\n|-damage|p2a: Bidoof|0 fnt\n|faint|p2a: Bidoof\n|\n|-heal|p1a: Cetus|66\/100|[from] item: Leftovers\n|upkeep\n|\n|t:|1700325764\n|switch|p2a: Magikarp|Magikarp, F|100\/100\n|turn|12\n|\n|t:|1700325772\n|move|p1a: Cetus|Volt Switch|p2a: Magikarp\n|-supereffective|p2a: Magikarp\n|-damage|p2a: Magikarp|0 fnt\n|faint|p2a: Magikarp\n|\n|t:|1700325793\n|switch|p1a: Vulcan|Ferrothorn, M, shiny|100\/100|[from] Volt Switch\n|\n|upkeep\n|\n|t:|1700325806\n|switch|p2a: Sawsbuck|Sawsbuck, M|100\/100\n|turn|13\n|\n|t:|1700325811\n|move|p2a: Sawsbuck|Zen Headbutt|p1a: Vulcan\n|-resisted|p1a: Vulcan\n|-damage|p1a: Vulcan|91\/100\n|-damage|p2a: Sawsbuck|88\/100|[from] ability: Iron Barbs|[of] p1a: Vulcan\n|-damage|p2a: Sawsbuck|78\/100|[from] item: Life Orb\n|move|p1a: Vulcan|Knock Off|p2a: Sawsbuck\n|-damage|p2a: Sawsbuck|46\/100\n|-enditem|p2a: Sawsbuck|Life Orb|[from] move: Knock Off|[of] p1a: Vulcan\n|\n|-heal|p1a: Vulcan|97\/100|[from] item: Leftovers\n|upkeep\n|turn|14\n|\n|t:|1700325822\n|move|p2a: Sawsbuck|Zen Headbutt|p1a: Vulcan\n|-resisted|p1a: Vulcan\n|-damage|p1a: Vulcan|89\/100\n|-damage|p2a: Sawsbuck|34\/100|[from] ability: Iron Barbs|[of] p1a: Vulcan\n|cant|p1a: Vulcan|flinch\n|\n|-heal|p1a: Vulcan|95\/100|[from] item: Leftovers\n|upkeep\n|turn|15\n|\n|t:|1700325839\n|move|p2a: Sawsbuck|Zen Headbutt|p1a: Vulcan|[miss]\n|-miss|p2a: Sawsbuck|p1a: Vulcan\n|move|p1a: Vulcan|Stealth Rock|p2a: Sawsbuck\n|-sidestart|p2: mii_again|move: Stealth Rock\n|\n|-heal|p1a: Vulcan|100\/100|[from] item: Leftovers\n|upkeep\n|turn|16\n|\n|t:|1700325852\n|move|p2a: Sawsbuck|High Horsepower|p1a: Vulcan\n|-damage|p1a: Vulcan|82\/100\n|-damage|p2a: Sawsbuck|21\/100|[from] ability: Iron Barbs|[of] p1a: Vulcan\n|move|p1a: Vulcan|Stealth Rock||[still]\n|-fail|p1a: Vulcan\n|\n|-heal|p1a: Vulcan|88\/100|[from] item: Leftovers\n|upkeep\n|turn|17\n|\n|t:|1700325862\n|move|p2a: Sawsbuck|Agility|p2a: Sawsbuck\n|-boost|p2a: Sawsbuck|spe|2\n|move|p1a: Vulcan|Stealth Rock||[still]\n|-fail|p1a: Vulcan\n|\n|-heal|p1a: Vulcan|94\/100|[from] item: Leftovers\n|upkeep\n|turn|18\n|\n|t:|1700325869\n|move|p2a: Sawsbuck|Agility|p2a: Sawsbuck\n|-boost|p2a: Sawsbuck|spe|2\n|move|p1a: Vulcan|Iron Head|p2a: Sawsbuck\n|-damage|p2a: Sawsbuck|0 fnt\n|faint|p2a: Sawsbuck\n|\n|-heal|p1a: Vulcan|100\/100|[from] item: Leftovers\n|upkeep\n|\n|t:|1700325883\n|switch|p2a: Victini|Victini|100\/100\n|-damage|p2a: Victini|76\/100|[from] Stealth Rock\n|turn|19\n|\n|t:|1700325891\n|switch|p1a: Cetus|Rotom-Wash|66\/100\n|move|p2a: Victini|Fusion Bolt|p1a: Cetus\n|-damage|p1a: Cetus|28\/100\n|-damage|p2a: Victini|66\/100|[from] item: Life Orb\n|\n|-heal|p1a: Cetus|34\/100|[from] item: Leftovers\n|upkeep\n|turn|20\n|\n|t:|1700325910\n|switch|p1a: Atlas|Great Tusk|100\/100\n|move|p2a: Victini|Fusion Flare|p1a: Atlas\n|-damage|p1a: Atlas|62\/100\n|-damage|p2a: Victini|56\/100|[from] item: Life Orb\n|\n|upkeep\n|turn|21\n|\n|t:|1700325919\n|move|p2a: Victini|Fusion Bolt|p1a: Atlas\n|-immune|p1a: Atlas\n|move|p1a: Atlas|Headlong Rush|p2a: Victini\n|-supereffective|p2a: Victini\n|-damage|p2a: Victini|0 fnt\n|-unboost|p1a: Atlas|def|1\n|-unboost|p1a: Atlas|spd|1\n|faint|p2a: Victini\n|\n|upkeep\n|\n|t:|1700325928\n|switch|p2a: Rattata|Rattata, L1, M, shiny|100\/100\n|-damage|p2a: Rattata|91\/100|[from] Stealth Rock\n|turn|22\n|\n|t:|1700325965\n|move|p1a: Atlas|Rapid Spin|p2a: Rattata\n|-damage|p2a: Rattata|0 fnt\n|-boost|p1a: Atlas|spe|1\n|faint|p2a: Rattata\n|\n|upkeep\n|\n|t:|1700325971\n|switch|p2a: Gyarados|Gyarados, M|100\/100\n|-damage|p2a: Gyarados|76\/100|[from] Stealth Rock\n|-ability|p2a: Gyarados|Intimidate|boost\n|-unboost|p1a: Atlas|atk|1\n|turn|23\n|\n|t:|1700325980\n|move|p1a: Atlas|Knock Off|p2a: Gyarados\n|-damage|p2a: Gyarados|55\/100\n|move|p2a: Gyarados|Dragon Dance|p2a: Gyarados\n|-boost|p2a: Gyarados|atk|1\n|-boost|p2a: Gyarados|spe|1\n|\n|upkeep\n|turn|24\n|\n|t:|1700326001\n|-end|p1a: Atlas|Protosynthesis|[silent]\n|switch|p1a: Cetus|Rotom-Wash|34\/100\n|move|p2a: Gyarados|Crunch|p1a: Cetus\n|-damage|p1a: Cetus|0 fnt\n|faint|p1a: Cetus\n|\n|upkeep\n|\n|t:|1700326007\n|switch|p1a: Keraunos|Tapu Koko|100\/100\n|-fieldstart|move: Electric Terrain|[from] ability: Electric Surge|[of] p1a: Keraunos\n|turn|25\n|\n|t:|1700326018\n|move|p1a: Keraunos|Thunderbolt|p2a: Gyarados\n|-supereffective|p2a: Gyarados\n|-damage|p2a: Gyarados|0 fnt\n|faint|p2a: Gyarados\n|\n|win|Railgun_Rival\n","uploadtime":1700326033,"views":6,"p1id":"railgunrival","p2id":"miiagain","formatid":"gen9nationaldex","rating":0,"private":0,"password":""}