{"id":"gen9nationaldex-1993757040","p1":"NotAmazingYT","p2":"joeauthoritys","format":"[Gen 9] National Dex","log":"|j|\u2606NotAmazingYT\n|j|\u2606joeauthoritys\n|t:|1700353613\n|gametype|singles\n|player|p1|NotAmazingYT|170|1199\n|player|p2|joeauthoritys|roxanne|1193\n|teamsize|p1|6\n|teamsize|p2|6\n|gen|9\n|tier|[Gen 9] National Dex\n|rated|\n|rule|HP Percentage Mod: HP is shown in percentages\n|rule|Endless Battle Clause: Forcing endless battles is banned\n|rule|OHKO Clause: OHKO moves are banned\n|rule|Evasion Clause: Evasion abilities, items, and moves are banned\n|rule|Evasion Abilities Clause: Evasion abilities are banned\n|rule|Evasion Items Clause: Evasion items are banned\n|rule|Evasion Moves Clause: Evasion moves are banned\n|rule|Species Clause: Limit one of each Pok\u00e9mon\n|rule|Sleep Clause Mod: Limit one foe put to sleep\n|clearpoke\n|poke|p1|Garchomp, M|\n|poke|p1|Gliscor, M|\n|poke|p1|Zoroark-Hisui, M|\n|poke|p1|Weavile, M|\n|poke|p1|Heatran, M|\n|poke|p1|Manaphy|\n|poke|p2|Exploud, M|\n|poke|p2|Urshifu-*, M|\n|poke|p2|Kartana|\n|poke|p2|Cinderace, M|\n|poke|p2|Heracross, M|\n|poke|p2|Aegislash, M|\n|teampreview\n|inactive|Battle timer is ON: inactive players will automatically lose when time's up. (requested by joeauthoritys)\n|\n|t:|1700353628\n|start\n|switch|p1a: Heatran|Heatran, M|100\/100\n|switch|p2a: Heracross|Heracross, M|100\/100\n|turn|1\n|\n|t:|1700353645\n|switch|p2a: Exploud|Exploud, M|100\/100\n|-terastallize|p1a: Heatran|Flying\n|move|p1a: Heatran|Stealth Rock|p2a: Exploud\n|-sidestart|p2: joeauthoritys|move: Stealth Rock\n|\n|upkeep\n|turn|2\n|\n|t:|1700353657\n|move|p1a: Heatran|Magma Storm|p2a: Exploud|[miss]\n|-miss|p1a: Heatran|p2a: Exploud\n|move|p2a: Exploud|Boomburst|p1a: Heatran\n|-damage|p1a: Heatran|56\/100\n|-enditem|p2a: Exploud|Throat Spray\n|-boost|p2a: Exploud|spa|1|[from] item: Throat Spray\n|\n|-heal|p1a: Heatran|62\/100|[from] item: Leftovers\n|upkeep\n|turn|3\n|\n|t:|1700353668\n|switch|p1a: Weavile|Weavile, M|100\/100\n|move|p2a: Exploud|Boomburst|p1a: Weavile\n|-damage|p1a: Weavile|0 fnt\n|replace|p1a: Zoroark|Zoroark-Hisui, M\n|-end|p1a: Zoroark|Illusion\n|faint|p1a: Zoroark\n|\n|upkeep\n|\n|t:|1700353685\n|switch|p1a: Weavile|Weavile, M|100\/100\n|-ability|p1a: Weavile|Pressure\n|turn|4\n|\n|t:|1700353694\n|move|p1a: Weavile|Triple Axel|p2a: Exploud\n|-damage|p2a: Exploud|83\/100\n|-damage|p2a: Exploud|50\/100\n|-damage|p2a: Exploud|0 fnt\n|faint|p2a: Exploud\n|-hitcount|p2: Exploud|3\n|\n|upkeep\n|\n|t:|1700353704\n|switch|p2a: Aegislash|Aegislash, M|100\/100\n|-damage|p2a: Aegislash|94\/100|[from] Stealth Rock\n|turn|5\n|\n|t:|1700353715\n|switch|p1a: Gliscor|Gliscor, M|100\/100\n|-formechange|p2a: Aegislash|Aegislash-Blade||[from] ability: Stance Change\n|move|p2a: Aegislash|Iron Head|p1a: Gliscor\n|-damage|p1a: Gliscor|70\/100\n|\n|-heal|p2a: Aegislash|100\/100|[from] item: Leftovers\n|-status|p1a: Gliscor|tox|[from] item: Toxic Orb\n|upkeep\n|turn|6\n|inactive|joeauthoritys has 120 seconds left.\n|\n|t:|1700353746\n|switch|p2a: Heracross|Heracross, M|100\/100\n|-damage|p2a: Heracross|88\/100|[from] Stealth Rock\n|move|p1a: Gliscor|Earthquake|p2a: Heracross\n|-resisted|p2a: Heracross\n|-damage|p2a: Heracross|69\/100\n|\n|-heal|p1a: Gliscor|82\/100 tox|[from] ability: Poison Heal\n|upkeep\n|turn|7\n|\n|t:|1700353754\n|detailschange|p2a: Heracross|Heracross-Mega, M\n|-mega|p2a: Heracross|Heracross|Heracronite\n|move|p1a: Gliscor|Toxic|p2a: Heracross\n|-status|p2a: Heracross|tox\n|move|p2a: Heracross|Swords Dance|p2a: Heracross\n|-boost|p2a: Heracross|atk|2\n|\n|-heal|p1a: Gliscor|95\/100 tox|[from] ability: Poison Heal\n|-damage|p2a: Heracross|63\/100 tox|[from] psn\n|upkeep\n|turn|8\n|inactive|joeauthoritys has 120 seconds left.\n|\n|t:|1700353772\n|move|p1a: Gliscor|Roost|p1a: Gliscor\n|-heal|p1a: Gliscor|100\/100 tox\n|-singleturn|p1a: Gliscor|move: Roost\n|move|p2a: Heracross|Bullet Seed|p1a: Gliscor\n|-supereffective|p1a: Gliscor\n|-damage|p1a: Gliscor|71\/100 tox\n|-supereffective|p1a: Gliscor\n|-damage|p1a: Gliscor|42\/100 tox\n|-supereffective|p1a: Gliscor\n|-damage|p1a: Gliscor|13\/100 tox\n|-supereffective|p1a: Gliscor\n|-damage|p1a: Gliscor|0 fnt\n|faint|p1a: Gliscor\n|-hitcount|p1: Gliscor|4\n|\n|-damage|p2a: Heracross|51\/100 tox|[from] psn\n|upkeep\n|\n|t:|1700353788\n|switch|p1a: Weavile|Weavile, M|100\/100\n|-ability|p1a: Weavile|Pressure\n|turn|9\n|\n|t:|1700353795\n|move|p1a: Weavile|Triple Axel|p2a: Heracross\n|-damage|p2a: Heracross|37\/100 tox\n|-damage|p2a: Heracross|8\/100 tox\n|-damage|p2a: Heracross|0 fnt\n|faint|p2a: Heracross\n|-hitcount|p2: Heracross|3\n|\n|upkeep\n|\n|t:|1700353806\n|switch|p2a: Kartana|Kartana|100\/100\n|-damage|p2a: Kartana|94\/100|[from] Stealth Rock\n|turn|10\n|\n|t:|1700353815\n|move|p1a: Weavile|Triple Axel|p2a: Kartana\n|-damage|p2a: Kartana|78\/100\n|-damage|p2a: Kartana|44\/100\n|-damage|p2a: Kartana|0 fnt\n|faint|p2a: Kartana\n|-hitcount|p2: Kartana|3\n|\n|upkeep\n|\n|t:|1700353820\n|switch|p2a: Urshifu|Urshifu-Rapid-Strike, M|100\/100\n|-damage|p2a: Urshifu|94\/100|[from] Stealth Rock\n|turn|11\n|\n|t:|1700353826\n|switch|p1a: Manaphy|Manaphy|100\/100\n|move|p2a: Urshifu|Surging Strikes|p1a: Manaphy\n|-resisted|p1a: Manaphy\n|-crit|p1a: Manaphy\n|-damage|p1a: Manaphy|90\/100\n|-resisted|p1a: Manaphy\n|-crit|p1a: Manaphy\n|-damage|p1a: Manaphy|79\/100\n|-resisted|p1a: Manaphy\n|-crit|p1a: Manaphy\n|-damage|p1a: Manaphy|68\/100\n|-hitcount|p1a: Manaphy|3\n|-damage|p2a: Urshifu|84\/100|[from] item: Life Orb\n|\n|upkeep\n|turn|12\n|\n|t:|1700353840\n|move|p1a: Manaphy|Energy Ball|p2a: Urshifu\n|-supereffective|p2a: Urshifu\n|-damage|p2a: Urshifu|20\/100\n|move|p2a: Urshifu|Swords Dance|p2a: Urshifu\n|-boost|p2a: Urshifu|atk|2\n|\n|upkeep\n|turn|13\n|\n|t:|1700353848\n|move|p2a: Urshifu|Aqua Jet|p1a: Manaphy\n|-resisted|p1a: Manaphy\n|-damage|p1a: Manaphy|44\/100\n|-damage|p2a: Urshifu|10\/100|[from] item: Life Orb\n|move|p1a: Manaphy|Energy Ball|p2a: Urshifu\n|-supereffective|p2a: Urshifu\n|-damage|p2a: Urshifu|0 fnt\n|faint|p2a: Urshifu\n|\n|upkeep\n|\n|t:|1700353850\n|switch|p2a: Aegislash|Aegislash, M|100\/100\n|-damage|p2a: Aegislash|94\/100|[from] Stealth Rock\n|turn|14\n|\n|t:|1700353860\n|move|p1a: Manaphy|Tail Glow|p1a: Manaphy\n|-boost|p1a: Manaphy|spa|3\n|-formechange|p2a: Aegislash|Aegislash-Blade||[from] ability: Stance Change\n|move|p2a: Aegislash|Shadow Claw|p1a: Manaphy\n|-damage|p1a: Manaphy|11\/100\n|-enditem|p1a: Manaphy|Salac Berry|[eat]\n|-boost|p1a: Manaphy|spe|1|[from] item: Salac Berry\n|\n|-heal|p2a: Aegislash|100\/100|[from] item: Leftovers\n|upkeep\n|turn|15\n|-message|joeauthoritys forfeited.\n|\n|win|NotAmazingYT\n|raw|NotAmazingYT's rating: 1199 &rarr; <strong>1224<\/strong><br \/>(+25 for winning)\n|raw|joeauthoritys's rating: 1193 &rarr; <strong>1168<\/strong><br \/>(-25 for losing)\n|l|\u2606joeauthoritys\n","uploadtime":1700353879,"views":7,"p1id":"notamazingyt","p2id":"joeauthoritys","formatid":"gen9nationaldex","rating":1168,"private":0,"password":""}