{"id":"gen9nationaldex-1994897191","p1":"sngm1104ss","p2":"testingtothetop69","format":"[Gen 9] National Dex","log":"|html|<div class=\"broadcast-blue\"><strong>[Gen 9] National Dex is currently suspecting Sneasler! For information on how to participate check out the <a href=\"https:\/\/www.smogon.com\/forums\/threads\/sv-national-dex-suspect-8-just-dance.3731534\/\">suspect thread<\/a>.<\/strong><\/div>\n|j|\u2606sngm1104ss\n|j|\u2606testingtothetop69\n|t:|1700502701\n|gametype|singles\n|player|p1|sngm1104ss|lady-gen4|1326\n|player|p2|testingtothetop69|baker|1364\n|teamsize|p1|6\n|teamsize|p2|6\n|gen|9\n|tier|[Gen 9] National Dex\n|rated|\n|rule|HP Percentage Mod: HP is shown in percentages\n|rule|Endless Battle Clause: Forcing endless battles is banned\n|rule|OHKO Clause: OHKO moves are banned\n|rule|Evasion Clause: Evasion abilities, items, and moves are banned\n|rule|Evasion Abilities Clause: Evasion abilities are banned\n|rule|Evasion Items Clause: Evasion items are banned\n|rule|Evasion Moves Clause: Evasion moves are banned\n|rule|Species Clause: Limit one of each Pok\u00e9mon\n|rule|Sleep Clause Mod: Limit one foe put to sleep\n|clearpoke\n|poke|p1|Landorus-Therian, M|\n|poke|p1|Weavile, M|\n|poke|p1|Volcanion|\n|poke|p1|Zapdos|\n|poke|p1|Ursaluna, M|\n|poke|p1|Kartana|\n|poke|p2|Great Tusk|\n|poke|p2|Iron Valiant|\n|poke|p2|Blacephalon|\n|poke|p2|Banette, M|\n|poke|p2|Ribombee, M|\n|poke|p2|Ogerpon-Wellspring, F|\n|teampreview\n|\n|t:|1700502715\n|start\n|switch|p1a: Weavile|Weavile, M|100\/100\n|switch|p2a: Blacephalon|Blacephalon, shiny|100\/100\n|-ability|p1a: Weavile|Pressure\n|turn|1\n|\n|t:|1700502725\n|switch|p2a: Iron Valiant|Iron Valiant|100\/100\n|-enditem|p2a: Iron Valiant|Booster Energy\n|-activate|p2a: Iron Valiant|ability: Quark Drive|[fromitem]\n|-start|p2a: Iron Valiant|quarkdrivespe\n|move|p1a: Weavile|Beat Up|p2a: Iron Valiant\n|-resisted|p2a: Iron Valiant\n|-damage|p2a: Iron Valiant|97\/100\n|-resisted|p2a: Iron Valiant\n|-damage|p2a: Iron Valiant|92\/100\n|-resisted|p2a: Iron Valiant\n|-damage|p2a: Iron Valiant|88\/100\n|-resisted|p2a: Iron Valiant\n|-damage|p2a: Iron Valiant|85\/100\n|-resisted|p2a: Iron Valiant\n|-damage|p2a: Iron Valiant|81\/100\n|-resisted|p2a: Iron Valiant\n|-damage|p2a: Iron Valiant|75\/100\n|-hitcount|p2a: Iron Valiant|6\n|\n|upkeep\n|turn|2\n|inactive|Battle timer is ON: inactive players will automatically lose when time's up. (requested by sngm1104ss)\n|\n|t:|1700502734\n|switch|p1a: Landorus|Landorus-Therian, M|100\/100\n|-ability|p1a: Landorus|Intimidate|boost\n|-unboost|p2a: Iron Valiant|atk|1\n|move|p2a: Iron Valiant|Calm Mind|p2a: Iron Valiant\n|-boost|p2a: Iron Valiant|spa|1\n|-boost|p2a: Iron Valiant|spd|1\n|\n|upkeep\n|turn|3\n|\n|t:|1700502748\n|move|p2a: Iron Valiant|Moonblast|p1a: Landorus\n|-damage|p1a: Landorus|47\/100\n|move|p1a: Landorus|Earthquake|p2a: Iron Valiant\n|-damage|p2a: Iron Valiant|13\/100\n|\n|-heal|p1a: Landorus|53\/100|[from] item: Leftovers\n|upkeep\n|turn|4\n|\n|t:|1700502757\n|move|p2a: Iron Valiant|Moonblast|p1a: Landorus\n|-damage|p1a: Landorus|4\/100\n|move|p1a: Landorus|Earthquake|p2a: Iron Valiant\n|-damage|p2a: Iron Valiant|0 fnt\n|faint|p2a: Iron Valiant\n|-end|p2a: Iron Valiant|Quark Drive|[silent]\n|\n|-heal|p1a: Landorus|10\/100|[from] item: Leftovers\n|upkeep\n|\n|t:|1700502761\n|switch|p2a: Blacephalon|Blacephalon, shiny|100\/100\n|turn|5\n|\n|t:|1700502766\n|switch|p1a: Volcanion|Volcanion|100\/100\n|move|p2a: Blacephalon|Shadow Ball|p1a: Volcanion\n|-damage|p1a: Volcanion|26\/100\n|\n|upkeep\n|turn|6\n|\n|t:|1700502778\n|switch|p1a: Landorus|Landorus-Therian, M|10\/100\n|-ability|p1a: Landorus|Intimidate|boost\n|-unboost|p2a: Blacephalon|atk|1\n|move|p2a: Blacephalon|Shadow Ball|p1a: Landorus\n|-damage|p1a: Landorus|0 fnt\n|faint|p1a: Landorus\n|-ability|p2a: Blacephalon|Beast Boost|boost\n|-boost|p2a: Blacephalon|spa|1\n|\n|upkeep\n|\n|t:|1700502784\n|switch|p1a: Weavile|Weavile, M|100\/100\n|-ability|p1a: Weavile|Pressure\n|turn|7\n|\n|t:|1700502789\n|switch|p2a: Ribombee|Ribombee, M, shiny|100\/100\n|move|p1a: Weavile|Beat Up|p2a: Ribombee\n|-resisted|p2a: Ribombee\n|-damage|p2a: Ribombee|88\/100\n|-resisted|p2a: Ribombee\n|-damage|p2a: Ribombee|76\/100\n|-resisted|p2a: Ribombee\n|-damage|p2a: Ribombee|66\/100\n|-resisted|p2a: Ribombee\n|-damage|p2a: Ribombee|53\/100\n|-resisted|p2a: Ribombee\n|-damage|p2a: Ribombee|36\/100\n|-hitcount|p2a: Ribombee|5\n|\n|upkeep\n|turn|8\n|\n|t:|1700502796\n|move|p1a: Weavile|Beat Up|p2a: Ribombee\n|-resisted|p2a: Ribombee\n|-damage|p2a: Ribombee|24\/100\n|-resisted|p2a: Ribombee\n|-damage|p2a: Ribombee|12\/100\n|-resisted|p2a: Ribombee\n|-damage|p2a: Ribombee|1\/100\n|-resisted|p2a: Ribombee\n|-damage|p2a: Ribombee|0 fnt\n|faint|p2a: Ribombee\n|-hitcount|p2: Ribombee|4\n|\n|upkeep\n|\n|t:|1700502799\n|switch|p2a: Ogerpon|Ogerpon-Wellspring, F|100\/100\n|turn|9\n|\n|t:|1700502803\n|-terastallize|p1a: Weavile|Dark\n|move|p1a: Weavile|Beat Up|p2a: Ogerpon\n|-crit|p2a: Ogerpon\n|-damage|p2a: Ogerpon|68\/100\n|-damage|p2a: Ogerpon|47\/100\n|-damage|p2a: Ogerpon|30\/100\n|-damage|p2a: Ogerpon|5\/100\n|-damage|p2a: Ogerpon|0 fnt\n|faint|p2a: Ogerpon\n|-hitcount|p2: Ogerpon|5\n|\n|upkeep\n|\n|t:|1700502814\n|switch|p2a: Great Tusk|Great Tusk, shiny|100\/100\n|-enditem|p2a: Great Tusk|Booster Energy\n|-activate|p2a: Great Tusk|ability: Protosynthesis|[fromitem]\n|-start|p2a: Great Tusk|protosynthesisatk\n|turn|10\n|\n|t:|1700502818\n|switch|p1a: Zapdos|Zapdos|100\/100\n|-terastallize|p2a: Great Tusk|Steel\n|move|p2a: Great Tusk|Rapid Spin|p1a: Zapdos\n|-damage|p1a: Zapdos|84\/100\n|-boost|p2a: Great Tusk|spe|1\n|\n|upkeep\n|turn|11\n|\n|t:|1700502824\n|move|p2a: Great Tusk|Ice Spinner|p1a: Zapdos\n|-supereffective|p1a: Zapdos\n|-damage|p1a: Zapdos|35\/100\n|-status|p2a: Great Tusk|par|[from] ability: Static|[of] p1a: Zapdos\n|move|p1a: Zapdos|Discharge|p2a: Great Tusk\n|-damage|p2a: Great Tusk|51\/100 par\n|\n|upkeep\n|turn|12\n|\n|t:|1700502830\n|move|p1a: Zapdos|Discharge|p2a: Great Tusk\n|-damage|p2a: Great Tusk|0 fnt\n|faint|p2a: Great Tusk\n|-end|p2a: Great Tusk|Protosynthesis|[silent]\n|\n|upkeep\n|\n|t:|1700502834\n|switch|p2a: Blacephalon|Blacephalon, shiny|100\/100\n|turn|13\n|\n|t:|1700502837\n|move|p2a: Blacephalon|Flamethrower|p1a: Zapdos\n|-damage|p1a: Zapdos|0 fnt\n|faint|p1a: Zapdos\n|-ability|p2a: Blacephalon|Beast Boost|boost\n|-boost|p2a: Blacephalon|spa|1\n|\n|upkeep\n|\n|t:|1700502840\n|switch|p1a: Weavile|Weavile, M, tera:Dark|100\/100\n|-ability|p1a: Weavile|Pressure\n|turn|14\n|\n|t:|1700502842\n|move|p1a: Weavile|Beat Up|p2a: Blacephalon\n|-supereffective|p2a: Blacephalon\n|-damage|p2a: Blacephalon|24\/100\n|-supereffective|p2a: Blacephalon\n|-damage|p2a: Blacephalon|0 fnt\n|faint|p2a: Blacephalon\n|-hitcount|p2: Blacephalon|2\n|\n|upkeep\n|-message|testingtothetop69 forfeited.\n|\n|win|sngm1104ss\n|raw|sngm1104ss's rating: 1326 &rarr; <strong>1348<\/strong><br \/>(+22 for winning)\n|raw|testingtothetop69's rating: 1364 &rarr; <strong>1342<\/strong><br \/>(-22 for losing)\n|l|\u2606testingtothetop69\n","uploadtime":1700502856,"views":19,"p1id":"sngm1104ss","p2id":"testingtothetop69","formatid":"gen9nationaldex","rating":1342,"private":0,"password":""}