{"id":"gen9nationaldex-1996836209","p1":"blvcchippy","p2":"KarmaNightraide","format":"[Gen 9] National Dex","log":"|html|<div class=\"broadcast-blue\"><strong>[Gen 9] National Dex is currently suspecting Sneasler! For information on how to participate check out the <a href=\"https:\/\/www.smogon.com\/forums\/threads\/sv-national-dex-suspect-8-just-dance.3731534\/\">suspect thread<\/a>.<\/strong><\/div>\n|j|\u2606blvcchippy\n|j|\u2606KarmaNightraide\n|t:|1700733073\n|gametype|singles\n|player|p1|blvcchippy|giovanni|1054\n|player|p2|KarmaNightraide|unknown|1000\n|teamsize|p1|6\n|teamsize|p2|6\n|gen|9\n|tier|[Gen 9] National Dex\n|rated|\n|rule|HP Percentage Mod: HP is shown in percentages\n|rule|Endless Battle Clause: Forcing endless battles is banned\n|rule|OHKO Clause: OHKO moves are banned\n|rule|Evasion Clause: Evasion abilities, items, and moves are banned\n|rule|Evasion Abilities Clause: Evasion abilities are banned\n|rule|Evasion Items Clause: Evasion items are banned\n|rule|Evasion Moves Clause: Evasion moves are banned\n|rule|Species Clause: Limit one of each Pok\u00e9mon\n|rule|Sleep Clause Mod: Limit one foe put to sleep\n|clearpoke\n|poke|p1|Ferrothorn, M|\n|poke|p1|Toxapex, F|\n|poke|p1|Garchomp, M|\n|poke|p1|Snorlax, F|\n|poke|p1|Jirachi|\n|poke|p1|Blaziken, M|\n|poke|p2|Basculegion-F, F|\n|poke|p2|Sinistcha-Masterpiece|\n|poke|p2|Palossand, M|\n|poke|p2|Zoroark-Hisui, F|\n|poke|p2|Spiritomb, F|\n|poke|p2|Dhelmise|\n|teampreview\n|c|\u2606KarmaNightraide|Just testing stuff\n|c|\u2606KarmaNightraide|Have fun\n|\n|t:|1700733098\n|start\n|switch|p1a: Toxapex|Toxapex, F|100\/100\n|switch|p2a: Lollipop|Spiritomb, F|100\/100\n|turn|1\n|\n|t:|1700733125\n|move|p1a: Toxapex|Toxic Spikes|p2a: Lollipop\n|-sidestart|p2: KarmaNightraide|move: Toxic Spikes\n|move|p2a: Lollipop|Trick Room|p2a: Lollipop\n|-fieldstart|move: Trick Room|[of] p2a: Lollipop\n|\n|upkeep\n|turn|2\n|\n|t:|1700733146\n|switch|p2a: Avast ye shitters|Dhelmise|100\/100\n|-status|p2a: Avast ye shitters|psn\n|move|p1a: Toxapex|Baneful Bunker||[still]\n|-fail|p1a: Toxapex\n|\n|-damage|p2a: Avast ye shitters|88\/100 psn|[from] psn\n|upkeep\n|turn|3\n|\n|t:|1700733160\n|move|p1a: Toxapex|Hex|p2a: Avast ye shitters\n|-supereffective|p2a: Avast ye shitters\n|-crit|p2a: Avast ye shitters\n|-damage|p2a: Avast ye shitters|0 fnt\n|faint|p2a: Avast ye shitters\n|\n|upkeep\n|c|\u2606KarmaNightraide|An offensive toxapex\n|c|\u2606KarmaNightraide|Clever\n|n|!KarmaNightraide|karmanightraide\n|\n|t:|1700733189\n|switch|p2a: Smash|Palossand, M|100\/100\n|-status|p2a: Smash|psn\n|turn|4\n|c|\u2606blvcchippy|seems like it but a very defensive team as a whole\n|\n|t:|1700733216\n|-terastallize|p2a: Smash|Grass\n|move|p2a: Smash|Earth Power|p1a: Toxapex\n|-supereffective|p1a: Toxapex\n|-damage|p1a: Toxapex|46\/100\n|-unboost|p1a: Toxapex|spd|1\n|move|p1a: Toxapex|Scald|p2a: Smash\n|-resisted|p2a: Smash\n|-crit|p2a: Smash\n|-damage|p2a: Smash|79\/100 psn\n|-ability|p2a: Smash|Water Compaction|boost\n|-boost|p2a: Smash|def|2\n|\n|-heal|p2a: Smash|85\/100 psn|[from] item: Leftovers\n|-damage|p2a: Smash|73\/100 psn|[from] psn\n|upkeep\n|turn|5\n|\n|t:|1700733234\n|move|p1a: Toxapex|Baneful Bunker|p1a: Toxapex\n|-singleturn|p1a: Toxapex|move: Protect\n|move|p2a: Smash|Giga Drain|p1a: Toxapex\n|-activate|p1a: Toxapex|move: Protect\n|\n|-heal|p2a: Smash|79\/100 psn|[from] item: Leftovers\n|-damage|p2a: Smash|67\/100 psn|[from] psn\n|-fieldend|move: Trick Room\n|upkeep\n|turn|6\n|\n|t:|1700733250\n|move|p2a: Smash|Earth Power|p1a: Toxapex\n|-supereffective|p1a: Toxapex\n|-damage|p1a: Toxapex|0 fnt\n|faint|p1a: Toxapex\n|\n|-heal|p2a: Smash|73\/100 psn|[from] item: Leftovers\n|-damage|p2a: Smash|61\/100 psn|[from] psn\n|upkeep\n|\n|t:|1700733257\n|switch|p1a: Ferrothorn|Ferrothorn, M|100\/100\n|turn|7\n|\n|t:|1700733281\n|move|p2a: Smash|Earth Power|p1a: Ferrothorn\n|-damage|p1a: Ferrothorn|69\/100\n|move|p1a: Ferrothorn|Spikes|p2a: Smash\n|-sidestart|p2: KarmaNightraide|Spikes\n|\n|-heal|p2a: Smash|67\/100 psn|[from] item: Leftovers\n|-heal|p1a: Ferrothorn|75\/100|[from] item: Leftovers\n|-damage|p2a: Smash|55\/100 psn|[from] psn\n|upkeep\n|turn|8\n|\n|t:|1700733304\n|move|p2a: Smash|Earth Power|p1a: Ferrothorn\n|-damage|p1a: Ferrothorn|42\/100\n|move|p1a: Ferrothorn|Leech Seed|p2a: Smash\n|-immune|p2a: Smash\n|\n|-heal|p2a: Smash|61\/100 psn|[from] item: Leftovers\n|-heal|p1a: Ferrothorn|48\/100|[from] item: Leftovers\n|-damage|p2a: Smash|49\/100 psn|[from] psn\n|upkeep\n|turn|9\n|\n|t:|1700733320\n|switch|p1a: Garchomp|Garchomp, M|100\/100\n|move|p2a: Smash|Earth Power|p1a: Garchomp\n|-damage|p1a: Garchomp|61\/100\n|\n|-heal|p2a: Smash|55\/100 psn|[from] item: Leftovers\n|-damage|p2a: Smash|43\/100 psn|[from] psn\n|upkeep\n|turn|10\n|\n|t:|1700733330\n|move|p1a: Garchomp|Poison Jab|p2a: Smash\n|-supereffective|p2a: Smash\n|-damage|p2a: Smash|19\/100 psn\n|move|p2a: Smash|Shore Up|p2a: Smash\n|-heal|p2a: Smash|69\/100 psn\n|\n|-heal|p2a: Smash|75\/100 psn|[from] item: Leftovers\n|-damage|p2a: Smash|63\/100 psn|[from] psn\n|upkeep\n|turn|11\n|\n|t:|1700733349\n|switch|p1a: Snorlax|Snorlax, F|100\/100\n|move|p2a: Smash|Shore Up|p2a: Smash\n|-heal|p2a: Smash|100\/100 psn\n|\n|-damage|p2a: Smash|88\/100 psn|[from] psn\n|upkeep\n|turn|12\n|\n|t:|1700733357\n|move|p2a: Smash|Giga Drain|p1a: Snorlax\n|-damage|p1a: Snorlax|83\/100\n|-heal|p2a: Smash|100\/100 psn|[from] drain|[of] p1a: Snorlax\n|move|p1a: Snorlax|Heat Crash|p2a: Smash\n|-supereffective|p2a: Smash\n|-damage|p2a: Smash|88\/100 psn\n|\n|-heal|p2a: Smash|94\/100 psn|[from] item: Leftovers\n|-damage|p2a: Smash|82\/100 psn|[from] psn\n|upkeep\n|turn|13\n|c|\u2606blvcchippy|what is this thing fed\n|\n|t:|1700733404\n|move|p2a: Smash|Earth Power|p1a: Snorlax\n|-damage|p1a: Snorlax|62\/100\n|move|p1a: Snorlax|Heat Crash|p2a: Smash\n|-supereffective|p2a: Smash\n|-damage|p2a: Smash|69\/100 psn\n|\n|-heal|p2a: Smash|75\/100 psn|[from] item: Leftovers\n|-damage|p2a: Smash|63\/100 psn|[from] psn\n|upkeep\n|turn|14\n|\n|t:|1700733425\n|switch|p1a: Ferrothorn|Ferrothorn, M|48\/100\n|move|p2a: Smash|Giga Drain|p1a: Ferrothorn\n|-resisted|p1a: Ferrothorn\n|-damage|p1a: Ferrothorn|43\/100\n|-heal|p2a: Smash|65\/100 psn|[from] drain|[of] p1a: Ferrothorn\n|\n|-heal|p2a: Smash|72\/100 psn|[from] item: Leftovers\n|-heal|p1a: Ferrothorn|48\/100|[from] item: Leftovers\n|-damage|p2a: Smash|59\/100 psn|[from] psn\n|upkeep\n|turn|15\n|\n|t:|1700733443\n|move|p2a: Smash|Earth Power|p1a: Ferrothorn\n|-damage|p1a: Ferrothorn|20\/100\n|move|p1a: Ferrothorn|Stealth Rock|p2a: Smash\n|-sidestart|p2: KarmaNightraide|move: Stealth Rock\n|\n|-heal|p2a: Smash|65\/100 psn|[from] item: Leftovers\n|-heal|p1a: Ferrothorn|26\/100|[from] item: Leftovers\n|-damage|p2a: Smash|53\/100 psn|[from] psn\n|upkeep\n|turn|16\n|\n|t:|1700733461\n|move|p2a: Smash|Earth Power|p1a: Ferrothorn\n|-crit|p1a: Ferrothorn\n|-damage|p1a: Ferrothorn|0 fnt\n|faint|p1a: Ferrothorn\n|\n|-heal|p2a: Smash|59\/100 psn|[from] item: Leftovers\n|-damage|p2a: Smash|47\/100 psn|[from] psn\n|upkeep\n|\n|t:|1700733487\n|switch|p1a: Snorlax|Snorlax, F|62\/100\n|turn|17\n|\n|t:|1700733494\n|move|p2a: Smash|Shore Up|p2a: Smash\n|-heal|p2a: Smash|97\/100 psn\n|move|p1a: Snorlax|Heat Crash|p2a: Smash\n|-supereffective|p2a: Smash\n|-damage|p2a: Smash|83\/100 psn\n|\n|-heal|p2a: Smash|90\/100 psn|[from] item: Leftovers\n|-damage|p2a: Smash|77\/100 psn|[from] psn\n|upkeep\n|turn|18\n|\n|t:|1700733505\n|move|p2a: Smash|Earth Power|p1a: Snorlax\n|-damage|p1a: Snorlax|41\/100\n|move|p1a: Snorlax|Heat Crash|p2a: Smash\n|-supereffective|p2a: Smash\n|-damage|p2a: Smash|65\/100 psn\n|\n|-heal|p2a: Smash|71\/100 psn|[from] item: Leftovers\n|-damage|p2a: Smash|59\/100 psn|[from] psn\n|upkeep\n|turn|19\n|\n|t:|1700733515\n|move|p2a: Smash|Earth Power|p1a: Snorlax\n|-damage|p1a: Snorlax|18\/100\n|-enditem|p1a: Snorlax|Aguav Berry|[eat]\n|-heal|p1a: Snorlax|51\/100|[from] item: Aguav Berry\n|move|p1a: Snorlax|Heat Crash|p2a: Smash\n|-supereffective|p2a: Smash\n|-damage|p2a: Smash|47\/100 psn\n|\n|-heal|p2a: Smash|53\/100 psn|[from] item: Leftovers\n|-damage|p2a: Smash|41\/100 psn|[from] psn\n|upkeep\n|turn|20\n|\n|t:|1700733528\n|move|p2a: Smash|Giga Drain|p1a: Snorlax\n|-damage|p1a: Snorlax|34\/100\n|-heal|p2a: Smash|55\/100 psn|[from] drain|[of] p1a: Snorlax\n|move|p1a: Snorlax|Heat Crash|p2a: Smash\n|-supereffective|p2a: Smash\n|-damage|p2a: Smash|41\/100 psn\n|\n|-heal|p2a: Smash|47\/100 psn|[from] item: Leftovers\n|-damage|p2a: Smash|35\/100 psn|[from] psn\n|upkeep\n|turn|21\n|\n|t:|1700733546\n|move|p2a: Smash|Shore Up|p2a: Smash\n|-heal|p2a: Smash|84\/100 psn\n|move|p1a: Snorlax|Heat Crash|p2a: Smash\n|-supereffective|p2a: Smash\n|-damage|p2a: Smash|71\/100 psn\n|\n|-heal|p2a: Smash|77\/100 psn|[from] item: Leftovers\n|-damage|p2a: Smash|65\/100 psn|[from] psn\n|upkeep\n|turn|22\n|\n|t:|1700733557\n|move|p2a: Smash|Earth Power|p1a: Snorlax\n|-damage|p1a: Snorlax|13\/100\n|move|p1a: Snorlax|Heat Crash|p2a: Smash\n|-supereffective|p2a: Smash\n|-damage|p2a: Smash|51\/100 psn\n|\n|-heal|p2a: Smash|57\/100 psn|[from] item: Leftovers\n|-damage|p2a: Smash|45\/100 psn|[from] psn\n|upkeep\n|turn|23\n|\n|t:|1700733567\n|move|p2a: Smash|Giga Drain|p1a: Snorlax\n|-crit|p1a: Snorlax\n|-damage|p1a: Snorlax|0 fnt\n|-heal|p2a: Smash|55\/100 psn|[from] drain|[of] p1a: Snorlax\n|faint|p1a: Snorlax\n|\n|-heal|p2a: Smash|61\/100 psn|[from] item: Leftovers\n|-damage|p2a: Smash|49\/100 psn|[from] psn\n|upkeep\n|\n|t:|1700733578\n|switch|p1a: Blaziken|Blaziken, M, shiny|100\/100\n|turn|24\n|n|\u2606KarmaNightraide|karmanightraide\n|c|\u2606KarmaNightraide|Sorry I was muted\n|c|\u2606KarmaNightraide|Like I said, I'm testing things\n|c|\u2606KarmaNightraide|Palossand is great against stallers\n|\n|t:|1700733644\n|move|p1a: Blaziken|Blaze Kick|p2a: Smash\n|-supereffective|p2a: Smash\n|-damage|p2a: Smash|3\/100 psn\n|-damage|p1a: Blaziken|91\/100|[from] item: Life Orb\n|move|p2a: Smash|Shore Up|p2a: Smash\n|-heal|p2a: Smash|53\/100 psn\n|\n|-heal|p2a: Smash|59\/100 psn|[from] item: Leftovers\n|-damage|p2a: Smash|47\/100 psn|[from] psn\n|upkeep\n|turn|25\n|c|\u2606blvcchippy|its rediculous and ive been trying to use up shore up but ion have anything to stop it anymore\n|\n|t:|1700733682\n|move|p1a: Blaziken|Blaze Kick|p2a: Smash\n|-supereffective|p2a: Smash\n|-damage|p2a: Smash|0 fnt\n|faint|p2a: Smash\n|-damage|p1a: Blaziken|81\/100|[from] item: Life Orb\n|\n|upkeep\n|c|\u2606blvcchippy|thats the first shot i got in without earth power\n|c|\u2606KarmaNightraide|What's ridiculous is you have a full team of mostly OUs and a RU is doing this good\n|c|\u2606KarmaNightraide|This is my tester team\n|\n|t:|1700733743\n|switch|p2a: Lollipop|Spiritomb, F|100\/100\n|-status|p2a: Lollipop|psn\n|-damage|p2a: Lollipop|88\/100 psn|[from] Spikes\n|-damage|p2a: Lollipop|76\/100 psn|[from] Stealth Rock\n|turn|26\n|c|\u2606blvcchippy|that pokemon alone can sweep my team even on a bad day. blaze kick shouldnt have gotten in\n|c|\u2606blvcchippy|nice pic\n|c|\u2606KarmaNightraide|I should have just earth powered\n|c|\u2606KarmaNightraide|But whatever\n|\n|t:|1700733791\n|move|p1a: Blaziken|Thunder Punch|p2a: Lollipop\n|-damage|p2a: Lollipop|40\/100 psn\n|-damage|p1a: Blaziken|71\/100|[from] item: Life Orb\n|move|p2a: Lollipop|Poltergeist|p1a: Blaziken\n|-activate|p1a: Blaziken|move: Poltergeist|Life Orb\n|-damage|p1a: Blaziken|0 fnt\n|faint|p1a: Blaziken\n|\n|-heal|p2a: Lollipop|46\/100 psn|[from] item: Leftovers\n|-damage|p2a: Lollipop|33\/100 psn|[from] psn\n|upkeep\n|c|\u2606KarmaNightraide|You can add me after and we can talk strategy\n|c|\u2606KarmaNightraide|I'm a ghost master\n|\n|t:|1700733833\n|switch|p1a: Jirachi|Jirachi|100\/100\n|turn|27\n|\n|t:|1700733848\n|-terastallize|p1a: Jirachi|Fighting\n|move|p2a: Lollipop|Sucker Punch|p1a: Jirachi\n|-resisted|p1a: Jirachi\n|-damage|p1a: Jirachi|83\/100\n|move|p1a: Jirachi|Meteor Mash|p2a: Lollipop\n|-damage|p2a: Lollipop|0 fnt\n|-boost|p1a: Jirachi|atk|1\n|faint|p2a: Lollipop\n|\n|upkeep\n|c|\u2606blvcchippy|dark and poison\n|\n|t:|1700733892\n|switch|p2a: Lady Fish|Basculegion-F, F|100\/100\n|-status|p2a: Lady Fish|psn\n|-damage|p2a: Lady Fish|88\/100 psn|[from] Spikes\n|-damage|p2a: Lady Fish|76\/100 psn|[from] Stealth Rock\n|turn|28\n|\n|t:|1700733917\n|move|p2a: Lady Fish|Bitter Malice|p1a: Jirachi\n|-damage|p1a: Jirachi|59\/100\n|-unboost|p1a: Jirachi|atk|1\n|move|p1a: Jirachi|Ancient Power|p2a: Lady Fish\n|-damage|p2a: Lady Fish|50\/100 psn\n|-boost|p1a: Jirachi|atk|1\n|-boost|p1a: Jirachi|def|1\n|-boost|p1a: Jirachi|spa|1\n|-boost|p1a: Jirachi|spd|1\n|-boost|p1a: Jirachi|spe|1\n|replace|p2a: Fiesty|Zoroark-Hisui, F\n|-end|p2a: Fiesty|Illusion\n|\n|-damage|p2a: Fiesty|37\/100 psn|[from] psn\n|upkeep\n|turn|29\n|c|\u2606KarmaNightraide|Your luck is through the roof aint it?\n|\n|t:|1700733953\n|move|p1a: Jirachi|Stored Power|p2a: Fiesty\n|-damage|p2a: Fiesty|0 fnt\n|faint|p2a: Fiesty\n|\n|upkeep\n|c|\u2606blvcchippy|XD needed it\n|c|\u2606KarmaNightraide|No you didn't\n|\n|t:|1700733966\n|switch|p2a: Goop|Sinistcha-Masterpiece|100\/100\n|-status|p2a: Goop|psn\n|-damage|p2a: Goop|88\/100 psn|[from] Spikes\n|-damage|p2a: Goop|76\/100 psn|[from] Stealth Rock\n|turn|30\n|c|\u2606blvcchippy|serene grace\n|\n|t:|1700733983\n|move|p1a: Jirachi|Stored Power|p2a: Goop\n|-damage|p2a: Goop|0 fnt\n|faint|p2a: Goop\n|\n|upkeep\n|\n|t:|1700733994\n|switch|p2a: Lady Fish|Basculegion-F, F|100\/100\n|-status|p2a: Lady Fish|psn\n|-damage|p2a: Lady Fish|88\/100 psn|[from] Spikes\n|-damage|p2a: Lady Fish|76\/100 psn|[from] Stealth Rock\n|turn|31\n|\n|t:|1700734007\n|move|p1a: Jirachi|Stored Power|p2a: Lady Fish\n|-damage|p2a: Lady Fish|0 fnt\n|faint|p2a: Lady Fish\n|\n|win|blvcchippy\n|raw|blvcchippy's rating: 1054 &rarr; <strong>1081<\/strong><br \/>(+27 for winning)\n|raw|KarmaNightraide's rating: 1000 &rarr; <strong>1000<\/strong><br \/>(+0 for losing)\n","uploadtime":1700733184,"views":1,"p1id":"blvcchippy","p2id":"karmanightraide","formatid":"gen9nationaldex","rating":1000,"private":0,"password":""}