{"id":"gen9nationaldex-1997161623","p1":"wildflower13","p2":"Hittite Jumpscare","format":"[Gen 9] National Dex","log":"|html|<div class=\"broadcast-blue\"><strong>[Gen 9] National Dex is currently suspecting Sneasler! For information on how to participate check out the <a href=\"https:\/\/www.smogon.com\/forums\/threads\/sv-national-dex-suspect-8-just-dance.3731534\/\">suspect thread<\/a>.<\/strong><\/div>\n|j|\u2606wildflower13\n|j|\u2606Hittite Jumpscare\n|t:|1700770790\n|gametype|singles\n|player|p1|wildflower13|wallace|1723\n|player|p2|Hittite Jumpscare|nate|1547\n|teamsize|p1|6\n|teamsize|p2|6\n|gen|9\n|tier|[Gen 9] National Dex\n|rated|\n|rule|HP Percentage Mod: HP is shown in percentages\n|rule|Endless Battle Clause: Forcing endless battles is banned\n|rule|OHKO Clause: OHKO moves are banned\n|rule|Evasion Clause: Evasion abilities, items, and moves are banned\n|rule|Evasion Abilities Clause: Evasion abilities are banned\n|rule|Evasion Items Clause: Evasion items are banned\n|rule|Evasion Moves Clause: Evasion moves are banned\n|rule|Species Clause: Limit one of each Pok\u00e9mon\n|rule|Sleep Clause Mod: Limit one foe put to sleep\n|clearpoke\n|poke|p1|Ferrothorn, F|\n|poke|p1|Primarina, M|\n|poke|p1|Iron Valiant|\n|poke|p1|Mawile, M|\n|poke|p1|Landorus-Therian, M|\n|poke|p1|Latias, F|\n|poke|p2|Zapdos|\n|poke|p2|Ribombee, M|\n|poke|p2|Gyarados, F|\n|poke|p2|Gliscor, M|\n|poke|p2|Volcarona, F|\n|poke|p2|Xurkitree|\n|teampreview\n|inactive|Battle timer is ON: inactive players will automatically lose when time's up. (requested by Hittite Jumpscare)\n|\n|t:|1700770812\n|start\n|switch|p1a: Ferrothorn|Ferrothorn, F|100\/100\n|switch|p2a: Ribombee|Ribombee, M|100\/100\n|turn|1\n|\n|t:|1700770820\n|move|p2a: Ribombee|Sticky Web|p1a: Ferrothorn\n|-sidestart|p1: wildflower13|move: Sticky Web\n|move|p1a: Ferrothorn|Stealth Rock|p2a: Ribombee\n|-sidestart|p2: Hittite Jumpscare|move: Stealth Rock\n|\n|upkeep\n|turn|2\n|\n|t:|1700770826\n|move|p2a: Ribombee|U-turn|p1a: Ferrothorn\n|-damage|p1a: Ferrothorn|90\/100\n|-damage|p2a: Ribombee|88\/100|[from] ability: Iron Barbs|[of] p1a: Ferrothorn\n|\n|t:|1700770832\n|switch|p2a: Volcarona|Volcarona, F|100\/100|[from] U-turn\n|move|p1a: Ferrothorn|Knock Off|p2a: Volcarona\n|-damage|p2a: Volcarona|67\/100\n|-enditem|p2a: Volcarona|Heavy-Duty Boots|[from] move: Knock Off|[of] p1a: Ferrothorn\n|\n|-heal|p1a: Ferrothorn|96\/100|[from] item: Leftovers\n|upkeep\n|turn|3\n|\n|t:|1700770851\n|switch|p1a: Landorus|Landorus-Therian, M|100\/100\n|-ability|p1a: Landorus|Intimidate|boost\n|-unboost|p2a: Volcarona|atk|1\n|move|p2a: Volcarona|Quiver Dance|p2a: Volcarona\n|-boost|p2a: Volcarona|spa|1\n|-boost|p2a: Volcarona|spd|1\n|-boost|p2a: Volcarona|spe|1\n|\n|upkeep\n|turn|4\n|\n|t:|1700770861\n|move|p2a: Volcarona|Flamethrower|p1a: Landorus\n|-damage|p1a: Landorus|18\/100\n|move|p1a: Landorus|Earthquake|p2a: Volcarona\n|-damage|p2a: Volcarona|0 fnt\n|faint|p2a: Volcarona\n|\n|upkeep\n|j| Aziz Le Bledart\n|\n|t:|1700770871\n|switch|p2a: Ribombee|Ribombee, M|88\/100\n|-damage|p2a: Ribombee|63\/100|[from] Stealth Rock\n|turn|5\n|\n|t:|1700770876\n|switch|p1a: Ferrothorn|Ferrothorn, F|96\/100\n|-activate|p1a: Ferrothorn|move: Sticky Web\n|-unboost|p1a: Ferrothorn|spe|1\n|move|p2a: Ribombee|Moonblast|p1a: Ferrothorn\n|-resisted|p1a: Ferrothorn\n|-damage|p1a: Ferrothorn|83\/100\n|-unboost|p1a: Ferrothorn|spa|1\n|\n|-heal|p1a: Ferrothorn|89\/100|[from] item: Leftovers\n|upkeep\n|turn|6\n|l| Aziz Le Bledart\n|\n|t:|1700770886\n|move|p2a: Ribombee|U-turn|p1a: Ferrothorn\n|-damage|p1a: Ferrothorn|77\/100\n|-damage|p2a: Ribombee|51\/100|[from] ability: Iron Barbs|[of] p1a: Ferrothorn\n|\n|t:|1700770891\n|switch|p2a: Zapdos|Zapdos|100\/100|[from] U-turn\n|move|p1a: Ferrothorn|Knock Off|p2a: Zapdos\n|-damage|p2a: Zapdos|84\/100\n|-enditem|p2a: Zapdos|Heavy-Duty Boots|[from] move: Knock Off|[of] p1a: Ferrothorn\n|\n|-heal|p1a: Ferrothorn|84\/100|[from] item: Leftovers\n|upkeep\n|turn|7\n|\n|t:|1700770900\n|switch|p1a: Latias|Latias, F|100\/100\n|move|p2a: Zapdos|Hurricane|p1a: Latias|[miss]\n|-miss|p2a: Zapdos|p1a: Latias\n|\n|upkeep\n|turn|8\n|\n|t:|1700770907\n|move|p1a: Latias|Mystical Fire|p2a: Zapdos\n|-damage|p2a: Zapdos|54\/100\n|-unboost|p2a: Zapdos|spa|1\n|-damage|p1a: Latias|91\/100|[from] item: Life Orb\n|move|p2a: Zapdos|Volt Switch|p1a: Latias\n|-resisted|p1a: Latias\n|-damage|p1a: Latias|81\/100\n|\n|t:|1700770918\n|switch|p2a: Ribombee|Ribombee, M|51\/100|[from] Volt Switch\n|-damage|p2a: Ribombee|26\/100|[from] Stealth Rock\n|\n|upkeep\n|turn|9\n|\n|t:|1700770924\n|switch|p1a: Ferrothorn|Ferrothorn, F|84\/100\n|-activate|p1a: Ferrothorn|move: Sticky Web\n|-unboost|p1a: Ferrothorn|spe|1\n|move|p2a: Ribombee|Moonblast|p1a: Ferrothorn\n|-resisted|p1a: Ferrothorn\n|-damage|p1a: Ferrothorn|71\/100\n|\n|-heal|p1a: Ferrothorn|77\/100|[from] item: Leftovers\n|upkeep\n|turn|10\n|\n|t:|1700770934\n|move|p2a: Ribombee|Moonblast|p1a: Ferrothorn\n|-resisted|p1a: Ferrothorn\n|-damage|p1a: Ferrothorn|64\/100\n|move|p1a: Ferrothorn|Leech Seed|p2a: Ribombee\n|-start|p2a: Ribombee|move: Leech Seed\n|\n|-heal|p1a: Ferrothorn|70\/100|[from] item: Leftovers\n|-damage|p2a: Ribombee|14\/100|[from] Leech Seed|[of] p1a: Ferrothorn\n|-heal|p1a: Ferrothorn|79\/100|[silent]\n|upkeep\n|turn|11\n|\n|t:|1700770943\n|move|p2a: Ribombee|Moonblast|p1a: Ferrothorn\n|-resisted|p1a: Ferrothorn\n|-damage|p1a: Ferrothorn|67\/100\n|move|p1a: Ferrothorn|Knock Off|p2a: Ribombee\n|-resisted|p2a: Ribombee\n|-damage|p2a: Ribombee|0 fnt\n|-enditem|p2a: Ribombee|Focus Sash|[from] move: Knock Off|[of] p1a: Ferrothorn\n|faint|p2a: Ribombee\n|\n|-heal|p1a: Ferrothorn|74\/100|[from] item: Leftovers\n|upkeep\n|\n|t:|1700770954\n|switch|p2a: Gliscor|Gliscor, M|100\/100\n|-damage|p2a: Gliscor|88\/100|[from] Stealth Rock\n|turn|12\n|\n|t:|1700770958\n|move|p2a: Gliscor|Protect|p2a: Gliscor\n|-singleturn|p2a: Gliscor|Protect\n|move|p1a: Ferrothorn|Knock Off|p2a: Gliscor\n|-activate|p2a: Gliscor|move: Protect\n|\n|-heal|p1a: Ferrothorn|80\/100|[from] item: Leftovers\n|-status|p2a: Gliscor|tox|[from] item: Toxic Orb\n|upkeep\n|turn|13\n|\n|t:|1700770966\n|move|p2a: Gliscor|Knock Off|p1a: Ferrothorn\n|-damage|p1a: Ferrothorn|65\/100\n|-damage|p2a: Gliscor|75\/100 tox|[from] ability: Iron Barbs|[of] p1a: Ferrothorn\n|-enditem|p1a: Ferrothorn|Leftovers|[from] move: Knock Off|[of] p2a: Gliscor\n|move|p1a: Ferrothorn|Leech Seed|p2a: Gliscor\n|-start|p2a: Gliscor|move: Leech Seed\n|\n|-damage|p2a: Gliscor|63\/100 tox|[from] Leech Seed|[of] p1a: Ferrothorn\n|-heal|p1a: Ferrothorn|77\/100|[silent]\n|-heal|p2a: Gliscor|75\/100 tox|[from] ability: Poison Heal\n|upkeep\n|turn|14\n|\n|t:|1700770980\n|switch|p2a: Zapdos|Zapdos|54\/100\n|-damage|p2a: Zapdos|29\/100|[from] Stealth Rock\n|move|p1a: Ferrothorn|Leech Seed|p2a: Zapdos\n|-start|p2a: Zapdos|move: Leech Seed\n|\n|-damage|p2a: Zapdos|16\/100|[from] Leech Seed|[of] p1a: Ferrothorn\n|-heal|p1a: Ferrothorn|91\/100|[silent]\n|upkeep\n|turn|15\n|\n|t:|1700770991\n|switch|p1a: Latias|Latias, F|81\/100\n|move|p2a: Zapdos|Roost|p2a: Zapdos\n|-heal|p2a: Zapdos|67\/100\n|-singleturn|p2a: Zapdos|move: Roost\n|\n|-damage|p2a: Zapdos|54\/100|[from] Leech Seed|[of] p1a: Latias\n|-heal|p1a: Latias|97\/100|[silent]\n|upkeep\n|turn|16\n|\n|t:|1700771001\n|move|p1a: Latias|Mystical Fire|p2a: Zapdos\n|-damage|p2a: Zapdos|26\/100\n|-unboost|p2a: Zapdos|spa|1\n|-damage|p1a: Latias|87\/100|[from] item: Life Orb\n|move|p2a: Zapdos|Volt Switch|p1a: Latias\n|-resisted|p1a: Latias\n|-damage|p1a: Latias|78\/100\n|\n|t:|1700771009\n|switch|p2a: Gyarados|Gyarados, F|100\/100|[from] Volt Switch\n|-damage|p2a: Gyarados|76\/100|[from] Stealth Rock\n|-ability|p2a: Gyarados|Intimidate|boost\n|-unboost|p1a: Latias|atk|1\n|\n|upkeep\n|turn|17\n|\n|t:|1700771016\n|switch|p1a: Landorus|Landorus-Therian, M|18\/100\n|-ability|p1a: Landorus|Intimidate|boost\n|-unboost|p2a: Gyarados|atk|1\n|detailschange|p2a: Gyarados|Gyarados-Mega, F\n|-mega|p2a: Gyarados|Gyarados|Gyaradosite\n|-ability|p2a: Gyarados|Mold Breaker\n|move|p2a: Gyarados|Dragon Dance|p2a: Gyarados\n|-boost|p2a: Gyarados|atk|1\n|-boost|p2a: Gyarados|spe|1\n|\n|upkeep\n|turn|18\n|\n|t:|1700771026\n|switch|p1a: Ferrothorn|Ferrothorn, F|91\/100\n|-activate|p1a: Ferrothorn|move: Sticky Web\n|-unboost|p1a: Ferrothorn|spe|1\n|move|p2a: Gyarados|Crunch|p1a: Ferrothorn\n|-damage|p1a: Ferrothorn|57\/100\n|-unboost|p1a: Ferrothorn|def|1\n|-damage|p2a: Gyarados|63\/100|[from] ability: Iron Barbs|[of] p1a: Ferrothorn\n|\n|upkeep\n|turn|19\n|\n|t:|1700771038\n|switch|p1a: Landorus|Landorus-Therian, M|18\/100\n|-ability|p1a: Landorus|Intimidate|boost\n|-unboost|p2a: Gyarados|atk|1\n|move|p2a: Gyarados|Earthquake|p1a: Landorus\n|-immune|p1a: Landorus\n|\n|upkeep\n|turn|20\n|\n|t:|1700771046\n|move|p2a: Gyarados|Crunch|p1a: Landorus\n|-damage|p1a: Landorus|0 fnt\n|-damage|p2a: Gyarados|47\/100|[from] item: Rocky Helmet|[of] p1a: Landorus\n|faint|p1a: Landorus\n|\n|upkeep\n|\n|t:|1700771052\n|switch|p1a: Mawile|Mawile, M|100\/100\n|-activate|p1a: Mawile|move: Sticky Web\n|-unboost|p1a: Mawile|spe|1\n|-ability|p1a: Mawile|Intimidate|boost\n|-unboost|p2a: Gyarados|atk|1\n|turn|21\n|\n|t:|1700771060\n|switch|p2a: Gliscor|Gliscor, M|75\/100 tox\n|-damage|p2a: Gliscor|63\/100 tox|[from] Stealth Rock\n|detailschange|p1a: Mawile|Mawile-Mega, M\n|-mega|p1a: Mawile|Mawile|Mawilite\n|move|p1a: Mawile|Play Rough|p2a: Gliscor\n|-damage|p2a: Gliscor|19\/100 tox\n|\n|-heal|p2a: Gliscor|31\/100 tox|[from] ability: Poison Heal\n|upkeep\n|turn|22\n|\n|t:|1700771070\n|switch|p1a: Latias|Latias, F|78\/100\n|move|p2a: Gliscor|Protect||[still]\n|-fail|p2a: Gliscor\n|\n|-heal|p2a: Gliscor|44\/100 tox|[from] ability: Poison Heal\n|upkeep\n|turn|23\n|\n|t:|1700771088\n|switch|p2a: Gyarados|Gyarados-Mega, F|47\/100\n|-damage|p2a: Gyarados|34\/100|[from] Stealth Rock\n|-ability|p2a: Gyarados|Mold Breaker\n|move|p1a: Latias|Surf|p2a: Gyarados\n|-resisted|p2a: Gyarados\n|-damage|p2a: Gyarados|19\/100\n|-damage|p1a: Latias|68\/100|[from] item: Life Orb\n|\n|upkeep\n|turn|24\n|\n|t:|1700771098\n|move|p1a: Latias|Draco Meteor|p2a: Gyarados\n|-damage|p2a: Gyarados|0 fnt\n|-unboost|p1a: Latias|spa|2\n|faint|p2a: Gyarados\n|-damage|p1a: Latias|58\/100|[from] item: Life Orb\n|\n|upkeep\n|\n|t:|1700771104\n|switch|p2a: Xurkitree|Xurkitree|100\/100\n|-damage|p2a: Xurkitree|88\/100|[from] Stealth Rock\n|turn|25\n|\n|t:|1700771109\n|switch|p1a: Ferrothorn|Ferrothorn, F|57\/100\n|-activate|p1a: Ferrothorn|move: Sticky Web\n|-unboost|p1a: Ferrothorn|spe|1\n|-zpower|p2a: Xurkitree\n|move|p2a: Xurkitree|Z-Hypnosis|p1a: Ferrothorn|[anim]Hypnosis|[miss]\n|-boost|p2a: Xurkitree|spe|1|[zeffect]\n|-miss|p2a: Xurkitree|p1a: Ferrothorn\n|\n|upkeep\n|turn|26\n|\n|t:|1700771120\n|move|p2a: Xurkitree|Hidden Power|p1a: Ferrothorn\n|-damage|p1a: Ferrothorn|41\/100\n|move|p1a: Ferrothorn|Leech Seed|p2a: Xurkitree\n|-start|p2a: Xurkitree|move: Leech Seed\n|\n|-damage|p2a: Xurkitree|76\/100|[from] Leech Seed|[of] p1a: Ferrothorn\n|-heal|p1a: Ferrothorn|52\/100|[silent]\n|upkeep\n|turn|27\n|\n|t:|1700771127\n|move|p2a: Xurkitree|Tail Glow|p2a: Xurkitree\n|-boost|p2a: Xurkitree|spa|3\n|move|p1a: Ferrothorn|Power Whip|p2a: Xurkitree\n|-damage|p2a: Xurkitree|17\/100\n|\n|-damage|p2a: Xurkitree|5\/100|[from] Leech Seed|[of] p1a: Ferrothorn\n|-heal|p1a: Ferrothorn|63\/100|[silent]\n|upkeep\n|turn|28\n|\n|t:|1700771142\n|move|p2a: Xurkitree|Hidden Power|p1a: Ferrothorn\n|-damage|p1a: Ferrothorn|21\/100\n|move|p1a: Ferrothorn|Knock Off|p2a: Xurkitree\n|-damage|p2a: Xurkitree|0 fnt\n|faint|p2a: Xurkitree\n|\n|upkeep\n|\n|t:|1700771148\n|switch|p2a: Gliscor|Gliscor, M|44\/100 tox\n|-damage|p2a: Gliscor|31\/100 tox|[from] Stealth Rock\n|turn|29\n|\n|t:|1700771152\n|move|p2a: Gliscor|Earthquake|p1a: Ferrothorn\n|-damage|p1a: Ferrothorn|0 fnt\n|faint|p1a: Ferrothorn\n|\n|-heal|p2a: Gliscor|44\/100 tox|[from] ability: Poison Heal\n|upkeep\n|\n|t:|1700771165\n|switch|p1a: Latias|Latias, F|58\/100\n|turn|30\n|\n|t:|1700771174\n|-terastallize|p2a: Gliscor|Water\n|move|p1a: Latias|Draco Meteor|p2a: Gliscor|[miss]\n|-miss|p1a: Latias|p2a: Gliscor\n|move|p2a: Gliscor|Toxic|p1a: Latias\n|-status|p1a: Latias|tox\n|\n|-damage|p1a: Latias|52\/100 tox|[from] psn\n|-heal|p2a: Gliscor|56\/100 tox|[from] ability: Poison Heal\n|upkeep\n|turn|31\n|\n|t:|1700771185\n|switch|p1a: Primarina|Primarina, M|100\/100\n|-activate|p1a: Primarina|move: Sticky Web\n|-unboost|p1a: Primarina|spe|1\n|switch|p2a: Zapdos|Zapdos|26\/100\n|-damage|p2a: Zapdos|2\/100|[from] Stealth Rock\n|\n|upkeep\n|turn|32\n|\n|t:|1700771195\n|-terastallize|p1a: Primarina|Fairy\n|move|p2a: Zapdos|Roost|p2a: Zapdos\n|-heal|p2a: Zapdos|52\/100\n|-singleturn|p2a: Zapdos|move: Roost\n|move|p1a: Primarina|Moonblast|p2a: Zapdos\n|-damage|p2a: Zapdos|0 fnt\n|faint|p2a: Zapdos\n|\n|upkeep\n|\n|t:|1700771204\n|switch|p2a: Gliscor|Gliscor, M, tera:Water|56\/100 tox\n|-damage|p2a: Gliscor|44\/100 tox|[from] Stealth Rock\n|turn|33\n|inactive|Hittite Jumpscare has 120 seconds left.\n|\n|t:|1700771248\n|move|p2a: Gliscor|Toxic|p1a: Primarina\n|-status|p1a: Primarina|tox\n|move|p1a: Primarina|Moonblast|p2a: Gliscor\n|-damage|p2a: Gliscor|0 fnt\n|faint|p2a: Gliscor\n|\n|win|wildflower13\n|raw|wildflower13's rating: 1723 &rarr; <strong>1734<\/strong><br \/>(+11 for winning)\n|raw|Hittite Jumpscare's rating: 1547 &rarr; <strong>1536<\/strong><br \/>(-11 for losing)\n|c|\u2606Hittite Jumpscare|gg\n|c|\u2606wildflower13|gg\n","uploadtime":1700771271,"views":7,"p1id":"wildflower13","p2id":"hittitejumpscare","formatid":"gen9nationaldex","rating":1536,"private":0,"password":""}