{"id":"gen9nationaldex-1993252326","p1":"Golden boiii","p2":"ananananji","format":"[Gen 9] National Dex","log":"|j|\u2606Golden boiii\n|j|\u2606ananananji\n|t:|1700284574\n|gametype|singles\n|player|p1|Golden boiii|preschooler|1348\n|player|p2|ananananji|266|1363\n|teamsize|p1|6\n|teamsize|p2|6\n|gen|9\n|tier|[Gen 9] National Dex\n|rated|\n|rule|HP Percentage Mod: HP is shown in percentages\n|rule|Endless Battle Clause: Forcing endless battles is banned\n|rule|OHKO Clause: OHKO moves are banned\n|rule|Evasion Clause: Evasion abilities, items, and moves are banned\n|rule|Evasion Abilities Clause: Evasion abilities are banned\n|rule|Evasion Items Clause: Evasion items are banned\n|rule|Evasion Moves Clause: Evasion moves are banned\n|rule|Species Clause: Limit one of each Pok\u00e9mon\n|rule|Sleep Clause Mod: Limit one foe put to sleep\n|clearpoke\n|poke|p1|Tapu Koko|\n|poke|p1|Buzzwole|\n|poke|p1|Dragonite, M|\n|poke|p1|Iron Moth|\n|poke|p1|Grimmsnarl, M|\n|poke|p1|Torterra, M|\n|poke|p2|Pelipper, M|\n|poke|p2|Ferrothorn, F|\n|poke|p2|Samurott-Hisui, M|\n|poke|p2|Swampert, M|\n|poke|p2|Zapdos|\n|poke|p2|Armaldo, M|\n|teampreview\n|inactive|Battle timer is ON: inactive players will automatically lose when time's up. (requested by Golden boiii)\n|\n|t:|1700284583\n|start\n|switch|p1a: Geen|Torterra, M, shiny|100\/100\n|switch|p2a: Swampert|Swampert, M|100\/100\n|turn|1\n|\n|t:|1700284592\n|detailschange|p2a: Swampert|Swampert-Mega, M\n|-mega|p2a: Swampert|Swampert|Swampertite\n|-terastallize|p1a: Geen|Grass\n|move|p1a: Geen|Shell Smash|p1a: Geen\n|-unboost|p1a: Geen|def|1\n|-unboost|p1a: Geen|spd|1\n|-boost|p1a: Geen|atk|2\n|-boost|p1a: Geen|spa|2\n|-boost|p1a: Geen|spe|2\n|-enditem|p1a: Geen|White Herb\n|-clearnegativeboost|p1a: Geen|[silent]\n|move|p2a: Swampert|Ice Punch|p1a: Geen\n|-supereffective|p1a: Geen\n|-damage|p1a: Geen|39\/100\n|\n|upkeep\n|turn|2\n|\n|t:|1700284605\n|switch|p2a: Ferrothorn|Ferrothorn, F|100\/100\n|move|p1a: Geen|Wood Hammer|p2a: Ferrothorn\n|-resisted|p2a: Ferrothorn\n|-damage|p2a: Ferrothorn|79\/100\n|-damage|p1a: Geen|26\/100|[from] ability: Iron Barbs|[of] p2a: Ferrothorn\n|-damage|p1a: Geen|10\/100|[from] item: Rocky Helmet|[of] p2a: Ferrothorn\n|-damage|p1a: Geen|2\/100|[from] Recoil\n|\n|upkeep\n|turn|3\n|\n|t:|1700284620\n|switch|p2a: Pelipper|Pelipper, M|100\/100\n|-weather|RainDance|[from] ability: Drizzle|[of] p2a: Pelipper\n|move|p1a: Geen|Headlong Rush|p2a: Pelipper\n|-immune|p2a: Pelipper\n|\n|-weather|RainDance|[upkeep]\n|upkeep\n|turn|4\n|\n|t:|1700284627\n|move|p1a: Geen|Wood Hammer|p2a: Pelipper\n|-damage|p2a: Pelipper|0 fnt\n|faint|p2a: Pelipper\n|-damage|p1a: Geen|0 fnt|[from] Recoil\n|faint|p1a: Geen\n|\n|-weather|RainDance|[upkeep]\n|upkeep\n|\n|t:|1700284648\n|switch|p2a: Armaldo|Armaldo, M|100\/100\n|switch|p1a: A man|Grimmsnarl, M|100\/100\n|turn|5\n|\n|t:|1700284655\n|-terastallize|p2a: Armaldo|Water\n|move|p1a: A man|Reflect|p1a: A man\n|-sidestart|p1: Golden boiii|Reflect\n|move|p2a: Armaldo|Liquidation|p1a: A man\n|-damage|p1a: A man|52\/100\n|-unboost|p1a: A man|def|1\n|\n|-weather|RainDance|[upkeep]\n|-heal|p1a: A man|58\/100|[from] item: Leftovers\n|upkeep\n|turn|6\n|\n|t:|1700284662\n|move|p1a: A man|Parting Shot|p2a: Armaldo\n|-unboost|p2a: Armaldo|atk|1\n|-unboost|p2a: Armaldo|spa|1\n|\n|t:|1700284667\n|switch|p1a: I\u2019m beggin|Buzzwole, shiny|100\/100|[from] Parting Shot\n|move|p2a: Armaldo|Liquidation|p1a: I\u2019m beggin\n|-damage|p1a: I\u2019m beggin|73\/100\n|-unboost|p1a: I\u2019m beggin|def|1\n|\n|-weather|RainDance|[upkeep]\n|upkeep\n|turn|7\n|\n|t:|1700284680\n|switch|p2a: Ferrothorn|Ferrothorn, F|79\/100\n|move|p1a: I\u2019m beggin|Close Combat|p2a: Ferrothorn\n|-supereffective|p2a: Ferrothorn\n|-damage|p2a: Ferrothorn|0 fnt\n|-unboost|p1a: I\u2019m beggin|def|1\n|-unboost|p1a: I\u2019m beggin|spd|1\n|-damage|p1a: I\u2019m beggin|61\/100|[from] ability: Iron Barbs|[of] p2a: Ferrothorn\n|-damage|p1a: I\u2019m beggin|44\/100|[from] item: Rocky Helmet|[of] p2a: Ferrothorn\n|faint|p2a: Ferrothorn\n|-ability|p1a: I\u2019m beggin|Beast Boost|boost\n|-boost|p1a: I\u2019m beggin|atk|1\n|\n|-weather|none\n|upkeep\n|\n|t:|1700284684\n|switch|p2a: Zapdos|Zapdos|100\/100\n|turn|8\n|\n|t:|1700284690\n|switch|p1a: Pipe Bomb|Tapu Koko|100\/100\n|-fieldstart|move: Electric Terrain|[from] ability: Electric Surge|[of] p1a: Pipe Bomb\n|move|p2a: Zapdos|Hurricane|p1a: Pipe Bomb\n|-resisted|p1a: Pipe Bomb\n|-damage|p1a: Pipe Bomb|54\/100\n|-start|p1a: Pipe Bomb|confusion\n|\n|upkeep\n|turn|9\n|c|\u2606Golden boiii|How did you get double defense drop, then hurricane confusion\n|\n|t:|1700284719\n|-activate|p1a: Pipe Bomb|confusion\n|-damage|p1a: Pipe Bomb|42\/100|[from] confusion\n|move|p2a: Zapdos|Hurricane|p1a: Pipe Bomb\n|-resisted|p1a: Pipe Bomb\n|-damage|p1a: Pipe Bomb|0 fnt\n|faint|p1a: Pipe Bomb\n|\n|-sideend|p1: Golden boiii|Reflect\n|upkeep\n|c|\u2606Golden boiii|Oml\n|inactive|Golden boiii has 120 seconds left.\n|\n|t:|1700284729\n|switch|p1a: Robocop|Iron Moth, shiny|100\/100\n|-activate|p1a: Robocop|ability: Quark Drive\n|-start|p1a: Robocop|quarkdrivespe\n|turn|10\n|\n|t:|1700284738\n|switch|p2a: Armaldo|Armaldo, M, tera:Water|100\/100\n|move|p1a: Robocop|Fiery Dance|p2a: Armaldo\n|-resisted|p2a: Armaldo\n|-damage|p2a: Armaldo|70\/100\n|\n|upkeep\n|turn|11\n|\n|t:|1700284744\n|move|p2a: Armaldo|Aqua Jet|p1a: Robocop\n|-supereffective|p1a: Robocop\n|-damage|p1a: Robocop|5\/100\n|move|p1a: Robocop|Energy Ball|p2a: Armaldo\n|-supereffective|p2a: Armaldo\n|-crit|p2a: Armaldo\n|-damage|p2a: Armaldo|0 fnt\n|faint|p2a: Armaldo\n|\n|upkeep\n|\n|t:|1700284747\n|switch|p2a: Samurott|Samurott-Hisui, M|100\/100\n|turn|12\n|\n|t:|1700284752\n|move|p2a: Samurott|Sucker Punch|p1a: Robocop\n|-damage|p1a: Robocop|0 fnt\n|faint|p1a: Robocop\n|-end|p1a: Robocop|Quark Drive|[silent]\n|\n|-fieldend|move: Electric Terrain\n|upkeep\n|\n|t:|1700284755\n|switch|p1a: I\u2019m beggin|Buzzwole, shiny|44\/100\n|turn|13\n|\n|t:|1700284759\n|switch|p2a: Zapdos|Zapdos|100\/100\n|move|p1a: I\u2019m beggin|Close Combat|p2a: Zapdos\n|-resisted|p2a: Zapdos\n|-damage|p2a: Zapdos|68\/100\n|-unboost|p1a: I\u2019m beggin|def|1\n|-unboost|p1a: I\u2019m beggin|spd|1\n|\n|upkeep\n|turn|14\n|\n|t:|1700284763\n|move|p1a: I\u2019m beggin|Close Combat|p2a: Zapdos\n|-resisted|p2a: Zapdos\n|-damage|p2a: Zapdos|36\/100\n|-unboost|p1a: I\u2019m beggin|def|1\n|-unboost|p1a: I\u2019m beggin|spd|1\n|-status|p1a: I\u2019m beggin|par|[from] ability: Static|[of] p2a: Zapdos\n|move|p2a: Zapdos|Roost|p2a: Zapdos\n|-heal|p2a: Zapdos|86\/100\n|-singleturn|p2a: Zapdos|move: Roost\n|\n|upkeep\n|turn|15\n|c|\u2606Golden boiii|And then static\n|\n|t:|1700284772\n|move|p2a: Zapdos|Discharge|p1a: I\u2019m beggin\n|-damage|p1a: I\u2019m beggin|0 fnt\n|faint|p1a: I\u2019m beggin\n|\n|upkeep\n|c|\u2606Golden boiii|brooooooo\n|\n|t:|1700284777\n|switch|p1a: A man|Grimmsnarl, M|58\/100\n|turn|16\n|\n|t:|1700284780\n|move|p1a: A man|Light Screen|p1a: A man\n|-sidestart|p1: Golden boiii|move: Light Screen\n|move|p2a: Zapdos|Discharge|p1a: A man\n|-damage|p1a: A man|37\/100\n|\n|-heal|p1a: A man|43\/100|[from] item: Leftovers\n|upkeep\n|turn|17\n|\n|t:|1700284785\n|move|p2a: Zapdos|Discharge|p1a: A man\n|-damage|p1a: A man|20\/100\n|move|p1a: A man|Spirit Break|p2a: Zapdos\n|-damage|p2a: Zapdos|57\/100\n|-unboost|p2a: Zapdos|spa|1\n|-status|p1a: A man|par|[from] ability: Static|[of] p2a: Zapdos\n|\n|-heal|p1a: A man|26\/100 par|[from] item: Leftovers\n|upkeep\n|turn|18\n|c|\u2606Golden boiii|OH MY GODDDD\n|c|\u2606Golden boiii|My worst game\n|\n|t:|1700284801\n|move|p2a: Zapdos|Roost|p2a: Zapdos\n|-heal|p2a: Zapdos|100\/100\n|-singleturn|p2a: Zapdos|move: Roost\n|move|p1a: A man|Spirit Break|p2a: Zapdos\n|-damage|p2a: Zapdos|70\/100\n|-unboost|p2a: Zapdos|spa|1\n|\n|-heal|p1a: A man|32\/100 par|[from] item: Leftovers\n|upkeep\n|turn|19\n|\n|t:|1700284809\n|move|p2a: Zapdos|Discharge|p1a: A man\n|-damage|p1a: A man|21\/100 par\n|move|p1a: A man|Spirit Break|p2a: Zapdos\n|-damage|p2a: Zapdos|39\/100\n|-unboost|p2a: Zapdos|spa|1\n|\n|-heal|p1a: A man|27\/100 par|[from] item: Leftovers\n|upkeep\n|turn|20\n|\n|t:|1700284816\n|move|p2a: Zapdos|Roost|p2a: Zapdos\n|-heal|p2a: Zapdos|89\/100\n|-singleturn|p2a: Zapdos|move: Roost\n|move|p1a: A man|Spirit Break|p2a: Zapdos\n|-damage|p2a: Zapdos|58\/100\n|-unboost|p2a: Zapdos|spa|1\n|\n|-heal|p1a: A man|33\/100 par|[from] item: Leftovers\n|-sideend|p1: Golden boiii|move: Light Screen\n|upkeep\n|turn|21\n|\n|t:|1700284819\n|switch|p2a: Swampert|Swampert-Mega, M|100\/100\n|move|p1a: A man|Spirit Break|p2a: Swampert\n|-damage|p2a: Swampert|76\/100\n|-unboost|p2a: Swampert|spa|1\n|\n|-heal|p1a: A man|39\/100 par|[from] item: Leftovers\n|upkeep\n|turn|22\n|\n|t:|1700284827\n|move|p1a: A man|Reflect|p1a: A man\n|-sidestart|p1: Golden boiii|Reflect\n|move|p2a: Swampert|Flip Turn|p1a: A man\n|-damage|p1a: A man|22\/100 par\n|\n|t:|1700284831\n|switch|p2a: Zapdos|Zapdos|58\/100|[from] Flip Turn\n|\n|-heal|p1a: A man|29\/100 par|[from] item: Leftovers\n|upkeep\n|turn|23\n|\n|t:|1700284838\n|move|p1a: A man|Light Screen|p1a: A man\n|-sidestart|p1: Golden boiii|move: Light Screen\n|move|p2a: Zapdos|Discharge|p1a: A man\n|-damage|p1a: A man|8\/100 par\n|\n|-heal|p1a: A man|14\/100 par|[from] item: Leftovers\n|upkeep\n|turn|24\n|\n|t:|1700284843\n|move|p2a: Zapdos|Discharge|p1a: A man\n|-damage|p1a: A man|0 fnt\n|faint|p1a: A man\n|\n|upkeep\n|\n|t:|1700284845\n|switch|p1a: Yoshi|Dragonite, M, shiny|100\/100\n|turn|25\n|\n|t:|1700284849\n|move|p1a: Yoshi|Dragon Dance|p1a: Yoshi\n|-boost|p1a: Yoshi|atk|1\n|-boost|p1a: Yoshi|spe|1\n|move|p2a: Zapdos|Defog|p1a: Yoshi\n|-unboost|p1a: Yoshi|evasion|1\n|-sideend|p1: Golden boiii|Reflect\n|-sideend|p1: Golden boiii|move: Light Screen\n|\n|upkeep\n|turn|26\n|\n|t:|1700284856\n|move|p1a: Yoshi|Outrage|p2a: Zapdos\n|-damage|p2a: Zapdos|0 fnt\n|-status|p1a: Yoshi|par|[from] ability: Static|[of] p2a: Zapdos\n|faint|p2a: Zapdos\n|\n|upkeep\n|\n|t:|1700284859\n|switch|p2a: Samurott|Samurott-Hisui, M|100\/100\n|turn|27\n|c|\u2606Golden boiii|YOU HAVE TO BE KIDDING\n|c|\u2606Golden boiii|WHAT THE FUCK\n|\n|t:|1700284867\n|move|p2a: Samurott|Ceaseless Edge|p1a: Yoshi\n|-damage|p1a: Yoshi|78\/100 par\n|-sidestart|p1: Golden boiii|Spikes\n|cant|p1a: Yoshi|par\n|\n|-start|p1a: Yoshi|confusion|[fatigue]\n|upkeep\n|turn|28\n|c|\u2606Golden boiii|I HAVE NO WORDS\n|\n|t:|1700284877\n|move|p2a: Samurott|Ceaseless Edge|p1a: Yoshi\n|-damage|p1a: Yoshi|28\/100 par\n|-sidestart|p1: Golden boiii|Spikes\n|-activate|p1a: Yoshi|confusion\n|move|p1a: Yoshi|Dragon Dance|p1a: Yoshi\n|-boost|p1a: Yoshi|atk|1\n|-boost|p1a: Yoshi|spe|1\n|\n|upkeep\n|turn|29\n|\n|t:|1700284884\n|-activate|p1a: Yoshi|confusion\n|cant|p1a: Yoshi|par\n|move|p2a: Samurott|Sucker Punch||[still]\n|-fail|p2a: Samurott\n|\n|upkeep\n|turn|30\n|\n|t:|1700284887\n|-end|p1a: Yoshi|confusion\n|move|p1a: Yoshi|Extreme Speed|p2a: Samurott\n|-damage|p2a: Samurott|30\/100\n|move|p2a: Samurott|Ceaseless Edge|p1a: Yoshi\n|-crit|p1a: Yoshi\n|-damage|p1a: Yoshi|0 fnt\n|-sidestart|p1: Golden boiii|Spikes\n|faint|p1a: Yoshi\n|\n|win|ananananji\n|raw|Golden boiii's rating: 1348 &rarr; <strong>1329<\/strong><br \/>(-19 for losing)\n|raw|ananananji's rating: 1363 &rarr; <strong>1382<\/strong><br \/>(+19 for winning)\n","uploadtime":1700284897,"views":11,"p1id":"goldenboiii","p2id":"ananananji","formatid":"gen9nationaldex","rating":1329,"private":0,"password":""}