{"id":"gen9nationaldex-1991703899","p1":"YellowTreeOfSorrow","p2":"as cheu","format":"[Gen 9] National Dex","log":"|j|\u2606YellowTreeOfSorrow\n|j|\u2606as cheu\n|t:|1700104677\n|gametype|singles\n|player|p1|YellowTreeOfSorrow|lusamine|1404\n|player|p2|as cheu|101|1434\n|teamsize|p1|6\n|teamsize|p2|6\n|gen|9\n|tier|[Gen 9] National Dex\n|rated|\n|rule|HP Percentage Mod: HP is shown in percentages\n|rule|Endless Battle Clause: Forcing endless battles is banned\n|rule|OHKO Clause: OHKO moves are banned\n|rule|Evasion Clause: Evasion abilities, items, and moves are banned\n|rule|Evasion Abilities Clause: Evasion abilities are banned\n|rule|Evasion Items Clause: Evasion items are banned\n|rule|Evasion Moves Clause: Evasion moves are banned\n|rule|Species Clause: Limit one of each Pok\u00e9mon\n|rule|Sleep Clause Mod: Limit one foe put to sleep\n|clearpoke\n|poke|p1|Zapdos|\n|poke|p1|Volcarona, M|\n|poke|p1|Chansey, F|\n|poke|p1|Garganacl, M|\n|poke|p1|Urshifu-*, F|\n|poke|p1|Gallade, M|\n|poke|p2|Steelix, M|\n|poke|p2|Hatterene, F|\n|poke|p2|Greninja-*, M|\n|poke|p2|Medicham, F|\n|poke|p2|Marowak-Alola, M|\n|poke|p2|Salamence, M|\n|teampreview\n|inactive|Battle timer is ON: inactive players will automatically lose when time's up. (requested by as cheu)\n|\n|t:|1700104692\n|start\n|switch|p1a: Urshifu|Urshifu-Rapid-Strike, F|100\/100\n|switch|p2a: Greninja|Greninja, M|100\/100\n|turn|1\n|\n|t:|1700104700\n|move|p2a: Greninja|Grass Knot|p1a: Urshifu\n|-start|p2a: Greninja|typechange|Grass|[from] ability: Protean\n|-supereffective|p1a: Urshifu\n|-damage|p1a: Urshifu|0 fnt\n|faint|p1a: Urshifu\n|\n|upkeep\n|\n|t:|1700104709\n|switch|p1a: Volcarona|Volcarona, M|100\/100\n|turn|2\n|\n|t:|1700104712\n|switch|p2a: Marowak|Marowak-Alola, M|100\/100\n|move|p1a: Volcarona|Quiver Dance|p1a: Volcarona\n|-boost|p1a: Volcarona|spa|1\n|-boost|p1a: Volcarona|spd|1\n|-boost|p1a: Volcarona|spe|1\n|\n|upkeep\n|turn|3\n|\n|t:|1700104721\n|move|p1a: Volcarona|Hidden Power|p2a: Marowak\n|-supereffective|p2a: Marowak\n|-damage|p2a: Marowak|23\/100\n|move|p2a: Marowak|Flare Blitz|p1a: Volcarona\n|-damage|p1a: Volcarona|0 fnt\n|faint|p1a: Volcarona\n|\n|upkeep\n|\n|t:|1700104728\n|switch|p1a: Gallade|Gallade, M|100\/100\n|turn|4\n|\n|t:|1700104735\n|move|p1a: Gallade|Shadow Sneak|p2a: Marowak\n|-supereffective|p2a: Marowak\n|-damage|p2a: Marowak|0 fnt\n|faint|p2a: Marowak\n|\n|upkeep\n|\n|t:|1700104752\n|switch|p2a: Hatterene|Hatterene, F|100\/100\n|turn|5\n|\n|t:|1700104758\n|switch|p1a: Garganacl|Garganacl, M|100\/100\n|move|p2a: Hatterene|Nuzzle|p1a: Garganacl\n|-damage|p1a: Garganacl|99\/100\n|-damage|p2a: Hatterene|84\/100|[from] item: Rocky Helmet|[of] p1a: Garganacl\n|\n|upkeep\n|turn|6\n|\n|t:|1700104767\n|move|p1a: Garganacl|Salt Cure|p2a: Hatterene\n|-damage|p2a: Hatterene|73\/100\n|-start|p2a: Hatterene|Salt Cure\n|move|p2a: Hatterene|Draining Kiss|p1a: Garganacl\n|-damage|p1a: Garganacl|77\/100\n|-heal|p2a: Hatterene|94\/100|[from] drain|[of] p1a: Garganacl\n|-damage|p2a: Hatterene|78\/100|[from] item: Rocky Helmet|[of] p1a: Garganacl\n|\n|-damage|p2a: Hatterene|65\/100|[from] Salt Cure\n|upkeep\n|turn|7\n|\n|t:|1700104779\n|switch|p2a: Steelix|Steelix, M|100\/100\n|move|p1a: Garganacl|Substitute|p1a: Garganacl\n|-start|p1a: Garganacl|Substitute\n|-damage|p1a: Garganacl|52\/100\n|\n|upkeep\n|turn|8\n|\n|t:|1700104784\n|move|p1a: Garganacl|Salt Cure|p2a: Steelix\n|-resisted|p2a: Steelix\n|-damage|p2a: Steelix|99\/100\n|-start|p2a: Steelix|Salt Cure\n|move|p2a: Steelix|Earthquake|p1a: Garganacl\n|-supereffective|p1a: Garganacl\n|-end|p1a: Garganacl|Substitute\n|\n|-damage|p2a: Steelix|74\/100|[from] Salt Cure\n|upkeep\n|turn|9\n|\n|t:|1700104792\n|-terastallize|p1a: Garganacl|Water\n|move|p1a: Garganacl|Substitute|p1a: Garganacl\n|-start|p1a: Garganacl|Substitute\n|-damage|p1a: Garganacl|27\/100\n|move|p2a: Steelix|Stealth Rock|p1a: Garganacl\n|-sidestart|p1: YellowTreeOfSorrow|move: Stealth Rock\n|\n|-damage|p2a: Steelix|49\/100|[from] Salt Cure\n|upkeep\n|turn|10\n|\n|t:|1700104799\n|move|p1a: Garganacl|Stealth Rock|p2a: Steelix\n|-sidestart|p2: as cheu|move: Stealth Rock\n|move|p2a: Steelix|Explosion|p1a: Garganacl\n|-end|p1a: Garganacl|Substitute\n|faint|p2a: Steelix\n|\n|upkeep\n|\n|t:|1700104802\n|switch|p2a: Medicham|Medicham, F|100\/100\n|-damage|p2a: Medicham|94\/100|[from] Stealth Rock\n|turn|11\n|\n|t:|1700104808\n|detailschange|p2a: Medicham|Medicham-Mega, F\n|-mega|p2a: Medicham|Medicham|Medichamite\n|move|p2a: Medicham|Psycho Cut|p1a: Garganacl\n|-damage|p1a: Garganacl|0 fnt\n|faint|p1a: Garganacl\n|\n|upkeep\n|\n|t:|1700104813\n|switch|p1a: Zapdos|Zapdos|100\/100\n|turn|12\n|\n|t:|1700104823\n|switch|p2a: Salamence|Salamence, M|100\/100\n|-ability|p2a: Salamence|Intimidate|boost\n|-unboost|p1a: Zapdos|atk|1\n|move|p1a: Zapdos|Thunderbolt|p2a: Salamence\n|-damage|p2a: Salamence|53\/100\n|\n|upkeep\n|turn|13\n|\n|t:|1700104830\n|move|p1a: Zapdos|Hidden Power|p2a: Salamence\n|-supereffective|p2a: Salamence\n|-damage|p2a: Salamence|0 fnt\n|faint|p2a: Salamence\n|\n|upkeep\n|\n|t:|1700104835\n|switch|p2a: Greninja|Greninja, M|100\/100\n|-damage|p2a: Greninja|88\/100|[from] Stealth Rock\n|turn|14\n|\n|t:|1700104842\n|switch|p2a: Medicham|Medicham-Mega, F|94\/100\n|-damage|p2a: Medicham|88\/100|[from] Stealth Rock\n|switch|p1a: Chansey|Chansey, F|100\/100\n|-damage|p1a: Chansey|88\/100|[from] Stealth Rock\n|\n|upkeep\n|turn|15\n|\n|t:|1700104847\n|move|p2a: Medicham|Psycho Cut|p1a: Chansey\n|-damage|p1a: Chansey|52\/100\n|move|p1a: Chansey|Toxic|p2a: Medicham\n|-status|p2a: Medicham|tox\n|\n|-damage|p2a: Medicham|82\/100 tox|[from] psn\n|upkeep\n|turn|16\n|\n|t:|1700104851\n|move|p2a: Medicham|Psycho Cut|p1a: Chansey\n|-damage|p1a: Chansey|13\/100\n|move|p1a: Chansey|Wish|p1a: Chansey\n|\n|-damage|p2a: Medicham|70\/100 tox|[from] psn\n|upkeep\n|turn|17\n|\n|t:|1700104856\n|move|p1a: Chansey|Protect|p1a: Chansey\n|-singleturn|p1a: Chansey|Protect\n|move|p2a: Medicham|Close Combat|p1a: Chansey\n|-activate|p1a: Chansey|move: Protect\n|\n|-heal|p1a: Chansey|63\/100|[from] move: Wish|[wisher] Chansey\n|-damage|p2a: Medicham|51\/100 tox|[from] psn\n|upkeep\n|turn|18\n|\n|t:|1700104868\n|switch|p1a: Zapdos|Zapdos|100\/100\n|move|p2a: Medicham|Ice Punch|p1a: Zapdos\n|-supereffective|p1a: Zapdos\n|-crit|p1a: Zapdos\n|-damage|p1a: Zapdos|0 fnt\n|faint|p1a: Zapdos\n|\n|-damage|p2a: Medicham|27\/100 tox|[from] psn\n|upkeep\n|\n|t:|1700104873\n|switch|p1a: Chansey|Chansey, F|63\/100\n|-damage|p1a: Chansey|51\/100|[from] Stealth Rock\n|turn|19\n|\n|t:|1700104877\n|move|p2a: Medicham|Close Combat|p1a: Chansey\n|-supereffective|p1a: Chansey\n|-damage|p1a: Chansey|0 fnt\n|-unboost|p2a: Medicham|def|1\n|-unboost|p2a: Medicham|spd|1\n|faint|p1a: Chansey\n|\n|-damage|p2a: Medicham|0 fnt|[from] psn\n|faint|p2a: Medicham\n|upkeep\n|\n|t:|1700104882\n|switch|p2a: Hatterene|Hatterene, F|65\/100\n|switch|p1a: Gallade|Gallade, M|100\/100\n|-damage|p1a: Gallade|94\/100|[from] Stealth Rock\n|-damage|p2a: Hatterene|53\/100|[from] Stealth Rock\n|turn|20\n|\n|t:|1700104886\n|detailschange|p1a: Gallade|Gallade-Mega, M\n|-mega|p1a: Gallade|Gallade|Galladite\n|move|p1a: Gallade|Shadow Sneak|p2a: Hatterene\n|-supereffective|p2a: Hatterene\n|-damage|p2a: Hatterene|28\/100\n|move|p2a: Hatterene|Nuzzle|p1a: Gallade\n|-damage|p1a: Gallade|89\/100\n|-status|p1a: Gallade|par\n|\n|upkeep\n|turn|21\n|\n|t:|1700104892\n|move|p1a: Gallade|Shadow Sneak|p2a: Hatterene\n|-supereffective|p2a: Hatterene\n|-damage|p2a: Hatterene|0 fnt\n|faint|p2a: Hatterene\n|\n|upkeep\n|\n|t:|1700104895\n|switch|p2a: Greninja|Greninja, M|88\/100\n|-damage|p2a: Greninja|76\/100|[from] Stealth Rock\n|turn|22\n|\n|t:|1700104901\n|-terastallize|p2a: Greninja|Water\n|move|p2a: Greninja|Hydro Pump|p1a: Gallade\n|-damage|p1a: Gallade|18\/100 par\n|cant|p1a: Gallade|par\n|\n|upkeep\n|turn|23\n|\n|t:|1700104907\n|move|p1a: Gallade|Shadow Sneak|p2a: Greninja\n|-damage|p2a: Greninja|46\/100\n|move|p2a: Greninja|Hydro Pump|p1a: Gallade\n|-damage|p1a: Gallade|0 fnt\n|faint|p1a: Gallade\n|\n|win|as cheu\n|raw|YellowTreeOfSorrow's rating: 1404 &rarr; <strong>1386<\/strong><br \/>(-18 for losing)\n|raw|as cheu's rating: 1434 &rarr; <strong>1452<\/strong><br \/>(+18 for winning)\n|l|\u2606YellowTreeOfSorrow\n","uploadtime":1700104920,"views":4,"p1id":"yellowtreeofsorrow","p2id":"ascheu","formatid":"gen9nationaldex","rating":1386,"private":0,"password":""}