{"id":"gen9nationaldex-1993371966","p1":"flysix","p2":"daybreak wave","format":"[Gen 9] National Dex","log":"|j|\u2606flysix\n|j|\u2606daybreak wave\n|t:|1700307880\n|gametype|singles\n|player|p1|flysix|rosa|1576\n|player|p2|daybreak wave|lillie-masters2|1467\n|teamsize|p1|6\n|teamsize|p2|6\n|gen|9\n|tier|[Gen 9] National Dex\n|rated|\n|rule|HP Percentage Mod: HP is shown in percentages\n|rule|Endless Battle Clause: Forcing endless battles is banned\n|rule|OHKO Clause: OHKO moves are banned\n|rule|Evasion Clause: Evasion abilities, items, and moves are banned\n|rule|Evasion Abilities Clause: Evasion abilities are banned\n|rule|Evasion Items Clause: Evasion items are banned\n|rule|Evasion Moves Clause: Evasion moves are banned\n|rule|Species Clause: Limit one of each Pok\u00e9mon\n|rule|Sleep Clause Mod: Limit one foe put to sleep\n|clearpoke\n|poke|p1|Torterra, M|\n|poke|p1|Ninetales-Alola, M|\n|poke|p1|Quaquaval, F|\n|poke|p1|Heatran, M|\n|poke|p1|Ceruledge, F|\n|poke|p1|Dragonite, F|\n|poke|p2|Nihilego|\n|poke|p2|Moltres|\n|poke|p2|Aegislash, M|\n|poke|p2|Ogerpon-Wellspring, F|\n|poke|p2|Clodsire, M|\n|poke|p2|Lopunny, F|\n|teampreview\n|inactive|Battle timer is ON: inactive players will automatically lose when time's up. (requested by flysix)\n|\n|t:|1700307890\n|start\n|switch|p1a: Quaquaval|Quaquaval, F|100\/100\n|switch|p2a: Lopunny|Lopunny, F|100\/100\n|turn|1\n|\n|t:|1700307897\n|detailschange|p2a: Lopunny|Lopunny-Mega, F\n|-mega|p2a: Lopunny|Lopunny|Lopunnite\n|move|p2a: Lopunny|Fake Out|p1a: Quaquaval\n|-crit|p1a: Quaquaval\n|-damage|p1a: Quaquaval|64\/100\n|cant|p1a: Quaquaval|flinch\n|\n|upkeep\n|turn|2\n|\n|t:|1700307914\n|move|p2a: Lopunny|Close Combat|p1a: Quaquaval\n|-damage|p1a: Quaquaval|0 fnt\n|-unboost|p2a: Lopunny|def|1\n|-unboost|p2a: Lopunny|spd|1\n|faint|p1a: Quaquaval\n|\n|upkeep\n|\n|t:|1700307922\n|switch|p1a: Heatran|Heatran, M|100\/100\n|turn|3\n|\n|t:|1700307933\n|switch|p2a: Clodsire|Clodsire, M|100\/100\n|switch|p1a: Dragonite|Dragonite, F|100\/100\n|\n|upkeep\n|turn|4\n|\n|t:|1700307939\n|switch|p1a: Heatran|Heatran, M|100\/100\n|move|p2a: Clodsire|Toxic|p1a: Heatran\n|-immune|p1a: Heatran\n|\n|upkeep\n|turn|5\n|\n|t:|1700307945\n|-zpower|p1a: Heatran\n|move|p1a: Heatran|Corkscrew Crash|p2a: Clodsire|[zeffect]\n|-damage|p2a: Clodsire|50\/100\n|move|p2a: Clodsire|Stealth Rock|p1a: Heatran\n|-sidestart|p1: flysix|move: Stealth Rock\n|\n|upkeep\n|turn|6\n|\n|t:|1700307951\n|move|p1a: Heatran|Magma Storm|p2a: Clodsire|[miss]\n|-miss|p1a: Heatran|p2a: Clodsire\n|move|p2a: Clodsire|Recover|p2a: Clodsire\n|-heal|p2a: Clodsire|99\/100\n|\n|upkeep\n|turn|7\n|\n|t:|1700307954\n|move|p1a: Heatran|Magma Storm|p2a: Clodsire\n|-damage|p2a: Clodsire|71\/100\n|-activate|p2a: Clodsire|move: Magma Storm|[of] p1a: Heatran\n|move|p2a: Clodsire|Earthquake|p1a: Heatran\n|-supereffective|p1a: Heatran\n|-damage|p1a: Heatran|0 fnt\n|faint|p1a: Heatran\n|\n|-end|p2a: Clodsire|Magma Storm|[partiallytrapped]|[silent]\n|upkeep\n|\n|t:|1700307960\n|switch|p1a: Torterra|Torterra, M|100\/100\n|-damage|p1a: Torterra|94\/100|[from] Stealth Rock\n|turn|8\n|\n|t:|1700307967\n|switch|p1a: Ninetales|Ninetales-Alola, M|100\/100\n|-damage|p1a: Ninetales|76\/100|[from] Stealth Rock\n|-weather|Snow|[from] ability: Snow Warning|[of] p1a: Ninetales\n|move|p2a: Clodsire|Toxic|p1a: Ninetales\n|-status|p1a: Ninetales|tox\n|\n|-weather|Snow|[upkeep]\n|-damage|p1a: Ninetales|70\/100 tox|[from] psn\n|upkeep\n|turn|9\n|\n|t:|1700307987\n|switch|p2a: Nihilego|Nihilego, shiny|100\/100\n|move|p1a: Ninetales|Safeguard|p1a: Ninetales\n|-sidestart|p1: flysix|Safeguard\n|\n|-weather|Snow|[upkeep]\n|-damage|p1a: Ninetales|58\/100 tox|[from] psn\n|upkeep\n|turn|10\n|\n|t:|1700307993\n|switch|p1a: Torterra|Torterra, M|94\/100\n|-damage|p1a: Torterra|88\/100|[from] Stealth Rock\n|move|p2a: Nihilego|Meteor Beam||[still]\n|-prepare|p2a: Nihilego|Meteor Beam\n|-boost|p2a: Nihilego|spa|1\n|-enditem|p2a: Nihilego|Power Herb\n|-anim|p2a: Nihilego|Meteor Beam|p1a: Torterra\n|-resisted|p1a: Torterra\n|-damage|p1a: Torterra|36\/100\n|\n|-weather|Snow|[upkeep]\n|upkeep\n|turn|11\n|\n|t:|1700308002\n|move|p2a: Nihilego|Sludge Wave|p1a: Torterra\n|-damage|p1a: Torterra|0 fnt\n|faint|p1a: Torterra\n|-ability|p2a: Nihilego|Beast Boost|boost\n|-boost|p2a: Nihilego|spe|1\n|\n|-weather|Snow|[upkeep]\n|upkeep\n|-message|flysix forfeited.\n|\n|win|daybreak wave\n|raw|flysix's rating: 1576 &rarr; <strong>1550<\/strong><br \/>(-26 for losing)\n|raw|daybreak wave's rating: 1467 &rarr; <strong>1493<\/strong><br \/>(+26 for winning)\n|l|\u2606flysix\n","uploadtime":1700308011,"views":6,"p1id":"flysix","p2id":"daybreakwave","formatid":"gen9nationaldex","rating":1493,"private":0,"password":""}