{"id":"gen9nationaldex-1995480882","p1":"duskwolf64","p2":"noon49","format":"[Gen 9] National Dex","log":"|html|<div class=\"broadcast-blue\"><strong>[Gen 9] National Dex is currently suspecting Sneasler! For information on how to participate check out the <a href=\"https:\/\/www.smogon.com\/forums\/threads\/sv-national-dex-suspect-8-just-dance.3731534\/\">suspect thread<\/a>.<\/strong><\/div>\n|j|\u2606duskwolf64\n|j|\u2606noon49\n|t:|1700575538\n|gametype|singles\n|player|p1|duskwolf64|hilbert|1696\n|player|p2|noon49|red|1785\n|teamsize|p1|6\n|teamsize|p2|6\n|gen|9\n|tier|[Gen 9] National Dex\n|rated|\n|rule|HP Percentage Mod: HP is shown in percentages\n|rule|Endless Battle Clause: Forcing endless battles is banned\n|rule|OHKO Clause: OHKO moves are banned\n|rule|Evasion Clause: Evasion abilities, items, and moves are banned\n|rule|Evasion Abilities Clause: Evasion abilities are banned\n|rule|Evasion Items Clause: Evasion items are banned\n|rule|Evasion Moves Clause: Evasion moves are banned\n|rule|Species Clause: Limit one of each Pok\u00e9mon\n|rule|Sleep Clause Mod: Limit one foe put to sleep\n|clearpoke\n|poke|p1|Hoopa-Unbound|\n|poke|p1|Scizor, F|\n|poke|p1|Rillaboom, F|\n|poke|p1|Alomomola, F|\n|poke|p1|Moltres|\n|poke|p1|Blacephalon|\n|poke|p2|Dragonite, M|\n|poke|p2|Ursaluna, F|\n|poke|p2|Tapu Koko|\n|poke|p2|Garchomp, M|\n|poke|p2|Hoopa-Unbound|\n|poke|p2|Moltres|\n|teampreview\n|\n|t:|1700575554\n|start\n|switch|p1a: Alomomola|Alomomola, F|100\/100\n|switch|p2a: Tapu Koko|Tapu Koko|100\/100\n|-fieldstart|move: Electric Terrain|[from] ability: Electric Surge|[of] p2a: Tapu Koko\n|turn|1\n|inactive|Battle timer is ON: inactive players will automatically lose when time's up. (requested by noon49)\n|\n|t:|1700575562\n|switch|p1a: Rillaboom|Rillaboom, F|100\/100\n|-fieldstart|move: Grassy Terrain|[from] ability: Grassy Surge|[of] p1a: Rillaboom\n|move|p2a: Tapu Koko|Volt Switch|p1a: Rillaboom\n|-resisted|p1a: Rillaboom\n|-damage|p1a: Rillaboom|76\/100\n|\n|t:|1700575570\n|switch|p2a: Moltres|Moltres|100\/100|[from] Volt Switch\n|\n|-heal|p1a: Rillaboom|82\/100|[from] Grassy Terrain\n|upkeep\n|turn|2\n|\n|t:|1700575579\n|switch|p1a: Moltres|Moltres|100\/100\n|move|p2a: Moltres|U-turn|p1a: Moltres\n|-resisted|p1a: Moltres\n|-damage|p1a: Moltres|97\/100\n|\n|t:|1700575586\n|switch|p2a: Tapu Koko|Tapu Koko|100\/100|[from] U-turn\n|-fieldstart|move: Electric Terrain|[from] ability: Electric Surge|[of] p2a: Tapu Koko\n|\n|upkeep\n|turn|3\n|\n|t:|1700575592\n|-terastallize|p1a: Moltres|Dragon\n|move|p2a: Tapu Koko|Volt Switch|p1a: Moltres\n|-resisted|p1a: Moltres\n|-damage|p1a: Moltres|78\/100\n|\n|t:|1700575598\n|switch|p2a: Moltres|Moltres|100\/100|[from] Volt Switch\n|move|p1a: Moltres|Mystical Fire|p2a: Moltres\n|-resisted|p2a: Moltres\n|-damage|p2a: Moltres|85\/100\n|-unboost|p2a: Moltres|spa|1\n|\n|upkeep\n|turn|4\n|\n|t:|1700575606\n|move|p1a: Moltres|Mystical Fire|p2a: Moltres\n|-resisted|p2a: Moltres\n|-damage|p2a: Moltres|69\/100\n|-unboost|p2a: Moltres|spa|1\n|move|p2a: Moltres|U-turn|p1a: Moltres\n|-damage|p1a: Moltres|63\/100\n|\n|t:|1700575627\n|switch|p2a: Tapu Koko|Tapu Koko|100\/100|[from] U-turn\n|\n|upkeep\n|turn|5\n|\n|t:|1700575633\n|move|p2a: Tapu Koko|Volt Switch|p1a: Moltres\n|-resisted|p1a: Moltres\n|-damage|p1a: Moltres|42\/100\n|\n|t:|1700575637\n|switch|p2a: Moltres|Moltres|69\/100|[from] Volt Switch\n|move|p1a: Moltres|Mystical Fire|p2a: Moltres\n|-resisted|p2a: Moltres\n|-damage|p2a: Moltres|52\/100\n|-unboost|p2a: Moltres|spa|1\n|\n|upkeep\n|turn|6\n|\n|t:|1700575646\n|move|p2a: Moltres|Roost|p2a: Moltres\n|-heal|p2a: Moltres|100\/100\n|-singleturn|p2a: Moltres|move: Roost\n|move|p1a: Moltres|Roost|p1a: Moltres\n|-heal|p1a: Moltres|92\/100\n|\n|-fieldend|move: Electric Terrain\n|upkeep\n|turn|7\n|\n|t:|1700575654\n|move|p2a: Moltres|U-turn|p1a: Moltres\n|-damage|p1a: Moltres|77\/100\n|\n|t:|1700575662\n|switch|p2a: Hoopa|Hoopa-Unbound|100\/100|[from] U-turn\n|move|p1a: Moltres|Mystical Fire|p2a: Hoopa\n|-damage|p2a: Hoopa|70\/100\n|-unboost|p2a: Hoopa|spa|1\n|\n|upkeep\n|turn|8\n|\n|t:|1700575673\n|switch|p2a: Moltres|Moltres|100\/100\n|move|p1a: Moltres|Will-O-Wisp|p2a: Moltres\n|-immune|p2a: Moltres\n|\n|upkeep\n|turn|9\n|\n|t:|1700575684\n|move|p2a: Moltres|Flamethrower|p1a: Moltres\n|-resisted|p1a: Moltres\n|-damage|p1a: Moltres|64\/100\n|move|p1a: Moltres|Mystical Fire|p2a: Moltres\n|-resisted|p2a: Moltres\n|-damage|p2a: Moltres|85\/100\n|-unboost|p2a: Moltres|spa|1\n|\n|upkeep\n|turn|10\n|\n|t:|1700575692\n|move|p2a: Moltres|U-turn|p1a: Moltres\n|-damage|p1a: Moltres|49\/100\n|\n|t:|1700575696\n|switch|p2a: Tapu Koko|Tapu Koko|100\/100|[from] U-turn\n|-fieldstart|move: Electric Terrain|[from] ability: Electric Surge|[of] p2a: Tapu Koko\n|move|p1a: Moltres|Mystical Fire|p2a: Tapu Koko\n|-damage|p2a: Tapu Koko|52\/100\n|-unboost|p2a: Tapu Koko|spa|1\n|\n|upkeep\n|turn|11\n|\n|t:|1700575704\n|move|p2a: Tapu Koko|Dazzling Gleam|p1a: Moltres\n|-supereffective|p1a: Moltres\n|-damage|p1a: Moltres|0 fnt\n|faint|p1a: Moltres\n|\n|upkeep\n|\n|t:|1700575712\n|switch|p1a: Hoopa|Hoopa-Unbound|100\/100\n|turn|12\n|\n|t:|1700575731\n|switch|p2a: Ursaluna|Ursaluna, F|100\/100\n|move|p1a: Hoopa|Psychic|p2a: Ursaluna\n|-damage|p2a: Ursaluna|55\/100\n|-unboost|p2a: Ursaluna|spd|1\n|-damage|p1a: Hoopa|91\/100|[from] item: Life Orb\n|\n|upkeep\n|turn|13\n|\n|t:|1700575744\n|switch|p2a: Hoopa|Hoopa-Unbound|70\/100\n|move|p1a: Hoopa|Psychic|p2a: Hoopa\n|-immune|p2a: Hoopa\n|\n|upkeep\n|turn|14\n|\n|t:|1700575751\n|switch|p1a: Alomomola|Alomomola, F|100\/100\n|-zpower|p2a: Hoopa\n|move|p2a: Hoopa|All-Out Pummeling|p1a: Alomomola|[zeffect]\n|-damage|p1a: Alomomola|0 fnt\n|faint|p1a: Alomomola\n|\n|-fieldend|move: Electric Terrain\n|upkeep\n|\n|t:|1700575754\n|switch|p1a: Scizor|Scizor, F|100\/100\n|turn|15\n|\n|t:|1700575763\n|switch|p2a: Moltres|Moltres|85\/100\n|detailschange|p1a: Scizor|Scizor-Mega, F\n|-mega|p1a: Scizor|Scizor|Scizorite\n|move|p1a: Scizor|U-turn|p2a: Moltres\n|-resisted|p2a: Moltres\n|-damage|p2a: Moltres|79\/100\n|\n|t:|1700575766\n|switch|p1a: Hoopa|Hoopa-Unbound|91\/100|[from] U-turn\n|\n|upkeep\n|turn|16\n|j| xuxiansheng\n|\n|t:|1700575796\n|switch|p2a: Hoopa|Hoopa-Unbound|70\/100\n|move|p1a: Hoopa|Thunderbolt|p2a: Hoopa\n|-damage|p2a: Hoopa|18\/100\n|-damage|p1a: Hoopa|81\/100|[from] item: Life Orb\n|\n|upkeep\n|turn|17\n|\n|t:|1700575807\n|switch|p1a: Scizor|Scizor-Mega, F|100\/100\n|move|p2a: Hoopa|Dark Pulse|p1a: Scizor\n|-damage|p1a: Scizor|48\/100\n|\n|upkeep\n|turn|18\n|\n|t:|1700575816\n|switch|p2a: Moltres|Moltres|79\/100\n|move|p1a: Scizor|U-turn|p2a: Moltres\n|-resisted|p2a: Moltres\n|-damage|p2a: Moltres|74\/100\n|\n|t:|1700575820\n|switch|p1a: Hoopa|Hoopa-Unbound|81\/100|[from] U-turn\n|\n|upkeep\n|turn|19\n|\n|t:|1700575829\n|switch|p2a: Garchomp|Garchomp, M|100\/100\n|move|p1a: Hoopa|Psychic|p2a: Garchomp\n|-damage|p2a: Garchomp|8\/100\n|-unboost|p2a: Garchomp|spd|1\n|-damage|p1a: Hoopa|71\/100|[from] item: Life Orb\n|\n|upkeep\n|turn|20\n|\n|t:|1700575844\n|switch|p1a: Scizor|Scizor-Mega, F|48\/100\n|move|p2a: Garchomp|Outrage|p1a: Scizor\n|-resisted|p1a: Scizor\n|-damage|p1a: Scizor|30\/100\n|\n|upkeep\n|turn|21\n|\n|t:|1700575851\n|move|p1a: Scizor|Bullet Punch|p2a: Garchomp\n|-damage|p2a: Garchomp|0 fnt\n|-damage|p1a: Scizor|17\/100|[from] ability: Rough Skin|[of] p2a: Garchomp\n|faint|p2a: Garchomp\n|\n|upkeep\n|\n|t:|1700575862\n|switch|p2a: Moltres|Moltres|74\/100\n|turn|22\n|\n|t:|1700575872\n|move|p2a: Moltres|Flamethrower|p1a: Scizor\n|-supereffective|p1a: Scizor\n|-damage|p1a: Scizor|0 fnt\n|faint|p1a: Scizor\n|\n|upkeep\n|\n|t:|1700575874\n|switch|p1a: Hoopa|Hoopa-Unbound|71\/100\n|turn|23\n|\n|t:|1700575887\n|switch|p2a: Hoopa|Hoopa-Unbound|18\/100\n|move|p1a: Hoopa|Thunderbolt|p2a: Hoopa\n|-damage|p2a: Hoopa|0 fnt\n|faint|p2a: Hoopa\n|-damage|p1a: Hoopa|61\/100|[from] item: Life Orb\n|\n|upkeep\n|\n|t:|1700575898\n|switch|p2a: Tapu Koko|Tapu Koko|52\/100\n|-fieldstart|move: Electric Terrain|[from] ability: Electric Surge|[of] p2a: Tapu Koko\n|turn|24\n|\n|t:|1700575902\n|switch|p1a: Rillaboom|Rillaboom, F|82\/100\n|-fieldstart|move: Grassy Terrain|[from] ability: Grassy Surge|[of] p1a: Rillaboom\n|move|p2a: Tapu Koko|U-turn|p1a: Rillaboom\n|-supereffective|p1a: Rillaboom\n|-damage|p1a: Rillaboom|50\/100\n|\n|t:|1700575916\n|switch|p2a: Moltres|Moltres|74\/100|[from] U-turn\n|\n|-heal|p1a: Rillaboom|56\/100|[from] Grassy Terrain\n|upkeep\n|turn|25\n|\n|t:|1700575923\n|move|p1a: Rillaboom|Knock Off|p2a: Moltres\n|-damage|p2a: Moltres|36\/100\n|-enditem|p2a: Moltres|Heavy-Duty Boots|[from] move: Knock Off|[of] p1a: Rillaboom\n|move|p2a: Moltres|U-turn|p1a: Rillaboom\n|-supereffective|p1a: Rillaboom\n|-damage|p1a: Rillaboom|27\/100\n|\n|t:|1700575930\n|switch|p2a: Tapu Koko|Tapu Koko|52\/100|[from] U-turn\n|-fieldstart|move: Electric Terrain|[from] ability: Electric Surge|[of] p2a: Tapu Koko\n|\n|upkeep\n|turn|26\n|\n|t:|1700575953\n|move|p2a: Tapu Koko|Thunderbolt|p1a: Rillaboom\n|-resisted|p1a: Rillaboom\n|-damage|p1a: Rillaboom|0 fnt\n|faint|p1a: Rillaboom\n|\n|upkeep\n|\n|t:|1700575957\n|switch|p1a: Hoopa|Hoopa-Unbound|61\/100\n|turn|27\n|\n|t:|1700575963\n|-terastallize|p2a: Tapu Koko|Electric\n|move|p2a: Tapu Koko|Thunderbolt|p1a: Hoopa\n|-damage|p1a: Hoopa|0 fnt\n|faint|p1a: Hoopa\n|\n|upkeep\n|\n|t:|1700575967\n|switch|p1a: Blacephalon|Blacephalon|100\/100\n|turn|28\n|\n|t:|1700575971\n|move|p1a: Blacephalon|Flamethrower|p2a: Tapu Koko\n|-damage|p2a: Tapu Koko|0 fnt\n|faint|p2a: Tapu Koko\n|-ability|p1a: Blacephalon|Beast Boost|boost\n|-boost|p1a: Blacephalon|spa|1\n|\n|upkeep\n|\n|t:|1700575980\n|switch|p2a: Dragonite|Dragonite, M|100\/100\n|turn|29\n|\n|t:|1700575985\n|move|p1a: Blacephalon|Flamethrower|p2a: Dragonite\n|-resisted|p2a: Dragonite\n|-damage|p2a: Dragonite|82\/100\n|move|p2a: Dragonite|Dual Wingbeat|p1a: Blacephalon\n|-damage|p1a: Blacephalon|20\/100\n|-damage|p1a: Blacephalon|0 fnt\n|faint|p1a: Blacephalon\n|-hitcount|p1: Blacephalon|2\n|\n|win|noon49\n|raw|duskwolf64's rating: 1696 &rarr; <strong>1681<\/strong><br \/>(-15 for losing)\n|raw|noon49's rating: 1785 &rarr; <strong>1800<\/strong><br \/>(+15 for winning)\n|l|\u2606duskwolf64\n","uploadtime":1700576206,"views":0,"p1id":"duskwolf64","p2id":"noon49","formatid":"gen9nationaldex","rating":1681,"private":0,"password":""}