{"id":"gen9nationaldex-1987029854","p1":"Yami Tayori","p2":"TheBattleBard","format":"[Gen 9] National Dex","log":"|j|\u2606Yami Tayori\n|j|\u2606TheBattleBard\n|t:|1699550362\n|gametype|singles\n|player|p1|Yami Tayori|steven|1120\n|player|p2|TheBattleBard|petrel|1213\n|teamsize|p1|6\n|teamsize|p2|6\n|gen|9\n|tier|[Gen 9] National Dex\n|rated|\n|rule|HP Percentage Mod: HP is shown in percentages\n|rule|Endless Battle Clause: Forcing endless battles is banned\n|rule|OHKO Clause: OHKO moves are banned\n|rule|Evasion Clause: Evasion abilities, items, and moves are banned\n|rule|Evasion Abilities Clause: Evasion abilities are banned\n|rule|Evasion Items Clause: Evasion items are banned\n|rule|Evasion Moves Clause: Evasion moves are banned\n|rule|Species Clause: Limit one of each Pok\u00e9mon\n|rule|Sleep Clause Mod: Limit one foe put to sleep\n|clearpoke\n|poke|p1|Flygon, M|\n|poke|p1|Breloom, F|\n|poke|p1|Gengar, M|\n|poke|p1|Aggron, F|\n|poke|p1|Camerupt, M|\n|poke|p1|Gliscor, F|\n|poke|p2|Chatot, M|\n|poke|p2|Kricketune, M|\n|poke|p2|Vanilluxe, M|\n|poke|p2|Simisear, M|\n|poke|p2|Munchlax, M|\n|poke|p2|Rampardos, M|\n|teampreview\n|j| beezerbeez\n|l| beezerbeez\n|\n|t:|1699550376\n|start\n|switch|p1a: Flygon|Flygon, M|100\/100\n|switch|p2a: Headstrong|Rampardos, M|100\/100\n|-ability|p2a: Headstrong|Mold Breaker\n|turn|1\n|\n|t:|1699550384\n|move|p2a: Headstrong|Outrage|p1a: Flygon\n|-supereffective|p1a: Flygon\n|-damage|p1a: Flygon|0 fnt\n|faint|p1a: Flygon\n|\n|upkeep\n|\n|t:|1699550395\n|switch|p1a: Aggron|Aggron, F|100\/100\n|turn|2\n|\n|t:|1699550401\n|move|p2a: Headstrong|Outrage|p1a: Aggron|[from]lockedmove\n|-resisted|p1a: Aggron\n|-damage|p1a: Aggron|86\/100\n|-start|p2a: Headstrong|confusion|[fatigue]\n|move|p1a: Aggron|Power-Up Punch|p2a: Headstrong\n|-supereffective|p2a: Headstrong\n|-damage|p2a: Headstrong|68\/100\n|-boost|p1a: Aggron|atk|1\n|\n|upkeep\n|turn|3\n|\n|t:|1699550409\n|switch|p2a: Brook|Kricketune, M|100\/100\n|move|p1a: Aggron|Power-Up Punch|p2a: Brook\n|-resisted|p2a: Brook\n|-damage|p2a: Brook|86\/100\n|-boost|p1a: Aggron|atk|1\n|\n|upkeep\n|turn|4\n|\n|t:|1699550421\n|move|p2a: Brook|Sticky Web|p1a: Aggron\n|-sidestart|p1: Yami Tayori|move: Sticky Web\n|move|p1a: Aggron|Heavy Slam|p2a: Brook\n|-damage|p2a: Brook|0 fnt\n|faint|p2a: Brook\n|\n|upkeep\n|\n|t:|1699550425\n|switch|p2a: Chowder|Munchlax, M|100\/100\n|turn|5\n|\n|t:|1699550431\n|move|p1a: Aggron|Power-Up Punch|p2a: Chowder\n|-supereffective|p2a: Chowder\n|-damage|p2a: Chowder|77\/100\n|-boost|p1a: Aggron|atk|1\n|move|p2a: Chowder|Counter|p1a: Aggron\n|-damage|p1a: Aggron|8\/100\n|\n|upkeep\n|turn|6\n|\n|t:|1699550452\n|move|p1a: Aggron|Heavy Slam|p2a: Chowder\n|-damage|p2a: Chowder|10\/100\n|move|p2a: Chowder|Rock Tomb|p1a: Aggron\n|-resisted|p1a: Aggron\n|-damage|p1a: Aggron|4\/100\n|-unboost|p1a: Aggron|spe|1\n|\n|upkeep\n|turn|7\n|\n|t:|1699550459\n|move|p1a: Aggron|Heavy Slam|p2a: Chowder\n|-damage|p2a: Chowder|0 fnt\n|faint|p2a: Chowder\n|\n|upkeep\n|\n|t:|1699550464\n|switch|p2a: Present mic|Chatot, M|100\/100\n|turn|8\n|\n|t:|1699550469\n|move|p2a: Present mic|Boomburst|p1a: Aggron\n|-resisted|p1a: Aggron\n|-damage|p1a: Aggron|0 fnt\n|faint|p1a: Aggron\n|-enditem|p2a: Present mic|Throat Spray\n|-boost|p2a: Present mic|spa|1|[from] item: Throat Spray\n|\n|upkeep\n|\n|t:|1699550483\n|switch|p1a: Camerupt|Camerupt, M|100\/100\n|-activate|p1a: Camerupt|move: Sticky Web\n|-unboost|p1a: Camerupt|spe|1\n|turn|9\n|\n|t:|1699550489\n|detailschange|p1a: Camerupt|Camerupt-Mega, M\n|-mega|p1a: Camerupt|Camerupt|Cameruptite\n|-terastallize|p2a: Present mic|Normal\n|move|p2a: Present mic|Boomburst|p1a: Camerupt\n|-damage|p1a: Camerupt|0 fnt\n|faint|p1a: Camerupt\n|\n|upkeep\n|\n|t:|1699550504\n|switch|p1a: Gengar|Gengar, M|100\/100\n|-activate|p1a: Gengar|move: Sticky Web\n|-unboost|p1a: Gengar|spe|1\n|turn|10\n|\n|t:|1699550507\n|move|p2a: Present mic|Chatter|p1a: Gengar\n|-damage|p1a: Gengar|31\/100\n|-start|p1a: Gengar|confusion\n|-activate|p1a: Gengar|confusion\n|move|p1a: Gengar|Hypnosis|p2a: Present mic\n|-status|p2a: Present mic|slp|[from] move: Hypnosis\n|\n|upkeep\n|turn|11\n|\n|t:|1699550516\n|cant|p2a: Present mic|slp\n|-activate|p1a: Gengar|confusion\n|move|p1a: Gengar|Dream Eater|p2a: Present mic\n|-damage|p2a: Present mic|27\/100 slp\n|-heal|p1a: Gengar|72\/100|[from] drain|[of] p2a: Present mic\n|-heal|p1a: Gengar|83\/100|[from] item: Shell Bell|[of] p2a: Present mic\n|\n|upkeep\n|turn|12\n|\n|t:|1699550523\n|-curestatus|p2a: Present mic|slp|[msg]\n|move|p2a: Present mic|Encore|p1a: Gengar\n|-start|p1a: Gengar|Encore\n|-activate|p1a: Gengar|confusion\n|move|p1a: Gengar|Dream Eater|p2a: Present mic\n|-immune|p2a: Present mic\n|\n|upkeep\n|turn|13\n|\n|t:|1699550532\n|switch|p1a: Gliscor|Gliscor, F|100\/100\n|move|p2a: Present mic|Chatter|p1a: Gliscor\n|-damage|p1a: Gliscor|60\/100\n|-start|p1a: Gliscor|confusion\n|\n|-status|p1a: Gliscor|tox|[from] item: Toxic Orb\n|upkeep\n|turn|14\n|\n|t:|1699550542\n|move|p2a: Present mic|Boomburst|p1a: Gliscor\n|-damage|p1a: Gliscor|0 fnt\n|faint|p1a: Gliscor\n|\n|upkeep\n|\n|t:|1699550548\n|switch|p1a: Gengar|Gengar, M|83\/100\n|-activate|p1a: Gengar|move: Sticky Web\n|-unboost|p1a: Gengar|spe|1\n|turn|15\n|\n|t:|1699550562\n|move|p2a: Present mic|Chatter|p1a: Gengar\n|-damage|p1a: Gengar|10\/100\n|-start|p1a: Gengar|confusion\n|-activate|p1a: Gengar|confusion\n|move|p1a: Gengar|Hypnosis|p2a: Present mic\n|-status|p2a: Present mic|slp|[from] move: Hypnosis\n|\n|upkeep\n|turn|16\n|\n|t:|1699550569\n|switch|p2a: Isaac|Vanilluxe, M|100\/100\n|-weather|Snow|[from] ability: Snow Warning|[of] p2a: Isaac\n|-activate|p1a: Gengar|confusion\n|move|p1a: Gengar|Dream Eater|p2a: Isaac\n|-immune|p2a: Isaac\n|\n|-weather|Snow|[upkeep]\n|upkeep\n|turn|17\n|\n|t:|1699550573\n|move|p2a: Isaac|Ice Shard|p1a: Gengar\n|-damage|p1a: Gengar|0 fnt\n|faint|p1a: Gengar\n|\n|-weather|Snow|[upkeep]\n|upkeep\n|\n|t:|1699550578\n|switch|p1a: Breloom|Breloom, F|100\/100\n|-activate|p1a: Breloom|move: Sticky Web\n|-unboost|p1a: Breloom|spe|1\n|turn|18\n|\n|t:|1699550589\n|-terastallize|p1a: Breloom|Steel\n|move|p2a: Isaac|Blizzard|p1a: Breloom\n|-resisted|p1a: Breloom\n|-damage|p1a: Breloom|58\/100\n|move|p1a: Breloom|Swords Dance|p1a: Breloom\n|-boost|p1a: Breloom|atk|2\n|\n|-weather|Snow|[upkeep]\n|upkeep\n|turn|19\n|\n|t:|1699550600\n|move|p1a: Breloom|Mach Punch|p2a: Isaac\n|-supereffective|p2a: Isaac\n|-damage|p2a: Isaac|8\/100\n|move|p2a: Isaac|Blizzard|p1a: Breloom\n|-resisted|p1a: Breloom\n|-damage|p1a: Breloom|12\/100\n|\n|-weather|Snow|[upkeep]\n|upkeep\n|turn|20\n|\n|t:|1699550603\n|move|p2a: Isaac|Ice Shard|p1a: Breloom\n|-resisted|p1a: Breloom\n|-damage|p1a: Breloom|2\/100\n|move|p1a: Breloom|Mach Punch|p2a: Isaac\n|-supereffective|p2a: Isaac\n|-damage|p2a: Isaac|0 fnt\n|faint|p2a: Isaac\n|\n|-weather|none\n|upkeep\n|\n|t:|1699550607\n|switch|p2a: Roy mustang|Simisear, M|100\/100\n|turn|21\n|\n|t:|1699550620\n|move|p1a: Breloom|Mach Punch|p2a: Roy mustang\n|-damage|p2a: Roy mustang|0 fnt\n|faint|p2a: Roy mustang\n|\n|upkeep\n|\n|t:|1699550622\n|switch|p2a: Present mic|Chatot, M, tera:Normal|27\/100 slp\n|turn|22\n|\n|t:|1699550628\n|move|p1a: Breloom|Mach Punch|p2a: Present mic\n|-supereffective|p2a: Present mic\n|-damage|p2a: Present mic|0 fnt\n|faint|p2a: Present mic\n|\n|upkeep\n|\n|t:|1699550629\n|switch|p2a: Headstrong|Rampardos, M|68\/100\n|-ability|p2a: Headstrong|Mold Breaker\n|turn|23\n|\n|t:|1699550631\n|move|p1a: Breloom|Mach Punch|p2a: Headstrong\n|-supereffective|p2a: Headstrong\n|-damage|p2a: Headstrong|0 fnt\n|faint|p2a: Headstrong\n|\n|win|Yami Tayori\n|raw|Yami Tayori's rating: 1120 &rarr; <strong>1152<\/strong><br \/>(+32 for winning)\n|raw|TheBattleBard's rating: 1213 &rarr; <strong>1181<\/strong><br \/>(-32 for losing)\n|l|\u2606TheBattleBard\n","uploadtime":1699550647,"views":5,"p1id":"yamitayori","p2id":"thebattlebard","formatid":"gen9nationaldex","rating":1152,"private":0,"password":""}