{"id":"gen9nationaldex-1987434577","p1":"muramasawielder","p2":"skrotal","format":"[Gen 9] National Dex","log":"|j|\u2606muramasawielder\n|j|\u2606skrotal\n|t:|1699591029\n|gametype|singles\n|player|p1|muramasawielder|101|1294\n|player|p2|skrotal|cyrus|1242\n|teamsize|p1|6\n|teamsize|p2|6\n|gen|9\n|tier|[Gen 9] National Dex\n|rated|\n|rule|HP Percentage Mod: HP is shown in percentages\n|rule|Endless Battle Clause: Forcing endless battles is banned\n|rule|OHKO Clause: OHKO moves are banned\n|rule|Evasion Clause: Evasion abilities, items, and moves are banned\n|rule|Evasion Abilities Clause: Evasion abilities are banned\n|rule|Evasion Items Clause: Evasion items are banned\n|rule|Evasion Moves Clause: Evasion moves are banned\n|rule|Species Clause: Limit one of each Pok\u00e9mon\n|rule|Sleep Clause Mod: Limit one foe put to sleep\n|clearpoke\n|poke|p1|Glimmora, M|\n|poke|p1|Garchomp, M|\n|poke|p1|Ferrothorn, M|\n|poke|p1|Volcarona, M|\n|poke|p1|Greninja-*, M|\n|poke|p1|Sneasler, F|\n|poke|p2|Glimmora, M|\n|poke|p2|Blastoise, M|\n|poke|p2|Lycanroc-Dusk, M|\n|poke|p2|Ursaluna, F|\n|poke|p2|Deoxys-Defense|\n|poke|p2|Skeledirge, F|\n|teampreview\n|\n|t:|1699591042\n|start\n|switch|p1a: Garchomp|Garchomp, M|100\/100\n|switch|p2a: Glimmora|Glimmora, M|100\/100\n|turn|1\n|\n|t:|1699591054\n|switch|p2a: Deoxys|Deoxys-Defense|100\/100\n|-ability|p2a: Deoxys|Pressure\n|detailschange|p1a: Garchomp|Garchomp-Mega, M\n|-mega|p1a: Garchomp|Garchomp|Garchompite\n|move|p1a: Garchomp|Scale Shot|p2a: Deoxys\n|-damage|p2a: Deoxys|87\/100\n|-damage|p2a: Deoxys|73\/100\n|-damage|p2a: Deoxys|59\/100\n|-damage|p2a: Deoxys|46\/100\n|-damage|p2a: Deoxys|33\/100\n|-hitcount|p2a: Deoxys|5\n|-unboost|p1a: Garchomp|def|1\n|-boost|p1a: Garchomp|spe|1\n|\n|-heal|p2a: Deoxys|39\/100|[from] item: Leftovers\n|upkeep\n|turn|2\n|\n|t:|1699591068\n|move|p2a: Deoxys|Protect|p2a: Deoxys\n|-singleturn|p2a: Deoxys|Protect\n|move|p1a: Garchomp|Earthquake|p2a: Deoxys\n|-activate|p2a: Deoxys|move: Protect\n|\n|-heal|p2a: Deoxys|45\/100|[from] item: Leftovers\n|upkeep\n|turn|3\n|\n|t:|1699591081\n|switch|p2a: Blastoise|Blastoise, M|100\/100\n|move|p1a: Garchomp|Earthquake|p2a: Blastoise\n|-damage|p2a: Blastoise|42\/100\n|\n|upkeep\n|turn|4\n|\n|t:|1699591093\n|switch|p2a: Glimmora|Glimmora, M|100\/100\n|move|p1a: Garchomp|Earthquake|p2a: Glimmora\n|-supereffective|p2a: Glimmora\n|-enditem|p2a: Glimmora|Focus Sash\n|-damage|p2a: Glimmora|1\/100\n|-activate|p2a: Glimmora|ability: Toxic Debris\n|-sidestart|p1: muramasawielder|move: Toxic Spikes\n|\n|upkeep\n|turn|5\n|\n|t:|1699591102\n|move|p1a: Garchomp|Iron Head|p2a: Glimmora\n|-supereffective|p2a: Glimmora\n|-damage|p2a: Glimmora|0 fnt\n|-activate|p2a: Glimmora|ability: Toxic Debris\n|-sidestart|p1: muramasawielder|move: Toxic Spikes\n|faint|p2a: Glimmora\n|\n|upkeep\n|\n|t:|1699591117\n|switch|p2a: Skeledirge|Skeledirge, F|100\/100\n|turn|6\n|\n|t:|1699591124\n|-terastallize|p2a: Skeledirge|Normal\n|move|p1a: Garchomp|Earthquake|p2a: Skeledirge\n|-damage|p2a: Skeledirge|47\/100\n|move|p2a: Skeledirge|Hex|p1a: Garchomp\n|-damage|p1a: Garchomp|74\/100\n|\n|-heal|p2a: Skeledirge|53\/100|[from] item: Leftovers\n|upkeep\n|turn|7\n|\n|t:|1699591135\n|move|p2a: Skeledirge|Protect|p2a: Skeledirge\n|-singleturn|p2a: Skeledirge|Protect\n|move|p1a: Garchomp|Scale Shot|p2a: Skeledirge\n|-activate|p2a: Skeledirge|move: Protect\n|\n|-heal|p2a: Skeledirge|59\/100|[from] item: Leftovers\n|upkeep\n|turn|8\n|\n|t:|1699591159\n|move|p1a: Garchomp|Earthquake|p2a: Skeledirge\n|-damage|p2a: Skeledirge|3\/100\n|move|p2a: Skeledirge|Slack Off|p2a: Skeledirge\n|-heal|p2a: Skeledirge|53\/100\n|\n|-heal|p2a: Skeledirge|59\/100|[from] item: Leftovers\n|upkeep\n|turn|9\n|\n|t:|1699591169\n|move|p2a: Skeledirge|Protect|p2a: Skeledirge\n|-singleturn|p2a: Skeledirge|Protect\n|move|p1a: Garchomp|Scale Shot|p2a: Skeledirge\n|-activate|p2a: Skeledirge|move: Protect\n|\n|-heal|p2a: Skeledirge|65\/100|[from] item: Leftovers\n|upkeep\n|turn|10\n|\n|t:|1699591185\n|move|p1a: Garchomp|Scale Shot|p2a: Skeledirge\n|-damage|p2a: Skeledirge|50\/100\n|-damage|p2a: Skeledirge|34\/100\n|-damage|p2a: Skeledirge|18\/100\n|-damage|p2a: Skeledirge|4\/100\n|-damage|p2a: Skeledirge|0 fnt\n|faint|p2a: Skeledirge\n|-hitcount|p2: Skeledirge|5\n|-unboost|p1a: Garchomp|def|1\n|-boost|p1a: Garchomp|spe|1\n|\n|upkeep\n|\n|t:|1699591195\n|switch|p2a: Lycanroc|Lycanroc-Dusk, M|100\/100\n|turn|11\n|\n|t:|1699591202\n|move|p1a: Garchomp|Scale Shot|p2a: Lycanroc\n|-damage|p2a: Lycanroc|71\/100\n|-damage|p2a: Lycanroc|40\/100\n|-damage|p2a: Lycanroc|14\/100\n|-damage|p2a: Lycanroc|0 fnt\n|faint|p2a: Lycanroc\n|-hitcount|p2: Lycanroc|4\n|-unboost|p1a: Garchomp|def|1\n|-boost|p1a: Garchomp|spe|1\n|\n|upkeep\n|-message|skrotal forfeited.\n|\n|win|muramasawielder\n|raw|muramasawielder's rating: 1294 &rarr; <strong>1315<\/strong><br \/>(+21 for winning)\n|raw|skrotal's rating: 1242 &rarr; <strong>1221<\/strong><br \/>(-21 for losing)\n|l|\u2606skrotal\n","uploadtime":1699591226,"views":4,"p1id":"muramasawielder","p2id":"skrotal","formatid":"gen9nationaldex","rating":1221,"private":0,"password":""}