{"id":"gen9nationaldex-1997346484","p1":"LanternComic","p2":"iloopis","format":"[Gen 9] National Dex","log":"|html|<div class=\"broadcast-blue\"><strong>[Gen 9] National Dex is currently suspecting Sneasler! For information on how to participate check out the <a href=\"https:\/\/www.smogon.com\/forums\/threads\/sv-national-dex-suspect-8-just-dance.3731534\/\">suspect thread<\/a>.<\/strong><\/div>\n|j|\u2606LanternComic\n|j|\u2606iloopis\n|t:|1700792291\n|gametype|singles\n|player|p1|LanternComic|iris-gen5bw2|1131\n|player|p2|iloopis|170|1123\n|teamsize|p1|6\n|teamsize|p2|6\n|gen|9\n|tier|[Gen 9] National Dex\n|rated|\n|rule|HP Percentage Mod: HP is shown in percentages\n|rule|Endless Battle Clause: Forcing endless battles is banned\n|rule|OHKO Clause: OHKO moves are banned\n|rule|Evasion Clause: Evasion abilities, items, and moves are banned\n|rule|Evasion Abilities Clause: Evasion abilities are banned\n|rule|Evasion Items Clause: Evasion items are banned\n|rule|Evasion Moves Clause: Evasion moves are banned\n|rule|Species Clause: Limit one of each Pok\u00e9mon\n|rule|Sleep Clause Mod: Limit one foe put to sleep\n|clearpoke\n|poke|p1|Sceptile, F|\n|poke|p1|Tapu Koko|\n|poke|p1|Great Tusk|\n|poke|p1|Scizor, F|\n|poke|p1|Alomomola, M|\n|poke|p1|Heatran, F|\n|poke|p2|Salamence, F|\n|poke|p2|Braviary-Hisui, M|\n|poke|p2|Tapu Koko|\n|poke|p2|Scizor, F|\n|poke|p2|Urshifu-*, F|\n|poke|p2|Tyranitar, F|\n|teampreview\n|\n|t:|1700792319\n|start\n|switch|p1a: Scizor|Scizor, F|100\/100\n|switch|p2a: Salamence|Salamence, F|100\/100\n|turn|1\n|\n|t:|1700792347\n|detailschange|p1a: Scizor|Scizor-Mega, F\n|-mega|p1a: Scizor|Scizor|Scizorite\n|move|p1a: Scizor|Bullet Punch|p2a: Salamence\n|-damage|p2a: Salamence|55\/100\n|move|p2a: Salamence|Earthquake|p1a: Scizor\n|-damage|p1a: Scizor|72\/100\n|\n|upkeep\n|turn|2\n|inactive|Battle timer is ON: inactive players will automatically lose when time's up. (requested by LanternComic)\n|\n|t:|1700792371\n|move|p2a: Salamence|Earthquake|p1a: Scizor\n|-damage|p1a: Scizor|45\/100\n|move|p1a: Scizor|U-turn|p2a: Salamence\n|-resisted|p2a: Salamence\n|-damage|p2a: Salamence|28\/100\n|\n|t:|1700792384\n|switch|p1a: Tapu Koko|Tapu Koko|100\/100|[from] U-turn\n|-fieldstart|move: Electric Terrain|[from] ability: Electric Surge|[of] p1a: Tapu Koko\n|\n|upkeep\n|turn|3\n|\n|t:|1700792392\n|switch|p1a: Sceptile|Sceptile, F|100\/100\n|switch|p2a: Scizor|Scizor, F|100\/100\n|\n|upkeep\n|turn|4\n|\n|t:|1700792408\n|switch|p1a: Heatran|Heatran, F|100\/100\n|move|p2a: Scizor|Swords Dance|p2a: Scizor\n|-boost|p2a: Scizor|atk|2\n|\n|upkeep\n|turn|5\n|inactive|iloopis has 120 seconds left.\n|\n|t:|1700792434\n|switch|p2a: Urshifu|Urshifu-Rapid-Strike, F|100\/100\n|move|p1a: Heatran|Flamethrower|p2a: Urshifu\n|-resisted|p2a: Urshifu\n|-damage|p2a: Urshifu|75\/100\n|\n|upkeep\n|turn|6\n|\n|t:|1700792442\n|switch|p1a: Alomomola|Alomomola, M|100\/100\n|move|p2a: Urshifu|Surging Strikes|p1a: Alomomola\n|-resisted|p1a: Alomomola\n|-crit|p1a: Alomomola\n|-damage|p1a: Alomomola|95\/100\n|-resisted|p1a: Alomomola\n|-crit|p1a: Alomomola\n|-damage|p1a: Alomomola|88\/100\n|-resisted|p1a: Alomomola\n|-crit|p1a: Alomomola\n|-damage|p1a: Alomomola|82\/100\n|-hitcount|p1a: Alomomola|3\n|-enditem|p1a: Alomomola|Red Card|[of] p2a: Urshifu\n|drag|p2a: Tyranitar|Tyranitar, F|100\/100\n|-weather|Sandstorm|[from] ability: Sand Stream|[of] p2a: Tyranitar\n|\n|-weather|Sandstorm|[upkeep]\n|-damage|p1a: Alomomola|76\/100|[from] Sandstorm\n|-fieldend|move: Electric Terrain\n|upkeep\n|turn|7\n|inactive|iloopis has 120 seconds left.\n|\n|t:|1700792465\n|switch|p2a: Braviary|Braviary-Hisui, M, shiny|100\/100\n|move|p1a: Alomomola|Flip Turn|p2a: Braviary\n|-damage|p2a: Braviary|80\/100\n|\n|t:|1700792471\n|switch|p1a: Tapu Koko|Tapu Koko|100\/100|[from] Flip Turn\n|-fieldstart|move: Electric Terrain|[from] ability: Electric Surge|[of] p1a: Tapu Koko\n|\n|-weather|Sandstorm|[upkeep]\n|-damage|p1a: Tapu Koko|94\/100|[from] Sandstorm\n|-damage|p2a: Braviary|74\/100|[from] Sandstorm\n|upkeep\n|turn|8\n|inactive|iloopis has 120 seconds left.\n|\n|t:|1700792506\n|switch|p2a: Scizor|Scizor, F|100\/100\n|move|p1a: Tapu Koko|Discharge|p2a: Scizor\n|-crit|p2a: Scizor\n|-damage|p2a: Scizor|16\/100\n|-status|p2a: Scizor|par\n|\n|-weather|Sandstorm|[upkeep]\n|-damage|p1a: Tapu Koko|88\/100|[from] Sandstorm\n|upkeep\n|turn|9\n|\n|t:|1700792515\n|move|p2a: Scizor|Bullet Punch|p1a: Tapu Koko\n|-damage|p1a: Tapu Koko|44\/100\n|move|p1a: Tapu Koko|Reflect|p1a: Tapu Koko\n|-sidestart|p1: LanternComic|Reflect\n|\n|-weather|Sandstorm|[upkeep]\n|-damage|p1a: Tapu Koko|38\/100|[from] Sandstorm\n|upkeep\n|turn|10\n|\n|t:|1700792526\n|switch|p1a: Heatran|Heatran, F|100\/100\n|move|p2a: Scizor|Bullet Punch|p1a: Heatran\n|-resisted|p1a: Heatran\n|-damage|p1a: Heatran|97\/100\n|\n|-weather|none\n|-heal|p1a: Heatran|100\/100|[from] item: Leftovers\n|upkeep\n|turn|11\n|\n|t:|1700792535\n|move|p1a: Heatran|Stealth Rock|p2a: Scizor\n|-sidestart|p2: iloopis|move: Stealth Rock\n|move|p2a: Scizor|Dual Wingbeat|p1a: Heatran\n|-resisted|p1a: Heatran\n|-damage|p1a: Heatran|95\/100\n|-resisted|p1a: Heatran\n|-damage|p1a: Heatran|90\/100\n|-hitcount|p1a: Heatran|2\n|\n|-heal|p1a: Heatran|97\/100|[from] item: Leftovers\n|-fieldend|move: Electric Terrain\n|upkeep\n|turn|12\n|\n|t:|1700792546\n|move|p1a: Heatran|Flamethrower|p2a: Scizor\n|-supereffective|p2a: Scizor\n|-damage|p2a: Scizor|0 fnt\n|faint|p2a: Scizor\n|\n|-heal|p1a: Heatran|100\/100|[from] item: Leftovers\n|upkeep\n|\n|t:|1700792556\n|switch|p2a: Urshifu|Urshifu-Rapid-Strike, F|75\/100\n|-damage|p2a: Urshifu|69\/100|[from] Stealth Rock\n|turn|13\n|\n|t:|1700792573\n|move|p2a: Urshifu|Surging Strikes|p1a: Heatran\n|-supereffective|p1a: Heatran\n|-crit|p1a: Heatran\n|-damage|p1a: Heatran|65\/100\n|-supereffective|p1a: Heatran\n|-crit|p1a: Heatran\n|-damage|p1a: Heatran|27\/100\n|-supereffective|p1a: Heatran\n|-crit|p1a: Heatran\n|-damage|p1a: Heatran|0 fnt\n|faint|p1a: Heatran\n|-hitcount|p1: Heatran|3\n|\n|upkeep\n|\n|t:|1700792578\n|switch|p1a: Sceptile|Sceptile, F|100\/100\n|turn|14\n|inactive|iloopis has 120 seconds left.\n|\n|t:|1700792585\n|move|p1a: Sceptile|Dragon Dance|p1a: Sceptile\n|-boost|p1a: Sceptile|atk|1\n|-boost|p1a: Sceptile|spe|1\n|move|p2a: Urshifu|Poison Jab|p1a: Sceptile\n|-supereffective|p1a: Sceptile\n|-damage|p1a: Sceptile|59\/100\n|\n|upkeep\n|turn|15\n|\n|t:|1700792593\n|move|p1a: Sceptile|Bullet Seed|p2a: Urshifu\n|-supereffective|p2a: Urshifu\n|-damage|p2a: Urshifu|33\/100\n|-supereffective|p2a: Urshifu\n|-damage|p2a: Urshifu|1\/100\n|-supereffective|p2a: Urshifu\n|-damage|p2a: Urshifu|0 fnt\n|faint|p2a: Urshifu\n|-hitcount|p2: Urshifu|3\n|\n|upkeep\n|inactive|iloopis has 120 seconds left.\n|\n|t:|1700792604\n|switch|p2a: Braviary|Braviary-Hisui, M, shiny|74\/100\n|-damage|p2a: Braviary|49\/100|[from] Stealth Rock\n|turn|16\n|\n|t:|1700792612\n|-terastallize|p1a: Sceptile|Dragon\n|move|p1a: Sceptile|Scale Shot|p2a: Braviary\n|-damage|p2a: Braviary|31\/100\n|-damage|p2a: Braviary|12\/100\n|-damage|p2a: Braviary|0 fnt\n|faint|p2a: Braviary\n|-hitcount|p2: Braviary|3\n|-unboost|p1a: Sceptile|def|1\n|-boost|p1a: Sceptile|spe|1\n|\n|-sideend|p1: LanternComic|Reflect\n|upkeep\n|inactive|iloopis has 120 seconds left.\n|\n|t:|1700792625\n|switch|p2a: Tapu Koko|Tapu Koko|100\/100\n|-damage|p2a: Tapu Koko|88\/100|[from] Stealth Rock\n|-fieldstart|move: Electric Terrain|[from] ability: Electric Surge|[of] p2a: Tapu Koko\n|turn|17\n|\n|t:|1700792631\n|move|p1a: Sceptile|Bullet Seed|p2a: Tapu Koko\n|-damage|p2a: Tapu Koko|65\/100\n|-damage|p2a: Tapu Koko|40\/100\n|-damage|p2a: Tapu Koko|16\/100\n|-damage|p2a: Tapu Koko|0 fnt\n|faint|p2a: Tapu Koko\n|-hitcount|p2: Tapu Koko|4\n|\n|upkeep\n|\n|t:|1700792640\n|switch|p2a: Salamence|Salamence, F|28\/100\n|-damage|p2a: Salamence|4\/100|[from] Stealth Rock\n|turn|18\n|\n|t:|1700792646\n|move|p1a: Sceptile|Bullet Seed|p2a: Salamence\n|-resisted|p2a: Salamence\n|-damage|p2a: Salamence|0 fnt\n|faint|p2a: Salamence\n|-hitcount|p2: Salamence|1\n|\n|upkeep\n|\n|t:|1700792651\n|switch|p2a: Tyranitar|Tyranitar, F|100\/100\n|-damage|p2a: Tyranitar|88\/100|[from] Stealth Rock\n|-weather|Sandstorm|[from] ability: Sand Stream|[of] p2a: Tyranitar\n|turn|19\n|\n|t:|1700792658\n|move|p1a: Sceptile|Bullet Seed|p2a: Tyranitar\n|-supereffective|p2a: Tyranitar\n|-damage|p2a: Tyranitar|64\/100\n|-supereffective|p2a: Tyranitar\n|-damage|p2a: Tyranitar|39\/100\n|-supereffective|p2a: Tyranitar\n|-damage|p2a: Tyranitar|13\/100\n|-supereffective|p2a: Tyranitar\n|-damage|p2a: Tyranitar|0 fnt\n|faint|p2a: Tyranitar\n|-hitcount|p2: Tyranitar|4\n|\n|win|LanternComic\n|raw|LanternComic's rating: 1131 &rarr; <strong>1155<\/strong><br \/>(+24 for winning)\n|raw|iloopis's rating: 1123 &rarr; <strong>1099<\/strong><br \/>(-24 for losing)\n|l|\u2606iloopis\n","uploadtime":1700792692,"views":3,"p1id":"lanterncomic","p2id":"iloopis","formatid":"gen9nationaldex","rating":1099,"private":0,"password":""}