{"id":"gen9nationaldex-1997961629","p1":"Blaze1911","p2":"Anderson503","format":"[Gen 9] National Dex","log":"|html|<div class=\"broadcast-blue\"><strong>[Gen 9] National Dex is currently suspecting Sneasler! For information on how to participate check out the <a href=\"https:\/\/www.smogon.com\/forums\/threads\/sv-national-dex-suspect-8-just-dance.3731534\/\">suspect thread<\/a>.<\/strong><\/div>\n|j|\u2606Blaze1911\n|j|\u2606Anderson503\n|t:|1700872581\n|gametype|singles\n|player|p1|Blaze1911|169|1330\n|player|p2|Anderson503|2|1372\n|teamsize|p1|6\n|teamsize|p2|6\n|gen|9\n|tier|[Gen 9] National Dex\n|rated|\n|rule|HP Percentage Mod: HP is shown in percentages\n|rule|Endless Battle Clause: Forcing endless battles is banned\n|rule|OHKO Clause: OHKO moves are banned\n|rule|Evasion Clause: Evasion abilities, items, and moves are banned\n|rule|Evasion Abilities Clause: Evasion abilities are banned\n|rule|Evasion Items Clause: Evasion items are banned\n|rule|Evasion Moves Clause: Evasion moves are banned\n|rule|Species Clause: Limit one of each Pok\u00e9mon\n|rule|Sleep Clause Mod: Limit one foe put to sleep\n|clearpoke\n|poke|p1|Tyrantrum, M|\n|poke|p1|Ninetales-Alola, M|\n|poke|p1|Dragonite, F|\n|poke|p1|Great Tusk|\n|poke|p1|Feraligatr, F|\n|poke|p1|Ceruledge, M|\n|poke|p2|Lycanroc-Dusk, F|\n|poke|p2|Greninja-*, M|\n|poke|p2|Ogerpon-Wellspring, F|\n|poke|p2|Gallade, M|\n|poke|p2|Volcarona, M|\n|poke|p2|Iron Thorns|\n|teampreview\n|inactive|Battle timer is ON: inactive players will automatically lose when time's up. (requested by Anderson503)\n|\n|t:|1700872595\n|start\n|switch|p1a: Ninetales|Ninetales-Alola, M, shiny|100\/100\n|switch|p2a: Ogerpon|Ogerpon-Wellspring, F|100\/100\n|-weather|Snow|[from] ability: Snow Warning|[of] p1a: Ninetales\n|turn|1\n|\n|t:|1700872604\n|move|p2a: Ogerpon|Trailblaze|p1a: Ninetales\n|-damage|p1a: Ninetales|72\/100\n|-boost|p2a: Ogerpon|spe|1\n|move|p1a: Ninetales|Aurora Veil|p1a: Ninetales\n|-sidestart|p1: Blaze1911|move: Aurora Veil\n|\n|-weather|Snow|[upkeep]\n|upkeep\n|turn|2\n|\n|t:|1700872617\n|move|p2a: Ogerpon|Swords Dance|p2a: Ogerpon\n|-boost|p2a: Ogerpon|atk|2\n|move|p1a: Ninetales|Nasty Plot|p1a: Ninetales\n|-boost|p1a: Ninetales|spa|2\n|\n|-weather|Snow|[upkeep]\n|upkeep\n|turn|3\n|\n|t:|1700872623\n|move|p2a: Ogerpon|Ivy Cudgel|p1a: Ninetales|[anim] Ivy Cudgel Water\n|-damage|p1a: Ninetales|15\/100\n|move|p1a: Ninetales|Freeze-Dry|p2a: Ogerpon\n|-supereffective|p2a: Ogerpon\n|-damage|p2a: Ogerpon|0 fnt\n|faint|p2a: Ogerpon\n|\n|-weather|Snow|[upkeep]\n|upkeep\n|\n|t:|1700872629\n|switch|p2a: Lycanroc|Lycanroc-Dusk, F|100\/100\n|turn|4\n|\n|t:|1700872638\n|switch|p1a: Tyrantrum|Tyrantrum, M, shiny|100\/100\n|move|p2a: Lycanroc|Swords Dance|p2a: Lycanroc\n|-boost|p2a: Lycanroc|atk|2\n|\n|-weather|Snow|[upkeep]\n|upkeep\n|turn|5\n|\n|t:|1700872647\n|-terastallize|p1a: Tyrantrum|Ghost\n|move|p2a: Lycanroc|Close Combat|p1a: Tyrantrum\n|-immune|p1a: Tyrantrum\n|move|p1a: Tyrantrum|Dragon Dance|p1a: Tyrantrum\n|-boost|p1a: Tyrantrum|atk|1\n|-boost|p1a: Tyrantrum|spe|1\n|\n|-weather|none\n|upkeep\n|turn|6\n|\n|t:|1700872653\n|move|p1a: Tyrantrum|Earthquake|p2a: Lycanroc\n|-supereffective|p2a: Lycanroc\n|-enditem|p2a: Lycanroc|Focus Sash\n|-damage|p2a: Lycanroc|1\/100\n|move|p2a: Lycanroc|Drill Run|p1a: Tyrantrum\n|-damage|p1a: Tyrantrum|73\/100\n|\n|upkeep\n|turn|7\n|\n|t:|1700872669\n|move|p2a: Lycanroc|Accelerock|p1a: Tyrantrum\n|-damage|p1a: Tyrantrum|50\/100\n|move|p1a: Tyrantrum|Dragon Dance|p1a: Tyrantrum\n|-boost|p1a: Tyrantrum|atk|1\n|-boost|p1a: Tyrantrum|spe|1\n|\n|upkeep\n|turn|8\n|\n|t:|1700872672\n|move|p2a: Lycanroc|Accelerock|p1a: Tyrantrum\n|-damage|p1a: Tyrantrum|28\/100\n|move|p1a: Tyrantrum|Earthquake|p2a: Lycanroc\n|-supereffective|p2a: Lycanroc\n|-damage|p2a: Lycanroc|0 fnt\n|faint|p2a: Lycanroc\n|\n|-sideend|p1: Blaze1911|move: Aurora Veil\n|upkeep\n|\n|t:|1700872678\n|switch|p2a: Iron Thorns|Iron Thorns|100\/100\n|-enditem|p2a: Iron Thorns|Booster Energy\n|-activate|p2a: Iron Thorns|ability: Quark Drive|[fromitem]\n|-start|p2a: Iron Thorns|quarkdriveatk\n|turn|9\n|\n|t:|1700872684\n|-terastallize|p2a: Iron Thorns|Flying\n|move|p1a: Tyrantrum|Head Smash|p2a: Iron Thorns\n|-supereffective|p2a: Iron Thorns\n|-damage|p2a: Iron Thorns|0 fnt\n|faint|p2a: Iron Thorns\n|-end|p2a: Iron Thorns|Quark Drive|[silent]\n|\n|upkeep\n|\n|t:|1700872687\n|switch|p2a: Volcarona|Volcarona, M|100\/100\n|turn|10\n|\n|t:|1700872694\n|move|p1a: Tyrantrum|Head Smash|p2a: Volcarona\n|-supereffective|p2a: Volcarona\n|-damage|p2a: Volcarona|0 fnt\n|-status|p1a: Tyrantrum|brn|[from] ability: Flame Body|[of] p2a: Volcarona\n|faint|p2a: Volcarona\n|\n|-damage|p1a: Tyrantrum|22\/100 brn|[from] brn\n|upkeep\n|\n|t:|1700872712\n|switch|p2a: Greninja|Greninja, M|100\/100\n|turn|11\n|\n|t:|1700872731\n|switch|p1a: Feraligatr|Feraligatr, F, shiny|100\/100\n|move|p2a: Greninja|Dark Pulse|p1a: Feraligatr\n|-damage|p1a: Feraligatr|57\/100\n|\n|upkeep\n|turn|12\n|\n|t:|1700872749\n|move|p2a: Greninja|Dark Pulse|p1a: Feraligatr\n|-damage|p1a: Feraligatr|16\/100\n|move|p1a: Feraligatr|Waterfall|p2a: Greninja\n|-resisted|p2a: Greninja\n|-damage|p2a: Greninja|38\/100\n|\n|upkeep\n|turn|13\n|\n|t:|1700872757\n|switch|p1a: Dragonite|Dragonite, F, shiny|100\/100\n|move|p2a: Greninja|Dark Pulse|p1a: Dragonite\n|-damage|p1a: Dragonite|80\/100\n|\n|upkeep\n|turn|14\n|\n|t:|1700872760\n|move|p1a: Dragonite|Extreme Speed|p2a: Greninja\n|-damage|p2a: Greninja|0 fnt\n|faint|p2a: Greninja\n|\n|upkeep\n|\n|t:|1700872763\n|switch|p2a: Gallade|Gallade, M, shiny|100\/100\n|turn|15\n|\n|t:|1700872770\n|switch|p1a: Ceruledge|Ceruledge, M, shiny|100\/100\n|detailschange|p2a: Gallade|Gallade-Mega, M, shiny\n|-mega|p2a: Gallade|Gallade|Galladite\n|move|p2a: Gallade|Sacred Sword|p1a: Ceruledge\n|-immune|p1a: Ceruledge\n|\n|upkeep\n|turn|16\n|\n|t:|1700872778\n|move|p2a: Gallade|Night Slash|p1a: Ceruledge\n|-supereffective|p1a: Ceruledge\n|-damage|p1a: Ceruledge|42\/100\n|-ability|p1a: Ceruledge|Weak Armor|boost\n|-unboost|p1a: Ceruledge|def|1\n|-boost|p1a: Ceruledge|spe|2\n|-enditem|p1a: Ceruledge|White Herb\n|-clearnegativeboost|p1a: Ceruledge|[silent]\n|move|p1a: Ceruledge|Swords Dance|p1a: Ceruledge\n|-boost|p1a: Ceruledge|atk|2\n|\n|upkeep\n|turn|17\n|\n|t:|1700872785\n|move|p1a: Ceruledge|Bitter Blade|p2a: Gallade\n|-damage|p2a: Gallade|0 fnt\n|-heal|p1a: Ceruledge|82\/100|[from] drain|[of] p2a: Gallade\n|faint|p2a: Gallade\n|\n|win|Blaze1911\n|raw|Blaze1911's rating: 1330 &rarr; <strong>1352<\/strong><br \/>(+22 for winning)\n|raw|Anderson503's rating: 1372 &rarr; <strong>1350<\/strong><br \/>(-22 for losing)\n|l|\u2606Anderson503\n","uploadtime":1700872802,"views":22,"p1id":"blaze1911","p2id":"anderson503","formatid":"gen9nationaldex","rating":1350,"private":0,"password":""}