{"id":"gen9nationaldex-1988319067","p1":"hsenb\u59da\u67d0","p2":"MEMMEM","format":"[Gen 9] National Dex","log":"|j|\u2606hsenb\u59da\u67d0\n|j|\u2606MEMMEM\n|t:|1699707743\n|gametype|singles\n|player|p1|hsenb\u59da\u67d0|may-contest|1786\n|player|p2|MEMMEM|biker-gen4|1737\n|teamsize|p1|6\n|teamsize|p2|6\n|gen|9\n|tier|[Gen 9] National Dex\n|rated|\n|rule|HP Percentage Mod: HP is shown in percentages\n|rule|Endless Battle Clause: Forcing endless battles is banned\n|rule|OHKO Clause: OHKO moves are banned\n|rule|Evasion Clause: Evasion abilities, items, and moves are banned\n|rule|Evasion Abilities Clause: Evasion abilities are banned\n|rule|Evasion Items Clause: Evasion items are banned\n|rule|Evasion Moves Clause: Evasion moves are banned\n|rule|Species Clause: Limit one of each Pok\u00e9mon\n|rule|Sleep Clause Mod: Limit one foe put to sleep\n|clearpoke\n|poke|p1|Diancie|\n|poke|p1|Garganacl, M|\n|poke|p1|Arcanine-Hisui, M|\n|poke|p1|Nihilego|\n|poke|p1|Glimmora, F|\n|poke|p1|Kleavor, M|\n|poke|p2|Azumarill, F|\n|poke|p2|Zapdos|\n|poke|p2|Ferrothorn, M|\n|poke|p2|Banette, M|\n|poke|p2|Gyarados, F|\n|poke|p2|Ting-Lu|\n|teampreview\n|j| Tguutt\n|\n|t:|1699707754\n|start\n|switch|p1a: Glimmora|Glimmora, F|100\/100\n|switch|p2a: Azumarill|Azumarill, F|100\/100\n|turn|1\n|\n|t:|1699707759\n|switch|p2a: Ting-Lu|Ting-Lu|100\/100\n|-ability|p2a: Ting-Lu|Vessel of Ruin\n|move|p1a: Glimmora|Energy Ball|p2a: Ting-Lu\n|-supereffective|p2a: Ting-Lu\n|-damage|p2a: Ting-Lu|71\/100\n|\n|-heal|p2a: Ting-Lu|77\/100|[from] item: Leftovers\n|upkeep\n|turn|2\n|\n|t:|1699707764\n|move|p1a: Glimmora|Energy Ball|p2a: Ting-Lu\n|-supereffective|p2a: Ting-Lu\n|-damage|p2a: Ting-Lu|47\/100\n|move|p2a: Ting-Lu|Spikes|p1a: Glimmora\n|-sidestart|p1: hsenb\u59da\u67d0|Spikes\n|\n|-heal|p2a: Ting-Lu|53\/100|[from] item: Leftovers\n|upkeep\n|turn|3\n|\n|t:|1699707769\n|switch|p2a: Ferrothorn|Ferrothorn, M|100\/100\n|move|p1a: Glimmora|Mortal Spin|p2a: Ferrothorn\n|-immune|p2a: Ferrothorn\n|\n|upkeep\n|turn|4\n|\n|t:|1699707776\n|move|p1a: Glimmora|Stealth Rock|p2a: Ferrothorn\n|-sidestart|p2: MEMMEM|move: Stealth Rock\n|move|p2a: Ferrothorn|Stealth Rock|p1a: Glimmora\n|-sidestart|p1: hsenb\u59da\u67d0|move: Stealth Rock\n|\n|upkeep\n|turn|5\n|\n|t:|1699707786\n|move|p1a: Glimmora|Earth Power|p2a: Ferrothorn\n|-damage|p2a: Ferrothorn|71\/100\n|move|p2a: Ferrothorn|Gyro Ball|p1a: Glimmora\n|-supereffective|p1a: Glimmora\n|-enditem|p1a: Glimmora|Focus Sash\n|-damage|p1a: Glimmora|1\/100\n|-activate|p1a: Glimmora|ability: Toxic Debris\n|-sidestart|p2: MEMMEM|move: Toxic Spikes\n|\n|upkeep\n|turn|6\n|\n|t:|1699707797\n|move|p1a: Glimmora|Earth Power|p2a: Ferrothorn\n|-damage|p2a: Ferrothorn|43\/100\n|-unboost|p2a: Ferrothorn|spd|1\n|move|p2a: Ferrothorn|Gyro Ball|p1a: Glimmora\n|-supereffective|p1a: Glimmora\n|-damage|p1a: Glimmora|0 fnt\n|-activate|p1a: Glimmora|ability: Toxic Debris\n|-sidestart|p2: MEMMEM|move: Toxic Spikes\n|faint|p1a: Glimmora\n|\n|upkeep\n|\n|t:|1699707810\n|switch|p1a: Diancie|Diancie|100\/100\n|-damage|p1a: Diancie|88\/100|[from] Spikes\n|-damage|p1a: Diancie|76\/100|[from] Stealth Rock\n|turn|7\n|\n|t:|1699707817\n|detailschange|p1a: Diancie|Diancie-Mega\n|-mega|p1a: Diancie|Diancie|Diancite\n|move|p1a: Diancie|Mystical Fire|p2a: Ferrothorn\n|-supereffective|p2a: Ferrothorn\n|-damage|p2a: Ferrothorn|0 fnt\n|faint|p2a: Ferrothorn\n|\n|upkeep\n|\n|t:|1699707819\n|switch|p2a: Azumarill|Azumarill, F|100\/100\n|-damage|p2a: Azumarill|88\/100|[from] Stealth Rock\n|-status|p2a: Azumarill|tox\n|turn|8\n|\n|t:|1699707833\n|move|p1a: Diancie|Moonblast|p2a: Azumarill\n|-damage|p2a: Azumarill|52\/100 tox\n|move|p2a: Azumarill|Liquidation|p1a: Diancie\n|-supereffective|p1a: Diancie\n|-damage|p1a: Diancie|0 fnt\n|faint|p1a: Diancie\n|\n|-damage|p2a: Azumarill|46\/100 tox|[from] psn\n|upkeep\n|\n|t:|1699707843\n|switch|p1a: Garganacl|Garganacl, M|100\/100\n|-damage|p1a: Garganacl|88\/100|[from] Spikes\n|-damage|p1a: Garganacl|76\/100|[from] Stealth Rock\n|turn|9\n|\n|t:|1699707847\n|-terastallize|p1a: Garganacl|Grass\n|move|p2a: Azumarill|Liquidation|p1a: Garganacl\n|-resisted|p1a: Garganacl\n|-damage|p1a: Garganacl|57\/100\n|move|p1a: Garganacl|Salt Cure|p2a: Azumarill\n|-damage|p2a: Azumarill|31\/100 tox\n|-start|p2a: Azumarill|Salt Cure\n|\n|-heal|p1a: Garganacl|63\/100|[from] item: Leftovers\n|-damage|p2a: Azumarill|19\/100 tox|[from] psn\n|-damage|p2a: Azumarill|0 fnt|[from] Salt Cure\n|faint|p2a: Azumarill\n|upkeep\n|\n|t:|1699707858\n|switch|p2a: Gyarados|Gyarados, F|100\/100\n|-damage|p2a: Gyarados|76\/100|[from] Stealth Rock\n|turn|10\n|\n|t:|1699707879\n|move|p2a: Gyarados|Dragon Dance|p2a: Gyarados\n|-boost|p2a: Gyarados|atk|1\n|-boost|p2a: Gyarados|spe|1\n|move|p1a: Garganacl|Iron Defense|p1a: Garganacl\n|-boost|p1a: Garganacl|def|2\n|\n|-heal|p1a: Garganacl|70\/100|[from] item: Leftovers\n|upkeep\n|turn|11\n|\n|t:|1699707887\n|move|p2a: Gyarados|Taunt|p1a: Garganacl\n|-start|p1a: Garganacl|move: Taunt\n|move|p1a: Garganacl|Salt Cure|p2a: Gyarados\n|-supereffective|p2a: Gyarados\n|-damage|p2a: Gyarados|39\/100\n|-start|p2a: Gyarados|Salt Cure\n|\n|-heal|p1a: Garganacl|76\/100|[from] item: Leftovers\n|-damage|p2a: Gyarados|14\/100|[from] Salt Cure\n|upkeep\n|turn|12\n|\n|t:|1699707901\n|switch|p1a: Nihilego|Nihilego|100\/100\n|-damage|p1a: Nihilego|88\/100|[from] Spikes\n|-damage|p1a: Nihilego|76\/100|[from] Stealth Rock\n|-zpower|p2a: Gyarados\n|move|p2a: Gyarados|Supersonic Skystrike|p1a: Nihilego|[zeffect]\n|-resisted|p1a: Nihilego\n|-damage|p1a: Nihilego|0 fnt\n|faint|p1a: Nihilego\n|-ability|p2a: Gyarados|Moxie|boost\n|-boost|p2a: Gyarados|atk|1\n|\n|-damage|p2a: Gyarados|0 fnt|[from] Salt Cure\n|faint|p2a: Gyarados\n|upkeep\n|\n|t:|1699707912\n|switch|p1a: Arcanine|Arcanine-Hisui, M|100\/100\n|switch|p2a: Zapdos|Zapdos|100\/100\n|-damage|p1a: Arcanine|88\/100|[from] Spikes\n|-damage|p1a: Arcanine|63\/100|[from] Stealth Rock\n|turn|13\n|\n|t:|1699707917\n|move|p1a: Arcanine|Head Smash|p2a: Zapdos\n|-supereffective|p2a: Zapdos\n|-damage|p2a: Zapdos|0 fnt\n|faint|p2a: Zapdos\n|\n|upkeep\n|\n|t:|1699707919\n|switch|p2a: Ting-Lu|Ting-Lu|53\/100\n|-damage|p2a: Ting-Lu|47\/100|[from] Stealth Rock\n|-status|p2a: Ting-Lu|tox\n|-ability|p2a: Ting-Lu|Vessel of Ruin\n|turn|14\n|-message|MEMMEM forfeited.\n|\n|win|hsenb\u59da\u67d0\n|raw|hsenb\u59da\u67d0's rating: 1786 &rarr; <strong>1803<\/strong><br \/>(+17 for winning)\n|raw|MEMMEM's rating: 1737 &rarr; <strong>1720<\/strong><br \/>(-17 for losing)\n|l|\u2606MEMMEM\n","uploadtime":1699707936,"views":12,"p1id":"hsenb","p2id":"memmem","formatid":"gen9nationaldex","rating":1720,"private":0,"password":""}