{"id":"gen9nationaldex-1993900632","p1":"kamikaze banzai","p2":"Debuner","format":"[Gen 9] National Dex","log":"|j|\u2606kamikaze banzai\n|j|\u2606Debuner\n|t:|1700372360\n|gametype|singles\n|player|p1|kamikaze banzai|265|1257\n|player|p2|Debuner|candice|1244\n|teamsize|p1|6\n|teamsize|p2|6\n|gen|9\n|tier|[Gen 9] National Dex\n|rated|\n|rule|HP Percentage Mod: HP is shown in percentages\n|rule|Endless Battle Clause: Forcing endless battles is banned\n|rule|OHKO Clause: OHKO moves are banned\n|rule|Evasion Clause: Evasion abilities, items, and moves are banned\n|rule|Evasion Abilities Clause: Evasion abilities are banned\n|rule|Evasion Items Clause: Evasion items are banned\n|rule|Evasion Moves Clause: Evasion moves are banned\n|rule|Species Clause: Limit one of each Pok\u00e9mon\n|rule|Sleep Clause Mod: Limit one foe put to sleep\n|clearpoke\n|poke|p1|Pelipper, F|\n|poke|p1|Swampert, M|\n|poke|p1|Floatzel, F|\n|poke|p1|Basculegion, M|\n|poke|p1|Alakazam, M|\n|poke|p1|Goodra-Hisui, F|\n|poke|p2|Hoopa-Unbound|\n|poke|p2|Iron Hands|\n|poke|p2|Great Tusk|\n|poke|p2|Lopunny, F|\n|poke|p2|Thundurus-Therian, M|\n|poke|p2|Tapu Koko|\n|teampreview\n|inactive|Battle timer is ON: inactive players will automatically lose when time's up. (requested by kamikaze banzai)\n|\n|t:|1700372372\n|start\n|switch|p1a: Pelipper|Pelipper, F, shiny|100\/100\n|switch|p2a: Great Tusk|Great Tusk|100\/100\n|-weather|RainDance|[from] ability: Drizzle|[of] p1a: Pelipper\n|turn|1\n|\n|t:|1700372378\n|move|p2a: Great Tusk|Stealth Rock|p1a: Pelipper\n|-sidestart|p1: kamikaze banzai|move: Stealth Rock\n|move|p1a: Pelipper|Hurricane|p2a: Great Tusk\n|-supereffective|p2a: Great Tusk\n|-damage|p2a: Great Tusk|0 fnt\n|faint|p2a: Great Tusk\n|-end|p2a: Great Tusk|Protosynthesis|[silent]\n|\n|-weather|RainDance|[upkeep]\n|upkeep\n|\n|t:|1700372390\n|switch|p2a: Tapu Koko|Tapu Koko|100\/100\n|-fieldstart|move: Electric Terrain|[from] ability: Electric Surge|[of] p2a: Tapu Koko\n|turn|2\n|\n|t:|1700372396\n|switch|p1a: Swampert|Swampert, M, shiny|100\/100\n|-damage|p1a: Swampert|94\/100|[from] Stealth Rock\n|move|p2a: Tapu Koko|Volt Switch|p1a: Swampert\n|-immune|p1a: Swampert\n|\n|-weather|RainDance|[upkeep]\n|upkeep\n|turn|3\n|\n|t:|1700372417\n|switch|p2a: Hoopa|Hoopa-Unbound|100\/100\n|detailschange|p1a: Swampert|Swampert-Mega, M, shiny\n|-mega|p1a: Swampert|Swampert|Swampertite\n|move|p1a: Swampert|Ice Punch|p2a: Hoopa\n|-crit|p2a: Hoopa\n|-damage|p2a: Hoopa|23\/100\n|-status|p2a: Hoopa|frz\n|\n|-weather|RainDance|[upkeep]\n|upkeep\n|turn|4\n|\n|t:|1700372422\n|move|p1a: Swampert|Ice Punch|p2a: Hoopa\n|-crit|p2a: Hoopa\n|-damage|p2a: Hoopa|0 fnt\n|faint|p2a: Hoopa\n|\n|-weather|RainDance|[upkeep]\n|upkeep\n|c|\u2606kamikaze banzai|dbl crit\n|c|\u2606kamikaze banzai|my days\n|\n|t:|1700372435\n|switch|p2a: Lopunny|Lopunny, F|100\/100\n|turn|5\n|\n|t:|1700372439\n|switch|p1a: Basculegion|Basculegion, M, shiny|100\/100\n|-damage|p1a: Basculegion|88\/100|[from] Stealth Rock\n|detailschange|p2a: Lopunny|Lopunny-Mega, F\n|-mega|p2a: Lopunny|Lopunny|Lopunnite\n|move|p2a: Lopunny|Fake Out|p1a: Basculegion\n|-damage|p1a: Basculegion|60\/100\n|\n|-weather|RainDance|[upkeep]\n|upkeep\n|turn|6\n|\n|t:|1700372456\n|-terastallize|p1a: Basculegion|Water\n|move|p1a: Basculegion|Wave Crash|p2a: Lopunny\n|-damage|p2a: Lopunny|0 fnt\n|faint|p2a: Lopunny\n|-damage|p1a: Basculegion|36\/100|[from] Recoil\n|\n|-weather|RainDance|[upkeep]\n|-fieldend|move: Electric Terrain\n|upkeep\n|\n|t:|1700372461\n|switch|p2a: Tapu Koko|Tapu Koko|100\/100\n|-fieldstart|move: Electric Terrain|[from] ability: Electric Surge|[of] p2a: Tapu Koko\n|turn|7\n|\n|t:|1700372470\n|move|p1a: Basculegion|Wave Crash|p2a: Tapu Koko\n|-damage|p2a: Tapu Koko|0 fnt\n|faint|p2a: Tapu Koko\n|-damage|p1a: Basculegion|12\/100|[from] Recoil\n|\n|-weather|RainDance|[upkeep]\n|upkeep\n|\n|t:|1700372474\n|switch|p2a: Thundurus|Thundurus-Therian, M|100\/100\n|turn|8\n|\n|t:|1700372480\n|move|p1a: Basculegion|Wave Crash|p2a: Thundurus\n|-damage|p2a: Thundurus|0 fnt\n|faint|p2a: Thundurus\n|-damage|p1a: Basculegion|0 fnt|[from] Recoil\n|faint|p1a: Basculegion\n|\n|-weather|none\n|upkeep\n|c|\u2606kamikaze banzai|no fake out hands?\n|\n|t:|1700372494\n|switch|p2a: Iron Hands|Iron Hands|100\/100\n|switch|p1a: Pelipper|Pelipper, F, shiny|100\/100\n|-damage|p1a: Pelipper|76\/100|[from] Stealth Rock\n|-weather|RainDance|[from] ability: Drizzle|[of] p1a: Pelipper\n|-activate|p2a: Iron Hands|ability: Quark Drive\n|-start|p2a: Iron Hands|quarkdriveatk\n|turn|9\n|\n|t:|1700372502\n|move|p1a: Pelipper|Hurricane|p2a: Iron Hands\n|-damage|p2a: Iron Hands|70\/100\n|move|p2a: Iron Hands|Drain Punch|p1a: Pelipper\n|-resisted|p1a: Pelipper\n|-damage|p1a: Pelipper|45\/100\n|-heal|p2a: Iron Hands|80\/100|[from] drain|[of] p1a: Pelipper\n|\n|-weather|RainDance|[upkeep]\n|upkeep\n|turn|10\n|\n|t:|1700372507\n|move|p1a: Pelipper|Hurricane|p2a: Iron Hands\n|-damage|p2a: Iron Hands|51\/100\n|move|p2a: Iron Hands|Drain Punch|p1a: Pelipper\n|-resisted|p1a: Pelipper\n|-damage|p1a: Pelipper|16\/100\n|-heal|p2a: Iron Hands|60\/100|[from] drain|[of] p1a: Pelipper\n|\n|-weather|RainDance|[upkeep]\n|upkeep\n|turn|11\n|\n|t:|1700372520\n|move|p1a: Pelipper|Hurricane|p2a: Iron Hands\n|-damage|p2a: Iron Hands|28\/100\n|move|p2a: Iron Hands|Drain Punch|p1a: Pelipper\n|-resisted|p1a: Pelipper\n|-damage|p1a: Pelipper|0 fnt\n|-heal|p2a: Iron Hands|33\/100|[from] drain|[of] p1a: Pelipper\n|faint|p1a: Pelipper\n|\n|-weather|RainDance|[upkeep]\n|-fieldend|move: Electric Terrain\n|-end|p2a: Iron Hands|Quark Drive\n|upkeep\n|\n|t:|1700372524\n|switch|p1a: Alakazam|Alakazam, M, shiny|100\/100\n|turn|12\n|c|\u2606kamikaze banzai|ggwp\n|\n|t:|1700372531\n|-terastallize|p2a: Iron Hands|Flying\n|move|p1a: Alakazam|Psychic|p2a: Iron Hands\n|-damage|p2a: Iron Hands|0 fnt\n|faint|p2a: Iron Hands\n|-end|p2a: Iron Hands|Quark Drive|[silent]\n|\n|win|kamikaze banzai\n|raw|kamikaze banzai's rating: 1257 &rarr; <strong>1281<\/strong><br \/>(+24 for winning)\n|raw|Debuner's rating: 1244 &rarr; <strong>1220<\/strong><br \/>(-24 for losing)\n","uploadtime":1700372537,"views":17,"p1id":"kamikazebanzai","p2id":"debuner","formatid":"gen9nationaldex","rating":1220,"private":0,"password":""}