{"id":"gen9nationaldex-1995535273","p1":"testing a funni3","p2":"lord cupset","format":"[Gen 9] National Dex","log":"|html|<div class=\"broadcast-blue\"><strong>[Gen 9] National Dex is currently suspecting Sneasler! For information on how to participate check out the <a href=\"https:\/\/www.smogon.com\/forums\/threads\/sv-national-dex-suspect-8-just-dance.3731534\/\">suspect thread<\/a>.<\/strong><\/div>\n|j|\u2606testing a funni3\n|j|\u2606lord cupset\n|t:|1700580709\n|gametype|singles\n|player|p1|testing a funni3|unknownf|1471\n|player|p2|lord cupset|266|1484\n|teamsize|p1|6\n|teamsize|p2|6\n|gen|9\n|tier|[Gen 9] National Dex\n|rated|\n|rule|HP Percentage Mod: HP is shown in percentages\n|rule|Endless Battle Clause: Forcing endless battles is banned\n|rule|OHKO Clause: OHKO moves are banned\n|rule|Evasion Clause: Evasion abilities, items, and moves are banned\n|rule|Evasion Abilities Clause: Evasion abilities are banned\n|rule|Evasion Items Clause: Evasion items are banned\n|rule|Evasion Moves Clause: Evasion moves are banned\n|rule|Species Clause: Limit one of each Pok\u00e9mon\n|rule|Sleep Clause Mod: Limit one foe put to sleep\n|clearpoke\n|poke|p1|Latios, M|\n|poke|p1|Buzzwole|\n|poke|p1|Gliscor, M|\n|poke|p1|Weavile, F|\n|poke|p1|Heatran, M|\n|poke|p1|Ogerpon-Wellspring, F|\n|poke|p2|Araquanid, F|\n|poke|p2|Tapu Lele|\n|poke|p2|Medicham, F|\n|poke|p2|Kommo-o, F|\n|poke|p2|Ditto|\n|poke|p2|Zapdos|\n|teampreview\n|j| H03nn 5tyl3\n|\n|t:|1700580736\n|start\n|switch|p1a: Latios|Latios, M|100\/100\n|switch|p2a: Medicham|Medicham, F|100\/100\n|turn|1\n|\n|t:|1700580746\n|detailschange|p1a: Latios|Latios-Mega, M\n|-mega|p1a: Latios|Latios|Latiosite\n|detailschange|p2a: Medicham|Medicham-Mega, F\n|-mega|p2a: Medicham|Medicham|Medichamite\n|move|p1a: Latios|Psychic|p2a: Medicham\n|-damage|p2a: Medicham|17\/100\n|move|p2a: Medicham|Ice Punch|p1a: Latios\n|-supereffective|p1a: Latios\n|-damage|p1a: Latios|0 fnt\n|faint|p1a: Latios\n|\n|upkeep\n|\n|t:|1700580757\n|switch|p1a: Weavile|Weavile, F|100\/100\n|-ability|p1a: Weavile|Pressure\n|turn|2\n|\n|t:|1700580762\n|-activate|p2a: Medicham|move: Pursuit\n|move|p1a: Weavile|Pursuit|p2a: Medicham|[from]Pursuit\n|-damage|p2a: Medicham|0 fnt\n|faint|p2a: Medicham\n|-hint|A Pokemon can't switch between when it runs out of HP and when it faints\n|\n|upkeep\n|\n|t:|1700580765\n|switch|p2a: Ditto|Ditto|100\/100\n|-transform|p2a: Ditto|p1a: Weavile|[from] ability: Imposter\n|-ability|p2a: Ditto|Pressure\n|turn|3\n|\n|t:|1700580771\n|switch|p1a: Buzzwole|Buzzwole|100\/100\n|move|p2a: Ditto|Knock Off|p1a: Buzzwole\n|-resisted|p1a: Buzzwole\n|-crit|p1a: Buzzwole\n|-damage|p1a: Buzzwole|83\/100\n|-enditem|p1a: Buzzwole|Heavy-Duty Boots|[from] move: Knock Off|[of] p2a: Ditto\n|\n|upkeep\n|turn|4\n|\n|t:|1700580780\n|switch|p2a: Zapdos|Zapdos|100\/100\n|move|p1a: Buzzwole|Drain Punch|p2a: Zapdos\n|-resisted|p2a: Zapdos\n|-damage|p2a: Zapdos|89\/100\n|-heal|p1a: Buzzwole|89\/100|[from] drain|[of] p2a: Zapdos\n|-damage|p1a: Buzzwole|72\/100|[from] item: Rocky Helmet|[of] p2a: Zapdos\n|-status|p1a: Buzzwole|par|[from] ability: Static|[of] p2a: Zapdos\n|\n|upkeep\n|turn|5\n|inactive|Battle timer is ON: inactive players will automatically lose when time's up. (requested by testing a funni3)\n|\n|t:|1700580810\n|switch|p1a: Gliscor|Gliscor, M|100\/100\n|move|p2a: Zapdos|Hidden Power|p1a: Gliscor\n|-supereffective|p1a: Gliscor\n|-damage|p1a: Gliscor|46\/100\n|\n|-status|p1a: Gliscor|tox|[from] item: Toxic Orb\n|upkeep\n|turn|6\n|\n|t:|1700580830\n|switch|p2a: Kommo-o|Kommo-o, F|100\/100\n|switch|p1a: Heatran|Heatran, M|100\/100\n|\n|upkeep\n|turn|7\n|l|\u2606lord cupset\n|inactive|lord cupset disconnected and has a minute to reconnect!\n|player|p2|\n|inactive|lord cupset has 30 seconds to reconnect!\n|j|\u2606lord cupset\n|inactive|lord cupset reconnected and has 105 seconds left.\n|player|p2|lord cupset|266\n|\n|t:|1700580879\n|move|p2a: Kommo-o|Clangorous Soul|p2a: Kommo-o\n|-boost|p2a: Kommo-o|atk|1\n|-boost|p2a: Kommo-o|def|1\n|-boost|p2a: Kommo-o|spa|1\n|-boost|p2a: Kommo-o|spd|1\n|-boost|p2a: Kommo-o|spe|1\n|-damage|p2a: Kommo-o|68\/100\n|move|p1a: Heatran|Magma Storm|p2a: Kommo-o|[miss]\n|-miss|p1a: Heatran|p2a: Kommo-o\n|\n|upkeep\n|turn|8\n|\n|t:|1700580887\n|switch|p1a: Buzzwole|Buzzwole|72\/100 par\n|move|p2a: Kommo-o|Drain Punch|p1a: Buzzwole\n|-resisted|p1a: Buzzwole\n|-crit|p1a: Buzzwole\n|-damage|p1a: Buzzwole|54\/100 par\n|-heal|p2a: Kommo-o|81\/100|[from] drain|[of] p1a: Buzzwole\n|\n|upkeep\n|turn|9\n|\n|t:|1700580893\n|-zpower|p2a: Kommo-o\n|move|p2a: Kommo-o|Clangorous Soulblaze|p1a: Buzzwole|[zeffect]\n|-damage|p1a: Buzzwole|0 fnt\n|faint|p1a: Buzzwole\n|-boost|p2a: Kommo-o|atk|1\n|-boost|p2a: Kommo-o|def|1\n|-boost|p2a: Kommo-o|spa|1\n|-boost|p2a: Kommo-o|spd|1\n|-boost|p2a: Kommo-o|spe|1\n|\n|upkeep\n|\n|t:|1700580902\n|switch|p1a: Gliscor|Gliscor, M|46\/100 tox\n|turn|10\n|\n|t:|1700580910\n|-terastallize|p1a: Gliscor|Fairy\n|move|p2a: Kommo-o|Clanging Scales|p1a: Gliscor\n|-immune|p1a: Gliscor\n|move|p1a: Gliscor|Toxic|p2a: Kommo-o\n|-status|p2a: Kommo-o|tox\n|\n|-damage|p2a: Kommo-o|74\/100 tox|[from] psn\n|-heal|p1a: Gliscor|59\/100 tox|[from] ability: Poison Heal\n|upkeep\n|turn|11\n|\n|t:|1700580915\n|move|p2a: Kommo-o|Earthquake|p1a: Gliscor\n|-damage|p1a: Gliscor|6\/100 tox\n|move|p1a: Gliscor|Roost|p1a: Gliscor\n|-heal|p1a: Gliscor|56\/100 tox\n|\n|-damage|p2a: Kommo-o|62\/100 tox|[from] psn\n|-heal|p1a: Gliscor|68\/100 tox|[from] ability: Poison Heal\n|upkeep\n|turn|12\n|\n|t:|1700580924\n|switch|p2a: Zapdos|Zapdos|89\/100\n|move|p1a: Gliscor|Roost|p1a: Gliscor\n|-heal|p1a: Gliscor|100\/100 tox\n|\n|upkeep\n|turn|13\n|\n|t:|1700580927\n|switch|p2a: Ditto|Ditto|100\/100\n|-transform|p2a: Ditto|p1a: Gliscor|[from] ability: Imposter\n|move|p1a: Gliscor|Toxic|p2a: Ditto\n|-status|p2a: Ditto|tox\n|\n|upkeep\n|-start|p2a: Ditto|typechange|Ground\/Flying|[silent]\n|turn|14\n|\n|t:|1700580937\n|move|p2a: Ditto|Earthquake|p1a: Gliscor\n|-damage|p1a: Gliscor|76\/100 tox\n|move|p1a: Gliscor|Defog|p2a: Ditto\n|-unboost|p2a: Ditto|evasion|1\n|\n|-heal|p1a: Gliscor|89\/100 tox|[from] ability: Poison Heal\n|upkeep\n|turn|15\n|\n|t:|1700580945\n|move|p2a: Ditto|Earthquake|p1a: Gliscor\n|-damage|p1a: Gliscor|65\/100 tox\n|move|p1a: Gliscor|Defog|p2a: Ditto\n|-unboost|p2a: Ditto|evasion|1\n|\n|-heal|p1a: Gliscor|77\/100 tox|[from] ability: Poison Heal\n|upkeep\n|turn|16\n|\n|t:|1700580950\n|move|p2a: Ditto|Earthquake|p1a: Gliscor\n|-damage|p1a: Gliscor|51\/100 tox\n|move|p1a: Gliscor|Defog|p2a: Ditto\n|-unboost|p2a: Ditto|evasion|1\n|\n|-heal|p1a: Gliscor|64\/100 tox|[from] ability: Poison Heal\n|upkeep\n|turn|17\n|\n|t:|1700580954\n|move|p2a: Ditto|Earthquake|p1a: Gliscor\n|-damage|p1a: Gliscor|36\/100 tox\n|move|p1a: Gliscor|Roost|p1a: Gliscor\n|-heal|p1a: Gliscor|87\/100 tox\n|\n|-heal|p1a: Gliscor|99\/100 tox|[from] ability: Poison Heal\n|upkeep\n|turn|18\n|\n|t:|1700580959\n|move|p2a: Ditto|Earthquake|p1a: Gliscor\n|-damage|p1a: Gliscor|74\/100 tox\n|move|p1a: Gliscor|Defog|p2a: Ditto\n|-unboost|p2a: Ditto|evasion|1\n|\n|-heal|p1a: Gliscor|87\/100 tox|[from] ability: Poison Heal\n|upkeep\n|turn|19\n|\n|t:|1700580963\n|switch|p2a: Kommo-o|Kommo-o, F|62\/100 tox\n|switch|p1a: Ogerpon|Ogerpon-Wellspring, F|100\/100\n|\n|-damage|p2a: Kommo-o|56\/100 tox|[from] psn\n|upkeep\n|turn|20\n|\n|t:|1700580966\n|switch|p2a: Araquanid|Araquanid, F|100\/100\n|move|p1a: Ogerpon|Play Rough|p2a: Araquanid\n|-damage|p2a: Araquanid|65\/100\n|\n|upkeep\n|turn|21\n|\n|t:|1700580970\n|move|p1a: Ogerpon|Power Whip|p2a: Araquanid\n|-damage|p2a: Araquanid|0 fnt\n|faint|p2a: Araquanid\n|\n|upkeep\n|\n|t:|1700580973\n|switch|p2a: Zapdos|Zapdos|89\/100\n|turn|22\n|\n|t:|1700580981\n|switch|p1a: Gliscor|Gliscor, M, tera:Fairy|87\/100 tox\n|move|p2a: Zapdos|Discharge|p1a: Gliscor\n|-damage|p1a: Gliscor|59\/100 tox\n|\n|-heal|p1a: Gliscor|71\/100 tox|[from] ability: Poison Heal\n|upkeep\n|turn|23\n|\n|t:|1700580994\n|switch|p2a: Ditto|Ditto|100\/100 tox\n|-transform|p2a: Ditto|p1a: Gliscor|[from] ability: Imposter\n|switch|p1a: Ogerpon|Ogerpon-Wellspring, F|100\/100\n|\n|upkeep\n|turn|24\n|\n|t:|1700580999\n|move|p1a: Ogerpon|Ivy Cudgel|p2a: Ditto|[anim] Ivy Cudgel Water\n|-supereffective|p2a: Ditto\n|-damage|p2a: Ditto|0 fnt\n|faint|p2a: Ditto\n|\n|upkeep\n|\n|t:|1700581002\n|switch|p2a: Tapu Lele|Tapu Lele|100\/100\n|-fieldstart|move: Psychic Terrain|[from] ability: Psychic Surge|[of] p2a: Tapu Lele\n|turn|25\n|\n|t:|1700581009\n|switch|p2a: Zapdos|Zapdos|89\/100\n|move|p1a: Ogerpon|Ivy Cudgel|p2a: Zapdos|[anim] Ivy Cudgel Water\n|-damage|p2a: Zapdos|45\/100\n|\n|upkeep\n|turn|26\n|\n|t:|1700581012\n|move|p1a: Ogerpon|Ivy Cudgel|p2a: Zapdos|[anim] Ivy Cudgel Water\n|-damage|p2a: Zapdos|3\/100\n|move|p2a: Zapdos|Discharge|p1a: Ogerpon\n|-damage|p1a: Ogerpon|61\/100\n|\n|upkeep\n|turn|27\n|\n|t:|1700581014\n|move|p1a: Ogerpon|Ivy Cudgel|p2a: Zapdos|[anim] Ivy Cudgel Water\n|-damage|p2a: Zapdos|0 fnt\n|faint|p2a: Zapdos\n|\n|upkeep\n|\n|t:|1700581016\n|switch|p2a: Tapu Lele|Tapu Lele|100\/100\n|turn|28\n|\n|t:|1700581020\n|switch|p1a: Heatran|Heatran, M|100\/100\n|move|p2a: Tapu Lele|Psyshock|p1a: Heatran\n|-resisted|p1a: Heatran\n|-damage|p1a: Heatran|76\/100\n|\n|-heal|p1a: Heatran|82\/100|[from] item: Leftovers\n|upkeep\n|turn|29\n|\n|t:|1700581023\n|-terastallize|p2a: Tapu Lele|Fire\n|move|p2a: Tapu Lele|Psyshock|p1a: Heatran\n|-resisted|p1a: Heatran\n|-damage|p1a: Heatran|59\/100\n|move|p1a: Heatran|Magma Storm|p2a: Tapu Lele|[miss]\n|-miss|p1a: Heatran|p2a: Tapu Lele\n|\n|-heal|p1a: Heatran|65\/100|[from] item: Leftovers\n|-fieldend|move: Psychic Terrain\n|upkeep\n|turn|30\n|\n|t:|1700581028\n|move|p2a: Tapu Lele|Psyshock|p1a: Heatran\n|-resisted|p1a: Heatran\n|-damage|p1a: Heatran|48\/100\n|move|p1a: Heatran|Earth Power|p2a: Tapu Lele\n|-supereffective|p2a: Tapu Lele\n|-damage|p2a: Tapu Lele|47\/100\n|-unboost|p2a: Tapu Lele|spd|1\n|\n|-heal|p1a: Heatran|54\/100|[from] item: Leftovers\n|upkeep\n|turn|31\n|-message|lord cupset forfeited.\n|\n|win|testing a funni3\n|raw|testing a funni3's rating: 1471 &rarr; <strong>1492<\/strong><br \/>(+21 for winning)\n|raw|lord cupset's rating: 1484 &rarr; <strong>1463<\/strong><br \/>(-21 for losing)\n|l|\u2606lord cupset\n","uploadtime":1700581039,"views":4,"p1id":"testingafunni3","p2id":"lordcupset","formatid":"gen9nationaldex","rating":1463,"private":0,"password":""}