{"id":"gen9nationaldex-1991657686","p1":"maple_syrup689hoe","p2":"daniel241595","format":"[Gen 9] National Dex","log":"|j|\u2606maple_syrup689hoe\n|j|\u2606daniel241595\n|t:|1700099297\n|gametype|singles\n|player|p1|maple_syrup689hoe|102|1559\n|player|p2|daniel241595|gambler|1451\n|teamsize|p1|6\n|teamsize|p2|6\n|gen|9\n|tier|[Gen 9] National Dex\n|rated|\n|rule|HP Percentage Mod: HP is shown in percentages\n|rule|Endless Battle Clause: Forcing endless battles is banned\n|rule|OHKO Clause: OHKO moves are banned\n|rule|Evasion Clause: Evasion abilities, items, and moves are banned\n|rule|Evasion Abilities Clause: Evasion abilities are banned\n|rule|Evasion Items Clause: Evasion items are banned\n|rule|Evasion Moves Clause: Evasion moves are banned\n|rule|Species Clause: Limit one of each Pok\u00e9mon\n|rule|Sleep Clause Mod: Limit one foe put to sleep\n|clearpoke\n|poke|p1|Venusaur, M|\n|poke|p1|Alomomola, F|\n|poke|p1|Gliscor, F|\n|poke|p1|Tapu Lele|\n|poke|p1|Garganacl, F|\n|poke|p1|Blissey, F|\n|poke|p2|Arcanine, M|\n|poke|p2|Flygon, F|\n|poke|p2|Empoleon, M|\n|poke|p2|Eelektross, F|\n|poke|p2|Florges, F|\n|poke|p2|Kleavor, M|\n|teampreview\n|inactive|Battle timer is ON: inactive players will automatically lose when time's up. (requested by maple_syrup689hoe)\n|inactive|daniel241595 has 120 seconds left.\n|\n|t:|1700099343\n|start\n|switch|p1a: Gliscor|Gliscor, F|100\/100\n|switch|p2a: Kleavor|Kleavor, M|100\/100\n|turn|1\n|\n|t:|1700099362\n|move|p2a: Kleavor|Knock Off|p1a: Gliscor\n|-damage|p1a: Gliscor|72\/100\n|-enditem|p1a: Gliscor|Toxic Orb|[from] move: Knock Off|[of] p2a: Kleavor\n|move|p1a: Gliscor|Toxic|p2a: Kleavor\n|-status|p2a: Kleavor|tox\n|\n|-damage|p2a: Kleavor|94\/100 tox|[from] psn\n|upkeep\n|turn|2\n|\n|t:|1700099379\n|switch|p2a: Empoleon|Empoleon, M|100\/100\n|move|p1a: Gliscor|Spikes|p2a: Empoleon\n|-sidestart|p2: daniel241595|Spikes\n|\n|upkeep\n|turn|3\n|\n|t:|1700099385\n|switch|p1a: Venusaur|Venusaur, M|100\/100\n|move|p2a: Empoleon|Ice Beam|p1a: Venusaur\n|-supereffective|p1a: Venusaur\n|-damage|p1a: Venusaur|63\/100\n|\n|upkeep\n|turn|4\n|\n|t:|1700099391\n|detailschange|p1a: Venusaur|Venusaur-Mega, M\n|-mega|p1a: Venusaur|Venusaur|Venusaurite\n|move|p1a: Venusaur|Leech Seed|p2a: Empoleon\n|-start|p2a: Empoleon|move: Leech Seed\n|move|p2a: Empoleon|Defog|p1a: Venusaur\n|-unboost|p1a: Venusaur|evasion|1\n|-sideend|p2: daniel241595|Spikes|[from] move: Defog|[of] p2a: Empoleon\n|\n|-damage|p2a: Empoleon|88\/100|[from] Leech Seed|[of] p1a: Venusaur\n|-heal|p1a: Venusaur|76\/100|[silent]\n|upkeep\n|turn|5\n|\n|t:|1700099405\n|switch|p2a: Flygon|Flygon, F|100\/100\n|move|p1a: Venusaur|Leech Seed|p2a: Flygon\n|-start|p2a: Flygon|move: Leech Seed\n|\n|-damage|p2a: Flygon|88\/100|[from] Leech Seed|[of] p1a: Venusaur\n|-heal|p1a: Venusaur|86\/100|[silent]\n|upkeep\n|turn|6\n|\n|t:|1700099426\n|switch|p2a: Florges|Florges, F|100\/100\n|switch|p1a: Garganacl|Garganacl, F|100\/100\n|\n|upkeep\n|turn|7\n|\n|t:|1700099432\n|switch|p2a: Empoleon|Empoleon, M|88\/100\n|move|p1a: Garganacl|Salt Cure|p2a: Empoleon\n|-resisted|p2a: Empoleon\n|-damage|p2a: Empoleon|83\/100\n|\n|upkeep\n|turn|8\n|\n|t:|1700099442\n|switch|p2a: Kleavor|Kleavor, M|94\/100 tox\n|move|p1a: Garganacl|Stealth Rock|p2a: Kleavor\n|-sidestart|p2: daniel241595|move: Stealth Rock\n|\n|-damage|p2a: Kleavor|88\/100 tox|[from] psn\n|upkeep\n|turn|9\n|\n|t:|1700099448\n|move|p2a: Kleavor|Stone Axe|p1a: Garganacl\n|-damage|p1a: Garganacl|62\/100\n|-sidestart|p1: maple_syrup689hoe|move: Stealth Rock\n|move|p1a: Garganacl|Salt Cure|p2a: Kleavor\n|-supereffective|p2a: Kleavor\n|-damage|p2a: Kleavor|51\/100 tox\n|-start|p2a: Kleavor|Salt Cure\n|\n|-heal|p1a: Garganacl|69\/100|[from] item: Leftovers\n|-damage|p2a: Kleavor|39\/100 tox|[from] psn\n|-damage|p2a: Kleavor|27\/100 tox|[from] Salt Cure\n|upkeep\n|turn|10\n|\n|t:|1700099455\n|switch|p2a: Empoleon|Empoleon, M|83\/100\n|-damage|p2a: Empoleon|77\/100|[from] Stealth Rock\n|move|p1a: Garganacl|Protect||[still]\n|-fail|p1a: Garganacl\n|\n|-heal|p1a: Garganacl|75\/100|[from] item: Leftovers\n|upkeep\n|turn|11\n|\n|t:|1700099461\n|switch|p1a: Venusaur|Venusaur-Mega, M|86\/100\n|-damage|p1a: Venusaur|74\/100|[from] Stealth Rock\n|move|p2a: Empoleon|Scald|p1a: Venusaur\n|-resisted|p1a: Venusaur\n|-damage|p1a: Venusaur|62\/100\n|-status|p1a: Venusaur|brn\n|\n|-damage|p1a: Venusaur|56\/100 brn|[from] brn\n|upkeep\n|turn|12\n|\n|t:|1700099474\n|move|p1a: Venusaur|Leech Seed|p2a: Empoleon\n|-start|p2a: Empoleon|move: Leech Seed\n|move|p2a: Empoleon|Ice Beam|p1a: Venusaur\n|-supereffective|p1a: Venusaur\n|-damage|p1a: Venusaur|39\/100 brn\n|\n|-damage|p2a: Empoleon|64\/100|[from] Leech Seed|[of] p1a: Venusaur\n|-heal|p1a: Venusaur|51\/100 brn|[silent]\n|-damage|p1a: Venusaur|45\/100 brn|[from] brn\n|upkeep\n|turn|13\n|\n|t:|1700099481\n|switch|p2a: Flygon|Flygon, F|88\/100\n|-damage|p2a: Flygon|82\/100|[from] Stealth Rock\n|move|p1a: Venusaur|Synthesis|p1a: Venusaur\n|-heal|p1a: Venusaur|95\/100 brn\n|\n|-damage|p1a: Venusaur|89\/100 brn|[from] brn\n|upkeep\n|turn|14\n|\n|t:|1700099484\n|move|p2a: Flygon|Dragon Dance|p2a: Flygon\n|-boost|p2a: Flygon|atk|1\n|-boost|p2a: Flygon|spe|1\n|move|p1a: Venusaur|Leech Seed|p2a: Flygon\n|-start|p2a: Flygon|move: Leech Seed\n|\n|-damage|p2a: Flygon|70\/100|[from] Leech Seed|[of] p1a: Venusaur\n|-heal|p1a: Venusaur|99\/100 brn|[silent]\n|-damage|p1a: Venusaur|93\/100 brn|[from] brn\n|upkeep\n|turn|15\n|\n|t:|1700099490\n|switch|p1a: Alomomola|Alomomola, F|100\/100\n|move|p2a: Flygon|Dual Wingbeat|p1a: Alomomola\n|-damage|p1a: Alomomola|88\/100\n|-damage|p1a: Alomomola|75\/100\n|-hitcount|p1a: Alomomola|2\n|-damage|p2a: Flygon|60\/100|[from] item: Life Orb\n|\n|-damage|p2a: Flygon|48\/100|[from] Leech Seed|[of] p1a: Alomomola\n|-heal|p1a: Alomomola|82\/100|[silent]\n|upkeep\n|turn|16\n|\n|t:|1700099505\n|move|p2a: Flygon|Roost|p2a: Flygon\n|-heal|p2a: Flygon|98\/100\n|-singleturn|p2a: Flygon|move: Roost\n|move|p1a: Alomomola|Toxic|p2a: Flygon\n|-status|p2a: Flygon|tox\n|\n|-damage|p2a: Flygon|86\/100 tox|[from] Leech Seed|[of] p1a: Alomomola\n|-heal|p1a: Alomomola|90\/100|[silent]\n|-damage|p2a: Flygon|80\/100 tox|[from] psn\n|upkeep\n|turn|17\n|\n|t:|1700099521\n|move|p2a: Flygon|Dragon Dance|p2a: Flygon\n|-boost|p2a: Flygon|atk|1\n|-boost|p2a: Flygon|spe|1\n|move|p1a: Alomomola|Flip Turn|p2a: Flygon\n|-damage|p2a: Flygon|57\/100 tox\n|\n|t:|1700099527\n|switch|p1a: Venusaur|Venusaur-Mega, M|93\/100 brn|[from] Flip Turn\n|-damage|p1a: Venusaur|81\/100 brn|[from] Stealth Rock\n|\n|-damage|p2a: Flygon|45\/100 tox|[from] Leech Seed|[of] p1a: Venusaur\n|-heal|p1a: Venusaur|91\/100 brn|[silent]\n|-damage|p2a: Flygon|33\/100 tox|[from] psn\n|-damage|p1a: Venusaur|85\/100 brn|[from] brn\n|upkeep\n|turn|18\n|\n|t:|1700099538\n|switch|p2a: Empoleon|Empoleon, M|64\/100\n|-damage|p2a: Empoleon|58\/100|[from] Stealth Rock\n|switch|p1a: Alomomola|Alomomola, F|100\/100\n|\n|upkeep\n|turn|19\n|\n|t:|1700099542\n|move|p2a: Empoleon|Defog|p1a: Alomomola\n|-unboost|p1a: Alomomola|evasion|1\n|-sideend|p1: maple_syrup689hoe|Stealth Rock|[from] move: Defog|[of] p2a: Empoleon\n|-sideend|p2: daniel241595|Stealth Rock|[from] move: Defog|[of] p2a: Empoleon\n|move|p1a: Alomomola|Wish|p1a: Alomomola\n|\n|upkeep\n|turn|20\n|\n|t:|1700099552\n|switch|p2a: Florges|Florges, F|100\/100\n|move|p1a: Alomomola|Flip Turn|p2a: Florges\n|-damage|p2a: Florges|87\/100\n|\n|t:|1700099556\n|switch|p1a: Gliscor|Gliscor, F|72\/100|[from] Flip Turn\n|\n|-heal|p1a: Gliscor|100\/100|[from] move: Wish|[wisher] Alomomola\n|-heal|p2a: Florges|93\/100|[from] item: Leftovers\n|upkeep\n|turn|21\n|\n|t:|1700099558\n|move|p1a: Gliscor|Toxic|p2a: Florges\n|-status|p2a: Florges|tox\n|move|p2a: Florges|Aromatherapy|p2a: Florges\n|-activate|p2a: Florges|move: Aromatherapy\n|-curestatus|p2a: Florges|tox|[msg]\n|-curestatus|p2: Kleavor|tox|[msg]\n|-curestatus|p2: Flygon|tox|[msg]\n|\n|-heal|p2a: Florges|99\/100|[from] item: Leftovers\n|upkeep\n|turn|22\n|\n|t:|1700099561\n|move|p1a: Gliscor|Toxic|p2a: Florges\n|-status|p2a: Florges|tox\n|move|p2a: Florges|Wish|p2a: Florges\n|\n|-heal|p2a: Florges|100\/100 tox|[from] item: Leftovers\n|-damage|p2a: Florges|94\/100 tox|[from] psn\n|upkeep\n|turn|23\n|\n|t:|1700099566\n|switch|p2a: Flygon|Flygon, F|33\/100\n|move|p1a: Gliscor|Spikes|p2a: Flygon\n|-sidestart|p2: daniel241595|Spikes\n|\n|-heal|p2a: Flygon|93\/100|[from] move: Wish|[wisher] Florges\n|upkeep\n|turn|24\n|\n|t:|1700099580\n|-terastallize|p2a: Flygon|Steel\n|move|p2a: Flygon|Dragon Dance|p2a: Flygon\n|-boost|p2a: Flygon|atk|1\n|-boost|p2a: Flygon|spe|1\n|move|p1a: Gliscor|Toxic|p2a: Flygon|[miss]\n|-miss|p1a: Gliscor|p2a: Flygon\n|\n|upkeep\n|turn|25\n|\n|t:|1700099592\n|switch|p1a: Alomomola|Alomomola, F|100\/100\n|move|p2a: Flygon|Dragon Dance|p2a: Flygon\n|-boost|p2a: Flygon|atk|1\n|-boost|p2a: Flygon|spe|1\n|\n|upkeep\n|turn|26\n|\n|t:|1700099600\n|move|p2a: Flygon|Dragon Dance|p2a: Flygon\n|-boost|p2a: Flygon|atk|1\n|-boost|p2a: Flygon|spe|1\n|move|p1a: Alomomola|Wish|p1a: Alomomola\n|\n|upkeep\n|turn|27\n|\n|t:|1700099613\n|move|p2a: Flygon|Earthquake|p1a: Alomomola\n|-damage|p1a: Alomomola|19\/100\n|-damage|p2a: Flygon|83\/100|[from] item: Life Orb\n|move|p1a: Alomomola|Flip Turn|p2a: Flygon\n|-damage|p2a: Flygon|61\/100\n|\n|t:|1700099618\n|switch|p1a: Garganacl|Garganacl, F|75\/100|[from] Flip Turn\n|\n|-heal|p1a: Garganacl|100\/100|[from] move: Wish|[wisher] Alomomola\n|upkeep\n|turn|28\n|\n|t:|1700099624\n|-terastallize|p1a: Garganacl|Water\n|move|p2a: Flygon|Earthquake|p1a: Garganacl\n|-damage|p1a: Garganacl|7\/100\n|-damage|p2a: Flygon|51\/100|[from] item: Life Orb\n|move|p1a: Garganacl|Salt Cure|p2a: Flygon\n|-resisted|p2a: Flygon\n|-damage|p2a: Flygon|41\/100\n|-start|p2a: Flygon|Salt Cure\n|\n|-heal|p1a: Garganacl|14\/100|[from] item: Leftovers\n|-damage|p2a: Flygon|16\/100|[from] Salt Cure\n|upkeep\n|turn|29\n|\n|t:|1700099636\n|move|p2a: Flygon|Roost|p2a: Flygon\n|-heal|p2a: Flygon|66\/100\n|move|p1a: Garganacl|Recover|p1a: Garganacl\n|-heal|p1a: Garganacl|64\/100\n|\n|-heal|p1a: Garganacl|70\/100|[from] item: Leftovers\n|-damage|p2a: Flygon|41\/100|[from] Salt Cure\n|upkeep\n|turn|30\n|\n|t:|1700099649\n|move|p2a: Flygon|Earthquake|p1a: Garganacl\n|-damage|p1a: Garganacl|0 fnt\n|faint|p1a: Garganacl\n|-damage|p2a: Flygon|31\/100|[from] item: Life Orb\n|\n|-damage|p2a: Flygon|6\/100|[from] Salt Cure\n|upkeep\n|\n|t:|1700099651\n|switch|p1a: Tapu Lele|Tapu Lele|100\/100\n|-fieldstart|move: Psychic Terrain|[from] ability: Psychic Surge|[of] p1a: Tapu Lele\n|turn|31\n|\n|t:|1700099662\n|move|p2a: Flygon|Dual Wingbeat|p1a: Tapu Lele\n|-damage|p1a: Tapu Lele|40\/100\n|-crit|p1a: Tapu Lele\n|-damage|p1a: Tapu Lele|0 fnt\n|faint|p1a: Tapu Lele\n|-hitcount|p1: Tapu Lele|2\n|-damage|p2a: Flygon|0 fnt|[from] item: Life Orb\n|faint|p2a: Flygon\n|\n|upkeep\n|\n|t:|1700099687\n|switch|p2a: Florges|Florges, F|94\/100 tox\n|switch|p1a: Venusaur|Venusaur-Mega, M|85\/100 brn\n|-damage|p2a: Florges|82\/100 tox|[from] Spikes\n|turn|32\n|\n|t:|1700099695\n|move|p1a: Venusaur|Sludge Bomb|p2a: Florges\n|-supereffective|p2a: Florges\n|-damage|p2a: Florges|31\/100 tox\n|move|p2a: Florges|Wish|p2a: Florges\n|\n|-heal|p2a: Florges|38\/100 tox|[from] item: Leftovers\n|-damage|p2a: Florges|31\/100 tox|[from] psn\n|-damage|p1a: Venusaur|79\/100 brn|[from] brn\n|upkeep\n|turn|33\n|\n|t:|1700099703\n|switch|p2a: Empoleon|Empoleon, M|58\/100\n|-damage|p2a: Empoleon|46\/100|[from] Spikes\n|move|p1a: Venusaur|Sludge Bomb|p2a: Empoleon\n|-immune|p2a: Empoleon\n|\n|-heal|p2a: Empoleon|94\/100|[from] move: Wish|[wisher] Florges\n|-damage|p1a: Venusaur|73\/100 brn|[from] brn\n|upkeep\n|turn|34\n|\n|t:|1700099706\n|move|p1a: Venusaur|Leech Seed|p2a: Empoleon\n|-start|p2a: Empoleon|move: Leech Seed\n|move|p2a: Empoleon|Defog|p1a: Venusaur\n|-unboost|p1a: Venusaur|evasion|1\n|-sideend|p2: daniel241595|Spikes|[from] move: Defog|[of] p2a: Empoleon\n|-fieldend|move: Psychic Terrain\n|\n|-damage|p2a: Empoleon|81\/100|[from] Leech Seed|[of] p1a: Venusaur\n|-heal|p1a: Venusaur|86\/100 brn|[silent]\n|-damage|p1a: Venusaur|80\/100 brn|[from] brn\n|upkeep\n|turn|35\n|\n|t:|1700099716\n|switch|p2a: Eelektross|Eelektross, F|100\/100\n|move|p1a: Venusaur|Earth Power|p2a: Eelektross\n|-immune|p2a: Eelektross|[from] ability: Levitate\n|\n|-damage|p1a: Venusaur|74\/100 brn|[from] brn\n|upkeep\n|turn|36\n|\n|t:|1700099726\n|move|p1a: Venusaur|Sludge Bomb|p2a: Eelektross\n|-damage|p2a: Eelektross|75\/100\n|move|p2a: Eelektross|Flamethrower|p1a: Venusaur\n|-supereffective|p1a: Venusaur\n|-damage|p1a: Venusaur|53\/100 brn\n|\n|-damage|p1a: Venusaur|47\/100 brn|[from] brn\n|upkeep\n|turn|37\n|\n|t:|1700099733\n|move|p1a: Venusaur|Synthesis|p1a: Venusaur\n|-heal|p1a: Venusaur|97\/100 brn\n|move|p2a: Eelektross|Volt Switch|p1a: Venusaur\n|-resisted|p1a: Venusaur\n|-damage|p1a: Venusaur|83\/100 brn\n|\n|t:|1700099753\n|switch|p2a: Kleavor|Kleavor, M|27\/100|[from] Volt Switch\n|\n|-damage|p1a: Venusaur|77\/100 brn|[from] brn\n|upkeep\n|turn|38\n|\n|t:|1700099759\n|switch|p1a: Gliscor|Gliscor, F|100\/100\n|move|p2a: Kleavor|Stone Axe|p1a: Gliscor\n|-damage|p1a: Gliscor|61\/100\n|-sidestart|p1: maple_syrup689hoe|move: Stealth Rock\n|\n|upkeep\n|turn|39\n|\n|t:|1700099765\n|switch|p2a: Empoleon|Empoleon, M|81\/100\n|move|p1a: Gliscor|Earthquake|p2a: Empoleon\n|-supereffective|p2a: Empoleon\n|-damage|p2a: Empoleon|32\/100\n|\n|upkeep\n|turn|40\n|\n|t:|1700099782\n|switch|p2a: Eelektross|Eelektross, F|75\/100\n|move|p1a: Gliscor|Earthquake|p2a: Eelektross\n|-immune|p2a: Eelektross|[from] ability: Levitate\n|\n|upkeep\n|turn|41\n|\n|t:|1700099790\n|move|p1a: Gliscor|Spikes|p2a: Eelektross\n|-sidestart|p2: daniel241595|Spikes\n|move|p2a: Eelektross|Giga Drain|p1a: Gliscor\n|-damage|p1a: Gliscor|42\/100\n|-heal|p2a: Eelektross|84\/100|[from] drain|[of] p1a: Gliscor\n|\n|upkeep\n|turn|42\n|\n|t:|1700099797\n|move|p1a: Gliscor|Toxic|p2a: Eelektross\n|-status|p2a: Eelektross|tox\n|move|p2a: Eelektross|Flamethrower|p1a: Gliscor\n|-damage|p1a: Gliscor|18\/100\n|\n|-damage|p2a: Eelektross|78\/100 tox|[from] psn\n|upkeep\n|turn|43\n|\n|t:|1700099803\n|move|p1a: Gliscor|Spikes|p2a: Eelektross\n|-sidestart|p2: daniel241595|Spikes\n|move|p2a: Eelektross|Giga Drain|p1a: Gliscor\n|-damage|p1a: Gliscor|0 fnt\n|-heal|p2a: Eelektross|86\/100 tox|[from] drain|[of] p1a: Gliscor\n|faint|p1a: Gliscor\n|\n|-damage|p2a: Eelektross|73\/100 tox|[from] psn\n|upkeep\n|\n|t:|1700099810\n|switch|p1a: Venusaur|Venusaur-Mega, M|77\/100 brn\n|-damage|p1a: Venusaur|65\/100 brn|[from] Stealth Rock\n|turn|44\n|inactive|daniel241595 has 120 seconds left.\n|\n|t:|1700099854\n|move|p1a: Venusaur|Leech Seed|p2a: Eelektross|[miss]\n|-miss|p1a: Venusaur|p2a: Eelektross\n|move|p2a: Eelektross|Volt Switch|p1a: Venusaur\n|-resisted|p1a: Venusaur\n|-damage|p1a: Venusaur|53\/100 brn\n|\n|t:|1700099860\n|switch|p2a: Arcanine|Arcanine, M, shiny|100\/100|[from] Volt Switch\n|-damage|p2a: Arcanine|84\/100|[from] Spikes\n|-ability|p2a: Arcanine|Intimidate|boost\n|-unboost|p1a: Venusaur|atk|1\n|\n|-damage|p1a: Venusaur|47\/100 brn|[from] brn\n|upkeep\n|turn|45\n|\n|t:|1700099869\n|move|p2a: Arcanine|Flare Blitz|p1a: Venusaur\n|-supereffective|p1a: Venusaur\n|-damage|p1a: Venusaur|0 fnt\n|faint|p1a: Venusaur\n|-damage|p2a: Arcanine|69\/100|[from] Recoil\n|\n|upkeep\n|\n|t:|1700099872\n|switch|p1a: Alomomola|Alomomola, F|53\/100\n|turn|46\n|\n|t:|1700099886\n|switch|p2a: Empoleon|Empoleon, M|32\/100\n|-damage|p2a: Empoleon|16\/100|[from] Spikes\n|move|p1a: Alomomola|Flip Turn|p2a: Empoleon\n|-resisted|p2a: Empoleon\n|-damage|p2a: Empoleon|10\/100\n|\n|t:|1700099891\n|switch|p1a: Blissey|Blissey, F|100\/100|[from] Flip Turn\n|\n|upkeep\n|turn|47\n|\n|t:|1700099893\n|move|p2a: Empoleon|Roost|p2a: Empoleon\n|-heal|p2a: Empoleon|60\/100\n|-singleturn|p2a: Empoleon|move: Roost\n|move|p1a: Blissey|Seismic Toss|p2a: Empoleon\n|-damage|p2a: Empoleon|33\/100\n|\n|upkeep\n|turn|48\n|-message|maple_syrup689hoe forfeited.\n|\n|win|daniel241595\n|raw|maple_syrup689hoe's rating: 1559 &rarr; <strong>1533<\/strong><br \/>(-26 for losing)\n|raw|daniel241595's rating: 1451 &rarr; <strong>1477<\/strong><br \/>(+26 for winning)\n|l|\u2606maple_syrup689hoe\n","uploadtime":1700099902,"views":33,"p1id":"maplesyrup689hoe","p2id":"daniel241595","formatid":"gen9nationaldex","rating":1477,"private":0,"password":""}