{"id":"gen9nationaldex-1995376396","p1":"Viruskilleryt2","p2":"NDSNEZ ROCK","format":"[Gen 9] National Dex","log":"|html|<div class=\"broadcast-blue\"><strong>[Gen 9] National Dex is currently suspecting Sneasler! For information on how to participate check out the <a href=\"https:\/\/www.smogon.com\/forums\/threads\/sv-national-dex-suspect-8-just-dance.3731534\/\">suspect thread<\/a>.<\/strong><\/div>\n|j|\u2606Viruskilleryt2\n|j|\u2606NDSNEZ ROCK\n|t:|1700562252\n|gametype|singles\n|player|p1|Viruskilleryt2|102|1087\n|player|p2|NDSNEZ ROCK|roark|1211\n|teamsize|p1|6\n|teamsize|p2|6\n|gen|9\n|tier|[Gen 9] National Dex\n|rated|\n|rule|HP Percentage Mod: HP is shown in percentages\n|rule|Endless Battle Clause: Forcing endless battles is banned\n|rule|OHKO Clause: OHKO moves are banned\n|rule|Evasion Clause: Evasion abilities, items, and moves are banned\n|rule|Evasion Abilities Clause: Evasion abilities are banned\n|rule|Evasion Items Clause: Evasion items are banned\n|rule|Evasion Moves Clause: Evasion moves are banned\n|rule|Species Clause: Limit one of each Pok\u00e9mon\n|rule|Sleep Clause Mod: Limit one foe put to sleep\n|clearpoke\n|poke|p1|Krookodile, F|\n|poke|p1|Greninja-*, F|\n|poke|p1|Charizard, F|\n|poke|p1|Kleavor, F|\n|poke|p1|Sceptile, F|\n|poke|p1|Toxtricity, F|\n|poke|p2|Tyranitar, F|\n|poke|p2|Garganacl, F|\n|poke|p2|Aggron, M|\n|poke|p2|Cradily, M|\n|poke|p2|Glimmora, F|\n|poke|p2|Aurorus, F|\n|teampreview\n|c|\u2606Viruskilleryt2|OMG AGGRON\n|c|\u2606Viruskilleryt2|I NEVER SEE IT USED\n|\n|t:|1700562267\n|start\n|switch|p1a: the rockler|Kleavor, F|100\/100\n|switch|p2a: Aggron|Aggron, M|100\/100\n|turn|1\n|\n|t:|1700562274\n|detailschange|p2a: Aggron|Aggron-Mega, M\n|-mega|p2a: Aggron|Aggron|Aggronite\n|move|p1a: the rockler|Stone Axe|p2a: Aggron\n|-resisted|p2a: Aggron\n|-damage|p2a: Aggron|92\/100\n|-sidestart|p2: NDSNEZ ROCK|move: Stealth Rock\n|move|p2a: Aggron|Iron Defense|p2a: Aggron\n|-boost|p2a: Aggron|def|2\n|\n|upkeep\n|turn|2\n|c|\u2606NDSNEZ ROCK|lemme show u\n|c|\u2606Viruskilleryt2|please do I\u2019m interested to see what you made for them\n|c|\u2606Viruskilleryt2|i love aggron\n|\n|t:|1700562304\n|switch|p1a: Charcoal|Charizard, F|100\/100\n|move|p2a: Aggron|Body Press|p1a: Charcoal\n|-resisted|p1a: Charcoal\n|-damage|p1a: Charcoal|47\/100\n|\n|upkeep\n|turn|3\n|\n|t:|1700562315\n|switch|p2a: Glimmora|Glimmora, F|100\/100\n|-damage|p2a: Glimmora|88\/100|[from] Stealth Rock\n|move|p1a: Charcoal|Flamethrower|p2a: Glimmora\n|-resisted|p2a: Glimmora\n|-damage|p2a: Glimmora|66\/100\n|\n|upkeep\n|turn|4\n|\n|t:|1700562327\n|switch|p1a: storm|Greninja, F|100\/100\n|move|p2a: Glimmora|Sludge Wave|p1a: storm\n|-damage|p1a: storm|55\/100\n|\n|upkeep\n|turn|5\n|\n|t:|1700562332\n|switch|p2a: Tyranitar|Tyranitar, F|100\/100\n|-damage|p2a: Tyranitar|88\/100|[from] Stealth Rock\n|-weather|Sandstorm|[from] ability: Sand Stream|[of] p2a: Tyranitar\n|move|p1a: storm|Surf|p2a: Tyranitar\n|-start|p1a: storm|typechange|Water|[from] ability: Protean\n|-supereffective|p2a: Tyranitar\n|-damage|p2a: Tyranitar|71\/100\n|\n|-weather|Sandstorm|[upkeep]\n|-damage|p1a: storm|49\/100|[from] Sandstorm\n|upkeep\n|turn|6\n|\n|t:|1700562337\n|move|p1a: storm|U-turn|p2a: Tyranitar\n|-supereffective|p2a: Tyranitar\n|-damage|p2a: Tyranitar|49\/100\n|-activate|p1a: storm|move: Pursuit\n|move|p2a: Tyranitar|Pursuit|p1a: storm|[from]Pursuit\n|-damage|p1a: storm|9\/100\n|\n|t:|1700562343\n|switch|p1a: raxter|Krookodile, F|100\/100|[from] U-turn\n|\n|-weather|Sandstorm|[upkeep]\n|upkeep\n|turn|7\n|\n|t:|1700562350\n|switch|p2a: Cradily|Cradily, M|100\/100\n|-damage|p2a: Cradily|88\/100|[from] Stealth Rock\n|move|p1a: raxter|Crunch|p2a: Cradily\n|-damage|p2a: Cradily|52\/100\n|-damage|p1a: raxter|91\/100|[from] item: Life Orb\n|\n|-weather|Sandstorm|[upkeep]\n|upkeep\n|turn|8\n|\n|t:|1700562359\n|move|p1a: raxter|Fire Fang|p2a: Cradily\n|-damage|p2a: Cradily|35\/100\n|-damage|p1a: raxter|81\/100|[from] item: Life Orb\n|move|p2a: Cradily|Infestation|p1a: raxter\n|-supereffective|p1a: raxter\n|-damage|p1a: raxter|71\/100\n|-activate|p1a: raxter|move: Infestation|[of] p2a: Cradily\n|\n|-weather|Sandstorm|[upkeep]\n|-damage|p1a: raxter|54\/100|[from] move: Infestation|[partiallytrapped]\n|upkeep\n|turn|9\n|\n|t:|1700562375\n|move|p1a: raxter|Crunch|p2a: Cradily\n|-damage|p2a: Cradily|0 fnt\n|faint|p2a: Cradily\n|-ability|p1a: raxter|Moxie|boost\n|-boost|p1a: raxter|atk|1\n|-damage|p1a: raxter|44\/100|[from] item: Life Orb\n|\n|-weather|none\n|-end|p1a: raxter|Infestation|[partiallytrapped]|[silent]\n|upkeep\n|\n|t:|1700562389\n|switch|p2a: Aggron|Aggron-Mega, M|92\/100\n|-damage|p2a: Aggron|86\/100|[from] Stealth Rock\n|turn|10\n|\n|t:|1700562399\n|move|p1a: raxter|Earthquake|p2a: Aggron\n|-supereffective|p2a: Aggron\n|-crit|p2a: Aggron\n|-damage|p2a: Aggron|1\/100\n|-damage|p1a: raxter|34\/100|[from] item: Life Orb\n|move|p2a: Aggron|Body Press|p1a: raxter\n|-supereffective|p1a: raxter\n|-damage|p1a: raxter|0 fnt\n|faint|p1a: raxter\n|\n|upkeep\n|c|\u2606Viruskilleryt2|Oh wow\n|c|\u2606Viruskilleryt2|no stash or anything\n|\n|t:|1700562424\n|switch|p1a: Charcoal|Charizard, F|47\/100\n|turn|11\n|\n|t:|1700562427\n|move|p1a: Charcoal|Air Slash|p2a: Aggron\n|-resisted|p2a: Aggron\n|-damage|p2a: Aggron|0 fnt\n|faint|p2a: Aggron\n|\n|upkeep\n|\n|t:|1700562436\n|switch|p2a: Glimmora|Glimmora, F|66\/100\n|-damage|p2a: Glimmora|53\/100|[from] Stealth Rock\n|turn|12\n|c|\u2606Viruskilleryt2|Pretty bulky\n|\n|t:|1700562455\n|detailschange|p1a: Charcoal|Charizard-Mega-Y, F\n|-mega|p1a: Charcoal|Charizard|Charizardite Y\n|-weather|SunnyDay|[from] ability: Drought|[of] p1a: Charcoal\n|move|p2a: Glimmora|Spikes|p1a: Charcoal\n|-sidestart|p1: Viruskilleryt2|Spikes\n|move|p1a: Charcoal|Solar Beam||[still]\n|-prepare|p1a: Charcoal|Solar Beam\n|-anim|p1a: Charcoal|Solar Beam|p2a: Glimmora\n|-damage|p2a: Glimmora|0 fnt\n|faint|p2a: Glimmora\n|\n|-weather|SunnyDay|[upkeep]\n|upkeep\n|\n|t:|1700562462\n|switch|p2a: Aurorus|Aurorus, F|100\/100\n|-damage|p2a: Aurorus|76\/100|[from] Stealth Rock\n|-weather|Snow|[from] ability: Snow Warning|[of] p2a: Aurorus\n|turn|13\n|\n|t:|1700562469\n|move|p1a: Charcoal|Flamethrower|p2a: Aurorus\n|-damage|p2a: Aurorus|39\/100\n|move|p2a: Aurorus|Aurora Veil|p2a: Aurorus\n|-sidestart|p2: NDSNEZ ROCK|move: Aurora Veil\n|\n|-weather|Snow|[upkeep]\n|upkeep\n|turn|14\n|\n|t:|1700562476\n|move|p1a: Charcoal|Flamethrower|p2a: Aurorus\n|-damage|p2a: Aurorus|18\/100\n|move|p2a: Aurorus|Stealth Rock|p1a: Charcoal\n|-sidestart|p1: Viruskilleryt2|move: Stealth Rock\n|\n|-weather|Snow|[upkeep]\n|upkeep\n|turn|15\n|\n|t:|1700562480\n|move|p1a: Charcoal|Flamethrower|p2a: Aurorus\n|-damage|p2a: Aurorus|0 fnt\n|faint|p2a: Aurorus\n|\n|-weather|Snow|[upkeep]\n|upkeep\n|\n|t:|1700562482\n|switch|p2a: Garganacl|Garganacl, F|100\/100\n|-damage|p2a: Garganacl|88\/100|[from] Stealth Rock\n|turn|16\n|\n|t:|1700562489\n|switch|p1a: storm|Greninja, F|9\/100\n|-damage|p1a: storm|0 fnt|[from] Spikes\n|faint|p1a: storm\n|move|p2a: Garganacl|Iron Defense|p2a: Garganacl\n|-boost|p2a: Garganacl|def|2\n|\n|-weather|Snow|[upkeep]\n|upkeep\n|c|\u2606Viruskilleryt2|Oh no char will die with switch as well\n|\n|t:|1700562502\n|switch|p1a: Charcoal|Charizard-Mega-Y, F|47\/100\n|-damage|p1a: Charcoal|0 fnt|[from] Stealth Rock\n|faint|p1a: Charcoal\n|c|\u2606Viruskilleryt2|yep\n|\n|t:|1700562512\n|switch|p1a: the rockler|Kleavor, F|100\/100\n|-damage|p1a: the rockler|88\/100|[from] Spikes\n|-damage|p1a: the rockler|63\/100|[from] Stealth Rock\n|turn|17\n|\n|t:|1700562521\n|-terastallize|p2a: Garganacl|Ghost\n|move|p1a: the rockler|Psycho Cut|p2a: Garganacl\n|-crit|p2a: Garganacl\n|-damage|p2a: Garganacl|55\/100\n|move|p2a: Garganacl|Iron Defense|p2a: Garganacl\n|-boost|p2a: Garganacl|def|2\n|\n|-weather|none\n|upkeep\n|turn|18\n|\n|t:|1700562527\n|move|p1a: the rockler|X-Scissor|p2a: Garganacl\n|-resisted|p2a: Garganacl\n|-damage|p2a: Garganacl|52\/100\n|move|p2a: Garganacl|Recover|p2a: Garganacl\n|-heal|p2a: Garganacl|100\/100\n|\n|upkeep\n|turn|19\n|c|\u2606Viruskilleryt2|Oh wait bug is bad with ghost?\n|c|\u2606Viruskilleryt2|the more you know\n|\n|t:|1700562560\n|switch|p1a: slash|Sceptile, F|100\/100\n|-damage|p1a: slash|88\/100|[from] Spikes\n|-damage|p1a: slash|76\/100|[from] Stealth Rock\n|move|p2a: Garganacl|Body Press|p1a: slash\n|-damage|p1a: slash|0 fnt\n|faint|p1a: slash\n|\n|upkeep\n|c|\u2606Viruskilleryt2|Owch\n|\n|t:|1700562567\n|switch|p1a: the rockler|Kleavor, F|63\/100\n|-damage|p1a: the rockler|51\/100|[from] Spikes\n|-damage|p1a: the rockler|26\/100|[from] Stealth Rock\n|turn|20\n|\n|t:|1700562571\n|move|p1a: the rockler|Psycho Cut|p2a: Garganacl\n|-damage|p2a: Garganacl|97\/100\n|move|p2a: Garganacl|Body Press|p1a: the rockler\n|-damage|p1a: the rockler|0 fnt\n|faint|p1a: the rockler\n|\n|-sideend|p2: NDSNEZ ROCK|move: Aurora Veil\n|upkeep\n|c|\u2606Viruskilleryt2|Yeah gg great rock team\n|\n|t:|1700562583\n|switch|p1a: Toxtricity|Toxtricity, F, shiny|100\/100\n|-damage|p1a: Toxtricity|88\/100|[from] Spikes\n|-damage|p1a: Toxtricity|76\/100|[from] Stealth Rock\n|turn|21\n|\n|t:|1700562589\n|-terastallize|p1a: Toxtricity|Normal\n|move|p1a: Toxtricity|Shift Gear|p1a: Toxtricity\n|-boost|p1a: Toxtricity|spe|2\n|-boost|p1a: Toxtricity|atk|1\n|move|p2a: Garganacl|Salt Cure|p1a: Toxtricity\n|-damage|p1a: Toxtricity|58\/100\n|-start|p1a: Toxtricity|Salt Cure\n|\n|-damage|p1a: Toxtricity|46\/100|[from] Salt Cure\n|upkeep\n|turn|22\n|\n|t:|1700562592\n|move|p1a: Toxtricity|Boomburst|p2a: Garganacl\n|-immune|p2a: Garganacl\n|move|p2a: Garganacl|Body Press|p1a: Toxtricity\n|-supereffective|p1a: Toxtricity\n|-damage|p1a: Toxtricity|0 fnt\n|faint|p1a: Toxtricity\n|\n|win|NDSNEZ ROCK\n|raw|Viruskilleryt2's rating: 1087 &rarr; <strong>1072<\/strong><br \/>(-15 for losing)\n|raw|NDSNEZ ROCK's rating: 1211 &rarr; <strong>1227<\/strong><br \/>(+16 for winning)\n|c|\u2606NDSNEZ ROCK|gg\n|l|\u2606NDSNEZ ROCK\n|c|\u2606Viruskilleryt2|I had nothing lol gg\n","uploadtime":1700562604,"views":2,"p1id":"viruskilleryt2","p2id":"ndsnezrock","formatid":"gen9nationaldex","rating":1072,"private":0,"password":""}