{"id":"gen9nationaldex-1993912379","p1":"bellasage","p2":"PxlySynth","format":"[Gen 9] National Dex","log":"|j|\u2606bellasage\n|j|\u2606PxlySynth\n|t:|1700374263\n|gametype|singles\n|player|p1|bellasage|clair|\n|player|p2|PxlySynth|colress|\n|teamsize|p1|6\n|teamsize|p2|6\n|gen|9\n|tier|[Gen 9] National Dex\n|rule|HP Percentage Mod: HP is shown in percentages\n|rule|Endless Battle Clause: Forcing endless battles is banned\n|rule|OHKO Clause: OHKO moves are banned\n|rule|Evasion Clause: Evasion abilities, items, and moves are banned\n|rule|Evasion Abilities Clause: Evasion abilities are banned\n|rule|Evasion Items Clause: Evasion items are banned\n|rule|Evasion Moves Clause: Evasion moves are banned\n|rule|Species Clause: Limit one of each Pok\u00e9mon\n|rule|Sleep Clause Mod: Limit one foe put to sleep\n|clearpoke\n|poke|p1|Meowscarada, F|\n|poke|p1|Ting-Lu|\n|poke|p1|Murkrow, F|\n|poke|p1|Grimmsnarl, M|\n|poke|p1|Tyranitar, M|\n|poke|p1|Weavile, F|\n|poke|p2|Ferrothorn, M|\n|poke|p2|Tsareena, F|\n|poke|p2|Sceptile, F|\n|poke|p2|Amoonguss, M|\n|poke|p2|Breloom, M|\n|poke|p2|Whimsicott, F|\n|teampreview\n|inactive|Battle timer is ON: inactive players will automatically lose when time's up. (requested by bellasage)\n|\n|t:|1700374285\n|start\n|switch|p1a: Murkrow|Murkrow, F|100\/100\n|switch|p2a: Amoonguss|Amoonguss, M, shiny|100\/100\n|turn|1\n|\n|t:|1700374293\n|move|p1a: Murkrow|Taunt|p2a: Amoonguss\n|-start|p2a: Amoonguss|move: Taunt\n|move|p2a: Amoonguss|Sludge Bomb|p1a: Murkrow\n|-damage|p1a: Murkrow|43\/100\n|\n|upkeep\n|turn|2\n|\n|t:|1700374303\n|move|p1a: Murkrow|Thunder Wave|p2a: Amoonguss\n|-status|p2a: Amoonguss|par\n|move|p2a: Amoonguss|Sludge Bomb|p1a: Murkrow\n|-damage|p1a: Murkrow|0 fnt\n|faint|p1a: Murkrow\n|\n|upkeep\n|\n|t:|1700374310\n|switch|p1a: Weavile|Weavile, F|100\/100\n|-ability|p1a: Weavile|Pressure\n|turn|3\n|\n|t:|1700374319\n|move|p1a: Weavile|Swords Dance|p1a: Weavile\n|-boost|p1a: Weavile|atk|2\n|move|p2a: Amoonguss|Sludge Bomb|p1a: Weavile\n|-damage|p1a: Weavile|58\/100\n|\n|-end|p2a: Amoonguss|move: Taunt\n|upkeep\n|turn|4\n|\n|t:|1700374326\n|move|p1a: Weavile|Swords Dance|p1a: Weavile\n|-boost|p1a: Weavile|atk|2\n|move|p2a: Amoonguss|Spore|p1a: Weavile\n|-status|p1a: Weavile|slp|[from] move: Spore\n|\n|upkeep\n|turn|5\n|\n|t:|1700374333\n|cant|p1a: Weavile|slp\n|move|p2a: Amoonguss|Sludge Bomb|p1a: Weavile\n|-damage|p1a: Weavile|15\/100 slp\n|\n|upkeep\n|turn|6\n|\n|t:|1700374338\n|-curestatus|p1a: Weavile|slp|[msg]\n|move|p1a: Weavile|Triple Axel|p2a: Amoonguss\n|-supereffective|p2a: Amoonguss\n|-damage|p2a: Amoonguss|50\/100 par\n|-damage|p1a: Weavile|0 fnt|[from] item: Rocky Helmet|[of] p2a: Amoonguss\n|faint|p1a: Weavile\n|-hitcount|p2a: Amoonguss|1\n|move|p2a: Amoonguss|Sludge Bomb|p1: Weavile|[notarget]\n|-fail|p2a: Amoonguss\n|\n|upkeep\n|j| SoulHatter\n|\n|t:|1700374356\n|switch|p1a: Meowscarada|Meowscarada, F|100\/100\n|turn|7\n|\n|t:|1700374364\n|switch|p2a: Breloom|Breloom, M, shiny|100\/100\n|move|p1a: Meowscarada|U-turn|p2a: Breloom\n|-start|p1a: Meowscarada|typechange|Bug|[from] ability: Protean\n|-damage|p2a: Breloom|43\/100\n|\n|t:|1700374372\n|switch|p1a: Grimmsnarl|Grimmsnarl, M|100\/100|[from] U-turn\n|\n|upkeep\n|turn|8\n|\n|t:|1700374379\n|move|p2a: Breloom|Poison Jab|p1a: Grimmsnarl\n|-supereffective|p1a: Grimmsnarl\n|-damage|p1a: Grimmsnarl|37\/100\n|move|p1a: Grimmsnarl|Play Rough|p2a: Breloom\n|-supereffective|p2a: Breloom\n|-crit|p2a: Breloom\n|-damage|p2a: Breloom|0 fnt\n|faint|p2a: Breloom\n|\n|upkeep\n|\n|t:|1700374395\n|switch|p2a: Ferrothorn|Ferrothorn, M|100\/100\n|turn|9\n|\n|t:|1700374412\n|move|p1a: Grimmsnarl|Drain Punch|p2a: Ferrothorn\n|-supereffective|p2a: Ferrothorn\n|-damage|p2a: Ferrothorn|60\/100\n|-heal|p1a: Grimmsnarl|55\/100|[from] drain|[of] p2a: Ferrothorn\n|-damage|p1a: Grimmsnarl|42\/100|[from] ability: Iron Barbs|[of] p2a: Ferrothorn\n|move|p2a: Ferrothorn|Gyro Ball|p1a: Grimmsnarl\n|-supereffective|p1a: Grimmsnarl\n|-damage|p1a: Grimmsnarl|0 fnt\n|faint|p1a: Grimmsnarl\n|\n|-heal|p2a: Ferrothorn|66\/100|[from] item: Leftovers\n|upkeep\n|\n|t:|1700374424\n|switch|p1a: Tyranitar|Tyranitar, M|100\/100\n|-weather|Sandstorm|[from] ability: Sand Stream|[of] p1a: Tyranitar\n|turn|10\n|\n|t:|1700374430\n|detailschange|p1a: Tyranitar|Tyranitar-Mega, M\n|-mega|p1a: Tyranitar|Tyranitar|Tyranitarite\n|move|p1a: Tyranitar|Earthquake|p2a: Ferrothorn\n|-damage|p2a: Ferrothorn|35\/100\n|move|p2a: Ferrothorn|Spikes|p1a: Tyranitar\n|-sidestart|p1: bellasage|Spikes\n|\n|-weather|Sandstorm|[upkeep]\n|-heal|p2a: Ferrothorn|41\/100|[from] item: Leftovers\n|upkeep\n|turn|11\n|\n|t:|1700374438\n|move|p1a: Tyranitar|Earthquake|p2a: Ferrothorn\n|-damage|p2a: Ferrothorn|8\/100\n|move|p2a: Ferrothorn|Leech Seed|p1a: Tyranitar\n|-start|p1a: Tyranitar|move: Leech Seed\n|\n|-weather|Sandstorm|[upkeep]\n|-heal|p2a: Ferrothorn|14\/100|[from] item: Leftovers\n|-damage|p1a: Tyranitar|88\/100|[from] Leech Seed|[of] p2a: Ferrothorn\n|-heal|p2a: Ferrothorn|28\/100|[silent]\n|upkeep\n|turn|12\n|\n|t:|1700374448\n|move|p1a: Tyranitar|Earthquake|p2a: Ferrothorn\n|-damage|p2a: Ferrothorn|0 fnt\n|faint|p2a: Ferrothorn\n|\n|-weather|Sandstorm|[upkeep]\n|upkeep\n|\n|t:|1700374458\n|switch|p2a: Sceptile|Sceptile, F|100\/100\n|turn|13\n|\n|t:|1700374463\n|switch|p1a: Meowscarada|Meowscarada, F|100\/100\n|-damage|p1a: Meowscarada|88\/100|[from] Spikes\n|detailschange|p2a: Sceptile|Sceptile-Mega, F\n|-mega|p2a: Sceptile|Sceptile|Sceptilite\n|move|p2a: Sceptile|Leaf Blade|p1a: Meowscarada\n|-resisted|p1a: Meowscarada\n|-damage|p1a: Meowscarada|53\/100\n|\n|-weather|Sandstorm|[upkeep]\n|-damage|p1a: Meowscarada|47\/100|[from] Sandstorm\n|-damage|p2a: Sceptile|94\/100|[from] Sandstorm\n|upkeep\n|turn|14\n|inactive|PxlySynth has 270 seconds left.\n|\n|t:|1700374502\n|switch|p2a: Whimsicott|Whimsicott, F|100\/100\n|move|p1a: Meowscarada|Play Rough|p2a: Whimsicott\n|-start|p1a: Meowscarada|typechange|Fairy|[from] ability: Protean\n|-damage|p2a: Whimsicott|50\/100\n|\n|-weather|none\n|upkeep\n|turn|15\n|inactive|PxlySynth has 270 seconds left.\n|\n|t:|1700374517\n|move|p2a: Whimsicott|Stun Spore|p1a: Meowscarada|[miss]\n|-miss|p2a: Whimsicott|p1a: Meowscarada\n|move|p1a: Meowscarada|Play Rough|p2a: Whimsicott\n|-damage|p2a: Whimsicott|0 fnt\n|faint|p2a: Whimsicott\n|\n|upkeep\n|\n|t:|1700374527\n|switch|p2a: Amoonguss|Amoonguss, M, shiny|83\/100 par\n|turn|16\n|\n|t:|1700374542\n|switch|p1a: Ting-Lu|Ting-Lu|100\/100\n|-damage|p1a: Ting-Lu|88\/100|[from] Spikes\n|-ability|p1a: Ting-Lu|Vessel of Ruin\n|move|p2a: Amoonguss|Spore|p1a: Ting-Lu\n|-status|p1a: Ting-Lu|slp|[from] move: Spore\n|\n|-heal|p1a: Ting-Lu|94\/100 slp|[from] item: Leftovers\n|upkeep\n|turn|17\n|\n|t:|1700374554\n|cant|p1a: Ting-Lu|slp\n|move|p2a: Amoonguss|Giga Drain|p1a: Ting-Lu\n|-supereffective|p1a: Ting-Lu\n|-damage|p1a: Ting-Lu|62\/100 slp\n|-heal|p2a: Amoonguss|100\/100 par|[from] drain|[of] p1a: Ting-Lu\n|\n|-heal|p1a: Ting-Lu|69\/100 slp|[from] item: Leftovers\n|upkeep\n|turn|18\n|\n|t:|1700374563\n|-curestatus|p1a: Ting-Lu|slp|[msg]\n|move|p1a: Ting-Lu|Stealth Rock|p2a: Amoonguss\n|-sidestart|p2: PxlySynth|move: Stealth Rock\n|cant|p2a: Amoonguss|par\n|\n|-heal|p1a: Ting-Lu|75\/100|[from] item: Leftovers\n|upkeep\n|turn|19\n|inactive|PxlySynth has 270 seconds left.\n|\n|t:|1700374576\n|move|p1a: Ting-Lu|Spikes|p2a: Amoonguss\n|-sidestart|p2: PxlySynth|Spikes\n|cant|p2a: Amoonguss|par\n|\n|-heal|p1a: Ting-Lu|81\/100|[from] item: Leftovers\n|upkeep\n|turn|20\n|inactive|PxlySynth has 270 seconds left.\n|\n|t:|1700374582\n|move|p1a: Ting-Lu|Throat Chop|p2a: Amoonguss\n|-damage|p2a: Amoonguss|76\/100 par\n|-start|p2a: Amoonguss|Throat Chop|[silent]\n|-damage|p1a: Ting-Lu|65\/100|[from] item: Rocky Helmet|[of] p2a: Amoonguss\n|cant|p2a: Amoonguss|par\n|\n|-heal|p1a: Ting-Lu|71\/100|[from] item: Leftovers\n|upkeep\n|turn|21\n|\n|t:|1700374591\n|move|p1a: Ting-Lu|Throat Chop|p2a: Amoonguss\n|-damage|p2a: Amoonguss|51\/100 par\n|-damage|p1a: Ting-Lu|54\/100|[from] item: Rocky Helmet|[of] p2a: Amoonguss\n|cant|p2a: Amoonguss|par\n|\n|-heal|p1a: Ting-Lu|60\/100|[from] item: Leftovers\n|-end|p2a: Amoonguss|Throat Chop|[silent]\n|upkeep\n|turn|22\n|\n|t:|1700374600\n|move|p1a: Ting-Lu|Throat Chop|p2a: Amoonguss\n|-damage|p2a: Amoonguss|29\/100 par\n|-start|p2a: Amoonguss|Throat Chop|[silent]\n|-damage|p1a: Ting-Lu|44\/100|[from] item: Rocky Helmet|[of] p2a: Amoonguss\n|move|p2a: Amoonguss|Spore|p1a: Ting-Lu\n|-status|p1a: Ting-Lu|slp|[from] move: Spore\n|\n|-heal|p1a: Ting-Lu|50\/100 slp|[from] item: Leftovers\n|upkeep\n|turn|23\n|\n|t:|1700374608\n|cant|p1a: Ting-Lu|slp\n|move|p2a: Amoonguss|Giga Drain|p1a: Ting-Lu\n|-supereffective|p1a: Ting-Lu\n|-damage|p1a: Ting-Lu|19\/100 slp\n|-heal|p2a: Amoonguss|47\/100 par|[from] drain|[of] p1a: Ting-Lu\n|\n|-heal|p1a: Ting-Lu|26\/100 slp|[from] item: Leftovers\n|-end|p2a: Amoonguss|Throat Chop|[silent]\n|upkeep\n|turn|24\n|\n|t:|1700374615\n|cant|p1a: Ting-Lu|slp\n|cant|p2a: Amoonguss|par\n|\n|-heal|p1a: Ting-Lu|32\/100 slp|[from] item: Leftovers\n|upkeep\n|turn|25\n|\n|t:|1700374620\n|-curestatus|p1a: Ting-Lu|slp|[msg]\n|move|p1a: Ting-Lu|Throat Chop|p2a: Amoonguss\n|-damage|p2a: Amoonguss|24\/100 par\n|-start|p2a: Amoonguss|Throat Chop|[silent]\n|-damage|p1a: Ting-Lu|15\/100|[from] item: Rocky Helmet|[of] p2a: Amoonguss\n|move|p2a: Amoonguss|Giga Drain|p1a: Ting-Lu\n|-supereffective|p1a: Ting-Lu\n|-damage|p1a: Ting-Lu|0 fnt\n|-heal|p2a: Amoonguss|32\/100 par|[from] drain|[of] p1a: Ting-Lu\n|faint|p1a: Ting-Lu\n|\n|upkeep\n|\n|t:|1700374631\n|switch|p1a: Tyranitar|Tyranitar-Mega, M|88\/100\n|-damage|p1a: Tyranitar|76\/100|[from] Spikes\n|-weather|Sandstorm|[from] ability: Sand Stream|[of] p1a: Tyranitar\n|turn|26\n|\n|t:|1700374646\n|move|p1a: Tyranitar|Crunch|p2a: Amoonguss\n|-damage|p2a: Amoonguss|0 fnt\n|-damage|p1a: Tyranitar|59\/100|[from] item: Rocky Helmet|[of] p2a: Amoonguss\n|faint|p2a: Amoonguss\n|\n|-weather|Sandstorm|[upkeep]\n|upkeep\n|\n|t:|1700374654\n|switch|p2a: Tsareena|Tsareena, F, shiny|100\/100\n|-damage|p2a: Tsareena|88\/100|[from] Stealth Rock\n|-damage|p2a: Tsareena|76\/100|[from] Spikes\n|turn|27\n|\n|t:|1700374664\n|switch|p1a: Meowscarada|Meowscarada, F|47\/100\n|-damage|p1a: Meowscarada|35\/100|[from] Spikes\n|move|p2a: Tsareena|High Jump Kick|p1a: Meowscarada\n|-supereffective|p1a: Meowscarada\n|-damage|p1a: Meowscarada|0 fnt\n|faint|p1a: Meowscarada\n|\n|-weather|Sandstorm|[upkeep]\n|-damage|p2a: Tsareena|70\/100|[from] Sandstorm\n|upkeep\n|\n|t:|1700374686\n|switch|p1a: Tyranitar|Tyranitar-Mega, M|59\/100\n|-damage|p1a: Tyranitar|47\/100|[from] Spikes\n|turn|28\n|\n|t:|1700374691\n|move|p2a: Tsareena|High Jump Kick|p1a: Tyranitar|[miss]\n|-miss|p2a: Tsareena|p1a: Tyranitar\n|-damage|p2a: Tsareena|20\/100|[from] highjumpkick\n|move|p1a: Tyranitar|Crunch|p2a: Tsareena\n|-damage|p2a: Tsareena|0 fnt\n|faint|p2a: Tsareena\n|\n|-weather|Sandstorm|[upkeep]\n|upkeep\n|\n|t:|1700374699\n|switch|p2a: Sceptile|Sceptile-Mega, F|94\/100\n|-damage|p2a: Sceptile|82\/100|[from] Stealth Rock\n|-damage|p2a: Sceptile|70\/100|[from] Spikes\n|turn|29\n|\n|t:|1700374707\n|move|p2a: Sceptile|Leaf Blade|p1a: Tyranitar\n|-supereffective|p1a: Tyranitar\n|-damage|p1a: Tyranitar|1\/100\n|move|p1a: Tyranitar|Crunch|p2a: Sceptile\n|-damage|p2a: Sceptile|0 fnt\n|faint|p2a: Sceptile\n|\n|win|bellasage\n","uploadtime":1700374733,"views":25,"p1id":"bellasage","p2id":"pxlysynth","formatid":"gen9nationaldex","rating":0,"private":0,"password":""}