{"id":"gen9nationaldex-2000580965","p1":"Hagglepuss","p2":"hammerweb509","format":"[Gen 9] National Dex","log":"|html|<div class=\"broadcast-blue\"><strong>[Gen 9] National Dex is currently suspecting Sneasler! For information on how to participate check out the <a href=\"https:\/\/www.smogon.com\/forums\/threads\/sv-national-dex-suspect-8-just-dance.3731534\/\">suspect thread<\/a>.<\/strong><\/div>\n|j|\u2606Hagglepuss\n|j|\u2606hammerweb509\n|t:|1701207326\n|gametype|singles\n|player|p1|Hagglepuss|1|1077\n|player|p2|hammerweb509|koga|1000\n|teamsize|p1|6\n|teamsize|p2|6\n|gen|9\n|tier|[Gen 9] National Dex\n|rated|\n|rule|HP Percentage Mod: HP is shown in percentages\n|rule|Endless Battle Clause: Forcing endless battles is banned\n|rule|OHKO Clause: OHKO moves are banned\n|rule|Evasion Clause: Evasion abilities, items, and moves are banned\n|rule|Evasion Abilities Clause: Evasion abilities are banned\n|rule|Evasion Items Clause: Evasion items are banned\n|rule|Evasion Moves Clause: Evasion moves are banned\n|rule|Species Clause: Limit one of each Pok\u00e9mon\n|rule|Sleep Clause Mod: Limit one foe put to sleep\n|clearpoke\n|poke|p1|Blissey, F|\n|poke|p1|Shuckle, F|\n|poke|p1|Deoxys-Defense|\n|poke|p1|Xurkitree|\n|poke|p1|Great Tusk|\n|poke|p1|Galvantula, M|\n|poke|p2|Scizor, M|\n|poke|p2|Marowak-Alola, M|\n|poke|p2|Gardevoir, F|\n|poke|p2|Latias, F|\n|poke|p2|Great Tusk|\n|poke|p2|Lapras, F|\n|teampreview\n|\n|t:|1701207344\n|start\n|switch|p1a: Galvantula|Galvantula, M|100\/100\n|switch|p2a: Lapras|Lapras, F|100\/100\n|turn|1\n|\n|t:|1701207353\n|move|p1a: Galvantula|Sticky Web|p2a: Lapras\n|-sidestart|p2: hammerweb509|move: Sticky Web\n|move|p2a: Lapras|Freeze-Dry|p1a: Galvantula\n|-damage|p1a: Galvantula|52\/100\n|-damage|p2a: Lapras|91\/100|[from] item: Life Orb\n|\n|upkeep\n|turn|2\n|\n|t:|1701207361\n|move|p1a: Galvantula|Thunder|p2a: Lapras\n|-supereffective|p2a: Lapras\n|-damage|p2a: Lapras|15\/100\n|move|p2a: Lapras|Freeze-Dry|p1a: Galvantula\n|-damage|p1a: Galvantula|0 fnt\n|faint|p1a: Galvantula\n|-damage|p2a: Lapras|5\/100|[from] item: Life Orb\n|\n|upkeep\n|\n|t:|1701207368\n|switch|p1a: Xurkitree|Xurkitree|100\/100\n|turn|3\n|\n|t:|1701207373\n|-zpower|p1a: Xurkitree\n|move|p1a: Xurkitree|Z-Hypnosis|p2a: Lapras|[anim]Hypnosis|[miss]\n|-boost|p1a: Xurkitree|spe|1|[zeffect]\n|-miss|p1a: Xurkitree|p2a: Lapras\n|move|p2a: Lapras|Body Slam|p1a: Xurkitree\n|-damage|p1a: Xurkitree|67\/100\n|-damage|p2a: Lapras|0 fnt|[from] item: Life Orb\n|faint|p2a: Lapras\n|\n|upkeep\n|\n|t:|1701207391\n|switch|p2a: Great Tusk|Great Tusk|100\/100\n|-activate|p2a: Great Tusk|move: Sticky Web\n|-unboost|p2a: Great Tusk|spe|1\n|turn|4\n|\n|t:|1701207399\n|move|p1a: Xurkitree|Hypnosis|p2a: Great Tusk\n|-status|p2a: Great Tusk|slp|[from] move: Hypnosis\n|cant|p2a: Great Tusk|slp\n|\n|upkeep\n|turn|5\n|\n|t:|1701207403\n|move|p1a: Xurkitree|Tail Glow|p1a: Xurkitree\n|-boost|p1a: Xurkitree|spa|3\n|-curestatus|p2a: Great Tusk|slp|[msg]\n|move|p2a: Great Tusk|Stone Edge|p1a: Xurkitree\n|-damage|p1a: Xurkitree|18\/100\n|\n|upkeep\n|turn|6\n|\n|t:|1701207410\n|move|p1a: Xurkitree|Energy Ball|p2a: Great Tusk\n|-supereffective|p2a: Great Tusk\n|-damage|p2a: Great Tusk|0 fnt\n|faint|p2a: Great Tusk\n|-end|p2a: Great Tusk|Protosynthesis|[silent]\n|-ability|p1a: Xurkitree|Beast Boost|boost\n|-boost|p1a: Xurkitree|spa|1\n|\n|upkeep\n|\n|t:|1701207422\n|switch|p2a: Gardevoir|Gardevoir, F|100\/100\n|-activate|p2a: Gardevoir|move: Sticky Web\n|-unboost|p2a: Gardevoir|spe|1\n|turn|7\n|\n|t:|1701207430\n|-terastallize|p2a: Gardevoir|Psychic\n|move|p1a: Xurkitree|Thunderbolt|p2a: Gardevoir\n|-damage|p2a: Gardevoir|0 fnt\n|faint|p2a: Gardevoir\n|-ability|p1a: Xurkitree|Beast Boost|boost\n|-boost|p1a: Xurkitree|spa|1\n|\n|upkeep\n|\n|t:|1701207442\n|switch|p2a: Marowak|Marowak-Alola, M|100\/100\n|-activate|p2a: Marowak|move: Sticky Web\n|-unboost|p2a: Marowak|spe|1\n|turn|8\n|\n|t:|1701207449\n|move|p1a: Xurkitree|Thunderbolt|p2a: Marowak\n|-damage|p2a: Marowak|0 fnt\n|faint|p2a: Marowak\n|-ability|p1a: Xurkitree|Beast Boost|boost\n|-boost|p1a: Xurkitree|spa|1\n|\n|upkeep\n|\n|t:|1701207458\n|switch|p2a: Scizor|Scizor, M|100\/100\n|-activate|p2a: Scizor|move: Sticky Web\n|-unboost|p2a: Scizor|spe|1\n|turn|9\n|\n|t:|1701207465\n|detailschange|p2a: Scizor|Scizor-Mega, M\n|-mega|p2a: Scizor|Scizor|Scizorite\n|move|p2a: Scizor|Bullet Punch|p1a: Xurkitree\n|-resisted|p1a: Xurkitree\n|-damage|p1a: Xurkitree|0 fnt\n|faint|p1a: Xurkitree\n|\n|upkeep\n|\n|t:|1701207477\n|switch|p1a: Shuckle|Shuckle, F, shiny|100\/100\n|turn|10\n|\n|t:|1701207485\n|-terastallize|p1a: Shuckle|Electric\n|move|p2a: Scizor|Close Combat|p1a: Shuckle\n|-damage|p1a: Shuckle|71\/100\n|-unboost|p2a: Scizor|def|1\n|-unboost|p2a: Scizor|spd|1\n|move|p1a: Shuckle|Infestation|p2a: Scizor\n|-resisted|p2a: Scizor\n|-damage|p2a: Scizor|99\/100\n|-activate|p2a: Scizor|move: Infestation|[of] p1a: Shuckle\n|\n|-heal|p1a: Shuckle|77\/100|[from] item: Leftovers\n|-damage|p2a: Scizor|87\/100|[from] move: Infestation|[partiallytrapped]\n|upkeep\n|turn|11\n|\n|t:|1701207501\n|move|p2a: Scizor|Hidden Power|p1a: Shuckle\n|-damage|p1a: Shuckle|67\/100\n|move|p1a: Shuckle|Shell Smash|p1a: Shuckle\n|-boost|p1a: Shuckle|def|1\n|-boost|p1a: Shuckle|spd|1\n|-unboost|p1a: Shuckle|atk|2\n|-unboost|p1a: Shuckle|spa|2\n|-unboost|p1a: Shuckle|spe|2\n|\n|-heal|p1a: Shuckle|73\/100|[from] item: Leftovers\n|-damage|p2a: Scizor|74\/100|[from] move: Infestation|[partiallytrapped]\n|upkeep\n|turn|12\n|\n|t:|1701207516\n|move|p2a: Scizor|Bullet Punch|p1a: Shuckle\n|-resisted|p1a: Shuckle\n|-damage|p1a: Shuckle|67\/100\n|move|p1a: Shuckle|Shell Smash|p1a: Shuckle\n|-boost|p1a: Shuckle|def|1\n|-boost|p1a: Shuckle|spd|1\n|-unboost|p1a: Shuckle|atk|2\n|-unboost|p1a: Shuckle|spa|2\n|-unboost|p1a: Shuckle|spe|2\n|\n|-heal|p1a: Shuckle|73\/100|[from] item: Leftovers\n|-damage|p2a: Scizor|62\/100|[from] move: Infestation|[partiallytrapped]\n|upkeep\n|turn|13\n|\n|t:|1701207532\n|move|p2a: Scizor|Close Combat|p1a: Shuckle\n|-damage|p1a: Shuckle|58\/100\n|-unboost|p2a: Scizor|def|1\n|-unboost|p2a: Scizor|spd|1\n|move|p1a: Shuckle|Shell Smash|p1a: Shuckle\n|-boost|p1a: Shuckle|def|1\n|-boost|p1a: Shuckle|spd|1\n|-unboost|p1a: Shuckle|atk|2\n|-unboost|p1a: Shuckle|spa|2\n|-unboost|p1a: Shuckle|spe|2\n|\n|-heal|p1a: Shuckle|64\/100|[from] item: Leftovers\n|-damage|p2a: Scizor|50\/100|[from] move: Infestation|[partiallytrapped]\n|upkeep\n|turn|14\n|\n|t:|1701207553\n|move|p2a: Scizor|Close Combat|p1a: Shuckle\n|-damage|p1a: Shuckle|54\/100\n|-unboost|p2a: Scizor|def|1\n|-unboost|p2a: Scizor|spd|1\n|move|p1a: Shuckle|Shell Smash|p1a: Shuckle\n|-boost|p1a: Shuckle|def|1\n|-boost|p1a: Shuckle|spd|1\n|-unboost|p1a: Shuckle|atk|0\n|-unboost|p1a: Shuckle|spa|0\n|-unboost|p1a: Shuckle|spe|0\n|\n|-heal|p1a: Shuckle|60\/100|[from] item: Leftovers\n|-end|p2a: Scizor|Infestation|[partiallytrapped]\n|upkeep\n|turn|15\n|\n|t:|1701207567\n|switch|p2a: Latias|Latias, F|100\/100\n|move|p1a: Shuckle|Infestation|p2a: Latias\n|-supereffective|p2a: Latias\n|-damage|p2a: Latias|99\/100\n|-activate|p2a: Latias|move: Infestation|[of] p1a: Shuckle\n|\n|-heal|p1a: Shuckle|66\/100|[from] item: Leftovers\n|-damage|p2a: Latias|88\/100|[from] move: Infestation|[partiallytrapped]\n|upkeep\n|turn|16\n|\n|t:|1701207585\n|move|p2a: Latias|Dragon Pulse|p1a: Shuckle\n|-damage|p1a: Shuckle|59\/100\n|move|p1a: Shuckle|Toxic|p2a: Latias\n|-status|p2a: Latias|tox\n|\n|-heal|p1a: Shuckle|65\/100|[from] item: Leftovers\n|-damage|p2a: Latias|82\/100 tox|[from] psn\n|-damage|p2a: Latias|69\/100 tox|[from] move: Infestation|[partiallytrapped]\n|upkeep\n|turn|17\n|-message|hammerweb509 forfeited.\n|\n|win|Hagglepuss\n|raw|Hagglepuss's rating: 1077 &rarr; <strong>1099<\/strong><br \/>(+22 for winning)\n|raw|hammerweb509's rating: 1000 &rarr; <strong>1000<\/strong><br \/>(+0 for losing)\n|l|\u2606hammerweb509\n","uploadtime":1701207598,"views":3,"p1id":"hagglepuss","p2id":"hammerweb509","formatid":"gen9nationaldex","rating":1000,"private":0,"password":""}