{"id":"gen9nationaldex-1988139877","p1":"Hades RFX","p2":"ThatOneZoro\/Zoa","format":"[Gen 9] National Dex","log":"|j|\u2606Hades RFX\n|j|\u2606ThatOneZoro\/Zoa\n|t:|1699674586\n|gametype|singles\n|player|p1|Hades RFX|red-masters|\n|player|p2|ThatOneZoro\/Zoa|grusha|\n|teamsize|p1|6\n|teamsize|p2|6\n|gen|9\n|tier|[Gen 9] National Dex\n|rule|HP Percentage Mod: HP is shown in percentages\n|rule|Endless Battle Clause: Forcing endless battles is banned\n|rule|OHKO Clause: OHKO moves are banned\n|rule|Evasion Clause: Evasion abilities, items, and moves are banned\n|rule|Evasion Abilities Clause: Evasion abilities are banned\n|rule|Evasion Items Clause: Evasion items are banned\n|rule|Evasion Moves Clause: Evasion moves are banned\n|rule|Species Clause: Limit one of each Pok\u00e9mon\n|rule|Sleep Clause Mod: Limit one foe put to sleep\n|clearpoke\n|poke|p1|Scizor, F|\n|poke|p1|Clodsire, M|\n|poke|p1|Volcarona, F|\n|poke|p1|Urshifu-*, F|\n|poke|p1|Corviknight, M|\n|poke|p1|Slowbro, F|\n|poke|p2|Tapu Lele|\n|poke|p2|Munkidori, M|\n|poke|p2|Alomomola, F|\n|poke|p2|Polteageist|\n|poke|p2|Sableye, F|\n|poke|p2|Armarouge, F|\n|teampreview\n|c|\u2606ThatOneZoro\/Zoa|glhf\n|\n|t:|1699674605\n|start\n|switch|p1a: Slowbro|Slowbro, F|100\/100\n|switch|p2a: Tapu Lele|Tapu Lele|100\/100\n|-fieldstart|move: Psychic Terrain|[from] ability: Psychic Surge|[of] p2a: Tapu Lele\n|turn|1\n|\n|t:|1699674616\n|switch|p2a: Sableye|Sableye, F|100\/100\n|switch|p1a: Scizor|Scizor, F|100\/100\n|\n|upkeep\n|turn|2\n|\n|t:|1699674625\n|detailschange|p1a: Scizor|Scizor-Mega, F\n|-mega|p1a: Scizor|Scizor|Scizorite\n|move|p2a: Sableye|Will-O-Wisp|p1a: Scizor\n|-activate|p1a: Scizor|move: Psychic Terrain\n|move|p1a: Scizor|U-turn|p2a: Sableye\n|-damage|p2a: Sableye|47\/100\n|c|\u2606ThatOneZoro\/Zoa|fuck\n|c|\u2606Hades RFX|lol\n|\n|t:|1699674635\n|switch|p1a: Urshifu|Urshifu-Rapid-Strike, F|100\/100|[from] U-turn\n|\n|upkeep\n|turn|3\n|\n|t:|1699674640\n|switch|p1a: Slowbro|Slowbro, F|100\/100\n|detailschange|p2a: Sableye|Sableye-Mega, F\n|-mega|p2a: Sableye|Sableye|Sablenite\n|move|p2a: Sableye|Will-O-Wisp|p1a: Slowbro\n|-status|p1a: Slowbro|brn\n|\n|-damage|p1a: Slowbro|94\/100 brn|[from] brn\n|upkeep\n|turn|4\n|\n|t:|1699674648\n|move|p2a: Sableye|Knock Off|p1a: Slowbro\n|-supereffective|p1a: Slowbro\n|-damage|p1a: Slowbro|58\/100 brn\n|-enditem|p1a: Slowbro|Heavy-Duty Boots|[from] move: Knock Off|[of] p2a: Sableye\n|move|p1a: Slowbro|Future Sight|p2a: Sableye\n|-start|p1a: Slowbro|move: Future Sight\n|\n|-damage|p1a: Slowbro|52\/100 brn|[from] brn\n|upkeep\n|turn|5\n|\n|t:|1699674655\n|move|p2a: Sableye|Encore|p1a: Slowbro\n|-start|p1a: Slowbro|Encore\n|move|p1a: Slowbro|Future Sight||[still]\n|-fail|p1a: Slowbro\n|\n|-damage|p1a: Slowbro|46\/100 brn|[from] brn\n|-fieldend|move: Psychic Terrain\n|upkeep\n|turn|6\n|\n|t:|1699674663\n|switch|p1a: Corviknight|Corviknight, M|100\/100\n|-ability|p1a: Corviknight|Pressure\n|move|p2a: Sableye|Knock Off|p1a: Corviknight\n|-damage|p1a: Corviknight|81\/100\n|-damage|p2a: Sableye|31\/100|[from] item: Rocky Helmet|[of] p1a: Corviknight\n|-enditem|p1a: Corviknight|Rocky Helmet|[from] move: Knock Off|[of] p2a: Sableye\n|\n|-end|p2a: Sableye|move: Future Sight\n|-immune|p2a: Sableye\n|upkeep\n|turn|7\n|\n|t:|1699674670\n|move|p1a: Corviknight|U-turn|p2a: Sableye\n|-damage|p2a: Sableye|18\/100\n|\n|t:|1699674673\n|switch|p1a: Slowbro|Slowbro, F|79\/100 brn|[from] U-turn\n|move|p2a: Sableye|Will-O-Wisp|p1a: Slowbro\n|-fail|p1a: Slowbro|brn\n|\n|-damage|p1a: Slowbro|73\/100 brn|[from] brn\n|upkeep\n|turn|8\n|\n|t:|1699674676\n|move|p2a: Sableye|Knock Off|p1a: Slowbro\n|-supereffective|p1a: Slowbro\n|-damage|p1a: Slowbro|48\/100 brn\n|move|p1a: Slowbro|Scald|p2a: Sableye\n|-damage|p2a: Sableye|0 fnt\n|faint|p2a: Sableye\n|\n|-damage|p1a: Slowbro|42\/100 brn|[from] brn\n|upkeep\n|\n|t:|1699674686\n|switch|p2a: Munkidori|Munkidori, M|100\/100\n|turn|9\n|\n|t:|1699674692\n|switch|p1a: Scizor|Scizor-Mega, F|100\/100\n|move|p2a: Munkidori|Sludge Wave|p1a: Scizor\n|-immune|p1a: Scizor\n|\n|upkeep\n|turn|10\n|\n|t:|1699674697\n|switch|p2a: Tapu Lele|Tapu Lele|100\/100\n|-fieldstart|move: Psychic Terrain|[from] ability: Psychic Surge|[of] p2a: Tapu Lele\n|move|p1a: Scizor|U-turn|p2a: Tapu Lele\n|-damage|p2a: Tapu Lele|46\/100\n|\n|t:|1699674703\n|switch|p1a: Urshifu|Urshifu-Rapid-Strike, F|100\/100|[from] U-turn\n|\n|-heal|p2a: Tapu Lele|52\/100|[from] item: Leftovers\n|upkeep\n|turn|11\n|\n|t:|1699674707\n|switch|p1a: Scizor|Scizor-Mega, F|100\/100\n|move|p2a: Tapu Lele|Draining Kiss|p1a: Scizor\n|-resisted|p1a: Scizor\n|-damage|p1a: Scizor|90\/100\n|-heal|p2a: Tapu Lele|62\/100|[from] drain|[of] p1a: Scizor\n|\n|-heal|p2a: Tapu Lele|68\/100|[from] item: Leftovers\n|upkeep\n|turn|12\n|\n|t:|1699674712\n|move|p2a: Tapu Lele|Iron Defense|p2a: Tapu Lele\n|-boost|p2a: Tapu Lele|def|2\n|move|p1a: Scizor|U-turn|p2a: Tapu Lele\n|-damage|p2a: Tapu Lele|41\/100\n|\n|t:|1699674717\n|switch|p1a: Volcarona|Volcarona, F|100\/100|[from] U-turn\n|\n|-heal|p2a: Tapu Lele|47\/100|[from] item: Leftovers\n|upkeep\n|turn|13\n|\n|t:|1699674722\n|move|p2a: Tapu Lele|Stored Power|p1a: Volcarona\n|-damage|p1a: Volcarona|55\/100\n|move|p1a: Volcarona|Quiver Dance|p1a: Volcarona\n|-boost|p1a: Volcarona|spa|1\n|-boost|p1a: Volcarona|spd|1\n|-boost|p1a: Volcarona|spe|1\n|\n|-heal|p2a: Tapu Lele|54\/100|[from] item: Leftovers\n|upkeep\n|turn|14\n|\n|t:|1699674727\n|move|p1a: Volcarona|Flamethrower|p2a: Tapu Lele\n|-damage|p2a: Tapu Lele|0 fnt\n|faint|p2a: Tapu Lele\n|\n|-fieldend|move: Psychic Terrain\n|upkeep\n|\n|t:|1699674735\n|switch|p2a: Polteageist|Polteageist|100\/100\n|turn|15\n|\n|t:|1699674739\n|move|p1a: Volcarona|Flamethrower|p2a: Polteageist\n|-damage|p2a: Polteageist|13\/100\n|move|p2a: Polteageist|Shell Smash|p2a: Polteageist\n|-unboost|p2a: Polteageist|def|1\n|-unboost|p2a: Polteageist|spd|1\n|-boost|p2a: Polteageist|atk|2\n|-boost|p2a: Polteageist|spa|2\n|-boost|p2a: Polteageist|spe|2\n|\n|upkeep\n|turn|16\n|\n|t:|1699674746\n|switch|p1a: Corviknight|Corviknight, M|81\/100\n|-ability|p1a: Corviknight|Pressure\n|move|p2a: Polteageist|Stored Power|p1a: Corviknight\n|-resisted|p1a: Corviknight\n|-damage|p1a: Corviknight|34\/100\n|\n|upkeep\n|turn|17\n|\n|t:|1699674749\n|move|p2a: Polteageist|Shadow Ball|p1a: Corviknight\n|-damage|p1a: Corviknight|0 fnt\n|faint|p1a: Corviknight\n|\n|upkeep\n|\n|t:|1699674751\n|switch|p1a: Clodsire|Clodsire, M|100\/100\n|turn|18\n|\n|t:|1699674754\n|-terastallize|p1a: Clodsire|Dark\n|move|p2a: Polteageist|Strength Sap|p1a: Clodsire\n|-unboost|p1a: Clodsire|atk|1\n|-heal|p2a: Polteageist|84\/100\n|move|p1a: Clodsire|Spikes|p2a: Polteageist\n|-sidestart|p2: ThatOneZoro\/Zoa|Spikes\n|\n|upkeep\n|turn|19\n|\n|t:|1699674762\n|move|p2a: Polteageist|Shell Smash|p2a: Polteageist\n|-unboost|p2a: Polteageist|def|1\n|-unboost|p2a: Polteageist|spd|1\n|-boost|p2a: Polteageist|atk|2\n|-boost|p2a: Polteageist|spa|2\n|-boost|p2a: Polteageist|spe|2\n|move|p1a: Clodsire|Toxic|p2a: Polteageist\n|-status|p2a: Polteageist|tox\n|\n|-damage|p2a: Polteageist|78\/100 tox|[from] psn\n|upkeep\n|turn|20\n|\n|t:|1699674765\n|move|p2a: Polteageist|Shadow Ball|p1a: Clodsire\n|-resisted|p1a: Clodsire\n|-damage|p1a: Clodsire|89\/100\n|move|p1a: Clodsire|Spikes|p2a: Polteageist\n|-sidestart|p2: ThatOneZoro\/Zoa|Spikes\n|\n|-damage|p2a: Polteageist|66\/100 tox|[from] psn\n|upkeep\n|turn|21\n|\n|t:|1699674768\n|move|p2a: Polteageist|Shadow Ball|p1a: Clodsire\n|-resisted|p1a: Clodsire\n|-damage|p1a: Clodsire|76\/100\n|move|p1a: Clodsire|Spikes|p2a: Polteageist\n|-sidestart|p2: ThatOneZoro\/Zoa|Spikes\n|\n|-damage|p2a: Polteageist|48\/100 tox|[from] psn\n|upkeep\n|turn|22\n|\n|t:|1699674771\n|move|p2a: Polteageist|Shadow Ball|p1a: Clodsire\n|-resisted|p1a: Clodsire\n|-damage|p1a: Clodsire|64\/100\n|move|p1a: Clodsire|Recover|p1a: Clodsire\n|-heal|p1a: Clodsire|100\/100\n|\n|-damage|p2a: Polteageist|23\/100 tox|[from] psn\n|upkeep\n|turn|23\n|\n|t:|1699674773\n|move|p2a: Polteageist|Shadow Ball|p1a: Clodsire\n|-resisted|p1a: Clodsire\n|-damage|p1a: Clodsire|89\/100\n|move|p1a: Clodsire|Earthquake|p2a: Polteageist\n|-damage|p2a: Polteageist|0 fnt\n|faint|p2a: Polteageist\n|\n|upkeep\n|\n|t:|1699674779\n|switch|p2a: Munkidori|Munkidori, M|100\/100\n|-damage|p2a: Munkidori|76\/100|[from] Spikes\n|turn|24\n|\n|t:|1699674782\n|move|p2a: Munkidori|Psychic|p1a: Clodsire\n|-immune|p1a: Clodsire\n|move|p1a: Clodsire|Earthquake|p2a: Munkidori\n|-supereffective|p2a: Munkidori\n|-damage|p2a: Munkidori|17\/100\n|\n|upkeep\n|turn|25\n|c|\u2606ThatOneZoro\/Zoa|I'm fucking stupid\n|\n|t:|1699674794\n|switch|p2a: Alomomola|Alomomola, F|100\/100\n|-damage|p2a: Alomomola|76\/100|[from] Spikes\n|move|p1a: Clodsire|Earthquake|p2a: Alomomola\n|-damage|p2a: Alomomola|67\/100\n|\n|-heal|p2a: Alomomola|73\/100|[from] item: Leftovers\n|upkeep\n|turn|26\n|\n|t:|1699674798\n|move|p2a: Alomomola|Wish|p2a: Alomomola\n|move|p1a: Clodsire|Toxic|p2a: Alomomola\n|-status|p2a: Alomomola|tox\n|\n|-heal|p2a: Alomomola|79\/100 tox|[from] item: Leftovers\n|-damage|p2a: Alomomola|73\/100 tox|[from] psn\n|upkeep\n|turn|27\n|\n|t:|1699674802\n|switch|p1a: Slowbro|Slowbro, F|75\/100 brn\n|move|p2a: Alomomola|Flip Turn|p1a: Slowbro\n|-resisted|p1a: Slowbro\n|-damage|p1a: Slowbro|70\/100 brn\n|\n|t:|1699674809\n|switch|p2a: Munkidori|Munkidori, M|17\/100|[from] Flip Turn\n|-damage|p2a: Munkidori|0 fnt|[from] Spikes\n|faint|p2a: Munkidori\n|\n|-damage|p1a: Slowbro|64\/100 brn|[from] brn\n|upkeep\n|\n|t:|1699674812\n|switch|p2a: Armarouge|Armarouge, F|100\/100\n|-damage|p2a: Armarouge|76\/100|[from] Spikes\n|turn|28\n|\n|t:|1699674822\n|move|p2a: Armarouge|Substitute|p2a: Armarouge\n|-start|p2a: Armarouge|Substitute\n|-damage|p2a: Armarouge|51\/100\n|move|p1a: Slowbro|Teleport|p1a: Slowbro\n|\n|t:|1699674826\n|switch|p1a: Urshifu|Urshifu-Rapid-Strike, F|100\/100|[from] Teleport\n|\n|-heal|p2a: Armarouge|57\/100|[from] item: Leftovers\n|upkeep\n|turn|29\n|c|\u2606ThatOneZoro\/Zoa|!dt Urshifu\n|raw|<div class=\"message\"><ul class=\"utilichart\"><li class=\"result\"><span class=\"col numcol\">Uber<\/span> <span class=\"col iconcol\"><psicon pokemon=\"urshifu\"\/><\/span> <span class=\"col pokemonnamecol\" style=\"white-space:nowrap\"><a href=\"https:\/\/dex.pokemonshowdown.com\/pokemon\/urshifu\" target=\"_blank\">Urshifu<\/a><\/span> <span class=\"col typecol\"><img src=\"https:\/\/play.pokemonshowdown.com\/sprites\/types\/Fighting.png\" alt=\"Fighting\" height=\"14\" width=\"32\"><img src=\"https:\/\/play.pokemonshowdown.com\/sprites\/types\/Dark.png\" alt=\"Dark\" height=\"14\" width=\"32\"><\/span> <span style=\"float:left;min-height:26px\"><span class=\"col abilitycol\">Unseen Fist<\/span><span class=\"col abilitycol\"><\/span><\/span><span style=\"float:left;min-height:26px\"><span class=\"col statcol\"><em>HP<\/em><br \/>100<\/span> <span class=\"col statcol\"><em>Atk<\/em><br \/>130<\/span> <span class=\"col statcol\"><em>Def<\/em><br \/>100<\/span> <span class=\"col statcol\"><em>SpA<\/em><br \/>63<\/span> <span class=\"col statcol\"><em>SpD<\/em><br \/>60<\/span> <span class=\"col statcol\"><em>Spe<\/em><br \/>97<\/span> <span class=\"col bstcol\"><em>BST<br \/>550<\/em><\/span> <\/span><\/li><li style=\"clear:both\"><\/li><\/ul><\/div>\n|raw|<font size=\"1\"><font color=\"#686868\">Dex#:<\/font> 892&nbsp;|&ThickSpace;<font color=\"#686868\">Gen:<\/font> 8&nbsp;|&ThickSpace;<font color=\"#686868\">Height:<\/font> 1.9 m&nbsp;|&ThickSpace;<font color=\"#686868\">Weight:<\/font> 105 kg <em>(100 BP)<\/em>&nbsp;|&ThickSpace;<font color=\"#686868\">G-Max Move:<\/font> G-Max One Blow&nbsp;|&ThickSpace;<font color=\"#686868\">Dex Colour:<\/font> Gray&nbsp;|&ThickSpace;<font color=\"#686868\">Egg Group(s):<\/font> Undiscovered&nbsp;|&ThickSpace;<font color=\"#686868\">Pre-Evolution:<\/font> Kubfu&nbsp;|&ThickSpace;<font color=\"#686868\">Does Not Evolve<\/font><\/font>\n\n|\n|t:|1699674845\n|move|p1a: Urshifu|Surging Strikes|p2a: Armarouge\n|-supereffective|p2a: Armarouge\n|-crit|p2a: Armarouge\n|-end|p2a: Armarouge|Substitute\n|-supereffective|p2a: Armarouge\n|-crit|p2a: Armarouge\n|-damage|p2a: Armarouge|3\/100\n|-ability|p2a: Armarouge|Weak Armor|boost\n|-unboost|p2a: Armarouge|def|1\n|-boost|p2a: Armarouge|spe|2\n|-supereffective|p2a: Armarouge\n|-crit|p2a: Armarouge\n|-damage|p2a: Armarouge|0 fnt\n|faint|p2a: Armarouge\n|-hitcount|p2: Armarouge|3\n|\n|upkeep\n|c|\u2606ThatOneZoro\/Zoa|sadge\n|\n|t:|1699674854\n|switch|p2a: Alomomola|Alomomola, F|100\/100 tox\n|-damage|p2a: Alomomola|76\/100 tox|[from] Spikes\n|turn|30\n|\n|t:|1699674858\n|switch|p1a: Slowbro|Slowbro, F|97\/100 brn\n|move|p2a: Alomomola|Flip Turn|p1a: Slowbro\n|-resisted|p1a: Slowbro\n|-damage|p1a: Slowbro|93\/100 brn\n|\n|-heal|p2a: Alomomola|82\/100 tox|[from] item: Leftovers\n|-damage|p2a: Alomomola|76\/100 tox|[from] psn\n|-damage|p1a: Slowbro|87\/100 brn|[from] brn\n|upkeep\n|turn|31\n|\n|t:|1699674861\n|move|p2a: Alomomola|Knock Off|p1a: Slowbro\n|-supereffective|p1a: Slowbro\n|-damage|p1a: Slowbro|72\/100 brn\n|move|p1a: Slowbro|Future Sight|p2a: Alomomola\n|-start|p1a: Slowbro|move: Future Sight\n|\n|-heal|p2a: Alomomola|82\/100 tox|[from] item: Leftovers\n|-damage|p2a: Alomomola|69\/100 tox|[from] psn\n|-damage|p1a: Slowbro|66\/100 brn|[from] brn\n|upkeep\n|turn|32\n|\n|t:|1699674864\n|move|p2a: Alomomola|Knock Off|p1a: Slowbro\n|-supereffective|p1a: Slowbro\n|-damage|p1a: Slowbro|51\/100 brn\n|move|p1a: Slowbro|Teleport|p1a: Slowbro\n|\n|t:|1699674866\n|switch|p1a: Urshifu|Urshifu-Rapid-Strike, F|100\/100|[from] Teleport\n|\n|-heal|p2a: Alomomola|76\/100 tox|[from] item: Leftovers\n|-damage|p2a: Alomomola|57\/100 tox|[from] psn\n|upkeep\n|turn|33\n|\n|t:|1699674869\n|move|p1a: Urshifu|Close Combat|p2a: Alomomola\n|-damage|p2a: Alomomola|6\/100 tox\n|-unboost|p1a: Urshifu|def|1\n|-unboost|p1a: Urshifu|spd|1\n|move|p2a: Alomomola|Flip Turn|p1a: Urshifu\n|-resisted|p1a: Urshifu\n|-damage|p1a: Urshifu|89\/100\n|\n|-end|p2a: Alomomola|move: Future Sight\n|-damage|p2a: Alomomola|0 fnt\n|faint|p2a: Alomomola\n|\n|win|Hades RFX\n|upkeep\n|c|\u2606Hades RFX|gg\n|c|\u2606Hades RFX|wp\n|c|\u2606ThatOneZoro\/Zoa|gg :kms:\n|c|\u2606Hades RFX|:3\n|l|\u2606Hades RFX\n|l|\u2606ThatOneZoro\/Zoa\n|j|\u2606ThatOneZoro\/Zoa\n|player|p2|ThatOneZoro\/Zoa|grusha\n","uploadtime":1699674893,"views":14,"p1id":"hadesrfx","p2id":"thatonezorozoa","formatid":"gen9nationaldex","rating":0,"private":0,"password":""}