{"id":"gen9nationaldex-1988555455","p1":"WRLD_Endu","p2":"Shimdom","format":"[Gen 9] National Dex","log":"|j|\u203dWRLD_Endu\n|j|\u2606Shimdom\n|t:|1699735632\n|gametype|singles\n|player|p1|WRLD_Endu|shadowtriad|1325\n|player|p2|Shimdom|cowgirl|1267\n|teamsize|p1|6\n|teamsize|p2|6\n|gen|9\n|tier|[Gen 9] National Dex\n|rated|\n|rule|HP Percentage Mod: HP is shown in percentages\n|rule|Endless Battle Clause: Forcing endless battles is banned\n|rule|OHKO Clause: OHKO moves are banned\n|rule|Evasion Clause: Evasion abilities, items, and moves are banned\n|rule|Evasion Abilities Clause: Evasion abilities are banned\n|rule|Evasion Items Clause: Evasion items are banned\n|rule|Evasion Moves Clause: Evasion moves are banned\n|rule|Species Clause: Limit one of each Pok\u00e9mon\n|rule|Sleep Clause Mod: Limit one foe put to sleep\n|clearpoke\n|poke|p1|Tyranitar, M|\n|poke|p1|Hippowdon, F|\n|poke|p1|Zapdos|\n|poke|p1|Excadrill, M|\n|poke|p1|Scizor, M|\n|poke|p1|Dracozolt|\n|poke|p2|Mudsdale, M|\n|poke|p2|Conkeldurr, M|\n|poke|p2|Garganacl, F|\n|poke|p2|Pawmot, M|\n|poke|p2|Charizard, M|\n|poke|p2|Celesteela|\n|teampreview\n|inactive|Battle timer is ON: inactive players will automatically lose when time's up. (requested by WRLD_Endu)\n|\n|t:|1699735638\n|start\n|switch|p1a: Hippowdon|Hippowdon, F, shiny|100\/100\n|switch|p2a: Celesteela|Celesteela|100\/100\n|-weather|Sandstorm|[from] ability: Sand Stream|[of] p1a: Hippowdon\n|turn|1\n|\n|t:|1699735645\n|move|p2a: Celesteela|Swagger|p1a: Hippowdon\n|-boost|p1a: Hippowdon|atk|2\n|-enditem|p2a: Celesteela|Mirror Herb\n|-boost|p2a: Celesteela|atk|2|[from] item: Mirror Herb\n|-start|p1a: Hippowdon|confusion\n|-activate|p1a: Hippowdon|confusion\n|move|p1a: Hippowdon|Stealth Rock|p2a: Celesteela\n|-sidestart|p2: Shimdom|move: Stealth Rock\n|\n|-weather|Sandstorm|[upkeep]\n|upkeep\n|turn|2\n|\n|t:|1699735657\n|switch|p1a: Zapdos|Zapdos, shiny|100\/100\n|move|p2a: Celesteela|Flame Charge|p1a: Zapdos\n|-damage|p1a: Zapdos|72\/100\n|-boost|p2a: Celesteela|spe|1\n|-status|p2a: Celesteela|par|[from] ability: Static|[of] p1a: Zapdos\n|\n|-weather|Sandstorm|[upkeep]\n|-damage|p1a: Zapdos|66\/100|[from] Sandstorm\n|-heal|p1a: Zapdos|72\/100|[from] item: Leftovers\n|upkeep\n|turn|3\n|\n|t:|1699735665\n|move|p1a: Zapdos|Heat Wave|p2a: Celesteela\n|-supereffective|p2a: Celesteela\n|-damage|p2a: Celesteela|47\/100 par\n|cant|p2a: Celesteela|par\n|\n|-weather|Sandstorm|[upkeep]\n|-damage|p1a: Zapdos|66\/100|[from] Sandstorm\n|-heal|p1a: Zapdos|72\/100|[from] item: Leftovers\n|upkeep\n|turn|4\n|\n|t:|1699735669\n|move|p1a: Zapdos|Heat Wave|p2a: Celesteela\n|-supereffective|p2a: Celesteela\n|-damage|p2a: Celesteela|0 fnt\n|faint|p2a: Celesteela\n|\n|-weather|Sandstorm|[upkeep]\n|-damage|p1a: Zapdos|66\/100|[from] Sandstorm\n|-heal|p1a: Zapdos|72\/100|[from] item: Leftovers\n|upkeep\n|\n|t:|1699735674\n|switch|p2a: Crunchy|Garganacl, F|100\/100\n|-damage|p2a: Crunchy|88\/100|[from] Stealth Rock\n|turn|5\n|inactive|WRLD_Endu has 120 seconds left.\n|\n|t:|1699735705\n|move|p1a: Zapdos|U-turn|p2a: Crunchy\n|-damage|p2a: Crunchy|79\/100\n|\n|t:|1699735709\n|switch|p1a: Scizor|Scizor, M, shiny|100\/100|[from] U-turn\n|move|p2a: Crunchy|Salt Cure|p1a: Scizor\n|-damage|p1a: Scizor|87\/100\n|-start|p1a: Scizor|Salt Cure\n|\n|-weather|Sandstorm|[upkeep]\n|-damage|p1a: Scizor|62\/100|[from] Salt Cure\n|upkeep\n|turn|6\n|\n|t:|1699735716\n|detailschange|p1a: Scizor|Scizor-Mega, M, shiny\n|-mega|p1a: Scizor|Scizor|Scizorite\n|move|p1a: Scizor|Bullet Punch|p2a: Crunchy\n|-supereffective|p2a: Crunchy\n|-damage|p2a: Crunchy|28\/100\n|move|p2a: Crunchy|Curse|p2a: Crunchy\n|-unboost|p2a: Crunchy|spe|1\n|-boost|p2a: Crunchy|atk|1\n|-boost|p2a: Crunchy|def|1\n|\n|-weather|Sandstorm|[upkeep]\n|-damage|p1a: Scizor|38\/100|[from] Salt Cure\n|upkeep\n|turn|7\n|\n|t:|1699735727\n|-terastallize|p2a: Crunchy|Ghost\n|move|p1a: Scizor|Close Combat|p2a: Crunchy\n|-immune|p2a: Crunchy\n|move|p2a: Crunchy|Recover|p2a: Crunchy\n|-heal|p2a: Crunchy|78\/100\n|\n|-weather|Sandstorm|[upkeep]\n|-damage|p2a: Crunchy|72\/100|[from] Sandstorm\n|-damage|p1a: Scizor|13\/100|[from] Salt Cure\n|upkeep\n|turn|8\n|\n|t:|1699735732\n|move|p2a: Crunchy|Protect|p2a: Crunchy\n|-singleturn|p2a: Crunchy|Protect\n|move|p1a: Scizor|U-turn|p2a: Crunchy\n|-activate|p2a: Crunchy|move: Protect\n|\n|-weather|none\n|-damage|p1a: Scizor|0 fnt|[from] Salt Cure\n|faint|p1a: Scizor\n|upkeep\n|\n|t:|1699735749\n|switch|p1a: Hippowdon|Hippowdon, F, shiny|100\/100\n|-weather|Sandstorm|[from] ability: Sand Stream|[of] p1a: Hippowdon\n|turn|9\n|\n|t:|1699735754\n|move|p1a: Hippowdon|Yawn|p2a: Crunchy\n|-immune|p2a: Crunchy|[from] ability: Purifying Salt\n|move|p2a: Crunchy|Salt Cure|p1a: Hippowdon\n|-resisted|p1a: Hippowdon\n|-damage|p1a: Hippowdon|95\/100\n|-start|p1a: Hippowdon|Salt Cure\n|\n|-weather|Sandstorm|[upkeep]\n|-damage|p2a: Crunchy|66\/100|[from] Sandstorm\n|-damage|p1a: Hippowdon|82\/100|[from] Salt Cure\n|upkeep\n|turn|10\n|\n|t:|1699735763\n|switch|p1a: Dracozolt|Dracozolt, shiny|100\/100\n|move|p2a: Crunchy|Recover|p2a: Crunchy\n|-heal|p2a: Crunchy|100\/100\n|\n|-weather|Sandstorm|[upkeep]\n|-damage|p2a: Crunchy|94\/100|[from] Sandstorm\n|upkeep\n|turn|11\n|\n|t:|1699735767\n|move|p1a: Dracozolt|Draco Meteor|p2a: Crunchy\n|-damage|p2a: Crunchy|51\/100\n|-unboost|p1a: Dracozolt|spa|2\n|-damage|p1a: Dracozolt|91\/100|[from] item: Life Orb\n|move|p2a: Crunchy|Salt Cure|p1a: Dracozolt\n|-damage|p1a: Dracozolt|64\/100\n|-start|p1a: Dracozolt|Salt Cure\n|\n|-weather|Sandstorm|[upkeep]\n|-damage|p2a: Crunchy|45\/100|[from] Sandstorm\n|-damage|p1a: Dracozolt|52\/100|[from] Salt Cure\n|upkeep\n|turn|12\n|\n|t:|1699735775\n|switch|p1a: Tyranitar|Tyranitar, M, shiny|100\/100\n|move|p2a: Crunchy|Recover|p2a: Crunchy\n|-heal|p2a: Crunchy|95\/100\n|\n|-weather|Sandstorm|[upkeep]\n|-damage|p2a: Crunchy|89\/100|[from] Sandstorm\n|upkeep\n|turn|13\n|\n|t:|1699735783\n|move|p1a: Tyranitar|Fire Blast|p2a: Crunchy\n|-damage|p2a: Crunchy|73\/100\n|move|p2a: Crunchy|Salt Cure|p1a: Tyranitar\n|-damage|p1a: Tyranitar|86\/100\n|-start|p1a: Tyranitar|Salt Cure\n|\n|-weather|Sandstorm|[upkeep]\n|-damage|p2a: Crunchy|66\/100|[from] Sandstorm\n|-damage|p1a: Tyranitar|73\/100|[from] Salt Cure\n|upkeep\n|turn|14\n|\n|t:|1699735790\n|move|p1a: Tyranitar|Ice Beam|p2a: Crunchy\n|-damage|p2a: Crunchy|54\/100\n|move|p2a: Crunchy|Salt Cure|p1a: Tyranitar\n|-damage|p1a: Tyranitar|58\/100\n|\n|-weather|Sandstorm|[upkeep]\n|-damage|p2a: Crunchy|48\/100|[from] Sandstorm\n|-damage|p1a: Tyranitar|46\/100|[from] Salt Cure\n|upkeep\n|turn|15\n|\n|t:|1699735796\n|move|p1a: Tyranitar|Fire Blast|p2a: Crunchy\n|-damage|p2a: Crunchy|31\/100\n|move|p2a: Crunchy|Recover|p2a: Crunchy\n|-heal|p2a: Crunchy|81\/100\n|\n|-weather|Sandstorm|[upkeep]\n|-damage|p2a: Crunchy|75\/100|[from] Sandstorm\n|-damage|p1a: Tyranitar|33\/100|[from] Salt Cure\n|upkeep\n|turn|16\n|c|\u2606Shimdom|sandtorm mvp\n|-message|WRLD_Endu forfeited.\n|\n|win|Shimdom\n|raw|WRLD_Endu's rating: 1325 &rarr; <strong>1302<\/strong><br \/>(-23 for losing)\n|raw|Shimdom's rating: 1267 &rarr; <strong>1296<\/strong><br \/>(+29 for winning)\n|l|\u203dWRLD_Endu\n","uploadtime":1699735813,"views":11,"p1id":"wrldendu","p2id":"shimdom","formatid":"gen9nationaldex","rating":1296,"private":0,"password":""}