{"id":"gen9nationaldex-2000528574","p1":"0verturn3d","p2":"Bh100%","format":"[Gen 9] National Dex","log":"|html|<div class=\"broadcast-blue\"><strong>[Gen 9] National Dex is currently suspecting Sneasler! For information on how to participate check out the <a href=\"https:\/\/www.smogon.com\/forums\/threads\/sv-national-dex-suspect-8-just-dance.3731534\/\">suspect thread<\/a>.<\/strong><\/div>\n|j|\u26060verturn3d\n|j|\u2606Bh100%\n|t:|1701202496\n|gametype|singles\n|player|p1|0verturn3d|burglar|1426\n|player|p2|Bh100%|lusamine-nihilego|1350\n|teamsize|p1|6\n|teamsize|p2|6\n|gen|9\n|tier|[Gen 9] National Dex\n|rated|\n|rule|HP Percentage Mod: HP is shown in percentages\n|rule|Endless Battle Clause: Forcing endless battles is banned\n|rule|OHKO Clause: OHKO moves are banned\n|rule|Evasion Clause: Evasion abilities, items, and moves are banned\n|rule|Evasion Abilities Clause: Evasion abilities are banned\n|rule|Evasion Items Clause: Evasion items are banned\n|rule|Evasion Moves Clause: Evasion moves are banned\n|rule|Species Clause: Limit one of each Pok\u00e9mon\n|rule|Sleep Clause Mod: Limit one foe put to sleep\n|clearpoke\n|poke|p1|Lopunny, F|\n|poke|p1|Clodsire, M|\n|poke|p1|Tapu Fini|\n|poke|p1|Sneasler, M|\n|poke|p1|Garganacl, M|\n|poke|p1|Zapdos|\n|poke|p2|Magnezone|\n|poke|p2|Rillaboom, F|\n|poke|p2|Sneasler, F|\n|poke|p2|Iron Valiant|\n|poke|p2|Diancie|\n|poke|p2|Landorus-Therian, M|\n|teampreview\n|inactive|Battle timer is ON: inactive players will automatically lose when time's up. (requested by Bh100%)\n|\n|t:|1701202517\n|start\n|switch|p1a: Lopunny|Lopunny, F, shiny|100\/100\n|switch|p2a: Landorus|Landorus-Therian, M|100\/100\n|-ability|p2a: Landorus|Intimidate|boost\n|-unboost|p1a: Lopunny|atk|1\n|turn|1\n|inactive|0verturn3d has 120 seconds left.\n|inactive|0verturn3d has 90 seconds left.\n|\n|t:|1701202579\n|detailschange|p1a: Lopunny|Lopunny-Mega, F, shiny\n|-mega|p1a: Lopunny|Lopunny|Lopunnite\n|move|p1a: Lopunny|Fake Out|p2a: Landorus\n|-damage|p2a: Landorus|82\/100\n|cant|p2a: Landorus|flinch\n|\n|upkeep\n|turn|2\n|\n|t:|1701202586\n|switch|p1a: Zapdos|Zapdos, shiny|100\/100\n|move|p2a: Landorus|U-turn|p1a: Zapdos\n|-resisted|p1a: Zapdos\n|-damage|p1a: Zapdos|88\/100\n|\n|t:|1701202595\n|switch|p2a: Diancie|Diancie|100\/100|[from] U-turn\n|\n|upkeep\n|turn|3\n|\n|t:|1701202602\n|switch|p1a: Clodsire|Clodsire, M, shiny|100\/100\n|detailschange|p2a: Diancie|Diancie-Mega\n|-mega|p2a: Diancie|Diancie|Diancite\n|move|p2a: Diancie|Diamond Storm|p1a: Clodsire\n|-resisted|p1a: Clodsire\n|-damage|p1a: Clodsire|73\/100\n|-boost|p2a: Diancie|def|2\n|\n|upkeep\n|turn|4\n|\n|t:|1701202622\n|switch|p2a: Landorus|Landorus-Therian, M|82\/100\n|-ability|p2a: Landorus|Intimidate|boost\n|-unboost|p1a: Clodsire|atk|1\n|move|p1a: Clodsire|Earthquake|p2a: Landorus\n|-immune|p2a: Landorus\n|\n|upkeep\n|turn|5\n|\n|t:|1701202632\n|switch|p1a: Zapdos|Zapdos, shiny|88\/100\n|move|p2a: Landorus|Earthquake|p1a: Zapdos\n|-immune|p1a: Zapdos\n|\n|upkeep\n|turn|6\n|\n|t:|1701202639\n|switch|p2a: Magnezone|Magnezone|100\/100\n|move|p1a: Zapdos|Hidden Power|p2a: Magnezone\n|-resisted|p2a: Magnezone\n|-damage|p2a: Magnezone|85\/100\n|\n|upkeep\n|turn|7\n|\n|t:|1701202657\n|switch|p1a: Clodsire|Clodsire, M, shiny|73\/100\n|move|p2a: Magnezone|Volt Switch|p1a: Clodsire\n|-immune|p1a: Clodsire\n|\n|upkeep\n|turn|8\n|\n|t:|1701202673\n|switch|p2a: Rillaboom|Rillaboom, F|100\/100\n|-fieldstart|move: Grassy Terrain|[from] ability: Grassy Surge|[of] p2a: Rillaboom\n|move|p1a: Clodsire|Toxic|p2a: Rillaboom\n|-status|p2a: Rillaboom|tox\n|\n|-heal|p1a: Clodsire|79\/100|[from] Grassy Terrain\n|-damage|p2a: Rillaboom|94\/100 tox|[from] psn\n|upkeep\n|turn|9\n|\n|t:|1701202685\n|switch|p1a: Tapu Fini|Tapu Fini, shiny|100\/100\n|-fieldstart|move: Misty Terrain|[from] ability: Misty Surge|[of] p1a: Tapu Fini\n|move|p2a: Rillaboom|Knock Off|p1a: Tapu Fini\n|-resisted|p1a: Tapu Fini\n|-damage|p1a: Tapu Fini|81\/100\n|-enditem|p1a: Tapu Fini|Choice Scarf|[from] move: Knock Off|[of] p2a: Rillaboom\n|\n|-heal|p2a: Rillaboom|100\/100 tox|[from] item: Leftovers\n|-damage|p2a: Rillaboom|88\/100 tox|[from] psn\n|upkeep\n|turn|10\n|\n|t:|1701202697\n|switch|p1a: Sneasler|Sneasler, M, shiny|100\/100\n|-enditem|p1a: Sneasler|Misty Seed\n|-boost|p1a: Sneasler|spd|1|[from] item: Misty Seed\n|switch|p2a: Magnezone|Magnezone|85\/100\n|\n|upkeep\n|turn|11\n|\n|t:|1701202709\n|move|p1a: Sneasler|Swords Dance|p1a: Sneasler\n|-boost|p1a: Sneasler|atk|2\n|move|p2a: Magnezone|Volt Switch|p1a: Sneasler\n|-damage|p1a: Sneasler|51\/100\n|\n|t:|1701202722\n|switch|p2a: Rillaboom|Rillaboom, F|88\/100 tox|[from] Volt Switch\n|-fieldstart|move: Grassy Terrain|[from] ability: Grassy Surge|[of] p2a: Rillaboom\n|\n|-heal|p1a: Sneasler|57\/100|[from] Grassy Terrain\n|-heal|p2a: Rillaboom|94\/100 tox|[from] Grassy Terrain\n|-heal|p2a: Rillaboom|100\/100 tox|[from] item: Leftovers\n|-damage|p2a: Rillaboom|94\/100 tox|[from] psn\n|upkeep\n|turn|12\n|\n|t:|1701202740\n|move|p2a: Rillaboom|Grassy Glide|p1a: Sneasler\n|-resisted|p1a: Sneasler\n|-damage|p1a: Sneasler|22\/100\n|move|p1a: Sneasler|Dire Claw|p2a: Rillaboom\n|-supereffective|p2a: Rillaboom\n|-damage|p2a: Rillaboom|0 fnt\n|faint|p2a: Rillaboom\n|\n|-heal|p1a: Sneasler|28\/100|[from] Grassy Terrain\n|upkeep\n|\n|t:|1701202750\n|switch|p2a: Sneasler|Sneasler, F|100\/100\n|-enditem|p2a: Sneasler|Grassy Seed\n|-boost|p2a: Sneasler|def|1|[from] item: Grassy Seed\n|turn|13\n|\n|t:|1701202755\n|-terastallize|p2a: Sneasler|Flying\n|move|p2a: Sneasler|Acrobatics|p1a: Sneasler\n|-supereffective|p1a: Sneasler\n|-damage|p1a: Sneasler|0 fnt\n|faint|p1a: Sneasler\n|\n|upkeep\n|\n|t:|1701202762\n|switch|p1a: Zapdos|Zapdos, shiny|88\/100\n|turn|14\n|inactive|0verturn3d has 120 seconds left.\n|\n|t:|1701202769\n|move|p2a: Sneasler|Dire Claw|p1a: Zapdos\n|-damage|p1a: Zapdos|38\/100\n|move|p1a: Zapdos|Thunderbolt|p2a: Sneasler\n|-supereffective|p2a: Sneasler\n|-damage|p2a: Sneasler|0 fnt\n|faint|p2a: Sneasler\n|\n|upkeep\n|\n|t:|1701202780\n|switch|p2a: Magnezone|Magnezone|85\/100\n|turn|15\n|\n|t:|1701202787\n|switch|p1a: Clodsire|Clodsire, M, shiny|79\/100\n|move|p2a: Magnezone|Flash Cannon|p1a: Clodsire\n|-damage|p1a: Clodsire|43\/100\n|\n|-heal|p2a: Magnezone|91\/100|[from] Grassy Terrain\n|-heal|p1a: Clodsire|50\/100|[from] Grassy Terrain\n|-fieldend|move: Grassy Terrain\n|upkeep\n|turn|16\n|\n|t:|1701202796\n|move|p2a: Magnezone|Flash Cannon|p1a: Clodsire\n|-damage|p1a: Clodsire|15\/100\n|move|p1a: Clodsire|Recover|p1a: Clodsire\n|-heal|p1a: Clodsire|65\/100\n|\n|upkeep\n|turn|17\n|\n|t:|1701202801\n|switch|p2a: Landorus|Landorus-Therian, M|82\/100\n|-ability|p2a: Landorus|Intimidate|boost\n|-unboost|p1a: Clodsire|atk|1\n|move|p1a: Clodsire|Earthquake|p2a: Landorus\n|-immune|p2a: Landorus\n|\n|upkeep\n|turn|18\n|\n|t:|1701202816\n|switch|p1a: Tapu Fini|Tapu Fini, shiny|81\/100\n|-fieldstart|move: Misty Terrain|[from] ability: Misty Surge|[of] p1a: Tapu Fini\n|move|p2a: Landorus|Stone Edge|p1a: Tapu Fini\n|-damage|p1a: Tapu Fini|38\/100\n|\n|upkeep\n|turn|19\n|inactive|0verturn3d has 120 seconds left.\n|l|\u2606Bh100%\n|inactive|Bh100% disconnected and has a minute to reconnect!\n|player|p2|\n|\n|t:|1701202866\n|switch|p1a: Zapdos|Zapdos, shiny|38\/100\n|move|p2a: Landorus|Stone Edge|p1a: Zapdos\n|-supereffective|p1a: Zapdos\n|-damage|p1a: Zapdos|0 fnt\n|faint|p1a: Zapdos\n|\n|upkeep\n|\n|t:|1701202881\n|switch|p1a: Lopunny|Lopunny-Mega, F, shiny|100\/100\n|turn|20\n|j|\u2606Bh100%\n|inactive|Bh100% reconnected and has 135 seconds left.\n|player|p2|Bh100%|lusamine-nihilego\n|\n|t:|1701202908\n|switch|p2a: Magnezone|Magnezone|91\/100\n|move|p1a: Lopunny|Fake Out|p2a: Magnezone\n|-resisted|p2a: Magnezone\n|-damage|p2a: Magnezone|79\/100\n|\n|upkeep\n|turn|21\n|\n|t:|1701202923\n|move|p1a: Lopunny|Drain Punch|p2a: Magnezone\n|-supereffective|p2a: Magnezone\n|-damage|p2a: Magnezone|0 fnt\n|faint|p2a: Magnezone\n|\n|upkeep\n|\n|t:|1701202930\n|switch|p2a: Landorus|Landorus-Therian, M|82\/100\n|-ability|p2a: Landorus|Intimidate|boost\n|-fail|p1a: Lopunny|unboost|Attack|[from] ability: Scrappy|[of] p1a: Lopunny\n|turn|22\n|\n|t:|1701202942\n|switch|p1a: Garganacl|Garganacl, M, shiny|100\/100\n|move|p2a: Landorus|Earthquake|p1a: Garganacl\n|-supereffective|p1a: Garganacl\n|-damage|p1a: Garganacl|46\/100\n|\n|-heal|p1a: Garganacl|52\/100|[from] item: Leftovers\n|-fieldend|Misty Terrain\n|upkeep\n|turn|23\n|\n|t:|1701202951\n|move|p2a: Landorus|Earthquake|p1a: Garganacl\n|-supereffective|p1a: Garganacl\n|-crit|p1a: Garganacl\n|-damage|p1a: Garganacl|0 fnt\n|faint|p1a: Garganacl\n|\n|upkeep\n|\n|t:|1701202956\n|switch|p1a: Lopunny|Lopunny-Mega, F, shiny|100\/100\n|turn|24\n|\n|t:|1701202963\n|switch|p2a: Diancie|Diancie-Mega|100\/100\n|move|p1a: Lopunny|Fake Out|p2a: Diancie\n|-resisted|p2a: Diancie\n|-damage|p2a: Diancie|86\/100\n|\n|upkeep\n|turn|25\n|\n|t:|1701202970\n|switch|p1a: Clodsire|Clodsire, M, shiny|65\/100\n|switch|p2a: Landorus|Landorus-Therian, M|82\/100\n|-ability|p2a: Landorus|Intimidate|boost\n|-unboost|p1a: Clodsire|atk|1\n|\n|upkeep\n|turn|26\n|\n|t:|1701202978\n|-terastallize|p1a: Clodsire|Water\n|move|p2a: Landorus|Earthquake|p1a: Clodsire\n|-damage|p1a: Clodsire|2\/100\n|move|p1a: Clodsire|Toxic|p2a: Landorus\n|-status|p2a: Landorus|tox\n|\n|-damage|p2a: Landorus|76\/100 tox|[from] psn\n|upkeep\n|turn|27\n|\n|t:|1701202990\n|move|p2a: Landorus|Earthquake|p1a: Clodsire\n|-damage|p1a: Clodsire|0 fnt\n|faint|p1a: Clodsire\n|\n|-damage|p2a: Landorus|64\/100 tox|[from] psn\n|upkeep\n|\n|t:|1701202996\n|switch|p1a: Lopunny|Lopunny-Mega, F, shiny|100\/100\n|turn|28\n|\n|t:|1701203000\n|move|p2a: Landorus|Earthquake|p1a: Lopunny\n|-damage|p1a: Lopunny|29\/100\n|move|p1a: Lopunny|Drain Punch|p2a: Landorus\n|-resisted|p2a: Landorus\n|-damage|p2a: Landorus|41\/100 tox\n|-heal|p1a: Lopunny|43\/100|[from] drain|[of] p2a: Landorus\n|\n|-damage|p2a: Landorus|23\/100 tox|[from] psn\n|upkeep\n|turn|29\n|\n|t:|1701203010\n|switch|p1a: Tapu Fini|Tapu Fini, shiny|38\/100\n|-fieldstart|move: Misty Terrain|[from] ability: Misty Surge|[of] p1a: Tapu Fini\n|move|p2a: Landorus|Earthquake|p1a: Tapu Fini\n|-damage|p1a: Tapu Fini|0 fnt\n|faint|p1a: Tapu Fini\n|\n|-damage|p2a: Landorus|0 fnt|[from] psn\n|faint|p2a: Landorus\n|upkeep\n|\n|t:|1701203022\n|switch|p2a: Diancie|Diancie-Mega|86\/100\n|switch|p1a: Lopunny|Lopunny-Mega, F, shiny|43\/100\n|turn|30\n|\n|t:|1701203040\n|move|p1a: Lopunny|Fake Out|p2a: Diancie\n|-resisted|p2a: Diancie\n|-damage|p2a: Diancie|72\/100\n|cant|p2a: Diancie|flinch\n|\n|upkeep\n|turn|31\n|\n|t:|1701203046\n|move|p1a: Lopunny|Drain Punch|p2a: Diancie\n|-damage|p2a: Diancie|18\/100\n|-heal|p1a: Lopunny|68\/100|[from] drain|[of] p2a: Diancie\n|move|p2a: Diancie|Moonblast|p1a: Lopunny\n|-supereffective|p1a: Lopunny\n|-damage|p1a: Lopunny|0 fnt\n|faint|p1a: Lopunny\n|\n|win|Bh100%\n|raw|0verturn3d's rating: 1426 &rarr; <strong>1402<\/strong><br \/>(-24 for losing)\n|raw|Bh100%'s rating: 1350 &rarr; <strong>1374<\/strong><br \/>(+24 for winning)\n|l|\u26060verturn3d\n|l|\u2606Bh100%\n|j|\u2606Bh100%\n|player|p2|Bh100%|lusamine-nihilego\n","uploadtime":1701203058,"views":23,"p1id":"0verturn3d","p2id":"bh100","formatid":"gen9nationaldex","rating":1374,"private":0,"password":""}