{"id":"gen9nationaldex-1999415329","p1":"Phantom 56","p2":"ZaochuanPomelo","format":"[Gen 9] National Dex","log":"|html|<div class=\"broadcast-blue\"><strong>[Gen 9] National Dex is currently suspecting Sneasler! For information on how to participate check out the <a href=\"https:\/\/www.smogon.com\/forums\/threads\/sv-national-dex-suspect-8-just-dance.3731534\/\">suspect thread<\/a>.<\/strong><\/div>\n|j|\u2606Phantom 56\n|j|\u2606ZaochuanPomelo\n|t:|1701076718\n|gametype|singles\n|player|p1|Phantom 56|red|1255\n|player|p2|ZaochuanPomelo|whitney|1174\n|teamsize|p1|6\n|teamsize|p2|6\n|gen|9\n|tier|[Gen 9] National Dex\n|rated|\n|rule|HP Percentage Mod: HP is shown in percentages\n|rule|Endless Battle Clause: Forcing endless battles is banned\n|rule|OHKO Clause: OHKO moves are banned\n|rule|Evasion Clause: Evasion abilities, items, and moves are banned\n|rule|Evasion Abilities Clause: Evasion abilities are banned\n|rule|Evasion Items Clause: Evasion items are banned\n|rule|Evasion Moves Clause: Evasion moves are banned\n|rule|Species Clause: Limit one of each Pok\u00e9mon\n|rule|Sleep Clause Mod: Limit one foe put to sleep\n|clearpoke\n|poke|p1|Charizard, F|\n|poke|p1|Torkoal, F|\n|poke|p1|Garganacl, M|\n|poke|p1|Gastrodon, M|\n|poke|p1|Ogerpon-Cornerstone, F|\n|poke|p1|Manaphy|\n|poke|p2|Latias, F|\n|poke|p2|Dragonite, M|\n|poke|p2|Milotic, F|\n|poke|p2|Excadrill, M|\n|poke|p2|Ninetales-Alola, M|\n|poke|p2|Banette, F|\n|teampreview\n|inactive|Battle timer is ON: inactive players will automatically lose when time's up. (requested by ZaochuanPomelo)\n|\n|t:|1701076729\n|start\n|switch|p1a: Ogerpon|Ogerpon-Cornerstone, F|100\/100\n|switch|p2a: Excadrill|Excadrill, M|100\/100\n|-ability|p2a: Excadrill|Mold Breaker\n|turn|1\n|\n|t:|1701076738\n|move|p1a: Ogerpon|U-turn|p2a: Excadrill\n|-resisted|p2a: Excadrill\n|-damage|p2a: Excadrill|81\/100\n|\n|t:|1701076750\n|switch|p1a: Charizard|Charizard, F|100\/100|[from] U-turn\n|move|p2a: Excadrill|Stealth Rock|p1a: Charizard\n|-sidestart|p1: Phantom 56|move: Stealth Rock\n|\n|upkeep\n|turn|2\n|\n|t:|1701076775\n|detailschange|p1a: Charizard|Charizard-Mega-Y, F\n|-mega|p1a: Charizard|Charizard|Charizardite Y\n|-weather|SunnyDay|[from] ability: Drought|[of] p1a: Charizard\n|move|p1a: Charizard|Fire Blast|p2a: Excadrill\n|-supereffective|p2a: Excadrill\n|-damage|p2a: Excadrill|0 fnt\n|faint|p2a: Excadrill\n|\n|-weather|SunnyDay|[upkeep]\n|upkeep\n|\n|t:|1701076778\n|switch|p2a: Ninetales|Ninetales-Alola, M|100\/100\n|-weather|Snow|[from] ability: Snow Warning|[of] p2a: Ninetales\n|turn|3\n|inactive|Phantom 56 has 120 seconds left.\n|\n|t:|1701076820\n|switch|p2a: Milotic|Milotic, F|100\/100\n|move|p1a: Charizard|Ancient Power|p2a: Milotic\n|-damage|p2a: Milotic|84\/100\n|\n|-weather|Snow|[upkeep]\n|upkeep\n|turn|4\n|\n|t:|1701076832\n|switch|p1a: Gastrodon|Gastrodon, M|100\/100\n|-damage|p1a: Gastrodon|94\/100|[from] Stealth Rock\n|move|p2a: Milotic|Scald|p1a: Gastrodon\n|-ability|p1a: Gastrodon|Storm Drain|boost\n|-boost|p1a: Gastrodon|spa|1\n|\n|-weather|Snow|[upkeep]\n|upkeep\n|turn|5\n|inactive|Phantom 56 has 120 seconds left.\n|\n|t:|1701076840\n|move|p2a: Milotic|Toxic|p1a: Gastrodon\n|-status|p1a: Gastrodon|tox\n|move|p1a: Gastrodon|Sludge Wave|p2a: Milotic\n|-damage|p2a: Milotic|44\/100\n|\n|-weather|Snow|[upkeep]\n|-damage|p1a: Gastrodon|88\/100 tox|[from] psn\n|upkeep\n|turn|6\n|\n|t:|1701076855\n|move|p2a: Milotic|Recover|p2a: Milotic\n|-heal|p2a: Milotic|94\/100\n|move|p1a: Gastrodon|Sludge Wave|p2a: Milotic\n|-damage|p2a: Milotic|52\/100\n|-status|p2a: Milotic|psn\n|\n|-weather|Snow|[upkeep]\n|-damage|p2a: Milotic|39\/100 psn|[from] psn\n|-damage|p1a: Gastrodon|76\/100 tox|[from] psn\n|upkeep\n|turn|7\n|inactive|Phantom 56 has 120 seconds left.\n|inactive|Phantom 56 has 90 seconds left.\n|\n|t:|1701076917\n|move|p2a: Milotic|Recover|p2a: Milotic\n|-heal|p2a: Milotic|90\/100 psn\n|move|p1a: Gastrodon|Sludge Wave|p2a: Milotic\n|-damage|p2a: Milotic|47\/100 psn\n|\n|-weather|none\n|-damage|p2a: Milotic|35\/100 psn|[from] psn\n|-damage|p1a: Gastrodon|58\/100 tox|[from] psn\n|upkeep\n|turn|8\n|\n|t:|1701076925\n|switch|p1a: Torkoal|Torkoal, F|100\/100\n|-damage|p1a: Torkoal|75\/100|[from] Stealth Rock\n|-weather|SunnyDay|[from] ability: Drought|[of] p1a: Torkoal\n|move|p2a: Milotic|Recover|p2a: Milotic\n|-heal|p2a: Milotic|85\/100 psn\n|\n|-weather|SunnyDay|[upkeep]\n|-damage|p2a: Milotic|72\/100 psn|[from] psn\n|upkeep\n|turn|9\n|inactive|Phantom 56 has 90 seconds left.\n|\n|t:|1701076932\n|move|p2a: Milotic|Toxic|p1a: Torkoal\n|-status|p1a: Torkoal|tox\n|move|p1a: Torkoal|Rapid Spin|p2a: Milotic\n|-damage|p2a: Milotic|64\/100 psn\n|-boost|p1a: Torkoal|spe|1\n|-sideend|p1: Phantom 56|Stealth Rock|[from] move: Rapid Spin|[of] p1a: Torkoal\n|\n|-weather|SunnyDay|[upkeep]\n|-damage|p2a: Milotic|52\/100 psn|[from] psn\n|-damage|p1a: Torkoal|69\/100 tox|[from] psn\n|upkeep\n|turn|10\n|\n|t:|1701076947\n|move|p2a: Milotic|Recover|p2a: Milotic\n|-heal|p2a: Milotic|100\/100 psn\n|move|p1a: Torkoal|Solar Beam||[still]\n|-prepare|p1a: Torkoal|Solar Beam\n|-anim|p1a: Torkoal|Solar Beam|p2a: Milotic\n|-supereffective|p2a: Milotic\n|-crit|p2a: Milotic\n|-damage|p2a: Milotic|51\/100 psn\n|\n|-weather|SunnyDay|[upkeep]\n|-damage|p2a: Milotic|38\/100 psn|[from] psn\n|-damage|p1a: Torkoal|57\/100 tox|[from] psn\n|upkeep\n|turn|11\n|\n|t:|1701076954\n|switch|p1a: Charizard|Charizard-Mega-Y, F|100\/100\n|move|p2a: Milotic|Recover|p2a: Milotic\n|-heal|p2a: Milotic|88\/100 psn\n|\n|-weather|SunnyDay|[upkeep]\n|-damage|p2a: Milotic|76\/100 psn|[from] psn\n|upkeep\n|turn|12\n|\n|t:|1701076967\n|move|p1a: Charizard|Solar Beam||[still]\n|-prepare|p1a: Charizard|Solar Beam\n|-anim|p1a: Charizard|Solar Beam|p2a: Milotic\n|-supereffective|p2a: Milotic\n|-damage|p2a: Milotic|8\/100 psn\n|move|p2a: Milotic|Toxic|p1a: Charizard\n|-status|p1a: Charizard|tox\n|\n|-weather|SunnyDay|[upkeep]\n|-damage|p1a: Charizard|94\/100 tox|[from] psn\n|-damage|p2a: Milotic|0 fnt|[from] psn\n|faint|p2a: Milotic\n|upkeep\n|\n|t:|1701076972\n|switch|p2a: Ninetales|Ninetales-Alola, M|100\/100\n|-weather|Snow|[from] ability: Snow Warning|[of] p2a: Ninetales\n|turn|13\n|\n|t:|1701076980\n|switch|p1a: Torkoal|Torkoal, F|57\/100 tox\n|-weather|SunnyDay|[from] ability: Drought|[of] p1a: Torkoal\n|move|p2a: Ninetales|Aurora Veil||[still]\n|-fail|p2a: Ninetales\n|\n|-weather|SunnyDay|[upkeep]\n|-damage|p1a: Torkoal|51\/100 tox|[from] psn\n|upkeep\n|turn|14\n|\n|t:|1701076997\n|switch|p2a: Banette|Banette, F|100\/100\n|move|p1a: Torkoal|Stealth Rock|p2a: Banette\n|-sidestart|p2: ZaochuanPomelo|move: Stealth Rock\n|\n|-weather|SunnyDay|[upkeep]\n|-damage|p1a: Torkoal|39\/100 tox|[from] psn\n|upkeep\n|turn|15\n|\n|t:|1701077004\n|detailschange|p2a: Banette|Banette-Mega, F\n|-mega|p2a: Banette|Banette|Banettite\n|move|p2a: Banette|Encore|p1a: Torkoal\n|-start|p1a: Torkoal|Encore\n|move|p1a: Torkoal|Stealth Rock||[still]\n|-fail|p1a: Torkoal\n|\n|-weather|SunnyDay|[upkeep]\n|-damage|p1a: Torkoal|21\/100 tox|[from] psn\n|upkeep\n|turn|16\n|\n|t:|1701077016\n|switch|p1a: Ogerpon|Ogerpon-Cornerstone, F|100\/100\n|move|p2a: Banette|Poltergeist|p1a: Ogerpon\n|-activate|p1a: Ogerpon|move: Poltergeist|Cornerstone Mask\n|-ability|p1a: Ogerpon|Sturdy\n|-damage|p1a: Ogerpon|1\/100\n|\n|-weather|SunnyDay|[upkeep]\n|upkeep\n|turn|17\n|\n|t:|1701077027\n|move|p2a: Banette|Shadow Sneak|p1a: Ogerpon\n|-damage|p1a: Ogerpon|0 fnt\n|faint|p1a: Ogerpon\n|\n|-weather|SunnyDay|[upkeep]\n|upkeep\n|\n|t:|1701077036\n|switch|p1a: Garganacl|Garganacl, M|100\/100\n|turn|18\n|\n|t:|1701077047\n|move|p2a: Banette|Poltergeist|p1a: Garganacl\n|-activate|p1a: Garganacl|move: Poltergeist|Leftovers\n|-damage|p1a: Garganacl|80\/100\n|move|p1a: Garganacl|Curse|p1a: Garganacl\n|-unboost|p1a: Garganacl|spe|1\n|-boost|p1a: Garganacl|atk|1\n|-boost|p1a: Garganacl|def|1\n|\n|-weather|SunnyDay|[upkeep]\n|-heal|p1a: Garganacl|87\/100|[from] item: Leftovers\n|upkeep\n|turn|19\n|\n|t:|1701077059\n|move|p2a: Banette|Encore|p1a: Garganacl\n|-start|p1a: Garganacl|Encore\n|move|p1a: Garganacl|Curse|p1a: Garganacl\n|-unboost|p1a: Garganacl|spe|1\n|-boost|p1a: Garganacl|atk|1\n|-boost|p1a: Garganacl|def|1\n|\n|-weather|SunnyDay|[upkeep]\n|-heal|p1a: Garganacl|93\/100|[from] item: Leftovers\n|upkeep\n|turn|20\n|\n|t:|1701077063\n|switch|p2a: Latias|Latias, F|100\/100\n|-damage|p2a: Latias|88\/100|[from] Stealth Rock\n|move|p1a: Garganacl|Curse|p1a: Garganacl\n|-unboost|p1a: Garganacl|spe|1\n|-boost|p1a: Garganacl|atk|1\n|-boost|p1a: Garganacl|def|1\n|\n|-weather|none\n|-heal|p2a: Latias|94\/100|[from] item: Leftovers\n|-heal|p1a: Garganacl|99\/100|[from] item: Leftovers\n|upkeep\n|turn|21\n|\n|t:|1701077079\n|switch|p1a: Torkoal|Torkoal, F|21\/100 tox\n|-weather|SunnyDay|[from] ability: Drought|[of] p1a: Torkoal\n|move|p2a: Latias|Calm Mind|p2a: Latias\n|-boost|p2a: Latias|spa|1\n|-boost|p2a: Latias|spd|1\n|\n|-weather|SunnyDay|[upkeep]\n|-heal|p2a: Latias|99\/100|[from] item: Leftovers\n|-damage|p1a: Torkoal|14\/100 tox|[from] psn\n|upkeep\n|turn|22\n|\n|t:|1701077104\n|-terastallize|p2a: Latias|Poison\n|move|p2a: Latias|Calm Mind|p2a: Latias\n|-boost|p2a: Latias|spa|1\n|-boost|p2a: Latias|spd|1\n|move|p1a: Torkoal|Weather Ball|p2a: Latias\n|-damage|p2a: Latias|81\/100\n|\n|-weather|SunnyDay|[upkeep]\n|-heal|p2a: Latias|87\/100|[from] item: Leftovers\n|-damage|p1a: Torkoal|2\/100 tox|[from] psn\n|upkeep\n|turn|23\n|\n|t:|1701077122\n|move|p2a: Latias|Calm Mind|p2a: Latias\n|-boost|p2a: Latias|spa|1\n|-boost|p2a: Latias|spd|1\n|move|p1a: Torkoal|Weather Ball|p2a: Latias\n|-damage|p2a: Latias|73\/100\n|\n|-weather|SunnyDay|[upkeep]\n|-heal|p2a: Latias|79\/100|[from] item: Leftovers\n|-damage|p1a: Torkoal|0 fnt|[from] psn\n|faint|p1a: Torkoal\n|upkeep\n|inactive|Phantom 56 has 120 seconds left.\n|\n|t:|1701077138\n|switch|p1a: Garganacl|Garganacl, M|99\/100\n|turn|24\n|\n|t:|1701077146\n|move|p2a: Latias|Aura Sphere|p1a: Garganacl\n|-supereffective|p1a: Garganacl\n|-damage|p1a: Garganacl|0 fnt\n|faint|p1a: Garganacl\n|\n|-weather|SunnyDay|[upkeep]\n|-heal|p2a: Latias|85\/100|[from] item: Leftovers\n|upkeep\n|\n|t:|1701077151\n|switch|p1a: Manaphy|Manaphy|100\/100\n|turn|25\n|\n|t:|1701077160\n|-terastallize|p1a: Manaphy|Water\n|move|p2a: Latias|Calm Mind|p2a: Latias\n|-boost|p2a: Latias|spa|1\n|-boost|p2a: Latias|spd|1\n|move|p1a: Manaphy|Heart Swap|p2a: Latias\n|-swapboost|p1a: Manaphy|p2a: Latias|[from] move: Heart Swap\n|\n|-weather|SunnyDay|[upkeep]\n|-heal|p2a: Latias|91\/100|[from] item: Leftovers\n|upkeep\n|turn|26\n|\n|t:|1701077181\n|move|p2a: Latias|Aura Sphere|p1a: Manaphy\n|-damage|p1a: Manaphy|93\/100\n|move|p1a: Manaphy|Hydro Pump|p2a: Latias|[miss]\n|-miss|p1a: Manaphy|p2a: Latias\n|\n|-weather|SunnyDay|[upkeep]\n|-heal|p2a: Latias|97\/100|[from] item: Leftovers\n|upkeep\n|turn|27\n|\n|t:|1701077193\n|move|p2a: Latias|Calm Mind|p2a: Latias\n|-boost|p2a: Latias|spa|1\n|-boost|p2a: Latias|spd|1\n|move|p1a: Manaphy|Hydro Pump|p2a: Latias\n|-damage|p2a: Latias|46\/100\n|\n|-weather|SunnyDay|[upkeep]\n|-heal|p2a: Latias|52\/100|[from] item: Leftovers\n|upkeep\n|turn|28\n|\n|t:|1701077200\n|move|p2a: Latias|Roost|p2a: Latias\n|-heal|p2a: Latias|100\/100\n|move|p1a: Manaphy|Ice Beam|p2a: Latias\n|-damage|p2a: Latias|59\/100\n|\n|-weather|none\n|-heal|p2a: Latias|65\/100|[from] item: Leftovers\n|upkeep\n|turn|29\n|\n|t:|1701077209\n|move|p2a: Latias|Roost|p2a: Latias\n|-heal|p2a: Latias|100\/100\n|move|p1a: Manaphy|Hydro Pump|p2a: Latias\n|-damage|p2a: Latias|6\/100\n|\n|-heal|p2a: Latias|12\/100|[from] item: Leftovers\n|upkeep\n|turn|30\n|\n|t:|1701077215\n|move|p2a: Latias|Stored Power|p1a: Manaphy\n|-damage|p1a: Manaphy|81\/100\n|move|p1a: Manaphy|Hydro Pump|p2a: Latias|[miss]\n|-miss|p1a: Manaphy|p2a: Latias\n|\n|-heal|p2a: Latias|18\/100|[from] item: Leftovers\n|upkeep\n|turn|31\n|\n|t:|1701077221\n|move|p2a: Latias|Stored Power|p1a: Manaphy\n|-damage|p1a: Manaphy|70\/100\n|move|p1a: Manaphy|Hydro Pump|p2a: Latias\n|-damage|p2a: Latias|0 fnt\n|faint|p2a: Latias\n|\n|upkeep\n|\n|t:|1701077224\n|switch|p2a: Banette|Banette-Mega, F|100\/100\n|-damage|p2a: Banette|88\/100|[from] Stealth Rock\n|turn|32\n|\n|t:|1701077234\n|move|p2a: Banette|Destiny Bond|p2a: Banette\n|-singlemove|p2a: Banette|Destiny Bond\n|move|p1a: Manaphy|Ice Beam|p2a: Banette\n|-damage|p2a: Banette|0 fnt\n|faint|p2a: Banette\n|-activate|p2a: Banette|move: Destiny Bond\n|faint|p1a: Manaphy\n|\n|upkeep\n|\n|t:|1701077245\n|switch|p1a: Charizard|Charizard-Mega-Y, F|94\/100 tox\n|switch|p2a: Ninetales|Ninetales-Alola, M|100\/100\n|-damage|p2a: Ninetales|76\/100|[from] Stealth Rock\n|-weather|Snow|[from] ability: Snow Warning|[of] p2a: Ninetales\n|-weather|SunnyDay|[from] ability: Drought|[of] p1a: Charizard\n|turn|33\n|\n|t:|1701077255\n|switch|p2a: Dragonite|Dragonite, M|100\/100\n|-damage|p2a: Dragonite|76\/100|[from] Stealth Rock\n|move|p1a: Charizard|Dragon Pulse|p2a: Dragonite\n|-supereffective|p2a: Dragonite\n|-damage|p2a: Dragonite|2\/100\n|\n|-weather|SunnyDay|[upkeep]\n|-damage|p1a: Charizard|88\/100 tox|[from] psn\n|upkeep\n|turn|34\n|\n|t:|1701077261\n|move|p2a: Dragonite|Extreme Speed|p1a: Charizard\n|-damage|p1a: Charizard|43\/100 tox\n|move|p1a: Charizard|Ancient Power|p2a: Dragonite\n|-supereffective|p2a: Dragonite\n|-damage|p2a: Dragonite|0 fnt\n|faint|p2a: Dragonite\n|\n|-weather|SunnyDay|[upkeep]\n|-damage|p1a: Charizard|31\/100 tox|[from] psn\n|upkeep\n|\n|t:|1701077263\n|switch|p2a: Ninetales|Ninetales-Alola, M|76\/100\n|-damage|p2a: Ninetales|51\/100|[from] Stealth Rock\n|-weather|Snow|[from] ability: Snow Warning|[of] p2a: Ninetales\n|turn|35\n|\n|t:|1701077270\n|switch|p1a: Gastrodon|Gastrodon, M|58\/100 tox\n|move|p2a: Ninetales|Aurora Veil|p2a: Ninetales\n|-sidestart|p2: ZaochuanPomelo|move: Aurora Veil\n|\n|-weather|Snow|[upkeep]\n|-damage|p1a: Gastrodon|52\/100 tox|[from] psn\n|upkeep\n|turn|36\n|inactive|Phantom 56 has 120 seconds left.\n|\n|t:|1701077320\n|move|p2a: Ninetales|Safeguard|p2a: Ninetales\n|-sidestart|p2: ZaochuanPomelo|Safeguard\n|move|p1a: Gastrodon|Sludge Wave|p2a: Ninetales\n|-supereffective|p2a: Ninetales\n|-damage|p2a: Ninetales|7\/100\n|\n|-weather|Snow|[upkeep]\n|-damage|p1a: Gastrodon|39\/100 tox|[from] psn\n|upkeep\n|turn|37\n|\n|t:|1701077326\n|move|p2a: Ninetales|Freeze-Dry|p1a: Gastrodon\n|-supereffective|p1a: Gastrodon\n|-damage|p1a: Gastrodon|0 fnt\n|faint|p1a: Gastrodon\n|\n|-weather|Snow|[upkeep]\n|upkeep\n|\n|t:|1701077330\n|switch|p1a: Charizard|Charizard-Mega-Y, F|31\/100 tox\n|-weather|SunnyDay|[from] ability: Drought|[of] p1a: Charizard\n|turn|38\n|\n|t:|1701077334\n|move|p2a: Ninetales|Freeze-Dry|p1a: Charizard\n|-damage|p1a: Charizard|9\/100 tox\n|move|p1a: Charizard|Fire Blast|p2a: Ninetales\n|-supereffective|p2a: Ninetales\n|-damage|p2a: Ninetales|0 fnt\n|faint|p2a: Ninetales\n|\n|win|Phantom 56\n|raw|Phantom 56's rating: 1255 &rarr; <strong>1274<\/strong><br \/>(+19 for winning)\n|raw|ZaochuanPomelo's rating: 1174 &rarr; <strong>1155<\/strong><br \/>(-19 for losing)\n|l|\u2606ZaochuanPomelo\n|c|\u2606Phantom 56|gg\n","uploadtime":1701077348,"views":10,"p1id":"phantom56","p2id":"zaochuanpomelo","formatid":"gen9nationaldex","rating":1155,"private":0,"password":""}