{"id":"gen9nationaldex-1998756849","p1":"Fuirdec","p2":"bu wei chen chen","format":"[Gen 9] National Dex","log":"|html|<div class=\"broadcast-blue\"><strong>[Gen 9] National Dex is currently suspecting Sneasler! For information on how to participate check out the <a href=\"https:\/\/www.smogon.com\/forums\/threads\/sv-national-dex-suspect-8-just-dance.3731534\/\">suspect thread<\/a>.<\/strong><\/div>\n|j|\u2606Fuirdec\n|j|\u2606bu wei chen chen\n|t:|1700984406\n|gametype|singles\n|player|p1|Fuirdec|preschoolerf|1347\n|player|p2|bu wei chen chen|dawn|1420\n|teamsize|p1|6\n|teamsize|p2|6\n|gen|9\n|tier|[Gen 9] National Dex\n|rated|\n|rule|HP Percentage Mod: HP is shown in percentages\n|rule|Endless Battle Clause: Forcing endless battles is banned\n|rule|OHKO Clause: OHKO moves are banned\n|rule|Evasion Clause: Evasion abilities, items, and moves are banned\n|rule|Evasion Abilities Clause: Evasion abilities are banned\n|rule|Evasion Items Clause: Evasion items are banned\n|rule|Evasion Moves Clause: Evasion moves are banned\n|rule|Species Clause: Limit one of each Pok\u00e9mon\n|rule|Sleep Clause Mod: Limit one foe put to sleep\n|clearpoke\n|poke|p1|Dondozo, M|\n|poke|p1|Blissey, F|\n|poke|p1|Toxapex, M|\n|poke|p1|Clodsire, M|\n|poke|p1|Corviknight, M|\n|poke|p1|Sableye, F|\n|poke|p2|Garchomp, M|\n|poke|p2|Ferrothorn, F|\n|poke|p2|Lopunny, F|\n|poke|p2|Moltres|\n|poke|p2|Slowking-Galar, M|\n|poke|p2|Greninja-*, M|\n|teampreview\n|inactive|Battle timer is ON: inactive players will automatically lose when time's up. (requested by Fuirdec)\n|\n|t:|1700984425\n|start\n|switch|p1a: \u522b\u6253\u6211\u5440|Toxapex, M|100\/100\n|switch|p2a: \u5154\u5154\u6f14\u5458|Lopunny, F|100\/100\n|turn|1\n|\n|t:|1700984433\n|detailschange|p2a: \u5154\u5154\u6f14\u5458|Lopunny-Mega, F\n|-mega|p2a: \u5154\u5154\u6f14\u5458|Lopunny|Lopunnite\n|move|p2a: \u5154\u5154\u6f14\u5458|Fake Out|p1a: \u522b\u6253\u6211\u5440\n|-damage|p1a: \u522b\u6253\u6211\u5440|84\/100\n|-damage|p2a: \u5154\u5154\u6f14\u5458|84\/100|[from] item: Rocky Helmet|[of] p1a: \u522b\u6253\u6211\u5440\n|cant|p1a: \u522b\u6253\u6211\u5440|flinch\n|\n|upkeep\n|turn|2\n|\n|t:|1700984446\n|switch|p2a: \u575a\u679c\u5899|Ferrothorn, F|100\/100\n|move|p1a: \u522b\u6253\u6211\u5440|Toxic Spikes|p2a: \u575a\u679c\u5899\n|-sidestart|p2: bu wei chen chen|move: Toxic Spikes\n|\n|upkeep\n|turn|3\n|\n|t:|1700984453\n|move|p1a: \u522b\u6253\u6211\u5440|Toxic Spikes|p2a: \u575a\u679c\u5899\n|-sidestart|p2: bu wei chen chen|move: Toxic Spikes\n|move|p2a: \u575a\u679c\u5899|Leech Seed|p1a: \u522b\u6253\u6211\u5440\n|-start|p1a: \u522b\u6253\u6211\u5440|move: Leech Seed\n|\n|-damage|p1a: \u522b\u6253\u6211\u5440|71\/100|[from] Leech Seed|[of] p2a: \u575a\u679c\u5899\n|upkeep\n|turn|4\n|\n|t:|1700984456\n|switch|p1a: Sableye|Sableye, F|100\/100\n|move|p2a: \u575a\u679c\u5899|Thunder Wave|p1a: Sableye\n|-status|p1a: Sableye|par\n|\n|upkeep\n|turn|5\n|\n|t:|1700984475\n|switch|p2a: \u5427\u4e3b\u4e01|Slowking-Galar, M|100\/100\n|-sideend|p2: bu wei chen chen|move: Toxic Spikes|[of] p2a: \u5427\u4e3b\u4e01\n|detailschange|p1a: Sableye|Sableye-Mega, F\n|-mega|p1a: Sableye|Sableye|Sablenite\n|cant|p1a: Sableye|par\n|\n|upkeep\n|turn|6\n|\n|t:|1700984490\n|move|p2a: \u5427\u4e3b\u4e01|Chilly Reception|p2a: \u5427\u4e3b\u4e01\n|-weather|Snow\n|\n|t:|1700984502\n|switch|p2a: \u76f8\u4fe1\u6211\uff0c\u8fd9\u662f\u9633\u95f4\u5730\u9f99~|Garchomp, M|100\/100|[from] Chilly Reception\n|move|p1a: Sableye|Knock Off|p2a: \u76f8\u4fe1\u6211\uff0c\u8fd9\u662f\u9633\u95f4\u5730\u9f99~\n|-damage|p2a: \u76f8\u4fe1\u6211\uff0c\u8fd9\u662f\u9633\u95f4\u5730\u9f99~|81\/100\n|-damage|p1a: Sableye|88\/100 par|[from] ability: Rough Skin|[of] p2a: \u76f8\u4fe1\u6211\uff0c\u8fd9\u662f\u9633\u95f4\u5730\u9f99~\n|\n|-weather|Snow|[upkeep]\n|upkeep\n|turn|7\n|\n|t:|1700984512\n|-zpower|p2a: \u76f8\u4fe1\u6211\uff0c\u8fd9\u662f\u9633\u95f4\u5730\u9f99~\n|move|p2a: \u76f8\u4fe1\u6211\uff0c\u8fd9\u662f\u9633\u95f4\u5730\u9f99~|Devastating Drake|p1a: Sableye|[zeffect]\n|-damage|p1a: Sableye|0 fnt\n|faint|p1a: Sableye\n|\n|-weather|Snow|[upkeep]\n|upkeep\n|\n|t:|1700984519\n|switch|p1a: \u9e1f|Corviknight, M|100\/100\n|-ability|p1a: \u9e1f|Pressure\n|turn|8\n|\n|t:|1700984525\n|move|p2a: \u76f8\u4fe1\u6211\uff0c\u8fd9\u662f\u9633\u95f4\u5730\u9f99~|Stealth Rock|p1a: \u9e1f\n|-sidestart|p1: Fuirdec|move: Stealth Rock\n|move|p1a: \u9e1f|Iron Defense|p1a: \u9e1f\n|-boost|p1a: \u9e1f|def|2\n|\n|-weather|Snow|[upkeep]\n|upkeep\n|turn|9\n|\n|t:|1700984532\n|switch|p2a: Mega\u706b\u7130\u9e21|Moltres|100\/100\n|move|p1a: \u9e1f|Iron Defense|p1a: \u9e1f\n|-boost|p1a: \u9e1f|def|2\n|\n|-weather|Snow|[upkeep]\n|upkeep\n|turn|10\n|\n|t:|1700984540\n|-terastallize|p1a: \u9e1f|Dragon\n|move|p2a: Mega\u706b\u7130\u9e21|Flamethrower|p1a: \u9e1f\n|-resisted|p1a: \u9e1f\n|-damage|p1a: \u9e1f|82\/100\n|move|p1a: \u9e1f|Iron Defense|p1a: \u9e1f\n|-boost|p1a: \u9e1f|def|2\n|\n|-weather|none\n|-heal|p1a: \u9e1f|88\/100|[from] item: Leftovers\n|upkeep\n|turn|11\n|c|\u2606bu wei chen chen|\u597d\u540d\u5b57\n|\n|t:|1700984554\n|move|p2a: Mega\u706b\u7130\u9e21|Scorching Sands|p1a: \u9e1f\n|-damage|p1a: \u9e1f|71\/100\n|move|p1a: \u9e1f|Body Press|p2a: Mega\u706b\u7130\u9e21\n|-resisted|p2a: Mega\u706b\u7130\u9e21\n|-damage|p2a: Mega\u706b\u7130\u9e21|63\/100\n|\n|-heal|p1a: \u9e1f|77\/100|[from] item: Leftovers\n|upkeep\n|turn|12\n|\n|t:|1700984561\n|move|p2a: Mega\u706b\u7130\u9e21|Scorching Sands|p1a: \u9e1f\n|-damage|p1a: \u9e1f|57\/100\n|move|p1a: \u9e1f|Body Press|p2a: Mega\u706b\u7130\u9e21\n|-resisted|p2a: Mega\u706b\u7130\u9e21\n|-damage|p2a: Mega\u706b\u7130\u9e21|29\/100\n|\n|-heal|p1a: \u9e1f|63\/100|[from] item: Leftovers\n|upkeep\n|turn|13\n|\n|t:|1700984567\n|move|p2a: Mega\u706b\u7130\u9e21|Roost|p2a: Mega\u706b\u7130\u9e21\n|-heal|p2a: Mega\u706b\u7130\u9e21|79\/100\n|-singleturn|p2a: Mega\u706b\u7130\u9e21|move: Roost\n|move|p1a: \u9e1f|Roost|p1a: \u9e1f\n|-heal|p1a: \u9e1f|100\/100\n|\n|upkeep\n|turn|14\n|\n|t:|1700984573\n|move|p2a: Mega\u706b\u7130\u9e21|Scorching Sands|p1a: \u9e1f\n|-damage|p1a: \u9e1f|82\/100\n|move|p1a: \u9e1f|Defog|p2a: Mega\u706b\u7130\u9e21\n|-unboost|p2a: Mega\u706b\u7130\u9e21|evasion|1\n|-sideend|p1: Fuirdec|Stealth Rock|[from] move: Defog|[of] p1a: \u9e1f\n|\n|-heal|p1a: \u9e1f|88\/100|[from] item: Leftovers\n|upkeep\n|turn|15\n|\n|t:|1700984579\n|move|p2a: Mega\u706b\u7130\u9e21|Scorching Sands|p1a: \u9e1f\n|-damage|p1a: \u9e1f|68\/100\n|move|p1a: \u9e1f|Body Press|p2a: Mega\u706b\u7130\u9e21\n|-resisted|p2a: Mega\u706b\u7130\u9e21\n|-damage|p2a: Mega\u706b\u7130\u9e21|44\/100\n|\n|-heal|p1a: \u9e1f|75\/100|[from] item: Leftovers\n|upkeep\n|turn|16\n|\n|t:|1700984588\n|move|p2a: Mega\u706b\u7130\u9e21|Roost|p2a: Mega\u706b\u7130\u9e21\n|-heal|p2a: Mega\u706b\u7130\u9e21|94\/100\n|-singleturn|p2a: Mega\u706b\u7130\u9e21|move: Roost\n|move|p1a: \u9e1f|Body Press|p2a: Mega\u706b\u7130\u9e21\n|-damage|p2a: Mega\u706b\u7130\u9e21|21\/100\n|\n|-heal|p1a: \u9e1f|81\/100|[from] item: Leftovers\n|upkeep\n|turn|17\n|\n|t:|1700984595\n|move|p2a: Mega\u706b\u7130\u9e21|Scorching Sands|p1a: \u9e1f\n|-damage|p1a: \u9e1f|62\/100\n|move|p1a: \u9e1f|Body Press|p2a: Mega\u706b\u7130\u9e21\n|-resisted|p2a: Mega\u706b\u7130\u9e21\n|-damage|p2a: Mega\u706b\u7130\u9e21|0 fnt\n|faint|p2a: Mega\u706b\u7130\u9e21\n|\n|-heal|p1a: \u9e1f|69\/100|[from] item: Leftovers\n|upkeep\n|\n|t:|1700984605\n|switch|p2a: \u5427\u4e3b\u4e01|Slowking-Galar, M|100\/100\n|turn|18\n|\n|t:|1700984611\n|move|p1a: \u9e1f|Body Press|p2a: \u5427\u4e3b\u4e01\n|-resisted|p2a: \u5427\u4e3b\u4e01\n|-crit|p2a: \u5427\u4e3b\u4e01\n|-damage|p2a: \u5427\u4e3b\u4e01|56\/100\n|move|p2a: \u5427\u4e3b\u4e01|Chilly Reception|p2a: \u5427\u4e3b\u4e01\n|-weather|Snow\n|\n|t:|1700984615\n|switch|p2a: \u80be\u865a\u9752\u86d9|Greninja, M|100\/100|[from] Chilly Reception\n|\n|-weather|Snow|[upkeep]\n|-heal|p1a: \u9e1f|75\/100|[from] item: Leftovers\n|upkeep\n|turn|19\n|\n|t:|1700984618\n|move|p2a: \u80be\u865a\u9752\u86d9|Blizzard|p1a: \u9e1f\n|-supereffective|p1a: \u9e1f\n|-damage|p1a: \u9e1f|0 fnt\n|faint|p1a: \u9e1f\n|-ability|p2a: \u80be\u865a\u9752\u86d9|Battle Bond|boost\n|-boost|p2a: \u80be\u865a\u9752\u86d9|atk|1\n|-boost|p2a: \u80be\u865a\u9752\u86d9|spa|1\n|-boost|p2a: \u80be\u865a\u9752\u86d9|spe|1\n|-activate|p2a: \u80be\u865a\u9752\u86d9|ability: Battle Bond\n|-damage|p2a: \u80be\u865a\u9752\u86d9|91\/100|[from] item: Life Orb\n|\n|-weather|Snow|[upkeep]\n|upkeep\n|\n|t:|1700984623\n|switch|p1a: Dondozo|Dondozo, M|100\/100\n|turn|20\n|\n|t:|1700984641\n|switch|p2a: \u575a\u679c\u5899|Ferrothorn, F|100\/100\n|move|p1a: Dondozo|Curse|p1a: Dondozo\n|-unboost|p1a: Dondozo|spe|1\n|-boost|p1a: Dondozo|atk|1\n|-boost|p1a: Dondozo|def|1\n|\n|-weather|Snow|[upkeep]\n|upkeep\n|turn|21\n|\n|t:|1700984647\n|move|p2a: \u575a\u679c\u5899|Leech Seed|p1a: Dondozo\n|-start|p1a: Dondozo|move: Leech Seed\n|move|p1a: Dondozo|Curse|p1a: Dondozo\n|-unboost|p1a: Dondozo|spe|1\n|-boost|p1a: Dondozo|atk|1\n|-boost|p1a: Dondozo|def|1\n|\n|-weather|Snow|[upkeep]\n|-damage|p1a: Dondozo|88\/100|[from] Leech Seed|[of] p2a: \u575a\u679c\u5899\n|upkeep\n|turn|22\n|\n|t:|1700984650\n|move|p2a: \u575a\u679c\u5899|Thunder Wave|p1a: Dondozo\n|-status|p1a: Dondozo|par\n|move|p1a: Dondozo|Curse|p1a: Dondozo\n|-unboost|p1a: Dondozo|spe|1\n|-boost|p1a: Dondozo|atk|1\n|-boost|p1a: Dondozo|def|1\n|\n|-weather|none\n|-heal|p1a: Dondozo|94\/100 par|[from] item: Leftovers\n|-damage|p1a: Dondozo|82\/100 par|[from] Leech Seed|[of] p2a: \u575a\u679c\u5899\n|upkeep\n|turn|23\n|\n|t:|1700984658\n|move|p2a: \u575a\u679c\u5899|Knock Off|p1a: Dondozo\n|-crit|p1a: Dondozo\n|-damage|p1a: Dondozo|69\/100 par\n|-enditem|p1a: Dondozo|Leftovers|[from] move: Knock Off|[of] p2a: \u575a\u679c\u5899\n|move|p1a: Dondozo|Curse|p1a: Dondozo\n|-unboost|p1a: Dondozo|spe|1\n|-boost|p1a: Dondozo|atk|1\n|-boost|p1a: Dondozo|def|1\n|\n|-damage|p1a: Dondozo|56\/100 par|[from] Leech Seed|[of] p2a: \u575a\u679c\u5899\n|upkeep\n|turn|24\n|\n|t:|1700984671\n|switch|p2a: \u5427\u4e3b\u4e01|Slowking-Galar, M|90\/100\n|move|p1a: Dondozo|Body Press|p2a: \u5427\u4e3b\u4e01\n|-resisted|p2a: \u5427\u4e3b\u4e01\n|-damage|p2a: \u5427\u4e3b\u4e01|69\/100\n|\n|-damage|p1a: Dondozo|44\/100 par|[from] Leech Seed|[of] p2a: \u5427\u4e3b\u4e01\n|-heal|p2a: \u5427\u4e3b\u4e01|85\/100|[silent]\n|upkeep\n|turn|25\n|\n|t:|1700984683\n|move|p2a: \u5427\u4e3b\u4e01|Future Sight|p1a: Dondozo\n|-start|p2a: \u5427\u4e3b\u4e01|move: Future Sight\n|move|p1a: Dondozo|Waterfall|p2a: \u5427\u4e3b\u4e01\n|-damage|p2a: \u5427\u4e3b\u4e01|0 fnt\n|faint|p2a: \u5427\u4e3b\u4e01\n|\n|upkeep\n|\n|t:|1700984688\n|switch|p2a: \u5154\u5154\u6f14\u5458|Lopunny-Mega, F|84\/100\n|turn|26\n|\n|t:|1700984694\n|move|p2a: \u5154\u5154\u6f14\u5458|Fake Out|p1a: Dondozo\n|-damage|p1a: Dondozo|40\/100 par\n|cant|p1a: Dondozo|flinch\n|\n|-damage|p1a: Dondozo|28\/100 par|[from] Leech Seed|[of] p2a: \u5154\u5154\u6f14\u5458\n|-heal|p2a: \u5154\u5154\u6f14\u5458|100\/100|[silent]\n|upkeep\n|turn|27\n|\n|t:|1700984713\n|move|p2a: \u5154\u5154\u6f14\u5458|U-turn|p1a: Dondozo\n|-damage|p1a: Dondozo|25\/100 par\n|\n|t:|1700984716\n|switch|p2a: \u575a\u679c\u5899|Ferrothorn, F|100\/100|[from] U-turn\n|move|p1a: Dondozo|Rest|p1a: Dondozo\n|-status|p1a: Dondozo|slp|[from] move: Rest\n|-heal|p1a: Dondozo|100\/100 slp|[silent]\n|\n|-end|p1a: Dondozo|move: Future Sight\n|-damage|p1a: Dondozo|61\/100 slp\n|-damage|p1a: Dondozo|49\/100 slp|[from] Leech Seed|[of] p2a: \u575a\u679c\u5899\n|upkeep\n|turn|28\n|\n|t:|1700984732\n|switch|p2a: \u80be\u865a\u9752\u86d9|Greninja, M|91\/100\n|cant|p1a: Dondozo|slp\n|\n|-damage|p1a: Dondozo|36\/100 slp|[from] Leech Seed|[of] p2a: \u80be\u865a\u9752\u86d9\n|-heal|p2a: \u80be\u865a\u9752\u86d9|100\/100|[silent]\n|upkeep\n|turn|29\n|\n|t:|1700984736\n|move|p2a: \u80be\u865a\u9752\u86d9|Dark Pulse|p1a: Dondozo\n|-damage|p1a: Dondozo|0 fnt\n|faint|p1a: Dondozo\n|-damage|p2a: \u80be\u865a\u9752\u86d9|91\/100|[from] item: Life Orb\n|\n|upkeep\n|\n|t:|1700984739\n|switch|p1a: \u6211\u662f\u4e2d\u8f6c\u5440|Blissey, F|100\/100\n|turn|30\n|\n|t:|1700984745\n|switch|p2a: \u575a\u679c\u5899|Ferrothorn, F|100\/100\n|move|p1a: \u6211\u662f\u4e2d\u8f6c\u5440|Toxic|p2a: \u575a\u679c\u5899\n|-immune|p2a: \u575a\u679c\u5899\n|\n|upkeep\n|turn|31\n|\n|t:|1700984754\n|move|p1a: \u6211\u662f\u4e2d\u8f6c\u5440|Protect|p1a: \u6211\u662f\u4e2d\u8f6c\u5440\n|-singleturn|p1a: \u6211\u662f\u4e2d\u8f6c\u5440|Protect\n|move|p2a: \u575a\u679c\u5899|Leech Seed|p1a: \u6211\u662f\u4e2d\u8f6c\u5440\n|-activate|p1a: \u6211\u662f\u4e2d\u8f6c\u5440|move: Protect\n|\n|upkeep\n|turn|32\n|\n|t:|1700984763\n|switch|p1a: \u522b\u6253\u6211\u5440|Toxapex, M|100\/100\n|move|p2a: \u575a\u679c\u5899|Leech Seed|p1a: \u522b\u6253\u6211\u5440\n|-start|p1a: \u522b\u6253\u6211\u5440|move: Leech Seed\n|\n|-damage|p1a: \u522b\u6253\u6211\u5440|88\/100|[from] Leech Seed|[of] p2a: \u575a\u679c\u5899\n|upkeep\n|turn|33\n|\n|t:|1700984778\n|switch|p2a: \u76f8\u4fe1\u6211\uff0c\u8fd9\u662f\u9633\u95f4\u5730\u9f99~|Garchomp, M|81\/100\n|move|p1a: \u522b\u6253\u6211\u5440|Toxic Spikes|p2a: \u76f8\u4fe1\u6211\uff0c\u8fd9\u662f\u9633\u95f4\u5730\u9f99~\n|-sidestart|p2: bu wei chen chen|move: Toxic Spikes\n|\n|-damage|p1a: \u522b\u6253\u6211\u5440|75\/100|[from] Leech Seed|[of] p2a: \u76f8\u4fe1\u6211\uff0c\u8fd9\u662f\u9633\u95f4\u5730\u9f99~\n|-heal|p2a: \u76f8\u4fe1\u6211\uff0c\u8fd9\u662f\u9633\u95f4\u5730\u9f99~|92\/100|[silent]\n|upkeep\n|turn|34\n|\n|t:|1700984788\n|move|p2a: \u76f8\u4fe1\u6211\uff0c\u8fd9\u662f\u9633\u95f4\u5730\u9f99~|Swords Dance|p2a: \u76f8\u4fe1\u6211\uff0c\u8fd9\u662f\u9633\u95f4\u5730\u9f99~\n|-boost|p2a: \u76f8\u4fe1\u6211\uff0c\u8fd9\u662f\u9633\u95f4\u5730\u9f99~|atk|2\n|move|p1a: \u522b\u6253\u6211\u5440|Scald|p2a: \u76f8\u4fe1\u6211\uff0c\u8fd9\u662f\u9633\u95f4\u5730\u9f99~\n|-damage|p2a: \u76f8\u4fe1\u6211\uff0c\u8fd9\u662f\u9633\u95f4\u5730\u9f99~|73\/100\n|-status|p2a: \u76f8\u4fe1\u6211\uff0c\u8fd9\u662f\u9633\u95f4\u5730\u9f99~|brn\n|\n|-damage|p1a: \u522b\u6253\u6211\u5440|63\/100|[from] Leech Seed|[of] p2a: \u76f8\u4fe1\u6211\uff0c\u8fd9\u662f\u9633\u95f4\u5730\u9f99~\n|-heal|p2a: \u76f8\u4fe1\u6211\uff0c\u8fd9\u662f\u9633\u95f4\u5730\u9f99~|84\/100 brn|[silent]\n|-damage|p2a: \u76f8\u4fe1\u6211\uff0c\u8fd9\u662f\u9633\u95f4\u5730\u9f99~|78\/100 brn|[from] brn\n|upkeep\n|turn|35\n|\n|t:|1700984793\n|move|p2a: \u76f8\u4fe1\u6211\uff0c\u8fd9\u662f\u9633\u95f4\u5730\u9f99~|Swords Dance|p2a: \u76f8\u4fe1\u6211\uff0c\u8fd9\u662f\u9633\u95f4\u5730\u9f99~\n|-boost|p2a: \u76f8\u4fe1\u6211\uff0c\u8fd9\u662f\u9633\u95f4\u5730\u9f99~|atk|2\n|move|p1a: \u522b\u6253\u6211\u5440|Recover|p1a: \u522b\u6253\u6211\u5440\n|-heal|p1a: \u522b\u6253\u6211\u5440|100\/100\n|\n|-damage|p1a: \u522b\u6253\u6211\u5440|88\/100|[from] Leech Seed|[of] p2a: \u76f8\u4fe1\u6211\uff0c\u8fd9\u662f\u9633\u95f4\u5730\u9f99~\n|-heal|p2a: \u76f8\u4fe1\u6211\uff0c\u8fd9\u662f\u9633\u95f4\u5730\u9f99~|88\/100 brn|[silent]\n|-damage|p2a: \u76f8\u4fe1\u6211\uff0c\u8fd9\u662f\u9633\u95f4\u5730\u9f99~|82\/100 brn|[from] brn\n|upkeep\n|turn|36\n|\n|t:|1700984797\n|move|p2a: \u76f8\u4fe1\u6211\uff0c\u8fd9\u662f\u9633\u95f4\u5730\u9f99~|Earthquake|p1a: \u522b\u6253\u6211\u5440\n|-supereffective|p1a: \u522b\u6253\u6211\u5440\n|-damage|p1a: \u522b\u6253\u6211\u5440|0 fnt\n|faint|p1a: \u522b\u6253\u6211\u5440\n|\n|-damage|p2a: \u76f8\u4fe1\u6211\uff0c\u8fd9\u662f\u9633\u95f4\u5730\u9f99~|76\/100 brn|[from] brn\n|upkeep\n|\n|t:|1700984806\n|switch|p1a: \u6211\u662f\u4e2d\u8f6c\u5440|Blissey, F|100\/100\n|turn|37\n|\n|t:|1700984811\n|move|p2a: \u76f8\u4fe1\u6211\uff0c\u8fd9\u662f\u9633\u95f4\u5730\u9f99~|Outrage|p1a: \u6211\u662f\u4e2d\u8f6c\u5440\n|-damage|p1a: \u6211\u662f\u4e2d\u8f6c\u5440|14\/100\n|move|p1a: \u6211\u662f\u4e2d\u8f6c\u5440|Counter|p2a: \u76f8\u4fe1\u6211\uff0c\u8fd9\u662f\u9633\u95f4\u5730\u9f99~\n|-damage|p2a: \u76f8\u4fe1\u6211\uff0c\u8fd9\u662f\u9633\u95f4\u5730\u9f99~|0 fnt\n|-damage|p1a: \u6211\u662f\u4e2d\u8f6c\u5440|2\/100|[from] ability: Rough Skin|[of] p2a: \u76f8\u4fe1\u6211\uff0c\u8fd9\u662f\u9633\u95f4\u5730\u9f99~\n|faint|p2a: \u76f8\u4fe1\u6211\uff0c\u8fd9\u662f\u9633\u95f4\u5730\u9f99~\n|\n|-heal|p1a: \u6211\u662f\u4e2d\u8f6c\u5440|8\/100|[from] item: Leftovers\n|upkeep\n|\n|t:|1700984819\n|switch|p2a: \u5154\u5154\u6f14\u5458|Lopunny-Mega, F|100\/100\n|-status|p2a: \u5154\u5154\u6f14\u5458|psn\n|turn|38\n|\n|t:|1700984826\n|switch|p1a: \u6211\u83dc\u5f97\u62a0\u811a|Clodsire, M|100\/100\n|move|p2a: \u5154\u5154\u6f14\u5458|Fake Out|p1a: \u6211\u83dc\u5f97\u62a0\u811a\n|-damage|p1a: \u6211\u83dc\u5f97\u62a0\u811a|78\/100\n|\n|-heal|p1a: \u6211\u83dc\u5f97\u62a0\u811a|85\/100|[from] item: Leftovers\n|-damage|p2a: \u5154\u5154\u6f14\u5458|88\/100 psn|[from] psn\n|upkeep\n|turn|39\n|\n|t:|1700984831\n|move|p2a: \u5154\u5154\u6f14\u5458|Triple Axel|p1a: \u6211\u83dc\u5f97\u62a0\u811a\n|-supereffective|p1a: \u6211\u83dc\u5f97\u62a0\u811a\n|-damage|p1a: \u6211\u83dc\u5f97\u62a0\u811a|69\/100\n|-hitcount|p1a: \u6211\u83dc\u5f97\u62a0\u811a|1\n|move|p1a: \u6211\u83dc\u5f97\u62a0\u811a|Earthquake|p2a: \u5154\u5154\u6f14\u5458\n|-damage|p2a: \u5154\u5154\u6f14\u5458|55\/100 psn\n|\n|-heal|p1a: \u6211\u83dc\u5f97\u62a0\u811a|75\/100|[from] item: Leftovers\n|-damage|p2a: \u5154\u5154\u6f14\u5458|43\/100 psn|[from] psn\n|upkeep\n|turn|40\n|\n|t:|1700984840\n|move|p2a: \u5154\u5154\u6f14\u5458|Triple Axel|p1a: \u6211\u83dc\u5f97\u62a0\u811a\n|-supereffective|p1a: \u6211\u83dc\u5f97\u62a0\u811a\n|-damage|p1a: \u6211\u83dc\u5f97\u62a0\u811a|59\/100\n|-supereffective|p1a: \u6211\u83dc\u5f97\u62a0\u811a\n|-damage|p1a: \u6211\u83dc\u5f97\u62a0\u811a|28\/100\n|-supereffective|p1a: \u6211\u83dc\u5f97\u62a0\u811a\n|-damage|p1a: \u6211\u83dc\u5f97\u62a0\u811a|0 fnt\n|faint|p1a: \u6211\u83dc\u5f97\u62a0\u811a\n|-hitcount|p1: \u6211\u83dc\u5f97\u62a0\u811a|3\n|\n|-damage|p2a: \u5154\u5154\u6f14\u5458|30\/100 psn|[from] psn\n|upkeep\n|\n|t:|1700984844\n|switch|p1a: \u6211\u662f\u4e2d\u8f6c\u5440|Blissey, F|8\/100\n|turn|41\n|\n|t:|1700984848\n|move|p2a: \u5154\u5154\u6f14\u5458|Fake Out||[still]\n|-hint|Fake Out only works on your first turn out.\n|-fail|p2a: \u5154\u5154\u6f14\u5458\n|move|p1a: \u6211\u662f\u4e2d\u8f6c\u5440|Wish|p1a: \u6211\u662f\u4e2d\u8f6c\u5440\n|\n|-heal|p1a: \u6211\u662f\u4e2d\u8f6c\u5440|14\/100|[from] item: Leftovers\n|-damage|p2a: \u5154\u5154\u6f14\u5458|18\/100 psn|[from] psn\n|upkeep\n|turn|42\n|\n|t:|1700984856\n|move|p1a: \u6211\u662f\u4e2d\u8f6c\u5440|Protect|p1a: \u6211\u662f\u4e2d\u8f6c\u5440\n|-singleturn|p1a: \u6211\u662f\u4e2d\u8f6c\u5440|Protect\n|move|p2a: \u5154\u5154\u6f14\u5458|Triple Axel|p1a: \u6211\u662f\u4e2d\u8f6c\u5440\n|-activate|p1a: \u6211\u662f\u4e2d\u8f6c\u5440|move: Protect\n|\n|-heal|p1a: \u6211\u662f\u4e2d\u8f6c\u5440|64\/100|[from] move: Wish|[wisher] \u6211\u662f\u4e2d\u8f6c\u5440\n|-heal|p1a: \u6211\u662f\u4e2d\u8f6c\u5440|70\/100|[from] item: Leftovers\n|-damage|p2a: \u5154\u5154\u6f14\u5458|6\/100 psn|[from] psn\n|upkeep\n|turn|43\n|\n|t:|1700984863\n|move|p2a: \u5154\u5154\u6f14\u5458|Close Combat|p1a: \u6211\u662f\u4e2d\u8f6c\u5440\n|-supereffective|p1a: \u6211\u662f\u4e2d\u8f6c\u5440\n|-damage|p1a: \u6211\u662f\u4e2d\u8f6c\u5440|0 fnt\n|-unboost|p2a: \u5154\u5154\u6f14\u5458|def|1\n|-unboost|p2a: \u5154\u5154\u6f14\u5458|spd|1\n|faint|p1a: \u6211\u662f\u4e2d\u8f6c\u5440\n|\n|win|bu wei chen chen\n|raw|Fuirdec's rating: 1347 &rarr; <strong>1331<\/strong><br \/>(-16 for losing)\n|raw|bu wei chen chen's rating: 1420 &rarr; <strong>1436<\/strong><br \/>(+16 for winning)\n","uploadtime":1700984868,"views":10,"p1id":"fuirdec","p2id":"buweichenchen","formatid":"gen9nationaldex","rating":1331,"private":0,"password":""}