{"id":"gen9nationaldex-1988092703","p1":"TeamGardevoir123","p2":"isma_PE","format":"[Gen 9] National Dex","log":"|j|\u2606TeamGardevoir123\n|j|\u2606isma_PE\n|t:|1699668617\n|gametype|singles\n|player|p1|TeamGardevoir123|rosa-masters2|\n|player|p2|isma_PE|hilbert-wonderlauncher|\n|teamsize|p1|6\n|teamsize|p2|6\n|gen|9\n|tier|[Gen 9] National Dex\n|rule|HP Percentage Mod: HP is shown in percentages\n|rule|Endless Battle Clause: Forcing endless battles is banned\n|rule|OHKO Clause: OHKO moves are banned\n|rule|Evasion Clause: Evasion abilities, items, and moves are banned\n|rule|Evasion Abilities Clause: Evasion abilities are banned\n|rule|Evasion Items Clause: Evasion items are banned\n|rule|Evasion Moves Clause: Evasion moves are banned\n|rule|Species Clause: Limit one of each Pok\u00e9mon\n|rule|Sleep Clause Mod: Limit one foe put to sleep\n|clearpoke\n|poke|p1|Amoonguss, M|\n|poke|p1|Absol, F|\n|poke|p1|Hatterene, F|\n|poke|p1|Grimmsnarl, M|\n|poke|p1|Delphox, F|\n|poke|p1|Moltres-Galar|\n|poke|p2|Meowscarada, F|\n|poke|p2|Moltres-Galar|\n|poke|p2|Brute Bonnet|\n|poke|p2|Grimmsnarl, M|\n|poke|p2|Necrozma|\n|poke|p2|Houndstone, F|\n|teampreview\n|\n|t:|1699668651\n|start\n|switch|p1a: Grimmsnarl|Grimmsnarl, M|100\/100\n|switch|p2a: Meowscarada|Meowscarada, F|100\/100\n|turn|1\n|\n|t:|1699668666\n|switch|p1a: Amoonguss|Amoonguss, M|100\/100\n|move|p2a: Meowscarada|U-turn|p1a: Amoonguss\n|-start|p2a: Meowscarada|typechange|Bug|[from] ability: Protean\n|-damage|p1a: Amoonguss|45\/100\n|-damage|p2a: Meowscarada|84\/100|[from] item: Rocky Helmet|[of] p1a: Amoonguss\n|\n|t:|1699668682\n|switch|p2a: Houndstone|Houndstone, F|100\/100|[from] U-turn\n|\n|upkeep\n|turn|2\n|\n|t:|1699668721\n|switch|p1a: Grimmsnarl|Grimmsnarl, M|100\/100\n|move|p2a: Houndstone|Poltergeist|p1a: Grimmsnarl\n|-activate|p1a: Grimmsnarl|move: Poltergeist|Light Clay\n|-resisted|p1a: Grimmsnarl\n|-damage|p1a: Grimmsnarl|77\/100\n|\n|upkeep\n|turn|3\n|\n|t:|1699668745\n|move|p1a: Grimmsnarl|Reflect|p1a: Grimmsnarl\n|-sidestart|p1: TeamGardevoir123|Reflect\n|move|p2a: Houndstone|Will-O-Wisp|p1a: Grimmsnarl\n|-status|p1a: Grimmsnarl|brn\n|\n|-damage|p1a: Grimmsnarl|71\/100 brn|[from] brn\n|upkeep\n|turn|4\n|\n|t:|1699668757\n|switch|p2a: Moltres|Moltres-Galar|100\/100\n|move|p1a: Grimmsnarl|Light Screen|p1a: Grimmsnarl\n|-sidestart|p1: TeamGardevoir123|move: Light Screen\n|\n|-damage|p1a: Grimmsnarl|65\/100 brn|[from] brn\n|upkeep\n|turn|5\n|\n|t:|1699668779\n|move|p2a: Moltres|Fiery Wrath|p1a: Grimmsnarl\n|-resisted|p1a: Grimmsnarl\n|-damage|p1a: Grimmsnarl|61\/100 brn\n|move|p1a: Grimmsnarl|Spirit Break|p2a: Moltres\n|-supereffective|p2a: Moltres\n|-damage|p2a: Moltres|68\/100\n|-unboost|p2a: Moltres|spa|1\n|\n|-damage|p1a: Grimmsnarl|55\/100 brn|[from] brn\n|upkeep\n|turn|6\n|\n|t:|1699668799\n|switch|p2a: Necrozma|Necrozma|100\/100\n|move|p1a: Grimmsnarl|Spirit Break|p2a: Necrozma\n|-damage|p2a: Necrozma|87\/100\n|-unboost|p2a: Necrozma|spa|1\n|\n|-damage|p1a: Grimmsnarl|49\/100 brn|[from] brn\n|upkeep\n|turn|7\n|\n|t:|1699668815\n|switch|p2a: Moltres|Moltres-Galar|68\/100\n|move|p1a: Grimmsnarl|Parting Shot|p2a: Moltres\n|-hint|Since gen 7, Dark is immune to Prankster moves.\n|-immune|p2a: Moltres\n|\n|-damage|p1a: Grimmsnarl|43\/100 brn|[from] brn\n|upkeep\n|turn|8\n|\n|t:|1699668848\n|move|p2a: Moltres|Fiery Wrath|p1a: Grimmsnarl\n|-resisted|p1a: Grimmsnarl\n|-damage|p1a: Grimmsnarl|39\/100 brn\n|move|p1a: Grimmsnarl|Spirit Break|p2a: Moltres\n|-supereffective|p2a: Moltres\n|-damage|p2a: Moltres|30\/100\n|-unboost|p2a: Moltres|spa|1\n|-ability|p2a: Moltres|Berserk|boost\n|-boost|p2a: Moltres|spa|1\n|\n|-damage|p1a: Grimmsnarl|32\/100 brn|[from] brn\n|upkeep\n|turn|9\n|\n|t:|1699668864\n|move|p2a: Moltres|Fiery Wrath|p1a: Grimmsnarl\n|-resisted|p1a: Grimmsnarl\n|-damage|p1a: Grimmsnarl|29\/100 brn\n|move|p1a: Grimmsnarl|Spirit Break|p2a: Moltres\n|-supereffective|p2a: Moltres\n|-damage|p2a: Moltres|0 fnt\n|faint|p2a: Moltres\n|\n|-damage|p1a: Grimmsnarl|23\/100 brn|[from] brn\n|upkeep\n|\n|t:|1699668866\n|switch|p2a: Grimmsnarl|Grimmsnarl, M|100\/100\n|turn|10\n|\n|t:|1699668896\n|switch|p1a: MBFF|Hatterene, F|100\/100\n|move|p2a: Grimmsnarl|Light Screen|p2a: Grimmsnarl\n|-sidestart|p2: isma_PE|move: Light Screen\n|\n|-sideend|p1: TeamGardevoir123|Reflect\n|upkeep\n|turn|11\n|\n|t:|1699668917\n|switch|p2a: Houndstone|Houndstone, F|100\/100\n|move|p1a: MBFF|Nuzzle|p2a: Houndstone\n|-damage|p2a: Houndstone|99\/100\n|-status|p2a: Houndstone|par\n|\n|-heal|p2a: Houndstone|100\/100 par|[from] item: Leftovers\n|-sideend|p1: TeamGardevoir123|move: Light Screen\n|upkeep\n|turn|12\n|\n|t:|1699668951\n|switch|p1a: Moltres|Moltres-Galar, shiny|100\/100\n|move|p2a: Houndstone|Body Press|p1a: Moltres\n|-crit|p1a: Moltres\n|-damage|p1a: Moltres|65\/100\n|\n|upkeep\n|turn|13\n|\n|t:|1699668989\n|switch|p2a: Meowscarada|Meowscarada, F|84\/100\n|move|p1a: Moltres|Hurricane|p2a: Meowscarada\n|-supereffective|p2a: Meowscarada\n|-damage|p2a: Meowscarada|0 fnt\n|faint|p2a: Meowscarada\n|\n|upkeep\n|\n|t:|1699669018\n|switch|p2a: Brute Bonnet|Brute Bonnet|100\/100\n|turn|14\n|\n|t:|1699669070\n|switch|p1a: Amoonguss|Amoonguss, M|78\/100\n|move|p2a: Brute Bonnet|Seed Bomb|p1a: Amoonguss\n|-resisted|p1a: Amoonguss\n|-damage|p1a: Amoonguss|65\/100\n|\n|upkeep\n|turn|15\n|\n|t:|1699669082\n|-end|p2a: Brute Bonnet|Protosynthesis|[silent]\n|switch|p2a: Houndstone|Houndstone, F|100\/100 par\n|move|p1a: Amoonguss|Toxic||[still]\n|-fail|p1a: Amoonguss\n|\n|upkeep\n|turn|16\n|\n|t:|1699669103\n|move|p1a: Amoonguss|Sludge Bomb|p2a: Houndstone\n|-resisted|p2a: Houndstone\n|-damage|p2a: Houndstone|94\/100 par\n|move|p2a: Houndstone|Poltergeist|p1a: Amoonguss\n|-activate|p1a: Amoonguss|move: Poltergeist|Rocky Helmet\n|-damage|p1a: Amoonguss|22\/100\n|\n|-heal|p2a: Houndstone|99\/100 par|[from] item: Leftovers\n|upkeep\n|turn|17\n|\n|t:|1699669128\n|switch|p1a: Moltres|Moltres-Galar, shiny|65\/100\n|move|p2a: Houndstone|Body Press|p1a: Moltres\n|-damage|p1a: Moltres|42\/100\n|-ability|p1a: Moltres|Berserk|boost\n|-boost|p1a: Moltres|spa|1\n|\n|-heal|p2a: Houndstone|100\/100 par|[from] item: Leftovers\n|-sideend|p2: isma_PE|move: Light Screen\n|upkeep\n|turn|18\n|\n|t:|1699669144\n|switch|p2a: Grimmsnarl|Grimmsnarl, M|100\/100\n|move|p1a: Moltres|Fiery Wrath|p2a: Grimmsnarl\n|-resisted|p2a: Grimmsnarl\n|-damage|p2a: Grimmsnarl|89\/100\n|\n|upkeep\n|turn|19\n|\n|t:|1699669154\n|move|p2a: Grimmsnarl|Light Screen|p2a: Grimmsnarl\n|-sidestart|p2: isma_PE|move: Light Screen\n|move|p1a: Moltres|Hurricane|p2a: Grimmsnarl\n|-damage|p2a: Grimmsnarl|57\/100\n|\n|upkeep\n|turn|20\n|\n|t:|1699669177\n|switch|p1a: MBFF|Hatterene, F|100\/100\n|move|p2a: Grimmsnarl|Reflect|p2a: Grimmsnarl\n|-sidestart|p2: isma_PE|Reflect\n|\n|upkeep\n|turn|21\n|\n|t:|1699669187\n|switch|p2a: Houndstone|Houndstone, F|100\/100 par\n|move|p1a: MBFF|Draining Kiss|p2a: Houndstone\n|-damage|p2a: Houndstone|95\/100 par\n|\n|-heal|p2a: Houndstone|100\/100 par|[from] item: Leftovers\n|upkeep\n|turn|22\n|c|\u2606TeamGardevoir123|!dt Houndstone\n|raw|<div class=\"message\"><ul class=\"utilichart\"><li class=\"result\"><span class=\"col numcol\">RU<\/span> <span class=\"col iconcol\"><psicon pokemon=\"houndstone\"\/><\/span> <span class=\"col pokemonnamecol\" style=\"white-space:nowrap\"><a href=\"https:\/\/dex.pokemonshowdown.com\/pokemon\/houndstone\" target=\"_blank\">Houndstone<\/a><\/span> <span class=\"col typecol\"><img src=\"https:\/\/play.pokemonshowdown.com\/sprites\/types\/Ghost.png\" alt=\"Ghost\" height=\"14\" width=\"32\"><\/span> <span style=\"float:left;min-height:26px\"><span class=\"col abilitycol\">Sand Rush<\/span><span class=\"col abilitycol\"><em>Fluffy<\/em><\/span><\/span><span style=\"float:left;min-height:26px\"><span class=\"col statcol\"><em>HP<\/em><br \/>72<\/span> <span class=\"col statcol\"><em>Atk<\/em><br \/>101<\/span> <span class=\"col statcol\"><em>Def<\/em><br \/>100<\/span> <span class=\"col statcol\"><em>SpA<\/em><br \/>50<\/span> <span class=\"col statcol\"><em>SpD<\/em><br \/>97<\/span> <span class=\"col statcol\"><em>Spe<\/em><br \/>68<\/span> <span class=\"col bstcol\"><em>BST<br \/>488<\/em><\/span> <\/span><\/li><li style=\"clear:both\"><\/li><\/ul><\/div>\n|raw|<font size=\"1\"><font color=\"#686868\">Dex#:<\/font> 972&nbsp;|&ThickSpace;<font color=\"#686868\">Gen:<\/font> 9&nbsp;|&ThickSpace;<font color=\"#686868\">Height:<\/font> 2 m&nbsp;|&ThickSpace;<font color=\"#686868\">Weight:<\/font> 15 kg <em>(40 BP)<\/em>&nbsp;|&ThickSpace;<font color=\"#686868\">Dex Colour:<\/font> White&nbsp;|&ThickSpace;<font color=\"#686868\">Egg Group(s):<\/font> Field&nbsp;|&ThickSpace;<font color=\"#686868\">Pre-Evolution:<\/font> Greavard&nbsp;|&ThickSpace;<font color=\"#686868\">Does Not Evolve<\/font><\/font>\n\n|c|\u2606TeamGardevoir123|Sta\u00f1aburger\n|\n|t:|1699669231\n|switch|p1a: Amoonguss|Amoonguss, M|55\/100\n|cant|p2a: Houndstone|par\n|\n|upkeep\n|turn|23\n|\n|t:|1699669244\n|switch|p1a: Grimmsnarl|Grimmsnarl, M|23\/100 brn\n|move|p2a: Houndstone|Poltergeist|p1a: Grimmsnarl\n|-activate|p1a: Grimmsnarl|move: Poltergeist|Light Clay\n|-resisted|p1a: Grimmsnarl\n|-damage|p1a: Grimmsnarl|0 fnt\n|faint|p1a: Grimmsnarl\n|\n|upkeep\n|\n|t:|1699669254\n|switch|p1a: Moltres|Moltres-Galar, shiny|42\/100\n|turn|24\n|\n|t:|1699669274\n|move|p1a: Moltres|Rest|p1a: Moltres\n|-status|p1a: Moltres|slp|[from] move: Rest\n|-heal|p1a: Moltres|100\/100 slp|[silent]\n|-enditem|p1a: Moltres|Chesto Berry|[eat]\n|-curestatus|p1a: Moltres|slp|[msg]\n|cant|p2a: Houndstone|par\n|\n|upkeep\n|turn|25\n|\n|t:|1699669298\n|switch|p2a: Grimmsnarl|Grimmsnarl, M|57\/100\n|move|p1a: Moltres|Hurricane|p2a: Grimmsnarl\n|-damage|p2a: Grimmsnarl|38\/100\n|\n|upkeep\n|turn|26\n|\n|t:|1699669329\n|move|p2a: Grimmsnarl|Parting Shot|p1a: Moltres\n|-hint|Since gen 7, Dark is immune to Prankster moves.\n|-immune|p1a: Moltres\n|move|p1a: Moltres|Hurricane|p2a: Grimmsnarl\n|-damage|p2a: Grimmsnarl|17\/100\n|\n|-sideend|p2: isma_PE|move: Light Screen\n|upkeep\n|turn|27\n|\n|t:|1699669340\n|move|p2a: Grimmsnarl|Light Screen|p2a: Grimmsnarl\n|-sidestart|p2: isma_PE|move: Light Screen\n|move|p1a: Moltres|Hurricane|p2a: Grimmsnarl\n|-damage|p2a: Grimmsnarl|0 fnt\n|faint|p2a: Grimmsnarl\n|\n|-sideend|p2: isma_PE|Reflect\n|upkeep\n|\n|t:|1699669350\n|switch|p2a: Brute Bonnet|Brute Bonnet|100\/100\n|turn|28\n|\n|t:|1699669359\n|switch|p1a: Amoonguss|Amoonguss, M|89\/100\n|move|p2a: Brute Bonnet|Spore|p1a: Amoonguss\n|-immune|p1a: Amoonguss\n|\n|upkeep\n|turn|29\n|\n|t:|1699669382\n|move|p2a: Brute Bonnet|Spore|p1a: Amoonguss\n|-immune|p1a: Amoonguss\n|move|p1a: Amoonguss|Sludge Bomb|p2a: Brute Bonnet\n|-supereffective|p2a: Brute Bonnet\n|-damage|p2a: Brute Bonnet|76\/100\n|\n|upkeep\n|turn|30\n|\n|t:|1699669395\n|-end|p2a: Brute Bonnet|Protosynthesis|[silent]\n|switch|p2a: Houndstone|Houndstone, F|100\/100 par\n|move|p1a: Amoonguss|Sludge Bomb|p2a: Houndstone\n|-resisted|p2a: Houndstone\n|-damage|p2a: Houndstone|94\/100 par\n|\n|-heal|p2a: Houndstone|99\/100 par|[from] item: Leftovers\n|upkeep\n|turn|31\n|\n|t:|1699669448\n|switch|p1a: Moltres|Moltres-Galar, shiny|100\/100\n|move|p2a: Houndstone|Body Press|p1a: Moltres\n|-damage|p1a: Moltres|74\/100\n|\n|-heal|p2a: Houndstone|100\/100 par|[from] item: Leftovers\n|upkeep\n|turn|32\n|\n|t:|1699669462\n|move|p1a: Moltres|Tailwind|p1a: Moltres\n|-sidestart|p1: TeamGardevoir123|move: Tailwind\n|move|p2a: Houndstone|Body Press|p1a: Moltres\n|-damage|p1a: Moltres|51\/100\n|\n|upkeep\n|turn|33\n|\n|t:|1699669549\n|switch|p1a: Amoonguss|Amoonguss, M|100\/100\n|move|p2a: Houndstone|Body Press|p1a: Amoonguss\n|-resisted|p1a: Amoonguss\n|-damage|p1a: Amoonguss|86\/100\n|-damage|p2a: Houndstone|84\/100 par|[from] item: Rocky Helmet|[of] p1a: Amoonguss\n|\n|-heal|p2a: Houndstone|90\/100 par|[from] item: Leftovers\n|upkeep\n|turn|34\n|\n|t:|1699669563\n|switch|p1a: Moltres|Moltres-Galar, shiny|51\/100\n|cant|p2a: Houndstone|par\n|\n|-heal|p2a: Houndstone|96\/100 par|[from] item: Leftovers\n|-sideend|p2: isma_PE|move: Light Screen\n|upkeep\n|turn|35\n|\n|t:|1699669574\n|move|p1a: Moltres|Fiery Wrath|p2a: Houndstone\n|-supereffective|p2a: Houndstone\n|-damage|p2a: Houndstone|9\/100 par\n|cant|p2a: Houndstone|flinch\n|\n|-heal|p2a: Houndstone|15\/100 par|[from] item: Leftovers\n|-sideend|p1: TeamGardevoir123|move: Tailwind\n|upkeep\n|turn|36\n|\n|t:|1699669589\n|cant|p2a: Houndstone|par\n|move|p1a: Moltres|Fiery Wrath|p2a: Houndstone\n|-supereffective|p2a: Houndstone\n|-damage|p2a: Houndstone|0 fnt\n|faint|p2a: Houndstone\n|\n|upkeep\n|\n|t:|1699669596\n|switch|p2a: Brute Bonnet|Brute Bonnet|76\/100\n|turn|37\n|\n|t:|1699669603\n|switch|p1a: Amoonguss|Amoonguss, M|100\/100\n|-end|p2a: Brute Bonnet|Protosynthesis|[silent]\n|switch|p2a: Necrozma|Necrozma|87\/100\n|\n|upkeep\n|turn|38\n|\n|t:|1699669611\n|switch|p1a: Delphox|Delphox, F|100\/100\n|move|p2a: Necrozma|Substitute|p2a: Necrozma\n|-start|p2a: Necrozma|Substitute\n|-damage|p2a: Necrozma|62\/100\n|\n|upkeep\n|turn|39\n|\n|t:|1699669640\n|move|p1a: Delphox|Dazzling Gleam|p2a: Necrozma\n|-end|p2a: Necrozma|Substitute\n|move|p2a: Necrozma|Earthquake|p1a: Delphox\n|-supereffective|p1a: Delphox\n|-damage|p1a: Delphox|0 fnt\n|faint|p1a: Delphox\n|\n|upkeep\n|\n|t:|1699669650\n|switch|p1a: Absolem|Absol, F|100\/100\n|-ability|p1a: Absolem|Pressure\n|turn|40\n|\n|t:|1699669708\n|switch|p2a: Brute Bonnet|Brute Bonnet|76\/100\n|detailschange|p1a: Absolem|Absol-Mega, F\n|-mega|p1a: Absolem|Absol|Absolite\n|move|p1a: Absolem|Knock Off|p2a: Brute Bonnet\n|-resisted|p2a: Brute Bonnet\n|-damage|p2a: Brute Bonnet|52\/100\n|-enditem|p2a: Brute Bonnet|Black Glasses|[from] move: Knock Off|[of] p1a: Absolem\n|\n|upkeep\n|turn|41\n|\n|t:|1699669727\n|switch|p1a: Amoonguss|Amoonguss, M|100\/100\n|move|p2a: Brute Bonnet|Spore|p1a: Amoonguss\n|-immune|p1a: Amoonguss\n|\n|upkeep\n|turn|42\n|\n|t:|1699669757\n|move|p2a: Brute Bonnet|Spore|p1a: Amoonguss\n|-immune|p1a: Amoonguss\n|move|p1a: Amoonguss|Toxic|p2a: Brute Bonnet\n|-status|p2a: Brute Bonnet|tox\n|\n|-damage|p2a: Brute Bonnet|46\/100 tox|[from] psn\n|upkeep\n|turn|43\n|\n|t:|1699669767\n|move|p2a: Brute Bonnet|Sucker Punch|p1a: Amoonguss\n|-damage|p1a: Amoonguss|59\/100\n|-damage|p2a: Brute Bonnet|30\/100 tox|[from] item: Rocky Helmet|[of] p1a: Amoonguss\n|move|p1a: Amoonguss|Sludge Bomb|p2a: Brute Bonnet\n|-supereffective|p2a: Brute Bonnet\n|-damage|p2a: Brute Bonnet|0 fnt\n|faint|p2a: Brute Bonnet\n|-end|p2a: Brute Bonnet|Protosynthesis|[silent]\n|\n|upkeep\n|\n|t:|1699669786\n|switch|p2a: Necrozma|Necrozma|62\/100\n|turn|44\n|\n|t:|1699669805\n|switch|p1a: Moltres|Moltres-Galar, shiny|51\/100\n|move|p2a: Necrozma|Substitute|p2a: Necrozma\n|-start|p2a: Necrozma|Substitute\n|-damage|p2a: Necrozma|37\/100\n|\n|upkeep\n|turn|45\n|\n|t:|1699669826\n|move|p2a: Necrozma|Dragon Dance|p2a: Necrozma\n|-boost|p2a: Necrozma|atk|1\n|-boost|p2a: Necrozma|spe|1\n|move|p1a: Moltres|Fiery Wrath|p2a: Necrozma\n|-supereffective|p2a: Necrozma\n|-end|p2a: Necrozma|Substitute\n|\n|upkeep\n|turn|46\n|\n|t:|1699669835\n|move|p2a: Necrozma|Dragon Dance|p2a: Necrozma\n|-boost|p2a: Necrozma|atk|1\n|-boost|p2a: Necrozma|spe|1\n|move|p1a: Moltres|Fiery Wrath|p2a: Necrozma\n|-supereffective|p2a: Necrozma\n|-damage|p2a: Necrozma|0 fnt\n|faint|p2a: Necrozma\n|\n|win|TeamGardevoir123\n","uploadtime":1699669847,"views":12,"p1id":"teamgardevoir123","p2id":"ismape","formatid":"gen9nationaldex","rating":0,"private":0,"password":""}