{"id":"gen9nationaldex-1987838033","p1":"HolyChomper","p2":"bigmoose246","format":"[Gen 9] National Dex","log":"|j|\u2606HolyChomper\n|j|\u203dbigmoose246\n|t:|1699641476\n|gametype|singles\n|player|p1|HolyChomper|byron|1086\n|player|p2|bigmoose246|ash|1072\n|teamsize|p1|6\n|teamsize|p2|6\n|gen|9\n|tier|[Gen 9] National Dex\n|rated|\n|rule|HP Percentage Mod: HP is shown in percentages\n|rule|Endless Battle Clause: Forcing endless battles is banned\n|rule|OHKO Clause: OHKO moves are banned\n|rule|Evasion Clause: Evasion abilities, items, and moves are banned\n|rule|Evasion Abilities Clause: Evasion abilities are banned\n|rule|Evasion Items Clause: Evasion items are banned\n|rule|Evasion Moves Clause: Evasion moves are banned\n|rule|Species Clause: Limit one of each Pok\u00e9mon\n|rule|Sleep Clause Mod: Limit one foe put to sleep\n|clearpoke\n|poke|p1|Pelipper, F|\n|poke|p1|Swampert, F|\n|poke|p1|Overqwil, M|\n|poke|p1|Scizor, M|\n|poke|p1|Kilowattrel, F|\n|poke|p1|Goodra, M|\n|poke|p2|Excadrill, F|\n|poke|p2|Cloyster, F|\n|poke|p2|Gliscor, M|\n|poke|p2|Greninja-*, M|\n|poke|p2|Urshifu-*, F|\n|poke|p2|Garchomp, F|\n|teampreview\n|c|\u2606HolyChomper|Glhf\n|\n|t:|1699641490\n|start\n|switch|p1a: Scizor|Scizor, M|100\/100\n|switch|p2a: Gliscor|Gliscor, M|100\/100\n|turn|1\n|\n|t:|1699641500\n|switch|p1a: Pelipper|Pelipper, F|100\/100\n|-weather|RainDance|[from] ability: Drizzle|[of] p1a: Pelipper\n|move|p2a: Gliscor|Swords Dance|p2a: Gliscor\n|-boost|p2a: Gliscor|atk|2\n|\n|-weather|RainDance|[upkeep]\n|-status|p2a: Gliscor|tox|[from] item: Toxic Orb\n|upkeep\n|turn|2\n|\n|t:|1699641510\n|move|p2a: Gliscor|Facade|p1a: Pelipper\n|-damage|p1a: Pelipper|53\/100\n|move|p1a: Pelipper|U-turn|p2a: Gliscor\n|-resisted|p2a: Gliscor\n|-damage|p2a: Gliscor|97\/100 tox\n|\n|t:|1699641519\n|switch|p1a: Kilowattrel|Kilowattrel, F|100\/100|[from] U-turn\n|\n|-weather|RainDance|[upkeep]\n|-heal|p2a: Gliscor|100\/100 tox|[from] ability: Poison Heal\n|upkeep\n|turn|3\n|\n|t:|1699641526\n|move|p1a: Kilowattrel|Weather Ball|p2a: Gliscor\n|-supereffective|p2a: Gliscor\n|-damage|p2a: Gliscor|5\/100 tox\n|-damage|p1a: Kilowattrel|91\/100|[from] item: Life Orb\n|move|p2a: Gliscor|Swords Dance|p2a: Gliscor\n|-boost|p2a: Gliscor|atk|2\n|\n|-weather|RainDance|[upkeep]\n|-heal|p2a: Gliscor|18\/100 tox|[from] ability: Poison Heal\n|upkeep\n|turn|4\n|\n|t:|1699641537\n|move|p1a: Kilowattrel|Hurricane|p2a: Gliscor\n|-damage|p2a: Gliscor|0 fnt\n|faint|p2a: Gliscor\n|-damage|p1a: Kilowattrel|81\/100|[from] item: Life Orb\n|\n|-weather|RainDance|[upkeep]\n|upkeep\n|\n|t:|1699641542\n|switch|p2a: Excadrill|Excadrill, F|100\/100\n|-ability|p2a: Excadrill|Mold Breaker\n|turn|5\n|c|\u2606HolyChomper|That was a super scary mon lmao\n|\n|t:|1699641551\n|switch|p2a: Cloyster|Cloyster, F|100\/100\n|move|p1a: Kilowattrel|Weather Ball|p2a: Cloyster\n|-resisted|p2a: Cloyster\n|-damage|p2a: Cloyster|22\/100\n|-damage|p1a: Kilowattrel|71\/100|[from] item: Life Orb\n|\n|-weather|none\n|upkeep\n|turn|6\n|\n|t:|1699641560\n|move|p1a: Kilowattrel|Volt Switch|p2a: Cloyster\n|-supereffective|p2a: Cloyster\n|-damage|p2a: Cloyster|0 fnt\n|faint|p2a: Cloyster\n|-damage|p1a: Kilowattrel|61\/100|[from] item: Life Orb\n|\n|t:|1699641569\n|switch|p1a: Pelipper|Pelipper, F|53\/100|[from] Volt Switch\n|-weather|RainDance|[from] ability: Drizzle|[of] p1a: Pelipper\n|\n|-weather|RainDance|[upkeep]\n|upkeep\n|\n|t:|1699641571\n|switch|p2a: Garchomp|Garchomp, F, shiny|100\/100\n|turn|7\n|\n|t:|1699641579\n|move|p2a: Garchomp|Spikes|p1a: Pelipper\n|-sidestart|p1: HolyChomper|Spikes\n|move|p1a: Pelipper|Roost|p1a: Pelipper\n|-heal|p1a: Pelipper|100\/100\n|-singleturn|p1a: Pelipper|move: Roost\n|\n|-weather|RainDance|[upkeep]\n|upkeep\n|turn|8\n|\n|t:|1699641587\n|move|p2a: Garchomp|Spikes|p1a: Pelipper\n|-sidestart|p1: HolyChomper|Spikes\n|move|p1a: Pelipper|Defog|p2a: Garchomp\n|-unboost|p2a: Garchomp|evasion|1\n|-sideend|p1: HolyChomper|Spikes|[from] move: Defog|[of] p1a: Pelipper\n|\n|-weather|RainDance|[upkeep]\n|upkeep\n|turn|9\n|\n|t:|1699641595\n|move|p1a: Pelipper|U-turn|p2a: Garchomp\n|-damage|p2a: Garchomp|95\/100\n|-damage|p1a: Pelipper|88\/100|[from] ability: Rough Skin|[of] p2a: Garchomp\n|-damage|p1a: Pelipper|72\/100|[from] item: Rocky Helmet|[of] p2a: Garchomp\n|\n|t:|1699641603\n|switch|p1a: Swampert|Swampert, F|100\/100|[from] U-turn\n|move|p2a: Garchomp|Dragon Tail|p1a: Swampert\n|-damage|p1a: Swampert|74\/100\n|drag|p1a: Kilowattrel|Kilowattrel, F|61\/100\n|\n|-weather|RainDance|[upkeep]\n|upkeep\n|turn|10\n|\n|t:|1699641615\n|-terastallize|p1a: Kilowattrel|Water\n|move|p1a: Kilowattrel|Weather Ball|p2a: Garchomp\n|-damage|p2a: Garchomp|6\/100\n|-damage|p1a: Kilowattrel|51\/100|[from] item: Life Orb\n|move|p2a: Garchomp|Dragon Tail|p1a: Kilowattrel\n|-damage|p1a: Kilowattrel|11\/100\n|drag|p1a: Goodra|Goodra, M|100\/100\n|\n|-weather|none\n|upkeep\n|turn|11\n|\n|t:|1699641636\n|move|p1a: Goodra|Draco Meteor|p2a: Garchomp\n|-supereffective|p2a: Garchomp\n|-damage|p2a: Garchomp|0 fnt\n|-unboost|p1a: Goodra|spa|2\n|faint|p2a: Garchomp\n|\n|upkeep\n|\n|t:|1699641651\n|switch|p2a: Urshifu|Urshifu-Rapid-Strike, F|100\/100\n|turn|12\n|\n|t:|1699641656\n|switch|p1a: Pelipper|Pelipper, F|72\/100\n|-weather|RainDance|[from] ability: Drizzle|[of] p1a: Pelipper\n|move|p2a: Urshifu|Swords Dance|p2a: Urshifu\n|-boost|p2a: Urshifu|atk|2\n|\n|-weather|RainDance|[upkeep]\n|upkeep\n|turn|13\n|\n|t:|1699641665\n|move|p2a: Urshifu|Close Combat|p1a: Pelipper\n|-resisted|p1a: Pelipper\n|-damage|p1a: Pelipper|22\/100\n|-unboost|p2a: Urshifu|def|1\n|-unboost|p2a: Urshifu|spd|1\n|move|p1a: Pelipper|Hurricane|p2a: Urshifu\n|-supereffective|p2a: Urshifu\n|-damage|p2a: Urshifu|0 fnt\n|faint|p2a: Urshifu\n|\n|-weather|RainDance|[upkeep]\n|upkeep\n|\n|t:|1699641674\n|switch|p2a: Greninja|Greninja, M|100\/100\n|turn|14\n|l|\u2606HolyChomper\n|player|p1|\n|inactive|Battle timer is ON: inactive players will automatically lose when time's up. (requested by bigmoose246)\n|j|\u2606HolyChomper\n|inactive|HolyChomper reconnected and has 150 seconds left.\n|player|p1|HolyChomper|byron\n|\n|t:|1699641828\n|switch|p1a: Overqwil|Overqwil, M|100\/100\n|move|p2a: Greninja|Dark Pulse|p1a: Overqwil\n|-resisted|p1a: Overqwil\n|-damage|p1a: Overqwil|67\/100\n|-damage|p2a: Greninja|91\/100|[from] item: Life Orb\n|\n|-weather|RainDance|[upkeep]\n|-heal|p1a: Overqwil|73\/100|[from] item: Black Sludge\n|upkeep\n|turn|15\n|inactive|bigmoose246 has 120 seconds left.\n|inactive|bigmoose246 has 90 seconds left.\n|inactive|bigmoose246 has 60 seconds left.\n|inactive|bigmoose246 has 30 seconds left.\n|inactive|bigmoose246 has 20 seconds left.\n|inactive|bigmoose246 has 15 seconds left.\n|\n|t:|1699641965\n|move|p2a: Greninja|Water Shuriken|p1a: Overqwil\n|-damage|p1a: Overqwil|53\/100\n|-damage|p1a: Overqwil|33\/100\n|-hitcount|p1a: Overqwil|2\n|-damage|p2a: Greninja|81\/100|[from] item: Life Orb\n|move|p1a: Overqwil|Gunk Shot|p2a: Greninja\n|-damage|p2a: Greninja|0 fnt\n|faint|p2a: Greninja\n|\n|-weather|RainDance|[upkeep]\n|-heal|p1a: Overqwil|39\/100|[from] item: Black Sludge\n|upkeep\n|inactive|bigmoose246 has 20 seconds left this turn.\n|inactive|bigmoose246 has 15 seconds left.\n|\n|t:|1699641971\n|switch|p2a: Excadrill|Excadrill, F|100\/100\n|-ability|p2a: Excadrill|Mold Breaker\n|turn|16\n|inactive|bigmoose246 has 25 seconds left this turn.\n|inactive|bigmoose246 has 20 seconds left.\n|\n|t:|1699641980\n|move|p1a: Overqwil|Liquidation|p2a: Excadrill\n|-supereffective|p2a: Excadrill\n|-enditem|p2a: Excadrill|Focus Sash\n|-damage|p2a: Excadrill|1\/100\n|move|p2a: Excadrill|Iron Defense|p2a: Excadrill\n|-boost|p2a: Excadrill|def|2\n|\n|-weather|none\n|-heal|p1a: Overqwil|45\/100|[from] item: Black Sludge\n|upkeep\n|turn|17\n|inactive|bigmoose246 has 30 seconds left this turn.\n|\n|t:|1699641991\n|move|p2a: Excadrill|Drill Run|p1a: Overqwil\n|-supereffective|p1a: Overqwil\n|-damage|p1a: Overqwil|0 fnt\n|faint|p1a: Overqwil\n|\n|upkeep\n|\n|t:|1699641996\n|switch|p1a: Scizor|Scizor, M|100\/100\n|turn|18\n|c|\u2606HolyChomper|Gg\n|\n|t:|1699642002\n|move|p1a: Scizor|Bullet Punch|p2a: Excadrill\n|-resisted|p2a: Excadrill\n|-damage|p2a: Excadrill|0 fnt\n|faint|p2a: Excadrill\n|\n|win|HolyChomper\n|raw|HolyChomper's rating: 1086 &rarr; <strong>1112<\/strong><br \/>(+26 for winning)\n|raw|bigmoose246's rating: 1072 &rarr; <strong>1052<\/strong><br \/>(-20 for losing)\n|l|\u203dbigmoose246\n","uploadtime":1699642194,"views":6,"p1id":"holychomper","p2id":"bigmoose246","formatid":"gen9nationaldex","rating":1052,"private":0,"password":""}