{"id":"gen9nationaldex-1993450441","p1":"Algi73thereal1lmao","p2":"Pawelko","format":"[Gen 9] National Dex","log":"|j|\u2606Algi73thereal1lmao\n|j|\u2606Pawelko\n|t:|1700319443\n|gametype|singles\n|player|p1|Algi73thereal1lmao|ingo|1066\n|player|p2|Pawelko|brawly|1161\n|teamsize|p1|6\n|teamsize|p2|6\n|gen|9\n|tier|[Gen 9] National Dex\n|rated|\n|rule|HP Percentage Mod: HP is shown in percentages\n|rule|Endless Battle Clause: Forcing endless battles is banned\n|rule|OHKO Clause: OHKO moves are banned\n|rule|Evasion Clause: Evasion abilities, items, and moves are banned\n|rule|Evasion Abilities Clause: Evasion abilities are banned\n|rule|Evasion Items Clause: Evasion items are banned\n|rule|Evasion Moves Clause: Evasion moves are banned\n|rule|Species Clause: Limit one of each Pok\u00e9mon\n|rule|Sleep Clause Mod: Limit one foe put to sleep\n|clearpoke\n|poke|p1|Cinderace, M|\n|poke|p1|Corviknight, F|\n|poke|p1|Eldegoss, F|\n|poke|p1|Lapras, M|\n|poke|p1|Flygon, F|\n|poke|p1|Boldore, M|\n|poke|p2|Bouffalant, F|\n|poke|p2|Ursaluna, F|\n|poke|p2|Komala, M|\n|poke|p2|Pidgeot, F|\n|poke|p2|Snorlax, M|\n|poke|p2|Wyrdeer, M|\n|teampreview\n|\n|t:|1700319459\n|start\n|switch|p1a: Cinderace|Cinderace, M|100\/100\n|switch|p2a: afro byk|Bouffalant, F|100\/100\n|turn|1\n|\n|t:|1700319465\n|move|p1a: Cinderace|Pyro Ball|p2a: afro byk|[miss]\n|-miss|p1a: Cinderace|p2a: afro byk\n|move|p2a: afro byk|Wild Charge|p1a: Cinderace\n|-damage|p1a: Cinderace|5\/100\n|-damage|p2a: afro byk|82\/100|[from] Recoil\n|\n|upkeep\n|turn|2\n|\n|t:|1700319472\n|move|p1a: Cinderace|Pyro Ball|p2a: afro byk\n|-damage|p2a: afro byk|1\/100\n|move|p2a: afro byk|Wild Charge|p1a: Cinderace\n|-damage|p1a: Cinderace|0 fnt\n|faint|p1a: Cinderace\n|-damage|p2a: afro byk|0 fnt|[from] Recoil\n|faint|p2a: afro byk\n|\n|upkeep\n|inactive|Battle timer is ON: inactive players will automatically lose when time's up. (requested by Algi73thereal1lmao)\n|\n|t:|1700319481\n|switch|p1a: Corviknight|Corviknight, F|100\/100\n|switch|p2a: Snorlax|Snorlax, M|100\/100\n|turn|3\n|\n|t:|1700319487\n|move|p1a: Corviknight|Hone Claws|p1a: Corviknight\n|-boost|p1a: Corviknight|atk|1\n|-boost|p1a: Corviknight|accuracy|1\n|move|p2a: Snorlax|Curse|p2a: Snorlax\n|-unboost|p2a: Snorlax|spe|1\n|-boost|p2a: Snorlax|atk|1\n|-boost|p2a: Snorlax|def|1\n|\n|upkeep\n|turn|4\n|\n|t:|1700319495\n|move|p1a: Corviknight|Steel Wing|p2a: Snorlax\n|-damage|p2a: Snorlax|77\/100\n|move|p2a: Snorlax|Curse|p2a: Snorlax\n|-unboost|p2a: Snorlax|spe|1\n|-boost|p2a: Snorlax|atk|1\n|-boost|p2a: Snorlax|def|1\n|\n|upkeep\n|turn|5\n|\n|t:|1700319502\n|move|p1a: Corviknight|Drill Peck|p2a: Snorlax\n|-damage|p2a: Snorlax|52\/100\n|move|p2a: Snorlax|Curse|p2a: Snorlax\n|-unboost|p2a: Snorlax|spe|1\n|-boost|p2a: Snorlax|atk|1\n|-boost|p2a: Snorlax|def|1\n|\n|upkeep\n|turn|6\n|\n|t:|1700319514\n|move|p1a: Corviknight|Brave Bird|p2a: Snorlax\n|-damage|p2a: Snorlax|25\/100\n|-enditem|p2a: Snorlax|Aguav Berry|[eat]\n|-heal|p2a: Snorlax|58\/100|[from] item: Aguav Berry\n|-damage|p1a: Corviknight|88\/100|[from] Recoil\n|move|p2a: Snorlax|Crunch|p1a: Corviknight\n|-damage|p1a: Corviknight|30\/100\n|\n|upkeep\n|turn|7\n|\n|t:|1700319523\n|move|p1a: Corviknight|Brave Bird|p2a: Snorlax\n|-damage|p2a: Snorlax|29\/100\n|-damage|p1a: Corviknight|17\/100|[from] Recoil\n|move|p2a: Snorlax|Recycle|p2a: Snorlax\n|-item|p2a: Snorlax|Aguav Berry|[from] move: Recycle\n|-enditem|p2a: Snorlax|Aguav Berry|[eat]\n|-heal|p2a: Snorlax|62\/100|[from] item: Aguav Berry\n|\n|upkeep\n|turn|8\n|\n|t:|1700319531\n|move|p1a: Corviknight|Drill Peck|p2a: Snorlax\n|-damage|p2a: Snorlax|42\/100\n|move|p2a: Snorlax|Curse|p2a: Snorlax\n|-unboost|p2a: Snorlax|spe|1\n|-boost|p2a: Snorlax|atk|1\n|-boost|p2a: Snorlax|def|1\n|\n|upkeep\n|turn|9\n|\n|t:|1700319538\n|move|p1a: Corviknight|Brave Bird|p2a: Snorlax\n|-damage|p2a: Snorlax|20\/100\n|-damage|p1a: Corviknight|7\/100|[from] Recoil\n|move|p2a: Snorlax|Recycle|p2a: Snorlax\n|-item|p2a: Snorlax|Aguav Berry|[from] move: Recycle\n|-enditem|p2a: Snorlax|Aguav Berry|[eat]\n|-heal|p2a: Snorlax|54\/100|[from] item: Aguav Berry\n|\n|upkeep\n|turn|10\n|\n|t:|1700319547\n|move|p1a: Corviknight|Brave Bird|p2a: Snorlax\n|-damage|p2a: Snorlax|30\/100\n|-damage|p1a: Corviknight|0 fnt|[from] Recoil\n|faint|p1a: Corviknight\n|move|p2a: Snorlax|Recycle|p2a: Snorlax\n|-item|p2a: Snorlax|Aguav Berry|[from] move: Recycle\n|-enditem|p2a: Snorlax|Aguav Berry|[eat]\n|-heal|p2a: Snorlax|63\/100|[from] item: Aguav Berry\n|\n|upkeep\n|\n|t:|1700319558\n|switch|p1a: Flygon|Flygon, F|100\/100\n|turn|11\n|\n|t:|1700319561\n|move|p1a: Flygon|Dig||[still]\n|-prepare|p1a: Flygon|Dig\n|move|p2a: Snorlax|Recycle|p2a: Snorlax\n|-item|p2a: Snorlax|Aguav Berry|[from] move: Recycle\n|\n|upkeep\n|turn|12\n|\n|t:|1700319567\n|move|p1a: Flygon|Dig|p2a: Snorlax|[from]lockedmove\n|-damage|p2a: Snorlax|49\/100\n|-enditem|p2a: Snorlax|Aguav Berry|[eat]\n|-heal|p2a: Snorlax|83\/100|[from] item: Aguav Berry\n|move|p2a: Snorlax|Body Slam|p1a: Flygon\n|-crit|p1a: Flygon\n|-damage|p1a: Flygon|0 fnt\n|faint|p1a: Flygon\n|\n|upkeep\n|\n|t:|1700319577\n|switch|p1a: Lapras|Lapras, M|100\/100\n|turn|13\n|\n|t:|1700319580\n|move|p1a: Lapras|Perish Song|p1a: Lapras\n|-start|p1a: Lapras|perish3|[silent]\n|-start|p2a: Snorlax|perish3|[silent]\n|-fieldactivate|move: Perish Song\n|move|p2a: Snorlax|Body Slam|p1a: Lapras\n|-damage|p1a: Lapras|0 fnt\n|faint|p1a: Lapras\n|\n|-start|p2a: Snorlax|perish3\n|upkeep\n|\n|t:|1700319587\n|switch|p1a: Boldore|Boldore, M|100\/100\n|turn|14\n|\n|t:|1700319598\n|move|p1a: Boldore|Iron Defense|p1a: Boldore\n|-boost|p1a: Boldore|def|2\n|move|p2a: Snorlax|Crunch|p1a: Boldore\n|-damage|p1a: Boldore|61\/100\n|-damage|p2a: Snorlax|66\/100|[from] item: Rocky Helmet|[of] p1a: Boldore\n|\n|-start|p2a: Snorlax|perish2\n|upkeep\n|turn|15\n|\n|t:|1700319606\n|move|p1a: Boldore|Iron Defense|p1a: Boldore\n|-boost|p1a: Boldore|def|2\n|move|p2a: Snorlax|Crunch|p1a: Boldore\n|-crit|p1a: Boldore\n|-damage|p1a: Boldore|0 fnt\n|-damage|p2a: Snorlax|49\/100|[from] item: Rocky Helmet|[of] p1a: Boldore\n|faint|p1a: Boldore\n|\n|-start|p2a: Snorlax|perish1\n|upkeep\n|\n|t:|1700319615\n|switch|p1a: Eldegoss|Eldegoss, F|100\/100\n|turn|16\n|\n|t:|1700319626\n|-terastallize|p1a: Eldegoss|Fairy\n|move|p1a: Eldegoss|Sleep Powder|p2a: Snorlax|[miss]\n|-miss|p1a: Eldegoss|p2a: Snorlax\n|move|p2a: Snorlax|Body Slam|p1a: Eldegoss\n|-damage|p1a: Eldegoss|0 fnt\n|-ability|p1a: Eldegoss|Cotton Down\n|-unboost|p2a: Snorlax|spe|1\n|faint|p1a: Eldegoss\n|\n|win|Pawelko\n|raw|Algi73thereal1lmao's rating: 1066 &rarr; <strong>1051<\/strong><br \/>(-15 for losing)\n|raw|Pawelko's rating: 1161 &rarr; <strong>1179<\/strong><br \/>(+18 for winning)\n","uploadtime":1700319635,"views":5,"p1id":"algi73thereal1lmao","p2id":"pawelko","formatid":"gen9nationaldex","rating":1051,"private":0,"password":""}