{"id":"gen9nationaldex-1997941657","p1":"Eduardo zendejas","p2":"gfjfjrj","format":"[Gen 9] National Dex","log":"|html|<div class=\"broadcast-blue\"><strong>[Gen 9] National Dex is currently suspecting Sneasler! For information on how to participate check out the <a href=\"https:\/\/www.smogon.com\/forums\/threads\/sv-national-dex-suspect-8-just-dance.3731534\/\">suspect thread<\/a>.<\/strong><\/div>\n|j|\u2606Eduardo zendejas\n|j|\u2606gfjfjrj\n|t:|1700870112\n|gametype|singles\n|player|p1|Eduardo zendejas|benga|1101\n|player|p2|gfjfjrj|colress|1065\n|teamsize|p1|6\n|teamsize|p2|5\n|gen|9\n|tier|[Gen 9] National Dex\n|rated|\n|rule|HP Percentage Mod: HP is shown in percentages\n|rule|Endless Battle Clause: Forcing endless battles is banned\n|rule|OHKO Clause: OHKO moves are banned\n|rule|Evasion Clause: Evasion abilities, items, and moves are banned\n|rule|Evasion Abilities Clause: Evasion abilities are banned\n|rule|Evasion Items Clause: Evasion items are banned\n|rule|Evasion Moves Clause: Evasion moves are banned\n|rule|Species Clause: Limit one of each Pok\u00e9mon\n|rule|Sleep Clause Mod: Limit one foe put to sleep\n|clearpoke\n|poke|p1|Charizard, F|\n|poke|p1|Landorus-Therian, M|\n|poke|p1|Tapu Fini|\n|poke|p1|Latios, M|\n|poke|p1|Magnezone|\n|poke|p1|Clefable, M|\n|poke|p2|Decidueye, M|\n|poke|p2|Crobat, M|\n|poke|p2|Necrozma|\n|poke|p2|Gyarados, M|\n|poke|p2|Spritzee, F|\n|teampreview\n|inactive|Battle timer is ON: inactive players will automatically lose when time's up. (requested by Eduardo zendejas)\n|\n|t:|1700870123\n|start\n|switch|p1a: Charizard|Charizard, F|100\/100\n|switch|p2a: Necrozma|Necrozma|100\/100\n|turn|1\n|\n|t:|1700870131\n|detailschange|p1a: Charizard|Charizard-Mega-Y, F\n|-mega|p1a: Charizard|Charizard|Charizardite Y\n|-weather|SunnyDay|[from] ability: Drought|[of] p1a: Charizard\n|move|p1a: Charizard|Flamethrower|p2a: Necrozma\n|-damage|p2a: Necrozma|3\/100\n|move|p2a: Necrozma|Autotomize|p2a: Necrozma\n|-boost|p2a: Necrozma|spe|2\n|-start|p2a: Necrozma|Autotomize\n|\n|-weather|SunnyDay|[upkeep]\n|upkeep\n|turn|2\n|\n|t:|1700870140\n|move|p2a: Necrozma|Heat Wave|p1a: Charizard|[miss]\n|-miss|p2a: Necrozma|p1a: Charizard\n|move|p1a: Charizard|Flamethrower|p2a: Necrozma\n|-damage|p2a: Necrozma|0 fnt\n|faint|p2a: Necrozma\n|\n|-weather|SunnyDay|[upkeep]\n|upkeep\n|\n|t:|1700870146\n|switch|p2a: Gyarados|Gyarados, M|100\/100\n|-ability|p2a: Gyarados|Intimidate|boost\n|-unboost|p1a: Charizard|atk|1\n|turn|3\n|\n|t:|1700870158\n|detailschange|p2a: Gyarados|Gyarados-Mega, M\n|-mega|p2a: Gyarados|Gyarados|Gyaradosite\n|-ability|p2a: Gyarados|Mold Breaker\n|move|p1a: Charizard|Solar Beam||[still]\n|-prepare|p1a: Charizard|Solar Beam\n|-anim|p1a: Charizard|Solar Beam|p2a: Gyarados\n|-supereffective|p2a: Gyarados\n|-damage|p2a: Gyarados|30\/100\n|move|p2a: Gyarados|Dragon Dance|p2a: Gyarados\n|-boost|p2a: Gyarados|atk|1\n|-boost|p2a: Gyarados|spe|1\n|\n|-weather|SunnyDay|[upkeep]\n|upkeep\n|turn|4\n|\n|t:|1700870167\n|move|p1a: Charizard|Solar Beam||[still]\n|-prepare|p1a: Charizard|Solar Beam\n|-anim|p1a: Charizard|Solar Beam|p2a: Gyarados\n|-supereffective|p2a: Gyarados\n|-damage|p2a: Gyarados|0 fnt\n|faint|p2a: Gyarados\n|\n|-weather|SunnyDay|[upkeep]\n|upkeep\n|\n|t:|1700870175\n|switch|p2a: Crobat|Crobat, M|100\/100\n|turn|5\n|\n|t:|1700870178\n|move|p2a: Crobat|Poison Fang|p1a: Charizard\n|-damage|p1a: Charizard|69\/100\n|move|p1a: Charizard|Flamethrower|p2a: Crobat\n|-damage|p2a: Crobat|0 fnt\n|faint|p2a: Crobat\n|\n|-weather|none\n|upkeep\n|\n|t:|1700870186\n|switch|p2a: Spritzee|Spritzee, F|100\/100\n|turn|6\n|\n|t:|1700870189\n|move|p1a: Charizard|Flamethrower|p2a: Spritzee\n|-crit|p2a: Spritzee\n|-damage|p2a: Spritzee|54\/100\n|move|p2a: Spritzee|Toxic|p1a: Charizard\n|-status|p1a: Charizard|tox\n|\n|-damage|p1a: Charizard|63\/100 tox|[from] psn\n|upkeep\n|turn|7\n|\n|t:|1700870202\n|move|p1a: Charizard|Flamethrower|p2a: Spritzee\n|-damage|p2a: Spritzee|20\/100\n|move|p2a: Spritzee|Wish|p2a: Spritzee\n|\n|-damage|p1a: Charizard|51\/100 tox|[from] psn\n|upkeep\n|turn|8\n|\n|t:|1700870207\n|move|p2a: Spritzee|Protect|p2a: Spritzee\n|-singleturn|p2a: Spritzee|Protect\n|move|p1a: Charizard|Flamethrower|p2a: Spritzee\n|-activate|p2a: Spritzee|move: Protect\n|\n|-heal|p2a: Spritzee|70\/100|[from] move: Wish|[wisher] Spritzee\n|-damage|p1a: Charizard|32\/100 tox|[from] psn\n|upkeep\n|turn|9\n|\n|t:|1700870227\n|move|p1a: Charizard|Flamethrower|p2a: Spritzee\n|-damage|p2a: Spritzee|38\/100\n|move|p2a: Spritzee|Wish|p2a: Spritzee\n|\n|-damage|p1a: Charizard|8\/100 tox|[from] psn\n|upkeep\n|turn|10\n|\n|t:|1700870236\n|switch|p1a: Magnezone|Magnezone|100\/100\n|-item|p1a: Magnezone|Air Balloon\n|move|p2a: Spritzee|Protect||[still]\n|-fail|p2a: Spritzee\n|\n|-heal|p2a: Spritzee|88\/100|[from] move: Wish|[wisher] Spritzee\n|upkeep\n|turn|11\n|\n|t:|1700870244\n|switch|p2a: Decidueye|Decidueye, M|100\/100\n|move|p1a: Magnezone|Flash Cannon|p2a: Decidueye\n|-damage|p2a: Decidueye|54\/100\n|\n|upkeep\n|turn|12\n|\n|t:|1700870258\n|switch|p1a: Charizard|Charizard-Mega-Y, F|8\/100 tox\n|-weather|SunnyDay|[from] ability: Drought|[of] p1a: Charizard\n|move|p2a: Decidueye|Swords Dance|p2a: Decidueye\n|-boost|p2a: Decidueye|atk|2\n|\n|-weather|SunnyDay|[upkeep]\n|-damage|p1a: Charizard|2\/100 tox|[from] psn\n|upkeep\n|turn|13\n|\n|t:|1700870265\n|move|p1a: Charizard|Flamethrower|p2a: Decidueye\n|-supereffective|p2a: Decidueye\n|-damage|p2a: Decidueye|0 fnt\n|faint|p2a: Decidueye\n|\n|-weather|SunnyDay|[upkeep]\n|-damage|p1a: Charizard|0 fnt|[from] psn\n|faint|p1a: Charizard\n|upkeep\n|-message|gfjfjrj forfeited.\n|\n|win|Eduardo zendejas\n|raw|Eduardo zendejas's rating: 1101 &rarr; <strong>1123<\/strong><br \/>(+22 for winning)\n|raw|gfjfjrj's rating: 1065 &rarr; <strong>1047<\/strong><br \/>(-18 for losing)\n|l|\u2606gfjfjrj\n","uploadtime":1700870275,"views":1,"p1id":"eduardozendejas","p2id":"gfjfjrj","formatid":"gen9nationaldex","rating":1047,"private":0,"password":""}