{"id":"gen9nationaldex-1989400091","p1":"GeoInDaBin","p2":"sheeps are u","format":"[Gen 9] National Dex","log":"|j|\u2606GeoInDaBin\n|j|\u2606sheeps are u\n|t:|1699845396\n|gametype|singles\n|player|p1|GeoInDaBin|shauntal|1054\n|player|p2|sheeps are u|1|1055\n|teamsize|p1|6\n|teamsize|p2|6\n|gen|9\n|tier|[Gen 9] National Dex\n|rated|\n|rule|HP Percentage Mod: HP is shown in percentages\n|rule|Endless Battle Clause: Forcing endless battles is banned\n|rule|OHKO Clause: OHKO moves are banned\n|rule|Evasion Clause: Evasion abilities, items, and moves are banned\n|rule|Evasion Abilities Clause: Evasion abilities are banned\n|rule|Evasion Items Clause: Evasion items are banned\n|rule|Evasion Moves Clause: Evasion moves are banned\n|rule|Species Clause: Limit one of each Pok\u00e9mon\n|rule|Sleep Clause Mod: Limit one foe put to sleep\n|clearpoke\n|poke|p1|Beheeyem, F|\n|poke|p1|Miltank, F|\n|poke|p1|Shiinotic, F|\n|poke|p1|Gyarados, F|\n|poke|p1|Turtonator, M|\n|poke|p1|Dhelmise|\n|poke|p2|Butterfree, M|\n|poke|p2|Pelipper, M|\n|poke|p2|Basculegion-F, F|\n|poke|p2|Swampert, M|\n|poke|p2|Garganacl, M|\n|poke|p2|Landorus-Therian, M|\n|teampreview\n|\n|t:|1699845415\n|start\n|switch|p1a: Beheeyem|Beheeyem, F|100\/100\n|switch|p2a: Pelipper|Pelipper, M|100\/100\n|-weather|RainDance|[from] ability: Drizzle|[of] p2a: Pelipper\n|turn|1\n|\n|t:|1699845422\n|move|p2a: Pelipper|U-turn|p1a: Beheeyem\n|-supereffective|p1a: Beheeyem\n|-damage|p1a: Beheeyem|76\/100\n|\n|t:|1699845427\n|switch|p2a: Landorus|Landorus-Therian, M|100\/100|[from] U-turn\n|-ability|p2a: Landorus|Intimidate|boost\n|-unboost|p1a: Beheeyem|atk|1\n|move|p1a: Beheeyem|Thunderbolt|p2a: Landorus\n|-immune|p2a: Landorus\n|\n|-weather|RainDance|[upkeep]\n|upkeep\n|turn|2\n|\n|t:|1699845437\n|switch|p1a: Dhelmise|Dhelmise|100\/100\n|move|p2a: Landorus|Stealth Rock|p1a: Dhelmise\n|-sidestart|p1: GeoInDaBin|move: Stealth Rock\n|\n|-weather|RainDance|[upkeep]\n|upkeep\n|turn|3\n|\n|t:|1699845445\n|move|p2a: Landorus|Knock Off|p1a: Dhelmise\n|-supereffective|p1a: Dhelmise\n|-damage|p1a: Dhelmise|40\/100\n|-enditem|p1a: Dhelmise|Heavy-Duty Boots|[from] move: Knock Off|[of] p2a: Landorus\n|move|p1a: Dhelmise|Rapid Spin|p2a: Landorus\n|-damage|p2a: Landorus|86\/100\n|-boost|p1a: Dhelmise|spe|1\n|-sideend|p1: GeoInDaBin|Stealth Rock|[from] move: Rapid Spin|[of] p1a: Dhelmise\n|\n|-weather|RainDance|[upkeep]\n|-heal|p2a: Landorus|92\/100|[from] item: Leftovers\n|upkeep\n|turn|4\n|\n|t:|1699845450\n|move|p2a: Landorus|Knock Off|p1a: Dhelmise\n|-supereffective|p1a: Dhelmise\n|-damage|p1a: Dhelmise|2\/100\n|move|p1a: Dhelmise|Power Whip|p2a: Landorus\n|-damage|p2a: Landorus|44\/100\n|\n|-weather|RainDance|[upkeep]\n|-heal|p2a: Landorus|50\/100|[from] item: Leftovers\n|upkeep\n|turn|5\n|\n|t:|1699845457\n|switch|p1a: Shiinotic|Shiinotic, F|100\/100\n|move|p2a: Landorus|Knock Off|p1a: Shiinotic\n|-resisted|p1a: Shiinotic\n|-damage|p1a: Shiinotic|86\/100\n|-enditem|p1a: Shiinotic|Leftovers|[from] move: Knock Off|[of] p2a: Landorus\n|\n|-weather|RainDance|[upkeep]\n|-heal|p2a: Landorus|57\/100|[from] item: Leftovers\n|upkeep\n|turn|6\n|\n|t:|1699845462\n|move|p2a: Landorus|Stealth Rock|p1a: Shiinotic\n|-sidestart|p1: GeoInDaBin|move: Stealth Rock\n|move|p1a: Shiinotic|Leech Seed|p2a: Landorus\n|-start|p2a: Landorus|move: Leech Seed\n|\n|-weather|RainDance|[upkeep]\n|-heal|p2a: Landorus|63\/100|[from] item: Leftovers\n|-damage|p2a: Landorus|50\/100|[from] Leech Seed|[of] p1a: Shiinotic\n|-heal|p1a: Shiinotic|99\/100|[silent]\n|upkeep\n|turn|7\n|\n|t:|1699845469\n|switch|p2a: Butterfree|Butterfree, M|100\/100\n|move|p1a: Shiinotic|Substitute|p1a: Shiinotic\n|-start|p1a: Shiinotic|Substitute\n|-damage|p1a: Shiinotic|75\/100\n|\n|-weather|RainDance|[upkeep]\n|upkeep\n|turn|8\n|\n|t:|1699845474\n|move|p2a: Butterfree|Hurricane|p1a: Shiinotic\n|-supereffective|p1a: Shiinotic\n|-end|p1a: Shiinotic|Substitute\n|move|p1a: Shiinotic|Leech Seed|p2a: Butterfree|[miss]\n|-miss|p1a: Shiinotic|p2a: Butterfree\n|\n|-weather|none\n|upkeep\n|turn|9\n|\n|t:|1699845479\n|move|p1a: Shiinotic|Protect|p1a: Shiinotic\n|-singleturn|p1a: Shiinotic|Protect\n|move|p2a: Butterfree|Hurricane|p1a: Shiinotic\n|-activate|p1a: Shiinotic|move: Protect\n|\n|upkeep\n|turn|10\n|\n|t:|1699845487\n|-terastallize|p1a: Shiinotic|Steel\n|move|p2a: Butterfree|Hurricane|p1a: Shiinotic\n|-resisted|p1a: Shiinotic\n|-damage|p1a: Shiinotic|55\/100\n|move|p1a: Shiinotic|Leech Seed|p2a: Butterfree\n|-start|p2a: Butterfree|move: Leech Seed\n|\n|-damage|p2a: Butterfree|88\/100|[from] Leech Seed|[of] p1a: Shiinotic\n|-heal|p1a: Shiinotic|65\/100|[silent]\n|upkeep\n|turn|11\n|\n|t:|1699845496\n|move|p2a: Butterfree|Sleep Powder|p1a: Shiinotic\n|-status|p1a: Shiinotic|slp|[from] move: Sleep Powder\n|cant|p1a: Shiinotic|slp\n|\n|-damage|p2a: Butterfree|76\/100|[from] Leech Seed|[of] p1a: Shiinotic\n|-heal|p1a: Shiinotic|75\/100 slp|[silent]\n|upkeep\n|turn|12\n|\n|t:|1699845506\n|switch|p1a: Dhelmise|Dhelmise|2\/100\n|-damage|p1a: Dhelmise|0 fnt|[from] Stealth Rock\n|faint|p1a: Dhelmise\n|move|p2a: Butterfree|Teleport|p2a: Butterfree\n|\n|t:|1699845509\n|switch|p2a: Pelipper|Pelipper, M|100\/100|[from] Teleport\n|-weather|RainDance|[from] ability: Drizzle|[of] p2a: Pelipper\n|\n|-weather|RainDance|[upkeep]\n|upkeep\n|\n|t:|1699845515\n|switch|p1a: Beheeyem|Beheeyem, F|76\/100\n|-damage|p1a: Beheeyem|64\/100|[from] Stealth Rock\n|turn|13\n|\n|t:|1699845519\n|move|p2a: Pelipper|Hydro Pump|p1a: Beheeyem\n|-crit|p1a: Beheeyem\n|-damage|p1a: Beheeyem|0 fnt\n|faint|p1a: Beheeyem\n|\n|-weather|RainDance|[upkeep]\n|upkeep\n|-message|GeoInDaBin forfeited.\n|\n|win|sheeps are u\n|raw|GeoInDaBin's rating: 1054 &rarr; <strong>1036<\/strong><br \/>(-18 for losing)\n|raw|sheeps are u's rating: 1055 &rarr; <strong>1087<\/strong><br \/>(+32 for winning)\n|l|\u2606GeoInDaBin\n","uploadtime":1699845623,"views":7,"p1id":"geoindabin","p2id":"sheepsareu","formatid":"gen9nationaldex","rating":1036,"private":0,"password":""}