{"id":"gen9nationaldex-1997523416","p1":"221savage","p2":"monkey kkk","format":"[Gen 9] National Dex","log":"|html|<div class=\"broadcast-blue\"><strong>[Gen 9] National Dex is currently suspecting Sneasler! For information on how to participate check out the <a href=\"https:\/\/www.smogon.com\/forums\/threads\/sv-national-dex-suspect-8-just-dance.3731534\/\">suspect thread<\/a>.<\/strong><\/div>\n|j|\u2606221savage\n|j|\u2606monkey kkk\n|t:|1700819853\n|gametype|singles\n|player|p1|221savage|2|1394\n|player|p2|monkey kkk|twins-gen4dp|1366\n|teamsize|p1|6\n|teamsize|p2|6\n|gen|9\n|tier|[Gen 9] National Dex\n|rated|\n|rule|HP Percentage Mod: HP is shown in percentages\n|rule|Endless Battle Clause: Forcing endless battles is banned\n|rule|OHKO Clause: OHKO moves are banned\n|rule|Evasion Clause: Evasion abilities, items, and moves are banned\n|rule|Evasion Abilities Clause: Evasion abilities are banned\n|rule|Evasion Items Clause: Evasion items are banned\n|rule|Evasion Moves Clause: Evasion moves are banned\n|rule|Species Clause: Limit one of each Pok\u00e9mon\n|rule|Sleep Clause Mod: Limit one foe put to sleep\n|clearpoke\n|poke|p1|Blastoise, M|\n|poke|p1|Banette, F|\n|poke|p1|Machamp, F|\n|poke|p1|Darmanitan, F|\n|poke|p1|Tsareena, F|\n|poke|p1|Toxtricity, M|\n|poke|p2|Zamazenta-*|\n|poke|p2|Heatran, F|\n|poke|p2|Rillaboom, F|\n|poke|p2|Alomomola, M|\n|poke|p2|Banette, F|\n|poke|p2|Tapu Koko|\n|teampreview\n|inactive|Battle timer is ON: inactive players will automatically lose when time's up. (requested by monkey kkk)\n|\n|t:|1700819867\n|start\n|switch|p1a: Toxtricity|Toxtricity, M|100\/100\n|switch|p2a: Banette|Banette, F|100\/100\n|-item|p1a: Toxtricity|Choice Specs|[from] ability: Frisk|[of] p2a: Banette|[identify]\n|turn|1\n|\n|t:|1700819896\n|detailschange|p2a: Banette|Banette-Mega, F\n|-mega|p2a: Banette|Banette|Banettite\n|move|p2a: Banette|Destiny Bond|p2a: Banette\n|-singlemove|p2a: Banette|Destiny Bond\n|move|p1a: Toxtricity|Volt Switch|p2a: Banette\n|-damage|p2a: Banette|26\/100\n|inactive|221savage has 120 seconds left.\n|\n|t:|1700819935\n|switch|p1a: Machamp|Machamp, F|100\/100|[from] Volt Switch\n|\n|upkeep\n|turn|2\n|\n|t:|1700819954\n|move|p2a: Banette|Poltergeist|p1a: Machamp\n|-activate|p1a: Machamp|move: Poltergeist|Life Orb\n|-damage|p1a: Machamp|32\/100\n|move|p1a: Machamp|Stone Edge|p2a: Banette\n|-damage|p2a: Banette|0 fnt\n|faint|p2a: Banette\n|-damage|p1a: Machamp|22\/100|[from] item: Life Orb\n|\n|upkeep\n|inactive|monkey kkk has 120 seconds left.\n|\n|t:|1700819970\n|switch|p2a: Rillaboom|Rillaboom, F|100\/100\n|-fieldstart|move: Grassy Terrain|[from] ability: Grassy Surge|[of] p2a: Rillaboom\n|turn|3\n|\n|t:|1700819994\n|move|p2a: Rillaboom|U-turn|p1a: Machamp\n|-resisted|p1a: Machamp\n|-damage|p1a: Machamp|9\/100\n|\n|t:|1700819998\n|switch|p2a: Alomomola|Alomomola, M|100\/100|[from] U-turn\n|move|p1a: Machamp|Dynamic Punch|p2a: Alomomola\n|-damage|p2a: Alomomola|57\/100\n|-start|p2a: Alomomola|confusion\n|-damage|p1a: Machamp|0 fnt|[from] item: Rocky Helmet|[of] p2a: Alomomola\n|faint|p1a: Machamp\n|\n|-heal|p2a: Alomomola|64\/100|[from] Grassy Terrain\n|upkeep\n|inactive|221savage has 90 seconds left.\n|\n|t:|1700820019\n|switch|p1a: Toxtricity|Toxtricity, M|100\/100\n|turn|4\n|\n|t:|1700820029\n|-activate|p2a: Alomomola|confusion\n|move|p2a: Alomomola|Protect|p2a: Alomomola\n|-singleturn|p2a: Alomomola|Protect\n|move|p1a: Toxtricity|Volt Switch|p2a: Alomomola\n|-activate|p2a: Alomomola|move: Protect\n|\n|-heal|p2a: Alomomola|70\/100|[from] Grassy Terrain\n|upkeep\n|turn|5\n|\n|t:|1700820043\n|switch|p2a: Rillaboom|Rillaboom, F|100\/100\n|move|p1a: Toxtricity|Volt Switch|p2a: Rillaboom\n|-resisted|p2a: Rillaboom\n|-damage|p2a: Rillaboom|78\/100\n|\n|t:|1700820053\n|switch|p1a: Darmanitan|Darmanitan, F|100\/100|[from] Volt Switch\n|\n|-heal|p2a: Rillaboom|84\/100|[from] Grassy Terrain\n|upkeep\n|turn|6\n|\n|t:|1700820064\n|switch|p2a: Alomomola|Alomomola, M|100\/100\n|move|p1a: Darmanitan|Earthquake|p2a: Alomomola\n|-damage|p2a: Alomomola|90\/100\n|\n|-heal|p2a: Alomomola|96\/100|[from] Grassy Terrain\n|upkeep\n|turn|7\n|\n|t:|1700820089\n|switch|p1a: Blastoise|Blastoise, M|100\/100\n|move|p2a: Alomomola|Flip Turn|p1a: Blastoise\n|-resisted|p1a: Blastoise\n|-damage|p1a: Blastoise|93\/100\n|\n|t:|1700820097\n|switch|p2a: Tapu Koko|Tapu Koko|100\/100|[from] Flip Turn\n|-fieldstart|move: Electric Terrain|[from] ability: Electric Surge|[of] p2a: Tapu Koko\n|\n|upkeep\n|turn|8\n|\n|t:|1700820109\n|-zpower|p2a: Tapu Koko\n|move|p2a: Tapu Koko|Gigavolt Havoc|p1a: Blastoise|[zeffect]\n|-supereffective|p1a: Blastoise\n|-damage|p1a: Blastoise|0 fnt\n|faint|p1a: Blastoise\n|\n|upkeep\n|inactive|221savage has 90 seconds left.\n|\n|t:|1700820141\n|switch|p1a: Toxtricity|Toxtricity, M|100\/100\n|turn|9\n|\n|t:|1700820152\n|switch|p2a: Heatran|Heatran, F|100\/100\n|move|p1a: Toxtricity|Overdrive|p2a: Heatran\n|-damage|p2a: Heatran|27\/100\n|\n|-heal|p2a: Heatran|33\/100|[from] item: Leftovers\n|upkeep\n|turn|10\n|inactive|221savage has 90 seconds left.\n|\n|t:|1700820177\n|switch|p2a: Rillaboom|Rillaboom, F|84\/100\n|-fieldstart|move: Grassy Terrain|[from] ability: Grassy Surge|[of] p2a: Rillaboom\n|switch|p1a: Banette|Banette, F|100\/100\n|\n|-heal|p2a: Rillaboom|90\/100|[from] Grassy Terrain\n|upkeep\n|turn|11\n|\n|t:|1700820189\n|detailschange|p1a: Banette|Banette-Mega, F\n|-mega|p1a: Banette|Banette|Banettite\n|move|p2a: Rillaboom|Wood Hammer|p1a: Banette\n|-damage|p1a: Banette|0 fnt\n|faint|p1a: Banette\n|-damage|p2a: Rillaboom|60\/100|[from] Recoil\n|\n|-heal|p2a: Rillaboom|66\/100|[from] Grassy Terrain\n|upkeep\n|\n|t:|1700820203\n|switch|p1a: Darmanitan|Darmanitan, F|100\/100\n|turn|12\n|\n|t:|1700820207\n|switch|p2a: Alomomola|Alomomola, M|100\/100\n|move|p1a: Darmanitan|U-turn|p2a: Alomomola\n|-damage|p2a: Alomomola|84\/100\n|-damage|p1a: Darmanitan|84\/100|[from] item: Rocky Helmet|[of] p2a: Alomomola\n|\n|t:|1700820209\n|switch|p1a: Toxtricity|Toxtricity, M|100\/100|[from] U-turn\n|\n|-heal|p2a: Alomomola|90\/100|[from] Grassy Terrain\n|upkeep\n|turn|13\n|\n|t:|1700820218\n|move|p2a: Alomomola|Protect|p2a: Alomomola\n|-singleturn|p2a: Alomomola|Protect\n|move|p1a: Toxtricity|Volt Switch|p2a: Alomomola\n|-activate|p2a: Alomomola|move: Protect\n|\n|-heal|p2a: Alomomola|96\/100|[from] Grassy Terrain\n|upkeep\n|turn|14\n|\n|t:|1700820224\n|switch|p2a: Rillaboom|Rillaboom, F|66\/100\n|move|p1a: Toxtricity|Volt Switch|p2a: Rillaboom\n|-resisted|p2a: Rillaboom\n|-damage|p2a: Rillaboom|46\/100\n|\n|t:|1700820227\n|switch|p1a: Darmanitan|Darmanitan, F|84\/100|[from] Volt Switch\n|\n|-heal|p1a: Darmanitan|90\/100|[from] Grassy Terrain\n|-heal|p2a: Rillaboom|52\/100|[from] Grassy Terrain\n|-fieldend|move: Grassy Terrain\n|upkeep\n|turn|15\n|\n|t:|1700820240\n|switch|p2a: Alomomola|Alomomola, M|100\/100\n|move|p1a: Darmanitan|U-turn|p2a: Alomomola\n|-damage|p2a: Alomomola|86\/100\n|-damage|p1a: Darmanitan|74\/100|[from] item: Rocky Helmet|[of] p2a: Alomomola\n|\n|t:|1700820243\n|switch|p1a: Toxtricity|Toxtricity, M|100\/100|[from] U-turn\n|\n|upkeep\n|turn|16\n|\n|t:|1700820248\n|move|p2a: Alomomola|Protect|p2a: Alomomola\n|-singleturn|p2a: Alomomola|Protect\n|move|p1a: Toxtricity|Volt Switch|p2a: Alomomola\n|-activate|p2a: Alomomola|move: Protect\n|\n|upkeep\n|turn|17\n|\n|t:|1700820260\n|switch|p2a: Rillaboom|Rillaboom, F|52\/100\n|-fieldstart|move: Grassy Terrain|[from] ability: Grassy Surge|[of] p2a: Rillaboom\n|move|p1a: Toxtricity|Volt Switch|p2a: Rillaboom\n|-resisted|p2a: Rillaboom\n|-damage|p2a: Rillaboom|31\/100\n|\n|t:|1700820263\n|switch|p1a: Darmanitan|Darmanitan, F|74\/100|[from] Volt Switch\n|\n|-heal|p1a: Darmanitan|80\/100|[from] Grassy Terrain\n|-heal|p2a: Rillaboom|38\/100|[from] Grassy Terrain\n|upkeep\n|turn|18\n|\n|t:|1700820280\n|switch|p1a: Toxtricity|Toxtricity, M|100\/100\n|-terastallize|p2a: Rillaboom|Rock\n|move|p2a: Rillaboom|Tera Blast|p1a: Toxtricity|[anim] Tera Blast Rock\n|-damage|p1a: Toxtricity|42\/100\n|\n|-heal|p2a: Rillaboom|44\/100|[from] Grassy Terrain\n|-heal|p1a: Toxtricity|48\/100|[from] Grassy Terrain\n|upkeep\n|turn|19\n|\n|t:|1700820299\n|switch|p2a: Heatran|Heatran, F|33\/100\n|switch|p1a: Tsareena|Tsareena, F|100\/100\n|\n|-heal|p2a: Heatran|39\/100|[from] Grassy Terrain\n|-heal|p2a: Heatran|45\/100|[from] item: Leftovers\n|upkeep\n|turn|20\n|\n|t:|1700820309\n|move|p1a: Tsareena|High Jump Kick|p2a: Heatran\n|-supereffective|p2a: Heatran\n|-damage|p2a: Heatran|0 fnt\n|faint|p2a: Heatran\n|\n|upkeep\n|\n|t:|1700820318\n|switch|p2a: Zamazenta|Zamazenta|100\/100\n|-ability|p2a: Zamazenta|Dauntless Shield|boost\n|-boost|p2a: Zamazenta|def|1\n|turn|21\n|\n|t:|1700820325\n|move|p2a: Zamazenta|Iron Defense|p2a: Zamazenta\n|-boost|p2a: Zamazenta|def|2\n|move|p1a: Tsareena|Power Whip|p2a: Zamazenta\n|-crit|p2a: Zamazenta\n|-damage|p2a: Zamazenta|0 fnt\n|faint|p2a: Zamazenta\n|\n|-fieldend|move: Grassy Terrain\n|upkeep\n|c|\u2606monkey kkk|\uff1f\uff1f\uff1f\uff1f\uff1f\uff1f\uff1f\uff1f\uff1f\uff1f\uff1f\uff1f\uff1f\uff1f\uff1f\uff1f\uff1f\uff1f\uff1f\uff1f\uff1f\uff1f\uff1f\uff1f\uff1f\uff1f\uff1f\uff1f\n|\n|t:|1700820337\n|switch|p2a: Tapu Koko|Tapu Koko|100\/100\n|-fieldstart|move: Electric Terrain|[from] ability: Electric Surge|[of] p2a: Tapu Koko\n|turn|22\n|\n|t:|1700820354\n|move|p2a: Tapu Koko|Volt Switch|p1a: Tsareena\n|-resisted|p1a: Tsareena\n|-damage|p1a: Tsareena|86\/100\n|\n|t:|1700820357\n|switch|p2a: Alomomola|Alomomola, M|100\/100|[from] Volt Switch\n|move|p1a: Tsareena|Power Whip|p2a: Alomomola\n|-supereffective|p2a: Alomomola\n|-damage|p2a: Alomomola|29\/100\n|-damage|p1a: Tsareena|69\/100|[from] item: Rocky Helmet|[of] p2a: Alomomola\n|\n|upkeep\n|turn|23\n|\n|t:|1700820366\n|move|p2a: Alomomola|Protect|p2a: Alomomola\n|-singleturn|p2a: Alomomola|Protect\n|move|p1a: Tsareena|Power Whip|p2a: Alomomola\n|-activate|p2a: Alomomola|move: Protect\n|\n|upkeep\n|turn|24\n|-message|monkey kkk forfeited.\n|\n|win|221savage\n|raw|221savage's rating: 1414 &rarr; <strong>1431<\/strong><br \/>(+17 for winning)\n|raw|monkey kkk's rating: 1366 &rarr; <strong>1349<\/strong><br \/>(-17 for losing)\n|l|\u2606monkey kkk\n","uploadtime":1700820379,"views":4,"p1id":"221savage","p2id":"monkeykkk","formatid":"gen9nationaldex","rating":1349,"private":0,"password":""}