{"id":"gen9nationaldex-1993527097","p1":"DDDPalkiaOrigin\u5c31\u4e94\u53ea","p2":"8L42EW","format":"[Gen 9] National Dex","log":"|j|\u2606DDDPalkiaOrigin\u5c31\u4e94\u53ea\n|j|\u26068L42EW\n|t:|1700328202\n|gametype|singles\n|player|p1|DDDPalkiaOrigin\u5c31\u4e94\u53ea|furisodegirl-black|1312\n|player|p2|8L42EW|ingo|1318\n|teamsize|p1|5\n|teamsize|p2|6\n|gen|9\n|tier|[Gen 9] National Dex\n|rated|\n|rule|HP Percentage Mod: HP is shown in percentages\n|rule|Endless Battle Clause: Forcing endless battles is banned\n|rule|OHKO Clause: OHKO moves are banned\n|rule|Evasion Clause: Evasion abilities, items, and moves are banned\n|rule|Evasion Abilities Clause: Evasion abilities are banned\n|rule|Evasion Items Clause: Evasion items are banned\n|rule|Evasion Moves Clause: Evasion moves are banned\n|rule|Species Clause: Limit one of each Pok\u00e9mon\n|rule|Sleep Clause Mod: Limit one foe put to sleep\n|clearpoke\n|poke|p1|Rillaboom, F|\n|poke|p1|Scizor, F|\n|poke|p1|Tapu Lele|\n|poke|p1|Urshifu-*, M|\n|poke|p1|Samurott-Hisui, F|\n|poke|p2|Ferrothorn, F|\n|poke|p2|Swampert, F|\n|poke|p2|Urshifu-*, F|\n|poke|p2|Pelipper, F|\n|poke|p2|Zapdos|\n|poke|p2|Toxapex, F|\n|teampreview\n|\n|t:|1700328215\n|start\n|switch|p1a: \u5148\u5236\u90fd\u53ef\u4ee5\u5148\u5236|Tapu Lele|100\/100\n|switch|p2a: Pelipper|Pelipper, F|100\/100\n|-fieldstart|move: Psychic Terrain|[from] ability: Psychic Surge|[of] p1a: \u5148\u5236\u90fd\u53ef\u4ee5\u5148\u5236\n|-weather|RainDance|[from] ability: Drizzle|[of] p2a: Pelipper\n|turn|1\n|\n|t:|1700328226\n|switch|p2a: Ferrothorn|Ferrothorn, F|100\/100\n|move|p1a: \u5148\u5236\u90fd\u53ef\u4ee5\u5148\u5236|Future Sight|p2a: Ferrothorn\n|-start|p1a: \u5148\u5236\u90fd\u53ef\u4ee5\u5148\u5236|move: Future Sight\n|\n|-weather|RainDance|[upkeep]\n|upkeep\n|turn|2\n|\n|t:|1700328233\n|switch|p1a: Samurott|Samurott-Hisui, F|100\/100\n|move|p2a: Ferrothorn|Substitute|p2a: Ferrothorn\n|-start|p2a: Ferrothorn|Substitute\n|-damage|p2a: Ferrothorn|75\/100\n|\n|-weather|RainDance|[upkeep]\n|-heal|p2a: Ferrothorn|82\/100|[from] item: Leftovers\n|upkeep\n|turn|3\n|\n|t:|1700328240\n|move|p1a: Samurott|Ceaseless Edge|p2a: Ferrothorn\n|-end|p2a: Ferrothorn|Substitute\n|-sidestart|p2: 8L42EW|Spikes\n|move|p2a: Ferrothorn|Leech Seed|p1a: Samurott\n|-start|p1a: Samurott|move: Leech Seed\n|\n|-weather|RainDance|[upkeep]\n|-end|p2a: Ferrothorn|move: Future Sight\n|-resisted|p2a: Ferrothorn\n|-damage|p2a: Ferrothorn|54\/100\n|-heal|p2a: Ferrothorn|60\/100|[from] item: Leftovers\n|-damage|p1a: Samurott|88\/100|[from] Leech Seed|[of] p2a: Ferrothorn\n|-heal|p2a: Ferrothorn|72\/100|[silent]\n|upkeep\n|turn|4\n|\n|t:|1700328252\n|move|p1a: Samurott|Sacred Sword|p2a: Ferrothorn\n|-supereffective|p2a: Ferrothorn\n|-damage|p2a: Ferrothorn|9\/100\n|-damage|p1a: Samurott|76\/100|[from] ability: Iron Barbs|[of] p2a: Ferrothorn\n|move|p2a: Ferrothorn|Power Whip|p1a: Samurott|[miss]\n|-miss|p2a: Ferrothorn|p1a: Samurott\n|\n|-weather|RainDance|[upkeep]\n|-heal|p2a: Ferrothorn|16\/100|[from] item: Leftovers\n|-damage|p1a: Samurott|64\/100|[from] Leech Seed|[of] p2a: Ferrothorn\n|-heal|p2a: Ferrothorn|28\/100|[silent]\n|upkeep\n|turn|5\n|\n|t:|1700328267\n|move|p1a: Samurott|Ceaseless Edge|p2a: Ferrothorn\n|-damage|p2a: Ferrothorn|0 fnt\n|-damage|p1a: Samurott|51\/100|[from] ability: Iron Barbs|[of] p2a: Ferrothorn\n|-sidestart|p2: 8L42EW|Spikes\n|faint|p2a: Ferrothorn\n|\n|-weather|RainDance|[upkeep]\n|-fieldend|move: Psychic Terrain\n|upkeep\n|\n|t:|1700328280\n|switch|p2a: Zapdos|Zapdos|100\/100\n|turn|6\n|\n|t:|1700328292\n|switch|p1a: \u8106\u7684\u4e00\u6279|Scizor, F|100\/100\n|move|p2a: Zapdos|Defog|p1a: \u8106\u7684\u4e00\u6279\n|-unboost|p1a: \u8106\u7684\u4e00\u6279|evasion|1\n|-sideend|p2: 8L42EW|Spikes|[from] move: Defog|[of] p2a: Zapdos\n|\n|-weather|RainDance|[upkeep]\n|upkeep\n|turn|7\n|\n|t:|1700328298\n|detailschange|p1a: \u8106\u7684\u4e00\u6279|Scizor-Mega, F\n|-mega|p1a: \u8106\u7684\u4e00\u6279|Scizor|Scizorite\n|move|p2a: Zapdos|Volt Switch|p1a: \u8106\u7684\u4e00\u6279\n|-damage|p1a: \u8106\u7684\u4e00\u6279|68\/100\n|\n|t:|1700328305\n|switch|p2a: Urshifu|Urshifu-Rapid-Strike, F|100\/100|[from] Volt Switch\n|move|p1a: \u8106\u7684\u4e00\u6279|U-turn|p2a: Urshifu\n|-resisted|p2a: Urshifu\n|-damage|p2a: Urshifu|84\/100\n|\n|t:|1700328312\n|switch|p1a: Tapu Bulu-Mega|Rillaboom, F|100\/100|[from] U-turn\n|-fieldstart|move: Grassy Terrain|[from] ability: Grassy Surge|[of] p1a: Tapu Bulu-Mega\n|\n|-weather|RainDance|[upkeep]\n|-heal|p2a: Urshifu|90\/100|[from] Grassy Terrain\n|upkeep\n|turn|8\n|\n|t:|1700328319\n|move|p2a: Urshifu|Ice Spinner|p1a: Tapu Bulu-Mega\n|-supereffective|p1a: Tapu Bulu-Mega\n|-damage|p1a: Tapu Bulu-Mega|52\/100\n|-fieldend|move: Grassy Terrain\n|move|p1a: Tapu Bulu-Mega|Wood Hammer|p2a: Urshifu\n|-supereffective|p2a: Urshifu\n|-damage|p2a: Urshifu|0 fnt\n|faint|p2a: Urshifu\n|-damage|p1a: Tapu Bulu-Mega|27\/100|[from] Recoil\n|-damage|p1a: Tapu Bulu-Mega|17\/100|[from] item: Life Orb\n|\n|-weather|none\n|upkeep\n|\n|t:|1700328333\n|switch|p2a: Zapdos|Zapdos|100\/100\n|turn|9\n|\n|t:|1700328343\n|switch|p1a: \u8106\u7684\u4e00\u6279|Scizor-Mega, F|68\/100\n|move|p2a: Zapdos|Volt Switch|p1a: \u8106\u7684\u4e00\u6279\n|-damage|p1a: \u8106\u7684\u4e00\u6279|31\/100\n|\n|t:|1700328349\n|switch|p2a: Toxapex|Toxapex, F|100\/100|[from] Volt Switch\n|\n|upkeep\n|turn|10\n|\n|t:|1700328356\n|move|p1a: \u8106\u7684\u4e00\u6279|Roost|p1a: \u8106\u7684\u4e00\u6279\n|-heal|p1a: \u8106\u7684\u4e00\u6279|81\/100\n|-singleturn|p1a: \u8106\u7684\u4e00\u6279|move: Roost\n|move|p2a: Toxapex|Scald|p1a: \u8106\u7684\u4e00\u6279\n|-damage|p1a: \u8106\u7684\u4e00\u6279|54\/100\n|-status|p1a: \u8106\u7684\u4e00\u6279|brn\n|\n|-damage|p1a: \u8106\u7684\u4e00\u6279|48\/100 brn|[from] brn\n|upkeep\n|turn|11\n|\n|t:|1700328365\n|move|p1a: \u8106\u7684\u4e00\u6279|Roost|p1a: \u8106\u7684\u4e00\u6279\n|-heal|p1a: \u8106\u7684\u4e00\u6279|98\/100 brn\n|-singleturn|p1a: \u8106\u7684\u4e00\u6279|move: Roost\n|move|p2a: Toxapex|Scald|p1a: \u8106\u7684\u4e00\u6279\n|-damage|p1a: \u8106\u7684\u4e00\u6279|73\/100 brn\n|\n|-damage|p1a: \u8106\u7684\u4e00\u6279|67\/100 brn|[from] brn\n|upkeep\n|turn|12\n|\n|t:|1700328372\n|move|p1a: \u8106\u7684\u4e00\u6279|U-turn|p2a: Toxapex\n|-resisted|p2a: Toxapex\n|-damage|p2a: Toxapex|95\/100\n|\n|t:|1700328375\n|switch|p1a: Samurott|Samurott-Hisui, F|51\/100|[from] U-turn\n|move|p2a: Toxapex|Scald|p1a: Samurott\n|-resisted|p1a: Samurott\n|-damage|p1a: Samurott|41\/100\n|\n|upkeep\n|turn|13\n|\n|t:|1700328383\n|move|p1a: Samurott|Ceaseless Edge|p2a: Toxapex\n|-damage|p2a: Toxapex|53\/100\n|-sidestart|p2: 8L42EW|Spikes\n|move|p2a: Toxapex|Knock Off|p1a: Samurott\n|-resisted|p1a: Samurott\n|-damage|p1a: Samurott|34\/100\n|-enditem|p1a: Samurott|Assault Vest|[from] move: Knock Off|[of] p2a: Toxapex\n|\n|upkeep\n|turn|14\n|\n|t:|1700328392\n|switch|p2a: Pelipper|Pelipper, F|100\/100\n|-weather|RainDance|[from] ability: Drizzle|[of] p2a: Pelipper\n|move|p1a: Samurott|Razor Shell|p2a: Pelipper\n|-resisted|p2a: Pelipper\n|-damage|p2a: Pelipper|54\/100\n|-unboost|p2a: Pelipper|def|1\n|\n|-weather|RainDance|[upkeep]\n|upkeep\n|turn|15\n|inactive|Battle timer is ON: inactive players will automatically lose when time's up. (requested by DDDPalkiaOrigin\u5c31\u4e94\u53ea)\n|\n|t:|1700328428\n|move|p1a: Samurott|Ceaseless Edge|p2a: Pelipper\n|-damage|p2a: Pelipper|0 fnt\n|-sidestart|p2: 8L42EW|Spikes\n|faint|p2a: Pelipper\n|\n|-weather|RainDance|[upkeep]\n|upkeep\n|\n|t:|1700328434\n|switch|p2a: Zapdos|Zapdos|100\/100\n|turn|16\n|\n|t:|1700328444\n|move|p2a: Zapdos|Thunder|p1a: Samurott\n|-supereffective|p1a: Samurott\n|-damage|p1a: Samurott|0 fnt\n|faint|p1a: Samurott\n|\n|-weather|RainDance|[upkeep]\n|upkeep\n|\n|t:|1700328450\n|switch|p1a: \u5148\u5236\u90fd\u53ef\u4ee5\u5148\u5236|Tapu Lele|100\/100\n|-fieldstart|move: Psychic Terrain|[from] ability: Psychic Surge|[of] p1a: \u5148\u5236\u90fd\u53ef\u4ee5\u5148\u5236\n|turn|17\n|\n|t:|1700328454\n|move|p2a: Zapdos|Volt Switch|p1a: \u5148\u5236\u90fd\u53ef\u4ee5\u5148\u5236\n|-damage|p1a: \u5148\u5236\u90fd\u53ef\u4ee5\u5148\u5236|64\/100\n|\n|t:|1700328458\n|switch|p2a: Swampert|Swampert, F|100\/100|[from] Volt Switch\n|-damage|p2a: Swampert|84\/100|[from] Spikes\n|-zpower|p1a: \u5148\u5236\u90fd\u53ef\u4ee5\u5148\u5236\n|move|p1a: \u5148\u5236\u90fd\u53ef\u4ee5\u5148\u5236|Shattered Psyche|p2a: Swampert|[zeffect]\n|-damage|p2a: Swampert|0 fnt\n|faint|p2a: Swampert\n|\n|-weather|RainDance|[upkeep]\n|upkeep\n|\n|t:|1700328468\n|switch|p2a: Zapdos|Zapdos|100\/100\n|turn|18\n|\n|t:|1700328475\n|switch|p1a: Tapu Bulu-Mega|Rillaboom, F|17\/100\n|-fieldstart|move: Grassy Terrain|[from] ability: Grassy Surge|[of] p1a: Tapu Bulu-Mega\n|move|p2a: Zapdos|Hurricane|p1a: Tapu Bulu-Mega\n|-supereffective|p1a: Tapu Bulu-Mega\n|-damage|p1a: Tapu Bulu-Mega|0 fnt\n|faint|p1a: Tapu Bulu-Mega\n|\n|-weather|RainDance|[upkeep]\n|upkeep\n|\n|t:|1700328481\n|switch|p1a: Urshifu|Urshifu-Rapid-Strike, M|100\/100\n|turn|19\n|\n|t:|1700328490\n|-terastallize|p1a: Urshifu|Water\n|move|p1a: Urshifu|Surging Strikes|p2a: Zapdos\n|-crit|p2a: Zapdos\n|-damage|p2a: Zapdos|49\/100\n|-crit|p2a: Zapdos\n|-damage|p2a: Zapdos|0 fnt\n|faint|p2a: Zapdos\n|-hitcount|p2: Zapdos|2\n|\n|-weather|RainDance|[upkeep]\n|upkeep\n|\n|t:|1700328498\n|switch|p2a: Toxapex|Toxapex, F|86\/100\n|-damage|p2a: Toxapex|70\/100|[from] Spikes\n|turn|20\n|\n|t:|1700328502\n|switch|p1a: \u8106\u7684\u4e00\u6279|Scizor-Mega, F|67\/100 brn\n|move|p2a: Toxapex|Scald|p1a: \u8106\u7684\u4e00\u6279\n|-damage|p1a: \u8106\u7684\u4e00\u6279|25\/100 brn\n|\n|-weather|RainDance|[upkeep]\n|-heal|p1a: \u8106\u7684\u4e00\u6279|31\/100 brn|[from] Grassy Terrain\n|-heal|p2a: Toxapex|76\/100|[from] Grassy Terrain\n|-damage|p1a: \u8106\u7684\u4e00\u6279|25\/100 brn|[from] brn\n|upkeep\n|turn|21\n|\n|t:|1700328513\n|move|p1a: \u8106\u7684\u4e00\u6279|Roost|p1a: \u8106\u7684\u4e00\u6279\n|-heal|p1a: \u8106\u7684\u4e00\u6279|75\/100 brn\n|-singleturn|p1a: \u8106\u7684\u4e00\u6279|move: Roost\n|move|p2a: Toxapex|Scald|p1a: \u8106\u7684\u4e00\u6279\n|-damage|p1a: \u8106\u7684\u4e00\u6279|36\/100 brn\n|\n|-weather|none\n|-heal|p1a: \u8106\u7684\u4e00\u6279|42\/100 brn|[from] Grassy Terrain\n|-heal|p2a: Toxapex|82\/100|[from] Grassy Terrain\n|-damage|p1a: \u8106\u7684\u4e00\u6279|36\/100 brn|[from] brn\n|upkeep\n|turn|22\n|\n|t:|1700328522\n|move|p1a: \u8106\u7684\u4e00\u6279|Roost|p1a: \u8106\u7684\u4e00\u6279\n|-heal|p1a: \u8106\u7684\u4e00\u6279|86\/100 brn\n|-singleturn|p1a: \u8106\u7684\u4e00\u6279|move: Roost\n|move|p2a: Toxapex|Scald|p1a: \u8106\u7684\u4e00\u6279\n|-damage|p1a: \u8106\u7684\u4e00\u6279|61\/100 brn\n|\n|-heal|p1a: \u8106\u7684\u4e00\u6279|67\/100 brn|[from] Grassy Terrain\n|-heal|p2a: Toxapex|89\/100|[from] Grassy Terrain\n|-damage|p1a: \u8106\u7684\u4e00\u6279|61\/100 brn|[from] brn\n|-fieldend|move: Grassy Terrain\n|upkeep\n|turn|23\n|\n|t:|1700328531\n|move|p1a: \u8106\u7684\u4e00\u6279|Defog|p2a: Toxapex\n|-unboost|p2a: Toxapex|evasion|1\n|-sideend|p2: 8L42EW|Spikes|[from] move: Defog|[of] p1a: \u8106\u7684\u4e00\u6279\n|move|p2a: Toxapex|Scald|p1a: \u8106\u7684\u4e00\u6279\n|-damage|p1a: \u8106\u7684\u4e00\u6279|34\/100 brn\n|\n|-damage|p1a: \u8106\u7684\u4e00\u6279|28\/100 brn|[from] brn\n|upkeep\n|turn|24\n|\n|t:|1700328539\n|move|p1a: \u8106\u7684\u4e00\u6279|Roost|p1a: \u8106\u7684\u4e00\u6279\n|-heal|p1a: \u8106\u7684\u4e00\u6279|78\/100 brn\n|-singleturn|p1a: \u8106\u7684\u4e00\u6279|move: Roost\n|move|p2a: Toxapex|Scald|p1a: \u8106\u7684\u4e00\u6279\n|-damage|p1a: \u8106\u7684\u4e00\u6279|50\/100 brn\n|\n|-damage|p1a: \u8106\u7684\u4e00\u6279|44\/100 brn|[from] brn\n|upkeep\n|turn|25\n|\n|t:|1700328546\n|move|p1a: \u8106\u7684\u4e00\u6279|Roost|p1a: \u8106\u7684\u4e00\u6279\n|-heal|p1a: \u8106\u7684\u4e00\u6279|94\/100 brn\n|-singleturn|p1a: \u8106\u7684\u4e00\u6279|move: Roost\n|move|p2a: Toxapex|Scald|p1a: \u8106\u7684\u4e00\u6279\n|-damage|p1a: \u8106\u7684\u4e00\u6279|68\/100 brn\n|\n|-damage|p1a: \u8106\u7684\u4e00\u6279|62\/100 brn|[from] brn\n|upkeep\n|turn|26\n|\n|t:|1700328557\n|move|p1a: \u8106\u7684\u4e00\u6279|Defog|p2a: Toxapex\n|-unboost|p2a: Toxapex|evasion|1\n|move|p2a: Toxapex|Scald|p1a: \u8106\u7684\u4e00\u6279\n|-damage|p1a: \u8106\u7684\u4e00\u6279|37\/100 brn\n|\n|-damage|p1a: \u8106\u7684\u4e00\u6279|30\/100 brn|[from] brn\n|upkeep\n|turn|27\n|\n|t:|1700328564\n|move|p1a: \u8106\u7684\u4e00\u6279|Roost|p1a: \u8106\u7684\u4e00\u6279\n|-heal|p1a: \u8106\u7684\u4e00\u6279|80\/100 brn\n|-singleturn|p1a: \u8106\u7684\u4e00\u6279|move: Roost\n|move|p2a: Toxapex|Scald|p1a: \u8106\u7684\u4e00\u6279\n|-damage|p1a: \u8106\u7684\u4e00\u6279|52\/100 brn\n|\n|-damage|p1a: \u8106\u7684\u4e00\u6279|46\/100 brn|[from] brn\n|upkeep\n|turn|28\n|\n|t:|1700328571\n|move|p1a: \u8106\u7684\u4e00\u6279|Roost|p1a: \u8106\u7684\u4e00\u6279\n|-heal|p1a: \u8106\u7684\u4e00\u6279|96\/100 brn\n|-singleturn|p1a: \u8106\u7684\u4e00\u6279|move: Roost\n|move|p2a: Toxapex|Scald|p1a: \u8106\u7684\u4e00\u6279\n|-damage|p1a: \u8106\u7684\u4e00\u6279|68\/100 brn\n|\n|-damage|p1a: \u8106\u7684\u4e00\u6279|62\/100 brn|[from] brn\n|upkeep\n|turn|29\n|\n|t:|1700328580\n|move|p1a: \u8106\u7684\u4e00\u6279|Defog|p2a: Toxapex\n|-unboost|p2a: Toxapex|evasion|1\n|move|p2a: Toxapex|Scald|p1a: \u8106\u7684\u4e00\u6279\n|-damage|p1a: \u8106\u7684\u4e00\u6279|36\/100 brn\n|\n|-damage|p1a: \u8106\u7684\u4e00\u6279|30\/100 brn|[from] brn\n|upkeep\n|turn|30\n|inactive|8L42EW has 120 seconds left.\n|\n|t:|1700328620\n|move|p1a: \u8106\u7684\u4e00\u6279|Defog|p2a: Toxapex\n|-unboost|p2a: Toxapex|evasion|1\n|move|p2a: Toxapex|Scald|p1a: \u8106\u7684\u4e00\u6279\n|-damage|p1a: \u8106\u7684\u4e00\u6279|3\/100 brn\n|\n|-damage|p1a: \u8106\u7684\u4e00\u6279|0 fnt|[from] brn\n|faint|p1a: \u8106\u7684\u4e00\u6279\n|upkeep\n|\n|t:|1700328626\n|switch|p1a: \u5148\u5236\u90fd\u53ef\u4ee5\u5148\u5236|Tapu Lele|64\/100\n|-fieldstart|move: Psychic Terrain|[from] ability: Psychic Surge|[of] p1a: \u5148\u5236\u90fd\u53ef\u4ee5\u5148\u5236\n|turn|31\n|inactive|8L42EW has 120 seconds left.\n|\n|t:|1700328636\n|-terastallize|p2a: Toxapex|Dark\n|move|p1a: \u5148\u5236\u90fd\u53ef\u4ee5\u5148\u5236|Future Sight|p2a: Toxapex\n|-start|p1a: \u5148\u5236\u90fd\u53ef\u4ee5\u5148\u5236|move: Future Sight\n|move|p2a: Toxapex|Sludge Wave|p1a: \u5148\u5236\u90fd\u53ef\u4ee5\u5148\u5236\n|-supereffective|p1a: \u5148\u5236\u90fd\u53ef\u4ee5\u5148\u5236\n|-damage|p1a: \u5148\u5236\u90fd\u53ef\u4ee5\u5148\u5236|4\/100\n|\n|upkeep\n|turn|32\n|inactive|8L42EW has 120 seconds left.\n|l|\u2606DDDPalkiaOrigin\u5c31\u4e94\u53ea\n|inactive|DDDPalkiaOrigin\u5c31\u4e94\u53ea disconnected and has a minute to reconnect!\n|player|p1|\n|inactive|DDDPalkiaOrigin\u5c31\u4e94\u53ea has 30 seconds to reconnect!\n|inactive|DDDPalkiaOrigin\u5c31\u4e94\u53ea has 20 seconds to reconnect!\n|inactive|DDDPalkiaOrigin\u5c31\u4e94\u53ea has 15 seconds to reconnect!\n|inactive|DDDPalkiaOrigin\u5c31\u4e94\u53ea has 10 seconds to reconnect!\n|inactive|DDDPalkiaOrigin\u5c31\u4e94\u53ea has 5 seconds to reconnect!\n|c|\u26068L42EW|lmo\n|-message|DDDPalkiaOrigin\u5c31\u4e94\u53ea lost due to inactivity.\n|\n|win|8L42EW\n|raw|DDDPalkiaOrigin\u5c31\u4e94\u53ea's rating: 1332 &rarr; <strong>1311<\/strong><br \/>(-21 for losing)\n|raw|8L42EW's rating: 1318 &rarr; <strong>1339<\/strong><br \/>(+21 for winning)\n|c|\u26068L42EW|get a load of this guy\n","uploadtime":1700328732,"views":6,"p1id":"dddpalkiaorigin","p2id":"8l42ew","formatid":"gen9nationaldex","rating":1311,"private":0,"password":""}