{"id":"gen9nationaldex-1994264285","p1":"CaptAgon","p2":"elvisma2","format":"[Gen 9] National Dex","log":"|j|\u2606CaptAgon\n|j|\u2606elvisma2\n|t:|1700424908\n|gametype|singles\n|player|p1|CaptAgon|1|1069\n|player|p2|elvisma2|red-masters|1174\n|teamsize|p1|6\n|teamsize|p2|6\n|gen|9\n|tier|[Gen 9] National Dex\n|rated|\n|rule|HP Percentage Mod: HP is shown in percentages\n|rule|Endless Battle Clause: Forcing endless battles is banned\n|rule|OHKO Clause: OHKO moves are banned\n|rule|Evasion Clause: Evasion abilities, items, and moves are banned\n|rule|Evasion Abilities Clause: Evasion abilities are banned\n|rule|Evasion Items Clause: Evasion items are banned\n|rule|Evasion Moves Clause: Evasion moves are banned\n|rule|Species Clause: Limit one of each Pok\u00e9mon\n|rule|Sleep Clause Mod: Limit one foe put to sleep\n|clearpoke\n|poke|p1|Orbeetle, F|\n|poke|p1|Ninetales-Alola, F|\n|poke|p1|Volcarona, M|\n|poke|p1|Arctozolt|\n|poke|p1|Kleavor, M|\n|poke|p1|Cloyster, F|\n|poke|p2|Ribombee, F|\n|poke|p2|Kommo-o, F|\n|poke|p2|Tapu Koko|\n|poke|p2|Raichu-Alola, M|\n|poke|p2|Beedrill, M|\n|poke|p2|Ferrothorn, F|\n|teampreview\n|\n|t:|1700424923\n|start\n|switch|p1a: Cloyster|Cloyster, F, shiny|100\/100\n|switch|p2a: Tapu Koko|Tapu Koko|100\/100\n|-fieldstart|move: Electric Terrain|[from] ability: Electric Surge|[of] p2a: Tapu Koko\n|turn|1\n|\n|t:|1700424930\n|move|p2a: Tapu Koko|Taunt|p1a: Cloyster\n|-start|p1a: Cloyster|move: Taunt\n|cant|p1a: Cloyster|move: Taunt|Shell Smash\n|\n|upkeep\n|turn|2\n|\n|t:|1700424936\n|move|p2a: Tapu Koko|U-turn|p1a: Cloyster\n|-damage|p1a: Cloyster|81\/100\n|\n|t:|1700424942\n|switch|p2a: Ribombee|Ribombee, F|100\/100|[from] U-turn\n|move|p1a: Cloyster|Rock Blast|p2a: Ribombee\n|-supereffective|p2a: Ribombee\n|-damage|p2a: Ribombee|71\/100\n|-supereffective|p2a: Ribombee\n|-damage|p2a: Ribombee|41\/100\n|-supereffective|p2a: Ribombee\n|-damage|p2a: Ribombee|8\/100\n|-supereffective|p2a: Ribombee\n|-crit|p2a: Ribombee\n|-damage|p2a: Ribombee|0 fnt\n|faint|p2a: Ribombee\n|-hitcount|p2: Ribombee|4\n|\n|upkeep\n|\n|t:|1700424945\n|switch|p2a: Kommo-o|Kommo-o, F, shiny|100\/100\n|turn|3\n|\n|t:|1700424959\n|switch|p1a: Ninetales|Ninetales-Alola, F, shiny|100\/100\n|-weather|Snow|[from] ability: Snow Warning|[of] p1a: Ninetales\n|move|p2a: Kommo-o|Flash Cannon|p1a: Ninetales\n|-supereffective|p1a: Ninetales\n|-damage|p1a: Ninetales|4\/100\n|\n|-weather|Snow|[upkeep]\n|upkeep\n|turn|4\n|\n|t:|1700424970\n|switch|p1a: Arctozolt|Arctozolt, shiny|100\/100\n|switch|p2a: Beedrill|Beedrill, M|100\/100\n|\n|-weather|Snow|[upkeep]\n|upkeep\n|turn|5\n|\n|t:|1700424977\n|switch|p2a: Ferrothorn|Ferrothorn, F, shiny|100\/100\n|move|p1a: Arctozolt|Bolt Beak|p2a: Ferrothorn\n|-resisted|p2a: Ferrothorn\n|-damage|p2a: Ferrothorn|57\/100\n|-damage|p1a: Arctozolt|88\/100|[from] ability: Iron Barbs|[of] p2a: Ferrothorn\n|-damage|p1a: Arctozolt|78\/100|[from] item: Life Orb\n|\n|-weather|Snow|[upkeep]\n|-heal|p2a: Ferrothorn|64\/100|[from] item: Leftovers\n|upkeep\n|turn|6\n|\n|t:|1700424984\n|move|p1a: Arctozolt|Icicle Crash|p2a: Ferrothorn\n|-damage|p2a: Ferrothorn|31\/100\n|-damage|p1a: Arctozolt|68\/100|[from] item: Life Orb\n|move|p2a: Ferrothorn|Leech Seed|p1a: Arctozolt\n|-start|p1a: Arctozolt|move: Leech Seed\n|\n|-weather|Snow|[upkeep]\n|-heal|p2a: Ferrothorn|38\/100|[from] item: Leftovers\n|-damage|p1a: Arctozolt|56\/100|[from] Leech Seed|[of] p2a: Ferrothorn\n|-heal|p2a: Ferrothorn|50\/100|[silent]\n|upkeep\n|turn|7\n|\n|t:|1700424992\n|switch|p1a: Cloyster|Cloyster, F, shiny|81\/100\n|move|p2a: Ferrothorn|Stealth Rock|p1a: Cloyster\n|-sidestart|p1: CaptAgon|move: Stealth Rock\n|\n|-weather|none\n|-heal|p2a: Ferrothorn|56\/100|[from] item: Leftovers\n|upkeep\n|turn|8\n|\n|t:|1700425003\n|move|p1a: Cloyster|Shell Smash|p1a: Cloyster\n|-unboost|p1a: Cloyster|def|1\n|-unboost|p1a: Cloyster|spd|1\n|-boost|p1a: Cloyster|atk|2\n|-boost|p1a: Cloyster|spa|2\n|-boost|p1a: Cloyster|spe|2\n|-enditem|p1a: Cloyster|White Herb\n|-clearnegativeboost|p1a: Cloyster|[silent]\n|move|p2a: Ferrothorn|Leech Seed|p1a: Cloyster\n|-start|p1a: Cloyster|move: Leech Seed\n|\n|-heal|p2a: Ferrothorn|62\/100|[from] item: Leftovers\n|-damage|p1a: Cloyster|69\/100|[from] Leech Seed|[of] p2a: Ferrothorn\n|-heal|p2a: Ferrothorn|71\/100|[silent]\n|-fieldend|move: Electric Terrain\n|upkeep\n|turn|9\n|\n|t:|1700425015\n|switch|p2a: Tapu Koko|Tapu Koko|100\/100\n|-fieldstart|move: Electric Terrain|[from] ability: Electric Surge|[of] p2a: Tapu Koko\n|move|p1a: Cloyster|Rock Blast|p2a: Tapu Koko\n|-damage|p2a: Tapu Koko|78\/100\n|-damage|p2a: Tapu Koko|57\/100\n|-crit|p2a: Tapu Koko\n|-damage|p2a: Tapu Koko|26\/100\n|-damage|p2a: Tapu Koko|4\/100\n|-damage|p2a: Tapu Koko|0 fnt\n|faint|p2a: Tapu Koko\n|-hitcount|p2: Tapu Koko|5\n|\n|upkeep\n|\n|t:|1700425019\n|switch|p2a: Raichu|Raichu-Alola, M|100\/100\n|turn|10\n|\n|t:|1700425033\n|move|p2a: Raichu|Rising Voltage|p1a: Cloyster\n|-hint|Rising Voltage's BP doubled on grounded target.\n|-supereffective|p1a: Cloyster\n|-damage|p1a: Cloyster|0 fnt\n|faint|p1a: Cloyster\n|\n|upkeep\n|\n|t:|1700425041\n|switch|p1a: Ninetales|Ninetales-Alola, F, shiny|4\/100\n|-damage|p1a: Ninetales|0 fnt|[from] Stealth Rock\n|faint|p1a: Ninetales\n|\n|t:|1700425043\n|switch|p1a: Arctozolt|Arctozolt, shiny|56\/100\n|-damage|p1a: Arctozolt|31\/100|[from] Stealth Rock\n|turn|11\n|\n|t:|1700425047\n|move|p2a: Raichu|Rising Voltage|p1a: Arctozolt\n|-hint|Rising Voltage's BP doubled on grounded target.\n|-resisted|p1a: Arctozolt\n|-crit|p1a: Arctozolt\n|-damage|p1a: Arctozolt|0 fnt\n|faint|p1a: Arctozolt\n|\n|upkeep\n|\n|t:|1700425053\n|switch|p1a: Orbeetle|Orbeetle, F, shiny|100\/100\n|-damage|p1a: Orbeetle|76\/100|[from] Stealth Rock\n|turn|12\n|\n|t:|1700425057\n|move|p2a: Raichu|Rising Voltage|p1a: Orbeetle\n|-hint|Rising Voltage's BP doubled on grounded target.\n|-damage|p1a: Orbeetle|0 fnt\n|faint|p1a: Orbeetle\n|\n|upkeep\n|\n|t:|1700425060\n|switch|p1a: Volcarona|Volcarona, M|100\/100\n|turn|13\n|\n|t:|1700425069\n|move|p2a: Raichu|Rising Voltage|p1a: Volcarona\n|-hint|Rising Voltage's BP doubled on grounded target.\n|-damage|p1a: Volcarona|9\/100\n|move|p1a: Volcarona|Quiver Dance|p1a: Volcarona\n|-boost|p1a: Volcarona|spa|1\n|-boost|p1a: Volcarona|spd|1\n|-boost|p1a: Volcarona|spe|1\n|\n|upkeep\n|turn|14\n|\n|t:|1700425073\n|move|p2a: Raichu|Rising Voltage|p1a: Volcarona\n|-hint|Rising Voltage's BP doubled on grounded target.\n|-damage|p1a: Volcarona|0 fnt\n|faint|p1a: Volcarona\n|\n|upkeep\n|\n|t:|1700425075\n|switch|p1a: Kleavor|Kleavor, M, shiny|100\/100\n|-damage|p1a: Kleavor|76\/100|[from] Stealth Rock\n|turn|15\n|\n|t:|1700425089\n|move|p2a: Raichu|Rising Voltage|p1a: Kleavor\n|-hint|Rising Voltage's BP doubled on grounded target.\n|-damage|p1a: Kleavor|0 fnt\n|faint|p1a: Kleavor\n|\n|win|elvisma2\n|raw|CaptAgon's rating: 1069 &rarr; <strong>1055<\/strong><br \/>(-14 for losing)\n|raw|elvisma2's rating: 1174 &rarr; <strong>1192<\/strong><br \/>(+18 for winning)\n|l|\u2606CaptAgon\n|c|\u2606elvisma2|g\n|c|\u2606elvisma2|g\n","uploadtime":1700425099,"views":4,"p1id":"captagon","p2id":"elvisma2","formatid":"gen9nationaldex","rating":1055,"private":0,"password":""}