{"id":"gen9nationaldex-1996776416","p1":"cooltrainer_botany","p2":"zhishixuebao279","format":"[Gen 9] National Dex","log":"|html|<div class=\"broadcast-blue\"><strong>[Gen 9] National Dex is currently suspecting Sneasler! For information on how to participate check out the <a href=\"https:\/\/www.smogon.com\/forums\/threads\/sv-national-dex-suspect-8-just-dance.3731534\/\">suspect thread<\/a>.<\/strong><\/div>\n|j|\u2606cooltrainer_botany\n|j|\u2606zhishixuebao279\n|t:|1700723441\n|gametype|singles\n|player|p1|cooltrainer_botany|170|1134\n|player|p2|zhishixuebao279|erika|1079\n|teamsize|p1|6\n|teamsize|p2|6\n|gen|9\n|tier|[Gen 9] National Dex\n|rated|\n|rule|HP Percentage Mod: HP is shown in percentages\n|rule|Endless Battle Clause: Forcing endless battles is banned\n|rule|OHKO Clause: OHKO moves are banned\n|rule|Evasion Clause: Evasion abilities, items, and moves are banned\n|rule|Evasion Abilities Clause: Evasion abilities are banned\n|rule|Evasion Items Clause: Evasion items are banned\n|rule|Evasion Moves Clause: Evasion moves are banned\n|rule|Species Clause: Limit one of each Pok\u00e9mon\n|rule|Sleep Clause Mod: Limit one foe put to sleep\n|clearpoke\n|poke|p1|Urshifu-*, F|\n|poke|p1|Zeraora|\n|poke|p1|Azelf|\n|poke|p1|Grimmsnarl, M|\n|poke|p1|Shuckle, F|\n|poke|p1|Blacephalon|\n|poke|p2|Toxapex, F|\n|poke|p2|Mawile, F|\n|poke|p2|Cresselia, F|\n|poke|p2|Aegislash, M|\n|poke|p2|Chandelure, F|\n|poke|p2|Misdreavus, F|\n|teampreview\n|\n|t:|1700723447\n|start\n|switch|p1a: Shuckle|Shuckle, F, shiny|100\/100\n|switch|p2a: \u8c03\u76ae\u53ef\u7231\u8822\u841d\u8389|Misdreavus, F|100\/100\n|turn|1\n|\n|t:|1700723453\n|move|p2a: \u8c03\u76ae\u53ef\u7231\u8822\u841d\u8389|Taunt|p1a: Shuckle\n|-start|p1a: Shuckle|move: Taunt\n|cant|p1a: Shuckle|move: Taunt|Sticky Web\n|\n|upkeep\n|turn|2\n|inactive|Battle timer is ON: inactive players will automatically lose when time's up. (requested by zhishixuebao279)\n|\n|t:|1700723463\n|switch|p1a: Blacephalon|Blacephalon|100\/100\n|move|p2a: \u8c03\u76ae\u53ef\u7231\u8822\u841d\u8389|Will-O-Wisp|p1a: Blacephalon\n|-immune|p1a: Blacephalon\n|\n|upkeep\n|turn|3\n|\n|t:|1700723479\n|move|p1a: Blacephalon|Shadow Ball|p2a: \u8c03\u76ae\u53ef\u7231\u8822\u841d\u8389\n|-supereffective|p2a: \u8c03\u76ae\u53ef\u7231\u8822\u841d\u8389\n|-damage|p2a: \u8c03\u76ae\u53ef\u7231\u8822\u841d\u8389|24\/100\n|-unboost|p2a: \u8c03\u76ae\u53ef\u7231\u8822\u841d\u8389|spd|1\n|move|p2a: \u8c03\u76ae\u53ef\u7231\u8822\u841d\u8389|Perish Song|p2a: \u8c03\u76ae\u53ef\u7231\u8822\u841d\u8389\n|-start|p1a: Blacephalon|perish3|[silent]\n|-start|p2a: \u8c03\u76ae\u53ef\u7231\u8822\u841d\u8389|perish3|[silent]\n|-fieldactivate|move: Perish Song\n|\n|-start|p1a: Blacephalon|perish3\n|-start|p2a: \u8c03\u76ae\u53ef\u7231\u8822\u841d\u8389|perish3\n|upkeep\n|turn|4\n|\n|t:|1700723490\n|switch|p2a: \u90bb\u5bb6\u6e29\u67d4\u5927\u59d0\u59d0|Cresselia, F|100\/100\n|move|p1a: Blacephalon|Shadow Ball|p2a: \u90bb\u5bb6\u6e29\u67d4\u5927\u59d0\u59d0\n|-supereffective|p2a: \u90bb\u5bb6\u6e29\u67d4\u5927\u59d0\u59d0\n|-damage|p2a: \u90bb\u5bb6\u6e29\u67d4\u5927\u59d0\u59d0|45\/100\n|\n|-start|p1a: Blacephalon|perish2\n|upkeep\n|turn|5\n|\n|t:|1700723503\n|switch|p2a: \u53cc\u9a6c\u5c3e\u7f8e\u5c11\u5973|Mawile, F|100\/100\n|-ability|p2a: \u53cc\u9a6c\u5c3e\u7f8e\u5c11\u5973|Intimidate|boost\n|-unboost|p1a: Blacephalon|atk|1\n|move|p1a: Blacephalon|Shadow Ball|p2a: \u53cc\u9a6c\u5c3e\u7f8e\u5c11\u5973\n|-damage|p2a: \u53cc\u9a6c\u5c3e\u7f8e\u5c11\u5973|21\/100\n|-unboost|p2a: \u53cc\u9a6c\u5c3e\u7f8e\u5c11\u5973|spd|1\n|\n|-start|p1a: Blacephalon|perish1\n|upkeep\n|turn|6\n|\n|t:|1700723530\n|switch|p1a: Azelf|Azelf, shiny|100\/100\n|detailschange|p2a: \u53cc\u9a6c\u5c3e\u7f8e\u5c11\u5973|Mawile-Mega, F\n|-mega|p2a: \u53cc\u9a6c\u5c3e\u7f8e\u5c11\u5973|Mawile|Mawilite\n|move|p2a: \u53cc\u9a6c\u5c3e\u7f8e\u5c11\u5973|Swords Dance|p2a: \u53cc\u9a6c\u5c3e\u7f8e\u5c11\u5973\n|-boost|p2a: \u53cc\u9a6c\u5c3e\u7f8e\u5c11\u5973|atk|2\n|\n|upkeep\n|turn|7\n|inactive|cooltrainer_botany has 120 seconds left.\n|\n|t:|1700723552\n|move|p2a: \u53cc\u9a6c\u5c3e\u7f8e\u5c11\u5973|Sucker Punch|p1a: Azelf\n|-supereffective|p1a: Azelf\n|-damage|p1a: Azelf|0 fnt\n|faint|p1a: Azelf\n|\n|upkeep\n|\n|t:|1700723563\n|switch|p1a: Urshifu|Urshifu-Rapid-Strike, F|100\/100\n|turn|8\n|\n|t:|1700723582\n|switch|p2a: \u96cc\u5c0f\u9b3c\u841d\u8389|Toxapex, F|100\/100\n|move|p1a: Urshifu|Surging Strikes|p2a: \u96cc\u5c0f\u9b3c\u841d\u8389\n|-resisted|p2a: \u96cc\u5c0f\u9b3c\u841d\u8389\n|-crit|p2a: \u96cc\u5c0f\u9b3c\u841d\u8389\n|-damage|p2a: \u96cc\u5c0f\u9b3c\u841d\u8389|93\/100\n|-resisted|p2a: \u96cc\u5c0f\u9b3c\u841d\u8389\n|-crit|p2a: \u96cc\u5c0f\u9b3c\u841d\u8389\n|-damage|p2a: \u96cc\u5c0f\u9b3c\u841d\u8389|84\/100\n|-resisted|p2a: \u96cc\u5c0f\u9b3c\u841d\u8389\n|-crit|p2a: \u96cc\u5c0f\u9b3c\u841d\u8389\n|-damage|p2a: \u96cc\u5c0f\u9b3c\u841d\u8389|77\/100\n|-hitcount|p2a: \u96cc\u5c0f\u9b3c\u841d\u8389|3\n|\n|-heal|p2a: \u96cc\u5c0f\u9b3c\u841d\u8389|83\/100|[from] item: Leftovers\n|upkeep\n|turn|9\n|\n|t:|1700723602\n|switch|p1a: Shuckle|Shuckle, F, shiny|100\/100\n|move|p2a: \u96cc\u5c0f\u9b3c\u841d\u8389|Toxic|p1a: Shuckle\n|-status|p1a: Shuckle|tox\n|\n|-heal|p2a: \u96cc\u5c0f\u9b3c\u841d\u8389|90\/100|[from] item: Leftovers\n|-damage|p1a: Shuckle|94\/100 tox|[from] psn\n|upkeep\n|turn|10\n|\n|t:|1700723610\n|move|p2a: \u96cc\u5c0f\u9b3c\u841d\u8389|Baneful Bunker|p2a: \u96cc\u5c0f\u9b3c\u841d\u8389\n|-singleturn|p2a: \u96cc\u5c0f\u9b3c\u841d\u8389|move: Protect\n|move|p1a: Shuckle|Sticky Web|p2a: \u96cc\u5c0f\u9b3c\u841d\u8389\n|-sidestart|p2: zhishixuebao279|move: Sticky Web\n|\n|-heal|p2a: \u96cc\u5c0f\u9b3c\u841d\u8389|96\/100|[from] item: Leftovers\n|-damage|p1a: Shuckle|82\/100 tox|[from] psn\n|upkeep\n|turn|11\n|\n|t:|1700723621\n|move|p2a: \u96cc\u5c0f\u9b3c\u841d\u8389|Toxic|p1a: Shuckle\n|-fail|p1a: Shuckle|tox\n|move|p1a: Shuckle|Stealth Rock|p2a: \u96cc\u5c0f\u9b3c\u841d\u8389\n|-sidestart|p2: zhishixuebao279|move: Stealth Rock\n|\n|-heal|p2a: \u96cc\u5c0f\u9b3c\u841d\u8389|100\/100|[from] item: Leftovers\n|-damage|p1a: Shuckle|63\/100 tox|[from] psn\n|upkeep\n|turn|12\n|\n|t:|1700723636\n|switch|p2a: \u90bb\u5bb6\u6e29\u67d4\u5927\u59d0\u59d0|Cresselia, F|45\/100\n|-damage|p2a: \u90bb\u5bb6\u6e29\u67d4\u5927\u59d0\u59d0|33\/100|[from] Stealth Rock\n|move|p1a: Shuckle|Toxic|p2a: \u90bb\u5bb6\u6e29\u67d4\u5927\u59d0\u59d0\n|-status|p2a: \u90bb\u5bb6\u6e29\u67d4\u5927\u59d0\u59d0|tox\n|\n|-damage|p2a: \u90bb\u5bb6\u6e29\u67d4\u5927\u59d0\u59d0|26\/100 tox|[from] psn\n|-damage|p1a: Shuckle|38\/100 tox|[from] psn\n|upkeep\n|turn|13\n|\n|t:|1700723648\n|move|p1a: Shuckle|Protect|p1a: Shuckle\n|-singleturn|p1a: Shuckle|Protect\n|move|p2a: \u90bb\u5bb6\u6e29\u67d4\u5927\u59d0\u59d0|Trick Room|p2a: \u90bb\u5bb6\u6e29\u67d4\u5927\u59d0\u59d0\n|-fieldstart|move: Trick Room|[of] p2a: \u90bb\u5bb6\u6e29\u67d4\u5927\u59d0\u59d0\n|\n|-damage|p1a: Shuckle|7\/100 tox|[from] psn\n|-damage|p2a: \u90bb\u5bb6\u6e29\u67d4\u5927\u59d0\u59d0|14\/100 tox|[from] psn\n|upkeep\n|turn|14\n|\n|t:|1700723666\n|move|p1a: Shuckle|Protect||[still]\n|-fail|p1a: Shuckle\n|move|p2a: \u90bb\u5bb6\u6e29\u67d4\u5927\u59d0\u59d0|Lunar Dance|p2a: \u90bb\u5bb6\u6e29\u67d4\u5927\u59d0\u59d0\n|faint|p2a: \u90bb\u5bb6\u6e29\u67d4\u5927\u59d0\u59d0\n|\n|-damage|p1a: Shuckle|0 fnt|[from] psn\n|faint|p1a: Shuckle\n|upkeep\n|\n|t:|1700723677\n|switch|p1a: Grimmsnarl|Grimmsnarl, M|100\/100\n|switch|p2a: \u53cc\u9a6c\u5c3e\u7f8e\u5c11\u5973|Mawile-Mega, F|21\/100\n|-heal|p2a: \u53cc\u9a6c\u5c3e\u7f8e\u5c11\u5973|100\/100|[from] move: Lunar Dance\n|-activate|p2a: \u53cc\u9a6c\u5c3e\u7f8e\u5c11\u5973|move: Sticky Web\n|-unboost|p2a: \u53cc\u9a6c\u5c3e\u7f8e\u5c11\u5973|spe|1\n|-damage|p2a: \u53cc\u9a6c\u5c3e\u7f8e\u5c11\u5973|94\/100|[from] Stealth Rock\n|turn|15\n|\n|t:|1700723690\n|move|p1a: Grimmsnarl|Parting Shot|p2a: \u53cc\u9a6c\u5c3e\u7f8e\u5c11\u5973\n|-unboost|p2a: \u53cc\u9a6c\u5c3e\u7f8e\u5c11\u5973|atk|1\n|-unboost|p2a: \u53cc\u9a6c\u5c3e\u7f8e\u5c11\u5973|spa|1\n|\n|t:|1700723703\n|switch|p1a: Blacephalon|Blacephalon|100\/100|[from] Parting Shot\n|move|p2a: \u53cc\u9a6c\u5c3e\u7f8e\u5c11\u5973|Swords Dance|p2a: \u53cc\u9a6c\u5c3e\u7f8e\u5c11\u5973\n|-boost|p2a: \u53cc\u9a6c\u5c3e\u7f8e\u5c11\u5973|atk|2\n|\n|upkeep\n|turn|16\n|\n|t:|1700723711\n|-terastallize|p1a: Blacephalon|Grass\n|move|p2a: \u53cc\u9a6c\u5c3e\u7f8e\u5c11\u5973|Sucker Punch|p1a: Blacephalon\n|-damage|p1a: Blacephalon|0 fnt\n|faint|p1a: Blacephalon\n|\n|upkeep\n|\n|t:|1700723717\n|switch|p1a: Urshifu|Urshifu-Rapid-Strike, F|100\/100\n|turn|17\n|\n|t:|1700723724\n|move|p2a: \u53cc\u9a6c\u5c3e\u7f8e\u5c11\u5973|Play Rough|p1a: Urshifu\n|-supereffective|p1a: Urshifu\n|-damage|p1a: Urshifu|0 fnt\n|faint|p1a: Urshifu\n|\n|-fieldend|move: Trick Room\n|upkeep\n|\n|t:|1700723730\n|switch|p1a: Grimmsnarl|Grimmsnarl, M|100\/100\n|turn|18\n|\n|t:|1700723733\n|move|p1a: Grimmsnarl|Parting Shot|p2a: \u53cc\u9a6c\u5c3e\u7f8e\u5c11\u5973\n|-unboost|p2a: \u53cc\u9a6c\u5c3e\u7f8e\u5c11\u5973|atk|1\n|-unboost|p2a: \u53cc\u9a6c\u5c3e\u7f8e\u5c11\u5973|spa|1\n|\n|t:|1700723736\n|switch|p1a: Zeraora|Zeraora|100\/100|[from] Parting Shot\n|move|p2a: \u53cc\u9a6c\u5c3e\u7f8e\u5c11\u5973|Play Rough|p1a: Zeraora\n|-damage|p1a: Zeraora|13\/100\n|\n|upkeep\n|turn|19\n|\n|t:|1700723745\n|move|p2a: \u53cc\u9a6c\u5c3e\u7f8e\u5c11\u5973|Sucker Punch|p1a: Zeraora\n|-damage|p1a: Zeraora|0 fnt\n|faint|p1a: Zeraora\n|\n|upkeep\n|\n|t:|1700723749\n|switch|p1a: Grimmsnarl|Grimmsnarl, M|100\/100\n|turn|20\n|\n|t:|1700723753\n|move|p1a: Grimmsnarl|Bulk Up|p1a: Grimmsnarl\n|-boost|p1a: Grimmsnarl|atk|1\n|-boost|p1a: Grimmsnarl|def|1\n|move|p2a: \u53cc\u9a6c\u5c3e\u7f8e\u5c11\u5973|Swords Dance|p2a: \u53cc\u9a6c\u5c3e\u7f8e\u5c11\u5973\n|-boost|p2a: \u53cc\u9a6c\u5c3e\u7f8e\u5c11\u5973|atk|2\n|\n|upkeep\n|turn|21\n|\n|t:|1700723760\n|move|p1a: Grimmsnarl|Parting Shot|p2a: \u53cc\u9a6c\u5c3e\u7f8e\u5c11\u5973\n|-unboost|p2a: \u53cc\u9a6c\u5c3e\u7f8e\u5c11\u5973|atk|1\n|-unboost|p2a: \u53cc\u9a6c\u5c3e\u7f8e\u5c11\u5973|spa|1\n|move|p2a: \u53cc\u9a6c\u5c3e\u7f8e\u5c11\u5973|Play Rough|p1a: Grimmsnarl\n|-supereffective|p1a: Grimmsnarl\n|-crit|p1a: Grimmsnarl\n|-damage|p1a: Grimmsnarl|0 fnt\n|faint|p1a: Grimmsnarl\n|\n|win|zhishixuebao279\n|raw|cooltrainer_botany's rating: 1134 &rarr; <strong>1105<\/strong><br \/>(-29 for losing)\n|raw|zhishixuebao279's rating: 1079 &rarr; <strong>1112<\/strong><br \/>(+33 for winning)\n","uploadtime":1700723769,"views":2,"p1id":"cooltrainerbotany","p2id":"zhishixuebao279","formatid":"gen9nationaldex","rating":1105,"private":0,"password":""}