{"id":"gen9nationaldex-1990127742","p1":"Kuzwa","p2":"AnAlkaliMetal","format":"[Gen 9] National Dex","log":"|j|\u2606Kuzwa\n|j|\u2606AnAlkaliMetal\n|t:|1699927533\n|gametype|singles\n|player|p1|Kuzwa|parasollady|1263\n|player|p2|AnAlkaliMetal|alec-anime|1338\n|teamsize|p1|6\n|teamsize|p2|6\n|gen|9\n|tier|[Gen 9] National Dex\n|rated|\n|rule|HP Percentage Mod: HP is shown in percentages\n|rule|Endless Battle Clause: Forcing endless battles is banned\n|rule|OHKO Clause: OHKO moves are banned\n|rule|Evasion Clause: Evasion abilities, items, and moves are banned\n|rule|Evasion Abilities Clause: Evasion abilities are banned\n|rule|Evasion Items Clause: Evasion items are banned\n|rule|Evasion Moves Clause: Evasion moves are banned\n|rule|Species Clause: Limit one of each Pok\u00e9mon\n|rule|Sleep Clause Mod: Limit one foe put to sleep\n|clearpoke\n|poke|p1|Gallade, M|\n|poke|p1|Kartana|\n|poke|p1|Weavile, M|\n|poke|p1|Ogerpon-Wellspring, F|\n|poke|p1|Zeraora|\n|poke|p1|Glimmora, M|\n|poke|p2|Marowak-Alola, M|\n|poke|p2|Porygon2|\n|poke|p2|Slowbro, M|\n|poke|p2|Moltres|\n|poke|p2|Primarina, M|\n|poke|p2|Abomasnow, M|\n|teampreview\n|\n|t:|1699927563\n|start\n|switch|p1a: thing|Glimmora, M|100\/100\n|switch|p2a: Porygon2|Porygon2|100\/100\n|-item|p1a: thing|Air Balloon\n|-ability|p2a: Porygon2|Toxic Debris|[from] ability: Trace|[of] p1a: thing\n|turn|1\n|inactive|Battle timer is ON: inactive players will automatically lose when time's up. (requested by Kuzwa)\n|\n|t:|1699927568\n|move|p1a: thing|Sludge Wave|p2a: Porygon2\n|-damage|p2a: Porygon2|76\/100\n|move|p2a: Porygon2|Ice Beam|p1a: thing\n|-damage|p1a: thing|73\/100\n|-enditem|p1a: thing|Air Balloon\n|\n|upkeep\n|turn|2\n|\n|t:|1699927574\n|move|p1a: thing|Sludge Wave|p2a: Porygon2\n|-damage|p2a: Porygon2|55\/100\n|move|p2a: Porygon2|Trick Room|p2a: Porygon2\n|-fieldstart|move: Trick Room|[of] p2a: Porygon2\n|\n|upkeep\n|turn|3\n|\n|t:|1699927580\n|move|p1a: thing|Sludge Wave|p2a: Porygon2\n|-damage|p2a: Porygon2|31\/100\n|move|p2a: Porygon2|Teleport|p2a: Porygon2\n|\n|t:|1699927609\n|switch|p2a: Marowak|Marowak-Alola, M|100\/100|[from] Teleport\n|\n|upkeep\n|turn|4\n|\n|t:|1699927614\n|move|p2a: Marowak|Earthquake|p1a: thing\n|-supereffective|p1a: thing\n|-damage|p1a: thing|0 fnt\n|-activate|p1a: thing|ability: Toxic Debris\n|-sidestart|p2: AnAlkaliMetal|move: Toxic Spikes\n|faint|p1a: thing\n|\n|upkeep\n|\n|t:|1699927620\n|switch|p1a: Aigis|Ogerpon-Wellspring, F|100\/100\n|turn|5\n|\n|t:|1699927635\n|move|p2a: Marowak|Flare Blitz|p1a: Aigis\n|-damage|p1a: Aigis|0 fnt\n|faint|p1a: Aigis\n|-damage|p2a: Marowak|70\/100|[from] Recoil\n|\n|upkeep\n|\n|t:|1699927651\n|switch|p1a: Junpei Iori|Weavile, M, shiny|100\/100\n|turn|6\n|\n|t:|1699927679\n|move|p2a: Marowak|Flare Blitz|p1a: Junpei Iori\n|-supereffective|p1a: Junpei Iori\n|-enditem|p1a: Junpei Iori|Focus Sash\n|-damage|p1a: Junpei Iori|1\/100\n|-damage|p2a: Marowak|41\/100|[from] Recoil\n|-enditem|p2a: Marowak|Thick Club|[silent]|[from] ability: Pickpocket|[of] p2a: Marowak\n|-item|p1a: Junpei Iori|Thick Club|[from] ability: Pickpocket|[of] p2a: Marowak\n|move|p1a: Junpei Iori|Throat Chop|p2a: Marowak\n|-supereffective|p2a: Marowak\n|-damage|p2a: Marowak|0 fnt\n|faint|p2a: Marowak\n|\n|-fieldend|move: Trick Room\n|upkeep\n|\n|t:|1699927686\n|switch|p2a: Moltres|Moltres|100\/100\n|turn|7\n|\n|t:|1699927696\n|move|p1a: Junpei Iori|Throat Chop|p2a: Moltres\n|-damage|p2a: Moltres|75\/100\n|-start|p2a: Moltres|Throat Chop|[silent]\n|move|p2a: Moltres|Defog|p1a: Junpei Iori\n|-unboost|p1a: Junpei Iori|evasion|1\n|-sideend|p2: AnAlkaliMetal|Toxic Spikes|[from] move: Defog|[of] p2a: Moltres\n|\n|upkeep\n|turn|8\n|\n|t:|1699927720\n|move|p1a: Junpei Iori|Throat Chop|p2a: Moltres\n|-damage|p2a: Moltres|49\/100\n|move|p2a: Moltres|U-turn|p1a: Junpei Iori\n|-supereffective|p1a: Junpei Iori\n|-damage|p1a: Junpei Iori|0 fnt\n|faint|p1a: Junpei Iori\n|\n|t:|1699927726\n|switch|p2a: Slowbro|Slowbro, M|100\/100|[from] U-turn\n|\n|upkeep\n|\n|t:|1699927729\n|switch|p1a: Makoto Yuki|Kartana, shiny|100\/100\n|turn|9\n|\n|t:|1699927737\n|-terastallize|p2a: Slowbro|Fairy\n|move|p1a: Makoto Yuki|Swords Dance|p1a: Makoto Yuki\n|-boost|p1a: Makoto Yuki|atk|2\n|move|p2a: Slowbro|Trick Room|p2a: Slowbro\n|-fieldstart|move: Trick Room|[of] p2a: Slowbro\n|\n|upkeep\n|turn|10\n|\n|t:|1699927741\n|switch|p2a: Primarina|Primarina, M|100\/100\n|move|p1a: Makoto Yuki|Leaf Blade|p2a: Primarina\n|-supereffective|p2a: Primarina\n|-damage|p2a: Primarina|0 fnt\n|faint|p2a: Primarina\n|-ability|p1a: Makoto Yuki|Beast Boost|boost\n|-boost|p1a: Makoto Yuki|atk|1\n|\n|upkeep\n|\n|t:|1699927748\n|switch|p2a: Abomasnow|Abomasnow, M|100\/100\n|-weather|Snow|[from] ability: Snow Warning|[of] p2a: Abomasnow\n|turn|11\n|\n|t:|1699927751\n|detailschange|p2a: Abomasnow|Abomasnow-Mega, M\n|-mega|p2a: Abomasnow|Abomasnow|Abomasite\n|move|p2a: Abomasnow|Ice Spinner|p1a: Makoto Yuki\n|-damage|p1a: Makoto Yuki|54\/100\n|move|p1a: Makoto Yuki|Smart Strike|p2a: Abomasnow\n|-supereffective|p2a: Abomasnow\n|-damage|p2a: Abomasnow|0 fnt\n|faint|p2a: Abomasnow\n|-ability|p1a: Makoto Yuki|Beast Boost|boost\n|-boost|p1a: Makoto Yuki|atk|1\n|\n|-weather|Snow|[upkeep]\n|upkeep\n|\n|t:|1699927756\n|switch|p2a: Moltres|Moltres|49\/100\n|turn|12\n|\n|t:|1699927760\n|move|p2a: Moltres|Will-O-Wisp|p1a: Makoto Yuki\n|-status|p1a: Makoto Yuki|brn\n|move|p1a: Makoto Yuki|Smart Strike|p2a: Moltres\n|-resisted|p2a: Moltres\n|-damage|p2a: Moltres|27\/100\n|\n|-weather|Snow|[upkeep]\n|-damage|p1a: Makoto Yuki|48\/100 brn|[from] brn\n|upkeep\n|turn|13\n|\n|t:|1699927763\n|move|p2a: Moltres|Roost|p2a: Moltres\n|-heal|p2a: Moltres|78\/100\n|-singleturn|p2a: Moltres|move: Roost\n|move|p1a: Makoto Yuki|Smart Strike|p2a: Moltres\n|-resisted|p2a: Moltres\n|-damage|p2a: Moltres|54\/100\n|\n|-weather|Snow|[upkeep]\n|-damage|p1a: Makoto Yuki|42\/100 brn|[from] brn\n|-fieldend|move: Trick Room\n|upkeep\n|turn|14\n|\n|t:|1699927769\n|move|p1a: Makoto Yuki|Smart Strike|p2a: Moltres\n|-resisted|p2a: Moltres\n|-damage|p2a: Moltres|28\/100\n|move|p2a: Moltres|Roost|p2a: Moltres\n|-heal|p2a: Moltres|78\/100\n|-singleturn|p2a: Moltres|move: Roost\n|\n|-weather|Snow|[upkeep]\n|-damage|p1a: Makoto Yuki|36\/100 brn|[from] brn\n|upkeep\n|turn|15\n|\n|t:|1699927772\n|move|p1a: Makoto Yuki|Swords Dance|p1a: Makoto Yuki\n|-boost|p1a: Makoto Yuki|atk|2\n|move|p2a: Moltres|Roost|p2a: Moltres\n|-heal|p2a: Moltres|100\/100\n|-singleturn|p2a: Moltres|move: Roost\n|\n|-weather|none\n|-damage|p1a: Makoto Yuki|29\/100 brn|[from] brn\n|upkeep\n|turn|16\n|\n|t:|1699927776\n|move|p1a: Makoto Yuki|Smart Strike|p2a: Moltres\n|-resisted|p2a: Moltres\n|-damage|p2a: Moltres|66\/100\n|move|p2a: Moltres|Roost|p2a: Moltres\n|-heal|p2a: Moltres|100\/100\n|-singleturn|p2a: Moltres|move: Roost\n|\n|-damage|p1a: Makoto Yuki|23\/100 brn|[from] brn\n|upkeep\n|turn|17\n|\n|t:|1699927782\n|switch|p1a: Ken Amada|Zeraora|100\/100\n|move|p2a: Moltres|Roost||[still]\n|-fail|p2a: Moltres|heal\n|\n|upkeep\n|turn|18\n|\n|t:|1699927785\n|switch|p2a: Porygon2|Porygon2|31\/100\n|-ability|p2a: Porygon2|Volt Absorb|[from] ability: Trace|[of] p1a: Ken Amada\n|move|p1a: Ken Amada|Plasma Fists|p2a: Porygon2\n|-heal|p2a: Porygon2|56\/100|[from] ability: Volt Absorb|[of] p1a: Ken Amada\n|\n|upkeep\n|turn|19\n|\n|t:|1699927795\n|switch|p1a: Makoto Yuki|Kartana, shiny|23\/100 brn\n|move|p2a: Porygon2|Ice Beam|p1a: Makoto Yuki\n|-damage|p1a: Makoto Yuki|0 fnt\n|faint|p1a: Makoto Yuki\n|\n|upkeep\n|\n|t:|1699927800\n|switch|p1a: Ryoji Mochizuki|Gallade, M, shiny|100\/100\n|turn|20\n|\n|t:|1699927803\n|switch|p2a: Moltres|Moltres|100\/100\n|move|p1a: Ryoji Mochizuki|Swords Dance|p1a: Ryoji Mochizuki\n|-boost|p1a: Ryoji Mochizuki|atk|2\n|\n|upkeep\n|turn|21\n|\n|t:|1699927811\n|move|p1a: Ryoji Mochizuki|Swords Dance|p1a: Ryoji Mochizuki\n|-boost|p1a: Ryoji Mochizuki|atk|2\n|move|p2a: Moltres|Will-O-Wisp|p1a: Ryoji Mochizuki\n|-status|p1a: Ryoji Mochizuki|brn\n|\n|-damage|p1a: Ryoji Mochizuki|94\/100 brn|[from] brn\n|upkeep\n|turn|22\n|\n|t:|1699927817\n|move|p1a: Ryoji Mochizuki|Swords Dance|p1a: Ryoji Mochizuki\n|-boost|p1a: Ryoji Mochizuki|atk|2\n|move|p2a: Moltres|U-turn|p1a: Ryoji Mochizuki\n|-damage|p1a: Ryoji Mochizuki|68\/100 brn\n|\n|t:|1699927821\n|switch|p2a: Slowbro|Slowbro, M, tera:Fairy|100\/100|[from] U-turn\n|\n|-damage|p1a: Ryoji Mochizuki|62\/100 brn|[from] brn\n|upkeep\n|turn|23\n|\n|t:|1699927825\n|move|p1a: Ryoji Mochizuki|Psycho Cut|p2a: Slowbro\n|-damage|p2a: Slowbro|42\/100\n|move|p2a: Slowbro|Scald|p1a: Ryoji Mochizuki\n|-damage|p1a: Ryoji Mochizuki|29\/100 brn\n|\n|-heal|p2a: Slowbro|48\/100|[from] item: Leftovers\n|-damage|p1a: Ryoji Mochizuki|23\/100 brn|[from] brn\n|upkeep\n|turn|24\n|\n|t:|1699927831\n|move|p1a: Ryoji Mochizuki|Psycho Cut|p2a: Slowbro\n|-damage|p2a: Slowbro|0 fnt\n|faint|p2a: Slowbro\n|\n|-damage|p1a: Ryoji Mochizuki|16\/100 brn|[from] brn\n|upkeep\n|\n|t:|1699927833\n|switch|p2a: Moltres|Moltres|100\/100\n|turn|25\n|\n|t:|1699927836\n|move|p1a: Ryoji Mochizuki|Psycho Cut|p2a: Moltres\n|-damage|p2a: Moltres|30\/100\n|move|p2a: Moltres|Roost|p2a: Moltres\n|-heal|p2a: Moltres|80\/100\n|-singleturn|p2a: Moltres|move: Roost\n|\n|-damage|p1a: Ryoji Mochizuki|10\/100 brn|[from] brn\n|upkeep\n|turn|26\n|\n|t:|1699927839\n|move|p1a: Ryoji Mochizuki|Psycho Cut|p2a: Moltres\n|-crit|p2a: Moltres\n|-damage|p2a: Moltres|0 fnt\n|faint|p2a: Moltres\n|\n|-damage|p1a: Ryoji Mochizuki|4\/100 brn|[from] brn\n|upkeep\n|\n|t:|1699927842\n|switch|p2a: Porygon2|Porygon2|56\/100\n|-ability|p2a: Porygon2|Sharpness|[from] ability: Trace|[of] p1a: Ryoji Mochizuki\n|turn|27\n|\n|t:|1699927843\n|move|p1a: Ryoji Mochizuki|Sacred Sword|p2a: Porygon2\n|-supereffective|p2a: Porygon2\n|-damage|p2a: Porygon2|0 fnt\n|faint|p2a: Porygon2\n|\n|win|Kuzwa\n|raw|Kuzwa's rating: 1263 &rarr; <strong>1293<\/strong><br \/>(+30 for winning)\n|raw|AnAlkaliMetal's rating: 1338 &rarr; <strong>1314<\/strong><br \/>(-24 for losing)\n|l|\u2606AnAlkaliMetal\n","uploadtime":1699927848,"views":7,"p1id":"kuzwa","p2id":"analkalimetal","formatid":"gen9nationaldex","rating":1293,"private":0,"password":""}