{"id":"gen9nationaldex-1998624015","p1":"DrippinSauce","p2":"rff123","format":"[Gen 9] National Dex","log":"|html|<div class=\"broadcast-blue\"><strong>[Gen 9] National Dex is currently suspecting Sneasler! For information on how to participate check out the <a href=\"https:\/\/www.smogon.com\/forums\/threads\/sv-national-dex-suspect-8-just-dance.3731534\/\">suspect thread<\/a>.<\/strong><\/div>\n|j|\u2606DrippinSauce\n|j|\u2606rff123\n|t:|1700964326\n|gametype|singles\n|player|p1|DrippinSauce|cynthia-masters|1483\n|player|p2|rff123|nate|1612\n|teamsize|p1|6\n|teamsize|p2|6\n|gen|9\n|tier|[Gen 9] National Dex\n|rated|\n|rule|HP Percentage Mod: HP is shown in percentages\n|rule|Endless Battle Clause: Forcing endless battles is banned\n|rule|OHKO Clause: OHKO moves are banned\n|rule|Evasion Clause: Evasion abilities, items, and moves are banned\n|rule|Evasion Abilities Clause: Evasion abilities are banned\n|rule|Evasion Items Clause: Evasion items are banned\n|rule|Evasion Moves Clause: Evasion moves are banned\n|rule|Species Clause: Limit one of each Pok\u00e9mon\n|rule|Sleep Clause Mod: Limit one foe put to sleep\n|clearpoke\n|poke|p1|Heatran, M|\n|poke|p1|Ninetales-Alola, F|\n|poke|p1|Great Tusk|\n|poke|p1|Iron Hands|\n|poke|p1|Latias, F|\n|poke|p1|Kommo-o, M|\n|poke|p2|Pinsir, F|\n|poke|p2|Brambleghast, M|\n|poke|p2|Heatran, M|\n|poke|p2|Aggron, M|\n|poke|p2|Dragonite, F|\n|poke|p2|Urshifu-*, M|\n|teampreview\n|\n|t:|1700964339\n|start\n|switch|p1a: Molten|Heatran, M, shiny|100\/100\n|switch|p2a: Urshifu|Urshifu-Rapid-Strike, M|100\/100\n|turn|1\n|\n|t:|1700964349\n|-terastallize|p2a: Urshifu|Fighting\n|move|p2a: Urshifu|Close Combat|p1a: Molten\n|-supereffective|p1a: Molten\n|-damage|p1a: Molten|0 fnt\n|-unboost|p2a: Urshifu|def|1\n|-unboost|p2a: Urshifu|spd|1\n|faint|p1a: Molten\n|\n|upkeep\n|\n|t:|1700964355\n|switch|p1a: Snowin|Ninetales-Alola, F, shiny|100\/100\n|-weather|Snow|[from] ability: Snow Warning|[of] p1a: Snowin\n|turn|2\n|\n|t:|1700964361\n|move|p1a: Snowin|Aurora Veil|p1a: Snowin\n|-sidestart|p1: DrippinSauce|move: Aurora Veil\n|move|p2a: Urshifu|Close Combat|p1a: Snowin\n|-damage|p1a: Snowin|53\/100\n|-unboost|p2a: Urshifu|def|1\n|-unboost|p2a: Urshifu|spd|1\n|\n|-weather|Snow|[upkeep]\n|upkeep\n|turn|3\n|\n|t:|1700964373\n|switch|p1a: Punchin|Iron Hands|100\/100\n|-enditem|p1a: Punchin|Booster Energy\n|-activate|p1a: Punchin|ability: Quark Drive|[fromitem]\n|-start|p1a: Punchin|quarkdriveatk\n|switch|p2a: Heatran|Heatran, M|100\/100\n|-item|p2a: Heatran|Air Balloon\n|\n|-weather|Snow|[upkeep]\n|upkeep\n|turn|4\n|\n|t:|1700964377\n|move|p2a: Heatran|Magma Storm|p1a: Punchin\n|-damage|p1a: Punchin|82\/100\n|-activate|p1a: Punchin|move: Magma Storm|[of] p2a: Heatran\n|move|p1a: Punchin|Swords Dance|p1a: Punchin\n|-boost|p1a: Punchin|atk|2\n|\n|-weather|Snow|[upkeep]\n|-damage|p1a: Punchin|69\/100|[from] move: Magma Storm|[partiallytrapped]\n|upkeep\n|turn|5\n|\n|t:|1700964386\n|move|p2a: Heatran|Earth Power|p1a: Punchin\n|-supereffective|p1a: Punchin\n|-damage|p1a: Punchin|47\/100\n|move|p1a: Punchin|Drain Punch|p2a: Heatran\n|-supereffective|p2a: Heatran\n|-damage|p2a: Heatran|0 fnt\n|-heal|p1a: Punchin|87\/100|[from] drain|[of] p2a: Heatran\n|-enditem|p2a: Heatran|Air Balloon\n|faint|p2a: Heatran\n|\n|-weather|Snow|[upkeep]\n|-end|p1a: Punchin|Magma Storm|[partiallytrapped]|[silent]\n|upkeep\n|\n|t:|1700964393\n|switch|p2a: Aggron|Aggron, M|100\/100\n|turn|6\n|\n|t:|1700964403\n|move|p1a: Punchin|Ice Punch|p2a: Aggron\n|-resisted|p2a: Aggron\n|-damage|p2a: Aggron|82\/100\n|move|p2a: Aggron|Stealth Rock|p1a: Punchin\n|-sidestart|p1: DrippinSauce|move: Stealth Rock\n|\n|-weather|none\n|upkeep\n|turn|7\n|\n|t:|1700964413\n|switch|p2a: Brambleghast|Brambleghast, M|100\/100\n|move|p1a: Punchin|Drain Punch|p2a: Brambleghast\n|-immune|p2a: Brambleghast\n|\n|upkeep\n|turn|8\n|\n|t:|1700964429\n|move|p2a: Brambleghast|Curse|p1a: Punchin\n|-start|p1a: Punchin|Curse|[of] p2a: Brambleghast\n|-damage|p2a: Brambleghast|50\/100\n|move|p1a: Punchin|Thunder Punch|p2a: Brambleghast\n|-resisted|p2a: Brambleghast\n|-damage|p2a: Brambleghast|0 fnt\n|-damage|p1a: Punchin|71\/100|[from] item: Rocky Helmet|[of] p2a: Brambleghast\n|faint|p2a: Brambleghast\n|\n|-damage|p1a: Punchin|46\/100|[from] Curse\n|upkeep\n|\n|t:|1700964441\n|switch|p2a: Urshifu|Urshifu-Rapid-Strike, M, tera:Fighting|100\/100\n|turn|9\n|\n|t:|1700964444\n|move|p2a: Urshifu|Surging Strikes|p1a: Punchin\n|-crit|p1a: Punchin\n|-damage|p1a: Punchin|26\/100\n|-crit|p1a: Punchin\n|-damage|p1a: Punchin|8\/100\n|-crit|p1a: Punchin\n|-damage|p1a: Punchin|0 fnt\n|faint|p1a: Punchin\n|-end|p1a: Punchin|Quark Drive|[silent]\n|-hitcount|p1: Punchin|3\n|\n|-sideend|p1: DrippinSauce|move: Aurora Veil\n|upkeep\n|\n|t:|1700964447\n|switch|p1a: Snowin|Ninetales-Alola, F, shiny|53\/100\n|-damage|p1a: Snowin|28\/100|[from] Stealth Rock\n|-weather|Snow|[from] ability: Snow Warning|[of] p1a: Snowin\n|turn|10\n|\n|t:|1700964449\n|move|p1a: Snowin|Aurora Veil|p1a: Snowin\n|-sidestart|p1: DrippinSauce|move: Aurora Veil\n|move|p2a: Urshifu|Surging Strikes|p1a: Snowin\n|-crit|p1a: Snowin\n|-damage|p1a: Snowin|5\/100\n|-crit|p1a: Snowin\n|-damage|p1a: Snowin|0 fnt\n|faint|p1a: Snowin\n|-hitcount|p1: Snowin|2\n|\n|-weather|Snow|[upkeep]\n|upkeep\n|\n|t:|1700964455\n|switch|p1a: Screamin|Kommo-o, M|100\/100\n|-damage|p1a: Screamin|94\/100|[from] Stealth Rock\n|turn|11\n|\n|t:|1700964460\n|move|p2a: Urshifu|Surging Strikes|p1a: Screamin\n|-resisted|p1a: Screamin\n|-crit|p1a: Screamin\n|-damage|p1a: Screamin|79\/100\n|-resisted|p1a: Screamin\n|-crit|p1a: Screamin\n|-damage|p1a: Screamin|65\/100\n|-resisted|p1a: Screamin\n|-crit|p1a: Screamin\n|-damage|p1a: Screamin|51\/100\n|-hitcount|p1a: Screamin|3\n|move|p1a: Screamin|Clangorous Soul|p1a: Screamin\n|-boost|p1a: Screamin|atk|1\n|-boost|p1a: Screamin|def|1\n|-boost|p1a: Screamin|spa|1\n|-boost|p1a: Screamin|spd|1\n|-boost|p1a: Screamin|spe|1\n|-damage|p1a: Screamin|18\/100\n|-enditem|p1a: Screamin|Throat Spray\n|-boost|p1a: Screamin|spa|1|[from] item: Throat Spray\n|\n|-weather|Snow|[upkeep]\n|upkeep\n|turn|12\n|\n|t:|1700964471\n|move|p1a: Screamin|Boomburst|p2a: Urshifu\n|-damage|p2a: Urshifu|0 fnt\n|faint|p2a: Urshifu\n|\n|-weather|Snow|[upkeep]\n|upkeep\n|\n|t:|1700964476\n|switch|p2a: Pinsir|Pinsir, F|100\/100\n|turn|13\n|\n|t:|1700964483\n|switch|p2a: Aggron|Aggron, M|82\/100\n|move|p1a: Screamin|Flamethrower|p2a: Aggron\n|-damage|p2a: Aggron|0 fnt\n|faint|p2a: Aggron\n|\n|-weather|Snow|[upkeep]\n|upkeep\n|\n|t:|1700964486\n|switch|p2a: Pinsir|Pinsir, F|100\/100\n|turn|14\n|\n|t:|1700964489\n|detailschange|p2a: Pinsir|Pinsir-Mega, F\n|-mega|p2a: Pinsir|Pinsir|Pinsirite\n|move|p2a: Pinsir|Quick Attack|p1a: Screamin\n|-supereffective|p1a: Screamin\n|-damage|p1a: Screamin|0 fnt\n|faint|p1a: Screamin\n|\n|-weather|none\n|upkeep\n|\n|t:|1700964492\n|switch|p1a: Tuskin|Great Tusk|100\/100\n|-damage|p1a: Tuskin|97\/100|[from] Stealth Rock\n|turn|15\n|\n|t:|1700964501\n|-terastallize|p1a: Tuskin|Ice\n|move|p2a: Pinsir|Substitute|p2a: Pinsir\n|-start|p2a: Pinsir|Substitute\n|-damage|p2a: Pinsir|76\/100\n|move|p1a: Tuskin|Ice Spinner|p2a: Pinsir\n|-supereffective|p2a: Pinsir\n|-end|p2a: Pinsir|Substitute\n|\n|-heal|p1a: Tuskin|100\/100|[from] item: Leftovers\n|upkeep\n|turn|16\n|\n|t:|1700964509\n|move|p2a: Pinsir|Substitute|p2a: Pinsir\n|-start|p2a: Pinsir|Substitute\n|-damage|p2a: Pinsir|51\/100\n|move|p1a: Tuskin|Ice Spinner|p2a: Pinsir\n|-supereffective|p2a: Pinsir\n|-end|p2a: Pinsir|Substitute\n|\n|upkeep\n|turn|17\n|\n|t:|1700964526\n|move|p2a: Pinsir|Substitute|p2a: Pinsir\n|-start|p2a: Pinsir|Substitute\n|-damage|p2a: Pinsir|26\/100\n|move|p1a: Tuskin|Ice Spinner|p2a: Pinsir\n|-supereffective|p2a: Pinsir\n|-end|p2a: Pinsir|Substitute\n|\n|-sideend|p1: DrippinSauce|move: Aurora Veil\n|upkeep\n|turn|18\n|\n|t:|1700964529\n|move|p2a: Pinsir|Frustration|p1a: Tuskin\n|-damage|p1a: Tuskin|64\/100\n|move|p1a: Tuskin|Ice Spinner|p2a: Pinsir\n|-supereffective|p2a: Pinsir\n|-damage|p2a: Pinsir|0 fnt\n|faint|p2a: Pinsir\n|\n|-heal|p1a: Tuskin|70\/100|[from] item: Leftovers\n|upkeep\n|\n|t:|1700964532\n|switch|p2a: Dragonite|Dragonite, F|100\/100\n|turn|19\n|\n|t:|1700964548\n|-zpower|p2a: Dragonite\n|move|p2a: Dragonite|Devastating Drake|p1a: Tuskin|[zeffect]\n|-crit|p1a: Tuskin\n|-damage|p1a: Tuskin|0 fnt\n|faint|p1a: Tuskin\n|-end|p1a: Tuskin|Protosynthesis|[silent]\n|\n|upkeep\n|\n|t:|1700964552\n|switch|p1a: Jettin|Latias, F|100\/100\n|-damage|p1a: Jettin|88\/100|[from] Stealth Rock\n|turn|20\n|-message|DrippinSauce forfeited.\n|\n|win|rff123\n|raw|DrippinSauce's rating: 1483 &rarr; <strong>1470<\/strong><br \/>(-13 for losing)\n|raw|rff123's rating: 1612 &rarr; <strong>1625<\/strong><br \/>(+13 for winning)\n|l|\u2606DrippinSauce\n","uploadtime":1700964584,"views":5,"p1id":"drippinsauce","p2id":"rff123","formatid":"gen9nationaldex","rating":1470,"private":0,"password":""}