{"id":"gen9nationaldex-1998324527","p1":"papunutriaxd","p2":"I AM Hoooman","format":"[Gen 9] National Dex","log":"|html|<div class=\"broadcast-blue\"><strong>[Gen 9] National Dex is currently suspecting Sneasler! For information on how to participate check out the <a href=\"https:\/\/www.smogon.com\/forums\/threads\/sv-national-dex-suspect-8-just-dance.3731534\/\">suspect thread<\/a>.<\/strong><\/div>\n|j|\u2606papunutriaxd\n|j|\u2606I AM Hoooman\n|t:|1700929561\n|gametype|singles\n|player|p1|papunutriaxd|clair|1387\n|player|p2|I AM Hoooman|roxie|1424\n|teamsize|p1|6\n|teamsize|p2|6\n|gen|9\n|tier|[Gen 9] National Dex\n|rated|\n|rule|HP Percentage Mod: HP is shown in percentages\n|rule|Endless Battle Clause: Forcing endless battles is banned\n|rule|OHKO Clause: OHKO moves are banned\n|rule|Evasion Clause: Evasion abilities, items, and moves are banned\n|rule|Evasion Abilities Clause: Evasion abilities are banned\n|rule|Evasion Items Clause: Evasion items are banned\n|rule|Evasion Moves Clause: Evasion moves are banned\n|rule|Species Clause: Limit one of each Pok\u00e9mon\n|rule|Sleep Clause Mod: Limit one foe put to sleep\n|clearpoke\n|poke|p1|Blacephalon|\n|poke|p1|Great Tusk|\n|poke|p1|Blaziken, M|\n|poke|p1|Sneasler, M|\n|poke|p1|Tapu Koko|\n|poke|p1|Decidueye, M|\n|poke|p2|Greninja-*, M|\n|poke|p2|Garchomp, M|\n|poke|p2|Pinsir, M|\n|poke|p2|Rillaboom, M|\n|poke|p2|Sneasler, M|\n|poke|p2|Garganacl, M|\n|teampreview\n|\n|t:|1700929583\n|start\n|switch|p1a: Blacephalon|Blacephalon|100\/100\n|switch|p2a: Donkey Kong|Rillaboom, M, shiny|100\/100\n|-fieldstart|move: Grassy Terrain|[from] ability: Grassy Surge|[of] p2a: Donkey Kong\n|turn|1\n|\n|t:|1700929588\n|move|p2a: Donkey Kong|Grassy Glide|p1a: Blacephalon\n|-resisted|p1a: Blacephalon\n|-damage|p1a: Blacephalon|43\/100\n|move|p1a: Blacephalon|Flamethrower|p2a: Donkey Kong\n|-supereffective|p2a: Donkey Kong\n|-damage|p2a: Donkey Kong|0 fnt\n|faint|p2a: Donkey Kong\n|-ability|p1a: Blacephalon|Beast Boost|boost\n|-boost|p1a: Blacephalon|spa|1\n|\n|-heal|p1a: Blacephalon|49\/100|[from] Grassy Terrain\n|upkeep\n|\n|t:|1700929594\n|switch|p2a: Kamaitachi|Sneasler, M|100\/100\n|-enditem|p2a: Kamaitachi|Grassy Seed\n|-boost|p2a: Kamaitachi|def|1|[from] item: Grassy Seed\n|turn|2\n|\n|t:|1700929602\n|move|p2a: Kamaitachi|Acrobatics|p1a: Blacephalon\n|-damage|p1a: Blacephalon|0 fnt\n|faint|p1a: Blacephalon\n|\n|upkeep\n|\n|t:|1700929616\n|switch|p1a: Blaziken|Blaziken, M|100\/100\n|turn|3\n|\n|t:|1700929623\n|move|p2a: Kamaitachi|Swords Dance|p2a: Kamaitachi\n|-boost|p2a: Kamaitachi|atk|2\n|move|p1a: Blaziken|Swords Dance|p1a: Blaziken\n|-boost|p1a: Blaziken|atk|2\n|\n|-ability|p1a: Blaziken|Speed Boost|boost\n|-boost|p1a: Blaziken|spe|1\n|upkeep\n|turn|4\n|\n|t:|1700929628\n|move|p1a: Blaziken|Protect|p1a: Blaziken\n|-singleturn|p1a: Blaziken|Protect\n|move|p2a: Kamaitachi|Acrobatics|p1a: Blaziken\n|-activate|p1a: Blaziken|move: Protect\n|\n|-ability|p1a: Blaziken|Speed Boost|boost\n|-boost|p1a: Blaziken|spe|1\n|upkeep\n|turn|5\n|\n|t:|1700929635\n|move|p2a: Kamaitachi|Acrobatics|p1a: Blaziken\n|-supereffective|p1a: Blaziken\n|-crit|p1a: Blaziken\n|-enditem|p1a: Blaziken|Focus Sash\n|-damage|p1a: Blaziken|1\/100\n|move|p1a: Blaziken|Acrobatics|p2a: Kamaitachi\n|-supereffective|p2a: Kamaitachi\n|-damage|p2a: Kamaitachi|0 fnt\n|faint|p2a: Kamaitachi\n|\n|-heal|p1a: Blaziken|7\/100|[from] Grassy Terrain\n|-fieldend|move: Grassy Terrain\n|-ability|p1a: Blaziken|Speed Boost|boost\n|-boost|p1a: Blaziken|spe|1\n|upkeep\n|\n|t:|1700929642\n|switch|p2a: SaltForSale|Garganacl, M|100\/100\n|turn|6\n|\n|t:|1700929645\n|-terastallize|p2a: SaltForSale|Fairy\n|move|p1a: Blaziken|Close Combat|p2a: SaltForSale\n|-resisted|p2a: SaltForSale\n|-damage|p2a: SaltForSale|63\/100\n|-unboost|p1a: Blaziken|def|1\n|-unboost|p1a: Blaziken|spd|1\n|move|p2a: SaltForSale|Iron Defense|p2a: SaltForSale\n|-boost|p2a: SaltForSale|def|2\n|\n|-heal|p2a: SaltForSale|70\/100|[from] item: Leftovers\n|-ability|p1a: Blaziken|Speed Boost|boost\n|-boost|p1a: Blaziken|spe|1\n|upkeep\n|turn|7\n|\n|t:|1700929649\n|move|p1a: Blaziken|Acrobatics|p2a: SaltForSale\n|-damage|p2a: SaltForSale|49\/100\n|move|p2a: SaltForSale|Iron Defense|p2a: SaltForSale\n|-boost|p2a: SaltForSale|def|2\n|\n|-heal|p2a: SaltForSale|55\/100|[from] item: Leftovers\n|-ability|p1a: Blaziken|Speed Boost|boost\n|-boost|p1a: Blaziken|spe|1\n|upkeep\n|turn|8\n|\n|t:|1700929653\n|move|p1a: Blaziken|Swords Dance|p1a: Blaziken\n|-boost|p1a: Blaziken|atk|2\n|move|p2a: SaltForSale|Iron Defense|p2a: SaltForSale\n|-boost|p2a: SaltForSale|def|2\n|\n|-heal|p2a: SaltForSale|61\/100|[from] item: Leftovers\n|-ability|p1a: Blaziken|Speed Boost|boost\n|-boost|p1a: Blaziken|spe|1\n|upkeep\n|turn|9\n|\n|t:|1700929656\n|move|p1a: Blaziken|Acrobatics|p2a: SaltForSale\n|-damage|p2a: SaltForSale|46\/100\n|move|p2a: SaltForSale|Recover|p2a: SaltForSale\n|-heal|p2a: SaltForSale|96\/100\n|\n|-heal|p2a: SaltForSale|100\/100|[from] item: Leftovers\n|upkeep\n|turn|10\n|\n|t:|1700929663\n|move|p1a: Blaziken|Swords Dance|p1a: Blaziken\n|-boost|p1a: Blaziken|atk|2\n|move|p2a: SaltForSale|Body Press|p1a: Blaziken\n|-damage|p1a: Blaziken|0 fnt\n|faint|p1a: Blaziken\n|\n|upkeep\n|\n|t:|1700929666\n|switch|p1a: Decidueye|Decidueye, M|100\/100\n|turn|11\n|\n|t:|1700929669\n|move|p1a: Decidueye|Spirit Shackle|p2a: SaltForSale\n|-damage|p2a: SaltForSale|98\/100\n|-activate|p2a: SaltForSale|trapped\n|move|p2a: SaltForSale|Salt Cure|p1a: Decidueye\n|-damage|p1a: Decidueye|86\/100\n|\n|-heal|p2a: SaltForSale|100\/100|[from] item: Leftovers\n|upkeep\n|turn|12\n|\n|t:|1700929677\n|move|p1a: Decidueye|Night Shade|p2a: SaltForSale\n|-damage|p2a: SaltForSale|76\/100\n|move|p2a: SaltForSale|Salt Cure|p1a: Decidueye\n|-damage|p1a: Decidueye|73\/100\n|\n|-heal|p2a: SaltForSale|82\/100|[from] item: Leftovers\n|upkeep\n|turn|13\n|\n|t:|1700929681\n|move|p1a: Decidueye|Night Shade|p2a: SaltForSale\n|-damage|p2a: SaltForSale|57\/100\n|move|p2a: SaltForSale|Salt Cure|p1a: Decidueye\n|-damage|p1a: Decidueye|58\/100\n|\n|-heal|p2a: SaltForSale|63\/100|[from] item: Leftovers\n|upkeep\n|turn|14\n|\n|t:|1700929694\n|move|p1a: Decidueye|Night Shade|p2a: SaltForSale\n|-damage|p2a: SaltForSale|39\/100\n|move|p2a: SaltForSale|Salt Cure|p1a: Decidueye\n|-damage|p1a: Decidueye|43\/100\n|\n|-heal|p2a: SaltForSale|45\/100|[from] item: Leftovers\n|upkeep\n|turn|15\n|\n|t:|1700929699\n|move|p1a: Decidueye|Roost|p1a: Decidueye\n|-heal|p1a: Decidueye|93\/100\n|-singleturn|p1a: Decidueye|move: Roost\n|move|p2a: SaltForSale|Recover|p2a: SaltForSale\n|-heal|p2a: SaltForSale|95\/100\n|\n|-heal|p2a: SaltForSale|100\/100|[from] item: Leftovers\n|upkeep\n|turn|16\n|\n|t:|1700929703\n|move|p1a: Decidueye|Night Shade|p2a: SaltForSale\n|-damage|p2a: SaltForSale|76\/100\n|move|p2a: SaltForSale|Salt Cure|p1a: Decidueye\n|-damage|p1a: Decidueye|77\/100\n|\n|-heal|p2a: SaltForSale|82\/100|[from] item: Leftovers\n|upkeep\n|turn|17\n|\n|t:|1700929706\n|move|p1a: Decidueye|Night Shade|p2a: SaltForSale\n|-damage|p2a: SaltForSale|57\/100\n|move|p2a: SaltForSale|Salt Cure|p1a: Decidueye\n|-damage|p1a: Decidueye|62\/100\n|\n|-heal|p2a: SaltForSale|63\/100|[from] item: Leftovers\n|upkeep\n|turn|18\n|\n|t:|1700929709\n|move|p1a: Decidueye|Night Shade|p2a: SaltForSale\n|-damage|p2a: SaltForSale|39\/100\n|move|p2a: SaltForSale|Salt Cure|p1a: Decidueye\n|-crit|p1a: Decidueye\n|-damage|p1a: Decidueye|42\/100\n|\n|-heal|p2a: SaltForSale|45\/100|[from] item: Leftovers\n|upkeep\n|turn|19\n|\n|t:|1700929715\n|move|p1a: Decidueye|Roost|p1a: Decidueye\n|-heal|p1a: Decidueye|92\/100\n|-singleturn|p1a: Decidueye|move: Roost\n|move|p2a: SaltForSale|Salt Cure|p1a: Decidueye\n|-damage|p1a: Decidueye|76\/100\n|\n|-heal|p2a: SaltForSale|51\/100|[from] item: Leftovers\n|upkeep\n|turn|20\n|\n|t:|1700929719\n|move|p1a: Decidueye|Night Shade|p2a: SaltForSale\n|-damage|p2a: SaltForSale|26\/100\n|move|p2a: SaltForSale|Salt Cure|p1a: Decidueye\n|-damage|p1a: Decidueye|62\/100\n|\n|-heal|p2a: SaltForSale|32\/100|[from] item: Leftovers\n|upkeep\n|turn|21\n|\n|t:|1700929725\n|move|p1a: Decidueye|Night Shade|p2a: SaltForSale\n|-damage|p2a: SaltForSale|8\/100\n|move|p2a: SaltForSale|Recover|p2a: SaltForSale\n|-heal|p2a: SaltForSale|58\/100\n|\n|-heal|p2a: SaltForSale|64\/100|[from] item: Leftovers\n|upkeep\n|turn|22\n|\n|t:|1700929728\n|move|p1a: Decidueye|Roost|p1a: Decidueye\n|-heal|p1a: Decidueye|100\/100\n|-singleturn|p1a: Decidueye|move: Roost\n|move|p2a: SaltForSale|Salt Cure|p1a: Decidueye\n|-damage|p1a: Decidueye|85\/100\n|\n|-heal|p2a: SaltForSale|70\/100|[from] item: Leftovers\n|upkeep\n|turn|23\n|\n|t:|1700929732\n|move|p1a: Decidueye|Night Shade|p2a: SaltForSale\n|-damage|p2a: SaltForSale|45\/100\n|move|p2a: SaltForSale|Salt Cure|p1a: Decidueye\n|-damage|p1a: Decidueye|70\/100\n|\n|-heal|p2a: SaltForSale|51\/100|[from] item: Leftovers\n|upkeep\n|turn|24\n|\n|t:|1700929742\n|move|p1a: Decidueye|Night Shade|p2a: SaltForSale\n|-damage|p2a: SaltForSale|27\/100\n|move|p2a: SaltForSale|Salt Cure|p1a: Decidueye\n|-damage|p1a: Decidueye|55\/100\n|\n|-heal|p2a: SaltForSale|33\/100|[from] item: Leftovers\n|upkeep\n|turn|25\n|\n|t:|1700929747\n|move|p1a: Decidueye|Night Shade|p2a: SaltForSale\n|-damage|p2a: SaltForSale|8\/100\n|move|p2a: SaltForSale|Recover|p2a: SaltForSale\n|-heal|p2a: SaltForSale|58\/100\n|\n|-heal|p2a: SaltForSale|64\/100|[from] item: Leftovers\n|upkeep\n|turn|26\n|\n|t:|1700929752\n|move|p1a: Decidueye|Night Shade|p2a: SaltForSale\n|-damage|p2a: SaltForSale|40\/100\n|move|p2a: SaltForSale|Salt Cure|p1a: Decidueye\n|-damage|p1a: Decidueye|42\/100\n|\n|-heal|p2a: SaltForSale|46\/100|[from] item: Leftovers\n|upkeep\n|turn|27\n|\n|t:|1700929757\n|move|p1a: Decidueye|Night Shade|p2a: SaltForSale\n|-damage|p2a: SaltForSale|21\/100\n|move|p2a: SaltForSale|Salt Cure|p1a: Decidueye\n|-damage|p1a: Decidueye|28\/100\n|\n|-heal|p2a: SaltForSale|27\/100|[from] item: Leftovers\n|upkeep\n|turn|28\n|\n|t:|1700929764\n|move|p1a: Decidueye|Roost|p1a: Decidueye\n|-heal|p1a: Decidueye|78\/100\n|-singleturn|p1a: Decidueye|move: Roost\n|move|p2a: SaltForSale|Recover|p2a: SaltForSale\n|-heal|p2a: SaltForSale|77\/100\n|\n|-heal|p2a: SaltForSale|83\/100|[from] item: Leftovers\n|upkeep\n|turn|29\n|\n|t:|1700929769\n|move|p1a: Decidueye|Night Shade|p2a: SaltForSale\n|-damage|p2a: SaltForSale|59\/100\n|move|p2a: SaltForSale|Salt Cure|p1a: Decidueye\n|-damage|p1a: Decidueye|65\/100\n|\n|-heal|p2a: SaltForSale|65\/100|[from] item: Leftovers\n|upkeep\n|turn|30\n|\n|t:|1700929773\n|move|p1a: Decidueye|Night Shade|p2a: SaltForSale\n|-damage|p2a: SaltForSale|40\/100\n|move|p2a: SaltForSale|Salt Cure|p1a: Decidueye\n|-damage|p1a: Decidueye|50\/100\n|\n|-heal|p2a: SaltForSale|46\/100|[from] item: Leftovers\n|upkeep\n|turn|31\n|\n|t:|1700929778\n|move|p1a: Decidueye|Night Shade|p2a: SaltForSale\n|-damage|p2a: SaltForSale|22\/100\n|move|p2a: SaltForSale|Salt Cure|p1a: Decidueye\n|-damage|p1a: Decidueye|36\/100\n|\n|-heal|p2a: SaltForSale|28\/100|[from] item: Leftovers\n|upkeep\n|turn|32\n|\n|t:|1700929786\n|move|p1a: Decidueye|Night Shade|p2a: SaltForSale\n|-damage|p2a: SaltForSale|3\/100\n|move|p2a: SaltForSale|Recover|p2a: SaltForSale\n|-heal|p2a: SaltForSale|53\/100\n|\n|-heal|p2a: SaltForSale|59\/100|[from] item: Leftovers\n|upkeep\n|turn|33\n|\n|t:|1700929791\n|move|p1a: Decidueye|Roost|p1a: Decidueye\n|-heal|p1a: Decidueye|86\/100\n|-singleturn|p1a: Decidueye|move: Roost\n|move|p2a: SaltForSale|Salt Cure|p1a: Decidueye\n|-damage|p1a: Decidueye|72\/100\n|\n|-heal|p2a: SaltForSale|65\/100|[from] item: Leftovers\n|upkeep\n|turn|34\n|\n|t:|1700929797\n|move|p1a: Decidueye|Night Shade|p2a: SaltForSale\n|-damage|p2a: SaltForSale|41\/100\n|move|p2a: SaltForSale|Salt Cure|p1a: Decidueye\n|-damage|p1a: Decidueye|59\/100\n|\n|-heal|p2a: SaltForSale|47\/100|[from] item: Leftovers\n|upkeep\n|turn|35\n|\n|t:|1700929805\n|move|p1a: Decidueye|Night Shade|p2a: SaltForSale\n|-damage|p2a: SaltForSale|22\/100\n|move|p2a: SaltForSale|Salt Cure|p1a: Decidueye\n|-damage|p1a: Decidueye|45\/100\n|\n|-heal|p2a: SaltForSale|28\/100|[from] item: Leftovers\n|upkeep\n|turn|36\n|\n|t:|1700929811\n|move|p1a: Decidueye|Night Shade|p2a: SaltForSale\n|-damage|p2a: SaltForSale|3\/100\n|move|p2a: SaltForSale|Recover|p2a: SaltForSale\n|-heal|p2a: SaltForSale|53\/100\n|\n|-heal|p2a: SaltForSale|60\/100|[from] item: Leftovers\n|upkeep\n|turn|37\n|\n|t:|1700929820\n|move|p1a: Decidueye|Roost|p1a: Decidueye\n|-heal|p1a: Decidueye|95\/100\n|-singleturn|p1a: Decidueye|move: Roost\n|move|p2a: SaltForSale|Recover|p2a: SaltForSale\n|-heal|p2a: SaltForSale|100\/100\n|\n|upkeep\n|turn|38\n|\n|t:|1700929825\n|move|p1a: Decidueye|Night Shade|p2a: SaltForSale\n|-damage|p2a: SaltForSale|76\/100\n|move|p2a: SaltForSale|Salt Cure|p1a: Decidueye\n|-damage|p1a: Decidueye|81\/100\n|\n|-heal|p2a: SaltForSale|82\/100|[from] item: Leftovers\n|upkeep\n|turn|39\n|\n|t:|1700929829\n|move|p1a: Decidueye|Night Shade|p2a: SaltForSale\n|-damage|p2a: SaltForSale|57\/100\n|move|p2a: SaltForSale|Salt Cure|p1a: Decidueye\n|-damage|p1a: Decidueye|66\/100\n|\n|-heal|p2a: SaltForSale|63\/100|[from] item: Leftovers\n|upkeep\n|turn|40\n|\n|t:|1700929834\n|move|p1a: Decidueye|Night Shade|p2a: SaltForSale\n|-damage|p2a: SaltForSale|39\/100\n|move|p2a: SaltForSale|Salt Cure|p1a: Decidueye\n|-damage|p1a: Decidueye|50\/100\n|\n|-heal|p2a: SaltForSale|45\/100|[from] item: Leftovers\n|upkeep\n|turn|41\n|\n|t:|1700929841\n|move|p1a: Decidueye|Night Shade|p2a: SaltForSale\n|-damage|p2a: SaltForSale|20\/100\n|move|p2a: SaltForSale|Salt Cure|p1a: Decidueye\n|-damage|p1a: Decidueye|35\/100\n|\n|-heal|p2a: SaltForSale|26\/100|[from] item: Leftovers\n|upkeep\n|turn|42\n|\n|t:|1700929850\n|move|p1a: Decidueye|Roost|p1a: Decidueye\n|-heal|p1a: Decidueye|85\/100\n|-singleturn|p1a: Decidueye|move: Roost\n|move|p2a: SaltForSale|Iron Defense|p2a: SaltForSale\n|-boost|p2a: SaltForSale|def|0\n|\n|-heal|p2a: SaltForSale|32\/100|[from] item: Leftovers\n|upkeep\n|turn|43\n|\n|t:|1700929852\n|move|p1a: Decidueye|Spirit Shackle|p2a: SaltForSale\n|-damage|p2a: SaltForSale|30\/100\n|move|p2a: SaltForSale|Iron Defense|p2a: SaltForSale\n|-boost|p2a: SaltForSale|def|0\n|\n|-heal|p2a: SaltForSale|36\/100|[from] item: Leftovers\n|upkeep\n|turn|44\n|\n|t:|1700929856\n|move|p1a: Decidueye|Spirit Shackle|p2a: SaltForSale\n|-damage|p2a: SaltForSale|34\/100\n|move|p2a: SaltForSale|Iron Defense|p2a: SaltForSale\n|-boost|p2a: SaltForSale|def|0\n|\n|-heal|p2a: SaltForSale|40\/100|[from] item: Leftovers\n|upkeep\n|turn|45\n|\n|t:|1700929860\n|move|p1a: Decidueye|Spirit Shackle|p2a: SaltForSale\n|-damage|p2a: SaltForSale|37\/100\n|move|p2a: SaltForSale|Iron Defense|p2a: SaltForSale\n|-boost|p2a: SaltForSale|def|0\n|\n|-heal|p2a: SaltForSale|44\/100|[from] item: Leftovers\n|upkeep\n|turn|46\n|\n|t:|1700929864\n|move|p1a: Decidueye|Spirit Shackle|p2a: SaltForSale\n|-damage|p2a: SaltForSale|41\/100\n|move|p2a: SaltForSale|Iron Defense|p2a: SaltForSale\n|-boost|p2a: SaltForSale|def|0\n|\n|-heal|p2a: SaltForSale|47\/100|[from] item: Leftovers\n|upkeep\n|turn|47\n|\n|t:|1700929868\n|move|p1a: Decidueye|Spirit Shackle|p2a: SaltForSale\n|-damage|p2a: SaltForSale|45\/100\n|move|p2a: SaltForSale|Iron Defense|p2a: SaltForSale\n|-boost|p2a: SaltForSale|def|0\n|\n|-heal|p2a: SaltForSale|51\/100|[from] item: Leftovers\n|upkeep\n|turn|48\n|\n|t:|1700929871\n|move|p1a: Decidueye|Spirit Shackle|p2a: SaltForSale\n|-damage|p2a: SaltForSale|49\/100\n|move|p2a: SaltForSale|Iron Defense|p2a: SaltForSale\n|-boost|p2a: SaltForSale|def|0\n|\n|-heal|p2a: SaltForSale|55\/100|[from] item: Leftovers\n|upkeep\n|turn|49\n|\n|t:|1700929876\n|move|p1a: Decidueye|Spirit Shackle|p2a: SaltForSale\n|-damage|p2a: SaltForSale|52\/100\n|move|p2a: SaltForSale|Iron Defense|p2a: SaltForSale\n|-boost|p2a: SaltForSale|def|0\n|\n|-heal|p2a: SaltForSale|59\/100|[from] item: Leftovers\n|upkeep\n|turn|50\n|\n|t:|1700929879\n|move|p1a: Decidueye|Spirit Shackle|p2a: SaltForSale\n|-damage|p2a: SaltForSale|56\/100\n|move|p2a: SaltForSale|Iron Defense|p2a: SaltForSale\n|-boost|p2a: SaltForSale|def|0\n|\n|-heal|p2a: SaltForSale|62\/100|[from] item: Leftovers\n|upkeep\n|turn|51\n|\n|t:|1700929883\n|move|p1a: Decidueye|Spirit Shackle|p2a: SaltForSale\n|-damage|p2a: SaltForSale|60\/100\n|move|p2a: SaltForSale|Iron Defense|p2a: SaltForSale\n|-boost|p2a: SaltForSale|def|0\n|\n|-heal|p2a: SaltForSale|66\/100|[from] item: Leftovers\n|upkeep\n|turn|52\n|\n|t:|1700929886\n|move|p1a: Decidueye|Spirit Shackle|p2a: SaltForSale\n|-damage|p2a: SaltForSale|64\/100\n|move|p2a: SaltForSale|Iron Defense|p2a: SaltForSale\n|-boost|p2a: SaltForSale|def|0\n|\n|-heal|p2a: SaltForSale|70\/100|[from] item: Leftovers\n|upkeep\n|turn|53\n|\n|t:|1700929888\n|move|p1a: Decidueye|Spirit Shackle|p2a: SaltForSale\n|-damage|p2a: SaltForSale|68\/100\n|move|p2a: SaltForSale|Iron Defense|p2a: SaltForSale\n|-boost|p2a: SaltForSale|def|0\n|\n|-heal|p2a: SaltForSale|74\/100|[from] item: Leftovers\n|upkeep\n|turn|54\n|\n|t:|1700929891\n|move|p1a: Decidueye|Spirit Shackle|p2a: SaltForSale\n|-damage|p2a: SaltForSale|72\/100\n|move|p2a: SaltForSale|Iron Defense|p2a: SaltForSale\n|-boost|p2a: SaltForSale|def|0\n|\n|-heal|p2a: SaltForSale|78\/100|[from] item: Leftovers\n|upkeep\n|turn|55\n|\n|t:|1700929894\n|move|p1a: Decidueye|Spirit Shackle|p2a: SaltForSale\n|-damage|p2a: SaltForSale|75\/100\n|move|p2a: SaltForSale|Iron Defense|p2a: SaltForSale\n|-boost|p2a: SaltForSale|def|0\n|\n|-heal|p2a: SaltForSale|81\/100|[from] item: Leftovers\n|upkeep\n|turn|56\n|\n|t:|1700929901\n|move|p1a: Decidueye|Spirit Shackle|p2a: SaltForSale\n|-damage|p2a: SaltForSale|79\/100\n|move|p2a: SaltForSale|Iron Defense|p2a: SaltForSale\n|-boost|p2a: SaltForSale|def|0\n|\n|-heal|p2a: SaltForSale|85\/100|[from] item: Leftovers\n|upkeep\n|turn|57\n|\n|t:|1700929903\n|move|p1a: Decidueye|Spirit Shackle|p2a: SaltForSale\n|-damage|p2a: SaltForSale|83\/100\n|move|p2a: SaltForSale|Iron Defense|p2a: SaltForSale\n|-boost|p2a: SaltForSale|def|0\n|\n|-heal|p2a: SaltForSale|89\/100|[from] item: Leftovers\n|upkeep\n|turn|58\n|\n|t:|1700929906\n|move|p1a: Decidueye|Defog|p2a: SaltForSale\n|-unboost|p2a: SaltForSale|evasion|1\n|move|p2a: SaltForSale|Iron Defense|p2a: SaltForSale\n|-boost|p2a: SaltForSale|def|0\n|\n|-heal|p2a: SaltForSale|96\/100|[from] item: Leftovers\n|upkeep\n|turn|59\n|\n|t:|1700929913\n|move|p1a: Decidueye|Defog|p2a: SaltForSale\n|-unboost|p2a: SaltForSale|evasion|1\n|move|p2a: SaltForSale|Iron Defense|p2a: SaltForSale\n|-boost|p2a: SaltForSale|def|0\n|\n|-heal|p2a: SaltForSale|100\/100|[from] item: Leftovers\n|upkeep\n|turn|60\n|\n|t:|1700929918\n|move|p1a: Decidueye|Defog|p2a: SaltForSale\n|-unboost|p2a: SaltForSale|evasion|1\n|move|p2a: SaltForSale|Body Press|p1a: Decidueye\n|-immune|p1a: Decidueye\n|\n|upkeep\n|turn|61\n|\n|t:|1700929925\n|move|p1a: Decidueye|Defog|p2a: SaltForSale\n|-unboost|p2a: SaltForSale|evasion|1\n|move|p2a: SaltForSale|Iron Defense|p2a: SaltForSale\n|-boost|p2a: SaltForSale|def|0\n|\n|upkeep\n|turn|62\n|\n|t:|1700929931\n|move|p1a: Decidueye|Defog|p2a: SaltForSale\n|-unboost|p2a: SaltForSale|evasion|1\n|move|p2a: SaltForSale|Iron Defense|p2a: SaltForSale\n|-boost|p2a: SaltForSale|def|0\n|\n|upkeep\n|turn|63\n|inactive|Battle timer is ON: inactive players will automatically lose when time's up. (requested by I AM Hoooman)\n|\n|t:|1700929936\n|move|p1a: Decidueye|Defog|p2a: SaltForSale\n|-unboost|p2a: SaltForSale|evasion|1\n|move|p2a: SaltForSale|Iron Defense|p2a: SaltForSale\n|-boost|p2a: SaltForSale|def|0\n|\n|upkeep\n|turn|64\n|\n|t:|1700929942\n|move|p1a: Decidueye|Defog||[still]\n|-unboost|p2a: SaltForSale|evasion|0\n|-fail|p1a: Decidueye\n|move|p2a: SaltForSale|Body Press|p1a: Decidueye\n|-immune|p1a: Decidueye\n|\n|upkeep\n|turn|65\n|\n|t:|1700929947\n|move|p1a: Decidueye|Defog||[still]\n|-unboost|p2a: SaltForSale|evasion|0\n|-fail|p1a: Decidueye\n|move|p2a: SaltForSale|Body Press|p1a: Decidueye\n|-immune|p1a: Decidueye\n|\n|upkeep\n|turn|66\n|\n|t:|1700929959\n|move|p1a: Decidueye|Defog||[still]\n|-unboost|p2a: SaltForSale|evasion|0\n|-fail|p1a: Decidueye\n|move|p2a: SaltForSale|Body Press|p1a: Decidueye\n|-immune|p1a: Decidueye\n|\n|upkeep\n|turn|67\n|\n|t:|1700929965\n|move|p1a: Decidueye|Defog||[still]\n|-unboost|p2a: SaltForSale|evasion|0\n|-fail|p1a: Decidueye\n|move|p2a: SaltForSale|Body Press|p1a: Decidueye\n|-immune|p1a: Decidueye\n|\n|upkeep\n|turn|68\n|\n|t:|1700929970\n|move|p1a: Decidueye|Defog||[still]\n|-unboost|p2a: SaltForSale|evasion|0\n|-fail|p1a: Decidueye\n|move|p2a: SaltForSale|Body Press|p1a: Decidueye\n|-immune|p1a: Decidueye\n|\n|upkeep\n|turn|69\n|\n|t:|1700929977\n|move|p1a: Decidueye|Defog||[still]\n|-unboost|p2a: SaltForSale|evasion|0\n|-fail|p1a: Decidueye\n|move|p2a: SaltForSale|Body Press|p1a: Decidueye\n|-immune|p1a: Decidueye\n|\n|upkeep\n|turn|70\n|\n|t:|1700929983\n|move|p1a: Decidueye|Defog||[still]\n|-unboost|p2a: SaltForSale|evasion|0\n|-fail|p1a: Decidueye\n|move|p2a: SaltForSale|Body Press|p1a: Decidueye\n|-immune|p1a: Decidueye\n|\n|upkeep\n|turn|71\n|\n|t:|1700929989\n|move|p1a: Decidueye|Defog||[still]\n|-unboost|p2a: SaltForSale|evasion|0\n|-fail|p1a: Decidueye\n|move|p2a: SaltForSale|Body Press|p1a: Decidueye\n|-immune|p1a: Decidueye\n|\n|upkeep\n|turn|72\n|\n|t:|1700929994\n|move|p1a: Decidueye|Defog||[still]\n|-unboost|p2a: SaltForSale|evasion|0\n|-fail|p1a: Decidueye\n|move|p2a: SaltForSale|Body Press|p1a: Decidueye\n|-immune|p1a: Decidueye\n|\n|upkeep\n|turn|73\n|\n|t:|1700930001\n|move|p1a: Decidueye|Defog||[still]\n|-unboost|p2a: SaltForSale|evasion|0\n|-fail|p1a: Decidueye\n|move|p2a: SaltForSale|Body Press|p1a: Decidueye\n|-immune|p1a: Decidueye\n|\n|upkeep\n|turn|74\n|c|\u2606papunutriaxd|jajaja\n|\n|t:|1700930009\n|move|p1a: Decidueye|Defog||[still]\n|-unboost|p2a: SaltForSale|evasion|0\n|-fail|p1a: Decidueye\n|move|p2a: SaltForSale|Body Press|p1a: Decidueye\n|-immune|p1a: Decidueye\n|\n|upkeep\n|turn|75\n|\n|t:|1700930016\n|move|p1a: Decidueye|Defog||[still]\n|-unboost|p2a: SaltForSale|evasion|0\n|-fail|p1a: Decidueye\n|move|p2a: SaltForSale|Body Press|p1a: Decidueye\n|-immune|p1a: Decidueye\n|\n|upkeep\n|turn|76\n|\n|t:|1700930022\n|move|p1a: Decidueye|Defog||[still]\n|-unboost|p2a: SaltForSale|evasion|0\n|-fail|p1a: Decidueye\n|move|p2a: SaltForSale|Body Press|p1a: Decidueye\n|-immune|p1a: Decidueye\n|\n|upkeep\n|turn|77\n|\n|t:|1700930027\n|move|p1a: Decidueye|Defog||[still]\n|-unboost|p2a: SaltForSale|evasion|0\n|-fail|p1a: Decidueye\n|move|p2a: SaltForSale|Body Press|p1a: Decidueye\n|-immune|p1a: Decidueye\n|\n|upkeep\n|turn|78\n|\n|t:|1700930033\n|move|p1a: Decidueye|Defog||[still]\n|-unboost|p2a: SaltForSale|evasion|0\n|-fail|p1a: Decidueye\n|-activate|p2a: SaltForSale|move: Struggle\n|move|p2a: SaltForSale|Struggle|p1a: Decidueye\n|-damage|p1a: Decidueye|74\/100\n|-damage|p2a: SaltForSale|75\/100|[from] recoil\n|\n|-heal|p2a: SaltForSale|82\/100|[from] item: Leftovers\n|upkeep\n|turn|79\n|\n|t:|1700930040\n|move|p1a: Decidueye|Defog||[still]\n|-unboost|p2a: SaltForSale|evasion|0\n|-fail|p1a: Decidueye\n|-activate|p2a: SaltForSale|move: Struggle\n|move|p2a: SaltForSale|Struggle|p1a: Decidueye\n|-damage|p1a: Decidueye|61\/100\n|-damage|p2a: SaltForSale|57\/100|[from] recoil\n|\n|-heal|p2a: SaltForSale|63\/100|[from] item: Leftovers\n|upkeep\n|turn|80\n|\n|t:|1700930045\n|move|p1a: Decidueye|Roost|p1a: Decidueye\n|-heal|p1a: Decidueye|100\/100\n|-singleturn|p1a: Decidueye|move: Roost\n|-activate|p2a: SaltForSale|move: Struggle\n|move|p2a: SaltForSale|Struggle|p1a: Decidueye\n|-damage|p1a: Decidueye|89\/100\n|-damage|p2a: SaltForSale|38\/100|[from] recoil\n|\n|-heal|p2a: SaltForSale|44\/100|[from] item: Leftovers\n|upkeep\n|turn|81\n|\n|t:|1700930051\n|move|p1a: Decidueye|Defog||[still]\n|-unboost|p2a: SaltForSale|evasion|0\n|-fail|p1a: Decidueye\n|-activate|p2a: SaltForSale|move: Struggle\n|move|p2a: SaltForSale|Struggle|p1a: Decidueye\n|-crit|p1a: Decidueye\n|-damage|p1a: Decidueye|72\/100\n|-damage|p2a: SaltForSale|19\/100|[from] recoil\n|\n|-heal|p2a: SaltForSale|25\/100|[from] item: Leftovers\n|upkeep\n|turn|82\n|\n|t:|1700930058\n|move|p1a: Decidueye|Defog||[still]\n|-unboost|p2a: SaltForSale|evasion|0\n|-fail|p1a: Decidueye\n|-activate|p2a: SaltForSale|move: Struggle\n|move|p2a: SaltForSale|Struggle|p1a: Decidueye\n|-damage|p1a: Decidueye|60\/100\n|-damage|p2a: SaltForSale|0 fnt|[from] recoil\n|faint|p2a: SaltForSale\n|\n|upkeep\n|\n|t:|1700930065\n|switch|p2a: Kermit|Greninja, M|100\/100\n|turn|83\n|\n|t:|1700930068\n|move|p2a: Kermit|Ice Beam|p1a: Decidueye\n|-supereffective|p1a: Decidueye\n|-damage|p1a: Decidueye|0 fnt\n|faint|p1a: Decidueye\n|-ability|p2a: Kermit|Battle Bond|boost\n|-boost|p2a: Kermit|atk|1\n|-boost|p2a: Kermit|spa|1\n|-boost|p2a: Kermit|spe|1\n|-activate|p2a: Kermit|ability: Battle Bond\n|\n|upkeep\n|\n|t:|1700930073\n|switch|p1a: Tapu Koko|Tapu Koko|100\/100\n|-fieldstart|move: Electric Terrain|[from] ability: Electric Surge|[of] p1a: Tapu Koko\n|turn|84\n|\n|t:|1700930077\n|move|p2a: Kermit|Ice Beam|p1a: Tapu Koko\n|-damage|p1a: Tapu Koko|22\/100\n|move|p1a: Tapu Koko|Light Screen|p1a: Tapu Koko\n|-sidestart|p1: papunutriaxd|move: Light Screen\n|\n|upkeep\n|turn|85\n|\n|t:|1700930080\n|move|p2a: Kermit|Ice Beam|p1a: Tapu Koko\n|-damage|p1a: Tapu Koko|0 fnt\n|faint|p1a: Tapu Koko\n|\n|upkeep\n|\n|t:|1700930084\n|switch|p1a: Sneasler|Sneasler, M|100\/100\n|-enditem|p1a: Sneasler|Electric Seed\n|-boost|p1a: Sneasler|def|1|[from] item: Electric Seed\n|turn|86\n|\n|t:|1700930093\n|move|p1a: Sneasler|Swords Dance|p1a: Sneasler\n|-boost|p1a: Sneasler|atk|2\n|move|p2a: Kermit|Ice Beam|p1a: Sneasler\n|-damage|p1a: Sneasler|60\/100\n|\n|upkeep\n|turn|87\n|\n|t:|1700930099\n|-terastallize|p1a: Sneasler|Flying\n|move|p1a: Sneasler|Close Combat|p2a: Kermit\n|-supereffective|p2a: Kermit\n|-damage|p2a: Kermit|0 fnt\n|-unboost|p1a: Sneasler|def|1\n|-unboost|p1a: Sneasler|spd|1\n|faint|p2a: Kermit\n|\n|upkeep\n|\n|t:|1700930103\n|switch|p2a: KINGPIN|Pinsir, M|100\/100\n|turn|88\n|\n|t:|1700930106\n|detailschange|p2a: KINGPIN|Pinsir-Mega, M\n|-mega|p2a: KINGPIN|Pinsir|Pinsirite\n|move|p2a: KINGPIN|Quick Attack|p1a: Sneasler\n|-damage|p1a: Sneasler|14\/100\n|move|p1a: Sneasler|Acrobatics|p2a: KINGPIN\n|-supereffective|p2a: KINGPIN\n|-damage|p2a: KINGPIN|0 fnt\n|faint|p2a: KINGPIN\n|\n|-fieldend|move: Electric Terrain\n|upkeep\n|\n|t:|1700930111\n|switch|p2a: Drachmyre|Garchomp, M|100\/100\n|turn|89\n|\n|t:|1700930116\n|move|p1a: Sneasler|Close Combat|p2a: Drachmyre\n|-damage|p2a: Drachmyre|0 fnt\n|-unboost|p1a: Sneasler|def|1\n|-unboost|p1a: Sneasler|spd|1\n|-damage|p1a: Sneasler|1\/100|[from] ability: Rough Skin|[of] p2a: Drachmyre\n|faint|p2a: Drachmyre\n|\n|win|papunutriaxd\n|raw|papunutriaxd's rating: 1387 &rarr; <strong>1409<\/strong><br \/>(+22 for winning)\n|raw|I AM Hoooman's rating: 1424 &rarr; <strong>1402<\/strong><br \/>(-22 for losing)\n|c|\u2606papunutriaxd|GG\n|c|\u2606I AM Hoooman|Gg\n|l|\u2606I AM Hoooman\n","uploadtime":1700930129,"views":1,"p1id":"papunutriaxd","p2id":"iamhoooman","formatid":"gen9nationaldex","rating":1402,"private":0,"password":""}