{"id":"gen9nationaldex-1998017347","p1":"sanzimkkbr","p2":"SeanboyQ","format":"[Gen 9] National Dex","log":"|html|<div class=\"broadcast-blue\"><strong>[Gen 9] National Dex is currently suspecting Sneasler! For information on how to participate check out the <a href=\"https:\/\/www.smogon.com\/forums\/threads\/sv-national-dex-suspect-8-just-dance.3731534\/\">suspect thread<\/a>.<\/strong><\/div>\n|j|\u2606sanzimkkbr\n|j|\u2606SeanboyQ\n|t:|1700879482\n|gametype|singles\n|player|p1|sanzimkkbr|170|1228\n|player|p2|SeanboyQ|1|1236\n|teamsize|p1|6\n|teamsize|p2|6\n|gen|9\n|tier|[Gen 9] National Dex\n|rated|\n|rule|HP Percentage Mod: HP is shown in percentages\n|rule|Endless Battle Clause: Forcing endless battles is banned\n|rule|OHKO Clause: OHKO moves are banned\n|rule|Evasion Clause: Evasion abilities, items, and moves are banned\n|rule|Evasion Abilities Clause: Evasion abilities are banned\n|rule|Evasion Items Clause: Evasion items are banned\n|rule|Evasion Moves Clause: Evasion moves are banned\n|rule|Species Clause: Limit one of each Pok\u00e9mon\n|rule|Sleep Clause Mod: Limit one foe put to sleep\n|clearpoke\n|poke|p1|Grimmsnarl, M|\n|poke|p1|Scizor, M|\n|poke|p1|Tapu Koko|\n|poke|p1|Tornadus-Therian, M|\n|poke|p1|Kommo-o, M|\n|poke|p1|Slurpuff, F|\n|poke|p2|Tapu Lele|\n|poke|p2|Iron Treads|\n|poke|p2|Hoopa-Unbound|\n|poke|p2|Skeledirge, F|\n|poke|p2|Plusle, F|\n|poke|p2|Minun, F|\n|teampreview\n|\n|t:|1700879493\n|start\n|switch|p1a: Grimmsnarl|Grimmsnarl, M|100\/100\n|switch|p2a: Iron Treads|Iron Treads|100\/100\n|turn|1\n|\n|t:|1700879502\n|move|p1a: Grimmsnarl|Reflect|p1a: Grimmsnarl\n|-sidestart|p1: sanzimkkbr|Reflect\n|move|p2a: Iron Treads|Stealth Rock|p1a: Grimmsnarl\n|-sidestart|p1: sanzimkkbr|move: Stealth Rock\n|\n|upkeep\n|turn|2\n|\n|t:|1700879513\n|move|p1a: Grimmsnarl|Light Screen|p1a: Grimmsnarl\n|-sidestart|p1: sanzimkkbr|move: Light Screen\n|move|p2a: Iron Treads|Iron Head|p1a: Grimmsnarl\n|-supereffective|p1a: Grimmsnarl\n|-damage|p1a: Grimmsnarl|54\/100\n|\n|upkeep\n|turn|3\n|\n|t:|1700879533\n|move|p1a: Grimmsnarl|Parting Shot|p2a: Iron Treads\n|-unboost|p2a: Iron Treads|atk|1\n|-unboost|p2a: Iron Treads|spa|1\n|\n|t:|1700879543\n|switch|p1a: Kommo-o|Kommo-o, M|100\/100|[from] Parting Shot\n|-damage|p1a: Kommo-o|94\/100|[from] Stealth Rock\n|move|p2a: Iron Treads|Iron Head|p1a: Kommo-o\n|-damage|p1a: Kommo-o|82\/100\n|\n|upkeep\n|turn|4\n|\n|t:|1700879580\n|-end|p2a: Iron Treads|Quark Drive|[silent]\n|switch|p2a: Skeledirge|Skeledirge, F|100\/100\n|move|p1a: Kommo-o|Clangorous Soul|p1a: Kommo-o\n|-boost|p1a: Kommo-o|atk|1\n|-boost|p1a: Kommo-o|def|1\n|-boost|p1a: Kommo-o|spa|1\n|-boost|p1a: Kommo-o|spd|1\n|-boost|p1a: Kommo-o|spe|1\n|-damage|p1a: Kommo-o|49\/100\n|-enditem|p1a: Kommo-o|Throat Spray\n|-boost|p1a: Kommo-o|spa|1|[from] item: Throat Spray\n|\n|upkeep\n|turn|5\n|\n|t:|1700879600\n|move|p1a: Kommo-o|Clanging Scales|p2a: Skeledirge\n|-damage|p2a: Skeledirge|64\/100\n|-unboost|p1a: Kommo-o|def|1\n|move|p2a: Skeledirge|Will-O-Wisp|p1a: Kommo-o\n|-status|p1a: Kommo-o|brn\n|\n|-heal|p2a: Skeledirge|71\/100|[from] item: Leftovers\n|-damage|p1a: Kommo-o|42\/100 brn|[from] brn\n|upkeep\n|turn|6\n|\n|t:|1700879622\n|move|p1a: Kommo-o|Clanging Scales|p2a: Skeledirge\n|-damage|p2a: Skeledirge|37\/100\n|-unboost|p1a: Kommo-o|def|1\n|move|p2a: Skeledirge|Torch Song|p1a: Kommo-o\n|-resisted|p1a: Kommo-o\n|-damage|p1a: Kommo-o|33\/100 brn\n|-boost|p2a: Skeledirge|spa|1\n|\n|-heal|p2a: Skeledirge|44\/100|[from] item: Leftovers\n|-damage|p1a: Kommo-o|27\/100 brn|[from] brn\n|upkeep\n|turn|7\n|\n|t:|1700879634\n|move|p1a: Kommo-o|Clanging Scales|p2a: Skeledirge\n|-damage|p2a: Skeledirge|8\/100\n|-unboost|p1a: Kommo-o|def|1\n|move|p2a: Skeledirge|Slack Off|p2a: Skeledirge\n|-heal|p2a: Skeledirge|58\/100\n|\n|-heal|p2a: Skeledirge|64\/100|[from] item: Leftovers\n|-damage|p1a: Kommo-o|21\/100 brn|[from] brn\n|upkeep\n|turn|8\n|\n|t:|1700879646\n|move|p1a: Kommo-o|Clanging Scales|p2a: Skeledirge\n|-damage|p2a: Skeledirge|31\/100\n|-unboost|p1a: Kommo-o|def|1\n|move|p2a: Skeledirge|Hex|p1a: Kommo-o\n|-damage|p1a: Kommo-o|0 fnt\n|faint|p1a: Kommo-o\n|\n|-heal|p2a: Skeledirge|37\/100|[from] item: Leftovers\n|-sideend|p1: sanzimkkbr|Reflect\n|upkeep\n|\n|t:|1700879656\n|switch|p1a: Tornadus|Tornadus-Therian, M|100\/100\n|turn|9\n|\n|t:|1700879670\n|move|p1a: Tornadus|Defog|p2a: Skeledirge\n|-unboost|p2a: Skeledirge|evasion|1\n|-sideend|p1: sanzimkkbr|Stealth Rock|[from] move: Defog|[of] p1a: Tornadus\n|move|p2a: Skeledirge|Will-O-Wisp|p1a: Tornadus\n|-status|p1a: Tornadus|brn\n|\n|-heal|p2a: Skeledirge|43\/100|[from] item: Leftovers\n|-damage|p1a: Tornadus|94\/100 brn|[from] brn\n|-sideend|p1: sanzimkkbr|move: Light Screen\n|upkeep\n|turn|10\n|\n|t:|1700879679\n|move|p1a: Tornadus|Knock Off|p2a: Skeledirge\n|-supereffective|p2a: Skeledirge\n|-damage|p2a: Skeledirge|26\/100\n|-enditem|p2a: Skeledirge|Leftovers|[from] move: Knock Off|[of] p1a: Tornadus\n|move|p2a: Skeledirge|Slack Off|p2a: Skeledirge\n|-heal|p2a: Skeledirge|76\/100\n|\n|-damage|p1a: Tornadus|88\/100 brn|[from] brn\n|upkeep\n|turn|11\n|\n|t:|1700879690\n|move|p1a: Tornadus|Hurricane|p2a: Skeledirge|[miss]\n|-miss|p1a: Tornadus|p2a: Skeledirge\n|move|p2a: Skeledirge|Torch Song|p1a: Tornadus\n|-damage|p1a: Tornadus|44\/100 brn\n|-boost|p2a: Skeledirge|spa|1\n|\n|-damage|p1a: Tornadus|38\/100 brn|[from] brn\n|upkeep\n|turn|12\n|\n|t:|1700879698\n|move|p1a: Tornadus|Hurricane|p2a: Skeledirge|[miss]\n|-miss|p1a: Tornadus|p2a: Skeledirge\n|move|p2a: Skeledirge|Hex|p1a: Tornadus\n|-damage|p1a: Tornadus|0 fnt\n|faint|p1a: Tornadus\n|\n|upkeep\n|\n|t:|1700879718\n|switch|p1a: Tapu Koko|Tapu Koko|100\/100\n|-fieldstart|move: Electric Terrain|[from] ability: Electric Surge|[of] p1a: Tapu Koko\n|turn|13\n|\n|t:|1700879732\n|switch|p2a: Plusle|Plusle, F|100\/100\n|-terastallize|p1a: Tapu Koko|Electric\n|move|p1a: Tapu Koko|Thunderbolt|p2a: Plusle\n|-ability|p2a: Plusle|Lightning Rod|boost\n|-boost|p2a: Plusle|spa|1\n|\n|upkeep\n|turn|14\n|-message|sanzimkkbr forfeited.\n|\n|win|SeanboyQ\n|raw|sanzimkkbr's rating: 1228 &rarr; <strong>1204<\/strong><br \/>(-24 for losing)\n|raw|SeanboyQ's rating: 1236 &rarr; <strong>1260<\/strong><br \/>(+24 for winning)\n|l|\u2606sanzimkkbr\n","uploadtime":1700879759,"views":3,"p1id":"sanzimkkbr","p2id":"seanboyq","formatid":"gen9nationaldex","rating":1204,"private":0,"password":""}