{"id":"gen9nationaldex-1990836312","p1":"Klawf Up A Lung","p2":"Bolanero","format":"[Gen 9] National Dex","log":"|j|\u2606Klawf Up A Lung\n|j|\u2606Bolanero\n|t:|1700005891\n|gametype|singles\n|player|p1|Klawf Up A Lung|salvatore|1469\n|player|p2|Bolanero|1|1459\n|teamsize|p1|6\n|teamsize|p2|6\n|gen|9\n|tier|[Gen 9] National Dex\n|rated|\n|rule|HP Percentage Mod: HP is shown in percentages\n|rule|Endless Battle Clause: Forcing endless battles is banned\n|rule|OHKO Clause: OHKO moves are banned\n|rule|Evasion Clause: Evasion abilities, items, and moves are banned\n|rule|Evasion Abilities Clause: Evasion abilities are banned\n|rule|Evasion Items Clause: Evasion items are banned\n|rule|Evasion Moves Clause: Evasion moves are banned\n|rule|Species Clause: Limit one of each Pok\u00e9mon\n|rule|Sleep Clause Mod: Limit one foe put to sleep\n|clearpoke\n|poke|p1|Gourgeist-*, F|\n|poke|p1|Tyranitar, M|\n|poke|p1|Heatran, F|\n|poke|p1|Landorus-Therian, M|\n|poke|p1|Volcarona, M|\n|poke|p1|Alomomola, M|\n|poke|p2|Pelipper, F|\n|poke|p2|Blastoise, M|\n|poke|p2|Orthworm, F|\n|poke|p2|Zapdos|\n|poke|p2|Swampert, M|\n|poke|p2|Weavile, M|\n|teampreview\n|inactive|Battle timer is ON: inactive players will automatically lose when time's up. (requested by Klawf Up A Lung)\n|\n|t:|1700005912\n|start\n|switch|p1a: Tyranitar|Tyranitar, M|100\/100\n|switch|p2a: Swampert|Swampert, M, shiny|100\/100\n|-weather|Sandstorm|[from] ability: Sand Stream|[of] p1a: Tyranitar\n|turn|1\n|\n|t:|1700005919\n|switch|p1a: Gourgeist|Gourgeist-Super, F|100\/100\n|-item|p2a: Swampert|Swampertite|[from] ability: Frisk|[of] p1a: Gourgeist|[identify]\n|detailschange|p2a: Swampert|Swampert-Mega, M, shiny\n|-mega|p2a: Swampert|Swampert|Swampertite\n|move|p2a: Swampert|Stealth Rock|p1a: Gourgeist\n|-sidestart|p1: Klawf Up A Lung|move: Stealth Rock\n|\n|-weather|Sandstorm|[upkeep]\n|-damage|p1a: Gourgeist|94\/100|[from] Sandstorm\n|upkeep\n|turn|2\n|\n|t:|1700005932\n|switch|p2a: Weavile|Weavile, M|100\/100\n|-ability|p2a: Weavile|Pressure\n|move|p1a: Gourgeist|Trick|p2a: Weavile\n|-activate|p1a: Gourgeist|move: Trick|[of] p2a: Weavile\n|-item|p2a: Weavile|Choice Specs|[from] move: Trick\n|-item|p1a: Gourgeist|Choice Band|[from] move: Trick\n|\n|-weather|Sandstorm|[upkeep]\n|-damage|p2a: Weavile|94\/100|[from] Sandstorm\n|-damage|p1a: Gourgeist|88\/100|[from] Sandstorm\n|upkeep\n|turn|3\n|\n|t:|1700005943\n|switch|p1a: Tyranitar|Tyranitar, M|100\/100\n|-damage|p1a: Tyranitar|88\/100|[from] Stealth Rock\n|move|p2a: Weavile|Knock Off|p1a: Tyranitar\n|-resisted|p1a: Tyranitar\n|-damage|p1a: Tyranitar|75\/100\n|\n|-weather|Sandstorm|[upkeep]\n|-damage|p2a: Weavile|88\/100|[from] Sandstorm\n|upkeep\n|turn|4\n|\n|t:|1700005954\n|switch|p2a: Orthworm|Orthworm, F|100\/100\n|detailschange|p1a: Tyranitar|Tyranitar-Mega, M\n|-mega|p1a: Tyranitar|Tyranitar|Tyranitarite\n|move|p1a: Tyranitar|Toxic|p2a: Orthworm\n|-immune|p2a: Orthworm\n|\n|-weather|Sandstorm|[upkeep]\n|upkeep\n|turn|5\n|\n|t:|1700005964\n|switch|p1a: Landorus|Landorus-Therian, M|100\/100\n|-damage|p1a: Landorus|88\/100|[from] Stealth Rock\n|-ability|p1a: Landorus|Intimidate|boost\n|-unboost|p2a: Orthworm|atk|1\n|move|p2a: Orthworm|Spikes|p1a: Landorus\n|-sidestart|p1: Klawf Up A Lung|Spikes\n|\n|-weather|none\n|upkeep\n|turn|6\n|\n|t:|1700005973\n|switch|p2a: Weavile|Weavile, M|88\/100\n|-ability|p2a: Weavile|Pressure\n|move|p1a: Landorus|Defog|p2a: Weavile\n|-unboost|p2a: Weavile|evasion|1\n|-sideend|p1: Klawf Up A Lung|Spikes|[from] move: Defog|[of] p1a: Landorus\n|-sideend|p1: Klawf Up A Lung|Stealth Rock|[from] move: Defog|[of] p1a: Landorus\n|\n|upkeep\n|turn|7\n|\n|t:|1700005981\n|switch|p1a: Alomomola|Alomomola, M|100\/100\n|move|p2a: Weavile|Knock Off|p1a: Alomomola\n|-damage|p1a: Alomomola|71\/100\n|-enditem|p1a: Alomomola|Heavy-Duty Boots|[from] move: Knock Off|[of] p2a: Weavile\n|\n|upkeep\n|turn|8\n|\n|t:|1700005991\n|switch|p2a: Zapdos|Zapdos, shiny|100\/100\n|move|p1a: Alomomola|Flip Turn|p2a: Zapdos\n|-damage|p2a: Zapdos|84\/100\n|\n|t:|1700006004\n|switch|p1a: Heatran|Heatran, F|100\/100|[from] Flip Turn\n|\n|upkeep\n|turn|9\n|\n|t:|1700006010\n|move|p2a: Zapdos|Volt Switch|p1a: Heatran\n|-damage|p1a: Heatran|79\/100\n|\n|t:|1700006014\n|switch|p2a: Swampert|Swampert-Mega, M, shiny|100\/100|[from] Volt Switch\n|move|p1a: Heatran|Stealth Rock|p2a: Swampert\n|-sidestart|p2: Bolanero|move: Stealth Rock\n|\n|-heal|p1a: Heatran|85\/100|[from] item: Leftovers\n|upkeep\n|turn|10\n|\n|t:|1700006022\n|move|p2a: Swampert|Stealth Rock|p1a: Heatran\n|-sidestart|p1: Klawf Up A Lung|move: Stealth Rock\n|move|p1a: Heatran|Taunt|p2a: Swampert\n|-start|p2a: Swampert|move: Taunt\n|\n|-heal|p1a: Heatran|92\/100|[from] item: Leftovers\n|upkeep\n|turn|11\n|\n|t:|1700006029\n|switch|p1a: Landorus|Landorus-Therian, M|88\/100\n|-damage|p1a: Landorus|76\/100|[from] Stealth Rock\n|-ability|p1a: Landorus|Intimidate|boost\n|-unboost|p2a: Swampert|atk|1\n|move|p2a: Swampert|Ice Punch|p1a: Landorus\n|-supereffective|p1a: Landorus\n|-damage|p1a: Landorus|0 fnt\n|faint|p1a: Landorus\n|\n|upkeep\n|\n|t:|1700006038\n|switch|p1a: Volcarona|Volcarona, M|100\/100\n|turn|12\n|\n|t:|1700006047\n|move|p1a: Volcarona|Quiver Dance|p1a: Volcarona\n|-boost|p1a: Volcarona|spa|1\n|-boost|p1a: Volcarona|spd|1\n|-boost|p1a: Volcarona|spe|1\n|move|p2a: Swampert|Waterfall|p1a: Volcarona\n|-supereffective|p1a: Volcarona\n|-damage|p1a: Volcarona|39\/100\n|\n|upkeep\n|turn|13\n|\n|t:|1700006057\n|-terastallize|p1a: Volcarona|Grass\n|move|p1a: Volcarona|Roost|p1a: Volcarona\n|-heal|p1a: Volcarona|89\/100\n|move|p2a: Swampert|Waterfall|p1a: Volcarona\n|-resisted|p1a: Volcarona\n|-damage|p1a: Volcarona|73\/100\n|-status|p2a: Swampert|brn|[from] ability: Flame Body|[of] p1a: Volcarona\n|\n|-damage|p2a: Swampert|94\/100 brn|[from] brn\n|-end|p2a: Swampert|move: Taunt\n|upkeep\n|turn|14\n|\n|t:|1700006076\n|switch|p2a: Zapdos|Zapdos, shiny|84\/100\n|move|p1a: Volcarona|Quiver Dance|p1a: Volcarona\n|-boost|p1a: Volcarona|spa|1\n|-boost|p1a: Volcarona|spd|1\n|-boost|p1a: Volcarona|spe|1\n|\n|upkeep\n|turn|15\n|\n|t:|1700006083\n|move|p1a: Volcarona|Flamethrower|p2a: Zapdos\n|-damage|p2a: Zapdos|9\/100\n|move|p2a: Zapdos|Hurricane|p1a: Volcarona\n|-supereffective|p1a: Volcarona\n|-damage|p1a: Volcarona|26\/100\n|\n|upkeep\n|turn|16\n|\n|t:|1700006090\n|move|p1a: Volcarona|Roost|p1a: Volcarona\n|-heal|p1a: Volcarona|76\/100\n|move|p2a: Zapdos|Hurricane|p1a: Volcarona\n|-supereffective|p1a: Volcarona\n|-damage|p1a: Volcarona|35\/100\n|-start|p1a: Volcarona|confusion\n|\n|upkeep\n|turn|17\n|\n|t:|1700006097\n|-activate|p1a: Volcarona|confusion\n|move|p1a: Volcarona|Flamethrower|p2a: Zapdos\n|-damage|p2a: Zapdos|0 fnt\n|faint|p2a: Zapdos\n|\n|upkeep\n|\n|t:|1700006103\n|switch|p2a: Pelipper|Pelipper, F|100\/100\n|-damage|p2a: Pelipper|75\/100|[from] Stealth Rock\n|-weather|RainDance|[from] ability: Drizzle|[of] p2a: Pelipper\n|turn|18\n|\n|t:|1700006111\n|-end|p1a: Volcarona|confusion\n|move|p1a: Volcarona|Roost|p1a: Volcarona\n|-heal|p1a: Volcarona|85\/100\n|move|p2a: Pelipper|U-turn|p1a: Volcarona\n|-supereffective|p1a: Volcarona\n|-damage|p1a: Volcarona|64\/100\n|\n|t:|1700006120\n|switch|p2a: Swampert|Swampert-Mega, M, shiny|94\/100 brn|[from] U-turn\n|-damage|p2a: Swampert|88\/100 brn|[from] Stealth Rock\n|\n|-weather|RainDance|[upkeep]\n|-damage|p2a: Swampert|82\/100 brn|[from] brn\n|upkeep\n|turn|19\n|\n|t:|1700006145\n|move|p1a: Volcarona|Quiver Dance|p1a: Volcarona\n|-boost|p1a: Volcarona|spa|1\n|-boost|p1a: Volcarona|spd|1\n|-boost|p1a: Volcarona|spe|1\n|move|p2a: Swampert|Ice Punch|p1a: Volcarona\n|-supereffective|p1a: Volcarona\n|-damage|p1a: Volcarona|35\/100\n|\n|-weather|RainDance|[upkeep]\n|-damage|p2a: Swampert|76\/100 brn|[from] brn\n|upkeep\n|turn|20\n|inactive|Bolanero has 120 seconds left.\n|\n|t:|1700006178\n|move|p1a: Volcarona|Roost|p1a: Volcarona\n|-heal|p1a: Volcarona|85\/100\n|move|p2a: Swampert|Ice Punch|p1a: Volcarona\n|-supereffective|p1a: Volcarona\n|-damage|p1a: Volcarona|54\/100\n|\n|-weather|RainDance|[upkeep]\n|-damage|p2a: Swampert|70\/100 brn|[from] brn\n|upkeep\n|turn|21\n|\n|t:|1700006191\n|move|p1a: Volcarona|Bug Buzz|p2a: Swampert\n|-damage|p2a: Swampert|0 fnt\n|faint|p2a: Swampert\n|\n|-weather|RainDance|[upkeep]\n|upkeep\n|-message|Bolanero forfeited.\n|\n|win|Klawf Up A Lung\n|raw|Klawf Up A Lung's rating: 1469 &rarr; <strong>1488<\/strong><br \/>(+19 for winning)\n|raw|Bolanero's rating: 1459 &rarr; <strong>1440<\/strong><br \/>(-19 for losing)\n|l|\u2606Bolanero\n","uploadtime":1700006231,"views":4,"p1id":"klawfupalung","p2id":"bolanero","formatid":"gen9nationaldex","rating":1440,"private":0,"password":""}