{"id":"gen9nationaldex-1997565306","p1":"Socialist Zombie","p2":"221savage","format":"[Gen 9] National Dex","log":"|html|<div class=\"broadcast-blue\"><strong>[Gen 9] National Dex is currently suspecting Sneasler! For information on how to participate check out the <a href=\"https:\/\/www.smogon.com\/forums\/threads\/sv-national-dex-suspect-8-just-dance.3731534\/\">suspect thread<\/a>.<\/strong><\/div>\n|j|\u2606Socialist Zombie\n|j|\u2606221savage\n|t:|1700826308\n|gametype|singles\n|player|p1|Socialist Zombie|galacticgrunt|1545\n|player|p2|221savage|2|1539\n|teamsize|p1|6\n|teamsize|p2|6\n|gen|9\n|tier|[Gen 9] National Dex\n|rated|\n|rule|HP Percentage Mod: HP is shown in percentages\n|rule|Endless Battle Clause: Forcing endless battles is banned\n|rule|OHKO Clause: OHKO moves are banned\n|rule|Evasion Clause: Evasion abilities, items, and moves are banned\n|rule|Evasion Abilities Clause: Evasion abilities are banned\n|rule|Evasion Items Clause: Evasion items are banned\n|rule|Evasion Moves Clause: Evasion moves are banned\n|rule|Species Clause: Limit one of each Pok\u00e9mon\n|rule|Sleep Clause Mod: Limit one foe put to sleep\n|clearpoke\n|poke|p1|Pelipper, F|\n|poke|p1|Rotom-Heat|\n|poke|p1|Swampert, F|\n|poke|p1|Basculegion-F, F|\n|poke|p1|Barraskewda, F|\n|poke|p1|Ferrothorn, F|\n|poke|p2|Blastoise, F|\n|poke|p2|Banette, M|\n|poke|p2|Machamp, F|\n|poke|p2|Darmanitan, M|\n|poke|p2|Tsareena, F|\n|poke|p2|Toxtricity, F|\n|teampreview\n|inactive|Battle timer is ON: inactive players will automatically lose when time's up. (requested by Socialist Zombie)\n|\n|t:|1700826319\n|start\n|switch|p1a: Rotom|Rotom-Heat|100\/100\n|switch|p2a: Blastoise|Blastoise, F|100\/100\n|turn|1\n|\n|t:|1700826328\n|switch|p1a: Ferrothorn|Ferrothorn, F|100\/100\n|move|p2a: Blastoise|Shell Smash|p2a: Blastoise\n|-unboost|p2a: Blastoise|def|1\n|-unboost|p2a: Blastoise|spd|1\n|-boost|p2a: Blastoise|atk|2\n|-boost|p2a: Blastoise|spa|2\n|-boost|p2a: Blastoise|spe|2\n|\n|upkeep\n|turn|2\n|\n|t:|1700826333\n|-zpower|p2a: Blastoise\n|move|p2a: Blastoise|All-Out Pummeling|p1a: Ferrothorn|[zeffect]\n|-supereffective|p1a: Ferrothorn\n|-damage|p1a: Ferrothorn|0 fnt\n|faint|p1a: Ferrothorn\n|\n|upkeep\n|\n|t:|1700826340\n|switch|p1a: Pelipper|Pelipper, F|100\/100\n|-weather|RainDance|[from] ability: Drizzle|[of] p1a: Pelipper\n|turn|3\n|\n|t:|1700826346\n|switch|p1a: Rotom|Rotom-Heat|100\/100\n|move|p2a: Blastoise|Hydro Pump|p1a: Rotom|[miss]\n|-miss|p2a: Blastoise|p1a: Rotom\n|\n|-weather|RainDance|[upkeep]\n|upkeep\n|turn|4\n|\n|t:|1700826352\n|move|p2a: Blastoise|Hydro Pump|p1a: Rotom\n|-supereffective|p1a: Rotom\n|-damage|p1a: Rotom|0 fnt\n|faint|p1a: Rotom\n|\n|-weather|RainDance|[upkeep]\n|upkeep\n|\n|t:|1700826355\n|switch|p1a: Barraskewda|Barraskewda, F|100\/100\n|turn|5\n|\n|t:|1700826366\n|move|p1a: Barraskewda|Close Combat|p2a: Blastoise\n|-crit|p2a: Blastoise\n|-damage|p2a: Blastoise|0 fnt\n|-unboost|p1a: Barraskewda|def|1\n|-unboost|p1a: Barraskewda|spd|1\n|faint|p2a: Blastoise\n|\n|-weather|RainDance|[upkeep]\n|upkeep\n|\n|t:|1700826374\n|switch|p2a: Banette|Banette, M|100\/100\n|turn|6\n|\n|t:|1700826380\n|-activate|p1a: Barraskewda|move: Pursuit\n|detailschange|p2a: Banette|Banette-Mega, M\n|-mega|p2a: Banette|Banette|Banettite\n|move|p2a: Banette|Pursuit|p1a: Barraskewda|[from]Pursuit\n|-damage|p1a: Barraskewda|0 fnt\n|faint|p1a: Barraskewda\n|-hint|A Pokemon can't switch between when it runs out of HP and when it faints\n|\n|-weather|RainDance|[upkeep]\n|upkeep\n|\n|t:|1700826388\n|switch|p1a: Basculegion|Basculegion-F, F|100\/100\n|turn|7\n|\n|t:|1700826394\n|-terastallize|p1a: Basculegion|Water\n|move|p2a: Banette|Destiny Bond|p2a: Banette\n|-singlemove|p2a: Banette|Destiny Bond\n|move|p1a: Basculegion|Surf|p2a: Banette\n|-damage|p2a: Banette|0 fnt\n|faint|p2a: Banette\n|-activate|p2a: Banette|move: Destiny Bond\n|faint|p1a: Basculegion\n|\n|-weather|RainDance|[upkeep]\n|upkeep\n|\n|t:|1700826404\n|switch|p1a: Swampert|Swampert, F|100\/100\n|switch|p2a: Tsareena|Tsareena, F|100\/100\n|turn|8\n|inactive|Socialist Zombie has 120 seconds left.\n|\n|t:|1700826449\n|detailschange|p1a: Swampert|Swampert-Mega, F\n|-mega|p1a: Swampert|Swampert|Swampertite\n|move|p1a: Swampert|Ice Punch|p2a: Tsareena\n|-supereffective|p2a: Tsareena\n|-damage|p2a: Tsareena|18\/100\n|move|p2a: Tsareena|Power Whip|p1a: Swampert\n|-supereffective|p1a: Swampert\n|-damage|p1a: Swampert|0 fnt\n|faint|p1a: Swampert\n|\n|-weather|RainDance|[upkeep]\n|upkeep\n|-message|Socialist Zombie forfeited.\n|\n|win|221savage\n|raw|Socialist Zombie's rating: 1545 &rarr; <strong>1525<\/strong><br \/>(-20 for losing)\n|raw|221savage's rating: 1539 &rarr; <strong>1559<\/strong><br \/>(+20 for winning)\n|l|\u2606Socialist Zombie\n","uploadtime":1700826461,"views":3,"p1id":"socialistzombie","p2id":"221savage","formatid":"gen9nationaldex","rating":1525,"private":0,"password":""}