{"id":"gen9nationaldex-1989806026","p1":"EvelynIsBased","p2":"ndujfgdsuibv","format":"[Gen 9] National Dex","log":"|j|\u2606EvelynIsBased\n|j|\u2606ndujfgdsuibv\n|t:|1699897272\n|gametype|singles\n|player|p1|EvelynIsBased|guitarist|1190\n|player|p2|ndujfgdsuibv|102|1080\n|teamsize|p1|6\n|teamsize|p2|6\n|gen|9\n|tier|[Gen 9] National Dex\n|rated|\n|rule|HP Percentage Mod: HP is shown in percentages\n|rule|Endless Battle Clause: Forcing endless battles is banned\n|rule|OHKO Clause: OHKO moves are banned\n|rule|Evasion Clause: Evasion abilities, items, and moves are banned\n|rule|Evasion Abilities Clause: Evasion abilities are banned\n|rule|Evasion Items Clause: Evasion items are banned\n|rule|Evasion Moves Clause: Evasion moves are banned\n|rule|Species Clause: Limit one of each Pok\u00e9mon\n|rule|Sleep Clause Mod: Limit one foe put to sleep\n|clearpoke\n|poke|p1|Cloyster, M|\n|poke|p1|Ambipom, M|\n|poke|p1|Great Tusk|\n|poke|p1|Magnezone|\n|poke|p1|Heracross, F|\n|poke|p1|Haxorus, M|\n|poke|p2|Urshifu-*, M|\n|poke|p2|Pelipper, F|\n|poke|p2|Toxapex, M|\n|poke|p2|Ferrothorn, M|\n|poke|p2|Blaziken, F|\n|poke|p2|Diancie|\n|teampreview\n|inactive|Battle timer is ON: inactive players will automatically lose when time's up. (requested by ndujfgdsuibv)\n|\n|t:|1699897295\n|start\n|switch|p1a: Magnezone|Magnezone, shiny|100\/100\n|switch|p2a: Pelipper|Pelipper, F|100\/100\n|-weather|RainDance|[from] ability: Drizzle|[of] p2a: Pelipper\n|turn|1\n|\n|t:|1699897317\n|switch|p2a: Ferrothorn|Ferrothorn, M|100\/100\n|move|p1a: Magnezone|Thunderbolt|p2a: Ferrothorn\n|-resisted|p2a: Ferrothorn\n|-damage|p2a: Ferrothorn|84\/100\n|\n|-weather|RainDance|[upkeep]\n|-heal|p2a: Ferrothorn|90\/100|[from] item: Leftovers\n|upkeep\n|turn|2\n|\n|t:|1699897324\n|move|p2a: Ferrothorn|Leech Seed|p1a: Magnezone\n|-start|p1a: Magnezone|move: Leech Seed\n|move|p1a: Magnezone|Teleport|p1a: Magnezone\n|\n|t:|1699897333\n|switch|p1a: Heracross|Heracross, F|100\/100|[from] Teleport\n|\n|-weather|RainDance|[upkeep]\n|-heal|p2a: Ferrothorn|97\/100|[from] item: Leftovers\n|upkeep\n|turn|3\n|\n|t:|1699897340\n|switch|p2a: Pelipper|Pelipper, F|100\/100\n|detailschange|p1a: Heracross|Heracross-Mega, F\n|-mega|p1a: Heracross|Heracross|Heracronite\n|move|p1a: Heracross|Arm Thrust|p2a: Pelipper\n|-resisted|p2a: Pelipper\n|-damage|p2a: Pelipper|96\/100\n|-resisted|p2a: Pelipper\n|-damage|p2a: Pelipper|92\/100\n|-resisted|p2a: Pelipper\n|-damage|p2a: Pelipper|88\/100\n|-resisted|p2a: Pelipper\n|-damage|p2a: Pelipper|85\/100\n|-resisted|p2a: Pelipper\n|-damage|p2a: Pelipper|80\/100\n|-hitcount|p2a: Pelipper|5\n|\n|-weather|RainDance|[upkeep]\n|upkeep\n|turn|4\n|\n|t:|1699897354\n|switch|p1a: Ambipom|Ambipom, M|100\/100\n|move|p2a: Pelipper|U-turn|p1a: Ambipom\n|-damage|p1a: Ambipom|85\/100\n|\n|t:|1699897358\n|switch|p2a: Blaziken|Blaziken, F|100\/100|[from] U-turn\n|\n|-weather|RainDance|[upkeep]\n|upkeep\n|turn|5\n|\n|t:|1699897364\n|move|p1a: Ambipom|Fake Out|p2a: Blaziken\n|-damage|p2a: Blaziken|62\/100\n|cant|p2a: Blaziken|flinch\n|\n|-weather|RainDance|[upkeep]\n|-ability|p2a: Blaziken|Speed Boost|boost\n|-boost|p2a: Blaziken|spe|1\n|upkeep\n|turn|6\n|\n|t:|1699897371\n|move|p2a: Blaziken|Close Combat|p1a: Ambipom\n|-supereffective|p1a: Ambipom\n|-damage|p1a: Ambipom|0 fnt\n|-unboost|p2a: Blaziken|def|1\n|-unboost|p2a: Blaziken|spd|1\n|faint|p1a: Ambipom\n|\n|-weather|RainDance|[upkeep]\n|-ability|p2a: Blaziken|Speed Boost|boost\n|-boost|p2a: Blaziken|spe|1\n|upkeep\n|\n|t:|1699897379\n|switch|p1a: Cloyster|Cloyster, M|100\/100\n|turn|7\n|\n|t:|1699897385\n|-terastallize|p1a: Cloyster|Ghost\n|move|p2a: Blaziken|Protect|p2a: Blaziken\n|-singleturn|p2a: Blaziken|Protect\n|move|p1a: Cloyster|Rock Blast|p2a: Blaziken\n|-activate|p2a: Blaziken|move: Protect\n|\n|-weather|RainDance|[upkeep]\n|-ability|p2a: Blaziken|Speed Boost|boost\n|-boost|p2a: Blaziken|spe|1\n|upkeep\n|turn|8\n|\n|t:|1699897402\n|switch|p2a: Ferrothorn|Ferrothorn, M|97\/100\n|move|p1a: Cloyster|Shell Smash|p1a: Cloyster\n|-unboost|p1a: Cloyster|def|1\n|-unboost|p1a: Cloyster|spd|1\n|-boost|p1a: Cloyster|atk|2\n|-boost|p1a: Cloyster|spa|2\n|-boost|p1a: Cloyster|spe|2\n|-enditem|p1a: Cloyster|White Herb\n|-clearnegativeboost|p1a: Cloyster|[silent]\n|\n|-weather|none\n|-heal|p2a: Ferrothorn|100\/100|[from] item: Leftovers\n|upkeep\n|turn|9\n|\n|t:|1699897405\n|move|p1a: Cloyster|Icicle Spear|p2a: Ferrothorn\n|-damage|p2a: Ferrothorn|83\/100\n|-damage|p2a: Ferrothorn|65\/100\n|-damage|p2a: Ferrothorn|47\/100\n|-damage|p2a: Ferrothorn|28\/100\n|-damage|p2a: Ferrothorn|11\/100\n|-hitcount|p2a: Ferrothorn|5\n|move|p2a: Ferrothorn|Leech Seed|p1a: Cloyster\n|-start|p1a: Cloyster|move: Leech Seed\n|\n|-heal|p2a: Ferrothorn|18\/100|[from] item: Leftovers\n|-damage|p1a: Cloyster|88\/100|[from] Leech Seed|[of] p2a: Ferrothorn\n|-heal|p2a: Ferrothorn|26\/100|[silent]\n|upkeep\n|turn|10\n|\n|t:|1699897419\n|switch|p2a: Pelipper|Pelipper, F|80\/100\n|-weather|RainDance|[from] ability: Drizzle|[of] p2a: Pelipper\n|move|p1a: Cloyster|Icicle Spear|p2a: Pelipper\n|-damage|p2a: Pelipper|64\/100\n|-damage|p2a: Pelipper|47\/100\n|-damage|p2a: Pelipper|30\/100\n|-damage|p2a: Pelipper|14\/100\n|-damage|p2a: Pelipper|0 fnt\n|faint|p2a: Pelipper\n|-hitcount|p2: Pelipper|5\n|\n|-weather|RainDance|[upkeep]\n|upkeep\n|\n|t:|1699897433\n|switch|p2a: Ferrothorn|Ferrothorn, M|26\/100\n|turn|11\n|\n|t:|1699897439\n|-terastallize|p2a: Ferrothorn|Grass\n|move|p1a: Cloyster|Icicle Spear|p2a: Ferrothorn\n|-supereffective|p2a: Ferrothorn\n|-damage|p2a: Ferrothorn|0 fnt\n|faint|p2a: Ferrothorn\n|-hitcount|p2: Ferrothorn|1\n|\n|-weather|RainDance|[upkeep]\n|upkeep\n|\n|t:|1699897456\n|switch|p2a: Blaziken|Blaziken, F|62\/100\n|turn|12\n|\n|t:|1699897464\n|move|p2a: Blaziken|Protect|p2a: Blaziken\n|-singleturn|p2a: Blaziken|Protect\n|move|p1a: Cloyster|Rock Blast|p2a: Blaziken\n|-activate|p2a: Blaziken|move: Protect\n|\n|-weather|RainDance|[upkeep]\n|-damage|p1a: Cloyster|76\/100|[from] Leech Seed|[of] p2a: Blaziken\n|-heal|p2a: Blaziken|72\/100|[silent]\n|-ability|p2a: Blaziken|Speed Boost|boost\n|-boost|p2a: Blaziken|spe|1\n|upkeep\n|turn|13\n|\n|t:|1699897469\n|move|p1a: Cloyster|Rock Blast|p2a: Blaziken\n|-damage|p2a: Blaziken|49\/100\n|-damage|p2a: Blaziken|24\/100\n|-damage|p2a: Blaziken|0 fnt\n|faint|p2a: Blaziken\n|-hitcount|p2: Blaziken|3\n|\n|-weather|RainDance|[upkeep]\n|upkeep\n|\n|t:|1699897474\n|switch|p2a: Urshifu|Urshifu-Rapid-Strike, M|100\/100\n|turn|14\n|\n|t:|1699897488\n|move|p1a: Cloyster|Explosion|p2a: Urshifu\n|-damage|p2a: Urshifu|0 fnt\n|faint|p1a: Cloyster\n|faint|p2a: Urshifu\n|\n|-weather|RainDance|[upkeep]\n|upkeep\n|\n|t:|1699897497\n|switch|p2a: Diancie|Diancie|100\/100\n|switch|p1a: Magnezone|Magnezone, shiny|100\/100\n|turn|15\n|\n|t:|1699897500\n|detailschange|p2a: Diancie|Diancie-Mega\n|-mega|p2a: Diancie|Diancie|Diancite\n|move|p2a: Diancie|Rock Polish|p2a: Diancie\n|-boost|p2a: Diancie|spe|2\n|move|p1a: Magnezone|Flash Cannon|p2a: Diancie\n|-supereffective|p2a: Diancie\n|-damage|p2a: Diancie|0 fnt\n|faint|p2a: Diancie\n|\n|-weather|RainDance|[upkeep]\n|upkeep\n|-message|ndujfgdsuibv forfeited.\n|\n|win|EvelynIsBased\n|raw|EvelynIsBased's rating: 1190 &rarr; <strong>1207<\/strong><br \/>(+17 for winning)\n|raw|ndujfgdsuibv's rating: 1080 &rarr; <strong>1065<\/strong><br \/>(-15 for losing)\n|l|\u2606ndujfgdsuibv\n","uploadtime":1699897510,"views":4,"p1id":"evelynisbased","p2id":"ndujfgdsuibv","formatid":"gen9nationaldex","rating":1065,"private":0,"password":""}