{"id":"gen9nationaldex-1999120966","p1":"Chilhan","p2":"0xyt0c1njunk1e","format":"[Gen 9] National Dex","log":"|html|<div class=\"broadcast-blue\"><strong>[Gen 9] National Dex is currently suspecting Sneasler! For information on how to participate check out the <a href=\"https:\/\/www.smogon.com\/forums\/threads\/sv-national-dex-suspect-8-just-dance.3731534\/\">suspect thread<\/a>.<\/strong><\/div>\n|j|\u2606Chilhan\n|j|\u26060xyt0c1njunk1e\n|t:|1701035374\n|gametype|singles\n|player|p1|Chilhan|102|1417\n|player|p2|0xyt0c1njunk1e|iris|1306\n|teamsize|p1|6\n|teamsize|p2|6\n|gen|9\n|tier|[Gen 9] National Dex\n|rated|\n|rule|HP Percentage Mod: HP is shown in percentages\n|rule|Endless Battle Clause: Forcing endless battles is banned\n|rule|OHKO Clause: OHKO moves are banned\n|rule|Evasion Clause: Evasion abilities, items, and moves are banned\n|rule|Evasion Abilities Clause: Evasion abilities are banned\n|rule|Evasion Items Clause: Evasion items are banned\n|rule|Evasion Moves Clause: Evasion moves are banned\n|rule|Species Clause: Limit one of each Pok\u00e9mon\n|rule|Sleep Clause Mod: Limit one foe put to sleep\n|clearpoke\n|poke|p1|Gyarados, F|\n|poke|p1|Rillaboom, M|\n|poke|p1|Tapu Koko|\n|poke|p1|Iron Treads|\n|poke|p1|Arcanine-Hisui, F|\n|poke|p1|Sneasler, F|\n|poke|p2|Clodsire, F|\n|poke|p2|Dondozo, M|\n|poke|p2|Alomomola, M|\n|poke|p2|Blissey, F|\n|poke|p2|Ferrothorn, M|\n|poke|p2|Moltres|\n|teampreview\n|inactive|Battle timer is ON: inactive players will automatically lose when time's up. (requested by 0xyt0c1njunk1e)\n|\n|t:|1701035390\n|start\n|switch|p1a: Tapu Koko|Tapu Koko|100\/100\n|switch|p2a: Alomomola|Alomomola, M|100\/100\n|-fieldstart|move: Electric Terrain|[from] ability: Electric Surge|[of] p1a: Tapu Koko\n|turn|1\n|\n|t:|1701035397\n|move|p2a: Alomomola|Protect|p2a: Alomomola\n|-singleturn|p2a: Alomomola|Protect\n|move|p1a: Tapu Koko|U-turn|p2a: Alomomola\n|-activate|p2a: Alomomola|move: Protect\n|\n|upkeep\n|turn|2\n|\n|t:|1701035405\n|switch|p2a: Ferrothorn|Ferrothorn, M|100\/100\n|move|p1a: Tapu Koko|Thunderbolt|p2a: Ferrothorn\n|-resisted|p2a: Ferrothorn\n|-damage|p2a: Ferrothorn|81\/100\n|\n|upkeep\n|turn|3\n|\n|t:|1701035424\n|switch|p1a: Arcanine|Arcanine-Hisui, F|100\/100\n|move|p2a: Ferrothorn|Knock Off|p1a: Arcanine\n|-crit|p1a: Arcanine\n|-damage|p1a: Arcanine|66\/100\n|-enditem|p1a: Arcanine|Heavy-Duty Boots|[from] move: Knock Off|[of] p2a: Ferrothorn\n|\n|upkeep\n|turn|4\n|inactive|0xyt0c1njunk1e has 120 seconds left.\n|\n|t:|1701035459\n|move|p2a: Ferrothorn|Protect|p2a: Ferrothorn\n|-singleturn|p2a: Ferrothorn|Protect\n|move|p1a: Arcanine|Stealth Rock|p2a: Ferrothorn\n|-sidestart|p2: 0xyt0c1njunk1e|move: Stealth Rock\n|\n|upkeep\n|turn|5\n|c|\u2606Chilhan|fun team\n|inactive|0xyt0c1njunk1e has 120 seconds left.\n|\n|t:|1701035474\n|switch|p2a: Dondozo|Dondozo, M|100\/100\n|move|p1a: Arcanine|Flare Blitz|p2a: Dondozo\n|-resisted|p2a: Dondozo\n|-damage|p2a: Dondozo|87\/100\n|\n|-fieldend|move: Electric Terrain\n|upkeep\n|turn|6\n|inactive|0xyt0c1njunk1e has 120 seconds left.\n|\n|t:|1701035501\n|switch|p1a: Rillaboom|Rillaboom, M|100\/100\n|-fieldstart|move: Grassy Terrain|[from] ability: Grassy Surge|[of] p1a: Rillaboom\n|move|p2a: Dondozo|Liquidation|p1a: Rillaboom\n|-resisted|p1a: Rillaboom\n|-damage|p1a: Rillaboom|84\/100\n|\n|-heal|p1a: Rillaboom|90\/100|[from] Grassy Terrain\n|-heal|p2a: Dondozo|93\/100|[from] Grassy Terrain\n|upkeep\n|turn|7\n|\n|t:|1701035519\n|switch|p2a: Moltres|Moltres|100\/100\n|move|p1a: Rillaboom|Knock Off|p2a: Moltres\n|-damage|p2a: Moltres|65\/100\n|-enditem|p2a: Moltres|Heavy-Duty Boots|[from] move: Knock Off|[of] p1a: Rillaboom\n|\n|-heal|p1a: Rillaboom|96\/100|[from] Grassy Terrain\n|upkeep\n|turn|8\n|\n|t:|1701035532\n|switch|p1a: Gyarados|Gyarados, F|100\/100\n|-ability|p1a: Gyarados|Intimidate|boost\n|-unboost|p2a: Moltres|atk|1\n|move|p2a: Moltres|Defog|p1a: Gyarados\n|-unboost|p1a: Gyarados|evasion|1\n|-sideend|p2: 0xyt0c1njunk1e|Stealth Rock|[from] move: Defog|[of] p2a: Moltres\n|-fieldend|move: Grassy Terrain\n|\n|upkeep\n|turn|9\n|\n|t:|1701035547\n|switch|p2a: Ferrothorn|Ferrothorn, M|81\/100\n|move|p1a: Gyarados|Dragon Dance|p1a: Gyarados\n|-boost|p1a: Gyarados|atk|1\n|-boost|p1a: Gyarados|spe|1\n|\n|upkeep\n|turn|10\n|\n|t:|1701035556\n|move|p1a: Gyarados|Substitute|p1a: Gyarados\n|-start|p1a: Gyarados|Substitute\n|-damage|p1a: Gyarados|76\/100\n|move|p2a: Ferrothorn|Leech Seed||[still]\n|-fail|p2a: Ferrothorn\n|\n|upkeep\n|turn|11\n|\n|t:|1701035570\n|move|p1a: Gyarados|Dragon Dance|p1a: Gyarados\n|-boost|p1a: Gyarados|atk|1\n|-boost|p1a: Gyarados|spe|1\n|move|p2a: Ferrothorn|Knock Off|p1a: Gyarados\n|-activate|p1a: Gyarados|move: Substitute|[damage]\n|\n|upkeep\n|turn|12\n|\n|t:|1701035578\n|move|p1a: Gyarados|Dragon Dance|p1a: Gyarados\n|-boost|p1a: Gyarados|atk|1\n|-boost|p1a: Gyarados|spe|1\n|move|p2a: Ferrothorn|Spikes|p1a: Gyarados\n|-sidestart|p1: Chilhan|Spikes\n|\n|upkeep\n|turn|13\n|\n|t:|1701035585\n|move|p1a: Gyarados|Dragon Dance|p1a: Gyarados\n|-boost|p1a: Gyarados|atk|1\n|-boost|p1a: Gyarados|spe|1\n|move|p2a: Ferrothorn|Spikes|p1a: Gyarados\n|-sidestart|p1: Chilhan|Spikes\n|\n|upkeep\n|turn|14\n|\n|t:|1701035590\n|switch|p2a: Dondozo|Dondozo, M|93\/100\n|move|p1a: Gyarados|Dragon Dance|p1a: Gyarados\n|-boost|p1a: Gyarados|atk|1\n|-boost|p1a: Gyarados|spe|1\n|\n|upkeep\n|turn|15\n|\n|t:|1701035595\n|detailschange|p1a: Gyarados|Gyarados-Mega, F\n|-mega|p1a: Gyarados|Gyarados|Gyaradosite\n|-ability|p1a: Gyarados|Mold Breaker\n|move|p1a: Gyarados|Crunch|p2a: Dondozo\n|-damage|p2a: Dondozo|25\/100\n|move|p2a: Dondozo|Liquidation|p1a: Gyarados\n|-resisted|p1a: Gyarados\n|-end|p1a: Gyarados|Substitute\n|\n|upkeep\n|turn|16\n|\n|t:|1701035606\n|move|p1a: Gyarados|Crunch|p2a: Dondozo\n|-damage|p2a: Dondozo|0 fnt\n|faint|p2a: Dondozo\n|\n|upkeep\n|\n|t:|1701035609\n|switch|p2a: Ferrothorn|Ferrothorn, M|81\/100\n|turn|17\n|\n|t:|1701035616\n|move|p1a: Gyarados|Substitute|p1a: Gyarados\n|-start|p1a: Gyarados|Substitute\n|-damage|p1a: Gyarados|51\/100\n|move|p2a: Ferrothorn|Leech Seed||[still]\n|-fail|p2a: Ferrothorn\n|\n|upkeep\n|turn|18\n|-message|0xyt0c1njunk1e forfeited.\n|\n|win|Chilhan\n|raw|Chilhan's rating: 1417 &rarr; <strong>1431<\/strong><br \/>(+14 for winning)\n|raw|0xyt0c1njunk1e's rating: 1306 &rarr; <strong>1292<\/strong><br \/>(-14 for losing)\n|l|\u26060xyt0c1njunk1e\n|c|\u2606Chilhan|Cheh\n","uploadtime":1701035738,"views":13,"p1id":"chilhan","p2id":"0xyt0c1njunk1e","formatid":"gen9nationaldex","rating":1292,"private":0,"password":""}