{"id":"gen9nationaldex-1998764677","p1":"dthesrg","p2":"plotuser","format":"[Gen 9] National Dex","log":"|html|<div class=\"broadcast-blue\"><strong>[Gen 9] National Dex is currently suspecting Sneasler! For information on how to participate check out the <a href=\"https:\/\/www.smogon.com\/forums\/threads\/sv-national-dex-suspect-8-just-dance.3731534\/\">suspect thread<\/a>.<\/strong><\/div>\n|j|\u2606dthesrg\n|j|\u2606plotuser\n|t:|1700986030\n|gametype|singles\n|player|p1|dthesrg|2|1071\n|player|p2|plotuser|101|1160\n|teamsize|p1|6\n|teamsize|p2|6\n|gen|9\n|tier|[Gen 9] National Dex\n|rated|\n|rule|HP Percentage Mod: HP is shown in percentages\n|rule|Endless Battle Clause: Forcing endless battles is banned\n|rule|OHKO Clause: OHKO moves are banned\n|rule|Evasion Clause: Evasion abilities, items, and moves are banned\n|rule|Evasion Abilities Clause: Evasion abilities are banned\n|rule|Evasion Items Clause: Evasion items are banned\n|rule|Evasion Moves Clause: Evasion moves are banned\n|rule|Species Clause: Limit one of each Pok\u00e9mon\n|rule|Sleep Clause Mod: Limit one foe put to sleep\n|clearpoke\n|poke|p1|Moltres|\n|poke|p1|Kommo-o, M|\n|poke|p1|Urshifu-*, M|\n|poke|p1|Garganacl, M|\n|poke|p1|Lopunny, F|\n|poke|p1|Clodsire, F|\n|poke|p2|Tsareena, F|\n|poke|p2|Beedrill, M|\n|poke|p2|Weavile, M|\n|poke|p2|Skeledirge, M|\n|poke|p2|Inteleon, F|\n|poke|p2|Zapdos|\n|teampreview\n|inactive|Battle timer is ON: inactive players will automatically lose when time's up. (requested by plotuser)\n|\n|t:|1700986042\n|start\n|switch|p1a: Lopunny|Lopunny, F|100\/100\n|switch|p2a: Beedrill|Beedrill, M|100\/100\n|turn|1\n|\n|t:|1700986045\n|detailschange|p1a: Lopunny|Lopunny-Mega, F\n|-mega|p1a: Lopunny|Lopunny|Lopunnite\n|detailschange|p2a: Beedrill|Beedrill-Mega, M\n|-mega|p2a: Beedrill|Beedrill|Beedrillite\n|move|p1a: Lopunny|Fake Out|p2a: Beedrill\n|-damage|p2a: Beedrill|48\/100\n|cant|p2a: Beedrill|flinch\n|\n|upkeep\n|turn|2\n|\n|t:|1700986059\n|switch|p1a: Moltres|Moltres|100\/100\n|move|p2a: Beedrill|U-turn|p1a: Moltres\n|-resisted|p1a: Moltres\n|-damage|p1a: Moltres|92\/100\n|-status|p2a: Beedrill|brn|[from] ability: Flame Body|[of] p1a: Moltres\n|\n|t:|1700986066\n|switch|p2a: Zapdos|Zapdos|100\/100|[from] U-turn\n|-ability|p2a: Zapdos|Pressure\n|\n|upkeep\n|turn|3\n|\n|t:|1700986070\n|switch|p1a: Clodsire|Clodsire, F|100\/100\n|move|p2a: Zapdos|Rain Dance|p2a: Zapdos\n|-weather|RainDance\n|\n|-weather|RainDance|[upkeep]\n|upkeep\n|turn|4\n|\n|t:|1700986077\n|switch|p2a: Beedrill|Beedrill-Mega, M|48\/100 brn\n|move|p1a: Clodsire|Stealth Rock|p2a: Beedrill\n|-sidestart|p2: plotuser|move: Stealth Rock\n|\n|-weather|RainDance|[upkeep]\n|-damage|p2a: Beedrill|43\/100 brn|[from] brn\n|upkeep\n|turn|5\n|\n|t:|1700986088\n|move|p2a: Beedrill|Drill Run|p1a: Clodsire\n|-supereffective|p1a: Clodsire\n|-damage|p1a: Clodsire|75\/100\n|move|p1a: Clodsire|Earthquake|p2a: Beedrill\n|-damage|p2a: Beedrill|0 fnt\n|faint|p2a: Beedrill\n|\n|-weather|RainDance|[upkeep]\n|-heal|p1a: Clodsire|82\/100|[from] item: Leftovers\n|upkeep\n|\n|t:|1700986093\n|switch|p2a: Zapdos|Zapdos|100\/100\n|-ability|p2a: Zapdos|Pressure\n|turn|6\n|\n|t:|1700986096\n|move|p2a: Zapdos|Defog|p1a: Clodsire\n|-unboost|p1a: Clodsire|evasion|1\n|-sideend|p2: plotuser|Stealth Rock|[from] move: Defog|[of] p2a: Zapdos\n|move|p1a: Clodsire|Toxic|p2a: Zapdos\n|-status|p2a: Zapdos|tox\n|\n|-weather|RainDance|[upkeep]\n|-heal|p1a: Clodsire|88\/100|[from] item: Leftovers\n|-damage|p2a: Zapdos|94\/100 tox|[from] psn\n|upkeep\n|turn|7\n|\n|t:|1700986099\n|move|p2a: Zapdos|Hurricane|p1a: Clodsire\n|-damage|p1a: Clodsire|52\/100\n|-start|p1a: Clodsire|confusion\n|-activate|p1a: Clodsire|confusion\n|move|p1a: Clodsire|Stealth Rock|p2a: Zapdos\n|-sidestart|p2: plotuser|move: Stealth Rock\n|\n|-weather|none\n|-heal|p1a: Clodsire|58\/100|[from] item: Leftovers\n|-damage|p2a: Zapdos|82\/100 tox|[from] psn\n|upkeep\n|turn|8\n|\n|t:|1700986107\n|switch|p1a: Garganacl|Garganacl, M|100\/100\n|move|p2a: Zapdos|Rain Dance|p2a: Zapdos\n|-weather|RainDance\n|\n|-weather|RainDance|[upkeep]\n|-damage|p2a: Zapdos|63\/100 tox|[from] psn\n|upkeep\n|turn|9\n|\n|t:|1700986111\n|move|p2a: Zapdos|Thunder|p1a: Garganacl\n|-crit|p1a: Garganacl\n|-damage|p1a: Garganacl|44\/100\n|move|p1a: Garganacl|Salt Cure|p2a: Zapdos\n|-supereffective|p2a: Zapdos\n|-damage|p2a: Zapdos|27\/100 tox\n|-start|p2a: Zapdos|Salt Cure\n|\n|-weather|RainDance|[upkeep]\n|-heal|p1a: Garganacl|50\/100|[from] item: Leftovers\n|-damage|p2a: Zapdos|2\/100 tox|[from] psn\n|-damage|p2a: Zapdos|0 fnt|[from] Salt Cure\n|faint|p2a: Zapdos\n|upkeep\n|\n|t:|1700986115\n|switch|p2a: Inteleon|Inteleon, F|100\/100\n|-damage|p2a: Inteleon|88\/100|[from] Stealth Rock\n|turn|10\n|\n|t:|1700986118\n|switch|p1a: Clodsire|Clodsire, F|58\/100\n|move|p2a: Inteleon|Hydro Pump|p1a: Clodsire\n|-heal|p1a: Clodsire|83\/100|[from] ability: Water Absorb|[of] p2a: Inteleon\n|\n|-weather|RainDance|[upkeep]\n|-heal|p1a: Clodsire|89\/100|[from] item: Leftovers\n|upkeep\n|turn|11\n|\n|t:|1700986125\n|move|p2a: Inteleon|Focus Energy|p2a: Inteleon\n|-start|p2a: Inteleon|move: Focus Energy\n|move|p1a: Clodsire|Toxic|p2a: Inteleon\n|-status|p2a: Inteleon|tox\n|\n|-weather|RainDance|[upkeep]\n|-heal|p1a: Clodsire|95\/100|[from] item: Leftovers\n|-damage|p2a: Inteleon|82\/100 tox|[from] psn\n|upkeep\n|turn|12\n|\n|t:|1700986130\n|move|p2a: Inteleon|Ice Beam|p1a: Clodsire\n|-supereffective|p1a: Clodsire\n|-damage|p1a: Clodsire|56\/100\n|move|p1a: Clodsire|Recover|p1a: Clodsire\n|-heal|p1a: Clodsire|100\/100\n|\n|-weather|none\n|-damage|p2a: Inteleon|70\/100 tox|[from] psn\n|upkeep\n|turn|13\n|\n|t:|1700986135\n|move|p2a: Inteleon|Ice Beam|p1a: Clodsire\n|-supereffective|p1a: Clodsire\n|-damage|p1a: Clodsire|62\/100\n|move|p1a: Clodsire|Recover|p1a: Clodsire\n|-heal|p1a: Clodsire|100\/100\n|\n|-damage|p2a: Inteleon|52\/100 tox|[from] psn\n|upkeep\n|turn|14\n|\n|t:|1700986139\n|move|p2a: Inteleon|Ice Beam|p1a: Clodsire\n|-supereffective|p1a: Clodsire\n|-crit|p1a: Clodsire\n|-damage|p1a: Clodsire|10\/100\n|move|p1a: Clodsire|Recover|p1a: Clodsire\n|-heal|p1a: Clodsire|60\/100\n|\n|-heal|p1a: Clodsire|66\/100|[from] item: Leftovers\n|-damage|p2a: Inteleon|28\/100 tox|[from] psn\n|upkeep\n|turn|15\n|\n|t:|1700986146\n|switch|p1a: Urshifu|Urshifu-Rapid-Strike, M|100\/100\n|move|p2a: Inteleon|Ice Beam|p1a: Urshifu\n|-resisted|p1a: Urshifu\n|-damage|p1a: Urshifu|78\/100\n|\n|-damage|p2a: Inteleon|0 fnt|[from] psn\n|faint|p2a: Inteleon\n|upkeep\n|-message|plotuser forfeited.\n|\n|win|dthesrg\n|raw|dthesrg's rating: 1071 &rarr; <strong>1108<\/strong><br \/>(+37 for winning)\n|raw|plotuser's rating: 1160 &rarr; <strong>1129<\/strong><br \/>(-31 for losing)\n|l|\u2606plotuser\n","uploadtime":1700986153,"views":5,"p1id":"dthesrg","p2id":"plotuser","formatid":"gen9nationaldex","rating":1108,"private":0,"password":""}