{"id":"gen9nationaldex-1990768075","p1":"dexagon","p2":"Hysuto","format":"[Gen 9] National Dex","log":"|j|\u2606dexagon\n|j|\u2606Hysuto\n|t:|1699998967\n|gametype|singles\n|player|p1|dexagon|170|1541\n|player|p2|Hysuto|burglar|1618\n|teamsize|p1|6\n|teamsize|p2|6\n|gen|9\n|tier|[Gen 9] National Dex\n|rated|\n|rule|HP Percentage Mod: HP is shown in percentages\n|rule|Endless Battle Clause: Forcing endless battles is banned\n|rule|OHKO Clause: OHKO moves are banned\n|rule|Evasion Clause: Evasion abilities, items, and moves are banned\n|rule|Evasion Abilities Clause: Evasion abilities are banned\n|rule|Evasion Items Clause: Evasion items are banned\n|rule|Evasion Moves Clause: Evasion moves are banned\n|rule|Species Clause: Limit one of each Pok\u00e9mon\n|rule|Sleep Clause Mod: Limit one foe put to sleep\n|clearpoke\n|poke|p1|Great Tusk|\n|poke|p1|Charizard, F|\n|poke|p1|Hatterene, F|\n|poke|p1|Chansey, F|\n|poke|p1|Moltres|\n|poke|p1|Tapu Lele|\n|poke|p2|Alomomola, F|\n|poke|p2|Aggron, F|\n|poke|p2|Heatran, F|\n|poke|p2|Rillaboom, F|\n|poke|p2|Sneasler, F|\n|poke|p2|Moltres|\n|teampreview\n|inactive|Battle timer is ON: inactive players will automatically lose when time's up. (requested by Hysuto)\n|\n|t:|1699998978\n|start\n|switch|p1a: Tapu Lele|Tapu Lele|100\/100\n|switch|p2a: Rillaboom|Rillaboom, F|100\/100\n|-fieldstart|move: Psychic Terrain|[from] ability: Psychic Surge|[of] p1a: Tapu Lele\n|-fieldstart|move: Grassy Terrain|[from] ability: Grassy Surge|[of] p2a: Rillaboom\n|turn|1\n|\n|t:|1699998981\n|switch|p1a: Moltres|Moltres|100\/100\n|move|p2a: Rillaboom|Grassy Glide|p1a: Moltres\n|-resisted|p1a: Moltres\n|-damage|p1a: Moltres|91\/100\n|\n|upkeep\n|turn|2\n|\n|t:|1699998986\n|switch|p2a: Heatran|Heatran, F|100\/100\n|move|p1a: Moltres|U-turn|p2a: Heatran\n|-resisted|p2a: Heatran\n|-damage|p2a: Heatran|98\/100\n|\n|t:|1699999000\n|switch|p1a: Charizard|Charizard, F|100\/100|[from] U-turn\n|\n|-heal|p2a: Heatran|100\/100|[from] Grassy Terrain\n|upkeep\n|turn|3\n|\n|t:|1699999004\n|detailschange|p1a: Charizard|Charizard-Mega-Y, F\n|-mega|p1a: Charizard|Charizard|Charizardite Y\n|-weather|SunnyDay|[from] ability: Drought|[of] p1a: Charizard\n|move|p1a: Charizard|Scorching Sands|p2a: Heatran\n|-supereffective|p2a: Heatran\n|-damage|p2a: Heatran|55\/100\n|move|p2a: Heatran|Power Gem|p1a: Charizard\n|-supereffective|p1a: Charizard\n|-damage|p1a: Charizard|5\/100\n|\n|-weather|SunnyDay|[upkeep]\n|-heal|p2a: Heatran|61\/100|[from] Grassy Terrain\n|upkeep\n|turn|4\n|\n|t:|1699999015\n|switch|p2a: Alomomola|Alomomola, F|100\/100\n|move|p1a: Charizard|Roost|p1a: Charizard\n|-heal|p1a: Charizard|55\/100\n|-singleturn|p1a: Charizard|move: Roost\n|\n|-weather|SunnyDay|[upkeep]\n|-heal|p1a: Charizard|61\/100|[from] Grassy Terrain\n|upkeep\n|turn|5\n|\n|t:|1699999018\n|move|p1a: Charizard|Solar Beam||[still]\n|-prepare|p1a: Charizard|Solar Beam\n|-anim|p1a: Charizard|Solar Beam|p2a: Alomomola\n|-supereffective|p2a: Alomomola\n|-damage|p2a: Alomomola|24\/100\n|move|p2a: Alomomola|Flip Turn|p1a: Charizard\n|-supereffective|p1a: Charizard\n|-damage|p1a: Charizard|38\/100\n|\n|t:|1699999025\n|switch|p2a: Rillaboom|Rillaboom, F|100\/100|[from] Flip Turn\n|\n|-weather|SunnyDay|[upkeep]\n|-fieldend|move: Grassy Terrain\n|upkeep\n|turn|6\n|\n|t:|1699999037\n|-terastallize|p2a: Rillaboom|Rock\n|move|p1a: Charizard|Scorching Sands|p2a: Rillaboom\n|-supereffective|p2a: Rillaboom\n|-damage|p2a: Rillaboom|18\/100\n|-status|p2a: Rillaboom|brn\n|move|p2a: Rillaboom|Tera Blast|p1a: Charizard|[anim] Tera Blast Rock\n|-supereffective|p1a: Charizard\n|-damage|p1a: Charizard|0 fnt\n|faint|p1a: Charizard\n|\n|-weather|SunnyDay|[upkeep]\n|-damage|p2a: Rillaboom|12\/100 brn|[from] brn\n|upkeep\n|c|\u2606Hysuto|Really burned me\n|c|\u2606dexagon|i didn't see that coming at all\n|\n|t:|1699999059\n|switch|p1a: Great Tusk|Great Tusk|100\/100\n|-activate|p1a: Great Tusk|ability: Protosynthesis\n|-start|p1a: Great Tusk|protosynthesisdef\n|turn|7\n|c|\u2606Hysuto|None do\n|\n|t:|1699999068\n|switch|p2a: Moltres|Moltres|100\/100\n|move|p1a: Great Tusk|Rapid Spin|p2a: Moltres\n|-damage|p2a: Moltres|87\/100\n|-boost|p1a: Great Tusk|spe|1\n|\n|-weather|none\n|-end|p1a: Great Tusk|Protosynthesis\n|upkeep\n|turn|8\n|\n|t:|1699999073\n|-end|p1a: Great Tusk|Protosynthesis|[silent]\n|switch|p1a: Chansey|Chansey, F|100\/100\n|move|p2a: Moltres|Flamethrower|p1a: Chansey\n|-damage|p1a: Chansey|90\/100\n|\n|upkeep\n|turn|9\n|\n|t:|1699999078\n|move|p2a: Moltres|U-turn|p1a: Chansey\n|-damage|p1a: Chansey|80\/100\n|\n|t:|1699999080\n|switch|p2a: Alomomola|Alomomola, F|57\/100|[from] U-turn\n|move|p1a: Chansey|Wish|p1a: Chansey\n|\n|upkeep\n|turn|10\n|\n|t:|1699999083\n|move|p2a: Alomomola|Wish|p2a: Alomomola\n|move|p1a: Chansey|Toxic|p2a: Alomomola\n|-status|p2a: Alomomola|tox\n|\n|-heal|p1a: Chansey|100\/100|[from] move: Wish|[wisher] Chansey\n|-damage|p2a: Alomomola|51\/100 tox|[from] psn\n|upkeep\n|turn|11\n|\n|t:|1699999093\n|move|p2a: Alomomola|Flip Turn|p1a: Chansey\n|-damage|p1a: Chansey|88\/100\n|\n|t:|1699999096\n|switch|p2a: Rillaboom|Rillaboom, F, tera:Rock|12\/100 brn|[from] Flip Turn\n|-fieldstart|move: Grassy Terrain|[from] ability: Grassy Surge|[of] p2a: Rillaboom\n|move|p1a: Chansey|Seismic Toss|p2a: Rillaboom\n|-damage|p2a: Rillaboom|0 fnt\n|faint|p2a: Rillaboom\n|\n|-heal|p1a: Chansey|94\/100|[from] Grassy Terrain\n|upkeep\n|\n|t:|1699999100\n|switch|p2a: Sneasler|Sneasler, F, shiny|100\/100\n|-enditem|p2a: Sneasler|Grassy Seed\n|-boost|p2a: Sneasler|def|1|[from] item: Grassy Seed\n|turn|12\n|\n|t:|1699999111\n|switch|p1a: Moltres|Moltres|91\/100\n|move|p2a: Sneasler|Substitute|p2a: Sneasler\n|-start|p2a: Sneasler|Substitute\n|-damage|p2a: Sneasler|76\/100\n|\n|-heal|p2a: Sneasler|82\/100|[from] Grassy Terrain\n|upkeep\n|turn|13\n|\n|t:|1699999114\n|move|p2a: Sneasler|Swords Dance|p2a: Sneasler\n|-boost|p2a: Sneasler|atk|2\n|move|p1a: Moltres|Flamethrower|p2a: Sneasler\n|-end|p2a: Sneasler|Substitute\n|\n|-heal|p2a: Sneasler|88\/100|[from] Grassy Terrain\n|upkeep\n|turn|14\n|\n|t:|1699999119\n|move|p2a: Sneasler|Acrobatics|p1a: Moltres\n|-damage|p1a: Moltres|29\/100\n|move|p1a: Moltres|Flamethrower|p2a: Sneasler\n|-damage|p2a: Sneasler|27\/100\n|-status|p2a: Sneasler|brn\n|\n|-heal|p2a: Sneasler|33\/100 brn|[from] Grassy Terrain\n|-damage|p2a: Sneasler|27\/100 brn|[from] brn\n|upkeep\n|turn|15\n|\n|t:|1699999123\n|move|p2a: Sneasler|Acrobatics|p1a: Moltres\n|-crit|p1a: Moltres\n|-damage|p1a: Moltres|0 fnt\n|faint|p1a: Moltres\n|\n|-heal|p2a: Sneasler|33\/100 brn|[from] Grassy Terrain\n|-damage|p2a: Sneasler|27\/100 brn|[from] brn\n|-fieldend|move: Grassy Terrain\n|upkeep\n|\n|t:|1699999127\n|switch|p1a: Great Tusk|Great Tusk|100\/100\n|turn|16\n|c|\u2606Hysuto|Burn every time huh\n|\n|t:|1699999142\n|switch|p2a: Alomomola|Alomomola, F|84\/100 tox\n|move|p1a: Great Tusk|Earthquake|p2a: Alomomola\n|-damage|p2a: Alomomola|45\/100 tox\n|\n|-damage|p2a: Alomomola|39\/100 tox|[from] psn\n|upkeep\n|turn|17\n|c|\u2606dexagon|guess u could say this battle is HEATING up\n|\n|t:|1699999150\n|switch|p2a: Moltres|Moltres|87\/100\n|move|p1a: Great Tusk|Earthquake|p2a: Moltres\n|-immune|p2a: Moltres\n|\n|upkeep\n|turn|18\n|\n|t:|1699999156\n|-end|p1a: Great Tusk|Protosynthesis|[silent]\n|switch|p1a: Chansey|Chansey, F|94\/100\n|move|p2a: Moltres|Flamethrower|p1a: Chansey\n|-damage|p1a: Chansey|84\/100\n|\n|upkeep\n|turn|19\n|\n|t:|1699999163\n|move|p2a: Moltres|U-turn|p1a: Chansey\n|-damage|p1a: Chansey|74\/100\n|\n|t:|1699999166\n|switch|p2a: Alomomola|Alomomola, F|73\/100 tox|[from] U-turn\n|move|p1a: Chansey|Seismic Toss|p2a: Alomomola\n|-damage|p2a: Alomomola|54\/100 tox\n|\n|-damage|p2a: Alomomola|48\/100 tox|[from] psn\n|upkeep\n|turn|20\n|\n|t:|1699999171\n|switch|p1a: Tapu Lele|Tapu Lele|100\/100\n|-fieldstart|move: Psychic Terrain|[from] ability: Psychic Surge|[of] p1a: Tapu Lele\n|move|p2a: Alomomola|Wish|p2a: Alomomola\n|\n|-damage|p2a: Alomomola|35\/100 tox|[from] psn\n|upkeep\n|turn|21\n|\n|t:|1699999179\n|move|p2a: Alomomola|Protect|p2a: Alomomola\n|-singleturn|p2a: Alomomola|Protect\n|move|p1a: Tapu Lele|Focus Blast|p2a: Alomomola\n|-activate|p2a: Alomomola|move: Protect\n|\n|-heal|p2a: Alomomola|85\/100 tox|[from] move: Wish|[wisher] Alomomola\n|-damage|p2a: Alomomola|67\/100 tox|[from] psn\n|upkeep\n|turn|22\n|\n|t:|1699999186\n|switch|p2a: Heatran|Heatran, F|61\/100\n|move|p1a: Tapu Lele|Focus Blast|p2a: Heatran\n|-supereffective|p2a: Heatran\n|-damage|p2a: Heatran|20\/100\n|-unboost|p2a: Heatran|spd|1\n|\n|upkeep\n|turn|23\n|\n|t:|1699999192\n|switch|p2a: Moltres|Moltres|87\/100\n|move|p1a: Tapu Lele|Focus Blast|p2a: Moltres\n|-resisted|p2a: Moltres\n|-damage|p2a: Moltres|66\/100\n|\n|upkeep\n|turn|24\n|\n|t:|1699999195\n|switch|p1a: Chansey|Chansey, F|74\/100\n|move|p2a: Moltres|U-turn|p1a: Chansey\n|-damage|p1a: Chansey|63\/100\n|\n|t:|1699999198\n|switch|p2a: Alomomola|Alomomola, F|99\/100 tox|[from] U-turn\n|\n|-damage|p2a: Alomomola|94\/100 tox|[from] psn\n|-fieldend|move: Psychic Terrain\n|upkeep\n|turn|25\n|\n|t:|1699999203\n|switch|p1a: Tapu Lele|Tapu Lele|100\/100\n|-fieldstart|move: Psychic Terrain|[from] ability: Psychic Surge|[of] p1a: Tapu Lele\n|move|p2a: Alomomola|Wish|p2a: Alomomola\n|\n|-damage|p2a: Alomomola|82\/100 tox|[from] psn\n|upkeep\n|turn|26\n|\n|t:|1699999211\n|-terastallize|p1a: Tapu Lele|Psychic\n|move|p1a: Tapu Lele|Psychic|p2a: Alomomola\n|-damage|p2a: Alomomola|19\/100 tox\n|move|p2a: Alomomola|Flip Turn|p1a: Tapu Lele\n|-damage|p1a: Tapu Lele|73\/100\n|\n|t:|1699999215\n|switch|p2a: Heatran|Heatran, F|20\/100|[from] Flip Turn\n|\n|-heal|p2a: Heatran|89\/100|[from] move: Wish|[wisher] Alomomola\n|upkeep\n|turn|27\n|\n|t:|1699999224\n|switch|p1a: Chansey|Chansey, F|63\/100\n|move|p2a: Heatran|Lava Plume|p1a: Chansey\n|-damage|p1a: Chansey|54\/100\n|\n|upkeep\n|turn|28\n|\n|t:|1699999230\n|switch|p2a: Alomomola|Alomomola, F|52\/100 tox\n|move|p1a: Chansey|Wish|p1a: Chansey\n|\n|-damage|p2a: Alomomola|46\/100 tox|[from] psn\n|upkeep\n|turn|29\n|\n|t:|1699999234\n|move|p2a: Alomomola|Flip Turn|p1a: Chansey\n|-damage|p1a: Chansey|42\/100\n|\n|t:|1699999238\n|switch|p2a: Moltres|Moltres|66\/100|[from] Flip Turn\n|move|p1a: Chansey|Seismic Toss|p2a: Moltres\n|-damage|p2a: Moltres|36\/100\n|-status|p1a: Chansey|brn|[from] ability: Flame Body|[of] p2a: Moltres\n|\n|-heal|p1a: Chansey|92\/100 brn|[from] move: Wish|[wisher] Chansey\n|-damage|p1a: Chansey|86\/100 brn|[from] brn\n|-fieldend|move: Psychic Terrain\n|upkeep\n|turn|30\n|\n|t:|1699999251\n|move|p2a: Moltres|Roost|p2a: Moltres\n|-heal|p2a: Moltres|86\/100\n|-singleturn|p2a: Moltres|move: Roost\n|move|p1a: Chansey|Wish|p1a: Chansey\n|\n|-damage|p1a: Chansey|80\/100 brn|[from] brn\n|upkeep\n|turn|31\n|\n|t:|1699999256\n|move|p2a: Moltres|U-turn|p1a: Chansey\n|-damage|p1a: Chansey|70\/100 brn\n|\n|t:|1699999258\n|switch|p2a: Alomomola|Alomomola, F|79\/100 tox|[from] U-turn\n|move|p1a: Chansey|Seismic Toss|p2a: Alomomola\n|-damage|p2a: Alomomola|60\/100 tox\n|\n|-heal|p1a: Chansey|100\/100 brn|[from] move: Wish|[wisher] Chansey\n|-damage|p2a: Alomomola|54\/100 tox|[from] psn\n|-damage|p1a: Chansey|94\/100 brn|[from] brn\n|upkeep\n|turn|32\n|\n|t:|1699999264\n|move|p2a: Alomomola|Wish|p2a: Alomomola\n|move|p1a: Chansey|Seismic Toss|p2a: Alomomola\n|-damage|p2a: Alomomola|36\/100 tox\n|\n|-damage|p2a: Alomomola|23\/100 tox|[from] psn\n|-damage|p1a: Chansey|88\/100 brn|[from] brn\n|upkeep\n|turn|33\n|\n|t:|1699999270\n|switch|p2a: Aggron|Aggron, F|100\/100\n|move|p1a: Chansey|Seismic Toss|p2a: Aggron\n|-damage|p2a: Aggron|71\/100\n|\n|-heal|p2a: Aggron|100\/100|[from] move: Wish|[wisher] Alomomola\n|-damage|p1a: Chansey|82\/100 brn|[from] brn\n|upkeep\n|turn|34\n|\n|t:|1699999275\n|-curestatus|p1a: Chansey|brn|[from] ability: Natural Cure\n|switch|p1a: Great Tusk|Great Tusk|100\/100\n|detailschange|p2a: Aggron|Aggron-Mega, F\n|-mega|p2a: Aggron|Aggron|Aggronite\n|move|p2a: Aggron|Iron Defense|p2a: Aggron\n|-boost|p2a: Aggron|def|2\n|\n|upkeep\n|turn|35\n|\n|t:|1699999280\n|move|p1a: Great Tusk|Earthquake|p2a: Aggron\n|-supereffective|p2a: Aggron\n|-damage|p2a: Aggron|86\/100\n|move|p2a: Aggron|Body Press|p1a: Great Tusk\n|-damage|p1a: Great Tusk|46\/100\n|\n|upkeep\n|turn|36\n|\n|t:|1699999285\n|move|p1a: Great Tusk|Body Press|p2a: Aggron\n|-supereffective|p2a: Aggron\n|-damage|p2a: Aggron|74\/100\n|move|p2a: Aggron|Body Press|p1a: Great Tusk\n|-damage|p1a: Great Tusk|0 fnt\n|faint|p1a: Great Tusk\n|-end|p1a: Great Tusk|Protosynthesis|[silent]\n|\n|upkeep\n|c|\u2606dexagon|uh oh\n|c|\u2606Hysuto|Hehe\n|c|\u2606dexagon|im toast\n|\n|t:|1699999294\n|switch|p1a: Chansey|Chansey, F|82\/100\n|turn|37\n|\n|t:|1699999297\n|switch|p1a: Tapu Lele|Tapu Lele, tera:Psychic|73\/100\n|-fieldstart|move: Psychic Terrain|[from] ability: Psychic Surge|[of] p1a: Tapu Lele\n|move|p2a: Aggron|Body Press|p1a: Tapu Lele\n|-resisted|p1a: Tapu Lele\n|-damage|p1a: Tapu Lele|0 fnt\n|faint|p1a: Tapu Lele\n|\n|upkeep\n|\n|t:|1699999302\n|switch|p1a: Hatterene|Hatterene, F|100\/100\n|turn|38\n|\n|t:|1699999307\n|move|p2a: Aggron|Heavy Slam|p1a: Hatterene\n|-supereffective|p1a: Hatterene\n|-damage|p1a: Hatterene|0 fnt\n|faint|p1a: Hatterene\n|\n|upkeep\n|\n|t:|1699999310\n|switch|p1a: Chansey|Chansey, F|82\/100\n|turn|39\n|c|\u2606dexagon|gg\n|c|\u2606Hysuto|Ggwp\n|\n|t:|1699999320\n|move|p2a: Aggron|Body Press|p1a: Chansey\n|-supereffective|p1a: Chansey\n|-damage|p1a: Chansey|0 fnt\n|faint|p1a: Chansey\n|\n|win|Hysuto\n|raw|dexagon's rating: 1541 &rarr; <strong>1525<\/strong><br \/>(-16 for losing)\n|raw|Hysuto's rating: 1618 &rarr; <strong>1634<\/strong><br \/>(+16 for winning)\n|l|\u2606Hysuto\n","uploadtime":1699999329,"views":12,"p1id":"dexagon","p2id":"hysuto","formatid":"gen9nationaldex","rating":1525,"private":0,"password":""}