{"id":"gen9nationaldex-1997505065","p1":"Milan_fourie123","p2":"ZachPlay","format":"[Gen 9] National Dex","log":"|html|<div class=\"broadcast-blue\"><strong>[Gen 9] National Dex is currently suspecting Sneasler! For information on how to participate check out the <a href=\"https:\/\/www.smogon.com\/forums\/threads\/sv-national-dex-suspect-8-just-dance.3731534\/\">suspect thread<\/a>.<\/strong><\/div>\n|j|\u2606Milan_fourie123\n|j|\u2606ZachPlay\n|t:|1700816874\n|gametype|singles\n|player|p1|Milan_fourie123|102|1107\n|player|p2|ZachPlay|ginchiyo-conquest|1124\n|teamsize|p1|6\n|teamsize|p2|6\n|gen|9\n|tier|[Gen 9] National Dex\n|rated|\n|rule|HP Percentage Mod: HP is shown in percentages\n|rule|Endless Battle Clause: Forcing endless battles is banned\n|rule|OHKO Clause: OHKO moves are banned\n|rule|Evasion Clause: Evasion abilities, items, and moves are banned\n|rule|Evasion Abilities Clause: Evasion abilities are banned\n|rule|Evasion Items Clause: Evasion items are banned\n|rule|Evasion Moves Clause: Evasion moves are banned\n|rule|Species Clause: Limit one of each Pok\u00e9mon\n|rule|Sleep Clause Mod: Limit one foe put to sleep\n|clearpoke\n|poke|p1|Wormadam-Trash, F|\n|poke|p1|Cinccino, M|\n|poke|p1|Manaphy|\n|poke|p1|Clefable, F|\n|poke|p1|Snorlax, F|\n|poke|p1|Venomoth, F|\n|poke|p2|Tapu Koko|\n|poke|p2|Ogerpon-Wellspring, F|\n|poke|p2|Froslass, F|\n|poke|p2|Charizard, F|\n|poke|p2|Iron Valiant|\n|poke|p2|Archeops, F|\n|teampreview\n|\n|t:|1700816883\n|start\n|switch|p1a: Cinccino|Cinccino, M|100\/100\n|switch|p2a: Froslass|Froslass, F|100\/100\n|turn|1\n|\n|t:|1700816892\n|move|p2a: Froslass|Spikes|p1a: Cinccino\n|-sidestart|p1: Milan_fourie123|Spikes\n|move|p1a: Cinccino|Rock Blast|p2a: Froslass\n|-supereffective|p2a: Froslass\n|-damage|p2a: Froslass|75\/100\n|-start|p1a: Cinccino|Disable|Rock Blast|[from] ability: Cursed Body|[of] p2a: Froslass\n|-supereffective|p2a: Froslass\n|-damage|p2a: Froslass|52\/100\n|-supereffective|p2a: Froslass\n|-damage|p2a: Froslass|28\/100\n|-supereffective|p2a: Froslass\n|-damage|p2a: Froslass|4\/100\n|-supereffective|p2a: Froslass\n|-damage|p2a: Froslass|0 fnt\n|faint|p2a: Froslass\n|-hitcount|p2: Froslass|5\n|\n|upkeep\n|\n|t:|1700816900\n|switch|p2a: Archeops|Archeops, F|100\/100\n|turn|2\n|\n|t:|1700816910\n|move|p2a: Archeops|Hone Claws|p2a: Archeops\n|-boost|p2a: Archeops|atk|1\n|-boost|p2a: Archeops|accuracy|1\n|move|p1a: Cinccino|Bullet Seed|p2a: Archeops\n|-damage|p2a: Archeops|87\/100\n|-damage|p2a: Archeops|73\/100\n|-damage|p2a: Archeops|59\/100\n|-damage|p2a: Archeops|47\/100\n|-damage|p2a: Archeops|33\/100\n|-hitcount|p2a: Archeops|5\n|\n|upkeep\n|turn|3\n|\n|t:|1700816922\n|move|p2a: Archeops|Roost|p2a: Archeops\n|-heal|p2a: Archeops|84\/100\n|-singleturn|p2a: Archeops|move: Roost\n|move|p1a: Cinccino|Bullet Seed|p2a: Archeops\n|-supereffective|p2a: Archeops\n|-damage|p2a: Archeops|55\/100\n|-supereffective|p2a: Archeops\n|-damage|p2a: Archeops|28\/100\n|-supereffective|p2a: Archeops\n|-damage|p2a: Archeops|2\/100\n|-supereffective|p2a: Archeops\n|-damage|p2a: Archeops|0 fnt\n|faint|p2a: Archeops\n|-hitcount|p2: Archeops|4\n|\n|upkeep\n|\n|t:|1700816936\n|switch|p2a: Tapu Koko|Tapu Koko|100\/100\n|-fieldstart|move: Electric Terrain|[from] ability: Electric Surge|[of] p2a: Tapu Koko\n|turn|4\n|\n|t:|1700816955\n|-terastallize|p2a: Tapu Koko|Electric\n|move|p2a: Tapu Koko|Volt Switch|p1a: Cinccino\n|-enditem|p1a: Cinccino|Focus Sash\n|-damage|p1a: Cinccino|1\/100\n|\n|t:|1700816962\n|switch|p2a: Charizard|Charizard, F|100\/100|[from] Volt Switch\n|move|p1a: Cinccino|Tail Slap|p2a: Charizard\n|-damage|p2a: Charizard|84\/100\n|-damage|p2a: Charizard|69\/100\n|-damage|p2a: Charizard|52\/100\n|-damage|p2a: Charizard|36\/100\n|-crit|p2a: Charizard\n|-damage|p2a: Charizard|10\/100\n|-hitcount|p2a: Charizard|5\n|\n|-end|p1a: Cinccino|Disable\n|upkeep\n|turn|5\n|\n|t:|1700816977\n|detailschange|p2a: Charizard|Charizard-Mega-X, F\n|-mega|p2a: Charizard|Charizard|Charizardite X\n|move|p1a: Cinccino|Rock Blast|p2a: Charizard\n|-supereffective|p2a: Charizard\n|-damage|p2a: Charizard|0 fnt\n|faint|p2a: Charizard\n|-hitcount|p2: Charizard|1\n|\n|upkeep\n|\n|t:|1700816982\n|switch|p2a: Tapu Koko|Tapu Koko, tera:Electric|100\/100\n|turn|6\n|\n|t:|1700816987\n|move|p2a: Tapu Koko|Volt Switch|p1a: Cinccino\n|-damage|p1a: Cinccino|0 fnt\n|faint|p1a: Cinccino\n|\n|t:|1700816992\n|switch|p2a: Iron Valiant|Iron Valiant|100\/100|[from] Volt Switch\n|-activate|p2a: Iron Valiant|ability: Quark Drive\n|-start|p2a: Iron Valiant|quarkdrivespe\n|\n|upkeep\n|\n|t:|1700817002\n|switch|p1a: Snorlax|Snorlax, F|100\/100\n|-damage|p1a: Snorlax|88\/100|[from] Spikes\n|turn|7\n|\n|t:|1700817009\n|move|p2a: Iron Valiant|Close Combat|p1a: Snorlax\n|-supereffective|p1a: Snorlax\n|-damage|p1a: Snorlax|17\/100\n|-unboost|p2a: Iron Valiant|def|1\n|-unboost|p2a: Iron Valiant|spd|1\n|-enditem|p1a: Snorlax|Sitrus Berry|[eat]\n|-heal|p1a: Snorlax|42\/100|[from] item: Sitrus Berry\n|move|p1a: Snorlax|Gunk Shot|p2a: Iron Valiant\n|-supereffective|p2a: Iron Valiant\n|-damage|p2a: Iron Valiant|0 fnt\n|faint|p2a: Iron Valiant\n|-end|p2a: Iron Valiant|Quark Drive|[silent]\n|\n|upkeep\n|\n|t:|1700817013\n|switch|p2a: Ogerpon|Ogerpon-Wellspring, F|100\/100\n|turn|8\n|\n|t:|1700817028\n|move|p2a: Ogerpon|Ivy Cudgel|p1a: Snorlax|[anim] Ivy Cudgel Water\n|-damage|p1a: Snorlax|1\/100\n|move|p1a: Snorlax|Gunk Shot|p2a: Ogerpon\n|-supereffective|p2a: Ogerpon\n|-damage|p2a: Ogerpon|0 fnt\n|faint|p2a: Ogerpon\n|\n|-fieldend|move: Electric Terrain\n|upkeep\n|\n|t:|1700817031\n|switch|p2a: Tapu Koko|Tapu Koko, tera:Electric|100\/100\n|-fieldstart|move: Electric Terrain|[from] ability: Electric Surge|[of] p2a: Tapu Koko\n|turn|9\n|\n|t:|1700817041\n|move|p2a: Tapu Koko|Thunderbolt|p1a: Snorlax\n|-damage|p1a: Snorlax|0 fnt\n|faint|p1a: Snorlax\n|\n|upkeep\n|inactive|Battle timer is ON: inactive players will automatically lose when time's up. (requested by ZachPlay)\n|\n|t:|1700817053\n|switch|p1a: Venomoth|Venomoth, F|100\/100\n|-damage|p1a: Venomoth|88\/100|[from] Spikes\n|turn|10\n|\n|t:|1700817061\n|move|p2a: Tapu Koko|Thunderbolt|p1a: Venomoth\n|-damage|p1a: Venomoth|0 fnt\n|faint|p1a: Venomoth\n|\n|upkeep\n|\n|t:|1700817067\n|switch|p1a: Clefable|Clefable, F|100\/100\n|turn|11\n|\n|t:|1700817073\n|move|p2a: Tapu Koko|Thunderbolt|p1a: Clefable\n|-crit|p1a: Clefable\n|-damage|p1a: Clefable|0 fnt\n|faint|p1a: Clefable\n|\n|upkeep\n|\n|t:|1700817079\n|switch|p1a: Wormadam|Wormadam-Trash, F|100\/100\n|-damage|p1a: Wormadam|88\/100|[from] Spikes\n|turn|12\n|\n|t:|1700817086\n|move|p2a: Tapu Koko|Thunderbolt|p1a: Wormadam\n|-damage|p1a: Wormadam|0 fnt\n|faint|p1a: Wormadam\n|\n|upkeep\n|\n|t:|1700817091\n|switch|p1a: Manaphy|Manaphy|100\/100\n|-damage|p1a: Manaphy|88\/100|[from] Spikes\n|turn|13\n|\n|t:|1700817096\n|move|p2a: Tapu Koko|Thunderbolt|p1a: Manaphy\n|-supereffective|p1a: Manaphy\n|-damage|p1a: Manaphy|0 fnt\n|faint|p1a: Manaphy\n|\n|win|ZachPlay\n|raw|Milan_fourie123's rating: 1107 &rarr; <strong>1083<\/strong><br \/>(-24 for losing)\n|raw|ZachPlay's rating: 1124 &rarr; <strong>1148<\/strong><br \/>(+24 for winning)\n","uploadtime":1700817101,"views":4,"p1id":"milanfourie123","p2id":"zachplay","formatid":"gen9nationaldex","rating":1083,"private":0,"password":""}