{"id":"gen9nationaldex-1992497480","p1":"Myrgetabrakke","p2":"ringuwu","format":"[Gen 9] National Dex","log":"|j|\u2606Myrgetabrakke\n|j|\u2606ringuwu\n|t:|1700195205\n|gametype|singles\n|player|p1|Myrgetabrakke|cynthia|\n|player|p2|ringuwu|larry|\n|teamsize|p1|6\n|teamsize|p2|6\n|gen|9\n|tier|[Gen 9] National Dex\n|rule|HP Percentage Mod: HP is shown in percentages\n|rule|Endless Battle Clause: Forcing endless battles is banned\n|rule|OHKO Clause: OHKO moves are banned\n|rule|Evasion Clause: Evasion abilities, items, and moves are banned\n|rule|Evasion Abilities Clause: Evasion abilities are banned\n|rule|Evasion Items Clause: Evasion items are banned\n|rule|Evasion Moves Clause: Evasion moves are banned\n|rule|Species Clause: Limit one of each Pok\u00e9mon\n|rule|Sleep Clause Mod: Limit one foe put to sleep\n|clearpoke\n|poke|p1|Shuckle, M|\n|poke|p1|Tyranitar, F|\n|poke|p1|Cradily, M|\n|poke|p1|Glimmora, F|\n|poke|p1|Arcanine-Hisui, F|\n|poke|p1|Garganacl, F|\n|poke|p2|Toxapex, M|\n|poke|p2|Muk-Alola, M|\n|poke|p2|Nidoking, M|\n|poke|p2|Glimmora, F|\n|poke|p2|Crobat, M|\n|poke|p2|Overqwil, M|\n|teampreview\n|\n|t:|1700195246\n|start\n|switch|p1a: the noodler|Shuckle, M|100\/100\n|switch|p2a: The Big Mammal|Crobat, M|100\/100\n|turn|1\n|\n|t:|1700195267\n|switch|p1a: crusty dawg|Arcanine-Hisui, F|100\/100\n|move|p2a: The Big Mammal|Nasty Plot|p2a: The Big Mammal\n|-boost|p2a: The Big Mammal|spa|2\n|\n|upkeep\n|turn|2\n|\n|t:|1700195308\n|move|p1a: crusty dawg|Head Smash|p2a: The Big Mammal\n|-supereffective|p2a: The Big Mammal\n|-damage|p2a: The Big Mammal|0 fnt\n|faint|p2a: The Big Mammal\n|\n|upkeep\n|j| LazuIi\n|\n|t:|1700195335\n|switch|p2a: Brian Quinn|Overqwil, M|100\/100\n|-ability|p2a: Brian Quinn|Intimidate|boost\n|-unboost|p1a: crusty dawg|atk|1\n|turn|3\n|\n|t:|1700195358\n|switch|p1a: soggy meganium|Cradily, M|100\/100\n|-terastallize|p2a: Brian Quinn|Water\n|move|p2a: Brian Quinn|Toxic Spikes|p1a: soggy meganium\n|-sidestart|p1: Myrgetabrakke|move: Toxic Spikes\n|\n|upkeep\n|turn|4\n|\n|t:|1700195382\n|switch|p2a: THE BLOB|Muk-Alola, M|100\/100\n|move|p1a: soggy meganium|Energy Ball|p2a: THE BLOB\n|-resisted|p2a: THE BLOB\n|-damage|p2a: THE BLOB|89\/100\n|\n|upkeep\n|turn|5\n|\n|t:|1700195412\n|switch|p1a: BIG GUY|Garganacl, F|100\/100\n|move|p2a: THE BLOB|Drain Punch|p1a: BIG GUY\n|-supereffective|p1a: BIG GUY\n|-damage|p1a: BIG GUY|64\/100\n|-heal|p2a: THE BLOB|100\/100|[from] drain|[of] p1a: BIG GUY\n|-damage|p2a: THE BLOB|84\/100|[from] item: Rocky Helmet|[of] p1a: BIG GUY\n|\n|upkeep\n|turn|6\n|\n|t:|1700195426\n|switch|p2a: Gabbagoo|Glimmora, F|100\/100\n|move|p1a: BIG GUY|Recover|p1a: BIG GUY\n|-heal|p1a: BIG GUY|100\/100\n|\n|upkeep\n|turn|7\n|\n|t:|1700195462\n|switch|p1a: edaters dream|Glimmora, F|100\/100\n|-item|p1a: edaters dream|Air Balloon\n|move|p2a: Gabbagoo|Earth Power|p1a: edaters dream\n|-immune|p1a: edaters dream\n|\n|upkeep\n|turn|8\n|\n|t:|1700195478\n|move|p1a: edaters dream|Toxic|p2a: Gabbagoo\n|-status|p2a: Gabbagoo|tox\n|move|p2a: Gabbagoo|Power Gem|p1a: edaters dream\n|-damage|p1a: edaters dream|45\/100\n|-enditem|p1a: edaters dream|Air Balloon\n|\n|-damage|p2a: Gabbagoo|94\/100 tox|[from] psn\n|upkeep\n|turn|9\n|\n|t:|1700195519\n|move|p1a: edaters dream|Mortal Spin|p2a: Gabbagoo\n|-resisted|p2a: Gabbagoo\n|-damage|p2a: Gabbagoo|93\/100 tox\n|-damage|p1a: edaters dream|28\/100|[from] item: Rocky Helmet|[of] p2a: Gabbagoo\n|-activate|p2a: Gabbagoo|ability: Toxic Debris\n|-sidestart|p1: Myrgetabrakke|move: Toxic Spikes\n|-sideend|p1: Myrgetabrakke|Toxic Spikes|[from] move: Mortal Spin|[of] p1a: edaters dream\n|move|p2a: Gabbagoo|Earth Power|p1a: edaters dream\n|-supereffective|p1a: edaters dream\n|-damage|p1a: edaters dream|0 fnt\n|faint|p1a: edaters dream\n|\n|-damage|p2a: Gabbagoo|81\/100 tox|[from] psn\n|upkeep\n|\n|t:|1700195576\n|switch|p1a: the noodler|Shuckle, M|100\/100\n|turn|10\n|\n|t:|1700195594\n|switch|p2a: Brian Quinn|Overqwil, M, tera:Water|100\/100\n|-ability|p2a: Brian Quinn|Intimidate|boost\n|-boost|p1a: the noodler|atk|1\n|move|p1a: the noodler|Infestation|p2a: Brian Quinn\n|-damage|p2a: Brian Quinn|98\/100\n|-activate|p2a: Brian Quinn|move: Infestation|[of] p1a: the noodler\n|-enditem|p2a: Brian Quinn|Red Card|[of] p1a: the noodler\n|drag|p1a: mr prickles|Tyranitar, F|100\/100\n|-weather|Sandstorm|[from] ability: Sand Stream|[of] p1a: mr prickles\n|\n|-weather|Sandstorm|[upkeep]\n|-damage|p2a: Brian Quinn|92\/100|[from] Sandstorm\n|-end|p2a: Brian Quinn|Infestation|[partiallytrapped]|[silent]\n|upkeep\n|turn|11\n|\n|t:|1700195678\n|switch|p1a: soggy meganium|Cradily, M|100\/100\n|move|p2a: Brian Quinn|Liquidation|p1a: soggy meganium\n|-ability|p1a: soggy meganium|Storm Drain|boost\n|-boost|p1a: soggy meganium|spa|1\n|\n|-weather|Sandstorm|[upkeep]\n|-damage|p2a: Brian Quinn|86\/100|[from] Sandstorm\n|upkeep\n|turn|12\n|\n|t:|1700195713\n|switch|p2a: THE BLOB|Muk-Alola, M|84\/100\n|move|p1a: soggy meganium|Leech Seed|p2a: THE BLOB\n|-start|p2a: THE BLOB|move: Leech Seed\n|\n|-weather|Sandstorm|[upkeep]\n|-damage|p2a: THE BLOB|78\/100|[from] Sandstorm\n|-damage|p2a: THE BLOB|65\/100|[from] Leech Seed|[of] p1a: soggy meganium\n|upkeep\n|turn|13\n|\n|t:|1700195745\n|switch|p1a: BIG GUY|Garganacl, F|100\/100\n|move|p2a: THE BLOB|Knock Off|p1a: BIG GUY\n|-damage|p1a: BIG GUY|64\/100\n|-damage|p2a: THE BLOB|49\/100|[from] item: Rocky Helmet|[of] p1a: BIG GUY\n|-enditem|p1a: BIG GUY|Rocky Helmet|[from] move: Knock Off|[of] p2a: THE BLOB\n|\n|-weather|Sandstorm|[upkeep]\n|-damage|p2a: THE BLOB|43\/100|[from] Sandstorm\n|-damage|p2a: THE BLOB|30\/100|[from] Leech Seed|[of] p1a: BIG GUY\n|-heal|p1a: BIG GUY|77\/100|[silent]\n|upkeep\n|turn|14\n|\n|t:|1700195764\n|switch|p2a: Brian Quinn|Overqwil, M, tera:Water|86\/100\n|-ability|p2a: Brian Quinn|Intimidate|boost\n|-unboost|p1a: BIG GUY|atk|1\n|move|p1a: BIG GUY|Salt Cure|p2a: Brian Quinn\n|-damage|p2a: Brian Quinn|79\/100\n|-start|p2a: Brian Quinn|Salt Cure\n|\n|-weather|none\n|-damage|p2a: Brian Quinn|54\/100|[from] Salt Cure\n|upkeep\n|turn|15\n|\n|t:|1700195786\n|switch|p2a: Mr.KingsportKaiju|Nidoking, M|100\/100\n|move|p1a: BIG GUY|Recover|p1a: BIG GUY\n|-heal|p1a: BIG GUY|100\/100\n|\n|upkeep\n|turn|16\n|\n|t:|1700195799\n|switch|p1a: mr prickles|Tyranitar, F|100\/100\n|-weather|Sandstorm|[from] ability: Sand Stream|[of] p1a: mr prickles\n|move|p2a: Mr.KingsportKaiju|Earth Power|p1a: mr prickles\n|-supereffective|p1a: mr prickles\n|-damage|p1a: mr prickles|56\/100\n|\n|-weather|Sandstorm|[upkeep]\n|upkeep\n|turn|17\n|\n|t:|1700195836\n|switch|p1a: crusty dawg|Arcanine-Hisui, F|100\/100\n|move|p2a: Mr.KingsportKaiju|Earth Power|p1a: crusty dawg\n|-supereffective|p1a: crusty dawg\n|-damage|p1a: crusty dawg|0 fnt\n|faint|p1a: crusty dawg\n|\n|-weather|Sandstorm|[upkeep]\n|upkeep\n|\n|t:|1700195854\n|switch|p1a: the noodler|Shuckle, M|100\/100\n|turn|18\n|\n|t:|1700195865\n|switch|p2a: Gabbagoo|Glimmora, F|81\/100 tox\n|move|p1a: the noodler|Sticky Web|p2a: Gabbagoo\n|-sidestart|p2: ringuwu|move: Sticky Web\n|\n|-weather|Sandstorm|[upkeep]\n|-damage|p2a: Gabbagoo|74\/100 tox|[from] psn\n|upkeep\n|turn|19\n|\n|t:|1700195873\n|move|p2a: Gabbagoo|Mortal Spin|p1a: the noodler\n|-resisted|p1a: the noodler\n|-damage|p1a: the noodler|99\/100\n|-status|p1a: the noodler|psn\n|-sideend|p2: ringuwu|Sticky Web|[from] move: Mortal Spin|[of] p2a: Gabbagoo\n|move|p1a: the noodler|Infestation|p2a: Gabbagoo\n|-resisted|p2a: Gabbagoo\n|-damage|p2a: Gabbagoo|73\/100 tox\n|-activate|p2a: Gabbagoo|move: Infestation|[of] p1a: the noodler\n|-damage|p1a: the noodler|82\/100 psn|[from] item: Rocky Helmet|[of] p2a: Gabbagoo\n|\n|-weather|Sandstorm|[upkeep]\n|-heal|p1a: the noodler|89\/100 psn|[from] item: Leftovers\n|-damage|p2a: Gabbagoo|61\/100 tox|[from] psn\n|-damage|p1a: the noodler|76\/100 psn|[from] psn\n|-damage|p2a: Gabbagoo|49\/100 tox|[from] move: Infestation|[partiallytrapped]\n|upkeep\n|turn|20\n|\n|t:|1700195902\n|move|p2a: Gabbagoo|Power Gem|p1a: the noodler\n|-supereffective|p1a: the noodler\n|-damage|p1a: the noodler|39\/100 psn\n|move|p1a: the noodler|Sticky Web|p2a: Gabbagoo\n|-sidestart|p2: ringuwu|move: Sticky Web\n|\n|-weather|none\n|-heal|p1a: the noodler|45\/100 psn|[from] item: Leftovers\n|-damage|p2a: Gabbagoo|30\/100 tox|[from] psn\n|-damage|p1a: the noodler|32\/100 psn|[from] psn\n|-damage|p2a: Gabbagoo|18\/100 tox|[from] move: Infestation|[partiallytrapped]\n|upkeep\n|turn|21\n|\n|t:|1700195940\n|move|p2a: Gabbagoo|Mortal Spin|p1a: the noodler\n|-resisted|p1a: the noodler\n|-crit|p1a: the noodler\n|-damage|p1a: the noodler|30\/100 psn\n|-sideend|p2: ringuwu|Sticky Web|[from] move: Mortal Spin|[of] p2a: Gabbagoo\n|-end|p2a: Gabbagoo|Infestation|[partiallytrapped]\n|move|p1a: the noodler|Sticky Web|p2a: Gabbagoo\n|-sidestart|p2: ringuwu|move: Sticky Web\n|\n|-heal|p1a: the noodler|36\/100 psn|[from] item: Leftovers\n|-damage|p2a: Gabbagoo|0 fnt|[from] psn\n|faint|p2a: Gabbagoo\n|-damage|p1a: the noodler|24\/100 psn|[from] psn\n|upkeep\n|\n|t:|1700195956\n|switch|p2a: Brian Quinn|Overqwil, M, tera:Water|54\/100\n|-activate|p2a: Brian Quinn|move: Sticky Web\n|-unboost|p2a: Brian Quinn|spe|1\n|-ability|p2a: Brian Quinn|Intimidate|boost\n|-boost|p1a: the noodler|atk|1\n|turn|22\n|\n|t:|1700195964\n|move|p2a: Brian Quinn|Toxic Spikes|p1a: the noodler\n|-sidestart|p1: Myrgetabrakke|move: Toxic Spikes\n|move|p1a: the noodler|Stealth Rock|p2a: Brian Quinn\n|-sidestart|p2: ringuwu|move: Stealth Rock\n|\n|-heal|p1a: the noodler|30\/100 psn|[from] item: Leftovers\n|-damage|p1a: the noodler|18\/100 psn|[from] psn\n|upkeep\n|turn|23\n|\n|t:|1700195989\n|switch|p1a: BIG GUY|Garganacl, F|100\/100\n|move|p2a: Brian Quinn|Barb Barrage|p1a: BIG GUY\n|-resisted|p1a: BIG GUY\n|-damage|p1a: BIG GUY|93\/100\n|\n|upkeep\n|turn|24\n|\n|t:|1700196041\n|switch|p2a: Mr.KingsportKaiju|Nidoking, M|100\/100\n|-activate|p2a: Mr.KingsportKaiju|move: Sticky Web\n|-unboost|p2a: Mr.KingsportKaiju|spe|1\n|-damage|p2a: Mr.KingsportKaiju|95\/100|[from] Stealth Rock\n|-terastallize|p1a: BIG GUY|Water\n|move|p1a: BIG GUY|Salt Cure|p2a: Mr.KingsportKaiju\n|-resisted|p2a: Mr.KingsportKaiju\n|-damage|p2a: Mr.KingsportKaiju|84\/100\n|-start|p2a: Mr.KingsportKaiju|Salt Cure\n|\n|-damage|p2a: Mr.KingsportKaiju|72\/100|[from] Salt Cure\n|upkeep\n|turn|25\n|\n|t:|1700196055\n|move|p1a: BIG GUY|Protect|p1a: BIG GUY\n|-singleturn|p1a: BIG GUY|Protect\n|move|p2a: Mr.KingsportKaiju|Thunderbolt|p1a: BIG GUY\n|-activate|p1a: BIG GUY|move: Protect\n|\n|-damage|p2a: Mr.KingsportKaiju|60\/100|[from] Salt Cure\n|upkeep\n|turn|26\n|\n|t:|1700196079\n|switch|p1a: soggy meganium|Cradily, M|100\/100\n|-status|p1a: soggy meganium|psn\n|move|p2a: Mr.KingsportKaiju|Thunderbolt|p1a: soggy meganium\n|-resisted|p1a: soggy meganium\n|-damage|p1a: soggy meganium|88\/100 psn\n|\n|-heal|p1a: soggy meganium|94\/100 psn|[from] item: Leftovers\n|-damage|p1a: soggy meganium|82\/100 psn|[from] psn\n|-damage|p2a: Mr.KingsportKaiju|48\/100|[from] Salt Cure\n|upkeep\n|turn|27\n|\n|t:|1700196097\n|switch|p2a: ThatWretchedThing|Toxapex, M|100\/100\n|-activate|p2a: ThatWretchedThing|move: Sticky Web\n|-unboost|p2a: ThatWretchedThing|spe|1\n|-damage|p2a: ThatWretchedThing|88\/100|[from] Stealth Rock\n|move|p1a: soggy meganium|Sandstorm|p1a: soggy meganium\n|-weather|Sandstorm\n|\n|-weather|Sandstorm|[upkeep]\n|-damage|p2a: ThatWretchedThing|82\/100|[from] Sandstorm\n|-heal|p1a: soggy meganium|88\/100 psn|[from] item: Leftovers\n|-damage|p1a: soggy meganium|75\/100 psn|[from] psn\n|upkeep\n|turn|28\n|\n|t:|1700196129\n|move|p1a: soggy meganium|Leech Seed|p2a: ThatWretchedThing\n|-start|p2a: ThatWretchedThing|move: Leech Seed\n|move|p2a: ThatWretchedThing|Surf|p1a: soggy meganium\n|-ability|p1a: soggy meganium|Storm Drain|boost\n|-boost|p1a: soggy meganium|spa|1\n|\n|-weather|Sandstorm|[upkeep]\n|-damage|p2a: ThatWretchedThing|76\/100|[from] Sandstorm\n|-heal|p1a: soggy meganium|81\/100 psn|[from] item: Leftovers\n|-damage|p2a: ThatWretchedThing|64\/100|[from] Leech Seed|[of] p1a: soggy meganium\n|-heal|p1a: soggy meganium|91\/100 psn|[silent]\n|-damage|p1a: soggy meganium|79\/100 psn|[from] psn\n|upkeep\n|turn|29\n|\n|t:|1700196145\n|move|p1a: soggy meganium|Energy Ball|p2a: ThatWretchedThing\n|-damage|p2a: ThatWretchedThing|43\/100\n|-unboost|p2a: ThatWretchedThing|spd|1\n|move|p2a: ThatWretchedThing|Venoshock|p1a: soggy meganium\n|-crit|p1a: soggy meganium\n|-damage|p1a: soggy meganium|52\/100 psn\n|\n|-weather|Sandstorm|[upkeep]\n|-damage|p2a: ThatWretchedThing|37\/100|[from] Sandstorm\n|-heal|p1a: soggy meganium|58\/100 psn|[from] item: Leftovers\n|-damage|p2a: ThatWretchedThing|25\/100|[from] Leech Seed|[of] p1a: soggy meganium\n|-heal|p1a: soggy meganium|68\/100 psn|[silent]\n|-damage|p1a: soggy meganium|55\/100 psn|[from] psn\n|upkeep\n|turn|30\n|\n|t:|1700196163\n|move|p1a: soggy meganium|Energy Ball|p2a: ThatWretchedThing\n|-damage|p2a: ThatWretchedThing|0 fnt\n|faint|p2a: ThatWretchedThing\n|\n|-weather|Sandstorm|[upkeep]\n|-heal|p1a: soggy meganium|61\/100 psn|[from] item: Leftovers\n|-damage|p1a: soggy meganium|49\/100 psn|[from] psn\n|upkeep\n|\n|t:|1700196190\n|switch|p2a: THE BLOB|Muk-Alola, M|30\/100\n|-activate|p2a: THE BLOB|move: Sticky Web\n|-unboost|p2a: THE BLOB|spe|1\n|-damage|p2a: THE BLOB|18\/100|[from] Stealth Rock\n|turn|31\n|\n|t:|1700196209\n|move|p1a: soggy meganium|Leech Seed|p2a: THE BLOB|[miss]\n|-miss|p1a: soggy meganium|p2a: THE BLOB\n|move|p2a: THE BLOB|Drain Punch|p1a: soggy meganium\n|-supereffective|p1a: soggy meganium\n|-damage|p1a: soggy meganium|0 fnt\n|-heal|p2a: THE BLOB|40\/100|[from] drain|[of] p1a: soggy meganium\n|faint|p1a: soggy meganium\n|\n|-weather|none\n|upkeep\n|\n|t:|1700196222\n|switch|p1a: mr prickles|Tyranitar, F|56\/100\n|-status|p1a: mr prickles|psn\n|-weather|Sandstorm|[from] ability: Sand Stream|[of] p1a: mr prickles\n|turn|32\n|\n|t:|1700196232\n|move|p1a: mr prickles|Earthquake|p2a: THE BLOB\n|-supereffective|p2a: THE BLOB\n|-damage|p2a: THE BLOB|0 fnt\n|faint|p2a: THE BLOB\n|\n|-weather|Sandstorm|[upkeep]\n|-damage|p1a: mr prickles|44\/100 psn|[from] psn\n|upkeep\n|\n|t:|1700196251\n|switch|p2a: Brian Quinn|Overqwil, M, tera:Water|54\/100\n|-activate|p2a: Brian Quinn|move: Sticky Web\n|-unboost|p2a: Brian Quinn|spe|1\n|-damage|p2a: Brian Quinn|42\/100|[from] Stealth Rock\n|-ability|p2a: Brian Quinn|Intimidate|boost\n|-unboost|p1a: mr prickles|atk|1\n|turn|33\n|\n|t:|1700196267\n|switch|p1a: the noodler|Shuckle, M|18\/100 psn\n|move|p2a: Brian Quinn|Liquidation|p1a: the noodler\n|-supereffective|p1a: the noodler\n|-damage|p1a: the noodler|0 fnt\n|faint|p1a: the noodler\n|\n|-weather|Sandstorm|[upkeep]\n|-damage|p2a: Brian Quinn|35\/100|[from] Sandstorm\n|upkeep\n|\n|t:|1700196276\n|switch|p1a: BIG GUY|Garganacl, F, tera:Water|93\/100\n|turn|34\n|\n|t:|1700196281\n|move|p2a: Brian Quinn|Barb Barrage|p1a: BIG GUY\n|-damage|p1a: BIG GUY|78\/100\n|move|p1a: BIG GUY|Salt Cure|p2a: Brian Quinn\n|-damage|p2a: Brian Quinn|23\/100\n|-start|p2a: Brian Quinn|Salt Cure\n|\n|-weather|Sandstorm|[upkeep]\n|-damage|p2a: Brian Quinn|17\/100|[from] Sandstorm\n|-damage|p1a: BIG GUY|72\/100|[from] Sandstorm\n|-damage|p2a: Brian Quinn|0 fnt|[from] Salt Cure\n|faint|p2a: Brian Quinn\n|upkeep\n|\n|t:|1700196290\n|switch|p2a: Mr.KingsportKaiju|Nidoking, M|48\/100\n|-activate|p2a: Mr.KingsportKaiju|move: Sticky Web\n|-unboost|p2a: Mr.KingsportKaiju|spe|1\n|-damage|p2a: Mr.KingsportKaiju|42\/100|[from] Stealth Rock\n|turn|35\n|\n|t:|1700196310\n|move|p1a: BIG GUY|Protect|p1a: BIG GUY\n|-singleturn|p1a: BIG GUY|Protect\n|move|p2a: Mr.KingsportKaiju|Thunderbolt|p1a: BIG GUY\n|-activate|p1a: BIG GUY|move: Protect\n|\n|-weather|Sandstorm|[upkeep]\n|-damage|p1a: BIG GUY|66\/100|[from] Sandstorm\n|upkeep\n|turn|36\n|\n|t:|1700196319\n|move|p2a: Mr.KingsportKaiju|Thunderbolt|p1a: BIG GUY\n|-supereffective|p1a: BIG GUY\n|-damage|p1a: BIG GUY|0 fnt\n|faint|p1a: BIG GUY\n|\n|-weather|none\n|upkeep\n|\n|t:|1700196324\n|switch|p1a: mr prickles|Tyranitar, F|44\/100 psn\n|-weather|Sandstorm|[from] ability: Sand Stream|[of] p1a: mr prickles\n|turn|37\n|\n|t:|1700196354\n|move|p2a: Mr.KingsportKaiju|Earth Power|p1a: mr prickles\n|-supereffective|p1a: mr prickles\n|-crit|p1a: mr prickles\n|-damage|p1a: mr prickles|0 fnt\n|faint|p1a: mr prickles\n|\n|win|ringuwu\n|l| LazuIi\n","uploadtime":1700196387,"views":5,"p1id":"myrgetabrakke","p2id":"ringuwu","formatid":"gen9nationaldex","rating":0,"private":0,"password":""}