{"id":"gen9nationaldex-1992404380","p1":"nerdbrain","p2":"August1923","format":"[Gen 9] National Dex","log":"|j|\u2606nerdbrain\n|j|\u2606August1923\n|t:|1700183639\n|gametype|singles\n|player|p1|nerdbrain|cynthia-gen4|1350\n|player|p2|August1923|brock|1320\n|teamsize|p1|6\n|teamsize|p2|6\n|gen|9\n|tier|[Gen 9] National Dex\n|rated|\n|rule|HP Percentage Mod: HP is shown in percentages\n|rule|Endless Battle Clause: Forcing endless battles is banned\n|rule|OHKO Clause: OHKO moves are banned\n|rule|Evasion Clause: Evasion abilities, items, and moves are banned\n|rule|Evasion Abilities Clause: Evasion abilities are banned\n|rule|Evasion Items Clause: Evasion items are banned\n|rule|Evasion Moves Clause: Evasion moves are banned\n|rule|Species Clause: Limit one of each Pok\u00e9mon\n|rule|Sleep Clause Mod: Limit one foe put to sleep\n|clearpoke\n|poke|p1|Thundurus-Therian, M|\n|poke|p1|Samurott-Hisui, M|\n|poke|p1|Ting-Lu|\n|poke|p1|Gliscor, F|\n|poke|p1|Lopunny, F|\n|poke|p1|Alomomola, F|\n|poke|p2|Skeledirge, F|\n|poke|p2|Corviknight, M|\n|poke|p2|Medicham, M|\n|poke|p2|Zapdos|\n|poke|p2|Gliscor, M|\n|poke|p2|Tapu Lele|\n|teampreview\n|inactive|Battle timer is ON: inactive players will automatically lose when time's up. (requested by August1923)\n|\n|t:|1700183654\n|start\n|switch|p1a: Samurott|Samurott-Hisui, M|100\/100\n|switch|p2a: Gliscor|Gliscor, M|100\/100\n|turn|1\n|\n|t:|1700183670\n|switch|p2a: Corviknight|Corviknight, M|100\/100\n|-ability|p2a: Corviknight|Pressure\n|move|p1a: Samurott|Aqua Cutter|p2a: Corviknight\n|-damage|p2a: Corviknight|63\/100\n|\n|-heal|p2a: Corviknight|69\/100|[from] item: Leftovers\n|upkeep\n|turn|2\n|\n|t:|1700183678\n|switch|p1a: Thundurus|Thundurus-Therian, M|100\/100\n|move|p2a: Corviknight|Iron Defense|p2a: Corviknight\n|-boost|p2a: Corviknight|def|2\n|\n|-heal|p2a: Corviknight|75\/100|[from] item: Leftovers\n|upkeep\n|turn|3\n|\n|t:|1700183701\n|switch|p2a: Skeledirge|Skeledirge, F|100\/100\n|move|p1a: Thundurus|Hidden Power|p2a: Skeledirge\n|-resisted|p2a: Skeledirge\n|-damage|p2a: Skeledirge|89\/100\n|\n|upkeep\n|turn|4\n|\n|t:|1700183724\n|switch|p1a: Ting-Lu|Ting-Lu|100\/100\n|-ability|p1a: Ting-Lu|Vessel of Ruin\n|move|p2a: Skeledirge|Torch Song|p1a: Ting-Lu\n|-damage|p1a: Ting-Lu|89\/100\n|-boost|p2a: Skeledirge|spa|1\n|\n|-heal|p1a: Ting-Lu|95\/100|[from] item: Leftovers\n|upkeep\n|turn|5\n|\n|t:|1700183735\n|move|p2a: Skeledirge|Will-O-Wisp|p1a: Ting-Lu|[miss]\n|-miss|p2a: Skeledirge|p1a: Ting-Lu\n|move|p1a: Ting-Lu|Whirlwind|p2a: Skeledirge\n|drag|p2a: Medicham|Medicham, M|100\/100\n|\n|-heal|p1a: Ting-Lu|100\/100|[from] item: Leftovers\n|upkeep\n|turn|6\n|\n|t:|1700183746\n|switch|p1a: Gliscor|Gliscor, F|100\/100\n|detailschange|p2a: Medicham|Medicham-Mega, M\n|-mega|p2a: Medicham|Medicham|Medichamite\n|move|p2a: Medicham|Fake Out|p1a: Gliscor\n|-damage|p1a: Gliscor|87\/100\n|\n|-status|p1a: Gliscor|tox|[from] item: Toxic Orb\n|upkeep\n|turn|7\n|\n|t:|1700183762\n|switch|p2a: Tapu Lele|Tapu Lele|100\/100\n|-fieldstart|move: Psychic Terrain|[from] ability: Psychic Surge|[of] p2a: Tapu Lele\n|move|p1a: Gliscor|Earthquake|p2a: Tapu Lele\n|-damage|p2a: Tapu Lele|45\/100\n|\n|-heal|p1a: Gliscor|99\/100 tox|[from] ability: Poison Heal\n|upkeep\n|turn|8\n|\n|t:|1700183778\n|move|p2a: Tapu Lele|Psychic|p1a: Gliscor\n|-damage|p1a: Gliscor|0 fnt\n|faint|p1a: Gliscor\n|-damage|p2a: Tapu Lele|35\/100|[from] item: Life Orb\n|\n|upkeep\n|\n|t:|1700183808\n|switch|p1a: Ting-Lu|Ting-Lu|100\/100\n|-ability|p1a: Ting-Lu|Vessel of Ruin\n|turn|9\n|\n|t:|1700183813\n|move|p2a: Tapu Lele|Moonblast|p1a: Ting-Lu\n|-supereffective|p1a: Ting-Lu\n|-damage|p1a: Ting-Lu|44\/100\n|-damage|p2a: Tapu Lele|25\/100|[from] item: Life Orb\n|move|p1a: Ting-Lu|Stealth Rock|p2a: Tapu Lele\n|-sidestart|p2: August1923|move: Stealth Rock\n|\n|-heal|p1a: Ting-Lu|50\/100|[from] item: Leftovers\n|upkeep\n|turn|10\n|inactive|nerdbrain has 120 seconds left.\n|\n|t:|1700183852\n|-terastallize|p1a: Ting-Lu|Ghost\n|move|p2a: Tapu Lele|Moonblast|p1a: Ting-Lu\n|-damage|p1a: Ting-Lu|24\/100\n|-damage|p2a: Tapu Lele|15\/100|[from] item: Life Orb\n|move|p1a: Ting-Lu|Earthquake|p2a: Tapu Lele\n|-damage|p2a: Tapu Lele|0 fnt\n|faint|p2a: Tapu Lele\n|\n|-heal|p1a: Ting-Lu|30\/100|[from] item: Leftovers\n|upkeep\n|\n|t:|1700183867\n|switch|p2a: Skeledirge|Skeledirge, F|89\/100\n|turn|11\n|inactive|nerdbrain has 120 seconds left.\n|\n|t:|1700183880\n|switch|p1a: Alomomola|Alomomola, F|100\/100\n|move|p2a: Skeledirge|Hex|p1a: Alomomola\n|-damage|p1a: Alomomola|70\/100\n|\n|-heal|p1a: Alomomola|76\/100|[from] item: Leftovers\n|-fieldend|move: Psychic Terrain\n|upkeep\n|turn|12\n|inactive|nerdbrain has 120 seconds left.\n|\n|t:|1700183887\n|move|p2a: Skeledirge|Will-O-Wisp|p1a: Alomomola\n|-status|p1a: Alomomola|brn\n|move|p1a: Alomomola|Wish|p1a: Alomomola\n|\n|-heal|p1a: Alomomola|83\/100 brn|[from] item: Leftovers\n|-damage|p1a: Alomomola|76\/100 brn|[from] brn\n|upkeep\n|turn|13\n|\n|t:|1700183894\n|move|p2a: Skeledirge|Torch Song|p1a: Alomomola\n|-resisted|p1a: Alomomola\n|-damage|p1a: Alomomola|59\/100 brn\n|-boost|p2a: Skeledirge|spa|1\n|move|p1a: Alomomola|Flip Turn|p2a: Skeledirge\n|-supereffective|p2a: Skeledirge\n|-damage|p2a: Skeledirge|76\/100\n|inactive|nerdbrain has 120 seconds left.\n|\n|t:|1700183919\n|switch|p1a: Ting-Lu|Ting-Lu, tera:Ghost|30\/100|[from] Flip Turn\n|-ability|p1a: Ting-Lu|Vessel of Ruin\n|\n|-heal|p1a: Ting-Lu|82\/100|[from] move: Wish|[wisher] Alomomola\n|-heal|p1a: Ting-Lu|88\/100|[from] item: Leftovers\n|upkeep\n|turn|14\n|\n|t:|1700183929\n|move|p2a: Skeledirge|Will-O-Wisp|p1a: Ting-Lu\n|-status|p1a: Ting-Lu|brn\n|move|p1a: Ting-Lu|Spikes|p2a: Skeledirge\n|-sidestart|p2: August1923|Spikes\n|\n|-heal|p1a: Ting-Lu|94\/100 brn|[from] item: Leftovers\n|-damage|p1a: Ting-Lu|88\/100 brn|[from] brn\n|upkeep\n|turn|15\n|inactive|nerdbrain has 120 seconds left.\n|\n|t:|1700183935\n|switch|p1a: Lopunny|Lopunny, F|100\/100\n|move|p2a: Skeledirge|Hex|p1a: Lopunny\n|-immune|p1a: Lopunny\n|\n|upkeep\n|turn|16\n|\n|t:|1700183940\n|detailschange|p1a: Lopunny|Lopunny-Mega, F\n|-mega|p1a: Lopunny|Lopunny|Lopunnite\n|move|p1a: Lopunny|Fake Out|p2a: Skeledirge\n|-damage|p2a: Skeledirge|58\/100\n|cant|p2a: Skeledirge|flinch\n|\n|upkeep\n|turn|17\n|inactive|nerdbrain has 120 seconds left.\n|\n|t:|1700183963\n|switch|p2a: Gliscor|Gliscor, M|100\/100\n|-damage|p2a: Gliscor|88\/100|[from] Stealth Rock\n|move|p1a: Lopunny|Close Combat|p2a: Gliscor\n|-resisted|p2a: Gliscor\n|-damage|p2a: Gliscor|67\/100\n|-unboost|p1a: Lopunny|def|1\n|-unboost|p1a: Lopunny|spd|1\n|\n|-status|p2a: Gliscor|tox|[from] item: Toxic Orb\n|upkeep\n|turn|18\n|\n|t:|1700183978\n|move|p1a: Lopunny|U-turn|p2a: Gliscor\n|-resisted|p2a: Gliscor\n|-damage|p2a: Gliscor|59\/100 tox\n|inactive|nerdbrain has 120 seconds left.\n|\n|t:|1700184007\n|switch|p1a: Thundurus|Thundurus-Therian, M|100\/100|[from] U-turn\n|move|p2a: Gliscor|Toxic|p1a: Thundurus|[miss]\n|-miss|p2a: Gliscor|p1a: Thundurus\n|\n|-heal|p2a: Gliscor|71\/100 tox|[from] ability: Poison Heal\n|upkeep\n|turn|19\n|inactive|August1923 has 120 seconds left.\n|\n|t:|1700184040\n|switch|p2a: Zapdos|Zapdos|100\/100\n|-damage|p2a: Zapdos|76\/100|[from] Stealth Rock\n|move|p1a: Thundurus|Thunderbolt|p2a: Zapdos\n|-damage|p2a: Zapdos|0 fnt\n|faint|p2a: Zapdos\n|\n|upkeep\n|\n|t:|1700184048\n|switch|p2a: Medicham|Medicham-Mega, M|100\/100\n|-damage|p2a: Medicham|94\/100|[from] Stealth Rock\n|-damage|p2a: Medicham|82\/100|[from] Spikes\n|turn|20\n|inactive|nerdbrain has 120 seconds left.\n|\n|t:|1700184056\n|switch|p1a: Ting-Lu|Ting-Lu, tera:Ghost|88\/100 brn\n|-ability|p1a: Ting-Lu|Vessel of Ruin\n|move|p2a: Medicham|Fake Out|p1a: Ting-Lu\n|-immune|p1a: Ting-Lu\n|\n|-heal|p1a: Ting-Lu|94\/100 brn|[from] item: Leftovers\n|-damage|p1a: Ting-Lu|88\/100 brn|[from] brn\n|upkeep\n|turn|21\n|\n|t:|1700184064\n|move|p2a: Medicham|Psycho Cut|p1a: Ting-Lu\n|-damage|p1a: Ting-Lu|56\/100 brn\n|move|p1a: Ting-Lu|Whirlwind|p2a: Medicham\n|drag|p2a: Gliscor|Gliscor, M|71\/100 tox\n|-damage|p2a: Gliscor|59\/100 tox|[from] Stealth Rock\n|\n|-heal|p1a: Ting-Lu|62\/100 brn|[from] item: Leftovers\n|-heal|p2a: Gliscor|71\/100 tox|[from] ability: Poison Heal\n|-damage|p1a: Ting-Lu|56\/100 brn|[from] brn\n|upkeep\n|turn|22\n|inactive|nerdbrain has 120 seconds left.\n|\n|t:|1700184094\n|move|p2a: Gliscor|Knock Off|p1a: Ting-Lu\n|-supereffective|p1a: Ting-Lu\n|-damage|p1a: Ting-Lu|33\/100 brn\n|-enditem|p1a: Ting-Lu|Leftovers|[from] move: Knock Off|[of] p2a: Gliscor\n|move|p1a: Ting-Lu|Whirlwind|p2a: Gliscor\n|drag|p2a: Skeledirge|Skeledirge, F|58\/100\n|\n|-damage|p1a: Ting-Lu|27\/100 brn|[from] brn\n|upkeep\n|turn|23\n|\n|t:|1700184110\n|switch|p1a: Samurott|Samurott-Hisui, M|100\/100\n|move|p2a: Skeledirge|Slack Off|p2a: Skeledirge\n|-heal|p2a: Skeledirge|100\/100\n|\n|upkeep\n|turn|24\n|\n|t:|1700184116\n|move|p1a: Samurott|Aqua Cutter|p2a: Skeledirge\n|-supereffective|p2a: Skeledirge\n|-damage|p2a: Skeledirge|22\/100\n|move|p2a: Skeledirge|Will-O-Wisp|p1a: Samurott\n|-status|p1a: Samurott|brn\n|\n|-damage|p1a: Samurott|94\/100 brn|[from] brn\n|upkeep\n|turn|25\n|\n|t:|1700184123\n|-terastallize|p2a: Skeledirge|Water\n|move|p1a: Samurott|Aqua Cutter|p2a: Skeledirge\n|-resisted|p2a: Skeledirge\n|-damage|p2a: Skeledirge|12\/100\n|move|p2a: Skeledirge|Slack Off|p2a: Skeledirge\n|-heal|p2a: Skeledirge|62\/100\n|\n|-damage|p1a: Samurott|88\/100 brn|[from] brn\n|upkeep\n|turn|26\n|inactive|nerdbrain has 120 seconds left.\n|\n|t:|1700184152\n|move|p1a: Samurott|Ceaseless Edge|p2a: Skeledirge\n|-damage|p2a: Skeledirge|45\/100\n|-sidestart|p2: August1923|Spikes\n|move|p2a: Skeledirge|Will-O-Wisp|p1a: Samurott\n|-fail|p1a: Samurott|brn\n|\n|-damage|p1a: Samurott|82\/100 brn|[from] brn\n|upkeep\n|turn|27\n|\n|t:|1700184176\n|move|p1a: Samurott|Ceaseless Edge|p2a: Skeledirge\n|-damage|p2a: Skeledirge|27\/100\n|-sidestart|p2: August1923|Spikes\n|move|p2a: Skeledirge|Slack Off|p2a: Skeledirge\n|-heal|p2a: Skeledirge|77\/100\n|\n|-damage|p1a: Samurott|76\/100 brn|[from] brn\n|upkeep\n|turn|28\n|\n|t:|1700184183\n|switch|p1a: Lopunny|Lopunny-Mega, F|100\/100\n|move|p2a: Skeledirge|Torch Song|p1a: Lopunny\n|-damage|p1a: Lopunny|64\/100\n|-boost|p2a: Skeledirge|spa|1\n|\n|upkeep\n|turn|29\n|\n|t:|1700184196\n|move|p1a: Lopunny|Fake Out|p2a: Skeledirge\n|-damage|p2a: Skeledirge|60\/100\n|cant|p2a: Skeledirge|flinch\n|\n|upkeep\n|turn|30\n|\n|t:|1700184209\n|move|p1a: Lopunny|U-turn|p2a: Skeledirge\n|-damage|p2a: Skeledirge|38\/100\n|\n|t:|1700184212\n|switch|p1a: Thundurus|Thundurus-Therian, M|100\/100|[from] U-turn\n|move|p2a: Skeledirge|Will-O-Wisp|p1a: Thundurus\n|-status|p1a: Thundurus|brn\n|\n|-damage|p1a: Thundurus|94\/100 brn|[from] brn\n|upkeep\n|turn|31\n|\n|t:|1700184223\n|move|p1a: Thundurus|Hidden Power|p2a: Skeledirge\n|-resisted|p2a: Skeledirge\n|-damage|p2a: Skeledirge|25\/100\n|move|p2a: Skeledirge|Slack Off|p2a: Skeledirge\n|-heal|p2a: Skeledirge|75\/100\n|\n|-damage|p1a: Thundurus|88\/100 brn|[from] brn\n|upkeep\n|turn|32\n|inactive|August1923 has 120 seconds left.\n|\n|t:|1700184254\n|switch|p1a: Alomomola|Alomomola, F|93\/100 brn\n|move|p2a: Skeledirge|Hex|p1a: Alomomola\n|-damage|p1a: Alomomola|9\/100 brn\n|\n|-heal|p1a: Alomomola|15\/100 brn|[from] item: Leftovers\n|-damage|p1a: Alomomola|9\/100 brn|[from] brn\n|upkeep\n|turn|33\n|inactive|nerdbrain has 120 seconds left.\n|inactive|August1923 has 120 seconds left.\n|\n|t:|1700184274\n|move|p1a: Alomomola|Protect|p1a: Alomomola\n|-singleturn|p1a: Alomomola|Protect\n|move|p2a: Skeledirge|Torch Song|p1a: Alomomola\n|-activate|p1a: Alomomola|move: Protect\n|\n|-heal|p1a: Alomomola|15\/100 brn|[from] item: Leftovers\n|-damage|p1a: Alomomola|9\/100 brn|[from] brn\n|upkeep\n|turn|34\n|\n|t:|1700184278\n|switch|p1a: Lopunny|Lopunny-Mega, F|64\/100\n|move|p2a: Skeledirge|Torch Song|p1a: Lopunny\n|-crit|p1a: Lopunny\n|-damage|p1a: Lopunny|0 fnt\n|-boost|p2a: Skeledirge|spa|1\n|faint|p1a: Lopunny\n|\n|upkeep\n|\n|t:|1700184282\n|switch|p1a: Thundurus|Thundurus-Therian, M|88\/100 brn\n|turn|35\n|\n|t:|1700184296\n|move|p1a: Thundurus|Hidden Power|p2a: Skeledirge\n|-resisted|p2a: Skeledirge\n|-damage|p2a: Skeledirge|63\/100\n|move|p2a: Skeledirge|Hex|p1a: Thundurus\n|-damage|p1a: Thundurus|0 fnt\n|faint|p1a: Thundurus\n|\n|upkeep\n|-message|nerdbrain forfeited.\n|\n|win|August1923\n|raw|nerdbrain's rating: 1350 &rarr; <strong>1328<\/strong><br \/>(-22 for losing)\n|raw|August1923's rating: 1320 &rarr; <strong>1342<\/strong><br \/>(+22 for winning)\n|l|\u2606nerdbrain\n|player|p2|August1923|brock\n","uploadtime":1700184392,"views":7,"p1id":"nerdbrain","p2id":"august1923","formatid":"gen9nationaldex","rating":1328,"private":0,"password":""}