{"id":"gen9nationaldex-1999314425","p1":"TPD JOHTO","p2":"Pursuit Of Perfect","format":"[Gen 9] National Dex","log":"|html|<div class=\"broadcast-blue\"><strong>[Gen 9] National Dex is currently suspecting Sneasler! For information on how to participate check out the <a href=\"https:\/\/www.smogon.com\/forums\/threads\/sv-national-dex-suspect-8-just-dance.3731534\/\">suspect thread<\/a>.<\/strong><\/div>\n|j|\u2606TPD JOHTO\n|j|\u2606Pursuit Of Perfect\n|t:|1701058986\n|gametype|singles\n|player|p1|TPD JOHTO|drayden|1736\n|player|p2|Pursuit Of Perfect|lucy|1757\n|teamsize|p1|6\n|teamsize|p2|6\n|gen|9\n|tier|[Gen 9] National Dex\n|rated|\n|rule|HP Percentage Mod: HP is shown in percentages\n|rule|Endless Battle Clause: Forcing endless battles is banned\n|rule|OHKO Clause: OHKO moves are banned\n|rule|Evasion Clause: Evasion abilities, items, and moves are banned\n|rule|Evasion Abilities Clause: Evasion abilities are banned\n|rule|Evasion Items Clause: Evasion items are banned\n|rule|Evasion Moves Clause: Evasion moves are banned\n|rule|Species Clause: Limit one of each Pok\u00e9mon\n|rule|Sleep Clause Mod: Limit one foe put to sleep\n|clearpoke\n|poke|p1|Raikou|\n|poke|p1|Suicune|\n|poke|p1|Entei|\n|poke|p1|Tyranitar, M|\n|poke|p1|Celebi|\n|poke|p1|Skarmory, F|\n|poke|p2|Slowbro, M|\n|poke|p2|Tyranitar, F|\n|poke|p2|Lopunny, F|\n|poke|p2|Garchomp, F|\n|poke|p2|Corviknight, M|\n|poke|p2|Clefable, F|\n|teampreview\n|inactive|Battle timer is ON: inactive players will automatically lose when time's up. (requested by Pursuit Of Perfect)\n|\n|t:|1701059015\n|start\n|switch|p1a: Kubo|Raikou, shiny|100\/100\n|switch|p2a: Tyranitar|Tyranitar, F|100\/100\n|-ability|p1a: Kubo|Pressure\n|-weather|Sandstorm|[from] ability: Sand Stream|[of] p2a: Tyranitar\n|turn|1\n|\n|t:|1701059021\n|switch|p1a: Scissors|Skarmory, F, shiny|100\/100\n|move|p2a: Tyranitar|Knock Off|p1a: Scissors\n|-damage|p1a: Scissors|48\/100\n|-damage|p2a: Tyranitar|84\/100|[from] item: Rocky Helmet|[of] p1a: Scissors\n|-enditem|p1a: Scissors|Rocky Helmet|[from] move: Knock Off|[of] p2a: Tyranitar\n|\n|-weather|Sandstorm|[upkeep]\n|upkeep\n|turn|2\n|\n|t:|1701059027\n|switch|p2a: Slowbro|Slowbro, M|100\/100\n|move|p1a: Scissors|Roost|p1a: Scissors\n|-heal|p1a: Scissors|98\/100\n|-singleturn|p1a: Scissors|move: Roost\n|\n|-weather|Sandstorm|[upkeep]\n|-damage|p2a: Slowbro|94\/100|[from] Sandstorm\n|upkeep\n|turn|3\n|\n|t:|1701059032\n|switch|p1a: Kubo|Raikou, shiny|100\/100\n|-ability|p1a: Kubo|Pressure\n|move|p2a: Slowbro|Future Sight|p1a: Kubo\n|-start|p2a: Slowbro|move: Future Sight\n|\n|-weather|Sandstorm|[upkeep]\n|-damage|p1a: Kubo|94\/100|[from] Sandstorm\n|-damage|p2a: Slowbro|88\/100|[from] Sandstorm\n|-heal|p1a: Kubo|100\/100|[from] item: Leftovers\n|upkeep\n|turn|4\n|\n|t:|1701059041\n|switch|p2a: Clefable|Clefable, F|100\/100\n|move|p1a: Kubo|Substitute|p1a: Kubo\n|-start|p1a: Kubo|Substitute\n|-damage|p1a: Kubo|76\/100\n|\n|-weather|Sandstorm|[upkeep]\n|-damage|p1a: Kubo|69\/100|[from] Sandstorm\n|-heal|p1a: Kubo|76\/100|[from] item: Leftovers\n|upkeep\n|turn|5\n|\n|t:|1701059049\n|move|p1a: Kubo|Calm Mind|p1a: Kubo\n|-boost|p1a: Kubo|spa|1\n|-boost|p1a: Kubo|spd|1\n|move|p2a: Clefable|Stealth Rock|p1a: Kubo\n|-sidestart|p1: TPD JOHTO|move: Stealth Rock\n|\n|-weather|none\n|-end|p1a: Kubo|move: Future Sight\n|-end|p1a: Kubo|Substitute\n|-heal|p1a: Kubo|82\/100|[from] item: Leftovers\n|upkeep\n|turn|6\n|\n|t:|1701059055\n|switch|p2a: Tyranitar|Tyranitar, F|84\/100\n|-weather|Sandstorm|[from] ability: Sand Stream|[of] p2a: Tyranitar\n|move|p1a: Kubo|Substitute|p1a: Kubo\n|-start|p1a: Kubo|Substitute\n|-damage|p1a: Kubo|57\/100\n|\n|-weather|Sandstorm|[upkeep]\n|-damage|p1a: Kubo|51\/100|[from] Sandstorm\n|-heal|p1a: Kubo|57\/100|[from] item: Leftovers\n|upkeep\n|turn|7\n|\n|t:|1701059059\n|move|p1a: Kubo|Protect|p1a: Kubo\n|-singleturn|p1a: Kubo|Protect\n|move|p2a: Tyranitar|Knock Off|p1a: Kubo\n|-activate|p1a: Kubo|move: Protect\n|\n|-weather|Sandstorm|[upkeep]\n|-damage|p1a: Kubo|51\/100|[from] Sandstorm\n|-heal|p1a: Kubo|57\/100|[from] item: Leftovers\n|upkeep\n|turn|8\n|\n|t:|1701059069\n|move|p1a: Kubo|Scald|p2a: Tyranitar\n|-supereffective|p2a: Tyranitar\n|-damage|p2a: Tyranitar|45\/100\n|-status|p2a: Tyranitar|brn\n|move|p2a: Tyranitar|Knock Off|p1a: Kubo\n|-end|p1a: Kubo|Substitute\n|\n|-weather|Sandstorm|[upkeep]\n|-damage|p1a: Kubo|51\/100|[from] Sandstorm\n|-heal|p1a: Kubo|57\/100|[from] item: Leftovers\n|-damage|p2a: Tyranitar|39\/100 brn|[from] brn\n|upkeep\n|turn|9\n|\n|t:|1701059076\n|switch|p2a: Lopunny|Lopunny, F|100\/100\n|move|p1a: Kubo|Protect||[still]\n|-fail|p1a: Kubo\n|\n|-weather|Sandstorm|[upkeep]\n|-damage|p1a: Kubo|51\/100|[from] Sandstorm\n|-damage|p2a: Lopunny|95\/100|[from] Sandstorm\n|-heal|p1a: Kubo|57\/100|[from] item: Leftovers\n|upkeep\n|turn|10\n|\n|t:|1701059081\n|detailschange|p2a: Lopunny|Lopunny-Mega, F\n|-mega|p2a: Lopunny|Lopunny|Lopunnite\n|move|p1a: Kubo|Protect|p1a: Kubo\n|-singleturn|p1a: Kubo|Protect\n|move|p2a: Lopunny|Close Combat|p1a: Kubo\n|-activate|p1a: Kubo|move: Protect\n|\n|-weather|none\n|-heal|p1a: Kubo|63\/100|[from] item: Leftovers\n|upkeep\n|turn|11\n|\n|t:|1701059089\n|switch|p1a: Paper|Celebi|100\/100\n|-damage|p1a: Paper|88\/100|[from] Stealth Rock\n|move|p2a: Lopunny|Frustration|p1a: Paper\n|-damage|p1a: Paper|54\/100\n|\n|-heal|p1a: Paper|60\/100|[from] item: Leftovers\n|upkeep\n|turn|12\n|\n|t:|1701059102\n|move|p2a: Lopunny|U-turn|p1a: Paper\n|-supereffective|p1a: Paper\n|-damage|p1a: Paper|0 fnt\n|faint|p1a: Paper\n|j| Eatingfish\n|\n|t:|1701059119\n|switch|p2a: Garchomp|Garchomp, F|100\/100|[from] U-turn\n|\n|upkeep\n|\n|t:|1701059124\n|switch|p1a: Scissors|Skarmory, F, shiny|98\/100\n|-damage|p1a: Scissors|85\/100|[from] Stealth Rock\n|turn|13\n|\n|t:|1701059126\n|move|p2a: Garchomp|Swords Dance|p2a: Garchomp\n|-boost|p2a: Garchomp|atk|2\n|move|p1a: Scissors|Defog|p2a: Garchomp\n|-unboost|p2a: Garchomp|evasion|1\n|-sideend|p1: TPD JOHTO|Stealth Rock|[from] move: Defog|[of] p1a: Scissors\n|\n|upkeep\n|turn|14\n|\n|t:|1701059130\n|move|p2a: Garchomp|Fire Fang|p1a: Scissors\n|-supereffective|p1a: Scissors\n|-damage|p1a: Scissors|34\/100\n|move|p1a: Scissors|Whirlwind|p2a: Garchomp\n|drag|p2a: Lopunny|Lopunny-Mega, F|95\/100\n|\n|upkeep\n|turn|15\n|\n|t:|1701059137\n|move|p2a: Lopunny|Close Combat|p1a: Scissors\n|-damage|p1a: Scissors|0 fnt\n|-unboost|p2a: Lopunny|def|1\n|-unboost|p2a: Lopunny|spd|1\n|faint|p1a: Scissors\n|\n|upkeep\n|\n|t:|1701059140\n|switch|p1a: Simba|Entei, shiny|100\/100\n|-ability|p1a: Simba|Pressure\n|turn|16\n|\n|t:|1701059145\n|move|p2a: Lopunny|U-turn|p1a: Simba\n|-resisted|p1a: Simba\n|-damage|p1a: Simba|90\/100\n|\n|t:|1701059149\n|switch|p2a: Tyranitar|Tyranitar, F|39\/100 brn|[from] U-turn\n|-weather|Sandstorm|[from] ability: Sand Stream|[of] p2a: Tyranitar\n|move|p1a: Simba|Curse|p1a: Simba\n|-unboost|p1a: Simba|spe|1\n|-boost|p1a: Simba|atk|1\n|-boost|p1a: Simba|def|1\n|\n|-weather|Sandstorm|[upkeep]\n|-damage|p1a: Simba|83\/100|[from] Sandstorm\n|-heal|p1a: Simba|90\/100|[from] item: Leftovers\n|-damage|p2a: Tyranitar|33\/100 brn|[from] brn\n|upkeep\n|turn|17\n|\n|t:|1701059162\n|move|p2a: Tyranitar|Knock Off|p1a: Simba\n|-damage|p1a: Simba|65\/100\n|-enditem|p1a: Simba|Leftovers|[from] move: Knock Off|[of] p2a: Tyranitar\n|move|p1a: Simba|Curse|p1a: Simba\n|-unboost|p1a: Simba|spe|1\n|-boost|p1a: Simba|atk|1\n|-boost|p1a: Simba|def|1\n|\n|-weather|Sandstorm|[upkeep]\n|-damage|p1a: Simba|59\/100|[from] Sandstorm\n|-damage|p2a: Tyranitar|27\/100 brn|[from] brn\n|upkeep\n|turn|18\n|\n|t:|1701059168\n|switch|p2a: Slowbro|Slowbro, M|100\/100\n|move|p1a: Simba|Curse|p1a: Simba\n|-unboost|p1a: Simba|spe|1\n|-boost|p1a: Simba|atk|1\n|-boost|p1a: Simba|def|1\n|\n|-weather|Sandstorm|[upkeep]\n|-damage|p1a: Simba|52\/100|[from] Sandstorm\n|-damage|p2a: Slowbro|94\/100|[from] Sandstorm\n|upkeep\n|turn|19\n|j| YJLF2\n|l| Eatingfish\n|\n|t:|1701059176\n|-terastallize|p1a: Simba|Normal\n|move|p1a: Simba|Curse|p1a: Simba\n|-unboost|p1a: Simba|spe|1\n|-boost|p1a: Simba|atk|1\n|-boost|p1a: Simba|def|1\n|move|p2a: Slowbro|Future Sight|p1a: Simba\n|-start|p2a: Slowbro|move: Future Sight\n|\n|-weather|Sandstorm|[upkeep]\n|-damage|p1a: Simba|46\/100|[from] Sandstorm\n|-damage|p2a: Slowbro|88\/100|[from] Sandstorm\n|upkeep\n|turn|20\n|\n|t:|1701059190\n|move|p1a: Simba|Rest|p1a: Simba\n|-status|p1a: Simba|slp|[from] move: Rest\n|-heal|p1a: Simba|100\/100 slp|[silent]\n|move|p2a: Slowbro|Scald|p1a: Simba\n|-damage|p1a: Simba|82\/100 slp\n|\n|-weather|none\n|upkeep\n|turn|21\n|\n|t:|1701059196\n|cant|p1a: Simba|slp\n|move|p2a: Slowbro|Teleport|p2a: Slowbro\n|\n|t:|1701059198\n|switch|p2a: Lopunny|Lopunny-Mega, F|95\/100|[from] Teleport\n|\n|-end|p1a: Simba|move: Future Sight\n|-damage|p1a: Simba|52\/100 slp\n|upkeep\n|turn|22\n|\n|t:|1701059202\n|move|p2a: Lopunny|Close Combat|p1a: Simba\n|-supereffective|p1a: Simba\n|-damage|p1a: Simba|15\/100 slp\n|-unboost|p2a: Lopunny|def|1\n|-unboost|p2a: Lopunny|spd|1\n|cant|p1a: Simba|slp\n|\n|upkeep\n|turn|23\n|\n|t:|1701059208\n|switch|p2a: Tyranitar|Tyranitar, F|27\/100 brn\n|-weather|Sandstorm|[from] ability: Sand Stream|[of] p2a: Tyranitar\n|-curestatus|p1a: Simba|slp|[msg]\n|move|p1a: Simba|Rest|p1a: Simba\n|-status|p1a: Simba|slp|[from] move: Rest\n|-heal|p1a: Simba|100\/100 slp|[silent]\n|\n|-weather|Sandstorm|[upkeep]\n|-damage|p1a: Simba|94\/100 slp|[from] Sandstorm\n|-damage|p2a: Tyranitar|21\/100 brn|[from] brn\n|upkeep\n|turn|24\n|\n|t:|1701059212\n|move|p2a: Tyranitar|Superpower|p1a: Simba\n|-supereffective|p1a: Simba\n|-damage|p1a: Simba|73\/100 slp\n|-unboost|p2a: Tyranitar|atk|1\n|-unboost|p2a: Tyranitar|def|1\n|cant|p1a: Simba|slp\n|\n|-weather|Sandstorm|[upkeep]\n|-damage|p1a: Simba|67\/100 slp|[from] Sandstorm\n|-damage|p2a: Tyranitar|15\/100 brn|[from] brn\n|upkeep\n|turn|25\n|\n|t:|1701059215\n|move|p2a: Tyranitar|Superpower|p1a: Simba\n|-supereffective|p1a: Simba\n|-damage|p1a: Simba|52\/100 slp\n|-unboost|p2a: Tyranitar|atk|1\n|-unboost|p2a: Tyranitar|def|1\n|cant|p1a: Simba|slp\n|\n|-weather|Sandstorm|[upkeep]\n|-damage|p1a: Simba|46\/100 slp|[from] Sandstorm\n|-damage|p2a: Tyranitar|8\/100 brn|[from] brn\n|upkeep\n|turn|26\n|\n|t:|1701059244\n|move|p2a: Tyranitar|Superpower|p1a: Simba\n|-supereffective|p1a: Simba\n|-damage|p1a: Simba|36\/100 slp\n|-unboost|p2a: Tyranitar|atk|1\n|-unboost|p2a: Tyranitar|def|1\n|-curestatus|p1a: Simba|slp|[msg]\n|move|p1a: Simba|Curse|p1a: Simba\n|-unboost|p1a: Simba|spe|1\n|-boost|p1a: Simba|atk|1\n|-boost|p1a: Simba|def|1\n|\n|-weather|Sandstorm|[upkeep]\n|-damage|p1a: Simba|29\/100|[from] Sandstorm\n|-damage|p2a: Tyranitar|2\/100 brn|[from] brn\n|upkeep\n|turn|27\n|\n|t:|1701059254\n|move|p1a: Simba|Extreme Speed|p2a: Tyranitar\n|-resisted|p2a: Tyranitar\n|-damage|p2a: Tyranitar|0 fnt\n|faint|p2a: Tyranitar\n|\n|-weather|none\n|upkeep\n|\n|t:|1701059260\n|switch|p2a: Garchomp|Garchomp, F|100\/100\n|turn|28\n|\n|t:|1701059265\n|move|p1a: Simba|Extreme Speed|p2a: Garchomp\n|-damage|p2a: Garchomp|0 fnt\n|-damage|p1a: Simba|17\/100|[from] ability: Rough Skin|[of] p2a: Garchomp\n|faint|p2a: Garchomp\n|\n|upkeep\n|\n|t:|1701059268\n|switch|p2a: Lopunny|Lopunny-Mega, F|95\/100\n|turn|29\n|\n|t:|1701059273\n|move|p2a: Lopunny|Fake Out|p1a: Simba\n|-damage|p1a: Simba|11\/100\n|cant|p1a: Simba|flinch\n|\n|upkeep\n|turn|30\n|\n|t:|1701059282\n|switch|p2a: Slowbro|Slowbro, M|100\/100\n|move|p1a: Simba|Rest|p1a: Simba\n|-status|p1a: Simba|slp|[from] move: Rest\n|-heal|p1a: Simba|100\/100 slp|[silent]\n|\n|upkeep\n|turn|31\n|c|\u2606TPD JOHTO|Yeee\n|\n|t:|1701059291\n|move|p2a: Slowbro|Future Sight|p1a: Simba\n|-start|p2a: Slowbro|move: Future Sight\n|cant|p1a: Simba|slp\n|\n|upkeep\n|turn|32\n|\n|t:|1701059295\n|move|p2a: Slowbro|Scald|p1a: Simba\n|-damage|p1a: Simba|82\/100 slp\n|cant|p1a: Simba|slp\n|\n|upkeep\n|turn|33\n|\n|t:|1701059304\n|-curestatus|p1a: Simba|slp|[msg]\n|move|p1a: Simba|Extreme Speed|p2a: Slowbro\n|-damage|p2a: Slowbro|34\/100\n|-damage|p1a: Simba|65\/100|[from] item: Rocky Helmet|[of] p2a: Slowbro\n|move|p2a: Slowbro|Scald|p1a: Simba\n|-damage|p1a: Simba|45\/100\n|\n|-end|p1a: Simba|move: Future Sight\n|-damage|p1a: Simba|16\/100\n|upkeep\n|turn|34\n|\n|t:|1701059315\n|move|p2a: Slowbro|Future Sight|p1a: Simba\n|-start|p2a: Slowbro|move: Future Sight\n|move|p1a: Simba|Rest|p1a: Simba\n|-status|p1a: Simba|slp|[from] move: Rest\n|-heal|p1a: Simba|100\/100 slp|[silent]\n|\n|upkeep\n|turn|35\n|\n|t:|1701059321\n|cant|p1a: Simba|slp\n|move|p2a: Slowbro|Scald|p1a: Simba\n|-damage|p1a: Simba|81\/100 slp\n|\n|upkeep\n|turn|36\n|\n|t:|1701059330\n|cant|p1a: Simba|slp\n|move|p2a: Slowbro|Slack Off|p2a: Slowbro\n|-heal|p2a: Slowbro|84\/100\n|\n|-end|p1a: Simba|move: Future Sight\n|-damage|p1a: Simba|52\/100 slp\n|upkeep\n|turn|37\n|\n|t:|1701059351\n|move|p2a: Slowbro|Scald|p1a: Simba\n|-damage|p1a: Simba|32\/100 slp\n|-curestatus|p1a: Simba|slp|[msg]\n|move|p1a: Simba|Rest|p1a: Simba\n|-status|p1a: Simba|slp|[from] move: Rest\n|-heal|p1a: Simba|100\/100 slp|[silent]\n|\n|upkeep\n|turn|38\n|\n|t:|1701059364\n|move|p2a: Slowbro|Future Sight|p1a: Simba\n|-start|p2a: Slowbro|move: Future Sight\n|cant|p1a: Simba|slp\n|\n|upkeep\n|turn|39\n|\n|t:|1701059368\n|move|p2a: Slowbro|Scald|p1a: Simba\n|-damage|p1a: Simba|81\/100 slp\n|cant|p1a: Simba|slp\n|\n|upkeep\n|turn|40\n|\n|t:|1701059374\n|move|p2a: Slowbro|Scald|p1a: Simba\n|-damage|p1a: Simba|63\/100 slp\n|-curestatus|p1a: Simba|slp|[msg]\n|move|p1a: Simba|Curse|p1a: Simba\n|-unboost|p1a: Simba|spe|1\n|-boost|p1a: Simba|atk|1\n|-boost|p1a: Simba|def|1\n|\n|-end|p1a: Simba|move: Future Sight\n|-damage|p1a: Simba|34\/100\n|upkeep\n|turn|41\n|\n|t:|1701059378\n|move|p2a: Slowbro|Future Sight|p1a: Simba\n|-start|p2a: Slowbro|move: Future Sight\n|move|p1a: Simba|Rest|p1a: Simba\n|-status|p1a: Simba|slp|[from] move: Rest\n|-heal|p1a: Simba|100\/100 slp|[silent]\n|\n|upkeep\n|turn|42\n|\n|t:|1701059383\n|cant|p1a: Simba|slp\n|move|p2a: Slowbro|Teleport|p2a: Slowbro\n|\n|t:|1701059386\n|switch|p2a: Lopunny|Lopunny-Mega, F|95\/100|[from] Teleport\n|\n|upkeep\n|turn|43\n|\n|t:|1701059392\n|move|p2a: Lopunny|Fake Out|p1a: Simba\n|-damage|p1a: Simba|95\/100 slp\n|cant|p1a: Simba|slp\n|\n|-end|p1a: Simba|move: Future Sight\n|-crit|p1a: Simba\n|-damage|p1a: Simba|56\/100 slp\n|upkeep\n|turn|44\n|\n|t:|1701059399\n|switch|p2a: Clefable|Clefable, F|100\/100\n|-curestatus|p1a: Simba|slp|[msg]\n|move|p1a: Simba|Extreme Speed|p2a: Clefable\n|-damage|p2a: Clefable|0 fnt\n|faint|p2a: Clefable\n|\n|upkeep\n|\n|t:|1701059401\n|switch|p2a: Slowbro|Slowbro, M|100\/100\n|turn|45\n|\n|t:|1701059416\n|-terastallize|p2a: Slowbro|Steel\n|move|p2a: Slowbro|Scald|p1a: Simba\n|-damage|p1a: Simba|36\/100\n|-status|p1a: Simba|brn\n|move|p1a: Simba|Sacred Fire|p2a: Slowbro\n|-supereffective|p2a: Slowbro\n|-damage|p2a: Slowbro|12\/100\n|\n|-damage|p1a: Simba|30\/100 brn|[from] brn\n|upkeep\n|turn|46\n|\n|t:|1701059434\n|move|p2a: Slowbro|Scald|p1a: Simba\n|-damage|p1a: Simba|11\/100 brn\n|move|p1a: Simba|Rest|p1a: Simba\n|-status|p1a: Simba|slp|[from] move: Rest\n|-heal|p1a: Simba|100\/100 slp|[silent]\n|\n|upkeep\n|turn|47\n|\n|t:|1701059443\n|move|p2a: Slowbro|Future Sight|p1a: Simba\n|-start|p2a: Slowbro|move: Future Sight\n|cant|p1a: Simba|slp\n|\n|upkeep\n|turn|48\n|\n|t:|1701059448\n|cant|p1a: Simba|slp\n|move|p2a: Slowbro|Teleport|p2a: Slowbro\n|\n|t:|1701059450\n|switch|p2a: Lopunny|Lopunny-Mega, F|95\/100|[from] Teleport\n|\n|upkeep\n|turn|49\n|\n|t:|1701059457\n|move|p2a: Lopunny|Fake Out|p1a: Simba\n|-damage|p1a: Simba|95\/100 slp\n|-curestatus|p1a: Simba|slp|[msg]\n|cant|p1a: Simba|flinch\n|\n|-end|p1a: Simba|move: Future Sight\n|-damage|p1a: Simba|69\/100\n|upkeep\n|turn|50\n|\n|t:|1701059460\n|switch|p2a: Corviknight|Corviknight, M|100\/100\n|-ability|p2a: Corviknight|Pressure\n|move|p1a: Simba|Sacred Fire|p2a: Corviknight\n|-supereffective|p2a: Corviknight\n|-damage|p2a: Corviknight|0 fnt\n|faint|p2a: Corviknight\n|\n|upkeep\n|\n|t:|1701059465\n|switch|p2a: Lopunny|Lopunny-Mega, F|95\/100\n|turn|51\n|\n|t:|1701059469\n|move|p1a: Simba|Extreme Speed|p2a: Lopunny\n|-damage|p2a: Lopunny|0 fnt\n|faint|p2a: Lopunny\n|\n|upkeep\n|\n|t:|1701059471\n|switch|p2a: Slowbro|Slowbro, M, tera:Steel|45\/100\n|turn|52\n|\n|t:|1701059476\n|move|p2a: Slowbro|Slack Off|p2a: Slowbro\n|-heal|p2a: Slowbro|95\/100\n|move|p1a: Simba|Sacred Fire|p2a: Slowbro\n|-supereffective|p2a: Slowbro\n|-damage|p2a: Slowbro|0 fnt\n|faint|p2a: Slowbro\n|\n|win|TPD JOHTO\n|raw|TPD JOHTO's rating: 1736 &rarr; <strong>1757<\/strong><br \/>(+21 for winning)\n|raw|Pursuit Of Perfect's rating: 1757 &rarr; <strong>1736<\/strong><br \/>(-21 for losing)\n|l|\u2606Pursuit Of Perfect\n|c|\u2606TPD JOHTO|Gg\n|l| YJLF2\n","uploadtime":1701059498,"views":3,"p1id":"tpdjohto","p2id":"pursuitofperfect","formatid":"gen9nationaldex","rating":1736,"private":0,"password":""}