{"id":"gen9nationaldex-1993132611","p1":"Azu_CriticalXD","p2":"JesusPizzaCrusher","format":"[Gen 9] National Dex","log":"|j|\u2606Azu_CriticalXD\n|j|\u2606JesusPizzaCrusher\n|t:|1700268616\n|gametype|singles\n|player|p1|Azu_CriticalXD|ltsurge|\n|player|p2|JesusPizzaCrusher|hugh|\n|teamsize|p1|6\n|teamsize|p2|6\n|gen|9\n|tier|[Gen 9] National Dex\n|rule|HP Percentage Mod: HP is shown in percentages\n|rule|Endless Battle Clause: Forcing endless battles is banned\n|rule|OHKO Clause: OHKO moves are banned\n|rule|Evasion Clause: Evasion abilities, items, and moves are banned\n|rule|Evasion Abilities Clause: Evasion abilities are banned\n|rule|Evasion Items Clause: Evasion items are banned\n|rule|Evasion Moves Clause: Evasion moves are banned\n|rule|Species Clause: Limit one of each Pok\u00e9mon\n|rule|Sleep Clause Mod: Limit one foe put to sleep\n|clearpoke\n|poke|p1|Regigigas|\n|poke|p1|Zoroark-Hisui, M|\n|poke|p1|Maushold-Four|\n|poke|p1|Lopunny, F|\n|poke|p1|Silvally-*|\n|poke|p1|Chansey, F|\n|poke|p2|Galvantula, F|\n|poke|p2|Volcarona, F|\n|poke|p2|Buzzwole|\n|poke|p2|Leavanny, F|\n|poke|p2|Crustle, F|\n|poke|p2|Heracross, F|\n|teampreview\n|\n|t:|1700268668\n|start\n|switch|p1a: Blasphemous|Silvally-Flying, shiny|100\/100\n|switch|p2a: Galvantula|Galvantula, F, shiny|100\/100\n|turn|1\n|c|\u2606Azu_CriticalXD|ta chido el nombre\n|c|\u2606Azu_CriticalXD|le calsa\n|c|\u2606JesusPizzaCrusher|sis\n|c|\u2606JesusPizzaCrusher|._.\n|c|\u2606JesusPizzaCrusher|conveniente que me tocara justo este\n|\n|t:|1700268702\n|move|p2a: Galvantula|Thunder Wave|p1a: Blasphemous\n|-status|p1a: Blasphemous|par\n|move|p1a: Blasphemous|Iron Defense|p1a: Blasphemous\n|-boost|p1a: Blasphemous|def|2\n|\n|upkeep\n|turn|2\n|\n|t:|1700268725\n|switch|p1a: Chachan|Chansey, F, shiny|100\/100\n|move|p2a: Galvantula|Sticky Web|p1a: Chachan\n|-sidestart|p1: Azu_CriticalXD|move: Sticky Web\n|\n|upkeep\n|turn|3\n|\n|t:|1700268733\n|move|p2a: Galvantula|Bug Buzz|p1a: Chachan\n|-damage|p1a: Chachan|90\/100\n|move|p1a: Chachan|Toxic|p2a: Galvantula\n|-status|p2a: Galvantula|tox\n|\n|-damage|p2a: Galvantula|94\/100 tox|[from] psn\n|upkeep\n|turn|4\n|\n|t:|1700268741\n|move|p2a: Galvantula|Discharge|p1a: Chachan\n|-damage|p1a: Chachan|79\/100\n|move|p1a: Chachan|Heal Bell|p1a: Chachan\n|-activate|p1a: Chachan|move: Heal Bell\n|-curestatus|p1: Blasphemous|par|[msg]\n|\n|-damage|p2a: Galvantula|82\/100 tox|[from] psn\n|upkeep\n|turn|5\n|\n|t:|1700268751\n|move|p2a: Galvantula|Thunder Wave|p1a: Chachan\n|-status|p1a: Chachan|par\n|move|p1a: Chachan|Seismic Toss|p2a: Galvantula\n|-damage|p2a: Galvantula|47\/100 tox\n|\n|-damage|p2a: Galvantula|29\/100 tox|[from] psn\n|upkeep\n|turn|6\n|\n|t:|1700268760\n|-curestatus|p1a: Chachan|par|[from] ability: Natural Cure\n|switch|p1a: Bloodmen|Maushold-Four, shiny|100\/100\n|-activate|p1a: Bloodmen|move: Sticky Web\n|-unboost|p1a: Bloodmen|spe|1\n|move|p2a: Galvantula|Discharge|p1a: Bloodmen\n|-damage|p1a: Bloodmen|50\/100\n|\n|-damage|p2a: Galvantula|4\/100 tox|[from] psn\n|upkeep\n|turn|7\n|\n|t:|1700268772\n|move|p2a: Galvantula|Thunder Wave|p1a: Bloodmen\n|-status|p1a: Bloodmen|par\n|move|p1a: Bloodmen|Population Bomb|p2a: Galvantula\n|-damage|p2a: Galvantula|0 fnt\n|faint|p2a: Galvantula\n|-hitcount|p2: Galvantula|1\n|\n|upkeep\n|c|\u2606Azu_CriticalXD|carajo que hice\n|\n|t:|1700268790\n|switch|p2a: WALLCRUSHER|Heracross, F|100\/100\n|turn|8\n|c|\u2606JesusPizzaCrusher|lo descubriremos en unos segundos :D\n|\n|t:|1700268811\n|switch|p1a: Blasphemous|Silvally-Flying, shiny|100\/100\n|detailschange|p2a: WALLCRUSHER|Heracross-Mega, F\n|-mega|p2a: WALLCRUSHER|Heracross|Heracronite\n|move|p2a: WALLCRUSHER|Trailblaze|p1a: Blasphemous\n|-resisted|p1a: Blasphemous\n|-damage|p1a: Blasphemous|91\/100\n|-boost|p2a: WALLCRUSHER|spe|1\n|\n|upkeep\n|turn|9\n|c|\u2606JesusPizzaCrusher|a\n|\n|t:|1700268829\n|move|p2a: WALLCRUSHER|Pin Missile|p1a: Blasphemous\n|-resisted|p1a: Blasphemous\n|-crit|p1a: Blasphemous\n|-damage|p1a: Blasphemous|80\/100\n|-resisted|p1a: Blasphemous\n|-damage|p1a: Blasphemous|73\/100\n|-resisted|p1a: Blasphemous\n|-damage|p1a: Blasphemous|66\/100\n|-resisted|p1a: Blasphemous\n|-damage|p1a: Blasphemous|60\/100\n|-resisted|p1a: Blasphemous\n|-damage|p1a: Blasphemous|52\/100\n|-hitcount|p1a: Blasphemous|5\n|move|p1a: Blasphemous|Roar|p2a: WALLCRUSHER\n|drag|p2a: RockN'Roll|Crustle, F, shiny|100\/100\n|\n|upkeep\n|turn|10\n|c|\u2606JesusPizzaCrusher|porfaporfaporfa\n|c|\u2606JesusPizzaCrusher|oh gracias que conveniente\n|\n|t:|1700268852\n|move|p1a: Blasphemous|Toxic|p2a: RockN'Roll\n|-status|p2a: RockN'Roll|tox\n|move|p2a: RockN'Roll|Rock Blast|p1a: Blasphemous\n|-supereffective|p1a: Blasphemous\n|-damage|p1a: Blasphemous|38\/100\n|-supereffective|p1a: Blasphemous\n|-damage|p1a: Blasphemous|22\/100\n|-supereffective|p1a: Blasphemous\n|-damage|p1a: Blasphemous|7\/100\n|-supereffective|p1a: Blasphemous\n|-damage|p1a: Blasphemous|0 fnt\n|faint|p1a: Blasphemous\n|-hitcount|p1: Blasphemous|4\n|\n|-damage|p2a: RockN'Roll|94\/100 tox|[from] psn\n|upkeep\n|c|\u2606JesusPizzaCrusher|A\n|c|\u2606Azu_CriticalXD|a verdad jajaj\n|\n|t:|1700268873\n|switch|p1a: Chachan|Chansey, F, shiny|79\/100\n|-activate|p1a: Chachan|move: Sticky Web\n|-unboost|p1a: Chachan|spe|1\n|turn|11\n|c|\u2606JesusPizzaCrusher|ok\n|c|\u2606JesusPizzaCrusher|es hora de tu primera chamba crustle\n|\n|t:|1700268886\n|move|p2a: RockN'Roll|Shell Smash|p2a: RockN'Roll\n|-unboost|p2a: RockN'Roll|def|1\n|-unboost|p2a: RockN'Roll|spd|1\n|-boost|p2a: RockN'Roll|atk|2\n|-boost|p2a: RockN'Roll|spa|2\n|-boost|p2a: RockN'Roll|spe|2\n|-enditem|p2a: RockN'Roll|White Herb\n|-clearnegativeboost|p2a: RockN'Roll|[silent]\n|move|p1a: Chachan|Heal Bell|p1a: Chachan\n|-activate|p1a: Chachan|move: Heal Bell\n|-curestatus|p1: Bloodmen|par|[msg]\n|\n|-damage|p2a: RockN'Roll|82\/100 tox|[from] psn\n|upkeep\n|turn|12\n|\n|t:|1700268898\n|switch|p1a: Bloodmen|Maushold-Four, shiny|50\/100\n|-activate|p1a: Bloodmen|move: Sticky Web\n|-unboost|p1a: Bloodmen|spe|1\n|move|p2a: RockN'Roll|Rock Blast|p1a: Bloodmen\n|-damage|p1a: Bloodmen|17\/100\n|-damage|p1a: Bloodmen|0 fnt\n|faint|p1a: Bloodmen\n|-hitcount|p1: Bloodmen|2\n|\n|-damage|p2a: RockN'Roll|64\/100 tox|[from] psn\n|upkeep\n|\n|t:|1700268917\n|switch|p1a: Regibeat|Regigigas, shiny|100\/100\n|-activate|p1a: Regibeat|move: Sticky Web\n|-unboost|p1a: Regibeat|spe|1\n|turn|13\n|\n|t:|1700268927\n|move|p2a: RockN'Roll|Rock Blast|p1a: Regibeat\n|-damage|p1a: Regibeat|57\/100\n|replace|p1a: Zero|Zoroark-Hisui, M, shiny\n|-end|p1a: Zero|Illusion\n|-damage|p1a: Zero|14\/100\n|-hitcount|p1a: Zero|2\n|move|p1a: Zero|Flamethrower|p2a: RockN'Roll\n|-damage|p2a: RockN'Roll|26\/100 tox\n|\n|-damage|p2a: RockN'Roll|1\/100 tox|[from] psn\n|upkeep\n|turn|14\n|c|\u2606Azu_CriticalXD|uf\n|c|\u2606JesusPizzaCrusher|bro\n|c|\u2606Azu_CriticalXD|q\n|c|\u2606JesusPizzaCrusher|unita mas y zero la papiaba\n|c|\u2606JesusPizzaCrusher|xd\n|\n|t:|1700268952\n|move|p2a: RockN'Roll|Rock Blast|p1a: Zero\n|-damage|p1a: Zero|0 fnt\n|faint|p1a: Zero\n|-hitcount|p1: Zero|1\n|\n|-damage|p2a: RockN'Roll|0 fnt|[from] psn\n|faint|p2a: RockN'Roll\n|upkeep\n|c|\u2606Azu_CriticalXD|si nms\n|\n|t:|1700268970\n|switch|p1a: Rossy|Lopunny, F, shiny|100\/100\n|switch|p2a: Bardock|Buzzwole|100\/100\n|-activate|p1a: Rossy|move: Sticky Web\n|-unboost|p1a: Rossy|spe|1\n|turn|15\n|\n|t:|1700268983\n|detailschange|p1a: Rossy|Lopunny-Mega, F, shiny\n|-mega|p1a: Rossy|Lopunny|Lopunnite\n|move|p1a: Rossy|U-turn|p2a: Bardock\n|-resisted|p2a: Bardock\n|-damage|p2a: Bardock|93\/100\n|-damage|p1a: Rossy|84\/100|[from] item: Rocky Helmet|[of] p2a: Bardock\n|c|\u2606JesusPizzaCrusher|nada mal para la primera vez que tengo chance de usar shell smash con crustle\n|c|\u2606JesusPizzaCrusher|bueno hubo otro\n|\n|t:|1700268992\n|switch|p1a: Regibeat|Regigigas, shiny|100\/100|[from] U-turn\n|-activate|p1a: Regibeat|move: Sticky Web\n|-unboost|p1a: Regibeat|spe|1\n|-start|p1a: Regibeat|ability: Slow Start\n|move|p2a: Bardock|Bulk Up|p2a: Bardock\n|-boost|p2a: Bardock|atk|1\n|-boost|p2a: Bardock|def|1\n|\n|upkeep\n|turn|16\n|c|\u2606Azu_CriticalXD|si te salio bien\n|c|\u2606JesusPizzaCrusher|pero me hize el confiao y me papio la familia\n|c|\u2606JesusPizzaCrusher|esta fue el primer intento que si salio\n|c|\u2606JesusPizzaCrusher|grazie azu\n|\n|t:|1700269017\n|move|p2a: Bardock|Drain Punch|p1a: Regibeat\n|-supereffective|p1a: Regibeat\n|-damage|p1a: Regibeat|33\/100\n|-heal|p2a: Bardock|100\/100|[from] drain|[of] p1a: Regibeat\n|move|p1a: Regibeat|Darkest Lariat|p2a: Bardock\n|-resisted|p2a: Bardock\n|-crit|p2a: Bardock\n|-damage|p2a: Bardock|91\/100\n|-damage|p1a: Regibeat|16\/100|[from] item: Rocky Helmet|[of] p2a: Bardock\n|\n|-heal|p1a: Regibeat|23\/100|[from] item: Leftovers\n|upkeep\n|turn|17\n|\n|t:|1700269029\n|move|p2a: Bardock|Drain Punch|p1a: Regibeat\n|-supereffective|p1a: Regibeat\n|-damage|p1a: Regibeat|0 fnt\n|-heal|p2a: Bardock|100\/100|[from] drain|[of] p1a: Regibeat\n|faint|p1a: Regibeat\n|-end|p1a: Regibeat|Slow Start|[silent]\n|-ability|p2a: Bardock|Beast Boost|boost\n|-boost|p2a: Bardock|atk|1\n|\n|upkeep\n|c|\u2606Azu_CriticalXD|ya me papeaste pipipi\n|\n|t:|1700269050\n|switch|p1a: Rossy|Lopunny-Mega, F, shiny|84\/100\n|-activate|p1a: Rossy|move: Sticky Web\n|-unboost|p1a: Rossy|spe|1\n|turn|18\n|c|\u2606JesusPizzaCrusher|grande bardock\n|\n|t:|1700269057\n|move|p1a: Rossy|Fake Out|p2a: Bardock\n|-damage|p2a: Bardock|92\/100\n|-damage|p1a: Rossy|67\/100|[from] item: Rocky Helmet|[of] p2a: Bardock\n|cant|p2a: Bardock|flinch\n|\n|upkeep\n|turn|19\n|\n|t:|1700269063\n|move|p1a: Rossy|U-turn|p2a: Bardock\n|-resisted|p2a: Bardock\n|-damage|p2a: Bardock|87\/100\n|-damage|p1a: Rossy|51\/100|[from] item: Rocky Helmet|[of] p2a: Bardock\n|\n|t:|1700269067\n|switch|p1a: Chachan|Chansey, F, shiny|79\/100|[from] U-turn\n|-activate|p1a: Chachan|move: Sticky Web\n|-unboost|p1a: Chachan|spe|1\n|move|p2a: Bardock|Drain Punch|p1a: Chachan\n|-supereffective|p1a: Chachan\n|-damage|p1a: Chachan|0 fnt\n|-heal|p2a: Bardock|100\/100|[from] drain|[of] p1a: Chachan\n|faint|p1a: Chachan\n|-ability|p2a: Bardock|Beast Boost|boost\n|-boost|p2a: Bardock|atk|1\n|\n|upkeep\n|\n|t:|1700269078\n|switch|p1a: Rossy|Lopunny-Mega, F, shiny|51\/100\n|-activate|p1a: Rossy|move: Sticky Web\n|-unboost|p1a: Rossy|spe|1\n|turn|20\n|\n|t:|1700269084\n|move|p1a: Rossy|Frustration|p2a: Bardock\n|-damage|p2a: Bardock|80\/100\n|-damage|p1a: Rossy|34\/100|[from] item: Rocky Helmet|[of] p2a: Bardock\n|move|p2a: Bardock|Drain Punch|p1a: Rossy\n|-supereffective|p1a: Rossy\n|-damage|p1a: Rossy|0 fnt\n|-heal|p2a: Bardock|91\/100|[from] drain|[of] p1a: Rossy\n|faint|p1a: Rossy\n|\n|win|JesusPizzaCrusher\n|c|\u2606JesusPizzaCrusher|gg\n|c|\u2606JesusPizzaCrusher|tuvo bueno\n|c|\u2606Azu_CriticalXD|xdd gg\n|c|\u2606Azu_CriticalXD|a ver rematch\n|l|\u2606Azu_CriticalXD\n|c|\u2606JesusPizzaCrusher|dale\n","uploadtime":1700269113,"views":8,"p1id":"azucriticalxd","p2id":"jesuspizzacrusher","formatid":"gen9nationaldex","rating":0,"private":0,"password":""}