{"id":"gen9nationaldex-1990062746","p1":"FLT231Larsonshark","p2":"Z-Bean","format":"[Gen 9] National Dex","log":"|j|\u2606FLT231Larsonshark\n|j|\u2606Z-Bean\n|t:|1699920520\n|gametype|singles\n|player|p1|FLT231Larsonshark|caitlin|1287\n|player|p2|Z-Bean|crasherwake|1283\n|teamsize|p1|6\n|teamsize|p2|6\n|gen|9\n|tier|[Gen 9] National Dex\n|rated|\n|rule|HP Percentage Mod: HP is shown in percentages\n|rule|Endless Battle Clause: Forcing endless battles is banned\n|rule|OHKO Clause: OHKO moves are banned\n|rule|Evasion Clause: Evasion abilities, items, and moves are banned\n|rule|Evasion Abilities Clause: Evasion abilities are banned\n|rule|Evasion Items Clause: Evasion items are banned\n|rule|Evasion Moves Clause: Evasion moves are banned\n|rule|Species Clause: Limit one of each Pok\u00e9mon\n|rule|Sleep Clause Mod: Limit one foe put to sleep\n|clearpoke\n|poke|p1|Blaziken, M|\n|poke|p1|Morpeko, M|\n|poke|p1|Pinsir, M|\n|poke|p1|Slurpuff, M|\n|poke|p1|Iron Moth|\n|poke|p1|Ditto|\n|poke|p2|Golisopod, M|\n|poke|p2|Rotom-Wash|\n|poke|p2|Slowking-Galar, F|\n|poke|p2|Great Tusk|\n|poke|p2|Corviknight, F|\n|poke|p2|Arctozolt|\n|teampreview\n|inactive|Battle timer is ON: inactive players will automatically lose when time's up. (requested by FLT231Larsonshark)\n|inactive|Z-Bean has 120 seconds left.\n|\n|t:|1699920558\n|start\n|switch|p1a: The Blaziken|Blaziken, M|100\/100\n|switch|p2a: Great Tusk|Great Tusk|100\/100\n|turn|1\n|\n|t:|1699920566\n|-terastallize|p1a: The Blaziken|Flying\n|move|p2a: Great Tusk|Stealth Rock|p1a: The Blaziken\n|-sidestart|p1: FLT231Larsonshark|move: Stealth Rock\n|move|p1a: The Blaziken|Swords Dance|p1a: The Blaziken\n|-boost|p1a: The Blaziken|atk|2\n|\n|-ability|p1a: The Blaziken|Speed Boost|boost\n|-boost|p1a: The Blaziken|spe|1\n|upkeep\n|turn|2\n|\n|t:|1699920581\n|-end|p2a: Great Tusk|Protosynthesis|[silent]\n|switch|p2a: Rotom|Rotom-Wash|100\/100\n|move|p1a: The Blaziken|Close Combat|p2a: Rotom\n|-damage|p2a: Rotom|0 fnt\n|-unboost|p1a: The Blaziken|def|1\n|-unboost|p1a: The Blaziken|spd|1\n|faint|p2a: Rotom\n|-damage|p1a: The Blaziken|91\/100|[from] item: Life Orb\n|\n|-ability|p1a: The Blaziken|Speed Boost|boost\n|-boost|p1a: The Blaziken|spe|1\n|upkeep\n|\n|t:|1699920588\n|switch|p2a: Great Tusk|Great Tusk|100\/100\n|turn|3\n|\n|t:|1699920592\n|-terastallize|p2a: Great Tusk|Fairy\n|move|p1a: The Blaziken|Brave Bird|p2a: Great Tusk\n|-damage|p2a: Great Tusk|0 fnt\n|faint|p2a: Great Tusk\n|-end|p2a: Great Tusk|Protosynthesis|[silent]\n|-damage|p1a: The Blaziken|50\/100|[from] Recoil\n|-damage|p1a: The Blaziken|40\/100|[from] item: Life Orb\n|\n|-ability|p1a: The Blaziken|Speed Boost|boost\n|-boost|p1a: The Blaziken|spe|1\n|upkeep\n|\n|t:|1699920595\n|switch|p2a: Golisopod|Golisopod, M|100\/100\n|turn|4\n|\n|t:|1699920600\n|move|p2a: Golisopod|First Impression|p1a: The Blaziken\n|-resisted|p1a: The Blaziken\n|-damage|p1a: The Blaziken|0 fnt\n|faint|p1a: The Blaziken\n|\n|upkeep\n|\n|t:|1699920604\n|switch|p1a: the Morpeko|Morpeko, M|100\/100\n|-damage|p1a: the Morpeko|88\/100|[from] Stealth Rock\n|turn|5\n|\n|t:|1699920615\n|move|p1a: the Morpeko|Aura Wheel|p2a: Golisopod\n|-supereffective|p2a: Golisopod\n|-damage|p2a: Golisopod|32\/100\n|-boost|p1a: the Morpeko|spe|1\n|-activate|p2a: Golisopod|ability: Emergency Exit\n|\n|t:|1699920620\n|switch|p2a: Slowking|Slowking-Galar, F|100\/100\n|\n|-formechange|p1a: the Morpeko|Morpeko-Hangry||[from] ability: Hunger Switch\n|upkeep\n|turn|6\n|\n|t:|1699920624\n|move|p1a: the Morpeko|Aura Wheel|p2a: Slowking\n|-supereffective|p2a: Slowking\n|-damage|p2a: Slowking|0 fnt\n|-boost|p1a: the Morpeko|spe|1\n|faint|p2a: Slowking\n|\n|-formechange|p1a: the Morpeko|Morpeko||[from] ability: Hunger Switch\n|upkeep\n|\n|t:|1699920629\n|switch|p2a: Golisopod|Golisopod, M|32\/100\n|turn|7\n|\n|t:|1699920633\n|switch|p1a: The Iron Moth|Iron Moth|100\/100\n|-damage|p1a: The Iron Moth|76\/100|[from] Stealth Rock\n|-enditem|p1a: The Iron Moth|Booster Energy\n|-activate|p1a: The Iron Moth|ability: Quark Drive|[fromitem]\n|-start|p1a: The Iron Moth|quarkdrivespa\n|move|p2a: Golisopod|First Impression|p1a: The Iron Moth\n|-resisted|p1a: The Iron Moth\n|-damage|p1a: The Iron Moth|55\/100\n|\n|upkeep\n|turn|8\n|\n|t:|1699920638\n|move|p1a: The Iron Moth|Fiery Dance|p2a: Golisopod\n|-damage|p2a: Golisopod|0 fnt\n|faint|p2a: Golisopod\n|\n|upkeep\n|\n|t:|1699920641\n|switch|p2a: Corviknight|Corviknight, F|100\/100\n|-ability|p2a: Corviknight|Pressure\n|turn|9\n|\n|t:|1699920643\n|move|p1a: The Iron Moth|Fiery Dance|p2a: Corviknight\n|-supereffective|p2a: Corviknight\n|-damage|p2a: Corviknight|0 fnt\n|faint|p2a: Corviknight\n|\n|upkeep\n|c|\u2606FLT231Larsonshark|gg\n|c|\u2606Z-Bean|Lmao haha i suck\n|c|\u2606Z-Bean|absolute dogshit\n|c|\u2606FLT231Larsonshark|no\n|c|\u2606Z-Bean|gg not really man\n|c|\u2606FLT231Larsonshark|this is a smerf account\n|inactive|Z-Bean has 120 seconds left.\n|c|\u2606Z-Bean|I\u2019m going to go get ice cream\n|c|\u2606FLT231Larsonshark|i shouldnt be this far down  ladder\n|l|\u2606Z-Bean\n|inactive|Z-Bean disconnected and has a minute to reconnect!\n|player|p2|\n|c|\u2606FLT231Larsonshark|im just testing teams\n|inactive|Z-Bean has 30 seconds to reconnect!\n|inactive|Z-Bean has 20 seconds to reconnect!\n|inactive|Z-Bean has 15 seconds to reconnect!\n|inactive|Z-Bean has 10 seconds to reconnect!\n|inactive|Z-Bean has 5 seconds to reconnect!\n|-message|Z-Bean lost due to inactivity.\n|\n|win|FLT231Larsonshark\n|raw|FLT231Larsonshark's rating: 1287 &rarr; <strong>1312<\/strong><br \/>(+25 for winning)\n|raw|Z-Bean's rating: 1283 &rarr; <strong>1258<\/strong><br \/>(-25 for losing)\n","uploadtime":1699920751,"views":5,"p1id":"flt231larsonshark","p2id":"zbean","formatid":"gen9nationaldex","rating":1258,"private":0,"password":""}