{"id":"gen9nationaldex-1990640194","p1":"bao26062002","p2":"elvisma","format":"[Gen 9] National Dex","log":"|j|\u2606bao26062002\n|j|\u2606elvisma\n|t:|1699987928\n|gametype|singles\n|player|p1|bao26062002|265|1663\n|player|p2|elvisma|red-masters|1766\n|teamsize|p1|6\n|teamsize|p2|6\n|gen|9\n|tier|[Gen 9] National Dex\n|rated|\n|rule|HP Percentage Mod: HP is shown in percentages\n|rule|Endless Battle Clause: Forcing endless battles is banned\n|rule|OHKO Clause: OHKO moves are banned\n|rule|Evasion Clause: Evasion abilities, items, and moves are banned\n|rule|Evasion Abilities Clause: Evasion abilities are banned\n|rule|Evasion Items Clause: Evasion items are banned\n|rule|Evasion Moves Clause: Evasion moves are banned\n|rule|Species Clause: Limit one of each Pok\u00e9mon\n|rule|Sleep Clause Mod: Limit one foe put to sleep\n|clearpoke\n|poke|p1|Ogerpon-Wellspring, F|\n|poke|p1|Clodsire, F|\n|poke|p1|Alomomola, M|\n|poke|p1|Ceruledge, F|\n|poke|p1|Tapu Lele|\n|poke|p1|Scizor, F|\n|poke|p2|Azelf|\n|poke|p2|Charizard, M|\n|poke|p2|Ribombee, M|\n|poke|p2|Great Tusk|\n|poke|p2|Ogerpon-Wellspring, F|\n|poke|p2|Victini|\n|teampreview\n|inactive|Battle timer is ON: inactive players will automatically lose when time's up. (requested by bao26062002)\n|\n|t:|1699987942\n|start\n|switch|p1a: Clodsire|Clodsire, F|100\/100\n|switch|p2a: V create spam|Victini|100\/100\n|turn|1\n|\n|t:|1699987952\n|-zpower|p2a: V create spam\n|move|p2a: V create spam|Z-Celebrate|p2a: V create spam|[anim]Celebrate\n|-boost|p2a: V create spam|atk|1|[zeffect]\n|-boost|p2a: V create spam|def|1|[zeffect]\n|-boost|p2a: V create spam|spa|1|[zeffect]\n|-boost|p2a: V create spam|spd|1|[zeffect]\n|-boost|p2a: V create spam|spe|1|[zeffect]\n|-activate|p2a: V create spam|move: Celebrate\n|move|p1a: Clodsire|Stealth Rock|p2a: V create spam\n|-sidestart|p2: elvisma|move: Stealth Rock\n|\n|upkeep\n|turn|2\n|\n|t:|1699987957\n|move|p2a: V create spam|Stored Power|p1a: Clodsire\n|-supereffective|p1a: Clodsire\n|-damage|p1a: Clodsire|46\/100\n|move|p1a: Clodsire|Earthquake|p2a: V create spam\n|-supereffective|p2a: V create spam\n|-damage|p2a: V create spam|46\/100\n|\n|-heal|p1a: Clodsire|52\/100|[from] item: Leftovers\n|upkeep\n|turn|3\n|\n|t:|1699987967\n|-terastallize|p1a: Clodsire|Dark\n|move|p2a: V create spam|Stored Power|p1a: Clodsire\n|-immune|p1a: Clodsire\n|move|p1a: Clodsire|Recover|p1a: Clodsire\n|-heal|p1a: Clodsire|100\/100\n|\n|upkeep\n|turn|4\n|\n|t:|1699987972\n|move|p2a: V create spam|Searing Shot|p1a: Clodsire\n|-damage|p1a: Clodsire|76\/100\n|move|p1a: Clodsire|Earthquake|p2a: V create spam\n|-supereffective|p2a: V create spam\n|-damage|p2a: V create spam|0 fnt\n|faint|p2a: V create spam\n|\n|-heal|p1a: Clodsire|83\/100|[from] item: Leftovers\n|upkeep\n|\n|t:|1699987977\n|switch|p2a: TUSK SWEEP|Great Tusk|100\/100\n|-damage|p2a: TUSK SWEEP|98\/100|[from] Stealth Rock\n|-enditem|p2a: TUSK SWEEP|Booster Energy\n|-activate|p2a: TUSK SWEEP|ability: Protosynthesis|[fromitem]\n|-start|p2a: TUSK SWEEP|protosynthesisatk\n|turn|5\n|\n|t:|1699987986\n|switch|p1a: Ceruledge|Ceruledge, F|100\/100\n|move|p2a: TUSK SWEEP|Headlong Rush|p1a: Ceruledge\n|-supereffective|p1a: Ceruledge\n|-damage|p1a: Ceruledge|0 fnt\n|-unboost|p2a: TUSK SWEEP|def|1\n|-unboost|p2a: TUSK SWEEP|spd|1\n|faint|p1a: Ceruledge\n|\n|upkeep\n|\n|t:|1699987989\n|switch|p1a: Ogerpon|Ogerpon-Wellspring, F|100\/100\n|turn|6\n|\n|t:|1699987993\n|-terastallize|p2a: TUSK SWEEP|Ice\n|move|p1a: Ogerpon|Ivy Cudgel|p2a: TUSK SWEEP|[anim] Ivy Cudgel Water\n|-damage|p2a: TUSK SWEEP|27\/100\n|move|p2a: TUSK SWEEP|Rapid Spin|p1a: Ogerpon\n|-damage|p1a: Ogerpon|71\/100\n|-boost|p2a: TUSK SWEEP|spe|1\n|-sideend|p2: elvisma|Stealth Rock|[from] move: Rapid Spin|[of] p2a: TUSK SWEEP\n|\n|upkeep\n|turn|7\n|\n|t:|1699988007\n|switch|p1a: Alomomola|Alomomola, M|100\/100\n|move|p2a: TUSK SWEEP|Ice Spinner|p1a: Alomomola\n|-resisted|p1a: Alomomola\n|-damage|p1a: Alomomola|87\/100\n|-damage|p2a: TUSK SWEEP|11\/100|[from] item: Rocky Helmet|[of] p1a: Alomomola\n|\n|upkeep\n|turn|8\n|\n|t:|1699988012\n|-end|p2a: TUSK SWEEP|Protosynthesis|[silent]\n|switch|p2a: ZA BEE|Ribombee, M|100\/100\n|move|p1a: Alomomola|Wish|p1a: Alomomola\n|\n|upkeep\n|turn|9\n|\n|t:|1699988018\n|switch|p1a: Clodsire|Clodsire, F, tera:Dark|83\/100\n|move|p2a: ZA BEE|Sticky Web|p1a: Clodsire\n|-sidestart|p1: bao26062002|move: Sticky Web\n|\n|-heal|p1a: Clodsire|100\/100|[from] move: Wish|[wisher] Alomomola\n|upkeep\n|turn|10\n|\n|t:|1699988021\n|switch|p2a: TUSK SWEEP|Great Tusk, tera:Ice|11\/100\n|move|p1a: Clodsire|Stealth Rock|p2a: TUSK SWEEP\n|-sidestart|p2: elvisma|move: Stealth Rock\n|\n|upkeep\n|turn|11\n|\n|t:|1699988035\n|move|p2a: TUSK SWEEP|Rapid Spin|p1a: Clodsire\n|-damage|p1a: Clodsire|80\/100\n|-boost|p2a: TUSK SWEEP|spe|1\n|-sideend|p2: elvisma|Stealth Rock|[from] move: Rapid Spin|[of] p2a: TUSK SWEEP\n|move|p1a: Clodsire|Earthquake|p2a: TUSK SWEEP\n|-damage|p2a: TUSK SWEEP|0 fnt\n|faint|p2a: TUSK SWEEP\n|-end|p2a: TUSK SWEEP|Protosynthesis|[silent]\n|\n|-heal|p1a: Clodsire|86\/100|[from] item: Leftovers\n|upkeep\n|\n|t:|1699988038\n|switch|p2a: ZA BEE|Ribombee, M|100\/100\n|turn|12\n|\n|t:|1699988042\n|move|p2a: ZA BEE|Moonblast|p1a: Clodsire\n|-supereffective|p1a: Clodsire\n|-damage|p1a: Clodsire|36\/100\n|move|p1a: Clodsire|Stealth Rock|p2a: ZA BEE\n|-sidestart|p2: elvisma|move: Stealth Rock\n|\n|-heal|p1a: Clodsire|43\/100|[from] item: Leftovers\n|upkeep\n|turn|13\n|\n|t:|1699988048\n|switch|p2a: ampheros|Charizard, M|100\/100\n|-damage|p2a: ampheros|51\/100|[from] Stealth Rock\n|switch|p1a: Scizor|Scizor, F|100\/100\n|-activate|p1a: Scizor|move: Sticky Web\n|-unboost|p1a: Scizor|spe|1\n|\n|upkeep\n|turn|14\n|\n|t:|1699988055\n|detailschange|p2a: ampheros|Charizard-Mega-X, M\n|-mega|p2a: ampheros|Charizard|Charizardite X\n|detailschange|p1a: Scizor|Scizor-Mega, F\n|-mega|p1a: Scizor|Scizor|Scizorite\n|move|p1a: Scizor|Bullet Punch|p2a: ampheros\n|-resisted|p2a: ampheros\n|-damage|p2a: ampheros|29\/100\n|move|p2a: ampheros|Dragon Dance|p2a: ampheros\n|-boost|p2a: ampheros|atk|1\n|-boost|p2a: ampheros|spe|1\n|\n|upkeep\n|turn|15\n|\n|t:|1699988064\n|switch|p1a: Alomomola|Alomomola, M|100\/100\n|-activate|p1a: Alomomola|move: Sticky Web\n|-unboost|p1a: Alomomola|spe|1\n|move|p2a: ampheros|Fire Punch|p1a: Alomomola\n|-resisted|p1a: Alomomola\n|-damage|p1a: Alomomola|82\/100\n|-status|p1a: Alomomola|brn\n|-damage|p2a: ampheros|13\/100|[from] item: Rocky Helmet|[of] p1a: Alomomola\n|\n|-damage|p1a: Alomomola|76\/100 brn|[from] brn\n|upkeep\n|turn|16\n|\n|t:|1699988069\n|move|p2a: ampheros|Dragon Claw|p1a: Alomomola\n|-damage|p1a: Alomomola|31\/100 brn\n|-damage|p2a: ampheros|0 fnt|[from] item: Rocky Helmet|[of] p1a: Alomomola\n|faint|p2a: ampheros\n|move|p1a: Alomomola|Flip Turn|p2: ampheros|[notarget]\n|-fail|p1a: Alomomola\n|\n|-damage|p1a: Alomomola|24\/100 brn|[from] brn\n|upkeep\n|\n|t:|1699988073\n|switch|p2a: touchgrassdrinkH2O|Ogerpon-Wellspring, F|100\/100\n|-damage|p2a: touchgrassdrinkH2O|88\/100|[from] Stealth Rock\n|turn|17\n|\n|t:|1699988075\n|move|p2a: touchgrassdrinkH2O|Swords Dance|p2a: touchgrassdrinkH2O\n|-boost|p2a: touchgrassdrinkH2O|atk|2\n|move|p1a: Alomomola|Toxic|p2a: touchgrassdrinkH2O\n|-status|p2a: touchgrassdrinkH2O|tox\n|\n|-damage|p2a: touchgrassdrinkH2O|82\/100 tox|[from] psn\n|-damage|p1a: Alomomola|18\/100 brn|[from] brn\n|upkeep\n|turn|18\n|\n|t:|1699988081\n|switch|p1a: Scizor|Scizor-Mega, F|100\/100\n|-activate|p1a: Scizor|move: Sticky Web\n|-unboost|p1a: Scizor|spe|1\n|move|p2a: touchgrassdrinkH2O|Ivy Cudgel|p1a: Scizor|[anim] Ivy Cudgel Water\n|-damage|p1a: Scizor|15\/100\n|\n|-damage|p2a: touchgrassdrinkH2O|70\/100 tox|[from] psn\n|upkeep\n|turn|19\n|\n|t:|1699988089\n|move|p1a: Scizor|Bullet Punch|p2a: touchgrassdrinkH2O\n|-resisted|p2a: touchgrassdrinkH2O\n|-damage|p2a: touchgrassdrinkH2O|47\/100 tox\n|move|p2a: touchgrassdrinkH2O|Horn Leech|p1a: Scizor\n|-resisted|p1a: Scizor\n|-damage|p1a: Scizor|0 fnt\n|-heal|p2a: touchgrassdrinkH2O|53\/100 tox|[from] drain|[of] p1a: Scizor\n|faint|p1a: Scizor\n|\n|-damage|p2a: touchgrassdrinkH2O|35\/100 tox|[from] psn\n|upkeep\n|\n|t:|1699988100\n|switch|p1a: Alomomola|Alomomola, M|52\/100 brn\n|-activate|p1a: Alomomola|move: Sticky Web\n|-unboost|p1a: Alomomola|spe|1\n|turn|20\n|\n|t:|1699988105\n|move|p1a: Alomomola|Protect|p1a: Alomomola\n|-singleturn|p1a: Alomomola|Protect\n|move|p2a: touchgrassdrinkH2O|Horn Leech|p1a: Alomomola\n|-activate|p1a: Alomomola|move: Protect\n|\n|-damage|p2a: touchgrassdrinkH2O|11\/100 tox|[from] psn\n|-damage|p1a: Alomomola|45\/100 brn|[from] brn\n|upkeep\n|turn|21\n|\n|t:|1699988118\n|move|p2a: touchgrassdrinkH2O|Horn Leech|p1a: Alomomola\n|-supereffective|p1a: Alomomola\n|-damage|p1a: Alomomola|0 fnt\n|-heal|p2a: touchgrassdrinkH2O|51\/100 tox|[from] drain|[of] p1a: Alomomola\n|-damage|p2a: touchgrassdrinkH2O|35\/100 tox|[from] item: Rocky Helmet|[of] p1a: Alomomola\n|faint|p1a: Alomomola\n|\n|-damage|p2a: touchgrassdrinkH2O|5\/100 tox|[from] psn\n|upkeep\n|\n|t:|1699988130\n|switch|p1a: Clodsire|Clodsire, F, tera:Dark|43\/100\n|-activate|p1a: Clodsire|move: Sticky Web\n|-unboost|p1a: Clodsire|spe|1\n|turn|22\n|\n|t:|1699988132\n|move|p2a: touchgrassdrinkH2O|Horn Leech|p1a: Clodsire\n|-damage|p1a: Clodsire|0 fnt\n|-heal|p2a: touchgrassdrinkH2O|37\/100 tox|[from] drain|[of] p1a: Clodsire\n|faint|p1a: Clodsire\n|\n|-damage|p2a: touchgrassdrinkH2O|1\/100 tox|[from] psn\n|upkeep\n|c|\u2606elvisma|lets go\n|\n|t:|1699988140\n|switch|p1a: Ogerpon|Ogerpon-Wellspring, F|71\/100\n|-activate|p1a: Ogerpon|move: Sticky Web\n|-unboost|p1a: Ogerpon|spe|1\n|turn|23\n|c|\u2606elvisma|this is why min hp ogerpon is meta\n|c|\u2606elvisma|TRUST\n|\n|t:|1699988150\n|move|p2a: touchgrassdrinkH2O|Horn Leech|p1a: Ogerpon\n|-damage|p1a: Ogerpon|0 fnt\n|-heal|p2a: touchgrassdrinkH2O|37\/100 tox|[from] drain|[of] p1a: Ogerpon\n|faint|p1a: Ogerpon\n|\n|-damage|p2a: touchgrassdrinkH2O|0 fnt|[from] psn\n|faint|p2a: touchgrassdrinkH2O\n|upkeep\n|\n|t:|1699988164\n|switch|p1a: Tapu Lele|Tapu Lele|100\/100\n|switch|p2a: ZA BEE|Ribombee, M|100\/100\n|-damage|p2a: ZA BEE|76\/100|[from] Stealth Rock\n|-activate|p1a: Tapu Lele|move: Sticky Web\n|-unboost|p1a: Tapu Lele|spe|1\n|-fieldstart|move: Psychic Terrain|[from] ability: Psychic Surge|[of] p1a: Tapu Lele\n|turn|24\n|\n|t:|1699988168\n|move|p2a: ZA BEE|Moonblast|p1a: Tapu Lele\n|-crit|p1a: Tapu Lele\n|-damage|p1a: Tapu Lele|35\/100\n|move|p1a: Tapu Lele|Psychic|p2a: ZA BEE\n|-damage|p2a: ZA BEE|0 fnt\n|faint|p2a: ZA BEE\n|\n|upkeep\n|\n|t:|1699988171\n|switch|p2a: pls dont u-turn|Azelf|100\/100\n|-damage|p2a: pls dont u-turn|88\/100|[from] Stealth Rock\n|turn|25\n|c|\u2606elvisma|gg\n|c|\u2606elvisma|im assult vest\n|c|\u2606elvisma|so unless you get a crit\n|c|\u2606elvisma|i win\n|\n|t:|1699988188\n|move|p2a: pls dont u-turn|Thunderbolt|p1a: Tapu Lele\n|-damage|p1a: Tapu Lele|3\/100\n|move|p1a: Tapu Lele|Psychic|p2a: pls dont u-turn\n|-resisted|p2a: pls dont u-turn\n|-damage|p2a: pls dont u-turn|37\/100\n|\n|upkeep\n|turn|26\n|c|\u2606bao26062002|Gg\n|\n|t:|1699988195\n|move|p2a: pls dont u-turn|Thunderbolt|p1a: Tapu Lele\n|-damage|p1a: Tapu Lele|0 fnt\n|faint|p1a: Tapu Lele\n|\n|win|elvisma\n|raw|bao26062002's rating: 1677 &rarr; <strong>1662<\/strong><br \/>(-15 for losing)\n|raw|elvisma's rating: 1766 &rarr; <strong>1781<\/strong><br \/>(+15 for winning)\n","uploadtime":1699988203,"views":3,"p1id":"bao26062002","p2id":"elvisma","formatid":"gen9nationaldex","rating":1662,"private":0,"password":""}