{"id":"gen9nationaldex-1994841504","p1":"qizhouzhishen","p2":"Z6ninmk","format":"[Gen 9] National Dex","log":"|html|<div class=\"broadcast-blue\"><strong>[Gen 9] National Dex is currently suspecting Sneasler! For information on how to participate check out the <a href=\"https:\/\/www.smogon.com\/forums\/threads\/sv-national-dex-suspect-8-just-dance.3731534\/\">suspect thread<\/a>.<\/strong><\/div>\n|j|\u2606qizhouzhishen\n|j|\u2606Z6ninmk\n|t:|1700497731\n|gametype|singles\n|player|p1|qizhouzhishen|hiker-gen4|1045\n|player|p2|Z6ninmk|265|1060\n|teamsize|p1|6\n|teamsize|p2|6\n|gen|9\n|tier|[Gen 9] National Dex\n|rated|\n|rule|HP Percentage Mod: HP is shown in percentages\n|rule|Endless Battle Clause: Forcing endless battles is banned\n|rule|OHKO Clause: OHKO moves are banned\n|rule|Evasion Clause: Evasion abilities, items, and moves are banned\n|rule|Evasion Abilities Clause: Evasion abilities are banned\n|rule|Evasion Items Clause: Evasion items are banned\n|rule|Evasion Moves Clause: Evasion moves are banned\n|rule|Species Clause: Limit one of each Pok\u00e9mon\n|rule|Sleep Clause Mod: Limit one foe put to sleep\n|clearpoke\n|poke|p1|Samurott-Hisui, F|\n|poke|p1|Snorlax, M|\n|poke|p1|Gallade, M|\n|poke|p1|Corviknight, F|\n|poke|p1|Cinderace, F|\n|poke|p1|Mimikyu, F|\n|poke|p2|Serperior, M|\n|poke|p2|Torkoal, M|\n|poke|p2|Charizard, F|\n|poke|p2|Lilligant-Hisui, F|\n|poke|p2|Iron Moth|\n|poke|p2|Delphox, F|\n|teampreview\n|\n|t:|1700497743\n|start\n|switch|p1a: \u81ea\u7531\u5c04\u95e8|Cinderace, F|100\/100\n|switch|p2a: Torkoal|Torkoal, M|100\/100\n|-weather|SunnyDay|[from] ability: Drought|[of] p2a: Torkoal\n|turn|1\n|\n|t:|1700497775\n|move|p1a: \u81ea\u7531\u5c04\u95e8|Pyro Ball|p2a: Torkoal\n|-resisted|p2a: Torkoal\n|-damage|p2a: Torkoal|74\/100\n|move|p2a: Torkoal|Earth Power|p1a: \u81ea\u7531\u5c04\u95e8\n|-supereffective|p1a: \u81ea\u7531\u5c04\u95e8\n|-damage|p1a: \u81ea\u7531\u5c04\u95e8|67\/100\n|\n|-weather|SunnyDay|[upkeep]\n|upkeep\n|turn|2\n|\n|t:|1700497792\n|switch|p2a: Charizard|Charizard, F, shiny|100\/100\n|move|p1a: \u81ea\u7531\u5c04\u95e8|Gunk Shot|p2a: Charizard\n|-start|p1a: \u81ea\u7531\u5c04\u95e8|typechange|Poison|[from] ability: Libero\n|-damage|p2a: Charizard|25\/100\n|\n|-weather|SunnyDay|[upkeep]\n|-damage|p2a: Charizard|12\/100|[from] ability: Solar Power|[of] p2a: Charizard\n|upkeep\n|turn|3\n|\n|t:|1700497803\n|move|p1a: \u81ea\u7531\u5c04\u95e8|Gunk Shot|p2a: Charizard\n|-damage|p2a: Charizard|0 fnt\n|faint|p2a: Charizard\n|\n|-weather|SunnyDay|[upkeep]\n|upkeep\n|\n|t:|1700497818\n|switch|p2a: Iron Moth|Iron Moth|100\/100\n|-enditem|p2a: Iron Moth|Booster Energy\n|-activate|p2a: Iron Moth|ability: Quark Drive|[fromitem]\n|-start|p2a: Iron Moth|quarkdrivespe\n|turn|4\n|\n|t:|1700497827\n|move|p2a: Iron Moth|Fiery Dance|p1a: \u81ea\u7531\u5c04\u95e8\n|-damage|p1a: \u81ea\u7531\u5c04\u95e8|12\/100\n|move|p1a: \u81ea\u7531\u5c04\u95e8|U-turn|p2a: Iron Moth\n|-resisted|p2a: Iron Moth\n|-damage|p2a: Iron Moth|92\/100\n|\n|t:|1700497833\n|switch|p1a: \u5176\u540d\u4e3a\uff1a\u6211|Snorlax, M|100\/100|[from] U-turn\n|\n|-weather|SunnyDay|[upkeep]\n|upkeep\n|turn|5\n|\n|t:|1700497843\n|-end|p2a: Iron Moth|Quark Drive|[silent]\n|switch|p2a: Lilligant|Lilligant-Hisui, F, shiny|100\/100\n|move|p1a: \u5176\u540d\u4e3a\uff1a\u6211|Curse|p1a: \u5176\u540d\u4e3a\uff1a\u6211\n|-unboost|p1a: \u5176\u540d\u4e3a\uff1a\u6211|spe|1\n|-boost|p1a: \u5176\u540d\u4e3a\uff1a\u6211|atk|1\n|-boost|p1a: \u5176\u540d\u4e3a\uff1a\u6211|def|1\n|\n|-weather|SunnyDay|[upkeep]\n|upkeep\n|turn|6\n|\n|t:|1700497874\n|switch|p2a: Delphox|Delphox, F, shiny|100\/100\n|-terastallize|p1a: \u5176\u540d\u4e3a\uff1a\u6211|Fairy\n|move|p1a: \u5176\u540d\u4e3a\uff1a\u6211|Curse|p1a: \u5176\u540d\u4e3a\uff1a\u6211\n|-unboost|p1a: \u5176\u540d\u4e3a\uff1a\u6211|spe|1\n|-boost|p1a: \u5176\u540d\u4e3a\uff1a\u6211|atk|1\n|-boost|p1a: \u5176\u540d\u4e3a\uff1a\u6211|def|1\n|\n|-weather|SunnyDay|[upkeep]\n|upkeep\n|turn|7\n|\n|t:|1700497895\n|move|p2a: Delphox|Psyshock|p1a: \u5176\u540d\u4e3a\uff1a\u6211\n|-damage|p1a: \u5176\u540d\u4e3a\uff1a\u6211|81\/100\n|move|p1a: \u5176\u540d\u4e3a\uff1a\u6211|Earthquake|p2a: Delphox\n|-supereffective|p2a: Delphox\n|-damage|p2a: Delphox|0 fnt\n|faint|p2a: Delphox\n|\n|-weather|SunnyDay|[upkeep]\n|upkeep\n|\n|t:|1700497913\n|switch|p2a: Torkoal|Torkoal, M|74\/100\n|turn|8\n|\n|t:|1700497921\n|move|p2a: Torkoal|Body Press|p1a: \u5176\u540d\u4e3a\uff1a\u6211\n|-resisted|p1a: \u5176\u540d\u4e3a\uff1a\u6211\n|-damage|p1a: \u5176\u540d\u4e3a\uff1a\u6211|74\/100\n|move|p1a: \u5176\u540d\u4e3a\uff1a\u6211|Earthquake|p2a: Torkoal\n|-supereffective|p2a: Torkoal\n|-damage|p2a: Torkoal|0 fnt\n|faint|p2a: Torkoal\n|\n|-weather|none\n|upkeep\n|\n|t:|1700497930\n|switch|p2a: Serperior|Serperior, M, shiny|100\/100\n|turn|9\n|\n|t:|1700497937\n|move|p2a: Serperior|Leaf Storm|p1a: \u5176\u540d\u4e3a\uff1a\u6211\n|-damage|p1a: \u5176\u540d\u4e3a\uff1a\u6211|46\/100\n|-boost|p2a: Serperior|spa|2\n|-enditem|p1a: \u5176\u540d\u4e3a\uff1a\u6211|Sitrus Berry|[eat]\n|-heal|p1a: \u5176\u540d\u4e3a\uff1a\u6211|71\/100|[from] item: Sitrus Berry\n|move|p1a: \u5176\u540d\u4e3a\uff1a\u6211|Body Slam|p2a: Serperior\n|-damage|p2a: Serperior|0 fnt\n|faint|p2a: Serperior\n|\n|upkeep\n|\n|t:|1700497947\n|switch|p2a: Iron Moth|Iron Moth|92\/100\n|turn|10\n|\n|t:|1700497952\n|move|p2a: Iron Moth|Sludge Wave|p1a: \u5176\u540d\u4e3a\uff1a\u6211\n|-supereffective|p1a: \u5176\u540d\u4e3a\uff1a\u6211\n|-damage|p1a: \u5176\u540d\u4e3a\uff1a\u6211|8\/100\n|move|p1a: \u5176\u540d\u4e3a\uff1a\u6211|Earthquake|p2a: Iron Moth\n|-supereffective|p2a: Iron Moth\n|-damage|p2a: Iron Moth|0 fnt\n|faint|p2a: Iron Moth\n|-end|p2a: Iron Moth|Quark Drive|[silent]\n|\n|upkeep\n|\n|t:|1700497960\n|switch|p2a: Lilligant|Lilligant-Hisui, F, shiny|100\/100\n|turn|11\n|\n|t:|1700497967\n|move|p2a: Lilligant|Ice Spinner|p1a: \u5176\u540d\u4e3a\uff1a\u6211\n|-damage|p1a: \u5176\u540d\u4e3a\uff1a\u6211|2\/100\n|move|p1a: \u5176\u540d\u4e3a\uff1a\u6211|Earthquake|p2a: Lilligant\n|-resisted|p2a: Lilligant\n|-damage|p2a: Lilligant|47\/100\n|\n|-heal|p2a: Lilligant|54\/100|[from] item: Leftovers\n|upkeep\n|turn|12\n|\n|t:|1700497976\n|move|p2a: Lilligant|Ice Spinner|p1a: \u5176\u540d\u4e3a\uff1a\u6211\n|-damage|p1a: \u5176\u540d\u4e3a\uff1a\u6211|0 fnt\n|faint|p1a: \u5176\u540d\u4e3a\uff1a\u6211\n|\n|-heal|p2a: Lilligant|60\/100|[from] item: Leftovers\n|upkeep\n|\n|t:|1700497983\n|switch|p1a: \u96be\u89c1\u771f\u5bb9|Mimikyu, F|100\/100\n|turn|13\n|\n|t:|1700497990\n|move|p2a: Lilligant|Ice Spinner|p1a: \u96be\u89c1\u771f\u5bb9\n|-activate|p1a: \u96be\u89c1\u771f\u5bb9|ability: Disguise\n|-damage|p1a: \u96be\u89c1\u771f\u5bb9|100\/100\n|detailschange|p1a: \u96be\u89c1\u771f\u5bb9|Mimikyu-Busted, F\n|-damage|p1a: \u96be\u89c1\u771f\u5bb9|88\/100|[from] pokemon: Mimikyu-Busted\n|-zpower|p1a: \u96be\u89c1\u771f\u5bb9\n|move|p1a: \u96be\u89c1\u771f\u5bb9|Let's Snuggle Forever|p2a: Lilligant|[zeffect]\n|-supereffective|p2a: Lilligant\n|-damage|p2a: Lilligant|0 fnt\n|faint|p2a: Lilligant\n|\n|win|qizhouzhishen\n|raw|qizhouzhishen's rating: 1045 &rarr; <strong>1080<\/strong><br \/>(+35 for winning)\n|raw|Z6ninmk's rating: 1060 &rarr; <strong>1040<\/strong><br \/>(-20 for losing)\n","uploadtime":1700498007,"views":3,"p1id":"qizhouzhishen","p2id":"z6ninmk","formatid":"gen9nationaldex","rating":1040,"private":0,"password":""}