{"id":"gen9nationaldex-1987645122","p1":"rvucjyvkgf","p2":"maleng","format":"[Gen 9] National Dex","log":"|j|\u2606rvucjyvkgf\n|j|\u2606maleng\n|t:|1699623430\n|gametype|singles\n|player|p1|rvucjyvkgf|2|1135\n|player|p2|maleng|brycen|1128\n|teamsize|p1|6\n|teamsize|p2|6\n|gen|9\n|tier|[Gen 9] National Dex\n|rated|\n|rule|HP Percentage Mod: HP is shown in percentages\n|rule|Endless Battle Clause: Forcing endless battles is banned\n|rule|OHKO Clause: OHKO moves are banned\n|rule|Evasion Clause: Evasion abilities, items, and moves are banned\n|rule|Evasion Abilities Clause: Evasion abilities are banned\n|rule|Evasion Items Clause: Evasion items are banned\n|rule|Evasion Moves Clause: Evasion moves are banned\n|rule|Species Clause: Limit one of each Pok\u00e9mon\n|rule|Sleep Clause Mod: Limit one foe put to sleep\n|clearpoke\n|poke|p1|Galvantula, M|\n|poke|p1|Medicham, F|\n|poke|p1|Bisharp, M|\n|poke|p1|Swellow, F|\n|poke|p1|Hoopa-Unbound|\n|poke|p1|Gengar, M|\n|poke|p2|Charizard, M|\n|poke|p2|Sneasler, F|\n|poke|p2|Azumarill, F|\n|poke|p2|Sandy Shocks|\n|poke|p2|Yanmega, F|\n|poke|p2|Goodra-Hisui, M|\n|teampreview\n|\n|t:|1699623454\n|start\n|switch|p1a: Galvantula|Galvantula, M, shiny|100\/100\n|switch|p2a: Goodra|Goodra-Hisui, M|100\/100\n|turn|1\n|\n|t:|1699623468\n|move|p1a: Galvantula|Sticky Web|p2a: Goodra\n|-sidestart|p2: maleng|move: Sticky Web\n|move|p2a: Goodra|Dragon Pulse|p1a: Galvantula\n|-damage|p1a: Galvantula|26\/100\n|\n|upkeep\n|turn|2\n|\n|t:|1699623475\n|move|p1a: Galvantula|Thunder|p2a: Goodra\n|-resisted|p2a: Goodra\n|-damage|p2a: Goodra|90\/100\n|move|p2a: Goodra|Dragon Pulse|p1a: Galvantula\n|-damage|p1a: Galvantula|0 fnt\n|faint|p1a: Galvantula\n|\n|upkeep\n|\n|t:|1699623485\n|switch|p1a: Medicham|Medicham, F, shiny|100\/100\n|turn|3\n|\n|t:|1699623504\n|switch|p2a: Sneasler|Sneasler, F|100\/100\n|-activate|p2a: Sneasler|move: Sticky Web\n|-unboost|p2a: Sneasler|spe|1\n|detailschange|p1a: Medicham|Medicham-Mega, F, shiny\n|-mega|p1a: Medicham|Medicham|Medichamite\n|move|p1a: Medicham|Drain Punch|p2a: Sneasler\n|-resisted|p2a: Sneasler\n|-damage|p2a: Sneasler|43\/100\n|\n|upkeep\n|turn|4\n|\n|t:|1699623517\n|move|p1a: Medicham|Psycho Cut|p2a: Sneasler\n|-supereffective|p2a: Sneasler\n|-damage|p2a: Sneasler|0 fnt\n|faint|p2a: Sneasler\n|\n|upkeep\n|\n|t:|1699623531\n|switch|p2a: Yanmega|Yanmega, F|100\/100\n|turn|5\n|\n|t:|1699623539\n|switch|p1a: Swellow|Swellow, F|100\/100\n|-terastallize|p2a: Yanmega|Rock\n|move|p2a: Yanmega|Giga Drain|p1a: Swellow\n|-resisted|p1a: Swellow\n|-damage|p1a: Swellow|58\/100\n|\n|-status|p1a: Swellow|brn|[from] item: Flame Orb\n|-ability|p2a: Yanmega|Speed Boost|boost\n|-boost|p2a: Yanmega|spe|1\n|upkeep\n|turn|6\n|\n|t:|1699623551\n|move|p2a: Yanmega|Giga Drain|p1a: Swellow\n|-resisted|p1a: Swellow\n|-damage|p1a: Swellow|14\/100 brn\n|move|p1a: Swellow|Facade|p2a: Yanmega\n|-resisted|p2a: Yanmega\n|-damage|p2a: Yanmega|42\/100\n|\n|-damage|p1a: Swellow|8\/100 brn|[from] brn\n|-ability|p2a: Yanmega|Speed Boost|boost\n|-boost|p2a: Yanmega|spe|1\n|upkeep\n|turn|7\n|\n|t:|1699623562\n|move|p1a: Swellow|Quick Attack|p2a: Yanmega\n|-resisted|p2a: Yanmega\n|-damage|p2a: Yanmega|27\/100\n|move|p2a: Yanmega|Giga Drain|p1a: Swellow\n|-resisted|p1a: Swellow\n|-damage|p1a: Swellow|0 fnt\n|-heal|p2a: Yanmega|31\/100|[from] drain|[of] p1a: Swellow\n|faint|p1a: Swellow\n|\n|-ability|p2a: Yanmega|Speed Boost|boost\n|-boost|p2a: Yanmega|spe|1\n|upkeep\n|\n|t:|1699623573\n|switch|p1a: Bisharp|Bisharp, M, shiny|100\/100\n|turn|8\n|\n|t:|1699623578\n|move|p2a: Yanmega|Giga Drain|p1a: Bisharp\n|-resisted|p1a: Bisharp\n|-damage|p1a: Bisharp|82\/100\n|-heal|p2a: Yanmega|39\/100|[from] drain|[of] p1a: Bisharp\n|move|p1a: Bisharp|Swords Dance|p1a: Bisharp\n|-boost|p1a: Bisharp|atk|2\n|\n|-ability|p2a: Yanmega|Speed Boost|boost\n|-boost|p2a: Yanmega|spe|1\n|upkeep\n|turn|9\n|\n|t:|1699623598\n|switch|p2a: Charizard|Charizard, M|100\/100\n|move|p1a: Bisharp|Knock Off|p2a: Charizard\n|-damage|p2a: Charizard|0 fnt\n|faint|p2a: Charizard\n|\n|upkeep\n|\n|t:|1699623606\n|switch|p2a: Azumarill|Azumarill, F|100\/100\n|-activate|p2a: Azumarill|move: Sticky Web\n|-unboost|p2a: Azumarill|spe|1\n|turn|10\n|\n|t:|1699623613\n|move|p1a: Bisharp|Iron Head|p2a: Azumarill\n|-crit|p2a: Azumarill\n|-damage|p2a: Azumarill|0 fnt\n|faint|p2a: Azumarill\n|\n|upkeep\n|\n|t:|1699623620\n|switch|p2a: Goodra|Goodra-Hisui, M|90\/100\n|-activate|p2a: Goodra|move: Sticky Web\n|-unboost|p2a: Goodra|spe|1\n|turn|11\n|\n|t:|1699623628\n|move|p1a: Bisharp|Knock Off|p2a: Goodra\n|-damage|p2a: Goodra|0 fnt\n|-ability|p2a: Goodra|Gooey\n|-unboost|p1a: Bisharp|spe|1\n|-ability|p1a: Bisharp|Defiant|boost\n|-boost|p1a: Bisharp|atk|2\n|-enditem|p2a: Goodra|Assault Vest|[from] move: Knock Off|[of] p1a: Bisharp\n|faint|p2a: Goodra\n|\n|upkeep\n|\n|t:|1699623638\n|switch|p2a: Sandy Shocks|Sandy Shocks|100\/100\n|-activate|p2a: Sandy Shocks|move: Sticky Web\n|-unboost|p2a: Sandy Shocks|spe|1\n|-enditem|p2a: Sandy Shocks|Booster Energy\n|-activate|p2a: Sandy Shocks|ability: Protosynthesis|[fromitem]\n|-start|p2a: Sandy Shocks|protosynthesisspa\n|turn|12\n|\n|t:|1699623647\n|move|p1a: Bisharp|Sucker Punch||[still]\n|-fail|p1a: Bisharp\n|move|p2a: Sandy Shocks|Gravity|p2a: Sandy Shocks\n|-fieldstart|move: Gravity\n|\n|upkeep\n|turn|13\n|\n|t:|1699623654\n|move|p1a: Bisharp|Sucker Punch|p2a: Sandy Shocks\n|-damage|p2a: Sandy Shocks|0 fnt\n|faint|p2a: Sandy Shocks\n|-end|p2a: Sandy Shocks|Protosynthesis|[silent]\n|\n|upkeep\n|\n|t:|1699623658\n|switch|p2a: Yanmega|Yanmega, F, tera:Rock|39\/100\n|-activate|p2a: Yanmega|move: Sticky Web\n|-unboost|p2a: Yanmega|spe|1\n|turn|14\n|\n|t:|1699623665\n|move|p1a: Bisharp|Sucker Punch|p2a: Yanmega\n|-damage|p2a: Yanmega|0 fnt\n|faint|p2a: Yanmega\n|\n|win|rvucjyvkgf\n|raw|rvucjyvkgf's rating: 1135 &rarr; <strong>1159<\/strong><br \/>(+24 for winning)\n|raw|maleng's rating: 1128 &rarr; <strong>1104<\/strong><br \/>(-24 for losing)\n","uploadtime":1699623671,"views":6,"p1id":"rvucjyvkgf","p2id":"maleng","formatid":"gen9nationaldex","rating":1104,"private":0,"password":""}