{"id":"gen9nationaldex-1988867638","p1":"cyqy06210703","p2":"Blockyisepiklol","format":"[Gen 9] National Dex","log":"|j|\u2606cyqy06210703\n|j|\u2606Blockyisepiklol\n|t:|1699777199\n|gametype|singles\n|player|p1|cyqy06210703|marnie|1151\n|player|p2|Blockyisepiklol|nate|1059\n|teamsize|p1|6\n|teamsize|p2|6\n|gen|9\n|tier|[Gen 9] National Dex\n|rated|\n|rule|HP Percentage Mod: HP is shown in percentages\n|rule|Endless Battle Clause: Forcing endless battles is banned\n|rule|OHKO Clause: OHKO moves are banned\n|rule|Evasion Clause: Evasion abilities, items, and moves are banned\n|rule|Evasion Abilities Clause: Evasion abilities are banned\n|rule|Evasion Items Clause: Evasion items are banned\n|rule|Evasion Moves Clause: Evasion moves are banned\n|rule|Species Clause: Limit one of each Pok\u00e9mon\n|rule|Sleep Clause Mod: Limit one foe put to sleep\n|clearpoke\n|poke|p1|Tapu Lele|\n|poke|p1|Grimmsnarl, M|\n|poke|p1|Garchomp, F|\n|poke|p1|Morpeko, F|\n|poke|p1|Scizor, F|\n|poke|p1|Sneasler, F|\n|poke|p2|Volcarona, M|\n|poke|p2|Diancie|\n|poke|p2|Samurott-Hisui, M|\n|poke|p2|Rillaboom, M|\n|poke|p2|Urshifu-*, M|\n|poke|p2|Maushold-Four|\n|teampreview\n|\n|t:|1699777204\n|start\n|switch|p1a: Grimmsnarl|Grimmsnarl, M|100\/100\n|switch|p2a: Diancie|Diancie, shiny|100\/100\n|turn|1\n|\n|t:|1699777216\n|switch|p1a: Scizor|Scizor, F|100\/100\n|detailschange|p2a: Diancie|Diancie-Mega, shiny\n|-mega|p2a: Diancie|Diancie|Diancite\n|move|p2a: Diancie|Stealth Rock|p1a: Scizor\n|-sidestart|p1: cyqy06210703|move: Stealth Rock\n|\n|upkeep\n|turn|2\n|\n|t:|1699777224\n|move|p2a: Diancie|Mystical Fire|p1a: Scizor\n|-supereffective|p1a: Scizor\n|-damage|p1a: Scizor|0 fnt\n|faint|p1a: Scizor\n|\n|upkeep\n|\n|t:|1699777246\n|switch|p1a: Tapu Lele|Tapu Lele|100\/100\n|-damage|p1a: Tapu Lele|88\/100|[from] Stealth Rock\n|-fieldstart|move: Psychic Terrain|[from] ability: Psychic Surge|[of] p1a: Tapu Lele\n|turn|3\n|\n|t:|1699777257\n|-terastallize|p1a: Tapu Lele|Psychic\n|move|p1a: Tapu Lele|Psychic|p2a: Diancie\n|-damage|p2a: Diancie|0 fnt\n|faint|p2a: Diancie\n|\n|upkeep\n|inactive|Battle timer is ON: inactive players will automatically lose when time's up. (requested by cyqy06210703)\n|\n|t:|1699777265\n|switch|p2a: Samurott|Samurott-Hisui, M|100\/100\n|turn|4\n|\n|t:|1699777271\n|switch|p1a: Grimmsnarl|Grimmsnarl, M|100\/100\n|-damage|p1a: Grimmsnarl|88\/100|[from] Stealth Rock\n|move|p2a: Samurott|Ceaseless Edge|p1a: Grimmsnarl\n|-resisted|p1a: Grimmsnarl\n|-damage|p1a: Grimmsnarl|74\/100\n|-sidestart|p1: cyqy06210703|Spikes\n|\n|-heal|p1a: Grimmsnarl|81\/100|[from] item: Leftovers\n|upkeep\n|turn|5\n|\n|t:|1699777290\n|switch|p2a: Maushold|Maushold-Four|100\/100\n|move|p1a: Grimmsnarl|Play Rough|p2a: Maushold\n|-damage|p2a: Maushold|23\/100\n|\n|-heal|p1a: Grimmsnarl|87\/100|[from] item: Leftovers\n|upkeep\n|turn|6\n|\n|t:|1699777304\n|move|p2a: Maushold|Seed Bomb|p1a: Grimmsnarl\n|-damage|p1a: Grimmsnarl|62\/100\n|move|p1a: Grimmsnarl|Play Rough|p2a: Maushold\n|-damage|p2a: Maushold|0 fnt\n|faint|p2a: Maushold\n|\n|-heal|p1a: Grimmsnarl|68\/100|[from] item: Leftovers\n|upkeep\n|\n|t:|1699777318\n|switch|p2a: Volcarona|Volcarona, M|100\/100\n|turn|7\n|\n|t:|1699777330\n|move|p2a: Volcarona|Fiery Dance|p1a: Grimmsnarl\n|-damage|p1a: Grimmsnarl|21\/100\n|-boost|p2a: Volcarona|spa|1\n|move|p1a: Grimmsnarl|Darkest Lariat|p2a: Volcarona\n|-damage|p2a: Volcarona|34\/100\n|\n|-heal|p1a: Grimmsnarl|28\/100|[from] item: Leftovers\n|-fieldend|move: Psychic Terrain\n|upkeep\n|turn|8\n|\n|t:|1699777340\n|move|p1a: Grimmsnarl|Reflect|p1a: Grimmsnarl\n|-sidestart|p1: cyqy06210703|Reflect\n|move|p2a: Volcarona|Fiery Dance|p1a: Grimmsnarl\n|-damage|p1a: Grimmsnarl|0 fnt\n|-boost|p2a: Volcarona|spa|1\n|faint|p1a: Grimmsnarl\n|\n|upkeep\n|\n|t:|1699777346\n|switch|p1a: Sneasler|Sneasler, F, shiny|100\/100\n|-damage|p1a: Sneasler|95\/100|[from] Stealth Rock\n|-damage|p1a: Sneasler|82\/100|[from] Spikes\n|turn|9\n|\n|t:|1699777354\n|move|p1a: Sneasler|Acrobatics|p2a: Volcarona\n|-supereffective|p2a: Volcarona\n|-damage|p2a: Volcarona|0 fnt\n|-status|p1a: Sneasler|brn|[from] ability: Flame Body|[of] p2a: Volcarona\n|faint|p2a: Volcarona\n|\n|-damage|p1a: Sneasler|76\/100 brn|[from] brn\n|upkeep\n|\n|t:|1699777365\n|switch|p2a: Samurott|Samurott-Hisui, M|100\/100\n|turn|10\n|\n|t:|1699777374\n|switch|p1a: Garchomp|Garchomp, F|100\/100\n|-damage|p1a: Garchomp|94\/100|[from] Stealth Rock\n|-damage|p1a: Garchomp|82\/100|[from] Spikes\n|move|p2a: Samurott|Ceaseless Edge|p1a: Garchomp\n|-damage|p1a: Garchomp|60\/100\n|-damage|p2a: Samurott|88\/100|[from] ability: Rough Skin|[of] p1a: Garchomp\n|-sidestart|p1: cyqy06210703|Spikes\n|\n|upkeep\n|turn|11\n|\n|t:|1699777388\n|switch|p2a: Urshifu|Urshifu-Rapid-Strike, M|100\/100\n|-zpower|p1a: Garchomp\n|move|p1a: Garchomp|Devastating Drake|p2a: Urshifu|[zeffect]\n|-damage|p2a: Urshifu|0 fnt\n|faint|p2a: Urshifu\n|\n|upkeep\n|\n|t:|1699777397\n|switch|p2a: Samurott|Samurott-Hisui, M|88\/100\n|turn|12\n|\n|t:|1699777402\n|-terastallize|p2a: Samurott|Water\n|move|p2a: Samurott|Razor Shell|p1a: Garchomp\n|-damage|p1a: Garchomp|30\/100\n|-unboost|p1a: Garchomp|def|1\n|-damage|p2a: Samurott|76\/100|[from] ability: Rough Skin|[of] p1a: Garchomp\n|move|p1a: Garchomp|Swords Dance|p1a: Garchomp\n|-boost|p1a: Garchomp|atk|2\n|\n|-sideend|p1: cyqy06210703|Reflect\n|upkeep\n|turn|13\n|-message|Blockyisepiklol forfeited.\n|\n|win|cyqy06210703\n|raw|cyqy06210703's rating: 1151 &rarr; <strong>1170<\/strong><br \/>(+19 for winning)\n|raw|Blockyisepiklol's rating: 1059 &rarr; <strong>1045<\/strong><br \/>(-14 for losing)\n|l|\u2606Blockyisepiklol\n","uploadtime":1699777414,"views":4,"p1id":"cyqy06210703","p2id":"blockyisepiklol","formatid":"gen9nationaldex","rating":1045,"private":0,"password":""}