{"id":"gen9nationaldex-1997844430","p1":"SunAndMoonLesGoooo","p2":"Crioa1","format":"[Gen 9] National Dex","log":"|html|<div class=\"broadcast-blue\"><strong>[Gen 9] National Dex is currently suspecting Sneasler! For information on how to participate check out the <a href=\"https:\/\/www.smogon.com\/forums\/threads\/sv-national-dex-suspect-8-just-dance.3731534\/\">suspect thread<\/a>.<\/strong><\/div>\n|j|\u2606SunAndMoonLesGoooo\n|j|\u2606Crioa1\n|t:|1700858911\n|gametype|singles\n|player|p1|SunAndMoonLesGoooo|101|1053\n|player|p2|Crioa1|preschooler|1060\n|teamsize|p1|6\n|teamsize|p2|6\n|gen|9\n|tier|[Gen 9] National Dex\n|rated|\n|rule|HP Percentage Mod: HP is shown in percentages\n|rule|Endless Battle Clause: Forcing endless battles is banned\n|rule|OHKO Clause: OHKO moves are banned\n|rule|Evasion Clause: Evasion abilities, items, and moves are banned\n|rule|Evasion Abilities Clause: Evasion abilities are banned\n|rule|Evasion Items Clause: Evasion items are banned\n|rule|Evasion Moves Clause: Evasion moves are banned\n|rule|Species Clause: Limit one of each Pok\u00e9mon\n|rule|Sleep Clause Mod: Limit one foe put to sleep\n|clearpoke\n|poke|p1|Toucannon, F|\n|poke|p1|Bewear, M|\n|poke|p1|Kommo-o, F|\n|poke|p1|Pyukumuku, F|\n|poke|p1|Decidueye, F|\n|poke|p1|Salazzle, F|\n|poke|p2|Sceptile, M|\n|poke|p2|Braviary-Hisui, M|\n|poke|p2|Porygon-Z|\n|poke|p2|Xurkitree|\n|poke|p2|Shroodle, M|\n|poke|p2|Murkrow, M|\n|teampreview\n|c|\u2606Crioa1|hi\n|c|\u2606Crioa1|glhf\n|\n|t:|1700858937\n|start\n|switch|p1a: White gal jumpscar|Salazzle, F, shiny|100\/100\n|switch|p2a: Porygon-Z|Porygon-Z|100\/100\n|turn|1\n|\n|t:|1700858947\n|switch|p1a: Emo|Decidueye, F, shiny|100\/100\n|switch|p2a: Shroodle|Shroodle, M|100\/100\n|\n|upkeep\n|turn|2\n|\n|t:|1700858965\n|switch|p2a: Porygon-Z|Porygon-Z|100\/100\n|move|p1a: Emo|Protect||[still]\n|-fail|p1a: Emo\n|\n|upkeep\n|turn|3\n|\n|t:|1700858974\n|move|p2a: Porygon-Z|Agility|p2a: Porygon-Z\n|-boost|p2a: Porygon-Z|spe|2\n|move|p1a: Emo|Toxic|p2a: Porygon-Z\n|-status|p2a: Porygon-Z|tox\n|\n|-damage|p2a: Porygon-Z|94\/100 tox|[from] psn\n|upkeep\n|turn|4\n|\n|t:|1700858983\n|move|p1a: Emo|Protect|p1a: Emo\n|-singleturn|p1a: Emo|Protect\n|move|p2a: Porygon-Z|Nasty Plot|p2a: Porygon-Z\n|-boost|p2a: Porygon-Z|spa|2\n|\n|-damage|p2a: Porygon-Z|82\/100 tox|[from] psn\n|upkeep\n|turn|5\n|\n|t:|1700858994\n|switch|p1a: Golden Freddy|Bewear, M, shiny|100\/100\n|move|p2a: Porygon-Z|Shadow Ball|p1a: Golden Freddy\n|-immune|p1a: Golden Freddy\n|\n|-damage|p2a: Porygon-Z|64\/100 tox|[from] psn\n|upkeep\n|turn|6\n|\n|t:|1700859005\n|move|p2a: Porygon-Z|Tri Attack|p1a: Golden Freddy\n|-damage|p1a: Golden Freddy|0 fnt\n|faint|p1a: Golden Freddy\n|\n|-damage|p2a: Porygon-Z|39\/100 tox|[from] psn\n|upkeep\n|\n|t:|1700859019\n|switch|p1a: Emo|Decidueye, F, shiny|100\/100\n|turn|7\n|\n|t:|1700859029\n|move|p1a: Emo|Protect|p1a: Emo\n|-singleturn|p1a: Emo|Protect\n|move|p2a: Porygon-Z|Nasty Plot|p2a: Porygon-Z\n|-boost|p2a: Porygon-Z|spa|2\n|\n|-damage|p2a: Porygon-Z|9\/100 tox|[from] psn\n|upkeep\n|turn|8\n|\n|t:|1700859043\n|switch|p1a: Bisexual|Toucannon, F, shiny|100\/100\n|move|p2a: Porygon-Z|Tri Attack|p1a: Bisexual\n|-damage|p1a: Bisexual|0 fnt\n|faint|p1a: Bisexual\n|\n|-damage|p2a: Porygon-Z|0 fnt|[from] psn\n|faint|p2a: Porygon-Z\n|upkeep\n|c|\u2606Crioa1|predicted\n|\n|t:|1700859057\n|switch|p2a: Murkrow|Murkrow, M|100\/100\n|switch|p1a: White gal jumpscar|Salazzle, F, shiny|100\/100\n|turn|9\n|\n|t:|1700859067\n|move|p2a: Murkrow|Taunt|p1a: White gal jumpscar\n|-start|p1a: White gal jumpscar|move: Taunt\n|move|p1a: White gal jumpscar|Hidden Power|p2a: Murkrow\n|-supereffective|p2a: Murkrow\n|-damage|p2a: Murkrow|50\/100\n|\n|upkeep\n|turn|10\n|\n|t:|1700859075\n|move|p2a: Murkrow|Thunder Wave|p1a: White gal jumpscar\n|-status|p1a: White gal jumpscar|par\n|move|p1a: White gal jumpscar|Hidden Power|p2a: Murkrow\n|-supereffective|p2a: Murkrow\n|-damage|p2a: Murkrow|0 fnt\n|faint|p2a: Murkrow\n|\n|upkeep\n|\n|t:|1700859088\n|switch|p2a: Braviary|Braviary-Hisui, M|100\/100\n|turn|11\n|\n|t:|1700859096\n|switch|p1a: Emo|Decidueye, F, shiny|100\/100\n|move|p2a: Braviary|Calm Mind|p2a: Braviary\n|-boost|p2a: Braviary|spa|1\n|-boost|p2a: Braviary|spd|1\n|\n|upkeep\n|turn|12\n|\n|t:|1700859106\n|switch|p2a: Shroodle|Shroodle, M|100\/100\n|move|p1a: Emo|Spirit Shackle|p2a: Shroodle\n|-immune|p2a: Shroodle\n|\n|upkeep\n|turn|13\n|\n|t:|1700859115\n|switch|p1a: White gal jumpscar|Salazzle, F, shiny|100\/100 par\n|move|p2a: Shroodle|Dig||[still]\n|-prepare|p2a: Shroodle|Dig\n|\n|upkeep\n|turn|14\n|\n|t:|1700859127\n|switch|p1a: Emo|Decidueye, F, shiny|100\/100\n|move|p2a: Shroodle|Dig|p1a: Emo|[from]lockedmove\n|-resisted|p1a: Emo\n|-damage|p1a: Emo|93\/100\n|\n|-heal|p1a: Emo|99\/100|[from] item: Leftovers\n|upkeep\n|turn|15\n|\n|t:|1700859141\n|switch|p1a: puke my gutzz 0_o|Pyukumuku, F|100\/100\n|move|p2a: Shroodle|Copycat|p2a: Shroodle\n|move|p2a: Shroodle|Dig||[from]move: Copycat|[still]\n|-prepare|p2a: Shroodle|Dig\n|\n|upkeep\n|turn|16\n|\n|t:|1700859151\n|move|p2a: Shroodle|Dig|p1a: puke my gutzz 0_o|[from]lockedmove\n|-damage|p1a: puke my gutzz 0_o|86\/100\n|move|p1a: puke my gutzz 0_o|Counter|p2a: Shroodle\n|-damage|p2a: Shroodle|60\/100\n|\n|-heal|p1a: puke my gutzz 0_o|92\/100|[from] item: Leftovers\n|upkeep\n|turn|17\n|\n|t:|1700859161\n|move|p2a: Shroodle|Dig||[still]\n|-prepare|p2a: Shroodle|Dig\n|move|p1a: puke my gutzz 0_o|Counter||[still]\n|-fail|p1a: puke my gutzz 0_o\n|\n|-heal|p1a: puke my gutzz 0_o|98\/100|[from] item: Leftovers\n|upkeep\n|turn|18\n|\n|t:|1700859167\n|move|p2a: Shroodle|Dig|p1a: puke my gutzz 0_o|[from]lockedmove\n|-damage|p1a: puke my gutzz 0_o|85\/100\n|move|p1a: puke my gutzz 0_o|Counter|p2a: Shroodle\n|-damage|p2a: Shroodle|23\/100\n|\n|-heal|p1a: puke my gutzz 0_o|91\/100|[from] item: Leftovers\n|upkeep\n|turn|19\n|\n|t:|1700859178\n|move|p2a: Shroodle|Dig||[still]\n|-prepare|p2a: Shroodle|Dig\n|move|p1a: puke my gutzz 0_o|Counter||[still]\n|-fail|p1a: puke my gutzz 0_o\n|\n|-heal|p1a: puke my gutzz 0_o|97\/100|[from] item: Leftovers\n|upkeep\n|turn|20\n|\n|t:|1700859201\n|move|p2a: Shroodle|Dig|p1a: puke my gutzz 0_o|[from]lockedmove\n|-damage|p1a: puke my gutzz 0_o|84\/100\n|move|p1a: puke my gutzz 0_o|Counter|p2a: Shroodle\n|-damage|p2a: Shroodle|0 fnt\n|faint|p2a: Shroodle\n|\n|-heal|p1a: puke my gutzz 0_o|90\/100|[from] item: Leftovers\n|upkeep\n|\n|t:|1700859209\n|switch|p2a: Braviary|Braviary-Hisui, M|100\/100\n|turn|21\n|\n|t:|1700859217\n|move|p2a: Braviary|Calm Mind|p2a: Braviary\n|-boost|p2a: Braviary|spa|1\n|-boost|p2a: Braviary|spd|1\n|move|p1a: puke my gutzz 0_o|Pain Split|p2a: Braviary\n|-sethp|p2a: Braviary|83\/100|[from] move: Pain Split|[silent]\n|-sethp|p1a: puke my gutzz 0_o|100\/100|[from] move: Pain Split\n|\n|upkeep\n|turn|22\n|\n|t:|1700859231\n|move|p2a: Braviary|Calm Mind|p2a: Braviary\n|-boost|p2a: Braviary|spa|1\n|-boost|p2a: Braviary|spd|1\n|move|p1a: puke my gutzz 0_o|Mirror Coat||[still]\n|-fail|p1a: puke my gutzz 0_o\n|\n|upkeep\n|turn|23\n|\n|t:|1700859238\n|move|p2a: Braviary|Esper Wing|p1a: puke my gutzz 0_o\n|-damage|p1a: puke my gutzz 0_o|17\/100\n|-boost|p2a: Braviary|spe|1\n|-damage|p2a: Braviary|74\/100|[from] item: Life Orb\n|move|p1a: puke my gutzz 0_o|Mirror Coat|p2a: Braviary\n|-damage|p2a: Braviary|0 fnt\n|faint|p2a: Braviary\n|\n|-heal|p1a: puke my gutzz 0_o|23\/100|[from] item: Leftovers\n|upkeep\n|\n|t:|1700859246\n|switch|p2a: Xurkitree|Xurkitree|100\/100\n|turn|24\n|\n|t:|1700859254\n|-zpower|p2a: Xurkitree\n|move|p2a: Xurkitree|Z-Hypnosis|p1a: puke my gutzz 0_o|[anim]Hypnosis|[miss]\n|-boost|p2a: Xurkitree|spe|1|[zeffect]\n|-miss|p2a: Xurkitree|p1a: puke my gutzz 0_o\n|move|p1a: puke my gutzz 0_o|Pain Split|p2a: Xurkitree\n|-sethp|p2a: Xurkitree|62\/100|[from] move: Pain Split|[silent]\n|-sethp|p1a: puke my gutzz 0_o|60\/100|[from] move: Pain Split\n|\n|-heal|p1a: puke my gutzz 0_o|66\/100|[from] item: Leftovers\n|upkeep\n|turn|25\n|\n|t:|1700859270\n|move|p2a: Xurkitree|Hypnosis|p1a: puke my gutzz 0_o\n|-status|p1a: puke my gutzz 0_o|slp|[from] move: Hypnosis\n|cant|p1a: puke my gutzz 0_o|slp\n|\n|-heal|p1a: puke my gutzz 0_o|72\/100 slp|[from] item: Leftovers\n|upkeep\n|turn|26\n|\n|t:|1700859279\n|switch|p1a: Emo|Decidueye, F, shiny|99\/100\n|move|p2a: Xurkitree|Tail Glow|p2a: Xurkitree\n|-boost|p2a: Xurkitree|spa|3\n|\n|-heal|p1a: Emo|100\/100|[from] item: Leftovers\n|upkeep\n|turn|27\n|\n|t:|1700859288\n|move|p2a: Xurkitree|Discharge|p1a: Emo\n|-resisted|p1a: Emo\n|-damage|p1a: Emo|43\/100\n|move|p1a: Emo|Spirit Shackle|p2a: Xurkitree\n|-damage|p2a: Xurkitree|20\/100\n|-activate|p2a: Xurkitree|trapped\n|\n|-heal|p1a: Emo|49\/100|[from] item: Leftovers\n|upkeep\n|turn|28\n|\n|t:|1700859299\n|move|p1a: Emo|Protect|p1a: Emo\n|-singleturn|p1a: Emo|Protect\n|move|p2a: Xurkitree|Discharge|p1a: Emo\n|-activate|p1a: Emo|move: Protect\n|\n|-heal|p1a: Emo|55\/100|[from] item: Leftovers\n|upkeep\n|turn|29\n|\n|t:|1700859313\n|move|p2a: Xurkitree|Discharge|p1a: Emo\n|-resisted|p1a: Emo\n|-crit|p1a: Emo\n|-damage|p1a: Emo|0 fnt\n|faint|p1a: Emo\n|-ability|p2a: Xurkitree|Beast Boost|boost\n|-boost|p2a: Xurkitree|spa|1\n|\n|upkeep\n|\n|t:|1700859325\n|switch|p1a: Barney|Kommo-o, F, shiny|100\/100\n|turn|30\n|\n|t:|1700859340\n|move|p2a: Xurkitree|Discharge|p1a: Barney\n|-resisted|p1a: Barney\n|-damage|p1a: Barney|12\/100\n|move|p1a: Barney|Flamethrower|p2a: Xurkitree\n|-damage|p2a: Xurkitree|0 fnt\n|faint|p2a: Xurkitree\n|\n|-heal|p1a: Barney|18\/100|[from] item: Leftovers\n|upkeep\n|\n|t:|1700859346\n|switch|p2a: Sceptile|Sceptile, M|100\/100\n|turn|31\n|\n|t:|1700859352\n|move|p2a: Sceptile|Endure|p2a: Sceptile\n|-singleturn|p2a: Sceptile|move: Endure\n|move|p1a: Barney|Flamethrower|p2a: Sceptile\n|-supereffective|p2a: Sceptile\n|-damage|p2a: Sceptile|42\/100\n|-enditem|p2a: Sceptile|Weakness Policy\n|-boost|p2a: Sceptile|atk|2|[from] item: Weakness Policy\n|-boost|p2a: Sceptile|spa|2|[from] item: Weakness Policy\n|\n|-heal|p1a: Barney|25\/100|[from] item: Leftovers\n|upkeep\n|turn|32\n|\n|t:|1700859364\n|move|p2a: Sceptile|Breaking Swipe|p1a: Barney\n|-supereffective|p1a: Barney\n|-damage|p1a: Barney|0 fnt\n|faint|p1a: Barney\n|\n|upkeep\n|\n|t:|1700859370\n|switch|p1a: White gal jumpscar|Salazzle, F, shiny|100\/100 par\n|turn|33\n|\n|t:|1700859381\n|move|p2a: Sceptile|Thunder Punch|p1a: White gal jumpscar\n|-damage|p1a: White gal jumpscar|17\/100 par\n|move|p1a: White gal jumpscar|Flamethrower|p2a: Sceptile\n|-supereffective|p2a: Sceptile\n|-damage|p2a: Sceptile|0 fnt\n|faint|p2a: Sceptile\n|\n|win|SunAndMoonLesGoooo\n|raw|SunAndMoonLesGoooo's rating: 1053 &rarr; <strong>1086<\/strong><br \/>(+33 for winning)\n|raw|Crioa1's rating: 1060 &rarr; <strong>1041<\/strong><br \/>(-19 for losing)\n|l|\u2606Crioa1\n","uploadtime":1700859395,"views":3,"p1id":"sunandmoonlesgoooo","p2id":"crioa1","formatid":"gen9nationaldex","rating":1041,"private":0,"password":""}