{"id":"gen9nationaldex-1999351899","p1":"VarcoDoesBattles","p2":"czcyf","format":"[Gen 9] National Dex","log":"|html|<div class=\"broadcast-blue\"><strong>[Gen 9] National Dex is currently suspecting Sneasler! For information on how to participate check out the <a href=\"https:\/\/www.smogon.com\/forums\/threads\/sv-national-dex-suspect-8-just-dance.3731534\/\">suspect thread<\/a>.<\/strong><\/div>\n|j|\u2606VarcoDoesBattles\n|j|\u2606czcyf\n|t:|1701065057\n|gametype|singles\n|player|p1|VarcoDoesBattles|essentia|1507\n|player|p2|czcyf|2|1453\n|teamsize|p1|6\n|teamsize|p2|6\n|gen|9\n|tier|[Gen 9] National Dex\n|rated|\n|rule|HP Percentage Mod: HP is shown in percentages\n|rule|Endless Battle Clause: Forcing endless battles is banned\n|rule|OHKO Clause: OHKO moves are banned\n|rule|Evasion Clause: Evasion abilities, items, and moves are banned\n|rule|Evasion Abilities Clause: Evasion abilities are banned\n|rule|Evasion Items Clause: Evasion items are banned\n|rule|Evasion Moves Clause: Evasion moves are banned\n|rule|Species Clause: Limit one of each Pok\u00e9mon\n|rule|Sleep Clause Mod: Limit one foe put to sleep\n|clearpoke\n|poke|p1|Rillaboom, M|\n|poke|p1|Sneasler, F|\n|poke|p1|Alomomola, F|\n|poke|p1|Tornadus-Therian, M|\n|poke|p1|Heatran, F|\n|poke|p1|Steelix, M|\n|poke|p2|Zoroark-Hisui, F|\n|poke|p2|Victini|\n|poke|p2|Moltres-Galar|\n|poke|p2|Altaria, M|\n|poke|p2|Terrakion|\n|poke|p2|Jirachi|\n|teampreview\n|\n|t:|1701065077\n|start\n|switch|p1a: Rillaboom|Rillaboom, M|100\/100\n|switch|p2a: Moltres|Moltres-Galar|100\/100\n|-fieldstart|move: Grassy Terrain|[from] ability: Grassy Surge|[of] p1a: Rillaboom\n|turn|1\n|\n|t:|1701065088\n|switch|p1a: Heatran|Heatran, F|100\/100\n|move|p2a: Moltres|Agility|p2a: Moltres\n|-boost|p2a: Moltres|spe|2\n|\n|upkeep\n|turn|2\n|\n|t:|1701065097\n|move|p2a: Moltres|Nasty Plot|p2a: Moltres\n|-boost|p2a: Moltres|spa|2\n|move|p1a: Heatran|Magma Storm|p2a: Moltres\n|-damage|p2a: Moltres|55\/100\n|-activate|p2a: Moltres|move: Magma Storm|[of] p1a: Heatran\n|\n|-damage|p2a: Moltres|43\/100|[from] move: Magma Storm|[partiallytrapped]\n|upkeep\n|-enditem|p2a: Moltres|Sitrus Berry|[eat]\n|-heal|p2a: Moltres|68\/100|[from] item: Sitrus Berry\n|turn|3\n|\n|t:|1701065102\n|move|p2a: Moltres|Fiery Wrath|p1a: Heatran\n|-damage|p1a: Heatran|40\/100\n|move|p1a: Heatran|Stealth Rock|p2a: Moltres\n|-sidestart|p2: czcyf|move: Stealth Rock\n|\n|-heal|p1a: Heatran|46\/100|[from] Grassy Terrain\n|-damage|p2a: Moltres|55\/100|[from] move: Magma Storm|[partiallytrapped]\n|upkeep\n|turn|4\n|\n|t:|1701065129\n|switch|p1a: Sneasler|Sneasler, F, shiny|100\/100\n|-enditem|p1a: Sneasler|Grassy Seed\n|-boost|p1a: Sneasler|def|1|[from] item: Grassy Seed\n|move|p2a: Moltres|Fiery Wrath|p1a: Sneasler\n|-resisted|p1a: Sneasler\n|-crit|p1a: Sneasler\n|-damage|p1a: Sneasler|17\/100\n|\n|-heal|p1a: Sneasler|23\/100|[from] Grassy Terrain\n|-end|p2a: Moltres|Magma Storm|[partiallytrapped]|[silent]\n|upkeep\n|turn|5\n|\n|t:|1701065145\n|move|p1a: Sneasler|Close Combat|p2a: Moltres\n|-damage|p2a: Moltres|0 fnt\n|-unboost|p1a: Sneasler|def|1\n|-unboost|p1a: Sneasler|spd|1\n|faint|p2a: Moltres\n|\n|-heal|p1a: Sneasler|29\/100|[from] Grassy Terrain\n|-fieldend|move: Grassy Terrain\n|upkeep\n|\n|t:|1701065164\n|switch|p2a: Jirachi|Jirachi, shiny|100\/100\n|-damage|p2a: Jirachi|88\/100|[from] Stealth Rock\n|turn|6\n|\n|t:|1701065202\n|-terastallize|p1a: Sneasler|Flying\n|move|p1a: Sneasler|Acrobatics|p2a: Jirachi\n|-crit|p2a: Jirachi\n|-damage|p2a: Jirachi|0 fnt\n|replace|p2a: Zoroark|Zoroark-Hisui, F\n|-end|p2a: Zoroark|Illusion\n|faint|p2a: Zoroark\n|\n|upkeep\n|\n|t:|1701065219\n|switch|p2a: Jirachi|Jirachi, shiny|100\/100\n|-damage|p2a: Jirachi|94\/100|[from] Stealth Rock\n|turn|7\n|\n|t:|1701065227\n|switch|p1a: Alomomola|Alomomola, F|100\/100\n|move|p2a: Jirachi|Thunderbolt|p1a: Alomomola\n|-supereffective|p1a: Alomomola\n|-damage|p1a: Alomomola|43\/100\n|\n|-heal|p1a: Alomomola|49\/100|[from] item: Leftovers\n|upkeep\n|turn|8\n|\n|t:|1701065234\n|move|p1a: Alomomola|Protect|p1a: Alomomola\n|-singleturn|p1a: Alomomola|Protect\n|-zpower|p2a: Jirachi\n|move|p2a: Jirachi|Z-Happy Hour|p2a: Jirachi|[anim]Happy Hour\n|-boost|p2a: Jirachi|atk|1|[zeffect]\n|-boost|p2a: Jirachi|def|1|[zeffect]\n|-boost|p2a: Jirachi|spa|1|[zeffect]\n|-boost|p2a: Jirachi|spd|1|[zeffect]\n|-boost|p2a: Jirachi|spe|1|[zeffect]\n|\n|-heal|p1a: Alomomola|56\/100|[from] item: Leftovers\n|upkeep\n|turn|9\n|\n|t:|1701065239\n|switch|p1a: Rillaboom|Rillaboom, M|100\/100\n|-fieldstart|move: Grassy Terrain|[from] ability: Grassy Surge|[of] p1a: Rillaboom\n|move|p2a: Jirachi|Thunderbolt|p1a: Rillaboom\n|-resisted|p1a: Rillaboom\n|-damage|p1a: Rillaboom|75\/100\n|\n|-heal|p2a: Jirachi|100\/100|[from] Grassy Terrain\n|-heal|p1a: Rillaboom|81\/100|[from] Grassy Terrain\n|upkeep\n|turn|10\n|\n|t:|1701065244\n|move|p2a: Jirachi|Stored Power|p1a: Rillaboom\n|-damage|p1a: Rillaboom|0 fnt\n|faint|p1a: Rillaboom\n|\n|upkeep\n|\n|t:|1701065272\n|switch|p1a: Heatran|Heatran, F|46\/100\n|turn|11\n|\n|t:|1701065281\n|move|p2a: Jirachi|Thunderbolt|p1a: Heatran\n|-damage|p1a: Heatran|17\/100\n|move|p1a: Heatran|Magma Storm|p2a: Jirachi\n|-supereffective|p2a: Jirachi\n|-damage|p2a: Jirachi|25\/100\n|-activate|p2a: Jirachi|move: Magma Storm|[of] p1a: Heatran\n|\n|-heal|p2a: Jirachi|31\/100|[from] Grassy Terrain\n|-heal|p1a: Heatran|24\/100|[from] Grassy Terrain\n|-damage|p2a: Jirachi|19\/100|[from] move: Magma Storm|[partiallytrapped]\n|upkeep\n|turn|12\n|\n|t:|1701065290\n|move|p2a: Jirachi|Thunderbolt|p1a: Heatran\n|-damage|p1a: Heatran|0 fnt\n|faint|p1a: Heatran\n|\n|-heal|p2a: Jirachi|25\/100|[from] Grassy Terrain\n|-end|p2a: Jirachi|Magma Storm|[partiallytrapped]|[silent]\n|upkeep\n|\n|t:|1701065300\n|switch|p1a: Steelix|Steelix, M, shiny|100\/100\n|turn|13\n|\n|t:|1701065306\n|detailschange|p1a: Steelix|Steelix-Mega, M, shiny\n|-mega|p1a: Steelix|Steelix|Steelixite\n|move|p2a: Jirachi|Iron Head|p1a: Steelix\n|-resisted|p1a: Steelix\n|-damage|p1a: Steelix|92\/100\n|move|p1a: Steelix|Body Press|p2a: Jirachi\n|-damage|p2a: Jirachi|0 fnt\n|faint|p2a: Jirachi\n|\n|-heal|p1a: Steelix|98\/100|[from] Grassy Terrain\n|-fieldend|move: Grassy Terrain\n|upkeep\n|\n|t:|1701065326\n|switch|p2a: Terrakion|Terrakion|100\/100\n|-damage|p2a: Terrakion|94\/100|[from] Stealth Rock\n|turn|14\n|\n|t:|1701065332\n|move|p2a: Terrakion|Close Combat|p1a: Steelix\n|-supereffective|p1a: Steelix\n|-damage|p1a: Steelix|49\/100\n|-unboost|p2a: Terrakion|def|1\n|-unboost|p2a: Terrakion|spd|1\n|move|p1a: Steelix|Iron Defense|p1a: Steelix\n|-boost|p1a: Steelix|def|2\n|\n|upkeep\n|turn|15\n|\n|t:|1701065340\n|move|p2a: Terrakion|Close Combat|p1a: Steelix\n|-supereffective|p1a: Steelix\n|-damage|p1a: Steelix|23\/100\n|-unboost|p2a: Terrakion|def|1\n|-unboost|p2a: Terrakion|spd|1\n|move|p1a: Steelix|Iron Defense|p1a: Steelix\n|-boost|p1a: Steelix|def|2\n|\n|upkeep\n|turn|16\n|\n|t:|1701065346\n|switch|p2a: Victini|Victini|100\/100\n|-damage|p2a: Victini|76\/100|[from] Stealth Rock\n|move|p1a: Steelix|Rest|p1a: Steelix\n|-status|p1a: Steelix|slp|[from] move: Rest\n|-heal|p1a: Steelix|100\/100 slp|[silent]\n|\n|upkeep\n|turn|17\n|\n|t:|1701065356\n|move|p2a: Victini|V-create|p1a: Steelix\n|-supereffective|p1a: Steelix\n|-damage|p1a: Steelix|76\/100 slp\n|-unboost|p2a: Victini|spe|1\n|-unboost|p2a: Victini|def|1\n|-unboost|p2a: Victini|spd|1\n|cant|p1a: Steelix|slp\n|\n|upkeep\n|turn|18\n|\n|t:|1701065361\n|switch|p2a: Terrakion|Terrakion|94\/100\n|-damage|p2a: Terrakion|88\/100|[from] Stealth Rock\n|cant|p1a: Steelix|slp\n|\n|upkeep\n|turn|19\n|\n|t:|1701065366\n|move|p2a: Terrakion|Close Combat|p1a: Steelix\n|-supereffective|p1a: Steelix\n|-damage|p1a: Steelix|58\/100 slp\n|-unboost|p2a: Terrakion|def|1\n|-unboost|p2a: Terrakion|spd|1\n|-curestatus|p1a: Steelix|slp|[msg]\n|move|p1a: Steelix|Iron Defense|p1a: Steelix\n|-boost|p1a: Steelix|def|2\n|\n|upkeep\n|turn|20\n|\n|t:|1701065371\n|move|p2a: Terrakion|Close Combat|p1a: Steelix\n|-supereffective|p1a: Steelix\n|-damage|p1a: Steelix|44\/100\n|-unboost|p2a: Terrakion|def|1\n|-unboost|p2a: Terrakion|spd|1\n|move|p1a: Steelix|Body Press|p2a: Terrakion\n|-supereffective|p2a: Terrakion\n|-damage|p2a: Terrakion|0 fnt\n|faint|p2a: Terrakion\n|\n|upkeep\n|\n|t:|1701065374\n|switch|p2a: Victini|Victini|76\/100\n|-damage|p2a: Victini|51\/100|[from] Stealth Rock\n|turn|21\n|\n|t:|1701065376\n|move|p2a: Victini|Final Gambit|p1a: Steelix\n|-damage|p1a: Steelix|0 fnt\n|faint|p2a: Victini\n|faint|p1a: Steelix\n|\n|upkeep\n|\n|t:|1701065382\n|switch|p2a: Altaria|Altaria, M|100\/100\n|switch|p1a: Alomomola|Alomomola, F|89\/100\n|-damage|p2a: Altaria|76\/100|[from] Stealth Rock\n|turn|22\n|\n|t:|1701065389\n|detailschange|p2a: Altaria|Altaria-Mega, M\n|-mega|p2a: Altaria|Altaria|Altarianite\n|move|p2a: Altaria|Dragon Dance|p2a: Altaria\n|-boost|p2a: Altaria|atk|1\n|-boost|p2a: Altaria|spe|1\n|move|p1a: Alomomola|Wish|p1a: Alomomola\n|\n|-heal|p1a: Alomomola|95\/100|[from] item: Leftovers\n|upkeep\n|turn|23\n|\n|t:|1701065396\n|move|p2a: Altaria|Dragon Dance|p2a: Altaria\n|-boost|p2a: Altaria|atk|1\n|-boost|p2a: Altaria|spe|1\n|move|p1a: Alomomola|Toxic|p2a: Altaria\n|-status|p2a: Altaria|tox\n|\n|-heal|p1a: Alomomola|100\/100|[from] move: Wish|[wisher] Alomomola\n|-damage|p2a: Altaria|70\/100 tox|[from] psn\n|upkeep\n|turn|24\n|\n|t:|1701065401\n|move|p2a: Altaria|Facade|p1a: Alomomola\n|-damage|p1a: Alomomola|8\/100\n|move|p1a: Alomomola|Wish|p1a: Alomomola\n|\n|-heal|p1a: Alomomola|15\/100|[from] item: Leftovers\n|-damage|p2a: Altaria|57\/100 tox|[from] psn\n|upkeep\n|turn|25\n|\n|t:|1701065407\n|move|p1a: Alomomola|Protect|p1a: Alomomola\n|-singleturn|p1a: Alomomola|Protect\n|move|p2a: Altaria|Roost|p2a: Altaria\n|-heal|p2a: Altaria|100\/100 tox\n|-singleturn|p2a: Altaria|move: Roost\n|\n|-heal|p1a: Alomomola|65\/100|[from] move: Wish|[wisher] Alomomola\n|-heal|p1a: Alomomola|71\/100|[from] item: Leftovers\n|-damage|p2a: Altaria|82\/100 tox|[from] psn\n|upkeep\n|turn|26\n|\n|t:|1701065421\n|switch|p1a: Sneasler|Sneasler, F, shiny, tera:Flying|29\/100\n|move|p2a: Altaria|Facade|p1a: Sneasler\n|-damage|p1a: Sneasler|0 fnt\n|faint|p1a: Sneasler\n|\n|-damage|p2a: Altaria|57\/100 tox|[from] psn\n|upkeep\n|\n|t:|1701065427\n|switch|p1a: Alomomola|Alomomola, F|100\/100\n|turn|27\n|\n|t:|1701065432\n|move|p2a: Altaria|Facade|p1a: Alomomola\n|-crit|p1a: Alomomola\n|-damage|p1a: Alomomola|0 fnt\n|faint|p1a: Alomomola\n|\n|-damage|p2a: Altaria|26\/100 tox|[from] psn\n|upkeep\n|\n|t:|1701065441\n|switch|p1a: Tornadus|Tornadus-Therian, M, shiny|100\/100\n|turn|28\n|\n|t:|1701065447\n|move|p2a: Altaria|Facade|p1a: Tornadus\n|-damage|p1a: Tornadus|0 fnt\n|faint|p1a: Tornadus\n|\n|win|czcyf\n|raw|VarcoDoesBattles's rating: 1507 &rarr; <strong>1484<\/strong><br \/>(-23 for losing)\n|raw|czcyf's rating: 1453 &rarr; <strong>1476<\/strong><br \/>(+23 for winning)\n|c|\u2606VarcoDoesBattles|ggwp\n|l|\u2606VarcoDoesBattles\n|c|\u2606czcyf|gg\n","uploadtime":1701065460,"views":2,"p1id":"varcodoesbattles","p2id":"czcyf","formatid":"gen9nationaldex","rating":1476,"private":0,"password":""}