{"id":"gen9nationaldex-1988868665","p1":"cyqy06210703","p2":"PeculiarPossum","format":"[Gen 9] National Dex","log":"|j|\u2606cyqy06210703\n|j|\u2606PeculiarPossum\n|t:|1699777423\n|gametype|singles\n|player|p1|cyqy06210703|marnie|1170\n|player|p2|PeculiarPossum|harlequin|1222\n|teamsize|p1|6\n|teamsize|p2|6\n|gen|9\n|tier|[Gen 9] National Dex\n|rated|\n|rule|HP Percentage Mod: HP is shown in percentages\n|rule|Endless Battle Clause: Forcing endless battles is banned\n|rule|OHKO Clause: OHKO moves are banned\n|rule|Evasion Clause: Evasion abilities, items, and moves are banned\n|rule|Evasion Abilities Clause: Evasion abilities are banned\n|rule|Evasion Items Clause: Evasion items are banned\n|rule|Evasion Moves Clause: Evasion moves are banned\n|rule|Species Clause: Limit one of each Pok\u00e9mon\n|rule|Sleep Clause Mod: Limit one foe put to sleep\n|clearpoke\n|poke|p1|Tapu Lele|\n|poke|p1|Grimmsnarl, M|\n|poke|p1|Garchomp, F|\n|poke|p1|Morpeko, M|\n|poke|p1|Scizor, M|\n|poke|p1|Sneasler, M|\n|poke|p2|Mawile, F|\n|poke|p2|Blacephalon|\n|poke|p2|Venusaur, F|\n|poke|p2|Cramorant, M|\n|poke|p2|Gliscor, M|\n|poke|p2|Garganacl, F|\n|teampreview\n|inactive|Battle timer is ON: inactive players will automatically lose when time's up. (requested by PeculiarPossum)\n|\n|t:|1699777433\n|start\n|switch|p1a: Grimmsnarl|Grimmsnarl, M|100\/100\n|switch|p2a: Cacophony|Blacephalon|100\/100\n|turn|1\n|\n|t:|1699777453\n|switch|p2a: Discordance|Mawile, F, shiny|100\/100\n|move|p1a: Grimmsnarl|Darkest Lariat|p2a: Discordance\n|-resisted|p2a: Discordance\n|-crit|p2a: Discordance\n|-damage|p2a: Discordance|53\/100\n|\n|upkeep\n|turn|2\n|inactive|cyqy06210703 has 120 seconds left.\n|\n|t:|1699777484\n|detailschange|p2a: Discordance|Mawile-Mega, F, shiny\n|-mega|p2a: Discordance|Mawile|Mawilite\n|move|p1a: Grimmsnarl|Reflect|p1a: Grimmsnarl\n|-sidestart|p1: cyqy06210703|Reflect\n|move|p2a: Discordance|Iron Head|p1a: Grimmsnarl\n|-supereffective|p1a: Grimmsnarl\n|-damage|p1a: Grimmsnarl|2\/100\n|\n|-heal|p1a: Grimmsnarl|8\/100|[from] item: Leftovers\n|upkeep\n|turn|3\n|\n|t:|1699777495\n|move|p2a: Discordance|Play Rough|p1a: Grimmsnarl\n|-supereffective|p1a: Grimmsnarl\n|-damage|p1a: Grimmsnarl|0 fnt\n|faint|p1a: Grimmsnarl\n|\n|upkeep\n|inactive|cyqy06210703 has 120 seconds left.\n|\n|t:|1699777514\n|switch|p1a: Morpeko|Morpeko, M|100\/100\n|turn|4\n|\n|t:|1699777523\n|move|p1a: Morpeko|Aura Wheel|p2a: Discordance\n|-damage|p2a: Discordance|0 fnt\n|-boost|p1a: Morpeko|spe|1\n|faint|p2a: Discordance\n|\n|-formechange|p1a: Morpeko|Morpeko-Hangry||[from] ability: Hunger Switch\n|upkeep\n|\n|t:|1699777529\n|switch|p2a: Meaty Claws|Gliscor, M|100\/100\n|turn|5\n|\n|t:|1699777538\n|move|p1a: Morpeko|Aura Wheel|p2a: Meaty Claws\n|-damage|p2a: Meaty Claws|58\/100\n|-boost|p1a: Morpeko|spe|1\n|move|p2a: Meaty Claws|Earthquake|p1a: Morpeko\n|-supereffective|p1a: Morpeko\n|-damage|p1a: Morpeko|27\/100\n|\n|-status|p2a: Meaty Claws|tox|[from] item: Toxic Orb\n|-formechange|p1a: Morpeko|Morpeko||[from] ability: Hunger Switch\n|upkeep\n|turn|6\n|\n|t:|1699777550\n|move|p1a: Morpeko|Super Fang|p2a: Meaty Claws\n|-damage|p2a: Meaty Claws|29\/100 tox\n|move|p2a: Meaty Claws|Earthquake|p1a: Morpeko\n|-supereffective|p1a: Morpeko\n|-damage|p1a: Morpeko|0 fnt\n|faint|p1a: Morpeko\n|\n|-heal|p2a: Meaty Claws|42\/100 tox|[from] ability: Poison Heal\n|-sideend|p1: cyqy06210703|Reflect\n|upkeep\n|\n|t:|1699777562\n|switch|p1a: Tapu Lele|Tapu Lele|100\/100\n|-fieldstart|move: Psychic Terrain|[from] ability: Psychic Surge|[of] p1a: Tapu Lele\n|turn|7\n|\n|t:|1699777574\n|-terastallize|p1a: Tapu Lele|Psychic\n|move|p1a: Tapu Lele|Psychic|p2a: Meaty Claws\n|-damage|p2a: Meaty Claws|0 fnt\n|faint|p2a: Meaty Claws\n|\n|upkeep\n|\n|t:|1699777581\n|switch|p2a: Cacophony|Blacephalon|100\/100\n|turn|8\n|\n|t:|1699777587\n|switch|p1a: Garchomp|Garchomp, F|100\/100\n|-zpower|p2a: Cacophony\n|move|p2a: Cacophony|Never-Ending Nightmare|p1a: Garchomp|[zeffect]\n|-damage|p1a: Garchomp|0 fnt\n|faint|p1a: Garchomp\n|-ability|p2a: Cacophony|Beast Boost|boost\n|-boost|p2a: Cacophony|spa|1\n|\n|upkeep\n|\n|t:|1699777596\n|switch|p1a: Sneasler|Sneasler, M, shiny|100\/100\n|-enditem|p1a: Sneasler|Psychic Seed\n|-boost|p1a: Sneasler|spd|1|[from] item: Psychic Seed\n|turn|9\n|\n|t:|1699777602\n|move|p1a: Sneasler|Acrobatics|p2a: Cacophony\n|-damage|p2a: Cacophony|9\/100\n|move|p2a: Cacophony|Shadow Ball|p1a: Sneasler\n|-crit|p1a: Sneasler\n|-damage|p1a: Sneasler|0 fnt\n|faint|p1a: Sneasler\n|-ability|p2a: Cacophony|Beast Boost|boost\n|-boost|p2a: Cacophony|spa|1\n|\n|upkeep\n|\n|t:|1699777611\n|switch|p1a: Tapu Lele|Tapu Lele, tera:Psychic|100\/100\n|turn|10\n|\n|t:|1699777614\n|move|p1a: Tapu Lele|Psychic|p2a: Cacophony\n|-damage|p2a: Cacophony|0 fnt\n|faint|p2a: Cacophony\n|\n|upkeep\n|\n|t:|1699777621\n|switch|p2a: AHHH STAIRS|Garganacl, F|100\/100\n|turn|11\n|\n|t:|1699777624\n|move|p1a: Tapu Lele|Psychic|p2a: AHHH STAIRS\n|-damage|p2a: AHHH STAIRS|38\/100\n|move|p2a: AHHH STAIRS|Salt Cure|p1a: Tapu Lele\n|-damage|p1a: Tapu Lele|81\/100\n|-start|p1a: Tapu Lele|Salt Cure\n|\n|-heal|p2a: AHHH STAIRS|44\/100|[from] item: Leftovers\n|-damage|p1a: Tapu Lele|69\/100|[from] Salt Cure\n|-fieldend|move: Psychic Terrain\n|upkeep\n|turn|12\n|\n|t:|1699777639\n|switch|p1a: Scizor|Scizor, M|100\/100\n|move|p2a: AHHH STAIRS|Salt Cure|p1a: Scizor\n|-damage|p1a: Scizor|86\/100\n|-start|p1a: Scizor|Salt Cure\n|\n|-heal|p2a: AHHH STAIRS|50\/100|[from] item: Leftovers\n|-damage|p1a: Scizor|61\/100|[from] Salt Cure\n|upkeep\n|turn|13\n|\n|t:|1699777649\n|detailschange|p1a: Scizor|Scizor-Mega, M\n|-mega|p1a: Scizor|Scizor|Scizorite\n|move|p1a: Scizor|Bullet Punch|p2a: AHHH STAIRS\n|-supereffective|p2a: AHHH STAIRS\n|-damage|p2a: AHHH STAIRS|0 fnt\n|faint|p2a: AHHH STAIRS\n|\n|-damage|p1a: Scizor|36\/100|[from] Salt Cure\n|upkeep\n|\n|t:|1699777657\n|switch|p2a: Gulpy|Cramorant, M|100\/100\n|turn|14\n|\n|t:|1699777660\n|move|p1a: Scizor|Bullet Punch|p2a: Gulpy\n|-resisted|p2a: Gulpy\n|-damage|p2a: Gulpy|80\/100\n|move|p2a: Gulpy|Surf|p1a: Scizor\n|-formechange|p2a: Gulpy|Cramorant-Gulping|\n|-damage|p1a: Scizor|6\/100\n|\n|-damage|p1a: Scizor|0 fnt|[from] Salt Cure\n|faint|p1a: Scizor\n|upkeep\n|\n|t:|1699777668\n|switch|p1a: Tapu Lele|Tapu Lele, tera:Psychic|69\/100\n|-fieldstart|move: Psychic Terrain|[from] ability: Psychic Surge|[of] p1a: Tapu Lele\n|turn|15\n|\n|t:|1699777675\n|move|p1a: Tapu Lele|Psychic|p2a: Gulpy\n|-damage|p2a: Gulpy|0 fnt\n|-damage|p1a: Tapu Lele|44\/100|[from] ability: Gulp Missile|[of] p2a: Gulpy\n|-unboost|p1a: Tapu Lele|def|1\n|-formechange|p2a: Gulpy|Cramorant|\n|faint|p2a: Gulpy\n|\n|upkeep\n|\n|t:|1699777678\n|switch|p2a: The plug|Venusaur, F|100\/100\n|turn|16\n|\n|t:|1699777683\n|-terastallize|p2a: The plug|Grass\n|move|p1a: Tapu Lele|Psychic|p2a: The plug\n|-damage|p2a: The plug|0 fnt\n|faint|p2a: The plug\n|\n|win|cyqy06210703\n|raw|cyqy06210703's rating: 1170 &rarr; <strong>1199<\/strong><br \/>(+29 for winning)\n|raw|PeculiarPossum's rating: 1222 &rarr; <strong>1193<\/strong><br \/>(-29 for losing)\n","uploadtime":1699777690,"views":4,"p1id":"cyqy06210703","p2id":"peculiarpossum","formatid":"gen9nationaldex","rating":1193,"private":0,"password":""}