{"id":"gen9nationaldex-1999018817","p1":"MasterList2015","p2":"PyraFox","format":"[Gen 9] National Dex","log":"|html|<div class=\"broadcast-blue\"><strong>[Gen 9] National Dex is currently suspecting Sneasler! For information on how to participate check out the <a href=\"https:\/\/www.smogon.com\/forums\/threads\/sv-national-dex-suspect-8-just-dance.3731534\/\">suspect thread<\/a>.<\/strong><\/div>\n|j|\u2606MasterList2015\n|j|\u2606PyraFox\n|t:|1701024465\n|gametype|singles\n|player|p1|MasterList2015|red|1158\n|player|p2|PyraFox|veteran|1134\n|teamsize|p1|6\n|teamsize|p2|6\n|gen|9\n|tier|[Gen 9] National Dex\n|rated|\n|rule|HP Percentage Mod: HP is shown in percentages\n|rule|Endless Battle Clause: Forcing endless battles is banned\n|rule|OHKO Clause: OHKO moves are banned\n|rule|Evasion Clause: Evasion abilities, items, and moves are banned\n|rule|Evasion Abilities Clause: Evasion abilities are banned\n|rule|Evasion Items Clause: Evasion items are banned\n|rule|Evasion Moves Clause: Evasion moves are banned\n|rule|Species Clause: Limit one of each Pok\u00e9mon\n|rule|Sleep Clause Mod: Limit one foe put to sleep\n|clearpoke\n|poke|p1|Pikachu-Kalos, M|\n|poke|p1|Charizard, F|\n|poke|p1|Krookodile, M|\n|poke|p1|Greninja-*, M|\n|poke|p1|Infernape, F|\n|poke|p1|Sceptile, M|\n|poke|p2|Salazzle, F|\n|poke|p2|Weavile, M|\n|poke|p2|Roserade, F|\n|poke|p2|Zoroark, M|\n|poke|p2|Gardevoir, F|\n|poke|p2|Delphox, M|\n|teampreview\n|\n|t:|1701024490\n|start\n|switch|p1a: Pikachu|Pikachu-Kalos, M|100\/100\n|switch|p2a: Salazzle|Salazzle, F|100\/100\n|turn|1\n|\n|t:|1701024494\n|move|p2a: Salazzle|Protect|p2a: Salazzle\n|-singleturn|p2a: Salazzle|Protect\n|move|p1a: Pikachu|Fake Out|p2a: Salazzle\n|-activate|p2a: Salazzle|move: Protect\n|\n|upkeep\n|turn|2\n|\n|t:|1701024505\n|move|p2a: Salazzle|Toxic|p1a: Pikachu\n|-status|p1a: Pikachu|tox\n|move|p1a: Pikachu|Volt Tackle|p2a: Salazzle\n|-enditem|p2a: Salazzle|Focus Sash\n|-damage|p2a: Salazzle|1\/100\n|-damage|p1a: Pikachu|58\/100 tox|[from] Recoil\n|\n|-damage|p1a: Pikachu|51\/100 tox|[from] psn\n|upkeep\n|turn|3\n|\n|t:|1701024510\n|switch|p1a: Sceptile|Sceptile, M|100\/100\n|move|p2a: Salazzle|Disable||[still]\n|-fail|p2a: Salazzle\n|\n|upkeep\n|turn|4\n|\n|t:|1701024514\n|move|p2a: Salazzle|Protect|p2a: Salazzle\n|-singleturn|p2a: Salazzle|Protect\n|move|p1a: Sceptile|Hidden Power|p2a: Salazzle\n|-activate|p2a: Salazzle|move: Protect\n|\n|upkeep\n|turn|5\n|\n|t:|1701024518\n|move|p1a: Sceptile|Hidden Power|p2a: Salazzle\n|-supereffective|p2a: Salazzle\n|-damage|p2a: Salazzle|0 fnt\n|faint|p2a: Salazzle\n|\n|upkeep\n|\n|t:|1701024525\n|switch|p2a: Roserade|Roserade, F|100\/100\n|turn|6\n|\n|t:|1701024528\n|switch|p1a: Krookodile|Krookodile, M|100\/100\n|-ability|p1a: Krookodile|Intimidate|boost\n|-unboost|p2a: Roserade|atk|1\n|move|p2a: Roserade|Sludge Bomb|p1a: Krookodile\n|-resisted|p1a: Krookodile\n|-damage|p1a: Krookodile|70\/100\n|\n|upkeep\n|turn|7\n|\n|t:|1701024532\n|move|p1a: Krookodile|Stealth Rock|p2a: Roserade\n|-sidestart|p2: PyraFox|move: Stealth Rock\n|move|p2a: Roserade|Dazzling Gleam|p1a: Krookodile\n|-supereffective|p1a: Krookodile\n|-damage|p1a: Krookodile|0 fnt\n|faint|p1a: Krookodile\n|\n|upkeep\n|\n|t:|1701024537\n|switch|p1a: Charizard|Charizard, F|100\/100\n|turn|8\n|\n|t:|1701024543\n|move|p1a: Charizard|Air Slash|p2a: Roserade\n|-supereffective|p2a: Roserade\n|-damage|p2a: Roserade|43\/100\n|cant|p2a: Roserade|flinch\n|\n|upkeep\n|turn|9\n|\n|t:|1701024556\n|move|p1a: Charizard|Flamethrower|p2a: Roserade\n|-supereffective|p2a: Roserade\n|-damage|p2a: Roserade|0 fnt\n|faint|p2a: Roserade\n|\n|upkeep\n|\n|t:|1701024560\n|switch|p2a: Weavile|Weavile, M|100\/100\n|-damage|p2a: Weavile|76\/100|[from] Stealth Rock\n|-ability|p2a: Weavile|Pressure\n|turn|10\n|\n|t:|1701024571\n|move|p2a: Weavile|Knock Off|p1a: Charizard\n|-damage|p1a: Charizard|44\/100\n|-damage|p2a: Weavile|66\/100|[from] item: Life Orb\n|move|p1a: Charizard|Flamethrower|p2a: Weavile\n|-supereffective|p2a: Weavile\n|-damage|p2a: Weavile|0 fnt\n|faint|p2a: Weavile\n|\n|upkeep\n|\n|t:|1701024577\n|switch|p2a: Delphox|Delphox, M|100\/100\n|turn|11\n|\n|t:|1701024582\n|switch|p1a: Greninja|Greninja, M|100\/100\n|move|p2a: Delphox|Hyper Voice|p1a: Greninja\n|-damage|p1a: Greninja|55\/100\n|\n|upkeep\n|turn|12\n|\n|t:|1701024588\n|move|p1a: Greninja|Scald|p2a: Delphox\n|-damage|p2a: Delphox|23\/100\n|replace|p2a: Zoroark|Zoroark, M\n|-end|p2a: Zoroark|Illusion\n|move|p2a: Zoroark|Night Daze|p1a: Greninja\n|-resisted|p1a: Greninja\n|-damage|p1a: Greninja|20\/100\n|\n|upkeep\n|turn|13\n|\n|t:|1701024596\n|move|p1a: Greninja|Water Shuriken|p2a: Zoroark\n|-damage|p2a: Zoroark|6\/100\n|-damage|p2a: Zoroark|0 fnt\n|faint|p2a: Zoroark\n|-ability|p1a: Greninja|Battle Bond|boost\n|-boost|p1a: Greninja|atk|1\n|-boost|p1a: Greninja|spa|1\n|-boost|p1a: Greninja|spe|1\n|-activate|p1a: Greninja|ability: Battle Bond\n|-hitcount|p2: Zoroark|2\n|\n|upkeep\n|\n|t:|1701024602\n|switch|p2a: Gardevoir|Gardevoir, F|100\/100\n|-damage|p2a: Gardevoir|88\/100|[from] Stealth Rock\n|turn|14\n|\n|t:|1701024606\n|detailschange|p2a: Gardevoir|Gardevoir-Mega, F\n|-mega|p2a: Gardevoir|Gardevoir|Gardevoirite\n|move|p1a: Greninja|Scald|p2a: Gardevoir\n|-damage|p2a: Gardevoir|29\/100\n|move|p2a: Gardevoir|Hyper Voice|p1a: Greninja\n|-supereffective|p1a: Greninja\n|-damage|p1a: Greninja|0 fnt\n|faint|p1a: Greninja\n|\n|upkeep\n|\n|t:|1701024611\n|switch|p1a: Infernape|Infernape, F|100\/100\n|turn|15\n|\n|t:|1701024618\n|move|p1a: Infernape|Flare Blitz|p2a: Gardevoir\n|-damage|p2a: Gardevoir|0 fnt\n|faint|p2a: Gardevoir\n|-damage|p1a: Infernape|92\/100|[from] Recoil\n|\n|upkeep\n|\n|t:|1701024621\n|switch|p2a: Delphox|Delphox, M|100\/100\n|-damage|p2a: Delphox|76\/100|[from] Stealth Rock\n|turn|16\n|\n|t:|1701024624\n|move|p1a: Infernape|Flare Blitz|p2a: Delphox\n|-resisted|p2a: Delphox\n|-damage|p2a: Delphox|36\/100\n|-damage|p1a: Infernape|79\/100|[from] Recoil\n|move|p2a: Delphox|Hypnosis|p1a: Infernape|[miss]\n|-miss|p2a: Delphox|p1a: Infernape\n|-enditem|p2a: Delphox|Blunder Policy\n|-boost|p2a: Delphox|spe|2\n|\n|upkeep\n|turn|17\n|\n|t:|1701024628\n|move|p2a: Delphox|Psychic|p1a: Infernape\n|-supereffective|p1a: Infernape\n|-damage|p1a: Infernape|0 fnt\n|faint|p1a: Infernape\n|\n|upkeep\n|\n|t:|1701024630\n|switch|p1a: Pikachu|Pikachu-Kalos, M|51\/100 tox\n|turn|18\n|\n|t:|1701024637\n|move|p1a: Pikachu|Fake Out|p2a: Delphox\n|-damage|p2a: Delphox|10\/100\n|cant|p2a: Delphox|flinch\n|\n|-damage|p1a: Pikachu|45\/100 tox|[from] psn\n|upkeep\n|turn|19\n|\n|t:|1701024640\n|switch|p1a: Sceptile|Sceptile, M|100\/100\n|move|p2a: Delphox|Psychic|p1a: Sceptile\n|-damage|p1a: Sceptile|35\/100\n|\n|upkeep\n|turn|20\n|\n|t:|1701024642\n|move|p2a: Delphox|Mystical Fire|p1a: Sceptile\n|-supereffective|p1a: Sceptile\n|-damage|p1a: Sceptile|0 fnt\n|faint|p1a: Sceptile\n|\n|upkeep\n|\n|t:|1701024644\n|switch|p1a: Pikachu|Pikachu-Kalos, M|45\/100 tox\n|turn|21\n|c|\u2606MasterList2015|gg\n|inactive|Battle timer is ON: inactive players will automatically lose when time's up. (requested by MasterList2015)\n|\n|t:|1701024659\n|move|p1a: Pikachu|Fake Out|p2a: Delphox\n|-damage|p2a: Delphox|0 fnt\n|faint|p2a: Delphox\n|\n|win|MasterList2015\n|raw|MasterList2015's rating: 1158 &rarr; <strong>1181<\/strong><br \/>(+23 for winning)\n|raw|PyraFox's rating: 1134 &rarr; <strong>1111<\/strong><br \/>(-23 for losing)\n|c|\u2606PyraFox|Grr...\n|l|\u2606PyraFox\n","uploadtime":1701024673,"views":1,"p1id":"masterlist2015","p2id":"pyrafox","formatid":"gen9nationaldex","rating":1111,"private":0,"password":""}