{"id":"gen9nationaldex-1994851841","p1":"krickitune fan","p2":"FireGym Virgil","format":"[Gen 9] National Dex","log":"|html|<div class=\"broadcast-blue\"><strong>[Gen 9] National Dex is currently suspecting Sneasler! For information on how to participate check out the <a href=\"https:\/\/www.smogon.com\/forums\/threads\/sv-national-dex-suspect-8-just-dance.3731534\/\">suspect thread<\/a>.<\/strong><\/div>\n|j|\u203dkrickitune fan\n|j|\u2606FireGym Virgil\n|t:|1700498643\n|gametype|singles\n|player|p1|krickitune fan|gardenia|1367\n|player|p2|FireGym Virgil|blaine|1272\n|teamsize|p1|6\n|teamsize|p2|6\n|gen|9\n|tier|[Gen 9] National Dex\n|rated|\n|rule|HP Percentage Mod: HP is shown in percentages\n|rule|Endless Battle Clause: Forcing endless battles is banned\n|rule|OHKO Clause: OHKO moves are banned\n|rule|Evasion Clause: Evasion abilities, items, and moves are banned\n|rule|Evasion Abilities Clause: Evasion abilities are banned\n|rule|Evasion Items Clause: Evasion items are banned\n|rule|Evasion Moves Clause: Evasion moves are banned\n|rule|Species Clause: Limit one of each Pok\u00e9mon\n|rule|Sleep Clause Mod: Limit one foe put to sleep\n|clearpoke\n|poke|p1|Kommo-o, F|\n|poke|p1|Heatran, M|\n|poke|p1|Rotom-Wash|\n|poke|p1|Weavile, F|\n|poke|p1|Rillaboom, M|\n|poke|p1|Mawile, M|\n|poke|p2|Charizard, M|\n|poke|p2|Infernape, M|\n|poke|p2|Typhlosion, F|\n|poke|p2|Marowak-Alola, M|\n|poke|p2|Arcanine-Hisui, M|\n|poke|p2|Talonflame, M|\n|teampreview\n|c|\u2606FireGym Virgil|Delelele woooooop\n|inactive|Battle timer is ON: inactive players will automatically lose when time's up. (requested by FireGym Virgil)\n|\n|t:|1700498665\n|start\n|switch|p1a: Heatran|Heatran, M|100\/100\n|switch|p2a: Arcanine|Arcanine-Hisui, M|100\/100\n|turn|1\n|\n|t:|1700498675\n|switch|p2a: Marowak|Marowak-Alola, M|100\/100\n|move|p1a: Heatran|Stealth Rock|p2a: Marowak\n|-sidestart|p2: FireGym Virgil|move: Stealth Rock\n|\n|upkeep\n|turn|2\n|\n|t:|1700498682\n|move|p1a: Heatran|Toxic|p2a: Marowak\n|-status|p2a: Marowak|tox\n|move|p2a: Marowak|Low Kick|p1a: Heatran\n|-supereffective|p1a: Heatran\n|-damage|p1a: Heatran|0 fnt\n|faint|p1a: Heatran\n|\n|-damage|p2a: Marowak|94\/100 tox|[from] psn\n|upkeep\n|\n|t:|1700498699\n|switch|p1a: Rotom|Rotom-Wash|100\/100\n|turn|3\n|\n|t:|1700498702\n|move|p1a: Rotom|Hydro Pump|p2a: Marowak|[miss]\n|-miss|p1a: Rotom|p2a: Marowak\n|move|p2a: Marowak|Shadow Bone|p1a: Rotom\n|-damage|p1a: Rotom|2\/100\n|\n|-heal|p1a: Rotom|8\/100|[from] item: Leftovers\n|-damage|p2a: Marowak|82\/100 tox|[from] psn\n|upkeep\n|turn|4\n|\n|t:|1700498710\n|move|p1a: Rotom|Hydro Pump|p2a: Marowak|[miss]\n|-miss|p1a: Rotom|p2a: Marowak\n|move|p2a: Marowak|Shadow Bone|p1a: Rotom\n|-damage|p1a: Rotom|0 fnt\n|faint|p1a: Rotom\n|\n|-damage|p2a: Marowak|64\/100 tox|[from] psn\n|upkeep\n|\n|t:|1700498721\n|switch|p1a: Mawile|Mawile, M|100\/100\n|-ability|p1a: Mawile|Intimidate|boost\n|-unboost|p2a: Marowak|atk|1\n|turn|5\n|\n|t:|1700498724\n|detailschange|p1a: Mawile|Mawile-Mega, M\n|-mega|p1a: Mawile|Mawile|Mawilite\n|move|p1a: Mawile|Sucker Punch|p2a: Marowak\n|-supereffective|p2a: Marowak\n|-damage|p2a: Marowak|0 fnt\n|faint|p2a: Marowak\n|\n|upkeep\n|\n|t:|1700498729\n|switch|p2a: Talonflame|Talonflame, M|100\/100\n|-damage|p2a: Talonflame|51\/100|[from] Stealth Rock\n|turn|6\n|\n|t:|1700498733\n|move|p2a: Talonflame|Defog|p1a: Mawile\n|-unboost|p1a: Mawile|evasion|1\n|-sideend|p2: FireGym Virgil|Stealth Rock|[from] move: Defog|[of] p2a: Talonflame\n|move|p1a: Mawile|Power-Up Punch|p2a: Talonflame\n|-resisted|p2a: Talonflame\n|-damage|p2a: Talonflame|30\/100\n|-boost|p1a: Mawile|atk|1\n|\n|upkeep\n|turn|7\n|\n|t:|1700498740\n|move|p1a: Mawile|Sucker Punch|p2a: Talonflame\n|-damage|p2a: Talonflame|0 fnt\n|faint|p2a: Talonflame\n|\n|upkeep\n|\n|t:|1700498747\n|switch|p2a: Charizard|Charizard, M|100\/100\n|turn|8\n|\n|t:|1700498752\n|detailschange|p2a: Charizard|Charizard-Mega-Y, M\n|-mega|p2a: Charizard|Charizard|Charizardite Y\n|-weather|SunnyDay|[from] ability: Drought|[of] p2a: Charizard\n|move|p1a: Mawile|Sucker Punch|p2a: Charizard\n|-damage|p2a: Charizard|3\/100\n|move|p2a: Charizard|Weather Ball|p1a: Mawile\n|-supereffective|p1a: Mawile\n|-damage|p1a: Mawile|0 fnt\n|faint|p1a: Mawile\n|\n|-weather|SunnyDay|[upkeep]\n|upkeep\n|\n|t:|1700498762\n|switch|p1a: Weavile|Weavile, F|100\/100\n|-ability|p1a: Weavile|Pressure\n|turn|9\n|\n|t:|1700498772\n|move|p1a: Weavile|Ice Shard|p2a: Charizard\n|-damage|p2a: Charizard|0 fnt\n|faint|p2a: Charizard\n|\n|-weather|SunnyDay|[upkeep]\n|upkeep\n|\n|t:|1700498775\n|switch|p2a: Typhlosion|Typhlosion, F|100\/100\n|turn|10\n|\n|t:|1700498780\n|-terastallize|p2a: Typhlosion|Fire\n|move|p2a: Typhlosion|Eruption|p1a: Weavile\n|-supereffective|p1a: Weavile\n|-enditem|p1a: Weavile|Focus Sash\n|-damage|p1a: Weavile|1\/100\n|move|p1a: Weavile|Throat Chop|p2a: Typhlosion\n|-damage|p2a: Typhlosion|43\/100\n|-start|p2a: Typhlosion|Throat Chop|[silent]\n|\n|-weather|SunnyDay|[upkeep]\n|upkeep\n|turn|11\n|\n|t:|1700498791\n|move|p1a: Weavile|Ice Shard|p2a: Typhlosion\n|-resisted|p2a: Typhlosion\n|-damage|p2a: Typhlosion|30\/100\n|move|p2a: Typhlosion|Eruption|p1a: Weavile\n|-supereffective|p1a: Weavile\n|-damage|p1a: Weavile|0 fnt\n|faint|p1a: Weavile\n|\n|-weather|SunnyDay|[upkeep]\n|-end|p2a: Typhlosion|Throat Chop|[silent]\n|upkeep\n|\n|t:|1700498795\n|switch|p1a: Kommo-o|Kommo-o, F|100\/100\n|turn|12\n|\n|t:|1700498798\n|move|p2a: Typhlosion|Eruption|p1a: Kommo-o\n|-resisted|p1a: Kommo-o\n|-damage|p1a: Kommo-o|61\/100\n|-zpower|p1a: Kommo-o\n|move|p1a: Kommo-o|Clangorous Soulblaze|p2a: Typhlosion|[zeffect]\n|-damage|p2a: Typhlosion|0 fnt\n|faint|p2a: Typhlosion\n|-boost|p1a: Kommo-o|atk|1\n|-boost|p1a: Kommo-o|def|1\n|-boost|p1a: Kommo-o|spa|1\n|-boost|p1a: Kommo-o|spd|1\n|-boost|p1a: Kommo-o|spe|1\n|\n|-weather|none\n|upkeep\n|\n|t:|1700498806\n|switch|p2a: Infernape|Infernape, M|100\/100\n|turn|13\n|\n|t:|1700498811\n|move|p1a: Kommo-o|Earthquake|p2a: Infernape\n|-supereffective|p2a: Infernape\n|-damage|p2a: Infernape|0 fnt\n|faint|p2a: Infernape\n|\n|upkeep\n|\n|t:|1700498814\n|switch|p2a: Arcanine|Arcanine-Hisui, M|100\/100\n|turn|14\n|\n|t:|1700498816\n|move|p1a: Kommo-o|Earthquake|p2a: Arcanine\n|-supereffective|p2a: Arcanine\n|-damage|p2a: Arcanine|0 fnt\n|faint|p2a: Arcanine\n|\n|win|krickitune fan\n|raw|krickitune fan's rating: 1367 &rarr; <strong>1382<\/strong><br \/>(+15 for winning)\n|raw|FireGym Virgil's rating: 1272 &rarr; <strong>1254<\/strong><br \/>(-18 for losing)\n|l|\u2606FireGym Virgil\n","uploadtime":1700498822,"views":2,"p1id":"krickitunefan","p2id":"firegymvirgil","formatid":"gen9nationaldex","rating":1254,"private":0,"password":""}