{"id":"gen9nationaldex-2000363702","p1":"diantha20472","p2":"Snurky","format":"[Gen 9] National Dex","log":"|html|<div class=\"broadcast-blue\"><strong>[Gen 9] National Dex is currently suspecting Sneasler! For information on how to participate check out the <a href=\"https:\/\/www.smogon.com\/forums\/threads\/sv-national-dex-suspect-8-just-dance.3731534\/\">suspect thread<\/a>.<\/strong><\/div>\n|j|\u2606diantha20472\n|j|\u2606Snurky\n|t:|1701188513\n|gametype|singles\n|player|p1|diantha20472|diantha|1087\n|player|p2|Snurky|101|1181\n|teamsize|p1|6\n|teamsize|p2|6\n|gen|9\n|tier|[Gen 9] National Dex\n|rated|\n|rule|HP Percentage Mod: HP is shown in percentages\n|rule|Endless Battle Clause: Forcing endless battles is banned\n|rule|OHKO Clause: OHKO moves are banned\n|rule|Evasion Clause: Evasion abilities, items, and moves are banned\n|rule|Evasion Abilities Clause: Evasion abilities are banned\n|rule|Evasion Items Clause: Evasion items are banned\n|rule|Evasion Moves Clause: Evasion moves are banned\n|rule|Species Clause: Limit one of each Pok\u00e9mon\n|rule|Sleep Clause Mod: Limit one foe put to sleep\n|clearpoke\n|poke|p1|Ribombee, F|\n|poke|p1|Beedrill, F|\n|poke|p1|Combee, M|\n|poke|p1|Ursaring, M|\n|poke|p1|Sawsbuck-Summer, M|\n|poke|p1|Celebi|\n|poke|p2|Golisopod, F|\n|poke|p2|Clodsire, F|\n|poke|p2|Beedrill, F|\n|poke|p2|Skeledirge, M|\n|poke|p2|Pyukumuku, F|\n|poke|p2|Gliscor, M|\n|teampreview\n|inactive|Battle timer is ON: inactive players will automatically lose when time's up. (requested by diantha20472)\n|\n|t:|1701188526\n|start\n|switch|p1a: Combee|Combee, M|100\/100\n|switch|p2a: Clodsire|Clodsire, F|100\/100\n|turn|1\n|\n|t:|1701188539\n|move|p1a: Combee|Lunge|p2a: Clodsire|[miss]\n|-miss|p1a: Combee|p2a: Clodsire\n|move|p2a: Clodsire|Stealth Rock|p1a: Combee\n|-sidestart|p1: diantha20472|move: Stealth Rock\n|\n|upkeep\n|turn|2\n|\n|t:|1701188546\n|move|p1a: Combee|Lunge|p2a: Clodsire\n|-resisted|p2a: Clodsire\n|-damage|p2a: Clodsire|89\/100\n|-unboost|p2a: Clodsire|atk|1\n|move|p2a: Clodsire|Toxic Spikes|p1a: Combee\n|-sidestart|p1: diantha20472|move: Toxic Spikes\n|\n|-heal|p2a: Clodsire|95\/100|[from] item: Leftovers\n|upkeep\n|turn|3\n|\n|t:|1701188556\n|move|p1a: Combee|Lunge|p2a: Clodsire\n|-resisted|p2a: Clodsire\n|-damage|p2a: Clodsire|84\/100\n|-unboost|p2a: Clodsire|atk|1\n|move|p2a: Clodsire|Toxic Spikes|p1a: Combee\n|-sidestart|p1: diantha20472|move: Toxic Spikes\n|\n|-heal|p2a: Clodsire|90\/100|[from] item: Leftovers\n|upkeep\n|turn|4\n|\n|t:|1701188565\n|move|p1a: Combee|String Shot|p2a: Clodsire\n|-unboost|p2a: Clodsire|spe|2\n|move|p2a: Clodsire|Toxic Spikes||[still]\n|-fail|p2a: Clodsire\n|\n|-heal|p2a: Clodsire|96\/100|[from] item: Leftovers\n|upkeep\n|turn|5\n|\n|t:|1701188579\n|switch|p2a: Pyukumuku|Pyukumuku, F|100\/100\n|move|p1a: Combee|Lunge|p2a: Pyukumuku\n|-crit|p2a: Pyukumuku\n|-damage|p2a: Pyukumuku|69\/100\n|-unboost|p2a: Pyukumuku|atk|1\n|\n|-heal|p2a: Pyukumuku|75\/100|[from] item: Leftovers\n|upkeep\n|turn|6\n|\n|t:|1701188590\n|move|p1a: Combee|Lunge|p2a: Pyukumuku\n|-damage|p2a: Pyukumuku|54\/100\n|-unboost|p2a: Pyukumuku|atk|1\n|move|p2a: Pyukumuku|Toxic|p1a: Combee\n|-status|p1a: Combee|tox\n|\n|-heal|p2a: Pyukumuku|60\/100|[from] item: Leftovers\n|-damage|p1a: Combee|95\/100 tox|[from] psn\n|upkeep\n|turn|7\n|\n|t:|1701188602\n|move|p1a: Combee|Lunge|p2a: Pyukumuku\n|-damage|p2a: Pyukumuku|41\/100\n|-unboost|p2a: Pyukumuku|atk|1\n|move|p2a: Pyukumuku|Recover|p2a: Pyukumuku\n|-heal|p2a: Pyukumuku|91\/100\n|\n|-heal|p2a: Pyukumuku|97\/100|[from] item: Leftovers\n|-damage|p1a: Combee|83\/100 tox|[from] psn\n|upkeep\n|turn|8\n|\n|t:|1701188613\n|move|p1a: Combee|Lunge|p2a: Pyukumuku\n|-damage|p2a: Pyukumuku|76\/100\n|-unboost|p2a: Pyukumuku|atk|1\n|move|p2a: Pyukumuku|Substitute|p2a: Pyukumuku\n|-start|p2a: Pyukumuku|Substitute\n|-damage|p2a: Pyukumuku|51\/100\n|\n|-heal|p2a: Pyukumuku|58\/100|[from] item: Leftovers\n|-damage|p1a: Combee|65\/100 tox|[from] psn\n|upkeep\n|turn|9\n|\n|t:|1701188623\n|move|p1a: Combee|Lunge|p2a: Pyukumuku\n|-activate|p2a: Pyukumuku|move: Substitute|[damage]\n|move|p2a: Pyukumuku|Recover|p2a: Pyukumuku\n|-heal|p2a: Pyukumuku|100\/100\n|\n|-damage|p1a: Combee|41\/100 tox|[from] psn\n|upkeep\n|turn|10\n|\n|t:|1701188634\n|move|p1a: Combee|Lunge|p2a: Pyukumuku\n|-end|p2a: Pyukumuku|Substitute\n|move|p2a: Pyukumuku|Substitute|p2a: Pyukumuku\n|-start|p2a: Pyukumuku|Substitute\n|-damage|p2a: Pyukumuku|76\/100\n|\n|-heal|p2a: Pyukumuku|82\/100|[from] item: Leftovers\n|-damage|p1a: Combee|11\/100 tox|[from] psn\n|upkeep\n|turn|11\n|\n|t:|1701188644\n|move|p1a: Combee|Endeavor|p2a: Pyukumuku\n|-end|p2a: Pyukumuku|Substitute\n|move|p2a: Pyukumuku|Soak|p1a: Combee\n|-start|p1a: Combee|typechange|Water\n|\n|-heal|p2a: Pyukumuku|88\/100|[from] item: Leftovers\n|-damage|p1a: Combee|0 fnt|[from] psn\n|faint|p1a: Combee\n|upkeep\n|\n|t:|1701188654\n|switch|p1a: Beedrill|Beedrill, F|100\/100\n|-damage|p1a: Beedrill|76\/100|[from] Stealth Rock\n|-sideend|p1: diantha20472|move: Toxic Spikes|[of] p1a: Beedrill\n|turn|12\n|\n|t:|1701188663\n|detailschange|p1a: Beedrill|Beedrill-Mega, F\n|-mega|p1a: Beedrill|Beedrill|Beedrillite\n|move|p1a: Beedrill|Fell Stinger|p2a: Pyukumuku\n|-damage|p2a: Pyukumuku|62\/100\n|move|p2a: Pyukumuku|Substitute|p2a: Pyukumuku\n|-start|p2a: Pyukumuku|Substitute\n|-damage|p2a: Pyukumuku|37\/100\n|\n|-heal|p2a: Pyukumuku|43\/100|[from] item: Leftovers\n|upkeep\n|turn|13\n|\n|t:|1701188673\n|move|p1a: Beedrill|Fell Stinger|p2a: Pyukumuku\n|-end|p2a: Pyukumuku|Substitute\n|move|p2a: Pyukumuku|Soak|p1a: Beedrill\n|-start|p1a: Beedrill|typechange|Water\n|\n|-heal|p2a: Pyukumuku|49\/100|[from] item: Leftovers\n|upkeep\n|turn|14\n|\n|t:|1701188681\n|move|p1a: Beedrill|Poison Jab|p2a: Pyukumuku\n|-damage|p2a: Pyukumuku|28\/100\n|move|p2a: Pyukumuku|Recover|p2a: Pyukumuku\n|-heal|p2a: Pyukumuku|78\/100\n|\n|-heal|p2a: Pyukumuku|84\/100|[from] item: Leftovers\n|upkeep\n|turn|15\n|-message|diantha20472 forfeited.\n|\n|win|Snurky\n|raw|diantha20472's rating: 1087 &rarr; <strong>1070<\/strong><br \/>(-17 for losing)\n|raw|Snurky's rating: 1181 &rarr; <strong>1199<\/strong><br \/>(+18 for winning)\n|l|\u2606diantha20472\n","uploadtime":1701188698,"views":4,"p1id":"diantha20472","p2id":"snurky","formatid":"gen9nationaldex","rating":1070,"private":0,"password":""}