{"id":"gen9nationaldex-1995250526","p1":"RandoTestAccount","p2":"Usmanmaqb","format":"[Gen 9] National Dex","log":"|html|<div class=\"broadcast-blue\"><strong>[Gen 9] National Dex is currently suspecting Sneasler! For information on how to participate check out the <a href=\"https:\/\/www.smogon.com\/forums\/threads\/sv-national-dex-suspect-8-just-dance.3731534\/\">suspect thread<\/a>.<\/strong><\/div>\n|j|\u2606RandoTestAccount\n|j|\u2606Usmanmaqb\n|t:|1700540221\n|gametype|singles\n|player|p1|RandoTestAccount|pokemonrangerf|1308\n|player|p2|Usmanmaqb|101|1306\n|teamsize|p1|6\n|teamsize|p2|6\n|gen|9\n|tier|[Gen 9] National Dex\n|rated|\n|rule|HP Percentage Mod: HP is shown in percentages\n|rule|Endless Battle Clause: Forcing endless battles is banned\n|rule|OHKO Clause: OHKO moves are banned\n|rule|Evasion Clause: Evasion abilities, items, and moves are banned\n|rule|Evasion Abilities Clause: Evasion abilities are banned\n|rule|Evasion Items Clause: Evasion items are banned\n|rule|Evasion Moves Clause: Evasion moves are banned\n|rule|Species Clause: Limit one of each Pok\u00e9mon\n|rule|Sleep Clause Mod: Limit one foe put to sleep\n|clearpoke\n|poke|p1|Umbreon, F|\n|poke|p1|Excadrill, F|\n|poke|p1|Corviknight, F|\n|poke|p1|Sableye, F|\n|poke|p1|Tapu Fini|\n|poke|p1|Dragalge, F|\n|poke|p2|Victini|\n|poke|p2|Ferrothorn, M|\n|poke|p2|Rotom-Wash|\n|poke|p2|Clefable, M|\n|poke|p2|Weavile, M|\n|poke|p2|Gengar, F|\n|teampreview\n|inactive|Battle timer is ON: inactive players will automatically lose when time's up. (requested by RandoTestAccount)\n|\n|t:|1700540226\n|start\n|switch|p1a: Spectre of Emerald|Sableye, F, shiny|100\/100\n|switch|p2a: Victini|Victini|100\/100\n|turn|1\n|\n|t:|1700540246\n|detailschange|p1a: Spectre of Emerald|Sableye-Mega, F, shiny\n|-mega|p1a: Spectre of Emerald|Sableye|Sablenite\n|move|p2a: Victini|Dazzling Gleam|p1a: Spectre of Emerald\n|-supereffective|p1a: Spectre of Emerald\n|-damage|p1a: Spectre of Emerald|31\/100\n|move|p1a: Spectre of Emerald|Recover|p1a: Spectre of Emerald\n|-heal|p1a: Spectre of Emerald|81\/100\n|\n|upkeep\n|turn|2\n|\n|t:|1700540251\n|switch|p1a: Agony Steelheart|Dragalge, F, shiny|100\/100\n|move|p2a: Victini|Dazzling Gleam|p1a: Agony Steelheart\n|-damage|p1a: Agony Steelheart|79\/100\n|\n|-heal|p1a: Agony Steelheart|85\/100|[from] item: Black Sludge\n|upkeep\n|turn|3\n|\n|t:|1700540255\n|switch|p2a: Ferrothorn|Ferrothorn, M|100\/100\n|move|p1a: Agony Steelheart|Toxic|p2a: Ferrothorn\n|-immune|p2a: Ferrothorn\n|\n|-heal|p1a: Agony Steelheart|91\/100|[from] item: Black Sludge\n|upkeep\n|turn|4\n|\n|t:|1700540258\n|switch|p1a: Spectre of Emerald|Sableye-Mega, F, shiny|81\/100\n|move|p2a: Ferrothorn|Stealth Rock|p1a: Spectre of Emerald\n|move|p1a: Spectre of Emerald|Stealth Rock|p2a: Ferrothorn|[from]ability: Magic Bounce\n|-sidestart|p2: Usmanmaqb|move: Stealth Rock\n|\n|upkeep\n|turn|5\n|\n|t:|1700540267\n|move|p1a: Spectre of Emerald|Will-O-Wisp|p2a: Ferrothorn|[miss]\n|-miss|p1a: Spectre of Emerald|p2a: Ferrothorn\n|move|p2a: Ferrothorn|Gyro Ball|p1a: Spectre of Emerald\n|-damage|p1a: Spectre of Emerald|75\/100\n|\n|upkeep\n|turn|6\n|\n|t:|1700540273\n|switch|p2a: Rotom|Rotom-Wash|100\/100\n|-damage|p2a: Rotom|88\/100|[from] Stealth Rock\n|move|p1a: Spectre of Emerald|Calm Mind|p1a: Spectre of Emerald\n|-boost|p1a: Spectre of Emerald|spa|1\n|-boost|p1a: Spectre of Emerald|spd|1\n|\n|-heal|p2a: Rotom|94\/100|[from] item: Leftovers\n|upkeep\n|turn|7\n|\n|t:|1700540285\n|move|p2a: Rotom|Defog|p1a: Spectre of Emerald\n|move|p1a: Spectre of Emerald|Defog|p2a: Rotom|[from]ability: Magic Bounce\n|-unboost|p2a: Rotom|evasion|1\n|-sideend|p2: Usmanmaqb|Stealth Rock|[from] move: Defog|[of] p1a: Spectre of Emerald\n|move|p1a: Spectre of Emerald|Recover|p1a: Spectre of Emerald\n|-heal|p1a: Spectre of Emerald|100\/100\n|\n|-heal|p2a: Rotom|100\/100|[from] item: Leftovers\n|upkeep\n|turn|8\n|\n|t:|1700540291\n|move|p2a: Rotom|Volt Switch|p1a: Spectre of Emerald\n|-damage|p1a: Spectre of Emerald|84\/100\n|\n|t:|1700540299\n|switch|p2a: Clefable|Clefable, M|100\/100|[from] Volt Switch\n|move|p1a: Spectre of Emerald|Calm Mind|p1a: Spectre of Emerald\n|-boost|p1a: Spectre of Emerald|spa|1\n|-boost|p1a: Spectre of Emerald|spd|1\n|\n|upkeep\n|turn|9\n|\n|t:|1700540306\n|switch|p1a: Agony Steelheart|Dragalge, F, shiny|91\/100\n|move|p2a: Clefable|Calm Mind|p2a: Clefable\n|-boost|p2a: Clefable|spa|1\n|-boost|p2a: Clefable|spd|1\n|\n|-heal|p1a: Agony Steelheart|97\/100|[from] item: Black Sludge\n|upkeep\n|turn|10\n|\n|t:|1700540312\n|switch|p2a: Ferrothorn|Ferrothorn, M|100\/100\n|move|p1a: Agony Steelheart|Toxic|p2a: Ferrothorn\n|-immune|p2a: Ferrothorn\n|\n|-heal|p1a: Agony Steelheart|100\/100|[from] item: Black Sludge\n|upkeep\n|turn|11\n|\n|t:|1700540316\n|switch|p1a: Spectre of Emerald|Sableye-Mega, F, shiny|84\/100\n|move|p2a: Ferrothorn|Gyro Ball|p1a: Spectre of Emerald\n|-damage|p1a: Spectre of Emerald|78\/100\n|\n|upkeep\n|turn|12\n|\n|t:|1700540335\n|switch|p1a: Agony Steelheart|Dragalge, F, shiny|100\/100\n|move|p2a: Ferrothorn|Knock Off|p1a: Agony Steelheart\n|-damage|p1a: Agony Steelheart|77\/100\n|-enditem|p1a: Agony Steelheart|Black Sludge|[from] move: Knock Off|[of] p2a: Ferrothorn\n|\n|upkeep\n|turn|13\n|\n|t:|1700540340\n|switch|p1a: Spectre of Emerald|Sableye-Mega, F, shiny|78\/100\n|move|p2a: Ferrothorn|Leech Seed|p1a: Spectre of Emerald\n|move|p1a: Spectre of Emerald|Leech Seed|p2a: Ferrothorn|[from]ability: Magic Bounce\n|-immune|p2a: Ferrothorn\n|\n|upkeep\n|turn|14\n|\n|t:|1700540354\n|move|p2a: Ferrothorn|Gyro Ball|p1a: Spectre of Emerald\n|-damage|p1a: Spectre of Emerald|73\/100\n|move|p1a: Spectre of Emerald|Will-O-Wisp|p2a: Ferrothorn\n|-status|p2a: Ferrothorn|brn\n|\n|-damage|p2a: Ferrothorn|95\/100 brn|[from] brn\n|upkeep\n|turn|15\n|\n|t:|1700540373\n|switch|p2a: Victini|Victini|100\/100\n|move|p1a: Spectre of Emerald|Calm Mind|p1a: Spectre of Emerald\n|-boost|p1a: Spectre of Emerald|spa|1\n|-boost|p1a: Spectre of Emerald|spd|1\n|\n|upkeep\n|turn|16\n|\n|t:|1700540379\n|move|p2a: Victini|Psychic|p1a: Spectre of Emerald\n|-immune|p1a: Spectre of Emerald\n|move|p1a: Spectre of Emerald|Recover|p1a: Spectre of Emerald\n|-heal|p1a: Spectre of Emerald|100\/100\n|\n|upkeep\n|turn|17\n|\n|t:|1700540382\n|move|p2a: Victini|Psychic|p1a: Spectre of Emerald\n|-immune|p1a: Spectre of Emerald\n|move|p1a: Spectre of Emerald|Calm Mind|p1a: Spectre of Emerald\n|-boost|p1a: Spectre of Emerald|spa|1\n|-boost|p1a: Spectre of Emerald|spd|1\n|\n|upkeep\n|turn|18\n|\n|t:|1700540386\n|switch|p2a: Gengar|Gengar, F|100\/100\n|move|p1a: Spectre of Emerald|Dark Pulse|p2a: Gengar\n|-supereffective|p2a: Gengar\n|-damage|p2a: Gengar|0 fnt\n|faint|p2a: Gengar\n|\n|upkeep\n|-message|Usmanmaqb forfeited.\n|\n|win|RandoTestAccount\n|raw|RandoTestAccount's rating: 1308 &rarr; <strong>1328<\/strong><br \/>(+20 for winning)\n|raw|Usmanmaqb's rating: 1306 &rarr; <strong>1286<\/strong><br \/>(-20 for losing)\n|l|\u2606Usmanmaqb\n","uploadtime":1700540403,"views":1,"p1id":"randotestaccount","p2id":"usmanmaqb","formatid":"gen9nationaldex","rating":1286,"private":0,"password":""}