{"id":"gen9nationaldex-1996586835","p1":"PP4Z","p2":"jshcnkdhu27","format":"[Gen 9] National Dex","log":"|html|<div class=\"broadcast-blue\"><strong>[Gen 9] National Dex is currently suspecting Sneasler! For information on how to participate check out the <a href=\"https:\/\/www.smogon.com\/forums\/threads\/sv-national-dex-suspect-8-just-dance.3731534\/\">suspect thread<\/a>.<\/strong><\/div>\n|j|\u2606PP4Z\n|j|\u2606jshcnkdhu27\n|t:|1700697447\n|gametype|singles\n|player|p1|PP4Z|drayden|1105\n|player|p2|jshcnkdhu27|veteran|1049\n|teamsize|p1|6\n|teamsize|p2|6\n|gen|9\n|tier|[Gen 9] National Dex\n|rated|\n|rule|HP Percentage Mod: HP is shown in percentages\n|rule|Endless Battle Clause: Forcing endless battles is banned\n|rule|OHKO Clause: OHKO moves are banned\n|rule|Evasion Clause: Evasion abilities, items, and moves are banned\n|rule|Evasion Abilities Clause: Evasion abilities are banned\n|rule|Evasion Items Clause: Evasion items are banned\n|rule|Evasion Moves Clause: Evasion moves are banned\n|rule|Species Clause: Limit one of each Pok\u00e9mon\n|rule|Sleep Clause Mod: Limit one foe put to sleep\n|clearpoke\n|poke|p1|Venusaur, F|\n|poke|p1|Pikachu, F|\n|poke|p1|Espeon, M|\n|poke|p1|Aerodactyl, F|\n|poke|p1|Poliwrath, F|\n|poke|p1|Snorlax, M|\n|poke|p2|Charizard, F|\n|poke|p2|Great Tusk|\n|poke|p2|Mimikyu, F|\n|poke|p2|Ferrothorn, M|\n|poke|p2|Rotom-Wash|\n|poke|p2|Weavile, F|\n|teampreview\n|inactive|Battle timer is ON: inactive players will automatically lose when time's up. (requested by jshcnkdhu27)\n|\n|t:|1700697466\n|start\n|switch|p1a: Aerodactyl|Aerodactyl, F|100\/100\n|switch|p2a: Ferrothorn|Ferrothorn, M|100\/100\n|-ability|p1a: Aerodactyl|Pressure\n|turn|1\n|\n|t:|1700697474\n|move|p1a: Aerodactyl|Earthquake|p2a: Ferrothorn\n|-damage|p2a: Ferrothorn|83\/100\n|move|p2a: Ferrothorn|Gyro Ball|p1a: Aerodactyl\n|-supereffective|p1a: Aerodactyl\n|-damage|p1a: Aerodactyl|0 fnt\n|faint|p1a: Aerodactyl\n|\n|-heal|p2a: Ferrothorn|90\/100|[from] item: Leftovers\n|upkeep\n|\n|t:|1700697488\n|switch|p1a: Snorlax|Snorlax, M|100\/100\n|turn|2\n|\n|t:|1700697494\n|move|p1a: Snorlax|Curse|p1a: Snorlax\n|-unboost|p1a: Snorlax|spe|1\n|-boost|p1a: Snorlax|atk|1\n|-boost|p1a: Snorlax|def|1\n|move|p2a: Ferrothorn|Leech Seed|p1a: Snorlax\n|-start|p1a: Snorlax|move: Leech Seed\n|\n|-heal|p2a: Ferrothorn|96\/100|[from] item: Leftovers\n|-damage|p1a: Snorlax|88\/100|[from] Leech Seed|[of] p2a: Ferrothorn\n|-heal|p2a: Ferrothorn|100\/100|[silent]\n|upkeep\n|turn|3\n|\n|t:|1700697500\n|move|p1a: Snorlax|Fire Punch|p2a: Ferrothorn\n|-supereffective|p2a: Ferrothorn\n|-damage|p2a: Ferrothorn|32\/100\n|-damage|p1a: Snorlax|75\/100|[from] ability: Iron Barbs|[of] p2a: Ferrothorn\n|move|p2a: Ferrothorn|Stealth Rock|p1a: Snorlax\n|-sidestart|p1: PP4Z|move: Stealth Rock\n|\n|-heal|p1a: Snorlax|82\/100|[from] item: Leftovers\n|-heal|p2a: Ferrothorn|39\/100|[from] item: Leftovers\n|-damage|p1a: Snorlax|69\/100|[from] Leech Seed|[of] p2a: Ferrothorn\n|-heal|p2a: Ferrothorn|55\/100|[silent]\n|upkeep\n|turn|4\n|\n|t:|1700697511\n|move|p1a: Snorlax|Fire Punch|p2a: Ferrothorn\n|-supereffective|p2a: Ferrothorn\n|-damage|p2a: Ferrothorn|0 fnt\n|-damage|p1a: Snorlax|57\/100|[from] ability: Iron Barbs|[of] p2a: Ferrothorn\n|faint|p2a: Ferrothorn\n|\n|-heal|p1a: Snorlax|63\/100|[from] item: Leftovers\n|upkeep\n|\n|t:|1700697521\n|switch|p2a: Rotom|Rotom-Wash|100\/100\n|turn|5\n|\n|t:|1700697529\n|move|p2a: Rotom|Will-O-Wisp|p1a: Snorlax|[miss]\n|-miss|p2a: Rotom|p1a: Snorlax\n|move|p1a: Snorlax|Body Slam|p2a: Rotom\n|-damage|p2a: Rotom|47\/100\n|\n|-heal|p1a: Snorlax|69\/100|[from] item: Leftovers\n|-damage|p1a: Snorlax|57\/100|[from] Leech Seed|[of] p2a: Rotom\n|-heal|p2a: Rotom|66\/100|[silent]\n|upkeep\n|turn|6\n|\n|t:|1700697535\n|move|p2a: Rotom|Will-O-Wisp|p1a: Snorlax\n|-status|p1a: Snorlax|brn\n|move|p1a: Snorlax|Body Slam|p2a: Rotom\n|-damage|p2a: Rotom|41\/100\n|\n|-heal|p1a: Snorlax|63\/100 brn|[from] item: Leftovers\n|-damage|p1a: Snorlax|50\/100 brn|[from] Leech Seed|[of] p2a: Rotom\n|-heal|p2a: Rotom|60\/100|[silent]\n|-damage|p1a: Snorlax|44\/100 brn|[from] brn\n|upkeep\n|turn|7\n|\n|t:|1700697543\n|switch|p2a: Mimikyu|Mimikyu, F|100\/100\n|move|p1a: Snorlax|Rest|p1a: Snorlax\n|-status|p1a: Snorlax|slp|[from] move: Rest\n|-heal|p1a: Snorlax|100\/100 slp|[silent]\n|\n|-damage|p1a: Snorlax|88\/100 slp|[from] Leech Seed|[of] p2a: Mimikyu\n|upkeep\n|turn|8\n|\n|t:|1700697556\n|switch|p1a: Venusaur|Venusaur, F|100\/100\n|-damage|p1a: Venusaur|88\/100|[from] Stealth Rock\n|move|p2a: Mimikyu|Swords Dance|p2a: Mimikyu\n|-boost|p2a: Mimikyu|atk|2\n|\n|upkeep\n|turn|9\n|\n|t:|1700697563\n|detailschange|p1a: Venusaur|Venusaur-Mega, F\n|-mega|p1a: Venusaur|Venusaur|Venusaurite\n|move|p2a: Mimikyu|Swords Dance|p2a: Mimikyu\n|-boost|p2a: Mimikyu|atk|2\n|move|p1a: Venusaur|Sludge Bomb|p2a: Mimikyu\n|-activate|p2a: Mimikyu|ability: Disguise\n|-damage|p2a: Mimikyu|100\/100\n|detailschange|p2a: Mimikyu|Mimikyu-Busted, F\n|-damage|p2a: Mimikyu|88\/100|[from] pokemon: Mimikyu-Busted\n|\n|upkeep\n|turn|10\n|\n|t:|1700697574\n|-zpower|p2a: Mimikyu\n|move|p2a: Mimikyu|Let's Snuggle Forever|p1a: Venusaur|[zeffect]\n|-resisted|p1a: Venusaur\n|-damage|p1a: Venusaur|0 fnt\n|faint|p1a: Venusaur\n|\n|upkeep\n|\n|t:|1700697586\n|switch|p1a: Espeon|Espeon, M|100\/100\n|turn|11\n|\n|t:|1700697594\n|-terastallize|p1a: Espeon|Fairy\n|move|p2a: Mimikyu|Shadow Sneak|p1a: Espeon\n|-crit|p1a: Espeon\n|-damage|p1a: Espeon|0 fnt\n|faint|p1a: Espeon\n|\n|upkeep\n|\n|t:|1700697600\n|switch|p1a: Poliwrath|Poliwrath, F|100\/100\n|-damage|p1a: Poliwrath|94\/100|[from] Stealth Rock\n|turn|12\n|\n|t:|1700697604\n|move|p2a: Mimikyu|Play Rough|p1a: Poliwrath\n|-supereffective|p1a: Poliwrath\n|-damage|p1a: Poliwrath|0 fnt\n|faint|p1a: Poliwrath\n|\n|upkeep\n|\n|t:|1700697607\n|switch|p1a: Pikachu|Pikachu, F|100\/100\n|-damage|p1a: Pikachu|88\/100|[from] Stealth Rock\n|turn|13\n|\n|t:|1700697611\n|move|p2a: Mimikyu|Play Rough|p1a: Pikachu\n|-damage|p1a: Pikachu|0 fnt\n|faint|p1a: Pikachu\n|\n|upkeep\n|\n|t:|1700697613\n|switch|p1a: Snorlax|Snorlax, M|88\/100 slp\n|-damage|p1a: Snorlax|75\/100 slp|[from] Stealth Rock\n|turn|14\n|\n|t:|1700697619\n|move|p2a: Mimikyu|Play Rough|p1a: Snorlax\n|-damage|p1a: Snorlax|0 fnt\n|faint|p1a: Snorlax\n|\n|win|jshcnkdhu27\n|raw|PP4Z's rating: 1105 &rarr; <strong>1076<\/strong><br \/>(-29 for losing)\n|raw|jshcnkdhu27's rating: 1049 &rarr; <strong>1087<\/strong><br \/>(+38 for winning)\n","uploadtime":1700697630,"views":4,"p1id":"pp4z","p2id":"jshcnkdhu27","formatid":"gen9nationaldex","rating":1076,"private":0,"password":""}