{"id":"gen9nationaldex-1997211351","p1":"DrewTrain06","p2":"Viruskiller","format":"[Gen 9] National Dex","log":"|html|<div class=\"broadcast-blue\"><strong>[Gen 9] National Dex is currently suspecting Sneasler! For information on how to participate check out the <a href=\"https:\/\/www.smogon.com\/forums\/threads\/sv-national-dex-suspect-8-just-dance.3731534\/\">suspect thread<\/a>.<\/strong><\/div>\n|j|\u2606DrewTrain06\n|j|\u2606Viruskiller\n|t:|1700776041\n|gametype|singles\n|player|p1|DrewTrain06|lillie-masters2|\n|player|p2|Viruskiller|red|\n|teamsize|p1|6\n|teamsize|p2|6\n|gen|9\n|tier|[Gen 9] National Dex\n|rule|HP Percentage Mod: HP is shown in percentages\n|rule|Endless Battle Clause: Forcing endless battles is banned\n|rule|OHKO Clause: OHKO moves are banned\n|rule|Evasion Clause: Evasion abilities, items, and moves are banned\n|rule|Evasion Abilities Clause: Evasion abilities are banned\n|rule|Evasion Items Clause: Evasion items are banned\n|rule|Evasion Moves Clause: Evasion moves are banned\n|rule|Species Clause: Limit one of each Pok\u00e9mon\n|rule|Sleep Clause Mod: Limit one foe put to sleep\n|clearpoke\n|poke|p1|Froslass, F|\n|poke|p1|Abomasnow, F|\n|poke|p1|Avalugg-Hisui, F|\n|poke|p1|Weavile, F|\n|poke|p1|Glaceon, F|\n|poke|p1|Medicham, F|\n|poke|p2|Krookodile, F|\n|poke|p2|Greninja-*, F|\n|poke|p2|Charizard, F|\n|poke|p2|Kleavor, F|\n|poke|p2|Sceptile, F|\n|poke|p2|Toxtricity, F|\n|teampreview\n|\n|t:|1700776046\n|start\n|switch|p1a: Abomasnow|Abomasnow, F|100\/100\n|switch|p2a: the rockler|Kleavor, F|100\/100\n|-weather|Snow|[from] ability: Snow Warning|[of] p1a: Abomasnow\n|turn|1\n|c|\u2606DrewTrain06|whose team?\n|c|\u2606Viruskiller|uh\n|\n|t:|1700776068\n|move|p2a: the rockler|Stone Axe|p1a: Abomasnow\n|-supereffective|p1a: Abomasnow\n|-damage|p1a: Abomasnow|21\/100\n|-sidestart|p1: DrewTrain06|move: Stealth Rock\n|-damage|p2a: the rockler|91\/100|[from] item: Life Orb\n|move|p1a: Abomasnow|Blizzard|p2a: the rockler\n|-damage|p2a: the rockler|34\/100\n|\n|-weather|Snow|[upkeep]\n|upkeep\n|turn|2\n|c|\u2606Viruskiller|an ice user\n|c|\u2606Viruskiller|lol\n|c|\u2606DrewTrain06|candice\n|c|\u2606Viruskiller|oh\n|c|\u2606Viruskiller|the legends one?\n|c|\u2606DrewTrain06|no I included a hisui pokemon and medicham i though it made sence thematicly\n|\n|t:|1700776127\n|move|p2a: the rockler|Stone Axe|p1a: Abomasnow\n|-supereffective|p1a: Abomasnow\n|-damage|p1a: Abomasnow|0 fnt\n|faint|p1a: Abomasnow\n|-damage|p2a: the rockler|24\/100|[from] item: Life Orb\n|\n|-weather|Snow|[upkeep]\n|upkeep\n|c|\u2606Viruskiller|oh ok\n|\n|t:|1700776136\n|switch|p1a: Avalugg|Avalugg-Hisui, F|100\/100\n|turn|3\n|\n|t:|1700776144\n|move|p2a: the rockler|Roost|p2a: the rockler\n|-heal|p2a: the rockler|74\/100\n|-singleturn|p2a: the rockler|move: Roost\n|move|p1a: Avalugg|Body Press|p2a: the rockler\n|-damage|p2a: the rockler|31\/100\n|\n|-weather|Snow|[upkeep]\n|upkeep\n|turn|4\n|\n|t:|1700776152\n|switch|p2a: uranium|Toxtricity, F, shiny|100\/100\n|move|p1a: Avalugg|Body Press|p2a: uranium\n|-resisted|p2a: uranium\n|-damage|p2a: uranium|72\/100\n|\n|-weather|Snow|[upkeep]\n|upkeep\n|turn|5\n|\n|t:|1700776159\n|move|p2a: uranium|Shift Gear|p2a: uranium\n|-boost|p2a: uranium|spe|2\n|-boost|p2a: uranium|atk|1\n|move|p1a: Avalugg|Recover||[still]\n|-fail|p1a: Avalugg|heal\n|\n|-weather|Snow|[upkeep]\n|upkeep\n|turn|6\n|\n|t:|1700776171\n|-terastallize|p2a: uranium|Normal\n|move|p2a: uranium|Boomburst|p1a: Avalugg\n|-resisted|p1a: Avalugg\n|-damage|p1a: Avalugg|24\/100\n|-enditem|p2a: uranium|Throat Spray\n|-boost|p2a: uranium|spa|1|[from] item: Throat Spray\n|move|p1a: Avalugg|Body Press|p2a: uranium\n|-supereffective|p2a: uranium\n|-damage|p2a: uranium|0 fnt\n|faint|p2a: uranium\n|\n|-weather|Snow|[upkeep]\n|upkeep\n|\n|t:|1700776176\n|switch|p2a: the rockler|Kleavor, F|31\/100\n|turn|7\n|c|\u2606DrewTrain06|??\n|\n|t:|1700776185\n|move|p2a: the rockler|Stone Axe|p1a: Avalugg|[miss]\n|-miss|p2a: the rockler|p1a: Avalugg\n|move|p1a: Avalugg|Body Press|p2a: the rockler\n|-damage|p2a: the rockler|0 fnt\n|faint|p2a: the rockler\n|\n|-weather|Snow|[upkeep]\n|upkeep\n|c|\u2606Viruskiller|idk\n|c|\u2606Viruskiller|he cant do much now\n|c|\u2606Viruskiller|so uh just kill him off\n|c|\u2606DrewTrain06|he resisted all of my moves adn would of swept with toxtrisity\n|c|\u2606Viruskiller|i havent put thought in the move set yet\n|c|\u2606Viruskiller|oh really?\n|c|\u2606Viruskiller|i just tossed it together in a second\n|c|\u2606Viruskiller|im new to legends\n|c|\u2606DrewTrain06|yea medicham is the only pokemon that could of hit it and charizard would of kill that\n|inactive|Battle timer is ON: inactive players will automatically lose when time's up. (requested by DrewTrain06)\n|inactiveoff|Battle timer is now OFF.\n|c|\u2606Viruskiller|well that was dumb of me\n|\n|t:|1700776289\n|switch|p2a: storm|Greninja, F|100\/100\n|turn|8\n|\n|t:|1700776297\n|move|p2a: storm|Dark Pulse|p1a: Avalugg\n|-start|p2a: storm|typechange|Dark|[from] ability: Protean\n|-damage|p1a: Avalugg|0 fnt\n|faint|p1a: Avalugg\n|\n|-weather|none\n|upkeep\n|\n|t:|1700776304\n|switch|p1a: Medicham|Medicham, F|100\/100\n|-damage|p1a: Medicham|94\/100|[from] Stealth Rock\n|turn|9\n|\n|t:|1700776307\n|detailschange|p1a: Medicham|Medicham-Mega, F\n|-mega|p1a: Medicham|Medicham|Medichamite\n|move|p1a: Medicham|Fake Out|p2a: storm\n|-damage|p2a: storm|76\/100\n|cant|p2a: storm|flinch\n|\n|upkeep\n|turn|10\n|\n|t:|1700776314\n|move|p1a: Medicham|Close Combat|p2a: storm\n|-supereffective|p2a: storm\n|-damage|p2a: storm|0 fnt\n|-unboost|p1a: Medicham|def|1\n|-unboost|p1a: Medicham|spd|1\n|faint|p2a: storm\n|\n|upkeep\n|c|\u2606Viruskiller|dang\n|c|\u2606Viruskiller|i was tring to u turn\n|\n|t:|1700776338\n|switch|p2a: Charcoal|Charizard, F|100\/100\n|turn|11\n|\n|t:|1700776348\n|detailschange|p2a: Charcoal|Charizard-Mega-Y, F\n|-mega|p2a: Charcoal|Charizard|Charizardite Y\n|-weather|SunnyDay|[from] ability: Drought|[of] p2a: Charcoal\n|move|p1a: Medicham|Zen Headbutt|p2a: Charcoal\n|-damage|p2a: Charcoal|24\/100\n|move|p2a: Charcoal|Air Slash|p1a: Medicham\n|-supereffective|p1a: Medicham\n|-damage|p1a: Medicham|0 fnt\n|faint|p1a: Medicham\n|\n|-weather|SunnyDay|[upkeep]\n|upkeep\n|\n|t:|1700776361\n|switch|p1a: Froslass|Froslass, F|100\/100\n|-damage|p1a: Froslass|76\/100|[from] Stealth Rock\n|turn|12\n|\n|t:|1700776366\n|move|p1a: Froslass|Thunderbolt|p2a: Charcoal\n|-supereffective|p2a: Charcoal\n|-damage|p2a: Charcoal|0 fnt\n|faint|p2a: Charcoal\n|\n|-weather|SunnyDay|[upkeep]\n|upkeep\n|c|\u2606Viruskiller|oh it can learn thunder bolt?\n|c|\u2606Viruskiller|cool\n|\n|t:|1700776390\n|switch|p2a: raxter|Krookodile, F|100\/100\n|turn|13\n|\n|t:|1700776394\n|move|p1a: Froslass|Blizzard|p2a: raxter\n|-supereffective|p2a: raxter\n|-crit|p2a: raxter\n|-damage|p2a: raxter|0 fnt\n|faint|p2a: raxter\n|\n|-weather|SunnyDay|[upkeep]\n|upkeep\n|c|\u2606Viruskiller|next thing i know it can use ice punch with those nubs lol\n|\n|t:|1700776410\n|switch|p2a: slash|Sceptile, F|100\/100\n|turn|14\n|c|\u2606DrewTrain06|I have learned alot through making teams that any pokemon can be good depending oh how you use it\n|c|\u2606Viruskiller|your pokemon are gonna have fake out\n|\n|t:|1700776437\n|move|p2a: slash|Endure|p2a: slash\n|-singleturn|p2a: slash|move: Endure\n|move|p1a: Froslass|Destiny Bond|p1a: Froslass\n|-singlemove|p1a: Froslass|Destiny Bond\n|\n|-weather|SunnyDay|[upkeep]\n|upkeep\n|turn|15\n|c|\u2606Viruskiller|oh u  suck lool\n|\n|t:|1700776454\n|-terastallize|p1a: Froslass|Fairy\n|move|p1a: Froslass|Draining Kiss|p2a: slash\n|-damage|p2a: slash|71\/100\n|-heal|p1a: Froslass|98\/100|[from] drain|[of] p2a: slash\n|move|p2a: slash|Earthquake|p1a: Froslass\n|-damage|p1a: Froslass|55\/100\n|-start|p2a: slash|Disable|Earthquake|[from] ability: Cursed Body|[of] p1a: Froslass\n|\n|-weather|none\n|upkeep\n|turn|16\n|c|\u2606Viruskiller|also thats true\n|\n|t:|1700776468\n|move|p1a: Froslass|Blizzard|p2a: slash\n|-supereffective|p2a: slash\n|-damage|p2a: slash|0 fnt\n|faint|p2a: slash\n|\n|win|DrewTrain06\n|c|\u2606Viruskiller|oh\n|c|\u2606DrewTrain06|gg\n|l|\u2606DrewTrain06\n|c|\u2606Viruskiller|yeah shouldve seen that\n|c|\u2606Viruskiller|gg\n|l|\u2606Viruskiller\n|j|\u2606DrewTrain06\n|player|p1|DrewTrain06|lillie-masters2\n|l|\u2606DrewTrain06\n|player|p1|\n|j|\u2606DrewTrain06\n|player|p1|DrewTrain06|lillie-masters2\n","uploadtime":1700777237,"views":4,"p1id":"drewtrain06","p2id":"viruskiller","formatid":"gen9nationaldex","rating":0,"private":0,"password":""}