{"id":"gen9nationaldex-1987268355","p1":"The Gr8 Poodini","p2":"checky checky","format":"[Gen 9] National Dex","log":"|j|\u2606The Gr8 Poodini\n|j|\u2606checky checky\n|t:|1699571346\n|gametype|singles\n|player|p1|The Gr8 Poodini|dragontamer|1121\n|player|p2|checky checky|psychic-gen4|1015\n|teamsize|p1|6\n|teamsize|p2|6\n|gen|9\n|tier|[Gen 9] National Dex\n|rated|\n|rule|HP Percentage Mod: HP is shown in percentages\n|rule|Endless Battle Clause: Forcing endless battles is banned\n|rule|OHKO Clause: OHKO moves are banned\n|rule|Evasion Clause: Evasion abilities, items, and moves are banned\n|rule|Evasion Abilities Clause: Evasion abilities are banned\n|rule|Evasion Items Clause: Evasion items are banned\n|rule|Evasion Moves Clause: Evasion moves are banned\n|rule|Species Clause: Limit one of each Pok\u00e9mon\n|rule|Sleep Clause Mod: Limit one foe put to sleep\n|clearpoke\n|poke|p1|Raichu-Alola, M|\n|poke|p1|Clodsire, M|\n|poke|p1|Tapu Koko|\n|poke|p1|Arctozolt|\n|poke|p1|Iron Hands|\n|poke|p1|Ninetales-Alola, M|\n|poke|p2|Azumarill, M|\n|poke|p2|Mawile, F|\n|poke|p2|Grimmsnarl, M|\n|poke|p2|Swampert, M|\n|poke|p2|Scizor, F|\n|poke|p2|Cacturne, F|\n|teampreview\n|\n|t:|1699571356\n|start\n|switch|p1a: 9er|Ninetales-Alola, M, shiny|100\/100\n|switch|p2a: Azumarill|Azumarill, M, shiny|100\/100\n|-weather|Snow|[from] ability: Snow Warning|[of] p1a: 9er\n|turn|1\n|\n|t:|1699571376\n|move|p1a: 9er|Aurora Veil|p1a: 9er\n|-sidestart|p1: The Gr8 Poodini|move: Aurora Veil\n|move|p2a: Azumarill|Substitute|p2a: Azumarill\n|-start|p2a: Azumarill|Substitute\n|-damage|p2a: Azumarill|75\/100\n|\n|-weather|Snow|[upkeep]\n|upkeep\n|turn|2\n|\n|t:|1699571387\n|move|p1a: 9er|Blizzard|p2a: Azumarill\n|-resisted|p2a: Azumarill\n|-activate|p2a: Azumarill|move: Substitute|[damage]\n|move|p2a: Azumarill|Belly Drum|p2a: Azumarill\n|-damage|p2a: Azumarill|25\/100\n|-setboost|p2a: Azumarill|atk|6|[from] move: Belly Drum\n|\n|-weather|Snow|[upkeep]\n|upkeep\n|turn|3\n|\n|t:|1699571398\n|move|p1a: 9er|Moonblast|p2a: Azumarill\n|-end|p2a: Azumarill|Substitute\n|move|p2a: Azumarill|Play Rough|p1a: 9er\n|-damage|p1a: 9er|59\/100\n|-heal|p2a: Azumarill|30\/100|[from] item: Shell Bell|[of] p1a: 9er\n|\n|-weather|Snow|[upkeep]\n|upkeep\n|turn|4\n|\n|t:|1699571410\n|switch|p2a: Mawile|Mawile, F|100\/100\n|move|p1a: 9er|Moonblast|p2a: Mawile\n|-resisted|p2a: Mawile\n|-damage|p2a: Mawile|76\/100\n|\n|-weather|Snow|[upkeep]\n|upkeep\n|turn|5\n|\n|t:|1699571423\n|detailschange|p2a: Mawile|Mawile-Mega, F\n|-mega|p2a: Mawile|Mawile|Mawilite\n|move|p1a: 9er|Blizzard|p2a: Mawile\n|-resisted|p2a: Mawile\n|-damage|p2a: Mawile|57\/100\n|move|p2a: Mawile|Fire Fang|p1a: 9er\n|-supereffective|p1a: 9er\n|-damage|p1a: 9er|28\/100\n|\n|-weather|Snow|[upkeep]\n|-sideend|p1: The Gr8 Poodini|move: Aurora Veil\n|upkeep\n|turn|6\n|\n|t:|1699571433\n|move|p1a: 9er|Aurora Veil|p1a: 9er\n|-sidestart|p1: The Gr8 Poodini|move: Aurora Veil\n|move|p2a: Mawile|Fire Fang|p1a: 9er\n|-supereffective|p1a: 9er\n|-damage|p1a: 9er|0 fnt\n|faint|p1a: 9er\n|\n|-weather|Snow|[upkeep]\n|upkeep\n|\n|t:|1699571440\n|switch|p1a: Bluck Buck|Tapu Koko, shiny|100\/100\n|-fieldstart|move: Electric Terrain|[from] ability: Electric Surge|[of] p1a: Bluck Buck\n|turn|7\n|\n|t:|1699571449\n|move|p1a: Bluck Buck|Thunder Wave|p2a: Mawile\n|-status|p2a: Mawile|par\n|move|p2a: Mawile|Play Rough|p1a: Bluck Buck\n|-damage|p1a: Bluck Buck|60\/100\n|\n|-weather|Snow|[upkeep]\n|upkeep\n|turn|8\n|\n|t:|1699571456\n|move|p1a: Bluck Buck|U-turn|p2a: Mawile\n|-resisted|p2a: Mawile\n|-damage|p2a: Mawile|53\/100 par\n|\n|t:|1699571458\n|switch|p1a: Gritty|Arctozolt, shiny|100\/100|[from] U-turn\n|move|p2a: Mawile|Play Rough|p1a: Gritty\n|-damage|p1a: Gritty|68\/100\n|\n|-weather|none\n|upkeep\n|turn|9\n|\n|t:|1699571467\n|move|p1a: Gritty|Rising Voltage|p2a: Mawile\n|-hint|Rising Voltage's BP doubled on grounded target.\n|-damage|p2a: Mawile|0 fnt\n|faint|p2a: Mawile\n|\n|upkeep\n|\n|t:|1699571484\n|switch|p2a: Scizor|Scizor, F|100\/100\n|turn|10\n|\n|t:|1699571489\n|move|p2a: Scizor|Bullet Punch|p1a: Gritty\n|-damage|p1a: Gritty|49\/100\n|move|p1a: Gritty|Rising Voltage|p2a: Scizor\n|-hint|Rising Voltage's BP doubled on grounded target.\n|-damage|p2a: Scizor|30\/100\n|\n|-sideend|p1: The Gr8 Poodini|move: Aurora Veil\n|upkeep\n|turn|11\n|\n|t:|1699571498\n|-terastallize|p2a: Scizor|Ground\n|move|p2a: Scizor|Bullet Punch|p1a: Gritty\n|-damage|p1a: Gritty|10\/100\n|-enditem|p1a: Gritty|Aguav Berry|[eat]\n|-heal|p1a: Gritty|43\/100|[from] item: Aguav Berry\n|move|p1a: Gritty|Rising Voltage|p2a: Scizor\n|-immune|p2a: Scizor\n|\n|upkeep\n|turn|12\n|\n|t:|1699571511\n|move|p2a: Scizor|Bullet Punch|p1a: Gritty\n|-damage|p1a: Gritty|4\/100\n|move|p1a: Gritty|Stomping Tantrum|p2a: Scizor\n|-damage|p2a: Scizor|0 fnt\n|faint|p2a: Scizor\n|\n|upkeep\n|\n|t:|1699571517\n|switch|p2a: Swampert|Swampert, M|100\/100\n|turn|13\n|\n|t:|1699571525\n|move|p1a: Gritty|Iron Tail|p2a: Swampert\n|-resisted|p2a: Swampert\n|-damage|p2a: Swampert|86\/100\n|move|p2a: Swampert|Brick Break|p1a: Gritty\n|-supereffective|p1a: Gritty\n|-crit|p1a: Gritty\n|-damage|p1a: Gritty|0 fnt\n|faint|p1a: Gritty\n|\n|upkeep\n|\n|t:|1699571532\n|switch|p1a: Big Pap\u00ed|Iron Hands|100\/100\n|-activate|p1a: Big Pap\u00ed|ability: Quark Drive\n|-start|p1a: Big Pap\u00ed|quarkdriveatk\n|turn|14\n|\n|t:|1699571538\n|move|p2a: Swampert|Earthquake|p1a: Big Pap\u00ed\n|-supereffective|p1a: Big Pap\u00ed\n|-damage|p1a: Big Pap\u00ed|42\/100\n|move|p1a: Big Pap\u00ed|Drain Punch|p2a: Swampert\n|-damage|p2a: Swampert|32\/100\n|-heal|p1a: Big Pap\u00ed|61\/100|[from] drain|[of] p2a: Swampert\n|\n|-fieldend|move: Electric Terrain\n|-end|p1a: Big Pap\u00ed|Quark Drive\n|upkeep\n|turn|15\n|\n|t:|1699571547\n|-end|p1a: Big Pap\u00ed|Quark Drive|[silent]\n|switch|p1a: Bluck Buck|Tapu Koko, shiny|60\/100\n|-fieldstart|move: Electric Terrain|[from] ability: Electric Surge|[of] p1a: Bluck Buck\n|move|p2a: Swampert|Earthquake|p1a: Bluck Buck\n|-supereffective|p1a: Bluck Buck\n|-damage|p1a: Bluck Buck|0 fnt\n|faint|p1a: Bluck Buck\n|\n|upkeep\n|\n|t:|1699571555\n|switch|p1a: Big Pap\u00ed|Iron Hands|61\/100\n|-activate|p1a: Big Pap\u00ed|ability: Quark Drive\n|-start|p1a: Big Pap\u00ed|quarkdriveatk\n|turn|16\n|\n|t:|1699571560\n|move|p2a: Swampert|Earthquake|p1a: Big Pap\u00ed\n|-supereffective|p1a: Big Pap\u00ed\n|-crit|p1a: Big Pap\u00ed\n|-damage|p1a: Big Pap\u00ed|0 fnt\n|faint|p1a: Big Pap\u00ed\n|-end|p1a: Big Pap\u00ed|Quark Drive|[silent]\n|\n|upkeep\n|c|\u2606The Gr8 Poodini|oooo that critty tho\n|c|\u2606The Gr8 Poodini|nice nice\n|\n|t:|1699571574\n|switch|p1a: M'Boi|Raichu-Alola, M, shiny|100\/100\n|turn|17\n|\n|t:|1699571583\n|move|p1a: M'Boi|Psychic|p2a: Swampert\n|-damage|p2a: Swampert|0 fnt\n|faint|p2a: Swampert\n|\n|upkeep\n|\n|t:|1699571590\n|switch|p2a: Grimmsnarl|Grimmsnarl, M|100\/100\n|turn|18\n|\n|t:|1699571594\n|move|p1a: M'Boi|Rising Voltage|p2a: Grimmsnarl\n|-hint|Rising Voltage's BP doubled on grounded target.\n|-damage|p2a: Grimmsnarl|16\/100\n|move|p2a: Grimmsnarl|Foul Play|p1a: M'Boi\n|-supereffective|p1a: M'Boi\n|-damage|p1a: M'Boi|12\/100\n|\n|upkeep\n|turn|19\n|\n|t:|1699571602\n|move|p1a: M'Boi|Rising Voltage|p2a: Grimmsnarl\n|-hint|Rising Voltage's BP doubled on grounded target.\n|-damage|p2a: Grimmsnarl|0 fnt\n|faint|p2a: Grimmsnarl\n|\n|upkeep\n|\n|t:|1699571607\n|switch|p2a: Azumarill|Azumarill, M, shiny|30\/100\n|turn|20\n|\n|t:|1699571611\n|move|p2a: Azumarill|Aqua Jet|p1a: M'Boi\n|-damage|p1a: M'Boi|0 fnt\n|faint|p1a: M'Boi\n|-heal|p2a: Azumarill|31\/100|[from] item: Shell Bell|[of] p1: M'Boi\n|\n|upkeep\n|\n|t:|1699571616\n|switch|p1a: Muddy Buddy|Clodsire, M|100\/100\n|turn|21\n|\n|t:|1699571620\n|-terastallize|p1a: Muddy Buddy|Flying\n|move|p2a: Azumarill|Play Rough|p1a: Muddy Buddy\n|-damage|p1a: Muddy Buddy|76\/100\n|-unboost|p1a: Muddy Buddy|atk|1\n|-heal|p2a: Azumarill|34\/100|[from] item: Shell Bell|[of] p1a: Muddy Buddy\n|move|p1a: Muddy Buddy|Toxic|p2a: Azumarill\n|-status|p2a: Azumarill|tox\n|\n|-heal|p1a: Muddy Buddy|82\/100|[from] item: Leftovers\n|-damage|p2a: Azumarill|28\/100 tox|[from] psn\n|upkeep\n|turn|22\n|\n|t:|1699571632\n|move|p2a: Azumarill|Play Rough|p1a: Muddy Buddy\n|-damage|p1a: Muddy Buddy|56\/100\n|-heal|p2a: Azumarill|32\/100 tox|[from] item: Shell Bell|[of] p1a: Muddy Buddy\n|move|p1a: Muddy Buddy|Stockpile|p1a: Muddy Buddy\n|-start|p1a: Muddy Buddy|stockpile1\n|-boost|p1a: Muddy Buddy|def|1\n|-boost|p1a: Muddy Buddy|spd|1\n|\n|-heal|p1a: Muddy Buddy|62\/100|[from] item: Leftovers\n|-damage|p2a: Azumarill|19\/100 tox|[from] psn\n|-fieldend|move: Electric Terrain\n|upkeep\n|turn|23\n|\n|t:|1699571643\n|move|p2a: Azumarill|Play Rough|p1a: Muddy Buddy\n|-damage|p1a: Muddy Buddy|46\/100\n|-heal|p2a: Azumarill|22\/100 tox|[from] item: Shell Bell|[of] p1a: Muddy Buddy\n|move|p1a: Muddy Buddy|Recover|p1a: Muddy Buddy\n|-heal|p1a: Muddy Buddy|96\/100\n|\n|-heal|p1a: Muddy Buddy|100\/100|[from] item: Leftovers\n|-damage|p2a: Azumarill|3\/100 tox|[from] psn\n|upkeep\n|turn|24\n|-message|checky checky forfeited.\n|\n|win|The Gr8 Poodini\n|raw|The Gr8 Poodini's rating: 1121 &rarr; <strong>1139<\/strong><br \/>(+18 for winning)\n|raw|checky checky's rating: 1015 &rarr; <strong>1006<\/strong><br \/>(-9 for losing)\n|l|\u2606checky checky\n|c|\u2606The Gr8 Poodini|gg\n","uploadtime":1699571658,"views":16,"p1id":"thegr8poodini","p2id":"checkychecky","formatid":"gen9nationaldex","rating":1006,"private":0,"password":""}