{"id":"gen9nationaldex-1991819468","p1":"ilovelty520","p2":"Tank Tests","format":"[Gen 9] National Dex","log":"|j|\u2606ilovelty520\n|j|\u2606Tank Tests\n|t:|1700123110\n|gametype|singles\n|player|p1|ilovelty520|lady|1422\n|player|p2|Tank Tests|2|1430\n|teamsize|p1|6\n|teamsize|p2|6\n|gen|9\n|tier|[Gen 9] National Dex\n|rated|\n|rule|HP Percentage Mod: HP is shown in percentages\n|rule|Endless Battle Clause: Forcing endless battles is banned\n|rule|OHKO Clause: OHKO moves are banned\n|rule|Evasion Clause: Evasion abilities, items, and moves are banned\n|rule|Evasion Abilities Clause: Evasion abilities are banned\n|rule|Evasion Items Clause: Evasion items are banned\n|rule|Evasion Moves Clause: Evasion moves are banned\n|rule|Species Clause: Limit one of each Pok\u00e9mon\n|rule|Sleep Clause Mod: Limit one foe put to sleep\n|clearpoke\n|poke|p1|Aerodactyl, M|\n|poke|p1|Kartana|\n|poke|p1|Kommo-o, F|\n|poke|p1|Ogerpon-Wellspring, F|\n|poke|p1|Sinistcha-Masterpiece|\n|poke|p1|Hatterene, F|\n|poke|p2|Pawmot, F|\n|poke|p2|Rabsca, F|\n|poke|p2|Banette, M|\n|poke|p2|Victini|\n|poke|p2|Dragonite, M|\n|poke|p2|Forretress, M|\n|teampreview\n|\n|t:|1700123120\n|start\n|switch|p1a: Hatterene|Hatterene, F|100\/100\n|switch|p2a: Banette|Banette, M|100\/100\n|turn|1\n|\n|t:|1700123127\n|detailschange|p2a: Banette|Banette-Mega, M\n|-mega|p2a: Banette|Banette|Banettite\n|move|p2a: Banette|Poltergeist|p1a: Hatterene\n|-activate|p1a: Hatterene|move: Poltergeist|Eject Button\n|-supereffective|p1a: Hatterene\n|-damage|p1a: Hatterene|0 fnt\n|faint|p1a: Hatterene\n|\n|upkeep\n|\n|t:|1700123142\n|switch|p1a: Kartana|Kartana|100\/100\n|turn|2\n|\n|t:|1700123147\n|move|p2a: Banette|Destiny Bond|p2a: Banette\n|-singlemove|p2a: Banette|Destiny Bond\n|move|p1a: Kartana|Knock Off|p2a: Banette\n|-supereffective|p2a: Banette\n|-damage|p2a: Banette|8\/100\n|\n|upkeep\n|turn|3\n|\n|t:|1700123163\n|switch|p2a: Forretress|Forretress, M|100\/100\n|move|p1a: Kartana|Knock Off|p2a: Forretress\n|-damage|p2a: Forretress|74\/100\n|-enditem|p2a: Forretress|Heavy-Duty Boots|[from] move: Knock Off|[of] p1a: Kartana\n|\n|upkeep\n|turn|4\n|\n|t:|1700123171\n|move|p1a: Kartana|Swords Dance|p1a: Kartana\n|-boost|p1a: Kartana|atk|2\n|move|p2a: Forretress|Thunder Wave|p1a: Kartana\n|-status|p1a: Kartana|par\n|\n|upkeep\n|turn|5\n|\n|t:|1700123178\n|move|p1a: Kartana|Knock Off|p2a: Forretress\n|-damage|p2a: Forretress|44\/100\n|move|p2a: Forretress|Stealth Rock|p1a: Kartana\n|-sidestart|p1: ilovelty520|move: Stealth Rock\n|\n|upkeep\n|turn|6\n|\n|t:|1700123183\n|move|p1a: Kartana|Defog|p2a: Forretress\n|-unboost|p2a: Forretress|evasion|1\n|-sideend|p1: ilovelty520|Stealth Rock|[from] move: Defog|[of] p1a: Kartana\n|move|p2a: Forretress|Explosion|p1a: Kartana\n|-resisted|p1a: Kartana\n|-damage|p1a: Kartana|77\/100 par\n|faint|p2a: Forretress\n|\n|-heal|p1a: Kartana|83\/100 par|[from] item: Leftovers\n|upkeep\n|\n|t:|1700123186\n|switch|p2a: Banette|Banette-Mega, M|8\/100\n|turn|7\n|\n|t:|1700123194\n|move|p2a: Banette|Encore|p1a: Kartana\n|-start|p1a: Kartana|Encore\n|move|p1a: Kartana|Defog|p2a: Banette\n|-unboost|p2a: Banette|evasion|1\n|\n|-heal|p1a: Kartana|90\/100 par|[from] item: Leftovers\n|upkeep\n|turn|8\n|\n|t:|1700123201\n|move|p2a: Banette|Poltergeist|p1a: Kartana\n|-activate|p1a: Kartana|move: Poltergeist|Leftovers\n|-damage|p1a: Kartana|26\/100 par\n|cant|p1a: Kartana|par\n|\n|-heal|p1a: Kartana|32\/100 par|[from] item: Leftovers\n|upkeep\n|turn|9\n|\n|t:|1700123209\n|move|p2a: Banette|Poltergeist|p1a: Kartana\n|-activate|p1a: Kartana|move: Poltergeist|Leftovers\n|-damage|p1a: Kartana|0 fnt\n|faint|p1a: Kartana\n|\n|upkeep\n|\n|t:|1700123223\n|switch|p1a: Kommo-o|Kommo-o, F|100\/100\n|turn|10\n|\n|t:|1700123230\n|move|p2a: Banette|Destiny Bond|p2a: Banette\n|-singlemove|p2a: Banette|Destiny Bond\n|move|p1a: Kommo-o|Clangorous Soul|p1a: Kommo-o\n|-boost|p1a: Kommo-o|atk|1\n|-boost|p1a: Kommo-o|def|1\n|-boost|p1a: Kommo-o|spa|1\n|-boost|p1a: Kommo-o|spd|1\n|-boost|p1a: Kommo-o|spe|1\n|-damage|p1a: Kommo-o|68\/100\n|\n|-heal|p1a: Kommo-o|74\/100|[from] item: Leftovers\n|upkeep\n|turn|11\n|\n|t:|1700123241\n|move|p2a: Banette|Encore|p1a: Kommo-o\n|-start|p1a: Kommo-o|Encore\n|move|p1a: Kommo-o|Clangorous Soul|p1a: Kommo-o\n|-boost|p1a: Kommo-o|atk|1\n|-boost|p1a: Kommo-o|def|1\n|-boost|p1a: Kommo-o|spa|1\n|-boost|p1a: Kommo-o|spd|1\n|-boost|p1a: Kommo-o|spe|1\n|-damage|p1a: Kommo-o|41\/100\n|\n|-heal|p1a: Kommo-o|47\/100|[from] item: Leftovers\n|upkeep\n|turn|12\n|-message|ilovelty520 forfeited.\n|\n|win|Tank Tests\n|raw|ilovelty520's rating: 1422 &rarr; <strong>1402<\/strong><br \/>(-20 for losing)\n|raw|Tank Tests's rating: 1430 &rarr; <strong>1450<\/strong><br \/>(+20 for winning)\n|l|\u2606ilovelty520\n","uploadtime":1700123295,"views":6,"p1id":"ilovelty520","p2id":"tanktests","formatid":"gen9nationaldex","rating":1402,"private":0,"password":""}