{"id":"gen9nationaldex-1999508328","p1":"bsbqyll","p2":"Ackesh","format":"[Gen 9] National Dex","log":"|html|<div class=\"broadcast-blue\"><strong>[Gen 9] National Dex is currently suspecting Sneasler! For information on how to participate check out the <a href=\"https:\/\/www.smogon.com\/forums\/threads\/sv-national-dex-suspect-8-just-dance.3731534\/\">suspect thread<\/a>.<\/strong><\/div>\n|j|\u2606bsbqyll\n|j|\u2606Ackesh\n|t:|1701090536\n|gametype|singles\n|player|p1|bsbqyll|cynthia-gen4|1639\n|player|p2|Ackesh|silver|1748\n|teamsize|p1|6\n|teamsize|p2|6\n|gen|9\n|tier|[Gen 9] National Dex\n|rated|\n|rule|HP Percentage Mod: HP is shown in percentages\n|rule|Endless Battle Clause: Forcing endless battles is banned\n|rule|OHKO Clause: OHKO moves are banned\n|rule|Evasion Clause: Evasion abilities, items, and moves are banned\n|rule|Evasion Abilities Clause: Evasion abilities are banned\n|rule|Evasion Items Clause: Evasion items are banned\n|rule|Evasion Moves Clause: Evasion moves are banned\n|rule|Species Clause: Limit one of each Pok\u00e9mon\n|rule|Sleep Clause Mod: Limit one foe put to sleep\n|clearpoke\n|poke|p1|Diancie|\n|poke|p1|Urshifu-*, M|\n|poke|p1|Sneasler, M|\n|poke|p1|Tapu Lele|\n|poke|p1|Landorus-Therian, M|\n|poke|p1|Dragonite, F|\n|poke|p2|Venusaur, M|\n|poke|p2|Kyurem|\n|poke|p2|Torkoal, F|\n|poke|p2|Landorus-Therian, M|\n|poke|p2|Heatran, M|\n|poke|p2|Victini|\n|teampreview\n|\n|t:|1701090561\n|start\n|switch|p1a: Landorus|Landorus-Therian, M|100\/100\n|switch|p2a: Landorus|Landorus-Therian, M|100\/100\n|-ability|p2a: Landorus|Intimidate|boost\n|-unboost|p1a: Landorus|atk|1\n|-ability|p1a: Landorus|Intimidate|boost\n|-unboost|p2a: Landorus|atk|1\n|turn|1\n|\n|t:|1701090565\n|switch|p2a: Torkoal|Torkoal, F|100\/100\n|-weather|SunnyDay|[from] ability: Drought|[of] p2a: Torkoal\n|move|p1a: Landorus|Knock Off|p2a: Torkoal\n|-damage|p2a: Torkoal|88\/100\n|-enditem|p2a: Torkoal|Heat Rock|[from] move: Knock Off|[of] p1a: Landorus\n|\n|-weather|SunnyDay|[upkeep]\n|upkeep\n|turn|2\n|\n|t:|1701090572\n|move|p1a: Landorus|Earthquake|p2a: Torkoal\n|-supereffective|p2a: Torkoal\n|-damage|p2a: Torkoal|52\/100\n|move|p2a: Torkoal|Stealth Rock|p1a: Landorus\n|-sidestart|p1: bsbqyll|move: Stealth Rock\n|\n|-weather|SunnyDay|[upkeep]\n|upkeep\n|turn|3\n|\n|t:|1701090584\n|move|p1a: Landorus|Defog|p2a: Torkoal\n|-unboost|p2a: Torkoal|evasion|1\n|-sideend|p1: bsbqyll|Stealth Rock|[from] move: Defog|[of] p1a: Landorus\n|move|p2a: Torkoal|Yawn|p1a: Landorus\n|-start|p1a: Landorus|move: Yawn|[of] p2a: Torkoal\n|\n|-weather|SunnyDay|[upkeep]\n|upkeep\n|turn|4\n|\n|t:|1701090591\n|move|p1a: Landorus|U-turn|p2a: Torkoal\n|-resisted|p2a: Torkoal\n|-damage|p2a: Torkoal|47\/100\n|\n|t:|1701090595\n|switch|p1a: Dragonite|Dragonite, F|100\/100|[from] U-turn\n|move|p2a: Torkoal|Stealth Rock|p1a: Dragonite\n|-sidestart|p1: bsbqyll|move: Stealth Rock\n|\n|-weather|SunnyDay|[upkeep]\n|upkeep\n|turn|5\n|\n|t:|1701090605\n|move|p1a: Dragonite|Earthquake|p2a: Torkoal\n|-supereffective|p2a: Torkoal\n|-crit|p2a: Torkoal\n|-damage|p2a: Torkoal|0 fnt\n|faint|p2a: Torkoal\n|\n|-weather|SunnyDay|[upkeep]\n|upkeep\n|\n|t:|1701090613\n|switch|p2a: Kyurem|Kyurem|100\/100\n|-ability|p2a: Kyurem|Pressure\n|turn|6\n|inactive|Battle timer is ON: inactive players will automatically lose when time's up. (requested by Ackesh)\n|\n|t:|1701090619\n|switch|p1a: Urshifu|Urshifu-Rapid-Strike, M|100\/100\n|-damage|p1a: Urshifu|94\/100|[from] Stealth Rock\n|move|p2a: Kyurem|Ice Beam|p1a: Urshifu\n|-resisted|p1a: Urshifu\n|-damage|p1a: Urshifu|46\/100\n|-damage|p2a: Kyurem|91\/100|[from] item: Life Orb\n|\n|-weather|SunnyDay|[upkeep]\n|upkeep\n|turn|7\n|\n|t:|1701090623\n|-terastallize|p2a: Kyurem|Ghost\n|move|p1a: Urshifu|Drain Punch|p2a: Kyurem\n|-immune|p2a: Kyurem\n|move|p2a: Kyurem|Freeze-Dry|p1a: Urshifu\n|-supereffective|p1a: Urshifu\n|-damage|p1a: Urshifu|0 fnt\n|faint|p1a: Urshifu\n|-damage|p2a: Kyurem|81\/100|[from] item: Life Orb\n|\n|-weather|SunnyDay|[upkeep]\n|upkeep\n|\n|t:|1701090634\n|switch|p1a: Tapu Lele|Tapu Lele|100\/100\n|-damage|p1a: Tapu Lele|88\/100|[from] Stealth Rock\n|-fieldstart|move: Psychic Terrain|[from] ability: Psychic Surge|[of] p1a: Tapu Lele\n|turn|8\n|\n|t:|1701090641\n|switch|p2a: Victini|Victini|100\/100\n|move|p1a: Tapu Lele|Psychic|p2a: Victini\n|-resisted|p2a: Victini\n|-damage|p2a: Victini|71\/100\n|-unboost|p2a: Victini|spd|1\n|\n|-weather|none\n|upkeep\n|turn|9\n|\n|t:|1701090647\n|move|p2a: Victini|U-turn|p1a: Tapu Lele\n|-damage|p1a: Tapu Lele|56\/100\n|\n|t:|1701090649\n|switch|p2a: Heatran|Heatran, M|100\/100|[from] U-turn\n|move|p1a: Tapu Lele|Thunderbolt|p2a: Heatran\n|-damage|p2a: Heatran|66\/100\n|\n|upkeep\n|turn|10\n|\n|t:|1701090653\n|switch|p2a: Victini|Victini|71\/100\n|-zpower|p1a: Tapu Lele\n|move|p1a: Tapu Lele|All-Out Pummeling|p2a: Victini|[zeffect]\n|-resisted|p2a: Victini\n|-damage|p2a: Victini|40\/100\n|\n|upkeep\n|turn|11\n|\n|t:|1701090659\n|move|p2a: Victini|V-create|p1a: Tapu Lele\n|-damage|p1a: Tapu Lele|0 fnt\n|-unboost|p2a: Victini|spe|1\n|-unboost|p2a: Victini|def|1\n|-unboost|p2a: Victini|spd|1\n|faint|p1a: Tapu Lele\n|\n|upkeep\n|\n|t:|1701090667\n|switch|p1a: Landorus|Landorus-Therian, M|100\/100\n|-damage|p1a: Landorus|88\/100|[from] Stealth Rock\n|-ability|p1a: Landorus|Intimidate|boost\n|-unboost|p2a: Victini|atk|1\n|turn|12\n|\n|t:|1701090672\n|switch|p2a: Kyurem|Kyurem, tera:Ghost|81\/100\n|-ability|p2a: Kyurem|Pressure\n|move|p1a: Landorus|Earthquake|p2a: Kyurem\n|-damage|p2a: Kyurem|35\/100\n|\n|-fieldend|move: Psychic Terrain\n|upkeep\n|turn|13\n|\n|t:|1701090682\n|move|p2a: Kyurem|Ice Beam|p1a: Landorus\n|-supereffective|p1a: Landorus\n|-damage|p1a: Landorus|0 fnt\n|faint|p1a: Landorus\n|-damage|p2a: Kyurem|25\/100|[from] item: Life Orb\n|\n|upkeep\n|\n|t:|1701090689\n|switch|p1a: Diancie|Diancie|100\/100\n|-damage|p1a: Diancie|88\/100|[from] Stealth Rock\n|turn|14\n|\n|t:|1701090697\n|switch|p2a: Heatran|Heatran, M|66\/100\n|detailschange|p1a: Diancie|Diancie-Mega\n|-mega|p1a: Diancie|Diancie|Diancite\n|move|p1a: Diancie|Moonblast|p2a: Heatran\n|-resisted|p2a: Heatran\n|-damage|p2a: Heatran|53\/100\n|\n|upkeep\n|turn|15\n|\n|t:|1701090700\n|switch|p2a: Landorus|Landorus-Therian, M|100\/100\n|-ability|p2a: Landorus|Intimidate|boost\n|-unboost|p1a: Diancie|atk|1\n|move|p1a: Diancie|Earth Power|p2a: Landorus\n|-immune|p2a: Landorus\n|\n|upkeep\n|turn|16\n|\n|t:|1701090705\n|move|p1a: Diancie|Diamond Storm|p2a: Landorus\n|-damage|p2a: Landorus|70\/100\n|move|p2a: Landorus|Earthquake|p1a: Diancie\n|-supereffective|p1a: Diancie\n|-damage|p1a: Diancie|0 fnt\n|faint|p1a: Diancie\n|\n|upkeep\n|\n|t:|1701090711\n|switch|p1a: Dragonite|Dragonite, F|100\/100\n|-damage|p1a: Dragonite|75\/100|[from] Stealth Rock\n|turn|17\n|\n|t:|1701090717\n|move|p2a: Landorus|Smack Down|p1a: Dragonite\n|-supereffective|p1a: Dragonite\n|-damage|p1a: Dragonite|42\/100\n|-start|p1a: Dragonite|Smack Down\n|move|p1a: Dragonite|Outrage|p2a: Landorus\n|-damage|p2a: Landorus|0 fnt\n|faint|p2a: Landorus\n|\n|upkeep\n|\n|t:|1701090723\n|switch|p2a: Kyurem|Kyurem, tera:Ghost|25\/100\n|-ability|p2a: Kyurem|Pressure\n|turn|18\n|\n|t:|1701090727\n|move|p2a: Kyurem|Ice Beam|p1a: Dragonite\n|-supereffective|p1a: Dragonite\n|-damage|p1a: Dragonite|0 fnt\n|faint|p1a: Dragonite\n|-damage|p2a: Kyurem|15\/100|[from] item: Life Orb\n|\n|upkeep\n|\n|t:|1701090729\n|switch|p1a: Sneasler|Sneasler, M|100\/100\n|-damage|p1a: Sneasler|95\/100|[from] Stealth Rock\n|turn|19\n|\n|t:|1701090732\n|move|p1a: Sneasler|Dire Claw|p2a: Kyurem\n|-resisted|p2a: Kyurem\n|-damage|p2a: Kyurem|0 fnt\n|faint|p2a: Kyurem\n|\n|upkeep\n|\n|t:|1701090734\n|switch|p2a: Victini|Victini|40\/100\n|turn|20\n|\n|t:|1701090739\n|move|p2a: Victini|V-create|p1a: Sneasler\n|-damage|p1a: Sneasler|0 fnt\n|-unboost|p2a: Victini|spe|1\n|-unboost|p2a: Victini|def|1\n|-unboost|p2a: Victini|spd|1\n|faint|p1a: Sneasler\n|\n|win|Ackesh\n|raw|bsbqyll's rating: 1639 &rarr; <strong>1624<\/strong><br \/>(-15 for losing)\n|raw|Ackesh's rating: 1734 &rarr; <strong>1749<\/strong><br \/>(+15 for winning)\n","uploadtime":1701090744,"views":2,"p1id":"bsbqyll","p2id":"ackesh","formatid":"gen9nationaldex","rating":1624,"private":0,"password":""}