{"id":"gen9nationaldex-1987127200","p1":"Toxic Ariados","p2":"Manuel_hdz15","format":"[Gen 9] National Dex","log":"|j|\u2606Toxic Ariados\n|j|\u2606Manuel_hdz15\n|t:|1699558298\n|gametype|singles\n|player|p1|Toxic Ariados|lucas|1581\n|player|p2|Manuel_hdz15|101|1528\n|teamsize|p1|6\n|teamsize|p2|6\n|gen|9\n|tier|[Gen 9] National Dex\n|rated|\n|rule|HP Percentage Mod: HP is shown in percentages\n|rule|Endless Battle Clause: Forcing endless battles is banned\n|rule|OHKO Clause: OHKO moves are banned\n|rule|Evasion Clause: Evasion abilities, items, and moves are banned\n|rule|Evasion Abilities Clause: Evasion abilities are banned\n|rule|Evasion Items Clause: Evasion items are banned\n|rule|Evasion Moves Clause: Evasion moves are banned\n|rule|Species Clause: Limit one of each Pok\u00e9mon\n|rule|Sleep Clause Mod: Limit one foe put to sleep\n|clearpoke\n|poke|p1|Grimmsnarl, M|\n|poke|p1|Okidogi, M|\n|poke|p1|Samurott-Hisui, M|\n|poke|p1|Volcarona, F|\n|poke|p1|Great Tusk|\n|poke|p1|Slowbro, M|\n|poke|p2|Urshifu-*, F|\n|poke|p2|Charizard, M|\n|poke|p2|Ribombee, F|\n|poke|p2|Zoroark-Hisui, F|\n|poke|p2|Grimmsnarl, M|\n|poke|p2|Manaphy|\n|teampreview\n|\n|t:|1699558314\n|start\n|switch|p1a: Wrath|Okidogi, M|100\/100\n|switch|p2a: Ribombee|Ribombee, F|100\/100\n|turn|1\n|\n|t:|1699558328\n|move|p2a: Ribombee|Sticky Web|p1a: Wrath\n|-sidestart|p1: Toxic Ariados|move: Sticky Web\n|move|p1a: Wrath|Poison Jab|p2a: Ribombee\n|-supereffective|p2a: Ribombee\n|-enditem|p2a: Ribombee|Focus Sash\n|-damage|p2a: Ribombee|1\/100\n|\n|upkeep\n|turn|2\n|\n|t:|1699558333\n|move|p2a: Ribombee|Moonblast|p1a: Wrath\n|-damage|p1a: Wrath|73\/100\n|move|p1a: Wrath|Drain Punch|p2a: Ribombee\n|-resisted|p2a: Ribombee\n|-damage|p2a: Ribombee|0 fnt\n|-heal|p1a: Wrath|73\/100|[from] drain|[of] p2a: Ribombee\n|faint|p2a: Ribombee\n|\n|upkeep\n|\n|t:|1699558342\n|switch|p2a: Urshifu|Urshifu-Rapid-Strike, F|100\/100\n|turn|3\n|\n|t:|1699558354\n|switch|p1a: Pinky|Slowbro, M|100\/100\n|-activate|p1a: Pinky|move: Sticky Web\n|-unboost|p1a: Pinky|spe|1\n|move|p2a: Urshifu|Hyper Voice|p1a: Pinky\n|-damage|p1a: Pinky|24\/100\n|\n|upkeep\n|turn|4\n|\n|t:|1699558361\n|switch|p1a: Ronin|Samurott-Hisui, M|100\/100\n|-activate|p1a: Ronin|move: Sticky Web\n|-unboost|p1a: Ronin|spe|1\n|move|p2a: Urshifu|Hyper Voice|p1a: Ronin\n|-damage|p1a: Ronin|0 fnt\n|faint|p1a: Ronin\n|\n|upkeep\n|\n|t:|1699558368\n|switch|p1a: Diablo|Grimmsnarl, M|100\/100\n|-activate|p1a: Diablo|move: Sticky Web\n|-unboost|p1a: Diablo|spe|1\n|turn|5\n|\n|t:|1699558373\n|move|p1a: Diablo|Light Screen|p1a: Diablo\n|-sidestart|p1: Toxic Ariados|move: Light Screen\n|move|p2a: Urshifu|Hyper Voice|p1a: Diablo\n|-damage|p1a: Diablo|71\/100\n|\n|upkeep\n|turn|6\n|\n|t:|1699558377\n|move|p2a: Urshifu|Hyper Voice|p1a: Diablo\n|-damage|p1a: Diablo|43\/100\n|move|p1a: Diablo|Spirit Break|p2a: Urshifu\n|-damage|p2a: Urshifu|37\/100\n|-unboost|p2a: Urshifu|spa|1\n|replace|p2a: Zoroark|Zoroark-Hisui, F\n|-end|p2a: Zoroark|Illusion\n|\n|upkeep\n|turn|7\n|\n|t:|1699558385\n|switch|p2a: Grimmsnarl|Grimmsnarl, M|100\/100\n|move|p1a: Diablo|Spirit Break|p2a: Grimmsnarl\n|-supereffective|p2a: Grimmsnarl\n|-damage|p2a: Grimmsnarl|40\/100\n|-unboost|p2a: Grimmsnarl|spa|1\n|\n|upkeep\n|turn|8\n|\n|t:|1699558390\n|move|p2a: Grimmsnarl|Reflect|p2a: Grimmsnarl\n|-sidestart|p2: Manuel_hdz15|Reflect\n|move|p1a: Diablo|Spirit Break|p2a: Grimmsnarl\n|-supereffective|p2a: Grimmsnarl\n|-damage|p2a: Grimmsnarl|13\/100\n|-unboost|p2a: Grimmsnarl|spa|1\n|\n|upkeep\n|turn|9\n|\n|t:|1699558397\n|move|p2a: Grimmsnarl|Light Screen|p2a: Grimmsnarl\n|-sidestart|p2: Manuel_hdz15|move: Light Screen\n|move|p1a: Diablo|Spirit Break|p2a: Grimmsnarl\n|-supereffective|p2a: Grimmsnarl\n|-damage|p2a: Grimmsnarl|0 fnt\n|faint|p2a: Grimmsnarl\n|\n|upkeep\n|\n|t:|1699558403\n|switch|p2a: Urshifu|Urshifu-Rapid-Strike, F|100\/100\n|turn|10\n|\n|t:|1699558409\n|move|p1a: Diablo|Taunt|p2a: Urshifu\n|-start|p2a: Urshifu|move: Taunt\n|cant|p2a: Urshifu|move: Taunt|Swords Dance\n|\n|upkeep\n|turn|11\n|\n|t:|1699558414\n|switch|p1a: Pinky|Slowbro, M|58\/100\n|-activate|p1a: Pinky|move: Sticky Web\n|-unboost|p1a: Pinky|spe|1\n|move|p2a: Urshifu|Surging Strikes|p1a: Pinky\n|-resisted|p1a: Pinky\n|-crit|p1a: Pinky\n|-damage|p1a: Pinky|52\/100\n|-resisted|p1a: Pinky\n|-crit|p1a: Pinky\n|-damage|p1a: Pinky|46\/100\n|-resisted|p1a: Pinky\n|-crit|p1a: Pinky\n|-damage|p1a: Pinky|41\/100\n|-hitcount|p1a: Pinky|3\n|\n|upkeep\n|turn|12\n|\n|t:|1699558423\n|switch|p2a: Manaphy|Manaphy|100\/100\n|move|p1a: Pinky|Future Sight|p2a: Manaphy\n|-start|p1a: Pinky|move: Future Sight\n|\n|-sideend|p1: Toxic Ariados|move: Light Screen\n|upkeep\n|turn|13\n|\n|t:|1699558429\n|move|p2a: Manaphy|Take Heart|p2a: Manaphy\n|-boost|p2a: Manaphy|spa|1\n|-boost|p2a: Manaphy|spd|1\n|move|p1a: Pinky|Teleport|p1a: Pinky\n|\n|t:|1699558434\n|switch|p1a: Diablo|Grimmsnarl, M|43\/100|[from] Teleport\n|-activate|p1a: Diablo|move: Sticky Web\n|-unboost|p1a: Diablo|spe|1\n|\n|upkeep\n|turn|14\n|\n|t:|1699558437\n|move|p1a: Diablo|Light Screen|p1a: Diablo\n|-sidestart|p1: Toxic Ariados|move: Light Screen\n|move|p2a: Manaphy|Scald|p1a: Diablo\n|-damage|p1a: Diablo|27\/100\n|\n|-end|p2a: Manaphy|move: Future Sight\n|-damage|p2a: Manaphy|90\/100\n|-heal|p2a: Manaphy|96\/100|[from] item: Leftovers\n|upkeep\n|turn|15\n|\n|t:|1699558445\n|move|p1a: Diablo|Taunt|p2a: Manaphy\n|-start|p2a: Manaphy|move: Taunt\n|cant|p2a: Manaphy|move: Taunt|Take Heart\n|\n|-heal|p2a: Manaphy|100\/100|[from] item: Leftovers\n|-sideend|p2: Manuel_hdz15|Reflect\n|upkeep\n|turn|16\n|\n|t:|1699558449\n|move|p2a: Manaphy|Scald|p1a: Diablo\n|-damage|p1a: Diablo|9\/100\n|-status|p1a: Diablo|brn\n|move|p1a: Diablo|Spirit Break|p2a: Manaphy\n|-damage|p2a: Manaphy|90\/100\n|-unboost|p2a: Manaphy|spa|1\n|\n|-heal|p2a: Manaphy|96\/100|[from] item: Leftovers\n|-damage|p1a: Diablo|3\/100 brn|[from] brn\n|-sideend|p2: Manuel_hdz15|move: Light Screen\n|upkeep\n|turn|17\n|\n|t:|1699558457\n|move|p1a: Diablo|Reflect|p1a: Diablo\n|-sidestart|p1: Toxic Ariados|Reflect\n|move|p2a: Manaphy|Scald|p1a: Diablo\n|-damage|p1a: Diablo|0 fnt\n|faint|p1a: Diablo\n|\n|-heal|p2a: Manaphy|100\/100|[from] item: Leftovers\n|-end|p2a: Manaphy|move: Taunt\n|upkeep\n|\n|t:|1699558459\n|switch|p1a: Solstice|Volcarona, F|100\/100\n|turn|18\n|\n|t:|1699558473\n|switch|p2a: Urshifu|Urshifu-Rapid-Strike, F|100\/100\n|move|p1a: Solstice|Quiver Dance|p1a: Solstice\n|-boost|p1a: Solstice|spa|1\n|-boost|p1a: Solstice|spd|1\n|-boost|p1a: Solstice|spe|1\n|\n|upkeep\n|turn|19\n|\n|t:|1699558482\n|-terastallize|p1a: Solstice|Poison\n|move|p1a: Solstice|Giga Drain|p2a: Urshifu\n|-supereffective|p2a: Urshifu\n|-damage|p2a: Urshifu|0 fnt\n|faint|p2a: Urshifu\n|\n|upkeep\n|\n|t:|1699558497\n|switch|p2a: Manaphy|Manaphy|100\/100\n|turn|20\n|\n|t:|1699558507\n|-terastallize|p2a: Manaphy|Dragon\n|move|p1a: Solstice|Quiver Dance|p1a: Solstice\n|-boost|p1a: Solstice|spa|1\n|-boost|p1a: Solstice|spd|1\n|-boost|p1a: Solstice|spe|1\n|move|p2a: Manaphy|Take Heart|p2a: Manaphy\n|-boost|p2a: Manaphy|spa|1\n|-boost|p2a: Manaphy|spd|1\n|\n|upkeep\n|turn|21\n|\n|t:|1699558525\n|move|p1a: Solstice|Fiery Dance|p2a: Manaphy\n|-resisted|p2a: Manaphy\n|-damage|p2a: Manaphy|78\/100\n|move|p2a: Manaphy|Take Heart|p2a: Manaphy\n|-boost|p2a: Manaphy|spa|1\n|-boost|p2a: Manaphy|spd|1\n|\n|-heal|p2a: Manaphy|84\/100|[from] item: Leftovers\n|-sideend|p1: Toxic Ariados|move: Light Screen\n|upkeep\n|turn|22\n|\n|t:|1699558529\n|move|p1a: Solstice|Quiver Dance|p1a: Solstice\n|-boost|p1a: Solstice|spa|1\n|-boost|p1a: Solstice|spd|1\n|-boost|p1a: Solstice|spe|1\n|move|p2a: Manaphy|Take Heart|p2a: Manaphy\n|-boost|p2a: Manaphy|spa|1\n|-boost|p2a: Manaphy|spd|1\n|\n|-heal|p2a: Manaphy|90\/100|[from] item: Leftovers\n|upkeep\n|turn|23\n|\n|t:|1699558532\n|move|p1a: Solstice|Quiver Dance|p1a: Solstice\n|-boost|p1a: Solstice|spa|1\n|-boost|p1a: Solstice|spd|1\n|-boost|p1a: Solstice|spe|1\n|move|p2a: Manaphy|Take Heart|p2a: Manaphy\n|-boost|p2a: Manaphy|spa|1\n|-boost|p2a: Manaphy|spd|1\n|\n|-heal|p2a: Manaphy|96\/100|[from] item: Leftovers\n|upkeep\n|turn|24\n|\n|t:|1699558538\n|move|p1a: Solstice|Quiver Dance|p1a: Solstice\n|-boost|p1a: Solstice|spa|1\n|-boost|p1a: Solstice|spd|1\n|-boost|p1a: Solstice|spe|1\n|move|p2a: Manaphy|Take Heart|p2a: Manaphy\n|-boost|p2a: Manaphy|spa|1\n|-boost|p2a: Manaphy|spd|1\n|\n|-heal|p2a: Manaphy|100\/100|[from] item: Leftovers\n|-sideend|p1: Toxic Ariados|Reflect\n|upkeep\n|turn|25\n|\n|t:|1699558542\n|move|p1a: Solstice|Quiver Dance|p1a: Solstice\n|-boost|p1a: Solstice|spa|1\n|-boost|p1a: Solstice|spd|1\n|-boost|p1a: Solstice|spe|1\n|move|p2a: Manaphy|Take Heart|p2a: Manaphy\n|-boost|p2a: Manaphy|spa|1\n|-boost|p2a: Manaphy|spd|1\n|\n|upkeep\n|turn|26\n|\n|t:|1699558545\n|move|p1a: Solstice|Hidden Power|p2a: Manaphy\n|-damage|p2a: Manaphy|82\/100\n|move|p2a: Manaphy|Stored Power|p1a: Solstice\n|-supereffective|p1a: Solstice\n|-damage|p1a: Solstice|0 fnt\n|faint|p1a: Solstice\n|\n|-heal|p2a: Manaphy|88\/100|[from] item: Leftovers\n|upkeep\n|\n|t:|1699558551\n|switch|p1a: Bedrock|Great Tusk|100\/100\n|turn|27\n|\n|t:|1699558554\n|move|p1a: Bedrock|Close Combat|p2a: Manaphy\n|-damage|p2a: Manaphy|40\/100\n|-unboost|p1a: Bedrock|def|1\n|-unboost|p1a: Bedrock|spd|1\n|move|p2a: Manaphy|Acid Armor|p2a: Manaphy\n|-boost|p2a: Manaphy|def|2\n|\n|-heal|p2a: Manaphy|46\/100|[from] item: Leftovers\n|upkeep\n|turn|28\n|\n|t:|1699558558\n|move|p1a: Bedrock|Headlong Rush|p2a: Manaphy\n|-damage|p2a: Manaphy|25\/100\n|-unboost|p1a: Bedrock|def|1\n|-unboost|p1a: Bedrock|spd|1\n|move|p2a: Manaphy|Scald|p1a: Bedrock\n|-supereffective|p1a: Bedrock\n|-damage|p1a: Bedrock|0 fnt\n|faint|p1a: Bedrock\n|-end|p1a: Bedrock|Protosynthesis|[silent]\n|\n|-heal|p2a: Manaphy|31\/100|[from] item: Leftovers\n|upkeep\n|\n|t:|1699558560\n|switch|p1a: Pinky|Slowbro, M|74\/100\n|-activate|p1a: Pinky|move: Sticky Web\n|-unboost|p1a: Pinky|spe|1\n|turn|29\n|c|\u2606Toxic Ariados|gg\n|\n|t:|1699558568\n|move|p2a: Manaphy|Stored Power|p1a: Pinky\n|-resisted|p1a: Pinky\n|-damage|p1a: Pinky|0 fnt\n|faint|p1a: Pinky\n|\n|-heal|p2a: Manaphy|37\/100|[from] item: Leftovers\n|upkeep\n|\n|t:|1699558570\n|switch|p1a: Wrath|Okidogi, M|73\/100\n|-activate|p1a: Wrath|move: Sticky Web\n|-unboost|p1a: Wrath|spe|1\n|turn|30\n|\n|t:|1699558573\n|move|p2a: Manaphy|Scald|p1a: Wrath\n|-damage|p1a: Wrath|0 fnt\n|faint|p1a: Wrath\n|\n|win|Manuel_hdz15\n|raw|Toxic Ariados's rating: 1557 &rarr; <strong>1535<\/strong><br \/>(-22 for losing)\n|raw|Manuel_hdz15's rating: 1528 &rarr; <strong>1550<\/strong><br \/>(+22 for winning)\n|l|\u2606Toxic Ariados\n","uploadtime":1699558694,"views":4,"p1id":"toxicariados","p2id":"manuelhdz15","formatid":"gen9nationaldex","rating":1535,"private":0,"password":""}