{"id":"gen9nationaldex-1995019839","p1":"hevxav","p2":"Jasperthedog","format":"[Gen 9] National Dex","log":"|html|<div class=\"broadcast-blue\"><strong>[Gen 9] National Dex is currently suspecting Sneasler! For information on how to participate check out the <a href=\"https:\/\/www.smogon.com\/forums\/threads\/sv-national-dex-suspect-8-just-dance.3731534\/\">suspect thread<\/a>.<\/strong><\/div>\n|j|\u2606hevxav\n|j|\u2606Jasperthedog\n|t:|1700514043\n|gametype|singles\n|player|p1|hevxav|1|\n|player|p2|Jasperthedog|rood|\n|teamsize|p1|6\n|teamsize|p2|6\n|gen|9\n|tier|[Gen 9] National Dex\n|rule|HP Percentage Mod: HP is shown in percentages\n|rule|Endless Battle Clause: Forcing endless battles is banned\n|rule|OHKO Clause: OHKO moves are banned\n|rule|Evasion Clause: Evasion abilities, items, and moves are banned\n|rule|Evasion Abilities Clause: Evasion abilities are banned\n|rule|Evasion Items Clause: Evasion items are banned\n|rule|Evasion Moves Clause: Evasion moves are banned\n|rule|Species Clause: Limit one of each Pok\u00e9mon\n|rule|Sleep Clause Mod: Limit one foe put to sleep\n|clearpoke\n|poke|p1|Ceruledge, F|\n|poke|p1|Darmanitan, M|\n|poke|p1|Armarouge, M|\n|poke|p1|Torkoal, M|\n|poke|p1|Rotom-Heat|\n|poke|p1|Camerupt, M|\n|poke|p2|Flareon, M|\n|poke|p2|Darmanitan, M|\n|poke|p2|Talonflame, M|\n|poke|p2|Marowak-Alola, M|\n|poke|p2|Infernape, M|\n|poke|p2|Magcargo, M|\n|teampreview\n|inactive|Battle timer is ON: inactive players will automatically lose when time's up. (requested by Jasperthedog)\n|inactive|hevxav has 270 seconds left.\n|\n|t:|1700514107\n|start\n|switch|p1a: Ceruledge|Ceruledge, F|100\/100\n|switch|p2a: Flareon|Flareon, M|100\/100\n|turn|1\n|\n|t:|1700514115\n|move|p1a: Ceruledge|Swords Dance|p1a: Ceruledge\n|-boost|p1a: Ceruledge|atk|2\n|move|p2a: Flareon|Yawn|p1a: Ceruledge\n|-start|p1a: Ceruledge|move: Yawn|[of] p2a: Flareon\n|\n|-status|p2a: Flareon|tox|[from] item: Toxic Orb\n|upkeep\n|turn|2\n|\n|t:|1700514124\n|switch|p1a: Torkoal|Torkoal, M|100\/100\n|-weather|SunnyDay|[from] ability: Drought|[of] p1a: Torkoal\n|move|p2a: Flareon|Protect||[still]\n|-fail|p2a: Flareon\n|\n|-weather|SunnyDay|[upkeep]\n|-damage|p2a: Flareon|95\/100 tox|[from] psn\n|upkeep\n|turn|3\n|\n|t:|1700514146\n|switch|p2a: Darmanitan|Darmanitan, M|100\/100\n|move|p1a: Torkoal|Earth Power|p2a: Darmanitan\n|-supereffective|p2a: Darmanitan\n|-crit|p2a: Darmanitan\n|-damage|p2a: Darmanitan|10\/100\n|\n|-weather|SunnyDay|[upkeep]\n|upkeep\n|turn|4\n|\n|t:|1700514162\n|move|p2a: Darmanitan|Rock Slide|p1a: Torkoal\n|-supereffective|p1a: Torkoal\n|-damage|p1a: Torkoal|37\/100\n|move|p1a: Torkoal|Earth Power|p2a: Darmanitan\n|-supereffective|p2a: Darmanitan\n|-damage|p2a: Darmanitan|0 fnt\n|faint|p2a: Darmanitan\n|\n|-weather|SunnyDay|[upkeep]\n|upkeep\n|inactive|Jasperthedog has 270 seconds left.\n|\n|t:|1700514193\n|switch|p2a: Flareon|Flareon, M|95\/100 tox\n|turn|5\n|\n|t:|1700514205\n|switch|p1a: Ceruledge|Ceruledge, F|100\/100\n|move|p2a: Flareon|Facade|p1a: Ceruledge\n|-immune|p1a: Ceruledge\n|\n|-weather|SunnyDay|[upkeep]\n|-damage|p2a: Flareon|89\/100 tox|[from] psn\n|upkeep\n|turn|6\n|inactive|Jasperthedog has 270 seconds left.\n|\n|t:|1700514221\n|move|p1a: Ceruledge|Poltergeist|p2a: Flareon\n|-activate|p2a: Flareon|move: Poltergeist|Toxic Orb\n|-damage|p2a: Flareon|0 fnt\n|faint|p2a: Flareon\n|\n|-weather|none\n|upkeep\n|inactive|Jasperthedog has 270 seconds left.\n|\n|t:|1700514248\n|switch|p2a: Infernape|Infernape, M|100\/100\n|turn|7\n|\n|t:|1700514260\n|move|p2a: Infernape|Earthquake|p1a: Ceruledge\n|-supereffective|p1a: Ceruledge\n|-damage|p1a: Ceruledge|15\/100\n|-ability|p1a: Ceruledge|Weak Armor|boost\n|-unboost|p1a: Ceruledge|def|1\n|-boost|p1a: Ceruledge|spe|2\n|move|p1a: Ceruledge|Swords Dance|p1a: Ceruledge\n|-boost|p1a: Ceruledge|atk|2\n|\n|upkeep\n|turn|8\n|inactive|Jasperthedog has 270 seconds left.\n|\n|t:|1700514269\n|move|p1a: Ceruledge|Poltergeist|p2a: Infernape\n|-activate|p2a: Infernape|move: Poltergeist|Focus Sash\n|-enditem|p2a: Infernape|Focus Sash\n|-damage|p2a: Infernape|1\/100\n|move|p2a: Infernape|Earthquake|p1a: Ceruledge\n|-supereffective|p1a: Ceruledge\n|-damage|p1a: Ceruledge|0 fnt\n|faint|p1a: Ceruledge\n|\n|upkeep\n|\n|t:|1700514279\n|switch|p1a: Rotom|Rotom-Heat|100\/100\n|turn|9\n|\n|t:|1700514287\n|move|p2a: Infernape|Endeavor|p1a: Rotom\n|-damage|p1a: Rotom|1\/100\n|move|p1a: Rotom|Reflect|p1a: Rotom\n|-sidestart|p1: hevxav|Reflect\n|\n|upkeep\n|turn|10\n|\n|t:|1700514301\n|switch|p1a: Torkoal|Torkoal, M|37\/100\n|-weather|SunnyDay|[from] ability: Drought|[of] p1a: Torkoal\n|move|p2a: Infernape|Aura Sphere|p1a: Torkoal\n|-damage|p1a: Torkoal|0 fnt\n|faint|p1a: Torkoal\n|\n|-weather|SunnyDay|[upkeep]\n|upkeep\n|\n|t:|1700514309\n|switch|p1a: Darmanitan|Darmanitan, M|100\/100\n|turn|11\n|\n|t:|1700514336\n|move|p1a: Darmanitan|U-turn|p2a: Infernape\n|-resisted|p2a: Infernape\n|-damage|p2a: Infernape|0 fnt\n|faint|p2a: Infernape\n|\n|t:|1700514342\n|switch|p1a: Camerupt|Camerupt, M|100\/100|[from] U-turn\n|\n|-weather|SunnyDay|[upkeep]\n|upkeep\n|\n|t:|1700514348\n|switch|p2a: Magcargo|Magcargo, M|100\/100\n|-item|p2a: Magcargo|Air Balloon\n|turn|12\n|l|\u2606Jasperthedog\n|inactive|Jasperthedog disconnected and has 300 seconds to reconnect!\n|player|p2|\n|\n|t:|1700514362\n|move|p1a: Camerupt|Rock Polish|p1a: Camerupt\n|-boost|p1a: Camerupt|spe|2\n|move|p2a: Magcargo|Shell Smash|p2a: Magcargo\n|-unboost|p2a: Magcargo|def|1\n|-unboost|p2a: Magcargo|spd|1\n|-boost|p2a: Magcargo|atk|2\n|-boost|p2a: Magcargo|spa|2\n|-boost|p2a: Magcargo|spe|2\n|\n|-weather|SunnyDay|[upkeep]\n|upkeep\n|turn|13\n|j|\u2606Jasperthedog\n|inactive|Jasperthedog reconnected and has 300 seconds left.\n|player|p2|Jasperthedog|rood\n|\n|t:|1700514384\n|move|p1a: Camerupt|Ancient Power|p2a: Magcargo\n|-supereffective|p2a: Magcargo\n|-damage|p2a: Magcargo|13\/100\n|-enditem|p2a: Magcargo|Air Balloon\n|move|p2a: Magcargo|Earth Power|p1a: Camerupt\n|-supereffective|p1a: Camerupt\n|-damage|p1a: Camerupt|0 fnt\n|faint|p1a: Camerupt\n|\n|-weather|SunnyDay|[upkeep]\n|upkeep\n|\n|t:|1700514393\n|switch|p1a: Darmanitan|Darmanitan, M|100\/100\n|turn|14\n|\n|t:|1700514409\n|move|p1a: Darmanitan|U-turn|p2a: Magcargo\n|-resisted|p2a: Magcargo\n|-damage|p2a: Magcargo|0 fnt\n|faint|p2a: Magcargo\n|inactive|hevxav has 270 seconds left.\n|\n|t:|1700514423\n|switch|p1a: Rotom|Rotom-Heat|1\/100|[from] U-turn\n|\n|-weather|none\n|upkeep\n|\n|t:|1700514434\n|switch|p2a: Marowak|Marowak-Alola, M|100\/100\n|turn|15\n|\n|t:|1700514441\n|move|p1a: Rotom|Toxic|p2a: Marowak|[miss]\n|-miss|p1a: Rotom|p2a: Marowak\n|move|p2a: Marowak|Knock Off|p1a: Rotom\n|-damage|p1a: Rotom|0 fnt\n|-enditem|p1a: Rotom|Light Clay|[from] move: Knock Off|[of] p2a: Marowak\n|faint|p1a: Rotom\n|\n|upkeep\n|\n|t:|1700514449\n|switch|p1a: Armarouge|Armarouge, M|100\/100\n|turn|16\n|\n|t:|1700514461\n|-terastallize|p1a: Armarouge|Fire\n|move|p1a: Armarouge|Psychic|p2a: Marowak\n|-damage|p2a: Marowak|41\/100\n|move|p2a: Marowak|Knock Off|p1a: Armarouge\n|-damage|p1a: Armarouge|79\/100\n|-ability|p1a: Armarouge|Weak Armor|boost\n|-unboost|p1a: Armarouge|def|1\n|-boost|p1a: Armarouge|spe|2\n|-enditem|p1a: Armarouge|Shuca Berry|[from] move: Knock Off|[of] p2a: Marowak\n|\n|-sideend|p1: hevxav|Reflect\n|upkeep\n|turn|17\n|\n|t:|1700514474\n|move|p1a: Armarouge|Psychic|p2a: Marowak\n|-damage|p2a: Marowak|0 fnt\n|-start|p1a: Armarouge|Disable|Psychic|[from] ability: Cursed Body|[of] p2a: Marowak\n|faint|p2a: Marowak\n|\n|upkeep\n|\n|t:|1700514478\n|switch|p2a: Talonflame|Talonflame, M|100\/100\n|turn|18\n|\n|t:|1700514486\n|move|p2a: Talonflame|Brave Bird|p1a: Armarouge\n|-damage|p1a: Armarouge|0 fnt\n|faint|p1a: Armarouge\n|-damage|p2a: Talonflame|73\/100|[from] Recoil\n|\n|upkeep\n|\n|t:|1700514492\n|switch|p1a: Darmanitan|Darmanitan, M|100\/100\n|turn|19\n|c|\u2606Jasperthedog|GG\n|\n|t:|1700514502\n|-terastallize|p2a: Talonflame|Fire\n|move|p1a: Darmanitan|Rock Slide|p2a: Talonflame\n|-supereffective|p2a: Talonflame\n|-damage|p2a: Talonflame|0 fnt\n|faint|p2a: Talonflame\n|\n|win|hevxav\n|c|\u2606hevxav|gg\n","uploadtime":1700514518,"views":23,"p1id":"hevxav","p2id":"jasperthedog","formatid":"gen9nationaldex","rating":0,"private":0,"password":""}