{"id":"gen9nationaldex-1987525937","p1":"snivy ye \u53f6\u86c7","p2":"elzy","format":"[Gen 9] National Dex","log":"|j|\u2606snivy ye \u53f6\u86c7\n|j|\u2606elzy\n|t:|1699606656\n|gametype|singles\n|player|p1|snivy ye \u53f6\u86c7|winona|1824\n|player|p2|elzy|backpacker|1885\n|teamsize|p1|6\n|teamsize|p2|6\n|gen|9\n|tier|[Gen 9] National Dex\n|rated|\n|rule|HP Percentage Mod: HP is shown in percentages\n|rule|Endless Battle Clause: Forcing endless battles is banned\n|rule|OHKO Clause: OHKO moves are banned\n|rule|Evasion Clause: Evasion abilities, items, and moves are banned\n|rule|Evasion Abilities Clause: Evasion abilities are banned\n|rule|Evasion Items Clause: Evasion items are banned\n|rule|Evasion Moves Clause: Evasion moves are banned\n|rule|Species Clause: Limit one of each Pok\u00e9mon\n|rule|Sleep Clause Mod: Limit one foe put to sleep\n|clearpoke\n|poke|p1|Slowbro, F|\n|poke|p1|Landorus-Therian, M|\n|poke|p1|Arcanine-Hisui, M|\n|poke|p1|Corviknight, M|\n|poke|p1|Tapu Koko|\n|poke|p1|Tyranitar, M|\n|poke|p2|Alomomola, F|\n|poke|p2|Aggron, F|\n|poke|p2|Muk-Alola, M|\n|poke|p2|Slowking-Galar, F|\n|poke|p2|Goodra, F|\n|poke|p2|Weezing-Galar, M|\n|teampreview\n|inactive|Battle timer is ON: inactive players will automatically lose when time's up. (requested by elzy)\n|j| YJLF2\n|\n|t:|1699606663\n|start\n|switch|p1a: Arcanine|Arcanine-Hisui, M|100\/100\n|switch|p2a: Aggron|Aggron, F|100\/100\n|turn|1\n|\n|t:|1699606671\n|switch|p1a: Landorus|Landorus-Therian, M|100\/100\n|-ability|p1a: Landorus|Intimidate|boost\n|-unboost|p2a: Aggron|atk|1\n|detailschange|p2a: Aggron|Aggron-Mega, F\n|-mega|p2a: Aggron|Aggron|Aggronite\n|move|p2a: Aggron|Body Press|p1a: Landorus\n|-resisted|p1a: Landorus\n|-damage|p1a: Landorus|81\/100\n|-damage|p2a: Aggron|84\/100|[from] item: Rocky Helmet|[of] p1a: Landorus\n|\n|upkeep\n|turn|2\n|\n|t:|1699606681\n|switch|p2a: Weezing|Weezing-Galar, M|100\/100\n|move|p1a: Landorus|Stealth Rock|p2a: Weezing\n|-sidestart|p2: elzy|move: Stealth Rock\n|\n|upkeep\n|turn|3\n|\n|t:|1699606686\n|move|p1a: Landorus|U-turn|p2a: Weezing\n|-resisted|p2a: Weezing\n|-damage|p2a: Weezing|97\/100\n|\n|t:|1699606690\n|switch|p1a: Arcanine|Arcanine-Hisui, M|100\/100|[from] U-turn\n|move|p2a: Weezing|Defog|p1a: Arcanine\n|-unboost|p1a: Arcanine|evasion|1\n|-sideend|p2: elzy|Stealth Rock|[from] move: Defog|[of] p2a: Weezing\n|\n|-heal|p2a: Weezing|100\/100|[from] item: Leftovers\n|upkeep\n|turn|4\n|\n|t:|1699606698\n|switch|p2a: Alomomola|Alomomola, F|100\/100\n|move|p1a: Arcanine|Head Smash|p2a: Alomomola\n|-crit|p2a: Alomomola\n|-damage|p2a: Alomomola|20\/100\n|\n|-heal|p2a: Alomomola|26\/100|[from] item: Leftovers\n|upkeep\n|turn|5\n|\n|t:|1699606706\n|switch|p1a: Tapu Koko|Tapu Koko|100\/100\n|-fieldstart|move: Electric Terrain|[from] ability: Electric Surge|[of] p1a: Tapu Koko\n|move|p2a: Alomomola|Protect||[still]\n|-fail|p2a: Alomomola\n|\n|-heal|p2a: Alomomola|32\/100|[from] item: Leftovers\n|upkeep\n|turn|6\n|\n|t:|1699606713\n|move|p2a: Alomomola|Protect|p2a: Alomomola\n|-singleturn|p2a: Alomomola|Protect\n|move|p1a: Tapu Koko|Calm Mind|p1a: Tapu Koko\n|-boost|p1a: Tapu Koko|spa|1\n|-boost|p1a: Tapu Koko|spd|1\n|\n|-heal|p2a: Alomomola|39\/100|[from] item: Leftovers\n|upkeep\n|turn|7\n|\n|t:|1699606721\n|switch|p2a: Muk|Muk-Alola, M|100\/100\n|move|p1a: Tapu Koko|Thunderbolt|p2a: Muk\n|-damage|p2a: Muk|58\/100\n|\n|upkeep\n|turn|8\n|\n|t:|1699606727\n|-zpower|p1a: Tapu Koko\n|move|p1a: Tapu Koko|Gigavolt Havoc|p2a: Muk|[zeffect]\n|-damage|p2a: Muk|0 fnt\n|faint|p2a: Muk\n|\n|upkeep\n|\n|t:|1699606729\n|switch|p2a: Slowking|Slowking-Galar, F|100\/100\n|turn|9\n|\n|t:|1699606736\n|move|p1a: Tapu Koko|U-turn|p2a: Slowking\n|-damage|p2a: Slowking|82\/100\n|\n|t:|1699606738\n|switch|p1a: Landorus|Landorus-Therian, M|81\/100|[from] U-turn\n|-ability|p1a: Landorus|Intimidate|boost\n|-unboost|p2a: Slowking|atk|1\n|move|p2a: Slowking|Future Sight|p1a: Landorus\n|-start|p2a: Slowking|move: Future Sight\n|\n|-fieldend|move: Electric Terrain\n|upkeep\n|turn|10\n|\n|t:|1699606745\n|switch|p2a: Weezing|Weezing-Galar, M|100\/100\n|move|p1a: Landorus|U-turn|p2a: Weezing\n|-resisted|p2a: Weezing\n|-damage|p2a: Weezing|97\/100\n|\n|t:|1699606752\n|switch|p1a: Tyranitar|Tyranitar, M|100\/100|[from] U-turn\n|-weather|Sandstorm|[from] ability: Sand Stream|[of] p1a: Tyranitar\n|\n|-weather|Sandstorm|[upkeep]\n|-damage|p2a: Weezing|91\/100|[from] Sandstorm\n|-heal|p2a: Weezing|97\/100|[from] item: Leftovers\n|upkeep\n|turn|11\n|\n|t:|1699606761\n|detailschange|p1a: Tyranitar|Tyranitar-Mega, M\n|-mega|p1a: Tyranitar|Tyranitar|Tyranitarite\n|move|p1a: Tyranitar|Stone Edge|p2a: Weezing\n|-damage|p2a: Weezing|56\/100\n|move|p2a: Weezing|Will-O-Wisp|p1a: Tyranitar\n|-status|p1a: Tyranitar|brn\n|\n|-weather|Sandstorm|[upkeep]\n|-damage|p2a: Weezing|50\/100|[from] Sandstorm\n|-end|p1a: Tyranitar|move: Future Sight\n|-immune|p1a: Tyranitar\n|-heal|p2a: Weezing|56\/100|[from] item: Leftovers\n|-damage|p1a: Tyranitar|94\/100 brn|[from] brn\n|upkeep\n|turn|12\n|j| hainiumm\n|\n|t:|1699606774\n|move|p1a: Tyranitar|Knock Off|p2a: Weezing\n|-resisted|p2a: Weezing\n|-damage|p2a: Weezing|45\/100\n|-enditem|p2a: Weezing|Leftovers|[from] move: Knock Off|[of] p1a: Tyranitar\n|move|p2a: Weezing|Strange Steam|p1a: Tyranitar\n|-supereffective|p1a: Tyranitar\n|-damage|p1a: Tyranitar|62\/100 brn\n|\n|-weather|Sandstorm|[upkeep]\n|-damage|p2a: Weezing|39\/100|[from] Sandstorm\n|-damage|p1a: Tyranitar|56\/100 brn|[from] brn\n|upkeep\n|turn|13\n|\n|t:|1699606785\n|switch|p1a: Arcanine|Arcanine-Hisui, M|100\/100\n|switch|p2a: Alomomola|Alomomola, F|72\/100\n|\n|-weather|Sandstorm|[upkeep]\n|-damage|p2a: Alomomola|66\/100|[from] Sandstorm\n|-heal|p2a: Alomomola|72\/100|[from] item: Leftovers\n|upkeep\n|turn|14\n|\n|t:|1699606793\n|switch|p1a: Tapu Koko|Tapu Koko|100\/100\n|-fieldstart|move: Electric Terrain|[from] ability: Electric Surge|[of] p1a: Tapu Koko\n|move|p2a: Alomomola|Protect||[still]\n|-fail|p2a: Alomomola\n|\n|-weather|none\n|-heal|p2a: Alomomola|78\/100|[from] item: Leftovers\n|upkeep\n|turn|15\n|\n|t:|1699606802\n|switch|p2a: Slowking|Slowking-Galar, F|100\/100\n|move|p1a: Tapu Koko|Thunderbolt|p2a: Slowking\n|-damage|p2a: Slowking|77\/100\n|\n|upkeep\n|turn|16\n|\n|t:|1699606807\n|move|p1a: Tapu Koko|U-turn|p2a: Slowking\n|-damage|p2a: Slowking|59\/100\n|\n|t:|1699606811\n|switch|p1a: Tyranitar|Tyranitar-Mega, M|56\/100 brn|[from] U-turn\n|-weather|Sandstorm|[from] ability: Sand Stream|[of] p1a: Tyranitar\n|move|p2a: Slowking|Hydro Pump|p1a: Tyranitar|[miss]\n|-miss|p2a: Slowking|p1a: Tyranitar\n|\n|-weather|Sandstorm|[upkeep]\n|-damage|p2a: Slowking|53\/100|[from] Sandstorm\n|-damage|p1a: Tyranitar|50\/100 brn|[from] brn\n|upkeep\n|turn|17\n|\n|t:|1699606821\n|-activate|p2a: Slowking|move: Pursuit\n|move|p1a: Tyranitar|Pursuit|p2a: Slowking|[from]Pursuit\n|-supereffective|p2a: Slowking\n|-damage|p2a: Slowking|0 fnt\n|faint|p2a: Slowking\n|-hint|A Pokemon can't switch between when it runs out of HP and when it faints\n|\n|-weather|Sandstorm|[upkeep]\n|-damage|p1a: Tyranitar|44\/100 brn|[from] brn\n|upkeep\n|c|\u2606elzy|Gg\n|-message|elzy forfeited.\n|\n|win|snivy ye \u53f6\u86c7\n|raw|snivy ye \u53f6\u86c7's rating: 1824 &rarr; <strong>1847<\/strong><br \/>(+23 for winning)\n|raw|elzy's rating: 1885 &rarr; <strong>1862<\/strong><br \/>(-23 for losing)\n|l| YJLF2\n","uploadtime":1699606835,"views":8,"p1id":"snivyye","p2id":"elzy","formatid":"gen9nationaldex","rating":1847,"private":0,"password":""}