{"id":"gen9nationaldex-1998587372","p1":"IamVirius","p2":"saori_frog","format":"[Gen 9] National Dex","log":"|html|<div class=\"broadcast-blue\"><strong>[Gen 9] National Dex is currently suspecting Sneasler! For information on how to participate check out the <a href=\"https:\/\/www.smogon.com\/forums\/threads\/sv-national-dex-suspect-8-just-dance.3731534\/\">suspect thread<\/a>.<\/strong><\/div>\n|j|\u2606IamVirius\n|j|\u2606saori_frog\n|t:|1700959777\n|gametype|singles\n|player|p1|IamVirius|marlon|\n|player|p2|saori_frog|cynthia|\n|teamsize|p1|6\n|teamsize|p2|6\n|gen|9\n|tier|[Gen 9] National Dex\n|rule|HP Percentage Mod: HP is shown in percentages\n|rule|Endless Battle Clause: Forcing endless battles is banned\n|rule|OHKO Clause: OHKO moves are banned\n|rule|Evasion Clause: Evasion abilities, items, and moves are banned\n|rule|Evasion Abilities Clause: Evasion abilities are banned\n|rule|Evasion Items Clause: Evasion items are banned\n|rule|Evasion Moves Clause: Evasion moves are banned\n|rule|Species Clause: Limit one of each Pok\u00e9mon\n|rule|Sleep Clause Mod: Limit one foe put to sleep\n|clearpoke\n|poke|p1|Greninja-*, F|\n|poke|p1|Politoed, F|\n|poke|p1|Poliwrath, M|\n|poke|p1|Seismitoad, F|\n|poke|p1|Empoleon, F|\n|poke|p1|Pelipper, M|\n|poke|p2|Dracozolt|\n|poke|p2|Dipplin, F|\n|poke|p2|Altaria, F|\n|poke|p2|Dragonair, F|\n|poke|p2|Tatsugiri, F|\n|poke|p2|Garchomp, M|\n|teampreview\n|\n|t:|1700959848\n|start\n|switch|p1a: Pelipper|Pelipper, M|100\/100\n|switch|p2a: Dipplin|Dipplin, F|100\/100\n|-weather|RainDance|[from] ability: Drizzle|[of] p1a: Pelipper\n|turn|1\n|\n|t:|1700959901\n|move|p1a: Pelipper|Hurricane|p2a: Dipplin\n|-supereffective|p2a: Dipplin\n|-damage|p2a: Dipplin|24\/100\n|-enditem|p2a: Dipplin|Aguav Berry|[eat]\n|-heal|p2a: Dipplin|57\/100|[from] item: Aguav Berry\n|move|p2a: Dipplin|Solar Beam||[still]\n|-prepare|p2a: Dipplin|Solar Beam\n|\n|-weather|RainDance|[upkeep]\n|upkeep\n|turn|2\n|\n|t:|1700959913\n|move|p1a: Pelipper|Hurricane|p2a: Dipplin\n|-supereffective|p2a: Dipplin\n|-damage|p2a: Dipplin|0 fnt\n|faint|p2a: Dipplin\n|\n|-weather|RainDance|[upkeep]\n|upkeep\n|\n|t:|1700959939\n|switch|p2a: Dracozolt|Dracozolt|100\/100\n|turn|3\n|\n|t:|1700959948\n|switch|p1a: Seismitoad|Seismitoad, F|100\/100\n|-terastallize|p2a: Dracozolt|Electric\n|move|p2a: Dracozolt|Bolt Beak|p1a: Seismitoad\n|-immune|p1a: Seismitoad\n|\n|-weather|RainDance|[upkeep]\n|upkeep\n|turn|4\n|\n|t:|1700959971\n|switch|p2a: Dragonair|Dragonair, F|100\/100\n|move|p1a: Seismitoad|Stealth Rock|p2a: Dragonair\n|-sidestart|p2: saori_frog|move: Stealth Rock\n|\n|-weather|RainDance|[upkeep]\n|upkeep\n|turn|5\n|\n|t:|1700959990\n|move|p2a: Dragonair|Outrage|p1a: Seismitoad\n|-damage|p1a: Seismitoad|47\/100\n|move|p1a: Seismitoad|Ice Punch|p2a: Dragonair\n|-supereffective|p2a: Dragonair\n|-damage|p2a: Dragonair|60\/100\n|\n|-weather|none\n|-heal|p1a: Seismitoad|53\/100|[from] item: Leftovers\n|upkeep\n|turn|6\n|\n|t:|1700960002\n|move|p2a: Dragonair|Outrage|p1a: Seismitoad|[from]lockedmove\n|-damage|p1a: Seismitoad|0 fnt\n|faint|p1a: Seismitoad\n|\n|upkeep\n|\n|t:|1700960006\n|switch|p1a: Politoed|Politoed, F|100\/100\n|-weather|RainDance|[from] ability: Drizzle|[of] p1a: Politoed\n|turn|7\n|\n|t:|1700960015\n|move|p2a: Dragonair|Outrage|p1a: Politoed|[from]lockedmove\n|-damage|p1a: Politoed|58\/100\n|-start|p2a: Dragonair|confusion|[fatigue]\n|move|p1a: Politoed|Psychic|p2a: Dragonair\n|-damage|p2a: Dragonair|38\/100\n|\n|-weather|RainDance|[upkeep]\n|upkeep\n|turn|8\n|\n|t:|1700960054\n|switch|p1a: Pelipper|Pelipper, M|100\/100\n|-activate|p2a: Dragonair|confusion\n|-damage|p2a: Dragonair|15\/100|[from] confusion\n|\n|-weather|RainDance|[upkeep]\n|upkeep\n|turn|9\n|\n|t:|1700960080\n|-activate|p2a: Dragonair|confusion\n|-damage|p2a: Dragonair|0 fnt|[from] confusion\n|faint|p2a: Dragonair\n|move|p1a: Pelipper|Hurricane|p2: Dragonair|[notarget]\n|-fail|p1a: Pelipper\n|\n|-weather|RainDance|[upkeep]\n|upkeep\n|\n|t:|1700960100\n|switch|p2a: Dracozolt|Dracozolt, tera:Electric|100\/100\n|-damage|p2a: Dracozolt|88\/100|[from] Stealth Rock\n|turn|10\n|\n|t:|1700960108\n|-terastallize|p1a: Pelipper|Ground\n|move|p2a: Dracozolt|Bolt Beak|p1a: Pelipper\n|-immune|p1a: Pelipper\n|move|p1a: Pelipper|Hurricane|p2a: Dracozolt\n|-resisted|p2a: Dracozolt\n|-damage|p2a: Dracozolt|64\/100\n|\n|-weather|RainDance|[upkeep]\n|upkeep\n|turn|11\n|\n|t:|1700960138\n|switch|p2a: Daltaria|Altaria, F, shiny|100\/100\n|move|p1a: Pelipper|Hurricane|p2a: Daltaria\n|-damage|p2a: Daltaria|75\/100\n|\n|-weather|none\n|upkeep\n|turn|12\n|\n|t:|1700960150\n|switch|p1a: Politoed|Politoed, F|58\/100\n|-weather|RainDance|[from] ability: Drizzle|[of] p1a: Politoed\n|move|p2a: Daltaria|Brave Bird|p1a: Politoed\n|-damage|p1a: Politoed|31\/100\n|-damage|p2a: Daltaria|65\/100|[from] Recoil\n|\n|-weather|RainDance|[upkeep]\n|upkeep\n|turn|13\n|\n|t:|1700960181\n|move|p2a: Daltaria|Roost|p2a: Daltaria\n|-heal|p2a: Daltaria|100\/100\n|-singleturn|p2a: Daltaria|move: Roost\n|move|p1a: Politoed|Scald|p2a: Daltaria\n|-resisted|p2a: Daltaria\n|-damage|p2a: Daltaria|87\/100\n|\n|-weather|RainDance|[upkeep]\n|upkeep\n|turn|14\n|\n|t:|1700960189\n|move|p2a: Daltaria|Brave Bird|p1a: Politoed\n|-damage|p1a: Politoed|5\/100\n|-damage|p2a: Daltaria|78\/100|[from] Recoil\n|move|p1a: Politoed|Encore|p2a: Daltaria\n|-start|p2a: Daltaria|Encore\n|\n|-weather|RainDance|[upkeep]\n|upkeep\n|turn|15\n|\n|t:|1700960197\n|move|p2a: Daltaria|Brave Bird|p1a: Politoed\n|-damage|p1a: Politoed|0 fnt\n|faint|p1a: Politoed\n|-damage|p2a: Daltaria|76\/100|[from] Recoil\n|\n|-weather|RainDance|[upkeep]\n|upkeep\n|\n|t:|1700960201\n|switch|p1a: Greninja|Greninja, F, shiny|100\/100\n|turn|16\n|\n|t:|1700960218\n|move|p1a: Greninja|Ice Beam|p2a: Daltaria\n|-start|p1a: Greninja|typechange|Ice|[from] ability: Protean\n|-supereffective|p2a: Daltaria\n|-damage|p2a: Daltaria|0 fnt\n|faint|p2a: Daltaria\n|-damage|p1a: Greninja|91\/100|[from] item: Life Orb\n|\n|-weather|none\n|upkeep\n|\n|t:|1700960240\n|switch|p2a: Dracozolt|Dracozolt, tera:Electric|64\/100\n|-damage|p2a: Dracozolt|51\/100|[from] Stealth Rock\n|turn|17\n|\n|t:|1700960245\n|switch|p1a: Pelipper|Pelipper, M, tera:Ground|100\/100\n|-weather|RainDance|[from] ability: Drizzle|[of] p1a: Pelipper\n|move|p2a: Dracozolt|Bolt Beak|p1a: Pelipper\n|-immune|p1a: Pelipper\n|\n|-weather|RainDance|[upkeep]\n|upkeep\n|turn|18\n|\n|t:|1700960270\n|switch|p2a: Datsugiri|Tatsugiri, F|100\/100\n|move|p1a: Pelipper|Hurricane|p2a: Datsugiri\n|-damage|p2a: Datsugiri|55\/100\n|-start|p2a: Datsugiri|confusion\n|\n|-weather|RainDance|[upkeep]\n|upkeep\n|turn|19\n|\n|t:|1700960303\n|switch|p1a: Empoleon|Empoleon, F|100\/100\n|-activate|p2a: Datsugiri|confusion\n|-damage|p2a: Datsugiri|48\/100|[from] confusion\n|\n|-weather|RainDance|[upkeep]\n|upkeep\n|turn|20\n|\n|t:|1700960312\n|-activate|p2a: Datsugiri|confusion\n|move|p2a: Datsugiri|Hydro Pump|p1a: Empoleon\n|-resisted|p1a: Empoleon\n|-damage|p1a: Empoleon|75\/100\n|move|p1a: Empoleon|Flash Cannon|p2a: Datsugiri\n|-resisted|p2a: Datsugiri\n|-damage|p2a: Datsugiri|28\/100\n|\n|-weather|RainDance|[upkeep]\n|upkeep\n|turn|21\n|\n|t:|1700960328\n|-end|p2a: Datsugiri|confusion\n|move|p2a: Datsugiri|Draco Meteor|p1a: Empoleon\n|-resisted|p1a: Empoleon\n|-damage|p1a: Empoleon|55\/100\n|-unboost|p2a: Datsugiri|spa|2\n|move|p1a: Empoleon|Flash Cannon|p2a: Datsugiri\n|-resisted|p2a: Datsugiri\n|-crit|p2a: Datsugiri\n|-damage|p2a: Datsugiri|1\/100\n|\n|-weather|none\n|upkeep\n|turn|22\n|\n|t:|1700960348\n|move|p2a: Datsugiri|Hydro Pump|p1a: Empoleon|[miss]\n|-miss|p2a: Datsugiri|p1a: Empoleon\n|move|p1a: Empoleon|Flip Turn|p2a: Datsugiri\n|-ability|p2a: Datsugiri|Storm Drain|boost\n|-boost|p2a: Datsugiri|spa|1\n|\n|upkeep\n|turn|23\n|\n|t:|1700960355\n|move|p2a: Datsugiri|Hydro Pump|p1a: Empoleon|[miss]\n|-miss|p2a: Datsugiri|p1a: Empoleon\n|move|p1a: Empoleon|Flash Cannon|p2a: Datsugiri\n|-resisted|p2a: Datsugiri\n|-damage|p2a: Datsugiri|0 fnt\n|faint|p2a: Datsugiri\n|\n|upkeep\n|\n|t:|1700960375\n|switch|p2a: Darchomp|Garchomp, M|100\/100\n|-damage|p2a: Darchomp|94\/100|[from] Stealth Rock\n|turn|24\n|\n|t:|1700960388\n|switch|p1a: Greninja|Greninja, F, shiny|91\/100\n|move|p2a: Darchomp|Substitute|p2a: Darchomp\n|-start|p2a: Darchomp|Substitute\n|-damage|p2a: Darchomp|69\/100\n|\n|-heal|p2a: Darchomp|76\/100|[from] item: Leftovers\n|upkeep\n|turn|25\n|\n|t:|1700960411\n|move|p1a: Greninja|Ice Beam|p2a: Darchomp\n|-start|p1a: Greninja|typechange|Ice|[from] ability: Protean\n|-supereffective|p2a: Darchomp\n|-end|p2a: Darchomp|Substitute\n|-damage|p1a: Greninja|81\/100|[from] item: Life Orb\n|move|p2a: Darchomp|Earthquake|p1a: Greninja\n|-damage|p1a: Greninja|0 fnt\n|faint|p1a: Greninja\n|\n|-heal|p2a: Darchomp|82\/100|[from] item: Leftovers\n|upkeep\n|\n|t:|1700960418\n|switch|p1a: Pelipper|Pelipper, M, tera:Ground|100\/100\n|-weather|RainDance|[from] ability: Drizzle|[of] p1a: Pelipper\n|turn|26\n|\n|t:|1700960450\n|move|p2a: Darchomp|Earthquake|p1a: Pelipper\n|-damage|p1a: Pelipper|58\/100\n|move|p1a: Pelipper|U-turn|p2a: Darchomp\n|-damage|p2a: Darchomp|74\/100\n|-damage|p1a: Pelipper|46\/100|[from] ability: Rough Skin|[of] p2a: Darchomp\n|\n|t:|1700960456\n|switch|p1a: Poliwrath|Poliwrath, M|100\/100|[from] U-turn\n|\n|-weather|RainDance|[upkeep]\n|-heal|p2a: Darchomp|80\/100|[from] item: Leftovers\n|upkeep\n|turn|27\n|\n|t:|1700960481\n|move|p1a: Poliwrath|Liquidation|p2a: Darchomp\n|-damage|p2a: Darchomp|0 fnt\n|-damage|p1a: Poliwrath|88\/100|[from] ability: Rough Skin|[of] p2a: Darchomp\n|faint|p2a: Darchomp\n|\n|-weather|RainDance|[upkeep]\n|upkeep\n|\n|t:|1700960487\n|switch|p2a: Dracozolt|Dracozolt, tera:Electric|51\/100\n|-damage|p2a: Dracozolt|39\/100|[from] Stealth Rock\n|turn|28\n|\n|t:|1700960540\n|move|p1a: Poliwrath|Liquidation|p2a: Dracozolt\n|-damage|p2a: Dracozolt|0 fnt\n|faint|p2a: Dracozolt\n|\n|win|IamVirius\n","uploadtime":1700960548,"views":3,"p1id":"iamvirius","p2id":"saorifrog","formatid":"gen9nationaldex","rating":0,"private":0,"password":""}