{"id":"gen9nationaldex-1994483848","p1":"RakzoTR","p2":"zhangsangua","format":"[Gen 9] National Dex","log":"|j|\u2606RakzoTR\n|j|\u2606zhangsangua\n|t:|1700449244\n|gametype|singles\n|player|p1|RakzoTR|gambler|1379\n|player|p2|zhangsangua|rocketgrunt|1400\n|teamsize|p1|6\n|teamsize|p2|6\n|gen|9\n|tier|[Gen 9] National Dex\n|rated|\n|rule|HP Percentage Mod: HP is shown in percentages\n|rule|Endless Battle Clause: Forcing endless battles is banned\n|rule|OHKO Clause: OHKO moves are banned\n|rule|Evasion Clause: Evasion abilities, items, and moves are banned\n|rule|Evasion Abilities Clause: Evasion abilities are banned\n|rule|Evasion Items Clause: Evasion items are banned\n|rule|Evasion Moves Clause: Evasion moves are banned\n|rule|Species Clause: Limit one of each Pok\u00e9mon\n|rule|Sleep Clause Mod: Limit one foe put to sleep\n|clearpoke\n|poke|p1|Goodra-Hisui, F|\n|poke|p1|Ogerpon-Wellspring, F|\n|poke|p1|Donphan, M|\n|poke|p1|Zamazenta-*|\n|poke|p1|Cinderace, M|\n|poke|p1|Zapdos|\n|poke|p2|Victini|\n|poke|p2|Landorus-Therian, M|\n|poke|p2|Staraptor, F|\n|poke|p2|Glalie, M|\n|poke|p2|Gigalith, F|\n|poke|p2|Kommo-o, M|\n|teampreview\n|inactive|Battle timer is ON: inactive players will automatically lose when time's up. (requested by zhangsangua)\n|\n|t:|1700449272\n|start\n|switch|p1a: WhatTheDogDoing?|Zamazenta|100\/100\n|switch|p2a: Staraptor|Staraptor, F|100\/100\n|-ability|p1a: WhatTheDogDoing?|Dauntless Shield|boost\n|-boost|p1a: WhatTheDogDoing?|def|1\n|turn|1\n|\n|t:|1700449279\n|-terastallize|p1a: WhatTheDogDoing?|Steel\n|move|p1a: WhatTheDogDoing?|Close Combat|p2a: Staraptor\n|-damage|p2a: Staraptor|27\/100\n|-unboost|p1a: WhatTheDogDoing?|def|1\n|-unboost|p1a: WhatTheDogDoing?|spd|1\n|move|p2a: Staraptor|Final Gambit|p1a: WhatTheDogDoing?\n|-damage|p1a: WhatTheDogDoing?|70\/100\n|faint|p2a: Staraptor\n|\n|upkeep\n|\n|t:|1700449292\n|switch|p2a: Landorus|Landorus-Therian, M|100\/100\n|-ability|p2a: Landorus|Intimidate|boost\n|-unboost|p1a: WhatTheDogDoing?|atk|1\n|turn|2\n|\n|t:|1700449300\n|switch|p1a: Zip-Zap-Dos|Zapdos|100\/100\n|move|p2a: Landorus|Earthquake|p1a: Zip-Zap-Dos\n|-immune|p1a: Zip-Zap-Dos\n|\n|upkeep\n|turn|3\n|\n|t:|1700449303\n|move|p2a: Landorus|Stealth Rock|p1a: Zip-Zap-Dos\n|-sidestart|p1: RakzoTR|move: Stealth Rock\n|move|p1a: Zip-Zap-Dos|Hurricane|p2a: Landorus\n|-damage|p2a: Landorus|21\/100\n|\n|upkeep\n|turn|4\n|\n|t:|1700449307\n|-terastallize|p2a: Landorus|Normal\n|move|p2a: Landorus|Explosion|p1a: Zip-Zap-Dos\n|-damage|p1a: Zip-Zap-Dos|0 fnt\n|faint|p2a: Landorus\n|faint|p1a: Zip-Zap-Dos\n|\n|upkeep\n|\n|t:|1700449318\n|switch|p2a: Victini|Victini|100\/100\n|switch|p1a: Rammot|Cinderace, M|100\/100\n|turn|5\n|\n|t:|1700449322\n|move|p2a: Victini|Final Gambit|p1a: Rammot\n|-damage|p1a: Rammot|0 fnt\n|faint|p2a: Victini\n|faint|p1a: Rammot\n|\n|upkeep\n|\n|t:|1700449326\n|switch|p1a: Kandula|Donphan, M|100\/100\n|switch|p2a: Glalie|Glalie, M|100\/100\n|turn|6\n|\n|t:|1700449333\n|switch|p1a: WhatTheDogDoing?|Zamazenta, tera:Steel|70\/100\n|-damage|p1a: WhatTheDogDoing?|64\/100|[from] Stealth Rock\n|detailschange|p2a: Glalie|Glalie-Mega, M\n|-mega|p2a: Glalie|Glalie|Glalitite\n|move|p2a: Glalie|Explosion|p1a: WhatTheDogDoing?\n|-resisted|p1a: WhatTheDogDoing?\n|-damage|p1a: WhatTheDogDoing?|0 fnt\n|faint|p2a: Glalie\n|faint|p1a: WhatTheDogDoing?\n|\n|upkeep\n|\n|t:|1700449341\n|switch|p1a: Ogo|Ogerpon-Wellspring, F|100\/100\n|switch|p2a: Gigalith|Gigalith, F|100\/100\n|-damage|p1a: Ogo|88\/100|[from] Stealth Rock\n|-weather|Sandstorm|[from] ability: Sand Stream|[of] p2a: Gigalith\n|turn|7\n|\n|t:|1700449344\n|move|p1a: Ogo|Substitute|p1a: Ogo\n|-start|p1a: Ogo|Substitute\n|-damage|p1a: Ogo|63\/100\n|move|p2a: Gigalith|Explosion|p1a: Ogo\n|-end|p1a: Ogo|Substitute\n|faint|p2a: Gigalith\n|\n|-weather|Sandstorm|[upkeep]\n|-damage|p1a: Ogo|57\/100|[from] Sandstorm\n|upkeep\n|\n|t:|1700449347\n|switch|p2a: Kommo-o|Kommo-o, M|100\/100\n|turn|8\n|\n|t:|1700449362\n|move|p1a: Ogo|Zen Headbutt|p2a: Kommo-o\n|-supereffective|p2a: Kommo-o\n|-damage|p2a: Kommo-o|31\/100\n|-zpower|p2a: Kommo-o\n|move|p2a: Kommo-o|Clangorous Soulblaze|p1a: Ogo|[zeffect]\n|-damage|p1a: Ogo|0 fnt\n|faint|p1a: Ogo\n|-boost|p2a: Kommo-o|atk|1\n|-boost|p2a: Kommo-o|def|1\n|-boost|p2a: Kommo-o|spa|1\n|-boost|p2a: Kommo-o|spd|1\n|-boost|p2a: Kommo-o|spe|1\n|\n|-weather|Sandstorm|[upkeep]\n|upkeep\n|\n|t:|1700449364\n|switch|p1a: Kandula|Donphan, M|100\/100\n|turn|9\n|\n|t:|1700449367\n|move|p2a: Kommo-o|Drain Punch|p1a: Kandula\n|-damage|p1a: Kandula|65\/100\n|-heal|p2a: Kommo-o|50\/100|[from] drain|[of] p1a: Kandula\n|move|p1a: Kandula|Earthquake|p2a: Kommo-o\n|-damage|p2a: Kommo-o|16\/100\n|\n|-weather|Sandstorm|[upkeep]\n|upkeep\n|turn|10\n|\n|t:|1700449379\n|move|p2a: Kommo-o|Clanging Scales|p1a: Kandula\n|-damage|p1a: Kandula|0 fnt\n|faint|p1a: Kandula\n|-unboost|p2a: Kommo-o|def|1\n|\n|-weather|Sandstorm|[upkeep]\n|upkeep\n|\n|t:|1700449382\n|switch|p1a: Rhaenyra|Goodra-Hisui, F|100\/100\n|-damage|p1a: Rhaenyra|94\/100|[from] Stealth Rock\n|turn|11\n|\n|t:|1700449386\n|move|p2a: Kommo-o|Drain Punch|p1a: Rhaenyra\n|-supereffective|p1a: Rhaenyra\n|-damage|p1a: Rhaenyra|14\/100\n|-heal|p2a: Kommo-o|66\/100|[from] drain|[of] p1a: Rhaenyra\n|move|p1a: Rhaenyra|Draco Meteor|p2a: Kommo-o\n|-supereffective|p2a: Kommo-o\n|-damage|p2a: Kommo-o|0 fnt\n|-unboost|p1a: Rhaenyra|spa|2\n|faint|p2a: Kommo-o\n|\n|win|RakzoTR\n|raw|RakzoTR's rating: 1379 &rarr; <strong>1400<\/strong><br \/>(+21 for winning)\n|raw|zhangsangua's rating: 1400 &rarr; <strong>1379<\/strong><br \/>(-21 for losing)\n|l|\u2606zhangsangua\n","uploadtime":1700449485,"views":15,"p1id":"rakzotr","p2id":"zhangsangua","formatid":"gen9nationaldex","rating":1379,"private":0,"password":""}