{"id":"gen9nationaldex-1993957671","p1":"qwqwqqw","p2":"As cheu","format":"[Gen 9] National Dex","log":"|j|\u2606qwqwqqw\n|j|\u2606As cheu\n|t:|1700382698\n|gametype|singles\n|player|p1|qwqwqqw|265|1638\n|player|p2|As cheu|officeworker|1674\n|teamsize|p1|6\n|teamsize|p2|6\n|gen|9\n|tier|[Gen 9] National Dex\n|rated|\n|rule|HP Percentage Mod: HP is shown in percentages\n|rule|Endless Battle Clause: Forcing endless battles is banned\n|rule|OHKO Clause: OHKO moves are banned\n|rule|Evasion Clause: Evasion abilities, items, and moves are banned\n|rule|Evasion Abilities Clause: Evasion abilities are banned\n|rule|Evasion Items Clause: Evasion items are banned\n|rule|Evasion Moves Clause: Evasion moves are banned\n|rule|Species Clause: Limit one of each Pok\u00e9mon\n|rule|Sleep Clause Mod: Limit one foe put to sleep\n|clearpoke\n|poke|p1|Ribombee, F|\n|poke|p1|Ogerpon-Wellspring, F|\n|poke|p1|Tapu Lele|\n|poke|p1|Garchomp, F|\n|poke|p1|Heatran, F|\n|poke|p1|Enamorus, F|\n|poke|p2|Cloyster, M|\n|poke|p2|Umbreon, F|\n|poke|p2|Gardevoir, F|\n|poke|p2|Forretress, M|\n|poke|p2|Thundurus-Therian, M|\n|poke|p2|Sneasler, M|\n|teampreview\n|\n|t:|1700382716\n|start\n|switch|p1a: Enamorus|Enamorus, F|100\/100\n|switch|p2a: Forretress|Forretress, M|100\/100\n|turn|1\n|inactive|Battle timer is ON: inactive players will automatically lose when time's up. (requested by As cheu)\n|\n|t:|1700382720\n|move|p1a: Enamorus|Taunt|p2a: Forretress\n|-start|p2a: Forretress|move: Taunt\n|cant|p2a: Forretress|move: Taunt|Toxic\n|\n|upkeep\n|turn|2\n|\n|t:|1700382724\n|switch|p2a: \u88d9\u4e0b\u4e4b\u81e3|Gardevoir, F, shiny|100\/100\n|-ability|p2a: \u88d9\u4e0b\u4e4b\u81e3|Contrary|[from] ability: Trace|[of] p1a: Enamorus\n|move|p1a: Enamorus|Superpower|p2a: \u88d9\u4e0b\u4e4b\u81e3\n|-resisted|p2a: \u88d9\u4e0b\u4e4b\u81e3\n|-damage|p2a: \u88d9\u4e0b\u4e4b\u81e3|91\/100\n|-boost|p1a: Enamorus|atk|1\n|-boost|p1a: Enamorus|def|1\n|\n|upkeep\n|turn|3\n|\n|t:|1700382732\n|switch|p1a: Heatran|Heatran, F|100\/100\n|detailschange|p2a: \u88d9\u4e0b\u4e4b\u81e3|Gardevoir-Mega, F, shiny\n|-mega|p2a: \u88d9\u4e0b\u4e4b\u81e3|Gardevoir|Gardevoirite\n|move|p2a: \u88d9\u4e0b\u4e4b\u81e3|Calm Mind|p2a: \u88d9\u4e0b\u4e4b\u81e3\n|-boost|p2a: \u88d9\u4e0b\u4e4b\u81e3|spa|1\n|-boost|p2a: \u88d9\u4e0b\u4e4b\u81e3|spd|1\n|\n|upkeep\n|turn|4\n|\n|t:|1700382740\n|switch|p1a: stickywebQAQ|Ribombee, F|100\/100\n|move|p2a: \u88d9\u4e0b\u4e4b\u81e3|Focus Blast|p1a: stickywebQAQ\n|-resisted|p1a: stickywebQAQ\n|-damage|p1a: stickywebQAQ|73\/100\n|\n|upkeep\n|turn|5\n|\n|t:|1700382745\n|move|p1a: stickywebQAQ|Sticky Web|p2a: \u88d9\u4e0b\u4e4b\u81e3\n|-sidestart|p2: As cheu|move: Sticky Web\n|move|p2a: \u88d9\u4e0b\u4e4b\u81e3|Hyper Voice|p1a: stickywebQAQ\n|-damage|p1a: stickywebQAQ|0 fnt\n|faint|p1a: stickywebQAQ\n|\n|upkeep\n|\n|t:|1700382753\n|switch|p1a: Ogerpon|Ogerpon-Wellspring, F|100\/100\n|turn|6\n|\n|t:|1700382757\n|move|p1a: Ogerpon|Ivy Cudgel|p2a: \u88d9\u4e0b\u4e4b\u81e3|[anim] Ivy Cudgel Water\n|-damage|p2a: \u88d9\u4e0b\u4e4b\u81e3|30\/100\n|move|p2a: \u88d9\u4e0b\u4e4b\u81e3|Hyper Voice|p1a: Ogerpon\n|-damage|p1a: Ogerpon|0 fnt\n|faint|p1a: Ogerpon\n|\n|upkeep\n|\n|t:|1700382760\n|switch|p1a: Enamorus|Enamorus, F|100\/100\n|turn|7\n|\n|t:|1700382763\n|move|p1a: Enamorus|Play Rough|p2a: \u88d9\u4e0b\u4e4b\u81e3\n|-damage|p2a: \u88d9\u4e0b\u4e4b\u81e3|0 fnt\n|faint|p2a: \u88d9\u4e0b\u4e4b\u81e3\n|\n|upkeep\n|\n|t:|1700382770\n|switch|p2a: Forretress|Forretress, M|100\/100\n|-activate|p2a: Forretress|move: Sticky Web\n|-unboost|p2a: Forretress|spe|1\n|turn|8\n|\n|t:|1700382778\n|move|p1a: Enamorus|Superpower|p2a: Forretress\n|-damage|p2a: Forretress|78\/100\n|-boost|p1a: Enamorus|atk|1\n|-boost|p1a: Enamorus|def|1\n|-damage|p1a: Enamorus|84\/100|[from] item: Rocky Helmet|[of] p2a: Forretress\n|move|p2a: Forretress|Rapid Spin|p1a: Enamorus\n|-damage|p1a: Enamorus|72\/100\n|-boost|p2a: Forretress|spe|1\n|-sideend|p2: As cheu|Sticky Web|[from] move: Rapid Spin|[of] p2a: Forretress\n|\n|-heal|p1a: Enamorus|79\/100|[from] item: Leftovers\n|upkeep\n|turn|9\n|\n|t:|1700382789\n|switch|p2a: Sneasler|Sneasler, M|100\/100\n|move|p1a: Enamorus|Taunt|p2a: Sneasler\n|-start|p2a: Sneasler|move: Taunt\n|\n|-heal|p1a: Enamorus|85\/100|[from] item: Leftovers\n|upkeep\n|turn|10\n|\n|t:|1700382796\n|-terastallize|p1a: Enamorus|Fighting\n|move|p2a: Sneasler|Dire Claw|p1a: Enamorus\n|-damage|p1a: Enamorus|41\/100\n|-status|p1a: Enamorus|psn\n|move|p1a: Enamorus|Play Rough|p2a: Sneasler\n|-damage|p2a: Sneasler|0 fnt\n|faint|p2a: Sneasler\n|\n|-heal|p1a: Enamorus|48\/100 psn|[from] item: Leftovers\n|-damage|p1a: Enamorus|35\/100 psn|[from] psn\n|upkeep\n|\n|t:|1700382814\n|switch|p2a: \u9b3c\u65af|Cloyster, M|100\/100\n|turn|11\n|\n|t:|1700382820\n|move|p1a: Enamorus|Taunt|p2a: \u9b3c\u65af\n|-start|p2a: \u9b3c\u65af|move: Taunt\n|cant|p2a: \u9b3c\u65af|move: Taunt|Shell Smash\n|\n|-heal|p1a: Enamorus|41\/100 psn|[from] item: Leftovers\n|-damage|p1a: Enamorus|29\/100 psn|[from] psn\n|upkeep\n|turn|12\n|\n|t:|1700382825\n|-terastallize|p2a: \u9b3c\u65af|Ice\n|move|p2a: \u9b3c\u65af|Ice Shard|p1a: Enamorus\n|-damage|p1a: Enamorus|1\/100 psn\n|move|p1a: Enamorus|Superpower|p2a: \u9b3c\u65af\n|-supereffective|p2a: \u9b3c\u65af\n|-enditem|p2a: \u9b3c\u65af|Focus Sash\n|-damage|p2a: \u9b3c\u65af|1\/100\n|-boost|p1a: Enamorus|atk|1\n|-boost|p1a: Enamorus|def|1\n|\n|-heal|p1a: Enamorus|7\/100 psn|[from] item: Leftovers\n|-damage|p1a: Enamorus|0 fnt|[from] psn\n|faint|p1a: Enamorus\n|upkeep\n|\n|t:|1700382831\n|switch|p1a: Garchomp|Garchomp, F|100\/100\n|turn|13\n|\n|t:|1700382834\n|move|p2a: \u9b3c\u65af|Ice Shard|p1a: Garchomp\n|-supereffective|p1a: Garchomp\n|-damage|p1a: Garchomp|6\/100\n|move|p1a: Garchomp|Earthquake|p2a: \u9b3c\u65af\n|-damage|p2a: \u9b3c\u65af|0 fnt\n|faint|p2a: \u9b3c\u65af\n|\n|upkeep\n|\n|t:|1700382840\n|switch|p2a: Forretress|Forretress, M|78\/100\n|turn|14\n|\n|t:|1700382844\n|move|p1a: Garchomp|Stealth Rock|p2a: Forretress\n|-sidestart|p2: As cheu|move: Stealth Rock\n|move|p2a: Forretress|Earthquake|p1a: Garchomp\n|-damage|p1a: Garchomp|0 fnt\n|faint|p1a: Garchomp\n|\n|upkeep\n|\n|t:|1700382848\n|switch|p1a: Heatran|Heatran, F|100\/100\n|turn|15\n|\n|t:|1700382852\n|move|p1a: Heatran|Magma Storm|p2a: Forretress|[miss]\n|-miss|p1a: Heatran|p2a: Forretress\n|move|p2a: Forretress|Earthquake|p1a: Heatran\n|-supereffective|p1a: Heatran\n|-damage|p1a: Heatran|32\/100\n|\n|-heal|p1a: Heatran|38\/100|[from] item: Leftovers\n|upkeep\n|turn|16\n|\n|t:|1700382860\n|switch|p2a: \u56e1\u56e1|Umbreon, F|100\/100\n|-damage|p2a: \u56e1\u56e1|88\/100|[from] Stealth Rock\n|move|p1a: Heatran|Magma Storm|p2a: \u56e1\u56e1\n|-damage|p2a: \u56e1\u56e1|57\/100\n|-activate|p2a: \u56e1\u56e1|move: Magma Storm|[of] p1a: Heatran\n|\n|-heal|p1a: Heatran|45\/100|[from] item: Leftovers\n|-heal|p2a: \u56e1\u56e1|63\/100|[from] item: Leftovers\n|-damage|p2a: \u56e1\u56e1|51\/100|[from] move: Magma Storm|[partiallytrapped]\n|upkeep\n|turn|17\n|\n|t:|1700382869\n|move|p1a: Heatran|Taunt|p2a: \u56e1\u56e1\n|-start|p2a: \u56e1\u56e1|move: Taunt\n|cant|p2a: \u56e1\u56e1|move: Taunt|Wish\n|\n|-heal|p1a: Heatran|51\/100|[from] item: Leftovers\n|-heal|p2a: \u56e1\u56e1|57\/100|[from] item: Leftovers\n|-damage|p2a: \u56e1\u56e1|45\/100|[from] move: Magma Storm|[partiallytrapped]\n|upkeep\n|turn|18\n|\n|t:|1700382872\n|move|p1a: Heatran|Protect|p1a: Heatran\n|-singleturn|p1a: Heatran|Protect\n|move|p2a: \u56e1\u56e1|Foul Play|p1a: Heatran\n|-activate|p1a: Heatran|move: Protect\n|\n|-heal|p1a: Heatran|57\/100|[from] item: Leftovers\n|-heal|p2a: \u56e1\u56e1|51\/100|[from] item: Leftovers\n|-damage|p2a: \u56e1\u56e1|38\/100|[from] move: Magma Storm|[partiallytrapped]\n|upkeep\n|turn|19\n|\n|t:|1700382875\n|switch|p1a: Tapu Lele|Tapu Lele|100\/100\n|-fieldstart|move: Psychic Terrain|[from] ability: Psychic Surge|[of] p1a: Tapu Lele\n|move|p2a: \u56e1\u56e1|Foul Play|p1a: Tapu Lele\n|-damage|p1a: Tapu Lele|65\/100\n|\n|-heal|p2a: \u56e1\u56e1|44\/100|[from] item: Leftovers\n|-end|p2a: \u56e1\u56e1|Magma Storm|[partiallytrapped]|[silent]\n|-end|p2a: \u56e1\u56e1|move: Taunt\n|upkeep\n|turn|20\n|\n|t:|1700382878\n|move|p2a: \u56e1\u56e1|Protect|p2a: \u56e1\u56e1\n|-singleturn|p2a: \u56e1\u56e1|Protect\n|move|p1a: Tapu Lele|Moonblast|p2a: \u56e1\u56e1\n|-activate|p2a: \u56e1\u56e1|move: Protect\n|\n|-heal|p2a: \u56e1\u56e1|50\/100|[from] item: Leftovers\n|upkeep\n|turn|21\n|\n|t:|1700382883\n|switch|p2a: Forretress|Forretress, M|78\/100\n|-damage|p2a: Forretress|65\/100|[from] Stealth Rock\n|move|p1a: Tapu Lele|Moonblast|p2a: Forretress\n|-resisted|p2a: Forretress\n|-damage|p2a: Forretress|21\/100\n|\n|upkeep\n|turn|22\n|\n|t:|1700382887\n|move|p1a: Tapu Lele|Moonblast|p2a: Forretress\n|-resisted|p2a: Forretress\n|-damage|p2a: Forretress|0 fnt\n|faint|p2a: Forretress\n|\n|upkeep\n|\n|t:|1700382888\n|switch|p2a: Thundurus|Thundurus-Therian, M|100\/100\n|turn|23\n|\n|t:|1700382906\n|move|p2a: Thundurus|Thunderbolt|p1a: Tapu Lele\n|-damage|p1a: Tapu Lele|7\/100\n|move|p1a: Tapu Lele|Moonblast|p2a: Thundurus\n|-damage|p2a: Thundurus|6\/100\n|\n|-fieldend|move: Psychic Terrain\n|upkeep\n|turn|24\n|\n|t:|1700382910\n|move|p2a: Thundurus|Thunderbolt|p1a: Tapu Lele\n|-damage|p1a: Tapu Lele|0 fnt\n|faint|p1a: Tapu Lele\n|\n|upkeep\n|\n|t:|1700382911\n|switch|p1a: Heatran|Heatran, F|57\/100\n|turn|25\n|\n|t:|1700382913\n|move|p1a: Heatran|Protect|p1a: Heatran\n|-singleturn|p1a: Heatran|Protect\n|move|p2a: Thundurus|Focus Blast|p1a: Heatran\n|-activate|p1a: Heatran|move: Protect\n|\n|-heal|p1a: Heatran|63\/100|[from] item: Leftovers\n|upkeep\n|turn|26\n|\n|t:|1700382923\n|move|p2a: Thundurus|Focus Blast|p1a: Heatran\n|-supereffective|p1a: Heatran\n|-damage|p1a: Heatran|0 fnt\n|faint|p1a: Heatran\n|\n|win|As cheu\n|raw|qwqwqqw's rating: 1612 &rarr; <strong>1596<\/strong><br \/>(-16 for losing)\n|raw|As cheu's rating: 1674 &rarr; <strong>1690<\/strong><br \/>(+16 for winning)\n|l|\u2606qwqwqqw\n","uploadtime":1700382958,"views":9,"p1id":"qwqwqqw","p2id":"ascheu","formatid":"gen9nationaldex","rating":1596,"private":0,"password":""}