{"id":"gen9nationaldex-1991504678","p1":"Tank Tests","p2":"Avinobellissimo","format":"[Gen 9] National Dex","log":"|j|\u2606Tank Tests\n|j|\u2606Avinobellissimo\n|t:|1700083033\n|gametype|singles\n|player|p1|Tank Tests|2|1379\n|player|p2|Avinobellissimo|volkner|1387\n|teamsize|p1|6\n|teamsize|p2|6\n|gen|9\n|tier|[Gen 9] National Dex\n|rated|\n|rule|HP Percentage Mod: HP is shown in percentages\n|rule|Endless Battle Clause: Forcing endless battles is banned\n|rule|OHKO Clause: OHKO moves are banned\n|rule|Evasion Clause: Evasion abilities, items, and moves are banned\n|rule|Evasion Abilities Clause: Evasion abilities are banned\n|rule|Evasion Items Clause: Evasion items are banned\n|rule|Evasion Moves Clause: Evasion moves are banned\n|rule|Species Clause: Limit one of each Pok\u00e9mon\n|rule|Sleep Clause Mod: Limit one foe put to sleep\n|clearpoke\n|poke|p1|Pawmot, M|\n|poke|p1|Rabsca, M|\n|poke|p1|Banette, M|\n|poke|p1|Victini|\n|poke|p1|Dragonite, M|\n|poke|p1|Forretress, F|\n|poke|p2|Raichu-Alola, M|\n|poke|p2|Iron Valiant|\n|poke|p2|Runerigus, F|\n|poke|p2|Mandibuzz, F|\n|poke|p2|Tapu Koko|\n|poke|p2|Clawitzer, M|\n|teampreview\n|inactive|Battle timer is ON: inactive players will automatically lose when time's up. (requested by Avinobellissimo)\n|\n|t:|1700083041\n|start\n|switch|p1a: Forretress|Forretress, F|100\/100\n|switch|p2a: Tapu Koko|Tapu Koko|100\/100\n|-fieldstart|move: Electric Terrain|[from] ability: Electric Surge|[of] p2a: Tapu Koko\n|turn|1\n|\n|t:|1700083045\n|move|p2a: Tapu Koko|U-turn|p1a: Forretress\n|-resisted|p1a: Forretress\n|-crit|p1a: Forretress\n|-damage|p1a: Forretress|87\/100\n|\n|t:|1700083052\n|switch|p2a: Raichu|Raichu-Alola, M|100\/100|[from] U-turn\n|move|p1a: Forretress|Stealth Rock|p2a: Raichu\n|-sidestart|p2: Avinobellissimo|move: Stealth Rock\n|\n|upkeep\n|turn|2\n|\n|t:|1700083058\n|switch|p1a: Pawmot|Pawmot, M|100\/100\n|move|p2a: Raichu|Volt Switch|p1a: Pawmot\n|-immune|p1a: Pawmot|[from] ability: Volt Absorb\n|\n|upkeep\n|turn|3\n|c|\u2606Avinobellissimo|hello again\n|\n|t:|1700083064\n|switch|p1a: Forretress|Forretress, F|87\/100\n|move|p2a: Raichu|Psychic|p1a: Forretress\n|-resisted|p1a: Forretress\n|-damage|p1a: Forretress|65\/100\n|-damage|p2a: Raichu|91\/100|[from] item: Life Orb\n|\n|upkeep\n|turn|4\n|\n|t:|1700083074\n|move|p2a: Raichu|Volt Switch|p1a: Forretress\n|-damage|p1a: Forretress|15\/100\n|-damage|p2a: Raichu|81\/100|[from] item: Life Orb\n|\n|t:|1700083078\n|switch|p2a: Runerigus|Runerigus, F|100\/100|[from] Volt Switch\n|-damage|p2a: Runerigus|94\/100|[from] Stealth Rock\n|move|p1a: Forretress|Explosion|p2a: Runerigus\n|-immune|p2a: Runerigus\n|faint|p1a: Forretress\n|\n|-heal|p2a: Runerigus|100\/100|[from] item: Leftovers\n|upkeep\n|\n|t:|1700083088\n|switch|p1a: Banette|Banette, M|100\/100\n|turn|5\n|\n|t:|1700083094\n|detailschange|p1a: Banette|Banette-Mega, M\n|-mega|p1a: Banette|Banette|Banettite\n|move|p1a: Banette|Poltergeist|p2a: Runerigus\n|-activate|p2a: Runerigus|move: Poltergeist|Leftovers\n|-supereffective|p2a: Runerigus\n|-damage|p2a: Runerigus|0 fnt\n|faint|p2a: Runerigus\n|\n|upkeep\n|\n|t:|1700083102\n|switch|p2a: Clawitzer|Clawitzer, M|100\/100\n|-damage|p2a: Clawitzer|88\/100|[from] Stealth Rock\n|turn|6\n|\n|t:|1700083106\n|move|p1a: Banette|Destiny Bond|p1a: Banette\n|-singlemove|p1a: Banette|Destiny Bond\n|move|p2a: Clawitzer|Dark Pulse|p1a: Banette\n|-supereffective|p1a: Banette\n|-damage|p1a: Banette|0 fnt\n|faint|p1a: Banette\n|-activate|p1a: Banette|move: Destiny Bond\n|faint|p2a: Clawitzer\n|\n|upkeep\n|\n|t:|1700083114\n|switch|p1a: Rabsca|Rabsca, M|100\/100\n|switch|p2a: Iron Valiant|Iron Valiant|100\/100\n|-damage|p2a: Iron Valiant|94\/100|[from] Stealth Rock\n|-activate|p2a: Iron Valiant|ability: Quark Drive\n|-start|p2a: Iron Valiant|quarkdrivespe\n|turn|7\n|\n|t:|1700083120\n|move|p2a: Iron Valiant|Moonblast|p1a: Rabsca\n|-damage|p1a: Rabsca|43\/100\n|move|p1a: Rabsca|Revival Blessing|p1a: Rabsca\n|-enditem|p1a: Rabsca|Leppa Berry|[eat]\n|-activate|p1a: Rabsca|item: Leppa Berry|Revival Blessing|[consumed]\n|\n|t:|1700083124\n|-heal|p1: Banette|50\/100|[from] move: Revival Blessing\n|\n|upkeep\n|turn|8\n|\n|t:|1700083129\n|switch|p1a: Victini|Victini|100\/100\n|move|p2a: Iron Valiant|Moonblast|p1a: Victini\n|-resisted|p1a: Victini\n|-damage|p1a: Victini|66\/100\n|-unboost|p1a: Victini|spa|1\n|\n|-fieldend|move: Electric Terrain\n|-end|p2a: Iron Valiant|Quark Drive\n|upkeep\n|turn|9\n|\n|t:|1700083136\n|-end|p2a: Iron Valiant|Quark Drive|[silent]\n|switch|p2a: Mandibuzz|Mandibuzz, F|100\/100\n|move|p1a: Victini|V-create|p2a: Mandibuzz\n|-damage|p2a: Mandibuzz|45\/100\n|-unboost|p1a: Victini|spe|1\n|-unboost|p1a: Victini|def|1\n|-unboost|p1a: Victini|spd|1\n|\n|upkeep\n|turn|10\n|\n|t:|1700083141\n|move|p1a: Victini|V-create|p2a: Mandibuzz\n|-damage|p2a: Mandibuzz|0 fnt\n|-unboost|p1a: Victini|spe|1\n|-unboost|p1a: Victini|def|1\n|-unboost|p1a: Victini|spd|1\n|faint|p2a: Mandibuzz\n|\n|upkeep\n|\n|t:|1700083146\n|switch|p2a: Tapu Koko|Tapu Koko|100\/100\n|-damage|p2a: Tapu Koko|88\/100|[from] Stealth Rock\n|-fieldstart|move: Electric Terrain|[from] ability: Electric Surge|[of] p2a: Tapu Koko\n|turn|11\n|\n|t:|1700083155\n|switch|p1a: Pawmot|Pawmot, M|100\/100\n|move|p2a: Tapu Koko|U-turn|p1a: Pawmot\n|-resisted|p1a: Pawmot\n|-damage|p1a: Pawmot|84\/100\n|\n|t:|1700083160\n|switch|p2a: Raichu|Raichu-Alola, M|81\/100|[from] U-turn\n|-damage|p2a: Raichu|68\/100|[from] Stealth Rock\n|\n|upkeep\n|turn|12\n|\n|t:|1700083169\n|switch|p1a: Victini|Victini|66\/100\n|move|p2a: Raichu|Psychic|p1a: Victini\n|-resisted|p1a: Victini\n|-damage|p1a: Victini|43\/100\n|-damage|p2a: Raichu|58\/100|[from] item: Life Orb\n|\n|upkeep\n|turn|13\n|\n|t:|1700083174\n|move|p2a: Raichu|Surf|p1a: Victini\n|-supereffective|p1a: Victini\n|-damage|p1a: Victini|0 fnt\n|faint|p1a: Victini\n|-damage|p2a: Raichu|48\/100|[from] item: Life Orb\n|\n|upkeep\n|\n|t:|1700083177\n|switch|p1a: Banette|Banette-Mega, M|50\/100\n|turn|14\n|\n|t:|1700083185\n|switch|p2a: Iron Valiant|Iron Valiant|94\/100\n|-damage|p2a: Iron Valiant|88\/100|[from] Stealth Rock\n|-activate|p2a: Iron Valiant|ability: Quark Drive\n|-start|p2a: Iron Valiant|quarkdrivespe\n|move|p1a: Banette|Destiny Bond|p1a: Banette\n|-singlemove|p1a: Banette|Destiny Bond\n|\n|upkeep\n|turn|15\n|\n|t:|1700083188\n|move|p2a: Iron Valiant|Moonblast|p1a: Banette\n|-damage|p1a: Banette|0 fnt\n|faint|p1a: Banette\n|-activate|p1a: Banette|move: Destiny Bond\n|faint|p2a: Iron Valiant\n|-end|p2a: Iron Valiant|Quark Drive|[silent]\n|\n|upkeep\n|\n|t:|1700083195\n|switch|p2a: Raichu|Raichu-Alola, M|48\/100\n|switch|p1a: Rabsca|Rabsca, M|43\/100\n|-damage|p2a: Raichu|36\/100|[from] Stealth Rock\n|turn|16\n|\n|t:|1700083200\n|switch|p1a: Pawmot|Pawmot, M|84\/100\n|move|p2a: Raichu|Volt Switch|p1a: Pawmot\n|-heal|p1a: Pawmot|100\/100|[from] ability: Volt Absorb|[of] p2a: Raichu\n|\n|upkeep\n|turn|17\n|\n|t:|1700083208\n|switch|p1a: Dragonite|Dragonite, M|100\/100\n|move|p2a: Raichu|Psychic|p1a: Dragonite\n|-damage|p1a: Dragonite|73\/100\n|-damage|p2a: Raichu|26\/100|[from] item: Life Orb\n|\n|upkeep\n|turn|18\n|\n|t:|1700083215\n|-terastallize|p1a: Dragonite|Normal\n|move|p1a: Dragonite|Extreme Speed|p2a: Raichu\n|-damage|p2a: Raichu|0 fnt\n|faint|p2a: Raichu\n|\n|-fieldend|move: Electric Terrain\n|upkeep\n|\n|t:|1700083218\n|switch|p2a: Tapu Koko|Tapu Koko|88\/100\n|-damage|p2a: Tapu Koko|76\/100|[from] Stealth Rock\n|-fieldstart|move: Electric Terrain|[from] ability: Electric Surge|[of] p2a: Tapu Koko\n|turn|19\n|\n|t:|1700083225\n|move|p2a: Tapu Koko|Wild Charge|p1a: Dragonite\n|-damage|p1a: Dragonite|11\/100\n|-damage|p2a: Tapu Koko|58\/100|[from] Recoil\n|move|p1a: Dragonite|Dragon Dance|p1a: Dragonite\n|-boost|p1a: Dragonite|atk|1\n|-boost|p1a: Dragonite|spe|1\n|\n|upkeep\n|turn|20\n|\n|t:|1700083229\n|move|p2a: Tapu Koko|U-turn|p1a: Dragonite\n|-damage|p1a: Dragonite|0 fnt\n|faint|p1a: Dragonite\n|\n|upkeep\n|\n|t:|1700083233\n|switch|p1a: Pawmot|Pawmot, M|100\/100\n|turn|21\n|\n|t:|1700083237\n|move|p2a: Tapu Koko|Brave Bird|p1a: Pawmot\n|-damage|p1a: Pawmot|36\/100\n|-damage|p2a: Tapu Koko|37\/100|[from] Recoil\n|move|p1a: Pawmot|Revival Blessing|p1a: Pawmot\n|-enditem|p1a: Pawmot|Leppa Berry|[eat]\n|-activate|p1a: Pawmot|item: Leppa Berry|Revival Blessing|[consumed]\n|\n|t:|1700083242\n|-heal|p1: Dragonite|50\/100|[from] move: Revival Blessing\n|\n|upkeep\n|turn|22\n|\n|t:|1700083246\n|move|p2a: Tapu Koko|Brave Bird|p1a: Pawmot\n|-damage|p1a: Pawmot|0 fnt\n|faint|p1a: Pawmot\n|-damage|p2a: Tapu Koko|25\/100|[from] Recoil\n|\n|upkeep\n|\n|t:|1700083248\n|switch|p1a: Dragonite|Dragonite, M|50\/100\n|turn|23\n|\n|t:|1700083251\n|-terastallize|p2a: Tapu Koko|Electric\n|move|p1a: Dragonite|Extreme Speed|p2a: Tapu Koko\n|-damage|p2a: Tapu Koko|0 fnt\n|faint|p2a: Tapu Koko\n|\n|win|Tank Tests\n|raw|Tank Tests's rating: 1379 &rarr; <strong>1399<\/strong><br \/>(+20 for winning)\n|raw|Avinobellissimo's rating: 1387 &rarr; <strong>1367<\/strong><br \/>(-20 for losing)\n|l|\u2606Avinobellissimo\n|c|\u2606Tank Tests|gg\n","uploadtime":1700083265,"views":14,"p1id":"tanktests","p2id":"avinobellissimo","formatid":"gen9nationaldex","rating":1367,"private":0,"password":""}