{"id":"gen9nationaldex-1999263149","p1":"Yalpur","p2":"DLying","format":"[Gen 9] National Dex","log":"|html|<div class=\"broadcast-blue\"><strong>[Gen 9] National Dex is currently suspecting Sneasler! For information on how to participate check out the <a href=\"https:\/\/www.smogon.com\/forums\/threads\/sv-national-dex-suspect-8-just-dance.3731534\/\">suspect thread<\/a>.<\/strong><\/div>\n|j|\u2606Yalpur\n|j|\u2606DLying\n|t:|1701052303\n|gametype|singles\n|player|p1|Yalpur|1|1693\n|player|p2|DLying|266|1566\n|teamsize|p1|6\n|teamsize|p2|6\n|gen|9\n|tier|[Gen 9] National Dex\n|rated|\n|rule|HP Percentage Mod: HP is shown in percentages\n|rule|Endless Battle Clause: Forcing endless battles is banned\n|rule|OHKO Clause: OHKO moves are banned\n|rule|Evasion Clause: Evasion abilities, items, and moves are banned\n|rule|Evasion Abilities Clause: Evasion abilities are banned\n|rule|Evasion Items Clause: Evasion items are banned\n|rule|Evasion Moves Clause: Evasion moves are banned\n|rule|Species Clause: Limit one of each Pok\u00e9mon\n|rule|Sleep Clause Mod: Limit one foe put to sleep\n|clearpoke\n|poke|p1|Tapu Koko|\n|poke|p1|Iron Hands|\n|poke|p1|Iron Valiant|\n|poke|p1|Hatterene, F|\n|poke|p1|Medicham, M|\n|poke|p1|Raichu-Alola, F|\n|poke|p2|Sableye, M|\n|poke|p2|Blaziken, F|\n|poke|p2|Garganacl, M|\n|poke|p2|Dondozo, F|\n|poke|p2|Toxapex, M|\n|poke|p2|Gliscor, M|\n|teampreview\n|\n|t:|1701052311\n|start\n|switch|p1a: Tapu Koko|Tapu Koko|100\/100\n|switch|p2a: \u53d7\u961f\u961f\u957f\u6076\u9b3c\u692a|Sableye, M, shiny|100\/100\n|-fieldstart|move: Electric Terrain|[from] ability: Electric Surge|[of] p1a: Tapu Koko\n|turn|1\n|\n|t:|1701052326\n|detailschange|p2a: \u53d7\u961f\u961f\u957f\u6076\u9b3c\u692a|Sableye-Mega, M, shiny\n|-mega|p2a: \u53d7\u961f\u961f\u957f\u6076\u9b3c\u692a|Sableye|Sablenite\n|move|p1a: Tapu Koko|U-turn|p2a: \u53d7\u961f\u961f\u957f\u6076\u9b3c\u692a\n|-damage|p2a: \u53d7\u961f\u961f\u957f\u6076\u9b3c\u692a|86\/100\n|\n|t:|1701052331\n|switch|p1a: Hatterene|Hatterene, F|100\/100|[from] U-turn\n|move|p2a: \u53d7\u961f\u961f\u957f\u6076\u9b3c\u692a|Knock Off|p1a: Hatterene\n|-damage|p1a: Hatterene|71\/100\n|-enditem|p1a: Hatterene|Eject Button|[from] move: Knock Off|[of] p2a: \u53d7\u961f\u961f\u957f\u6076\u9b3c\u692a\n|\n|upkeep\n|turn|2\n|\n|t:|1701052366\n|switch|p2a: MEGA\u76d0\u6bbf\u5c45\u87f9|Garganacl, M|100\/100\n|move|p1a: Hatterene|Mystical Fire|p2a: MEGA\u76d0\u6bbf\u5c45\u87f9\n|-resisted|p2a: MEGA\u76d0\u6bbf\u5c45\u87f9\n|-crit|p2a: MEGA\u76d0\u6bbf\u5c45\u87f9\n|-damage|p2a: MEGA\u76d0\u6bbf\u5c45\u87f9|89\/100\n|-unboost|p2a: MEGA\u76d0\u6bbf\u5c45\u87f9|spa|1\n|\n|-heal|p2a: MEGA\u76d0\u6bbf\u5c45\u87f9|95\/100|[from] item: Leftovers\n|upkeep\n|turn|3\n|\n|t:|1701052375\n|switch|p1a: Medicham|Medicham, M|100\/100\n|move|p2a: MEGA\u76d0\u6bbf\u5c45\u87f9|Salt Cure|p1a: Medicham\n|-resisted|p1a: Medicham\n|-damage|p1a: Medicham|89\/100\n|-start|p1a: Medicham|Salt Cure\n|\n|-heal|p2a: MEGA\u76d0\u6bbf\u5c45\u87f9|100\/100|[from] item: Leftovers\n|-damage|p1a: Medicham|76\/100|[from] Salt Cure\n|upkeep\n|turn|4\n|\n|t:|1701052387\n|switch|p1a: Iron Valiant|Iron Valiant|100\/100\n|-activate|p1a: Iron Valiant|ability: Quark Drive\n|-start|p1a: Iron Valiant|quarkdrivespe\n|move|p2a: MEGA\u76d0\u6bbf\u5c45\u87f9|Protect||[still]\n|-fail|p2a: MEGA\u76d0\u6bbf\u5c45\u87f9\n|\n|upkeep\n|turn|5\n|\n|t:|1701052398\n|-terastallize|p1a: Iron Valiant|Fairy\n|move|p2a: MEGA\u76d0\u6bbf\u5c45\u87f9|Protect|p2a: MEGA\u76d0\u6bbf\u5c45\u87f9\n|-singleturn|p2a: MEGA\u76d0\u6bbf\u5c45\u87f9|Protect\n|move|p1a: Iron Valiant|Moonblast|p2a: MEGA\u76d0\u6bbf\u5c45\u87f9\n|-activate|p2a: MEGA\u76d0\u6bbf\u5c45\u87f9|move: Protect\n|\n|upkeep\n|turn|6\n|\n|t:|1701052413\n|move|p1a: Iron Valiant|Moonblast|p2a: MEGA\u76d0\u6bbf\u5c45\u87f9\n|-damage|p2a: MEGA\u76d0\u6bbf\u5c45\u87f9|43\/100\n|-damage|p1a: Iron Valiant|91\/100|[from] item: Life Orb\n|move|p2a: MEGA\u76d0\u6bbf\u5c45\u87f9|Salt Cure|p1a: Iron Valiant\n|-damage|p1a: Iron Valiant|73\/100\n|-start|p1a: Iron Valiant|Salt Cure\n|\n|-heal|p2a: MEGA\u76d0\u6bbf\u5c45\u87f9|50\/100|[from] item: Leftovers\n|-damage|p1a: Iron Valiant|60\/100|[from] Salt Cure\n|upkeep\n|turn|7\n|\n|t:|1701052429\n|-end|p1a: Iron Valiant|Quark Drive|[silent]\n|switch|p1a: Medicham|Medicham, M|76\/100\n|move|p2a: MEGA\u76d0\u6bbf\u5c45\u87f9|Protect||[still]\n|-fail|p2a: MEGA\u76d0\u6bbf\u5c45\u87f9\n|\n|-heal|p2a: MEGA\u76d0\u6bbf\u5c45\u87f9|56\/100|[from] item: Leftovers\n|upkeep\n|turn|8\n|\n|t:|1701052443\n|detailschange|p1a: Medicham|Medicham-Mega, M\n|-mega|p1a: Medicham|Medicham|Medichamite\n|move|p2a: MEGA\u76d0\u6bbf\u5c45\u87f9|Protect|p2a: MEGA\u76d0\u6bbf\u5c45\u87f9\n|-singleturn|p2a: MEGA\u76d0\u6bbf\u5c45\u87f9|Protect\n|move|p1a: Medicham|Close Combat|p2a: MEGA\u76d0\u6bbf\u5c45\u87f9\n|-activate|p2a: MEGA\u76d0\u6bbf\u5c45\u87f9|move: Protect\n|\n|-heal|p2a: MEGA\u76d0\u6bbf\u5c45\u87f9|62\/100|[from] item: Leftovers\n|-fieldend|move: Electric Terrain\n|upkeep\n|turn|9\n|\n|t:|1701052452\n|switch|p1a: Iron Valiant|Iron Valiant, tera:Fairy|60\/100\n|switch|p2a: \u6bd2\u7597\u9664\u96fe\u571f\u5730\u4e91|Gliscor, M|100\/100\n|\n|-status|p2a: \u6bd2\u7597\u9664\u96fe\u571f\u5730\u4e91|tox|[from] item: Toxic Orb\n|upkeep\n|turn|10\n|\n|t:|1701052460\n|move|p1a: Iron Valiant|Moonblast|p2a: \u6bd2\u7597\u9664\u96fe\u571f\u5730\u4e91\n|-damage|p2a: \u6bd2\u7597\u9664\u96fe\u571f\u5730\u4e91|0 fnt\n|faint|p2a: \u6bd2\u7597\u9664\u96fe\u571f\u5730\u4e91\n|-damage|p1a: Iron Valiant|51\/100|[from] item: Life Orb\n|\n|upkeep\n|\n|t:|1701052470\n|switch|p2a: \u6211\u5728\u53d7\u961f\u5f53\u95f4\u8c0d|Blaziken, F|100\/100\n|turn|11\n|\n|t:|1701052479\n|-end|p1a: Iron Valiant|Quark Drive|[silent]\n|switch|p1a: Tapu Koko|Tapu Koko|100\/100\n|-fieldstart|move: Electric Terrain|[from] ability: Electric Surge|[of] p1a: Tapu Koko\n|move|p2a: \u6211\u5728\u53d7\u961f\u5f53\u95f4\u8c0d|Swords Dance|p2a: \u6211\u5728\u53d7\u961f\u5f53\u95f4\u8c0d\n|-boost|p2a: \u6211\u5728\u53d7\u961f\u5f53\u95f4\u8c0d|atk|2\n|\n|-ability|p2a: \u6211\u5728\u53d7\u961f\u5f53\u95f4\u8c0d|Speed Boost|boost\n|-boost|p2a: \u6211\u5728\u53d7\u961f\u5f53\u95f4\u8c0d|spe|1\n|upkeep\n|turn|12\n|\n|t:|1701052491\n|move|p1a: Tapu Koko|Brave Bird|p2a: \u6211\u5728\u53d7\u961f\u5f53\u95f4\u8c0d\n|-supereffective|p2a: \u6211\u5728\u53d7\u961f\u5f53\u95f4\u8c0d\n|-damage|p2a: \u6211\u5728\u53d7\u961f\u5f53\u95f4\u8c0d|0 fnt\n|faint|p2a: \u6211\u5728\u53d7\u961f\u5f53\u95f4\u8c0d\n|-damage|p1a: Tapu Koko|65\/100|[from] Recoil\n|\n|upkeep\n|\n|t:|1701052507\n|switch|p2a: MEGA\u76d0\u6bbf\u5c45\u87f9|Garganacl, M|62\/100\n|turn|13\n|\n|t:|1701052517\n|move|p1a: Tapu Koko|U-turn|p2a: MEGA\u76d0\u6bbf\u5c45\u87f9\n|-damage|p2a: MEGA\u76d0\u6bbf\u5c45\u87f9|46\/100\n|\n|t:|1701052527\n|switch|p1a: Raichu|Raichu-Alola, F|100\/100|[from] U-turn\n|move|p2a: MEGA\u76d0\u6bbf\u5c45\u87f9|Salt Cure|p1a: Raichu\n|-damage|p1a: Raichu|74\/100\n|-start|p1a: Raichu|Salt Cure\n|\n|-heal|p2a: MEGA\u76d0\u6bbf\u5c45\u87f9|52\/100|[from] item: Leftovers\n|-damage|p1a: Raichu|61\/100|[from] Salt Cure\n|upkeep\n|turn|14\n|\n|t:|1701052533\n|move|p2a: MEGA\u76d0\u6bbf\u5c45\u87f9|Protect|p2a: MEGA\u76d0\u6bbf\u5c45\u87f9\n|-singleturn|p2a: MEGA\u76d0\u6bbf\u5c45\u87f9|Protect\n|move|p1a: Raichu|Rising Voltage|p2a: MEGA\u76d0\u6bbf\u5c45\u87f9\n|-activate|p2a: MEGA\u76d0\u6bbf\u5c45\u87f9|move: Protect\n|\n|-heal|p2a: MEGA\u76d0\u6bbf\u5c45\u87f9|58\/100|[from] item: Leftovers\n|-damage|p1a: Raichu|49\/100|[from] Salt Cure\n|upkeep\n|turn|15\n|\n|t:|1701052545\n|move|p1a: Raichu|Rising Voltage|p2a: MEGA\u76d0\u6bbf\u5c45\u87f9\n|-hint|Rising Voltage's BP doubled on grounded target.\n|-crit|p2a: MEGA\u76d0\u6bbf\u5c45\u87f9\n|-damage|p2a: MEGA\u76d0\u6bbf\u5c45\u87f9|0 fnt\n|faint|p2a: MEGA\u76d0\u6bbf\u5c45\u87f9\n|-damage|p1a: Raichu|40\/100|[from] item: Life Orb\n|\n|-damage|p1a: Raichu|27\/100|[from] Salt Cure\n|upkeep\n|\n|t:|1701052552\n|switch|p2a: \u53d7\u961f\u961f\u957f\u6076\u9b3c\u692a|Sableye-Mega, M, shiny|86\/100\n|turn|16\n|\n|t:|1701052560\n|switch|p1a: Iron Valiant|Iron Valiant, tera:Fairy|51\/100\n|-activate|p1a: Iron Valiant|ability: Quark Drive\n|-start|p1a: Iron Valiant|quarkdrivespe\n|move|p2a: \u53d7\u961f\u961f\u957f\u6076\u9b3c\u692a|Protect||[still]\n|-fail|p2a: \u53d7\u961f\u961f\u957f\u6076\u9b3c\u692a\n|\n|upkeep\n|turn|17\n|\n|t:|1701052569\n|switch|p2a: \u518d\u751f\u529b\u6bd2\u523a\u6c34\u6bcd|Toxapex, M|100\/100\n|move|p1a: Iron Valiant|Moonblast|p2a: \u518d\u751f\u529b\u6bd2\u523a\u6c34\u6bcd\n|-resisted|p2a: \u518d\u751f\u529b\u6bd2\u523a\u6c34\u6bcd\n|-damage|p2a: \u518d\u751f\u529b\u6bd2\u523a\u6c34\u6bcd|76\/100\n|-damage|p1a: Iron Valiant|41\/100|[from] item: Life Orb\n|\n|upkeep\n|turn|18\n|\n|t:|1701052572\n|move|p1a: Iron Valiant|Thunderbolt|p2a: \u518d\u751f\u529b\u6bd2\u523a\u6c34\u6bcd\n|-supereffective|p2a: \u518d\u751f\u529b\u6bd2\u523a\u6c34\u6bcd\n|-damage|p2a: \u518d\u751f\u529b\u6bd2\u523a\u6c34\u6bcd|12\/100\n|-damage|p1a: Iron Valiant|31\/100|[from] item: Life Orb\n|move|p2a: \u518d\u751f\u529b\u6bd2\u523a\u6c34\u6bcd|Toxic Spikes|p1a: Iron Valiant\n|-sidestart|p1: Yalpur|move: Toxic Spikes\n|\n|-fieldend|move: Electric Terrain\n|-end|p1a: Iron Valiant|Quark Drive\n|upkeep\n|turn|19\n|\n|t:|1701052582\n|switch|p2a: \u53d7\u961f\u961f\u957f\u6076\u9b3c\u692a|Sableye-Mega, M, shiny|86\/100\n|move|p1a: Iron Valiant|Moonblast|p2a: \u53d7\u961f\u961f\u957f\u6076\u9b3c\u692a\n|-supereffective|p2a: \u53d7\u961f\u961f\u957f\u6076\u9b3c\u692a\n|-damage|p2a: \u53d7\u961f\u961f\u957f\u6076\u9b3c\u692a|0 fnt\n|faint|p2a: \u53d7\u961f\u961f\u957f\u6076\u9b3c\u692a\n|-damage|p1a: Iron Valiant|22\/100|[from] item: Life Orb\n|\n|upkeep\n|\n|t:|1701052584\n|switch|p2a: \u518d\u751f\u529b\u6bd2\u523a\u6c34\u6bcd|Toxapex, M|46\/100\n|turn|20\n|\n|t:|1701052604\n|switch|p2a: \u5de8\u5927\u95ea\u5149\u9cb6\u9c7c\u738b|Dondozo, F|100\/100\n|move|p1a: Iron Valiant|Thunderbolt|p2a: \u5de8\u5927\u95ea\u5149\u9cb6\u9c7c\u738b\n|-supereffective|p2a: \u5de8\u5927\u95ea\u5149\u9cb6\u9c7c\u738b\n|-damage|p2a: \u5de8\u5927\u95ea\u5149\u9cb6\u9c7c\u738b|35\/100\n|-damage|p1a: Iron Valiant|12\/100|[from] item: Life Orb\n|\n|-heal|p2a: \u5de8\u5927\u95ea\u5149\u9cb6\u9c7c\u738b|41\/100|[from] item: Leftovers\n|upkeep\n|turn|21\n|\n|t:|1701052613\n|move|p1a: Iron Valiant|Moonblast|p2a: \u5de8\u5927\u95ea\u5149\u9cb6\u9c7c\u738b\n|-damage|p2a: \u5de8\u5927\u95ea\u5149\u9cb6\u9c7c\u738b|0 fnt\n|faint|p2a: \u5de8\u5927\u95ea\u5149\u9cb6\u9c7c\u738b\n|-damage|p1a: Iron Valiant|2\/100|[from] item: Life Orb\n|\n|upkeep\n|\n|t:|1701052616\n|switch|p2a: \u518d\u751f\u529b\u6bd2\u523a\u6c34\u6bcd|Toxapex, M|79\/100\n|turn|22\n|\n|t:|1701052626\n|-terastallize|p2a: \u518d\u751f\u529b\u6bd2\u523a\u6c34\u6bcd|Fairy\n|move|p1a: Iron Valiant|Psyshock|p2a: \u518d\u751f\u529b\u6bd2\u523a\u6c34\u6bcd\n|-damage|p2a: \u518d\u751f\u529b\u6bd2\u523a\u6c34\u6bcd|53\/100\n|-damage|p1a: Iron Valiant|0 fnt|[from] item: Life Orb\n|faint|p1a: Iron Valiant\n|-end|p1a: Iron Valiant|Quark Drive|[silent]\n|move|p2a: \u518d\u751f\u529b\u6bd2\u523a\u6c34\u6bcd|Toxic Spikes|p1: Iron Valiant\n|-sidestart|p1: Yalpur|move: Toxic Spikes\n|\n|upkeep\n|\n|t:|1701052640\n|switch|p1a: Tapu Koko|Tapu Koko|65\/100\n|-status|p1a: Tapu Koko|tox\n|-fieldstart|move: Electric Terrain|[from] ability: Electric Surge|[of] p1a: Tapu Koko\n|turn|23\n|\n|t:|1701052649\n|move|p1a: Tapu Koko|Wild Charge|p2a: \u518d\u751f\u529b\u6bd2\u523a\u6c34\u6bcd\n|-damage|p2a: \u518d\u751f\u529b\u6bd2\u523a\u6c34\u6bcd|12\/100\n|-damage|p1a: Tapu Koko|54\/100 tox|[from] Recoil\n|move|p2a: \u518d\u751f\u529b\u6bd2\u523a\u6c34\u6bcd|Recover|p2a: \u518d\u751f\u529b\u6bd2\u523a\u6c34\u6bcd\n|-heal|p2a: \u518d\u751f\u529b\u6bd2\u523a\u6c34\u6bcd|62\/100\n|\n|-damage|p1a: Tapu Koko|48\/100 tox|[from] psn\n|upkeep\n|turn|24\n|\n|t:|1701052665\n|move|p1a: Tapu Koko|U-turn|p2a: \u518d\u751f\u529b\u6bd2\u523a\u6c34\u6bcd\n|-resisted|p2a: \u518d\u751f\u529b\u6bd2\u523a\u6c34\u6bcd\n|-damage|p2a: \u518d\u751f\u529b\u6bd2\u523a\u6c34\u6bcd|53\/100\n|\n|t:|1701052669\n|switch|p1a: Iron Hands|Iron Hands|100\/100|[from] U-turn\n|-status|p1a: Iron Hands|tox\n|-activate|p1a: Iron Hands|ability: Quark Drive\n|-start|p1a: Iron Hands|quarkdriveatk\n|move|p2a: \u518d\u751f\u529b\u6bd2\u523a\u6c34\u6bcd|Recover|p2a: \u518d\u751f\u529b\u6bd2\u523a\u6c34\u6bcd\n|-heal|p2a: \u518d\u751f\u529b\u6bd2\u523a\u6c34\u6bcd|100\/100\n|\n|-damage|p1a: Iron Hands|94\/100 tox|[from] psn\n|upkeep\n|turn|25\n|\n|t:|1701052676\n|move|p1a: Iron Hands|Swords Dance|p1a: Iron Hands\n|-boost|p1a: Iron Hands|atk|2\n|move|p2a: \u518d\u751f\u529b\u6bd2\u523a\u6c34\u6bcd|Scald|p1a: Iron Hands\n|-damage|p1a: Iron Hands|83\/100 tox\n|\n|-damage|p1a: Iron Hands|71\/100 tox|[from] psn\n|upkeep\n|turn|26\n|\n|t:|1701052679\n|-zpower|p1a: Iron Hands\n|move|p1a: Iron Hands|Gigavolt Havoc|p2a: \u518d\u751f\u529b\u6bd2\u523a\u6c34\u6bcd|[zeffect]\n|-damage|p2a: \u518d\u751f\u529b\u6bd2\u523a\u6c34\u6bcd|0 fnt\n|faint|p2a: \u518d\u751f\u529b\u6bd2\u523a\u6c34\u6bcd\n|\n|win|Yalpur\n|raw|Yalpur's rating: 1693 &rarr; <strong>1706<\/strong><br \/>(+13 for winning)\n|raw|DLying's rating: 1566 &rarr; <strong>1553<\/strong><br \/>(-13 for losing)\n|l|\u2606DLying\n","uploadtime":1701052688,"views":1,"p1id":"yalpur","p2id":"dlying","formatid":"gen9nationaldex","rating":1553,"private":0,"password":""}