{"id":"gen9nationaldex-1998772124","p1":"Oculars\u2655","p2":"Velcroc","format":"[Gen 9] National Dex","log":"|html|<div class=\"broadcast-blue\"><strong>[Gen 9] National Dex is currently suspecting Sneasler! For information on how to participate check out the <a href=\"https:\/\/www.smogon.com\/forums\/threads\/sv-national-dex-suspect-8-just-dance.3731534\/\">suspect thread<\/a>.<\/strong><\/div>\n|j|\u2606Oculars\u2655\n|j|\u2606Velcroc\n|inactive|Battle timer is ON: inactive players will automatically lose when time's up.\n|t:|1700987593\n|gametype|singles\n|player|p1|Oculars\u2655|lusamine-nihilego|\n|player|p2|Velcroc|theroyal|\n|teamsize|p1|6\n|teamsize|p2|6\n|gen|9\n|tier|[Gen 9] National Dex\n|rated|Tournament battle\n|rule|HP Percentage Mod: HP is shown in percentages\n|rule|Endless Battle Clause: Forcing endless battles is banned\n|rule|OHKO Clause: OHKO moves are banned\n|rule|Evasion Clause: Evasion abilities, items, and moves are banned\n|rule|Evasion Abilities Clause: Evasion abilities are banned\n|rule|Evasion Items Clause: Evasion items are banned\n|rule|Evasion Moves Clause: Evasion moves are banned\n|rule|Species Clause: Limit one of each Pok\u00e9mon\n|rule|Sleep Clause Mod: Limit one foe put to sleep\n|clearpoke\n|poke|p1|Grimmsnarl, M|\n|poke|p1|Ursaluna, M|\n|poke|p1|Sneasler, M|\n|poke|p1|Tapu Lele|\n|poke|p1|Tornadus-Therian, M|\n|poke|p1|Gyarados, M|\n|poke|p2|Slowking-Galar, F|\n|poke|p2|Landorus-Therian, M|\n|poke|p2|Ogerpon-Wellspring, F|\n|poke|p2|Lopunny, M|\n|poke|p2|Moltres|\n|poke|p2|Kyurem|\n|teampreview\n|c|\u2606Velcroc|hf\n|c|\u2606Oculars\u2655|u2\n|inactive|Velcroc has 120 seconds left.\n|\n|t:|1700987636\n|start\n|switch|p1a: ayvery irl|Grimmsnarl, M, shiny|100\/100\n|switch|p2a: Eddy|Lopunny, M|100\/100\n|turn|1\n|j| bingo bronson\n|c|\u2606Oculars\u2655|should of brought shiesty zama sight zydog sight 6-0 every sample team webs\n|\n|t:|1700987645\n|detailschange|p2a: Eddy|Lopunny-Mega, M\n|-mega|p2a: Eddy|Lopunny|Lopunnite\n|move|p2a: Eddy|Fake Out|p1a: ayvery irl\n|-damage|p1a: ayvery irl|82\/100\n|cant|p1a: ayvery irl|flinch\n|\n|upkeep\n|turn|2\n|\n|t:|1700987652\n|move|p1a: ayvery irl|Thunder Wave|p2a: Eddy\n|-status|p2a: Eddy|par\n|move|p2a: Eddy|U-turn|p1a: ayvery irl\n|-damage|p1a: ayvery irl|60\/100\n|\n|t:|1700987656\n|switch|p2a: Edward|Landorus-Therian, M|100\/100|[from] U-turn\n|-ability|p2a: Edward|Intimidate|boost\n|-unboost|p1a: ayvery irl|atk|1\n|\n|upkeep\n|turn|3\n|\n|t:|1700987680\n|move|p1a: ayvery irl|Taunt|p2a: Edward\n|-start|p2a: Edward|move: Taunt\n|move|p2a: Edward|Earthquake|p1a: ayvery irl\n|-damage|p1a: ayvery irl|24\/100\n|\n|upkeep\n|turn|4\n|\n|t:|1700987684\n|move|p1a: ayvery irl|Reflect|p1a: ayvery irl\n|-sidestart|p1: Oculars\u2655|Reflect\n|move|p2a: Edward|Earthquake|p1a: ayvery irl\n|-damage|p1a: ayvery irl|5\/100\n|\n|upkeep\n|turn|5\n|\n|t:|1700987691\n|move|p1a: ayvery irl|Light Screen|p1a: ayvery irl\n|-sidestart|p1: Oculars\u2655|move: Light Screen\n|move|p2a: Edward|U-turn|p1a: ayvery irl\n|-damage|p1a: ayvery irl|0 fnt\n|faint|p1a: ayvery irl\n|\n|t:|1700987698\n|switch|p2a: Edmond|Moltres|100\/100|[from] U-turn\n|\n|upkeep\n|\n|t:|1700987702\n|switch|p1a: Sub Sandwich|Gyarados, M|100\/100\n|-ability|p1a: Sub Sandwich|Intimidate|boost\n|-unboost|p2a: Edmond|atk|1\n|turn|6\n|c|\u2606Oculars\u2655|!dt gholdengo\n|raw|<div class=\"message\"><ul class=\"utilichart\"><li class=\"result\"><span class=\"col numcol\">Uber<\/span> <span class=\"col iconcol\"><psicon pokemon=\"gholdengo\"\/><\/span> <span class=\"col pokemonnamecol\" style=\"white-space:nowrap\"><a href=\"https:\/\/dex.pokemonshowdown.com\/pokemon\/gholdengo\" target=\"_blank\">Gholdengo<\/a><\/span> <span class=\"col typecol\"><img src=\"https:\/\/play.pokemonshowdown.com\/sprites\/types\/Steel.png\" alt=\"Steel\" height=\"14\" width=\"32\"><img src=\"https:\/\/play.pokemonshowdown.com\/sprites\/types\/Ghost.png\" alt=\"Ghost\" height=\"14\" width=\"32\"><\/span> <span style=\"float:left;min-height:26px\"><span class=\"col abilitycol\">Good as Gold<\/span><span class=\"col abilitycol\"><\/span><\/span><span style=\"float:left;min-height:26px\"><span class=\"col statcol\"><em>HP<\/em><br \/>87<\/span> <span class=\"col statcol\"><em>Atk<\/em><br \/>60<\/span> <span class=\"col statcol\"><em>Def<\/em><br \/>95<\/span> <span class=\"col statcol\"><em>SpA<\/em><br \/>133<\/span> <span class=\"col statcol\"><em>SpD<\/em><br \/>91<\/span> <span class=\"col statcol\"><em>Spe<\/em><br \/>84<\/span> <span class=\"col bstcol\"><em>BST<br \/>550<\/em><\/span> <\/span><\/li><li style=\"clear:both\"><\/li><\/ul><\/div>\n|raw|<font size=\"1\"><font color=\"#686868\">Dex#:<\/font> 1000&nbsp;|&ThickSpace;<font color=\"#686868\">Gen:<\/font> 9&nbsp;|&ThickSpace;<font color=\"#686868\">Height:<\/font> 1.2 m&nbsp;|&ThickSpace;<font color=\"#686868\">Weight:<\/font> 30 kg <em>(60 BP)<\/em>&nbsp;|&ThickSpace;<font color=\"#686868\">Dex Colour:<\/font> Yellow&nbsp;|&ThickSpace;<font color=\"#686868\">Egg Group(s):<\/font> Undiscovered&nbsp;|&ThickSpace;<font color=\"#686868\">Pre-Evolution:<\/font> Gimmighoul&nbsp;|&ThickSpace;<font color=\"#686868\">Does Not Evolve<\/font><\/font>\n\n|c|\u2606Oculars\u2655|bro is in ubers now\n|inactive|Velcroc has 120 seconds left.\n|j| The power of ROCK\n|inactive|Velcroc has 90 seconds left.\n|\n|t:|1700987770\n|switch|p2a: Edward|Landorus-Therian, M|100\/100\n|-ability|p2a: Edward|Intimidate|boost\n|-unboost|p1a: Sub Sandwich|atk|1\n|move|p1a: Sub Sandwich|Taunt|p2a: Edward\n|-start|p2a: Edward|move: Taunt\n|\n|upkeep\n|turn|7\n|inactive|Velcroc has 90 seconds left.\n|\n|t:|1700987778\n|switch|p2a: Edd|Ogerpon-Wellspring, F|100\/100\n|move|p1a: Sub Sandwich|Dragon Dance|p1a: Sub Sandwich\n|-boost|p1a: Sub Sandwich|atk|1\n|-boost|p1a: Sub Sandwich|spe|1\n|\n|upkeep\n|turn|8\n|inactive|Velcroc has 90 seconds left.\n|\n|t:|1700987791\n|-terastallize|p2a: Edd|Water\n|detailschange|p2a: Edd|Ogerpon-Wellspring-Tera, F, tera:Water\n|-ability|p2a: Edd|Embody Aspect (Wellspring)|boost\n|-boost|p2a: Edd|spd|1\n|move|p1a: Sub Sandwich|Taunt|p2a: Edd\n|-start|p2a: Edd|move: Taunt\n|move|p2a: Edd|Power Whip|p1a: Sub Sandwich\n|-damage|p1a: Sub Sandwich|59\/100\n|\n|upkeep\n|turn|9\n|inactive|Velcroc has 90 seconds left.\n|c|\u2606Oculars\u2655|bro is so much spdef\n|\n|t:|1700987826\n|switch|p2a: Edwin|Kyurem|100\/100\n|-ability|p2a: Edwin|Pressure\n|move|p1a: Sub Sandwich|Dragon Dance|p1a: Sub Sandwich\n|-boost|p1a: Sub Sandwich|atk|1\n|-boost|p1a: Sub Sandwich|spe|1\n|\n|upkeep\n|turn|10\n|\n|t:|1700987836\n|detailschange|p1a: Sub Sandwich|Gyarados-Mega, M\n|-mega|p1a: Sub Sandwich|Gyarados|Gyaradosite\n|-ability|p1a: Sub Sandwich|Mold Breaker\n|move|p1a: Sub Sandwich|Crunch|p2a: Edwin\n|-damage|p2a: Edwin|35\/100\n|move|p2a: Edwin|Freeze-Dry|p1a: Sub Sandwich\n|-supereffective|p1a: Sub Sandwich\n|-damage|p1a: Sub Sandwich|28\/100\n|\n|upkeep\n|turn|11\n|\n|t:|1700987850\n|switch|p2a: Edward|Landorus-Therian, M|100\/100\n|-ability|p2a: Edward|Intimidate|boost\n|-unboost|p1a: Sub Sandwich|atk|1\n|move|p1a: Sub Sandwich|Crunch|p2a: Edward\n|-damage|p2a: Edward|68\/100\n|-damage|p1a: Sub Sandwich|12\/100|[from] item: Rocky Helmet|[of] p2a: Edward\n|\n|-sideend|p1: Oculars\u2655|Reflect\n|upkeep\n|turn|12\n|\n|t:|1700987866\n|switch|p2a: Edwin|Kyurem|35\/100\n|-ability|p2a: Edwin|Pressure\n|move|p1a: Sub Sandwich|Crunch|p2a: Edwin\n|-damage|p2a: Edwin|0 fnt\n|faint|p2a: Edwin\n|\n|-sideend|p1: Oculars\u2655|move: Light Screen\n|upkeep\n|\n|t:|1700987868\n|switch|p2a: Eddy|Lopunny-Mega, M|100\/100 par\n|turn|13\n|\n|t:|1700987879\n|move|p2a: Eddy|Fake Out|p1a: Sub Sandwich\n|-damage|p1a: Sub Sandwich|0 fnt\n|faint|p1a: Sub Sandwich\n|\n|upkeep\n|\n|t:|1700987881\n|switch|p1a: adem bird|Tornadus-Therian, M|100\/100\n|turn|14\n|\n|t:|1700987888\n|switch|p2a: Ed|Slowking-Galar, F|100\/100\n|move|p1a: adem bird|Nasty Plot|p1a: adem bird\n|-boost|p1a: adem bird|spa|2\n|\n|upkeep\n|turn|15\n|\n|t:|1700987896\n|-zpower|p1a: adem bird\n|move|p1a: adem bird|Supersonic Skystrike|p2a: Ed|[zeffect]\n|-damage|p2a: Ed|29\/100\n|move|p2a: Ed|Sludge Bomb|p1a: adem bird\n|-damage|p1a: adem bird|60\/100\n|\n|upkeep\n|turn|16\n|c| The power of ROCK|ew\n|c| The power of ROCK|only 71%\n|c|\u2606Oculars\u2655|av\n|\n|t:|1700987916\n|switch|p2a: Edmond|Moltres|100\/100\n|move|p1a: adem bird|Knock Off|p2a: Edmond\n|-damage|p2a: Edmond|85\/100\n|-enditem|p2a: Edmond|Heavy-Duty Boots|[from] move: Knock Off|[of] p1a: adem bird\n|\n|upkeep\n|turn|17\n|\n|t:|1700987921\n|move|p1a: adem bird|Hurricane|p2a: Edmond\n|-damage|p2a: Edmond|0 fnt\n|faint|p2a: Edmond\n|\n|upkeep\n|\n|t:|1700987924\n|switch|p2a: Edd|Ogerpon-Wellspring-Tera, F, tera:Water|100\/100\n|-ability|p2a: Edd|Embody Aspect (Wellspring)|boost\n|-boost|p2a: Edd|spd|1\n|turn|18\n|\n|t:|1700987932\n|move|p1a: adem bird|Hurricane|p2a: Edd|[miss]\n|-miss|p1a: adem bird|p2a: Edd\n|move|p2a: Edd|Ivy Cudgel|p1a: adem bird|[anim] Ivy Cudgel Water\n|-damage|p1a: adem bird|0 fnt\n|faint|p1a: adem bird\n|\n|upkeep\n|c|\u2606Velcroc|mb\n|\n|t:|1700987937\n|switch|p1a: lele Pons|Tapu Lele|100\/100\n|-fieldstart|move: Psychic Terrain|[from] ability: Psychic Surge|[of] p1a: lele Pons\n|turn|19\n|\n|t:|1700987943\n|move|p2a: Edd|Ivy Cudgel|p1a: lele Pons|[anim] Ivy Cudgel Water\n|-damage|p1a: lele Pons|28\/100\n|move|p1a: lele Pons|Calm Mind|p1a: lele Pons\n|-boost|p1a: lele Pons|spa|1\n|-boost|p1a: lele Pons|spd|1\n|\n|-heal|p1a: lele Pons|35\/100|[from] item: Leftovers\n|upkeep\n|turn|20\n|\n|t:|1700987947\n|move|p2a: Edd|Ivy Cudgel|p1a: lele Pons|[anim] Ivy Cudgel Water\n|-damage|p1a: lele Pons|0 fnt\n|faint|p1a: lele Pons\n|\n|upkeep\n|j| Vedasa\n|\n|t:|1700987950\n|switch|p1a: Clawlucha|Sneasler, M|100\/100\n|-enditem|p1a: Clawlucha|Psychic Seed\n|-boost|p1a: Clawlucha|spd|1|[from] item: Psychic Seed\n|turn|21\n|\n|t:|1700987959\n|-terastallize|p1a: Clawlucha|Fighting\n|move|p1a: Clawlucha|Close Combat|p2a: Edd\n|-damage|p2a: Edd|0 fnt\n|-unboost|p1a: Clawlucha|def|1\n|-unboost|p1a: Clawlucha|spd|1\n|faint|p2a: Edd\n|\n|upkeep\n|\n|t:|1700987964\n|switch|p2a: Edward|Landorus-Therian, M|68\/100\n|-ability|p2a: Edward|Intimidate|boost\n|-unboost|p1a: Clawlucha|atk|1\n|turn|22\n|l| Vedasa\n|\n|t:|1700987976\n|switch|p1a: Freddy|Ursaluna, M|100\/100\n|move|p2a: Edward|Earthquake|p1a: Freddy\n|-damage|p1a: Freddy|61\/100\n|\n|-status|p1a: Freddy|brn|[from] item: Flame Orb\n|upkeep\n|turn|23\n|\n|t:|1700987984\n|move|p2a: Edward|U-turn|p1a: Freddy\n|-damage|p1a: Freddy|44\/100 brn\n|\n|t:|1700987986\n|switch|p2a: Eddy|Lopunny-Mega, M|100\/100 par|[from] U-turn\n|move|p1a: Freddy|Facade|p2a: Eddy\n|-damage|p2a: Eddy|0 fnt\n|faint|p2a: Eddy\n|\n|-damage|p1a: Freddy|38\/100 brn|[from] brn\n|-fieldend|move: Psychic Terrain\n|upkeep\n|\n|t:|1700987991\n|switch|p2a: Edward|Landorus-Therian, M|68\/100\n|-ability|p2a: Edward|Intimidate|boost\n|-unboost|p1a: Freddy|atk|1\n|turn|24\n|\n|t:|1700987994\n|move|p2a: Edward|Earthquake|p1a: Freddy\n|-damage|p1a: Freddy|3\/100 brn\n|move|p1a: Freddy|Facade|p2a: Edward\n|-damage|p2a: Edward|12\/100\n|-damage|p1a: Freddy|0 fnt|[from] item: Rocky Helmet|[of] p2a: Edward\n|faint|p1a: Freddy\n|\n|upkeep\n|\n|t:|1700987998\n|switch|p1a: Clawlucha|Sneasler, M, tera:Fighting|100\/100\n|turn|25\n|\n|t:|1700988007\n|move|p1a: Clawlucha|Acrobatics|p2a: Edward\n|-damage|p2a: Edward|0 fnt\n|-damage|p1a: Clawlucha|84\/100|[from] item: Rocky Helmet|[of] p2a: Edward\n|faint|p2a: Edward\n|\n|upkeep\n|\n|t:|1700988009\n|switch|p2a: Ed|Slowking-Galar, F|62\/100\n|turn|26\n|\n|t:|1700988015\n|move|p1a: Clawlucha|Swords Dance|p1a: Clawlucha\n|-boost|p1a: Clawlucha|atk|2\n|move|p2a: Ed|Future Sight|p1a: Clawlucha\n|-start|p2a: Ed|move: Future Sight\n|\n|upkeep\n|turn|27\n|c|\u2606Oculars\u2655|gg\n|\n|t:|1700988021\n|move|p1a: Clawlucha|Acrobatics|p2a: Ed\n|-damage|p2a: Ed|0 fnt\n|faint|p2a: Ed\n|\n|win|Oculars\u2655\n|n|\u2606Oculars\u2655|oculars\n|n|\u2606Velcroc|velcroc\n|n| bingo bronson|bingobronson\n|n| The power of ROCK|thepowerofrock\n|c| The power of ROCK|no psychic move\n|c|\u2606Velcroc|gg\n|c| The power of ROCK|gg\n","uploadtime":1700988022,"views":6,"p1id":"oculars","p2id":"velcroc","formatid":"gen9nationaldex","rating":0,"private":0,"password":""}