{"id":"gen9nationaldex-1992011149","p1":"kilhousevanhouten","p2":"BabyKeem\u2019sMom","format":"[Gen 9] National Dex","log":"|j|\u2606kilhousevanhouten\n|j|\u2606BabyKeem\u2019sMom\n|t:|1700147543\n|gametype|singles\n|player|p1|kilhousevanhouten|cameraman|1210\n|player|p2|BabyKeem\u2019sMom|169|1144\n|teamsize|p1|6\n|teamsize|p2|6\n|gen|9\n|tier|[Gen 9] National Dex\n|rated|\n|rule|HP Percentage Mod: HP is shown in percentages\n|rule|Endless Battle Clause: Forcing endless battles is banned\n|rule|OHKO Clause: OHKO moves are banned\n|rule|Evasion Clause: Evasion abilities, items, and moves are banned\n|rule|Evasion Abilities Clause: Evasion abilities are banned\n|rule|Evasion Items Clause: Evasion items are banned\n|rule|Evasion Moves Clause: Evasion moves are banned\n|rule|Species Clause: Limit one of each Pok\u00e9mon\n|rule|Sleep Clause Mod: Limit one foe put to sleep\n|clearpoke\n|poke|p1|Volcarona, F|\n|poke|p1|Tyranitar, M|\n|poke|p1|Munkidori, M|\n|poke|p1|Garchomp, M|\n|poke|p1|Ceruledge, F|\n|poke|p1|Hawlucha, F|\n|poke|p2|Iron Hands|\n|poke|p2|Skeledirge, F|\n|poke|p2|Starmie|\n|poke|p2|Diancie|\n|poke|p2|Malamar, F|\n|poke|p2|Clodsire, M|\n|teampreview\n|inactive|Battle timer is ON: inactive players will automatically lose when time's up. (requested by kilhousevanhouten)\n|\n|t:|1700147550\n|start\n|switch|p1a: rick flair|Hawlucha, F|100\/100\n|switch|p2a: Clodsire|Clodsire, M|100\/100\n|-ability|p1a: rick flair|Mold Breaker\n|turn|1\n|c|\u2606kilhousevanhouten|u crazy hoe\n|\n|t:|1700147572\n|move|p1a: rick flair|Power-Up Punch|p2a: Clodsire\n|-resisted|p2a: Clodsire\n|-damage|p2a: Clodsire|91\/100\n|-boost|p1a: rick flair|atk|1\n|move|p2a: Clodsire|Toxic|p1a: rick flair\n|-status|p1a: rick flair|tox\n|\n|-heal|p2a: Clodsire|98\/100|[from] item: Black Sludge\n|-damage|p1a: rick flair|94\/100 tox|[from] psn\n|upkeep\n|turn|2\n|\n|t:|1700147584\n|switch|p2a: Yummers|Skeledirge, F|100\/100\n|move|p1a: rick flair|Close Combat|p2a: Yummers\n|-immune|p2a: Yummers\n|\n|-damage|p1a: rick flair|82\/100 tox|[from] psn\n|upkeep\n|turn|3\n|\n|t:|1700147590\n|move|p1a: rick flair|Acrobatics|p2a: Yummers\n|-damage|p2a: Yummers|46\/100\n|move|p2a: Yummers|Torch Song|p1a: rick flair\n|-damage|p1a: rick flair|36\/100 tox\n|-boost|p2a: Yummers|spa|1\n|\n|-heal|p2a: Yummers|52\/100|[from] item: Leftovers\n|-damage|p1a: rick flair|18\/100 tox|[from] psn\n|upkeep\n|turn|4\n|\n|t:|1700147610\n|switch|p2a: Clodsire|Clodsire, M|98\/100\n|move|p1a: rick flair|Acrobatics|p2a: Clodsire\n|-damage|p2a: Clodsire|20\/100\n|\n|-heal|p2a: Clodsire|26\/100|[from] item: Black Sludge\n|-damage|p1a: rick flair|0 fnt|[from] psn\n|faint|p1a: rick flair\n|upkeep\n|\n|t:|1700147618\n|switch|p1a: Adrenae|Volcarona, F|100\/100\n|turn|5\n|\n|t:|1700147622\n|move|p1a: Adrenae|Giga Drain|p2a: Clodsire\n|-damage|p2a: Clodsire|11\/100\n|move|p2a: Clodsire|Rest|p2a: Clodsire\n|-status|p2a: Clodsire|slp|[from] move: Rest\n|-heal|p2a: Clodsire|100\/100 slp|[silent]\n|\n|upkeep\n|turn|6\n|\n|t:|1700147631\n|move|p1a: Adrenae|Quiver Dance|p1a: Adrenae\n|-boost|p1a: Adrenae|spa|1\n|-boost|p1a: Adrenae|spd|1\n|-boost|p1a: Adrenae|spe|1\n|cant|p2a: Clodsire|slp\n|move|p2a: Clodsire|Sleep Talk|p2a: Clodsire\n|move|p2a: Clodsire|Stomping Tantrum|p1a: Adrenae|[from]move: Sleep Talk\n|-damage|p1a: Adrenae|69\/100\n|\n|upkeep\n|turn|7\n|\n|t:|1700147643\n|-terastallize|p1a: Adrenae|Water\n|move|p1a: Adrenae|Quiver Dance|p1a: Adrenae\n|-boost|p1a: Adrenae|spa|1\n|-boost|p1a: Adrenae|spd|1\n|-boost|p1a: Adrenae|spe|1\n|cant|p2a: Clodsire|slp\n|move|p2a: Clodsire|Sleep Talk|p2a: Clodsire\n|move|p2a: Clodsire|Toxic|p1a: Adrenae|[from]move: Sleep Talk\n|-status|p1a: Adrenae|tox\n|\n|-damage|p1a: Adrenae|63\/100 tox|[from] psn\n|upkeep\n|turn|8\n|\n|t:|1700147662\n|move|p1a: Adrenae|Giga Drain|p2a: Clodsire\n|-damage|p2a: Clodsire|71\/100 slp\n|-heal|p1a: Adrenae|91\/100 tox|[from] drain|[of] p2a: Clodsire\n|-curestatus|p2a: Clodsire|slp|[msg]\n|move|p2a: Clodsire|Stomping Tantrum|p1a: Adrenae\n|-damage|p1a: Adrenae|60\/100 tox\n|-status|p2a: Clodsire|brn|[from] ability: Flame Body|[of] p1a: Adrenae\n|\n|-heal|p2a: Clodsire|77\/100 brn|[from] item: Black Sludge\n|-damage|p1a: Adrenae|48\/100 tox|[from] psn\n|-damage|p2a: Clodsire|71\/100 brn|[from] brn\n|upkeep\n|turn|9\n|\n|t:|1700147679\n|move|p1a: Adrenae|Giga Drain|p2a: Clodsire\n|-damage|p2a: Clodsire|41\/100 brn\n|-heal|p1a: Adrenae|77\/100 tox|[from] drain|[of] p2a: Clodsire\n|move|p2a: Clodsire|Rest|p2a: Clodsire\n|-status|p2a: Clodsire|slp|[from] move: Rest\n|-heal|p2a: Clodsire|100\/100 slp|[silent]\n|\n|-damage|p1a: Adrenae|59\/100 tox|[from] psn\n|upkeep\n|turn|10\n|\n|t:|1700147684\n|move|p1a: Adrenae|Giga Drain|p2a: Clodsire\n|-damage|p2a: Clodsire|69\/100 slp\n|-heal|p1a: Adrenae|90\/100 tox|[from] drain|[of] p2a: Clodsire\n|cant|p2a: Clodsire|slp\n|move|p2a: Clodsire|Sleep Talk|p2a: Clodsire\n|move|p2a: Clodsire|Toxic|p1a: Adrenae|[from]move: Sleep Talk\n|-fail|p1a: Adrenae|tox\n|\n|-heal|p2a: Clodsire|75\/100 slp|[from] item: Black Sludge\n|-damage|p1a: Adrenae|65\/100 tox|[from] psn\n|upkeep\n|turn|11\n|\n|t:|1700147686\n|move|p1a: Adrenae|Giga Drain|p2a: Clodsire\n|-damage|p2a: Clodsire|41\/100 slp\n|-heal|p1a: Adrenae|98\/100 tox|[from] drain|[of] p2a: Clodsire\n|cant|p2a: Clodsire|slp\n|move|p2a: Clodsire|Sleep Talk|p2a: Clodsire\n|move|p2a: Clodsire|Stomping Tantrum|p1a: Adrenae|[from]move: Sleep Talk\n|-damage|p1a: Adrenae|38\/100 tox\n|\n|-heal|p2a: Clodsire|47\/100 slp|[from] item: Black Sludge\n|-damage|p1a: Adrenae|8\/100 tox|[from] psn\n|upkeep\n|turn|12\n|\n|t:|1700147692\n|move|p1a: Adrenae|Giga Drain|p2a: Clodsire\n|-damage|p2a: Clodsire|16\/100 slp\n|-heal|p1a: Adrenae|39\/100 tox|[from] drain|[of] p2a: Clodsire\n|-curestatus|p2a: Clodsire|slp|[msg]\n|move|p2a: Clodsire|Rest|p2a: Clodsire\n|-status|p2a: Clodsire|slp|[from] move: Rest\n|-heal|p2a: Clodsire|100\/100 slp|[silent]\n|\n|-damage|p1a: Adrenae|2\/100 tox|[from] psn\n|upkeep\n|turn|13\n|\n|t:|1700147700\n|move|p1a: Adrenae|Giga Drain|p2a: Clodsire\n|-damage|p2a: Clodsire|70\/100 slp\n|-heal|p1a: Adrenae|32\/100 tox|[from] drain|[of] p2a: Clodsire\n|cant|p2a: Clodsire|slp\n|move|p2a: Clodsire|Sleep Talk|p2a: Clodsire\n|move|p2a: Clodsire|Toxic|p1a: Adrenae|[from]move: Sleep Talk\n|-fail|p1a: Adrenae|tox\n|\n|-heal|p2a: Clodsire|76\/100 slp|[from] item: Black Sludge\n|-damage|p1a: Adrenae|0 fnt|[from] psn\n|faint|p1a: Adrenae\n|upkeep\n|\n|t:|1700147705\n|switch|p1a: trae|Munkidori, M|100\/100\n|turn|14\n|\n|t:|1700147712\n|move|p1a: trae|Calm Mind|p1a: trae\n|-boost|p1a: trae|spa|1\n|-boost|p1a: trae|spd|1\n|cant|p2a: Clodsire|slp\n|move|p2a: Clodsire|Sleep Talk|p2a: Clodsire\n|move|p2a: Clodsire|Rest||[from]move: Sleep Talk|[still]\n|-fail|p2a: Clodsire\n|\n|-heal|p2a: Clodsire|82\/100 slp|[from] item: Black Sludge\n|upkeep\n|turn|15\n|\n|t:|1700147720\n|move|p1a: trae|Psychic|p2a: Clodsire\n|-supereffective|p2a: Clodsire\n|-damage|p2a: Clodsire|0 fnt\n|faint|p2a: Clodsire\n|\n|upkeep\n|\n|t:|1700147724\n|switch|p2a: Malamar|Malamar, F|100\/100\n|turn|16\n|\n|t:|1700147733\n|move|p1a: trae|Shadow Ball|p2a: Malamar\n|-damage|p2a: Malamar|64\/100\n|move|p2a: Malamar|Knock Off|p1a: trae\n|-supereffective|p1a: trae\n|-damage|p1a: trae|0 fnt\n|-enditem|p1a: trae|Wise Glasses|[from] move: Knock Off|[of] p2a: Malamar\n|faint|p1a: trae\n|\n|upkeep\n|\n|t:|1700147740\n|switch|p1a: the element|Tyranitar, M|100\/100\n|-weather|Sandstorm|[from] ability: Sand Stream|[of] p1a: the element\n|turn|17\n|\n|t:|1700147751\n|move|p2a: Malamar|Superpower|p1a: the element\n|-supereffective|p1a: the element\n|-damage|p1a: the element|0 fnt\n|-boost|p2a: Malamar|atk|1\n|-boost|p2a: Malamar|def|1\n|faint|p1a: the element\n|\n|-weather|Sandstorm|[upkeep]\n|-damage|p2a: Malamar|58\/100|[from] Sandstorm\n|upkeep\n|\n|t:|1700147760\n|switch|p1a: darren sharpner|Ceruledge, F|100\/100\n|turn|18\n|\n|t:|1700147764\n|move|p1a: darren sharpner|Shadow Sneak|p2a: Malamar\n|-damage|p2a: Malamar|45\/100\n|move|p2a: Malamar|Knock Off|p1a: darren sharpner\n|-supereffective|p1a: darren sharpner\n|-damage|p1a: darren sharpner|0 fnt\n|-enditem|p1a: darren sharpner|Heavy-Duty Boots|[from] move: Knock Off|[of] p2a: Malamar\n|faint|p1a: darren sharpner\n|\n|-weather|Sandstorm|[upkeep]\n|-damage|p2a: Malamar|39\/100|[from] Sandstorm\n|upkeep\n|\n|t:|1700147766\n|switch|p1a: big scrunch|Garchomp, M|100\/100\n|turn|19\n|\n|t:|1700147774\n|move|p1a: big scrunch|Earthquake|p2a: Malamar\n|-damage|p2a: Malamar|4\/100\n|move|p2a: Malamar|Knock Off|p1a: big scrunch\n|-damage|p1a: big scrunch|32\/100\n|-damage|p2a: Malamar|0 fnt|[from] ability: Rough Skin|[of] p1a: big scrunch\n|faint|p2a: Malamar\n|\n|-weather|Sandstorm|[upkeep]\n|upkeep\n|\n|t:|1700147790\n|switch|p2a: Diancie|Diancie|100\/100\n|turn|20\n|\n|t:|1700147813\n|detailschange|p2a: Diancie|Diancie-Mega\n|-mega|p2a: Diancie|Diancie|Diancite\n|move|p2a: Diancie|Play Rough|p1a: big scrunch\n|-supereffective|p1a: big scrunch\n|-damage|p1a: big scrunch|0 fnt\n|-damage|p2a: Diancie|88\/100|[from] ability: Rough Skin|[of] p1a: big scrunch\n|faint|p1a: big scrunch\n|\n|win|BabyKeem\u2019sMom\n|raw|kilhousevanhouten's rating: 1210 &rarr; <strong>1180<\/strong><br \/>(-30 for losing)\n|raw|BabyKeem\u2019sMom's rating: 1144 &rarr; <strong>1174<\/strong><br \/>(+30 for winning)\n","uploadtime":1700147560,"views":5,"p1id":"kilhousevanhouten","p2id":"babykeemsmom","formatid":"gen9nationaldex","rating":1174,"private":0,"password":""}