{"id":"gen9nationaldex-1998932891","p1":"Pachimi","p2":"PikaPlayer1001000","format":"[Gen 9] National Dex","log":"|html|<div class=\"broadcast-blue\"><strong>[Gen 9] National Dex is currently suspecting Sneasler! For information on how to participate check out the <a href=\"https:\/\/www.smogon.com\/forums\/threads\/sv-national-dex-suspect-8-just-dance.3731534\/\">suspect thread<\/a>.<\/strong><\/div>\n|j|\u2606Pachimi\n|j|\u2606PikaPlayer1001000\n|t:|1701014734\n|gametype|singles\n|player|p1|Pachimi|gloria|1182\n|player|p2|PikaPlayer1001000|1|1176\n|teamsize|p1|6\n|teamsize|p2|6\n|gen|9\n|tier|[Gen 9] National Dex\n|rated|\n|rule|HP Percentage Mod: HP is shown in percentages\n|rule|Endless Battle Clause: Forcing endless battles is banned\n|rule|OHKO Clause: OHKO moves are banned\n|rule|Evasion Clause: Evasion abilities, items, and moves are banned\n|rule|Evasion Abilities Clause: Evasion abilities are banned\n|rule|Evasion Items Clause: Evasion items are banned\n|rule|Evasion Moves Clause: Evasion moves are banned\n|rule|Species Clause: Limit one of each Pok\u00e9mon\n|rule|Sleep Clause Mod: Limit one foe put to sleep\n|clearpoke\n|poke|p1|Cinderace, F|\n|poke|p1|Kleavor, M|\n|poke|p1|Blaziken, M|\n|poke|p1|Rillaboom, M|\n|poke|p1|Bisharp, M|\n|poke|p1|Lopunny, F|\n|poke|p2|Chatot, M|\n|poke|p2|Mawile, F|\n|poke|p2|Ninetales-Alola, F|\n|poke|p2|Ribombee, M|\n|poke|p2|Pawmot, F|\n|poke|p2|Excadrill, F|\n|teampreview\n|inactive|Battle timer is ON: inactive players will automatically lose when time's up. (requested by Pachimi)\n|inactive|PikaPlayer1001000 has 120 seconds left.\n|inactive|PikaPlayer1001000 has 90 seconds left.\n|\n|t:|1701014808\n|start\n|switch|p1a: Lopunny|Lopunny, F|100\/100\n|switch|p2a: Ribombee|Ribombee, M|100\/100\n|turn|1\n|\n|t:|1701014810\n|detailschange|p1a: Lopunny|Lopunny-Mega, F\n|-mega|p1a: Lopunny|Lopunny|Lopunnite\n|move|p1a: Lopunny|Fake Out|p2a: Ribombee\n|-damage|p2a: Ribombee|66\/100\n|move|p2a: Ribombee|Sticky Web|p1a: Lopunny\n|-sidestart|p1: Pachimi|move: Sticky Web\n|\n|upkeep\n|turn|2\n|\n|t:|1701014814\n|move|p1a: Lopunny|Return|p2a: Ribombee\n|-crit|p2a: Ribombee\n|-damage|p2a: Ribombee|0 fnt\n|faint|p2a: Ribombee\n|\n|upkeep\n|\n|t:|1701014817\n|switch|p2a: Ninetales|Ninetales-Alola, F|100\/100\n|-weather|Snow|[from] ability: Snow Warning|[of] p2a: Ninetales\n|turn|3\n|\n|t:|1701014820\n|switch|p1a: Bisharp|Bisharp, M|100\/100\n|-activate|p1a: Bisharp|move: Sticky Web\n|-unboost|p1a: Bisharp|spe|1\n|-ability|p1a: Bisharp|Defiant|boost\n|-boost|p1a: Bisharp|atk|2\n|move|p2a: Ninetales|Aurora Veil|p2a: Ninetales\n|-sidestart|p2: PikaPlayer1001000|move: Aurora Veil\n|\n|-weather|Snow|[upkeep]\n|upkeep\n|turn|4\n|\n|t:|1701014824\n|move|p2a: Ninetales|Hypnosis|p1a: Bisharp\n|-status|p1a: Bisharp|slp|[from] move: Hypnosis\n|cant|p1a: Bisharp|slp\n|\n|-weather|Snow|[upkeep]\n|upkeep\n|turn|5\n|\n|t:|1701014828\n|switch|p2a: Excadrill|Excadrill, F|100\/100\n|-ability|p2a: Excadrill|Mold Breaker\n|-curestatus|p1a: Bisharp|slp|[msg]\n|move|p1a: Bisharp|Brick Break|p2a: Excadrill\n|-sideend|p2: PikaPlayer1001000|move: Aurora Veil\n|-supereffective|p2a: Excadrill\n|-enditem|p2a: Excadrill|Focus Sash\n|-damage|p2a: Excadrill|1\/100\n|\n|-weather|Snow|[upkeep]\n|upkeep\n|turn|6\n|\n|t:|1701014830\n|move|p1a: Bisharp|Sucker Punch||[still]\n|-fail|p1a: Bisharp\n|move|p2a: Excadrill|Stealth Rock|p1a: Bisharp\n|-sidestart|p1: Pachimi|move: Stealth Rock\n|\n|-weather|Snow|[upkeep]\n|upkeep\n|turn|7\n|\n|t:|1701014838\n|move|p2a: Excadrill|Earthquake|p1a: Bisharp\n|-supereffective|p1a: Bisharp\n|-damage|p1a: Bisharp|3\/100\n|move|p1a: Bisharp|Iron Head|p2a: Excadrill\n|-resisted|p2a: Excadrill\n|-damage|p2a: Excadrill|0 fnt\n|faint|p2a: Excadrill\n|\n|-weather|none\n|upkeep\n|\n|t:|1701014841\n|switch|p2a: Ninetales|Ninetales-Alola, F|100\/100\n|-weather|Snow|[from] ability: Snow Warning|[of] p2a: Ninetales\n|turn|8\n|\n|t:|1701014844\n|move|p2a: Ninetales|Aurora Veil|p2a: Ninetales\n|-sidestart|p2: PikaPlayer1001000|move: Aurora Veil\n|move|p1a: Bisharp|Brick Break|p2a: Ninetales\n|-sideend|p2: PikaPlayer1001000|move: Aurora Veil\n|-damage|p2a: Ninetales|48\/100\n|\n|-weather|Snow|[upkeep]\n|upkeep\n|turn|9\n|\n|t:|1701014848\n|move|p1a: Bisharp|Sucker Punch||[still]\n|-fail|p1a: Bisharp\n|move|p2a: Ninetales|Aurora Veil|p2a: Ninetales\n|-sidestart|p2: PikaPlayer1001000|move: Aurora Veil\n|\n|-weather|Snow|[upkeep]\n|upkeep\n|turn|10\n|\n|t:|1701014852\n|move|p2a: Ninetales|Blizzard|p1a: Bisharp\n|-resisted|p1a: Bisharp\n|-damage|p1a: Bisharp|0 fnt\n|faint|p1a: Bisharp\n|\n|-weather|Snow|[upkeep]\n|upkeep\n|\n|t:|1701014856\n|switch|p1a: Lopunny|Lopunny-Mega, F|100\/100\n|-activate|p1a: Lopunny|move: Sticky Web\n|-unboost|p1a: Lopunny|spe|1\n|-damage|p1a: Lopunny|95\/100|[from] Stealth Rock\n|turn|11\n|\n|t:|1701014861\n|move|p1a: Lopunny|Fake Out|p2a: Ninetales\n|-damage|p2a: Ninetales|37\/100\n|cant|p2a: Ninetales|flinch\n|\n|-weather|Snow|[upkeep]\n|upkeep\n|turn|12\n|\n|t:|1701014865\n|move|p2a: Ninetales|Blizzard|p1a: Lopunny\n|-damage|p1a: Lopunny|39\/100\n|move|p1a: Lopunny|Close Combat|p2a: Ninetales\n|-damage|p2a: Ninetales|4\/100\n|-unboost|p1a: Lopunny|def|1\n|-unboost|p1a: Lopunny|spd|1\n|\n|-weather|none\n|upkeep\n|turn|13\n|\n|t:|1701014868\n|move|p2a: Ninetales|Hypnosis|p1a: Lopunny|[miss]\n|-miss|p2a: Ninetales|p1a: Lopunny\n|move|p1a: Lopunny|Return|p2a: Ninetales\n|-damage|p2a: Ninetales|0 fnt\n|faint|p2a: Ninetales\n|\n|upkeep\n|\n|t:|1701014870\n|switch|p2a: Chatot|Chatot, M|100\/100\n|turn|14\n|\n|t:|1701014878\n|move|p2a: Chatot|Chatter|p1a: Lopunny\n|-supereffective|p1a: Lopunny\n|-damage|p1a: Lopunny|0 fnt\n|faint|p1a: Lopunny\n|-enditem|p2a: Chatot|Throat Spray\n|-boost|p2a: Chatot|spa|1|[from] item: Throat Spray\n|\n|upkeep\n|\n|t:|1701014881\n|switch|p1a: Kleavor|Kleavor, M|100\/100\n|-activate|p1a: Kleavor|move: Sticky Web\n|-unboost|p1a: Kleavor|spe|1\n|-damage|p1a: Kleavor|76\/100|[from] Stealth Rock\n|turn|15\n|\n|t:|1701014886\n|-terastallize|p2a: Chatot|Normal\n|move|p2a: Chatot|Boomburst|p1a: Kleavor\n|-resisted|p1a: Kleavor\n|-damage|p1a: Kleavor|0 fnt\n|faint|p1a: Kleavor\n|\n|upkeep\n|\n|t:|1701014893\n|switch|p1a: Rillaboom|Rillaboom, M|100\/100\n|-activate|p1a: Rillaboom|move: Sticky Web\n|-unboost|p1a: Rillaboom|spe|1\n|-damage|p1a: Rillaboom|88\/100|[from] Stealth Rock\n|-fieldstart|move: Grassy Terrain|[from] ability: Grassy Surge|[of] p1a: Rillaboom\n|turn|16\n|\n|t:|1701014897\n|-terastallize|p1a: Rillaboom|Grass\n|move|p1a: Rillaboom|Grassy Glide|p2a: Chatot\n|-crit|p2a: Chatot\n|-damage|p2a: Chatot|0 fnt\n|faint|p2a: Chatot\n|\n|-heal|p1a: Rillaboom|94\/100|[from] Grassy Terrain\n|-sideend|p2: PikaPlayer1001000|move: Aurora Veil\n|upkeep\n|\n|t:|1701014899\n|switch|p2a: Mawile|Mawile, F|100\/100\n|turn|17\n|\n|t:|1701014905\n|detailschange|p2a: Mawile|Mawile-Mega, F\n|-mega|p2a: Mawile|Mawile|Mawilite\n|move|p1a: Rillaboom|Grassy Glide|p2a: Mawile\n|-resisted|p2a: Mawile\n|-damage|p2a: Mawile|65\/100\n|move|p2a: Mawile|Play Rough|p1a: Rillaboom\n|-damage|p1a: Rillaboom|3\/100\n|\n|-heal|p1a: Rillaboom|10\/100|[from] Grassy Terrain\n|-heal|p2a: Mawile|71\/100|[from] Grassy Terrain\n|upkeep\n|turn|18\n|\n|t:|1701014920\n|move|p1a: Rillaboom|Grassy Glide|p2a: Mawile\n|-resisted|p2a: Mawile\n|-damage|p2a: Mawile|35\/100\n|move|p2a: Mawile|Iron Head|p1a: Rillaboom\n|-damage|p1a: Rillaboom|0 fnt\n|faint|p1a: Rillaboom\n|\n|-heal|p2a: Mawile|41\/100|[from] Grassy Terrain\n|upkeep\n|\n|t:|1701014926\n|switch|p1a: Blaziken|Blaziken, M|100\/100\n|-activate|p1a: Blaziken|move: Sticky Web\n|-unboost|p1a: Blaziken|spe|1\n|-damage|p1a: Blaziken|88\/100|[from] Stealth Rock\n|turn|19\n|\n|t:|1701014928\n|move|p1a: Blaziken|Protect|p1a: Blaziken\n|-singleturn|p1a: Blaziken|Protect\n|move|p2a: Mawile|Play Rough|p1a: Blaziken\n|-activate|p1a: Blaziken|move: Protect\n|\n|-heal|p1a: Blaziken|94\/100|[from] Grassy Terrain\n|-heal|p2a: Mawile|47\/100|[from] Grassy Terrain\n|-ability|p1a: Blaziken|Speed Boost|boost\n|-boost|p1a: Blaziken|spe|1\n|upkeep\n|turn|20\n|\n|t:|1701014933\n|move|p1a: Blaziken|Blaze Kick|p2a: Mawile\n|-supereffective|p2a: Mawile\n|-damage|p2a: Mawile|0 fnt\n|faint|p2a: Mawile\n|\n|-heal|p1a: Blaziken|99\/100|[from] Grassy Terrain\n|-fieldend|move: Grassy Terrain\n|-ability|p1a: Blaziken|Speed Boost|boost\n|-boost|p1a: Blaziken|spe|1\n|upkeep\n|\n|t:|1701014935\n|switch|p2a: Pawmot|Pawmot, F|100\/100\n|turn|21\n|\n|t:|1701014939\n|move|p1a: Blaziken|Blaze Kick|p2a: Pawmot\n|-damage|p2a: Pawmot|30\/100\n|move|p2a: Pawmot|Close Combat|p1a: Blaziken\n|-damage|p1a: Blaziken|5\/100\n|-unboost|p2a: Pawmot|def|1\n|-unboost|p2a: Pawmot|spd|1\n|\n|-ability|p1a: Blaziken|Speed Boost|boost\n|-boost|p1a: Blaziken|spe|1\n|upkeep\n|turn|22\n|\n|t:|1701014943\n|move|p2a: Pawmot|Mach Punch|p1a: Blaziken\n|-damage|p1a: Blaziken|0 fnt\n|faint|p1a: Blaziken\n|\n|upkeep\n|\n|t:|1701014944\n|switch|p1a: Cinderace|Cinderace, F|100\/100\n|-activate|p1a: Cinderace|move: Sticky Web\n|-unboost|p1a: Cinderace|spe|1\n|-damage|p1a: Cinderace|76\/100|[from] Stealth Rock\n|turn|23\n|\n|t:|1701014949\n|move|p2a: Pawmot|Revival Blessing|p2a: Pawmot\n|-enditem|p2a: Pawmot|Leppa Berry|[eat]\n|-activate|p2a: Pawmot|item: Leppa Berry|Revival Blessing|[consumed]\n|\n|t:|1701014971\n|-heal|p2: Excadrill|50\/100|[from] move: Revival Blessing\n|move|p1a: Cinderace|Zen Headbutt|p2a: Pawmot\n|-start|p1a: Cinderace|typechange|Psychic|[from] ability: Libero\n|-supereffective|p2a: Pawmot\n|-damage|p2a: Pawmot|0 fnt\n|faint|p2a: Pawmot\n|-damage|p1a: Cinderace|66\/100|[from] item: Life Orb\n|\n|upkeep\n|\n|t:|1701014972\n|switch|p2a: Excadrill|Excadrill, F|50\/100\n|-ability|p2a: Excadrill|Mold Breaker\n|turn|24\n|\n|t:|1701014979\n|move|p2a: Excadrill|Earthquake|p1a: Cinderace\n|-damage|p1a: Cinderace|0 fnt\n|faint|p1a: Cinderace\n|\n|win|PikaPlayer1001000\n|raw|Pachimi's rating: 1182 &rarr; <strong>1157<\/strong><br \/>(-25 for losing)\n|raw|PikaPlayer1001000's rating: 1176 &rarr; <strong>1201<\/strong><br \/>(+25 for winning)\n","uploadtime":1701014988,"views":24,"p1id":"pachimi","p2id":"pikaplayer1001000","formatid":"gen9nationaldex","rating":1157,"private":0,"password":""}