{"id":"gen9nationaldex-1990881291","p1":"Snowflakss","p2":"EndlessC4lamity","format":"[Gen 9] National Dex","log":"|j|\u2606Snowflakss\n|j|\u2606EndlessC4lamity\n|t:|1700010870\n|gametype|singles\n|player|p1|Snowflakss|roxie|\n|player|p2|EndlessC4lamity|katy|\n|teamsize|p1|6\n|teamsize|p2|6\n|gen|9\n|tier|[Gen 9] National Dex\n|rule|HP Percentage Mod: HP is shown in percentages\n|rule|Endless Battle Clause: Forcing endless battles is banned\n|rule|OHKO Clause: OHKO moves are banned\n|rule|Evasion Clause: Evasion abilities, items, and moves are banned\n|rule|Evasion Abilities Clause: Evasion abilities are banned\n|rule|Evasion Items Clause: Evasion items are banned\n|rule|Evasion Moves Clause: Evasion moves are banned\n|rule|Species Clause: Limit one of each Pok\u00e9mon\n|rule|Sleep Clause Mod: Limit one foe put to sleep\n|clearpoke\n|poke|p1|Araquanid, F|\n|poke|p1|Bronzong|\n|poke|p1|Dewgong, M|\n|poke|p1|Zarude|\n|poke|p1|Iron Moth|\n|poke|p1|Polteageist|\n|poke|p2|Lopunny, F|\n|poke|p2|Haxorus, F|\n|poke|p2|Goodra, F|\n|poke|p2|Kommo-o, F|\n|poke|p2|Drampa, F|\n|poke|p2|Tarountula, F|\n|teampreview\n|c|\u2606EndlessC4lamity|glhf\n|c|\u2606Snowflakss|glhff\n|\n|t:|1700010884\n|start\n|switch|p1a: Araquanid|Araquanid, F|100\/100\n|switch|p2a: Dominion Hall|Haxorus, F|100\/100\n|-ability|p2a: Dominion Hall|Mold Breaker\n|turn|1\n|\n|t:|1700010890\n|move|p2a: Dominion Hall|Taunt|p1a: Araquanid\n|-start|p1a: Araquanid|move: Taunt\n|cant|p1a: Araquanid|move: Taunt|Sticky Web\n|\n|upkeep\n|turn|2\n|\n|t:|1700010904\n|switch|p1a: Dewgong|Dewgong, M|100\/100\n|move|p2a: Dominion Hall|Dragon Dance|p2a: Dominion Hall\n|-boost|p2a: Dominion Hall|atk|1\n|-boost|p2a: Dominion Hall|spe|1\n|\n|upkeep\n|turn|3\n|\n|t:|1700010922\n|move|p2a: Dominion Hall|Earthquake|p1a: Dewgong\n|-damage|p1a: Dewgong|6\/100\n|-damage|p2a: Dominion Hall|91\/100|[from] item: Life Orb\n|move|p1a: Dewgong|Avalanche|p2a: Dominion Hall\n|-supereffective|p2a: Dominion Hall\n|-damage|p2a: Dominion Hall|0 fnt\n|faint|p2a: Dominion Hall\n|\n|-heal|p1a: Dewgong|12\/100|[from] item: Leftovers\n|upkeep\n|\n|t:|1700010932\n|switch|p2a: i punching them|Lopunny, F|100\/100\n|turn|4\n|\n|t:|1700010938\n|switch|p1a: Zarude|Zarude|100\/100\n|move|p2a: i punching them|Fake Out|p1a: Zarude\n|-damage|p1a: Zarude|90\/100\n|\n|upkeep\n|turn|5\n|\n|t:|1700010950\n|detailschange|p2a: i punching them|Lopunny-Mega, F\n|-mega|p2a: i punching them|Lopunny|Lopunnite\n|move|p2a: i punching them|Close Combat|p1a: Zarude\n|-supereffective|p1a: Zarude\n|-damage|p1a: Zarude|0 fnt\n|-unboost|p2a: i punching them|def|1\n|-unboost|p2a: i punching them|spd|1\n|faint|p1a: Zarude\n|\n|upkeep\n|\n|t:|1700010961\n|switch|p1a: Iron Moth|Iron Moth|100\/100\n|-enditem|p1a: Iron Moth|Booster Energy\n|-activate|p1a: Iron Moth|ability: Quark Drive|[fromitem]\n|-start|p1a: Iron Moth|quarkdrivespa\n|turn|6\n|\n|t:|1700010975\n|move|p2a: i punching them|U-turn|p1a: Iron Moth\n|-resisted|p1a: Iron Moth\n|-damage|p1a: Iron Moth|90\/100\n|\n|t:|1700010978\n|switch|p2a: get em jimmy|Goodra, F, shiny|100\/100|[from] U-turn\n|move|p1a: Iron Moth|Psychic|p2a: get em jimmy\n|-damage|p2a: get em jimmy|69\/100\n|\n|upkeep\n|turn|7\n|\n|t:|1700010988\n|move|p1a: Iron Moth|Dazzling Gleam|p2a: get em jimmy\n|-supereffective|p2a: get em jimmy\n|-damage|p2a: get em jimmy|11\/100\n|move|p2a: get em jimmy|Earthquake|p1a: Iron Moth\n|-supereffective|p1a: Iron Moth\n|-damage|p1a: Iron Moth|0 fnt\n|faint|p1a: Iron Moth\n|-end|p1a: Iron Moth|Quark Drive|[silent]\n|\n|upkeep\n|\n|t:|1700010997\n|switch|p1a: Araquanid|Araquanid, F|100\/100\n|turn|8\n|\n|t:|1700011001\n|move|p2a: get em jimmy|Thunderbolt|p1a: Araquanid\n|-supereffective|p1a: Araquanid\n|-damage|p1a: Araquanid|42\/100\n|move|p1a: Araquanid|Sticky Web|p2a: get em jimmy\n|-sidestart|p2: EndlessC4lamity|move: Sticky Web\n|\n|upkeep\n|turn|9\n|\n|t:|1700011012\n|move|p2a: get em jimmy|Thunderbolt|p1a: Araquanid\n|-supereffective|p1a: Araquanid\n|-damage|p1a: Araquanid|0 fnt\n|faint|p1a: Araquanid\n|\n|upkeep\n|\n|t:|1700011026\n|switch|p1a: Bronzong|Bronzong|100\/100\n|turn|10\n|\n|t:|1700011033\n|move|p2a: get em jimmy|Thunderbolt|p1a: Bronzong\n|-damage|p1a: Bronzong|80\/100\n|move|p1a: Bronzong|Body Press|p2a: get em jimmy\n|-damage|p2a: get em jimmy|0 fnt\n|-ability|p2a: get em jimmy|Gooey\n|-unboost|p1a: Bronzong|spe|1\n|faint|p2a: get em jimmy\n|\n|-heal|p1a: Bronzong|86\/100|[from] item: Leftovers\n|upkeep\n|\n|t:|1700011038\n|switch|p2a: patratdex dragon|Drampa, F, shiny|100\/100\n|-activate|p2a: patratdex dragon|move: Sticky Web\n|-unboost|p2a: patratdex dragon|spe|1\n|turn|11\n|\n|t:|1700011047\n|move|p2a: patratdex dragon|Defog|p1a: Bronzong\n|-unboost|p1a: Bronzong|evasion|1\n|-sideend|p2: EndlessC4lamity|Sticky Web|[from] move: Defog|[of] p2a: patratdex dragon\n|move|p1a: Bronzong|Body Press|p2a: patratdex dragon\n|-supereffective|p2a: patratdex dragon\n|-damage|p2a: patratdex dragon|43\/100\n|-ability|p2a: patratdex dragon|Berserk|boost\n|-boost|p2a: patratdex dragon|spa|1\n|\n|-heal|p1a: Bronzong|92\/100|[from] item: Leftovers\n|upkeep\n|turn|12\n|\n|t:|1700011057\n|move|p2a: patratdex dragon|Flamethrower|p1a: Bronzong\n|-supereffective|p1a: Bronzong\n|-damage|p1a: Bronzong|19\/100\n|move|p1a: Bronzong|Body Press|p2a: patratdex dragon\n|-supereffective|p2a: patratdex dragon\n|-damage|p2a: patratdex dragon|0 fnt\n|faint|p2a: patratdex dragon\n|\n|-heal|p1a: Bronzong|26\/100|[from] item: Leftovers\n|upkeep\n|\n|t:|1700011066\n|switch|p2a: i punching them|Lopunny-Mega, F|100\/100\n|turn|13\n|\n|t:|1700011073\n|move|p2a: i punching them|Fake Out|p1a: Bronzong\n|-resisted|p1a: Bronzong\n|-crit|p1a: Bronzong\n|-damage|p1a: Bronzong|13\/100\n|cant|p1a: Bronzong|flinch\n|\n|-heal|p1a: Bronzong|19\/100|[from] item: Leftovers\n|upkeep\n|turn|14\n|\n|t:|1700011084\n|move|p2a: i punching them|Return|p1a: Bronzong\n|-resisted|p1a: Bronzong\n|-damage|p1a: Bronzong|0 fnt\n|faint|p1a: Bronzong\n|\n|upkeep\n|\n|t:|1700011090\n|switch|p1a: Dewgong|Dewgong, M|12\/100\n|turn|15\n|\n|t:|1700011099\n|move|p2a: i punching them|Return|p1a: Dewgong\n|-damage|p1a: Dewgong|0 fnt\n|faint|p1a: Dewgong\n|\n|upkeep\n|c|\u2606Snowflakss|ggs\n|\n|t:|1700011106\n|switch|p1a: Polteageist|Polteageist|100\/100\n|turn|16\n|\n|t:|1700011115\n|move|p2a: i punching them|Close Combat|p1a: Polteageist\n|-damage|p1a: Polteageist|0 fnt\n|-unboost|p2a: i punching them|def|1\n|-unboost|p2a: i punching them|spd|1\n|faint|p1a: Polteageist\n|\n|win|EndlessC4lamity\n|c|\u2606EndlessC4lamity|gg\n","uploadtime":1700011123,"views":53,"p1id":"snowflakss","p2id":"endlessc4lamity","formatid":"gen9nationaldex","rating":0,"private":0,"password":""}