{"id":"gen9nationaldex-1995204946","p1":"hidin","p2":"seraphz","format":"[Gen 9] National Dex","log":"|html|<div class=\"broadcast-blue\"><strong>[Gen 9] National Dex is currently suspecting Sneasler! For information on how to participate check out the <a href=\"https:\/\/www.smogon.com\/forums\/threads\/sv-national-dex-suspect-8-just-dance.3731534\/\">suspect thread<\/a>.<\/strong><\/div>\n|j|\u2606hidin\n|j|\u2606seraphz\n|t:|1700534382\n|gametype|singles\n|player|p1|hidin|#capplixvenomicons|\n|player|p2|seraphz|#ptplivdazzlingdiancies|\n|teamsize|p1|6\n|teamsize|p2|6\n|gen|9\n|tier|[Gen 9] National Dex\n|rule|HP Percentage Mod: HP is shown in percentages\n|rule|Endless Battle Clause: Forcing endless battles is banned\n|rule|OHKO Clause: OHKO moves are banned\n|rule|Evasion Clause: Evasion abilities, items, and moves are banned\n|rule|Evasion Abilities Clause: Evasion abilities are banned\n|rule|Evasion Items Clause: Evasion items are banned\n|rule|Evasion Moves Clause: Evasion moves are banned\n|rule|Species Clause: Limit one of each Pok\u00e9mon\n|rule|Sleep Clause Mod: Limit one foe put to sleep\n|clearpoke\n|poke|p1|Sneasler, M|\n|poke|p1|Ogerpon-Wellspring, F|\n|poke|p1|Latios, M|\n|poke|p1|Heatran, M|\n|poke|p1|Clefable, M|\n|poke|p1|Landorus-Therian, M|\n|poke|p2|Alomomola, F|\n|poke|p2|Garganacl, F|\n|poke|p2|Enamorus, F|\n|poke|p2|Samurott-Hisui, F|\n|poke|p2|Landorus-Therian, M|\n|poke|p2|Medicham, F|\n|teampreview\n|inactive|Battle timer is ON: inactive players will automatically lose when time's up. (requested by hidin)\n|c|\u2606seraphz|Hf\n|c|\u2606hidin|u2\n|inactive|seraphz has 270 seconds left.\n|\n|t:|1700534420\n|start\n|switch|p1a: Sneasler|Sneasler, M|100\/100\n|switch|p2a: Enamorus|Enamorus, F|100\/100\n|turn|1\n|\n|t:|1700534428\n|switch|p2a: Landorus|Landorus-Therian, M|100\/100\n|-ability|p2a: Landorus|Intimidate|boost\n|-unboost|p1a: Sneasler|atk|1\n|move|p1a: Sneasler|Fake Out|p2a: Landorus\n|-damage|p2a: Landorus|94\/100\n|-damage|p1a: Sneasler|84\/100|[from] item: Rocky Helmet|[of] p2a: Landorus\n|\n|upkeep\n|turn|2\n|\n|t:|1700534438\n|move|p1a: Sneasler|Dire Claw|p2a: Landorus\n|-resisted|p2a: Landorus\n|-damage|p2a: Landorus|84\/100\n|-status|p2a: Landorus|par\n|-damage|p1a: Sneasler|67\/100|[from] item: Rocky Helmet|[of] p2a: Landorus\n|move|p2a: Landorus|Earthquake|p1a: Sneasler\n|-supereffective|p1a: Sneasler\n|-damage|p1a: Sneasler|0 fnt\n|faint|p1a: Sneasler\n|\n|upkeep\n|\n|t:|1700534446\n|switch|p1a: Latios|Latios, M|100\/100\n|turn|3\n|\n|t:|1700534454\n|detailschange|p1a: Latios|Latios-Mega, M\n|-mega|p1a: Latios|Latios|Latiosite\n|move|p1a: Latios|Ice Beam|p2a: Landorus\n|-supereffective|p2a: Landorus\n|-damage|p2a: Landorus|0 fnt\n|faint|p2a: Landorus\n|\n|upkeep\n|\n|t:|1700534464\n|switch|p2a: Samurott|Samurott-Hisui, F|100\/100\n|turn|4\n|\n|t:|1700534483\n|switch|p1a: Clefable|Clefable, M|100\/100\n|move|p2a: Samurott|Ceaseless Edge|p1a: Clefable\n|-resisted|p1a: Clefable\n|-damage|p1a: Clefable|79\/100\n|-damage|p2a: Samurott|84\/100|[from] item: Rocky Helmet|[of] p1a: Clefable\n|-sidestart|p1: hidin|Spikes\n|\n|upkeep\n|turn|5\n|\n|t:|1700534492\n|move|p2a: Samurott|Swords Dance|p2a: Samurott\n|-boost|p2a: Samurott|atk|2\n|move|p1a: Clefable|Calm Mind|p1a: Clefable\n|-boost|p1a: Clefable|spa|1\n|-boost|p1a: Clefable|spd|1\n|\n|upkeep\n|turn|6\n|inactive|seraphz has 270 seconds left.\n|\n|t:|1700534535\n|-terastallize|p1a: Clefable|Dragon\n|move|p2a: Samurott|Ceaseless Edge|p1a: Clefable\n|-damage|p1a: Clefable|0 fnt\n|-damage|p2a: Samurott|67\/100|[from] item: Rocky Helmet|[of] p1a: Clefable\n|-sidestart|p1: hidin|Spikes\n|faint|p1a: Clefable\n|\n|upkeep\n|\n|t:|1700534544\n|switch|p1a: Landorus|Landorus-Therian, M|100\/100\n|-ability|p1a: Landorus|Intimidate|boost\n|-unboost|p2a: Samurott|atk|1\n|turn|7\n|inactive|seraphz has 270 seconds left.\n|\n|t:|1700534549\n|switch|p2a: Alomomola|Alomomola, F|100\/100\n|move|p1a: Landorus|U-turn|p2a: Alomomola\n|-damage|p2a: Alomomola|88\/100\n|\n|t:|1700534553\n|switch|p1a: Heatran|Heatran, M|100\/100|[from] U-turn\n|-damage|p1a: Heatran|84\/100|[from] Spikes\n|\n|-heal|p1a: Heatran|90\/100|[from] item: Leftovers\n|upkeep\n|turn|8\n|\n|t:|1700534559\n|move|p1a: Heatran|Stealth Rock|p2a: Alomomola\n|-sidestart|p2: seraphz|move: Stealth Rock\n|move|p2a: Alomomola|Flip Turn|p1a: Heatran\n|-supereffective|p1a: Heatran\n|-damage|p1a: Heatran|62\/100\n|\n|t:|1700534573\n|switch|p2a: Samurott|Samurott-Hisui, F|67\/100|[from] Flip Turn\n|-damage|p2a: Samurott|55\/100|[from] Stealth Rock\n|\n|-heal|p1a: Heatran|68\/100|[from] item: Leftovers\n|upkeep\n|turn|9\n|\n|t:|1700534582\n|switch|p1a: Landorus|Landorus-Therian, M|100\/100\n|-ability|p1a: Landorus|Intimidate|boost\n|-unboost|p2a: Samurott|atk|1\n|move|p2a: Samurott|Ceaseless Edge|p1a: Landorus\n|-damage|p1a: Landorus|64\/100\n|-sidestart|p1: hidin|Spikes\n|\n|upkeep\n|turn|10\n|\n|t:|1700534600\n|switch|p2a: Alomomola|Alomomola, F|100\/100\n|move|p1a: Landorus|U-turn|p2a: Alomomola\n|-damage|p2a: Alomomola|88\/100\n|\n|t:|1700534604\n|switch|p1a: Heatran|Heatran, M|68\/100|[from] U-turn\n|-damage|p1a: Heatran|43\/100|[from] Spikes\n|\n|-heal|p1a: Heatran|49\/100|[from] item: Leftovers\n|upkeep\n|turn|11\n|\n|t:|1700534609\n|move|p1a: Heatran|Toxic|p2a: Alomomola|[miss]\n|-miss|p1a: Heatran|p2a: Alomomola\n|move|p2a: Alomomola|Toxic|p1a: Heatran\n|-immune|p1a: Heatran\n|\n|-heal|p1a: Heatran|55\/100|[from] item: Leftovers\n|upkeep\n|turn|12\n|\n|t:|1700534616\n|switch|p1a: Ogerpon|Ogerpon-Wellspring, F|100\/100\n|-damage|p1a: Ogerpon|76\/100|[from] Spikes\n|switch|p2a: Garganacl|Garganacl, F|100\/100\n|-damage|p2a: Garganacl|88\/100|[from] Stealth Rock\n|\n|-heal|p2a: Garganacl|94\/100|[from] item: Leftovers\n|upkeep\n|turn|13\n|\n|t:|1700534644\n|switch|p2a: Samurott|Samurott-Hisui, F|55\/100\n|-damage|p2a: Samurott|43\/100|[from] Stealth Rock\n|move|p1a: Ogerpon|Swords Dance|p1a: Ogerpon\n|-boost|p1a: Ogerpon|atk|2\n|\n|upkeep\n|turn|14\n|\n|t:|1700534653\n|move|p2a: Samurott|Sucker Punch|p1a: Ogerpon\n|-damage|p1a: Ogerpon|26\/100\n|move|p1a: Ogerpon|Horn Leech|p2a: Samurott\n|-supereffective|p2a: Samurott\n|-damage|p2a: Samurott|0 fnt\n|-heal|p1a: Ogerpon|48\/100|[from] drain|[of] p2a: Samurott\n|faint|p2a: Samurott\n|\n|upkeep\n|\n|t:|1700534666\n|switch|p2a: Alomomola|Alomomola, F|100\/100\n|turn|15\n|\n|t:|1700534674\n|-terastallize|p2a: Alomomola|Dragon\n|move|p1a: Ogerpon|Horn Leech|p2a: Alomomola\n|-resisted|p2a: Alomomola\n|-damage|p2a: Alomomola|75\/100\n|-heal|p1a: Ogerpon|69\/100|[from] drain|[of] p2a: Alomomola\n|move|p2a: Alomomola|Toxic|p1a: Ogerpon\n|-status|p1a: Ogerpon|tox\n|\n|-damage|p1a: Ogerpon|63\/100 tox|[from] psn\n|upkeep\n|turn|16\n|\n|t:|1700534688\n|move|p2a: Alomomola|Protect|p2a: Alomomola\n|-singleturn|p2a: Alomomola|Protect\n|move|p1a: Ogerpon|Swords Dance|p1a: Ogerpon\n|-boost|p1a: Ogerpon|atk|2\n|\n|-damage|p1a: Ogerpon|51\/100 tox|[from] psn\n|upkeep\n|turn|17\n|\n|t:|1700534698\n|move|p1a: Ogerpon|Horn Leech|p2a: Alomomola\n|-resisted|p2a: Alomomola\n|-damage|p2a: Alomomola|32\/100\n|-heal|p1a: Ogerpon|84\/100 tox|[from] drain|[of] p2a: Alomomola\n|move|p2a: Alomomola|Wish|p2a: Alomomola\n|\n|-damage|p1a: Ogerpon|66\/100 tox|[from] psn\n|upkeep\n|turn|18\n|\n|t:|1700534706\n|move|p2a: Alomomola|Protect|p2a: Alomomola\n|-singleturn|p2a: Alomomola|Protect\n|move|p1a: Ogerpon|Swords Dance|p1a: Ogerpon\n|-boost|p1a: Ogerpon|atk|2\n|\n|-heal|p2a: Alomomola|82\/100|[from] move: Wish|[wisher] Alomomola\n|-damage|p1a: Ogerpon|42\/100 tox|[from] psn\n|upkeep\n|turn|19\n|\n|t:|1700534715\n|move|p1a: Ogerpon|Encore|p2a: Alomomola\n|-start|p2a: Alomomola|Encore\n|move|p2a: Alomomola|Protect||[still]\n|-fail|p2a: Alomomola\n|\n|-damage|p1a: Ogerpon|12\/100 tox|[from] psn\n|upkeep\n|turn|20\n|\n|t:|1700534723\n|switch|p1a: Latios|Latios-Mega, M|100\/100\n|move|p2a: Alomomola|Protect||[still]\n|-fail|p2a: Alomomola\n|\n|upkeep\n|turn|21\n|\n|t:|1700534730\n|switch|p2a: Garganacl|Garganacl, F|94\/100\n|-damage|p2a: Garganacl|82\/100|[from] Stealth Rock\n|move|p1a: Latios|Ice Beam|p2a: Garganacl\n|-damage|p2a: Garganacl|59\/100\n|\n|-heal|p2a: Garganacl|66\/100|[from] item: Leftovers\n|upkeep\n|turn|22\n|\n|t:|1700534734\n|move|p1a: Latios|Aura Sphere|p2a: Garganacl\n|-supereffective|p2a: Garganacl\n|-damage|p2a: Garganacl|25\/100\n|move|p2a: Garganacl|Salt Cure|p1a: Latios\n|-damage|p1a: Latios|85\/100\n|-start|p1a: Latios|Salt Cure\n|\n|-heal|p2a: Garganacl|32\/100|[from] item: Leftovers\n|-damage|p1a: Latios|73\/100|[from] Salt Cure\n|upkeep\n|turn|23\n|\n|t:|1700534740\n|switch|p1a: Landorus|Landorus-Therian, M|64\/100\n|-ability|p1a: Landorus|Intimidate|boost\n|-unboost|p2a: Garganacl|atk|1\n|move|p2a: Garganacl|Protect||[still]\n|-fail|p2a: Garganacl\n|\n|-heal|p2a: Garganacl|38\/100|[from] item: Leftovers\n|upkeep\n|turn|24\n|\n|t:|1700534769\n|move|p2a: Garganacl|Protect|p2a: Garganacl\n|-singleturn|p2a: Garganacl|Protect\n|move|p1a: Landorus|U-turn|p2a: Garganacl\n|-activate|p2a: Garganacl|move: Protect\n|\n|-heal|p2a: Garganacl|44\/100|[from] item: Leftovers\n|upkeep\n|turn|25\n|\n|t:|1700534776\n|switch|p1a: Heatran|Heatran, M|55\/100\n|-damage|p1a: Heatran|30\/100|[from] Spikes\n|move|p2a: Garganacl|Recover|p2a: Garganacl\n|-heal|p2a: Garganacl|94\/100\n|\n|-heal|p1a: Heatran|37\/100|[from] item: Leftovers\n|-heal|p2a: Garganacl|99\/100|[from] item: Leftovers\n|upkeep\n|turn|26\n|\n|t:|1700534787\n|move|p1a: Heatran|Earth Power|p2a: Garganacl\n|-supereffective|p2a: Garganacl\n|-damage|p2a: Garganacl|65\/100\n|move|p2a: Garganacl|Salt Cure|p1a: Heatran\n|-damage|p1a: Heatran|29\/100\n|-start|p1a: Heatran|Salt Cure\n|\n|-heal|p1a: Heatran|35\/100|[from] item: Leftovers\n|-heal|p2a: Garganacl|71\/100|[from] item: Leftovers\n|-damage|p1a: Heatran|10\/100|[from] Salt Cure\n|upkeep\n|turn|27\n|\n|t:|1700534794\n|switch|p1a: Latios|Latios-Mega, M|73\/100\n|move|p2a: Garganacl|Recover|p2a: Garganacl\n|-heal|p2a: Garganacl|100\/100\n|\n|upkeep\n|turn|28\n|\n|t:|1700534801\n|switch|p1a: Heatran|Heatran, M|10\/100\n|-damage|p1a: Heatran|0 fnt|[from] Spikes\n|faint|p1a: Heatran\n|move|p2a: Garganacl|Salt Cure|p1: Heatran|[notarget]\n|-fail|p2a: Garganacl\n|\n|upkeep\n|\n|t:|1700534803\n|switch|p1a: Landorus|Landorus-Therian, M|64\/100\n|-ability|p1a: Landorus|Intimidate|boost\n|-unboost|p2a: Garganacl|atk|1\n|turn|29\n|\n|t:|1700534808\n|switch|p2a: Alomomola|Alomomola, F, tera:Dragon|100\/100\n|move|p1a: Landorus|Defog|p2a: Alomomola\n|-unboost|p2a: Alomomola|evasion|1\n|-sideend|p2: seraphz|Stealth Rock|[from] move: Defog|[of] p1a: Landorus\n|-sideend|p1: hidin|Spikes|[from] move: Defog|[of] p1a: Landorus\n|\n|upkeep\n|turn|30\n|\n|t:|1700534820\n|switch|p1a: Ogerpon|Ogerpon-Wellspring, F|12\/100 tox\n|move|p2a: Alomomola|Wish|p2a: Alomomola\n|\n|-damage|p1a: Ogerpon|6\/100 tox|[from] psn\n|upkeep\n|turn|31\n|inactive|seraphz has 270 seconds left.\n|\n|t:|1700534855\n|move|p1a: Ogerpon|Ivy Cudgel|p2a: Alomomola|[anim] Ivy Cudgel Water\n|-resisted|p2a: Alomomola\n|-damage|p2a: Alomomola|82\/100\n|move|p2a: Alomomola|Toxic|p1a: Ogerpon|[miss]\n|-miss|p2a: Alomomola|p1a: Ogerpon\n|\n|-heal|p2a: Alomomola|100\/100|[from] move: Wish|[wisher] Alomomola\n|-damage|p1a: Ogerpon|0 fnt|[from] psn\n|faint|p1a: Ogerpon\n|upkeep\n|\n|t:|1700534862\n|switch|p1a: Latios|Latios-Mega, M|73\/100\n|turn|32\n|\n|t:|1700534874\n|move|p1a: Latios|Aura Sphere|p2a: Alomomola\n|-damage|p2a: Alomomola|69\/100\n|move|p2a: Alomomola|Toxic|p1a: Latios|[miss]\n|-miss|p2a: Alomomola|p1a: Latios\n|\n|upkeep\n|turn|33\n|\n|t:|1700534884\n|switch|p2a: Garganacl|Garganacl, F|100\/100\n|move|p1a: Latios|Ice Beam|p2a: Garganacl\n|-damage|p2a: Garganacl|77\/100\n|\n|-heal|p2a: Garganacl|84\/100|[from] item: Leftovers\n|upkeep\n|turn|34\n|inactive|seraphz has 270 seconds left.\n|\n|t:|1700534906\n|move|p1a: Latios|Aura Sphere|p2a: Garganacl\n|-supereffective|p2a: Garganacl\n|-damage|p2a: Garganacl|40\/100\n|move|p2a: Garganacl|Salt Cure|p1a: Latios\n|-damage|p1a: Latios|56\/100\n|-start|p1a: Latios|Salt Cure\n|\n|-heal|p2a: Garganacl|46\/100|[from] item: Leftovers\n|-damage|p1a: Latios|43\/100|[from] Salt Cure\n|upkeep\n|turn|35\n|c|\u2606hidin|enam nukes me\n|c|\u2606hidin|Gg\n|inactive|seraphz has 270 seconds left.\n|-message|hidin forfeited.\n|\n|win|seraphz\n","uploadtime":1700534919,"views":2,"p1id":"hidin","p2id":"seraphz","formatid":"gen9nationaldex","rating":0,"private":0,"password":""}