{"id":"gen9nationaldex-1997079837","p1":"Glass101","p2":"randomguyforlife","format":"[Gen 9] National Dex","log":"|html|<div class=\"broadcast-blue\"><strong>[Gen 9] National Dex is currently suspecting Sneasler! For information on how to participate check out the <a href=\"https:\/\/www.smogon.com\/forums\/threads\/sv-national-dex-suspect-8-just-dance.3731534\/\">suspect thread<\/a>.<\/strong><\/div>\n|j|\u2606Glass101\n|j|\u2606randomguyforlife\n|t:|1700762443\n|gametype|singles\n|player|p1|Glass101|rocketgruntf|1532\n|player|p2|randomguyforlife|265|1465\n|teamsize|p1|6\n|teamsize|p2|6\n|gen|9\n|tier|[Gen 9] National Dex\n|rated|\n|rule|HP Percentage Mod: HP is shown in percentages\n|rule|Endless Battle Clause: Forcing endless battles is banned\n|rule|OHKO Clause: OHKO moves are banned\n|rule|Evasion Clause: Evasion abilities, items, and moves are banned\n|rule|Evasion Abilities Clause: Evasion abilities are banned\n|rule|Evasion Items Clause: Evasion items are banned\n|rule|Evasion Moves Clause: Evasion moves are banned\n|rule|Species Clause: Limit one of each Pok\u00e9mon\n|rule|Sleep Clause Mod: Limit one foe put to sleep\n|clearpoke\n|poke|p1|Kyurem|\n|poke|p1|Sinistcha|\n|poke|p1|Cresselia, F|\n|poke|p1|Ceruledge, M|\n|poke|p1|Galvantula, M|\n|poke|p1|Clodsire, M|\n|poke|p2|Ursaluna, M|\n|poke|p2|Jirachi|\n|poke|p2|Tyranitar, M|\n|poke|p2|Mandibuzz, F|\n|poke|p2|Nihilego|\n|poke|p2|Urshifu-*, M|\n|teampreview\n|inactive|Battle timer is ON: inactive players will automatically lose when time's up. (requested by Glass101)\n|\n|t:|1700762467\n|start\n|switch|p1a: Galvantula|Galvantula, M|100\/100\n|switch|p2a: Jirachi|Jirachi|100\/100\n|turn|1\n|\n|t:|1700762474\n|move|p2a: Jirachi|Iron Head|p1a: Galvantula\n|-resisted|p1a: Galvantula\n|-damage|p1a: Galvantula|66\/100\n|cant|p1a: Galvantula|flinch\n|\n|upkeep\n|turn|2\n|\n|t:|1700762477\n|move|p2a: Jirachi|Iron Head|p1a: Galvantula\n|-resisted|p1a: Galvantula\n|-damage|p1a: Galvantula|36\/100\n|cant|p1a: Galvantula|flinch\n|\n|upkeep\n|turn|3\n|\n|t:|1700762480\n|move|p2a: Jirachi|Iron Head|p1a: Galvantula\n|-resisted|p1a: Galvantula\n|-damage|p1a: Galvantula|5\/100\n|cant|p1a: Galvantula|flinch\n|\n|upkeep\n|turn|4\n|\n|t:|1700762483\n|switch|p1a: Ceruledge|Ceruledge, M|100\/100\n|move|p2a: Jirachi|Iron Head|p1a: Ceruledge\n|-resisted|p1a: Ceruledge\n|-damage|p1a: Ceruledge|79\/100\n|\n|upkeep\n|turn|5\n|\n|t:|1700762488\n|switch|p2a: Ursaluna|Ursaluna, M|100\/100\n|switch|p1a: Galvantula|Galvantula, M|5\/100\n|\n|-status|p2a: Ursaluna|brn|[from] item: Flame Orb\n|upkeep\n|turn|6\n|\n|t:|1700762493\n|move|p1a: Galvantula|Sticky Web|p2a: Ursaluna\n|-sidestart|p2: randomguyforlife|move: Sticky Web\n|move|p2a: Ursaluna|Earthquake|p1a: Galvantula\n|-damage|p1a: Galvantula|0 fnt\n|faint|p1a: Galvantula\n|\n|-damage|p2a: Ursaluna|94\/100 brn|[from] brn\n|upkeep\n|\n|t:|1700762501\n|switch|p1a: Kyurem|Kyurem|100\/100\n|-ability|p1a: Kyurem|Pressure\n|turn|7\n|\n|t:|1700762503\n|move|p1a: Kyurem|Freeze-Dry|p2a: Ursaluna\n|-supereffective|p2a: Ursaluna\n|-damage|p2a: Ursaluna|0 fnt\n|faint|p2a: Ursaluna\n|-damage|p1a: Kyurem|91\/100|[from] item: Life Orb\n|\n|upkeep\n|\n|t:|1700762508\n|switch|p2a: Jirachi|Jirachi|100\/100\n|-activate|p2a: Jirachi|move: Sticky Web\n|-unboost|p2a: Jirachi|spe|1\n|turn|8\n|\n|t:|1700762510\n|move|p2a: Jirachi|Iron Head|p1a: Kyurem\n|-supereffective|p1a: Kyurem\n|-damage|p1a: Kyurem|32\/100\n|cant|p1a: Kyurem|flinch\n|\n|upkeep\n|turn|9\n|\n|t:|1700762514\n|switch|p1a: Cresselia|Cresselia, F|100\/100\n|move|p2a: Jirachi|Iron Head|p1a: Cresselia\n|-damage|p1a: Cresselia|82\/100\n|\n|upkeep\n|turn|10\n|\n|t:|1700762517\n|switch|p2a: Mandibuzz|Mandibuzz, F|100\/100\n|move|p1a: Cresselia|Calm Mind|p1a: Cresselia\n|-boost|p1a: Cresselia|spa|1\n|-boost|p1a: Cresselia|spd|1\n|\n|upkeep\n|turn|11\n|\n|t:|1700762520\n|-terastallize|p1a: Cresselia|Poison\n|move|p1a: Cresselia|Calm Mind|p1a: Cresselia\n|-boost|p1a: Cresselia|spa|1\n|-boost|p1a: Cresselia|spd|1\n|move|p2a: Mandibuzz|Defog|p1a: Cresselia\n|-unboost|p1a: Cresselia|evasion|1\n|-sideend|p2: randomguyforlife|Sticky Web|[from] move: Defog|[of] p2a: Mandibuzz\n|\n|upkeep\n|turn|12\n|\n|t:|1700762526\n|switch|p2a: Tyranitar|Tyranitar, M|100\/100\n|-weather|Sandstorm|[from] ability: Sand Stream|[of] p2a: Tyranitar\n|move|p1a: Cresselia|Calm Mind|p1a: Cresselia\n|-boost|p1a: Cresselia|spa|1\n|-boost|p1a: Cresselia|spd|1\n|\n|-weather|Sandstorm|[upkeep]\n|-damage|p1a: Cresselia|76\/100|[from] Sandstorm\n|upkeep\n|turn|13\n|\n|t:|1700762531\n|detailschange|p2a: Tyranitar|Tyranitar-Mega, M\n|-mega|p2a: Tyranitar|Tyranitar|Tyranitarite\n|move|p2a: Tyranitar|Dragon Dance|p2a: Tyranitar\n|-boost|p2a: Tyranitar|atk|1\n|-boost|p2a: Tyranitar|spe|1\n|move|p1a: Cresselia|Moonblast|p2a: Tyranitar\n|-supereffective|p2a: Tyranitar\n|-damage|p2a: Tyranitar|47\/100\n|\n|-weather|Sandstorm|[upkeep]\n|-damage|p1a: Cresselia|70\/100|[from] Sandstorm\n|upkeep\n|turn|14\n|\n|t:|1700762534\n|move|p2a: Tyranitar|Knock Off|p1a: Cresselia\n|-damage|p1a: Cresselia|23\/100\n|-enditem|p1a: Cresselia|Covert Cloak|[from] move: Knock Off|[of] p2a: Tyranitar\n|move|p1a: Cresselia|Moonblast|p2a: Tyranitar\n|-supereffective|p2a: Tyranitar\n|-damage|p2a: Tyranitar|0 fnt\n|faint|p2a: Tyranitar\n|\n|-weather|Sandstorm|[upkeep]\n|-damage|p1a: Cresselia|16\/100|[from] Sandstorm\n|upkeep\n|\n|t:|1700762541\n|switch|p2a: Urshifu|Urshifu-Rapid-Strike, M|100\/100\n|turn|15\n|\n|t:|1700762547\n|move|p2a: Urshifu|Surging Strikes|p1a: Cresselia\n|-crit|p1a: Cresselia\n|-damage|p1a: Cresselia|0 fnt\n|faint|p1a: Cresselia\n|-hitcount|p1: Cresselia|1\n|\n|-weather|Sandstorm|[upkeep]\n|-damage|p2a: Urshifu|94\/100|[from] Sandstorm\n|upkeep\n|\n|t:|1700762548\n|switch|p1a: Sinistcha|Sinistcha|100\/100\n|turn|16\n|\n|t:|1700762553\n|switch|p2a: Mandibuzz|Mandibuzz, F|100\/100\n|move|p1a: Sinistcha|Calm Mind|p1a: Sinistcha\n|-boost|p1a: Sinistcha|spa|1\n|-boost|p1a: Sinistcha|spd|1\n|\n|-weather|none\n|upkeep\n|turn|17\n|\n|t:|1700762557\n|switch|p1a: Clodsire|Clodsire, M|100\/100\n|move|p2a: Mandibuzz|Toxic|p1a: Clodsire\n|-immune|p1a: Clodsire\n|\n|upkeep\n|turn|18\n|\n|t:|1700762561\n|switch|p2a: Urshifu|Urshifu-Rapid-Strike, M|94\/100\n|move|p1a: Clodsire|Earthquake|p2a: Urshifu\n|-damage|p2a: Urshifu|67\/100\n|\n|upkeep\n|turn|19\n|\n|t:|1700762564\n|switch|p1a: Sinistcha|Sinistcha|100\/100\n|-terastallize|p2a: Urshifu|Water\n|move|p2a: Urshifu|Surging Strikes|p1a: Sinistcha\n|-resisted|p1a: Sinistcha\n|-crit|p1a: Sinistcha\n|-damage|p1a: Sinistcha|87\/100\n|-resisted|p1a: Sinistcha\n|-crit|p1a: Sinistcha\n|-damage|p1a: Sinistcha|73\/100\n|-resisted|p1a: Sinistcha\n|-crit|p1a: Sinistcha\n|-damage|p1a: Sinistcha|60\/100\n|-hitcount|p1a: Sinistcha|3\n|\n|upkeep\n|turn|20\n|\n|t:|1700762569\n|switch|p2a: Mandibuzz|Mandibuzz, F|100\/100\n|move|p1a: Sinistcha|Strength Sap|p2a: Mandibuzz\n|-unboost|p2a: Mandibuzz|atk|1\n|-heal|p1a: Sinistcha|95\/100\n|\n|upkeep\n|turn|21\n|\n|t:|1700762572\n|switch|p2a: Urshifu|Urshifu-Rapid-Strike, M, tera:Water|67\/100\n|switch|p1a: Clodsire|Clodsire, M|100\/100\n|\n|upkeep\n|turn|22\n|\n|t:|1700762575\n|switch|p1a: Sinistcha|Sinistcha|95\/100\n|move|p2a: Urshifu|Surging Strikes|p1a: Sinistcha\n|-resisted|p1a: Sinistcha\n|-crit|p1a: Sinistcha\n|-damage|p1a: Sinistcha|82\/100\n|-resisted|p1a: Sinistcha\n|-crit|p1a: Sinistcha\n|-damage|p1a: Sinistcha|69\/100\n|-resisted|p1a: Sinistcha\n|-crit|p1a: Sinistcha\n|-damage|p1a: Sinistcha|54\/100\n|-hitcount|p1a: Sinistcha|3\n|\n|upkeep\n|turn|23\n|\n|t:|1700762581\n|switch|p2a: Jirachi|Jirachi|100\/100\n|move|p1a: Sinistcha|Strength Sap|p2a: Jirachi\n|-unboost|p2a: Jirachi|atk|1\n|-heal|p1a: Sinistcha|100\/100\n|\n|upkeep\n|turn|24\n|\n|t:|1700762584\n|move|p2a: Jirachi|Trick|p1a: Sinistcha\n|-activate|p2a: Jirachi|move: Trick|[of] p1a: Sinistcha\n|-item|p1a: Sinistcha|Choice Scarf|[from] move: Trick\n|-item|p2a: Jirachi|Covert Cloak|[from] move: Trick\n|move|p1a: Sinistcha|Calm Mind|p1a: Sinistcha\n|-boost|p1a: Sinistcha|spa|1\n|-boost|p1a: Sinistcha|spd|1\n|\n|upkeep\n|turn|25\n|\n|t:|1700762587\n|switch|p1a: Clodsire|Clodsire, M|100\/100\n|move|p2a: Jirachi|U-turn|p1a: Clodsire\n|-resisted|p1a: Clodsire\n|-damage|p1a: Clodsire|93\/100\n|\n|t:|1700762589\n|switch|p2a: Urshifu|Urshifu-Rapid-Strike, M, tera:Water|67\/100|[from] U-turn\n|\n|upkeep\n|turn|26\n|\n|t:|1700762594\n|switch|p1a: Sinistcha|Sinistcha|100\/100\n|move|p2a: Urshifu|Surging Strikes|p1a: Sinistcha\n|-resisted|p1a: Sinistcha\n|-crit|p1a: Sinistcha\n|-damage|p1a: Sinistcha|87\/100\n|-resisted|p1a: Sinistcha\n|-crit|p1a: Sinistcha\n|-damage|p1a: Sinistcha|72\/100\n|-resisted|p1a: Sinistcha\n|-crit|p1a: Sinistcha\n|-damage|p1a: Sinistcha|59\/100\n|-hitcount|p1a: Sinistcha|3\n|\n|upkeep\n|turn|27\n|\n|t:|1700762598\n|switch|p2a: Nihilego|Nihilego|100\/100\n|move|p1a: Sinistcha|Strength Sap|p2a: Nihilego\n|-unboost|p2a: Nihilego|atk|1\n|-heal|p1a: Sinistcha|88\/100\n|\n|upkeep\n|turn|28\n|\n|t:|1700762602\n|switch|p1a: Clodsire|Clodsire, M|93\/100\n|move|p2a: Nihilego|Hidden Power|p1a: Clodsire\n|-supereffective|p1a: Clodsire\n|-damage|p1a: Clodsire|64\/100\n|\n|upkeep\n|turn|29\n|\n|t:|1700762606\n|switch|p2a: Mandibuzz|Mandibuzz, F|100\/100\n|move|p1a: Clodsire|Earthquake|p2a: Mandibuzz\n|-immune|p2a: Mandibuzz\n|\n|upkeep\n|turn|30\n|\n|t:|1700762610\n|move|p2a: Mandibuzz|Foul Play|p1a: Clodsire\n|-damage|p1a: Clodsire|41\/100\n|move|p1a: Clodsire|Toxic|p2a: Mandibuzz\n|-status|p2a: Mandibuzz|tox\n|\n|-damage|p2a: Mandibuzz|94\/100 tox|[from] psn\n|upkeep\n|turn|31\n|\n|t:|1700762616\n|switch|p2a: Urshifu|Urshifu-Rapid-Strike, M, tera:Water|67\/100\n|move|p1a: Clodsire|Recover|p1a: Clodsire\n|-heal|p1a: Clodsire|91\/100\n|\n|upkeep\n|turn|32\n|\n|t:|1700762618\n|switch|p1a: Sinistcha|Sinistcha|88\/100\n|move|p2a: Urshifu|Surging Strikes|p1a: Sinistcha\n|-resisted|p1a: Sinistcha\n|-crit|p1a: Sinistcha\n|-damage|p1a: Sinistcha|74\/100\n|-resisted|p1a: Sinistcha\n|-crit|p1a: Sinistcha\n|-damage|p1a: Sinistcha|60\/100\n|-resisted|p1a: Sinistcha\n|-crit|p1a: Sinistcha\n|-damage|p1a: Sinistcha|46\/100\n|-hitcount|p1a: Sinistcha|3\n|\n|upkeep\n|turn|33\n|\n|t:|1700762622\n|move|p2a: Urshifu|Surging Strikes|p1a: Sinistcha\n|-resisted|p1a: Sinistcha\n|-crit|p1a: Sinistcha\n|-damage|p1a: Sinistcha|31\/100\n|-resisted|p1a: Sinistcha\n|-crit|p1a: Sinistcha\n|-damage|p1a: Sinistcha|17\/100\n|-resisted|p1a: Sinistcha\n|-crit|p1a: Sinistcha\n|-damage|p1a: Sinistcha|3\/100\n|-hitcount|p1a: Sinistcha|3\n|move|p1a: Sinistcha|Strength Sap|p2a: Urshifu\n|-unboost|p2a: Urshifu|atk|1\n|-heal|p1a: Sinistcha|100\/100\n|\n|upkeep\n|turn|34\n|\n|t:|1700762627\n|switch|p2a: Nihilego|Nihilego|100\/100\n|switch|p1a: Kyurem|Kyurem|32\/100\n|-ability|p1a: Kyurem|Pressure\n|\n|upkeep\n|turn|35\n|\n|t:|1700762630\n|switch|p1a: Clodsire|Clodsire, M|91\/100\n|move|p2a: Nihilego|Meteor Beam||[still]\n|-prepare|p2a: Nihilego|Meteor Beam\n|-boost|p2a: Nihilego|spa|1\n|-enditem|p2a: Nihilego|Power Herb\n|-anim|p2a: Nihilego|Meteor Beam|p1a: Clodsire\n|-resisted|p1a: Clodsire\n|-damage|p1a: Clodsire|70\/100\n|\n|upkeep\n|turn|36\n|\n|t:|1700762633\n|move|p2a: Nihilego|Hidden Power|p1a: Clodsire\n|-supereffective|p1a: Clodsire\n|-damage|p1a: Clodsire|40\/100\n|move|p1a: Clodsire|Earthquake|p2a: Nihilego\n|-supereffective|p2a: Nihilego\n|-damage|p2a: Nihilego|0 fnt\n|faint|p2a: Nihilego\n|\n|upkeep\n|\n|t:|1700762638\n|switch|p2a: Jirachi|Jirachi|100\/100\n|turn|37\n|\n|t:|1700762642\n|switch|p1a: Ceruledge|Ceruledge, M|79\/100\n|move|p2a: Jirachi|Iron Head|p1a: Ceruledge\n|-resisted|p1a: Ceruledge\n|-damage|p1a: Ceruledge|56\/100\n|\n|upkeep\n|turn|38\n|\n|t:|1700762647\n|move|p2a: Jirachi|Iron Head|p1a: Ceruledge\n|-resisted|p1a: Ceruledge\n|-damage|p1a: Ceruledge|33\/100\n|cant|p1a: Ceruledge|flinch\n|\n|upkeep\n|turn|39\n|\n|t:|1700762649\n|move|p2a: Jirachi|Iron Head|p1a: Ceruledge\n|-resisted|p1a: Ceruledge\n|-damage|p1a: Ceruledge|11\/100\n|cant|p1a: Ceruledge|flinch\n|\n|upkeep\n|turn|40\n|c|\u2606Glass101|We gotta get a counter\n|c|\u2606Glass101|This is too much even for jirachi\n|\n|t:|1700762663\n|switch|p1a: Sinistcha|Sinistcha|100\/100\n|move|p2a: Jirachi|Iron Head|p1a: Sinistcha\n|-damage|p1a: Sinistcha|77\/100\n|\n|upkeep\n|turn|41\n|c|\u2606randomguyforlife|faster pokemon and priority are counters to jirachi as well as inner focus pokemon and more\n|\n|t:|1700762681\n|move|p2a: Jirachi|U-turn|p1a: Sinistcha\n|-damage|p1a: Sinistcha|63\/100\n|\n|t:|1700762683\n|switch|p2a: Mandibuzz|Mandibuzz, F|94\/100 tox|[from] U-turn\n|move|p1a: Sinistcha|Shadow Ball|p2a: Mandibuzz\n|-resisted|p2a: Mandibuzz\n|-damage|p2a: Mandibuzz|82\/100 tox\n|\n|-damage|p2a: Mandibuzz|76\/100 tox|[from] psn\n|upkeep\n|turn|42\n|c|\u2606Glass101|No I mean't a flinch counter\n|c|\u2606Glass101|This is insane luck\n|\n|t:|1700762698\n|switch|p1a: Kyurem|Kyurem|32\/100\n|-ability|p1a: Kyurem|Pressure\n|move|p2a: Mandibuzz|Foul Play|p1a: Kyurem\n|-damage|p1a: Kyurem|4\/100\n|\n|-damage|p2a: Mandibuzz|63\/100 tox|[from] psn\n|upkeep\n|turn|43\n|c|\u2606randomguyforlife|yeah all that i said are in fact counters to flinch possibilities\n|\n|t:|1700762715\n|switch|p2a: Jirachi|Jirachi|100\/100\n|move|p1a: Kyurem|Roost|p1a: Kyurem\n|-heal|p1a: Kyurem|54\/100\n|-singleturn|p1a: Kyurem|move: Roost\n|\n|upkeep\n|turn|44\n|\n|t:|1700762729\n|switch|p1a: Ceruledge|Ceruledge, M|11\/100\n|move|p2a: Jirachi|Iron Head|p1a: Ceruledge\n|-resisted|p1a: Ceruledge\n|-damage|p1a: Ceruledge|0 fnt\n|faint|p1a: Ceruledge\n|\n|upkeep\n|\n|t:|1700762730\n|switch|p1a: Sinistcha|Sinistcha|63\/100\n|turn|45\n|\n|t:|1700762735\n|move|p2a: Jirachi|U-turn|p1a: Sinistcha\n|-damage|p1a: Sinistcha|50\/100\n|\n|t:|1700762737\n|switch|p2a: Mandibuzz|Mandibuzz, F|63\/100 tox|[from] U-turn\n|move|p1a: Sinistcha|Strength Sap|p2a: Mandibuzz\n|-unboost|p2a: Mandibuzz|atk|1\n|-heal|p1a: Sinistcha|85\/100\n|\n|-damage|p2a: Mandibuzz|57\/100 tox|[from] psn\n|upkeep\n|turn|46\n|\n|t:|1700762740\n|switch|p1a: Clodsire|Clodsire, M|40\/100\n|move|p2a: Mandibuzz|Roost|p2a: Mandibuzz\n|-heal|p2a: Mandibuzz|100\/100 tox\n|-singleturn|p2a: Mandibuzz|move: Roost\n|\n|-damage|p2a: Mandibuzz|88\/100 tox|[from] psn\n|upkeep\n|turn|47\n|\n|t:|1700762746\n|switch|p2a: Urshifu|Urshifu-Rapid-Strike, M, tera:Water|67\/100\n|move|p1a: Clodsire|Recover|p1a: Clodsire\n|-heal|p1a: Clodsire|90\/100\n|\n|upkeep\n|turn|48\n|\n|t:|1700762748\n|switch|p1a: Sinistcha|Sinistcha|85\/100\n|move|p2a: Urshifu|U-turn|p1a: Sinistcha\n|-damage|p1a: Sinistcha|60\/100\n|\n|t:|1700762761\n|switch|p2a: Jirachi|Jirachi|100\/100|[from] U-turn\n|\n|upkeep\n|turn|49\n|\n|t:|1700762765\n|move|p2a: Jirachi|Iron Head|p1a: Sinistcha\n|-damage|p1a: Sinistcha|37\/100\n|move|p1a: Sinistcha|Strength Sap|p2a: Jirachi\n|-unboost|p2a: Jirachi|atk|1\n|-heal|p1a: Sinistcha|100\/100\n|\n|upkeep\n|turn|50\n|\n|t:|1700762777\n|switch|p1a: Clodsire|Clodsire, M|90\/100\n|move|p2a: Jirachi|U-turn|p1a: Clodsire\n|-resisted|p1a: Clodsire\n|-damage|p1a: Clodsire|82\/100\n|\n|t:|1700762780\n|switch|p2a: Urshifu|Urshifu-Rapid-Strike, M, tera:Water|67\/100|[from] U-turn\n|\n|upkeep\n|turn|51\n|\n|t:|1700762793\n|switch|p1a: Sinistcha|Sinistcha|100\/100\n|move|p2a: Urshifu|Surging Strikes|p1a: Sinistcha\n|-resisted|p1a: Sinistcha\n|-crit|p1a: Sinistcha\n|-damage|p1a: Sinistcha|86\/100\n|-resisted|p1a: Sinistcha\n|-crit|p1a: Sinistcha\n|-damage|p1a: Sinistcha|73\/100\n|-resisted|p1a: Sinistcha\n|-crit|p1a: Sinistcha\n|-damage|p1a: Sinistcha|60\/100\n|-hitcount|p1a: Sinistcha|3\n|\n|upkeep\n|turn|52\n|\n|t:|1700762797\n|switch|p2a: Mandibuzz|Mandibuzz, F|88\/100 tox\n|move|p1a: Sinistcha|Strength Sap|p2a: Mandibuzz\n|-unboost|p2a: Mandibuzz|atk|1\n|-heal|p1a: Sinistcha|95\/100\n|\n|-damage|p2a: Mandibuzz|82\/100 tox|[from] psn\n|upkeep\n|turn|53\n|\n|t:|1700762800\n|switch|p1a: Clodsire|Clodsire, M|82\/100\n|move|p2a: Mandibuzz|Foul Play|p1a: Clodsire\n|-damage|p1a: Clodsire|61\/100\n|\n|-damage|p2a: Mandibuzz|70\/100 tox|[from] psn\n|upkeep\n|turn|54\n|\n|t:|1700762805\n|switch|p2a: Jirachi|Jirachi|100\/100\n|move|p1a: Clodsire|Earthquake|p2a: Jirachi\n|-supereffective|p2a: Jirachi\n|-damage|p2a: Jirachi|42\/100\n|\n|upkeep\n|turn|55\n|\n|t:|1700762811\n|move|p2a: Jirachi|Iron Head|p1a: Clodsire\n|-damage|p1a: Clodsire|33\/100\n|move|p1a: Clodsire|Earthquake|p2a: Jirachi\n|-supereffective|p2a: Jirachi\n|-damage|p2a: Jirachi|0 fnt\n|faint|p2a: Jirachi\n|\n|upkeep\n|\n|t:|1700762817\n|switch|p2a: Urshifu|Urshifu-Rapid-Strike, M, tera:Water|67\/100\n|turn|56\n|\n|t:|1700762822\n|switch|p1a: Sinistcha|Sinistcha|95\/100\n|move|p2a: Urshifu|Close Combat|p1a: Sinistcha\n|-immune|p1a: Sinistcha\n|\n|upkeep\n|turn|57\n|\n|t:|1700762826\n|switch|p2a: Mandibuzz|Mandibuzz, F|70\/100 tox\n|move|p1a: Sinistcha|Shadow Ball|p2a: Mandibuzz\n|-resisted|p2a: Mandibuzz\n|-damage|p2a: Mandibuzz|57\/100 tox\n|-unboost|p2a: Mandibuzz|spd|1\n|\n|-damage|p2a: Mandibuzz|51\/100 tox|[from] psn\n|upkeep\n|turn|58\n|\n|t:|1700762840\n|move|p1a: Sinistcha|Shadow Ball|p2a: Mandibuzz\n|-resisted|p2a: Mandibuzz\n|-damage|p2a: Mandibuzz|32\/100 tox\n|move|p2a: Mandibuzz|Foul Play|p1a: Sinistcha\n|-supereffective|p1a: Sinistcha\n|-damage|p1a: Sinistcha|76\/100\n|\n|-damage|p2a: Mandibuzz|20\/100 tox|[from] psn\n|upkeep\n|turn|59\n|\n|t:|1700762844\n|move|p1a: Sinistcha|Shadow Ball|p2a: Mandibuzz\n|-resisted|p2a: Mandibuzz\n|-damage|p2a: Mandibuzz|0 fnt\n|faint|p2a: Mandibuzz\n|\n|upkeep\n|\n|t:|1700762846\n|switch|p2a: Urshifu|Urshifu-Rapid-Strike, M, tera:Water|67\/100\n|turn|60\n|c|\u2606Glass101|Pay good money to never go through that again\n|\n|t:|1700762851\n|move|p2a: Urshifu|Surging Strikes|p1a: Sinistcha\n|-resisted|p1a: Sinistcha\n|-crit|p1a: Sinistcha\n|-damage|p1a: Sinistcha|62\/100\n|-resisted|p1a: Sinistcha\n|-crit|p1a: Sinistcha\n|-damage|p1a: Sinistcha|48\/100\n|-resisted|p1a: Sinistcha\n|-crit|p1a: Sinistcha\n|-damage|p1a: Sinistcha|35\/100\n|-hitcount|p1a: Sinistcha|3\n|move|p1a: Sinistcha|Shadow Ball|p2a: Urshifu\n|-damage|p2a: Urshifu|21\/100\n|\n|upkeep\n|turn|61\n|\n|t:|1700762855\n|-activate|p2a: Urshifu|move: Struggle\n|move|p2a: Urshifu|Struggle|p1a: Sinistcha\n|-damage|p1a: Sinistcha|17\/100\n|-damage|p2a: Urshifu|0 fnt|[from] recoil\n|faint|p2a: Urshifu\n|\n|win|Glass101\n|raw|Glass101's rating: 1555 &rarr; <strong>1570<\/strong><br \/>(+15 for winning)\n|raw|randomguyforlife's rating: 1465 &rarr; <strong>1450<\/strong><br \/>(-15 for losing)\n|l|\u2606randomguyforlife\n","uploadtime":1700762875,"views":12,"p1id":"glass101","p2id":"randomguyforlife","formatid":"gen9nationaldex","rating":1450,"private":0,"password":""}