{"id":"gen9nationaldex-1997923916","p1":"Yami Tayori","p2":"1oao","format":"[Gen 9] National Dex","log":"|html|<div class=\"broadcast-blue\"><strong>[Gen 9] National Dex is currently suspecting Sneasler! For information on how to participate check out the <a href=\"https:\/\/www.smogon.com\/forums\/threads\/sv-national-dex-suspect-8-just-dance.3731534\/\">suspect thread<\/a>.<\/strong><\/div>\n|j|\u2606Yami Tayori\n|j|\u26061oao\n|t:|1700867992\n|gametype|singles\n|player|p1|Yami Tayori|steven|1095\n|player|p2|1oao|red|1071\n|teamsize|p1|6\n|teamsize|p2|6\n|gen|9\n|tier|[Gen 9] National Dex\n|rated|\n|rule|HP Percentage Mod: HP is shown in percentages\n|rule|Endless Battle Clause: Forcing endless battles is banned\n|rule|OHKO Clause: OHKO moves are banned\n|rule|Evasion Clause: Evasion abilities, items, and moves are banned\n|rule|Evasion Abilities Clause: Evasion abilities are banned\n|rule|Evasion Items Clause: Evasion items are banned\n|rule|Evasion Moves Clause: Evasion moves are banned\n|rule|Species Clause: Limit one of each Pok\u00e9mon\n|rule|Sleep Clause Mod: Limit one foe put to sleep\n|clearpoke\n|poke|p1|Flygon, M|\n|poke|p1|Aggron, M|\n|poke|p1|Tyranitar, F|\n|poke|p1|Rillaboom, F|\n|poke|p1|Mimikyu, F|\n|poke|p1|Iron Treads|\n|poke|p2|Pikachu-Kalos, M|\n|poke|p2|Venusaur, M|\n|poke|p2|Charizard, M|\n|poke|p2|Blastoise, M|\n|poke|p2|Lapras, F|\n|poke|p2|Snorlax, M|\n|teampreview\n|\n|t:|1700868009\n|start\n|switch|p1a: Fumiga|Flygon, M|100\/100\n|switch|p2a: Charizard|Charizard, M|100\/100\n|turn|1\n|c|\u2606Yami Tayori|Hello, Red!\n|c|\u26061oao|...\n|\n|t:|1700868023\n|move|p1a: Fumiga|Rock Slide|p2a: Charizard\n|-supereffective|p2a: Charizard\n|-damage|p2a: Charizard|0 fnt\n|faint|p2a: Charizard\n|\n|upkeep\n|\n|t:|1700868033\n|switch|p2a: Lapras|Lapras, F|100\/100\n|turn|2\n|\n|t:|1700868041\n|switch|p1a: GODZILLA|Tyranitar, F, shiny|100\/100\n|-weather|Sandstorm|[from] ability: Sand Stream|[of] p1a: GODZILLA\n|-terastallize|p2a: Lapras|Dragon\n|move|p2a: Lapras|Freeze-Dry|p1a: GODZILLA\n|-damage|p1a: GODZILLA|86\/100\n|\n|-weather|Sandstorm|[upkeep]\n|-damage|p2a: Lapras|94\/100|[from] Sandstorm\n|upkeep\n|turn|3\n|\n|t:|1700868050\n|switch|p2a: Blastoise|Blastoise, M|100\/100\n|detailschange|p1a: GODZILLA|Tyranitar-Mega, F, shiny\n|-mega|p1a: GODZILLA|Tyranitar|Tyranitarite\n|move|p1a: GODZILLA|Dragon Tail|p2a: Blastoise\n|-damage|p2a: Blastoise|80\/100\n|drag|p2a: Pikachu|Pikachu-Kalos, M|100\/100\n|\n|-weather|Sandstorm|[upkeep]\n|-damage|p2a: Pikachu|94\/100|[from] Sandstorm\n|upkeep\n|turn|4\n|\n|t:|1700868063\n|move|p2a: Pikachu|Nuzzle|p1a: GODZILLA\n|-damage|p1a: GODZILLA|79\/100\n|-status|p1a: GODZILLA|par\n|cant|p1a: GODZILLA|par\n|\n|-weather|Sandstorm|[upkeep]\n|-damage|p2a: Pikachu|88\/100|[from] Sandstorm\n|upkeep\n|turn|5\n|\n|t:|1700868070\n|switch|p2a: Blastoise|Blastoise, M|80\/100\n|move|p1a: GODZILLA|Hone Claws|p1a: GODZILLA\n|-boost|p1a: GODZILLA|atk|1\n|-boost|p1a: GODZILLA|accuracy|1\n|\n|-weather|Sandstorm|[upkeep]\n|-damage|p2a: Blastoise|74\/100|[from] Sandstorm\n|-heal|p2a: Blastoise|80\/100|[from] item: Leftovers\n|upkeep\n|turn|6\n|\n|t:|1700868120\n|move|p2a: Blastoise|Rain Dance|p2a: Blastoise\n|-weather|RainDance\n|move|p1a: GODZILLA|Stone Edge|p2a: Blastoise\n|-damage|p2a: Blastoise|5\/100\n|\n|-weather|RainDance|[upkeep]\n|-heal|p2a: Blastoise|11\/100|[from] ability: Rain Dish\n|-heal|p2a: Blastoise|17\/100|[from] item: Leftovers\n|upkeep\n|turn|7\n|\n|t:|1700868137\n|switch|p1a: Tuen ur magic on|Rillaboom, F|100\/100\n|-fieldstart|move: Grassy Terrain|[from] ability: Grassy Surge|[of] p1a: Tuen ur magic on\n|move|p2a: Blastoise|Scald|p1a: Tuen ur magic on\n|-resisted|p1a: Tuen ur magic on\n|-damage|p1a: Tuen ur magic on|72\/100\n|\n|-weather|RainDance|[upkeep]\n|-heal|p2a: Blastoise|23\/100|[from] ability: Rain Dish\n|-heal|p1a: Tuen ur magic on|78\/100|[from] Grassy Terrain\n|-heal|p1a: Tuen ur magic on|84\/100|[from] item: Leftovers\n|-heal|p2a: Blastoise|29\/100|[from] Grassy Terrain\n|-heal|p2a: Blastoise|35\/100|[from] item: Leftovers\n|upkeep\n|turn|8\n|\n|t:|1700868150\n|switch|p2a: Lapras|Lapras, F, tera:Dragon|94\/100\n|move|p1a: Tuen ur magic on|Grassy Glide|p2a: Lapras\n|-resisted|p2a: Lapras\n|-damage|p2a: Lapras|76\/100\n|\n|-weather|RainDance|[upkeep]\n|-heal|p1a: Tuen ur magic on|90\/100|[from] Grassy Terrain\n|-heal|p1a: Tuen ur magic on|97\/100|[from] item: Leftovers\n|-heal|p2a: Lapras|82\/100|[from] Grassy Terrain\n|upkeep\n|turn|9\n|\n|t:|1700868163\n|switch|p1a: Iron Treads|Iron Treads|100\/100\n|move|p2a: Lapras|Freeze-Dry|p1a: Iron Treads\n|-damage|p1a: Iron Treads|55\/100\n|\n|-weather|RainDance|[upkeep]\n|-heal|p1a: Iron Treads|61\/100|[from] Grassy Terrain\n|-heal|p2a: Lapras|88\/100|[from] Grassy Terrain\n|upkeep\n|turn|10\n|\n|t:|1700868173\n|move|p1a: Iron Treads|Iron Head|p2a: Lapras\n|-damage|p2a: Lapras|52\/100\n|move|p2a: Lapras|Freeze-Dry|p1a: Iron Treads\n|-damage|p1a: Iron Treads|20\/100\n|-status|p1a: Iron Treads|frz\n|\n|-weather|none\n|-heal|p1a: Iron Treads|26\/100 frz|[from] Grassy Terrain\n|-heal|p2a: Lapras|58\/100|[from] Grassy Terrain\n|upkeep\n|turn|11\n|\n|t:|1700868183\n|switch|p2a: Blastoise|Blastoise, M|35\/100\n|cant|p1a: Iron Treads|frz\n|\n|-heal|p1a: Iron Treads|32\/100 frz|[from] Grassy Terrain\n|-heal|p2a: Blastoise|41\/100|[from] Grassy Terrain\n|-heal|p2a: Blastoise|47\/100|[from] item: Leftovers\n|-fieldend|move: Grassy Terrain\n|upkeep\n|turn|12\n|\n|t:|1700868191\n|-end|p1a: Iron Treads|Quark Drive|[silent]\n|switch|p1a: Tuen ur magic on|Rillaboom, F|97\/100\n|-fieldstart|move: Grassy Terrain|[from] ability: Grassy Surge|[of] p1a: Tuen ur magic on\n|move|p2a: Blastoise|Rain Dance|p2a: Blastoise\n|-weather|RainDance\n|\n|-weather|RainDance|[upkeep]\n|-heal|p2a: Blastoise|54\/100|[from] ability: Rain Dish\n|-heal|p1a: Tuen ur magic on|100\/100|[from] Grassy Terrain\n|-heal|p2a: Blastoise|60\/100|[from] Grassy Terrain\n|-heal|p2a: Blastoise|66\/100|[from] item: Leftovers\n|upkeep\n|turn|13\n|\n|t:|1700868202\n|move|p1a: Tuen ur magic on|Leech Seed|p2a: Blastoise\n|-start|p2a: Blastoise|move: Leech Seed\n|move|p2a: Blastoise|Signal Beam|p1a: Tuen ur magic on\n|-supereffective|p1a: Tuen ur magic on\n|-damage|p1a: Tuen ur magic on|49\/100\n|\n|-weather|RainDance|[upkeep]\n|-heal|p2a: Blastoise|72\/100|[from] ability: Rain Dish\n|-heal|p1a: Tuen ur magic on|55\/100|[from] Grassy Terrain\n|-heal|p1a: Tuen ur magic on|61\/100|[from] item: Leftovers\n|-heal|p2a: Blastoise|78\/100|[from] Grassy Terrain\n|-heal|p2a: Blastoise|84\/100|[from] item: Leftovers\n|-damage|p2a: Blastoise|71\/100|[from] Leech Seed|[of] p1a: Tuen ur magic on\n|-heal|p1a: Tuen ur magic on|73\/100|[silent]\n|upkeep\n|turn|14\n|\n|t:|1700868215\n|move|p1a: Tuen ur magic on|Grassy Glide|p2a: Blastoise\n|-supereffective|p2a: Blastoise\n|-damage|p2a: Blastoise|0 fnt\n|faint|p2a: Blastoise\n|\n|-weather|RainDance|[upkeep]\n|-heal|p1a: Tuen ur magic on|79\/100|[from] Grassy Terrain\n|-heal|p1a: Tuen ur magic on|85\/100|[from] item: Leftovers\n|upkeep\n|\n|t:|1700868223\n|switch|p2a: Lapras|Lapras, F, tera:Dragon|58\/100\n|turn|15\n|\n|t:|1700868230\n|move|p1a: Tuen ur magic on|U-turn|p2a: Lapras\n|-damage|p2a: Lapras|35\/100\n|\n|t:|1700868235\n|switch|p1a: GODZILLA|Tyranitar-Mega, F, shiny|79\/100 par|[from] U-turn\n|-weather|Sandstorm|[from] ability: Sand Stream|[of] p1a: GODZILLA\n|move|p2a: Lapras|Rest|p2a: Lapras\n|-status|p2a: Lapras|slp|[from] move: Rest\n|-heal|p2a: Lapras|100\/100 slp|[silent]\n|\n|-weather|Sandstorm|[upkeep]\n|-damage|p2a: Lapras|94\/100 slp|[from] Sandstorm\n|-heal|p2a: Lapras|100\/100 slp|[from] Grassy Terrain\n|-heal|p1a: GODZILLA|85\/100 par|[from] Grassy Terrain\n|upkeep\n|turn|16\n|\n|t:|1700868249\n|cant|p2a: Lapras|slp\n|move|p1a: GODZILLA|Hone Claws|p1a: GODZILLA\n|-boost|p1a: GODZILLA|atk|1\n|-boost|p1a: GODZILLA|accuracy|1\n|\n|-weather|Sandstorm|[upkeep]\n|-damage|p2a: Lapras|94\/100 slp|[from] Sandstorm\n|-heal|p2a: Lapras|100\/100 slp|[from] Grassy Terrain\n|-heal|p1a: GODZILLA|92\/100 par|[from] Grassy Terrain\n|-fieldend|move: Grassy Terrain\n|upkeep\n|turn|17\n|\n|t:|1700868264\n|cant|p2a: Lapras|slp\n|move|p1a: GODZILLA|Stone Edge|p2a: Lapras\n|-damage|p2a: Lapras|27\/100 slp\n|\n|-weather|Sandstorm|[upkeep]\n|-damage|p2a: Lapras|21\/100 slp|[from] Sandstorm\n|upkeep\n|turn|18\n|\n|t:|1700868320\n|-curestatus|p2a: Lapras|slp|[msg]\n|move|p2a: Lapras|Sparkling Aria|p1a: GODZILLA\n|-supereffective|p1a: GODZILLA\n|-damage|p1a: GODZILLA|58\/100 par\n|move|p1a: GODZILLA|Stone Edge|p2a: Lapras\n|-damage|p2a: Lapras|0 fnt\n|faint|p2a: Lapras\n|\n|-weather|Sandstorm|[upkeep]\n|upkeep\n|\n|t:|1700868333\n|switch|p2a: Venusaur|Venusaur, M|100\/100\n|turn|19\n|\n|t:|1700868337\n|move|p2a: Venusaur|Sunny Day|p2a: Venusaur\n|-weather|SunnyDay\n|move|p1a: GODZILLA|Crunch|p2a: Venusaur\n|-damage|p2a: Venusaur|16\/100\n|\n|-weather|SunnyDay|[upkeep]\n|upkeep\n|turn|20\n|\n|t:|1700868346\n|switch|p1a: Tuen ur magic on|Rillaboom, F|85\/100\n|-fieldstart|move: Grassy Terrain|[from] ability: Grassy Surge|[of] p1a: Tuen ur magic on\n|move|p2a: Venusaur|Solar Beam||[still]\n|-prepare|p2a: Venusaur|Solar Beam\n|-anim|p2a: Venusaur|Solar Beam|p1a: Tuen ur magic on\n|-resisted|p1a: Tuen ur magic on\n|-damage|p1a: Tuen ur magic on|42\/100\n|\n|-weather|SunnyDay|[upkeep]\n|-heal|p2a: Venusaur|22\/100|[from] Grassy Terrain\n|-heal|p1a: Tuen ur magic on|48\/100|[from] Grassy Terrain\n|-heal|p1a: Tuen ur magic on|54\/100|[from] item: Leftovers\n|upkeep\n|turn|21\n|\n|t:|1700868360\n|detailschange|p2a: Venusaur|Venusaur-Mega, M\n|-mega|p2a: Venusaur|Venusaur|Venusaurite\n|move|p1a: Tuen ur magic on|Fake Out|p2a: Venusaur\n|-damage|p2a: Venusaur|7\/100\n|cant|p2a: Venusaur|flinch\n|\n|-weather|SunnyDay|[upkeep]\n|-heal|p2a: Venusaur|13\/100|[from] Grassy Terrain\n|-heal|p1a: Tuen ur magic on|60\/100|[from] Grassy Terrain\n|-heal|p1a: Tuen ur magic on|67\/100|[from] item: Leftovers\n|upkeep\n|turn|22\n|\n|t:|1700868370\n|switch|p2a: Snorlax|Snorlax, M|100\/100\n|move|p1a: Tuen ur magic on|U-turn|p2a: Snorlax\n|-damage|p2a: Snorlax|78\/100\n|\n|t:|1700868377\n|switch|p1a: O-Yoroi|Aggron, M|100\/100|[from] U-turn\n|\n|-weather|SunnyDay|[upkeep]\n|-heal|p2a: Snorlax|84\/100|[from] Grassy Terrain\n|upkeep\n|turn|23\n|\n|t:|1700868383\n|-terastallize|p1a: O-Yoroi|Ghost\n|move|p1a: O-Yoroi|Power-Up Punch|p2a: Snorlax\n|-supereffective|p2a: Snorlax\n|-damage|p2a: Snorlax|60\/100\n|-boost|p1a: O-Yoroi|atk|1\n|move|p2a: Snorlax|Belly Drum|p2a: Snorlax\n|-damage|p2a: Snorlax|10\/100\n|-setboost|p2a: Snorlax|atk|6|[from] move: Belly Drum\n|-enditem|p2a: Snorlax|Aguav Berry|[eat]\n|-heal|p2a: Snorlax|43\/100|[from] item: Aguav Berry\n|\n|-weather|none\n|-heal|p2a: Snorlax|50\/100|[from] Grassy Terrain\n|upkeep\n|turn|24\n|\n|t:|1700868397\n|move|p1a: O-Yoroi|Brick Break|p2a: Snorlax\n|-supereffective|p2a: Snorlax\n|-damage|p2a: Snorlax|0 fnt\n|faint|p2a: Snorlax\n|\n|-fieldend|move: Grassy Terrain\n|upkeep\n|\n|t:|1700868405\n|switch|p2a: Venusaur|Venusaur-Mega, M|13\/100\n|turn|25\n|\n|t:|1700868411\n|move|p2a: Venusaur|Giga Drain|p1a: O-Yoroi\n|-damage|p1a: O-Yoroi|70\/100\n|-heal|p2a: Venusaur|28\/100|[from] drain|[of] p1a: O-Yoroi\n|move|p1a: O-Yoroi|Ice Punch|p2a: Venusaur\n|-supereffective|p2a: Venusaur\n|-damage|p2a: Venusaur|0 fnt\n|faint|p2a: Venusaur\n|\n|upkeep\n|\n|t:|1700868419\n|switch|p2a: Pikachu|Pikachu-Kalos, M|88\/100\n|turn|26\n|\n|t:|1700868424\n|move|p2a: Pikachu|Nuzzle|p1a: O-Yoroi\n|-damage|p1a: O-Yoroi|61\/100\n|-status|p1a: O-Yoroi|par\n|move|p1a: O-Yoroi|Heavy Slam|p2a: Pikachu\n|-resisted|p2a: Pikachu\n|-damage|p2a: Pikachu|0 fnt\n|faint|p2a: Pikachu\n|\n|win|Yami Tayori\n|raw|Yami Tayori's rating: 1095 &rarr; <strong>1119<\/strong><br \/>(+24 for winning)\n|raw|1oao's rating: 1071 &rarr; <strong>1052<\/strong><br \/>(-19 for losing)\n|l|\u26061oao\n","uploadtime":1700868444,"views":12,"p1id":"yamitayori","p2id":"1oao","formatid":"gen9nationaldex","rating":1052,"private":0,"password":""}