{"id":"gen9nationaldex-1998133914","p1":"mik_252","p2":"baigu2","format":"[Gen 9] National Dex","log":"|html|<div class=\"broadcast-blue\"><strong>[Gen 9] National Dex is currently suspecting Sneasler! For information on how to participate check out the <a href=\"https:\/\/www.smogon.com\/forums\/threads\/sv-national-dex-suspect-8-just-dance.3731534\/\">suspect thread<\/a>.<\/strong><\/div>\n|j|\u2606mik_252\n|j|\u2606baigu2\n|t:|1700897673\n|gametype|singles\n|player|p1|mik_252|266|1556\n|player|p2|baigu2|265|1841\n|teamsize|p1|6\n|teamsize|p2|6\n|gen|9\n|tier|[Gen 9] National Dex\n|rated|\n|rule|HP Percentage Mod: HP is shown in percentages\n|rule|Endless Battle Clause: Forcing endless battles is banned\n|rule|OHKO Clause: OHKO moves are banned\n|rule|Evasion Clause: Evasion abilities, items, and moves are banned\n|rule|Evasion Abilities Clause: Evasion abilities are banned\n|rule|Evasion Items Clause: Evasion items are banned\n|rule|Evasion Moves Clause: Evasion moves are banned\n|rule|Species Clause: Limit one of each Pok\u00e9mon\n|rule|Sleep Clause Mod: Limit one foe put to sleep\n|clearpoke\n|poke|p1|Mantine, M|\n|poke|p1|Pelipper, M|\n|poke|p1|Gliscor, M|\n|poke|p1|Ferrothorn, M|\n|poke|p1|Swampert, M|\n|poke|p1|Dragalge, F|\n|poke|p2|Ursaluna, F|\n|poke|p2|Slowking, F|\n|poke|p2|Corviknight, M|\n|poke|p2|Hoopa-Unbound|\n|poke|p2|Dragonite, M|\n|poke|p2|Tapu Koko|\n|teampreview\n|\n|t:|1700897683\n|start\n|switch|p1a: Dragalge|Dragalge, F, shiny|100\/100\n|switch|p2a: Tapu Koko|Tapu Koko|100\/100\n|-fieldstart|move: Electric Terrain|[from] ability: Electric Surge|[of] p2a: Tapu Koko\n|turn|1\n|\n|t:|1700897692\n|switch|p1a: Gliscor|Gliscor, M|100\/100\n|move|p2a: Tapu Koko|U-turn|p1a: Gliscor\n|-resisted|p1a: Gliscor\n|-damage|p1a: Gliscor|96\/100\n|\n|t:|1700897695\n|switch|p2a: Ursaluna|Ursaluna, F|100\/100|[from] U-turn\n|\n|-status|p1a: Gliscor|tox|[from] item: Toxic Orb\n|-status|p2a: Ursaluna|brn|[from] item: Flame Orb\n|upkeep\n|turn|2\n|\n|t:|1700897700\n|switch|p1a: Ferrothorn|Ferrothorn, M|100\/100\n|move|p2a: Ursaluna|Facade|p1a: Ferrothorn\n|-resisted|p1a: Ferrothorn\n|-damage|p1a: Ferrothorn|49\/100\n|-damage|p2a: Ursaluna|88\/100 brn|[from] ability: Iron Barbs|[of] p1a: Ferrothorn\n|-damage|p2a: Ursaluna|71\/100 brn|[from] item: Rocky Helmet|[of] p1a: Ferrothorn\n|\n|-damage|p2a: Ursaluna|65\/100 brn|[from] brn\n|upkeep\n|turn|3\n|\n|t:|1700897706\n|move|p2a: Ursaluna|Facade|p1a: Ferrothorn\n|-resisted|p1a: Ferrothorn\n|-damage|p1a: Ferrothorn|4\/100\n|-damage|p2a: Ursaluna|53\/100 brn|[from] ability: Iron Barbs|[of] p1a: Ferrothorn\n|-damage|p2a: Ursaluna|36\/100 brn|[from] item: Rocky Helmet|[of] p1a: Ferrothorn\n|move|p1a: Ferrothorn|Body Press|p2a: Ursaluna\n|-supereffective|p2a: Ursaluna\n|-damage|p2a: Ursaluna|2\/100 brn\n|\n|-damage|p2a: Ursaluna|0 fnt|[from] brn\n|faint|p2a: Ursaluna\n|upkeep\n|\n|t:|1700897716\n|switch|p2a: Tapu Koko|Tapu Koko|100\/100\n|turn|4\n|\n|t:|1700897719\n|switch|p1a: Gliscor|Gliscor, M|96\/100 tox\n|move|p2a: Tapu Koko|U-turn|p1a: Gliscor\n|-resisted|p1a: Gliscor\n|-damage|p1a: Gliscor|91\/100 tox\n|inactive|Battle timer is ON: inactive players will automatically lose when time's up. (requested by mik_252)\n|\n|t:|1700897729\n|switch|p2a: Dragonite|Dragonite, M|100\/100|[from] U-turn\n|\n|-heal|p1a: Gliscor|100\/100 tox|[from] ability: Poison Heal\n|upkeep\n|turn|5\n|\n|t:|1700897735\n|move|p1a: Gliscor|Toxic|p2a: Dragonite|[miss]\n|-miss|p1a: Gliscor|p2a: Dragonite\n|move|p2a: Dragonite|Dual Wingbeat|p1a: Gliscor|[miss]\n|-miss|p2a: Dragonite|p1a: Gliscor\n|\n|-fieldend|move: Electric Terrain\n|upkeep\n|turn|6\n|\n|t:|1700897744\n|switch|p1a: Pelipper|Pelipper, M|100\/100\n|-weather|RainDance|[from] ability: Drizzle|[of] p1a: Pelipper\n|switch|p2a: Slowking|Slowking, F|100\/100\n|\n|-weather|RainDance|[upkeep]\n|upkeep\n|turn|7\n|\n|t:|1700897750\n|move|p1a: Pelipper|Hurricane|p2a: Slowking\n|-damage|p2a: Slowking|80\/100\n|move|p2a: Slowking|Trick Room|p2a: Slowking\n|-fieldstart|move: Trick Room|[of] p2a: Slowking\n|\n|-weather|RainDance|[upkeep]\n|upkeep\n|turn|8\n|\n|t:|1700897755\n|switch|p1a: Ferrothorn|Ferrothorn, M|4\/100\n|move|p2a: Slowking|Teleport|p2a: Slowking\n|\n|t:|1700897762\n|switch|p2a: Tapu Koko|Tapu Koko|100\/100|[from] Teleport\n|-fieldstart|move: Electric Terrain|[from] ability: Electric Surge|[of] p2a: Tapu Koko\n|\n|-weather|RainDance|[upkeep]\n|upkeep\n|turn|9\n|\n|t:|1700897765\n|move|p1a: Ferrothorn|Gyro Ball|p2a: Tapu Koko\n|-damage|p2a: Tapu Koko|35\/100\n|move|p2a: Tapu Koko|Dazzling Gleam|p1a: Ferrothorn\n|-resisted|p1a: Ferrothorn\n|-damage|p1a: Ferrothorn|0 fnt\n|faint|p1a: Ferrothorn\n|\n|-weather|RainDance|[upkeep]\n|upkeep\n|\n|t:|1700897770\n|switch|p1a: Dragalge|Dragalge, F, shiny|100\/100\n|turn|10\n|\n|t:|1700897776\n|switch|p2a: Slowking|Slowking, F|100\/100\n|move|p1a: Dragalge|Thunderbolt|p2a: Slowking\n|-supereffective|p2a: Slowking\n|-damage|p2a: Slowking|60\/100\n|-status|p2a: Slowking|par\n|\n|-weather|RainDance|[upkeep]\n|upkeep\n|turn|11\n|\n|t:|1700897789\n|move|p1a: Dragalge|Icy Wind|p2a: Slowking\n|-resisted|p2a: Slowking\n|-damage|p2a: Slowking|55\/100 par\n|-unboost|p2a: Slowking|spe|1\n|cant|p2a: Slowking|par\n|\n|-weather|RainDance|[upkeep]\n|-fieldend|move: Trick Room\n|upkeep\n|turn|12\n|\n|t:|1700897796\n|move|p1a: Dragalge|Thunderbolt|p2a: Slowking\n|-supereffective|p2a: Slowking\n|-damage|p2a: Slowking|16\/100 par\n|move|p2a: Slowking|Teleport|p2a: Slowking\n|\n|t:|1700897800\n|switch|p2a: Dragonite|Dragonite, M|100\/100|[from] Teleport\n|\n|-weather|RainDance|[upkeep]\n|-fieldend|move: Electric Terrain\n|upkeep\n|turn|13\n|\n|t:|1700897804\n|move|p2a: Dragonite|Outrage|p1a: Dragalge\n|-supereffective|p1a: Dragalge\n|-damage|p1a: Dragalge|0 fnt\n|faint|p1a: Dragalge\n|\n|-weather|none\n|upkeep\n|\n|t:|1700897808\n|switch|p1a: Pelipper|Pelipper, M|100\/100\n|-weather|RainDance|[from] ability: Drizzle|[of] p1a: Pelipper\n|turn|14\n|\n|t:|1700897810\n|move|p2a: Dragonite|Outrage|p1a: Pelipper|[from]lockedmove\n|-damage|p1a: Pelipper|22\/100\n|-start|p2a: Dragonite|confusion|[fatigue]\n|move|p1a: Pelipper|Hurricane|p2a: Dragonite\n|-damage|p2a: Dragonite|82\/100\n|\n|-weather|RainDance|[upkeep]\n|upkeep\n|turn|15\n|\n|t:|1700897816\n|switch|p2a: Slowking|Slowking, F|49\/100 par\n|switch|p1a: Gliscor|Gliscor, M|100\/100 tox\n|\n|-weather|RainDance|[upkeep]\n|upkeep\n|turn|16\n|\n|t:|1700897820\n|move|p1a: Gliscor|Toxic||[still]\n|-fail|p1a: Gliscor\n|move|p2a: Slowking|Slack Off|p2a: Slowking\n|-heal|p2a: Slowking|99\/100 par\n|\n|-weather|RainDance|[upkeep]\n|upkeep\n|turn|17\n|\n|t:|1700897824\n|switch|p1a: Mantine|Mantine, M, shiny|100\/100\n|move|p2a: Slowking|Scald|p1a: Mantine\n|-resisted|p1a: Mantine\n|-damage|p1a: Mantine|84\/100\n|\n|-weather|RainDance|[upkeep]\n|upkeep\n|turn|18\n|\n|t:|1700897831\n|move|p1a: Mantine|Hurricane|p2a: Slowking\n|-damage|p2a: Slowking|61\/100 par\n|cant|p2a: Slowking|par\n|\n|-weather|RainDance|[upkeep]\n|upkeep\n|turn|19\n|\n|t:|1700897837\n|move|p1a: Mantine|Hurricane|p2a: Slowking\n|-damage|p2a: Slowking|23\/100 par\n|-start|p2a: Slowking|confusion\n|-activate|p2a: Slowking|confusion\n|-damage|p2a: Slowking|16\/100 par|[from] confusion\n|\n|-weather|RainDance|[upkeep]\n|upkeep\n|turn|20\n|\n|t:|1700897847\n|switch|p2a: Corviknight|Corviknight, M|100\/100\n|-ability|p2a: Corviknight|Pressure\n|move|p1a: Mantine|Hurricane|p2a: Corviknight\n|-resisted|p2a: Corviknight\n|-damage|p2a: Corviknight|70\/100\n|\n|-weather|RainDance|[upkeep]\n|upkeep\n|turn|21\n|\n|t:|1700897851\n|switch|p2a: Hoopa|Hoopa-Unbound|100\/100\n|move|p1a: Mantine|Hurricane|p2a: Hoopa\n|-damage|p2a: Hoopa|43\/100\n|\n|-weather|none\n|upkeep\n|turn|22\n|\n|t:|1700897858\n|switch|p1a: Gliscor|Gliscor, M|100\/100 tox\n|move|p2a: Hoopa|Psychic|p1a: Gliscor\n|-damage|p1a: Gliscor|31\/100 tox\n|\n|-heal|p1a: Gliscor|43\/100 tox|[from] ability: Poison Heal\n|upkeep\n|turn|23\n|\n|t:|1700897863\n|switch|p1a: Pelipper|Pelipper, M|22\/100\n|-weather|RainDance|[from] ability: Drizzle|[of] p1a: Pelipper\n|move|p2a: Hoopa|Psychic|p1a: Pelipper\n|-damage|p1a: Pelipper|0 fnt\n|faint|p1a: Pelipper\n|\n|-weather|RainDance|[upkeep]\n|upkeep\n|\n|t:|1700897869\n|switch|p1a: Mantine|Mantine, M, shiny|84\/100\n|turn|24\n|\n|t:|1700897880\n|switch|p2a: Tapu Koko|Tapu Koko|35\/100\n|-fieldstart|move: Electric Terrain|[from] ability: Electric Surge|[of] p2a: Tapu Koko\n|move|p1a: Mantine|Surf|p2a: Tapu Koko\n|-damage|p2a: Tapu Koko|0 fnt\n|faint|p2a: Tapu Koko\n|\n|-weather|RainDance|[upkeep]\n|upkeep\n|\n|t:|1700897882\n|switch|p2a: Dragonite|Dragonite, M|82\/100\n|turn|25\n|\n|t:|1700897886\n|switch|p1a: Gliscor|Gliscor, M|43\/100 tox\n|-terastallize|p2a: Dragonite|Normal\n|move|p2a: Dragonite|Extreme Speed|p1a: Gliscor\n|-crit|p1a: Gliscor\n|-damage|p1a: Gliscor|0 fnt\n|faint|p1a: Gliscor\n|\n|-weather|RainDance|[upkeep]\n|upkeep\n|\n|t:|1700897888\n|switch|p1a: Swampert|Swampert, M|100\/100\n|turn|26\n|\n|t:|1700897895\n|detailschange|p1a: Swampert|Swampert-Mega, M\n|-mega|p1a: Swampert|Swampert|Swampertite\n|move|p2a: Dragonite|Extreme Speed|p1a: Swampert\n|-damage|p1a: Swampert|38\/100\n|move|p1a: Swampert|Waterfall|p2a: Dragonite\n|-damage|p2a: Dragonite|12\/100\n|\n|-weather|RainDance|[upkeep]\n|upkeep\n|turn|27\n|\n|t:|1700897903\n|move|p2a: Dragonite|Extreme Speed|p1a: Swampert\n|-damage|p1a: Swampert|0 fnt\n|faint|p1a: Swampert\n|\n|-weather|RainDance|[upkeep]\n|upkeep\n|\n|t:|1700897904\n|switch|p1a: Mantine|Mantine, M, shiny|84\/100\n|turn|28\n|\n|t:|1700897906\n|move|p2a: Dragonite|Extreme Speed|p1a: Mantine\n|-damage|p1a: Mantine|0 fnt\n|faint|p1a: Mantine\n|\n|win|baigu2\n|raw|mik_252's rating: 1556 &rarr; <strong>1550<\/strong><br \/>(-6 for losing)\n|raw|baigu2's rating: 1841 &rarr; <strong>1847<\/strong><br \/>(+6 for winning)\n","uploadtime":1700897909,"views":1,"p1id":"mik252","p2id":"baigu2","formatid":"gen9nationaldex","rating":1550,"private":0,"password":""}