{"id":"gen9nationaldex-1992290775","p1":"It_Joever","p2":"Jarl_jake","format":"[Gen 9] National Dex","log":"|j|\u2606It_Joever\n|j|\u2606Jarl_jake\n|t:|1700171451\n|gametype|singles\n|player|p1|It_Joever|florian-bb|1461\n|player|p2|Jarl_jake|red|1531\n|teamsize|p1|6\n|teamsize|p2|6\n|gen|9\n|tier|[Gen 9] National Dex\n|rated|\n|rule|HP Percentage Mod: HP is shown in percentages\n|rule|Endless Battle Clause: Forcing endless battles is banned\n|rule|OHKO Clause: OHKO moves are banned\n|rule|Evasion Clause: Evasion abilities, items, and moves are banned\n|rule|Evasion Abilities Clause: Evasion abilities are banned\n|rule|Evasion Items Clause: Evasion items are banned\n|rule|Evasion Moves Clause: Evasion moves are banned\n|rule|Species Clause: Limit one of each Pok\u00e9mon\n|rule|Sleep Clause Mod: Limit one foe put to sleep\n|clearpoke\n|poke|p1|Kartana|\n|poke|p1|Blacephalon|\n|poke|p1|Xurkitree|\n|poke|p1|Stakataka|\n|poke|p1|Celesteela|\n|poke|p1|Gyarados, M|\n|poke|p2|Latios, M|\n|poke|p2|Venusaur, F|\n|poke|p2|Volcarona, F|\n|poke|p2|Shuckle, F|\n|poke|p2|Great Tusk|\n|poke|p2|Milotic, F|\n|teampreview\n|inactive|Battle timer is ON: inactive players will automatically lose when time's up. (requested by It_Joever)\n|\n|t:|1700171457\n|start\n|switch|p1a: Stakataka|Stakataka|100\/100\n|switch|p2a: Shuckie|Shuckle, F, shiny|100\/100\n|turn|1\n|\n|t:|1700171469\n|move|p1a: Stakataka|Magic Coat|p1a: Stakataka\n|-singleturn|p1a: Stakataka|move: Magic Coat\n|move|p2a: Shuckie|Sticky Web|p1a: Stakataka\n|move|p1a: Stakataka|Sticky Web|p2a: Shuckie|[from]Magic Coat\n|-sidestart|p2: Jarl_jake|move: Sticky Web\n|\n|upkeep\n|turn|2\n|\n|t:|1700171476\n|move|p1a: Stakataka|Magic Coat|p1a: Stakataka\n|-singleturn|p1a: Stakataka|move: Magic Coat\n|move|p2a: Shuckie|Mud-Slap|p1a: Stakataka\n|-supereffective|p1a: Stakataka\n|-damage|p1a: Stakataka|98\/100\n|-unboost|p1a: Stakataka|accuracy|1\n|\n|upkeep\n|turn|3\n|\n|t:|1700171485\n|move|p1a: Stakataka|Magic Coat|p1a: Stakataka\n|-singleturn|p1a: Stakataka|move: Magic Coat\n|move|p2a: Shuckie|Power Split|p1a: Stakataka\n|-activate|p2a: Shuckie|move: Power Split|[of] p1a: Stakataka\n|\n|upkeep\n|turn|4\n|\n|t:|1700171500\n|switch|p2a: Milotic|Milotic, F, shiny|100\/100\n|-activate|p2a: Milotic|move: Sticky Web\n|-unboost|p2a: Milotic|spe|1\n|-ability|p2a: Milotic|Competitive|boost\n|-boost|p2a: Milotic|spa|2\n|move|p1a: Stakataka|Magic Coat|p1a: Stakataka\n|-singleturn|p1a: Stakataka|move: Magic Coat\n|\n|upkeep\n|turn|5\n|\n|t:|1700171512\n|move|p2a: Milotic|Scald|p1a: Stakataka\n|-supereffective|p1a: Stakataka\n|-damage|p1a: Stakataka|0 fnt\n|faint|p1a: Stakataka\n|\n|upkeep\n|\n|t:|1700171515\n|switch|p1a: Xurkitree|Xurkitree|100\/100\n|turn|6\n|\n|t:|1700171522\n|-terastallize|p2a: Milotic|Grass\n|move|p1a: Xurkitree|Thunderbolt|p2a: Milotic\n|-resisted|p2a: Milotic\n|-damage|p2a: Milotic|81\/100\n|move|p2a: Milotic|Scald|p1a: Xurkitree\n|-damage|p1a: Xurkitree|10\/100\n|\n|-heal|p2a: Milotic|87\/100|[from] item: Leftovers\n|upkeep\n|turn|7\n|\n|t:|1700171536\n|switch|p1a: Gyarados|Gyarados, M|100\/100\n|-ability|p1a: Gyarados|Intimidate|boost\n|-unboost|p2a: Milotic|atk|1\n|-ability|p2a: Milotic|Competitive|boost\n|-boost|p2a: Milotic|spa|2\n|move|p2a: Milotic|Scald|p1a: Gyarados\n|-resisted|p1a: Gyarados\n|-damage|p1a: Gyarados|50\/100\n|\n|-heal|p2a: Milotic|93\/100|[from] item: Leftovers\n|upkeep\n|turn|8\n|\n|t:|1700171548\n|detailschange|p1a: Gyarados|Gyarados-Mega, M\n|-mega|p1a: Gyarados|Gyarados|Gyaradosite\n|-ability|p1a: Gyarados|Mold Breaker\n|move|p1a: Gyarados|Crunch|p2a: Milotic\n|-damage|p2a: Milotic|52\/100\n|move|p2a: Milotic|Ice Beam|p1a: Gyarados\n|-resisted|p1a: Gyarados\n|-damage|p1a: Gyarados|20\/100\n|\n|-heal|p2a: Milotic|58\/100|[from] item: Leftovers\n|upkeep\n|turn|9\n|\n|t:|1700171560\n|move|p1a: Gyarados|Crunch|p2a: Milotic\n|-damage|p2a: Milotic|13\/100\n|move|p2a: Milotic|Scald|p1a: Gyarados\n|-resisted|p1a: Gyarados\n|-damage|p1a: Gyarados|0 fnt\n|faint|p1a: Gyarados\n|\n|-heal|p2a: Milotic|20\/100|[from] item: Leftovers\n|upkeep\n|\n|t:|1700171566\n|switch|p1a: Kartana|Kartana|100\/100\n|turn|10\n|\n|t:|1700171588\n|move|p1a: Kartana|Knock Off|p2a: Milotic\n|-damage|p2a: Milotic|0 fnt\n|-enditem|p2a: Milotic|Leftovers|[from] move: Knock Off|[of] p1a: Kartana\n|faint|p2a: Milotic\n|-ability|p1a: Kartana|Beast Boost|boost\n|-boost|p1a: Kartana|atk|1\n|-damage|p1a: Kartana|91\/100|[from] item: Life Orb\n|\n|upkeep\n|\n|t:|1700171603\n|switch|p2a: Shuckie|Shuckle, F, shiny|100\/100\n|-activate|p2a: Shuckie|move: Sticky Web\n|-unboost|p2a: Shuckie|spe|1\n|turn|11\n|\n|t:|1700171608\n|move|p1a: Kartana|Smart Strike|p2a: Shuckie\n|-supereffective|p2a: Shuckie\n|-ability|p2a: Shuckie|Sturdy\n|-damage|p2a: Shuckie|1\/100\n|-enditem|p2a: Shuckie|Red Card|[of] p1a: Kartana\n|drag|p1a: Xurkitree|Xurkitree|10\/100\n|move|p2a: Shuckie|Sticky Web|p1a: Xurkitree\n|-sidestart|p1: It_Joever|move: Sticky Web\n|\n|upkeep\n|turn|12\n|\n|t:|1700171626\n|move|p1a: Xurkitree|Hidden Power|p2a: Shuckie\n|-damage|p2a: Shuckie|0 fnt\n|faint|p2a: Shuckie\n|-ability|p1a: Xurkitree|Beast Boost|boost\n|-boost|p1a: Xurkitree|spa|1\n|\n|upkeep\n|\n|t:|1700171639\n|switch|p2a: Real Dragon|Latios, M, shiny|100\/100\n|turn|13\n|\n|t:|1700171652\n|move|p1a: Xurkitree|Hidden Power|p2a: Real Dragon\n|-supereffective|p2a: Real Dragon\n|-damage|p2a: Real Dragon|14\/100\n|move|p2a: Real Dragon|Calm Mind|p2a: Real Dragon\n|-boost|p2a: Real Dragon|spa|1\n|-boost|p2a: Real Dragon|spd|1\n|\n|upkeep\n|turn|14\n|\n|t:|1700171660\n|move|p1a: Xurkitree|Hidden Power|p2a: Real Dragon\n|-supereffective|p2a: Real Dragon\n|-damage|p2a: Real Dragon|0 fnt\n|faint|p2a: Real Dragon\n|-ability|p1a: Xurkitree|Beast Boost|boost\n|-boost|p1a: Xurkitree|spa|1\n|\n|upkeep\n|inactive|Jarl_jake has 120 seconds left.\n|\n|t:|1700171686\n|switch|p2a: Unga Bunga|Great Tusk, shiny|100\/100\n|-activate|p2a: Unga Bunga|move: Sticky Web\n|-unboost|p2a: Unga Bunga|spe|1\n|-enditem|p2a: Unga Bunga|Booster Energy\n|-activate|p2a: Unga Bunga|ability: Protosynthesis|[fromitem]\n|-start|p2a: Unga Bunga|protosynthesisatk\n|turn|15\n|\n|t:|1700171694\n|move|p1a: Xurkitree|Hidden Power|p2a: Unga Bunga\n|-supereffective|p2a: Unga Bunga\n|-damage|p2a: Unga Bunga|0 fnt\n|faint|p2a: Unga Bunga\n|-end|p2a: Unga Bunga|Protosynthesis|[silent]\n|-ability|p1a: Xurkitree|Beast Boost|boost\n|-boost|p1a: Xurkitree|spa|1\n|\n|upkeep\n|\n|t:|1700171701\n|switch|p2a: Spicy Meatball|Volcarona, F, shiny|100\/100\n|turn|16\n|\n|t:|1700171715\n|move|p1a: Xurkitree|Hidden Power|p2a: Spicy Meatball\n|-resisted|p2a: Spicy Meatball\n|-damage|p2a: Spicy Meatball|70\/100\n|move|p2a: Spicy Meatball|Quiver Dance|p2a: Spicy Meatball\n|-boost|p2a: Spicy Meatball|spa|1\n|-boost|p2a: Spicy Meatball|spd|1\n|-boost|p2a: Spicy Meatball|spe|1\n|\n|upkeep\n|turn|17\n|\n|t:|1700171731\n|switch|p1a: Blacephalon|Blacephalon|100\/100\n|-activate|p1a: Blacephalon|move: Sticky Web\n|-unboost|p1a: Blacephalon|spe|1\n|move|p2a: Spicy Meatball|Fiery Dance|p1a: Blacephalon\n|-resisted|p1a: Blacephalon\n|-damage|p1a: Blacephalon|50\/100\n|-boost|p2a: Spicy Meatball|spa|1\n|\n|upkeep\n|turn|18\n|\n|t:|1700171740\n|move|p2a: Spicy Meatball|Fiery Dance|p1a: Blacephalon\n|-resisted|p1a: Blacephalon\n|-damage|p1a: Blacephalon|0 fnt\n|-boost|p2a: Spicy Meatball|spa|1\n|faint|p1a: Blacephalon\n|\n|upkeep\n|\n|t:|1700171753\n|switch|p1a: Celesteela|Celesteela|100\/100\n|turn|19\n|\n|t:|1700171756\n|-terastallize|p1a: Celesteela|Dragon\n|move|p2a: Spicy Meatball|Fiery Dance|p1a: Celesteela\n|-resisted|p1a: Celesteela\n|-crit|p1a: Celesteela\n|-damage|p1a: Celesteela|33\/100\n|move|p1a: Celesteela|Toxic|p2a: Spicy Meatball\n|-status|p2a: Spicy Meatball|tox\n|\n|-heal|p1a: Celesteela|39\/100|[from] item: Leftovers\n|-damage|p2a: Spicy Meatball|64\/100 tox|[from] psn\n|upkeep\n|turn|20\n|\n|t:|1700171769\n|move|p1a: Celesteela|Protect|p1a: Celesteela\n|-singleturn|p1a: Celesteela|Protect\n|move|p2a: Spicy Meatball|Fiery Dance|p1a: Celesteela\n|-activate|p1a: Celesteela|move: Protect\n|\n|-heal|p1a: Celesteela|45\/100|[from] item: Leftovers\n|-damage|p2a: Spicy Meatball|52\/100 tox|[from] psn\n|upkeep\n|turn|21\n|\n|t:|1700171792\n|switch|p1a: Xurkitree|Xurkitree|10\/100\n|-activate|p1a: Xurkitree|move: Sticky Web\n|-unboost|p1a: Xurkitree|spe|1\n|move|p2a: Spicy Meatball|Fiery Dance|p1a: Xurkitree\n|-damage|p1a: Xurkitree|0 fnt\n|-boost|p2a: Spicy Meatball|spa|1\n|faint|p1a: Xurkitree\n|\n|-damage|p2a: Spicy Meatball|34\/100 tox|[from] psn\n|upkeep\n|\n|t:|1700171797\n|switch|p1a: Kartana|Kartana|91\/100\n|-activate|p1a: Kartana|move: Sticky Web\n|-unboost|p1a: Kartana|spe|1\n|turn|22\n|\n|t:|1700171813\n|move|p2a: Spicy Meatball|Fiery Dance|p1a: Kartana\n|-supereffective|p1a: Kartana\n|-damage|p1a: Kartana|0 fnt\n|faint|p1a: Kartana\n|\n|-damage|p2a: Spicy Meatball|10\/100 tox|[from] psn\n|upkeep\n|\n|t:|1700171814\n|switch|p1a: Celesteela|Celesteela, tera:Dragon|45\/100\n|-activate|p1a: Celesteela|move: Sticky Web\n|-unboost|p1a: Celesteela|spe|1\n|turn|23\n|\n|t:|1700171823\n|move|p1a: Celesteela|Protect|p1a: Celesteela\n|-singleturn|p1a: Celesteela|Protect\n|move|p2a: Spicy Meatball|Fiery Dance|p1a: Celesteela\n|-activate|p1a: Celesteela|move: Protect\n|\n|-heal|p1a: Celesteela|51\/100|[from] item: Leftovers\n|-damage|p2a: Spicy Meatball|0 fnt|[from] psn\n|faint|p2a: Spicy Meatball\n|upkeep\n|\n|t:|1700171833\n|switch|p2a: Thunder Smash|Venusaur, F, shiny|100\/100\n|-activate|p2a: Thunder Smash|move: Sticky Web\n|-unboost|p2a: Thunder Smash|spe|1\n|turn|24\n|\n|t:|1700171841\n|detailschange|p2a: Thunder Smash|Venusaur-Mega, F, shiny\n|-mega|p2a: Thunder Smash|Venusaur|Venusaurite\n|move|p2a: Thunder Smash|Sludge Bomb|p1a: Celesteela\n|-crit|p1a: Celesteela\n|-damage|p1a: Celesteela|0 fnt\n|faint|p1a: Celesteela\n|\n|win|Jarl_jake\n|raw|It_Joever's rating: 1461 &rarr; <strong>1445<\/strong><br \/>(-16 for losing)\n|raw|Jarl_jake's rating: 1531 &rarr; <strong>1547<\/strong><br \/>(+16 for winning)\n|l|\u2606It_Joever\n","uploadtime":1700171853,"views":20,"p1id":"itjoever","p2id":"jarljake","formatid":"gen9nationaldex","rating":1445,"private":0,"password":""}