{"id":"gen9nationaldex-1998145991","p1":"Anhkiet","p2":"kitmash","format":"[Gen 9] National Dex","log":"|html|<div class=\"broadcast-blue\"><strong>[Gen 9] National Dex is currently suspecting Sneasler! For information on how to participate check out the <a href=\"https:\/\/www.smogon.com\/forums\/threads\/sv-national-dex-suspect-8-just-dance.3731534\/\">suspect thread<\/a>.<\/strong><\/div>\n|j|\u2606Anhkiet\n|j|\u2606kitmash\n|t:|1700900209\n|gametype|singles\n|player|p1|Anhkiet|265|1763\n|player|p2|kitmash|265|1794\n|teamsize|p1|6\n|teamsize|p2|6\n|gen|9\n|tier|[Gen 9] National Dex\n|rated|\n|rule|HP Percentage Mod: HP is shown in percentages\n|rule|Endless Battle Clause: Forcing endless battles is banned\n|rule|OHKO Clause: OHKO moves are banned\n|rule|Evasion Clause: Evasion abilities, items, and moves are banned\n|rule|Evasion Abilities Clause: Evasion abilities are banned\n|rule|Evasion Items Clause: Evasion items are banned\n|rule|Evasion Moves Clause: Evasion moves are banned\n|rule|Species Clause: Limit one of each Pok\u00e9mon\n|rule|Sleep Clause Mod: Limit one foe put to sleep\n|clearpoke\n|poke|p1|Banette, M|\n|poke|p1|Polteageist-Antique|\n|poke|p1|Tapu Lele|\n|poke|p1|Pawmot, M|\n|poke|p1|Swellow, M|\n|poke|p1|Scizor, M|\n|poke|p2|Wo-Chien|\n|poke|p2|Weezing-Galar, M|\n|poke|p2|Alomomola, F|\n|poke|p2|Reuniclus, F|\n|poke|p2|Kleavor, F|\n|poke|p2|Tapu Koko|\n|teampreview\n|\n|t:|1700900232\n|start\n|switch|p1a: Scizor|Scizor, M|100\/100\n|switch|p2a: Alomomola|Alomomola, F|100\/100\n|turn|1\n|inactive|Battle timer is ON: inactive players will automatically lose when time's up. (requested by Anhkiet)\n|\n|t:|1700900243\n|move|p1a: Scizor|Swords Dance|p1a: Scizor\n|-boost|p1a: Scizor|atk|2\n|move|p2a: Alomomola|Flip Turn|p1a: Scizor\n|-crit|p1a: Scizor\n|-damage|p1a: Scizor|75\/100\n|\n|t:|1700900251\n|switch|p2a: Wo-Chien|Wo-Chien|100\/100|[from] Flip Turn\n|-ability|p2a: Wo-Chien|Tablets of Ruin\n|\n|upkeep\n|turn|2\n|\n|t:|1700900261\n|move|p2a: Wo-Chien|Foul Play|p1a: Scizor\n|-damage|p1a: Scizor|0 fnt\n|faint|p1a: Scizor\n|\n|upkeep\n|\n|t:|1700900268\n|switch|p1a: Pawmot|Pawmot, M|100\/100\n|turn|3\n|inactive|kitmash has 120 seconds left.\n|\n|t:|1700900300\n|switch|p2a: Weezing|Weezing-Galar, M|100\/100\n|move|p1a: Pawmot|Nuzzle|p2a: Weezing\n|-damage|p2a: Weezing|94\/100\n|-status|p2a: Weezing|par\n|\n|-heal|p2a: Weezing|99\/100 par|[from] item: Leftovers\n|upkeep\n|turn|4\n|\n|t:|1700900311\n|switch|p1a: Tapu Lele|Tapu Lele|100\/100\n|-fieldstart|move: Psychic Terrain|[from] ability: Psychic Surge|[of] p1a: Tapu Lele\n|move|p2a: Weezing|Toxic Spikes|p1a: Tapu Lele\n|-sidestart|p1: Anhkiet|move: Toxic Spikes\n|\n|-heal|p2a: Weezing|100\/100 par|[from] item: Leftovers\n|upkeep\n|turn|5\n|\n|t:|1700900330\n|switch|p2a: Reuniclus|Reuniclus, F|100\/100\n|move|p1a: Tapu Lele|Moonblast|p2a: Reuniclus\n|-damage|p2a: Reuniclus|80\/100\n|\n|upkeep\n|turn|6\n|\n|t:|1700900347\n|move|p1a: Tapu Lele|Moonblast|p2a: Reuniclus\n|-damage|p2a: Reuniclus|59\/100\n|move|p2a: Reuniclus|Night Shade|p1a: Tapu Lele\n|-damage|p1a: Tapu Lele|65\/100\n|\n|upkeep\n|turn|7\n|\n|t:|1700900355\n|switch|p1a: Banette|Banette, M|100\/100\n|-status|p1a: Banette|psn\n|-item|p2a: Reuniclus|Assault Vest|[from] ability: Frisk|[of] p1a: Banette|[identify]\n|move|p2a: Reuniclus|Shadow Ball|p1a: Banette\n|-supereffective|p1a: Banette\n|-crit|p1a: Banette\n|-damage|p1a: Banette|8\/100 psn\n|\n|-damage|p1a: Banette|0 fnt|[from] psn\n|faint|p1a: Banette\n|upkeep\n|\n|t:|1700900360\n|switch|p1a: Swellow|Swellow, M|100\/100\n|turn|8\n|\n|t:|1700900376\n|-terastallize|p1a: Swellow|Normal\n|move|p1a: Swellow|Boomburst|p2a: Reuniclus\n|-damage|p2a: Reuniclus|11\/100\n|move|p2a: Reuniclus|Psychic|p1a: Swellow\n|-crit|p1a: Swellow\n|-damage|p1a: Swellow|0 fnt\n|faint|p1a: Swellow\n|\n|-fieldend|move: Psychic Terrain\n|upkeep\n|\n|t:|1700900389\n|switch|p1a: Pawmot|Pawmot, M|100\/100\n|-status|p1a: Pawmot|psn\n|turn|9\n|\n|t:|1700900398\n|switch|p2a: Tapu Koko|Tapu Koko|100\/100\n|-fieldstart|move: Electric Terrain|[from] ability: Electric Surge|[of] p2a: Tapu Koko\n|move|p1a: Pawmot|Nuzzle|p2a: Tapu Koko\n|-resisted|p2a: Tapu Koko\n|-damage|p2a: Tapu Koko|92\/100\n|\n|-damage|p1a: Pawmot|88\/100 psn|[from] psn\n|upkeep\n|turn|10\n|\n|t:|1700900408\n|switch|p1a: Tapu Lele|Tapu Lele|65\/100\n|-status|p1a: Tapu Lele|psn\n|-fieldstart|move: Psychic Terrain|[from] ability: Psychic Surge|[of] p1a: Tapu Lele\n|move|p2a: Tapu Koko|Dazzling Gleam|p1a: Tapu Lele\n|-damage|p1a: Tapu Lele|12\/100 psn\n|\n|-damage|p1a: Tapu Lele|0 fnt|[from] psn\n|faint|p1a: Tapu Lele\n|upkeep\n|\n|t:|1700900412\n|switch|p1a: Polteageist|Polteageist-Antique|100\/100\n|-status|p1a: Polteageist|psn\n|turn|11\n|\n|t:|1700900423\n|-terastallize|p2a: Tapu Koko|Fairy\n|move|p2a: Tapu Koko|Dazzling Gleam|p1a: Polteageist\n|-damage|p1a: Polteageist|25\/100 psn\n|move|p1a: Polteageist|Shell Smash|p1a: Polteageist\n|-unboost|p1a: Polteageist|def|1\n|-unboost|p1a: Polteageist|spd|1\n|-boost|p1a: Polteageist|atk|2\n|-boost|p1a: Polteageist|spa|2\n|-boost|p1a: Polteageist|spe|2\n|\n|-damage|p1a: Polteageist|13\/100 psn|[from] psn\n|upkeep\n|turn|12\n|\n|t:|1700900436\n|switch|p2a: Reuniclus|Reuniclus, F|45\/100\n|move|p1a: Polteageist|Shadow Ball|p2a: Reuniclus\n|-supereffective|p2a: Reuniclus\n|-damage|p2a: Reuniclus|0 fnt\n|faint|p2a: Reuniclus\n|\n|-damage|p1a: Polteageist|1\/100 psn|[from] psn\n|upkeep\n|\n|t:|1700900446\n|switch|p2a: Wo-Chien|Wo-Chien|100\/100\n|-ability|p2a: Wo-Chien|Tablets of Ruin\n|turn|13\n|\n|t:|1700900470\n|move|p1a: Polteageist|Tera Blast|p2a: Wo-Chien\n|-damage|p2a: Wo-Chien|57\/100\n|move|p2a: Wo-Chien|Foul Play|p1a: Polteageist\n|-supereffective|p1a: Polteageist\n|-damage|p1a: Polteageist|0 fnt\n|faint|p1a: Polteageist\n|\n|-heal|p2a: Wo-Chien|64\/100|[from] item: Leftovers\n|upkeep\n|\n|t:|1700900473\n|switch|p1a: Pawmot|Pawmot, M|88\/100 psn\n|turn|14\n|\n|t:|1700900493\n|move|p1a: Pawmot|Revival Blessing|p1a: Pawmot\n|-enditem|p1a: Pawmot|Leppa Berry|[eat]\n|-activate|p1a: Pawmot|item: Leppa Berry|Revival Blessing|[consumed]\n|inactive|Anhkiet has 120 seconds left.\n|\n|t:|1700900537\n|-heal|p1: Swellow|50\/100|[from] move: Revival Blessing\n|move|p2a: Wo-Chien|Ruination|p1a: Pawmot\n|-damage|p1a: Pawmot|44\/100 psn\n|\n|-heal|p2a: Wo-Chien|70\/100|[from] item: Leftovers\n|-damage|p1a: Pawmot|32\/100 psn|[from] psn\n|-fieldend|move: Psychic Terrain\n|upkeep\n|turn|15\n|\n|t:|1700900548\n|move|p1a: Pawmot|Close Combat|p2a: Wo-Chien\n|-supereffective|p2a: Wo-Chien\n|-damage|p2a: Wo-Chien|8\/100\n|-unboost|p1a: Pawmot|def|1\n|-unboost|p1a: Pawmot|spd|1\n|move|p2a: Wo-Chien|Foul Play|p1a: Pawmot\n|-resisted|p1a: Pawmot\n|-crit|p1a: Pawmot\n|-damage|p1a: Pawmot|0 fnt\n|faint|p1a: Pawmot\n|\n|-heal|p2a: Wo-Chien|14\/100|[from] item: Leftovers\n|upkeep\n|inactive|Anhkiet has 120 seconds left.\n|\n|t:|1700900570\n|switch|p1a: Swellow|Swellow, M|50\/100\n|turn|16\n|\n|t:|1700900583\n|move|p1a: Swellow|Hurricane|p2a: Wo-Chien\n|-supereffective|p2a: Wo-Chien\n|-damage|p2a: Wo-Chien|0 fnt\n|faint|p2a: Wo-Chien\n|\n|upkeep\n|\n|t:|1700900591\n|switch|p2a: Kleavor|Kleavor, F|100\/100\n|turn|17\n|j| audiencew\n|\n|t:|1700900602\n|move|p1a: Swellow|Hurricane|p2a: Kleavor\n|-damage|p2a: Kleavor|5\/100\n|move|p2a: Kleavor|Close Combat|p1a: Swellow\n|-damage|p1a: Swellow|0 fnt\n|-unboost|p2a: Kleavor|def|1\n|-unboost|p2a: Kleavor|spd|1\n|faint|p1a: Swellow\n|\n|win|kitmash\n|raw|Anhkiet's rating: 1763 &rarr; <strong>1745<\/strong><br \/>(-18 for losing)\n|raw|kitmash's rating: 1794 &rarr; <strong>1812<\/strong><br \/>(+18 for winning)\n|l|\u2606Anhkiet\n","uploadtime":1700900620,"views":2,"p1id":"anhkiet","p2id":"kitmash","formatid":"gen9nationaldex","rating":1745,"private":0,"password":""}