{"id":"gen9nationaldex-1995225065","p1":"g3ana","p2":"Hapio","format":"[Gen 9] National Dex","log":"|html|<div class=\"broadcast-blue\"><strong>[Gen 9] National Dex is currently suspecting Sneasler! For information on how to participate check out the <a href=\"https:\/\/www.smogon.com\/forums\/threads\/sv-national-dex-suspect-8-just-dance.3731534\/\">suspect thread<\/a>.<\/strong><\/div>\n|j|\u2606g3ana\n|j|\u2606Hapio\n|t:|1700536794\n|gametype|singles\n|player|p1|g3ana|lenora|\n|player|p2|Hapio|richboy-gen4|\n|teamsize|p1|6\n|teamsize|p2|6\n|gen|9\n|tier|[Gen 9] National Dex\n|rule|HP Percentage Mod: HP is shown in percentages\n|rule|Endless Battle Clause: Forcing endless battles is banned\n|rule|OHKO Clause: OHKO moves are banned\n|rule|Evasion Clause: Evasion abilities, items, and moves are banned\n|rule|Evasion Abilities Clause: Evasion abilities are banned\n|rule|Evasion Items Clause: Evasion items are banned\n|rule|Evasion Moves Clause: Evasion moves are banned\n|rule|Species Clause: Limit one of each Pok\u00e9mon\n|rule|Sleep Clause Mod: Limit one foe put to sleep\n|clearpoke\n|poke|p1|Medicham, F|\n|poke|p1|Gallade, M|\n|poke|p1|Meowscarada, F|\n|poke|p1|Ceruledge, F|\n|poke|p1|Staraptor, F|\n|poke|p1|Drampa, M|\n|poke|p2|Landorus-Therian, M|\n|poke|p2|Rotom-Wash|\n|poke|p2|Charizard, M|\n|poke|p2|Dragonite, M|\n|poke|p2|Ninetales-Alola, M|\n|poke|p2|Aegislash, F|\n|teampreview\n|c|\u2606Hapio|ok\n|c|\u2606Hapio|that meowscarada is gonna be a sweeper\n|c|\u2606Hapio|idk botu the ceru\n|c|\u2606Hapio|bout\n|\n|t:|1700536836\n|start\n|switch|p1a: Mimic|Drampa, M, shiny|100\/100\n|switch|p2a: Sanders=z|Landorus-Therian, M, shiny|100\/100\n|-ability|p2a: Sanders=z|Intimidate|boost\n|-unboost|p1a: Mimic|atk|1\n|turn|1\n|\n|t:|1700536851\n|move|p2a: Sanders=z|Stealth Rock|p1a: Mimic\n|-sidestart|p1: g3ana|move: Stealth Rock\n|move|p1a: Mimic|Ice Beam|p2a: Sanders=z\n|-supereffective|p2a: Sanders=z\n|-damage|p2a: Sanders=z|0 fnt\n|faint|p2a: Sanders=z\n|\n|upkeep\n|\n|t:|1700536863\n|switch|p2a: Dragonite|Dragonite, M, shiny|100\/100\n|turn|2\n|c|\u2606Hapio|im gonna pull a sneaky\n|\n|t:|1700536878\n|-terastallize|p2a: Dragonite|Normal\n|move|p2a: Dragonite|Dragon Dance|p2a: Dragonite\n|-boost|p2a: Dragonite|atk|1\n|-boost|p2a: Dragonite|spe|1\n|move|p1a: Mimic|Ice Beam|p2a: Dragonite\n|-damage|p2a: Dragonite|83\/100\n|\n|upkeep\n|turn|3\n|\n|t:|1700536885\n|move|p2a: Dragonite|Dragon Claw|p1a: Mimic\n|-supereffective|p1a: Mimic\n|-enditem|p1a: Mimic|Focus Sash\n|-damage|p1a: Mimic|1\/100\n|-ability|p1a: Mimic|Berserk|boost\n|-boost|p1a: Mimic|spa|1\n|move|p1a: Mimic|Dragon Pulse|p2a: Dragonite\n|-damage|p2a: Dragonite|8\/100\n|\n|upkeep\n|turn|4\n|\n|t:|1700536893\n|move|p2a: Dragonite|Extreme Speed|p1a: Mimic\n|-damage|p1a: Mimic|0 fnt\n|faint|p1a: Mimic\n|\n|upkeep\n|\n|t:|1700536898\n|switch|p1a: Rottytops|Meowscarada, F, shiny|100\/100\n|-damage|p1a: Rottytops|88\/100|[from] Stealth Rock\n|turn|5\n|\n|t:|1700536903\n|move|p2a: Dragonite|Extreme Speed|p1a: Rottytops\n|-damage|p1a: Rottytops|0 fnt\n|faint|p1a: Rottytops\n|\n|upkeep\n|\n|t:|1700536908\n|switch|p1a: Shantae|Medicham, F|100\/100\n|-damage|p1a: Shantae|94\/100|[from] Stealth Rock\n|turn|6\n|\n|t:|1700536912\n|detailschange|p1a: Shantae|Medicham-Mega, F\n|-mega|p1a: Shantae|Medicham|Medichamite\n|move|p2a: Dragonite|Extreme Speed|p1a: Shantae\n|-damage|p1a: Shantae|0 fnt\n|faint|p1a: Shantae\n|\n|upkeep\n|\n|t:|1700536919\n|switch|p1a: Risky Boots|Ceruledge, F, shiny|100\/100\n|-damage|p1a: Risky Boots|76\/100|[from] Stealth Rock\n|turn|7\n|\n|t:|1700536923\n|move|p2a: Dragonite|Dragon Claw|p1a: Risky Boots\n|-damage|p1a: Risky Boots|0 fnt\n|faint|p1a: Risky Boots\n|\n|upkeep\n|\n|t:|1700536927\n|switch|p1a: Sky|Staraptor, F, shiny|100\/100\n|-damage|p1a: Sky|76\/100|[from] Stealth Rock\n|turn|8\n|\n|t:|1700536932\n|move|p2a: Dragonite|Extreme Speed|p1a: Sky\n|-damage|p1a: Sky|0 fnt\n|faint|p1a: Sky\n|\n|upkeep\n|\n|t:|1700536934\n|switch|p1a: Bolo|Gallade, M, shiny|100\/100\n|-damage|p1a: Bolo|94\/100|[from] Stealth Rock\n|turn|9\n|\n|t:|1700536939\n|move|p2a: Dragonite|Extreme Speed|p1a: Bolo\n|-damage|p1a: Bolo|0 fnt\n|faint|p1a: Bolo\n|\n|win|Hapio\n|l|\u2606g3ana\n|c|\u2606Hapio|gg\n","uploadtime":1700536945,"views":21,"p1id":"g3ana","p2id":"hapio","formatid":"gen9nationaldex","rating":0,"private":0,"password":""}