{"id":"gen9nationaldex-1993800360","p1":"AncientFr33z","p2":"jiyanyu","format":"[Gen 9] National Dex","log":"|j|\u2606AncientFr33z\n|j|\u2606jiyanyu\n|t:|1700358813\n|gametype|singles\n|player|p1|AncientFr33z|gentleman-gen4|1231\n|player|p2|jiyanyu|dawn|1306\n|teamsize|p1|6\n|teamsize|p2|6\n|gen|9\n|tier|[Gen 9] National Dex\n|rated|\n|rule|HP Percentage Mod: HP is shown in percentages\n|rule|Endless Battle Clause: Forcing endless battles is banned\n|rule|OHKO Clause: OHKO moves are banned\n|rule|Evasion Clause: Evasion abilities, items, and moves are banned\n|rule|Evasion Abilities Clause: Evasion abilities are banned\n|rule|Evasion Items Clause: Evasion items are banned\n|rule|Evasion Moves Clause: Evasion moves are banned\n|rule|Species Clause: Limit one of each Pok\u00e9mon\n|rule|Sleep Clause Mod: Limit one foe put to sleep\n|clearpoke\n|poke|p1|Ninetales-Alola, M|\n|poke|p1|Dragonite, F|\n|poke|p1|Gyarados, F|\n|poke|p1|Skeledirge, M|\n|poke|p1|Alakazam, M|\n|poke|p1|Corviknight, F|\n|poke|p2|Beedrill, F|\n|poke|p2|Pelipper, M|\n|poke|p2|Ferrothorn, M|\n|poke|p2|Barraskewda, F|\n|poke|p2|Tapu Lele|\n|poke|p2|Great Tusk|\n|teampreview\n|inactive|Battle timer is ON: inactive players will automatically lose when time's up. (requested by AncientFr33z)\n|inactive|jiyanyu also wants the timer to be on.\n|\n|t:|1700358820\n|start\n|switch|p1a: Ninetales|Ninetales-Alola, M|100\/100\n|switch|p2a: \u94c1\u8346\u68d8|Ferrothorn, M|100\/100\n|-weather|Snow|[from] ability: Snow Warning|[of] p1a: Ninetales\n|turn|1\n|\n|t:|1700358826\n|move|p1a: Ninetales|Aurora Veil|p1a: Ninetales\n|-sidestart|p1: AncientFr33z|move: Aurora Veil\n|move|p2a: \u94c1\u8346\u68d8|Stealth Rock|p1a: Ninetales\n|-sidestart|p1: AncientFr33z|move: Stealth Rock\n|\n|-weather|Snow|[upkeep]\n|upkeep\n|turn|2\n|\n|t:|1700358830\n|move|p1a: Ninetales|Hypnosis|p2a: \u94c1\u8346\u68d8\n|-status|p2a: \u94c1\u8346\u68d8|slp|[from] move: Hypnosis\n|cant|p2a: \u94c1\u8346\u68d8|slp\n|\n|-weather|Snow|[upkeep]\n|upkeep\n|turn|3\n|\n|t:|1700358841\n|switch|p1a: Skeledirge|Skeledirge, M|100\/100\n|-damage|p1a: Skeledirge|75\/100|[from] Stealth Rock\n|cant|p2a: \u94c1\u8346\u68d8|slp\n|\n|-weather|Snow|[upkeep]\n|-heal|p1a: Skeledirge|82\/100|[from] item: Leftovers\n|upkeep\n|turn|4\n|\n|t:|1700358846\n|switch|p2a: \u76d6\u9e25\u5361|Pelipper, M|100\/100\n|-weather|RainDance|[from] ability: Drizzle|[of] p2a: \u76d6\u9e25\u5361\n|move|p1a: Skeledirge|Torch Song|p2a: \u76d6\u9e25\u5361\n|-resisted|p2a: \u76d6\u9e25\u5361\n|-damage|p2a: \u76d6\u9e25\u5361|90\/100\n|-boost|p1a: Skeledirge|spa|1\n|\n|-weather|RainDance|[upkeep]\n|-heal|p1a: Skeledirge|88\/100|[from] item: Leftovers\n|upkeep\n|turn|5\n|\n|t:|1700358853\n|switch|p1a: Ninetales|Ninetales-Alola, M|100\/100\n|-damage|p1a: Ninetales|76\/100|[from] Stealth Rock\n|-weather|Snow|[from] ability: Snow Warning|[of] p1a: Ninetales\n|move|p2a: \u76d6\u9e25\u5361|Hydro Pump|p1a: Ninetales|[miss]\n|-miss|p2a: \u76d6\u9e25\u5361|p1a: Ninetales\n|\n|-weather|Snow|[upkeep]\n|upkeep\n|turn|6\n|\n|t:|1700358862\n|switch|p1a: Corviknight|Corviknight, F|100\/100\n|-damage|p1a: Corviknight|88\/100|[from] Stealth Rock\n|-ability|p1a: Corviknight|Pressure\n|switch|p2a: \u94c1\u8346\u68d8|Ferrothorn, M|100\/100 slp\n|\n|-weather|Snow|[upkeep]\n|-heal|p1a: Corviknight|94\/100|[from] item: Leftovers\n|upkeep\n|turn|7\n|\n|t:|1700358867\n|move|p1a: Corviknight|Defog|p2a: \u94c1\u8346\u68d8\n|-unboost|p2a: \u94c1\u8346\u68d8|evasion|1\n|-sideend|p1: AncientFr33z|Stealth Rock|[from] move: Defog|[of] p1a: Corviknight\n|cant|p2a: \u94c1\u8346\u68d8|slp\n|\n|-weather|Snow|[upkeep]\n|-heal|p1a: Corviknight|100\/100|[from] item: Leftovers\n|upkeep\n|turn|8\n|\n|t:|1700358873\n|switch|p1a: Alakazam|Alakazam, M|100\/100\n|-curestatus|p2a: \u94c1\u8346\u68d8|slp|[msg]\n|move|p2a: \u94c1\u8346\u68d8|Stealth Rock|p1a: Alakazam\n|-sidestart|p1: AncientFr33z|move: Stealth Rock\n|\n|-weather|Snow|[upkeep]\n|-sideend|p1: AncientFr33z|move: Aurora Veil\n|upkeep\n|turn|9\n|\n|t:|1700358889\n|switch|p2a: \u76d6\u9e25\u5361|Pelipper, M|90\/100\n|-weather|RainDance|[from] ability: Drizzle|[of] p2a: \u76d6\u9e25\u5361\n|move|p1a: Alakazam|Focus Blast|p2a: \u76d6\u9e25\u5361\n|-resisted|p2a: \u76d6\u9e25\u5361\n|-damage|p2a: \u76d6\u9e25\u5361|41\/100\n|\n|-weather|RainDance|[upkeep]\n|upkeep\n|turn|10\n|\n|t:|1700358895\n|move|p1a: Alakazam|Focus Blast|p2a: \u76d6\u9e25\u5361\n|-resisted|p2a: \u76d6\u9e25\u5361\n|-damage|p2a: \u76d6\u9e25\u5361|0 fnt\n|faint|p2a: \u76d6\u9e25\u5361\n|\n|-weather|RainDance|[upkeep]\n|upkeep\n|\n|t:|1700358898\n|switch|p2a: \u9c7c\u54e5|Barraskewda, F|100\/100\n|turn|11\n|\n|t:|1700358902\n|switch|p1a: Ninetales|Ninetales-Alola, M|76\/100\n|-damage|p1a: Ninetales|51\/100|[from] Stealth Rock\n|-weather|Snow|[from] ability: Snow Warning|[of] p1a: Ninetales\n|-terastallize|p2a: \u9c7c\u54e5|Water\n|move|p2a: \u9c7c\u54e5|Liquidation|p1a: Ninetales\n|-damage|p1a: Ninetales|0 fnt\n|faint|p1a: Ninetales\n|-damage|p2a: \u9c7c\u54e5|91\/100|[from] item: Life Orb\n|\n|-weather|Snow|[upkeep]\n|upkeep\n|\n|t:|1700358916\n|switch|p1a: Dragonite|Dragonite, F|100\/100\n|-damage|p1a: Dragonite|76\/100|[from] Stealth Rock\n|turn|12\n|\n|t:|1700358920\n|move|p2a: \u9c7c\u54e5|Liquidation|p1a: Dragonite\n|-resisted|p1a: Dragonite\n|-damage|p1a: Dragonite|33\/100\n|-unboost|p1a: Dragonite|def|1\n|-damage|p2a: \u9c7c\u54e5|81\/100|[from] item: Life Orb\n|move|p1a: Dragonite|Dragon Dance|p1a: Dragonite\n|-boost|p1a: Dragonite|atk|1\n|-boost|p1a: Dragonite|spe|1\n|\n|-weather|Snow|[upkeep]\n|-heal|p1a: Dragonite|39\/100|[from] item: Leftovers\n|upkeep\n|turn|13\n|\n|t:|1700358925\n|move|p2a: \u9c7c\u54e5|Liquidation|p1a: Dragonite\n|-resisted|p1a: Dragonite\n|-damage|p1a: Dragonite|0 fnt\n|faint|p1a: Dragonite\n|-damage|p2a: \u9c7c\u54e5|71\/100|[from] item: Life Orb\n|\n|-weather|Snow|[upkeep]\n|upkeep\n|\n|t:|1700358934\n|switch|p1a: Corviknight|Corviknight, F|100\/100\n|-damage|p1a: Corviknight|88\/100|[from] Stealth Rock\n|-ability|p1a: Corviknight|Pressure\n|turn|14\n|\n|t:|1700358939\n|move|p2a: \u9c7c\u54e5|Liquidation|p1a: Corviknight\n|-damage|p1a: Corviknight|35\/100\n|-damage|p2a: \u9c7c\u54e5|61\/100|[from] item: Life Orb\n|move|p1a: Corviknight|Defog|p2a: \u9c7c\u54e5\n|-unboost|p2a: \u9c7c\u54e5|evasion|1\n|-sideend|p1: AncientFr33z|Stealth Rock|[from] move: Defog|[of] p1a: Corviknight\n|\n|-weather|Snow|[upkeep]\n|-heal|p1a: Corviknight|42\/100|[from] item: Leftovers\n|upkeep\n|turn|15\n|\n|t:|1700358944\n|switch|p1a: Gyarados|Gyarados, F|100\/100\n|move|p2a: \u9c7c\u54e5|Liquidation|p1a: Gyarados\n|-resisted|p1a: Gyarados\n|-damage|p1a: Gyarados|53\/100\n|-damage|p2a: \u9c7c\u54e5|51\/100|[from] item: Life Orb\n|\n|-weather|none\n|-heal|p1a: Gyarados|59\/100|[from] item: Leftovers\n|upkeep\n|turn|16\n|\n|t:|1700358961\n|switch|p2a: \u94c1\u8346\u68d8|Ferrothorn, M|100\/100\n|move|p1a: Gyarados|Power Whip|p2a: \u94c1\u8346\u68d8\n|-resisted|p2a: \u94c1\u8346\u68d8\n|-damage|p2a: \u94c1\u8346\u68d8|95\/100\n|-damage|p1a: Gyarados|47\/100|[from] ability: Iron Barbs|[of] p2a: \u94c1\u8346\u68d8\n|-damage|p1a: Gyarados|30\/100|[from] item: Rocky Helmet|[of] p2a: \u94c1\u8346\u68d8\n|\n|-heal|p1a: Gyarados|36\/100|[from] item: Leftovers\n|upkeep\n|turn|17\n|\n|t:|1700358970\n|switch|p1a: Skeledirge|Skeledirge, M|88\/100\n|move|p2a: \u94c1\u8346\u68d8|Stealth Rock|p1a: Skeledirge\n|-sidestart|p1: AncientFr33z|move: Stealth Rock\n|\n|-heal|p1a: Skeledirge|94\/100|[from] item: Leftovers\n|upkeep\n|turn|18\n|\n|t:|1700358974\n|move|p1a: Skeledirge|Torch Song|p2a: \u94c1\u8346\u68d8\n|-supereffective|p2a: \u94c1\u8346\u68d8\n|-damage|p2a: \u94c1\u8346\u68d8|0 fnt\n|-boost|p1a: Skeledirge|spa|1\n|faint|p2a: \u94c1\u8346\u68d8\n|\n|-heal|p1a: Skeledirge|99\/100|[from] item: Leftovers\n|upkeep\n|\n|t:|1700358978\n|switch|p2a: \u9c7c\u54e5|Barraskewda, F, tera:Water|51\/100\n|turn|19\n|\n|t:|1700358986\n|move|p2a: \u9c7c\u54e5|Liquidation|p1a: Skeledirge\n|-supereffective|p1a: Skeledirge\n|-damage|p1a: Skeledirge|1\/100\n|-damage|p2a: \u9c7c\u54e5|41\/100|[from] item: Life Orb\n|move|p1a: Skeledirge|Hex|p2a: \u9c7c\u54e5\n|-damage|p2a: \u9c7c\u54e5|0 fnt\n|faint|p2a: \u9c7c\u54e5\n|\n|-heal|p1a: Skeledirge|7\/100|[from] item: Leftovers\n|upkeep\n|\n|t:|1700358989\n|switch|p2a: \u8702\u7237|Beedrill, F|100\/100\n|turn|20\n|\n|t:|1700358993\n|switch|p1a: Corviknight|Corviknight, F|42\/100\n|-damage|p1a: Corviknight|29\/100|[from] Stealth Rock\n|-ability|p1a: Corviknight|Pressure\n|detailschange|p2a: \u8702\u7237|Beedrill-Mega, F\n|-mega|p2a: \u8702\u7237|Beedrill|Beedrillite\n|move|p2a: \u8702\u7237|Fell Stinger|p1a: Corviknight\n|-resisted|p1a: Corviknight\n|-crit|p1a: Corviknight\n|-damage|p1a: Corviknight|19\/100\n|\n|-heal|p1a: Corviknight|26\/100|[from] item: Leftovers\n|upkeep\n|turn|21\n|\n|t:|1700359005\n|move|p2a: \u8702\u7237|U-turn|p1a: Corviknight\n|-resisted|p1a: Corviknight\n|-damage|p1a: Corviknight|17\/100\n|\n|t:|1700359010\n|switch|p2a: \u5e9f\u4f60\u5148\u81f3|Tapu Lele|100\/100|[from] U-turn\n|-fieldstart|move: Psychic Terrain|[from] ability: Psychic Surge|[of] p2a: \u5e9f\u4f60\u5148\u81f3\n|move|p1a: Corviknight|Roost|p1a: Corviknight\n|-heal|p1a: Corviknight|67\/100\n|-singleturn|p1a: Corviknight|move: Roost\n|\n|-heal|p1a: Corviknight|73\/100|[from] item: Leftovers\n|upkeep\n|turn|22\n|\n|t:|1700359016\n|move|p2a: \u5e9f\u4f60\u5148\u81f3|Thunder|p1a: Corviknight\n|-supereffective|p1a: Corviknight\n|-damage|p1a: Corviknight|0 fnt\n|faint|p1a: Corviknight\n|\n|upkeep\n|\n|t:|1700359021\n|switch|p1a: Alakazam|Alakazam, M|100\/100\n|turn|23\n|\n|t:|1700359027\n|-terastallize|p1a: Alakazam|Psychic\n|move|p1a: Alakazam|Psychic|p2a: \u5e9f\u4f60\u5148\u81f3\n|-resisted|p2a: \u5e9f\u4f60\u5148\u81f3\n|-damage|p2a: \u5e9f\u4f60\u5148\u81f3|23\/100\n|move|p2a: \u5e9f\u4f60\u5148\u81f3|Psyshock|p1a: Alakazam\n|-resisted|p1a: Alakazam\n|-damage|p1a: Alakazam|27\/100\n|\n|-heal|p2a: \u5e9f\u4f60\u5148\u81f3|29\/100|[from] item: Leftovers\n|upkeep\n|turn|24\n|\n|t:|1700359035\n|move|p1a: Alakazam|Psychic|p2a: \u5e9f\u4f60\u5148\u81f3\n|-resisted|p2a: \u5e9f\u4f60\u5148\u81f3\n|-damage|p2a: \u5e9f\u4f60\u5148\u81f3|0 fnt\n|faint|p2a: \u5e9f\u4f60\u5148\u81f3\n|\n|upkeep\n|\n|t:|1700359037\n|switch|p2a: \u8702\u7237|Beedrill-Mega, F|100\/100\n|turn|25\n|\n|t:|1700359045\n|move|p2a: \u8702\u7237|Fell Stinger|p1a: Alakazam\n|-supereffective|p1a: Alakazam\n|-damage|p1a: Alakazam|0 fnt\n|faint|p1a: Alakazam\n|-boost|p2a: \u8702\u7237|atk|3\n|\n|-fieldend|move: Psychic Terrain\n|upkeep\n|\n|t:|1700359051\n|switch|p1a: Gyarados|Gyarados, F|36\/100\n|-damage|p1a: Gyarados|11\/100|[from] Stealth Rock\n|turn|26\n|\n|t:|1700359059\n|move|p2a: \u8702\u7237|Poison Jab|p1a: Gyarados\n|-damage|p1a: Gyarados|0 fnt\n|faint|p1a: Gyarados\n|\n|upkeep\n|-message|AncientFr33z forfeited.\n|\n|win|jiyanyu\n|raw|AncientFr33z's rating: 1231 &rarr; <strong>1211<\/strong><br \/>(-20 for losing)\n|raw|jiyanyu's rating: 1306 &rarr; <strong>1322<\/strong><br \/>(+16 for winning)\n|l|\u2606AncientFr33z\n","uploadtime":1700359077,"views":11,"p1id":"ancientfr33z","p2id":"jiyanyu","formatid":"gen9nationaldex","rating":1211,"private":0,"password":""}