{"id":"gen9nationaldex-1999043225","p1":"CCF Cloysters","p2":"DriftAwayCamira","format":"[Gen 9] National Dex","log":"|html|<div class=\"broadcast-blue\"><strong>[Gen 9] National Dex is currently suspecting Sneasler! For information on how to participate check out the <a href=\"https:\/\/www.smogon.com\/forums\/threads\/sv-national-dex-suspect-8-just-dance.3731534\/\">suspect thread<\/a>.<\/strong><\/div>\n|j|\u2606CCF Cloysters\n|j|\u2606DriftAwayCamira\n|t:|1701027069\n|gametype|singles\n|player|p1|CCF Cloysters|ethan|\n|player|p2|DriftAwayCamira|blue|\n|teamsize|p1|6\n|teamsize|p2|6\n|gen|9\n|tier|[Gen 9] National Dex\n|rule|HP Percentage Mod: HP is shown in percentages\n|rule|Endless Battle Clause: Forcing endless battles is banned\n|rule|OHKO Clause: OHKO moves are banned\n|rule|Evasion Clause: Evasion abilities, items, and moves are banned\n|rule|Evasion Abilities Clause: Evasion abilities are banned\n|rule|Evasion Items Clause: Evasion items are banned\n|rule|Evasion Moves Clause: Evasion moves are banned\n|rule|Species Clause: Limit one of each Pok\u00e9mon\n|rule|Sleep Clause Mod: Limit one foe put to sleep\n|clearpoke\n|poke|p1|Kommo-o, M|\n|poke|p1|Darmanitan, M|\n|poke|p1|Rillaboom, M|\n|poke|p1|Diggersby, F|\n|poke|p1|Porygon2|\n|poke|p1|Carracosta, F|\n|poke|p2|Clodsire, F|\n|poke|p2|Kingler, F|\n|poke|p2|Minior|\n|poke|p2|Skeledirge, M|\n|poke|p2|Orthworm, F|\n|poke|p2|Slither Wing|\n|teampreview\n|\n|t:|1701027085\n|start\n|switch|p1a: Helm|Kommo-o, M|100\/100\n|switch|p2a: Goo Lord|Clodsire, F, shiny|100\/100\n|turn|1\n|\n|t:|1701027098\n|move|p1a: Helm|Substitute|p1a: Helm\n|-start|p1a: Helm|Substitute\n|-damage|p1a: Helm|75\/100\n|move|p2a: Goo Lord|Gunk Shot|p1a: Helm\n|-end|p1a: Helm|Substitute\n|\n|upkeep\n|turn|2\n|\n|t:|1701027107\n|switch|p1a: Chip|Porygon2|100\/100\n|-ability|p1a: Chip|Water Absorb|[from] ability: Trace|[of] p2a: Goo Lord\n|move|p2a: Goo Lord|Gunk Shot|p1a: Chip\n|-damage|p1a: Chip|78\/100\n|\n|upkeep\n|turn|3\n|\n|t:|1701027123\n|move|p2a: Goo Lord|Substitute|p2a: Goo Lord\n|-start|p2a: Goo Lord|Substitute\n|-damage|p2a: Goo Lord|75\/100\n|move|p1a: Chip|Trick Room|p1a: Chip\n|-fieldstart|move: Trick Room|[of] p1a: Chip\n|\n|-heal|p2a: Goo Lord|82\/100|[from] item: Leftovers\n|upkeep\n|turn|4\n|\n|t:|1701027134\n|move|p2a: Goo Lord|Toxic Spikes|p1a: Chip\n|-sidestart|p1: CCF Cloysters|move: Toxic Spikes\n|move|p1a: Chip|Tri Attack|p2a: Goo Lord\n|-activate|p2a: Goo Lord|move: Substitute|[damage]\n|\n|-heal|p2a: Goo Lord|88\/100|[from] item: Leftovers\n|upkeep\n|turn|5\n|\n|t:|1701027151\n|move|p2a: Goo Lord|Toxic Spikes|p1a: Chip\n|-sidestart|p1: CCF Cloysters|move: Toxic Spikes\n|move|p1a: Chip|Tri Attack|p2a: Goo Lord\n|-end|p2a: Goo Lord|Substitute\n|\n|-heal|p2a: Goo Lord|94\/100|[from] item: Leftovers\n|upkeep\n|turn|6\n|\n|t:|1701027164\n|move|p2a: Goo Lord|Substitute|p2a: Goo Lord\n|-start|p2a: Goo Lord|Substitute\n|-damage|p2a: Goo Lord|69\/100\n|move|p1a: Chip|Teleport|p1a: Chip\n|\n|t:|1701027174\n|switch|p1a: Bubba|Diggersby, F|100\/100|[from] Teleport\n|-status|p1a: Bubba|tox\n|\n|-heal|p2a: Goo Lord|75\/100|[from] item: Leftovers\n|-damage|p1a: Bubba|94\/100 tox|[from] psn\n|upkeep\n|turn|7\n|\n|t:|1701027185\n|move|p2a: Goo Lord|Gunk Shot|p1a: Bubba\n|-resisted|p1a: Bubba\n|-damage|p1a: Bubba|72\/100 tox\n|move|p1a: Bubba|Earthquake|p2a: Goo Lord\n|-supereffective|p2a: Goo Lord\n|-end|p2a: Goo Lord|Substitute\n|\n|-heal|p2a: Goo Lord|82\/100|[from] item: Leftovers\n|-damage|p1a: Bubba|59\/100 tox|[from] psn\n|-fieldend|move: Trick Room\n|upkeep\n|turn|8\n|\n|t:|1701027204\n|switch|p2a: Snippers|Kingler, F|100\/100\n|move|p1a: Bubba|Earthquake|p2a: Snippers\n|-damage|p2a: Snippers|33\/100\n|\n|-damage|p1a: Bubba|41\/100 tox|[from] psn\n|upkeep\n|turn|9\n|\n|t:|1701027222\n|move|p1a: Bubba|Return|p2a: Snippers\n|-damage|p2a: Snippers|0 fnt\n|faint|p2a: Snippers\n|\n|-damage|p1a: Bubba|17\/100 tox|[from] psn\n|upkeep\n|\n|t:|1701027236\n|switch|p2a: Silly Little Guy|Slither Wing|100\/100\n|turn|10\n|\n|t:|1701027243\n|switch|p1a: Chip|Porygon2|78\/100\n|-status|p1a: Chip|tox\n|move|p2a: Silly Little Guy|First Impression|p1a: Chip\n|-damage|p1a: Chip|44\/100 tox\n|\n|-damage|p1a: Chip|38\/100 tox|[from] psn\n|upkeep\n|turn|11\n|\n|t:|1701027256\n|move|p2a: Silly Little Guy|Close Combat|p1a: Chip\n|-supereffective|p1a: Chip\n|-damage|p1a: Chip|0 fnt\n|-unboost|p2a: Silly Little Guy|def|1\n|-unboost|p2a: Silly Little Guy|spd|1\n|faint|p1a: Chip\n|\n|upkeep\n|\n|t:|1701027273\n|switch|p1a: Mister Fisto|Darmanitan, M|100\/100\n|-status|p1a: Mister Fisto|tox\n|turn|12\n|\n|t:|1701027279\n|move|p1a: Mister Fisto|Flare Blitz|p2a: Silly Little Guy\n|-supereffective|p2a: Silly Little Guy\n|-damage|p2a: Silly Little Guy|0 fnt\n|faint|p2a: Silly Little Guy\n|-end|p2a: Silly Little Guy|Protosynthesis|[silent]\n|-damage|p1a: Mister Fisto|71\/100 tox|[from] Recoil\n|\n|-damage|p1a: Mister Fisto|65\/100 tox|[from] psn\n|upkeep\n|\n|t:|1701027302\n|switch|p2a: Goo Lord|Clodsire, F, shiny|82\/100\n|turn|13\n|\n|t:|1701027307\n|move|p1a: Mister Fisto|Earthquake|p2a: Goo Lord\n|-supereffective|p2a: Goo Lord\n|-damage|p2a: Goo Lord|0 fnt\n|faint|p2a: Goo Lord\n|-damage|p1a: Mister Fisto|55\/100 tox|[from] item: Life Orb\n|\n|-damage|p1a: Mister Fisto|43\/100 tox|[from] psn\n|upkeep\n|\n|t:|1701027328\n|switch|p2a: Snapper|Skeledirge, M|100\/100\n|-item|p2a: Snapper|Air Balloon\n|turn|14\n|\n|t:|1701027334\n|switch|p1a: Bubba|Diggersby, F|17\/100 tox\n|move|p2a: Snapper|Shadow Ball|p1a: Bubba\n|-immune|p1a: Bubba\n|\n|-damage|p1a: Bubba|10\/100 tox|[from] psn\n|upkeep\n|turn|15\n|\n|t:|1701027344\n|move|p1a: Bubba|Earthquake|p2a: Snapper\n|-immune|p2a: Snapper\n|move|p2a: Snapper|Torch Song|p1a: Bubba\n|-damage|p1a: Bubba|0 fnt\n|-boost|p2a: Snapper|spa|1\n|faint|p1a: Bubba\n|\n|upkeep\n|\n|t:|1701027352\n|switch|p1a: Helm|Kommo-o, M|75\/100\n|-status|p1a: Helm|tox\n|turn|16\n|\n|t:|1701027367\n|move|p1a: Helm|Thunder Punch|p2a: Snapper\n|-damage|p2a: Snapper|84\/100\n|-enditem|p2a: Snapper|Air Balloon\n|move|p2a: Snapper|Torch Song|p1a: Helm\n|-immune|p1a: Helm|[from] ability: Soundproof\n|\n|-damage|p1a: Helm|69\/100 tox|[from] psn\n|upkeep\n|turn|17\n|\n|t:|1701027385\n|move|p1a: Helm|Thunder Punch|p2a: Snapper\n|-damage|p2a: Snapper|67\/100\n|move|p2a: Snapper|Shadow Ball|p1a: Helm\n|-damage|p1a: Helm|19\/100 tox\n|-enditem|p1a: Helm|Salac Berry|[eat]\n|-boost|p1a: Helm|spe|1|[from] item: Salac Berry\n|\n|-damage|p1a: Helm|6\/100 tox|[from] psn\n|upkeep\n|turn|18\n|\n|t:|1701027403\n|move|p1a: Helm|Thunder Punch|p2a: Snapper\n|-damage|p2a: Snapper|49\/100\n|move|p2a: Snapper|Shadow Ball|p1a: Helm\n|-damage|p1a: Helm|0 fnt\n|faint|p1a: Helm\n|\n|upkeep\n|\n|t:|1701027425\n|switch|p1a: Mister Fisto|Darmanitan, M|43\/100 tox\n|turn|19\n|\n|t:|1701027458\n|move|p1a: Mister Fisto|Rock Slide|p2a: Snapper\n|-supereffective|p2a: Snapper\n|-damage|p2a: Snapper|0 fnt\n|faint|p2a: Snapper\n|\n|-damage|p1a: Mister Fisto|37\/100 tox|[from] psn\n|upkeep\n|\n|t:|1701027470\n|switch|p2a: Squishy|Minior|100\/100\n|-formechange|p2a: Squishy|Minior-Meteor||[from] ability: Shields Down\n|turn|20\n|\n|t:|1701027484\n|switch|p1a: Tempo|Rillaboom, M|100\/100\n|-status|p1a: Tempo|tox\n|-fieldstart|move: Grassy Terrain|[from] ability: Grassy Surge|[of] p1a: Tempo\n|move|p2a: Squishy|Acrobatics|p1a: Tempo\n|-supereffective|p1a: Tempo\n|-damage|p1a: Tempo|58\/100 tox\n|\n|-heal|p1a: Tempo|64\/100 tox|[from] Grassy Terrain\n|-damage|p1a: Tempo|58\/100 tox|[from] psn\n|upkeep\n|turn|21\n|\n|t:|1701027499\n|move|p1a: Tempo|Wood Hammer|p2a: Squishy\n|-damage|p2a: Squishy|0 fnt\n|faint|p2a: Squishy\n|-damage|p1a: Tempo|28\/100 tox|[from] Recoil\n|\n|-heal|p1a: Tempo|35\/100 tox|[from] Grassy Terrain\n|-damage|p1a: Tempo|22\/100 tox|[from] psn\n|upkeep\n|\n|t:|1701027508\n|switch|p2a: Rock 'Em Sock Em'|Orthworm, F|100\/100\n|turn|22\n|\n|t:|1701027518\n|move|p1a: Tempo|Wood Hammer|p2a: Rock 'Em Sock Em'\n|-resisted|p2a: Rock 'Em Sock Em'\n|-damage|p2a: Rock 'Em Sock Em'|63\/100\n|-damage|p1a: Tempo|10\/100 tox|[from] Recoil\n|move|p2a: Rock 'Em Sock Em'|Heavy Slam|p1a: Tempo\n|-damage|p1a: Tempo|0 fnt\n|faint|p1a: Tempo\n|\n|-heal|p2a: Rock 'Em Sock Em'|70\/100|[from] Grassy Terrain\n|upkeep\n|\n|t:|1701027532\n|switch|p1a: Mister Fisto|Darmanitan, M|37\/100 tox\n|turn|23\n|\n|t:|1701027539\n|move|p1a: Mister Fisto|Flare Blitz|p2a: Rock 'Em Sock Em'\n|-supereffective|p2a: Rock 'Em Sock Em'\n|-damage|p2a: Rock 'Em Sock Em'|0 fnt\n|faint|p2a: Rock 'Em Sock Em'\n|-damage|p1a: Mister Fisto|15\/100 tox|[from] Recoil\n|\n|win|CCF Cloysters\n|c|\u2606CCF Cloysters|gg!\n","uploadtime":1701027549,"views":38,"p1id":"ccfcloysters","p2id":"driftawaycamira","formatid":"gen9nationaldex","rating":0,"private":0,"password":""}