{"id":"gen9nationaldex-1998714505","p1":"Shelmett","p2":"Glados501","format":"[Gen 9] National Dex","log":"|html|<div class=\"broadcast-blue\"><strong>[Gen 9] National Dex is currently suspecting Sneasler! For information on how to participate check out the <a href=\"https:\/\/www.smogon.com\/forums\/threads\/sv-national-dex-suspect-8-just-dance.3731534\/\">suspect thread<\/a>.<\/strong><\/div>\n|j|\u2606Shelmett\n|j|\u2606Glados501\n|t:|1700976674\n|gametype|singles\n|player|p1|Shelmett|roxie|1074\n|player|p2|Glados501|cheren-gen5bw2|1040\n|teamsize|p1|3\n|teamsize|p2|6\n|gen|9\n|tier|[Gen 9] National Dex\n|rated|\n|rule|HP Percentage Mod: HP is shown in percentages\n|rule|Endless Battle Clause: Forcing endless battles is banned\n|rule|OHKO Clause: OHKO moves are banned\n|rule|Evasion Clause: Evasion abilities, items, and moves are banned\n|rule|Evasion Abilities Clause: Evasion abilities are banned\n|rule|Evasion Items Clause: Evasion items are banned\n|rule|Evasion Moves Clause: Evasion moves are banned\n|rule|Species Clause: Limit one of each Pok\u00e9mon\n|rule|Sleep Clause Mod: Limit one foe put to sleep\n|clearpoke\n|poke|p1|Fearow, M|\n|poke|p1|Ninetales-Alola, F|\n|poke|p1|Hatterene, F|\n|poke|p2|Audino, F|\n|poke|p2|Scolipede, M|\n|poke|p2|Delphox, F|\n|poke|p2|Krookodile, M|\n|poke|p2|Aegislash, M|\n|poke|p2|Ditto|\n|teampreview\n|\n|t:|1700976681\n|start\n|switch|p1a: Ninetales|Ninetales-Alola, F|100\/100\n|switch|p2a: This u?|Ditto|100\/100\n|-weather|Snow|[from] ability: Snow Warning|[of] p1a: Ninetales\n|-transform|p2a: This u?|p1a: Ninetales|[from] ability: Imposter\n|turn|1\n|\n|t:|1700976694\n|move|p2a: This u?|Aurora Veil|p2a: This u?\n|-sidestart|p2: Glados501|move: Aurora Veil\n|move|p1a: Ninetales|Aurora Veil|p1a: Ninetales\n|-sidestart|p1: Shelmett|move: Aurora Veil\n|\n|-weather|Snow|[upkeep]\n|upkeep\n|turn|2\n|\n|t:|1700976704\n|switch|p2a: Lemonade|Delphox, F|100\/100\n|move|p1a: Ninetales|Roar|p2a: Lemonade\n|drag|p2a: Eye Sword|Aegislash, M|100\/100\n|\n|-weather|Snow|[upkeep]\n|upkeep\n|turn|3\n|\n|t:|1700976718\n|switch|p1a: Hatterene|Hatterene, F|100\/100\n|move|p2a: Eye Sword|Swords Dance|p2a: Eye Sword\n|-boost|p2a: Eye Sword|atk|2\n|\n|-weather|Snow|[upkeep]\n|upkeep\n|turn|4\n|\n|t:|1700976729\n|-formechange|p2a: Eye Sword|Aegislash-Blade||[from] ability: Stance Change\n|move|p2a: Eye Sword|Iron Head|p1a: Hatterene\n|-supereffective|p1a: Hatterene\n|-damage|p1a: Hatterene|0 fnt\n|faint|p1a: Hatterene\n|\n|-weather|Snow|[upkeep]\n|upkeep\n|\n|t:|1700976733\n|switch|p1a: Fearow|Fearow, M|100\/100\n|turn|5\n|\n|t:|1700976739\n|-formechange|p2a: Eye Sword|Aegislash||[from] ability: Stance Change\n|move|p2a: Eye Sword|King's Shield|p2a: Eye Sword\n|-singleturn|p2a: Eye Sword|Protect\n|move|p1a: Fearow|Focus Energy|p1a: Fearow\n|-start|p1a: Fearow|move: Focus Energy\n|\n|-weather|none\n|-sideend|p2: Glados501|move: Aurora Veil\n|upkeep\n|turn|6\n|\n|t:|1700976753\n|move|p1a: Fearow|Drill Run|p2a: Eye Sword\n|-supereffective|p2a: Eye Sword\n|-crit|p2a: Eye Sword\n|-damage|p2a: Eye Sword|12\/100\n|-enditem|p2a: Eye Sword|Weakness Policy\n|-boost|p2a: Eye Sword|atk|2|[from] item: Weakness Policy\n|-boost|p2a: Eye Sword|spa|2|[from] item: Weakness Policy\n|-formechange|p2a: Eye Sword|Aegislash-Blade||[from] ability: Stance Change\n|move|p2a: Eye Sword|Iron Head|p1a: Fearow\n|-damage|p1a: Fearow|0 fnt\n|faint|p1a: Fearow\n|\n|upkeep\n|-message|Shelmett forfeited.\n|\n|win|Glados501\n|raw|Shelmett's rating: 1074 &rarr; <strong>1051<\/strong><br \/>(-23 for losing)\n|raw|Glados501's rating: 1040 &rarr; <strong>1077<\/strong><br \/>(+37 for winning)\n|l|\u2606Shelmett\n","uploadtime":1700976769,"views":1,"p1id":"shelmett","p2id":"glados501","formatid":"gen9nationaldex","rating":1051,"private":0,"password":""}