{"id":"gen9nationaldex-1990917998","p1":"SSSSSSlizard","p2":"OKCCTV","format":"[Gen 9] National Dex","log":"|j|\u2606SSSSSSlizard\n|j|\u2606OKCCTV\n|t:|1700014987\n|gametype|singles\n|player|p1|SSSSSSlizard|irida|1573\n|player|p2|OKCCTV|lucas|1680\n|teamsize|p1|6\n|teamsize|p2|6\n|gen|9\n|tier|[Gen 9] National Dex\n|rated|\n|rule|HP Percentage Mod: HP is shown in percentages\n|rule|Endless Battle Clause: Forcing endless battles is banned\n|rule|OHKO Clause: OHKO moves are banned\n|rule|Evasion Clause: Evasion abilities, items, and moves are banned\n|rule|Evasion Abilities Clause: Evasion abilities are banned\n|rule|Evasion Items Clause: Evasion items are banned\n|rule|Evasion Moves Clause: Evasion moves are banned\n|rule|Species Clause: Limit one of each Pok\u00e9mon\n|rule|Sleep Clause Mod: Limit one foe put to sleep\n|clearpoke\n|poke|p1|Pelipper, M|\n|poke|p1|Ferrothorn, F|\n|poke|p1|Talonflame, M|\n|poke|p1|Swampert, M|\n|poke|p1|Zapdos|\n|poke|p1|Urshifu-*, M|\n|poke|p2|Alomomola, F|\n|poke|p2|Gardevoir, M|\n|poke|p2|Landorus-Therian, M|\n|poke|p2|Zapdos|\n|poke|p2|Samurott-Hisui, M|\n|poke|p2|Sneasler, M|\n|teampreview\n|\n|t:|1700015002\n|start\n|switch|p1a: Ferrothorn|Ferrothorn, F|100\/100\n|switch|p2a: Landorus|Landorus-Therian, M|100\/100\n|-ability|p2a: Landorus|Intimidate|boost\n|-unboost|p1a: Ferrothorn|atk|1\n|turn|1\n|\n|t:|1700015009\n|move|p2a: Landorus|Knock Off|p1a: Ferrothorn\n|-damage|p1a: Ferrothorn|75\/100\n|-damage|p2a: Landorus|88\/100|[from] ability: Iron Barbs|[of] p1a: Ferrothorn\n|-enditem|p1a: Ferrothorn|Leftovers|[from] move: Knock Off|[of] p2a: Landorus\n|move|p1a: Ferrothorn|Stealth Rock|p2a: Landorus\n|-sidestart|p2: OKCCTV|move: Stealth Rock\n|\n|upkeep\n|turn|2\n|\n|t:|1700015016\n|switch|p2a: Zapdos|Zapdos|100\/100\n|move|p1a: Ferrothorn|Spikes|p2a: Zapdos\n|-sidestart|p2: OKCCTV|Spikes\n|\n|upkeep\n|turn|3\n|\n|t:|1700015020\n|move|p2a: Zapdos|Defog|p1a: Ferrothorn\n|-unboost|p1a: Ferrothorn|evasion|1\n|-sideend|p2: OKCCTV|Spikes|[from] move: Defog|[of] p2a: Zapdos\n|-sideend|p2: OKCCTV|Stealth Rock|[from] move: Defog|[of] p2a: Zapdos\n|move|p1a: Ferrothorn|Stealth Rock|p2a: Zapdos\n|-sidestart|p2: OKCCTV|move: Stealth Rock\n|\n|upkeep\n|turn|4\n|\n|t:|1700015026\n|switch|p1a: Zapdos|Zapdos|100\/100\n|move|p2a: Zapdos|Heat Wave|p1a: Zapdos\n|-damage|p1a: Zapdos|73\/100\n|\n|upkeep\n|turn|5\n|\n|t:|1700015031\n|move|p2a: Zapdos|Defog|p1a: Zapdos\n|-unboost|p1a: Zapdos|evasion|1\n|-sideend|p2: OKCCTV|Stealth Rock|[from] move: Defog|[of] p2a: Zapdos\n|move|p1a: Zapdos|Volt Switch|p2a: Zapdos\n|-damage|p2a: Zapdos|65\/100\n|\n|t:|1700015034\n|switch|p1a: Pelipper|Pelipper, M|100\/100|[from] Volt Switch\n|-weather|RainDance|[from] ability: Drizzle|[of] p1a: Pelipper\n|\n|-weather|RainDance|[upkeep]\n|upkeep\n|turn|6\n|\n|t:|1700015039\n|switch|p1a: Ferrothorn|Ferrothorn, F|75\/100\n|move|p2a: Zapdos|Heat Wave|p1a: Ferrothorn|[miss]\n|-miss|p2a: Zapdos|p1a: Ferrothorn\n|\n|-weather|RainDance|[upkeep]\n|upkeep\n|turn|7\n|j| FakeDragon\n|\n|t:|1700015045\n|move|p2a: Zapdos|Heat Wave|p1a: Ferrothorn\n|-supereffective|p1a: Ferrothorn\n|-damage|p1a: Ferrothorn|37\/100\n|move|p1a: Ferrothorn|Stealth Rock|p2a: Zapdos\n|-sidestart|p2: OKCCTV|move: Stealth Rock\n|\n|-weather|RainDance|[upkeep]\n|upkeep\n|turn|8\n|\n|t:|1700015053\n|switch|p1a: Swampert|Swampert, M|100\/100\n|move|p2a: Zapdos|Heat Wave|p1a: Swampert\n|-resisted|p1a: Swampert\n|-damage|p1a: Swampert|93\/100\n|\n|-weather|RainDance|[upkeep]\n|upkeep\n|turn|9\n|j| YomiIzu\n|inactive|Battle timer is ON: inactive players will automatically lose when time's up. (requested by OKCCTV)\n|\n|t:|1700015072\n|switch|p2a: Alomomola|Alomomola, F|100\/100\n|-damage|p2a: Alomomola|88\/100|[from] Stealth Rock\n|detailschange|p1a: Swampert|Swampert-Mega, M\n|-mega|p1a: Swampert|Swampert|Swampertite\n|move|p1a: Swampert|Bulk Up|p1a: Swampert\n|-boost|p1a: Swampert|atk|1\n|-boost|p1a: Swampert|def|1\n|\n|-weather|RainDance|[upkeep]\n|-heal|p2a: Alomomola|94\/100|[from] item: Leftovers\n|upkeep\n|turn|10\n|\n|t:|1700015078\n|move|p1a: Swampert|Substitute|p1a: Swampert\n|-start|p1a: Swampert|Substitute\n|-damage|p1a: Swampert|69\/100\n|move|p2a: Alomomola|Flip Turn|p1a: Swampert\n|-activate|p1a: Swampert|move: Substitute|[damage]\n|\n|t:|1700015088\n|switch|p2a: Landorus|Landorus-Therian, M|88\/100|[from] Flip Turn\n|-damage|p2a: Landorus|75\/100|[from] Stealth Rock\n|-ability|p2a: Landorus|Intimidate|boost\n|-immune|p1a: Swampert\n|\n|-weather|RainDance|[upkeep]\n|upkeep\n|turn|11\n|\n|t:|1700015091\n|-terastallize|p2a: Landorus|Water\n|move|p1a: Swampert|Liquidation|p2a: Landorus\n|-resisted|p2a: Landorus\n|-damage|p2a: Landorus|8\/100\n|move|p2a: Landorus|U-turn|p1a: Swampert\n|-end|p1a: Swampert|Substitute\n|\n|t:|1700015102\n|switch|p2a: Sneasler|Sneasler, M|100\/100|[from] U-turn\n|-damage|p2a: Sneasler|95\/100|[from] Stealth Rock\n|\n|-weather|RainDance|[upkeep]\n|upkeep\n|turn|12\n|\n|t:|1700015108\n|switch|p1a: Zapdos|Zapdos|73\/100\n|move|p2a: Sneasler|Fake Out|p1a: Zapdos\n|-damage|p1a: Zapdos|64\/100\n|\n|-weather|none\n|upkeep\n|turn|13\n|\n|t:|1700015126\n|switch|p2a: Zapdos|Zapdos|65\/100\n|move|p1a: Zapdos|Volt Switch|p2a: Zapdos\n|-damage|p2a: Zapdos|30\/100\n|\n|t:|1700015130\n|switch|p1a: Urshifu|Urshifu-Rapid-Strike, M|100\/100|[from] Volt Switch\n|\n|upkeep\n|turn|14\n|\n|t:|1700015143\n|switch|p2a: Alomomola|Alomomola, F|100\/100\n|-damage|p2a: Alomomola|88\/100|[from] Stealth Rock\n|move|p1a: Urshifu|Ice Spinner|p2a: Alomomola\n|-resisted|p2a: Alomomola\n|-damage|p2a: Alomomola|81\/100\n|\n|-heal|p2a: Alomomola|88\/100|[from] item: Leftovers\n|upkeep\n|turn|15\n|\n|t:|1700015146\n|switch|p1a: Zapdos|Zapdos|64\/100\n|move|p2a: Alomomola|Flip Turn|p1a: Zapdos\n|-damage|p1a: Zapdos|53\/100\n|\n|t:|1700015151\n|switch|p2a: Zapdos|Zapdos|30\/100|[from] Flip Turn\n|\n|upkeep\n|turn|16\n|\n|t:|1700015154\n|move|p2a: Zapdos|Roost|p2a: Zapdos\n|-heal|p2a: Zapdos|80\/100\n|-singleturn|p2a: Zapdos|move: Roost\n|move|p1a: Zapdos|Volt Switch|p2a: Zapdos\n|-resisted|p2a: Zapdos\n|-damage|p2a: Zapdos|63\/100\n|\n|t:|1700015158\n|switch|p1a: Pelipper|Pelipper, M|100\/100|[from] Volt Switch\n|-weather|RainDance|[from] ability: Drizzle|[of] p1a: Pelipper\n|\n|-weather|RainDance|[upkeep]\n|upkeep\n|turn|17\n|\n|t:|1700015162\n|switch|p1a: Swampert|Swampert-Mega, M|69\/100\n|move|p2a: Zapdos|Volt Switch|p1a: Swampert\n|-immune|p1a: Swampert\n|\n|-weather|RainDance|[upkeep]\n|upkeep\n|turn|18\n|\n|t:|1700015168\n|switch|p2a: Landorus|Landorus-Therian, M, tera:Water|8\/100\n|-damage|p2a: Landorus|0 fnt|[from] Stealth Rock\n|faint|p2a: Landorus\n|move|p1a: Swampert|Bulk Up|p1a: Swampert\n|-boost|p1a: Swampert|atk|1\n|-boost|p1a: Swampert|def|1\n|\n|-weather|RainDance|[upkeep]\n|upkeep\n|\n|t:|1700015175\n|switch|p2a: Sneasler|Sneasler, M|95\/100\n|-damage|p2a: Sneasler|89\/100|[from] Stealth Rock\n|turn|19\n|\n|t:|1700015180\n|move|p2a: Sneasler|Fake Out|p1a: Swampert\n|-damage|p1a: Swampert|59\/100\n|-status|p1a: Swampert|psn|[from] ability: Poison Touch|[of] p2a: Sneasler\n|cant|p1a: Swampert|flinch\n|\n|-weather|RainDance|[upkeep]\n|-damage|p1a: Swampert|47\/100 psn|[from] psn\n|upkeep\n|turn|20\n|\n|t:|1700015185\n|switch|p2a: Alomomola|Alomomola, F|100\/100\n|-damage|p2a: Alomomola|88\/100|[from] Stealth Rock\n|move|p1a: Swampert|Liquidation|p2a: Alomomola\n|-resisted|p2a: Alomomola\n|-damage|p2a: Alomomola|53\/100\n|\n|-weather|RainDance|[upkeep]\n|-heal|p2a: Alomomola|60\/100|[from] item: Leftovers\n|-damage|p1a: Swampert|34\/100 psn|[from] psn\n|upkeep\n|turn|21\n|\n|t:|1700015195\n|move|p1a: Swampert|Liquidation|p2a: Alomomola\n|-resisted|p2a: Alomomola\n|-damage|p2a: Alomomola|29\/100\n|-unboost|p2a: Alomomola|def|1\n|move|p2a: Alomomola|Flip Turn|p1a: Swampert\n|-damage|p1a: Swampert|20\/100 psn\n|\n|t:|1700015199\n|switch|p2a: Sneasler|Sneasler, M|89\/100|[from] Flip Turn\n|-damage|p2a: Sneasler|83\/100|[from] Stealth Rock\n|\n|-weather|RainDance|[upkeep]\n|-damage|p1a: Swampert|8\/100 psn|[from] psn\n|upkeep\n|turn|22\n|\n|t:|1700015206\n|switch|p1a: Ferrothorn|Ferrothorn, F|37\/100\n|move|p2a: Sneasler|Fake Out|p1a: Ferrothorn\n|-resisted|p1a: Ferrothorn\n|-damage|p1a: Ferrothorn|32\/100\n|-damage|p2a: Sneasler|70\/100|[from] ability: Iron Barbs|[of] p1a: Ferrothorn\n|\n|-weather|RainDance|[upkeep]\n|upkeep\n|turn|23\n|\n|t:|1700015216\n|switch|p1a: Swampert|Swampert-Mega, M|8\/100 psn\n|move|p2a: Sneasler|Close Combat|p1a: Swampert\n|-damage|p1a: Swampert|0 fnt\n|-unboost|p2a: Sneasler|def|1\n|-unboost|p2a: Sneasler|spd|1\n|faint|p1a: Swampert\n|\n|-weather|none\n|upkeep\n|\n|t:|1700015218\n|switch|p1a: Pelipper|Pelipper, M|100\/100\n|-weather|RainDance|[from] ability: Drizzle|[of] p1a: Pelipper\n|turn|24\n|\n|t:|1700015222\n|move|p2a: Sneasler|U-turn|p1a: Pelipper\n|-resisted|p1a: Pelipper\n|-damage|p1a: Pelipper|92\/100\n|\n|t:|1700015226\n|switch|p2a: Alomomola|Alomomola, F|62\/100|[from] U-turn\n|-damage|p2a: Alomomola|50\/100|[from] Stealth Rock\n|move|p1a: Pelipper|U-turn|p2a: Alomomola\n|-damage|p2a: Alomomola|45\/100\n|\n|t:|1700015228\n|switch|p1a: Talonflame|Talonflame, M|100\/100|[from] U-turn\n|\n|-weather|RainDance|[upkeep]\n|-heal|p2a: Alomomola|51\/100|[from] item: Leftovers\n|upkeep\n|turn|25\n|\n|t:|1700015232\n|-terastallize|p1a: Talonflame|Flying\n|move|p2a: Alomomola|Protect|p2a: Alomomola\n|-singleturn|p2a: Alomomola|Protect\n|move|p1a: Talonflame|Hurricane|p2a: Alomomola\n|-activate|p2a: Alomomola|move: Protect\n|\n|-weather|RainDance|[upkeep]\n|-heal|p2a: Alomomola|57\/100|[from] item: Leftovers\n|upkeep\n|turn|26\n|inactive|OKCCTV has 120 seconds left.\n|\n|t:|1700015263\n|switch|p2a: Zapdos|Zapdos|63\/100\n|move|p1a: Talonflame|Hurricane|p2a: Zapdos\n|-resisted|p2a: Zapdos\n|-damage|p2a: Zapdos|9\/100\n|\n|-weather|RainDance|[upkeep]\n|upkeep\n|turn|27\n|inactive|OKCCTV has 120 seconds left.\n|\n|t:|1700015279\n|move|p1a: Talonflame|Hurricane|p2a: Zapdos\n|-resisted|p2a: Zapdos\n|-damage|p2a: Zapdos|0 fnt\n|faint|p2a: Zapdos\n|\n|-weather|RainDance|[upkeep]\n|upkeep\n|\n|t:|1700015282\n|switch|p2a: Samurott|Samurott-Hisui, M|100\/100\n|-damage|p2a: Samurott|88\/100|[from] Stealth Rock\n|turn|28\n|\n|t:|1700015286\n|move|p1a: Talonflame|Hurricane|p2a: Samurott\n|-damage|p2a: Samurott|0 fnt\n|faint|p2a: Samurott\n|\n|-weather|RainDance|[upkeep]\n|upkeep\n|\n|t:|1700015291\n|switch|p2a: Sneasler|Sneasler, M|70\/100\n|-damage|p2a: Sneasler|64\/100|[from] Stealth Rock\n|turn|29\n|\n|t:|1700015294\n|switch|p1a: Zapdos|Zapdos|53\/100\n|move|p2a: Sneasler|Fake Out|p1a: Zapdos\n|-damage|p1a: Zapdos|44\/100\n|\n|-weather|RainDance|[upkeep]\n|upkeep\n|turn|30\n|\n|t:|1700015297\n|move|p2a: Sneasler|U-turn|p1a: Zapdos\n|-resisted|p1a: Zapdos\n|-damage|p1a: Zapdos|35\/100\n|-status|p2a: Sneasler|par|[from] ability: Static|[of] p1a: Zapdos\n|\n|t:|1700015300\n|switch|p2a: Gardevoir|Gardevoir, M|100\/100|[from] U-turn\n|-damage|p2a: Gardevoir|88\/100|[from] Stealth Rock\n|-ability|p2a: Gardevoir|Static|[from] ability: Trace|[of] p1a: Zapdos\n|move|p1a: Zapdos|Volt Switch|p2a: Gardevoir\n|-damage|p2a: Gardevoir|59\/100\n|\n|t:|1700015302\n|switch|p1a: Talonflame|Talonflame, M, tera:Flying|100\/100|[from] Volt Switch\n|\n|-weather|RainDance|[upkeep]\n|upkeep\n|turn|31\n|\n|t:|1700015313\n|switch|p2a: Sneasler|Sneasler, M|64\/100 par\n|-damage|p2a: Sneasler|58\/100 par|[from] Stealth Rock\n|move|p1a: Talonflame|Hurricane|p2a: Sneasler\n|-supereffective|p2a: Sneasler\n|-damage|p2a: Sneasler|0 fnt\n|faint|p2a: Sneasler\n|\n|-weather|none\n|upkeep\n|\n|t:|1700015314\n|switch|p2a: Gardevoir|Gardevoir, M|59\/100\n|-damage|p2a: Gardevoir|46\/100|[from] Stealth Rock\n|-ability|p2a: Gardevoir|Gale Wings|[from] ability: Trace|[of] p1a: Talonflame\n|turn|32\n|\n|t:|1700015316\n|switch|p1a: Pelipper|Pelipper, M|92\/100\n|-weather|RainDance|[from] ability: Drizzle|[of] p1a: Pelipper\n|detailschange|p2a: Gardevoir|Gardevoir-Mega, M\n|-mega|p2a: Gardevoir|Gardevoir|Gardevoirite\n|move|p2a: Gardevoir|Pain Split|p1a: Pelipper\n|-sethp|p1a: Pelipper|66\/100|[from] move: Pain Split|[silent]\n|-sethp|p2a: Gardevoir|76\/100|[from] move: Pain Split\n|\n|-weather|RainDance|[upkeep]\n|upkeep\n|turn|33\n|\n|t:|1700015322\n|move|p2a: Gardevoir|Calm Mind|p2a: Gardevoir\n|-boost|p2a: Gardevoir|spa|1\n|-boost|p2a: Gardevoir|spd|1\n|move|p1a: Pelipper|U-turn|p2a: Gardevoir\n|-damage|p2a: Gardevoir|63\/100\n|\n|t:|1700015324\n|switch|p1a: Urshifu|Urshifu-Rapid-Strike, M|100\/100|[from] U-turn\n|\n|-weather|RainDance|[upkeep]\n|upkeep\n|turn|34\n|\n|t:|1700015329\n|switch|p2a: Alomomola|Alomomola, F|90\/100\n|-damage|p2a: Alomomola|78\/100|[from] Stealth Rock\n|move|p1a: Urshifu|U-turn|p2a: Alomomola\n|-damage|p2a: Alomomola|65\/100\n|\n|t:|1700015331\n|switch|p1a: Talonflame|Talonflame, M, tera:Flying|100\/100|[from] U-turn\n|\n|-weather|RainDance|[upkeep]\n|-heal|p2a: Alomomola|71\/100|[from] item: Leftovers\n|upkeep\n|turn|35\n|\n|t:|1700015334\n|move|p2a: Alomomola|Protect|p2a: Alomomola\n|-singleturn|p2a: Alomomola|Protect\n|move|p1a: Talonflame|Hurricane|p2a: Alomomola\n|-activate|p2a: Alomomola|move: Protect\n|\n|-weather|RainDance|[upkeep]\n|-heal|p2a: Alomomola|77\/100|[from] item: Leftovers\n|upkeep\n|turn|36\n|c|\u2606SSSSSSlizard|gg\n|\n|t:|1700015341\n|move|p1a: Talonflame|Hurricane|p2a: Alomomola\n|-damage|p2a: Alomomola|0 fnt\n|faint|p2a: Alomomola\n|\n|-weather|RainDance|[upkeep]\n|upkeep\n|\n|t:|1700015344\n|switch|p2a: Gardevoir|Gardevoir-Mega, M|63\/100\n|-damage|p2a: Gardevoir|50\/100|[from] Stealth Rock\n|turn|37\n|\n|t:|1700015347\n|move|p1a: Talonflame|Hurricane|p2a: Gardevoir\n|-damage|p2a: Gardevoir|0 fnt\n|faint|p2a: Gardevoir\n|\n|win|SSSSSSlizard\n|raw|SSSSSSlizard's rating: 1573 &rarr; <strong>1599<\/strong><br \/>(+26 for winning)\n|raw|OKCCTV's rating: 1680 &rarr; <strong>1654<\/strong><br \/>(-26 for losing)\n|l|\u2606OKCCTV\n","uploadtime":1700015368,"views":6,"p1id":"sssssslizard","p2id":"okcctv","formatid":"gen9nationaldex","rating":1599,"private":0,"password":""}