{"id":"gen9nationaldex-1988760754","p1":"tonyzs","p2":"BakuDekuNOTfan","format":"[Gen 9] National Dex","log":"|j|\u2606tonyzs\n|j|\u2606BakuDekuNOTfan\n|t:|1699759679\n|gametype|singles\n|player|p1|tonyzs|caitlin|1094\n|player|p2|BakuDekuNOTfan|266|1094\n|teamsize|p1|6\n|teamsize|p2|6\n|gen|9\n|tier|[Gen 9] National Dex\n|rated|\n|rule|HP Percentage Mod: HP is shown in percentages\n|rule|Endless Battle Clause: Forcing endless battles is banned\n|rule|OHKO Clause: OHKO moves are banned\n|rule|Evasion Clause: Evasion abilities, items, and moves are banned\n|rule|Evasion Abilities Clause: Evasion abilities are banned\n|rule|Evasion Items Clause: Evasion items are banned\n|rule|Evasion Moves Clause: Evasion moves are banned\n|rule|Species Clause: Limit one of each Pok\u00e9mon\n|rule|Sleep Clause Mod: Limit one foe put to sleep\n|clearpoke\n|poke|p1|Zapdos|\n|poke|p1|Glimmora, M|\n|poke|p1|Clodsire, M|\n|poke|p1|Lopunny, F|\n|poke|p1|Hoopa-Unbound|\n|poke|p1|Heatran, F|\n|poke|p2|Urshifu-*, M|\n|poke|p2|Dragonite, M|\n|poke|p2|Heatran, M|\n|poke|p2|Great Tusk|\n|poke|p2|Zapdos|\n|poke|p2|Kommo-o, M|\n|teampreview\n|inactive|Battle timer is ON: inactive players will automatically lose when time's up. (requested by BakuDekuNOTfan)\n|\n|t:|1699759685\n|start\n|switch|p1a: \u79d1\u6280\u306e\u4ea7\u7269|Glimmora, M|100\/100\n|switch|p2a: Urshifu|Urshifu-Rapid-Strike, M|100\/100\n|turn|1\n|\n|t:|1699759693\n|move|p2a: Urshifu|Surging Strikes|p1a: \u79d1\u6280\u306e\u4ea7\u7269\n|-supereffective|p1a: \u79d1\u6280\u306e\u4ea7\u7269\n|-crit|p1a: \u79d1\u6280\u306e\u4ea7\u7269\n|-damage|p1a: \u79d1\u6280\u306e\u4ea7\u7269|26\/100\n|-activate|p1a: \u79d1\u6280\u306e\u4ea7\u7269|ability: Toxic Debris\n|-sidestart|p2: BakuDekuNOTfan|move: Toxic Spikes\n|-supereffective|p1a: \u79d1\u6280\u306e\u4ea7\u7269\n|-crit|p1a: \u79d1\u6280\u306e\u4ea7\u7269\n|-damage|p1a: \u79d1\u6280\u306e\u4ea7\u7269|0 fnt\n|-activate|p1a: \u79d1\u6280\u306e\u4ea7\u7269|ability: Toxic Debris\n|-sidestart|p2: BakuDekuNOTfan|move: Toxic Spikes\n|faint|p1a: \u79d1\u6280\u306e\u4ea7\u7269\n|-hitcount|p1: \u79d1\u6280\u306e\u4ea7\u7269|2\n|\n|upkeep\n|\n|t:|1699759721\n|switch|p1a: \u77f3\u529b\u6208|Lopunny, F, shiny|100\/100\n|turn|2\n|\n|t:|1699759730\n|switch|p2a: Dragonite|Dragonite, M|100\/100\n|detailschange|p1a: \u77f3\u529b\u6208|Lopunny-Mega, F, shiny\n|-mega|p1a: \u77f3\u529b\u6208|Lopunny|Lopunnite\n|move|p1a: \u77f3\u529b\u6208|Fake Out|p2a: Dragonite\n|-damage|p2a: Dragonite|87\/100\n|\n|-heal|p2a: Dragonite|93\/100|[from] item: Leftovers\n|upkeep\n|turn|3\n|\n|t:|1699759741\n|move|p1a: \u77f3\u529b\u6208|Triple Axel|p2a: Dragonite\n|-supereffective|p2a: Dragonite\n|-damage|p2a: Dragonite|56\/100\n|-supereffective|p2a: Dragonite\n|-damage|p2a: Dragonite|0 fnt\n|faint|p2a: Dragonite\n|-hitcount|p2: Dragonite|2\n|\n|upkeep\n|\n|t:|1699759746\n|switch|p2a: Urshifu|Urshifu-Rapid-Strike, M|100\/100\n|-status|p2a: Urshifu|tox\n|turn|4\n|\n|t:|1699759764\n|move|p1a: \u77f3\u529b\u6208|Close Combat|p2a: Urshifu\n|-damage|p2a: Urshifu|26\/100 tox\n|-unboost|p1a: \u77f3\u529b\u6208|def|1\n|-unboost|p1a: \u77f3\u529b\u6208|spd|1\n|move|p2a: Urshifu|Ice Spinner|p1a: \u77f3\u529b\u6208\n|-damage|p1a: \u77f3\u529b\u6208|14\/100\n|\n|-damage|p2a: Urshifu|20\/100 tox|[from] psn\n|upkeep\n|turn|5\n|\n|t:|1699759780\n|move|p1a: \u77f3\u529b\u6208|Close Combat|p2a: Urshifu\n|-damage|p2a: Urshifu|0 fnt\n|-unboost|p1a: \u77f3\u529b\u6208|def|1\n|-unboost|p1a: \u77f3\u529b\u6208|spd|1\n|faint|p2a: Urshifu\n|\n|upkeep\n|-message|BakuDekuNOTfan forfeited.\n|\n|win|tonyzs\n|raw|tonyzs's rating: 1094 &rarr; <strong>1120<\/strong><br \/>(+26 for winning)\n|raw|BakuDekuNOTfan's rating: 1094 &rarr; <strong>1070<\/strong><br \/>(-24 for losing)\n|l|\u2606BakuDekuNOTfan\n","uploadtime":1699759790,"views":4,"p1id":"tonyzs","p2id":"bakudekunotfan","formatid":"gen9nationaldex","rating":1070,"private":0,"password":""}