{"id":"gen9nationaldex-1988399048","p1":"skrow siht","p2":"Miguel8000","format":"[Gen 9] National Dex","log":"|j|\u2606skrow siht\n|j|\u2606Miguel8000\n|t:|1699718579\n|gametype|singles\n|player|p1|skrow siht|nate|1378\n|player|p2|Miguel8000|ltsurge|1272\n|teamsize|p1|6\n|teamsize|p2|6\n|gen|9\n|tier|[Gen 9] National Dex\n|rated|\n|rule|HP Percentage Mod: HP is shown in percentages\n|rule|Endless Battle Clause: Forcing endless battles is banned\n|rule|OHKO Clause: OHKO moves are banned\n|rule|Evasion Clause: Evasion abilities, items, and moves are banned\n|rule|Evasion Abilities Clause: Evasion abilities are banned\n|rule|Evasion Items Clause: Evasion items are banned\n|rule|Evasion Moves Clause: Evasion moves are banned\n|rule|Species Clause: Limit one of each Pok\u00e9mon\n|rule|Sleep Clause Mod: Limit one foe put to sleep\n|clearpoke\n|poke|p1|Sandy Shocks|\n|poke|p1|Great Tusk|\n|poke|p1|Hatterene, F|\n|poke|p1|Hydreigon, M|\n|poke|p1|Scizor, M|\n|poke|p1|Ogerpon-Wellspring, F|\n|poke|p2|Enamorus, F|\n|poke|p2|Garchomp, F|\n|poke|p2|Crawdaunt, M|\n|poke|p2|Lucario, M|\n|poke|p2|Volcarona, M|\n|poke|p2|Froslass, F|\n|teampreview\n|inactive|Battle timer is ON: inactive players will automatically lose when time's up. (requested by Miguel8000)\n|inactive|skrow siht also wants the timer to be on.\n|\n|t:|1699718600\n|start\n|switch|p1a: Scizor|Scizor, M|100\/100\n|switch|p2a: Garchomp|Garchomp, F|100\/100\n|turn|1\n|\n|t:|1699718606\n|detailschange|p1a: Scizor|Scizor-Mega, M\n|-mega|p1a: Scizor|Scizor|Scizorite\n|move|p2a: Garchomp|Stealth Rock|p1a: Scizor\n|-sidestart|p1: skrow siht|move: Stealth Rock\n|move|p1a: Scizor|Knock Off|p2a: Garchomp\n|-damage|p2a: Garchomp|78\/100\n|-damage|p1a: Scizor|88\/100|[from] ability: Rough Skin|[of] p2a: Garchomp\n|-damage|p1a: Scizor|72\/100|[from] item: Rocky Helmet|[of] p2a: Garchomp\n|-enditem|p2a: Garchomp|Rocky Helmet|[from] move: Knock Off|[of] p1a: Scizor\n|\n|upkeep\n|turn|2\n|\n|t:|1699718615\n|move|p1a: Scizor|Roost|p1a: Scizor\n|-heal|p1a: Scizor|100\/100\n|-singleturn|p1a: Scizor|move: Roost\n|move|p2a: Garchomp|Dragon Tail|p1a: Scizor\n|-resisted|p1a: Scizor\n|-damage|p1a: Scizor|90\/100\n|drag|p1a: Great Tusk|Great Tusk|100\/100\n|-damage|p1a: Great Tusk|97\/100|[from] Stealth Rock\n|\n|-heal|p1a: Great Tusk|100\/100|[from] item: Leftovers\n|upkeep\n|turn|3\n|\n|t:|1699718627\n|move|p2a: Garchomp|Toxic|p1a: Great Tusk|[miss]\n|-miss|p2a: Garchomp|p1a: Great Tusk\n|move|p1a: Great Tusk|Stealth Rock|p2a: Garchomp\n|-sidestart|p2: Miguel8000|move: Stealth Rock\n|\n|upkeep\n|turn|4\n|\n|t:|1699718632\n|-end|p1a: Great Tusk|Protosynthesis|[silent]\n|switch|p1a: Hatterene|Hatterene, F|100\/100\n|-damage|p1a: Hatterene|88\/100|[from] Stealth Rock\n|move|p2a: Garchomp|Toxic|p1a: Hatterene\n|move|p1a: Hatterene|Toxic|p2a: Garchomp|[from]ability: Magic Bounce\n|-status|p2a: Garchomp|tox\n|\n|-heal|p1a: Hatterene|94\/100|[from] item: Leftovers\n|-damage|p2a: Garchomp|71\/100 tox|[from] psn\n|upkeep\n|turn|5\n|\n|t:|1699718639\n|switch|p2a: Lucario|Lucario, M|100\/100\n|-damage|p2a: Lucario|98\/100|[from] Stealth Rock\n|move|p1a: Hatterene|Mystical Fire|p2a: Lucario\n|-supereffective|p2a: Lucario\n|-damage|p2a: Lucario|30\/100\n|-unboost|p2a: Lucario|spa|1\n|\n|-heal|p1a: Hatterene|99\/100|[from] item: Leftovers\n|upkeep\n|turn|6\n|\n|t:|1699718647\n|switch|p1a: Scizor|Scizor-Mega, M|90\/100\n|-damage|p1a: Scizor|78\/100|[from] Stealth Rock\n|move|p2a: Lucario|Meteor Mash|p1a: Scizor\n|-resisted|p1a: Scizor\n|-damage|p1a: Scizor|56\/100\n|-damage|p2a: Lucario|20\/100|[from] item: Life Orb\n|\n|upkeep\n|turn|7\n|\n|t:|1699718655\n|move|p2a: Lucario|Close Combat|p1a: Scizor\n|-damage|p1a: Scizor|3\/100\n|-unboost|p2a: Lucario|def|1\n|-unboost|p2a: Lucario|spd|1\n|-damage|p2a: Lucario|10\/100|[from] item: Life Orb\n|move|p1a: Scizor|Roost|p1a: Scizor\n|-heal|p1a: Scizor|53\/100\n|-singleturn|p1a: Scizor|move: Roost\n|\n|upkeep\n|turn|8\n|\n|t:|1699718663\n|move|p1a: Scizor|Bullet Punch|p2a: Lucario\n|-resisted|p2a: Lucario\n|-damage|p2a: Lucario|0 fnt\n|faint|p2a: Lucario\n|\n|upkeep\n|\n|t:|1699718672\n|switch|p2a: Volcarona|Volcarona, M|100\/100\n|turn|9\n|\n|t:|1699718678\n|move|p2a: Volcarona|Flamethrower|p1a: Scizor\n|-supereffective|p1a: Scizor\n|-damage|p1a: Scizor|0 fnt\n|faint|p1a: Scizor\n|\n|upkeep\n|\n|t:|1699718683\n|switch|p1a: Ogerpon|Ogerpon-Wellspring, F|100\/100\n|-damage|p1a: Ogerpon|88\/100|[from] Stealth Rock\n|turn|10\n|\n|t:|1699718692\n|move|p1a: Ogerpon|Ivy Cudgel|p2a: Volcarona\n|-supereffective|p2a: Volcarona\n|-damage|p2a: Volcarona|0 fnt\n|faint|p2a: Volcarona\n|\n|upkeep\n|\n|t:|1699718700\n|switch|p2a: Crawdaunt|Crawdaunt, M|100\/100\n|-damage|p2a: Crawdaunt|88\/100|[from] Stealth Rock\n|turn|11\n|\n|t:|1699718703\n|move|p1a: Ogerpon|Horn Leech|p2a: Crawdaunt\n|-supereffective|p2a: Crawdaunt\n|-damage|p2a: Crawdaunt|0 fnt\n|-heal|p1a: Ogerpon|100\/100|[from] drain|[of] p2a: Crawdaunt\n|faint|p2a: Crawdaunt\n|\n|upkeep\n|c|\u2606Miguel8000|filho da puta]\n|inactive|Miguel8000 has 120 seconds left.\n|\n|t:|1699718741\n|switch|p2a: Garchomp|Garchomp, F|71\/100 tox\n|-damage|p2a: Garchomp|65\/100 tox|[from] Stealth Rock\n|turn|12\n|inactive|Miguel8000 has 120 seconds left.\n|\n|t:|1699718749\n|move|p1a: Ogerpon|Ivy Cudgel|p2a: Garchomp\n|-damage|p2a: Garchomp|22\/100 tox\n|move|p2a: Garchomp|Dragon Tail|p1a: Ogerpon\n|-damage|p1a: Ogerpon|66\/100\n|drag|p1a: Great Tusk|Great Tusk|100\/100\n|-damage|p1a: Great Tusk|97\/100|[from] Stealth Rock\n|\n|-heal|p1a: Great Tusk|100\/100|[from] item: Leftovers\n|-damage|p2a: Garchomp|16\/100 tox|[from] psn\n|upkeep\n|turn|13\n|\n|t:|1699718756\n|move|p2a: Garchomp|Toxic|p1a: Great Tusk\n|-status|p1a: Great Tusk|tox\n|move|p1a: Great Tusk|Rapid Spin|p2a: Garchomp\n|-damage|p2a: Garchomp|5\/100 tox\n|-boost|p1a: Great Tusk|spe|1\n|-damage|p1a: Great Tusk|88\/100 tox|[from] ability: Rough Skin|[of] p2a: Garchomp\n|-sideend|p1: skrow siht|Stealth Rock|[from] move: Rapid Spin|[of] p1a: Great Tusk\n|\n|-heal|p1a: Great Tusk|94\/100 tox|[from] item: Leftovers\n|-damage|p1a: Great Tusk|88\/100 tox|[from] psn\n|-damage|p2a: Garchomp|0 fnt|[from] psn\n|faint|p2a: Garchomp\n|upkeep\n|\n|t:|1699718759\n|switch|p2a: Froslass|Froslass, F|100\/100\n|turn|14\n|\n|t:|1699718767\n|move|p2a: Froslass|Ice Beam|p1a: Great Tusk\n|-supereffective|p1a: Great Tusk\n|-crit|p1a: Great Tusk\n|-damage|p1a: Great Tusk|0 fnt\n|faint|p1a: Great Tusk\n|-end|p1a: Great Tusk|Protosynthesis|[silent]\n|\n|upkeep\n|\n|t:|1699718778\n|switch|p1a: Ogerpon|Ogerpon-Wellspring, F|66\/100\n|turn|15\n|\n|t:|1699718791\n|move|p1a: Ogerpon|Ivy Cudgel|p2a: Froslass\n|-damage|p2a: Froslass|15\/100\n|-start|p1a: Ogerpon|Disable|Ivy Cudgel|[from] ability: Cursed Body|[of] p2a: Froslass\n|move|p2a: Froslass|Ice Beam|p1a: Ogerpon\n|-damage|p1a: Ogerpon|36\/100\n|\n|upkeep\n|turn|16\n|\n|t:|1699718797\n|move|p1a: Ogerpon|Horn Leech|p2a: Froslass\n|-damage|p2a: Froslass|0 fnt\n|-heal|p1a: Ogerpon|45\/100|[from] drain|[of] p2a: Froslass\n|faint|p2a: Froslass\n|\n|upkeep\n|\n|t:|1699718802\n|switch|p2a: Enamorus|Enamorus, F, shiny|100\/100\n|-damage|p2a: Enamorus|76\/100|[from] Stealth Rock\n|turn|17\n|\n|t:|1699718811\n|move|p1a: Ogerpon|U-turn|p2a: Enamorus\n|-resisted|p2a: Enamorus\n|-damage|p2a: Enamorus|65\/100\n|\n|t:|1699718813\n|switch|p1a: Hatterene|Hatterene, F|99\/100|[from] U-turn\n|move|p2a: Enamorus|Moonblast|p1a: Hatterene\n|-damage|p1a: Hatterene|17\/100\n|\n|-heal|p1a: Hatterene|23\/100|[from] item: Leftovers\n|upkeep\n|turn|18\n|\n|t:|1699718816\n|move|p2a: Enamorus|Moonblast|p1a: Hatterene\n|-damage|p1a: Hatterene|0 fnt\n|faint|p1a: Hatterene\n|\n|upkeep\n|\n|t:|1699718818\n|switch|p1a: Sandy Shocks|Sandy Shocks|100\/100\n|-enditem|p1a: Sandy Shocks|Booster Energy\n|-activate|p1a: Sandy Shocks|ability: Protosynthesis|[fromitem]\n|-start|p1a: Sandy Shocks|protosynthesisspe\n|turn|19\n|\n|t:|1699718820\n|move|p1a: Sandy Shocks|Thunderbolt|p2a: Enamorus\n|-supereffective|p2a: Enamorus\n|-damage|p2a: Enamorus|0 fnt\n|faint|p2a: Enamorus\n|\n|win|skrow siht\n|raw|skrow siht's rating: 1378 &rarr; <strong>1392<\/strong><br \/>(+14 for winning)\n|raw|Miguel8000's rating: 1272 &rarr; <strong>1254<\/strong><br \/>(-18 for losing)\n","uploadtime":1699718713,"views":4,"p1id":"skrowsiht","p2id":"miguel8000","formatid":"gen9nationaldex","rating":1254,"private":0,"password":""}