{"id":"gen9nationaldex-1999170641","p1":"wiljo05","p2":"Dynomite101","format":"[Gen 9] National Dex","log":"|html|<div class=\"broadcast-blue\"><strong>[Gen 9] National Dex is currently suspecting Sneasler! For information on how to participate check out the <a href=\"https:\/\/www.smogon.com\/forums\/threads\/sv-national-dex-suspect-8-just-dance.3731534\/\">suspect thread<\/a>.<\/strong><\/div>\n|j|\u2606wiljo05\n|j|\u2606Dynomite101\n|t:|1701041012\n|gametype|singles\n|player|p1|wiljo05|cynthia-gen4|1486\n|player|p2|Dynomite101|nate|1452\n|teamsize|p1|6\n|teamsize|p2|6\n|gen|9\n|tier|[Gen 9] National Dex\n|rated|\n|rule|HP Percentage Mod: HP is shown in percentages\n|rule|Endless Battle Clause: Forcing endless battles is banned\n|rule|OHKO Clause: OHKO moves are banned\n|rule|Evasion Clause: Evasion abilities, items, and moves are banned\n|rule|Evasion Abilities Clause: Evasion abilities are banned\n|rule|Evasion Items Clause: Evasion items are banned\n|rule|Evasion Moves Clause: Evasion moves are banned\n|rule|Species Clause: Limit one of each Pok\u00e9mon\n|rule|Sleep Clause Mod: Limit one foe put to sleep\n|clearpoke\n|poke|p1|Pelipper, M|\n|poke|p1|Greninja-*, M|\n|poke|p1|Swampert, F|\n|poke|p1|Ferrothorn, M|\n|poke|p1|Tapu Lele|\n|poke|p1|Zapdos|\n|poke|p2|Charizard, M|\n|poke|p2|Garchomp, M|\n|poke|p2|Scizor, M|\n|poke|p2|Greninja-*, M|\n|poke|p2|Aegislash, M|\n|poke|p2|Grimmsnarl, M|\n|teampreview\n|inactive|Battle timer is ON: inactive players will automatically lose when time's up. (requested by Dynomite101)\n|\n|t:|1701041022\n|start\n|switch|p1a: Tapu Lele|Tapu Lele|100\/100\n|switch|p2a: Charizard|Charizard, M, shiny|100\/100\n|-fieldstart|move: Psychic Terrain|[from] ability: Psychic Surge|[of] p1a: Tapu Lele\n|turn|1\n|\n|t:|1701041028\n|switch|p2a: Aegislash|Aegislash, M|100\/100\n|-terastallize|p1a: Tapu Lele|Psychic\n|move|p1a: Tapu Lele|Psychic|p2a: Aegislash\n|-resisted|p2a: Aegislash\n|-damage|p2a: Aegislash|62\/100\n|\n|-heal|p2a: Aegislash|68\/100|[from] item: Leftovers\n|upkeep\n|turn|2\n|\n|t:|1701041036\n|switch|p1a: Greninja|Greninja, M|100\/100\n|switch|p2a: Grimmsnarl|Grimmsnarl, M|100\/100\n|\n|upkeep\n|turn|3\n|\n|t:|1701041042\n|move|p1a: Greninja|Surf|p2a: Grimmsnarl\n|-damage|p2a: Grimmsnarl|62\/100\n|-damage|p1a: Greninja|91\/100|[from] item: Life Orb\n|move|p2a: Grimmsnarl|Spirit Break|p1a: Greninja\n|-supereffective|p1a: Greninja\n|-damage|p1a: Greninja|0 fnt\n|faint|p1a: Greninja\n|\n|upkeep\n|\n|t:|1701041048\n|switch|p1a: Tapu Lele|Tapu Lele, tera:Psychic|100\/100\n|turn|4\n|\n|t:|1701041052\n|move|p2a: Grimmsnarl|Light Screen|p2a: Grimmsnarl\n|-sidestart|p2: Dynomite101|move: Light Screen\n|move|p1a: Tapu Lele|Moonblast|p2a: Grimmsnarl\n|-supereffective|p2a: Grimmsnarl\n|-damage|p2a: Grimmsnarl|22\/100\n|\n|upkeep\n|turn|5\n|\n|t:|1701041058\n|switch|p2a: Aegislash|Aegislash, M|68\/100\n|move|p1a: Tapu Lele|Moonblast|p2a: Aegislash\n|-resisted|p2a: Aegislash\n|-damage|p2a: Aegislash|58\/100\n|\n|-heal|p2a: Aegislash|65\/100|[from] item: Leftovers\n|-fieldend|move: Psychic Terrain\n|upkeep\n|turn|6\n|\n|t:|1701041066\n|switch|p1a: Pelipper|Pelipper, M|100\/100\n|-weather|RainDance|[from] ability: Drizzle|[of] p1a: Pelipper\n|-formechange|p2a: Aegislash|Aegislash-Blade||[from] ability: Stance Change\n|move|p2a: Aegislash|Shadow Sneak|p1a: Pelipper\n|-damage|p1a: Pelipper|82\/100\n|\n|-weather|RainDance|[upkeep]\n|-heal|p2a: Aegislash|71\/100|[from] item: Leftovers\n|upkeep\n|turn|7\n|\n|t:|1701041071\n|-formechange|p2a: Aegislash|Aegislash||[from] ability: Stance Change\n|move|p2a: Aegislash|King's Shield|p2a: Aegislash\n|-singleturn|p2a: Aegislash|Protect\n|move|p1a: Pelipper|U-turn|p2a: Aegislash\n|-activate|p2a: Aegislash|move: Protect\n|-unboost|p1a: Pelipper|atk|1\n|\n|-weather|RainDance|[upkeep]\n|-heal|p2a: Aegislash|77\/100|[from] item: Leftovers\n|upkeep\n|turn|8\n|\n|t:|1701041075\n|move|p1a: Pelipper|U-turn|p2a: Aegislash\n|-resisted|p2a: Aegislash\n|-damage|p2a: Aegislash|76\/100\n|\n|t:|1701041078\n|switch|p1a: Swampert|Swampert, F|100\/100|[from] U-turn\n|move|p2a: Aegislash|Swords Dance|p2a: Aegislash\n|-boost|p2a: Aegislash|atk|2\n|\n|-weather|RainDance|[upkeep]\n|-heal|p2a: Aegislash|82\/100|[from] item: Leftovers\n|upkeep\n|turn|9\n|\n|t:|1701041084\n|detailschange|p1a: Swampert|Swampert-Mega, F\n|-mega|p1a: Swampert|Swampert|Swampertite\n|move|p2a: Aegislash|King's Shield|p2a: Aegislash\n|-singleturn|p2a: Aegislash|Protect\n|move|p1a: Swampert|Earthquake|p2a: Aegislash\n|-activate|p2a: Aegislash|move: Protect\n|\n|-weather|RainDance|[upkeep]\n|-heal|p2a: Aegislash|89\/100|[from] item: Leftovers\n|upkeep\n|turn|10\n|\n|t:|1701041088\n|switch|p2a: Charizard|Charizard, M, shiny|100\/100\n|move|p1a: Swampert|Waterfall|p2a: Charizard\n|-supereffective|p2a: Charizard\n|-damage|p2a: Charizard|0 fnt\n|faint|p2a: Charizard\n|\n|-weather|RainDance|[upkeep]\n|upkeep\n|\n|t:|1701041094\n|switch|p2a: Grimmsnarl|Grimmsnarl, M|22\/100\n|turn|11\n|\n|t:|1701041104\n|move|p2a: Grimmsnarl|Reflect|p2a: Grimmsnarl\n|-sidestart|p2: Dynomite101|Reflect\n|move|p1a: Swampert|Flip Turn|p2a: Grimmsnarl\n|-damage|p2a: Grimmsnarl|0 fnt\n|faint|p2a: Grimmsnarl\n|\n|t:|1701041116\n|switch|p1a: Zapdos|Zapdos|100\/100|[from] Flip Turn\n|\n|-weather|RainDance|[upkeep]\n|-sideend|p2: Dynomite101|move: Light Screen\n|upkeep\n|\n|t:|1701041121\n|switch|p2a: Garchomp|Garchomp, M|100\/100\n|turn|12\n|\n|t:|1701041125\n|-zpower|p2a: Garchomp\n|move|p2a: Garchomp|Continental Crush|p1a: Zapdos|[zeffect]\n|-supereffective|p1a: Zapdos\n|-damage|p1a: Zapdos|0 fnt\n|faint|p1a: Zapdos\n|\n|-weather|RainDance|[upkeep]\n|upkeep\n|\n|t:|1701041136\n|switch|p1a: Tapu Lele|Tapu Lele, tera:Psychic|100\/100\n|-fieldstart|move: Psychic Terrain|[from] ability: Psychic Surge|[of] p1a: Tapu Lele\n|turn|13\n|\n|t:|1701041146\n|switch|p2a: Aegislash|Aegislash, M|89\/100\n|move|p1a: Tapu Lele|Psychic|p2a: Aegislash\n|-resisted|p2a: Aegislash\n|-damage|p2a: Aegislash|51\/100\n|\n|-weather|none\n|-heal|p2a: Aegislash|58\/100|[from] item: Leftovers\n|upkeep\n|turn|14\n|\n|t:|1701041157\n|switch|p1a: Ferrothorn|Ferrothorn, M|100\/100\n|-formechange|p2a: Aegislash|Aegislash-Blade||[from] ability: Stance Change\n|move|p2a: Aegislash|Gyro Ball|p1a: Ferrothorn\n|-resisted|p1a: Ferrothorn\n|-damage|p1a: Ferrothorn|99\/100\n|-damage|p2a: Aegislash|45\/100|[from] ability: Iron Barbs|[of] p1a: Ferrothorn\n|-damage|p2a: Aegislash|29\/100|[from] item: Rocky Helmet|[of] p1a: Ferrothorn\n|\n|-heal|p2a: Aegislash|35\/100|[from] item: Leftovers\n|upkeep\n|turn|15\n|\n|t:|1701041163\n|-formechange|p2a: Aegislash|Aegislash||[from] ability: Stance Change\n|move|p2a: Aegislash|King's Shield|p2a: Aegislash\n|-singleturn|p2a: Aegislash|Protect\n|move|p1a: Ferrothorn|Stealth Rock|p2a: Aegislash\n|-sidestart|p2: Dynomite101|move: Stealth Rock\n|\n|-heal|p2a: Aegislash|41\/100|[from] item: Leftovers\n|upkeep\n|turn|16\n|\n|t:|1701041167\n|move|p2a: Aegislash|Swords Dance|p2a: Aegislash\n|-boost|p2a: Aegislash|atk|2\n|move|p1a: Ferrothorn|Leech Seed|p2a: Aegislash\n|-start|p2a: Aegislash|move: Leech Seed\n|\n|-heal|p2a: Aegislash|47\/100|[from] item: Leftovers\n|-damage|p2a: Aegislash|35\/100|[from] Leech Seed|[of] p1a: Ferrothorn\n|-heal|p1a: Ferrothorn|100\/100|[silent]\n|upkeep\n|turn|17\n|\n|t:|1701041172\n|move|p2a: Aegislash|Swords Dance|p2a: Aegislash\n|-boost|p2a: Aegislash|atk|2\n|move|p1a: Ferrothorn|Gyro Ball|p2a: Aegislash\n|-resisted|p2a: Aegislash\n|-crit|p2a: Aegislash\n|-damage|p2a: Aegislash|21\/100\n|\n|-heal|p2a: Aegislash|28\/100|[from] item: Leftovers\n|-damage|p2a: Aegislash|15\/100|[from] Leech Seed|[of] p1a: Ferrothorn\n|-fieldend|move: Psychic Terrain\n|upkeep\n|turn|18\n|\n|t:|1701041178\n|-formechange|p2a: Aegislash|Aegislash-Blade||[from] ability: Stance Change\n|move|p2a: Aegislash|Shadow Sneak|p1a: Ferrothorn\n|-damage|p1a: Ferrothorn|59\/100\n|-damage|p2a: Aegislash|3\/100|[from] ability: Iron Barbs|[of] p1a: Ferrothorn\n|-damage|p2a: Aegislash|0 fnt|[from] item: Rocky Helmet|[of] p1a: Ferrothorn\n|faint|p2a: Aegislash\n|move|p1a: Ferrothorn|Gyro Ball|p2: Aegislash|[notarget]\n|-fail|p1a: Ferrothorn\n|\n|-sideend|p2: Dynomite101|Reflect\n|upkeep\n|\n|t:|1701041181\n|switch|p2a: Greninja|Greninja, M|100\/100\n|-damage|p2a: Greninja|88\/100|[from] Stealth Rock\n|turn|19\n|\n|t:|1701041187\n|move|p2a: Greninja|Dark Pulse|p1a: Ferrothorn\n|-damage|p1a: Ferrothorn|12\/100\n|move|p1a: Ferrothorn|Power Whip|p2a: Greninja\n|-supereffective|p2a: Greninja\n|-damage|p2a: Greninja|0 fnt\n|faint|p2a: Greninja\n|\n|upkeep\n|\n|t:|1701041191\n|switch|p2a: Garchomp|Garchomp, M|100\/100\n|-damage|p2a: Garchomp|94\/100|[from] Stealth Rock\n|turn|20\n|\n|t:|1701041195\n|move|p2a: Garchomp|Scale Shot|p1a: Ferrothorn\n|-resisted|p1a: Ferrothorn\n|-damage|p1a: Ferrothorn|8\/100\n|-resisted|p1a: Ferrothorn\n|-damage|p1a: Ferrothorn|5\/100\n|-resisted|p1a: Ferrothorn\n|-damage|p1a: Ferrothorn|1\/100\n|-hitcount|p1a: Ferrothorn|3\n|-unboost|p2a: Garchomp|def|1\n|-boost|p2a: Garchomp|spe|1\n|move|p1a: Ferrothorn|Leech Seed|p2a: Garchomp\n|-start|p2a: Garchomp|move: Leech Seed\n|\n|-damage|p2a: Garchomp|82\/100|[from] Leech Seed|[of] p1a: Ferrothorn\n|-heal|p1a: Ferrothorn|14\/100|[silent]\n|upkeep\n|turn|21\n|\n|t:|1701041207\n|switch|p1a: Pelipper|Pelipper, M|82\/100\n|-weather|RainDance|[from] ability: Drizzle|[of] p1a: Pelipper\n|move|p2a: Garchomp|Swords Dance|p2a: Garchomp\n|-boost|p2a: Garchomp|atk|2\n|\n|-weather|RainDance|[upkeep]\n|-damage|p2a: Garchomp|70\/100|[from] Leech Seed|[of] p1a: Pelipper\n|-heal|p1a: Pelipper|95\/100|[silent]\n|upkeep\n|turn|22\n|\n|t:|1701041213\n|move|p2a: Garchomp|Scale Shot|p1a: Pelipper\n|-damage|p1a: Pelipper|77\/100\n|-damage|p1a: Pelipper|56\/100\n|-crit|p1a: Pelipper\n|-damage|p1a: Pelipper|27\/100\n|-damage|p1a: Pelipper|7\/100\n|-damage|p1a: Pelipper|0 fnt\n|faint|p1a: Pelipper\n|-hitcount|p1: Pelipper|5\n|-unboost|p2a: Garchomp|def|1\n|-boost|p2a: Garchomp|spe|1\n|\n|-weather|RainDance|[upkeep]\n|upkeep\n|\n|t:|1701041220\n|switch|p1a: Swampert|Swampert-Mega, F|100\/100\n|turn|23\n|\n|t:|1701041226\n|move|p2a: Garchomp|Earthquake|p1a: Swampert\n|-damage|p1a: Swampert|9\/100\n|move|p1a: Swampert|Ice Punch|p2a: Garchomp\n|-supereffective|p2a: Garchomp\n|-damage|p2a: Garchomp|0 fnt\n|-damage|p1a: Swampert|0 fnt|[from] ability: Rough Skin|[of] p2a: Garchomp\n|faint|p2a: Garchomp\n|faint|p1a: Swampert\n|\n|-weather|RainDance|[upkeep]\n|upkeep\n|\n|t:|1701041233\n|switch|p2a: Scizor|Scizor, M|100\/100\n|switch|p1a: Ferrothorn|Ferrothorn, M|14\/100\n|-damage|p2a: Scizor|88\/100|[from] Stealth Rock\n|turn|24\n|\n|t:|1701041237\n|move|p2a: Scizor|Fury Cutter|p1a: Ferrothorn\n|-damage|p1a: Ferrothorn|0 fnt\n|-damage|p2a: Scizor|75\/100|[from] ability: Iron Barbs|[of] p1a: Ferrothorn\n|-damage|p2a: Scizor|59\/100|[from] item: Rocky Helmet|[of] p1a: Ferrothorn\n|faint|p1a: Ferrothorn\n|\n|-weather|RainDance|[upkeep]\n|upkeep\n|\n|t:|1701041241\n|switch|p1a: Tapu Lele|Tapu Lele, tera:Psychic|100\/100\n|-fieldstart|move: Psychic Terrain|[from] ability: Psychic Surge|[of] p1a: Tapu Lele\n|turn|25\n|\n|t:|1701041244\n|move|p1a: Tapu Lele|Hidden Power|p2a: Scizor\n|-supereffective|p2a: Scizor\n|-damage|p2a: Scizor|8\/100\n|move|p2a: Scizor|Roost|p2a: Scizor\n|-heal|p2a: Scizor|58\/100\n|-singleturn|p2a: Scizor|move: Roost\n|\n|-weather|RainDance|[upkeep]\n|upkeep\n|turn|26\n|\n|t:|1701041249\n|-terastallize|p2a: Scizor|Steel\n|move|p1a: Tapu Lele|Hidden Power|p2a: Scizor\n|-supereffective|p2a: Scizor\n|-damage|p2a: Scizor|30\/100\n|move|p2a: Scizor|Fury Cutter|p1a: Tapu Lele\n|-supereffective|p1a: Tapu Lele\n|-damage|p1a: Tapu Lele|0 fnt\n|faint|p1a: Tapu Lele\n|\n|win|Dynomite101\n|raw|wiljo05's rating: 1486 &rarr; <strong>1464<\/strong><br \/>(-22 for losing)\n|raw|Dynomite101's rating: 1452 &rarr; <strong>1474<\/strong><br \/>(+22 for winning)\n|c|\u2606Dynomite101|gg\n|l|\u2606wiljo05\n","uploadtime":1701041256,"views":1,"p1id":"wiljo05","p2id":"dynomite101","formatid":"gen9nationaldex","rating":1464,"private":0,"password":""}