{"id":"gen9nationaldex-1990659861","p1":"TheSlowbroGuy","p2":"Avinobellissimo","format":"[Gen 9] National Dex","log":"|j|\u2606TheSlowbroGuy\n|j|\u2606Avinobellissimo\n|t:|1699989534\n|gametype|singles\n|player|p1|TheSlowbroGuy|wattson|1430\n|player|p2|Avinobellissimo|volkner|1387\n|teamsize|p1|6\n|teamsize|p2|6\n|gen|9\n|tier|[Gen 9] National Dex\n|rated|\n|rule|HP Percentage Mod: HP is shown in percentages\n|rule|Endless Battle Clause: Forcing endless battles is banned\n|rule|OHKO Clause: OHKO moves are banned\n|rule|Evasion Clause: Evasion abilities, items, and moves are banned\n|rule|Evasion Abilities Clause: Evasion abilities are banned\n|rule|Evasion Items Clause: Evasion items are banned\n|rule|Evasion Moves Clause: Evasion moves are banned\n|rule|Species Clause: Limit one of each Pok\u00e9mon\n|rule|Sleep Clause Mod: Limit one foe put to sleep\n|clearpoke\n|poke|p1|Zoroark-Hisui, M|\n|poke|p1|Incineroar, M|\n|poke|p1|Rillaboom, M|\n|poke|p1|Zeraora|\n|poke|p1|Pangoro, M|\n|poke|p1|Urshifu-*, M|\n|poke|p2|Scizor, M|\n|poke|p2|Rotom-Wash|\n|poke|p2|Heatran, F|\n|poke|p2|Tapu Koko|\n|poke|p2|Tangrowth, F|\n|poke|p2|Clawitzer, F|\n|teampreview\n|inactive|Battle timer is ON: inactive players will automatically lose when time's up. (requested by Avinobellissimo)\n|inactive|TheSlowbroGuy also wants the timer to be on.\n|\n|t:|1699989539\n|start\n|switch|p1a: Harder|Urshifu-Rapid-Strike, M|100\/100\n|switch|p2a: Rotom|Rotom-Wash|100\/100\n|turn|1\n|\n|t:|1699989545\n|switch|p1a: FurSuit|Zeraora|100\/100\n|-item|p1a: FurSuit|Air Balloon\n|move|p2a: Rotom|Volt Switch|p1a: FurSuit\n|-immune|p1a: FurSuit|[from] ability: Volt Absorb\n|\n|upkeep\n|turn|2\n|\n|t:|1699989555\n|move|p1a: FurSuit|Aura Sphere|p2a: Rotom\n|-damage|p2a: Rotom|75\/100\n|move|p2a: Rotom|Will-O-Wisp|p1a: FurSuit\n|-status|p1a: FurSuit|brn\n|\n|-heal|p2a: Rotom|81\/100|[from] item: Leftovers\n|-damage|p1a: FurSuit|95\/100 brn|[from] brn\n|upkeep\n|turn|3\n|\n|t:|1699989564\n|switch|p2a: fake burrito|Tangrowth, F|100\/100\n|move|p1a: FurSuit|Calm Mind|p1a: FurSuit\n|-boost|p1a: FurSuit|spa|1\n|-boost|p1a: FurSuit|spd|1\n|\n|-damage|p1a: FurSuit|89\/100 brn|[from] brn\n|upkeep\n|turn|4\n|\n|t:|1699989570\n|switch|p1a: Nice Pecs|Rillaboom, M|100\/100\n|-fieldstart|move: Grassy Terrain|[from] ability: Grassy Surge|[of] p1a: Nice Pecs\n|move|p2a: fake burrito|Knock Off|p1a: Nice Pecs\n|-damage|p1a: Nice Pecs|80\/100\n|-enditem|p1a: Nice Pecs|Life Orb|[from] move: Knock Off|[of] p2a: fake burrito\n|\n|-heal|p1a: Nice Pecs|86\/100|[from] Grassy Terrain\n|upkeep\n|turn|5\n|\n|t:|1699989580\n|move|p1a: Nice Pecs|Knock Off|p2a: fake burrito\n|-damage|p2a: fake burrito|74\/100\n|-enditem|p2a: fake burrito|Assault Vest|[from] move: Knock Off|[of] p1a: Nice Pecs\n|move|p2a: fake burrito|Sludge Bomb|p1a: Nice Pecs\n|-supereffective|p1a: Nice Pecs\n|-damage|p1a: Nice Pecs|36\/100\n|-status|p1a: Nice Pecs|psn\n|\n|-heal|p1a: Nice Pecs|42\/100 psn|[from] Grassy Terrain\n|-heal|p2a: fake burrito|80\/100|[from] Grassy Terrain\n|-damage|p1a: Nice Pecs|30\/100 psn|[from] psn\n|upkeep\n|turn|6\n|\n|t:|1699989595\n|switch|p1a: Hot Daddy|Incineroar, M|100\/100\n|-ability|p1a: Hot Daddy|Intimidate|boost\n|-unboost|p2a: fake burrito|atk|1\n|move|p2a: fake burrito|Knock Off|p1a: Hot Daddy\n|-resisted|p1a: Hot Daddy\n|-damage|p1a: Hot Daddy|96\/100\n|-enditem|p1a: Hot Daddy|Assault Vest|[from] move: Knock Off|[of] p2a: fake burrito\n|\n|-heal|p2a: fake burrito|87\/100|[from] Grassy Terrain\n|-heal|p1a: Hot Daddy|100\/100|[from] Grassy Terrain\n|upkeep\n|turn|7\n|\n|t:|1699989611\n|switch|p2a: Heatran|Heatran, F|100\/100\n|move|p1a: Hot Daddy|U-turn|p2a: Heatran\n|-resisted|p2a: Heatran\n|-damage|p2a: Heatran|97\/100\n|\n|t:|1699989616\n|switch|p1a: Harder|Urshifu-Rapid-Strike, M|100\/100|[from] U-turn\n|\n|-heal|p2a: Heatran|100\/100|[from] Grassy Terrain\n|upkeep\n|turn|8\n|\n|t:|1699989621\n|switch|p2a: fake burrito|Tangrowth, F|100\/100\n|move|p1a: Harder|Surging Strikes|p2a: fake burrito\n|-resisted|p2a: fake burrito\n|-crit|p2a: fake burrito\n|-damage|p2a: fake burrito|93\/100\n|-resisted|p2a: fake burrito\n|-crit|p2a: fake burrito\n|-damage|p2a: fake burrito|86\/100\n|-resisted|p2a: fake burrito\n|-crit|p2a: fake burrito\n|-damage|p2a: fake burrito|79\/100\n|-hitcount|p2a: fake burrito|3\n|\n|-heal|p2a: fake burrito|85\/100|[from] Grassy Terrain\n|-fieldend|move: Grassy Terrain\n|upkeep\n|turn|9\n|\n|t:|1699989629\n|switch|p1a: Hot Daddy|Incineroar, M|100\/100\n|-ability|p1a: Hot Daddy|Intimidate|boost\n|-unboost|p2a: fake burrito|atk|1\n|move|p2a: fake burrito|Earthquake|p1a: Hot Daddy\n|-supereffective|p1a: Hot Daddy\n|-damage|p1a: Hot Daddy|78\/100\n|\n|upkeep\n|turn|10\n|\n|t:|1699989643\n|switch|p2a: Rotom|Rotom-Wash|81\/100\n|move|p1a: Hot Daddy|U-turn|p2a: Rotom\n|-damage|p2a: Rotom|66\/100\n|\n|t:|1699989649\n|switch|p1a: Nice Pecs|Rillaboom, M|30\/100 psn|[from] U-turn\n|-fieldstart|move: Grassy Terrain|[from] ability: Grassy Surge|[of] p1a: Nice Pecs\n|\n|-heal|p2a: Rotom|72\/100|[from] item: Leftovers\n|-heal|p1a: Nice Pecs|36\/100 psn|[from] Grassy Terrain\n|-damage|p1a: Nice Pecs|24\/100 psn|[from] psn\n|upkeep\n|turn|11\n|\n|t:|1699989656\n|switch|p2a: Scizor|Scizor, M|100\/100\n|switch|p1a: Hot Daddy|Incineroar, M|78\/100\n|-ability|p1a: Hot Daddy|Intimidate|boost\n|-unboost|p2a: Scizor|atk|1\n|\n|-heal|p1a: Hot Daddy|84\/100|[from] Grassy Terrain\n|upkeep\n|turn|12\n|\n|t:|1699989663\n|switch|p2a: fake burrito|Tangrowth, F|100\/100\n|move|p1a: Hot Daddy|U-turn|p2a: fake burrito\n|-supereffective|p2a: fake burrito\n|-damage|p2a: fake burrito|77\/100\n|\n|t:|1699989669\n|switch|p1a: Furry Bear|Pangoro, M|100\/100|[from] U-turn\n|\n|-heal|p2a: fake burrito|83\/100|[from] Grassy Terrain\n|upkeep\n|turn|13\n|\n|t:|1699989684\n|switch|p2a: Tapu Koko|Tapu Koko|100\/100\n|-fieldstart|move: Electric Terrain|[from] ability: Electric Surge|[of] p2a: Tapu Koko\n|move|p1a: Furry Bear|Shadow Ball|p2a: Tapu Koko\n|-damage|p2a: Tapu Koko|1\/100\n|\n|upkeep\n|turn|14\n|\n|t:|1699989694\n|switch|p1a: FurSuit|Zeraora|89\/100 brn\n|-item|p1a: FurSuit|Air Balloon\n|move|p2a: Tapu Koko|Dazzling Gleam|p1a: FurSuit\n|-damage|p1a: FurSuit|26\/100 brn\n|-enditem|p1a: FurSuit|Air Balloon\n|\n|-damage|p1a: FurSuit|20\/100 brn|[from] brn\n|upkeep\n|turn|15\n|\n|t:|1699989699\n|switch|p2a: fake burrito|Tangrowth, F|100\/100\n|move|p1a: FurSuit|Thunderbolt|p2a: fake burrito\n|-resisted|p2a: fake burrito\n|-damage|p2a: fake burrito|75\/100\n|\n|-damage|p1a: FurSuit|14\/100 brn|[from] brn\n|upkeep\n|turn|16\n|\n|t:|1699989704\n|move|p1a: FurSuit|Thunderbolt|p2a: fake burrito\n|-resisted|p2a: fake burrito\n|-damage|p2a: fake burrito|52\/100\n|move|p2a: fake burrito|Knock Off|p1a: FurSuit\n|-damage|p1a: FurSuit|0 fnt\n|faint|p1a: FurSuit\n|\n|upkeep\n|\n|t:|1699989709\n|switch|p1a: Furry Bear|Pangoro, M|100\/100\n|turn|17\n|\n|t:|1699989716\n|move|p1a: Furry Bear|Shadow Ball|p2a: fake burrito\n|-damage|p2a: fake burrito|0 fnt\n|faint|p2a: fake burrito\n|\n|-fieldend|move: Electric Terrain\n|upkeep\n|\n|t:|1699989729\n|switch|p2a: Scizor|Scizor, M|100\/100\n|turn|18\n|\n|t:|1699989731\n|switch|p1a: Hot Daddy|Incineroar, M|84\/100\n|-ability|p1a: Hot Daddy|Intimidate|boost\n|-unboost|p2a: Scizor|atk|1\n|detailschange|p2a: Scizor|Scizor-Mega, M\n|-mega|p2a: Scizor|Scizor|Scizorite\n|move|p2a: Scizor|U-turn|p1a: Hot Daddy\n|-damage|p1a: Hot Daddy|70\/100\n|\n|t:|1699989737\n|switch|p2a: Tapu Koko|Tapu Koko|1\/100|[from] U-turn\n|-fieldstart|move: Electric Terrain|[from] ability: Electric Surge|[of] p2a: Tapu Koko\n|\n|upkeep\n|turn|19\n|\n|t:|1699989740\n|move|p1a: Hot Daddy|Fake Out|p2a: Tapu Koko\n|-damage|p2a: Tapu Koko|0 fnt\n|faint|p2a: Tapu Koko\n|\n|upkeep\n|\n|t:|1699989745\n|switch|p2a: Clawitzer|Clawitzer, F|100\/100\n|turn|20\n|\n|t:|1699989756\n|switch|p1a: Nice Pecs|Rillaboom, M|24\/100 psn\n|-fieldstart|move: Grassy Terrain|[from] ability: Grassy Surge|[of] p1a: Nice Pecs\n|move|p2a: Clawitzer|Dark Pulse|p1a: Nice Pecs\n|-damage|p1a: Nice Pecs|0 fnt\n|faint|p1a: Nice Pecs\n|\n|upkeep\n|\n|t:|1699989762\n|switch|p1a: Harder|Urshifu-Rapid-Strike, M|100\/100\n|turn|21\n|\n|t:|1699989765\n|move|p1a: Harder|Close Combat|p2a: Clawitzer\n|-damage|p2a: Clawitzer|26\/100\n|-unboost|p1a: Harder|def|1\n|-unboost|p1a: Harder|spd|1\n|move|p2a: Clawitzer|Terrain Pulse|p1a: Harder\n|-supereffective|p1a: Harder\n|-damage|p1a: Harder|0 fnt\n|faint|p1a: Harder\n|\n|-heal|p2a: Clawitzer|32\/100|[from] Grassy Terrain\n|upkeep\n|\n|t:|1699989774\n|switch|p1a: Furry Bear|Pangoro, M|100\/100\n|turn|22\n|\n|t:|1699989783\n|switch|p2a: Heatran|Heatran, F|100\/100\n|move|p1a: Furry Bear|Shadow Ball|p2a: Heatran\n|-crit|p2a: Heatran\n|-damage|p2a: Heatran|46\/100\n|\n|-heal|p2a: Heatran|52\/100|[from] Grassy Terrain\n|-heal|p2a: Heatran|58\/100|[from] item: Leftovers\n|upkeep\n|turn|23\n|\n|t:|1699989794\n|switch|p1a: Hot Daddy|Incineroar, M|70\/100\n|-ability|p1a: Hot Daddy|Intimidate|boost\n|-unboost|p2a: Heatran|atk|1\n|move|p2a: Heatran|Magma Storm|p1a: Hot Daddy\n|-resisted|p1a: Hot Daddy\n|-damage|p1a: Hot Daddy|50\/100\n|-activate|p1a: Hot Daddy|move: Magma Storm|[of] p2a: Heatran\n|\n|-heal|p2a: Heatran|64\/100|[from] Grassy Terrain\n|-heal|p2a: Heatran|71\/100|[from] item: Leftovers\n|-heal|p1a: Hot Daddy|56\/100|[from] Grassy Terrain\n|-damage|p1a: Hot Daddy|44\/100|[from] move: Magma Storm|[partiallytrapped]\n|upkeep\n|turn|24\n|\n|t:|1699989804\n|switch|p2a: Rotom|Rotom-Wash|72\/100\n|move|p1a: Hot Daddy|Knock Off|p2a: Rotom\n|-damage|p2a: Rotom|43\/100\n|-enditem|p2a: Rotom|Leftovers|[from] move: Knock Off|[of] p1a: Hot Daddy\n|\n|-heal|p1a: Hot Daddy|50\/100|[from] Grassy Terrain\n|-end|p1a: Hot Daddy|Magma Storm|[partiallytrapped]|[silent]\n|-fieldend|move: Grassy Terrain\n|upkeep\n|turn|25\n|\n|t:|1699989811\n|move|p2a: Rotom|Volt Switch|p1a: Hot Daddy\n|-damage|p1a: Hot Daddy|28\/100\n|\n|t:|1699989816\n|switch|p2a: Scizor|Scizor-Mega, M|100\/100|[from] Volt Switch\n|move|p1a: Hot Daddy|U-turn|p2a: Scizor\n|-resisted|p2a: Scizor\n|-damage|p2a: Scizor|95\/100\n|\n|t:|1699989822\n|switch|p1a: Furry Bear|Pangoro, M|100\/100|[from] U-turn\n|\n|upkeep\n|turn|26\n|\n|t:|1699989827\n|move|p1a: Furry Bear|Shadow Ball|p2a: Scizor\n|-damage|p2a: Scizor|38\/100\n|move|p2a: Scizor|U-turn|p1a: Furry Bear\n|-resisted|p1a: Furry Bear\n|-damage|p1a: Furry Bear|63\/100\n|replace|p1a: Edgy Boi|Zoroark-Hisui, M, shiny\n|-end|p1a: Edgy Boi|Illusion\n|\n|t:|1699989832\n|switch|p2a: Heatran|Heatran, F|71\/100|[from] U-turn\n|\n|-heal|p2a: Heatran|77\/100|[from] item: Leftovers\n|upkeep\n|turn|27\n|\n|t:|1699989837\n|move|p1a: Edgy Boi|Shadow Ball|p2a: Heatran\n|-damage|p2a: Heatran|36\/100\n|move|p2a: Heatran|Magma Storm|p1a: Edgy Boi\n|-damage|p1a: Edgy Boi|0 fnt\n|faint|p1a: Edgy Boi\n|\n|-heal|p2a: Heatran|42\/100|[from] item: Leftovers\n|upkeep\n|\n|t:|1699989844\n|switch|p1a: Furry Bear|Pangoro, M|100\/100\n|turn|28\n|\n|t:|1699989852\n|move|p2a: Heatran|Magma Storm|p1a: Furry Bear\n|-damage|p1a: Furry Bear|44\/100\n|-activate|p1a: Furry Bear|move: Magma Storm|[of] p2a: Heatran\n|move|p1a: Furry Bear|Close Combat|p2a: Heatran\n|-supereffective|p2a: Heatran\n|-damage|p2a: Heatran|0 fnt\n|-unboost|p1a: Furry Bear|def|1\n|-unboost|p1a: Furry Bear|spd|1\n|faint|p2a: Heatran\n|\n|-end|p1a: Furry Bear|Magma Storm|[partiallytrapped]|[silent]\n|upkeep\n|\n|t:|1699989861\n|switch|p2a: Clawitzer|Clawitzer, F|32\/100\n|turn|29\n|\n|t:|1699989864\n|move|p1a: Furry Bear|Close Combat|p2a: Clawitzer\n|-damage|p2a: Clawitzer|0 fnt\n|-unboost|p1a: Furry Bear|def|1\n|-unboost|p1a: Furry Bear|spd|1\n|faint|p2a: Clawitzer\n|\n|upkeep\n|\n|t:|1699989867\n|switch|p2a: Scizor|Scizor-Mega, M|38\/100\n|turn|30\n|\n|t:|1699989872\n|switch|p1a: Hot Daddy|Incineroar, M|28\/100\n|-ability|p1a: Hot Daddy|Intimidate|boost\n|-unboost|p2a: Scizor|atk|1\n|move|p2a: Scizor|Bullet Punch|p1a: Hot Daddy\n|-resisted|p1a: Hot Daddy\n|-damage|p1a: Hot Daddy|21\/100\n|\n|upkeep\n|turn|31\n|\n|t:|1699989879\n|move|p2a: Scizor|Roost|p2a: Scizor\n|-heal|p2a: Scizor|88\/100\n|-singleturn|p2a: Scizor|move: Roost\n|move|p1a: Hot Daddy|U-turn|p2a: Scizor\n|-resisted|p2a: Scizor\n|-damage|p2a: Scizor|82\/100\n|\n|t:|1699989882\n|switch|p1a: Furry Bear|Pangoro, M|44\/100|[from] U-turn\n|\n|upkeep\n|turn|32\n|\n|t:|1699989885\n|move|p1a: Furry Bear|Close Combat|p2a: Scizor\n|-damage|p2a: Scizor|15\/100\n|-unboost|p1a: Furry Bear|def|1\n|-unboost|p1a: Furry Bear|spd|1\n|move|p2a: Scizor|U-turn|p1a: Furry Bear\n|-damage|p1a: Furry Bear|6\/100\n|\n|t:|1699989888\n|switch|p2a: Rotom|Rotom-Wash|43\/100|[from] U-turn\n|\n|upkeep\n|turn|33\n|\n|t:|1699989892\n|move|p2a: Rotom|Volt Switch|p1a: Furry Bear\n|-damage|p1a: Furry Bear|0 fnt\n|faint|p1a: Furry Bear\n|\n|t:|1699989895\n|switch|p2a: Scizor|Scizor-Mega, M|15\/100|[from] Volt Switch\n|\n|upkeep\n|\n|t:|1699989897\n|switch|p1a: Hot Daddy|Incineroar, M|21\/100\n|-ability|p1a: Hot Daddy|Intimidate|boost\n|-unboost|p2a: Scizor|atk|1\n|turn|34\n|\n|t:|1699989902\n|move|p1a: Hot Daddy|Fake Out|p2a: Scizor\n|-resisted|p2a: Scizor\n|-crit|p2a: Scizor\n|-damage|p2a: Scizor|10\/100\n|cant|p2a: Scizor|flinch\n|\n|upkeep\n|turn|35\n|\n|t:|1699989906\n|move|p2a: Scizor|U-turn|p1a: Hot Daddy\n|-damage|p1a: Hot Daddy|5\/100\n|\n|t:|1699989909\n|switch|p2a: Rotom|Rotom-Wash|43\/100|[from] U-turn\n|move|p1a: Hot Daddy|Flare Blitz|p2a: Rotom\n|-resisted|p2a: Rotom\n|-damage|p2a: Rotom|24\/100\n|-damage|p1a: Hot Daddy|0 fnt|[from] Recoil\n|faint|p1a: Hot Daddy\n|\n|win|Avinobellissimo\n|raw|TheSlowbroGuy's rating: 1430 &rarr; <strong>1408<\/strong><br \/>(-22 for losing)\n|raw|Avinobellissimo's rating: 1387 &rarr; <strong>1409<\/strong><br \/>(+22 for winning)\n|c|\u2606TheSlowbroGuy|gg\n|l|\u2606TheSlowbroGuy\n|c|\u2606Avinobellissimo|gg\n","uploadtime":1699989923,"views":6,"p1id":"theslowbroguy","p2id":"avinobellissimo","formatid":"gen9nationaldex","rating":1408,"private":0,"password":""}