{"id":"gen9nationaldex-1992381584","p1":"Stealth 25","p2":"MorthDaMooth","format":"[Gen 9] National Dex","log":"|j|\u2606Stealth 25\n|j|\u2606MorthDaMooth\n|t:|1700181041\n|gametype|singles\n|player|p1|Stealth 25|sonia-masters|\n|player|p2|MorthDaMooth|101|\n|teamsize|p1|6\n|teamsize|p2|6\n|gen|9\n|tier|[Gen 9] National Dex\n|rule|HP Percentage Mod: HP is shown in percentages\n|rule|Endless Battle Clause: Forcing endless battles is banned\n|rule|OHKO Clause: OHKO moves are banned\n|rule|Evasion Clause: Evasion abilities, items, and moves are banned\n|rule|Evasion Abilities Clause: Evasion abilities are banned\n|rule|Evasion Items Clause: Evasion items are banned\n|rule|Evasion Moves Clause: Evasion moves are banned\n|rule|Species Clause: Limit one of each Pok\u00e9mon\n|rule|Sleep Clause Mod: Limit one foe put to sleep\n|clearpoke\n|poke|p1|Greninja-*, M|\n|poke|p1|Shuckle, M|\n|poke|p1|Charizard, M|\n|poke|p1|Tapu Koko|\n|poke|p1|Iron Valiant|\n|poke|p1|Sceptile, M|\n|poke|p2|Serperior, M|\n|poke|p2|Noivern, M|\n|poke|p2|Tinkaton, F|\n|poke|p2|Slither Wing|\n|poke|p2|Milotic, F|\n|poke|p2|Clodsire, M|\n|teampreview\n|\n|t:|1700181047\n|start\n|switch|p1a: Shuckster|Shuckle, M, shiny|100\/100\n|switch|p2a: Reverb|Noivern, M, shiny|100\/100\n|turn|1\n|\n|t:|1700181061\n|move|p2a: Reverb|Flamethrower|p1a: Shuckster\n|-damage|p1a: Shuckster|86\/100\n|move|p1a: Shuckster|Stealth Rock|p2a: Reverb\n|-sidestart|p2: MorthDaMooth|move: Stealth Rock\n|\n|upkeep\n|turn|2\n|\n|t:|1700181066\n|switch|p2a: Whamma Slam!|Tinkaton, F|100\/100\n|-damage|p2a: Whamma Slam!|94\/100|[from] Stealth Rock\n|-ability|p2a: Whamma Slam!|Mold Breaker\n|move|p1a: Shuckster|Toxic|p2a: Whamma Slam!\n|-immune|p2a: Whamma Slam!\n|\n|-heal|p2a: Whamma Slam!|100\/100|[from] item: Leftovers\n|upkeep\n|turn|3\n|\n|t:|1700181075\n|move|p2a: Whamma Slam!|Knock Off|p1a: Shuckster\n|-damage|p1a: Shuckster|69\/100\n|-enditem|p1a: Shuckster|Aguav Berry|[from] move: Knock Off|[of] p2a: Whamma Slam!\n|move|p1a: Shuckster|Encore|p2a: Whamma Slam!\n|-start|p2a: Whamma Slam!|Encore\n|\n|upkeep\n|turn|4\n|\n|t:|1700181192\n|switch|p2a: Da Snoove!|Serperior, M|100\/100\n|-damage|p2a: Da Snoove!|88\/100|[from] Stealth Rock\n|move|p1a: Shuckster|Sticky Web|p2a: Da Snoove!\n|-sidestart|p2: MorthDaMooth|move: Sticky Web\n|\n|-heal|p2a: Da Snoove!|94\/100|[from] item: Leftovers\n|upkeep\n|turn|5\n|\n|t:|1700181199\n|move|p2a: Da Snoove!|Leaf Storm|p1a: Shuckster\n|-damage|p1a: Shuckster|45\/100\n|-boost|p2a: Da Snoove!|spa|2\n|move|p1a: Shuckster|Toxic|p2a: Da Snoove!|[miss]\n|-miss|p1a: Shuckster|p2a: Da Snoove!\n|\n|-heal|p2a: Da Snoove!|100\/100|[from] item: Leftovers\n|upkeep\n|turn|6\n|\n|t:|1700181213\n|move|p2a: Da Snoove!|Leaf Storm|p1a: Shuckster\n|-damage|p1a: Shuckster|0 fnt\n|-boost|p2a: Da Snoove!|spa|2\n|faint|p1a: Shuckster\n|\n|upkeep\n|\n|t:|1700181236\n|switch|p1a: Hot Koko|Tapu Koko, shiny|100\/100\n|-fieldstart|move: Electric Terrain|[from] ability: Electric Surge|[of] p1a: Hot Koko\n|turn|7\n|\n|t:|1700181270\n|move|p1a: Hot Koko|Thunderbolt|p2a: Da Snoove!\n|-resisted|p2a: Da Snoove!\n|-damage|p2a: Da Snoove!|69\/100\n|move|p2a: Da Snoove!|Leaf Storm|p1a: Hot Koko\n|-damage|p1a: Hot Koko|0 fnt\n|-boost|p2a: Da Snoove!|spa|2\n|faint|p1a: Hot Koko\n|\n|-heal|p2a: Da Snoove!|75\/100|[from] item: Leftovers\n|upkeep\n|\n|t:|1700181287\n|switch|p1a: Stealth|Greninja, M|100\/100\n|turn|8\n|\n|t:|1700181309\n|move|p1a: Stealth|Ice Beam|p2a: Da Snoove!\n|-supereffective|p2a: Da Snoove!\n|-damage|p2a: Da Snoove!|12\/100\n|move|p2a: Da Snoove!|Leaf Storm|p1a: Stealth\n|-supereffective|p1a: Stealth\n|-enditem|p1a: Stealth|Focus Sash\n|-damage|p1a: Stealth|1\/100\n|\n|-heal|p2a: Da Snoove!|18\/100|[from] item: Leftovers\n|upkeep\n|turn|9\n|\n|t:|1700181344\n|move|p1a: Stealth|Ice Beam|p2a: Da Snoove!\n|-supereffective|p2a: Da Snoove!\n|-damage|p2a: Da Snoove!|0 fnt\n|faint|p2a: Da Snoove!\n|-ability|p1a: Stealth|Battle Bond|boost\n|-boost|p1a: Stealth|atk|1\n|-boost|p1a: Stealth|spa|1\n|-boost|p1a: Stealth|spe|1\n|-activate|p1a: Stealth|ability: Battle Bond\n|\n|upkeep\n|\n|t:|1700181352\n|switch|p2a: Floof Mooth|Slither Wing|100\/100\n|turn|10\n|\n|t:|1700181358\n|move|p1a: Stealth|Dark Pulse|p2a: Floof Mooth\n|-resisted|p2a: Floof Mooth\n|-damage|p2a: Floof Mooth|75\/100\n|move|p2a: Floof Mooth|U-turn|p1a: Stealth\n|-supereffective|p1a: Stealth\n|-damage|p1a: Stealth|0 fnt\n|faint|p1a: Stealth\n|\n|t:|1700181367\n|-end|p2a: Floof Mooth|Protosynthesis|[silent]\n|switch|p2a: The Lad!|Clodsire, M|100\/100|[from] U-turn\n|-damage|p2a: The Lad!|94\/100|[from] Stealth Rock\n|-activate|p2a: The Lad!|move: Sticky Web\n|-unboost|p2a: The Lad!|spe|1\n|\n|upkeep\n|\n|t:|1700181373\n|switch|p1a: Jungle Claw|Sceptile, M, shiny|100\/100\n|-enditem|p1a: Jungle Claw|Electric Seed\n|-boost|p1a: Jungle Claw|def|1|[from] item: Electric Seed\n|turn|11\n|\n|t:|1700181378\n|move|p1a: Jungle Claw|Swords Dance|p1a: Jungle Claw\n|-boost|p1a: Jungle Claw|atk|2\n|move|p2a: The Lad!|Toxic|p1a: Jungle Claw\n|-status|p1a: Jungle Claw|tox\n|\n|-damage|p1a: Jungle Claw|94\/100 tox|[from] psn\n|upkeep\n|turn|12\n|\n|t:|1700181385\n|move|p1a: Jungle Claw|Leaf Blade|p2a: The Lad!\n|-damage|p2a: The Lad!|12\/100\n|-enditem|p2a: The Lad!|Aguav Berry|[eat]\n|-heal|p2a: The Lad!|45\/100|[from] item: Aguav Berry\n|move|p2a: The Lad!|Stealth Rock|p1a: Jungle Claw\n|-sidestart|p1: Stealth 25|move: Stealth Rock\n|\n|-damage|p1a: Jungle Claw|82\/100 tox|[from] psn\n|upkeep\n|turn|13\n|\n|t:|1700181413\n|move|p1a: Jungle Claw|Leaf Blade|p2a: The Lad!\n|-damage|p2a: The Lad!|0 fnt\n|faint|p2a: The Lad!\n|\n|-damage|p1a: Jungle Claw|64\/100 tox|[from] psn\n|upkeep\n|\n|t:|1700181423\n|switch|p2a: Floof Mooth|Slither Wing|75\/100\n|turn|14\n|\n|t:|1700181437\n|move|p2a: Floof Mooth|First Impression|p1a: Jungle Claw\n|-supereffective|p1a: Jungle Claw\n|-crit|p1a: Jungle Claw\n|-damage|p1a: Jungle Claw|0 fnt\n|faint|p1a: Jungle Claw\n|\n|-fieldend|move: Electric Terrain\n|upkeep\n|\n|t:|1700181441\n|switch|p1a: Spartan|Iron Valiant, shiny|100\/100\n|-damage|p1a: Spartan|94\/100|[from] Stealth Rock\n|-enditem|p1a: Spartan|Booster Energy\n|-activate|p1a: Spartan|ability: Quark Drive|[fromitem]\n|-start|p1a: Spartan|quarkdrivespe\n|turn|15\n|\n|t:|1700181455\n|-end|p2a: Floof Mooth|Protosynthesis|[silent]\n|switch|p2a: Whamma Slam!|Tinkaton, F|100\/100\n|-damage|p2a: Whamma Slam!|94\/100|[from] Stealth Rock\n|-activate|p2a: Whamma Slam!|move: Sticky Web\n|-unboost|p2a: Whamma Slam!|spe|1\n|-ability|p2a: Whamma Slam!|Mold Breaker\n|move|p1a: Spartan|Swords Dance|p1a: Spartan\n|-boost|p1a: Spartan|atk|2\n|\n|-heal|p2a: Whamma Slam!|100\/100|[from] item: Leftovers\n|upkeep\n|turn|16\n|\n|t:|1700181466\n|-terastallize|p1a: Spartan|Water\n|move|p1a: Spartan|Liquidation|p2a: Whamma Slam!\n|-damage|p2a: Whamma Slam!|0 fnt\n|faint|p2a: Whamma Slam!\n|\n|upkeep\n|\n|t:|1700181472\n|switch|p2a: Marvel|Milotic, F|100\/100\n|-damage|p2a: Marvel|88\/100|[from] Stealth Rock\n|-activate|p2a: Marvel|move: Sticky Web\n|-unboost|p2a: Marvel|spe|1\n|-ability|p2a: Marvel|Competitive|boost\n|-boost|p2a: Marvel|spa|2\n|turn|17\n|\n|t:|1700181480\n|-terastallize|p2a: Marvel|Electric\n|move|p1a: Spartan|Close Combat|p2a: Marvel\n|-damage|p2a: Marvel|0 fnt\n|-unboost|p1a: Spartan|def|1\n|-unboost|p1a: Spartan|spd|1\n|faint|p2a: Marvel\n|\n|upkeep\n|\n|t:|1700181487\n|switch|p2a: Reverb|Noivern, M, shiny|100\/100\n|-damage|p2a: Reverb|76\/100|[from] Stealth Rock\n|turn|18\n|\n|t:|1700181492\n|move|p1a: Spartan|Liquidation|p2a: Reverb\n|-resisted|p2a: Reverb\n|-damage|p2a: Reverb|14\/100\n|move|p2a: Reverb|Dragon Pulse|p1a: Spartan\n|-damage|p1a: Spartan|0 fnt\n|faint|p1a: Spartan\n|-end|p1a: Spartan|Quark Drive|[silent]\n|\n|upkeep\n|\n|t:|1700181499\n|switch|p1a: Dark Wing|Charizard, M, shiny|100\/100\n|-damage|p1a: Dark Wing|51\/100|[from] Stealth Rock\n|turn|19\n|\n|t:|1700181503\n|detailschange|p1a: Dark Wing|Charizard-Mega-X, M, shiny\n|-mega|p1a: Dark Wing|Charizard|Charizardite X\n|move|p2a: Reverb|Dragon Pulse|p1a: Dark Wing\n|-supereffective|p1a: Dark Wing\n|-damage|p1a: Dark Wing|0 fnt\n|faint|p1a: Dark Wing\n|\n|win|MorthDaMooth\n","uploadtime":1700181512,"views":5,"p1id":"stealth25","p2id":"morthdamooth","formatid":"gen9nationaldex","rating":0,"private":0,"password":""}