{"id":"gen9nationaldex-1988561883","p1":"Hiram 09","p2":"JSalles","format":"[Gen 9] National Dex","log":"|j|\u2606Hiram 09\n|j|\u2606JSalles\n|t:|1699736350\n|gametype|singles\n|player|p1|Hiram 09|102|1183\n|player|p2|JSalles|marshal|1318\n|teamsize|p1|6\n|teamsize|p2|6\n|gen|9\n|tier|[Gen 9] National Dex\n|rated|\n|rule|HP Percentage Mod: HP is shown in percentages\n|rule|Endless Battle Clause: Forcing endless battles is banned\n|rule|OHKO Clause: OHKO moves are banned\n|rule|Evasion Clause: Evasion abilities, items, and moves are banned\n|rule|Evasion Abilities Clause: Evasion abilities are banned\n|rule|Evasion Items Clause: Evasion items are banned\n|rule|Evasion Moves Clause: Evasion moves are banned\n|rule|Species Clause: Limit one of each Pok\u00e9mon\n|rule|Sleep Clause Mod: Limit one foe put to sleep\n|clearpoke\n|poke|p1|Munkidori, M|\n|poke|p1|Dipplin, M|\n|poke|p1|Sinistcha-Masterpiece|\n|poke|p1|Kommo-o, M|\n|poke|p1|Mr. Rime, M|\n|poke|p1|Samurott-Hisui, M|\n|poke|p2|Umbreon, M|\n|poke|p2|Gengar, M|\n|poke|p2|Garganacl, M|\n|poke|p2|Scizor, M|\n|poke|p2|Corviknight, M|\n|poke|p2|Ceruledge, M|\n|teampreview\n|inactive|Battle timer is ON: inactive players will automatically lose when time's up. (requested by JSalles)\n|\n|t:|1699736357\n|start\n|switch|p1a: Mr. Rime|Mr. Rime, M, shiny|100\/100\n|switch|p2a: Ceruledge|Ceruledge, M, shiny|100\/100\n|turn|1\n|\n|t:|1699736365\n|move|p2a: Ceruledge|Swords Dance|p2a: Ceruledge\n|-boost|p2a: Ceruledge|atk|2\n|move|p1a: Mr. Rime|Psychic|p2a: Ceruledge\n|-damage|p2a: Ceruledge|17\/100\n|\n|upkeep\n|turn|2\n|\n|t:|1699736378\n|switch|p1a: Dipplin|Dipplin, M|100\/100\n|-ability|p1a: Dipplin|Supersweet Syrup\n|-ability|p1a: Dipplin|Supersweet Syrup|boost\n|-unboost|p2a: Ceruledge|evasion|1\n|move|p2a: Ceruledge|Bitter Blade|p1a: Dipplin\n|-damage|p1a: Dipplin|44\/100\n|-heal|p2a: Ceruledge|52\/100|[from] drain|[of] p1a: Dipplin\n|\n|upkeep\n|turn|3\n|\n|t:|1699736391\n|move|p2a: Ceruledge|Bitter Blade|p1a: Dipplin\n|-damage|p1a: Dipplin|0 fnt\n|-heal|p2a: Ceruledge|80\/100|[from] drain|[of] p1a: Dipplin\n|faint|p1a: Dipplin\n|\n|upkeep\n|\n|t:|1699736399\n|switch|p1a: Munkidori|Munkidori, M|100\/100\n|-item|p2a: Ceruledge|Heavy-Duty Boots|[from] ability: Frisk|[of] p1a: Munkidori|[identify]\n|turn|4\n|\n|t:|1699736406\n|move|p2a: Ceruledge|Shadow Sneak|p1a: Munkidori\n|-supereffective|p1a: Munkidori\n|-damage|p1a: Munkidori|0 fnt\n|faint|p1a: Munkidori\n|\n|upkeep\n|\n|t:|1699736411\n|switch|p1a: Samurott|Samurott-Hisui, M|100\/100\n|turn|5\n|\n|t:|1699736415\n|move|p2a: Ceruledge|Close Combat|p1a: Samurott\n|-supereffective|p1a: Samurott\n|-damage|p1a: Samurott|0 fnt\n|-unboost|p2a: Ceruledge|def|1\n|-unboost|p2a: Ceruledge|spd|1\n|faint|p1a: Samurott\n|\n|upkeep\n|\n|t:|1699736422\n|switch|p1a: Sinistcha|Sinistcha-Masterpiece, shiny|100\/100\n|turn|6\n|\n|t:|1699736426\n|move|p2a: Ceruledge|Shadow Sneak|p1a: Sinistcha\n|-supereffective|p1a: Sinistcha\n|-damage|p1a: Sinistcha|45\/100\n|move|p1a: Sinistcha|Strength Sap|p2a: Ceruledge\n|-unboost|p2a: Ceruledge|atk|1\n|-heal|p1a: Sinistcha|100\/100\n|\n|upkeep\n|turn|7\n|\n|t:|1699736434\n|move|p2a: Ceruledge|Swords Dance|p2a: Ceruledge\n|-boost|p2a: Ceruledge|atk|2\n|move|p1a: Sinistcha|Strength Sap|p2a: Ceruledge\n|-unboost|p2a: Ceruledge|atk|1\n|\n|upkeep\n|turn|8\n|\n|t:|1699736441\n|move|p2a: Ceruledge|Bitter Blade|p1a: Sinistcha\n|-supereffective|p1a: Sinistcha\n|-damage|p1a: Sinistcha|34\/100\n|-heal|p2a: Ceruledge|100\/100|[from] drain|[of] p1a: Sinistcha\n|move|p1a: Sinistcha|Strength Sap|p2a: Ceruledge\n|-unboost|p2a: Ceruledge|atk|1\n|-heal|p1a: Sinistcha|100\/100\n|\n|upkeep\n|turn|9\n|\n|t:|1699736451\n|move|p2a: Ceruledge|Swords Dance|p2a: Ceruledge\n|-boost|p2a: Ceruledge|atk|2\n|move|p1a: Sinistcha|Strength Sap|p2a: Ceruledge\n|-unboost|p2a: Ceruledge|atk|1\n|\n|upkeep\n|turn|10\n|\n|t:|1699736460\n|move|p2a: Ceruledge|Swords Dance|p2a: Ceruledge\n|-boost|p2a: Ceruledge|atk|2\n|move|p1a: Sinistcha|Strength Sap|p2a: Ceruledge\n|-unboost|p2a: Ceruledge|atk|1\n|\n|upkeep\n|turn|11\n|\n|t:|1699736467\n|move|p2a: Ceruledge|Swords Dance|p2a: Ceruledge\n|-boost|p2a: Ceruledge|atk|2\n|move|p1a: Sinistcha|Strength Sap|p2a: Ceruledge\n|-unboost|p2a: Ceruledge|atk|1\n|\n|upkeep\n|turn|12\n|\n|t:|1699736474\n|move|p2a: Ceruledge|Bitter Blade|p1a: Sinistcha\n|-supereffective|p1a: Sinistcha\n|-damage|p1a: Sinistcha|0 fnt\n|faint|p1a: Sinistcha\n|\n|upkeep\n|\n|t:|1699736480\n|switch|p1a: Kommo-o|Kommo-o, M, shiny|100\/100\n|turn|13\n|\n|t:|1699736485\n|-terastallize|p1a: Kommo-o|Normal\n|move|p2a: Ceruledge|Shadow Sneak|p1a: Kommo-o\n|-immune|p1a: Kommo-o\n|move|p1a: Kommo-o|Clanging Scales|p2a: Ceruledge\n|-damage|p2a: Ceruledge|18\/100\n|-unboost|p1a: Kommo-o|def|1\n|-enditem|p1a: Kommo-o|Throat Spray\n|-boost|p1a: Kommo-o|spa|1|[from] item: Throat Spray\n|\n|upkeep\n|turn|14\n|\n|t:|1699736502\n|move|p1a: Kommo-o|Clanging Scales|p2a: Ceruledge\n|-damage|p2a: Ceruledge|0 fnt\n|faint|p2a: Ceruledge\n|-unboost|p1a: Kommo-o|def|1\n|\n|upkeep\n|\n|t:|1699736508\n|switch|p2a: Buu|Gengar, M, shiny|100\/100\n|turn|15\n|\n|t:|1699736512\n|move|p2a: Buu|Destiny Bond|p2a: Buu\n|-singlemove|p2a: Buu|Destiny Bond\n|move|p1a: Kommo-o|Clangorous Soul|p1a: Kommo-o\n|-boost|p1a: Kommo-o|atk|1\n|-boost|p1a: Kommo-o|def|1\n|-boost|p1a: Kommo-o|spa|1\n|-boost|p1a: Kommo-o|spd|1\n|-boost|p1a: Kommo-o|spe|1\n|-damage|p1a: Kommo-o|68\/100\n|\n|upkeep\n|turn|16\n|\n|t:|1699736529\n|move|p1a: Kommo-o|Boomburst|p2a: Buu\n|-immune|p2a: Buu\n|move|p2a: Buu|Encore|p1a: Kommo-o\n|-start|p1a: Kommo-o|Encore\n|\n|upkeep\n|turn|17\n|\n|t:|1699736538\n|move|p1a: Kommo-o|Boomburst|p2a: Buu\n|-immune|p2a: Buu\n|move|p2a: Buu|Infestation|p1a: Kommo-o\n|-damage|p1a: Kommo-o|63\/100\n|-activate|p1a: Kommo-o|move: Infestation|[of] p2a: Buu\n|\n|-damage|p1a: Kommo-o|51\/100|[from] move: Infestation|[partiallytrapped]\n|upkeep\n|turn|18\n|\n|t:|1699736554\n|move|p1a: Kommo-o|Boomburst|p2a: Buu\n|-immune|p2a: Buu\n|move|p2a: Buu|Destiny Bond|p2a: Buu\n|-singlemove|p2a: Buu|Destiny Bond\n|\n|-damage|p1a: Kommo-o|38\/100|[from] move: Infestation|[partiallytrapped]\n|upkeep\n|turn|19\n|\n|t:|1699736563\n|move|p1a: Kommo-o|Boomburst|p2a: Buu\n|-immune|p2a: Buu\n|move|p2a: Buu|Destiny Bond||[still]\n|-fail|p2a: Buu\n|\n|-damage|p1a: Kommo-o|26\/100|[from] move: Infestation|[partiallytrapped]\n|-end|p1a: Kommo-o|Encore\n|upkeep\n|turn|20\n|\n|t:|1699736576\n|move|p1a: Kommo-o|Flash Cannon|p2a: Buu\n|-damage|p2a: Buu|43\/100\n|-unboost|p2a: Buu|spd|1\n|move|p2a: Buu|Encore|p1a: Kommo-o\n|-start|p1a: Kommo-o|Encore\n|\n|-damage|p1a: Kommo-o|14\/100|[from] move: Infestation|[partiallytrapped]\n|upkeep\n|turn|21\n|\n|t:|1699736585\n|move|p1a: Kommo-o|Flash Cannon|p2a: Buu\n|-damage|p2a: Buu|0 fnt\n|faint|p2a: Buu\n|\n|-end|p1a: Kommo-o|Infestation|[partiallytrapped]|[silent]\n|upkeep\n|\n|t:|1699736589\n|switch|p2a: Cutter|Scizor, M|100\/100\n|turn|22\n|\n|t:|1699736593\n|detailschange|p2a: Cutter|Scizor-Mega, M\n|-mega|p2a: Cutter|Scizor|Scizorite\n|move|p2a: Cutter|Bullet Punch|p1a: Kommo-o\n|-damage|p1a: Kommo-o|0 fnt\n|faint|p1a: Kommo-o\n|\n|upkeep\n|\n|t:|1699736600\n|switch|p1a: Mr. Rime|Mr. Rime, M, shiny|100\/100\n|turn|23\n|\n|t:|1699736604\n|move|p2a: Cutter|Bullet Punch|p1a: Mr. Rime\n|-supereffective|p1a: Mr. Rime\n|-crit|p1a: Mr. Rime\n|-damage|p1a: Mr. Rime|0 fnt\n|faint|p1a: Mr. Rime\n|\n|win|JSalles\n|raw|Hiram 09's rating: 1183 &rarr; <strong>1167<\/strong><br \/>(-16 for losing)\n|raw|JSalles's rating: 1318 &rarr; <strong>1331<\/strong><br \/>(+13 for winning)\n|l|\u2606Hiram 09\n","uploadtime":1699736611,"views":4,"p1id":"hiram09","p2id":"jsalles","formatid":"gen9nationaldex","rating":1167,"private":0,"password":""}