{"id":"gen9nationaldex-1992753112","p1":"LordGoruta","p2":"Hooploops<3","format":"[Gen 9] National Dex","log":"|j|\u2606LordGoruta\n|j|\u2606Hooploops<3\n|t:|1700232306\n|gametype|singles\n|player|p1|LordGoruta|eusine|1362\n|player|p2|Hooploops<3|caitlin|1295\n|teamsize|p1|6\n|teamsize|p2|6\n|gen|9\n|tier|[Gen 9] National Dex\n|rated|\n|rule|HP Percentage Mod: HP is shown in percentages\n|rule|Endless Battle Clause: Forcing endless battles is banned\n|rule|OHKO Clause: OHKO moves are banned\n|rule|Evasion Clause: Evasion abilities, items, and moves are banned\n|rule|Evasion Abilities Clause: Evasion abilities are banned\n|rule|Evasion Items Clause: Evasion items are banned\n|rule|Evasion Moves Clause: Evasion moves are banned\n|rule|Species Clause: Limit one of each Pok\u00e9mon\n|rule|Sleep Clause Mod: Limit one foe put to sleep\n|clearpoke\n|poke|p1|Cottonee, F|\n|poke|p1|Torterra, M|\n|poke|p1|Aurorus, M|\n|poke|p1|Beedrill, M|\n|poke|p1|Victini|\n|poke|p1|Deoxys-Defense|\n|poke|p2|Cinccino, F|\n|poke|p2|Ribombee, F|\n|poke|p2|Great Tusk|\n|poke|p2|Bisharp, F|\n|poke|p2|Zoroark-Hisui, F|\n|poke|p2|Manectric, F|\n|teampreview\n|\n|t:|1700232326\n|start\n|switch|p1a: Torterra|Torterra, M|100\/100\n|switch|p2a: beeyonce|Ribombee, F, shiny|100\/100\n|turn|1\n|\n|t:|1700232336\n|move|p2a: beeyonce|Sticky Web|p1a: Torterra\n|-sidestart|p1: LordGoruta|move: Sticky Web\n|move|p1a: Torterra|Shell Smash|p1a: Torterra\n|-unboost|p1a: Torterra|def|1\n|-unboost|p1a: Torterra|spd|1\n|-boost|p1a: Torterra|atk|2\n|-boost|p1a: Torterra|spa|2\n|-boost|p1a: Torterra|spe|2\n|\n|upkeep\n|turn|2\n|\n|t:|1700232341\n|move|p1a: Torterra|Rock Blast|p2a: beeyonce\n|-supereffective|p2a: beeyonce\n|-damage|p2a: beeyonce|34\/100\n|-supereffective|p2a: beeyonce\n|-damage|p2a: beeyonce|0 fnt\n|faint|p2a: beeyonce\n|-hitcount|p2: beeyonce|2\n|\n|upkeep\n|\n|t:|1700232352\n|switch|p2a: Tusk|Great Tusk, shiny|100\/100\n|turn|3\n|\n|t:|1700232359\n|-terastallize|p2a: Tusk|Grass\n|move|p1a: Torterra|Bullet Seed|p2a: Tusk\n|-resisted|p2a: Tusk\n|-damage|p2a: Tusk|92\/100\n|-resisted|p2a: Tusk\n|-damage|p2a: Tusk|84\/100\n|-resisted|p2a: Tusk\n|-damage|p2a: Tusk|75\/100\n|-resisted|p2a: Tusk\n|-damage|p2a: Tusk|67\/100\n|-resisted|p2a: Tusk\n|-damage|p2a: Tusk|59\/100\n|-hitcount|p2a: Tusk|5\n|move|p2a: Tusk|Close Combat|p1a: Torterra\n|-damage|p1a: Torterra|8\/100\n|-unboost|p2a: Tusk|def|1\n|-unboost|p2a: Tusk|spd|1\n|\n|upkeep\n|turn|4\n|\n|t:|1700232365\n|move|p1a: Torterra|Rock Blast|p2a: Tusk\n|-damage|p2a: Tusk|43\/100\n|-damage|p2a: Tusk|24\/100\n|-damage|p2a: Tusk|6\/100\n|-damage|p2a: Tusk|0 fnt\n|faint|p2a: Tusk\n|-end|p2a: Tusk|Protosynthesis|[silent]\n|-hitcount|p2: Tusk|4\n|\n|upkeep\n|\n|t:|1700232370\n|switch|p2a: Bisharp|Bisharp, F, shiny|100\/100\n|turn|5\n|\n|t:|1700232374\n|move|p2a: Bisharp|Sucker Punch||[still]\n|-fail|p2a: Bisharp\n|move|p1a: Torterra|Shell Smash|p1a: Torterra\n|-unboost|p1a: Torterra|def|1\n|-unboost|p1a: Torterra|spd|1\n|-boost|p1a: Torterra|atk|2\n|-boost|p1a: Torterra|spa|2\n|-boost|p1a: Torterra|spe|2\n|\n|upkeep\n|turn|6\n|\n|t:|1700232377\n|move|p1a: Torterra|Earthquake|p2a: Bisharp\n|-supereffective|p2a: Bisharp\n|-damage|p2a: Bisharp|0 fnt\n|faint|p2a: Bisharp\n|\n|upkeep\n|c|\u2606Hooploops<3|I misclicked\n|\n|t:|1700232390\n|switch|p2a: Manectric|Manectric, F, shiny|100\/100\n|turn|7\n|c|\u2606LordGoruta|sure...\n|\n|t:|1700232399\n|move|p1a: Torterra|Earthquake|p2a: Manectric\n|-enditem|p2a: Manectric|Focus Sash\n|-damage|p2a: Manectric|1\/100\n|replace|p2a: Zoroark|Zoroark-Hisui, F, shiny\n|-end|p2a: Zoroark|Illusion\n|move|p2a: Zoroark|Shadow Ball|p1a: Torterra\n|-damage|p1a: Torterra|0 fnt\n|faint|p1a: Torterra\n|\n|upkeep\n|\n|t:|1700232409\n|switch|p1a: Aurorus|Aurorus, M, shiny|100\/100\n|-activate|p1a: Aurorus|move: Sticky Web\n|-unboost|p1a: Aurorus|spe|1\n|-weather|Snow|[from] ability: Snow Warning|[of] p1a: Aurorus\n|turn|8\n|c|\u2606Hooploops<3|I actually did i was gonna go for another sucker punch\n|\n|t:|1700232425\n|move|p2a: Zoroark|Focus Blast|p1a: Aurorus\n|-supereffective|p1a: Aurorus\n|-damage|p1a: Aurorus|0 fnt\n|faint|p1a: Aurorus\n|\n|-weather|Snow|[upkeep]\n|upkeep\n|\n|t:|1700232431\n|switch|p1a: Cottonee|Cottonee, F|100\/100\n|-activate|p1a: Cottonee|move: Sticky Web\n|-unboost|p1a: Cottonee|spe|1\n|turn|9\n|\n|t:|1700232435\n|move|p1a: Cottonee|Encore|p2a: Zoroark\n|-start|p2a: Zoroark|Encore\n|move|p2a: Zoroark|Focus Blast|p1a: Cottonee\n|-resisted|p1a: Cottonee\n|-damage|p1a: Cottonee|80\/100\n|\n|-weather|Snow|[upkeep]\n|upkeep\n|turn|10\n|\n|t:|1700232442\n|switch|p2a: Cinnamon|Cinccino, F, shiny|100\/100\n|switch|p1a: I hate this one|Victini|100\/100\n|-activate|p1a: I hate this one|move: Sticky Web\n|-unboost|p1a: I hate this one|spe|1\n|\n|-weather|Snow|[upkeep]\n|upkeep\n|turn|11\n|\n|t:|1700232446\n|move|p2a: Cinnamon|Rock Blast|p1a: I hate this one\n|-supereffective|p1a: I hate this one\n|-damage|p1a: I hate this one|77\/100\n|-supereffective|p1a: I hate this one\n|-damage|p1a: I hate this one|55\/100\n|-supereffective|p1a: I hate this one\n|-damage|p1a: I hate this one|31\/100\n|-supereffective|p1a: I hate this one\n|-damage|p1a: I hate this one|8\/100\n|-supereffective|p1a: I hate this one\n|-damage|p1a: I hate this one|0 fnt\n|faint|p1a: I hate this one\n|-hitcount|p1: I hate this one|5\n|\n|-weather|Snow|[upkeep]\n|upkeep\n|\n|t:|1700232449\n|switch|p1a: Stop|Deoxys-Defense, shiny|100\/100\n|-activate|p1a: Stop|move: Sticky Web\n|-unboost|p1a: Stop|spe|1\n|-ability|p1a: Stop|Pressure\n|turn|12\n|\n|t:|1700232453\n|-terastallize|p1a: Stop|Steel\n|move|p2a: Cinnamon|Tail Slap|p1a: Stop\n|-resisted|p1a: Stop\n|-damage|p1a: Stop|96\/100\n|-damage|p2a: Cinnamon|84\/100|[from] item: Rocky Helmet|[of] p1a: Stop\n|-resisted|p1a: Stop\n|-damage|p1a: Stop|90\/100\n|-damage|p2a: Cinnamon|68\/100|[from] item: Rocky Helmet|[of] p1a: Stop\n|-resisted|p1a: Stop\n|-damage|p1a: Stop|85\/100\n|-damage|p2a: Cinnamon|51\/100|[from] item: Rocky Helmet|[of] p1a: Stop\n|-resisted|p1a: Stop\n|-damage|p1a: Stop|79\/100\n|-damage|p2a: Cinnamon|35\/100|[from] item: Rocky Helmet|[of] p1a: Stop\n|-resisted|p1a: Stop\n|-damage|p1a: Stop|73\/100\n|-damage|p2a: Cinnamon|18\/100|[from] item: Rocky Helmet|[of] p1a: Stop\n|-hitcount|p1a: Stop|5\n|move|p1a: Stop|Cosmic Power|p1a: Stop\n|-boost|p1a: Stop|def|1\n|-boost|p1a: Stop|spd|1\n|\n|-weather|none\n|upkeep\n|turn|13\n|\n|t:|1700232458\n|switch|p2a: Manectric|Manectric, F, shiny|1\/100\n|move|p1a: Stop|Cosmic Power|p1a: Stop\n|-boost|p1a: Stop|def|1\n|-boost|p1a: Stop|spd|1\n|\n|upkeep\n|turn|14\n|\n|t:|1700232463\n|move|p2a: Manectric|Focus Blast|p1a: Stop\n|-supereffective|p1a: Stop\n|-crit|p1a: Stop\n|-damage|p1a: Stop|0 fnt\n|faint|p1a: Stop\n|\n|upkeep\n|\n|t:|1700232467\n|switch|p1a: Best Mega|Beedrill, M, shiny|100\/100\n|-activate|p1a: Best Mega|move: Sticky Web\n|-unboost|p1a: Best Mega|spe|1\n|turn|15\n|\n|t:|1700232472\n|detailschange|p1a: Best Mega|Beedrill-Mega, M, shiny\n|-mega|p1a: Best Mega|Beedrill|Beedrillite\n|move|p2a: Manectric|Flamethrower|p1a: Best Mega\n|-supereffective|p1a: Best Mega\n|-damage|p1a: Best Mega|10\/100\n|move|p1a: Best Mega|Fell Stinger|p2a: Manectric\n|-resisted|p2a: Manectric\n|-damage|p2a: Manectric|0 fnt\n|replace|p2a: Zoroark|Zoroark-Hisui, F, shiny\n|-end|p2a: Zoroark|Illusion\n|faint|p2a: Zoroark\n|-boost|p1a: Best Mega|atk|3\n|\n|upkeep\n|\n|t:|1700232479\n|switch|p2a: Cinnamon|Cinccino, F, shiny|18\/100\n|turn|16\n|\n|t:|1700232482\n|move|p2a: Cinnamon|Bullet Seed|p1a: Best Mega\n|-resisted|p1a: Best Mega\n|-damage|p1a: Best Mega|4\/100\n|-resisted|p1a: Best Mega\n|-damage|p1a: Best Mega|0 fnt\n|faint|p1a: Best Mega\n|-hitcount|p1: Best Mega|2\n|\n|upkeep\n|\n|t:|1700232484\n|switch|p1a: Cottonee|Cottonee, F|80\/100\n|-activate|p1a: Cottonee|move: Sticky Web\n|-unboost|p1a: Cottonee|spe|1\n|turn|17\n|\n|t:|1700232487\n|move|p1a: Cottonee|Leech Seed|p2a: Cinnamon\n|-start|p2a: Cinnamon|move: Leech Seed\n|move|p2a: Cinnamon|Tail Slap|p1a: Cottonee\n|-damage|p1a: Cottonee|62\/100\n|-damage|p1a: Cottonee|42\/100\n|-damage|p1a: Cottonee|26\/100\n|-damage|p1a: Cottonee|7\/100\n|-hitcount|p1a: Cottonee|4\n|\n|-damage|p2a: Cinnamon|6\/100|[from] Leech Seed|[of] p1a: Cottonee\n|-heal|p1a: Cottonee|23\/100|[silent]\n|upkeep\n|turn|18\n|\n|t:|1700232494\n|move|p1a: Cottonee|Substitute|p1a: Cottonee\n|-fail|p1a: Cottonee|move: Substitute|[weak]\n|move|p2a: Cinnamon|Bullet Seed|p1a: Cottonee\n|-resisted|p1a: Cottonee\n|-damage|p1a: Cottonee|17\/100\n|-resisted|p1a: Cottonee\n|-damage|p1a: Cottonee|11\/100\n|-resisted|p1a: Cottonee\n|-damage|p1a: Cottonee|5\/100\n|-resisted|p1a: Cottonee\n|-damage|p1a: Cottonee|0 fnt\n|faint|p1a: Cottonee\n|-hitcount|p1: Cottonee|4\n|\n|win|Hooploops<3\n|raw|LordGoruta's rating: 1362 &rarr; <strong>1338<\/strong><br \/>(-24 for losing)\n|raw|Hooploops&lt;3's rating: 1295 &rarr; <strong>1325<\/strong><br \/>(+30 for winning)\n|l|\u2606LordGoruta\n|c|\u2606Hooploops<3|Gg\n","uploadtime":1700232512,"views":10,"p1id":"lordgoruta","p2id":"hooploops3","formatid":"gen9nationaldex","rating":1325,"private":0,"password":""}