{"id":"gen9nationaldex-1998753115","p1":"nalnalli","p2":"Andrews Finn2","format":"[Gen 9] National Dex","log":"|html|<div class=\"broadcast-blue\"><strong>[Gen 9] National Dex is currently suspecting Sneasler! For information on how to participate check out the <a href=\"https:\/\/www.smogon.com\/forums\/threads\/sv-national-dex-suspect-8-just-dance.3731534\/\">suspect thread<\/a>.<\/strong><\/div>\n|j|\u2606nalnalli\n|j|\u2606Andrews Finn2\n|t:|1700983649\n|gametype|singles\n|player|p1|nalnalli|266|1175\n|player|p2|Andrews Finn2|steven|1230\n|teamsize|p1|6\n|teamsize|p2|6\n|gen|9\n|tier|[Gen 9] National Dex\n|rated|\n|rule|HP Percentage Mod: HP is shown in percentages\n|rule|Endless Battle Clause: Forcing endless battles is banned\n|rule|OHKO Clause: OHKO moves are banned\n|rule|Evasion Clause: Evasion abilities, items, and moves are banned\n|rule|Evasion Abilities Clause: Evasion abilities are banned\n|rule|Evasion Items Clause: Evasion items are banned\n|rule|Evasion Moves Clause: Evasion moves are banned\n|rule|Species Clause: Limit one of each Pok\u00e9mon\n|rule|Sleep Clause Mod: Limit one foe put to sleep\n|clearpoke\n|poke|p1|Glimmora, M|\n|poke|p1|Heatran, F|\n|poke|p1|Amoonguss, M|\n|poke|p1|Gliscor, M|\n|poke|p1|Scizor, M|\n|poke|p1|Aegislash, F|\n|poke|p2|Hydreigon, F|\n|poke|p2|Heracross, F|\n|poke|p2|Corviknight, M|\n|poke|p2|Glimmora, M|\n|poke|p2|Ceruledge, F|\n|poke|p2|Ferrothorn, M|\n|teampreview\n|\n|t:|1700983660\n|start\n|switch|p1a: Gliscor|Gliscor, M, shiny|100\/100\n|switch|p2a: Glimmora|Glimmora, M|100\/100\n|turn|1\n|\n|t:|1700983668\n|switch|p2a: Ferrothorn|Ferrothorn, M|100\/100\n|move|p1a: Gliscor|Knock Off|p2a: Ferrothorn\n|-damage|p2a: Ferrothorn|82\/100\n|-damage|p1a: Gliscor|88\/100|[from] ability: Iron Barbs|[of] p2a: Ferrothorn\n|-enditem|p2a: Ferrothorn|Leftovers|[from] move: Knock Off|[of] p1a: Gliscor\n|\n|-status|p1a: Gliscor|tox|[from] item: Toxic Orb\n|upkeep\n|turn|2\n|\n|t:|1700983690\n|switch|p1a: Amoonguss|Amoonguss, M|100\/100\n|move|p2a: Ferrothorn|Spikes|p1a: Amoonguss\n|-sidestart|p1: nalnalli|Spikes\n|\n|upkeep\n|turn|3\n|\n|t:|1700983699\n|switch|p1a: Gliscor|Gliscor, M, shiny|88\/100 tox\n|move|p2a: Ferrothorn|Thunder Wave|p1a: Gliscor\n|-immune|p1a: Gliscor\n|\n|-heal|p1a: Gliscor|100\/100 tox|[from] ability: Poison Heal\n|upkeep\n|turn|4\n|\n|t:|1700983707\n|move|p1a: Gliscor|Defog|p2a: Ferrothorn\n|-unboost|p2a: Ferrothorn|evasion|1\n|-sideend|p1: nalnalli|Spikes|[from] move: Defog|[of] p1a: Gliscor\n|move|p2a: Ferrothorn|Spikes|p1a: Gliscor\n|-sidestart|p1: nalnalli|Spikes\n|\n|upkeep\n|turn|5\n|\n|t:|1700983714\n|move|p1a: Gliscor|Earthquake|p2a: Ferrothorn\n|-damage|p2a: Ferrothorn|58\/100\n|move|p2a: Ferrothorn|Spikes|p1a: Gliscor\n|-sidestart|p1: nalnalli|Spikes\n|\n|upkeep\n|turn|6\n|\n|t:|1700983722\n|switch|p2a: Hydreigon|Hydreigon, F|100\/100\n|move|p1a: Gliscor|Earthquake|p2a: Hydreigon\n|-immune|p2a: Hydreigon|[from] ability: Levitate\n|\n|upkeep\n|turn|7\n|\n|t:|1700983739\n|move|p2a: Hydreigon|Dark Pulse|p1a: Gliscor\n|-damage|p1a: Gliscor|55\/100 tox\n|move|p1a: Gliscor|Defog|p2a: Hydreigon\n|-unboost|p2a: Hydreigon|evasion|1\n|-sideend|p1: nalnalli|Spikes|[from] move: Defog|[of] p1a: Gliscor\n|\n|-heal|p1a: Gliscor|67\/100 tox|[from] ability: Poison Heal\n|upkeep\n|turn|8\n|\n|t:|1700983748\n|move|p2a: Hydreigon|Dark Pulse|p1a: Gliscor\n|-damage|p1a: Gliscor|20\/100 tox\n|move|p1a: Gliscor|Knock Off|p2a: Hydreigon\n|-resisted|p2a: Hydreigon\n|-damage|p2a: Hydreigon|88\/100\n|-enditem|p2a: Hydreigon|Choice Scarf|[from] move: Knock Off|[of] p1a: Gliscor\n|\n|-heal|p1a: Gliscor|33\/100 tox|[from] ability: Poison Heal\n|upkeep\n|turn|9\n|\n|t:|1700983756\n|move|p1a: Gliscor|Protect|p1a: Gliscor\n|-singleturn|p1a: Gliscor|Protect\n|move|p2a: Hydreigon|Dark Pulse|p1a: Gliscor\n|-activate|p1a: Gliscor|move: Protect\n|\n|-heal|p1a: Gliscor|45\/100 tox|[from] ability: Poison Heal\n|upkeep\n|turn|10\n|\n|t:|1700983772\n|switch|p1a: Amoonguss|Amoonguss, M|100\/100\n|move|p2a: Hydreigon|Draco Meteor|p1a: Amoonguss\n|-damage|p1a: Amoonguss|35\/100\n|-unboost|p2a: Hydreigon|spa|2\n|\n|-heal|p1a: Amoonguss|41\/100|[from] item: Black Sludge\n|upkeep\n|turn|11\n|\n|t:|1700983785\n|switch|p2a: Ferrothorn|Ferrothorn, M|58\/100\n|move|p1a: Amoonguss|Giga Drain|p2a: Ferrothorn\n|-resisted|p2a: Ferrothorn\n|-damage|p2a: Ferrothorn|54\/100\n|-heal|p1a: Amoonguss|43\/100|[from] drain|[of] p2a: Ferrothorn\n|\n|-heal|p1a: Amoonguss|49\/100|[from] item: Black Sludge\n|upkeep\n|turn|12\n|\n|t:|1700983795\n|switch|p1a: Heatran|Heatran, F, shiny|100\/100\n|-item|p1a: Heatran|Air Balloon\n|move|p2a: Ferrothorn|Knock Off|p1a: Heatran\n|-damage|p1a: Heatran|84\/100\n|-enditem|p1a: Heatran|Air Balloon\n|\n|upkeep\n|turn|13\n|\n|t:|1700983805\n|switch|p2a: Hydreigon|Hydreigon, F|88\/100\n|move|p1a: Heatran|Magma Storm|p2a: Hydreigon|[miss]\n|-miss|p1a: Heatran|p2a: Hydreigon\n|\n|upkeep\n|turn|14\n|\n|t:|1700983813\n|move|p2a: Hydreigon|Earth Power|p1a: Heatran\n|-supereffective|p1a: Heatran\n|-damage|p1a: Heatran|3\/100\n|move|p1a: Heatran|Magma Storm|p2a: Hydreigon\n|-resisted|p2a: Hydreigon\n|-damage|p2a: Hydreigon|62\/100\n|-activate|p2a: Hydreigon|move: Magma Storm|[of] p1a: Heatran\n|\n|-damage|p2a: Hydreigon|50\/100|[from] move: Magma Storm|[partiallytrapped]\n|upkeep\n|turn|15\n|\n|t:|1700983822\n|move|p1a: Heatran|Protect|p1a: Heatran\n|-singleturn|p1a: Heatran|Protect\n|move|p2a: Hydreigon|U-turn|p1a: Heatran\n|-activate|p1a: Heatran|move: Protect\n|\n|-damage|p2a: Hydreigon|37\/100|[from] move: Magma Storm|[partiallytrapped]\n|upkeep\n|turn|16\n|\n|t:|1700983830\n|switch|p1a: Scizor|Scizor, M, shiny|100\/100\n|move|p2a: Hydreigon|Dark Pulse|p1a: Scizor\n|-damage|p1a: Scizor|51\/100\n|\n|-end|p2a: Hydreigon|Magma Storm|[partiallytrapped]|[silent]\n|upkeep\n|turn|17\n|\n|t:|1700983850\n|switch|p2a: Ceruledge|Ceruledge, F|100\/100\n|switch|p1a: Amoonguss|Amoonguss, M|82\/100\n|\n|-heal|p1a: Amoonguss|89\/100|[from] item: Black Sludge\n|upkeep\n|turn|18\n|\n|t:|1700983860\n|switch|p2a: Ferrothorn|Ferrothorn, M|54\/100\n|move|p1a: Amoonguss|Spore|p2a: Ferrothorn\n|-immune|p2a: Ferrothorn\n|\n|-heal|p1a: Amoonguss|95\/100|[from] item: Black Sludge\n|upkeep\n|turn|19\n|\n|t:|1700983872\n|switch|p1a: Gliscor|Gliscor, M, shiny|45\/100 tox\n|move|p2a: Ferrothorn|Knock Off|p1a: Gliscor\n|-damage|p1a: Gliscor|31\/100 tox\n|-enditem|p1a: Gliscor|Toxic Orb|[from] move: Knock Off|[of] p2a: Ferrothorn\n|\n|-heal|p1a: Gliscor|44\/100 tox|[from] ability: Poison Heal\n|upkeep\n|turn|20\n|\n|t:|1700983886\n|switch|p2a: Hydreigon|Hydreigon, F|37\/100\n|move|p1a: Gliscor|Knock Off|p2a: Hydreigon\n|-resisted|p2a: Hydreigon\n|-damage|p2a: Hydreigon|28\/100\n|\n|-heal|p1a: Gliscor|56\/100 tox|[from] ability: Poison Heal\n|upkeep\n|turn|21\n|\n|t:|1700983904\n|move|p1a: Gliscor|Protect|p1a: Gliscor\n|-singleturn|p1a: Gliscor|Protect\n|move|p2a: Hydreigon|Dark Pulse|p1a: Gliscor\n|-activate|p1a: Gliscor|move: Protect\n|\n|-heal|p1a: Gliscor|69\/100 tox|[from] ability: Poison Heal\n|upkeep\n|turn|22\n|\n|t:|1700983913\n|switch|p1a: Amoonguss|Amoonguss, M|100\/100\n|move|p2a: Hydreigon|Dark Pulse|p1a: Amoonguss\n|-damage|p1a: Amoonguss|59\/100\n|\n|-heal|p1a: Amoonguss|65\/100|[from] item: Black Sludge\n|upkeep\n|turn|23\n|\n|t:|1700983924\n|move|p2a: Hydreigon|Draco Meteor|p1a: Amoonguss\n|-damage|p1a: Amoonguss|5\/100\n|-unboost|p2a: Hydreigon|spa|2\n|move|p1a: Amoonguss|Foul Play|p2a: Hydreigon\n|-resisted|p2a: Hydreigon\n|-damage|p2a: Hydreigon|16\/100\n|\n|-heal|p1a: Amoonguss|11\/100|[from] item: Black Sludge\n|upkeep\n|turn|24\n|\n|t:|1700983935\n|switch|p1a: Heatran|Heatran, F, shiny|3\/100\n|move|p2a: Hydreigon|U-turn|p1a: Heatran\n|-resisted|p1a: Heatran\n|-damage|p1a: Heatran|0 fnt\n|faint|p1a: Heatran\n|\n|t:|1700983942\n|switch|p2a: Ferrothorn|Ferrothorn, M|54\/100|[from] U-turn\n|\n|upkeep\n|\n|t:|1700983951\n|switch|p1a: Aegislash|Aegislash, F, shiny|100\/100\n|turn|25\n|\n|t:|1700983956\n|move|p1a: Aegislash|Swords Dance|p1a: Aegislash\n|-boost|p1a: Aegislash|atk|2\n|move|p2a: Ferrothorn|Knock Off|p1a: Aegislash\n|-supereffective|p1a: Aegislash\n|-crit|p1a: Aegislash\n|-damage|p1a: Aegislash|65\/100\n|-enditem|p1a: Aegislash|Leftovers|[from] move: Knock Off|[of] p2a: Ferrothorn\n|\n|upkeep\n|turn|26\n|\n|t:|1700983969\n|move|p1a: Aegislash|Swords Dance|p1a: Aegislash\n|-boost|p1a: Aegislash|atk|2\n|move|p2a: Ferrothorn|Thunder Wave|p1a: Aegislash\n|-status|p1a: Aegislash|par\n|\n|upkeep\n|turn|27\n|\n|t:|1700983975\n|cant|p1a: Aegislash|par\n|move|p2a: Ferrothorn|Spikes|p1a: Aegislash\n|-sidestart|p1: nalnalli|Spikes\n|\n|upkeep\n|turn|28\n|\n|t:|1700983979\n|move|p1a: Aegislash|Swords Dance|p1a: Aegislash\n|-boost|p1a: Aegislash|atk|2\n|move|p2a: Ferrothorn|Spikes|p1a: Aegislash\n|-sidestart|p1: nalnalli|Spikes\n|\n|upkeep\n|turn|29\n|\n|t:|1700983984\n|cant|p1a: Aegislash|par\n|move|p2a: Ferrothorn|Knock Off|p1a: Aegislash\n|-supereffective|p1a: Aegislash\n|-damage|p1a: Aegislash|47\/100 par\n|\n|upkeep\n|turn|30\n|\n|t:|1700983990\n|-formechange|p1a: Aegislash|Aegislash-Blade||[from] ability: Stance Change\n|move|p1a: Aegislash|Sacred Sword|p2a: Ferrothorn\n|-supereffective|p2a: Ferrothorn\n|-damage|p2a: Ferrothorn|0 fnt\n|-damage|p1a: Aegislash|35\/100 par|[from] ability: Iron Barbs|[of] p2a: Ferrothorn\n|faint|p2a: Ferrothorn\n|\n|upkeep\n|\n|t:|1700983995\n|switch|p2a: Ceruledge|Ceruledge, F|100\/100\n|turn|31\n|\n|t:|1700984001\n|move|p1a: Aegislash|Shadow Sneak|p2a: Ceruledge\n|-supereffective|p2a: Ceruledge\n|-enditem|p2a: Ceruledge|Focus Sash\n|-damage|p2a: Ceruledge|1\/100\n|move|p2a: Ceruledge|Bitter Blade|p1a: Aegislash\n|-supereffective|p1a: Aegislash\n|-damage|p1a: Aegislash|0 fnt\n|-heal|p2a: Ceruledge|20\/100|[from] drain|[of] p1a: Aegislash\n|faint|p1a: Aegislash\n|\n|upkeep\n|\n|t:|1700984010\n|switch|p1a: Gliscor|Gliscor, M, shiny|69\/100 tox\n|turn|32\n|\n|t:|1700984020\n|move|p2a: Ceruledge|Bitter Blade|p1a: Gliscor\n|-damage|p1a: Gliscor|36\/100 tox\n|-heal|p2a: Ceruledge|40\/100|[from] drain|[of] p1a: Gliscor\n|move|p1a: Gliscor|Defog|p2a: Ceruledge\n|-unboost|p2a: Ceruledge|evasion|1\n|-sideend|p1: nalnalli|Spikes|[from] move: Defog|[of] p1a: Gliscor\n|\n|-heal|p1a: Gliscor|49\/100 tox|[from] ability: Poison Heal\n|upkeep\n|turn|33\n|\n|t:|1700984033\n|move|p2a: Ceruledge|Bitter Blade|p1a: Gliscor\n|-damage|p1a: Gliscor|16\/100 tox\n|-heal|p2a: Ceruledge|60\/100|[from] drain|[of] p1a: Gliscor\n|move|p1a: Gliscor|Knock Off|p2a: Ceruledge\n|-supereffective|p2a: Ceruledge\n|-damage|p2a: Ceruledge|18\/100\n|\n|-heal|p1a: Gliscor|29\/100 tox|[from] ability: Poison Heal\n|upkeep\n|turn|34\n|\n|t:|1700984047\n|move|p1a: Gliscor|Protect|p1a: Gliscor\n|-singleturn|p1a: Gliscor|Protect\n|move|p2a: Ceruledge|Bitter Blade|p1a: Gliscor\n|-activate|p1a: Gliscor|move: Protect\n|\n|-heal|p1a: Gliscor|41\/100 tox|[from] ability: Poison Heal\n|upkeep\n|turn|35\n|\n|t:|1700984060\n|move|p2a: Ceruledge|Bitter Blade|p1a: Gliscor\n|-damage|p1a: Gliscor|12\/100 tox\n|-heal|p2a: Ceruledge|35\/100|[from] drain|[of] p1a: Gliscor\n|move|p1a: Gliscor|Earthquake|p2a: Ceruledge\n|-supereffective|p2a: Ceruledge\n|-damage|p2a: Ceruledge|0 fnt\n|faint|p2a: Ceruledge\n|\n|-heal|p1a: Gliscor|25\/100 tox|[from] ability: Poison Heal\n|upkeep\n|\n|t:|1700984069\n|switch|p2a: Heracross|Heracross, F|100\/100\n|turn|36\n|\n|t:|1700984079\n|move|p1a: Gliscor|Protect|p1a: Gliscor\n|-singleturn|p1a: Gliscor|Protect\n|move|p2a: Heracross|Swords Dance|p2a: Heracross\n|-boost|p2a: Heracross|atk|2\n|\n|-heal|p1a: Gliscor|37\/100 tox|[from] ability: Poison Heal\n|upkeep\n|turn|37\n|\n|t:|1700984095\n|detailschange|p2a: Heracross|Heracross-Mega, F\n|-mega|p2a: Heracross|Heracross|Heracronite\n|move|p2a: Heracross|Rock Blast|p1a: Gliscor\n|-damage|p1a: Gliscor|19\/100 tox\n|-damage|p1a: Gliscor|2\/100 tox\n|-damage|p1a: Gliscor|0 fnt\n|faint|p1a: Gliscor\n|-hitcount|p1: Gliscor|3\n|\n|upkeep\n|\n|t:|1700984103\n|switch|p1a: Glimmora|Glimmora, M|100\/100\n|turn|38\n|\n|t:|1700984112\n|move|p1a: Glimmora|Sludge Bomb|p2a: Heracross\n|-damage|p2a: Heracross|53\/100\n|move|p2a: Heracross|Rock Blast|p1a: Glimmora\n|-damage|p1a: Glimmora|68\/100\n|-activate|p1a: Glimmora|ability: Toxic Debris\n|-sidestart|p2: Andrews Finn2|move: Toxic Spikes\n|-damage|p1a: Glimmora|35\/100\n|-activate|p1a: Glimmora|ability: Toxic Debris\n|-sidestart|p2: Andrews Finn2|move: Toxic Spikes\n|-damage|p1a: Glimmora|3\/100\n|-damage|p1a: Glimmora|0 fnt\n|faint|p1a: Glimmora\n|-hitcount|p1: Glimmora|4\n|\n|upkeep\n|\n|t:|1700984138\n|switch|p1a: Amoonguss|Amoonguss, M|44\/100\n|turn|39\n|\n|t:|1700984144\n|move|p2a: Heracross|Pin Missile|p1a: Amoonguss\n|-damage|p1a: Amoonguss|13\/100\n|-damage|p1a: Amoonguss|0 fnt\n|faint|p1a: Amoonguss\n|-hitcount|p1: Amoonguss|2\n|\n|upkeep\n|\n|t:|1700984149\n|switch|p1a: Scizor|Scizor, M, shiny|51\/100\n|turn|40\n|c|\u2606Andrews Finn2|that protect helped me\n|\n|t:|1700984162\n|detailschange|p1a: Scizor|Scizor-Mega, M, shiny\n|-mega|p1a: Scizor|Scizor|Scizorite\n|move|p2a: Heracross|Close Combat|p1a: Scizor\n|-damage|p1a: Scizor|0 fnt\n|-unboost|p2a: Heracross|def|1\n|-unboost|p2a: Heracross|spd|1\n|faint|p1a: Scizor\n|\n|win|Andrews Finn2\n|raw|nalnalli's rating: 1175 &rarr; <strong>1154<\/strong><br \/>(-21 for losing)\n|raw|Andrews Finn2's rating: 1230 &rarr; <strong>1251<\/strong><br \/>(+21 for winning)\n|l|\u2606nalnalli\n","uploadtime":1700984218,"views":1,"p1id":"nalnalli","p2id":"andrewsfinn2","formatid":"gen9nationaldex","rating":1154,"private":0,"password":""}