{"id":"gen9nationaldex-1994192539","p1":"Magiquaza","p2":"djuiusy","format":"[Gen 9] National Dex","log":"|j|\u2606Magiquaza\n|j|\u2606djuiusy\n|t:|1700417343\n|gametype|singles\n|player|p1|Magiquaza|morty-masters|\n|player|p2|djuiusy|266|\n|teamsize|p1|6\n|teamsize|p2|6\n|gen|9\n|tier|[Gen 9] National Dex\n|rule|HP Percentage Mod: HP is shown in percentages\n|rule|Endless Battle Clause: Forcing endless battles is banned\n|rule|OHKO Clause: OHKO moves are banned\n|rule|Evasion Clause: Evasion abilities, items, and moves are banned\n|rule|Evasion Abilities Clause: Evasion abilities are banned\n|rule|Evasion Items Clause: Evasion items are banned\n|rule|Evasion Moves Clause: Evasion moves are banned\n|rule|Species Clause: Limit one of each Pok\u00e9mon\n|rule|Sleep Clause Mod: Limit one foe put to sleep\n|clearpoke\n|poke|p1|Garchomp, M|\n|poke|p1|Sneasler, M|\n|poke|p1|Samurott-Hisui, F|\n|poke|p1|Lopunny, F|\n|poke|p1|Volcarona, M|\n|poke|p1|Gliscor, F|\n|poke|p2|Polteageist|\n|poke|p2|Cloyster, F|\n|poke|p2|Iron Valiant|\n|poke|p2|Moltres-Galar|\n|poke|p2|Sinistcha|\n|poke|p2|Ditto|\n|teampreview\n|inactive|Battle timer is ON: inactive players will automatically lose when time's up. (requested by Magiquaza)\n|c|\u2606djuiusy|i died laughing\n|c|\u2606Magiquaza|time to use my \"no leggies no paradox\" team\n|c|\u2606djuiusy|?\n|c|\u2606djuiusy|no leggies?\n|\n|t:|1700417362\n|start\n|switch|p1a: Lopunny|Lopunny, F|100\/100\n|switch|p2a: Polteageist|Polteageist|100\/100\n|turn|1\n|\n|t:|1700417366\n|detailschange|p1a: Lopunny|Lopunny-Mega, F\n|-mega|p1a: Lopunny|Lopunny|Lopunnite\n|move|p1a: Lopunny|Fake Out|p2a: Polteageist\n|-damage|p2a: Polteageist|59\/100\n|-ability|p2a: Polteageist|Weak Armor|boost\n|-unboost|p2a: Polteageist|def|1\n|-boost|p2a: Polteageist|spe|2\n|cant|p2a: Polteageist|flinch\n|\n|upkeep\n|turn|2\n|c|\u2606Magiquaza|this team has no legendaries\n|c|\u2606djuiusy|fuck you\n|c|\u2606Magiquaza|and you're gonna fucking die\n|\n|t:|1700417381\n|move|p2a: Polteageist|Shell Smash|p2a: Polteageist\n|-unboost|p2a: Polteageist|def|1\n|-unboost|p2a: Polteageist|spd|1\n|-boost|p2a: Polteageist|atk|2\n|-boost|p2a: Polteageist|spa|2\n|-boost|p2a: Polteageist|spe|2\n|move|p1a: Lopunny|Frustration|p2a: Polteageist\n|-damage|p2a: Polteageist|0 fnt\n|faint|p2a: Polteageist\n|\n|upkeep\n|c|\u2606djuiusy|shit mislick\n|\n|t:|1700417387\n|switch|p2a: Cloyster|Cloyster, F|100\/100\n|turn|3\n|\n|t:|1700417391\n|move|p1a: Lopunny|Close Combat|p2a: Cloyster\n|-supereffective|p2a: Cloyster\n|-enditem|p2a: Cloyster|Focus Sash\n|-damage|p2a: Cloyster|1\/100\n|-unboost|p1a: Lopunny|def|1\n|-unboost|p1a: Lopunny|spd|1\n|move|p2a: Cloyster|Shell Smash|p2a: Cloyster\n|-unboost|p2a: Cloyster|def|1\n|-unboost|p2a: Cloyster|spd|1\n|-boost|p2a: Cloyster|atk|2\n|-boost|p2a: Cloyster|spa|2\n|-boost|p2a: Cloyster|spe|2\n|\n|upkeep\n|turn|4\n|c|\u2606Magiquaza|okay dude chill\n|c|\u2606Magiquaza|take it easy\n|c|\u2606Magiquaza|deep breath\n|c|\u2606djuiusy|HEHEHA\n|\n|t:|1700417407\n|switch|p1a: Gliscor|Gliscor, F|100\/100\n|move|p2a: Cloyster|Icicle Spear|p1a: Gliscor\n|-supereffective|p1a: Gliscor\n|-damage|p1a: Gliscor|19\/100\n|-supereffective|p1a: Gliscor\n|-damage|p1a: Gliscor|0 fnt\n|faint|p1a: Gliscor\n|-hitcount|p1: Gliscor|2\n|\n|upkeep\n|\n|t:|1700417409\n|switch|p1a: Lopunny|Lopunny-Mega, F|100\/100\n|turn|5\n|c|\u2606djuiusy|DIE\n|c|\u2606djuiusy|BITCH\n|c|\u2606djuiusy|HA\n|c|\u2606Magiquaza|deeeeeep breath.\n|\n|t:|1700417417\n|move|p1a: Lopunny|Fake Out|p2a: Cloyster\n|-damage|p2a: Cloyster|0 fnt\n|faint|p2a: Cloyster\n|\n|upkeep\n|\n|t:|1700417422\n|switch|p2a: Moltres-Kanto|Moltres-Galar, shiny|100\/100\n|turn|6\n|c|\u2606Magiquaza|:skull:\n|c|\u2606Magiquaza|\"moltres-kanto\"\n|c|\u2606Magiquaza|with the red shiny\n|\n|t:|1700417434\n|move|p1a: Lopunny|Frustration|p2a: Moltres-Kanto\n|-damage|p2a: Moltres-Kanto|42\/100\n|-ability|p2a: Moltres-Kanto|Berserk|boost\n|-boost|p2a: Moltres-Kanto|spa|1\n|move|p2a: Moltres-Kanto|Agility|p2a: Moltres-Kanto\n|-boost|p2a: Moltres-Kanto|spe|2\n|\n|upkeep\n|turn|7\n|c|\u2606djuiusy|lol\n|c|\u2606djuiusy|good enough for me to swep\n|\n|t:|1700417454\n|switch|p1a: Samurott|Samurott-Hisui, F|100\/100\n|move|p2a: Moltres-Kanto|Air Slash|p1a: Samurott\n|-damage|p1a: Samurott|26\/100\n|\n|upkeep\n|turn|8\n|\n|t:|1700417460\n|move|p2a: Moltres-Kanto|Air Slash|p1a: Samurott\n|-damage|p1a: Samurott|0 fnt\n|faint|p1a: Samurott\n|\n|upkeep\n|c|\u2606Magiquaza|uh.. nah.\n|\n|t:|1700417464\n|switch|p1a: Lopunny|Lopunny-Mega, F|100\/100\n|turn|9\n|\n|t:|1700417467\n|move|p1a: Lopunny|Fake Out|p2a: Moltres-Kanto\n|-damage|p2a: Moltres-Kanto|16\/100\n|-enditem|p2a: Moltres-Kanto|Aguav Berry|[eat]\n|-heal|p2a: Moltres-Kanto|50\/100|[from] item: Aguav Berry\n|cant|p2a: Moltres-Kanto|flinch\n|\n|upkeep\n|turn|10\n|c|\u2606Magiquaza|you're not sweeping.\n|c|\u2606djuiusy|hee\n|c|\u2606Magiquaza|GAY ASS\n|c|\u2606djuiusy|hehe\n|c|\u2606djuiusy|i like aguav berries even more now\n|\n|t:|1700417488\n|switch|p1a: Volcarona|Volcarona, M|100\/100\n|move|p2a: Moltres-Kanto|Air Slash|p1a: Volcarona\n|-supereffective|p1a: Volcarona\n|-crit|p1a: Volcarona\n|-damage|p1a: Volcarona|0 fnt\n|faint|p1a: Volcarona\n|\n|upkeep\n|\n|t:|1700417492\n|switch|p1a: Garchomp|Garchomp, M|100\/100\n|turn|11\n|c|\u2606djuiusy|lol\n|c|\u2606djuiusy|\u2606Magiquaza: you're not sweeping.\n|\n|t:|1700417510\n|-terastallize|p1a: Garchomp|Steel\n|move|p2a: Moltres-Kanto|Fiery Wrath|p1a: Garchomp\n|-damage|p1a: Garchomp|28\/100\n|move|p1a: Garchomp|Dragon Claw|p2a: Moltres-Kanto\n|-damage|p2a: Moltres-Kanto|0 fnt\n|faint|p2a: Moltres-Kanto\n|\n|upkeep\n|c|\u2606Magiquaza|if you flinch me then I will nut\n|c|\u2606Magiquaza|oh ok\n|c|\u2606djuiusy|hehe\n|\n|t:|1700417524\n|switch|p2a: Sinistcha|Sinistcha|100\/100\n|turn|12\n|\n|t:|1700417535\n|move|p1a: Garchomp|Iron Head|p2a: Sinistcha\n|-damage|p2a: Sinistcha|64\/100\n|cant|p2a: Sinistcha|flinch\n|\n|-heal|p2a: Sinistcha|70\/100|[from] item: Leftovers\n|upkeep\n|turn|13\n|c|\u2606Magiquaza|hori apu\n|\n|t:|1700417540\n|move|p1a: Garchomp|Iron Head|p2a: Sinistcha\n|-damage|p2a: Sinistcha|30\/100\n|move|p2a: Sinistcha|Strength Sap|p1a: Garchomp\n|-unboost|p1a: Garchomp|atk|1\n|-heal|p2a: Sinistcha|100\/100\n|\n|upkeep\n|turn|14\n|c|\u2606djuiusy|aaaaaaaaaaaaaaaaaaaa\n|c|\u2606djuiusy|yummy\n|\n|t:|1700417550\n|move|p1a: Garchomp|Swords Dance|p1a: Garchomp\n|-boost|p1a: Garchomp|atk|2\n|move|p2a: Sinistcha|Calm Mind|p2a: Sinistcha\n|-boost|p2a: Sinistcha|spa|1\n|-boost|p2a: Sinistcha|spd|1\n|\n|upkeep\n|turn|15\n|\n|t:|1700417556\n|move|p1a: Garchomp|Iron Head|p2a: Sinistcha\n|-damage|p2a: Sinistcha|39\/100\n|move|p2a: Sinistcha|Strength Sap|p1a: Garchomp\n|-unboost|p1a: Garchomp|atk|1\n|-heal|p2a: Sinistcha|100\/100\n|\n|upkeep\n|turn|16\n|c|\u2606djuiusy|mm\n|c|\u2606djuiusy|yummy\n|\n|t:|1700417568\n|move|p1a: Garchomp|Iron Head|p2a: Sinistcha\n|-damage|p2a: Sinistcha|59\/100\n|move|p2a: Sinistcha|Strength Sap|p1a: Garchomp\n|-unboost|p1a: Garchomp|atk|1\n|-heal|p2a: Sinistcha|100\/100\n|\n|upkeep\n|turn|17\n|\n|t:|1700417577\n|move|p1a: Garchomp|Swords Dance|p1a: Garchomp\n|-boost|p1a: Garchomp|atk|2\n|move|p2a: Sinistcha|Calm Mind|p2a: Sinistcha\n|-boost|p2a: Sinistcha|spa|1\n|-boost|p2a: Sinistcha|spd|1\n|\n|upkeep\n|turn|18\n|\n|t:|1700417592\n|move|p1a: Garchomp|Swords Dance|p1a: Garchomp\n|-boost|p1a: Garchomp|atk|2\n|move|p2a: Sinistcha|Strength Sap|p1a: Garchomp\n|-unboost|p1a: Garchomp|atk|1\n|\n|upkeep\n|turn|19\n|c|\u2606djuiusy|if you get a flinch i will fail nnn\n|c|\u2606Magiquaza|gg\n|\n|t:|1700417599\n|move|p1a: Garchomp|Iron Head|p2a: Sinistcha\n|-damage|p2a: Sinistcha|16\/100\n|cant|p2a: Sinistcha|flinch\n|\n|-heal|p2a: Sinistcha|22\/100|[from] item: Leftovers\n|upkeep\n|turn|20\n|c|\u2606Magiquaza|LMFAOOO\n|c|\u2606Magiquaza|bro nutted\n|c|\u2606djuiusy|...\n|c|\u2606djuiusy|19 DAYS OF MY LIFE\n|c|\u2606djuiusy|FOR NITHING\n|c|\u2606djuiusy|AAAAAAAAAAH\n|c|\u2606Magiquaza|ough do it ough\n|c|\u2606djuiusy|AHHHAHAHAHAHAHAHAHAHAHAHA\n|c|\u2606djuiusy|ill do it at school\n|c|\u2606Magiquaza|k\n|inactive|djuiusy has 270 seconds left.\n|\n|t:|1700417629\n|move|p1a: Garchomp|Iron Head|p2a: Sinistcha\n|-damage|p2a: Sinistcha|0 fnt\n|faint|p2a: Sinistcha\n|\n|upkeep\n|\n|t:|1700417631\n|switch|p2a: Ditto|Ditto|100\/100\n|-transform|p2a: Ditto|p1a: Garchomp|[from] ability: Imposter\n|-start|p2a: Ditto|typechange|Dragon\/Ground|[silent]\n|turn|21\n|c|\u2606djuiusy|hehe\n|c|\u2606djuiusy|whos faster\n|c|\u2606djuiusy|me or you\n|\n|t:|1700417643\n|move|p1a: Garchomp|Dragon Claw|p2a: Ditto\n|-supereffective|p2a: Ditto\n|-damage|p2a: Ditto|0 fnt\n|-damage|p1a: Garchomp|16\/100|[from] ability: Rough Skin|[of] p2a: Ditto\n|faint|p2a: Ditto\n|\n|upkeep\n|c|\u2606djuiusy|seems to be you\n|c|\u2606Magiquaza|this is why you use shitscarf\n|\n|t:|1700417651\n|switch|p2a: Iron Valiant|Iron Valiant|100\/100\n|-enditem|p2a: Iron Valiant|Booster Energy\n|-activate|p2a: Iron Valiant|ability: Quark Drive|[fromitem]\n|-start|p2a: Iron Valiant|quarkdrivespe\n|turn|22\n|\n|t:|1700417656\n|move|p2a: Iron Valiant|Swords Dance|p2a: Iron Valiant\n|-boost|p2a: Iron Valiant|atk|2\n|move|p1a: Garchomp|Iron Head|p2a: Iron Valiant\n|-supereffective|p2a: Iron Valiant\n|-damage|p2a: Iron Valiant|0 fnt\n|faint|p2a: Iron Valiant\n|-end|p2a: Iron Valiant|Quark Drive|[silent]\n|\n|win|Magiquaza\n|l|\u2606Magiquaza\n|c|\u2606djuiusy|what\n|c|\u2606djuiusy|oh\n|c|\u2606djuiusy|gg\n|l|\u2606djuiusy\n|j|\u2606djuiusy\n|player|p2|djuiusy|266\n|j|\u2606Magiquaza\n|player|p1|Magiquaza|morty-masters\n","uploadtime":1700417992,"views":4,"p1id":"magiquaza","p2id":"djuiusy","formatid":"gen9nationaldex","rating":0,"private":0,"password":""}