{"id":"gen9nationaldex-1989403057","p1":"LeeZilla","p2":"theJoshpeckcollab","format":"[Gen 9] National Dex","log":"|j|\u2606LeeZilla\n|j|\u2606theJoshpeckcollab\n|t:|1699845760\n|gametype|singles\n|player|p1|LeeZilla|1|1116\n|player|p2|theJoshpeckcollab|102|1000\n|teamsize|p1|6\n|teamsize|p2|6\n|gen|9\n|tier|[Gen 9] National Dex\n|rated|\n|rule|HP Percentage Mod: HP is shown in percentages\n|rule|Endless Battle Clause: Forcing endless battles is banned\n|rule|OHKO Clause: OHKO moves are banned\n|rule|Evasion Clause: Evasion abilities, items, and moves are banned\n|rule|Evasion Abilities Clause: Evasion abilities are banned\n|rule|Evasion Items Clause: Evasion items are banned\n|rule|Evasion Moves Clause: Evasion moves are banned\n|rule|Species Clause: Limit one of each Pok\u00e9mon\n|rule|Sleep Clause Mod: Limit one foe put to sleep\n|clearpoke\n|poke|p1|Espeon, M|\n|poke|p1|Tyranitar, F|\n|poke|p1|Charizard, M|\n|poke|p1|Gyarados, M|\n|poke|p1|Garchomp, F|\n|poke|p1|Clefable, M|\n|poke|p2|Ursaring, M|\n|poke|p2|Dragonite, M|\n|poke|p2|Conkeldurr, M|\n|poke|p2|Politoed, F|\n|poke|p2|Basculegion, M|\n|poke|p2|Hoopa-Unbound|\n|teampreview\n|inactive|Battle timer is ON: inactive players will automatically lose when time's up. (requested by LeeZilla)\n|\n|t:|1699845774\n|start\n|switch|p1a: Espeon|Espeon, M|100\/100\n|switch|p2a: Dragonite|Dragonite, M|100\/100\n|turn|1\n|inactive|theJoshpeckcollab has 120 seconds left.\n|\n|t:|1699845814\n|move|p2a: Dragonite|Extreme Speed|p1a: Espeon\n|-damage|p1a: Espeon|13\/100\n|move|p1a: Espeon|Psychic|p2a: Dragonite\n|-damage|p2a: Dragonite|80\/100\n|\n|upkeep\n|turn|2\n|\n|t:|1699845834\n|-terastallize|p2a: Dragonite|Normal\n|move|p2a: Dragonite|Extreme Speed|p1a: Espeon\n|-damage|p1a: Espeon|0 fnt\n|faint|p1a: Espeon\n|\n|upkeep\n|\n|t:|1699845841\n|switch|p1a: Clefable|Clefable, M|100\/100\n|turn|3\n|\n|t:|1699845847\n|move|p2a: Dragonite|Extreme Speed|p1a: Clefable\n|-damage|p1a: Clefable|26\/100\n|-enditem|p1a: Clefable|Sitrus Berry|[eat]\n|-heal|p1a: Clefable|51\/100|[from] item: Sitrus Berry\n|move|p1a: Clefable|Focus Blast|p2a: Dragonite\n|-supereffective|p2a: Dragonite\n|-damage|p2a: Dragonite|13\/100\n|\n|upkeep\n|turn|4\n|\n|t:|1699845859\n|move|p2a: Dragonite|Extreme Speed|p1a: Clefable\n|-damage|p1a: Clefable|0 fnt\n|faint|p1a: Clefable\n|\n|upkeep\n|\n|t:|1699845865\n|switch|p1a: Garchomp|Garchomp, F|100\/100\n|turn|5\n|\n|t:|1699845870\n|switch|p2a: Politoed|Politoed, F|100\/100\n|-weather|RainDance|[from] ability: Drizzle|[of] p2a: Politoed\n|move|p1a: Garchomp|Brick Break|p2a: Politoed\n|-damage|p2a: Politoed|66\/100\n|\n|-weather|RainDance|[upkeep]\n|upkeep\n|turn|6\n|\n|t:|1699845879\n|-terastallize|p1a: Garchomp|Dragon\n|move|p1a: Garchomp|Outrage|p2a: Politoed\n|-damage|p2a: Politoed|0 fnt\n|faint|p2a: Politoed\n|\n|-weather|RainDance|[upkeep]\n|upkeep\n|\n|t:|1699845888\n|switch|p2a: Basculegion|Basculegion, M|100\/100\n|turn|7\n|\n|t:|1699845902\n|move|p2a: Basculegion|Ice Fang|p1a: Garchomp\n|-supereffective|p1a: Garchomp\n|-damage|p1a: Garchomp|34\/100\n|-damage|p2a: Basculegion|88\/100|[from] ability: Rough Skin|[of] p1a: Garchomp\n|cant|p1a: Garchomp|flinch\n|\n|-weather|RainDance|[upkeep]\n|-start|p1a: Garchomp|confusion|[fatigue]\n|upkeep\n|turn|8\n|\n|t:|1699845914\n|move|p2a: Basculegion|Ice Fang|p1a: Garchomp\n|-supereffective|p1a: Garchomp\n|-damage|p1a: Garchomp|0 fnt\n|-damage|p2a: Basculegion|76\/100|[from] ability: Rough Skin|[of] p1a: Garchomp\n|faint|p1a: Garchomp\n|\n|-weather|RainDance|[upkeep]\n|upkeep\n|\n|t:|1699845918\n|switch|p1a: Tyranitar|Tyranitar, F|100\/100\n|-weather|Sandstorm|[from] ability: Sand Stream|[of] p1a: Tyranitar\n|turn|9\n|\n|t:|1699845930\n|switch|p2a: Conkeldurr|Conkeldurr, M|100\/100\n|switch|p1a: Gyarados|Gyarados, M|100\/100\n|-ability|p1a: Gyarados|Intimidate|boost\n|-unboost|p2a: Conkeldurr|atk|1\n|\n|-weather|Sandstorm|[upkeep]\n|-damage|p1a: Gyarados|94\/100|[from] Sandstorm\n|-damage|p2a: Conkeldurr|94\/100|[from] Sandstorm\n|upkeep\n|turn|10\n|\n|t:|1699845942\n|move|p1a: Gyarados|Bounce||[still]\n|-prepare|p1a: Gyarados|Bounce\n|move|p2a: Conkeldurr|Drain Punch|p1a: Gyarados|[miss]\n|-miss|p2a: Conkeldurr|p1a: Gyarados\n|\n|-weather|Sandstorm|[upkeep]\n|-damage|p1a: Gyarados|88\/100|[from] Sandstorm\n|-damage|p2a: Conkeldurr|88\/100|[from] Sandstorm\n|upkeep\n|turn|11\n|\n|t:|1699845958\n|switch|p2a: Ursaring|Ursaring, M|100\/100\n|move|p1a: Gyarados|Bounce|p2a: Ursaring|[from]lockedmove\n|-damage|p2a: Ursaring|50\/100\n|\n|-weather|Sandstorm|[upkeep]\n|-damage|p1a: Gyarados|82\/100|[from] Sandstorm\n|-damage|p2a: Ursaring|44\/100|[from] Sandstorm\n|-status|p2a: Ursaring|tox|[from] item: Toxic Orb\n|upkeep\n|turn|12\n|\n|t:|1699845971\n|move|p1a: Gyarados|Aqua Tail|p2a: Ursaring\n|-damage|p2a: Ursaring|0 fnt\n|faint|p2a: Ursaring\n|\n|-weather|Sandstorm|[upkeep]\n|-damage|p1a: Gyarados|76\/100|[from] Sandstorm\n|upkeep\n|\n|t:|1699845983\n|switch|p2a: Hoopa|Hoopa-Unbound|100\/100\n|turn|13\n|\n|t:|1699845998\n|move|p1a: Gyarados|Aqua Tail|p2a: Hoopa\n|-damage|p2a: Hoopa|42\/100\n|move|p2a: Hoopa|Energy Ball|p1a: Gyarados\n|-damage|p1a: Gyarados|54\/100\n|-unboost|p1a: Gyarados|spd|1\n|\n|-weather|none\n|-heal|p2a: Hoopa|48\/100|[from] item: Leftovers\n|upkeep\n|turn|14\n|\n|t:|1699846016\n|switch|p2a: Basculegion|Basculegion, M|76\/100\n|move|p1a: Gyarados|Aqua Tail|p2a: Basculegion\n|-resisted|p2a: Basculegion\n|-damage|p2a: Basculegion|45\/100\n|\n|upkeep\n|turn|15\n|\n|t:|1699846025\n|move|p2a: Basculegion|Flail|p1a: Gyarados\n|-damage|p1a: Gyarados|30\/100\n|move|p1a: Gyarados|Bounce||[still]\n|-prepare|p1a: Gyarados|Bounce\n|\n|upkeep\n|turn|16\n|\n|t:|1699846045\n|switch|p2a: Hoopa|Hoopa-Unbound|48\/100\n|move|p1a: Gyarados|Bounce|p2a: Hoopa|[from]lockedmove\n|-damage|p2a: Hoopa|0 fnt\n|faint|p2a: Hoopa\n|\n|upkeep\n|\n|t:|1699846054\n|switch|p2a: Dragonite|Dragonite, M, tera:Normal|13\/100\n|turn|17\n|\n|t:|1699846066\n|move|p2a: Dragonite|Extreme Speed|p1a: Gyarados\n|-damage|p1a: Gyarados|0 fnt\n|faint|p1a: Gyarados\n|\n|upkeep\n|\n|t:|1699846069\n|switch|p1a: Charizard|Charizard, M|100\/100\n|turn|18\n|\n|t:|1699846077\n|move|p2a: Dragonite|Extreme Speed|p1a: Charizard\n|-damage|p1a: Charizard|3\/100\n|-enditem|p1a: Charizard|Sitrus Berry|[eat]\n|-heal|p1a: Charizard|28\/100|[from] item: Sitrus Berry\n|move|p1a: Charizard|Scorching Sands|p2a: Dragonite\n|-damage|p2a: Dragonite|0 fnt\n|faint|p2a: Dragonite\n|\n|upkeep\n|\n|t:|1699846088\n|switch|p2a: Basculegion|Basculegion, M|45\/100\n|turn|19\n|\n|t:|1699846095\n|move|p1a: Charizard|Hurricane|p2a: Basculegion|[miss]\n|-miss|p1a: Charizard|p2a: Basculegion\n|move|p2a: Basculegion|Wave Crash|p1a: Charizard\n|-supereffective|p1a: Charizard\n|-damage|p1a: Charizard|0 fnt\n|faint|p1a: Charizard\n|-damage|p2a: Basculegion|38\/100|[from] Recoil\n|\n|upkeep\n|\n|t:|1699846099\n|switch|p1a: Tyranitar|Tyranitar, F|100\/100\n|-weather|Sandstorm|[from] ability: Sand Stream|[of] p1a: Tyranitar\n|turn|20\n|\n|t:|1699846108\n|move|p2a: Basculegion|Wave Crash|p1a: Tyranitar\n|-supereffective|p1a: Tyranitar\n|-damage|p1a: Tyranitar|0 fnt\n|faint|p1a: Tyranitar\n|-damage|p2a: Basculegion|3\/100|[from] Recoil\n|\n|win|theJoshpeckcollab\n|raw|LeeZilla's rating: 1116 &rarr; <strong>1083<\/strong><br \/>(-33 for losing)\n|raw|theJoshpeckcollab's rating: 1000 &rarr; <strong>1053<\/strong><br \/>(+53 for winning)\n|l|\u2606LeeZilla\n","uploadtime":1699846118,"views":4,"p1id":"leezilla","p2id":"thejoshpeckcollab","formatid":"gen9nationaldex","rating":1053,"private":0,"password":""}