{"id":"gen9nationaldex-1991655851","p1":"Ch4rle5","p2":"runeatest","format":"[Gen 9] National Dex","log":"|j|\u2606Ch4rle5\n|j|\u2606runeatest\n|t:|1700099092\n|gametype|singles\n|player|p1|Ch4rle5|colress|1192\n|player|p2|runeatest|fisherman-gen4|1143\n|teamsize|p1|6\n|teamsize|p2|6\n|gen|9\n|tier|[Gen 9] National Dex\n|rated|\n|rule|HP Percentage Mod: HP is shown in percentages\n|rule|Endless Battle Clause: Forcing endless battles is banned\n|rule|OHKO Clause: OHKO moves are banned\n|rule|Evasion Clause: Evasion abilities, items, and moves are banned\n|rule|Evasion Abilities Clause: Evasion abilities are banned\n|rule|Evasion Items Clause: Evasion items are banned\n|rule|Evasion Moves Clause: Evasion moves are banned\n|rule|Species Clause: Limit one of each Pok\u00e9mon\n|rule|Sleep Clause Mod: Limit one foe put to sleep\n|clearpoke\n|poke|p1|Banette, F|\n|poke|p1|Victini|\n|poke|p1|Silvally-*|\n|poke|p1|Volcarona, F|\n|poke|p1|Dragonite, F|\n|poke|p1|Urshifu-*, F|\n|poke|p2|Glaceon, M|\n|poke|p2|Flygon, M|\n|poke|p2|Emolga, M|\n|poke|p2|Marowak-Alola, M|\n|poke|p2|Sirfetch\u2019d, M|\n|poke|p2|Lapras, M|\n|teampreview\n|inactive|Battle timer is ON: inactive players will automatically lose when time's up. (requested by runeatest)\n|\n|t:|1700099103\n|start\n|switch|p1a: Victini|Victini|100\/100\n|switch|p2a: Marowak|Marowak-Alola, M|100\/100\n|turn|1\n|\n|t:|1700099111\n|move|p1a: Victini|U-turn|p2a: Marowak\n|-resisted|p2a: Marowak\n|-damage|p2a: Marowak|96\/100\n|\n|t:|1700099116\n|switch|p1a: Banette|Banette, F|100\/100|[from] U-turn\n|-item|p2a: Marowak|Thick Club|[from] ability: Frisk|[of] p1a: Banette|[identify]\n|move|p2a: Marowak|Bonemerang|p1a: Banette\n|-crit|p1a: Banette\n|-damage|p1a: Banette|44\/100\n|-damage|p1a: Banette|1\/100\n|-hitcount|p1a: Banette|2\n|\n|upkeep\n|turn|2\n|\n|t:|1700099125\n|switch|p2a: Glaceon|Glaceon, M|100\/100\n|detailschange|p1a: Banette|Banette-Mega, F\n|-mega|p1a: Banette|Banette|Banettite\n|move|p1a: Banette|Destiny Bond|p1a: Banette\n|-singlemove|p1a: Banette|Destiny Bond\n|\n|upkeep\n|turn|3\n|\n|t:|1700099141\n|switch|p2a: Emolga|Emolga, M|100\/100\n|move|p1a: Banette|Poltergeist|p2a: Emolga\n|-activate|p2a: Emolga|move: Poltergeist|Focus Sash\n|-enditem|p2a: Emolga|Focus Sash\n|-damage|p2a: Emolga|1\/100\n|\n|upkeep\n|turn|4\n|\n|t:|1700099152\n|move|p1a: Banette|Destiny Bond|p1a: Banette\n|-singlemove|p1a: Banette|Destiny Bond\n|move|p2a: Emolga|Nuzzle|p1a: Banette\n|-damage|p1a: Banette|0 fnt\n|faint|p1a: Banette\n|-activate|p1a: Banette|move: Destiny Bond\n|faint|p2a: Emolga\n|\n|upkeep\n|\n|t:|1700099161\n|switch|p2a: Marowak|Marowak-Alola, M|96\/100\n|switch|p1a: Victini|Victini|100\/100\n|turn|5\n|\n|t:|1700099178\n|move|p1a: Victini|U-turn|p2a: Marowak\n|-resisted|p2a: Marowak\n|-damage|p2a: Marowak|91\/100\n|\n|t:|1700099182\n|switch|p1a: Urshifu|Urshifu-Rapid-Strike, F|100\/100|[from] U-turn\n|move|p2a: Marowak|Poltergeist|p1a: Urshifu|[miss]\n|-miss|p2a: Marowak|p1a: Urshifu\n|\n|upkeep\n|turn|6\n|\n|t:|1700099189\n|switch|p2a: Lapras|Lapras, M|100\/100\n|move|p1a: Urshifu|Surging Strikes|p2a: Lapras\n|-immune|p2a: Lapras|[from] ability: Water Absorb\n|\n|upkeep\n|turn|7\n|\n|t:|1700099197\n|switch|p1a: Silvally|Silvally|100\/100\n|move|p2a: Lapras|Freeze-Dry|p1a: Silvally\n|-damage|p1a: Silvally|70\/100\n|\n|upkeep\n|turn|8\n|\n|t:|1700099205\n|switch|p2a: Sirfetch\u2019d|Sirfetch\u2019d, M|100\/100\n|move|p1a: Silvally|Swords Dance|p1a: Silvally\n|-boost|p1a: Silvally|atk|2\n|\n|upkeep\n|turn|9\n|\n|t:|1700099212\n|move|p1a: Silvally|Explosion|p2a: Sirfetch\u2019d\n|-enditem|p1a: Silvally|Normal Gem|[from] gem\n|-crit|p2a: Sirfetch\u2019d\n|-damage|p2a: Sirfetch\u2019d|0 fnt\n|faint|p1a: Silvally\n|faint|p2a: Sirfetch\u2019d\n|\n|upkeep\n|\n|t:|1700099219\n|switch|p1a: Victini|Victini|100\/100\n|switch|p2a: Marowak|Marowak-Alola, M|91\/100\n|turn|10\n|\n|t:|1700099223\n|move|p1a: Victini|U-turn|p2a: Marowak\n|-resisted|p2a: Marowak\n|-damage|p2a: Marowak|87\/100\n|\n|t:|1700099227\n|switch|p1a: Urshifu|Urshifu-Rapid-Strike, F|100\/100|[from] U-turn\n|move|p2a: Marowak|Poltergeist|p1a: Urshifu\n|-activate|p1a: Urshifu|move: Poltergeist|Choice Scarf\n|-damage|p1a: Urshifu|16\/100\n|\n|upkeep\n|turn|11\n|\n|t:|1700099235\n|switch|p2a: Lapras|Lapras, M|100\/100\n|move|p1a: Urshifu|Close Combat|p2a: Lapras\n|-supereffective|p2a: Lapras\n|-damage|p2a: Lapras|0 fnt\n|-unboost|p1a: Urshifu|def|1\n|-unboost|p1a: Urshifu|spd|1\n|faint|p2a: Lapras\n|\n|upkeep\n|\n|t:|1700099245\n|switch|p2a: Glaceon|Glaceon, M|100\/100\n|turn|12\n|\n|t:|1700099250\n|-terastallize|p2a: Glaceon|Ghost\n|move|p1a: Urshifu|Close Combat|p2a: Glaceon\n|-immune|p2a: Glaceon\n|move|p2a: Glaceon|Shadow Ball|p1a: Urshifu\n|-damage|p1a: Urshifu|0 fnt\n|faint|p1a: Urshifu\n|\n|upkeep\n|\n|t:|1700099259\n|switch|p1a: Volcarona|Volcarona, F|100\/100\n|turn|13\n|\n|t:|1700099262\n|switch|p2a: Marowak|Marowak-Alola, M|87\/100\n|move|p1a: Volcarona|Quiver Dance|p1a: Volcarona\n|-boost|p1a: Volcarona|spa|1\n|-boost|p1a: Volcarona|spd|1\n|-boost|p1a: Volcarona|spe|1\n|\n|upkeep\n|turn|14\n|\n|t:|1700099273\n|move|p1a: Volcarona|Fiery Dance|p2a: Marowak\n|-resisted|p2a: Marowak\n|-damage|p2a: Marowak|40\/100\n|-boost|p1a: Volcarona|spa|1\n|move|p2a: Marowak|Bonemerang|p1a: Volcarona\n|-damage|p1a: Volcarona|56\/100\n|-damage|p1a: Volcarona|14\/100\n|-hitcount|p1a: Volcarona|2\n|\n|upkeep\n|turn|15\n|\n|t:|1700099287\n|move|p1a: Volcarona|Fiery Dance|p2a: Marowak\n|-resisted|p2a: Marowak\n|-damage|p2a: Marowak|0 fnt\n|faint|p2a: Marowak\n|\n|upkeep\n|\n|t:|1700099291\n|switch|p2a: Glaceon|Glaceon, M, tera:Ghost|100\/100\n|turn|16\n|\n|t:|1700099298\n|move|p1a: Volcarona|Fiery Dance|p2a: Glaceon\n|-damage|p2a: Glaceon|30\/100\n|move|p2a: Glaceon|Shadow Ball|p1a: Volcarona\n|-damage|p1a: Volcarona|0 fnt\n|faint|p1a: Volcarona\n|\n|upkeep\n|\n|t:|1700099305\n|switch|p1a: Victini|Victini|100\/100\n|turn|17\n|\n|t:|1700099311\n|move|p1a: Victini|V-create|p2a: Glaceon\n|-crit|p2a: Glaceon\n|-damage|p2a: Glaceon|0 fnt\n|-unboost|p1a: Victini|spe|1\n|-unboost|p1a: Victini|def|1\n|-unboost|p1a: Victini|spd|1\n|faint|p2a: Glaceon\n|\n|upkeep\n|\n|t:|1700099318\n|switch|p2a: Flygon|Flygon, M|100\/100\n|turn|18\n|\n|t:|1700099322\n|switch|p1a: Dragonite|Dragonite, F|100\/100\n|move|p2a: Flygon|Earthquake|p1a: Dragonite\n|-immune|p1a: Dragonite\n|\n|upkeep\n|turn|19\n|\n|t:|1700099331\n|-terastallize|p1a: Dragonite|Normal\n|move|p2a: Flygon|Dragon Dance|p2a: Flygon\n|-boost|p2a: Flygon|atk|1\n|-boost|p2a: Flygon|spe|1\n|move|p1a: Dragonite|Dragon Dance|p1a: Dragonite\n|-boost|p1a: Dragonite|atk|1\n|-boost|p1a: Dragonite|spe|1\n|\n|upkeep\n|turn|20\n|\n|t:|1700099338\n|move|p2a: Flygon|Earthquake|p1a: Dragonite\n|-damage|p1a: Dragonite|62\/100\n|move|p1a: Dragonite|Dragon Dance|p1a: Dragonite\n|-boost|p1a: Dragonite|atk|1\n|-boost|p1a: Dragonite|spe|1\n|\n|upkeep\n|turn|21\n|\n|t:|1700099344\n|move|p1a: Dragonite|Extreme Speed|p2a: Flygon\n|-enditem|p2a: Flygon|Focus Sash\n|-damage|p2a: Flygon|1\/100\n|move|p2a: Flygon|Earthquake|p1a: Dragonite\n|-damage|p1a: Dragonite|0 fnt\n|faint|p1a: Dragonite\n|\n|upkeep\n|\n|t:|1700099348\n|switch|p1a: Victini|Victini|100\/100\n|turn|22\n|\n|t:|1700099353\n|move|p2a: Flygon|Earthquake|p1a: Victini\n|-supereffective|p1a: Victini\n|-damage|p1a: Victini|0 fnt\n|faint|p1a: Victini\n|\n|win|runeatest\n|raw|Ch4rle5's rating: 1192 &rarr; <strong>1163<\/strong><br \/>(-29 for losing)\n|raw|runeatest's rating: 1143 &rarr; <strong>1172<\/strong><br \/>(+29 for winning)\n|l|\u2606Ch4rle5\n","uploadtime":1700099361,"views":4,"p1id":"ch4rle5","p2id":"runeatest","formatid":"gen9nationaldex","rating":1163,"private":0,"password":""}