{"id":"gen9nationaldex-1991076077","p1":"YSXF","p2":"lonely_small","format":"[Gen 9] National Dex","log":"|j|\u2606YSXF\n|j|\u2606lonely_small\n|t:|1700039025\n|gametype|singles\n|player|p1|YSXF|1|1388\n|player|p2|lonely_small|266|1440\n|teamsize|p1|6\n|teamsize|p2|6\n|gen|9\n|tier|[Gen 9] National Dex\n|rated|\n|rule|HP Percentage Mod: HP is shown in percentages\n|rule|Endless Battle Clause: Forcing endless battles is banned\n|rule|OHKO Clause: OHKO moves are banned\n|rule|Evasion Clause: Evasion abilities, items, and moves are banned\n|rule|Evasion Abilities Clause: Evasion abilities are banned\n|rule|Evasion Items Clause: Evasion items are banned\n|rule|Evasion Moves Clause: Evasion moves are banned\n|rule|Species Clause: Limit one of each Pok\u00e9mon\n|rule|Sleep Clause Mod: Limit one foe put to sleep\n|clearpoke\n|poke|p1|Aggron, F|\n|poke|p1|Diancie|\n|poke|p1|Hawlucha, F|\n|poke|p1|Bisharp, M|\n|poke|p1|Victini|\n|poke|p1|Zamazenta-*|\n|poke|p2|Tyranitar, F|\n|poke|p2|Togedemaru, L1, M|\n|poke|p2|Diancie|\n|poke|p2|Corviknight, F|\n|poke|p2|Dracozolt|\n|poke|p2|Landorus-Therian, M|\n|teampreview\n|inactive|Battle timer is ON: inactive players will automatically lose when time's up. (requested by YSXF)\n|\n|t:|1700039050\n|start\n|switch|p1a: Aggron|Aggron, F|100\/100\n|switch|p2a: Togedemaru|Togedemaru, L1, M|100\/100\n|turn|1\n|c|\u2606lonely_small|\u8001\u5427\u7684\u961f\u662f\u5427\n|\n|t:|1700039072\n|move|p2a: Togedemaru|Spiky Shield|p2a: Togedemaru\n|-singleturn|p2a: Togedemaru|move: Protect\n|move|p1a: Aggron|Stealth Rock|p2a: Togedemaru\n|-sidestart|p2: lonely_small|move: Stealth Rock\n|\n|upkeep\n|turn|2\n|c|\u2606YSXF|\u54c8\u54c8\u54c8\u54c8\u54c8\u54c8\n|\n|t:|1700039077\n|move|p1a: Aggron|Head Smash|p2a: Togedemaru\n|-resisted|p2a: Togedemaru\n|-ability|p2a: Togedemaru|Sturdy\n|-damage|p2a: Togedemaru|8\/100\n|-damage|p1a: Aggron|99\/100|[from] Recoil\n|move|p2a: Togedemaru|Endeavor|p1a: Aggron\n|-damage|p1a: Aggron|1\/100\n|-heal|p2a: Togedemaru|100\/100|[from] item: Shell Bell|[of] p1a: Aggron\n|\n|upkeep\n|turn|3\n|c|\u2606lonely_small|\u62b1\u6b49\u6211\u7684\u66f4\u9634\u95f4\n|-enditem|p1a: Aggron|Custap Berry|[eat]\n|-activate|p1a: Aggron|item: Custap Berry|[consumed]\n|\n|t:|1700039100\n|move|p2a: Togedemaru|Spiky Shield|p2a: Togedemaru\n|-singleturn|p2a: Togedemaru|move: Protect\n|move|p1a: Aggron|Endeavor|p2a: Togedemaru\n|-activate|p2a: Togedemaru|move: Protect\n|-damage|p1a: Aggron|0 fnt|[from] Spiky Shield|[of] p2a: Togedemaru\n|faint|p1a: Aggron\n|\n|upkeep\n|c|\u2606YSXF|\u8d23\n|\n|t:|1700039124\n|switch|p1a: Bisharp|Bisharp, M|100\/100\n|turn|4\n|\n|t:|1700039128\n|move|p1a: Bisharp|Knock Off|p2a: Togedemaru\n|-ability|p2a: Togedemaru|Sturdy\n|-damage|p2a: Togedemaru|8\/100\n|-enditem|p2a: Togedemaru|Shell Bell|[from] move: Knock Off|[of] p1a: Bisharp\n|move|p2a: Togedemaru|Endeavor|p1a: Bisharp\n|-damage|p1a: Bisharp|1\/100\n|\n|upkeep\n|turn|5\n|\n|t:|1700039134\n|move|p2a: Togedemaru|Spiky Shield|p2a: Togedemaru\n|-singleturn|p2a: Togedemaru|move: Protect\n|move|p1a: Bisharp|Knock Off|p2a: Togedemaru\n|-activate|p2a: Togedemaru|move: Protect\n|-damage|p1a: Bisharp|0 fnt|[from] Spiky Shield|[of] p2a: Togedemaru\n|faint|p1a: Bisharp\n|\n|upkeep\n|\n|t:|1700039137\n|switch|p1a: Hawlucha|Hawlucha, F|100\/100\n|turn|6\n|\n|t:|1700039142\n|move|p1a: Hawlucha|Acrobatics|p2a: Togedemaru\n|-resisted|p2a: Togedemaru\n|-damage|p2a: Togedemaru|0 fnt\n|faint|p2a: Togedemaru\n|\n|upkeep\n|\n|t:|1700039153\n|switch|p2a: Landorus|Landorus-Therian, M|100\/100\n|-damage|p2a: Landorus|88\/100|[from] Stealth Rock\n|-ability|p2a: Landorus|Intimidate|boost\n|-unboost|p1a: Hawlucha|atk|1\n|turn|7\n|c|\u2606YSXF|\u8fd9\u94a2\u8001\u9f20\u592a\u62bd\u8c61\u4e86\n|\n|t:|1700039170\n|switch|p1a: Diancie|Diancie|100\/100\n|move|p2a: Landorus|Swords Dance|p2a: Landorus\n|-boost|p2a: Landorus|atk|2\n|\n|upkeep\n|turn|8\n|c|\u2606lonely_small|\u662f\u5427\n|\n|t:|1700039178\n|detailschange|p1a: Diancie|Diancie-Mega\n|-mega|p1a: Diancie|Diancie|Diancite\n|move|p1a: Diancie|Diamond Storm|p2a: Landorus\n|-damage|p2a: Landorus|31\/100\n|-zpower|p2a: Landorus\n|move|p2a: Landorus|Supersonic Skystrike|p1a: Diancie|[zeffect]\n|-resisted|p1a: Diancie\n|-damage|p1a: Diancie|0 fnt\n|faint|p1a: Diancie\n|\n|upkeep\n|\n|t:|1700039187\n|switch|p1a: Victini|Victini|100\/100\n|turn|9\n|\n|t:|1700039190\n|move|p1a: Victini|V-create|p2a: Landorus\n|-damage|p2a: Landorus|0 fnt\n|-unboost|p1a: Victini|spe|1\n|-unboost|p1a: Victini|def|1\n|-unboost|p1a: Victini|spd|1\n|faint|p2a: Landorus\n|\n|upkeep\n|\n|t:|1700039196\n|switch|p2a: Tyranitar|Tyranitar, F|100\/100\n|-damage|p2a: Tyranitar|88\/100|[from] Stealth Rock\n|-weather|Sandstorm|[from] ability: Sand Stream|[of] p2a: Tyranitar\n|turn|10\n|\n|t:|1700039199\n|-activate|p1a: Victini|move: Pursuit\n|move|p2a: Tyranitar|Pursuit|p1a: Victini|[from]Pursuit\n|-supereffective|p1a: Victini\n|-damage|p1a: Victini|0 fnt\n|faint|p1a: Victini\n|-hint|A Pokemon can't switch between when it runs out of HP and when it faints\n|\n|-weather|Sandstorm|[upkeep]\n|upkeep\n|\n|t:|1700039202\n|switch|p1a: Zamazenta|Zamazenta|100\/100\n|-ability|p1a: Zamazenta|Dauntless Shield|boost\n|-boost|p1a: Zamazenta|def|1\n|turn|11\n|\n|t:|1700039210\n|switch|p2a: Corviknight|Corviknight, F|100\/100\n|-damage|p2a: Corviknight|88\/100|[from] Stealth Rock\n|move|p1a: Zamazenta|Iron Defense|p1a: Zamazenta\n|-boost|p1a: Zamazenta|def|2\n|\n|-weather|Sandstorm|[upkeep]\n|-damage|p1a: Zamazenta|94\/100|[from] Sandstorm\n|upkeep\n|turn|12\n|\n|t:|1700039218\n|-terastallize|p1a: Zamazenta|Steel\n|move|p1a: Zamazenta|Body Press|p2a: Corviknight\n|-damage|p2a: Corviknight|32\/100\n|-damage|p1a: Zamazenta|78\/100|[from] item: Rocky Helmet|[of] p2a: Corviknight\n|move|p2a: Corviknight|Brave Bird|p1a: Zamazenta\n|-resisted|p1a: Zamazenta\n|-damage|p1a: Zamazenta|72\/100\n|-damage|p2a: Corviknight|31\/100|[from] Recoil\n|\n|-weather|Sandstorm|[upkeep]\n|upkeep\n|turn|13\n|\n|t:|1700039229\n|move|p1a: Zamazenta|Body Press|p2a: Corviknight\n|-damage|p2a: Corviknight|0 fnt\n|-damage|p1a: Zamazenta|55\/100|[from] item: Rocky Helmet|[of] p2a: Corviknight\n|faint|p2a: Corviknight\n|\n|-weather|Sandstorm|[upkeep]\n|upkeep\n|\n|t:|1700039236\n|switch|p2a: Diancie|Diancie|100\/100\n|-damage|p2a: Diancie|88\/100|[from] Stealth Rock\n|turn|14\n|\n|t:|1700039244\n|detailschange|p2a: Diancie|Diancie-Mega\n|-mega|p2a: Diancie|Diancie|Diancite\n|move|p1a: Zamazenta|Heavy Slam|p2a: Diancie\n|-supereffective|p2a: Diancie\n|-crit|p2a: Diancie\n|-damage|p2a: Diancie|0 fnt\n|faint|p2a: Diancie\n|\n|-weather|Sandstorm|[upkeep]\n|upkeep\n|\n|t:|1700039249\n|switch|p2a: Dracozolt|Dracozolt|100\/100\n|-damage|p2a: Dracozolt|88\/100|[from] Stealth Rock\n|turn|15\n|\n|t:|1700039253\n|-terastallize|p2a: Dracozolt|Electric\n|move|p2a: Dracozolt|Bolt Beak|p1a: Zamazenta\n|-damage|p1a: Zamazenta|8\/100\n|move|p1a: Zamazenta|Body Press|p2a: Dracozolt\n|-damage|p2a: Dracozolt|0 fnt\n|faint|p2a: Dracozolt\n|\n|-weather|Sandstorm|[upkeep]\n|upkeep\n|\n|t:|1700039260\n|switch|p2a: Tyranitar|Tyranitar, F|88\/100\n|-damage|p2a: Tyranitar|76\/100|[from] Stealth Rock\n|turn|16\n|c|\u2606YSXF|\u600e\u4e48\u4f1a\u6709\u85cf\u9a6c\u7136\u7279\u8fd9\u4e48\u5f3a\u7684\u7cbe\u7075\n|\n|t:|1700039269\n|move|p1a: Zamazenta|Body Press|p2a: Tyranitar\n|-supereffective|p2a: Tyranitar\n|-damage|p2a: Tyranitar|0 fnt\n|faint|p2a: Tyranitar\n|\n|win|YSXF\n|raw|YSXF's rating: 1388 &rarr; <strong>1411<\/strong><br \/>(+23 for winning)\n|raw|lonely_small's rating: 1440 &rarr; <strong>1417<\/strong><br \/>(-23 for losing)\n|c|\u2606YSXF|gg\n|c|\u2606lonely_small|\u5c0f\u8017\u5b50\u5356\u65e9\u4e86\n|l|\u2606YSXF\n|c|\u2606lonely_small|\u868c\n","uploadtime":1700039284,"views":10,"p1id":"ysxf","p2id":"lonelysmall","formatid":"gen9nationaldex","rating":1411,"private":0,"password":""}