{"id":"gen9nationaldex-1995178214","p1":"rock thunder bird","p2":"HOTMAN2012","format":"[Gen 9] National Dex","log":"|html|<div class=\"broadcast-blue\"><strong>[Gen 9] National Dex is currently suspecting Sneasler! For information on how to participate check out the <a href=\"https:\/\/www.smogon.com\/forums\/threads\/sv-national-dex-suspect-8-just-dance.3731534\/\">suspect thread<\/a>.<\/strong><\/div>\n|j|\u2606rock thunder bird\n|j|\u2606HOTMAN2012\n|t:|1700531350\n|gametype|singles\n|player|p1|rock thunder bird|riley|1425\n|player|p2|HOTMAN2012|riley|1374\n|teamsize|p1|6\n|teamsize|p2|6\n|gen|9\n|tier|[Gen 9] National Dex\n|rated|\n|rule|HP Percentage Mod: HP is shown in percentages\n|rule|Endless Battle Clause: Forcing endless battles is banned\n|rule|OHKO Clause: OHKO moves are banned\n|rule|Evasion Clause: Evasion abilities, items, and moves are banned\n|rule|Evasion Abilities Clause: Evasion abilities are banned\n|rule|Evasion Items Clause: Evasion items are banned\n|rule|Evasion Moves Clause: Evasion moves are banned\n|rule|Species Clause: Limit one of each Pok\u00e9mon\n|rule|Sleep Clause Mod: Limit one foe put to sleep\n|clearpoke\n|poke|p1|Tornadus-Therian, M|\n|poke|p1|Sneasler, M|\n|poke|p1|Diancie|\n|poke|p1|Gliscor, F|\n|poke|p1|Volcarona, F|\n|poke|p1|Tapu Koko|\n|poke|p2|Hydreigon, M|\n|poke|p2|Tapu Lele|\n|poke|p2|Banette, F|\n|poke|p2|Glimmora, M|\n|poke|p2|Iron Valiant|\n|poke|p2|Hoopa-Unbound|\n|teampreview\n|\n|t:|1700531363\n|start\n|switch|p1a: Tapu Koko|Tapu Koko|100\/100\n|switch|p2a: Hoopa|Hoopa-Unbound|100\/100\n|-fieldstart|move: Electric Terrain|[from] ability: Electric Surge|[of] p1a: Tapu Koko\n|turn|1\n|\n|t:|1700531373\n|move|p1a: Tapu Koko|Nature's Madness|p2a: Hoopa\n|-damage|p2a: Hoopa|51\/100\n|move|p2a: Hoopa|Zen Headbutt|p1a: Tapu Koko\n|-crit|p1a: Tapu Koko\n|-damage|p1a: Tapu Koko|1\/100\n|\n|upkeep\n|turn|2\n|\n|t:|1700531383\n|move|p1a: Tapu Koko|Volt Switch|p2a: Hoopa\n|-damage|p2a: Hoopa|22\/100\n|\n|t:|1700531391\n|switch|p1a: Diancie|Diancie|100\/100|[from] Volt Switch\n|move|p2a: Hoopa|Zen Headbutt|p1a: Diancie\n|-damage|p1a: Diancie|40\/100\n|\n|upkeep\n|turn|3\n|\n|t:|1700531398\n|detailschange|p1a: Diancie|Diancie-Mega\n|-mega|p1a: Diancie|Diancie|Diancite\n|move|p2a: Hoopa|Zen Headbutt|p1a: Diancie\n|-damage|p1a: Diancie|0 fnt\n|faint|p1a: Diancie\n|\n|upkeep\n|\n|t:|1700531412\n|switch|p1a: Sneasler|Sneasler, M|100\/100\n|-enditem|p1a: Sneasler|Electric Seed\n|-boost|p1a: Sneasler|def|1|[from] item: Electric Seed\n|turn|4\n|\n|t:|1700531426\n|move|p1a: Sneasler|Acrobatics|p2a: Hoopa\n|-damage|p2a: Hoopa|0 fnt\n|faint|p2a: Hoopa\n|\n|upkeep\n|\n|t:|1700531429\n|switch|p2a: Banette|Banette, F|100\/100\n|turn|5\n|\n|t:|1700531439\n|detailschange|p2a: Banette|Banette-Mega, F\n|-mega|p2a: Banette|Banette|Banettite\n|move|p2a: Banette|Destiny Bond|p2a: Banette\n|-singlemove|p2a: Banette|Destiny Bond\n|move|p1a: Sneasler|Swords Dance|p1a: Sneasler\n|-boost|p1a: Sneasler|atk|2\n|\n|-fieldend|move: Electric Terrain\n|upkeep\n|turn|6\n|\n|t:|1700531444\n|move|p2a: Banette|Encore|p1a: Sneasler\n|-start|p1a: Sneasler|Encore\n|move|p1a: Sneasler|Swords Dance|p1a: Sneasler\n|-boost|p1a: Sneasler|atk|2\n|\n|upkeep\n|turn|7\n|\n|t:|1700531448\n|move|p1a: Sneasler|Swords Dance|p1a: Sneasler\n|-boost|p1a: Sneasler|atk|2\n|move|p2a: Banette|Poltergeist||[still]\n|-fail|p2a: Banette\n|\n|upkeep\n|turn|8\n|\n|t:|1700531453\n|move|p1a: Sneasler|Swords Dance|p1a: Sneasler\n|-boost|p1a: Sneasler|atk|0\n|move|p2a: Banette|Poltergeist||[still]\n|-fail|p2a: Banette\n|\n|-end|p1a: Sneasler|Encore\n|upkeep\n|turn|9\n|\n|t:|1700531456\n|move|p2a: Banette|Encore|p1a: Sneasler\n|-start|p1a: Sneasler|Encore\n|move|p1a: Sneasler|Swords Dance|p1a: Sneasler\n|-boost|p1a: Sneasler|atk|0\n|\n|upkeep\n|turn|10\n|\n|t:|1700531459\n|move|p2a: Banette|Shadow Sneak|p1a: Sneasler\n|-damage|p1a: Sneasler|68\/100\n|move|p1a: Sneasler|Swords Dance|p1a: Sneasler\n|-boost|p1a: Sneasler|atk|0\n|\n|upkeep\n|turn|11\n|\n|t:|1700531472\n|switch|p1a: Tornadus|Tornadus-Therian, M|100\/100\n|move|p2a: Banette|Shadow Sneak|p1a: Tornadus\n|-damage|p1a: Tornadus|63\/100\n|\n|upkeep\n|turn|12\n|\n|t:|1700531481\n|switch|p2a: \u4ed9\u5e03\u73a9\u5177|Hydreigon, M|100\/100\n|move|p1a: Tornadus|Taunt|p2a: \u4ed9\u5e03\u73a9\u5177\n|-start|p2a: \u4ed9\u5e03\u73a9\u5177|move: Taunt\n|\n|upkeep\n|turn|13\n|\n|t:|1700531486\n|move|p1a: Tornadus|Focus Blast|p2a: \u4ed9\u5e03\u73a9\u5177|[miss]\n|-miss|p1a: Tornadus|p2a: \u4ed9\u5e03\u73a9\u5177\n|move|p2a: \u4ed9\u5e03\u73a9\u5177|Draco Meteor|p1a: Tornadus\n|-damage|p1a: Tornadus|0 fnt\n|-unboost|p2a: \u4ed9\u5e03\u73a9\u5177|spa|2\n|faint|p1a: Tornadus\n|\n|upkeep\n|\n|t:|1700531492\n|switch|p1a: Sneasler|Sneasler, M|68\/100\n|turn|14\n|\n|t:|1700531497\n|switch|p2a: Glimmora|Glimmora, M|100\/100\n|-item|p2a: Glimmora|Air Balloon\n|move|p1a: Sneasler|Close Combat|p2a: Glimmora\n|-damage|p2a: Glimmora|40\/100\n|-unboost|p1a: Sneasler|def|1\n|-unboost|p1a: Sneasler|spd|1\n|-activate|p2a: Glimmora|ability: Toxic Debris\n|-sidestart|p1: rock thunder bird|move: Toxic Spikes\n|-enditem|p2a: Glimmora|Air Balloon\n|\n|upkeep\n|turn|15\n|\n|t:|1700531504\n|move|p1a: Sneasler|Close Combat|p2a: Glimmora\n|-damage|p2a: Glimmora|0 fnt\n|-unboost|p1a: Sneasler|def|1\n|-unboost|p1a: Sneasler|spd|1\n|-activate|p2a: Glimmora|ability: Toxic Debris\n|-sidestart|p1: rock thunder bird|move: Toxic Spikes\n|faint|p2a: Glimmora\n|\n|upkeep\n|\n|t:|1700531507\n|switch|p2a: Iron Valiant|Iron Valiant|100\/100\n|-enditem|p2a: Iron Valiant|Booster Energy\n|-activate|p2a: Iron Valiant|ability: Quark Drive|[fromitem]\n|-start|p2a: Iron Valiant|quarkdrivespe\n|turn|16\n|\n|t:|1700531512\n|switch|p1a: Gliscor|Gliscor, F|100\/100\n|move|p2a: Iron Valiant|Psyshock|p1a: Gliscor\n|-damage|p1a: Gliscor|78\/100\n|\n|-status|p1a: Gliscor|tox|[from] item: Toxic Orb\n|upkeep\n|turn|17\n|\n|t:|1700531520\n|-end|p2a: Iron Valiant|Quark Drive|[silent]\n|switch|p2a: \u4ed9\u5e03\u73a9\u5177|Hydreigon, M|100\/100\n|move|p1a: Gliscor|Earthquake|p2a: \u4ed9\u5e03\u73a9\u5177\n|-immune|p2a: \u4ed9\u5e03\u73a9\u5177|[from] ability: Levitate\n|\n|-heal|p1a: Gliscor|90\/100 tox|[from] ability: Poison Heal\n|upkeep\n|turn|18\n|\n|t:|1700531531\n|move|p2a: \u4ed9\u5e03\u73a9\u5177|Dark Pulse|p1a: Gliscor\n|-damage|p1a: Gliscor|40\/100 tox\n|move|p1a: Gliscor|Toxic|p2a: \u4ed9\u5e03\u73a9\u5177\n|-status|p2a: \u4ed9\u5e03\u73a9\u5177|tox\n|\n|-damage|p2a: \u4ed9\u5e03\u73a9\u5177|94\/100 tox|[from] psn\n|-heal|p1a: Gliscor|52\/100 tox|[from] ability: Poison Heal\n|upkeep\n|turn|19\n|\n|t:|1700531537\n|switch|p1a: Sneasler|Sneasler, M|68\/100\n|-sideend|p1: rock thunder bird|move: Toxic Spikes|[of] p1a: Sneasler\n|move|p2a: \u4ed9\u5e03\u73a9\u5177|Dark Pulse|p1a: Sneasler\n|-resisted|p1a: Sneasler\n|-damage|p1a: Sneasler|25\/100\n|\n|-damage|p2a: \u4ed9\u5e03\u73a9\u5177|82\/100 tox|[from] psn\n|upkeep\n|turn|20\n|\n|t:|1700531556\n|move|p1a: Sneasler|Close Combat|p2a: \u4ed9\u5e03\u73a9\u5177\n|-supereffective|p2a: \u4ed9\u5e03\u73a9\u5177\n|-damage|p2a: \u4ed9\u5e03\u73a9\u5177|0 fnt\n|-unboost|p1a: Sneasler|def|1\n|-unboost|p1a: Sneasler|spd|1\n|faint|p2a: \u4ed9\u5e03\u73a9\u5177\n|\n|upkeep\n|\n|t:|1700531562\n|switch|p2a: Tapu Lele|Tapu Lele|100\/100\n|-fieldstart|move: Psychic Terrain|[from] ability: Psychic Surge|[of] p2a: Tapu Lele\n|turn|21\n|\n|t:|1700531569\n|-terastallize|p2a: Tapu Lele|Psychic\n|move|p2a: Tapu Lele|Psychic|p1a: Sneasler\n|-supereffective|p1a: Sneasler\n|-damage|p1a: Sneasler|0 fnt\n|faint|p1a: Sneasler\n|\n|upkeep\n|\n|t:|1700531580\n|switch|p1a: Volcarona|Volcarona, F|100\/100\n|turn|22\n|\n|t:|1700531583\n|move|p2a: Tapu Lele|Psychic|p1a: Volcarona\n|-damage|p1a: Volcarona|9\/100\n|move|p1a: Volcarona|Quiver Dance|p1a: Volcarona\n|-boost|p1a: Volcarona|spa|1\n|-boost|p1a: Volcarona|spd|1\n|-boost|p1a: Volcarona|spe|1\n|\n|upkeep\n|turn|23\n|\n|t:|1700531591\n|move|p1a: Volcarona|Bug Buzz|p2a: Tapu Lele\n|-supereffective|p2a: Tapu Lele\n|-damage|p2a: Tapu Lele|0 fnt\n|faint|p2a: Tapu Lele\n|\n|upkeep\n|\n|t:|1700531600\n|switch|p2a: Iron Valiant|Iron Valiant|100\/100\n|turn|24\n|\n|t:|1700531607\n|move|p1a: Volcarona|Flamethrower|p2a: Iron Valiant\n|-damage|p2a: Iron Valiant|0 fnt\n|faint|p2a: Iron Valiant\n|-end|p2a: Iron Valiant|Quark Drive|[silent]\n|\n|upkeep\n|\n|t:|1700531610\n|switch|p2a: Banette|Banette-Mega, F|100\/100\n|turn|25\n|\n|t:|1700531613\n|move|p2a: Banette|Shadow Sneak|p1a: Volcarona\n|-activate|p1a: Volcarona|move: Psychic Terrain\n|move|p1a: Volcarona|Flamethrower|p2a: Banette\n|-damage|p2a: Banette|17\/100\n|-status|p2a: Banette|brn\n|\n|-damage|p2a: Banette|11\/100 brn|[from] brn\n|-fieldend|move: Psychic Terrain\n|upkeep\n|turn|26\n|\n|t:|1700531617\n|move|p2a: Banette|Shadow Sneak|p1a: Volcarona\n|-damage|p1a: Volcarona|0 fnt\n|faint|p1a: Volcarona\n|\n|-damage|p2a: Banette|5\/100 brn|[from] brn\n|upkeep\n|\n|t:|1700531619\n|switch|p1a: Tapu Koko|Tapu Koko|1\/100\n|-fieldstart|move: Electric Terrain|[from] ability: Electric Surge|[of] p1a: Tapu Koko\n|turn|27\n|-message|HOTMAN2012 forfeited.\n|\n|win|rock thunder bird\n|raw|rock thunder bird's rating: 1425 &rarr; <strong>1442<\/strong><br \/>(+17 for winning)\n|raw|HOTMAN2012's rating: 1374 &rarr; <strong>1357<\/strong><br \/>(-17 for losing)\n|l|\u2606HOTMAN2012\n","uploadtime":1700531633,"views":1,"p1id":"rockthunderbird","p2id":"hotman2012","formatid":"gen9nationaldex","rating":1357,"private":0,"password":""}