{"id":"gen9nationaldex-1997286135","p1":"Arlo Ghost","p2":"Elite Sabrina","format":"[Gen 9] National Dex","log":"|html|<div class=\"broadcast-blue\"><strong>[Gen 9] National Dex is currently suspecting Sneasler! For information on how to participate check out the <a href=\"https:\/\/www.smogon.com\/forums\/threads\/sv-national-dex-suspect-8-just-dance.3731534\/\">suspect thread<\/a>.<\/strong><\/div>\n|j|\u2606Arlo Ghost\n|j|\u2606Elite Sabrina\n|t:|1700784759\n|gametype|singles\n|player|p1|Arlo Ghost|mars|1650\n|player|p2|Elite Sabrina|sabrina-gen3|1903\n|teamsize|p1|6\n|teamsize|p2|6\n|gen|9\n|tier|[Gen 9] National Dex\n|rated|\n|rule|HP Percentage Mod: HP is shown in percentages\n|rule|Endless Battle Clause: Forcing endless battles is banned\n|rule|OHKO Clause: OHKO moves are banned\n|rule|Evasion Clause: Evasion abilities, items, and moves are banned\n|rule|Evasion Abilities Clause: Evasion abilities are banned\n|rule|Evasion Items Clause: Evasion items are banned\n|rule|Evasion Moves Clause: Evasion moves are banned\n|rule|Species Clause: Limit one of each Pok\u00e9mon\n|rule|Sleep Clause Mod: Limit one foe put to sleep\n|clearpoke\n|poke|p1|Tapu Fini|\n|poke|p1|Heatran, M|\n|poke|p1|Corviknight, F|\n|poke|p1|Greninja-*, M|\n|poke|p1|Mawile, F|\n|poke|p1|Kommo-o, M|\n|poke|p2|Gardevoir, F|\n|poke|p2|Ceruledge, F|\n|poke|p2|Breloom, F|\n|poke|p2|Latias, F|\n|poke|p2|Corviknight, F|\n|poke|p2|Clodsire, F|\n|teampreview\n|c|\u2606Elite Sabrina|gl hf\n|inactive|Battle timer is ON: inactive players will automatically lose when time's up. (requested by Elite Sabrina)\n|\n|t:|1700784782\n|start\n|switch|p1a: Mamu Finish-her|Tapu Fini, shiny|100\/100\n|switch|p2a: Gardevoir|Gardevoir, F, shiny|100\/100\n|-fieldstart|move: Misty Terrain|[from] ability: Misty Surge|[of] p2a: Gardevoir\n|-ability|p2a: Gardevoir|Misty Surge|[from] ability: Trace|[of] p1a: Mamu Finish-her\n|turn|1\n|\n|t:|1700784791\n|move|p2a: Gardevoir|Moonblast|p1a: Mamu Finish-her\n|-damage|p1a: Mamu Finish-her|64\/100\n|move|p1a: Mamu Finish-her|Moonblast|p2a: Gardevoir\n|-damage|p2a: Gardevoir|68\/100\n|-unboost|p2a: Gardevoir|spa|1\n|\n|-heal|p1a: Mamu Finish-her|70\/100|[from] item: Leftovers\n|upkeep\n|turn|2\n|\n|t:|1700784797\n|switch|p2a: Corviknight|Corviknight, F, shiny|100\/100\n|-ability|p2a: Corviknight|Pressure\n|move|p1a: Mamu Finish-her|Moonblast|p2a: Corviknight\n|-resisted|p2a: Corviknight\n|-damage|p2a: Corviknight|86\/100\n|\n|-heal|p1a: Mamu Finish-her|77\/100|[from] item: Leftovers\n|upkeep\n|turn|3\n|\n|t:|1700784800\n|move|p1a: Mamu Finish-her|Scald|p2a: Corviknight\n|-damage|p2a: Corviknight|61\/100\n|-status|p2a: Corviknight|brn\n|move|p2a: Corviknight|U-turn|p1a: Mamu Finish-her\n|-resisted|p1a: Mamu Finish-her\n|-damage|p1a: Mamu Finish-her|74\/100\n|\n|t:|1700784806\n|switch|p2a: Breloom|Breloom, F|100\/100|[from] U-turn\n|\n|-heal|p1a: Mamu Finish-her|80\/100|[from] item: Leftovers\n|upkeep\n|turn|4\n|\n|t:|1700784809\n|switch|p1a: Erica Jueves|Mawile, F|100\/100\n|-ability|p1a: Erica Jueves|Intimidate|boost\n|-unboost|p2a: Breloom|atk|1\n|move|p2a: Breloom|Bullet Seed|p1a: Erica Jueves\n|-resisted|p1a: Erica Jueves\n|-damage|p1a: Erica Jueves|93\/100\n|-resisted|p1a: Erica Jueves\n|-damage|p1a: Erica Jueves|86\/100\n|-resisted|p1a: Erica Jueves\n|-damage|p1a: Erica Jueves|78\/100\n|-resisted|p1a: Erica Jueves\n|-damage|p1a: Erica Jueves|70\/100\n|-resisted|p1a: Erica Jueves\n|-damage|p1a: Erica Jueves|62\/100\n|-hitcount|p1a: Erica Jueves|5\n|\n|upkeep\n|turn|5\n|\n|t:|1700784813\n|switch|p2a: Corviknight|Corviknight, F, shiny|61\/100 brn\n|-ability|p2a: Corviknight|Pressure\n|detailschange|p1a: Erica Jueves|Mawile-Mega, F\n|-mega|p1a: Erica Jueves|Mawile|Mawilite\n|move|p1a: Erica Jueves|Play Rough|p2a: Corviknight\n|-resisted|p2a: Corviknight\n|-damage|p2a: Corviknight|38\/100 brn\n|-damage|p1a: Erica Jueves|45\/100|[from] item: Rocky Helmet|[of] p2a: Corviknight\n|\n|-damage|p2a: Corviknight|32\/100 brn|[from] brn\n|-fieldend|Misty Terrain\n|upkeep\n|turn|6\n|\n|t:|1700784817\n|move|p2a: Corviknight|Roost|p2a: Corviknight\n|-heal|p2a: Corviknight|82\/100 brn\n|-singleturn|p2a: Corviknight|move: Roost\n|move|p1a: Erica Jueves|Thunder Punch|p2a: Corviknight\n|-damage|p2a: Corviknight|54\/100 brn\n|-damage|p1a: Erica Jueves|29\/100|[from] item: Rocky Helmet|[of] p2a: Corviknight\n|\n|-damage|p2a: Corviknight|48\/100 brn|[from] brn\n|upkeep\n|turn|7\n|\n|t:|1700784822\n|move|p2a: Corviknight|Roost|p2a: Corviknight\n|-heal|p2a: Corviknight|98\/100 brn\n|-singleturn|p2a: Corviknight|move: Roost\n|move|p1a: Erica Jueves|Swords Dance|p1a: Erica Jueves\n|-boost|p1a: Erica Jueves|atk|2\n|\n|-damage|p2a: Corviknight|92\/100 brn|[from] brn\n|upkeep\n|turn|8\n|\n|t:|1700784825\n|move|p2a: Corviknight|Iron Defense|p2a: Corviknight\n|-boost|p2a: Corviknight|def|2\n|move|p1a: Erica Jueves|Thunder Punch|p2a: Corviknight\n|-supereffective|p2a: Corviknight\n|-damage|p2a: Corviknight|35\/100 brn\n|-damage|p1a: Erica Jueves|12\/100|[from] item: Rocky Helmet|[of] p2a: Corviknight\n|\n|-damage|p2a: Corviknight|29\/100 brn|[from] brn\n|upkeep\n|turn|9\n|\n|t:|1700784831\n|move|p2a: Corviknight|Roost|p2a: Corviknight\n|-heal|p2a: Corviknight|79\/100 brn\n|-singleturn|p2a: Corviknight|move: Roost\n|move|p1a: Erica Jueves|Thunder Punch|p2a: Corviknight\n|-damage|p2a: Corviknight|52\/100 brn\n|-damage|p1a: Erica Jueves|0 fnt|[from] item: Rocky Helmet|[of] p2a: Corviknight\n|faint|p1a: Erica Jueves\n|\n|-damage|p2a: Corviknight|46\/100 brn|[from] brn\n|upkeep\n|\n|t:|1700784833\n|switch|p1a: El Cumbia Ikuze|Greninja, M|100\/100\n|turn|10\n|\n|t:|1700784847\n|switch|p2a: Latias|Latias, F, shiny|100\/100\n|move|p1a: El Cumbia Ikuze|Dark Pulse|p2a: Latias\n|-supereffective|p2a: Latias\n|-damage|p2a: Latias|18\/100\n|\n|upkeep\n|turn|11\n|\n|t:|1700784857\n|switch|p2a: Gardevoir|Gardevoir, F, shiny|68\/100\n|move|p1a: El Cumbia Ikuze|Dark Pulse|p2a: Gardevoir\n|-damage|p2a: Gardevoir|7\/100\n|\n|upkeep\n|turn|12\n|\n|t:|1700784860\n|move|p2a: Gardevoir|Moonblast|p1a: El Cumbia Ikuze\n|-supereffective|p1a: El Cumbia Ikuze\n|-damage|p1a: El Cumbia Ikuze|0 fnt\n|faint|p1a: El Cumbia Ikuze\n|\n|upkeep\n|\n|t:|1700784863\n|switch|p1a: Magmado|Heatran, M|100\/100\n|-ability|p2a: Gardevoir|Flash Fire|[from] ability: Trace|[of] p1a: Magmado\n|turn|13\n|\n|t:|1700784872\n|switch|p2a: Clodsire|Clodsire, F|100\/100\n|move|p1a: Magmado|Magma Storm|p2a: Clodsire|[miss]\n|-miss|p1a: Magmado|p2a: Clodsire\n|\n|upkeep\n|turn|14\n|\n|t:|1700784876\n|-terastallize|p1a: Magmado|Grass\n|move|p1a: Magmado|Taunt|p2a: Clodsire\n|-start|p2a: Clodsire|move: Taunt\n|move|p2a: Clodsire|Earthquake|p1a: Magmado\n|-resisted|p1a: Magmado\n|-damage|p1a: Magmado|90\/100\n|\n|-heal|p1a: Magmado|96\/100|[from] item: Leftovers\n|upkeep\n|turn|15\n|\n|t:|1700784889\n|switch|p2a: Ceruledge|Ceruledge, F, shiny|100\/100\n|move|p1a: Magmado|Magma Storm|p2a: Ceruledge\n|-start|p2a: Ceruledge|ability: Flash Fire\n|\n|-heal|p1a: Magmado|100\/100|[from] item: Leftovers\n|upkeep\n|turn|16\n|\n|t:|1700784891\n|move|p2a: Ceruledge|Bulk Up|p2a: Ceruledge\n|-boost|p2a: Ceruledge|atk|1\n|-boost|p2a: Ceruledge|def|1\n|move|p1a: Magmado|Toxic|p2a: Ceruledge\n|-status|p2a: Ceruledge|tox\n|\n|-damage|p2a: Ceruledge|94\/100 tox|[from] psn\n|upkeep\n|turn|17\n|\n|t:|1700784896\n|move|p2a: Ceruledge|Poltergeist|p1a: Magmado\n|-activate|p1a: Magmado|move: Poltergeist|Leftovers\n|-damage|p1a: Magmado|45\/100\n|move|p1a: Magmado|Taunt|p2a: Ceruledge\n|-start|p2a: Ceruledge|move: Taunt\n|\n|-heal|p1a: Magmado|51\/100|[from] item: Leftovers\n|-damage|p2a: Ceruledge|82\/100 tox|[from] psn\n|upkeep\n|turn|18\n|\n|t:|1700784901\n|switch|p1a: Mamu Finish-her|Tapu Fini, shiny|80\/100\n|-fieldstart|move: Misty Terrain|[from] ability: Misty Surge|[of] p1a: Mamu Finish-her\n|move|p2a: Ceruledge|Poltergeist|p1a: Mamu Finish-her\n|-activate|p1a: Mamu Finish-her|move: Poltergeist|Leftovers\n|-damage|p1a: Mamu Finish-her|27\/100\n|\n|-heal|p1a: Mamu Finish-her|33\/100|[from] item: Leftovers\n|-damage|p2a: Ceruledge|63\/100 tox|[from] psn\n|upkeep\n|turn|19\n|\n|t:|1700784917\n|move|p2a: Ceruledge|Poltergeist|p1a: Mamu Finish-her\n|-activate|p1a: Mamu Finish-her|move: Poltergeist|Leftovers\n|-damage|p1a: Mamu Finish-her|0 fnt\n|faint|p1a: Mamu Finish-her\n|\n|-damage|p2a: Ceruledge|38\/100 tox|[from] psn\n|upkeep\n|\n|t:|1700784921\n|switch|p1a: Kokum-o|Kommo-o, M|100\/100\n|turn|20\n|\n|t:|1700784932\n|-end|p2a: Ceruledge|ability: Flash Fire|[silent]\n|switch|p2a: Clodsire|Clodsire, F|100\/100\n|move|p1a: Kokum-o|Earthquake|p2a: Clodsire\n|-supereffective|p2a: Clodsire\n|-damage|p2a: Clodsire|41\/100\n|\n|-heal|p2a: Clodsire|47\/100|[from] item: Leftovers\n|upkeep\n|turn|21\n|\n|t:|1700784957\n|move|p1a: Kokum-o|Clangorous Soul|p1a: Kokum-o\n|-boost|p1a: Kokum-o|atk|1\n|-boost|p1a: Kokum-o|def|1\n|-boost|p1a: Kokum-o|spa|1\n|-boost|p1a: Kokum-o|spd|1\n|-boost|p1a: Kokum-o|spe|1\n|-damage|p1a: Kokum-o|68\/100\n|move|p2a: Clodsire|Earthquake|p1a: Kokum-o\n|-damage|p1a: Kokum-o|41\/100\n|\n|-heal|p2a: Clodsire|53\/100|[from] item: Leftovers\n|upkeep\n|turn|22\n|\n|t:|1700784964\n|-terastallize|p2a: Clodsire|Dark\n|move|p1a: Kokum-o|Earthquake|p2a: Clodsire\n|-damage|p2a: Clodsire|24\/100\n|move|p2a: Clodsire|Toxic|p1a: Kokum-o\n|-activate|p1a: Kokum-o|move: Misty Terrain\n|\n|-heal|p2a: Clodsire|30\/100|[from] item: Leftovers\n|-fieldend|Misty Terrain\n|upkeep\n|turn|23\n|\n|t:|1700784978\n|switch|p2a: Corviknight|Corviknight, F, shiny|46\/100 brn\n|-ability|p2a: Corviknight|Pressure\n|move|p1a: Kokum-o|Drain Punch|p2a: Corviknight\n|-damage|p2a: Corviknight|18\/100 brn\n|-heal|p1a: Kokum-o|60\/100|[from] drain|[of] p2a: Corviknight\n|-damage|p1a: Kokum-o|44\/100|[from] item: Rocky Helmet|[of] p2a: Corviknight\n|\n|-damage|p2a: Corviknight|12\/100 brn|[from] brn\n|upkeep\n|turn|24\n|\n|t:|1700784983\n|-zpower|p1a: Kokum-o\n|move|p1a: Kokum-o|Clangorous Soulblaze|p2a: Corviknight|[zeffect]\n|-resisted|p2a: Corviknight\n|-damage|p2a: Corviknight|0 fnt\n|faint|p2a: Corviknight\n|-boost|p1a: Kokum-o|atk|1\n|-boost|p1a: Kokum-o|def|1\n|-boost|p1a: Kokum-o|spa|1\n|-boost|p1a: Kokum-o|spd|1\n|-boost|p1a: Kokum-o|spe|1\n|\n|upkeep\n|\n|t:|1700784991\n|switch|p2a: Breloom|Breloom, F|100\/100\n|turn|25\n|\n|t:|1700784993\n|move|p2a: Breloom|Mach Punch|p1a: Kokum-o\n|-damage|p1a: Kokum-o|29\/100\n|move|p1a: Kokum-o|Drain Punch|p2a: Breloom\n|-damage|p2a: Breloom|6\/100\n|-heal|p1a: Kokum-o|70\/100|[from] drain|[of] p2a: Breloom\n|\n|upkeep\n|turn|26\n|\n|t:|1700785003\n|move|p1a: Kokum-o|Drain Punch|p2a: Breloom\n|-damage|p2a: Breloom|0 fnt\n|-heal|p1a: Kokum-o|73\/100|[from] drain|[of] p2a: Breloom\n|faint|p2a: Breloom\n|\n|upkeep\n|\n|t:|1700785009\n|switch|p2a: Latias|Latias, F, shiny|18\/100\n|turn|27\n|\n|t:|1700785011\n|detailschange|p2a: Latias|Latias-Mega, F, shiny\n|-mega|p2a: Latias|Latias|Latiasite\n|move|p1a: Kokum-o|Clanging Scales|p2a: Latias\n|-supereffective|p2a: Latias\n|-damage|p2a: Latias|0 fnt\n|faint|p2a: Latias\n|-unboost|p1a: Kokum-o|def|1\n|\n|upkeep\n|\n|t:|1700785017\n|switch|p2a: Ceruledge|Ceruledge, F, shiny|38\/100 tox\n|turn|28\n|\n|t:|1700785022\n|move|p1a: Kokum-o|Earthquake|p2a: Ceruledge\n|-supereffective|p2a: Ceruledge\n|-damage|p2a: Ceruledge|0 fnt\n|faint|p2a: Ceruledge\n|\n|upkeep\n|\n|t:|1700785024\n|switch|p2a: Clodsire|Clodsire, F, tera:Dark|30\/100\n|turn|29\n|\n|t:|1700785028\n|move|p1a: Kokum-o|Drain Punch|p2a: Clodsire\n|-supereffective|p2a: Clodsire\n|-damage|p2a: Clodsire|0 fnt\n|-heal|p1a: Kokum-o|96\/100|[from] drain|[of] p2a: Clodsire\n|faint|p2a: Clodsire\n|\n|upkeep\n|\n|t:|1700785030\n|switch|p2a: Gardevoir|Gardevoir, F, shiny|7\/100\n|-ability|p2a: Gardevoir|Bulletproof|[from] ability: Trace|[of] p1a: Kokum-o\n|turn|30\n|\n|t:|1700785033\n|move|p1a: Kokum-o|Earthquake|p2a: Gardevoir\n|-damage|p2a: Gardevoir|0 fnt\n|faint|p2a: Gardevoir\n|\n|win|Arlo Ghost\n|raw|Arlo Ghost's rating: 1650 &rarr; <strong>1682<\/strong><br \/>(+32 for winning)\n|raw|Elite Sabrina's rating: 1903 &rarr; <strong>1871<\/strong><br \/>(-32 for losing)\n|c|\u2606Elite Sabrina|gg\n|c|\u2606Arlo Ghost|gg\n|l|\u2606Elite Sabrina\n","uploadtime":1700785095,"views":8,"p1id":"arloghost","p2id":"elitesabrina","formatid":"gen9nationaldex","rating":1682,"private":0,"password":""}