{"id":"gen9nationaldex-1997456948","p1":"Shamoneamola\u2655","p2":"Miku Nakano ily","format":"[Gen 9] National Dex","log":"|j|\u2606Shamoneamola\u2655\n|j|\u2606Miku Nakano ily\n|inactive|Battle timer is ON: inactive players will automatically lose when time's up.\n|t:|1700808589\n|gametype|singles\n|player|p1|Shamoneamola\u2655|lusamine-nihilego|\n|player|p2|Miku Nakano ily|red|\n|teamsize|p1|6\n|teamsize|p2|6\n|gen|9\n|tier|[Gen 9] National Dex\n|rated|Tournament battle\n|rule|HP Percentage Mod: HP is shown in percentages\n|rule|Endless Battle Clause: Forcing endless battles is banned\n|rule|OHKO Clause: OHKO moves are banned\n|rule|Evasion Clause: Evasion abilities, items, and moves are banned\n|rule|Evasion Abilities Clause: Evasion abilities are banned\n|rule|Evasion Items Clause: Evasion items are banned\n|rule|Evasion Moves Clause: Evasion moves are banned\n|rule|Species Clause: Limit one of each Pok\u00e9mon\n|rule|Sleep Clause Mod: Limit one foe put to sleep\n|clearpoke\n|poke|p1|Grimmsnarl, M|\n|poke|p1|Ursaluna, F|\n|poke|p1|Sneasler, M|\n|poke|p1|Tapu Lele|\n|poke|p1|Tornadus-Therian, M|\n|poke|p1|Gyarados, M|\n|poke|p2|Charizard, F|\n|poke|p2|Alomomola, M|\n|poke|p2|Slowking-Galar, F|\n|poke|p2|Iron Valiant|\n|poke|p2|Landorus-Therian, M|\n|poke|p2|Cinderace, M|\n|teampreview\n|inactive|Miku Nakano ily also wants the timer to be on.\n|c|\u2606Miku Nakano ily|hf\n|j|@hidin\n|j| chuntaro-kun\n|j| amstan\n|j| Toxic Ariados\n|c|\u2606Shamoneamola\u2655|u2\n|j| CloudyMelody\n|c| Toxic Ariados|ok\n|j| programofuse\n|c| Toxic Ariados|NOW you guys fight lol\n|c| chuntaro-kun|un real again\n|c| CloudyMelody|Miku, i pray for your mental health\n|j|%ChrisPBacon\n|j| El Kuerbador\n|\n|t:|1700808613\n|start\n|switch|p1a: ayvery irl|Grimmsnarl, M, shiny|100\/100\n|switch|p2a: Cinderace|Cinderace, M|100\/100\n|turn|1\n|c| Toxic Ariados|technically you could repeat that one game again\n|c| CloudyMelody|2 hours just to do it again\n|c|\u2606Shamoneamola\u2655|only cuz i need to go get on the beers in an hour\n|\n|t:|1700808621\n|move|p1a: ayvery irl|Thunder Wave|p2a: Cinderace\n|-status|p2a: Cinderace|par\n|move|p2a: Cinderace|U-turn|p1a: ayvery irl\n|-start|p2a: Cinderace|typechange|Bug|[from] ability: Libero\n|-damage|p1a: ayvery irl|71\/100\n|c| Toxic Ariados|and actually create a perpetual tourney\n|\n|t:|1700808627\n|switch|p2a: Landorus|Landorus-Therian, M|100\/100|[from] U-turn\n|-ability|p2a: Landorus|Intimidate|boost\n|-unboost|p1a: ayvery irl|atk|1\n|\n|upkeep\n|turn|2\n|j| its for fun lol\n|\n|t:|1700808635\n|switch|p1a: adem bird|Tornadus-Therian, M|100\/100\n|move|p2a: Landorus|Knock Off|p1a: adem bird\n|-damage|p1a: adem bird|72\/100\n|\n|upkeep\n|turn|3\n|c| El Kuerbador|One should really, really put effort in imagining Sisyphus as a happy pokemon showdown tournament player\n|c| Toxic Ariados|the thought of that is terrifying lol\n|c| its for fun lol|wait wait\n|\n|t:|1700808639\n|move|p1a: adem bird|Nasty Plot|p1a: adem bird\n|-boost|p1a: adem bird|spa|2\n|move|p2a: Landorus|Knock Off|p1a: adem bird\n|-damage|p1a: adem bird|45\/100\n|\n|upkeep\n|turn|4\n|j| Siddharth42c\n|\n|t:|1700808642\n|-zpower|p1a: adem bird\n|move|p1a: adem bird|Supersonic Skystrike|p2a: Landorus|[zeffect]\n|-damage|p2a: Landorus|0 fnt\n|faint|p2a: Landorus\n|\n|upkeep\n|\n|t:|1700808645\n|switch|p2a: Slowking|Slowking-Galar, F|100\/100\n|turn|5\n|c| Toxic Ariados|El Kuerbador not even a draw is enough to save him from the eternal grasp of the tourney mode\n|l| chuntaro-kun\n|\n|t:|1700808653\n|switch|p1a: Sub Sandwich|Gyarados, M|100\/100\n|-ability|p1a: Sub Sandwich|Intimidate|boost\n|-unboost|p2a: Slowking|atk|1\n|move|p2a: Slowking|Ice Beam|p1a: Sub Sandwich\n|-damage|p1a: Sub Sandwich|77\/100\n|\n|upkeep\n|turn|6\n|c| CloudyMelody|at that point toxic\n|c| El Kuerbador|Nvm, he is not playing Catsby\n|c| CloudyMelody|it's just whoever has more mental fortitude\n|\n|t:|1700808662\n|switch|p2a: Alomomola|Alomomola, M|100\/100\n|move|p1a: Sub Sandwich|Dragon Dance|p1a: Sub Sandwich\n|-boost|p1a: Sub Sandwich|atk|1\n|-boost|p1a: Sub Sandwich|spe|1\n|\n|upkeep\n|turn|7\n|c| Toxic Ariados|yep\n|\n|t:|1700808666\n|move|p1a: Sub Sandwich|Taunt|p2a: Alomomola\n|-start|p2a: Alomomola|move: Taunt\n|cant|p2a: Alomomola|move: Taunt|Toxic\n|\n|upkeep\n|turn|8\n|c| Toxic Ariados|its the funbro conundrum all over again\n|\n|t:|1700808669\n|move|p1a: Sub Sandwich|Dragon Dance|p1a: Sub Sandwich\n|-boost|p1a: Sub Sandwich|atk|1\n|-boost|p1a: Sub Sandwich|spe|1\n|move|p2a: Alomomola|Flip Turn|p1a: Sub Sandwich\n|-resisted|p1a: Sub Sandwich\n|-damage|p1a: Sub Sandwich|66\/100\n|c| Toxic Ariados|anyways gtg now\n|c| Toxic Ariados|have fun slapping eachother to oblivion\n|\n|t:|1700808675\n|switch|p2a: Charizard|Charizard, F|100\/100|[from] Flip Turn\n|\n|upkeep\n|turn|9\n|\n|t:|1700808679\n|detailschange|p1a: Sub Sandwich|Gyarados-Mega, M\n|-mega|p1a: Sub Sandwich|Gyarados|Gyaradosite\n|-ability|p1a: Sub Sandwich|Mold Breaker\n|detailschange|p2a: Charizard|Charizard-Mega-Y, F\n|-mega|p2a: Charizard|Charizard|Charizardite Y\n|-weather|SunnyDay|[from] ability: Drought|[of] p2a: Charizard\n|move|p1a: Sub Sandwich|Crunch|p2a: Charizard\n|-damage|p2a: Charizard|0 fnt\n|faint|p2a: Charizard\n|\n|-weather|SunnyDay|[upkeep]\n|upkeep\n|c|\u2606Shamoneamola\u2655|le me when I know all the sets\n|l| Toxic Ariados\n|\n|t:|1700808688\n|switch|p2a: Iron Valiant|Iron Valiant, shiny|100\/100\n|-enditem|p2a: Iron Valiant|Booster Energy\n|-activate|p2a: Iron Valiant|ability: Quark Drive|[fromitem]\n|-start|p2a: Iron Valiant|quarkdrivespe\n|turn|10\n|c| El Kuerbador|dam son\n|\n|t:|1700808707\n|move|p1a: Sub Sandwich|Waterfall|p2a: Iron Valiant\n|-damage|p2a: Iron Valiant|35\/100\n|move|p2a: Iron Valiant|Drain Punch|p1a: Sub Sandwich\n|-supereffective|p1a: Sub Sandwich\n|-damage|p1a: Sub Sandwich|0 fnt\n|-heal|p2a: Iron Valiant|73\/100|[from] drain|[of] p1a: Sub Sandwich\n|faint|p1a: Sub Sandwich\n|\n|-weather|SunnyDay|[upkeep]\n|upkeep\n|\n|t:|1700808713\n|switch|p1a: ayvery irl|Grimmsnarl, M, shiny|71\/100\n|turn|11\n|\n|t:|1700808717\n|-end|p2a: Iron Valiant|Quark Drive|[silent]\n|switch|p2a: Alomomola|Alomomola, M|100\/100\n|move|p1a: ayvery irl|Thunder Wave|p2a: Alomomola\n|-status|p2a: Alomomola|par\n|\n|-weather|SunnyDay|[upkeep]\n|upkeep\n|turn|12\n|\n|t:|1700808721\n|move|p1a: ayvery irl|Reflect|p1a: ayvery irl\n|-sidestart|p1: Shamoneamola\u2655|Reflect\n|move|p2a: Alomomola|Flip Turn|p1a: ayvery irl\n|-damage|p1a: ayvery irl|68\/100\n|c|\u2606Miku Nakano ily|hmm\n|c| El Kuerbador|That's galaxy brain strategy, creating an endless battle, just to get the sets of your adversary, and then, knew everything after the tie\n|inactive|Miku Nakano ily has 120 seconds left.\n|\n|t:|1700808754\n|switch|p2a: Cinderace|Cinderace, M|100\/100 par|[from] Flip Turn\n|\n|-weather|SunnyDay|[upkeep]\n|upkeep\n|turn|13\n|\n|t:|1700808759\n|move|p1a: ayvery irl|Taunt|p2a: Cinderace\n|-start|p2a: Cinderace|move: Taunt\n|cant|p2a: Cinderace|move: Taunt|Court Change\n|\n|-weather|none\n|upkeep\n|turn|14\n|\n|t:|1700808763\n|move|p1a: ayvery irl|Light Screen|p1a: ayvery irl\n|-sidestart|p1: Shamoneamola\u2655|move: Light Screen\n|cant|p2a: Cinderace|par\n|\n|upkeep\n|turn|15\n|c| CloudyMelody|if sham knew that was gonna happen\n|c| CloudyMelody|their just evil\n|\n|t:|1700808773\n|switch|p1a: Freddy|Ursaluna, F|100\/100\n|cant|p2a: Cinderace|par\n|\n|-end|p2a: Cinderace|move: Taunt\n|-status|p1a: Freddy|brn|[from] item: Flame Orb\n|upkeep\n|turn|16\n|\n|t:|1700808780\n|cant|p2a: Cinderace|par\n|move|p1a: Freddy|Facade|p2a: Cinderace\n|-damage|p2a: Cinderace|0 fnt\n|faint|p2a: Cinderace\n|\n|-damage|p1a: Freddy|94\/100 brn|[from] brn\n|upkeep\n|c| CloudyMelody|thats gotta be the most evil thing you can do in ps\n|c| El Kuerbador|Is that\n|c| El Kuerbador|freddy fazbear?\n|c|\u2606Miku Nakano ily|triple para is unreal\n|c|\u2606Miku Nakano ily|hur hur hur hur hur\n|\n|t:|1700808795\n|switch|p2a: Alomomola|Alomomola, M|100\/100 par\n|turn|17\n|c| El Kuerbador|A.k.a. Frederick Leopold Fazbearington\n|c|\u2606Shamoneamola\u2655|i didnt paralize it so it can move\n|\n|t:|1700808805\n|move|p2a: Alomomola|Protect|p2a: Alomomola\n|-singleturn|p2a: Alomomola|Protect\n|move|p1a: Freddy|Swords Dance|p1a: Freddy\n|-boost|p1a: Freddy|atk|2\n|\n|-damage|p1a: Freddy|88\/100 brn|[from] brn\n|upkeep\n|turn|18\n|j| potential paradox\n|\n|t:|1700808809\n|move|p1a: Freddy|Facade|p2a: Alomomola\n|-crit|p2a: Alomomola\n|-damage|p2a: Alomomola|0 fnt\n|faint|p2a: Alomomola\n|\n|-damage|p1a: Freddy|82\/100 brn|[from] brn\n|upkeep\n|\n|t:|1700808812\n|switch|p2a: Slowking|Slowking-Galar, F|100\/100\n|turn|19\n|c|\u2606Shamoneamola\u2655|instant shamone\n|\n|t:|1700808816\n|move|p1a: Freddy|Facade|p2a: Slowking\n|-damage|p2a: Slowking|0 fnt\n|faint|p2a: Slowking\n|\n|-damage|p1a: Freddy|76\/100 brn|[from] brn\n|-sideend|p1: Shamoneamola\u2655|Reflect\n|upkeep\n|\n|t:|1700808820\n|switch|p2a: Iron Valiant|Iron Valiant, shiny|73\/100\n|turn|20\n|\n|t:|1700808822\n|-terastallize|p1a: Freddy|Fire\n|move|p2a: Iron Valiant|Drain Punch|p1a: Freddy\n|-damage|p1a: Freddy|42\/100 brn\n|-heal|p2a: Iron Valiant|97\/100|[from] drain|[of] p1a: Freddy\n|move|p1a: Freddy|Facade|p2a: Iron Valiant\n|-damage|p2a: Iron Valiant|0 fnt\n|faint|p2a: Iron Valiant\n|-end|p2a: Iron Valiant|Quark Drive|[silent]\n|\n|win|Shamoneamola\u2655\n|n|\u2606Shamoneamola\u2655|shamoneamola\n|n|\u2606Miku Nakano ily|mikunakanoily\n|n|+hidin|hidin\n|n| amstan|amstan\n|n| CloudyMelody|cloudymelody\n|n| programofuse|programofuse\n|n| ChrisPBacon|chrispbacon\n|n| El Kuerbador|elkuerbador\n|n| its for fun lol|itsforfunlol\n|n| Siddharth42c|siddharth42c\n|n| potential paradox|potentialparadox\n|c| its for fun lol|THIS IS KARMA\n|c|\u2606Miku Nakano ily|gg\n|c|\u2606Shamoneamola\u2655|gg\n|j| Hallowed Knights\n|l| amstan\n|l| Hallowed Knights\n|l| its for fun lol\n|c| El Kuerbador|URF URF URFURF\n|l|\u2606Shamoneamola\u2655\n|l| potential paradox\n|j| AERO GROS M\n|l|\u2606Miku Nakano ily\n|l| AERO GROS M\n|l|+hidin\n|j| pokemonisrigged725\n|l| pokemonisrigged725\n|l| programofuse\n","uploadtime":1700808824,"views":5,"p1id":"shamoneamola","p2id":"mikunakanoily","formatid":"gen9nationaldex","rating":0,"private":0,"password":""}