{"id":"gen9nationaldex-1992227939","p1":"Rider360","p2":"aplezorah","format":"[Gen 9] National Dex","log":"|j|\u2606Rider360\n|j|\u2606aplezorah\n|t:|1700165691\n|gametype|singles\n|player|p1|Rider360|veteran|1094\n|player|p2|aplezorah|roxie|1200\n|teamsize|p1|6\n|teamsize|p2|6\n|gen|9\n|tier|[Gen 9] National Dex\n|rated|\n|rule|HP Percentage Mod: HP is shown in percentages\n|rule|Endless Battle Clause: Forcing endless battles is banned\n|rule|OHKO Clause: OHKO moves are banned\n|rule|Evasion Clause: Evasion abilities, items, and moves are banned\n|rule|Evasion Abilities Clause: Evasion abilities are banned\n|rule|Evasion Items Clause: Evasion items are banned\n|rule|Evasion Moves Clause: Evasion moves are banned\n|rule|Species Clause: Limit one of each Pok\u00e9mon\n|rule|Sleep Clause Mod: Limit one foe put to sleep\n|clearpoke\n|poke|p1|Hoopa-Unbound|\n|poke|p1|Sneasler, M|\n|poke|p1|Oricorio-Sensu, M|\n|poke|p1|Lycanroc-Dusk, M|\n|poke|p1|Pinsir, F|\n|poke|p1|Landorus-Therian, M|\n|poke|p2|Kartana|\n|poke|p2|Kommo-o, M|\n|poke|p2|Garganacl, M|\n|poke|p2|Excadrill, F|\n|poke|p2|Tapu Lele|\n|poke|p2|Zapdos|\n|teampreview\n|inactive|Battle timer is ON: inactive players will automatically lose when time's up. (requested by aplezorah)\n|\n|t:|1700165713\n|start\n|switch|p1a: Hoopa|Hoopa-Unbound|100\/100\n|switch|p2a: Kommo-o|Kommo-o, M|100\/100\n|turn|1\n|\n|t:|1700165728\n|-terastallize|p2a: Kommo-o|Steel\n|move|p2a: Kommo-o|Clangorous Soul|p2a: Kommo-o\n|-boost|p2a: Kommo-o|atk|1\n|-boost|p2a: Kommo-o|def|1\n|-boost|p2a: Kommo-o|spa|1\n|-boost|p2a: Kommo-o|spd|1\n|-boost|p2a: Kommo-o|spe|1\n|-damage|p2a: Kommo-o|68\/100\n|-enditem|p2a: Kommo-o|Throat Spray\n|-boost|p2a: Kommo-o|spa|1|[from] item: Throat Spray\n|move|p1a: Hoopa|Zen Headbutt|p2a: Kommo-o\n|-resisted|p2a: Kommo-o\n|-damage|p2a: Kommo-o|52\/100\n|\n|upkeep\n|turn|2\n|\n|t:|1700165746\n|-terastallize|p1a: Hoopa|Ghost\n|move|p2a: Kommo-o|Flash Cannon|p1a: Hoopa\n|-damage|p1a: Hoopa|43\/100\n|move|p1a: Hoopa|Fling|p2a: Kommo-o\n|-damage|p2a: Kommo-o|2\/100\n|-enditem|p1a: Hoopa|Big Nugget|[from] move: Fling\n|\n|upkeep\n|turn|3\n|\n|t:|1700165755\n|move|p2a: Kommo-o|Flash Cannon|p1a: Hoopa\n|-damage|p1a: Hoopa|0 fnt\n|faint|p1a: Hoopa\n|\n|upkeep\n|\n|t:|1700165762\n|switch|p1a: Pinsir|Pinsir, F|100\/100\n|turn|4\n|\n|t:|1700165767\n|detailschange|p1a: Pinsir|Pinsir-Mega, F\n|-mega|p1a: Pinsir|Pinsir|Pinsirite\n|move|p1a: Pinsir|Quick Attack|p2a: Kommo-o\n|-resisted|p2a: Kommo-o\n|-damage|p2a: Kommo-o|0 fnt\n|faint|p2a: Kommo-o\n|\n|upkeep\n|\n|t:|1700165775\n|switch|p2a: Zapdos|Zapdos|100\/100\n|turn|5\n|\n|t:|1700165778\n|move|p1a: Pinsir|Knock Off|p2a: Zapdos\n|-damage|p2a: Zapdos|50\/100\n|-enditem|p2a: Zapdos|Heavy-Duty Boots|[from] move: Knock Off|[of] p1a: Pinsir\n|move|p2a: Zapdos|Volt Switch|p1a: Pinsir\n|-supereffective|p1a: Pinsir\n|-damage|p1a: Pinsir|3\/100\n|\n|t:|1700165782\n|switch|p2a: Kartana|Kartana|100\/100|[from] Volt Switch\n|\n|upkeep\n|turn|6\n|\n|t:|1700165792\n|move|p1a: Pinsir|Quick Attack|p2a: Kartana\n|-damage|p2a: Kartana|69\/100\n|move|p2a: Kartana|Leaf Blade|p1a: Pinsir\n|-resisted|p1a: Pinsir\n|-crit|p1a: Pinsir\n|-damage|p1a: Pinsir|0 fnt\n|faint|p1a: Pinsir\n|-ability|p2a: Kartana|Beast Boost|boost\n|-boost|p2a: Kartana|atk|1\n|\n|upkeep\n|\n|t:|1700165802\n|switch|p1a: Sneasler|Sneasler, M|100\/100\n|turn|7\n|\n|t:|1700165806\n|switch|p2a: Zapdos|Zapdos|50\/100\n|move|p1a: Sneasler|Close Combat|p2a: Zapdos\n|-resisted|p2a: Zapdos\n|-damage|p2a: Zapdos|13\/100\n|-unboost|p1a: Sneasler|def|1\n|-unboost|p1a: Sneasler|spd|1\n|\n|upkeep\n|turn|8\n|\n|t:|1700165814\n|move|p1a: Sneasler|U-turn|p2a: Zapdos\n|-resisted|p2a: Zapdos\n|-damage|p2a: Zapdos|0 fnt\n|faint|p2a: Zapdos\n|\n|t:|1700165818\n|switch|p1a: Lycanroc|Lycanroc-Dusk, M|100\/100|[from] U-turn\n|\n|upkeep\n|\n|t:|1700165824\n|switch|p2a: Excadrill|Excadrill, F|100\/100\n|-ability|p2a: Excadrill|Mold Breaker\n|turn|9\n|\n|t:|1700165831\n|-zpower|p1a: Lycanroc\n|move|p1a: Lycanroc|Splintered Stormshards|p2a: Excadrill|[zeffect]\n|-resisted|p2a: Excadrill\n|-damage|p2a: Excadrill|66\/100\n|move|p2a: Excadrill|Rapid Spin|p1a: Lycanroc\n|-resisted|p1a: Lycanroc\n|-damage|p1a: Lycanroc|86\/100\n|-boost|p2a: Excadrill|spe|1\n|\n|upkeep\n|turn|10\n|\n|t:|1700165847\n|move|p1a: Lycanroc|Quick Attack|p2a: Excadrill\n|-resisted|p2a: Excadrill\n|-damage|p2a: Excadrill|53\/100\n|move|p2a: Excadrill|Swords Dance|p2a: Excadrill\n|-boost|p2a: Excadrill|atk|2\n|\n|upkeep\n|turn|11\n|\n|t:|1700165856\n|move|p2a: Excadrill|Earthquake|p1a: Lycanroc\n|-supereffective|p1a: Lycanroc\n|-damage|p1a: Lycanroc|0 fnt\n|faint|p1a: Lycanroc\n|\n|upkeep\n|\n|t:|1700165864\n|switch|p1a: Oricorio|Oricorio-Sensu, M|100\/100\n|turn|12\n|\n|t:|1700165878\n|move|p2a: Excadrill|Iron Head|p1a: Oricorio\n|-damage|p1a: Oricorio|29\/100\n|move|p1a: Oricorio|Quiver Dance|p1a: Oricorio\n|-boost|p1a: Oricorio|spa|1\n|-boost|p1a: Oricorio|spd|1\n|-boost|p1a: Oricorio|spe|1\n|\n|upkeep\n|turn|13\n|\n|t:|1700165886\n|move|p2a: Excadrill|Iron Head|p1a: Oricorio\n|-damage|p1a: Oricorio|0 fnt\n|faint|p1a: Oricorio\n|\n|upkeep\n|\n|t:|1700165890\n|switch|p1a: Sneasler|Sneasler, M|100\/100\n|turn|14\n|\n|t:|1700165894\n|move|p1a: Sneasler|Fake Out|p2a: Excadrill\n|-resisted|p2a: Excadrill\n|-damage|p2a: Excadrill|43\/100\n|cant|p2a: Excadrill|flinch\n|\n|upkeep\n|turn|15\n|\n|t:|1700165900\n|switch|p2a: Tapu Lele|Tapu Lele|100\/100\n|-fieldstart|move: Psychic Terrain|[from] ability: Psychic Surge|[of] p2a: Tapu Lele\n|switch|p1a: Landorus|Landorus-Therian, M|100\/100\n|-ability|p1a: Landorus|Intimidate|boost\n|-unboost|p2a: Tapu Lele|atk|1\n|\n|upkeep\n|turn|16\n|\n|t:|1700165912\n|move|p2a: Tapu Lele|Moonblast|p1a: Landorus\n|-damage|p1a: Landorus|13\/100\n|move|p1a: Landorus|Defog|p2a: Tapu Lele\n|-unboost|p2a: Tapu Lele|evasion|1\n|-fieldend|move: Psychic Terrain\n|\n|upkeep\n|turn|17\n|\n|t:|1700165919\n|move|p2a: Tapu Lele|Moonblast|p1a: Landorus\n|-damage|p1a: Landorus|0 fnt\n|faint|p1a: Landorus\n|\n|upkeep\n|\n|t:|1700165922\n|switch|p1a: Sneasler|Sneasler, M|100\/100\n|turn|18\n|\n|t:|1700165926\n|switch|p2a: Excadrill|Excadrill, F|43\/100\n|-ability|p2a: Excadrill|Mold Breaker\n|move|p1a: Sneasler|Fake Out|p2a: Excadrill\n|-resisted|p2a: Excadrill\n|-damage|p2a: Excadrill|33\/100\n|\n|upkeep\n|turn|19\n|\n|t:|1700165933\n|move|p1a: Sneasler|Close Combat|p2a: Excadrill\n|-supereffective|p2a: Excadrill\n|-damage|p2a: Excadrill|0 fnt\n|-unboost|p1a: Sneasler|def|1\n|-unboost|p1a: Sneasler|spd|1\n|faint|p2a: Excadrill\n|\n|upkeep\n|\n|t:|1700165943\n|switch|p2a: Garganacl|Garganacl, M|100\/100\n|turn|20\n|\n|t:|1700165947\n|move|p1a: Sneasler|Close Combat|p2a: Garganacl\n|-supereffective|p2a: Garganacl\n|-damage|p2a: Garganacl|34\/100\n|-unboost|p1a: Sneasler|def|1\n|-unboost|p1a: Sneasler|spd|1\n|move|p2a: Garganacl|Salt Cure|p1a: Sneasler\n|-resisted|p1a: Sneasler\n|-damage|p1a: Sneasler|79\/100\n|-start|p1a: Sneasler|Salt Cure\n|\n|-heal|p2a: Garganacl|40\/100|[from] item: Leftovers\n|-damage|p1a: Sneasler|66\/100|[from] Salt Cure\n|upkeep\n|turn|21\n|\n|t:|1700165959\n|move|p1a: Sneasler|Close Combat|p2a: Garganacl\n|-supereffective|p2a: Garganacl\n|-damage|p2a: Garganacl|0 fnt\n|-unboost|p1a: Sneasler|def|1\n|-unboost|p1a: Sneasler|spd|1\n|faint|p2a: Garganacl\n|\n|-damage|p1a: Sneasler|54\/100|[from] Salt Cure\n|upkeep\n|\n|t:|1700165961\n|switch|p2a: Tapu Lele|Tapu Lele|100\/100\n|-fieldstart|move: Psychic Terrain|[from] ability: Psychic Surge|[of] p2a: Tapu Lele\n|turn|22\n|c|\u2606Rider360|You hit me with a literal leaf I go down\n|\n|t:|1700165979\n|move|p1a: Sneasler|Dire Claw|p2a: Tapu Lele\n|-supereffective|p2a: Tapu Lele\n|-damage|p2a: Tapu Lele|0 fnt\n|faint|p2a: Tapu Lele\n|\n|-damage|p1a: Sneasler|42\/100|[from] Salt Cure\n|upkeep\n|c|\u2606aplezorah|i know i was just getting the max def drop\n|\n|t:|1700165987\n|switch|p2a: Kartana|Kartana|69\/100\n|turn|23\n|c|\u2606aplezorah|just so i didnt get fucked up\n|c|\u2606Rider360|The question is can you leaf hit me\n|\n|t:|1700166007\n|move|p2a: Kartana|Smart Strike|p1a: Sneasler\n|-damage|p1a: Sneasler|0 fnt\n|faint|p1a: Sneasler\n|\n|win|aplezorah\n|raw|Rider360's rating: 1094 &rarr; <strong>1077<\/strong><br \/>(-17 for losing)\n|raw|aplezorah's rating: 1200 &rarr; <strong>1218<\/strong><br \/>(+18 for winning)\n|c|\u2606aplezorah|cant miss\n|c|\u2606aplezorah|gg\n|l|\u2606Rider360\n","uploadtime":1700166020,"views":4,"p1id":"rider360","p2id":"aplezorah","formatid":"gen9nationaldex","rating":1077,"private":0,"password":""}