{"id":"gen9nationaldex-1987280217","p1":"diverse team","p2":"Crystalnite","format":"[Gen 9] National Dex","log":"|j|\u2606diverse team\n|j|\u2606Crystalnite\n|t:|1699572621\n|gametype|singles\n|player|p1|diverse team|1|1144\n|player|p2|Crystalnite|sabrina-masters|1191\n|teamsize|p1|6\n|teamsize|p2|6\n|gen|9\n|tier|[Gen 9] National Dex\n|rated|\n|rule|HP Percentage Mod: HP is shown in percentages\n|rule|Endless Battle Clause: Forcing endless battles is banned\n|rule|OHKO Clause: OHKO moves are banned\n|rule|Evasion Clause: Evasion abilities, items, and moves are banned\n|rule|Evasion Abilities Clause: Evasion abilities are banned\n|rule|Evasion Items Clause: Evasion items are banned\n|rule|Evasion Moves Clause: Evasion moves are banned\n|rule|Species Clause: Limit one of each Pok\u00e9mon\n|rule|Sleep Clause Mod: Limit one foe put to sleep\n|clearpoke\n|poke|p1|Aerodactyl, M|\n|poke|p1|Talonflame, F|\n|poke|p1|Salamence, F|\n|poke|p1|Staraptor, M|\n|poke|p1|Kilowattrel, M|\n|poke|p1|Flamigo, F|\n|poke|p2|Flygon, F|\n|poke|p2|Tyranitar, F|\n|poke|p2|Heatran, M|\n|poke|p2|Ferrothorn, M|\n|poke|p2|Gliscor, M|\n|poke|p2|Mamoswine, M|\n|teampreview\n|\n|t:|1699572626\n|start\n|switch|p1a: Piercing Bat|Aerodactyl, M, shiny|100\/100\n|switch|p2a: Tyranitar|Tyranitar, F|100\/100\n|-ability|p1a: Piercing Bat|Pressure\n|-weather|Sandstorm|[from] ability: Sand Stream|[of] p2a: Tyranitar\n|turn|1\n|\n|t:|1699572635\n|switch|p2a: Gliscor|Gliscor, M|100\/100\n|detailschange|p1a: Piercing Bat|Aerodactyl-Mega, M, shiny\n|-mega|p1a: Piercing Bat|Aerodactyl|Aerodactylite\n|move|p1a: Piercing Bat|Stone Edge|p2a: Gliscor\n|-crit|p2a: Gliscor\n|-damage|p2a: Gliscor|32\/100\n|\n|-weather|Sandstorm|[upkeep]\n|-status|p2a: Gliscor|tox|[from] item: Toxic Orb\n|upkeep\n|turn|2\n|\n|t:|1699572644\n|move|p1a: Piercing Bat|Stone Edge|p2a: Gliscor\n|-crit|p2a: Gliscor\n|-damage|p2a: Gliscor|0 fnt\n|faint|p2a: Gliscor\n|\n|-weather|Sandstorm|[upkeep]\n|upkeep\n|\n|t:|1699572650\n|switch|p2a: Flygon|Flygon, F|100\/100\n|turn|3\n|c|\u2606diverse team|high crit ratio moment\n|\n|t:|1699572657\n|move|p1a: Piercing Bat|Dual Wingbeat|p2a: Flygon\n|-damage|p2a: Flygon|60\/100\n|-damage|p2a: Flygon|22\/100\n|-hitcount|p2a: Flygon|2\n|move|p2a: Flygon|Dragon Dance|p2a: Flygon\n|-boost|p2a: Flygon|atk|1\n|-boost|p2a: Flygon|spe|1\n|\n|-weather|Sandstorm|[upkeep]\n|upkeep\n|turn|4\n|\n|t:|1699572667\n|move|p2a: Flygon|Stone Edge|p1a: Piercing Bat\n|-supereffective|p1a: Piercing Bat\n|-damage|p1a: Piercing Bat|0 fnt\n|faint|p1a: Piercing Bat\n|-damage|p2a: Flygon|12\/100|[from] item: Life Orb\n|\n|-weather|Sandstorm|[upkeep]\n|upkeep\n|\n|t:|1699572688\n|switch|p1a: Soaring Moon|Salamence, F|100\/100\n|turn|5\n|\n|t:|1699572696\n|-terastallize|p1a: Soaring Moon|Steel\n|move|p2a: Flygon|Outrage|p1a: Soaring Moon\n|-resisted|p1a: Soaring Moon\n|-damage|p1a: Soaring Moon|35\/100\n|-damage|p2a: Flygon|2\/100|[from] item: Life Orb\n|move|p1a: Soaring Moon|Dragon Claw|p2a: Flygon\n|-supereffective|p2a: Flygon\n|-damage|p2a: Flygon|0 fnt\n|faint|p2a: Flygon\n|-ability|p1a: Soaring Moon|Moxie|boost\n|-boost|p1a: Soaring Moon|atk|1\n|\n|-weather|none\n|upkeep\n|\n|t:|1699572709\n|switch|p2a: Heatran|Heatran, M|100\/100\n|turn|6\n|\n|t:|1699572712\n|move|p1a: Soaring Moon|Earthquake|p2a: Heatran\n|-supereffective|p2a: Heatran\n|-damage|p2a: Heatran|0 fnt\n|faint|p2a: Heatran\n|-ability|p1a: Soaring Moon|Moxie|boost\n|-boost|p1a: Soaring Moon|atk|1\n|\n|upkeep\n|\n|t:|1699572722\n|switch|p2a: Ferrothorn|Ferrothorn, M|100\/100\n|turn|7\n|\n|t:|1699572732\n|move|p1a: Soaring Moon|Earthquake|p2a: Ferrothorn\n|-damage|p2a: Ferrothorn|60\/100\n|move|p2a: Ferrothorn|Leech Seed|p1a: Soaring Moon\n|-start|p1a: Soaring Moon|move: Leech Seed\n|\n|-damage|p1a: Soaring Moon|22\/100|[from] Leech Seed|[of] p2a: Ferrothorn\n|-heal|p2a: Ferrothorn|72\/100|[silent]\n|upkeep\n|turn|8\n|\n|t:|1699572762\n|switch|p1a: Iron Starling|Staraptor, M|100\/100\n|move|p2a: Ferrothorn|Gyro Ball|p1a: Iron Starling\n|-damage|p1a: Iron Starling|24\/100\n|\n|upkeep\n|turn|9\n|\n|t:|1699572770\n|move|p1a: Iron Starling|Close Combat|p2a: Ferrothorn\n|-supereffective|p2a: Ferrothorn\n|-damage|p2a: Ferrothorn|1\/100\n|-unboost|p1a: Iron Starling|def|1\n|-unboost|p1a: Iron Starling|spd|1\n|-damage|p1a: Iron Starling|12\/100|[from] ability: Iron Barbs|[of] p2a: Ferrothorn\n|-damage|p1a: Iron Starling|0 fnt|[from] item: Rocky Helmet|[of] p2a: Ferrothorn\n|faint|p1a: Iron Starling\n|move|p2a: Ferrothorn|Gyro Ball|p1: Iron Starling|[notarget]\n|-fail|p2a: Ferrothorn\n|\n|upkeep\n|\n|t:|1699572782\n|switch|p1a: Soaring Moon|Salamence, F, tera:Steel|22\/100\n|turn|10\n|\n|t:|1699572788\n|move|p1a: Soaring Moon|Earthquake|p2a: Ferrothorn\n|-damage|p2a: Ferrothorn|0 fnt\n|faint|p2a: Ferrothorn\n|-ability|p1a: Soaring Moon|Moxie|boost\n|-boost|p1a: Soaring Moon|atk|1\n|\n|upkeep\n|\n|t:|1699572791\n|switch|p2a: Mamoswine|Mamoswine, M|100\/100\n|turn|11\n|\n|t:|1699572797\n|-terastallize|p2a: Mamoswine|Grass\n|move|p1a: Soaring Moon|Dual Wingbeat|p2a: Mamoswine\n|-supereffective|p2a: Mamoswine\n|-damage|p2a: Mamoswine|24\/100\n|-supereffective|p2a: Mamoswine\n|-crit|p2a: Mamoswine\n|-damage|p2a: Mamoswine|0 fnt\n|faint|p2a: Mamoswine\n|-ability|p1a: Soaring Moon|Moxie|boost\n|-boost|p1a: Soaring Moon|atk|1\n|-hitcount|p2: Mamoswine|2\n|\n|upkeep\n|c|\u2606Crystalnite|what\n|\n|t:|1699572808\n|switch|p2a: Tyranitar|Tyranitar, F|100\/100\n|-weather|Sandstorm|[from] ability: Sand Stream|[of] p2a: Tyranitar\n|turn|12\n|c|\u2606diverse team|you see\n|c|\u2606diverse team|when you grass tera into the flying type\n|c|\u2606diverse team|it doesn't go very well\n|c|\u2606Crystalnite|do people usually terra grass mamo\n|c|\u2606Crystalnite|hell naw I'm making that thing water now\n|c|\u2606diverse team|noone uses mamo\n|c|\u2606Crystalnite|how did you know it was tera grass\n|c|\u2606diverse team|I just forgot that steel was super effective against ice\n|c|\u2606diverse team|so I used flying move\n|c|\u2606Crystalnite|bruh\n|\n|t:|1699572874\n|detailschange|p2a: Tyranitar|Tyranitar-Mega, F\n|-mega|p2a: Tyranitar|Tyranitar|Tyranitarite\n|move|p1a: Soaring Moon|Iron Head|p2a: Tyranitar\n|-supereffective|p2a: Tyranitar\n|-damage|p2a: Tyranitar|0 fnt\n|faint|p2a: Tyranitar\n|\n|win|diverse team\n|raw|diverse team's rating: 1144 &rarr; <strong>1172<\/strong><br \/>(+28 for winning)\n|raw|Crystalnite's rating: 1191 &rarr; <strong>1163<\/strong><br \/>(-28 for losing)\n|c|\u2606Crystalnite|this is why I love showdown\n|l|\u2606Crystalnite\n|c|\u2606diverse team|pog\n|j|\u2606Crystalnite\n|player|p2|Crystalnite|sabrina-masters\n|l|\u2606Crystalnite\n|player|p2|\n","uploadtime":1699572949,"views":4,"p1id":"diverseteam","p2id":"crystalnite","formatid":"gen9nationaldex","rating":1163,"private":0,"password":""}