{"id":"gen9nationaldex-1990654828","p1":"khxng","p2":"IplayforFuns","format":"[Gen 9] National Dex","log":"|j|\u2606khxng\n|j|\u2606IplayforFuns\n|t:|1699989132\n|gametype|singles\n|player|p1|khxng|2|1381\n|player|p2|IplayforFuns|pokemaniac|1408\n|teamsize|p1|6\n|teamsize|p2|6\n|gen|9\n|tier|[Gen 9] National Dex\n|rated|\n|rule|HP Percentage Mod: HP is shown in percentages\n|rule|Endless Battle Clause: Forcing endless battles is banned\n|rule|OHKO Clause: OHKO moves are banned\n|rule|Evasion Clause: Evasion abilities, items, and moves are banned\n|rule|Evasion Abilities Clause: Evasion abilities are banned\n|rule|Evasion Items Clause: Evasion items are banned\n|rule|Evasion Moves Clause: Evasion moves are banned\n|rule|Species Clause: Limit one of each Pok\u00e9mon\n|rule|Sleep Clause Mod: Limit one foe put to sleep\n|clearpoke\n|poke|p1|Moltres|\n|poke|p1|Meowscarada, M|\n|poke|p1|Keldeo-Resolute|\n|poke|p1|Hippowdon, M|\n|poke|p1|Latias, F|\n|poke|p1|Metagross|\n|poke|p2|Ceruledge, M|\n|poke|p2|Tapu Koko|\n|poke|p2|Sneasler, F|\n|poke|p2|Ninetales-Alola, F|\n|poke|p2|Iron Valiant|\n|poke|p2|Glimmora, M|\n|teampreview\n|inactive|Battle timer is ON: inactive players will automatically lose when time's up. (requested by khxng)\n|\n|t:|1699989140\n|start\n|switch|p1a: Keldeo|Keldeo-Resolute|100\/100\n|switch|p2a: Tsukiyomi|Ninetales-Alola, F, shiny|100\/100\n|-weather|Snow|[from] ability: Snow Warning|[of] p2a: Tsukiyomi\n|turn|1\n|\n|t:|1699989144\n|move|p2a: Tsukiyomi|Aurora Veil|p2a: Tsukiyomi\n|-sidestart|p2: IplayforFuns|move: Aurora Veil\n|move|p1a: Keldeo|Substitute|p1a: Keldeo\n|-start|p1a: Keldeo|Substitute\n|-damage|p1a: Keldeo|76\/100\n|\n|-weather|Snow|[upkeep]\n|-heal|p1a: Keldeo|82\/100|[from] item: Leftovers\n|upkeep\n|turn|2\n|\n|t:|1699989149\n|move|p2a: Tsukiyomi|Moonblast|p1a: Keldeo\n|-supereffective|p1a: Keldeo\n|-end|p1a: Keldeo|Substitute\n|move|p1a: Keldeo|Secret Sword|p2a: Tsukiyomi\n|-damage|p2a: Tsukiyomi|76\/100\n|\n|-weather|Snow|[upkeep]\n|-heal|p1a: Keldeo|88\/100|[from] item: Leftovers\n|upkeep\n|turn|3\n|\n|t:|1699989152\n|switch|p1a: Metagross|Metagross|100\/100\n|move|p2a: Tsukiyomi|Moonblast|p1a: Metagross\n|-resisted|p1a: Metagross\n|-damage|p1a: Metagross|82\/100\n|\n|-weather|Snow|[upkeep]\n|upkeep\n|turn|4\n|\n|t:|1699989159\n|switch|p2a: Rocky|Glimmora, M, shiny|100\/100\n|move|p1a: Metagross|Zen Headbutt|p2a: Rocky\n|-supereffective|p2a: Rocky\n|-damage|p2a: Rocky|15\/100\n|-activate|p2a: Rocky|ability: Toxic Debris\n|-sidestart|p1: khxng|move: Toxic Spikes\n|\n|-weather|Snow|[upkeep]\n|upkeep\n|turn|5\n|\n|t:|1699989164\n|move|p2a: Rocky|Stealth Rock|p1a: Metagross\n|-sidestart|p1: khxng|move: Stealth Rock\n|move|p1a: Metagross|Zen Headbutt|p2a: Rocky\n|-supereffective|p2a: Rocky\n|-damage|p2a: Rocky|0 fnt\n|-activate|p2a: Rocky|ability: Toxic Debris\n|-sidestart|p1: khxng|move: Toxic Spikes\n|faint|p2a: Rocky\n|\n|-weather|none\n|upkeep\n|\n|t:|1699989172\n|switch|p2a: Ceru|Ceruledge, M, shiny|100\/100\n|turn|6\n|\n|t:|1699989182\n|switch|p1a: Moltres|Moltres|100\/100\n|-ability|p1a: Moltres|Pressure\n|move|p2a: Ceru|Swords Dance|p2a: Ceru\n|-boost|p2a: Ceru|atk|2\n|\n|upkeep\n|turn|7\n|\n|t:|1699989186\n|move|p2a: Ceru|Poltergeist|p1a: Moltres\n|-activate|p1a: Moltres|move: Poltergeist|Heavy-Duty Boots\n|-damage|p1a: Moltres|0 fnt\n|faint|p1a: Moltres\n|-damage|p2a: Ceru|91\/100|[from] item: Life Orb\n|\n|upkeep\n|\n|t:|1699989197\n|switch|p1a: Keldeo|Keldeo-Resolute|88\/100\n|-status|p1a: Keldeo|tox\n|-damage|p1a: Keldeo|82\/100 tox|[from] Stealth Rock\n|turn|8\n|\n|t:|1699989207\n|move|p1a: Keldeo|Scald|p2a: Ceru\n|-supereffective|p2a: Ceru\n|-crit|p2a: Ceru\n|-damage|p2a: Ceru|0 fnt\n|faint|p2a: Ceru\n|\n|-heal|p1a: Keldeo|88\/100 tox|[from] item: Leftovers\n|-damage|p1a: Keldeo|82\/100 tox|[from] psn\n|-sideend|p2: IplayforFuns|move: Aurora Veil\n|upkeep\n|\n|t:|1699989211\n|switch|p2a: Tsukiyomi|Ninetales-Alola, F, shiny|76\/100\n|-weather|Snow|[from] ability: Snow Warning|[of] p2a: Tsukiyomi\n|turn|9\n|\n|t:|1699989216\n|switch|p1a: Metagross|Metagross|82\/100\n|-damage|p1a: Metagross|76\/100|[from] Stealth Rock\n|move|p2a: Tsukiyomi|Blizzard|p1a: Metagross\n|-resisted|p1a: Metagross\n|-damage|p1a: Metagross|56\/100\n|\n|-weather|Snow|[upkeep]\n|upkeep\n|turn|10\n|\n|t:|1699989225\n|move|p2a: Tsukiyomi|Aurora Veil|p2a: Tsukiyomi\n|-sidestart|p2: IplayforFuns|move: Aurora Veil\n|move|p1a: Metagross|Zen Headbutt|p2a: Tsukiyomi\n|-damage|p2a: Tsukiyomi|39\/100\n|\n|-weather|Snow|[upkeep]\n|upkeep\n|turn|11\n|\n|t:|1699989233\n|move|p2a: Tsukiyomi|Blizzard|p1a: Metagross\n|-resisted|p1a: Metagross\n|-damage|p1a: Metagross|34\/100\n|move|p1a: Metagross|Zen Headbutt|p2a: Tsukiyomi\n|-damage|p2a: Tsukiyomi|1\/100\n|\n|-weather|Snow|[upkeep]\n|upkeep\n|turn|12\n|\n|t:|1699989241\n|move|p2a: Tsukiyomi|Blizzard|p1a: Metagross\n|-resisted|p1a: Metagross\n|-damage|p1a: Metagross|12\/100\n|move|p1a: Metagross|Zen Headbutt|p2a: Tsukiyomi|[miss]\n|-miss|p1a: Metagross|p2a: Tsukiyomi\n|\n|-weather|Snow|[upkeep]\n|upkeep\n|turn|13\n|\n|t:|1699989248\n|switch|p1a: Keldeo|Keldeo-Resolute|82\/100 tox\n|-damage|p1a: Keldeo|76\/100 tox|[from] Stealth Rock\n|move|p2a: Tsukiyomi|Blizzard|p1a: Keldeo\n|-resisted|p1a: Keldeo\n|-damage|p1a: Keldeo|51\/100 tox\n|\n|-weather|none\n|-heal|p1a: Keldeo|57\/100 tox|[from] item: Leftovers\n|-damage|p1a: Keldeo|51\/100 tox|[from] psn\n|upkeep\n|turn|14\n|\n|t:|1699989254\n|move|p2a: Tsukiyomi|Moonblast|p1a: Keldeo\n|-supereffective|p1a: Keldeo\n|-damage|p1a: Keldeo|0 fnt\n|faint|p1a: Keldeo\n|\n|upkeep\n|\n|t:|1699989261\n|switch|p1a: Latias|Latias, F|100\/100\n|-damage|p1a: Latias|88\/100|[from] Stealth Rock\n|turn|15\n|\n|t:|1699989267\n|detailschange|p1a: Latias|Latias-Mega, F\n|-mega|p1a: Latias|Latias|Latiasite\n|move|p1a: Latias|Psyshock|p2a: Tsukiyomi\n|-damage|p2a: Tsukiyomi|0 fnt\n|faint|p2a: Tsukiyomi\n|\n|upkeep\n|\n|t:|1699989281\n|switch|p2a: Titania|Iron Valiant, shiny|100\/100\n|-enditem|p2a: Titania|Booster Energy\n|-activate|p2a: Titania|ability: Quark Drive|[fromitem]\n|-start|p2a: Titania|quarkdrivespe\n|turn|16\n|\n|t:|1699989287\n|move|p2a: Titania|Moonblast|p1a: Latias\n|-supereffective|p1a: Latias\n|-damage|p1a: Latias|26\/100\n|move|p1a: Latias|Psyshock|p2a: Titania\n|-supereffective|p2a: Titania\n|-damage|p2a: Titania|55\/100\n|\n|upkeep\n|turn|17\n|\n|t:|1699989297\n|move|p2a: Titania|Moonblast|p1a: Latias\n|-supereffective|p1a: Latias\n|-crit|p1a: Latias\n|-damage|p1a: Latias|0 fnt\n|faint|p1a: Latias\n|\n|-sideend|p2: IplayforFuns|move: Aurora Veil\n|upkeep\n|\n|t:|1699989302\n|switch|p1a: Metagross|Metagross|12\/100\n|-damage|p1a: Metagross|6\/100|[from] Stealth Rock\n|turn|18\n|\n|t:|1699989307\n|move|p1a: Metagross|Bullet Punch|p2a: Titania\n|-supereffective|p2a: Titania\n|-damage|p2a: Titania|0 fnt\n|faint|p2a: Titania\n|-end|p2a: Titania|Quark Drive|[silent]\n|\n|upkeep\n|\n|t:|1699989309\n|switch|p2a: Dia|Tapu Koko, shiny|100\/100\n|-fieldstart|move: Electric Terrain|[from] ability: Electric Surge|[of] p2a: Dia\n|turn|19\n|\n|t:|1699989316\n|move|p1a: Metagross|Bullet Punch|p2a: Dia\n|-damage|p2a: Dia|49\/100\n|move|p2a: Dia|U-turn|p1a: Metagross\n|-crit|p1a: Metagross\n|-damage|p1a: Metagross|0 fnt\n|faint|p1a: Metagross\n|\n|t:|1699989318\n|switch|p2a: Zera\u00f2ra|Sneasler, F, shiny|100\/100|[from] U-turn\n|-enditem|p2a: Zera\u00f2ra|Electric Seed\n|-boost|p2a: Zera\u00f2ra|def|1|[from] item: Electric Seed\n|\n|upkeep\n|\n|t:|1699989321\n|switch|p1a: Hippowdon|Hippowdon, M|100\/100\n|-status|p1a: Hippowdon|tox\n|-damage|p1a: Hippowdon|94\/100 tox|[from] Stealth Rock\n|-weather|Sandstorm|[from] ability: Sand Stream|[of] p1a: Hippowdon\n|turn|20\n|\n|t:|1699989325\n|-terastallize|p2a: Zera\u00f2ra|Flying\n|move|p2a: Zera\u00f2ra|Swords Dance|p2a: Zera\u00f2ra\n|-boost|p2a: Zera\u00f2ra|atk|2\n|move|p1a: Hippowdon|Earthquake|p2a: Zera\u00f2ra\n|-immune|p2a: Zera\u00f2ra\n|\n|-weather|Sandstorm|[upkeep]\n|-damage|p2a: Zera\u00f2ra|95\/100|[from] Sandstorm\n|-heal|p1a: Hippowdon|100\/100 tox|[from] item: Leftovers\n|-damage|p1a: Hippowdon|94\/100 tox|[from] psn\n|upkeep\n|turn|21\n|-message|khxng forfeited.\n|\n|win|IplayforFuns\n|raw|khxng's rating: 1381 &rarr; <strong>1363<\/strong><br \/>(-18 for losing)\n|raw|IplayforFuns's rating: 1408 &rarr; <strong>1426<\/strong><br \/>(+18 for winning)\n|l|\u2606khxng\n","uploadtime":1699989362,"views":10,"p1id":"khxng","p2id":"iplayforfuns","formatid":"gen9nationaldex","rating":1363,"private":0,"password":""}