{"id":"gen9nationaldex-1998948531","p1":"kaput1809","p2":"judgementaldeity","format":"[Gen 9] National Dex","log":"|html|<div class=\"broadcast-blue\"><strong>[Gen 9] National Dex is currently suspecting Sneasler! For information on how to participate check out the <a href=\"https:\/\/www.smogon.com\/forums\/threads\/sv-national-dex-suspect-8-just-dance.3731534\/\">suspect thread<\/a>.<\/strong><\/div>\n|j|\u2606kaput1809\n|j|\u2606judgementaldeity\n|t:|1701016623\n|gametype|singles\n|player|p1|kaput1809|silver|\n|player|p2|judgementaldeity|iris-gen5bw2|\n|teamsize|p1|6\n|teamsize|p2|6\n|gen|9\n|tier|[Gen 9] National Dex\n|rule|HP Percentage Mod: HP is shown in percentages\n|rule|Endless Battle Clause: Forcing endless battles is banned\n|rule|OHKO Clause: OHKO moves are banned\n|rule|Evasion Clause: Evasion abilities, items, and moves are banned\n|rule|Evasion Abilities Clause: Evasion abilities are banned\n|rule|Evasion Items Clause: Evasion items are banned\n|rule|Evasion Moves Clause: Evasion moves are banned\n|rule|Species Clause: Limit one of each Pok\u00e9mon\n|rule|Sleep Clause Mod: Limit one foe put to sleep\n|clearpoke\n|poke|p1|Rampardos, F|\n|poke|p1|Steelix, M|\n|poke|p1|Tauros, M|\n|poke|p1|Abomasnow, F|\n|poke|p1|Kommo-o, F|\n|poke|p1|Volcanion|\n|poke|p2|Armaldo, F|\n|poke|p2|Ambipom, F|\n|poke|p2|Arcanine, M|\n|poke|p2|Exeggutor, F|\n|poke|p2|Eelektross, F|\n|poke|p2|Blissey, F|\n|teampreview\n|c|\u2606kaput1809|This is about to be interesting\n|c|\u2606judgementaldeity|indeed it is\n|\n|t:|1701016685\n|start\n|switch|p1a: Abomasnow|Abomasnow, F|100\/100\n|switch|p2a: Ambipom|Ambipom, F|100\/100\n|-weather|Snow|[from] ability: Snow Warning|[of] p1a: Abomasnow\n|turn|1\n|\n|t:|1701016700\n|move|p2a: Ambipom|Fake Out|p1a: Abomasnow\n|-damage|p1a: Abomasnow|76\/100\n|-damage|p2a: Ambipom|91\/100|[from] item: Life Orb\n|cant|p1a: Abomasnow|flinch\n|\n|-weather|Snow|[upkeep]\n|upkeep\n|turn|2\n|\n|t:|1701016713\n|move|p2a: Ambipom|U-turn|p1a: Abomasnow\n|-supereffective|p1a: Abomasnow\n|-damage|p1a: Abomasnow|36\/100\n|-damage|p2a: Ambipom|81\/100|[from] item: Life Orb\n|\n|t:|1701016728\n|switch|p2a: Eelektross|Eelektross, F|100\/100|[from] U-turn\n|move|p1a: Abomasnow|Leech Seed|p2a: Eelektross\n|-start|p2a: Eelektross|move: Leech Seed\n|\n|-weather|Snow|[upkeep]\n|-damage|p2a: Eelektross|88\/100|[from] Leech Seed|[of] p1a: Abomasnow\n|-heal|p1a: Abomasnow|48\/100|[silent]\n|upkeep\n|turn|3\n|\n|t:|1701016751\n|switch|p1a: Rampardos|Rampardos, F|100\/100\n|move|p2a: Eelektross|Flamethrower|p1a: Rampardos\n|-resisted|p1a: Rampardos\n|-damage|p1a: Rampardos|69\/100\n|\n|-weather|Snow|[upkeep]\n|-damage|p2a: Eelektross|76\/100|[from] Leech Seed|[of] p1a: Rampardos\n|-heal|p1a: Rampardos|83\/100|[silent]\n|upkeep\n|turn|4\n|\n|t:|1701016801\n|move|p1a: Rampardos|Stealth Rock|p2a: Eelektross\n|-sidestart|p2: judgementaldeity|move: Stealth Rock\n|move|p2a: Eelektross|Giga Drain|p1a: Rampardos\n|-supereffective|p1a: Rampardos\n|-damage|p1a: Rampardos|0 fnt\n|-heal|p2a: Eelektross|100\/100|[from] drain|[of] p1a: Rampardos\n|faint|p1a: Rampardos\n|\n|-weather|Snow|[upkeep]\n|upkeep\n|\n|t:|1701016830\n|switch|p1a: Tauros|Tauros, M|100\/100\n|turn|5\n|\n|t:|1701016853\n|move|p1a: Tauros|Rock Climb|p2a: Eelektross\n|-damage|p2a: Eelektross|22\/100\n|move|p2a: Eelektross|Thunderbolt|p1a: Tauros\n|-damage|p1a: Tauros|28\/100\n|\n|-weather|Snow|[upkeep]\n|-damage|p2a: Eelektross|10\/100|[from] Leech Seed|[of] p1a: Tauros\n|-heal|p1a: Tauros|44\/100|[silent]\n|upkeep\n|turn|6\n|\n|t:|1701016863\n|move|p1a: Tauros|Rock Climb|p2a: Eelektross\n|-damage|p2a: Eelektross|0 fnt\n|faint|p2a: Eelektross\n|\n|-weather|Snow|[upkeep]\n|upkeep\n|c|\u2606kaput1809|I must say, this is really a challenge from both sides lol. We should bully jack with these teams\n|c|\u2606judgementaldeity|honestly we should bth. also idk if you got frozen for a bit but this just paused for me for no reason\n|c|\u2606kaput1809|Nah, it did the same for me too\n|\n|t:|1701016998\n|switch|p2a: Ambipom|Ambipom, F|81\/100\n|-damage|p2a: Ambipom|68\/100|[from] Stealth Rock\n|turn|7\n|\n|t:|1701017013\n|switch|p1a: Steelix|Steelix, M|100\/100\n|move|p2a: Ambipom|Fake Out|p1a: Steelix\n|-resisted|p1a: Steelix\n|-crit|p1a: Steelix\n|-damage|p1a: Steelix|87\/100\n|-damage|p2a: Ambipom|58\/100|[from] item: Life Orb\n|\n|-weather|Snow|[upkeep]\n|-heal|p1a: Steelix|93\/100|[from] item: Leftovers\n|upkeep\n|turn|8\n|c|\u2606judgementaldeity|weird tbh\n|\n|t:|1701017030\n|move|p2a: Ambipom|Knock Off|p1a: Steelix\n|-damage|p1a: Steelix|74\/100\n|-enditem|p1a: Steelix|Leftovers|[from] move: Knock Off|[of] p2a: Ambipom\n|-damage|p2a: Ambipom|48\/100|[from] item: Life Orb\n|move|p1a: Steelix|Earthquake|p2a: Ambipom\n|-crit|p2a: Ambipom\n|-damage|p2a: Ambipom|0 fnt\n|faint|p2a: Ambipom\n|\n|-weather|none\n|upkeep\n|\n|t:|1701017049\n|switch|p2a: Exeggutor|Exeggutor, F|100\/100\n|-damage|p2a: Exeggutor|88\/100|[from] Stealth Rock\n|turn|9\n|\n|t:|1701017079\n|switch|p1a: Abomasnow|Abomasnow, F|48\/100\n|-weather|Snow|[from] ability: Snow Warning|[of] p1a: Abomasnow\n|move|p2a: Exeggutor|Hidden Power|p1a: Abomasnow\n|-supereffective|p1a: Abomasnow\n|-damage|p1a: Abomasnow|0 fnt\n|faint|p1a: Abomasnow\n|-damage|p2a: Exeggutor|78\/100|[from] item: Life Orb\n|\n|-weather|Snow|[upkeep]\n|upkeep\n|c|\u2606kaput1809|Damn, the prediction lol\n|c|\u2606judgementaldeity|im surprised the guess worked\n|\n|t:|1701017109\n|switch|p1a: Tauros|Tauros, M|44\/100\n|turn|10\n|\n|t:|1701017123\n|-terastallize|p1a: Tauros|Normal\n|move|p1a: Tauros|Rock Climb|p2a: Exeggutor\n|-damage|p2a: Exeggutor|0 fnt\n|faint|p2a: Exeggutor\n|\n|-weather|Snow|[upkeep]\n|upkeep\n|\n|t:|1701017134\n|switch|p2a: Arcanine|Arcanine, M|100\/100\n|-damage|p2a: Arcanine|76\/100|[from] Stealth Rock\n|-ability|p2a: Arcanine|Intimidate|boost\n|-unboost|p1a: Tauros|atk|1\n|turn|11\n|\n|t:|1701017143\n|move|p2a: Arcanine|Extreme Speed|p1a: Tauros\n|-damage|p1a: Tauros|17\/100\n|move|p1a: Tauros|Rock Climb|p2a: Arcanine|[miss]\n|-miss|p1a: Tauros|p2a: Arcanine\n|\n|-weather|Snow|[upkeep]\n|-heal|p2a: Arcanine|82\/100|[from] item: Leftovers\n|upkeep\n|turn|12\n|c|\u2606kaput1809|NOOOOO ROCKCLIMB\n|\n|t:|1701017157\n|switch|p1a: Volcanion|Volcanion|100\/100\n|move|p2a: Arcanine|Extreme Speed|p1a: Volcanion\n|-damage|p1a: Volcanion|82\/100\n|\n|-weather|Snow|[upkeep]\n|-heal|p1a: Volcanion|88\/100|[from] item: Leftovers\n|-heal|p2a: Arcanine|88\/100|[from] item: Leftovers\n|upkeep\n|turn|13\n|c|\u2606judgementaldeity|F didnt even know it could miss\n|c|\u2606kaput1809|Neither did I tbh\n|\n|t:|1701017178\n|switch|p2a: Blissey|Blissey, F|100\/100\n|-damage|p2a: Blissey|88\/100|[from] Stealth Rock\n|move|p1a: Volcanion|Sludge Bomb|p2a: Blissey\n|-damage|p2a: Blissey|76\/100\n|\n|-weather|Snow|[upkeep]\n|-heal|p1a: Volcanion|94\/100|[from] item: Leftovers\n|-heal|p2a: Blissey|82\/100|[from] item: Leftovers\n|upkeep\n|turn|14\n|\n|t:|1701017209\n|move|p1a: Volcanion|Sludge Bomb|p2a: Blissey\n|-crit|p2a: Blissey\n|-damage|p2a: Blissey|61\/100\n|move|p2a: Blissey|Toxic|p1a: Volcanion\n|-status|p1a: Volcanion|tox\n|\n|-weather|Snow|[upkeep]\n|-heal|p1a: Volcanion|99\/100 tox|[from] item: Leftovers\n|-heal|p2a: Blissey|67\/100|[from] item: Leftovers\n|-damage|p1a: Volcanion|94\/100 tox|[from] psn\n|upkeep\n|turn|15\n|\n|t:|1701017219\n|switch|p1a: Steelix|Steelix, M|74\/100\n|move|p2a: Blissey|Wish|p2a: Blissey\n|\n|-weather|Snow|[upkeep]\n|-heal|p2a: Blissey|74\/100|[from] item: Leftovers\n|upkeep\n|turn|16\n|\n|t:|1701017233\n|move|p2a: Blissey|Seismic Toss|p1a: Steelix\n|-damage|p1a: Steelix|46\/100\n|move|p1a: Steelix|Curse|p1a: Steelix\n|-unboost|p1a: Steelix|spe|1\n|-boost|p1a: Steelix|atk|1\n|-boost|p1a: Steelix|def|1\n|\n|-weather|none\n|-heal|p2a: Blissey|100\/100|[from] move: Wish|[wisher] Blissey\n|upkeep\n|turn|17\n|c|\u2606kaput1809|We're playing this game, huh?\n|c|\u2606judgementaldeity|dang\n|\n|t:|1701017256\n|switch|p2a: Arcanine|Arcanine, M|88\/100\n|-damage|p2a: Arcanine|63\/100|[from] Stealth Rock\n|-ability|p2a: Arcanine|Intimidate|boost\n|-unboost|p1a: Steelix|atk|1\n|move|p1a: Steelix|Heavy Slam|p2a: Arcanine\n|-resisted|p2a: Arcanine\n|-damage|p2a: Arcanine|57\/100\n|\n|-heal|p2a: Arcanine|63\/100|[from] item: Leftovers\n|upkeep\n|turn|18\n|\n|t:|1701017281\n|switch|p1a: Volcanion|Volcanion|94\/100 tox\n|-terastallize|p2a: Arcanine|Fire\n|move|p2a: Arcanine|Flare Blitz|p1a: Volcanion\n|-resisted|p1a: Volcanion\n|-damage|p1a: Volcanion|78\/100 tox\n|-damage|p2a: Arcanine|58\/100|[from] Recoil\n|\n|-heal|p1a: Volcanion|84\/100 tox|[from] item: Leftovers\n|-heal|p2a: Arcanine|64\/100|[from] item: Leftovers\n|-damage|p1a: Volcanion|78\/100 tox|[from] psn\n|upkeep\n|turn|19\n|\n|t:|1701017305\n|switch|p2a: Blissey|Blissey, F|100\/100\n|-damage|p2a: Blissey|88\/100|[from] Stealth Rock\n|move|p1a: Volcanion|Steam Eruption|p2a: Blissey\n|-damage|p2a: Blissey|66\/100\n|-status|p2a: Blissey|brn\n|\n|-heal|p1a: Volcanion|84\/100 tox|[from] item: Leftovers\n|-heal|p2a: Blissey|72\/100 brn|[from] item: Leftovers\n|-damage|p1a: Volcanion|72\/100 tox|[from] psn\n|-damage|p2a: Blissey|66\/100 brn|[from] brn\n|upkeep\n|turn|20\n|\n|t:|1701017320\n|move|p1a: Volcanion|Steam Eruption|p2a: Blissey\n|-damage|p2a: Blissey|42\/100 brn\n|move|p2a: Blissey|Wish|p2a: Blissey\n|\n|-heal|p1a: Volcanion|78\/100 tox|[from] item: Leftovers\n|-heal|p2a: Blissey|48\/100 brn|[from] item: Leftovers\n|-damage|p1a: Volcanion|60\/100 tox|[from] psn\n|-damage|p2a: Blissey|42\/100 brn|[from] brn\n|upkeep\n|turn|21\n|\n|t:|1701017341\n|switch|p1a: Steelix|Steelix, M|46\/100\n|move|p2a: Blissey|Seismic Toss|p1a: Steelix\n|-damage|p1a: Steelix|17\/100\n|\n|-heal|p2a: Blissey|92\/100 brn|[from] move: Wish|[wisher] Blissey\n|-heal|p2a: Blissey|98\/100 brn|[from] item: Leftovers\n|-damage|p2a: Blissey|92\/100 brn|[from] brn\n|upkeep\n|turn|22\n|\n|t:|1701017355\n|move|p2a: Blissey|Protect|p2a: Blissey\n|-singleturn|p2a: Blissey|Protect\n|move|p1a: Steelix|Earthquake|p2a: Blissey\n|-activate|p2a: Blissey|move: Protect\n|\n|-heal|p2a: Blissey|98\/100 brn|[from] item: Leftovers\n|-damage|p2a: Blissey|92\/100 brn|[from] brn\n|upkeep\n|turn|23\n|\n|t:|1701017365\n|move|p2a: Blissey|Seismic Toss|p1a: Steelix\n|-damage|p1a: Steelix|0 fnt\n|faint|p1a: Steelix\n|\n|-heal|p2a: Blissey|98\/100 brn|[from] item: Leftovers\n|-damage|p2a: Blissey|92\/100 brn|[from] brn\n|upkeep\n|\n|t:|1701017383\n|switch|p1a: Tauros|Tauros, M, tera:Normal|17\/100\n|turn|24\n|\n|t:|1701017391\n|-curestatus|p2a: Blissey|brn|[from] ability: Natural Cure\n|switch|p2a: Armaldo|Armaldo, F|100\/100\n|-damage|p2a: Armaldo|76\/100|[from] Stealth Rock\n|move|p1a: Tauros|Rock Climb|p2a: Armaldo\n|-resisted|p2a: Armaldo\n|-crit|p2a: Armaldo\n|-damage|p2a: Armaldo|10\/100\n|\n|-heal|p2a: Armaldo|16\/100|[from] item: Leftovers\n|upkeep\n|turn|25\n|\n|t:|1701017428\n|switch|p1a: Volcanion|Volcanion|60\/100 tox\n|move|p2a: Armaldo|Earthquake|p1a: Volcanion\n|-supereffective|p1a: Volcanion\n|-damage|p1a: Volcanion|0 fnt\n|faint|p1a: Volcanion\n|\n|-heal|p2a: Armaldo|22\/100|[from] item: Leftovers\n|upkeep\n|\n|t:|1701017436\n|switch|p1a: Kommo-o|Kommo-o, F|100\/100\n|turn|26\n|\n|t:|1701017450\n|move|p1a: Kommo-o|Clanging Scales|p2a: Armaldo\n|-damage|p2a: Armaldo|0 fnt\n|faint|p2a: Armaldo\n|-unboost|p1a: Kommo-o|def|1\n|\n|upkeep\n|\n|t:|1701017464\n|switch|p2a: Blissey|Blissey, F|92\/100\n|-damage|p2a: Blissey|79\/100|[from] Stealth Rock\n|turn|27\n|\n|t:|1701017471\n|move|p1a: Kommo-o|Clanging Scales|p2a: Blissey\n|-damage|p2a: Blissey|51\/100\n|-unboost|p1a: Kommo-o|def|1\n|move|p2a: Blissey|Toxic|p1a: Kommo-o\n|-status|p1a: Kommo-o|tox\n|\n|-heal|p2a: Blissey|57\/100|[from] item: Leftovers\n|-damage|p1a: Kommo-o|94\/100 tox|[from] psn\n|upkeep\n|turn|28\n|\n|t:|1701017483\n|move|p2a: Blissey|Protect|p2a: Blissey\n|-singleturn|p2a: Blissey|Protect\n|move|p1a: Kommo-o|Clanging Scales|p2a: Blissey\n|-activate|p2a: Blissey|move: Protect\n|\n|-heal|p2a: Blissey|63\/100|[from] item: Leftovers\n|-damage|p1a: Kommo-o|82\/100 tox|[from] psn\n|upkeep\n|turn|29\n|\n|t:|1701017491\n|move|p1a: Kommo-o|Clanging Scales|p2a: Blissey\n|-damage|p2a: Blissey|34\/100\n|-unboost|p1a: Kommo-o|def|1\n|move|p2a: Blissey|Wish|p2a: Blissey\n|\n|-heal|p2a: Blissey|40\/100|[from] item: Leftovers\n|-damage|p1a: Kommo-o|63\/100 tox|[from] psn\n|upkeep\n|turn|30\n|\n|t:|1701017499\n|move|p2a: Blissey|Protect|p2a: Blissey\n|-singleturn|p2a: Blissey|Protect\n|move|p1a: Kommo-o|Clanging Scales|p2a: Blissey\n|-activate|p2a: Blissey|move: Protect\n|\n|-heal|p2a: Blissey|90\/100|[from] move: Wish|[wisher] Blissey\n|-heal|p2a: Blissey|96\/100|[from] item: Leftovers\n|-damage|p1a: Kommo-o|39\/100 tox|[from] psn\n|upkeep\n|turn|31\n|\n|t:|1701017526\n|move|p1a: Kommo-o|Clanging Scales|p2a: Blissey\n|-damage|p2a: Blissey|65\/100\n|-unboost|p1a: Kommo-o|def|1\n|move|p2a: Blissey|Wish|p2a: Blissey\n|\n|-heal|p2a: Blissey|72\/100|[from] item: Leftovers\n|-damage|p1a: Kommo-o|8\/100 tox|[from] psn\n|upkeep\n|turn|32\n|c|\u2606kaput1809|This annoying Blissey lol\n|\n|t:|1701017537\n|move|p2a: Blissey|Protect|p2a: Blissey\n|-singleturn|p2a: Blissey|Protect\n|move|p1a: Kommo-o|Clanging Scales|p2a: Blissey\n|-activate|p2a: Blissey|move: Protect\n|\n|-heal|p2a: Blissey|100\/100|[from] move: Wish|[wisher] Blissey\n|-damage|p1a: Kommo-o|0 fnt|[from] psn\n|faint|p1a: Kommo-o\n|upkeep\n|\n|t:|1701017545\n|switch|p1a: Tauros|Tauros, M, tera:Normal|17\/100\n|turn|33\n|c|\u2606judgementaldeity|indeed lol. its why we all hate the mon\n|\n|t:|1701017556\n|move|p1a: Tauros|Rock Climb|p2a: Blissey\n|-damage|p2a: Blissey|22\/100\n|move|p2a: Blissey|Toxic|p1a: Tauros\n|-status|p1a: Tauros|tox\n|\n|-heal|p2a: Blissey|28\/100|[from] item: Leftovers\n|-damage|p1a: Tauros|11\/100 tox|[from] psn\n|upkeep\n|turn|34\n|\n|t:|1701017564\n|move|p2a: Blissey|Protect|p2a: Blissey\n|-singleturn|p2a: Blissey|Protect\n|move|p1a: Tauros|Rock Climb|p2a: Blissey\n|-activate|p2a: Blissey|move: Protect\n|\n|-heal|p2a: Blissey|34\/100|[from] item: Leftovers\n|-damage|p1a: Tauros|0 fnt|[from] psn\n|faint|p1a: Tauros\n|\n|win|judgementaldeity\n|upkeep\n|c|\u2606kaput1809|gg\n|l|\u2606kaput1809\n|c|\u2606judgementaldeity|ggs. surprised i came back\n","uploadtime":1701017590,"views":2,"p1id":"kaput1809","p2id":"judgementaldeity","formatid":"gen9nationaldex","rating":0,"private":0,"password":""}