{"id":"gen9nationaldex-1997662106","p1":"hcff","p2":"NeoFlare2967","format":"[Gen 9] National Dex","log":"|html|<div class=\"broadcast-blue\"><strong>[Gen 9] National Dex is currently suspecting Sneasler! For information on how to participate check out the <a href=\"https:\/\/www.smogon.com\/forums\/threads\/sv-national-dex-suspect-8-just-dance.3731534\/\">suspect thread<\/a>.<\/strong><\/div>\n|j|\u2606hcff@!\n|j|\u2606NeoFlare2967\n|t:|1700838971\n|gametype|singles\n|player|p1|hcff|ingo|1220\n|player|p2|NeoFlare2967|102|1247\n|teamsize|p1|6\n|teamsize|p2|6\n|gen|9\n|tier|[Gen 9] National Dex\n|rated|\n|rule|HP Percentage Mod: HP is shown in percentages\n|rule|Endless Battle Clause: Forcing endless battles is banned\n|rule|OHKO Clause: OHKO moves are banned\n|rule|Evasion Clause: Evasion abilities, items, and moves are banned\n|rule|Evasion Abilities Clause: Evasion abilities are banned\n|rule|Evasion Items Clause: Evasion items are banned\n|rule|Evasion Moves Clause: Evasion moves are banned\n|rule|Species Clause: Limit one of each Pok\u00e9mon\n|rule|Sleep Clause Mod: Limit one foe put to sleep\n|clearpoke\n|poke|p1|Latias, F|\n|poke|p1|Virizion|\n|poke|p1|Heatran, F|\n|poke|p1|Salamence, F|\n|poke|p1|Barraskewda, F|\n|poke|p1|Hatterene, F|\n|poke|p2|Togedemaru, L1, F|\n|poke|p2|Moltres|\n|poke|p2|Alomomola, F|\n|poke|p2|Tsareena, F|\n|poke|p2|Sceptile, F|\n|poke|p2|Iron Jugulis|\n|teampreview\n|inactive|Battle timer is ON: inactive players will automatically lose when time's up. (requested by hcff)\n|\n|t:|1700838984\n|start\n|switch|p1a: Heatran|Heatran, F|100\/100\n|switch|p2a: Togedemaru|Togedemaru, L1, F|100\/100\n|turn|1\n|\n|t:|1700838992\n|switch|p2a: Moltres|Moltres|100\/100\n|move|p1a: Heatran|Magma Storm|p2a: Moltres\n|-resisted|p2a: Moltres\n|-damage|p2a: Moltres|80\/100\n|-activate|p2a: Moltres|move: Magma Storm|[of] p1a: Heatran\n|\n|-damage|p2a: Moltres|67\/100|[from] move: Magma Storm|[partiallytrapped]\n|upkeep\n|turn|2\n|\n|t:|1700839008\n|move|p2a: Moltres|Hurricane|p1a: Heatran|[miss]\n|-miss|p2a: Moltres|p1a: Heatran\n|move|p1a: Heatran|Toxic|p2a: Moltres\n|-status|p2a: Moltres|tox\n|\n|-damage|p2a: Moltres|61\/100 tox|[from] psn\n|-damage|p2a: Moltres|49\/100 tox|[from] move: Magma Storm|[partiallytrapped]\n|upkeep\n|turn|3\n|\n|t:|1700839012\n|move|p2a: Moltres|Hurricane|p1a: Heatran\n|-resisted|p1a: Heatran\n|-damage|p1a: Heatran|82\/100\n|move|p1a: Heatran|Magma Storm|p2a: Moltres\n|-resisted|p2a: Moltres\n|-damage|p2a: Moltres|29\/100 tox\n|\n|-heal|p1a: Heatran|88\/100|[from] item: Leftovers\n|-damage|p2a: Moltres|17\/100 tox|[from] psn\n|-damage|p2a: Moltres|5\/100 tox|[from] move: Magma Storm|[partiallytrapped]\n|upkeep\n|turn|4\n|\n|t:|1700839016\n|move|p2a: Moltres|Roost|p2a: Moltres\n|-heal|p2a: Moltres|55\/100 tox\n|-singleturn|p2a: Moltres|move: Roost\n|move|p1a: Heatran|Earth Power|p2a: Moltres\n|-supereffective|p2a: Moltres\n|-damage|p2a: Moltres|6\/100 tox\n|\n|-heal|p1a: Heatran|94\/100|[from] item: Leftovers\n|-damage|p2a: Moltres|0 fnt|[from] psn\n|faint|p2a: Moltres\n|upkeep\n|\n|t:|1700839031\n|switch|p2a: Tsareena|Tsareena, F|100\/100\n|turn|5\n|\n|t:|1700839039\n|move|p1a: Heatran|Magma Storm|p2a: Tsareena\n|-supereffective|p2a: Tsareena\n|-damage|p2a: Tsareena|0 fnt\n|faint|p2a: Tsareena\n|\n|-heal|p1a: Heatran|100\/100|[from] item: Leftovers\n|upkeep\n|\n|t:|1700839043\n|switch|p2a: Alomomola|Alomomola, F|100\/100\n|turn|6\n|\n|t:|1700839045\n|move|p1a: Heatran|Toxic|p2a: Alomomola\n|-status|p2a: Alomomola|tox\n|move|p2a: Alomomola|Flip Turn|p1a: Heatran\n|-supereffective|p1a: Heatran\n|-damage|p1a: Heatran|80\/100\n|\n|t:|1700839049\n|switch|p2a: Iron Jugulis|Iron Jugulis|100\/100|[from] Flip Turn\n|-enditem|p2a: Iron Jugulis|Booster Energy\n|-activate|p2a: Iron Jugulis|ability: Quark Drive|[fromitem]\n|-start|p2a: Iron Jugulis|quarkdrivespe\n|\n|-heal|p1a: Heatran|87\/100|[from] item: Leftovers\n|upkeep\n|turn|7\n|\n|t:|1700839058\n|switch|p1a: Salamence|Salamence, F|100\/100\n|-ability|p1a: Salamence|Intimidate|boost\n|-unboost|p2a: Iron Jugulis|atk|1\n|move|p2a: Iron Jugulis|Hydro Pump|p1a: Salamence|[miss]\n|-miss|p2a: Iron Jugulis|p1a: Salamence\n|\n|upkeep\n|turn|8\n|\n|t:|1700839065\n|-terastallize|p2a: Iron Jugulis|Dark\n|move|p2a: Iron Jugulis|Dark Pulse|p1a: Salamence\n|-damage|p1a: Salamence|45\/100\n|move|p1a: Salamence|Draco Meteor|p2a: Iron Jugulis|[miss]\n|-miss|p1a: Salamence|p2a: Iron Jugulis\n|\n|upkeep\n|turn|9\n|\n|t:|1700839073\n|move|p2a: Iron Jugulis|Dark Pulse|p1a: Salamence\n|-damage|p1a: Salamence|0 fnt\n|faint|p1a: Salamence\n|\n|upkeep\n|\n|t:|1700839080\n|switch|p1a: Hatterene|Hatterene, F|100\/100\n|turn|10\n|\n|t:|1700839084\n|-end|p2a: Iron Jugulis|Quark Drive|[silent]\n|switch|p2a: Alomomola|Alomomola, F|100\/100 tox\n|move|p1a: Hatterene|Calm Mind|p1a: Hatterene\n|-boost|p1a: Hatterene|spa|1\n|-boost|p1a: Hatterene|spd|1\n|\n|-damage|p2a: Alomomola|94\/100 tox|[from] psn\n|upkeep\n|turn|11\n|\n|t:|1700839093\n|move|p2a: Alomomola|Flip Turn|p1a: Hatterene\n|-damage|p1a: Hatterene|87\/100\n|\n|t:|1700839098\n|switch|p2a: Iron Jugulis|Iron Jugulis, tera:Dark|100\/100|[from] Flip Turn\n|move|p1a: Hatterene|Calm Mind|p1a: Hatterene\n|-boost|p1a: Hatterene|spa|1\n|-boost|p1a: Hatterene|spd|1\n|\n|-heal|p1a: Hatterene|93\/100|[from] item: Leftovers\n|upkeep\n|turn|12\n|\n|t:|1700839105\n|-end|p2a: Iron Jugulis|Quark Drive|[silent]\n|switch|p2a: Alomomola|Alomomola, F|100\/100 tox\n|move|p1a: Hatterene|Draining Kiss|p2a: Alomomola\n|-damage|p2a: Alomomola|41\/100 tox\n|-heal|p1a: Hatterene|100\/100|[from] drain|[of] p2a: Alomomola\n|-damage|p1a: Hatterene|84\/100|[from] item: Rocky Helmet|[of] p2a: Alomomola\n|\n|-heal|p1a: Hatterene|90\/100|[from] item: Leftovers\n|-damage|p2a: Alomomola|35\/100 tox|[from] psn\n|upkeep\n|turn|13\n|\n|t:|1700839109\n|move|p2a: Alomomola|Flip Turn|p1a: Hatterene\n|-damage|p1a: Hatterene|77\/100\n|\n|t:|1700839130\n|switch|p2a: Iron Jugulis|Iron Jugulis, tera:Dark|100\/100|[from] Flip Turn\n|move|p1a: Hatterene|Draining Kiss|p2a: Iron Jugulis\n|-supereffective|p2a: Iron Jugulis\n|-damage|p2a: Iron Jugulis|0 fnt\n|-heal|p1a: Hatterene|100\/100|[from] drain|[of] p2a: Iron Jugulis\n|faint|p2a: Iron Jugulis\n|-end|p2a: Iron Jugulis|Quark Drive|[silent]\n|\n|upkeep\n|\n|t:|1700839133\n|switch|p2a: Togedemaru|Togedemaru, L1, F|100\/100\n|turn|14\n|\n|t:|1700839136\n|move|p1a: Hatterene|Draining Kiss|p2a: Togedemaru\n|-resisted|p2a: Togedemaru\n|-ability|p2a: Togedemaru|Sturdy\n|-damage|p2a: Togedemaru|9\/100\n|move|p2a: Togedemaru|Endeavor|p1a: Hatterene\n|-damage|p1a: Hatterene|1\/100\n|-heal|p2a: Togedemaru|100\/100|[from] item: Shell Bell|[of] p1a: Hatterene\n|\n|-heal|p1a: Hatterene|7\/100|[from] item: Leftovers\n|upkeep\n|turn|15\n|\n|t:|1700839141\n|move|p2a: Togedemaru|Spiky Shield|p2a: Togedemaru\n|-singleturn|p2a: Togedemaru|move: Protect\n|move|p1a: Hatterene|Draining Kiss|p2a: Togedemaru\n|-activate|p2a: Togedemaru|move: Protect\n|-damage|p1a: Hatterene|0 fnt|[from] Spiky Shield|[of] p2a: Togedemaru\n|faint|p1a: Hatterene\n|\n|upkeep\n|\n|t:|1700839144\n|switch|p1a: Heatran|Heatran, F|87\/100\n|turn|16\n|\n|t:|1700839149\n|move|p1a: Heatran|Magma Storm|p2a: Togedemaru\n|-supereffective|p2a: Togedemaru\n|-ability|p2a: Togedemaru|Sturdy\n|-damage|p2a: Togedemaru|9\/100\n|-activate|p2a: Togedemaru|move: Magma Storm|[of] p1a: Heatran\n|move|p2a: Togedemaru|Endeavor|p1a: Heatran\n|-damage|p1a: Heatran|1\/100\n|-heal|p2a: Togedemaru|100\/100|[from] item: Shell Bell|[of] p1a: Heatran\n|\n|-heal|p1a: Heatran|7\/100|[from] item: Leftovers\n|-damage|p2a: Togedemaru|92\/100|[from] move: Magma Storm|[partiallytrapped]\n|upkeep\n|turn|17\n|\n|t:|1700839156\n|move|p1a: Heatran|Earth Power|p2a: Togedemaru\n|-supereffective|p2a: Togedemaru\n|-damage|p2a: Togedemaru|0 fnt\n|faint|p2a: Togedemaru\n|\n|-heal|p1a: Heatran|13\/100|[from] item: Leftovers\n|upkeep\n|\n|t:|1700839159\n|switch|p2a: Sceptile|Sceptile, F|100\/100\n|turn|18\n|\n|t:|1700839163\n|detailschange|p2a: Sceptile|Sceptile-Mega, F\n|-mega|p2a: Sceptile|Sceptile|Sceptilite\n|move|p2a: Sceptile|Dragon Pulse|p1a: Heatran\n|-resisted|p1a: Heatran\n|-damage|p1a: Heatran|0 fnt\n|faint|p1a: Heatran\n|\n|upkeep\n|\n|t:|1700839167\n|switch|p1a: Latias|Latias, F|100\/100\n|turn|19\n|\n|t:|1700839169\n|-terastallize|p1a: Latias|Poison\n|move|p2a: Sceptile|Dragon Pulse|p1a: Latias\n|-damage|p1a: Latias|58\/100\n|move|p1a: Latias|Substitute|p1a: Latias\n|-start|p1a: Latias|Substitute\n|-damage|p1a: Latias|33\/100\n|\n|-heal|p1a: Latias|39\/100|[from] item: Leftovers\n|upkeep\n|turn|20\n|\n|t:|1700839178\n|move|p2a: Sceptile|Energy Ball|p1a: Latias\n|-resisted|p1a: Latias\n|-crit|p1a: Latias\n|-end|p1a: Latias|Substitute\n|move|p1a: Latias|Calm Mind|p1a: Latias\n|-boost|p1a: Latias|spa|1\n|-boost|p1a: Latias|spd|1\n|\n|-heal|p1a: Latias|45\/100|[from] item: Leftovers\n|upkeep\n|turn|21\n|\n|t:|1700839187\n|move|p2a: Sceptile|Dragon Pulse|p1a: Latias\n|-damage|p1a: Latias|17\/100\n|move|p1a: Latias|Mystical Fire|p2a: Sceptile\n|-damage|p2a: Sceptile|63\/100\n|-unboost|p2a: Sceptile|spa|1\n|\n|-heal|p1a: Latias|23\/100|[from] item: Leftovers\n|upkeep\n|turn|22\n|\n|t:|1700839197\n|move|p2a: Sceptile|Dragon Pulse|p1a: Latias\n|-damage|p1a: Latias|7\/100\n|move|p1a: Latias|Psyshock|p2a: Sceptile\n|-damage|p2a: Sceptile|0 fnt\n|faint|p2a: Sceptile\n|\n|-heal|p1a: Latias|13\/100|[from] item: Leftovers\n|upkeep\n|\n|t:|1700839206\n|switch|p2a: Alomomola|Alomomola, F|68\/100 tox\n|turn|23\n|-message|NeoFlare2967 forfeited.\n|\n|win|hcff\n|raw|hcff's rating: 1220 &rarr; <strong>1247<\/strong><br \/>(+27 for winning)\n|raw|NeoFlare2967's rating: 1247 &rarr; <strong>1220<\/strong><br \/>(-27 for losing)\n|l|\u2606NeoFlare2967\n","uploadtime":1700839213,"views":10,"p1id":"hcff","p2id":"neoflare2967","formatid":"gen9nationaldex","rating":1220,"private":0,"password":""}