{"id":"gen9nationaldex-1992660523","p1":"emeraldeagle21","p2":"ouxiaonengshou","format":"[Gen 9] National Dex","log":"|j|\u2606emeraldeagle21\n|j|\u2606ouxiaonengshou\n|t:|1700221825\n|gametype|singles\n|player|p1|emeraldeagle21|ghetsis-gen5bw|1036\n|player|p2|ouxiaonengshou|iris-gen5bw2|1081\n|teamsize|p1|6\n|teamsize|p2|6\n|gen|9\n|tier|[Gen 9] National Dex\n|rated|\n|rule|HP Percentage Mod: HP is shown in percentages\n|rule|Endless Battle Clause: Forcing endless battles is banned\n|rule|OHKO Clause: OHKO moves are banned\n|rule|Evasion Clause: Evasion abilities, items, and moves are banned\n|rule|Evasion Abilities Clause: Evasion abilities are banned\n|rule|Evasion Items Clause: Evasion items are banned\n|rule|Evasion Moves Clause: Evasion moves are banned\n|rule|Species Clause: Limit one of each Pok\u00e9mon\n|rule|Sleep Clause Mod: Limit one foe put to sleep\n|clearpoke\n|poke|p1|Medicham, M|\n|poke|p1|Luxray, M|\n|poke|p1|Blacephalon|\n|poke|p1|Grimmsnarl, M|\n|poke|p1|Emboar, M|\n|poke|p1|Whiscash, F|\n|poke|p2|Sudowoodo, M|\n|poke|p2|Shiftry, F|\n|poke|p2|Corviknight, M|\n|poke|p2|Swampert, F|\n|poke|p2|Pelipper, M|\n|poke|p2|Ogerpon, F|\n|teampreview\n|inactive|Battle timer is ON: inactive players will automatically lose when time's up. (requested by emeraldeagle21)\n|\n|t:|1700221831\n|start\n|switch|p1a: Gon|Whiscash, F|100\/100\n|switch|p2a: Sudowoodo|Sudowoodo, M, shiny|100\/100\n|turn|1\n|\n|t:|1700221837\n|move|p2a: Sudowoodo|Stealth Rock|p1a: Gon\n|-sidestart|p1: emeraldeagle21|move: Stealth Rock\n|move|p1a: Gon|Hydro Pump|p2a: Sudowoodo\n|-supereffective|p2a: Sudowoodo\n|-ability|p2a: Sudowoodo|Sturdy\n|-damage|p2a: Sudowoodo|1\/100\n|-damage|p1a: Gon|91\/100|[from] item: Life Orb\n|\n|upkeep\n|turn|2\n|\n|t:|1700221846\n|switch|p2a: Shiftry|Shiftry, F, shiny|100\/100\n|move|p1a: Gon|Scald|p2a: Shiftry\n|-resisted|p2a: Shiftry\n|-damage|p2a: Shiftry|65\/100\n|-damage|p1a: Gon|81\/100|[from] item: Life Orb\n|\n|upkeep\n|turn|3\n|\n|t:|1700221854\n|move|p2a: Shiftry|Tailwind|p2a: Shiftry\n|-sidestart|p2: ouxiaonengshou|move: Tailwind\n|-ability|p2a: Shiftry|Wind Rider|boost\n|-boost|p2a: Shiftry|atk|1\n|move|p1a: Gon|Hidden Power|p2a: Shiftry\n|-supereffective|p2a: Shiftry\n|-damage|p2a: Shiftry|0 fnt\n|faint|p2a: Shiftry\n|-damage|p1a: Gon|71\/100|[from] item: Life Orb\n|\n|upkeep\n|\n|t:|1700221863\n|switch|p2a: Ogerpon|Ogerpon, F|100\/100\n|turn|4\n|\n|t:|1700221871\n|move|p2a: Ogerpon|Swords Dance|p2a: Ogerpon\n|-boost|p2a: Ogerpon|atk|2\n|move|p1a: Gon|Hidden Power|p2a: Ogerpon\n|-supereffective|p2a: Ogerpon\n|-crit|p2a: Ogerpon\n|-damage|p2a: Ogerpon|19\/100\n|-damage|p1a: Gon|61\/100|[from] item: Life Orb\n|\n|upkeep\n|turn|5\n|\n|t:|1700221879\n|move|p2a: Ogerpon|Ivy Cudgel|p1a: Gon\n|-supereffective|p1a: Gon\n|-crit|p1a: Gon\n|-damage|p1a: Gon|0 fnt\n|faint|p1a: Gon\n|\n|upkeep\n|\n|t:|1700221889\n|switch|p1a: Netero|Medicham, M|100\/100\n|-damage|p1a: Netero|94\/100|[from] Stealth Rock\n|turn|6\n|\n|t:|1700221894\n|switch|p2a: Corviknight|Corviknight, M, shiny|100\/100\n|detailschange|p1a: Netero|Medicham-Mega, M\n|-mega|p1a: Netero|Medicham|Medichamite\n|move|p1a: Netero|Fake Out|p2a: Corviknight\n|-resisted|p2a: Corviknight\n|-damage|p2a: Corviknight|90\/100\n|-damage|p1a: Netero|78\/100|[from] item: Rocky Helmet|[of] p2a: Corviknight\n|\n|-sideend|p2: ouxiaonengshou|move: Tailwind\n|upkeep\n|turn|7\n|\n|t:|1700221909\n|move|p1a: Netero|Ice Punch|p2a: Corviknight\n|-damage|p2a: Corviknight|52\/100\n|-damage|p1a: Netero|61\/100|[from] item: Rocky Helmet|[of] p2a: Corviknight\n|move|p2a: Corviknight|Roost|p2a: Corviknight\n|-heal|p2a: Corviknight|100\/100\n|-singleturn|p2a: Corviknight|move: Roost\n|\n|upkeep\n|turn|8\n|\n|t:|1700221923\n|switch|p1a: Ging|Emboar, M|100\/100\n|-damage|p1a: Ging|88\/100|[from] Stealth Rock\n|switch|p2a: Pelipper|Pelipper, M|100\/100\n|-weather|RainDance|[from] ability: Drizzle|[of] p2a: Pelipper\n|\n|-weather|RainDance|[upkeep]\n|upkeep\n|turn|9\n|\n|t:|1700221931\n|move|p2a: Pelipper|Weather Ball|p1a: Ging\n|-supereffective|p1a: Ging\n|-damage|p1a: Ging|0 fnt\n|faint|p1a: Ging\n|\n|-weather|RainDance|[upkeep]\n|upkeep\n|\n|t:|1700221942\n|switch|p1a: Killua|Luxray, M, shiny|100\/100\n|-damage|p1a: Killua|88\/100|[from] Stealth Rock\n|turn|10\n|\n|t:|1700221951\n|-terastallize|p2a: Pelipper|Ground\n|move|p1a: Killua|Facade|p2a: Pelipper\n|-damage|p2a: Pelipper|81\/100\n|move|p2a: Pelipper|Weather Ball|p1a: Killua\n|-damage|p1a: Killua|25\/100\n|\n|-weather|RainDance|[upkeep]\n|-status|p1a: Killua|brn|[from] item: Flame Orb\n|upkeep\n|turn|11\n|l|\u2606emeraldeagle21\n|inactive|emeraldeagle21 disconnected and has a minute to reconnect!\n|player|p1|\n|inactive|emeraldeagle21 has 30 seconds to reconnect!\n|inactive|emeraldeagle21 has 20 seconds to reconnect!\n|inactive|emeraldeagle21 has 15 seconds to reconnect!\n|inactive|emeraldeagle21 has 10 seconds to reconnect!\n|inactive|emeraldeagle21 has 5 seconds to reconnect!\n|-message|emeraldeagle21 lost due to inactivity.\n|\n|win|ouxiaonengshou\n|raw|emeraldeagle21's rating: 1036 &rarr; <strong>1023<\/strong><br \/>(-13 for losing)\n|raw|ouxiaonengshou's rating: 1081 &rarr; <strong>1105<\/strong><br \/>(+24 for winning)\n","uploadtime":1700222015,"views":5,"p1id":"emeraldeagle21","p2id":"ouxiaonengshou","formatid":"gen9nationaldex","rating":1023,"private":0,"password":""}