{"id":"gen9nationaldex-1994086941","p1":"Rayfall","p2":"a903608420","format":"[Gen 9] National Dex","log":"|j|\u2606Rayfall\n|j|\u2606a903608420\n|t:|1700405164\n|gametype|singles\n|player|p1|Rayfall|101|1189\n|player|p2|a903608420|266|1254\n|teamsize|p1|6\n|teamsize|p2|6\n|gen|9\n|tier|[Gen 9] National Dex\n|rated|\n|rule|HP Percentage Mod: HP is shown in percentages\n|rule|Endless Battle Clause: Forcing endless battles is banned\n|rule|OHKO Clause: OHKO moves are banned\n|rule|Evasion Clause: Evasion abilities, items, and moves are banned\n|rule|Evasion Abilities Clause: Evasion abilities are banned\n|rule|Evasion Items Clause: Evasion items are banned\n|rule|Evasion Moves Clause: Evasion moves are banned\n|rule|Species Clause: Limit one of each Pok\u00e9mon\n|rule|Sleep Clause Mod: Limit one foe put to sleep\n|clearpoke\n|poke|p1|Kricketune, M|\n|poke|p1|Gliscor, M|\n|poke|p1|Ogerpon-Wellspring, F|\n|poke|p1|Reuniclus, M|\n|poke|p1|Sneasler, F|\n|poke|p1|Tornadus-Therian, M|\n|poke|p2|Charizard, M|\n|poke|p2|Venusaur, F|\n|poke|p2|Darmanitan, M|\n|poke|p2|Torkoal, M|\n|poke|p2|Great Tusk|\n|poke|p2|Hatterene, F|\n|teampreview\n|inactive|Battle timer is ON: inactive players will automatically lose when time's up. (requested by Rayfall)\n|\n|t:|1700405172\n|start\n|switch|p1a: Sneasler|Sneasler, F|100\/100\n|switch|p2a: Charizard|Charizard, M|100\/100\n|turn|1\n|\n|t:|1700405182\n|detailschange|p2a: Charizard|Charizard-Mega-Y, M\n|-mega|p2a: Charizard|Charizard|Charizardite Y\n|-weather|SunnyDay|[from] ability: Drought|[of] p2a: Charizard\n|move|p1a: Sneasler|Rock Slide|p2a: Charizard\n|-supereffective|p2a: Charizard\n|-damage|p2a: Charizard|0 fnt\n|faint|p2a: Charizard\n|\n|-weather|SunnyDay|[upkeep]\n|upkeep\n|\n|t:|1700405194\n|switch|p2a: Darmanitan|Darmanitan, M|100\/100\n|turn|2\n|\n|t:|1700405199\n|switch|p1a: Gliscor|Gliscor, M|100\/100\n|move|p2a: Darmanitan|Flare Blitz|p1a: Gliscor\n|-damage|p1a: Gliscor|2\/100\n|-damage|p2a: Darmanitan|68\/100|[from] Recoil\n|\n|-weather|SunnyDay|[upkeep]\n|-status|p1a: Gliscor|tox|[from] item: Toxic Orb\n|upkeep\n|turn|3\n|\n|t:|1700405212\n|-terastallize|p2a: Darmanitan|Fire\n|move|p2a: Darmanitan|Flare Blitz|p1a: Gliscor\n|-damage|p1a: Gliscor|0 fnt\n|faint|p1a: Gliscor\n|-damage|p2a: Darmanitan|67\/100|[from] Recoil\n|\n|-weather|SunnyDay|[upkeep]\n|upkeep\n|\n|t:|1700405219\n|switch|p1a: Ogerpon|Ogerpon-Wellspring, F|100\/100\n|turn|4\n|\n|t:|1700405225\n|-terastallize|p1a: Ogerpon|Water\n|detailschange|p1a: Ogerpon|Ogerpon-Wellspring-Tera, F, tera:Water\n|-ability|p1a: Ogerpon|Embody Aspect (Wellspring)|boost\n|-boost|p1a: Ogerpon|spd|1\n|move|p2a: Darmanitan|Flare Blitz|p1a: Ogerpon\n|-resisted|p1a: Ogerpon\n|-damage|p1a: Ogerpon|7\/100\n|-damage|p2a: Darmanitan|35\/100|[from] Recoil\n|move|p1a: Ogerpon|Synthesis|p1a: Ogerpon\n|-heal|p1a: Ogerpon|74\/100\n|\n|-weather|SunnyDay|[upkeep]\n|upkeep\n|turn|5\n|\n|t:|1700405239\n|switch|p1a: Tornadus|Tornadus-Therian, M|100\/100\n|move|p2a: Darmanitan|Flare Blitz|p1a: Tornadus\n|-damage|p1a: Tornadus|0 fnt\n|faint|p1a: Tornadus\n|-damage|p2a: Darmanitan|7\/100|[from] Recoil\n|\n|-weather|none\n|upkeep\n|\n|t:|1700405248\n|switch|p1a: Ogerpon|Ogerpon-Wellspring-Tera, F, tera:Water|74\/100\n|-ability|p1a: Ogerpon|Embody Aspect (Wellspring)|boost\n|-boost|p1a: Ogerpon|spd|1\n|turn|6\n|\n|t:|1700405254\n|switch|p2a: Torkoal|Torkoal, M|100\/100\n|-weather|SunnyDay|[from] ability: Drought|[of] p2a: Torkoal\n|move|p1a: Ogerpon|Swords Dance|p1a: Ogerpon\n|-boost|p1a: Ogerpon|atk|2\n|\n|-weather|SunnyDay|[upkeep]\n|upkeep\n|turn|7\n|\n|t:|1700405265\n|move|p1a: Ogerpon|Ivy Cudgel|p2a: Torkoal|[anim] Ivy Cudgel Water\n|-supereffective|p2a: Torkoal\n|-damage|p2a: Torkoal|32\/100\n|move|p2a: Torkoal|Yawn|p1a: Ogerpon\n|-start|p1a: Ogerpon|move: Yawn|[of] p2a: Torkoal\n|\n|-weather|SunnyDay|[upkeep]\n|upkeep\n|turn|8\n|\n|t:|1700405274\n|switch|p1a: Kricketune|Kricketune, M|100\/100\n|move|p2a: Torkoal|Toxic|p1a: Kricketune\n|-status|p1a: Kricketune|tox\n|\n|-weather|SunnyDay|[upkeep]\n|-damage|p1a: Kricketune|94\/100 tox|[from] psn\n|upkeep\n|turn|9\n|\n|t:|1700405286\n|switch|p2a: Great Tusk|Great Tusk|100\/100\n|-activate|p2a: Great Tusk|ability: Protosynthesis\n|-start|p2a: Great Tusk|protosynthesisatk\n|move|p1a: Kricketune|Knock Off|p2a: Great Tusk\n|-resisted|p2a: Great Tusk\n|-damage|p2a: Great Tusk|96\/100\n|\n|-weather|SunnyDay|[upkeep]\n|-damage|p1a: Kricketune|82\/100 tox|[from] psn\n|upkeep\n|turn|10\n|\n|t:|1700405298\n|move|p2a: Great Tusk|Ice Spinner|p1a: Kricketune\n|-damage|p1a: Kricketune|21\/100 tox\n|-enditem|p1a: Kricketune|Red Card|[of] p2a: Great Tusk\n|-end|p2a: Great Tusk|Protosynthesis|[silent]\n|drag|p2a: Venusaur|Venusaur, F|100\/100\n|move|p1a: Kricketune|Sticky Web|p2a: Venusaur\n|-sidestart|p2: a903608420|move: Sticky Web\n|\n|-weather|SunnyDay|[upkeep]\n|-damage|p1a: Kricketune|2\/100 tox|[from] psn\n|upkeep\n|turn|11\n|\n|t:|1700405315\n|move|p2a: Venusaur|Growth|p2a: Venusaur\n|-boost|p2a: Venusaur|atk|2\n|-boost|p2a: Venusaur|spa|2\n|move|p1a: Kricketune|String Shot|p2a: Venusaur\n|-unboost|p2a: Venusaur|spe|2\n|\n|-weather|SunnyDay|[upkeep]\n|-damage|p1a: Kricketune|0 fnt|[from] psn\n|faint|p1a: Kricketune\n|upkeep\n|\n|t:|1700405324\n|switch|p1a: Sneasler|Sneasler, F|100\/100\n|turn|12\n|\n|t:|1700405328\n|move|p1a: Sneasler|U-turn|p2a: Venusaur\n|-damage|p2a: Venusaur|56\/100\n|\n|t:|1700405332\n|switch|p1a: Reuniclus|Reuniclus, M|100\/100|[from] U-turn\n|move|p2a: Venusaur|Weather Ball|p1a: Reuniclus\n|-damage|p1a: Reuniclus|25\/100\n|\n|-weather|SunnyDay|[upkeep]\n|-heal|p1a: Reuniclus|31\/100|[from] item: Leftovers\n|upkeep\n|turn|13\n|\n|t:|1700405342\n|move|p2a: Venusaur|Weather Ball|p1a: Reuniclus\n|-damage|p1a: Reuniclus|0 fnt\n|faint|p1a: Reuniclus\n|\n|-weather|none\n|upkeep\n|\n|t:|1700405348\n|switch|p1a: Sneasler|Sneasler, F|100\/100\n|turn|14\n|\n|t:|1700405353\n|switch|p2a: Hatterene|Hatterene, F|100\/100\n|-activate|p2a: Hatterene|move: Sticky Web\n|-unboost|p2a: Hatterene|spe|1\n|move|p1a: Sneasler|Dire Claw|p2a: Hatterene\n|-supereffective|p2a: Hatterene\n|-damage|p2a: Hatterene|0 fnt\n|faint|p2a: Hatterene\n|\n|upkeep\n|\n|t:|1700405363\n|switch|p2a: Torkoal|Torkoal, M|32\/100\n|-activate|p2a: Torkoal|move: Sticky Web\n|-unboost|p2a: Torkoal|spe|1\n|-weather|SunnyDay|[from] ability: Drought|[of] p2a: Torkoal\n|turn|15\n|inactive|Rayfall has 120 seconds left.\n|\n|t:|1700405413\n|move|p1a: Sneasler|Dire Claw|p2a: Torkoal\n|-damage|p2a: Torkoal|0 fnt\n|faint|p2a: Torkoal\n|\n|-weather|SunnyDay|[upkeep]\n|upkeep\n|\n|t:|1700405420\n|switch|p2a: Great Tusk|Great Tusk|96\/100\n|-activate|p2a: Great Tusk|move: Sticky Web\n|-unboost|p2a: Great Tusk|spe|1\n|-activate|p2a: Great Tusk|ability: Protosynthesis\n|-start|p2a: Great Tusk|protosynthesisatk\n|turn|16\n|\n|t:|1700405427\n|switch|p1a: Ogerpon|Ogerpon-Wellspring-Tera, F, tera:Water|74\/100\n|-ability|p1a: Ogerpon|Embody Aspect (Wellspring)|boost\n|-boost|p1a: Ogerpon|spd|1\n|move|p2a: Great Tusk|Rapid Spin|p1a: Ogerpon\n|-damage|p1a: Ogerpon|47\/100\n|-boost|p2a: Great Tusk|spe|1\n|-sideend|p2: a903608420|Sticky Web|[from] move: Rapid Spin|[of] p2a: Great Tusk\n|\n|-weather|SunnyDay|[upkeep]\n|upkeep\n|turn|17\n|inactive|Rayfall has 120 seconds left.\n|\n|t:|1700405439\n|-end|p2a: Great Tusk|Protosynthesis|[silent]\n|switch|p2a: Darmanitan|Darmanitan, M, tera:Fire|7\/100\n|move|p1a: Ogerpon|Horn Leech|p2a: Darmanitan\n|-resisted|p2a: Darmanitan\n|-damage|p2a: Darmanitan|0 fnt\n|-heal|p1a: Ogerpon|50\/100|[from] drain|[of] p2a: Darmanitan\n|faint|p2a: Darmanitan\n|\n|-weather|SunnyDay|[upkeep]\n|upkeep\n|\n|t:|1700405449\n|switch|p2a: Venusaur|Venusaur, F|56\/100\n|turn|18\n|\n|t:|1700405454\n|switch|p1a: Sneasler|Sneasler, F|100\/100\n|move|p2a: Venusaur|Earthquake|p1a: Sneasler\n|-supereffective|p1a: Sneasler\n|-damage|p1a: Sneasler|38\/100\n|\n|-weather|SunnyDay|[upkeep]\n|upkeep\n|turn|19\n|\n|t:|1700405468\n|switch|p1a: Ogerpon|Ogerpon-Wellspring-Tera, F, tera:Water|50\/100\n|-ability|p1a: Ogerpon|Embody Aspect (Wellspring)|boost\n|-boost|p1a: Ogerpon|spd|1\n|move|p2a: Venusaur|Weather Ball|p1a: Ogerpon\n|-resisted|p1a: Ogerpon\n|-damage|p1a: Ogerpon|36\/100\n|\n|-weather|SunnyDay|[upkeep]\n|upkeep\n|turn|20\n|\n|t:|1700405480\n|move|p1a: Ogerpon|Synthesis|p1a: Ogerpon\n|-heal|p1a: Ogerpon|100\/100\n|move|p2a: Venusaur|Growth|p2a: Venusaur\n|-boost|p2a: Venusaur|atk|2\n|-boost|p2a: Venusaur|spa|2\n|\n|-weather|SunnyDay|[upkeep]\n|upkeep\n|turn|21\n|\n|t:|1700405489\n|move|p1a: Ogerpon|Swords Dance|p1a: Ogerpon\n|-boost|p1a: Ogerpon|atk|2\n|move|p2a: Venusaur|Weather Ball|p1a: Ogerpon\n|-resisted|p1a: Ogerpon\n|-damage|p1a: Ogerpon|71\/100\n|\n|-weather|SunnyDay|[upkeep]\n|upkeep\n|turn|22\n|\n|t:|1700405497\n|move|p1a: Ogerpon|Swords Dance|p1a: Ogerpon\n|-boost|p1a: Ogerpon|atk|2\n|move|p2a: Venusaur|Giga Drain|p1a: Ogerpon\n|-supereffective|p1a: Ogerpon\n|-damage|p1a: Ogerpon|0 fnt\n|-heal|p2a: Venusaur|98\/100|[from] drain|[of] p1a: Ogerpon\n|faint|p1a: Ogerpon\n|\n|-weather|none\n|upkeep\n|\n|t:|1700405505\n|switch|p1a: Sneasler|Sneasler, F|38\/100\n|turn|23\n|\n|t:|1700405510\n|move|p1a: Sneasler|Close Combat|p2a: Venusaur\n|-resisted|p2a: Venusaur\n|-damage|p2a: Venusaur|36\/100\n|-unboost|p1a: Sneasler|def|1\n|-unboost|p1a: Sneasler|spd|1\n|move|p2a: Venusaur|Earthquake|p1a: Sneasler\n|-supereffective|p1a: Sneasler\n|-damage|p1a: Sneasler|0 fnt\n|faint|p1a: Sneasler\n|\n|win|a903608420\n|raw|Rayfall's rating: 1189 &rarr; <strong>1169<\/strong><br \/>(-20 for losing)\n|raw|a903608420's rating: 1254 &rarr; <strong>1274<\/strong><br \/>(+20 for winning)\n|l|\u2606Rayfall\n","uploadtime":1700405522,"views":18,"p1id":"rayfall","p2id":"a903608420","formatid":"gen9nationaldex","rating":1169,"private":0,"password":""}