{"id":"gen9nationaldex-1995235385","p1":"TheFlareDude","p2":"Underrated Battler","format":"[Gen 9] National Dex","log":"|html|<div class=\"broadcast-blue\"><strong>[Gen 9] National Dex is currently suspecting Sneasler! For information on how to participate check out the <a href=\"https:\/\/www.smogon.com\/forums\/threads\/sv-national-dex-suspect-8-just-dance.3731534\/\">suspect thread<\/a>.<\/strong><\/div>\n|j|\u2606TheFlareDude\n|j|\u2606Underrated Battler\n|t:|1700538114\n|gametype|singles\n|player|p1|TheFlareDude|hilbert|1318\n|player|p2|Underrated Battler|ortega|1310\n|teamsize|p1|6\n|teamsize|p2|6\n|gen|9\n|tier|[Gen 9] National Dex\n|rated|\n|rule|HP Percentage Mod: HP is shown in percentages\n|rule|Endless Battle Clause: Forcing endless battles is banned\n|rule|OHKO Clause: OHKO moves are banned\n|rule|Evasion Clause: Evasion abilities, items, and moves are banned\n|rule|Evasion Abilities Clause: Evasion abilities are banned\n|rule|Evasion Items Clause: Evasion items are banned\n|rule|Evasion Moves Clause: Evasion moves are banned\n|rule|Species Clause: Limit one of each Pok\u00e9mon\n|rule|Sleep Clause Mod: Limit one foe put to sleep\n|clearpoke\n|poke|p1|Samurott-Hisui, M|\n|poke|p1|Salazzle, F|\n|poke|p1|Hatterene, F|\n|poke|p1|Politoed, F|\n|poke|p1|Arcanine-Hisui, M|\n|poke|p1|Scizor, F|\n|poke|p2|Infernape, M|\n|poke|p2|Passimian, F|\n|poke|p2|Rillaboom, F|\n|poke|p2|Ambipom, M|\n|poke|p2|Simipour, M|\n|poke|p2|Zarude-Dada|\n|teampreview\n|inactive|Battle timer is ON: inactive players will automatically lose when time's up. (requested by Underrated Battler)\n|inactive|TheFlareDude also wants the timer to be on.\n|c|\u2606Underrated Battler|glhf\n|\n|t:|1700538125\n|start\n|switch|p1a: Scizor|Scizor, F, shiny|100\/100\n|switch|p2a: Simipour|Simipour, M, shiny|100\/100\n|turn|1\n|\n|t:|1700538130\n|move|p2a: Simipour|Hydro Pump|p1a: Scizor\n|-crit|p1a: Scizor\n|-damage|p1a: Scizor|11\/100\n|move|p1a: Scizor|Swords Dance|p1a: Scizor\n|-boost|p1a: Scizor|atk|2\n|\n|upkeep\n|turn|2\n|\n|t:|1700538140\n|detailschange|p1a: Scizor|Scizor-Mega, F, shiny\n|-mega|p1a: Scizor|Scizor|Scizorite\n|move|p1a: Scizor|Bullet Punch|p2a: Simipour\n|-resisted|p2a: Simipour\n|-damage|p2a: Simipour|30\/100\n|move|p2a: Simipour|Ice Beam|p1a: Scizor\n|-resisted|p1a: Scizor\n|-damage|p1a: Scizor|0 fnt\n|faint|p1a: Scizor\n|\n|upkeep\n|\n|t:|1700538158\n|switch|p1a: Arcanine|Arcanine-Hisui, M, shiny|100\/100\n|turn|3\n|\n|t:|1700538166\n|move|p1a: Arcanine|Double-Edge|p2a: Simipour\n|-damage|p2a: Simipour|0 fnt\n|faint|p2a: Simipour\n|\n|upkeep\n|\n|t:|1700538184\n|switch|p2a: Zarude|Zarude-Dada|100\/100\n|turn|4\n|\n|t:|1700538189\n|switch|p1a: Salazzle|Salazzle, F, shiny|100\/100\n|move|p2a: Zarude|Bulk Up|p2a: Zarude\n|-boost|p2a: Zarude|atk|1\n|-boost|p2a: Zarude|def|1\n|\n|upkeep\n|turn|5\n|\n|t:|1700538197\n|-terastallize|p2a: Zarude|Fire\n|move|p1a: Salazzle|Toxic|p2a: Zarude\n|-status|p2a: Zarude|tox\n|move|p2a: Zarude|Darkest Lariat|p1a: Salazzle\n|-damage|p1a: Salazzle|21\/100\n|\n|-heal|p1a: Salazzle|28\/100|[from] item: Leftovers\n|-damage|p2a: Zarude|94\/100 tox|[from] psn\n|upkeep\n|turn|6\n|\n|t:|1700538205\n|move|p1a: Salazzle|Protect|p1a: Salazzle\n|-singleturn|p1a: Salazzle|Protect\n|move|p2a: Zarude|Darkest Lariat|p1a: Salazzle\n|-activate|p1a: Salazzle|move: Protect\n|\n|-heal|p1a: Salazzle|34\/100|[from] item: Leftovers\n|-heal|p2a: Zarude|100\/100 tox|[from] item: Leftovers\n|-damage|p2a: Zarude|88\/100 tox|[from] psn\n|upkeep\n|turn|7\n|\n|t:|1700538215\n|move|p1a: Salazzle|Substitute|p1a: Salazzle\n|-start|p1a: Salazzle|Substitute\n|-damage|p1a: Salazzle|9\/100\n|move|p2a: Zarude|Power Whip|p1a: Salazzle\n|-resisted|p1a: Salazzle\n|-end|p1a: Salazzle|Substitute\n|\n|-heal|p1a: Salazzle|15\/100|[from] item: Leftovers\n|-heal|p2a: Zarude|94\/100 tox|[from] item: Leftovers\n|-damage|p2a: Zarude|76\/100 tox|[from] psn\n|upkeep\n|turn|8\n|\n|t:|1700538225\n|move|p1a: Salazzle|Protect|p1a: Salazzle\n|-singleturn|p1a: Salazzle|Protect\n|move|p2a: Zarude|Bulk Up|p2a: Zarude\n|-boost|p2a: Zarude|atk|1\n|-boost|p2a: Zarude|def|1\n|\n|-heal|p1a: Salazzle|21\/100|[from] item: Leftovers\n|-heal|p2a: Zarude|82\/100 tox|[from] item: Leftovers\n|-damage|p2a: Zarude|58\/100 tox|[from] psn\n|upkeep\n|turn|9\n|\n|t:|1700538234\n|move|p1a: Salazzle|Protect||[still]\n|-fail|p1a: Salazzle\n|move|p2a: Zarude|Darkest Lariat|p1a: Salazzle\n|-damage|p1a: Salazzle|0 fnt\n|faint|p1a: Salazzle\n|\n|-heal|p2a: Zarude|64\/100 tox|[from] item: Leftovers\n|-damage|p2a: Zarude|34\/100 tox|[from] psn\n|upkeep\n|\n|t:|1700538238\n|switch|p1a: Samurott|Samurott-Hisui, M|100\/100\n|turn|10\n|\n|t:|1700538243\n|move|p1a: Samurott|Flip Turn|p2a: Zarude\n|-supereffective|p2a: Zarude\n|-damage|p2a: Zarude|13\/100 tox\n|\n|t:|1700538246\n|switch|p1a: Hatterene|Hatterene, F, shiny|100\/100|[from] Flip Turn\n|move|p2a: Zarude|Drain Punch|p1a: Hatterene\n|-resisted|p1a: Hatterene\n|-damage|p1a: Hatterene|89\/100\n|-heal|p2a: Zarude|18\/100 tox|[from] drain|[of] p1a: Hatterene\n|\n|-heal|p2a: Zarude|24\/100 tox|[from] item: Leftovers\n|-heal|p1a: Hatterene|95\/100|[from] item: Leftovers\n|-damage|p2a: Zarude|0 fnt|[from] psn\n|faint|p2a: Zarude\n|upkeep\n|\n|t:|1700538260\n|switch|p2a: Passimian|Passimian, F|100\/100\n|turn|11\n|\n|t:|1700538265\n|move|p2a: Passimian|Iron Head|p1a: Hatterene\n|-supereffective|p1a: Hatterene\n|-damage|p1a: Hatterene|35\/100\n|cant|p1a: Hatterene|flinch\n|\n|-heal|p1a: Hatterene|41\/100|[from] item: Leftovers\n|upkeep\n|turn|12\n|\n|t:|1700538271\n|move|p2a: Passimian|Iron Head|p1a: Hatterene\n|-supereffective|p1a: Hatterene\n|-damage|p1a: Hatterene|0 fnt\n|faint|p1a: Hatterene\n|\n|upkeep\n|\n|t:|1700538275\n|switch|p1a: Politoed|Politoed, F|100\/100\n|-weather|RainDance|[from] ability: Drizzle|[of] p1a: Politoed\n|turn|13\n|\n|t:|1700538280\n|switch|p2a: Rillaboom|Rillaboom, F|100\/100\n|-fieldstart|move: Grassy Terrain|[from] ability: Grassy Surge|[of] p2a: Rillaboom\n|move|p1a: Politoed|Scald|p2a: Rillaboom\n|-resisted|p2a: Rillaboom\n|-damage|p2a: Rillaboom|64\/100\n|\n|-weather|RainDance|[upkeep]\n|-heal|p2a: Rillaboom|70\/100|[from] Grassy Terrain\n|upkeep\n|turn|14\n|\n|t:|1700538290\n|move|p2a: Rillaboom|Grassy Glide|p1a: Politoed\n|-supereffective|p1a: Politoed\n|-damage|p1a: Politoed|0 fnt\n|faint|p1a: Politoed\n|\n|-weather|RainDance|[upkeep]\n|-heal|p2a: Rillaboom|76\/100|[from] Grassy Terrain\n|upkeep\n|\n|t:|1700538294\n|switch|p1a: Arcanine|Arcanine-Hisui, M, shiny|100\/100\n|turn|15\n|\n|t:|1700538298\n|move|p2a: Rillaboom|Grassy Glide|p1a: Arcanine\n|-damage|p1a: Arcanine|31\/100\n|move|p1a: Arcanine|Double-Edge|p2a: Rillaboom\n|-damage|p2a: Rillaboom|37\/100\n|\n|-weather|RainDance|[upkeep]\n|-heal|p1a: Arcanine|37\/100|[from] Grassy Terrain\n|-heal|p2a: Rillaboom|43\/100|[from] Grassy Terrain\n|upkeep\n|turn|16\n|-message|TheFlareDude forfeited.\n|\n|win|Underrated Battler\n|raw|TheFlareDude's rating: 1318 &rarr; <strong>1298<\/strong><br \/>(-20 for losing)\n|raw|Underrated Battler's rating: 1310 &rarr; <strong>1330<\/strong><br \/>(+20 for winning)\n|l|\u2606TheFlareDude\n","uploadtime":1700538310,"views":4,"p1id":"theflaredude","p2id":"underratedbattler","formatid":"gen9nationaldex","rating":1298,"private":0,"password":""}