{"id":"gen9nationaldex-1989242364","p1":"Rankuroi","p2":"Esio00","format":"[Gen 9] National Dex","log":"|j|\u2606Rankuroi\n|j|\u2606Esio00\n|t:|1699827176\n|gametype|singles\n|player|p1|Rankuroi|erika|1211\n|player|p2|Esio00|janitor|1108\n|teamsize|p1|6\n|teamsize|p2|6\n|gen|9\n|tier|[Gen 9] National Dex\n|rated|\n|rule|HP Percentage Mod: HP is shown in percentages\n|rule|Endless Battle Clause: Forcing endless battles is banned\n|rule|OHKO Clause: OHKO moves are banned\n|rule|Evasion Clause: Evasion abilities, items, and moves are banned\n|rule|Evasion Abilities Clause: Evasion abilities are banned\n|rule|Evasion Items Clause: Evasion items are banned\n|rule|Evasion Moves Clause: Evasion moves are banned\n|rule|Species Clause: Limit one of each Pok\u00e9mon\n|rule|Sleep Clause Mod: Limit one foe put to sleep\n|clearpoke\n|poke|p1|Victreebel, M|\n|poke|p1|Torkoal, M|\n|poke|p1|Seaking, M|\n|poke|p1|Octillery, M|\n|poke|p1|Spiritomb, F|\n|poke|p1|Sunflora, F|\n|poke|p2|Darmanitan, F|\n|poke|p2|Salazzle, F|\n|poke|p2|Garganacl, M|\n|poke|p2|Decidueye, M|\n|poke|p2|Polteageist|\n|poke|p2|Heracross, M|\n|teampreview\n|inactive|Battle timer is ON: inactive players will automatically lose when time's up. (requested by Rankuroi)\n|\n|t:|1699827184\n|start\n|switch|p1a: Octillery|Octillery, M|100\/100\n|switch|p2a: Darmanitan|Darmanitan, F|100\/100\n|turn|1\n|\n|t:|1699827192\n|move|p2a: Darmanitan|U-turn|p1a: Octillery\n|-damage|p1a: Octillery|73\/100\n|\n|t:|1699827196\n|switch|p2a: Decidueye|Decidueye, M|100\/100|[from] U-turn\n|move|p1a: Octillery|Surf|p2a: Decidueye\n|-resisted|p2a: Decidueye\n|-crit|p2a: Decidueye\n|-damage|p2a: Decidueye|60\/100\n|\n|upkeep\n|turn|2\n|\n|t:|1699827209\n|move|p2a: Decidueye|Roost|p2a: Decidueye\n|-heal|p2a: Decidueye|100\/100\n|-singleturn|p2a: Decidueye|move: Roost\n|move|p1a: Octillery|Flamethrower|p2a: Decidueye\n|-supereffective|p2a: Decidueye\n|-damage|p2a: Decidueye|56\/100\n|\n|upkeep\n|turn|3\n|\n|t:|1699827216\n|switch|p1a: Torkoal|Torkoal, M, shiny|100\/100\n|-weather|SunnyDay|[from] ability: Drought|[of] p1a: Torkoal\n|move|p2a: Decidueye|Leaf Storm|p1a: Torkoal\n|-resisted|p1a: Torkoal\n|-damage|p1a: Torkoal|78\/100\n|-unboost|p2a: Decidueye|spa|2\n|\n|-weather|SunnyDay|[upkeep]\n|upkeep\n|turn|4\n|\n|t:|1699827229\n|switch|p2a: Caser\u00edoColesterol|Garganacl, M|100\/100\n|move|p1a: Torkoal|Flamethrower|p2a: Caser\u00edoColesterol\n|-resisted|p2a: Caser\u00edoColesterol\n|-damage|p2a: Caser\u00edoColesterol|80\/100\n|\n|-weather|SunnyDay|[upkeep]\n|-heal|p2a: Caser\u00edoColesterol|87\/100|[from] item: Leftovers\n|upkeep\n|turn|5\n|\n|t:|1699827238\n|switch|p1a: Octillery|Octillery, M|73\/100\n|move|p2a: Caser\u00edoColesterol|Salt Cure|p1a: Octillery\n|-damage|p1a: Octillery|59\/100\n|-start|p1a: Octillery|Salt Cure\n|\n|-weather|SunnyDay|[upkeep]\n|-heal|p2a: Caser\u00edoColesterol|93\/100|[from] item: Leftovers\n|-damage|p1a: Octillery|34\/100|[from] Salt Cure\n|upkeep\n|turn|6\n|\n|t:|1699827248\n|switch|p2a: Decidueye|Decidueye, M|56\/100\n|move|p1a: Octillery|Surf|p2a: Decidueye\n|-resisted|p2a: Decidueye\n|-damage|p2a: Decidueye|48\/100\n|\n|-weather|SunnyDay|[upkeep]\n|-damage|p1a: Octillery|9\/100|[from] Salt Cure\n|upkeep\n|turn|7\n|\n|t:|1699827265\n|move|p2a: Decidueye|Roost|p2a: Decidueye\n|-heal|p2a: Decidueye|98\/100\n|-singleturn|p2a: Decidueye|move: Roost\n|move|p1a: Octillery|Flamethrower|p2a: Decidueye\n|-supereffective|p2a: Decidueye\n|-damage|p2a: Decidueye|29\/100\n|\n|-weather|SunnyDay|[upkeep]\n|-damage|p1a: Octillery|0 fnt|[from] Salt Cure\n|faint|p1a: Octillery\n|upkeep\n|\n|t:|1699827277\n|switch|p1a: Victreebel|Victreebel, M, shiny|100\/100\n|turn|8\n|\n|t:|1699827280\n|move|p1a: Victreebel|Sludge Bomb|p2a: Decidueye\n|-damage|p2a: Decidueye|0 fnt\n|faint|p2a: Decidueye\n|\n|-weather|SunnyDay|[upkeep]\n|upkeep\n|\n|t:|1699827286\n|switch|p2a: Darmanitan|Darmanitan, F|100\/100\n|turn|9\n|\n|t:|1699827291\n|switch|p1a: Seaking|Seaking, M|100\/100\n|move|p2a: Darmanitan|Flare Blitz|p1a: Seaking\n|-resisted|p1a: Seaking\n|-damage|p1a: Seaking|16\/100\n|-damage|p2a: Darmanitan|77\/100|[from] Recoil\n|\n|-weather|SunnyDay|[upkeep]\n|upkeep\n|turn|10\n|\n|t:|1699827300\n|move|p1a: Seaking|Quick Attack|p2a: Darmanitan\n|-damage|p2a: Darmanitan|53\/100\n|-damage|p1a: Seaking|6\/100|[from] item: Life Orb\n|move|p2a: Darmanitan|Flare Blitz|p1a: Seaking\n|-resisted|p1a: Seaking\n|-damage|p1a: Seaking|0 fnt\n|faint|p1a: Seaking\n|-damage|p2a: Darmanitan|51\/100|[from] Recoil\n|\n|-weather|none\n|upkeep\n|\n|t:|1699827311\n|switch|p1a: Torkoal|Torkoal, M, shiny|78\/100\n|-weather|SunnyDay|[from] ability: Drought|[of] p1a: Torkoal\n|turn|11\n|\n|t:|1699827318\n|switch|p2a: Caser\u00edoColesterol|Garganacl, M|93\/100\n|move|p1a: Torkoal|Earth Power|p2a: Caser\u00edoColesterol\n|-supereffective|p2a: Caser\u00edoColesterol\n|-damage|p2a: Caser\u00edoColesterol|59\/100\n|\n|-weather|SunnyDay|[upkeep]\n|-heal|p2a: Caser\u00edoColesterol|65\/100|[from] item: Leftovers\n|upkeep\n|turn|12\n|\n|t:|1699827327\n|switch|p1a: Sunflora|Sunflora, F, shiny|100\/100\n|move|p2a: Caser\u00edoColesterol|Salt Cure|p1a: Sunflora\n|-crit|p1a: Sunflora\n|-damage|p1a: Sunflora|72\/100\n|-start|p1a: Sunflora|Salt Cure\n|\n|-weather|SunnyDay|[upkeep]\n|-damage|p1a: Sunflora|60\/100|[from] ability: Solar Power|[of] p1a: Sunflora\n|-heal|p2a: Caser\u00edoColesterol|72\/100|[from] item: Leftovers\n|-damage|p1a: Sunflora|48\/100|[from] Salt Cure\n|upkeep\n|turn|13\n|\n|t:|1699827347\n|move|p2a: Caser\u00edoColesterol|Iron Defense|p2a: Caser\u00edoColesterol\n|-boost|p2a: Caser\u00edoColesterol|def|2\n|move|p1a: Sunflora|Earth Power|p2a: Caser\u00edoColesterol\n|-supereffective|p2a: Caser\u00edoColesterol\n|-damage|p2a: Caser\u00edoColesterol|2\/100\n|\n|-weather|SunnyDay|[upkeep]\n|-damage|p1a: Sunflora|35\/100|[from] ability: Solar Power|[of] p1a: Sunflora\n|-heal|p2a: Caser\u00edoColesterol|8\/100|[from] item: Leftovers\n|-damage|p1a: Sunflora|23\/100|[from] Salt Cure\n|upkeep\n|turn|14\n|\n|t:|1699827359\n|move|p2a: Caser\u00edoColesterol|Body Press|p1a: Sunflora\n|-damage|p1a: Sunflora|0 fnt\n|faint|p1a: Sunflora\n|\n|-weather|SunnyDay|[upkeep]\n|-heal|p2a: Caser\u00edoColesterol|14\/100|[from] item: Leftovers\n|upkeep\n|\n|t:|1699827366\n|switch|p1a: Victreebel|Victreebel, M, shiny|100\/100\n|turn|15\n|\n|t:|1699827369\n|move|p1a: Victreebel|Giga Drain|p2a: Caser\u00edoColesterol\n|-supereffective|p2a: Caser\u00edoColesterol\n|-damage|p2a: Caser\u00edoColesterol|0 fnt\n|faint|p2a: Caser\u00edoColesterol\n|\n|-weather|SunnyDay|[upkeep]\n|upkeep\n|\n|t:|1699827371\n|switch|p2a: Darmanitan|Darmanitan, F|51\/100\n|turn|16\n|\n|t:|1699827377\n|move|p1a: Victreebel|Sludge Bomb|p2a: Darmanitan\n|-damage|p2a: Darmanitan|0 fnt\n|faint|p2a: Darmanitan\n|\n|-weather|SunnyDay|[upkeep]\n|upkeep\n|\n|t:|1699827382\n|switch|p2a: Salazzle|Salazzle, F|100\/100\n|turn|17\n|\n|t:|1699827386\n|switch|p1a: Spiritomb|Spiritomb, F, shiny|100\/100\n|move|p2a: Salazzle|Flamethrower|p1a: Spiritomb\n|-damage|p1a: Spiritomb|61\/100\n|\n|-weather|SunnyDay|[upkeep]\n|upkeep\n|turn|18\n|\n|t:|1699827396\n|move|p2a: Salazzle|Toxic|p1a: Spiritomb\n|-status|p1a: Spiritomb|tox\n|move|p1a: Spiritomb|Poltergeist|p2a: Salazzle\n|-activate|p2a: Salazzle|move: Poltergeist|Black Sludge\n|-damage|p2a: Salazzle|21\/100\n|\n|-weather|none\n|-heal|p2a: Salazzle|27\/100|[from] item: Black Sludge\n|-damage|p1a: Spiritomb|54\/100 tox|[from] psn\n|upkeep\n|turn|19\n|\n|t:|1699827407\n|move|p2a: Salazzle|Protect|p2a: Salazzle\n|-singleturn|p2a: Salazzle|Protect\n|move|p1a: Spiritomb|Rock Tomb|p2a: Salazzle\n|-activate|p2a: Salazzle|move: Protect\n|\n|-heal|p2a: Salazzle|33\/100|[from] item: Black Sludge\n|-damage|p1a: Spiritomb|42\/100 tox|[from] psn\n|upkeep\n|turn|20\n|\n|t:|1699827418\n|move|p2a: Salazzle|Flamethrower|p1a: Spiritomb\n|-damage|p1a: Spiritomb|15\/100 tox\n|move|p1a: Spiritomb|Poltergeist|p2a: Salazzle\n|-activate|p2a: Salazzle|move: Poltergeist|Black Sludge\n|-damage|p2a: Salazzle|0 fnt\n|faint|p2a: Salazzle\n|\n|-damage|p1a: Spiritomb|0 fnt|[from] psn\n|faint|p1a: Spiritomb\n|upkeep\n|inactive|Esio00 has 120 seconds left.\n|\n|t:|1699827456\n|switch|p2a: Polteageist|Polteageist|100\/100\n|switch|p1a: Torkoal|Torkoal, M, shiny|78\/100\n|-weather|SunnyDay|[from] ability: Drought|[of] p1a: Torkoal\n|turn|21\n|\n|t:|1699827464\n|move|p2a: Polteageist|Shell Smash|p2a: Polteageist\n|-unboost|p2a: Polteageist|def|1\n|-unboost|p2a: Polteageist|spd|1\n|-boost|p2a: Polteageist|atk|2\n|-boost|p2a: Polteageist|spa|2\n|-boost|p2a: Polteageist|spe|2\n|-enditem|p2a: Polteageist|White Herb\n|-clearnegativeboost|p2a: Polteageist|[silent]\n|move|p1a: Torkoal|Flamethrower|p2a: Polteageist\n|-damage|p2a: Polteageist|46\/100\n|\n|-weather|SunnyDay|[upkeep]\n|upkeep\n|turn|22\n|\n|t:|1699827476\n|move|p2a: Polteageist|Shadow Ball|p1a: Torkoal\n|-damage|p1a: Torkoal|0 fnt\n|faint|p1a: Torkoal\n|\n|-weather|SunnyDay|[upkeep]\n|upkeep\n|\n|t:|1699827483\n|switch|p1a: Victreebel|Victreebel, M, shiny|100\/100\n|turn|23\n|\n|t:|1699827502\n|-terastallize|p1a: Victreebel|Fire\n|move|p1a: Victreebel|Weather Ball|p2a: Polteageist\n|-damage|p2a: Polteageist|0 fnt\n|faint|p2a: Polteageist\n|\n|-weather|SunnyDay|[upkeep]\n|upkeep\n|\n|t:|1699827506\n|switch|p2a: Heracross|Heracross, M|100\/100\n|turn|24\n|\n|t:|1699827512\n|detailschange|p2a: Heracross|Heracross-Mega, M\n|-mega|p2a: Heracross|Heracross|Heracronite\n|move|p1a: Victreebel|Weather Ball|p2a: Heracross\n|-supereffective|p2a: Heracross\n|-damage|p2a: Heracross|0 fnt\n|faint|p2a: Heracross\n|\n|win|Rankuroi\n|raw|Rankuroi's rating: 1211 &rarr; <strong>1229<\/strong><br \/>(+18 for winning)\n|raw|Esio00's rating: 1108 &rarr; <strong>1090<\/strong><br \/>(-18 for losing)\n|c|\u2606Rankuroi|Gg\n","uploadtime":1699827528,"views":28,"p1id":"rankuroi","p2id":"esio00","formatid":"gen9nationaldex","rating":1090,"private":0,"password":""}