{"id":"gen9nationaldex-1999778422","p1":"Jay'sAlt","p2":"NDSNEZ untruwu","format":"[Gen 9] National Dex","log":"|html|<div class=\"broadcast-blue\"><strong>[Gen 9] National Dex is currently suspecting Sneasler! For information on how to participate check out the <a href=\"https:\/\/www.smogon.com\/forums\/threads\/sv-national-dex-suspect-8-just-dance.3731534\/\">suspect thread<\/a>.<\/strong><\/div>\n|j|\u2606Jay'sAlt\n|j|\u2606NDSNEZ untruwu\n|t:|1701115850\n|gametype|singles\n|player|p1|Jay'sAlt|lucas|1494\n|player|p2|NDSNEZ untruwu|psychic-gen2|1386\n|teamsize|p1|6\n|teamsize|p2|6\n|gen|9\n|tier|[Gen 9] National Dex\n|rated|\n|rule|HP Percentage Mod: HP is shown in percentages\n|rule|Endless Battle Clause: Forcing endless battles is banned\n|rule|OHKO Clause: OHKO moves are banned\n|rule|Evasion Clause: Evasion abilities, items, and moves are banned\n|rule|Evasion Abilities Clause: Evasion abilities are banned\n|rule|Evasion Items Clause: Evasion items are banned\n|rule|Evasion Moves Clause: Evasion moves are banned\n|rule|Species Clause: Limit one of each Pok\u00e9mon\n|rule|Sleep Clause Mod: Limit one foe put to sleep\n|clearpoke\n|poke|p1|Excadrill, F|\n|poke|p1|Hatterene, F|\n|poke|p1|Magnezone|\n|poke|p1|Pinsir, M|\n|poke|p1|Landorus-Therian, M|\n|poke|p1|Ogerpon-Wellspring, F|\n|poke|p2|Blissey, F|\n|poke|p2|Clodsire, F|\n|poke|p2|Skeledirge, F|\n|poke|p2|Cresselia, F|\n|poke|p2|Dondozo, F|\n|poke|p2|Gliscor, M|\n|teampreview\n|inactive|Battle timer is ON: inactive players will automatically lose when time's up. (requested by NDSNEZ untruwu)\n|c|\u2606Jay'sAlt|f\n|c|\u2606Jay'sAlt|gg\n|\n|t:|1701115865\n|start\n|switch|p1a: Excadrill|Excadrill, F|100\/100\n|switch|p2a: Skeledirge|Skeledirge, F|100\/100\n|-ability|p1a: Excadrill|Mold Breaker\n|turn|1\n|c|\u2606Jay'sAlt|K\n|c|\u2606Jay'sAlt|Y\n|c|\u2606Jay'sAlt|S\n|\n|t:|1701115893\n|-terastallize|p2a: Skeledirge|Fairy\n|move|p1a: Excadrill|Earthquake|p2a: Skeledirge\n|-damage|p2a: Skeledirge|68\/100\n|move|p2a: Skeledirge|Will-O-Wisp|p1a: Excadrill\n|-status|p1a: Excadrill|brn\n|\n|-damage|p1a: Excadrill|94\/100 brn|[from] brn\n|upkeep\n|turn|2\n|c|\u2606NDSNEZ untruwu|Enjoy the report\n|c|\u2606Jay'sAlt|LOL\n|inactive|NDSNEZ untruwu has 120 seconds left.\n|c|\u2606Jay'sAlt|bro thinks i care\n|c|\u2606Jay'sAlt|k\n|c|\u2606Jay'sAlt|y\n|c|\u2606Jay'sAlt|s\n|c|\u2606Jay'sAlt|k\n|c|\u2606Jay'sAlt|y\n|c|\u2606Jay'sAlt|s\n|c|\u2606Jay'sAlt|k\n|c|\u2606Jay'sAlt|y\n|c|\u2606Jay'sAlt|s\n|c|\u2606Jay'sAlt|k\n|c|\u2606Jay'sAlt|y\n|inactive|NDSNEZ untruwu has 90 seconds left.\n|c|\u2606Jay'sAlt|s\n|c|\u2606NDSNEZ untruwu|Bye\n|\n|t:|1701115957\n|switch|p2a: Gliscor|Gliscor, M|100\/100\n|move|p1a: Excadrill|Stealth Rock|p2a: Gliscor\n|-sidestart|p2: NDSNEZ untruwu|move: Stealth Rock\n|\n|-damage|p1a: Excadrill|88\/100 brn|[from] brn\n|-status|p2a: Gliscor|tox|[from] item: Toxic Orb\n|upkeep\n|turn|3\n|c|\u2606Jay'sAlt|bye indeed\n|\n|t:|1701115970\n|move|p1a: Excadrill|Iron Head|p2a: Gliscor\n|-damage|p2a: Gliscor|85\/100 tox\n|cant|p2a: Gliscor|flinch\n|\n|-heal|p2a: Gliscor|97\/100 tox|[from] ability: Poison Heal\n|-damage|p1a: Excadrill|82\/100 brn|[from] brn\n|upkeep\n|turn|4\n|\n|t:|1701115976\n|switch|p1a: Ogerpon|Ogerpon-Wellspring, F|100\/100\n|move|p2a: Gliscor|Defog|p1a: Ogerpon\n|-unboost|p1a: Ogerpon|evasion|1\n|-sideend|p2: NDSNEZ untruwu|Stealth Rock|[from] move: Defog|[of] p2a: Gliscor\n|\n|-heal|p2a: Gliscor|100\/100 tox|[from] ability: Poison Heal\n|upkeep\n|turn|5\n|\n|t:|1701115983\n|switch|p2a: Skeledirge|Skeledirge, F, tera:Fairy|68\/100\n|move|p1a: Ogerpon|Swords Dance|p1a: Ogerpon\n|-boost|p1a: Ogerpon|atk|2\n|\n|upkeep\n|turn|6\n|\n|t:|1701115987\n|-terastallize|p1a: Ogerpon|Water\n|detailschange|p1a: Ogerpon|Ogerpon-Wellspring-Tera, F, tera:Water\n|-ability|p1a: Ogerpon|Embody Aspect (Wellspring)|boost\n|-boost|p1a: Ogerpon|spd|1\n|move|p1a: Ogerpon|Ivy Cudgel|p2a: Skeledirge|[anim] Ivy Cudgel Water\n|-damage|p2a: Skeledirge|19\/100\n|move|p2a: Skeledirge|Will-O-Wisp|p1a: Ogerpon\n|-status|p1a: Ogerpon|brn\n|\n|-damage|p1a: Ogerpon|95\/100 brn|[from] brn\n|upkeep\n|turn|7\n|n|\u203dJay'sAlt|jaysalt\n|\n|t:|1701115995\n|move|p1a: Ogerpon|Wood Hammer|p2a: Skeledirge\n|-damage|p2a: Skeledirge|0 fnt\n|faint|p2a: Skeledirge\n|-damage|p1a: Ogerpon|86\/100 brn|[from] Recoil\n|\n|-damage|p1a: Ogerpon|80\/100 brn|[from] brn\n|upkeep\n|\n|t:|1701116002\n|switch|p2a: Dondozo|Dondozo, F|100\/100\n|turn|8\n|\n|t:|1701116011\n|move|p1a: Ogerpon|Wood Hammer|p2a: Dondozo\n|-supereffective|p2a: Dondozo\n|-damage|p2a: Dondozo|69\/100\n|-damage|p1a: Ogerpon|64\/100 brn|[from] item: Rocky Helmet|[of] p2a: Dondozo\n|-damage|p1a: Ogerpon|46\/100 brn|[from] Recoil\n|move|p2a: Dondozo|Curse|p2a: Dondozo\n|-unboost|p2a: Dondozo|spe|1\n|-boost|p2a: Dondozo|atk|1\n|-boost|p2a: Dondozo|def|1\n|\n|-damage|p1a: Ogerpon|40\/100 brn|[from] brn\n|upkeep\n|turn|9\n|\n|t:|1701116021\n|move|p1a: Ogerpon|Taunt|p2a: Dondozo\n|-start|p2a: Dondozo|move: Taunt\n|move|p2a: Dondozo|Waterfall|p1a: Ogerpon\n|-resisted|p1a: Ogerpon\n|-damage|p1a: Ogerpon|15\/100 brn\n|\n|-damage|p1a: Ogerpon|9\/100 brn|[from] brn\n|upkeep\n|turn|10\n|\n|t:|1701116024\n|move|p1a: Ogerpon|Wood Hammer|p2a: Dondozo\n|-supereffective|p2a: Dondozo\n|-damage|p2a: Dondozo|49\/100\n|-damage|p1a: Ogerpon|0 fnt|[from] item: Rocky Helmet|[of] p2a: Dondozo\n|faint|p1a: Ogerpon\n|move|p2a: Dondozo|Waterfall|p1: Ogerpon|[notarget]\n|-fail|p2a: Dondozo\n|\n|upkeep\n|\n|t:|1701116029\n|switch|p1a: Magnezone|Magnezone|100\/100\n|turn|11\n|\n|t:|1701116038\n|switch|p1a: Pinsir|Pinsir, M|100\/100\n|switch|p2a: Clodsire|Clodsire, F|100\/100\n|\n|upkeep\n|turn|12\n|\n|t:|1701116045\n|detailschange|p1a: Pinsir|Pinsir-Mega, M\n|-mega|p1a: Pinsir|Pinsir|Pinsirite\n|move|p1a: Pinsir|Return|p2a: Clodsire\n|-damage|p2a: Clodsire|20\/100\n|move|p2a: Clodsire|Toxic|p1a: Pinsir\n|-status|p1a: Pinsir|tox\n|\n|-heal|p2a: Clodsire|26\/100|[from] item: Leftovers\n|-damage|p1a: Pinsir|95\/100 tox|[from] psn\n|upkeep\n|turn|13\n|\n|t:|1701116061\n|move|p1a: Pinsir|Swords Dance|p1a: Pinsir\n|-boost|p1a: Pinsir|atk|2\n|move|p2a: Clodsire|Spikes|p1a: Pinsir\n|-sidestart|p1: Jay'sAlt|Spikes\n|\n|-heal|p2a: Clodsire|33\/100|[from] item: Leftovers\n|-damage|p1a: Pinsir|83\/100 tox|[from] psn\n|upkeep\n|turn|14\n|\n|t:|1701116070\n|move|p1a: Pinsir|Return|p2a: Clodsire\n|-damage|p2a: Clodsire|0 fnt\n|faint|p2a: Clodsire\n|\n|-damage|p1a: Pinsir|65\/100 tox|[from] psn\n|upkeep\n|\n|t:|1701116072\n|switch|p2a: Dondozo|Dondozo, F|49\/100\n|turn|15\n|\n|t:|1701116076\n|move|p1a: Pinsir|Return|p2a: Dondozo\n|-damage|p2a: Dondozo|18\/100\n|-damage|p1a: Pinsir|48\/100 tox|[from] item: Rocky Helmet|[of] p2a: Dondozo\n|move|p2a: Dondozo|Rest|p2a: Dondozo\n|-status|p2a: Dondozo|slp|[from] move: Rest\n|-heal|p2a: Dondozo|100\/100 slp|[silent]\n|\n|-damage|p1a: Pinsir|25\/100 tox|[from] psn\n|upkeep\n|turn|16\n|\n|t:|1701116082\n|move|p1a: Pinsir|Return|p2a: Dondozo\n|-damage|p2a: Dondozo|70\/100 slp\n|-damage|p1a: Pinsir|8\/100 tox|[from] item: Rocky Helmet|[of] p2a: Dondozo\n|cant|p2a: Dondozo|slp\n|move|p2a: Dondozo|Sleep Talk|p2a: Dondozo\n|move|p2a: Dondozo|Curse|p2a: Dondozo|[from]move: Sleep Talk\n|-unboost|p2a: Dondozo|spe|1\n|-boost|p2a: Dondozo|atk|1\n|-boost|p2a: Dondozo|def|1\n|\n|-damage|p1a: Pinsir|0 fnt|[from] psn\n|faint|p1a: Pinsir\n|upkeep\n|\n|t:|1701116086\n|switch|p1a: Magnezone|Magnezone|100\/100\n|-damage|p1a: Magnezone|88\/100|[from] Spikes\n|turn|17\n|\n|t:|1701116091\n|switch|p2a: Gliscor|Gliscor, M|100\/100 tox\n|move|p1a: Magnezone|Flash Cannon|p2a: Gliscor\n|-crit|p2a: Gliscor\n|-damage|p2a: Gliscor|25\/100 tox\n|\n|-heal|p2a: Gliscor|38\/100 tox|[from] ability: Poison Heal\n|upkeep\n|turn|18\n|\n|t:|1701116099\n|switch|p1a: Landorus|Landorus-Therian, M|100\/100\n|-ability|p1a: Landorus|Intimidate|boost\n|-unboost|p2a: Gliscor|atk|1\n|switch|p2a: Blissey|Blissey, F|100\/100\n|\n|upkeep\n|turn|19\n|\n|t:|1701116105\n|switch|p2a: Gliscor|Gliscor, M|38\/100 tox\n|move|p1a: Landorus|Stone Edge|p2a: Gliscor|[miss]\n|-miss|p1a: Landorus|p2a: Gliscor\n|\n|-heal|p2a: Gliscor|50\/100 tox|[from] ability: Poison Heal\n|upkeep\n|turn|20\n|\n|t:|1701116112\n|move|p1a: Landorus|Stone Edge|p2a: Gliscor\n|-damage|p2a: Gliscor|21\/100 tox\n|move|p2a: Gliscor|Roost|p2a: Gliscor\n|-heal|p2a: Gliscor|71\/100 tox\n|-singleturn|p2a: Gliscor|move: Roost\n|\n|-heal|p2a: Gliscor|84\/100 tox|[from] ability: Poison Heal\n|upkeep\n|turn|21\n|\n|t:|1701116117\n|switch|p1a: Excadrill|Excadrill, F|82\/100 brn\n|-damage|p1a: Excadrill|70\/100 brn|[from] Spikes\n|-ability|p1a: Excadrill|Mold Breaker\n|move|p2a: Gliscor|Knock Off|p1a: Excadrill\n|-damage|p1a: Excadrill|41\/100 brn\n|-enditem|p1a: Excadrill|Focus Sash|[from] move: Knock Off|[of] p2a: Gliscor\n|\n|-heal|p2a: Gliscor|96\/100 tox|[from] ability: Poison Heal\n|-damage|p1a: Excadrill|35\/100 brn|[from] brn\n|upkeep\n|turn|22\n|\n|t:|1701116130\n|move|p1a: Excadrill|Stealth Rock|p2a: Gliscor\n|-sidestart|p2: NDSNEZ untruwu|move: Stealth Rock\n|move|p2a: Gliscor|Earthquake|p1a: Excadrill\n|-supereffective|p1a: Excadrill\n|-damage|p1a: Excadrill|0 fnt\n|faint|p1a: Excadrill\n|\n|-heal|p2a: Gliscor|100\/100 tox|[from] ability: Poison Heal\n|upkeep\n|\n|t:|1701116140\n|switch|p1a: Magnezone|Magnezone|88\/100\n|-damage|p1a: Magnezone|76\/100|[from] Spikes\n|turn|23\n|\n|t:|1701116144\n|move|p1a: Magnezone|Flash Cannon|p2a: Gliscor\n|-damage|p2a: Gliscor|45\/100 tox\n|move|p2a: Gliscor|Earthquake|p1a: Magnezone\n|-supereffective|p1a: Magnezone\n|-damage|p1a: Magnezone|0 fnt\n|faint|p1a: Magnezone\n|\n|-heal|p2a: Gliscor|57\/100 tox|[from] ability: Poison Heal\n|upkeep\n|\n|t:|1701116148\n|switch|p1a: Landorus|Landorus-Therian, M|100\/100\n|-ability|p1a: Landorus|Intimidate|boost\n|-unboost|p2a: Gliscor|atk|1\n|turn|24\n|\n|t:|1701116150\n|move|p1a: Landorus|Stone Edge|p2a: Gliscor\n|-damage|p2a: Gliscor|29\/100 tox\n|move|p2a: Gliscor|Roost|p2a: Gliscor\n|-heal|p2a: Gliscor|79\/100 tox\n|-singleturn|p2a: Gliscor|move: Roost\n|\n|-heal|p2a: Gliscor|91\/100 tox|[from] ability: Poison Heal\n|upkeep\n|turn|25\n|\n|t:|1701116159\n|move|p1a: Landorus|Stone Edge|p2a: Gliscor\n|-damage|p2a: Gliscor|63\/100 tox\n|move|p2a: Gliscor|Knock Off|p1a: Landorus\n|-damage|p1a: Landorus|85\/100\n|-enditem|p1a: Landorus|Choice Scarf|[from] move: Knock Off|[of] p2a: Gliscor\n|\n|-heal|p2a: Gliscor|75\/100 tox|[from] ability: Poison Heal\n|upkeep\n|turn|26\n|\n|t:|1701116169\n|move|p1a: Landorus|Stone Edge|p2a: Gliscor\n|-damage|p2a: Gliscor|47\/100 tox\n|move|p2a: Gliscor|Knock Off|p1a: Landorus\n|-damage|p1a: Landorus|74\/100\n|\n|-heal|p2a: Gliscor|59\/100 tox|[from] ability: Poison Heal\n|upkeep\n|turn|27\n|\n|t:|1701116174\n|move|p1a: Landorus|Stone Edge|p2a: Gliscor\n|-damage|p2a: Gliscor|29\/100 tox\n|move|p2a: Gliscor|Knock Off|p1a: Landorus\n|-damage|p1a: Landorus|62\/100\n|\n|-heal|p2a: Gliscor|42\/100 tox|[from] ability: Poison Heal\n|upkeep\n|turn|28\n|\n|t:|1701116177\n|move|p1a: Landorus|Stone Edge|p2a: Gliscor\n|-damage|p2a: Gliscor|9\/100 tox\n|move|p2a: Gliscor|Roost|p2a: Gliscor\n|-heal|p2a: Gliscor|59\/100 tox\n|-singleturn|p2a: Gliscor|move: Roost\n|\n|-heal|p2a: Gliscor|72\/100 tox|[from] ability: Poison Heal\n|upkeep\n|turn|29\n|\n|t:|1701116180\n|move|p1a: Landorus|Stone Edge|p2a: Gliscor\n|-damage|p2a: Gliscor|42\/100 tox\n|move|p2a: Gliscor|Knock Off|p1a: Landorus\n|-damage|p1a: Landorus|51\/100\n|\n|-heal|p2a: Gliscor|54\/100 tox|[from] ability: Poison Heal\n|upkeep\n|turn|30\n|\n|t:|1701116186\n|move|p1a: Landorus|U-turn|p2a: Gliscor\n|-resisted|p2a: Gliscor\n|-damage|p2a: Gliscor|44\/100 tox\n|\n|t:|1701116188\n|switch|p1a: Hatterene|Hatterene, F|100\/100|[from] U-turn\n|-damage|p1a: Hatterene|88\/100|[from] Spikes\n|move|p2a: Gliscor|Knock Off|p1a: Hatterene\n|-damage|p1a: Hatterene|78\/100\n|-enditem|p1a: Hatterene|Eject Button|[from] move: Knock Off|[of] p2a: Gliscor\n|\n|-heal|p2a: Gliscor|56\/100 tox|[from] ability: Poison Heal\n|upkeep\n|turn|31\n|\n|t:|1701116196\n|switch|p2a: Cresselia|Cresselia, F|100\/100\n|-damage|p2a: Cresselia|88\/100|[from] Stealth Rock\n|move|p1a: Hatterene|Psychic|p2a: Cresselia\n|-resisted|p2a: Cresselia\n|-damage|p2a: Cresselia|77\/100\n|\n|upkeep\n|turn|32\n|\n|t:|1701116200\n|move|p2a: Cresselia|Calm Mind|p2a: Cresselia\n|-boost|p2a: Cresselia|spa|1\n|-boost|p2a: Cresselia|spd|1\n|move|p1a: Hatterene|Nuzzle|p2a: Cresselia\n|-damage|p2a: Cresselia|74\/100\n|\n|upkeep\n|turn|33\n|\n|t:|1701116209\n|switch|p1a: Landorus|Landorus-Therian, M|51\/100\n|-ability|p1a: Landorus|Intimidate|boost\n|-unboost|p2a: Cresselia|atk|1\n|move|p2a: Cresselia|Moonblast|p1a: Landorus\n|-damage|p1a: Landorus|18\/100\n|-unboost|p1a: Landorus|spa|1\n|\n|upkeep\n|turn|34\n|\n|t:|1701116214\n|move|p1a: Landorus|U-turn|p2a: Cresselia\n|-supereffective|p2a: Cresselia\n|-damage|p2a: Cresselia|43\/100\n|\n|t:|1701116217\n|switch|p1a: Hatterene|Hatterene, F|78\/100|[from] U-turn\n|-damage|p1a: Hatterene|65\/100|[from] Spikes\n|move|p2a: Cresselia|Moonlight|p2a: Cresselia\n|-heal|p2a: Cresselia|93\/100\n|\n|upkeep\n|turn|35\n|\n|t:|1701116220\n|move|p2a: Cresselia|Calm Mind|p2a: Cresselia\n|-boost|p2a: Cresselia|spa|1\n|-boost|p2a: Cresselia|spd|1\n|move|p1a: Hatterene|Draining Kiss|p2a: Cresselia\n|-damage|p2a: Cresselia|87\/100\n|-heal|p1a: Hatterene|72\/100|[from] drain|[of] p2a: Cresselia\n|\n|upkeep\n|turn|36\n|\n|t:|1701116225\n|move|p2a: Cresselia|Moonblast|p1a: Hatterene\n|-damage|p1a: Hatterene|39\/100\n|-unboost|p1a: Hatterene|spa|1\n|move|p1a: Hatterene|Draining Kiss|p2a: Cresselia\n|-damage|p2a: Cresselia|82\/100\n|-heal|p1a: Hatterene|44\/100|[from] drain|[of] p2a: Cresselia\n|\n|upkeep\n|turn|37\n|\n|t:|1701116231\n|move|p2a: Cresselia|Stored Power|p1a: Hatterene\n|-resisted|p1a: Hatterene\n|-damage|p1a: Hatterene|17\/100\n|move|p1a: Hatterene|Healing Wish|p1a: Hatterene\n|faint|p1a: Hatterene\n|\n|upkeep\n|\n|t:|1701116233\n|switch|p1a: Landorus|Landorus-Therian, M|18\/100\n|-heal|p1a: Landorus|100\/100|[from] move: Healing Wish\n|-ability|p1a: Landorus|Intimidate|boost\n|-unboost|p2a: Cresselia|atk|1\n|turn|38\n|\n|t:|1701116239\n|move|p1a: Landorus|U-turn|p2a: Cresselia\n|-supereffective|p2a: Cresselia\n|-damage|p2a: Cresselia|49\/100\n|move|p2a: Cresselia|Stored Power|p1a: Landorus\n|-damage|p1a: Landorus|35\/100\n|\n|upkeep\n|turn|39\n|\n|t:|1701116243\n|move|p1a: Landorus|U-turn|p2a: Cresselia\n|-supereffective|p2a: Cresselia\n|-damage|p2a: Cresselia|18\/100\n|move|p2a: Cresselia|Stored Power|p1a: Landorus\n|-damage|p1a: Landorus|0 fnt\n|faint|p1a: Landorus\n|\n|win|NDSNEZ untruwu\n|raw|Jay&apos;sAlt's rating: 1494 &rarr; <strong>1468<\/strong><br \/>(-26 for losing)\n|raw|NDSNEZ untruwu's rating: 1386 &rarr; <strong>1412<\/strong><br \/>(+26 for winning)\n","uploadtime":1701115948,"views":10,"p1id":"jaysalt","p2id":"ndsnezuntruwu","formatid":"gen9nationaldex","rating":1412,"private":0,"password":""}