{"id":"gen9nationaldex-1988203690","p1":"Jatenbrown5","p2":"gengar Quaker","format":"[Gen 9] National Dex","log":"|j|\u2606Jatenbrown5\n|j|\u2606gengar Quaker\n|t:|1699684626\n|gametype|singles\n|player|p1|Jatenbrown5|1|1092\n|player|p2|gengar Quaker|alain|1000\n|teamsize|p1|6\n|teamsize|p2|6\n|gen|9\n|tier|[Gen 9] National Dex\n|rated|\n|rule|HP Percentage Mod: HP is shown in percentages\n|rule|Endless Battle Clause: Forcing endless battles is banned\n|rule|OHKO Clause: OHKO moves are banned\n|rule|Evasion Clause: Evasion abilities, items, and moves are banned\n|rule|Evasion Abilities Clause: Evasion abilities are banned\n|rule|Evasion Items Clause: Evasion items are banned\n|rule|Evasion Moves Clause: Evasion moves are banned\n|rule|Species Clause: Limit one of each Pok\u00e9mon\n|rule|Sleep Clause Mod: Limit one foe put to sleep\n|clearpoke\n|poke|p1|Skeledirge, M|\n|poke|p1|Gyarados, F|\n|poke|p1|Kartana|\n|poke|p1|Corviknight, M|\n|poke|p1|Samurott-Hisui, F|\n|poke|p1|Serperior, M|\n|poke|p2|Zoroark-Hisui, M|\n|poke|p2|Kecleon, M|\n|poke|p2|Smeargle, M|\n|poke|p2|Mew|\n|poke|p2|Sudowoodo, M|\n|poke|p2|Ditto|\n|teampreview\n|inactive|Battle timer is ON: inactive players will automatically lose when time's up. (requested by gengar Quaker)\n|c|\u2606Jatenbrown5|Glhf\n|\n|t:|1699684639\n|start\n|switch|p1a: Gyarados|Gyarados, F, shiny|100\/100\n|switch|p2a: Sudowoodo|Sudowoodo, M|100\/100\n|-ability|p1a: Gyarados|Intimidate|boost\n|-unboost|p2a: Sudowoodo|atk|1\n|turn|1\n|\n|t:|1699684645\n|detailschange|p1a: Gyarados|Gyarados-Mega, F, shiny\n|-mega|p1a: Gyarados|Gyarados|Gyaradosite\n|-ability|p1a: Gyarados|Mold Breaker\n|move|p1a: Gyarados|Dragon Dance|p1a: Gyarados\n|-boost|p1a: Gyarados|atk|1\n|-boost|p1a: Gyarados|spe|1\n|move|p2a: Sudowoodo|Stealth Rock|p1a: Gyarados\n|-sidestart|p1: Jatenbrown5|move: Stealth Rock\n|\n|upkeep\n|turn|2\n|\n|t:|1699684655\n|move|p1a: Gyarados|Aqua Tail|p2a: Sudowoodo\n|-supereffective|p2a: Sudowoodo\n|-damage|p2a: Sudowoodo|0 fnt\n|faint|p2a: Sudowoodo\n|\n|upkeep\n|\n|t:|1699684669\n|switch|p2a: Ditto|Ditto|100\/100\n|-transform|p2a: Ditto|p1a: Gyarados|[from] ability: Imposter\n|-ability|p2a: Ditto|Mold Breaker\n|turn|3\n|\n|t:|1699684680\n|move|p2a: Ditto|Earthquake|p1a: Gyarados\n|-damage|p1a: Gyarados|38\/100\n|move|p1a: Gyarados|Dragon Dance|p1a: Gyarados\n|-boost|p1a: Gyarados|atk|1\n|-boost|p1a: Gyarados|spe|1\n|\n|upkeep\n|turn|4\n|\n|t:|1699684691\n|switch|p2a: Smeargle|Smeargle, M|100\/100\n|-item|p2a: Smeargle|Air Balloon\n|move|p1a: Gyarados|Earthquake|p2a: Smeargle\n|-immune|p2a: Smeargle\n|\n|upkeep\n|turn|5\n|\n|t:|1699684701\n|move|p2a: Smeargle|Extreme Speed|p1a: Gyarados\n|-crit|p1a: Gyarados\n|-damage|p1a: Gyarados|15\/100\n|move|p1a: Gyarados|Aqua Tail|p2a: Smeargle\n|-crit|p2a: Smeargle\n|-damage|p2a: Smeargle|0 fnt\n|-enditem|p2a: Smeargle|Air Balloon\n|faint|p2a: Smeargle\n|\n|upkeep\n|\n|t:|1699684709\n|switch|p2a: Ditto|Ditto|100\/100\n|-transform|p2a: Ditto|p1a: Gyarados|[from] ability: Imposter\n|-ability|p2a: Ditto|Mold Breaker\n|turn|6\n|\n|t:|1699684718\n|move|p2a: Ditto|Aqua Tail|p1a: Gyarados|[miss]\n|-miss|p2a: Ditto|p1a: Gyarados\n|move|p1a: Gyarados|Iron Head|p2a: Ditto\n|-resisted|p2a: Ditto\n|-damage|p2a: Ditto|62\/100\n|\n|upkeep\n|turn|7\n|\n|t:|1699684725\n|move|p2a: Ditto|Aqua Tail|p1a: Gyarados\n|-resisted|p1a: Gyarados\n|-damage|p1a: Gyarados|0 fnt\n|faint|p1a: Gyarados\n|\n|upkeep\n|\n|t:|1699684730\n|switch|p1a: Skeledirge|Skeledirge, M, shiny|100\/100\n|-damage|p1a: Skeledirge|76\/100|[from] Stealth Rock\n|turn|8\n|\n|t:|1699684735\n|-terastallize|p1a: Skeledirge|Dragon\n|move|p2a: Ditto|Aqua Tail|p1a: Skeledirge|[miss]\n|-miss|p2a: Ditto|p1a: Skeledirge\n|move|p1a: Skeledirge|Torch Song|p2a: Ditto\n|-resisted|p2a: Ditto\n|-damage|p2a: Ditto|42\/100\n|-boost|p1a: Skeledirge|spa|1\n|\n|upkeep\n|turn|9\n|\n|t:|1699684744\n|move|p2a: Ditto|Aqua Tail|p1a: Skeledirge\n|-resisted|p1a: Skeledirge\n|-damage|p1a: Skeledirge|24\/100\n|move|p1a: Skeledirge|Tera Blast|p2a: Ditto|[anim] Tera Blast Dragon\n|-damage|p2a: Ditto|0 fnt\n|faint|p2a: Ditto\n|\n|upkeep\n|inactive|gengar Quaker has 120 seconds left.\n|\n|t:|1699684777\n|switch|p2a: Kecleon|Kecleon, M, shiny|100\/100\n|turn|10\n|\n|t:|1699684783\n|move|p2a: Kecleon|Hyper Voice|p1a: Skeledirge\n|-damage|p1a: Skeledirge|0 fnt\n|faint|p1a: Skeledirge\n|\n|upkeep\n|\n|t:|1699684787\n|switch|p1a: Corviknight|Corviknight, M, shiny|100\/100\n|-damage|p1a: Corviknight|88\/100|[from] Stealth Rock\n|turn|11\n|\n|t:|1699684807\n|switch|p2a: Mew|Mew|100\/100\n|move|p1a: Corviknight|Defog|p2a: Mew\n|-unboost|p2a: Mew|evasion|1\n|-sideend|p1: Jatenbrown5|Stealth Rock|[from] move: Defog|[of] p1a: Corviknight\n|\n|-heal|p1a: Corviknight|94\/100|[from] item: Leftovers\n|upkeep\n|turn|12\n|\n|t:|1699684814\n|move|p2a: Mew|Cosmic Power|p2a: Mew\n|-boost|p2a: Mew|def|1\n|-boost|p2a: Mew|spd|1\n|move|p1a: Corviknight|Iron Defense|p1a: Corviknight\n|-boost|p1a: Corviknight|def|2\n|\n|-heal|p1a: Corviknight|100\/100|[from] item: Leftovers\n|upkeep\n|turn|13\n|\n|t:|1699684822\n|move|p2a: Mew|Cosmic Power|p2a: Mew\n|-boost|p2a: Mew|def|1\n|-boost|p2a: Mew|spd|1\n|move|p1a: Corviknight|Iron Defense|p1a: Corviknight\n|-boost|p1a: Corviknight|def|2\n|\n|upkeep\n|turn|14\n|\n|t:|1699684827\n|move|p2a: Mew|Cosmic Power|p2a: Mew\n|-boost|p2a: Mew|def|1\n|-boost|p2a: Mew|spd|1\n|move|p1a: Corviknight|Iron Defense|p1a: Corviknight\n|-boost|p1a: Corviknight|def|2\n|\n|upkeep\n|turn|15\n|\n|t:|1699684834\n|move|p2a: Mew|Cosmic Power|p2a: Mew\n|-boost|p2a: Mew|def|1\n|-boost|p2a: Mew|spd|1\n|move|p1a: Corviknight|Body Press|p2a: Mew\n|-resisted|p2a: Mew\n|-damage|p2a: Mew|90\/100\n|\n|upkeep\n|turn|16\n|\n|t:|1699684841\n|move|p2a: Mew|Cosmic Power|p2a: Mew\n|-boost|p2a: Mew|def|1\n|-boost|p2a: Mew|spd|1\n|move|p1a: Corviknight|Body Press|p2a: Mew\n|-resisted|p2a: Mew\n|-damage|p2a: Mew|81\/100\n|\n|upkeep\n|turn|17\n|\n|t:|1699684846\n|move|p2a: Mew|Cosmic Power|p2a: Mew\n|-boost|p2a: Mew|def|1\n|-boost|p2a: Mew|spd|1\n|move|p1a: Corviknight|Body Press|p2a: Mew\n|-resisted|p2a: Mew\n|-damage|p2a: Mew|73\/100\n|\n|upkeep\n|turn|18\n|\n|t:|1699684854\n|move|p2a: Mew|Stored Power|p1a: Corviknight\n|-resisted|p1a: Corviknight\n|-damage|p1a: Corviknight|68\/100\n|move|p1a: Corviknight|Body Press|p2a: Mew\n|-resisted|p2a: Mew\n|-damage|p2a: Mew|65\/100\n|\n|-heal|p1a: Corviknight|74\/100|[from] item: Leftovers\n|upkeep\n|turn|19\n|\n|t:|1699684865\n|switch|p1a: Samurott|Samurott-Hisui, F, shiny|100\/100\n|move|p2a: Mew|Stored Power|p1a: Samurott\n|-immune|p1a: Samurott\n|\n|upkeep\n|turn|20\n|\n|t:|1699684872\n|-terastallize|p2a: Mew|Poison\n|move|p1a: Samurott|Ceaseless Edge|p2a: Mew\n|-damage|p2a: Mew|55\/100\n|-sidestart|p2: gengar Quaker|Spikes\n|move|p2a: Mew|Body Press|p1a: Samurott\n|-supereffective|p1a: Samurott\n|-damage|p1a: Samurott|0 fnt\n|faint|p1a: Samurott\n|\n|upkeep\n|\n|t:|1699684882\n|switch|p1a: Corviknight|Corviknight, M, shiny|74\/100\n|turn|21\n|\n|t:|1699684887\n|move|p2a: Mew|Stored Power|p1a: Corviknight\n|-resisted|p1a: Corviknight\n|-damage|p1a: Corviknight|44\/100\n|move|p1a: Corviknight|Body Press|p2a: Mew\n|-resisted|p2a: Mew\n|-damage|p2a: Mew|53\/100\n|\n|-heal|p1a: Corviknight|51\/100|[from] item: Leftovers\n|upkeep\n|turn|22\n|\n|t:|1699684894\n|move|p2a: Mew|Stored Power|p1a: Corviknight\n|-resisted|p1a: Corviknight\n|-damage|p1a: Corviknight|20\/100\n|move|p1a: Corviknight|Iron Defense|p1a: Corviknight\n|-boost|p1a: Corviknight|def|2\n|\n|-heal|p1a: Corviknight|26\/100|[from] item: Leftovers\n|upkeep\n|turn|23\n|\n|t:|1699684899\n|move|p2a: Mew|Stored Power|p1a: Corviknight\n|-resisted|p1a: Corviknight\n|-damage|p1a: Corviknight|0 fnt\n|faint|p1a: Corviknight\n|\n|upkeep\n|\n|t:|1699684902\n|switch|p1a: Serperior|Serperior, M, shiny|100\/100\n|turn|24\n|\n|t:|1699684906\n|move|p1a: Serperior|Hidden Power|p2a: Mew\n|-damage|p2a: Mew|50\/100\n|move|p2a: Mew|Stored Power|p1a: Serperior\n|-crit|p1a: Serperior\n|-damage|p1a: Serperior|0 fnt\n|faint|p1a: Serperior\n|\n|upkeep\n|\n|t:|1699684910\n|switch|p1a: Kartana|Kartana, shiny|100\/100\n|turn|25\n|\n|t:|1699684913\n|move|p1a: Kartana|Psycho Cut|p2a: Mew\n|-supereffective|p2a: Mew\n|-crit|p2a: Mew\n|-damage|p2a: Mew|0 fnt\n|faint|p2a: Mew\n|-ability|p1a: Kartana|Beast Boost|boost\n|-boost|p1a: Kartana|atk|1\n|\n|upkeep\n|\n|t:|1699684923\n|switch|p2a: Kecleon|Kecleon, M, shiny|100\/100\n|-damage|p2a: Kecleon|88\/100|[from] Spikes\n|turn|26\n|\n|t:|1699684930\n|move|p2a: Kecleon|Sucker Punch|p1a: Kartana\n|-start|p2a: Kecleon|typechange|Dark|[from] ability: Protean\n|-damage|p1a: Kartana|69\/100\n|move|p1a: Kartana|Psycho Cut|p2a: Kecleon\n|-immune|p2a: Kecleon\n|\n|upkeep\n|turn|27\n|\n|t:|1699684939\n|move|p1a: Kartana|Psycho Cut|p2a: Kecleon\n|-immune|p2a: Kecleon\n|move|p2a: Kecleon|Drain Punch|p1a: Kartana\n|-supereffective|p1a: Kartana\n|-damage|p1a: Kartana|24\/100\n|-heal|p2a: Kecleon|100\/100|[from] drain|[of] p1a: Kartana\n|\n|upkeep\n|turn|28\n|\n|t:|1699684947\n|move|p1a: Kartana|Psycho Cut|p2a: Kecleon\n|-immune|p2a: Kecleon\n|move|p2a: Kecleon|Knock Off|p1a: Kartana\n|-damage|p1a: Kartana|0 fnt\n|-enditem|p1a: Kartana|Choice Scarf|[from] move: Knock Off|[of] p2a: Kecleon\n|faint|p1a: Kartana\n|\n|win|gengar Quaker\n|raw|Jatenbrown5's rating: 1092 &rarr; <strong>1062<\/strong><br \/>(-30 for losing)\n|raw|gengar Quaker's rating: 1000 &rarr; <strong>1050<\/strong><br \/>(+50 for winning)\n|l|\u2606Jatenbrown5\n","uploadtime":1699684966,"views":4,"p1id":"jatenbrown5","p2id":"gengarquaker","formatid":"gen9nationaldex","rating":1050,"private":0,"password":""}