{"id":"gen9nationaldex-1999052189","p1":"MunchingPatato","p2":"tobiasnl","format":"[Gen 9] National Dex","log":"|html|<div class=\"broadcast-blue\"><strong>[Gen 9] National Dex is currently suspecting Sneasler! For information on how to participate check out the <a href=\"https:\/\/www.smogon.com\/forums\/threads\/sv-national-dex-suspect-8-just-dance.3731534\/\">suspect thread<\/a>.<\/strong><\/div>\n|j|\u2606MunchingPatato\n|j|\u2606tobiasnl\n|t:|1701028017\n|gametype|singles\n|player|p1|MunchingPatato|preschooler|\n|player|p2|tobiasnl|2|\n|teamsize|p1|6\n|teamsize|p2|6\n|gen|9\n|tier|[Gen 9] National Dex\n|rule|HP Percentage Mod: HP is shown in percentages\n|rule|Endless Battle Clause: Forcing endless battles is banned\n|rule|OHKO Clause: OHKO moves are banned\n|rule|Evasion Clause: Evasion abilities, items, and moves are banned\n|rule|Evasion Abilities Clause: Evasion abilities are banned\n|rule|Evasion Items Clause: Evasion items are banned\n|rule|Evasion Moves Clause: Evasion moves are banned\n|rule|Species Clause: Limit one of each Pok\u00e9mon\n|rule|Sleep Clause Mod: Limit one foe put to sleep\n|clearpoke\n|poke|p1|Rillaboom, M|\n|poke|p1|Clefable, F|\n|poke|p1|Infernape, M|\n|poke|p1|Corviknight, M|\n|poke|p1|Greninja-*, M|\n|poke|p1|Dragonite, F|\n|poke|p2|Blaziken, M|\n|poke|p2|Gallade, M|\n|poke|p2|Breloom, M|\n|poke|p2|Conkeldurr, F|\n|poke|p2|Quaquaval, M|\n|poke|p2|Lucario, F|\n|teampreview\n|\n|t:|1701028042\n|start\n|switch|p1a: Infernape|Infernape, M|100\/100\n|switch|p2a: Blaziken|Blaziken, M|100\/100\n|turn|1\n|\n|t:|1701028048\n|move|p1a: Infernape|Nasty Plot|p1a: Infernape\n|-boost|p1a: Infernape|spa|2\n|move|p2a: Blaziken|Swords Dance|p2a: Blaziken\n|-boost|p2a: Blaziken|atk|2\n|\n|-ability|p2a: Blaziken|Speed Boost|boost\n|-boost|p2a: Blaziken|spe|1\n|upkeep\n|turn|2\n|\n|t:|1701028058\n|move|p1a: Infernape|Vacuum Wave|p2a: Blaziken\n|-crit|p2a: Blaziken\n|-damage|p2a: Blaziken|23\/100\n|move|p2a: Blaziken|Close Combat|p1a: Infernape\n|-damage|p1a: Infernape|0 fnt\n|-unboost|p2a: Blaziken|def|1\n|-unboost|p2a: Blaziken|spd|1\n|faint|p1a: Infernape\n|\n|-heal|p2a: Blaziken|29\/100|[from] item: Leftovers\n|-ability|p2a: Blaziken|Speed Boost|boost\n|-boost|p2a: Blaziken|spe|1\n|upkeep\n|\n|t:|1701028069\n|switch|p1a: Rillaboom|Rillaboom, M|100\/100\n|-fieldstart|move: Grassy Terrain|[from] ability: Grassy Surge|[of] p1a: Rillaboom\n|turn|3\n|\n|t:|1701028085\n|move|p1a: Rillaboom|Grassy Glide|p2a: Blaziken\n|-resisted|p2a: Blaziken\n|-damage|p2a: Blaziken|0 fnt\n|faint|p2a: Blaziken\n|\n|upkeep\n|\n|t:|1701028097\n|switch|p2a: Gallade|Gallade, M, shiny|100\/100\n|turn|4\n|\n|t:|1701028100\n|switch|p1a: Corviknight|Corviknight, M|100\/100\n|-ability|p1a: Corviknight|Pressure\n|move|p2a: Gallade|Triple Axel|p1a: Corviknight|[miss]\n|-miss|p2a: Gallade|p1a: Corviknight\n|\n|upkeep\n|turn|5\n|c|\u2606MunchingPatato|unlucky\n|c|\u2606tobiasnl|yep\n|\n|t:|1701028117\n|move|p2a: Gallade|Triple Axel|p1a: Corviknight|[miss]\n|-miss|p2a: Gallade|p1a: Corviknight\n|move|p1a: Corviknight|Brave Bird|p2a: Gallade\n|-supereffective|p2a: Gallade\n|-damage|p2a: Gallade|0 fnt\n|faint|p2a: Gallade\n|-damage|p1a: Corviknight|78\/100|[from] Recoil\n|\n|upkeep\n|c|\u2606tobiasnl|WHAT\n|c|\u2606MunchingPatato|LMAO\n|c|\u2606tobiasnl|xDDD\n|\n|t:|1701028134\n|switch|p2a: Conkeldurr|Conkeldurr, F, shiny|100\/100\n|turn|6\n|\n|t:|1701028143\n|move|p1a: Corviknight|Brave Bird|p2a: Conkeldurr\n|-supereffective|p2a: Conkeldurr\n|-damage|p2a: Conkeldurr|27\/100\n|-damage|p1a: Corviknight|55\/100|[from] Recoil\n|move|p2a: Conkeldurr|Ice Punch|p1a: Corviknight\n|-damage|p1a: Corviknight|34\/100\n|-damage|p2a: Conkeldurr|10\/100|[from] item: Rocky Helmet|[of] p1a: Corviknight\n|\n|-heal|p2a: Conkeldurr|16\/100|[from] Grassy Terrain\n|upkeep\n|turn|7\n|c|\u2606tobiasnl|now i have nothing\n|\n|t:|1701028157\n|move|p2a: Conkeldurr|Mach Punch|p1a: Corviknight\n|-damage|p1a: Corviknight|15\/100\n|-damage|p2a: Conkeldurr|0 fnt|[from] item: Rocky Helmet|[of] p1a: Corviknight\n|faint|p2a: Conkeldurr\n|move|p1a: Corviknight|Roost|p1a: Corviknight\n|-heal|p1a: Corviknight|65\/100\n|-singleturn|p1a: Corviknight|move: Roost\n|\n|-heal|p1a: Corviknight|72\/100|[from] Grassy Terrain\n|-fieldend|move: Grassy Terrain\n|upkeep\n|\n|t:|1701028166\n|switch|p2a: Lucario|Lucario, F, shiny|100\/100\n|turn|8\n|\n|t:|1701028183\n|move|p2a: Lucario|Swords Dance|p2a: Lucario\n|-boost|p2a: Lucario|atk|2\n|move|p1a: Corviknight|U-turn|p2a: Lucario\n|-resisted|p2a: Lucario\n|-damage|p2a: Lucario|94\/100\n|\n|t:|1701028197\n|switch|p1a: Rillaboom|Rillaboom, M|100\/100|[from] U-turn\n|-fieldstart|move: Grassy Terrain|[from] ability: Grassy Surge|[of] p1a: Rillaboom\n|\n|-heal|p2a: Lucario|100\/100|[from] Grassy Terrain\n|upkeep\n|turn|9\n|\n|t:|1701028211\n|move|p2a: Lucario|Meteor Mash|p1a: Rillaboom\n|-damage|p1a: Rillaboom|7\/100\n|move|p1a: Rillaboom|Drain Punch|p2a: Lucario\n|-supereffective|p2a: Lucario\n|-damage|p2a: Lucario|0 fnt\n|-heal|p1a: Rillaboom|48\/100|[from] drain|[of] p2a: Lucario\n|faint|p2a: Lucario\n|\n|-heal|p1a: Rillaboom|54\/100|[from] Grassy Terrain\n|upkeep\n|\n|t:|1701028220\n|switch|p2a: Breloom|Breloom, M, shiny|100\/100\n|turn|10\n|\n|t:|1701028225\n|switch|p1a: Clefable|Clefable, F|100\/100\n|move|p2a: Breloom|Substitute|p2a: Breloom\n|-start|p2a: Breloom|Substitute\n|-damage|p2a: Breloom|76\/100\n|\n|-heal|p2a: Breloom|82\/100|[from] Grassy Terrain\n|-heal|p2a: Breloom|88\/100|[from] item: Leftovers\n|upkeep\n|turn|11\n|\n|t:|1701028270\n|move|p2a: Breloom|Spore|p1a: Clefable\n|-status|p1a: Clefable|slp|[from] move: Spore\n|cant|p1a: Clefable|slp\n|\n|-heal|p2a: Breloom|94\/100|[from] Grassy Terrain\n|-heal|p2a: Breloom|100\/100|[from] item: Leftovers\n|upkeep\n|turn|12\n|\n|t:|1701028293\n|switch|p2a: Quaquaval|Quaquaval, M, shiny|100\/100\n|cant|p1a: Clefable|slp\n|\n|-fieldend|move: Grassy Terrain\n|upkeep\n|turn|13\n|\n|t:|1701028299\n|move|p2a: Quaquaval|Swords Dance|p2a: Quaquaval\n|-boost|p2a: Quaquaval|atk|2\n|cant|p1a: Clefable|slp\n|\n|upkeep\n|turn|14\n|\n|t:|1701028303\n|move|p2a: Quaquaval|Aqua Step|p1a: Clefable\n|-crit|p1a: Clefable\n|-damage|p1a: Clefable|0 fnt\n|-boost|p2a: Quaquaval|spe|1\n|faint|p1a: Clefable\n|-ability|p2a: Quaquaval|Moxie|boost\n|-boost|p2a: Quaquaval|atk|1\n|\n|upkeep\n|\n|t:|1701028310\n|switch|p1a: Rillaboom|Rillaboom, M|54\/100\n|-fieldstart|move: Grassy Terrain|[from] ability: Grassy Surge|[of] p1a: Rillaboom\n|turn|15\n|\n|t:|1701028317\n|move|p1a: Rillaboom|Grassy Glide|p2a: Quaquaval\n|-supereffective|p2a: Quaquaval\n|-damage|p2a: Quaquaval|0 fnt\n|faint|p2a: Quaquaval\n|\n|-heal|p1a: Rillaboom|61\/100|[from] Grassy Terrain\n|upkeep\n|\n|t:|1701028323\n|switch|p2a: Breloom|Breloom, M, shiny|100\/100\n|turn|16\n|\n|t:|1701028327\n|switch|p1a: Corviknight|Corviknight, M|72\/100\n|-ability|p1a: Corviknight|Pressure\n|move|p2a: Breloom|Substitute|p2a: Breloom\n|-start|p2a: Breloom|Substitute\n|-damage|p2a: Breloom|76\/100\n|\n|-heal|p2a: Breloom|82\/100|[from] Grassy Terrain\n|-heal|p2a: Breloom|88\/100|[from] item: Leftovers\n|upkeep\n|turn|17\n|\n|t:|1701028338\n|move|p2a: Breloom|Leech Seed|p1a: Corviknight\n|-start|p1a: Corviknight|move: Leech Seed\n|move|p1a: Corviknight|U-turn|p2a: Breloom\n|-activate|p2a: Breloom|move: Substitute|[damage]\n|\n|t:|1701028343\n|switch|p1a: Dragonite|Dragonite, F|100\/100|[from] U-turn\n|\n|-heal|p2a: Breloom|94\/100|[from] Grassy Terrain\n|-heal|p2a: Breloom|100\/100|[from] item: Leftovers\n|upkeep\n|turn|18\n|\n|t:|1701028355\n|-singleturn|p2a: Breloom|move: Focus Punch\n|move|p1a: Dragonite|Extreme Speed|p2a: Breloom\n|-end|p2a: Breloom|Substitute\n|move|p2a: Breloom|Focus Punch|p1a: Dragonite\n|-resisted|p1a: Dragonite\n|-damage|p1a: Dragonite|84\/100\n|\n|upkeep\n|turn|19\n|c|\u2606tobiasnl|ye im ded\n|c|\u2606tobiasnl|triple axel fucked me up\n|\n|t:|1701028371\n|-singleturn|p2a: Breloom|move: Focus Punch\n|move|p1a: Dragonite|Dragon Dance|p1a: Dragonite\n|-boost|p1a: Dragonite|atk|1\n|-boost|p1a: Dragonite|spe|1\n|move|p2a: Breloom|Focus Punch|p1a: Dragonite\n|-resisted|p1a: Dragonite\n|-damage|p1a: Dragonite|49\/100\n|\n|-fieldend|move: Grassy Terrain\n|upkeep\n|turn|20\n|c|\u2606MunchingPatato|that was super unlucky\n|\n|t:|1701028380\n|move|p1a: Dragonite|Extreme Speed|p2a: Breloom\n|-damage|p2a: Breloom|45\/100\n|move|p2a: Breloom|Leech Seed|p1a: Dragonite\n|-start|p1a: Dragonite|move: Leech Seed\n|\n|-heal|p2a: Breloom|51\/100|[from] item: Leftovers\n|-damage|p1a: Dragonite|37\/100|[from] Leech Seed|[of] p2a: Breloom\n|-heal|p2a: Breloom|64\/100|[silent]\n|upkeep\n|turn|21\n|c|\u2606tobiasnl|yeah it mostly never misses\n|c|\u2606tobiasnl|and now 2x in a row\n|\n|t:|1701028398\n|-singleturn|p2a: Breloom|move: Focus Punch\n|move|p1a: Dragonite|Extreme Speed|p2a: Breloom\n|-damage|p2a: Breloom|6\/100\n|cant|p2a: Breloom|Focus Punch|Focus Punch\n|\n|-heal|p2a: Breloom|12\/100|[from] item: Leftovers\n|-damage|p1a: Dragonite|24\/100|[from] Leech Seed|[of] p2a: Breloom\n|-heal|p2a: Breloom|25\/100|[silent]\n|upkeep\n|turn|22\n|\n|t:|1701028407\n|-singleturn|p2a: Breloom|move: Focus Punch\n|move|p1a: Dragonite|Extreme Speed|p2a: Breloom\n|-damage|p2a: Breloom|0 fnt\n|faint|p2a: Breloom\n|\n|win|MunchingPatato\n","uploadtime":1701028414,"views":21,"p1id":"munchingpatato","p2id":"tobiasnl","formatid":"gen9nationaldex","rating":0,"private":0,"password":""}