{"id":"gen9nationaldex-1998560272","p1":"Merunia","p2":"MjHufana","format":"[Gen 9] National Dex","log":"|html|<div class=\"broadcast-blue\"><strong>[Gen 9] National Dex is currently suspecting Sneasler! For information on how to participate check out the <a href=\"https:\/\/www.smogon.com\/forums\/threads\/sv-national-dex-suspect-8-just-dance.3731534\/\">suspect thread<\/a>.<\/strong><\/div>\n|j|\u2606Merunia\n|j|\u2606MjHufana\n|t:|1700956415\n|gametype|singles\n|player|p1|Merunia|2|1067\n|player|p2|MjHufana|depotagent|1028\n|teamsize|p1|6\n|teamsize|p2|6\n|gen|9\n|tier|[Gen 9] National Dex\n|rated|\n|rule|HP Percentage Mod: HP is shown in percentages\n|rule|Endless Battle Clause: Forcing endless battles is banned\n|rule|OHKO Clause: OHKO moves are banned\n|rule|Evasion Clause: Evasion abilities, items, and moves are banned\n|rule|Evasion Abilities Clause: Evasion abilities are banned\n|rule|Evasion Items Clause: Evasion items are banned\n|rule|Evasion Moves Clause: Evasion moves are banned\n|rule|Species Clause: Limit one of each Pok\u00e9mon\n|rule|Sleep Clause Mod: Limit one foe put to sleep\n|clearpoke\n|poke|p1|Espeon, M|\n|poke|p1|Hippowdon, M|\n|poke|p1|Steelix, F|\n|poke|p1|Houndstone, F|\n|poke|p1|Ferrothorn, F|\n|poke|p1|Dracozolt|\n|poke|p2|Banette, F|\n|poke|p2|Basculin-White-Striped, F|\n|poke|p2|Zapdos-Galar|\n|poke|p2|Accelgor, M|\n|poke|p2|Sneasler, F|\n|poke|p2|Victini|\n|teampreview\n|inactive|Battle timer is ON: inactive players will automatically lose when time's up. (requested by MjHufana)\n|\n|t:|1700956425\n|start\n|switch|p1a: Hippowdon|Hippowdon, M|100\/100\n|switch|p2a: Trickster|Banette, F, shiny|100\/100\n|-weather|Sandstorm|[from] ability: Sand Stream|[of] p1a: Hippowdon\n|turn|1\n|\n|t:|1700956432\n|detailschange|p2a: Trickster|Banette-Mega, F, shiny\n|-mega|p2a: Trickster|Banette|Banettite\n|move|p2a: Trickster|Trailblaze|p1a: Hippowdon\n|-supereffective|p1a: Hippowdon\n|-damage|p1a: Hippowdon|80\/100\n|-boost|p2a: Trickster|spe|1\n|move|p1a: Hippowdon|Sand Tomb|p2a: Trickster\n|-damage|p2a: Trickster|79\/100\n|-activate|p2a: Trickster|move: Sand Tomb|[of] p1a: Hippowdon\n|\n|-weather|Sandstorm|[upkeep]\n|-damage|p2a: Trickster|73\/100|[from] Sandstorm\n|-heal|p1a: Hippowdon|86\/100|[from] item: Leftovers\n|-damage|p2a: Trickster|61\/100|[from] move: Sand Tomb|[partiallytrapped]\n|upkeep\n|turn|2\n|\n|t:|1700956441\n|move|p2a: Trickster|Poltergeist|p1a: Hippowdon\n|-activate|p1a: Hippowdon|move: Poltergeist|Leftovers\n|-damage|p1a: Hippowdon|52\/100\n|move|p1a: Hippowdon|Stealth Rock|p2a: Trickster\n|-sidestart|p2: MjHufana|move: Stealth Rock\n|\n|-weather|Sandstorm|[upkeep]\n|-damage|p2a: Trickster|55\/100|[from] Sandstorm\n|-heal|p1a: Hippowdon|58\/100|[from] item: Leftovers\n|-damage|p2a: Trickster|43\/100|[from] move: Sand Tomb|[partiallytrapped]\n|upkeep\n|turn|3\n|\n|t:|1700956454\n|move|p2a: Trickster|Destiny Bond|p2a: Trickster\n|-singlemove|p2a: Trickster|Destiny Bond\n|move|p1a: Hippowdon|Slack Off|p1a: Hippowdon\n|-heal|p1a: Hippowdon|100\/100\n|\n|-weather|Sandstorm|[upkeep]\n|-damage|p2a: Trickster|37\/100|[from] Sandstorm\n|-damage|p2a: Trickster|25\/100|[from] move: Sand Tomb|[partiallytrapped]\n|upkeep\n|turn|4\n|\n|t:|1700956463\n|switch|p2a: Fins|Basculin-White-Striped, F, shiny|100\/100\n|-damage|p2a: Fins|88\/100|[from] Stealth Rock\n|move|p1a: Hippowdon|Sand Tomb|p2a: Fins\n|-damage|p2a: Fins|65\/100\n|-activate|p2a: Fins|move: Sand Tomb|[of] p1a: Hippowdon\n|\n|-weather|Sandstorm|[upkeep]\n|-damage|p2a: Fins|59\/100|[from] Sandstorm\n|-damage|p2a: Fins|47\/100|[from] move: Sand Tomb|[partiallytrapped]\n|upkeep\n|turn|5\n|\n|t:|1700956470\n|switch|p1a: Ferrothorn|Ferrothorn, F|100\/100\n|-terastallize|p2a: Fins|Water\n|move|p2a: Fins|Wave Crash|p1a: Ferrothorn\n|-resisted|p1a: Ferrothorn\n|-damage|p1a: Ferrothorn|71\/100\n|-damage|p2a: Fins|34\/100|[from] ability: Iron Barbs|[of] p1a: Ferrothorn\n|-damage|p2a: Fins|22\/100|[from] Recoil\n|\n|-weather|none\n|-end|p2a: Fins|Sand Tomb|[partiallytrapped]|[silent]\n|upkeep\n|turn|6\n|\n|t:|1700956476\n|switch|p2a: Bye bye|Victini|100\/100\n|-damage|p2a: Bye bye|76\/100|[from] Stealth Rock\n|move|p1a: Ferrothorn|Knock Off|p2a: Bye bye\n|-supereffective|p2a: Bye bye\n|-damage|p2a: Bye bye|0 fnt\n|-enditem|p2a: Bye bye|Black Belt|[from] move: Knock Off|[of] p1a: Ferrothorn\n|faint|p2a: Bye bye\n|\n|upkeep\n|\n|t:|1700956486\n|switch|p2a: Sneasler|Sneasler, F, shiny|100\/100\n|-damage|p2a: Sneasler|95\/100|[from] Stealth Rock\n|turn|7\n|\n|t:|1700956490\n|switch|p1a: Hippowdon|Hippowdon, M|100\/100\n|-weather|Sandstorm|[from] ability: Sand Stream|[of] p1a: Hippowdon\n|move|p2a: Sneasler|Swords Dance|p2a: Sneasler\n|-boost|p2a: Sneasler|atk|2\n|\n|-weather|Sandstorm|[upkeep]\n|-damage|p2a: Sneasler|89\/100|[from] Sandstorm\n|upkeep\n|turn|8\n|\n|t:|1700956495\n|move|p2a: Sneasler|X-Scissor|p1a: Hippowdon\n|-damage|p1a: Hippowdon|71\/100\n|move|p1a: Hippowdon|Roar|p2a: Sneasler\n|drag|p2a: Ninja|Accelgor, M, shiny|100\/100\n|-damage|p2a: Ninja|76\/100|[from] Stealth Rock\n|\n|-weather|Sandstorm|[upkeep]\n|-damage|p2a: Ninja|70\/100|[from] Sandstorm\n|-heal|p1a: Hippowdon|77\/100|[from] item: Leftovers\n|upkeep\n|turn|9\n|\n|t:|1700956506\n|switch|p1a: Steelix|Steelix, F|100\/100\n|move|p2a: Ninja|Water Shuriken|p1a: Steelix\n|-supereffective|p1a: Steelix\n|-damage|p1a: Steelix|88\/100\n|-supereffective|p1a: Steelix\n|-damage|p1a: Steelix|75\/100\n|-supereffective|p1a: Steelix\n|-damage|p1a: Steelix|62\/100\n|-supereffective|p1a: Steelix\n|-damage|p1a: Steelix|47\/100\n|-supereffective|p1a: Steelix\n|-damage|p1a: Steelix|33\/100\n|-hitcount|p1a: Steelix|5\n|\n|-weather|Sandstorm|[upkeep]\n|-damage|p2a: Ninja|64\/100|[from] Sandstorm\n|upkeep\n|turn|10\n|\n|t:|1700956519\n|detailschange|p1a: Steelix|Steelix-Mega, F\n|-mega|p1a: Steelix|Steelix|Steelixite\n|move|p2a: Ninja|Water Shuriken|p1a: Steelix\n|-supereffective|p1a: Steelix\n|-damage|p1a: Steelix|24\/100\n|-supereffective|p1a: Steelix\n|-damage|p1a: Steelix|13\/100\n|-supereffective|p1a: Steelix\n|-damage|p1a: Steelix|3\/100\n|-supereffective|p1a: Steelix\n|-damage|p1a: Steelix|0 fnt\n|faint|p1a: Steelix\n|-hitcount|p1: Steelix|4\n|\n|-weather|Sandstorm|[upkeep]\n|-damage|p2a: Ninja|58\/100|[from] Sandstorm\n|upkeep\n|\n|t:|1700956535\n|switch|p1a: Houndstone|Houndstone, F|100\/100\n|turn|11\n|\n|t:|1700956541\n|move|p2a: Ninja|Water Shuriken|p1a: Houndstone\n|-damage|p1a: Houndstone|97\/100\n|-damage|p1a: Houndstone|93\/100\n|-damage|p1a: Houndstone|89\/100\n|-damage|p1a: Houndstone|85\/100\n|-hitcount|p1a: Houndstone|4\n|move|p1a: Houndstone|Poltergeist|p2a: Ninja\n|-activate|p2a: Ninja|move: Poltergeist|Loaded Dice\n|-damage|p2a: Ninja|0 fnt\n|faint|p2a: Ninja\n|\n|-weather|none\n|upkeep\n|\n|t:|1700956548\n|switch|p2a: Trickster|Banette-Mega, F, shiny|25\/100\n|-damage|p2a: Trickster|12\/100|[from] Stealth Rock\n|turn|12\n|\n|t:|1700956555\n|move|p2a: Trickster|Destiny Bond|p2a: Trickster\n|-singlemove|p2a: Trickster|Destiny Bond\n|move|p1a: Houndstone|Facade|p2a: Trickster\n|-immune|p2a: Trickster\n|\n|upkeep\n|turn|13\n|\n|t:|1700956564\n|move|p2a: Trickster|Poltergeist|p1a: Houndstone\n|-activate|p1a: Houndstone|move: Poltergeist|Assault Vest\n|-supereffective|p1a: Houndstone\n|-damage|p1a: Houndstone|0 fnt\n|faint|p1a: Houndstone\n|\n|upkeep\n|\n|t:|1700956569\n|switch|p1a: Hippowdon|Hippowdon, M|77\/100\n|-weather|Sandstorm|[from] ability: Sand Stream|[of] p1a: Hippowdon\n|turn|14\n|\n|t:|1700956575\n|move|p2a: Trickster|Destiny Bond|p2a: Trickster\n|-singlemove|p2a: Trickster|Destiny Bond\n|move|p1a: Hippowdon|Roar|p2a: Trickster\n|drag|p2a: Sneasler|Sneasler, F, shiny|89\/100\n|-damage|p2a: Sneasler|83\/100|[from] Stealth Rock\n|\n|-weather|Sandstorm|[upkeep]\n|-damage|p2a: Sneasler|77\/100|[from] Sandstorm\n|-heal|p1a: Hippowdon|83\/100|[from] item: Leftovers\n|upkeep\n|turn|15\n|\n|t:|1700956586\n|switch|p2a: Imposter|Zapdos-Galar, shiny|100\/100\n|move|p1a: Hippowdon|Roar|p2a: Imposter\n|drag|p2a: Sneasler|Sneasler, F, shiny|77\/100\n|-damage|p2a: Sneasler|71\/100|[from] Stealth Rock\n|\n|-weather|Sandstorm|[upkeep]\n|-damage|p2a: Sneasler|65\/100|[from] Sandstorm\n|-heal|p1a: Hippowdon|90\/100|[from] item: Leftovers\n|upkeep\n|turn|16\n|\n|t:|1700956589\n|switch|p2a: Imposter|Zapdos-Galar, shiny|100\/100\n|move|p1a: Hippowdon|Roar|p2a: Imposter\n|drag|p2a: Fins|Basculin-White-Striped, F, shiny, tera:Water|22\/100\n|-damage|p2a: Fins|10\/100|[from] Stealth Rock\n|\n|-weather|Sandstorm|[upkeep]\n|-damage|p2a: Fins|4\/100|[from] Sandstorm\n|-heal|p1a: Hippowdon|96\/100|[from] item: Leftovers\n|upkeep\n|turn|17\n|\n|t:|1700956595\n|move|p2a: Fins|Wave Crash|p1a: Hippowdon\n|-supereffective|p1a: Hippowdon\n|-damage|p1a: Hippowdon|24\/100\n|-damage|p2a: Fins|0 fnt|[from] Recoil\n|faint|p2a: Fins\n|move|p1a: Hippowdon|Roar|p2: Fins|[notarget]\n|-fail|p1a: Hippowdon\n|\n|-weather|Sandstorm|[upkeep]\n|-heal|p1a: Hippowdon|30\/100|[from] item: Leftovers\n|upkeep\n|\n|t:|1700956604\n|switch|p2a: Imposter|Zapdos-Galar, shiny|100\/100\n|turn|18\n|\n|t:|1700956612\n|switch|p1a: Ferrothorn|Ferrothorn, F|71\/100\n|move|p2a: Imposter|Thunderous Kick|p1a: Ferrothorn\n|-supereffective|p1a: Ferrothorn\n|-damage|p1a: Ferrothorn|2\/100\n|-unboost|p1a: Ferrothorn|def|1\n|-damage|p2a: Imposter|88\/100|[from] ability: Iron Barbs|[of] p1a: Ferrothorn\n|\n|-weather|none\n|upkeep\n|turn|19\n|\n|t:|1700956625\n|move|p2a: Imposter|Thunderous Kick|p1a: Ferrothorn\n|-supereffective|p1a: Ferrothorn\n|-damage|p1a: Ferrothorn|0 fnt\n|-damage|p2a: Imposter|76\/100|[from] ability: Iron Barbs|[of] p1a: Ferrothorn\n|faint|p1a: Ferrothorn\n|\n|upkeep\n|\n|t:|1700956628\n|switch|p1a: Hippowdon|Hippowdon, M|30\/100\n|-weather|Sandstorm|[from] ability: Sand Stream|[of] p1a: Hippowdon\n|turn|20\n|\n|t:|1700956632\n|move|p2a: Imposter|Close Combat|p1a: Hippowdon\n|-damage|p1a: Hippowdon|1\/100\n|-unboost|p2a: Imposter|def|1\n|-unboost|p2a: Imposter|spd|1\n|move|p1a: Hippowdon|Slack Off|p1a: Hippowdon\n|-heal|p1a: Hippowdon|51\/100\n|\n|-weather|Sandstorm|[upkeep]\n|-damage|p2a: Imposter|69\/100|[from] Sandstorm\n|-heal|p1a: Hippowdon|57\/100|[from] item: Leftovers\n|upkeep\n|turn|21\n|\n|t:|1700956639\n|switch|p2a: Sneasler|Sneasler, F, shiny|65\/100\n|-damage|p2a: Sneasler|59\/100|[from] Stealth Rock\n|move|p1a: Hippowdon|Slack Off|p1a: Hippowdon\n|-heal|p1a: Hippowdon|100\/100\n|\n|-weather|Sandstorm|[upkeep]\n|-damage|p2a: Sneasler|53\/100|[from] Sandstorm\n|upkeep\n|turn|22\n|\n|t:|1700956658\n|switch|p1a: Dracozolt|Dracozolt|100\/100\n|move|p2a: Sneasler|Brick Break|p1a: Dracozolt\n|-damage|p1a: Dracozolt|48\/100\n|\n|-weather|Sandstorm|[upkeep]\n|-damage|p2a: Sneasler|47\/100|[from] Sandstorm\n|upkeep\n|turn|23\n|\n|t:|1700956669\n|move|p1a: Dracozolt|Bolt Beak|p2a: Sneasler\n|-damage|p2a: Sneasler|0 fnt\n|faint|p2a: Sneasler\n|\n|-weather|Sandstorm|[upkeep]\n|upkeep\n|\n|t:|1700956673\n|switch|p2a: Imposter|Zapdos-Galar, shiny|69\/100\n|turn|24\n|\n|t:|1700956678\n|move|p1a: Dracozolt|Bolt Beak|p2a: Imposter\n|-supereffective|p2a: Imposter\n|-damage|p2a: Imposter|0 fnt\n|faint|p2a: Imposter\n|\n|-weather|none\n|upkeep\n|\n|t:|1700956681\n|switch|p2a: Trickster|Banette-Mega, F, shiny|12\/100\n|-damage|p2a: Trickster|0 fnt|[from] Stealth Rock\n|faint|p2a: Trickster\n|\n|win|Merunia\n|raw|Merunia's rating: 1067 &rarr; <strong>1094<\/strong><br \/>(+27 for winning)\n|raw|MjHufana's rating: 1028 &rarr; <strong>1015<\/strong><br \/>(-13 for losing)\n|l|\u2606MjHufana\n|c|\u2606Merunia|gg\n","uploadtime":1700957137,"views":2,"p1id":"merunia","p2id":"mjhufana","formatid":"gen9nationaldex","rating":1015,"private":0,"password":""}