{"id":"gen9nationaldex-1990472720","p1":"ashzzz","p2":"Zoru desu","format":"[Gen 9] National Dex","log":"|j|\u2606ashzzz\n|j|\u2606Zoru desu\n|t:|1699974177\n|gametype|singles\n|player|p1|ashzzz|2|1335\n|player|p2|Zoru desu|roxie|1449\n|teamsize|p1|6\n|teamsize|p2|6\n|gen|9\n|tier|[Gen 9] National Dex\n|rated|\n|rule|HP Percentage Mod: HP is shown in percentages\n|rule|Endless Battle Clause: Forcing endless battles is banned\n|rule|OHKO Clause: OHKO moves are banned\n|rule|Evasion Clause: Evasion abilities, items, and moves are banned\n|rule|Evasion Abilities Clause: Evasion abilities are banned\n|rule|Evasion Items Clause: Evasion items are banned\n|rule|Evasion Moves Clause: Evasion moves are banned\n|rule|Species Clause: Limit one of each Pok\u00e9mon\n|rule|Sleep Clause Mod: Limit one foe put to sleep\n|clearpoke\n|poke|p1|Clodsire, F|\n|poke|p1|Corviknight, F|\n|poke|p1|Skeledirge, F|\n|poke|p1|Medicham, F|\n|poke|p1|Bisharp, F|\n|poke|p1|Dragonite, F|\n|poke|p2|Ferrothorn, F|\n|poke|p2|Toxapex, M|\n|poke|p2|Tornadus-Therian, M|\n|poke|p2|Pelipper, F|\n|poke|p2|Gyarados, F|\n|poke|p2|Gastrodon, M|\n|teampreview\n|\n|t:|1699974191\n|start\n|switch|p1a: Medicham|Medicham, F|100\/100\n|switch|p2a: Pelipper|Pelipper, F|100\/100\n|-weather|RainDance|[from] ability: Drizzle|[of] p2a: Pelipper\n|turn|1\n|inactive|Battle timer is ON: inactive players will automatically lose when time's up. (requested by Zoru desu)\n|\n|t:|1699974201\n|switch|p2a: Ferrothorn|Ferrothorn, F|100\/100\n|detailschange|p1a: Medicham|Medicham-Mega, F\n|-mega|p1a: Medicham|Medicham|Medichamite\n|move|p1a: Medicham|Fake Out|p2a: Ferrothorn\n|-resisted|p2a: Ferrothorn\n|-damage|p2a: Ferrothorn|94\/100\n|-damage|p1a: Medicham|88\/100|[from] ability: Iron Barbs|[of] p2a: Ferrothorn\n|\n|-weather|RainDance|[upkeep]\n|-heal|p2a: Ferrothorn|99\/100|[from] item: Leftovers\n|upkeep\n|turn|2\n|\n|t:|1699974219\n|move|p2a: Ferrothorn|Protect|p2a: Ferrothorn\n|-singleturn|p2a: Ferrothorn|Protect\n|move|p1a: Medicham|Close Combat|p2a: Ferrothorn\n|-activate|p2a: Ferrothorn|move: Protect\n|\n|-weather|RainDance|[upkeep]\n|-heal|p2a: Ferrothorn|100\/100|[from] item: Leftovers\n|upkeep\n|turn|3\n|\n|t:|1699974231\n|move|p1a: Medicham|Zen Headbutt|p2a: Ferrothorn\n|-resisted|p2a: Ferrothorn\n|-damage|p2a: Ferrothorn|79\/100\n|-damage|p1a: Medicham|76\/100|[from] ability: Iron Barbs|[of] p2a: Ferrothorn\n|move|p2a: Ferrothorn|Leech Seed|p1a: Medicham\n|-start|p1a: Medicham|move: Leech Seed\n|\n|-weather|RainDance|[upkeep]\n|-heal|p2a: Ferrothorn|85\/100|[from] item: Leftovers\n|-damage|p1a: Medicham|64\/100|[from] Leech Seed|[of] p2a: Ferrothorn\n|-heal|p2a: Ferrothorn|95\/100|[silent]\n|upkeep\n|turn|4\n|\n|t:|1699974245\n|switch|p1a: Clodsire|Clodsire, F|100\/100\n|move|p2a: Ferrothorn|Stealth Rock|p1a: Clodsire\n|-sidestart|p1: ashzzz|move: Stealth Rock\n|\n|-weather|RainDance|[upkeep]\n|-heal|p2a: Ferrothorn|100\/100|[from] item: Leftovers\n|upkeep\n|turn|5\n|\n|t:|1699974252\n|move|p1a: Clodsire|Stealth Rock|p2a: Ferrothorn\n|-sidestart|p2: Zoru desu|move: Stealth Rock\n|move|p2a: Ferrothorn|Leech Seed|p1a: Clodsire\n|-start|p1a: Clodsire|move: Leech Seed\n|\n|-weather|RainDance|[upkeep]\n|-damage|p1a: Clodsire|88\/100|[from] Leech Seed|[of] p2a: Ferrothorn\n|upkeep\n|turn|6\n|\n|t:|1699974259\n|switch|p1a: Medicham|Medicham-Mega, F|64\/100\n|-damage|p1a: Medicham|58\/100|[from] Stealth Rock\n|move|p2a: Ferrothorn|Body Press|p1a: Medicham\n|-resisted|p1a: Medicham\n|-damage|p1a: Medicham|37\/100\n|\n|-weather|RainDance|[upkeep]\n|upkeep\n|turn|7\n|\n|t:|1699974268\n|move|p1a: Medicham|Close Combat|p2a: Ferrothorn\n|-supereffective|p2a: Ferrothorn\n|-damage|p2a: Ferrothorn|0 fnt\n|-unboost|p1a: Medicham|def|1\n|-unboost|p1a: Medicham|spd|1\n|-damage|p1a: Medicham|24\/100|[from] ability: Iron Barbs|[of] p2a: Ferrothorn\n|faint|p2a: Ferrothorn\n|\n|-weather|RainDance|[upkeep]\n|upkeep\n|\n|t:|1699974276\n|switch|p2a: Tornadus|Tornadus-Therian, M|100\/100\n|turn|8\n|\n|t:|1699974293\n|switch|p1a: Clodsire|Clodsire, F|88\/100\n|move|p2a: Tornadus|Defog|p1a: Clodsire\n|-unboost|p1a: Clodsire|evasion|1\n|-sideend|p1: ashzzz|Stealth Rock|[from] move: Defog|[of] p2a: Tornadus\n|-sideend|p2: Zoru desu|Stealth Rock|[from] move: Defog|[of] p2a: Tornadus\n|\n|-weather|none\n|upkeep\n|turn|9\n|\n|t:|1699974304\n|switch|p2a: Toxapex|Toxapex, M|100\/100\n|move|p1a: Clodsire|Stealth Rock|p2a: Toxapex\n|-sidestart|p2: Zoru desu|move: Stealth Rock\n|\n|upkeep\n|turn|10\n|\n|t:|1699974317\n|move|p2a: Toxapex|Scald|p1a: Clodsire\n|-heal|p1a: Clodsire|100\/100|[from] ability: Water Absorb|[of] p2a: Toxapex\n|move|p1a: Clodsire|Earthquake|p2a: Toxapex\n|-supereffective|p2a: Toxapex\n|-damage|p2a: Toxapex|65\/100\n|\n|-heal|p2a: Toxapex|71\/100|[from] item: Black Sludge\n|upkeep\n|turn|11\n|\n|t:|1699974328\n|switch|p2a: Pelipper|Pelipper, F|100\/100\n|-damage|p2a: Pelipper|76\/100|[from] Stealth Rock\n|-weather|RainDance|[from] ability: Drizzle|[of] p2a: Pelipper\n|move|p1a: Clodsire|Earthquake|p2a: Pelipper\n|-immune|p2a: Pelipper\n|\n|-weather|RainDance|[upkeep]\n|upkeep\n|turn|12\n|\n|t:|1699974340\n|move|p2a: Pelipper|U-turn|p1a: Clodsire\n|-resisted|p1a: Clodsire\n|-damage|p1a: Clodsire|96\/100\n|\n|t:|1699974360\n|switch|p2a: Tornadus|Tornadus-Therian, M|100\/100|[from] U-turn\n|move|p1a: Clodsire|Toxic|p2a: Tornadus\n|-status|p2a: Tornadus|tox\n|\n|-weather|RainDance|[upkeep]\n|-damage|p2a: Tornadus|94\/100 tox|[from] psn\n|upkeep\n|turn|13\n|\n|t:|1699974369\n|move|p2a: Tornadus|Hurricane|p1a: Clodsire\n|-damage|p1a: Clodsire|74\/100\n|move|p1a: Clodsire|Recover|p1a: Clodsire\n|-heal|p1a: Clodsire|100\/100\n|\n|-weather|RainDance|[upkeep]\n|-damage|p2a: Tornadus|82\/100 tox|[from] psn\n|upkeep\n|turn|14\n|\n|t:|1699974377\n|move|p2a: Tornadus|U-turn|p1a: Clodsire\n|-resisted|p1a: Clodsire\n|-damage|p1a: Clodsire|93\/100\n|\n|t:|1699974384\n|switch|p2a: Gastrodon|Gastrodon, M|100\/100|[from] U-turn\n|-damage|p2a: Gastrodon|94\/100|[from] Stealth Rock\n|move|p1a: Clodsire|Toxic|p2a: Gastrodon\n|-status|p2a: Gastrodon|tox\n|\n|-weather|RainDance|[upkeep]\n|-heal|p2a: Gastrodon|100\/100 tox|[from] item: Leftovers\n|-damage|p2a: Gastrodon|94\/100 tox|[from] psn\n|upkeep\n|turn|15\n|\n|t:|1699974395\n|switch|p1a: Corviknight|Corviknight, F|100\/100\n|-ability|p1a: Corviknight|Pressure\n|move|p2a: Gastrodon|Scald|p1a: Corviknight\n|-damage|p1a: Corviknight|65\/100\n|-status|p1a: Corviknight|brn\n|\n|-weather|RainDance|[upkeep]\n|-heal|p1a: Corviknight|71\/100 brn|[from] item: Leftovers\n|-heal|p2a: Gastrodon|100\/100 tox|[from] item: Leftovers\n|-damage|p2a: Gastrodon|88\/100 tox|[from] psn\n|-damage|p1a: Corviknight|65\/100 brn|[from] brn\n|upkeep\n|turn|16\n|\n|t:|1699974406\n|switch|p1a: Clodsire|Clodsire, F|93\/100\n|move|p2a: Gastrodon|Scald|p1a: Clodsire\n|-heal|p1a: Clodsire|100\/100|[from] ability: Water Absorb|[of] p2a: Gastrodon\n|\n|-weather|RainDance|[upkeep]\n|-heal|p2a: Gastrodon|94\/100 tox|[from] item: Leftovers\n|-damage|p2a: Gastrodon|76\/100 tox|[from] psn\n|upkeep\n|turn|17\n|\n|t:|1699974413\n|switch|p1a: Corviknight|Corviknight, F|65\/100 brn\n|-ability|p1a: Corviknight|Pressure\n|move|p2a: Gastrodon|Earth Power|p1a: Corviknight\n|-immune|p1a: Corviknight\n|\n|-weather|RainDance|[upkeep]\n|-heal|p1a: Corviknight|71\/100 brn|[from] item: Leftovers\n|-heal|p2a: Gastrodon|82\/100 tox|[from] item: Leftovers\n|-damage|p2a: Gastrodon|58\/100 tox|[from] psn\n|-damage|p1a: Corviknight|65\/100 brn|[from] brn\n|upkeep\n|turn|18\n|\n|t:|1699974420\n|move|p1a: Corviknight|Roost|p1a: Corviknight\n|-heal|p1a: Corviknight|100\/100 brn\n|-singleturn|p1a: Corviknight|move: Roost\n|move|p2a: Gastrodon|Recover|p2a: Gastrodon\n|-heal|p2a: Gastrodon|100\/100 tox\n|\n|-weather|none\n|-damage|p2a: Gastrodon|70\/100 tox|[from] psn\n|-damage|p1a: Corviknight|94\/100 brn|[from] brn\n|upkeep\n|turn|19\n|\n|t:|1699974429\n|switch|p2a: Tornadus|Tornadus-Therian, M|100\/100 tox\n|move|p1a: Corviknight|Taunt|p2a: Tornadus\n|-start|p2a: Tornadus|move: Taunt\n|\n|-heal|p1a: Corviknight|100\/100 brn|[from] item: Leftovers\n|-damage|p2a: Tornadus|94\/100 tox|[from] psn\n|-damage|p1a: Corviknight|94\/100 brn|[from] brn\n|upkeep\n|turn|20\n|\n|t:|1699974455\n|move|p2a: Tornadus|U-turn|p1a: Corviknight\n|-resisted|p1a: Corviknight\n|-damage|p1a: Corviknight|92\/100 brn\n|\n|t:|1699974470\n|switch|p2a: Toxapex|Toxapex, M|100\/100|[from] U-turn\n|-damage|p2a: Toxapex|88\/100|[from] Stealth Rock\n|move|p1a: Corviknight|Body Press|p2a: Toxapex\n|-resisted|p2a: Toxapex\n|-damage|p2a: Toxapex|84\/100\n|\n|-heal|p1a: Corviknight|98\/100 brn|[from] item: Leftovers\n|-heal|p2a: Toxapex|90\/100|[from] item: Black Sludge\n|-damage|p1a: Corviknight|92\/100 brn|[from] brn\n|upkeep\n|turn|21\n|\n|t:|1699974487\n|switch|p2a: Tornadus|Tornadus-Therian, M|100\/100 tox\n|move|p1a: Corviknight|Taunt|p2a: Tornadus\n|-start|p2a: Tornadus|move: Taunt\n|\n|-heal|p1a: Corviknight|98\/100 brn|[from] item: Leftovers\n|-damage|p2a: Tornadus|94\/100 tox|[from] psn\n|-damage|p1a: Corviknight|92\/100 brn|[from] brn\n|upkeep\n|turn|22\n|\n|t:|1699974495\n|switch|p1a: Bisharp|Bisharp, F|100\/100\n|move|p2a: Tornadus|U-turn|p1a: Bisharp\n|-damage|p1a: Bisharp|90\/100\n|\n|t:|1699974503\n|switch|p2a: Pelipper|Pelipper, F|76\/100|[from] U-turn\n|-damage|p2a: Pelipper|51\/100|[from] Stealth Rock\n|-weather|RainDance|[from] ability: Drizzle|[of] p2a: Pelipper\n|\n|-weather|RainDance|[upkeep]\n|upkeep\n|turn|23\n|\n|t:|1699974512\n|move|p1a: Bisharp|Sucker Punch||[still]\n|-fail|p1a: Bisharp\n|move|p2a: Pelipper|Roost|p2a: Pelipper\n|-heal|p2a: Pelipper|100\/100\n|-singleturn|p2a: Pelipper|move: Roost\n|\n|-weather|RainDance|[upkeep]\n|upkeep\n|turn|24\n|\n|t:|1699974529\n|move|p1a: Bisharp|Knock Off|p2a: Pelipper\n|-damage|p2a: Pelipper|54\/100\n|-enditem|p2a: Pelipper|Damp Rock|[from] move: Knock Off|[of] p1a: Bisharp\n|move|p2a: Pelipper|Hurricane|p1a: Bisharp\n|-resisted|p1a: Bisharp\n|-damage|p1a: Bisharp|73\/100\n|\n|-weather|RainDance|[upkeep]\n|upkeep\n|turn|25\n|\n|t:|1699974537\n|move|p1a: Bisharp|Pursuit|p2a: Pelipper\n|-damage|p2a: Pelipper|32\/100\n|move|p2a: Pelipper|Roost|p2a: Pelipper\n|-heal|p2a: Pelipper|83\/100\n|-singleturn|p2a: Pelipper|move: Roost\n|\n|-weather|RainDance|[upkeep]\n|upkeep\n|turn|26\n|\n|t:|1699974542\n|move|p1a: Bisharp|Iron Head|p2a: Pelipper\n|-resisted|p2a: Pelipper\n|-damage|p2a: Pelipper|64\/100\n|move|p2a: Pelipper|Roost|p2a: Pelipper\n|-heal|p2a: Pelipper|100\/100\n|-singleturn|p2a: Pelipper|move: Roost\n|\n|-weather|RainDance|[upkeep]\n|upkeep\n|turn|27\n|\n|t:|1699974551\n|switch|p1a: Dragonite|Dragonite, F|100\/100\n|switch|p2a: Tornadus|Tornadus-Therian, M|100\/100 tox\n|\n|-weather|RainDance|[upkeep]\n|-damage|p2a: Tornadus|94\/100 tox|[from] psn\n|upkeep\n|turn|28\n|\n|t:|1699974562\n|move|p2a: Tornadus|Defog|p1a: Dragonite\n|-unboost|p1a: Dragonite|evasion|1\n|-sideend|p2: Zoru desu|Stealth Rock|[from] move: Defog|[of] p2a: Tornadus\n|move|p1a: Dragonite|Curse|p1a: Dragonite\n|-unboost|p1a: Dragonite|spe|1\n|-boost|p1a: Dragonite|atk|1\n|-boost|p1a: Dragonite|def|1\n|\n|-weather|RainDance|[upkeep]\n|-damage|p2a: Tornadus|82\/100 tox|[from] psn\n|upkeep\n|turn|29\n|\n|t:|1699974572\n|move|p2a: Tornadus|Toxic|p1a: Dragonite\n|-status|p1a: Dragonite|tox\n|move|p1a: Dragonite|Curse|p1a: Dragonite\n|-unboost|p1a: Dragonite|spe|1\n|-boost|p1a: Dragonite|atk|1\n|-boost|p1a: Dragonite|def|1\n|\n|-weather|none\n|-damage|p2a: Tornadus|64\/100 tox|[from] psn\n|-damage|p1a: Dragonite|94\/100 tox|[from] psn\n|upkeep\n|turn|30\n|\n|t:|1699974578\n|move|p1a: Dragonite|Extreme Speed|p2a: Tornadus\n|-damage|p2a: Tornadus|0 fnt\n|faint|p2a: Tornadus\n|\n|-damage|p1a: Dragonite|82\/100 tox|[from] psn\n|upkeep\n|\n|t:|1699974582\n|switch|p2a: Pelipper|Pelipper, F|100\/100\n|-weather|RainDance|[from] ability: Drizzle|[of] p2a: Pelipper\n|turn|31\n|\n|t:|1699974590\n|move|p1a: Dragonite|Extreme Speed|p2a: Pelipper\n|-damage|p2a: Pelipper|56\/100\n|move|p2a: Pelipper|Hurricane|p1a: Dragonite\n|-damage|p1a: Dragonite|50\/100 tox\n|\n|-weather|RainDance|[upkeep]\n|-damage|p1a: Dragonite|31\/100 tox|[from] psn\n|upkeep\n|turn|32\n|\n|t:|1699974598\n|move|p1a: Dragonite|Extreme Speed|p2a: Pelipper\n|-damage|p2a: Pelipper|6\/100\n|move|p2a: Pelipper|Roost|p2a: Pelipper\n|-heal|p2a: Pelipper|56\/100\n|-singleturn|p2a: Pelipper|move: Roost\n|\n|-weather|RainDance|[upkeep]\n|-damage|p1a: Dragonite|6\/100 tox|[from] psn\n|upkeep\n|turn|33\n|\n|t:|1699974604\n|move|p1a: Dragonite|Extreme Speed|p2a: Pelipper\n|-damage|p2a: Pelipper|5\/100\n|move|p2a: Pelipper|Roost|p2a: Pelipper\n|-heal|p2a: Pelipper|55\/100\n|-singleturn|p2a: Pelipper|move: Roost\n|\n|-weather|RainDance|[upkeep]\n|-damage|p1a: Dragonite|0 fnt|[from] psn\n|faint|p1a: Dragonite\n|upkeep\n|\n|t:|1699974613\n|switch|p1a: Medicham|Medicham-Mega, F|24\/100\n|turn|34\n|\n|t:|1699974629\n|switch|p2a: Toxapex|Toxapex, M|100\/100\n|move|p1a: Medicham|Zen Headbutt|p2a: Toxapex\n|-supereffective|p2a: Toxapex\n|-damage|p2a: Toxapex|12\/100\n|\n|-weather|RainDance|[upkeep]\n|-heal|p2a: Toxapex|18\/100|[from] item: Black Sludge\n|upkeep\n|turn|35\n|\n|t:|1699974641\n|move|p1a: Medicham|Zen Headbutt|p2a: Toxapex\n|-supereffective|p2a: Toxapex\n|-damage|p2a: Toxapex|0 fnt\n|faint|p2a: Toxapex\n|\n|-weather|none\n|upkeep\n|\n|t:|1699974644\n|switch|p2a: Pelipper|Pelipper, F|55\/100\n|-weather|RainDance|[from] ability: Drizzle|[of] p2a: Pelipper\n|turn|36\n|\n|t:|1699974649\n|move|p1a: Medicham|Zen Headbutt|p2a: Pelipper|[miss]\n|-miss|p1a: Medicham|p2a: Pelipper\n|move|p2a: Pelipper|Roost|p2a: Pelipper\n|-heal|p2a: Pelipper|100\/100\n|-singleturn|p2a: Pelipper|move: Roost\n|\n|-weather|RainDance|[upkeep]\n|upkeep\n|turn|37\n|\n|t:|1699974658\n|switch|p1a: Clodsire|Clodsire, F|100\/100\n|move|p2a: Pelipper|Tailwind|p2a: Pelipper\n|-sidestart|p2: Zoru desu|move: Tailwind\n|\n|-weather|RainDance|[upkeep]\n|upkeep\n|turn|38\n|\n|t:|1699974662\n|move|p2a: Pelipper|U-turn|p1a: Clodsire\n|-resisted|p1a: Clodsire\n|-damage|p1a: Clodsire|96\/100\n|\n|t:|1699974665\n|switch|p2a: Gastrodon|Gastrodon, M|70\/100 tox|[from] U-turn\n|move|p1a: Clodsire|Toxic|p2a: Gastrodon\n|-fail|p2a: Gastrodon|tox\n|\n|-weather|RainDance|[upkeep]\n|-heal|p2a: Gastrodon|76\/100 tox|[from] item: Leftovers\n|-damage|p2a: Gastrodon|70\/100 tox|[from] psn\n|upkeep\n|turn|39\n|\n|t:|1699974682\n|move|p2a: Gastrodon|Earth Power|p1a: Clodsire\n|-supereffective|p1a: Clodsire\n|-damage|p1a: Clodsire|64\/100\n|move|p1a: Clodsire|Earthquake|p2a: Gastrodon\n|-damage|p2a: Gastrodon|51\/100 tox\n|\n|-weather|RainDance|[upkeep]\n|-heal|p2a: Gastrodon|57\/100 tox|[from] item: Leftovers\n|-damage|p2a: Gastrodon|45\/100 tox|[from] psn\n|upkeep\n|turn|40\n|\n|t:|1699974696\n|move|p2a: Gastrodon|Recover|p2a: Gastrodon\n|-heal|p2a: Gastrodon|95\/100 tox\n|move|p1a: Clodsire|Recover|p1a: Clodsire\n|-heal|p1a: Clodsire|100\/100\n|\n|-weather|none\n|-heal|p2a: Gastrodon|100\/100 tox|[from] item: Leftovers\n|-damage|p2a: Gastrodon|82\/100 tox|[from] psn\n|-sideend|p2: Zoru desu|move: Tailwind\n|upkeep\n|turn|41\n|inactive|Zoru desu has 120 seconds left.\n|\n|t:|1699974739\n|switch|p2a: Gyarados|Gyarados, F, shiny|100\/100\n|move|p1a: Clodsire|Toxic|p2a: Gyarados\n|-status|p2a: Gyarados|tox\n|\n|-damage|p2a: Gyarados|94\/100 tox|[from] psn\n|upkeep\n|turn|42\n|\n|t:|1699974749\n|switch|p1a: Medicham|Medicham-Mega, F|24\/100\n|detailschange|p2a: Gyarados|Gyarados-Mega, F, shiny\n|-mega|p2a: Gyarados|Gyarados|Gyaradosite\n|-ability|p2a: Gyarados|Mold Breaker\n|move|p2a: Gyarados|Dragon Dance|p2a: Gyarados\n|-boost|p2a: Gyarados|atk|1\n|-boost|p2a: Gyarados|spe|1\n|\n|-damage|p2a: Gyarados|82\/100 tox|[from] psn\n|upkeep\n|turn|43\n|inactive|Zoru desu has 120 seconds left.\n|\n|t:|1699974757\n|move|p1a: Medicham|Fake Out|p2a: Gyarados\n|-damage|p2a: Gyarados|59\/100 tox\n|cant|p2a: Gyarados|flinch\n|\n|-damage|p2a: Gyarados|41\/100 tox|[from] psn\n|upkeep\n|turn|44\n|\n|t:|1699974759\n|move|p2a: Gyarados|Waterfall|p1a: Medicham\n|-damage|p1a: Medicham|0 fnt\n|faint|p1a: Medicham\n|\n|-damage|p2a: Gyarados|17\/100 tox|[from] psn\n|upkeep\n|\n|t:|1699974766\n|switch|p1a: Clodsire|Clodsire, F|100\/100\n|turn|45\n|\n|t:|1699974768\n|move|p2a: Gyarados|Power Whip|p1a: Clodsire\n|-damage|p1a: Clodsire|13\/100\n|move|p1a: Clodsire|Toxic|p2a: Gyarados\n|-fail|p2a: Gyarados|tox\n|\n|-damage|p2a: Gyarados|0 fnt|[from] psn\n|faint|p2a: Gyarados\n|upkeep\n|\n|t:|1699974777\n|switch|p2a: Pelipper|Pelipper, F|100\/100\n|-weather|RainDance|[from] ability: Drizzle|[of] p2a: Pelipper\n|turn|46\n|\n|t:|1699974785\n|switch|p1a: Corviknight|Corviknight, F|92\/100 brn\n|-ability|p1a: Corviknight|Pressure\n|move|p2a: Pelipper|Hurricane|p1a: Corviknight\n|-resisted|p1a: Corviknight\n|-damage|p1a: Corviknight|76\/100 brn\n|\n|-weather|RainDance|[upkeep]\n|-heal|p1a: Corviknight|82\/100 brn|[from] item: Leftovers\n|-damage|p1a: Corviknight|76\/100 brn|[from] brn\n|upkeep\n|turn|47\n|\n|t:|1699974796\n|move|p1a: Corviknight|Taunt|p2a: Pelipper\n|-start|p2a: Pelipper|move: Taunt\n|move|p2a: Pelipper|Hurricane|p1a: Corviknight\n|-resisted|p1a: Corviknight\n|-damage|p1a: Corviknight|61\/100 brn\n|\n|-weather|RainDance|[upkeep]\n|-heal|p1a: Corviknight|67\/100 brn|[from] item: Leftovers\n|-damage|p1a: Corviknight|61\/100 brn|[from] brn\n|upkeep\n|turn|48\n|\n|t:|1699974803\n|move|p1a: Corviknight|Iron Defense|p1a: Corviknight\n|-boost|p1a: Corviknight|def|2\n|move|p2a: Pelipper|Hurricane|p1a: Corviknight\n|-resisted|p1a: Corviknight\n|-damage|p1a: Corviknight|44\/100 brn\n|-start|p1a: Corviknight|confusion\n|\n|-weather|RainDance|[upkeep]\n|-heal|p1a: Corviknight|50\/100 brn|[from] item: Leftovers\n|-damage|p1a: Corviknight|44\/100 brn|[from] brn\n|upkeep\n|turn|49\n|\n|t:|1699974811\n|-activate|p1a: Corviknight|confusion\n|move|p1a: Corviknight|Roost|p1a: Corviknight\n|-heal|p1a: Corviknight|94\/100 brn\n|-singleturn|p1a: Corviknight|move: Roost\n|move|p2a: Pelipper|Hurricane|p1a: Corviknight\n|-resisted|p1a: Corviknight\n|-damage|p1a: Corviknight|77\/100 brn\n|\n|-weather|RainDance|[upkeep]\n|-heal|p1a: Corviknight|83\/100 brn|[from] item: Leftovers\n|-damage|p1a: Corviknight|77\/100 brn|[from] brn\n|-end|p2a: Pelipper|move: Taunt\n|upkeep\n|turn|50\n|\n|t:|1699974824\n|-end|p1a: Corviknight|confusion\n|move|p1a: Corviknight|Iron Defense|p1a: Corviknight\n|-boost|p1a: Corviknight|def|2\n|move|p2a: Pelipper|Tailwind|p2a: Pelipper\n|-sidestart|p2: Zoru desu|move: Tailwind\n|\n|-weather|none\n|-heal|p1a: Corviknight|83\/100 brn|[from] item: Leftovers\n|-damage|p1a: Corviknight|77\/100 brn|[from] brn\n|upkeep\n|turn|51\n|\n|t:|1699974829\n|move|p2a: Pelipper|Hurricane|p1a: Corviknight\n|-resisted|p1a: Corviknight\n|-damage|p1a: Corviknight|60\/100 brn\n|move|p1a: Corviknight|Iron Defense|p1a: Corviknight\n|-boost|p1a: Corviknight|def|2\n|\n|-heal|p1a: Corviknight|66\/100 brn|[from] item: Leftovers\n|-damage|p1a: Corviknight|60\/100 brn|[from] brn\n|upkeep\n|turn|52\n|\n|t:|1699974835\n|switch|p2a: Gastrodon|Gastrodon, M|82\/100 tox\n|move|p1a: Corviknight|Taunt|p2a: Gastrodon\n|-start|p2a: Gastrodon|move: Taunt\n|\n|-heal|p2a: Gastrodon|88\/100 tox|[from] item: Leftovers\n|-heal|p1a: Corviknight|66\/100 brn|[from] item: Leftovers\n|-damage|p2a: Gastrodon|82\/100 tox|[from] psn\n|-damage|p1a: Corviknight|60\/100 brn|[from] brn\n|upkeep\n|turn|53\n|\n|t:|1699974840\n|move|p2a: Gastrodon|Scald|p1a: Corviknight\n|-damage|p1a: Corviknight|36\/100 brn\n|move|p1a: Corviknight|Body Press|p2a: Gastrodon\n|-damage|p2a: Gastrodon|47\/100 tox\n|\n|-heal|p2a: Gastrodon|53\/100 tox|[from] item: Leftovers\n|-heal|p1a: Corviknight|42\/100 brn|[from] item: Leftovers\n|-damage|p2a: Gastrodon|41\/100 tox|[from] psn\n|-damage|p1a: Corviknight|36\/100 brn|[from] brn\n|-sideend|p2: Zoru desu|move: Tailwind\n|upkeep\n|turn|54\n|\n|t:|1699974848\n|switch|p2a: Pelipper|Pelipper, F|100\/100\n|-weather|RainDance|[from] ability: Drizzle|[of] p2a: Pelipper\n|move|p1a: Corviknight|Roost|p1a: Corviknight\n|-heal|p1a: Corviknight|86\/100 brn\n|-singleturn|p1a: Corviknight|move: Roost\n|\n|-weather|RainDance|[upkeep]\n|-heal|p1a: Corviknight|92\/100 brn|[from] item: Leftovers\n|-damage|p1a: Corviknight|86\/100 brn|[from] brn\n|upkeep\n|turn|55\n|\n|t:|1699974852\n|move|p1a: Corviknight|Body Press|p2a: Pelipper\n|-resisted|p2a: Pelipper\n|-damage|p2a: Pelipper|81\/100\n|move|p2a: Pelipper|Hurricane|p1a: Corviknight\n|-resisted|p1a: Corviknight\n|-damage|p1a: Corviknight|68\/100 brn\n|\n|-weather|RainDance|[upkeep]\n|-heal|p1a: Corviknight|74\/100 brn|[from] item: Leftovers\n|-damage|p1a: Corviknight|68\/100 brn|[from] brn\n|upkeep\n|turn|56\n|\n|t:|1699974860\n|move|p1a: Corviknight|Taunt|p2a: Pelipper\n|-start|p2a: Pelipper|move: Taunt\n|move|p2a: Pelipper|Hurricane|p1a: Corviknight\n|-resisted|p1a: Corviknight\n|-damage|p1a: Corviknight|52\/100 brn\n|\n|-weather|RainDance|[upkeep]\n|-heal|p1a: Corviknight|58\/100 brn|[from] item: Leftovers\n|-damage|p1a: Corviknight|52\/100 brn|[from] brn\n|upkeep\n|turn|57\n|-message|Zoru desu forfeited.\n|\n|win|ashzzz\n|raw|ashzzz's rating: 1335 &rarr; <strong>1361<\/strong><br \/>(+26 for winning)\n|raw|Zoru desu's rating: 1449 &rarr; <strong>1423<\/strong><br \/>(-26 for losing)\n|l|\u2606Zoru desu\n","uploadtime":1699974892,"views":3,"p1id":"ashzzz","p2id":"zorudesu","formatid":"gen9nationaldex","rating":1361,"private":0,"password":""}