{"id":"gen9nationaldex-1991730212","p1":"shenxie","p2":"DJRRRR","format":"[Gen 9] National Dex","log":"|j|\u2606shenxie\n|j|\u2606DJRRRR\n|t:|1700108021\n|gametype|singles\n|player|p1|shenxie|steven|1344\n|player|p2|DJRRRR|roxie|1362\n|teamsize|p1|6\n|teamsize|p2|6\n|gen|9\n|tier|[Gen 9] National Dex\n|rated|\n|rule|HP Percentage Mod: HP is shown in percentages\n|rule|Endless Battle Clause: Forcing endless battles is banned\n|rule|OHKO Clause: OHKO moves are banned\n|rule|Evasion Clause: Evasion abilities, items, and moves are banned\n|rule|Evasion Abilities Clause: Evasion abilities are banned\n|rule|Evasion Items Clause: Evasion items are banned\n|rule|Evasion Moves Clause: Evasion moves are banned\n|rule|Species Clause: Limit one of each Pok\u00e9mon\n|rule|Sleep Clause Mod: Limit one foe put to sleep\n|clearpoke\n|poke|p1|Dragonite, F|\n|poke|p1|Diancie|\n|poke|p1|Great Tusk|\n|poke|p1|Zapdos|\n|poke|p1|Greninja-*, M|\n|poke|p1|Volcarona, F|\n|poke|p2|Banette, M|\n|poke|p2|Greninja-*, M|\n|poke|p2|Dragonite, F|\n|poke|p2|Iron Valiant|\n|poke|p2|Tapu Koko|\n|poke|p2|Rillaboom, F|\n|teampreview\n|inactive|Battle timer is ON: inactive players will automatically lose when time's up. (requested by DJRRRR)\n|\n|t:|1700108053\n|start\n|switch|p1a: Diancie|Diancie|100\/100\n|switch|p2a: Rillaboom|Rillaboom, F|100\/100\n|-fieldstart|move: Grassy Terrain|[from] ability: Grassy Surge|[of] p2a: Rillaboom\n|turn|1\n|\n|t:|1700108062\n|detailschange|p1a: Diancie|Diancie-Mega\n|-mega|p1a: Diancie|Diancie|Diancite\n|move|p1a: Diancie|Stealth Rock|p2a: Rillaboom\n|-sidestart|p2: DJRRRR|move: Stealth Rock\n|move|p2a: Rillaboom|U-turn|p1a: Diancie\n|-resisted|p1a: Diancie\n|-damage|p1a: Diancie|74\/100\n|\n|t:|1700108069\n|switch|p2a: Tapu Koko|Tapu Koko|100\/100|[from] U-turn\n|-damage|p2a: Tapu Koko|88\/100|[from] Stealth Rock\n|-fieldstart|move: Electric Terrain|[from] ability: Electric Surge|[of] p2a: Tapu Koko\n|\n|upkeep\n|turn|2\n|\n|t:|1700108073\n|move|p2a: Tapu Koko|Grass Knot|p1a: Diancie\n|-supereffective|p1a: Diancie\n|-damage|p1a: Diancie|0 fnt\n|faint|p1a: Diancie\n|\n|upkeep\n|\n|t:|1700108080\n|switch|p1a: Volcarona|Volcarona, F|100\/100\n|turn|3\n|\n|t:|1700108083\n|switch|p2a: Iron Valiant|Iron Valiant|100\/100\n|-damage|p2a: Iron Valiant|94\/100|[from] Stealth Rock\n|-activate|p2a: Iron Valiant|ability: Quark Drive\n|-start|p2a: Iron Valiant|quarkdrivespe\n|move|p1a: Volcarona|Quiver Dance|p1a: Volcarona\n|-boost|p1a: Volcarona|spa|1\n|-boost|p1a: Volcarona|spd|1\n|-boost|p1a: Volcarona|spe|1\n|\n|upkeep\n|turn|4\n|\n|t:|1700108087\n|move|p2a: Iron Valiant|Encore|p1a: Volcarona\n|-start|p1a: Volcarona|Encore\n|move|p1a: Volcarona|Quiver Dance|p1a: Volcarona\n|-boost|p1a: Volcarona|spa|1\n|-boost|p1a: Volcarona|spd|1\n|-boost|p1a: Volcarona|spe|1\n|\n|upkeep\n|turn|5\n|inactive|DJRRRR has 120 seconds left.\n|inactive|DJRRRR has 90 seconds left.\n|\n|t:|1700108160\n|-end|p2a: Iron Valiant|Quark Drive|[silent]\n|switch|p2a: Dragonite|Dragonite, F|100\/100\n|move|p1a: Volcarona|Quiver Dance|p1a: Volcarona\n|-boost|p1a: Volcarona|spa|1\n|-boost|p1a: Volcarona|spd|1\n|-boost|p1a: Volcarona|spe|1\n|\n|-fieldend|move: Electric Terrain\n|upkeep\n|turn|6\n|\n|t:|1700108177\n|move|p1a: Volcarona|Quiver Dance|p1a: Volcarona\n|-boost|p1a: Volcarona|spa|1\n|-boost|p1a: Volcarona|spd|1\n|-boost|p1a: Volcarona|spe|1\n|move|p2a: Dragonite|Curse|p2a: Dragonite\n|-unboost|p2a: Dragonite|spe|1\n|-boost|p2a: Dragonite|atk|1\n|-boost|p2a: Dragonite|def|1\n|\n|-end|p1a: Volcarona|Encore\n|upkeep\n|turn|7\n|inactive|DJRRRR has 90 seconds left.\n|\n|t:|1700108190\n|move|p1a: Volcarona|Flamethrower|p2a: Dragonite\n|-resisted|p2a: Dragonite\n|-damage|p2a: Dragonite|69\/100\n|move|p2a: Dragonite|Earthquake|p1a: Volcarona\n|-damage|p1a: Volcarona|22\/100\n|\n|upkeep\n|turn|8\n|inactive|DJRRRR has 90 seconds left.\n|\n|t:|1700108202\n|move|p2a: Dragonite|Extreme Speed|p1a: Volcarona\n|-damage|p1a: Volcarona|0 fnt\n|-status|p2a: Dragonite|brn|[from] ability: Flame Body|[of] p1a: Volcarona\n|faint|p1a: Volcarona\n|\n|-damage|p2a: Dragonite|63\/100 brn|[from] brn\n|upkeep\n|\n|t:|1700108207\n|switch|p1a: Greninja|Greninja, M|100\/100\n|turn|9\n|\n|t:|1700108217\n|switch|p2a: Tapu Koko|Tapu Koko|88\/100\n|-damage|p2a: Tapu Koko|76\/100|[from] Stealth Rock\n|-fieldstart|move: Electric Terrain|[from] ability: Electric Surge|[of] p2a: Tapu Koko\n|move|p1a: Greninja|Dark Pulse|p2a: Tapu Koko\n|-resisted|p2a: Tapu Koko\n|-damage|p2a: Tapu Koko|34\/100\n|-damage|p1a: Greninja|91\/100|[from] item: Life Orb\n|\n|upkeep\n|turn|10\n|\n|t:|1700108228\n|move|p1a: Greninja|Water Shuriken|p2a: Tapu Koko\n|-damage|p2a: Tapu Koko|19\/100\n|-damage|p2a: Tapu Koko|3\/100\n|-hitcount|p2a: Tapu Koko|2\n|-damage|p1a: Greninja|81\/100|[from] item: Life Orb\n|move|p2a: Tapu Koko|Volt Switch|p1a: Greninja\n|-supereffective|p1a: Greninja\n|-damage|p1a: Greninja|0 fnt\n|faint|p1a: Greninja\n|\n|t:|1700108240\n|switch|p2a: Iron Valiant|Iron Valiant|94\/100|[from] Volt Switch\n|-damage|p2a: Iron Valiant|88\/100|[from] Stealth Rock\n|-activate|p2a: Iron Valiant|ability: Quark Drive\n|-start|p2a: Iron Valiant|quarkdrivespe\n|\n|upkeep\n|\n|t:|1700108247\n|switch|p1a: Great Tusk|Great Tusk|100\/100\n|-enditem|p1a: Great Tusk|Booster Energy\n|-activate|p1a: Great Tusk|ability: Protosynthesis|[fromitem]\n|-start|p1a: Great Tusk|protosynthesisatk\n|turn|11\n|\n|t:|1700108266\n|-end|p2a: Iron Valiant|Quark Drive|[silent]\n|switch|p2a: Rillaboom|Rillaboom, F|100\/100\n|-damage|p2a: Rillaboom|88\/100|[from] Stealth Rock\n|-fieldstart|move: Grassy Terrain|[from] ability: Grassy Surge|[of] p2a: Rillaboom\n|-terastallize|p1a: Great Tusk|Ground\n|move|p1a: Great Tusk|Headlong Rush|p2a: Rillaboom\n|-resisted|p2a: Rillaboom\n|-damage|p2a: Rillaboom|27\/100\n|-unboost|p1a: Great Tusk|def|1\n|-unboost|p1a: Great Tusk|spd|1\n|\n|-heal|p2a: Rillaboom|33\/100|[from] Grassy Terrain\n|upkeep\n|turn|12\n|inactive|DJRRRR has 90 seconds left.\n|\n|t:|1700108281\n|move|p1a: Great Tusk|Rapid Spin|p2a: Rillaboom\n|-damage|p2a: Rillaboom|9\/100\n|-boost|p1a: Great Tusk|spe|1\n|move|p2a: Rillaboom|U-turn|p1a: Great Tusk\n|-damage|p1a: Great Tusk|60\/100\n|inactive|DJRRRR has 90 seconds left.\n|\n|t:|1700108289\n|switch|p2a: Greninja|Greninja, M|100\/100|[from] U-turn\n|-damage|p2a: Greninja|88\/100|[from] Stealth Rock\n|\n|-heal|p1a: Great Tusk|67\/100|[from] Grassy Terrain\n|-heal|p2a: Greninja|94\/100|[from] Grassy Terrain\n|upkeep\n|turn|13\n|\n|t:|1700108302\n|move|p2a: Greninja|Water Shuriken|p1a: Great Tusk\n|-supereffective|p1a: Great Tusk\n|-damage|p1a: Great Tusk|27\/100\n|-supereffective|p1a: Great Tusk\n|-damage|p1a: Great Tusk|0 fnt\n|faint|p1a: Great Tusk\n|-end|p1a: Great Tusk|Protosynthesis|[silent]\n|-ability|p2a: Greninja|Battle Bond|boost\n|-boost|p2a: Greninja|atk|1\n|-boost|p2a: Greninja|spa|1\n|-boost|p2a: Greninja|spe|1\n|-activate|p2a: Greninja|ability: Battle Bond\n|-hitcount|p1: Great Tusk|2\n|-damage|p2a: Greninja|84\/100|[from] item: Life Orb\n|\n|-heal|p2a: Greninja|90\/100|[from] Grassy Terrain\n|upkeep\n|\n|t:|1700108305\n|switch|p1a: Zapdos|Zapdos|100\/100\n|turn|14\n|\n|t:|1700108309\n|-terastallize|p2a: Greninja|Water\n|move|p2a: Greninja|Surf|p1a: Zapdos\n|-crit|p1a: Zapdos\n|-damage|p1a: Zapdos|0 fnt\n|faint|p1a: Zapdos\n|-damage|p2a: Greninja|80\/100|[from] item: Life Orb\n|\n|-heal|p2a: Greninja|86\/100|[from] Grassy Terrain\n|upkeep\n|\n|t:|1700108312\n|switch|p1a: Dragonite|Dragonite, F|100\/100\n|turn|15\n|\n|t:|1700108315\n|move|p2a: Greninja|Dark Pulse|p1a: Dragonite\n|-damage|p1a: Dragonite|72\/100\n|-damage|p2a: Greninja|77\/100|[from] item: Life Orb\n|move|p1a: Dragonite|Curse|p1a: Dragonite\n|-unboost|p1a: Dragonite|spe|1\n|-boost|p1a: Dragonite|atk|1\n|-boost|p1a: Dragonite|def|1\n|\n|-heal|p2a: Greninja|83\/100|[from] Grassy Terrain\n|-fieldend|move: Grassy Terrain\n|upkeep\n|turn|16\n|\n|t:|1700108320\n|move|p2a: Greninja|Dark Pulse|p1a: Dragonite\n|-damage|p1a: Dragonite|8\/100\n|-damage|p2a: Greninja|73\/100|[from] item: Life Orb\n|move|p1a: Dragonite|Roost|p1a: Dragonite\n|-heal|p1a: Dragonite|58\/100\n|-singleturn|p1a: Dragonite|move: Roost\n|\n|upkeep\n|turn|17\n|\n|t:|1700108329\n|switch|p2a: Banette|Banette, M|100\/100\n|-damage|p2a: Banette|88\/100|[from] Stealth Rock\n|move|p1a: Dragonite|Extreme Speed|p2a: Banette\n|-immune|p2a: Banette\n|\n|upkeep\n|turn|18\n|c|\u2606shenxie|gg\n|\n|t:|1700108336\n|detailschange|p2a: Banette|Banette-Mega, M\n|-mega|p2a: Banette|Banette|Banettite\n|move|p2a: Banette|Taunt|p1a: Dragonite\n|-start|p1a: Dragonite|move: Taunt\n|cant|p1a: Dragonite|move: Taunt|Roost\n|\n|upkeep\n|turn|19\n|c|\u2606DJRRRR|gg\n|\n|t:|1700108355\n|move|p2a: Banette|Destiny Bond|p2a: Banette\n|-singlemove|p2a: Banette|Destiny Bond\n|move|p1a: Dragonite|Earthquake|p2a: Banette\n|-damage|p2a: Banette|0 fnt\n|faint|p2a: Banette\n|-activate|p2a: Banette|move: Destiny Bond\n|faint|p1a: Dragonite\n|\n|win|DJRRRR\n|raw|shenxie's rating: 1344 &rarr; <strong>1325<\/strong><br \/>(-19 for losing)\n|raw|DJRRRR's rating: 1362 &rarr; <strong>1381<\/strong><br \/>(+19 for winning)\n","uploadtime":1700108361,"views":7,"p1id":"shenxie","p2id":"djrrrr","formatid":"gen9nationaldex","rating":1325,"private":0,"password":""}