{"id":"gen9nationaldex-1994748857","p1":"Rising skies","p2":"Siddharth42c","format":"[Gen 9] National Dex","log":"|html|<div class=\"broadcast-blue\"><strong>[Gen 9] National Dex is currently suspecting Sneasler! For information on how to participate check out the <a href=\"https:\/\/www.smogon.com\/forums\/threads\/sv-national-dex-suspect-8-just-dance.3731534\/\">suspect thread<\/a>.<\/strong><\/div>\n|j|\u2606Rising skies\n|j|\u2606Siddharth42c\n|t:|1700488806\n|gametype|singles\n|player|p1|Rising skies|fisherman-gen4|1463\n|player|p2|Siddharth42c|red-gen1main|1394\n|teamsize|p1|6\n|teamsize|p2|6\n|gen|9\n|tier|[Gen 9] National Dex\n|rated|\n|rule|HP Percentage Mod: HP is shown in percentages\n|rule|Endless Battle Clause: Forcing endless battles is banned\n|rule|OHKO Clause: OHKO moves are banned\n|rule|Evasion Clause: Evasion abilities, items, and moves are banned\n|rule|Evasion Abilities Clause: Evasion abilities are banned\n|rule|Evasion Items Clause: Evasion items are banned\n|rule|Evasion Moves Clause: Evasion moves are banned\n|rule|Species Clause: Limit one of each Pok\u00e9mon\n|rule|Sleep Clause Mod: Limit one foe put to sleep\n|clearpoke\n|poke|p1|Ninetales-Alola, F|\n|poke|p1|Kommo-o, F|\n|poke|p1|Gyarados, M|\n|poke|p1|Hatterene, F|\n|poke|p1|Kleavor, M|\n|poke|p1|Kartana|\n|poke|p2|Excadrill, M|\n|poke|p2|Grimmsnarl, M|\n|poke|p2|Charizard, F|\n|poke|p2|Sneasler, F|\n|poke|p2|Volcarona, F|\n|poke|p2|Iron Valiant|\n|teampreview\n|inactive|Battle timer is ON: inactive players will automatically lose when time's up. (requested by Rising skies)\n|inactive|Siddharth42c also wants the timer to be on.\n|\n|t:|1700488821\n|start\n|switch|p1a: Kartana|Kartana|100\/100\n|switch|p2a: Sneasler|Sneasler, F|100\/100\n|turn|1\n|\n|t:|1700488837\n|switch|p1a: Gyarados|Gyarados, M|100\/100\n|-ability|p1a: Gyarados|Intimidate|boost\n|-unboost|p2a: Sneasler|atk|1\n|move|p2a: Sneasler|Fake Out|p1a: Gyarados\n|-damage|p1a: Gyarados|88\/100\n|\n|upkeep\n|turn|2\n|\n|t:|1700488849\n|switch|p2a: another suicide|Grimmsnarl, M|100\/100\n|switch|p1a: Kartana|Kartana|100\/100\n|\n|upkeep\n|turn|3\n|\n|t:|1700488855\n|move|p2a: another suicide|Reflect|p2a: another suicide\n|-sidestart|p2: Siddharth42c|Reflect\n|move|p1a: Kartana|Knock Off|p2a: another suicide\n|-resisted|p2a: another suicide\n|-damage|p2a: another suicide|91\/100\n|-enditem|p2a: another suicide|Light Clay|[from] move: Knock Off|[of] p1a: Kartana\n|\n|upkeep\n|turn|4\n|\n|t:|1700488863\n|switch|p1a: Hatterene|Hatterene, F|100\/100\n|move|p2a: another suicide|Thunder Wave|p1a: Hatterene\n|move|p1a: Hatterene|Thunder Wave|p2a: another suicide|[from]ability: Magic Bounce\n|-status|p2a: another suicide|par\n|\n|upkeep\n|turn|5\n|\n|t:|1700488873\n|move|p2a: another suicide|Light Screen|p2a: another suicide\n|-sidestart|p2: Siddharth42c|move: Light Screen\n|move|p1a: Hatterene|Mystical Fire|p2a: another suicide\n|-damage|p2a: another suicide|80\/100 par\n|-unboost|p2a: another suicide|spa|1\n|\n|upkeep\n|turn|6\n|\n|t:|1700488880\n|switch|p2a: Sneasler|Sneasler, F|100\/100\n|move|p1a: Hatterene|Mystical Fire|p2a: Sneasler\n|-damage|p2a: Sneasler|84\/100\n|-unboost|p2a: Sneasler|spa|1\n|\n|upkeep\n|turn|7\n|\n|t:|1700488890\n|switch|p1a: Kartana|Kartana|100\/100\n|move|p2a: Sneasler|Fake Out|p1a: Kartana\n|-resisted|p1a: Kartana\n|-damage|p1a: Kartana|92\/100\n|\n|upkeep\n|turn|8\n|\n|t:|1700488895\n|switch|p1a: Gyarados|Gyarados, M|88\/100\n|-ability|p1a: Gyarados|Intimidate|boost\n|-unboost|p2a: Sneasler|atk|1\n|move|p2a: Sneasler|Endure||[still]\n|-fail|p2a: Sneasler\n|\n|upkeep\n|turn|9\n|\n|t:|1700488903\n|switch|p2a: another suicide|Grimmsnarl, M|80\/100 par\n|move|p1a: Gyarados|Dragon Dance|p1a: Gyarados\n|-boost|p1a: Gyarados|atk|1\n|-boost|p1a: Gyarados|spe|1\n|\n|-sideend|p2: Siddharth42c|move: Light Screen\n|upkeep\n|turn|10\n|\n|t:|1700488910\n|switch|p1a: Hatterene|Hatterene, F|100\/100\n|move|p2a: another suicide|Thunder Wave|p1a: Hatterene\n|move|p1a: Hatterene|Thunder Wave|p2a: another suicide|[from]ability: Magic Bounce\n|-fail|p2a: another suicide|par\n|\n|-sideend|p2: Siddharth42c|Reflect\n|upkeep\n|turn|11\n|\n|t:|1700488918\n|move|p2a: another suicide|Light Screen|p2a: another suicide\n|-sidestart|p2: Siddharth42c|move: Light Screen\n|move|p1a: Hatterene|Calm Mind|p1a: Hatterene\n|-boost|p1a: Hatterene|spa|1\n|-boost|p1a: Hatterene|spd|1\n|\n|upkeep\n|turn|12\n|\n|t:|1700488925\n|move|p2a: another suicide|Reflect|p2a: another suicide\n|-sidestart|p2: Siddharth42c|Reflect\n|move|p1a: Hatterene|Mystical Fire|p2a: another suicide\n|-damage|p2a: another suicide|66\/100 par\n|-unboost|p2a: another suicide|spa|1\n|\n|upkeep\n|turn|13\n|\n|t:|1700488935\n|switch|p2a: Volcarona|Volcarona, F|100\/100\n|move|p1a: Hatterene|Draining Kiss|p2a: Volcarona\n|-resisted|p2a: Volcarona\n|-damage|p2a: Volcarona|91\/100\n|-status|p1a: Hatterene|brn|[from] ability: Flame Body|[of] p2a: Volcarona\n|\n|-damage|p1a: Hatterene|94\/100 brn|[from] brn\n|upkeep\n|turn|14\n|\n|t:|1700488944\n|move|p2a: Volcarona|Quiver Dance|p2a: Volcarona\n|-boost|p2a: Volcarona|spa|1\n|-boost|p2a: Volcarona|spd|1\n|-boost|p2a: Volcarona|spe|1\n|move|p1a: Hatterene|Calm Mind|p1a: Hatterene\n|-boost|p1a: Hatterene|spa|1\n|-boost|p1a: Hatterene|spd|1\n|\n|-heal|p1a: Hatterene|100\/100 brn|[from] item: Leftovers\n|-damage|p1a: Hatterene|94\/100 brn|[from] brn\n|upkeep\n|turn|15\n|\n|t:|1700488953\n|move|p2a: Volcarona|Quiver Dance|p2a: Volcarona\n|-boost|p2a: Volcarona|spa|1\n|-boost|p2a: Volcarona|spd|1\n|-boost|p2a: Volcarona|spe|1\n|move|p1a: Hatterene|Calm Mind|p1a: Hatterene\n|-boost|p1a: Hatterene|spa|1\n|-boost|p1a: Hatterene|spd|1\n|\n|-heal|p1a: Hatterene|100\/100 brn|[from] item: Leftovers\n|-damage|p1a: Hatterene|94\/100 brn|[from] brn\n|-sideend|p2: Siddharth42c|move: Light Screen\n|upkeep\n|turn|16\n|\n|t:|1700488965\n|move|p2a: Volcarona|Bug Buzz|p1a: Hatterene\n|-damage|p1a: Hatterene|36\/100 brn\n|move|p1a: Hatterene|Calm Mind|p1a: Hatterene\n|-boost|p1a: Hatterene|spa|1\n|-boost|p1a: Hatterene|spd|1\n|\n|-heal|p1a: Hatterene|43\/100 brn|[from] item: Leftovers\n|-damage|p1a: Hatterene|36\/100 brn|[from] brn\n|-sideend|p2: Siddharth42c|Reflect\n|upkeep\n|turn|17\n|\n|t:|1700488974\n|move|p2a: Volcarona|Bug Buzz|p1a: Hatterene\n|-damage|p1a: Hatterene|0 fnt\n|faint|p1a: Hatterene\n|\n|upkeep\n|\n|t:|1700488978\n|switch|p1a: Kleavor|Kleavor, M|100\/100\n|turn|18\n|\n|t:|1700488984\n|-terastallize|p2a: Volcarona|Ground\n|move|p2a: Volcarona|Fiery Dance|p1a: Kleavor\n|-damage|p1a: Kleavor|0 fnt\n|faint|p1a: Kleavor\n|\n|upkeep\n|c|\u2606Rising skies|damn that did a lot more to hatt than I thought\n|\n|t:|1700488998\n|switch|p1a: Kommo-o|Kommo-o, F|100\/100\n|turn|19\n|c|\u2606Siddharth42c|810 spa lol\n|\n|t:|1700489017\n|move|p2a: Volcarona|Fiery Dance|p1a: Kommo-o\n|-resisted|p1a: Kommo-o\n|-damage|p1a: Kommo-o|45\/100\n|move|p1a: Kommo-o|Clangorous Soul|p1a: Kommo-o\n|-boost|p1a: Kommo-o|atk|1\n|-boost|p1a: Kommo-o|def|1\n|-boost|p1a: Kommo-o|spa|1\n|-boost|p1a: Kommo-o|spd|1\n|-boost|p1a: Kommo-o|spe|1\n|-damage|p1a: Kommo-o|12\/100\n|-enditem|p1a: Kommo-o|Throat Spray\n|-boost|p1a: Kommo-o|spa|1|[from] item: Throat Spray\n|\n|upkeep\n|turn|20\n|\n|t:|1700489029\n|move|p2a: Volcarona|Fiery Dance|p1a: Kommo-o\n|-resisted|p1a: Kommo-o\n|-damage|p1a: Kommo-o|0 fnt\n|-boost|p2a: Volcarona|spa|1\n|faint|p1a: Kommo-o\n|\n|upkeep\n|c|\u2606Rising skies|and that was a misclick lmao\n|c|\u2606Rising skies|throwing\n|c|\u2606Siddharth42c|gg\n|\n|t:|1700489041\n|switch|p1a: Gyarados|Gyarados, M|88\/100\n|-ability|p1a: Gyarados|Intimidate|boost\n|-unboost|p2a: Volcarona|atk|1\n|turn|21\n|\n|t:|1700489047\n|detailschange|p1a: Gyarados|Gyarados-Mega, M\n|-mega|p1a: Gyarados|Gyarados|Gyaradosite\n|-ability|p1a: Gyarados|Mold Breaker\n|move|p2a: Volcarona|Bug Buzz|p1a: Gyarados\n|-supereffective|p1a: Gyarados\n|-damage|p1a: Gyarados|0 fnt\n|faint|p1a: Gyarados\n|\n|upkeep\n|-message|Rising skies forfeited.\n|\n|win|Siddharth42c\n|raw|Rising skies's rating: 1463 &rarr; <strong>1439<\/strong><br \/>(-24 for losing)\n|raw|Siddharth42c's rating: 1394 &rarr; <strong>1418<\/strong><br \/>(+24 for winning)\n|l|\u2606Rising skies\n|j| OuterDreams\n|l|\u2606Siddharth42c\n","uploadtime":1700489069,"views":20,"p1id":"risingskies","p2id":"siddharth42c","formatid":"gen9nationaldex","rating":1418,"private":0,"password":""}