{"id":"gen9nationaldex-1992986538","p1":"PyroGaleZX","p2":"HeirEhm","format":"[Gen 9] National Dex","log":"|j|\u2606PyroGaleZX\n|j|\u2606HeirEhm\n|t:|1700252926\n|gametype|singles\n|player|p1|PyroGaleZX|grusha|\n|player|p2|HeirEhm|cynthia-gen7|\n|teamsize|p1|6\n|teamsize|p2|6\n|gen|9\n|tier|[Gen 9] National Dex\n|rule|HP Percentage Mod: HP is shown in percentages\n|rule|Endless Battle Clause: Forcing endless battles is banned\n|rule|OHKO Clause: OHKO moves are banned\n|rule|Evasion Clause: Evasion abilities, items, and moves are banned\n|rule|Evasion Abilities Clause: Evasion abilities are banned\n|rule|Evasion Items Clause: Evasion items are banned\n|rule|Evasion Moves Clause: Evasion moves are banned\n|rule|Species Clause: Limit one of each Pok\u00e9mon\n|rule|Sleep Clause Mod: Limit one foe put to sleep\n|clearpoke\n|poke|p1|Enamorus-Therian, F|\n|poke|p1|Arcanine, M|\n|poke|p1|Spiritomb, F|\n|poke|p1|Pawmo, F|\n|poke|p1|Articuno-Galar|\n|poke|p1|Dragonite, F|\n|poke|p2|Clodsire, M|\n|poke|p2|Ceruledge, F|\n|poke|p2|Klefki, M|\n|poke|p2|Orthworm, M|\n|poke|p2|Chansey, F|\n|poke|p2|Murkrow, M|\n|teampreview\n|\n|t:|1700252934\n|start\n|switch|p1a: Dragonite|Dragonite, F|100\/100\n|switch|p2a: Rowkrum|Murkrow, M|100\/100\n|turn|1\n|\n|t:|1700252951\n|switch|p1a: Pawmo|Pawmo, F|100\/100\n|move|p2a: Rowkrum|Steel Wing|p1a: Pawmo\n|-resisted|p1a: Pawmo\n|-damage|p1a: Pawmo|81\/100\n|-boost|p2a: Rowkrum|def|1\n|\n|upkeep\n|turn|2\n|j| Jam20Jam\n|\n|t:|1700252968\n|switch|p2a: Angy Boi|Clodsire, M|100\/100\n|move|p1a: Pawmo|Knock Off|p2a: Angy Boi\n|-damage|p2a: Angy Boi|82\/100\n|-enditem|p2a: Angy Boi|Eviolite|[from] move: Knock Off|[of] p1a: Pawmo\n|\n|upkeep\n|turn|3\n|\n|t:|1700253011\n|move|p1a: Pawmo|Super Fang|p2a: Angy Boi\n|-damage|p2a: Angy Boi|41\/100\n|move|p2a: Angy Boi|Earthquake|p1a: Pawmo\n|-supereffective|p1a: Pawmo\n|-damage|p1a: Pawmo|0 fnt\n|faint|p1a: Pawmo\n|\n|upkeep\n|\n|t:|1700253017\n|switch|p1a: Spiritomb|Spiritomb, F, shiny|100\/100\n|-ability|p1a: Spiritomb|Pressure\n|turn|4\n|\n|t:|1700253027\n|move|p2a: Angy Boi|Earthquake|p1a: Spiritomb\n|-damage|p1a: Spiritomb|57\/100\n|move|p1a: Spiritomb|Calm Mind|p1a: Spiritomb\n|-boost|p1a: Spiritomb|spa|1\n|-boost|p1a: Spiritomb|spd|1\n|\n|upkeep\n|turn|5\n|\n|t:|1700253035\n|move|p2a: Angy Boi|Earthquake|p1a: Spiritomb\n|-damage|p1a: Spiritomb|12\/100\n|move|p1a: Spiritomb|Stored Power|p2a: Angy Boi\n|-supereffective|p2a: Angy Boi\n|-damage|p2a: Angy Boi|22\/100\n|\n|upkeep\n|turn|6\n|\n|t:|1700253055\n|move|p2a: Angy Boi|Rock Slide|p1a: Spiritomb\n|-damage|p1a: Spiritomb|0 fnt\n|faint|p1a: Spiritomb\n|\n|upkeep\n|\n|t:|1700253064\n|switch|p1a: Articuno|Articuno-Galar|100\/100\n|turn|7\n|\n|t:|1700253074\n|move|p1a: Articuno|Agility|p1a: Articuno\n|-boost|p1a: Articuno|spe|2\n|move|p2a: Angy Boi|Rock Slide|p1a: Articuno\n|-supereffective|p1a: Articuno\n|-damage|p1a: Articuno|57\/100\n|\n|-heal|p1a: Articuno|64\/100|[from] item: Leftovers\n|upkeep\n|turn|8\n|\n|t:|1700253088\n|move|p1a: Articuno|Calm Mind|p1a: Articuno\n|-boost|p1a: Articuno|spa|1\n|-boost|p1a: Articuno|spd|1\n|move|p2a: Angy Boi|Gunk Shot|p1a: Articuno|[miss]\n|-miss|p2a: Angy Boi|p1a: Articuno\n|\n|-heal|p1a: Articuno|70\/100|[from] item: Leftovers\n|upkeep\n|turn|9\n|\n|t:|1700253097\n|move|p1a: Articuno|Stored Power|p2a: Angy Boi\n|-supereffective|p2a: Angy Boi\n|-crit|p2a: Angy Boi\n|-damage|p2a: Angy Boi|0 fnt\n|faint|p2a: Angy Boi\n|\n|-heal|p1a: Articuno|76\/100|[from] item: Leftovers\n|upkeep\n|\n|t:|1700253100\n|switch|p2a: Rowkrum|Murkrow, M|100\/100\n|turn|10\n|\n|t:|1700253107\n|-terastallize|p1a: Articuno|Fighting\n|move|p1a: Articuno|Tera Blast|p2a: Rowkrum|[anim] Tera Blast Fighting\n|-damage|p2a: Rowkrum|0 fnt\n|faint|p2a: Rowkrum\n|\n|-heal|p1a: Articuno|82\/100|[from] item: Leftovers\n|upkeep\n|\n|t:|1700253124\n|switch|p2a: SWORDSFORHANDS|Ceruledge, F|100\/100\n|turn|11\n|\n|t:|1700253138\n|move|p1a: Articuno|Stored Power|p2a: SWORDSFORHANDS\n|-damage|p2a: SWORDSFORHANDS|23\/100\n|move|p2a: SWORDSFORHANDS|Bitter Blade|p1a: Articuno\n|-damage|p1a: Articuno|36\/100\n|-heal|p2a: SWORDSFORHANDS|54\/100|[from] drain|[of] p1a: Articuno\n|\n|-heal|p1a: Articuno|42\/100|[from] item: Leftovers\n|upkeep\n|turn|12\n|\n|t:|1700253152\n|-terastallize|p2a: SWORDSFORHANDS|Dark\n|move|p1a: Articuno|Stored Power|p2a: SWORDSFORHANDS\n|-immune|p2a: SWORDSFORHANDS\n|move|p2a: SWORDSFORHANDS|Bitter Blade|p1a: Articuno\n|-damage|p1a: Articuno|0 fnt\n|-heal|p2a: SWORDSFORHANDS|81\/100|[from] drain|[of] p1a: Articuno\n|faint|p1a: Articuno\n|\n|upkeep\n|\n|t:|1700253158\n|switch|p1a: Dragonite|Dragonite, F|100\/100\n|turn|13\n|\n|t:|1700253168\n|switch|p1a: Arcanine|Arcanine, M|100\/100\n|-ability|p1a: Arcanine|Intimidate|boost\n|-unboost|p2a: SWORDSFORHANDS|atk|1\n|move|p2a: SWORDSFORHANDS|Night Slash|p1a: Arcanine\n|-damage|p1a: Arcanine|67\/100\n|\n|upkeep\n|turn|14\n|\n|t:|1700253186\n|switch|p2a: GirthWorm|Orthworm, M|100\/100\n|move|p1a: Arcanine|Flare Blitz|p2a: GirthWorm\n|-supereffective|p2a: GirthWorm\n|-damage|p2a: GirthWorm|20\/100\n|-damage|p1a: Arcanine|39\/100|[from] Recoil\n|\n|-status|p2a: GirthWorm|brn|[from] item: Flame Orb\n|upkeep\n|turn|15\n|\n|t:|1700253195\n|move|p1a: Arcanine|Flare Blitz|p2a: GirthWorm\n|-supereffective|p2a: GirthWorm\n|-damage|p2a: GirthWorm|0 fnt\n|faint|p2a: GirthWorm\n|-damage|p1a: Arcanine|32\/100|[from] Recoil\n|\n|upkeep\n|\n|t:|1700253198\n|switch|p2a: Wambulance|Chansey, F|100\/100\n|turn|16\n|\n|t:|1700253206\n|switch|p1a: Enamorus|Enamorus-Therian, F|100\/100\n|move|p2a: Wambulance|Water Pulse|p1a: Enamorus\n|-damage|p1a: Enamorus|91\/100\n|\n|upkeep\n|turn|17\n|\n|t:|1700253213\n|move|p2a: Wambulance|Tri Attack|p1a: Enamorus\n|-damage|p1a: Enamorus|72\/100\n|move|p1a: Enamorus|Iron Defense|p1a: Enamorus\n|-boost|p1a: Enamorus|def|2\n|\n|upkeep\n|turn|18\n|\n|t:|1700253218\n|move|p2a: Wambulance|Thunderbolt|p1a: Enamorus\n|-supereffective|p1a: Enamorus\n|-damage|p1a: Enamorus|44\/100\n|move|p1a: Enamorus|Calm Mind|p1a: Enamorus\n|-boost|p1a: Enamorus|spa|1\n|-boost|p1a: Enamorus|spd|1\n|\n|upkeep\n|turn|19\n|\n|t:|1700253223\n|move|p2a: Wambulance|Tri Attack|p1a: Enamorus\n|-damage|p1a: Enamorus|32\/100\n|-status|p1a: Enamorus|frz\n|-curestatus|p1a: Enamorus|frz|[msg]\n|move|p1a: Enamorus|Draining Kiss|p2a: Wambulance\n|-damage|p2a: Wambulance|77\/100\n|-heal|p1a: Enamorus|73\/100|[from] drain|[of] p2a: Wambulance\n|\n|upkeep\n|turn|20\n|\n|t:|1700253233\n|switch|p2a: Jingle Jingle|Klefki, M|100\/100\n|move|p1a: Enamorus|Calm Mind|p1a: Enamorus\n|-boost|p1a: Enamorus|spa|1\n|-boost|p1a: Enamorus|spd|1\n|\n|upkeep\n|turn|21\n|\n|t:|1700253243\n|move|p2a: Jingle Jingle|Switcheroo|p1a: Enamorus\n|-activate|p2a: Jingle Jingle|move: Trick|[of] p1a: Enamorus\n|-item|p1a: Enamorus|Toxic Orb|[from] move: Switcheroo\n|-item|p2a: Jingle Jingle|Big Root|[from] move: Switcheroo\n|move|p1a: Enamorus|Earth Power|p2a: Jingle Jingle\n|-supereffective|p2a: Jingle Jingle\n|-damage|p2a: Jingle Jingle|0 fnt\n|faint|p2a: Jingle Jingle\n|\n|-status|p1a: Enamorus|tox|[from] item: Toxic Orb\n|upkeep\n|\n|t:|1700253265\n|switch|p2a: Wambulance|Chansey, F|77\/100\n|turn|22\n|\n|t:|1700253268\n|move|p2a: Wambulance|Thunderbolt|p1a: Enamorus\n|-supereffective|p1a: Enamorus\n|-crit|p1a: Enamorus\n|-damage|p1a: Enamorus|28\/100 tox\n|move|p1a: Enamorus|Draining Kiss|p2a: Wambulance\n|-damage|p2a: Wambulance|45\/100\n|-heal|p1a: Enamorus|73\/100 tox|[from] drain|[of] p2a: Wambulance\n|\n|-damage|p1a: Enamorus|67\/100 tox|[from] psn\n|upkeep\n|turn|23\n|\n|t:|1700253284\n|move|p2a: Wambulance|Thunderbolt|p1a: Enamorus\n|-supereffective|p1a: Enamorus\n|-crit|p1a: Enamorus\n|-damage|p1a: Enamorus|26\/100 tox\n|move|p1a: Enamorus|Draining Kiss|p2a: Wambulance\n|-damage|p2a: Wambulance|13\/100\n|-heal|p1a: Enamorus|69\/100 tox|[from] drain|[of] p2a: Wambulance\n|\n|-damage|p1a: Enamorus|57\/100 tox|[from] psn\n|upkeep\n|turn|24\n|\n|t:|1700253294\n|move|p2a: Wambulance|Thunderbolt|p1a: Enamorus\n|-supereffective|p1a: Enamorus\n|-crit|p1a: Enamorus\n|-damage|p1a: Enamorus|12\/100 tox\n|move|p1a: Enamorus|Draining Kiss|p2a: Wambulance\n|-damage|p2a: Wambulance|0 fnt\n|-heal|p1a: Enamorus|29\/100 tox|[from] drain|[of] p2a: Wambulance\n|faint|p2a: Wambulance\n|\n|-damage|p1a: Enamorus|11\/100 tox|[from] psn\n|upkeep\n|\n|t:|1700253303\n|switch|p2a: SWORDSFORHANDS|Ceruledge, F, tera:Dark|81\/100\n|turn|25\n|\n|t:|1700253315\n|move|p2a: SWORDSFORHANDS|Bitter Blade|p1a: Enamorus\n|-damage|p1a: Enamorus|0 fnt\n|-heal|p2a: SWORDSFORHANDS|88\/100|[from] drain|[of] p1a: Enamorus\n|faint|p1a: Enamorus\n|\n|upkeep\n|\n|t:|1700253320\n|switch|p1a: Arcanine|Arcanine, M|32\/100\n|-ability|p1a: Arcanine|Intimidate|boost\n|-unboost|p2a: SWORDSFORHANDS|atk|1\n|turn|26\n|\n|t:|1700253325\n|move|p2a: SWORDSFORHANDS|Night Slash|p1a: Arcanine\n|-damage|p1a: Arcanine|0 fnt\n|faint|p1a: Arcanine\n|\n|upkeep\n|\n|t:|1700253329\n|switch|p1a: Dragonite|Dragonite, F|100\/100\n|turn|27\n|\n|t:|1700253333\n|move|p2a: SWORDSFORHANDS|Bulk Up|p2a: SWORDSFORHANDS\n|-boost|p2a: SWORDSFORHANDS|atk|1\n|-boost|p2a: SWORDSFORHANDS|def|1\n|move|p1a: Dragonite|Dragon Dance|p1a: Dragonite\n|-boost|p1a: Dragonite|atk|1\n|-boost|p1a: Dragonite|spe|1\n|\n|upkeep\n|turn|28\n|\n|t:|1700253344\n|move|p1a: Dragonite|Scale Shot|p2a: SWORDSFORHANDS\n|-damage|p2a: SWORDSFORHANDS|67\/100\n|-ability|p2a: SWORDSFORHANDS|Weak Armor|boost\n|-unboost|p2a: SWORDSFORHANDS|def|1\n|-boost|p2a: SWORDSFORHANDS|spe|2\n|-damage|p2a: SWORDSFORHANDS|37\/100\n|-ability|p2a: SWORDSFORHANDS|Weak Armor|boost\n|-unboost|p2a: SWORDSFORHANDS|def|1\n|-boost|p2a: SWORDSFORHANDS|spe|2\n|-damage|p2a: SWORDSFORHANDS|0 fnt\n|faint|p2a: SWORDSFORHANDS\n|-hitcount|p2: SWORDSFORHANDS|3\n|\n|win|PyroGaleZX\n|l|\u2606HeirEhm\n","uploadtime":1700253371,"views":9,"p1id":"pyrogalezx","p2id":"heirehm","formatid":"gen9nationaldex","rating":0,"private":0,"password":""}