{"id":"gen9nationaldex-1987608793","p1":"shenghua\u597d\u96be","p2":"FeLinER","format":"[Gen 9] National Dex","log":"|j|\u2606shenghua\u597d\u96be\n|j|\u2606FeLinER\n|t:|1699619049\n|gametype|singles\n|player|p1|shenghua\u597d\u96be|1|1497\n|player|p2|FeLinER|dawn|1415\n|teamsize|p1|6\n|teamsize|p2|6\n|gen|9\n|tier|[Gen 9] National Dex\n|rated|\n|rule|HP Percentage Mod: HP is shown in percentages\n|rule|Endless Battle Clause: Forcing endless battles is banned\n|rule|OHKO Clause: OHKO moves are banned\n|rule|Evasion Clause: Evasion abilities, items, and moves are banned\n|rule|Evasion Abilities Clause: Evasion abilities are banned\n|rule|Evasion Items Clause: Evasion items are banned\n|rule|Evasion Moves Clause: Evasion moves are banned\n|rule|Species Clause: Limit one of each Pok\u00e9mon\n|rule|Sleep Clause Mod: Limit one foe put to sleep\n|clearpoke\n|poke|p1|Iron Valiant|\n|poke|p1|Sneasler, M|\n|poke|p1|Medicham, M|\n|poke|p1|Gliscor, F|\n|poke|p1|Chansey, F|\n|poke|p1|Tapu Koko|\n|poke|p2|Tapu Lele|\n|poke|p2|Banette, M|\n|poke|p2|Ting-Lu|\n|poke|p2|Moltres|\n|poke|p2|Ogerpon-Wellspring, F|\n|poke|p2|Great Tusk|\n|teampreview\n|j| Anix324\n|\n|t:|1699619060\n|start\n|switch|p1a: Tapu Koko|Tapu Koko|100\/100\n|switch|p2a: Great Tusk|Great Tusk|100\/100\n|-fieldstart|move: Electric Terrain|[from] ability: Electric Surge|[of] p1a: Tapu Koko\n|turn|1\n|\n|t:|1699619065\n|-end|p2a: Great Tusk|Protosynthesis|[silent]\n|switch|p2a: Ting-Lu|Ting-Lu|100\/100\n|-ability|p2a: Ting-Lu|Vessel of Ruin\n|move|p1a: Tapu Koko|U-turn|p2a: Ting-Lu\n|-supereffective|p2a: Ting-Lu\n|-damage|p2a: Ting-Lu|83\/100\n|l| Anix324\n|\n|t:|1699619071\n|switch|p1a: Iron Valiant|Iron Valiant|100\/100|[from] U-turn\n|-activate|p1a: Iron Valiant|ability: Quark Drive\n|-start|p1a: Iron Valiant|quarkdrivespe\n|\n|-heal|p2a: Ting-Lu|90\/100|[from] item: Leftovers\n|upkeep\n|turn|2\n|\n|t:|1699619085\n|move|p1a: Iron Valiant|Moonblast|p2a: Ting-Lu\n|-supereffective|p2a: Ting-Lu\n|-damage|p2a: Ting-Lu|32\/100\n|move|p2a: Ting-Lu|Stealth Rock|p1a: Iron Valiant\n|-sidestart|p1: shenghua\u597d\u96be|move: Stealth Rock\n|\n|-heal|p2a: Ting-Lu|39\/100|[from] item: Leftovers\n|upkeep\n|turn|3\n|inactive|Battle timer is ON: inactive players will automatically lose when time's up. (requested by shenghua\u597d\u96be)\n|\n|t:|1699619111\n|switch|p2a: Tapu Lele|Tapu Lele|100\/100\n|-fieldstart|move: Psychic Terrain|[from] ability: Psychic Surge|[of] p2a: Tapu Lele\n|-end|p1a: Iron Valiant|Quark Drive\n|move|p1a: Iron Valiant|Moonblast|p2a: Tapu Lele\n|-damage|p2a: Tapu Lele|26\/100\n|\n|upkeep\n|turn|4\n|\n|t:|1699619117\n|switch|p2a: Great Tusk|Great Tusk|100\/100\n|-end|p1a: Iron Valiant|Quark Drive|[silent]\n|switch|p1a: Chansey|Chansey, F|100\/100\n|-damage|p1a: Chansey|88\/100|[from] Stealth Rock\n|\n|upkeep\n|turn|5\n|\n|t:|1699619129\n|move|p2a: Great Tusk|Ice Spinner|p1a: Chansey\n|-damage|p1a: Chansey|69\/100\n|-fieldend|move: Psychic Terrain\n|move|p1a: Chansey|Teleport|p1a: Chansey\n|\n|t:|1699619152\n|switch|p1a: Iron Valiant|Iron Valiant|100\/100|[from] Teleport\n|-damage|p1a: Iron Valiant|94\/100|[from] Stealth Rock\n|\n|upkeep\n|turn|6\n|\n|t:|1699619160\n|-terastallize|p2a: Great Tusk|Steel\n|move|p1a: Iron Valiant|Moonblast|p2a: Great Tusk\n|-resisted|p2a: Great Tusk\n|-damage|p2a: Great Tusk|45\/100\n|move|p2a: Great Tusk|Headlong Rush|p1a: Iron Valiant\n|-damage|p1a: Iron Valiant|15\/100\n|-unboost|p2a: Great Tusk|def|1\n|-unboost|p2a: Great Tusk|spd|1\n|\n|-heal|p2a: Great Tusk|51\/100|[from] item: Leftovers\n|upkeep\n|turn|7\n|l|\u2606shenghua\u597d\u96be\n|inactive|shenghua\u597d\u96be disconnected and has a minute to reconnect!\n|player|p1|\n|j|\u2606shenghua\u597d\u96be\n|inactive|shenghua\u597d\u96be reconnected and has 140 seconds left.\n|player|p1|shenghua\u597d\u96be|1\n|\n|t:|1699619179\n|-end|p2a: Great Tusk|Protosynthesis|[silent]\n|switch|p2a: Ting-Lu|Ting-Lu|39\/100\n|-ability|p2a: Ting-Lu|Vessel of Ruin\n|move|p1a: Iron Valiant|Moonblast|p2a: Ting-Lu\n|-supereffective|p2a: Ting-Lu\n|-damage|p2a: Ting-Lu|0 fnt\n|faint|p2a: Ting-Lu\n|\n|upkeep\n|\n|t:|1699619183\n|switch|p2a: Tapu Lele|Tapu Lele|26\/100\n|-fieldstart|move: Psychic Terrain|[from] ability: Psychic Surge|[of] p2a: Tapu Lele\n|turn|8\n|\n|t:|1699619188\n|-end|p1a: Iron Valiant|Quark Drive|[silent]\n|switch|p1a: Chansey|Chansey, F|69\/100\n|-damage|p1a: Chansey|57\/100|[from] Stealth Rock\n|move|p2a: Tapu Lele|Psyshock|p1a: Chansey\n|-damage|p1a: Chansey|23\/100\n|\n|upkeep\n|turn|9\n|\n|t:|1699619197\n|move|p2a: Tapu Lele|Psyshock|p1a: Chansey\n|-damage|p1a: Chansey|0 fnt\n|faint|p1a: Chansey\n|\n|upkeep\n|\n|t:|1699619200\n|switch|p1a: Tapu Koko|Tapu Koko|100\/100\n|-fieldstart|move: Electric Terrain|[from] ability: Electric Surge|[of] p1a: Tapu Koko\n|turn|10\n|\n|t:|1699619206\n|switch|p2a: Banette|Banette, M|100\/100\n|-item|p1a: Tapu Koko|Heavy-Duty Boots|[from] ability: Frisk|[of] p2a: Banette|[identify]\n|move|p1a: Tapu Koko|U-turn|p2a: Banette\n|-resisted|p2a: Banette\n|-damage|p2a: Banette|88\/100\n|\n|t:|1699619214\n|switch|p1a: Gliscor|Gliscor, F|100\/100|[from] U-turn\n|-damage|p1a: Gliscor|88\/100|[from] Stealth Rock\n|\n|-status|p1a: Gliscor|tox|[from] item: Toxic Orb\n|upkeep\n|turn|11\n|\n|t:|1699619233\n|switch|p2a: Ogerpon|Ogerpon-Wellspring, F|100\/100\n|move|p1a: Gliscor|Defog|p2a: Ogerpon\n|-unboost|p2a: Ogerpon|evasion|1\n|-sideend|p1: shenghua\u597d\u96be|Stealth Rock|[from] move: Defog|[of] p1a: Gliscor\n|-fieldend|move: Electric Terrain\n|\n|-heal|p1a: Gliscor|100\/100 tox|[from] ability: Poison Heal\n|upkeep\n|turn|12\n|\n|t:|1699619244\n|move|p2a: Ogerpon|Trailblaze|p1a: Gliscor\n|-crit|p1a: Gliscor\n|-damage|p1a: Gliscor|76\/100 tox\n|-boost|p2a: Ogerpon|spe|1\n|move|p1a: Gliscor|Toxic|p2a: Ogerpon\n|-status|p2a: Ogerpon|tox\n|\n|-damage|p2a: Ogerpon|95\/100 tox|[from] psn\n|-heal|p1a: Gliscor|88\/100 tox|[from] ability: Poison Heal\n|upkeep\n|turn|13\n|\n|t:|1699619250\n|switch|p1a: Tapu Koko|Tapu Koko|100\/100\n|-fieldstart|move: Electric Terrain|[from] ability: Electric Surge|[of] p1a: Tapu Koko\n|move|p2a: Ogerpon|Ivy Cudgel|p1a: Tapu Koko\n|-damage|p1a: Tapu Koko|14\/100\n|\n|-damage|p2a: Ogerpon|83\/100 tox|[from] psn\n|upkeep\n|turn|14\n|\n|t:|1699619261\n|move|p2a: Ogerpon|Ivy Cudgel|p1a: Tapu Koko\n|-damage|p1a: Tapu Koko|0 fnt\n|faint|p1a: Tapu Koko\n|\n|-damage|p2a: Ogerpon|65\/100 tox|[from] psn\n|upkeep\n|\n|t:|1699619265\n|switch|p1a: Sneasler|Sneasler, M|100\/100\n|-enditem|p1a: Sneasler|Electric Seed\n|-boost|p1a: Sneasler|def|1|[from] item: Electric Seed\n|turn|15\n|\n|t:|1699619269\n|switch|p2a: Moltres|Moltres|100\/100\n|move|p1a: Sneasler|Acrobatics|p2a: Moltres\n|-damage|p2a: Moltres|73\/100\n|\n|upkeep\n|turn|16\n|\n|t:|1699619278\n|-terastallize|p1a: Sneasler|Flying\n|move|p1a: Sneasler|Swords Dance|p1a: Sneasler\n|-boost|p1a: Sneasler|atk|2\n|move|p2a: Moltres|Will-O-Wisp|p1a: Sneasler\n|-status|p1a: Sneasler|brn\n|\n|-damage|p1a: Sneasler|95\/100 brn|[from] brn\n|upkeep\n|turn|17\n|\n|t:|1699619291\n|move|p1a: Sneasler|Acrobatics|p2a: Moltres\n|-damage|p2a: Moltres|28\/100\n|move|p2a: Moltres|Flamethrower|p1a: Sneasler\n|-damage|p1a: Sneasler|44\/100 brn\n|\n|-damage|p1a: Sneasler|38\/100 brn|[from] brn\n|-fieldend|move: Electric Terrain\n|upkeep\n|turn|18\n|\n|t:|1699619309\n|move|p1a: Sneasler|Acrobatics|p2a: Moltres\n|-damage|p2a: Moltres|0 fnt\n|faint|p2a: Moltres\n|\n|-damage|p1a: Sneasler|32\/100 brn|[from] brn\n|upkeep\n|\n|t:|1699619318\n|switch|p2a: Banette|Banette, M|88\/100\n|turn|19\n|\n|t:|1699619340\n|detailschange|p2a: Banette|Banette-Mega, M\n|-mega|p2a: Banette|Banette|Banettite\n|move|p2a: Banette|Destiny Bond|p2a: Banette\n|-singlemove|p2a: Banette|Destiny Bond\n|move|p1a: Sneasler|Acrobatics|p2a: Banette\n|-damage|p2a: Banette|0 fnt\n|faint|p2a: Banette\n|-activate|p2a: Banette|move: Destiny Bond\n|faint|p1a: Sneasler\n|\n|upkeep\n|inactive|FeLinER has 120 seconds left.\n|\n|t:|1699619358\n|switch|p1a: Gliscor|Gliscor, F|88\/100 tox\n|switch|p2a: Tapu Lele|Tapu Lele|26\/100\n|-fieldstart|move: Psychic Terrain|[from] ability: Psychic Surge|[of] p2a: Tapu Lele\n|turn|20\n|\n|t:|1699619368\n|switch|p2a: Great Tusk|Great Tusk, tera:Steel|51\/100\n|move|p1a: Gliscor|Earthquake|p2a: Great Tusk\n|-supereffective|p2a: Great Tusk\n|-damage|p2a: Great Tusk|2\/100\n|\n|-heal|p2a: Great Tusk|8\/100|[from] item: Leftovers\n|-heal|p1a: Gliscor|100\/100 tox|[from] ability: Poison Heal\n|upkeep\n|turn|21\n|inactive|FeLinER has 120 seconds left.\n|\n|t:|1699619388\n|switch|p1a: Medicham|Medicham, M|100\/100\n|move|p2a: Great Tusk|Rapid Spin|p1a: Medicham\n|-damage|p1a: Medicham|73\/100\n|-boost|p2a: Great Tusk|spe|1\n|\n|-heal|p2a: Great Tusk|14\/100|[from] item: Leftovers\n|upkeep\n|turn|22\n|inactive|FeLinER has 120 seconds left.\n|\n|t:|1699619396\n|detailschange|p1a: Medicham|Medicham-Mega, M\n|-mega|p1a: Medicham|Medicham|Medichamite\n|move|p2a: Great Tusk|Headlong Rush|p1a: Medicham\n|-damage|p1a: Medicham|0 fnt\n|-unboost|p2a: Great Tusk|def|1\n|-unboost|p2a: Great Tusk|spd|1\n|faint|p1a: Medicham\n|\n|-heal|p2a: Great Tusk|20\/100|[from] item: Leftovers\n|upkeep\n|-message|shenghua\u597d\u96be forfeited.\n|\n|win|FeLinER\n|raw|shenghua\u597d\u96be's rating: 1497 &rarr; <strong>1472<\/strong><br \/>(-25 for losing)\n|raw|FeLinER's rating: 1415 &rarr; <strong>1440<\/strong><br \/>(+25 for winning)\n|l|\u2606shenghua\u597d\u96be\n","uploadtime":1699619406,"views":5,"p1id":"shenghua","p2id":"feliner","formatid":"gen9nationaldex","rating":1440,"private":0,"password":""}