{"id":"gen9nationaldex-1996151823","p1":"SrPorquet","p2":"alfamike","format":"[Gen 9] National Dex","log":"|html|<div class=\"broadcast-blue\"><strong>[Gen 9] National Dex is currently suspecting Sneasler! For information on how to participate check out the <a href=\"https:\/\/www.smogon.com\/forums\/threads\/sv-national-dex-suspect-8-just-dance.3731534\/\">suspect thread<\/a>.<\/strong><\/div>\n|j|\u203dSrPorquet\n|j|\u2606alfamike\n|t:|1700651888\n|gametype|singles\n|player|p1|SrPorquet|falkner|1283\n|player|p2|alfamike|brock|1325\n|teamsize|p1|6\n|teamsize|p2|6\n|gen|9\n|tier|[Gen 9] National Dex\n|rated|\n|rule|HP Percentage Mod: HP is shown in percentages\n|rule|Endless Battle Clause: Forcing endless battles is banned\n|rule|OHKO Clause: OHKO moves are banned\n|rule|Evasion Clause: Evasion abilities, items, and moves are banned\n|rule|Evasion Abilities Clause: Evasion abilities are banned\n|rule|Evasion Items Clause: Evasion items are banned\n|rule|Evasion Moves Clause: Evasion moves are banned\n|rule|Species Clause: Limit one of each Pok\u00e9mon\n|rule|Sleep Clause Mod: Limit one foe put to sleep\n|clearpoke\n|poke|p1|Pidgeot, M|\n|poke|p1|Magmortar, M|\n|poke|p1|Raichu, F|\n|poke|p1|Clefable, M|\n|poke|p1|Vileplume, M|\n|poke|p1|Politoed, M|\n|poke|p2|Floatzel, M|\n|poke|p2|Pelipper, M|\n|poke|p2|Poliwrath, M|\n|poke|p2|Tapu Fini|\n|poke|p2|Lanturn, F|\n|poke|p2|Swampert, M|\n|teampreview\n|\n|t:|1700651897\n|start\n|switch|p1a: Magmortar|Magmortar, M|100\/100\n|switch|p2a: Boby|Pelipper, M|100\/100\n|-weather|RainDance|[from] ability: Drizzle|[of] p2a: Boby\n|turn|1\n|\n|t:|1700651903\n|move|p1a: Magmortar|Thunderbolt|p2a: Boby\n|-supereffective|p2a: Boby\n|-damage|p2a: Boby|0 fnt\n|faint|p2a: Boby\n|\n|-weather|RainDance|[upkeep]\n|upkeep\n|\n|t:|1700651908\n|switch|p2a: Swampert|Swampert, M|100\/100\n|turn|2\n|\n|t:|1700651914\n|switch|p1a: Politoed|Politoed, M|100\/100\n|detailschange|p2a: Swampert|Swampert-Mega, M\n|-mega|p2a: Swampert|Swampert|Swampertite\n|move|p2a: Swampert|Flip Turn|p1a: Politoed\n|-immune|p1a: Politoed|[from] ability: Water Absorb\n|\n|-weather|RainDance|[upkeep]\n|upkeep\n|turn|3\n|\n|t:|1700651925\n|switch|p2a: Lanturn|Lanturn, F|100\/100\n|switch|p1a: Pidgeot|Pidgeot, M|100\/100\n|\n|-weather|RainDance|[upkeep]\n|upkeep\n|turn|4\n|\n|t:|1700651944\n|switch|p1a: Vileplume|Vileplume, M|100\/100\n|move|p2a: Lanturn|Volt Switch|p1a: Vileplume\n|-resisted|p1a: Vileplume\n|-damage|p1a: Vileplume|86\/100\n|\n|t:|1700651949\n|switch|p2a: Abedo|Floatzel, M|100\/100|[from] Volt Switch\n|\n|-weather|RainDance|[upkeep]\n|-heal|p1a: Vileplume|92\/100|[from] item: Leftovers\n|upkeep\n|turn|5\n|\n|t:|1700651954\n|move|p2a: Abedo|Ice Punch|p1a: Vileplume\n|-supereffective|p1a: Vileplume\n|-damage|p1a: Vileplume|10\/100\n|move|p1a: Vileplume|Strength Sap|p2a: Abedo\n|-unboost|p2a: Abedo|atk|1\n|-heal|p1a: Vileplume|100\/100\n|\n|-weather|none\n|upkeep\n|turn|6\n|\n|t:|1700651967\n|switch|p2a: Lanturn|Lanturn, F|100\/100\n|move|p1a: Vileplume|Giga Drain|p2a: Lanturn\n|-supereffective|p2a: Lanturn\n|-damage|p2a: Lanturn|65\/100\n|\n|upkeep\n|turn|7\n|c|\u2606alfamike|beautiful team\n|\n|t:|1700651977\n|move|p2a: Lanturn|Volt Switch|p1a: Vileplume\n|-resisted|p1a: Vileplume\n|-damage|p1a: Vileplume|86\/100\n|\n|t:|1700651982\n|switch|p2a: Poliwrath|Poliwrath, M|100\/100|[from] Volt Switch\n|move|p1a: Vileplume|Toxic|p2a: Poliwrath\n|-status|p2a: Poliwrath|tox\n|\n|-heal|p1a: Vileplume|92\/100|[from] item: Leftovers\n|-damage|p2a: Poliwrath|94\/100 tox|[from] psn\n|upkeep\n|turn|8\n|\n|t:|1700651990\n|-zpower|p2a: Poliwrath\n|move|p2a: Poliwrath|Z-Hypnosis|p1a: Vileplume|[anim]Hypnosis|[miss]\n|-boost|p2a: Poliwrath|spe|1|[zeffect]\n|-miss|p2a: Poliwrath|p1a: Vileplume\n|move|p1a: Vileplume|Giga Drain|p2a: Poliwrath\n|-supereffective|p2a: Poliwrath\n|-damage|p2a: Poliwrath|13\/100 tox\n|-heal|p1a: Vileplume|100\/100|[from] drain|[of] p2a: Poliwrath\n|\n|-damage|p2a: Poliwrath|1\/100 tox|[from] psn\n|upkeep\n|turn|9\n|\n|t:|1700652002\n|switch|p1a: Magmortar|Magmortar, M|100\/100\n|move|p2a: Poliwrath|Hypnosis|p1a: Magmortar\n|-immune|p1a: Magmortar|[from] ability: Vital Spirit\n|\n|-damage|p2a: Poliwrath|0 fnt|[from] psn\n|faint|p2a: Poliwrath\n|upkeep\n|c|\u2606alfamike|wow nice\n|\n|t:|1700652019\n|switch|p2a: Tapu Fini|Tapu Fini|100\/100\n|-fieldstart|move: Misty Terrain|[from] ability: Misty Surge|[of] p2a: Tapu Fini\n|turn|10\n|\n|t:|1700652024\n|move|p1a: Magmortar|Thunderbolt|p2a: Tapu Fini\n|-supereffective|p2a: Tapu Fini\n|-damage|p2a: Tapu Fini|50\/100\n|move|p2a: Tapu Fini|Calm Mind|p2a: Tapu Fini\n|-boost|p2a: Tapu Fini|spa|1\n|-boost|p2a: Tapu Fini|spd|1\n|\n|-heal|p2a: Tapu Fini|57\/100|[from] item: Leftovers\n|upkeep\n|turn|11\n|\n|t:|1700652033\n|move|p1a: Magmortar|Thunderbolt|p2a: Tapu Fini\n|-supereffective|p2a: Tapu Fini\n|-damage|p2a: Tapu Fini|27\/100\n|move|p2a: Tapu Fini|Calm Mind|p2a: Tapu Fini\n|-boost|p2a: Tapu Fini|spa|1\n|-boost|p2a: Tapu Fini|spd|1\n|\n|-heal|p2a: Tapu Fini|33\/100|[from] item: Leftovers\n|upkeep\n|turn|12\n|\n|t:|1700652043\n|move|p1a: Magmortar|Thunderbolt|p2a: Tapu Fini\n|-supereffective|p2a: Tapu Fini\n|-damage|p2a: Tapu Fini|12\/100\n|move|p2a: Tapu Fini|Draining Kiss|p1a: Magmortar\n|-resisted|p1a: Magmortar\n|-damage|p1a: Magmortar|82\/100\n|-heal|p2a: Tapu Fini|23\/100|[from] drain|[of] p1a: Magmortar\n|\n|-heal|p2a: Tapu Fini|30\/100|[from] item: Leftovers\n|upkeep\n|turn|13\n|\n|t:|1700652052\n|move|p1a: Magmortar|Thunderbolt|p2a: Tapu Fini\n|-supereffective|p2a: Tapu Fini\n|-damage|p2a: Tapu Fini|5\/100\n|move|p2a: Tapu Fini|Draining Kiss|p1a: Magmortar\n|-resisted|p1a: Magmortar\n|-damage|p1a: Magmortar|62\/100\n|-heal|p2a: Tapu Fini|18\/100|[from] drain|[of] p1a: Magmortar\n|\n|-heal|p2a: Tapu Fini|24\/100|[from] item: Leftovers\n|upkeep\n|turn|14\n|\n|t:|1700652060\n|move|p1a: Magmortar|Thunderbolt|p2a: Tapu Fini\n|-supereffective|p2a: Tapu Fini\n|-damage|p2a: Tapu Fini|2\/100\n|move|p2a: Tapu Fini|Draining Kiss|p1a: Magmortar\n|-resisted|p1a: Magmortar\n|-damage|p1a: Magmortar|42\/100\n|-heal|p2a: Tapu Fini|14\/100|[from] drain|[of] p1a: Magmortar\n|\n|-heal|p2a: Tapu Fini|21\/100|[from] item: Leftovers\n|-fieldend|Misty Terrain\n|upkeep\n|turn|15\n|\n|t:|1700652069\n|switch|p2a: Lanturn|Lanturn, F|65\/100\n|move|p1a: Magmortar|Thunderbolt|p2a: Lanturn\n|-heal|p2a: Lanturn|90\/100|[from] ability: Volt Absorb|[of] p1a: Magmortar\n|\n|upkeep\n|turn|16\n|\n|t:|1700652077\n|move|p1a: Magmortar|Scorching Sands|p2a: Lanturn\n|-supereffective|p2a: Lanturn\n|-crit|p2a: Lanturn\n|-damage|p2a: Lanturn|53\/100\n|-status|p2a: Lanturn|brn\n|move|p2a: Lanturn|Volt Switch|p1a: Magmortar\n|-damage|p1a: Magmortar|9\/100\n|-enditem|p1a: Magmortar|Aguav Berry|[eat]\n|-heal|p1a: Magmortar|42\/100|[from] item: Aguav Berry\n|c|\u2606alfamike|man I like your team, really much\n|\n|t:|1700652096\n|switch|p2a: Swampert|Swampert-Mega, M|100\/100|[from] Volt Switch\n|\n|upkeep\n|turn|17\n|\n|t:|1700652101\n|move|p1a: Magmortar|Psychic|p2a: Swampert\n|-damage|p2a: Swampert|75\/100\n|move|p2a: Swampert|Earthquake|p1a: Magmortar\n|-supereffective|p1a: Magmortar\n|-damage|p1a: Magmortar|0 fnt\n|faint|p1a: Magmortar\n|\n|upkeep\n|\n|t:|1700652107\n|switch|p1a: Vileplume|Vileplume, M|100\/100\n|turn|18\n|c|\u2606alfamike|gg\n|-message|alfamike forfeited.\n|\n|win|SrPorquet\n|raw|SrPorquet's rating: 1283 &rarr; <strong>1311<\/strong><br \/>(+28 for winning)\n|raw|alfamike's rating: 1325 &rarr; <strong>1303<\/strong><br \/>(-22 for losing)\n|l|\u2606alfamike\n","uploadtime":1700652128,"views":2,"p1id":"srporquet","p2id":"alfamike","formatid":"gen9nationaldex","rating":1303,"private":0,"password":""}