{"id":"gen9nationaldex-1991807318","p1":"99jiuli","p2":"luyoujie01","format":"[Gen 9] National Dex","log":"|j|\u260699jiuli\n|j|\u2606luyoujie01\n|t:|1700120998\n|gametype|singles\n|player|p1|99jiuli|101|1331\n|player|p2|luyoujie01|nate|1231\n|teamsize|p1|6\n|teamsize|p2|6\n|gen|9\n|tier|[Gen 9] National Dex\n|rated|\n|rule|HP Percentage Mod: HP is shown in percentages\n|rule|Endless Battle Clause: Forcing endless battles is banned\n|rule|OHKO Clause: OHKO moves are banned\n|rule|Evasion Clause: Evasion abilities, items, and moves are banned\n|rule|Evasion Abilities Clause: Evasion abilities are banned\n|rule|Evasion Items Clause: Evasion items are banned\n|rule|Evasion Moves Clause: Evasion moves are banned\n|rule|Species Clause: Limit one of each Pok\u00e9mon\n|rule|Sleep Clause Mod: Limit one foe put to sleep\n|clearpoke\n|poke|p1|Weavile, M|\n|poke|p1|Landorus-Therian, M|\n|poke|p1|Zapdos|\n|poke|p1|Volcanion|\n|poke|p1|Ursaluna, F|\n|poke|p1|Kartana|\n|poke|p2|Charizard, M|\n|poke|p2|Staraptor, M|\n|poke|p2|Drampa, M|\n|poke|p2|Flygon, M|\n|poke|p2|Excadrill, M|\n|poke|p2|Heatran, M|\n|teampreview\n|inactive|Battle timer is ON: inactive players will automatically lose when time's up. (requested by luyoujie01)\n|\n|t:|1700121012\n|start\n|switch|p1a: Landorus|Landorus-Therian, M|100\/100\n|switch|p2a: Drampa|Drampa, M, shiny|100\/100\n|-ability|p1a: Landorus|Intimidate|boost\n|-unboost|p2a: Drampa|atk|1\n|turn|1\n|\n|t:|1700121021\n|move|p1a: Landorus|Stealth Rock|p2a: Drampa\n|-sidestart|p2: luyoujie01|move: Stealth Rock\n|move|p2a: Drampa|Ice Beam|p1a: Landorus\n|-supereffective|p1a: Landorus\n|-damage|p1a: Landorus|0 fnt\n|faint|p1a: Landorus\n|\n|upkeep\n|\n|t:|1700121030\n|switch|p1a: Weavile|Weavile, M|100\/100\n|-ability|p1a: Weavile|Pressure\n|turn|2\n|\n|t:|1700121051\n|-terastallize|p2a: Drampa|Ghost\n|move|p1a: Weavile|Knock Off|p2a: Drampa\n|-supereffective|p2a: Drampa\n|-damage|p2a: Drampa|0 fnt\n|-enditem|p2a: Drampa|Leftovers|[from] move: Knock Off|[of] p1a: Weavile\n|faint|p2a: Drampa\n|\n|upkeep\n|\n|t:|1700121059\n|switch|p2a: Excadrill|Excadrill, M|100\/100\n|-ability|p2a: Excadrill|Mold Breaker\n|turn|3\n|\n|t:|1700121071\n|switch|p1a: Zapdos|Zapdos|100\/100\n|move|p2a: Excadrill|Rapid Spin|p1a: Zapdos\n|-damage|p1a: Zapdos|88\/100\n|-boost|p2a: Excadrill|spe|1\n|-status|p2a: Excadrill|par|[from] ability: Static|[of] p1a: Zapdos\n|-sideend|p2: luyoujie01|Stealth Rock|[from] move: Rapid Spin|[of] p2a: Excadrill\n|\n|upkeep\n|turn|4\n|\n|t:|1700121083\n|move|p1a: Zapdos|Hurricane|p2a: Excadrill\n|-resisted|p2a: Excadrill\n|-damage|p2a: Excadrill|68\/100 par\n|move|p2a: Excadrill|Stealth Rock|p1a: Zapdos\n|-sidestart|p1: 99jiuli|move: Stealth Rock\n|\n|upkeep\n|turn|5\n|\n|t:|1700121092\n|move|p1a: Zapdos|Hurricane|p2a: Excadrill\n|-resisted|p2a: Excadrill\n|-damage|p2a: Excadrill|38\/100 par\n|-start|p2a: Excadrill|confusion\n|-activate|p2a: Excadrill|confusion\n|-damage|p2a: Excadrill|17\/100 par|[from] confusion\n|\n|upkeep\n|turn|6\n|\n|t:|1700121100\n|move|p1a: Zapdos|Hurricane|p2a: Excadrill\n|-resisted|p2a: Excadrill\n|-damage|p2a: Excadrill|0 fnt\n|faint|p2a: Excadrill\n|\n|upkeep\n|\n|t:|1700121106\n|switch|p2a: Heatran|Heatran, M|100\/100\n|turn|7\n|\n|t:|1700121111\n|move|p2a: Heatran|Eruption|p1a: Zapdos\n|-damage|p1a: Zapdos|13\/100\n|move|p1a: Zapdos|U-turn|p2a: Heatran\n|-resisted|p2a: Heatran\n|-damage|p2a: Heatran|97\/100\n|\n|t:|1700121117\n|switch|p1a: Volcanion|Volcanion|100\/100|[from] U-turn\n|\n|upkeep\n|turn|8\n|\n|t:|1700121126\n|switch|p2a: Staraptor|Staraptor, M, shiny|100\/100\n|move|p1a: Volcanion|Steam Eruption|p2a: Staraptor\n|-damage|p2a: Staraptor|25\/100\n|\n|upkeep\n|turn|9\n|\n|t:|1700121136\n|move|p2a: Staraptor|Brave Bird|p1a: Volcanion\n|-damage|p1a: Volcanion|34\/100\n|-damage|p2a: Staraptor|0 fnt|[from] Recoil\n|faint|p2a: Staraptor\n|move|p1a: Volcanion|Steam Eruption|p2: Staraptor|[notarget]\n|-fail|p1a: Volcanion\n|\n|upkeep\n|\n|t:|1700121144\n|switch|p2a: Heatran|Heatran, M|97\/100\n|turn|10\n|\n|t:|1700121148\n|move|p2a: Heatran|Earth Power|p1a: Volcanion\n|-supereffective|p1a: Volcanion\n|-damage|p1a: Volcanion|0 fnt\n|faint|p1a: Volcanion\n|\n|upkeep\n|\n|t:|1700121155\n|switch|p1a: Zapdos|Zapdos|13\/100\n|turn|11\n|\n|t:|1700121160\n|move|p2a: Heatran|Earth Power|p1a: Zapdos\n|-immune|p1a: Zapdos\n|move|p1a: Zapdos|Roost|p1a: Zapdos\n|-heal|p1a: Zapdos|63\/100\n|-singleturn|p1a: Zapdos|move: Roost\n|\n|upkeep\n|turn|12\n|\n|t:|1700121170\n|switch|p2a: Flygon|Flygon, M|100\/100\n|move|p1a: Zapdos|Roost|p1a: Zapdos\n|-heal|p1a: Zapdos|100\/100\n|-singleturn|p1a: Zapdos|move: Roost\n|\n|upkeep\n|turn|13\n|\n|t:|1700121181\n|move|p2a: Flygon|Dragon Dance|p2a: Flygon\n|-boost|p2a: Flygon|atk|1\n|-boost|p2a: Flygon|spe|1\n|move|p1a: Zapdos|Hurricane|p2a: Flygon\n|-damage|p2a: Flygon|36\/100\n|\n|upkeep\n|turn|14\n|\n|t:|1700121189\n|move|p2a: Flygon|Thunder Punch|p1a: Zapdos\n|-damage|p1a: Zapdos|79\/100\n|move|p1a: Zapdos|Hurricane|p2a: Flygon|[miss]\n|-miss|p1a: Zapdos|p2a: Flygon\n|\n|upkeep\n|turn|15\n|\n|t:|1700121196\n|move|p2a: Flygon|Fire Punch|p1a: Zapdos\n|-damage|p1a: Zapdos|56\/100\n|move|p1a: Zapdos|Hurricane|p2a: Flygon\n|-damage|p2a: Flygon|0 fnt\n|faint|p2a: Flygon\n|\n|upkeep\n|\n|t:|1700121204\n|switch|p2a: Heatran|Heatran, M|97\/100\n|turn|16\n|\n|t:|1700121216\n|move|p2a: Heatran|Eruption|p1a: Zapdos\n|-damage|p1a: Zapdos|0 fnt\n|faint|p1a: Zapdos\n|\n|upkeep\n|\n|t:|1700121232\n|switch|p1a: Kartana|Kartana|100\/100\n|-damage|p1a: Kartana|94\/100|[from] Stealth Rock\n|turn|17\n|\n|t:|1700121236\n|move|p1a: Kartana|Sacred Sword|p2a: Heatran\n|-supereffective|p2a: Heatran\n|-damage|p2a: Heatran|11\/100\n|move|p2a: Heatran|Eruption|p1a: Kartana\n|-supereffective|p1a: Kartana\n|-damage|p1a: Kartana|0 fnt\n|faint|p1a: Kartana\n|\n|upkeep\n|\n|t:|1700121245\n|switch|p1a: Weavile|Weavile, M|100\/100\n|-damage|p1a: Weavile|76\/100|[from] Stealth Rock\n|-ability|p1a: Weavile|Pressure\n|turn|18\n|\n|t:|1700121252\n|move|p1a: Weavile|Ice Shard|p2a: Heatran\n|-resisted|p2a: Heatran\n|-damage|p2a: Heatran|4\/100\n|move|p2a: Heatran|Eruption|p1a: Weavile\n|-supereffective|p1a: Weavile\n|-damage|p1a: Weavile|69\/100\n|\n|upkeep\n|turn|19\n|\n|t:|1700121261\n|switch|p1a: Ursaluna|Ursaluna, F|100\/100\n|-damage|p1a: Ursaluna|94\/100|[from] Stealth Rock\n|move|p2a: Heatran|Eruption|p1a: Ursaluna\n|-damage|p1a: Ursaluna|92\/100\n|\n|-status|p1a: Ursaluna|brn|[from] item: Flame Orb\n|upkeep\n|turn|20\n|\n|t:|1700121274\n|move|p2a: Heatran|Eruption|p1a: Ursaluna\n|-damage|p1a: Ursaluna|89\/100 brn\n|move|p1a: Ursaluna|Facade|p2a: Heatran\n|-resisted|p2a: Heatran\n|-damage|p2a: Heatran|0 fnt\n|faint|p2a: Heatran\n|\n|-damage|p1a: Ursaluna|83\/100 brn|[from] brn\n|upkeep\n|\n|t:|1700121284\n|switch|p2a: Charizard|Charizard, M|100\/100\n|turn|21\n|\n|t:|1700121294\n|detailschange|p2a: Charizard|Charizard-Mega-Y, M\n|-mega|p2a: Charizard|Charizard|Charizardite Y\n|-weather|SunnyDay|[from] ability: Drought|[of] p2a: Charizard\n|-terastallize|p1a: Ursaluna|Grass\n|move|p2a: Charizard|Solar Beam||[still]\n|-prepare|p2a: Charizard|Solar Beam\n|-anim|p2a: Charizard|Solar Beam|p1a: Ursaluna\n|-resisted|p1a: Ursaluna\n|-damage|p1a: Ursaluna|57\/100 brn\n|move|p1a: Ursaluna|Facade|p2a: Charizard\n|-damage|p2a: Charizard|0 fnt\n|faint|p2a: Charizard\n|\n|win|99jiuli\n|raw|99jiuli's rating: 1331 &rarr; <strong>1345<\/strong><br \/>(+14 for winning)\n|raw|luyoujie01's rating: 1231 &rarr; <strong>1213<\/strong><br \/>(-18 for losing)\n|l|\u2606luyoujie01\n","uploadtime":1700121320,"views":4,"p1id":"99jiuli","p2id":"luyoujie01","formatid":"gen9nationaldex","rating":1213,"private":0,"password":""}