{"id":"gen9nationaldex-1998649351","p1":"qazserfvgyujnko","p2":"HappyFeetQueenHan","format":"[Gen 9] National Dex","log":"|html|<div class=\"broadcast-blue\"><strong>[Gen 9] National Dex is currently suspecting Sneasler! For information on how to participate check out the <a href=\"https:\/\/www.smogon.com\/forums\/threads\/sv-national-dex-suspect-8-just-dance.3731534\/\">suspect thread<\/a>.<\/strong><\/div>\n|j|\u2606qazserfvgyujnko\n|j|\u2606HappyFeetQueenHan\n|t:|1700967501\n|gametype|singles\n|player|p1|qazserfvgyujnko|benga|1234\n|player|p2|HappyFeetQueenHan|dawn-gen4pt|1120\n|teamsize|p1|6\n|teamsize|p2|6\n|gen|9\n|tier|[Gen 9] National Dex\n|rated|\n|rule|HP Percentage Mod: HP is shown in percentages\n|rule|Endless Battle Clause: Forcing endless battles is banned\n|rule|OHKO Clause: OHKO moves are banned\n|rule|Evasion Clause: Evasion abilities, items, and moves are banned\n|rule|Evasion Abilities Clause: Evasion abilities are banned\n|rule|Evasion Items Clause: Evasion items are banned\n|rule|Evasion Moves Clause: Evasion moves are banned\n|rule|Species Clause: Limit one of each Pok\u00e9mon\n|rule|Sleep Clause Mod: Limit one foe put to sleep\n|clearpoke\n|poke|p1|Hoopa-Unbound|\n|poke|p1|Comfey, F|\n|poke|p1|Lopunny, F|\n|poke|p1|Moltres|\n|poke|p1|Ninetales-Alola, F|\n|poke|p1|Urshifu-*, M|\n|poke|p2|Incineroar, F|\n|poke|p2|Serperior, F|\n|poke|p2|Empoleon, M|\n|poke|p2|Iron Valiant|\n|poke|p2|Dragonite, F|\n|poke|p2|Gliscor, M|\n|teampreview\n|\n|t:|1700967515\n|start\n|switch|p1a: Ninetales|Ninetales-Alola, F|100\/100\n|switch|p2a: Purp|Gliscor, M|100\/100\n|-weather|Snow|[from] ability: Snow Warning|[of] p1a: Ninetales\n|turn|1\n|\n|t:|1700967534\n|move|p1a: Ninetales|Blizzard|p2a: Purp\n|-supereffective|p2a: Purp\n|-damage|p2a: Purp|0 fnt\n|faint|p2a: Purp\n|\n|-weather|Snow|[upkeep]\n|upkeep\n|\n|t:|1700967542\n|switch|p2a: Sugar|Empoleon, M, shiny|100\/100\n|turn|2\n|\n|t:|1700967554\n|move|p1a: Ninetales|Aurora Veil|p1a: Ninetales\n|-sidestart|p1: qazserfvgyujnko|move: Aurora Veil\n|move|p2a: Sugar|Agility|p2a: Sugar\n|-boost|p2a: Sugar|spe|2\n|\n|-weather|Snow|[upkeep]\n|upkeep\n|turn|3\n|\n|t:|1700967607\n|move|p2a: Sugar|Hydro Pump|p1a: Ninetales\n|-damage|p1a: Ninetales|57\/100\n|-damage|p2a: Sugar|91\/100|[from] item: Life Orb\n|move|p1a: Ninetales|Encore|p2a: Sugar\n|-start|p2a: Sugar|Encore\n|\n|-weather|Snow|[upkeep]\n|upkeep\n|turn|4\n|\n|t:|1700967648\n|switch|p1a: \u6211\u8981\u6740\u4e86\u592a\u8349\u6676\u5149\u82b1|Urshifu-Rapid-Strike, M|100\/100\n|move|p2a: Sugar|Hydro Pump|p1a: \u6211\u8981\u6740\u4e86\u592a\u8349\u6676\u5149\u82b1|[miss]\n|-miss|p2a: Sugar|p1a: \u6211\u8981\u6740\u4e86\u592a\u8349\u6676\u5149\u82b1\n|\n|-weather|Snow|[upkeep]\n|upkeep\n|turn|5\n|\n|t:|1700967659\n|-terastallize|p2a: Sugar|Flying\n|move|p1a: \u6211\u8981\u6740\u4e86\u592a\u8349\u6676\u5149\u82b1|Close Combat|p2a: Sugar\n|-resisted|p2a: Sugar\n|-damage|p2a: Sugar|53\/100\n|-unboost|p1a: \u6211\u8981\u6740\u4e86\u592a\u8349\u6676\u5149\u82b1|def|1\n|-unboost|p1a: \u6211\u8981\u6740\u4e86\u592a\u8349\u6676\u5149\u82b1|spd|1\n|move|p2a: Sugar|Hydro Pump|p1a: \u6211\u8981\u6740\u4e86\u592a\u8349\u6676\u5149\u82b1\n|-resisted|p1a: \u6211\u8981\u6740\u4e86\u592a\u8349\u6676\u5149\u82b1\n|-damage|p1a: \u6211\u8981\u6740\u4e86\u592a\u8349\u6676\u5149\u82b1|57\/100\n|-damage|p2a: Sugar|43\/100|[from] item: Life Orb\n|\n|-weather|none\n|upkeep\n|turn|6\n|\n|t:|1700967685\n|switch|p1a: Ninetales|Ninetales-Alola, F|57\/100\n|-weather|Snow|[from] ability: Snow Warning|[of] p1a: Ninetales\n|move|p2a: Sugar|Hydro Pump|p1a: Ninetales\n|-damage|p1a: Ninetales|12\/100\n|-damage|p2a: Sugar|34\/100|[from] item: Life Orb\n|\n|-weather|Snow|[upkeep]\n|-end|p2a: Sugar|Encore\n|upkeep\n|turn|7\n|\n|t:|1700967695\n|move|p2a: Sugar|Air Slash|p1a: Ninetales\n|-damage|p1a: Ninetales|0 fnt\n|faint|p1a: Ninetales\n|-damage|p2a: Sugar|24\/100|[from] item: Life Orb\n|\n|-weather|Snow|[upkeep]\n|upkeep\n|\n|t:|1700967702\n|switch|p1a: \u6211\u8981\u6740\u4e86\u592a\u8349\u6676\u5149\u82b1|Urshifu-Rapid-Strike, M|57\/100\n|turn|8\n|\n|t:|1700967706\n|move|p1a: \u6211\u8981\u6740\u4e86\u592a\u8349\u6676\u5149\u82b1|Surging Strikes|p2a: Sugar\n|-crit|p2a: Sugar\n|-damage|p2a: Sugar|2\/100\n|-crit|p2a: Sugar\n|-damage|p2a: Sugar|0 fnt\n|faint|p2a: Sugar\n|-hitcount|p2: Sugar|2\n|\n|-weather|Snow|[upkeep]\n|upkeep\n|\n|t:|1700967717\n|switch|p2a: Herbz|Serperior, F|100\/100\n|turn|9\n|\n|t:|1700967733\n|switch|p1a: Moltres|Moltres|100\/100\n|move|p2a: Herbz|Glare|p1a: Moltres\n|-status|p1a: Moltres|par\n|\n|-weather|Snow|[upkeep]\n|-sideend|p1: qazserfvgyujnko|move: Aurora Veil\n|upkeep\n|turn|10\n|\n|t:|1700967744\n|move|p2a: Herbz|Leaf Storm|p1a: Moltres\n|-resisted|p1a: Moltres\n|-damage|p1a: Moltres|86\/100 par\n|-boost|p2a: Herbz|spa|2\n|cant|p1a: Moltres|par\n|\n|-weather|none\n|upkeep\n|turn|11\n|\n|t:|1700967752\n|move|p2a: Herbz|Leech Seed|p1a: Moltres\n|-start|p1a: Moltres|move: Leech Seed\n|move|p1a: Moltres|Flamethrower|p2a: Herbz\n|-supereffective|p2a: Herbz\n|-damage|p2a: Herbz|0 fnt\n|faint|p2a: Herbz\n|\n|upkeep\n|\n|t:|1700967763\n|switch|p2a: Kenz|Incineroar, F|100\/100\n|-ability|p2a: Kenz|Intimidate|boost\n|-unboost|p1a: Moltres|atk|1\n|turn|12\n|\n|t:|1700967769\n|move|p2a: Kenz|Fake Out|p1a: Moltres\n|-damage|p1a: Moltres|72\/100 par\n|cant|p1a: Moltres|flinch\n|\n|-damage|p1a: Moltres|60\/100 par|[from] Leech Seed|[of] p2a: Kenz\n|upkeep\n|turn|13\n|\n|t:|1700967787\n|move|p2a: Kenz|Knock Off|p1a: Moltres\n|-damage|p1a: Moltres|10\/100 par\n|-enditem|p1a: Moltres|Heavy-Duty Boots|[from] move: Knock Off|[of] p2a: Kenz\n|move|p1a: Moltres|U-turn|p2a: Kenz\n|-damage|p2a: Kenz|89\/100\n|\n|t:|1700967797\n|switch|p1a: \u6211\u8981\u6740\u4e86\u592a\u8349\u6676\u5149\u82b1|Urshifu-Rapid-Strike, M|57\/100|[from] U-turn\n|\n|upkeep\n|turn|14\n|\n|t:|1700967801\n|move|p1a: \u6211\u8981\u6740\u4e86\u592a\u8349\u6676\u5149\u82b1|Surging Strikes|p2a: Kenz\n|-supereffective|p2a: Kenz\n|-crit|p2a: Kenz\n|-damage|p2a: Kenz|46\/100\n|-supereffective|p2a: Kenz\n|-crit|p2a: Kenz\n|-damage|p2a: Kenz|3\/100\n|-supereffective|p2a: Kenz\n|-crit|p2a: Kenz\n|-damage|p2a: Kenz|0 fnt\n|faint|p2a: Kenz\n|-hitcount|p2: Kenz|3\n|\n|upkeep\n|\n|t:|1700967812\n|switch|p2a: Pepper|Dragonite, F|100\/100\n|turn|15\n|\n|t:|1700967818\n|switch|p1a: Moltres|Moltres|10\/100 par\n|move|p2a: Pepper|Dragon Dance|p2a: Pepper\n|-boost|p2a: Pepper|atk|1\n|-boost|p2a: Pepper|spe|1\n|\n|upkeep\n|turn|16\n|\n|t:|1700967825\n|move|p2a: Pepper|Dragon Dance|p2a: Pepper\n|-boost|p2a: Pepper|atk|1\n|-boost|p2a: Pepper|spe|1\n|move|p1a: Moltres|Flamethrower|p2a: Pepper\n|-resisted|p2a: Pepper\n|-damage|p2a: Pepper|90\/100\n|\n|upkeep\n|turn|17\n|\n|t:|1700967832\n|move|p2a: Pepper|Dragon Dance|p2a: Pepper\n|-boost|p2a: Pepper|atk|1\n|-boost|p2a: Pepper|spe|1\n|move|p1a: Moltres|Flamethrower|p2a: Pepper\n|-resisted|p2a: Pepper\n|-damage|p2a: Pepper|68\/100\n|\n|upkeep\n|turn|18\n|\n|t:|1700967838\n|move|p2a: Pepper|Dragon Dance|p2a: Pepper\n|-boost|p2a: Pepper|atk|1\n|-boost|p2a: Pepper|spe|1\n|move|p1a: Moltres|Flamethrower|p2a: Pepper\n|-resisted|p2a: Pepper\n|-damage|p2a: Pepper|45\/100\n|\n|upkeep\n|turn|19\n|\n|t:|1700967845\n|move|p2a: Pepper|Extreme Speed|p1a: Moltres\n|-damage|p1a: Moltres|0 fnt\n|faint|p1a: Moltres\n|\n|upkeep\n|\n|t:|1700967848\n|switch|p1a: \u592a\u533b|Comfey, F|100\/100\n|turn|20\n|\n|t:|1700967862\n|move|p1a: \u592a\u533b|Draining Kiss|p2a: Pepper\n|-supereffective|p2a: Pepper\n|-damage|p2a: Pepper|2\/100\n|-damage|p1a: \u592a\u533b|91\/100|[from] item: Life Orb\n|move|p2a: Pepper|Earthquake|p1a: \u592a\u533b\n|-damage|p1a: \u592a\u533b|0 fnt\n|faint|p1a: \u592a\u533b\n|\n|upkeep\n|\n|t:|1700967865\n|switch|p1a: \u6715\u7684\u4fa7\u5983|Lopunny, F|100\/100\n|turn|21\n|\n|t:|1700967872\n|detailschange|p1a: \u6715\u7684\u4fa7\u5983|Lopunny-Mega, F\n|-mega|p1a: \u6715\u7684\u4fa7\u5983|Lopunny|Lopunnite\n|move|p1a: \u6715\u7684\u4fa7\u5983|Fake Out|p2a: Pepper\n|-damage|p2a: Pepper|0 fnt\n|faint|p2a: Pepper\n|\n|upkeep\n|\n|t:|1700967880\n|switch|p2a: Iron Valiant|Iron Valiant|100\/100\n|-enditem|p2a: Iron Valiant|Booster Energy\n|-activate|p2a: Iron Valiant|ability: Quark Drive|[fromitem]\n|-start|p2a: Iron Valiant|quarkdrivespe\n|turn|22\n|\n|t:|1700967893\n|move|p2a: Iron Valiant|Encore|p1a: \u6715\u7684\u4fa7\u5983\n|-start|p1a: \u6715\u7684\u4fa7\u5983|Encore\n|move|p1a: \u6715\u7684\u4fa7\u5983|Fake Out||[still]\n|-hint|Fake Out only works on your first turn out.\n|-fail|p1a: \u6715\u7684\u4fa7\u5983\n|\n|upkeep\n|turn|23\n|\n|t:|1700967899\n|switch|p1a: \u6211\u8981\u6740\u4e86\u592a\u8349\u6676\u5149\u82b1|Urshifu-Rapid-Strike, M|57\/100\n|move|p2a: Iron Valiant|Swords Dance|p2a: Iron Valiant\n|-boost|p2a: Iron Valiant|atk|2\n|\n|upkeep\n|turn|24\n|\n|t:|1700967916\n|-terastallize|p1a: \u6211\u8981\u6740\u4e86\u592a\u8349\u6676\u5149\u82b1|Water\n|move|p1a: \u6211\u8981\u6740\u4e86\u592a\u8349\u6676\u5149\u82b1|Aqua Jet|p2a: Iron Valiant\n|-damage|p2a: Iron Valiant|64\/100\n|move|p2a: Iron Valiant|Close Combat|p1a: \u6211\u8981\u6740\u4e86\u592a\u8349\u6676\u5149\u82b1\n|-damage|p1a: \u6211\u8981\u6740\u4e86\u592a\u8349\u6676\u5149\u82b1|0 fnt\n|-unboost|p2a: Iron Valiant|def|1\n|-unboost|p2a: Iron Valiant|spd|1\n|faint|p1a: \u6211\u8981\u6740\u4e86\u592a\u8349\u6676\u5149\u82b1\n|\n|upkeep\n|\n|t:|1700967923\n|switch|p1a: \u6715\u7684\u4fa7\u5983|Lopunny-Mega, F|100\/100\n|turn|25\n|\n|t:|1700967933\n|move|p1a: \u6715\u7684\u4fa7\u5983|Fake Out|p2a: Iron Valiant\n|-damage|p2a: Iron Valiant|20\/100\n|cant|p2a: Iron Valiant|flinch\n|\n|upkeep\n|turn|26\n|\n|t:|1700967938\n|switch|p1a: \u62a4\u56fd\u5927\u5c06\u519b|Hoopa-Unbound|100\/100\n|move|p2a: Iron Valiant|Close Combat|p1a: \u62a4\u56fd\u5927\u5c06\u519b\n|-damage|p1a: \u62a4\u56fd\u5927\u5c06\u519b|0 fnt\n|-unboost|p2a: Iron Valiant|def|1\n|-unboost|p2a: Iron Valiant|spd|1\n|faint|p1a: \u62a4\u56fd\u5927\u5c06\u519b\n|\n|upkeep\n|\n|t:|1700967940\n|switch|p1a: \u6715\u7684\u4fa7\u5983|Lopunny-Mega, F|100\/100\n|turn|27\n|\n|t:|1700967947\n|move|p1a: \u6715\u7684\u4fa7\u5983|Fake Out|p2a: Iron Valiant\n|-damage|p2a: Iron Valiant|0 fnt\n|faint|p2a: Iron Valiant\n|-end|p2a: Iron Valiant|Quark Drive|[silent]\n|\n|win|qazserfvgyujnko\n|raw|qazserfvgyujnko's rating: 1234 &rarr; <strong>1251<\/strong><br \/>(+17 for winning)\n|raw|HappyFeetQueenHan's rating: 1120 &rarr; <strong>1103<\/strong><br \/>(-17 for losing)\n|c|\u2606HappyFeetQueenHan|gg\n","uploadtime":1700967955,"views":1,"p1id":"qazserfvgyujnko","p2id":"happyfeetqueenhan","formatid":"gen9nationaldex","rating":1103,"private":0,"password":""}