{"id":"gen9nationaldex-1988911099","p1":"AyTeeGee","p2":"Powerbo","format":"[Gen 9] National Dex","log":"|j|\u2606AyTeeGee\n|j|\u2606Powerbo\n|t:|1699786178\n|gametype|singles\n|player|p1|AyTeeGee|hilda-masters|1192\n|player|p2|Powerbo|ninjaboy|1289\n|teamsize|p1|6\n|teamsize|p2|6\n|gen|9\n|tier|[Gen 9] National Dex\n|rated|\n|rule|HP Percentage Mod: HP is shown in percentages\n|rule|Endless Battle Clause: Forcing endless battles is banned\n|rule|OHKO Clause: OHKO moves are banned\n|rule|Evasion Clause: Evasion abilities, items, and moves are banned\n|rule|Evasion Abilities Clause: Evasion abilities are banned\n|rule|Evasion Items Clause: Evasion items are banned\n|rule|Evasion Moves Clause: Evasion moves are banned\n|rule|Species Clause: Limit one of each Pok\u00e9mon\n|rule|Sleep Clause Mod: Limit one foe put to sleep\n|clearpoke\n|poke|p1|Gallade, M|\n|poke|p1|Gliscor, M|\n|poke|p1|Sneasler, F|\n|poke|p1|Greninja-*, M|\n|poke|p1|Hatterene, F|\n|poke|p1|Ferrothorn, F|\n|poke|p2|Weavile, M|\n|poke|p2|Tornadus-Therian, M|\n|poke|p2|Iron Treads|\n|poke|p2|Garganacl, M|\n|poke|p2|Sinistcha|\n|poke|p2|Lopunny, F|\n|teampreview\n|\n|t:|1699786213\n|start\n|switch|p1a: Hatterene|Hatterene, F|100\/100\n|switch|p2a: Tornadus|Tornadus-Therian, M|100\/100\n|turn|1\n|\n|t:|1699786237\n|move|p2a: Tornadus|Knock Off|p1a: Hatterene\n|-damage|p1a: Hatterene|81\/100\n|-enditem|p1a: Hatterene|Leftovers|[from] move: Knock Off|[of] p2a: Tornadus\n|move|p1a: Hatterene|Thunder Wave|p2a: Tornadus\n|-status|p2a: Tornadus|par\n|\n|upkeep\n|turn|2\n|\n|t:|1699786243\n|move|p2a: Tornadus|U-turn|p1a: Hatterene\n|-damage|p1a: Hatterene|66\/100\n|\n|t:|1699786250\n|switch|p2a: Garganacl|Garganacl, M|100\/100|[from] U-turn\n|move|p1a: Hatterene|Draining Kiss|p2a: Garganacl\n|-damage|p2a: Garganacl|85\/100\n|-heal|p1a: Hatterene|81\/100|[from] drain|[of] p2a: Garganacl\n|\n|-heal|p2a: Garganacl|92\/100|[from] item: Leftovers\n|upkeep\n|turn|3\n|\n|t:|1699786270\n|switch|p1a: Gliscor|Gliscor, M|100\/100\n|move|p2a: Garganacl|Salt Cure|p1a: Gliscor\n|-damage|p1a: Gliscor|87\/100\n|-start|p1a: Gliscor|Salt Cure\n|\n|-heal|p2a: Garganacl|98\/100|[from] item: Leftovers\n|-damage|p1a: Gliscor|75\/100|[from] Salt Cure\n|-status|p1a: Gliscor|tox|[from] item: Toxic Orb\n|upkeep\n|turn|4\n|\n|t:|1699786289\n|switch|p2a: Iron Treads|Iron Treads|100\/100\n|move|p1a: Gliscor|Crabhammer|p2a: Iron Treads|[miss]\n|-miss|p1a: Gliscor|p2a: Iron Treads\n|\n|-heal|p1a: Gliscor|87\/100 tox|[from] ability: Poison Heal\n|-damage|p1a: Gliscor|75\/100 tox|[from] Salt Cure\n|upkeep\n|turn|5\n|\n|t:|1699786310\n|move|p1a: Gliscor|Knock Off|p2a: Iron Treads\n|-crit|p2a: Iron Treads\n|-damage|p2a: Iron Treads|70\/100\n|-enditem|p2a: Iron Treads|Leftovers|[from] move: Knock Off|[of] p1a: Gliscor\n|move|p2a: Iron Treads|Stealth Rock|p1a: Gliscor\n|-sidestart|p1: AyTeeGee|move: Stealth Rock\n|\n|-heal|p1a: Gliscor|87\/100 tox|[from] ability: Poison Heal\n|-damage|p1a: Gliscor|75\/100 tox|[from] Salt Cure\n|upkeep\n|turn|6\n|\n|t:|1699786316\n|move|p1a: Gliscor|Defog|p2a: Iron Treads\n|-unboost|p2a: Iron Treads|evasion|1\n|-sideend|p1: AyTeeGee|Stealth Rock|[from] move: Defog|[of] p1a: Gliscor\n|move|p2a: Iron Treads|Iron Head|p1a: Gliscor\n|-damage|p1a: Gliscor|46\/100 tox\n|\n|-heal|p1a: Gliscor|58\/100 tox|[from] ability: Poison Heal\n|-damage|p1a: Gliscor|46\/100 tox|[from] Salt Cure\n|upkeep\n|turn|7\n|\n|t:|1699786334\n|-end|p2a: Iron Treads|Quark Drive|[silent]\n|switch|p2a: Weavile|Weavile, M|100\/100\n|move|p1a: Gliscor|Crabhammer|p2a: Weavile|[miss]\n|-miss|p1a: Gliscor|p2a: Weavile\n|\n|-heal|p1a: Gliscor|58\/100 tox|[from] ability: Poison Heal\n|-damage|p1a: Gliscor|46\/100 tox|[from] Salt Cure\n|upkeep\n|turn|8\n|\n|t:|1699786366\n|switch|p1a: Gallade|Gallade, M, shiny|100\/100\n|move|p2a: Weavile|Triple Axel|p1a: Gallade|[miss]\n|-miss|p2a: Weavile|p1a: Gallade\n|\n|upkeep\n|turn|9\n|\n|t:|1699786389\n|switch|p2a: Sinistcha|Sinistcha|100\/100\n|detailschange|p1a: Gallade|Gallade-Mega, M, shiny\n|-mega|p1a: Gallade|Gallade|Galladite\n|move|p1a: Gallade|Bulk Up|p1a: Gallade\n|-boost|p1a: Gallade|atk|1\n|-boost|p1a: Gallade|def|1\n|\n|upkeep\n|turn|10\n|\n|t:|1699786399\n|move|p1a: Gallade|Knock Off|p2a: Sinistcha\n|-supereffective|p2a: Sinistcha\n|-damage|p2a: Sinistcha|16\/100\n|-enditem|p2a: Sinistcha|Leftovers|[from] move: Knock Off|[of] p1a: Gallade\n|move|p2a: Sinistcha|Strength Sap|p1a: Gallade\n|-unboost|p1a: Gallade|atk|1\n|-heal|p2a: Sinistcha|100\/100\n|\n|upkeep\n|turn|11\n|\n|t:|1699786420\n|switch|p1a: Greninja|Greninja, M|100\/100\n|move|p2a: Sinistcha|Calm Mind|p2a: Sinistcha\n|-boost|p2a: Sinistcha|spa|1\n|-boost|p2a: Sinistcha|spd|1\n|\n|upkeep\n|turn|12\n|\n|t:|1699786432\n|move|p1a: Greninja|Dark Pulse|p2a: Sinistcha\n|-supereffective|p2a: Sinistcha\n|-damage|p2a: Sinistcha|55\/100\n|move|p2a: Sinistcha|Strength Sap|p1a: Greninja\n|-unboost|p1a: Greninja|atk|1\n|-heal|p2a: Sinistcha|100\/100\n|\n|upkeep\n|turn|13\n|\n|t:|1699786439\n|move|p1a: Greninja|Dark Pulse|p2a: Sinistcha\n|-supereffective|p2a: Sinistcha\n|-damage|p2a: Sinistcha|53\/100\n|move|p2a: Sinistcha|Calm Mind|p2a: Sinistcha\n|-boost|p2a: Sinistcha|spa|1\n|-boost|p2a: Sinistcha|spd|1\n|\n|upkeep\n|turn|14\n|\n|t:|1699786444\n|move|p1a: Greninja|Dark Pulse|p2a: Sinistcha\n|-supereffective|p2a: Sinistcha\n|-damage|p2a: Sinistcha|13\/100\n|move|p2a: Sinistcha|Matcha Gotcha|p1a: Greninja\n|-supereffective|p1a: Greninja\n|-enditem|p1a: Greninja|Focus Sash\n|-damage|p1a: Greninja|1\/100\n|-heal|p2a: Sinistcha|54\/100|[from] drain|[of] p1a: Greninja\n|\n|upkeep\n|turn|15\n|\n|t:|1699786459\n|move|p1a: Greninja|Ice Beam|p2a: Sinistcha\n|-supereffective|p2a: Sinistcha\n|-damage|p2a: Sinistcha|25\/100\n|move|p2a: Sinistcha|Strength Sap|p1a: Greninja\n|-unboost|p1a: Greninja|atk|1\n|-heal|p2a: Sinistcha|64\/100\n|\n|upkeep\n|turn|16\n|\n|t:|1699786491\n|switch|p2a: Lopunny|Lopunny, F|100\/100\n|move|p1a: Greninja|Dark Pulse|p2a: Lopunny\n|-damage|p2a: Lopunny|56\/100\n|\n|upkeep\n|turn|17\n|\n|t:|1699786503\n|switch|p1a: Ferrothorn|Ferrothorn, F|100\/100\n|detailschange|p2a: Lopunny|Lopunny-Mega, F\n|-mega|p2a: Lopunny|Lopunny|Lopunnite\n|move|p2a: Lopunny|Fake Out|p1a: Ferrothorn\n|-resisted|p1a: Ferrothorn\n|-damage|p1a: Ferrothorn|94\/100\n|-damage|p2a: Lopunny|44\/100|[from] ability: Iron Barbs|[of] p1a: Ferrothorn\n|-damage|p2a: Lopunny|27\/100|[from] item: Rocky Helmet|[of] p1a: Ferrothorn\n|\n|upkeep\n|turn|18\n|\n|t:|1699786509\n|switch|p1a: Greninja|Greninja, M|1\/100\n|move|p2a: Lopunny|Close Combat|p1a: Greninja\n|-supereffective|p1a: Greninja\n|-damage|p1a: Greninja|0 fnt\n|-unboost|p2a: Lopunny|def|1\n|-unboost|p2a: Lopunny|spd|1\n|faint|p1a: Greninja\n|\n|upkeep\n|\n|t:|1699786514\n|switch|p1a: Sneasler|Sneasler, F|100\/100\n|turn|19\n|\n|t:|1699786530\n|move|p1a: Sneasler|Fake Out|p2a: Lopunny\n|-damage|p2a: Lopunny|0 fnt\n|faint|p2a: Lopunny\n|\n|upkeep\n|\n|t:|1699786537\n|switch|p2a: Sinistcha|Sinistcha|64\/100\n|turn|20\n|inactive|Battle timer is ON: inactive players will automatically lose when time's up. (requested by Powerbo)\n|inactive|AyTeeGee has 120 seconds left.\n|\n|t:|1699786610\n|-terastallize|p2a: Sinistcha|Poison\n|move|p1a: Sneasler|Dire Claw|p2a: Sinistcha\n|-resisted|p2a: Sinistcha\n|-damage|p2a: Sinistcha|50\/100\n|move|p2a: Sinistcha|Strength Sap|p1a: Sneasler\n|-unboost|p1a: Sneasler|atk|1\n|-heal|p2a: Sinistcha|100\/100\n|\n|upkeep\n|turn|21\n|\n|t:|1699786624\n|switch|p1a: Gliscor|Gliscor, M|46\/100 tox\n|move|p2a: Sinistcha|Calm Mind|p2a: Sinistcha\n|-boost|p2a: Sinistcha|spa|1\n|-boost|p2a: Sinistcha|spd|1\n|\n|-heal|p1a: Gliscor|58\/100 tox|[from] ability: Poison Heal\n|upkeep\n|turn|22\n|\n|t:|1699786636\n|move|p1a: Gliscor|Earthquake|p2a: Sinistcha\n|-supereffective|p2a: Sinistcha\n|-damage|p2a: Sinistcha|42\/100\n|move|p2a: Sinistcha|Strength Sap|p1a: Gliscor\n|-unboost|p1a: Gliscor|atk|1\n|-heal|p2a: Sinistcha|100\/100\n|\n|-heal|p1a: Gliscor|70\/100 tox|[from] ability: Poison Heal\n|upkeep\n|turn|23\n|\n|t:|1699786660\n|switch|p1a: Ferrothorn|Ferrothorn, F|94\/100\n|move|p2a: Sinistcha|Calm Mind|p2a: Sinistcha\n|-boost|p2a: Sinistcha|spa|1\n|-boost|p2a: Sinistcha|spd|1\n|\n|upkeep\n|turn|24\n|\n|t:|1699786681\n|move|p2a: Sinistcha|Shadow Ball|p1a: Ferrothorn\n|-damage|p1a: Ferrothorn|51\/100\n|-unboost|p1a: Ferrothorn|spd|1\n|move|p1a: Ferrothorn|Leech Seed|p2a: Sinistcha|[miss]\n|-miss|p1a: Ferrothorn|p2a: Sinistcha\n|\n|upkeep\n|turn|25\n|\n|t:|1699786697\n|move|p2a: Sinistcha|Shadow Ball|p1a: Ferrothorn\n|-damage|p1a: Ferrothorn|0 fnt\n|faint|p1a: Ferrothorn\n|\n|upkeep\n|inactive|AyTeeGee has 120 seconds left.\n|\n|t:|1699786722\n|switch|p1a: Sneasler|Sneasler, F|100\/100\n|turn|26\n|\n|t:|1699786733\n|move|p1a: Sneasler|Fake Out|p2a: Sinistcha\n|-damage|p2a: Sinistcha|89\/100\n|cant|p2a: Sinistcha|flinch\n|\n|upkeep\n|turn|27\n|\n|t:|1699786737\n|move|p1a: Sneasler|U-turn|p2a: Sinistcha\n|-resisted|p2a: Sinistcha\n|-damage|p2a: Sinistcha|80\/100\n|\n|t:|1699786742\n|switch|p1a: Hatterene|Hatterene, F|81\/100|[from] U-turn\n|move|p2a: Sinistcha|Strength Sap|p1a: Hatterene\n|move|p1a: Hatterene|Strength Sap|p2a: Sinistcha|[from]ability: Magic Bounce\n|-unboost|p2a: Sinistcha|atk|1\n|-heal|p1a: Hatterene|100\/100\n|\n|upkeep\n|turn|28\n|\n|t:|1699786764\n|switch|p1a: Gallade|Gallade-Mega, M, shiny|100\/100\n|move|p2a: Sinistcha|Shadow Ball|p1a: Gallade\n|-supereffective|p1a: Gallade\n|-damage|p1a: Gallade|0 fnt\n|faint|p1a: Gallade\n|\n|upkeep\n|\n|t:|1699786772\n|switch|p1a: Gliscor|Gliscor, M|70\/100 tox\n|turn|29\n|\n|t:|1699786776\n|move|p1a: Gliscor|Earthquake|p2a: Sinistcha\n|-supereffective|p2a: Sinistcha\n|-damage|p2a: Sinistcha|11\/100\n|move|p2a: Sinistcha|Shadow Ball|p1a: Gliscor\n|-damage|p1a: Gliscor|0 fnt\n|faint|p1a: Gliscor\n|\n|upkeep\n|\n|t:|1699786782\n|switch|p1a: Sneasler|Sneasler, F|100\/100\n|turn|30\n|\n|t:|1699786805\n|switch|p2a: Iron Treads|Iron Treads|70\/100\n|move|p1a: Sneasler|Fake Out|p2a: Iron Treads\n|-resisted|p2a: Iron Treads\n|-damage|p2a: Iron Treads|65\/100\n|\n|upkeep\n|turn|31\n|\n|t:|1699786809\n|move|p1a: Sneasler|Close Combat|p2a: Iron Treads\n|-supereffective|p2a: Iron Treads\n|-damage|p2a: Iron Treads|0 fnt\n|-unboost|p1a: Sneasler|def|1\n|-unboost|p1a: Sneasler|spd|1\n|faint|p2a: Iron Treads\n|-end|p2a: Iron Treads|Quark Drive|[silent]\n|\n|upkeep\n|\n|t:|1699786814\n|switch|p2a: Tornadus|Tornadus-Therian, M|100\/100 par\n|turn|32\n|\n|t:|1699786824\n|move|p1a: Sneasler|Dire Claw|p2a: Tornadus\n|-damage|p2a: Tornadus|57\/100 par\n|move|p2a: Tornadus|Bleakwind Storm|p1a: Sneasler|[miss]\n|-miss|p2a: Tornadus|p1a: Sneasler\n|\n|upkeep\n|turn|33\n|\n|t:|1699786829\n|move|p1a: Sneasler|U-turn|p2a: Tornadus\n|-resisted|p2a: Tornadus\n|-damage|p2a: Tornadus|43\/100 par\n|\n|t:|1699786833\n|switch|p1a: Hatterene|Hatterene, F|100\/100|[from] U-turn\n|cant|p2a: Tornadus|par\n|\n|upkeep\n|turn|34\n|\n|t:|1699786839\n|cant|p2a: Tornadus|par\n|move|p1a: Hatterene|Draining Kiss|p2a: Tornadus\n|-damage|p2a: Tornadus|28\/100 par\n|\n|upkeep\n|turn|35\n|\n|t:|1699786845\n|move|p2a: Tornadus|Bleakwind Storm|p1a: Hatterene\n|-damage|p1a: Hatterene|67\/100\n|-unboost|p1a: Hatterene|spe|1\n|move|p1a: Hatterene|Mystical Fire|p2a: Tornadus\n|-damage|p2a: Tornadus|12\/100 par\n|-unboost|p2a: Tornadus|spa|1\n|\n|upkeep\n|turn|36\n|inactive|AyTeeGee has 120 seconds left.\n|\n|t:|1699786882\n|move|p2a: Tornadus|Knock Off|p1a: Hatterene\n|-damage|p1a: Hatterene|54\/100\n|move|p1a: Hatterene|Draining Kiss|p2a: Tornadus\n|-damage|p2a: Tornadus|0 fnt\n|-heal|p1a: Hatterene|64\/100|[from] drain|[of] p2a: Tornadus\n|faint|p2a: Tornadus\n|\n|upkeep\n|\n|t:|1699786888\n|switch|p2a: Garganacl|Garganacl, M|98\/100\n|turn|37\n|inactive|AyTeeGee has 120 seconds left.\n|\n|t:|1699786903\n|move|p2a: Garganacl|Salt Cure|p1a: Hatterene\n|-damage|p1a: Hatterene|49\/100\n|-start|p1a: Hatterene|Salt Cure\n|move|p1a: Hatterene|Draining Kiss|p2a: Garganacl\n|-damage|p2a: Garganacl|83\/100\n|-heal|p1a: Hatterene|63\/100|[from] drain|[of] p2a: Garganacl\n|\n|-heal|p2a: Garganacl|89\/100|[from] item: Leftovers\n|-damage|p1a: Hatterene|51\/100|[from] Salt Cure\n|upkeep\n|turn|38\n|\n|t:|1699786911\n|move|p2a: Garganacl|Iron Defense|p2a: Garganacl\n|-boost|p2a: Garganacl|def|2\n|move|p1a: Hatterene|Draining Kiss|p2a: Garganacl\n|-damage|p2a: Garganacl|75\/100\n|-heal|p1a: Hatterene|64\/100|[from] drain|[of] p2a: Garganacl\n|\n|-heal|p2a: Garganacl|82\/100|[from] item: Leftovers\n|-damage|p1a: Hatterene|51\/100|[from] Salt Cure\n|upkeep\n|turn|39\n|\n|t:|1699786915\n|move|p2a: Garganacl|Iron Defense|p2a: Garganacl\n|-boost|p2a: Garganacl|def|2\n|move|p1a: Hatterene|Mystical Fire|p2a: Garganacl\n|-resisted|p2a: Garganacl\n|-damage|p2a: Garganacl|74\/100\n|-unboost|p2a: Garganacl|spa|1\n|\n|-heal|p2a: Garganacl|80\/100|[from] item: Leftovers\n|-damage|p1a: Hatterene|39\/100|[from] Salt Cure\n|upkeep\n|turn|40\n|\n|t:|1699786924\n|move|p2a: Garganacl|Body Press|p1a: Hatterene\n|-resisted|p1a: Hatterene\n|-damage|p1a: Hatterene|23\/100\n|move|p1a: Hatterene|Mystical Fire|p2a: Garganacl\n|-resisted|p2a: Garganacl\n|-damage|p2a: Garganacl|73\/100\n|-unboost|p2a: Garganacl|spa|1\n|\n|-heal|p2a: Garganacl|79\/100|[from] item: Leftovers\n|-damage|p1a: Hatterene|10\/100|[from] Salt Cure\n|upkeep\n|turn|41\n|\n|t:|1699786936\n|move|p2a: Garganacl|Iron Defense|p2a: Garganacl\n|-boost|p2a: Garganacl|def|2\n|move|p1a: Hatterene|Thunder Wave|p2a: Garganacl\n|-immune|p2a: Garganacl|[from] ability: Purifying Salt\n|\n|-heal|p2a: Garganacl|85\/100|[from] item: Leftovers\n|-damage|p1a: Hatterene|0 fnt|[from] Salt Cure\n|faint|p1a: Hatterene\n|upkeep\n|\n|t:|1699786943\n|switch|p1a: Sneasler|Sneasler, F|100\/100\n|turn|42\n|\n|t:|1699786947\n|move|p1a: Sneasler|Fake Out|p2a: Garganacl\n|-resisted|p2a: Garganacl\n|-damage|p2a: Garganacl|84\/100\n|cant|p2a: Garganacl|flinch\n|\n|-heal|p2a: Garganacl|90\/100|[from] item: Leftovers\n|upkeep\n|turn|43\n|\n|t:|1699786954\n|move|p1a: Sneasler|Dire Claw|p2a: Garganacl\n|-resisted|p2a: Garganacl\n|-damage|p2a: Garganacl|86\/100\n|move|p2a: Garganacl|Body Press|p1a: Sneasler\n|-resisted|p1a: Sneasler\n|-damage|p1a: Sneasler|16\/100\n|\n|-heal|p2a: Garganacl|93\/100|[from] item: Leftovers\n|upkeep\n|turn|44\n|\n|t:|1699786961\n|-terastallize|p1a: Sneasler|Fighting\n|move|p1a: Sneasler|Close Combat|p2a: Garganacl\n|-supereffective|p2a: Garganacl\n|-crit|p2a: Garganacl\n|-damage|p2a: Garganacl|0 fnt\n|-unboost|p1a: Sneasler|def|1\n|-unboost|p1a: Sneasler|spd|1\n|faint|p2a: Garganacl\n|\n|upkeep\n|\n|t:|1699786968\n|switch|p2a: Weavile|Weavile, M|100\/100\n|turn|45\n|\n|t:|1699786977\n|move|p2a: Weavile|Ice Shard|p1a: Sneasler\n|-damage|p1a: Sneasler|0 fnt\n|faint|p1a: Sneasler\n|\n|win|Powerbo\n|raw|AyTeeGee's rating: 1192 &rarr; <strong>1174<\/strong><br \/>(-18 for losing)\n|raw|Powerbo's rating: 1289 &rarr; <strong>1307<\/strong><br \/>(+18 for winning)\n|l|\u2606AyTeeGee\n|c|\u2606Powerbo|Gg\n","uploadtime":1699786985,"views":4,"p1id":"ayteegee","p2id":"powerbo","formatid":"gen9nationaldex","rating":1174,"private":0,"password":""}