{"id":"gen9nationaldex-1990146639","p1":"MAS0CHIST","p2":"ALostSoul123","format":"[Gen 9] National Dex","log":"|j|\u2606MAS0CHIST\n|j|\u2606ALostSoul123\n|t:|1699929648\n|gametype|singles\n|player|p1|MAS0CHIST|cynthia-gen4|1214\n|player|p2|ALostSoul123|iris-gen5bw2|1177\n|teamsize|p1|6\n|teamsize|p2|6\n|gen|9\n|tier|[Gen 9] National Dex\n|rated|\n|rule|HP Percentage Mod: HP is shown in percentages\n|rule|Endless Battle Clause: Forcing endless battles is banned\n|rule|OHKO Clause: OHKO moves are banned\n|rule|Evasion Clause: Evasion abilities, items, and moves are banned\n|rule|Evasion Abilities Clause: Evasion abilities are banned\n|rule|Evasion Items Clause: Evasion items are banned\n|rule|Evasion Moves Clause: Evasion moves are banned\n|rule|Species Clause: Limit one of each Pok\u00e9mon\n|rule|Sleep Clause Mod: Limit one foe put to sleep\n|clearpoke\n|poke|p1|Tangrowth, M|\n|poke|p1|Toxapex, M|\n|poke|p1|Cyclizar, M|\n|poke|p1|Slowking, F|\n|poke|p1|Sableye, M|\n|poke|p1|Deoxys-Defense|\n|poke|p2|Flareon, M|\n|poke|p2|Hatterene, F|\n|poke|p2|Beedrill, F|\n|poke|p2|Swellow, M|\n|poke|p2|Dragonite, F|\n|poke|p2|Blaziken, F|\n|teampreview\n|\n|t:|1699929653\n|start\n|switch|p1a: Deoxys|Deoxys-Defense|100\/100\n|switch|p2a: Beedrill|Beedrill, F|100\/100\n|-ability|p1a: Deoxys|Pressure\n|turn|1\n|\n|t:|1699929660\n|detailschange|p2a: Beedrill|Beedrill-Mega, F\n|-mega|p2a: Beedrill|Beedrill|Beedrillite\n|move|p2a: Beedrill|U-turn|p1a: Deoxys\n|-supereffective|p1a: Deoxys\n|-damage|p1a: Deoxys|7\/100\n|inactive|Battle timer is ON: inactive players will automatically lose when time's up. (requested by MAS0CHIST)\n|\n|t:|1699929668\n|switch|p2a: Dragonite|Dragonite, F|100\/100|[from] U-turn\n|move|p1a: Deoxys|Reflect|p1a: Deoxys\n|-sidestart|p1: MAS0CHIST|Reflect\n|\n|-heal|p1a: Deoxys|13\/100|[from] item: Leftovers\n|upkeep\n|turn|2\n|\n|t:|1699929678\n|switch|p2a: Blaziken|Blaziken, F|100\/100\n|move|p1a: Deoxys|Mud-Slap|p2a: Blaziken\n|-supereffective|p2a: Blaziken\n|-damage|p2a: Blaziken|89\/100\n|-unboost|p2a: Blaziken|accuracy|1\n|\n|-heal|p1a: Deoxys|20\/100|[from] item: Leftovers\n|upkeep\n|turn|3\n|\n|t:|1699929685\n|switch|p1a: Toxapex|Toxapex, M|100\/100\n|move|p2a: Blaziken|Focus Energy|p2a: Blaziken\n|-start|p2a: Blaziken|move: Focus Energy\n|\n|-ability|p2a: Blaziken|Speed Boost|boost\n|-boost|p2a: Blaziken|spe|1\n|upkeep\n|turn|4\n|\n|t:|1699929692\n|move|p2a: Blaziken|Close Combat|p1a: Toxapex\n|-resisted|p1a: Toxapex\n|-crit|p1a: Toxapex\n|-damage|p1a: Toxapex|68\/100\n|-unboost|p2a: Blaziken|def|1\n|-unboost|p2a: Blaziken|spd|1\n|move|p1a: Toxapex|Scald|p2a: Blaziken\n|-supereffective|p2a: Blaziken\n|-damage|p2a: Blaziken|17\/100\n|\n|-heal|p1a: Toxapex|74\/100|[from] item: Black Sludge\n|-ability|p2a: Blaziken|Speed Boost|boost\n|-boost|p2a: Blaziken|spe|1\n|upkeep\n|turn|5\n|\n|t:|1699929697\n|move|p1a: Toxapex|Baneful Bunker|p1a: Toxapex\n|-singleturn|p1a: Toxapex|move: Protect\n|move|p2a: Blaziken|Close Combat|p1a: Toxapex\n|-activate|p1a: Toxapex|move: Protect\n|-status|p2a: Blaziken|psn\n|\n|-heal|p1a: Toxapex|80\/100|[from] item: Black Sludge\n|-damage|p2a: Blaziken|4\/100 psn|[from] psn\n|-sideend|p1: MAS0CHIST|Reflect\n|-ability|p2a: Blaziken|Speed Boost|boost\n|-boost|p2a: Blaziken|spe|1\n|upkeep\n|turn|6\n|\n|t:|1699929706\n|switch|p1a: Sableye|Sableye, M, shiny|100\/100\n|move|p2a: Blaziken|Close Combat|p1a: Sableye\n|-immune|p1a: Sableye\n|\n|-damage|p2a: Blaziken|0 fnt|[from] psn\n|faint|p2a: Blaziken\n|upkeep\n|\n|t:|1699929720\n|switch|p2a: Hatterene|Hatterene, F|100\/100\n|turn|7\n|\n|t:|1699929730\n|switch|p1a: Toxapex|Toxapex, M|100\/100\n|move|p2a: Hatterene|Calm Mind|p2a: Hatterene\n|-boost|p2a: Hatterene|spa|1\n|-boost|p2a: Hatterene|spd|1\n|\n|upkeep\n|turn|8\n|\n|t:|1699929739\n|switch|p2a: Flareon|Flareon, M|100\/100\n|move|p1a: Toxapex|Haze|p1a: Toxapex\n|-clearallboost\n|\n|upkeep\n|turn|9\n|\n|t:|1699929748\n|move|p2a: Flareon|Flame Charge|p1a: Toxapex\n|-resisted|p1a: Toxapex\n|-damage|p1a: Toxapex|90\/100\n|-boost|p2a: Flareon|spe|1\n|move|p1a: Toxapex|Scald|p2a: Flareon\n|-supereffective|p2a: Flareon\n|-damage|p2a: Flareon|58\/100\n|\n|-heal|p1a: Toxapex|96\/100|[from] item: Black Sludge\n|upkeep\n|turn|10\n|\n|t:|1699929760\n|-terastallize|p2a: Flareon|Normal\n|move|p2a: Flareon|Flame Charge|p1a: Toxapex\n|-resisted|p1a: Toxapex\n|-damage|p1a: Toxapex|86\/100\n|-boost|p2a: Flareon|spe|1\n|move|p1a: Toxapex|Scald|p2a: Flareon\n|-damage|p2a: Flareon|39\/100\n|\n|-heal|p1a: Toxapex|92\/100|[from] item: Black Sludge\n|-status|p2a: Flareon|brn|[from] item: Flame Orb\n|upkeep\n|turn|11\n|\n|t:|1699929770\n|move|p1a: Toxapex|Baneful Bunker|p1a: Toxapex\n|-singleturn|p1a: Toxapex|move: Protect\n|move|p2a: Flareon|Facade|p1a: Toxapex\n|-activate|p1a: Toxapex|move: Protect\n|\n|-heal|p1a: Toxapex|98\/100|[from] item: Black Sludge\n|-damage|p2a: Flareon|33\/100 brn|[from] brn\n|upkeep\n|turn|12\n|\n|t:|1699929780\n|switch|p1a: Sableye|Sableye, M, shiny|100\/100\n|move|p2a: Flareon|Facade|p1a: Sableye\n|-immune|p1a: Sableye\n|\n|-damage|p2a: Flareon|27\/100 brn|[from] brn\n|upkeep\n|turn|13\n|\n|t:|1699929789\n|switch|p1a: Toxapex|Toxapex, M|100\/100\n|move|p2a: Flareon|Flare Blitz|p1a: Toxapex\n|-resisted|p1a: Toxapex\n|-damage|p1a: Toxapex|62\/100\n|-damage|p2a: Flareon|13\/100 brn|[from] Recoil\n|\n|-heal|p1a: Toxapex|68\/100|[from] item: Black Sludge\n|-damage|p2a: Flareon|7\/100 brn|[from] brn\n|upkeep\n|turn|14\n|\n|t:|1699929798\n|move|p1a: Toxapex|Baneful Bunker|p1a: Toxapex\n|-singleturn|p1a: Toxapex|move: Protect\n|move|p2a: Flareon|Flare Blitz|p1a: Toxapex\n|-activate|p1a: Toxapex|move: Protect\n|\n|-heal|p1a: Toxapex|74\/100|[from] item: Black Sludge\n|-damage|p2a: Flareon|1\/100 brn|[from] brn\n|upkeep\n|turn|15\n|\n|t:|1699929811\n|move|p1a: Toxapex|Baneful Bunker||[still]\n|-fail|p1a: Toxapex\n|move|p2a: Flareon|Facade|p1a: Toxapex\n|-damage|p1a: Toxapex|0 fnt\n|faint|p1a: Toxapex\n|\n|-damage|p2a: Flareon|0 fnt|[from] brn\n|faint|p2a: Flareon\n|upkeep\n|\n|t:|1699929822\n|switch|p2a: Dragonite|Dragonite, F|100\/100\n|switch|p1a: Sableye|Sableye, M, shiny|100\/100\n|turn|16\n|\n|t:|1699929832\n|switch|p2a: Hatterene|Hatterene, F|100\/100\n|move|p1a: Sableye|Will-O-Wisp|p2a: Hatterene\n|move|p2a: Hatterene|Will-O-Wisp|p1a: Sableye|[from]ability: Magic Bounce\n|-status|p1a: Sableye|brn\n|\n|-damage|p1a: Sableye|95\/100 brn|[from] brn\n|upkeep\n|turn|17\n|\n|t:|1699929838\n|move|p1a: Sableye|Foul Play|p2a: Hatterene\n|-damage|p2a: Hatterene|88\/100\n|move|p2a: Hatterene|Draining Kiss|p1a: Sableye\n|-supereffective|p1a: Sableye\n|-damage|p1a: Sableye|29\/100 brn\n|-heal|p2a: Hatterene|100\/100|[from] drain|[of] p1a: Sableye\n|\n|-damage|p1a: Sableye|23\/100 brn|[from] brn\n|upkeep\n|turn|18\n|\n|t:|1699929843\n|switch|p1a: Slowking|Slowking, F|100\/100\n|move|p2a: Hatterene|Calm Mind|p2a: Hatterene\n|-boost|p2a: Hatterene|spa|1\n|-boost|p2a: Hatterene|spd|1\n|\n|upkeep\n|turn|19\n|\n|t:|1699929851\n|move|p1a: Slowking|Scald|p2a: Hatterene\n|-damage|p2a: Hatterene|82\/100\n|move|p2a: Hatterene|Mystical Fire|p1a: Slowking\n|-resisted|p1a: Slowking\n|-damage|p1a: Slowking|87\/100\n|-unboost|p1a: Slowking|spa|1\n|\n|-heal|p2a: Hatterene|88\/100|[from] item: Leftovers\n|upkeep\n|turn|20\n|\n|t:|1699929854\n|move|p1a: Slowking|Scald|p2a: Hatterene\n|-damage|p2a: Hatterene|76\/100\n|move|p2a: Hatterene|Draining Kiss|p1a: Slowking\n|-damage|p1a: Slowking|61\/100\n|-heal|p2a: Hatterene|99\/100|[from] drain|[of] p1a: Slowking\n|\n|-heal|p2a: Hatterene|100\/100|[from] item: Leftovers\n|upkeep\n|turn|21\n|\n|t:|1699929857\n|move|p1a: Slowking|Scald|p2a: Hatterene\n|-damage|p2a: Hatterene|88\/100\n|-status|p2a: Hatterene|brn\n|move|p2a: Hatterene|Draining Kiss|p1a: Slowking\n|-damage|p1a: Slowking|33\/100\n|-heal|p2a: Hatterene|100\/100 brn|[from] drain|[of] p1a: Slowking\n|\n|-damage|p2a: Hatterene|95\/100 brn|[from] brn\n|upkeep\n|turn|22\n|\n|t:|1699929861\n|move|p1a: Slowking|Scald|p2a: Hatterene\n|-damage|p2a: Hatterene|81\/100 brn\n|move|p2a: Hatterene|Calm Mind|p2a: Hatterene\n|-boost|p2a: Hatterene|spa|1\n|-boost|p2a: Hatterene|spd|1\n|\n|-heal|p2a: Hatterene|87\/100 brn|[from] item: Leftovers\n|-damage|p2a: Hatterene|81\/100 brn|[from] brn\n|upkeep\n|turn|23\n|\n|t:|1699929864\n|move|p1a: Slowking|Scald|p2a: Hatterene\n|-damage|p2a: Hatterene|72\/100 brn\n|move|p2a: Hatterene|Calm Mind|p2a: Hatterene\n|-boost|p2a: Hatterene|spa|1\n|-boost|p2a: Hatterene|spd|1\n|\n|-heal|p2a: Hatterene|78\/100 brn|[from] item: Leftovers\n|-damage|p2a: Hatterene|72\/100 brn|[from] brn\n|upkeep\n|turn|24\n|\n|t:|1699929867\n|move|p1a: Slowking|Scald|p2a: Hatterene\n|-damage|p2a: Hatterene|63\/100 brn\n|move|p2a: Hatterene|Draining Kiss|p1a: Slowking\n|-damage|p1a: Slowking|0 fnt\n|-heal|p2a: Hatterene|93\/100 brn|[from] drain|[of] p1a: Slowking\n|faint|p1a: Slowking\n|\n|-heal|p2a: Hatterene|99\/100 brn|[from] item: Leftovers\n|-damage|p2a: Hatterene|93\/100 brn|[from] brn\n|upkeep\n|-message|MAS0CHIST forfeited.\n|\n|win|ALostSoul123\n|raw|MAS0CHIST's rating: 1214 &rarr; <strong>1186<\/strong><br \/>(-28 for losing)\n|raw|ALostSoul123's rating: 1177 &rarr; <strong>1205<\/strong><br \/>(+28 for winning)\n|l|\u2606MAS0CHIST\n","uploadtime":1699929885,"views":10,"p1id":"mas0chist","p2id":"alostsoul123","formatid":"gen9nationaldex","rating":1186,"private":0,"password":""}