{"id":"gen9nationaldex-1989953612","p1":"Munaru","p2":"Celmestra","format":"[Gen 9] National Dex","log":"|j|\u2606Munaru\n|j|\u2606Celmestra\n|t:|1699909760\n|gametype|singles\n|player|p1|Munaru|lady-gen4|\n|player|p2|Celmestra|clown|\n|teamsize|p1|6\n|teamsize|p2|6\n|gen|9\n|tier|[Gen 9] National Dex\n|rule|HP Percentage Mod: HP is shown in percentages\n|rule|Endless Battle Clause: Forcing endless battles is banned\n|rule|OHKO Clause: OHKO moves are banned\n|rule|Evasion Clause: Evasion abilities, items, and moves are banned\n|rule|Evasion Abilities Clause: Evasion abilities are banned\n|rule|Evasion Items Clause: Evasion items are banned\n|rule|Evasion Moves Clause: Evasion moves are banned\n|rule|Species Clause: Limit one of each Pok\u00e9mon\n|rule|Sleep Clause Mod: Limit one foe put to sleep\n|clearpoke\n|poke|p1|Chansey, F|\n|poke|p1|Zoroark-Hisui, M|\n|poke|p1|Hoopa-Unbound|\n|poke|p1|Mew|\n|poke|p1|Hatterene, F|\n|poke|p1|Ditto|\n|poke|p2|Toxapex, M|\n|poke|p2|Slowking-Galar, M|\n|poke|p2|Crobat, M|\n|poke|p2|Muk-Alola, F|\n|poke|p2|Weezing-Galar, F|\n|poke|p2|Gengar, F|\n|teampreview\n|c|\u2606Celmestra|wrong team, oh well xd\n|\n|t:|1699909797\n|start\n|switch|p1a: Mew|Mew, shiny|100\/100\n|switch|p2a: Gengar|Gengar, F|100\/100\n|turn|1\n|\n|t:|1699909802\n|move|p2a: Gengar|Shadow Ball|p1a: Mew\n|-supereffective|p1a: Mew\n|-damage|p1a: Mew|38\/100\n|-unboost|p1a: Mew|spd|1\n|-enditem|p1a: Mew|Red Card|[of] p2a: Gengar\n|drag|p2a: Crobat|Crobat, M|100\/100\n|move|p1a: Mew|Toxic Spikes|p2a: Crobat\n|-sidestart|p2: Celmestra|move: Toxic Spikes\n|\n|upkeep\n|turn|2\n|c|\u2606Munaru|i really clicked tspikes on a posion team huh\n|c|\u2606Celmestra|yes\n|\n|t:|1699909835\n|move|p2a: Crobat|Brave Bird|p1a: Mew\n|-damage|p1a: Mew|13\/100\n|-damage|p2a: Crobat|92\/100|[from] Recoil\n|move|p1a: Mew|Roost|p1a: Mew\n|-heal|p1a: Mew|63\/100\n|-singleturn|p1a: Mew|move: Roost\n|\n|upkeep\n|turn|3\n|\n|t:|1699909842\n|switch|p2a: Gengar|Gengar, F|100\/100\n|-sideend|p2: Celmestra|move: Toxic Spikes|[of] p2a: Gengar\n|move|p1a: Mew|Stealth Rock|p2a: Gengar\n|-sidestart|p2: Celmestra|move: Stealth Rock\n|\n|upkeep\n|turn|4\n|\n|t:|1699909847\n|move|p2a: Gengar|Shadow Ball|p1a: Mew\n|-supereffective|p1a: Mew\n|-damage|p1a: Mew|0 fnt\n|faint|p1a: Mew\n|\n|upkeep\n|c|\u2606Munaru|I was so close to living\n|c|\u2606Munaru|xD\n|c|\u2606Celmestra|yes\n|\n|t:|1699909871\n|switch|p1a: Chansey|Chansey, F|100\/100\n|turn|5\n|\n|t:|1699909883\n|switch|p2a: Crobat|Crobat, M|92\/100\n|move|p1a: Chansey|Shadow Ball|p2a: Crobat\n|-damage|p2a: Crobat|33\/100\n|-damage|p1a: Chansey|91\/100|[from] item: Life Orb\n|\n|upkeep\n|turn|6\n|\n|t:|1699909905\n|switch|p2a: Muk|Muk-Alola, F|100\/100\n|-damage|p2a: Muk|88\/100|[from] Stealth Rock\n|move|p1a: Chansey|Shadow Ball|p2a: Muk\n|-resisted|p2a: Muk\n|-damage|p2a: Muk|74\/100\n|-damage|p1a: Chansey|81\/100|[from] item: Life Orb\n|\n|upkeep\n|turn|7\n|\n|t:|1699909919\n|switch|p1a: Chansey|Chansey, F|100\/100\n|move|p2a: Muk|Knock Off|p1a: Chansey\n|-damage|p1a: Chansey|68\/100\n|-enditem|p1a: Chansey|Eviolite|[from] move: Knock Off|[of] p2a: Muk\n|\n|upkeep\n|turn|8\n|c|\u2606Munaru|ohno\n|\n|t:|1699909931\n|move|p1a: Chansey|Reflect|p1a: Chansey\n|-sidestart|p1: Munaru|Reflect\n|move|p2a: Muk|Poison Jab|p1a: Chansey\n|-damage|p1a: Chansey|48\/100\n|-status|p1a: Chansey|psn\n|\n|-damage|p1a: Chansey|36\/100 psn|[from] psn\n|upkeep\n|turn|9\n|\n|t:|1699909938\n|move|p1a: Chansey|Soft-Boiled|p1a: Chansey\n|-heal|p1a: Chansey|86\/100 psn\n|move|p2a: Muk|Poison Jab|p1a: Chansey\n|-damage|p1a: Chansey|67\/100 psn\n|\n|-damage|p1a: Chansey|55\/100 psn|[from] psn\n|upkeep\n|turn|10\n|\n|t:|1699909944\n|move|p1a: Chansey|Light Screen|p1a: Chansey\n|-sidestart|p1: Munaru|move: Light Screen\n|move|p2a: Muk|Knock Off|p1a: Chansey\n|-damage|p1a: Chansey|40\/100 psn\n|\n|-damage|p1a: Chansey|28\/100 psn|[from] psn\n|upkeep\n|turn|11\n|\n|t:|1699909950\n|move|p1a: Chansey|Soft-Boiled|p1a: Chansey\n|-heal|p1a: Chansey|78\/100 psn\n|move|p2a: Muk|Poison Jab|p1a: Chansey\n|-damage|p1a: Chansey|61\/100 psn\n|\n|-damage|p1a: Chansey|48\/100 psn|[from] psn\n|upkeep\n|turn|12\n|\n|t:|1699909989\n|-curestatus|p1a: Chansey|psn|[from] ability: Natural Cure\n|switch|p1a: Hoopa|Hoopa-Unbound|100\/100\n|move|p2a: Muk|Knock Off|p1a: Hoopa\n|-damage|p1a: Hoopa|60\/100\n|-enditem|p1a: Hoopa|Choice Band|[from] move: Knock Off|[of] p2a: Muk\n|\n|-sideend|p1: Munaru|Reflect\n|upkeep\n|turn|13\n|\n|t:|1699910006\n|switch|p2a: Weezing|Weezing-Galar, F|100\/100\n|-damage|p2a: Weezing|88\/100|[from] Stealth Rock\n|move|p1a: Hoopa|Drain Punch|p2a: Weezing\n|-resisted|p2a: Weezing\n|-damage|p2a: Weezing|83\/100\n|-heal|p1a: Hoopa|62\/100|[from] drain|[of] p2a: Weezing\n|-item|p1a: Hoopa|Black Sludge|[from] ability: Magician|[of] p2a: Weezing\n|\n|-damage|p1a: Hoopa|50\/100|[from] item: Black Sludge\n|upkeep\n|turn|14\n|c|\u2606Celmestra|youre welcome?\n|\n|t:|1699910021\n|move|p1a: Hoopa|Psychic|p2a: Weezing\n|-supereffective|p2a: Weezing\n|-damage|p2a: Weezing|0 fnt\n|faint|p2a: Weezing\n|\n|-damage|p1a: Hoopa|37\/100|[from] item: Black Sludge\n|-sideend|p1: Munaru|move: Light Screen\n|upkeep\n|c|\u2606Munaru|thanku\n|\n|t:|1699910039\n|switch|p2a: Gengar|Gengar, F|100\/100\n|-damage|p2a: Gengar|88\/100|[from] Stealth Rock\n|turn|15\n|\n|t:|1699910048\n|switch|p1a: Chansey|Chansey, F|48\/100\n|move|p2a: Gengar|Sludge Wave|p1a: Chansey\n|-damage|p1a: Chansey|25\/100\n|\n|upkeep\n|turn|16\n|\n|t:|1699910054\n|move|p2a: Gengar|Sludge Wave|p1a: Chansey\n|-damage|p1a: Chansey|2\/100\n|move|p1a: Chansey|Soft-Boiled|p1a: Chansey\n|-heal|p1a: Chansey|52\/100\n|\n|upkeep\n|turn|17\n|\n|t:|1699910066\n|switch|p2a: Crobat|Crobat, M|33\/100\n|move|p1a: Chansey|Soft-Boiled|p1a: Chansey\n|-heal|p1a: Chansey|100\/100\n|\n|upkeep\n|turn|18\n|\n|t:|1699910076\n|switch|p1a: Hatterene|Hatterene, F|100\/100\n|move|p2a: Crobat|Defog|p1a: Hatterene\n|move|p1a: Hatterene|Defog|p2a: Crobat|[from]ability: Magic Bounce\n|-unboost|p2a: Crobat|evasion|1\n|-sideend|p2: Celmestra|Stealth Rock|[from] move: Defog|[of] p1a: Hatterene\n|\n|upkeep\n|turn|19\n|\n|t:|1699910099\n|switch|p2a: Slowking|Slowking-Galar, M|100\/100\n|move|p1a: Hatterene|Calm Mind|p1a: Hatterene\n|-boost|p1a: Hatterene|spa|1\n|-boost|p1a: Hatterene|spd|1\n|\n|upkeep\n|turn|20\n|\n|t:|1699910105\n|move|p1a: Hatterene|Draining Kiss|p2a: Slowking\n|-resisted|p2a: Slowking\n|-crit|p2a: Slowking\n|-damage|p2a: Slowking|91\/100\n|move|p2a: Slowking|Sludge Bomb|p1a: Hatterene\n|-supereffective|p1a: Hatterene\n|-damage|p1a: Hatterene|57\/100\n|\n|-heal|p1a: Hatterene|63\/100|[from] item: Leftovers\n|upkeep\n|turn|21\n|\n|t:|1699910149\n|move|p1a: Hatterene|Draining Kiss|p2a: Slowking\n|-resisted|p2a: Slowking\n|-damage|p2a: Slowking|85\/100\n|-heal|p1a: Hatterene|69\/100|[from] drain|[of] p2a: Slowking\n|move|p2a: Slowking|Sludge Bomb|p1a: Hatterene\n|-supereffective|p1a: Hatterene\n|-damage|p1a: Hatterene|23\/100\n|\n|-heal|p1a: Hatterene|29\/100|[from] item: Leftovers\n|upkeep\n|turn|22\n|\n|t:|1699910158\n|move|p1a: Hatterene|Draining Kiss|p2a: Slowking\n|-resisted|p2a: Slowking\n|-damage|p2a: Slowking|78\/100\n|-heal|p1a: Hatterene|36\/100|[from] drain|[of] p2a: Slowking\n|move|p2a: Slowking|Sludge Bomb|p1a: Hatterene\n|-supereffective|p1a: Hatterene\n|-damage|p1a: Hatterene|0 fnt\n|faint|p1a: Hatterene\n|\n|upkeep\n|\n|t:|1699910167\n|switch|p1a: Hoopa|Hoopa-Unbound|81\/100\n|turn|23\n|\n|t:|1699910176\n|switch|p2a: Toxapex|Toxapex, M|100\/100\n|move|p1a: Hoopa|Shadow Ball|p2a: Toxapex\n|-damage|p2a: Toxapex|57\/100\n|-damage|p1a: Hoopa|71\/100|[from] item: Life Orb\n|\n|upkeep\n|turn|24\n|\n|t:|1699910187\n|move|p1a: Hoopa|Grass Knot|p2a: Toxapex\n|-damage|p2a: Toxapex|42\/100\n|-damage|p1a: Hoopa|61\/100|[from] item: Life Orb\n|-zpower|p2a: Toxapex\n|move|p2a: Toxapex|Z-Haze|p2a: Toxapex|[anim]Haze\n|-heal|p2a: Toxapex|100\/100|[zeffect]\n|-clearallboost\n|\n|upkeep\n|turn|25\n|\n|t:|1699910206\n|move|p1a: Hoopa|Shadow Ball|p2a: Toxapex\n|-crit|p2a: Toxapex\n|-damage|p2a: Toxapex|34\/100\n|-damage|p1a: Hoopa|51\/100|[from] item: Life Orb\n|move|p2a: Toxapex|Toxic|p1a: Hoopa\n|-status|p1a: Hoopa|tox\n|\n|-damage|p1a: Hoopa|45\/100 tox|[from] psn\n|upkeep\n|turn|26\n|\n|t:|1699910217\n|switch|p2a: Muk|Muk-Alola, F|74\/100\n|move|p1a: Hoopa|Shadow Ball|p2a: Muk\n|-resisted|p2a: Muk\n|-damage|p2a: Muk|60\/100\n|-damage|p1a: Hoopa|35\/100 tox|[from] item: Life Orb\n|\n|-damage|p1a: Hoopa|23\/100 tox|[from] psn\n|upkeep\n|turn|27\n|\n|t:|1699910240\n|move|p1a: Hoopa|Shadow Ball|p2a: Muk\n|-resisted|p2a: Muk\n|-damage|p2a: Muk|46\/100\n|-damage|p1a: Hoopa|13\/100 tox|[from] item: Life Orb\n|move|p2a: Muk|Pursuit|p1a: Hoopa\n|-supereffective|p1a: Hoopa\n|-damage|p1a: Hoopa|0 fnt\n|replace|p1a: Zoroark|Zoroark-Hisui, M, shiny\n|-end|p1a: Zoroark|Illusion\n|faint|p1a: Zoroark\n|\n|upkeep\n|\n|t:|1699910244\n|switch|p1a: Hoopa|Hoopa-Unbound|37\/100\n|turn|28\n|c|\u2606Celmestra|oh\n|c|\u2606Celmestra|erm\n|c|\u2606Celmestra|forgot about him\n|\n|t:|1699910256\n|switch|p2a: Toxapex|Toxapex, M|68\/100\n|move|p1a: Hoopa|Drain Punch|p2a: Toxapex\n|-resisted|p2a: Toxapex\n|-damage|p2a: Toxapex|59\/100\n|-heal|p1a: Hoopa|41\/100|[from] drain|[of] p2a: Toxapex\n|\n|-damage|p1a: Hoopa|29\/100|[from] item: Black Sludge\n|upkeep\n|turn|29\n|c|\u2606Celmestra|hows that black sludge doing ya\n|\n|t:|1699910268\n|move|p1a: Hoopa|Psychic|p2a: Toxapex\n|-supereffective|p2a: Toxapex\n|-damage|p2a: Toxapex|0 fnt\n|faint|p2a: Toxapex\n|\n|-damage|p1a: Hoopa|16\/100|[from] item: Black Sludge\n|upkeep\n|c|\u2606Celmestra|oh\n|c|\u2606Celmestra|ok\n|c|\u2606Munaru|it hurts\n|c|\u2606Munaru|xD\n|\n|t:|1699910285\n|switch|p2a: Gengar|Gengar, F|88\/100\n|turn|30\n|\n|t:|1699910299\n|switch|p1a: Ditto|Ditto|100\/100\n|-transform|p1a: Ditto|p2a: Gengar|[from] ability: Imposter\n|move|p2a: Gengar|Shadow Ball|p1a: Ditto\n|-supereffective|p1a: Ditto\n|-damage|p1a: Ditto|0 fnt\n|faint|p1a: Ditto\n|\n|upkeep\n|c|\u2606Munaru|of all the times\n|\n|t:|1699910312\n|switch|p1a: Chansey|Chansey, F|100\/100\n|turn|31\n|\n|t:|1699910326\n|switch|p2a: Slowking|Slowking-Galar, M|100\/100\n|move|p1a: Chansey|Reflect|p1a: Chansey\n|-sidestart|p1: Munaru|Reflect\n|\n|upkeep\n|turn|32\n|\n|t:|1699910336\n|move|p1a: Chansey|Light Screen|p1a: Chansey\n|-sidestart|p1: Munaru|move: Light Screen\n|move|p2a: Slowking|Sludge Bomb|p1a: Chansey\n|-damage|p1a: Chansey|93\/100\n|\n|upkeep\n|turn|33\n|\n|t:|1699910342\n|switch|p1a: Hoopa|Hoopa-Unbound|16\/100\n|move|p2a: Slowking|Sludge Bomb|p1a: Hoopa\n|-damage|p1a: Hoopa|4\/100\n|\n|-damage|p1a: Hoopa|0 fnt|[from] item: Black Sludge\n|faint|p1a: Hoopa\n|upkeep\n|\n|t:|1699910344\n|switch|p1a: Chansey|Chansey, F|93\/100\n|turn|34\n|c|\u2606Celmestra|so\n|\n|t:|1699910353\n|switch|p2a: Crobat|Crobat, M|33\/100\n|move|p1a: Chansey|Soft-Boiled|p1a: Chansey\n|-heal|p1a: Chansey|100\/100\n|\n|upkeep\n|turn|35\n|c|\u2606Munaru|i cnt attack lol\n|c|\u2606Celmestra|xd\n|\n|t:|1699910363\n|move|p2a: Crobat|Toxic|p1a: Chansey\n|-status|p1a: Chansey|tox\n|move|p1a: Chansey|Soft-Boiled||[still]\n|-fail|p1a: Chansey|heal\n|\n|-damage|p1a: Chansey|94\/100 tox|[from] psn\n|-sideend|p1: Munaru|Reflect\n|upkeep\n|turn|36\n|\n|t:|1699910373\n|move|p2a: Crobat|Roost|p2a: Crobat\n|-heal|p2a: Crobat|83\/100\n|-singleturn|p2a: Crobat|move: Roost\n|move|p1a: Chansey|Reflect|p1a: Chansey\n|-sidestart|p1: Munaru|Reflect\n|\n|-damage|p1a: Chansey|82\/100 tox|[from] psn\n|-sideend|p1: Munaru|move: Light Screen\n|upkeep\n|turn|37\n|\n|t:|1699910380\n|move|p2a: Crobat|Brave Bird|p1a: Chansey\n|-damage|p1a: Chansey|47\/100 tox\n|-damage|p2a: Crobat|61\/100|[from] Recoil\n|move|p1a: Chansey|Light Screen|p1a: Chansey\n|-sidestart|p1: Munaru|move: Light Screen\n|\n|-damage|p1a: Chansey|29\/100 tox|[from] psn\n|upkeep\n|turn|38\n|\n|t:|1699910387\n|move|p2a: Crobat|Brave Bird|p1a: Chansey\n|-damage|p1a: Chansey|0 fnt\n|faint|p1a: Chansey\n|-damage|p2a: Crobat|44\/100|[from] Recoil\n|\n|win|Celmestra\n|c|\u2606Munaru|gg\n|c|\u2606Celmestra|gg\n|l|\u2606Munaru\n|c|\u2606Celmestra|1 more\n","uploadtime":1699910399,"views":10,"p1id":"munaru","p2id":"celmestra","formatid":"gen9nationaldex","rating":0,"private":0,"password":""}