{"id":"gen9nationaldex-1989272652","p1":"Jor99fran","p2":"JesusPizzaCrusher","format":"[Gen 9] National Dex","log":"|j|\u2606Jor99fran\n|j|\u2606JesusPizzaCrusher\n|t:|1699830454\n|gametype|singles\n|player|p1|Jor99fran|ghetsis|\n|player|p2|JesusPizzaCrusher|hugh|\n|teamsize|p1|6\n|teamsize|p2|6\n|gen|9\n|tier|[Gen 9] National Dex\n|rule|HP Percentage Mod: HP is shown in percentages\n|rule|Endless Battle Clause: Forcing endless battles is banned\n|rule|OHKO Clause: OHKO moves are banned\n|rule|Evasion Clause: Evasion abilities, items, and moves are banned\n|rule|Evasion Abilities Clause: Evasion abilities are banned\n|rule|Evasion Items Clause: Evasion items are banned\n|rule|Evasion Moves Clause: Evasion moves are banned\n|rule|Species Clause: Limit one of each Pok\u00e9mon\n|rule|Sleep Clause Mod: Limit one foe put to sleep\n|clearpoke\n|poke|p1|Basculegion-F, F|\n|poke|p1|Chandelure, M|\n|poke|p1|Gengar, F|\n|poke|p1|Decidueye, M|\n|poke|p1|Palossand, M|\n|poke|p1|Skeledirge, M|\n|poke|p2|Scizor, F|\n|poke|p2|Volcarona, F|\n|poke|p2|Pinsir, F|\n|poke|p2|Lokix, F|\n|poke|p2|Galvantula, F|\n|poke|p2|Araquanid, F|\n|teampreview\n|\n|t:|1699830473\n|start\n|switch|p1a: Gengar|Gengar, F, shiny|100\/100\n|switch|p2a: Galvantula|Galvantula, F, shiny|100\/100\n|turn|1\n|\n|t:|1699830486\n|move|p1a: Gengar|Will-O-Wisp|p2a: Galvantula\n|-status|p2a: Galvantula|brn\n|move|p2a: Galvantula|Thunder Wave|p1a: Gengar\n|-status|p1a: Gengar|par\n|\n|-damage|p2a: Galvantula|94\/100 brn|[from] brn\n|upkeep\n|turn|2\n|\n|t:|1699830497\n|move|p2a: Galvantula|Sticky Web|p1a: Gengar\n|-sidestart|p1: Jor99fran|move: Sticky Web\n|move|p1a: Gengar|Toxic Spikes|p2a: Galvantula\n|-sidestart|p2: JesusPizzaCrusher|move: Toxic Spikes\n|\n|-damage|p2a: Galvantula|88\/100 brn|[from] brn\n|upkeep\n|turn|3\n|\n|t:|1699830508\n|move|p2a: Galvantula|Discharge|p1a: Gengar\n|-damage|p1a: Gengar|46\/100 par\n|cant|p1a: Gengar|par\n|\n|-heal|p1a: Gengar|53\/100 par|[from] item: Leftovers\n|-damage|p2a: Galvantula|82\/100 brn|[from] brn\n|upkeep\n|turn|4\n|\n|t:|1699830516\n|move|p2a: Galvantula|Discharge|p1a: Gengar\n|-damage|p1a: Gengar|0 fnt\n|faint|p1a: Gengar\n|\n|-damage|p2a: Galvantula|76\/100 brn|[from] brn\n|upkeep\n|\n|t:|1699830521\n|switch|p1a: Chandelure|Chandelure, M|100\/100\n|turn|5\n|\n|t:|1699830528\n|move|p2a: Galvantula|Discharge|p1a: Chandelure\n|-crit|p1a: Chandelure\n|-damage|p1a: Chandelure|24\/100\n|-status|p1a: Chandelure|par\n|cant|p1a: Chandelure|par\n|\n|-damage|p2a: Galvantula|70\/100 brn|[from] brn\n|upkeep\n|turn|6\n|c|\u2606JesusPizzaCrusher|GRANDE GALVANTULA\n|\n|t:|1699830538\n|move|p2a: Galvantula|Discharge|p1a: Chandelure\n|-damage|p1a: Chandelure|0 fnt\n|faint|p1a: Chandelure\n|\n|-damage|p2a: Galvantula|64\/100 brn|[from] brn\n|upkeep\n|\n|t:|1699830545\n|switch|p1a: Palossand|Palossand, M|100\/100\n|-activate|p1a: Palossand|move: Sticky Web\n|-unboost|p1a: Palossand|spe|1\n|turn|7\n|\n|t:|1699830557\n|move|p2a: Galvantula|Bug Buzz|p1a: Palossand\n|-resisted|p1a: Palossand\n|-damage|p1a: Palossand|78\/100\n|move|p1a: Palossand|Stealth Rock|p2a: Galvantula\n|-sidestart|p2: JesusPizzaCrusher|move: Stealth Rock\n|\n|-damage|p2a: Galvantula|58\/100 brn|[from] brn\n|upkeep\n|turn|8\n|\n|t:|1699830567\n|move|p2a: Galvantula|Bug Buzz|p1a: Palossand\n|-resisted|p1a: Palossand\n|-damage|p1a: Palossand|55\/100\n|move|p1a: Palossand|Shadow Ball|p2a: Galvantula\n|-crit|p2a: Galvantula\n|-damage|p2a: Galvantula|0 fnt\n|faint|p2a: Galvantula\n|\n|upkeep\n|\n|t:|1699830582\n|switch|p2a: Kamen Rider|Lokix, F|100\/100\n|-status|p2a: Kamen Rider|psn\n|-damage|p2a: Kamen Rider|76\/100 psn|[from] Stealth Rock\n|turn|9\n|\n|t:|1699830590\n|move|p2a: Kamen Rider|Knock Off|p1a: Palossand\n|-supereffective|p1a: Palossand\n|-enditem|p1a: Palossand|Colbur Berry|[eat]\n|-enditem|p1a: Palossand|Colbur Berry|[weaken]\n|-damage|p1a: Palossand|20\/100\n|-damage|p2a: Kamen Rider|66\/100 psn|[from] item: Life Orb\n|move|p1a: Palossand|Earth Power|p2a: Kamen Rider\n|-resisted|p2a: Kamen Rider\n|-damage|p2a: Kamen Rider|38\/100 psn\n|\n|-damage|p2a: Kamen Rider|26\/100 psn|[from] psn\n|upkeep\n|turn|10\n|\n|t:|1699830600\n|move|p2a: Kamen Rider|Knock Off|p1a: Palossand\n|-supereffective|p1a: Palossand\n|-damage|p1a: Palossand|0 fnt\n|faint|p1a: Palossand\n|-damage|p2a: Kamen Rider|16\/100 psn|[from] item: Life Orb\n|\n|-damage|p2a: Kamen Rider|4\/100 psn|[from] psn\n|upkeep\n|\n|t:|1699830611\n|switch|p1a: Decidueye|Decidueye, M|100\/100\n|-activate|p1a: Decidueye|move: Sticky Web\n|-unboost|p1a: Decidueye|spe|1\n|turn|11\n|\n|t:|1699830620\n|move|p1a: Decidueye|Shadow Sneak|p2a: Kamen Rider\n|-resisted|p2a: Kamen Rider\n|-damage|p2a: Kamen Rider|0 fnt\n|faint|p2a: Kamen Rider\n|\n|upkeep\n|\n|t:|1699830637\n|switch|p2a: Guilotine|Pinsir, F|100\/100\n|-status|p2a: Guilotine|psn\n|-damage|p2a: Guilotine|76\/100 psn|[from] Stealth Rock\n|turn|12\n|\n|t:|1699830656\n|detailschange|p2a: Guilotine|Pinsir-Mega, F\n|-mega|p2a: Guilotine|Pinsir|Pinsirite\n|-terastallize|p1a: Decidueye|Fairy\n|move|p2a: Guilotine|Body Slam|p1a: Decidueye\n|-damage|p1a: Decidueye|14\/100\n|move|p1a: Decidueye|Poltergeist|p2a: Guilotine\n|-activate|p2a: Guilotine|move: Poltergeist|Pinsirite\n|-damage|p2a: Guilotine|0 fnt\n|faint|p2a: Guilotine\n|\n|upkeep\n|c|\u2606Jor99fran|que pensabas\n|c|\u2606JesusPizzaCrusher|nose\n|c|\u2606Jor99fran|que dejar\u00eda morir tan facil al decidueye?\n|\n|t:|1699830701\n|switch|p2a: Scizor|Scizor, F|100\/100\n|-damage|p2a: Scizor|88\/100|[from] Stealth Rock\n|turn|13\n|\n|t:|1699830717\n|move|p2a: Scizor|Bullet Punch|p1a: Decidueye\n|-supereffective|p1a: Decidueye\n|-damage|p1a: Decidueye|0 fnt\n|faint|p1a: Decidueye\n|\n|-heal|p2a: Scizor|94\/100|[from] item: Leftovers\n|upkeep\n|\n|t:|1699830724\n|switch|p1a: Skeledirge|Skeledirge, M|100\/100\n|turn|14\n|\n|t:|1699830735\n|move|p1a: Skeledirge|Torch Song|p2a: Scizor\n|-supereffective|p2a: Scizor\n|-damage|p2a: Scizor|0 fnt\n|-boost|p1a: Skeledirge|spa|1\n|faint|p2a: Scizor\n|\n|upkeep\n|\n|t:|1699830744\n|switch|p2a: Volcarona|Volcarona, F|100\/100\n|turn|15\n|\n|t:|1699830749\n|-terastallize|p2a: Volcarona|Fire\n|move|p2a: Volcarona|Quiver Dance|p2a: Volcarona\n|-boost|p2a: Volcarona|spa|1\n|-boost|p2a: Volcarona|spd|1\n|-boost|p2a: Volcarona|spe|1\n|move|p1a: Skeledirge|Torch Song|p2a: Volcarona\n|-resisted|p2a: Volcarona\n|-damage|p2a: Volcarona|82\/100\n|-boost|p1a: Skeledirge|spa|1\n|\n|upkeep\n|turn|16\n|c|\u2606JesusPizzaCrusher|OH OH\n|\n|t:|1699830767\n|move|p2a: Volcarona|Quiver Dance|p2a: Volcarona\n|-boost|p2a: Volcarona|spa|1\n|-boost|p2a: Volcarona|spd|1\n|-boost|p2a: Volcarona|spe|1\n|move|p1a: Skeledirge|Torch Song|p2a: Volcarona\n|-resisted|p2a: Volcarona\n|-damage|p2a: Volcarona|57\/100\n|-boost|p1a: Skeledirge|spa|1\n|\n|upkeep\n|turn|17\n|\n|t:|1699830779\n|move|p2a: Volcarona|Quiver Dance|p2a: Volcarona\n|-boost|p2a: Volcarona|spa|1\n|-boost|p2a: Volcarona|spd|1\n|-boost|p2a: Volcarona|spe|1\n|move|p1a: Skeledirge|Slack Off||[still]\n|-fail|p1a: Skeledirge|heal\n|\n|upkeep\n|turn|18\n|c|\u2606JesusPizzaCrusher|ESO NO ES BUENO\n|\n|t:|1699830788\n|move|p2a: Volcarona|Quiver Dance|p2a: Volcarona\n|-boost|p2a: Volcarona|spa|1\n|-boost|p2a: Volcarona|spd|1\n|-boost|p2a: Volcarona|spe|1\n|move|p1a: Skeledirge|Slack Off||[still]\n|-fail|p1a: Skeledirge|heal\n|\n|upkeep\n|turn|19\n|c|\u2606JesusPizzaCrusher|que\n|\n|t:|1699830798\n|move|p2a: Volcarona|Quiver Dance|p2a: Volcarona\n|-boost|p2a: Volcarona|spa|1\n|-boost|p2a: Volcarona|spd|1\n|-boost|p2a: Volcarona|spe|1\n|move|p1a: Skeledirge|Slack Off||[still]\n|-fail|p1a: Skeledirge|heal\n|\n|upkeep\n|turn|20\n|\n|t:|1699830812\n|move|p2a: Volcarona|Quiver Dance|p2a: Volcarona\n|-boost|p2a: Volcarona|spa|1\n|-boost|p2a: Volcarona|spd|1\n|-boost|p2a: Volcarona|spe|1\n|move|p1a: Skeledirge|Slack Off||[still]\n|-fail|p1a: Skeledirge|heal\n|\n|upkeep\n|turn|21\n|\n|t:|1699830818\n|move|p2a: Volcarona|Roost|p2a: Volcarona\n|-heal|p2a: Volcarona|100\/100\n|move|p1a: Skeledirge|Slack Off||[still]\n|-fail|p1a: Skeledirge|heal\n|\n|upkeep\n|turn|22\n|c|\u2606JesusPizzaCrusher|que haces\n|\n|t:|1699830828\n|move|p2a: Volcarona|Bug Buzz|p1a: Skeledirge\n|-resisted|p1a: Skeledirge\n|-damage|p1a: Skeledirge|92\/100\n|move|p1a: Skeledirge|Slack Off|p1a: Skeledirge\n|-heal|p1a: Skeledirge|100\/100\n|\n|upkeep\n|turn|23\n|\n|t:|1699830838\n|move|p2a: Volcarona|Fiery Dance|p1a: Skeledirge\n|-resisted|p1a: Skeledirge\n|-damage|p1a: Skeledirge|82\/100\n|move|p1a: Skeledirge|Torch Song|p2a: Volcarona\n|-resisted|p2a: Volcarona\n|-damage|p2a: Volcarona|68\/100\n|-boost|p1a: Skeledirge|spa|1\n|\n|upkeep\n|turn|24\n|c|\u2606JesusPizzaCrusher|oh.\n|c|\u2606JesusPizzaCrusher|unaware\n|\n|t:|1699830850\n|move|p2a: Volcarona|Fiery Dance|p1a: Skeledirge\n|-resisted|p1a: Skeledirge\n|-damage|p1a: Skeledirge|63\/100\n|move|p1a: Skeledirge|Torch Song|p2a: Volcarona\n|-resisted|p2a: Volcarona\n|-damage|p2a: Volcarona|27\/100\n|-boost|p1a: Skeledirge|spa|1\n|\n|upkeep\n|turn|25\n|\n|t:|1699830861\n|move|p2a: Volcarona|Roost|p2a: Volcarona\n|-heal|p2a: Volcarona|77\/100\n|move|p1a: Skeledirge|Shadow Ball|p2a: Volcarona\n|-damage|p2a: Volcarona|0 fnt\n|faint|p2a: Volcarona\n|\n|upkeep\n|c|\u2606JesusPizzaCrusher|fuck\n|\n|t:|1699830869\n|switch|p2a: Araquanid|Araquanid, F, shiny|100\/100\n|-status|p2a: Araquanid|psn\n|-damage|p2a: Araquanid|76\/100 psn|[from] Stealth Rock\n|turn|26\n|c|\u2606Jor99fran|vi esa estrategia en smogon\n|\n|t:|1699830888\n|move|p1a: Skeledirge|Shadow Ball|p2a: Araquanid\n|-damage|p2a: Araquanid|0 fnt\n|faint|p2a: Araquanid\n|\n|win|Jor99fran\n|c|\u2606Jor99fran|gg\n|c|\u2606JesusPizzaCrusher|gg\n","uploadtime":1699830899,"views":11,"p1id":"jor99fran","p2id":"jesuspizzacrusher","formatid":"gen9nationaldex","rating":0,"private":0,"password":""}