{"id":"gen9nationaldex-1990204662","p1":"Kuzwa","p2":"Reagphomy","format":"[Gen 9] National Dex","log":"|j|\u2606Kuzwa\n|j|\u2606Reagphomy\n|t:|1699937035\n|gametype|singles\n|player|p1|Kuzwa|parasollady|1341\n|player|p2|Reagphomy|266|1330\n|teamsize|p1|6\n|teamsize|p2|6\n|gen|9\n|tier|[Gen 9] National Dex\n|rated|\n|rule|HP Percentage Mod: HP is shown in percentages\n|rule|Endless Battle Clause: Forcing endless battles is banned\n|rule|OHKO Clause: OHKO moves are banned\n|rule|Evasion Clause: Evasion abilities, items, and moves are banned\n|rule|Evasion Abilities Clause: Evasion abilities are banned\n|rule|Evasion Items Clause: Evasion items are banned\n|rule|Evasion Moves Clause: Evasion moves are banned\n|rule|Species Clause: Limit one of each Pok\u00e9mon\n|rule|Sleep Clause Mod: Limit one foe put to sleep\n|clearpoke\n|poke|p1|Gallade, M|\n|poke|p1|Kartana|\n|poke|p1|Weavile, M|\n|poke|p1|Ogerpon-Wellspring, F|\n|poke|p1|Zeraora|\n|poke|p1|Glimmora, M|\n|poke|p2|Sableye, M|\n|poke|p2|Mew|\n|poke|p2|Garganacl, F|\n|poke|p2|Slowking-Galar, F|\n|poke|p2|Blissey, F|\n|poke|p2|Gliscor, F|\n|teampreview\n|\n|t:|1699937044\n|start\n|switch|p1a: thing|Glimmora, M|100\/100\n|switch|p2a: Mew|Mew|100\/100\n|-item|p1a: thing|Air Balloon\n|turn|1\n|\n|t:|1699937050\n|move|p1a: thing|Sludge Wave|p2a: Mew\n|-damage|p2a: Mew|71\/100\n|move|p2a: Mew|Transform|p1a: thing\n|-transform|p2a: Mew|p1a: thing\n|\n|-heal|p2a: Mew|77\/100|[from] item: Leftovers\n|upkeep\n|turn|2\n|\n|t:|1699937058\n|move|p1a: thing|Earth Power|p2a: Mew\n|-supereffective|p2a: Mew\n|-damage|p2a: Mew|0 fnt\n|faint|p2a: Mew\n|\n|upkeep\n|\n|t:|1699937067\n|switch|p2a: Slowking|Slowking-Galar, F|100\/100\n|turn|3\n|\n|t:|1699937070\n|move|p1a: thing|Earth Power|p2a: Slowking\n|-supereffective|p2a: Slowking\n|-damage|p2a: Slowking|62\/100\n|move|p2a: Slowking|Scald|p1a: thing\n|-supereffective|p1a: thing\n|-damage|p1a: thing|45\/100\n|-status|p1a: thing|brn\n|-enditem|p1a: thing|Air Balloon\n|\n|-damage|p1a: thing|39\/100 brn|[from] brn\n|upkeep\n|turn|4\n|\n|t:|1699937075\n|move|p1a: thing|Earth Power|p2a: Slowking\n|-supereffective|p2a: Slowking\n|-damage|p2a: Slowking|27\/100\n|move|p2a: Slowking|Chilly Reception|p2a: Slowking\n|-weather|Snow\n|\n|t:|1699937084\n|switch|p2a: Blissey|Blissey, F|100\/100|[from] Chilly Reception\n|\n|-weather|Snow|[upkeep]\n|-damage|p1a: thing|33\/100 brn|[from] brn\n|upkeep\n|turn|5\n|\n|t:|1699937087\n|move|p1a: thing|Sludge Wave|p2a: Blissey\n|-damage|p2a: Blissey|82\/100\n|move|p2a: Blissey|Toxic||[still]\n|-fail|p2a: Blissey\n|\n|-weather|Snow|[upkeep]\n|-heal|p2a: Blissey|89\/100|[from] item: Leftovers\n|-damage|p1a: thing|27\/100 brn|[from] brn\n|upkeep\n|turn|6\n|\n|t:|1699937092\n|move|p1a: thing|Sludge Wave|p2a: Blissey\n|-damage|p2a: Blissey|72\/100\n|move|p2a: Blissey|Toxic||[still]\n|-fail|p2a: Blissey\n|\n|-weather|Snow|[upkeep]\n|-heal|p2a: Blissey|78\/100|[from] item: Leftovers\n|-damage|p1a: thing|20\/100 brn|[from] brn\n|upkeep\n|turn|7\n|\n|t:|1699937096\n|move|p1a: thing|Sludge Wave|p2a: Blissey\n|-damage|p2a: Blissey|61\/100\n|move|p2a: Blissey|Soft-Boiled|p2a: Blissey\n|-heal|p2a: Blissey|100\/100\n|\n|-weather|Snow|[upkeep]\n|-damage|p1a: thing|14\/100 brn|[from] brn\n|upkeep\n|turn|8\n|\n|t:|1699937099\n|move|p1a: thing|Sludge Wave|p2a: Blissey\n|-damage|p2a: Blissey|81\/100\n|move|p2a: Blissey|Toxic|p1a: thing|[miss]\n|-miss|p2a: Blissey|p1a: thing\n|\n|-weather|none\n|-heal|p2a: Blissey|87\/100|[from] item: Leftovers\n|-damage|p1a: thing|8\/100 brn|[from] brn\n|upkeep\n|turn|9\n|\n|t:|1699937106\n|switch|p1a: Makoto Yuki|Kartana, shiny|100\/100\n|move|p2a: Blissey|Soft-Boiled|p2a: Blissey\n|-heal|p2a: Blissey|100\/100\n|\n|upkeep\n|turn|10\n|\n|t:|1699937110\n|switch|p2a: Gliscor|Gliscor, F|100\/100\n|move|p1a: Makoto Yuki|Sacred Sword|p2a: Gliscor\n|-resisted|p2a: Gliscor\n|-damage|p2a: Gliscor|87\/100\n|\n|-status|p2a: Gliscor|tox|[from] item: Toxic Orb\n|upkeep\n|turn|11\n|\n|t:|1699937115\n|move|p1a: Makoto Yuki|Swords Dance|p1a: Makoto Yuki\n|-boost|p1a: Makoto Yuki|atk|2\n|move|p2a: Gliscor|Substitute|p2a: Gliscor\n|-start|p2a: Gliscor|Substitute\n|-damage|p2a: Gliscor|62\/100 tox\n|\n|-heal|p2a: Gliscor|75\/100 tox|[from] ability: Poison Heal\n|upkeep\n|turn|12\n|\n|t:|1699937120\n|move|p2a: Gliscor|Protect|p2a: Gliscor\n|-singleturn|p2a: Gliscor|Protect\n|move|p1a: Makoto Yuki|Leaf Blade|p2a: Gliscor\n|-activate|p2a: Gliscor|move: Protect\n|\n|-heal|p2a: Gliscor|87\/100 tox|[from] ability: Poison Heal\n|upkeep\n|turn|13\n|\n|t:|1699937127\n|switch|p2a: Slowking|Slowking-Galar, F|61\/100\n|move|p1a: Makoto Yuki|Leaf Blade|p2a: Slowking\n|-resisted|p2a: Slowking\n|-damage|p2a: Slowking|0 fnt\n|faint|p2a: Slowking\n|-ability|p1a: Makoto Yuki|Beast Boost|boost\n|-boost|p1a: Makoto Yuki|atk|1\n|\n|upkeep\n|-message|Reagphomy forfeited.\n|\n|win|Kuzwa\n|raw|Kuzwa's rating: 1341 &rarr; <strong>1360<\/strong><br \/>(+19 for winning)\n|raw|Reagphomy's rating: 1330 &rarr; <strong>1311<\/strong><br \/>(-19 for losing)\n|l|\u2606Reagphomy\n","uploadtime":1699937133,"views":5,"p1id":"kuzwa","p2id":"reagphomy","formatid":"gen9nationaldex","rating":1311,"private":0,"password":""}