{"id":"gen9nationaldex-1996661748","p1":"BIDOOFMASTERBOI","p2":"Megakid20","format":"[Gen 9] National Dex","log":"|html|<div class=\"broadcast-blue\"><strong>[Gen 9] National Dex is currently suspecting Sneasler! For information on how to participate check out the <a href=\"https:\/\/www.smogon.com\/forums\/threads\/sv-national-dex-suspect-8-just-dance.3731534\/\">suspect thread<\/a>.<\/strong><\/div>\n|j|\u2606BIDOOFMASTERBOI\n|j|\u2606Megakid20\n|t:|1700706581\n|gametype|singles\n|player|p1|BIDOOFMASTERBOI|pokefanf-gen4|\n|player|p2|Megakid20|rika|\n|teamsize|p1|6\n|teamsize|p2|6\n|gen|9\n|tier|[Gen 9] National Dex\n|rule|HP Percentage Mod: HP is shown in percentages\n|rule|Endless Battle Clause: Forcing endless battles is banned\n|rule|OHKO Clause: OHKO moves are banned\n|rule|Evasion Clause: Evasion abilities, items, and moves are banned\n|rule|Evasion Abilities Clause: Evasion abilities are banned\n|rule|Evasion Items Clause: Evasion items are banned\n|rule|Evasion Moves Clause: Evasion moves are banned\n|rule|Species Clause: Limit one of each Pok\u00e9mon\n|rule|Sleep Clause Mod: Limit one foe put to sleep\n|clearpoke\n|poke|p1|Slurpuff, M|\n|poke|p1|Rotom-Wash|\n|poke|p1|Diancie|\n|poke|p1|Weavile, F|\n|poke|p1|Xurkitree|\n|poke|p1|Skeledirge, F|\n|poke|p2|Azelf|\n|poke|p2|Revavroom, M|\n|poke|p2|Ninetales-Alola, F|\n|poke|p2|Arctozolt|\n|poke|p2|Dragonite, M|\n|poke|p2|Kommo-o, M|\n|teampreview\n|j| atraino3\n|j| jonglobobe\n|j| homixide poopoo\n|j| blossomgame\n|\n|t:|1700706624\n|start\n|switch|p1a: Slurpuff|Slurpuff, M|100\/100\n|switch|p2a: My main goal...|Azelf|100\/100\n|turn|1\n|j| Keykard\n|\n|t:|1700706641\n|move|p2a: My main goal...|Taunt|p1a: Slurpuff\n|-start|p1a: Slurpuff|move: Taunt\n|-enditem|p1a: Slurpuff|Mental Herb\n|-end|p1a: Slurpuff|move: Taunt\n|move|p1a: Slurpuff|Yawn|p2a: My main goal...\n|-start|p2a: My main goal...|move: Yawn|[of] p1a: Slurpuff\n|\n|upkeep\n|turn|2\n|c| Keykard|what\n|\n|t:|1700706662\n|move|p1a: Slurpuff|Sticky Web|p2a: My main goal...\n|-sidestart|p2: Megakid20|move: Sticky Web\n|move|p2a: My main goal...|Explosion|p1a: Slurpuff\n|-enditem|p2a: My main goal...|Normal Gem|[from] gem\n|-damage|p1a: Slurpuff|30\/100\n|faint|p2a: My main goal...\n|\n|upkeep\n|c|\u2606BIDOOFMASTERBOI|p\n|c| homixide poopoo|everyone in this match rope pls\n|c| jonglobobe|even me?\n|\n|t:|1700706682\n|switch|p2a: Honda Civic|Revavroom, M|100\/100\n|-activate|p2a: Honda Civic|move: Sticky Web\n|-unboost|p2a: Honda Civic|spe|1\n|turn|3\n|c| atraino3|Fuck You Lucas.\n|c| homixide poopoo|no like the people playing\n|c|\u2606BIDOOFMASTERBOI|down\n|c| atraino3|Oh.\n|c| homixide poopoo|that was the worst 2 turns ive ever seen]\n|\n|t:|1700706709\n|move|p1a: Slurpuff|Yawn|p2a: Honda Civic\n|-start|p2a: Honda Civic|move: Yawn|[of] p1a: Slurpuff\n|move|p2a: Honda Civic|Iron Head|p1a: Slurpuff\n|-supereffective|p1a: Slurpuff\n|-damage|p1a: Slurpuff|0 fnt\n|faint|p1a: Slurpuff\n|\n|upkeep\n|\n|t:|1700706727\n|switch|p1a: Skeledirge|Skeledirge, F|100\/100\n|turn|4\n|\n|t:|1700706747\n|switch|p2a: LOVE.|Kommo-o, M|100\/100\n|-activate|p2a: LOVE.|move: Sticky Web\n|-unboost|p2a: LOVE.|spe|1\n|move|p1a: Skeledirge|Will-O-Wisp|p2a: LOVE.\n|-status|p2a: LOVE.|brn\n|\n|-damage|p2a: LOVE.|94\/100 brn|[from] brn\n|upkeep\n|turn|5\n|c|\u2606Megakid20|!dt soundproof\n|raw|<ul class=\"utilichart\"><li class=\"result\"><span class=\"col namecol\"><a href=\"https:\/\/dex.pokemonshowdown.com\/abilities\/soundproof\">Soundproof<\/a><\/span> <span class=\"col abilitydesccol\">This Pokemon is immune to sound-based moves, unless it used the move.<\/span> <\/li><li style=\"clear:both\"><\/li><\/ul>\n|raw|<font size=\"1\"><font color=\"#686868\">Gen:<\/font> 3&nbsp;|&ThickSpace;&#10003; Ignored by Mold Breaker<\/font>\n\n|\n|t:|1700706794\n|move|p2a: LOVE.|Substitute|p2a: LOVE.\n|-start|p2a: LOVE.|Substitute\n|-damage|p2a: LOVE.|69\/100 brn\n|move|p1a: Skeledirge|Torch Song|p2a: LOVE.\n|-resisted|p2a: LOVE.\n|-crit|p2a: LOVE.\n|-damage|p2a: LOVE.|45\/100 brn\n|-boost|p1a: Skeledirge|spa|1\n|\n|-damage|p2a: LOVE.|39\/100 brn|[from] brn\n|upkeep\n|turn|6\n|\n|t:|1700706809\n|move|p2a: LOVE.|Earthquake|p1a: Skeledirge\n|-supereffective|p1a: Skeledirge\n|-damage|p1a: Skeledirge|74\/100\n|move|p1a: Skeledirge|Torch Song|p2a: LOVE.\n|-resisted|p2a: LOVE.\n|-damage|p2a: LOVE.|15\/100 brn\n|-boost|p1a: Skeledirge|spa|1\n|-enditem|p2a: LOVE.|Salac Berry|[eat]\n|-boost|p2a: LOVE.|spe|1|[from] item: Salac Berry\n|\n|-heal|p1a: Skeledirge|80\/100|[from] item: Leftovers\n|-damage|p2a: LOVE.|8\/100 brn|[from] brn\n|upkeep\n|turn|7\n|c|\u2606BIDOOFMASTERBOI|im crying\n|c| blossomgame|VICTOR WEMBANYAMA WHAT A LOB\n|c|\u2606BIDOOFMASTERBOI|i forgot touch bypassed\n|c| jonglobobe|LOVE.\n|c| Keykard|nice berry man\n|c|\u2606BIDOOFMASTERBOI|torch\n|c| blossomgame|LOVE.\n|\n|t:|1700706846\n|move|p2a: LOVE.|Earthquake|p1a: Skeledirge\n|-supereffective|p1a: Skeledirge\n|-damage|p1a: Skeledirge|56\/100\n|move|p1a: Skeledirge|Torch Song|p2a: LOVE.\n|-resisted|p2a: LOVE.\n|-damage|p2a: LOVE.|0 fnt\n|-boost|p1a: Skeledirge|spa|1\n|faint|p2a: LOVE.\n|\n|-heal|p1a: Skeledirge|62\/100|[from] item: Leftovers\n|upkeep\n|c| atraino3|torch bypass is tough\n|c|\u2606BIDOOFMASTERBOI|why does it do thart\n|c| blossomgame|dude why is this guy +3\n|c|\u2606BIDOOFMASTERBOI|i didnt even know that\n|\n|t:|1700706866\n|switch|p2a: Crankenstein|Ninetales-Alola, F, shiny|100\/100\n|-activate|p2a: Crankenstein|move: Sticky Web\n|-unboost|p2a: Crankenstein|spe|1\n|-weather|Snow|[from] ability: Snow Warning|[of] p2a: Crankenstein\n|turn|8\n|c| atraino3|it lowkey might be joever\n|\n|t:|1700706894\n|move|p2a: Crankenstein|Aurora Veil|p2a: Crankenstein\n|-sidestart|p2: Megakid20|move: Aurora Veil\n|move|p1a: Skeledirge|Torch Song|p2a: Crankenstein\n|-supereffective|p2a: Crankenstein\n|-damage|p2a: Crankenstein|32\/100\n|-boost|p1a: Skeledirge|spa|1\n|\n|-weather|Snow|[upkeep]\n|-heal|p1a: Skeledirge|68\/100|[from] item: Leftovers\n|upkeep\n|turn|9\n|c| Keykard|big goob we got\n|\n|t:|1700706910\n|move|p2a: Crankenstein|Draining Kiss|p1a: Skeledirge\n|-resisted|p1a: Skeledirge\n|-damage|p1a: Skeledirge|62\/100\n|-heal|p2a: Crankenstein|38\/100|[from] drain|[of] p1a: Skeledirge\n|move|p1a: Skeledirge|Torch Song|p2a: Crankenstein\n|-supereffective|p2a: Crankenstein\n|-damage|p2a: Crankenstein|0 fnt\n|-boost|p1a: Skeledirge|spa|1\n|faint|p2a: Crankenstein\n|\n|-weather|Snow|[upkeep]\n|-heal|p1a: Skeledirge|68\/100|[from] item: Leftovers\n|upkeep\n|\n|t:|1700706915\n|switch|p2a: HUMBLE.|Arctozolt, shiny|100\/100\n|-activate|p2a: HUMBLE.|move: Sticky Web\n|-unboost|p2a: HUMBLE.|spe|1\n|turn|10\n|c| blossomgame|HUMBLE.\n|c| jonglobobe|HUMBLE.\n|c| atraino3|HUMBLE.\n|\n|t:|1700706945\n|move|p2a: HUMBLE.|Bolt Beak|p1a: Skeledirge\n|-damage|p1a: Skeledirge|0 fnt\n|faint|p1a: Skeledirge\n|-damage|p2a: HUMBLE.|91\/100|[from] item: Life Orb\n|\n|-weather|Snow|[upkeep]\n|upkeep\n|\n|t:|1700707005\n|switch|p1a: Susan D. Anthony|Diancie|100\/100\n|turn|11\n|\n|t:|1700707013\n|detailschange|p1a: Susan D. Anthony|Diancie-Mega\n|-mega|p1a: Susan D. Anthony|Diancie|Diancite\n|move|p1a: Susan D. Anthony|Diamond Storm|p2a: HUMBLE.\n|-supereffective|p2a: HUMBLE.\n|-damage|p2a: HUMBLE.|46\/100\n|move|p2a: HUMBLE.|Bolt Beak|p1a: Susan D. Anthony\n|-damage|p1a: Susan D. Anthony|25\/100\n|-damage|p2a: HUMBLE.|36\/100|[from] item: Life Orb\n|\n|-weather|Snow|[upkeep]\n|upkeep\n|turn|12\n|\n|t:|1700707029\n|move|p1a: Susan D. Anthony|Diamond Storm|p2a: HUMBLE.\n|-supereffective|p2a: HUMBLE.\n|-damage|p2a: HUMBLE.|0 fnt\n|-boost|p1a: Susan D. Anthony|def|2\n|faint|p2a: HUMBLE.\n|\n|-weather|none\n|upkeep\n|\n|t:|1700707039\n|switch|p2a: Billions must Die|Dragonite, M|100\/100\n|turn|13\n|\n|t:|1700707050\n|-terastallize|p2a: Billions must Die|Normal\n|move|p1a: Susan D. Anthony|Moonblast|p2a: Billions must Die\n|-crit|p2a: Billions must Die\n|-damage|p2a: Billions must Die|54\/100\n|-unboost|p2a: Billions must Die|spa|1\n|move|p2a: Billions must Die|Dragon Dance|p2a: Billions must Die\n|-boost|p2a: Billions must Die|atk|1\n|-boost|p2a: Billions must Die|spe|1\n|\n|upkeep\n|turn|14\n|c|\u2606Megakid20|crit matters af\n|c| blossomgame|yeah thats unfort\n|c| atraino3|\ud83e\udd68\ud83e\udd68\n|c| Keykard|kid named roost\n|\n|t:|1700707126\n|move|p2a: Billions must Die|Dragon Dance|p2a: Billions must Die\n|-boost|p2a: Billions must Die|atk|1\n|-boost|p2a: Billions must Die|spe|1\n|move|p1a: Susan D. Anthony|Body Press|p2a: Billions must Die\n|-supereffective|p2a: Billions must Die\n|-damage|p2a: Billions must Die|11\/100\n|\n|upkeep\n|turn|15\n|c|\u2606BIDOOFMASTERBOI|u calced\n|c|\u2606BIDOOFMASTERBOI|i was wondering what took so long\n|c| atraino3|he is a bit of a mathematician\n|c| jonglobobe|\ud83e\udd61\ud83e\udd61\n|c|\u2606BIDOOFMASTERBOI|ggs\n|c|\u2606BIDOOFMASTERBOI|good shit\n|\n|t:|1700707155\n|move|p2a: Billions must Die|Earthquake|p1a: Susan D. Anthony\n|-supereffective|p1a: Susan D. Anthony\n|-damage|p1a: Susan D. Anthony|0 fnt\n|faint|p1a: Susan D. Anthony\n|\n|-sideend|p2: Megakid20|move: Aurora Veil\n|upkeep\n|\n|t:|1700707200\n|switch|p1a: GW. Carver|Weavile, F|100\/100\n|-ability|p1a: GW. Carver|Pressure\n|turn|16\n|c|\u2606Megakid20|it's tera ghost\n|\n|t:|1700707220\n|move|p2a: Billions must Die|Extreme Speed|p1a: GW. Carver\n|-damage|p1a: GW. Carver|0 fnt\n|faint|p1a: GW. Carver\n|\n|upkeep\n|c| atraino3|Oh\n|c|\u2606BIDOOFMASTERBOI|outplayed all game\n|c|\u2606BIDOOFMASTERBOI|unfort dragon dance clutch\n|\n|t:|1700707253\n|switch|p1a: Wash Howard Taft|Rotom-Wash|100\/100\n|turn|17\n|c| atraino3|he does Do that\n|c|\u2606Megakid20|gg\n|\n|t:|1700707285\n|move|p2a: Billions must Die|Extreme Speed|p1a: Wash Howard Taft\n|-damage|p1a: Wash Howard Taft|0 fnt\n|faint|p1a: Wash Howard Taft\n|\n|upkeep\n|\n|t:|1700707288\n|switch|p1a: Newton|Xurkitree|100\/100\n|turn|18\n|c| jonglobobe|what\n|c| jonglobobe|tf\n|\n|t:|1700707298\n|move|p2a: Billions must Die|Extreme Speed|p1a: Newton\n|-damage|p1a: Newton|0 fnt\n|faint|p1a: Newton\n|\n|win|Megakid20\n|l|\u2606BIDOOFMASTERBOI\n|l| atraino3\n|l| homixide poopoo\n|j| homixide poopoo\n","uploadtime":1700707343,"views":10,"p1id":"bidoofmasterboi","p2id":"megakid20","formatid":"gen9nationaldex","rating":0,"private":0,"password":""}