{"id":"gen9nationaldex-1998043413","p1":"RoboDriveisthebest","p2":"treeshhhh","format":"[Gen 9] National Dex","log":"|html|<div class=\"broadcast-blue\"><strong>[Gen 9] National Dex is currently suspecting Sneasler! For information on how to participate check out the <a href=\"https:\/\/www.smogon.com\/forums\/threads\/sv-national-dex-suspect-8-just-dance.3731534\/\">suspect thread<\/a>.<\/strong><\/div>\n|j|\u2606RoboDriveisthebest\n|j|\u2606treeshhhh\n|t:|1700882872\n|gametype|singles\n|player|p1|RoboDriveisthebest|cilan|1388\n|player|p2|treeshhhh|lucas|1343\n|teamsize|p1|6\n|teamsize|p2|6\n|gen|9\n|tier|[Gen 9] National Dex\n|rated|\n|rule|HP Percentage Mod: HP is shown in percentages\n|rule|Endless Battle Clause: Forcing endless battles is banned\n|rule|OHKO Clause: OHKO moves are banned\n|rule|Evasion Clause: Evasion abilities, items, and moves are banned\n|rule|Evasion Abilities Clause: Evasion abilities are banned\n|rule|Evasion Items Clause: Evasion items are banned\n|rule|Evasion Moves Clause: Evasion moves are banned\n|rule|Species Clause: Limit one of each Pok\u00e9mon\n|rule|Sleep Clause Mod: Limit one foe put to sleep\n|clearpoke\n|poke|p1|Heatran, M|\n|poke|p1|Zapdos|\n|poke|p1|Ogerpon-Wellspring, F|\n|poke|p1|Diancie|\n|poke|p1|Zoroark-Hisui, M|\n|poke|p1|Krookodile, F|\n|poke|p2|Steelix, F|\n|poke|p2|Tyranitar, M|\n|poke|p2|Rillaboom, F|\n|poke|p2|Sneasler, M|\n|poke|p2|Rotom-Wash|\n|poke|p2|Kartana|\n|teampreview\n|\n|t:|1700882909\n|start\n|switch|p1a: Heatran|Heatran, M|100\/100\n|switch|p2a: Rotom|Rotom-Wash|100\/100\n|turn|1\n|\n|t:|1700882918\n|move|p1a: Heatran|Hyper Beam|p2a: Rotom\n|-damage|p2a: Rotom|15\/100\n|-mustrecharge|p1a: Heatran\n|move|p2a: Rotom|Thunder Wave|p1a: Heatran\n|-status|p1a: Heatran|par\n|\n|upkeep\n|turn|2\n|\n|t:|1700882924\n|move|p2a: Rotom|Volt Switch|p1a: Heatran\n|-damage|p1a: Heatran|52\/100 par\n|replace|p1a: Zoroark|Zoroark-Hisui, M\n|-end|p1a: Zoroark|Illusion\n|\n|t:|1700882931\n|switch|p2a: yink|Steelix, F|100\/100|[from] Volt Switch\n|cant|p1a: Zoroark|recharge\n|\n|upkeep\n|turn|3\n|\n|t:|1700882943\n|detailschange|p2a: yink|Steelix-Mega, F\n|-mega|p2a: yink|Steelix|Steelixite\n|move|p1a: Zoroark|Bitter Malice|p2a: yink\n|-damage|p2a: yink|59\/100\n|-unboost|p2a: yink|atk|1\n|move|p2a: yink|Iron Defense|p2a: yink\n|-boost|p2a: yink|def|2\n|\n|upkeep\n|turn|4\n|\n|t:|1700882952\n|switch|p2a: Tyranitar|Tyranitar, M|100\/100\n|-weather|Sandstorm|[from] ability: Sand Stream|[of] p2a: Tyranitar\n|move|p1a: Zoroark|Bitter Malice|p2a: Tyranitar\n|-resisted|p2a: Tyranitar\n|-damage|p2a: Tyranitar|94\/100\n|-unboost|p2a: Tyranitar|atk|1\n|\n|-weather|Sandstorm|[upkeep]\n|-damage|p1a: Zoroark|46\/100 par|[from] Sandstorm\n|upkeep\n|turn|5\n|\n|t:|1700882955\n|cant|p1a: Zoroark|par\n|move|p2a: Tyranitar|Knock Off|p1a: Zoroark\n|-supereffective|p1a: Zoroark\n|-damage|p1a: Zoroark|0 fnt\n|-enditem|p1a: Zoroark|Heavy-Duty Boots|[from] move: Knock Off|[of] p2a: Tyranitar\n|faint|p1a: Zoroark\n|\n|-weather|Sandstorm|[upkeep]\n|upkeep\n|\n|t:|1700882962\n|switch|p1a: Ogerpon|Ogerpon-Wellspring, F|100\/100\n|turn|6\n|\n|t:|1700882967\n|switch|p2a: Rillaboom|Rillaboom, F|100\/100\n|-fieldstart|move: Grassy Terrain|[from] ability: Grassy Surge|[of] p2a: Rillaboom\n|-terastallize|p1a: Ogerpon|Water\n|detailschange|p1a: Ogerpon|Ogerpon-Wellspring-Tera, F, tera:Water\n|-ability|p1a: Ogerpon|Embody Aspect (Wellspring)|boost\n|-boost|p1a: Ogerpon|spd|1\n|move|p1a: Ogerpon|Trailblaze|p2a: Rillaboom\n|-resisted|p2a: Rillaboom\n|-damage|p2a: Rillaboom|79\/100\n|-boost|p1a: Ogerpon|spe|1\n|\n|-weather|Sandstorm|[upkeep]\n|-damage|p1a: Ogerpon|95\/100|[from] Sandstorm\n|-damage|p2a: Rillaboom|73\/100|[from] Sandstorm\n|-heal|p1a: Ogerpon|100\/100|[from] Grassy Terrain\n|-heal|p2a: Rillaboom|79\/100|[from] Grassy Terrain\n|upkeep\n|turn|7\n|\n|t:|1700882980\n|switch|p1a: Zapdos|Zapdos|100\/100\n|move|p2a: Rillaboom|Wood Hammer|p1a: Zapdos\n|-resisted|p1a: Zapdos\n|-damage|p1a: Zapdos|28\/100\n|-damage|p2a: Rillaboom|57\/100|[from] Recoil\n|\n|-weather|Sandstorm|[upkeep]\n|-damage|p1a: Zapdos|22\/100|[from] Sandstorm\n|-damage|p2a: Rillaboom|50\/100|[from] Sandstorm\n|-heal|p1a: Zapdos|28\/100|[from] item: Leftovers\n|-heal|p2a: Rillaboom|57\/100|[from] Grassy Terrain\n|upkeep\n|turn|8\n|\n|t:|1700882992\n|move|p1a: Zapdos|Hurricane|p2a: Rillaboom\n|-supereffective|p2a: Rillaboom\n|-damage|p2a: Rillaboom|0 fnt\n|faint|p2a: Rillaboom\n|\n|-weather|none\n|-heal|p1a: Zapdos|34\/100|[from] item: Leftovers\n|upkeep\n|\n|t:|1700883004\n|switch|p2a: yink|Steelix-Mega, F|59\/100\n|turn|9\n|\n|t:|1700883017\n|move|p1a: Zapdos|Hurricane|p2a: yink\n|-resisted|p2a: yink\n|-damage|p2a: yink|30\/100\n|move|p2a: yink|Rock Polish|p2a: yink\n|-boost|p2a: yink|spe|2\n|\n|-heal|p2a: yink|36\/100|[from] Grassy Terrain\n|-heal|p1a: Zapdos|40\/100|[from] item: Leftovers\n|upkeep\n|turn|10\n|\n|t:|1700883024\n|move|p2a: yink|Iron Defense|p2a: yink\n|-boost|p2a: yink|def|2\n|move|p1a: Zapdos|Hurricane|p2a: yink\n|-resisted|p2a: yink\n|-damage|p2a: yink|7\/100\n|-start|p2a: yink|confusion\n|\n|-heal|p2a: yink|13\/100|[from] Grassy Terrain\n|-heal|p1a: Zapdos|47\/100|[from] item: Leftovers\n|-fieldend|move: Grassy Terrain\n|upkeep\n|turn|11\n|\n|t:|1700883031\n|switch|p1a: Krookodile|Krookodile, F|100\/100\n|-activate|p2a: yink|confusion\n|-damage|p2a: yink|10\/100|[from] confusion\n|\n|upkeep\n|turn|12\n|\n|t:|1700883035\n|move|p1a: Krookodile|Crunch|p2a: yink\n|-damage|p2a: yink|0 fnt\n|faint|p2a: yink\n|-ability|p1a: Krookodile|Moxie|boost\n|-boost|p1a: Krookodile|atk|1\n|\n|upkeep\n|\n|t:|1700883049\n|switch|p2a: Tyranitar|Tyranitar, M|94\/100\n|-weather|Sandstorm|[from] ability: Sand Stream|[of] p2a: Tyranitar\n|turn|13\n|\n|t:|1700883053\n|move|p1a: Krookodile|Crunch|p2a: Tyranitar\n|-resisted|p2a: Tyranitar\n|-damage|p2a: Tyranitar|71\/100\n|move|p2a: Tyranitar|Dragon Tail|p1a: Krookodile\n|-damage|p1a: Krookodile|75\/100\n|drag|p1a: Ogerpon|Ogerpon-Wellspring-Tera, F, tera:Water|100\/100\n|-ability|p1a: Ogerpon|Embody Aspect (Wellspring)|boost\n|-boost|p1a: Ogerpon|spd|1\n|\n|-weather|Sandstorm|[upkeep]\n|-damage|p1a: Ogerpon|95\/100|[from] Sandstorm\n|upkeep\n|turn|14\n|\n|t:|1700883062\n|switch|p2a: Rotom|Rotom-Wash|15\/100\n|move|p1a: Ogerpon|Trailblaze|p2a: Rotom\n|-supereffective|p2a: Rotom\n|-damage|p2a: Rotom|0 fnt\n|-boost|p1a: Ogerpon|spe|1\n|faint|p2a: Rotom\n|\n|-weather|Sandstorm|[upkeep]\n|-damage|p1a: Ogerpon|89\/100|[from] Sandstorm\n|upkeep\n|\n|t:|1700883068\n|switch|p2a: Kartana|Kartana|100\/100\n|turn|15\n|\n|t:|1700883072\n|move|p1a: Ogerpon|Low Kick|p2a: Kartana\n|-supereffective|p2a: Kartana\n|-damage|p2a: Kartana|84\/100\n|move|p2a: Kartana|Leaf Blade|p1a: Ogerpon\n|-supereffective|p1a: Ogerpon\n|-damage|p1a: Ogerpon|0 fnt\n|faint|p1a: Ogerpon\n|-ability|p2a: Kartana|Beast Boost|boost\n|-boost|p2a: Kartana|atk|1\n|\n|-weather|Sandstorm|[upkeep]\n|upkeep\n|\n|t:|1700883078\n|switch|p1a: Zapdos|Zapdos|47\/100\n|turn|16\n|\n|t:|1700883085\n|-terastallize|p2a: Kartana|Grass\n|move|p2a: Kartana|Leaf Blade|p1a: Zapdos\n|-resisted|p1a: Zapdos\n|-damage|p1a: Zapdos|0 fnt\n|faint|p1a: Zapdos\n|-ability|p2a: Kartana|Beast Boost|boost\n|-boost|p2a: Kartana|atk|1\n|\n|-weather|Sandstorm|[upkeep]\n|-damage|p2a: Kartana|78\/100|[from] Sandstorm\n|upkeep\n|\n|t:|1700883093\n|switch|p1a: Heatran|Heatran, M|100\/100\n|turn|17\n|\n|t:|1700883097\n|switch|p2a: Tyranitar|Tyranitar, M|71\/100\n|move|p1a: Heatran|Magma Storm|p2a: Tyranitar\n|-resisted|p2a: Tyranitar\n|-damage|p2a: Tyranitar|64\/100\n|-activate|p2a: Tyranitar|move: Magma Storm|[of] p1a: Heatran\n|\n|-weather|none\n|-damage|p2a: Tyranitar|52\/100|[from] move: Magma Storm|[partiallytrapped]\n|upkeep\n|turn|18\n|\n|t:|1700883105\n|move|p1a: Heatran|Earth Power|p2a: Tyranitar\n|-supereffective|p2a: Tyranitar\n|-damage|p2a: Tyranitar|23\/100\n|move|p2a: Tyranitar|Knock Off|p1a: Heatran\n|-damage|p1a: Heatran|59\/100\n|-enditem|p1a: Heatran|Leftovers|[from] move: Knock Off|[of] p2a: Tyranitar\n|\n|-damage|p2a: Tyranitar|11\/100|[from] move: Magma Storm|[partiallytrapped]\n|upkeep\n|turn|19\n|\n|t:|1700883112\n|move|p1a: Heatran|Earth Power|p2a: Tyranitar\n|-supereffective|p2a: Tyranitar\n|-damage|p2a: Tyranitar|0 fnt\n|faint|p2a: Tyranitar\n|\n|upkeep\n|\n|t:|1700883117\n|switch|p2a: Sneasler|Sneasler, M|100\/100\n|turn|20\n|\n|t:|1700883128\n|move|p2a: Sneasler|Close Combat|p1a: Heatran\n|-supereffective|p1a: Heatran\n|-damage|p1a: Heatran|0 fnt\n|-unboost|p2a: Sneasler|def|1\n|-unboost|p2a: Sneasler|spd|1\n|faint|p1a: Heatran\n|\n|upkeep\n|\n|t:|1700883131\n|switch|p1a: Krookodile|Krookodile, F|75\/100\n|turn|21\n|\n|t:|1700883133\n|move|p1a: Krookodile|Earthquake|p2a: Sneasler\n|-supereffective|p2a: Sneasler\n|-damage|p2a: Sneasler|0 fnt\n|faint|p2a: Sneasler\n|-ability|p1a: Krookodile|Moxie|boost\n|-boost|p1a: Krookodile|atk|1\n|\n|upkeep\n|\n|t:|1700883137\n|switch|p2a: Kartana|Kartana, tera:Grass|78\/100\n|turn|22\n|\n|t:|1700883140\n|move|p2a: Kartana|Leaf Blade|p1a: Krookodile\n|-supereffective|p1a: Krookodile\n|-crit|p1a: Krookodile\n|-damage|p1a: Krookodile|0 fnt\n|faint|p1a: Krookodile\n|-ability|p2a: Kartana|Beast Boost|boost\n|-boost|p2a: Kartana|atk|1\n|\n|upkeep\n|\n|t:|1700883143\n|switch|p1a: Diancie|Diancie|100\/100\n|turn|23\n|\n|t:|1700883145\n|detailschange|p1a: Diancie|Diancie-Mega\n|-mega|p1a: Diancie|Diancie|Diancite\n|move|p2a: Kartana|Leaf Blade|p1a: Diancie\n|-supereffective|p1a: Diancie\n|-damage|p1a: Diancie|0 fnt\n|faint|p1a: Diancie\n|\n|win|treeshhhh\n|raw|RoboDriveisthebest's rating: 1388 &rarr; <strong>1365<\/strong><br \/>(-23 for losing)\n|raw|treeshhhh's rating: 1343 &rarr; <strong>1366<\/strong><br \/>(+23 for winning)\n|l|\u2606RoboDriveisthebest\n","uploadtime":1700883151,"views":1,"p1id":"robodriveisthebest","p2id":"treeshhhh","formatid":"gen9nationaldex","rating":1365,"private":0,"password":""}