{"id":"gen9nationaldex-2000384752","p1":"Monodrainpunch","p2":"Sing & Play","format":"[Gen 9] National Dex","log":"|html|<div class=\"broadcast-blue\"><strong>[Gen 9] National Dex is currently suspecting Sneasler! For information on how to participate check out the <a href=\"https:\/\/www.smogon.com\/forums\/threads\/sv-national-dex-suspect-8-just-dance.3731534\/\">suspect thread<\/a>.<\/strong><\/div>\n|j|\u2606Monodrainpunch\n|j|\u2606Sing & Play\n|t:|1701190323\n|gametype|singles\n|player|p1|Monodrainpunch|psychicf|1136\n|player|p2|Sing & Play|veteranf|1116\n|teamsize|p1|6\n|teamsize|p2|6\n|gen|9\n|tier|[Gen 9] National Dex\n|rated|\n|rule|HP Percentage Mod: HP is shown in percentages\n|rule|Endless Battle Clause: Forcing endless battles is banned\n|rule|OHKO Clause: OHKO moves are banned\n|rule|Evasion Clause: Evasion abilities, items, and moves are banned\n|rule|Evasion Abilities Clause: Evasion abilities are banned\n|rule|Evasion Items Clause: Evasion items are banned\n|rule|Evasion Moves Clause: Evasion moves are banned\n|rule|Species Clause: Limit one of each Pok\u00e9mon\n|rule|Sleep Clause Mod: Limit one foe put to sleep\n|clearpoke\n|poke|p1|Rotom-Wash|\n|poke|p1|Darmanitan, F|\n|poke|p1|Landorus-Therian, M|\n|poke|p1|Cofagrigus, F|\n|poke|p1|Toxapex, F|\n|poke|p1|Mienshao, M|\n|poke|p2|Mothim, M|\n|poke|p2|Drampa, M|\n|poke|p2|Persian, F|\n|poke|p2|Simipour, F|\n|poke|p2|Bayleef, F|\n|poke|p2|Mawile, M|\n|teampreview\n|c|\u2606Monodrainpunch|good game\n|\n|t:|1701190340\n|start\n|switch|p1a: Darmanitan|Darmanitan, F|100\/100\n|switch|p2a: Ragsazza|Simipour, F|100\/100\n|turn|1\n|\n|t:|1701190350\n|move|p2a: Ragsazza|Surf|p1a: Darmanitan\n|-supereffective|p1a: Darmanitan\n|-damage|p1a: Darmanitan|0 fnt\n|faint|p1a: Darmanitan\n|\n|upkeep\n|\n|t:|1701190366\n|switch|p1a: Rotom|Rotom-Wash|100\/100\n|turn|2\n|\n|t:|1701190397\n|switch|p2a: Bastil|Bayleef, F|100\/100\n|move|p1a: Rotom|Volt Switch|p2a: Bastil\n|-resisted|p2a: Bastil\n|-damage|p2a: Bastil|88\/100\n|\n|t:|1701190420\n|switch|p1a: Mienshao|Mienshao, M|100\/100|[from] Volt Switch\n|\n|upkeep\n|turn|3\n|\n|t:|1701190425\n|move|p2a: Bastil|Protect|p2a: Bastil\n|-singleturn|p2a: Bastil|Protect\n|move|p1a: Mienshao|Fake Out|p2a: Bastil\n|-activate|p2a: Bastil|move: Protect\n|\n|upkeep\n|turn|4\n|\n|t:|1701190430\n|move|p1a: Mienshao|U-turn|p2a: Bastil\n|-supereffective|p2a: Bastil\n|-damage|p2a: Bastil|49\/100\n|\n|t:|1701190438\n|switch|p1a: Cofagrigus|Cofagrigus, F|100\/100|[from] U-turn\n|move|p2a: Bastil|Toxic|p1a: Cofagrigus\n|-status|p1a: Cofagrigus|tox\n|\n|-damage|p1a: Cofagrigus|94\/100 tox|[from] psn\n|upkeep\n|turn|5\n|\n|t:|1701190449\n|move|p2a: Bastil|Leech Seed|p1a: Cofagrigus\n|-start|p1a: Cofagrigus|move: Leech Seed\n|move|p1a: Cofagrigus|Will-O-Wisp|p2a: Bastil\n|-status|p2a: Bastil|brn\n|\n|-heal|p1a: Cofagrigus|100\/100 tox|[from] item: Leftovers\n|-damage|p1a: Cofagrigus|88\/100 tox|[from] Leech Seed|[of] p2a: Bastil\n|-heal|p2a: Bastil|64\/100 brn|[silent]\n|-damage|p1a: Cofagrigus|75\/100 tox|[from] psn\n|-damage|p2a: Bastil|58\/100 brn|[from] brn\n|upkeep\n|turn|6\n|\n|t:|1701190460\n|move|p2a: Bastil|Leech Seed||[still]\n|-fail|p2a: Bastil\n|move|p1a: Cofagrigus|Hex|p2a: Bastil\n|-damage|p2a: Bastil|23\/100 brn\n|\n|-heal|p1a: Cofagrigus|82\/100 tox|[from] item: Leftovers\n|-damage|p1a: Cofagrigus|69\/100 tox|[from] Leech Seed|[of] p2a: Bastil\n|-heal|p2a: Bastil|39\/100 brn|[silent]\n|-damage|p1a: Cofagrigus|50\/100 tox|[from] psn\n|-damage|p2a: Bastil|33\/100 brn|[from] brn\n|upkeep\n|turn|7\n|\n|t:|1701190471\n|move|p2a: Bastil|Protect|p2a: Bastil\n|-singleturn|p2a: Bastil|Protect\n|move|p1a: Cofagrigus|Hex|p2a: Bastil\n|-activate|p2a: Bastil|move: Protect\n|\n|-heal|p1a: Cofagrigus|57\/100 tox|[from] item: Leftovers\n|-damage|p1a: Cofagrigus|44\/100 tox|[from] Leech Seed|[of] p2a: Bastil\n|-heal|p2a: Bastil|48\/100 brn|[silent]\n|-damage|p1a: Cofagrigus|19\/100 tox|[from] psn\n|-damage|p2a: Bastil|42\/100 brn|[from] brn\n|upkeep\n|turn|8\n|\n|t:|1701190485\n|switch|p2a: Narita|Persian, F|100\/100\n|switch|p1a: Toxapex|Toxapex, F|100\/100\n|\n|upkeep\n|turn|9\n|\n|t:|1701190491\n|move|p2a: Narita|Switcheroo|p1a: Toxapex\n|-activate|p2a: Narita|move: Trick|[of] p1a: Toxapex\n|-item|p1a: Toxapex|Choice Band|[from] move: Switcheroo\n|-item|p2a: Narita|Rocky Helmet|[from] move: Switcheroo\n|move|p1a: Toxapex|Infestation|p2a: Narita\n|-damage|p2a: Narita|95\/100\n|-activate|p2a: Narita|move: Infestation|[of] p1a: Toxapex\n|-damage|p1a: Toxapex|84\/100|[from] item: Rocky Helmet|[of] p2a: Narita\n|\n|-damage|p2a: Narita|83\/100|[from] move: Infestation|[partiallytrapped]\n|upkeep\n|turn|10\n|\n|t:|1701190503\n|switch|p1a: Cofagrigus|Cofagrigus, F|19\/100 tox\n|move|p2a: Narita|Double-Edge|p1a: Cofagrigus\n|-immune|p1a: Cofagrigus\n|\n|-heal|p1a: Cofagrigus|25\/100 tox|[from] item: Leftovers\n|-damage|p1a: Cofagrigus|19\/100 tox|[from] psn\n|-end|p2a: Narita|Infestation|[partiallytrapped]|[silent]\n|upkeep\n|turn|11\n|\n|t:|1701190514\n|move|p2a: Narita|Knock Off|p1a: Cofagrigus\n|-supereffective|p1a: Cofagrigus\n|-damage|p1a: Cofagrigus|0 fnt\n|-activate|p1a: Cofagrigus|ability: Mummy|Technician|[of] p2a: Narita\n|-enditem|p1a: Cofagrigus|Leftovers|[from] move: Knock Off|[of] p2a: Narita\n|faint|p1a: Cofagrigus\n|\n|upkeep\n|\n|t:|1701190532\n|switch|p1a: Mienshao|Mienshao, M|100\/100\n|turn|12\n|\n|t:|1701190536\n|switch|p2a: T\u00f3ng|Mawile, M|100\/100\n|-ability|p2a: T\u00f3ng|Intimidate|boost\n|-unboost|p1a: Mienshao|atk|1\n|move|p1a: Mienshao|Fake Out|p2a: T\u00f3ng\n|-resisted|p2a: T\u00f3ng\n|-damage|p2a: T\u00f3ng|94\/100\n|\n|upkeep\n|turn|13\n|\n|t:|1701190548\n|detailschange|p2a: T\u00f3ng|Mawile-Mega, M\n|-mega|p2a: T\u00f3ng|Mawile|Mawilite\n|move|p1a: Mienshao|U-turn|p2a: T\u00f3ng\n|-resisted|p2a: T\u00f3ng\n|-damage|p2a: T\u00f3ng|91\/100\n|\n|t:|1701190553\n|switch|p1a: Landorus|Landorus-Therian, M|100\/100|[from] U-turn\n|-ability|p1a: Landorus|Intimidate|boost\n|-unboost|p2a: T\u00f3ng|atk|1\n|move|p2a: T\u00f3ng|Play Rough|p1a: Landorus\n|-damage|p1a: Landorus|35\/100\n|\n|upkeep\n|turn|14\n|\n|t:|1701190566\n|switch|p2a: Ragsazza|Simipour, F|100\/100\n|move|p1a: Landorus|Earthquake|p2a: Ragsazza\n|-enditem|p2a: Ragsazza|Focus Sash\n|-damage|p2a: Ragsazza|1\/100\n|\n|upkeep\n|turn|15\n|\n|t:|1701190576\n|switch|p1a: Rotom|Rotom-Wash|100\/100\n|move|p2a: Ragsazza|Ice Beam|p1a: Rotom\n|-resisted|p1a: Rotom\n|-damage|p1a: Rotom|83\/100\n|\n|upkeep\n|turn|16\n|\n|t:|1701190605\n|switch|p2a: Bastil|Bayleef, F|42\/100 brn\n|move|p1a: Rotom|Volt Switch|p2a: Bastil\n|-resisted|p2a: Bastil\n|-damage|p2a: Bastil|30\/100 brn\n|\n|t:|1701190613\n|switch|p1a: Landorus|Landorus-Therian, M|35\/100|[from] Volt Switch\n|-ability|p1a: Landorus|Intimidate|boost\n|-unboost|p2a: Bastil|atk|1\n|\n|-damage|p2a: Bastil|24\/100 brn|[from] brn\n|upkeep\n|turn|17\n|\n|t:|1701190646\n|move|p1a: Landorus|U-turn|p2a: Bastil\n|-supereffective|p2a: Bastil\n|-damage|p2a: Bastil|0 fnt\n|faint|p2a: Bastil\n|\n|t:|1701190658\n|switch|p1a: Mienshao|Mienshao, M|100\/100|[from] U-turn\n|\n|upkeep\n|\n|t:|1701190675\n|switch|p2a: T\u00f3ng|Mawile-Mega, M|91\/100\n|turn|18\n|\n|t:|1701190683\n|move|p1a: Mienshao|Fake Out|p2a: T\u00f3ng\n|-resisted|p2a: T\u00f3ng\n|-damage|p2a: T\u00f3ng|84\/100\n|cant|p2a: T\u00f3ng|flinch\n|\n|upkeep\n|turn|19\n|\n|t:|1701190693\n|move|p1a: Mienshao|U-turn|p2a: T\u00f3ng\n|-resisted|p2a: T\u00f3ng\n|-damage|p2a: T\u00f3ng|79\/100\n|\n|t:|1701190698\n|switch|p1a: Toxapex|Toxapex, F|100\/100|[from] U-turn\n|move|p2a: T\u00f3ng|Play Rough|p1a: Toxapex\n|-resisted|p1a: Toxapex\n|-damage|p1a: Toxapex|78\/100\n|\n|upkeep\n|turn|20\n|\n|t:|1701190710\n|switch|p2a: Hmaramy|Drampa, M|100\/100\n|move|p1a: Toxapex|Toxic Spikes|p2a: Hmaramy\n|-sidestart|p2: Sing & Play|move: Toxic Spikes\n|\n|upkeep\n|turn|21\n|\n|t:|1701190721\n|switch|p1a: Mienshao|Mienshao, M|100\/100\n|move|p2a: Hmaramy|Substitute|p2a: Hmaramy\n|-start|p2a: Hmaramy|Substitute\n|-damage|p2a: Hmaramy|75\/100\n|\n|upkeep\n|turn|22\n|\n|t:|1701190732\n|move|p1a: Mienshao|Fake Out|p2a: Hmaramy\n|-activate|p2a: Hmaramy|move: Substitute|[damage]\n|move|p2a: Hmaramy|Dragon Pulse|p1a: Mienshao\n|-damage|p1a: Mienshao|52\/100\n|\n|upkeep\n|turn|23\n|\n|t:|1701190744\n|move|p1a: Mienshao|U-turn|p2a: Hmaramy\n|-end|p2a: Hmaramy|Substitute\n|\n|t:|1701190751\n|switch|p1a: Toxapex|Toxapex, F|100\/100|[from] U-turn\n|move|p2a: Hmaramy|Dragon Pulse|p1a: Toxapex\n|-damage|p1a: Toxapex|57\/100\n|\n|upkeep\n|turn|24\n|\n|t:|1701190759\n|move|p2a: Hmaramy|Substitute|p2a: Hmaramy\n|-start|p2a: Hmaramy|Substitute\n|-damage|p2a: Hmaramy|50\/100\n|-enditem|p2a: Hmaramy|Sitrus Berry|[eat]\n|-heal|p2a: Hmaramy|75\/100|[from] item: Sitrus Berry\n|move|p1a: Toxapex|Infestation|p2a: Hmaramy\n|-activate|p2a: Hmaramy|move: Substitute|[damage]\n|\n|upkeep\n|turn|25\n|\n|t:|1701190769\n|move|p2a: Hmaramy|Thunderbolt|p1a: Toxapex\n|-supereffective|p1a: Toxapex\n|-damage|p1a: Toxapex|0 fnt\n|faint|p1a: Toxapex\n|\n|upkeep\n|\n|t:|1701190778\n|switch|p1a: Mienshao|Mienshao, M|85\/100\n|turn|26\n|\n|t:|1701190789\n|move|p1a: Mienshao|Drain Punch|p2a: Hmaramy\n|-supereffective|p2a: Hmaramy\n|-end|p2a: Hmaramy|Substitute\n|-heal|p1a: Mienshao|97\/100|[from] drain|[of] p2a: Hmaramy\n|move|p2a: Hmaramy|Dragon Pulse|p1a: Mienshao\n|-damage|p1a: Mienshao|49\/100\n|\n|upkeep\n|turn|27\n|\n|t:|1701190813\n|switch|p2a: Ragsazza|Simipour, F|1\/100\n|-status|p2a: Ragsazza|psn\n|move|p1a: Mienshao|Drain Punch|p2a: Ragsazza\n|-damage|p2a: Ragsazza|0 fnt\n|-heal|p1a: Mienshao|50\/100|[from] drain|[of] p2a: Ragsazza\n|faint|p2a: Ragsazza\n|\n|upkeep\n|\n|t:|1701190841\n|switch|p2a: T\u00f3ng|Mawile-Mega, M|79\/100\n|turn|28\n|\n|t:|1701190848\n|move|p1a: Mienshao|U-turn|p2a: T\u00f3ng\n|-resisted|p2a: T\u00f3ng\n|-damage|p2a: T\u00f3ng|74\/100\n|\n|t:|1701190855\n|switch|p1a: Rotom|Rotom-Wash|83\/100|[from] U-turn\n|move|p2a: T\u00f3ng|Play Rough|p1a: Rotom\n|-damage|p1a: Rotom|0 fnt\n|faint|p1a: Rotom\n|\n|upkeep\n|\n|t:|1701190862\n|switch|p1a: Landorus|Landorus-Therian, M|35\/100\n|-ability|p1a: Landorus|Intimidate|boost\n|-unboost|p2a: T\u00f3ng|atk|1\n|turn|29\n|\n|t:|1701190868\n|switch|p2a: Engoli|Mothim, M|100\/100\n|move|p1a: Landorus|Earthquake|p2a: Engoli\n|-immune|p2a: Engoli\n|\n|upkeep\n|turn|30\n|\n|t:|1701190881\n|move|p2a: Engoli|Air Slash|p1a: Landorus\n|-damage|p1a: Landorus|0 fnt\n|faint|p1a: Landorus\n|\n|upkeep\n|\n|t:|1701190887\n|switch|p1a: Mienshao|Mienshao, M|83\/100\n|turn|31\n|\n|t:|1701190891\n|switch|p2a: Narita|Persian, F|83\/100\n|-status|p2a: Narita|psn\n|move|p1a: Mienshao|Fake Out|p2a: Narita\n|-crit|p2a: Narita\n|-damage|p2a: Narita|41\/100 psn\n|-damage|p1a: Mienshao|66\/100|[from] item: Rocky Helmet|[of] p2a: Narita\n|\n|-damage|p2a: Narita|29\/100 psn|[from] psn\n|upkeep\n|turn|32\n|\n|t:|1701190914\n|move|p2a: Narita|Fake Out|p1a: Mienshao\n|-damage|p1a: Mienshao|34\/100\n|cant|p1a: Mienshao|flinch\n|\n|-damage|p2a: Narita|17\/100 psn|[from] psn\n|upkeep\n|turn|33\n|\n|t:|1701190921\n|move|p2a: Narita|Double-Edge|p1a: Mienshao\n|-damage|p1a: Mienshao|0 fnt\n|faint|p1a: Mienshao\n|-damage|p2a: Narita|3\/100 psn|[from] Recoil\n|\n|win|Sing & Play\n|raw|Monodrainpunch's rating: 1136 &rarr; <strong>1110<\/strong><br \/>(-26 for losing)\n|raw|Sing &amp; Play's rating: 1116 &rarr; <strong>1142<\/strong><br \/>(+26 for winning)\n","uploadtime":1701190934,"views":11,"p1id":"monodrainpunch","p2id":"singplay","formatid":"gen9nationaldex","rating":1110,"private":0,"password":""}