{"id":"gen9nationaldex-1987001339","p1":"GDwarriorMC7264","p2":"Tripb85","format":"[Gen 9] National Dex","log":"|j|\u2606GDwarriorMC7264\n|j|\u2606Tripb85\n|t:|1699548029\n|gametype|singles\n|player|p1|GDwarriorMC7264|swimmerf|1038\n|player|p2|Tripb85|silver-masters|1098\n|teamsize|p1|6\n|teamsize|p2|6\n|gen|9\n|tier|[Gen 9] National Dex\n|rated|\n|rule|HP Percentage Mod: HP is shown in percentages\n|rule|Endless Battle Clause: Forcing endless battles is banned\n|rule|OHKO Clause: OHKO moves are banned\n|rule|Evasion Clause: Evasion abilities, items, and moves are banned\n|rule|Evasion Abilities Clause: Evasion abilities are banned\n|rule|Evasion Items Clause: Evasion items are banned\n|rule|Evasion Moves Clause: Evasion moves are banned\n|rule|Species Clause: Limit one of each Pok\u00e9mon\n|rule|Sleep Clause Mod: Limit one foe put to sleep\n|clearpoke\n|poke|p1|Scizor, M|\n|poke|p1|Greninja-*, M|\n|poke|p1|Clefable, M|\n|poke|p1|Gardevoir, F|\n|poke|p1|Heatran, M|\n|poke|p1|Serperior, M|\n|poke|p2|Grimmsnarl, M|\n|poke|p2|Volcarona, F|\n|poke|p2|Great Tusk|\n|poke|p2|Hatterene, F|\n|poke|p2|Blaziken, F|\n|poke|p2|Mimikyu, M|\n|teampreview\n|\n|t:|1699548038\n|start\n|switch|p1a: C-Moon|Scizor, M, shiny|100\/100\n|switch|p2a: Gremlin|Grimmsnarl, M|100\/100\n|turn|1\n|\n|t:|1699548045\n|move|p2a: Gremlin|Taunt|p1a: C-Moon\n|-start|p1a: C-Moon|move: Taunt\n|cant|p1a: C-Moon|move: Taunt|Swords Dance\n|\n|upkeep\n|turn|2\n|\n|t:|1699548051\n|move|p1a: C-Moon|Bullet Punch|p2a: Gremlin\n|-supereffective|p2a: Gremlin\n|-damage|p2a: Gremlin|42\/100\n|move|p2a: Gremlin|Reflect|p2a: Gremlin\n|-sidestart|p2: Tripb85|Reflect\n|\n|upkeep\n|turn|3\n|\n|t:|1699548060\n|move|p1a: C-Moon|Bullet Punch|p2a: Gremlin\n|-supereffective|p2a: Gremlin\n|-damage|p2a: Gremlin|12\/100\n|move|p2a: Gremlin|Parting Shot|p1a: C-Moon\n|-unboost|p1a: C-Moon|atk|1\n|-unboost|p1a: C-Moon|spa|1\n|\n|t:|1699548079\n|switch|p2a: Mothra|Volcarona, F, shiny|100\/100|[from] Parting Shot\n|\n|-end|p1a: C-Moon|move: Taunt\n|upkeep\n|turn|4\n|\n|t:|1699548086\n|move|p1a: C-Moon|Bullet Punch|p2a: Mothra\n|-resisted|p2a: Mothra\n|-damage|p2a: Mothra|94\/100\n|-status|p1a: C-Moon|brn|[from] ability: Flame Body|[of] p2a: Mothra\n|move|p2a: Mothra|Quiver Dance|p2a: Mothra\n|-boost|p2a: Mothra|spa|1\n|-boost|p2a: Mothra|spd|1\n|-boost|p2a: Mothra|spe|1\n|\n|-damage|p1a: C-Moon|94\/100 brn|[from] brn\n|upkeep\n|turn|5\n|\n|t:|1699548098\n|move|p1a: C-Moon|Bullet Punch|p2a: Mothra\n|-resisted|p2a: Mothra\n|-damage|p2a: Mothra|91\/100\n|move|p2a: Mothra|Quiver Dance|p2a: Mothra\n|-boost|p2a: Mothra|spa|1\n|-boost|p2a: Mothra|spd|1\n|-boost|p2a: Mothra|spe|1\n|\n|-damage|p1a: C-Moon|88\/100 brn|[from] brn\n|upkeep\n|turn|6\n|c|\u2606Tripb85|?\n|\n|t:|1699548115\n|switch|p1a: Shadow|Greninja, M|100\/100\n|move|p2a: Mothra|Quiver Dance|p2a: Mothra\n|-boost|p2a: Mothra|spa|1\n|-boost|p2a: Mothra|spd|1\n|-boost|p2a: Mothra|spe|1\n|\n|upkeep\n|turn|7\n|j| pokegirl457\n|\n|t:|1699548134\n|move|p1a: Shadow|Water Shuriken|p2a: Mothra\n|-supereffective|p2a: Mothra\n|-damage|p2a: Mothra|83\/100\n|-supereffective|p2a: Mothra\n|-damage|p2a: Mothra|76\/100\n|-supereffective|p2a: Mothra\n|-damage|p2a: Mothra|69\/100\n|-hitcount|p2a: Mothra|3\n|move|p2a: Mothra|Giga Drain|p1a: Shadow\n|-supereffective|p1a: Shadow\n|-damage|p1a: Shadow|0 fnt\n|-heal|p2a: Mothra|100\/100|[from] drain|[of] p1a: Shadow\n|faint|p1a: Shadow\n|\n|upkeep\n|j| Lostlighter\n|j| Reality_Check56\n|j| Truth N Ideals\n|\n|t:|1699548147\n|switch|p1a: Heatran|Heatran, M|100\/100\n|turn|8\n|\n|t:|1699548155\n|-terastallize|p2a: Mothra|Ground\n|move|p2a: Mothra|Tera Blast|p1a: Heatran|[anim] Tera Blast Ground\n|-supereffective|p1a: Heatran\n|-damage|p1a: Heatran|0 fnt\n|faint|p1a: Heatran\n|\n|upkeep\n|\n|t:|1699548162\n|switch|p1a: Gardevoir|Gardevoir, F, shiny|100\/100\n|turn|9\n|c|\u2606Tripb85|i sweep from here btw\n|\n|t:|1699548173\n|detailschange|p1a: Gardevoir|Gardevoir-Mega, F, shiny\n|-mega|p1a: Gardevoir|Gardevoir|Gardevoirite\n|move|p2a: Mothra|Fiery Dance|p1a: Gardevoir\n|-damage|p1a: Gardevoir|0 fnt\n|faint|p1a: Gardevoir\n|\n|-sideend|p2: Tripb85|Reflect\n|upkeep\n|l| Lostlighter\n|\n|t:|1699548179\n|switch|p1a: Superior|Serperior, M, shiny|100\/100\n|turn|10\n|\n|t:|1699548185\n|move|p2a: Mothra|Fiery Dance|p1a: Superior\n|-supereffective|p1a: Superior\n|-damage|p1a: Superior|0 fnt\n|-boost|p2a: Mothra|spa|1\n|faint|p1a: Superior\n|\n|upkeep\n|\n|t:|1699548191\n|switch|p1a: Clefable|Clefable, M|100\/100\n|turn|11\n|l| Reality_Check56\n|\n|t:|1699548197\n|-terastallize|p1a: Clefable|Fairy\n|move|p2a: Mothra|Fiery Dance|p1a: Clefable\n|-damage|p1a: Clefable|0 fnt\n|faint|p1a: Clefable\n|\n|upkeep\n|\n|t:|1699548203\n|switch|p1a: C-Moon|Scizor, M, shiny|88\/100 brn\n|turn|12\n|\n|t:|1699548211\n|move|p1a: C-Moon|Bullet Punch|p2a: Mothra\n|-damage|p2a: Mothra|81\/100\n|move|p2a: Mothra|Fiery Dance|p1a: C-Moon\n|-supereffective|p1a: C-Moon\n|-damage|p1a: C-Moon|0 fnt\n|-boost|p2a: Mothra|spa|1\n|faint|p1a: C-Moon\n|\n|win|Tripb85\n|raw|GDwarriorMC7264's rating: 1038 &rarr; <strong>1025<\/strong><br \/>(-13 for losing)\n|raw|Tripb85's rating: 1098 &rarr; <strong>1119<\/strong><br \/>(+21 for winning)\n|l| pokegirl457\n|c|\u2606Tripb85|pro tip\n|c|\u2606Tripb85|dont let your opponent set up like that next time\n|l|\u2606Tripb85\n|l|\u2606GDwarriorMC7264\n|l| Truth N Ideals\n|j|\u2606Tripb85\n|player|p2|Tripb85|silver-masters\n|j| Animemer\n|l| Animemer\n","uploadtime":1699548945,"views":4,"p1id":"gdwarriormc7264","p2id":"tripb85","formatid":"gen9nationaldex","rating":1025,"private":0,"password":""}