{"id":"gen9nationaldex-1996667318","p1":"Awkward irony","p2":"Onlymanever","format":"[Gen 9] National Dex","log":"|html|<div class=\"broadcast-blue\"><strong>[Gen 9] National Dex is currently suspecting Sneasler! For information on how to participate check out the <a href=\"https:\/\/www.smogon.com\/forums\/threads\/sv-national-dex-suspect-8-just-dance.3731534\/\">suspect thread<\/a>.<\/strong><\/div>\n|j|\u2606Awkward irony\n|j|\u203dOnlymanever\n|t:|1700707262\n|gametype|singles\n|player|p1|Awkward irony|266|1052\n|player|p2|Onlymanever|lyra|1021\n|teamsize|p1|6\n|teamsize|p2|6\n|gen|9\n|tier|[Gen 9] National Dex\n|rated|\n|rule|HP Percentage Mod: HP is shown in percentages\n|rule|Endless Battle Clause: Forcing endless battles is banned\n|rule|OHKO Clause: OHKO moves are banned\n|rule|Evasion Clause: Evasion abilities, items, and moves are banned\n|rule|Evasion Abilities Clause: Evasion abilities are banned\n|rule|Evasion Items Clause: Evasion items are banned\n|rule|Evasion Moves Clause: Evasion moves are banned\n|rule|Species Clause: Limit one of each Pok\u00e9mon\n|rule|Sleep Clause Mod: Limit one foe put to sleep\n|clearpoke\n|poke|p1|Turtonator, F|\n|poke|p1|Granbull, F|\n|poke|p1|Machamp, M|\n|poke|p1|Farigiraf, F|\n|poke|p1|Typhlosion, M|\n|poke|p1|Pawmot, F|\n|poke|p2|Mr. Mime, F|\n|poke|p2|Inteleon, M|\n|poke|p2|Gallade, M|\n|poke|p2|Arcanine, M|\n|poke|p2|Staraptor, F|\n|poke|p2|Electivire, M|\n|teampreview\n|inactive|Battle timer is ON: inactive players will automatically lose when time's up. (requested by Onlymanever)\n|\n|t:|1700707284\n|start\n|switch|p1a: Turtonator|Turtonator, F|100\/100\n|switch|p2a: Inteleon|Inteleon, M|100\/100\n|turn|1\n|\n|t:|1700707305\n|switch|p1a: Granbull|Granbull, F|100\/100\n|-ability|p1a: Granbull|Intimidate|boost\n|-unboost|p2a: Inteleon|atk|1\n|move|p2a: Inteleon|Snipe Shot|p1a: Granbull\n|-crit|p1a: Granbull\n|-damage|p1a: Granbull|8\/100\n|\n|upkeep\n|turn|2\n|\n|t:|1700707319\n|move|p2a: Inteleon|Aqua Jet|p1a: Granbull\n|-damage|p1a: Granbull|0 fnt\n|faint|p1a: Granbull\n|\n|upkeep\n|\n|t:|1700707323\n|switch|p1a: Pawmot|Pawmot, F|100\/100\n|turn|3\n|\n|t:|1700707334\n|switch|p2a: Electivire|Electivire, M|100\/100\n|move|p1a: Pawmot|Thunder Punch|p2a: Electivire\n|-ability|p2a: Electivire|Motor Drive|boost\n|-boost|p2a: Electivire|spe|1\n|\n|upkeep\n|turn|4\n|\n|t:|1700707343\n|switch|p1a: Farigiraf|Farigiraf, F|100\/100\n|move|p2a: Electivire|Meditate|p2a: Electivire\n|-boost|p2a: Electivire|atk|1\n|\n|upkeep\n|turn|5\n|\n|t:|1700707359\n|move|p2a: Electivire|Thunder Punch|p1a: Farigiraf\n|-damage|p1a: Farigiraf|53\/100\n|move|p1a: Farigiraf|Psychic|p2a: Electivire\n|-damage|p2a: Electivire|55\/100\n|\n|-heal|p2a: Electivire|61\/100|[from] item: Leftovers\n|upkeep\n|turn|6\n|\n|t:|1700707368\n|move|p2a: Electivire|Thunder Punch|p1a: Farigiraf\n|-damage|p1a: Farigiraf|7\/100\n|-enditem|p1a: Farigiraf|Aguav Berry|[eat]\n|-heal|p1a: Farigiraf|40\/100|[from] item: Aguav Berry\n|move|p1a: Farigiraf|Recycle|p1a: Farigiraf\n|-item|p1a: Farigiraf|Aguav Berry|[from] move: Recycle\n|\n|-heal|p2a: Electivire|67\/100|[from] item: Leftovers\n|upkeep\n|turn|7\n|\n|t:|1700707384\n|switch|p1a: Turtonator|Turtonator, F|100\/100\n|move|p2a: Electivire|Thunder Punch|p1a: Turtonator\n|-resisted|p1a: Turtonator\n|-damage|p1a: Turtonator|78\/100\n|\n|-heal|p2a: Electivire|73\/100|[from] item: Leftovers\n|-heal|p1a: Turtonator|84\/100|[from] item: Leftovers\n|upkeep\n|turn|8\n|\n|t:|1700707395\n|move|p2a: Electivire|Meditate|p2a: Electivire\n|-boost|p2a: Electivire|atk|1\n|move|p1a: Turtonator|Iron Defense|p1a: Turtonator\n|-boost|p1a: Turtonator|def|2\n|\n|-heal|p2a: Electivire|79\/100|[from] item: Leftovers\n|-heal|p1a: Turtonator|91\/100|[from] item: Leftovers\n|upkeep\n|turn|9\n|\n|t:|1700707408\n|switch|p2a: Inteleon|Inteleon, M|100\/100\n|move|p1a: Turtonator|Flamethrower|p2a: Inteleon\n|-resisted|p2a: Inteleon\n|-damage|p2a: Inteleon|77\/100\n|\n|-heal|p2a: Inteleon|83\/100|[from] item: Leftovers\n|-heal|p1a: Turtonator|97\/100|[from] item: Leftovers\n|upkeep\n|turn|10\n|\n|t:|1700707421\n|switch|p1a: Farigiraf|Farigiraf, F|40\/100\n|move|p2a: Inteleon|Snipe Shot|p1a: Farigiraf\n|-damage|p1a: Farigiraf|4\/100\n|-enditem|p1a: Farigiraf|Aguav Berry|[eat]\n|-heal|p1a: Farigiraf|37\/100|[from] item: Aguav Berry\n|\n|-heal|p2a: Inteleon|89\/100|[from] item: Leftovers\n|upkeep\n|turn|11\n|\n|t:|1700707439\n|-terastallize|p1a: Farigiraf|Steel\n|move|p2a: Inteleon|Snipe Shot|p1a: Farigiraf\n|-damage|p1a: Farigiraf|0 fnt\n|faint|p1a: Farigiraf\n|\n|-heal|p2a: Inteleon|95\/100|[from] item: Leftovers\n|upkeep\n|\n|t:|1700707445\n|switch|p1a: Machamp|Machamp, M|100\/100\n|turn|12\n|\n|t:|1700707461\n|switch|p2a: Staraptor|Staraptor, F|100\/100\n|move|p1a: Machamp|Protect||[still]\n|-fail|p1a: Machamp\n|\n|-status|p1a: Machamp|brn|[from] item: Flame Orb\n|upkeep\n|turn|13\n|\n|t:|1700707473\n|switch|p1a: Turtonator|Turtonator, F|97\/100\n|move|p2a: Staraptor|Brave Bird|p1a: Turtonator\n|-damage|p1a: Turtonator|35\/100\n|-damage|p2a: Staraptor|79\/100|[from] Recoil\n|\n|-heal|p2a: Staraptor|85\/100|[from] item: Leftovers\n|-heal|p1a: Turtonator|41\/100|[from] item: Leftovers\n|upkeep\n|turn|14\n|\n|t:|1700707484\n|move|p2a: Staraptor|Brave Bird|p1a: Turtonator\n|-damage|p1a: Turtonator|0 fnt\n|faint|p1a: Turtonator\n|-damage|p2a: Staraptor|72\/100|[from] Recoil\n|\n|-heal|p2a: Staraptor|78\/100|[from] item: Leftovers\n|upkeep\n|\n|t:|1700707492\n|switch|p1a: Pawmot|Pawmot, F|100\/100\n|turn|15\n|\n|t:|1700707502\n|switch|p2a: Electivire|Electivire, M|79\/100\n|move|p1a: Pawmot|Thunder Punch|p2a: Electivire\n|-ability|p2a: Electivire|Motor Drive|boost\n|-boost|p2a: Electivire|spe|1\n|\n|-heal|p2a: Electivire|85\/100|[from] item: Leftovers\n|upkeep\n|turn|16\n|\n|t:|1700707512\n|switch|p1a: Machamp|Machamp, M|100\/100 brn\n|move|p2a: Electivire|Meditate|p2a: Electivire\n|-boost|p2a: Electivire|atk|1\n|\n|-heal|p2a: Electivire|91\/100|[from] item: Leftovers\n|-damage|p1a: Machamp|94\/100 brn|[from] brn\n|upkeep\n|turn|17\n|\n|t:|1700707522\n|move|p2a: Electivire|Thunder Punch|p1a: Machamp\n|-damage|p1a: Machamp|39\/100 brn\n|move|p1a: Machamp|Facade|p2a: Electivire\n|-damage|p2a: Electivire|0 fnt\n|faint|p2a: Electivire\n|\n|-damage|p1a: Machamp|32\/100 brn|[from] brn\n|upkeep\n|\n|t:|1700707551\n|switch|p2a: Mr. Mime|Mr. Mime, F|100\/100\n|turn|18\n|\n|t:|1700707564\n|move|p2a: Mr. Mime|Psychic|p1a: Machamp\n|-supereffective|p1a: Machamp\n|-damage|p1a: Machamp|0 fnt\n|faint|p1a: Machamp\n|\n|upkeep\n|\n|t:|1700707568\n|switch|p1a: Typhlosion|Typhlosion, M|100\/100\n|turn|19\n|\n|t:|1700707573\n|switch|p2a: Arcanine|Arcanine, M|100\/100\n|move|p1a: Typhlosion|Eruption|p2a: Arcanine\n|-start|p2a: Arcanine|ability: Flash Fire\n|\n|upkeep\n|turn|20\n|\n|t:|1700707580\n|switch|p1a: Pawmot|Pawmot, F|100\/100\n|move|p2a: Arcanine|Howl|p2a: Arcanine\n|-boost|p2a: Arcanine|atk|1\n|\n|upkeep\n|turn|21\n|\n|t:|1700707587\n|move|p1a: Pawmot|Close Combat|p2a: Arcanine\n|-damage|p2a: Arcanine|0 fnt\n|-unboost|p1a: Pawmot|def|1\n|-unboost|p1a: Pawmot|spd|1\n|faint|p2a: Arcanine\n|\n|upkeep\n|\n|t:|1700707593\n|switch|p2a: Staraptor|Staraptor, F|78\/100\n|turn|22\n|\n|t:|1700707597\n|switch|p1a: Typhlosion|Typhlosion, M|100\/100\n|move|p2a: Staraptor|Brave Bird|p1a: Typhlosion\n|-damage|p1a: Typhlosion|0 fnt\n|faint|p1a: Typhlosion\n|-damage|p2a: Staraptor|46\/100|[from] Recoil\n|\n|-heal|p2a: Staraptor|52\/100|[from] item: Leftovers\n|upkeep\n|\n|t:|1700707601\n|switch|p1a: Pawmot|Pawmot, F|100\/100\n|turn|23\n|\n|t:|1700707611\n|-terastallize|p2a: Staraptor|Fighting\n|move|p1a: Pawmot|Thunder Punch|p2a: Staraptor\n|-crit|p2a: Staraptor\n|-damage|p2a: Staraptor|0 fnt\n|faint|p2a: Staraptor\n|\n|upkeep\n|\n|t:|1700707618\n|switch|p2a: Gallade|Gallade, M|100\/100\n|turn|24\n|\n|t:|1700707623\n|move|p1a: Pawmot|Thunder Punch|p2a: Gallade\n|-damage|p2a: Gallade|9\/100\n|move|p2a: Gallade|Psycho Cut|p1a: Pawmot\n|-supereffective|p1a: Pawmot\n|-damage|p1a: Pawmot|0 fnt\n|faint|p1a: Pawmot\n|\n|win|Onlymanever\n|raw|Awkward irony's rating: 1052 &rarr; <strong>1033<\/strong><br \/>(-19 for losing)\n|raw|Onlymanever's rating: 1021 &rarr; <strong>1061<\/strong><br \/>(+40 for winning)\n|l|\u2606Awkward irony\n","uploadtime":1700707632,"views":1,"p1id":"awkwardirony","p2id":"onlymanever","formatid":"gen9nationaldex","rating":1033,"private":0,"password":""}