{"id":"gen9nationaldex-1989248699","p1":"osodelclima","p2":"Brick_Enjoyer_144","format":"[Gen 9] National Dex","log":"|j|\u2606osodelclima\n|j|\u2606Brick_Enjoyer_144\n|t:|1699827850\n|gametype|singles\n|player|p1|osodelclima|102|1154\n|player|p2|Brick_Enjoyer_144|shauntal|1149\n|teamsize|p1|6\n|teamsize|p2|6\n|gen|9\n|tier|[Gen 9] National Dex\n|rated|\n|rule|HP Percentage Mod: HP is shown in percentages\n|rule|Endless Battle Clause: Forcing endless battles is banned\n|rule|OHKO Clause: OHKO moves are banned\n|rule|Evasion Clause: Evasion abilities, items, and moves are banned\n|rule|Evasion Abilities Clause: Evasion abilities are banned\n|rule|Evasion Items Clause: Evasion items are banned\n|rule|Evasion Moves Clause: Evasion moves are banned\n|rule|Species Clause: Limit one of each Pok\u00e9mon\n|rule|Sleep Clause Mod: Limit one foe put to sleep\n|clearpoke\n|poke|p1|Sawsbuck, M|\n|poke|p1|Ninetales, F|\n|poke|p1|Darmanitan, M|\n|poke|p1|Vikavolt, M|\n|poke|p1|Venusaur, F|\n|poke|p1|Donphan, F|\n|poke|p2|Iron Valiant|\n|poke|p2|Medicham, F|\n|poke|p2|Durant, F|\n|poke|p2|Urshifu-*, M|\n|poke|p2|Hydreigon, F|\n|poke|p2|Maushold|\n|teampreview\n|inactive|Battle timer is ON: inactive players will automatically lose when time's up. (requested by Brick_Enjoyer_144)\n|\n|t:|1699827856\n|start\n|switch|p1a: Vikavolt|Vikavolt, M|100\/100\n|switch|p2a: Durant|Durant, F|100\/100\n|turn|1\n|\n|t:|1699827864\n|move|p2a: Durant|Hone Claws|p2a: Durant\n|-boost|p2a: Durant|atk|1\n|-boost|p2a: Durant|accuracy|1\n|move|p1a: Vikavolt|Thunder Wave|p2a: Durant\n|-status|p2a: Durant|par\n|\n|upkeep\n|turn|2\n|\n|t:|1699827875\n|move|p2a: Durant|Crunch|p1a: Vikavolt\n|-damage|p1a: Vikavolt|44\/100\n|move|p1a: Vikavolt|Sticky Web|p2a: Durant\n|-sidestart|p2: Brick_Enjoyer_144|move: Sticky Web\n|\n|upkeep\n|turn|3\n|\n|t:|1699827881\n|move|p2a: Durant|Crunch|p1a: Vikavolt\n|-damage|p1a: Vikavolt|0 fnt\n|faint|p1a: Vikavolt\n|\n|upkeep\n|\n|t:|1699827887\n|switch|p1a: Ninetales|Ninetales, F|100\/100\n|-weather|SunnyDay|[from] ability: Drought|[of] p1a: Ninetales\n|turn|4\n|\n|t:|1699827892\n|move|p1a: Ninetales|Flamethrower|p2a: Durant\n|-supereffective|p2a: Durant\n|-enditem|p2a: Durant|Focus Sash\n|-damage|p2a: Durant|1\/100 par\n|move|p2a: Durant|Stomping Tantrum|p1a: Ninetales\n|-supereffective|p1a: Ninetales\n|-damage|p1a: Ninetales|0 fnt\n|faint|p1a: Ninetales\n|\n|-weather|SunnyDay|[upkeep]\n|upkeep\n|\n|t:|1699827909\n|switch|p1a: Sawsbuck|Sawsbuck, M|100\/100\n|turn|5\n|\n|t:|1699827916\n|move|p1a: Sawsbuck|Double-Edge|p2a: Durant\n|-resisted|p2a: Durant\n|-damage|p2a: Durant|0 fnt\n|faint|p2a: Durant\n|-damage|p1a: Sawsbuck|99\/100|[from] Recoil\n|-damage|p1a: Sawsbuck|90\/100|[from] item: Life Orb\n|\n|-weather|SunnyDay|[upkeep]\n|upkeep\n|\n|t:|1699827925\n|switch|p2a: Maushold|Maushold|100\/100\n|-activate|p2a: Maushold|move: Sticky Web\n|-unboost|p2a: Maushold|spe|1\n|turn|6\n|\n|t:|1699827940\n|-terastallize|p1a: Sawsbuck|Normal\n|move|p1a: Sawsbuck|Double-Edge|p2a: Maushold\n|-damage|p2a: Maushold|0 fnt\n|faint|p2a: Maushold\n|-damage|p1a: Sawsbuck|59\/100|[from] Recoil\n|-damage|p1a: Sawsbuck|49\/100|[from] item: Life Orb\n|\n|-weather|SunnyDay|[upkeep]\n|upkeep\n|\n|t:|1699827952\n|switch|p2a: Urshifu|Urshifu-Rapid-Strike, M|100\/100\n|-activate|p2a: Urshifu|move: Sticky Web\n|-unboost|p2a: Urshifu|spe|1\n|turn|7\n|\n|t:|1699827960\n|move|p1a: Sawsbuck|Horn Leech|p2a: Urshifu\n|-supereffective|p2a: Urshifu\n|-damage|p2a: Urshifu|10\/100\n|-heal|p1a: Sawsbuck|99\/100|[from] drain|[of] p2a: Urshifu\n|-damage|p1a: Sawsbuck|90\/100|[from] item: Life Orb\n|move|p2a: Urshifu|Close Combat|p1a: Sawsbuck\n|-supereffective|p1a: Sawsbuck\n|-damage|p1a: Sawsbuck|0 fnt\n|-unboost|p2a: Urshifu|def|1\n|-unboost|p2a: Urshifu|spd|1\n|faint|p1a: Sawsbuck\n|\n|-weather|SunnyDay|[upkeep]\n|upkeep\n|\n|t:|1699827974\n|switch|p1a: Venusaur|Venusaur, F|100\/100\n|turn|8\n|\n|t:|1699827980\n|move|p1a: Venusaur|Growth|p1a: Venusaur\n|-boost|p1a: Venusaur|atk|2\n|-boost|p1a: Venusaur|spa|2\n|move|p2a: Urshifu|Ice Spinner|p1a: Venusaur\n|-supereffective|p1a: Venusaur\n|-damage|p1a: Venusaur|25\/100\n|\n|-weather|SunnyDay|[upkeep]\n|upkeep\n|turn|9\n|\n|t:|1699827989\n|move|p1a: Venusaur|Giga Drain|p2a: Urshifu\n|-supereffective|p2a: Urshifu\n|-damage|p2a: Urshifu|0 fnt\n|-heal|p1a: Venusaur|30\/100|[from] drain|[of] p2a: Urshifu\n|faint|p2a: Urshifu\n|-damage|p1a: Venusaur|20\/100|[from] item: Life Orb\n|\n|-weather|SunnyDay|[upkeep]\n|upkeep\n|\n|t:|1699827993\n|switch|p2a: Hydreigon|Hydreigon, F|100\/100\n|turn|10\n|\n|t:|1699828004\n|move|p1a: Venusaur|Weather Ball|p2a: Hydreigon\n|-resisted|p2a: Hydreigon\n|-damage|p2a: Hydreigon|33\/100\n|-damage|p1a: Venusaur|10\/100|[from] item: Life Orb\n|move|p2a: Hydreigon|Draco Meteor|p1a: Venusaur\n|-damage|p1a: Venusaur|0 fnt\n|-unboost|p2a: Hydreigon|spa|2\n|faint|p1a: Venusaur\n|\n|-weather|SunnyDay|[upkeep]\n|upkeep\n|\n|t:|1699828016\n|switch|p1a: Darmanitan|Darmanitan, M|100\/100\n|turn|11\n|\n|t:|1699828020\n|move|p1a: Darmanitan|Flare Blitz|p2a: Hydreigon\n|-resisted|p2a: Hydreigon\n|-damage|p2a: Hydreigon|0 fnt\n|faint|p2a: Hydreigon\n|-damage|p1a: Darmanitan|91\/100|[from] Recoil\n|\n|-weather|none\n|upkeep\n|\n|t:|1699828030\n|switch|p2a: Iron Valiant|Iron Valiant|100\/100\n|-activate|p2a: Iron Valiant|move: Sticky Web\n|-unboost|p2a: Iron Valiant|spe|1\n|turn|12\n|\n|t:|1699828036\n|move|p1a: Darmanitan|Flare Blitz|p2a: Iron Valiant\n|-damage|p2a: Iron Valiant|0 fnt\n|faint|p2a: Iron Valiant\n|-end|p2a: Iron Valiant|Quark Drive|[silent]\n|-damage|p1a: Darmanitan|63\/100|[from] Recoil\n|\n|upkeep\n|\n|t:|1699828039\n|switch|p2a: Medicham|Medicham, F|100\/100\n|-activate|p2a: Medicham|move: Sticky Web\n|-unboost|p2a: Medicham|spe|1\n|turn|13\n|\n|t:|1699828046\n|detailschange|p2a: Medicham|Medicham-Mega, F\n|-mega|p2a: Medicham|Medicham|Medichamite\n|move|p1a: Darmanitan|Flare Blitz|p2a: Medicham\n|-damage|p2a: Medicham|0 fnt\n|faint|p2a: Medicham\n|-damage|p1a: Darmanitan|39\/100|[from] Recoil\n|\n|win|osodelclima\n|raw|osodelclima's rating: 1154 &rarr; <strong>1179<\/strong><br \/>(+25 for winning)\n|raw|Brick_Enjoyer_144's rating: 1149 &rarr; <strong>1124<\/strong><br \/>(-25 for losing)\n","uploadtime":1699828056,"views":5,"p1id":"osodelclima","p2id":"brickenjoyer144","formatid":"gen9nationaldex","rating":1124,"private":0,"password":""}