{"id":"gen9nationaldex-1989258665","p1":"IplayforFuns","p2":"guaclover26","format":"[Gen 9] National Dex","log":"|j|\u2606IplayforFuns\n|j|\u2606guaclover26\n|t:|1699828921\n|gametype|singles\n|player|p1|IplayforFuns|pokemaniac|1407\n|player|p2|guaclover26|blackbelt-gen4dp|1473\n|teamsize|p1|6\n|teamsize|p2|6\n|gen|9\n|tier|[Gen 9] National Dex\n|rated|\n|rule|HP Percentage Mod: HP is shown in percentages\n|rule|Endless Battle Clause: Forcing endless battles is banned\n|rule|OHKO Clause: OHKO moves are banned\n|rule|Evasion Clause: Evasion abilities, items, and moves are banned\n|rule|Evasion Abilities Clause: Evasion abilities are banned\n|rule|Evasion Items Clause: Evasion items are banned\n|rule|Evasion Moves Clause: Evasion moves are banned\n|rule|Species Clause: Limit one of each Pok\u00e9mon\n|rule|Sleep Clause Mod: Limit one foe put to sleep\n|clearpoke\n|poke|p1|Ceruledge, M|\n|poke|p1|Tapu Koko|\n|poke|p1|Sneasler, F|\n|poke|p1|Ninetales-Alola, F|\n|poke|p1|Iron Valiant|\n|poke|p1|Glimmora, M|\n|poke|p2|Tapu Koko|\n|poke|p2|Xurkitree|\n|poke|p2|Klefki, M|\n|poke|p2|Excadrill, M|\n|poke|p2|Moltres|\n|poke|p2|Conkeldurr, M|\n|teampreview\n|inactive|Battle timer is ON: inactive players will automatically lose when time's up. (requested by guaclover26)\n|\n|t:|1699828935\n|start\n|switch|p1a: Rocky|Glimmora, M, shiny|100\/100\n|switch|p2a: Tapu Koko|Tapu Koko|100\/100\n|-fieldstart|move: Electric Terrain|[from] ability: Electric Surge|[of] p2a: Tapu Koko\n|turn|1\n|\n|t:|1699828939\n|switch|p2a: Excadrill|Excadrill, M|100\/100\n|move|p1a: Rocky|Earth Power|p2a: Excadrill\n|-supereffective|p2a: Excadrill\n|-crit|p2a: Excadrill\n|-damage|p2a: Excadrill|8\/100\n|\n|-heal|p2a: Excadrill|14\/100|[from] item: Leftovers\n|upkeep\n|turn|2\n|\n|t:|1699828943\n|move|p2a: Excadrill|Earthquake|p1a: Rocky\n|-supereffective|p1a: Rocky\n|-enditem|p1a: Rocky|Focus Sash\n|-damage|p1a: Rocky|1\/100\n|-activate|p1a: Rocky|ability: Toxic Debris\n|-sidestart|p2: guaclover26|move: Toxic Spikes\n|move|p1a: Rocky|Earth Power|p2a: Excadrill\n|-supereffective|p2a: Excadrill\n|-damage|p2a: Excadrill|0 fnt\n|faint|p2a: Excadrill\n|\n|upkeep\n|\n|t:|1699828948\n|switch|p2a: Xurkitree|Xurkitree|100\/100\n|-status|p2a: Xurkitree|psn\n|turn|3\n|\n|t:|1699828964\n|move|p2a: Xurkitree|Rising Voltage|p1a: Rocky\n|-hint|Rising Voltage's BP doubled on grounded target.\n|-damage|p1a: Rocky|0 fnt\n|faint|p1a: Rocky\n|-ability|p2a: Xurkitree|Beast Boost|boost\n|-boost|p2a: Xurkitree|spa|1\n|\n|-damage|p2a: Xurkitree|88\/100 psn|[from] psn\n|upkeep\n|\n|t:|1699828970\n|switch|p1a: Tsukiyomi|Ninetales-Alola, F, shiny|100\/100\n|-weather|Snow|[from] ability: Snow Warning|[of] p1a: Tsukiyomi\n|turn|4\n|\n|t:|1699828973\n|move|p2a: Xurkitree|Rising Voltage|p1a: Tsukiyomi\n|-hint|Rising Voltage's BP doubled on grounded target.\n|-damage|p1a: Tsukiyomi|0 fnt\n|faint|p1a: Tsukiyomi\n|-ability|p2a: Xurkitree|Beast Boost|boost\n|-boost|p2a: Xurkitree|spa|1\n|\n|-weather|Snow|[upkeep]\n|-damage|p2a: Xurkitree|76\/100 psn|[from] psn\n|upkeep\n|\n|t:|1699828984\n|switch|p1a: Zera\u00f2ra|Sneasler, F, shiny|100\/100\n|-enditem|p1a: Zera\u00f2ra|Electric Seed\n|-boost|p1a: Zera\u00f2ra|def|1|[from] item: Electric Seed\n|turn|5\n|\n|t:|1699828989\n|move|p1a: Zera\u00f2ra|Close Combat|p2a: Xurkitree\n|-crit|p2a: Xurkitree\n|-damage|p2a: Xurkitree|0 fnt\n|-unboost|p1a: Zera\u00f2ra|def|1\n|-unboost|p1a: Zera\u00f2ra|spd|1\n|faint|p2a: Xurkitree\n|\n|-weather|Snow|[upkeep]\n|upkeep\n|\n|t:|1699828992\n|switch|p2a: Moltres|Moltres|100\/100\n|turn|6\n|\n|t:|1699829004\n|move|p1a: Zera\u00f2ra|Swords Dance|p1a: Zera\u00f2ra\n|-boost|p1a: Zera\u00f2ra|atk|2\n|move|p2a: Moltres|Hurricane|p1a: Zera\u00f2ra\n|-supereffective|p1a: Zera\u00f2ra\n|-damage|p1a: Zera\u00f2ra|0 fnt\n|faint|p1a: Zera\u00f2ra\n|\n|-weather|Snow|[upkeep]\n|upkeep\n|\n|t:|1699829009\n|switch|p1a: Dia|Tapu Koko, shiny|100\/100\n|turn|7\n|\n|t:|1699829020\n|move|p1a: Dia|U-turn|p2a: Moltres\n|-resisted|p2a: Moltres\n|-damage|p2a: Moltres|96\/100\n|-status|p1a: Dia|brn|[from] ability: Flame Body|[of] p2a: Moltres\n|-damage|p1a: Dia|91\/100 brn|[from] item: Life Orb\n|\n|t:|1699829023\n|switch|p1a: Ceru|Ceruledge, M, shiny|100\/100|[from] U-turn\n|move|p2a: Moltres|Mystical Fire|p1a: Ceru\n|-resisted|p1a: Ceru\n|-damage|p1a: Ceru|81\/100\n|-unboost|p1a: Ceru|spa|1\n|\n|-weather|Snow|[upkeep]\n|upkeep\n|turn|8\n|\n|t:|1699829028\n|move|p1a: Ceru|Swords Dance|p1a: Ceru\n|-boost|p1a: Ceru|atk|2\n|move|p2a: Moltres|Hurricane|p1a: Ceru|[miss]\n|-miss|p2a: Moltres|p1a: Ceru\n|\n|-weather|none\n|-fieldend|move: Electric Terrain\n|upkeep\n|turn|9\n|\n|t:|1699829031\n|move|p1a: Ceru|Poltergeist|p2a: Moltres\n|-activate|p2a: Moltres|move: Poltergeist|Heavy-Duty Boots\n|-damage|p2a: Moltres|0 fnt\n|faint|p2a: Moltres\n|-damage|p1a: Ceru|71\/100|[from] item: Life Orb\n|\n|upkeep\n|\n|t:|1699829038\n|switch|p2a: Tapu Koko|Tapu Koko|100\/100\n|-status|p2a: Tapu Koko|psn\n|-fieldstart|move: Electric Terrain|[from] ability: Electric Surge|[of] p2a: Tapu Koko\n|turn|10\n|\n|t:|1699829047\n|move|p2a: Tapu Koko|Thunder Punch|p1a: Ceru\n|-damage|p1a: Ceru|3\/100\n|-ability|p1a: Ceru|Weak Armor|boost\n|-unboost|p1a: Ceru|def|1\n|-boost|p1a: Ceru|spe|2\n|move|p1a: Ceru|Poltergeist|p2a: Tapu Koko\n|-activate|p2a: Tapu Koko|move: Poltergeist|Terrain Extender\n|-damage|p2a: Tapu Koko|0 fnt\n|faint|p2a: Tapu Koko\n|-damage|p1a: Ceru|0 fnt|[from] item: Life Orb\n|faint|p1a: Ceru\n|\n|upkeep\n|\n|t:|1699829060\n|switch|p2a: Klefki|Klefki, M|100\/100\n|switch|p1a: Dia|Tapu Koko, shiny|91\/100 brn\n|turn|11\n|\n|t:|1699829064\n|move|p1a: Dia|Taunt|p2a: Klefki\n|-start|p2a: Klefki|move: Taunt\n|cant|p2a: Klefki|move: Taunt|Trick Room\n|\n|-damage|p1a: Dia|84\/100 brn|[from] brn\n|upkeep\n|turn|12\n|\n|t:|1699829068\n|move|p1a: Dia|U-turn|p2a: Klefki\n|-resisted|p2a: Klefki\n|-damage|p2a: Klefki|99\/100\n|-damage|p1a: Dia|75\/100 brn|[from] item: Life Orb\n|\n|t:|1699829071\n|switch|p1a: Titania|Iron Valiant, shiny|100\/100|[from] U-turn\n|-activate|p1a: Titania|ability: Quark Drive\n|-start|p1a: Titania|quarkdrivespe\n|move|p2a: Klefki|Foul Play|p1a: Titania\n|-resisted|p1a: Titania\n|-crit|p1a: Titania\n|-damage|p1a: Titania|88\/100\n|\n|upkeep\n|turn|13\n|\n|t:|1699829085\n|move|p1a: Titania|Encore|p2a: Klefki\n|-start|p2a: Klefki|Encore\n|move|p2a: Klefki|Foul Play|p1a: Titania\n|-resisted|p1a: Titania\n|-damage|p1a: Titania|80\/100\n|\n|-end|p2a: Klefki|move: Taunt\n|upkeep\n|turn|14\n|\n|t:|1699829100\n|move|p1a: Titania|Calm Mind|p1a: Titania\n|-boost|p1a: Titania|spa|1\n|-boost|p1a: Titania|spd|1\n|move|p2a: Klefki|Foul Play|p1a: Titania\n|-resisted|p1a: Titania\n|-damage|p1a: Titania|73\/100\n|\n|upkeep\n|turn|15\n|\n|t:|1699829113\n|move|p1a: Titania|Calm Mind|p1a: Titania\n|-boost|p1a: Titania|spa|1\n|-boost|p1a: Titania|spd|1\n|move|p2a: Klefki|Foul Play|p1a: Titania\n|-resisted|p1a: Titania\n|-damage|p1a: Titania|64\/100\n|\n|-end|p2a: Klefki|Encore\n|upkeep\n|turn|16\n|\n|t:|1699829127\n|move|p2a: Klefki|Switcheroo||[still]\n|-fail|p2a: Klefki\n|move|p1a: Titania|Encore|p2a: Klefki\n|-start|p2a: Klefki|Encore\n|\n|upkeep\n|turn|17\n|-message|guaclover26 forfeited.\n|\n|win|IplayforFuns\n|raw|IplayforFuns's rating: 1407 &rarr; <strong>1431<\/strong><br \/>(+24 for winning)\n|raw|guaclover26's rating: 1473 &rarr; <strong>1449<\/strong><br \/>(-24 for losing)\n|l|\u2606guaclover26\n","uploadtime":1699829149,"views":4,"p1id":"iplayforfuns","p2id":"guaclover26","formatid":"gen9nationaldex","rating":1431,"private":0,"password":""}