{"id":"gen9nationaldex-1998566564","p1":"ViableForAll","p2":"Mature No","format":"[Gen 9] National Dex","log":"|html|<div class=\"broadcast-blue\"><strong>[Gen 9] National Dex is currently suspecting Sneasler! For information on how to participate check out the <a href=\"https:\/\/www.smogon.com\/forums\/threads\/sv-national-dex-suspect-8-just-dance.3731534\/\">suspect thread<\/a>.<\/strong><\/div>\n|j|\u2606ViableForAll\n|j|\u2606Mature No\n|t:|1700957184\n|gametype|singles\n|player|p1|ViableForAll|lady|1124\n|player|p2|Mature No|169|1108\n|teamsize|p1|6\n|teamsize|p2|6\n|gen|9\n|tier|[Gen 9] National Dex\n|rated|\n|rule|HP Percentage Mod: HP is shown in percentages\n|rule|Endless Battle Clause: Forcing endless battles is banned\n|rule|OHKO Clause: OHKO moves are banned\n|rule|Evasion Clause: Evasion abilities, items, and moves are banned\n|rule|Evasion Abilities Clause: Evasion abilities are banned\n|rule|Evasion Items Clause: Evasion items are banned\n|rule|Evasion Moves Clause: Evasion moves are banned\n|rule|Species Clause: Limit one of each Pok\u00e9mon\n|rule|Sleep Clause Mod: Limit one foe put to sleep\n|clearpoke\n|poke|p1|Primarina, F|\n|poke|p1|Muk-Alola, M|\n|poke|p1|Lurantis, M|\n|poke|p1|Marowak-Alola, F|\n|poke|p1|Kommo-o, F|\n|poke|p1|Celesteela|\n|poke|p2|Samurott-Hisui, F|\n|poke|p2|Gyarados, F|\n|poke|p2|Scizor, M|\n|poke|p2|Kartana|\n|poke|p2|Rotom-Wash|\n|poke|p2|Gliscor, M|\n|teampreview\n|\n|t:|1700957200\n|start\n|switch|p1a: Kommo-o|Kommo-o, F|100\/100\n|switch|p2a: Samurott|Samurott-Hisui, F|100\/100\n|turn|1\n|\n|t:|1700957213\n|move|p2a: Samurott|Knock Off|p1a: Kommo-o\n|-resisted|p1a: Kommo-o\n|-damage|p1a: Kommo-o|85\/100\n|-zpower|p1a: Kommo-o\n|move|p1a: Kommo-o|Clangorous Soulblaze|p2a: Samurott|[zeffect]\n|-enditem|p2a: Samurott|Focus Sash\n|-damage|p2a: Samurott|1\/100\n|-boost|p1a: Kommo-o|atk|1\n|-boost|p1a: Kommo-o|def|1\n|-boost|p1a: Kommo-o|spa|1\n|-boost|p1a: Kommo-o|spd|1\n|-boost|p1a: Kommo-o|spe|1\n|\n|upkeep\n|turn|2\n|\n|t:|1700957229\n|move|p1a: Kommo-o|Aura Sphere|p2a: Samurott\n|-supereffective|p2a: Samurott\n|-damage|p2a: Samurott|0 fnt\n|faint|p2a: Samurott\n|\n|upkeep\n|\n|t:|1700957235\n|switch|p2a: Gyarados|Gyarados, F|100\/100\n|turn|3\n|\n|t:|1700957243\n|move|p1a: Kommo-o|Clanging Scales|p2a: Gyarados\n|-damage|p2a: Gyarados|23\/100\n|-unboost|p1a: Kommo-o|def|1\n|move|p2a: Gyarados|Dragon Dance|p2a: Gyarados\n|-boost|p2a: Gyarados|atk|1\n|-boost|p2a: Gyarados|spe|1\n|\n|upkeep\n|turn|4\n|\n|t:|1700957261\n|move|p1a: Kommo-o|Clanging Scales|p2a: Gyarados\n|-damage|p2a: Gyarados|0 fnt\n|faint|p2a: Gyarados\n|-unboost|p1a: Kommo-o|def|1\n|\n|upkeep\n|\n|t:|1700957282\n|switch|p2a: Rotom|Rotom-Wash|100\/100\n|turn|5\n|\n|t:|1700957287\n|move|p1a: Kommo-o|Aura Sphere|p2a: Rotom\n|-damage|p2a: Rotom|44\/100\n|move|p2a: Rotom|Will-O-Wisp|p1a: Kommo-o\n|-status|p1a: Kommo-o|brn\n|\n|-heal|p2a: Rotom|50\/100|[from] item: Leftovers\n|-damage|p1a: Kommo-o|79\/100 brn|[from] brn\n|upkeep\n|turn|6\n|\n|t:|1700957301\n|switch|p2a: Gliscor|Gliscor, M|100\/100\n|move|p1a: Kommo-o|Aura Sphere|p2a: Gliscor\n|-resisted|p2a: Gliscor\n|-damage|p2a: Gliscor|71\/100\n|\n|-damage|p1a: Kommo-o|73\/100 brn|[from] brn\n|-status|p2a: Gliscor|tox|[from] item: Toxic Orb\n|upkeep\n|turn|7\n|\n|t:|1700957321\n|move|p2a: Gliscor|Protect|p2a: Gliscor\n|-singleturn|p2a: Gliscor|Protect\n|move|p1a: Kommo-o|Boomburst|p2a: Gliscor\n|-activate|p2a: Gliscor|move: Protect\n|\n|-heal|p2a: Gliscor|83\/100 tox|[from] ability: Poison Heal\n|-damage|p1a: Kommo-o|67\/100 brn|[from] brn\n|upkeep\n|turn|8\n|\n|t:|1700957330\n|move|p1a: Kommo-o|Boomburst|p2a: Gliscor\n|-damage|p2a: Gliscor|6\/100 tox\n|move|p2a: Gliscor|Spikes|p1a: Kommo-o\n|-sidestart|p1: ViableForAll|Spikes\n|\n|-heal|p2a: Gliscor|19\/100 tox|[from] ability: Poison Heal\n|-damage|p1a: Kommo-o|61\/100 brn|[from] brn\n|upkeep\n|turn|9\n|\n|t:|1700957336\n|move|p2a: Gliscor|Protect|p2a: Gliscor\n|-singleturn|p2a: Gliscor|Protect\n|move|p1a: Kommo-o|Boomburst|p2a: Gliscor\n|-activate|p2a: Gliscor|move: Protect\n|\n|-heal|p2a: Gliscor|31\/100 tox|[from] ability: Poison Heal\n|-damage|p1a: Kommo-o|54\/100 brn|[from] brn\n|upkeep\n|turn|10\n|\n|t:|1700957357\n|switch|p2a: Rotom|Rotom-Wash|50\/100\n|move|p1a: Kommo-o|Boomburst|p2a: Rotom\n|-damage|p2a: Rotom|0 fnt\n|faint|p2a: Rotom\n|\n|-damage|p1a: Kommo-o|48\/100 brn|[from] brn\n|upkeep\n|\n|t:|1700957360\n|switch|p2a: Kartana|Kartana|100\/100\n|turn|11\n|\n|t:|1700957366\n|move|p1a: Kommo-o|Aura Sphere|p2a: Kartana\n|-supereffective|p2a: Kartana\n|-damage|p2a: Kartana|0 fnt\n|faint|p2a: Kartana\n|\n|-damage|p1a: Kommo-o|42\/100 brn|[from] brn\n|upkeep\n|-message|Mature No forfeited.\n|\n|win|ViableForAll\n|raw|ViableForAll's rating: 1124 &rarr; <strong>1148<\/strong><br \/>(+24 for winning)\n|raw|Mature No's rating: 1108 &rarr; <strong>1084<\/strong><br \/>(-24 for losing)\n|l|\u2606Mature No\n","uploadtime":1700957377,"views":1,"p1id":"viableforall","p2id":"matureno","formatid":"gen9nationaldex","rating":1084,"private":0,"password":""}