{"id":"gen9nationaldex-1994250604","p1":"Icy Kirby Ronin","p2":"ComboCheating","format":"[Gen 9] National Dex","log":"|j|\u2606Icy Kirby Ronin\n|j|\u2606ComboCheating\n|t:|1700423493\n|gametype|singles\n|player|p1|Icy Kirby Ronin|bianca-pwt|\n|player|p2|ComboCheating|2|\n|teamsize|p1|6\n|teamsize|p2|6\n|gen|9\n|tier|[Gen 9] National Dex\n|rule|HP Percentage Mod: HP is shown in percentages\n|rule|Endless Battle Clause: Forcing endless battles is banned\n|rule|OHKO Clause: OHKO moves are banned\n|rule|Evasion Clause: Evasion abilities, items, and moves are banned\n|rule|Evasion Abilities Clause: Evasion abilities are banned\n|rule|Evasion Items Clause: Evasion items are banned\n|rule|Evasion Moves Clause: Evasion moves are banned\n|rule|Species Clause: Limit one of each Pok\u00e9mon\n|rule|Sleep Clause Mod: Limit one foe put to sleep\n|clearpoke\n|poke|p1|Urshifu-*, M|\n|poke|p1|Rillaboom, M|\n|poke|p1|Charizard, M|\n|poke|p1|Garganacl, M|\n|poke|p1|Brute Bonnet|\n|poke|p1|Chandelure, F|\n|poke|p2|Tapu Lele|\n|poke|p2|Tyranitar, F|\n|poke|p2|Urshifu-*, M|\n|poke|p2|Excadrill, F|\n|poke|p2|Ferrothorn, M|\n|poke|p2|Zapdos|\n|teampreview\n|inactive|Battle timer is ON: inactive players will automatically lose when time's up. (requested by Icy Kirby Ronin)\n|c|\u2606Icy Kirby Ronin|Holaa mucha suerte\n|c|\u2606Icy Kirby Ronin|Bonito Team\n|\n|t:|1700423516\n|start\n|switch|p1a: Rillaboomer|Rillaboom, M|100\/100\n|switch|p2a: badem (pixie)|Tapu Lele|100\/100\n|-fieldstart|move: Psychic Terrain|[from] ability: Psychic Surge|[of] p2a: badem (pixie)\n|-fieldstart|move: Grassy Terrain|[from] ability: Grassy Surge|[of] p1a: Rillaboomer\n|turn|1\n|\n|t:|1700423521\n|switch|p2a: badem (plane)|Zapdos|100\/100\n|move|p1a: Rillaboomer|Wood Hammer|p2a: badem (plane)\n|-resisted|p2a: badem (plane)\n|-crit|p2a: badem (plane)\n|-damage|p2a: badem (plane)|29\/100\n|-status|p1a: Rillaboomer|par|[from] ability: Static|[of] p2a: badem (plane)\n|-damage|p1a: Rillaboomer|74\/100 par|[from] Recoil\n|\n|-heal|p1a: Rillaboomer|81\/100 par|[from] Grassy Terrain\n|upkeep\n|turn|2\n|\n|t:|1700423534\n|move|p2a: badem (plane)|Heat Wave|p1a: Rillaboomer\n|-supereffective|p1a: Rillaboomer\n|-damage|p1a: Rillaboomer|13\/100 par\n|move|p1a: Rillaboomer|Wood Hammer|p2a: badem (plane)\n|-resisted|p2a: badem (plane)\n|-damage|p2a: badem (plane)|0 fnt\n|faint|p2a: badem (plane)\n|-damage|p1a: Rillaboomer|2\/100 par|[from] Recoil\n|\n|-heal|p1a: Rillaboomer|8\/100 par|[from] Grassy Terrain\n|upkeep\n|\n|t:|1700423551\n|switch|p2a: badem (cringe)|Urshifu-Rapid-Strike, M|100\/100\n|turn|3\n|\n|t:|1700423559\n|switch|p1a: B1SHARP|Brute Bonnet, shiny|100\/100\n|move|p2a: badem (cringe)|Close Combat|p1a: B1SHARP\n|-supereffective|p1a: B1SHARP\n|-damage|p1a: B1SHARP|0 fnt\n|-unboost|p2a: badem (cringe)|def|1\n|-unboost|p2a: badem (cringe)|spd|1\n|faint|p1a: B1SHARP\n|-end|p1a: B1SHARP|Protosynthesis|[silent]\n|\n|upkeep\n|\n|t:|1700423564\n|switch|p1a: Rillaboomer|Rillaboom, M|8\/100 par\n|turn|4\n|\n|t:|1700423569\n|switch|p2a: badem (rough)|Ferrothorn, M|100\/100\n|move|p1a: Rillaboomer|Grassy Glide|p2a: badem (rough)\n|-resisted|p2a: badem (rough)\n|-damage|p2a: badem (rough)|92\/100\n|-damage|p1a: Rillaboomer|0 fnt|[from] ability: Iron Barbs|[of] p2a: badem (rough)\n|faint|p1a: Rillaboomer\n|\n|-heal|p2a: badem (rough)|98\/100|[from] Grassy Terrain\n|-heal|p2a: badem (rough)|100\/100|[from] item: Leftovers\n|upkeep\n|\n|t:|1700423571\n|switch|p1a: T0RK0AL|Charizard, M, shiny|100\/100\n|turn|5\n|\n|t:|1700423585\n|switch|p2a: badem (fat)|Tyranitar, F|100\/100\n|-weather|Sandstorm|[from] ability: Sand Stream|[of] p2a: badem (fat)\n|detailschange|p1a: T0RK0AL|Charizard-Mega-Y, M, shiny\n|-mega|p1a: T0RK0AL|Charizard|Charizardite Y\n|-weather|SunnyDay|[from] ability: Drought|[of] p1a: T0RK0AL\n|move|p1a: T0RK0AL|Air Slash|p2a: badem (fat)\n|-resisted|p2a: badem (fat)\n|-damage|p2a: badem (fat)|83\/100\n|\n|-weather|SunnyDay|[upkeep]\n|-heal|p2a: badem (fat)|89\/100|[from] Grassy Terrain\n|-fieldend|move: Grassy Terrain\n|upkeep\n|turn|6\n|\n|t:|1700423595\n|-activate|p1a: T0RK0AL|move: Pursuit\n|detailschange|p2a: badem (fat)|Tyranitar-Mega, F\n|-mega|p2a: badem (fat)|Tyranitar|Tyranitarite\n|-weather|Sandstorm|[from] ability: Sand Stream|[of] p2a: badem (fat)\n|move|p2a: badem (fat)|Pursuit|p1a: T0RK0AL|[from]Pursuit\n|-damage|p1a: T0RK0AL|35\/100\n|switch|p1a: Rocky Ferrothorn|Garganacl, M, shiny|100\/100\n|\n|-weather|Sandstorm|[upkeep]\n|upkeep\n|turn|7\n|\n|t:|1700423610\n|move|p2a: badem (fat)|Stealth Rock|p1a: Rocky Ferrothorn\n|-sidestart|p1: Icy Kirby Ronin|move: Stealth Rock\n|move|p1a: Rocky Ferrothorn|Iron Defense|p1a: Rocky Ferrothorn\n|-boost|p1a: Rocky Ferrothorn|def|2\n|\n|-weather|Sandstorm|[upkeep]\n|upkeep\n|turn|8\n|\n|t:|1700423616\n|switch|p2a: badem (bald)|Excadrill, F|100\/100\n|move|p1a: Rocky Ferrothorn|Iron Defense|p1a: Rocky Ferrothorn\n|-boost|p1a: Rocky Ferrothorn|def|2\n|\n|-weather|Sandstorm|[upkeep]\n|upkeep\n|turn|9\n|\n|t:|1700423623\n|-terastallize|p1a: Rocky Ferrothorn|Ghost\n|move|p2a: badem (bald)|Swords Dance|p2a: badem (bald)\n|-boost|p2a: badem (bald)|atk|2\n|move|p1a: Rocky Ferrothorn|Body Press|p2a: badem (bald)\n|-supereffective|p2a: badem (bald)\n|-damage|p2a: badem (bald)|0 fnt\n|faint|p2a: badem (bald)\n|\n|-weather|Sandstorm|[upkeep]\n|-damage|p1a: Rocky Ferrothorn|94\/100|[from] Sandstorm\n|-heal|p1a: Rocky Ferrothorn|100\/100|[from] item: Leftovers\n|upkeep\n|\n|t:|1700423630\n|switch|p2a: badem (cringe)|Urshifu-Rapid-Strike, M|100\/100\n|turn|10\n|\n|t:|1700423640\n|-terastallize|p2a: badem (cringe)|Water\n|move|p2a: badem (cringe)|Surging Strikes|p1a: Rocky Ferrothorn\n|-crit|p1a: Rocky Ferrothorn\n|-damage|p1a: Rocky Ferrothorn|79\/100\n|-crit|p1a: Rocky Ferrothorn\n|-damage|p1a: Rocky Ferrothorn|59\/100\n|-crit|p1a: Rocky Ferrothorn\n|-damage|p1a: Rocky Ferrothorn|40\/100\n|-hitcount|p1a: Rocky Ferrothorn|3\n|move|p1a: Rocky Ferrothorn|Salt Cure|p2a: badem (cringe)\n|-damage|p2a: badem (cringe)|86\/100\n|-start|p2a: badem (cringe)|Salt Cure\n|\n|-weather|none\n|-heal|p1a: Rocky Ferrothorn|46\/100|[from] item: Leftovers\n|-damage|p2a: badem (cringe)|61\/100|[from] Salt Cure\n|upkeep\n|turn|11\n|\n|t:|1700423652\n|move|p2a: badem (cringe)|Surging Strikes|p1a: Rocky Ferrothorn\n|-crit|p1a: Rocky Ferrothorn\n|-damage|p1a: Rocky Ferrothorn|25\/100\n|-crit|p1a: Rocky Ferrothorn\n|-damage|p1a: Rocky Ferrothorn|3\/100\n|-crit|p1a: Rocky Ferrothorn\n|-damage|p1a: Rocky Ferrothorn|0 fnt\n|faint|p1a: Rocky Ferrothorn\n|-hitcount|p1: Rocky Ferrothorn|3\n|\n|-damage|p2a: badem (cringe)|36\/100|[from] Salt Cure\n|upkeep\n|\n|t:|1700423653\n|switch|p1a: T0RK0AL|Charizard-Mega-Y, M, shiny|35\/100\n|-damage|p1a: T0RK0AL|0 fnt|[from] Stealth Rock\n|faint|p1a: T0RK0AL\n|\n|t:|1700423656\n|switch|p1a: Aqua Lee|Urshifu-Rapid-Strike, M|100\/100\n|-damage|p1a: Aqua Lee|94\/100|[from] Stealth Rock\n|turn|12\n|\n|t:|1700423666\n|move|p2a: badem (cringe)|Surging Strikes|p1a: Aqua Lee\n|-resisted|p1a: Aqua Lee\n|-crit|p1a: Aqua Lee\n|-damage|p1a: Aqua Lee|78\/100\n|-resisted|p1a: Aqua Lee\n|-crit|p1a: Aqua Lee\n|-damage|p1a: Aqua Lee|63\/100\n|-resisted|p1a: Aqua Lee\n|-crit|p1a: Aqua Lee\n|-damage|p1a: Aqua Lee|47\/100\n|-hitcount|p1a: Aqua Lee|3\n|move|p1a: Aqua Lee|Bulk Up|p1a: Aqua Lee\n|-boost|p1a: Aqua Lee|atk|1\n|-boost|p1a: Aqua Lee|def|1\n|\n|-damage|p2a: badem (cringe)|11\/100|[from] Salt Cure\n|upkeep\n|turn|13\n|\n|t:|1700423677\n|move|p1a: Aqua Lee|Aqua Jet|p2a: badem (cringe)\n|-resisted|p2a: badem (cringe)\n|-damage|p2a: badem (cringe)|0 fnt\n|faint|p2a: badem (cringe)\n|\n|upkeep\n|\n|t:|1700423680\n|switch|p2a: badem (pixie)|Tapu Lele|100\/100\n|-fieldstart|move: Psychic Terrain|[from] ability: Psychic Surge|[of] p2a: badem (pixie)\n|turn|14\n|\n|t:|1700423684\n|move|p2a: badem (pixie)|Psychic|p1a: Aqua Lee\n|-supereffective|p1a: Aqua Lee\n|-damage|p1a: Aqua Lee|0 fnt\n|faint|p1a: Aqua Lee\n|\n|upkeep\n|\n|t:|1700423686\n|switch|p1a: CH1 - YU|Chandelure, F, shiny|100\/100\n|-damage|p1a: CH1 - YU|76\/100|[from] Stealth Rock\n|turn|15\n|c|\u2606Icy Kirby Ronin|GG ya perd\u00ed\n|\n|t:|1700423703\n|move|p2a: badem (pixie)|Psychic|p1a: CH1 - YU\n|-damage|p1a: CH1 - YU|0 fnt\n|faint|p1a: CH1 - YU\n|\n|win|ComboCheating\n|c|\u2606Icy Kirby Ronin|Bien jugado\n","uploadtime":1700423711,"views":14,"p1id":"icykirbyronin","p2id":"combocheating","formatid":"gen9nationaldex","rating":0,"private":0,"password":""}