{"id":"gen9nationaldex-1999613574","p1":"ahg12138","p2":"Chili D Dewd","format":"[Gen 9] National Dex","log":"|html|<div class=\"broadcast-blue\"><strong>[Gen 9] National Dex is currently suspecting Sneasler! For information on how to participate check out the <a href=\"https:\/\/www.smogon.com\/forums\/threads\/sv-national-dex-suspect-8-just-dance.3731534\/\">suspect thread<\/a>.<\/strong><\/div>\n|j|\u2606ahg12138\n|j|\u2606Chili D Dewd\n|t:|1701101261\n|gametype|singles\n|player|p1|ahg12138|sailor|1343\n|player|p2|Chili D Dewd|flint|1444\n|teamsize|p1|6\n|teamsize|p2|6\n|gen|9\n|tier|[Gen 9] National Dex\n|rated|\n|rule|HP Percentage Mod: HP is shown in percentages\n|rule|Endless Battle Clause: Forcing endless battles is banned\n|rule|OHKO Clause: OHKO moves are banned\n|rule|Evasion Clause: Evasion abilities, items, and moves are banned\n|rule|Evasion Abilities Clause: Evasion abilities are banned\n|rule|Evasion Items Clause: Evasion items are banned\n|rule|Evasion Moves Clause: Evasion moves are banned\n|rule|Species Clause: Limit one of each Pok\u00e9mon\n|rule|Sleep Clause Mod: Limit one foe put to sleep\n|clearpoke\n|poke|p1|Rillaboom, M|\n|poke|p1|Landorus-Therian, M|\n|poke|p1|Pinsir, F|\n|poke|p1|Sneasler, F|\n|poke|p1|Thundurus-Therian, M|\n|poke|p1|Alomomola, F|\n|poke|p2|Banette, F|\n|poke|p2|Serperior, F|\n|poke|p2|Ribombee, M|\n|poke|p2|Zapdos-Galar|\n|poke|p2|Tapu Lele|\n|poke|p2|Ogerpon-Wellspring, F|\n|teampreview\n|inactive|Battle timer is ON: inactive players will automatically lose when time's up. (requested by ahg12138)\n|\n|t:|1701101265\n|start\n|switch|p1a: Landorus|Landorus-Therian, M|100\/100\n|switch|p2a: Ribombee|Ribombee, M|100\/100\n|-ability|p1a: Landorus|Intimidate|boost\n|-unboost|p2a: Ribombee|atk|1\n|turn|1\n|\n|t:|1701101271\n|move|p2a: Ribombee|Sticky Web|p1a: Landorus\n|-sidestart|p1: ahg12138|move: Sticky Web\n|move|p1a: Landorus|Stealth Rock|p2a: Ribombee\n|-sidestart|p2: Chili D Dewd|move: Stealth Rock\n|\n|upkeep\n|turn|2\n|\n|t:|1701101275\n|move|p2a: Ribombee|Stun Spore|p1a: Landorus|[miss]\n|-miss|p2a: Ribombee|p1a: Landorus\n|move|p1a: Landorus|Defog|p2a: Ribombee\n|-unboost|p2a: Ribombee|evasion|1\n|-sideend|p2: Chili D Dewd|Stealth Rock|[from] move: Defog|[of] p1a: Landorus\n|-sideend|p1: ahg12138|Sticky Web|[from] move: Defog|[of] p1a: Landorus\n|\n|upkeep\n|turn|3\n|\n|t:|1701101289\n|move|p2a: Ribombee|Sticky Web|p1a: Landorus\n|-sidestart|p1: ahg12138|move: Sticky Web\n|move|p1a: Landorus|Stealth Rock|p2a: Ribombee\n|-sidestart|p2: Chili D Dewd|move: Stealth Rock\n|\n|upkeep\n|turn|4\n|\n|t:|1701101301\n|move|p2a: Ribombee|Stun Spore|p1a: Landorus\n|-status|p1a: Landorus|par\n|move|p1a: Landorus|U-turn|p2a: Ribombee\n|-resisted|p2a: Ribombee\n|-damage|p2a: Ribombee|83\/100\n|\n|t:|1701101307\n|switch|p1a: Thundurus|Thundurus-Therian, M|100\/100|[from] U-turn\n|\n|upkeep\n|turn|5\n|\n|t:|1701101321\n|move|p1a: Thundurus|Sludge Wave|p2a: Ribombee\n|-supereffective|p2a: Ribombee\n|-damage|p2a: Ribombee|0 fnt\n|faint|p2a: Ribombee\n|\n|upkeep\n|\n|t:|1701101337\n|switch|p2a: Banette|Banette, F|100\/100\n|-damage|p2a: Banette|88\/100|[from] Stealth Rock\n|turn|6\n|\n|t:|1701101344\n|switch|p1a: Landorus|Landorus-Therian, M|100\/100 par\n|-ability|p1a: Landorus|Intimidate|boost\n|-unboost|p2a: Banette|atk|1\n|detailschange|p2a: Banette|Banette-Mega, F\n|-mega|p2a: Banette|Banette|Banettite\n|move|p2a: Banette|Poltergeist|p1a: Landorus\n|-activate|p1a: Landorus|move: Poltergeist|Leftovers\n|-damage|p1a: Landorus|63\/100 par\n|\n|-heal|p1a: Landorus|69\/100 par|[from] item: Leftovers\n|upkeep\n|turn|7\n|\n|t:|1701101352\n|switch|p2a: Serperior|Serperior, F|100\/100\n|-damage|p2a: Serperior|88\/100|[from] Stealth Rock\n|move|p1a: Landorus|Defog|p2a: Serperior\n|-boost|p2a: Serperior|evasion|1\n|-sideend|p2: Chili D Dewd|Stealth Rock|[from] move: Defog|[of] p1a: Landorus\n|-sideend|p1: ahg12138|Sticky Web|[from] move: Defog|[of] p1a: Landorus\n|\n|-heal|p2a: Serperior|94\/100|[from] item: Leftovers\n|-heal|p1a: Landorus|75\/100 par|[from] item: Leftovers\n|upkeep\n|turn|8\n|\n|t:|1701101356\n|move|p2a: Serperior|Substitute|p2a: Serperior\n|-start|p2a: Serperior|Substitute\n|-damage|p2a: Serperior|70\/100\n|move|p1a: Landorus|Stealth Rock|p2a: Serperior\n|-sidestart|p2: Chili D Dewd|move: Stealth Rock\n|\n|-heal|p2a: Serperior|76\/100|[from] item: Leftovers\n|-heal|p1a: Landorus|81\/100 par|[from] item: Leftovers\n|upkeep\n|turn|9\n|\n|t:|1701101367\n|move|p2a: Serperior|Leaf Storm|p1a: Landorus\n|-damage|p1a: Landorus|28\/100 par\n|-boost|p2a: Serperior|spa|2\n|move|p1a: Landorus|U-turn|p2a: Serperior|[miss]\n|-miss|p1a: Landorus|p2a: Serperior\n|\n|-heal|p2a: Serperior|82\/100|[from] item: Leftovers\n|-heal|p1a: Landorus|34\/100 par|[from] item: Leftovers\n|upkeep\n|turn|10\n|\n|t:|1701101374\n|move|p2a: Serperior|Leaf Storm|p1a: Landorus\n|-damage|p1a: Landorus|0 fnt\n|-boost|p2a: Serperior|spa|2\n|faint|p1a: Landorus\n|\n|-heal|p2a: Serperior|88\/100|[from] item: Leftovers\n|upkeep\n|\n|t:|1701101383\n|switch|p1a: Rillaboom|Rillaboom, M|100\/100\n|-fieldstart|move: Grassy Terrain|[from] ability: Grassy Surge|[of] p1a: Rillaboom\n|turn|11\n|\n|t:|1701101390\n|move|p2a: Serperior|Glare|p1a: Rillaboom\n|-status|p1a: Rillaboom|par\n|move|p1a: Rillaboom|U-turn|p2a: Serperior|[miss]\n|-miss|p1a: Rillaboom|p2a: Serperior\n|\n|-heal|p2a: Serperior|94\/100|[from] Grassy Terrain\n|-heal|p2a: Serperior|100\/100|[from] item: Leftovers\n|upkeep\n|turn|12\n|\n|t:|1701101395\n|move|p2a: Serperior|Leaf Storm|p1a: Rillaboom\n|-resisted|p1a: Rillaboom\n|-damage|p1a: Rillaboom|0 fnt\n|-boost|p2a: Serperior|spa|2\n|faint|p1a: Rillaboom\n|\n|upkeep\n|\n|t:|1701101408\n|switch|p1a: Pinsir|Pinsir, F|100\/100\n|turn|13\n|\n|t:|1701101412\n|detailschange|p1a: Pinsir|Pinsir-Mega, F\n|-mega|p1a: Pinsir|Pinsir|Pinsirite\n|move|p2a: Serperior|Hidden Power|p1a: Pinsir\n|-supereffective|p1a: Pinsir\n|-damage|p1a: Pinsir|0 fnt\n|faint|p1a: Pinsir\n|\n|upkeep\n|-message|ahg12138 forfeited.\n|\n|win|Chili D Dewd\n|raw|ahg12138's rating: 1343 &rarr; <strong>1329<\/strong><br \/>(-14 for losing)\n|raw|Chili D Dewd's rating: 1444 &rarr; <strong>1458<\/strong><br \/>(+14 for winning)\n|l|\u2606ahg12138\n","uploadtime":1701101421,"views":1,"p1id":"ahg12138","p2id":"chiliddewd","formatid":"gen9nationaldex","rating":1329,"private":0,"password":""}