{"id":"gen9nationaldex-1993214969","p1":"chl158981215","p2":"runeatest","format":"[Gen 9] National Dex","log":"|j|\u2606chl158981215\n|j|\u2606runeatest\n|t:|1700279111\n|gametype|singles\n|player|p1|chl158981215|brycen|1290\n|player|p2|runeatest|fisherman-gen4|1251\n|teamsize|p1|6\n|teamsize|p2|6\n|gen|9\n|tier|[Gen 9] National Dex\n|rated|\n|rule|HP Percentage Mod: HP is shown in percentages\n|rule|Endless Battle Clause: Forcing endless battles is banned\n|rule|OHKO Clause: OHKO moves are banned\n|rule|Evasion Clause: Evasion abilities, items, and moves are banned\n|rule|Evasion Abilities Clause: Evasion abilities are banned\n|rule|Evasion Items Clause: Evasion items are banned\n|rule|Evasion Moves Clause: Evasion moves are banned\n|rule|Species Clause: Limit one of each Pok\u00e9mon\n|rule|Sleep Clause Mod: Limit one foe put to sleep\n|clearpoke\n|poke|p1|Tapu Lele|\n|poke|p1|Garganacl, M|\n|poke|p1|Tapu Koko|\n|poke|p1|Charizard, F|\n|poke|p1|Rillaboom, M|\n|poke|p1|Great Tusk|\n|poke|p2|Glaceon, M|\n|poke|p2|Flygon, M|\n|poke|p2|Emolga, M|\n|poke|p2|Marowak-Alola, M|\n|poke|p2|Sirfetch\u2019d, M|\n|poke|p2|Lapras, M|\n|teampreview\n|inactive|Battle timer is ON: inactive players will automatically lose when time's up. (requested by runeatest)\n|\n|t:|1700279122\n|start\n|switch|p1a: Garganacl|Garganacl, M|100\/100\n|switch|p2a: Marowak|Marowak-Alola, M|100\/100\n|turn|1\n|j| Grantokay\u203d\n|\n|t:|1700279130\n|move|p2a: Marowak|Bonemerang|p1a: Garganacl\n|-supereffective|p1a: Garganacl\n|-damage|p1a: Garganacl|60\/100\n|-supereffective|p1a: Garganacl\n|-damage|p1a: Garganacl|23\/100\n|-hitcount|p1a: Garganacl|2\n|move|p1a: Garganacl|Salt Cure|p2a: Marowak\n|-supereffective|p2a: Marowak\n|-damage|p2a: Marowak|76\/100\n|-start|p2a: Marowak|Salt Cure\n|\n|-heal|p1a: Garganacl|29\/100|[from] item: Leftovers\n|-damage|p2a: Marowak|63\/100|[from] Salt Cure\n|upkeep\n|turn|2\n|\n|t:|1700279144\n|switch|p2a: Sirfetch\u2019d|Sirfetch\u2019d, M|100\/100\n|move|p1a: Garganacl|Protect||[still]\n|-fail|p1a: Garganacl\n|\n|-heal|p1a: Garganacl|35\/100|[from] item: Leftovers\n|upkeep\n|turn|3\n|l| Grantokay\u203d\n|\n|t:|1700279161\n|switch|p1a: Rillaboom|Rillaboom, M|100\/100\n|-fieldstart|move: Grassy Terrain|[from] ability: Grassy Surge|[of] p1a: Rillaboom\n|move|p2a: Sirfetch\u2019d|Leaf Blade|p1a: Rillaboom\n|-resisted|p1a: Rillaboom\n|-crit|p1a: Rillaboom\n|-damage|p1a: Rillaboom|71\/100\n|\n|-heal|p1a: Rillaboom|77\/100|[from] Grassy Terrain\n|upkeep\n|turn|4\n|\n|t:|1700279174\n|move|p1a: Rillaboom|U-turn|p2a: Sirfetch\u2019d\n|-resisted|p2a: Sirfetch\u2019d\n|-damage|p2a: Sirfetch\u2019d|77\/100\n|\n|t:|1700279180\n|switch|p1a: Charizard|Charizard, F|100\/100|[from] U-turn\n|move|p2a: Sirfetch\u2019d|Dual Wingbeat|p1a: Charizard\n|-crit|p1a: Charizard\n|-damage|p1a: Charizard|71\/100\n|-crit|p1a: Charizard\n|-damage|p1a: Charizard|43\/100\n|-hitcount|p1a: Charizard|2\n|\n|-heal|p2a: Sirfetch\u2019d|83\/100|[from] Grassy Terrain\n|upkeep\n|turn|5\n|\n|t:|1700279193\n|switch|p2a: Emolga|Emolga, M|100\/100\n|detailschange|p1a: Charizard|Charizard-Mega-X, F\n|-mega|p1a: Charizard|Charizard|Charizardite X\n|move|p1a: Charizard|Roost|p1a: Charizard\n|-heal|p1a: Charizard|93\/100\n|-singleturn|p1a: Charizard|move: Roost\n|\n|-heal|p1a: Charizard|99\/100|[from] Grassy Terrain\n|upkeep\n|turn|6\n|\n|t:|1700279203\n|switch|p1a: Great Tusk|Great Tusk|100\/100\n|move|p2a: Emolga|Nuzzle|p1a: Great Tusk\n|-immune|p1a: Great Tusk\n|\n|upkeep\n|turn|7\n|\n|t:|1700279221\n|move|p2a: Emolga|Air Slash|p1a: Great Tusk\n|-supereffective|p1a: Great Tusk\n|-damage|p1a: Great Tusk|24\/100\n|move|p1a: Great Tusk|Ice Spinner|p2a: Emolga\n|-supereffective|p2a: Emolga\n|-enditem|p2a: Emolga|Focus Sash\n|-damage|p2a: Emolga|1\/100\n|-fieldend|move: Grassy Terrain\n|\n|upkeep\n|turn|8\n|\n|t:|1700279235\n|-end|p1a: Great Tusk|Protosynthesis|[silent]\n|switch|p1a: Tapu Koko|Tapu Koko|100\/100\n|-fieldstart|move: Electric Terrain|[from] ability: Electric Surge|[of] p1a: Tapu Koko\n|move|p2a: Emolga|Air Slash|p1a: Tapu Koko\n|-resisted|p1a: Tapu Koko\n|-damage|p1a: Tapu Koko|78\/100\n|\n|upkeep\n|turn|9\n|inactive|chl158981215 has 120 seconds left.\n|\n|t:|1700279260\n|move|p1a: Tapu Koko|Reflect|p1a: Tapu Koko\n|-sidestart|p1: chl158981215|Reflect\n|move|p2a: Emolga|Roost|p2a: Emolga\n|-heal|p2a: Emolga|51\/100\n|-singleturn|p2a: Emolga|move: Roost\n|\n|upkeep\n|turn|10\n|\n|t:|1700279269\n|move|p1a: Tapu Koko|Volt Switch|p2a: Emolga\n|-ability|p2a: Emolga|Motor Drive|boost\n|-boost|p2a: Emolga|spe|1\n|move|p2a: Emolga|Roost|p2a: Emolga\n|-heal|p2a: Emolga|100\/100\n|-singleturn|p2a: Emolga|move: Roost\n|\n|upkeep\n|turn|11\n|\n|t:|1700279277\n|move|p2a: Emolga|Thunderbolt|p1a: Tapu Koko\n|-resisted|p1a: Tapu Koko\n|-damage|p1a: Tapu Koko|49\/100\n|move|p1a: Tapu Koko|Light Screen|p1a: Tapu Koko\n|-sidestart|p1: chl158981215|move: Light Screen\n|\n|upkeep\n|turn|12\n|\n|t:|1700279285\n|switch|p1a: Tapu Lele|Tapu Lele, shiny|100\/100\n|-fieldstart|move: Psychic Terrain|[from] ability: Psychic Surge|[of] p1a: Tapu Lele\n|move|p2a: Emolga|Thunderbolt|p1a: Tapu Lele\n|-damage|p1a: Tapu Lele|80\/100\n|\n|upkeep\n|turn|13\n|\n|t:|1700279294\n|move|p2a: Emolga|Nuzzle|p1a: Tapu Lele\n|-damage|p1a: Tapu Lele|76\/100\n|-status|p1a: Tapu Lele|par\n|cant|p1a: Tapu Lele|par\n|\n|upkeep\n|turn|14\n|\n|t:|1700279303\n|-terastallize|p1a: Tapu Lele|Psychic\n|move|p2a: Emolga|Thunderbolt|p1a: Tapu Lele\n|-damage|p1a: Tapu Lele|58\/100 par\n|cant|p1a: Tapu Lele|par\n|\n|upkeep\n|turn|15\n|\n|t:|1700279311\n|move|p2a: Emolga|Air Slash|p1a: Tapu Lele\n|-damage|p1a: Tapu Lele|43\/100 par\n|cant|p1a: Tapu Lele|flinch\n|\n|upkeep\n|turn|16\n|\n|t:|1700279317\n|move|p2a: Emolga|Air Slash|p1a: Tapu Lele\n|-damage|p1a: Tapu Lele|28\/100 par\n|move|p1a: Tapu Lele|Psychic|p2a: Emolga\n|-damage|p2a: Emolga|0 fnt\n|faint|p2a: Emolga\n|\n|-sideend|p1: chl158981215|Reflect\n|-fieldend|move: Psychic Terrain\n|upkeep\n|\n|t:|1700279325\n|switch|p2a: Marowak|Marowak-Alola, M|63\/100\n|turn|17\n|\n|t:|1700279343\n|move|p1a: Tapu Lele|Psychic|p2a: Marowak\n|-damage|p2a: Marowak|0 fnt\n|faint|p2a: Marowak\n|\n|upkeep\n|\n|t:|1700279348\n|switch|p2a: Glaceon|Glaceon, M|100\/100\n|turn|18\n|\n|t:|1700279359\n|switch|p1a: Charizard|Charizard-Mega-X, F|99\/100\n|move|p2a: Glaceon|Shadow Ball|p1a: Charizard\n|-damage|p1a: Charizard|81\/100\n|\n|-sideend|p1: chl158981215|move: Light Screen\n|upkeep\n|turn|19\n|\n|t:|1700279370\n|-terastallize|p2a: Glaceon|Ghost\n|move|p1a: Charizard|Dragon Dance|p1a: Charizard\n|-boost|p1a: Charizard|atk|1\n|-boost|p1a: Charizard|spe|1\n|move|p2a: Glaceon|Shadow Ball|p1a: Charizard\n|-damage|p1a: Charizard|26\/100\n|-unboost|p1a: Charizard|spd|1\n|\n|upkeep\n|turn|20\n|\n|t:|1700279386\n|move|p1a: Charizard|Dragon Claw|p2a: Glaceon\n|-damage|p2a: Glaceon|23\/100\n|move|p2a: Glaceon|Shadow Ball|p1a: Charizard\n|-damage|p1a: Charizard|0 fnt\n|faint|p1a: Charizard\n|\n|upkeep\n|\n|t:|1700279395\n|switch|p1a: Tapu Koko|Tapu Koko|49\/100\n|-fieldstart|move: Electric Terrain|[from] ability: Electric Surge|[of] p1a: Tapu Koko\n|turn|21\n|\n|t:|1700279402\n|switch|p2a: Flygon|Flygon, M|100\/100\n|move|p1a: Tapu Koko|Volt Switch|p2a: Flygon\n|-immune|p2a: Flygon\n|\n|upkeep\n|turn|22\n|\n|t:|1700279416\n|switch|p1a: Rillaboom|Rillaboom, M|77\/100\n|-fieldstart|move: Grassy Terrain|[from] ability: Grassy Surge|[of] p1a: Rillaboom\n|move|p2a: Flygon|Earthquake|p1a: Rillaboom\n|-resisted|p1a: Rillaboom\n|-damage|p1a: Rillaboom|67\/100\n|\n|-heal|p1a: Rillaboom|74\/100|[from] Grassy Terrain\n|upkeep\n|turn|23\n|\n|t:|1700279432\n|switch|p2a: Glaceon|Glaceon, M, tera:Ghost|23\/100\n|move|p1a: Rillaboom|Grassy Glide|p2a: Glaceon\n|-damage|p2a: Glaceon|0 fnt\n|faint|p2a: Glaceon\n|\n|-heal|p1a: Rillaboom|80\/100|[from] Grassy Terrain\n|upkeep\n|\n|t:|1700279439\n|switch|p2a: Sirfetch\u2019d|Sirfetch\u2019d, M|83\/100\n|turn|24\n|\n|t:|1700279443\n|move|p1a: Rillaboom|Grassy Glide|p2a: Sirfetch\u2019d\n|-damage|p2a: Sirfetch\u2019d|12\/100\n|move|p2a: Sirfetch\u2019d|Dual Wingbeat|p1a: Rillaboom\n|-supereffective|p1a: Rillaboom\n|-crit|p1a: Rillaboom\n|-damage|p1a: Rillaboom|36\/100\n|-supereffective|p1a: Rillaboom\n|-damage|p1a: Rillaboom|8\/100\n|-hitcount|p1a: Rillaboom|2\n|\n|-heal|p1a: Rillaboom|15\/100|[from] Grassy Terrain\n|-heal|p2a: Sirfetch\u2019d|18\/100|[from] Grassy Terrain\n|upkeep\n|turn|25\n|\n|t:|1700279455\n|move|p1a: Rillaboom|Grassy Glide|p2a: Sirfetch\u2019d\n|-damage|p2a: Sirfetch\u2019d|0 fnt\n|faint|p2a: Sirfetch\u2019d\n|\n|-heal|p1a: Rillaboom|21\/100|[from] Grassy Terrain\n|upkeep\n|\n|t:|1700279461\n|switch|p2a: Flygon|Flygon, M|100\/100\n|turn|26\n|\n|t:|1700279465\n|switch|p1a: Great Tusk|Great Tusk|24\/100\n|move|p2a: Flygon|Dragon Claw|p1a: Great Tusk\n|-damage|p1a: Great Tusk|4\/100\n|\n|-heal|p1a: Great Tusk|10\/100|[from] Grassy Terrain\n|-fieldend|move: Grassy Terrain\n|upkeep\n|turn|27\n|\n|t:|1700279474\n|move|p2a: Flygon|Dragon Claw|p1a: Great Tusk\n|-damage|p1a: Great Tusk|0 fnt\n|faint|p1a: Great Tusk\n|-end|p1a: Great Tusk|Protosynthesis|[silent]\n|\n|upkeep\n|\n|t:|1700279483\n|switch|p1a: Tapu Koko|Tapu Koko|49\/100\n|-fieldstart|move: Electric Terrain|[from] ability: Electric Surge|[of] p1a: Tapu Koko\n|turn|28\n|\n|t:|1700279488\n|move|p1a: Tapu Koko|Volt Switch|p2a: Flygon\n|-immune|p2a: Flygon\n|move|p2a: Flygon|Dragon Dance|p2a: Flygon\n|-boost|p2a: Flygon|atk|1\n|-boost|p2a: Flygon|spe|1\n|\n|upkeep\n|turn|29\n|c|\u2606runeatest|STUPID!\n|\n|t:|1700279511\n|move|p2a: Flygon|Earthquake|p1a: Tapu Koko\n|-supereffective|p1a: Tapu Koko\n|-damage|p1a: Tapu Koko|0 fnt\n|faint|p1a: Tapu Koko\n|\n|upkeep\n|\n|t:|1700279517\n|switch|p1a: Rillaboom|Rillaboom, M|21\/100\n|-fieldstart|move: Grassy Terrain|[from] ability: Grassy Surge|[of] p1a: Rillaboom\n|turn|30\n|\n|t:|1700279522\n|move|p1a: Rillaboom|Grassy Glide|p2a: Flygon\n|-damage|p2a: Flygon|13\/100\n|move|p2a: Flygon|Dragon Claw|p1a: Rillaboom\n|-damage|p1a: Rillaboom|0 fnt\n|faint|p1a: Rillaboom\n|\n|upkeep\n|\n|t:|1700279531\n|switch|p1a: Garganacl|Garganacl, M|35\/100\n|turn|31\n|\n|t:|1700279535\n|move|p2a: Flygon|Earthquake|p1a: Garganacl\n|-supereffective|p1a: Garganacl\n|-damage|p1a: Garganacl|0 fnt\n|faint|p1a: Garganacl\n|\n|upkeep\n|-message|chl158981215 forfeited.\n|\n|win|runeatest\n|raw|chl158981215's rating: 1290 &rarr; <strong>1262<\/strong><br \/>(-28 for losing)\n|raw|runeatest's rating: 1251 &rarr; <strong>1279<\/strong><br \/>(+28 for winning)\n|l|\u2606chl158981215\n","uploadtime":1700279546,"views":7,"p1id":"chl158981215","p2id":"runeatest","formatid":"gen9nationaldex","rating":1262,"private":0,"password":""}