{"id":"gen9nationaldex-1987582831","p1":"uwawawawawawawa","p2":"s.daninja","format":"[Gen 9] National Dex","log":"|j|\u2606uwawawawawawawa\n|j|\u2606s.daninja\n|t:|1699615477\n|gametype|singles\n|player|p1|uwawawawawawawa|hiker-gen4|1296\n|player|p2|s.daninja|cheryl|1282\n|teamsize|p1|6\n|teamsize|p2|6\n|gen|9\n|tier|[Gen 9] National Dex\n|rated|\n|rule|HP Percentage Mod: HP is shown in percentages\n|rule|Endless Battle Clause: Forcing endless battles is banned\n|rule|OHKO Clause: OHKO moves are banned\n|rule|Evasion Clause: Evasion abilities, items, and moves are banned\n|rule|Evasion Abilities Clause: Evasion abilities are banned\n|rule|Evasion Items Clause: Evasion items are banned\n|rule|Evasion Moves Clause: Evasion moves are banned\n|rule|Species Clause: Limit one of each Pok\u00e9mon\n|rule|Sleep Clause Mod: Limit one foe put to sleep\n|clearpoke\n|poke|p1|Marowak-Alola, F|\n|poke|p1|Ogerpon-Wellspring, F|\n|poke|p1|Zamazenta-*|\n|poke|p1|Xurkitree|\n|poke|p1|Zoroark-Hisui, M|\n|poke|p1|Urshifu-*, M|\n|poke|p2|Cinderace, F|\n|poke|p2|Torkoal, F|\n|poke|p2|Venusaur, M|\n|poke|p2|Blaziken, F|\n|poke|p2|Charizard, M|\n|poke|p2|Volcarona, M|\n|teampreview\n|\n|t:|1699615500\n|start\n|switch|p1a: Xurkitree|Xurkitree|100\/100\n|switch|p2a: Torkoal|Torkoal, F|100\/100\n|-weather|SunnyDay|[from] ability: Drought|[of] p2a: Torkoal\n|turn|1\n|\n|t:|1699615504\n|-zpower|p1a: Xurkitree\n|move|p1a: Xurkitree|Z-Hypnosis|p2a: Torkoal|[anim]Hypnosis|[miss]\n|-boost|p1a: Xurkitree|spe|1|[zeffect]\n|-miss|p1a: Xurkitree|p2a: Torkoal\n|move|p2a: Torkoal|Overheat|p1a: Xurkitree\n|-damage|p1a: Xurkitree|7\/100\n|-unboost|p2a: Torkoal|spa|2\n|-enditem|p2a: Torkoal|Eject Pack\n|\n|t:|1699615509\n|switch|p2a: Venusaur|Venusaur, M|100\/100\n|\n|-weather|SunnyDay|[upkeep]\n|upkeep\n|turn|2\n|\n|t:|1699615514\n|move|p2a: Venusaur|Sludge Bomb|p1a: Xurkitree\n|-damage|p1a: Xurkitree|0 fnt\n|faint|p1a: Xurkitree\n|-damage|p2a: Venusaur|91\/100|[from] item: Life Orb\n|\n|-weather|SunnyDay|[upkeep]\n|upkeep\n|\n|t:|1699615520\n|switch|p1a: Ogerpon|Ogerpon-Wellspring, F|100\/100\n|turn|3\n|\n|t:|1699615526\n|move|p2a: Venusaur|Sludge Bomb|p1a: Ogerpon\n|-resisted|p1a: Ogerpon\n|-damage|p1a: Ogerpon|40\/100\n|replace|p1a: Zoroark|Zoroark-Hisui, M\n|-end|p1a: Zoroark|Illusion\n|-damage|p2a: Venusaur|81\/100|[from] item: Life Orb\n|move|p1a: Zoroark|Flamethrower|p2a: Venusaur\n|-supereffective|p2a: Venusaur\n|-damage|p2a: Venusaur|0 fnt\n|faint|p2a: Venusaur\n|\n|-weather|SunnyDay|[upkeep]\n|-heal|p1a: Zoroark|46\/100|[from] item: Leftovers\n|upkeep\n|\n|t:|1699615532\n|switch|p2a: Cinderace|Cinderace, F|100\/100\n|turn|4\n|\n|t:|1699615542\n|move|p2a: Cinderace|Pyro Ball|p1a: Zoroark\n|-damage|p1a: Zoroark|0 fnt\n|faint|p1a: Zoroark\n|-damage|p2a: Cinderace|91\/100|[from] item: Life Orb\n|\n|-weather|SunnyDay|[upkeep]\n|upkeep\n|\n|t:|1699615546\n|switch|p1a: Urshifu|Urshifu-Rapid-Strike, M|100\/100\n|turn|5\n|\n|t:|1699615550\n|move|p2a: Cinderace|High Jump Kick|p1a: Urshifu\n|-start|p2a: Cinderace|typechange|Fighting|[from] ability: Libero\n|-damage|p1a: Urshifu|17\/100\n|-damage|p2a: Cinderace|81\/100|[from] item: Life Orb\n|move|p1a: Urshifu|Swords Dance|p1a: Urshifu\n|-boost|p1a: Urshifu|atk|2\n|\n|-weather|none\n|upkeep\n|turn|6\n|\n|t:|1699615557\n|move|p2a: Cinderace|Sucker Punch|p1a: Urshifu\n|-resisted|p1a: Urshifu\n|-damage|p1a: Urshifu|3\/100\n|-damage|p2a: Cinderace|71\/100|[from] item: Life Orb\n|move|p1a: Urshifu|Drain Punch|p2a: Cinderace\n|-damage|p2a: Cinderace|0 fnt\n|-heal|p1a: Urshifu|34\/100|[from] drain|[of] p2a: Cinderace\n|faint|p2a: Cinderace\n|\n|upkeep\n|\n|t:|1699615565\n|switch|p2a: Charizard|Charizard, M|100\/100\n|turn|7\n|\n|t:|1699615568\n|detailschange|p2a: Charizard|Charizard-Mega-Y, M\n|-mega|p2a: Charizard|Charizard|Charizardite Y\n|-weather|SunnyDay|[from] ability: Drought|[of] p2a: Charizard\n|move|p2a: Charizard|Weather Ball|p1a: Urshifu\n|-resisted|p1a: Urshifu\n|-damage|p1a: Urshifu|0 fnt\n|faint|p1a: Urshifu\n|\n|-weather|SunnyDay|[upkeep]\n|upkeep\n|\n|t:|1699615576\n|switch|p1a: Marowak|Marowak-Alola, F|100\/100\n|turn|8\n|\n|t:|1699615579\n|move|p2a: Charizard|Scorching Sands|p1a: Marowak\n|-supereffective|p1a: Marowak\n|-damage|p1a: Marowak|30\/100\n|move|p1a: Marowak|Flare Blitz|p2a: Charizard\n|-resisted|p2a: Charizard\n|-damage|p2a: Charizard|0 fnt\n|faint|p2a: Charizard\n|\n|-weather|SunnyDay|[upkeep]\n|upkeep\n|\n|t:|1699615587\n|switch|p2a: Volcarona|Volcarona, M|100\/100\n|turn|9\n|\n|t:|1699615591\n|move|p2a: Volcarona|Fiery Dance|p1a: Marowak\n|-resisted|p1a: Marowak\n|-damage|p1a: Marowak|0 fnt\n|faint|p1a: Marowak\n|\n|-weather|SunnyDay|[upkeep]\n|upkeep\n|\n|t:|1699615599\n|switch|p1a: Ogerpon|Ogerpon-Wellspring, F|100\/100\n|turn|10\n|\n|t:|1699615602\n|move|p2a: Volcarona|Quiver Dance|p2a: Volcarona\n|-boost|p2a: Volcarona|spa|1\n|-boost|p2a: Volcarona|spd|1\n|-boost|p2a: Volcarona|spe|1\n|move|p1a: Ogerpon|Throat Chop|p2a: Volcarona\n|-damage|p2a: Volcarona|50\/100\n|-start|p2a: Volcarona|Throat Chop|[silent]\n|-status|p1a: Ogerpon|brn|[from] ability: Flame Body|[of] p2a: Volcarona\n|\n|-weather|SunnyDay|[upkeep]\n|-damage|p1a: Ogerpon|95\/100 brn|[from] brn\n|upkeep\n|turn|11\n|\n|t:|1699615613\n|-terastallize|p1a: Ogerpon|Water\n|detailschange|p1a: Ogerpon|Ogerpon-Wellspring-Tera, F, tera:Water\n|-ability|p1a: Ogerpon|Embody Aspect (Wellspring)|boost\n|-boost|p1a: Ogerpon|spd|1\n|-zpower|p2a: Volcarona\n|move|p2a: Volcarona|Inferno Overdrive|p1a: Ogerpon|[zeffect]\n|-resisted|p1a: Ogerpon\n|-crit|p1a: Ogerpon\n|-damage|p1a: Ogerpon|0 fnt\n|faint|p1a: Ogerpon\n|\n|-weather|none\n|-end|p2a: Volcarona|Throat Chop|[silent]\n|upkeep\n|\n|t:|1699615624\n|switch|p1a: Zamazenta|Zamazenta|100\/100\n|-ability|p1a: Zamazenta|Dauntless Shield|boost\n|-boost|p1a: Zamazenta|def|1\n|turn|12\n|\n|t:|1699615630\n|move|p2a: Volcarona|Fiery Dance|p1a: Zamazenta\n|-damage|p1a: Zamazenta|44\/100\n|move|p1a: Zamazenta|Body Press|p2a: Volcarona\n|-resisted|p2a: Volcarona\n|-damage|p2a: Volcarona|5\/100\n|-status|p1a: Zamazenta|brn|[from] ability: Flame Body|[of] p2a: Volcarona\n|\n|-heal|p1a: Zamazenta|50\/100 brn|[from] item: Leftovers\n|-damage|p1a: Zamazenta|44\/100 brn|[from] brn\n|upkeep\n|turn|13\n|\n|t:|1699615637\n|move|p2a: Volcarona|Fiery Dance|p1a: Zamazenta\n|-damage|p1a: Zamazenta|0 fnt\n|faint|p1a: Zamazenta\n|\n|win|s.daninja\n|raw|uwawawawawawawa's rating: 1296 &rarr; <strong>1270<\/strong><br \/>(-26 for losing)\n|raw|s.daninja's rating: 1282 &rarr; <strong>1308<\/strong><br \/>(+26 for winning)\n","uploadtime":1699615640,"views":5,"p1id":"uwawawawawawawa","p2id":"sdaninja","formatid":"gen9nationaldex","rating":1270,"private":0,"password":""}