{"id":"gen9nationaldex-1991768502","p1":"w0909","p2":"HeirEhm","format":"[Gen 9] National Dex","log":"|j|\u2606w0909\n|j|\u2606HeirEhm\n|t:|1700113858\n|gametype|singles\n|player|p1|w0909|klara|\n|player|p2|HeirEhm|cynthia-gen7|\n|teamsize|p1|6\n|teamsize|p2|6\n|gen|9\n|tier|[Gen 9] National Dex\n|rule|HP Percentage Mod: HP is shown in percentages\n|rule|Endless Battle Clause: Forcing endless battles is banned\n|rule|OHKO Clause: OHKO moves are banned\n|rule|Evasion Clause: Evasion abilities, items, and moves are banned\n|rule|Evasion Abilities Clause: Evasion abilities are banned\n|rule|Evasion Items Clause: Evasion items are banned\n|rule|Evasion Moves Clause: Evasion moves are banned\n|rule|Species Clause: Limit one of each Pok\u00e9mon\n|rule|Sleep Clause Mod: Limit one foe put to sleep\n|clearpoke\n|poke|p1|Corviknight, F|\n|poke|p1|Regidrago|\n|poke|p1|Sylveon, F|\n|poke|p1|Medicham, M|\n|poke|p1|Dugtrio-Alola, F|\n|poke|p1|Arctibax, F|\n|poke|p2|Garganacl, M|\n|poke|p2|Ceruledge, M|\n|poke|p2|Klefki, M|\n|poke|p2|Electrode-Hisui|\n|poke|p2|Chansey, F|\n|poke|p2|Murkrow, M|\n|teampreview\n|\n|t:|1700113891\n|start\n|switch|p1a: Dugtrio|Dugtrio-Alola, F|100\/100\n|switch|p2a: Jingle Jingle|Klefki, M|100\/100\n|turn|1\n|\n|t:|1700113910\n|switch|p2a: Rowkrum|Murkrow, M|100\/100\n|move|p1a: Dugtrio|Stealth Rock|p2a: Rowkrum\n|-sidestart|p2: HeirEhm|move: Stealth Rock\n|\n|upkeep\n|turn|2\n|\n|t:|1700113923\n|move|p2a: Rowkrum|Perish Song|p2a: Rowkrum\n|-start|p1a: Dugtrio|perish3|[silent]\n|-start|p2a: Rowkrum|perish3|[silent]\n|-fieldactivate|move: Perish Song\n|move|p1a: Dugtrio|Iron Head|p2a: Rowkrum\n|-damage|p2a: Rowkrum|19\/100\n|-damage|p1a: Dugtrio|91\/100|[from] item: Life Orb\n|\n|-start|p1a: Dugtrio|perish3\n|-start|p2a: Rowkrum|perish3\n|upkeep\n|turn|3\n|\n|t:|1700113933\n|move|p2a: Rowkrum|Defog|p1a: Dugtrio\n|-unboost|p1a: Dugtrio|evasion|1\n|-sideend|p2: HeirEhm|Stealth Rock|[from] move: Defog|[of] p2a: Rowkrum\n|move|p1a: Dugtrio|Iron Head|p2a: Rowkrum\n|-damage|p2a: Rowkrum|0 fnt\n|faint|p2a: Rowkrum\n|-damage|p1a: Dugtrio|81\/100|[from] item: Life Orb\n|\n|-start|p1a: Dugtrio|perish2\n|upkeep\n|\n|t:|1700113947\n|switch|p2a: Wambulance|Chansey, F|100\/100\n|turn|4\n|\n|t:|1700113951\n|move|p1a: Dugtrio|Stealth Rock|p2a: Wambulance\n|-sidestart|p2: HeirEhm|move: Stealth Rock\n|move|p2a: Wambulance|Tri Attack|p1a: Dugtrio\n|-resisted|p1a: Dugtrio\n|-damage|p1a: Dugtrio|59\/100\n|\n|-start|p1a: Dugtrio|perish1\n|upkeep\n|turn|5\n|\n|t:|1700113966\n|switch|p1a: Arctibax|Arctibax, F|100\/100\n|move|p2a: Wambulance|Tri Attack|p1a: Arctibax\n|-crit|p1a: Arctibax\n|-damage|p1a: Arctibax|55\/100\n|\n|upkeep\n|turn|6\n|\n|t:|1700113976\n|move|p1a: Arctibax|Brick Break|p2a: Wambulance\n|-supereffective|p2a: Wambulance\n|-damage|p2a: Wambulance|54\/100\n|move|p2a: Wambulance|Tri Attack|p1a: Arctibax\n|-crit|p1a: Arctibax\n|-damage|p1a: Arctibax|10\/100\n|-enditem|p1a: Arctibax|Salac Berry|[eat]\n|-boost|p1a: Arctibax|spe|1|[from] item: Salac Berry\n|\n|upkeep\n|turn|7\n|\n|t:|1700113989\n|move|p1a: Arctibax|Outrage|p2a: Wambulance\n|-damage|p2a: Wambulance|2\/100\n|move|p2a: Wambulance|Tri Attack|p1a: Arctibax\n|-crit|p1a: Arctibax\n|-damage|p1a: Arctibax|0 fnt\n|faint|p1a: Arctibax\n|\n|upkeep\n|\n|t:|1700113994\n|switch|p1a: Dugtrio|Dugtrio-Alola, F|59\/100\n|turn|8\n|\n|t:|1700114011\n|move|p1a: Dugtrio|Earthquake|p2a: Wambulance\n|-damage|p2a: Wambulance|0 fnt\n|faint|p2a: Wambulance\n|-damage|p1a: Dugtrio|49\/100|[from] item: Life Orb\n|\n|upkeep\n|\n|t:|1700114024\n|switch|p2a: Beyblade beyblade|Electrode-Hisui|100\/100\n|-damage|p2a: Beyblade beyblade|88\/100|[from] Stealth Rock\n|turn|9\n|\n|t:|1700114038\n|switch|p1a: Sylveon|Sylveon, F|100\/100\n|move|p2a: Beyblade beyblade|Energy Ball|p1a: Sylveon\n|-damage|p1a: Sylveon|65\/100\n|\n|-heal|p1a: Sylveon|72\/100|[from] item: Leftovers\n|upkeep\n|turn|10\n|\n|t:|1700114047\n|switch|p2a: Jingle Jingle|Klefki, M|100\/100\n|-damage|p2a: Jingle Jingle|95\/100|[from] Stealth Rock\n|move|p1a: Sylveon|Mystical Fire|p2a: Jingle Jingle\n|-supereffective|p2a: Jingle Jingle\n|-damage|p2a: Jingle Jingle|34\/100\n|-unboost|p2a: Jingle Jingle|spa|1\n|\n|-heal|p1a: Sylveon|78\/100|[from] item: Leftovers\n|upkeep\n|turn|11\n|\n|t:|1700114075\n|switch|p2a: SWORDSFORHANDS|Ceruledge, M|100\/100\n|move|p1a: Sylveon|Hyper Voice|p2a: SWORDSFORHANDS\n|-resisted|p2a: SWORDSFORHANDS\n|-damage|p2a: SWORDSFORHANDS|67\/100\n|\n|-heal|p1a: Sylveon|84\/100|[from] item: Leftovers\n|upkeep\n|turn|12\n|\n|t:|1700114083\n|move|p2a: SWORDSFORHANDS|Bulk Up|p2a: SWORDSFORHANDS\n|-boost|p2a: SWORDSFORHANDS|atk|1\n|-boost|p2a: SWORDSFORHANDS|def|1\n|move|p1a: Sylveon|Shadow Ball|p2a: SWORDSFORHANDS\n|-supereffective|p2a: SWORDSFORHANDS\n|-damage|p2a: SWORDSFORHANDS|1\/100\n|\n|-heal|p1a: Sylveon|90\/100|[from] item: Leftovers\n|upkeep\n|turn|13\n|\n|t:|1700114098\n|move|p2a: SWORDSFORHANDS|Bitter Blade|p1a: Sylveon\n|-damage|p1a: Sylveon|9\/100\n|-heal|p2a: SWORDSFORHANDS|56\/100|[from] drain|[of] p1a: Sylveon\n|move|p1a: Sylveon|Shadow Ball|p2a: SWORDSFORHANDS\n|-supereffective|p2a: SWORDSFORHANDS\n|-damage|p2a: SWORDSFORHANDS|0 fnt\n|faint|p2a: SWORDSFORHANDS\n|\n|-heal|p1a: Sylveon|15\/100|[from] item: Leftovers\n|upkeep\n|\n|t:|1700114117\n|switch|p2a: RegiSalt|Garganacl, M, shiny|100\/100\n|-damage|p2a: RegiSalt|88\/100|[from] Stealth Rock\n|turn|14\n|\n|t:|1700114131\n|move|p1a: Sylveon|Hyper Voice|p2a: RegiSalt\n|-damage|p2a: RegiSalt|42\/100\n|move|p2a: RegiSalt|Ice Punch|p1a: Sylveon\n|-damage|p1a: Sylveon|0 fnt\n|faint|p1a: Sylveon\n|\n|-heal|p2a: RegiSalt|48\/100|[from] item: Leftovers\n|upkeep\n|\n|t:|1700114138\n|switch|p1a: Regidrago|Regidrago|100\/100\n|turn|15\n|\n|t:|1700114152\n|move|p1a: Regidrago|Earth Power|p2a: RegiSalt\n|-supereffective|p2a: RegiSalt\n|-damage|p2a: RegiSalt|0 fnt\n|faint|p2a: RegiSalt\n|\n|upkeep\n|\n|t:|1700114155\n|switch|p2a: Jingle Jingle|Klefki, M|34\/100\n|-damage|p2a: Jingle Jingle|28\/100|[from] Stealth Rock\n|turn|16\n|\n|t:|1700114161\n|move|p2a: Jingle Jingle|Switcheroo|p1a: Regidrago\n|-activate|p2a: Jingle Jingle|move: Trick|[of] p1a: Regidrago\n|-item|p1a: Regidrago|Toxic Orb|[from] move: Switcheroo\n|-item|p2a: Jingle Jingle|Choice Specs|[from] move: Switcheroo\n|move|p1a: Regidrago|Earth Power|p2a: Jingle Jingle\n|-supereffective|p2a: Jingle Jingle\n|-damage|p2a: Jingle Jingle|0 fnt\n|faint|p2a: Jingle Jingle\n|\n|-status|p1a: Regidrago|tox|[from] item: Toxic Orb\n|upkeep\n|\n|t:|1700114168\n|switch|p2a: Beyblade beyblade|Electrode-Hisui|88\/100\n|-damage|p2a: Beyblade beyblade|76\/100|[from] Stealth Rock\n|turn|17\n|\n|t:|1700114181\n|-terastallize|p2a: Beyblade beyblade|Water\n|move|p2a: Beyblade beyblade|Energy Ball|p1a: Regidrago\n|-resisted|p1a: Regidrago\n|-damage|p1a: Regidrago|72\/100 tox\n|-unboost|p1a: Regidrago|spd|1\n|move|p1a: Regidrago|Earth Power|p2a: Beyblade beyblade\n|-damage|p2a: Beyblade beyblade|33\/100\n|\n|-damage|p1a: Regidrago|66\/100 tox|[from] psn\n|upkeep\n|turn|18\n|\n|t:|1700114192\n|move|p2a: Beyblade beyblade|Energy Ball|p1a: Regidrago\n|-resisted|p1a: Regidrago\n|-damage|p1a: Regidrago|25\/100 tox\n|move|p1a: Regidrago|Dragon Energy|p2a: Beyblade beyblade\n|-damage|p2a: Beyblade beyblade|0 fnt\n|faint|p2a: Beyblade beyblade\n|\n|win|w0909\n","uploadtime":1700114201,"views":4,"p1id":"w0909","p2id":"heirehm","formatid":"gen9nationaldex","rating":0,"private":0,"password":""}