{"id":"gen9nationaldex-1996691879","p1":"Monte73","p2":"Mathex023","format":"[Gen 9] National Dex","log":"|html|<div class=\"broadcast-blue\"><strong>[Gen 9] National Dex is currently suspecting Sneasler! For information on how to participate check out the <a href=\"https:\/\/www.smogon.com\/forums\/threads\/sv-national-dex-suspect-8-just-dance.3731534\/\">suspect thread<\/a>.<\/strong><\/div>\n|j|\u2606Monte73\n|j|\u2606Mathex023\n|t:|1700710357\n|gametype|singles\n|player|p1|Monte73|veteran|1513\n|player|p2|Mathex023|266|1651\n|teamsize|p1|6\n|teamsize|p2|6\n|gen|9\n|tier|[Gen 9] National Dex\n|rated|\n|rule|HP Percentage Mod: HP is shown in percentages\n|rule|Endless Battle Clause: Forcing endless battles is banned\n|rule|OHKO Clause: OHKO moves are banned\n|rule|Evasion Clause: Evasion abilities, items, and moves are banned\n|rule|Evasion Abilities Clause: Evasion abilities are banned\n|rule|Evasion Items Clause: Evasion items are banned\n|rule|Evasion Moves Clause: Evasion moves are banned\n|rule|Species Clause: Limit one of each Pok\u00e9mon\n|rule|Sleep Clause Mod: Limit one foe put to sleep\n|clearpoke\n|poke|p1|Charizard, M|\n|poke|p1|Tyranitar, M|\n|poke|p1|Great Tusk|\n|poke|p1|Garganacl, M|\n|poke|p1|Zapdos|\n|poke|p1|Alomomola, F|\n|poke|p2|Corviknight, M|\n|poke|p2|Garganacl, F|\n|poke|p2|Diancie|\n|poke|p2|Cinderace, M|\n|poke|p2|Ursaluna, F|\n|poke|p2|Ogerpon-Wellspring, F|\n|teampreview\n|j| LordGimmickIII\n|\n|t:|1700710379\n|start\n|switch|p1a: Zapdos|Zapdos|100\/100\n|switch|p2a: Cinderace|Cinderace, M|100\/100\n|turn|1\n|\n|t:|1700710384\n|switch|p2a: Garganacl|Garganacl, F|100\/100\n|move|p1a: Zapdos|Volt Switch|p2a: Garganacl\n|-damage|p2a: Garganacl|83\/100\n|\n|t:|1700710392\n|switch|p1a: Great Tusk|Great Tusk|100\/100|[from] Volt Switch\n|\n|-heal|p2a: Garganacl|89\/100|[from] item: Leftovers\n|upkeep\n|turn|2\n|\n|t:|1700710399\n|switch|p2a: Corviknight|Corviknight, M|100\/100\n|-ability|p2a: Corviknight|Pressure\n|move|p1a: Great Tusk|Stealth Rock|p2a: Corviknight\n|-sidestart|p2: Mathex023|move: Stealth Rock\n|\n|upkeep\n|turn|3\n|\n|t:|1700710402\n|-end|p1a: Great Tusk|Protosynthesis|[silent]\n|switch|p1a: Charizard|Charizard, M|100\/100\n|move|p2a: Corviknight|Defog|p1a: Charizard\n|-unboost|p1a: Charizard|evasion|1\n|-sideend|p2: Mathex023|Stealth Rock|[from] move: Defog|[of] p2a: Corviknight\n|\n|upkeep\n|turn|4\n|\n|t:|1700710406\n|switch|p2a: Diancie|Diancie|100\/100\n|detailschange|p1a: Charizard|Charizard-Mega-Y, M\n|-mega|p1a: Charizard|Charizard|Charizardite Y\n|-weather|SunnyDay|[from] ability: Drought|[of] p1a: Charizard\n|move|p1a: Charizard|Fire Blast|p2a: Diancie\n|-resisted|p2a: Diancie\n|-damage|p2a: Diancie|51\/100\n|\n|-weather|SunnyDay|[upkeep]\n|upkeep\n|turn|5\n|\n|t:|1700710417\n|switch|p1a: Great Tusk|Great Tusk|100\/100\n|-activate|p1a: Great Tusk|ability: Protosynthesis\n|-start|p1a: Great Tusk|protosynthesisdef\n|detailschange|p2a: Diancie|Diancie-Mega\n|-mega|p2a: Diancie|Diancie|Diancite\n|move|p2a: Diancie|Diamond Storm|p1a: Great Tusk\n|-resisted|p1a: Great Tusk\n|-damage|p1a: Great Tusk|96\/100\n|\n|-weather|SunnyDay|[upkeep]\n|upkeep\n|turn|6\n|\n|t:|1700710424\n|-terastallize|p1a: Great Tusk|Water\n|move|p2a: Diancie|Moonblast|p1a: Great Tusk\n|-damage|p1a: Great Tusk|22\/100\n|move|p1a: Great Tusk|Earthquake|p2a: Diancie\n|-supereffective|p2a: Diancie\n|-damage|p2a: Diancie|0 fnt\n|faint|p2a: Diancie\n|\n|-weather|SunnyDay|[upkeep]\n|upkeep\n|\n|t:|1700710429\n|switch|p2a: Ogerpon|Ogerpon-Wellspring, F|100\/100\n|turn|7\n|\n|t:|1700710436\n|-end|p1a: Great Tusk|Protosynthesis|[silent]\n|switch|p1a: Zapdos|Zapdos|100\/100\n|move|p2a: Ogerpon|Trailblaze|p1a: Zapdos\n|-resisted|p1a: Zapdos\n|-damage|p1a: Zapdos|89\/100\n|-boost|p2a: Ogerpon|spe|1\n|-status|p2a: Ogerpon|par|[from] ability: Static|[of] p1a: Zapdos\n|\n|-weather|SunnyDay|[upkeep]\n|upkeep\n|turn|8\n|\n|t:|1700710442\n|move|p1a: Zapdos|Volt Switch|p2a: Ogerpon\n|-damage|p2a: Ogerpon|68\/100 par\n|\n|t:|1700710461\n|switch|p1a: Garganacl|Garganacl, M|100\/100|[from] Volt Switch\n|cant|p2a: Ogerpon|par\n|\n|-weather|none\n|upkeep\n|turn|9\n|\n|t:|1700710467\n|move|p2a: Ogerpon|Ivy Cudgel|p1a: Garganacl|[anim] Ivy Cudgel Water\n|-supereffective|p1a: Garganacl\n|-damage|p1a: Garganacl|27\/100\n|move|p1a: Garganacl|Salt Cure|p2a: Ogerpon\n|-damage|p2a: Ogerpon|50\/100 par\n|-start|p2a: Ogerpon|Salt Cure\n|\n|-heal|p1a: Garganacl|33\/100|[from] item: Leftovers\n|-damage|p2a: Ogerpon|25\/100 par|[from] Salt Cure\n|upkeep\n|turn|10\n|\n|t:|1700710481\n|switch|p1a: Charizard|Charizard-Mega-Y, M|100\/100\n|-weather|SunnyDay|[from] ability: Drought|[of] p1a: Charizard\n|move|p2a: Ogerpon|Horn Leech|p1a: Charizard\n|-resisted|p1a: Charizard\n|-damage|p1a: Charizard|85\/100\n|-heal|p2a: Ogerpon|32\/100 par|[from] drain|[of] p1a: Charizard\n|\n|-weather|SunnyDay|[upkeep]\n|-damage|p2a: Ogerpon|7\/100 par|[from] Salt Cure\n|upkeep\n|turn|11\n|\n|t:|1700710487\n|move|p1a: Charizard|Solar Beam||[still]\n|-prepare|p1a: Charizard|Solar Beam\n|-anim|p1a: Charizard|Solar Beam|p2a: Ogerpon\n|-damage|p2a: Ogerpon|0 fnt\n|faint|p2a: Ogerpon\n|\n|-weather|SunnyDay|[upkeep]\n|upkeep\n|\n|t:|1700710491\n|switch|p2a: Garganacl|Garganacl, F|89\/100\n|turn|12\n|\n|t:|1700710498\n|switch|p1a: Alomomola|Alomomola, F|100\/100\n|-terastallize|p2a: Garganacl|Dragon\n|move|p2a: Garganacl|Salt Cure|p1a: Alomomola\n|-damage|p1a: Alomomola|92\/100\n|-start|p1a: Alomomola|Salt Cure\n|\n|-weather|SunnyDay|[upkeep]\n|-heal|p2a: Garganacl|95\/100|[from] item: Leftovers\n|-damage|p1a: Alomomola|67\/100|[from] Salt Cure\n|upkeep\n|turn|13\n|\n|t:|1700710504\n|move|p1a: Alomomola|Flip Turn|p2a: Garganacl\n|-resisted|p2a: Garganacl\n|-damage|p2a: Garganacl|93\/100\n|\n|t:|1700710509\n|switch|p1a: Garganacl|Garganacl, M|33\/100|[from] Flip Turn\n|move|p2a: Garganacl|Stealth Rock|p1a: Garganacl\n|-sidestart|p1: Monte73|move: Stealth Rock\n|\n|-weather|SunnyDay|[upkeep]\n|-heal|p2a: Garganacl|99\/100|[from] item: Leftovers\n|-heal|p1a: Garganacl|40\/100|[from] item: Leftovers\n|upkeep\n|turn|14\n|\n|t:|1700710514\n|switch|p2a: Ursaluna|Ursaluna, F|100\/100\n|move|p1a: Garganacl|Iron Defense|p1a: Garganacl\n|-boost|p1a: Garganacl|def|2\n|\n|-weather|none\n|-heal|p1a: Garganacl|46\/100|[from] item: Leftovers\n|-status|p2a: Ursaluna|brn|[from] item: Flame Orb\n|upkeep\n|turn|15\n|\n|t:|1700710523\n|move|p2a: Ursaluna|Headlong Rush|p1a: Garganacl\n|-supereffective|p1a: Garganacl\n|-damage|p1a: Garganacl|0 fnt\n|-unboost|p2a: Ursaluna|def|1\n|-unboost|p2a: Ursaluna|spd|1\n|faint|p1a: Garganacl\n|\n|-damage|p2a: Ursaluna|94\/100 brn|[from] brn\n|upkeep\n|inactive|Battle timer is ON: inactive players will automatically lose when time's up. (requested by Mathex023)\n|\n|t:|1700710529\n|switch|p1a: Great Tusk|Great Tusk, tera:Water|22\/100\n|turn|16\n|\n|t:|1700710536\n|switch|p2a: Garganacl|Garganacl, F, tera:Dragon|99\/100\n|move|p1a: Great Tusk|Rapid Spin|p2a: Garganacl\n|-damage|p2a: Garganacl|89\/100\n|-boost|p1a: Great Tusk|spe|1\n|-sideend|p1: Monte73|Stealth Rock|[from] move: Rapid Spin|[of] p1a: Great Tusk\n|\n|-heal|p2a: Garganacl|96\/100|[from] item: Leftovers\n|upkeep\n|turn|17\n|\n|t:|1700710540\n|move|p1a: Great Tusk|Ice Spinner|p2a: Garganacl\n|-supereffective|p2a: Garganacl\n|-damage|p2a: Garganacl|66\/100\n|move|p2a: Garganacl|Salt Cure|p1a: Great Tusk\n|-damage|p1a: Great Tusk|15\/100\n|-start|p1a: Great Tusk|Salt Cure\n|\n|-heal|p2a: Garganacl|72\/100|[from] item: Leftovers\n|-damage|p1a: Great Tusk|0 fnt|[from] Salt Cure\n|faint|p1a: Great Tusk\n|-end|p1a: Great Tusk|Protosynthesis|[silent]\n|upkeep\n|\n|t:|1700710548\n|switch|p1a: Tyranitar|Tyranitar, M|100\/100\n|-weather|Sandstorm|[from] ability: Sand Stream|[of] p1a: Tyranitar\n|turn|18\n|\n|t:|1700710553\n|move|p2a: Garganacl|Recover|p2a: Garganacl\n|-heal|p2a: Garganacl|100\/100\n|move|p1a: Tyranitar|Dragon Tail|p2a: Garganacl\n|-supereffective|p2a: Garganacl\n|-damage|p2a: Garganacl|71\/100\n|drag|p2a: Cinderace|Cinderace, M|100\/100\n|\n|-weather|Sandstorm|[upkeep]\n|-damage|p2a: Cinderace|95\/100|[from] Sandstorm\n|upkeep\n|turn|19\n|\n|t:|1700710562\n|move|p2a: Cinderace|Will-O-Wisp|p1a: Tyranitar|[miss]\n|-miss|p2a: Cinderace|p1a: Tyranitar\n|move|p1a: Tyranitar|Knock Off|p2a: Cinderace\n|-damage|p2a: Cinderace|10\/100\n|-enditem|p2a: Cinderace|Heavy-Duty Boots|[from] move: Knock Off|[of] p1a: Tyranitar\n|\n|-weather|Sandstorm|[upkeep]\n|-damage|p2a: Cinderace|4\/100|[from] Sandstorm\n|upkeep\n|turn|20\n|\n|t:|1700710572\n|switch|p1a: Zapdos|Zapdos|89\/100\n|move|p2a: Cinderace|U-turn|p1a: Zapdos\n|-start|p2a: Cinderace|typechange|Bug|[from] ability: Libero\n|-resisted|p1a: Zapdos\n|-damage|p1a: Zapdos|76\/100\n|\n|t:|1700710575\n|switch|p2a: Garganacl|Garganacl, F, tera:Dragon|71\/100|[from] U-turn\n|\n|-weather|Sandstorm|[upkeep]\n|-damage|p1a: Zapdos|70\/100|[from] Sandstorm\n|-damage|p2a: Garganacl|65\/100|[from] Sandstorm\n|-heal|p2a: Garganacl|71\/100|[from] item: Leftovers\n|upkeep\n|turn|21\n|\n|t:|1700710583\n|move|p1a: Zapdos|Volt Switch|p2a: Garganacl\n|-resisted|p2a: Garganacl\n|-damage|p2a: Garganacl|62\/100\n|\n|t:|1700710586\n|switch|p1a: Tyranitar|Tyranitar, M|100\/100|[from] Volt Switch\n|move|p2a: Garganacl|Salt Cure|p1a: Tyranitar\n|-damage|p1a: Tyranitar|88\/100\n|-start|p1a: Tyranitar|Salt Cure\n|\n|-weather|Sandstorm|[upkeep]\n|-damage|p2a: Garganacl|56\/100|[from] Sandstorm\n|-heal|p2a: Garganacl|62\/100|[from] item: Leftovers\n|-damage|p1a: Tyranitar|76\/100|[from] Salt Cure\n|upkeep\n|turn|22\n|\n|t:|1700710589\n|move|p2a: Garganacl|Protect|p2a: Garganacl\n|-singleturn|p2a: Garganacl|Protect\n|move|p1a: Tyranitar|Knock Off|p2a: Garganacl\n|-activate|p2a: Garganacl|move: Protect\n|\n|-weather|none\n|-heal|p2a: Garganacl|68\/100|[from] item: Leftovers\n|-damage|p1a: Tyranitar|64\/100|[from] Salt Cure\n|upkeep\n|turn|23\n|\n|t:|1700710602\n|switch|p2a: Cinderace|Cinderace, M|4\/100\n|move|p1a: Tyranitar|Dragon Tail|p2a: Cinderace\n|-damage|p2a: Cinderace|0 fnt\n|faint|p2a: Cinderace\n|\n|-damage|p1a: Tyranitar|51\/100|[from] Salt Cure\n|upkeep\n|\n|t:|1700710604\n|switch|p2a: Ursaluna|Ursaluna, F|94\/100 brn\n|turn|24\n|\n|t:|1700710608\n|switch|p1a: Zapdos|Zapdos|70\/100\n|move|p2a: Ursaluna|Facade|p1a: Zapdos\n|-damage|p1a: Zapdos|0 fnt\n|faint|p1a: Zapdos\n|\n|-damage|p2a: Ursaluna|88\/100 brn|[from] brn\n|upkeep\n|\n|t:|1700710611\n|switch|p1a: Charizard|Charizard-Mega-Y, M|85\/100\n|-weather|SunnyDay|[from] ability: Drought|[of] p1a: Charizard\n|turn|25\n|\n|t:|1700710634\n|move|p1a: Charizard|Fire Blast|p2a: Ursaluna\n|-damage|p2a: Ursaluna|4\/100 brn\n|move|p2a: Ursaluna|Facade|p1a: Charizard\n|-damage|p1a: Charizard|0 fnt\n|faint|p1a: Charizard\n|\n|-weather|SunnyDay|[upkeep]\n|-damage|p2a: Ursaluna|0 fnt|[from] brn\n|faint|p2a: Ursaluna\n|upkeep\n|c|\u2606Monte73|This bulky asshole\n|inactive|Monte73 has 120 seconds left.\n|\n|t:|1700710668\n|switch|p1a: Tyranitar|Tyranitar, M|51\/100\n|switch|p2a: Garganacl|Garganacl, F, tera:Dragon|68\/100\n|-weather|Sandstorm|[from] ability: Sand Stream|[of] p1a: Tyranitar\n|turn|26\n|\n|t:|1700710674\n|move|p1a: Tyranitar|Knock Off|p2a: Garganacl\n|-damage|p2a: Garganacl|33\/100\n|-enditem|p2a: Garganacl|Leftovers|[from] move: Knock Off|[of] p1a: Tyranitar\n|move|p2a: Garganacl|Salt Cure|p1a: Tyranitar\n|-damage|p1a: Tyranitar|40\/100\n|-start|p1a: Tyranitar|Salt Cure\n|\n|-weather|Sandstorm|[upkeep]\n|-damage|p2a: Garganacl|27\/100|[from] Sandstorm\n|-damage|p1a: Tyranitar|27\/100|[from] Salt Cure\n|upkeep\n|turn|27\n|\n|t:|1700710680\n|switch|p1a: Alomomola|Alomomola, F|99\/100\n|move|p2a: Garganacl|Protect||[still]\n|-fail|p2a: Garganacl\n|\n|-weather|Sandstorm|[upkeep]\n|-damage|p1a: Alomomola|94\/100|[from] Sandstorm\n|-damage|p2a: Garganacl|21\/100|[from] Sandstorm\n|upkeep\n|turn|28\n|c|\u2606Mathex023|thank god i put him evs on spd\n|\n|t:|1700710689\n|move|p1a: Alomomola|Wish|p1a: Alomomola\n|move|p2a: Garganacl|Recover|p2a: Garganacl\n|-heal|p2a: Garganacl|71\/100\n|\n|-weather|Sandstorm|[upkeep]\n|-damage|p1a: Alomomola|88\/100|[from] Sandstorm\n|-damage|p2a: Garganacl|64\/100|[from] Sandstorm\n|upkeep\n|turn|29\n|\n|t:|1700710693\n|switch|p2a: Corviknight|Corviknight, M|100\/100\n|-ability|p2a: Corviknight|Pressure\n|move|p1a: Alomomola|Flip Turn|p2a: Corviknight\n|-damage|p2a: Corviknight|90\/100\n|\n|t:|1700710698\n|switch|p1a: Tyranitar|Tyranitar, M|27\/100|[from] Flip Turn\n|\n|-weather|Sandstorm|[upkeep]\n|-heal|p1a: Tyranitar|86\/100|[from] move: Wish|[wisher] Alomomola\n|-heal|p2a: Corviknight|97\/100|[from] item: Leftovers\n|upkeep\n|turn|30\n|\n|t:|1700710702\n|move|p2a: Corviknight|Iron Defense|p2a: Corviknight\n|-boost|p2a: Corviknight|def|2\n|move|p1a: Tyranitar|Stone Edge|p2a: Corviknight\n|-damage|p2a: Corviknight|78\/100\n|\n|-weather|none\n|-heal|p2a: Corviknight|84\/100|[from] item: Leftovers\n|upkeep\n|turn|31\n|\n|t:|1700710704\n|move|p2a: Corviknight|Body Press|p1a: Tyranitar\n|-supereffective|p1a: Tyranitar\n|-damage|p1a: Tyranitar|0 fnt\n|faint|p1a: Tyranitar\n|\n|-heal|p2a: Corviknight|90\/100|[from] item: Leftovers\n|upkeep\n|-message|Monte73 forfeited.\n|\n|win|Mathex023\n|raw|Monte73's rating: 1513 &rarr; <strong>1501<\/strong><br \/>(-12 for losing)\n|raw|Mathex023's rating: 1651 &rarr; <strong>1663<\/strong><br \/>(+12 for winning)\n","uploadtime":1700710661,"views":1,"p1id":"monte73","p2id":"mathex023","formatid":"gen9nationaldex","rating":1501,"private":0,"password":""}