{"id":"gen9nationaldex-1994736650","p1":"Yuanshen61\u6211\u8981\u73a9\u539f\u795e","p2":"DLoenka5","format":"[Gen 9] National Dex","log":"|html|<div class=\"broadcast-blue\"><strong>[Gen 9] National Dex is currently suspecting Sneasler! For information on how to participate check out the <a href=\"https:\/\/www.smogon.com\/forums\/threads\/sv-national-dex-suspect-8-just-dance.3731534\/\">suspect thread<\/a>.<\/strong><\/div>\n|j|\u2606Yuanshen61\u6211\u8981\u73a9\u539f\u795e\n|j|\u2606DLoenka5\n|t:|1700487447\n|gametype|singles\n|player|p1|Yuanshen61\u6211\u8981\u73a9\u539f\u795e|dawn-contest|1529\n|player|p2|DLoenka5|waiter|1414\n|teamsize|p1|6\n|teamsize|p2|6\n|gen|9\n|tier|[Gen 9] National Dex\n|rated|\n|rule|HP Percentage Mod: HP is shown in percentages\n|rule|Endless Battle Clause: Forcing endless battles is banned\n|rule|OHKO Clause: OHKO moves are banned\n|rule|Evasion Clause: Evasion abilities, items, and moves are banned\n|rule|Evasion Abilities Clause: Evasion abilities are banned\n|rule|Evasion Items Clause: Evasion items are banned\n|rule|Evasion Moves Clause: Evasion moves are banned\n|rule|Species Clause: Limit one of each Pok\u00e9mon\n|rule|Sleep Clause Mod: Limit one foe put to sleep\n|clearpoke\n|poke|p1|Garchomp, M|\n|poke|p1|Rillaboom, M|\n|poke|p1|Sneasler, F|\n|poke|p1|Scizor, F|\n|poke|p1|Moltres|\n|poke|p1|Iron Valiant|\n|poke|p2|Ninetales-Alola, F|\n|poke|p2|Slowking-Galar, F|\n|poke|p2|Arctozolt|\n|poke|p2|Lopunny, M|\n|poke|p2|Landorus-Therian, M|\n|poke|p2|Dragonite, M|\n|teampreview\n|inactive|Battle timer is ON: inactive players will automatically lose when time's up. (requested by Yuanshen61\u6211\u8981\u73a9\u539f\u795e)\n|\n|t:|1700487453\n|start\n|switch|p1a: \u5854\u4f0a\u5179\u80b2\u7f57\u65af|Scizor, F|100\/100\n|switch|p2a: Landorus|Landorus-Therian, M|100\/100\n|-ability|p2a: Landorus|Intimidate|boost\n|-unboost|p1a: \u5854\u4f0a\u5179\u80b2\u7f57\u65af|atk|1\n|turn|1\n|\n|t:|1700487456\n|detailschange|p1a: \u5854\u4f0a\u5179\u80b2\u7f57\u65af|Scizor-Mega, F\n|-mega|p1a: \u5854\u4f0a\u5179\u80b2\u7f57\u65af|Scizor|Scizorite\n|move|p2a: Landorus|Stealth Rock|p1a: \u5854\u4f0a\u5179\u80b2\u7f57\u65af\n|-sidestart|p1: Yuanshen61\u6211\u8981\u73a9\u539f\u795e|move: Stealth Rock\n|move|p1a: \u5854\u4f0a\u5179\u80b2\u7f57\u65af|U-turn|p2a: Landorus\n|-resisted|p2a: Landorus\n|-damage|p2a: Landorus|92\/100\n|\n|t:|1700487459\n|switch|p1a: \u949f\u79bb|Garchomp, M|100\/100|[from] U-turn\n|-damage|p1a: \u949f\u79bb|94\/100|[from] Stealth Rock\n|\n|upkeep\n|turn|2\n|\n|t:|1700487466\n|move|p1a: \u949f\u79bb|Poison Jab|p2a: Landorus\n|-resisted|p2a: Landorus\n|-damage|p2a: Landorus|81\/100\n|move|p2a: Landorus|U-turn|p1a: \u949f\u79bb\n|-damage|p1a: \u949f\u79bb|72\/100\n|-damage|p2a: Landorus|69\/100|[from] ability: Rough Skin|[of] p1a: \u949f\u79bb\n|\n|t:|1700487471\n|switch|p2a: Ninetales|Ninetales-Alola, F|100\/100|[from] U-turn\n|-weather|Snow|[from] ability: Snow Warning|[of] p2a: Ninetales\n|\n|-weather|Snow|[upkeep]\n|upkeep\n|turn|3\n|\n|t:|1700487474\n|move|p2a: Ninetales|Blizzard|p1a: \u949f\u79bb\n|-supereffective|p1a: \u949f\u79bb\n|-damage|p1a: \u949f\u79bb|0 fnt\n|faint|p1a: \u949f\u79bb\n|\n|-weather|Snow|[upkeep]\n|upkeep\n|\n|t:|1700487476\n|switch|p1a: \u5854\u4f0a\u5179\u80b2\u7f57\u65af|Scizor-Mega, F|100\/100\n|-damage|p1a: \u5854\u4f0a\u5179\u80b2\u7f57\u65af|88\/100|[from] Stealth Rock\n|turn|4\n|\n|t:|1700487482\n|switch|p2a: Landorus|Landorus-Therian, M|69\/100\n|-ability|p2a: Landorus|Intimidate|boost\n|-unboost|p1a: \u5854\u4f0a\u5179\u80b2\u7f57\u65af|atk|1\n|move|p1a: \u5854\u4f0a\u5179\u80b2\u7f57\u65af|Bullet Punch|p2a: Landorus\n|-damage|p2a: Landorus|55\/100\n|\n|-weather|Snow|[upkeep]\n|upkeep\n|turn|5\n|\n|t:|1700487488\n|move|p2a: Landorus|Earthquake|p1a: \u5854\u4f0a\u5179\u80b2\u7f57\u65af\n|-damage|p1a: \u5854\u4f0a\u5179\u80b2\u7f57\u65af|56\/100\n|move|p1a: \u5854\u4f0a\u5179\u80b2\u7f57\u65af|Swords Dance|p1a: \u5854\u4f0a\u5179\u80b2\u7f57\u65af\n|-boost|p1a: \u5854\u4f0a\u5179\u80b2\u7f57\u65af|atk|2\n|\n|-weather|Snow|[upkeep]\n|upkeep\n|turn|6\n|\n|t:|1700487491\n|move|p2a: Landorus|Earthquake|p1a: \u5854\u4f0a\u5179\u80b2\u7f57\u65af\n|-damage|p1a: \u5854\u4f0a\u5179\u80b2\u7f57\u65af|24\/100\n|move|p1a: \u5854\u4f0a\u5179\u80b2\u7f57\u65af|Roost|p1a: \u5854\u4f0a\u5179\u80b2\u7f57\u65af\n|-heal|p1a: \u5854\u4f0a\u5179\u80b2\u7f57\u65af|74\/100\n|-singleturn|p1a: \u5854\u4f0a\u5179\u80b2\u7f57\u65af|move: Roost\n|\n|-weather|none\n|upkeep\n|turn|7\n|\n|t:|1700487498\n|move|p2a: Landorus|U-turn|p1a: \u5854\u4f0a\u5179\u80b2\u7f57\u65af\n|-resisted|p1a: \u5854\u4f0a\u5179\u80b2\u7f57\u65af\n|-damage|p1a: \u5854\u4f0a\u5179\u80b2\u7f57\u65af|66\/100\n|\n|t:|1700487500\n|switch|p2a: Slowking|Slowking-Galar, F|100\/100|[from] U-turn\n|move|p1a: \u5854\u4f0a\u5179\u80b2\u7f57\u65af|Roost|p1a: \u5854\u4f0a\u5179\u80b2\u7f57\u65af\n|-heal|p1a: \u5854\u4f0a\u5179\u80b2\u7f57\u65af|100\/100\n|-singleturn|p1a: \u5854\u4f0a\u5179\u80b2\u7f57\u65af|move: Roost\n|\n|upkeep\n|turn|8\n|\n|t:|1700487503\n|move|p1a: \u5854\u4f0a\u5179\u80b2\u7f57\u65af|U-turn|p2a: Slowking\n|-damage|p2a: Slowking|45\/100\n|\n|t:|1700487507\n|switch|p1a: \u706b\u6f02\u6d6e\u7075|Moltres|100\/100|[from] U-turn\n|move|p2a: Slowking|Flamethrower|p1a: \u706b\u6f02\u6d6e\u7075\n|-resisted|p1a: \u706b\u6f02\u6d6e\u7075\n|-damage|p1a: \u706b\u6f02\u6d6e\u7075|89\/100\n|\n|upkeep\n|turn|9\n|\n|t:|1700487511\n|move|p1a: \u706b\u6f02\u6d6e\u7075|Defog|p2a: Slowking\n|-unboost|p2a: Slowking|evasion|1\n|-sideend|p1: Yuanshen61\u6211\u8981\u73a9\u539f\u795e|Stealth Rock|[from] move: Defog|[of] p1a: \u706b\u6f02\u6d6e\u7075\n|move|p2a: Slowking|Future Sight|p1a: \u706b\u6f02\u6d6e\u7075\n|-start|p2a: Slowking|move: Future Sight\n|\n|upkeep\n|turn|10\n|\n|t:|1700487513\n|move|p1a: \u706b\u6f02\u6d6e\u7075|U-turn|p2a: Slowking\n|-damage|p2a: Slowking|29\/100\n|\n|t:|1700487515\n|switch|p1a: \u4e30\u9976\u7075\u517d\u00b7\u957f\u53f3|Rillaboom, M|100\/100|[from] U-turn\n|-fieldstart|move: Grassy Terrain|[from] ability: Grassy Surge|[of] p1a: \u4e30\u9976\u7075\u517d\u00b7\u957f\u53f3\n|move|p2a: Slowking|Chilly Reception|p2a: Slowking\n|-weather|Snow\n|\n|t:|1700487520\n|switch|p2a: Arctozolt|Arctozolt|100\/100|[from] Chilly Reception\n|\n|-weather|Snow|[upkeep]\n|upkeep\n|turn|11\n|\n|t:|1700487537\n|move|p1a: \u4e30\u9976\u7075\u517d\u00b7\u957f\u53f3|Grassy Glide|p2a: Arctozolt\n|-damage|p2a: Arctozolt|59\/100\n|move|p2a: Arctozolt|Substitute|p2a: Arctozolt\n|-start|p2a: Arctozolt|Substitute\n|-damage|p2a: Arctozolt|34\/100\n|\n|-weather|Snow|[upkeep]\n|-end|p1a: \u4e30\u9976\u7075\u517d\u00b7\u957f\u53f3|move: Future Sight\n|-damage|p1a: \u4e30\u9976\u7075\u517d\u00b7\u957f\u53f3|41\/100\n|-heal|p2a: Arctozolt|41\/100|[from] Grassy Terrain\n|-heal|p1a: \u4e30\u9976\u7075\u517d\u00b7\u957f\u53f3|47\/100|[from] Grassy Terrain\n|upkeep\n|turn|12\n|\n|t:|1700487541\n|move|p1a: \u4e30\u9976\u7075\u517d\u00b7\u957f\u53f3|Grassy Glide|p2a: Arctozolt\n|-end|p2a: Arctozolt|Substitute\n|move|p2a: Arctozolt|Freeze-Dry|p1a: \u4e30\u9976\u7075\u517d\u00b7\u957f\u53f3\n|-supereffective|p1a: \u4e30\u9976\u7075\u517d\u00b7\u957f\u53f3\n|-damage|p1a: \u4e30\u9976\u7075\u517d\u00b7\u957f\u53f3|0 fnt\n|faint|p1a: \u4e30\u9976\u7075\u517d\u00b7\u957f\u53f3\n|\n|-weather|Snow|[upkeep]\n|-heal|p2a: Arctozolt|47\/100|[from] Grassy Terrain\n|upkeep\n|\n|t:|1700487550\n|switch|p1a: \u5e0c\u513f\u00b7\u6ca1\u6709\u59d3|Sneasler, F|100\/100\n|-enditem|p1a: \u5e0c\u513f\u00b7\u6ca1\u6709\u59d3|Grassy Seed\n|-boost|p1a: \u5e0c\u513f\u00b7\u6ca1\u6709\u59d3|def|1|[from] item: Grassy Seed\n|turn|13\n|\n|t:|1700487555\n|move|p1a: \u5e0c\u513f\u00b7\u6ca1\u6709\u59d3|Close Combat|p2a: Arctozolt\n|-supereffective|p2a: Arctozolt\n|-damage|p2a: Arctozolt|0 fnt\n|-unboost|p1a: \u5e0c\u513f\u00b7\u6ca1\u6709\u59d3|def|1\n|-unboost|p1a: \u5e0c\u513f\u00b7\u6ca1\u6709\u59d3|spd|1\n|faint|p2a: Arctozolt\n|\n|-weather|Snow|[upkeep]\n|upkeep\n|\n|t:|1700487558\n|switch|p2a: Landorus|Landorus-Therian, M|55\/100\n|-ability|p2a: Landorus|Intimidate|boost\n|-unboost|p1a: \u5e0c\u513f\u00b7\u6ca1\u6709\u59d3|atk|1\n|turn|14\n|\n|t:|1700487562\n|-terastallize|p1a: \u5e0c\u513f\u00b7\u6ca1\u6709\u59d3|Flying\n|move|p1a: \u5e0c\u513f\u00b7\u6ca1\u6709\u59d3|Swords Dance|p1a: \u5e0c\u513f\u00b7\u6ca1\u6709\u59d3\n|-boost|p1a: \u5e0c\u513f\u00b7\u6ca1\u6709\u59d3|atk|2\n|move|p2a: Landorus|Earthquake|p1a: \u5e0c\u513f\u00b7\u6ca1\u6709\u59d3\n|-immune|p1a: \u5e0c\u513f\u00b7\u6ca1\u6709\u59d3\n|\n|-weather|none\n|-fieldend|move: Grassy Terrain\n|upkeep\n|turn|15\n|\n|t:|1700487571\n|move|p1a: \u5e0c\u513f\u00b7\u6ca1\u6709\u59d3|Swords Dance|p1a: \u5e0c\u513f\u00b7\u6ca1\u6709\u59d3\n|-boost|p1a: \u5e0c\u513f\u00b7\u6ca1\u6709\u59d3|atk|2\n|-zpower|p2a: Landorus\n|move|p2a: Landorus|Continental Crush|p1a: \u5e0c\u513f\u00b7\u6ca1\u6709\u59d3|[zeffect]\n|-supereffective|p1a: \u5e0c\u513f\u00b7\u6ca1\u6709\u59d3\n|-damage|p1a: \u5e0c\u513f\u00b7\u6ca1\u6709\u59d3|0 fnt\n|faint|p1a: \u5e0c\u513f\u00b7\u6ca1\u6709\u59d3\n|\n|upkeep\n|\n|t:|1700487576\n|switch|p1a: \u5854\u4f0a\u5179\u80b2\u7f57\u65af|Scizor-Mega, F|100\/100\n|turn|16\n|\n|t:|1700487581\n|switch|p2a: Slowking|Slowking-Galar, F|62\/100\n|move|p1a: \u5854\u4f0a\u5179\u80b2\u7f57\u65af|Swords Dance|p1a: \u5854\u4f0a\u5179\u80b2\u7f57\u65af\n|-boost|p1a: \u5854\u4f0a\u5179\u80b2\u7f57\u65af|atk|2\n|\n|upkeep\n|turn|17\n|\n|t:|1700487585\n|-terastallize|p2a: Slowking|Water\n|move|p1a: \u5854\u4f0a\u5179\u80b2\u7f57\u65af|U-turn|p2a: Slowking\n|-damage|p2a: Slowking|0 fnt\n|faint|p2a: Slowking\n|\n|t:|1700487593\n|switch|p1a: \u706b\u6f02\u6d6e\u7075|Moltres|89\/100|[from] U-turn\n|\n|upkeep\n|\n|t:|1700487599\n|switch|p2a: Ninetales|Ninetales-Alola, F|100\/100\n|-weather|Snow|[from] ability: Snow Warning|[of] p2a: Ninetales\n|turn|18\n|\n|t:|1700487601\n|move|p2a: Ninetales|Aurora Veil|p2a: Ninetales\n|-sidestart|p2: DLoenka5|move: Aurora Veil\n|move|p1a: \u706b\u6f02\u6d6e\u7075|Flamethrower|p2a: Ninetales\n|-supereffective|p2a: Ninetales\n|-crit|p2a: Ninetales\n|-damage|p2a: Ninetales|0 fnt\n|faint|p2a: Ninetales\n|\n|-weather|Snow|[upkeep]\n|upkeep\n|\n|t:|1700487609\n|switch|p2a: Landorus|Landorus-Therian, M|55\/100\n|-ability|p2a: Landorus|Intimidate|boost\n|-unboost|p1a: \u706b\u6f02\u6d6e\u7075|atk|1\n|turn|19\n|\n|t:|1700487613\n|switch|p1a: \u4e39\u6052\u00b7\u996e\u6708|Iron Valiant|100\/100\n|-enditem|p1a: \u4e39\u6052\u00b7\u996e\u6708|Booster Energy\n|-activate|p1a: \u4e39\u6052\u00b7\u996e\u6708|ability: Quark Drive|[fromitem]\n|-start|p1a: \u4e39\u6052\u00b7\u996e\u6708|quarkdrivespe\n|move|p2a: Landorus|Stone Edge|p1a: \u4e39\u6052\u00b7\u996e\u6708\n|-resisted|p1a: \u4e39\u6052\u00b7\u996e\u6708\n|-damage|p1a: \u4e39\u6052\u00b7\u996e\u6708|78\/100\n|\n|-weather|Snow|[upkeep]\n|upkeep\n|turn|20\n|\n|t:|1700487618\n|move|p1a: \u4e39\u6052\u00b7\u996e\u6708|Moonblast|p2a: Landorus\n|-damage|p2a: Landorus|30\/100\n|-unboost|p2a: Landorus|spa|1\n|move|p2a: Landorus|Earthquake|p1a: \u4e39\u6052\u00b7\u996e\u6708\n|-damage|p1a: \u4e39\u6052\u00b7\u996e\u6708|17\/100\n|\n|-weather|Snow|[upkeep]\n|upkeep\n|turn|21\n|\n|t:|1700487623\n|move|p1a: \u4e39\u6052\u00b7\u996e\u6708|Moonblast|p2a: Landorus\n|-damage|p2a: Landorus|2\/100\n|move|p2a: Landorus|U-turn|p1a: \u4e39\u6052\u00b7\u996e\u6708\n|-resisted|p1a: \u4e39\u6052\u00b7\u996e\u6708\n|-damage|p1a: \u4e39\u6052\u00b7\u996e\u6708|9\/100\n|\n|t:|1700487626\n|switch|p2a: Lopunny|Lopunny, M|100\/100|[from] U-turn\n|\n|-weather|Snow|[upkeep]\n|upkeep\n|turn|22\n|\n|t:|1700487629\n|-end|p1a: \u4e39\u6052\u00b7\u996e\u6708|Quark Drive|[silent]\n|switch|p1a: \u706b\u6f02\u6d6e\u7075|Moltres|89\/100\n|detailschange|p2a: Lopunny|Lopunny-Mega, M\n|-mega|p2a: Lopunny|Lopunny|Lopunnite\n|move|p2a: Lopunny|Frustration|p1a: \u706b\u6f02\u6d6e\u7075\n|-damage|p1a: \u706b\u6f02\u6d6e\u7075|46\/100\n|\n|-weather|none\n|upkeep\n|turn|23\n|\n|t:|1700487632\n|switch|p2a: Landorus|Landorus-Therian, M|2\/100\n|-ability|p2a: Landorus|Intimidate|boost\n|-unboost|p1a: \u706b\u6f02\u6d6e\u7075|atk|1\n|move|p1a: \u706b\u6f02\u6d6e\u7075|Roost|p1a: \u706b\u6f02\u6d6e\u7075\n|-heal|p1a: \u706b\u6f02\u6d6e\u7075|96\/100\n|-singleturn|p1a: \u706b\u6f02\u6d6e\u7075|move: Roost\n|\n|upkeep\n|turn|24\n|\n|t:|1700487637\n|switch|p1a: \u4e39\u6052\u00b7\u996e\u6708|Iron Valiant|9\/100\n|move|p2a: Landorus|Stone Edge|p1a: \u4e39\u6052\u00b7\u996e\u6708\n|-resisted|p1a: \u4e39\u6052\u00b7\u996e\u6708\n|-damage|p1a: \u4e39\u6052\u00b7\u996e\u6708|0 fnt\n|faint|p1a: \u4e39\u6052\u00b7\u996e\u6708\n|-end|p1a: \u4e39\u6052\u00b7\u996e\u6708|Quark Drive|[silent]\n|\n|upkeep\n|\n|t:|1700487639\n|switch|p1a: \u5854\u4f0a\u5179\u80b2\u7f57\u65af|Scizor-Mega, F|100\/100\n|turn|25\n|\n|t:|1700487642\n|switch|p2a: Lopunny|Lopunny-Mega, M|100\/100\n|move|p1a: \u5854\u4f0a\u5179\u80b2\u7f57\u65af|Swords Dance|p1a: \u5854\u4f0a\u5179\u80b2\u7f57\u65af\n|-boost|p1a: \u5854\u4f0a\u5179\u80b2\u7f57\u65af|atk|2\n|\n|-sideend|p2: DLoenka5|move: Aurora Veil\n|upkeep\n|turn|26\n|\n|t:|1700487645\n|move|p1a: \u5854\u4f0a\u5179\u80b2\u7f57\u65af|Bullet Punch|p2a: Lopunny\n|-damage|p2a: Lopunny|19\/100\n|move|p2a: Lopunny|Power-Up Punch|p1a: \u5854\u4f0a\u5179\u80b2\u7f57\u65af\n|-damage|p1a: \u5854\u4f0a\u5179\u80b2\u7f57\u65af|87\/100\n|-boost|p2a: Lopunny|atk|1\n|\n|upkeep\n|turn|27\n|\n|t:|1700487648\n|move|p1a: \u5854\u4f0a\u5179\u80b2\u7f57\u65af|Bullet Punch|p2a: Lopunny\n|-damage|p2a: Lopunny|0 fnt\n|faint|p2a: Lopunny\n|\n|upkeep\n|\n|t:|1700487650\n|switch|p2a: Dragonite|Dragonite, M|100\/100\n|turn|28\n|\n|t:|1700487653\n|move|p2a: Dragonite|Curse|p2a: Dragonite\n|-unboost|p2a: Dragonite|spe|1\n|-boost|p2a: Dragonite|atk|1\n|-boost|p2a: Dragonite|def|1\n|move|p1a: \u5854\u4f0a\u5179\u80b2\u7f57\u65af|Swords Dance|p1a: \u5854\u4f0a\u5179\u80b2\u7f57\u65af\n|-boost|p1a: \u5854\u4f0a\u5179\u80b2\u7f57\u65af|atk|2\n|\n|upkeep\n|turn|29\n|\n|t:|1700487657\n|move|p1a: \u5854\u4f0a\u5179\u80b2\u7f57\u65af|Bullet Punch|p2a: Dragonite\n|-damage|p2a: Dragonite|74\/100\n|move|p2a: Dragonite|Curse|p2a: Dragonite\n|-unboost|p2a: Dragonite|spe|1\n|-boost|p2a: Dragonite|atk|1\n|-boost|p2a: Dragonite|def|1\n|\n|upkeep\n|turn|30\n|\n|t:|1700487660\n|move|p1a: \u5854\u4f0a\u5179\u80b2\u7f57\u65af|Bullet Punch|p2a: Dragonite\n|-damage|p2a: Dragonite|32\/100\n|move|p2a: Dragonite|Curse|p2a: Dragonite\n|-unboost|p2a: Dragonite|spe|1\n|-boost|p2a: Dragonite|atk|1\n|-boost|p2a: Dragonite|def|1\n|\n|upkeep\n|turn|31\n|\n|t:|1700487662\n|move|p1a: \u5854\u4f0a\u5179\u80b2\u7f57\u65af|Bullet Punch|p2a: Dragonite\n|-damage|p2a: Dragonite|0 fnt\n|faint|p2a: Dragonite\n|\n|upkeep\n|\n|t:|1700487670\n|switch|p2a: Landorus|Landorus-Therian, M|2\/100\n|-ability|p2a: Landorus|Intimidate|boost\n|-unboost|p1a: \u5854\u4f0a\u5179\u80b2\u7f57\u65af|atk|1\n|turn|32\n|\n|t:|1700487673\n|move|p1a: \u5854\u4f0a\u5179\u80b2\u7f57\u65af|Bullet Punch|p2a: Landorus\n|-crit|p2a: Landorus\n|-damage|p2a: Landorus|0 fnt\n|faint|p2a: Landorus\n|\n|win|Yuanshen61\u6211\u8981\u73a9\u539f\u795e\n|raw|Yuanshen61\u6211\u8981\u73a9\u539f\u795e's rating: 1529 &rarr; <strong>1543<\/strong><br \/>(+14 for winning)\n|raw|DLoenka5's rating: 1414 &rarr; <strong>1400<\/strong><br \/>(-14 for losing)\n","uploadtime":1700487676,"views":2,"p1id":"yuanshen61","p2id":"dloenka5","formatid":"gen9nationaldex","rating":1400,"private":0,"password":""}