{"id":"gen9nationaldex-1996523972","p1":"JackPotatoGuy","p2":"KaneWritez","format":"[Gen 9] National Dex","log":"|html|<div class=\"broadcast-blue\"><strong>[Gen 9] National Dex is currently suspecting Sneasler! For information on how to participate check out the <a href=\"https:\/\/www.smogon.com\/forums\/threads\/sv-national-dex-suspect-8-just-dance.3731534\/\">suspect thread<\/a>.<\/strong><\/div>\n|j|\u2606JackPotatoGuy\n|j|\u2606KaneWritez\n|t:|1700690472\n|gametype|singles\n|player|p1|JackPotatoGuy|psychicf-gen4|\n|player|p2|KaneWritez|ethan|\n|teamsize|p1|6\n|teamsize|p2|4\n|gen|9\n|tier|[Gen 9] National Dex\n|rule|HP Percentage Mod: HP is shown in percentages\n|rule|Endless Battle Clause: Forcing endless battles is banned\n|rule|OHKO Clause: OHKO moves are banned\n|rule|Evasion Clause: Evasion abilities, items, and moves are banned\n|rule|Evasion Abilities Clause: Evasion abilities are banned\n|rule|Evasion Items Clause: Evasion items are banned\n|rule|Evasion Moves Clause: Evasion moves are banned\n|rule|Species Clause: Limit one of each Pok\u00e9mon\n|rule|Sleep Clause Mod: Limit one foe put to sleep\n|clearpoke\n|poke|p1|Alakazam, L42, M|\n|poke|p1|Nidoqueen, L42, F|\n|poke|p1|Tsareena, L42, F|\n|poke|p1|Orbeetle, L42, M|\n|poke|p1|Munna, L42, F|\n|poke|p1|Malamar, L42, F|\n|poke|p2|Camerupt, L45, M|\n|poke|p2|Houndoom, L42, M|\n|poke|p2|Oricorio, L42, F|\n|poke|p2|Torkoal, L42, M|\n|teampreview\n|\n|t:|1700690517\n|start\n|switch|p1a: Mara|Malamar, L42, F|100\/100\n|switch|p2a: Torkoal|Torkoal, L42, M|100\/100\n|-weather|SunnyDay|[from] ability: Drought|[of] p2a: Torkoal\n|turn|1\n|\n|t:|1700690544\n|move|p1a: Mara|Night Slash|p2a: Torkoal\n|-damage|p2a: Torkoal|82\/100\n|move|p2a: Torkoal|Stealth Rock|p1a: Mara\n|-sidestart|p1: JackPotatoGuy|move: Stealth Rock\n|\n|-weather|SunnyDay|[upkeep]\n|upkeep\n|turn|2\n|\n|t:|1700690554\n|move|p1a: Mara|Psycho Cut|p2a: Torkoal\n|-damage|p2a: Torkoal|64\/100\n|move|p2a: Torkoal|Will-O-Wisp|p1a: Mara\n|-status|p1a: Mara|brn\n|\n|-weather|SunnyDay|[upkeep]\n|-damage|p1a: Mara|94\/100 brn|[from] brn\n|upkeep\n|turn|3\n|\n|t:|1700690571\n|move|p1a: Mara|Night Slash|p2a: Torkoal\n|-damage|p2a: Torkoal|55\/100\n|move|p2a: Torkoal|Heat Wave|p1a: Mara\n|-damage|p1a: Mara|48\/100 brn\n|\n|-weather|SunnyDay|[upkeep]\n|-damage|p1a: Mara|42\/100 brn|[from] brn\n|upkeep\n|turn|4\n|\n|t:|1700690584\n|move|p1a: Mara|Reversal|p2a: Torkoal\n|-damage|p2a: Torkoal|52\/100\n|move|p2a: Torkoal|Heat Wave|p1a: Mara\n|-damage|p1a: Mara|0 fnt\n|faint|p1a: Mara\n|\n|-weather|SunnyDay|[upkeep]\n|upkeep\n|\n|t:|1700690592\n|switch|p1a: Luna|Munna, L42, F|100\/100\n|-damage|p1a: Luna|88\/100|[from] Stealth Rock\n|-activate|p1a: Luna|ability: Forewarn|Heat Wave|[of] p2a: Torkoal\n|turn|5\n|\n|t:|1700690601\n|move|p1a: Luna|Hypnosis|p2a: Torkoal\n|-status|p2a: Torkoal|slp|[from] move: Hypnosis\n|cant|p2a: Torkoal|slp\n|\n|-weather|SunnyDay|[upkeep]\n|upkeep\n|turn|6\n|\n|t:|1700690615\n|move|p1a: Luna|Moonblast|p2a: Torkoal\n|-resisted|p2a: Torkoal\n|-damage|p2a: Torkoal|36\/100 slp\n|cant|p2a: Torkoal|slp\n|\n|-weather|SunnyDay|[upkeep]\n|upkeep\n|turn|7\n|\n|t:|1700690626\n|move|p1a: Luna|Psychic|p2a: Torkoal\n|-damage|p2a: Torkoal|0 fnt\n|faint|p2a: Torkoal\n|\n|-weather|SunnyDay|[upkeep]\n|upkeep\n|\n|t:|1700690638\n|switch|p2a: Oricorio|Oricorio, L42, F|100\/100\n|turn|8\n|\n|t:|1700690661\n|move|p2a: Oricorio|Acrobatics|p1a: Luna\n|-damage|p1a: Luna|8\/100\n|move|p1a: Luna|Psychic|p2a: Oricorio\n|-damage|p2a: Oricorio|55\/100\n|\n|-weather|none\n|upkeep\n|turn|9\n|\n|t:|1700690680\n|move|p2a: Oricorio|Acrobatics|p1a: Luna\n|-damage|p1a: Luna|0 fnt\n|faint|p1a: Luna\n|\n|upkeep\n|\n|t:|1700690689\n|switch|p1a: Alakazam|Alakazam, L42, M|100\/100\n|-damage|p1a: Alakazam|89\/100|[from] Stealth Rock\n|turn|10\n|\n|t:|1700690699\n|move|p1a: Alakazam|Disable|p2a: Oricorio\n|-start|p2a: Oricorio|Disable|Acrobatics\n|cant|p2a: Oricorio|Disable|Acrobatics\n|\n|upkeep\n|turn|11\n|c|\u2606JackPotatoGuy|WAIT DID I JUST DISABLE YOUR ONLY MOVE\n|\n|t:|1700690728\n|move|p1a: Alakazam|Calm Mind|p1a: Alakazam\n|-boost|p1a: Alakazam|spa|1\n|-boost|p1a: Alakazam|spd|1\n|move|p2a: Oricorio|Steel Wing|p1a: Alakazam\n|-damage|p1a: Alakazam|46\/100\n|\n|upkeep\n|turn|12\n|c|\u2606KaneWritez|no\n|\n|t:|1700690735\n|move|p1a: Alakazam|Psychic|p2a: Oricorio\n|-damage|p2a: Oricorio|0 fnt\n|faint|p2a: Oricorio\n|\n|upkeep\n|\n|t:|1700690740\n|switch|p2a: Houndoom|Houndoom, L42, M|100\/100\n|turn|13\n|\n|t:|1700690789\n|switch|p1a: Blue|Nidoqueen, L42, F|100\/100\n|-damage|p1a: Blue|94\/100|[from] Stealth Rock\n|move|p2a: Houndoom|Dark Pulse|p1a: Blue\n|-damage|p1a: Blue|57\/100\n|\n|upkeep\n|turn|14\n|\n|t:|1700690813\n|-terastallize|p1a: Blue|Fighting\n|move|p2a: Houndoom|Hidden Power|p1a: Blue\n|-damage|p1a: Blue|35\/100\n|move|p1a: Blue|Superpower|p2a: Houndoom\n|-supereffective|p2a: Houndoom\n|-damage|p2a: Houndoom|0 fnt\n|-unboost|p1a: Blue|atk|1\n|-unboost|p1a: Blue|def|1\n|faint|p2a: Houndoom\n|\n|upkeep\n|\n|t:|1700690822\n|switch|p2a: Camerupt|Camerupt, L45, M|100\/100\n|turn|15\n|\n|t:|1700690846\n|detailschange|p2a: Camerupt|Camerupt-Mega, L45, M\n|-mega|p2a: Camerupt|Camerupt|Cameruptite\n|move|p1a: Blue|Toxic|p2a: Camerupt|[miss]\n|-miss|p1a: Blue|p2a: Camerupt\n|move|p2a: Camerupt|Eruption|p1a: Blue\n|-damage|p1a: Blue|0 fnt\n|faint|p1a: Blue\n|\n|upkeep\n|\n|t:|1700690866\n|switch|p1a: Alakazam|Alakazam, L42, M|46\/100\n|-damage|p1a: Alakazam|34\/100|[from] Stealth Rock\n|turn|16\n|\n|t:|1700690872\n|move|p1a: Alakazam|Disable|p2a: Camerupt\n|-start|p2a: Camerupt|Disable|Eruption\n|cant|p2a: Camerupt|Disable|Eruption\n|\n|upkeep\n|turn|17\n|\n|t:|1700690878\n|move|p1a: Alakazam|Psyshock|p2a: Camerupt\n|-damage|p2a: Camerupt|61\/100\n|move|p2a: Camerupt|Flamethrower|p1a: Alakazam\n|-damage|p1a: Alakazam|0 fnt\n|faint|p1a: Alakazam\n|\n|upkeep\n|\n|t:|1700690885\n|switch|p1a: Beetle|Orbeetle, L42, M|100\/100\n|-damage|p1a: Beetle|76\/100|[from] Stealth Rock\n|turn|18\n|\n|t:|1700690891\n|move|p1a: Beetle|Hypnosis|p2a: Camerupt\n|-status|p2a: Camerupt|slp|[from] move: Hypnosis\n|cant|p2a: Camerupt|slp\n|\n|upkeep\n|turn|19\n|\n|t:|1700690901\n|move|p1a: Beetle|Psychic|p2a: Camerupt\n|-damage|p2a: Camerupt|32\/100 slp\n|cant|p2a: Camerupt|slp\n|\n|-end|p2a: Camerupt|Disable\n|upkeep\n|turn|20\n|\n|t:|1700690908\n|move|p1a: Beetle|Psychic|p2a: Camerupt\n|-damage|p2a: Camerupt|5\/100 slp\n|-curestatus|p2a: Camerupt|slp|[msg]\n|move|p2a: Camerupt|Flamethrower|p1a: Beetle\n|-supereffective|p1a: Beetle\n|-damage|p1a: Beetle|0 fnt\n|faint|p1a: Beetle\n|\n|upkeep\n|\n|t:|1700690915\n|switch|p1a: Cinnabon|Tsareena, L42, F|100\/100\n|-damage|p1a: Cinnabon|89\/100|[from] Stealth Rock\n|turn|21\n|\n|t:|1700690922\n|move|p1a: Cinnabon|Power Whip|p2a: Camerupt\n|-damage|p2a: Camerupt|0 fnt\n|faint|p2a: Camerupt\n|\n|win|JackPotatoGuy\n|c|\u2606JackPotatoGuy|That was close\n","uploadtime":1700690933,"views":11,"p1id":"jackpotatoguy","p2id":"kanewritez","formatid":"gen9nationaldex","rating":0,"private":0,"password":""}