{"id":"gen9nationaldex-1988828014","p1":"DestroyPhoenixGuy","p2":"GreatDaneG","format":"[Gen 9] National Dex","log":"|j|\u2606DestroyPhoenixGuy\n|j|\u2606GreatDaneG\n|t:|1699769329\n|gametype|singles\n|player|p1|DestroyPhoenixGuy|cynthia-masters3|1523\n|player|p2|GreatDaneG|cynthia|1630\n|teamsize|p1|6\n|teamsize|p2|6\n|gen|9\n|tier|[Gen 9] National Dex\n|rated|\n|rule|HP Percentage Mod: HP is shown in percentages\n|rule|Endless Battle Clause: Forcing endless battles is banned\n|rule|OHKO Clause: OHKO moves are banned\n|rule|Evasion Clause: Evasion abilities, items, and moves are banned\n|rule|Evasion Abilities Clause: Evasion abilities are banned\n|rule|Evasion Items Clause: Evasion items are banned\n|rule|Evasion Moves Clause: Evasion moves are banned\n|rule|Species Clause: Limit one of each Pok\u00e9mon\n|rule|Sleep Clause Mod: Limit one foe put to sleep\n|clearpoke\n|poke|p1|Tapu Lele|\n|poke|p1|Sneasler, F|\n|poke|p1|Rillaboom, F|\n|poke|p1|Alomomola, F|\n|poke|p1|Slowking-Galar, F|\n|poke|p1|Ting-Lu|\n|poke|p2|Sharpedo, M|\n|poke|p2|Toxtricity, M|\n|poke|p2|Azelf|\n|poke|p2|Lucario, M|\n|poke|p2|Ogerpon, F|\n|poke|p2|Froslass, F|\n|teampreview\n|\n|t:|1699769341\n|start\n|switch|p1a: Ting-Lu|Ting-Lu|100\/100\n|switch|p2a: Froslass|Froslass, F, shiny|100\/100\n|-ability|p1a: Ting-Lu|Vessel of Ruin\n|turn|1\n|\n|t:|1699769364\n|move|p2a: Froslass|Taunt|p1a: Ting-Lu\n|-start|p1a: Ting-Lu|move: Taunt\n|cant|p1a: Ting-Lu|move: Taunt|Whirlwind\n|\n|upkeep\n|turn|2\n|j| Kawaii Irene\n|l| Kawaii Irene\n|\n|t:|1699769376\n|switch|p1a: Slowking|Slowking-Galar, F|100\/100\n|move|p2a: Froslass|Spikes|p1a: Slowking\n|-sidestart|p1: DestroyPhoenixGuy|Spikes\n|\n|upkeep\n|turn|3\n|\n|t:|1699769383\n|move|p2a: Froslass|Spikes|p1a: Slowking\n|-sidestart|p1: DestroyPhoenixGuy|Spikes\n|move|p1a: Slowking|Flamethrower|p2a: Froslass\n|-supereffective|p2a: Froslass\n|-damage|p2a: Froslass|42\/100\n|\n|upkeep\n|turn|4\n|\n|t:|1699769391\n|move|p2a: Froslass|Destiny Bond|p2a: Froslass\n|-singlemove|p2a: Froslass|Destiny Bond\n|move|p1a: Slowking|Future Sight|p2a: Froslass\n|-start|p1a: Slowking|move: Future Sight\n|\n|upkeep\n|turn|5\n|\n|t:|1699769399\n|move|p2a: Froslass|Spikes|p1a: Slowking\n|-sidestart|p1: DestroyPhoenixGuy|Spikes\n|move|p1a: Slowking|Chilly Reception|p1a: Slowking\n|-weather|Snow\n|\n|t:|1699769412\n|switch|p1a: Rillaboom|Rillaboom, F|100\/100|[from] Chilly Reception\n|-damage|p1a: Rillaboom|76\/100|[from] Spikes\n|-fieldstart|move: Grassy Terrain|[from] ability: Grassy Surge|[of] p1a: Rillaboom\n|\n|-weather|Snow|[upkeep]\n|-heal|p2a: Froslass|48\/100|[from] Grassy Terrain\n|-heal|p1a: Rillaboom|82\/100|[from] Grassy Terrain\n|upkeep\n|turn|6\n|\n|t:|1699769431\n|move|p2a: Froslass|Taunt|p1a: Rillaboom\n|-start|p1a: Rillaboom|move: Taunt\n|move|p1a: Rillaboom|Knock Off|p2a: Froslass\n|-supereffective|p2a: Froslass\n|-damage|p2a: Froslass|0 fnt\n|-start|p1a: Rillaboom|Disable|Knock Off|[from] ability: Cursed Body|[of] p2a: Froslass\n|-enditem|p2a: Froslass|Focus Sash|[from] move: Knock Off|[of] p1a: Rillaboom\n|faint|p2a: Froslass\n|\n|-weather|Snow|[upkeep]\n|-hint|Future Sight did not hit because the target is fainted.\n|-heal|p1a: Rillaboom|88\/100|[from] Grassy Terrain\n|upkeep\n|\n|t:|1699769447\n|switch|p2a: Toxtricity|Toxtricity, M|100\/100\n|turn|7\n|\n|t:|1699769451\n|switch|p1a: Ting-Lu|Ting-Lu|100\/100\n|-damage|p1a: Ting-Lu|76\/100|[from] Spikes\n|-ability|p1a: Ting-Lu|Vessel of Ruin\n|move|p2a: Toxtricity|Shift Gear|p2a: Toxtricity\n|-boost|p2a: Toxtricity|spe|2\n|-boost|p2a: Toxtricity|atk|1\n|\n|-weather|Snow|[upkeep]\n|-heal|p1a: Ting-Lu|82\/100|[from] Grassy Terrain\n|-heal|p1a: Ting-Lu|88\/100|[from] item: Leftovers\n|upkeep\n|turn|8\n|\n|t:|1699769465\n|-terastallize|p2a: Toxtricity|Normal\n|move|p2a: Toxtricity|Boomburst|p1a: Ting-Lu\n|-damage|p1a: Ting-Lu|51\/100\n|-enditem|p2a: Toxtricity|Throat Spray\n|-boost|p2a: Toxtricity|spa|1|[from] item: Throat Spray\n|move|p1a: Ting-Lu|Whirlwind|p2a: Toxtricity\n|drag|p2a: Ogerpon|Ogerpon, F|100\/100\n|\n|-weather|Snow|[upkeep]\n|-heal|p1a: Ting-Lu|58\/100|[from] Grassy Terrain\n|-heal|p1a: Ting-Lu|64\/100|[from] item: Leftovers\n|upkeep\n|turn|9\n|\n|t:|1699769491\n|switch|p1a: Rillaboom|Rillaboom, F|88\/100\n|-damage|p1a: Rillaboom|63\/100|[from] Spikes\n|move|p2a: Ogerpon|Ivy Cudgel|p1a: Rillaboom\n|-resisted|p1a: Rillaboom\n|-damage|p1a: Rillaboom|31\/100\n|\n|-weather|none\n|-heal|p1a: Rillaboom|38\/100|[from] Grassy Terrain\n|-fieldend|move: Grassy Terrain\n|upkeep\n|turn|10\n|\n|t:|1699769515\n|switch|p1a: Slowking|Slowking-Galar, F|100\/100\n|move|p2a: Ogerpon|Knock Off|p1a: Slowking\n|-supereffective|p1a: Slowking\n|-damage|p1a: Slowking|38\/100\n|-enditem|p1a: Slowking|Heavy-Duty Boots|[from] move: Knock Off|[of] p2a: Ogerpon\n|\n|upkeep\n|turn|11\n|\n|t:|1699769523\n|switch|p1a: Tapu Lele|Tapu Lele|100\/100\n|-damage|p1a: Tapu Lele|76\/100|[from] Spikes\n|-fieldstart|move: Psychic Terrain|[from] ability: Psychic Surge|[of] p1a: Tapu Lele\n|move|p2a: Ogerpon|Ivy Cudgel|p1a: Tapu Lele\n|-damage|p1a: Tapu Lele|0 fnt\n|faint|p1a: Tapu Lele\n|\n|upkeep\n|\n|t:|1699769535\n|switch|p1a: Sneasler|Sneasler, F|100\/100\n|-damage|p1a: Sneasler|76\/100|[from] Spikes\n|-enditem|p1a: Sneasler|Psychic Seed\n|-boost|p1a: Sneasler|spd|1|[from] item: Psychic Seed\n|turn|12\n|\n|t:|1699769566\n|move|p1a: Sneasler|Gunk Shot|p2a: Ogerpon\n|-supereffective|p2a: Ogerpon\n|-damage|p2a: Ogerpon|0 fnt\n|faint|p2a: Ogerpon\n|\n|upkeep\n|\n|t:|1699769571\n|switch|p2a: Toxtricity|Toxtricity, M, tera:Normal|100\/100\n|turn|13\n|\n|t:|1699769578\n|move|p1a: Sneasler|Close Combat|p2a: Toxtricity\n|-supereffective|p2a: Toxtricity\n|-damage|p2a: Toxtricity|0 fnt\n|-unboost|p1a: Sneasler|def|1\n|-unboost|p1a: Sneasler|spd|1\n|faint|p2a: Toxtricity\n|\n|upkeep\n|\n|t:|1699769581\n|switch|p2a: Azelf|Azelf|100\/100\n|turn|14\n|\n|t:|1699769594\n|-terastallize|p1a: Sneasler|Ghost\n|move|p1a: Sneasler|Shadow Claw|p2a: Azelf\n|-supereffective|p2a: Azelf\n|-damage|p2a: Azelf|0 fnt\n|faint|p2a: Azelf\n|\n|upkeep\n|\n|t:|1699769604\n|switch|p2a: Sharpedo|Sharpedo, M|100\/100\n|turn|15\n|\n|t:|1699769611\n|move|p2a: Sharpedo|Protect|p2a: Sharpedo\n|-singleturn|p2a: Sharpedo|Protect\n|move|p1a: Sneasler|Close Combat|p2a: Sharpedo\n|-activate|p2a: Sharpedo|move: Protect\n|\n|-fieldend|move: Psychic Terrain\n|-ability|p2a: Sharpedo|Speed Boost|boost\n|-boost|p2a: Sharpedo|spe|1\n|upkeep\n|turn|16\n|\n|t:|1699769626\n|move|p2a: Sharpedo|Protect||[still]\n|-fail|p2a: Sharpedo\n|move|p1a: Sneasler|Close Combat|p2a: Sharpedo\n|-supereffective|p2a: Sharpedo\n|-damage|p2a: Sharpedo|0 fnt\n|-unboost|p1a: Sneasler|def|1\n|-unboost|p1a: Sneasler|spd|1\n|faint|p2a: Sharpedo\n|\n|upkeep\n|\n|t:|1699769628\n|switch|p2a: Lucario|Lucario, M|100\/100\n|turn|17\n|\n|t:|1699769638\n|move|p1a: Sneasler|Close Combat|p2a: Lucario\n|-supereffective|p2a: Lucario\n|-damage|p2a: Lucario|0 fnt\n|-unboost|p1a: Sneasler|def|1\n|-unboost|p1a: Sneasler|spd|1\n|faint|p2a: Lucario\n|\n|win|DestroyPhoenixGuy\n|raw|DestroyPhoenixGuy's rating: 1523 &rarr; <strong>1549<\/strong><br \/>(+26 for winning)\n|raw|GreatDaneG's rating: 1630 &rarr; <strong>1604<\/strong><br \/>(-26 for losing)\n|l|\u2606GreatDaneG\n","uploadtime":1699769669,"views":7,"p1id":"destroyphoenixguy","p2id":"greatdaneg","formatid":"gen9nationaldex","rating":1549,"private":0,"password":""}