{"id":"gen9nationaldex-1999669317","p1":"LoganCheckThisOut","p2":"texsexmex","format":"[Gen 9] National Dex","log":"|html|<div class=\"broadcast-blue\"><strong>[Gen 9] National Dex is currently suspecting Sneasler! For information on how to participate check out the <a href=\"https:\/\/www.smogon.com\/forums\/threads\/sv-national-dex-suspect-8-just-dance.3731534\/\">suspect thread<\/a>.<\/strong><\/div>\n|j|\u2606LoganCheckThisOut\n|j|\u2606texsexmex\n|t:|1701106274\n|gametype|singles\n|player|p1|LoganCheckThisOut|265|1000\n|player|p2|texsexmex|266|1000\n|teamsize|p1|6\n|teamsize|p2|6\n|gen|9\n|tier|[Gen 9] National Dex\n|rated|\n|rule|HP Percentage Mod: HP is shown in percentages\n|rule|Endless Battle Clause: Forcing endless battles is banned\n|rule|OHKO Clause: OHKO moves are banned\n|rule|Evasion Clause: Evasion abilities, items, and moves are banned\n|rule|Evasion Abilities Clause: Evasion abilities are banned\n|rule|Evasion Items Clause: Evasion items are banned\n|rule|Evasion Moves Clause: Evasion moves are banned\n|rule|Species Clause: Limit one of each Pok\u00e9mon\n|rule|Sleep Clause Mod: Limit one foe put to sleep\n|clearpoke\n|poke|p1|Keldeo-Resolute|\n|poke|p1|Blacephalon|\n|poke|p1|Tyranitar, M|\n|poke|p1|Zapdos|\n|poke|p1|Clodsire, M|\n|poke|p1|Ogerpon-Wellspring, F|\n|poke|p2|Butterfree, M|\n|poke|p2|Linoone, M|\n|poke|p2|Sableye, F|\n|poke|p2|Chansey, F|\n|poke|p2|Marowak-Alola, F|\n|poke|p2|Hitmonchan, M|\n|teampreview\n|inactive|Battle timer is ON: inactive players will automatically lose when time's up. (requested by LoganCheckThisOut)\n|\n|t:|1701106290\n|start\n|switch|p1a: Tyranitar|Tyranitar, M|100\/100\n|switch|p2a: Chansey|Chansey, F|100\/100\n|-weather|Sandstorm|[from] ability: Sand Stream|[of] p1a: Tyranitar\n|turn|1\n|\n|t:|1701106301\n|detailschange|p1a: Tyranitar|Tyranitar-Mega, M\n|-mega|p1a: Tyranitar|Tyranitar|Tyranitarite\n|move|p1a: Tyranitar|Knock Off|p2a: Chansey\n|-damage|p2a: Chansey|60\/100\n|-enditem|p2a: Chansey|Eviolite|[from] move: Knock Off|[of] p1a: Tyranitar\n|move|p2a: Chansey|Stealth Rock|p1a: Tyranitar\n|-sidestart|p1: LoganCheckThisOut|move: Stealth Rock\n|\n|-weather|Sandstorm|[upkeep]\n|-damage|p2a: Chansey|54\/100|[from] Sandstorm\n|upkeep\n|turn|2\n|\n|t:|1701106311\n|-activate|p2a: Chansey|move: Pursuit\n|move|p1a: Tyranitar|Pursuit|p2a: Chansey|[from]Pursuit\n|-damage|p2a: Chansey|2\/100\n|switch|p2a: Sableye|Sableye, F|100\/100\n|\n|-weather|Sandstorm|[upkeep]\n|-damage|p2a: Sableye|95\/100|[from] Sandstorm\n|upkeep\n|turn|3\n|\n|t:|1701106336\n|switch|p2a: Hitmonchan|Hitmonchan, M|100\/100\n|move|p1a: Tyranitar|Stone Edge|p2a: Hitmonchan\n|-resisted|p2a: Hitmonchan\n|-damage|p2a: Hitmonchan|53\/100\n|\n|-weather|Sandstorm|[upkeep]\n|-damage|p2a: Hitmonchan|47\/100|[from] Sandstorm\n|upkeep\n|turn|4\n|\n|t:|1701106350\n|switch|p1a: Zapdos|Zapdos|100\/100\n|move|p2a: Hitmonchan|Mach Punch|p1a: Zapdos\n|-resisted|p1a: Zapdos\n|-crit|p1a: Zapdos\n|-damage|p1a: Zapdos|88\/100\n|\n|-weather|Sandstorm|[upkeep]\n|-damage|p1a: Zapdos|82\/100|[from] Sandstorm\n|-damage|p2a: Hitmonchan|41\/100|[from] Sandstorm\n|upkeep\n|turn|5\n|\n|t:|1701106366\n|switch|p2a: Chansey|Chansey, F|2\/100\n|move|p1a: Zapdos|Hurricane|p2a: Chansey|[miss]\n|-miss|p1a: Zapdos|p2a: Chansey\n|\n|-weather|none\n|upkeep\n|turn|6\n|\n|t:|1701106375\n|move|p1a: Zapdos|Hurricane|p2a: Chansey\n|-damage|p2a: Chansey|0 fnt\n|faint|p2a: Chansey\n|\n|upkeep\n|\n|t:|1701106379\n|switch|p2a: Butterfree|Butterfree, M|100\/100\n|turn|7\n|\n|t:|1701106383\n|move|p2a: Butterfree|Sleep Powder|p1a: Zapdos\n|-status|p1a: Zapdos|slp|[from] move: Sleep Powder\n|cant|p1a: Zapdos|slp\n|\n|upkeep\n|turn|8\n|\n|t:|1701106394\n|switch|p1a: Clodsire|Clodsire, M|100\/100\n|move|p2a: Butterfree|Quiver Dance|p2a: Butterfree\n|-boost|p2a: Butterfree|spa|1\n|-boost|p2a: Butterfree|spd|1\n|-boost|p2a: Butterfree|spe|1\n|\n|upkeep\n|turn|9\n|\n|t:|1701106405\n|switch|p2a: Linoone|Linoone, M|100\/100\n|move|p1a: Clodsire|Toxic|p2a: Linoone\n|-status|p2a: Linoone|tox\n|\n|-damage|p2a: Linoone|94\/100 tox|[from] psn\n|upkeep\n|turn|10\n|\n|t:|1701106413\n|move|p2a: Linoone|Stomping Tantrum|p1a: Clodsire\n|-supereffective|p1a: Clodsire\n|-damage|p1a: Clodsire|60\/100\n|move|p1a: Clodsire|Spikes|p2a: Linoone\n|-sidestart|p2: texsexmex|Spikes\n|\n|-damage|p2a: Linoone|82\/100 tox|[from] psn\n|upkeep\n|turn|11\n|\n|t:|1701106418\n|move|p2a: Linoone|Stomping Tantrum|p1a: Clodsire\n|-supereffective|p1a: Clodsire\n|-damage|p1a: Clodsire|21\/100\n|move|p1a: Clodsire|Recover|p1a: Clodsire\n|-heal|p1a: Clodsire|71\/100\n|\n|-damage|p2a: Linoone|64\/100 tox|[from] psn\n|upkeep\n|turn|12\n|\n|t:|1701106432\n|switch|p2a: Hitmonchan|Hitmonchan, M|41\/100\n|-damage|p2a: Hitmonchan|29\/100|[from] Spikes\n|switch|p1a: Zapdos|Zapdos|82\/100 slp\n|\n|upkeep\n|turn|13\n|\n|t:|1701106439\n|-curestatus|p1a: Zapdos|slp|[msg]\n|move|p1a: Zapdos|Thunderbolt|p2a: Hitmonchan\n|-damage|p2a: Hitmonchan|3\/100\n|move|p2a: Hitmonchan|Fire Punch|p1a: Zapdos\n|-damage|p1a: Zapdos|61\/100\n|\n|upkeep\n|turn|14\n|\n|t:|1701106459\n|switch|p2a: Linoone|Linoone, M|64\/100 tox\n|-damage|p2a: Linoone|52\/100 tox|[from] Spikes\n|move|p1a: Zapdos|Thunderbolt|p2a: Linoone\n|-damage|p2a: Linoone|0 fnt\n|faint|p2a: Linoone\n|\n|upkeep\n|\n|t:|1701106463\n|switch|p2a: Butterfree|Butterfree, M|100\/100\n|turn|15\n|\n|t:|1701106473\n|move|p2a: Butterfree|Sleep Powder|p1a: Zapdos\n|-status|p1a: Zapdos|slp|[from] move: Sleep Powder\n|cant|p1a: Zapdos|slp\n|\n|upkeep\n|turn|16\n|\n|t:|1701106484\n|switch|p1a: Clodsire|Clodsire, M|71\/100\n|move|p2a: Butterfree|Hurricane|p1a: Clodsire\n|-damage|p1a: Clodsire|45\/100\n|\n|upkeep\n|turn|17\n|\n|t:|1701106499\n|switch|p2a: Marowak|Marowak-Alola, F|100\/100\n|-damage|p2a: Marowak|88\/100|[from] Spikes\n|move|p1a: Clodsire|Recover|p1a: Clodsire\n|-heal|p1a: Clodsire|95\/100\n|\n|upkeep\n|turn|18\n|\n|t:|1701106508\n|switch|p1a: Zapdos|Zapdos|61\/100 slp\n|move|p2a: Marowak|Earthquake|p1a: Zapdos\n|-immune|p1a: Zapdos\n|\n|upkeep\n|turn|19\n|\n|t:|1701106518\n|-curestatus|p1a: Zapdos|slp|[msg]\n|move|p1a: Zapdos|Hurricane|p2a: Marowak\n|-damage|p2a: Marowak|30\/100\n|-start|p2a: Marowak|confusion\n|-activate|p2a: Marowak|confusion\n|move|p2a: Marowak|Flare Blitz|p1a: Zapdos\n|-damage|p1a: Zapdos|0 fnt\n|faint|p1a: Zapdos\n|\n|upkeep\n|n|\u2606LoganCheckThisOut|logancheckthisout\n|inactive|LoganCheckThisOut has 120 seconds left.\n|c|\u2606LoganCheckThisOut|That Zapdos was touched like 5 times and didn't get a single Para\n|\n|t:|1701106565\n|switch|p1a: Tyranitar|Tyranitar-Mega, M|100\/100\n|-damage|p1a: Tyranitar|88\/100|[from] Stealth Rock\n|-weather|Sandstorm|[from] ability: Sand Stream|[of] p1a: Tyranitar\n|turn|20\n|\n|t:|1701106585\n|move|p1a: Tyranitar|Knock Off|p2a: Marowak\n|-supereffective|p2a: Marowak\n|-damage|p2a: Marowak|0 fnt\n|-enditem|p2a: Marowak|Thick Club|[from] move: Knock Off|[of] p1a: Tyranitar\n|faint|p2a: Marowak\n|\n|-weather|Sandstorm|[upkeep]\n|upkeep\n|\n|t:|1701106592\n|switch|p2a: Hitmonchan|Hitmonchan, M|3\/100\n|-damage|p2a: Hitmonchan|0 fnt|[from] Spikes\n|faint|p2a: Hitmonchan\n|\n|t:|1701106600\n|switch|p2a: Butterfree|Butterfree, M|100\/100\n|turn|21\n|inactive|LoganCheckThisOut has 120 seconds left.\n|\n|t:|1701106639\n|switch|p1a: Ogerpon|Ogerpon-Wellspring, F|100\/100\n|-damage|p1a: Ogerpon|88\/100|[from] Stealth Rock\n|move|p2a: Butterfree|Sleep Powder|p1a: Ogerpon\n|-immune|p1a: Ogerpon\n|\n|-weather|Sandstorm|[upkeep]\n|-damage|p1a: Ogerpon|82\/100|[from] Sandstorm\n|-damage|p2a: Butterfree|94\/100|[from] Sandstorm\n|upkeep\n|turn|22\n|\n|t:|1701106650\n|move|p1a: Ogerpon|Ivy Cudgel|p2a: Butterfree|[anim] Ivy Cudgel Water\n|-damage|p2a: Butterfree|0 fnt\n|faint|p2a: Butterfree\n|\n|-weather|Sandstorm|[upkeep]\n|-damage|p1a: Ogerpon|76\/100|[from] Sandstorm\n|upkeep\n|-message|texsexmex forfeited.\n|\n|win|LoganCheckThisOut\n|raw|LoganCheckThisOut's rating: 1000 &rarr; <strong>1040<\/strong><br \/>(+40 for winning)\n|raw|texsexmex's rating: 1000 &rarr; <strong>1000<\/strong><br \/>(+0 for losing)\n|l|\u2606texsexmex\n","uploadtime":1701106675,"views":3,"p1id":"logancheckthisout","p2id":"texsexmex","formatid":"gen9nationaldex","rating":1000,"private":0,"password":""}