{"id":"gen9nationaldex-1995470649","p1":"daniel241595","p2":"LBSD","format":"[Gen 9] National Dex","log":"|html|<div class=\"broadcast-blue\"><strong>[Gen 9] National Dex is currently suspecting Sneasler! For information on how to participate check out the <a href=\"https:\/\/www.smogon.com\/forums\/threads\/sv-national-dex-suspect-8-just-dance.3731534\/\">suspect thread<\/a>.<\/strong><\/div>\n|j|\u2606daniel241595\n|j|\u203dLBSD\n|t:|1700574444\n|gametype|singles\n|player|p1|daniel241595|gambler|1444\n|player|p2|LBSD|cynthia-gen4|1432\n|teamsize|p1|6\n|teamsize|p2|6\n|gen|9\n|tier|[Gen 9] National Dex\n|rated|\n|rule|HP Percentage Mod: HP is shown in percentages\n|rule|Endless Battle Clause: Forcing endless battles is banned\n|rule|OHKO Clause: OHKO moves are banned\n|rule|Evasion Clause: Evasion abilities, items, and moves are banned\n|rule|Evasion Abilities Clause: Evasion abilities are banned\n|rule|Evasion Items Clause: Evasion items are banned\n|rule|Evasion Moves Clause: Evasion moves are banned\n|rule|Species Clause: Limit one of each Pok\u00e9mon\n|rule|Sleep Clause Mod: Limit one foe put to sleep\n|clearpoke\n|poke|p1|Arcanine, M|\n|poke|p1|Flygon, F|\n|poke|p1|Empoleon, M|\n|poke|p1|Eelektross, F|\n|poke|p1|Florges, F|\n|poke|p1|Kleavor, M|\n|poke|p2|Mawile, F|\n|poke|p2|Iron Valiant|\n|poke|p2|Rotom-Wash|\n|poke|p2|Tapu Koko|\n|poke|p2|Heatran, F|\n|poke|p2|Hoopa-Unbound|\n|teampreview\n|inactive|Battle timer is ON: inactive players will automatically lose when time's up. (requested by daniel241595)\n|inactive|LBSD also wants the timer to be on.\n|\n|t:|1700574460\n|start\n|switch|p1a: Kleavor|Kleavor, M|100\/100\n|switch|p2a: Tapu Koko|Tapu Koko|100\/100\n|-fieldstart|move: Electric Terrain|[from] ability: Electric Surge|[of] p2a: Tapu Koko\n|turn|1\n|\n|t:|1700574470\n|move|p1a: Kleavor|Cross Poison|p2a: Tapu Koko\n|-supereffective|p2a: Tapu Koko\n|-crit|p2a: Tapu Koko\n|-damage|p2a: Tapu Koko|0 fnt\n|faint|p2a: Tapu Koko\n|\n|upkeep\n|\n|t:|1700574481\n|switch|p2a: Mawile|Mawile, F, shiny|100\/100\n|-ability|p2a: Mawile|Intimidate|boost\n|-unboost|p1a: Kleavor|atk|1\n|turn|2\n|\n|t:|1700574495\n|switch|p1a: Empoleon|Empoleon, M|100\/100\n|detailschange|p2a: Mawile|Mawile-Mega, F, shiny\n|-mega|p2a: Mawile|Mawile|Mawilite\n|move|p2a: Mawile|Swords Dance|p2a: Mawile\n|-boost|p2a: Mawile|atk|2\n|\n|upkeep\n|turn|3\n|\n|t:|1700574505\n|move|p1a: Empoleon|Scald|p2a: Mawile\n|-damage|p2a: Mawile|63\/100\n|move|p2a: Mawile|Thunder Punch|p1a: Empoleon\n|-supereffective|p1a: Empoleon\n|-damage|p1a: Empoleon|0 fnt\n|faint|p1a: Empoleon\n|\n|upkeep\n|\n|t:|1700574517\n|switch|p1a: Arcanine|Arcanine, M, shiny|100\/100\n|-ability|p1a: Arcanine|Intimidate|boost\n|-unboost|p2a: Mawile|atk|1\n|turn|4\n|\n|t:|1700574530\n|switch|p1a: Flygon|Flygon, F|100\/100\n|switch|p2a: Heatran|Heatran, F|100\/100\n|\n|upkeep\n|turn|5\n|\n|t:|1700574540\n|switch|p1a: Eelektross|Eelektross, F|100\/100\n|switch|p2a: Rotom|Rotom-Wash|100\/100\n|\n|-fieldend|move: Electric Terrain\n|upkeep\n|turn|6\n|\n|t:|1700574550\n|move|p2a: Rotom|Volt Switch|p1a: Eelektross\n|-resisted|p1a: Eelektross\n|-damage|p1a: Eelektross|90\/100\n|\n|t:|1700574555\n|switch|p2a: Heatran|Heatran, F|100\/100|[from] Volt Switch\n|move|p1a: Eelektross|Volt Switch|p2a: Heatran\n|-damage|p2a: Heatran|80\/100\n|\n|t:|1700574561\n|switch|p1a: Arcanine|Arcanine, M, shiny|100\/100|[from] Volt Switch\n|-ability|p1a: Arcanine|Intimidate|boost\n|-unboost|p2a: Heatran|atk|1\n|\n|-heal|p2a: Heatran|87\/100|[from] item: Leftovers\n|upkeep\n|turn|7\n|\n|t:|1700574572\n|-terastallize|p2a: Heatran|Bug\n|move|p1a: Arcanine|Close Combat|p2a: Heatran\n|-resisted|p2a: Heatran\n|-damage|p2a: Heatran|62\/100\n|-unboost|p1a: Arcanine|def|1\n|-unboost|p1a: Arcanine|spd|1\n|move|p2a: Heatran|Magma Storm|p1a: Arcanine|[miss]\n|-miss|p2a: Heatran|p1a: Arcanine\n|\n|-heal|p2a: Heatran|68\/100|[from] item: Leftovers\n|upkeep\n|turn|8\n|\n|t:|1700574585\n|switch|p1a: Eelektross|Eelektross, F|90\/100\n|move|p2a: Heatran|Magma Storm|p1a: Eelektross|[miss]\n|-miss|p2a: Heatran|p1a: Eelektross\n|\n|-heal|p2a: Heatran|74\/100|[from] item: Leftovers\n|upkeep\n|turn|9\n|\n|t:|1700574596\n|move|p2a: Heatran|Stealth Rock|p1a: Eelektross\n|-sidestart|p1: daniel241595|move: Stealth Rock\n|move|p1a: Eelektross|Volt Switch|p2a: Heatran\n|-damage|p2a: Heatran|51\/100\n|\n|t:|1700574615\n|switch|p1a: Kleavor|Kleavor, M|100\/100|[from] Volt Switch\n|-damage|p1a: Kleavor|76\/100|[from] Stealth Rock\n|\n|-heal|p2a: Heatran|57\/100|[from] item: Leftovers\n|upkeep\n|turn|10\n|\n|t:|1700574626\n|switch|p2a: Rotom|Rotom-Wash|100\/100\n|move|p1a: Kleavor|Stone Axe|p2a: Rotom\n|-damage|p2a: Rotom|57\/100\n|-sidestart|p2: LBSD|move: Stealth Rock\n|\n|-heal|p2a: Rotom|63\/100|[from] item: Leftovers\n|upkeep\n|turn|11\n|\n|t:|1700574636\n|switch|p1a: Florges|Florges, F|100\/100\n|-damage|p1a: Florges|88\/100|[from] Stealth Rock\n|move|p2a: Rotom|Volt Switch|p1a: Florges\n|-damage|p1a: Florges|72\/100\n|\n|t:|1700574647\n|switch|p2a: Hoopa|Hoopa-Unbound|100\/100|[from] Volt Switch\n|-damage|p2a: Hoopa|88\/100|[from] Stealth Rock\n|\n|-heal|p1a: Florges|78\/100|[from] item: Leftovers\n|upkeep\n|turn|12\n|\n|t:|1700574656\n|move|p1a: Florges|Moonblast|p2a: Hoopa\n|-supereffective|p2a: Hoopa\n|-damage|p2a: Hoopa|63\/100\n|move|p2a: Hoopa|Gunk Shot|p1a: Florges\n|-supereffective|p1a: Florges\n|-damage|p1a: Florges|3\/100\n|\n|-heal|p1a: Florges|9\/100|[from] item: Leftovers\n|upkeep\n|turn|13\n|inactive|daniel241595 has 120 seconds left.\n|\n|t:|1700574694\n|move|p1a: Florges|Moonblast|p2a: Hoopa\n|-supereffective|p2a: Hoopa\n|-damage|p2a: Hoopa|38\/100\n|move|p2a: Hoopa|Psychic|p1a: Florges\n|-damage|p1a: Florges|0 fnt\n|faint|p1a: Florges\n|\n|upkeep\n|inactive|daniel241595 has 90 seconds left.\n|\n|t:|1700574726\n|switch|p1a: Kleavor|Kleavor, M|76\/100\n|-damage|p1a: Kleavor|51\/100|[from] Stealth Rock\n|turn|14\n|inactive|daniel241595 has 90 seconds left.\n|\n|t:|1700574748\n|move|p1a: Kleavor|Stone Axe|p2a: Hoopa\n|-damage|p2a: Hoopa|0 fnt\n|faint|p2a: Hoopa\n|\n|upkeep\n|\n|t:|1700574756\n|switch|p2a: Mawile|Mawile-Mega, F, shiny|63\/100\n|-damage|p2a: Mawile|57\/100|[from] Stealth Rock\n|turn|15\n|\n|t:|1700574769\n|move|p1a: Kleavor|Stone Axe|p2a: Mawile|[miss]\n|-miss|p1a: Kleavor|p2a: Mawile\n|move|p2a: Mawile|Thunder Punch|p1a: Kleavor\n|-damage|p1a: Kleavor|0 fnt\n|faint|p1a: Kleavor\n|\n|upkeep\n|inactive|daniel241595 has 90 seconds left.\n|\n|t:|1700574783\n|switch|p1a: Flygon|Flygon, F|100\/100\n|-damage|p1a: Flygon|95\/100|[from] Stealth Rock\n|turn|16\n|inactive|daniel241595 has 90 seconds left.\n|\n|t:|1700574801\n|switch|p1a: Eelektross|Eelektross, F|90\/100\n|-damage|p1a: Eelektross|78\/100|[from] Stealth Rock\n|switch|p2a: Rotom|Rotom-Wash|63\/100\n|-damage|p2a: Rotom|51\/100|[from] Stealth Rock\n|\n|-heal|p2a: Rotom|57\/100|[from] item: Leftovers\n|upkeep\n|turn|17\n|inactive|daniel241595 has 90 seconds left.\n|\n|t:|1700574812\n|move|p2a: Rotom|Will-O-Wisp|p1a: Eelektross\n|-status|p1a: Eelektross|brn\n|move|p1a: Eelektross|Giga Drain|p2a: Rotom\n|-supereffective|p2a: Rotom\n|-damage|p2a: Rotom|9\/100\n|-heal|p1a: Eelektross|98\/100 brn|[from] drain|[of] p2a: Rotom\n|\n|-heal|p2a: Rotom|15\/100|[from] item: Leftovers\n|-damage|p1a: Eelektross|91\/100 brn|[from] brn\n|upkeep\n|turn|18\n|inactive|daniel241595 has 90 seconds left.\n|\n|t:|1700574830\n|move|p2a: Rotom|Defog|p1a: Eelektross\n|-unboost|p1a: Eelektross|evasion|1\n|-sideend|p1: daniel241595|Stealth Rock|[from] move: Defog|[of] p2a: Rotom\n|-sideend|p2: LBSD|Stealth Rock|[from] move: Defog|[of] p2a: Rotom\n|move|p1a: Eelektross|Volt Switch|p2a: Rotom\n|-damage|p2a: Rotom|0 fnt\n|faint|p2a: Rotom\n|inactive|daniel241595 has 90 seconds left.\n|\n|t:|1700574849\n|switch|p1a: Arcanine|Arcanine, M, shiny|100\/100|[from] Volt Switch\n|\n|upkeep\n|\n|t:|1700574862\n|switch|p2a: Iron Valiant|Iron Valiant|100\/100\n|turn|19\n|inactive|daniel241595 has 90 seconds left.\n|\n|t:|1700574882\n|move|p1a: Arcanine|Extreme Speed|p2a: Iron Valiant\n|-damage|p2a: Iron Valiant|50\/100\n|move|p2a: Iron Valiant|Moonblast|p1a: Arcanine\n|-resisted|p1a: Arcanine\n|-damage|p1a: Arcanine|67\/100\n|-damage|p2a: Iron Valiant|40\/100|[from] item: Life Orb\n|\n|upkeep\n|turn|20\n|\n|t:|1700574892\n|-end|p2a: Iron Valiant|Quark Drive|[silent]\n|switch|p2a: Heatran|Heatran, F, tera:Bug|57\/100\n|move|p1a: Arcanine|Extreme Speed|p2a: Heatran\n|-damage|p2a: Heatran|21\/100\n|\n|-heal|p2a: Heatran|27\/100|[from] item: Leftovers\n|upkeep\n|turn|21\n|inactive|daniel241595 has 90 seconds left.\n|\n|t:|1700574904\n|switch|p2a: Mawile|Mawile-Mega, F, shiny|57\/100\n|move|p1a: Arcanine|Extreme Speed|p2a: Mawile\n|-resisted|p2a: Mawile\n|-damage|p2a: Mawile|39\/100\n|\n|upkeep\n|turn|22\n|inactive|daniel241595 has 90 seconds left.\n|\n|t:|1700574932\n|switch|p1a: Eelektross|Eelektross, F|91\/100 brn\n|move|p2a: Mawile|Iron Head|p1a: Eelektross\n|-resisted|p1a: Eelektross\n|-damage|p1a: Eelektross|51\/100 brn\n|\n|-damage|p1a: Eelektross|45\/100 brn|[from] brn\n|upkeep\n|turn|23\n|\n|t:|1700574959\n|switch|p2a: Heatran|Heatran, F, tera:Bug|27\/100\n|move|p1a: Eelektross|Volt Switch|p2a: Heatran\n|-damage|p2a: Heatran|6\/100\n|inactive|daniel241595 has 60 seconds left.\n|inactive|daniel241595 has 30 seconds left.\n|\n|t:|1700575015\n|switch|p1a: Flygon|Flygon, F|95\/100|[from] Volt Switch\n|\n|-heal|p2a: Heatran|13\/100|[from] item: Leftovers\n|upkeep\n|turn|24\n|inactive|daniel241595 has 30 seconds left.\n|\n|t:|1700575026\n|move|p1a: Flygon|Earthquake|p2a: Heatran\n|-resisted|p2a: Heatran\n|-damage|p2a: Heatran|0 fnt\n|faint|p2a: Heatran\n|-damage|p1a: Flygon|85\/100|[from] item: Life Orb\n|\n|upkeep\n|\n|t:|1700575033\n|switch|p2a: Iron Valiant|Iron Valiant|40\/100\n|turn|25\n|inactive|daniel241595 has 30 seconds left.\n|\n|t:|1700575050\n|switch|p1a: Eelektross|Eelektross, F|45\/100 brn\n|move|p2a: Iron Valiant|Moonblast|p1a: Eelektross\n|-damage|p1a: Eelektross|0 fnt\n|faint|p1a: Eelektross\n|-damage|p2a: Iron Valiant|30\/100|[from] item: Life Orb\n|\n|upkeep\n|\n|t:|1700575051\n|switch|p1a: Arcanine|Arcanine, M, shiny|67\/100\n|-ability|p1a: Arcanine|Intimidate|boost\n|-unboost|p2a: Iron Valiant|atk|1\n|turn|26\n|\n|t:|1700575064\n|-end|p2a: Iron Valiant|Quark Drive|[silent]\n|switch|p2a: Mawile|Mawile-Mega, F, shiny|39\/100\n|move|p1a: Arcanine|Extreme Speed|p2a: Mawile\n|-resisted|p2a: Mawile\n|-damage|p2a: Mawile|22\/100\n|\n|upkeep\n|turn|27\n|\n|t:|1700575075\n|-terastallize|p1a: Arcanine|Normal\n|move|p1a: Arcanine|Extreme Speed|p2a: Mawile\n|-resisted|p2a: Mawile\n|-damage|p2a: Mawile|0 fnt\n|faint|p2a: Mawile\n|\n|upkeep\n|-message|LBSD forfeited.\n|\n|win|daniel241595\n|raw|daniel241595's rating: 1444 &rarr; <strong>1463<\/strong><br \/>(+19 for winning)\n|raw|LBSD's rating: 1432 &rarr; <strong>1413<\/strong><br \/>(-19 for losing)\n|l|\u203dLBSD\n","uploadtime":1700575086,"views":3,"p1id":"daniel241595","p2id":"lbsd","formatid":"gen9nationaldex","rating":1413,"private":0,"password":""}