{"id":"gen9nationaldex-1990194767","p1":"Enzoodonnell","p2":"SR Santi Reyes VGC","format":"[Gen 9] National Dex","log":"|j|\u2606Enzoodonnell\n|j|\u2606SR Santi Reyes VGC\n|t:|1699935621\n|gametype|singles\n|player|p1|Enzoodonnell|steven|\n|player|p2|SR Santi Reyes VGC|red|\n|teamsize|p1|6\n|teamsize|p2|6\n|gen|9\n|tier|[Gen 9] National Dex\n|rule|HP Percentage Mod: HP is shown in percentages\n|rule|Endless Battle Clause: Forcing endless battles is banned\n|rule|OHKO Clause: OHKO moves are banned\n|rule|Evasion Clause: Evasion abilities, items, and moves are banned\n|rule|Evasion Abilities Clause: Evasion abilities are banned\n|rule|Evasion Items Clause: Evasion items are banned\n|rule|Evasion Moves Clause: Evasion moves are banned\n|rule|Species Clause: Limit one of each Pok\u00e9mon\n|rule|Sleep Clause Mod: Limit one foe put to sleep\n|clearpoke\n|poke|p1|Toxtricity, F|\n|poke|p1|Persian-Alola, F|\n|poke|p1|Excadrill, M|\n|poke|p1|Incineroar, F|\n|poke|p1|Urshifu-*, F|\n|poke|p1|Gardevoir, F|\n|poke|p2|Excadrill, F|\n|poke|p2|Kartana|\n|poke|p2|Volcarona, F|\n|poke|p2|Tapu Koko|\n|poke|p2|Hawlucha, M|\n|poke|p2|Gyarados, F|\n|teampreview\n|\n|t:|1699935646\n|start\n|switch|p1a: Persian|Persian-Alola, F|100\/100\n|switch|p2a: Gyarados|Gyarados, F|100\/100\n|-ability|p2a: Gyarados|Intimidate|boost\n|-unboost|p1a: Persian|atk|1\n|turn|1\n|\n|t:|1699935669\n|detailschange|p2a: Gyarados|Gyarados-Mega, F\n|-mega|p2a: Gyarados|Gyarados|Gyaradosite\n|-ability|p2a: Gyarados|Mold Breaker\n|move|p1a: Persian|Fake Out|p2a: Gyarados\n|-damage|p2a: Gyarados|96\/100\n|cant|p2a: Gyarados|flinch\n|\n|upkeep\n|turn|2\n|\n|t:|1699935678\n|move|p1a: Persian|Parting Shot|p2a: Gyarados\n|-unboost|p2a: Gyarados|atk|1\n|-unboost|p2a: Gyarados|spa|1\n|\n|t:|1699935682\n|switch|p1a: Urshifu|Urshifu-Rapid-Strike, F|100\/100|[from] Parting Shot\n|move|p2a: Gyarados|Substitute|p2a: Gyarados\n|-start|p2a: Gyarados|Substitute\n|-damage|p2a: Gyarados|71\/100\n|\n|upkeep\n|turn|3\n|\n|t:|1699935698\n|move|p1a: Urshifu|Trailblaze|p2a: Gyarados\n|-supereffective|p2a: Gyarados\n|-end|p2a: Gyarados|Substitute\n|-boost|p1a: Urshifu|spe|1\n|move|p2a: Gyarados|Dragon Dance|p2a: Gyarados\n|-boost|p2a: Gyarados|atk|1\n|-boost|p2a: Gyarados|spe|1\n|\n|upkeep\n|turn|4\n|\n|t:|1699935716\n|switch|p2a: Kartana|Kartana|100\/100\n|move|p1a: Urshifu|Drain Punch|p2a: Kartana\n|-supereffective|p2a: Kartana\n|-damage|p2a: Kartana|15\/100\n|\n|upkeep\n|turn|5\n|\n|t:|1699935731\n|switch|p1a: Incineroar|Incineroar, F|100\/100\n|-ability|p1a: Incineroar|Intimidate|boost\n|-unboost|p2a: Kartana|atk|1\n|move|p2a: Kartana|Leaf Blade|p1a: Incineroar\n|-resisted|p1a: Incineroar\n|-damage|p1a: Incineroar|81\/100\n|\n|-heal|p1a: Incineroar|87\/100|[from] item: Leftovers\n|upkeep\n|turn|6\n|\n|t:|1699935743\n|move|p2a: Kartana|Sacred Sword|p1a: Incineroar\n|-supereffective|p1a: Incineroar\n|-damage|p1a: Incineroar|34\/100\n|move|p1a: Incineroar|Parting Shot|p2a: Kartana\n|-unboost|p2a: Kartana|atk|1\n|-unboost|p2a: Kartana|spa|1\n|inactive|Battle timer is ON: inactive players will automatically lose when time's up. (requested by SR Santi Reyes VGC)\n|\n|t:|1699935767\n|switch|p1a: Persian|Persian-Alola, F|100\/100|[from] Parting Shot\n|\n|upkeep\n|turn|7\n|\n|t:|1699935773\n|move|p1a: Persian|Fake Out|p2a: Kartana\n|-resisted|p2a: Kartana\n|-damage|p2a: Kartana|12\/100\n|cant|p2a: Kartana|flinch\n|\n|upkeep\n|turn|8\n|\n|t:|1699935779\n|move|p1a: Persian|Foul Play|p2a: Kartana\n|-damage|p2a: Kartana|0 fnt\n|faint|p2a: Kartana\n|\n|upkeep\n|\n|t:|1699935788\n|switch|p2a: Hawlucha|Hawlucha, M|100\/100\n|turn|9\n|\n|t:|1699935794\n|move|p1a: Persian|Parting Shot|p2a: Hawlucha\n|-unboost|p2a: Hawlucha|atk|1\n|-unboost|p2a: Hawlucha|spa|1\n|\n|t:|1699935797\n|switch|p1a: Toxtricity|Toxtricity, F|100\/100|[from] Parting Shot\n|move|p2a: Hawlucha|Close Combat|p1a: Toxtricity\n|-resisted|p1a: Toxtricity\n|-damage|p1a: Toxtricity|78\/100\n|-unboost|p2a: Hawlucha|def|1\n|-unboost|p2a: Hawlucha|spd|1\n|\n|upkeep\n|turn|10\n|\n|t:|1699935807\n|switch|p2a: Excadrill|Excadrill, F|100\/100\n|-ability|p2a: Excadrill|Mold Breaker\n|move|p1a: Toxtricity|Boomburst|p2a: Excadrill\n|-resisted|p2a: Excadrill\n|-damage|p2a: Excadrill|38\/100\n|\n|upkeep\n|turn|11\n|\n|t:|1699935820\n|switch|p1a: Urshifu|Urshifu-Rapid-Strike, F|100\/100\n|move|p2a: Excadrill|Stealth Rock|p1a: Urshifu\n|-sidestart|p1: Enzoodonnell|move: Stealth Rock\n|\n|upkeep\n|turn|12\n|\n|t:|1699935836\n|move|p1a: Urshifu|Trailblaze|p2a: Excadrill\n|-damage|p2a: Excadrill|12\/100\n|-boost|p1a: Urshifu|spe|1\n|move|p2a: Excadrill|Earthquake|p1a: Urshifu\n|-crit|p1a: Urshifu\n|-damage|p1a: Urshifu|13\/100\n|\n|upkeep\n|turn|13\n|\n|t:|1699935853\n|move|p1a: Urshifu|Drain Punch|p2a: Excadrill\n|-supereffective|p2a: Excadrill\n|-damage|p2a: Excadrill|0 fnt\n|-heal|p1a: Urshifu|20\/100|[from] drain|[of] p2a: Excadrill\n|faint|p2a: Excadrill\n|\n|upkeep\n|\n|t:|1699935860\n|switch|p2a: Tapu Koko|Tapu Koko|100\/100\n|-fieldstart|move: Electric Terrain|[from] ability: Electric Surge|[of] p2a: Tapu Koko\n|turn|14\n|\n|t:|1699935871\n|move|p1a: Urshifu|Surging Strikes|p2a: Tapu Koko\n|-crit|p2a: Tapu Koko\n|-damage|p2a: Tapu Koko|75\/100\n|-crit|p2a: Tapu Koko\n|-damage|p2a: Tapu Koko|45\/100\n|-crit|p2a: Tapu Koko\n|-damage|p2a: Tapu Koko|15\/100\n|-hitcount|p2a: Tapu Koko|3\n|move|p2a: Tapu Koko|Volt Switch|p1a: Urshifu\n|-supereffective|p1a: Urshifu\n|-damage|p1a: Urshifu|0 fnt\n|faint|p1a: Urshifu\n|\n|t:|1699935889\n|switch|p2a: Gyarados|Gyarados-Mega, F|71\/100|[from] Volt Switch\n|-ability|p2a: Gyarados|Mold Breaker\n|\n|upkeep\n|\n|t:|1699935902\n|switch|p1a: Gardevoir|Gardevoir, F, shiny|100\/100\n|-damage|p1a: Gardevoir|88\/100|[from] Stealth Rock\n|-ability|p1a: Gardevoir|Mold Breaker\n|-ability|p1a: Gardevoir|Mold Breaker|[from] ability: Trace|[of] p2a: Gyarados\n|turn|15\n|\n|t:|1699935917\n|detailschange|p1a: Gardevoir|Gardevoir-Mega, F, shiny\n|-mega|p1a: Gardevoir|Gardevoir|Gardevoirite\n|move|p1a: Gardevoir|Hyper Voice|p2a: Gyarados\n|-supereffective|p2a: Gyarados\n|-damage|p2a: Gyarados|0 fnt\n|faint|p2a: Gyarados\n|\n|upkeep\n|\n|t:|1699935928\n|switch|p2a: Hawlucha|Hawlucha, M|100\/100\n|-enditem|p2a: Hawlucha|Electric Seed\n|-boost|p2a: Hawlucha|def|1|[from] item: Electric Seed\n|turn|16\n|\n|t:|1699935934\n|move|p2a: Hawlucha|Close Combat|p1a: Gardevoir\n|-resisted|p1a: Gardevoir\n|-damage|p1a: Gardevoir|67\/100\n|-unboost|p2a: Hawlucha|def|1\n|-unboost|p2a: Hawlucha|spd|1\n|move|p1a: Gardevoir|Hyper Voice|p2a: Hawlucha\n|-supereffective|p2a: Hawlucha\n|-damage|p2a: Hawlucha|0 fnt\n|faint|p2a: Hawlucha\n|\n|upkeep\n|\n|t:|1699935944\n|switch|p2a: Tapu Koko|Tapu Koko|15\/100\n|turn|17\n|\n|t:|1699935953\n|move|p2a: Tapu Koko|Volt Switch|p1a: Gardevoir\n|-damage|p1a: Gardevoir|32\/100\n|\n|t:|1699935956\n|switch|p2a: Volcarona|Volcarona, F|100\/100|[from] Volt Switch\n|move|p1a: Gardevoir|Calm Mind|p1a: Gardevoir\n|-boost|p1a: Gardevoir|spa|1\n|-boost|p1a: Gardevoir|spd|1\n|\n|upkeep\n|turn|18\n|\n|t:|1699935968\n|-terastallize|p2a: Volcarona|Bug\n|move|p1a: Gardevoir|Mystical Fire|p2a: Volcarona\n|-supereffective|p2a: Volcarona\n|-damage|p2a: Volcarona|0 fnt\n|faint|p2a: Volcarona\n|\n|-fieldend|move: Electric Terrain\n|upkeep\n|\n|t:|1699935976\n|switch|p2a: Tapu Koko|Tapu Koko|15\/100\n|-fieldstart|move: Electric Terrain|[from] ability: Electric Surge|[of] p2a: Tapu Koko\n|turn|19\n|\n|t:|1699935981\n|move|p2a: Tapu Koko|Volt Switch|p1a: Gardevoir\n|-damage|p1a: Gardevoir|6\/100\n|move|p1a: Gardevoir|Hyper Voice|p2a: Tapu Koko\n|-damage|p2a: Tapu Koko|0 fnt\n|faint|p2a: Tapu Koko\n|\n|win|Enzoodonnell\n","uploadtime":1699936004,"views":5,"p1id":"enzoodonnell","p2id":"srsantireyesvgc","formatid":"gen9nationaldex","rating":0,"private":0,"password":""}