{"id":"gen9nationaldex-1988230168","p1":"wangye114514","p2":"Joyln","format":"[Gen 9] National Dex","log":"|j|\u2606wangye114514\n|j|\u2606Joyln\n|t:|1699690000\n|gametype|singles\n|player|p1|wangye114514|102|1360\n|player|p2|Joyln|pokekid|1458\n|teamsize|p1|6\n|teamsize|p2|6\n|gen|9\n|tier|[Gen 9] National Dex\n|rated|\n|rule|HP Percentage Mod: HP is shown in percentages\n|rule|Endless Battle Clause: Forcing endless battles is banned\n|rule|OHKO Clause: OHKO moves are banned\n|rule|Evasion Clause: Evasion abilities, items, and moves are banned\n|rule|Evasion Abilities Clause: Evasion abilities are banned\n|rule|Evasion Items Clause: Evasion items are banned\n|rule|Evasion Moves Clause: Evasion moves are banned\n|rule|Species Clause: Limit one of each Pok\u00e9mon\n|rule|Sleep Clause Mod: Limit one foe put to sleep\n|clearpoke\n|poke|p1|Hippopotas, L1, F|\n|poke|p1|Aron, L1, F|\n|poke|p1|Taillow, L1, F|\n|poke|p1|Glimmora, F|\n|poke|p1|Cottonee, L1, F|\n|poke|p1|Kyurem|\n|poke|p2|Ferrothorn, F|\n|poke|p2|Zapdos|\n|poke|p2|Volcarona, M|\n|poke|p2|Urshifu-*, F|\n|poke|p2|Hydreigon, M|\n|poke|p2|Medicham, F|\n|teampreview\n|inactive|Battle timer is ON: inactive players will automatically lose when time's up. (requested by Joyln)\n|\n|t:|1699690026\n|start\n|switch|p1a: Glimmora|Glimmora, F|100\/100\n|switch|p2a: Urshifu|Urshifu-Rapid-Strike, F|100\/100\n|turn|1\n|c|\u2606wangye114514|glhf\n|\n|t:|1699690048\n|switch|p1a: Kyurem|Kyurem|100\/100\n|-ability|p1a: Kyurem|Pressure\n|move|p2a: Urshifu|Surging Strikes|p1a: Kyurem\n|-resisted|p1a: Kyurem\n|-crit|p1a: Kyurem\n|-damage|p1a: Kyurem|93\/100\n|-resisted|p1a: Kyurem\n|-crit|p1a: Kyurem\n|-damage|p1a: Kyurem|84\/100\n|-resisted|p1a: Kyurem\n|-crit|p1a: Kyurem\n|-damage|p1a: Kyurem|77\/100\n|-hitcount|p1a: Kyurem|3\n|\n|-heal|p1a: Kyurem|83\/100|[from] item: Leftovers\n|upkeep\n|turn|2\n|\n|t:|1699690065\n|switch|p2a: Ferrothorn|Ferrothorn, F|100\/100\n|switch|p1a: Glimmora|Glimmora, F|100\/100\n|\n|upkeep\n|turn|3\n|\n|t:|1699690077\n|move|p1a: Glimmora|Spikes|p2a: Ferrothorn\n|-sidestart|p2: Joyln|Spikes\n|move|p2a: Ferrothorn|Leech Seed|p1a: Glimmora\n|-start|p1a: Glimmora|move: Leech Seed\n|\n|-damage|p1a: Glimmora|88\/100|[from] Leech Seed|[of] p2a: Ferrothorn\n|upkeep\n|turn|4\n|\n|t:|1699690093\n|move|p1a: Glimmora|Spikes|p2a: Ferrothorn\n|-sidestart|p2: Joyln|Spikes\n|move|p2a: Ferrothorn|Knock Off|p1a: Glimmora\n|-damage|p1a: Glimmora|63\/100\n|-activate|p1a: Glimmora|ability: Toxic Debris\n|-sidestart|p2: Joyln|move: Toxic Spikes\n|-enditem|p1a: Glimmora|Focus Sash|[from] move: Knock Off|[of] p2a: Ferrothorn\n|\n|-damage|p1a: Glimmora|51\/100|[from] Leech Seed|[of] p2a: Ferrothorn\n|upkeep\n|turn|5\n|\n|t:|1699690104\n|move|p1a: Glimmora|Earth Power|p2a: Ferrothorn\n|-damage|p2a: Ferrothorn|76\/100\n|move|p2a: Ferrothorn|Gyro Ball|p1a: Glimmora\n|-supereffective|p1a: Glimmora\n|-damage|p1a: Glimmora|0 fnt\n|-activate|p1a: Glimmora|ability: Toxic Debris\n|-sidestart|p2: Joyln|move: Toxic Spikes\n|faint|p1a: Glimmora\n|\n|-heal|p2a: Ferrothorn|82\/100|[from] item: Leftovers\n|upkeep\n|inactive|wangye114514 has 120 seconds left.\n|\n|t:|1699690128\n|switch|p1a: Hippopotas|Hippopotas, L1, F, shiny|100\/100\n|-weather|Sandstorm|[from] ability: Sand Stream|[of] p1a: Hippopotas\n|turn|6\n|inactive|wangye114514 has 120 seconds left.\n|\n|t:|1699690134\n|move|p2a: Ferrothorn|Knock Off|p1a: Hippopotas\n|-damage|p1a: Hippopotas|0 fnt\n|-enditem|p1a: Hippopotas|Smooth Rock|[from] move: Knock Off|[of] p2a: Ferrothorn\n|faint|p1a: Hippopotas\n|\n|-weather|Sandstorm|[upkeep]\n|-heal|p2a: Ferrothorn|89\/100|[from] item: Leftovers\n|upkeep\n|\n|t:|1699690139\n|switch|p1a: Aron|Aron, L1, F, shiny|100\/100\n|turn|7\n|\n|t:|1699690142\n|move|p2a: Ferrothorn|Knock Off|p1a: Aron\n|-ability|p1a: Aron|Sturdy\n|-damage|p1a: Aron|9\/100\n|-enditem|p1a: Aron|Shell Bell|[from] move: Knock Off|[of] p2a: Ferrothorn\n|move|p1a: Aron|Endeavor|p2a: Ferrothorn\n|-damage|p2a: Ferrothorn|1\/100\n|-damage|p1a: Aron|0 fnt|[from] ability: Iron Barbs|[of] p2a: Ferrothorn\n|faint|p1a: Aron\n|\n|-weather|Sandstorm|[upkeep]\n|-heal|p2a: Ferrothorn|7\/100|[from] item: Leftovers\n|upkeep\n|\n|t:|1699690151\n|switch|p1a: Kyurem|Kyurem|83\/100\n|-ability|p1a: Kyurem|Pressure\n|turn|8\n|inactive|Joyln has 120 seconds left.\n|\n|t:|1699690196\n|move|p2a: Ferrothorn|Protect|p2a: Ferrothorn\n|-singleturn|p2a: Ferrothorn|Protect\n|move|p1a: Kyurem|Substitute|p1a: Kyurem\n|-start|p1a: Kyurem|Substitute\n|-damage|p1a: Kyurem|58\/100\n|\n|-weather|Sandstorm|[upkeep]\n|-damage|p1a: Kyurem|52\/100|[from] Sandstorm\n|-heal|p1a: Kyurem|58\/100|[from] item: Leftovers\n|-heal|p2a: Ferrothorn|13\/100|[from] item: Leftovers\n|upkeep\n|turn|9\n|\n|t:|1699690206\n|move|p1a: Kyurem|Icicle Spear|p2a: Ferrothorn\n|-damage|p2a: Ferrothorn|6\/100\n|-damage|p2a: Ferrothorn|0 fnt\n|faint|p2a: Ferrothorn\n|-hitcount|p2: Ferrothorn|2\n|\n|-weather|Sandstorm|[upkeep]\n|-damage|p1a: Kyurem|52\/100|[from] Sandstorm\n|-heal|p1a: Kyurem|58\/100|[from] item: Leftovers\n|upkeep\n|\n|t:|1699690225\n|switch|p2a: Zapdos|Zapdos|100\/100\n|turn|10\n|\n|t:|1699690231\n|move|p1a: Kyurem|Dragon Dance|p1a: Kyurem\n|-boost|p1a: Kyurem|atk|1\n|-boost|p1a: Kyurem|spe|1\n|move|p2a: Zapdos|Defog|p1a: Kyurem\n|-sideend|p2: Joyln|Spikes|[from] move: Defog|[of] p2a: Zapdos\n|-sideend|p2: Joyln|Toxic Spikes|[from] move: Defog|[of] p2a: Zapdos\n|\n|-weather|Sandstorm|[upkeep]\n|-damage|p1a: Kyurem|52\/100|[from] Sandstorm\n|-damage|p2a: Zapdos|94\/100|[from] Sandstorm\n|-heal|p1a: Kyurem|58\/100|[from] item: Leftovers\n|upkeep\n|turn|11\n|\n|t:|1699690249\n|move|p1a: Kyurem|Roost|p1a: Kyurem\n|-heal|p1a: Kyurem|100\/100\n|-singleturn|p1a: Kyurem|move: Roost\n|move|p2a: Zapdos|Volt Switch|p1a: Kyurem\n|-resisted|p1a: Kyurem\n|-activate|p1a: Kyurem|move: Substitute|[damage]\n|\n|t:|1699690261\n|switch|p2a: Medicham|Medicham, F|100\/100|[from] Volt Switch\n|\n|-weather|Sandstorm|[upkeep]\n|-damage|p1a: Kyurem|94\/100|[from] Sandstorm\n|-damage|p2a: Medicham|94\/100|[from] Sandstorm\n|-heal|p1a: Kyurem|100\/100|[from] item: Leftovers\n|upkeep\n|turn|12\n|\n|t:|1699690276\n|detailschange|p2a: Medicham|Medicham-Mega, F\n|-mega|p2a: Medicham|Medicham|Medichamite\n|move|p2a: Medicham|Bullet Punch|p1a: Kyurem\n|-supereffective|p1a: Kyurem\n|-crit|p1a: Kyurem\n|-end|p1a: Kyurem|Substitute\n|move|p1a: Kyurem|Dragon Dance|p1a: Kyurem\n|-boost|p1a: Kyurem|atk|1\n|-boost|p1a: Kyurem|spe|1\n|\n|-weather|Sandstorm|[upkeep]\n|-damage|p1a: Kyurem|94\/100|[from] Sandstorm\n|-damage|p2a: Medicham|88\/100|[from] Sandstorm\n|-heal|p1a: Kyurem|100\/100|[from] item: Leftovers\n|upkeep\n|turn|13\n|\n|t:|1699690286\n|move|p1a: Kyurem|Icicle Spear|p2a: Medicham\n|-damage|p2a: Medicham|56\/100\n|-damage|p2a: Medicham|25\/100\n|-damage|p2a: Medicham|0 fnt\n|faint|p2a: Medicham\n|-hitcount|p2: Medicham|3\n|\n|-weather|none\n|upkeep\n|\n|t:|1699690297\n|switch|p2a: Urshifu|Urshifu-Rapid-Strike, F|100\/100\n|turn|14\n|\n|t:|1699690309\n|-terastallize|p1a: Kyurem|Fairy\n|move|p1a: Kyurem|Substitute|p1a: Kyurem\n|-start|p1a: Kyurem|Substitute\n|-damage|p1a: Kyurem|76\/100\n|move|p2a: Urshifu|Close Combat|p1a: Kyurem\n|-resisted|p1a: Kyurem\n|-end|p1a: Kyurem|Substitute\n|-unboost|p2a: Urshifu|def|1\n|-unboost|p2a: Urshifu|spd|1\n|\n|-heal|p1a: Kyurem|82\/100|[from] item: Leftovers\n|upkeep\n|turn|15\n|\n|t:|1699690325\n|move|p1a: Kyurem|Dragon Dance|p1a: Kyurem\n|-boost|p1a: Kyurem|atk|1\n|-boost|p1a: Kyurem|spe|1\n|move|p2a: Urshifu|Close Combat|p1a: Kyurem\n|-resisted|p1a: Kyurem\n|-damage|p1a: Kyurem|56\/100\n|-unboost|p2a: Urshifu|def|1\n|-unboost|p2a: Urshifu|spd|1\n|\n|-heal|p1a: Kyurem|62\/100|[from] item: Leftovers\n|upkeep\n|turn|16\n|\n|t:|1699690332\n|switch|p2a: Volcarona|Volcarona, M|100\/100\n|move|p1a: Kyurem|Roost|p1a: Kyurem\n|-heal|p1a: Kyurem|100\/100\n|\n|upkeep\n|turn|17\n|\n|t:|1699690345\n|-terastallize|p2a: Volcarona|Water\n|move|p1a: Kyurem|Substitute|p1a: Kyurem\n|-start|p1a: Kyurem|Substitute\n|-damage|p1a: Kyurem|76\/100\n|move|p2a: Volcarona|Fiery Dance|p1a: Kyurem\n|-end|p1a: Kyurem|Substitute\n|-damage|p2a: Volcarona|91\/100|[from] item: Life Orb\n|\n|-heal|p1a: Kyurem|82\/100|[from] item: Leftovers\n|upkeep\n|turn|18\n|\n|t:|1699690358\n|move|p1a: Kyurem|Icicle Spear|p2a: Volcarona\n|-resisted|p2a: Volcarona\n|-damage|p2a: Volcarona|69\/100\n|-resisted|p2a: Volcarona\n|-damage|p2a: Volcarona|49\/100\n|-resisted|p2a: Volcarona\n|-damage|p2a: Volcarona|27\/100\n|-hitcount|p2a: Volcarona|3\n|move|p2a: Volcarona|Fiery Dance|p1a: Kyurem\n|-damage|p1a: Kyurem|34\/100\n|-damage|p2a: Volcarona|17\/100|[from] item: Life Orb\n|\n|-heal|p1a: Kyurem|40\/100|[from] item: Leftovers\n|upkeep\n|turn|19\n|\n|t:|1699690378\n|move|p1a: Kyurem|Roost|p1a: Kyurem\n|-heal|p1a: Kyurem|90\/100\n|move|p2a: Volcarona|Fiery Dance|p1a: Kyurem\n|-damage|p1a: Kyurem|42\/100\n|-damage|p2a: Volcarona|7\/100|[from] item: Life Orb\n|\n|-heal|p1a: Kyurem|49\/100|[from] item: Leftovers\n|upkeep\n|turn|20\n|\n|t:|1699690386\n|move|p1a: Kyurem|Roost|p1a: Kyurem\n|-heal|p1a: Kyurem|99\/100\n|move|p2a: Volcarona|Fiery Dance|p1a: Kyurem\n|-damage|p1a: Kyurem|47\/100\n|-damage|p2a: Volcarona|0 fnt|[from] item: Life Orb\n|faint|p2a: Volcarona\n|\n|-heal|p1a: Kyurem|54\/100|[from] item: Leftovers\n|upkeep\n|\n|t:|1699690395\n|switch|p2a: Urshifu|Urshifu-Rapid-Strike, F|100\/100\n|turn|21\n|inactive|Joyln has 120 seconds left.\n|\n|t:|1699690406\n|move|p1a: Kyurem|Roost|p1a: Kyurem\n|-heal|p1a: Kyurem|100\/100\n|move|p2a: Urshifu|Surging Strikes|p1a: Kyurem\n|-crit|p1a: Kyurem\n|-damage|p1a: Kyurem|85\/100\n|-crit|p1a: Kyurem\n|-damage|p1a: Kyurem|69\/100\n|-crit|p1a: Kyurem\n|-damage|p1a: Kyurem|54\/100\n|-hitcount|p1a: Kyurem|3\n|\n|-heal|p1a: Kyurem|60\/100|[from] item: Leftovers\n|upkeep\n|turn|22\n|inactive|Joyln has 120 seconds left.\n|\n|t:|1699690429\n|move|p1a: Kyurem|Dragon Dance|p1a: Kyurem\n|-boost|p1a: Kyurem|atk|1\n|-boost|p1a: Kyurem|spe|1\n|move|p2a: Urshifu|Surging Strikes|p1a: Kyurem\n|-crit|p1a: Kyurem\n|-damage|p1a: Kyurem|44\/100\n|-crit|p1a: Kyurem\n|-damage|p1a: Kyurem|29\/100\n|-crit|p1a: Kyurem\n|-damage|p1a: Kyurem|12\/100\n|-hitcount|p1a: Kyurem|3\n|\n|-heal|p1a: Kyurem|18\/100|[from] item: Leftovers\n|upkeep\n|turn|23\n|inactive|Joyln has 120 seconds left.\n|\n|t:|1699690437\n|move|p1a: Kyurem|Roost|p1a: Kyurem\n|-heal|p1a: Kyurem|68\/100\n|move|p2a: Urshifu|Surging Strikes|p1a: Kyurem\n|-crit|p1a: Kyurem\n|-damage|p1a: Kyurem|51\/100\n|-crit|p1a: Kyurem\n|-damage|p1a: Kyurem|34\/100\n|-crit|p1a: Kyurem\n|-damage|p1a: Kyurem|17\/100\n|-hitcount|p1a: Kyurem|3\n|\n|-heal|p1a: Kyurem|23\/100|[from] item: Leftovers\n|upkeep\n|turn|24\n|-message|Joyln forfeited.\n|\n|win|wangye114514\n|raw|wangye114514's rating: 1360 &rarr; <strong>1385<\/strong><br \/>(+25 for winning)\n|raw|Joyln's rating: 1458 &rarr; <strong>1433<\/strong><br \/>(-25 for losing)\n|l|\u2606Joyln\n","uploadtime":1699690443,"views":5,"p1id":"wangye114514","p2id":"joyln","formatid":"gen9nationaldex","rating":1385,"private":0,"password":""}