{"id":"gen9nationaldex-1988029324","p1":"cosbel","p2":"CrispyFigs","format":"[Gen 9] National Dex","log":"|j|\u2606cosbel\n|j|\u2606CrispyFigs\n|t:|1699661005\n|gametype|singles\n|player|p1|cosbel|blackbelt-gen4dp|1282\n|player|p2|CrispyFigs|valerie|1390\n|teamsize|p1|6\n|teamsize|p2|6\n|gen|9\n|tier|[Gen 9] National Dex\n|rated|\n|rule|HP Percentage Mod: HP is shown in percentages\n|rule|Endless Battle Clause: Forcing endless battles is banned\n|rule|OHKO Clause: OHKO moves are banned\n|rule|Evasion Clause: Evasion abilities, items, and moves are banned\n|rule|Evasion Abilities Clause: Evasion abilities are banned\n|rule|Evasion Items Clause: Evasion items are banned\n|rule|Evasion Moves Clause: Evasion moves are banned\n|rule|Species Clause: Limit one of each Pok\u00e9mon\n|rule|Sleep Clause Mod: Limit one foe put to sleep\n|clearpoke\n|poke|p1|Sceptile, M|\n|poke|p1|Alakazam, M|\n|poke|p1|Jolteon, M|\n|poke|p1|Tentacruel, M|\n|poke|p1|Milotic, F|\n|poke|p1|Clefable, F|\n|poke|p2|Lopunny, F|\n|poke|p2|Emolga, F|\n|poke|p2|Milotic, F|\n|poke|p2|Whimsicott, F|\n|poke|p2|Corsola-Galar, F|\n|poke|p2|Tapu Lele|\n|teampreview\n|inactive|Battle timer is ON: inactive players will automatically lose when time's up. (requested by cosbel)\n|\n|t:|1699661030\n|start\n|switch|p1a: Jolteon|Jolteon, M|100\/100\n|switch|p2a: Corsolasexual|Corsola-Galar, F|100\/100\n|turn|1\n|\n|t:|1699661040\n|move|p1a: Jolteon|Thunderbolt|p2a: Corsolasexual\n|-damage|p2a: Corsolasexual|73\/100\n|move|p2a: Corsolasexual|Stealth Rock|p1a: Jolteon\n|-sidestart|p1: cosbel|move: Stealth Rock\n|\n|-status|p1a: Jolteon|brn|[from] item: Flame Orb\n|upkeep\n|turn|2\n|\n|t:|1699661049\n|move|p1a: Jolteon|Volt Switch|p2a: Corsolasexual\n|-damage|p2a: Corsolasexual|52\/100\n|\n|t:|1699661056\n|switch|p1a: Tentacruel|Tentacruel, M|100\/100|[from] Volt Switch\n|-damage|p1a: Tentacruel|88\/100|[from] Stealth Rock\n|move|p2a: Corsolasexual|Strength Sap|p1a: Tentacruel\n|-fail|p1a: Tentacruel|unboost|[from] ability: Clear Body|[of] p1a: Tentacruel\n|-heal|p2a: Corsolasexual|100\/100\n|\n|-heal|p1a: Tentacruel|94\/100|[from] item: Black Sludge\n|upkeep\n|turn|3\n|\n|t:|1699661068\n|switch|p2a: Bisexualga|Emolga, F, shiny|100\/100\n|move|p1a: Tentacruel|Knock Off|p2a: Bisexualga\n|-damage|p2a: Bisexualga|73\/100\n|-enditem|p2a: Bisexualga|Choice Scarf|[from] move: Knock Off|[of] p1a: Tentacruel\n|\n|-heal|p1a: Tentacruel|99\/100|[from] item: Black Sludge\n|upkeep\n|turn|4\n|\n|t:|1699661076\n|move|p2a: Bisexualga|Nuzzle|p1a: Tentacruel\n|-supereffective|p1a: Tentacruel\n|-damage|p1a: Tentacruel|90\/100\n|-status|p1a: Tentacruel|par\n|move|p1a: Tentacruel|Rapid Spin|p2a: Bisexualga\n|-damage|p2a: Bisexualga|59\/100\n|-boost|p1a: Tentacruel|spe|1\n|-sideend|p1: cosbel|Stealth Rock|[from] move: Rapid Spin|[of] p1a: Tentacruel\n|\n|-heal|p1a: Tentacruel|96\/100 par|[from] item: Black Sludge\n|upkeep\n|turn|5\n|\n|t:|1699661095\n|switch|p2a: Tapu Lesbian|Tapu Lele|100\/100\n|-fieldstart|move: Psychic Terrain|[from] ability: Psychic Surge|[of] p2a: Tapu Lesbian\n|move|p1a: Tentacruel|Scald|p2a: Tapu Lesbian\n|-damage|p2a: Tapu Lesbian|75\/100\n|\n|-heal|p1a: Tentacruel|100\/100 par|[from] item: Black Sludge\n|upkeep\n|turn|6\n|\n|t:|1699661108\n|move|p2a: Tapu Lesbian|Psychic|p1a: Tentacruel\n|-supereffective|p1a: Tentacruel\n|-damage|p1a: Tentacruel|0 fnt\n|faint|p1a: Tentacruel\n|\n|upkeep\n|\n|t:|1699661120\n|switch|p1a: Alakazam|Alakazam, M|100\/100\n|turn|7\n|\n|t:|1699661132\n|switch|p2a: Corsolasexual|Corsola-Galar, F|100\/100\n|move|p1a: Alakazam|Shadow Ball|p2a: Corsolasexual\n|-supereffective|p2a: Corsolasexual\n|-damage|p2a: Corsolasexual|53\/100\n|\n|upkeep\n|turn|8\n|\n|t:|1699661140\n|move|p1a: Alakazam|Calm Mind|p1a: Alakazam\n|-boost|p1a: Alakazam|spa|1\n|-boost|p1a: Alakazam|spd|1\n|move|p2a: Corsolasexual|Strength Sap|p1a: Alakazam\n|-unboost|p1a: Alakazam|atk|1\n|-heal|p2a: Corsolasexual|89\/100\n|\n|upkeep\n|turn|9\n|\n|t:|1699661147\n|move|p1a: Alakazam|Shadow Ball|p2a: Corsolasexual\n|-supereffective|p2a: Corsolasexual\n|-damage|p2a: Corsolasexual|13\/100\n|move|p2a: Corsolasexual|Stealth Rock|p1a: Alakazam\n|-sidestart|p1: cosbel|move: Stealth Rock\n|\n|-fieldend|move: Psychic Terrain\n|upkeep\n|turn|10\n|\n|t:|1699661155\n|switch|p2a: Lopally|Lopunny, F|100\/100\n|move|p1a: Alakazam|Psychic|p2a: Lopally\n|-damage|p2a: Lopally|0 fnt\n|faint|p2a: Lopally\n|\n|upkeep\n|\n|t:|1699661167\n|switch|p2a: Miloqueer|Milotic, F, shiny|100\/100\n|turn|11\n|\n|t:|1699661182\n|move|p1a: Alakazam|Psychic|p2a: Miloqueer\n|-damage|p2a: Miloqueer|31\/100\n|move|p2a: Miloqueer|Haze|p2a: Miloqueer\n|-clearallboost\n|\n|-status|p2a: Miloqueer|brn|[from] item: Flame Orb\n|upkeep\n|turn|12\n|\n|t:|1699661192\n|switch|p2a: Tapu Lesbian|Tapu Lele|75\/100\n|-fieldstart|move: Psychic Terrain|[from] ability: Psychic Surge|[of] p2a: Tapu Lesbian\n|move|p1a: Alakazam|Calm Mind|p1a: Alakazam\n|-boost|p1a: Alakazam|spa|1\n|-boost|p1a: Alakazam|spd|1\n|\n|upkeep\n|turn|13\n|\n|t:|1699661199\n|move|p1a: Alakazam|Shadow Ball|p2a: Tapu Lesbian\n|-supereffective|p2a: Tapu Lesbian\n|-damage|p2a: Tapu Lesbian|0 fnt\n|faint|p2a: Tapu Lesbian\n|\n|upkeep\n|-message|CrispyFigs forfeited.\n|\n|win|cosbel\n|raw|cosbel's rating: 1282 &rarr; <strong>1315<\/strong><br \/>(+33 for winning)\n|raw|CrispyFigs's rating: 1390 &rarr; <strong>1364<\/strong><br \/>(-26 for losing)\n|l|\u2606CrispyFigs\n","uploadtime":1699661208,"views":6,"p1id":"cosbel","p2id":"crispyfigs","formatid":"gen9nationaldex","rating":1315,"private":0,"password":""}