{"id":"gen9nationaldex-1997168286","p1":"Narr3sh","p2":"trix_n_trsh","format":"[Gen 9] National Dex","log":"|html|<div class=\"broadcast-blue\"><strong>[Gen 9] National Dex is currently suspecting Sneasler! For information on how to participate check out the <a href=\"https:\/\/www.smogon.com\/forums\/threads\/sv-national-dex-suspect-8-just-dance.3731534\/\">suspect thread<\/a>.<\/strong><\/div>\n|j|\u2606Narr3sh\n|j|\u2606trix_n_trsh\n|t:|1700771497\n|gametype|singles\n|player|p1|Narr3sh|steven|1232\n|player|p2|trix_n_trsh|pokemonbreeder-gen4|1342\n|teamsize|p1|6\n|teamsize|p2|6\n|gen|9\n|tier|[Gen 9] National Dex\n|rated|\n|rule|HP Percentage Mod: HP is shown in percentages\n|rule|Endless Battle Clause: Forcing endless battles is banned\n|rule|OHKO Clause: OHKO moves are banned\n|rule|Evasion Clause: Evasion abilities, items, and moves are banned\n|rule|Evasion Abilities Clause: Evasion abilities are banned\n|rule|Evasion Items Clause: Evasion items are banned\n|rule|Evasion Moves Clause: Evasion moves are banned\n|rule|Species Clause: Limit one of each Pok\u00e9mon\n|rule|Sleep Clause Mod: Limit one foe put to sleep\n|clearpoke\n|poke|p1|Gliscor, F|\n|poke|p1|Volcarona, M|\n|poke|p1|Glimmora, F|\n|poke|p1|Scizor, F|\n|poke|p1|Samurott-Hisui, M|\n|poke|p1|Kartana|\n|poke|p2|Tapu Fini|\n|poke|p2|Sneasler, F|\n|poke|p2|Sandy Shocks|\n|poke|p2|Swoobat, M|\n|poke|p2|Lokix, F|\n|poke|p2|Cryogonal|\n|teampreview\n|inactive|Battle timer is ON: inactive players will automatically lose when time's up. (requested by trix_n_trsh)\n|\n|t:|1700771514\n|start\n|switch|p1a: Glimmora|Glimmora, F, shiny|100\/100\n|switch|p2a: Sandy Shocks|Sandy Shocks|100\/100\n|turn|1\n|\n|t:|1700771522\n|move|p2a: Sandy Shocks|Light Screen|p2a: Sandy Shocks\n|-sidestart|p2: trix_n_trsh|move: Light Screen\n|move|p1a: Glimmora|Stealth Rock|p2a: Sandy Shocks\n|-sidestart|p2: trix_n_trsh|move: Stealth Rock\n|\n|upkeep\n|turn|2\n|\n|t:|1700771526\n|move|p2a: Sandy Shocks|Earth Power|p1a: Glimmora\n|-supereffective|p1a: Glimmora\n|-crit|p1a: Glimmora\n|-enditem|p1a: Glimmora|Focus Sash\n|-damage|p1a: Glimmora|1\/100\n|move|p1a: Glimmora|Mortal Spin|p2a: Sandy Shocks\n|-resisted|p2a: Sandy Shocks\n|-damage|p2a: Sandy Shocks|98\/100\n|-status|p2a: Sandy Shocks|psn\n|\n|-damage|p2a: Sandy Shocks|85\/100 psn|[from] psn\n|upkeep\n|turn|3\n|\n|t:|1700771540\n|switch|p1a: Gliscor|Gliscor, F, shiny|100\/100\n|move|p2a: Sandy Shocks|Discharge|p1a: Gliscor\n|-immune|p1a: Gliscor\n|\n|-damage|p2a: Sandy Shocks|73\/100 psn|[from] psn\n|-status|p1a: Gliscor|tox|[from] item: Toxic Orb\n|upkeep\n|turn|4\n|\n|t:|1700771547\n|move|p2a: Sandy Shocks|Reflect|p2a: Sandy Shocks\n|-sidestart|p2: trix_n_trsh|Reflect\n|move|p1a: Gliscor|Knock Off|p2a: Sandy Shocks\n|-damage|p2a: Sandy Shocks|63\/100 psn\n|-enditem|p2a: Sandy Shocks|Light Clay|[from] move: Knock Off|[of] p1a: Gliscor\n|\n|-damage|p2a: Sandy Shocks|51\/100 psn|[from] psn\n|upkeep\n|turn|5\n|\n|t:|1700771566\n|-end|p2a: Sandy Shocks|Protosynthesis|[silent]\n|switch|p2a: Tapu Fini|Tapu Fini|100\/100\n|-damage|p2a: Tapu Fini|88\/100|[from] Stealth Rock\n|-fieldstart|move: Misty Terrain|[from] ability: Misty Surge|[of] p2a: Tapu Fini\n|move|p1a: Gliscor|Earthquake|p2a: Tapu Fini\n|-damage|p2a: Tapu Fini|73\/100\n|\n|-heal|p2a: Tapu Fini|79\/100|[from] item: Leftovers\n|upkeep\n|turn|6\n|\n|t:|1700771581\n|move|p1a: Gliscor|Toxic|p2a: Tapu Fini\n|-activate|p2a: Tapu Fini|move: Misty Terrain\n|move|p2a: Tapu Fini|Scald|p1a: Gliscor\n|-supereffective|p1a: Gliscor\n|-damage|p1a: Gliscor|51\/100 tox\n|\n|-heal|p2a: Tapu Fini|85\/100|[from] item: Leftovers\n|-heal|p1a: Gliscor|64\/100 tox|[from] ability: Poison Heal\n|upkeep\n|turn|7\n|\n|t:|1700771590\n|switch|p1a: Glimmora|Glimmora, F, shiny|1\/100\n|move|p2a: Tapu Fini|Moonblast|p1a: Glimmora\n|-resisted|p1a: Glimmora\n|-damage|p1a: Glimmora|0 fnt\n|faint|p1a: Glimmora\n|\n|-heal|p2a: Tapu Fini|91\/100|[from] item: Leftovers\n|upkeep\n|\n|t:|1700771594\n|switch|p1a: Scizor|Scizor, F|100\/100\n|turn|8\n|\n|t:|1700771608\n|switch|p2a: Lokix|Lokix, F|100\/100\n|-damage|p2a: Lokix|76\/100|[from] Stealth Rock\n|detailschange|p1a: Scizor|Scizor-Mega, F\n|-mega|p1a: Scizor|Scizor|Scizorite\n|move|p1a: Scizor|Swords Dance|p1a: Scizor\n|-boost|p1a: Scizor|atk|2\n|\n|-sideend|p2: trix_n_trsh|move: Light Screen\n|upkeep\n|turn|9\n|\n|t:|1700771617\n|-terastallize|p2a: Lokix|Bug\n|move|p2a: Lokix|First Impression|p1a: Scizor\n|-resisted|p1a: Scizor\n|-damage|p1a: Scizor|51\/100\n|move|p1a: Scizor|Dual Wingbeat|p2a: Lokix\n|-supereffective|p2a: Lokix\n|-damage|p2a: Lokix|0 fnt\n|faint|p2a: Lokix\n|-hitcount|p2: Lokix|1\n|\n|-fieldend|Misty Terrain\n|upkeep\n|\n|t:|1700771638\n|switch|p2a: Tapu Fini|Tapu Fini|91\/100\n|-damage|p2a: Tapu Fini|79\/100|[from] Stealth Rock\n|-fieldstart|move: Misty Terrain|[from] ability: Misty Surge|[of] p2a: Tapu Fini\n|turn|10\n|\n|t:|1700771643\n|move|p1a: Scizor|Bullet Punch|p2a: Tapu Fini\n|-damage|p2a: Tapu Fini|45\/100\n|move|p2a: Tapu Fini|Scald|p1a: Scizor\n|-damage|p1a: Scizor|18\/100\n|\n|-heal|p2a: Tapu Fini|51\/100|[from] item: Leftovers\n|upkeep\n|turn|11\n|\n|t:|1700771649\n|move|p1a: Scizor|Bullet Punch|p2a: Tapu Fini\n|-damage|p2a: Tapu Fini|16\/100\n|move|p2a: Tapu Fini|Scald|p1a: Scizor\n|-crit|p1a: Scizor\n|-damage|p1a: Scizor|0 fnt\n|faint|p1a: Scizor\n|\n|-heal|p2a: Tapu Fini|23\/100|[from] item: Leftovers\n|-sideend|p2: trix_n_trsh|Reflect\n|upkeep\n|\n|t:|1700771665\n|switch|p1a: Volcarona|Volcarona, M|100\/100\n|turn|12\n|\n|t:|1700771677\n|move|p1a: Volcarona|Giga Drain|p2a: Tapu Fini\n|-supereffective|p2a: Tapu Fini\n|-damage|p2a: Tapu Fini|0 fnt\n|faint|p2a: Tapu Fini\n|\n|upkeep\n|\n|t:|1700771681\n|switch|p2a: Sneasler|Sneasler, F|100\/100\n|-damage|p2a: Sneasler|95\/100|[from] Stealth Rock\n|-enditem|p2a: Sneasler|Misty Seed\n|-boost|p2a: Sneasler|spd|1|[from] item: Misty Seed\n|turn|13\n|\n|t:|1700771693\n|move|p2a: Sneasler|Swords Dance|p2a: Sneasler\n|-boost|p2a: Sneasler|atk|2\n|move|p1a: Volcarona|Quiver Dance|p1a: Volcarona\n|-boost|p1a: Volcarona|spa|1\n|-boost|p1a: Volcarona|spd|1\n|-boost|p1a: Volcarona|spe|1\n|\n|upkeep\n|turn|14\n|\n|t:|1700771702\n|move|p2a: Sneasler|Dire Claw|p1a: Volcarona\n|-damage|p1a: Volcarona|0 fnt\n|faint|p1a: Volcarona\n|\n|-fieldend|Misty Terrain\n|upkeep\n|\n|t:|1700771711\n|switch|p1a: Kartana|Kartana, shiny|100\/100\n|turn|15\n|\n|t:|1700771732\n|move|p2a: Sneasler|Close Combat|p1a: Kartana\n|-supereffective|p1a: Kartana\n|-damage|p1a: Kartana|0 fnt\n|-unboost|p2a: Sneasler|def|1\n|-unboost|p2a: Sneasler|spd|1\n|faint|p1a: Kartana\n|\n|upkeep\n|\n|t:|1700771735\n|switch|p1a: Gliscor|Gliscor, F, shiny|64\/100 tox\n|turn|16\n|\n|t:|1700771744\n|move|p1a: Gliscor|Protect|p1a: Gliscor\n|-singleturn|p1a: Gliscor|Protect\n|move|p2a: Sneasler|Night Slash|p1a: Gliscor\n|-activate|p1a: Gliscor|move: Protect\n|\n|-heal|p1a: Gliscor|76\/100 tox|[from] ability: Poison Heal\n|upkeep\n|turn|17\n|\n|t:|1700771756\n|move|p2a: Sneasler|Night Slash|p1a: Gliscor\n|-damage|p1a: Gliscor|37\/100 tox\n|move|p1a: Gliscor|Earthquake|p2a: Sneasler\n|-supereffective|p2a: Sneasler\n|-damage|p2a: Sneasler|0 fnt\n|faint|p2a: Sneasler\n|\n|-heal|p1a: Gliscor|49\/100 tox|[from] ability: Poison Heal\n|upkeep\n|\n|t:|1700771771\n|switch|p2a: Cryogonal|Cryogonal|100\/100\n|turn|18\n|\n|t:|1700771781\n|-terastallize|p1a: Gliscor|Fairy\n|move|p2a: Cryogonal|Rapid Spin|p1a: Gliscor\n|-damage|p1a: Gliscor|43\/100 tox\n|-boost|p2a: Cryogonal|spe|1\n|-sideend|p2: trix_n_trsh|Stealth Rock|[from] move: Rapid Spin|[of] p2a: Cryogonal\n|move|p1a: Gliscor|Toxic|p2a: Cryogonal\n|-status|p2a: Cryogonal|tox\n|\n|-damage|p2a: Cryogonal|95\/100 tox|[from] psn\n|-heal|p1a: Gliscor|56\/100 tox|[from] ability: Poison Heal\n|upkeep\n|turn|19\n|\n|t:|1700771792\n|move|p1a: Gliscor|Protect|p1a: Gliscor\n|-singleturn|p1a: Gliscor|Protect\n|move|p2a: Cryogonal|Flash Cannon|p1a: Gliscor\n|-activate|p1a: Gliscor|move: Protect\n|\n|-damage|p2a: Cryogonal|83\/100 tox|[from] psn\n|-heal|p1a: Gliscor|68\/100 tox|[from] ability: Poison Heal\n|upkeep\n|turn|20\n|\n|t:|1700771803\n|switch|p1a: Samurott|Samurott-Hisui, M, shiny|100\/100\n|move|p2a: Cryogonal|Flash Cannon|p1a: Samurott\n|-resisted|p1a: Samurott\n|-damage|p1a: Samurott|85\/100\n|\n|-damage|p2a: Cryogonal|65\/100 tox|[from] psn\n|upkeep\n|turn|21\n|\n|t:|1700771809\n|move|p2a: Cryogonal|Freeze-Dry|p1a: Samurott\n|-supereffective|p1a: Samurott\n|-damage|p1a: Samurott|0 fnt\n|faint|p1a: Samurott\n|\n|-damage|p2a: Cryogonal|41\/100 tox|[from] psn\n|upkeep\n|\n|t:|1700771812\n|switch|p1a: Gliscor|Gliscor, F, shiny, tera:Fairy|68\/100 tox\n|turn|22\n|\n|t:|1700771819\n|move|p1a: Gliscor|Protect|p1a: Gliscor\n|-singleturn|p1a: Gliscor|Protect\n|move|p2a: Cryogonal|Flash Cannon|p1a: Gliscor\n|-activate|p1a: Gliscor|move: Protect\n|\n|-damage|p2a: Cryogonal|11\/100 tox|[from] psn\n|-heal|p1a: Gliscor|81\/100 tox|[from] ability: Poison Heal\n|upkeep\n|turn|23\n|\n|t:|1700771837\n|move|p1a: Gliscor|Protect||[still]\n|-fail|p1a: Gliscor\n|move|p2a: Cryogonal|Flash Cannon|p1a: Gliscor\n|-supereffective|p1a: Gliscor\n|-damage|p1a: Gliscor|45\/100 tox\n|\n|-damage|p2a: Cryogonal|0 fnt|[from] psn\n|faint|p2a: Cryogonal\n|-heal|p1a: Gliscor|57\/100 tox|[from] ability: Poison Heal\n|upkeep\n|\n|t:|1700771842\n|switch|p2a: Sandy Shocks|Sandy Shocks|51\/100 psn\n|turn|24\n|\n|t:|1700771868\n|move|p2a: Sandy Shocks|Reflect|p2a: Sandy Shocks\n|-sidestart|p2: trix_n_trsh|Reflect\n|move|p1a: Gliscor|Earthquake|p2a: Sandy Shocks\n|-supereffective|p2a: Sandy Shocks\n|-damage|p2a: Sandy Shocks|20\/100 psn\n|\n|-damage|p2a: Sandy Shocks|7\/100 psn|[from] psn\n|-heal|p1a: Gliscor|70\/100 tox|[from] ability: Poison Heal\n|upkeep\n|turn|25\n|\n|t:|1700771882\n|move|p1a: Gliscor|Protect|p1a: Gliscor\n|-singleturn|p1a: Gliscor|Protect\n|move|p2a: Sandy Shocks|Discharge|p1a: Gliscor\n|-activate|p1a: Gliscor|move: Protect\n|\n|-damage|p2a: Sandy Shocks|0 fnt|[from] psn\n|faint|p2a: Sandy Shocks\n|-end|p2a: Sandy Shocks|Protosynthesis|[silent]\n|-heal|p1a: Gliscor|82\/100 tox|[from] ability: Poison Heal\n|upkeep\n|\n|t:|1700771884\n|switch|p2a: Swoobat|Swoobat, M|100\/100\n|turn|26\n|\n|t:|1700771899\n|move|p2a: Swoobat|Calm Mind|p2a: Swoobat\n|-boost|p2a: Swoobat|spa|2\n|-boost|p2a: Swoobat|spd|2\n|move|p1a: Gliscor|Toxic|p2a: Swoobat\n|-status|p2a: Swoobat|tox\n|\n|-damage|p2a: Swoobat|94\/100 tox|[from] psn\n|-heal|p1a: Gliscor|95\/100 tox|[from] ability: Poison Heal\n|upkeep\n|turn|27\n|\n|t:|1700771908\n|move|p2a: Swoobat|Stored Power|p1a: Gliscor\n|-damage|p1a: Gliscor|28\/100 tox\n|move|p1a: Gliscor|Knock Off|p2a: Swoobat\n|-supereffective|p2a: Swoobat\n|-damage|p2a: Swoobat|54\/100 tox\n|-enditem|p2a: Swoobat|Misty Seed|[from] move: Knock Off|[of] p1a: Gliscor\n|\n|-damage|p2a: Swoobat|42\/100 tox|[from] psn\n|-heal|p1a: Gliscor|40\/100 tox|[from] ability: Poison Heal\n|upkeep\n|turn|28\n|\n|t:|1700771929\n|move|p1a: Gliscor|Protect|p1a: Gliscor\n|-singleturn|p1a: Gliscor|Protect\n|move|p2a: Swoobat|Stored Power|p1a: Gliscor\n|-activate|p1a: Gliscor|move: Protect\n|\n|-damage|p2a: Swoobat|23\/100 tox|[from] psn\n|-heal|p1a: Gliscor|53\/100 tox|[from] ability: Poison Heal\n|-sideend|p2: trix_n_trsh|Reflect\n|upkeep\n|turn|29\n|\n|t:|1700771940\n|move|p2a: Swoobat|Stored Power|p1a: Gliscor\n|-damage|p1a: Gliscor|0 fnt\n|faint|p1a: Gliscor\n|\n|win|trix_n_trsh\n|raw|Narr3sh's rating: 1232 &rarr; <strong>1215<\/strong><br \/>(-17 for losing)\n|raw|trix_n_trsh's rating: 1342 &rarr; <strong>1356<\/strong><br \/>(+14 for winning)\n|l|\u2606Narr3sh\n|c|\u2606trix_n_trsh|gg\n","uploadtime":1700771949,"views":9,"p1id":"narr3sh","p2id":"trixntrsh","formatid":"gen9nationaldex","rating":1215,"private":0,"password":""}