{"id":"gen9nationaldex-1987263031","p1":"The Gr8 Poodini","p2":"Aero333","format":"[Gen 9] National Dex","log":"|j|\u2606The Gr8 Poodini\n|j|\u2606Aero333\n|t:|1699570781\n|gametype|singles\n|player|p1|The Gr8 Poodini|dragontamer|1111\n|player|p2|Aero333|swimmerf-gen4|1238\n|teamsize|p1|6\n|teamsize|p2|6\n|gen|9\n|tier|[Gen 9] National Dex\n|rated|\n|rule|HP Percentage Mod: HP is shown in percentages\n|rule|Endless Battle Clause: Forcing endless battles is banned\n|rule|OHKO Clause: OHKO moves are banned\n|rule|Evasion Clause: Evasion abilities, items, and moves are banned\n|rule|Evasion Abilities Clause: Evasion abilities are banned\n|rule|Evasion Items Clause: Evasion items are banned\n|rule|Evasion Moves Clause: Evasion moves are banned\n|rule|Species Clause: Limit one of each Pok\u00e9mon\n|rule|Sleep Clause Mod: Limit one foe put to sleep\n|clearpoke\n|poke|p1|Raichu-Alola, F|\n|poke|p1|Clodsire, F|\n|poke|p1|Tapu Koko|\n|poke|p1|Arctozolt|\n|poke|p1|Iron Hands|\n|poke|p1|Ninetales-Alola, M|\n|poke|p2|Aerodactyl, F|\n|poke|p2|Heatran, M|\n|poke|p2|Chansey, F|\n|poke|p2|Zapdos|\n|poke|p2|Clodsire, F|\n|poke|p2|Samurott-Hisui, M|\n|teampreview\n|inactive|Battle timer is ON: inactive players will automatically lose when time's up. (requested by Aero333)\n|\n|t:|1699570793\n|start\n|switch|p1a: 9er|Ninetales-Alola, M, shiny|100\/100\n|switch|p2a: \ucc9c\uacf5\uc758\ud328\uc655\ud504\ud14c\ub77c|Aerodactyl, F|100\/100\n|-ability|p2a: \ucc9c\uacf5\uc758\ud328\uc655\ud504\ud14c\ub77c|Unnerve\n|-weather|Snow|[from] ability: Snow Warning|[of] p1a: 9er\n|turn|1\n|c|\u2606The Gr8 Poodini|A muddy buddy of your own <333\n|c|\u2606The Gr8 Poodini|makes me happy to see ppl use clodsire\n|\n|t:|1699570812\n|detailschange|p2a: \ucc9c\uacf5\uc758\ud328\uc655\ud504\ud14c\ub77c|Aerodactyl-Mega, F\n|-mega|p2a: \ucc9c\uacf5\uc758\ud328\uc655\ud504\ud14c\ub77c|Aerodactyl|Aerodactylite\n|move|p2a: \ucc9c\uacf5\uc758\ud328\uc655\ud504\ud14c\ub77c|Stone Edge|p1a: 9er|[miss]\n|-miss|p2a: \ucc9c\uacf5\uc758\ud328\uc655\ud504\ud14c\ub77c|p1a: 9er\n|move|p1a: 9er|Aurora Veil|p1a: 9er\n|-sidestart|p1: The Gr8 Poodini|move: Aurora Veil\n|\n|-weather|Snow|[upkeep]\n|upkeep\n|turn|2\n|c|\u2606Aero333|Ok bro\n|c|\u2606Aero333|Oh no\n|\n|t:|1699570825\n|switch|p2a: \ucd08\u2606\ub7ed\ud0a4|Chansey, F|100\/100\n|switch|p1a: Bluck Buck|Tapu Koko, shiny|100\/100\n|-fieldstart|move: Electric Terrain|[from] ability: Electric Surge|[of] p1a: Bluck Buck\n|\n|-weather|Snow|[upkeep]\n|upkeep\n|turn|3\n|\n|t:|1699570833\n|move|p1a: Bluck Buck|Taunt|p2a: \ucd08\u2606\ub7ed\ud0a4\n|-start|p2a: \ucd08\u2606\ub7ed\ud0a4|move: Taunt\n|cant|p2a: \ucd08\u2606\ub7ed\ud0a4|move: Taunt|Soft-Boiled\n|\n|-weather|Snow|[upkeep]\n|upkeep\n|turn|4\n|\n|t:|1699570840\n|move|p1a: Bluck Buck|Thunder Wave|p2a: \ucd08\u2606\ub7ed\ud0a4\n|-status|p2a: \ucd08\u2606\ub7ed\ud0a4|par\n|move|p2a: \ucd08\u2606\ub7ed\ud0a4|Seismic Toss|p1a: Bluck Buck\n|-damage|p1a: Bluck Buck|71\/100\n|\n|-weather|Snow|[upkeep]\n|upkeep\n|turn|5\n|\n|t:|1699570848\n|move|p1a: Bluck Buck|U-turn|p2a: \ucd08\u2606\ub7ed\ud0a4\n|-damage|p2a: \ucd08\u2606\ub7ed\ud0a4|86\/100 par\n|\n|t:|1699570851\n|switch|p1a: Gritty|Arctozolt, shiny|100\/100|[from] U-turn\n|move|p2a: \ucd08\u2606\ub7ed\ud0a4|Seismic Toss|p1a: Gritty\n|-damage|p1a: Gritty|72\/100\n|\n|-weather|Snow|[upkeep]\n|-end|p2a: \ucd08\u2606\ub7ed\ud0a4|move: Taunt\n|-sideend|p1: The Gr8 Poodini|move: Aurora Veil\n|upkeep\n|turn|6\n|\n|t:|1699570864\n|-curestatus|p2a: \ucd08\u2606\ub7ed\ud0a4|par|[from] ability: Natural Cure\n|switch|p2a: Clodsire|Clodsire, F|100\/100\n|move|p1a: Gritty|Rising Voltage|p2a: Clodsire\n|-immune|p2a: Clodsire\n|\n|-weather|Snow|[upkeep]\n|upkeep\n|turn|7\n|\n|t:|1699570875\n|move|p1a: Gritty|Stomping Tantrum|p2a: Clodsire\n|-supereffective|p2a: Clodsire\n|-crit|p2a: Clodsire\n|-damage|p2a: Clodsire|0 fnt\n|faint|p2a: Clodsire\n|\n|-weather|Snow|[upkeep]\n|upkeep\n|\n|t:|1699570885\n|switch|p2a: Samurott|Samurott-Hisui, M|100\/100\n|turn|8\n|c|\u2606The Gr8 Poodini|poor cloddy\n|\n|t:|1699570899\n|move|p1a: Gritty|Bolt Beak|p2a: Samurott\n|-supereffective|p2a: Samurott\n|-damage|p2a: Samurott|0 fnt\n|faint|p2a: Samurott\n|\n|-weather|none\n|upkeep\n|c|\u2606Aero333|TAT\n|c|\u2606Aero333|I think you won\n|c|\u2606Aero333|Nice play bro\n|c|\u2606Aero333|Gg\n|c|\u2606The Gr8 Poodini|mayhaps idk im still tweakin this team abit\n|c|\u2606The Gr8 Poodini|thanks man!\n|inactive|Aero333 has 120 seconds left.\n|c|\u2606The Gr8 Poodini|ggz\n|-message|Aero333 forfeited.\n|\n|win|The Gr8 Poodini\n|raw|The Gr8 Poodini's rating: 1111 &rarr; <strong>1145<\/strong><br \/>(+34 for winning)\n|raw|Aero333's rating: 1238 &rarr; <strong>1204<\/strong><br \/>(-34 for losing)\n|l|\u2606Aero333\n","uploadtime":1699570942,"views":19,"p1id":"thegr8poodini","p2id":"aero333","formatid":"gen9nationaldex","rating":1145,"private":0,"password":""}