{"id":"gen9nationaldex-1997440957","p1":"Archd3","p2":"TuanAnhDzXD","format":"[Gen 9] National Dex","log":"|html|<div class=\"broadcast-blue\"><strong>[Gen 9] National Dex is currently suspecting Sneasler! For information on how to participate check out the <a href=\"https:\/\/www.smogon.com\/forums\/threads\/sv-national-dex-suspect-8-just-dance.3731534\/\">suspect thread<\/a>.<\/strong><\/div>\n|j|\u2606Archd3\n|j|\u2606TuanAnhDzXD\n|t:|1700805680\n|gametype|singles\n|player|p1|Archd3|gambler|\n|player|p2|TuanAnhDzXD|266|\n|teamsize|p1|6\n|teamsize|p2|6\n|gen|9\n|tier|[Gen 9] National Dex\n|rule|HP Percentage Mod: HP is shown in percentages\n|rule|Endless Battle Clause: Forcing endless battles is banned\n|rule|OHKO Clause: OHKO moves are banned\n|rule|Evasion Clause: Evasion abilities, items, and moves are banned\n|rule|Evasion Abilities Clause: Evasion abilities are banned\n|rule|Evasion Items Clause: Evasion items are banned\n|rule|Evasion Moves Clause: Evasion moves are banned\n|rule|Species Clause: Limit one of each Pok\u00e9mon\n|rule|Sleep Clause Mod: Limit one foe put to sleep\n|clearpoke\n|poke|p1|Xatu, M|\n|poke|p1|Mawile, F|\n|poke|p1|Gastrodon-East, M|\n|poke|p1|Nihilego|\n|poke|p1|Golisopod, M|\n|poke|p1|Noivern, F|\n|poke|p2|Weavile, F|\n|poke|p2|Gengar, M|\n|poke|p2|Talonflame, F|\n|poke|p2|Lopunny, F|\n|poke|p2|Gliscor, F|\n|poke|p2|Serperior, F|\n|teampreview\n|c|\u2606TuanAnhDzXD|oh\n|c|\u2606TuanAnhDzXD|that new team\n|c|\u2606Archd3|wanna fight the old one again?\n|c|\u2606TuanAnhDzXD|oh i like the new\n|c|\u2606Archd3|ayy\n|\n|t:|1700805731\n|start\n|switch|p1a: Glaukins|Gastrodon-East, M|100\/100\n|switch|p2a: Lopunny|Lopunny, F|100\/100\n|turn|1\n|\n|t:|1700805740\n|detailschange|p2a: Lopunny|Lopunny-Mega, F\n|-mega|p2a: Lopunny|Lopunny|Lopunnite\n|move|p2a: Lopunny|Fake Out|p1a: Glaukins\n|-damage|p1a: Glaukins|76\/100\n|-damage|p2a: Lopunny|84\/100|[from] item: Rocky Helmet|[of] p1a: Glaukins\n|cant|p1a: Glaukins|flinch\n|\n|upkeep\n|turn|2\n|c|\u2606TuanAnhDzXD|ohh\n|\n|t:|1700805754\n|switch|p2a: Gengar|Gengar, M|100\/100\n|switch|p1a: Ya Boi|Golisopod, M|100\/100\n|\n|upkeep\n|turn|3\n|\n|t:|1700805770\n|move|p2a: Gengar|Will-O-Wisp|p1a: Ya Boi\n|-status|p1a: Ya Boi|brn\n|move|p1a: Ya Boi|Poison Jab|p2a: Gengar\n|-resisted|p2a: Gengar\n|-damage|p2a: Gengar|93\/100\n|\n|-heal|p2a: Gengar|99\/100|[from] item: Leftovers\n|-damage|p1a: Ya Boi|94\/100 brn|[from] brn\n|upkeep\n|turn|4\n|c|\u2606Archd3|damn, I made a gamble\n|c|\u2606TuanAnhDzXD|i like this gengar set\n|c|\u2606Archd3|I'm excited to see it\n|c|\u2606TuanAnhDzXD|yep now show time\n|\n|t:|1700805806\n|move|p1a: Ya Boi|Aqua Jet|p2a: Gengar\n|-damage|p2a: Gengar|77\/100\n|-start|p1a: Ya Boi|Disable|Aqua Jet|[from] ability: Cursed Body|[of] p2a: Gengar\n|move|p2a: Gengar|Substitute|p2a: Gengar\n|-start|p2a: Gengar|Substitute\n|-damage|p2a: Gengar|52\/100\n|\n|-heal|p2a: Gengar|58\/100|[from] item: Leftovers\n|-damage|p1a: Ya Boi|88\/100 brn|[from] brn\n|upkeep\n|turn|5\n|c|\u2606Archd3|I'm no longer excited lmao\n|\n|t:|1700805828\n|move|p2a: Gengar|Hex|p1a: Ya Boi\n|-damage|p1a: Ya Boi|12\/100 brn\n|-enditem|p1a: Ya Boi|Sitrus Berry|[eat]\n|-heal|p1a: Ya Boi|37\/100 brn|[from] item: Sitrus Berry\n|-activate|p1a: Ya Boi|ability: Emergency Exit\n|c|\u2606TuanAnhDzXD|lmao\n|\n|t:|1700805837\n|switch|p1a: Rathian|Noivern, F, shiny|100\/100\n|\n|-heal|p2a: Gengar|64\/100|[from] item: Leftovers\n|upkeep\n|turn|6\n|c|\u2606TuanAnhDzXD|this noivern guy atk maybe :)\n|\n|t:|1700805879\n|move|p1a: Rathian|Hurricane|p2a: Gengar|[miss]\n|-miss|p1a: Rathian|p2a: Gengar\n|move|p2a: Gengar|Hex|p1a: Rathian\n|-damage|p1a: Rathian|55\/100\n|\n|-heal|p2a: Gengar|71\/100|[from] item: Leftovers\n|upkeep\n|turn|7\n|c|\u2606Archd3|oof\n|c|\u2606TuanAnhDzXD|no that spatk:D\n|\n|t:|1700805899\n|move|p1a: Rathian|Defog|p2a: Gengar\n|-unboost|p2a: Gengar|evasion|1\n|move|p2a: Gengar|Hex|p1a: Rathian\n|-damage|p1a: Rathian|8\/100\n|-enditem|p1a: Rathian|Aguav Berry|[eat]\n|-heal|p1a: Rathian|41\/100|[from] item: Aguav Berry\n|\n|-heal|p2a: Gengar|77\/100|[from] item: Leftovers\n|upkeep\n|turn|8\n|\n|t:|1700805908\n|move|p1a: Rathian|Hurricane|p2a: Gengar\n|-damage|p2a: Gengar|0 fnt\n|faint|p2a: Gengar\n|\n|upkeep\n|c|\u2606Archd3|bonk\n|c|\u2606TuanAnhDzXD|oh\n|c|\u2606TuanAnhDzXD|infiltrator\n|c|\u2606Archd3|mhm\n|c|\u2606TuanAnhDzXD|close lol :)\n|\n|t:|1700805938\n|switch|p2a: Weavile|Weavile, F|100\/100\n|-ability|p2a: Weavile|Pressure\n|turn|9\n|c|\u2606Archd3|my only hope\n|\n|t:|1700805949\n|switch|p1a: Ya Boi|Golisopod, M|37\/100 brn\n|move|p2a: Weavile|Swords Dance|p2a: Weavile\n|-boost|p2a: Weavile|atk|2\n|\n|-damage|p1a: Ya Boi|30\/100 brn|[from] brn\n|upkeep\n|turn|10\n|c|\u2606Archd3|dang, read like a book\n|\n|t:|1700805962\n|switch|p2a: Gliscor|Gliscor, F|100\/100\n|move|p1a: Ya Boi|Aqua Jet|p2a: Gliscor\n|-supereffective|p2a: Gliscor\n|-damage|p2a: Gliscor|86\/100\n|\n|-damage|p1a: Ya Boi|24\/100 brn|[from] brn\n|-status|p2a: Gliscor|tox|[from] item: Toxic Orb\n|upkeep\n|turn|11\n|c|\u2606TuanAnhDzXD|i am so scard of first im press lol\n|\n|t:|1700805977\n|move|p2a: Gliscor|Stealth Rock|p1a: Ya Boi\n|-sidestart|p1: Archd3|move: Stealth Rock\n|move|p1a: Ya Boi|Leech Life|p2a: Gliscor\n|-resisted|p2a: Gliscor\n|-damage|p2a: Gliscor|79\/100 tox\n|-heal|p1a: Ya Boi|28\/100 brn|[from] drain|[of] p2a: Gliscor\n|\n|-heal|p2a: Gliscor|91\/100 tox|[from] ability: Poison Heal\n|-damage|p1a: Ya Boi|21\/100 brn|[from] brn\n|upkeep\n|turn|12\n|c|\u2606Archd3|hehe\n|c|\u2606Archd3|not on this set, unfort\n|\n|t:|1700805993\n|move|p1a: Ya Boi|Aqua Jet|p2a: Gliscor\n|-supereffective|p2a: Gliscor\n|-damage|p2a: Gliscor|78\/100 tox\n|move|p2a: Gliscor|Swords Dance|p2a: Gliscor\n|-boost|p2a: Gliscor|atk|2\n|\n|-heal|p2a: Gliscor|90\/100 tox|[from] ability: Poison Heal\n|-damage|p1a: Ya Boi|15\/100 brn|[from] brn\n|upkeep\n|turn|13\n|\n|t:|1700806008\n|move|p1a: Ya Boi|Aqua Jet|p2a: Gliscor\n|-supereffective|p2a: Gliscor\n|-damage|p2a: Gliscor|77\/100 tox\n|move|p2a: Gliscor|Swords Dance|p2a: Gliscor\n|-boost|p2a: Gliscor|atk|2\n|\n|-heal|p2a: Gliscor|90\/100 tox|[from] ability: Poison Heal\n|-damage|p1a: Ya Boi|9\/100 brn|[from] brn\n|upkeep\n|turn|14\n|\n|t:|1700806018\n|switch|p1a: Glaukins|Gastrodon-East, M|76\/100\n|-damage|p1a: Glaukins|70\/100|[from] Stealth Rock\n|move|p2a: Gliscor|Swords Dance|p2a: Gliscor\n|-boost|p2a: Gliscor|atk|2\n|\n|-heal|p2a: Gliscor|100\/100 tox|[from] ability: Poison Heal\n|upkeep\n|turn|15\n|c|\u2606TuanAnhDzXD|maybe go x4 :)\n|\n|t:|1700806026\n|move|p2a: Gliscor|Facade|p1a: Glaukins\n|-damage|p1a: Glaukins|0 fnt\n|-damage|p2a: Gliscor|84\/100 tox|[from] item: Rocky Helmet|[of] p1a: Glaukins\n|faint|p1a: Glaukins\n|\n|-heal|p2a: Gliscor|96\/100 tox|[from] ability: Poison Heal\n|upkeep\n|c|\u2606Archd3|gg it seems\n|\n|t:|1700806038\n|switch|p1a: Rathian|Noivern, F, shiny|41\/100\n|-damage|p1a: Rathian|16\/100|[from] Stealth Rock\n|turn|16\n|c|\u2606TuanAnhDzXD|hurricane maybe hit man\n|\n|t:|1700806060\n|move|p1a: Rathian|Defog|p2a: Gliscor\n|-unboost|p2a: Gliscor|evasion|1\n|-sideend|p1: Archd3|Stealth Rock|[from] move: Defog|[of] p1a: Rathian\n|move|p2a: Gliscor|Facade|p1a: Rathian\n|-damage|p1a: Rathian|0 fnt\n|faint|p1a: Rathian\n|\n|-heal|p2a: Gliscor|100\/100 tox|[from] ability: Poison Heal\n|upkeep\n|\n|t:|1700806072\n|switch|p1a: Xatwo|Xatu, M|100\/100\n|turn|17\n|\n|t:|1700806078\n|move|p1a: Xatwo|Tailwind|p1a: Xatwo\n|-sidestart|p1: Archd3|move: Tailwind\n|move|p2a: Gliscor|Facade|p1a: Xatwo\n|-enditem|p1a: Xatwo|Focus Sash\n|-damage|p1a: Xatwo|1\/100\n|\n|upkeep\n|turn|18\n|\n|t:|1700806086\n|move|p1a: Xatwo|Air Slash|p2a: Gliscor\n|-crit|p2a: Gliscor\n|-damage|p2a: Gliscor|42\/100 tox\n|move|p2a: Gliscor|Stealth Rock|p1a: Xatwo\n|move|p1a: Xatwo|Stealth Rock|p2a: Gliscor|[from]ability: Magic Bounce\n|-sidestart|p2: TuanAnhDzXD|move: Stealth Rock\n|\n|-heal|p2a: Gliscor|54\/100 tox|[from] ability: Poison Heal\n|upkeep\n|turn|19\n|c|\u2606TuanAnhDzXD|oh no\n|c|\u2606TuanAnhDzXD|miss click\n|c|\u2606TuanAnhDzXD|lol\n|\n|t:|1700806100\n|move|p1a: Xatwo|Air Slash|p2a: Gliscor\n|-damage|p2a: Gliscor|15\/100 tox\n|move|p2a: Gliscor|Facade|p1a: Xatwo\n|-damage|p1a: Xatwo|0 fnt\n|faint|p1a: Xatwo\n|\n|-heal|p2a: Gliscor|27\/100 tox|[from] ability: Poison Heal\n|upkeep\n|c|\u2606Archd3|ah, dang\n|\n|t:|1700806111\n|switch|p1a: Mercury|Nihilego|100\/100\n|-item|p1a: Mercury|Air Balloon\n|turn|20\n|\n|t:|1700806122\n|move|p1a: Mercury|Power Gem|p2a: Gliscor\n|-damage|p2a: Gliscor|0 fnt\n|faint|p2a: Gliscor\n|-ability|p1a: Mercury|Beast Boost|boost\n|-boost|p1a: Mercury|spa|1\n|\n|-sideend|p1: Archd3|move: Tailwind\n|upkeep\n|\n|t:|1700806126\n|switch|p2a: Serperior|Serperior, F|100\/100\n|-damage|p2a: Serperior|88\/100|[from] Stealth Rock\n|turn|21\n|c|\u2606Archd3|if this is what i think it is...\n|\n|t:|1700806149\n|move|p2a: Serperior|Leaf Storm|p1a: Mercury\n|-damage|p1a: Mercury|61\/100\n|-boost|p2a: Serperior|spa|2\n|-enditem|p1a: Mercury|Air Balloon\n|move|p1a: Mercury|Toxic Spikes|p2a: Serperior\n|-sidestart|p2: TuanAnhDzXD|move: Toxic Spikes\n|\n|upkeep\n|turn|22\n|c|\u2606Archd3|it is\n|\n|t:|1700806158\n|move|p2a: Serperior|Leech Seed|p1a: Mercury\n|-start|p1a: Mercury|move: Leech Seed\n|move|p1a: Mercury|Toxic Spikes|p2a: Serperior\n|-sidestart|p2: TuanAnhDzXD|move: Toxic Spikes\n|\n|-damage|p1a: Mercury|49\/100|[from] Leech Seed|[of] p2a: Serperior\n|-heal|p2a: Serperior|100\/100|[silent]\n|upkeep\n|turn|23\n|c|\u2606TuanAnhDzXD|bro what :V\n|\n|t:|1700806169\n|move|p2a: Serperior|Leaf Storm|p1a: Mercury\n|-damage|p1a: Mercury|0 fnt\n|-boost|p2a: Serperior|spa|2\n|faint|p1a: Mercury\n|\n|upkeep\n|\n|t:|1700806176\n|switch|p1a: Love Love Deluxe|Mawile, F|100\/100\n|-ability|p1a: Love Love Deluxe|Intimidate|boost\n|-boost|p2a: Serperior|atk|1\n|turn|24\n|\n|t:|1700806187\n|detailschange|p1a: Love Love Deluxe|Mawile-Mega, F\n|-mega|p1a: Love Love Deluxe|Mawile|Mawilite\n|move|p2a: Serperior|Glare|p1a: Love Love Deluxe\n|-status|p1a: Love Love Deluxe|par\n|move|p1a: Love Love Deluxe|Knock Off|p2a: Serperior\n|-damage|p2a: Serperior|29\/100\n|-enditem|p2a: Serperior|Miracle Seed|[from] move: Knock Off|[of] p1a: Love Love Deluxe\n|\n|upkeep\n|turn|25\n|\n|t:|1700806197\n|move|p2a: Serperior|Leech Seed|p1a: Love Love Deluxe|[miss]\n|-miss|p2a: Serperior|p1a: Love Love Deluxe\n|move|p1a: Love Love Deluxe|Iron Head|p2a: Serperior\n|-damage|p2a: Serperior|0 fnt\n|faint|p2a: Serperior\n|\n|upkeep\n|\n|t:|1700806206\n|switch|p2a: Lopunny|Lopunny-Mega, F|84\/100\n|-damage|p2a: Lopunny|78\/100|[from] Stealth Rock\n|-status|p2a: Lopunny|tox\n|turn|26\n|c|\u2606Archd3|this miss was bag, damn\n|c|\u2606Archd3|*big\n|c|\u2606TuanAnhDzXD|yes that unfort lol\\\n|\n|t:|1700806225\n|move|p2a: Lopunny|Fake Out|p1a: Love Love Deluxe\n|-resisted|p1a: Love Love Deluxe\n|-damage|p1a: Love Love Deluxe|90\/100 par\n|cant|p1a: Love Love Deluxe|flinch\n|\n|-damage|p2a: Lopunny|72\/100 tox|[from] psn\n|upkeep\n|turn|27\n|\n|t:|1700806231\n|move|p2a: Lopunny|Close Combat|p1a: Love Love Deluxe\n|-damage|p1a: Love Love Deluxe|28\/100 par\n|-unboost|p2a: Lopunny|def|1\n|-unboost|p2a: Lopunny|spd|1\n|move|p1a: Love Love Deluxe|Iron Head|p2a: Lopunny\n|-damage|p2a: Lopunny|0 fnt\n|faint|p2a: Lopunny\n|\n|upkeep\n|\n|t:|1700806236\n|switch|p2a: Weavile|Weavile, F|100\/100\n|-ability|p2a: Weavile|Pressure\n|turn|28\n|\n|t:|1700806244\n|switch|p1a: Ya Boi|Golisopod, M|9\/100 brn\n|-terastallize|p2a: Weavile|Ghost\n|move|p2a: Weavile|Triple Axel|p1a: Ya Boi\n|-resisted|p1a: Ya Boi\n|-damage|p1a: Ya Boi|6\/100 brn\n|-resisted|p1a: Ya Boi\n|-damage|p1a: Ya Boi|0 fnt\n|faint|p1a: Ya Boi\n|-hitcount|p1: Ya Boi|2\n|\n|upkeep\n|c|\u2606TuanAnhDzXD|bruh\n|\n|t:|1700806254\n|switch|p1a: Love Love Deluxe|Mawile-Mega, F|28\/100 par\n|turn|29\n|\n|t:|1700806260\n|move|p2a: Weavile|Triple Axel|p1a: Love Love Deluxe\n|-resisted|p1a: Love Love Deluxe\n|-damage|p1a: Love Love Deluxe|24\/100 par\n|-resisted|p1a: Love Love Deluxe\n|-damage|p1a: Love Love Deluxe|14\/100 par\n|-resisted|p1a: Love Love Deluxe\n|-damage|p1a: Love Love Deluxe|0 fnt\n|faint|p1a: Love Love Deluxe\n|-hitcount|p1: Love Love Deluxe|3\n|\n|win|TuanAnhDzXD\n|c|\u2606TuanAnhDzXD|it hit\n|c|\u2606Archd3|oof\n|c|\u2606Archd3|gg\n|c|\u2606TuanAnhDzXD|gg\n|c|\u2606TuanAnhDzXD|nice play man :))\n|c|\u2606TuanAnhDzXD|good luck\n|l|\u2606TuanAnhDzXD\n|c|\u2606Archd3|you too, scary sets\n","uploadtime":1700806293,"views":3,"p1id":"archd3","p2id":"tuananhdzxd","formatid":"gen9nationaldex","rating":0,"private":0,"password":""}