{"id":"gen9nationaldex-1996334420","p1":"qisama","p2":"Quantum Rizzicist","format":"[Gen 9] National Dex","log":"|html|<div class=\"broadcast-blue\"><strong>[Gen 9] National Dex is currently suspecting Sneasler! For information on how to participate check out the <a href=\"https:\/\/www.smogon.com\/forums\/threads\/sv-national-dex-suspect-8-just-dance.3731534\/\">suspect thread<\/a>.<\/strong><\/div>\n|j|\u2606qisama\n|j|\u2606Quantum Rizzicist\n|t:|1700672184\n|gametype|singles\n|player|p1|qisama|winona|1517\n|player|p2|Quantum Rizzicist|blue|1670\n|teamsize|p1|6\n|teamsize|p2|6\n|gen|9\n|tier|[Gen 9] National Dex\n|rated|\n|rule|HP Percentage Mod: HP is shown in percentages\n|rule|Endless Battle Clause: Forcing endless battles is banned\n|rule|OHKO Clause: OHKO moves are banned\n|rule|Evasion Clause: Evasion abilities, items, and moves are banned\n|rule|Evasion Abilities Clause: Evasion abilities are banned\n|rule|Evasion Items Clause: Evasion items are banned\n|rule|Evasion Moves Clause: Evasion moves are banned\n|rule|Species Clause: Limit one of each Pok\u00e9mon\n|rule|Sleep Clause Mod: Limit one foe put to sleep\n|clearpoke\n|poke|p1|Gliscor, M|\n|poke|p1|Alomomola, M|\n|poke|p1|Garganacl, F|\n|poke|p1|Aegislash, F|\n|poke|p1|Scizor, F|\n|poke|p1|Skeledirge, F|\n|poke|p2|Heatran, F|\n|poke|p2|Ninetales-Alola, F|\n|poke|p2|Great Tusk|\n|poke|p2|Ursaluna, M|\n|poke|p2|Latias, F|\n|poke|p2|Kommo-o, M|\n|teampreview\n|inactive|Battle timer is ON: inactive players will automatically lose when time's up. (requested by Quantum Rizzicist)\n|c|\u2606Quantum Rizzicist|gl hf\n|\n|t:|1700672191\n|start\n|switch|p1a: Garganacl|Garganacl, F|100\/100\n|switch|p2a: Heatran|Heatran, F|100\/100\n|turn|1\n|\n|t:|1700672203\n|switch|p1a: Alomomola|Alomomola, M|100\/100\n|move|p2a: Heatran|Taunt|p1a: Alomomola\n|-start|p1a: Alomomola|move: Taunt\n|\n|upkeep\n|turn|2\n|\n|t:|1700672209\n|move|p2a: Heatran|Toxic|p1a: Alomomola\n|-status|p1a: Alomomola|tox\n|move|p1a: Alomomola|Flip Turn|p2a: Heatran\n|-supereffective|p2a: Heatran\n|-damage|p2a: Heatran|72\/100\n|\n|t:|1700672214\n|switch|p1a: Gliscor|Gliscor, M|100\/100|[from] Flip Turn\n|\n|-heal|p2a: Heatran|78\/100|[from] item: Leftovers\n|-status|p1a: Gliscor|tox|[from] item: Toxic Orb\n|upkeep\n|turn|3\n|\n|t:|1700672219\n|switch|p2a: Great Tusk|Great Tusk|100\/100\n|move|p1a: Gliscor|Toxic Spikes|p2a: Great Tusk\n|-sidestart|p2: Quantum Rizzicist|move: Toxic Spikes\n|\n|upkeep\n|turn|4\n|\n|t:|1700672223\n|switch|p1a: Skeledirge|Skeledirge, F|100\/100\n|move|p2a: Great Tusk|Ice Spinner|p1a: Skeledirge\n|-resisted|p1a: Skeledirge\n|-damage|p1a: Skeledirge|90\/100\n|\n|upkeep\n|turn|5\n|\n|t:|1700672228\n|switch|p1a: Alomomola|Alomomola, M|100\/100 tox\n|move|p2a: Great Tusk|Earthquake|p1a: Alomomola\n|-damage|p1a: Alomomola|78\/100 tox\n|\n|-damage|p1a: Alomomola|72\/100 tox|[from] psn\n|upkeep\n|turn|6\n|\n|t:|1700672234\n|move|p2a: Great Tusk|Rapid Spin|p1a: Alomomola\n|-damage|p1a: Alomomola|64\/100 tox\n|-boost|p2a: Great Tusk|spe|1\n|-sideend|p2: Quantum Rizzicist|Toxic Spikes|[from] move: Rapid Spin|[of] p2a: Great Tusk\n|move|p1a: Alomomola|Toxic|p2a: Great Tusk\n|-status|p2a: Great Tusk|tox\n|\n|-damage|p2a: Great Tusk|94\/100 tox|[from] psn\n|-damage|p1a: Alomomola|51\/100 tox|[from] psn\n|upkeep\n|turn|7\n|\n|t:|1700672246\n|-end|p2a: Great Tusk|Protosynthesis|[silent]\n|switch|p2a: Ninetales|Ninetales-Alola, F, shiny|100\/100\n|-weather|Snow|[from] ability: Snow Warning|[of] p2a: Ninetales\n|switch|p1a: Gliscor|Gliscor, M|100\/100 tox\n|\n|-weather|Snow|[upkeep]\n|upkeep\n|turn|8\n|\n|t:|1700672252\n|move|p2a: Ninetales|Freeze-Dry|p1a: Gliscor\n|-supereffective|p1a: Gliscor\n|-damage|p1a: Gliscor|29\/100 tox\n|move|p1a: Gliscor|Toxic Spikes|p2a: Ninetales\n|-sidestart|p2: Quantum Rizzicist|move: Toxic Spikes\n|\n|-weather|Snow|[upkeep]\n|-heal|p1a: Gliscor|41\/100 tox|[from] ability: Poison Heal\n|upkeep\n|turn|9\n|\n|t:|1700672258\n|move|p1a: Gliscor|Protect|p1a: Gliscor\n|-singleturn|p1a: Gliscor|Protect\n|move|p2a: Ninetales|Moonblast|p1a: Gliscor\n|-activate|p1a: Gliscor|move: Protect\n|\n|-weather|Snow|[upkeep]\n|-heal|p1a: Gliscor|54\/100 tox|[from] ability: Poison Heal\n|upkeep\n|turn|10\n|\n|t:|1700672261\n|switch|p1a: Aegislash|Aegislash, F|100\/100\n|move|p2a: Ninetales|Freeze-Dry|p1a: Aegislash\n|-resisted|p1a: Aegislash\n|-damage|p1a: Aegislash|92\/100\n|\n|-weather|Snow|[upkeep]\n|-heal|p1a: Aegislash|98\/100|[from] item: Leftovers\n|upkeep\n|turn|11\n|\n|t:|1700672273\n|switch|p2a: Great Tusk|Great Tusk|94\/100 tox\n|-formechange|p1a: Aegislash|Aegislash-Blade||[from] ability: Stance Change\n|move|p1a: Aegislash|Flash Cannon|p2a: Great Tusk\n|-damage|p2a: Great Tusk|39\/100 tox\n|\n|-weather|none\n|-heal|p2a: Great Tusk|45\/100 tox|[from] item: Leftovers\n|-heal|p1a: Aegislash|100\/100|[from] item: Leftovers\n|-damage|p2a: Great Tusk|39\/100 tox|[from] psn\n|upkeep\n|turn|12\n|\n|t:|1700672278\n|-formechange|p1a: Aegislash|Aegislash||[from] ability: Stance Change\n|move|p1a: Aegislash|King's Shield|p1a: Aegislash\n|-singleturn|p1a: Aegislash|Protect\n|move|p2a: Great Tusk|Earthquake|p1a: Aegislash\n|-activate|p1a: Aegislash|move: Protect\n|\n|-heal|p2a: Great Tusk|45\/100 tox|[from] item: Leftovers\n|-damage|p2a: Great Tusk|33\/100 tox|[from] psn\n|upkeep\n|turn|13\n|\n|t:|1700672304\n|move|p2a: Great Tusk|Ice Spinner|p1a: Aegislash\n|-resisted|p1a: Aegislash\n|-damage|p1a: Aegislash|91\/100\n|-formechange|p1a: Aegislash|Aegislash-Blade||[from] ability: Stance Change\n|move|p1a: Aegislash|Flash Cannon|p2a: Great Tusk\n|-damage|p2a: Great Tusk|0 fnt\n|faint|p2a: Great Tusk\n|-end|p2a: Great Tusk|Protosynthesis|[silent]\n|\n|-heal|p1a: Aegislash|97\/100|[from] item: Leftovers\n|upkeep\n|\n|t:|1700672318\n|switch|p2a: Latias|Latias, F|100\/100\n|turn|14\n|\n|t:|1700672324\n|detailschange|p2a: Latias|Latias-Mega, F\n|-mega|p2a: Latias|Latias|Latiasite\n|move|p2a: Latias|Calm Mind|p2a: Latias\n|-boost|p2a: Latias|spa|1\n|-boost|p2a: Latias|spd|1\n|move|p1a: Aegislash|Shadow Ball|p2a: Latias\n|-supereffective|p2a: Latias\n|-damage|p2a: Latias|64\/100\n|\n|-heal|p1a: Aegislash|100\/100|[from] item: Leftovers\n|upkeep\n|turn|15\n|\n|t:|1700672332\n|switch|p1a: Skeledirge|Skeledirge, F|90\/100\n|move|p2a: Latias|Calm Mind|p2a: Latias\n|-boost|p2a: Latias|spa|1\n|-boost|p2a: Latias|spd|1\n|\n|upkeep\n|turn|16\n|\n|t:|1700672339\n|move|p2a: Latias|Calm Mind|p2a: Latias\n|-boost|p2a: Latias|spa|1\n|-boost|p2a: Latias|spd|1\n|move|p1a: Skeledirge|Will-O-Wisp|p2a: Latias\n|-status|p2a: Latias|brn\n|\n|-damage|p2a: Latias|58\/100 brn|[from] brn\n|upkeep\n|turn|17\n|\n|t:|1700672342\n|move|p2a: Latias|Recover|p2a: Latias\n|-heal|p2a: Latias|100\/100 brn\n|move|p1a: Skeledirge|Hex|p2a: Latias\n|-supereffective|p2a: Latias\n|-damage|p2a: Latias|36\/100 brn\n|\n|-damage|p2a: Latias|30\/100 brn|[from] brn\n|upkeep\n|turn|18\n|\n|t:|1700672347\n|move|p2a: Latias|Stored Power|p1a: Skeledirge\n|-damage|p1a: Skeledirge|31\/100\n|move|p1a: Skeledirge|Hex|p2a: Latias\n|-supereffective|p2a: Latias\n|-damage|p2a: Latias|0 fnt\n|faint|p2a: Latias\n|\n|upkeep\n|\n|t:|1700672364\n|switch|p2a: Heatran|Heatran, F|78\/100\n|turn|19\n|inactive|qisama has 120 seconds left.\n|\n|t:|1700672394\n|switch|p1a: Alomomola|Alomomola, M|85\/100 tox\n|move|p2a: Heatran|Earth Power|p1a: Alomomola\n|-damage|p1a: Alomomola|51\/100 tox\n|\n|-heal|p2a: Heatran|84\/100|[from] item: Leftovers\n|-damage|p1a: Alomomola|45\/100 tox|[from] psn\n|upkeep\n|turn|20\n|\n|t:|1700672401\n|move|p2a: Heatran|Magma Storm|p1a: Alomomola\n|-resisted|p1a: Alomomola\n|-damage|p1a: Alomomola|18\/100 tox\n|-activate|p1a: Alomomola|move: Magma Storm|[of] p2a: Heatran\n|move|p1a: Alomomola|Flip Turn|p2a: Heatran\n|-supereffective|p2a: Heatran\n|-damage|p2a: Heatran|55\/100\n|\n|t:|1700672406\n|switch|p1a: Gliscor|Gliscor, M|54\/100 tox|[from] Flip Turn\n|\n|-heal|p2a: Heatran|61\/100|[from] item: Leftovers\n|-heal|p1a: Gliscor|66\/100 tox|[from] ability: Poison Heal\n|upkeep\n|turn|21\n|\n|t:|1700672429\n|switch|p2a: Kommo-o|Kommo-o, M|100\/100\n|-status|p2a: Kommo-o|psn\n|move|p1a: Gliscor|Toxic Spikes|p2a: Kommo-o\n|-sidestart|p2: Quantum Rizzicist|move: Toxic Spikes\n|\n|-damage|p2a: Kommo-o|88\/100 psn|[from] psn\n|-heal|p1a: Gliscor|79\/100 tox|[from] ability: Poison Heal\n|upkeep\n|turn|22\n|inactive|qisama has 120 seconds left.\n|inactive|Quantum Rizzicist has 120 seconds left.\n|\n|t:|1700672465\n|move|p1a: Gliscor|Protect|p1a: Gliscor\n|-singleturn|p1a: Gliscor|Protect\n|move|p2a: Kommo-o|Clangorous Soul|p2a: Kommo-o\n|-boost|p2a: Kommo-o|atk|1\n|-boost|p2a: Kommo-o|def|1\n|-boost|p2a: Kommo-o|spa|1\n|-boost|p2a: Kommo-o|spd|1\n|-boost|p2a: Kommo-o|spe|1\n|-damage|p2a: Kommo-o|55\/100 psn\n|\n|-damage|p2a: Kommo-o|43\/100 psn|[from] psn\n|-heal|p1a: Gliscor|91\/100 tox|[from] ability: Poison Heal\n|upkeep\n|turn|23\n|\n|t:|1700672475\n|-zpower|p2a: Kommo-o\n|move|p2a: Kommo-o|Clangorous Soulblaze|p1a: Gliscor|[zeffect]\n|-damage|p1a: Gliscor|0 fnt\n|faint|p1a: Gliscor\n|-boost|p2a: Kommo-o|atk|1\n|-boost|p2a: Kommo-o|def|1\n|-boost|p2a: Kommo-o|spa|1\n|-boost|p2a: Kommo-o|spd|1\n|-boost|p2a: Kommo-o|spe|1\n|\n|-damage|p2a: Kommo-o|30\/100 psn|[from] psn\n|upkeep\n|\n|t:|1700672486\n|switch|p1a: Skeledirge|Skeledirge, F|31\/100\n|turn|24\n|\n|t:|1700672488\n|-terastallize|p1a: Skeledirge|Fairy\n|move|p2a: Kommo-o|Clanging Scales|p1a: Skeledirge\n|-immune|p1a: Skeledirge\n|move|p1a: Skeledirge|Slack Off|p1a: Skeledirge\n|-heal|p1a: Skeledirge|81\/100\n|\n|-damage|p2a: Kommo-o|18\/100 psn|[from] psn\n|upkeep\n|turn|25\n|\n|t:|1700672493\n|move|p2a: Kommo-o|Boomburst|p1a: Skeledirge\n|-damage|p1a: Skeledirge|54\/100\n|move|p1a: Skeledirge|Hex|p2a: Kommo-o\n|-damage|p2a: Kommo-o|0 fnt\n|faint|p2a: Kommo-o\n|\n|upkeep\n|\n|t:|1700672509\n|switch|p2a: Ursaluna|Ursaluna, M|100\/100\n|-status|p2a: Ursaluna|tox\n|turn|26\n|inactive|qisama has 120 seconds left.\n|c|\u2606Quantum Rizzicist|free poison for facade bouta go crazy\n|\n|t:|1700672547\n|move|p1a: Skeledirge|Hex|p2a: Ursaluna\n|-immune|p2a: Ursaluna\n|move|p2a: Ursaluna|Earthquake|p1a: Skeledirge\n|-damage|p1a: Skeledirge|0 fnt\n|faint|p1a: Skeledirge\n|\n|-damage|p2a: Ursaluna|94\/100 tox|[from] psn\n|upkeep\n|\n|t:|1700672557\n|switch|p1a: Alomomola|Alomomola, M|51\/100 tox\n|turn|27\n|\n|t:|1700672563\n|move|p1a: Alomomola|Protect|p1a: Alomomola\n|-singleturn|p1a: Alomomola|Protect\n|move|p2a: Ursaluna|Facade|p1a: Alomomola\n|-activate|p1a: Alomomola|move: Protect\n|\n|-damage|p2a: Ursaluna|82\/100 tox|[from] psn\n|-damage|p1a: Alomomola|45\/100 tox|[from] psn\n|upkeep\n|turn|28\n|\n|t:|1700672565\n|switch|p1a: Scizor|Scizor, F|100\/100\n|move|p2a: Ursaluna|Earthquake|p1a: Scizor\n|-crit|p1a: Scizor\n|-damage|p1a: Scizor|0 fnt\n|faint|p1a: Scizor\n|\n|-damage|p2a: Ursaluna|63\/100 tox|[from] psn\n|upkeep\n|\n|t:|1700672571\n|switch|p1a: Aegislash|Aegislash, F|100\/100\n|turn|29\n|\n|t:|1700672577\n|switch|p2a: Heatran|Heatran, F|61\/100\n|move|p1a: Aegislash|Substitute|p1a: Aegislash\n|-start|p1a: Aegislash|Substitute\n|-damage|p1a: Aegislash|75\/100\n|\n|-heal|p1a: Aegislash|82\/100|[from] item: Leftovers\n|-heal|p2a: Heatran|67\/100|[from] item: Leftovers\n|upkeep\n|turn|30\n|\n|t:|1700672586\n|-formechange|p1a: Aegislash|Aegislash-Blade||[from] ability: Stance Change\n|move|p1a: Aegislash|Shadow Ball|p2a: Heatran\n|-damage|p2a: Heatran|42\/100\n|move|p2a: Heatran|Earth Power|p1a: Aegislash\n|-supereffective|p1a: Aegislash\n|-end|p1a: Aegislash|Substitute\n|\n|-heal|p1a: Aegislash|88\/100|[from] item: Leftovers\n|-heal|p2a: Heatran|48\/100|[from] item: Leftovers\n|upkeep\n|turn|31\n|\n|t:|1700672596\n|-formechange|p1a: Aegislash|Aegislash||[from] ability: Stance Change\n|move|p1a: Aegislash|King's Shield|p1a: Aegislash\n|-singleturn|p1a: Aegislash|Protect\n|move|p2a: Heatran|Magma Storm|p1a: Aegislash\n|-activate|p1a: Aegislash|move: Protect\n|\n|-heal|p1a: Aegislash|94\/100|[from] item: Leftovers\n|-heal|p2a: Heatran|54\/100|[from] item: Leftovers\n|upkeep\n|turn|32\n|\n|t:|1700672601\n|switch|p1a: Garganacl|Garganacl, F|100\/100\n|move|p2a: Heatran|Taunt|p1a: Garganacl\n|-start|p1a: Garganacl|move: Taunt\n|\n|-heal|p2a: Heatran|60\/100|[from] item: Leftovers\n|upkeep\n|turn|33\n|\n|t:|1700672606\n|move|p2a: Heatran|Earth Power|p1a: Garganacl\n|-supereffective|p1a: Garganacl\n|-damage|p1a: Garganacl|60\/100\n|-unboost|p1a: Garganacl|spd|1\n|move|p1a: Garganacl|Salt Cure|p2a: Heatran\n|-damage|p2a: Heatran|49\/100\n|-start|p2a: Heatran|Salt Cure\n|\n|-heal|p2a: Heatran|55\/100|[from] item: Leftovers\n|-heal|p1a: Garganacl|66\/100|[from] item: Leftovers\n|-damage|p2a: Heatran|30\/100|[from] Salt Cure\n|upkeep\n|turn|34\n|\n|t:|1700672612\n|switch|p2a: Ursaluna|Ursaluna, M|63\/100 tox\n|move|p1a: Garganacl|Salt Cure|p2a: Ursaluna\n|-resisted|p2a: Ursaluna\n|-crit|p2a: Ursaluna\n|-damage|p2a: Ursaluna|55\/100 tox\n|-start|p2a: Ursaluna|Salt Cure\n|\n|-heal|p1a: Garganacl|72\/100|[from] item: Leftovers\n|-damage|p2a: Ursaluna|49\/100 tox|[from] psn\n|-damage|p2a: Ursaluna|36\/100 tox|[from] Salt Cure\n|-end|p1a: Garganacl|move: Taunt\n|upkeep\n|turn|35\n|\n|t:|1700672617\n|switch|p1a: Alomomola|Alomomola, M|78\/100 tox\n|move|p2a: Ursaluna|Earthquake|p1a: Alomomola\n|-damage|p1a: Alomomola|33\/100 tox\n|\n|-damage|p2a: Ursaluna|24\/100 tox|[from] psn\n|-damage|p1a: Alomomola|27\/100 tox|[from] psn\n|-damage|p2a: Ursaluna|11\/100 tox|[from] Salt Cure\n|upkeep\n|turn|36\n|\n|t:|1700672622\n|switch|p2a: Heatran|Heatran, F|30\/100\n|move|p1a: Alomomola|Protect||[still]\n|-fail|p1a: Alomomola\n|\n|-heal|p2a: Heatran|36\/100|[from] item: Leftovers\n|-damage|p1a: Alomomola|14\/100 tox|[from] psn\n|upkeep\n|turn|37\n|\n|t:|1700672625\n|move|p2a: Heatran|Earth Power|p1a: Alomomola\n|-damage|p1a: Alomomola|0 fnt\n|faint|p1a: Alomomola\n|\n|-heal|p2a: Heatran|42\/100|[from] item: Leftovers\n|upkeep\n|\n|t:|1700672628\n|switch|p1a: Garganacl|Garganacl, F|72\/100\n|turn|38\n|\n|t:|1700672638\n|switch|p2a: Ninetales|Ninetales-Alola, F, shiny|100\/100\n|-status|p2a: Ninetales|tox\n|-weather|Snow|[from] ability: Snow Warning|[of] p2a: Ninetales\n|move|p1a: Garganacl|Salt Cure|p2a: Ninetales\n|-supereffective|p2a: Ninetales\n|-damage|p2a: Ninetales|76\/100 tox\n|-start|p2a: Ninetales|Salt Cure\n|\n|-weather|Snow|[upkeep]\n|-heal|p1a: Garganacl|79\/100|[from] item: Leftovers\n|-damage|p2a: Ninetales|70\/100 tox|[from] psn\n|-damage|p2a: Ninetales|58\/100 tox|[from] Salt Cure\n|upkeep\n|turn|39\n|\n|t:|1700672642\n|move|p2a: Ninetales|Encore|p1a: Garganacl\n|-start|p1a: Garganacl|Encore\n|move|p1a: Garganacl|Salt Cure|p2a: Ninetales\n|-supereffective|p2a: Ninetales\n|-damage|p2a: Ninetales|34\/100 tox\n|\n|-weather|Snow|[upkeep]\n|-heal|p1a: Garganacl|85\/100|[from] item: Leftovers\n|-damage|p2a: Ninetales|22\/100 tox|[from] psn\n|-damage|p2a: Ninetales|10\/100 tox|[from] Salt Cure\n|upkeep\n|turn|40\n|\n|t:|1700672650\n|move|p2a: Ninetales|Moonblast|p1a: Garganacl\n|-damage|p1a: Garganacl|64\/100\n|move|p1a: Garganacl|Salt Cure|p2a: Ninetales\n|-supereffective|p2a: Ninetales\n|-damage|p2a: Ninetales|0 fnt\n|faint|p2a: Ninetales\n|\n|-weather|Snow|[upkeep]\n|-heal|p1a: Garganacl|70\/100|[from] item: Leftovers\n|upkeep\n|\n|t:|1700672656\n|switch|p2a: Ursaluna|Ursaluna, M|11\/100 tox\n|turn|41\n|\n|t:|1700672669\n|switch|p1a: Aegislash|Aegislash, F|94\/100\n|-terastallize|p2a: Ursaluna|Fighting\n|move|p2a: Ursaluna|Drain Punch|p1a: Aegislash\n|-immune|p1a: Aegislash\n|\n|-weather|Snow|[upkeep]\n|-heal|p1a: Aegislash|99\/100|[from] item: Leftovers\n|-damage|p2a: Ursaluna|5\/100 tox|[from] psn\n|upkeep\n|turn|42\n|\n|t:|1700672679\n|switch|p2a: Heatran|Heatran, F|42\/100\n|-formechange|p1a: Aegislash|Aegislash-Blade||[from] ability: Stance Change\n|move|p1a: Aegislash|Shadow Ball|p2a: Heatran\n|-damage|p2a: Heatran|16\/100\n|\n|-weather|none\n|-heal|p1a: Aegislash|100\/100|[from] item: Leftovers\n|-heal|p2a: Heatran|23\/100|[from] item: Leftovers\n|upkeep\n|turn|43\n|c|\u2606qisama|gg\n|\n|t:|1700672695\n|move|p1a: Aegislash|Shadow Ball|p2a: Heatran\n|-damage|p2a: Heatran|0 fnt\n|faint|p2a: Heatran\n|\n|upkeep\n|\n|t:|1700672698\n|switch|p2a: Ursaluna|Ursaluna, M, tera:Fighting|5\/100 tox\n|turn|44\n|\n|t:|1700672701\n|move|p1a: Aegislash|Shadow Ball|p2a: Ursaluna\n|-damage|p2a: Ursaluna|0 fnt\n|faint|p2a: Ursaluna\n|\n|win|qisama\n|raw|qisama's rating: 1517 &rarr; <strong>1545<\/strong><br \/>(+28 for winning)\n|raw|Quantum Rizzicist's rating: 1670 &rarr; <strong>1642<\/strong><br \/>(-28 for losing)\n|l|\u2606Quantum Rizzicist\n","uploadtime":1700672706,"views":1,"p1id":"qisama","p2id":"quantumrizzicist","formatid":"gen9nationaldex","rating":1545,"private":0,"password":""}