{"id":"gen9nationaldex-1989459857","p1":"Player 723456","p2":"Dabaddestyeye","format":"[Gen 9] National Dex","log":"|j|\u2606Player 723456\n|j|\u2606Dabaddestyeye\n|t:|1699853845\n|gametype|singles\n|player|p1|Player 723456|lucas|1111\n|player|p2|Dabaddestyeye|drayden|1054\n|teamsize|p1|6\n|teamsize|p2|6\n|gen|9\n|tier|[Gen 9] National Dex\n|rated|\n|rule|HP Percentage Mod: HP is shown in percentages\n|rule|Endless Battle Clause: Forcing endless battles is banned\n|rule|OHKO Clause: OHKO moves are banned\n|rule|Evasion Clause: Evasion abilities, items, and moves are banned\n|rule|Evasion Abilities Clause: Evasion abilities are banned\n|rule|Evasion Items Clause: Evasion items are banned\n|rule|Evasion Moves Clause: Evasion moves are banned\n|rule|Species Clause: Limit one of each Pok\u00e9mon\n|rule|Sleep Clause Mod: Limit one foe put to sleep\n|clearpoke\n|poke|p1|Kommo-o, M|\n|poke|p1|Feraligatr, F|\n|poke|p1|Incineroar, M|\n|poke|p1|Gyarados, F|\n|poke|p1|Rillaboom, M|\n|poke|p1|Glimmora, F|\n|poke|p2|Scizor, M|\n|poke|p2|Torterra, M|\n|poke|p2|Gengar, F|\n|poke|p2|Dragonite, F|\n|poke|p2|Azumarill, F|\n|poke|p2|Tyranitar, F|\n|teampreview\n|inactive|Battle timer is ON: inactive players will automatically lose when time's up. (requested by Dabaddestyeye)\n|\n|t:|1699853867\n|start\n|switch|p1a: Glimmora|Glimmora, F|100\/100\n|switch|p2a: Scizor|Scizor, M|100\/100\n|turn|1\n|\n|t:|1699853878\n|move|p1a: Glimmora|Stealth Rock|p2a: Scizor\n|-sidestart|p2: Dabaddestyeye|move: Stealth Rock\n|move|p2a: Scizor|Swords Dance|p2a: Scizor\n|-boost|p2a: Scizor|atk|2\n|\n|upkeep\n|turn|2\n|\n|t:|1699853886\n|move|p2a: Scizor|Bullet Punch|p1a: Glimmora\n|-supereffective|p1a: Glimmora\n|-enditem|p1a: Glimmora|Focus Sash\n|-damage|p1a: Glimmora|1\/100\n|-activate|p1a: Glimmora|ability: Toxic Debris\n|-sidestart|p2: Dabaddestyeye|move: Toxic Spikes\n|-damage|p2a: Scizor|91\/100|[from] item: Life Orb\n|move|p1a: Glimmora|Power Gem|p2a: Scizor\n|-damage|p2a: Scizor|40\/100\n|\n|upkeep\n|turn|3\n|\n|t:|1699853897\n|move|p2a: Scizor|Bullet Punch|p1a: Glimmora\n|-supereffective|p1a: Glimmora\n|-damage|p1a: Glimmora|0 fnt\n|-activate|p1a: Glimmora|ability: Toxic Debris\n|-sidestart|p2: Dabaddestyeye|move: Toxic Spikes\n|faint|p1a: Glimmora\n|-damage|p2a: Scizor|30\/100|[from] item: Life Orb\n|\n|upkeep\n|\n|t:|1699853906\n|switch|p1a: Incineroar|Incineroar, M|100\/100\n|-ability|p1a: Incineroar|Intimidate|boost\n|-unboost|p2a: Scizor|atk|1\n|turn|4\n|\n|t:|1699853918\n|move|p1a: Incineroar|Flame Charge|p2a: Scizor\n|-supereffective|p2a: Scizor\n|-damage|p2a: Scizor|0 fnt\n|-boost|p1a: Incineroar|spe|1\n|faint|p2a: Scizor\n|\n|upkeep\n|\n|t:|1699853923\n|switch|p2a: Azumarill|Azumarill, F|100\/100\n|-damage|p2a: Azumarill|88\/100|[from] Stealth Rock\n|-status|p2a: Azumarill|tox\n|turn|5\n|\n|t:|1699853933\n|move|p1a: Incineroar|Bulk Up|p1a: Incineroar\n|-boost|p1a: Incineroar|atk|1\n|-boost|p1a: Incineroar|def|1\n|move|p2a: Azumarill|Play Rough|p1a: Incineroar\n|-damage|p1a: Incineroar|78\/100\n|\n|-damage|p2a: Azumarill|82\/100 tox|[from] psn\n|upkeep\n|turn|6\n|\n|t:|1699853959\n|move|p2a: Azumarill|Aqua Jet|p1a: Incineroar\n|-supereffective|p1a: Incineroar\n|-damage|p1a: Incineroar|57\/100\n|-enditem|p1a: Incineroar|Weakness Policy\n|-boost|p1a: Incineroar|atk|2|[from] item: Weakness Policy\n|-boost|p1a: Incineroar|spa|2|[from] item: Weakness Policy\n|move|p1a: Incineroar|Bulk Up|p1a: Incineroar\n|-boost|p1a: Incineroar|atk|1\n|-boost|p1a: Incineroar|def|1\n|\n|-damage|p2a: Azumarill|70\/100 tox|[from] psn\n|upkeep\n|turn|7\n|\n|t:|1699853972\n|switch|p2a: Dragonite|Dragonite, F|100\/100\n|-damage|p2a: Dragonite|75\/100|[from] Stealth Rock\n|move|p1a: Incineroar|Power Trip|p2a: Dragonite\n|-crit|p2a: Dragonite\n|-damage|p2a: Dragonite|0 fnt\n|faint|p2a: Dragonite\n|\n|upkeep\n|\n|t:|1699853982\n|switch|p2a: Tyranitar|Tyranitar, F|100\/100\n|-damage|p2a: Tyranitar|88\/100|[from] Stealth Rock\n|-status|p2a: Tyranitar|tox\n|-weather|Sandstorm|[from] ability: Sand Stream|[of] p2a: Tyranitar\n|turn|8\n|\n|t:|1699853990\n|-terastallize|p2a: Tyranitar|Ghost\n|move|p1a: Incineroar|Power Trip|p2a: Tyranitar\n|-supereffective|p2a: Tyranitar\n|-damage|p2a: Tyranitar|0 fnt\n|-damage|p1a: Incineroar|41\/100|[from] item: Rocky Helmet|[of] p2a: Tyranitar\n|faint|p2a: Tyranitar\n|\n|-weather|Sandstorm|[upkeep]\n|-damage|p1a: Incineroar|35\/100|[from] Sandstorm\n|upkeep\n|\n|t:|1699854000\n|switch|p2a: Gengar|Gengar, F|100\/100\n|-damage|p2a: Gengar|88\/100|[from] Stealth Rock\n|-item|p2a: Gengar|Air Balloon\n|turn|9\n|\n|t:|1699854018\n|move|p1a: Incineroar|Power Trip|p2a: Gengar\n|-supereffective|p2a: Gengar\n|-crit|p2a: Gengar\n|-damage|p2a: Gengar|0 fnt\n|-enditem|p2a: Gengar|Air Balloon\n|faint|p2a: Gengar\n|\n|-weather|Sandstorm|[upkeep]\n|-damage|p1a: Incineroar|29\/100|[from] Sandstorm\n|upkeep\n|\n|t:|1699854026\n|switch|p2a: Torterra|Torterra, M|100\/100\n|-damage|p2a: Torterra|94\/100|[from] Stealth Rock\n|-status|p2a: Torterra|tox\n|turn|10\n|\n|t:|1699854031\n|move|p1a: Incineroar|Power Trip|p2a: Torterra\n|-damage|p2a: Torterra|0 fnt\n|faint|p2a: Torterra\n|\n|-weather|Sandstorm|[upkeep]\n|-damage|p1a: Incineroar|23\/100|[from] Sandstorm\n|upkeep\n|\n|t:|1699854038\n|switch|p2a: Azumarill|Azumarill, F|70\/100 tox\n|-damage|p2a: Azumarill|58\/100 tox|[from] Stealth Rock\n|turn|11\n|\n|t:|1699854049\n|move|p2a: Azumarill|Aqua Jet|p1a: Incineroar\n|-supereffective|p1a: Incineroar\n|-damage|p1a: Incineroar|9\/100\n|move|p1a: Incineroar|Power Trip|p2a: Azumarill\n|-resisted|p2a: Azumarill\n|-damage|p2a: Azumarill|0 fnt\n|faint|p2a: Azumarill\n|\n|win|Player 723456\n|raw|Player 723456's rating: 1111 &rarr; <strong>1132<\/strong><br \/>(+21 for winning)\n|raw|Dabaddestyeye's rating: 1054 &rarr; <strong>1039<\/strong><br \/>(-15 for losing)\n|l|\u2606Dabaddestyeye\n","uploadtime":1699854063,"views":14,"p1id":"player723456","p2id":"dabaddestyeye","formatid":"gen9nationaldex","rating":1039,"private":0,"password":""}