{"id":"gen9nationaldex-1987498309","p1":"Andrews Finn2","p2":"ChiogoYoji","format":"[Gen 9] National Dex","log":"|j|\u2606Andrews Finn2\n|j|\u2606ChiogoYoji\n|t:|1699601899\n|gametype|singles\n|player|p1|Andrews Finn2|steven|1261\n|player|p2|ChiogoYoji|roxie|1170\n|teamsize|p1|6\n|teamsize|p2|6\n|gen|9\n|tier|[Gen 9] National Dex\n|rated|\n|rule|HP Percentage Mod: HP is shown in percentages\n|rule|Endless Battle Clause: Forcing endless battles is banned\n|rule|OHKO Clause: OHKO moves are banned\n|rule|Evasion Clause: Evasion abilities, items, and moves are banned\n|rule|Evasion Abilities Clause: Evasion abilities are banned\n|rule|Evasion Items Clause: Evasion items are banned\n|rule|Evasion Moves Clause: Evasion moves are banned\n|rule|Species Clause: Limit one of each Pok\u00e9mon\n|rule|Sleep Clause Mod: Limit one foe put to sleep\n|clearpoke\n|poke|p1|Kartana|\n|poke|p1|Volcarona, M|\n|poke|p1|Samurott-Hisui, M|\n|poke|p1|Iron Valiant|\n|poke|p1|Tapu Lele|\n|poke|p1|Landorus-Therian, M|\n|poke|p2|Dracozolt|\n|poke|p2|Decidueye, M|\n|poke|p2|Blaziken, F|\n|poke|p2|Empoleon, M|\n|poke|p2|Fezandipiti, M|\n|poke|p2|Pidgeot, F|\n|teampreview\n|inactive|Battle timer is ON: inactive players will automatically lose when time's up. (requested by ChiogoYoji)\n|\n|t:|1699601910\n|start\n|switch|p1a: Samurott|Samurott-Hisui, M|100\/100\n|switch|p2a: Penguin\u52c7\u58eb|Empoleon, M|100\/100\n|turn|1\n|\n|t:|1699601916\n|move|p1a: Samurott|Sacred Sword|p2a: Penguin\u52c7\u58eb\n|-supereffective|p2a: Penguin\u52c7\u58eb\n|-damage|p2a: Penguin\u52c7\u58eb|30\/100\n|-damage|p1a: Samurott|84\/100|[from] item: Rocky Helmet|[of] p2a: Penguin\u52c7\u58eb\n|move|p2a: Penguin\u52c7\u58eb|Toxic|p1a: Samurott\n|-status|p1a: Samurott|tox\n|\n|-damage|p1a: Samurott|78\/100 tox|[from] psn\n|upkeep\n|turn|2\n|\n|t:|1699601926\n|move|p1a: Samurott|Ceaseless Edge|p2a: Penguin\u52c7\u58eb\n|-damage|p2a: Penguin\u52c7\u58eb|0 fnt\n|-damage|p1a: Samurott|61\/100 tox|[from] item: Rocky Helmet|[of] p2a: Penguin\u52c7\u58eb\n|-sidestart|p2: ChiogoYoji|Spikes\n|faint|p2a: Penguin\u52c7\u58eb\n|\n|-damage|p1a: Samurott|49\/100 tox|[from] psn\n|upkeep\n|\n|t:|1699601935\n|switch|p2a: RR-\u667a\u6167\u6797\u9e2e|Decidueye, M|100\/100\n|-damage|p2a: RR-\u667a\u6167\u6797\u9e2e|88\/100|[from] Spikes\n|turn|3\n|\n|t:|1699601943\n|move|p2a: RR-\u667a\u6167\u6797\u9e2e|Protect|p2a: RR-\u667a\u6167\u6797\u9e2e\n|-singleturn|p2a: RR-\u667a\u6167\u6797\u9e2e|Protect\n|move|p1a: Samurott|Ceaseless Edge|p2a: RR-\u667a\u6167\u6797\u9e2e\n|-activate|p2a: RR-\u667a\u6167\u6797\u9e2e|move: Protect\n|\n|-heal|p2a: RR-\u667a\u6167\u6797\u9e2e|94\/100|[from] item: Leftovers\n|-damage|p1a: Samurott|30\/100 tox|[from] psn\n|upkeep\n|turn|4\n|\n|t:|1699601952\n|move|p2a: RR-\u667a\u6167\u6797\u9e2e|Shadow Sneak|p1a: Samurott\n|-resisted|p1a: Samurott\n|-damage|p1a: Samurott|19\/100 tox\n|move|p1a: Samurott|Ceaseless Edge|p2a: RR-\u667a\u6167\u6797\u9e2e\n|-supereffective|p2a: RR-\u667a\u6167\u6797\u9e2e\n|-damage|p2a: RR-\u667a\u6167\u6797\u9e2e|0 fnt\n|-sidestart|p2: ChiogoYoji|Spikes\n|faint|p2a: RR-\u667a\u6167\u6797\u9e2e\n|\n|-damage|p1a: Samurott|0 fnt|[from] psn\n|faint|p1a: Samurott\n|upkeep\n|\n|t:|1699601963\n|switch|p1a: Landorus|Landorus-Therian, M|100\/100\n|switch|p2a: Pidgeot|Pidgeot, F|100\/100\n|-ability|p1a: Landorus|Intimidate|boost\n|-unboost|p2a: Pidgeot|atk|1\n|turn|5\n|\n|t:|1699601971\n|detailschange|p2a: Pidgeot|Pidgeot-Mega, F\n|-mega|p2a: Pidgeot|Pidgeot|Pidgeotite\n|move|p2a: Pidgeot|Defog|p1a: Landorus\n|-unboost|p1a: Landorus|evasion|1\n|-sideend|p2: ChiogoYoji|Spikes|[from] move: Defog|[of] p2a: Pidgeot\n|move|p1a: Landorus|Stone Edge|p2a: Pidgeot\n|-supereffective|p2a: Pidgeot\n|-damage|p2a: Pidgeot|0 fnt\n|faint|p2a: Pidgeot\n|\n|upkeep\n|\n|t:|1699601979\n|switch|p2a: \u8f49\u751f\u708e\u7378PyroPhoenix|Blaziken, F|100\/100\n|turn|6\n|\n|t:|1699601983\n|move|p2a: \u8f49\u751f\u708e\u7378PyroPhoenix|Protect|p2a: \u8f49\u751f\u708e\u7378PyroPhoenix\n|-singleturn|p2a: \u8f49\u751f\u708e\u7378PyroPhoenix|Protect\n|move|p1a: Landorus|Rock Polish|p1a: Landorus\n|-boost|p1a: Landorus|spe|2\n|\n|-ability|p2a: \u8f49\u751f\u708e\u7378PyroPhoenix|Speed Boost|boost\n|-boost|p2a: \u8f49\u751f\u708e\u7378PyroPhoenix|spe|1\n|upkeep\n|turn|7\n|\n|t:|1699601989\n|move|p1a: Landorus|Earthquake|p2a: \u8f49\u751f\u708e\u7378PyroPhoenix\n|-supereffective|p2a: \u8f49\u751f\u708e\u7378PyroPhoenix\n|-damage|p2a: \u8f49\u751f\u708e\u7378PyroPhoenix|0 fnt\n|faint|p2a: \u8f49\u751f\u708e\u7378PyroPhoenix\n|\n|upkeep\n|-message|ChiogoYoji forfeited.\n|\n|win|Andrews Finn2\n|raw|Andrews Finn2's rating: 1261 &rarr; <strong>1280<\/strong><br \/>(+19 for winning)\n|raw|ChiogoYoji's rating: 1170 &rarr; <strong>1151<\/strong><br \/>(-19 for losing)\n|l|\u2606ChiogoYoji\n|l|\u2606Andrews Finn2\n|j|\u2606Andrews Finn2\n|player|p1|Andrews Finn2|steven\n","uploadtime":1699601997,"views":8,"p1id":"andrewsfinn2","p2id":"chiogoyoji","formatid":"gen9nationaldex","rating":1151,"private":0,"password":""}