{"id":"gen9nationaldex-1992443317","p1":"Antiiks","p2":"Yume__ice idiot","format":"[Gen 9] National Dex","log":"|j|\u2606Antiiks\n|j|\u2606Yume__ice idiot\n|t:|1700188218\n|gametype|singles\n|player|p1|Antiiks|depotagent|1079\n|player|p2|Yume__ice idiot|psychic-gen4|1142\n|teamsize|p1|6\n|teamsize|p2|6\n|gen|9\n|tier|[Gen 9] National Dex\n|rated|\n|rule|HP Percentage Mod: HP is shown in percentages\n|rule|Endless Battle Clause: Forcing endless battles is banned\n|rule|OHKO Clause: OHKO moves are banned\n|rule|Evasion Clause: Evasion abilities, items, and moves are banned\n|rule|Evasion Abilities Clause: Evasion abilities are banned\n|rule|Evasion Items Clause: Evasion items are banned\n|rule|Evasion Moves Clause: Evasion moves are banned\n|rule|Species Clause: Limit one of each Pok\u00e9mon\n|rule|Sleep Clause Mod: Limit one foe put to sleep\n|clearpoke\n|poke|p1|Sableye, F|\n|poke|p1|Salazzle, F|\n|poke|p1|Tornadus-Therian, M|\n|poke|p1|Hatterene, F|\n|poke|p1|Politoed, F|\n|poke|p1|Kleavor, M|\n|poke|p2|Overqwil, M|\n|poke|p2|Electrode-Hisui|\n|poke|p2|Ceruledge, M|\n|poke|p2|Azumarill, M|\n|poke|p2|Grimmsnarl, M|\n|poke|p2|Sneasler, M|\n|teampreview\n|\n|t:|1700188231\n|start\n|switch|p1a: Politoed|Politoed, F|100\/100\n|switch|p2a: ULTRAQUILL|Overqwil, M, shiny|100\/100\n|-ability|p2a: ULTRAQUILL|Intimidate|boost\n|-unboost|p1a: Politoed|atk|1\n|-weather|RainDance|[from] ability: Drizzle|[of] p1a: Politoed\n|turn|1\n|\n|t:|1700188248\n|switch|p1a: Hatterene|Hatterene, F|100\/100\n|move|p2a: ULTRAQUILL|Barb Barrage|p1a: Hatterene\n|-supereffective|p1a: Hatterene\n|-damage|p1a: Hatterene|36\/100\n|-status|p1a: Hatterene|psn\n|\n|-weather|RainDance|[upkeep]\n|-heal|p1a: Hatterene|42\/100 psn|[from] item: Leftovers\n|-damage|p1a: Hatterene|30\/100 psn|[from] psn\n|upkeep\n|turn|2\n|\n|t:|1700188259\n|switch|p2a: The Noid|Grimmsnarl, M, shiny|100\/100\n|move|p1a: Hatterene|Draining Kiss|p2a: The Noid\n|-supereffective|p2a: The Noid\n|-damage|p2a: The Noid|55\/100\n|-heal|p1a: Hatterene|73\/100 psn|[from] drain|[of] p2a: The Noid\n|\n|-weather|RainDance|[upkeep]\n|-heal|p1a: Hatterene|78\/100 psn|[from] item: Leftovers\n|-damage|p1a: Hatterene|66\/100 psn|[from] psn\n|upkeep\n|turn|3\n|\n|t:|1700188272\n|move|p2a: The Noid|Light Screen|p2a: The Noid\n|-sidestart|p2: Yume__ice idiot|move: Light Screen\n|move|p1a: Hatterene|Draining Kiss|p2a: The Noid\n|-supereffective|p2a: The Noid\n|-crit|p2a: The Noid\n|-damage|p2a: The Noid|0 fnt\n|-heal|p1a: Hatterene|100\/100 psn|[from] drain|[of] p2a: The Noid\n|faint|p2a: The Noid\n|\n|-weather|RainDance|[upkeep]\n|-damage|p1a: Hatterene|88\/100 psn|[from] psn\n|upkeep\n|\n|t:|1700188279\n|switch|p2a: Magic 8ball|Electrode-Hisui, shiny|100\/100\n|turn|4\n|\n|t:|1700188286\n|switch|p1a: Sableye|Sableye, F|100\/100\n|move|p2a: Magic 8ball|Volt Switch|p1a: Sableye\n|-damage|p1a: Sableye|49\/100\n|\n|t:|1700188294\n|switch|p2a: ULTRAQUILL|Overqwil, M, shiny|100\/100|[from] Volt Switch\n|-ability|p2a: ULTRAQUILL|Intimidate|boost\n|-unboost|p1a: Sableye|atk|1\n|\n|-weather|RainDance|[upkeep]\n|upkeep\n|turn|5\n|\n|t:|1700188300\n|move|p1a: Sableye|Detect|p1a: Sableye\n|-singleturn|p1a: Sableye|Protect\n|move|p2a: ULTRAQUILL|Scale Shot|p1a: Sableye\n|-activate|p1a: Sableye|move: Protect\n|\n|-weather|RainDance|[upkeep]\n|upkeep\n|turn|6\n|\n|t:|1700188321\n|move|p1a: Sableye|Reflect|p1a: Sableye\n|-sidestart|p1: Antiiks|Reflect\n|move|p2a: ULTRAQUILL|Scale Shot|p1a: Sableye\n|-damage|p1a: Sableye|45\/100\n|-damage|p1a: Sableye|40\/100\n|-damage|p1a: Sableye|36\/100\n|-damage|p1a: Sableye|32\/100\n|-hitcount|p1a: Sableye|4\n|-unboost|p2a: ULTRAQUILL|def|1\n|-boost|p2a: ULTRAQUILL|spe|1\n|\n|-weather|RainDance|[upkeep]\n|upkeep\n|turn|7\n|\n|t:|1700188329\n|move|p1a: Sableye|Recover|p1a: Sableye\n|-heal|p1a: Sableye|82\/100\n|move|p2a: ULTRAQUILL|Swords Dance|p2a: ULTRAQUILL\n|-boost|p2a: ULTRAQUILL|atk|2\n|\n|-weather|RainDance|[upkeep]\n|upkeep\n|turn|8\n|\n|t:|1700188345\n|move|p1a: Sableye|Light Screen|p1a: Sableye\n|-sidestart|p1: Antiiks|move: Light Screen\n|move|p2a: ULTRAQUILL|Scale Shot|p1a: Sableye\n|-damage|p1a: Sableye|74\/100\n|-damage|p1a: Sableye|66\/100\n|-damage|p1a: Sableye|59\/100\n|-damage|p1a: Sableye|50\/100\n|-damage|p1a: Sableye|43\/100\n|-hitcount|p1a: Sableye|5\n|-unboost|p2a: ULTRAQUILL|def|1\n|-boost|p2a: ULTRAQUILL|spe|1\n|\n|-weather|none\n|upkeep\n|turn|9\n|\n|t:|1700188359\n|switch|p1a: Kleavor|Kleavor, M|100\/100\n|-terastallize|p2a: ULTRAQUILL|Dragon\n|move|p2a: ULTRAQUILL|Scale Shot|p1a: Kleavor\n|-damage|p1a: Kleavor|87\/100\n|-damage|p1a: Kleavor|73\/100\n|-damage|p1a: Kleavor|58\/100\n|-damage|p1a: Kleavor|42\/100\n|-damage|p1a: Kleavor|26\/100\n|-hitcount|p1a: Kleavor|5\n|-unboost|p2a: ULTRAQUILL|def|1\n|-boost|p2a: ULTRAQUILL|spe|1\n|\n|upkeep\n|turn|10\n|\n|t:|1700188372\n|move|p2a: ULTRAQUILL|Scale Shot|p1a: Kleavor\n|-damage|p1a: Kleavor|12\/100\n|-crit|p1a: Kleavor\n|-damage|p1a: Kleavor|0 fnt\n|faint|p1a: Kleavor\n|-hitcount|p1: Kleavor|2\n|-unboost|p2a: ULTRAQUILL|def|1\n|-boost|p2a: ULTRAQUILL|spe|1\n|\n|-sideend|p2: Yume__ice idiot|move: Light Screen\n|upkeep\n|\n|t:|1700188384\n|switch|p1a: Politoed|Politoed, F|100\/100\n|-weather|RainDance|[from] ability: Drizzle|[of] p1a: Politoed\n|turn|11\n|\n|t:|1700188391\n|switch|p1a: Tornadus|Tornadus-Therian, M|100\/100\n|move|p2a: ULTRAQUILL|Scale Shot|p1a: Tornadus\n|-damage|p1a: Tornadus|84\/100\n|-damage|p1a: Tornadus|68\/100\n|-damage|p1a: Tornadus|52\/100\n|-damage|p1a: Tornadus|36\/100\n|-enditem|p1a: Tornadus|Sitrus Berry|[eat]\n|-heal|p1a: Tornadus|61\/100|[from] item: Sitrus Berry\n|-hitcount|p1a: Tornadus|4\n|-unboost|p2a: ULTRAQUILL|def|1\n|-boost|p2a: ULTRAQUILL|spe|1\n|\n|-weather|RainDance|[upkeep]\n|upkeep\n|turn|12\n|\n|t:|1700188402\n|move|p2a: ULTRAQUILL|Scale Shot|p1a: Tornadus\n|-damage|p1a: Tornadus|46\/100\n|-damage|p1a: Tornadus|29\/100\n|-damage|p1a: Tornadus|14\/100\n|-crit|p1a: Tornadus\n|-damage|p1a: Tornadus|0 fnt\n|faint|p1a: Tornadus\n|-hitcount|p1: Tornadus|4\n|-unboost|p2a: ULTRAQUILL|def|1\n|-boost|p2a: ULTRAQUILL|spe|1\n|\n|-weather|RainDance|[upkeep]\n|upkeep\n|\n|t:|1700188415\n|switch|p1a: Salazzle|Salazzle, F, shiny|100\/100\n|turn|13\n|\n|t:|1700188418\n|move|p2a: ULTRAQUILL|Scale Shot|p1a: Salazzle\n|-damage|p1a: Salazzle|77\/100\n|-crit|p1a: Salazzle\n|-damage|p1a: Salazzle|11\/100\n|-damage|p1a: Salazzle|0 fnt\n|faint|p1a: Salazzle\n|-hitcount|p1: Salazzle|3\n|\n|-weather|RainDance|[upkeep]\n|-sideend|p1: Antiiks|Reflect\n|upkeep\n|\n|t:|1700188424\n|switch|p1a: Hatterene|Hatterene, F|88\/100 psn\n|turn|14\n|\n|t:|1700188430\n|move|p2a: ULTRAQUILL|Barb Barrage|p1a: Hatterene\n|-supereffective|p1a: Hatterene\n|-damage|p1a: Hatterene|0 fnt\n|faint|p1a: Hatterene\n|\n|-weather|RainDance|[upkeep]\n|upkeep\n|\n|t:|1700188436\n|switch|p1a: Politoed|Politoed, F|100\/100\n|turn|15\n|\n|t:|1700188439\n|move|p2a: ULTRAQUILL|Scale Shot|p1a: Politoed\n|-damage|p1a: Politoed|72\/100\n|-damage|p1a: Politoed|45\/100\n|-damage|p1a: Politoed|20\/100\n|-damage|p1a: Politoed|0 fnt\n|faint|p1a: Politoed\n|-hitcount|p1: Politoed|4\n|\n|-weather|RainDance|[upkeep]\n|-sideend|p1: Antiiks|move: Light Screen\n|upkeep\n|\n|t:|1700188442\n|switch|p1a: Sableye|Sableye, F|43\/100\n|turn|16\n|\n|t:|1700188445\n|move|p1a: Sableye|Recover|p1a: Sableye\n|-heal|p1a: Sableye|93\/100\n|move|p2a: ULTRAQUILL|Swords Dance|p2a: ULTRAQUILL\n|-boost|p2a: ULTRAQUILL|atk|2\n|\n|-weather|RainDance|[upkeep]\n|upkeep\n|turn|17\n|c|\u2606Antiiks|ggs\n|-message|Antiiks forfeited.\n|\n|win|Yume__ice idiot\n|raw|Antiiks's rating: 1079 &rarr; <strong>1061<\/strong><br \/>(-18 for losing)\n|raw|Yume__ice idiot's rating: 1142 &rarr; <strong>1163<\/strong><br \/>(+21 for winning)\n|l|\u2606Antiiks\n","uploadtime":1700188469,"views":22,"p1id":"antiiks","p2id":"yumeiceidiot","formatid":"gen9nationaldex","rating":1061,"private":0,"password":""}