{"id":"gen9nationaldex-1993537572","p1":"830r","p2":"Mr 10k","format":"[Gen 9] National Dex","log":"|j|\u2606830r\n|j|\u2606Mr 10k\n|t:|1700329341\n|gametype|singles\n|player|p1|830r|veteran|1151\n|player|p2|Mr 10k|veteran|1111\n|teamsize|p1|5\n|teamsize|p2|6\n|gen|9\n|tier|[Gen 9] National Dex\n|rated|\n|rule|HP Percentage Mod: HP is shown in percentages\n|rule|Endless Battle Clause: Forcing endless battles is banned\n|rule|OHKO Clause: OHKO moves are banned\n|rule|Evasion Clause: Evasion abilities, items, and moves are banned\n|rule|Evasion Abilities Clause: Evasion abilities are banned\n|rule|Evasion Items Clause: Evasion items are banned\n|rule|Evasion Moves Clause: Evasion moves are banned\n|rule|Species Clause: Limit one of each Pok\u00e9mon\n|rule|Sleep Clause Mod: Limit one foe put to sleep\n|clearpoke\n|poke|p1|Deoxys-Defense|\n|poke|p1|Celesteela|\n|poke|p1|Cursola, F|\n|poke|p1|Toxapex, M|\n|poke|p1|Banette, F|\n|poke|p2|Pelipper, F|\n|poke|p2|Ogerpon-Wellspring, F|\n|poke|p2|Swampert, M|\n|poke|p2|Toxapex, M|\n|poke|p2|Rotom-Wash|\n|poke|p2|Greninja-*, M|\n|teampreview\n|inactive|Battle timer is ON: inactive players will automatically lose when time's up. (requested by Mr 10k)\n|inactive|830r also wants the timer to be on.\n|\n|t:|1700329352\n|start\n|switch|p1a: Toxapex|Toxapex, M, shiny|100\/100\n|switch|p2a: Pelipper|Pelipper, F|100\/100\n|-weather|RainDance|[from] ability: Drizzle|[of] p2a: Pelipper\n|turn|1\n|\n|t:|1700329360\n|move|p2a: Pelipper|Hurricane|p1a: Toxapex\n|-damage|p1a: Toxapex|70\/100\n|move|p1a: Toxapex|Infestation|p2a: Pelipper\n|-resisted|p2a: Pelipper\n|-damage|p2a: Pelipper|98\/100\n|-activate|p2a: Pelipper|move: Infestation|[of] p1a: Toxapex\n|\n|-weather|RainDance|[upkeep]\n|-heal|p1a: Toxapex|76\/100|[from] item: Black Sludge\n|-damage|p2a: Pelipper|85\/100|[from] move: Infestation|[partiallytrapped]\n|upkeep\n|turn|2\n|\n|t:|1700329371\n|move|p2a: Pelipper|Hurricane|p1a: Toxapex\n|-damage|p1a: Toxapex|43\/100\n|move|p1a: Toxapex|Toxic|p2a: Pelipper\n|-status|p2a: Pelipper|tox\n|\n|-weather|RainDance|[upkeep]\n|-heal|p1a: Toxapex|49\/100|[from] item: Black Sludge\n|-damage|p2a: Pelipper|79\/100 tox|[from] psn\n|-damage|p2a: Pelipper|67\/100 tox|[from] move: Infestation|[partiallytrapped]\n|upkeep\n|turn|3\n|\n|t:|1700329380\n|move|p1a: Toxapex|Baneful Bunker|p1a: Toxapex\n|-singleturn|p1a: Toxapex|move: Protect\n|move|p2a: Pelipper|Hurricane|p1a: Toxapex\n|-activate|p1a: Toxapex|move: Protect\n|\n|-weather|RainDance|[upkeep]\n|-heal|p1a: Toxapex|55\/100|[from] item: Black Sludge\n|-damage|p2a: Pelipper|55\/100 tox|[from] psn\n|-damage|p2a: Pelipper|42\/100 tox|[from] move: Infestation|[partiallytrapped]\n|upkeep\n|turn|4\n|\n|t:|1700329387\n|move|p2a: Pelipper|Roost|p2a: Pelipper\n|-heal|p2a: Pelipper|92\/100 tox\n|-singleturn|p2a: Pelipper|move: Roost\n|move|p1a: Toxapex|Recover|p1a: Toxapex\n|-heal|p1a: Toxapex|100\/100\n|\n|-weather|RainDance|[upkeep]\n|-damage|p2a: Pelipper|74\/100 tox|[from] psn\n|-damage|p2a: Pelipper|62\/100 tox|[from] move: Infestation|[partiallytrapped]\n|upkeep\n|turn|5\n|\n|t:|1700329392\n|move|p2a: Pelipper|Hurricane|p1a: Toxapex\n|-damage|p1a: Toxapex|69\/100\n|-start|p1a: Toxapex|confusion\n|-activate|p1a: Toxapex|confusion\n|-damage|p1a: Toxapex|66\/100|[from] confusion\n|\n|-weather|none\n|-heal|p1a: Toxapex|72\/100|[from] item: Black Sludge\n|-damage|p2a: Pelipper|37\/100 tox|[from] psn\n|-damage|p2a: Pelipper|25\/100 tox|[from] move: Infestation|[partiallytrapped]\n|upkeep\n|turn|6\n|\n|t:|1700329409\n|switch|p1a: Celesteela|Celesteela|100\/100\n|move|p2a: Pelipper|Roost|p2a: Pelipper\n|-heal|p2a: Pelipper|75\/100 tox\n|-singleturn|p2a: Pelipper|move: Roost\n|\n|-damage|p2a: Pelipper|44\/100 tox|[from] psn\n|-end|p2a: Pelipper|Infestation|[partiallytrapped]\n|upkeep\n|turn|7\n|\n|t:|1700329417\n|switch|p2a: Rotom|Rotom-Wash|100\/100\n|move|p1a: Celesteela|Leech Seed|p2a: Rotom\n|-start|p2a: Rotom|move: Leech Seed\n|\n|-damage|p2a: Rotom|88\/100|[from] Leech Seed|[of] p1a: Celesteela\n|upkeep\n|turn|8\n|\n|t:|1700329423\n|move|p2a: Rotom|Volt Switch|p1a: Celesteela\n|-supereffective|p1a: Celesteela\n|-damage|p1a: Celesteela|65\/100\n|\n|t:|1700329427\n|switch|p2a: Pelipper|Pelipper, F|44\/100 tox|[from] Volt Switch\n|-weather|RainDance|[from] ability: Drizzle|[of] p2a: Pelipper\n|move|p1a: Celesteela|Substitute|p1a: Celesteela\n|-start|p1a: Celesteela|Substitute\n|-damage|p1a: Celesteela|40\/100\n|\n|-weather|RainDance|[upkeep]\n|-heal|p1a: Celesteela|46\/100|[from] item: Leftovers\n|-damage|p2a: Pelipper|38\/100 tox|[from] psn\n|upkeep\n|turn|9\n|\n|t:|1700329436\n|move|p2a: Pelipper|Hurricane|p1a: Celesteela\n|-resisted|p1a: Celesteela\n|-activate|p1a: Celesteela|move: Substitute|[damage]\n|move|p1a: Celesteela|Leech Seed|p2a: Pelipper\n|-start|p2a: Pelipper|move: Leech Seed\n|\n|-weather|RainDance|[upkeep]\n|-heal|p1a: Celesteela|53\/100|[from] item: Leftovers\n|-damage|p2a: Pelipper|26\/100 tox|[from] Leech Seed|[of] p1a: Celesteela\n|-heal|p1a: Celesteela|61\/100|[silent]\n|-damage|p2a: Pelipper|14\/100 tox|[from] psn\n|upkeep\n|turn|10\n|\n|t:|1700329442\n|move|p2a: Pelipper|Scald|p1a: Celesteela\n|-crit|p1a: Celesteela\n|-end|p1a: Celesteela|Substitute\n|move|p1a: Celesteela|Heavy Slam|p2a: Pelipper\n|-resisted|p2a: Pelipper\n|-damage|p2a: Pelipper|0 fnt\n|faint|p2a: Pelipper\n|-ability|p1a: Celesteela|Beast Boost|boost\n|-boost|p1a: Celesteela|spd|1\n|\n|-weather|RainDance|[upkeep]\n|-heal|p1a: Celesteela|67\/100|[from] item: Leftovers\n|upkeep\n|\n|t:|1700329451\n|switch|p2a: Swampert|Swampert, M|100\/100\n|turn|11\n|\n|t:|1700329461\n|detailschange|p2a: Swampert|Swampert-Mega, M\n|-mega|p2a: Swampert|Swampert|Swampertite\n|move|p2a: Swampert|Waterfall|p1a: Celesteela\n|-damage|p1a: Celesteela|17\/100\n|move|p1a: Celesteela|Substitute|p1a: Celesteela\n|-fail|p1a: Celesteela|move: Substitute|[weak]\n|\n|-weather|RainDance|[upkeep]\n|-heal|p1a: Celesteela|23\/100|[from] item: Leftovers\n|upkeep\n|turn|12\n|\n|t:|1700329472\n|switch|p1a: Toxapex|Toxapex, M, shiny|100\/100\n|move|p2a: Swampert|Waterfall|p1a: Toxapex\n|-resisted|p1a: Toxapex\n|-damage|p1a: Toxapex|77\/100\n|\n|-weather|none\n|-heal|p1a: Toxapex|83\/100|[from] item: Black Sludge\n|upkeep\n|turn|13\n|\n|t:|1700329479\n|switch|p1a: Celesteela|Celesteela|23\/100\n|move|p2a: Swampert|Earthquake|p1a: Celesteela\n|-immune|p1a: Celesteela\n|\n|-heal|p1a: Celesteela|29\/100|[from] item: Leftovers\n|upkeep\n|turn|14\n|\n|t:|1700329486\n|move|p2a: Swampert|Waterfall|p1a: Celesteela\n|-damage|p1a: Celesteela|0 fnt\n|faint|p1a: Celesteela\n|\n|upkeep\n|\n|t:|1700329493\n|switch|p1a: Cursola|Cursola, F, shiny|100\/100\n|turn|15\n|\n|t:|1700329497\n|switch|p2a: Rotom|Rotom-Wash|88\/100\n|-terastallize|p1a: Cursola|Fairy\n|move|p1a: Cursola|Whirlpool|p2a: Rotom\n|-resisted|p2a: Rotom\n|-damage|p2a: Rotom|82\/100\n|-activate|p2a: Rotom|move: Whirlpool|[of] p1a: Cursola\n|\n|-damage|p2a: Rotom|70\/100|[from] move: Whirlpool|[partiallytrapped]\n|upkeep\n|turn|16\n|\n|t:|1700329509\n|switch|p1a: Deoxys|Deoxys-Defense|100\/100\n|-ability|p1a: Deoxys|Pressure\n|move|p2a: Rotom|Volt Switch|p1a: Deoxys\n|-damage|p1a: Deoxys|84\/100\n|\n|t:|1700329517\n|switch|p2a: Greninja|Greninja, M|100\/100|[from] Volt Switch\n|\n|-heal|p1a: Deoxys|91\/100|[from] item: Leftovers\n|upkeep\n|turn|17\n|\n|t:|1700329525\n|switch|p1a: Cursola|Cursola, F, shiny, tera:Fairy|100\/100\n|move|p2a: Greninja|Dark Pulse|p1a: Cursola\n|-resisted|p1a: Cursola\n|-damage|p1a: Cursola|85\/100\n|\n|-heal|p1a: Cursola|91\/100|[from] item: Leftovers\n|upkeep\n|turn|18\n|\n|t:|1700329533\n|switch|p2a: Toxapex|Toxapex, M|100\/100\n|move|p1a: Cursola|Strength Sap|p2a: Toxapex\n|-unboost|p2a: Toxapex|atk|1\n|-heal|p1a: Cursola|100\/100\n|\n|upkeep\n|turn|19\n|\n|t:|1700329543\n|switch|p1a: Toxapex|Toxapex, M, shiny|100\/100\n|move|p2a: Toxapex|Sludge Bomb|p1a: Toxapex\n|-resisted|p1a: Toxapex\n|-damage|p1a: Toxapex|94\/100\n|\n|-heal|p1a: Toxapex|99\/100|[from] item: Black Sludge\n|upkeep\n|turn|20\n|\n|t:|1700329551\n|switch|p2a: Rotom|Rotom-Wash|70\/100\n|move|p1a: Toxapex|Infestation|p2a: Rotom\n|-damage|p2a: Rotom|66\/100\n|-activate|p2a: Rotom|move: Infestation|[of] p1a: Toxapex\n|\n|-heal|p1a: Toxapex|100\/100|[from] item: Black Sludge\n|-damage|p2a: Rotom|54\/100|[from] move: Infestation|[partiallytrapped]\n|upkeep\n|turn|21\n|\n|t:|1700329558\n|move|p2a: Rotom|Thunder|p1a: Toxapex\n|-supereffective|p1a: Toxapex\n|-damage|p1a: Toxapex|47\/100\n|move|p1a: Toxapex|Infestation|p2a: Rotom\n|-damage|p2a: Rotom|50\/100\n|\n|-heal|p1a: Toxapex|53\/100|[from] item: Black Sludge\n|-damage|p2a: Rotom|38\/100|[from] move: Infestation|[partiallytrapped]\n|upkeep\n|turn|22\n|\n|t:|1700329564\n|switch|p1a: Deoxys|Deoxys-Defense|91\/100\n|-ability|p1a: Deoxys|Pressure\n|move|p2a: Rotom|Thunder|p1a: Deoxys\n|-damage|p1a: Deoxys|65\/100\n|\n|-heal|p1a: Deoxys|71\/100|[from] item: Leftovers\n|-end|p2a: Rotom|Infestation|[partiallytrapped]|[silent]\n|upkeep\n|turn|23\n|\n|t:|1700329576\n|switch|p2a: Toxapex|Toxapex, M|100\/100\n|move|p1a: Deoxys|Cosmic Power|p1a: Deoxys\n|-boost|p1a: Deoxys|def|1\n|-boost|p1a: Deoxys|spd|1\n|\n|-heal|p1a: Deoxys|77\/100|[from] item: Leftovers\n|upkeep\n|turn|24\n|\n|t:|1700329599\n|switch|p1a: Toxapex|Toxapex, M, shiny|87\/100\n|move|p2a: Toxapex|Toxic|p1a: Toxapex\n|-immune|p1a: Toxapex\n|\n|-heal|p1a: Toxapex|93\/100|[from] item: Black Sludge\n|upkeep\n|turn|25\n|\n|t:|1700329607\n|move|p2a: Toxapex|Scald|p1a: Toxapex\n|-resisted|p1a: Toxapex\n|-damage|p1a: Toxapex|87\/100\n|move|p1a: Toxapex|Infestation|p2a: Toxapex\n|-resisted|p2a: Toxapex\n|-damage|p2a: Toxapex|99\/100\n|-activate|p2a: Toxapex|move: Infestation|[of] p1a: Toxapex\n|\n|-heal|p1a: Toxapex|93\/100|[from] item: Black Sludge\n|-heal|p2a: Toxapex|100\/100|[from] item: Leftovers\n|-damage|p2a: Toxapex|88\/100|[from] move: Infestation|[partiallytrapped]\n|upkeep\n|turn|26\n|\n|t:|1700329619\n|switch|p1a: Deoxys|Deoxys-Defense|77\/100\n|-ability|p1a: Deoxys|Pressure\n|move|p2a: Toxapex|Scald|p1a: Deoxys\n|-damage|p1a: Deoxys|66\/100\n|\n|-heal|p1a: Deoxys|72\/100|[from] item: Leftovers\n|-heal|p2a: Toxapex|94\/100|[from] item: Leftovers\n|-end|p2a: Toxapex|Infestation|[partiallytrapped]|[silent]\n|upkeep\n|turn|27\n|\n|t:|1700329624\n|switch|p1a: Toxapex|Toxapex, M, shiny|100\/100\n|move|p2a: Toxapex|Toxic|p1a: Toxapex\n|-immune|p1a: Toxapex\n|\n|-heal|p2a: Toxapex|100\/100|[from] item: Leftovers\n|upkeep\n|turn|28\n|\n|t:|1700329629\n|switch|p2a: Greninja|Greninja, M|100\/100\n|move|p1a: Toxapex|Infestation|p2a: Greninja\n|-supereffective|p2a: Greninja\n|-damage|p2a: Greninja|91\/100\n|-activate|p2a: Greninja|move: Infestation|[of] p1a: Toxapex\n|\n|-damage|p2a: Greninja|79\/100|[from] move: Infestation|[partiallytrapped]\n|upkeep\n|turn|29\n|\n|t:|1700329635\n|move|p2a: Greninja|Dark Pulse|p1a: Toxapex\n|-damage|p1a: Toxapex|75\/100\n|move|p1a: Toxapex|Toxic|p2a: Greninja\n|-status|p2a: Greninja|tox\n|\n|-heal|p1a: Toxapex|81\/100|[from] item: Black Sludge\n|-damage|p2a: Greninja|73\/100 tox|[from] psn\n|-damage|p2a: Greninja|61\/100 tox|[from] move: Infestation|[partiallytrapped]\n|upkeep\n|turn|30\n|\n|t:|1700329644\n|move|p2a: Greninja|Dark Pulse|p1a: Toxapex\n|-damage|p1a: Toxapex|55\/100\n|move|p1a: Toxapex|Infestation|p2a: Greninja\n|-supereffective|p2a: Greninja\n|-damage|p2a: Greninja|52\/100 tox\n|\n|-heal|p1a: Toxapex|61\/100|[from] item: Black Sludge\n|-damage|p2a: Greninja|40\/100 tox|[from] psn\n|-damage|p2a: Greninja|28\/100 tox|[from] move: Infestation|[partiallytrapped]\n|upkeep\n|turn|31\n|\n|t:|1700329650\n|move|p2a: Greninja|Dark Pulse|p1a: Toxapex\n|-crit|p1a: Toxapex\n|-damage|p1a: Toxapex|26\/100\n|move|p1a: Toxapex|Recover|p1a: Toxapex\n|-heal|p1a: Toxapex|76\/100\n|\n|-heal|p1a: Toxapex|83\/100|[from] item: Black Sludge\n|-damage|p2a: Greninja|10\/100 tox|[from] psn\n|-damage|p2a: Greninja|0 fnt|[from] move: Infestation|[partiallytrapped]\n|faint|p2a: Greninja\n|upkeep\n|\n|t:|1700329654\n|switch|p2a: Rotom|Rotom-Wash|38\/100\n|turn|32\n|\n|t:|1700329659\n|move|p1a: Toxapex|Baneful Bunker|p1a: Toxapex\n|-singleturn|p1a: Toxapex|move: Protect\n|move|p2a: Rotom|Volt Switch|p1a: Toxapex\n|-activate|p1a: Toxapex|move: Protect\n|\n|-heal|p1a: Toxapex|89\/100|[from] item: Black Sludge\n|upkeep\n|turn|33\n|\n|t:|1700329665\n|move|p2a: Rotom|Volt Switch|p1a: Toxapex\n|-supereffective|p1a: Toxapex\n|-damage|p1a: Toxapex|53\/100\n|\n|t:|1700329671\n|switch|p2a: Ogerpon|Ogerpon-Wellspring, F|100\/100|[from] Volt Switch\n|move|p1a: Toxapex|Infestation|p2a: Ogerpon\n|-supereffective|p2a: Ogerpon\n|-damage|p2a: Ogerpon|93\/100\n|-activate|p2a: Ogerpon|move: Infestation|[of] p1a: Toxapex\n|\n|-heal|p1a: Toxapex|60\/100|[from] item: Black Sludge\n|-damage|p2a: Ogerpon|81\/100|[from] move: Infestation|[partiallytrapped]\n|upkeep\n|turn|34\n|\n|t:|1700329677\n|move|p1a: Toxapex|Baneful Bunker|p1a: Toxapex\n|-singleturn|p1a: Toxapex|move: Protect\n|move|p2a: Ogerpon|Horn Leech|p1a: Toxapex\n|-activate|p1a: Toxapex|move: Protect\n|-status|p2a: Ogerpon|psn\n|\n|-heal|p1a: Toxapex|66\/100|[from] item: Black Sludge\n|-damage|p2a: Ogerpon|69\/100 psn|[from] psn\n|-damage|p2a: Ogerpon|56\/100 psn|[from] move: Infestation|[partiallytrapped]\n|upkeep\n|turn|35\n|\n|t:|1700329684\n|switch|p1a: Deoxys|Deoxys-Defense|72\/100\n|-ability|p1a: Deoxys|Pressure\n|move|p2a: Ogerpon|Horn Leech|p1a: Deoxys\n|-damage|p1a: Deoxys|43\/100\n|-heal|p2a: Ogerpon|71\/100 psn|[from] drain|[of] p1a: Deoxys\n|\n|-heal|p1a: Deoxys|50\/100|[from] item: Leftovers\n|-damage|p2a: Ogerpon|59\/100 psn|[from] psn\n|-end|p2a: Ogerpon|Infestation|[partiallytrapped]|[silent]\n|upkeep\n|turn|36\n|\n|t:|1700329695\n|move|p2a: Ogerpon|Taunt|p1a: Deoxys\n|-start|p1a: Deoxys|move: Taunt\n|cant|p1a: Deoxys|move: Taunt|Cosmic Power\n|\n|-heal|p1a: Deoxys|56\/100|[from] item: Leftovers\n|-damage|p2a: Ogerpon|47\/100 psn|[from] psn\n|upkeep\n|turn|37\n|\n|t:|1700329697\n|move|p2a: Ogerpon|Horn Leech|p1a: Deoxys\n|-damage|p1a: Deoxys|29\/100\n|-heal|p2a: Ogerpon|60\/100 psn|[from] drain|[of] p1a: Deoxys\n|move|p1a: Deoxys|Wrap|p2a: Ogerpon\n|-damage|p2a: Ogerpon|56\/100 psn\n|-activate|p2a: Ogerpon|move: Wrap|[of] p1a: Deoxys\n|\n|-heal|p1a: Deoxys|35\/100|[from] item: Leftovers\n|-damage|p2a: Ogerpon|44\/100 psn|[from] psn\n|-damage|p2a: Ogerpon|32\/100 psn|[from] move: Wrap|[partiallytrapped]\n|upkeep\n|turn|38\n|\n|t:|1700329704\n|switch|p1a: Toxapex|Toxapex, M, shiny|99\/100\n|move|p2a: Ogerpon|Horn Leech|p1a: Toxapex\n|-damage|p1a: Toxapex|70\/100\n|-heal|p2a: Ogerpon|47\/100 psn|[from] drain|[of] p1a: Toxapex\n|\n|-heal|p1a: Toxapex|76\/100|[from] item: Black Sludge\n|-damage|p2a: Ogerpon|34\/100 psn|[from] psn\n|-end|p2a: Ogerpon|Wrap|[partiallytrapped]|[silent]\n|upkeep\n|turn|39\n|\n|t:|1700329707\n|move|p1a: Toxapex|Baneful Bunker|p1a: Toxapex\n|-singleturn|p1a: Toxapex|move: Protect\n|move|p2a: Ogerpon|Taunt|p1a: Toxapex\n|-activate|p1a: Toxapex|move: Protect\n|\n|-heal|p1a: Toxapex|83\/100|[from] item: Black Sludge\n|-damage|p2a: Ogerpon|22\/100 psn|[from] psn\n|upkeep\n|turn|40\n|\n|t:|1700329714\n|move|p2a: Ogerpon|Horn Leech|p1a: Toxapex\n|-damage|p1a: Toxapex|51\/100\n|-heal|p2a: Ogerpon|38\/100 psn|[from] drain|[of] p1a: Toxapex\n|move|p1a: Toxapex|Infestation|p2a: Ogerpon\n|-supereffective|p2a: Ogerpon\n|-damage|p2a: Ogerpon|31\/100 psn\n|-activate|p2a: Ogerpon|move: Infestation|[of] p1a: Toxapex\n|\n|-heal|p1a: Toxapex|57\/100|[from] item: Black Sludge\n|-damage|p2a: Ogerpon|18\/100 psn|[from] psn\n|-damage|p2a: Ogerpon|6\/100 psn|[from] move: Infestation|[partiallytrapped]\n|upkeep\n|turn|41\n|\n|t:|1700329720\n|move|p2a: Ogerpon|Horn Leech|p1a: Toxapex\n|-damage|p1a: Toxapex|25\/100\n|-heal|p2a: Ogerpon|23\/100 psn|[from] drain|[of] p1a: Toxapex\n|move|p1a: Toxapex|Recover|p1a: Toxapex\n|-heal|p1a: Toxapex|75\/100\n|\n|-heal|p1a: Toxapex|81\/100|[from] item: Black Sludge\n|-damage|p2a: Ogerpon|10\/100 psn|[from] psn\n|-damage|p2a: Ogerpon|0 fnt|[from] move: Infestation|[partiallytrapped]\n|faint|p2a: Ogerpon\n|upkeep\n|\n|t:|1700329727\n|switch|p2a: Rotom|Rotom-Wash|38\/100\n|turn|42\n|\n|t:|1700329734\n|move|p2a: Rotom|Signal Beam|p1a: Toxapex\n|-resisted|p1a: Toxapex\n|-damage|p1a: Toxapex|75\/100\n|move|p1a: Toxapex|Infestation|p2a: Rotom\n|-damage|p2a: Rotom|35\/100\n|-activate|p2a: Rotom|move: Infestation|[of] p1a: Toxapex\n|\n|-heal|p1a: Toxapex|81\/100|[from] item: Black Sludge\n|-damage|p2a: Rotom|22\/100|[from] move: Infestation|[partiallytrapped]\n|upkeep\n|turn|43\n|\n|t:|1700329738\n|move|p2a: Rotom|Signal Beam|p1a: Toxapex\n|-resisted|p1a: Toxapex\n|-damage|p1a: Toxapex|75\/100\n|move|p1a: Toxapex|Toxic|p2a: Rotom\n|-status|p2a: Rotom|tox\n|\n|-heal|p1a: Toxapex|81\/100|[from] item: Black Sludge\n|-damage|p2a: Rotom|16\/100 tox|[from] psn\n|-damage|p2a: Rotom|3\/100 tox|[from] move: Infestation|[partiallytrapped]\n|upkeep\n|turn|44\n|-message|Mr 10k forfeited.\n|\n|win|830r\n|raw|830r's rating: 1151 &rarr; <strong>1173<\/strong><br \/>(+22 for winning)\n|raw|Mr 10k's rating: 1111 &rarr; <strong>1089<\/strong><br \/>(-22 for losing)\n|l|\u2606Mr 10k\n","uploadtime":1700329745,"views":7,"p1id":"830r","p2id":"mr10k","formatid":"gen9nationaldex","rating":1089,"private":0,"password":""}