{"id":"gen9nationaldex-1991340605","p1":"actualonion","p2":"Peanutluigi 2.0","format":"[Gen 9] National Dex","log":"|j|\u2606actualonion\n|j|\u203dPeanutluigi 2.0\n|t:|1700069026\n|gametype|singles\n|player|p1|actualonion|allister|1415\n|player|p2|Peanutluigi 2.0|volo|1358\n|teamsize|p1|6\n|teamsize|p2|6\n|gen|9\n|tier|[Gen 9] National Dex\n|rated|\n|rule|HP Percentage Mod: HP is shown in percentages\n|rule|Endless Battle Clause: Forcing endless battles is banned\n|rule|OHKO Clause: OHKO moves are banned\n|rule|Evasion Clause: Evasion abilities, items, and moves are banned\n|rule|Evasion Abilities Clause: Evasion abilities are banned\n|rule|Evasion Items Clause: Evasion items are banned\n|rule|Evasion Moves Clause: Evasion moves are banned\n|rule|Species Clause: Limit one of each Pok\u00e9mon\n|rule|Sleep Clause Mod: Limit one foe put to sleep\n|clearpoke\n|poke|p1|Charizard, F|\n|poke|p1|Victini|\n|poke|p1|Sneasler, M|\n|poke|p1|Polteageist|\n|poke|p1|Indeedee, M|\n|poke|p1|Hatterene, F|\n|poke|p2|Celesteela|\n|poke|p2|Iron Valiant|\n|poke|p2|Garganacl, M|\n|poke|p2|Serperior, F|\n|poke|p2|Great Tusk|\n|poke|p2|Charizard, F|\n|teampreview\n|\n|t:|1700069033\n|start\n|switch|p1a: Victini|Victini|100\/100\n|switch|p2a: Garganacl|Garganacl, M|100\/100\n|turn|1\n|\n|t:|1700069039\n|move|p1a: Victini|Trick|p2a: Garganacl\n|-activate|p1a: Victini|move: Trick|[of] p2a: Garganacl\n|-item|p2a: Garganacl|Choice Scarf|[from] move: Trick\n|-item|p1a: Victini|Leftovers|[from] move: Trick\n|move|p2a: Garganacl|Salt Cure|p1a: Victini\n|-supereffective|p1a: Victini\n|-crit|p1a: Victini\n|-damage|p1a: Victini|66\/100\n|-start|p1a: Victini|Salt Cure\n|\n|-heal|p1a: Victini|72\/100|[from] item: Leftovers\n|-damage|p1a: Victini|60\/100|[from] Salt Cure\n|upkeep\n|turn|2\n|\n|t:|1700069048\n|move|p1a: Victini|Final Gambit|p2a: Garganacl\n|-damage|p2a: Garganacl|41\/100\n|faint|p1a: Victini\n|move|p2a: Garganacl|Salt Cure|p1: Victini|[notarget]\n|-fail|p2a: Garganacl\n|\n|upkeep\n|\n|t:|1700069054\n|switch|p1a: Charizard|Charizard, F|100\/100\n|turn|3\n|\n|t:|1700069059\n|detailschange|p1a: Charizard|Charizard-Mega-Y, F\n|-mega|p1a: Charizard|Charizard|Charizardite Y\n|-weather|SunnyDay|[from] ability: Drought|[of] p1a: Charizard\n|move|p1a: Charizard|Solar Beam||[still]\n|-prepare|p1a: Charizard|Solar Beam\n|-anim|p1a: Charizard|Solar Beam|p2a: Garganacl\n|-supereffective|p2a: Garganacl\n|-damage|p2a: Garganacl|0 fnt\n|faint|p2a: Garganacl\n|\n|-weather|SunnyDay|[upkeep]\n|upkeep\n|\n|t:|1700069070\n|switch|p2a: Charizard|Charizard, F|100\/100\n|turn|4\n|\n|t:|1700069082\n|detailschange|p2a: Charizard|Charizard-Mega-Y, F\n|-mega|p2a: Charizard|Charizard|Charizardite Y\n|move|p1a: Charizard|Scorching Sands|p2a: Charizard\n|-immune|p2a: Charizard\n|move|p2a: Charizard|Ancient Power|p1a: Charizard\n|-supereffective|p1a: Charizard\n|-damage|p1a: Charizard|0 fnt\n|faint|p1a: Charizard\n|\n|-weather|SunnyDay|[upkeep]\n|upkeep\n|\n|t:|1700069096\n|switch|p1a: Indeedee|Indeedee, M|100\/100\n|-fieldstart|move: Psychic Terrain|[from] ability: Psychic Surge|[of] p1a: Indeedee\n|turn|5\n|\n|t:|1700069105\n|switch|p2a: Celesteela|Celesteela|100\/100\n|move|p1a: Indeedee|Expanding Force|p2a: Celesteela\n|-resisted|p2a: Celesteela\n|-damage|p2a: Celesteela|80\/100\n|\n|-weather|SunnyDay|[upkeep]\n|-heal|p2a: Celesteela|86\/100|[from] item: Leftovers\n|upkeep\n|turn|6\n|\n|t:|1700069122\n|move|p1a: Indeedee|Healing Wish|p1a: Indeedee\n|faint|p1a: Indeedee\n|move|p2a: Celesteela|Leech Seed|p1: Indeedee|[notarget]\n|-fail|p2a: Celesteela\n|\n|-weather|SunnyDay|[upkeep]\n|-heal|p2a: Celesteela|92\/100|[from] item: Leftovers\n|upkeep\n|\n|t:|1700069159\n|switch|p1a: Sneasler|Sneasler, M|100\/100\n|-enditem|p1a: Sneasler|Psychic Seed\n|-boost|p1a: Sneasler|spd|1|[from] item: Psychic Seed\n|turn|7\n|\n|t:|1700069164\n|move|p1a: Sneasler|Swords Dance|p1a: Sneasler\n|-boost|p1a: Sneasler|atk|2\n|move|p2a: Celesteela|Leech Seed|p1a: Sneasler\n|-start|p1a: Sneasler|move: Leech Seed\n|\n|-weather|none\n|-heal|p2a: Celesteela|98\/100|[from] item: Leftovers\n|-damage|p1a: Sneasler|88\/100|[from] Leech Seed|[of] p2a: Celesteela\n|-heal|p2a: Celesteela|100\/100|[silent]\n|upkeep\n|turn|8\n|\n|t:|1700069172\n|move|p1a: Sneasler|Close Combat|p2a: Celesteela\n|-damage|p2a: Celesteela|0 fnt\n|-unboost|p1a: Sneasler|def|1\n|-unboost|p1a: Sneasler|spd|1\n|faint|p2a: Celesteela\n|\n|upkeep\n|\n|t:|1700069187\n|switch|p2a: Iron Valiant|Iron Valiant|100\/100\n|-enditem|p2a: Iron Valiant|Booster Energy\n|-activate|p2a: Iron Valiant|ability: Quark Drive|[fromitem]\n|-start|p2a: Iron Valiant|quarkdrivespe\n|turn|9\n|\n|t:|1700069196\n|-terastallize|p1a: Sneasler|Flying\n|-terastallize|p2a: Iron Valiant|Steel\n|move|p1a: Sneasler|Acrobatics|p2a: Iron Valiant\n|-resisted|p2a: Iron Valiant\n|-damage|p2a: Iron Valiant|23\/100\n|move|p2a: Iron Valiant|Spirit Break|p1a: Sneasler\n|-damage|p1a: Sneasler|0 fnt\n|faint|p1a: Sneasler\n|\n|upkeep\n|\n|t:|1700069206\n|switch|p1a: Polteageist|Polteageist|100\/100\n|turn|10\n|\n|t:|1700069208\n|move|p2a: Iron Valiant|Knock Off|p1a: Polteageist\n|-supereffective|p1a: Polteageist\n|-enditem|p1a: Polteageist|Focus Sash\n|-damage|p1a: Polteageist|1\/100\n|-ability|p1a: Polteageist|Weak Armor|boost\n|-unboost|p1a: Polteageist|def|1\n|-boost|p1a: Polteageist|spe|2\n|move|p1a: Polteageist|Shell Smash|p1a: Polteageist\n|-unboost|p1a: Polteageist|def|1\n|-unboost|p1a: Polteageist|spd|1\n|-boost|p1a: Polteageist|atk|2\n|-boost|p1a: Polteageist|spa|2\n|-boost|p1a: Polteageist|spe|2\n|\n|upkeep\n|turn|11\n|\n|t:|1700069219\n|move|p1a: Polteageist|Shadow Ball|p2a: Iron Valiant\n|-damage|p2a: Iron Valiant|0 fnt\n|faint|p2a: Iron Valiant\n|-end|p2a: Iron Valiant|Quark Drive|[silent]\n|\n|upkeep\n|\n|t:|1700069227\n|switch|p2a: Serperior|Serperior, F|100\/100\n|turn|12\n|\n|t:|1700069230\n|move|p1a: Polteageist|Stored Power|p2a: Serperior\n|-crit|p2a: Serperior\n|-damage|p2a: Serperior|0 fnt\n|faint|p2a: Serperior\n|\n|-fieldend|move: Psychic Terrain\n|upkeep\n|\n|t:|1700069233\n|switch|p2a: Charizard|Charizard-Mega-Y, F|100\/100\n|-weather|SunnyDay|[from] ability: Drought|[of] p2a: Charizard\n|turn|13\n|\n|t:|1700069237\n|move|p1a: Polteageist|Stored Power|p2a: Charizard\n|-damage|p2a: Charizard|0 fnt\n|faint|p2a: Charizard\n|\n|-weather|SunnyDay|[upkeep]\n|upkeep\n|\n|t:|1700069240\n|switch|p2a: Great Tusk|Great Tusk|100\/100\n|-activate|p2a: Great Tusk|ability: Protosynthesis\n|-start|p2a: Great Tusk|protosynthesisatk\n|turn|14\n|\n|t:|1700069245\n|move|p1a: Polteageist|Stored Power|p2a: Great Tusk\n|-supereffective|p2a: Great Tusk\n|-damage|p2a: Great Tusk|0 fnt\n|faint|p2a: Great Tusk\n|-end|p2a: Great Tusk|Protosynthesis|[silent]\n|\n|win|actualonion\n|raw|actualonion's rating: 1415 &rarr; <strong>1432<\/strong><br \/>(+17 for winning)\n|raw|Peanutluigi 2.0's rating: 1358 &rarr; <strong>1341<\/strong><br \/>(-17 for losing)\n|l|\u203dPeanutluigi 2.0\n","uploadtime":1700069270,"views":4,"p1id":"actualonion","p2id":"peanutluigi20","formatid":"gen9nationaldex","rating":1341,"private":0,"password":""}