{"id":"gen9nationaldex-1987545942","p1":"159357258a","p2":"zxw000","format":"[Gen 9] National Dex","log":"|j|\u2606159357258a\n|j|\u2606zxw000\n|t:|1699609896\n|gametype|singles\n|player|p1|159357258a|red|1350\n|player|p2|zxw000|265|1434\n|teamsize|p1|6\n|teamsize|p2|6\n|gen|9\n|tier|[Gen 9] National Dex\n|rated|\n|rule|HP Percentage Mod: HP is shown in percentages\n|rule|Endless Battle Clause: Forcing endless battles is banned\n|rule|OHKO Clause: OHKO moves are banned\n|rule|Evasion Clause: Evasion abilities, items, and moves are banned\n|rule|Evasion Abilities Clause: Evasion abilities are banned\n|rule|Evasion Items Clause: Evasion items are banned\n|rule|Evasion Moves Clause: Evasion moves are banned\n|rule|Species Clause: Limit one of each Pok\u00e9mon\n|rule|Sleep Clause Mod: Limit one foe put to sleep\n|clearpoke\n|poke|p1|Pelipper, M|\n|poke|p1|Swampert, F|\n|poke|p1|Moltres|\n|poke|p1|Greninja-*, M|\n|poke|p1|Ogerpon-Wellspring, F|\n|poke|p1|Ferrothorn, M|\n|poke|p2|Charizard, M|\n|poke|p2|Serperior, F|\n|poke|p2|Tyranitar, F|\n|poke|p2|Alomomola, M|\n|poke|p2|Great Tusk|\n|poke|p2|Doublade, F|\n|teampreview\n|\n|t:|1699609902\n|start\n|switch|p1a: \u9876\u6881\u67f1|Pelipper, M, shiny|100\/100\n|switch|p2a: Charizard|Charizard, M|100\/100\n|-weather|RainDance|[from] ability: Drizzle|[of] p1a: \u9876\u6881\u67f1\n|turn|1\n|inactive|Battle timer is ON: inactive players will automatically lose when time's up. (requested by 159357258a)\n|\n|t:|1699609912\n|detailschange|p2a: Charizard|Charizard-Mega-Y, M\n|-mega|p2a: Charizard|Charizard|Charizardite Y\n|-weather|SunnyDay|[from] ability: Drought|[of] p2a: Charizard\n|move|p2a: Charizard|Solar Beam||[still]\n|-prepare|p2a: Charizard|Solar Beam\n|-anim|p2a: Charizard|Solar Beam|p1a: \u9876\u6881\u67f1\n|-damage|p1a: \u9876\u6881\u67f1|38\/100\n|move|p1a: \u9876\u6881\u67f1|U-turn|p2a: Charizard\n|-resisted|p2a: Charizard\n|-damage|p2a: Charizard|97\/100\n|\n|t:|1699609922\n|switch|p1a: \u4ed6\u50cf\u4e00\u4e2a\u6218\u795e|Swampert, F|100\/100|[from] U-turn\n|\n|-weather|SunnyDay|[upkeep]\n|upkeep\n|turn|2\n|\n|t:|1699609928\n|switch|p1a: \u9876\u6881\u67f1|Pelipper, M, shiny|38\/100\n|-weather|RainDance|[from] ability: Drizzle|[of] p1a: \u9876\u6881\u67f1\n|move|p2a: Charizard|Solar Beam||[still]\n|-prepare|p2a: Charizard|Solar Beam\n|\n|-weather|RainDance|[upkeep]\n|upkeep\n|turn|3\n|\n|t:|1699609943\n|switch|p1a: \u5b87\u5b99\u7b2c\u4e00\u53ef\u7231|Ogerpon-Wellspring, F|100\/100\n|move|p2a: Charizard|Solar Beam|p1a: \u5b87\u5b99\u7b2c\u4e00\u53ef\u7231|[from]lockedmove\n|-damage|p1a: \u5b87\u5b99\u7b2c\u4e00\u53ef\u7231|73\/100\n|\n|-weather|RainDance|[upkeep]\n|upkeep\n|turn|4\n|\n|t:|1699609951\n|switch|p2a: Alomomola|Alomomola, M|100\/100\n|move|p1a: \u5b87\u5b99\u7b2c\u4e00\u53ef\u7231|Swords Dance|p1a: \u5b87\u5b99\u7b2c\u4e00\u53ef\u7231\n|-boost|p1a: \u5b87\u5b99\u7b2c\u4e00\u53ef\u7231|atk|2\n|\n|-weather|RainDance|[upkeep]\n|upkeep\n|turn|5\n|\n|t:|1699609963\n|switch|p2a: Doublade|Doublade, F|100\/100\n|move|p1a: \u5b87\u5b99\u7b2c\u4e00\u53ef\u7231|Horn Leech|p2a: Doublade\n|-resisted|p2a: Doublade\n|-damage|p2a: Doublade|82\/100\n|-heal|p1a: \u5b87\u5b99\u7b2c\u4e00\u53ef\u7231|83\/100|[from] drain|[of] p2a: Doublade\n|\n|-weather|RainDance|[upkeep]\n|upkeep\n|turn|6\n|\n|t:|1699609973\n|move|p1a: \u5b87\u5b99\u7b2c\u4e00\u53ef\u7231|Swords Dance|p1a: \u5b87\u5b99\u7b2c\u4e00\u53ef\u7231\n|-boost|p1a: \u5b87\u5b99\u7b2c\u4e00\u53ef\u7231|atk|2\n|move|p2a: Doublade|Shadow Claw|p1a: \u5b87\u5b99\u7b2c\u4e00\u53ef\u7231\n|-damage|p1a: \u5b87\u5b99\u7b2c\u4e00\u53ef\u7231|47\/100\n|\n|-weather|RainDance|[upkeep]\n|upkeep\n|turn|7\n|\n|t:|1699609980\n|move|p1a: \u5b87\u5b99\u7b2c\u4e00\u53ef\u7231|Ivy Cudgel|p2a: Doublade\n|-damage|p2a: Doublade|0 fnt\n|faint|p2a: Doublade\n|\n|-weather|RainDance|[upkeep]\n|upkeep\n|\n|t:|1699609986\n|switch|p2a: Charizard|Charizard-Mega-Y, M|97\/100\n|-weather|SunnyDay|[from] ability: Drought|[of] p2a: Charizard\n|turn|8\n|\n|t:|1699609991\n|switch|p2a: Serperior|Serperior, F|100\/100\n|-terastallize|p1a: \u5b87\u5b99\u7b2c\u4e00\u53ef\u7231|Water\n|detailschange|p1a: \u5b87\u5b99\u7b2c\u4e00\u53ef\u7231|Ogerpon-Wellspring-Tera, F, tera:Water\n|-ability|p1a: \u5b87\u5b99\u7b2c\u4e00\u53ef\u7231|Embody Aspect (Wellspring)|boost\n|-boost|p1a: \u5b87\u5b99\u7b2c\u4e00\u53ef\u7231|spd|1\n|move|p1a: \u5b87\u5b99\u7b2c\u4e00\u53ef\u7231|Ivy Cudgel|p2a: Serperior\n|-resisted|p2a: Serperior\n|-crit|p2a: Serperior\n|-damage|p2a: Serperior|13\/100\n|\n|-weather|SunnyDay|[upkeep]\n|-heal|p2a: Serperior|19\/100|[from] item: Leftovers\n|upkeep\n|turn|9\n|\n|t:|1699610007\n|move|p2a: Serperior|Leaf Storm|p1a: \u5b87\u5b99\u7b2c\u4e00\u53ef\u7231\n|-supereffective|p1a: \u5b87\u5b99\u7b2c\u4e00\u53ef\u7231\n|-damage|p1a: \u5b87\u5b99\u7b2c\u4e00\u53ef\u7231|0 fnt\n|-boost|p2a: Serperior|spa|2\n|faint|p1a: \u5b87\u5b99\u7b2c\u4e00\u53ef\u7231\n|\n|-weather|SunnyDay|[upkeep]\n|-heal|p2a: Serperior|26\/100|[from] item: Leftovers\n|upkeep\n|\n|t:|1699610011\n|switch|p1a: \u9876\u6881\u67f1|Pelipper, M, shiny|38\/100\n|-weather|RainDance|[from] ability: Drizzle|[of] p1a: \u9876\u6881\u67f1\n|turn|10\n|\n|t:|1699610022\n|move|p2a: Serperior|Substitute|p2a: Serperior\n|-start|p2a: Serperior|Substitute\n|-damage|p2a: Serperior|1\/100\n|move|p1a: \u9876\u6881\u67f1|U-turn|p2a: Serperior\n|-supereffective|p2a: Serperior\n|-activate|p2a: Serperior|move: Substitute|[damage]\n|\n|t:|1699610028\n|switch|p1a: \u6253\u8349\u7ed3\u7981\u544a|Greninja, M|100\/100|[from] U-turn\n|\n|-weather|RainDance|[upkeep]\n|-heal|p2a: Serperior|7\/100|[from] item: Leftovers\n|upkeep\n|turn|11\n|\n|t:|1699610037\n|move|p1a: \u6253\u8349\u7ed3\u7981\u544a|Water Shuriken|p2a: Serperior\n|-resisted|p2a: Serperior\n|-end|p2a: Serperior|Substitute\n|-resisted|p2a: Serperior\n|-damage|p2a: Serperior|0 fnt\n|faint|p2a: Serperior\n|-ability|p1a: \u6253\u8349\u7ed3\u7981\u544a|Battle Bond|boost\n|-boost|p1a: \u6253\u8349\u7ed3\u7981\u544a|atk|1\n|-boost|p1a: \u6253\u8349\u7ed3\u7981\u544a|spa|1\n|-boost|p1a: \u6253\u8349\u7ed3\u7981\u544a|spe|1\n|-activate|p1a: \u6253\u8349\u7ed3\u7981\u544a|ability: Battle Bond\n|-hitcount|p2: Serperior|2\n|\n|-weather|RainDance|[upkeep]\n|upkeep\n|\n|t:|1699610044\n|switch|p2a: Charizard|Charizard-Mega-Y, M|97\/100\n|-weather|SunnyDay|[from] ability: Drought|[of] p2a: Charizard\n|turn|12\n|\n|t:|1699610050\n|switch|p2a: Tyranitar|Tyranitar, F|100\/100\n|-weather|Sandstorm|[from] ability: Sand Stream|[of] p2a: Tyranitar\n|-zpower|p1a: \u6253\u8349\u7ed3\u7981\u544a\n|move|p1a: \u6253\u8349\u7ed3\u7981\u544a|Hydro Vortex|p2a: Tyranitar|[zeffect]\n|-supereffective|p2a: Tyranitar\n|-damage|p2a: Tyranitar|0 fnt\n|faint|p2a: Tyranitar\n|\n|-weather|Sandstorm|[upkeep]\n|-damage|p1a: \u6253\u8349\u7ed3\u7981\u544a|95\/100|[from] Sandstorm\n|upkeep\n|\n|t:|1699610059\n|switch|p2a: Alomomola|Alomomola, M|100\/100\n|turn|13\n|\n|t:|1699610065\n|move|p1a: \u6253\u8349\u7ed3\u7981\u544a|Hydro Pump|p2a: Alomomola\n|-resisted|p2a: Alomomola\n|-damage|p2a: Alomomola|60\/100\n|move|p2a: Alomomola|Toxic|p1a: \u6253\u8349\u7ed3\u7981\u544a\n|-status|p1a: \u6253\u8349\u7ed3\u7981\u544a|tox\n|\n|-weather|Sandstorm|[upkeep]\n|-damage|p1a: \u6253\u8349\u7ed3\u7981\u544a|89\/100 tox|[from] Sandstorm\n|-damage|p2a: Alomomola|54\/100|[from] Sandstorm\n|-heal|p2a: Alomomola|60\/100|[from] item: Leftovers\n|-damage|p1a: \u6253\u8349\u7ed3\u7981\u544a|83\/100 tox|[from] psn\n|upkeep\n|turn|14\n|\n|t:|1699610074\n|move|p1a: \u6253\u8349\u7ed3\u7981\u544a|Hydro Pump|p2a: Alomomola\n|-resisted|p2a: Alomomola\n|-damage|p2a: Alomomola|15\/100\n|move|p2a: Alomomola|Wish|p2a: Alomomola\n|\n|-weather|Sandstorm|[upkeep]\n|-damage|p1a: \u6253\u8349\u7ed3\u7981\u544a|77\/100 tox|[from] Sandstorm\n|-damage|p2a: Alomomola|8\/100|[from] Sandstorm\n|-heal|p2a: Alomomola|15\/100|[from] item: Leftovers\n|-damage|p1a: \u6253\u8349\u7ed3\u7981\u544a|65\/100 tox|[from] psn\n|upkeep\n|turn|15\n|\n|t:|1699610079\n|move|p2a: Alomomola|Protect|p2a: Alomomola\n|-singleturn|p2a: Alomomola|Protect\n|move|p1a: \u6253\u8349\u7ed3\u7981\u544a|Water Shuriken|p2a: Alomomola\n|-activate|p2a: Alomomola|move: Protect\n|\n|-weather|Sandstorm|[upkeep]\n|-damage|p1a: \u6253\u8349\u7ed3\u7981\u544a|59\/100 tox|[from] Sandstorm\n|-damage|p2a: Alomomola|8\/100|[from] Sandstorm\n|-heal|p2a: Alomomola|58\/100|[from] move: Wish|[wisher] Alomomola\n|-heal|p2a: Alomomola|65\/100|[from] item: Leftovers\n|-damage|p1a: \u6253\u8349\u7ed3\u7981\u544a|41\/100 tox|[from] psn\n|upkeep\n|turn|16\n|\n|t:|1699610090\n|switch|p1a: Ferrothorn|Ferrothorn, M|100\/100\n|move|p2a: Alomomola|Wish|p2a: Alomomola\n|\n|-weather|none\n|-heal|p2a: Alomomola|71\/100|[from] item: Leftovers\n|upkeep\n|turn|17\n|\n|t:|1699610096\n|switch|p2a: Charizard|Charizard-Mega-Y, M|97\/100\n|-weather|SunnyDay|[from] ability: Drought|[of] p2a: Charizard\n|move|p1a: Ferrothorn|Stealth Rock|p2a: Charizard\n|-sidestart|p2: zxw000|move: Stealth Rock\n|\n|-weather|SunnyDay|[upkeep]\n|-heal|p2a: Charizard|100\/100|[from] move: Wish|[wisher] Alomomola\n|upkeep\n|turn|18\n|\n|t:|1699610106\n|switch|p1a: \u9876\u6881\u67f1|Pelipper, M, shiny|38\/100\n|-weather|RainDance|[from] ability: Drizzle|[of] p1a: \u9876\u6881\u67f1\n|move|p2a: Charizard|Weather Ball|p1a: \u9876\u6881\u67f1\n|-resisted|p1a: \u9876\u6881\u67f1\n|-damage|p1a: \u9876\u6881\u67f1|0 fnt\n|faint|p1a: \u9876\u6881\u67f1\n|\n|-weather|RainDance|[upkeep]\n|upkeep\n|\n|t:|1699610116\n|switch|p1a: \u4ed6\u50cf\u4e00\u4e2a\u6218\u795e|Swampert, F|100\/100\n|turn|19\n|\n|t:|1699610119\n|switch|p2a: Alomomola|Alomomola, M|100\/100\n|-damage|p2a: Alomomola|88\/100|[from] Stealth Rock\n|detailschange|p1a: \u4ed6\u50cf\u4e00\u4e2a\u6218\u795e|Swampert-Mega, F\n|-mega|p1a: \u4ed6\u50cf\u4e00\u4e2a\u6218\u795e|Swampert|Swampertite\n|move|p1a: \u4ed6\u50cf\u4e00\u4e2a\u6218\u795e|Waterfall|p2a: Alomomola\n|-resisted|p2a: Alomomola\n|-damage|p2a: Alomomola|70\/100\n|\n|-weather|RainDance|[upkeep]\n|-heal|p2a: Alomomola|76\/100|[from] item: Leftovers\n|upkeep\n|turn|20\n|\n|t:|1699610131\n|move|p2a: Alomomola|Protect|p2a: Alomomola\n|-singleturn|p2a: Alomomola|Protect\n|move|p1a: \u4ed6\u50cf\u4e00\u4e2a\u6218\u795e|Waterfall|p2a: Alomomola\n|-activate|p2a: Alomomola|move: Protect\n|\n|-weather|RainDance|[upkeep]\n|-heal|p2a: Alomomola|82\/100|[from] item: Leftovers\n|upkeep\n|turn|21\n|\n|t:|1699610136\n|move|p1a: \u4ed6\u50cf\u4e00\u4e2a\u6218\u795e|Earthquake|p2a: Alomomola\n|-damage|p2a: Alomomola|53\/100\n|move|p2a: Alomomola|Toxic|p1a: \u4ed6\u50cf\u4e00\u4e2a\u6218\u795e\n|-status|p1a: \u4ed6\u50cf\u4e00\u4e2a\u6218\u795e|tox\n|\n|-weather|RainDance|[upkeep]\n|-heal|p2a: Alomomola|59\/100|[from] item: Leftovers\n|-damage|p1a: \u4ed6\u50cf\u4e00\u4e2a\u6218\u795e|94\/100 tox|[from] psn\n|upkeep\n|turn|22\n|\n|t:|1699610144\n|move|p1a: \u4ed6\u50cf\u4e00\u4e2a\u6218\u795e|Flip Turn|p2a: Alomomola\n|-resisted|p2a: Alomomola\n|-damage|p2a: Alomomola|44\/100\n|\n|t:|1699610147\n|switch|p1a: Ferrothorn|Ferrothorn, M|100\/100|[from] Flip Turn\n|move|p2a: Alomomola|Wish|p2a: Alomomola\n|\n|-weather|RainDance|[upkeep]\n|-heal|p2a: Alomomola|50\/100|[from] item: Leftovers\n|upkeep\n|turn|23\n|\n|t:|1699610154\n|switch|p2a: Charizard|Charizard-Mega-Y, M|100\/100\n|-damage|p2a: Charizard|51\/100|[from] Stealth Rock\n|-weather|SunnyDay|[from] ability: Drought|[of] p2a: Charizard\n|move|p1a: Ferrothorn|Leech Seed|p2a: Charizard\n|-start|p2a: Charizard|move: Leech Seed\n|\n|-weather|SunnyDay|[upkeep]\n|-heal|p2a: Charizard|100\/100|[from] move: Wish|[wisher] Alomomola\n|-damage|p2a: Charizard|88\/100|[from] Leech Seed|[of] p1a: Ferrothorn\n|upkeep\n|turn|24\n|\n|t:|1699610166\n|switch|p1a: \u77aa\u773c\u9e1f|Moltres, shiny|100\/100\n|move|p2a: Charizard|Weather Ball|p1a: \u77aa\u773c\u9e1f\n|-resisted|p1a: \u77aa\u773c\u9e1f\n|-damage|p1a: \u77aa\u773c\u9e1f|61\/100\n|\n|-weather|SunnyDay|[upkeep]\n|-damage|p2a: Charizard|76\/100|[from] Leech Seed|[of] p1a: \u77aa\u773c\u9e1f\n|-heal|p1a: \u77aa\u773c\u9e1f|71\/100|[silent]\n|upkeep\n|turn|25\n|\n|t:|1699610181\n|switch|p2a: Great Tusk|Great Tusk|100\/100\n|-damage|p2a: Great Tusk|98\/100|[from] Stealth Rock\n|-activate|p2a: Great Tusk|ability: Protosynthesis\n|-start|p2a: Great Tusk|protosynthesisatk\n|move|p1a: \u77aa\u773c\u9e1f|Hurricane|p2a: Great Tusk\n|-supereffective|p2a: Great Tusk\n|-damage|p2a: Great Tusk|0 fnt\n|faint|p2a: Great Tusk\n|-end|p2a: Great Tusk|Protosynthesis|[silent]\n|\n|-weather|SunnyDay|[upkeep]\n|upkeep\n|\n|t:|1699610190\n|switch|p2a: Alomomola|Alomomola, M|84\/100\n|-damage|p2a: Alomomola|71\/100|[from] Stealth Rock\n|turn|26\n|\n|t:|1699610195\n|move|p1a: \u77aa\u773c\u9e1f|Hurricane|p2a: Alomomola\n|-damage|p2a: Alomomola|27\/100\n|move|p2a: Alomomola|Toxic|p1a: \u77aa\u773c\u9e1f\n|-status|p1a: \u77aa\u773c\u9e1f|tox\n|\n|-weather|SunnyDay|[upkeep]\n|-heal|p2a: Alomomola|33\/100|[from] item: Leftovers\n|-damage|p1a: \u77aa\u773c\u9e1f|65\/100 tox|[from] psn\n|upkeep\n|turn|27\n|\n|t:|1699610210\n|move|p2a: Alomomola|Protect|p2a: Alomomola\n|-singleturn|p2a: Alomomola|Protect\n|move|p1a: \u77aa\u773c\u9e1f|Hurricane|p2a: Alomomola\n|-activate|p2a: Alomomola|move: Protect\n|\n|-weather|none\n|-heal|p2a: Alomomola|39\/100|[from] item: Leftovers\n|-damage|p1a: \u77aa\u773c\u9e1f|53\/100 tox|[from] psn\n|upkeep\n|turn|28\n|\n|t:|1699610218\n|move|p1a: \u77aa\u773c\u9e1f|Hurricane|p2a: Alomomola|[miss]\n|-miss|p1a: \u77aa\u773c\u9e1f|p2a: Alomomola\n|move|p2a: Alomomola|Wish|p2a: Alomomola\n|\n|-heal|p2a: Alomomola|45\/100|[from] item: Leftovers\n|-damage|p1a: \u77aa\u773c\u9e1f|35\/100 tox|[from] psn\n|upkeep\n|turn|29\n|\n|t:|1699610227\n|switch|p1a: Ferrothorn|Ferrothorn, M|100\/100\n|move|p2a: Alomomola|Protect||[still]\n|-fail|p2a: Alomomola\n|\n|-heal|p2a: Alomomola|95\/100|[from] move: Wish|[wisher] Alomomola\n|-heal|p2a: Alomomola|100\/100|[from] item: Leftovers\n|upkeep\n|turn|30\n|\n|t:|1699610234\n|move|p2a: Alomomola|Wish|p2a: Alomomola\n|move|p1a: Ferrothorn|Leech Seed|p2a: Alomomola\n|-start|p2a: Alomomola|move: Leech Seed\n|\n|-damage|p2a: Alomomola|88\/100|[from] Leech Seed|[of] p1a: Ferrothorn\n|upkeep\n|turn|31\n|\n|t:|1699610240\n|switch|p2a: Charizard|Charizard-Mega-Y, M|76\/100\n|-damage|p2a: Charizard|26\/100|[from] Stealth Rock\n|-weather|SunnyDay|[from] ability: Drought|[of] p2a: Charizard\n|switch|p1a: \u77aa\u773c\u9e1f|Moltres, shiny|35\/100 tox\n|\n|-weather|SunnyDay|[upkeep]\n|-heal|p2a: Charizard|100\/100|[from] move: Wish|[wisher] Alomomola\n|-damage|p1a: \u77aa\u773c\u9e1f|29\/100 tox|[from] psn\n|upkeep\n|turn|32\n|\n|t:|1699610268\n|switch|p1a: \u4ed6\u50cf\u4e00\u4e2a\u6218\u795e|Swampert-Mega, F|94\/100 tox\n|move|p2a: Charizard|Weather Ball|p1a: \u4ed6\u50cf\u4e00\u4e2a\u6218\u795e\n|-resisted|p1a: \u4ed6\u50cf\u4e00\u4e2a\u6218\u795e\n|-damage|p1a: \u4ed6\u50cf\u4e00\u4e2a\u6218\u795e|50\/100 tox\n|\n|-weather|SunnyDay|[upkeep]\n|-damage|p1a: \u4ed6\u50cf\u4e00\u4e2a\u6218\u795e|44\/100 tox|[from] psn\n|upkeep\n|turn|33\n|\n|t:|1699610276\n|move|p2a: Charizard|Solar Beam||[still]\n|-prepare|p2a: Charizard|Solar Beam\n|-anim|p2a: Charizard|Solar Beam|p1a: \u4ed6\u50cf\u4e00\u4e2a\u6218\u795e\n|-supereffective|p1a: \u4ed6\u50cf\u4e00\u4e2a\u6218\u795e\n|-damage|p1a: \u4ed6\u50cf\u4e00\u4e2a\u6218\u795e|0 fnt\n|faint|p1a: \u4ed6\u50cf\u4e00\u4e2a\u6218\u795e\n|\n|-weather|SunnyDay|[upkeep]\n|upkeep\n|\n|t:|1699610287\n|switch|p1a: \u6253\u8349\u7ed3\u7981\u544a|Greninja, M|41\/100 tox\n|turn|34\n|\n|t:|1699610296\n|switch|p2a: Alomomola|Alomomola, M|100\/100\n|-damage|p2a: Alomomola|88\/100|[from] Stealth Rock\n|move|p1a: \u6253\u8349\u7ed3\u7981\u544a|Hydro Pump|p2a: Alomomola\n|-resisted|p2a: Alomomola\n|-damage|p2a: Alomomola|74\/100\n|\n|-weather|SunnyDay|[upkeep]\n|-heal|p2a: Alomomola|80\/100|[from] item: Leftovers\n|-damage|p1a: \u6253\u8349\u7ed3\u7981\u544a|35\/100 tox|[from] psn\n|upkeep\n|turn|35\n|\n|t:|1699610304\n|switch|p1a: Ferrothorn|Ferrothorn, M|100\/100\n|move|p2a: Alomomola|Wish|p2a: Alomomola\n|\n|-weather|none\n|-heal|p2a: Alomomola|86\/100|[from] item: Leftovers\n|upkeep\n|turn|36\n|\n|t:|1699610315\n|move|p2a: Alomomola|Protect|p2a: Alomomola\n|-singleturn|p2a: Alomomola|Protect\n|move|p1a: Ferrothorn|Gyro Ball|p2a: Alomomola\n|-activate|p2a: Alomomola|move: Protect\n|\n|-heal|p2a: Alomomola|100\/100|[from] move: Wish|[wisher] Alomomola\n|upkeep\n|turn|37\n|\n|t:|1699610321\n|move|p2a: Alomomola|Wish|p2a: Alomomola\n|move|p1a: Ferrothorn|Gyro Ball|p2a: Alomomola\n|-resisted|p2a: Alomomola\n|-damage|p2a: Alomomola|93\/100\n|\n|-heal|p2a: Alomomola|99\/100|[from] item: Leftovers\n|upkeep\n|turn|38\n|\n|t:|1699610327\n|switch|p2a: Charizard|Charizard-Mega-Y, M|100\/100\n|-damage|p2a: Charizard|51\/100|[from] Stealth Rock\n|-weather|SunnyDay|[from] ability: Drought|[of] p2a: Charizard\n|switch|p1a: \u77aa\u773c\u9e1f|Moltres, shiny|29\/100 tox\n|\n|-weather|SunnyDay|[upkeep]\n|-heal|p2a: Charizard|100\/100|[from] move: Wish|[wisher] Alomomola\n|-damage|p1a: \u77aa\u773c\u9e1f|23\/100 tox|[from] psn\n|upkeep\n|turn|39\n|\n|t:|1699610333\n|switch|p1a: \u6253\u8349\u7ed3\u7981\u544a|Greninja, M|35\/100 tox\n|move|p2a: Charizard|Weather Ball|p1a: \u6253\u8349\u7ed3\u7981\u544a\n|-resisted|p1a: \u6253\u8349\u7ed3\u7981\u544a\n|-damage|p1a: \u6253\u8349\u7ed3\u7981\u544a|0 fnt\n|faint|p1a: \u6253\u8349\u7ed3\u7981\u544a\n|\n|-weather|SunnyDay|[upkeep]\n|upkeep\n|\n|t:|1699610337\n|switch|p1a: \u77aa\u773c\u9e1f|Moltres, shiny|23\/100 tox\n|turn|40\n|c|\u2606zxw000|gg\n|\n|t:|1699610342\n|move|p2a: Charizard|Weather Ball|p1a: \u77aa\u773c\u9e1f\n|-resisted|p1a: \u77aa\u773c\u9e1f\n|-damage|p1a: \u77aa\u773c\u9e1f|0 fnt\n|faint|p1a: \u77aa\u773c\u9e1f\n|\n|-weather|SunnyDay|[upkeep]\n|upkeep\n|\n|t:|1699610345\n|switch|p1a: Ferrothorn|Ferrothorn, M|100\/100\n|turn|41\n|\n|t:|1699610346\n|move|p2a: Charizard|Weather Ball|p1a: Ferrothorn\n|-supereffective|p1a: Ferrothorn\n|-damage|p1a: Ferrothorn|0 fnt\n|faint|p1a: Ferrothorn\n|\n|win|zxw000\n|raw|159357258a's rating: 1350 &rarr; <strong>1335<\/strong><br \/>(-15 for losing)\n|raw|zxw000's rating: 1434 &rarr; <strong>1449<\/strong><br \/>(+15 for winning)\n|l|\u2606159357258a\n","uploadtime":1699610421,"views":5,"p1id":"159357258a","p2id":"zxw000","formatid":"gen9nationaldex","rating":1335,"private":0,"password":""}