{"id":"gen9nationaldex-1989112070","p1":"Art Solte","p2":"ShriveledMonkey","format":"[Gen 9] National Dex","log":"|j|\u2606Art Solte\n|j|\u2606ShriveledMonkey\n|t:|1699813497\n|gametype|singles\n|player|p1|Art Solte|psychic|1000\n|player|p2|ShriveledMonkey|169|1091\n|teamsize|p1|6\n|teamsize|p2|6\n|gen|9\n|tier|[Gen 9] National Dex\n|rated|\n|rule|HP Percentage Mod: HP is shown in percentages\n|rule|Endless Battle Clause: Forcing endless battles is banned\n|rule|OHKO Clause: OHKO moves are banned\n|rule|Evasion Clause: Evasion abilities, items, and moves are banned\n|rule|Evasion Abilities Clause: Evasion abilities are banned\n|rule|Evasion Items Clause: Evasion items are banned\n|rule|Evasion Moves Clause: Evasion moves are banned\n|rule|Species Clause: Limit one of each Pok\u00e9mon\n|rule|Sleep Clause Mod: Limit one foe put to sleep\n|clearpoke\n|poke|p1|Milotic, M|\n|poke|p1|Frillish, F|\n|poke|p1|Pelipper, F|\n|poke|p1|Primarina, M|\n|poke|p1|Sharpedo, F|\n|poke|p1|Tentacruel, M|\n|poke|p2|Stoutland, F|\n|poke|p2|Pikachu-Hoenn, M|\n|poke|p2|Amoonguss, F|\n|poke|p2|Vileplume, M|\n|poke|p2|Clodsire, F|\n|poke|p2|Ninjask, F|\n|teampreview\n|\n|t:|1699813503\n|start\n|switch|p1a: Frillish|Frillish, F|100\/100\n|switch|p2a: Stoutland|Stoutland, F|100\/100\n|turn|1\n|\n|t:|1699813515\n|move|p2a: Stoutland|Retaliate|p1a: Frillish\n|-damage|p1a: Frillish|45\/100\n|move|p1a: Frillish|Water Spout|p2a: Stoutland\n|-damage|p2a: Stoutland|83\/100\n|\n|upkeep\n|turn|2\n|\n|t:|1699813523\n|move|p2a: Stoutland|Last Resort|p1a: Frillish\n|-damage|p1a: Frillish|0 fnt\n|faint|p1a: Frillish\n|\n|upkeep\n|c|\u2606ShriveledMonkey|nice water team\n|\n|t:|1699813531\n|switch|p1a: Sharpedo|Sharpedo, F|100\/100\n|turn|3\n|\n|t:|1699813538\n|move|p2a: Stoutland|Last Resort|p1a: Sharpedo\n|-crit|p1a: Sharpedo\n|-damage|p1a: Sharpedo|0 fnt\n|-damage|p2a: Stoutland|71\/100|[from] ability: Rough Skin|[of] p1a: Sharpedo\n|faint|p1a: Sharpedo\n|\n|upkeep\n|c|\u2606Art Solte|what\n|\n|t:|1699813549\n|switch|p1a: Milotic|Milotic, M|100\/100\n|turn|4\n|\n|t:|1699813556\n|move|p2a: Stoutland|Last Resort|p1a: Milotic\n|-damage|p1a: Milotic|12\/100\n|move|p1a: Milotic|Mirror Coat||[still]\n|-fail|p1a: Milotic\n|\n|upkeep\n|turn|5\n|\n|t:|1699813563\n|-terastallize|p1a: Milotic|Dragon\n|move|p1a: Milotic|Brine|p2a: Stoutland\n|-damage|p2a: Stoutland|46\/100\n|move|p2a: Stoutland|Last Resort|p1a: Milotic\n|-damage|p1a: Milotic|0 fnt\n|faint|p1a: Milotic\n|\n|upkeep\n|\n|t:|1699813574\n|switch|p1a: Pelipper|Pelipper, F|100\/100\n|-weather|RainDance|[from] ability: Drizzle|[of] p1a: Pelipper\n|turn|6\n|\n|t:|1699813580\n|move|p1a: Pelipper|Brave Bird|p2a: Stoutland\n|-damage|p2a: Stoutland|15\/100\n|-damage|p1a: Pelipper|89\/100|[from] Recoil\n|move|p2a: Stoutland|Last Resort|p1a: Pelipper\n|-damage|p1a: Pelipper|0 fnt\n|faint|p1a: Pelipper\n|\n|-weather|RainDance|[upkeep]\n|upkeep\n|\n|t:|1699813587\n|switch|p1a: Tentacruel|Tentacruel, M|100\/100\n|turn|7\n|\n|t:|1699813592\n|move|p1a: Tentacruel|Cross Poison|p2a: Stoutland\n|-damage|p2a: Stoutland|0 fnt\n|faint|p2a: Stoutland\n|\n|-weather|RainDance|[upkeep]\n|upkeep\n|\n|t:|1699813597\n|switch|p2a: Pikachu|Pikachu-Hoenn, M|100\/100\n|turn|8\n|\n|t:|1699813605\n|move|p2a: Pikachu|Substitute|p2a: Pikachu\n|-start|p2a: Pikachu|Substitute\n|-damage|p2a: Pikachu|75\/100\n|move|p1a: Tentacruel|Toxic Spikes|p2a: Pikachu\n|-sidestart|p2: ShriveledMonkey|move: Toxic Spikes\n|\n|-weather|RainDance|[upkeep]\n|upkeep\n|turn|9\n|\n|t:|1699813610\n|move|p2a: Pikachu|Nasty Plot|p2a: Pikachu\n|-boost|p2a: Pikachu|spa|2\n|move|p1a: Tentacruel|Giga Drain|p2a: Pikachu\n|-end|p2a: Pikachu|Substitute\n|\n|-weather|RainDance|[upkeep]\n|upkeep\n|turn|10\n|\n|t:|1699813617\n|move|p2a: Pikachu|Thunderbolt|p1a: Tentacruel\n|-supereffective|p1a: Tentacruel\n|-damage|p1a: Tentacruel|0 fnt\n|faint|p1a: Tentacruel\n|\n|-weather|none\n|upkeep\n|\n|t:|1699813622\n|switch|p1a: Primarina|Primarina, M|100\/100\n|turn|11\n|\n|t:|1699813627\n|move|p2a: Pikachu|Thunderbolt|p1a: Primarina\n|-supereffective|p1a: Primarina\n|-damage|p1a: Primarina|0 fnt\n|faint|p1a: Primarina\n|\n|win|ShriveledMonkey\n|raw|Art Solte's rating: 1000 &rarr; <strong>1000<\/strong><br \/>(+0 for losing)\n|raw|ShriveledMonkey's rating: 1091 &rarr; <strong>1111<\/strong><br \/>(+20 for winning)\n|l|\u2606Art Solte\n","uploadtime":1699813634,"views":4,"p1id":"artsolte","p2id":"shriveledmonkey","formatid":"gen9nationaldex","rating":1000,"private":0,"password":""}