{"id":"gen9nationaldex-1997647733","p1":"GUTTY 2.0","p2":"qazserfvgyujnko","format":"[Gen 9] National Dex","log":"|html|<div class=\"broadcast-blue\"><strong>[Gen 9] National Dex is currently suspecting Sneasler! For information on how to participate check out the <a href=\"https:\/\/www.smogon.com\/forums\/threads\/sv-national-dex-suspect-8-just-dance.3731534\/\">suspect thread<\/a>.<\/strong><\/div>\n|j|\u2606GUTTY 2.0\n|j|\u2606qazserfvgyujnko\n|t:|1700837260\n|gametype|singles\n|player|p1|GUTTY 2.0|1|1236\n|player|p2|qazserfvgyujnko|bellelba|1281\n|teamsize|p1|6\n|teamsize|p2|6\n|gen|9\n|tier|[Gen 9] National Dex\n|rated|\n|rule|HP Percentage Mod: HP is shown in percentages\n|rule|Endless Battle Clause: Forcing endless battles is banned\n|rule|OHKO Clause: OHKO moves are banned\n|rule|Evasion Clause: Evasion abilities, items, and moves are banned\n|rule|Evasion Abilities Clause: Evasion abilities are banned\n|rule|Evasion Items Clause: Evasion items are banned\n|rule|Evasion Moves Clause: Evasion moves are banned\n|rule|Species Clause: Limit one of each Pok\u00e9mon\n|rule|Sleep Clause Mod: Limit one foe put to sleep\n|clearpoke\n|poke|p1|Gastrodon, M|\n|poke|p1|Great Tusk|\n|poke|p1|Ting-Lu|\n|poke|p1|Ursaluna, M|\n|poke|p1|Claydol|\n|poke|p1|Garchomp, F|\n|poke|p2|Steelix, F|\n|poke|p2|Slowking-Galar, F|\n|poke|p2|Muk-Alola, M|\n|poke|p2|Gyarados, M|\n|poke|p2|Moltres-Galar|\n|poke|p2|Gigalith, M|\n|teampreview\n|l|\u2606GUTTY 2.0\n|player|p1|\n|j|\u2606GUTTY 2.0\n|player|p1|GUTTY 2.0|1\n|\n|t:|1700837314\n|start\n|switch|p1a: Claydol|Claydol|100\/100\n|switch|p2a: Gyarados|Gyarados, M|100\/100\n|turn|1\n|\n|t:|1700837324\n|move|p2a: Gyarados|Dragon Dance|p2a: Gyarados\n|-boost|p2a: Gyarados|atk|1\n|-boost|p2a: Gyarados|spe|1\n|move|p1a: Claydol|Reflect|p1a: Claydol\n|-sidestart|p1: GUTTY 2.0|Reflect\n|\n|upkeep\n|turn|2\n|\n|t:|1700837355\n|switch|p1a: Ting-Lu|Ting-Lu|100\/100\n|-ability|p1a: Ting-Lu|Vessel of Ruin\n|move|p2a: Gyarados|Dragon Dance|p2a: Gyarados\n|-boost|p2a: Gyarados|atk|1\n|-boost|p2a: Gyarados|spe|1\n|\n|upkeep\n|turn|3\n|\n|t:|1700837363\n|move|p2a: Gyarados|Waterfall|p1a: Ting-Lu\n|-supereffective|p1a: Ting-Lu\n|-damage|p1a: Ting-Lu|61\/100\n|move|p1a: Ting-Lu|Whirlwind|p2a: Gyarados\n|drag|p2a: Muk|Muk-Alola, M|100\/100\n|\n|-heal|p1a: Ting-Lu|67\/100|[from] item: Leftovers\n|upkeep\n|turn|4\n|\n|t:|1700837387\n|move|p1a: Ting-Lu|Stealth Rock|p2a: Muk\n|-sidestart|p2: qazserfvgyujnko|move: Stealth Rock\n|move|p2a: Muk|Drain Punch|p1a: Ting-Lu\n|-supereffective|p1a: Ting-Lu\n|-damage|p1a: Ting-Lu|56\/100\n|\n|-heal|p1a: Ting-Lu|63\/100|[from] item: Leftovers\n|upkeep\n|turn|5\n|\n|t:|1700837403\n|move|p1a: Ting-Lu|Spikes|p2a: Muk\n|-sidestart|p2: qazserfvgyujnko|Spikes\n|move|p2a: Muk|Knock Off|p1a: Ting-Lu\n|-resisted|p1a: Ting-Lu\n|-damage|p1a: Ting-Lu|58\/100\n|-status|p1a: Ting-Lu|psn|[from] ability: Poison Touch|[of] p2a: Muk\n|-enditem|p1a: Ting-Lu|Leftovers|[from] move: Knock Off|[of] p2a: Muk\n|\n|-damage|p1a: Ting-Lu|45\/100 psn|[from] psn\n|upkeep\n|turn|6\n|\n|t:|1700837408\n|move|p1a: Ting-Lu|Spikes|p2a: Muk\n|-sidestart|p2: qazserfvgyujnko|Spikes\n|move|p2a: Muk|Drain Punch|p1a: Ting-Lu\n|-supereffective|p1a: Ting-Lu\n|-damage|p1a: Ting-Lu|35\/100 psn\n|\n|-damage|p1a: Ting-Lu|23\/100 psn|[from] psn\n|upkeep\n|turn|7\n|\n|t:|1700837419\n|switch|p1a: Claydol|Claydol|100\/100\n|-terastallize|p2a: Muk|Fighting\n|move|p2a: Muk|Drain Punch|p1a: Claydol\n|-resisted|p1a: Claydol\n|-damage|p1a: Claydol|91\/100\n|\n|upkeep\n|turn|8\n|\n|t:|1700837430\n|switch|p1a: Gastrodon|Gastrodon, M|100\/100\n|move|p2a: Muk|Knock Off|p1a: Gastrodon\n|-damage|p1a: Gastrodon|82\/100\n|-enditem|p1a: Gastrodon|Leftovers|[from] move: Knock Off|[of] p2a: Muk\n|\n|-sideend|p1: GUTTY 2.0|Reflect\n|upkeep\n|turn|9\n|\n|t:|1700837451\n|move|p1a: Gastrodon|Toxic|p2a: Muk\n|-status|p2a: Muk|tox\n|move|p2a: Muk|Drain Punch|p1a: Gastrodon\n|-damage|p1a: Gastrodon|56\/100\n|\n|-damage|p2a: Muk|94\/100 tox|[from] psn\n|upkeep\n|turn|10\n|\n|t:|1700837465\n|switch|p2a: Slowking|Slowking-Galar, F|100\/100\n|-damage|p2a: Slowking|88\/100|[from] Stealth Rock\n|-damage|p2a: Slowking|72\/100|[from] Spikes\n|move|p1a: Gastrodon|Recover|p1a: Gastrodon\n|-heal|p1a: Gastrodon|100\/100\n|\n|-heal|p2a: Slowking|78\/100|[from] item: Black Sludge\n|upkeep\n|turn|11\n|\n|t:|1700837478\n|switch|p1a: Claydol|Claydol|91\/100\n|move|p2a: Slowking|Eerie Spell|p1a: Claydol\n|-resisted|p1a: Claydol\n|-damage|p1a: Claydol|78\/100\n|\n|-heal|p2a: Slowking|84\/100|[from] item: Black Sludge\n|upkeep\n|turn|12\n|\n|t:|1700837487\n|switch|p2a: Muk|Muk-Alola, M, tera:Fighting|94\/100 tox\n|-damage|p2a: Muk|88\/100 tox|[from] Stealth Rock\n|-damage|p2a: Muk|72\/100 tox|[from] Spikes\n|move|p1a: Claydol|Light Screen|p1a: Claydol\n|-sidestart|p1: GUTTY 2.0|move: Light Screen\n|\n|-heal|p2a: Muk|78\/100 tox|[from] item: Leftovers\n|-damage|p2a: Muk|72\/100 tox|[from] psn\n|upkeep\n|turn|13\n|\n|t:|1700837490\n|move|p1a: Claydol|Reflect|p1a: Claydol\n|-sidestart|p1: GUTTY 2.0|Reflect\n|move|p2a: Muk|Knock Off|p1a: Claydol\n|-supereffective|p1a: Claydol\n|-damage|p1a: Claydol|29\/100\n|-enditem|p1a: Claydol|Light Clay|[from] move: Knock Off|[of] p2a: Muk\n|\n|-heal|p2a: Muk|78\/100 tox|[from] item: Leftovers\n|-damage|p2a: Muk|66\/100 tox|[from] psn\n|upkeep\n|turn|14\n|\n|t:|1700837501\n|switch|p1a: Garchomp|Garchomp, F|100\/100\n|move|p2a: Muk|Knock Off|p1a: Garchomp\n|-damage|p1a: Garchomp|85\/100\n|-damage|p2a: Muk|53\/100 tox|[from] ability: Rough Skin|[of] p1a: Garchomp\n|-status|p1a: Garchomp|psn|[from] ability: Poison Touch|[of] p2a: Muk\n|\n|-heal|p2a: Muk|59\/100 tox|[from] item: Leftovers\n|-damage|p1a: Garchomp|72\/100 psn|[from] psn\n|-damage|p2a: Muk|41\/100 tox|[from] psn\n|upkeep\n|turn|15\n|\n|t:|1700837518\n|switch|p2a: Slowking|Slowking-Galar, F|100\/100\n|-damage|p2a: Slowking|88\/100|[from] Stealth Rock\n|-damage|p2a: Slowking|72\/100|[from] Spikes\n|detailschange|p1a: Garchomp|Garchomp-Mega, F\n|-mega|p1a: Garchomp|Garchomp|Garchompite\n|move|p1a: Garchomp|Swords Dance|p1a: Garchomp\n|-boost|p1a: Garchomp|atk|2\n|\n|-heal|p2a: Slowking|78\/100|[from] item: Black Sludge\n|-damage|p1a: Garchomp|60\/100 psn|[from] psn\n|upkeep\n|turn|16\n|\n|t:|1700837531\n|switch|p2a: Steelix|Steelix, F|100\/100\n|-damage|p2a: Steelix|98\/100|[from] Stealth Rock\n|-damage|p2a: Steelix|81\/100|[from] Spikes\n|move|p1a: Garchomp|Scale Shot|p2a: Steelix\n|-resisted|p2a: Steelix\n|-crit|p2a: Steelix\n|-damage|p2a: Steelix|68\/100\n|-resisted|p2a: Steelix\n|-damage|p2a: Steelix|59\/100\n|-hitcount|p2a: Steelix|2\n|-unboost|p1a: Garchomp|def|1\n|-boost|p1a: Garchomp|spe|1\n|\n|-damage|p1a: Garchomp|48\/100 psn|[from] psn\n|upkeep\n|turn|17\n|\n|t:|1700837566\n|detailschange|p2a: Steelix|Steelix-Mega, F\n|-mega|p2a: Steelix|Steelix|Steelixite\n|move|p1a: Garchomp|Fire Blast|p2a: Steelix\n|-supereffective|p2a: Steelix\n|-damage|p2a: Steelix|4\/100\n|move|p2a: Steelix|Gyro Ball|p1a: Garchomp\n|-damage|p1a: Garchomp|0 fnt\n|faint|p1a: Garchomp\n|\n|upkeep\n|\n|t:|1700837588\n|switch|p1a: Gastrodon|Gastrodon, M|100\/100\n|turn|18\n|\n|t:|1700837599\n|switch|p2a: Slowking|Slowking-Galar, F|100\/100\n|-damage|p2a: Slowking|88\/100|[from] Stealth Rock\n|-damage|p2a: Slowking|72\/100|[from] Spikes\n|move|p1a: Gastrodon|Scald|p2a: Slowking\n|-damage|p2a: Slowking|52\/100\n|\n|-heal|p2a: Slowking|58\/100|[from] item: Black Sludge\n|upkeep\n|turn|19\n|\n|t:|1700837611\n|move|p1a: Gastrodon|Scald|p2a: Slowking\n|-damage|p2a: Slowking|36\/100\n|-status|p2a: Slowking|brn\n|move|p2a: Slowking|Eerie Spell|p1a: Gastrodon\n|-damage|p1a: Gastrodon|80\/100\n|-activate|p1a: Gastrodon|move: Eerie Spell|Scald|3\n|\n|-heal|p2a: Slowking|42\/100 brn|[from] item: Black Sludge\n|-damage|p2a: Slowking|36\/100 brn|[from] brn\n|-sideend|p1: GUTTY 2.0|move: Light Screen\n|upkeep\n|turn|20\n|\n|t:|1700837630\n|switch|p1a: Claydol|Claydol|29\/100\n|move|p2a: Slowking|Eerie Spell|p1a: Claydol\n|-resisted|p1a: Claydol\n|-damage|p1a: Claydol|15\/100\n|\n|-heal|p2a: Slowking|42\/100 brn|[from] item: Black Sludge\n|-damage|p2a: Slowking|36\/100 brn|[from] brn\n|-sideend|p1: GUTTY 2.0|Reflect\n|upkeep\n|turn|21\n|\n|t:|1700837646\n|move|p1a: Claydol|Reflect|p1a: Claydol\n|-sidestart|p1: GUTTY 2.0|Reflect\n|move|p2a: Slowking|Eerie Spell|p1a: Claydol\n|-resisted|p1a: Claydol\n|-damage|p1a: Claydol|2\/100\n|-activate|p1a: Claydol|move: Eerie Spell|Reflect|3\n|\n|-heal|p2a: Slowking|42\/100 brn|[from] item: Black Sludge\n|-damage|p2a: Slowking|36\/100 brn|[from] brn\n|upkeep\n|turn|22\n|\n|t:|1700837657\n|move|p1a: Claydol|Light Screen|p1a: Claydol\n|-sidestart|p1: GUTTY 2.0|move: Light Screen\n|move|p2a: Slowking|Flamethrower|p1a: Claydol\n|-damage|p1a: Claydol|0 fnt\n|faint|p1a: Claydol\n|\n|-heal|p2a: Slowking|42\/100 brn|[from] item: Black Sludge\n|-damage|p2a: Slowking|36\/100 brn|[from] brn\n|upkeep\n|\n|t:|1700837659\n|switch|p1a: Ursaluna|Ursaluna, M|100\/100\n|turn|23\n|\n|t:|1700837671\n|move|p1a: Ursaluna|Headlong Rush|p2a: Slowking\n|-supereffective|p2a: Slowking\n|-damage|p2a: Slowking|0 fnt\n|-unboost|p1a: Ursaluna|def|1\n|-unboost|p1a: Ursaluna|spd|1\n|faint|p2a: Slowking\n|\n|-status|p1a: Ursaluna|brn|[from] item: Flame Orb\n|upkeep\n|\n|t:|1700837711\n|switch|p2a: Muk|Muk-Alola, M, tera:Fighting|41\/100 tox\n|-damage|p2a: Muk|35\/100 tox|[from] Stealth Rock\n|-damage|p2a: Muk|19\/100 tox|[from] Spikes\n|turn|24\n|\n|t:|1700837716\n|move|p1a: Ursaluna|Facade|p2a: Muk\n|-damage|p2a: Muk|0 fnt\n|faint|p2a: Muk\n|\n|-damage|p1a: Ursaluna|94\/100 brn|[from] brn\n|upkeep\n|\n|t:|1700837726\n|switch|p2a: Moltres|Moltres-Galar|100\/100\n|turn|25\n|\n|t:|1700837733\n|switch|p1a: Ting-Lu|Ting-Lu|23\/100 psn\n|-ability|p1a: Ting-Lu|Vessel of Ruin\n|move|p2a: Moltres|Fiery Wrath|p1a: Ting-Lu\n|-resisted|p1a: Ting-Lu\n|-damage|p1a: Ting-Lu|17\/100 psn\n|\n|-damage|p1a: Ting-Lu|4\/100 psn|[from] psn\n|-sideend|p1: GUTTY 2.0|Reflect\n|upkeep\n|turn|26\n|\n|t:|1700837743\n|move|p2a: Moltres|Fiery Wrath|p1a: Ting-Lu\n|-resisted|p1a: Ting-Lu\n|-damage|p1a: Ting-Lu|0 fnt\n|faint|p1a: Ting-Lu\n|\n|-sideend|p1: GUTTY 2.0|move: Light Screen\n|upkeep\n|\n|t:|1700837749\n|switch|p1a: Great Tusk|Great Tusk|100\/100\n|-enditem|p1a: Great Tusk|Booster Energy\n|-activate|p1a: Great Tusk|ability: Protosynthesis|[fromitem]\n|-start|p1a: Great Tusk|protosynthesisatk\n|turn|27\n|\n|t:|1700837782\n|-terastallize|p1a: Great Tusk|Electric\n|move|p2a: Moltres|Hurricane|p1a: Great Tusk|[miss]\n|-miss|p2a: Moltres|p1a: Great Tusk\n|move|p1a: Great Tusk|Ice Spinner|p2a: Moltres\n|-supereffective|p2a: Moltres\n|-damage|p2a: Moltres|5\/100\n|-ability|p2a: Moltres|Berserk|boost\n|-boost|p2a: Moltres|spa|1\n|\n|upkeep\n|turn|28\n|\n|t:|1700837796\n|move|p2a: Moltres|Fiery Wrath|p1a: Great Tusk\n|-damage|p1a: Great Tusk|18\/100\n|cant|p1a: Great Tusk|flinch\n|\n|upkeep\n|turn|29\n|\n|t:|1700837808\n|move|p2a: Moltres|Fiery Wrath|p1a: Great Tusk\n|-damage|p1a: Great Tusk|0 fnt\n|faint|p1a: Great Tusk\n|-end|p1a: Great Tusk|Protosynthesis|[silent]\n|\n|upkeep\n|\n|t:|1700837810\n|switch|p1a: Gastrodon|Gastrodon, M|80\/100\n|turn|30\n|\n|t:|1700837816\n|move|p2a: Moltres|Fiery Wrath|p1a: Gastrodon\n|-damage|p1a: Gastrodon|23\/100\n|move|p1a: Gastrodon|Scald|p2a: Moltres\n|-damage|p2a: Moltres|0 fnt\n|faint|p2a: Moltres\n|\n|upkeep\n|\n|t:|1700837826\n|switch|p2a: Gyarados|Gyarados, M|100\/100\n|-damage|p2a: Gyarados|75\/100|[from] Stealth Rock\n|turn|31\n|\n|t:|1700837830\n|move|p2a: Gyarados|Dragon Dance|p2a: Gyarados\n|-boost|p2a: Gyarados|atk|1\n|-boost|p2a: Gyarados|spe|1\n|move|p1a: Gastrodon|Recover|p1a: Gastrodon\n|-heal|p1a: Gastrodon|73\/100\n|\n|upkeep\n|turn|32\n|\n|t:|1700837839\n|move|p2a: Gyarados|Scale Shot|p1a: Gastrodon\n|-damage|p1a: Gastrodon|63\/100\n|-damage|p1a: Gastrodon|52\/100\n|-damage|p1a: Gastrodon|41\/100\n|-damage|p1a: Gastrodon|31\/100\n|-hitcount|p1a: Gastrodon|4\n|-unboost|p2a: Gyarados|def|1\n|-boost|p2a: Gyarados|spe|1\n|move|p1a: Gastrodon|Toxic|p2a: Gyarados\n|-status|p2a: Gyarados|tox\n|\n|-damage|p2a: Gyarados|69\/100 tox|[from] psn\n|upkeep\n|turn|33\n|\n|t:|1700837849\n|move|p2a: Gyarados|Scale Shot|p1a: Gastrodon\n|-damage|p1a: Gastrodon|20\/100\n|-damage|p1a: Gastrodon|11\/100\n|-damage|p1a: Gastrodon|0 fnt\n|faint|p1a: Gastrodon\n|-ability|p2a: Gyarados|Moxie|boost\n|-boost|p2a: Gyarados|atk|1\n|-hitcount|p1: Gastrodon|3\n|-unboost|p2a: Gyarados|def|1\n|-boost|p2a: Gyarados|spe|1\n|\n|-damage|p2a: Gyarados|57\/100 tox|[from] psn\n|upkeep\n|\n|t:|1700837851\n|switch|p1a: Ursaluna|Ursaluna, M|94\/100 brn\n|turn|34\n|\n|t:|1700837856\n|move|p2a: Gyarados|Waterfall|p1a: Ursaluna\n|-supereffective|p1a: Ursaluna\n|-damage|p1a: Ursaluna|0 fnt\n|faint|p1a: Ursaluna\n|\n|win|qazserfvgyujnko\n|raw|GUTTY 2.0's rating: 1236 &rarr; <strong>1214<\/strong><br \/>(-22 for losing)\n|raw|qazserfvgyujnko's rating: 1281 &rarr; <strong>1303<\/strong><br \/>(+22 for winning)\n|l|\u2606GUTTY 2.0\n","uploadtime":1700838293,"views":0,"p1id":"gutty20","p2id":"qazserfvgyujnko","formatid":"gen9nationaldex","rating":1214,"private":0,"password":""}