{"id":"gen9nationaldex-1995895176","p1":"UN0EG0","p2":"lefloseug","format":"[Gen 9] National Dex","log":"|html|<div class=\"broadcast-blue\"><strong>[Gen 9] National Dex is currently suspecting Sneasler! For information on how to participate check out the <a href=\"https:\/\/www.smogon.com\/forums\/threads\/sv-national-dex-suspect-8-just-dance.3731534\/\">suspect thread<\/a>.<\/strong><\/div>\n|j|\u2606UN0EG0\n|j|\u2606lefloseug\n|t:|1700614648\n|gametype|singles\n|player|p1|UN0EG0|ash|1344\n|player|p2|lefloseug|grimsley|1412\n|teamsize|p1|6\n|teamsize|p2|6\n|gen|9\n|tier|[Gen 9] National Dex\n|rated|\n|rule|HP Percentage Mod: HP is shown in percentages\n|rule|Endless Battle Clause: Forcing endless battles is banned\n|rule|OHKO Clause: OHKO moves are banned\n|rule|Evasion Clause: Evasion abilities, items, and moves are banned\n|rule|Evasion Abilities Clause: Evasion abilities are banned\n|rule|Evasion Items Clause: Evasion items are banned\n|rule|Evasion Moves Clause: Evasion moves are banned\n|rule|Species Clause: Limit one of each Pok\u00e9mon\n|rule|Sleep Clause Mod: Limit one foe put to sleep\n|clearpoke\n|poke|p1|Sceptile, M|\n|poke|p1|Greninja-*, M|\n|poke|p1|Gengar, M|\n|poke|p1|Ceruledge, M|\n|poke|p1|Talonflame, F|\n|poke|p1|Goodra-Hisui, M|\n|poke|p2|Pelipper, M|\n|poke|p2|Swampert, M|\n|poke|p2|Tapu Koko|\n|poke|p2|Sneasler, M|\n|poke|p2|Basculegion-F, F|\n|poke|p2|Ferrothorn, M|\n|teampreview\n|inactive|Battle timer is ON: inactive players will automatically lose when time's up. (requested by UN0EG0)\n|\n|t:|1700614655\n|start\n|switch|p1a: Joy boy|Gengar, M|100\/100\n|switch|p2a: Pelipper|Pelipper, M|100\/100\n|-weather|RainDance|[from] ability: Drizzle|[of] p2a: Pelipper\n|turn|1\n|\n|t:|1700614661\n|switch|p2a: Ferrothorn|Ferrothorn, M|100\/100\n|move|p1a: Joy boy|Sludge Wave|p2a: Ferrothorn\n|-immune|p2a: Ferrothorn\n|\n|-weather|RainDance|[upkeep]\n|upkeep\n|turn|2\n|\n|t:|1700614664\n|move|p1a: Joy boy|Taunt|p2a: Ferrothorn\n|-start|p2a: Ferrothorn|move: Taunt\n|cant|p2a: Ferrothorn|move: Taunt|Stealth Rock\n|\n|-weather|RainDance|[upkeep]\n|upkeep\n|turn|3\n|\n|t:|1700614667\n|move|p1a: Joy boy|Shadow Ball|p2a: Ferrothorn\n|-damage|p2a: Ferrothorn|67\/100\n|-unboost|p2a: Ferrothorn|spd|1\n|move|p2a: Ferrothorn|Knock Off|p1a: Joy boy\n|-supereffective|p1a: Joy boy\n|-enditem|p1a: Joy boy|Focus Sash\n|-damage|p1a: Joy boy|1\/100\n|\n|-weather|RainDance|[upkeep]\n|-heal|p2a: Ferrothorn|73\/100|[from] item: Leftovers\n|upkeep\n|turn|4\n|\n|t:|1700614670\n|switch|p2a: Swampert|Swampert, M|100\/100\n|move|p1a: Joy boy|Destiny Bond|p1a: Joy boy\n|-singlemove|p1a: Joy boy|Destiny Bond\n|\n|-weather|RainDance|[upkeep]\n|upkeep\n|turn|5\n|\n|t:|1700614673\n|switch|p2a: Basculegion|Basculegion-F, F|100\/100\n|move|p1a: Joy boy|Shadow Ball|p2a: Basculegion\n|-supereffective|p2a: Basculegion\n|-damage|p2a: Basculegion|1\/100\n|\n|-weather|RainDance|[upkeep]\n|upkeep\n|turn|6\n|\n|t:|1700614679\n|move|p2a: Basculegion|Flip Turn|p1a: Joy boy\n|-damage|p1a: Joy boy|0 fnt\n|faint|p1a: Joy boy\n|\n|t:|1700614686\n|switch|p2a: Swampert|Swampert, M|100\/100|[from] Flip Turn\n|\n|-weather|RainDance|[upkeep]\n|upkeep\n|\n|t:|1700614698\n|switch|p1a: Zoro|Sceptile, M, shiny|100\/100\n|turn|7\n|\n|t:|1700614705\n|detailschange|p2a: Swampert|Swampert-Mega, M\n|-mega|p2a: Swampert|Swampert|Swampertite\n|move|p2a: Swampert|Ice Punch|p1a: Zoro\n|-supereffective|p1a: Zoro\n|-enditem|p1a: Zoro|Focus Sash\n|-damage|p1a: Zoro|1\/100\n|move|p1a: Zoro|Swords Dance|p1a: Zoro\n|-boost|p1a: Zoro|atk|2\n|\n|-weather|RainDance|[upkeep]\n|upkeep\n|turn|8\n|\n|t:|1700614712\n|switch|p2a: Ferrothorn|Ferrothorn, M|73\/100\n|move|p1a: Zoro|Leaf Blade|p2a: Ferrothorn\n|-resisted|p2a: Ferrothorn\n|-damage|p2a: Ferrothorn|59\/100\n|-damage|p1a: Zoro|0 fnt|[from] ability: Iron Barbs|[of] p2a: Ferrothorn\n|faint|p1a: Zoro\n|\n|-weather|none\n|-heal|p2a: Ferrothorn|65\/100|[from] item: Leftovers\n|upkeep\n|\n|t:|1700614716\n|switch|p1a: Megaman|Ceruledge, M|100\/100\n|turn|9\n|\n|t:|1700614721\n|switch|p2a: Pelipper|Pelipper, M|100\/100\n|-weather|RainDance|[from] ability: Drizzle|[of] p2a: Pelipper\n|move|p1a: Megaman|Swords Dance|p1a: Megaman\n|-boost|p1a: Megaman|atk|2\n|\n|-weather|RainDance|[upkeep]\n|upkeep\n|turn|10\n|\n|t:|1700614724\n|move|p1a: Megaman|Dragon Claw|p2a: Pelipper\n|-damage|p2a: Pelipper|45\/100\n|move|p2a: Pelipper|U-turn|p1a: Megaman\n|-resisted|p1a: Megaman\n|-damage|p1a: Megaman|98\/100\n|-ability|p1a: Megaman|Weak Armor|boost\n|-unboost|p1a: Megaman|def|1\n|-boost|p1a: Megaman|spe|2\n|\n|t:|1700614728\n|switch|p2a: Swampert|Swampert-Mega, M|100\/100|[from] U-turn\n|\n|-weather|RainDance|[upkeep]\n|upkeep\n|turn|11\n|\n|t:|1700614731\n|move|p1a: Megaman|Bitter Blade|p2a: Swampert\n|-resisted|p2a: Swampert\n|-damage|p2a: Swampert|79\/100\n|-heal|p1a: Megaman|100\/100|[from] drain|[of] p2a: Swampert\n|move|p2a: Swampert|Flip Turn|p1a: Megaman\n|-supereffective|p1a: Megaman\n|-enditem|p1a: Megaman|Focus Sash\n|-damage|p1a: Megaman|1\/100\n|-ability|p1a: Megaman|Weak Armor|boost\n|-unboost|p1a: Megaman|def|1\n|-boost|p1a: Megaman|spe|2\n|\n|t:|1700614746\n|switch|p2a: Ferrothorn|Ferrothorn, M|65\/100|[from] Flip Turn\n|\n|-weather|RainDance|[upkeep]\n|-heal|p2a: Ferrothorn|71\/100|[from] item: Leftovers\n|upkeep\n|turn|12\n|\n|t:|1700614749\n|move|p1a: Megaman|Bitter Blade|p2a: Ferrothorn\n|-supereffective|p2a: Ferrothorn\n|-damage|p2a: Ferrothorn|0 fnt\n|-heal|p1a: Megaman|44\/100|[from] drain|[of] p2a: Ferrothorn\n|-damage|p1a: Megaman|31\/100|[from] ability: Iron Barbs|[of] p2a: Ferrothorn\n|faint|p2a: Ferrothorn\n|\n|-weather|RainDance|[upkeep]\n|upkeep\n|\n|t:|1700614762\n|switch|p2a: Tapu Koko|Tapu Koko, shiny|100\/100\n|-fieldstart|move: Electric Terrain|[from] ability: Electric Surge|[of] p2a: Tapu Koko\n|turn|13\n|\n|t:|1700614766\n|move|p1a: Megaman|Bitter Blade|p2a: Tapu Koko\n|-damage|p2a: Tapu Koko|36\/100\n|-heal|p1a: Megaman|63\/100|[from] drain|[of] p2a: Tapu Koko\n|move|p2a: Tapu Koko|Volt Switch|p1a: Megaman\n|-damage|p1a: Megaman|20\/100\n|\n|t:|1700614769\n|switch|p2a: Sneasler|Sneasler, M|100\/100|[from] Volt Switch\n|-enditem|p2a: Sneasler|Electric Seed\n|-boost|p2a: Sneasler|def|1|[from] item: Electric Seed\n|\n|-weather|RainDance|[upkeep]\n|upkeep\n|turn|14\n|\n|t:|1700614774\n|move|p1a: Megaman|Bitter Blade|p2a: Sneasler\n|-damage|p2a: Sneasler|51\/100\n|-heal|p1a: Megaman|46\/100|[from] drain|[of] p2a: Sneasler\n|move|p2a: Sneasler|Acrobatics|p1a: Megaman\n|-damage|p1a: Megaman|0 fnt\n|faint|p1a: Megaman\n|\n|-weather|RainDance|[upkeep]\n|upkeep\n|\n|t:|1700614785\n|switch|p1a: Marco|Talonflame, F|100\/100\n|turn|15\n|\n|t:|1700614800\n|move|p1a: Marco|Brave Bird|p2a: Sneasler\n|-supereffective|p2a: Sneasler\n|-damage|p2a: Sneasler|0 fnt\n|faint|p2a: Sneasler\n|-damage|p1a: Marco|84\/100|[from] Recoil\n|\n|-weather|RainDance|[upkeep]\n|upkeep\n|\n|t:|1700614802\n|switch|p2a: Swampert|Swampert-Mega, M|79\/100\n|turn|16\n|\n|t:|1700614808\n|move|p2a: Swampert|Flip Turn|p1a: Marco\n|-supereffective|p1a: Marco\n|-damage|p1a: Marco|0 fnt\n|faint|p1a: Marco\n|\n|t:|1700614824\n|switch|p2a: Tapu Koko|Tapu Koko, shiny|36\/100|[from] Flip Turn\n|\n|-weather|none\n|upkeep\n|\n|t:|1700614828\n|switch|p1a: TT|Goodra-Hisui, M|100\/100\n|turn|17\n|\n|t:|1700614834\n|move|p2a: Tapu Koko|Volt Switch|p1a: TT\n|-resisted|p1a: TT\n|-damage|p1a: TT|92\/100\n|\n|t:|1700614836\n|switch|p2a: Pelipper|Pelipper, M|45\/100|[from] Volt Switch\n|-weather|RainDance|[from] ability: Drizzle|[of] p2a: Pelipper\n|move|p1a: TT|Thunderbolt|p2a: Pelipper\n|-supereffective|p2a: Pelipper\n|-damage|p2a: Pelipper|0 fnt\n|faint|p2a: Pelipper\n|\n|-weather|RainDance|[upkeep]\n|-fieldend|move: Electric Terrain\n|upkeep\n|\n|t:|1700614838\n|switch|p2a: Swampert|Swampert-Mega, M|79\/100\n|turn|18\n|\n|t:|1700614841\n|move|p2a: Swampert|Earthquake|p1a: TT\n|-supereffective|p1a: TT\n|-damage|p1a: TT|0 fnt\n|faint|p1a: TT\n|\n|-weather|RainDance|[upkeep]\n|upkeep\n|\n|t:|1700614844\n|switch|p1a: Naruto|Greninja, M|100\/100\n|turn|19\n|\n|t:|1700614849\n|-terastallize|p1a: Naruto|Water\n|move|p2a: Swampert|Flip Turn|p1a: Naruto\n|-resisted|p1a: Naruto\n|-damage|p1a: Naruto|54\/100\n|\n|t:|1700614854\n|switch|p2a: Basculegion|Basculegion-F, F|1\/100|[from] Flip Turn\n|move|p1a: Naruto|Surf|p2a: Basculegion\n|-resisted|p2a: Basculegion\n|-damage|p2a: Basculegion|0 fnt\n|faint|p2a: Basculegion\n|-ability|p1a: Naruto|Battle Bond|boost\n|-boost|p1a: Naruto|atk|1\n|-boost|p1a: Naruto|spa|1\n|-boost|p1a: Naruto|spe|1\n|-activate|p1a: Naruto|ability: Battle Bond\n|-damage|p1a: Naruto|44\/100|[from] item: Life Orb\n|\n|-weather|RainDance|[upkeep]\n|upkeep\n|\n|t:|1700614856\n|switch|p2a: Swampert|Swampert-Mega, M|79\/100\n|turn|20\n|\n|t:|1700614858\n|move|p1a: Naruto|Surf|p2a: Swampert\n|-damage|p2a: Swampert|0 fnt\n|faint|p2a: Swampert\n|-damage|p1a: Naruto|34\/100|[from] item: Life Orb\n|\n|-weather|RainDance|[upkeep]\n|upkeep\n|-message|lefloseug forfeited.\n|\n|win|UN0EG0\n|raw|UN0EG0's rating: 1344 &rarr; <strong>1369<\/strong><br \/>(+25 for winning)\n|raw|lefloseug's rating: 1428 &rarr; <strong>1403<\/strong><br \/>(-25 for losing)\n|l|\u2606lefloseug\n","uploadtime":1700614876,"views":0,"p1id":"un0eg0","p2id":"lefloseug","formatid":"gen9nationaldex","rating":1369,"private":0,"password":""}