{"id":"gen9nationaldex-1992379874","p1":"Klawf Up A Lung","p2":"Oculars\u2655","format":"[Gen 9] National Dex","log":"|j|\u2606Klawf Up A Lung\n|j|\u2606Oculars\u2655\n|inactive|Battle timer is ON: inactive players will automatically lose when time's up.\n|t:|1700180840\n|gametype|singles\n|player|p1|Klawf Up A Lung|salvatore|\n|player|p2|Oculars\u2655|lusamine-nihilego|\n|teamsize|p1|6\n|teamsize|p2|6\n|gen|9\n|tier|[Gen 9] National Dex\n|rated|Tournament battle\n|rule|HP Percentage Mod: HP is shown in percentages\n|rule|Endless Battle Clause: Forcing endless battles is banned\n|rule|OHKO Clause: OHKO moves are banned\n|rule|Evasion Clause: Evasion abilities, items, and moves are banned\n|rule|Evasion Abilities Clause: Evasion abilities are banned\n|rule|Evasion Items Clause: Evasion items are banned\n|rule|Evasion Moves Clause: Evasion moves are banned\n|rule|Species Clause: Limit one of each Pok\u00e9mon\n|rule|Sleep Clause Mod: Limit one foe put to sleep\n|clearpoke\n|poke|p1|Vileplume, M|\n|poke|p1|Heatran, F|\n|poke|p1|Jellicent, M|\n|poke|p1|Banette, M|\n|poke|p1|Landorus-Therian, M|\n|poke|p1|Thundurus-Therian, M|\n|poke|p2|Grimmsnarl, M|\n|poke|p2|Ursaluna, F|\n|poke|p2|Zamazenta-*|\n|poke|p2|Tapu Lele|\n|poke|p2|Volcarona, M|\n|poke|p2|Gyarados, M|\n|teampreview\n|inactive|Klawf Up A Lung also wants the timer to be on.\n|j| spaceboxer\n|c|\u2606Oculars\u2655|glhf\n|c|\u2606Klawf Up A Lung|U2\n|inactive|Klawf Up A Lung has 120 seconds left.\n|\n|t:|1700180879\n|start\n|switch|p1a: Vileplume|Vileplume, M|100\/100\n|switch|p2a: ayvery|Grimmsnarl, M, shiny|100\/100\n|turn|1\n|\n|t:|1700180903\n|move|p2a: ayvery|Taunt|p1a: Vileplume\n|-start|p1a: Vileplume|move: Taunt\n|move|p1a: Vileplume|Sludge Bomb|p2a: ayvery\n|-supereffective|p2a: ayvery\n|-damage|p2a: ayvery|22\/100\n|\n|upkeep\n|turn|2\n|\n|t:|1700180909\n|switch|p1a: Thundurus|Thundurus-Therian, M|100\/100\n|move|p2a: ayvery|Light Screen|p2a: ayvery\n|-sidestart|p2: Oculars\u2655|move: Light Screen\n|\n|upkeep\n|turn|3\n|\n|t:|1700180912\n|move|p2a: ayvery|Reflect|p2a: ayvery\n|-sidestart|p2: Oculars\u2655|Reflect\n|move|p1a: Thundurus|Volt Switch|p2a: ayvery\n|-damage|p2a: ayvery|0 fnt\n|faint|p2a: ayvery\n|\n|t:|1700180935\n|switch|p1a: Willow|Jellicent, M|100\/100|[from] Volt Switch\n|\n|upkeep\n|\n|t:|1700180948\n|switch|p2a: Gyarados|Gyarados, M|100\/100\n|-ability|p2a: Gyarados|Intimidate|boost\n|-unboost|p1a: Willow|atk|1\n|turn|4\n|\n|t:|1700180953\n|switch|p1a: Landorus|Landorus-Therian, M|100\/100\n|-ability|p1a: Landorus|Intimidate|boost\n|-unboost|p2a: Gyarados|atk|1\n|move|p2a: Gyarados|Taunt|p1a: Landorus\n|-start|p1a: Landorus|move: Taunt\n|\n|upkeep\n|turn|5\n|\n|t:|1700180963\n|switch|p1a: Willow|Jellicent, M|100\/100\n|move|p2a: Gyarados|Dragon Dance|p2a: Gyarados\n|-boost|p2a: Gyarados|atk|1\n|-boost|p2a: Gyarados|spe|1\n|\n|upkeep\n|turn|6\n|\n|t:|1700180968\n|detailschange|p2a: Gyarados|Gyarados-Mega, M\n|-mega|p2a: Gyarados|Gyarados|Gyaradosite\n|-ability|p2a: Gyarados|Mold Breaker\n|move|p2a: Gyarados|Crunch|p1a: Willow\n|-supereffective|p1a: Willow\n|-damage|p1a: Willow|18\/100\n|move|p1a: Willow|Toxic|p2a: Gyarados\n|-status|p2a: Gyarados|tox\n|\n|-heal|p1a: Willow|25\/100|[from] item: Leftovers\n|-damage|p2a: Gyarados|94\/100 tox|[from] psn\n|upkeep\n|turn|7\n|\n|t:|1700180974\n|move|p2a: Gyarados|Crunch|p1a: Willow\n|-supereffective|p1a: Willow\n|-crit|p1a: Willow\n|-damage|p1a: Willow|0 fnt\n|faint|p1a: Willow\n|\n|-damage|p2a: Gyarados|82\/100 tox|[from] psn\n|upkeep\n|\n|t:|1700180981\n|switch|p1a: Landorus|Landorus-Therian, M|100\/100\n|-ability|p1a: Landorus|Intimidate|boost\n|-unboost|p2a: Gyarados|atk|1\n|turn|8\n|\n|t:|1700180986\n|move|p1a: Landorus|U-turn|p2a: Gyarados\n|-supereffective|p2a: Gyarados\n|-crit|p2a: Gyarados\n|-damage|p2a: Gyarados|0 fnt\n|faint|p2a: Gyarados\n|c|\u2606Oculars\u2655|its scarf lando\n|c|\u2606Klawf Up A Lung|Maybe\n|\n|t:|1700181007\n|switch|p1a: Vileplume|Vileplume, M|100\/100|[from] U-turn\n|\n|upkeep\n|\n|t:|1700181012\n|switch|p2a: Tapu Lele|Tapu Lele|100\/100\n|-fieldstart|move: Psychic Terrain|[from] ability: Psychic Surge|[of] p2a: Tapu Lele\n|turn|9\n|\n|t:|1700181015\n|switch|p1a: Heatran|Heatran, F|100\/100\n|move|p2a: Tapu Lele|Psyshock|p1a: Heatran\n|-resisted|p1a: Heatran\n|-damage|p1a: Heatran|76\/100\n|\n|-heal|p1a: Heatran|82\/100|[from] item: Leftovers\n|-sideend|p2: Oculars\u2655|move: Light Screen\n|upkeep\n|turn|10\n|\n|t:|1700181020\n|switch|p2a: Zamazenta|Zamazenta|100\/100\n|-ability|p2a: Zamazenta|Dauntless Shield|boost\n|-boost|p2a: Zamazenta|def|1\n|move|p1a: Heatran|Magma Storm|p2a: Zamazenta\n|-damage|p2a: Zamazenta|59\/100\n|-activate|p2a: Zamazenta|move: Magma Storm|[of] p1a: Heatran\n|\n|-heal|p1a: Heatran|88\/100|[from] item: Leftovers\n|-damage|p2a: Zamazenta|46\/100|[from] move: Magma Storm|[partiallytrapped]\n|-sideend|p2: Oculars\u2655|Reflect\n|upkeep\n|turn|11\n|\n|t:|1700181023\n|switch|p1a: Vileplume|Vileplume, M|100\/100\n|move|p2a: Zamazenta|Ice Fang|p1a: Vileplume\n|-supereffective|p1a: Vileplume\n|-damage|p1a: Vileplume|47\/100\n|-damage|p2a: Zamazenta|30\/100|[from] item: Rocky Helmet|[of] p1a: Vileplume\n|\n|-end|p2a: Zamazenta|Magma Storm|[partiallytrapped]|[silent]\n|upkeep\n|turn|12\n|\n|t:|1700181031\n|-terastallize|p1a: Vileplume|Water\n|move|p2a: Zamazenta|Ice Fang|p1a: Vileplume\n|-resisted|p1a: Vileplume\n|-damage|p1a: Vileplume|35\/100\n|-damage|p2a: Zamazenta|13\/100|[from] item: Rocky Helmet|[of] p1a: Vileplume\n|-status|p2a: Zamazenta|slp|[from] ability: Effect Spore|[of] p1a: Vileplume\n|move|p1a: Vileplume|Strength Sap|p2a: Zamazenta\n|-unboost|p2a: Zamazenta|atk|1\n|-heal|p1a: Vileplume|100\/100\n|\n|upkeep\n|turn|13\n|\n|t:|1700181036\n|switch|p2a: Tapu Lele|Tapu Lele|100\/100\n|move|p1a: Vileplume|Sludge Bomb|p2a: Tapu Lele\n|-supereffective|p2a: Tapu Lele\n|-damage|p2a: Tapu Lele|23\/100\n|\n|-fieldend|move: Psychic Terrain\n|upkeep\n|turn|14\n|\n|t:|1700181039\n|-zpower|p2a: Tapu Lele\n|move|p2a: Tapu Lele|Shattered Psyche|p1a: Vileplume|[zeffect]\n|-damage|p1a: Vileplume|0 fnt\n|faint|p1a: Vileplume\n|\n|upkeep\n|\n|t:|1700181045\n|switch|p1a: Landorus|Landorus-Therian, M|100\/100\n|-ability|p1a: Landorus|Intimidate|boost\n|-unboost|p2a: Tapu Lele|atk|1\n|turn|15\n|\n|t:|1700181048\n|switch|p2a: Zamazenta|Zamazenta|13\/100 slp\n|move|p1a: Landorus|Earthquake|p2a: Zamazenta\n|-crit|p2a: Zamazenta\n|-damage|p2a: Zamazenta|0 fnt\n|faint|p2a: Zamazenta\n|\n|upkeep\n|\n|t:|1700181050\n|switch|p2a: yogi v2|Ursaluna, F|100\/100\n|turn|16\n|\n|t:|1700181069\n|switch|p1a: Heatran|Heatran, F|88\/100\n|move|p2a: yogi v2|Facade|p1a: Heatran\n|-resisted|p1a: Heatran\n|-damage|p1a: Heatran|69\/100\n|\n|-heal|p1a: Heatran|75\/100|[from] item: Leftovers\n|-status|p2a: yogi v2|brn|[from] item: Flame Orb\n|upkeep\n|turn|17\n|\n|t:|1700181074\n|switch|p1a: Landorus|Landorus-Therian, M|100\/100\n|-ability|p1a: Landorus|Intimidate|boost\n|-unboost|p2a: yogi v2|atk|1\n|move|p2a: yogi v2|Headlong Rush|p1a: Landorus\n|-immune|p1a: Landorus\n|\n|-damage|p2a: yogi v2|94\/100 brn|[from] brn\n|upkeep\n|turn|18\n|\n|t:|1700181076\n|move|p1a: Landorus|U-turn|p2a: yogi v2\n|-damage|p2a: yogi v2|74\/100 brn\n|\n|t:|1700181080\n|switch|p1a: Banette|Banette, M|100\/100|[from] U-turn\n|-item|p2a: yogi v2|Flame Orb|[from] ability: Frisk|[of] p1a: Banette|[identify]\n|move|p2a: yogi v2|Facade|p1a: Banette\n|-immune|p1a: Banette\n|\n|-damage|p2a: yogi v2|68\/100 brn|[from] brn\n|upkeep\n|turn|19\n|j| Hallowed Knights\n|\n|t:|1700181083\n|switch|p1a: Landorus|Landorus-Therian, M|100\/100\n|-ability|p1a: Landorus|Intimidate|boost\n|-unboost|p2a: yogi v2|atk|1\n|switch|p2a: Tapu Lele|Tapu Lele|23\/100\n|-fieldstart|move: Psychic Terrain|[from] ability: Psychic Surge|[of] p2a: Tapu Lele\n|\n|upkeep\n|turn|20\n|\n|t:|1700181088\n|move|p1a: Landorus|Earthquake|p2a: Tapu Lele\n|-damage|p2a: Tapu Lele|0 fnt\n|faint|p2a: Tapu Lele\n|\n|upkeep\n|\n|t:|1700181090\n|switch|p2a: yogi v2|Ursaluna, F|68\/100 brn\n|turn|21\n|\n|t:|1700181092\n|move|p1a: Landorus|Earthquake|p2a: yogi v2\n|-damage|p2a: yogi v2|25\/100 brn\n|move|p2a: yogi v2|Headlong Rush|p1a: Landorus\n|-immune|p1a: Landorus\n|\n|-damage|p2a: yogi v2|19\/100 brn|[from] brn\n|upkeep\n|turn|22\n|-message|Oculars\u2655 forfeited.\n|\n|win|Klawf Up A Lung\n|n|\u2606Klawf Up A Lung|klawfupalung\n|n|\u2606Oculars\u2655|oculars\n|n| spaceboxer|spaceboxer\n|n| Hallowed Knights|hallowedknights\n|l|\u2606Oculars\u2655\n|l|\u2606Klawf Up A Lung\n|l| spaceboxer\n|j|\u2606Klawf Up A Lung\n|player|p1|Klawf Up A Lung|salvatore\n","uploadtime":1700181099,"views":18,"p1id":"klawfupalung","p2id":"oculars","formatid":"gen9nationaldex","rating":0,"private":0,"password":""}