{"id":"gen9nationaldex-1987679483","p1":"runeatest","p2":"Danish1526","format":"[Gen 9] National Dex","log":"|j|\u2606runeatest\n|j|\u2606Danish1526\n|t:|1699626947\n|gametype|singles\n|player|p1|runeatest|170|1169\n|player|p2|Danish1526|wattson|1254\n|teamsize|p1|6\n|teamsize|p2|6\n|gen|9\n|tier|[Gen 9] National Dex\n|rated|\n|rule|HP Percentage Mod: HP is shown in percentages\n|rule|Endless Battle Clause: Forcing endless battles is banned\n|rule|OHKO Clause: OHKO moves are banned\n|rule|Evasion Clause: Evasion abilities, items, and moves are banned\n|rule|Evasion Abilities Clause: Evasion abilities are banned\n|rule|Evasion Items Clause: Evasion items are banned\n|rule|Evasion Moves Clause: Evasion moves are banned\n|rule|Species Clause: Limit one of each Pok\u00e9mon\n|rule|Sleep Clause Mod: Limit one foe put to sleep\n|clearpoke\n|poke|p1|Vaporeon, M|\n|poke|p1|Salamence, M|\n|poke|p1|Hitmontop, M|\n|poke|p1|Electivire, M|\n|poke|p1|Togekiss, M|\n|poke|p1|Houndoom, M|\n|poke|p2|Grimmsnarl, M|\n|poke|p2|Steelix, M|\n|poke|p2|Latios, M|\n|poke|p2|Meowscarada, M|\n|poke|p2|Garchomp, M|\n|poke|p2|Zoroark-Hisui, F|\n|teampreview\n|inactive|Battle timer is ON: inactive players will automatically lose when time's up. (requested by Danish1526)\n|\n|t:|1699626974\n|start\n|switch|p1a: Salamence|Salamence, M|100\/100\n|switch|p2a: Garchomp|Garchomp, M|100\/100\n|-ability|p1a: Salamence|Intimidate|boost\n|-unboost|p2a: Garchomp|atk|1\n|turn|1\n|\n|t:|1699626991\n|switch|p1a: Vaporeon|Vaporeon, M|100\/100\n|move|p2a: Garchomp|Stealth Rock|p1a: Vaporeon\n|-sidestart|p1: runeatest|move: Stealth Rock\n|\n|upkeep\n|turn|2\n|\n|t:|1699626996\n|move|p2a: Garchomp|Spikes|p1a: Vaporeon\n|-sidestart|p1: runeatest|Spikes\n|move|p1a: Vaporeon|Ice Beam|p2a: Garchomp\n|-supereffective|p2a: Garchomp\n|-damage|p2a: Garchomp|0 fnt\n|faint|p2a: Garchomp\n|\n|upkeep\n|\n|t:|1699627006\n|switch|p2a: Meowscarada|Meowscarada, M|100\/100\n|turn|3\n|\n|t:|1699627009\n|-terastallize|p1a: Vaporeon|Ice\n|move|p2a: Meowscarada|U-turn|p1a: Vaporeon\n|-start|p2a: Meowscarada|typechange|Bug|[from] ability: Protean\n|-damage|p1a: Vaporeon|65\/100\n|-damage|p2a: Meowscarada|91\/100|[from] item: Life Orb\n|\n|t:|1699627017\n|switch|p2a: Grimmsnarl|Grimmsnarl, M|100\/100|[from] U-turn\n|move|p1a: Vaporeon|Ice Beam|p2a: Grimmsnarl\n|-damage|p2a: Grimmsnarl|65\/100\n|\n|-heal|p1a: Vaporeon|71\/100|[from] item: Leftovers\n|upkeep\n|turn|4\n|\n|t:|1699627025\n|switch|p1a: Hitmontop|Hitmontop, M|100\/100\n|-damage|p1a: Hitmontop|94\/100|[from] Stealth Rock\n|-damage|p1a: Hitmontop|82\/100|[from] Spikes\n|move|p2a: Grimmsnarl|Light Screen|p2a: Grimmsnarl\n|-sidestart|p2: Danish1526|move: Light Screen\n|\n|upkeep\n|turn|5\n|\n|t:|1699627032\n|move|p2a: Grimmsnarl|Parting Shot|p1a: Hitmontop\n|-unboost|p1a: Hitmontop|atk|1\n|-unboost|p1a: Hitmontop|spa|1\n|\n|t:|1699627034\n|switch|p2a: Meowscarada|Meowscarada, M|100\/100|[from] Parting Shot\n|move|p1a: Hitmontop|Rapid Spin|p2a: Meowscarada\n|-immune|p2a: Meowscarada\n|\n|upkeep\n|turn|6\n|\n|t:|1699627040\n|switch|p1a: Houndoom|Houndoom, M|100\/100\n|-damage|p1a: Houndoom|76\/100|[from] Stealth Rock\n|-damage|p1a: Houndoom|63\/100|[from] Spikes\n|move|p2a: Meowscarada|Swords Dance|p2a: Meowscarada\n|-boost|p2a: Meowscarada|atk|2\n|\n|upkeep\n|turn|7\n|\n|t:|1699627049\n|move|p2a: Meowscarada|Low Kick|p1a: Houndoom\n|-supereffective|p1a: Houndoom\n|-damage|p1a: Houndoom|0 fnt\n|faint|p1a: Houndoom\n|-damage|p2a: Meowscarada|91\/100|[from] item: Life Orb\n|\n|upkeep\n|\n|t:|1699627056\n|switch|p1a: Salamence|Salamence, M|100\/100\n|-damage|p1a: Salamence|76\/100|[from] Stealth Rock\n|-ability|p1a: Salamence|Intimidate|boost\n|-unboost|p2a: Meowscarada|atk|1\n|turn|8\n|\n|t:|1699627064\n|move|p2a: Meowscarada|Poltergeist|p1a: Salamence\n|-activate|p1a: Salamence|move: Poltergeist|Choice Specs\n|-damage|p1a: Salamence|0 fnt\n|faint|p1a: Salamence\n|-damage|p2a: Meowscarada|81\/100|[from] item: Life Orb\n|\n|upkeep\n|\n|t:|1699627071\n|switch|p1a: Togekiss|Togekiss, M, shiny|100\/100\n|-damage|p1a: Togekiss|75\/100|[from] Stealth Rock\n|turn|9\n|\n|t:|1699627075\n|-terastallize|p2a: Meowscarada|Ghost\n|move|p2a: Meowscarada|Shadow Sneak|p1a: Togekiss\n|-damage|p1a: Togekiss|21\/100\n|-damage|p2a: Meowscarada|71\/100|[from] item: Life Orb\n|move|p1a: Togekiss|Thunder Wave|p2a: Meowscarada\n|-status|p2a: Meowscarada|par\n|\n|upkeep\n|turn|10\n|\n|t:|1699627082\n|move|p2a: Meowscarada|Shadow Sneak|p1a: Togekiss\n|-damage|p1a: Togekiss|0 fnt\n|faint|p1a: Togekiss\n|-damage|p2a: Meowscarada|61\/100 par|[from] item: Life Orb\n|\n|upkeep\n|\n|t:|1699627087\n|switch|p1a: Vaporeon|Vaporeon, M, tera:Ice|71\/100\n|-damage|p1a: Vaporeon|47\/100|[from] Stealth Rock\n|-damage|p1a: Vaporeon|34\/100|[from] Spikes\n|turn|11\n|\n|t:|1699627092\n|move|p2a: Meowscarada|Shadow Sneak|p1a: Vaporeon\n|-damage|p1a: Vaporeon|0 fnt\n|faint|p1a: Vaporeon\n|-damage|p2a: Meowscarada|51\/100 par|[from] item: Life Orb\n|\n|-sideend|p2: Danish1526|move: Light Screen\n|upkeep\n|\n|t:|1699627099\n|switch|p1a: Hitmontop|Hitmontop, M|82\/100\n|-damage|p1a: Hitmontop|76\/100|[from] Stealth Rock\n|-damage|p1a: Hitmontop|63\/100|[from] Spikes\n|turn|12\n|\n|t:|1699627104\n|move|p1a: Hitmontop|Sucker Punch|p2a: Meowscarada\n|-supereffective|p2a: Meowscarada\n|-damage|p2a: Meowscarada|0 fnt\n|replace|p2a: Zoroark|Zoroark-Hisui, F\n|-end|p2a: Zoroark|Illusion\n|faint|p2a: Zoroark\n|\n|upkeep\n|\n|t:|1699627109\n|switch|p2a: Grimmsnarl|Grimmsnarl, M|65\/100\n|turn|13\n|\n|t:|1699627112\n|move|p2a: Grimmsnarl|Reflect|p2a: Grimmsnarl\n|-sidestart|p2: Danish1526|Reflect\n|move|p1a: Hitmontop|Rapid Spin|p2a: Grimmsnarl\n|-damage|p2a: Grimmsnarl|50\/100\n|-boost|p1a: Hitmontop|spe|1\n|-sideend|p1: runeatest|Spikes|[from] move: Rapid Spin|[of] p1a: Hitmontop\n|-sideend|p1: runeatest|Stealth Rock|[from] move: Rapid Spin|[of] p1a: Hitmontop\n|\n|upkeep\n|turn|14\n|\n|t:|1699627118\n|move|p2a: Grimmsnarl|Light Screen|p2a: Grimmsnarl\n|-sidestart|p2: Danish1526|move: Light Screen\n|move|p1a: Hitmontop|High Jump Kick|p2a: Grimmsnarl|[miss]\n|-miss|p1a: Hitmontop|p2a: Grimmsnarl\n|-damage|p1a: Hitmontop|13\/100|[from] highjumpkick\n|\n|upkeep\n|turn|15\n|-message|runeatest forfeited.\n|\n|win|Danish1526\n|raw|runeatest's rating: 1169 &rarr; <strong>1150<\/strong><br \/>(-19 for losing)\n|raw|Danish1526's rating: 1254 &rarr; <strong>1273<\/strong><br \/>(+19 for winning)\n|l|\u2606runeatest\n","uploadtime":1699627127,"views":15,"p1id":"runeatest","p2id":"danish1526","formatid":"gen9nationaldex","rating":1150,"private":0,"password":""}