{"id":"gen9nationaldex-1992460796","p1":"shuichi420","p2":"vinhfancharizard","format":"[Gen 9] National Dex","log":"|j|\u2606shuichi420\n|j|\u2606vinhfancharizard\n|t:|1700190333\n|gametype|singles\n|player|p1|shuichi420|266|1326\n|player|p2|vinhfancharizard|n|1321\n|teamsize|p1|6\n|teamsize|p2|6\n|gen|9\n|tier|[Gen 9] National Dex\n|rated|\n|rule|HP Percentage Mod: HP is shown in percentages\n|rule|Endless Battle Clause: Forcing endless battles is banned\n|rule|OHKO Clause: OHKO moves are banned\n|rule|Evasion Clause: Evasion abilities, items, and moves are banned\n|rule|Evasion Abilities Clause: Evasion abilities are banned\n|rule|Evasion Items Clause: Evasion items are banned\n|rule|Evasion Moves Clause: Evasion moves are banned\n|rule|Species Clause: Limit one of each Pok\u00e9mon\n|rule|Sleep Clause Mod: Limit one foe put to sleep\n|clearpoke\n|poke|p1|Volcarona, M|\n|poke|p1|Iron Valiant|\n|poke|p1|Sneasler, M|\n|poke|p1|Tapu Koko|\n|poke|p1|Scizor, M|\n|poke|p1|Landorus-Therian, M|\n|poke|p2|Charizard, M|\n|poke|p2|Crawdaunt, F|\n|poke|p2|Thundurus, M|\n|poke|p2|Volcarona, M|\n|poke|p2|Dragonite, F|\n|poke|p2|Gliscor, M|\n|teampreview\n|\n|t:|1700190343\n|start\n|switch|p1a: Landorus|Landorus-Therian, M|100\/100\n|switch|p2a: Gliscor|Gliscor, M|100\/100\n|-ability|p1a: Landorus|Intimidate|boost\n|-unboost|p2a: Gliscor|atk|1\n|turn|1\n|\n|t:|1700190351\n|move|p2a: Gliscor|Stealth Rock|p1a: Landorus\n|-sidestart|p1: shuichi420|move: Stealth Rock\n|move|p1a: Landorus|Taunt|p2a: Gliscor\n|-start|p2a: Gliscor|move: Taunt\n|\n|-status|p2a: Gliscor|tox|[from] item: Toxic Orb\n|upkeep\n|turn|2\n|\n|t:|1700190354\n|move|p2a: Gliscor|Earthquake|p1a: Landorus\n|-immune|p1a: Landorus\n|move|p1a: Landorus|Stealth Rock|p2a: Gliscor\n|-sidestart|p2: vinhfancharizard|move: Stealth Rock\n|\n|upkeep\n|turn|3\n|\n|t:|1700190359\n|move|p2a: Gliscor|Earthquake|p1a: Landorus\n|-immune|p1a: Landorus\n|move|p1a: Landorus|Explosion|p2a: Gliscor\n|-damage|p2a: Gliscor|14\/100 tox\n|faint|p1a: Landorus\n|\n|-heal|p2a: Gliscor|26\/100 tox|[from] ability: Poison Heal\n|upkeep\n|\n|t:|1700190377\n|switch|p1a: Iron Valiant|Iron Valiant, shiny|100\/100\n|-damage|p1a: Iron Valiant|94\/100|[from] Stealth Rock\n|turn|4\n|\n|t:|1700190385\n|move|p1a: Iron Valiant|Calm Mind|p1a: Iron Valiant\n|-boost|p1a: Iron Valiant|spa|1\n|-boost|p1a: Iron Valiant|spd|1\n|move|p2a: Gliscor|Earthquake|p1a: Iron Valiant\n|-damage|p1a: Iron Valiant|57\/100\n|\n|-heal|p2a: Gliscor|39\/100 tox|[from] ability: Poison Heal\n|-end|p2a: Gliscor|move: Taunt\n|upkeep\n|turn|5\n|\n|t:|1700190393\n|move|p2a: Gliscor|Protect|p2a: Gliscor\n|-singleturn|p2a: Gliscor|Protect\n|move|p1a: Iron Valiant|Moonblast|p2a: Gliscor\n|-activate|p2a: Gliscor|move: Protect\n|\n|-heal|p2a: Gliscor|51\/100 tox|[from] ability: Poison Heal\n|upkeep\n|turn|6\n|\n|t:|1700190399\n|move|p1a: Iron Valiant|Moonblast|p2a: Gliscor\n|-damage|p2a: Gliscor|0 fnt\n|faint|p2a: Gliscor\n|-damage|p1a: Iron Valiant|47\/100|[from] item: Life Orb\n|\n|upkeep\n|\n|t:|1700190413\n|switch|p2a: Dragonite|Dragonite, F|100\/100\n|-damage|p2a: Dragonite|76\/100|[from] Stealth Rock\n|turn|7\n|\n|t:|1700190428\n|move|p1a: Iron Valiant|Moonblast|p2a: Dragonite\n|-supereffective|p2a: Dragonite\n|-damage|p2a: Dragonite|0 fnt\n|faint|p2a: Dragonite\n|-damage|p1a: Iron Valiant|37\/100|[from] item: Life Orb\n|\n|upkeep\n|\n|t:|1700190442\n|switch|p2a: Crawdaunt|Crawdaunt, F|100\/100\n|-damage|p2a: Crawdaunt|88\/100|[from] Stealth Rock\n|turn|8\n|\n|t:|1700190447\n|move|p2a: Crawdaunt|Aqua Jet|p1a: Iron Valiant\n|-damage|p1a: Iron Valiant|0 fnt\n|faint|p1a: Iron Valiant\n|-end|p1a: Iron Valiant|Quark Drive|[silent]\n|-damage|p2a: Crawdaunt|78\/100|[from] item: Life Orb\n|\n|upkeep\n|\n|t:|1700190466\n|switch|p1a: Tapu Koko|Tapu Koko|100\/100\n|-damage|p1a: Tapu Koko|88\/100|[from] Stealth Rock\n|-fieldstart|move: Electric Terrain|[from] ability: Electric Surge|[of] p1a: Tapu Koko\n|turn|9\n|\n|t:|1700190474\n|move|p2a: Crawdaunt|Aqua Jet|p1a: Tapu Koko\n|-damage|p1a: Tapu Koko|48\/100\n|-damage|p2a: Crawdaunt|69\/100|[from] item: Life Orb\n|move|p1a: Tapu Koko|Reflect|p1a: Tapu Koko\n|-sidestart|p1: shuichi420|Reflect\n|\n|upkeep\n|turn|10\n|\n|t:|1700190484\n|move|p2a: Crawdaunt|Aqua Jet|p1a: Tapu Koko\n|-damage|p1a: Tapu Koko|30\/100\n|-damage|p2a: Crawdaunt|59\/100|[from] item: Life Orb\n|move|p1a: Tapu Koko|Light Screen|p1a: Tapu Koko\n|-sidestart|p1: shuichi420|move: Light Screen\n|\n|upkeep\n|turn|11\n|\n|t:|1700190490\n|move|p2a: Crawdaunt|Aqua Jet|p1a: Tapu Koko\n|-damage|p1a: Tapu Koko|9\/100\n|-damage|p2a: Crawdaunt|49\/100|[from] item: Life Orb\n|move|p1a: Tapu Koko|U-turn|p2a: Crawdaunt\n|-supereffective|p2a: Crawdaunt\n|-damage|p2a: Crawdaunt|0 fnt\n|faint|p2a: Crawdaunt\n|\n|t:|1700190499\n|switch|p1a: Sneasler|Sneasler, M, shiny|100\/100|[from] U-turn\n|-damage|p1a: Sneasler|95\/100|[from] Stealth Rock\n|-ability|p1a: Sneasler|Pressure\n|\n|upkeep\n|\n|t:|1700190518\n|switch|p2a: Volcarona|Volcarona, M|100\/100\n|turn|12\n|\n|t:|1700190530\n|-terastallize|p1a: Sneasler|Flying\n|move|p1a: Sneasler|Acrobatics|p2a: Volcarona\n|-supereffective|p2a: Volcarona\n|-damage|p2a: Volcarona|5\/100\n|move|p2a: Volcarona|Quiver Dance|p2a: Volcarona\n|-boost|p2a: Volcarona|spa|1\n|-boost|p2a: Volcarona|spd|1\n|-boost|p2a: Volcarona|spe|1\n|\n|upkeep\n|turn|13\n|\n|t:|1700190540\n|move|p2a: Volcarona|Fiery Dance|p1a: Sneasler\n|-damage|p1a: Sneasler|55\/100\n|move|p1a: Sneasler|Acrobatics|p2a: Volcarona\n|-supereffective|p2a: Volcarona\n|-damage|p2a: Volcarona|0 fnt\n|faint|p2a: Volcarona\n|\n|-fieldend|move: Electric Terrain\n|upkeep\n|\n|t:|1700190549\n|switch|p2a: Thundurus|Thundurus, M|100\/100\n|turn|14\n|\n|t:|1700190555\n|move|p2a: Thundurus|Defog|p1a: Sneasler\n|-unboost|p1a: Sneasler|evasion|1\n|-sideend|p1: shuichi420|Reflect\n|-sideend|p1: shuichi420|move: Light Screen\n|-sideend|p1: shuichi420|Stealth Rock|[from] move: Defog|[of] p2a: Thundurus\n|-sideend|p2: vinhfancharizard|Stealth Rock|[from] move: Defog|[of] p2a: Thundurus\n|move|p1a: Sneasler|Acrobatics|p2a: Thundurus\n|-resisted|p2a: Thundurus\n|-damage|p2a: Thundurus|76\/100\n|\n|upkeep\n|turn|15\n|\n|t:|1700190558\n|move|p2a: Thundurus|Thunder Wave|p1a: Sneasler\n|-status|p1a: Sneasler|par\n|move|p1a: Sneasler|Dire Claw|p2a: Thundurus\n|-damage|p2a: Thundurus|9\/100\n|\n|upkeep\n|turn|16\n|\n|t:|1700190565\n|move|p2a: Thundurus|Thunder|p1a: Sneasler\n|-supereffective|p1a: Sneasler\n|-damage|p1a: Sneasler|0 fnt\n|faint|p1a: Sneasler\n|\n|upkeep\n|\n|t:|1700190571\n|switch|p1a: Volcarona|Volcarona, M|100\/100\n|turn|17\n|\n|t:|1700190576\n|move|p2a: Thundurus|Thunder Wave|p1a: Volcarona\n|-status|p1a: Volcarona|par\n|cant|p1a: Volcarona|par\n|\n|upkeep\n|turn|18\n|\n|t:|1700190579\n|move|p2a: Thundurus|Taunt|p1a: Volcarona\n|-start|p1a: Volcarona|move: Taunt\n|cant|p1a: Volcarona|par\n|\n|upkeep\n|turn|19\n|\n|t:|1700190585\n|move|p2a: Thundurus|Thunder|p1a: Volcarona\n|-crit|p1a: Volcarona\n|-damage|p1a: Volcarona|5\/100 par\n|move|p1a: Volcarona|Flamethrower|p2a: Thundurus\n|-damage|p2a: Thundurus|0 fnt\n|faint|p2a: Thundurus\n|\n|upkeep\n|\n|t:|1700190590\n|switch|p2a: Charizard|Charizard, M|100\/100\n|turn|20\n|\n|t:|1700190594\n|switch|p1a: Scizor|Scizor, M|100\/100\n|detailschange|p2a: Charizard|Charizard-Mega-Y, M\n|-mega|p2a: Charizard|Charizard|Charizardite Y\n|-weather|SunnyDay|[from] ability: Drought|[of] p2a: Charizard\n|move|p2a: Charizard|Dragon Pulse|p1a: Scizor\n|-resisted|p1a: Scizor\n|-damage|p1a: Scizor|75\/100\n|\n|-weather|SunnyDay|[upkeep]\n|upkeep\n|turn|21\n|\n|t:|1700190600\n|detailschange|p1a: Scizor|Scizor-Mega, M\n|-mega|p1a: Scizor|Scizor|Scizorite\n|move|p2a: Charizard|Fire Blast|p1a: Scizor\n|-supereffective|p1a: Scizor\n|-damage|p1a: Scizor|0 fnt\n|faint|p1a: Scizor\n|\n|-weather|SunnyDay|[upkeep]\n|upkeep\n|\n|t:|1700190604\n|switch|p1a: Tapu Koko|Tapu Koko|9\/100\n|-fieldstart|move: Electric Terrain|[from] ability: Electric Surge|[of] p1a: Tapu Koko\n|turn|22\n|\n|t:|1700190607\n|move|p1a: Tapu Koko|Wild Charge|p2a: Charizard\n|-supereffective|p2a: Charizard\n|-damage|p2a: Charizard|0 fnt\n|faint|p2a: Charizard\n|-damage|p1a: Tapu Koko|0 fnt|[from] Recoil\n|faint|p1a: Tapu Koko\n|\n|win|shuichi420\n|raw|shuichi420's rating: 1326 &rarr; <strong>1346<\/strong><br \/>(+20 for winning)\n|raw|vinhfancharizard's rating: 1321 &rarr; <strong>1301<\/strong><br \/>(-20 for losing)\n|l|\u2606vinhfancharizard\n","uploadtime":1700190622,"views":4,"p1id":"shuichi420","p2id":"vinhfancharizard","formatid":"gen9nationaldex","rating":1301,"private":0,"password":""}