{"id":"gen9nationaldex-1997021480","p1":"PikaPlayer1001000","p2":"TexanFarmersMarket","format":"[Gen 9] National Dex","log":"|html|<div class=\"broadcast-blue\"><strong>[Gen 9] National Dex is currently suspecting Sneasler! For information on how to participate check out the <a href=\"https:\/\/www.smogon.com\/forums\/threads\/sv-national-dex-suspect-8-just-dance.3731534\/\">suspect thread<\/a>.<\/strong><\/div>\n|j|\u2606PikaPlayer1001000\n|j|\u2606TexanFarmersMarket\n|t:|1700756539\n|gametype|singles\n|player|p1|PikaPlayer1001000|102|1270\n|player|p2|TexanFarmersMarket|artist-gen4|1201\n|teamsize|p1|6\n|teamsize|p2|6\n|gen|9\n|tier|[Gen 9] National Dex\n|rated|\n|rule|HP Percentage Mod: HP is shown in percentages\n|rule|Endless Battle Clause: Forcing endless battles is banned\n|rule|OHKO Clause: OHKO moves are banned\n|rule|Evasion Clause: Evasion abilities, items, and moves are banned\n|rule|Evasion Abilities Clause: Evasion abilities are banned\n|rule|Evasion Items Clause: Evasion items are banned\n|rule|Evasion Moves Clause: Evasion moves are banned\n|rule|Species Clause: Limit one of each Pok\u00e9mon\n|rule|Sleep Clause Mod: Limit one foe put to sleep\n|clearpoke\n|poke|p1|Kricketune, M|\n|poke|p1|Mawile, M|\n|poke|p1|Ninetales-Alola, M|\n|poke|p1|Ribombee, M|\n|poke|p1|Pawmot, M|\n|poke|p1|Excadrill, M|\n|poke|p2|Quaquaval, F|\n|poke|p2|Typhlosion-Hisui, M|\n|poke|p2|Charizard, M|\n|poke|p2|Torterra, M|\n|poke|p2|Serperior, M|\n|poke|p2|Empoleon, F|\n|teampreview\n|inactive|Battle timer is ON: inactive players will automatically lose when time's up. (requested by TexanFarmersMarket)\n|inactive|PikaPlayer1001000 has 120 seconds left.\n|\n|t:|1700756595\n|start\n|switch|p1a: Excadrill|Excadrill, M|100\/100\n|switch|p2a: Torterra|Torterra, M|100\/100\n|-ability|p1a: Excadrill|Mold Breaker\n|turn|1\n|\n|t:|1700756614\n|move|p1a: Excadrill|Stealth Rock|p2a: Torterra\n|-sidestart|p2: TexanFarmersMarket|move: Stealth Rock\n|move|p2a: Torterra|Shell Smash|p2a: Torterra\n|-unboost|p2a: Torterra|def|1\n|-unboost|p2a: Torterra|spd|1\n|-boost|p2a: Torterra|atk|2\n|-boost|p2a: Torterra|spa|2\n|-boost|p2a: Torterra|spe|2\n|\n|upkeep\n|turn|2\n|\n|t:|1700756625\n|switch|p1a: Mawile|Mawile, M|100\/100\n|move|p2a: Torterra|Headlong Rush|p1a: Mawile\n|-supereffective|p1a: Mawile\n|-damage|p1a: Mawile|0 fnt\n|-unboost|p2a: Torterra|def|1\n|-unboost|p2a: Torterra|spd|1\n|faint|p1a: Mawile\n|\n|upkeep\n|\n|t:|1700756632\n|switch|p1a: Excadrill|Excadrill, M|100\/100\n|-ability|p1a: Excadrill|Mold Breaker\n|turn|3\n|\n|t:|1700756634\n|move|p2a: Torterra|Headlong Rush|p1a: Excadrill\n|-supereffective|p1a: Excadrill\n|-enditem|p1a: Excadrill|Focus Sash\n|-damage|p1a: Excadrill|1\/100\n|-unboost|p2a: Torterra|def|1\n|-unboost|p2a: Torterra|spd|1\n|move|p1a: Excadrill|Iron Head|p2a: Torterra\n|-damage|p2a: Torterra|0 fnt\n|faint|p2a: Torterra\n|\n|upkeep\n|\n|t:|1700756638\n|switch|p2a: Quaquaval|Quaquaval, F|100\/100\n|-damage|p2a: Quaquaval|94\/100|[from] Stealth Rock\n|turn|4\n|\n|t:|1700756663\n|-terastallize|p2a: Quaquaval|Water\n|move|p1a: Excadrill|Earthquake|p2a: Quaquaval\n|-damage|p2a: Quaquaval|29\/100\n|move|p2a: Quaquaval|Aqua Step|p1a: Excadrill\n|-supereffective|p1a: Excadrill\n|-damage|p1a: Excadrill|0 fnt\n|-boost|p2a: Quaquaval|spe|1\n|faint|p1a: Excadrill\n|-ability|p2a: Quaquaval|Moxie|boost\n|-boost|p2a: Quaquaval|atk|1\n|\n|upkeep\n|\n|t:|1700756670\n|switch|p1a: Ribombee|Ribombee, M|100\/100\n|turn|5\n|\n|t:|1700756673\n|move|p2a: Quaquaval|Aqua Step|p1a: Ribombee\n|-enditem|p1a: Ribombee|Focus Sash\n|-damage|p1a: Ribombee|1\/100\n|-boost|p2a: Quaquaval|spe|1\n|move|p1a: Ribombee|Moonblast|p2a: Quaquaval\n|-damage|p2a: Quaquaval|0 fnt\n|faint|p2a: Quaquaval\n|\n|upkeep\n|\n|t:|1700756680\n|switch|p2a: Typhlosion|Typhlosion-Hisui, M|100\/100\n|turn|6\n|\n|t:|1700756687\n|move|p1a: Ribombee|Stun Spore|p2a: Typhlosion|[miss]\n|-miss|p1a: Ribombee|p2a: Typhlosion\n|move|p2a: Typhlosion|Calm Mind|p2a: Typhlosion\n|-boost|p2a: Typhlosion|spa|1\n|-boost|p2a: Typhlosion|spd|1\n|\n|upkeep\n|turn|7\n|\n|t:|1700756700\n|move|p1a: Ribombee|Stun Spore|p2a: Typhlosion\n|-status|p2a: Typhlosion|par\n|move|p2a: Typhlosion|Fire Blast|p1a: Ribombee|[miss]\n|-miss|p2a: Typhlosion|p1a: Ribombee\n|\n|upkeep\n|turn|8\n|\n|t:|1700756711\n|move|p1a: Ribombee|U-turn|p2a: Typhlosion\n|-resisted|p2a: Typhlosion\n|-damage|p2a: Typhlosion|95\/100 par\n|\n|t:|1700756717\n|switch|p1a: Pawmot|Pawmot, M|100\/100|[from] U-turn\n|move|p2a: Typhlosion|Will-O-Wisp|p1a: Pawmot\n|-status|p1a: Pawmot|brn\n|\n|-damage|p1a: Pawmot|94\/100 brn|[from] brn\n|upkeep\n|turn|9\n|\n|t:|1700756725\n|move|p1a: Pawmot|Revival Blessing|p1a: Pawmot\n|-enditem|p1a: Pawmot|Leppa Berry|[eat]\n|-activate|p1a: Pawmot|item: Leppa Berry|Revival Blessing|[consumed]\n|inactive|PikaPlayer1001000 has 120 seconds left.\n|\n|t:|1700756755\n|-heal|p1: Mawile|50\/100|[from] move: Revival Blessing\n|cant|p2a: Typhlosion|par\n|\n|-damage|p1a: Pawmot|88\/100 brn|[from] brn\n|upkeep\n|turn|10\n|\n|t:|1700756758\n|move|p1a: Pawmot|Revival Blessing|p1a: Pawmot\n|\n|t:|1700756759\n|-heal|p1: Excadrill|50\/100|[from] move: Revival Blessing\n|cant|p2a: Typhlosion|par\n|\n|-damage|p1a: Pawmot|82\/100 brn|[from] brn\n|upkeep\n|turn|11\n|\n|t:|1700756763\n|move|p1a: Pawmot|Close Combat|p2a: Typhlosion\n|-immune|p2a: Typhlosion\n|cant|p2a: Typhlosion|par\n|\n|-damage|p1a: Pawmot|76\/100 brn|[from] brn\n|upkeep\n|turn|12\n|c|\u2606PikaPlayer1001000|Oops\n|\n|t:|1700756770\n|move|p1a: Pawmot|Double Shock|p2a: Typhlosion\n|-damage|p2a: Typhlosion|53\/100 par\n|-start|p1a: Pawmot|typechange|???\/Fighting|[from] move: Double Shock\n|move|p2a: Typhlosion|Infernal Parade|p1a: Pawmot\n|-damage|p1a: Pawmot|0 fnt\n|faint|p1a: Pawmot\n|\n|upkeep\n|\n|t:|1700756780\n|switch|p1a: Ninetales|Ninetales-Alola, M|100\/100\n|-weather|Snow|[from] ability: Snow Warning|[of] p1a: Ninetales\n|turn|13\n|\n|t:|1700756798\n|move|p1a: Ninetales|Aurora Veil|p1a: Ninetales\n|-sidestart|p1: PikaPlayer1001000|move: Aurora Veil\n|cant|p2a: Typhlosion|par\n|\n|-weather|Snow|[upkeep]\n|upkeep\n|turn|14\n|c|\u2606TexanFarmersMarket|omfg\n|\n|t:|1700756815\n|switch|p1a: Ribombee|Ribombee, M|1\/100\n|move|p2a: Typhlosion|Fire Blast|p1a: Ribombee|[miss]\n|-miss|p2a: Typhlosion|p1a: Ribombee\n|\n|-weather|Snow|[upkeep]\n|upkeep\n|turn|15\n|\n|t:|1700756820\n|move|p1a: Ribombee|Moonblast|p2a: Typhlosion\n|-resisted|p2a: Typhlosion\n|-damage|p2a: Typhlosion|40\/100 par\n|-unboost|p2a: Typhlosion|spa|1\n|move|p2a: Typhlosion|Will-O-Wisp|p1a: Ribombee|[miss]\n|-miss|p2a: Typhlosion|p1a: Ribombee\n|\n|-weather|Snow|[upkeep]\n|upkeep\n|turn|16\n|c|\u2606PikaPlayer1001000|Yeah this is bad\n|c|\u2606PikaPlayer1001000|Lowkey just want you to ko me too\n|\n|t:|1700756835\n|move|p1a: Ribombee|Moonblast|p2a: Typhlosion\n|-resisted|p2a: Typhlosion\n|-damage|p2a: Typhlosion|25\/100 par\n|move|p2a: Typhlosion|Will-O-Wisp|p1a: Ribombee\n|-status|p1a: Ribombee|brn\n|\n|-weather|Snow|[upkeep]\n|-damage|p1a: Ribombee|0 fnt|[from] brn\n|faint|p1a: Ribombee\n|upkeep\n|inactive|PikaPlayer1001000 has 120 seconds left.\n|\n|t:|1700756867\n|switch|p1a: Ninetales|Ninetales-Alola, M|100\/100\n|turn|17\n|\n|t:|1700756878\n|move|p1a: Ninetales|Blizzard|p2a: Typhlosion\n|-resisted|p2a: Typhlosion\n|-damage|p2a: Typhlosion|7\/100 par\n|move|p2a: Typhlosion|Fire Blast|p1a: Ninetales|[miss]\n|-miss|p2a: Typhlosion|p1a: Ninetales\n|\n|-weather|none\n|upkeep\n|turn|18\n|c|\u2606TexanFarmersMarket|it cant be that hard to just land an attack\n|inactive|PikaPlayer1001000 has 120 seconds left.\n|inactive|PikaPlayer1001000 has 90 seconds left.\n|c|\u2606PikaPlayer1001000|No joke i wanted to get KOed by that\n|\n|t:|1700756927\n|switch|p1a: Excadrill|Excadrill, M|50\/100\n|-ability|p1a: Excadrill|Mold Breaker\n|move|p2a: Typhlosion|Fire Blast|p1a: Excadrill\n|-supereffective|p1a: Excadrill\n|-damage|p1a: Excadrill|0 fnt\n|faint|p1a: Excadrill\n|\n|upkeep\n|\n|t:|1700756928\n|switch|p1a: Kricketune|Kricketune, M|100\/100\n|turn|19\n|\n|t:|1700756946\n|-terastallize|p1a: Kricketune|Bug\n|move|p1a: Kricketune|Fell Stinger|p2a: Typhlosion\n|-resisted|p2a: Typhlosion\n|-damage|p2a: Typhlosion|0 fnt\n|faint|p2a: Typhlosion\n|-boost|p1a: Kricketune|atk|3\n|\n|upkeep\n|\n|t:|1700756953\n|switch|p2a: Empoleon|Empoleon, F|100\/100\n|-damage|p2a: Empoleon|94\/100|[from] Stealth Rock\n|turn|20\n|\n|t:|1700756969\n|move|p1a: Kricketune|Trailblaze|p2a: Empoleon\n|-crit|p2a: Empoleon\n|-damage|p2a: Empoleon|16\/100\n|-boost|p1a: Kricketune|spe|1\n|move|p2a: Empoleon|Air Slash|p1a: Kricketune\n|-supereffective|p1a: Kricketune\n|-damage|p1a: Kricketune|46\/100\n|\n|-sideend|p1: PikaPlayer1001000|move: Aurora Veil\n|upkeep\n|turn|21\n|\n|t:|1700756980\n|move|p1a: Kricketune|Fell Stinger|p2a: Empoleon\n|-resisted|p2a: Empoleon\n|-damage|p2a: Empoleon|0 fnt\n|faint|p2a: Empoleon\n|-boost|p1a: Kricketune|atk|3\n|\n|upkeep\n|\n|t:|1700756987\n|switch|p2a: Charizard|Charizard, M|100\/100\n|-damage|p2a: Charizard|51\/100|[from] Stealth Rock\n|turn|22\n|\n|t:|1700756993\n|detailschange|p2a: Charizard|Charizard-Mega-X, M\n|-mega|p2a: Charizard|Charizard|Charizardite X\n|move|p1a: Kricketune|Knock Off|p2a: Charizard\n|-damage|p2a: Charizard|0 fnt\n|faint|p2a: Charizard\n|\n|upkeep\n|\n|t:|1700756996\n|switch|p2a: Serperior|Serperior, M|100\/100\n|-damage|p2a: Serperior|88\/100|[from] Stealth Rock\n|turn|23\n|\n|t:|1700757005\n|move|p1a: Kricketune|Leech Life|p2a: Serperior\n|-supereffective|p2a: Serperior\n|-crit|p2a: Serperior\n|-damage|p2a: Serperior|0 fnt\n|-heal|p1a: Kricketune|89\/100|[from] drain|[of] p2a: Serperior\n|faint|p2a: Serperior\n|\n|win|PikaPlayer1001000\n|raw|PikaPlayer1001000's rating: 1270 &rarr; <strong>1287<\/strong><br \/>(+17 for winning)\n|raw|TexanFarmersMarket's rating: 1156 &rarr; <strong>1139<\/strong><br \/>(-17 for losing)\n|c|\u2606TexanFarmersMarket|ggwp\n|c|\u2606PikaPlayer1001000|gg\n|l|\u2606TexanFarmersMarket\n","uploadtime":1700757034,"views":9,"p1id":"pikaplayer1001000","p2id":"texanfarmersmarket","formatid":"gen9nationaldex","rating":1139,"private":0,"password":""}