{"id":"gen9nationaldex-1992608460","p1":"MoraKun","p2":"hjx178417","format":"[Gen 9] National Dex","log":"|j|\u2606MoraKun\n|j|\u2606hjx178417\n|t:|1700214015\n|gametype|singles\n|player|p1|MoraKun|n|1330\n|player|p2|hjx178417|giovanni|1253\n|teamsize|p1|6\n|teamsize|p2|6\n|gen|9\n|tier|[Gen 9] National Dex\n|rated|\n|rule|HP Percentage Mod: HP is shown in percentages\n|rule|Endless Battle Clause: Forcing endless battles is banned\n|rule|OHKO Clause: OHKO moves are banned\n|rule|Evasion Clause: Evasion abilities, items, and moves are banned\n|rule|Evasion Abilities Clause: Evasion abilities are banned\n|rule|Evasion Items Clause: Evasion items are banned\n|rule|Evasion Moves Clause: Evasion moves are banned\n|rule|Species Clause: Limit one of each Pok\u00e9mon\n|rule|Sleep Clause Mod: Limit one foe put to sleep\n|clearpoke\n|poke|p1|Ceruledge, F|\n|poke|p1|Kommo-o, F|\n|poke|p1|Charizard, F|\n|poke|p1|Rillaboom, F|\n|poke|p1|Rotom-Wash|\n|poke|p1|Landorus-Therian, M|\n|poke|p2|Absol, M|\n|poke|p2|Honchkrow, M|\n|poke|p2|Unfezant, F|\n|poke|p2|Togekiss, M|\n|poke|p2|Jirachi|\n|poke|p2|Sawsbuck-Winter, F|\n|teampreview\n|inactive|Battle timer is ON: inactive players will automatically lose when time's up. (requested by hjx178417)\n|\n|t:|1700214029\n|start\n|switch|p1a: Lavamesta|Rotom-Wash|100\/100\n|switch|p2a: Unfezant|Unfezant, F|100\/100\n|turn|1\n|\n|t:|1700214042\n|switch|p2a: Jirachi|Jirachi|100\/100\n|move|p1a: Lavamesta|Volt Switch|p2a: Jirachi\n|-damage|p2a: Jirachi|74\/100\n|\n|t:|1700214048\n|switch|p1a: Firiana|Charizard, F|100\/100|[from] Volt Switch\n|\n|-heal|p2a: Jirachi|80\/100|[from] item: Leftovers\n|upkeep\n|turn|2\n|\n|t:|1700214056\n|detailschange|p1a: Firiana|Charizard-Mega-Y, F\n|-mega|p1a: Firiana|Charizard|Charizardite Y\n|-weather|SunnyDay|[from] ability: Drought|[of] p1a: Firiana\n|move|p1a: Firiana|Flamethrower|p2a: Jirachi\n|-supereffective|p2a: Jirachi\n|-damage|p2a: Jirachi|0 fnt\n|faint|p2a: Jirachi\n|\n|-weather|SunnyDay|[upkeep]\n|upkeep\n|\n|t:|1700214064\n|switch|p2a: Togekiss|Togekiss, M|100\/100\n|turn|3\n|\n|t:|1700214068\n|move|p2a: Togekiss|Ancient Power|p1a: Firiana\n|-supereffective|p1a: Firiana\n|-damage|p1a: Firiana|26\/100\n|move|p1a: Firiana|Flamethrower|p2a: Togekiss\n|-damage|p2a: Togekiss|18\/100\n|\n|-weather|SunnyDay|[upkeep]\n|upkeep\n|turn|4\n|\n|t:|1700214087\n|switch|p1a: Rumba|Landorus-Therian, M|100\/100\n|-ability|p1a: Rumba|Intimidate|boost\n|-unboost|p2a: Togekiss|atk|1\n|move|p2a: Togekiss|Ancient Power|p1a: Rumba\n|-damage|p1a: Rumba|74\/100\n|\n|-weather|SunnyDay|[upkeep]\n|upkeep\n|turn|5\n|\n|t:|1700214098\n|switch|p2a: Unfezant|Unfezant, F|100\/100\n|move|p1a: Rumba|Stone Edge|p2a: Unfezant\n|-supereffective|p2a: Unfezant\n|-damage|p2a: Unfezant|0 fnt\n|faint|p2a: Unfezant\n|\n|-weather|SunnyDay|[upkeep]\n|upkeep\n|\n|t:|1700214105\n|switch|p2a: Absol|Absol, M|100\/100\n|turn|6\n|\n|t:|1700214112\n|switch|p1a: Grimita|Kommo-o, F, shiny|100\/100\n|-terastallize|p2a: Absol|Steel\n|move|p2a: Absol|Swords Dance|p2a: Absol\n|-boost|p2a: Absol|atk|2\n|\n|-weather|none\n|upkeep\n|turn|7\n|\n|t:|1700214124\n|-zpower|p1a: Grimita\n|move|p1a: Grimita|Clangorous Soulblaze|p2a: Absol|[zeffect]\n|-resisted|p2a: Absol\n|-crit|p2a: Absol\n|-damage|p2a: Absol|28\/100\n|-boost|p1a: Grimita|atk|1\n|-boost|p1a: Grimita|def|1\n|-boost|p1a: Grimita|spa|1\n|-boost|p1a: Grimita|spd|1\n|-boost|p1a: Grimita|spe|1\n|move|p2a: Absol|Stone Edge|p1a: Grimita\n|-resisted|p1a: Grimita\n|-crit|p1a: Grimita\n|-damage|p1a: Grimita|41\/100\n|\n|upkeep\n|turn|8\n|\n|t:|1700214140\n|move|p2a: Absol|Sucker Punch|p1a: Grimita\n|-resisted|p1a: Grimita\n|-damage|p1a: Grimita|16\/100\n|move|p1a: Grimita|Drain Punch|p2a: Absol\n|-supereffective|p2a: Absol\n|-damage|p2a: Absol|0 fnt\n|-heal|p1a: Grimita|30\/100|[from] drain|[of] p2a: Absol\n|faint|p2a: Absol\n|\n|upkeep\n|\n|t:|1700214145\n|switch|p2a: Togekiss|Togekiss, M|18\/100\n|turn|9\n|\n|t:|1700214154\n|move|p1a: Grimita|Iron Head|p2a: Togekiss\n|-supereffective|p2a: Togekiss\n|-damage|p2a: Togekiss|0 fnt\n|faint|p2a: Togekiss\n|\n|upkeep\n|\n|t:|1700214160\n|switch|p2a: Sawsbuck|Sawsbuck-Winter, F|100\/100\n|turn|10\n|\n|t:|1700214166\n|move|p1a: Grimita|Drain Punch|p2a: Sawsbuck\n|-supereffective|p2a: Sawsbuck\n|-enditem|p2a: Sawsbuck|Focus Sash\n|-damage|p2a: Sawsbuck|1\/100\n|-heal|p1a: Grimita|82\/100|[from] drain|[of] p2a: Sawsbuck\n|move|p2a: Sawsbuck|Agility|p2a: Sawsbuck\n|-boost|p2a: Sawsbuck|spe|2\n|\n|upkeep\n|turn|11\n|\n|t:|1700214176\n|move|p2a: Sawsbuck|Headbutt|p1a: Grimita\n|-damage|p1a: Grimita|62\/100\n|move|p1a: Grimita|Drain Punch|p2a: Sawsbuck\n|-supereffective|p2a: Sawsbuck\n|-damage|p2a: Sawsbuck|0 fnt\n|-heal|p1a: Grimita|62\/100|[from] drain|[of] p2a: Sawsbuck\n|faint|p2a: Sawsbuck\n|\n|upkeep\n|\n|t:|1700214180\n|switch|p2a: Honchkrow|Honchkrow, M|100\/100\n|turn|12\n|\n|t:|1700214187\n|move|p1a: Grimita|Drain Punch|p2a: Honchkrow\n|-damage|p2a: Honchkrow|20\/100\n|-heal|p1a: Grimita|100\/100|[from] drain|[of] p2a: Honchkrow\n|move|p2a: Honchkrow|Hurricane|p1a: Grimita\n|-supereffective|p1a: Grimita\n|-crit|p1a: Grimita\n|-damage|p1a: Grimita|0 fnt\n|faint|p1a: Grimita\n|\n|upkeep\n|\n|t:|1700214205\n|switch|p1a: Rumba|Landorus-Therian, M|74\/100\n|-ability|p1a: Rumba|Intimidate|boost\n|-unboost|p2a: Honchkrow|atk|1\n|turn|13\n|\n|t:|1700214213\n|move|p1a: Rumba|Stone Edge|p2a: Honchkrow|[miss]\n|-miss|p1a: Rumba|p2a: Honchkrow\n|move|p2a: Honchkrow|Hurricane|p1a: Rumba\n|-crit|p1a: Rumba\n|-damage|p1a: Rumba|0 fnt\n|faint|p1a: Rumba\n|\n|upkeep\n|\n|t:|1700214222\n|switch|p1a: Lavamesta|Rotom-Wash|100\/100\n|turn|14\n|\n|t:|1700214226\n|move|p2a: Honchkrow|Quick Attack|p1a: Lavamesta\n|-crit|p1a: Lavamesta\n|-damage|p1a: Lavamesta|86\/100\n|move|p1a: Lavamesta|Volt Switch|p2a: Honchkrow\n|-supereffective|p2a: Honchkrow\n|-damage|p2a: Honchkrow|0 fnt\n|faint|p2a: Honchkrow\n|\n|win|MoraKun\n|raw|MoraKun's rating: 1330 &rarr; <strong>1346<\/strong><br \/>(+16 for winning)\n|raw|hjx178417's rating: 1253 &rarr; <strong>1233<\/strong><br \/>(-20 for losing)\n|l|\u2606hjx178417\n|c|\u2606MoraKun|Gg\n","uploadtime":1700214237,"views":4,"p1id":"morakun","p2id":"hjx178417","formatid":"gen9nationaldex","rating":1233,"private":0,"password":""}