{"id":"gen9nationaldex-1999034963","p1":"flacio","p2":"AArchangelo","format":"[Gen 9] National Dex","log":"|html|<div class=\"broadcast-blue\"><strong>[Gen 9] National Dex is currently suspecting Sneasler! For information on how to participate check out the <a href=\"https:\/\/www.smogon.com\/forums\/threads\/sv-national-dex-suspect-8-just-dance.3731534\/\">suspect thread<\/a>.<\/strong><\/div>\n|j|\u2606flacio\n|j|\u2606AArchangelo\n|t:|1701026187\n|gametype|singles\n|player|p1|flacio|volo|1286\n|player|p2|AArchangelo|buck|1273\n|teamsize|p1|6\n|teamsize|p2|6\n|gen|9\n|tier|[Gen 9] National Dex\n|rated|\n|rule|HP Percentage Mod: HP is shown in percentages\n|rule|Endless Battle Clause: Forcing endless battles is banned\n|rule|OHKO Clause: OHKO moves are banned\n|rule|Evasion Clause: Evasion abilities, items, and moves are banned\n|rule|Evasion Abilities Clause: Evasion abilities are banned\n|rule|Evasion Items Clause: Evasion items are banned\n|rule|Evasion Moves Clause: Evasion moves are banned\n|rule|Species Clause: Limit one of each Pok\u00e9mon\n|rule|Sleep Clause Mod: Limit one foe put to sleep\n|clearpoke\n|poke|p1|Clodsire, M|\n|poke|p1|Garganacl, M|\n|poke|p1|Iron Moth|\n|poke|p1|Quaquaval, F|\n|poke|p1|Meowscarada, M|\n|poke|p1|Murkrow, F|\n|poke|p2|Chansey, F|\n|poke|p2|Corviknight, M|\n|poke|p2|Volcanion|\n|poke|p2|Doublade, F|\n|poke|p2|Tapu Fini|\n|poke|p2|Hatterene, F|\n|teampreview\n|inactive|Battle timer is ON: inactive players will automatically lose when time's up. (requested by AArchangelo)\n|inactive|flacio also wants the timer to be on.\n|\n|t:|1701026200\n|start\n|switch|p1a: Clodsire|Clodsire, M|100\/100\n|switch|p2a: Hatterene|Hatterene, F|100\/100\n|turn|1\n|\n|t:|1701026222\n|switch|p1a: Meowscarada|Meowscarada, M|100\/100\n|move|p2a: Hatterene|Calm Mind|p2a: Hatterene\n|-boost|p2a: Hatterene|spa|1\n|-boost|p2a: Hatterene|spd|1\n|\n|upkeep\n|turn|2\n|\n|t:|1701026236\n|switch|p2a: Corviknight|Corviknight, M|100\/100\n|-ability|p2a: Corviknight|Pressure\n|move|p1a: Meowscarada|Knock Off|p2a: Corviknight\n|-start|p1a: Meowscarada|typechange|Dark|[from] ability: Protean\n|-damage|p2a: Corviknight|55\/100\n|-enditem|p2a: Corviknight|Leftovers|[from] move: Knock Off|[of] p1a: Meowscarada\n|\n|upkeep\n|turn|3\n|\n|t:|1701026247\n|switch|p1a: Murkrow|Murkrow, F|100\/100\n|move|p2a: Corviknight|U-turn|p1a: Murkrow\n|-damage|p1a: Murkrow|85\/100\n|inactive|AArchangelo has 120 seconds left.\n|\n|t:|1701026264\n|switch|p2a: Hatterene|Hatterene, F|100\/100|[from] U-turn\n|\n|upkeep\n|turn|4\n|\n|t:|1701026278\n|move|p1a: Murkrow|Tailwind|p1a: Murkrow\n|-sidestart|p1: flacio|move: Tailwind\n|move|p2a: Hatterene|Draining Kiss|p1a: Murkrow\n|-supereffective|p1a: Murkrow\n|-damage|p1a: Murkrow|14\/100\n|\n|upkeep\n|turn|5\n|\n|t:|1701026306\n|switch|p1a: Iron Moth|Iron Moth|100\/100\n|-enditem|p1a: Iron Moth|Booster Energy\n|-activate|p1a: Iron Moth|ability: Quark Drive|[fromitem]\n|-start|p1a: Iron Moth|quarkdrivespe\n|move|p2a: Hatterene|Trick Room|p2a: Hatterene\n|-fieldstart|move: Trick Room|[of] p2a: Hatterene\n|\n|upkeep\n|turn|6\n|inactive|flacio has 120 seconds left.\n|\n|t:|1701026327\n|move|p2a: Hatterene|Healing Wish|p2a: Hatterene\n|faint|p2a: Hatterene\n|move|p1a: Iron Moth|Sludge Wave|p2: Hatterene|[notarget]\n|-fail|p1a: Iron Moth\n|\n|upkeep\n|\n|t:|1701026338\n|switch|p2a: Volcanion|Volcanion|100\/100\n|turn|7\n|\n|t:|1701026347\n|-end|p1a: Iron Moth|Quark Drive|[silent]\n|switch|p1a: Murkrow|Murkrow, F|14\/100\n|move|p2a: Volcanion|Steam Eruption|p1a: Murkrow|[miss]\n|-miss|p2a: Volcanion|p1a: Murkrow\n|\n|-sideend|p1: flacio|move: Tailwind\n|upkeep\n|turn|8\n|\n|t:|1701026357\n|move|p1a: Murkrow|Thunder Wave|p2a: Volcanion\n|-status|p2a: Volcanion|par\n|move|p2a: Volcanion|Steam Eruption|p1a: Murkrow\n|-crit|p1a: Murkrow\n|-damage|p1a: Murkrow|0 fnt\n|faint|p1a: Murkrow\n|\n|upkeep\n|\n|t:|1701026368\n|switch|p1a: Clodsire|Clodsire, M|100\/100\n|turn|9\n|\n|t:|1701026376\n|move|p2a: Volcanion|Steam Eruption|p1a: Clodsire\n|-supereffective|p1a: Clodsire\n|-damage|p1a: Clodsire|0 fnt\n|faint|p1a: Clodsire\n|\n|-fieldend|move: Trick Room\n|upkeep\n|\n|t:|1701026395\n|switch|p1a: Iron Moth|Iron Moth|100\/100\n|turn|10\n|\n|t:|1701026399\n|move|p1a: Iron Moth|Substitute|p1a: Iron Moth\n|-start|p1a: Iron Moth|Substitute\n|-damage|p1a: Iron Moth|76\/100\n|move|p2a: Volcanion|Steam Eruption|p1a: Iron Moth\n|-supereffective|p1a: Iron Moth\n|-end|p1a: Iron Moth|Substitute\n|\n|upkeep\n|turn|11\n|inactive|flacio has 120 seconds left.\n|\n|t:|1701026440\n|switch|p2a: Chansey|Chansey, F|100\/100\n|-terastallize|p1a: Iron Moth|Grass\n|move|p1a: Iron Moth|Substitute|p1a: Iron Moth\n|-start|p1a: Iron Moth|Substitute\n|-damage|p1a: Iron Moth|51\/100\n|\n|upkeep\n|turn|12\n|inactive|flacio has 120 seconds left.\n|\n|t:|1701026449\n|move|p1a: Iron Moth|Fiery Dance|p2a: Chansey\n|-damage|p2a: Chansey|87\/100\n|move|p2a: Chansey|Stealth Rock|p1a: Iron Moth\n|-sidestart|p1: flacio|move: Stealth Rock\n|\n|upkeep\n|turn|13\n|inactive|AArchangelo has 120 seconds left.\n|\n|t:|1701026488\n|switch|p2a: Doublade|Doublade, F|100\/100\n|move|p1a: Iron Moth|Fiery Dance|p2a: Doublade\n|-supereffective|p2a: Doublade\n|-damage|p2a: Doublade|2\/100\n|-boost|p1a: Iron Moth|spa|1\n|\n|upkeep\n|turn|14\n|\n|t:|1701026498\n|move|p2a: Doublade|Shadow Sneak|p1a: Iron Moth\n|-end|p1a: Iron Moth|Substitute\n|move|p1a: Iron Moth|Fiery Dance|p2a: Doublade\n|-supereffective|p2a: Doublade\n|-damage|p2a: Doublade|0 fnt\n|faint|p2a: Doublade\n|\n|upkeep\n|\n|t:|1701026514\n|switch|p2a: Volcanion|Volcanion|100\/100 par\n|-heal|p2a: Volcanion|100\/100|[from] move: Healing Wish\n|turn|15\n|\n|t:|1701026527\n|move|p1a: Iron Moth|Tera Blast|p2a: Volcanion|[anim] Tera Blast Grass\n|-damage|p2a: Volcanion|44\/100\n|move|p2a: Volcanion|Flamethrower|p1a: Iron Moth\n|-supereffective|p1a: Iron Moth\n|-damage|p1a: Iron Moth|0 fnt\n|faint|p1a: Iron Moth\n|-end|p1a: Iron Moth|Quark Drive|[silent]\n|\n|upkeep\n|\n|t:|1701026539\n|switch|p1a: Meowscarada|Meowscarada, M|100\/100\n|-damage|p1a: Meowscarada|88\/100|[from] Stealth Rock\n|turn|16\n|inactive|AArchangelo has 120 seconds left.\n|\n|t:|1701026549\n|switch|p2a: Corviknight|Corviknight, M|55\/100\n|-ability|p2a: Corviknight|Pressure\n|move|p1a: Meowscarada|Knock Off|p2a: Corviknight\n|-start|p1a: Meowscarada|typechange|Dark|[from] ability: Protean\n|-damage|p2a: Corviknight|27\/100\n|\n|upkeep\n|turn|17\n|inactive|AArchangelo has 120 seconds left.\n|\n|t:|1701026561\n|move|p1a: Meowscarada|Knock Off|p2a: Corviknight\n|-damage|p2a: Corviknight|0 fnt\n|faint|p2a: Corviknight\n|\n|upkeep\n|\n|t:|1701026571\n|switch|p2a: Volcanion|Volcanion|44\/100\n|turn|18\n|\n|t:|1701026582\n|switch|p1a: Quaquaval|Quaquaval, F|100\/100\n|-damage|p1a: Quaquaval|94\/100|[from] Stealth Rock\n|move|p2a: Volcanion|Steam Eruption|p1a: Quaquaval\n|-resisted|p1a: Quaquaval\n|-damage|p1a: Quaquaval|37\/100\n|\n|upkeep\n|turn|19\n|\n|t:|1701026592\n|move|p1a: Quaquaval|Close Combat|p2a: Volcanion\n|-damage|p2a: Volcanion|0 fnt\n|-unboost|p1a: Quaquaval|def|1\n|-unboost|p1a: Quaquaval|spd|1\n|faint|p2a: Volcanion\n|-ability|p1a: Quaquaval|Moxie|boost\n|-boost|p1a: Quaquaval|atk|1\n|\n|upkeep\n|\n|t:|1701026601\n|switch|p2a: Tapu Fini|Tapu Fini|100\/100\n|-fieldstart|move: Misty Terrain|[from] ability: Misty Surge|[of] p2a: Tapu Fini\n|turn|20\n|inactive|AArchangelo has 120 seconds left.\n|\n|t:|1701026610\n|move|p1a: Quaquaval|Close Combat|p2a: Tapu Fini\n|-resisted|p2a: Tapu Fini\n|-damage|p2a: Tapu Fini|61\/100\n|-unboost|p1a: Quaquaval|def|1\n|-unboost|p1a: Quaquaval|spd|1\n|move|p2a: Tapu Fini|Iron Defense|p2a: Tapu Fini\n|-boost|p2a: Tapu Fini|def|2\n|\n|upkeep\n|turn|21\n|\n|t:|1701026621\n|move|p1a: Quaquaval|Close Combat|p2a: Tapu Fini\n|-resisted|p2a: Tapu Fini\n|-damage|p2a: Tapu Fini|41\/100\n|-unboost|p1a: Quaquaval|def|1\n|-unboost|p1a: Quaquaval|spd|1\n|-enditem|p2a: Tapu Fini|Sitrus Berry|[eat]\n|-heal|p2a: Tapu Fini|66\/100|[from] item: Sitrus Berry\n|move|p2a: Tapu Fini|Calm Mind|p2a: Tapu Fini\n|-boost|p2a: Tapu Fini|spa|1\n|-boost|p2a: Tapu Fini|spd|1\n|\n|upkeep\n|turn|22\n|\n|t:|1701026634\n|move|p1a: Quaquaval|Swords Dance|p1a: Quaquaval\n|-boost|p1a: Quaquaval|atk|2\n|move|p2a: Tapu Fini|Calm Mind|p2a: Tapu Fini\n|-boost|p2a: Tapu Fini|spa|1\n|-boost|p2a: Tapu Fini|spd|1\n|\n|upkeep\n|turn|23\n|\n|t:|1701026642\n|move|p1a: Quaquaval|Close Combat|p2a: Tapu Fini\n|-resisted|p2a: Tapu Fini\n|-damage|p2a: Tapu Fini|32\/100\n|-unboost|p1a: Quaquaval|def|1\n|-unboost|p1a: Quaquaval|spd|1\n|move|p2a: Tapu Fini|Draining Kiss|p1a: Quaquaval\n|-supereffective|p1a: Quaquaval\n|-damage|p1a: Quaquaval|0 fnt\n|-heal|p2a: Tapu Fini|56\/100|[from] drain|[of] p1a: Quaquaval\n|faint|p1a: Quaquaval\n|\n|upkeep\n|\n|t:|1701026655\n|switch|p1a: Meowscarada|Meowscarada, M|88\/100\n|-damage|p1a: Meowscarada|76\/100|[from] Stealth Rock\n|turn|24\n|\n|t:|1701026661\n|move|p1a: Meowscarada|Flower Trick|p2a: Tapu Fini\n|-start|p1a: Meowscarada|typechange|Grass|[from] ability: Protean\n|-supereffective|p2a: Tapu Fini\n|-crit|p2a: Tapu Fini\n|-damage|p2a: Tapu Fini|0 fnt\n|faint|p2a: Tapu Fini\n|\n|-fieldend|Misty Terrain\n|upkeep\n|\n|t:|1701026669\n|switch|p2a: Chansey|Chansey, F|87\/100\n|turn|25\n|\n|t:|1701026674\n|move|p1a: Meowscarada|Flower Trick|p2a: Chansey\n|-crit|p2a: Chansey\n|-damage|p2a: Chansey|38\/100\n|move|p2a: Chansey|Toxic|p1a: Meowscarada\n|-status|p1a: Meowscarada|tox\n|\n|-damage|p1a: Meowscarada|70\/100 tox|[from] psn\n|upkeep\n|turn|26\n|c|\u2606AArchangelo|gg\n|\n|t:|1701026684\n|move|p1a: Meowscarada|Flower Trick|p2a: Chansey\n|-crit|p2a: Chansey\n|-damage|p2a: Chansey|0 fnt\n|faint|p2a: Chansey\n|\n|win|flacio\n|raw|flacio's rating: 1286 &rarr; <strong>1310<\/strong><br \/>(+24 for winning)\n|raw|AArchangelo's rating: 1273 &rarr; <strong>1249<\/strong><br \/>(-24 for losing)\n","uploadtime":1701026696,"views":1,"p1id":"flacio","p2id":"aarchangelo","formatid":"gen9nationaldex","rating":1249,"private":0,"password":""}