{"id":"gen9nationaldex-1987213676","p1":"AntiGuy64","p2":"Pastel Fantasma","format":"[Gen 9] National Dex","log":"|j|\u2606AntiGuy64\n|j|\u2606Pastel Fantasma\n|t:|1699565895\n|gametype|singles\n|player|p1|AntiGuy64|ingo|1120\n|player|p2|Pastel Fantasma|volkner|1086\n|teamsize|p1|6\n|teamsize|p2|6\n|gen|9\n|tier|[Gen 9] National Dex\n|rated|\n|rule|HP Percentage Mod: HP is shown in percentages\n|rule|Endless Battle Clause: Forcing endless battles is banned\n|rule|OHKO Clause: OHKO moves are banned\n|rule|Evasion Clause: Evasion abilities, items, and moves are banned\n|rule|Evasion Abilities Clause: Evasion abilities are banned\n|rule|Evasion Items Clause: Evasion items are banned\n|rule|Evasion Moves Clause: Evasion moves are banned\n|rule|Species Clause: Limit one of each Pok\u00e9mon\n|rule|Sleep Clause Mod: Limit one foe put to sleep\n|clearpoke\n|poke|p1|Torterra, M|\n|poke|p1|Empoleon, M|\n|poke|p1|Infernape, M|\n|poke|p1|Eelektross, M|\n|poke|p1|Furret, F|\n|poke|p1|Carbink|\n|poke|p2|Torterra, M|\n|poke|p2|Brute Bonnet|\n|poke|p2|Arcanine-Hisui, M|\n|poke|p2|Scolipede, M|\n|poke|p2|Aerodactyl, M|\n|poke|p2|Tyrantrum, F|\n|teampreview\n|inactive|Battle timer is ON: inactive players will automatically lose when time's up. (requested by Pastel Fantasma)\n|\n|t:|1699565899\n|start\n|switch|p1a: Diamon|Carbink, shiny|100\/100\n|switch|p2a: Tyrantrum|Tyrantrum, F|100\/100\n|turn|1\n|\n|t:|1699565908\n|move|p2a: Tyrantrum|Dragon Dance|p2a: Tyrantrum\n|-boost|p2a: Tyrantrum|atk|1\n|-boost|p2a: Tyrantrum|spe|1\n|move|p1a: Diamon|Stealth Rock|p2a: Tyrantrum\n|-sidestart|p2: Pastel Fantasma|move: Stealth Rock\n|\n|upkeep\n|turn|2\n|\n|t:|1699565915\n|move|p2a: Tyrantrum|Earthquake|p1a: Diamon\n|-supereffective|p1a: Diamon\n|-damage|p1a: Diamon|13\/100\n|move|p1a: Diamon|Iron Defense|p1a: Diamon\n|-boost|p1a: Diamon|def|2\n|\n|-heal|p1a: Diamon|19\/100|[from] item: Leftovers\n|upkeep\n|turn|3\n|\n|t:|1699565923\n|move|p2a: Tyrantrum|Earthquake|p1a: Diamon\n|-supereffective|p1a: Diamon\n|-damage|p1a: Diamon|0 fnt\n|faint|p1a: Diamon\n|\n|upkeep\n|\n|t:|1699565931\n|switch|p1a: High-Explosive|Infernape, M, shiny|100\/100\n|turn|4\n|\n|t:|1699565937\n|move|p2a: Tyrantrum|Head Smash|p1a: High-Explosive\n|-damage|p1a: High-Explosive|0 fnt\n|faint|p1a: High-Explosive\n|\n|upkeep\n|\n|t:|1699565942\n|switch|p1a: Continent|Torterra, M, shiny|100\/100\n|turn|5\n|\n|t:|1699565951\n|move|p2a: Tyrantrum|Close Combat|p1a: Continent\n|-damage|p1a: Continent|35\/100\n|-unboost|p2a: Tyrantrum|def|1\n|-unboost|p2a: Tyrantrum|spd|1\n|-damage|p2a: Tyrantrum|84\/100|[from] item: Rocky Helmet|[of] p1a: Continent\n|move|p1a: Continent|Shell Smash|p1a: Continent\n|-unboost|p1a: Continent|def|1\n|-unboost|p1a: Continent|spd|1\n|-boost|p1a: Continent|atk|2\n|-boost|p1a: Continent|spa|2\n|-boost|p1a: Continent|spe|2\n|\n|upkeep\n|turn|6\n|\n|t:|1699565964\n|move|p1a: Continent|Headlong Rush|p2a: Tyrantrum\n|-supereffective|p2a: Tyrantrum\n|-damage|p2a: Tyrantrum|0 fnt\n|-unboost|p1a: Continent|def|1\n|-unboost|p1a: Continent|spd|1\n|faint|p2a: Tyrantrum\n|\n|upkeep\n|\n|t:|1699565976\n|switch|p2a: Brute Bonnet|Brute Bonnet|100\/100\n|-damage|p2a: Brute Bonnet|88\/100|[from] Stealth Rock\n|-enditem|p2a: Brute Bonnet|Booster Energy\n|-activate|p2a: Brute Bonnet|ability: Protosynthesis|[fromitem]\n|-start|p2a: Brute Bonnet|protosynthesisatk\n|turn|7\n|\n|t:|1699565986\n|move|p2a: Brute Bonnet|Sucker Punch|p1a: Continent\n|-damage|p1a: Continent|0 fnt\n|-damage|p2a: Brute Bonnet|72\/100|[from] item: Rocky Helmet|[of] p1a: Continent\n|faint|p1a: Continent\n|\n|upkeep\n|\n|t:|1699565994\n|switch|p1a: King D-Mind|Empoleon, M, shiny|100\/100\n|turn|8\n|\n|t:|1699566002\n|-terastallize|p2a: Brute Bonnet|Dark\n|move|p2a: Brute Bonnet|Growth|p2a: Brute Bonnet\n|-boost|p2a: Brute Bonnet|atk|1\n|-boost|p2a: Brute Bonnet|spa|1\n|move|p1a: King D-Mind|Ice Beam|p2a: Brute Bonnet\n|-damage|p2a: Brute Bonnet|40\/100\n|\n|upkeep\n|turn|9\n|\n|t:|1699566016\n|move|p2a: Brute Bonnet|Close Combat|p1a: King D-Mind\n|-supereffective|p1a: King D-Mind\n|-damage|p1a: King D-Mind|0 fnt\n|-unboost|p2a: Brute Bonnet|def|1\n|-unboost|p2a: Brute Bonnet|spd|1\n|faint|p1a: King D-Mind\n|\n|upkeep\n|\n|t:|1699566026\n|switch|p1a: Scarflet|Furret, F, shiny|100\/100\n|turn|10\n|\n|t:|1699566029\n|move|p2a: Brute Bonnet|Sucker Punch|p1a: Scarflet\n|-damage|p1a: Scarflet|0 fnt\n|faint|p1a: Scarflet\n|\n|upkeep\n|\n|t:|1699566034\n|switch|p1a: Great Zapfish|Eelektross, M, shiny|100\/100\n|turn|11\n|\n|t:|1699566038\n|move|p2a: Brute Bonnet|Sucker Punch||[still]\n|-fail|p2a: Brute Bonnet\n|move|p1a: Great Zapfish|Coil|p1a: Great Zapfish\n|-boost|p1a: Great Zapfish|atk|1\n|-boost|p1a: Great Zapfish|def|1\n|-boost|p1a: Great Zapfish|accuracy|1\n|\n|upkeep\n|turn|12\n|\n|t:|1699566046\n|move|p2a: Brute Bonnet|Spore|p1a: Great Zapfish\n|-status|p1a: Great Zapfish|slp|[from] move: Spore\n|cant|p1a: Great Zapfish|slp\n|\n|upkeep\n|turn|13\n|\n|t:|1699566052\n|-end|p2a: Brute Bonnet|Protosynthesis|[silent]\n|switch|p2a: Torterra|Torterra, M|100\/100\n|-damage|p2a: Torterra|94\/100|[from] Stealth Rock\n|cant|p1a: Great Zapfish|slp\n|\n|upkeep\n|turn|14\n|\n|t:|1699566061\n|move|p2a: Torterra|Shell Smash|p2a: Torterra\n|-unboost|p2a: Torterra|def|1\n|-unboost|p2a: Torterra|spd|1\n|-boost|p2a: Torterra|atk|2\n|-boost|p2a: Torterra|spa|2\n|-boost|p2a: Torterra|spe|2\n|-curestatus|p1a: Great Zapfish|slp|[msg]\n|move|p1a: Great Zapfish|Drain Punch|p2a: Torterra\n|-damage|p2a: Torterra|25\/100\n|\n|upkeep\n|turn|15\n|\n|t:|1699566075\n|move|p2a: Torterra|Bullet Seed|p1a: Great Zapfish\n|-damage|p1a: Great Zapfish|70\/100\n|-damage|p1a: Great Zapfish|42\/100\n|-damage|p1a: Great Zapfish|14\/100\n|-damage|p1a: Great Zapfish|0 fnt\n|faint|p1a: Great Zapfish\n|-hitcount|p1: Great Zapfish|4\n|\n|win|Pastel Fantasma\n|raw|AntiGuy64's rating: 1120 &rarr; <strong>1095<\/strong><br \/>(-25 for losing)\n|raw|Pastel Fantasma's rating: 1115 &rarr; <strong>1140<\/strong><br \/>(+25 for winning)\n|l|\u2606AntiGuy64\n","uploadtime":1699566218,"views":21,"p1id":"antiguy64","p2id":"pastelfantasma","formatid":"gen9nationaldex","rating":1095,"private":0,"password":""}