{"id":"gen9nationaldex-1988495824","p1":"giplej345","p2":"Fezanyippe","format":"[Gen 9] National Dex","log":"|j|\u2606giplej345\n|j|\u2606Fezanyippe\n|t:|1699729123\n|gametype|singles\n|player|p1|giplej345|hilbert|1035\n|player|p2|Fezanyippe|170|1169\n|teamsize|p1|6\n|teamsize|p2|6\n|gen|9\n|tier|[Gen 9] National Dex\n|rated|\n|rule|HP Percentage Mod: HP is shown in percentages\n|rule|Endless Battle Clause: Forcing endless battles is banned\n|rule|OHKO Clause: OHKO moves are banned\n|rule|Evasion Clause: Evasion abilities, items, and moves are banned\n|rule|Evasion Abilities Clause: Evasion abilities are banned\n|rule|Evasion Items Clause: Evasion items are banned\n|rule|Evasion Moves Clause: Evasion moves are banned\n|rule|Species Clause: Limit one of each Pok\u00e9mon\n|rule|Sleep Clause Mod: Limit one foe put to sleep\n|clearpoke\n|poke|p1|Charizard, F|\n|poke|p1|Greninja-*, M|\n|poke|p1|Dracozolt|\n|poke|p1|Tinkaton, F|\n|poke|p1|Araquanid, F|\n|poke|p1|Ferrothorn, M|\n|poke|p2|Blaziken, M|\n|poke|p2|Ting-Lu|\n|poke|p2|Gliscor, M|\n|poke|p2|Banette, F|\n|poke|p2|Ferrothorn, F|\n|poke|p2|Urshifu-*, M|\n|teampreview\n|c|\u2606Fezanyippe|Glhf\n|\n|t:|1699729142\n|start\n|switch|p1a: Greninja|Greninja, M|100\/100\n|switch|p2a: Banette|Banette, F|100\/100\n|turn|1\n|\n|t:|1699729150\n|detailschange|p2a: Banette|Banette-Mega, F\n|-mega|p2a: Banette|Banette|Banettite\n|move|p2a: Banette|Thunder Wave|p1a: Greninja\n|-hint|Since gen 7, Dark is immune to Prankster moves.\n|-immune|p1a: Greninja\n|move|p1a: Greninja|Dark Pulse|p2a: Banette\n|-supereffective|p2a: Banette\n|-damage|p2a: Banette|46\/100\n|\n|upkeep\n|turn|2\n|\n|t:|1699729160\n|move|p2a: Banette|Destiny Bond|p2a: Banette\n|-singlemove|p2a: Banette|Destiny Bond\n|move|p1a: Greninja|Dark Pulse|p2a: Banette\n|-supereffective|p2a: Banette\n|-damage|p2a: Banette|0 fnt\n|faint|p2a: Banette\n|-activate|p2a: Banette|move: Destiny Bond\n|faint|p1a: Greninja\n|\n|upkeep\n|inactive|Battle timer is ON: inactive players will automatically lose when time's up. (requested by giplej345)\n|\n|t:|1699729176\n|switch|p1a: Araquanid|Araquanid, F|100\/100\n|switch|p2a: Blaziken|Blaziken, M|100\/100\n|turn|3\n|\n|t:|1699729181\n|move|p2a: Blaziken|Power-Up Punch|p1a: Araquanid\n|-resisted|p1a: Araquanid\n|-damage|p1a: Araquanid|89\/100\n|-boost|p2a: Blaziken|atk|1\n|move|p1a: Araquanid|Sticky Web|p2a: Blaziken\n|-sidestart|p2: Fezanyippe|move: Sticky Web\n|\n|-heal|p1a: Araquanid|95\/100|[from] item: Leftovers\n|-ability|p2a: Blaziken|Speed Boost|boost\n|-boost|p2a: Blaziken|spe|1\n|upkeep\n|turn|4\n|\n|t:|1699729191\n|move|p2a: Blaziken|Power-Up Punch|p1a: Araquanid\n|-resisted|p1a: Araquanid\n|-damage|p1a: Araquanid|78\/100\n|-boost|p2a: Blaziken|atk|1\n|move|p1a: Araquanid|Liquidation|p2a: Blaziken\n|-supereffective|p2a: Blaziken\n|-crit|p2a: Blaziken\n|-damage|p2a: Blaziken|6\/100\n|\n|-heal|p1a: Araquanid|84\/100|[from] item: Leftovers\n|-ability|p2a: Blaziken|Speed Boost|boost\n|-boost|p2a: Blaziken|spe|1\n|upkeep\n|turn|5\n|\n|t:|1699729205\n|-terastallize|p2a: Blaziken|Fire\n|move|p2a: Blaziken|Blaze Kick|p1a: Araquanid\n|-damage|p1a: Araquanid|0 fnt\n|faint|p1a: Araquanid\n|\n|-ability|p2a: Blaziken|Speed Boost|boost\n|-boost|p2a: Blaziken|spe|1\n|upkeep\n|\n|t:|1699729214\n|switch|p1a: Dracozolt|Dracozolt|100\/100\n|turn|6\n|\n|t:|1699729218\n|move|p2a: Blaziken|Close Combat|p1a: Dracozolt\n|-damage|p1a: Dracozolt|0 fnt\n|-unboost|p2a: Blaziken|def|1\n|-unboost|p2a: Blaziken|spd|1\n|faint|p1a: Dracozolt\n|\n|-ability|p2a: Blaziken|Speed Boost|boost\n|-boost|p2a: Blaziken|spe|1\n|upkeep\n|\n|t:|1699729223\n|switch|p1a: Charizard|Charizard, F|100\/100\n|turn|7\n|\n|t:|1699729229\n|move|p2a: Blaziken|Blaze Kick|p1a: Charizard|[miss]\n|-miss|p2a: Blaziken|p1a: Charizard\n|move|p1a: Charizard|Ancient Power|p2a: Blaziken\n|-supereffective|p2a: Blaziken\n|-damage|p2a: Blaziken|0 fnt\n|faint|p2a: Blaziken\n|\n|upkeep\n|\n|t:|1699729239\n|switch|p2a: Urshifu|Urshifu-Rapid-Strike, M|100\/100\n|-activate|p2a: Urshifu|move: Sticky Web\n|-unboost|p2a: Urshifu|spe|1\n|turn|8\n|\n|t:|1699729247\n|detailschange|p1a: Charizard|Charizard-Mega-Y, F\n|-mega|p1a: Charizard|Charizard|Charizardite Y\n|-weather|SunnyDay|[from] ability: Drought|[of] p1a: Charizard\n|move|p1a: Charizard|Solar Beam||[still]\n|-prepare|p1a: Charizard|Solar Beam\n|-anim|p1a: Charizard|Solar Beam|p2a: Urshifu\n|-supereffective|p2a: Urshifu\n|-damage|p2a: Urshifu|5\/100\n|move|p2a: Urshifu|Surging Strikes|p1a: Charizard\n|-supereffective|p1a: Charizard\n|-crit|p1a: Charizard\n|-damage|p1a: Charizard|68\/100\n|-supereffective|p1a: Charizard\n|-crit|p1a: Charizard\n|-damage|p1a: Charizard|37\/100\n|-supereffective|p1a: Charizard\n|-crit|p1a: Charizard\n|-damage|p1a: Charizard|4\/100\n|-hitcount|p1a: Charizard|3\n|\n|-weather|SunnyDay|[upkeep]\n|upkeep\n|turn|9\n|\n|t:|1699729269\n|move|p1a: Charizard|Ancient Power|p2a: Urshifu\n|-resisted|p2a: Urshifu\n|-damage|p2a: Urshifu|0 fnt\n|faint|p2a: Urshifu\n|\n|-weather|SunnyDay|[upkeep]\n|upkeep\n|\n|t:|1699729276\n|switch|p2a: Gliscor|Gliscor, M|100\/100\n|turn|10\n|\n|t:|1699729288\n|move|p1a: Charizard|Solar Beam||[still]\n|-prepare|p1a: Charizard|Solar Beam\n|-anim|p1a: Charizard|Solar Beam|p2a: Gliscor\n|-damage|p2a: Gliscor|46\/100\n|move|p2a: Gliscor|Dual Wingbeat|p1a: Charizard\n|-damage|p1a: Charizard|0 fnt\n|faint|p1a: Charizard\n|-hitcount|p1: Charizard|1\n|\n|-weather|SunnyDay|[upkeep]\n|-status|p2a: Gliscor|tox|[from] item: Toxic Orb\n|upkeep\n|\n|t:|1699729296\n|switch|p1a: Ferrothorn|Ferrothorn, M|100\/100\n|turn|11\n|\n|t:|1699729304\n|move|p2a: Gliscor|Earthquake|p1a: Ferrothorn\n|-damage|p1a: Ferrothorn|73\/100\n|move|p1a: Ferrothorn|Iron Defense|p1a: Ferrothorn\n|-boost|p1a: Ferrothorn|def|2\n|\n|-weather|SunnyDay|[upkeep]\n|-heal|p1a: Ferrothorn|79\/100|[from] item: Leftovers\n|-heal|p2a: Gliscor|59\/100 tox|[from] ability: Poison Heal\n|upkeep\n|turn|12\n|\n|t:|1699729318\n|switch|p2a: Ting-Lu|Ting-Lu|100\/100\n|-activate|p2a: Ting-Lu|move: Sticky Web\n|-unboost|p2a: Ting-Lu|spe|1\n|-ability|p2a: Ting-Lu|Vessel of Ruin\n|move|p1a: Ferrothorn|Iron Defense|p1a: Ferrothorn\n|-boost|p1a: Ferrothorn|def|2\n|\n|-weather|none\n|-heal|p1a: Ferrothorn|85\/100|[from] item: Leftovers\n|upkeep\n|turn|13\n|\n|t:|1699729337\n|move|p2a: Ting-Lu|Ruination|p1a: Ferrothorn\n|-damage|p1a: Ferrothorn|43\/100\n|move|p1a: Ferrothorn|Power Whip|p2a: Ting-Lu|[miss]\n|-miss|p1a: Ferrothorn|p2a: Ting-Lu\n|\n|-heal|p1a: Ferrothorn|49\/100|[from] item: Leftovers\n|upkeep\n|turn|14\n|\n|t:|1699729347\n|move|p2a: Ting-Lu|Ruination|p1a: Ferrothorn\n|-damage|p1a: Ferrothorn|25\/100\n|move|p1a: Ferrothorn|Power Whip|p2a: Ting-Lu|[miss]\n|-miss|p1a: Ferrothorn|p2a: Ting-Lu\n|\n|-heal|p1a: Ferrothorn|31\/100|[from] item: Leftovers\n|upkeep\n|turn|15\n|\n|t:|1699729356\n|move|p2a: Ting-Lu|Ruination|p1a: Ferrothorn\n|-damage|p1a: Ferrothorn|16\/100\n|move|p1a: Ferrothorn|Power Whip|p2a: Ting-Lu\n|-supereffective|p2a: Ting-Lu\n|-damage|p2a: Ting-Lu|58\/100\n|\n|-heal|p1a: Ferrothorn|22\/100|[from] item: Leftovers\n|upkeep\n|turn|16\n|\n|t:|1699729366\n|move|p2a: Ting-Lu|Ruination|p1a: Ferrothorn\n|-damage|p1a: Ferrothorn|11\/100\n|move|p1a: Ferrothorn|Power Whip|p2a: Ting-Lu|[miss]\n|-miss|p1a: Ferrothorn|p2a: Ting-Lu\n|\n|-heal|p1a: Ferrothorn|18\/100|[from] item: Leftovers\n|upkeep\n|turn|17\n|\n|t:|1699729376\n|move|p2a: Ting-Lu|Ruination|p1a: Ferrothorn\n|-damage|p1a: Ferrothorn|9\/100\n|move|p1a: Ferrothorn|Power Whip|p2a: Ting-Lu\n|-supereffective|p2a: Ting-Lu\n|-damage|p2a: Ting-Lu|15\/100\n|\n|-heal|p1a: Ferrothorn|15\/100|[from] item: Leftovers\n|upkeep\n|turn|18\n|c|\u2606Fezanyippe|CMON U STUPID DURIAN JUST DIE\n|\n|t:|1699729392\n|move|p2a: Ting-Lu|Body Press|p1a: Ferrothorn\n|-supereffective|p1a: Ferrothorn\n|-damage|p1a: Ferrothorn|0 fnt\n|-damage|p2a: Ting-Lu|2\/100|[from] ability: Iron Barbs|[of] p1a: Ferrothorn\n|faint|p1a: Ferrothorn\n|\n|upkeep\n|\n|t:|1699729396\n|switch|p1a: Tinkaton|Tinkaton, F|100\/100\n|-ability|p1a: Tinkaton|Mold Breaker\n|turn|19\n|\n|t:|1699729403\n|move|p1a: Tinkaton|Swords Dance|p1a: Tinkaton\n|-boost|p1a: Tinkaton|atk|2\n|move|p2a: Ting-Lu|Ruination|p1a: Tinkaton\n|-damage|p1a: Tinkaton|51\/100\n|\n|-heal|p1a: Tinkaton|57\/100|[from] item: Leftovers\n|upkeep\n|turn|20\n|\n|t:|1699729413\n|move|p1a: Tinkaton|Play Rough|p2a: Ting-Lu\n|-supereffective|p2a: Ting-Lu\n|-damage|p2a: Ting-Lu|0 fnt\n|faint|p2a: Ting-Lu\n|\n|-heal|p1a: Tinkaton|63\/100|[from] item: Leftovers\n|upkeep\n|\n|t:|1699729415\n|switch|p2a: Gliscor|Gliscor, M|59\/100 tox\n|turn|21\n|\n|t:|1699729421\n|move|p1a: Tinkaton|Ice Hammer|p2a: Gliscor\n|-supereffective|p2a: Gliscor\n|-damage|p2a: Gliscor|0 fnt\n|-unboost|p1a: Tinkaton|spe|1\n|faint|p2a: Gliscor\n|\n|-heal|p1a: Tinkaton|69\/100|[from] item: Leftovers\n|upkeep\n|\n|t:|1699729423\n|switch|p2a: Ferrothorn|Ferrothorn, F, shiny|100\/100\n|-activate|p2a: Ferrothorn|move: Sticky Web\n|-unboost|p2a: Ferrothorn|spe|1\n|turn|22\n|\n|t:|1699729433\n|move|p1a: Tinkaton|Swords Dance|p1a: Tinkaton\n|-boost|p1a: Tinkaton|atk|2\n|move|p2a: Ferrothorn|Leech Seed|p1a: Tinkaton|[miss]\n|-miss|p2a: Ferrothorn|p1a: Tinkaton\n|\n|-heal|p1a: Tinkaton|75\/100|[from] item: Leftovers\n|upkeep\n|turn|23\n|\n|t:|1699729440\n|move|p1a: Tinkaton|Swords Dance|p1a: Tinkaton\n|-boost|p1a: Tinkaton|atk|2\n|move|p2a: Ferrothorn|Leech Seed|p1a: Tinkaton\n|-start|p1a: Tinkaton|move: Leech Seed\n|\n|-heal|p1a: Tinkaton|81\/100|[from] item: Leftovers\n|-damage|p1a: Tinkaton|69\/100|[from] Leech Seed|[of] p2a: Ferrothorn\n|upkeep\n|turn|24\n|\n|t:|1699729449\n|-terastallize|p1a: Tinkaton|Fairy\n|move|p1a: Tinkaton|Play Rough|p2a: Ferrothorn\n|-resisted|p2a: Ferrothorn\n|-damage|p2a: Ferrothorn|46\/100\n|-damage|p1a: Tinkaton|57\/100|[from] ability: Iron Barbs|[of] p2a: Ferrothorn\n|-damage|p1a: Tinkaton|40\/100|[from] item: Rocky Helmet|[of] p2a: Ferrothorn\n|move|p2a: Ferrothorn|Gyro Ball|p1a: Tinkaton\n|-supereffective|p1a: Tinkaton\n|-damage|p1a: Tinkaton|0 fnt\n|faint|p1a: Tinkaton\n|\n|win|Fezanyippe\n|raw|giplej345's rating: 1035 &rarr; <strong>1025<\/strong><br \/>(-10 for losing)\n|raw|Fezanyippe's rating: 1169 &rarr; <strong>1185<\/strong><br \/>(+16 for winning)\n","uploadtime":1699729392,"views":4,"p1id":"giplej345","p2id":"fezanyippe","formatid":"gen9nationaldex","rating":1025,"private":0,"password":""}