{"id":"gen9nationaldex-1993854854","p1":"lifegoeson123","p2":"BRCQ","format":"[Gen 9] National Dex","log":"|j|\u2606lifegoeson123\n|j|\u2606BRCQ\n|t:|1700365742\n|gametype|singles\n|player|p1|lifegoeson123|richboy|1521\n|player|p2|BRCQ|flint|1531\n|teamsize|p1|6\n|teamsize|p2|6\n|gen|9\n|tier|[Gen 9] National Dex\n|rated|\n|rule|HP Percentage Mod: HP is shown in percentages\n|rule|Endless Battle Clause: Forcing endless battles is banned\n|rule|OHKO Clause: OHKO moves are banned\n|rule|Evasion Clause: Evasion abilities, items, and moves are banned\n|rule|Evasion Abilities Clause: Evasion abilities are banned\n|rule|Evasion Items Clause: Evasion items are banned\n|rule|Evasion Moves Clause: Evasion moves are banned\n|rule|Species Clause: Limit one of each Pok\u00e9mon\n|rule|Sleep Clause Mod: Limit one foe put to sleep\n|clearpoke\n|poke|p1|Heatran, F|\n|poke|p1|Zapdos|\n|poke|p1|Cloyster, M|\n|poke|p1|Urshifu-*, M|\n|poke|p1|Tapu Bulu|\n|poke|p1|Tyranitar, F|\n|poke|p2|Alomomola, M|\n|poke|p2|Tapu Koko|\n|poke|p2|Iron Valiant|\n|poke|p2|Sneasler, F|\n|poke|p2|Clodsire, M|\n|poke|p2|Lopunny, F|\n|teampreview\n|inactive|Battle timer is ON: inactive players will automatically lose when time's up. (requested by BRCQ)\n|\n|t:|1700365766\n|start\n|switch|p1a: Cloyster|Cloyster, M|100\/100\n|switch|p2a: \u5de5\u5177\u4eba|Tapu Koko|100\/100\n|-fieldstart|move: Electric Terrain|[from] ability: Electric Surge|[of] p2a: \u5de5\u5177\u4eba\n|turn|1\n|\n|t:|1700365778\n|switch|p1a: Tapu Bulu|Tapu Bulu, shiny|100\/100\n|-fieldstart|move: Grassy Terrain|[from] ability: Grassy Surge|[of] p1a: Tapu Bulu\n|move|p2a: \u5de5\u5177\u4eba|Volt Switch|p1a: Tapu Bulu\n|-resisted|p1a: Tapu Bulu\n|-damage|p1a: Tapu Bulu|80\/100\n|\n|t:|1700365786\n|switch|p2a: Lopunny|Lopunny, F, shiny|100\/100|[from] Volt Switch\n|\n|-heal|p1a: Tapu Bulu|86\/100|[from] Grassy Terrain\n|-heal|p1a: Tapu Bulu|92\/100|[from] item: Leftovers\n|upkeep\n|turn|2\n|\n|t:|1700365793\n|detailschange|p2a: Lopunny|Lopunny-Mega, F, shiny\n|-mega|p2a: Lopunny|Lopunny|Lopunnite\n|move|p2a: Lopunny|Fake Out|p1a: Tapu Bulu\n|-damage|p1a: Tapu Bulu|70\/100\n|cant|p1a: Tapu Bulu|flinch\n|\n|-heal|p1a: Tapu Bulu|76\/100|[from] Grassy Terrain\n|-heal|p1a: Tapu Bulu|83\/100|[from] item: Leftovers\n|upkeep\n|turn|3\n|\n|t:|1700365803\n|move|p2a: Lopunny|U-turn|p1a: Tapu Bulu\n|-damage|p1a: Tapu Bulu|56\/100\n|\n|t:|1700365807\n|switch|p2a: \u5de5\u5177\u4eba|Tapu Koko|100\/100|[from] U-turn\n|-fieldstart|move: Electric Terrain|[from] ability: Electric Surge|[of] p2a: \u5de5\u5177\u4eba\n|move|p1a: Tapu Bulu|Close Combat|p2a: \u5de5\u5177\u4eba\n|-resisted|p2a: \u5de5\u5177\u4eba\n|-damage|p2a: \u5de5\u5177\u4eba|66\/100\n|-unboost|p1a: Tapu Bulu|def|1\n|-unboost|p1a: Tapu Bulu|spd|1\n|\n|-heal|p1a: Tapu Bulu|62\/100|[from] item: Leftovers\n|upkeep\n|turn|4\n|\n|t:|1700365818\n|switch|p1a: Tyranitar|Tyranitar, F|100\/100\n|-weather|Sandstorm|[from] ability: Sand Stream|[of] p1a: Tyranitar\n|move|p2a: \u5de5\u5177\u4eba|Volt Switch|p1a: Tyranitar\n|-damage|p1a: Tyranitar|74\/100\n|\n|t:|1700365824\n|switch|p2a: Iron Valiant|Iron Valiant|100\/100|[from] Volt Switch\n|-activate|p2a: Iron Valiant|ability: Quark Drive\n|-start|p2a: Iron Valiant|quarkdrivespe\n|\n|-weather|Sandstorm|[upkeep]\n|-damage|p2a: Iron Valiant|94\/100|[from] Sandstorm\n|upkeep\n|turn|5\n|\n|t:|1700365833\n|switch|p1a: Tapu Bulu|Tapu Bulu, shiny|62\/100\n|-fieldstart|move: Grassy Terrain|[from] ability: Grassy Surge|[of] p1a: Tapu Bulu\n|-end|p2a: Iron Valiant|Quark Drive\n|move|p2a: Iron Valiant|Aura Sphere|p1a: Tapu Bulu\n|-resisted|p1a: Tapu Bulu\n|-crit|p1a: Tapu Bulu\n|-damage|p1a: Tapu Bulu|15\/100\n|-damage|p2a: Iron Valiant|84\/100|[from] item: Life Orb\n|\n|-weather|Sandstorm|[upkeep]\n|-damage|p2a: Iron Valiant|78\/100|[from] Sandstorm\n|-damage|p1a: Tapu Bulu|8\/100|[from] Sandstorm\n|-heal|p2a: Iron Valiant|84\/100|[from] Grassy Terrain\n|-heal|p1a: Tapu Bulu|15\/100|[from] Grassy Terrain\n|-heal|p1a: Tapu Bulu|21\/100|[from] item: Leftovers\n|upkeep\n|turn|6\n|\n|t:|1700365848\n|switch|p1a: Heatran|Heatran, F|100\/100\n|move|p2a: Iron Valiant|Moonblast|p1a: Heatran\n|-resisted|p1a: Heatran\n|-damage|p1a: Heatran|91\/100\n|-unboost|p1a: Heatran|spa|1\n|-damage|p2a: Iron Valiant|74\/100|[from] item: Life Orb\n|\n|-weather|Sandstorm|[upkeep]\n|-damage|p2a: Iron Valiant|68\/100|[from] Sandstorm\n|-heal|p2a: Iron Valiant|74\/100|[from] Grassy Terrain\n|-heal|p1a: Heatran|98\/100|[from] Grassy Terrain\n|-heal|p1a: Heatran|100\/100|[from] item: Leftovers\n|upkeep\n|turn|7\n|\n|t:|1700365863\n|-end|p2a: Iron Valiant|Quark Drive|[silent]\n|switch|p2a: Alomomola|Alomomola, M|100\/100\n|move|p1a: Heatran|Substitute|p1a: Heatran\n|-start|p1a: Heatran|Substitute\n|-damage|p1a: Heatran|76\/100\n|\n|-weather|Sandstorm|[upkeep]\n|-damage|p2a: Alomomola|94\/100|[from] Sandstorm\n|-heal|p1a: Heatran|82\/100|[from] Grassy Terrain\n|-heal|p1a: Heatran|88\/100|[from] item: Leftovers\n|-heal|p2a: Alomomola|100\/100|[from] Grassy Terrain\n|upkeep\n|turn|8\n|\n|t:|1700365875\n|move|p1a: Heatran|Toxic|p2a: Alomomola\n|-status|p2a: Alomomola|tox\n|move|p2a: Alomomola|Wish|p2a: Alomomola\n|\n|-weather|none\n|-heal|p1a: Heatran|94\/100|[from] Grassy Terrain\n|-heal|p1a: Heatran|100\/100|[from] item: Leftovers\n|-damage|p2a: Alomomola|94\/100 tox|[from] psn\n|upkeep\n|turn|9\n|\n|t:|1700365889\n|move|p1a: Heatran|Magma Storm|p2a: Alomomola\n|-resisted|p2a: Alomomola\n|-damage|p2a: Alomomola|78\/100 tox\n|-activate|p2a: Alomomola|move: Magma Storm|[of] p1a: Heatran\n|move|p2a: Alomomola|Flip Turn|p1a: Heatran\n|-supereffective|p1a: Heatran\n|-end|p1a: Heatran|Substitute\n|\n|t:|1700365899\n|switch|p2a: \u5de5\u5177\u4eba|Tapu Koko|66\/100|[from] Flip Turn\n|-fieldstart|move: Electric Terrain|[from] ability: Electric Surge|[of] p2a: \u5de5\u5177\u4eba\n|\n|-heal|p2a: \u5de5\u5177\u4eba|100\/100|[from] move: Wish|[wisher] Alomomola\n|upkeep\n|turn|10\n|\n|t:|1700365906\n|move|p2a: \u5de5\u5177\u4eba|Volt Switch|p1a: Heatran\n|-damage|p1a: Heatran|73\/100\n|\n|t:|1700365913\n|switch|p2a: Clodsire|Clodsire, M|100\/100|[from] Volt Switch\n|move|p1a: Heatran|Substitute|p1a: Heatran\n|-start|p1a: Heatran|Substitute\n|-damage|p1a: Heatran|48\/100\n|\n|-heal|p1a: Heatran|54\/100|[from] item: Leftovers\n|upkeep\n|turn|11\n|\n|t:|1700365921\n|move|p1a: Heatran|Protect|p1a: Heatran\n|-singleturn|p1a: Heatran|Protect\n|move|p2a: Clodsire|Stealth Rock|p1a: Heatran\n|-sidestart|p1: lifegoeson123|move: Stealth Rock\n|\n|-heal|p1a: Heatran|60\/100|[from] item: Leftovers\n|upkeep\n|turn|12\n|\n|t:|1700365929\n|move|p1a: Heatran|Magma Storm|p2a: Clodsire\n|-damage|p2a: Clodsire|84\/100\n|-activate|p2a: Clodsire|move: Magma Storm|[of] p1a: Heatran\n|move|p2a: Clodsire|Earthquake|p1a: Heatran\n|-supereffective|p1a: Heatran\n|-end|p1a: Heatran|Substitute\n|\n|-heal|p1a: Heatran|67\/100|[from] item: Leftovers\n|-heal|p2a: Clodsire|91\/100|[from] item: Leftovers\n|-damage|p2a: Clodsire|78\/100|[from] move: Magma Storm|[partiallytrapped]\n|upkeep\n|turn|13\n|\n|t:|1700365940\n|move|p1a: Heatran|Protect|p1a: Heatran\n|-singleturn|p1a: Heatran|Protect\n|move|p2a: Clodsire|Toxic|p1a: Heatran\n|-activate|p1a: Heatran|move: Protect\n|\n|-heal|p1a: Heatran|73\/100|[from] item: Leftovers\n|-heal|p2a: Clodsire|84\/100|[from] item: Leftovers\n|-damage|p2a: Clodsire|72\/100|[from] move: Magma Storm|[partiallytrapped]\n|-fieldend|move: Electric Terrain\n|upkeep\n|turn|14\n|\n|t:|1700365951\n|move|p1a: Heatran|Substitute|p1a: Heatran\n|-start|p1a: Heatran|Substitute\n|-damage|p1a: Heatran|48\/100\n|move|p2a: Clodsire|Earthquake|p1a: Heatran\n|-supereffective|p1a: Heatran\n|-end|p1a: Heatran|Substitute\n|\n|-heal|p1a: Heatran|54\/100|[from] item: Leftovers\n|-heal|p2a: Clodsire|78\/100|[from] item: Leftovers\n|-damage|p2a: Clodsire|66\/100|[from] move: Magma Storm|[partiallytrapped]\n|upkeep\n|turn|15\n|\n|t:|1700365961\n|switch|p1a: Zapdos|Zapdos|100\/100\n|move|p2a: Clodsire|Recover|p2a: Clodsire\n|-heal|p2a: Clodsire|100\/100\n|\n|-end|p2a: Clodsire|Magma Storm|[partiallytrapped]|[silent]\n|upkeep\n|turn|16\n|\n|t:|1700365968\n|move|p1a: Zapdos|Defog|p2a: Clodsire\n|-unboost|p2a: Clodsire|evasion|1\n|-sideend|p1: lifegoeson123|Stealth Rock|[from] move: Defog|[of] p1a: Zapdos\n|move|p2a: Clodsire|Toxic|p1a: Zapdos\n|-status|p1a: Zapdos|tox\n|\n|-damage|p1a: Zapdos|94\/100 tox|[from] psn\n|upkeep\n|turn|17\n|\n|t:|1700365986\n|switch|p1a: Tyranitar|Tyranitar, F|74\/100\n|-weather|Sandstorm|[from] ability: Sand Stream|[of] p1a: Tyranitar\n|move|p2a: Clodsire|Stealth Rock|p1a: Tyranitar\n|-sidestart|p1: lifegoeson123|move: Stealth Rock\n|\n|-weather|Sandstorm|[upkeep]\n|upkeep\n|turn|18\n|\n|t:|1700365994\n|switch|p2a: Alomomola|Alomomola, M|100\/100 tox\n|move|p1a: Tyranitar|Dragon Dance|p1a: Tyranitar\n|-boost|p1a: Tyranitar|atk|1\n|-boost|p1a: Tyranitar|spe|1\n|\n|-weather|Sandstorm|[upkeep]\n|-damage|p2a: Alomomola|94\/100 tox|[from] Sandstorm\n|-damage|p2a: Alomomola|88\/100 tox|[from] psn\n|upkeep\n|turn|19\n|\n|t:|1700366004\n|move|p1a: Tyranitar|Dragon Dance|p1a: Tyranitar\n|-boost|p1a: Tyranitar|atk|1\n|-boost|p1a: Tyranitar|spe|1\n|move|p2a: Alomomola|Wish|p2a: Alomomola\n|\n|-weather|Sandstorm|[upkeep]\n|-damage|p2a: Alomomola|82\/100 tox|[from] Sandstorm\n|-damage|p2a: Alomomola|70\/100 tox|[from] psn\n|upkeep\n|turn|20\n|\n|t:|1700366012\n|move|p1a: Tyranitar|Dragon Dance|p1a: Tyranitar\n|-boost|p1a: Tyranitar|atk|1\n|-boost|p1a: Tyranitar|spe|1\n|move|p2a: Alomomola|Flip Turn|p1a: Tyranitar\n|-supereffective|p1a: Tyranitar\n|-damage|p1a: Tyranitar|44\/100\n|-enditem|p1a: Tyranitar|Weakness Policy\n|-boost|p1a: Tyranitar|atk|2|[from] item: Weakness Policy\n|-boost|p1a: Tyranitar|spa|2|[from] item: Weakness Policy\n|\n|t:|1700366022\n|switch|p2a: \u5de5\u5177\u4eba|Tapu Koko|100\/100|[from] Flip Turn\n|-fieldstart|move: Electric Terrain|[from] ability: Electric Surge|[of] p2a: \u5de5\u5177\u4eba\n|\n|-weather|Sandstorm|[upkeep]\n|-damage|p2a: \u5de5\u5177\u4eba|94\/100|[from] Sandstorm\n|-heal|p2a: \u5de5\u5177\u4eba|100\/100|[from] move: Wish|[wisher] Alomomola\n|upkeep\n|turn|21\n|\n|t:|1700366032\n|move|p1a: Tyranitar|Earthquake|p2a: \u5de5\u5177\u4eba\n|-supereffective|p2a: \u5de5\u5177\u4eba\n|-damage|p2a: \u5de5\u5177\u4eba|0 fnt\n|faint|p2a: \u5de5\u5177\u4eba\n|\n|-weather|none\n|upkeep\n|\n|t:|1700366037\n|switch|p2a: Sneasler|Sneasler, F|100\/100\n|-enditem|p2a: Sneasler|Electric Seed\n|-boost|p2a: Sneasler|def|1|[from] item: Electric Seed\n|turn|22\n|\n|t:|1700366047\n|-terastallize|p2a: Sneasler|Flying\n|-terastallize|p1a: Tyranitar|Flying\n|move|p2a: Sneasler|Close Combat|p1a: Tyranitar\n|-resisted|p1a: Tyranitar\n|-damage|p1a: Tyranitar|14\/100\n|-unboost|p2a: Sneasler|def|1\n|-unboost|p2a: Sneasler|spd|1\n|move|p1a: Tyranitar|Dragon Dance|p1a: Tyranitar\n|-boost|p1a: Tyranitar|atk|1\n|-boost|p1a: Tyranitar|spe|1\n|\n|upkeep\n|turn|23\n|\n|t:|1700366060\n|move|p1a: Tyranitar|Ice Punch|p2a: Sneasler\n|-supereffective|p2a: Sneasler\n|-crit|p2a: Sneasler\n|-damage|p2a: Sneasler|0 fnt\n|faint|p2a: Sneasler\n|\n|upkeep\n|\n|t:|1700366065\n|switch|p2a: Lopunny|Lopunny-Mega, F, shiny|100\/100\n|turn|24\n|\n|t:|1700366069\n|move|p2a: Lopunny|Fake Out|p1a: Tyranitar\n|-damage|p1a: Tyranitar|0 fnt\n|faint|p1a: Tyranitar\n|\n|-fieldend|move: Electric Terrain\n|upkeep\n|inactive|lifegoeson123 has 120 seconds left.\n|\n|t:|1700366100\n|switch|p1a: Zapdos|Zapdos|94\/100 tox\n|turn|25\n|\n|t:|1700366109\n|switch|p2a: Clodsire|Clodsire, M|100\/100\n|move|p1a: Zapdos|Defog|p2a: Clodsire\n|-unboost|p2a: Clodsire|evasion|1\n|-sideend|p1: lifegoeson123|Stealth Rock|[from] move: Defog|[of] p1a: Zapdos\n|\n|-damage|p1a: Zapdos|88\/100 tox|[from] psn\n|upkeep\n|turn|26\n|\n|t:|1700366118\n|switch|p1a: Cloyster|Cloyster, M|100\/100\n|move|p2a: Clodsire|Stealth Rock|p1a: Cloyster\n|-sidestart|p1: lifegoeson123|move: Stealth Rock\n|\n|upkeep\n|turn|27\n|\n|t:|1700366127\n|move|p1a: Cloyster|Shell Smash|p1a: Cloyster\n|-unboost|p1a: Cloyster|def|1\n|-unboost|p1a: Cloyster|spd|1\n|-boost|p1a: Cloyster|atk|2\n|-boost|p1a: Cloyster|spa|2\n|-boost|p1a: Cloyster|spe|2\n|-enditem|p1a: Cloyster|White Herb\n|-clearnegativeboost|p1a: Cloyster|[silent]\n|move|p2a: Clodsire|Toxic|p1a: Cloyster\n|-status|p1a: Cloyster|tox\n|\n|-damage|p1a: Cloyster|94\/100 tox|[from] psn\n|upkeep\n|turn|28\n|\n|t:|1700366137\n|switch|p2a: Alomomola|Alomomola, M|100\/100 tox\n|move|p1a: Cloyster|Icicle Spear|p2a: Alomomola\n|-resisted|p2a: Alomomola\n|-damage|p2a: Alomomola|95\/100 tox\n|-resisted|p2a: Alomomola\n|-damage|p2a: Alomomola|89\/100 tox\n|-resisted|p2a: Alomomola\n|-damage|p2a: Alomomola|83\/100 tox\n|-resisted|p2a: Alomomola\n|-damage|p2a: Alomomola|77\/100 tox\n|-resisted|p2a: Alomomola\n|-damage|p2a: Alomomola|70\/100 tox\n|-hitcount|p2a: Alomomola|5\n|\n|-damage|p1a: Cloyster|82\/100 tox|[from] psn\n|-damage|p2a: Alomomola|64\/100 tox|[from] psn\n|upkeep\n|turn|29\n|\n|t:|1700366151\n|move|p1a: Cloyster|Rock Blast|p2a: Alomomola\n|-damage|p2a: Alomomola|56\/100 tox\n|-crit|p2a: Alomomola\n|-damage|p2a: Alomomola|44\/100 tox\n|-damage|p2a: Alomomola|36\/100 tox\n|-damage|p2a: Alomomola|27\/100 tox\n|-damage|p2a: Alomomola|18\/100 tox\n|-hitcount|p2a: Alomomola|5\n|move|p2a: Alomomola|Flip Turn|p1a: Cloyster\n|-resisted|p1a: Cloyster\n|-damage|p1a: Cloyster|76\/100 tox\n|\n|t:|1700366162\n|switch|p2a: Lopunny|Lopunny-Mega, F, shiny|100\/100|[from] Flip Turn\n|\n|-damage|p1a: Cloyster|57\/100 tox|[from] psn\n|upkeep\n|turn|30\n|\n|t:|1700366169\n|move|p2a: Lopunny|Fake Out|p1a: Cloyster\n|-damage|p1a: Cloyster|37\/100 tox\n|cant|p1a: Cloyster|flinch\n|\n|-damage|p1a: Cloyster|12\/100 tox|[from] psn\n|upkeep\n|turn|31\n|\n|t:|1700366181\n|switch|p2a: Alomomola|Alomomola, M|52\/100 tox\n|move|p1a: Cloyster|Icicle Spear|p2a: Alomomola\n|-resisted|p2a: Alomomola\n|-damage|p2a: Alomomola|46\/100 tox\n|-resisted|p2a: Alomomola\n|-damage|p2a: Alomomola|39\/100 tox\n|-resisted|p2a: Alomomola\n|-damage|p2a: Alomomola|34\/100 tox\n|-resisted|p2a: Alomomola\n|-damage|p2a: Alomomola|28\/100 tox\n|-resisted|p2a: Alomomola\n|-damage|p2a: Alomomola|22\/100 tox\n|-hitcount|p2a: Alomomola|5\n|\n|-damage|p1a: Cloyster|0 fnt|[from] psn\n|faint|p1a: Cloyster\n|-damage|p2a: Alomomola|16\/100 tox|[from] psn\n|upkeep\n|\n|t:|1700366190\n|switch|p1a: Urshifu|Urshifu-Rapid-Strike, M|100\/100\n|-damage|p1a: Urshifu|94\/100|[from] Stealth Rock\n|turn|32\n|\n|t:|1700366201\n|switch|p2a: Clodsire|Clodsire, M|100\/100\n|move|p1a: Urshifu|Surging Strikes|p2a: Clodsire\n|-immune|p2a: Clodsire|[from] ability: Water Absorb\n|\n|upkeep\n|turn|33\n|\n|t:|1700366212\n|switch|p1a: Zapdos|Zapdos|88\/100 tox\n|move|p2a: Clodsire|Toxic|p1a: Zapdos\n|-fail|p1a: Zapdos|tox\n|\n|-damage|p1a: Zapdos|82\/100 tox|[from] psn\n|upkeep\n|turn|34\n|\n|t:|1700366233\n|switch|p1a: Tapu Bulu|Tapu Bulu, shiny|21\/100\n|-damage|p1a: Tapu Bulu|8\/100|[from] Stealth Rock\n|-fieldstart|move: Grassy Terrain|[from] ability: Grassy Surge|[of] p1a: Tapu Bulu\n|move|p2a: Clodsire|Stealth Rock||[still]\n|-fail|p2a: Clodsire\n|\n|-heal|p1a: Tapu Bulu|15\/100|[from] Grassy Terrain\n|-heal|p1a: Tapu Bulu|21\/100|[from] item: Leftovers\n|upkeep\n|turn|35\n|\n|t:|1700366251\n|move|p1a: Tapu Bulu|Horn Leech|p2a: Clodsire\n|-damage|p2a: Clodsire|41\/100\n|-heal|p1a: Tapu Bulu|68\/100|[from] drain|[of] p2a: Clodsire\n|move|p2a: Clodsire|Toxic|p1a: Tapu Bulu\n|-status|p1a: Tapu Bulu|tox\n|\n|-heal|p1a: Tapu Bulu|75\/100 tox|[from] Grassy Terrain\n|-heal|p1a: Tapu Bulu|81\/100 tox|[from] item: Leftovers\n|-heal|p2a: Clodsire|48\/100|[from] Grassy Terrain\n|-heal|p2a: Clodsire|54\/100|[from] item: Leftovers\n|-damage|p1a: Tapu Bulu|75\/100 tox|[from] psn\n|upkeep\n|turn|36\n|\n|t:|1700366264\n|switch|p2a: Lopunny|Lopunny-Mega, F, shiny|100\/100\n|move|p1a: Tapu Bulu|Horn Leech|p2a: Lopunny\n|-damage|p2a: Lopunny|25\/100\n|-heal|p1a: Tapu Bulu|100\/100 tox|[from] drain|[of] p2a: Lopunny\n|\n|-heal|p2a: Lopunny|31\/100|[from] Grassy Terrain\n|-damage|p1a: Tapu Bulu|88\/100 tox|[from] psn\n|upkeep\n|turn|37\n|\n|t:|1700366276\n|switch|p1a: Urshifu|Urshifu-Rapid-Strike, M|94\/100\n|-damage|p1a: Urshifu|88\/100|[from] Stealth Rock\n|move|p2a: Lopunny|Fake Out|p1a: Urshifu\n|-damage|p1a: Urshifu|67\/100\n|\n|-heal|p1a: Urshifu|73\/100|[from] Grassy Terrain\n|-heal|p2a: Lopunny|37\/100|[from] Grassy Terrain\n|upkeep\n|turn|38\n|\n|t:|1700366285\n|switch|p2a: Alomomola|Alomomola, M|49\/100 tox\n|move|p1a: Urshifu|U-turn|p2a: Alomomola\n|-damage|p2a: Alomomola|36\/100 tox\n|-damage|p1a: Urshifu|57\/100|[from] item: Rocky Helmet|[of] p2a: Alomomola\n|\n|t:|1700366293\n|switch|p1a: Tapu Bulu|Tapu Bulu, shiny|88\/100 tox|[from] U-turn\n|-damage|p1a: Tapu Bulu|76\/100 tox|[from] Stealth Rock\n|\n|-heal|p1a: Tapu Bulu|82\/100 tox|[from] Grassy Terrain\n|-heal|p1a: Tapu Bulu|88\/100 tox|[from] item: Leftovers\n|-heal|p2a: Alomomola|42\/100 tox|[from] Grassy Terrain\n|-damage|p1a: Tapu Bulu|82\/100 tox|[from] psn\n|-damage|p2a: Alomomola|36\/100 tox|[from] psn\n|-fieldend|move: Grassy Terrain\n|upkeep\n|turn|39\n|\n|t:|1700366303\n|switch|p2a: Iron Valiant|Iron Valiant|74\/100\n|move|p1a: Tapu Bulu|Horn Leech|p2a: Iron Valiant\n|-damage|p2a: Iron Valiant|20\/100\n|-heal|p1a: Tapu Bulu|100\/100 tox|[from] drain|[of] p2a: Iron Valiant\n|\n|-damage|p1a: Tapu Bulu|88\/100 tox|[from] psn\n|upkeep\n|turn|40\n|\n|t:|1700366311\n|switch|p1a: Heatran|Heatran, F|54\/100\n|-damage|p1a: Heatran|42\/100|[from] Stealth Rock\n|move|p2a: Iron Valiant|Destiny Bond|p2a: Iron Valiant\n|-singlemove|p2a: Iron Valiant|Destiny Bond\n|\n|-heal|p1a: Heatran|48\/100|[from] item: Leftovers\n|upkeep\n|turn|41\n|inactive|lifegoeson123 has 120 seconds left.\n|\n|t:|1700366348\n|move|p2a: Iron Valiant|Aura Sphere|p1a: Heatran\n|-supereffective|p1a: Heatran\n|-damage|p1a: Heatran|0 fnt\n|faint|p1a: Heatran\n|-damage|p2a: Iron Valiant|10\/100|[from] item: Life Orb\n|\n|upkeep\n|\n|t:|1700366359\n|switch|p1a: Urshifu|Urshifu-Rapid-Strike, M|57\/100\n|-damage|p1a: Urshifu|50\/100|[from] Stealth Rock\n|turn|42\n|\n|t:|1700366364\n|move|p1a: Urshifu|U-turn|p2a: Iron Valiant\n|-resisted|p2a: Iron Valiant\n|-damage|p2a: Iron Valiant|3\/100\n|\n|t:|1700366372\n|switch|p1a: Zapdos|Zapdos|82\/100 tox|[from] U-turn\n|move|p2a: Iron Valiant|Thunderbolt|p1a: Zapdos\n|-damage|p1a: Zapdos|47\/100 tox\n|-damage|p2a: Iron Valiant|0 fnt|[from] item: Life Orb\n|faint|p2a: Iron Valiant\n|-end|p2a: Iron Valiant|Quark Drive|[silent]\n|\n|-damage|p1a: Zapdos|40\/100 tox|[from] psn\n|upkeep\n|\n|t:|1700366381\n|switch|p2a: Lopunny|Lopunny-Mega, F, shiny|37\/100\n|turn|43\n|\n|t:|1700366387\n|switch|p2a: Clodsire|Clodsire, M|54\/100\n|move|p1a: Zapdos|Roost|p1a: Zapdos\n|-heal|p1a: Zapdos|90\/100 tox\n|-singleturn|p1a: Zapdos|move: Roost\n|\n|-heal|p2a: Clodsire|60\/100|[from] item: Leftovers\n|-damage|p1a: Zapdos|78\/100 tox|[from] psn\n|upkeep\n|turn|44\n|\n|t:|1700366399\n|switch|p1a: Tapu Bulu|Tapu Bulu, shiny|88\/100 tox\n|-damage|p1a: Tapu Bulu|76\/100 tox|[from] Stealth Rock\n|-fieldstart|move: Grassy Terrain|[from] ability: Grassy Surge|[of] p1a: Tapu Bulu\n|move|p2a: Clodsire|Recover|p2a: Clodsire\n|-heal|p2a: Clodsire|100\/100\n|\n|-heal|p1a: Tapu Bulu|82\/100 tox|[from] Grassy Terrain\n|-heal|p1a: Tapu Bulu|88\/100 tox|[from] item: Leftovers\n|-damage|p1a: Tapu Bulu|82\/100 tox|[from] psn\n|upkeep\n|turn|45\n|\n|t:|1700366412\n|move|p1a: Tapu Bulu|Horn Leech|p2a: Clodsire\n|-crit|p2a: Clodsire\n|-damage|p2a: Clodsire|13\/100\n|-heal|p1a: Tapu Bulu|100\/100 tox|[from] drain|[of] p2a: Clodsire\n|move|p2a: Clodsire|Recover|p2a: Clodsire\n|-heal|p2a: Clodsire|63\/100\n|\n|-heal|p2a: Clodsire|69\/100|[from] Grassy Terrain\n|-heal|p2a: Clodsire|75\/100|[from] item: Leftovers\n|-damage|p1a: Tapu Bulu|88\/100 tox|[from] psn\n|upkeep\n|turn|46\n|\n|t:|1700366422\n|move|p1a: Tapu Bulu|Horn Leech|p2a: Clodsire\n|-damage|p2a: Clodsire|15\/100\n|-heal|p1a: Tapu Bulu|100\/100 tox|[from] drain|[of] p2a: Clodsire\n|move|p2a: Clodsire|Recover|p2a: Clodsire\n|-heal|p2a: Clodsire|65\/100\n|\n|-heal|p2a: Clodsire|71\/100|[from] Grassy Terrain\n|-heal|p2a: Clodsire|77\/100|[from] item: Leftovers\n|-damage|p1a: Tapu Bulu|82\/100 tox|[from] psn\n|upkeep\n|turn|47\n|\n|t:|1700366433\n|move|p1a: Tapu Bulu|Horn Leech|p2a: Clodsire\n|-damage|p2a: Clodsire|11\/100\n|-heal|p1a: Tapu Bulu|100\/100 tox|[from] drain|[of] p2a: Clodsire\n|move|p2a: Clodsire|Recover|p2a: Clodsire\n|-heal|p2a: Clodsire|61\/100\n|\n|-heal|p2a: Clodsire|67\/100|[from] Grassy Terrain\n|-heal|p2a: Clodsire|73\/100|[from] item: Leftovers\n|-damage|p1a: Tapu Bulu|76\/100 tox|[from] psn\n|upkeep\n|turn|48\n|\n|t:|1700366444\n|switch|p1a: Urshifu|Urshifu-Rapid-Strike, M|50\/100\n|-damage|p1a: Urshifu|44\/100|[from] Stealth Rock\n|move|p2a: Clodsire|Recover|p2a: Clodsire\n|-heal|p2a: Clodsire|100\/100\n|\n|-heal|p1a: Urshifu|50\/100|[from] Grassy Terrain\n|-fieldend|move: Grassy Terrain\n|upkeep\n|turn|49\n|\n|t:|1700366456\n|move|p1a: Urshifu|U-turn|p2a: Clodsire\n|-resisted|p2a: Clodsire\n|-damage|p2a: Clodsire|86\/100\n|\n|t:|1700366460\n|switch|p1a: Zapdos|Zapdos|78\/100 tox|[from] U-turn\n|move|p2a: Clodsire|Earthquake|p1a: Zapdos\n|-immune|p1a: Zapdos\n|\n|-heal|p2a: Clodsire|92\/100|[from] item: Leftovers\n|-damage|p1a: Zapdos|72\/100 tox|[from] psn\n|upkeep\n|turn|50\n|\n|t:|1700366469\n|switch|p2a: Alomomola|Alomomola, M|69\/100 tox\n|move|p1a: Zapdos|Defog|p2a: Alomomola\n|-unboost|p2a: Alomomola|evasion|1\n|-sideend|p1: lifegoeson123|Stealth Rock|[from] move: Defog|[of] p1a: Zapdos\n|\n|-damage|p1a: Zapdos|59\/100 tox|[from] psn\n|-damage|p2a: Alomomola|63\/100 tox|[from] psn\n|upkeep\n|turn|51\n|\n|t:|1700366477\n|move|p2a: Alomomola|Protect|p2a: Alomomola\n|-singleturn|p2a: Alomomola|Protect\n|move|p1a: Zapdos|Volt Switch|p2a: Alomomola\n|-activate|p2a: Alomomola|move: Protect\n|\n|-damage|p1a: Zapdos|40\/100 tox|[from] psn\n|-damage|p2a: Alomomola|50\/100 tox|[from] psn\n|upkeep\n|turn|52\n|\n|t:|1700366486\n|switch|p2a: Clodsire|Clodsire, M|92\/100\n|move|p1a: Zapdos|Roost|p1a: Zapdos\n|-heal|p1a: Zapdos|90\/100 tox\n|-singleturn|p1a: Zapdos|move: Roost\n|\n|-heal|p2a: Clodsire|99\/100|[from] item: Leftovers\n|-damage|p1a: Zapdos|65\/100 tox|[from] psn\n|upkeep\n|turn|53\n|\n|t:|1700366495\n|switch|p1a: Tapu Bulu|Tapu Bulu, shiny|76\/100 tox\n|-fieldstart|move: Grassy Terrain|[from] ability: Grassy Surge|[of] p1a: Tapu Bulu\n|move|p2a: Clodsire|Stealth Rock|p1a: Tapu Bulu\n|-sidestart|p1: lifegoeson123|move: Stealth Rock\n|\n|-heal|p1a: Tapu Bulu|82\/100 tox|[from] Grassy Terrain\n|-heal|p1a: Tapu Bulu|88\/100 tox|[from] item: Leftovers\n|-heal|p2a: Clodsire|100\/100|[from] Grassy Terrain\n|-damage|p1a: Tapu Bulu|82\/100 tox|[from] psn\n|upkeep\n|turn|54\n|\n|t:|1700366508\n|move|p1a: Tapu Bulu|Horn Leech|p2a: Clodsire\n|-damage|p2a: Clodsire|36\/100\n|-heal|p1a: Tapu Bulu|100\/100 tox|[from] drain|[of] p2a: Clodsire\n|move|p2a: Clodsire|Recover|p2a: Clodsire\n|-heal|p2a: Clodsire|86\/100\n|\n|-heal|p2a: Clodsire|93\/100|[from] Grassy Terrain\n|-heal|p2a: Clodsire|99\/100|[from] item: Leftovers\n|-damage|p1a: Tapu Bulu|88\/100 tox|[from] psn\n|upkeep\n|turn|55\n|\n|t:|1700366518\n|move|p1a: Tapu Bulu|Horn Leech|p2a: Clodsire\n|-damage|p2a: Clodsire|37\/100\n|-heal|p1a: Tapu Bulu|100\/100 tox|[from] drain|[of] p2a: Clodsire\n|move|p2a: Clodsire|Earthquake|p1a: Tapu Bulu\n|-resisted|p1a: Tapu Bulu\n|-damage|p1a: Tapu Bulu|93\/100 tox\n|\n|-heal|p1a: Tapu Bulu|99\/100 tox|[from] Grassy Terrain\n|-heal|p1a: Tapu Bulu|100\/100 tox|[from] item: Leftovers\n|-heal|p2a: Clodsire|43\/100|[from] Grassy Terrain\n|-heal|p2a: Clodsire|50\/100|[from] item: Leftovers\n|-damage|p1a: Tapu Bulu|82\/100 tox|[from] psn\n|upkeep\n|turn|56\n|\n|t:|1700366532\n|move|p1a: Tapu Bulu|Horn Leech|p2a: Clodsire\n|-damage|p2a: Clodsire|0 fnt\n|-heal|p1a: Tapu Bulu|100\/100 tox|[from] drain|[of] p2a: Clodsire\n|faint|p2a: Clodsire\n|\n|-damage|p1a: Tapu Bulu|76\/100 tox|[from] psn\n|upkeep\n|\n|t:|1700366538\n|switch|p2a: Lopunny|Lopunny-Mega, F, shiny|37\/100\n|turn|57\n|l|\u2606lifegoeson123\n|inactive|lifegoeson123 disconnected and has a minute to reconnect!\n|player|p1|\n|j|\u2606lifegoeson123\n|inactive|lifegoeson123 reconnected and has 100 seconds left.\n|player|p1|lifegoeson123|richboy\n|\n|t:|1700366593\n|switch|p1a: Zapdos|Zapdos|65\/100 tox\n|move|p2a: Lopunny|Triple Axel|p1a: Zapdos\n|-supereffective|p1a: Zapdos\n|-damage|p1a: Zapdos|54\/100 tox\n|-status|p2a: Lopunny|par|[from] ability: Static|[of] p1a: Zapdos\n|-supereffective|p1a: Zapdos\n|-damage|p1a: Zapdos|34\/100 tox\n|-supereffective|p1a: Zapdos\n|-damage|p1a: Zapdos|1\/100 tox\n|-hitcount|p1a: Zapdos|3\n|\n|-heal|p2a: Lopunny|43\/100 par|[from] Grassy Terrain\n|-damage|p1a: Zapdos|0 fnt|[from] psn\n|faint|p1a: Zapdos\n|-fieldend|move: Grassy Terrain\n|upkeep\n|\n|t:|1700366599\n|switch|p1a: Urshifu|Urshifu-Rapid-Strike, M|50\/100\n|-damage|p1a: Urshifu|44\/100|[from] Stealth Rock\n|turn|58\n|\n|t:|1700366610\n|switch|p2a: Alomomola|Alomomola, M|84\/100 tox\n|move|p1a: Urshifu|Close Combat|p2a: Alomomola\n|-damage|p2a: Alomomola|52\/100 tox\n|-unboost|p1a: Urshifu|def|1\n|-unboost|p1a: Urshifu|spd|1\n|-damage|p1a: Urshifu|28\/100|[from] item: Rocky Helmet|[of] p2a: Alomomola\n|\n|-damage|p2a: Alomomola|46\/100 tox|[from] psn\n|upkeep\n|turn|59\n|\n|t:|1700366620\n|switch|p1a: Tapu Bulu|Tapu Bulu, shiny|76\/100 tox\n|-damage|p1a: Tapu Bulu|63\/100 tox|[from] Stealth Rock\n|-fieldstart|move: Grassy Terrain|[from] ability: Grassy Surge|[of] p1a: Tapu Bulu\n|move|p2a: Alomomola|Flip Turn|p1a: Tapu Bulu\n|-resisted|p1a: Tapu Bulu\n|-damage|p1a: Tapu Bulu|54\/100 tox\n|\n|t:|1700366628\n|switch|p2a: Lopunny|Lopunny-Mega, F, shiny|43\/100 par|[from] Flip Turn\n|\n|-heal|p1a: Tapu Bulu|60\/100 tox|[from] Grassy Terrain\n|-heal|p1a: Tapu Bulu|66\/100 tox|[from] item: Leftovers\n|-heal|p2a: Lopunny|48\/100 par|[from] Grassy Terrain\n|-damage|p1a: Tapu Bulu|60\/100 tox|[from] psn\n|upkeep\n|turn|60\n|inactive|lifegoeson123 has 120 seconds left.\n|\n|t:|1700366638\n|move|p2a: Lopunny|Fake Out|p1a: Tapu Bulu\n|-damage|p1a: Tapu Bulu|38\/100 tox\n|cant|p1a: Tapu Bulu|flinch\n|\n|-heal|p1a: Tapu Bulu|44\/100 tox|[from] Grassy Terrain\n|-heal|p1a: Tapu Bulu|51\/100 tox|[from] item: Leftovers\n|-heal|p2a: Lopunny|54\/100 par|[from] Grassy Terrain\n|-damage|p1a: Tapu Bulu|38\/100 tox|[from] psn\n|upkeep\n|turn|61\n|\n|t:|1700366648\n|move|p1a: Tapu Bulu|Horn Leech|p2a: Lopunny\n|-damage|p2a: Lopunny|0 fnt\n|-heal|p1a: Tapu Bulu|63\/100 tox|[from] drain|[of] p2a: Lopunny\n|faint|p2a: Lopunny\n|\n|-heal|p1a: Tapu Bulu|70\/100 tox|[from] Grassy Terrain\n|-heal|p1a: Tapu Bulu|76\/100 tox|[from] item: Leftovers\n|-damage|p1a: Tapu Bulu|57\/100 tox|[from] psn\n|upkeep\n|-message|BRCQ forfeited.\n|\n|win|lifegoeson123\n|raw|lifegoeson123's rating: 1521 &rarr; <strong>1542<\/strong><br \/>(+21 for winning)\n|raw|BRCQ's rating: 1531 &rarr; <strong>1510<\/strong><br \/>(-21 for losing)\n|l|\u2606BRCQ\n","uploadtime":1700366661,"views":7,"p1id":"lifegoeson123","p2id":"brcq","formatid":"gen9nationaldex","rating":1510,"private":0,"password":""}