{"id":"gen9nationaldex-1997543597","p1":"dsp22","p2":"ajiewww","format":"[Gen 9] National Dex","log":"|html|<div class=\"broadcast-blue\"><strong>[Gen 9] National Dex is currently suspecting Sneasler! For information on how to participate check out the <a href=\"https:\/\/www.smogon.com\/forums\/threads\/sv-national-dex-suspect-8-just-dance.3731534\/\">suspect thread<\/a>.<\/strong><\/div>\n|j|\u2606dsp22\n|j|\u2606ajiewww\n|t:|1700823018\n|gametype|singles\n|player|p1|dsp22|unknown|1044\n|player|p2|ajiewww|cynthia|1130\n|teamsize|p1|6\n|teamsize|p2|6\n|gen|9\n|tier|[Gen 9] National Dex\n|rated|\n|rule|HP Percentage Mod: HP is shown in percentages\n|rule|Endless Battle Clause: Forcing endless battles is banned\n|rule|OHKO Clause: OHKO moves are banned\n|rule|Evasion Clause: Evasion abilities, items, and moves are banned\n|rule|Evasion Abilities Clause: Evasion abilities are banned\n|rule|Evasion Items Clause: Evasion items are banned\n|rule|Evasion Moves Clause: Evasion moves are banned\n|rule|Species Clause: Limit one of each Pok\u00e9mon\n|rule|Sleep Clause Mod: Limit one foe put to sleep\n|clearpoke\n|poke|p1|Feraligatr, F|\n|poke|p1|Steelix, M|\n|poke|p1|Crobat, M|\n|poke|p1|Umbreon, M|\n|poke|p1|Espeon, M|\n|poke|p1|Tyranitar, F|\n|poke|p2|Latias, F|\n|poke|p2|Dragonite, M|\n|poke|p2|Milotic, F|\n|poke|p2|Excadrill, F|\n|poke|p2|Ninetales-Alola, M|\n|poke|p2|Banette, M|\n|teampreview\n|inactive|Battle timer is ON: inactive players will automatically lose when time's up. (requested by ajiewww)\n|\n|t:|1700823046\n|start\n|switch|p1a: Umbreon|Umbreon, M|100\/100\n|switch|p2a: Ninetales|Ninetales-Alola, M|100\/100\n|-weather|Snow|[from] ability: Snow Warning|[of] p2a: Ninetales\n|turn|1\n|\n|t:|1700823074\n|switch|p1a: Feraligatr|Feraligatr, F|100\/100\n|move|p2a: Ninetales|Aurora Veil|p2a: Ninetales\n|-sidestart|p2: ajiewww|move: Aurora Veil\n|\n|-weather|Snow|[upkeep]\n|upkeep\n|turn|2\n|\n|t:|1700823081\n|move|p2a: Ninetales|Freeze-Dry|p1a: Feraligatr\n|-supereffective|p1a: Feraligatr\n|-damage|p1a: Feraligatr|50\/100\n|move|p1a: Feraligatr|Dragon Dance|p1a: Feraligatr\n|-boost|p1a: Feraligatr|atk|1\n|-boost|p1a: Feraligatr|spe|1\n|\n|-weather|Snow|[upkeep]\n|upkeep\n|turn|3\n|\n|t:|1700823091\n|move|p2a: Ninetales|Freeze-Dry|p1a: Feraligatr\n|-supereffective|p1a: Feraligatr\n|-damage|p1a: Feraligatr|0 fnt\n|faint|p1a: Feraligatr\n|\n|-weather|Snow|[upkeep]\n|upkeep\n|\n|t:|1700823101\n|switch|p1a: Steelix|Steelix, M|100\/100\n|turn|4\n|\n|t:|1700823126\n|switch|p2a: Dragonite|Dragonite, M|100\/100\n|detailschange|p1a: Steelix|Steelix-Mega, M\n|-mega|p1a: Steelix|Steelix|Steelixite\n|move|p1a: Steelix|Heavy Slam|p2a: Dragonite\n|-damage|p2a: Dragonite|91\/100\n|\n|-weather|Snow|[upkeep]\n|upkeep\n|turn|5\n|\n|t:|1700823142\n|switch|p1a: Tyranitar|Tyranitar, F|100\/100\n|-weather|Sandstorm|[from] ability: Sand Stream|[of] p1a: Tyranitar\n|move|p2a: Dragonite|Dragon Dance|p2a: Dragonite\n|-boost|p2a: Dragonite|atk|1\n|-boost|p2a: Dragonite|spe|1\n|\n|-weather|Sandstorm|[upkeep]\n|-damage|p2a: Dragonite|85\/100|[from] Sandstorm\n|upkeep\n|turn|6\n|\n|t:|1700823153\n|move|p2a: Dragonite|Earthquake|p1a: Tyranitar\n|-supereffective|p1a: Tyranitar\n|-damage|p1a: Tyranitar|0 fnt\n|faint|p1a: Tyranitar\n|\n|-weather|Sandstorm|[upkeep]\n|-damage|p2a: Dragonite|79\/100|[from] Sandstorm\n|upkeep\n|\n|t:|1700823160\n|switch|p1a: Crobat|Crobat, M|100\/100\n|turn|7\n|\n|t:|1700823168\n|move|p2a: Dragonite|Extreme Speed|p1a: Crobat\n|-damage|p1a: Crobat|55\/100\n|move|p1a: Crobat|Brave Bird|p2a: Dragonite\n|-damage|p2a: Dragonite|37\/100\n|-damage|p1a: Crobat|43\/100|[from] Recoil\n|\n|-weather|Sandstorm|[upkeep]\n|-damage|p2a: Dragonite|31\/100|[from] Sandstorm\n|-damage|p1a: Crobat|37\/100|[from] Sandstorm\n|-heal|p1a: Crobat|43\/100|[from] item: Black Sludge\n|upkeep\n|turn|8\n|\n|t:|1700823179\n|-zpower|p2a: Dragonite\n|move|p2a: Dragonite|Supersonic Skystrike|p1a: Crobat|[zeffect]\n|-damage|p1a: Crobat|0 fnt\n|faint|p1a: Crobat\n|\n|-weather|Sandstorm|[upkeep]\n|-damage|p2a: Dragonite|25\/100|[from] Sandstorm\n|-sideend|p2: ajiewww|move: Aurora Veil\n|upkeep\n|\n|t:|1700823193\n|switch|p1a: Umbreon|Umbreon, M|100\/100\n|turn|9\n|\n|t:|1700823201\n|move|p2a: Dragonite|Fly||[still]\n|-prepare|p2a: Dragonite|Fly\n|move|p1a: Umbreon|Foul Play|p2a: Dragonite|[miss]\n|-miss|p1a: Umbreon|p2a: Dragonite\n|\n|-weather|none\n|upkeep\n|turn|10\n|\n|t:|1700823208\n|move|p1a: Umbreon|Protect|p1a: Umbreon\n|-singleturn|p1a: Umbreon|Protect\n|move|p2a: Dragonite|Fly|p1a: Umbreon|[from]lockedmove\n|-activate|p1a: Umbreon|move: Protect\n|\n|upkeep\n|turn|11\n|\n|t:|1700823232\n|move|p2a: Dragonite|Earthquake|p1a: Umbreon\n|-damage|p1a: Umbreon|51\/100\n|move|p1a: Umbreon|Foul Play|p2a: Dragonite\n|-damage|p2a: Dragonite|0 fnt\n|faint|p2a: Dragonite\n|\n|-heal|p1a: Umbreon|57\/100|[from] item: Leftovers\n|upkeep\n|\n|t:|1700823239\n|switch|p2a: Milotic|Milotic, F|100\/100\n|turn|12\n|\n|t:|1700823243\n|switch|p1a: Espeon|Espeon, M|100\/100\n|move|p2a: Milotic|Toxic|p1a: Espeon\n|move|p1a: Espeon|Toxic|p2a: Milotic|[from]ability: Magic Bounce\n|-status|p2a: Milotic|tox\n|\n|-damage|p2a: Milotic|94\/100 tox|[from] psn\n|upkeep\n|turn|13\n|\n|t:|1700823257\n|switch|p2a: Banette|Banette, M|100\/100\n|move|p1a: Espeon|Light Screen|p1a: Espeon\n|-sidestart|p1: dsp22|move: Light Screen\n|\n|upkeep\n|turn|14\n|\n|t:|1700823267\n|switch|p1a: Steelix|Steelix-Mega, M|100\/100\n|detailschange|p2a: Banette|Banette-Mega, M\n|-mega|p2a: Banette|Banette|Banettite\n|move|p2a: Banette|Poltergeist|p1a: Steelix\n|-activate|p1a: Steelix|move: Poltergeist|Steelixite\n|-damage|p1a: Steelix|67\/100\n|\n|upkeep\n|turn|15\n|\n|t:|1700823282\n|switch|p2a: Latias|Latias, F|100\/100\n|move|p1a: Steelix|Heavy Slam|p2a: Latias\n|-damage|p2a: Latias|52\/100\n|\n|-heal|p2a: Latias|58\/100|[from] item: Leftovers\n|upkeep\n|turn|16\n|\n|t:|1700823289\n|switch|p1a: Umbreon|Umbreon, M|57\/100\n|move|p2a: Latias|Aura Sphere|p1a: Umbreon\n|-supereffective|p1a: Umbreon\n|-damage|p1a: Umbreon|46\/100\n|\n|-heal|p2a: Latias|64\/100|[from] item: Leftovers\n|-heal|p1a: Umbreon|53\/100|[from] item: Leftovers\n|upkeep\n|turn|17\n|\n|t:|1700823299\n|switch|p2a: Ninetales|Ninetales-Alola, M|100\/100\n|-weather|Snow|[from] ability: Snow Warning|[of] p2a: Ninetales\n|move|p1a: Umbreon|Foul Play|p2a: Ninetales\n|-resisted|p2a: Ninetales\n|-damage|p2a: Ninetales|93\/100\n|\n|-weather|Snow|[upkeep]\n|-heal|p1a: Umbreon|59\/100|[from] item: Leftovers\n|upkeep\n|turn|18\n|\n|t:|1700823309\n|switch|p1a: Espeon|Espeon, M|100\/100\n|move|p2a: Ninetales|Encore|p1a: Espeon\n|move|p1a: Espeon|Encore||[from]ability: Magic Bounce|[still]\n|-fail|p1a: Espeon\n|\n|-weather|Snow|[upkeep]\n|upkeep\n|turn|19\n|\n|t:|1700823317\n|move|p1a: Espeon|Reflect|p1a: Espeon\n|-sidestart|p1: dsp22|Reflect\n|move|p2a: Ninetales|Aurora Veil|p2a: Ninetales\n|-sidestart|p2: ajiewww|move: Aurora Veil\n|\n|-weather|Snow|[upkeep]\n|upkeep\n|turn|20\n|\n|t:|1700823325\n|move|p1a: Espeon|Yawn|p2a: Ninetales\n|-start|p2a: Ninetales|move: Yawn|[of] p1a: Espeon\n|move|p2a: Ninetales|Safeguard|p2a: Ninetales\n|-sidestart|p2: ajiewww|Safeguard\n|\n|-weather|Snow|[upkeep]\n|-sideend|p1: dsp22|move: Light Screen\n|upkeep\n|turn|21\n|\n|t:|1700823337\n|switch|p2a: Banette|Banette-Mega, M|100\/100\n|move|p1a: Espeon|Light Screen|p1a: Espeon\n|-sidestart|p1: dsp22|move: Light Screen\n|\n|-weather|none\n|upkeep\n|turn|22\n|\n|t:|1700823345\n|switch|p1a: Steelix|Steelix-Mega, M|67\/100\n|move|p2a: Banette|Poltergeist|p1a: Steelix\n|-activate|p1a: Steelix|move: Poltergeist|Steelixite\n|-damage|p1a: Steelix|50\/100\n|\n|upkeep\n|turn|23\n|\n|t:|1700823367\n|switch|p2a: Excadrill|Excadrill, F|100\/100\n|-ability|p2a: Excadrill|Mold Breaker\n|move|p1a: Steelix|Earthquake|p2a: Excadrill\n|-supereffective|p2a: Excadrill\n|-damage|p2a: Excadrill|38\/100\n|\n|upkeep\n|turn|24\n|\n|t:|1700823381\n|move|p2a: Excadrill|Stealth Rock|p1a: Steelix\n|-sidestart|p1: dsp22|move: Stealth Rock\n|move|p1a: Steelix|Earthquake|p2a: Excadrill\n|-supereffective|p2a: Excadrill\n|-damage|p2a: Excadrill|0 fnt\n|faint|p2a: Excadrill\n|\n|-sideend|p2: ajiewww|Safeguard\n|upkeep\n|inactive|ajiewww has 120 seconds left.\n|\n|t:|1700823400\n|switch|p2a: Latias|Latias, F|64\/100\n|turn|25\n|\n|t:|1700823408\n|switch|p1a: Umbreon|Umbreon, M|59\/100\n|-damage|p1a: Umbreon|46\/100|[from] Stealth Rock\n|move|p2a: Latias|Aura Sphere|p1a: Umbreon\n|-supereffective|p1a: Umbreon\n|-damage|p1a: Umbreon|36\/100\n|\n|-heal|p2a: Latias|70\/100|[from] item: Leftovers\n|-heal|p1a: Umbreon|42\/100|[from] item: Leftovers\n|upkeep\n|turn|26\n|\n|t:|1700823419\n|switch|p2a: Ninetales|Ninetales-Alola, M|93\/100\n|-weather|Snow|[from] ability: Snow Warning|[of] p2a: Ninetales\n|move|p1a: Umbreon|Foul Play|p2a: Ninetales\n|-resisted|p2a: Ninetales\n|-damage|p2a: Ninetales|89\/100\n|\n|-weather|Snow|[upkeep]\n|-heal|p1a: Umbreon|48\/100|[from] item: Leftovers\n|-sideend|p1: dsp22|Reflect\n|-sideend|p2: ajiewww|move: Aurora Veil\n|upkeep\n|turn|27\n|\n|t:|1700823429\n|switch|p1a: Espeon|Espeon, M|100\/100\n|-damage|p1a: Espeon|88\/100|[from] Stealth Rock\n|move|p2a: Ninetales|Aurora Veil|p2a: Ninetales\n|-sidestart|p2: ajiewww|move: Aurora Veil\n|\n|-weather|Snow|[upkeep]\n|upkeep\n|turn|28\n|\n|t:|1700823437\n|move|p1a: Espeon|Reflect|p1a: Espeon\n|-sidestart|p1: dsp22|Reflect\n|move|p2a: Ninetales|Freeze-Dry|p1a: Espeon\n|-damage|p1a: Espeon|77\/100\n|\n|-weather|Snow|[upkeep]\n|-sideend|p1: dsp22|move: Light Screen\n|upkeep\n|turn|29\n|\n|t:|1700823458\n|switch|p2a: Milotic|Milotic, F|94\/100 tox\n|move|p1a: Espeon|Light Screen|p1a: Espeon\n|-sidestart|p1: dsp22|move: Light Screen\n|\n|-weather|Snow|[upkeep]\n|-damage|p2a: Milotic|88\/100 tox|[from] psn\n|upkeep\n|turn|30\n|\n|t:|1700823467\n|move|p1a: Espeon|Psychic|p2a: Milotic\n|-damage|p2a: Milotic|75\/100 tox\n|move|p2a: Milotic|Scald|p1a: Espeon\n|-damage|p1a: Espeon|63\/100\n|\n|-weather|none\n|-damage|p2a: Milotic|63\/100 tox|[from] psn\n|upkeep\n|turn|31\n|\n|t:|1700823478\n|switch|p1a: Umbreon|Umbreon, M|48\/100\n|-damage|p1a: Umbreon|35\/100|[from] Stealth Rock\n|move|p2a: Milotic|Scald|p1a: Umbreon\n|-damage|p1a: Umbreon|27\/100\n|\n|-heal|p1a: Umbreon|33\/100|[from] item: Leftovers\n|-damage|p2a: Milotic|45\/100 tox|[from] psn\n|upkeep\n|turn|32\n|\n|t:|1700823488\n|move|p2a: Milotic|Recover|p2a: Milotic\n|-heal|p2a: Milotic|95\/100 tox\n|move|p1a: Umbreon|Wish|p1a: Umbreon\n|\n|-heal|p1a: Umbreon|40\/100|[from] item: Leftovers\n|-damage|p2a: Milotic|70\/100 tox|[from] psn\n|upkeep\n|turn|33\n|\n|t:|1700823500\n|move|p2a: Milotic|Toxic|p1a: Umbreon\n|-status|p1a: Umbreon|tox\n|-activate|p1a: Umbreon|ability: Synchronize\n|-fail|p2a: Milotic|tox\n|move|p1a: Umbreon|Foul Play|p2a: Milotic\n|-damage|p2a: Milotic|64\/100 tox\n|\n|-heal|p1a: Umbreon|90\/100 tox|[from] move: Wish|[wisher] Umbreon\n|-heal|p1a: Umbreon|96\/100 tox|[from] item: Leftovers\n|-damage|p2a: Milotic|34\/100 tox|[from] psn\n|-damage|p1a: Umbreon|90\/100 tox|[from] psn\n|upkeep\n|turn|34\n|l|\u2606ajiewww\n|inactive|ajiewww disconnected and has a minute to reconnect!\n|player|p2|\n|j|\u2606ajiewww\n|inactive|ajiewww reconnected and has 120 seconds left.\n|player|p2|ajiewww|cynthia\n|l|\u2606ajiewww\n|inactive|ajiewww disconnected and has a minute to reconnect!\n|player|p2|\n|j|\u2606ajiewww\n|inactive|ajiewww reconnected and has 95 seconds left.\n|player|p2|ajiewww|cynthia\n|inactive|ajiewww has 90 seconds left.\n|\n|t:|1700823564\n|move|p2a: Milotic|Recover|p2a: Milotic\n|-heal|p2a: Milotic|84\/100 tox\n|move|p1a: Umbreon|Foul Play|p2a: Milotic\n|-damage|p2a: Milotic|77\/100 tox\n|\n|-heal|p1a: Umbreon|96\/100 tox|[from] item: Leftovers\n|-damage|p2a: Milotic|41\/100 tox|[from] psn\n|-damage|p1a: Umbreon|83\/100 tox|[from] psn\n|-sideend|p2: ajiewww|move: Aurora Veil\n|upkeep\n|turn|35\n|inactive|ajiewww has 90 seconds left.\n|\n|t:|1700823587\n|switch|p2a: Ninetales|Ninetales-Alola, M|89\/100\n|-weather|Snow|[from] ability: Snow Warning|[of] p2a: Ninetales\n|move|p1a: Umbreon|Wish|p1a: Umbreon\n|\n|-weather|Snow|[upkeep]\n|-heal|p1a: Umbreon|90\/100 tox|[from] item: Leftovers\n|-damage|p1a: Umbreon|71\/100 tox|[from] psn\n|-sideend|p1: dsp22|Reflect\n|upkeep\n|turn|36\n|\n|t:|1700823596\n|switch|p1a: Espeon|Espeon, M|63\/100\n|-damage|p1a: Espeon|51\/100|[from] Stealth Rock\n|move|p2a: Ninetales|Encore|p1a: Espeon\n|move|p1a: Espeon|Encore||[from]ability: Magic Bounce|[still]\n|-fail|p1a: Espeon\n|\n|-weather|Snow|[upkeep]\n|-heal|p1a: Espeon|100\/100|[from] move: Wish|[wisher] Umbreon\n|-sideend|p1: dsp22|move: Light Screen\n|upkeep\n|turn|37\n|\n|t:|1700823611\n|switch|p2a: Banette|Banette-Mega, M|100\/100\n|move|p1a: Espeon|Light Screen|p1a: Espeon\n|-sidestart|p1: dsp22|move: Light Screen\n|\n|-weather|Snow|[upkeep]\n|upkeep\n|turn|38\n|\n|t:|1700823620\n|switch|p1a: Steelix|Steelix-Mega, M|50\/100\n|-damage|p1a: Steelix|47\/100|[from] Stealth Rock\n|move|p2a: Banette|Shadow Sneak|p1a: Steelix\n|-damage|p1a: Steelix|35\/100\n|\n|-weather|Snow|[upkeep]\n|upkeep\n|turn|39\n|\n|t:|1700823628\n|move|p2a: Banette|Poltergeist|p1a: Steelix\n|-activate|p1a: Steelix|move: Poltergeist|Steelixite\n|-damage|p1a: Steelix|0 fnt\n|faint|p1a: Steelix\n|\n|-weather|none\n|upkeep\n|\n|t:|1700823636\n|switch|p1a: Umbreon|Umbreon, M|71\/100 tox\n|-damage|p1a: Umbreon|59\/100 tox|[from] Stealth Rock\n|turn|40\n|\n|t:|1700823643\n|switch|p2a: Ninetales|Ninetales-Alola, M|89\/100\n|-weather|Snow|[from] ability: Snow Warning|[of] p2a: Ninetales\n|move|p1a: Umbreon|Foul Play|p2a: Ninetales\n|-resisted|p2a: Ninetales\n|-damage|p2a: Ninetales|82\/100\n|\n|-weather|Snow|[upkeep]\n|-heal|p1a: Umbreon|65\/100 tox|[from] item: Leftovers\n|-damage|p1a: Umbreon|59\/100 tox|[from] psn\n|upkeep\n|turn|41\n|inactive|ajiewww has 120 seconds left.\n|\n|t:|1700823654\n|switch|p1a: Espeon|Espeon, M|100\/100\n|-damage|p1a: Espeon|88\/100|[from] Stealth Rock\n|move|p2a: Ninetales|Aurora Veil|p2a: Ninetales\n|-sidestart|p2: ajiewww|move: Aurora Veil\n|\n|-weather|Snow|[upkeep]\n|upkeep\n|turn|42\n|\n|t:|1700823664\n|switch|p2a: Latias|Latias, F|70\/100\n|move|p1a: Espeon|Reflect|p1a: Espeon\n|-sidestart|p1: dsp22|Reflect\n|\n|-weather|Snow|[upkeep]\n|-heal|p2a: Latias|76\/100|[from] item: Leftovers\n|upkeep\n|turn|43\n|\n|t:|1700823671\n|move|p1a: Espeon|Yawn|p2a: Latias\n|-start|p2a: Latias|move: Yawn|[of] p1a: Espeon\n|move|p2a: Latias|Calm Mind|p2a: Latias\n|-boost|p2a: Latias|spa|1\n|-boost|p2a: Latias|spd|1\n|\n|-weather|Snow|[upkeep]\n|-heal|p2a: Latias|82\/100|[from] item: Leftovers\n|upkeep\n|turn|44\n|\n|t:|1700823680\n|switch|p1a: Umbreon|Umbreon, M|59\/100 tox\n|-damage|p1a: Umbreon|46\/100 tox|[from] Stealth Rock\n|switch|p2a: Milotic|Milotic, F|41\/100 tox\n|\n|-weather|none\n|-heal|p1a: Umbreon|53\/100 tox|[from] item: Leftovers\n|-damage|p2a: Milotic|35\/100 tox|[from] psn\n|-damage|p1a: Umbreon|46\/100 tox|[from] psn\n|-sideend|p1: dsp22|move: Light Screen\n|upkeep\n|turn|45\n|\n|t:|1700823691\n|move|p2a: Milotic|Recover|p2a: Milotic\n|-heal|p2a: Milotic|85\/100 tox\n|move|p1a: Umbreon|Wish|p1a: Umbreon\n|\n|-heal|p1a: Umbreon|53\/100 tox|[from] item: Leftovers\n|-damage|p2a: Milotic|73\/100 tox|[from] psn\n|-damage|p1a: Umbreon|40\/100 tox|[from] psn\n|upkeep\n|turn|46\n|\n|t:|1700823700\n|switch|p2a: Ninetales|Ninetales-Alola, M|82\/100\n|-weather|Snow|[from] ability: Snow Warning|[of] p2a: Ninetales\n|move|p1a: Umbreon|Heal Bell|p1a: Umbreon\n|-activate|p1a: Umbreon|move: Heal Bell\n|-curestatus|p1a: Umbreon|tox|[msg]\n|\n|-weather|Snow|[upkeep]\n|-heal|p1a: Umbreon|90\/100|[from] move: Wish|[wisher] Umbreon\n|-heal|p1a: Umbreon|96\/100|[from] item: Leftovers\n|upkeep\n|turn|47\n|\n|t:|1700823712\n|switch|p1a: Espeon|Espeon, M|88\/100\n|-damage|p1a: Espeon|76\/100|[from] Stealth Rock\n|move|p2a: Ninetales|Encore|p1a: Espeon\n|move|p1a: Espeon|Encore||[from]ability: Magic Bounce|[still]\n|-fail|p1a: Espeon\n|\n|-weather|Snow|[upkeep]\n|upkeep\n|turn|48\n|\n|t:|1700823721\n|switch|p2a: Banette|Banette-Mega, M|100\/100\n|move|p1a: Espeon|Light Screen|p1a: Espeon\n|-sidestart|p1: dsp22|move: Light Screen\n|\n|-weather|Snow|[upkeep]\n|-sideend|p2: ajiewww|move: Aurora Veil\n|upkeep\n|turn|49\n|\n|t:|1700823728\n|switch|p1a: Umbreon|Umbreon, M|96\/100\n|-damage|p1a: Umbreon|84\/100|[from] Stealth Rock\n|move|p2a: Banette|Poltergeist|p1a: Umbreon\n|-activate|p1a: Umbreon|move: Poltergeist|Leftovers\n|-resisted|p1a: Umbreon\n|-damage|p1a: Umbreon|68\/100\n|\n|-weather|Snow|[upkeep]\n|-heal|p1a: Umbreon|74\/100|[from] item: Leftovers\n|-sideend|p1: dsp22|Reflect\n|upkeep\n|turn|50\n|\n|t:|1700823740\n|switch|p2a: Ninetales|Ninetales-Alola, M|82\/100\n|move|p1a: Umbreon|Foul Play|p2a: Ninetales\n|-resisted|p2a: Ninetales\n|-damage|p2a: Ninetales|75\/100\n|\n|-weather|none\n|-heal|p1a: Umbreon|80\/100|[from] item: Leftovers\n|upkeep\n|turn|51\n|\n|t:|1700823753\n|switch|p2a: Banette|Banette-Mega, M|100\/100\n|switch|p1a: Espeon|Espeon, M|76\/100\n|-damage|p1a: Espeon|63\/100|[from] Stealth Rock\n|\n|upkeep\n|turn|52\n|\n|t:|1700823761\n|switch|p1a: Umbreon|Umbreon, M|80\/100\n|-damage|p1a: Umbreon|68\/100|[from] Stealth Rock\n|move|p2a: Banette|Poltergeist|p1a: Umbreon\n|-activate|p1a: Umbreon|move: Poltergeist|Leftovers\n|-resisted|p1a: Umbreon\n|-crit|p1a: Umbreon\n|-damage|p1a: Umbreon|24\/100\n|\n|-heal|p1a: Umbreon|30\/100|[from] item: Leftovers\n|upkeep\n|turn|53\n|\n|t:|1700823774\n|move|p2a: Banette|Poltergeist|p1a: Umbreon\n|-activate|p1a: Umbreon|move: Poltergeist|Leftovers\n|-resisted|p1a: Umbreon\n|-damage|p1a: Umbreon|3\/100\n|move|p1a: Umbreon|Foul Play|p2a: Banette\n|-supereffective|p2a: Banette\n|-damage|p2a: Banette|0 fnt\n|faint|p2a: Banette\n|\n|-heal|p1a: Umbreon|9\/100|[from] item: Leftovers\n|upkeep\n|\n|t:|1700823780\n|switch|p2a: Latias|Latias, F|82\/100\n|turn|54\n|\n|t:|1700823787\n|switch|p1a: Espeon|Espeon, M|63\/100\n|-damage|p1a: Espeon|51\/100|[from] Stealth Rock\n|move|p2a: Latias|Aura Sphere|p1a: Espeon\n|-resisted|p1a: Espeon\n|-damage|p1a: Espeon|46\/100\n|\n|-heal|p2a: Latias|88\/100|[from] item: Leftovers\n|upkeep\n|turn|55\n|\n|t:|1700823801\n|move|p2a: Latias|Calm Mind|p2a: Latias\n|-boost|p2a: Latias|spa|1\n|-boost|p2a: Latias|spd|1\n|move|p1a: Espeon|Yawn|p2a: Latias\n|-start|p2a: Latias|move: Yawn|[of] p1a: Espeon\n|\n|-heal|p2a: Latias|94\/100|[from] item: Leftovers\n|-sideend|p1: dsp22|move: Light Screen\n|upkeep\n|turn|56\n|\n|t:|1700823815\n|switch|p2a: Milotic|Milotic, F|73\/100 tox\n|move|p1a: Espeon|Light Screen|p1a: Espeon\n|-sidestart|p1: dsp22|move: Light Screen\n|\n|-damage|p2a: Milotic|66\/100 tox|[from] psn\n|upkeep\n|turn|57\n|\n|t:|1700823823\n|move|p1a: Espeon|Yawn||[still]\n|-fail|p1a: Espeon\n|move|p2a: Milotic|Scald|p1a: Espeon\n|-damage|p1a: Espeon|32\/100\n|-status|p1a: Espeon|brn\n|\n|-damage|p2a: Milotic|54\/100 tox|[from] psn\n|-damage|p1a: Espeon|26\/100 brn|[from] brn\n|upkeep\n|turn|58\n|\n|t:|1700823837\n|switch|p2a: Ninetales|Ninetales-Alola, M|75\/100\n|-weather|Snow|[from] ability: Snow Warning|[of] p2a: Ninetales\n|-terastallize|p1a: Espeon|Psychic\n|move|p1a: Espeon|Psychic|p2a: Ninetales\n|-damage|p2a: Ninetales|21\/100\n|\n|-weather|Snow|[upkeep]\n|-damage|p1a: Espeon|20\/100 brn|[from] brn\n|upkeep\n|turn|59\n|\n|t:|1700823848\n|move|p1a: Espeon|Psychic|p2a: Ninetales\n|-crit|p2a: Ninetales\n|-damage|p2a: Ninetales|0 fnt\n|faint|p2a: Ninetales\n|\n|-weather|Snow|[upkeep]\n|-damage|p1a: Espeon|13\/100 brn|[from] brn\n|upkeep\n|\n|t:|1700823856\n|switch|p2a: Latias|Latias, F|94\/100\n|turn|60\n|\n|t:|1700823863\n|move|p2a: Latias|Calm Mind|p2a: Latias\n|-boost|p2a: Latias|spa|1\n|-boost|p2a: Latias|spd|1\n|move|p1a: Espeon|Psychic|p2a: Latias\n|-resisted|p2a: Latias\n|-damage|p2a: Latias|80\/100\n|\n|-weather|Snow|[upkeep]\n|-heal|p2a: Latias|86\/100|[from] item: Leftovers\n|-damage|p1a: Espeon|7\/100 brn|[from] brn\n|upkeep\n|turn|61\n|\n|t:|1700823873\n|move|p2a: Latias|Calm Mind|p2a: Latias\n|-boost|p2a: Latias|spa|1\n|-boost|p2a: Latias|spd|1\n|move|p1a: Espeon|Psychic|p2a: Latias\n|-resisted|p2a: Latias\n|-damage|p2a: Latias|76\/100\n|\n|-weather|Snow|[upkeep]\n|-heal|p2a: Latias|82\/100|[from] item: Leftovers\n|-damage|p1a: Espeon|1\/100 brn|[from] brn\n|upkeep\n|turn|62\n|\n|t:|1700823883\n|move|p2a: Latias|Calm Mind|p2a: Latias\n|-boost|p2a: Latias|spa|1\n|-boost|p2a: Latias|spd|1\n|move|p1a: Espeon|Yawn|p2a: Latias\n|-start|p2a: Latias|move: Yawn|[of] p1a: Espeon\n|\n|-weather|none\n|-heal|p2a: Latias|88\/100|[from] item: Leftovers\n|-damage|p1a: Espeon|0 fnt|[from] brn\n|faint|p1a: Espeon\n|upkeep\n|\n|t:|1700823893\n|switch|p1a: Umbreon|Umbreon, M|9\/100\n|-damage|p1a: Umbreon|0 fnt|[from] Stealth Rock\n|faint|p1a: Umbreon\n|\n|win|ajiewww\n|raw|dsp22's rating: 1044 &rarr; <strong>1031<\/strong><br \/>(-13 for losing)\n|raw|ajiewww's rating: 1130 &rarr; <strong>1149<\/strong><br \/>(+19 for winning)\n|l|\u2606dsp22\n","uploadtime":1700823923,"views":1,"p1id":"dsp22","p2id":"ajiewww","formatid":"gen9nationaldex","rating":1031,"private":0,"password":""}