{"id":"gen9nationaldex-1997278783","p1":"aznpholyfe","p2":"Justyik","format":"[Gen 9] National Dex","log":"|html|<div class=\"broadcast-blue\"><strong>[Gen 9] National Dex is currently suspecting Sneasler! For information on how to participate check out the <a href=\"https:\/\/www.smogon.com\/forums\/threads\/sv-national-dex-suspect-8-just-dance.3731534\/\">suspect thread<\/a>.<\/strong><\/div>\n|j|\u2606aznpholyfe\n|j|\u2606Justyik\n|t:|1700783843\n|gametype|singles\n|player|p1|aznpholyfe|102|1050\n|player|p2|Justyik|steven|1078\n|teamsize|p1|6\n|teamsize|p2|6\n|gen|9\n|tier|[Gen 9] National Dex\n|rated|\n|rule|HP Percentage Mod: HP is shown in percentages\n|rule|Endless Battle Clause: Forcing endless battles is banned\n|rule|OHKO Clause: OHKO moves are banned\n|rule|Evasion Clause: Evasion abilities, items, and moves are banned\n|rule|Evasion Abilities Clause: Evasion abilities are banned\n|rule|Evasion Items Clause: Evasion items are banned\n|rule|Evasion Moves Clause: Evasion moves are banned\n|rule|Species Clause: Limit one of each Pok\u00e9mon\n|rule|Sleep Clause Mod: Limit one foe put to sleep\n|clearpoke\n|poke|p1|Umbreon, M|\n|poke|p1|Ferroseed, M|\n|poke|p1|Pineco, M|\n|poke|p1|Gligar, M|\n|poke|p1|Skarmory, M|\n|poke|p1|Snorlax, M|\n|poke|p2|Tinkaton, F|\n|poke|p2|Greninja-*, M|\n|poke|p2|Ferrothorn, M|\n|poke|p2|Zoroark-Hisui, M|\n|poke|p2|Weavile, M|\n|poke|p2|Iron Hands|\n|teampreview\n|c|\u2606Justyik|gl\n|\n|t:|1700783867\n|start\n|switch|p1a: Pineco|Pineco, M, shiny|100\/100\n|switch|p2a: IronFists|Iron Hands|100\/100\n|-enditem|p2a: IronFists|Booster Energy\n|-activate|p2a: IronFists|ability: Quark Drive|[fromitem]\n|-start|p2a: IronFists|quarkdriveatk\n|turn|1\n|\n|t:|1700783895\n|move|p2a: IronFists|Fire Punch|p1a: Pineco\n|-supereffective|p1a: Pineco\n|-damage|p1a: Pineco|52\/100\n|move|p1a: Pineco|Stealth Rock|p2a: IronFists\n|-sidestart|p2: Justyik|move: Stealth Rock\n|\n|upkeep\n|turn|2\n|\n|t:|1700783910\n|move|p2a: IronFists|Fire Punch|p1a: Pineco\n|-supereffective|p1a: Pineco\n|-damage|p1a: Pineco|9\/100\n|move|p1a: Pineco|Toxic Spikes|p2a: IronFists\n|-sidestart|p2: Justyik|move: Toxic Spikes\n|\n|upkeep\n|turn|3\n|\n|t:|1700783944\n|move|p2a: IronFists|Fire Punch|p1a: Pineco\n|-supereffective|p1a: Pineco\n|-damage|p1a: Pineco|0 fnt\n|faint|p1a: Pineco\n|\n|upkeep\n|\n|t:|1700783963\n|switch|p1a: Gligar|Gligar, M, shiny|100\/100\n|turn|4\n|\n|t:|1700783975\n|move|p1a: Gligar|Earthquake|p2a: IronFists\n|-supereffective|p2a: IronFists\n|-damage|p2a: IronFists|69\/100\n|move|p2a: IronFists|Fire Punch|p1a: Gligar\n|-damage|p1a: Gligar|83\/100\n|\n|upkeep\n|turn|5\n|\n|t:|1700783985\n|move|p2a: IronFists|Protect|p2a: IronFists\n|-singleturn|p2a: IronFists|Protect\n|move|p1a: Gligar|Earthquake|p2a: IronFists\n|-activate|p2a: IronFists|move: Protect\n|\n|upkeep\n|turn|6\n|\n|t:|1700784002\n|-end|p2a: IronFists|Quark Drive|[silent]\n|switch|p2a: El Brayan|Weavile, M|100\/100\n|-ability|p2a: El Brayan|Pressure\n|move|p1a: Gligar|Earthquake|p2a: El Brayan\n|-damage|p2a: El Brayan|50\/100\n|\n|upkeep\n|turn|7\n|\n|t:|1700784014\n|switch|p1a: Skarmory|Skarmory, M, shiny|100\/100\n|move|p2a: El Brayan|Fake Out|p1a: Skarmory\n|-resisted|p1a: Skarmory\n|-damage|p1a: Skarmory|97\/100\n|-damage|p2a: El Brayan|34\/100|[from] item: Rocky Helmet|[of] p1a: Skarmory\n|\n|upkeep\n|turn|8\n|\n|t:|1700784026\n|move|p2a: El Brayan|Knock Off|p1a: Skarmory\n|-damage|p1a: Skarmory|67\/100\n|-damage|p2a: El Brayan|17\/100|[from] item: Rocky Helmet|[of] p1a: Skarmory\n|-enditem|p1a: Skarmory|Rocky Helmet|[from] move: Knock Off|[of] p2a: El Brayan\n|move|p1a: Skarmory|Brave Bird|p2a: El Brayan\n|-damage|p2a: El Brayan|0 fnt\n|faint|p2a: El Brayan\n|-damage|p1a: Skarmory|62\/100|[from] Recoil\n|\n|upkeep\n|\n|t:|1700784046\n|switch|p2a: Traka|Tinkaton, F|100\/100\n|-ability|p2a: Traka|Mold Breaker\n|turn|9\n|\n|t:|1700784063\n|move|p2a: Traka|Swords Dance|p2a: Traka\n|-boost|p2a: Traka|atk|2\n|move|p1a: Skarmory|Roost|p1a: Skarmory\n|-heal|p1a: Skarmory|100\/100\n|-singleturn|p1a: Skarmory|move: Roost\n|\n|upkeep\n|turn|10\n|\n|t:|1700784085\n|move|p2a: Traka|Swords Dance|p2a: Traka\n|-boost|p2a: Traka|atk|2\n|move|p1a: Skarmory|Whirlwind|p2a: Traka\n|drag|p2a: Dasher|Greninja, M|100\/100\n|-damage|p2a: Dasher|88\/100|[from] Stealth Rock\n|-status|p2a: Dasher|psn\n|\n|-damage|p2a: Dasher|76\/100 psn|[from] psn\n|upkeep\n|turn|11\n|\n|t:|1700784105\n|switch|p1a: Ferroseed|Ferroseed, M, shiny|100\/100\n|move|p2a: Dasher|Will-O-Wisp|p1a: Ferroseed|[miss]\n|-miss|p2a: Dasher|p1a: Ferroseed\n|\n|-damage|p2a: Dasher|63\/100 psn|[from] psn\n|upkeep\n|turn|12\n|\n|t:|1700784118\n|move|p2a: Dasher|Bitter Malice|p1a: Ferroseed\n|-damage|p1a: Ferroseed|69\/100\n|-unboost|p1a: Ferroseed|atk|1\n|move|p1a: Ferroseed|Leech Seed|p2a: Dasher\n|-start|p2a: Dasher|move: Leech Seed\n|\n|-damage|p2a: Dasher|51\/100 psn|[from] Leech Seed|[of] p1a: Ferroseed\n|-heal|p1a: Ferroseed|79\/100|[silent]\n|-damage|p2a: Dasher|39\/100 psn|[from] psn\n|upkeep\n|turn|13\n|\n|t:|1700784132\n|move|p2a: Dasher|Will-O-Wisp|p1a: Ferroseed|[miss]\n|-miss|p2a: Dasher|p1a: Ferroseed\n|move|p1a: Ferroseed|Ingrain|p1a: Ferroseed\n|-start|p1a: Ferroseed|move: Ingrain\n|\n|-heal|p1a: Ferroseed|85\/100|[from] Ingrain\n|-damage|p2a: Dasher|26\/100 psn|[from] Leech Seed|[of] p1a: Ferroseed\n|-heal|p1a: Ferroseed|96\/100|[silent]\n|-damage|p2a: Dasher|14\/100 psn|[from] psn\n|upkeep\n|turn|14\n|\n|t:|1700784144\n|move|p1a: Ferroseed|Protect|p1a: Ferroseed\n|-singleturn|p1a: Ferroseed|Protect\n|move|p2a: Dasher|Will-O-Wisp|p1a: Ferroseed\n|-activate|p1a: Ferroseed|move: Protect\n|\n|-heal|p1a: Ferroseed|100\/100|[from] Ingrain\n|-damage|p2a: Dasher|2\/100 psn|[from] Leech Seed|[of] p1a: Ferroseed\n|-damage|p2a: Dasher|0 fnt|[from] psn\n|faint|p2a: Dasher\n|upkeep\n|c|\u2606Justyik|gg\n|\n|t:|1700784159\n|switch|p2a: IronFists|Iron Hands|69\/100\n|-damage|p2a: IronFists|63\/100|[from] Stealth Rock\n|-status|p2a: IronFists|psn\n|turn|15\n|\n|t:|1700784167\n|move|p2a: IronFists|Fire Punch|p1a: Ferroseed\n|-supereffective|p1a: Ferroseed\n|-damage|p1a: Ferroseed|32\/100\n|-damage|p2a: IronFists|50\/100 psn|[from] ability: Iron Barbs|[of] p1a: Ferroseed\n|move|p1a: Ferroseed|Leech Seed|p2a: IronFists|[miss]\n|-miss|p1a: Ferroseed|p2a: IronFists\n|\n|-heal|p1a: Ferroseed|38\/100|[from] Ingrain\n|-damage|p2a: IronFists|38\/100 psn|[from] psn\n|upkeep\n|turn|16\n|\n|t:|1700784179\n|move|p1a: Ferroseed|Protect|p1a: Ferroseed\n|-singleturn|p1a: Ferroseed|Protect\n|move|p2a: IronFists|Fire Punch|p1a: Ferroseed\n|-activate|p1a: Ferroseed|move: Protect\n|\n|-heal|p1a: Ferroseed|44\/100|[from] Ingrain\n|-damage|p2a: IronFists|26\/100 psn|[from] psn\n|upkeep\n|turn|17\n|\n|t:|1700784191\n|move|p2a: IronFists|Fire Punch|p1a: Ferroseed\n|-supereffective|p1a: Ferroseed\n|-damage|p1a: Ferroseed|0 fnt\n|-damage|p2a: IronFists|13\/100 psn|[from] ability: Iron Barbs|[of] p1a: Ferroseed\n|faint|p1a: Ferroseed\n|\n|-damage|p2a: IronFists|1\/100 psn|[from] psn\n|upkeep\n|\n|t:|1700784199\n|switch|p1a: Gligar|Gligar, M, shiny|83\/100\n|turn|18\n|\n|t:|1700784205\n|move|p1a: Gligar|Roost|p1a: Gligar\n|-heal|p1a: Gligar|100\/100\n|-singleturn|p1a: Gligar|move: Roost\n|move|p2a: IronFists|Close Combat|p1a: Gligar\n|-damage|p1a: Gligar|66\/100\n|-unboost|p2a: IronFists|def|1\n|-unboost|p2a: IronFists|spd|1\n|\n|-damage|p2a: IronFists|0 fnt|[from] psn\n|faint|p2a: IronFists\n|-end|p2a: IronFists|Quark Drive|[silent]\n|upkeep\n|\n|t:|1700784216\n|switch|p2a: Dasher|Greninja, M|100\/100\n|-damage|p2a: Dasher|88\/100|[from] Stealth Rock\n|-status|p2a: Dasher|psn\n|turn|19\n|\n|t:|1700784228\n|switch|p1a: Skarmory|Skarmory, M, shiny|100\/100\n|move|p2a: Dasher|Ice Beam|p1a: Skarmory\n|-damage|p1a: Skarmory|56\/100\n|-damage|p2a: Dasher|78\/100 psn|[from] item: Life Orb\n|\n|-damage|p2a: Dasher|66\/100 psn|[from] psn\n|upkeep\n|turn|20\n|\n|t:|1700784259\n|move|p2a: Dasher|Dark Pulse|p1a: Skarmory\n|-damage|p1a: Skarmory|0 fnt\n|faint|p1a: Skarmory\n|-ability|p2a: Dasher|Battle Bond|boost\n|-boost|p2a: Dasher|atk|1\n|-boost|p2a: Dasher|spa|1\n|-boost|p2a: Dasher|spe|1\n|-activate|p2a: Dasher|ability: Battle Bond\n|-damage|p2a: Dasher|56\/100 psn|[from] item: Life Orb\n|\n|-damage|p2a: Dasher|44\/100 psn|[from] psn\n|upkeep\n|\n|t:|1700784270\n|switch|p1a: Umbreon|Umbreon, M, shiny|100\/100\n|turn|21\n|\n|t:|1700784275\n|move|p2a: Dasher|Water Shuriken|p1a: Umbreon\n|-crit|p1a: Umbreon\n|-damage|p1a: Umbreon|90\/100\n|-damage|p1a: Umbreon|83\/100\n|-damage|p1a: Umbreon|77\/100\n|-hitcount|p1a: Umbreon|3\n|-damage|p2a: Dasher|34\/100 psn|[from] item: Life Orb\n|move|p1a: Umbreon|Foul Play|p2a: Dasher\n|-resisted|p2a: Dasher\n|-damage|p2a: Dasher|0 fnt\n|faint|p2a: Dasher\n|\n|-heal|p1a: Umbreon|83\/100|[from] item: Leftovers\n|upkeep\n|\n|t:|1700784299\n|switch|p2a: Traka|Tinkaton, F|100\/100\n|-ability|p2a: Traka|Mold Breaker\n|turn|22\n|\n|t:|1700784324\n|move|p1a: Umbreon|Protect|p1a: Umbreon\n|-singleturn|p1a: Umbreon|Protect\n|move|p2a: Traka|Play Rough|p1a: Umbreon\n|-activate|p1a: Umbreon|move: Protect\n|\n|-heal|p1a: Umbreon|89\/100|[from] item: Leftovers\n|upkeep\n|turn|23\n|\n|t:|1700784337\n|switch|p1a: Gligar|Gligar, M, shiny|66\/100\n|move|p2a: Traka|Play Rough|p1a: Gligar\n|-damage|p1a: Gligar|50\/100\n|\n|upkeep\n|turn|24\n|\n|t:|1700784347\n|move|p2a: Traka|Swords Dance|p2a: Traka\n|-boost|p2a: Traka|atk|2\n|move|p1a: Gligar|Roost|p1a: Gligar\n|-heal|p1a: Gligar|99\/100\n|-singleturn|p1a: Gligar|move: Roost\n|\n|upkeep\n|turn|25\n|\n|t:|1700784356\n|move|p2a: Traka|Gigaton Hammer|p1a: Gligar\n|-damage|p1a: Gligar|42\/100\n|move|p1a: Gligar|Earthquake|p2a: Traka\n|-supereffective|p2a: Traka\n|-damage|p2a: Traka|25\/100\n|\n|upkeep\n|turn|26\n|\n|t:|1700784366\n|switch|p2a: Patata.|Ferrothorn, M|100\/100\n|-damage|p2a: Patata.|94\/100|[from] Stealth Rock\n|move|p1a: Gligar|Earthquake|p2a: Patata.\n|-damage|p2a: Patata.|78\/100\n|\n|-heal|p2a: Patata.|84\/100|[from] item: Leftovers\n|upkeep\n|turn|27\n|\n|t:|1700784383\n|move|p1a: Gligar|Roost|p1a: Gligar\n|-heal|p1a: Gligar|92\/100\n|-singleturn|p1a: Gligar|move: Roost\n|move|p2a: Patata.|Knock Off|p1a: Gligar\n|-damage|p1a: Gligar|83\/100\n|-enditem|p1a: Gligar|Eviolite|[from] move: Knock Off|[of] p2a: Patata.\n|\n|-heal|p2a: Patata.|90\/100|[from] item: Leftovers\n|upkeep\n|turn|28\n|\n|t:|1700784395\n|move|p1a: Gligar|Earthquake|p2a: Patata.\n|-damage|p2a: Patata.|74\/100\n|move|p2a: Patata.|Seed Bomb|p1a: Gligar\n|-damage|p1a: Gligar|64\/100\n|\n|-heal|p2a: Patata.|80\/100|[from] item: Leftovers\n|upkeep\n|turn|29\n|\n|t:|1700784405\n|move|p2a: Patata.|Protect|p2a: Patata.\n|-singleturn|p2a: Patata.|Protect\n|move|p1a: Gligar|Earthquake|p2a: Patata.\n|-activate|p2a: Patata.|move: Protect\n|\n|-heal|p2a: Patata.|86\/100|[from] item: Leftovers\n|upkeep\n|turn|30\n|\n|t:|1700784415\n|switch|p1a: Snorlax|Snorlax, M, shiny|100\/100\n|move|p2a: Patata.|Stealth Rock|p1a: Snorlax\n|-sidestart|p1: aznpholyfe|move: Stealth Rock\n|\n|-heal|p2a: Patata.|93\/100|[from] item: Leftovers\n|upkeep\n|turn|31\n|\n|t:|1700784423\n|move|p2a: Patata.|Protect|p2a: Patata.\n|-singleturn|p2a: Patata.|Protect\n|move|p1a: Snorlax|Curse|p1a: Snorlax\n|-unboost|p1a: Snorlax|spe|1\n|-boost|p1a: Snorlax|atk|1\n|-boost|p1a: Snorlax|def|1\n|\n|-heal|p2a: Patata.|99\/100|[from] item: Leftovers\n|upkeep\n|turn|32\n|\n|t:|1700784438\n|move|p2a: Patata.|Knock Off|p1a: Snorlax\n|-damage|p1a: Snorlax|90\/100\n|-enditem|p1a: Snorlax|Aguav Berry|[from] move: Knock Off|[of] p2a: Patata.\n|move|p1a: Snorlax|Curse|p1a: Snorlax\n|-unboost|p1a: Snorlax|spe|1\n|-boost|p1a: Snorlax|atk|1\n|-boost|p1a: Snorlax|def|1\n|\n|-heal|p2a: Patata.|100\/100|[from] item: Leftovers\n|upkeep\n|turn|33\n|\n|t:|1700784450\n|move|p2a: Patata.|Seed Bomb|p1a: Snorlax\n|-damage|p1a: Snorlax|79\/100\n|move|p1a: Snorlax|Curse|p1a: Snorlax\n|-unboost|p1a: Snorlax|spe|1\n|-boost|p1a: Snorlax|atk|1\n|-boost|p1a: Snorlax|def|1\n|\n|upkeep\n|turn|34\n|c|\u2606Justyik|gg\n|c|\u2606Justyik|you are so good\n|c|\u2606Justyik|you winned against me with that pokemons\n|c|\u2606aznpholyfe|you to gg\n|\n|t:|1700784484\n|move|p2a: Patata.|Seed Bomb|p1a: Snorlax\n|-damage|p1a: Snorlax|69\/100\n|move|p1a: Snorlax|Curse|p1a: Snorlax\n|-unboost|p1a: Snorlax|spe|1\n|-boost|p1a: Snorlax|atk|1\n|-boost|p1a: Snorlax|def|1\n|\n|upkeep\n|turn|35\n|\n|t:|1700784495\n|move|p2a: Patata.|Seed Bomb|p1a: Snorlax\n|-crit|p1a: Snorlax\n|-damage|p1a: Snorlax|37\/100\n|move|p1a: Snorlax|Heat Crash|p2a: Patata.\n|-supereffective|p2a: Patata.\n|-damage|p2a: Patata.|0 fnt\n|-damage|p1a: Snorlax|25\/100|[from] ability: Iron Barbs|[of] p2a: Patata.\n|faint|p2a: Patata.\n|\n|upkeep\n|\n|t:|1700784503\n|switch|p2a: Traka|Tinkaton, F|25\/100\n|-ability|p2a: Traka|Mold Breaker\n|turn|36\n|\n|t:|1700784512\n|move|p2a: Traka|Gigaton Hammer|p1a: Snorlax\n|-damage|p1a: Snorlax|10\/100\n|move|p1a: Snorlax|Rest|p1a: Snorlax\n|-status|p1a: Snorlax|slp|[from] move: Rest\n|-heal|p1a: Snorlax|100\/100 slp|[silent]\n|\n|upkeep\n|turn|37\n|\n|t:|1700784522\n|move|p2a: Traka|Play Rough|p1a: Snorlax\n|-damage|p1a: Snorlax|91\/100 slp\n|cant|p1a: Snorlax|slp\n|\n|upkeep\n|turn|38\n|\n|t:|1700784529\n|move|p2a: Traka|Knock Off|p1a: Snorlax\n|-damage|p1a: Snorlax|87\/100 slp\n|cant|p1a: Snorlax|slp\n|\n|upkeep\n|turn|39\n|\n|t:|1700784534\n|move|p2a: Traka|Gigaton Hammer|p1a: Snorlax\n|-damage|p1a: Snorlax|71\/100 slp\n|-curestatus|p1a: Snorlax|slp|[msg]\n|move|p1a: Snorlax|Heat Crash|p2a: Traka\n|-supereffective|p2a: Traka\n|-damage|p2a: Traka|0 fnt\n|faint|p2a: Traka\n|\n|win|aznpholyfe\n|raw|aznpholyfe's rating: 1050 &rarr; <strong>1085<\/strong><br \/>(+35 for winning)\n|raw|Justyik's rating: 1078 &rarr; <strong>1055<\/strong><br \/>(-23 for losing)\n","uploadtime":1700784547,"views":5,"p1id":"aznpholyfe","p2id":"justyik","formatid":"gen9nationaldex","rating":1055,"private":0,"password":""}