{"id":"gen9nationaldex-1998320039","p1":"Watertown","p2":"turtle lover 069","format":"[Gen 9] National Dex","log":"|html|<div class=\"broadcast-blue\"><strong>[Gen 9] National Dex is currently suspecting Sneasler! For information on how to participate check out the <a href=\"https:\/\/www.smogon.com\/forums\/threads\/sv-national-dex-suspect-8-just-dance.3731534\/\">suspect thread<\/a>.<\/strong><\/div>\n|j|\u2606Watertown\n|j|\u2606turtle lover 069\n|t:|1700929023\n|gametype|singles\n|player|p1|Watertown|grimsley|1435\n|player|p2|turtle lover 069|unknown|1363\n|teamsize|p1|6\n|teamsize|p2|6\n|gen|9\n|tier|[Gen 9] National Dex\n|rated|\n|rule|HP Percentage Mod: HP is shown in percentages\n|rule|Endless Battle Clause: Forcing endless battles is banned\n|rule|OHKO Clause: OHKO moves are banned\n|rule|Evasion Clause: Evasion abilities, items, and moves are banned\n|rule|Evasion Abilities Clause: Evasion abilities are banned\n|rule|Evasion Items Clause: Evasion items are banned\n|rule|Evasion Moves Clause: Evasion moves are banned\n|rule|Species Clause: Limit one of each Pok\u00e9mon\n|rule|Sleep Clause Mod: Limit one foe put to sleep\n|clearpoke\n|poke|p1|Lopunny, M|\n|poke|p1|Garchomp, M|\n|poke|p1|Comfey, M|\n|poke|p1|Charizard, M|\n|poke|p1|Hitmontop, M|\n|poke|p1|Alomomola, F|\n|poke|p2|Milotic, F|\n|poke|p2|Scizor, F|\n|poke|p2|Landorus-Therian, M|\n|poke|p2|Gliscor, F|\n|poke|p2|Iron Valiant|\n|poke|p2|Tapu Lele|\n|teampreview\n|inactive|Battle timer is ON: inactive players will automatically lose when time's up. (requested by turtle lover 069)\n|\n|t:|1700929029\n|start\n|switch|p1a: Alomomola|Alomomola, F|100\/100\n|switch|p2a: Landorus|Landorus-Therian, M|100\/100\n|-ability|p2a: Landorus|Intimidate|boost\n|-unboost|p1a: Alomomola|atk|1\n|turn|1\n|\n|t:|1700929034\n|move|p2a: Landorus|U-turn|p1a: Alomomola\n|-damage|p1a: Alomomola|89\/100\n|-damage|p2a: Landorus|84\/100|[from] item: Rocky Helmet|[of] p1a: Alomomola\n|\n|t:|1700929036\n|switch|p2a: Milotic|Milotic, F|100\/100|[from] U-turn\n|move|p1a: Alomomola|Flip Turn|p2a: Milotic\n|-resisted|p2a: Milotic\n|-damage|p2a: Milotic|94\/100\n|\n|t:|1700929045\n|switch|p1a: Lopunny|Lopunny, M|100\/100|[from] Flip Turn\n|\n|-heal|p2a: Milotic|100\/100|[from] item: Leftovers\n|upkeep\n|turn|2\n|\n|t:|1700929051\n|switch|p2a: Landorus|Landorus-Therian, M|84\/100\n|-ability|p2a: Landorus|Intimidate|boost\n|-unboost|p1a: Lopunny|atk|1\n|move|p1a: Lopunny|Switcheroo|p2a: Landorus\n|-activate|p1a: Lopunny|move: Trick|[of] p2a: Landorus\n|-item|p2a: Landorus|Assault Vest|[from] move: Switcheroo\n|-item|p1a: Lopunny|Rocky Helmet|[from] move: Switcheroo\n|\n|upkeep\n|turn|3\n|\n|t:|1700929059\n|switch|p1a: Alomomola|Alomomola, F|100\/100\n|move|p2a: Landorus|U-turn|p1a: Alomomola\n|-damage|p1a: Alomomola|88\/100\n|-damage|p2a: Landorus|68\/100|[from] item: Rocky Helmet|[of] p1a: Alomomola\n|\n|t:|1700929064\n|switch|p2a: Tapu Lele|Tapu Lele|100\/100|[from] U-turn\n|-fieldstart|move: Psychic Terrain|[from] ability: Psychic Surge|[of] p2a: Tapu Lele\n|\n|upkeep\n|turn|4\n|\n|t:|1700929067\n|move|p2a: Tapu Lele|Psychic|p1a: Alomomola\n|-damage|p1a: Alomomola|0 fnt\n|faint|p1a: Alomomola\n|\n|upkeep\n|\n|t:|1700929072\n|switch|p1a: Hitmontop|Hitmontop, M|100\/100\n|turn|5\n|\n|t:|1700929076\n|move|p1a: Hitmontop|Fake Out|p2a: Tapu Lele\n|-activate|p2a: Tapu Lele|move: Psychic Terrain\n|move|p2a: Tapu Lele|Psychic|p1a: Hitmontop\n|-supereffective|p1a: Hitmontop\n|-damage|p1a: Hitmontop|0 fnt\n|faint|p1a: Hitmontop\n|\n|upkeep\n|\n|t:|1700929082\n|switch|p1a: Charizard|Charizard, M|100\/100\n|turn|6\n|\n|t:|1700929085\n|detailschange|p1a: Charizard|Charizard-Mega-X, M\n|-mega|p1a: Charizard|Charizard|Charizardite X\n|move|p1a: Charizard|Iron Tail|p2a: Tapu Lele\n|-supereffective|p2a: Tapu Lele\n|-damage|p2a: Tapu Lele|0 fnt\n|faint|p2a: Tapu Lele\n|\n|upkeep\n|\n|t:|1700929092\n|switch|p2a: Gliscor|Gliscor, F|100\/100\n|turn|7\n|\n|t:|1700929095\n|switch|p1a: Lopunny|Lopunny, M|100\/100\n|move|p2a: Gliscor|Earthquake|p1a: Lopunny\n|-damage|p1a: Lopunny|47\/100\n|\n|-fieldend|move: Psychic Terrain\n|-status|p2a: Gliscor|tox|[from] item: Toxic Orb\n|upkeep\n|turn|8\n|\n|t:|1700929101\n|move|p1a: Lopunny|Switcheroo|p2a: Gliscor\n|-activate|p1a: Lopunny|move: Trick|[of] p2a: Gliscor\n|-item|p2a: Gliscor|Rocky Helmet|[from] move: Switcheroo\n|-item|p1a: Lopunny|Toxic Orb|[from] move: Switcheroo\n|move|p2a: Gliscor|Earthquake|p1a: Lopunny\n|-damage|p1a: Lopunny|0 fnt\n|faint|p1a: Lopunny\n|\n|upkeep\n|\n|t:|1700929107\n|switch|p1a: Comfey|Comfey, M|100\/100\n|turn|9\n|\n|t:|1700929110\n|move|p1a: Comfey|Calm Mind|p1a: Comfey\n|-boost|p1a: Comfey|spa|1\n|-boost|p1a: Comfey|spd|1\n|move|p2a: Gliscor|Swords Dance|p2a: Gliscor\n|-boost|p2a: Gliscor|atk|2\n|\n|upkeep\n|turn|10\n|\n|t:|1700929114\n|move|p1a: Comfey|Calm Mind|p1a: Comfey\n|-boost|p1a: Comfey|spa|1\n|-boost|p1a: Comfey|spd|1\n|move|p2a: Gliscor|Earthquake|p1a: Comfey\n|-damage|p1a: Comfey|0 fnt\n|faint|p1a: Comfey\n|\n|upkeep\n|\n|t:|1700929119\n|switch|p1a: Charizard|Charizard-Mega-X, M|100\/100\n|turn|11\n|\n|t:|1700929122\n|move|p1a: Charizard|Dragon Rush|p2a: Gliscor|[miss]\n|-miss|p1a: Charizard|p2a: Gliscor\n|move|p2a: Gliscor|Earthquake|p1a: Charizard\n|-supereffective|p1a: Charizard\n|-damage|p1a: Charizard|0 fnt\n|faint|p1a: Charizard\n|\n|upkeep\n|-message|Watertown forfeited.\n|\n|win|turtle lover 069\n|raw|Watertown's rating: 1435 &rarr; <strong>1411<\/strong><br \/>(-24 for losing)\n|raw|turtle lover 069's rating: 1363 &rarr; <strong>1387<\/strong><br \/>(+24 for winning)\n|l|\u2606Watertown\n","uploadtime":1700929130,"views":6,"p1id":"watertown","p2id":"turtlelover069","formatid":"gen9nationaldex","rating":1387,"private":0,"password":""}