{"id":"gen9nationaldex-1989216325","p1":"creamiecommunist","p2":"PearlHarbor1996","format":"[Gen 9] National Dex","log":"|j|\u2606creamiecommunist\n|j|\u2606PearlHarbor1996\n|t:|1699824406\n|gametype|singles\n|player|p1|creamiecommunist|101|1317\n|player|p2|PearlHarbor1996|rocketgrunt|1413\n|teamsize|p1|6\n|teamsize|p2|6\n|gen|9\n|tier|[Gen 9] National Dex\n|rated|\n|rule|HP Percentage Mod: HP is shown in percentages\n|rule|Endless Battle Clause: Forcing endless battles is banned\n|rule|OHKO Clause: OHKO moves are banned\n|rule|Evasion Clause: Evasion abilities, items, and moves are banned\n|rule|Evasion Abilities Clause: Evasion abilities are banned\n|rule|Evasion Items Clause: Evasion items are banned\n|rule|Evasion Moves Clause: Evasion moves are banned\n|rule|Species Clause: Limit one of each Pok\u00e9mon\n|rule|Sleep Clause Mod: Limit one foe put to sleep\n|clearpoke\n|poke|p1|Deoxys-Defense|\n|poke|p1|Ferrothorn, F|\n|poke|p1|Heatran, M|\n|poke|p1|Arbok, F|\n|poke|p1|Latias, F|\n|poke|p1|Ogerpon-Cornerstone, F|\n|poke|p2|Gardevoir, F|\n|poke|p2|Hydreigon, M|\n|poke|p2|Skeledirge, M|\n|poke|p2|Roserade, F|\n|poke|p2|Gastrodon, M|\n|poke|p2|Corviknight, F|\n|teampreview\n|inactive|Battle timer is ON: inactive players will automatically lose when time's up. (requested by PearlHarbor1996)\n|c|\u2606PearlHarbor1996|A... Arbok?\n|c|\u2606PearlHarbor1996|Based!\n|c|\u2606PearlHarbor1996|so based...\n|c|\u2606creamiecommunist|hes good now\n|\n|t:|1699824436\n|start\n|switch|p1a: Heatran|Heatran, M|100\/100\n|switch|p2a: Skeledirge|Skeledirge, M|100\/100\n|turn|1\n|c|\u2606creamiecommunist|maybe uu imo\n|\n|t:|1699824450\n|move|p1a: Heatran|Toxic|p2a: Skeledirge\n|-status|p2a: Skeledirge|tox\n|move|p2a: Skeledirge|Hex|p1a: Heatran\n|-damage|p1a: Heatran|76\/100\n|\n|-damage|p2a: Skeledirge|94\/100 tox|[from] psn\n|upkeep\n|turn|2\n|\n|t:|1699824468\n|switch|p2a: Hydreigon|Hydreigon, M|100\/100\n|move|p1a: Heatran|Earth Power|p2a: Hydreigon\n|-immune|p2a: Hydreigon|[from] ability: Levitate\n|\n|upkeep\n|turn|3\n|\n|t:|1699824489\n|switch|p1a: Ogerpon|Ogerpon-Cornerstone, F|100\/100\n|move|p2a: Hydreigon|Dark Pulse|p1a: Ogerpon\n|-damage|p1a: Ogerpon|56\/100\n|\n|upkeep\n|turn|4\n|\n|t:|1699824496\n|switch|p2a: Corviknight|Corviknight, F|100\/100\n|move|p1a: Ogerpon|Ivy Cudgel|p2a: Corviknight\n|-damage|p2a: Corviknight|64\/100\n|\n|-heal|p2a: Corviknight|71\/100|[from] item: Leftovers\n|upkeep\n|turn|5\n|\n|t:|1699824504\n|move|p1a: Ogerpon|Ivy Cudgel|p2a: Corviknight\n|-crit|p2a: Corviknight\n|-damage|p2a: Corviknight|8\/100\n|move|p2a: Corviknight|U-turn|p1a: Ogerpon\n|-supereffective|p1a: Ogerpon\n|-damage|p1a: Ogerpon|18\/100\n|\n|t:|1699824510\n|switch|p2a: Hydreigon|Hydreigon, M|100\/100|[from] U-turn\n|\n|upkeep\n|turn|6\n|\n|t:|1699824521\n|switch|p1a: Heatran|Heatran, M|76\/100\n|move|p2a: Hydreigon|Dark Pulse|p1a: Heatran\n|-damage|p1a: Heatran|36\/100\n|\n|upkeep\n|turn|7\n|\n|t:|1699824535\n|move|p2a: Hydreigon|Dark Pulse|p1a: Heatran\n|-damage|p1a: Heatran|0 fnt\n|faint|p1a: Heatran\n|\n|upkeep\n|\n|t:|1699824544\n|switch|p1a: Ferrothorn|Ferrothorn, F|100\/100\n|turn|8\n|\n|t:|1699824551\n|switch|p2a: Skeledirge|Skeledirge, M|94\/100 tox\n|move|p1a: Ferrothorn|Leech Seed|p2a: Skeledirge\n|-start|p2a: Skeledirge|move: Leech Seed\n|\n|-damage|p2a: Skeledirge|82\/100 tox|[from] Leech Seed|[of] p1a: Ferrothorn\n|-damage|p2a: Skeledirge|76\/100 tox|[from] psn\n|upkeep\n|turn|9\n|\n|t:|1699824568\n|switch|p1a: Latias|Latias, F|100\/100\n|move|p2a: Skeledirge|Will-O-Wisp|p1a: Latias\n|-status|p1a: Latias|brn\n|\n|-damage|p2a: Skeledirge|64\/100 tox|[from] Leech Seed|[of] p1a: Latias\n|-damage|p2a: Skeledirge|51\/100 tox|[from] psn\n|-damage|p1a: Latias|94\/100 brn|[from] brn\n|upkeep\n|turn|10\n|\n|t:|1699824584\n|detailschange|p1a: Latias|Latias-Mega, F\n|-mega|p1a: Latias|Latias|Latiasite\n|move|p1a: Latias|Psyshock|p2a: Skeledirge\n|-damage|p2a: Skeledirge|20\/100 tox\n|move|p2a: Skeledirge|Hex|p1a: Latias\n|-supereffective|p1a: Latias\n|-damage|p1a: Latias|33\/100 brn\n|\n|-damage|p2a: Skeledirge|8\/100 tox|[from] Leech Seed|[of] p1a: Latias\n|-heal|p1a: Latias|47\/100 brn|[silent]\n|-damage|p2a: Skeledirge|0 fnt|[from] psn\n|faint|p2a: Skeledirge\n|-damage|p1a: Latias|41\/100 brn|[from] brn\n|upkeep\n|\n|t:|1699824595\n|switch|p2a: Hydreigon|Hydreigon, M|100\/100\n|turn|11\n|\n|t:|1699824600\n|move|p2a: Hydreigon|Dark Pulse|p1a: Latias\n|-supereffective|p1a: Latias\n|-damage|p1a: Latias|0 fnt\n|faint|p1a: Latias\n|\n|upkeep\n|inactive|creamiecommunist has 120 seconds left.\n|\n|t:|1699824639\n|switch|p1a: Arbok|Arbok, F|100\/100\n|-ability|p1a: Arbok|Intimidate|boost\n|-unboost|p2a: Hydreigon|atk|1\n|turn|12\n|\n|t:|1699824646\n|switch|p2a: Gardevoir|Gardevoir, F, shiny|100\/100\n|-ability|p2a: Gardevoir|Intimidate|boost\n|-unboost|p1a: Arbok|atk|1\n|-ability|p2a: Gardevoir|Intimidate|[from] ability: Trace|[of] p1a: Arbok\n|move|p1a: Arbok|Glare|p2a: Gardevoir\n|-status|p2a: Gardevoir|par\n|\n|upkeep\n|turn|13\n|\n|t:|1699824664\n|switch|p1a: Deoxys|Deoxys-Defense|100\/100\n|-ability|p1a: Deoxys|Pressure\n|switch|p2a: Gastrodon|Gastrodon, M|100\/100\n|\n|upkeep\n|turn|14\n|\n|t:|1699824674\n|move|p1a: Deoxys|Taunt|p2a: Gastrodon\n|-start|p2a: Gastrodon|move: Taunt\n|cant|p2a: Gastrodon|move: Taunt|Curse\n|\n|upkeep\n|turn|15\n|\n|t:|1699824679\n|switch|p2a: Corviknight|Corviknight, F|8\/100\n|move|p1a: Deoxys|Cosmic Power|p1a: Deoxys\n|-boost|p1a: Deoxys|def|1\n|-boost|p1a: Deoxys|spd|1\n|\n|-heal|p2a: Corviknight|15\/100|[from] item: Leftovers\n|upkeep\n|turn|16\n|\n|t:|1699824687\n|move|p1a: Deoxys|Cosmic Power|p1a: Deoxys\n|-boost|p1a: Deoxys|def|1\n|-boost|p1a: Deoxys|spd|1\n|move|p2a: Corviknight|Roost|p2a: Corviknight\n|-heal|p2a: Corviknight|65\/100\n|-singleturn|p2a: Corviknight|move: Roost\n|\n|-heal|p2a: Corviknight|71\/100|[from] item: Leftovers\n|upkeep\n|turn|17\n|\n|t:|1699824692\n|move|p1a: Deoxys|Taunt|p2a: Corviknight\n|-start|p2a: Corviknight|move: Taunt\n|move|p2a: Corviknight|U-turn|p1a: Deoxys\n|-supereffective|p1a: Deoxys\n|-damage|p1a: Deoxys|91\/100\n|\n|t:|1699824702\n|switch|p2a: Roserade|Roserade, F|100\/100|[from] U-turn\n|\n|-heal|p1a: Deoxys|97\/100|[from] item: Leftovers\n|upkeep\n|turn|18\n|\n|t:|1699824709\n|move|p1a: Deoxys|Night Shade|p2a: Roserade\n|-damage|p2a: Roserade|70\/100\n|move|p2a: Roserade|Leech Seed|p1a: Deoxys\n|-start|p1a: Deoxys|move: Leech Seed\n|\n|-heal|p1a: Deoxys|100\/100|[from] item: Leftovers\n|-heal|p2a: Roserade|76\/100|[from] item: Leftovers\n|-damage|p1a: Deoxys|88\/100|[from] Leech Seed|[of] p2a: Roserade\n|-heal|p2a: Roserade|88\/100|[silent]\n|upkeep\n|turn|19\n|\n|t:|1699824726\n|switch|p1a: Arbok|Arbok, F|100\/100\n|-ability|p1a: Arbok|Intimidate|boost\n|-unboost|p2a: Roserade|atk|1\n|move|p2a: Roserade|Giga Drain|p1a: Arbok\n|-resisted|p1a: Arbok\n|-damage|p1a: Arbok|79\/100\n|-heal|p2a: Roserade|97\/100|[from] drain|[of] p1a: Arbok\n|\n|-heal|p2a: Roserade|100\/100|[from] item: Leftovers\n|upkeep\n|turn|20\n|\n|t:|1699824731\n|move|p1a: Arbok|Coil|p1a: Arbok\n|-boost|p1a: Arbok|atk|1\n|-boost|p1a: Arbok|def|1\n|-boost|p1a: Arbok|accuracy|1\n|move|p2a: Roserade|Leech Seed|p1a: Arbok\n|-start|p1a: Arbok|move: Leech Seed\n|\n|-damage|p1a: Arbok|67\/100|[from] Leech Seed|[of] p2a: Roserade\n|upkeep\n|turn|21\n|\n|t:|1699824738\n|switch|p2a: Corviknight|Corviknight, F|71\/100\n|move|p1a: Arbok|Glare|p2a: Corviknight\n|-status|p2a: Corviknight|par\n|\n|-heal|p2a: Corviknight|77\/100 par|[from] item: Leftovers\n|-damage|p1a: Arbok|55\/100|[from] Leech Seed|[of] p2a: Corviknight\n|-heal|p2a: Corviknight|86\/100 par|[silent]\n|upkeep\n|turn|22\n|\n|t:|1699824759\n|move|p1a: Arbok|Knock Off|p2a: Corviknight\n|-damage|p2a: Corviknight|65\/100 par\n|-enditem|p2a: Corviknight|Leftovers|[from] move: Knock Off|[of] p1a: Arbok\n|move|p2a: Corviknight|U-turn|p1a: Arbok\n|-resisted|p1a: Arbok\n|-damage|p1a: Arbok|47\/100\n|\n|t:|1699824766\n|switch|p2a: Gardevoir|Gardevoir, F, shiny|100\/100 par|[from] U-turn\n|-ability|p2a: Gardevoir|Intimidate|boost\n|-unboost|p1a: Arbok|atk|1\n|-ability|p2a: Gardevoir|Intimidate|[from] ability: Trace|[of] p1a: Arbok\n|\n|-damage|p1a: Arbok|35\/100|[from] Leech Seed|[of] p2a: Gardevoir\n|upkeep\n|turn|23\n|\n|t:|1699824778\n|switch|p1a: Ogerpon|Ogerpon-Cornerstone, F|18\/100\n|move|p2a: Gardevoir|Psyshock|p1a: Ogerpon\n|-damage|p1a: Ogerpon|0 fnt\n|faint|p1a: Ogerpon\n|\n|upkeep\n|\n|t:|1699824785\n|switch|p1a: Ferrothorn|Ferrothorn, F|100\/100\n|turn|24\n|\n|t:|1699824793\n|detailschange|p2a: Gardevoir|Gardevoir-Mega, F, shiny\n|-mega|p2a: Gardevoir|Gardevoir|Gardevoirite\n|cant|p2a: Gardevoir|par\n|move|p1a: Ferrothorn|Spikes|p2a: Gardevoir\n|-sidestart|p2: PearlHarbor1996|Spikes\n|\n|upkeep\n|turn|25\n|\n|t:|1699824802\n|move|p2a: Gardevoir|Mystical Fire|p1a: Ferrothorn\n|-supereffective|p1a: Ferrothorn\n|-damage|p1a: Ferrothorn|18\/100\n|-unboost|p1a: Ferrothorn|spa|1\n|move|p1a: Ferrothorn|Spikes|p2a: Gardevoir\n|-sidestart|p2: PearlHarbor1996|Spikes\n|\n|-heal|p1a: Ferrothorn|24\/100|[from] item: Leftovers\n|upkeep\n|turn|26\n|\n|t:|1699824812\n|move|p2a: Gardevoir|Mystical Fire|p1a: Ferrothorn\n|-supereffective|p1a: Ferrothorn\n|-damage|p1a: Ferrothorn|0 fnt\n|faint|p1a: Ferrothorn\n|\n|upkeep\n|\n|t:|1699824815\n|switch|p1a: Deoxys|Deoxys-Defense|88\/100\n|-ability|p1a: Deoxys|Pressure\n|turn|27\n|\n|t:|1699824821\n|move|p1a: Deoxys|Cosmic Power|p1a: Deoxys\n|-boost|p1a: Deoxys|def|1\n|-boost|p1a: Deoxys|spd|1\n|move|p2a: Gardevoir|Hyper Voice|p1a: Deoxys\n|-damage|p1a: Deoxys|51\/100\n|\n|-heal|p1a: Deoxys|58\/100|[from] item: Leftovers\n|upkeep\n|turn|28\n|\n|t:|1699824826\n|switch|p2a: Corviknight|Corviknight, F|65\/100 par\n|move|p1a: Deoxys|Cosmic Power|p1a: Deoxys\n|-boost|p1a: Deoxys|def|1\n|-boost|p1a: Deoxys|spd|1\n|\n|-heal|p1a: Deoxys|64\/100|[from] item: Leftovers\n|upkeep\n|turn|29\n|\n|t:|1699824831\n|move|p1a: Deoxys|Taunt|p2a: Corviknight\n|-start|p2a: Corviknight|move: Taunt\n|cant|p2a: Corviknight|move: Taunt|Defog\n|\n|-heal|p1a: Deoxys|70\/100|[from] item: Leftovers\n|upkeep\n|turn|30\n|\n|t:|1699824835\n|move|p1a: Deoxys|Night Shade|p2a: Corviknight\n|-damage|p2a: Corviknight|40\/100 par\n|cant|p2a: Corviknight|par\n|\n|-heal|p1a: Deoxys|76\/100|[from] item: Leftovers\n|upkeep\n|turn|31\n|\n|t:|1699824840\n|move|p1a: Deoxys|Night Shade|p2a: Corviknight\n|-damage|p2a: Corviknight|15\/100 par\n|move|p2a: Corviknight|U-turn|p1a: Deoxys\n|-supereffective|p1a: Deoxys\n|-damage|p1a: Deoxys|65\/100\n|\n|t:|1699824846\n|switch|p2a: Roserade|Roserade, F|100\/100|[from] U-turn\n|-damage|p2a: Roserade|84\/100|[from] Spikes\n|\n|-heal|p1a: Deoxys|72\/100|[from] item: Leftovers\n|-heal|p2a: Roserade|90\/100|[from] item: Leftovers\n|upkeep\n|turn|32\n|\n|t:|1699824852\n|move|p1a: Deoxys|Night Shade|p2a: Roserade\n|-damage|p2a: Roserade|59\/100\n|move|p2a: Roserade|Leech Seed|p1a: Deoxys\n|-start|p1a: Deoxys|move: Leech Seed\n|\n|-heal|p1a: Deoxys|78\/100|[from] item: Leftovers\n|-heal|p2a: Roserade|65\/100|[from] item: Leftovers\n|-damage|p1a: Deoxys|65\/100|[from] Leech Seed|[of] p2a: Roserade\n|-heal|p2a: Roserade|77\/100|[silent]\n|upkeep\n|turn|33\n|\n|t:|1699824862\n|move|p1a: Deoxys|Night Shade|p2a: Roserade\n|-damage|p2a: Roserade|46\/100\n|move|p2a: Roserade|Leech Seed||[still]\n|-fail|p2a: Roserade\n|\n|-heal|p1a: Deoxys|72\/100|[from] item: Leftovers\n|-heal|p2a: Roserade|52\/100|[from] item: Leftovers\n|-damage|p1a: Deoxys|59\/100|[from] Leech Seed|[of] p2a: Roserade\n|-heal|p2a: Roserade|64\/100|[silent]\n|upkeep\n|turn|34\n|\n|t:|1699824867\n|move|p1a: Deoxys|Recover|p1a: Deoxys\n|-heal|p1a: Deoxys|100\/100\n|move|p2a: Roserade|Giga Drain|p1a: Deoxys\n|-damage|p1a: Deoxys|87\/100\n|-heal|p2a: Roserade|70\/100|[from] drain|[of] p1a: Deoxys\n|\n|-heal|p1a: Deoxys|94\/100|[from] item: Leftovers\n|-heal|p2a: Roserade|76\/100|[from] item: Leftovers\n|-damage|p1a: Deoxys|81\/100|[from] Leech Seed|[of] p2a: Roserade\n|-heal|p2a: Roserade|88\/100|[silent]\n|upkeep\n|turn|35\n|\n|t:|1699824870\n|switch|p1a: Arbok|Arbok, F|35\/100\n|-ability|p1a: Arbok|Intimidate|boost\n|-unboost|p2a: Roserade|atk|1\n|move|p2a: Roserade|Leech Seed|p1a: Arbok\n|-start|p1a: Arbok|move: Leech Seed\n|\n|-heal|p2a: Roserade|94\/100|[from] item: Leftovers\n|-damage|p1a: Arbok|23\/100|[from] Leech Seed|[of] p2a: Roserade\n|-heal|p2a: Roserade|100\/100|[silent]\n|upkeep\n|turn|36\n|\n|t:|1699824878\n|move|p1a: Arbok|Glare|p2a: Roserade\n|-status|p2a: Roserade|par\n|cant|p2a: Roserade|par\n|\n|-damage|p1a: Arbok|11\/100|[from] Leech Seed|[of] p2a: Roserade\n|upkeep\n|turn|37\n|\n|t:|1699824885\n|move|p1a: Arbok|Scale Shot|p2a: Roserade\n|-damage|p2a: Roserade|90\/100 par\n|-damage|p2a: Roserade|80\/100 par\n|-damage|p2a: Roserade|69\/100 par\n|-damage|p2a: Roserade|59\/100 par\n|-damage|p2a: Roserade|49\/100 par\n|-hitcount|p2a: Roserade|5\n|-unboost|p1a: Arbok|def|1\n|-boost|p1a: Arbok|spe|1\n|cant|p2a: Roserade|par\n|\n|-heal|p2a: Roserade|55\/100 par|[from] item: Leftovers\n|-damage|p1a: Arbok|0 fnt|[from] Leech Seed|[of] p2a: Roserade\n|-heal|p2a: Roserade|65\/100 par|[silent]\n|faint|p1a: Arbok\n|upkeep\n|\n|t:|1699824898\n|switch|p1a: Deoxys|Deoxys-Defense|81\/100\n|-ability|p1a: Deoxys|Pressure\n|turn|38\n|c|\u2606PearlHarbor1996|it gets scale shot now?!\n|c|\u2606creamiecommunist|yes king\n|c|\u2606PearlHarbor1996|Wait\n|c|\u2606PearlHarbor1996|So...\n|c|\u2606creamiecommunist|yess\n|inactive|PearlHarbor1996 has 120 seconds left.\n|c|\u2606PearlHarbor1996|ok yeah... im probably gonna cook with him\n|\n|t:|1699824950\n|move|p1a: Deoxys|Taunt|p2a: Roserade\n|-start|p2a: Roserade|move: Taunt\n|cant|p2a: Roserade|move: Taunt|Leech Seed\n|\n|-heal|p1a: Deoxys|87\/100|[from] item: Leftovers\n|-heal|p2a: Roserade|71\/100 par|[from] item: Leftovers\n|upkeep\n|turn|39\n|\n|t:|1699824954\n|move|p1a: Deoxys|Cosmic Power|p1a: Deoxys\n|-boost|p1a: Deoxys|def|1\n|-boost|p1a: Deoxys|spd|1\n|move|p2a: Roserade|Giga Drain|p1a: Deoxys\n|-damage|p1a: Deoxys|71\/100\n|-heal|p2a: Roserade|79\/100 par|[from] drain|[of] p1a: Deoxys\n|\n|-heal|p1a: Deoxys|77\/100|[from] item: Leftovers\n|-heal|p2a: Roserade|85\/100 par|[from] item: Leftovers\n|upkeep\n|turn|40\n|\n|t:|1699824965\n|move|p1a: Deoxys|Cosmic Power|p1a: Deoxys\n|-boost|p1a: Deoxys|def|1\n|-boost|p1a: Deoxys|spd|1\n|cant|p2a: Roserade|par\n|\n|-heal|p1a: Deoxys|83\/100|[from] item: Leftovers\n|-heal|p2a: Roserade|92\/100 par|[from] item: Leftovers\n|-end|p2a: Roserade|move: Taunt\n|upkeep\n|turn|41\n|\n|t:|1699824971\n|move|p1a: Deoxys|Taunt|p2a: Roserade\n|-start|p2a: Roserade|move: Taunt\n|cant|p2a: Roserade|move: Taunt|Leech Seed\n|\n|-heal|p1a: Deoxys|89\/100|[from] item: Leftovers\n|-heal|p2a: Roserade|98\/100 par|[from] item: Leftovers\n|upkeep\n|turn|42\n|\n|t:|1699824975\n|move|p1a: Deoxys|Cosmic Power|p1a: Deoxys\n|-boost|p1a: Deoxys|def|1\n|-boost|p1a: Deoxys|spd|1\n|move|p2a: Roserade|Sludge Bomb|p1a: Deoxys\n|-damage|p1a: Deoxys|76\/100\n|\n|-heal|p1a: Deoxys|83\/100|[from] item: Leftovers\n|-heal|p2a: Roserade|100\/100 par|[from] item: Leftovers\n|upkeep\n|turn|43\n|\n|t:|1699824979\n|move|p1a: Deoxys|Cosmic Power|p1a: Deoxys\n|-boost|p1a: Deoxys|def|1\n|-boost|p1a: Deoxys|spd|1\n|cant|p2a: Roserade|par\n|\n|-heal|p1a: Deoxys|89\/100|[from] item: Leftovers\n|-end|p2a: Roserade|move: Taunt\n|upkeep\n|turn|44\n|\n|t:|1699824982\n|move|p1a: Deoxys|Taunt|p2a: Roserade\n|-start|p2a: Roserade|move: Taunt\n|cant|p2a: Roserade|par\n|\n|-heal|p1a: Deoxys|95\/100|[from] item: Leftovers\n|upkeep\n|turn|45\n|\n|t:|1699824987\n|move|p1a: Deoxys|Night Shade|p2a: Roserade\n|-damage|p2a: Roserade|70\/100 par\n|move|p2a: Roserade|Sludge Bomb|p1a: Deoxys\n|-damage|p1a: Deoxys|84\/100\n|\n|-heal|p1a: Deoxys|91\/100|[from] item: Leftovers\n|-heal|p2a: Roserade|76\/100 par|[from] item: Leftovers\n|upkeep\n|turn|46\n|\n|t:|1699824996\n|move|p1a: Deoxys|Night Shade|p2a: Roserade\n|-damage|p2a: Roserade|45\/100 par\n|move|p2a: Roserade|Sludge Bomb|p1a: Deoxys\n|-damage|p1a: Deoxys|80\/100\n|\n|-heal|p1a: Deoxys|87\/100|[from] item: Leftovers\n|-heal|p2a: Roserade|51\/100 par|[from] item: Leftovers\n|-end|p2a: Roserade|move: Taunt\n|upkeep\n|turn|47\n|\n|t:|1699825002\n|move|p1a: Deoxys|Taunt|p2a: Roserade\n|-start|p2a: Roserade|move: Taunt\n|cant|p2a: Roserade|move: Taunt|Rest\n|\n|-heal|p1a: Deoxys|93\/100|[from] item: Leftovers\n|-heal|p2a: Roserade|57\/100 par|[from] item: Leftovers\n|upkeep\n|turn|48\n|\n|t:|1699825005\n|move|p1a: Deoxys|Night Shade|p2a: Roserade\n|-damage|p2a: Roserade|26\/100 par\n|move|p2a: Roserade|Sludge Bomb|p1a: Deoxys\n|-damage|p1a: Deoxys|83\/100\n|\n|-heal|p1a: Deoxys|89\/100|[from] item: Leftovers\n|-heal|p2a: Roserade|33\/100 par|[from] item: Leftovers\n|upkeep\n|turn|49\n|\n|t:|1699825009\n|move|p1a: Deoxys|Night Shade|p2a: Roserade\n|-damage|p2a: Roserade|2\/100 par\n|move|p2a: Roserade|Giga Drain|p1a: Deoxys\n|-damage|p1a: Deoxys|81\/100\n|-heal|p2a: Roserade|5\/100 par|[from] drain|[of] p1a: Deoxys\n|\n|-heal|p1a: Deoxys|88\/100|[from] item: Leftovers\n|-heal|p2a: Roserade|12\/100 par|[from] item: Leftovers\n|-end|p2a: Roserade|move: Taunt\n|upkeep\n|turn|50\n|\n|t:|1699825012\n|move|p1a: Deoxys|Night Shade|p2a: Roserade\n|-damage|p2a: Roserade|0 fnt\n|faint|p2a: Roserade\n|\n|-heal|p1a: Deoxys|94\/100|[from] item: Leftovers\n|upkeep\n|\n|t:|1699825027\n|switch|p2a: Hydreigon|Hydreigon, M|100\/100\n|turn|51\n|\n|t:|1699825031\n|move|p2a: Hydreigon|Dark Pulse|p1a: Deoxys\n|-supereffective|p1a: Deoxys\n|-damage|p1a: Deoxys|74\/100\n|cant|p1a: Deoxys|flinch\n|\n|-heal|p1a: Deoxys|80\/100|[from] item: Leftovers\n|upkeep\n|turn|52\n|\n|t:|1699825038\n|switch|p2a: Corviknight|Corviknight, F|15\/100 par\n|move|p1a: Deoxys|Night Shade|p2a: Corviknight\n|-damage|p2a: Corviknight|0 fnt\n|faint|p2a: Corviknight\n|\n|-heal|p1a: Deoxys|87\/100|[from] item: Leftovers\n|upkeep\n|\n|t:|1699825047\n|switch|p2a: Gardevoir|Gardevoir-Mega, F, shiny|100\/100 par\n|-damage|p2a: Gardevoir|84\/100 par|[from] Spikes\n|turn|53\n|\n|t:|1699825052\n|move|p1a: Deoxys|Night Shade|p2a: Gardevoir\n|-damage|p2a: Gardevoir|48\/100 par\n|move|p2a: Gardevoir|Hyper Voice|p1a: Deoxys\n|-damage|p1a: Deoxys|70\/100\n|\n|-heal|p1a: Deoxys|76\/100|[from] item: Leftovers\n|upkeep\n|turn|54\n|\n|t:|1699825056\n|move|p1a: Deoxys|Night Shade|p2a: Gardevoir\n|-damage|p2a: Gardevoir|12\/100 par\n|move|p2a: Gardevoir|Hyper Voice|p1a: Deoxys\n|-damage|p1a: Deoxys|59\/100\n|\n|-heal|p1a: Deoxys|66\/100|[from] item: Leftovers\n|upkeep\n|turn|55\n|\n|t:|1699825059\n|move|p1a: Deoxys|Night Shade|p2a: Gardevoir\n|-damage|p2a: Gardevoir|0 fnt\n|faint|p2a: Gardevoir\n|\n|-heal|p1a: Deoxys|72\/100|[from] item: Leftovers\n|upkeep\n|\n|t:|1699825060\n|switch|p2a: Hydreigon|Hydreigon, M|100\/100\n|turn|56\n|\n|t:|1699825065\n|move|p2a: Hydreigon|Dark Pulse|p1a: Deoxys\n|-supereffective|p1a: Deoxys\n|-damage|p1a: Deoxys|51\/100\n|move|p1a: Deoxys|Night Shade|p2a: Hydreigon\n|-damage|p2a: Hydreigon|70\/100\n|\n|-heal|p1a: Deoxys|58\/100|[from] item: Leftovers\n|upkeep\n|turn|57\n|\n|t:|1699825075\n|move|p2a: Hydreigon|Dark Pulse|p1a: Deoxys\n|-supereffective|p1a: Deoxys\n|-damage|p1a: Deoxys|37\/100\n|move|p1a: Deoxys|Recover|p1a: Deoxys\n|-heal|p1a: Deoxys|87\/100\n|\n|-heal|p1a: Deoxys|94\/100|[from] item: Leftovers\n|upkeep\n|turn|58\n|\n|t:|1699825078\n|move|p2a: Hydreigon|Dark Pulse|p1a: Deoxys\n|-supereffective|p1a: Deoxys\n|-damage|p1a: Deoxys|71\/100\n|move|p1a: Deoxys|Night Shade|p2a: Hydreigon\n|-damage|p2a: Hydreigon|39\/100\n|\n|-heal|p1a: Deoxys|77\/100|[from] item: Leftovers\n|upkeep\n|turn|59\n|\n|t:|1699825081\n|move|p2a: Hydreigon|Dark Pulse|p1a: Deoxys\n|-supereffective|p1a: Deoxys\n|-crit|p1a: Deoxys\n|-damage|p1a: Deoxys|0 fnt\n|faint|p1a: Deoxys\n|\n|win|PearlHarbor1996\n|raw|creamiecommunist's rating: 1317 &rarr; <strong>1302<\/strong><br \/>(-15 for losing)\n|raw|PearlHarbor1996's rating: 1413 &rarr; <strong>1428<\/strong><br \/>(+15 for winning)\n|c|\u2606PearlHarbor1996|Whoo\n|l|\u2606creamiecommunist\n|c|\u2606PearlHarbor1996|lucky crit there\n","uploadtime":1699825100,"views":19,"p1id":"creamiecommunist","p2id":"pearlharbor1996","formatid":"gen9nationaldex","rating":1302,"private":0,"password":""}