{"id":"gen9nationaldex-1990846284","p1":"pogerslol","p2":"DerpyVaporeon","format":"[Gen 9] National Dex","log":"|j|\u2606pogerslol\n|j|\u2606DerpyVaporeon\n|t:|1700006998\n|gametype|singles\n|player|p1|pogerslol|juan|1097\n|player|p2|DerpyVaporeon|misty|1160\n|teamsize|p1|6\n|teamsize|p2|6\n|gen|9\n|tier|[Gen 9] National Dex\n|rated|\n|rule|HP Percentage Mod: HP is shown in percentages\n|rule|Endless Battle Clause: Forcing endless battles is banned\n|rule|OHKO Clause: OHKO moves are banned\n|rule|Evasion Clause: Evasion abilities, items, and moves are banned\n|rule|Evasion Abilities Clause: Evasion abilities are banned\n|rule|Evasion Items Clause: Evasion items are banned\n|rule|Evasion Moves Clause: Evasion moves are banned\n|rule|Species Clause: Limit one of each Pok\u00e9mon\n|rule|Sleep Clause Mod: Limit one foe put to sleep\n|clearpoke\n|poke|p1|Cloyster, M|\n|poke|p1|Serperior, F|\n|poke|p1|Corsola-Galar, M|\n|poke|p1|Lopunny, F|\n|poke|p1|Vileplume, F|\n|poke|p1|Ninetales, M|\n|poke|p2|Toxapex, M|\n|poke|p2|Reuniclus, F|\n|poke|p2|Lopunny, M|\n|poke|p2|Ferrothorn, F|\n|poke|p2|Garchomp, M|\n|poke|p2|Zapdos|\n|teampreview\n|inactive|Battle timer is ON: inactive players will automatically lose when time's up. (requested by DerpyVaporeon)\n|inactive|pogerslol has 120 seconds left.\n|\n|t:|1700007036\n|start\n|switch|p1a: mommy|Lopunny, F|100\/100\n|switch|p2a: Ferrothorn|Ferrothorn, F, shiny|100\/100\n|turn|1\n|\n|t:|1700007042\n|detailschange|p1a: mommy|Lopunny-Mega, F\n|-mega|p1a: mommy|Lopunny|Lopunnite\n|move|p1a: mommy|Fire Punch|p2a: Ferrothorn\n|-supereffective|p2a: Ferrothorn\n|-damage|p2a: Ferrothorn|24\/100\n|-damage|p1a: mommy|88\/100|[from] ability: Iron Barbs|[of] p2a: Ferrothorn\n|move|p2a: Ferrothorn|Leech Seed|p1a: mommy|[miss]\n|-miss|p2a: Ferrothorn|p1a: mommy\n|\n|-heal|p2a: Ferrothorn|31\/100|[from] item: Leftovers\n|upkeep\n|turn|2\n|c|\u2606DerpyVaporeon|BRUH\n|\n|t:|1700007052\n|switch|p2a: Toxapex|Toxapex, M, shiny|100\/100\n|move|p1a: mommy|Drain Punch|p2a: Toxapex\n|-resisted|p2a: Toxapex\n|-damage|p2a: Toxapex|88\/100\n|-heal|p1a: mommy|95\/100|[from] drain|[of] p2a: Toxapex\n|\n|-heal|p2a: Toxapex|94\/100|[from] item: Black Sludge\n|upkeep\n|turn|3\n|\n|t:|1700007056\n|move|p1a: mommy|Thunder Punch|p2a: Toxapex\n|-supereffective|p2a: Toxapex\n|-damage|p2a: Toxapex|63\/100\n|move|p2a: Toxapex|Toxic Spikes|p1a: mommy\n|-sidestart|p1: pogerslol|move: Toxic Spikes\n|\n|-heal|p2a: Toxapex|69\/100|[from] item: Black Sludge\n|upkeep\n|turn|4\n|\n|t:|1700007064\n|move|p1a: mommy|Thunder Punch|p2a: Toxapex\n|-supereffective|p2a: Toxapex\n|-damage|p2a: Toxapex|37\/100\n|move|p2a: Toxapex|Toxic Spikes|p1a: mommy\n|-sidestart|p1: pogerslol|move: Toxic Spikes\n|\n|-heal|p2a: Toxapex|43\/100|[from] item: Black Sludge\n|upkeep\n|turn|5\n|\n|t:|1700007071\n|switch|p2a: Garchomp|Garchomp, M, shiny|100\/100\n|move|p1a: mommy|Thunder Punch|p2a: Garchomp\n|-immune|p2a: Garchomp\n|\n|upkeep\n|turn|6\n|\n|t:|1700007077\n|move|p2a: Garchomp|Dragon Claw|p1a: mommy\n|-damage|p1a: mommy|44\/100\n|move|p1a: mommy|Drain Punch|p2a: Garchomp\n|-damage|p2a: Garchomp|62\/100\n|-heal|p1a: mommy|69\/100|[from] drain|[of] p2a: Garchomp\n|-damage|p1a: mommy|57\/100|[from] ability: Rough Skin|[of] p2a: Garchomp\n|\n|upkeep\n|turn|7\n|\n|t:|1700007082\n|move|p2a: Garchomp|Dragon Claw|p1a: mommy\n|-damage|p1a: mommy|0 fnt\n|faint|p1a: mommy\n|\n|upkeep\n|\n|t:|1700007085\n|switch|p1a: Vileplume|Vileplume, F|100\/100\n|-sideend|p1: pogerslol|move: Toxic Spikes|[of] p1a: Vileplume\n|turn|8\n|\n|t:|1700007088\n|switch|p2a: Ferrothorn|Ferrothorn, F, shiny|31\/100\n|switch|p1a: Corsola|Corsola-Galar, M|100\/100\n|\n|-heal|p2a: Ferrothorn|37\/100|[from] item: Leftovers\n|upkeep\n|turn|9\n|\n|t:|1700007092\n|move|p1a: Corsola|Sunny Day|p1a: Corsola\n|-weather|SunnyDay\n|move|p2a: Ferrothorn|Leech Seed|p1a: Corsola\n|-start|p1a: Corsola|move: Leech Seed\n|\n|-weather|SunnyDay|[upkeep]\n|-heal|p2a: Ferrothorn|43\/100|[from] item: Leftovers\n|-damage|p1a: Corsola|88\/100|[from] Leech Seed|[of] p2a: Ferrothorn\n|-heal|p2a: Ferrothorn|54\/100|[silent]\n|upkeep\n|turn|10\n|\n|t:|1700007097\n|move|p1a: Corsola|Strength Sap|p2a: Ferrothorn\n|-unboost|p2a: Ferrothorn|atk|1\n|-heal|p1a: Corsola|100\/100\n|move|p2a: Ferrothorn|Stealth Rock|p1a: Corsola\n|-sidestart|p1: pogerslol|move: Stealth Rock\n|\n|-weather|SunnyDay|[upkeep]\n|-heal|p2a: Ferrothorn|61\/100|[from] item: Leftovers\n|-damage|p1a: Corsola|88\/100|[from] Leech Seed|[of] p2a: Ferrothorn\n|-heal|p2a: Ferrothorn|72\/100|[silent]\n|upkeep\n|turn|11\n|\n|t:|1700007108\n|move|p2a: Ferrothorn|Protect|p2a: Ferrothorn\n|-singleturn|p2a: Ferrothorn|Protect\n|move|p1a: Corsola|Stealth Rock|p2a: Ferrothorn\n|-sidestart|p2: DerpyVaporeon|move: Stealth Rock\n|\n|-weather|SunnyDay|[upkeep]\n|-heal|p2a: Ferrothorn|78\/100|[from] item: Leftovers\n|-damage|p1a: Corsola|76\/100|[from] Leech Seed|[of] p2a: Ferrothorn\n|-heal|p2a: Ferrothorn|90\/100|[silent]\n|upkeep\n|turn|12\n|inactive|DerpyVaporeon has 120 seconds left.\n|\n|t:|1700007154\n|switch|p1a: Ninetales|Ninetales, M|100\/100\n|move|p2a: Ferrothorn|Power Whip|p1a: Ninetales\n|-resisted|p1a: Ninetales\n|-damage|p1a: Ninetales|89\/100\n|\n|-weather|SunnyDay|[upkeep]\n|-heal|p2a: Ferrothorn|96\/100|[from] item: Leftovers\n|upkeep\n|turn|13\n|inactive|DerpyVaporeon has 120 seconds left.\n|\n|t:|1700007165\n|move|p2a: Ferrothorn|Protect|p2a: Ferrothorn\n|-singleturn|p2a: Ferrothorn|Protect\n|move|p1a: Ninetales|Flamethrower|p2a: Ferrothorn\n|-activate|p2a: Ferrothorn|move: Protect\n|\n|-weather|none\n|-heal|p2a: Ferrothorn|100\/100|[from] item: Leftovers\n|upkeep\n|turn|14\n|\n|t:|1700007174\n|move|p1a: Ninetales|Dark Pulse|p2a: Ferrothorn\n|-damage|p2a: Ferrothorn|90\/100\n|move|p2a: Ferrothorn|Leech Seed|p1a: Ninetales\n|-start|p1a: Ninetales|move: Leech Seed\n|\n|-heal|p2a: Ferrothorn|97\/100|[from] item: Leftovers\n|-damage|p1a: Ninetales|77\/100|[from] Leech Seed|[of] p2a: Ferrothorn\n|-heal|p2a: Ferrothorn|100\/100|[silent]\n|upkeep\n|turn|15\n|\n|t:|1700007186\n|switch|p2a: Toxapex|Toxapex, M, shiny|76\/100\n|-damage|p2a: Toxapex|64\/100|[from] Stealth Rock\n|move|p1a: Ninetales|Flamethrower|p2a: Toxapex\n|-resisted|p2a: Toxapex\n|-damage|p2a: Toxapex|53\/100\n|\n|-heal|p2a: Toxapex|59\/100|[from] item: Black Sludge\n|-damage|p1a: Ninetales|65\/100|[from] Leech Seed|[of] p2a: Toxapex\n|-heal|p2a: Toxapex|73\/100|[silent]\n|upkeep\n|turn|16\n|\n|t:|1700007193\n|move|p1a: Ninetales|Dark Pulse|p2a: Toxapex\n|-damage|p2a: Toxapex|61\/100\n|cant|p2a: Toxapex|flinch\n|\n|-heal|p2a: Toxapex|67\/100|[from] item: Black Sludge\n|-damage|p1a: Ninetales|52\/100|[from] Leech Seed|[of] p2a: Toxapex\n|-heal|p2a: Toxapex|81\/100|[silent]\n|upkeep\n|turn|17\n|\n|t:|1700007196\n|move|p1a: Ninetales|Dark Pulse|p2a: Toxapex\n|-crit|p2a: Toxapex\n|-damage|p2a: Toxapex|63\/100\n|cant|p2a: Toxapex|flinch\n|\n|-heal|p2a: Toxapex|69\/100|[from] item: Black Sludge\n|-damage|p1a: Ninetales|40\/100|[from] Leech Seed|[of] p2a: Toxapex\n|-heal|p2a: Toxapex|83\/100|[silent]\n|upkeep\n|turn|18\n|\n|t:|1700007199\n|move|p1a: Ninetales|Dark Pulse|p2a: Toxapex\n|-damage|p2a: Toxapex|70\/100\n|move|p2a: Toxapex|Toxic Spikes|p1a: Ninetales\n|-sidestart|p1: pogerslol|move: Toxic Spikes\n|\n|-heal|p2a: Toxapex|76\/100|[from] item: Black Sludge\n|-damage|p1a: Ninetales|28\/100|[from] Leech Seed|[of] p2a: Toxapex\n|-heal|p2a: Toxapex|91\/100|[silent]\n|upkeep\n|turn|19\n|\n|t:|1700007203\n|switch|p1a: Corsola|Corsola-Galar, M|76\/100\n|-damage|p1a: Corsola|63\/100|[from] Stealth Rock\n|-status|p1a: Corsola|psn\n|move|p2a: Toxapex|Toxic Spikes|p1a: Corsola\n|-sidestart|p1: pogerslol|move: Toxic Spikes\n|\n|-heal|p2a: Toxapex|97\/100|[from] item: Black Sludge\n|-damage|p1a: Corsola|51\/100 psn|[from] psn\n|upkeep\n|turn|20\n|\n|t:|1700007211\n|switch|p2a: Reuniclus|Reuniclus, F, shiny|100\/100\n|move|p1a: Corsola|Strength Sap|p2a: Reuniclus\n|-unboost|p2a: Reuniclus|atk|1\n|-heal|p1a: Corsola|88\/100 psn\n|\n|-damage|p1a: Corsola|76\/100 psn|[from] psn\n|upkeep\n|turn|21\n|\n|t:|1700007217\n|move|p2a: Reuniclus|Calm Mind|p2a: Reuniclus\n|-boost|p2a: Reuniclus|spa|1\n|-boost|p2a: Reuniclus|spd|1\n|move|p1a: Corsola|Giga Drain|p2a: Reuniclus\n|-damage|p2a: Reuniclus|93\/100\n|-heal|p1a: Corsola|81\/100 psn|[from] drain|[of] p2a: Reuniclus\n|\n|-heal|p2a: Reuniclus|99\/100|[from] item: Leftovers\n|-damage|p1a: Corsola|68\/100 psn|[from] psn\n|upkeep\n|turn|22\n|\n|t:|1700007221\n|move|p2a: Reuniclus|Calm Mind|p2a: Reuniclus\n|-boost|p2a: Reuniclus|spa|1\n|-boost|p2a: Reuniclus|spd|1\n|move|p1a: Corsola|Giga Drain|p2a: Reuniclus\n|-damage|p2a: Reuniclus|94\/100\n|-heal|p1a: Corsola|72\/100 psn|[from] drain|[of] p2a: Reuniclus\n|\n|-heal|p2a: Reuniclus|99\/100|[from] item: Leftovers\n|-damage|p1a: Corsola|60\/100 psn|[from] psn\n|upkeep\n|turn|23\n|\n|t:|1700007225\n|move|p2a: Reuniclus|Calm Mind|p2a: Reuniclus\n|-boost|p2a: Reuniclus|spa|1\n|-boost|p2a: Reuniclus|spd|1\n|move|p1a: Corsola|Strength Sap|p2a: Reuniclus\n|-unboost|p2a: Reuniclus|atk|1\n|-heal|p1a: Corsola|84\/100 psn\n|\n|-heal|p2a: Reuniclus|100\/100|[from] item: Leftovers\n|-damage|p1a: Corsola|72\/100 psn|[from] psn\n|upkeep\n|turn|24\n|\n|t:|1700007233\n|move|p2a: Reuniclus|Calm Mind|p2a: Reuniclus\n|-boost|p2a: Reuniclus|spa|1\n|-boost|p2a: Reuniclus|spd|1\n|move|p1a: Corsola|Strength Sap|p2a: Reuniclus\n|-unboost|p2a: Reuniclus|atk|1\n|-heal|p1a: Corsola|91\/100 psn\n|\n|-damage|p1a: Corsola|78\/100 psn|[from] psn\n|upkeep\n|turn|25\n|\n|t:|1700007239\n|switch|p1a: Vileplume|Vileplume, F|100\/100\n|-damage|p1a: Vileplume|88\/100|[from] Stealth Rock\n|-sideend|p1: pogerslol|move: Toxic Spikes|[of] p1a: Vileplume\n|move|p2a: Reuniclus|Acid Armor|p2a: Reuniclus\n|-boost|p2a: Reuniclus|def|2\n|\n|-heal|p1a: Vileplume|94\/100|[from] item: Leftovers\n|upkeep\n|turn|26\n|\n|t:|1700007247\n|move|p1a: Vileplume|Sludge Wave|p2a: Reuniclus\n|-damage|p2a: Reuniclus|87\/100\n|move|p2a: Reuniclus|Stored Power|p1a: Vileplume\n|-supereffective|p1a: Vileplume\n|-damage|p1a: Vileplume|0 fnt\n|faint|p1a: Vileplume\n|\n|-heal|p2a: Reuniclus|93\/100|[from] item: Leftovers\n|upkeep\n|\n|t:|1700007248\n|switch|p1a: John Cena|Cloyster, M, shiny|100\/100\n|-damage|p1a: John Cena|76\/100|[from] Stealth Rock\n|turn|27\n|\n|t:|1700007257\n|move|p1a: John Cena|Shell Smash|p1a: John Cena\n|-unboost|p1a: John Cena|def|1\n|-unboost|p1a: John Cena|spd|1\n|-boost|p1a: John Cena|atk|2\n|-boost|p1a: John Cena|spa|2\n|-boost|p1a: John Cena|spe|2\n|move|p2a: Reuniclus|Stored Power|p1a: John Cena\n|-damage|p1a: John Cena|0 fnt\n|faint|p1a: John Cena\n|\n|-heal|p2a: Reuniclus|99\/100|[from] item: Leftovers\n|upkeep\n|\n|t:|1700007259\n|switch|p1a: Serperior|Serperior, F, shiny|100\/100\n|-damage|p1a: Serperior|88\/100|[from] Stealth Rock\n|turn|28\n|c|\u2606DerpyVaporeon|gg\n|\n|t:|1700007263\n|move|p1a: Serperior|Leaf Storm|p2a: Reuniclus\n|-damage|p2a: Reuniclus|86\/100\n|-boost|p1a: Serperior|spa|2\n|move|p2a: Reuniclus|Stored Power|p1a: Serperior\n|-damage|p1a: Serperior|0 fnt\n|faint|p1a: Serperior\n|\n|-heal|p2a: Reuniclus|92\/100|[from] item: Leftovers\n|upkeep\n|c|\u2606pogerslol|gg\n|-message|pogerslol forfeited.\n|\n|win|DerpyVaporeon\n|raw|pogerslol's rating: 1097 &rarr; <strong>1077<\/strong><br \/>(-20 for losing)\n|raw|DerpyVaporeon's rating: 1160 &rarr; <strong>1181<\/strong><br \/>(+21 for winning)\n|l|\u2606pogerslol\n","uploadtime":1700007280,"views":6,"p1id":"pogerslol","p2id":"derpyvaporeon","formatid":"gen9nationaldex","rating":1077,"private":0,"password":""}