{"id":"gen9nationaldex-1995223384","p1":"RakzoTR","p2":"heitaok","format":"[Gen 9] National Dex","log":"|html|<div class=\"broadcast-blue\"><strong>[Gen 9] National Dex is currently suspecting Sneasler! For information on how to participate check out the <a href=\"https:\/\/www.smogon.com\/forums\/threads\/sv-national-dex-suspect-8-just-dance.3731534\/\">suspect thread<\/a>.<\/strong><\/div>\n|j|\u2606RakzoTR\n|j|\u2606heitaok\n|t:|1700536584\n|gametype|singles\n|player|p1|RakzoTR|gambler|1569\n|player|p2|heitaok|gentleman|1571\n|teamsize|p1|6\n|teamsize|p2|6\n|gen|9\n|tier|[Gen 9] National Dex\n|rated|\n|rule|HP Percentage Mod: HP is shown in percentages\n|rule|Endless Battle Clause: Forcing endless battles is banned\n|rule|OHKO Clause: OHKO moves are banned\n|rule|Evasion Clause: Evasion abilities, items, and moves are banned\n|rule|Evasion Abilities Clause: Evasion abilities are banned\n|rule|Evasion Items Clause: Evasion items are banned\n|rule|Evasion Moves Clause: Evasion moves are banned\n|rule|Species Clause: Limit one of each Pok\u00e9mon\n|rule|Sleep Clause Mod: Limit one foe put to sleep\n|clearpoke\n|poke|p1|Goodra-Hisui, F|\n|poke|p1|Ogerpon-Wellspring, F|\n|poke|p1|Donphan, M|\n|poke|p1|Zamazenta-*|\n|poke|p1|Cinderace, M|\n|poke|p1|Zapdos|\n|poke|p2|Rotom-Wash|\n|poke|p2|Greninja-*, F|\n|poke|p2|Hoopa-Unbound|\n|poke|p2|Scizor, M|\n|poke|p2|Landorus-Therian, M|\n|poke|p2|Tapu Koko|\n|teampreview\n|inactive|Battle timer is ON: inactive players will automatically lose when time's up. (requested by heitaok)\n|\n|t:|1700536600\n|start\n|switch|p1a: Zip-Zap-Dos|Zapdos|100\/100\n|switch|p2a: Hoopa|Hoopa-Unbound|100\/100\n|turn|1\n|\n|t:|1700536608\n|-terastallize|p2a: Hoopa|Dark\n|move|p1a: Zip-Zap-Dos|Volt Switch|p2a: Hoopa\n|-damage|p2a: Hoopa|67\/100\n|\n|t:|1700536612\n|switch|p1a: WhatTheDogDoing?|Zamazenta|100\/100|[from] Volt Switch\n|-ability|p1a: WhatTheDogDoing?|Dauntless Shield|boost\n|-boost|p1a: WhatTheDogDoing?|def|1\n|move|p2a: Hoopa|Hyperspace Fury|p1a: WhatTheDogDoing?\n|-resisted|p1a: WhatTheDogDoing?\n|-damage|p1a: WhatTheDogDoing?|62\/100\n|-unboost|p2a: Hoopa|def|1\n|\n|upkeep\n|turn|2\n|\n|t:|1700536632\n|switch|p1a: Rhaenyra|Goodra-Hisui, F|100\/100\n|switch|p2a: Landorus|Landorus-Therian, M|100\/100\n|-ability|p2a: Landorus|Intimidate|boost\n|-unboost|p1a: Rhaenyra|atk|1\n|\n|upkeep\n|turn|3\n|\n|t:|1700536635\n|-terastallize|p1a: Rhaenyra|Fairy\n|move|p2a: Landorus|Earthquake|p1a: Rhaenyra\n|-crit|p1a: Rhaenyra\n|-damage|p1a: Rhaenyra|28\/100\n|move|p1a: Rhaenyra|Ice Beam|p2a: Landorus\n|-supereffective|p2a: Landorus\n|-damage|p2a: Landorus|0 fnt\n|faint|p2a: Landorus\n|\n|upkeep\n|\n|t:|1700536642\n|switch|p2a: Scizor|Scizor, M|100\/100\n|turn|4\n|c|\u2606RakzoTR|Critic\n|c|\u2606RakzoTR|XD\n|\n|t:|1700536648\n|switch|p1a: Zip-Zap-Dos|Zapdos|100\/100\n|detailschange|p2a: Scizor|Scizor-Mega, M\n|-mega|p2a: Scizor|Scizor|Scizorite\n|move|p2a: Scizor|U-turn|p1a: Zip-Zap-Dos\n|-resisted|p1a: Zip-Zap-Dos\n|-damage|p1a: Zip-Zap-Dos|81\/100\n|-damage|p2a: Scizor|84\/100|[from] item: Rocky Helmet|[of] p1a: Zip-Zap-Dos\n|-status|p2a: Scizor|par|[from] ability: Static|[of] p1a: Zip-Zap-Dos\n|\n|t:|1700536664\n|switch|p2a: Tapu Koko|Tapu Koko|100\/100|[from] U-turn\n|-fieldstart|move: Electric Terrain|[from] ability: Electric Surge|[of] p2a: Tapu Koko\n|\n|upkeep\n|turn|5\n|\n|t:|1700536670\n|move|p2a: Tapu Koko|Thunderbolt|p1a: Zip-Zap-Dos\n|-damage|p1a: Zip-Zap-Dos|7\/100\n|move|p1a: Zip-Zap-Dos|Roost|p1a: Zip-Zap-Dos\n|-heal|p1a: Zip-Zap-Dos|57\/100\n|-singleturn|p1a: Zip-Zap-Dos|move: Roost\n|\n|upkeep\n|turn|6\n|\n|t:|1700536674\n|switch|p1a: Kandula|Donphan, M|100\/100\n|move|p2a: Tapu Koko|Thunderbolt|p1a: Kandula\n|-immune|p1a: Kandula\n|\n|upkeep\n|turn|7\n|\n|t:|1700536678\n|switch|p2a: Rotom|Rotom-Wash|100\/100\n|switch|p1a: Zip-Zap-Dos|Zapdos|57\/100\n|\n|upkeep\n|turn|8\n|\n|t:|1700536680\n|move|p1a: Zip-Zap-Dos|Roost|p1a: Zip-Zap-Dos\n|-heal|p1a: Zip-Zap-Dos|100\/100\n|-singleturn|p1a: Zip-Zap-Dos|move: Roost\n|move|p2a: Rotom|Volt Switch|p1a: Zip-Zap-Dos\n|-resisted|p1a: Zip-Zap-Dos\n|-damage|p1a: Zip-Zap-Dos|88\/100\n|\n|t:|1700536684\n|switch|p2a: Hoopa|Hoopa-Unbound, tera:Dark|67\/100|[from] Volt Switch\n|\n|-fieldend|move: Electric Terrain\n|upkeep\n|turn|9\n|\n|t:|1700536688\n|move|p1a: Zip-Zap-Dos|Volt Switch|p2a: Hoopa\n|-damage|p2a: Hoopa|33\/100\n|\n|t:|1700536690\n|switch|p1a: Rhaenyra|Goodra-Hisui, F, tera:Fairy|28\/100|[from] Volt Switch\n|move|p2a: Hoopa|Zen Headbutt|p1a: Rhaenyra\n|-damage|p1a: Rhaenyra|0 fnt\n|faint|p1a: Rhaenyra\n|\n|upkeep\n|\n|t:|1700536692\n|switch|p1a: Rammot|Cinderace, M|100\/100\n|turn|10\n|\n|t:|1700536696\n|switch|p2a: Rotom|Rotom-Wash|100\/100\n|move|p1a: Rammot|Will-O-Wisp|p2a: Rotom\n|-status|p2a: Rotom|brn\n|\n|-damage|p2a: Rotom|95\/100 brn|[from] brn\n|upkeep\n|turn|11\n|\n|t:|1700536700\n|move|p1a: Rammot|U-turn|p2a: Rotom\n|-damage|p2a: Rotom|79\/100 brn\n|\n|t:|1700536703\n|switch|p1a: Kandula|Donphan, M|100\/100|[from] U-turn\n|move|p2a: Rotom|Volt Switch|p1a: Kandula\n|-immune|p1a: Kandula\n|\n|-heal|p2a: Rotom|85\/100 brn|[from] item: Leftovers\n|-damage|p2a: Rotom|79\/100 brn|[from] brn\n|upkeep\n|turn|12\n|\n|t:|1700536706\n|move|p2a: Rotom|Hydro Pump|p1a: Kandula\n|-supereffective|p1a: Kandula\n|-ability|p1a: Kandula|Sturdy\n|-damage|p1a: Kandula|1\/100\n|move|p1a: Kandula|Encore|p2a: Rotom\n|-start|p2a: Rotom|Encore\n|\n|-heal|p2a: Rotom|85\/100 brn|[from] item: Leftovers\n|-damage|p2a: Rotom|79\/100 brn|[from] brn\n|upkeep\n|turn|13\n|\n|t:|1700536712\n|switch|p2a: Tapu Koko|Tapu Koko|100\/100\n|-fieldstart|move: Electric Terrain|[from] ability: Electric Surge|[of] p2a: Tapu Koko\n|move|p1a: Kandula|Endeavor|p2a: Tapu Koko\n|-damage|p2a: Tapu Koko|1\/100\n|\n|upkeep\n|turn|14\n|j| ndtester2\n|\n|t:|1700536721\n|switch|p2a: Scizor|Scizor-Mega, M|84\/100 par\n|move|p1a: Kandula|Ice Shard|p2a: Scizor\n|-resisted|p2a: Scizor\n|-damage|p2a: Scizor|80\/100 par\n|\n|upkeep\n|turn|15\n|\n|t:|1700536724\n|switch|p1a: Zip-Zap-Dos|Zapdos|88\/100\n|move|p2a: Scizor|Bullet Punch|p1a: Zip-Zap-Dos\n|-resisted|p1a: Zip-Zap-Dos\n|-damage|p1a: Zip-Zap-Dos|73\/100\n|-damage|p2a: Scizor|63\/100 par|[from] item: Rocky Helmet|[of] p1a: Zip-Zap-Dos\n|\n|upkeep\n|turn|16\n|\n|t:|1700536731\n|switch|p2a: Greninja|Greninja, F|100\/100\n|move|p1a: Zip-Zap-Dos|Heat Wave|p2a: Greninja\n|-resisted|p2a: Greninja\n|-damage|p2a: Greninja|70\/100\n|\n|upkeep\n|turn|17\n|\n|t:|1700536737\n|switch|p1a: Ogo|Ogerpon-Wellspring, F|100\/100\n|move|p2a: Greninja|Ice Beam|p1a: Ogo\n|-start|p2a: Greninja|typechange|Ice|[from] ability: Protean\n|-damage|p1a: Ogo|60\/100\n|\n|-fieldend|move: Electric Terrain\n|upkeep\n|turn|18\n|\n|t:|1700536746\n|switch|p2a: Hoopa|Hoopa-Unbound, tera:Dark|33\/100\n|move|p1a: Ogo|Ivy Cudgel|p2a: Hoopa|[anim] Ivy Cudgel Water\n|-crit|p2a: Hoopa\n|-damage|p2a: Hoopa|0 fnt\n|faint|p2a: Hoopa\n|\n|upkeep\n|\n|t:|1700536748\n|switch|p2a: Greninja|Greninja, F|70\/100\n|turn|19\n|\n|t:|1700536752\n|switch|p1a: WhatTheDogDoing?|Zamazenta|62\/100\n|move|p2a: Greninja|U-turn|p1a: WhatTheDogDoing?\n|-start|p2a: Greninja|typechange|Bug|[from] ability: Protean\n|-resisted|p1a: WhatTheDogDoing?\n|-damage|p1a: WhatTheDogDoing?|49\/100\n|\n|t:|1700536756\n|switch|p2a: Rotom|Rotom-Wash|79\/100 brn|[from] U-turn\n|\n|-heal|p2a: Rotom|85\/100 brn|[from] item: Leftovers\n|-damage|p2a: Rotom|79\/100 brn|[from] brn\n|upkeep\n|turn|20\n|\n|t:|1700536759\n|switch|p1a: Kandula|Donphan, M|1\/100\n|move|p2a: Rotom|Hydro Pump|p1a: Kandula\n|-supereffective|p1a: Kandula\n|-damage|p1a: Kandula|0 fnt\n|faint|p1a: Kandula\n|\n|-heal|p2a: Rotom|85\/100 brn|[from] item: Leftovers\n|-damage|p2a: Rotom|79\/100 brn|[from] brn\n|upkeep\n|\n|t:|1700536763\n|switch|p1a: Ogo|Ogerpon-Wellspring, F|60\/100\n|turn|21\n|\n|t:|1700536766\n|move|p1a: Ogo|Substitute|p1a: Ogo\n|-start|p1a: Ogo|Substitute\n|-damage|p1a: Ogo|35\/100\n|move|p2a: Rotom|Volt Switch|p1a: Ogo\n|-end|p1a: Ogo|Substitute\n|\n|t:|1700536769\n|switch|p2a: Greninja|Greninja, F|70\/100|[from] Volt Switch\n|\n|upkeep\n|turn|22\n|\n|t:|1700536774\n|move|p2a: Greninja|U-turn|p1a: Ogo\n|-start|p2a: Greninja|typechange|Bug|[from] ability: Protean\n|-supereffective|p1a: Ogo\n|-damage|p1a: Ogo|0 fnt\n|faint|p1a: Ogo\n|\n|t:|1700536779\n|switch|p2a: Tapu Koko|Tapu Koko|1\/100|[from] U-turn\n|-fieldstart|move: Electric Terrain|[from] ability: Electric Surge|[of] p2a: Tapu Koko\n|\n|upkeep\n|\n|t:|1700536782\n|switch|p1a: Rammot|Cinderace, M|100\/100\n|turn|23\n|\n|t:|1700536791\n|move|p2a: Tapu Koko|Thunderbolt|p1a: Rammot\n|-damage|p1a: Rammot|19\/100\n|move|p1a: Rammot|U-turn|p2a: Tapu Koko\n|-resisted|p2a: Tapu Koko\n|-damage|p2a: Tapu Koko|0 fnt\n|faint|p2a: Tapu Koko\n|\n|t:|1700536795\n|switch|p1a: WhatTheDogDoing?|Zamazenta|49\/100|[from] U-turn\n|\n|upkeep\n|\n|t:|1700536800\n|switch|p2a: Rotom|Rotom-Wash|79\/100 brn\n|turn|24\n|\n|t:|1700536810\n|switch|p1a: Zip-Zap-Dos|Zapdos|73\/100\n|move|p2a: Rotom|Hydro Pump|p1a: Zip-Zap-Dos\n|-damage|p1a: Zip-Zap-Dos|33\/100\n|\n|-heal|p2a: Rotom|85\/100 brn|[from] item: Leftovers\n|-damage|p2a: Rotom|79\/100 brn|[from] brn\n|upkeep\n|turn|25\n|\n|t:|1700536814\n|move|p1a: Zip-Zap-Dos|Roost|p1a: Zip-Zap-Dos\n|-heal|p1a: Zip-Zap-Dos|83\/100\n|-singleturn|p1a: Zip-Zap-Dos|move: Roost\n|move|p2a: Rotom|Volt Switch|p1a: Zip-Zap-Dos\n|-resisted|p1a: Zip-Zap-Dos\n|-damage|p1a: Zip-Zap-Dos|70\/100\n|\n|t:|1700536818\n|switch|p2a: Greninja|Greninja, F|70\/100|[from] Volt Switch\n|\n|upkeep\n|turn|26\n|\n|t:|1700536820\n|switch|p1a: Rammot|Cinderace, M|19\/100\n|move|p2a: Greninja|Ice Beam|p1a: Rammot\n|-start|p2a: Greninja|typechange|Ice|[from] ability: Protean\n|-resisted|p1a: Rammot\n|-damage|p1a: Rammot|0 fnt\n|faint|p1a: Rammot\n|\n|-fieldend|move: Electric Terrain\n|upkeep\n|\n|t:|1700536822\n|switch|p1a: WhatTheDogDoing?|Zamazenta|49\/100\n|turn|27\n|\n|t:|1700536826\n|switch|p2a: Scizor|Scizor-Mega, M|63\/100 par\n|move|p1a: WhatTheDogDoing?|Close Combat|p2a: Scizor\n|-damage|p2a: Scizor|17\/100 par\n|-unboost|p1a: WhatTheDogDoing?|def|1\n|-unboost|p1a: WhatTheDogDoing?|spd|1\n|\n|upkeep\n|turn|28\n|\n|t:|1700536829\n|switch|p1a: Zip-Zap-Dos|Zapdos|70\/100\n|cant|p2a: Scizor|par\n|\n|upkeep\n|turn|29\n|\n|t:|1700536832\n|move|p1a: Zip-Zap-Dos|Volt Switch|p2a: Scizor\n|-damage|p2a: Scizor|0 fnt\n|faint|p2a: Scizor\n|\n|t:|1700536834\n|switch|p1a: WhatTheDogDoing?|Zamazenta|49\/100|[from] Volt Switch\n|\n|upkeep\n|\n|t:|1700536835\n|switch|p2a: Rotom|Rotom-Wash|79\/100 brn\n|turn|30\n|\n|t:|1700536838\n|switch|p1a: Zip-Zap-Dos|Zapdos|70\/100\n|move|p2a: Rotom|Volt Switch|p1a: Zip-Zap-Dos\n|-damage|p1a: Zip-Zap-Dos|42\/100\n|\n|t:|1700536841\n|switch|p2a: Greninja|Greninja, F|70\/100|[from] Volt Switch\n|\n|upkeep\n|turn|31\n|\n|t:|1700536844\n|switch|p1a: WhatTheDogDoing?|Zamazenta|49\/100\n|move|p2a: Greninja|Ice Beam|p1a: WhatTheDogDoing?\n|-start|p2a: Greninja|typechange|Ice|[from] ability: Protean\n|-damage|p1a: WhatTheDogDoing?|19\/100\n|\n|upkeep\n|turn|32\n|\n|t:|1700536847\n|move|p1a: WhatTheDogDoing?|Close Combat|p2a: Greninja\n|-supereffective|p2a: Greninja\n|-damage|p2a: Greninja|0 fnt\n|-unboost|p1a: WhatTheDogDoing?|def|1\n|-unboost|p1a: WhatTheDogDoing?|spd|1\n|faint|p2a: Greninja\n|\n|upkeep\n|-message|heitaok forfeited.\n|\n|win|RakzoTR\n|raw|RakzoTR's rating: 1569 &rarr; <strong>1589<\/strong><br \/>(+20 for winning)\n|raw|heitaok's rating: 1571 &rarr; <strong>1551<\/strong><br \/>(-20 for losing)\n|l|\u2606heitaok\n|l| ndtester2\n|l|\u2606RakzoTR\n|j|\u2606RakzoTR\n|player|p1|RakzoTR|gambler\n","uploadtime":1700536865,"views":16,"p1id":"rakzotr","p2id":"heitaok","formatid":"gen9nationaldex","rating":1551,"private":0,"password":""}