{"id":"gen9nationaldex-1989211220","p1":"Sylveon(404)","p2":"PeppsiAsiEs","format":"[Gen 9] National Dex","log":"|j|\u2606Sylveon(404)\n|j|\u2606PeppsiAsiEs\n|t:|1699823867\n|gametype|singles\n|player|p1|Sylveon(404)|serena|\n|player|p2|PeppsiAsiEs|poppy|\n|teamsize|p1|6\n|teamsize|p2|6\n|gen|9\n|tier|[Gen 9] National Dex\n|rule|HP Percentage Mod: HP is shown in percentages\n|rule|Endless Battle Clause: Forcing endless battles is banned\n|rule|OHKO Clause: OHKO moves are banned\n|rule|Evasion Clause: Evasion abilities, items, and moves are banned\n|rule|Evasion Abilities Clause: Evasion abilities are banned\n|rule|Evasion Items Clause: Evasion items are banned\n|rule|Evasion Moves Clause: Evasion moves are banned\n|rule|Species Clause: Limit one of each Pok\u00e9mon\n|rule|Sleep Clause Mod: Limit one foe put to sleep\n|clearpoke\n|poke|p1|Skeledirge, F|\n|poke|p1|Ursaluna, M|\n|poke|p1|Porygon-Z|\n|poke|p1|Sneasler, F|\n|poke|p1|Xurkitree|\n|poke|p1|Mawile, M|\n|poke|p2|Skarmory, M|\n|poke|p2|Jirachi|\n|poke|p2|Celesteela|\n|poke|p2|Bisharp, F|\n|poke|p2|Aegislash, M|\n|poke|p2|Heatran, M|\n|teampreview\n|j| Arlo Ghost\n|j| RARMolina\n|c|\u2606PeppsiAsiEs|Antes roto, que doblarme.\n|j| lolowtf09\n|c| lolowtf09|mataos\n|c|\u2606Sylveon(404)|waos\n|c| RARMolina|Pep matalo\n|j| WSoldat\n|c|\u2606Sylveon(404)|pobre spamton\n|c|\u2606Sylveon(404)|no ara nada\n|\n|t:|1699823962\n|start\n|switch|p1a: S.C.P|Xurkitree|100\/100\n|switch|p2a: Aegislash|Aegislash, M|100\/100\n|turn|1\n|\n|t:|1699823973\n|move|p1a: S.C.P|Volt Switch|p2a: Aegislash\n|-damage|p2a: Aegislash|64\/100\n|\n|t:|1699823978\n|switch|p1a: te vo a garchar|Mawile, M|100\/100|[from] Volt Switch\n|-ability|p1a: te vo a garchar|Intimidate|boost\n|-unboost|p2a: Aegislash|atk|1\n|-formechange|p2a: Aegislash|Aegislash-Blade||[from] ability: Stance Change\n|move|p2a: Aegislash|Close Combat|p1a: te vo a garchar\n|-damage|p1a: te vo a garchar|62\/100\n|-unboost|p2a: Aegislash|def|1\n|-unboost|p2a: Aegislash|spd|1\n|\n|upkeep\n|turn|2\n|\n|t:|1699823992\n|switch|p2a: Skarmory|Skarmory, M|100\/100\n|detailschange|p1a: te vo a garchar|Mawile-Mega, M\n|-mega|p1a: te vo a garchar|Mawile|Mawilite\n|move|p1a: te vo a garchar|Sucker Punch||[still]\n|-fail|p1a: te vo a garchar\n|\n|upkeep\n|turn|3\n|\n|t:|1699824001\n|switch|p1a: el tieso|Skeledirge, F|100\/100\n|move|p2a: Skarmory|Stealth Rock|p1a: el tieso\n|-sidestart|p1: Sylveon(404)|move: Stealth Rock\n|\n|upkeep\n|turn|4\n|\n|t:|1699824007\n|switch|p2a: Heatran|Heatran, M|100\/100\n|-item|p2a: Heatran|Air Balloon\n|move|p1a: el tieso|Shadow Ball|p2a: Heatran\n|-damage|p2a: Heatran|75\/100\n|-enditem|p2a: Heatran|Air Balloon\n|\n|upkeep\n|turn|5\n|\n|t:|1699824023\n|switch|p2a: Skarmory|Skarmory, M|100\/100\n|move|p1a: el tieso|Earth Power|p2a: Skarmory\n|-immune|p2a: Skarmory\n|\n|upkeep\n|turn|6\n|c| lolowtf09|heatran wapo\n|\n|t:|1699824038\n|switch|p2a: Heatran|Heatran, M|75\/100\n|move|p1a: el tieso|Torch Song|p2a: Heatran\n|-start|p2a: Heatran|ability: Flash Fire\n|\n|upkeep\n|turn|7\n|l| Arlo Ghost\n|c|\u2606Sylveon(404)|cambia a cele\n|c|\u2606Sylveon(404)|ya veo eso\n|c| RARMolina|\ud83e\udd71\n|inactive|Battle timer is ON: inactive players will automatically lose when time's up. (requested by Sylveon(404))\n|\n|t:|1699824103\n|move|p2a: Heatran|Earth Power|p1a: el tieso\n|-supereffective|p1a: el tieso\n|-damage|p1a: el tieso|48\/100\n|move|p1a: el tieso|Earth Power|p2a: Heatran\n|-supereffective|p2a: Heatran\n|-damage|p2a: Heatran|1\/100\n|\n|-heal|p1a: el tieso|54\/100|[from] item: Leftovers\n|upkeep\n|turn|8\n|c|\u2606Sylveon(404)|un ps\n|c|\u2606Sylveon(404)|como si x4\n|c|\u2606Sylveon(404)|waos\n|c|\u2606PeppsiAsiEs|La f\u00e9 en dios existe\n|\n|t:|1699824127\n|move|p2a: Heatran|Earth Power|p1a: el tieso\n|-supereffective|p1a: el tieso\n|-damage|p1a: el tieso|0 fnt\n|faint|p1a: el tieso\n|\n|upkeep\n|c|\u2606Sylveon(404)|waos\n|inactive|Sylveon(404) has 270 seconds left.\n|c|\u2606Sylveon(404)|y ahora lo mata\n|c|\u2606Sylveon(404)|waos\n|\n|t:|1699824147\n|switch|p1a: S.C.P|Xurkitree|100\/100\n|-damage|p1a: S.C.P|88\/100|[from] Stealth Rock\n|turn|9\n|c| lolowtf09|tera gras papu\n|inactive|Sylveon(404) has 270 seconds left.\n|\n|t:|1699824167\n|move|p1a: S.C.P|Volt Switch|p2a: Heatran\n|-crit|p2a: Heatran\n|-damage|p2a: Heatran|0 fnt\n|faint|p2a: Heatran\n|-ability|p1a: S.C.P|Beast Boost|boost\n|-boost|p1a: S.C.P|spa|1\n|c|\u2606Sylveon(404)|el critico mas necesario\n|\n|t:|1699824185\n|switch|p1a: ursaloco|Ursaluna, M|100\/100|[from] Volt Switch\n|-damage|p1a: ursaloco|94\/100|[from] Stealth Rock\n|\n|-status|p1a: ursaloco|brn|[from] item: Flame Orb\n|upkeep\n|\n|t:|1699824206\n|switch|p2a: Skarmory|Skarmory, M|100\/100\n|turn|10\n|c| RARMolina|Ese oso no aguanto un bonk de mi ogerpon\n|\n|t:|1699824225\n|switch|p1a: S.C.P|Xurkitree|88\/100\n|-damage|p1a: S.C.P|76\/100|[from] Stealth Rock\n|move|p2a: Skarmory|Brave Bird|p1a: S.C.P\n|-resisted|p1a: S.C.P\n|-damage|p1a: S.C.P|45\/100\n|-damage|p2a: Skarmory|89\/100|[from] Recoil\n|\n|upkeep\n|turn|11\n|inactive|PeppsiAsiEs has 270 seconds left.\n|\n|t:|1699824253\n|switch|p2a: Aegislash|Aegislash, M|64\/100\n|move|p1a: S.C.P|Thunderbolt|p2a: Aegislash\n|-damage|p2a: Aegislash|20\/100\n|\n|upkeep\n|turn|12\n|\n|t:|1699824260\n|-formechange|p2a: Aegislash|Aegislash-Blade||[from] ability: Stance Change\n|move|p2a: Aegislash|Shadow Sneak|p1a: S.C.P\n|-damage|p1a: S.C.P|10\/100\n|move|p1a: S.C.P|Thunderbolt|p2a: Aegislash\n|-damage|p2a: Aegislash|0 fnt\n|faint|p2a: Aegislash\n|-ability|p1a: S.C.P|Beast Boost|boost\n|-boost|p1a: S.C.P|spa|1\n|\n|upkeep\n|\n|t:|1699824266\n|switch|p2a: Bisharp|Bisharp, F|100\/100\n|turn|13\n|inactive|Sylveon(404) has 270 seconds left.\n|\n|t:|1699824272\n|move|p2a: Bisharp|Sucker Punch|p1a: S.C.P\n|-damage|p1a: S.C.P|0 fnt\n|faint|p1a: S.C.P\n|\n|upkeep\n|j| Arlo Ghost\n|inactive|Sylveon(404) has 270 seconds left.\n|\n|t:|1699824279\n|switch|p1a: ursaloco|Ursaluna, M|94\/100 brn\n|-damage|p1a: ursaloco|88\/100 brn|[from] Stealth Rock\n|turn|14\n|\n|t:|1699824286\n|switch|p2a: Skarmory|Skarmory, M|89\/100\n|switch|p1a: spamton neo|Porygon-Z|100\/100\n|-damage|p1a: spamton neo|88\/100|[from] Stealth Rock\n|\n|upkeep\n|turn|15\n|\n|t:|1699824295\n|switch|p2a: Jirachi|Jirachi, shiny|100\/100\n|-zpower|p1a: spamton neo\n|move|p1a: spamton neo|Z-Conversion||[anim]Conversion|[still]\n|-boost|p1a: spamton neo|atk|1|[zeffect]\n|-boost|p1a: spamton neo|def|1|[zeffect]\n|-boost|p1a: spamton neo|spa|1|[zeffect]\n|-boost|p1a: spamton neo|spd|1|[zeffect]\n|-boost|p1a: spamton neo|spe|1|[zeffect]\n|-fail|p1a: spamton neo\n|\n|upkeep\n|turn|16\n|\n|t:|1699824306\n|move|p1a: spamton neo|Thunderbolt|p2a: Jirachi\n|-damage|p2a: Jirachi|45\/100\n|-zpower|p2a: Jirachi\n|move|p2a: Jirachi|Z-Happy Hour|p2a: Jirachi|[anim]Happy Hour\n|-boost|p2a: Jirachi|atk|1|[zeffect]\n|-boost|p2a: Jirachi|def|1|[zeffect]\n|-boost|p2a: Jirachi|spa|1|[zeffect]\n|-boost|p2a: Jirachi|spd|1|[zeffect]\n|-boost|p2a: Jirachi|spe|1|[zeffect]\n|\n|upkeep\n|turn|17\n|\n|t:|1699824315\n|move|p2a: Jirachi|Aura Sphere|p1a: spamton neo\n|-supereffective|p1a: spamton neo\n|-damage|p1a: spamton neo|24\/100\n|move|p1a: spamton neo|Thunderbolt|p2a: Jirachi\n|-damage|p2a: Jirachi|7\/100\n|\n|upkeep\n|turn|18\n|c| lolowtf09|oh shit\n|\n|t:|1699824322\n|move|p2a: Jirachi|Aura Sphere|p1a: spamton neo\n|-supereffective|p1a: spamton neo\n|-damage|p1a: spamton neo|0 fnt\n|faint|p1a: spamton neo\n|\n|upkeep\n|c| RARMolina|Cago\n|\n|t:|1699824334\n|switch|p1a: te vo a garchar|Mawile-Mega, M|62\/100\n|-damage|p1a: te vo a garchar|56\/100|[from] Stealth Rock\n|turn|19\n|\n|t:|1699824347\n|move|p1a: te vo a garchar|Sucker Punch||[still]\n|-fail|p1a: te vo a garchar\n|move|p2a: Jirachi|Happy Hour|p2a: Jirachi\n|\n|upkeep\n|turn|20\n|\n|t:|1699824363\n|move|p2a: Jirachi|Aura Sphere|p1a: te vo a garchar\n|-damage|p1a: te vo a garchar|13\/100\n|move|p1a: te vo a garchar|Iron Head|p2a: Jirachi\n|-resisted|p2a: Jirachi\n|-damage|p2a: Jirachi|0 fnt\n|faint|p2a: Jirachi\n|\n|upkeep\n|\n|t:|1699824375\n|switch|p2a: Skarmory|Skarmory, M|89\/100\n|turn|21\n|\n|t:|1699824388\n|move|p2a: Skarmory|Brave Bird|p1a: te vo a garchar\n|-resisted|p1a: te vo a garchar\n|-damage|p1a: te vo a garchar|0 fnt\n|faint|p1a: te vo a garchar\n|-damage|p2a: Skarmory|84\/100|[from] Recoil\n|\n|upkeep\n|\n|t:|1699824395\n|switch|p1a: ursaloco|Ursaluna, M|88\/100 brn\n|-damage|p1a: ursaloco|82\/100 brn|[from] Stealth Rock\n|turn|22\n|\n|t:|1699824401\n|move|p2a: Skarmory|Brave Bird|p1a: ursaloco\n|-damage|p1a: ursaloco|51\/100 brn\n|-damage|p2a: Skarmory|69\/100|[from] Recoil\n|move|p1a: ursaloco|Facade|p2a: Skarmory\n|-resisted|p2a: Skarmory\n|-damage|p2a: Skarmory|12\/100\n|\n|-damage|p1a: ursaloco|45\/100 brn|[from] brn\n|upkeep\n|turn|23\n|-enditem|p2a: Skarmory|Custap Berry|[eat]\n|-activate|p2a: Skarmory|item: Custap Berry|[consumed]\n|\n|t:|1699824410\n|move|p2a: Skarmory|Brave Bird|p1a: ursaloco\n|-damage|p1a: ursaloco|13\/100 brn\n|-damage|p2a: Skarmory|0 fnt|[from] Recoil\n|faint|p2a: Skarmory\n|move|p1a: ursaloco|Trailblaze|p2: Skarmory|[notarget]\n|-fail|p1a: ursaloco\n|\n|-damage|p1a: ursaloco|7\/100 brn|[from] brn\n|upkeep\n|inactive|PeppsiAsiEs has 270 seconds left.\n|\n|t:|1699824445\n|switch|p2a: Celesteela|Celesteela|100\/100\n|turn|24\n|\n|t:|1699824450\n|move|p2a: Celesteela|Meteor Beam||[still]\n|-prepare|p2a: Celesteela|Meteor Beam\n|-boost|p2a: Celesteela|spa|1\n|-enditem|p2a: Celesteela|Power Herb\n|-anim|p2a: Celesteela|Meteor Beam|p1a: ursaloco\n|-resisted|p1a: ursaloco\n|-damage|p1a: ursaloco|0 fnt\n|faint|p1a: ursaloco\n|-ability|p2a: Celesteela|Beast Boost|boost\n|-boost|p2a: Celesteela|spa|1\n|\n|upkeep\n|\n|t:|1699824458\n|switch|p1a: jevil|Sneasler, F|100\/100\n|-damage|p1a: jevil|95\/100|[from] Stealth Rock\n|turn|25\n|\n|t:|1699824465\n|-terastallize|p1a: jevil|Flying\n|move|p1a: jevil|Fake Out|p2a: Celesteela\n|-enditem|p1a: jevil|Normal Gem|[from] gem\n|-resisted|p2a: Celesteela\n|-damage|p2a: Celesteela|91\/100\n|cant|p2a: Celesteela|flinch\n|\n|upkeep\n|turn|26\n|\n|t:|1699824481\n|move|p1a: jevil|Acrobatics|p2a: Celesteela\n|-resisted|p2a: Celesteela\n|-damage|p2a: Celesteela|58\/100\n|move|p2a: Celesteela|Flamethrower|p1a: jevil\n|-damage|p1a: jevil|16\/100\n|\n|upkeep\n|turn|27\n|c|\u2606Sylveon(404)|ggs\n|c|\u2606PeppsiAsiEs|Tu reinado se acaba aqu\u00ed.\n|c| RARMolina|Gg\n|inactive|PeppsiAsiEs has 270 seconds left.\n|c| RARMolina|Acabo hace rato yo tambi\u00e9n le gane\n|c|\u2606PeppsiAsiEs|Quiz\u00e1s lo de countear no sea lo tuyo, mejor piensa un poco m\u00e1s en la estrateiga.\n|\n|t:|1699824513\n|move|p1a: jevil|Close Combat|p2a: Celesteela\n|-damage|p2a: Celesteela|0 fnt\n|-unboost|p1a: jevil|def|1\n|-unboost|p1a: jevil|spd|1\n|faint|p2a: Celesteela\n|\n|upkeep\n|\n|t:|1699824517\n|switch|p2a: Bisharp|Bisharp, F|100\/100\n|turn|28\n|c|\u2606Sylveon(404)|un turno mas vivo\n|c|\u2606Sylveon(404)|es algo\n|c| lolowtf09|tendra sucker puns verdad?\n|\n|t:|1699824534\n|-terastallize|p2a: Bisharp|Dark\n|move|p1a: jevil|Fake Out||[still]\n|-hint|Fake Out only works on your first turn out.\n|-fail|p1a: jevil\n|move|p2a: Bisharp|Sucker Punch||[still]\n|-fail|p2a: Bisharp\n|\n|upkeep\n|turn|29\n|\n|t:|1699824542\n|move|p2a: Bisharp|Sucker Punch|p1a: jevil\n|-damage|p1a: jevil|0 fnt\n|faint|p1a: jevil\n|\n|win|PeppsiAsiEs\n|c| Arlo Ghost|bien jugado pep\n|c|\u2606Sylveon(404)|XD\n","uploadtime":1699824551,"views":5,"p1id":"sylveon404","p2id":"peppsiasies","formatid":"gen9nationaldex","rating":0,"private":0,"password":""}