{"id":"gen9nationaldex-1988268597","p1":"Chili D Dewd","p2":"Gocks","format":"[Gen 9] National Dex","log":"|j|\u2606Chili D Dewd\n|j|\u2606Gocks\n|t:|1699698406\n|gametype|singles\n|player|p1|Chili D Dewd|flint|1398\n|player|p2|Gocks|juggler|1436\n|teamsize|p1|6\n|teamsize|p2|6\n|gen|9\n|tier|[Gen 9] National Dex\n|rated|\n|rule|HP Percentage Mod: HP is shown in percentages\n|rule|Endless Battle Clause: Forcing endless battles is banned\n|rule|OHKO Clause: OHKO moves are banned\n|rule|Evasion Clause: Evasion abilities, items, and moves are banned\n|rule|Evasion Abilities Clause: Evasion abilities are banned\n|rule|Evasion Items Clause: Evasion items are banned\n|rule|Evasion Moves Clause: Evasion moves are banned\n|rule|Species Clause: Limit one of each Pok\u00e9mon\n|rule|Sleep Clause Mod: Limit one foe put to sleep\n|clearpoke\n|poke|p1|Sableye, F|\n|poke|p1|Dondozo, M|\n|poke|p1|Clodsire, M|\n|poke|p1|Toxapex, M|\n|poke|p1|Skarmory, M|\n|poke|p1|Clefable, M|\n|poke|p2|Mr. Rime, F|\n|poke|p2|Moltres|\n|poke|p2|Espeon, F|\n|poke|p2|Umbreon, M|\n|poke|p2|Nidoking, M|\n|poke|p2|Scizor, M|\n|teampreview\n|inactive|Battle timer is ON: inactive players will automatically lose when time's up. (requested by Chili D Dewd)\n|\n|t:|1699698424\n|start\n|switch|p1a: Sableye|Sableye, F|100\/100\n|switch|p2a: \u4e8c\u4ee3\u6307\u5b9a\u70e7\u9e21|Moltres|100\/100\n|turn|1\n|\n|t:|1699698439\n|detailschange|p1a: Sableye|Sableye-Mega, F\n|-mega|p1a: Sableye|Sableye|Sablenite\n|move|p2a: \u4e8c\u4ee3\u6307\u5b9a\u70e7\u9e21|Flamethrower|p1a: Sableye\n|-damage|p1a: Sableye|61\/100\n|move|p1a: Sableye|Knock Off|p2a: \u4e8c\u4ee3\u6307\u5b9a\u70e7\u9e21\n|-damage|p2a: \u4e8c\u4ee3\u6307\u5b9a\u70e7\u9e21|73\/100\n|-enditem|p2a: \u4e8c\u4ee3\u6307\u5b9a\u70e7\u9e21|Heavy-Duty Boots|[from] move: Knock Off|[of] p1a: Sableye\n|\n|upkeep\n|turn|2\n|\n|t:|1699698450\n|switch|p1a: Clodsire|Clodsire, M|100\/100\n|move|p2a: \u4e8c\u4ee3\u6307\u5b9a\u70e7\u9e21|Flamethrower|p1a: Clodsire\n|-damage|p1a: Clodsire|75\/100\n|\n|upkeep\n|turn|3\n|\n|t:|1699698460\n|switch|p2a: Sazuki|Espeon, F|100\/100\n|move|p1a: Clodsire|Toxic|p2a: Sazuki\n|move|p2a: Sazuki|Toxic|p1a: Clodsire|[from]ability: Magic Bounce\n|-immune|p1a: Clodsire\n|\n|upkeep\n|turn|4\n|\n|t:|1699698468\n|switch|p1a: Toxapex|Toxapex, M|100\/100\n|-zpower|p2a: Sazuki\n|move|p2a: Sazuki|Z-Celebrate|p2a: Sazuki|[anim]Celebrate\n|-boost|p2a: Sazuki|atk|1|[zeffect]\n|-boost|p2a: Sazuki|def|1|[zeffect]\n|-boost|p2a: Sazuki|spa|1|[zeffect]\n|-boost|p2a: Sazuki|spd|1|[zeffect]\n|-boost|p2a: Sazuki|spe|1|[zeffect]\n|-activate|p2a: Sazuki|move: Celebrate\n|\n|upkeep\n|turn|5\n|\n|t:|1699698473\n|-terastallize|p1a: Toxapex|Dragon\n|move|p2a: Sazuki|Stored Power|p1a: Toxapex\n|-damage|p1a: Toxapex|35\/100\n|move|p1a: Toxapex|Haze|p1a: Toxapex\n|-clearallboost\n|\n|upkeep\n|turn|6\n|\n|t:|1699698482\n|move|p2a: Sazuki|Shadow Ball|p1a: Toxapex\n|-damage|p1a: Toxapex|17\/100\n|move|p1a: Toxapex|Recover|p1a: Toxapex\n|-heal|p1a: Toxapex|67\/100\n|\n|upkeep\n|turn|7\n|\n|t:|1699698493\n|switch|p2a: \u4eb2\u621a\u6551\u4e00\u4e0b|Mr. Rime, F|100\/100\n|move|p1a: Toxapex|Recover|p1a: Toxapex\n|-heal|p1a: Toxapex|100\/100\n|\n|upkeep\n|turn|8\n|\n|t:|1699698505\n|-terastallize|p2a: \u4eb2\u621a\u6551\u4e00\u4e0b|Ice\n|move|p2a: \u4eb2\u621a\u6551\u4e00\u4e0b|Freeze-Dry|p1a: Toxapex\n|-supereffective|p1a: Toxapex\n|-damage|p1a: Toxapex|41\/100\n|move|p1a: Toxapex|Scald|p2a: \u4eb2\u621a\u6551\u4e00\u4e0b\n|-damage|p2a: \u4eb2\u621a\u6551\u4e00\u4e0b|86\/100\n|\n|upkeep\n|turn|9\n|\n|t:|1699698511\n|switch|p1a: Clefable|Clefable, M|100\/100\n|move|p2a: \u4eb2\u621a\u6551\u4e00\u4e0b|Freeze-Dry|p1a: Clefable\n|-damage|p1a: Clefable|61\/100\n|-status|p1a: Clefable|frz\n|\n|-heal|p1a: Clefable|68\/100 frz|[from] item: Leftovers\n|upkeep\n|turn|10\n|\n|t:|1699698518\n|move|p2a: \u4eb2\u621a\u6551\u4e00\u4e0b|Freeze-Dry|p1a: Clefable\n|-damage|p1a: Clefable|32\/100 frz\n|cant|p1a: Clefable|frz\n|\n|-heal|p1a: Clefable|38\/100 frz|[from] item: Leftovers\n|upkeep\n|turn|11\n|\n|t:|1699698524\n|switch|p1a: Sableye|Sableye-Mega, F|61\/100\n|move|p2a: \u4eb2\u621a\u6551\u4e00\u4e0b|Freeze-Dry|p1a: Sableye\n|-damage|p1a: Sableye|25\/100\n|\n|upkeep\n|turn|12\n|\n|t:|1699698536\n|move|p1a: Sableye|Protect|p1a: Sableye\n|-singleturn|p1a: Sableye|Protect\n|move|p2a: \u4eb2\u621a\u6551\u4e00\u4e0b|Freeze-Dry|p1a: Sableye\n|-activate|p1a: Sableye|move: Protect\n|\n|upkeep\n|turn|13\n|\n|t:|1699698549\n|move|p2a: \u4eb2\u621a\u6551\u4e00\u4e0b|Freeze-Dry|p1a: Sableye\n|-damage|p1a: Sableye|0 fnt\n|faint|p1a: Sableye\n|\n|upkeep\n|-message|Chili D Dewd forfeited.\n|\n|win|Gocks\n|raw|Chili D Dewd's rating: 1398 &rarr; <strong>1380<\/strong><br \/>(-18 for losing)\n|raw|Gocks's rating: 1436 &rarr; <strong>1454<\/strong><br \/>(+18 for winning)\n|l|\u2606Chili D Dewd\n","uploadtime":1699698571,"views":13,"p1id":"chiliddewd","p2id":"gocks","formatid":"gen9nationaldex","rating":1380,"private":0,"password":""}