{"id":"gen9nationaldex-1997925506","p1":"ThatOneDude21","p2":"cjgiff","format":"[Gen 9] National Dex","log":"|html|<div class=\"broadcast-blue\"><strong>[Gen 9] National Dex is currently suspecting Sneasler! For information on how to participate check out the <a href=\"https:\/\/www.smogon.com\/forums\/threads\/sv-national-dex-suspect-8-just-dance.3731534\/\">suspect thread<\/a>.<\/strong><\/div>\n|j|\u2606ThatOneDude21\n|j|\u2606cjgiff\n|t:|1700868183\n|gametype|singles\n|player|p1|ThatOneDude21|unknown|1116\n|player|p2|cjgiff|266|1000\n|teamsize|p1|6\n|teamsize|p2|6\n|gen|9\n|tier|[Gen 9] National Dex\n|rated|\n|rule|HP Percentage Mod: HP is shown in percentages\n|rule|Endless Battle Clause: Forcing endless battles is banned\n|rule|OHKO Clause: OHKO moves are banned\n|rule|Evasion Clause: Evasion abilities, items, and moves are banned\n|rule|Evasion Abilities Clause: Evasion abilities are banned\n|rule|Evasion Items Clause: Evasion items are banned\n|rule|Evasion Moves Clause: Evasion moves are banned\n|rule|Species Clause: Limit one of each Pok\u00e9mon\n|rule|Sleep Clause Mod: Limit one foe put to sleep\n|clearpoke\n|poke|p1|Garbodor, F|\n|poke|p1|Banette, F|\n|poke|p1|Ting-Lu|\n|poke|p1|Nidoqueen, F|\n|poke|p1|Minior|\n|poke|p1|Purugly, M|\n|poke|p2|Great Tusk|\n|poke|p2|Dragonite, M|\n|poke|p2|Volcarona, M|\n|poke|p2|Gliscor, F|\n|poke|p2|Sableye, M|\n|poke|p2|Sneasler, F|\n|teampreview\n|inactive|Battle timer is ON: inactive players will automatically lose when time's up. (requested by ThatOneDude21)\n|\n|t:|1700868199\n|start\n|switch|p1a: Nidoqueen|Nidoqueen, F|100\/100\n|switch|p2a: Sableye|Sableye, M|100\/100\n|turn|1\n|\n|t:|1700868208\n|detailschange|p2a: Sableye|Sableye-Mega, M\n|-mega|p2a: Sableye|Sableye|Sablenite\n|move|p1a: Nidoqueen|Stealth Rock|p2a: Sableye\n|move|p2a: Sableye|Stealth Rock|p1a: Nidoqueen|[from]ability: Magic Bounce\n|-sidestart|p1: ThatOneDude21|move: Stealth Rock\n|move|p2a: Sableye|Foul Play|p1a: Nidoqueen\n|-damage|p1a: Nidoqueen|77\/100\n|-damage|p2a: Sableye|84\/100|[from] item: Rocky Helmet|[of] p1a: Nidoqueen\n|-status|p2a: Sableye|psn|[from] ability: Poison Point|[of] p1a: Nidoqueen\n|\n|-damage|p2a: Sableye|72\/100 psn|[from] psn\n|upkeep\n|turn|2\n|\n|t:|1700868223\n|move|p2a: Sableye|Encore|p1a: Nidoqueen\n|-start|p1a: Nidoqueen|Encore\n|move|p1a: Nidoqueen|Stealth Rock|p2a: Sableye\n|move|p2a: Sableye|Stealth Rock||[from]ability: Magic Bounce|[still]\n|-fail|p2a: Sableye\n|\n|-damage|p2a: Sableye|60\/100 psn|[from] psn\n|upkeep\n|turn|3\n|\n|t:|1700868236\n|switch|p1a: Ting-Lu|Ting-Lu|100\/100\n|-damage|p1a: Ting-Lu|94\/100|[from] Stealth Rock\n|-ability|p1a: Ting-Lu|Vessel of Ruin\n|move|p2a: Sableye|Will-O-Wisp|p1a: Ting-Lu\n|-status|p1a: Ting-Lu|brn\n|\n|-damage|p2a: Sableye|47\/100 psn|[from] psn\n|-damage|p1a: Ting-Lu|88\/100 brn|[from] brn\n|upkeep\n|turn|4\n|\n|t:|1700868253\n|move|p1a: Ting-Lu|Earthquake|p2a: Sableye\n|-damage|p2a: Sableye|25\/100 psn\n|move|p2a: Sableye|Recover|p2a: Sableye\n|-heal|p2a: Sableye|75\/100 psn\n|\n|-damage|p2a: Sableye|63\/100 psn|[from] psn\n|-damage|p1a: Ting-Lu|82\/100 brn|[from] brn\n|upkeep\n|turn|5\n|\n|t:|1700868264\n|move|p1a: Ting-Lu|Earthquake|p2a: Sableye\n|-damage|p2a: Sableye|38\/100 psn\n|move|p2a: Sableye|Encore|p1a: Ting-Lu\n|-start|p1a: Ting-Lu|Encore\n|\n|-damage|p2a: Sableye|26\/100 psn|[from] psn\n|-damage|p1a: Ting-Lu|76\/100 brn|[from] brn\n|upkeep\n|turn|6\n|\n|t:|1700868274\n|switch|p1a: Nidoqueen|Nidoqueen, F|77\/100\n|-damage|p1a: Nidoqueen|71\/100|[from] Stealth Rock\n|switch|p2a: Gliscor|Gliscor, F|100\/100\n|\n|-status|p2a: Gliscor|tox|[from] item: Toxic Orb\n|upkeep\n|turn|7\n|\n|t:|1700868284\n|switch|p2a: Sableye|Sableye-Mega, M|26\/100 psn\n|move|p1a: Nidoqueen|Stealth Rock|p2a: Sableye\n|move|p2a: Sableye|Stealth Rock||[from]ability: Magic Bounce|[still]\n|-fail|p2a: Sableye\n|\n|-damage|p2a: Sableye|14\/100 psn|[from] psn\n|upkeep\n|turn|8\n|\n|t:|1700868301\n|switch|p1a: Ting-Lu|Ting-Lu|76\/100 brn\n|-damage|p1a: Ting-Lu|70\/100 brn|[from] Stealth Rock\n|-ability|p1a: Ting-Lu|Vessel of Ruin\n|move|p2a: Sableye|Recover|p2a: Sableye\n|-heal|p2a: Sableye|64\/100 psn\n|\n|-damage|p2a: Sableye|52\/100 psn|[from] psn\n|-damage|p1a: Ting-Lu|64\/100 brn|[from] brn\n|upkeep\n|turn|9\n|\n|t:|1700868312\n|move|p1a: Ting-Lu|Earthquake|p2a: Sableye\n|-damage|p2a: Sableye|26\/100 psn\n|move|p2a: Sableye|Recover|p2a: Sableye\n|-heal|p2a: Sableye|76\/100 psn\n|\n|-damage|p2a: Sableye|64\/100 psn|[from] psn\n|-damage|p1a: Ting-Lu|58\/100 brn|[from] brn\n|upkeep\n|turn|10\n|\n|t:|1700868329\n|move|p1a: Ting-Lu|Earthquake|p2a: Sableye\n|-damage|p2a: Sableye|40\/100 psn\n|move|p2a: Sableye|Recover|p2a: Sableye\n|-heal|p2a: Sableye|90\/100 psn\n|\n|-damage|p2a: Sableye|78\/100 psn|[from] psn\n|-damage|p1a: Ting-Lu|52\/100 brn|[from] brn\n|upkeep\n|turn|11\n|\n|t:|1700868338\n|move|p1a: Ting-Lu|Earthquake|p2a: Sableye\n|-damage|p2a: Sableye|55\/100 psn\n|move|p2a: Sableye|Encore|p1a: Ting-Lu\n|-start|p1a: Ting-Lu|Encore\n|\n|-damage|p2a: Sableye|42\/100 psn|[from] psn\n|-damage|p1a: Ting-Lu|46\/100 brn|[from] brn\n|upkeep\n|turn|12\n|\n|t:|1700868347\n|move|p1a: Ting-Lu|Earthquake|p2a: Sableye\n|-damage|p2a: Sableye|18\/100 psn\n|move|p2a: Sableye|Recover|p2a: Sableye\n|-heal|p2a: Sableye|68\/100 psn\n|\n|-damage|p2a: Sableye|56\/100 psn|[from] psn\n|-damage|p1a: Ting-Lu|40\/100 brn|[from] brn\n|upkeep\n|turn|13\n|\n|t:|1700868357\n|switch|p1a: Nidoqueen|Nidoqueen, F|71\/100\n|-damage|p1a: Nidoqueen|65\/100|[from] Stealth Rock\n|move|p2a: Sableye|Recover|p2a: Sableye\n|-heal|p2a: Sableye|100\/100 psn\n|\n|-damage|p2a: Sableye|88\/100 psn|[from] psn\n|upkeep\n|turn|14\n|\n|t:|1700868366\n|move|p2a: Sableye|Will-O-Wisp|p1a: Nidoqueen\n|-status|p1a: Nidoqueen|brn\n|move|p1a: Nidoqueen|Dragon Tail|p2a: Sableye\n|-damage|p2a: Sableye|83\/100 psn\n|drag|p2a: Gliscor|Gliscor, F|100\/100 tox\n|\n|-damage|p1a: Nidoqueen|58\/100 brn|[from] brn\n|upkeep\n|turn|15\n|\n|t:|1700868378\n|switch|p2a: Sableye|Sableye-Mega, M|83\/100 psn\n|move|p1a: Nidoqueen|Stealth Rock|p2a: Sableye\n|move|p2a: Sableye|Stealth Rock||[from]ability: Magic Bounce|[still]\n|-fail|p2a: Sableye\n|\n|-damage|p2a: Sableye|70\/100 psn|[from] psn\n|-damage|p1a: Nidoqueen|52\/100 brn|[from] brn\n|upkeep\n|turn|16\n|\n|t:|1700868391\n|switch|p1a: Ting-Lu|Ting-Lu|40\/100 brn\n|-damage|p1a: Ting-Lu|34\/100 brn|[from] Stealth Rock\n|-ability|p1a: Ting-Lu|Vessel of Ruin\n|move|p2a: Sableye|Encore||[still]\n|-fail|p2a: Sableye\n|\n|-damage|p2a: Sableye|58\/100 psn|[from] psn\n|-damage|p1a: Ting-Lu|28\/100 brn|[from] brn\n|upkeep\n|turn|17\n|\n|t:|1700868407\n|move|p1a: Ting-Lu|Earthquake|p2a: Sableye\n|-damage|p2a: Sableye|34\/100 psn\n|move|p2a: Sableye|Foul Play|p1a: Ting-Lu\n|-resisted|p1a: Ting-Lu\n|-damage|p1a: Ting-Lu|15\/100 brn\n|\n|-damage|p2a: Sableye|22\/100 psn|[from] psn\n|-damage|p1a: Ting-Lu|9\/100 brn|[from] brn\n|upkeep\n|turn|18\n|\n|t:|1700868418\n|switch|p2a: Dragonite|Dragonite, M|100\/100\n|move|p1a: Ting-Lu|Earthquake|p2a: Dragonite\n|-immune|p2a: Dragonite\n|\n|-damage|p1a: Ting-Lu|3\/100 brn|[from] brn\n|upkeep\n|turn|19\n|\n|t:|1700868426\n|move|p2a: Dragonite|Extreme Speed|p1a: Ting-Lu\n|-crit|p1a: Ting-Lu\n|-damage|p1a: Ting-Lu|0 fnt\n|faint|p1a: Ting-Lu\n|\n|upkeep\n|\n|t:|1700868430\n|switch|p1a: Nidoqueen|Nidoqueen, F|52\/100 brn\n|-damage|p1a: Nidoqueen|46\/100 brn|[from] Stealth Rock\n|turn|20\n|\n|t:|1700868436\n|switch|p2a: Sableye|Sableye-Mega, M|22\/100 psn\n|move|p1a: Nidoqueen|Dragon Tail|p2a: Sableye\n|-damage|p2a: Sableye|16\/100 psn\n|drag|p2a: Gliscor|Gliscor, F|100\/100 tox\n|\n|-damage|p1a: Nidoqueen|40\/100 brn|[from] brn\n|upkeep\n|turn|21\n|\n|t:|1700868446\n|switch|p2a: Sableye|Sableye-Mega, M|16\/100 psn\n|move|p1a: Nidoqueen|Stealth Rock|p2a: Sableye\n|move|p2a: Sableye|Stealth Rock||[from]ability: Magic Bounce|[still]\n|-fail|p2a: Sableye\n|\n|-damage|p2a: Sableye|4\/100 psn|[from] psn\n|-damage|p1a: Nidoqueen|33\/100 brn|[from] brn\n|upkeep\n|turn|22\n|\n|t:|1700868458\n|move|p1a: Nidoqueen|Earthquake|p2a: Sableye\n|-damage|p2a: Sableye|0 fnt\n|faint|p2a: Sableye\n|\n|-damage|p1a: Nidoqueen|27\/100 brn|[from] brn\n|upkeep\n|\n|t:|1700868483\n|switch|p2a: Volcarona|Volcarona, M|100\/100\n|turn|23\n|inactive|cjgiff has 120 seconds left.\n|\n|t:|1700868503\n|move|p2a: Volcarona|Fiery Dance|p1a: Nidoqueen\n|-damage|p1a: Nidoqueen|0 fnt\n|faint|p1a: Nidoqueen\n|\n|upkeep\n|\n|t:|1700868518\n|switch|p1a: Minior|Minior|100\/100\n|-damage|p1a: Minior|76\/100|[from] Stealth Rock\n|-formechange|p1a: Minior|Minior-Meteor||[from] ability: Shields Down\n|turn|24\n|inactive|cjgiff has 120 seconds left.\n|\n|t:|1700868542\n|move|p2a: Volcarona|Giga Drain|p1a: Minior\n|-damage|p1a: Minior|40\/100\n|move|p1a: Minior|Shell Smash|p1a: Minior\n|-unboost|p1a: Minior|def|1\n|-unboost|p1a: Minior|spd|1\n|-boost|p1a: Minior|atk|2\n|-boost|p1a: Minior|spa|2\n|-boost|p1a: Minior|spe|2\n|-enditem|p1a: Minior|White Herb\n|-clearnegativeboost|p1a: Minior|[silent]\n|\n|-formechange|p1a: Minior|Minior||[from] ability: Shields Down\n|upkeep\n|turn|25\n|inactive|cjgiff has 120 seconds left.\n|\n|t:|1700868558\n|-terastallize|p2a: Volcarona|Ground\n|move|p1a: Minior|Acrobatics|p2a: Volcarona\n|-damage|p2a: Volcarona|0 fnt\n|faint|p2a: Volcarona\n|\n|upkeep\n|\n|t:|1700868566\n|switch|p2a: Great Tusk|Great Tusk|100\/100\n|turn|26\n|\n|t:|1700868570\n|move|p1a: Minior|Acrobatics|p2a: Great Tusk\n|-supereffective|p2a: Great Tusk\n|-damage|p2a: Great Tusk|0 fnt\n|faint|p2a: Great Tusk\n|-end|p2a: Great Tusk|Protosynthesis|[silent]\n|\n|upkeep\n|inactive|cjgiff has 120 seconds left.\n|\n|t:|1700868586\n|switch|p2a: Gliscor|Gliscor, F|100\/100 tox\n|turn|27\n|\n|t:|1700868591\n|-terastallize|p1a: Minior|Rock\n|move|p1a: Minior|Stone Edge|p2a: Gliscor\n|-damage|p2a: Gliscor|26\/100 tox\n|move|p2a: Gliscor|Spikes|p1a: Minior\n|-sidestart|p1: ThatOneDude21|Spikes\n|\n|-heal|p2a: Gliscor|38\/100 tox|[from] ability: Poison Heal\n|upkeep\n|turn|28\n|inactive|cjgiff has 120 seconds left.\n|\n|t:|1700868605\n|move|p1a: Minior|Acrobatics|p2a: Gliscor\n|-damage|p2a: Gliscor|0 fnt\n|faint|p2a: Gliscor\n|\n|upkeep\n|\n|t:|1700868615\n|switch|p2a: Dragonite|Dragonite, M|100\/100\n|turn|29\n|\n|t:|1700868619\n|move|p1a: Minior|Stone Edge|p2a: Dragonite\n|-supereffective|p2a: Dragonite\n|-damage|p2a: Dragonite|0 fnt\n|faint|p2a: Dragonite\n|\n|upkeep\n|inactive|cjgiff has 120 seconds left.\n|\n|t:|1700868627\n|switch|p2a: Sneasler|Sneasler, F|100\/100\n|turn|30\n|\n|t:|1700868632\n|move|p1a: Minior|Earthquake|p2a: Sneasler\n|-supereffective|p2a: Sneasler\n|-damage|p2a: Sneasler|0 fnt\n|faint|p2a: Sneasler\n|\n|win|ThatOneDude21\n|raw|ThatOneDude21's rating: 1116 &rarr; <strong>1133<\/strong><br \/>(+17 for winning)\n|raw|cjgiff's rating: 1000 &rarr; <strong>1000<\/strong><br \/>(+0 for losing)\n|l|\u2606cjgiff\n|c|\u2606ThatOneDude21|Gg\n","uploadtime":1700868642,"views":2,"p1id":"thatonedude21","p2id":"cjgiff","formatid":"gen9nationaldex","rating":1000,"private":0,"password":""}