{"id":"gen9nationaldex-1992534872","p1":"FabioXferiz","p2":"jmm","format":"[Gen 9] National Dex","log":"|j|\u2606FabioXferiz\n|j|\u2606jmm\n|t:|1700201224\n|gametype|singles\n|player|p1|FabioXferiz|101|1049\n|player|p2|jmm|169|1000\n|teamsize|p1|6\n|teamsize|p2|6\n|gen|9\n|tier|[Gen 9] National Dex\n|rated|\n|rule|HP Percentage Mod: HP is shown in percentages\n|rule|Endless Battle Clause: Forcing endless battles is banned\n|rule|OHKO Clause: OHKO moves are banned\n|rule|Evasion Clause: Evasion abilities, items, and moves are banned\n|rule|Evasion Abilities Clause: Evasion abilities are banned\n|rule|Evasion Items Clause: Evasion items are banned\n|rule|Evasion Moves Clause: Evasion moves are banned\n|rule|Species Clause: Limit one of each Pok\u00e9mon\n|rule|Sleep Clause Mod: Limit one foe put to sleep\n|clearpoke\n|poke|p1|Greninja-*, M|\n|poke|p1|Ferrothorn, M|\n|poke|p1|Weavile, F|\n|poke|p1|Garchomp, F|\n|poke|p1|Talonflame, F|\n|poke|p1|Iron Valiant|\n|poke|p2|Eevee, M|\n|poke|p2|Cinccino, F|\n|poke|p2|Azumarill, M|\n|poke|p2|Lilligant, F|\n|poke|p2|Emolga, F|\n|poke|p2|Delphox, F|\n|teampreview\n|\n|t:|1700201244\n|start\n|switch|p1a: Ferrothorn|Ferrothorn, M|100\/100\n|switch|p2a: Lilligant|Lilligant, F|100\/100\n|turn|1\n|\n|t:|1700201260\n|switch|p2a: Delphox|Delphox, F|100\/100\n|move|p1a: Ferrothorn|Iron Head|p2a: Delphox\n|-resisted|p2a: Delphox\n|-damage|p2a: Delphox|74\/100\n|\n|upkeep\n|turn|2\n|\n|t:|1700201286\n|switch|p1a: Greninja|Greninja, M|100\/100\n|move|p2a: Delphox|Grass Knot|p1a: Greninja\n|-supereffective|p1a: Greninja\n|-damage|p1a: Greninja|8\/100\n|\n|upkeep\n|turn|3\n|\n|t:|1700201295\n|switch|p2a: Azumarill|Azumarill, M|100\/100\n|move|p1a: Greninja|Water Shuriken|p2a: Azumarill\n|-resisted|p2a: Azumarill\n|-damage|p2a: Azumarill|98\/100\n|-resisted|p2a: Azumarill\n|-damage|p2a: Azumarill|95\/100\n|-resisted|p2a: Azumarill\n|-damage|p2a: Azumarill|92\/100\n|-hitcount|p2a: Azumarill|3\n|\n|upkeep\n|turn|4\n|\n|t:|1700201313\n|switch|p1a: Ferrothorn|Ferrothorn, M|100\/100\n|switch|p2a: Delphox|Delphox, F|74\/100\n|\n|upkeep\n|turn|5\n|\n|t:|1700201319\n|switch|p1a: Greninja|Greninja, M|8\/100\n|move|p2a: Delphox|Flamethrower|p1a: Greninja\n|-resisted|p1a: Greninja\n|-damage|p1a: Greninja|0 fnt\n|faint|p1a: Greninja\n|\n|upkeep\n|\n|t:|1700201327\n|switch|p1a: Garchomp|Garchomp, F|100\/100\n|turn|6\n|\n|t:|1700201338\n|switch|p2a: Emolga|Emolga, F|100\/100\n|detailschange|p1a: Garchomp|Garchomp-Mega, F\n|-mega|p1a: Garchomp|Garchomp|Garchompite\n|move|p1a: Garchomp|Stone Edge|p2a: Emolga\n|-supereffective|p2a: Emolga\n|-damage|p2a: Emolga|0 fnt\n|faint|p2a: Emolga\n|\n|upkeep\n|\n|t:|1700201350\n|switch|p2a: Lilligant|Lilligant, F|100\/100\n|turn|7\n|\n|t:|1700201359\n|switch|p1a: Talonflame|Talonflame, F|100\/100\n|move|p2a: Lilligant|Sleep Powder|p1a: Talonflame\n|-status|p1a: Talonflame|slp|[from] move: Sleep Powder\n|\n|upkeep\n|turn|8\n|\n|t:|1700201372\n|switch|p2a: Eevee|Eevee, M|100\/100\n|-terastallize|p1a: Talonflame|Fire\n|cant|p1a: Talonflame|slp\n|\n|upkeep\n|turn|9\n|inactive|Battle timer is ON: inactive players will automatically lose when time's up. (requested by FabioXferiz)\n|\n|t:|1700201383\n|-curestatus|p1a: Talonflame|slp|[msg]\n|move|p1a: Talonflame|Fire Blast|p2a: Eevee|[miss]\n|-miss|p1a: Talonflame|p2a: Eevee\n|-zpower|p2a: Eevee\n|move|p2a: Eevee|Extreme Evoboost|p2a: Eevee\n|-boost|p2a: Eevee|atk|2\n|-boost|p2a: Eevee|def|2\n|-boost|p2a: Eevee|spa|2\n|-boost|p2a: Eevee|spd|2\n|-boost|p2a: Eevee|spe|2\n|\n|upkeep\n|turn|10\n|\n|t:|1700201401\n|switch|p1a: Iron Valiant|Iron Valiant|100\/100\n|move|p2a: Eevee|Return|p1a: Iron Valiant\n|-damage|p1a: Iron Valiant|0 fnt\n|faint|p1a: Iron Valiant\n|-end|p1a: Iron Valiant|Quark Drive|[silent]\n|\n|upkeep\n|\n|t:|1700201411\n|switch|p1a: Weavile|Weavile, F|100\/100\n|-ability|p1a: Weavile|Pressure\n|turn|11\n|\n|t:|1700201415\n|move|p2a: Eevee|Return|p1a: Weavile\n|-damage|p1a: Weavile|0 fnt\n|faint|p1a: Weavile\n|\n|upkeep\n|\n|t:|1700201420\n|switch|p1a: Ferrothorn|Ferrothorn, M|100\/100\n|turn|12\n|\n|t:|1700201432\n|move|p2a: Eevee|Quick Attack|p1a: Ferrothorn\n|-resisted|p1a: Ferrothorn\n|-damage|p1a: Ferrothorn|84\/100\n|-damage|p2a: Eevee|88\/100|[from] ability: Iron Barbs|[of] p1a: Ferrothorn\n|move|p1a: Ferrothorn|Power Whip|p2a: Eevee\n|-damage|p2a: Eevee|30\/100\n|\n|-heal|p1a: Ferrothorn|90\/100|[from] item: Leftovers\n|upkeep\n|turn|13\n|\n|t:|1700201445\n|move|p2a: Eevee|Return|p1a: Ferrothorn\n|-resisted|p1a: Ferrothorn\n|-damage|p1a: Ferrothorn|49\/100\n|-damage|p2a: Eevee|18\/100|[from] ability: Iron Barbs|[of] p1a: Ferrothorn\n|move|p1a: Ferrothorn|Power Whip|p2a: Eevee\n|-damage|p2a: Eevee|0 fnt\n|faint|p2a: Eevee\n|\n|-heal|p1a: Ferrothorn|55\/100|[from] item: Leftovers\n|upkeep\n|\n|t:|1700201457\n|switch|p2a: Delphox|Delphox, F|74\/100\n|turn|14\n|\n|t:|1700201467\n|-terastallize|p2a: Delphox|Fire\n|move|p2a: Delphox|Overheat|p1a: Ferrothorn|[miss]\n|-miss|p2a: Delphox|p1a: Ferrothorn\n|move|p1a: Ferrothorn|Rollout|p2a: Delphox\n|-supereffective|p2a: Delphox\n|-damage|p2a: Delphox|47\/100\n|\n|-heal|p1a: Ferrothorn|61\/100|[from] item: Leftovers\n|upkeep\n|turn|15\n|\n|t:|1700201474\n|move|p2a: Delphox|Overheat|p1a: Ferrothorn\n|-supereffective|p1a: Ferrothorn\n|-damage|p1a: Ferrothorn|0 fnt\n|-unboost|p2a: Delphox|spa|2\n|faint|p1a: Ferrothorn\n|\n|upkeep\n|\n|t:|1700201484\n|switch|p1a: Garchomp|Garchomp-Mega, F|100\/100\n|turn|16\n|\n|t:|1700201491\n|move|p2a: Delphox|Overheat|p1a: Garchomp\n|-resisted|p1a: Garchomp\n|-damage|p1a: Garchomp|74\/100\n|-unboost|p2a: Delphox|spa|2\n|move|p1a: Garchomp|Stone Edge|p2a: Delphox|[miss]\n|-miss|p1a: Garchomp|p2a: Delphox\n|\n|upkeep\n|turn|17\n|\n|t:|1700201505\n|switch|p2a: Lilligant|Lilligant, F|100\/100\n|move|p1a: Garchomp|Earthquake|p2a: Lilligant\n|-resisted|p2a: Lilligant\n|-damage|p2a: Lilligant|56\/100\n|\n|upkeep\n|turn|18\n|\n|t:|1700201518\n|switch|p1a: Talonflame|Talonflame, F, tera:Fire|100\/100\n|move|p2a: Lilligant|Sleep Powder|p1a: Talonflame\n|-status|p1a: Talonflame|slp|[from] move: Sleep Powder\n|\n|upkeep\n|turn|19\n|\n|t:|1700201524\n|switch|p2a: Azumarill|Azumarill, M|92\/100\n|cant|p1a: Talonflame|slp\n|\n|upkeep\n|turn|20\n|\n|t:|1700201532\n|cant|p1a: Talonflame|slp\n|move|p2a: Azumarill|Belly Drum|p2a: Azumarill\n|-damage|p2a: Azumarill|42\/100\n|-setboost|p2a: Azumarill|atk|6|[from] move: Belly Drum\n|-enditem|p2a: Azumarill|Sitrus Berry|[eat]\n|-heal|p2a: Azumarill|67\/100|[from] item: Sitrus Berry\n|\n|upkeep\n|turn|21\n|\n|t:|1700201540\n|-curestatus|p1a: Talonflame|slp|[msg]\n|move|p1a: Talonflame|Brave Bird|p2a: Azumarill\n|-damage|p2a: Azumarill|23\/100\n|-damage|p1a: Talonflame|81\/100|[from] Recoil\n|move|p2a: Azumarill|Aqua Jet|p1a: Talonflame\n|-supereffective|p1a: Talonflame\n|-damage|p1a: Talonflame|0 fnt\n|faint|p1a: Talonflame\n|\n|upkeep\n|\n|t:|1700201544\n|switch|p1a: Garchomp|Garchomp-Mega, F|74\/100\n|turn|22\n|\n|t:|1700201552\n|move|p2a: Azumarill|Aqua Jet|p1a: Garchomp\n|-damage|p1a: Garchomp|5\/100\n|move|p1a: Garchomp|Poison Jab|p2a: Azumarill\n|-supereffective|p2a: Azumarill\n|-damage|p2a: Azumarill|0 fnt\n|faint|p2a: Azumarill\n|\n|upkeep\n|\n|t:|1700201559\n|switch|p2a: Delphox|Delphox, F, tera:Fire|47\/100\n|turn|23\n|\n|t:|1700201562\n|move|p2a: Delphox|Flamethrower|p1a: Garchomp\n|-resisted|p1a: Garchomp\n|-damage|p1a: Garchomp|0 fnt\n|faint|p1a: Garchomp\n|\n|win|jmm\n|raw|FabioXferiz's rating: 1049 &rarr; <strong>1029<\/strong><br \/>(-20 for losing)\n|raw|jmm's rating: 1000 &rarr; <strong>1046<\/strong><br \/>(+46 for winning)\n|l|\u2606FabioXferiz\n","uploadtime":1700201571,"views":10,"p1id":"fabioxferiz","p2id":"jmm","formatid":"gen9nationaldex","rating":1029,"private":0,"password":""}