{"id":"gen9nationaldex-1996867864","p1":"gongjuren","p2":"Harri G","format":"[Gen 9] National Dex","log":"|html|<div class=\"broadcast-blue\"><strong>[Gen 9] National Dex is currently suspecting Sneasler! For information on how to participate check out the <a href=\"https:\/\/www.smogon.com\/forums\/threads\/sv-national-dex-suspect-8-just-dance.3731534\/\">suspect thread<\/a>.<\/strong><\/div>\n|j|\u2606gongjuren\n|j|\u2606Harri G\n|t:|1700737792\n|gametype|singles\n|player|p1|gongjuren|102|1342\n|player|p2|Harri G|hilbert-wonderlauncher|1358\n|teamsize|p1|6\n|teamsize|p2|6\n|gen|9\n|tier|[Gen 9] National Dex\n|rated|\n|rule|HP Percentage Mod: HP is shown in percentages\n|rule|Endless Battle Clause: Forcing endless battles is banned\n|rule|OHKO Clause: OHKO moves are banned\n|rule|Evasion Clause: Evasion abilities, items, and moves are banned\n|rule|Evasion Abilities Clause: Evasion abilities are banned\n|rule|Evasion Items Clause: Evasion items are banned\n|rule|Evasion Moves Clause: Evasion moves are banned\n|rule|Species Clause: Limit one of each Pok\u00e9mon\n|rule|Sleep Clause Mod: Limit one foe put to sleep\n|clearpoke\n|poke|p1|Beedrill, M|\n|poke|p1|Shuckle, M|\n|poke|p1|Urshifu-*, M|\n|poke|p1|Blacephalon|\n|poke|p1|Bisharp, M|\n|poke|p1|Tapu Lele|\n|poke|p2|Swampert, M|\n|poke|p2|Pelipper, M|\n|poke|p2|Rillaboom, M|\n|poke|p2|Zapdos|\n|poke|p2|Ting-Lu|\n|poke|p2|Sneasler, F|\n|teampreview\n|inactive|Battle timer is ON: inactive players will automatically lose when time's up. (requested by gongjuren)\n|inactive|Harri G also wants the timer to be on.\n|\n|t:|1700737808\n|start\n|switch|p1a: \u5f3a\u6b32\u4e4b\u58f6|Shuckle, M|100\/100\n|switch|p2a: Swampert|Swampert, M|100\/100\n|turn|1\n|\n|t:|1700737813\n|detailschange|p2a: Swampert|Swampert-Mega, M\n|-mega|p2a: Swampert|Swampert|Swampertite\n|move|p2a: Swampert|Flip Turn|p1a: \u5f3a\u6b32\u4e4b\u58f6\n|-supereffective|p1a: \u5f3a\u6b32\u4e4b\u58f6\n|-damage|p1a: \u5f3a\u6b32\u4e4b\u58f6|59\/100\n|-enditem|p1a: \u5f3a\u6b32\u4e4b\u58f6|Red Card|[of] p2a: Swampert\n|drag|p2a: Pelipper|Pelipper, M|100\/100\n|-weather|RainDance|[from] ability: Drizzle|[of] p2a: Pelipper\n|move|p1a: \u5f3a\u6b32\u4e4b\u58f6|Sticky Web|p2a: Pelipper\n|-sidestart|p2: Harri G|move: Sticky Web\n|\n|-weather|RainDance|[upkeep]\n|upkeep\n|turn|2\n|\n|t:|1700737824\n|move|p2a: Pelipper|Scald|p1a: \u5f3a\u6b32\u4e4b\u58f6\n|-supereffective|p1a: \u5f3a\u6b32\u4e4b\u58f6\n|-damage|p1a: \u5f3a\u6b32\u4e4b\u58f6|0 fnt\n|faint|p1a: \u5f3a\u6b32\u4e4b\u58f6\n|\n|-weather|RainDance|[upkeep]\n|upkeep\n|\n|t:|1700737848\n|switch|p1a: OU\u866b\u738b|Beedrill, M|100\/100\n|turn|3\n|\n|t:|1700737862\n|detailschange|p1a: OU\u866b\u738b|Beedrill-Mega, M\n|-mega|p1a: OU\u866b\u738b|Beedrill|Beedrillite\n|move|p1a: OU\u866b\u738b|Poison Jab|p2a: Pelipper\n|-damage|p2a: Pelipper|36\/100\n|move|p2a: Pelipper|Hurricane|p1a: OU\u866b\u738b\n|-supereffective|p1a: OU\u866b\u738b\n|-damage|p1a: OU\u866b\u738b|0 fnt\n|faint|p1a: OU\u866b\u738b\n|\n|-weather|RainDance|[upkeep]\n|upkeep\n|\n|t:|1700737873\n|switch|p1a: \u5c0f\u9171|Bisharp, M|100\/100\n|turn|4\n|\n|t:|1700737876\n|move|p1a: \u5c0f\u9171|Swords Dance|p1a: \u5c0f\u9171\n|-boost|p1a: \u5c0f\u9171|atk|2\n|move|p2a: Pelipper|Roost|p2a: Pelipper\n|-heal|p2a: Pelipper|86\/100\n|-singleturn|p2a: Pelipper|move: Roost\n|\n|-weather|RainDance|[upkeep]\n|upkeep\n|turn|5\n|\n|t:|1700737880\n|move|p1a: \u5c0f\u9171|Swords Dance|p1a: \u5c0f\u9171\n|-boost|p1a: \u5c0f\u9171|atk|2\n|move|p2a: Pelipper|Defog|p1a: \u5c0f\u9171\n|-unboost|p1a: \u5c0f\u9171|evasion|1\n|-ability|p1a: \u5c0f\u9171|Defiant|boost\n|-boost|p1a: \u5c0f\u9171|atk|2\n|-sideend|p2: Harri G|Sticky Web|[from] move: Defog|[of] p2a: Pelipper\n|\n|-weather|RainDance|[upkeep]\n|upkeep\n|turn|6\n|\n|t:|1700737892\n|move|p1a: \u5c0f\u9171|Knock Off|p2a: Pelipper\n|-crit|p2a: Pelipper\n|-damage|p2a: Pelipper|0 fnt\n|-enditem|p2a: Pelipper|Damp Rock|[from] move: Knock Off|[of] p1a: \u5c0f\u9171\n|faint|p2a: Pelipper\n|\n|-weather|RainDance|[upkeep]\n|upkeep\n|inactive|Harri G has 120 seconds left.\n|\n|t:|1700737926\n|switch|p2a: Rillaboom|Rillaboom, M|100\/100\n|-fieldstart|move: Grassy Terrain|[from] ability: Grassy Surge|[of] p2a: Rillaboom\n|turn|7\n|\n|t:|1700737937\n|-terastallize|p2a: Rillaboom|Dark\n|move|p1a: \u5c0f\u9171|Sucker Punch|p2a: Rillaboom\n|-resisted|p2a: Rillaboom\n|-damage|p2a: Rillaboom|30\/100\n|move|p2a: Rillaboom|Knock Off|p1a: \u5c0f\u9171\n|-resisted|p1a: \u5c0f\u9171\n|-damage|p1a: \u5c0f\u9171|81\/100\n|-enditem|p1a: \u5c0f\u9171|Eviolite|[from] move: Knock Off|[of] p2a: Rillaboom\n|\n|-weather|RainDance|[upkeep]\n|-heal|p2a: Rillaboom|36\/100|[from] Grassy Terrain\n|-heal|p1a: \u5c0f\u9171|87\/100|[from] Grassy Terrain\n|upkeep\n|turn|8\n|\n|t:|1700737948\n|move|p2a: Rillaboom|Grassy Glide|p1a: \u5c0f\u9171\n|-resisted|p1a: \u5c0f\u9171\n|-damage|p1a: \u5c0f\u9171|68\/100\n|move|p1a: \u5c0f\u9171|Sucker Punch||[still]\n|-fail|p1a: \u5c0f\u9171\n|\n|-weather|none\n|-heal|p2a: Rillaboom|42\/100|[from] Grassy Terrain\n|-heal|p1a: \u5c0f\u9171|74\/100|[from] Grassy Terrain\n|upkeep\n|turn|9\n|\n|t:|1700737955\n|move|p2a: Rillaboom|Grassy Glide|p1a: \u5c0f\u9171\n|-resisted|p1a: \u5c0f\u9171\n|-crit|p1a: \u5c0f\u9171\n|-damage|p1a: \u5c0f\u9171|44\/100\n|move|p1a: \u5c0f\u9171|Knock Off|p2a: Rillaboom\n|-resisted|p2a: Rillaboom\n|-damage|p2a: Rillaboom|0 fnt\n|-enditem|p2a: Rillaboom|Assault Vest|[from] move: Knock Off|[of] p1a: \u5c0f\u9171\n|faint|p2a: Rillaboom\n|\n|-heal|p1a: \u5c0f\u9171|50\/100|[from] Grassy Terrain\n|upkeep\n|\n|t:|1700737961\n|switch|p2a: Ting-Lu|Ting-Lu|100\/100\n|-ability|p2a: Ting-Lu|Vessel of Ruin\n|turn|10\n|\n|t:|1700737964\n|move|p1a: \u5c0f\u9171|Knock Off|p2a: Ting-Lu\n|-resisted|p2a: Ting-Lu\n|-damage|p2a: Ting-Lu|50\/100\n|-enditem|p2a: Ting-Lu|Leftovers|[from] move: Knock Off|[of] p1a: \u5c0f\u9171\n|move|p2a: Ting-Lu|Whirlwind|p1a: \u5c0f\u9171\n|drag|p1a: \u718a\u4e8c|Urshifu-Rapid-Strike, M|100\/100\n|\n|-heal|p2a: Ting-Lu|57\/100|[from] Grassy Terrain\n|upkeep\n|turn|11\n|\n|t:|1700737981\n|switch|p2a: Sneasler|Sneasler, F|100\/100\n|-enditem|p2a: Sneasler|Grassy Seed\n|-boost|p2a: Sneasler|def|1|[from] item: Grassy Seed\n|move|p1a: \u718a\u4e8c|Surging Strikes|p2a: Sneasler\n|-crit|p2a: Sneasler\n|-damage|p2a: Sneasler|48\/100\n|-crit|p2a: Sneasler\n|-damage|p2a: Sneasler|0 fnt\n|faint|p2a: Sneasler\n|-hitcount|p2: Sneasler|2\n|\n|-fieldend|move: Grassy Terrain\n|upkeep\n|\n|t:|1700737989\n|switch|p2a: Zapdos|Zapdos|100\/100\n|turn|12\n|\n|t:|1700737994\n|switch|p1a: \u5c0f\u9171|Bisharp, M|50\/100\n|move|p2a: Zapdos|Thunder|p1a: \u5c0f\u9171\n|-damage|p1a: \u5c0f\u9171|0 fnt\n|faint|p1a: \u5c0f\u9171\n|\n|upkeep\n|\n|t:|1700738002\n|switch|p1a: JOKER|Blacephalon|100\/100\n|turn|13\n|\n|t:|1700738005\n|move|p1a: JOKER|Shadow Ball|p2a: Zapdos\n|-damage|p2a: Zapdos|43\/100\n|-zpower|p2a: Zapdos\n|move|p2a: Zapdos|Z-Rain Dance|p2a: Zapdos|[anim]Rain Dance\n|-boost|p2a: Zapdos|spe|1|[zeffect]\n|-weather|RainDance\n|\n|-weather|RainDance|[upkeep]\n|upkeep\n|turn|14\n|\n|t:|1700738009\n|move|p1a: JOKER|Shadow Ball|p2a: Zapdos\n|-damage|p2a: Zapdos|0 fnt\n|faint|p2a: Zapdos\n|-ability|p1a: JOKER|Beast Boost|boost\n|-boost|p1a: JOKER|spa|1\n|\n|-weather|RainDance|[upkeep]\n|upkeep\n|\n|t:|1700738012\n|switch|p2a: Swampert|Swampert-Mega, M|100\/100\n|turn|15\n|\n|t:|1700738023\n|move|p1a: JOKER|Shadow Ball|p2a: Swampert\n|-damage|p2a: Swampert|34\/100\n|move|p2a: Swampert|Waterfall|p1a: JOKER\n|-supereffective|p1a: JOKER\n|-damage|p1a: JOKER|0 fnt\n|faint|p1a: JOKER\n|\n|-weather|RainDance|[upkeep]\n|upkeep\n|\n|t:|1700738027\n|switch|p1a: \u718a\u4e8c|Urshifu-Rapid-Strike, M|100\/100\n|turn|16\n|\n|t:|1700738030\n|move|p2a: Swampert|Earthquake|p1a: \u718a\u4e8c\n|-damage|p1a: \u718a\u4e8c|33\/100\n|move|p1a: \u718a\u4e8c|Surging Strikes|p2a: Swampert\n|-crit|p2a: Swampert\n|-damage|p2a: Swampert|0 fnt\n|faint|p2a: Swampert\n|-hitcount|p2: Swampert|1\n|\n|-weather|RainDance|[upkeep]\n|upkeep\n|\n|t:|1700738033\n|switch|p2a: Ting-Lu|Ting-Lu|57\/100\n|-ability|p2a: Ting-Lu|Vessel of Ruin\n|turn|17\n|\n|t:|1700738037\n|-terastallize|p1a: \u718a\u4e8c|Water\n|move|p1a: \u718a\u4e8c|Surging Strikes|p2a: Ting-Lu\n|-supereffective|p2a: Ting-Lu\n|-crit|p2a: Ting-Lu\n|-damage|p2a: Ting-Lu|2\/100\n|-supereffective|p2a: Ting-Lu\n|-crit|p2a: Ting-Lu\n|-damage|p2a: Ting-Lu|0 fnt\n|faint|p2a: Ting-Lu\n|-hitcount|p2: Ting-Lu|2\n|\n|win|gongjuren\n|raw|gongjuren's rating: 1342 &rarr; <strong>1363<\/strong><br \/>(+21 for winning)\n|raw|Harri G's rating: 1358 &rarr; <strong>1337<\/strong><br \/>(-21 for losing)\n|l|\u2606Harri G\n|c|\u2606gongjuren|GG\n","uploadtime":1700738056,"views":1,"p1id":"gongjuren","p2id":"harrig","formatid":"gen9nationaldex","rating":1337,"private":0,"password":""}