{"id":"gen9nationaldex-1989544077","p1":"funkykongo","p2":"ZarudeClash409","format":"[Gen 9] National Dex","log":"|j|\u2606funkykongo\n|j|\u2606ZarudeClash409\n|t:|1699868767\n|gametype|singles\n|player|p1|funkykongo|2|1072\n|player|p2|ZarudeClash409|1|1051\n|teamsize|p1|6\n|teamsize|p2|6\n|gen|9\n|tier|[Gen 9] National Dex\n|rated|\n|rule|HP Percentage Mod: HP is shown in percentages\n|rule|Endless Battle Clause: Forcing endless battles is banned\n|rule|OHKO Clause: OHKO moves are banned\n|rule|Evasion Clause: Evasion abilities, items, and moves are banned\n|rule|Evasion Abilities Clause: Evasion abilities are banned\n|rule|Evasion Items Clause: Evasion items are banned\n|rule|Evasion Moves Clause: Evasion moves are banned\n|rule|Species Clause: Limit one of each Pok\u00e9mon\n|rule|Sleep Clause Mod: Limit one foe put to sleep\n|clearpoke\n|poke|p1|Regidrago|\n|poke|p1|Hatterene, F|\n|poke|p1|Slowbro, M|\n|poke|p1|Smeargle, F|\n|poke|p1|Beheeyem, M|\n|poke|p1|Gardevoir, F|\n|poke|p2|Blaziken, M|\n|poke|p2|Greninja-*, M|\n|poke|p2|Staraptor, M|\n|poke|p2|Metagross|\n|poke|p2|Sceptile, M|\n|poke|p2|Garchomp, F|\n|teampreview\n|inactive|Battle timer is ON: inactive players will automatically lose when time's up. (requested by funkykongo)\n|\n|t:|1699868769\n|start\n|switch|p1a: Beheeyem|Beheeyem, M|100\/100\n|switch|p2a: Staraptor|Staraptor, M|100\/100\n|turn|1\n|\n|t:|1699868774\n|move|p2a: Staraptor|U-turn|p1a: Beheeyem\n|-supereffective|p1a: Beheeyem\n|-damage|p1a: Beheeyem|51\/100\n|\n|t:|1699868782\n|switch|p2a: Greninja|Greninja, M|100\/100|[from] U-turn\n|move|p1a: Beheeyem|Trick Room|p1a: Beheeyem\n|-fieldstart|move: Trick Room|[of] p1a: Beheeyem\n|\n|upkeep\n|turn|2\n|\n|t:|1699868796\n|-terastallize|p2a: Greninja|Ice\n|move|p1a: Beheeyem|Destiny Bond|p1a: Beheeyem\n|-singlemove|p1a: Beheeyem|Destiny Bond\n|move|p2a: Greninja|Dark Pulse|p1a: Beheeyem\n|-supereffective|p1a: Beheeyem\n|-damage|p1a: Beheeyem|0 fnt\n|faint|p1a: Beheeyem\n|-activate|p1a: Beheeyem|move: Destiny Bond\n|faint|p2a: Greninja\n|\n|upkeep\n|\n|t:|1699868812\n|switch|p1a: Smeargle|Smeargle, F, shiny|100\/100\n|switch|p2a: Blaziken|Blaziken, M|100\/100\n|turn|3\n|\n|t:|1699868831\n|move|p1a: Smeargle|Psychic Terrain|p1a: Smeargle\n|-fieldstart|move: Psychic Terrain\n|move|p2a: Blaziken|Focus Energy|p2a: Blaziken\n|-start|p2a: Blaziken|move: Focus Energy\n|\n|-ability|p2a: Blaziken|Speed Boost|boost\n|-boost|p2a: Blaziken|spe|1\n|upkeep\n|turn|4\n|\n|t:|1699868845\n|move|p1a: Smeargle|Destiny Bond|p1a: Smeargle\n|-singlemove|p1a: Smeargle|Destiny Bond\n|move|p2a: Blaziken|Close Combat|p1a: Smeargle\n|-supereffective|p1a: Smeargle\n|-crit|p1a: Smeargle\n|-damage|p1a: Smeargle|0 fnt\n|-unboost|p2a: Blaziken|def|1\n|-unboost|p2a: Blaziken|spd|1\n|faint|p1a: Smeargle\n|-activate|p1a: Smeargle|move: Destiny Bond\n|faint|p2a: Blaziken\n|\n|upkeep\n|inactive|ZarudeClash409 has 120 seconds left.\n|\n|t:|1699868867\n|switch|p1a: Hatterene|Hatterene, F|100\/100\n|switch|p2a: Staraptor|Staraptor, M|100\/100\n|turn|5\n|inactive|ZarudeClash409 has 120 seconds left.\n|\n|t:|1699868909\n|switch|p2a: Metagross|Metagross|100\/100\n|move|p1a: Hatterene|Mystical Fire|p2a: Metagross\n|-supereffective|p2a: Metagross\n|-damage|p2a: Metagross|49\/100\n|-enditem|p2a: Metagross|Weakness Policy\n|-boost|p2a: Metagross|atk|2|[from] item: Weakness Policy\n|-boost|p2a: Metagross|spa|2|[from] item: Weakness Policy\n|\n|-fieldend|move: Trick Room\n|upkeep\n|turn|6\n|inactive|ZarudeClash409 has 90 seconds left.\n|\n|t:|1699868926\n|move|p2a: Metagross|Meteor Mash|p1a: Hatterene\n|-supereffective|p1a: Hatterene\n|-damage|p1a: Hatterene|0 fnt\n|faint|p1a: Hatterene\n|\n|upkeep\n|\n|t:|1699868945\n|switch|p1a: Slowbro|Slowbro, M, shiny|100\/100\n|turn|7\n|inactive|ZarudeClash409 has 90 seconds left.\n|\n|t:|1699868969\n|move|p2a: Metagross|Stomping Tantrum|p1a: Slowbro\n|-damage|p1a: Slowbro|59\/100\n|move|p1a: Slowbro|Trick Room|p1a: Slowbro\n|-fieldstart|move: Trick Room|[of] p1a: Slowbro\n|\n|upkeep\n|turn|8\n|inactive|ZarudeClash409 has 90 seconds left.\n|\n|t:|1699868980\n|move|p2a: Metagross|Protect|p2a: Metagross\n|-singleturn|p2a: Metagross|Protect\n|move|p1a: Slowbro|Future Sight|p2a: Metagross\n|-start|p1a: Slowbro|move: Future Sight\n|\n|upkeep\n|turn|9\n|\n|t:|1699868987\n|move|p2a: Metagross|Protect|p2a: Metagross\n|-singleturn|p2a: Metagross|Protect\n|move|p1a: Slowbro|Slack Off|p1a: Slowbro\n|-heal|p1a: Slowbro|100\/100\n|\n|upkeep\n|turn|10\n|\n|t:|1699868994\n|move|p1a: Slowbro|Slack Off||[still]\n|-fail|p1a: Slowbro|heal\n|move|p2a: Metagross|Stomping Tantrum|p1a: Slowbro\n|-damage|p1a: Slowbro|63\/100\n|\n|-end|p2a: Metagross|move: Future Sight\n|-resisted|p2a: Metagross\n|-damage|p2a: Metagross|34\/100\n|-fieldend|move: Psychic Terrain\n|upkeep\n|turn|11\n|\n|t:|1699869003\n|move|p1a: Slowbro|Psychic Terrain|p1a: Slowbro\n|-fieldstart|move: Psychic Terrain\n|move|p2a: Metagross|Stomping Tantrum|p1a: Slowbro\n|-damage|p1a: Slowbro|22\/100\n|\n|-fieldend|move: Trick Room\n|upkeep\n|turn|12\n|\n|t:|1699869009\n|move|p2a: Metagross|Stomping Tantrum|p1a: Slowbro\n|-crit|p1a: Slowbro\n|-damage|p1a: Slowbro|0 fnt\n|faint|p1a: Slowbro\n|\n|upkeep\n|\n|t:|1699869012\n|switch|p1a: Gardevoir|Gardevoir, F|100\/100\n|turn|13\n|inactive|ZarudeClash409 has 120 seconds left.\n|\n|t:|1699869033\n|-terastallize|p1a: Gardevoir|Psychic\n|move|p2a: Metagross|Meteor Mash|p1a: Gardevoir\n|-damage|p1a: Gardevoir|0 fnt\n|faint|p1a: Gardevoir\n|\n|upkeep\n|-message|funkykongo forfeited.\n|\n|win|ZarudeClash409\n|raw|funkykongo's rating: 1072 &rarr; <strong>1050<\/strong><br \/>(-22 for losing)\n|raw|ZarudeClash409's rating: 1051 &rarr; <strong>1085<\/strong><br \/>(+34 for winning)\n|l|\u2606funkykongo\n","uploadtime":1699869044,"views":8,"p1id":"funkykongo","p2id":"zarudeclash409","formatid":"gen9nationaldex","rating":1050,"private":0,"password":""}