{"id":"gen9nationaldex-1987994360","p1":"Clunkytot","p2":"Th3K1ng123","format":"[Gen 9] National Dex","log":"|j|\u2606Clunkytot\n|j|\u2606Th3K1ng123\n|t:|1699657018\n|gametype|singles\n|player|p1|Clunkytot|roxie|1118\n|player|p2|Th3K1ng123|turo|1172\n|teamsize|p1|6\n|teamsize|p2|6\n|gen|9\n|tier|[Gen 9] National Dex\n|rated|\n|rule|HP Percentage Mod: HP is shown in percentages\n|rule|Endless Battle Clause: Forcing endless battles is banned\n|rule|OHKO Clause: OHKO moves are banned\n|rule|Evasion Clause: Evasion abilities, items, and moves are banned\n|rule|Evasion Abilities Clause: Evasion abilities are banned\n|rule|Evasion Items Clause: Evasion items are banned\n|rule|Evasion Moves Clause: Evasion moves are banned\n|rule|Species Clause: Limit one of each Pok\u00e9mon\n|rule|Sleep Clause Mod: Limit one foe put to sleep\n|clearpoke\n|poke|p1|Skeledirge, M|\n|poke|p1|Primarina, F|\n|poke|p1|Toxtricity-Low-Key, F|\n|poke|p1|Rillaboom, M|\n|poke|p1|Exploud, M|\n|poke|p1|Noivern, F|\n|poke|p2|Charizard, M|\n|poke|p2|Gyarados, M|\n|poke|p2|Pinsir, M|\n|poke|p2|Alakazam, M|\n|poke|p2|Zapdos|\n|poke|p2|Blastoise, M|\n|teampreview\n|inactive|Battle timer is ON: inactive players will automatically lose when time's up. (requested by Th3K1ng123)\n|\n|t:|1699657038\n|start\n|switch|p1a: Boombox|Exploud, M|100\/100\n|switch|p2a: Alakablam|Alakazam, M, shiny|100\/100\n|turn|1\n|\n|t:|1699657045\n|move|p2a: Alakablam|Psychic|p1a: Boombox\n|-damage|p1a: Boombox|35\/100\n|move|p1a: Boombox|Toxic|p2a: Alakablam\n|-status|p2a: Alakablam|tox\n|\n|upkeep\n|turn|2\n|\n|t:|1699657051\n|move|p2a: Alakablam|Psychic|p1a: Boombox\n|-damage|p1a: Boombox|0 fnt\n|faint|p1a: Boombox\n|\n|upkeep\n|\n|t:|1699657060\n|switch|p1a: Gorgo|Rillaboom, M, shiny|100\/100\n|-fieldstart|move: Grassy Terrain|[from] ability: Grassy Surge|[of] p1a: Gorgo\n|turn|3\n|\n|t:|1699657072\n|switch|p2a: Smaug|Charizard, M, shiny|100\/100\n|move|p1a: Gorgo|Darkest Lariat|p2a: Smaug\n|-damage|p2a: Smaug|59\/100\n|\n|upkeep\n|turn|4\n|\n|t:|1699657087\n|switch|p1a: Prismae|Primarina, F|100\/100\n|detailschange|p2a: Smaug|Charizard-Mega-X, M, shiny\n|-mega|p2a: Smaug|Charizard|Charizardite X\n|move|p2a: Smaug|Blaze Kick|p1a: Prismae\n|-resisted|p1a: Prismae\n|-damage|p1a: Prismae|62\/100\n|\n|-heal|p2a: Smaug|65\/100|[from] Grassy Terrain\n|-heal|p1a: Prismae|68\/100|[from] Grassy Terrain\n|upkeep\n|turn|5\n|\n|t:|1699657099\n|move|p2a: Smaug|Earthquake|p1a: Prismae\n|-damage|p1a: Prismae|44\/100\n|move|p1a: Prismae|Dazzling Gleam|p2a: Smaug\n|-damage|p2a: Smaug|7\/100\n|\n|-heal|p2a: Smaug|13\/100|[from] Grassy Terrain\n|-heal|p1a: Prismae|50\/100|[from] Grassy Terrain\n|upkeep\n|turn|6\n|\n|t:|1699657109\n|move|p2a: Smaug|Blaze Kick|p1a: Prismae\n|-resisted|p1a: Prismae\n|-damage|p1a: Prismae|11\/100\n|move|p1a: Prismae|Dazzling Gleam|p2a: Smaug\n|-damage|p2a: Smaug|0 fnt\n|faint|p2a: Smaug\n|\n|-heal|p1a: Prismae|17\/100|[from] Grassy Terrain\n|upkeep\n|\n|t:|1699657119\n|switch|p2a: Beetle Beater|Pinsir, M, shiny|100\/100\n|turn|7\n|\n|t:|1699657125\n|move|p2a: Beetle Beater|Knock Off|p1a: Prismae\n|-resisted|p1a: Prismae\n|-damage|p1a: Prismae|0 fnt\n|faint|p1a: Prismae\n|-ability|p2a: Beetle Beater|Moxie|boost\n|-boost|p2a: Beetle Beater|atk|1\n|\n|-fieldend|move: Grassy Terrain\n|upkeep\n|\n|t:|1699657134\n|switch|p1a: Skellee|Skeledirge, M|100\/100\n|turn|8\n|\n|t:|1699657142\n|move|p2a: Beetle Beater|Knock Off|p1a: Skellee\n|-supereffective|p1a: Skellee\n|-damage|p1a: Skellee|46\/100\n|-enditem|p1a: Skellee|Throat Spray|[from] move: Knock Off|[of] p2a: Beetle Beater\n|move|p1a: Skellee|Torch Song|p2a: Beetle Beater\n|-supereffective|p2a: Beetle Beater\n|-damage|p2a: Beetle Beater|0 fnt\n|-boost|p1a: Skellee|spa|1\n|faint|p2a: Beetle Beater\n|\n|upkeep\n|\n|t:|1699657152\n|switch|p2a: Danger Noodle|Gyarados, M, shiny|100\/100\n|turn|9\n|\n|t:|1699657156\n|move|p2a: Danger Noodle|Waterfall|p1a: Skellee\n|-supereffective|p1a: Skellee\n|-damage|p1a: Skellee|0 fnt\n|faint|p1a: Skellee\n|-ability|p2a: Danger Noodle|Moxie|boost\n|-boost|p2a: Danger Noodle|atk|1\n|\n|upkeep\n|\n|t:|1699657164\n|switch|p1a: Toxii|Toxtricity-Low-Key, F|100\/100\n|turn|10\n|\n|t:|1699657168\n|move|p2a: Danger Noodle|Earthquake|p1a: Toxii\n|-supereffective|p1a: Toxii\n|-damage|p1a: Toxii|0 fnt\n|faint|p1a: Toxii\n|-ability|p2a: Danger Noodle|Moxie|boost\n|-boost|p2a: Danger Noodle|atk|1\n|\n|upkeep\n|\n|t:|1699657175\n|switch|p1a: Gorgo|Rillaboom, M, shiny|100\/100\n|-fieldstart|move: Grassy Terrain|[from] ability: Grassy Surge|[of] p1a: Gorgo\n|turn|11\n|\n|t:|1699657186\n|move|p1a: Gorgo|Grassy Glide|p2a: Danger Noodle\n|-damage|p2a: Danger Noodle|41\/100\n|move|p2a: Danger Noodle|Waterfall|p1a: Gorgo\n|-resisted|p1a: Gorgo\n|-damage|p1a: Gorgo|66\/100\n|\n|-heal|p1a: Gorgo|72\/100|[from] Grassy Terrain\n|upkeep\n|turn|12\n|\n|t:|1699657195\n|move|p1a: Gorgo|Grassy Glide|p2a: Danger Noodle\n|-damage|p2a: Danger Noodle|0 fnt\n|faint|p2a: Danger Noodle\n|\n|-heal|p1a: Gorgo|78\/100|[from] Grassy Terrain\n|upkeep\n|\n|t:|1699657201\n|switch|p2a: Thunderhawk|Zapdos, shiny|100\/100\n|turn|13\n|\n|t:|1699657212\n|move|p2a: Thunderhawk|Heat Wave|p1a: Gorgo\n|-supereffective|p1a: Gorgo\n|-damage|p1a: Gorgo|10\/100\n|move|p1a: Gorgo|Drum Beating|p2a: Thunderhawk\n|-resisted|p2a: Thunderhawk\n|-damage|p2a: Thunderhawk|71\/100\n|-unboost|p2a: Thunderhawk|spe|1\n|\n|-heal|p1a: Gorgo|17\/100|[from] Grassy Terrain\n|upkeep\n|turn|14\n|\n|t:|1699657222\n|move|p1a: Gorgo|Grassy Glide|p2a: Thunderhawk\n|-resisted|p2a: Thunderhawk\n|-damage|p2a: Thunderhawk|50\/100\n|move|p2a: Thunderhawk|Heat Wave|p1a: Gorgo\n|-supereffective|p1a: Gorgo\n|-damage|p1a: Gorgo|0 fnt\n|faint|p1a: Gorgo\n|\n|upkeep\n|\n|t:|1699657229\n|switch|p1a: Echo|Noivern, F, shiny|100\/100\n|turn|15\n|\n|t:|1699657235\n|move|p1a: Echo|Boomburst|p2a: Thunderhawk\n|-damage|p2a: Thunderhawk|15\/100\n|move|p2a: Thunderhawk|Volt Switch|p1a: Echo\n|-damage|p1a: Echo|63\/100\n|\n|t:|1699657242\n|switch|p2a: Leo|Blastoise, M, shiny|100\/100|[from] Volt Switch\n|\n|-fieldend|move: Grassy Terrain\n|upkeep\n|turn|16\n|\n|t:|1699657247\n|move|p1a: Echo|Tailwind|p1a: Echo\n|-sidestart|p1: Clunkytot|move: Tailwind\n|move|p2a: Leo|Shell Smash|p2a: Leo\n|-unboost|p2a: Leo|def|1\n|-unboost|p2a: Leo|spd|1\n|-boost|p2a: Leo|atk|2\n|-boost|p2a: Leo|spa|2\n|-boost|p2a: Leo|spe|2\n|-enditem|p2a: Leo|White Herb\n|-clearnegativeboost|p2a: Leo|[silent]\n|\n|upkeep\n|turn|17\n|\n|t:|1699657265\n|move|p1a: Echo|Boomburst|p2a: Leo\n|-damage|p2a: Leo|55\/100\n|move|p2a: Leo|Ice Beam|p1a: Echo\n|-supereffective|p1a: Echo\n|-damage|p1a: Echo|0 fnt\n|faint|p1a: Echo\n|\n|win|Th3K1ng123\n|raw|Clunkytot's rating: 1118 &rarr; <strong>1097<\/strong><br \/>(-21 for losing)\n|raw|Th3K1ng123's rating: 1172 &rarr; <strong>1193<\/strong><br \/>(+21 for winning)\n|c|\u2606Clunkytot|gg\n","uploadtime":1699657272,"views":4,"p1id":"clunkytot","p2id":"th3k1ng123","formatid":"gen9nationaldex","rating":1097,"private":0,"password":""}