{"id":"gen9nationaldex-1997421717","p1":"ChaosEmperor96","p2":"RedCoyote96","format":"[Gen 9] National Dex","log":"|html|<div class=\"broadcast-blue\"><strong>[Gen 9] National Dex is currently suspecting Sneasler! For information on how to participate check out the <a href=\"https:\/\/www.smogon.com\/forums\/threads\/sv-national-dex-suspect-8-just-dance.3731534\/\">suspect thread<\/a>.<\/strong><\/div>\n|j|\u2606ChaosEmperor96\n|j|\u2606RedCoyote96\n|t:|1700802529\n|gametype|singles\n|player|p1|ChaosEmperor96|marshal|1161\n|player|p2|RedCoyote96|steven|1152\n|teamsize|p1|6\n|teamsize|p2|6\n|gen|9\n|tier|[Gen 9] National Dex\n|rated|\n|rule|HP Percentage Mod: HP is shown in percentages\n|rule|Endless Battle Clause: Forcing endless battles is banned\n|rule|OHKO Clause: OHKO moves are banned\n|rule|Evasion Clause: Evasion abilities, items, and moves are banned\n|rule|Evasion Abilities Clause: Evasion abilities are banned\n|rule|Evasion Items Clause: Evasion items are banned\n|rule|Evasion Moves Clause: Evasion moves are banned\n|rule|Species Clause: Limit one of each Pok\u00e9mon\n|rule|Sleep Clause Mod: Limit one foe put to sleep\n|clearpoke\n|poke|p1|Emboar, M|\n|poke|p1|Haxorus, M|\n|poke|p1|Excadrill, M|\n|poke|p1|Galvantula, M|\n|poke|p1|Mandibuzz, F|\n|poke|p1|Vanilluxe, M|\n|poke|p2|Typhlosion, M|\n|poke|p2|Espeon, F|\n|poke|p2|Tyranitar, M|\n|poke|p2|Heracross, F|\n|poke|p2|Crobat, F|\n|poke|p2|Steelix, M|\n|teampreview\n|\n|t:|1700802536\n|start\n|switch|p1a: Galvantula|Galvantula, M, shiny|100\/100\n|switch|p2a: Crobat|Crobat, F|100\/100\n|turn|1\n|inactive|Battle timer is ON: inactive players will automatically lose when time's up. (requested by ChaosEmperor96)\n|\n|t:|1700802542\n|move|p2a: Crobat|Leech Life|p1a: Galvantula\n|-damage|p1a: Galvantula|49\/100\n|-damage|p2a: Crobat|91\/100|[from] item: Life Orb\n|move|p1a: Galvantula|Thunderbolt|p2a: Crobat\n|-supereffective|p2a: Crobat\n|-damage|p2a: Crobat|0 fnt\n|faint|p2a: Crobat\n|\n|upkeep\n|\n|t:|1700802556\n|switch|p2a: Steelix|Steelix, M|100\/100\n|turn|2\n|\n|t:|1700802560\n|move|p1a: Galvantula|Sticky Web|p2a: Steelix\n|-sidestart|p2: RedCoyote96|move: Sticky Web\n|move|p2a: Steelix|Earthquake|p1a: Galvantula\n|-damage|p1a: Galvantula|0 fnt\n|faint|p1a: Galvantula\n|\n|upkeep\n|\n|t:|1700802572\n|switch|p1a: Vanilluxe|Vanilluxe, M, shiny|100\/100\n|turn|3\n|\n|t:|1700802580\n|move|p1a: Vanilluxe|Ice Beam|p2a: Steelix\n|-damage|p2a: Steelix|43\/100\n|move|p2a: Steelix|Iron Defense|p2a: Steelix\n|-boost|p2a: Steelix|def|2\n|\n|-heal|p2a: Steelix|49\/100|[from] item: Leftovers\n|upkeep\n|turn|4\n|\n|t:|1700802591\n|-terastallize|p2a: Steelix|Water\n|move|p1a: Vanilluxe|Ice Beam|p2a: Steelix\n|-resisted|p2a: Steelix\n|-damage|p2a: Steelix|20\/100\n|move|p2a: Steelix|Body Press|p1a: Vanilluxe\n|-supereffective|p1a: Vanilluxe\n|-damage|p1a: Vanilluxe|0 fnt\n|faint|p1a: Vanilluxe\n|\n|-heal|p2a: Steelix|26\/100|[from] item: Leftovers\n|upkeep\n|\n|t:|1700802603\n|switch|p1a: Excadrill|Excadrill, M, shiny|100\/100\n|turn|5\n|\n|t:|1700802608\n|-terastallize|p1a: Excadrill|Ground\n|move|p1a: Excadrill|Earthquake|p2a: Steelix\n|-damage|p2a: Steelix|5\/100\n|move|p2a: Steelix|Earthquake|p1a: Excadrill\n|-damage|p1a: Excadrill|38\/100\n|\n|-heal|p2a: Steelix|11\/100|[from] item: Leftovers\n|upkeep\n|turn|6\n|\n|t:|1700802619\n|move|p1a: Excadrill|Earthquake|p2a: Steelix\n|-damage|p2a: Steelix|0 fnt\n|faint|p2a: Steelix\n|\n|upkeep\n|\n|t:|1700802632\n|switch|p2a: Tyranitar|Tyranitar, M|100\/100\n|-ability|p2a: Tyranitar|Unnerve\n|-activate|p2a: Tyranitar|move: Sticky Web\n|-unboost|p2a: Tyranitar|spe|1\n|turn|7\n|\n|t:|1700802638\n|detailschange|p2a: Tyranitar|Tyranitar-Mega, M\n|-mega|p2a: Tyranitar|Tyranitar|Tyranitarite\n|-weather|Sandstorm|[from] ability: Sand Stream|[of] p2a: Tyranitar\n|move|p1a: Excadrill|Earthquake|p2a: Tyranitar\n|-supereffective|p2a: Tyranitar\n|-damage|p2a: Tyranitar|0 fnt\n|faint|p2a: Tyranitar\n|\n|-weather|Sandstorm|[upkeep]\n|upkeep\n|\n|t:|1700802648\n|switch|p2a: Heracross|Heracross, F|100\/100\n|-activate|p2a: Heracross|move: Sticky Web\n|-unboost|p2a: Heracross|spe|1\n|turn|8\n|\n|t:|1700802657\n|move|p1a: Excadrill|Earthquake|p2a: Heracross\n|-resisted|p2a: Heracross\n|-crit|p2a: Heracross\n|-damage|p2a: Heracross|14\/100\n|move|p2a: Heracross|Close Combat|p1a: Excadrill\n|-damage|p1a: Excadrill|0 fnt\n|-unboost|p2a: Heracross|def|1\n|-unboost|p2a: Heracross|spd|1\n|faint|p1a: Excadrill\n|\n|-weather|Sandstorm|[upkeep]\n|-damage|p2a: Heracross|8\/100|[from] Sandstorm\n|-status|p2a: Heracross|brn|[from] item: Flame Orb\n|upkeep\n|\n|t:|1700802671\n|switch|p1a: Mandibuzz|Mandibuzz, F, shiny|100\/100\n|turn|9\n|\n|t:|1700802679\n|move|p1a: Mandibuzz|Foul Play|p2a: Heracross\n|-resisted|p2a: Heracross\n|-damage|p2a: Heracross|0 fnt\n|faint|p2a: Heracross\n|\n|-weather|Sandstorm|[upkeep]\n|upkeep\n|\n|t:|1700802685\n|switch|p2a: Typhlosion|Typhlosion, M|100\/100\n|-activate|p2a: Typhlosion|move: Sticky Web\n|-unboost|p2a: Typhlosion|spe|1\n|turn|10\n|\n|t:|1700802689\n|move|p2a: Typhlosion|Eruption|p1a: Mandibuzz\n|-damage|p1a: Mandibuzz|36\/100\n|move|p1a: Mandibuzz|Foul Play|p2a: Typhlosion\n|-damage|p2a: Typhlosion|68\/100\n|\n|-weather|Sandstorm|[upkeep]\n|-damage|p2a: Typhlosion|62\/100|[from] Sandstorm\n|upkeep\n|turn|11\n|\n|t:|1700802698\n|move|p2a: Typhlosion|Eruption|p1a: Mandibuzz\n|-damage|p1a: Mandibuzz|0 fnt\n|faint|p1a: Mandibuzz\n|\n|-weather|none\n|upkeep\n|\n|t:|1700802705\n|switch|p1a: Emboar|Emboar, M, shiny|100\/100\n|turn|12\n|\n|t:|1700802710\n|move|p1a: Emboar|Head Smash|p2a: Typhlosion\n|-supereffective|p2a: Typhlosion\n|-damage|p2a: Typhlosion|0 fnt\n|faint|p2a: Typhlosion\n|-damage|p1a: Emboar|75\/100|[from] Recoil\n|\n|upkeep\n|\n|t:|1700802712\n|switch|p2a: Espeon|Espeon, F|100\/100\n|-activate|p2a: Espeon|move: Sticky Web\n|-unboost|p2a: Espeon|spe|1\n|turn|13\n|\n|t:|1700802722\n|switch|p1a: Haxorus|Haxorus, M, shiny|100\/100\n|-ability|p1a: Haxorus|Mold Breaker\n|move|p2a: Espeon|Reflect|p2a: Espeon\n|-sidestart|p2: RedCoyote96|Reflect\n|\n|upkeep\n|turn|14\n|\n|t:|1700802729\n|move|p1a: Haxorus|Dragon Dance|p1a: Haxorus\n|-boost|p1a: Haxorus|atk|1\n|-boost|p1a: Haxorus|spe|1\n|move|p2a: Espeon|Psychic|p1a: Haxorus\n|-damage|p1a: Haxorus|22\/100\n|\n|upkeep\n|turn|15\n|\n|t:|1700802735\n|move|p1a: Haxorus|Outrage|p2a: Espeon\n|-damage|p2a: Espeon|0 fnt\n|faint|p2a: Espeon\n|\n|win|ChaosEmperor96\n|raw|ChaosEmperor96's rating: 1161 &rarr; <strong>1185<\/strong><br \/>(+24 for winning)\n|raw|RedCoyote96's rating: 1152 &rarr; <strong>1128<\/strong><br \/>(-24 for losing)\n|l|\u2606RedCoyote96\n|c|\u2606ChaosEmperor96|Gg\n","uploadtime":1700802749,"views":3,"p1id":"chaosemperor96","p2id":"redcoyote96","formatid":"gen9nationaldex","rating":1128,"private":0,"password":""}