{"id":"gen9nationaldex-1990167314","p1":"zhiyue","p2":"Kuzwa","format":"[Gen 9] National Dex","log":"|j|\u2606zhiyue\n|j|\u2606Kuzwa\n|t:|1699932044\n|gametype|singles\n|player|p1|zhiyue|ghetsis-gen5bw|1253\n|player|p2|Kuzwa|parasollady|1241\n|teamsize|p1|6\n|teamsize|p2|6\n|gen|9\n|tier|[Gen 9] National Dex\n|rated|\n|rule|HP Percentage Mod: HP is shown in percentages\n|rule|Endless Battle Clause: Forcing endless battles is banned\n|rule|OHKO Clause: OHKO moves are banned\n|rule|Evasion Clause: Evasion abilities, items, and moves are banned\n|rule|Evasion Abilities Clause: Evasion abilities are banned\n|rule|Evasion Items Clause: Evasion items are banned\n|rule|Evasion Moves Clause: Evasion moves are banned\n|rule|Species Clause: Limit one of each Pok\u00e9mon\n|rule|Sleep Clause Mod: Limit one foe put to sleep\n|clearpoke\n|poke|p1|Banette, M|\n|poke|p1|Moltres|\n|poke|p1|Urshifu-*, M|\n|poke|p1|Glimmora, F|\n|poke|p1|Tyranitar, M|\n|poke|p1|Ogerpon-Cornerstone, F|\n|poke|p2|Gallade, M|\n|poke|p2|Kartana|\n|poke|p2|Weavile, M|\n|poke|p2|Ogerpon-Wellspring, F|\n|poke|p2|Zeraora|\n|poke|p2|Glimmora, M|\n|teampreview\n|\n|t:|1699932053\n|start\n|switch|p1a: Glimmora|Glimmora, F|100\/100\n|switch|p2a: thing|Glimmora, M|100\/100\n|-item|p2a: thing|Air Balloon\n|turn|1\n|\n|t:|1699932075\n|move|p2a: thing|Earth Power|p1a: Glimmora\n|-supereffective|p1a: Glimmora\n|-enditem|p1a: Glimmora|Focus Sash\n|-damage|p1a: Glimmora|1\/100\n|move|p1a: Glimmora|Power Gem|p2a: thing\n|-damage|p2a: thing|46\/100\n|-enditem|p2a: thing|Air Balloon\n|\n|upkeep\n|turn|2\n|inactive|Battle timer is ON: inactive players will automatically lose when time's up. (requested by Kuzwa)\n|\n|t:|1699932103\n|switch|p1a: Urshifu|Urshifu-Rapid-Strike, M|100\/100\n|move|p2a: thing|Power Gem|p1a: Urshifu\n|-resisted|p1a: Urshifu\n|-damage|p1a: Urshifu|71\/100\n|\n|upkeep\n|turn|3\n|\n|t:|1699932114\n|move|p1a: Urshifu|Aqua Jet|p2a: thing\n|-supereffective|p2a: thing\n|-damage|p2a: thing|0 fnt\n|-activate|p2a: thing|ability: Toxic Debris\n|-sidestart|p1: zhiyue|move: Toxic Spikes\n|faint|p2a: thing\n|\n|upkeep\n|\n|t:|1699932119\n|switch|p2a: Ken Amada|Zeraora|100\/100\n|turn|4\n|\n|t:|1699932122\n|switch|p1a: Glimmora|Glimmora, F|1\/100\n|-sideend|p1: zhiyue|move: Toxic Spikes|[of] p1a: Glimmora\n|move|p2a: Ken Amada|Fake Out|p1a: Glimmora\n|-resisted|p1a: Glimmora\n|-damage|p1a: Glimmora|0 fnt\n|-activate|p1a: Glimmora|ability: Toxic Debris\n|-sidestart|p2: Kuzwa|move: Toxic Spikes\n|faint|p1a: Glimmora\n|\n|upkeep\n|\n|t:|1699932132\n|switch|p1a: Tyranitar|Tyranitar, M|100\/100\n|-weather|Sandstorm|[from] ability: Sand Stream|[of] p1a: Tyranitar\n|turn|5\n|\n|t:|1699932140\n|move|p2a: Ken Amada|Drain Punch|p1a: Tyranitar\n|-supereffective|p1a: Tyranitar\n|-damage|p1a: Tyranitar|25\/100\n|move|p1a: Tyranitar|Pursuit|p2a: Ken Amada\n|-damage|p2a: Ken Amada|75\/100\n|\n|-weather|Sandstorm|[upkeep]\n|-damage|p2a: Ken Amada|69\/100|[from] Sandstorm\n|upkeep\n|turn|6\n|\n|t:|1699932147\n|switch|p1a: Banette|Banette, M|100\/100\n|move|p2a: Ken Amada|Plasma Fists|p1a: Banette\n|-damage|p1a: Banette|31\/100\n|-fieldactivate|move: Ion Deluge\n|-hint|Normal-type moves become Electric-type after using Plasma Fists.\n|-start|p2a: Ken Amada|Disable|Plasma Fists|[from] ability: Cursed Body|[of] p1a: Banette\n|\n|-weather|Sandstorm|[upkeep]\n|-damage|p2a: Ken Amada|63\/100|[from] Sandstorm\n|-damage|p1a: Banette|25\/100|[from] Sandstorm\n|upkeep\n|turn|7\n|\n|t:|1699932165\n|switch|p2a: Junpei Iori|Weavile, M, shiny|100\/100\n|-status|p2a: Junpei Iori|psn\n|detailschange|p1a: Banette|Banette-Mega, M\n|-mega|p1a: Banette|Banette|Banettite\n|move|p1a: Banette|Destiny Bond|p1a: Banette\n|-singlemove|p1a: Banette|Destiny Bond\n|\n|-weather|Sandstorm|[upkeep]\n|-damage|p2a: Junpei Iori|94\/100 psn|[from] Sandstorm\n|-damage|p1a: Banette|19\/100|[from] Sandstorm\n|-damage|p2a: Junpei Iori|82\/100 psn|[from] psn\n|upkeep\n|turn|8\n|\n|t:|1699932176\n|switch|p1a: Moltres|Moltres|100\/100\n|move|p2a: Junpei Iori|Psycho Cut|p1a: Moltres\n|-damage|p1a: Moltres|84\/100\n|\n|-weather|Sandstorm|[upkeep]\n|-damage|p2a: Junpei Iori|76\/100 psn|[from] Sandstorm\n|-damage|p1a: Moltres|77\/100|[from] Sandstorm\n|-damage|p2a: Junpei Iori|63\/100 psn|[from] psn\n|upkeep\n|turn|9\n|\n|t:|1699932183\n|move|p2a: Junpei Iori|Ice Spinner|p1a: Moltres\n|-damage|p1a: Moltres|52\/100\n|move|p1a: Moltres|U-turn|p2a: Junpei Iori\n|-supereffective|p2a: Junpei Iori\n|-damage|p2a: Junpei Iori|13\/100 psn\n|\n|t:|1699932198\n|switch|p1a: Urshifu|Urshifu-Rapid-Strike, M|71\/100|[from] U-turn\n|\n|-weather|none\n|-damage|p2a: Junpei Iori|0 fnt|[from] psn\n|faint|p2a: Junpei Iori\n|upkeep\n|\n|t:|1699932202\n|switch|p2a: Makoto Yuki|Kartana, shiny|100\/100\n|turn|10\n|\n|t:|1699932207\n|switch|p1a: Moltres|Moltres|52\/100\n|move|p2a: Makoto Yuki|Leaf Blade|p1a: Moltres\n|-resisted|p1a: Moltres\n|-damage|p1a: Moltres|42\/100\n|\n|upkeep\n|turn|11\n|\n|t:|1699932211\n|switch|p2a: Ken Amada|Zeraora|63\/100\n|-status|p2a: Ken Amada|psn\n|move|p1a: Moltres|Roost|p1a: Moltres\n|-heal|p1a: Moltres|92\/100\n|-singleturn|p1a: Moltres|move: Roost\n|\n|-damage|p2a: Ken Amada|51\/100 psn|[from] psn\n|upkeep\n|turn|12\n|\n|t:|1699932220\n|switch|p1a: Tyranitar|Tyranitar, M|25\/100\n|-weather|Sandstorm|[from] ability: Sand Stream|[of] p1a: Tyranitar\n|move|p2a: Ken Amada|Plasma Fists|p1a: Tyranitar\n|-damage|p1a: Tyranitar|0 fnt\n|-fieldactivate|move: Ion Deluge\n|-hint|Normal-type moves become Electric-type after using Plasma Fists.\n|faint|p1a: Tyranitar\n|\n|-weather|Sandstorm|[upkeep]\n|-damage|p2a: Ken Amada|45\/100 psn|[from] Sandstorm\n|-damage|p2a: Ken Amada|32\/100 psn|[from] psn\n|upkeep\n|\n|t:|1699932231\n|switch|p1a: Banette|Banette-Mega, M|19\/100\n|turn|13\n|\n|t:|1699932249\n|move|p1a: Banette|Curse|p2a: Ken Amada\n|-start|p2a: Ken Amada|Curse|[of] p1a: Banette\n|-damage|p1a: Banette|0 fnt\n|faint|p1a: Banette\n|move|p2a: Ken Amada|Plasma Fists|p1: Banette|[notarget]\n|-fail|p2a: Ken Amada\n|\n|-weather|Sandstorm|[upkeep]\n|-damage|p2a: Ken Amada|26\/100 psn|[from] Sandstorm\n|-damage|p2a: Ken Amada|14\/100 psn|[from] psn\n|-damage|p2a: Ken Amada|0 fnt|[from] Curse\n|faint|p2a: Ken Amada\n|upkeep\n|\n|t:|1699932270\n|switch|p2a: Ryoji Mochizuki|Gallade, M, shiny|100\/100\n|switch|p1a: Urshifu|Urshifu-Rapid-Strike, M|71\/100\n|-status|p2a: Ryoji Mochizuki|psn\n|turn|14\n|\n|t:|1699932280\n|detailschange|p2a: Ryoji Mochizuki|Gallade-Mega, M, shiny\n|-mega|p2a: Ryoji Mochizuki|Gallade|Galladite\n|move|p2a: Ryoji Mochizuki|Psycho Cut|p1a: Urshifu\n|-supereffective|p1a: Urshifu\n|-damage|p1a: Urshifu|0 fnt\n|faint|p1a: Urshifu\n|\n|-weather|Sandstorm|[upkeep]\n|-damage|p2a: Ryoji Mochizuki|94\/100 psn|[from] Sandstorm\n|-damage|p2a: Ryoji Mochizuki|82\/100 psn|[from] psn\n|upkeep\n|\n|t:|1699932288\n|switch|p1a: Ogerpon|Ogerpon-Cornerstone, F|100\/100\n|turn|15\n|\n|t:|1699932305\n|move|p2a: Ryoji Mochizuki|Sacred Sword|p1a: Ogerpon\n|-supereffective|p1a: Ogerpon\n|-ability|p1a: Ogerpon|Sturdy\n|-damage|p1a: Ogerpon|1\/100\n|move|p1a: Ogerpon|Counter|p2a: Ryoji Mochizuki\n|-damage|p2a: Ryoji Mochizuki|0 fnt\n|faint|p2a: Ryoji Mochizuki\n|\n|-weather|Sandstorm|[upkeep]\n|upkeep\n|\n|t:|1699932312\n|switch|p2a: Makoto Yuki|Kartana, shiny|100\/100\n|turn|16\n|\n|t:|1699932316\n|switch|p1a: Moltres|Moltres|92\/100\n|move|p2a: Makoto Yuki|Smart Strike|p1a: Moltres\n|-resisted|p1a: Moltres\n|-damage|p1a: Moltres|75\/100\n|\n|-weather|none\n|upkeep\n|turn|17\n|\n|t:|1699932322\n|move|p2a: Makoto Yuki|Swords Dance|p2a: Makoto Yuki\n|-boost|p2a: Makoto Yuki|atk|2\n|move|p1a: Moltres|Fire Blast|p2a: Makoto Yuki\n|-supereffective|p2a: Makoto Yuki\n|-enditem|p2a: Makoto Yuki|Focus Sash\n|-damage|p2a: Makoto Yuki|1\/100\n|\n|upkeep\n|turn|18\n|\n|t:|1699932326\n|move|p2a: Makoto Yuki|Smart Strike|p1a: Moltres\n|-resisted|p1a: Moltres\n|-damage|p1a: Moltres|44\/100\n|-status|p2a: Makoto Yuki|brn|[from] ability: Flame Body|[of] p1a: Moltres\n|move|p1a: Moltres|U-turn|p2a: Makoto Yuki\n|-damage|p2a: Makoto Yuki|0 fnt\n|faint|p2a: Makoto Yuki\n|\n|t:|1699932332\n|switch|p1a: Ogerpon|Ogerpon-Cornerstone, F|1\/100|[from] U-turn\n|\n|upkeep\n|\n|t:|1699932334\n|switch|p2a: Aigis|Ogerpon-Wellspring, F|100\/100\n|-status|p2a: Aigis|psn\n|turn|19\n|\n|t:|1699932339\n|move|p2a: Aigis|Ivy Cudgel|p1a: Ogerpon\n|-damage|p1a: Ogerpon|0 fnt\n|faint|p1a: Ogerpon\n|\n|-damage|p2a: Aigis|88\/100 psn|[from] psn\n|upkeep\n|\n|t:|1699932342\n|switch|p1a: Moltres|Moltres|44\/100\n|turn|20\n|\n|t:|1699932348\n|-terastallize|p2a: Aigis|Water\n|detailschange|p2a: Aigis|Ogerpon-Wellspring-Tera, F, tera:Water\n|-ability|p2a: Aigis|Embody Aspect (Wellspring)|boost\n|-boost|p2a: Aigis|spd|1\n|-terastallize|p1a: Moltres|Steel\n|move|p2a: Aigis|Ivy Cudgel|p1a: Moltres\n|-crit|p1a: Moltres\n|-damage|p1a: Moltres|0 fnt\n|faint|p1a: Moltres\n|\n|win|Kuzwa\n|raw|zhiyue's rating: 1253 &rarr; <strong>1227<\/strong><br \/>(-26 for losing)\n|raw|Kuzwa's rating: 1241 &rarr; <strong>1267<\/strong><br \/>(+26 for winning)\n","uploadtime":1699932357,"views":5,"p1id":"zhiyue","p2id":"kuzwa","formatid":"gen9nationaldex","rating":1227,"private":0,"password":""}