{"id":"gen9nationaldex-1990283629","p1":"scarfsaler","p2":"saziki","format":"[Gen 9] National Dex","log":"|j|\u2606scarfsaler\n|j|\u2606saziki\n|t:|1699950450\n|gametype|singles\n|player|p1|scarfsaler|cynthia-gen4|1342\n|player|p2|saziki|giovanni|1297\n|teamsize|p1|6\n|teamsize|p2|6\n|gen|9\n|tier|[Gen 9] National Dex\n|rated|\n|rule|HP Percentage Mod: HP is shown in percentages\n|rule|Endless Battle Clause: Forcing endless battles is banned\n|rule|OHKO Clause: OHKO moves are banned\n|rule|Evasion Clause: Evasion abilities, items, and moves are banned\n|rule|Evasion Abilities Clause: Evasion abilities are banned\n|rule|Evasion Items Clause: Evasion items are banned\n|rule|Evasion Moves Clause: Evasion moves are banned\n|rule|Species Clause: Limit one of each Pok\u00e9mon\n|rule|Sleep Clause Mod: Limit one foe put to sleep\n|clearpoke\n|poke|p1|Rillaboom, F|\n|poke|p1|Scizor, M|\n|poke|p1|Garganacl, F|\n|poke|p1|Ting-Lu|\n|poke|p1|Zapdos|\n|poke|p1|Rotom-Wash|\n|poke|p2|Dragonite, F|\n|poke|p2|Ferrothorn, M|\n|poke|p2|Charizard, F|\n|poke|p2|Gliscor, M|\n|poke|p2|Sneasler, M|\n|poke|p2|Tapu Lele|\n|teampreview\n|\n|t:|1699950463\n|start\n|switch|p1a: Scizor|Scizor, M|100\/100\n|switch|p2a: Charizard|Charizard, F|100\/100\n|turn|1\n|\n|t:|1699950482\n|switch|p1a: Garganacl|Garganacl, F|100\/100\n|detailschange|p2a: Charizard|Charizard-Mega-Y, F\n|-mega|p2a: Charizard|Charizard|Charizardite Y\n|-weather|SunnyDay|[from] ability: Drought|[of] p2a: Charizard\n|move|p2a: Charizard|Solar Beam||[still]\n|-prepare|p2a: Charizard|Solar Beam\n|-anim|p2a: Charizard|Solar Beam|p1a: Garganacl\n|-supereffective|p1a: Garganacl\n|-damage|p1a: Garganacl|21\/100\n|\n|-weather|SunnyDay|[upkeep]\n|-heal|p1a: Garganacl|27\/100|[from] item: Leftovers\n|upkeep\n|turn|2\n|\n|t:|1699950498\n|-terastallize|p1a: Garganacl|Bug\n|move|p2a: Charizard|Solar Beam||[still]\n|-prepare|p2a: Charizard|Solar Beam\n|-anim|p2a: Charizard|Solar Beam|p1a: Garganacl\n|-resisted|p1a: Garganacl\n|-damage|p1a: Garganacl|6\/100\n|move|p1a: Garganacl|Salt Cure|p2a: Charizard\n|-supereffective|p2a: Charizard\n|-damage|p2a: Charizard|14\/100\n|-start|p2a: Charizard|Salt Cure\n|\n|-weather|SunnyDay|[upkeep]\n|-heal|p1a: Garganacl|13\/100|[from] item: Leftovers\n|-damage|p2a: Charizard|2\/100|[from] Salt Cure\n|upkeep\n|turn|3\n|\n|t:|1699950513\n|move|p2a: Charizard|Weather Ball|p1a: Garganacl\n|-supereffective|p1a: Garganacl\n|-damage|p1a: Garganacl|0 fnt\n|faint|p1a: Garganacl\n|\n|-weather|SunnyDay|[upkeep]\n|-damage|p2a: Charizard|0 fnt|[from] Salt Cure\n|faint|p2a: Charizard\n|upkeep\n|\n|t:|1699950532\n|switch|p2a: Gliscor|Gliscor, M|100\/100\n|switch|p1a: Scizor|Scizor, M|100\/100\n|turn|4\n|\n|t:|1699950547\n|switch|p2a: Tapu Lele|Tapu Lele|100\/100\n|-fieldstart|move: Psychic Terrain|[from] ability: Psychic Surge|[of] p2a: Tapu Lele\n|detailschange|p1a: Scizor|Scizor-Mega, M\n|-mega|p1a: Scizor|Scizor|Scizorite\n|move|p1a: Scizor|U-turn|p2a: Tapu Lele\n|-damage|p2a: Tapu Lele|43\/100\n|\n|t:|1699950558\n|switch|p1a: Rotom|Rotom-Wash|100\/100|[from] U-turn\n|\n|-weather|SunnyDay|[upkeep]\n|upkeep\n|turn|5\n|\n|t:|1699950564\n|move|p2a: Tapu Lele|Energy Ball|p1a: Rotom\n|-supereffective|p1a: Rotom\n|-damage|p1a: Rotom|22\/100\n|move|p1a: Rotom|Volt Switch|p2a: Tapu Lele\n|-damage|p2a: Tapu Lele|12\/100\n|\n|t:|1699950571\n|switch|p1a: Scizor|Scizor-Mega, M|100\/100|[from] Volt Switch\n|\n|-weather|none\n|upkeep\n|turn|6\n|\n|t:|1699950587\n|switch|p2a: Ferrothorn|Ferrothorn, M|100\/100\n|move|p1a: Scizor|Close Combat|p2a: Ferrothorn\n|-supereffective|p2a: Ferrothorn\n|-damage|p2a: Ferrothorn|45\/100\n|-unboost|p1a: Scizor|def|1\n|-unboost|p1a: Scizor|spd|1\n|-damage|p1a: Scizor|88\/100|[from] ability: Iron Barbs|[of] p2a: Ferrothorn\n|\n|-heal|p2a: Ferrothorn|51\/100|[from] item: Leftovers\n|upkeep\n|turn|7\n|\n|t:|1699950600\n|move|p2a: Ferrothorn|Protect|p2a: Ferrothorn\n|-singleturn|p2a: Ferrothorn|Protect\n|move|p1a: Scizor|Close Combat|p2a: Ferrothorn\n|-activate|p2a: Ferrothorn|move: Protect\n|\n|-heal|p2a: Ferrothorn|57\/100|[from] item: Leftovers\n|upkeep\n|turn|8\n|\n|t:|1699950613\n|move|p1a: Scizor|Close Combat|p2a: Ferrothorn\n|-supereffective|p2a: Ferrothorn\n|-damage|p2a: Ferrothorn|2\/100\n|-unboost|p1a: Scizor|def|1\n|-unboost|p1a: Scizor|spd|1\n|-damage|p1a: Scizor|76\/100|[from] ability: Iron Barbs|[of] p2a: Ferrothorn\n|move|p2a: Ferrothorn|Gyro Ball|p1a: Scizor\n|-resisted|p1a: Scizor\n|-damage|p1a: Scizor|55\/100\n|\n|-heal|p2a: Ferrothorn|8\/100|[from] item: Leftovers\n|-fieldend|move: Psychic Terrain\n|upkeep\n|turn|9\n|\n|t:|1699950625\n|move|p1a: Scizor|Bullet Punch|p2a: Ferrothorn\n|-resisted|p2a: Ferrothorn\n|-crit|p2a: Ferrothorn\n|-damage|p2a: Ferrothorn|0 fnt\n|-damage|p1a: Scizor|43\/100|[from] ability: Iron Barbs|[of] p2a: Ferrothorn\n|faint|p2a: Ferrothorn\n|\n|upkeep\n|\n|t:|1699950635\n|switch|p2a: Dragonite|Dragonite, F|100\/100\n|turn|10\n|\n|t:|1699950641\n|switch|p1a: Ting-Lu|Ting-Lu|100\/100\n|-ability|p1a: Ting-Lu|Vessel of Ruin\n|move|p2a: Dragonite|Earthquake|p1a: Ting-Lu\n|-damage|p1a: Ting-Lu|83\/100\n|\n|-heal|p1a: Ting-Lu|89\/100|[from] item: Leftovers\n|upkeep\n|turn|11\n|\n|t:|1699950653\n|switch|p2a: Gliscor|Gliscor, M|100\/100\n|move|p1a: Ting-Lu|Whirlwind|p2a: Gliscor\n|drag|p2a: Dragonite|Dragonite, F|100\/100\n|\n|-heal|p1a: Ting-Lu|95\/100|[from] item: Leftovers\n|upkeep\n|turn|12\n|\n|t:|1699950664\n|move|p2a: Dragonite|Curse|p2a: Dragonite\n|-unboost|p2a: Dragonite|spe|1\n|-boost|p2a: Dragonite|atk|1\n|-boost|p2a: Dragonite|def|1\n|move|p1a: Ting-Lu|Spikes|p2a: Dragonite\n|-sidestart|p2: saziki|Spikes\n|\n|-heal|p1a: Ting-Lu|100\/100|[from] item: Leftovers\n|upkeep\n|turn|13\n|\n|t:|1699950674\n|move|p2a: Dragonite|Earthquake|p1a: Ting-Lu\n|-damage|p1a: Ting-Lu|76\/100\n|move|p1a: Ting-Lu|Whirlwind|p2a: Dragonite\n|drag|p2a: Sneasler|Sneasler, M|100\/100\n|-damage|p2a: Sneasler|88\/100|[from] Spikes\n|\n|-heal|p1a: Ting-Lu|82\/100|[from] item: Leftovers\n|upkeep\n|turn|14\n|inactive|Battle timer is ON: inactive players will automatically lose when time's up. (requested by saziki)\n|\n|t:|1699950689\n|move|p2a: Sneasler|Dire Claw|p1a: Ting-Lu\n|-resisted|p1a: Ting-Lu\n|-damage|p1a: Ting-Lu|72\/100\n|-status|p1a: Ting-Lu|slp\n|cant|p1a: Ting-Lu|slp\n|\n|-heal|p1a: Ting-Lu|78\/100 slp|[from] item: Leftovers\n|upkeep\n|turn|15\n|c|\u2606scarfsaler|666\n|\n|t:|1699950703\n|switch|p2a: Dragonite|Dragonite, F|100\/100\n|switch|p1a: Scizor|Scizor-Mega, M|43\/100\n|\n|upkeep\n|turn|16\n|c|\u2606saziki|justlucky\n|\n|t:|1699950712\n|move|p2a: Dragonite|Earthquake|p1a: Scizor\n|-damage|p1a: Scizor|20\/100\n|move|p1a: Scizor|Roost|p1a: Scizor\n|-heal|p1a: Scizor|70\/100\n|-singleturn|p1a: Scizor|move: Roost\n|\n|upkeep\n|turn|17\n|\n|t:|1699950721\n|switch|p1a: Zapdos|Zapdos|100\/100\n|move|p2a: Dragonite|Curse|p2a: Dragonite\n|-unboost|p2a: Dragonite|spe|1\n|-boost|p2a: Dragonite|atk|1\n|-boost|p2a: Dragonite|def|1\n|\n|upkeep\n|turn|18\n|\n|t:|1699950727\n|move|p1a: Zapdos|Discharge|p2a: Dragonite\n|-damage|p2a: Dragonite|82\/100\n|-status|p2a: Dragonite|par\n|move|p2a: Dragonite|Curse|p2a: Dragonite\n|-unboost|p2a: Dragonite|spe|1\n|-boost|p2a: Dragonite|atk|1\n|-boost|p2a: Dragonite|def|1\n|\n|upkeep\n|turn|19\n|c|\u2606saziki|\uff1f\uff1f\uff1f\n|\n|t:|1699950744\n|switch|p1a: Ting-Lu|Ting-Lu|78\/100 slp\n|-ability|p1a: Ting-Lu|Vessel of Ruin\n|cant|p2a: Dragonite|par\n|\n|-heal|p1a: Ting-Lu|84\/100 slp|[from] item: Leftovers\n|upkeep\n|turn|20\n|c|\u2606scarfsaler|luck to luck\n|c|\u2606saziki|u better than me\n|\n|t:|1699950765\n|move|p2a: Dragonite|Earthquake|p1a: Ting-Lu\n|-damage|p1a: Ting-Lu|50\/100 slp\n|-curestatus|p1a: Ting-Lu|slp|[msg]\n|move|p1a: Ting-Lu|Whirlwind|p2a: Dragonite\n|drag|p2a: Sneasler|Sneasler, M|88\/100\n|-damage|p2a: Sneasler|76\/100|[from] Spikes\n|\n|-heal|p1a: Ting-Lu|56\/100|[from] item: Leftovers\n|upkeep\n|turn|21\n|\n|t:|1699950781\n|switch|p1a: Scizor|Scizor-Mega, M|70\/100\n|move|p2a: Sneasler|Dire Claw|p1a: Scizor\n|-immune|p1a: Scizor\n|\n|upkeep\n|turn|22\n|\n|t:|1699950796\n|switch|p2a: Tapu Lele|Tapu Lele|12\/100\n|-damage|p2a: Tapu Lele|0 fnt|[from] Spikes\n|faint|p2a: Tapu Lele\n|move|p1a: Scizor|U-turn|p2: Tapu Lele|[notarget]\n|-fail|p1a: Scizor\n|\n|upkeep\n|inactive|saziki has 120 seconds left.\n|c|\u2606saziki|gg\n|\n|t:|1699950810\n|switch|p2a: Dragonite|Dragonite, F|82\/100 par\n|turn|23\n|c|\u2606scarfsaler|gg\n|\n|t:|1699950826\n|switch|p1a: Rotom|Rotom-Wash|22\/100\n|move|p2a: Dragonite|Curse|p2a: Dragonite\n|-unboost|p2a: Dragonite|spe|1\n|-boost|p2a: Dragonite|atk|1\n|-boost|p2a: Dragonite|def|1\n|\n|upkeep\n|turn|24\n|\n|t:|1699950833\n|move|p1a: Rotom|Volt Switch|p2a: Dragonite\n|-damage|p2a: Dragonite|57\/100 par\n|\n|t:|1699950837\n|switch|p1a: Ting-Lu|Ting-Lu|56\/100|[from] Volt Switch\n|-ability|p1a: Ting-Lu|Vessel of Ruin\n|cant|p2a: Dragonite|par\n|\n|-heal|p1a: Ting-Lu|63\/100|[from] item: Leftovers\n|upkeep\n|turn|25\n|\n|t:|1699950846\n|move|p2a: Dragonite|Earthquake|p1a: Ting-Lu\n|-damage|p1a: Ting-Lu|38\/100\n|move|p1a: Ting-Lu|Whirlwind|p2a: Dragonite\n|drag|p2a: Sneasler|Sneasler, M|76\/100\n|-damage|p2a: Sneasler|64\/100|[from] Spikes\n|\n|-heal|p1a: Ting-Lu|45\/100|[from] item: Leftovers\n|upkeep\n|turn|26\n|\n|t:|1699950858\n|switch|p1a: Zapdos|Zapdos|100\/100\n|move|p2a: Sneasler|Acrobatics|p1a: Zapdos\n|-resisted|p1a: Zapdos\n|-damage|p1a: Zapdos|91\/100\n|\n|upkeep\n|turn|27\n|\n|t:|1699950868\n|move|p2a: Sneasler|Dire Claw|p1a: Zapdos\n|-damage|p1a: Zapdos|47\/100\n|move|p1a: Zapdos|Hurricane|p2a: Sneasler\n|-supereffective|p2a: Sneasler\n|-damage|p2a: Sneasler|0 fnt\n|faint|p2a: Sneasler\n|\n|upkeep\n|\n|t:|1699950876\n|switch|p2a: Gliscor|Gliscor, M|100\/100\n|turn|28\n|\n|t:|1699950881\n|move|p1a: Zapdos|Hurricane|p2a: Gliscor|[miss]\n|-miss|p1a: Zapdos|p2a: Gliscor\n|move|p2a: Gliscor|Toxic|p1a: Zapdos|[miss]\n|-miss|p2a: Gliscor|p1a: Zapdos\n|\n|-status|p2a: Gliscor|tox|[from] item: Toxic Orb\n|upkeep\n|turn|29\n|\n|t:|1699950889\n|move|p1a: Zapdos|Hurricane|p2a: Gliscor\n|-damage|p2a: Gliscor|49\/100 tox\n|move|p2a: Gliscor|Toxic|p1a: Zapdos\n|-status|p1a: Zapdos|tox\n|\n|-damage|p1a: Zapdos|41\/100 tox|[from] psn\n|-heal|p2a: Gliscor|62\/100 tox|[from] ability: Poison Heal\n|upkeep\n|turn|30\n|\n|t:|1699950898\n|move|p2a: Gliscor|Protect|p2a: Gliscor\n|-singleturn|p2a: Gliscor|Protect\n|move|p1a: Zapdos|Roost|p1a: Zapdos\n|-heal|p1a: Zapdos|91\/100 tox\n|-singleturn|p1a: Zapdos|move: Roost\n|\n|-damage|p1a: Zapdos|79\/100 tox|[from] psn\n|-heal|p2a: Gliscor|74\/100 tox|[from] ability: Poison Heal\n|upkeep\n|turn|31\n|\n|t:|1699950908\n|move|p1a: Zapdos|Hurricane|p2a: Gliscor\n|-damage|p2a: Gliscor|28\/100 tox\n|move|p2a: Gliscor|Roost|p2a: Gliscor\n|-heal|p2a: Gliscor|78\/100 tox\n|-singleturn|p2a: Gliscor|move: Roost\n|\n|-damage|p1a: Zapdos|61\/100 tox|[from] psn\n|-heal|p2a: Gliscor|91\/100 tox|[from] ability: Poison Heal\n|upkeep\n|turn|32\n|\n|t:|1699950918\n|switch|p1a: Scizor|Scizor-Mega, M|70\/100\n|move|p2a: Gliscor|Earthquake|p1a: Scizor\n|-damage|p1a: Scizor|53\/100\n|\n|-heal|p2a: Gliscor|100\/100 tox|[from] ability: Poison Heal\n|upkeep\n|turn|33\n|\n|t:|1699950927\n|move|p2a: Gliscor|Earthquake|p1a: Scizor\n|-damage|p1a: Scizor|32\/100\n|move|p1a: Scizor|Roost|p1a: Scizor\n|-heal|p1a: Scizor|82\/100\n|-singleturn|p1a: Scizor|move: Roost\n|\n|upkeep\n|turn|34\n|\n|t:|1699950940\n|move|p1a: Scizor|Bullet Punch|p2a: Gliscor\n|-damage|p2a: Gliscor|77\/100 tox\n|move|p2a: Gliscor|Earthquake|p1a: Scizor\n|-damage|p1a: Scizor|62\/100\n|\n|-heal|p2a: Gliscor|89\/100 tox|[from] ability: Poison Heal\n|upkeep\n|turn|35\n|\n|t:|1699950948\n|move|p2a: Gliscor|Earthquake|p1a: Scizor\n|-damage|p1a: Scizor|44\/100\n|move|p1a: Scizor|Roost|p1a: Scizor\n|-heal|p1a: Scizor|94\/100\n|-singleturn|p1a: Scizor|move: Roost\n|\n|-heal|p2a: Gliscor|100\/100 tox|[from] ability: Poison Heal\n|upkeep\n|turn|36\n|\n|t:|1699950959\n|move|p2a: Gliscor|Earthquake|p1a: Scizor\n|-damage|p1a: Scizor|76\/100\n|move|p1a: Scizor|U-turn|p2a: Gliscor\n|-resisted|p2a: Gliscor\n|-damage|p2a: Gliscor|86\/100 tox\n|\n|t:|1699950964\n|switch|p1a: Rotom|Rotom-Wash|22\/100|[from] U-turn\n|\n|-heal|p2a: Gliscor|99\/100 tox|[from] ability: Poison Heal\n|upkeep\n|turn|37\n|\n|t:|1699950972\n|move|p1a: Rotom|Trick|p2a: Gliscor\n|-activate|p1a: Rotom|move: Trick|[of] p2a: Gliscor\n|-item|p2a: Gliscor|Choice Scarf|[from] move: Trick\n|-item|p1a: Rotom|Toxic Orb|[from] move: Trick\n|move|p2a: Gliscor|Toxic|p1a: Rotom\n|-status|p1a: Rotom|tox\n|\n|-heal|p2a: Gliscor|100\/100 tox|[from] ability: Poison Heal\n|-damage|p1a: Rotom|15\/100 tox|[from] psn\n|upkeep\n|turn|38\n|\n|t:|1699950981\n|move|p2a: Gliscor|Toxic|p1a: Rotom\n|-fail|p1a: Rotom|tox\n|move|p1a: Rotom|Hydro Pump|p2a: Gliscor\n|-supereffective|p2a: Gliscor\n|-damage|p2a: Gliscor|14\/100 tox\n|\n|-heal|p2a: Gliscor|26\/100 tox|[from] ability: Poison Heal\n|-damage|p1a: Rotom|3\/100 tox|[from] psn\n|upkeep\n|turn|39\n|\n|t:|1699950992\n|switch|p2a: Dragonite|Dragonite, F|57\/100 par\n|move|p1a: Rotom|Hydro Pump|p2a: Dragonite\n|-resisted|p2a: Dragonite\n|-damage|p2a: Dragonite|37\/100 par\n|\n|-damage|p1a: Rotom|0 fnt|[from] psn\n|faint|p1a: Rotom\n|upkeep\n|\n|t:|1699951000\n|switch|p1a: Zapdos|Zapdos|61\/100 tox\n|turn|40\n|\n|t:|1699951013\n|switch|p2a: Gliscor|Gliscor, M|26\/100 tox\n|move|p1a: Zapdos|Discharge|p2a: Gliscor\n|-immune|p2a: Gliscor\n|\n|-heal|p2a: Gliscor|39\/100 tox|[from] ability: Poison Heal\n|-damage|p1a: Zapdos|55\/100 tox|[from] psn\n|upkeep\n|turn|41\n|\n|t:|1699951022\n|switch|p1a: Scizor|Scizor-Mega, M|76\/100\n|move|p2a: Gliscor|Roost|p2a: Gliscor\n|-heal|p2a: Gliscor|89\/100 tox\n|-singleturn|p2a: Gliscor|move: Roost\n|\n|-heal|p2a: Gliscor|100\/100 tox|[from] ability: Poison Heal\n|upkeep\n|turn|42\n|\n|t:|1699951041\n|switch|p2a: Dragonite|Dragonite, F|37\/100 par\n|switch|p1a: Ting-Lu|Ting-Lu|45\/100\n|-ability|p1a: Ting-Lu|Vessel of Ruin\n|\n|-heal|p1a: Ting-Lu|51\/100|[from] item: Leftovers\n|upkeep\n|turn|43\n|\n|t:|1699951061\n|move|p2a: Dragonite|Roost|p2a: Dragonite\n|-heal|p2a: Dragonite|87\/100 par\n|-singleturn|p2a: Dragonite|move: Roost\n|move|p1a: Ting-Lu|Whirlwind|p2a: Dragonite\n|drag|p2a: Gliscor|Gliscor, M|100\/100 tox\n|\n|-heal|p1a: Ting-Lu|57\/100|[from] item: Leftovers\n|upkeep\n|turn|44\n|inactive|scarfsaler has 120 seconds left.\n|\n|t:|1699951083\n|switch|p1a: Zapdos|Zapdos|55\/100 tox\n|move|p2a: Gliscor|Toxic|p1a: Zapdos\n|-fail|p1a: Zapdos|tox\n|\n|-damage|p1a: Zapdos|49\/100 tox|[from] psn\n|upkeep\n|turn|45\n|inactive|scarfsaler has 120 seconds left.\n|\n|t:|1699951093\n|move|p2a: Gliscor|Toxic|p1a: Zapdos\n|-fail|p1a: Zapdos|tox\n|move|p1a: Zapdos|Roost|p1a: Zapdos\n|-heal|p1a: Zapdos|99\/100 tox\n|-singleturn|p1a: Zapdos|move: Roost\n|\n|-damage|p1a: Zapdos|87\/100 tox|[from] psn\n|upkeep\n|turn|46\n|\n|t:|1699951105\n|switch|p2a: Dragonite|Dragonite, F|87\/100 par\n|move|p1a: Zapdos|Hurricane|p2a: Dragonite\n|-damage|p2a: Dragonite|35\/100 par\n|\n|-damage|p1a: Zapdos|69\/100 tox|[from] psn\n|upkeep\n|turn|47\n|inactive|scarfsaler has 120 seconds left.\n|\n|t:|1699951127\n|switch|p1a: Rillaboom|Rillaboom, F|100\/100\n|-fieldstart|move: Grassy Terrain|[from] ability: Grassy Surge|[of] p1a: Rillaboom\n|cant|p2a: Dragonite|par\n|\n|upkeep\n|turn|48\n|inactive|scarfsaler has 120 seconds left.\n|\n|t:|1699951137\n|switch|p2a: Gliscor|Gliscor, M|100\/100 tox\n|move|p1a: Rillaboom|Grassy Glide|p2a: Gliscor\n|-damage|p2a: Gliscor|70\/100 tox\n|\n|-heal|p2a: Gliscor|83\/100 tox|[from] ability: Poison Heal\n|upkeep\n|turn|49\n|\n|t:|1699951145\n|switch|p1a: Zapdos|Zapdos|69\/100 tox\n|move|p2a: Gliscor|Toxic|p1a: Zapdos\n|-fail|p1a: Zapdos|tox\n|\n|-heal|p2a: Gliscor|95\/100 tox|[from] ability: Poison Heal\n|-damage|p1a: Zapdos|63\/100 tox|[from] psn\n|upkeep\n|turn|50\n|\n|t:|1699951156\n|move|p2a: Gliscor|Toxic|p1a: Zapdos\n|-fail|p1a: Zapdos|tox\n|move|p1a: Zapdos|Hurricane|p2a: Gliscor\n|-damage|p2a: Gliscor|50\/100 tox\n|-start|p2a: Gliscor|confusion\n|\n|-heal|p2a: Gliscor|62\/100 tox|[from] ability: Poison Heal\n|-damage|p1a: Zapdos|51\/100 tox|[from] psn\n|upkeep\n|turn|51\n|\n|t:|1699951167\n|-activate|p2a: Gliscor|confusion\n|move|p2a: Gliscor|Toxic|p1a: Zapdos\n|-fail|p1a: Zapdos|tox\n|move|p1a: Zapdos|Hurricane|p2a: Gliscor\n|-crit|p2a: Gliscor\n|-damage|p2a: Gliscor|0 fnt\n|faint|p2a: Gliscor\n|\n|-damage|p1a: Zapdos|33\/100 tox|[from] psn\n|-fieldend|move: Grassy Terrain\n|upkeep\n|c|\u2606scarfsaler|wow\n|\n|t:|1699951177\n|switch|p2a: Dragonite|Dragonite, F|35\/100 par\n|turn|52\n|\n|t:|1699951183\n|switch|p1a: Rillaboom|Rillaboom, F|100\/100\n|-fieldstart|move: Grassy Terrain|[from] ability: Grassy Surge|[of] p1a: Rillaboom\n|move|p2a: Dragonite|Roost|p2a: Dragonite\n|-heal|p2a: Dragonite|85\/100 par\n|-singleturn|p2a: Dragonite|move: Roost\n|\n|-heal|p2a: Dragonite|91\/100 par|[from] Grassy Terrain\n|upkeep\n|turn|53\n|c|\u2606saziki|g\n|\n|t:|1699951208\n|move|p1a: Rillaboom|Knock Off|p2a: Dragonite\n|-damage|p2a: Dragonite|61\/100 par\n|-enditem|p2a: Dragonite|Heavy-Duty Boots|[from] move: Knock Off|[of] p1a: Rillaboom\n|cant|p2a: Dragonite|par\n|\n|upkeep\n|turn|54\n|\n|t:|1699951217\n|switch|p1a: Zapdos|Zapdos|33\/100 tox\n|move|p2a: Dragonite|Roost|p2a: Dragonite\n|-heal|p2a: Dragonite|100\/100 par\n|-singleturn|p2a: Dragonite|move: Roost\n|\n|-damage|p1a: Zapdos|27\/100 tox|[from] psn\n|upkeep\n|turn|55\n|\n|t:|1699951230\n|move|p1a: Zapdos|Hurricane|p2a: Dragonite\n|-damage|p2a: Dragonite|75\/100 par\n|cant|p2a: Dragonite|par\n|\n|-damage|p1a: Zapdos|15\/100 tox|[from] psn\n|upkeep\n|turn|56\n|\n|t:|1699951239\n|move|p1a: Zapdos|Roost|p1a: Zapdos\n|-heal|p1a: Zapdos|65\/100 tox\n|-singleturn|p1a: Zapdos|move: Roost\n|cant|p2a: Dragonite|par\n|\n|-heal|p1a: Zapdos|71\/100 tox|[from] Grassy Terrain\n|-damage|p1a: Zapdos|53\/100 tox|[from] psn\n|-fieldend|move: Grassy Terrain\n|upkeep\n|turn|57\n|c|\u2606saziki|\uff1f\uff1f\uff1f\uff1f\uff1f\uff1f\uff1f\n|\n|t:|1699951249\n|move|p1a: Zapdos|Hurricane|p2a: Dragonite|[miss]\n|-miss|p1a: Zapdos|p2a: Dragonite\n|move|p2a: Dragonite|Roost|p2a: Dragonite\n|-heal|p2a: Dragonite|100\/100 par\n|-singleturn|p2a: Dragonite|move: Roost\n|\n|-damage|p1a: Zapdos|29\/100 tox|[from] psn\n|upkeep\n|turn|58\n|\n|t:|1699951258\n|switch|p1a: Rillaboom|Rillaboom, F|100\/100\n|-fieldstart|move: Grassy Terrain|[from] ability: Grassy Surge|[of] p1a: Rillaboom\n|move|p2a: Dragonite|Curse|p2a: Dragonite\n|-unboost|p2a: Dragonite|spe|1\n|-boost|p2a: Dragonite|atk|1\n|-boost|p2a: Dragonite|def|1\n|\n|upkeep\n|turn|59\n|\n|t:|1699951268\n|move|p1a: Rillaboom|Low Kick|p2a: Dragonite\n|-resisted|p2a: Dragonite\n|-damage|p2a: Dragonite|94\/100 par\n|move|p2a: Dragonite|Curse|p2a: Dragonite\n|-unboost|p2a: Dragonite|spe|1\n|-boost|p2a: Dragonite|atk|1\n|-boost|p2a: Dragonite|def|1\n|\n|upkeep\n|turn|60\n|\n|t:|1699951277\n|switch|p1a: Ting-Lu|Ting-Lu|57\/100\n|-ability|p1a: Ting-Lu|Vessel of Ruin\n|cant|p2a: Dragonite|par\n|\n|-heal|p1a: Ting-Lu|63\/100|[from] Grassy Terrain\n|-heal|p1a: Ting-Lu|70\/100|[from] item: Leftovers\n|upkeep\n|turn|61\n|\n|t:|1699951289\n|move|p2a: Dragonite|Curse|p2a: Dragonite\n|-unboost|p2a: Dragonite|spe|1\n|-boost|p2a: Dragonite|atk|1\n|-boost|p2a: Dragonite|def|1\n|move|p1a: Ting-Lu|Whirlwind||[still]\n|-fail|p1a: Ting-Lu\n|\n|-heal|p1a: Ting-Lu|76\/100|[from] Grassy Terrain\n|-heal|p1a: Ting-Lu|82\/100|[from] item: Leftovers\n|upkeep\n|turn|62\n|c|\u2606saziki|only one\n|\n|t:|1699951303\n|switch|p1a: Zapdos|Zapdos|29\/100 tox\n|move|p2a: Dragonite|Curse|p2a: Dragonite\n|-unboost|p2a: Dragonite|spe|1\n|-boost|p2a: Dragonite|atk|1\n|-boost|p2a: Dragonite|def|1\n|\n|-damage|p1a: Zapdos|23\/100 tox|[from] psn\n|-fieldend|move: Grassy Terrain\n|upkeep\n|turn|63\n|\n|t:|1699951314\n|cant|p2a: Dragonite|par\n|move|p1a: Zapdos|Discharge|p2a: Dragonite\n|-damage|p2a: Dragonite|60\/100 par\n|\n|-damage|p1a: Zapdos|11\/100 tox|[from] psn\n|upkeep\n|turn|64\n|\n|t:|1699951321\n|move|p1a: Zapdos|Roost|p1a: Zapdos\n|-heal|p1a: Zapdos|61\/100 tox\n|-singleturn|p1a: Zapdos|move: Roost\n|move|p2a: Dragonite|Roost|p2a: Dragonite\n|-heal|p2a: Dragonite|100\/100 par\n|-singleturn|p2a: Dragonite|move: Roost\n|\n|-damage|p1a: Zapdos|43\/100 tox|[from] psn\n|upkeep\n|turn|65\n|\n|t:|1699951334\n|switch|p1a: Rillaboom|Rillaboom, F|100\/100\n|-fieldstart|move: Grassy Terrain|[from] ability: Grassy Surge|[of] p1a: Rillaboom\n|move|p2a: Dragonite|Extreme Speed|p1a: Rillaboom\n|-damage|p1a: Rillaboom|0 fnt\n|faint|p1a: Rillaboom\n|\n|upkeep\n|\n|t:|1699951340\n|switch|p1a: Zapdos|Zapdos|43\/100 tox\n|turn|66\n|\n|t:|1699951346\n|move|p2a: Dragonite|Extreme Speed|p1a: Zapdos\n|-damage|p1a: Zapdos|0 fnt\n|faint|p1a: Zapdos\n|\n|upkeep\n|l|\u2606scarfsaler\n|inactive|scarfsaler disconnected and has a minute to reconnect!\n|player|p1|\n|c|\u2606saziki|\u62d4\u7ebf\u4e86\uff1f\n|inactive|scarfsaler has 30 seconds to reconnect!\n|inactive|scarfsaler has 20 seconds to reconnect!\n|inactiveoff|Battle timer is now OFF.\n|inactive|Battle timer is ON: inactive players will automatically lose when time's up. (requested by saziki)\n|inactive|scarfsaler has 15 seconds to reconnect!\n|inactive|scarfsaler has 10 seconds to reconnect!\n|inactive|scarfsaler has 5 seconds to reconnect!\n|-message|scarfsaler lost due to inactivity.\n|\n|win|saziki\n|raw|scarfsaler's rating: 1342 &rarr; <strong>1319<\/strong><br \/>(-23 for losing)\n|raw|saziki's rating: 1297 &rarr; <strong>1325<\/strong><br \/>(+28 for winning)\n","uploadtime":1699951461,"views":4,"p1id":"scarfsaler","p2id":"saziki","formatid":"gen9nationaldex","rating":1319,"private":0,"password":""}