{"id":"gen9nationaldex-1994663177","p1":"mergency\u4e71\u821e","p2":"RadvilsTTT","format":"[Gen 9] National Dex","log":"|html|<div class=\"broadcast-blue\"><strong>[Gen 9] National Dex is currently suspecting Sneasler! For information on how to participate check out the <a href=\"https:\/\/www.smogon.com\/forums\/threads\/sv-national-dex-suspect-8-just-dance.3731534\/\">suspect thread<\/a>.<\/strong><\/div>\n|j|\u2606mergency\u4e71\u821e\n|j|\u2606RadvilsTTT\n|t:|1700477518\n|gametype|singles\n|player|p1|mergency\u4e71\u821e|unknown|1453\n|player|p2|RadvilsTTT|youngster-gen4dp|1522\n|teamsize|p1|6\n|teamsize|p2|6\n|gen|9\n|tier|[Gen 9] National Dex\n|rated|\n|rule|HP Percentage Mod: HP is shown in percentages\n|rule|Endless Battle Clause: Forcing endless battles is banned\n|rule|OHKO Clause: OHKO moves are banned\n|rule|Evasion Clause: Evasion abilities, items, and moves are banned\n|rule|Evasion Abilities Clause: Evasion abilities are banned\n|rule|Evasion Items Clause: Evasion items are banned\n|rule|Evasion Moves Clause: Evasion moves are banned\n|rule|Species Clause: Limit one of each Pok\u00e9mon\n|rule|Sleep Clause Mod: Limit one foe put to sleep\n|clearpoke\n|poke|p1|Moltres|\n|poke|p1|Toxapex, F|\n|poke|p1|Ferrothorn, M|\n|poke|p1|Mew|\n|poke|p1|Chansey, F|\n|poke|p1|Scizor, F|\n|poke|p2|Latios, M|\n|poke|p2|Gliscor, F|\n|poke|p2|Ogerpon-Wellspring, F|\n|poke|p2|Clefable, M|\n|poke|p2|Zapdos|\n|poke|p2|Aegislash, M|\n|teampreview\n|inactive|Battle timer is ON: inactive players will automatically lose when time's up. (requested by mergency\u4e71\u821e)\n|\n|t:|1700477553\n|start\n|switch|p1a: \u5c0f\u53ef\u7231|Toxapex, F, shiny|100\/100\n|switch|p2a: Aegislash|Aegislash, M|100\/100\n|turn|1\n|\n|t:|1700477558\n|move|p2a: Aegislash|Substitute|p2a: Aegislash\n|-start|p2a: Aegislash|Substitute\n|-damage|p2a: Aegislash|75\/100\n|move|p1a: \u5c0f\u53ef\u7231|Knock Off|p2a: Aegislash\n|-supereffective|p2a: Aegislash\n|-activate|p2a: Aegislash|move: Substitute|[damage]\n|\n|-heal|p2a: Aegislash|82\/100|[from] item: Leftovers\n|upkeep\n|turn|2\n|\n|t:|1700477575\n|-formechange|p2a: Aegislash|Aegislash-Blade||[from] ability: Stance Change\n|move|p2a: Aegislash|Shadow Ball|p1a: \u5c0f\u53ef\u7231\n|-damage|p1a: \u5c0f\u53ef\u7231|64\/100\n|move|p1a: \u5c0f\u53ef\u7231|Knock Off|p2a: Aegislash\n|-supereffective|p2a: Aegislash\n|-end|p2a: Aegislash|Substitute\n|\n|-heal|p2a: Aegislash|88\/100|[from] item: Leftovers\n|upkeep\n|turn|3\n|\n|t:|1700477590\n|-formechange|p2a: Aegislash|Aegislash||[from] ability: Stance Change\n|move|p2a: Aegislash|King's Shield|p2a: Aegislash\n|-singleturn|p2a: Aegislash|Protect\n|move|p1a: \u5c0f\u53ef\u7231|Toxic Spikes|p2a: Aegislash\n|-sidestart|p2: RadvilsTTT|move: Toxic Spikes\n|\n|-heal|p2a: Aegislash|94\/100|[from] item: Leftovers\n|upkeep\n|turn|4\n|\n|t:|1700477601\n|switch|p1a: Scizor|Scizor, F|100\/100\n|move|p2a: Aegislash|Substitute|p2a: Aegislash\n|-start|p2a: Aegislash|Substitute\n|-damage|p2a: Aegislash|69\/100\n|\n|-heal|p2a: Aegislash|75\/100|[from] item: Leftovers\n|upkeep\n|turn|5\n|\n|t:|1700477608\n|detailschange|p1a: Scizor|Scizor-Mega, F\n|-mega|p1a: Scizor|Scizor|Scizorite\n|move|p1a: Scizor|Knock Off|p2a: Aegislash\n|-supereffective|p2a: Aegislash\n|-end|p2a: Aegislash|Substitute\n|-formechange|p2a: Aegislash|Aegislash-Blade||[from] ability: Stance Change\n|move|p2a: Aegislash|Shadow Ball|p1a: Scizor\n|-damage|p1a: Scizor|66\/100\n|\n|-heal|p2a: Aegislash|81\/100|[from] item: Leftovers\n|upkeep\n|turn|6\n|\n|t:|1700477617\n|-formechange|p2a: Aegislash|Aegislash||[from] ability: Stance Change\n|move|p2a: Aegislash|King's Shield|p2a: Aegislash\n|-singleturn|p2a: Aegislash|Protect\n|move|p1a: Scizor|Roost|p1a: Scizor\n|-heal|p1a: Scizor|100\/100\n|-singleturn|p1a: Scizor|move: Roost\n|\n|-heal|p2a: Aegislash|88\/100|[from] item: Leftovers\n|upkeep\n|turn|7\n|\n|t:|1700477620\n|switch|p2a: Zapdos|Zapdos|100\/100\n|move|p1a: Scizor|Knock Off|p2a: Zapdos\n|-damage|p2a: Zapdos|76\/100\n|-enditem|p2a: Zapdos|Heavy-Duty Boots|[from] move: Knock Off|[of] p1a: Scizor\n|\n|upkeep\n|turn|8\n|\n|t:|1700477629\n|move|p2a: Zapdos|Defog|p1a: Scizor\n|-unboost|p1a: Scizor|evasion|1\n|-sideend|p2: RadvilsTTT|Toxic Spikes|[from] move: Defog|[of] p2a: Zapdos\n|move|p1a: Scizor|Toxic|p2a: Zapdos\n|-status|p2a: Zapdos|tox\n|\n|-damage|p2a: Zapdos|70\/100 tox|[from] psn\n|upkeep\n|turn|9\n|\n|t:|1700477639\n|switch|p1a: \u5c0f\u5b9d\u8d1d|Chansey, F, shiny|100\/100\n|move|p2a: Zapdos|Volt Switch|p1a: \u5c0f\u5b9d\u8d1d\n|-damage|p1a: \u5c0f\u5b9d\u8d1d|91\/100\n|\n|t:|1700477643\n|switch|p2a: Aegislash|Aegislash, M|88\/100|[from] Volt Switch\n|\n|-heal|p2a: Aegislash|94\/100|[from] item: Leftovers\n|upkeep\n|turn|10\n|\n|t:|1700477653\n|move|p2a: Aegislash|Substitute|p2a: Aegislash\n|-start|p2a: Aegislash|Substitute\n|-damage|p2a: Aegislash|69\/100\n|move|p1a: \u5c0f\u5b9d\u8d1d|Wish|p1a: \u5c0f\u5b9d\u8d1d\n|\n|-heal|p2a: Aegislash|75\/100|[from] item: Leftovers\n|upkeep\n|turn|11\n|\n|t:|1700477658\n|switch|p1a: \u5c0f\u5996\u7cbe|Mew, shiny|100\/100\n|-formechange|p2a: Aegislash|Aegislash-Blade||[from] ability: Stance Change\n|move|p2a: Aegislash|Shadow Ball|p1a: \u5c0f\u5996\u7cbe\n|-supereffective|p1a: \u5c0f\u5996\u7cbe\n|-damage|p1a: \u5c0f\u5996\u7cbe|22\/100\n|\n|-heal|p1a: \u5c0f\u5996\u7cbe|100\/100|[from] move: Wish|[wisher] \u5c0f\u5b9d\u8d1d\n|-heal|p2a: Aegislash|81\/100|[from] item: Leftovers\n|upkeep\n|turn|12\n|\n|t:|1700477668\n|-terastallize|p1a: \u5c0f\u5996\u7cbe|Poison\n|move|p1a: \u5c0f\u5996\u7cbe|Cosmic Power|p1a: \u5c0f\u5996\u7cbe\n|-boost|p1a: \u5c0f\u5996\u7cbe|def|1\n|-boost|p1a: \u5c0f\u5996\u7cbe|spd|1\n|move|p2a: Aegislash|Shadow Ball|p1a: \u5c0f\u5996\u7cbe\n|-crit|p1a: \u5c0f\u5996\u7cbe\n|-damage|p1a: \u5c0f\u5996\u7cbe|45\/100\n|\n|-heal|p2a: Aegislash|87\/100|[from] item: Leftovers\n|upkeep\n|turn|13\n|\n|t:|1700477673\n|switch|p2a: Ogerpon|Ogerpon-Wellspring, F|100\/100\n|move|p1a: \u5c0f\u5996\u7cbe|Roost|p1a: \u5c0f\u5996\u7cbe\n|-heal|p1a: \u5c0f\u5996\u7cbe|95\/100\n|\n|upkeep\n|turn|14\n|\n|t:|1700477679\n|move|p2a: Ogerpon|Encore|p1a: \u5c0f\u5996\u7cbe\n|-start|p1a: \u5c0f\u5996\u7cbe|Encore\n|move|p1a: \u5c0f\u5996\u7cbe|Roost|p1a: \u5c0f\u5996\u7cbe\n|-heal|p1a: \u5c0f\u5996\u7cbe|100\/100\n|\n|upkeep\n|turn|15\n|\n|t:|1700477686\n|switch|p1a: \u5c0f\u8214\u72d7|Ferrothorn, M, shiny|100\/100\n|move|p2a: Ogerpon|U-turn|p1a: \u5c0f\u8214\u72d7\n|-damage|p1a: \u5c0f\u8214\u72d7|83\/100\n|-damage|p2a: Ogerpon|88\/100|[from] ability: Iron Barbs|[of] p1a: \u5c0f\u8214\u72d7\n|\n|t:|1700477700\n|switch|p2a: Aegislash|Aegislash, M|87\/100|[from] U-turn\n|\n|-heal|p2a: Aegislash|93\/100|[from] item: Leftovers\n|-heal|p1a: \u5c0f\u8214\u72d7|90\/100|[from] item: Leftovers\n|upkeep\n|turn|16\n|\n|t:|1700477705\n|move|p2a: Aegislash|Substitute|p2a: Aegislash\n|-start|p2a: Aegislash|Substitute\n|-damage|p2a: Aegislash|68\/100\n|move|p1a: \u5c0f\u8214\u72d7|Stealth Rock|p2a: Aegislash\n|-sidestart|p2: RadvilsTTT|move: Stealth Rock\n|\n|-heal|p2a: Aegislash|75\/100|[from] item: Leftovers\n|-heal|p1a: \u5c0f\u8214\u72d7|96\/100|[from] item: Leftovers\n|upkeep\n|turn|17\n|\n|t:|1700477716\n|switch|p1a: \u5c0f\u751c\u751c|Moltres, shiny|100\/100\n|move|p2a: Aegislash|King's Shield||[still]\n|-fail|p2a: Aegislash\n|\n|-heal|p2a: Aegislash|81\/100|[from] item: Leftovers\n|upkeep\n|turn|18\n|\n|t:|1700477721\n|move|p2a: Aegislash|King's Shield|p2a: Aegislash\n|-singleturn|p2a: Aegislash|Protect\n|move|p1a: \u5c0f\u751c\u751c|Mystical Fire|p2a: Aegislash\n|-activate|p2a: Aegislash|move: Protect\n|\n|-heal|p2a: Aegislash|87\/100|[from] item: Leftovers\n|upkeep\n|turn|19\n|\n|t:|1700477725\n|move|p1a: \u5c0f\u751c\u751c|Mystical Fire|p2a: Aegislash\n|-supereffective|p2a: Aegislash\n|-end|p2a: Aegislash|Substitute\n|-formechange|p2a: Aegislash|Aegislash-Blade||[from] ability: Stance Change\n|move|p2a: Aegislash|Shadow Ball|p1a: \u5c0f\u751c\u751c\n|-damage|p1a: \u5c0f\u751c\u751c|64\/100\n|-unboost|p1a: \u5c0f\u751c\u751c|spd|1\n|\n|-heal|p2a: Aegislash|93\/100|[from] item: Leftovers\n|upkeep\n|turn|20\n|\n|t:|1700477740\n|switch|p2a: Gliscor|Gliscor, F|100\/100\n|-damage|p2a: Gliscor|88\/100|[from] Stealth Rock\n|move|p1a: \u5c0f\u751c\u751c|Mystical Fire|p2a: Gliscor\n|-damage|p2a: Gliscor|60\/100\n|-unboost|p2a: Gliscor|spa|1\n|\n|-status|p2a: Gliscor|tox|[from] item: Toxic Orb\n|upkeep\n|turn|21\n|\n|t:|1700477751\n|switch|p1a: Scizor|Scizor-Mega, F|100\/100\n|move|p2a: Gliscor|Roost|p2a: Gliscor\n|-heal|p2a: Gliscor|100\/100 tox\n|-singleturn|p2a: Gliscor|move: Roost\n|\n|upkeep\n|turn|22\n|\n|t:|1700477763\n|move|p2a: Gliscor|Spikes|p1a: Scizor\n|-sidestart|p1: mergency\u4e71\u821e|Spikes\n|move|p1a: Scizor|Knock Off|p2a: Gliscor\n|-damage|p2a: Gliscor|75\/100 tox\n|-enditem|p2a: Gliscor|Toxic Orb|[from] move: Knock Off|[of] p1a: Scizor\n|\n|-heal|p2a: Gliscor|88\/100 tox|[from] ability: Poison Heal\n|upkeep\n|turn|23\n|\n|t:|1700477767\n|switch|p1a: \u5c0f\u751c\u751c|Moltres, shiny|64\/100\n|move|p2a: Gliscor|Spikes|p1a: \u5c0f\u751c\u751c\n|-sidestart|p1: mergency\u4e71\u821e|Spikes\n|\n|-heal|p2a: Gliscor|100\/100 tox|[from] ability: Poison Heal\n|upkeep\n|turn|24\n|\n|t:|1700477772\n|move|p2a: Gliscor|Toxic|p1a: \u5c0f\u751c\u751c\n|-status|p1a: \u5c0f\u751c\u751c|tox\n|move|p1a: \u5c0f\u751c\u751c|Defog|p2a: Gliscor\n|-unboost|p2a: Gliscor|evasion|1\n|-sideend|p2: RadvilsTTT|Stealth Rock|[from] move: Defog|[of] p1a: \u5c0f\u751c\u751c\n|-sideend|p1: mergency\u4e71\u821e|Spikes|[from] move: Defog|[of] p1a: \u5c0f\u751c\u751c\n|\n|-damage|p1a: \u5c0f\u751c\u751c|58\/100 tox|[from] psn\n|upkeep\n|turn|25\n|\n|t:|1700477777\n|move|p2a: Gliscor|Spikes|p1a: \u5c0f\u751c\u751c\n|-sidestart|p1: mergency\u4e71\u821e|Spikes\n|move|p1a: \u5c0f\u751c\u751c|Roost|p1a: \u5c0f\u751c\u751c\n|-heal|p1a: \u5c0f\u751c\u751c|100\/100 tox\n|-singleturn|p1a: \u5c0f\u751c\u751c|move: Roost\n|\n|-damage|p1a: \u5c0f\u751c\u751c|88\/100 tox|[from] psn\n|upkeep\n|turn|26\n|\n|t:|1700477786\n|switch|p1a: \u5c0f\u53ef\u7231|Toxapex, F, shiny|97\/100\n|-damage|p1a: \u5c0f\u53ef\u7231|84\/100|[from] Spikes\n|move|p2a: Gliscor|Spikes|p1a: \u5c0f\u53ef\u7231\n|-sidestart|p1: mergency\u4e71\u821e|Spikes\n|\n|upkeep\n|turn|27\n|\n|t:|1700477788\n|move|p2a: Gliscor|Earthquake|p1a: \u5c0f\u53ef\u7231\n|-supereffective|p1a: \u5c0f\u53ef\u7231\n|-damage|p1a: \u5c0f\u53ef\u7231|46\/100\n|move|p1a: \u5c0f\u53ef\u7231|Toxic Spikes|p2a: Gliscor\n|-sidestart|p2: RadvilsTTT|move: Toxic Spikes\n|\n|upkeep\n|turn|28\n|\n|t:|1700477795\n|move|p2a: Gliscor|Earthquake|p1a: \u5c0f\u53ef\u7231\n|-supereffective|p1a: \u5c0f\u53ef\u7231\n|-damage|p1a: \u5c0f\u53ef\u7231|7\/100\n|move|p1a: \u5c0f\u53ef\u7231|Scald|p2a: Gliscor\n|-supereffective|p2a: Gliscor\n|-damage|p2a: Gliscor|75\/100 tox\n|\n|-heal|p2a: Gliscor|87\/100 tox|[from] ability: Poison Heal\n|upkeep\n|turn|29\n|\n|t:|1700477804\n|switch|p1a: \u5c0f\u751c\u751c|Moltres, shiny|88\/100 tox\n|move|p2a: Gliscor|Spikes|p1a: \u5c0f\u751c\u751c\n|-sidestart|p1: mergency\u4e71\u821e|Spikes\n|\n|-heal|p2a: Gliscor|99\/100 tox|[from] ability: Poison Heal\n|-damage|p1a: \u5c0f\u751c\u751c|82\/100 tox|[from] psn\n|upkeep\n|turn|30\n|\n|t:|1700477812\n|switch|p1a: \u5c0f\u5996\u7cbe|Mew, shiny, tera:Poison|100\/100\n|-damage|p1a: \u5c0f\u5996\u7cbe|75\/100|[from] Spikes\n|move|p2a: Gliscor|Spikes||[still]\n|-fail|p2a: Gliscor\n|\n|-heal|p2a: Gliscor|100\/100 tox|[from] ability: Poison Heal\n|upkeep\n|turn|31\n|\n|t:|1700477818\n|move|p1a: \u5c0f\u5996\u7cbe|Stored Power|p2a: Gliscor\n|-damage|p2a: Gliscor|95\/100 tox\n|move|p2a: Gliscor|Earthquake|p1a: \u5c0f\u5996\u7cbe\n|-supereffective|p1a: \u5c0f\u5996\u7cbe\n|-damage|p1a: \u5c0f\u5996\u7cbe|32\/100\n|\n|-heal|p2a: Gliscor|100\/100 tox|[from] ability: Poison Heal\n|upkeep\n|turn|32\n|\n|t:|1700477833\n|switch|p1a: \u5c0f\u8214\u72d7|Ferrothorn, M, shiny|96\/100\n|-damage|p1a: \u5c0f\u8214\u72d7|71\/100|[from] Spikes\n|switch|p2a: Ogerpon|Ogerpon-Wellspring, F|88\/100\n|-status|p2a: Ogerpon|psn\n|\n|-heal|p1a: \u5c0f\u8214\u72d7|77\/100|[from] item: Leftovers\n|-damage|p2a: Ogerpon|76\/100 psn|[from] psn\n|upkeep\n|turn|33\n|\n|t:|1700477839\n|switch|p2a: Gliscor|Gliscor, F|100\/100 tox\n|move|p1a: \u5c0f\u8214\u72d7|Stealth Rock|p2a: Gliscor\n|-sidestart|p2: RadvilsTTT|move: Stealth Rock\n|\n|-heal|p1a: \u5c0f\u8214\u72d7|83\/100|[from] item: Leftovers\n|upkeep\n|turn|34\n|\n|t:|1700477843\n|move|p2a: Gliscor|Earthquake|p1a: \u5c0f\u8214\u72d7\n|-damage|p1a: \u5c0f\u8214\u72d7|64\/100\n|move|p1a: \u5c0f\u8214\u72d7|Leech Seed|p2a: Gliscor\n|-start|p2a: Gliscor|move: Leech Seed\n|\n|-heal|p1a: \u5c0f\u8214\u72d7|70\/100|[from] item: Leftovers\n|-damage|p2a: Gliscor|88\/100 tox|[from] Leech Seed|[of] p1a: \u5c0f\u8214\u72d7\n|-heal|p1a: \u5c0f\u8214\u72d7|82\/100|[silent]\n|-heal|p2a: Gliscor|100\/100 tox|[from] ability: Poison Heal\n|upkeep\n|turn|35\n|\n|t:|1700477848\n|move|p2a: Gliscor|Earthquake|p1a: \u5c0f\u8214\u72d7\n|-damage|p1a: \u5c0f\u8214\u72d7|63\/100\n|move|p1a: \u5c0f\u8214\u72d7|Gyro Ball|p2a: Gliscor\n|-crit|p2a: Gliscor\n|-damage|p2a: Gliscor|49\/100 tox\n|\n|-heal|p1a: \u5c0f\u8214\u72d7|70\/100|[from] item: Leftovers\n|-damage|p2a: Gliscor|36\/100 tox|[from] Leech Seed|[of] p1a: \u5c0f\u8214\u72d7\n|-heal|p1a: \u5c0f\u8214\u72d7|82\/100|[silent]\n|-heal|p2a: Gliscor|49\/100 tox|[from] ability: Poison Heal\n|upkeep\n|turn|36\n|\n|t:|1700477852\n|move|p2a: Gliscor|Roost|p2a: Gliscor\n|-heal|p2a: Gliscor|99\/100 tox\n|-singleturn|p2a: Gliscor|move: Roost\n|move|p1a: \u5c0f\u8214\u72d7|Gyro Ball|p2a: Gliscor\n|-damage|p2a: Gliscor|63\/100 tox\n|\n|-heal|p1a: \u5c0f\u8214\u72d7|88\/100|[from] item: Leftovers\n|-damage|p2a: Gliscor|51\/100 tox|[from] Leech Seed|[of] p1a: \u5c0f\u8214\u72d7\n|-heal|p1a: \u5c0f\u8214\u72d7|100\/100|[silent]\n|-heal|p2a: Gliscor|63\/100 tox|[from] ability: Poison Heal\n|upkeep\n|turn|37\n|\n|t:|1700477856\n|switch|p2a: Zapdos|Zapdos|70\/100 tox\n|-damage|p2a: Zapdos|45\/100 tox|[from] Stealth Rock\n|move|p1a: \u5c0f\u8214\u72d7|Body Press|p2a: Zapdos\n|-resisted|p2a: Zapdos\n|-damage|p2a: Zapdos|32\/100 tox\n|-status|p1a: \u5c0f\u8214\u72d7|par|[from] ability: Static|[of] p2a: Zapdos\n|\n|-damage|p2a: Zapdos|26\/100 tox|[from] psn\n|upkeep\n|turn|38\n|\n|t:|1700477867\n|switch|p1a: \u5c0f\u5b9d\u8d1d|Chansey, F, shiny|91\/100\n|-damage|p1a: \u5c0f\u5b9d\u8d1d|66\/100|[from] Spikes\n|move|p2a: Zapdos|Roost|p2a: Zapdos\n|-heal|p2a: Zapdos|76\/100 tox\n|-singleturn|p2a: Zapdos|move: Roost\n|\n|-damage|p2a: Zapdos|64\/100 tox|[from] psn\n|upkeep\n|turn|39\n|\n|t:|1700477871\n|move|p2a: Zapdos|Defog|p1a: \u5c0f\u5b9d\u8d1d\n|-unboost|p1a: \u5c0f\u5b9d\u8d1d|evasion|1\n|-sideend|p1: mergency\u4e71\u821e|Spikes|[from] move: Defog|[of] p2a: Zapdos\n|-sideend|p2: RadvilsTTT|Toxic Spikes|[from] move: Defog|[of] p2a: Zapdos\n|-sideend|p2: RadvilsTTT|Stealth Rock|[from] move: Defog|[of] p2a: Zapdos\n|move|p1a: \u5c0f\u5b9d\u8d1d|Wish|p1a: \u5c0f\u5b9d\u8d1d\n|\n|-damage|p2a: Zapdos|46\/100 tox|[from] psn\n|upkeep\n|turn|40\n|\n|t:|1700477875\n|switch|p1a: \u5c0f\u5996\u7cbe|Mew, shiny, tera:Poison|32\/100\n|move|p2a: Zapdos|Volt Switch|p1a: \u5c0f\u5996\u7cbe\n|-damage|p1a: \u5c0f\u5996\u7cbe|10\/100\n|\n|t:|1700477884\n|switch|p2a: Latios|Latios, M|100\/100|[from] Volt Switch\n|\n|-heal|p1a: \u5c0f\u5996\u7cbe|97\/100|[from] move: Wish|[wisher] \u5c0f\u5b9d\u8d1d\n|upkeep\n|turn|41\n|\n|t:|1700477891\n|detailschange|p2a: Latios|Latios-Mega, M\n|-mega|p2a: Latios|Latios|Latiosite\n|move|p2a: Latios|Psyshock|p1a: \u5c0f\u5996\u7cbe\n|-supereffective|p1a: \u5c0f\u5996\u7cbe\n|-damage|p1a: \u5c0f\u5996\u7cbe|32\/100\n|move|p1a: \u5c0f\u5996\u7cbe|Cosmic Power|p1a: \u5c0f\u5996\u7cbe\n|-boost|p1a: \u5c0f\u5996\u7cbe|def|1\n|-boost|p1a: \u5c0f\u5996\u7cbe|spd|1\n|\n|upkeep\n|turn|42\n|\n|t:|1700477899\n|move|p2a: Latios|Psyshock|p1a: \u5c0f\u5996\u7cbe\n|-supereffective|p1a: \u5c0f\u5996\u7cbe\n|-damage|p1a: \u5c0f\u5996\u7cbe|0 fnt\n|faint|p1a: \u5c0f\u5996\u7cbe\n|\n|upkeep\n|-message|mergency\u4e71\u821e forfeited.\n|\n|win|RadvilsTTT\n|raw|mergency\u4e71\u821e's rating: 1453 &rarr; <strong>1438<\/strong><br \/>(-15 for losing)\n|raw|RadvilsTTT's rating: 1536 &rarr; <strong>1551<\/strong><br \/>(+15 for winning)\n|l|\u2606mergency\u4e71\u821e\n|c|\u2606RadvilsTTT|the latios disrespect...\n","uploadtime":1700477920,"views":2,"p1id":"mergency","p2id":"radvilsttt","formatid":"gen9nationaldex","rating":1438,"private":0,"password":""}