{"id":"gen9nationaldex-1989764029","p1":"Tomolive502","p2":"enenooxx3","format":"[Gen 9] National Dex","log":"|j|\u2606Tomolive502\n|j|\u2606enenooxx3\n|t:|1699893730\n|gametype|singles\n|player|p1|Tomolive502|baker|1500\n|player|p2|enenooxx3|beauty-gen4dp|1398\n|teamsize|p1|6\n|teamsize|p2|6\n|gen|9\n|tier|[Gen 9] National Dex\n|rated|\n|rule|HP Percentage Mod: HP is shown in percentages\n|rule|Endless Battle Clause: Forcing endless battles is banned\n|rule|OHKO Clause: OHKO moves are banned\n|rule|Evasion Clause: Evasion abilities, items, and moves are banned\n|rule|Evasion Abilities Clause: Evasion abilities are banned\n|rule|Evasion Items Clause: Evasion items are banned\n|rule|Evasion Moves Clause: Evasion moves are banned\n|rule|Species Clause: Limit one of each Pok\u00e9mon\n|rule|Sleep Clause Mod: Limit one foe put to sleep\n|clearpoke\n|poke|p1|Scizor, F|\n|poke|p1|Volcarona, F|\n|poke|p1|Urshifu-*, M|\n|poke|p1|Glimmora, F|\n|poke|p1|Dragonite, M|\n|poke|p1|Tapu Lele|\n|poke|p2|Articuno-Galar|\n|poke|p2|Glimmora, M|\n|poke|p2|Banette, F|\n|poke|p2|Hatterene, F|\n|poke|p2|Great Tusk|\n|poke|p2|Hydreigon, F|\n|teampreview\n|\n|t:|1699893735\n|start\n|switch|p1a: Glimmora|Glimmora, F|100\/100\n|switch|p2a: Glimmora|Glimmora, M|100\/100\n|turn|1\n|\n|t:|1699893739\n|move|p1a: Glimmora|Earth Power|p2a: Glimmora\n|-supereffective|p2a: Glimmora\n|-enditem|p2a: Glimmora|Focus Sash\n|-damage|p2a: Glimmora|1\/100\n|move|p2a: Glimmora|Earth Power|p1a: Glimmora\n|-supereffective|p1a: Glimmora\n|-enditem|p1a: Glimmora|Focus Sash\n|-damage|p1a: Glimmora|1\/100\n|\n|upkeep\n|turn|2\n|\n|t:|1699893742\n|move|p2a: Glimmora|Earth Power|p1a: Glimmora\n|-supereffective|p1a: Glimmora\n|-damage|p1a: Glimmora|0 fnt\n|faint|p1a: Glimmora\n|\n|upkeep\n|\n|t:|1699893747\n|switch|p1a: Tapu Lele|Tapu Lele|100\/100\n|-fieldstart|move: Psychic Terrain|[from] ability: Psychic Surge|[of] p1a: Tapu Lele\n|turn|3\n|\n|t:|1699893752\n|move|p1a: Tapu Lele|Moonblast|p2a: Glimmora\n|-resisted|p2a: Glimmora\n|-damage|p2a: Glimmora|0 fnt\n|faint|p2a: Glimmora\n|\n|upkeep\n|\n|t:|1699893757\n|switch|p2a: Articuno|Articuno-Galar|100\/100\n|turn|4\n|\n|t:|1699893763\n|move|p1a: Tapu Lele|Shadow Ball|p2a: Articuno\n|-supereffective|p2a: Articuno\n|-damage|p2a: Articuno|50\/100\n|move|p2a: Articuno|Agility|p2a: Articuno\n|-boost|p2a: Articuno|spe|2\n|\n|-heal|p2a: Articuno|57\/100|[from] item: Leftovers\n|upkeep\n|turn|5\n|\n|t:|1699893776\n|switch|p1a: Scizor|Scizor, F|100\/100\n|move|p2a: Articuno|Recover|p2a: Articuno\n|-heal|p2a: Articuno|100\/100\n|\n|upkeep\n|turn|6\n|\n|t:|1699893781\n|detailschange|p1a: Scizor|Scizor-Mega, F\n|-mega|p1a: Scizor|Scizor|Scizorite\n|move|p2a: Articuno|Calm Mind|p2a: Articuno\n|-boost|p2a: Articuno|spa|1\n|-boost|p2a: Articuno|spd|1\n|move|p1a: Scizor|Swords Dance|p1a: Scizor\n|-boost|p1a: Scizor|atk|2\n|\n|upkeep\n|turn|7\n|\n|t:|1699893796\n|switch|p2a: Banette|Banette, F|100\/100\n|move|p1a: Scizor|Bullet Punch|p2a: Banette\n|-activate|p2a: Banette|move: Psychic Terrain\n|\n|-fieldend|move: Psychic Terrain\n|upkeep\n|turn|8\n|\n|t:|1699893811\n|switch|p1a: Volcarona|Volcarona, F|100\/100\n|detailschange|p2a: Banette|Banette-Mega, F\n|-mega|p2a: Banette|Banette|Banettite\n|move|p2a: Banette|Destiny Bond|p2a: Banette\n|-singlemove|p2a: Banette|Destiny Bond\n|\n|upkeep\n|turn|9\n|\n|t:|1699893816\n|move|p1a: Volcarona|Quiver Dance|p1a: Volcarona\n|-boost|p1a: Volcarona|spa|1\n|-boost|p1a: Volcarona|spd|1\n|-boost|p1a: Volcarona|spe|1\n|move|p2a: Banette|Poltergeist|p1a: Volcarona\n|-activate|p1a: Volcarona|move: Poltergeist|Heavy-Duty Boots\n|-damage|p1a: Volcarona|26\/100\n|\n|upkeep\n|turn|10\n|\n|t:|1699893832\n|move|p2a: Banette|Encore|p1a: Volcarona\n|-start|p1a: Volcarona|Encore\n|move|p1a: Volcarona|Quiver Dance|p1a: Volcarona\n|-boost|p1a: Volcarona|spa|1\n|-boost|p1a: Volcarona|spd|1\n|-boost|p1a: Volcarona|spe|1\n|\n|upkeep\n|turn|11\n|\n|t:|1699893844\n|switch|p1a: Urshifu|Urshifu-Rapid-Strike, M|100\/100\n|move|p2a: Banette|Poltergeist|p1a: Urshifu\n|-activate|p1a: Urshifu|move: Poltergeist|Protective Pads\n|-damage|p1a: Urshifu|25\/100\n|\n|upkeep\n|turn|12\n|\n|t:|1699893855\n|switch|p2a: Hydreigon|Hydreigon, F|100\/100\n|move|p1a: Urshifu|Surging Strikes|p2a: Hydreigon\n|-resisted|p2a: Hydreigon\n|-crit|p2a: Hydreigon\n|-damage|p2a: Hydreigon|91\/100\n|-resisted|p2a: Hydreigon\n|-crit|p2a: Hydreigon\n|-damage|p2a: Hydreigon|82\/100\n|-resisted|p2a: Hydreigon\n|-crit|p2a: Hydreigon\n|-damage|p2a: Hydreigon|72\/100\n|-hitcount|p2a: Hydreigon|3\n|\n|-heal|p2a: Hydreigon|78\/100|[from] item: Leftovers\n|upkeep\n|turn|13\n|\n|t:|1699893868\n|switch|p1a: Tapu Lele|Tapu Lele|100\/100\n|-fieldstart|move: Psychic Terrain|[from] ability: Psychic Surge|[of] p1a: Tapu Lele\n|move|p2a: Hydreigon|Fire Spin|p1a: Tapu Lele\n|-damage|p1a: Tapu Lele|89\/100\n|-activate|p1a: Tapu Lele|move: Fire Spin|[of] p2a: Hydreigon\n|\n|-heal|p2a: Hydreigon|84\/100|[from] item: Leftovers\n|-damage|p1a: Tapu Lele|77\/100|[from] move: Fire Spin|[partiallytrapped]\n|upkeep\n|turn|14\n|\n|t:|1699893905\n|switch|p2a: Articuno|Articuno-Galar|100\/100\n|move|p1a: Tapu Lele|Moonblast|p2a: Articuno\n|-damage|p2a: Articuno|58\/100\n|\n|-heal|p2a: Articuno|65\/100|[from] item: Leftovers\n|-end|p1a: Tapu Lele|Fire Spin|[partiallytrapped]|[silent]\n|upkeep\n|turn|15\n|\n|t:|1699893912\n|move|p1a: Tapu Lele|Moonblast|p2a: Articuno\n|-damage|p2a: Articuno|23\/100\n|move|p2a: Articuno|Recover|p2a: Articuno\n|-heal|p2a: Articuno|73\/100\n|\n|-heal|p2a: Articuno|79\/100|[from] item: Leftovers\n|upkeep\n|turn|16\n|\n|t:|1699893922\n|move|p1a: Tapu Lele|Shadow Ball|p2a: Articuno\n|-supereffective|p2a: Articuno\n|-damage|p2a: Articuno|30\/100\n|-unboost|p2a: Articuno|spd|1\n|-ability|p2a: Articuno|Competitive|boost\n|-boost|p2a: Articuno|spa|2\n|move|p2a: Articuno|Agility|p2a: Articuno\n|-boost|p2a: Articuno|spe|2\n|\n|-heal|p2a: Articuno|37\/100|[from] item: Leftovers\n|upkeep\n|turn|17\n|\n|t:|1699893930\n|move|p2a: Articuno|Recover|p2a: Articuno\n|-heal|p2a: Articuno|87\/100\n|move|p1a: Tapu Lele|Shadow Ball|p2a: Articuno\n|-supereffective|p2a: Articuno\n|-damage|p2a: Articuno|17\/100\n|\n|-heal|p2a: Articuno|24\/100|[from] item: Leftovers\n|-fieldend|move: Psychic Terrain\n|upkeep\n|turn|18\n|\n|t:|1699893950\n|switch|p1a: Dragonite|Dragonite, M|100\/100\n|move|p2a: Articuno|Stored Power|p1a: Dragonite\n|-damage|p1a: Dragonite|61\/100\n|\n|-heal|p2a: Articuno|30\/100|[from] item: Leftovers\n|upkeep\n|turn|19\n|\n|t:|1699893957\n|switch|p2a: Banette|Banette-Mega, F|100\/100\n|move|p1a: Dragonite|Extreme Speed|p2a: Banette\n|-immune|p2a: Banette\n|\n|upkeep\n|turn|20\n|\n|t:|1699893959\n|move|p2a: Banette|Encore|p1a: Dragonite\n|-start|p1a: Dragonite|Encore\n|move|p1a: Dragonite|Extreme Speed|p2a: Banette\n|-immune|p2a: Banette\n|\n|upkeep\n|turn|21\n|\n|t:|1699893965\n|switch|p1a: Scizor|Scizor-Mega, F|100\/100\n|move|p2a: Banette|Poltergeist|p1a: Scizor\n|-activate|p1a: Scizor|move: Poltergeist|Scizorite\n|-damage|p1a: Scizor|37\/100\n|\n|upkeep\n|turn|22\n|\n|t:|1699893973\n|move|p1a: Scizor|Bullet Punch|p2a: Banette\n|-damage|p2a: Banette|44\/100\n|move|p2a: Banette|Poltergeist|p1a: Scizor\n|-activate|p1a: Scizor|move: Poltergeist|Scizorite\n|-damage|p1a: Scizor|0 fnt\n|faint|p1a: Scizor\n|\n|upkeep\n|\n|t:|1699893978\n|switch|p1a: Volcarona|Volcarona, F|26\/100\n|turn|23\n|\n|t:|1699893983\n|move|p2a: Banette|Shadow Sneak|p1a: Volcarona\n|-damage|p1a: Volcarona|0 fnt\n|faint|p1a: Volcarona\n|\n|upkeep\n|\n|t:|1699893988\n|switch|p1a: Tapu Lele|Tapu Lele|77\/100\n|-fieldstart|move: Psychic Terrain|[from] ability: Psychic Surge|[of] p1a: Tapu Lele\n|turn|24\n|\n|t:|1699893994\n|move|p2a: Banette|Destiny Bond|p2a: Banette\n|-singlemove|p2a: Banette|Destiny Bond\n|move|p1a: Tapu Lele|Moonblast|p2a: Banette\n|-damage|p2a: Banette|0 fnt\n|faint|p2a: Banette\n|-activate|p2a: Banette|move: Destiny Bond\n|faint|p1a: Tapu Lele\n|\n|upkeep\n|\n|t:|1699894003\n|switch|p1a: Dragonite|Dragonite, M|61\/100\n|switch|p2a: Hatterene|Hatterene, F|100\/100\n|turn|25\n|\n|t:|1699894009\n|-terastallize|p1a: Dragonite|Normal\n|move|p1a: Dragonite|Dragon Dance|p1a: Dragonite\n|-boost|p1a: Dragonite|atk|1\n|-boost|p1a: Dragonite|spe|1\n|move|p2a: Hatterene|Nuzzle|p1a: Dragonite\n|-damage|p1a: Dragonite|57\/100\n|-status|p1a: Dragonite|par\n|\n|upkeep\n|turn|26\n|\n|t:|1699894014\n|cant|p1a: Dragonite|par\n|move|p2a: Hatterene|Draining Kiss|p1a: Dragonite\n|-damage|p1a: Dragonite|34\/100 par\n|\n|upkeep\n|turn|27\n|\n|t:|1699894017\n|move|p1a: Dragonite|Dragon Dance|p1a: Dragonite\n|-boost|p1a: Dragonite|atk|1\n|-boost|p1a: Dragonite|spe|1\n|move|p2a: Hatterene|Psyshock|p1a: Dragonite\n|-damage|p1a: Dragonite|0 fnt\n|faint|p1a: Dragonite\n|\n|upkeep\n|\n|t:|1699894020\n|switch|p1a: Urshifu|Urshifu-Rapid-Strike, M|25\/100\n|turn|28\n|\n|t:|1699894025\n|-terastallize|p2a: Hatterene|Water\n|move|p1a: Urshifu|Surging Strikes|p2a: Hatterene\n|-resisted|p2a: Hatterene\n|-crit|p2a: Hatterene\n|-damage|p2a: Hatterene|92\/100\n|-resisted|p2a: Hatterene\n|-crit|p2a: Hatterene\n|-damage|p2a: Hatterene|84\/100\n|-resisted|p2a: Hatterene\n|-crit|p2a: Hatterene\n|-damage|p2a: Hatterene|76\/100\n|-hitcount|p2a: Hatterene|3\n|move|p2a: Hatterene|Psyshock|p1a: Urshifu\n|-supereffective|p1a: Urshifu\n|-damage|p1a: Urshifu|0 fnt\n|faint|p1a: Urshifu\n|\n|win|enenooxx3\n|raw|Tomolive502's rating: 1500 &rarr; <strong>1474<\/strong><br \/>(-26 for losing)\n|raw|enenooxx3's rating: 1398 &rarr; <strong>1424<\/strong><br \/>(+26 for winning)\n|l|\u2606Tomolive502\n","uploadtime":1699894037,"views":4,"p1id":"tomolive502","p2id":"enenooxx3","formatid":"gen9nationaldex","rating":1424,"private":0,"password":""}