{"id":"gen9nationaldex-1997806348","p1":"SCP-4666","p2":"Dabman1069","format":"[Gen 9] National Dex","log":"|html|<div class=\"broadcast-blue\"><strong>[Gen 9] National Dex is currently suspecting Sneasler! For information on how to participate check out the <a href=\"https:\/\/www.smogon.com\/forums\/threads\/sv-national-dex-suspect-8-just-dance.3731534\/\">suspect thread<\/a>.<\/strong><\/div>\n|j|\u2606SCP-4666\n|j|\u2606Dabman1069\n|t:|1700854712\n|gametype|singles\n|player|p1|SCP-4666|101|1599\n|player|p2|Dabman1069|steven-masters2|1687\n|teamsize|p1|6\n|teamsize|p2|6\n|gen|9\n|tier|[Gen 9] National Dex\n|rated|\n|rule|HP Percentage Mod: HP is shown in percentages\n|rule|Endless Battle Clause: Forcing endless battles is banned\n|rule|OHKO Clause: OHKO moves are banned\n|rule|Evasion Clause: Evasion abilities, items, and moves are banned\n|rule|Evasion Abilities Clause: Evasion abilities are banned\n|rule|Evasion Items Clause: Evasion items are banned\n|rule|Evasion Moves Clause: Evasion moves are banned\n|rule|Species Clause: Limit one of each Pok\u00e9mon\n|rule|Sleep Clause Mod: Limit one foe put to sleep\n|clearpoke\n|poke|p1|Gliscor, M|\n|poke|p1|Sableye, M|\n|poke|p1|Corviknight, M|\n|poke|p1|Chansey, F|\n|poke|p1|Clodsire, F|\n|poke|p1|Dondozo, F|\n|poke|p2|Torkoal, F|\n|poke|p2|Charizard, F|\n|poke|p2|Iron Moth|\n|poke|p2|Heliolisk, M|\n|poke|p2|Landorus-Therian, M|\n|poke|p2|Weavile, M|\n|teampreview\n|c|\u2606Dabman1069|GL\n|c|\u2606SCP-4666|Fuck jannies\n|c|\u2606SCP-4666|gl hd\n|c|\u2606SCP-4666|hf\n|inactive|Battle timer is ON: inactive players will automatically lose when time's up. (requested by SCP-4666)\n|c|\u2606Dabman1069|what are jannies\n|c|\u2606Dabman1069|a person employed to clean and maintain a building, esp the public areas in a block of flats or office building; porter. Collins English Dictionary.\n|c|\u2606Dabman1069|a janitor?\n|inactive|Dabman1069 has 120 seconds left.\n|\n|t:|1700854763\n|start\n|switch|p1a: Sableye|Sableye, M|100\/100\n|switch|p2a: Weavile|Weavile, M|100\/100\n|-ability|p2a: Weavile|Pressure\n|turn|1\n|\n|t:|1700854770\n|switch|p2a: Torkoal|Torkoal, F|100\/100\n|-weather|SunnyDay|[from] ability: Drought|[of] p2a: Torkoal\n|detailschange|p1a: Sableye|Sableye-Mega, M\n|-mega|p1a: Sableye|Sableye|Sablenite\n|move|p1a: Sableye|Will-O-Wisp|p2a: Torkoal\n|-immune|p2a: Torkoal\n|\n|-weather|SunnyDay|[upkeep]\n|upkeep\n|turn|2\n|\n|t:|1700854779\n|switch|p1a: Chansey|Chansey, F|100\/100\n|move|p2a: Torkoal|Lava Plume|p1a: Chansey\n|-damage|p1a: Chansey|89\/100\n|\n|-weather|SunnyDay|[upkeep]\n|upkeep\n|turn|3\n|\n|t:|1700854786\n|switch|p2a: Weavile|Weavile, M|100\/100\n|-ability|p2a: Weavile|Pressure\n|move|p1a: Chansey|Stealth Rock|p2a: Weavile\n|-sidestart|p2: Dabman1069|move: Stealth Rock\n|\n|-weather|SunnyDay|[upkeep]\n|upkeep\n|turn|4\n|\n|t:|1700854794\n|switch|p1a: Corviknight|Corviknight, M|100\/100\n|-ability|p1a: Corviknight|Pressure\n|move|p2a: Weavile|Triple Axel|p1a: Corviknight|[miss]\n|-miss|p2a: Weavile|p1a: Corviknight\n|\n|-weather|SunnyDay|[upkeep]\n|upkeep\n|turn|5\n|\n|t:|1700854806\n|switch|p2a: Landorus|Landorus-Therian, M|100\/100\n|-damage|p2a: Landorus|88\/100|[from] Stealth Rock\n|-ability|p2a: Landorus|Intimidate|boost\n|-unboost|p1a: Corviknight|atk|1\n|switch|p1a: Chansey|Chansey, F|89\/100\n|\n|-weather|SunnyDay|[upkeep]\n|upkeep\n|turn|6\n|\n|t:|1700854816\n|switch|p1a: Gliscor|Gliscor, M|100\/100\n|move|p2a: Landorus|Defog|p1a: Gliscor\n|-unboost|p1a: Gliscor|evasion|1\n|-sideend|p2: Dabman1069|Stealth Rock|[from] move: Defog|[of] p2a: Landorus\n|\n|-weather|SunnyDay|[upkeep]\n|-status|p1a: Gliscor|tox|[from] item: Toxic Orb\n|upkeep\n|turn|7\n|\n|t:|1700854821\n|move|p1a: Gliscor|Substitute|p1a: Gliscor\n|-start|p1a: Gliscor|Substitute\n|-damage|p1a: Gliscor|76\/100 tox\n|move|p2a: Landorus|U-turn|p1a: Gliscor\n|-resisted|p1a: Gliscor\n|-activate|p1a: Gliscor|move: Substitute|[damage]\n|\n|t:|1700854825\n|switch|p2a: Weavile|Weavile, M|100\/100|[from] U-turn\n|-ability|p2a: Weavile|Pressure\n|\n|-weather|SunnyDay|[upkeep]\n|-heal|p1a: Gliscor|88\/100 tox|[from] ability: Poison Heal\n|upkeep\n|turn|8\n|\n|t:|1700854829\n|move|p2a: Weavile|Beat Up|p1a: Gliscor\n|-activate|p1a: Gliscor|move: Substitute|[damage]\n|-activate|p1a: Gliscor|move: Substitute|[damage]\n|-end|p1a: Gliscor|Substitute\n|-damage|p1a: Gliscor|83\/100 tox\n|-damage|p1a: Gliscor|74\/100 tox\n|-damage|p1a: Gliscor|69\/100 tox\n|-hitcount|p1a: Gliscor|6\n|move|p1a: Gliscor|Toxic|p2a: Weavile\n|-status|p2a: Weavile|tox\n|\n|-weather|none\n|-damage|p2a: Weavile|94\/100 tox|[from] psn\n|-heal|p1a: Gliscor|81\/100 tox|[from] ability: Poison Heal\n|upkeep\n|turn|9\n|\n|t:|1700854843\n|switch|p2a: Torkoal|Torkoal, F|100\/100\n|-weather|SunnyDay|[from] ability: Drought|[of] p2a: Torkoal\n|move|p1a: Gliscor|Protect||[still]\n|-fail|p1a: Gliscor\n|\n|-weather|SunnyDay|[upkeep]\n|-heal|p1a: Gliscor|94\/100 tox|[from] ability: Poison Heal\n|upkeep\n|turn|10\n|\n|t:|1700854861\n|move|p1a: Gliscor|Substitute|p1a: Gliscor\n|-start|p1a: Gliscor|Substitute\n|-damage|p1a: Gliscor|69\/100 tox\n|move|p2a: Torkoal|Lava Plume|p1a: Gliscor\n|-end|p1a: Gliscor|Substitute\n|\n|-weather|SunnyDay|[upkeep]\n|-heal|p1a: Gliscor|81\/100 tox|[from] ability: Poison Heal\n|upkeep\n|turn|11\n|\n|t:|1700854866\n|move|p1a: Gliscor|Protect|p1a: Gliscor\n|-singleturn|p1a: Gliscor|Protect\n|move|p2a: Torkoal|Lava Plume|p1a: Gliscor\n|-activate|p1a: Gliscor|move: Protect\n|\n|-weather|SunnyDay|[upkeep]\n|-heal|p1a: Gliscor|94\/100 tox|[from] ability: Poison Heal\n|upkeep\n|turn|12\n|\n|t:|1700854869\n|switch|p1a: Clodsire|Clodsire, F|100\/100\n|move|p2a: Torkoal|Lava Plume|p1a: Clodsire\n|-damage|p1a: Clodsire|82\/100\n|\n|-weather|SunnyDay|[upkeep]\n|-heal|p1a: Clodsire|88\/100|[from] item: Leftovers\n|upkeep\n|turn|13\n|\n|t:|1700854893\n|move|p1a: Clodsire|Spikes|p2a: Torkoal\n|-sidestart|p2: Dabman1069|Spikes\n|move|p2a: Torkoal|Stealth Rock|p1a: Clodsire\n|-sidestart|p1: SCP-4666|move: Stealth Rock\n|\n|-weather|SunnyDay|[upkeep]\n|-heal|p1a: Clodsire|94\/100|[from] item: Leftovers\n|upkeep\n|turn|14\n|\n|t:|1700854900\n|switch|p2a: Landorus|Landorus-Therian, M|88\/100\n|-ability|p2a: Landorus|Intimidate|boost\n|-unboost|p1a: Clodsire|atk|1\n|move|p1a: Clodsire|Toxic|p2a: Landorus\n|-status|p2a: Landorus|tox\n|\n|-weather|SunnyDay|[upkeep]\n|-heal|p1a: Clodsire|100\/100|[from] item: Leftovers\n|-damage|p2a: Landorus|82\/100 tox|[from] psn\n|upkeep\n|turn|15\n|\n|t:|1700854908\n|switch|p1a: Corviknight|Corviknight, M|100\/100\n|-damage|p1a: Corviknight|88\/100|[from] Stealth Rock\n|-ability|p1a: Corviknight|Pressure\n|move|p2a: Landorus|U-turn|p1a: Corviknight\n|-resisted|p1a: Corviknight\n|-damage|p1a: Corviknight|85\/100\n|\n|t:|1700854918\n|switch|p2a: Charizard|Charizard, F|100\/100|[from] U-turn\n|\n|-weather|SunnyDay|[upkeep]\n|-heal|p1a: Corviknight|91\/100|[from] item: Leftovers\n|upkeep\n|turn|16\n|\n|t:|1700854922\n|switch|p1a: Chansey|Chansey, F|89\/100\n|-damage|p1a: Chansey|77\/100|[from] Stealth Rock\n|detailschange|p2a: Charizard|Charizard-Mega-X, F\n|-mega|p2a: Charizard|Charizard|Charizardite X\n|move|p2a: Charizard|Dragon Dance|p2a: Charizard\n|-boost|p2a: Charizard|atk|1\n|-boost|p2a: Charizard|spe|1\n|\n|-weather|none\n|upkeep\n|turn|17\n|\n|t:|1700854927\n|switch|p1a: Dondozo|Dondozo, F|100\/100\n|-damage|p1a: Dondozo|88\/100|[from] Stealth Rock\n|move|p2a: Charizard|Dragon Claw|p1a: Dondozo\n|-damage|p1a: Dondozo|65\/100\n|\n|-heal|p1a: Dondozo|71\/100|[from] item: Leftovers\n|upkeep\n|turn|18\n|\n|t:|1700854933\n|move|p2a: Charizard|Dragon Claw|p1a: Dondozo\n|-damage|p1a: Dondozo|46\/100\n|move|p1a: Dondozo|Liquidation|p2a: Charizard\n|-damage|p2a: Charizard|69\/100\n|\n|-heal|p1a: Dondozo|52\/100|[from] item: Leftovers\n|upkeep\n|turn|19\n|\n|t:|1700854936\n|move|p2a: Charizard|Dragon Claw|p1a: Dondozo\n|-damage|p1a: Dondozo|27\/100\n|move|p1a: Dondozo|Liquidation|p2a: Charizard\n|-crit|p2a: Charizard\n|-damage|p2a: Charizard|24\/100\n|\n|-heal|p1a: Dondozo|34\/100|[from] item: Leftovers\n|upkeep\n|turn|20\n|\n|t:|1700854953\n|switch|p2a: Landorus|Landorus-Therian, M|82\/100 tox\n|-ability|p2a: Landorus|Intimidate|boost\n|-unboost|p1a: Dondozo|atk|1\n|move|p1a: Dondozo|Rest|p1a: Dondozo\n|-status|p1a: Dondozo|slp|[from] move: Rest\n|-heal|p1a: Dondozo|100\/100 slp|[silent]\n|\n|-damage|p2a: Landorus|76\/100 tox|[from] psn\n|upkeep\n|turn|21\n|\n|t:|1700854961\n|move|p2a: Landorus|Defog|p1a: Dondozo\n|-unboost|p1a: Dondozo|evasion|1\n|-sideend|p1: SCP-4666|Stealth Rock|[from] move: Defog|[of] p2a: Landorus\n|-sideend|p2: Dabman1069|Spikes|[from] move: Defog|[of] p2a: Landorus\n|cant|p1a: Dondozo|slp\n|move|p1a: Dondozo|Sleep Talk|p1a: Dondozo\n|move|p1a: Dondozo|Body Press|p2a: Landorus|[from]move: Sleep Talk\n|-resisted|p2a: Landorus\n|-crit|p2a: Landorus\n|-damage|p2a: Landorus|61\/100 tox\n|-damage|p1a: Dondozo|84\/100 slp|[from] item: Rocky Helmet|[of] p2a: Landorus\n|\n|-heal|p1a: Dondozo|90\/100 slp|[from] item: Leftovers\n|-damage|p2a: Landorus|49\/100 tox|[from] psn\n|upkeep\n|turn|22\n|\n|t:|1700854976\n|switch|p1a: Gliscor|Gliscor, M|94\/100 tox\n|move|p2a: Landorus|U-turn|p1a: Gliscor\n|-resisted|p1a: Gliscor\n|-damage|p1a: Gliscor|87\/100 tox\n|\n|t:|1700854982\n|switch|p2a: Weavile|Weavile, M|94\/100 tox|[from] U-turn\n|-ability|p2a: Weavile|Pressure\n|\n|-damage|p2a: Weavile|88\/100 tox|[from] psn\n|-heal|p1a: Gliscor|99\/100 tox|[from] ability: Poison Heal\n|upkeep\n|turn|23\n|\n|t:|1700854991\n|move|p1a: Gliscor|Protect|p1a: Gliscor\n|-singleturn|p1a: Gliscor|Protect\n|move|p2a: Weavile|Triple Axel|p1a: Gliscor\n|-activate|p1a: Gliscor|move: Protect\n|\n|-damage|p2a: Weavile|76\/100 tox|[from] psn\n|-heal|p1a: Gliscor|100\/100 tox|[from] ability: Poison Heal\n|upkeep\n|turn|24\n|\n|t:|1700855008\n|switch|p2a: Heliolisk|Heliolisk, M|100\/100\n|switch|p1a: Corviknight|Corviknight, M|91\/100\n|-ability|p1a: Corviknight|Pressure\n|\n|-heal|p1a: Corviknight|97\/100|[from] item: Leftovers\n|upkeep\n|turn|25\n|\n|t:|1700855018\n|switch|p1a: Clodsire|Clodsire, F|100\/100\n|move|p2a: Heliolisk|U-turn|p1a: Clodsire\n|-resisted|p1a: Clodsire\n|-damage|p1a: Clodsire|95\/100\n|\n|t:|1700855031\n|switch|p2a: Landorus|Landorus-Therian, M|49\/100 tox|[from] U-turn\n|-ability|p2a: Landorus|Intimidate|boost\n|-unboost|p1a: Clodsire|atk|1\n|\n|-heal|p1a: Clodsire|100\/100|[from] item: Leftovers\n|-damage|p2a: Landorus|42\/100 tox|[from] psn\n|upkeep\n|turn|26\n|\n|t:|1700855036\n|switch|p1a: Corviknight|Corviknight, M|97\/100\n|-ability|p1a: Corviknight|Pressure\n|move|p2a: Landorus|U-turn|p1a: Corviknight\n|-resisted|p1a: Corviknight\n|-damage|p1a: Corviknight|94\/100\n|\n|t:|1700855045\n|switch|p2a: Torkoal|Torkoal, F|100\/100|[from] U-turn\n|-weather|SunnyDay|[from] ability: Drought|[of] p2a: Torkoal\n|\n|-weather|SunnyDay|[upkeep]\n|-heal|p1a: Corviknight|99\/100|[from] item: Leftovers\n|upkeep\n|turn|27\n|\n|t:|1700855053\n|switch|p1a: Clodsire|Clodsire, F|100\/100\n|switch|p2a: Charizard|Charizard-Mega-X, F|24\/100\n|\n|-weather|SunnyDay|[upkeep]\n|upkeep\n|turn|28\n|\n|t:|1700855075\n|switch|p1a: Dondozo|Dondozo, F|90\/100 slp\n|move|p2a: Charizard|Flare Blitz|p1a: Dondozo\n|-resisted|p1a: Dondozo\n|-damage|p1a: Dondozo|61\/100 slp\n|-damage|p2a: Charizard|8\/100|[from] Recoil\n|\n|-weather|SunnyDay|[upkeep]\n|-heal|p1a: Dondozo|67\/100 slp|[from] item: Leftovers\n|upkeep\n|turn|29\n|\n|t:|1700855087\n|move|p2a: Charizard|Flare Blitz|p1a: Dondozo\n|-resisted|p1a: Dondozo\n|-damage|p1a: Dondozo|40\/100 slp\n|-damage|p2a: Charizard|0 fnt|[from] Recoil\n|faint|p2a: Charizard\n|cant|p1a: Dondozo|slp\n|move|p1a: Dondozo|Sleep Talk|p1a: Dondozo\n|move|p1a: Dondozo|Liquidation|p2: Charizard|[from]move: Sleep Talk|[notarget]\n|-fail|p1a: Dondozo\n|\n|-weather|SunnyDay|[upkeep]\n|-heal|p1a: Dondozo|46\/100 slp|[from] item: Leftovers\n|upkeep\n|\n|t:|1700855097\n|switch|p2a: Heliolisk|Heliolisk, M|100\/100\n|turn|30\n|\n|t:|1700855106\n|switch|p1a: Clodsire|Clodsire, F|100\/100\n|move|p2a: Heliolisk|U-turn|p1a: Clodsire\n|-resisted|p1a: Clodsire\n|-damage|p1a: Clodsire|96\/100\n|\n|t:|1700855110\n|switch|p2a: Weavile|Weavile, M|76\/100 tox|[from] U-turn\n|-ability|p2a: Weavile|Pressure\n|\n|-weather|SunnyDay|[upkeep]\n|-heal|p1a: Clodsire|100\/100|[from] item: Leftovers\n|-damage|p2a: Weavile|70\/100 tox|[from] psn\n|upkeep\n|turn|31\n|\n|t:|1700855121\n|switch|p1a: Corviknight|Corviknight, M|99\/100\n|-ability|p1a: Corviknight|Pressure\n|move|p2a: Weavile|Knock Off|p1a: Corviknight\n|-damage|p1a: Corviknight|54\/100\n|-enditem|p1a: Corviknight|Leftovers|[from] move: Knock Off|[of] p2a: Weavile\n|\n|-weather|SunnyDay|[upkeep]\n|-damage|p2a: Weavile|58\/100 tox|[from] psn\n|upkeep\n|turn|32\n|\n|t:|1700855140\n|switch|p2a: Heliolisk|Heliolisk, M|100\/100\n|move|p1a: Corviknight|Roost|p1a: Corviknight\n|-heal|p1a: Corviknight|100\/100\n|-singleturn|p1a: Corviknight|move: Roost\n|\n|-weather|SunnyDay|[upkeep]\n|-damage|p2a: Heliolisk|88\/100|[from] ability: Solar Power|[of] p2a: Heliolisk\n|upkeep\n|turn|33\n|\n|t:|1700855148\n|switch|p2a: Landorus|Landorus-Therian, M|42\/100 tox\n|-ability|p2a: Landorus|Intimidate|boost\n|-unboost|p1a: Corviknight|atk|1\n|switch|p1a: Clodsire|Clodsire, F|100\/100\n|\n|-weather|none\n|-damage|p2a: Landorus|36\/100 tox|[from] psn\n|upkeep\n|turn|34\n|\n|t:|1700855156\n|switch|p1a: Gliscor|Gliscor, M|100\/100 tox\n|move|p2a: Landorus|U-turn|p1a: Gliscor\n|-resisted|p1a: Gliscor\n|-damage|p1a: Gliscor|93\/100 tox\n|\n|t:|1700855173\n|switch|p2a: Weavile|Weavile, M|58\/100 tox|[from] U-turn\n|-ability|p2a: Weavile|Pressure\n|\n|-damage|p2a: Weavile|52\/100 tox|[from] psn\n|-heal|p1a: Gliscor|100\/100 tox|[from] ability: Poison Heal\n|upkeep\n|turn|35\n|\n|t:|1700855178\n|move|p1a: Gliscor|Protect|p1a: Gliscor\n|-singleturn|p1a: Gliscor|Protect\n|move|p2a: Weavile|Triple Axel|p1a: Gliscor\n|-activate|p1a: Gliscor|move: Protect\n|\n|-damage|p2a: Weavile|40\/100 tox|[from] psn\n|upkeep\n|turn|36\n|\n|t:|1700855190\n|switch|p2a: Heliolisk|Heliolisk, M|88\/100\n|switch|p1a: Dondozo|Dondozo, F|46\/100 slp\n|\n|-heal|p1a: Dondozo|52\/100 slp|[from] item: Leftovers\n|upkeep\n|turn|37\n|\n|t:|1700855207\n|switch|p1a: Clodsire|Clodsire, F|100\/100\n|move|p2a: Heliolisk|U-turn|p1a: Clodsire\n|-resisted|p1a: Clodsire\n|-damage|p1a: Clodsire|96\/100\n|\n|t:|1700855215\n|switch|p2a: Landorus|Landorus-Therian, M|36\/100 tox|[from] U-turn\n|-ability|p2a: Landorus|Intimidate|boost\n|-unboost|p1a: Clodsire|atk|1\n|\n|-heal|p1a: Clodsire|100\/100|[from] item: Leftovers\n|-damage|p2a: Landorus|30\/100 tox|[from] psn\n|upkeep\n|turn|38\n|\n|t:|1700855227\n|switch|p2a: Iron Moth|Iron Moth|100\/100\n|-enditem|p2a: Iron Moth|Booster Energy\n|-activate|p2a: Iron Moth|ability: Quark Drive|[fromitem]\n|-start|p2a: Iron Moth|quarkdrivespe\n|switch|p1a: Gliscor|Gliscor, M|100\/100 tox\n|\n|upkeep\n|turn|39\n|\n|t:|1700855236\n|switch|p1a: Clodsire|Clodsire, F|100\/100\n|-terastallize|p2a: Iron Moth|Fairy\n|move|p2a: Iron Moth|Fiery Dance|p1a: Clodsire\n|-damage|p1a: Clodsire|80\/100\n|\n|-heal|p1a: Clodsire|86\/100|[from] item: Leftovers\n|upkeep\n|turn|40\n|\n|t:|1700855243\n|move|p2a: Iron Moth|Fiery Dance|p1a: Clodsire\n|-crit|p1a: Clodsire\n|-damage|p1a: Clodsire|55\/100\n|-boost|p2a: Iron Moth|spa|1\n|move|p1a: Clodsire|Toxic|p2a: Iron Moth\n|-status|p2a: Iron Moth|tox\n|\n|-heal|p1a: Clodsire|61\/100|[from] item: Leftovers\n|-damage|p2a: Iron Moth|95\/100 tox|[from] psn\n|upkeep\n|turn|41\n|\n|t:|1700855251\n|-end|p2a: Iron Moth|Quark Drive|[silent]\n|switch|p2a: Weavile|Weavile, M|40\/100 tox\n|-ability|p2a: Weavile|Pressure\n|move|p1a: Clodsire|Recover|p1a: Clodsire\n|-heal|p1a: Clodsire|100\/100\n|\n|-damage|p2a: Weavile|34\/100 tox|[from] psn\n|upkeep\n|turn|42\n|\n|t:|1700855256\n|switch|p1a: Dondozo|Dondozo, F|52\/100 slp\n|move|p2a: Weavile|Triple Axel|p1a: Dondozo\n|-resisted|p1a: Dondozo\n|-damage|p1a: Dondozo|49\/100 slp\n|-resisted|p1a: Dondozo\n|-damage|p1a: Dondozo|42\/100 slp\n|-resisted|p1a: Dondozo\n|-damage|p1a: Dondozo|33\/100 slp\n|-hitcount|p1a: Dondozo|3\n|\n|-heal|p1a: Dondozo|39\/100 slp|[from] item: Leftovers\n|-damage|p2a: Weavile|22\/100 tox|[from] psn\n|upkeep\n|turn|43\n|\n|t:|1700855268\n|move|p2a: Weavile|Triple Axel|p1a: Dondozo\n|-resisted|p1a: Dondozo\n|-damage|p1a: Dondozo|35\/100 slp\n|-resisted|p1a: Dondozo\n|-damage|p1a: Dondozo|28\/100 slp\n|-resisted|p1a: Dondozo\n|-damage|p1a: Dondozo|19\/100 slp\n|-hitcount|p1a: Dondozo|3\n|-curestatus|p1a: Dondozo|slp|[msg]\n|move|p1a: Dondozo|Rest|p1a: Dondozo\n|-status|p1a: Dondozo|slp|[from] move: Rest\n|-heal|p1a: Dondozo|100\/100 slp|[silent]\n|\n|-damage|p2a: Weavile|4\/100 tox|[from] psn\n|upkeep\n|turn|44\n|-message|Dabman1069 forfeited.\n|\n|win|SCP-4666\n|raw|SCP-4666's rating: 1599 &rarr; <strong>1624<\/strong><br \/>(+25 for winning)\n|raw|Dabman1069's rating: 1687 &rarr; <strong>1662<\/strong><br \/>(-25 for losing)\n|l|\u2606Dabman1069\n","uploadtime":1700854724,"views":1,"p1id":"scp4666","p2id":"dabman1069","formatid":"gen9nationaldex","rating":1624,"private":0,"password":""}