{"id":"gen9nationaldex-1988175640","p1":"Allahsmh","p2":"LumpyTanky","format":"[Gen 9] National Dex","log":"|j|\u2606Allahsmh\n|j|\u2606LumpyTanky\n|t:|1699679775\n|gametype|singles\n|player|p1|Allahsmh|hilbert|1186\n|player|p2|LumpyTanky|170|1082\n|teamsize|p1|6\n|teamsize|p2|6\n|gen|9\n|tier|[Gen 9] National Dex\n|rated|\n|rule|HP Percentage Mod: HP is shown in percentages\n|rule|Endless Battle Clause: Forcing endless battles is banned\n|rule|OHKO Clause: OHKO moves are banned\n|rule|Evasion Clause: Evasion abilities, items, and moves are banned\n|rule|Evasion Abilities Clause: Evasion abilities are banned\n|rule|Evasion Items Clause: Evasion items are banned\n|rule|Evasion Moves Clause: Evasion moves are banned\n|rule|Species Clause: Limit one of each Pok\u00e9mon\n|rule|Sleep Clause Mod: Limit one foe put to sleep\n|clearpoke\n|poke|p1|Arcanine-Hisui, F|\n|poke|p1|Scizor, M|\n|poke|p1|Sneasler, F|\n|poke|p1|Tapu Koko|\n|poke|p1|Greninja-*, F|\n|poke|p1|Great Tusk|\n|poke|p2|Barraskewda, F|\n|poke|p2|Clefable, F|\n|poke|p2|Corviknight, M|\n|poke|p2|Arcanine, F|\n|poke|p2|Quagsire, M|\n|poke|p2|Butterfree, F|\n|teampreview\n|inactive|Battle timer is ON: inactive players will automatically lose when time's up. (requested by Allahsmh)\n|\n|t:|1699679826\n|start\n|switch|p1a: Tapu Koko|Tapu Koko|100\/100\n|switch|p2a: Butterfree|Butterfree, F|100\/100\n|-fieldstart|move: Electric Terrain|[from] ability: Electric Surge|[of] p1a: Tapu Koko\n|turn|1\n|\n|t:|1699679842\n|switch|p2a: Quagsire|Quagsire, M|100\/100\n|move|p1a: Tapu Koko|Thunderbolt|p2a: Quagsire\n|-immune|p2a: Quagsire\n|\n|upkeep\n|turn|2\n|\n|t:|1699679857\n|switch|p1a: Greninja|Greninja, F|100\/100\n|move|p2a: Quagsire|Toxic|p1a: Greninja\n|-status|p1a: Greninja|tox\n|\n|-damage|p1a: Greninja|95\/100 tox|[from] psn\n|upkeep\n|turn|3\n|\n|t:|1699679871\n|move|p1a: Greninja|Ice Beam|p2a: Quagsire\n|-start|p1a: Greninja|typechange|Ice|[from] ability: Protean\n|-damage|p2a: Quagsire|55\/100\n|move|p2a: Quagsire|Spikes|p1a: Greninja\n|-sidestart|p1: Allahsmh|Spikes\n|\n|-heal|p2a: Quagsire|61\/100|[from] item: Leftovers\n|-damage|p1a: Greninja|83\/100 tox|[from] psn\n|upkeep\n|turn|4\n|\n|t:|1699679881\n|move|p1a: Greninja|Ice Beam|p2a: Quagsire\n|-crit|p2a: Quagsire\n|-damage|p2a: Quagsire|0 fnt\n|faint|p2a: Quagsire\n|\n|-damage|p1a: Greninja|65\/100 tox|[from] psn\n|upkeep\n|\n|t:|1699679898\n|switch|p2a: Barraskewda|Barraskewda, F|100\/100\n|turn|5\n|inactive|LumpyTanky has 120 seconds left.\n|\n|t:|1699679928\n|move|p1a: Greninja|Ice Beam|p2a: Barraskewda\n|-resisted|p2a: Barraskewda\n|-damage|p2a: Barraskewda|54\/100\n|move|p2a: Barraskewda|Liquidation|p1a: Greninja\n|-damage|p1a: Greninja|0 fnt\n|faint|p1a: Greninja\n|\n|-fieldend|move: Electric Terrain\n|upkeep\n|\n|t:|1699679936\n|switch|p1a: Scizor|Scizor, M|100\/100\n|-damage|p1a: Scizor|88\/100|[from] Spikes\n|turn|6\n|inactive|LumpyTanky has 120 seconds left.\n|\n|t:|1699679949\n|detailschange|p1a: Scizor|Scizor-Mega, M\n|-mega|p1a: Scizor|Scizor|Scizorite\n|move|p2a: Barraskewda|Liquidation|p1a: Scizor\n|-damage|p1a: Scizor|31\/100\n|move|p1a: Scizor|Trailblaze|p2a: Barraskewda\n|-supereffective|p2a: Barraskewda\n|-damage|p2a: Barraskewda|0 fnt\n|-boost|p1a: Scizor|spe|1\n|faint|p2a: Barraskewda\n|\n|upkeep\n|inactive|LumpyTanky has 120 seconds left.\n|\n|t:|1699679959\n|switch|p2a: Arcanine|Arcanine, F|100\/100\n|-ability|p2a: Arcanine|Intimidate|boost\n|-unboost|p1a: Scizor|atk|1\n|turn|7\n|inactive|LumpyTanky has 120 seconds left.\n|\n|t:|1699679974\n|switch|p1a: Arcanine|Arcanine-Hisui, F|100\/100\n|-damage|p1a: Arcanine|88\/100|[from] Spikes\n|move|p2a: Arcanine|Flare Blitz|p1a: Arcanine\n|-resisted|p1a: Arcanine\n|-damage|p1a: Arcanine|73\/100\n|-damage|p2a: Arcanine|96\/100|[from] Recoil\n|\n|upkeep\n|turn|8\n|inactive|LumpyTanky has 120 seconds left.\n|\n|t:|1699679990\n|move|p1a: Arcanine|Head Smash|p2a: Arcanine\n|-supereffective|p2a: Arcanine\n|-damage|p2a: Arcanine|0 fnt\n|faint|p2a: Arcanine\n|\n|upkeep\n|\n|t:|1699680017\n|switch|p2a: Clefable|Clefable, F|100\/100\n|turn|9\n|\n|t:|1699680026\n|move|p1a: Arcanine|Head Smash|p2a: Clefable\n|-damage|p2a: Clefable|0 fnt\n|faint|p2a: Clefable\n|\n|upkeep\n|\n|t:|1699680031\n|switch|p2a: Butterfree|Butterfree, F|100\/100\n|turn|10\n|\n|t:|1699680034\n|move|p1a: Arcanine|Head Smash|p2a: Butterfree\n|-supereffective|p2a: Butterfree\n|-crit|p2a: Butterfree\n|-damage|p2a: Butterfree|0 fnt\n|faint|p2a: Butterfree\n|\n|upkeep\n|\n|t:|1699680039\n|switch|p2a: Corviknight|Corviknight, M, shiny|100\/100\n|-ability|p2a: Corviknight|Pressure\n|turn|11\n|inactive|LumpyTanky has 120 seconds left.\n|\n|t:|1699680045\n|switch|p1a: Tapu Koko|Tapu Koko|100\/100\n|-damage|p1a: Tapu Koko|88\/100|[from] Spikes\n|-fieldstart|move: Electric Terrain|[from] ability: Electric Surge|[of] p1a: Tapu Koko\n|move|p2a: Corviknight|Body Press|p1a: Tapu Koko\n|-resisted|p1a: Tapu Koko\n|-damage|p1a: Tapu Koko|70\/100\n|\n|upkeep\n|turn|12\n|\n|t:|1699680056\n|-terastallize|p1a: Tapu Koko|Electric\n|move|p1a: Tapu Koko|Thunderbolt|p2a: Corviknight\n|-supereffective|p2a: Corviknight\n|-damage|p2a: Corviknight|0 fnt\n|faint|p2a: Corviknight\n|\n|win|Allahsmh\n|raw|Allahsmh's rating: 1186 &rarr; <strong>1204<\/strong><br \/>(+18 for winning)\n|raw|LumpyTanky's rating: 1082 &rarr; <strong>1066<\/strong><br \/>(-16 for losing)\n|c|\u2606Allahsmh|gg\n","uploadtime":1699680073,"views":4,"p1id":"allahsmh","p2id":"lumpytanky","formatid":"gen9nationaldex","rating":1066,"private":0,"password":""}