{"id":"gen9nationaldex-1988327819","p1":"qwetyu","p2":"MRI007","format":"[Gen 9] National Dex","log":"|j|\u2606qwetyu\n|j|\u2606MRI007\n|t:|1699709192\n|gametype|singles\n|player|p1|qwetyu|red|1622\n|player|p2|MRI007|265|1673\n|teamsize|p1|6\n|teamsize|p2|6\n|gen|9\n|tier|[Gen 9] National Dex\n|rated|\n|rule|HP Percentage Mod: HP is shown in percentages\n|rule|Endless Battle Clause: Forcing endless battles is banned\n|rule|OHKO Clause: OHKO moves are banned\n|rule|Evasion Clause: Evasion abilities, items, and moves are banned\n|rule|Evasion Abilities Clause: Evasion abilities are banned\n|rule|Evasion Items Clause: Evasion items are banned\n|rule|Evasion Moves Clause: Evasion moves are banned\n|rule|Species Clause: Limit one of each Pok\u00e9mon\n|rule|Sleep Clause Mod: Limit one foe put to sleep\n|clearpoke\n|poke|p1|Kommo-o, F|\n|poke|p1|Sneasler, M|\n|poke|p1|Tapu Lele|\n|poke|p1|Charizard, M|\n|poke|p1|Heatran, M|\n|poke|p1|Gliscor, M|\n|poke|p2|Alomomola, M|\n|poke|p2|Chansey, F|\n|poke|p2|Tapu Lele|\n|poke|p2|Urshifu-*, F|\n|poke|p2|Kyurem|\n|poke|p2|Moltres|\n|teampreview\n|\n|t:|1699709228\n|start\n|switch|p1a: Kommo-o|Kommo-o, F|100\/100\n|switch|p2a: Urshifu|Urshifu-Rapid-Strike, F|100\/100\n|turn|1\n|\n|t:|1699709245\n|move|p2a: Urshifu|U-turn|p1a: Kommo-o\n|-resisted|p1a: Kommo-o\n|-damage|p1a: Kommo-o|88\/100\n|\n|t:|1699709249\n|switch|p2a: Tapu Lele|Tapu Lele|100\/100|[from] U-turn\n|-fieldstart|move: Psychic Terrain|[from] ability: Psychic Surge|[of] p2a: Tapu Lele\n|move|p1a: Kommo-o|Substitute|p1a: Kommo-o\n|-start|p1a: Kommo-o|Substitute\n|-damage|p1a: Kommo-o|63\/100\n|\n|upkeep\n|turn|2\n|\n|t:|1699709266\n|-terastallize|p1a: Kommo-o|Steel\n|move|p2a: Tapu Lele|Psyshock|p1a: Kommo-o\n|-resisted|p1a: Kommo-o\n|-end|p1a: Kommo-o|Substitute\n|move|p1a: Kommo-o|Belly Drum|p1a: Kommo-o\n|-damage|p1a: Kommo-o|13\/100\n|-setboost|p1a: Kommo-o|atk|6|[from] move: Belly Drum\n|-enditem|p1a: Kommo-o|Salac Berry|[eat]\n|-boost|p1a: Kommo-o|spe|1|[from] item: Salac Berry\n|\n|upkeep\n|turn|3\n|\n|t:|1699709281\n|move|p1a: Kommo-o|Thunder Punch|p2a: Tapu Lele\n|-damage|p2a: Tapu Lele|0 fnt\n|faint|p2a: Tapu Lele\n|\n|upkeep\n|\n|t:|1699709290\n|switch|p2a: Urshifu|Urshifu-Rapid-Strike, F|100\/100\n|turn|4\n|\n|t:|1699709294\n|move|p2a: Urshifu|Close Combat|p1a: Kommo-o\n|-supereffective|p1a: Kommo-o\n|-damage|p1a: Kommo-o|0 fnt\n|-unboost|p2a: Urshifu|def|1\n|-unboost|p2a: Urshifu|spd|1\n|faint|p1a: Kommo-o\n|\n|upkeep\n|\n|t:|1699709307\n|switch|p1a: Sneasler|Sneasler, M, shiny|100\/100\n|-enditem|p1a: Sneasler|Psychic Seed\n|-boost|p1a: Sneasler|spd|1|[from] item: Psychic Seed\n|turn|5\n|\n|t:|1699709315\n|switch|p2a: Moltres|Moltres|100\/100\n|move|p1a: Sneasler|Swords Dance|p1a: Sneasler\n|-boost|p1a: Sneasler|atk|2\n|\n|-fieldend|move: Psychic Terrain\n|upkeep\n|turn|6\n|\n|t:|1699709324\n|move|p1a: Sneasler|Swords Dance|p1a: Sneasler\n|-boost|p1a: Sneasler|atk|2\n|move|p2a: Moltres|Will-O-Wisp|p1a: Sneasler\n|-status|p1a: Sneasler|brn\n|\n|-damage|p1a: Sneasler|95\/100 brn|[from] brn\n|upkeep\n|turn|7\n|\n|t:|1699709350\n|move|p1a: Sneasler|Swords Dance|p1a: Sneasler\n|-boost|p1a: Sneasler|atk|2\n|move|p2a: Moltres|Flamethrower|p1a: Sneasler\n|-damage|p1a: Sneasler|60\/100 brn\n|\n|-damage|p1a: Sneasler|54\/100 brn|[from] brn\n|upkeep\n|turn|8\n|\n|t:|1699709360\n|switch|p2a: Alomomola|Alomomola, M|100\/100\n|move|p1a: Sneasler|Dire Claw|p2a: Alomomola\n|-damage|p2a: Alomomola|38\/100\n|-status|p2a: Alomomola|slp\n|-damage|p1a: Sneasler|38\/100 brn|[from] item: Rocky Helmet|[of] p2a: Alomomola\n|\n|-damage|p1a: Sneasler|32\/100 brn|[from] brn\n|upkeep\n|turn|9\n|\n|t:|1699709376\n|switch|p2a: Moltres|Moltres|100\/100\n|move|p1a: Sneasler|Dire Claw|p2a: Moltres\n|-damage|p2a: Moltres|33\/100\n|-status|p2a: Moltres|psn\n|\n|-damage|p2a: Moltres|21\/100 psn|[from] psn\n|-damage|p1a: Sneasler|26\/100 brn|[from] brn\n|upkeep\n|turn|10\n|\n|t:|1699709388\n|switch|p2a: Alomomola|Alomomola, M|72\/100 slp\n|move|p1a: Sneasler|Dire Claw|p2a: Alomomola\n|-damage|p2a: Alomomola|11\/100 slp\n|-damage|p1a: Sneasler|9\/100 brn|[from] item: Rocky Helmet|[of] p2a: Alomomola\n|\n|-damage|p1a: Sneasler|3\/100 brn|[from] brn\n|upkeep\n|turn|11\n|\n|t:|1699709399\n|move|p1a: Sneasler|Dire Claw|p2a: Alomomola\n|-damage|p2a: Alomomola|0 fnt\n|-damage|p1a: Sneasler|0 fnt|[from] item: Rocky Helmet|[of] p2a: Alomomola\n|faint|p2a: Alomomola\n|faint|p1a: Sneasler\n|\n|upkeep\n|\n|t:|1699709427\n|switch|p1a: Tapu Lele|Tapu Lele|100\/100\n|switch|p2a: Chansey|Chansey, F|100\/100\n|-fieldstart|move: Psychic Terrain|[from] ability: Psychic Surge|[of] p1a: Tapu Lele\n|turn|12\n|\n|t:|1699709437\n|move|p1a: Tapu Lele|Psyshock|p2a: Chansey\n|-damage|p2a: Chansey|67\/100\n|move|p2a: Chansey|Aromatherapy|p2a: Chansey\n|-activate|p2a: Chansey|move: Aromatherapy\n|-curestatus|p2: Moltres|psn|[msg]\n|\n|upkeep\n|turn|13\n|\n|t:|1699709448\n|move|p1a: Tapu Lele|Psyshock|p2a: Chansey\n|-damage|p2a: Chansey|31\/100\n|move|p2a: Chansey|Soft-Boiled|p2a: Chansey\n|-heal|p2a: Chansey|81\/100\n|\n|upkeep\n|turn|14\n|\n|t:|1699709462\n|switch|p1a: Heatran|Heatran, M|100\/100\n|move|p2a: Chansey|Soft-Boiled|p2a: Chansey\n|-heal|p2a: Chansey|100\/100\n|\n|upkeep\n|turn|15\n|\n|t:|1699709472\n|switch|p2a: Moltres|Moltres|21\/100\n|move|p1a: Heatran|Magma Storm|p2a: Moltres\n|-resisted|p2a: Moltres\n|-damage|p2a: Moltres|5\/100\n|-activate|p2a: Moltres|move: Magma Storm|[of] p1a: Heatran\n|\n|-damage|p2a: Moltres|0 fnt|[from] move: Magma Storm|[partiallytrapped]\n|faint|p2a: Moltres\n|upkeep\n|\n|t:|1699709482\n|switch|p2a: Kyurem|Kyurem|100\/100\n|-ability|p2a: Kyurem|Pressure\n|turn|16\n|\n|t:|1699709491\n|move|p1a: Heatran|Protect|p1a: Heatran\n|-singleturn|p1a: Heatran|Protect\n|move|p2a: Kyurem|Substitute|p2a: Kyurem\n|-start|p2a: Kyurem|Substitute\n|-damage|p2a: Kyurem|76\/100\n|\n|-heal|p2a: Kyurem|82\/100|[from] item: Leftovers\n|-fieldend|move: Psychic Terrain\n|upkeep\n|turn|17\n|\n|t:|1699709511\n|move|p2a: Kyurem|Dragon Dance|p2a: Kyurem\n|-boost|p2a: Kyurem|atk|1\n|-boost|p2a: Kyurem|spe|1\n|move|p1a: Heatran|Magma Storm|p2a: Kyurem\n|-end|p2a: Kyurem|Substitute\n|\n|-heal|p2a: Kyurem|88\/100|[from] item: Leftovers\n|upkeep\n|turn|18\n|c|\u2606MRI007|\u3002\n|c|\u2606MRI007|\u5feb\u70b9\n|\n|t:|1699709604\n|move|p2a: Kyurem|Substitute|p2a: Kyurem\n|-start|p2a: Kyurem|Substitute\n|-damage|p2a: Kyurem|63\/100\n|move|p1a: Heatran|Magma Storm|p2a: Kyurem|[miss]\n|-miss|p1a: Heatran|p2a: Kyurem\n|\n|-heal|p2a: Kyurem|69\/100|[from] item: Leftovers\n|upkeep\n|turn|19\n|\n|t:|1699709615\n|move|p2a: Kyurem|Dragon Dance|p2a: Kyurem\n|-boost|p2a: Kyurem|atk|1\n|-boost|p2a: Kyurem|spe|1\n|move|p1a: Heatran|Earth Power|p2a: Kyurem\n|-activate|p2a: Kyurem|move: Substitute|[damage]\n|\n|-heal|p2a: Kyurem|75\/100|[from] item: Leftovers\n|upkeep\n|turn|20\n|\n|t:|1699709626\n|move|p2a: Kyurem|Dragon Dance|p2a: Kyurem\n|-boost|p2a: Kyurem|atk|1\n|-boost|p2a: Kyurem|spe|1\n|move|p1a: Heatran|Earth Power|p2a: Kyurem\n|-end|p2a: Kyurem|Substitute\n|\n|-heal|p2a: Kyurem|82\/100|[from] item: Leftovers\n|upkeep\n|turn|21\n|\n|t:|1699709636\n|move|p2a: Kyurem|Substitute|p2a: Kyurem\n|-start|p2a: Kyurem|Substitute\n|-damage|p2a: Kyurem|57\/100\n|move|p1a: Heatran|Earth Power|p2a: Kyurem\n|-activate|p2a: Kyurem|move: Substitute|[damage]\n|\n|-heal|p2a: Kyurem|63\/100|[from] item: Leftovers\n|upkeep\n|turn|22\n|\n|t:|1699709646\n|move|p2a: Kyurem|Roost|p2a: Kyurem\n|-heal|p2a: Kyurem|100\/100\n|-singleturn|p2a: Kyurem|move: Roost\n|move|p1a: Heatran|Earth Power|p2a: Kyurem\n|-end|p2a: Kyurem|Substitute\n|\n|upkeep\n|turn|23\n|-message|qwetyu forfeited.\n|\n|win|MRI007\n|raw|qwetyu's rating: 1622 &rarr; <strong>1605<\/strong><br \/>(-17 for losing)\n|raw|MRI007's rating: 1673 &rarr; <strong>1690<\/strong><br \/>(+17 for winning)\n|l|\u2606qwetyu\n","uploadtime":1699709682,"views":9,"p1id":"qwetyu","p2id":"mri007","formatid":"gen9nationaldex","rating":1605,"private":0,"password":""}