{"id":"gen9nationaldex-1988807720","p1":"YinGsJ","p2":"ResidentCraft","format":"[Gen 9] National Dex","log":"|j|\u2606YinGsJ\n|j|\u2606ResidentCraft\n|t:|1699766066\n|gametype|singles\n|player|p1|YinGsJ|red-masters|\n|player|p2|ResidentCraft|red|\n|teamsize|p1|6\n|teamsize|p2|6\n|gen|9\n|tier|[Gen 9] National Dex\n|rule|HP Percentage Mod: HP is shown in percentages\n|rule|Endless Battle Clause: Forcing endless battles is banned\n|rule|OHKO Clause: OHKO moves are banned\n|rule|Evasion Clause: Evasion abilities, items, and moves are banned\n|rule|Evasion Abilities Clause: Evasion abilities are banned\n|rule|Evasion Items Clause: Evasion items are banned\n|rule|Evasion Moves Clause: Evasion moves are banned\n|rule|Species Clause: Limit one of each Pok\u00e9mon\n|rule|Sleep Clause Mod: Limit one foe put to sleep\n|clearpoke\n|poke|p1|Gyarados, F|\n|poke|p1|Tapu Koko|\n|poke|p1|Sneasler, M|\n|poke|p1|Iron Valiant|\n|poke|p1|Celesteela|\n|poke|p1|Ting-Lu|\n|poke|p2|Corsola-Galar, F|\n|poke|p2|Garchomp, M|\n|poke|p2|Chansey, F|\n|poke|p2|Scizor, M|\n|poke|p2|Tapu Koko|\n|poke|p2|Rotom-Wash|\n|teampreview\n|inactive|Battle timer is ON: inactive players will automatically lose when time's up. (requested by ResidentCraft)\n|\n|t:|1699766073\n|start\n|switch|p1a: bing chilling|Ting-Lu|100\/100\n|switch|p2a: Rotom|Rotom-Wash|100\/100\n|-ability|p1a: bing chilling|Vessel of Ruin\n|turn|1\n|\n|t:|1699766085\n|switch|p1a: Koko|Tapu Koko|100\/100\n|-fieldstart|move: Electric Terrain|[from] ability: Electric Surge|[of] p1a: Koko\n|move|p2a: Rotom|Hydro Pump|p1a: Koko\n|-damage|p1a: Koko|14\/100\n|\n|upkeep\n|turn|2\n|\n|t:|1699766092\n|move|p2a: Rotom|Hydro Pump|p1a: Koko\n|-damage|p1a: Koko|0 fnt\n|faint|p1a: Koko\n|\n|upkeep\n|\n|t:|1699766095\n|switch|p1a: mi pichula|Gyarados, F|100\/100\n|-ability|p1a: mi pichula|Intimidate|boost\n|-unboost|p2a: Rotom|atk|1\n|turn|3\n|\n|t:|1699766101\n|switch|p2a: Corsola|Corsola-Galar, F|100\/100\n|detailschange|p1a: mi pichula|Gyarados-Mega, F\n|-mega|p1a: mi pichula|Gyarados|Gyaradosite\n|-ability|p1a: mi pichula|Mold Breaker\n|move|p1a: mi pichula|Dragon Dance|p1a: mi pichula\n|-boost|p1a: mi pichula|atk|1\n|-boost|p1a: mi pichula|spe|1\n|\n|upkeep\n|turn|4\n|\n|t:|1699766110\n|-terastallize|p2a: Corsola|Steel\n|move|p1a: mi pichula|Substitute|p1a: mi pichula\n|-start|p1a: mi pichula|Substitute\n|-damage|p1a: mi pichula|76\/100\n|move|p2a: Corsola|Will-O-Wisp||[still]\n|-fail|p2a: Corsola\n|\n|upkeep\n|turn|5\n|\n|t:|1699766114\n|move|p1a: mi pichula|Dragon Dance|p1a: mi pichula\n|-boost|p1a: mi pichula|atk|1\n|-boost|p1a: mi pichula|spe|1\n|move|p2a: Corsola|Night Shade|p1a: mi pichula\n|-end|p1a: mi pichula|Substitute\n|\n|upkeep\n|turn|6\n|\n|t:|1699766129\n|move|p1a: mi pichula|Substitute|p1a: mi pichula\n|-start|p1a: mi pichula|Substitute\n|-damage|p1a: mi pichula|51\/100\n|move|p2a: Corsola|Night Shade|p1a: mi pichula\n|-end|p1a: mi pichula|Substitute\n|\n|upkeep\n|turn|7\n|\n|t:|1699766132\n|move|p1a: mi pichula|Waterfall|p2a: Corsola\n|-damage|p2a: Corsola|50\/100\n|-start|p1a: mi pichula|Disable|Waterfall|[from] ability: Cursed Body|[of] p2a: Corsola\n|move|p2a: Corsola|Strength Sap|p1a: mi pichula\n|-unboost|p1a: mi pichula|atk|1\n|-heal|p2a: Corsola|100\/100\n|\n|upkeep\n|turn|8\n|\n|t:|1699766137\n|move|p1a: mi pichula|Substitute|p1a: mi pichula\n|-start|p1a: mi pichula|Substitute\n|-damage|p1a: mi pichula|26\/100\n|move|p2a: Corsola|Night Shade|p1a: mi pichula\n|-end|p1a: mi pichula|Substitute\n|\n|-fieldend|move: Electric Terrain\n|upkeep\n|turn|9\n|\n|t:|1699766143\n|move|p1a: mi pichula|Dragon Dance|p1a: mi pichula\n|-boost|p1a: mi pichula|atk|1\n|-boost|p1a: mi pichula|spe|1\n|move|p2a: Corsola|Night Shade|p1a: mi pichula\n|-damage|p1a: mi pichula|0 fnt\n|faint|p1a: mi pichula\n|\n|upkeep\n|\n|t:|1699766156\n|switch|p1a: el warzone|Celesteela|100\/100\n|turn|10\n|\n|t:|1699766160\n|switch|p2a: Tapu Koko|Tapu Koko, shiny|100\/100\n|-fieldstart|move: Electric Terrain|[from] ability: Electric Surge|[of] p2a: Tapu Koko\n|move|p1a: el warzone|Leech Seed|p2a: Tapu Koko\n|-start|p2a: Tapu Koko|move: Leech Seed\n|\n|-damage|p2a: Tapu Koko|88\/100|[from] Leech Seed|[of] p1a: el warzone\n|upkeep\n|turn|11\n|\n|t:|1699766166\n|move|p2a: Tapu Koko|Thunderbolt|p1a: el warzone\n|-supereffective|p1a: el warzone\n|-damage|p1a: el warzone|2\/100\n|-damage|p2a: Tapu Koko|78\/100|[from] item: Life Orb\n|move|p1a: el warzone|Heavy Slam|p2a: Tapu Koko\n|-damage|p2a: Tapu Koko|19\/100\n|\n|-heal|p1a: el warzone|8\/100|[from] item: Leftovers\n|-damage|p2a: Tapu Koko|6\/100|[from] Leech Seed|[of] p1a: el warzone\n|-heal|p1a: el warzone|17\/100|[silent]\n|upkeep\n|turn|12\n|\n|t:|1699766176\n|switch|p2a: Chansey|Chansey, F|100\/100\n|move|p1a: el warzone|Protect||[still]\n|-fail|p1a: el warzone\n|\n|-heal|p1a: el warzone|23\/100|[from] item: Leftovers\n|upkeep\n|turn|13\n|\n|t:|1699766182\n|move|p1a: el warzone|Heavy Slam|p2a: Chansey\n|-damage|p2a: Chansey|71\/100\n|move|p2a: Chansey|Teleport|p2a: Chansey\n|\n|t:|1699766185\n|switch|p2a: Rotom|Rotom-Wash|100\/100|[from] Teleport\n|\n|-heal|p1a: el warzone|29\/100|[from] item: Leftovers\n|upkeep\n|turn|14\n|\n|t:|1699766194\n|switch|p1a: bing chilling|Ting-Lu|100\/100\n|-ability|p1a: bing chilling|Vessel of Ruin\n|move|p2a: Rotom|Hydro Pump|p1a: bing chilling\n|-supereffective|p1a: bing chilling\n|-damage|p1a: bing chilling|40\/100\n|\n|-heal|p1a: bing chilling|46\/100|[from] item: Leftovers\n|-fieldend|move: Electric Terrain\n|upkeep\n|turn|15\n|\n|t:|1699766201\n|move|p2a: Rotom|Hydro Pump|p1a: bing chilling\n|-supereffective|p1a: bing chilling\n|-damage|p1a: bing chilling|0 fnt\n|faint|p1a: bing chilling\n|\n|upkeep\n|-message|YinGsJ forfeited.\n|\n|win|ResidentCraft\n|l|\u2606YinGsJ\n","uploadtime":1699766212,"views":14,"p1id":"yingsj","p2id":"residentcraft","formatid":"gen9nationaldex","rating":0,"private":0,"password":""}