{"id":"gen9nationaldex-2000664689","p1":"221savage","p2":"6DFirapaka","format":"[Gen 9] National Dex","log":"|html|<div class=\"broadcast-blue\"><strong>[Gen 9] National Dex is currently suspecting Sneasler! For information on how to participate check out the <a href=\"https:\/\/www.smogon.com\/forums\/threads\/sv-national-dex-suspect-8-just-dance.3731534\/\">suspect thread<\/a>.<\/strong><\/div>\n|j|\u2606221savage\n|j|\u26066DFirapaka\n|t:|1701216216\n|gametype|singles\n|player|p1|221savage|102|1373\n|player|p2|6DFirapaka|scientist-gen4dp|1403\n|teamsize|p1|6\n|teamsize|p2|6\n|gen|9\n|tier|[Gen 9] National Dex\n|rated|\n|rule|HP Percentage Mod: HP is shown in percentages\n|rule|Endless Battle Clause: Forcing endless battles is banned\n|rule|OHKO Clause: OHKO moves are banned\n|rule|Evasion Clause: Evasion abilities, items, and moves are banned\n|rule|Evasion Abilities Clause: Evasion abilities are banned\n|rule|Evasion Items Clause: Evasion items are banned\n|rule|Evasion Moves Clause: Evasion moves are banned\n|rule|Species Clause: Limit one of each Pok\u00e9mon\n|rule|Sleep Clause Mod: Limit one foe put to sleep\n|clearpoke\n|poke|p1|Blastoise, F|\n|poke|p1|Banette, M|\n|poke|p1|Machamp, F|\n|poke|p1|Darmanitan, F|\n|poke|p1|Tsareena, F|\n|poke|p1|Toxtricity, F|\n|poke|p2|Clodsire, F|\n|poke|p2|Grimmsnarl, M|\n|poke|p2|Beedrill, M|\n|poke|p2|Jirachi|\n|poke|p2|Mimikyu, F|\n|poke|p2|Glimmora, M|\n|teampreview\n|inactive|Battle timer is ON: inactive players will automatically lose when time's up. (requested by 6DFirapaka)\n|\n|t:|1701216239\n|start\n|switch|p1a: Toxtricity|Toxtricity, F|100\/100\n|switch|p2a: Grimmsnarl|Grimmsnarl, M, shiny|100\/100\n|turn|1\n|\n|t:|1701216251\n|move|p2a: Grimmsnarl|Taunt|p1a: Toxtricity\n|-start|p1a: Toxtricity|move: Taunt\n|move|p1a: Toxtricity|Boomburst|p2a: Grimmsnarl\n|-damage|p2a: Grimmsnarl|31\/100\n|\n|upkeep\n|turn|2\n|\n|t:|1701216257\n|-terastallize|p1a: Toxtricity|Normal\n|move|p2a: Grimmsnarl|Parting Shot|p1a: Toxtricity\n|-unboost|p1a: Toxtricity|atk|1\n|-unboost|p1a: Toxtricity|spa|1\n|\n|t:|1701216267\n|switch|p2a: Glimmora|Glimmora, M|100\/100|[from] Parting Shot\n|move|p1a: Toxtricity|Boomburst|p2a: Glimmora\n|-resisted|p2a: Glimmora\n|-damage|p2a: Glimmora|47\/100\n|\n|upkeep\n|turn|3\n|\n|t:|1701216281\n|move|p2a: Glimmora|Light Screen|p2a: Glimmora\n|-sidestart|p2: 6DFirapaka|move: Light Screen\n|move|p1a: Toxtricity|Boomburst|p2a: Glimmora\n|-resisted|p2a: Glimmora\n|-damage|p2a: Glimmora|19\/100\n|\n|-end|p1a: Toxtricity|move: Taunt\n|upkeep\n|turn|4\n|\n|t:|1701216285\n|move|p2a: Glimmora|Stealth Rock|p1a: Toxtricity\n|-sidestart|p1: 221savage|move: Stealth Rock\n|move|p1a: Toxtricity|Boomburst|p2a: Glimmora\n|-resisted|p2a: Glimmora\n|-damage|p2a: Glimmora|0 fnt\n|faint|p2a: Glimmora\n|\n|upkeep\n|\n|t:|1701216291\n|switch|p2a: Grimmsnarl|Grimmsnarl, M, shiny|31\/100\n|turn|5\n|\n|t:|1701216302\n|move|p2a: Grimmsnarl|Thunder Wave|p1a: Toxtricity\n|-status|p1a: Toxtricity|par\n|move|p1a: Toxtricity|Boomburst|p2a: Grimmsnarl\n|-damage|p2a: Grimmsnarl|0 fnt\n|faint|p2a: Grimmsnarl\n|\n|upkeep\n|\n|t:|1701216317\n|switch|p2a: Mimikyu|Mimikyu, F, shiny|100\/100\n|turn|6\n|\n|t:|1701216336\n|switch|p1a: Tsareena|Tsareena, F|100\/100\n|-damage|p1a: Tsareena|88\/100|[from] Stealth Rock\n|move|p2a: Mimikyu|Swords Dance|p2a: Mimikyu\n|-boost|p2a: Mimikyu|atk|2\n|\n|upkeep\n|turn|7\n|\n|t:|1701216343\n|move|p2a: Mimikyu|Play Rough|p1a: Tsareena|[miss]\n|-miss|p2a: Mimikyu|p1a: Tsareena\n|move|p1a: Tsareena|Triple Axel|p2a: Mimikyu|[miss]\n|-miss|p1a: Tsareena|p2a: Mimikyu\n|\n|upkeep\n|turn|8\n|\n|t:|1701216351\n|move|p2a: Mimikyu|Play Rough|p1a: Tsareena\n|-damage|p1a: Tsareena|0 fnt\n|faint|p1a: Tsareena\n|-damage|p2a: Mimikyu|91\/100|[from] item: Life Orb\n|\n|upkeep\n|\n|t:|1701216377\n|switch|p1a: Banette|Banette, M|100\/100\n|-damage|p1a: Banette|88\/100|[from] Stealth Rock\n|turn|9\n|\n|t:|1701216381\n|detailschange|p1a: Banette|Banette-Mega, M\n|-mega|p1a: Banette|Banette|Banettite\n|move|p2a: Mimikyu|Shadow Sneak|p1a: Banette\n|-supereffective|p1a: Banette\n|-crit|p1a: Banette\n|-damage|p1a: Banette|0 fnt\n|faint|p1a: Banette\n|-damage|p2a: Mimikyu|81\/100|[from] item: Life Orb\n|\n|upkeep\n|\n|t:|1701216396\n|switch|p1a: Toxtricity|Toxtricity, F, tera:Normal|100\/100 par\n|-damage|p1a: Toxtricity|88\/100 par|[from] Stealth Rock\n|turn|10\n|inactive|6DFirapaka has 120 seconds left.\n|inactive|6DFirapaka has 90 seconds left.\n|\n|t:|1701216457\n|-terastallize|p2a: Mimikyu|Fighting\n|move|p2a: Mimikyu|Drain Punch|p1a: Toxtricity\n|-supereffective|p1a: Toxtricity\n|-damage|p1a: Toxtricity|0 fnt\n|-heal|p2a: Mimikyu|100\/100|[from] drain|[of] p1a: Toxtricity\n|faint|p1a: Toxtricity\n|-damage|p2a: Mimikyu|91\/100|[from] item: Life Orb\n|\n|-sideend|p2: 6DFirapaka|move: Light Screen\n|upkeep\n|inactive|221savage has 120 seconds left.\n|\n|t:|1701216484\n|switch|p1a: Machamp|Machamp, F|100\/100\n|-damage|p1a: Machamp|94\/100|[from] Stealth Rock\n|turn|11\n|inactive|221savage has 120 seconds left.\n|inactive|6DFirapaka has 90 seconds left.\n|\n|t:|1701216520\n|move|p2a: Mimikyu|Play Rough|p1a: Machamp\n|-supereffective|p1a: Machamp\n|-damage|p1a: Machamp|0 fnt\n|faint|p1a: Machamp\n|-damage|p2a: Mimikyu|81\/100|[from] item: Life Orb\n|\n|upkeep\n|inactive|221savage has 120 seconds left.\n|\n|t:|1701216543\n|switch|p1a: Darmanitan|Darmanitan, F|100\/100\n|-damage|p1a: Darmanitan|75\/100|[from] Stealth Rock\n|turn|12\n|\n|t:|1701216546\n|move|p2a: Mimikyu|Shadow Sneak|p1a: Darmanitan\n|-damage|p1a: Darmanitan|15\/100\n|-damage|p2a: Mimikyu|71\/100|[from] item: Life Orb\n|move|p1a: Darmanitan|Flare Blitz|p2a: Mimikyu\n|-activate|p2a: Mimikyu|ability: Disguise\n|-damage|p2a: Mimikyu|71\/100\n|detailschange|p2a: Mimikyu|Mimikyu-Busted, F, shiny, tera:Fighting\n|-damage|p2a: Mimikyu|58\/100|[from] pokemon: Mimikyu-Busted\n|\n|upkeep\n|turn|13\n|inactive|221savage has 120 seconds left.\n|inactive|6DFirapaka has 90 seconds left.\n|\n|t:|1701216552\n|move|p2a: Mimikyu|Shadow Sneak|p1a: Darmanitan\n|-damage|p1a: Darmanitan|0 fnt\n|faint|p1a: Darmanitan\n|-damage|p2a: Mimikyu|48\/100|[from] item: Life Orb\n|\n|upkeep\n|\n|t:|1701216554\n|switch|p1a: Blastoise|Blastoise, F|100\/100\n|-damage|p1a: Blastoise|88\/100|[from] Stealth Rock\n|turn|14\n|\n|t:|1701216559\n|move|p2a: Mimikyu|Play Rough|p1a: Blastoise\n|-damage|p1a: Blastoise|0 fnt\n|faint|p1a: Blastoise\n|-damage|p2a: Mimikyu|38\/100|[from] item: Life Orb\n|\n|win|6DFirapaka\n|raw|221savage's rating: 1357 &rarr; <strong>1340<\/strong><br \/>(-17 for losing)\n|raw|6DFirapaka's rating: 1403 &rarr; <strong>1420<\/strong><br \/>(+17 for winning)\n","uploadtime":1701216567,"views":1,"p1id":"221savage","p2id":"6dfirapaka","formatid":"gen9nationaldex","rating":1340,"private":0,"password":""}