{"id":"gen9nationaldex-1995688171","p1":"zhangsangua","p2":"ELFRAN132","format":"[Gen 9] National Dex","log":"|html|<div class=\"broadcast-blue\"><strong>[Gen 9] National Dex is currently suspecting Sneasler! For information on how to participate check out the <a href=\"https:\/\/www.smogon.com\/forums\/threads\/sv-national-dex-suspect-8-just-dance.3731534\/\">suspect thread<\/a>.<\/strong><\/div>\n|j|\u2606zhangsangua\n|j|\u2606ELFRAN132\n|t:|1700594060\n|gametype|singles\n|player|p1|zhangsangua|rocketgrunt|1289\n|player|p2|ELFRAN132|2|1379\n|teamsize|p1|6\n|teamsize|p2|6\n|gen|9\n|tier|[Gen 9] National Dex\n|rated|\n|rule|HP Percentage Mod: HP is shown in percentages\n|rule|Endless Battle Clause: Forcing endless battles is banned\n|rule|OHKO Clause: OHKO moves are banned\n|rule|Evasion Clause: Evasion abilities, items, and moves are banned\n|rule|Evasion Abilities Clause: Evasion abilities are banned\n|rule|Evasion Items Clause: Evasion items are banned\n|rule|Evasion Moves Clause: Evasion moves are banned\n|rule|Species Clause: Limit one of each Pok\u00e9mon\n|rule|Sleep Clause Mod: Limit one foe put to sleep\n|clearpoke\n|poke|p1|Banette, M|\n|poke|p1|Ribombee, M|\n|poke|p1|Victini|\n|poke|p1|Moltres|\n|poke|p1|Sneasler, M|\n|poke|p1|Garchomp, M|\n|poke|p2|Volcarona, F|\n|poke|p2|Ogerpon-Wellspring, F|\n|poke|p2|Corviknight, M|\n|poke|p2|Slurpuff, F|\n|poke|p2|Hoopa-Unbound|\n|poke|p2|Tapu Lele|\n|teampreview\n|\n|t:|1700594077\n|start\n|switch|p1a: Victini|Victini|100\/100\n|switch|p2a: :P|Slurpuff, F|100\/100\n|turn|1\n|inactive|Battle timer is ON: inactive players will automatically lose when time's up. (requested by zhangsangua)\n|\n|t:|1700594083\n|move|p1a: Victini|Final Gambit|p2a: :P\n|-enditem|p2a: :P|Focus Sash\n|-damage|p2a: :P|1\/100\n|faint|p1a: Victini\n|move|p2a: :P|Sticky Web|p1: Victini\n|-sidestart|p1: zhangsangua|move: Sticky Web\n|\n|upkeep\n|\n|t:|1700594086\n|switch|p1a: Ribombee|Ribombee, M|100\/100\n|-activate|p1a: Ribombee|move: Sticky Web\n|-unboost|p1a: Ribombee|spe|1\n|turn|2\n|\n|t:|1700594093\n|move|p2a: :P|Misty Explosion|p1a: Ribombee\n|-damage|p1a: Ribombee|26\/100\n|faint|p2a: :P\n|move|p1a: Ribombee|Sticky Web|p2: :P\n|-sidestart|p2: ELFRAN132|move: Sticky Web\n|\n|upkeep\n|\n|t:|1700594107\n|switch|p2a: Voz Cabrona|Volcarona, F|100\/100\n|turn|3\n|\n|t:|1700594118\n|switch|p1a: Banette|Banette, M|100\/100\n|-activate|p1a: Banette|move: Sticky Web\n|-unboost|p1a: Banette|spe|1\n|-item|p2a: Voz Cabrona|Heavy-Duty Boots|[from] ability: Frisk|[of] p1a: Banette|[identify]\n|move|p2a: Voz Cabrona|Fiery Dance|p1a: Banette\n|-damage|p1a: Banette|33\/100\n|\n|upkeep\n|turn|4\n|\n|t:|1700594139\n|switch|p2a: FranDameLaNi\u00f1a|Tapu Lele, shiny|100\/100\n|-activate|p2a: FranDameLaNi\u00f1a|move: Sticky Web\n|-unboost|p2a: FranDameLaNi\u00f1a|spe|1\n|-fieldstart|move: Psychic Terrain|[from] ability: Psychic Surge|[of] p2a: FranDameLaNi\u00f1a\n|detailschange|p1a: Banette|Banette-Mega, M\n|-mega|p1a: Banette|Banette|Banettite\n|move|p1a: Banette|Destiny Bond|p1a: Banette\n|-singlemove|p1a: Banette|Destiny Bond\n|\n|upkeep\n|turn|5\n|\n|t:|1700594154\n|move|p2a: FranDameLaNi\u00f1a|Psychic|p1a: Banette\n|-damage|p1a: Banette|0 fnt\n|faint|p1a: Banette\n|-activate|p1a: Banette|move: Destiny Bond\n|faint|p2a: FranDameLaNi\u00f1a\n|\n|upkeep\n|\n|t:|1700594166\n|switch|p2a: Las 1000 Pajas|Hoopa-Unbound|100\/100\n|switch|p1a: Sneasler|Sneasler, M|100\/100\n|-activate|p1a: Sneasler|move: Sticky Web\n|-unboost|p1a: Sneasler|spe|1\n|-activate|p2a: Las 1000 Pajas|move: Sticky Web\n|-unboost|p2a: Las 1000 Pajas|spe|1\n|turn|6\n|\n|t:|1700594180\n|move|p1a: Sneasler|Fake Out|p2a: Las 1000 Pajas\n|-activate|p2a: Las 1000 Pajas|move: Psychic Terrain\n|move|p2a: Las 1000 Pajas|Hyperspace Fury|p1a: Sneasler\n|-resisted|p1a: Sneasler\n|-damage|p1a: Sneasler|18\/100\n|-unboost|p2a: Las 1000 Pajas|def|1\n|\n|upkeep\n|turn|7\n|\n|t:|1700594187\n|switch|p2a: Cancerbero|Corviknight, M, shiny|100\/100\n|-ability|p2a: Cancerbero|Pressure\n|move|p1a: Sneasler|Close Combat|p2a: Cancerbero\n|-damage|p2a: Cancerbero|59\/100\n|-unboost|p1a: Sneasler|def|1\n|-unboost|p1a: Sneasler|spd|1\n|-damage|p1a: Sneasler|2\/100|[from] item: Rocky Helmet|[of] p2a: Cancerbero\n|\n|upkeep\n|turn|8\n|\n|t:|1700594194\n|switch|p1a: Moltres|Moltres|100\/100\n|move|p2a: Cancerbero|U-turn|p1a: Moltres\n|-resisted|p1a: Moltres\n|-damage|p1a: Moltres|98\/100\n|\n|t:|1700594200\n|switch|p2a: Las 1000 Pajas|Hoopa-Unbound|100\/100|[from] U-turn\n|-activate|p2a: Las 1000 Pajas|move: Sticky Web\n|-unboost|p2a: Las 1000 Pajas|spe|1\n|\n|-fieldend|move: Psychic Terrain\n|upkeep\n|turn|9\n|\n|t:|1700594204\n|move|p1a: Moltres|U-turn|p2a: Las 1000 Pajas\n|-supereffective|p2a: Las 1000 Pajas\n|-damage|p2a: Las 1000 Pajas|3\/100\n|\n|t:|1700594209\n|switch|p1a: Ribombee|Ribombee, M|26\/100|[from] U-turn\n|-activate|p1a: Ribombee|move: Sticky Web\n|-unboost|p1a: Ribombee|spe|1\n|move|p2a: Las 1000 Pajas|Hyperspace Fury|p1a: Ribombee\n|-resisted|p1a: Ribombee\n|-damage|p1a: Ribombee|0 fnt\n|-unboost|p2a: Las 1000 Pajas|def|1\n|faint|p1a: Ribombee\n|\n|upkeep\n|\n|t:|1700594219\n|switch|p1a: Sneasler|Sneasler, M|2\/100\n|-activate|p1a: Sneasler|move: Sticky Web\n|-unboost|p1a: Sneasler|spe|1\n|turn|10\n|\n|t:|1700594228\n|switch|p2a: Cancerbero|Corviknight, M, shiny|59\/100\n|-ability|p2a: Cancerbero|Pressure\n|move|p1a: Sneasler|Close Combat|p2a: Cancerbero\n|-damage|p2a: Cancerbero|20\/100\n|-unboost|p1a: Sneasler|def|1\n|-unboost|p1a: Sneasler|spd|1\n|-damage|p1a: Sneasler|0 fnt|[from] item: Rocky Helmet|[of] p2a: Cancerbero\n|faint|p1a: Sneasler\n|\n|upkeep\n|\n|t:|1700594233\n|switch|p1a: Garchomp|Garchomp, M|100\/100\n|-activate|p1a: Garchomp|move: Sticky Web\n|-unboost|p1a: Garchomp|spe|1\n|turn|11\n|\n|t:|1700594243\n|move|p1a: Garchomp|Swords Dance|p1a: Garchomp\n|-boost|p1a: Garchomp|atk|2\n|move|p2a: Cancerbero|Brave Bird|p1a: Garchomp\n|-damage|p1a: Garchomp|64\/100\n|-damage|p2a: Cancerbero|8\/100|[from] ability: Rough Skin|[of] p1a: Garchomp\n|-damage|p2a: Cancerbero|0 fnt|[from] Recoil\n|faint|p2a: Cancerbero\n|\n|upkeep\n|\n|t:|1700594261\n|switch|p2a: M\u00e1scara de fuente|Ogerpon-Wellspring, F|100\/100\n|-activate|p2a: M\u00e1scara de fuente|move: Sticky Web\n|-unboost|p2a: M\u00e1scara de fuente|spe|1\n|turn|12\n|\n|t:|1700594268\n|switch|p1a: Moltres|Moltres|98\/100\n|-terastallize|p2a: M\u00e1scara de fuente|Water\n|detailschange|p2a: M\u00e1scara de fuente|Ogerpon-Wellspring-Tera, F, tera:Water\n|-ability|p2a: M\u00e1scara de fuente|Embody Aspect (Wellspring)|boost\n|-boost|p2a: M\u00e1scara de fuente|spd|1\n|move|p2a: M\u00e1scara de fuente|Ivy Cudgel|p1a: Moltres|[anim] Ivy Cudgel Water\n|-supereffective|p1a: Moltres\n|-crit|p1a: Moltres\n|-damage|p1a: Moltres|0 fnt\n|faint|p1a: Moltres\n|\n|upkeep\n|\n|t:|1700594271\n|switch|p1a: Garchomp|Garchomp, M|64\/100\n|-activate|p1a: Garchomp|move: Sticky Web\n|-unboost|p1a: Garchomp|spe|1\n|turn|13\n|-message|zhangsangua forfeited.\n|\n|win|ELFRAN132\n|raw|zhangsangua's rating: 1289 &rarr; <strong>1270<\/strong><br \/>(-19 for losing)\n|raw|ELFRAN132's rating: 1379 &rarr; <strong>1394<\/strong><br \/>(+15 for winning)\n|l|\u2606zhangsangua\n","uploadtime":1700594284,"views":10,"p1id":"zhangsangua","p2id":"elfran132","formatid":"gen9nationaldex","rating":1270,"private":0,"password":""}