{"id":"gen9nationaldex-1999791820","p1":"KingFlux","p2":"vheneko","format":"[Gen 9] National Dex","log":"|html|<div class=\"broadcast-blue\"><strong>[Gen 9] National Dex is currently suspecting Sneasler! For information on how to participate check out the <a href=\"https:\/\/www.smogon.com\/forums\/threads\/sv-national-dex-suspect-8-just-dance.3731534\/\">suspect thread<\/a>.<\/strong><\/div>\n|j|\u2606KingFlux\n|j|\u2606vheneko\n|t:|1701117078\n|gametype|singles\n|player|p1|KingFlux|cress|1244\n|player|p2|vheneko|depotagent|1249\n|teamsize|p1|6\n|teamsize|p2|6\n|gen|9\n|tier|[Gen 9] National Dex\n|rated|\n|rule|HP Percentage Mod: HP is shown in percentages\n|rule|Endless Battle Clause: Forcing endless battles is banned\n|rule|OHKO Clause: OHKO moves are banned\n|rule|Evasion Clause: Evasion abilities, items, and moves are banned\n|rule|Evasion Abilities Clause: Evasion abilities are banned\n|rule|Evasion Items Clause: Evasion items are banned\n|rule|Evasion Moves Clause: Evasion moves are banned\n|rule|Species Clause: Limit one of each Pok\u00e9mon\n|rule|Sleep Clause Mod: Limit one foe put to sleep\n|clearpoke\n|poke|p1|Porygon2|\n|poke|p1|Grapploct, M|\n|poke|p1|Corviknight, M|\n|poke|p1|Kommo-o, M|\n|poke|p1|Pinsir, F|\n|poke|p1|Darmanitan, M|\n|poke|p2|Iron Valiant|\n|poke|p2|Mew|\n|poke|p2|Lokix, F|\n|poke|p2|Kyurem|\n|poke|p2|Skeledirge, F|\n|poke|p2|Ribombee, M|\n|teampreview\n|\n|t:|1701117093\n|start\n|switch|p1a: Good luck|Porygon2|100\/100\n|switch|p2a: Ribombee|Ribombee, M|100\/100\n|turn|1\n|\n|t:|1701117101\n|move|p2a: Ribombee|Sticky Web|p1a: Good luck\n|-sidestart|p1: KingFlux|move: Sticky Web\n|move|p1a: Good luck|Thunder Wave|p2a: Ribombee\n|-status|p2a: Ribombee|par\n|\n|upkeep\n|turn|2\n|\n|t:|1701117107\n|move|p2a: Ribombee|Stun Spore|p1a: Good luck\n|-status|p1a: Good luck|par\n|move|p1a: Good luck|Tri Attack|p2a: Ribombee\n|-damage|p2a: Ribombee|29\/100 par\n|\n|upkeep\n|turn|3\n|\n|t:|1701117113\n|move|p2a: Ribombee|Moonblast|p1a: Good luck\n|-damage|p1a: Good luck|76\/100 par\n|move|p1a: Good luck|Tri Attack|p2a: Ribombee\n|-damage|p2a: Ribombee|0 fnt\n|faint|p2a: Ribombee\n|\n|upkeep\n|\n|t:|1701117121\n|switch|p2a: Mew|Mew, shiny|100\/100\n|turn|4\n|\n|t:|1701117127\n|move|p2a: Mew|Cosmic Power|p2a: Mew\n|-boost|p2a: Mew|def|1\n|-boost|p2a: Mew|spd|1\n|cant|p1a: Good luck|par\n|\n|upkeep\n|turn|5\n|\n|t:|1701117135\n|move|p2a: Mew|Cosmic Power|p2a: Mew\n|-boost|p2a: Mew|def|1\n|-boost|p2a: Mew|spd|1\n|move|p1a: Good luck|Thunder Wave|p2a: Mew\n|-status|p2a: Mew|par\n|-activate|p2a: Mew|ability: Synchronize\n|-fail|p1a: Good luck|par\n|\n|upkeep\n|turn|6\n|\n|t:|1701117143\n|move|p2a: Mew|Cosmic Power|p2a: Mew\n|-boost|p2a: Mew|def|1\n|-boost|p2a: Mew|spd|1\n|move|p1a: Good luck|Tri Attack|p2a: Mew\n|-damage|p2a: Mew|90\/100 par\n|\n|-heal|p2a: Mew|96\/100 par|[from] item: Leftovers\n|upkeep\n|turn|7\n|c|\u2606KingFlux|that's weird\n|c|\u2606KingFlux|is it stored power?\n|c|\u2606vheneko|at this point, you are in big trouble\n|c|\u2606vheneko|yup\n|\n|t:|1701117173\n|move|p2a: Mew|Cosmic Power|p2a: Mew\n|-boost|p2a: Mew|def|1\n|-boost|p2a: Mew|spd|1\n|cant|p1a: Good luck|par\n|\n|-heal|p2a: Mew|100\/100 par|[from] item: Leftovers\n|upkeep\n|turn|8\n|c|\u2606vheneko|and body press\n|c|\u2606KingFlux|yea\n|c|\u2606KingFlux|i am probably dead\n|\n|t:|1701117182\n|move|p2a: Mew|Cosmic Power|p2a: Mew\n|-boost|p2a: Mew|def|1\n|-boost|p2a: Mew|spd|1\n|cant|p1a: Good luck|par\n|\n|upkeep\n|turn|9\n|\n|t:|1701117190\n|move|p2a: Mew|Body Press|p1a: Good luck\n|-supereffective|p1a: Good luck\n|-damage|p1a: Good luck|0 fnt\n|faint|p1a: Good luck\n|\n|upkeep\n|\n|t:|1701117193\n|switch|p1a: Fun Guy|Grapploct, M|100\/100\n|-activate|p1a: Fun Guy|move: Sticky Web\n|-unboost|p1a: Fun Guy|spe|1\n|turn|10\n|c|\u2606KingFlux|hehe\n|c|\u2606KingFlux|just look\n|\n|t:|1701117199\n|cant|p2a: Mew|par\n|move|p1a: Fun Guy|Topsy-Turvy|p2a: Mew\n|-invertboost|p2a: Mew|[from] move: Topsy-Turvy\n|\n|upkeep\n|turn|11\n|c|\u2606vheneko|i toguht malamar was the only that can learn that\n|\n|t:|1701117220\n|switch|p2a: Iron Valiant|Iron Valiant|100\/100\n|-enditem|p2a: Iron Valiant|Booster Energy\n|-activate|p2a: Iron Valiant|ability: Quark Drive|[fromitem]\n|-start|p2a: Iron Valiant|quarkdrivespe\n|move|p1a: Fun Guy|Waterfall|p2a: Iron Valiant\n|-damage|p2a: Iron Valiant|67\/100\n|\n|upkeep\n|turn|12\n|\n|t:|1701117247\n|move|p2a: Iron Valiant|Knock Off|p1a: Fun Guy\n|-resisted|p1a: Fun Guy\n|-damage|p1a: Fun Guy|87\/100\n|-enditem|p1a: Fun Guy|Focus Sash|[from] move: Knock Off|[of] p2a: Iron Valiant\n|move|p1a: Fun Guy|Circle Throw|p2a: Iron Valiant|[miss]\n|-miss|p1a: Fun Guy|p2a: Iron Valiant\n|\n|upkeep\n|turn|13\n|\n|t:|1701117255\n|move|p2a: Iron Valiant|Moonblast|p1a: Fun Guy\n|-supereffective|p1a: Fun Guy\n|-crit|p1a: Fun Guy\n|-damage|p1a: Fun Guy|0 fnt\n|faint|p1a: Fun Guy\n|\n|upkeep\n|c|\u2606KingFlux|...\n|\n|t:|1701117261\n|switch|p1a: Car|Pinsir, F|100\/100\n|-activate|p1a: Car|move: Sticky Web\n|-unboost|p1a: Car|spe|1\n|turn|14\n|\n|t:|1701117267\n|detailschange|p1a: Car|Pinsir-Mega, F\n|-mega|p1a: Car|Pinsir|Pinsirite\n|move|p1a: Car|Quick Attack|p2a: Iron Valiant\n|-supereffective|p2a: Iron Valiant\n|-damage|p2a: Iron Valiant|0 fnt\n|faint|p2a: Iron Valiant\n|-end|p2a: Iron Valiant|Quark Drive|[silent]\n|\n|upkeep\n|\n|t:|1701117272\n|switch|p2a: Skeledirge|Skeledirge, F|100\/100\n|turn|15\n|\n|t:|1701117282\n|switch|p1a: ...|Kommo-o, M|100\/100\n|-activate|p1a: ...|move: Sticky Web\n|-unboost|p1a: ...|spe|1\n|move|p2a: Skeledirge|Will-O-Wisp|p1a: ...\n|-status|p1a: ...|brn\n|\n|-damage|p1a: ...|94\/100 brn|[from] brn\n|upkeep\n|turn|16\n|\n|t:|1701117291\n|-terastallize|p2a: Skeledirge|Fairy\n|-terastallize|p1a: ...|Normal\n|move|p2a: Skeledirge|Torch Song|p1a: ...\n|-damage|p1a: ...|66\/100 brn\n|-boost|p2a: Skeledirge|spa|1\n|move|p1a: ...|Clangorous Soul|p1a: ...\n|-boost|p1a: ...|atk|1\n|-boost|p1a: ...|def|1\n|-boost|p1a: ...|spa|1\n|-boost|p1a: ...|spd|1\n|-boost|p1a: ...|spe|1\n|-damage|p1a: ...|33\/100 brn\n|-enditem|p1a: ...|Throat Spray\n|-boost|p1a: ...|spa|1|[from] item: Throat Spray\n|\n|-damage|p1a: ...|27\/100 brn|[from] brn\n|upkeep\n|turn|17\n|c|\u2606KingFlux|hex is comming\n|\n|t:|1701117313\n|move|p1a: ...|Clanging Scales|p2a: Skeledirge\n|-immune|p2a: Skeledirge\n|move|p2a: Skeledirge|Torch Song|p1a: ...\n|-damage|p1a: ...|0 fnt\n|-boost|p2a: Skeledirge|spa|1\n|faint|p1a: ...\n|\n|upkeep\n|c|\u2606KingFlux|oh wait\n|c|\u2606KingFlux|lol\n|c|\u2606vheneko|i toguht you was about to use clagorous soulblaze\n|c|\u2606KingFlux|i am stupid\n|j| SamFuraxy\n|c| SamFuraxy|OLA\n|c|\u2606KingFlux|no i haven't got z move on him\n|c|\u2606vheneko|HOLA SAM\n|c|\u2606vheneko|oof\n|c|\u2606KingFlux|i am in big trouble\n|\n|t:|1701117356\n|switch|p1a: Survive|Darmanitan, M, shiny|100\/100\n|-activate|p1a: Survive|move: Sticky Web\n|-unboost|p1a: Survive|spe|1\n|turn|18\n|\n|t:|1701117362\n|move|p1a: Survive|Flare Blitz|p2a: Skeledirge\n|-damage|p2a: Skeledirge|0 fnt\n|faint|p2a: Skeledirge\n|-damage|p1a: Survive|65\/100|[from] Recoil\n|\n|upkeep\n|c|\u2606KingFlux|omg\n|c|\u2606vheneko|ouch\n|\n|t:|1701117370\n|switch|p2a: Lokix|Lokix, F|100\/100\n|turn|19\n|c|\u2606KingFlux|he is so strong\n|\n|t:|1701117376\n|switch|p1a: Hi|Corviknight, M, shiny|100\/100\n|move|p2a: Lokix|First Impression|p1a: Hi\n|-resisted|p1a: Hi\n|-damage|p1a: Hi|84\/100\n|\n|-heal|p1a: Hi|91\/100|[from] item: Leftovers\n|upkeep\n|turn|20\n|\n|t:|1701117385\n|move|p2a: Lokix|U-turn|p1a: Hi\n|-resisted|p1a: Hi\n|-damage|p1a: Hi|79\/100\n|\n|t:|1701117387\n|switch|p2a: Kyurem|Kyurem|100\/100|[from] U-turn\n|-ability|p2a: Kyurem|Pressure\n|move|p1a: Hi|Defog|p2a: Kyurem\n|-unboost|p2a: Kyurem|evasion|1\n|-sideend|p1: KingFlux|Sticky Web|[from] move: Defog|[of] p1a: Hi\n|\n|-heal|p1a: Hi|85\/100|[from] item: Leftovers\n|upkeep\n|turn|21\n|c| SamFuraxy|Esta bueno eh\n|\n|t:|1701117399\n|move|p2a: Kyurem|Draco Meteor|p1a: Hi\n|-resisted|p1a: Hi\n|-damage|p1a: Hi|53\/100\n|-unboost|p2a: Kyurem|spa|2\n|move|p1a: Hi|Roost|p1a: Hi\n|-heal|p1a: Hi|100\/100\n|-singleturn|p1a: Hi|move: Roost\n|\n|upkeep\n|turn|22\n|\n|t:|1701117408\n|switch|p2a: Lokix|Lokix, F|100\/100\n|move|p1a: Hi|Bulk Up|p1a: Hi\n|-boost|p1a: Hi|atk|1\n|-boost|p1a: Hi|def|1\n|\n|upkeep\n|turn|23\n|\n|t:|1701117416\n|switch|p2a: Mew|Mew, shiny|100\/100 par\n|move|p1a: Hi|Bulk Up|p1a: Hi\n|-boost|p1a: Hi|atk|1\n|-boost|p1a: Hi|def|1\n|\n|upkeep\n|turn|24\n|\n|t:|1701117424\n|move|p1a: Hi|Body Press|p2a: Mew\n|-resisted|p2a: Mew\n|-damage|p2a: Mew|82\/100 par\n|move|p2a: Mew|Cosmic Power|p2a: Mew\n|-boost|p2a: Mew|def|1\n|-boost|p2a: Mew|spd|1\n|\n|-heal|p2a: Mew|88\/100 par|[from] item: Leftovers\n|upkeep\n|turn|25\n|c|\u2606KingFlux|eww\n|\n|t:|1701117432\n|switch|p1a: Survive|Darmanitan, M, shiny|65\/100\n|move|p2a: Mew|Cosmic Power|p2a: Mew\n|-boost|p2a: Mew|def|1\n|-boost|p2a: Mew|spd|1\n|\n|-heal|p2a: Mew|94\/100 par|[from] item: Leftovers\n|upkeep\n|turn|26\n|\n|t:|1701117439\n|move|p1a: Survive|Trick|p2a: Mew\n|-activate|p1a: Survive|move: Trick|[of] p2a: Mew\n|-item|p2a: Mew|Choice Band|[from] move: Trick\n|-item|p1a: Survive|Leftovers|[from] move: Trick\n|move|p2a: Mew|Roost|p2a: Mew\n|-heal|p2a: Mew|100\/100 par\n|-singleturn|p2a: Mew|move: Roost\n|\n|-heal|p1a: Survive|71\/100|[from] item: Leftovers\n|upkeep\n|turn|27\n|c|\u2606KingFlux|ha ha got ya\n|c|\u2606vheneko|oh wow\n|\n|t:|1701117450\n|switch|p2a: Kyurem|Kyurem|100\/100\n|-ability|p2a: Kyurem|Pressure\n|move|p1a: Survive|Flare Blitz|p2a: Kyurem\n|-damage|p2a: Kyurem|31\/100\n|-damage|p1a: Survive|48\/100|[from] Recoil\n|\n|-heal|p1a: Survive|54\/100|[from] item: Leftovers\n|upkeep\n|turn|28\n|\n|t:|1701117460\n|move|p2a: Kyurem|Freeze-Dry|p1a: Survive\n|-resisted|p1a: Survive\n|-damage|p1a: Survive|30\/100\n|move|p1a: Survive|Flare Blitz|p2a: Kyurem\n|-damage|p2a: Kyurem|0 fnt\n|faint|p2a: Kyurem\n|-damage|p1a: Survive|20\/100|[from] Recoil\n|\n|-heal|p1a: Survive|27\/100|[from] item: Leftovers\n|upkeep\n|\n|t:|1701117469\n|switch|p2a: Lokix|Lokix, F|100\/100\n|turn|29\n|\n|t:|1701117473\n|move|p2a: Lokix|First Impression|p1a: Survive\n|-resisted|p1a: Survive\n|-damage|p1a: Survive|0 fnt\n|faint|p1a: Survive\n|\n|upkeep\n|\n|t:|1701117477\n|switch|p1a: Car|Pinsir-Mega, F|100\/100\n|turn|30\n|\n|t:|1701117482\n|move|p2a: Lokix|Sucker Punch|p1a: Car\n|-damage|p1a: Car|72\/100\n|move|p1a: Car|Double-Edge|p2a: Lokix\n|-supereffective|p2a: Lokix\n|-damage|p2a: Lokix|0 fnt\n|faint|p2a: Lokix\n|-damage|p1a: Car|41\/100|[from] Recoil\n|\n|upkeep\n|\n|t:|1701117490\n|switch|p2a: Mew|Mew, shiny|100\/100 par\n|turn|31\n|\n|t:|1701117496\n|move|p1a: Car|Double-Edge|p2a: Mew\n|-damage|p2a: Mew|28\/100 par\n|-damage|p1a: Car|9\/100|[from] Recoil\n|cant|p2a: Mew|par\n|\n|upkeep\n|turn|32\n|c|\u2606KingFlux|gg :)\n|c|\u2606KingFlux|it was fun\n|c|\u2606vheneko|aww gg\n|\n|t:|1701117506\n|move|p1a: Car|Quick Attack|p2a: Mew\n|-damage|p2a: Mew|5\/100 par\n|cant|p2a: Mew|par\n|\n|upkeep\n|turn|33\n|c|\u2606vheneko|today i learned new things\n|\n|t:|1701117515\n|move|p1a: Car|Quick Attack|p2a: Mew\n|-damage|p2a: Mew|0 fnt\n|faint|p2a: Mew\n|\n|win|KingFlux\n|raw|KingFlux's rating: 1244 &rarr; <strong>1269<\/strong><br \/>(+25 for winning)\n|raw|vheneko's rating: 1249 &rarr; <strong>1224<\/strong><br \/>(-25 for losing)\n","uploadtime":1701117528,"views":2,"p1id":"kingflux","p2id":"vheneko","formatid":"gen9nationaldex","rating":1224,"private":0,"password":""}