{"id":"gen9nationaldex-1988517862","p1":"SninemaSnins","p2":"ColdZoroark","format":"[Gen 9] National Dex","log":"|j|\u2606SninemaSnins\n|j|\u2606ColdZoroark\n|t:|1699731471\n|gametype|singles\n|player|p1|SninemaSnins|workerice|1298\n|player|p2|ColdZoroark|grimsley|1409\n|teamsize|p1|6\n|teamsize|p2|6\n|gen|9\n|tier|[Gen 9] National Dex\n|rated|\n|rule|HP Percentage Mod: HP is shown in percentages\n|rule|Endless Battle Clause: Forcing endless battles is banned\n|rule|OHKO Clause: OHKO moves are banned\n|rule|Evasion Clause: Evasion abilities, items, and moves are banned\n|rule|Evasion Abilities Clause: Evasion abilities are banned\n|rule|Evasion Items Clause: Evasion items are banned\n|rule|Evasion Moves Clause: Evasion moves are banned\n|rule|Species Clause: Limit one of each Pok\u00e9mon\n|rule|Sleep Clause Mod: Limit one foe put to sleep\n|clearpoke\n|poke|p1|Ninetales-Alola, F|\n|poke|p1|Cetitan, M|\n|poke|p1|Frosmoth, F|\n|poke|p1|Sandslash-Alola, M|\n|poke|p1|Piloswine, M|\n|poke|p1|Cloyster, F|\n|poke|p2|Ninetales-Alola, F|\n|poke|p2|Skarmory, M|\n|poke|p2|Lilligant-Hisui, F|\n|poke|p2|Iron Moth|\n|poke|p2|Altaria, M|\n|poke|p2|Silvally-*|\n|teampreview\n|inactive|Battle timer is ON: inactive players will automatically lose when time's up. (requested by ColdZoroark)\n|c|\u2606ColdZoroark|That's an ice team\n|c|\u2606SninemaSnins|have an ice day\n|\n|t:|1699731500\n|start\n|switch|p1a: Stay cool man|Cloyster, F|100\/100\n|switch|p2a: Ninetales|Ninetales-Alola, F|100\/100\n|-weather|Snow|[from] ability: Snow Warning|[of] p2a: Ninetales\n|turn|1\n|\n|t:|1699731508\n|move|p2a: Ninetales|Aurora Veil|p2a: Ninetales\n|-sidestart|p2: ColdZoroark|move: Aurora Veil\n|move|p1a: Stay cool man|Shell Smash|p1a: Stay cool man\n|-unboost|p1a: Stay cool man|def|1\n|-unboost|p1a: Stay cool man|spd|1\n|-boost|p1a: Stay cool man|atk|2\n|-boost|p1a: Stay cool man|spa|2\n|-boost|p1a: Stay cool man|spe|2\n|-enditem|p1a: Stay cool man|White Herb\n|-clearnegativeboost|p1a: Stay cool man|[silent]\n|\n|-weather|Snow|[upkeep]\n|upkeep\n|turn|2\n|\n|t:|1699731520\n|move|p1a: Stay cool man|Hidden Power|p2a: Ninetales\n|-supereffective|p2a: Ninetales\n|-damage|p2a: Ninetales|66\/100\n|move|p2a: Ninetales|Moonblast|p1a: Stay cool man\n|-damage|p1a: Stay cool man|0 fnt\n|faint|p1a: Stay cool man\n|\n|-weather|Snow|[upkeep]\n|upkeep\n|\n|t:|1699731529\n|switch|p1a: Don't be so cold|Cetitan, M|100\/100\n|turn|3\n|c|\u2606ColdZoroark|I would love to have an ice day, but I've got a cold\n|\n|t:|1699731546\n|move|p1a: Don't be so cold|Belly Drum|p1a: Don't be so cold\n|-damage|p1a: Don't be so cold|50\/100\n|-setboost|p1a: Don't be so cold|atk|6|[from] move: Belly Drum\n|move|p2a: Ninetales|Hypnosis|p1a: Don't be so cold\n|-status|p1a: Don't be so cold|slp|[from] move: Hypnosis\n|\n|-weather|Snow|[upkeep]\n|upkeep\n|turn|4\n|\n|t:|1699731553\n|cant|p1a: Don't be so cold|slp\n|move|p2a: Ninetales|Moonblast|p1a: Don't be so cold\n|-damage|p1a: Don't be so cold|8\/100 slp\n|\n|-weather|Snow|[upkeep]\n|upkeep\n|turn|5\n|\n|t:|1699731558\n|-curestatus|p1a: Don't be so cold|slp|[msg]\n|move|p1a: Don't be so cold|Earthquake|p2a: Ninetales\n|-damage|p2a: Ninetales|0 fnt\n|faint|p2a: Ninetales\n|\n|-weather|none\n|upkeep\n|\n|t:|1699731570\n|switch|p2a: Silvally|Silvally-Water|100\/100\n|turn|6\n|\n|t:|1699731580\n|switch|p1a: Have an ice day|Ninetales-Alola, F|100\/100\n|-weather|Snow|[from] ability: Snow Warning|[of] p1a: Have an ice day\n|move|p2a: Silvally|Flame Charge|p1a: Have an ice day\n|-supereffective|p1a: Have an ice day\n|-damage|p1a: Have an ice day|75\/100\n|-boost|p2a: Silvally|spe|1\n|\n|-weather|Snow|[upkeep]\n|upkeep\n|turn|7\n|\n|t:|1699731590\n|move|p2a: Silvally|Swords Dance|p2a: Silvally\n|-boost|p2a: Silvally|atk|2\n|move|p1a: Have an ice day|Aurora Veil|p1a: Have an ice day\n|-sidestart|p1: SninemaSnins|move: Aurora Veil\n|\n|-weather|Snow|[upkeep]\n|upkeep\n|turn|8\n|\n|t:|1699731600\n|move|p2a: Silvally|Multi-Attack|p1a: Have an ice day\n|-damage|p1a: Have an ice day|32\/100\n|move|p1a: Have an ice day|Encore|p2a: Silvally\n|-start|p2a: Silvally|Encore\n|\n|-weather|Snow|[upkeep]\n|-sideend|p2: ColdZoroark|move: Aurora Veil\n|upkeep\n|turn|9\n|\n|t:|1699731613\n|move|p2a: Silvally|Multi-Attack|p1a: Have an ice day\n|-damage|p1a: Have an ice day|0 fnt\n|faint|p1a: Have an ice day\n|\n|-weather|Snow|[upkeep]\n|upkeep\n|\n|t:|1699731623\n|switch|p1a: Don't be so cold|Cetitan, M|8\/100\n|turn|10\n|\n|t:|1699731631\n|-zpower|p1a: Don't be so cold\n|move|p1a: Don't be so cold|Z-Belly Drum|p1a: Don't be so cold|[anim]Belly Drum\n|-heal|p1a: Don't be so cold|100\/100|[zeffect]\n|-damage|p1a: Don't be so cold|50\/100\n|-setboost|p1a: Don't be so cold|atk|6|[from] move: Belly Drum\n|move|p2a: Silvally|Multi-Attack|p1a: Don't be so cold\n|-damage|p1a: Don't be so cold|17\/100\n|\n|-weather|Snow|[upkeep]\n|upkeep\n|turn|11\n|\n|t:|1699731642\n|move|p1a: Don't be so cold|Earthquake|p2a: Silvally\n|-damage|p2a: Silvally|0 fnt\n|faint|p2a: Silvally\n|\n|-weather|Snow|[upkeep]\n|-sideend|p1: SninemaSnins|move: Aurora Veil\n|upkeep\n|\n|t:|1699731652\n|switch|p2a: Skarmory|Skarmory, M|100\/100\n|turn|12\n|\n|t:|1699731655\n|move|p1a: Don't be so cold|Ice Spinner|p2a: Skarmory\n|-ability|p2a: Skarmory|Sturdy\n|-damage|p2a: Skarmory|1\/100\n|-damage|p1a: Don't be so cold|0 fnt|[from] item: Rocky Helmet|[of] p2a: Skarmory\n|faint|p1a: Don't be so cold\n|move|p2a: Skarmory|Iron Head|p1: Don't be so cold|[notarget]\n|-fail|p2a: Skarmory\n|\n|-weather|Snow|[upkeep]\n|upkeep\n|inactive|SninemaSnins has 120 seconds left.\n|\n|t:|1699731702\n|switch|p1a: Chill out bro|Sandslash-Alola, M|100\/100\n|turn|13\n|\n|t:|1699731706\n|move|p1a: Chill out bro|Rapid Spin|p2a: Skarmory\n|-resisted|p2a: Skarmory\n|-crit|p2a: Skarmory\n|-damage|p2a: Skarmory|0 fnt\n|-boost|p1a: Chill out bro|spe|1\n|-damage|p1a: Chill out bro|84\/100|[from] item: Rocky Helmet|[of] p2a: Skarmory\n|faint|p2a: Skarmory\n|\n|-weather|none\n|upkeep\n|\n|t:|1699731711\n|switch|p2a: Lilligant|Lilligant-Hisui, F|100\/100\n|turn|14\n|\n|t:|1699731718\n|move|p1a: Chill out bro|Knock Off|p2a: Lilligant\n|-resisted|p2a: Lilligant\n|-damage|p2a: Lilligant|78\/100\n|-enditem|p2a: Lilligant|Wide Lens|[from] move: Knock Off|[of] p1a: Chill out bro\n|move|p2a: Lilligant|Close Combat|p1a: Chill out bro\n|-supereffective|p1a: Chill out bro\n|-damage|p1a: Chill out bro|0 fnt\n|-unboost|p2a: Lilligant|def|1\n|-unboost|p2a: Lilligant|spd|1\n|faint|p1a: Chill out bro\n|\n|upkeep\n|inactive|SninemaSnins has 120 seconds left.\n|\n|t:|1699731731\n|switch|p1a: Why so frostrated?|Frosmoth, F|100\/100\n|turn|15\n|\n|t:|1699731738\n|-terastallize|p1a: Why so frostrated?|Ghost\n|move|p2a: Lilligant|Close Combat|p1a: Why so frostrated?\n|-immune|p1a: Why so frostrated?\n|move|p1a: Why so frostrated?|Ice Beam|p2a: Lilligant\n|-supereffective|p2a: Lilligant\n|-damage|p2a: Lilligant|0 fnt\n|faint|p2a: Lilligant\n|\n|upkeep\n|\n|t:|1699731743\n|switch|p2a: Iron Moth|Iron Moth|100\/100\n|-enditem|p2a: Iron Moth|Booster Energy\n|-activate|p2a: Iron Moth|ability: Quark Drive|[fromitem]\n|-start|p2a: Iron Moth|quarkdrivespa\n|turn|16\n|\n|t:|1699731752\n|switch|p1a: Snow big deal|Piloswine, M|100\/100\n|-terastallize|p2a: Iron Moth|Fairy\n|move|p2a: Iron Moth|Dazzling Gleam|p1a: Snow big deal\n|-damage|p1a: Snow big deal|71\/100\n|\n|upkeep\n|turn|17\n|\n|t:|1699731762\n|move|p2a: Iron Moth|Fiery Dance|p1a: Snow big deal\n|-supereffective|p1a: Snow big deal\n|-damage|p1a: Snow big deal|36\/100\n|move|p1a: Snow big deal|Toxic|p2a: Iron Moth\n|-status|p2a: Iron Moth|tox\n|\n|-damage|p2a: Iron Moth|95\/100 tox|[from] psn\n|upkeep\n|turn|18\n|\n|t:|1699731770\n|move|p2a: Iron Moth|Fiery Dance|p1a: Snow big deal\n|-supereffective|p1a: Snow big deal\n|-crit|p1a: Snow big deal\n|-damage|p1a: Snow big deal|0 fnt\n|-boost|p2a: Iron Moth|spa|1\n|faint|p1a: Snow big deal\n|\n|-damage|p2a: Iron Moth|83\/100 tox|[from] psn\n|upkeep\n|\n|t:|1699731778\n|switch|p1a: Why so frostrated?|Frosmoth, F, tera:Ghost|100\/100\n|turn|19\n|\n|t:|1699731781\n|move|p2a: Iron Moth|Dazzling Gleam|p1a: Why so frostrated?\n|-damage|p1a: Why so frostrated?|48\/100\n|move|p1a: Why so frostrated?|Quiver Dance|p1a: Why so frostrated?\n|-boost|p1a: Why so frostrated?|spa|1\n|-boost|p1a: Why so frostrated?|spd|1\n|-boost|p1a: Why so frostrated?|spe|1\n|\n|-damage|p2a: Iron Moth|65\/100 tox|[from] psn\n|upkeep\n|turn|20\n|\n|t:|1699731792\n|move|p2a: Iron Moth|Dazzling Gleam|p1a: Why so frostrated?\n|-damage|p1a: Why so frostrated?|7\/100\n|move|p1a: Why so frostrated?|Ice Beam|p2a: Iron Moth\n|-damage|p2a: Iron Moth|0 fnt\n|faint|p2a: Iron Moth\n|-end|p2a: Iron Moth|Quark Drive|[silent]\n|\n|upkeep\n|\n|t:|1699731794\n|switch|p2a: Altaria|Altaria, M|100\/100\n|turn|21\n|\n|t:|1699731800\n|detailschange|p2a: Altaria|Altaria-Mega, M\n|-mega|p2a: Altaria|Altaria|Altarianite\n|move|p1a: Why so frostrated?|Ice Beam|p2a: Altaria\n|-supereffective|p2a: Altaria\n|-damage|p2a: Altaria|0 fnt\n|faint|p2a: Altaria\n|\n|win|SninemaSnins\n|raw|SninemaSnins's rating: 1298 &rarr; <strong>1331<\/strong><br \/>(+33 for winning)\n|raw|ColdZoroark's rating: 1409 &rarr; <strong>1383<\/strong><br \/>(-26 for losing)\n|c|\u2606SninemaSnins|gg\n|c|\u2606ColdZoroark|Gg wp\n|l|\u2606ColdZoroark\n","uploadtime":1699731813,"views":17,"p1id":"sninemasnins","p2id":"coldzoroark","formatid":"gen9nationaldex","rating":1331,"private":0,"password":""}