{"id":"gen9nationaldex-1995138236","p1":"LiRip","p2":"SUPER LARIAL","format":"[Gen 9] National Dex","log":"|html|<div class=\"broadcast-blue\"><strong>[Gen 9] National Dex is currently suspecting Sneasler! For information on how to participate check out the <a href=\"https:\/\/www.smogon.com\/forums\/threads\/sv-national-dex-suspect-8-just-dance.3731534\/\">suspect thread<\/a>.<\/strong><\/div>\n|j|\u2606LiRip\n|j|\u2606SUPER LARIAL\n|t:|1700526817\n|gametype|singles\n|player|p1|LiRip|drayden|1512\n|player|p2|SUPER LARIAL|fisherman-gen4|1573\n|teamsize|p1|6\n|teamsize|p2|6\n|gen|9\n|tier|[Gen 9] National Dex\n|rated|\n|rule|HP Percentage Mod: HP is shown in percentages\n|rule|Endless Battle Clause: Forcing endless battles is banned\n|rule|OHKO Clause: OHKO moves are banned\n|rule|Evasion Clause: Evasion abilities, items, and moves are banned\n|rule|Evasion Abilities Clause: Evasion abilities are banned\n|rule|Evasion Items Clause: Evasion items are banned\n|rule|Evasion Moves Clause: Evasion moves are banned\n|rule|Species Clause: Limit one of each Pok\u00e9mon\n|rule|Sleep Clause Mod: Limit one foe put to sleep\n|clearpoke\n|poke|p1|Skeledirge, M|\n|poke|p1|Landorus-Therian, M|\n|poke|p1|Venusaur, M|\n|poke|p1|Goodra-Hisui, M|\n|poke|p1|Greninja-*, F|\n|poke|p1|Great Tusk|\n|poke|p2|Banette, M|\n|poke|p2|Garganacl, M|\n|poke|p2|Dondozo, F|\n|poke|p2|Smeargle, M|\n|poke|p2|Pawmot, M|\n|poke|p2|Iron Valiant|\n|teampreview\n|inactive|Battle timer is ON: inactive players will automatically lose when time's up. (requested by SUPER LARIAL)\n|inactive|LiRip also wants the timer to be on.\n|\n|t:|1700526832\n|start\n|switch|p1a: Landorus|Landorus-Therian, M|100\/100\n|switch|p2a: Clown Buddy|Banette, M|100\/100\n|-ability|p1a: Landorus|Intimidate|boost\n|-unboost|p2a: Clown Buddy|atk|1\n|-item|p1a: Landorus|Heavy-Duty Boots|[from] ability: Frisk|[of] p2a: Clown Buddy|[identify]\n|turn|1\n|\n|t:|1700526842\n|switch|p1a: Power move|Greninja, F, shiny|100\/100\n|detailschange|p2a: Clown Buddy|Banette-Mega, M\n|-mega|p2a: Clown Buddy|Banette|Banettite\n|move|p2a: Clown Buddy|Swords Dance|p2a: Clown Buddy\n|-boost|p2a: Clown Buddy|atk|2\n|\n|upkeep\n|turn|2\n|\n|t:|1700526850\n|move|p2a: Clown Buddy|Destiny Bond|p2a: Clown Buddy\n|-singlemove|p2a: Clown Buddy|Destiny Bond\n|move|p1a: Power move|Dark Pulse|p2a: Clown Buddy\n|-start|p1a: Power move|typechange|Dark|[from] ability: Protean\n|-supereffective|p2a: Clown Buddy\n|-damage|p2a: Clown Buddy|15\/100\n|\n|upkeep\n|turn|3\n|\n|t:|1700526863\n|move|p1a: Power move|Dark Pulse|p2a: Clown Buddy\n|-supereffective|p2a: Clown Buddy\n|-damage|p2a: Clown Buddy|0 fnt\n|faint|p2a: Clown Buddy\n|-activate|p2a: Clown Buddy|move: Destiny Bond\n|faint|p1a: Power move\n|\n|upkeep\n|c|\u2606LiRip|Yeah greninja sadly couldnt do anything to your team\n|inactive|SUPER LARIAL has 120 seconds left.\n|\n|t:|1700526907\n|switch|p1a: Landorus|Landorus-Therian, M|100\/100\n|switch|p2a: 3D Squeldon|Iron Valiant|100\/100\n|-ability|p1a: Landorus|Intimidate|boost\n|-unboost|p2a: 3D Squeldon|atk|1\n|-enditem|p2a: 3D Squeldon|Booster Energy\n|-activate|p2a: 3D Squeldon|ability: Quark Drive|[fromitem]\n|-start|p2a: 3D Squeldon|quarkdrivespe\n|turn|4\n|\n|t:|1700526917\n|move|p2a: 3D Squeldon|Swords Dance|p2a: 3D Squeldon\n|-boost|p2a: 3D Squeldon|atk|2\n|move|p1a: Landorus|Earthquake|p2a: 3D Squeldon\n|-damage|p2a: 3D Squeldon|30\/100\n|\n|upkeep\n|turn|5\n|j| Moonblxstic\n|inactive|SUPER LARIAL has 120 seconds left.\n|\n|t:|1700526927\n|move|p2a: 3D Squeldon|Destiny Bond|p2a: 3D Squeldon\n|-singlemove|p2a: 3D Squeldon|Destiny Bond\n|move|p1a: Landorus|Earthquake|p2a: 3D Squeldon\n|-damage|p2a: 3D Squeldon|0 fnt\n|faint|p2a: 3D Squeldon\n|-activate|p2a: 3D Squeldon|move: Destiny Bond\n|-end|p2a: 3D Squeldon|Quark Drive|[silent]\n|faint|p1a: Landorus\n|\n|upkeep\n|l| Moonblxstic\n|inactive|SUPER LARIAL has 120 seconds left.\n|c|\u2606LiRip|Lol ok that was unexpected\n|inactive|LiRip has 120 seconds left.\n|\n|t:|1700526977\n|switch|p2a: Desmond|Pawmot, M|100\/100\n|switch|p1a: Great Tusk|Great Tusk|100\/100\n|turn|6\n|inactive|SUPER LARIAL has 120 seconds left.\n|\n|t:|1700526988\n|move|p2a: Desmond|Fake Out|p1a: Great Tusk\n|-damage|p1a: Great Tusk|90\/100\n|cant|p1a: Great Tusk|flinch\n|\n|upkeep\n|turn|7\n|\n|t:|1700526994\n|-end|p1a: Great Tusk|Protosynthesis|[silent]\n|switch|p1a: Goodra|Goodra-Hisui, M, shiny|100\/100\n|move|p2a: Desmond|Revival Blessing|p2a: Desmond\n|-enditem|p2a: Desmond|Leppa Berry|[eat]\n|-activate|p2a: Desmond|item: Leppa Berry|Revival Blessing|[consumed]\n|\n|t:|1700526997\n|-heal|p2: Clown Buddy|50\/100|[from] move: Revival Blessing\n|\n|upkeep\n|turn|8\n|inactive|SUPER LARIAL has 120 seconds left.\n|\n|t:|1700527019\n|switch|p2a: Aidanacl|Garganacl, M|100\/100\n|move|p1a: Goodra|Draco Meteor|p2a: Aidanacl\n|-damage|p2a: Aidanacl|58\/100\n|-unboost|p1a: Goodra|spa|2\n|\n|-heal|p2a: Aidanacl|64\/100|[from] item: Leftovers\n|upkeep\n|turn|9\n|\n|t:|1700527025\n|switch|p1a: Venusaur|Venusaur, M, shiny|100\/100\n|move|p2a: Aidanacl|Salt Cure|p1a: Venusaur\n|-damage|p1a: Venusaur|84\/100\n|-start|p1a: Venusaur|Salt Cure\n|\n|-heal|p2a: Aidanacl|71\/100|[from] item: Leftovers\n|-damage|p1a: Venusaur|72\/100|[from] Salt Cure\n|upkeep\n|turn|10\n|inactive|SUPER LARIAL has 120 seconds left.\n|\n|t:|1700527040\n|switch|p2a: Desmond|Pawmot, M|100\/100\n|detailschange|p1a: Venusaur|Venusaur-Mega, M, shiny\n|-mega|p1a: Venusaur|Venusaur|Venusaurite\n|move|p1a: Venusaur|Earth Power|p2a: Desmond\n|-supereffective|p2a: Desmond\n|-damage|p2a: Desmond|0 fnt\n|faint|p2a: Desmond\n|\n|-damage|p1a: Venusaur|59\/100|[from] Salt Cure\n|upkeep\n|inactive|SUPER LARIAL has 120 seconds left.\n|c|\u2606LiRip|Ohh that was huge fo me\n|\n|t:|1700527054\n|switch|p2a: Clown Buddy|Banette-Mega, M|50\/100\n|turn|11\n|inactive|SUPER LARIAL has 120 seconds left.\n|\n|t:|1700527072\n|switch|p1a: Goodra|Goodra-Hisui, M, shiny|100\/100\n|move|p2a: Clown Buddy|Destiny Bond|p2a: Clown Buddy\n|-singlemove|p2a: Clown Buddy|Destiny Bond\n|\n|upkeep\n|turn|12\n|c|\u2606SUPER LARIAL|ggiggle my kittens yoi\n|\n|t:|1700527083\n|move|p2a: Clown Buddy|Poltergeist|p1a: Goodra\n|-activate|p1a: Goodra|move: Poltergeist|Covert Cloak\n|-damage|p1a: Goodra|27\/100\n|move|p1a: Goodra|Draco Meteor|p2a: Clown Buddy\n|-damage|p2a: Clown Buddy|0 fnt\n|-unboost|p1a: Goodra|spa|2\n|faint|p2a: Clown Buddy\n|\n|upkeep\n|\n|t:|1700527091\n|switch|p2a: Thurmund|Smeargle, M|100\/100\n|turn|13\n|\n|t:|1700527094\n|move|p2a: Thurmund|Revival Blessing|p2a: Thurmund\n|\n|t:|1700527098\n|-heal|p2: Clown Buddy|50\/100|[from] move: Revival Blessing\n|move|p1a: Goodra|Knock Off|p2a: Thurmund\n|-damage|p2a: Thurmund|33\/100\n|-enditem|p2a: Thurmund|Choice Scarf|[from] move: Knock Off|[of] p1a: Goodra\n|\n|upkeep\n|turn|14\n|\n|t:|1700527109\n|move|p2a: Thurmund|Destiny Bond|p2a: Thurmund\n|-singlemove|p2a: Thurmund|Destiny Bond\n|move|p1a: Goodra|Knock Off|p2a: Thurmund\n|-damage|p2a: Thurmund|0 fnt\n|faint|p2a: Thurmund\n|-activate|p2a: Thurmund|move: Destiny Bond\n|faint|p1a: Goodra\n|\n|upkeep\n|c|\u2606LiRip|Lmao\n|c|\u2606SUPER LARIAL|LMAO\n|c|\u2606SUPER LARIAL|GIGGLE MY KITTY CAT YUH\n|c|\u2606LiRip|This is a wild ass team\n|inactive|SUPER LARIAL has 120 seconds left.\n|c|\u2606SUPER LARIAL|ON THE GANG YUH\n|\n|t:|1700527132\n|switch|p2a: Clown Buddy|Banette-Mega, M|50\/100\n|switch|p1a: Venusaur|Venusaur-Mega, M, shiny|59\/100\n|turn|15\n|\n|t:|1700527135\n|move|p2a: Clown Buddy|Destiny Bond|p2a: Clown Buddy\n|-singlemove|p2a: Clown Buddy|Destiny Bond\n|move|p1a: Venusaur|Synthesis|p1a: Venusaur\n|-heal|p1a: Venusaur|100\/100\n|\n|upkeep\n|turn|16\n|\n|t:|1700527139\n|move|p1a: Venusaur|Sludge Bomb|p2a: Clown Buddy\n|-resisted|p2a: Clown Buddy\n|-damage|p2a: Clown Buddy|21\/100\n|move|p2a: Clown Buddy|Infestation|p1a: Venusaur\n|-damage|p1a: Venusaur|97\/100\n|-activate|p1a: Venusaur|move: Infestation|[of] p2a: Clown Buddy\n|\n|-damage|p1a: Venusaur|84\/100|[from] move: Infestation|[partiallytrapped]\n|upkeep\n|turn|17\n|\n|t:|1700527147\n|move|p2a: Clown Buddy|Destiny Bond|p2a: Clown Buddy\n|-singlemove|p2a: Clown Buddy|Destiny Bond\n|move|p1a: Venusaur|Synthesis|p1a: Venusaur\n|-heal|p1a: Venusaur|100\/100\n|\n|-damage|p1a: Venusaur|88\/100|[from] move: Infestation|[partiallytrapped]\n|upkeep\n|turn|18\n|c|\u2606SUPER LARIAL|giggle clown on the silly yuh\n|\n|t:|1700527156\n|move|p1a: Venusaur|Synthesis|p1a: Venusaur\n|-heal|p1a: Venusaur|100\/100\n|move|p2a: Clown Buddy|Poltergeist|p1a: Venusaur\n|-activate|p1a: Venusaur|move: Poltergeist|Venusaurite\n|-damage|p1a: Venusaur|38\/100\n|\n|-damage|p1a: Venusaur|25\/100|[from] move: Infestation|[partiallytrapped]\n|upkeep\n|turn|19\n|\n|t:|1700527165\n|move|p2a: Clown Buddy|Destiny Bond|p2a: Clown Buddy\n|-singlemove|p2a: Clown Buddy|Destiny Bond\n|move|p1a: Venusaur|Synthesis|p1a: Venusaur\n|-heal|p1a: Venusaur|75\/100\n|\n|-damage|p1a: Venusaur|63\/100|[from] move: Infestation|[partiallytrapped]\n|upkeep\n|turn|20\n|\n|t:|1700527170\n|move|p1a: Venusaur|Synthesis|p1a: Venusaur\n|-heal|p1a: Venusaur|100\/100\n|move|p2a: Clown Buddy|Poltergeist|p1a: Venusaur|[miss]\n|-miss|p2a: Clown Buddy|p1a: Venusaur\n|\n|-end|p1a: Venusaur|Infestation|[partiallytrapped]\n|upkeep\n|turn|21\n|\n|t:|1700527186\n|switch|p1a: Skeledirge|Skeledirge, M|100\/100\n|move|p2a: Clown Buddy|Destiny Bond|p2a: Clown Buddy\n|-singlemove|p2a: Clown Buddy|Destiny Bond\n|\n|upkeep\n|turn|22\n|\n|t:|1700527190\n|-terastallize|p1a: Skeledirge|Fairy\n|move|p2a: Clown Buddy|Poltergeist|p1a: Skeledirge\n|-activate|p1a: Skeledirge|move: Poltergeist|Leftovers\n|-damage|p1a: Skeledirge|41\/100\n|move|p1a: Skeledirge|Will-O-Wisp|p2a: Clown Buddy\n|-status|p2a: Clown Buddy|brn\n|\n|-heal|p1a: Skeledirge|47\/100|[from] item: Leftovers\n|-damage|p2a: Clown Buddy|15\/100 brn|[from] brn\n|upkeep\n|turn|23\n|\n|t:|1700527207\n|move|p2a: Clown Buddy|Swords Dance|p2a: Clown Buddy\n|-boost|p2a: Clown Buddy|atk|2\n|move|p1a: Skeledirge|Slack Off|p1a: Skeledirge\n|-heal|p1a: Skeledirge|97\/100\n|\n|-heal|p1a: Skeledirge|100\/100|[from] item: Leftovers\n|-damage|p2a: Clown Buddy|9\/100 brn|[from] brn\n|upkeep\n|turn|24\n|\n|t:|1700527215\n|move|p2a: Clown Buddy|Poltergeist|p1a: Skeledirge\n|-activate|p1a: Skeledirge|move: Poltergeist|Leftovers\n|-damage|p1a: Skeledirge|67\/100\n|move|p1a: Skeledirge|Slack Off|p1a: Skeledirge\n|-heal|p1a: Skeledirge|100\/100\n|\n|-damage|p2a: Clown Buddy|3\/100 brn|[from] brn\n|upkeep\n|turn|25\n|\n|t:|1700527220\n|move|p2a: Clown Buddy|Infestation|p1a: Skeledirge\n|-resisted|p1a: Skeledirge\n|-damage|p1a: Skeledirge|99\/100\n|-activate|p1a: Skeledirge|move: Infestation|[of] p2a: Clown Buddy\n|move|p1a: Skeledirge|Slack Off|p1a: Skeledirge\n|-heal|p1a: Skeledirge|100\/100\n|\n|-damage|p2a: Clown Buddy|0 fnt|[from] brn\n|faint|p2a: Clown Buddy\n|-end|p1a: Skeledirge|Infestation|[partiallytrapped]|[silent]\n|upkeep\n|\n|t:|1700527227\n|switch|p2a: Aidanacl|Garganacl, M|71\/100\n|turn|26\n|\n|t:|1700527234\n|switch|p1a: Great Tusk|Great Tusk|90\/100\n|-terastallize|p2a: Aidanacl|Ghost\n|move|p2a: Aidanacl|Salt Cure|p1a: Great Tusk\n|-resisted|p1a: Great Tusk\n|-crit|p1a: Great Tusk\n|-damage|p1a: Great Tusk|86\/100\n|-start|p1a: Great Tusk|Salt Cure\n|\n|-heal|p2a: Aidanacl|77\/100|[from] item: Leftovers\n|-damage|p1a: Great Tusk|74\/100|[from] Salt Cure\n|upkeep\n|turn|27\n|c|\u2606LiRip|That mon is scary AF\n|\n|t:|1700527250\n|move|p1a: Great Tusk|Headlong Rush|p2a: Aidanacl\n|-crit|p2a: Aidanacl\n|-damage|p2a: Aidanacl|11\/100\n|-unboost|p1a: Great Tusk|def|1\n|-unboost|p1a: Great Tusk|spd|1\n|move|p2a: Aidanacl|Recover|p2a: Aidanacl\n|-heal|p2a: Aidanacl|61\/100\n|\n|-heal|p2a: Aidanacl|68\/100|[from] item: Leftovers\n|-damage|p1a: Great Tusk|62\/100|[from] Salt Cure\n|upkeep\n|turn|28\n|\n|t:|1700527254\n|move|p1a: Great Tusk|Headlong Rush|p2a: Aidanacl\n|-crit|p2a: Aidanacl\n|-damage|p2a: Aidanacl|1\/100\n|-unboost|p1a: Great Tusk|def|1\n|-unboost|p1a: Great Tusk|spd|1\n|move|p2a: Aidanacl|Recover|p2a: Aidanacl\n|-heal|p2a: Aidanacl|51\/100\n|\n|-heal|p2a: Aidanacl|58\/100|[from] item: Leftovers\n|-damage|p1a: Great Tusk|49\/100|[from] Salt Cure\n|upkeep\n|turn|29\n|\n|t:|1700527263\n|move|p1a: Great Tusk|Headlong Rush|p2a: Aidanacl\n|-damage|p2a: Aidanacl|13\/100\n|-unboost|p1a: Great Tusk|def|1\n|-unboost|p1a: Great Tusk|spd|1\n|move|p2a: Aidanacl|Recover|p2a: Aidanacl\n|-heal|p2a: Aidanacl|63\/100\n|\n|-heal|p2a: Aidanacl|69\/100|[from] item: Leftovers\n|-damage|p1a: Great Tusk|37\/100|[from] Salt Cure\n|upkeep\n|turn|30\n|c|\u2606LiRip|Lmao damn\n|\n|t:|1700527270\n|move|p1a: Great Tusk|Head Smash|p2a: Aidanacl\n|-damage|p2a: Aidanacl|37\/100\n|-damage|p1a: Great Tusk|19\/100|[from] Recoil\n|move|p2a: Aidanacl|Recover|p2a: Aidanacl\n|-heal|p2a: Aidanacl|87\/100\n|\n|-heal|p2a: Aidanacl|93\/100|[from] item: Leftovers\n|-damage|p1a: Great Tusk|7\/100|[from] Salt Cure\n|upkeep\n|turn|31\n|\n|t:|1700527274\n|move|p1a: Great Tusk|Headlong Rush|p2a: Aidanacl\n|-damage|p2a: Aidanacl|54\/100\n|-unboost|p1a: Great Tusk|def|1\n|-unboost|p1a: Great Tusk|spd|1\n|move|p2a: Aidanacl|Iron Defense|p2a: Aidanacl\n|-boost|p2a: Aidanacl|def|2\n|\n|-heal|p2a: Aidanacl|60\/100|[from] item: Leftovers\n|-damage|p1a: Great Tusk|0 fnt|[from] Salt Cure\n|faint|p1a: Great Tusk\n|-end|p1a: Great Tusk|Protosynthesis|[silent]\n|upkeep\n|\n|t:|1700527277\n|switch|p1a: Skeledirge|Skeledirge, M, tera:Fairy|100\/100\n|turn|32\n|\n|t:|1700527279\n|move|p1a: Skeledirge|Shadow Ball|p2a: Aidanacl\n|-supereffective|p2a: Aidanacl\n|-damage|p2a: Aidanacl|41\/100\n|-unboost|p2a: Aidanacl|spd|1\n|move|p2a: Aidanacl|Salt Cure|p1a: Skeledirge\n|-damage|p1a: Skeledirge|90\/100\n|-start|p1a: Skeledirge|Salt Cure\n|\n|-heal|p1a: Skeledirge|96\/100|[from] item: Leftovers\n|-heal|p2a: Aidanacl|47\/100|[from] item: Leftovers\n|-damage|p1a: Skeledirge|83\/100|[from] Salt Cure\n|upkeep\n|turn|33\n|\n|t:|1700527281\n|move|p1a: Skeledirge|Torch Song|p2a: Aidanacl\n|-damage|p2a: Aidanacl|26\/100\n|-boost|p1a: Skeledirge|spa|1\n|move|p2a: Aidanacl|Recover|p2a: Aidanacl\n|-heal|p2a: Aidanacl|76\/100\n|\n|-heal|p1a: Skeledirge|89\/100|[from] item: Leftovers\n|-heal|p2a: Aidanacl|82\/100|[from] item: Leftovers\n|-damage|p1a: Skeledirge|77\/100|[from] Salt Cure\n|upkeep\n|turn|34\n|\n|t:|1700527286\n|switch|p2a: Seandozo|Dondozo, F|100\/100\n|move|p1a: Skeledirge|Torch Song|p2a: Seandozo\n|-resisted|p2a: Seandozo\n|-crit|p2a: Seandozo\n|-damage|p2a: Seandozo|79\/100\n|-boost|p1a: Skeledirge|spa|1\n|\n|-heal|p1a: Skeledirge|83\/100|[from] item: Leftovers\n|-heal|p2a: Seandozo|85\/100|[from] item: Leftovers\n|-damage|p1a: Skeledirge|71\/100|[from] Salt Cure\n|upkeep\n|turn|35\n|\n|t:|1700527291\n|switch|p1a: Venusaur|Venusaur-Mega, M, shiny|100\/100\n|move|p2a: Seandozo|Curse|p2a: Seandozo\n|-unboost|p2a: Seandozo|spe|1\n|-boost|p2a: Seandozo|atk|1\n|-boost|p2a: Seandozo|def|1\n|\n|-heal|p2a: Seandozo|92\/100|[from] item: Leftovers\n|upkeep\n|turn|36\n|j| BurritoSave\n|\n|t:|1700527298\n|switch|p2a: Aidanacl|Garganacl, M, tera:Ghost|82\/100\n|move|p1a: Venusaur|Energy Ball|p2a: Aidanacl\n|-damage|p2a: Aidanacl|49\/100\n|\n|-heal|p2a: Aidanacl|55\/100|[from] item: Leftovers\n|upkeep\n|turn|37\n|\n|t:|1700527304\n|move|p1a: Venusaur|Energy Ball|p2a: Aidanacl\n|-damage|p2a: Aidanacl|25\/100\n|move|p2a: Aidanacl|Salt Cure|p1a: Venusaur\n|-damage|p1a: Venusaur|88\/100\n|-start|p1a: Venusaur|Salt Cure\n|\n|-heal|p2a: Aidanacl|31\/100|[from] item: Leftovers\n|-damage|p1a: Venusaur|76\/100|[from] Salt Cure\n|upkeep\n|turn|38\n|l| BurritoSave\n|\n|t:|1700527309\n|move|p1a: Venusaur|Energy Ball|p2a: Aidanacl\n|-damage|p2a: Aidanacl|0 fnt\n|faint|p2a: Aidanacl\n|\n|-damage|p1a: Venusaur|64\/100|[from] Salt Cure\n|upkeep\n|\n|t:|1700527311\n|switch|p2a: Seandozo|Dondozo, F|92\/100\n|turn|39\n|\n|t:|1700527316\n|switch|p1a: Skeledirge|Skeledirge, M, tera:Fairy|71\/100\n|move|p2a: Seandozo|Liquidation|p1a: Skeledirge\n|-crit|p1a: Skeledirge\n|-damage|p1a: Skeledirge|36\/100\n|\n|-heal|p1a: Skeledirge|42\/100|[from] item: Leftovers\n|-heal|p2a: Seandozo|98\/100|[from] item: Leftovers\n|upkeep\n|turn|40\n|\n|t:|1700527318\n|move|p1a: Skeledirge|Will-O-Wisp|p2a: Seandozo\n|-status|p2a: Seandozo|brn\n|move|p2a: Seandozo|Curse|p2a: Seandozo\n|-unboost|p2a: Seandozo|spe|1\n|-boost|p2a: Seandozo|atk|1\n|-boost|p2a: Seandozo|def|1\n|\n|-heal|p1a: Skeledirge|49\/100|[from] item: Leftovers\n|-heal|p2a: Seandozo|100\/100 brn|[from] item: Leftovers\n|-damage|p2a: Seandozo|94\/100 brn|[from] brn\n|upkeep\n|turn|41\n|\n|t:|1700527322\n|move|p1a: Skeledirge|Torch Song|p2a: Seandozo\n|-resisted|p2a: Seandozo\n|-damage|p2a: Seandozo|80\/100 brn\n|-boost|p1a: Skeledirge|spa|1\n|move|p2a: Seandozo|Curse|p2a: Seandozo\n|-unboost|p2a: Seandozo|spe|1\n|-boost|p2a: Seandozo|atk|1\n|-boost|p2a: Seandozo|def|1\n|\n|-heal|p1a: Skeledirge|55\/100|[from] item: Leftovers\n|-heal|p2a: Seandozo|86\/100 brn|[from] item: Leftovers\n|-damage|p2a: Seandozo|80\/100 brn|[from] brn\n|upkeep\n|turn|42\n|\n|t:|1700527325\n|move|p1a: Skeledirge|Torch Song|p2a: Seandozo\n|-resisted|p2a: Seandozo\n|-damage|p2a: Seandozo|66\/100 brn\n|-boost|p1a: Skeledirge|spa|1\n|move|p2a: Seandozo|Curse|p2a: Seandozo\n|-unboost|p2a: Seandozo|spe|1\n|-boost|p2a: Seandozo|atk|1\n|-boost|p2a: Seandozo|def|1\n|\n|-heal|p1a: Skeledirge|61\/100|[from] item: Leftovers\n|-heal|p2a: Seandozo|72\/100 brn|[from] item: Leftovers\n|-damage|p2a: Seandozo|66\/100 brn|[from] brn\n|upkeep\n|turn|43\n|\n|t:|1700527327\n|move|p1a: Skeledirge|Torch Song|p2a: Seandozo\n|-resisted|p2a: Seandozo\n|-damage|p2a: Seandozo|51\/100 brn\n|-boost|p1a: Skeledirge|spa|1\n|move|p2a: Seandozo|Curse|p2a: Seandozo\n|-unboost|p2a: Seandozo|spe|1\n|-boost|p2a: Seandozo|atk|1\n|-boost|p2a: Seandozo|def|1\n|\n|-heal|p1a: Skeledirge|67\/100|[from] item: Leftovers\n|-heal|p2a: Seandozo|57\/100 brn|[from] item: Leftovers\n|-damage|p2a: Seandozo|51\/100 brn|[from] brn\n|upkeep\n|turn|44\n|\n|t:|1700527329\n|move|p1a: Skeledirge|Torch Song|p2a: Seandozo\n|-resisted|p2a: Seandozo\n|-damage|p2a: Seandozo|36\/100 brn\n|-boost|p1a: Skeledirge|spa|1\n|move|p2a: Seandozo|Rest|p2a: Seandozo\n|-status|p2a: Seandozo|slp|[from] move: Rest\n|-heal|p2a: Seandozo|100\/100 slp|[silent]\n|\n|-heal|p1a: Skeledirge|73\/100|[from] item: Leftovers\n|upkeep\n|turn|45\n|\n|t:|1700527332\n|move|p1a: Skeledirge|Torch Song|p2a: Seandozo\n|-resisted|p2a: Seandozo\n|-damage|p2a: Seandozo|87\/100 slp\n|-boost|p1a: Skeledirge|spa|1\n|cant|p2a: Seandozo|slp\n|move|p2a: Seandozo|Sleep Talk|p2a: Seandozo\n|move|p2a: Seandozo|Rest||[from]move: Sleep Talk|[still]\n|-fail|p2a: Seandozo\n|\n|-heal|p1a: Skeledirge|79\/100|[from] item: Leftovers\n|-heal|p2a: Seandozo|93\/100 slp|[from] item: Leftovers\n|upkeep\n|turn|46\n|\n|t:|1700527334\n|move|p1a: Skeledirge|Torch Song|p2a: Seandozo\n|-resisted|p2a: Seandozo\n|-damage|p2a: Seandozo|78\/100 slp\n|-boost|p1a: Skeledirge|spa|1\n|cant|p2a: Seandozo|slp\n|move|p2a: Seandozo|Sleep Talk|p2a: Seandozo\n|move|p2a: Seandozo|Curse|p2a: Seandozo|[from]move: Sleep Talk\n|-unboost|p2a: Seandozo|spe|1\n|-boost|p2a: Seandozo|atk|1\n|-boost|p2a: Seandozo|def|1\n|\n|-heal|p1a: Skeledirge|85\/100|[from] item: Leftovers\n|-heal|p2a: Seandozo|84\/100 slp|[from] item: Leftovers\n|upkeep\n|turn|47\n|\n|t:|1700527338\n|move|p1a: Skeledirge|Shadow Ball|p2a: Seandozo\n|-damage|p2a: Seandozo|53\/100 slp\n|-curestatus|p2a: Seandozo|slp|[msg]\n|move|p2a: Seandozo|Sleep Talk||[still]\n|-fail|p2a: Seandozo\n|\n|-heal|p1a: Skeledirge|91\/100|[from] item: Leftovers\n|-heal|p2a: Seandozo|59\/100|[from] item: Leftovers\n|upkeep\n|turn|48\n|\n|t:|1700527344\n|move|p1a: Skeledirge|Shadow Ball|p2a: Seandozo\n|-damage|p2a: Seandozo|31\/100\n|move|p2a: Seandozo|Liquidation|p1a: Skeledirge\n|-damage|p1a: Skeledirge|65\/100\n|\n|-heal|p1a: Skeledirge|71\/100|[from] item: Leftovers\n|-heal|p2a: Seandozo|37\/100|[from] item: Leftovers\n|upkeep\n|turn|49\n|\n|t:|1700527349\n|move|p1a: Skeledirge|Shadow Ball|p2a: Seandozo\n|-damage|p2a: Seandozo|6\/100\n|move|p2a: Seandozo|Rest|p2a: Seandozo\n|-status|p2a: Seandozo|slp|[from] move: Rest\n|-heal|p2a: Seandozo|100\/100 slp|[silent]\n|\n|-heal|p1a: Skeledirge|77\/100|[from] item: Leftovers\n|upkeep\n|turn|50\n|\n|t:|1700527352\n|move|p1a: Skeledirge|Shadow Ball|p2a: Seandozo\n|-damage|p2a: Seandozo|73\/100 slp\n|cant|p2a: Seandozo|slp\n|move|p2a: Seandozo|Sleep Talk|p2a: Seandozo\n|move|p2a: Seandozo|Rest||[from]move: Sleep Talk|[still]\n|-fail|p2a: Seandozo\n|\n|-heal|p1a: Skeledirge|84\/100|[from] item: Leftovers\n|-heal|p2a: Seandozo|79\/100 slp|[from] item: Leftovers\n|upkeep\n|turn|51\n|\n|t:|1700527355\n|move|p1a: Skeledirge|Shadow Ball|p2a: Seandozo\n|-damage|p2a: Seandozo|52\/100 slp\n|cant|p2a: Seandozo|slp\n|move|p2a: Seandozo|Sleep Talk|p2a: Seandozo\n|move|p2a: Seandozo|Liquidation|p1a: Skeledirge|[from]move: Sleep Talk\n|-damage|p1a: Skeledirge|57\/100\n|-unboost|p1a: Skeledirge|def|1\n|\n|-heal|p1a: Skeledirge|63\/100|[from] item: Leftovers\n|-heal|p2a: Seandozo|58\/100 slp|[from] item: Leftovers\n|upkeep\n|turn|52\n|\n|t:|1700527358\n|move|p1a: Skeledirge|Shadow Ball|p2a: Seandozo\n|-damage|p2a: Seandozo|30\/100 slp\n|-unboost|p2a: Seandozo|spd|1\n|-curestatus|p2a: Seandozo|slp|[msg]\n|move|p2a: Seandozo|Liquidation|p1a: Skeledirge\n|-damage|p1a: Skeledirge|40\/100\n|\n|-heal|p1a: Skeledirge|46\/100|[from] item: Leftovers\n|-heal|p2a: Seandozo|37\/100|[from] item: Leftovers\n|upkeep\n|turn|53\n|\n|t:|1700527361\n|move|p1a: Skeledirge|Shadow Ball|p2a: Seandozo\n|-damage|p2a: Seandozo|6\/100\n|-unboost|p2a: Seandozo|spd|1\n|move|p2a: Seandozo|Rest|p2a: Seandozo\n|-status|p2a: Seandozo|slp|[from] move: Rest\n|-heal|p2a: Seandozo|100\/100 slp|[silent]\n|\n|-heal|p1a: Skeledirge|52\/100|[from] item: Leftovers\n|upkeep\n|turn|54\n|\n|t:|1700527365\n|move|p1a: Skeledirge|Shadow Ball|p2a: Seandozo\n|-crit|p2a: Seandozo\n|-damage|p2a: Seandozo|54\/100 slp\n|cant|p2a: Seandozo|slp\n|move|p2a: Seandozo|Sleep Talk|p2a: Seandozo\n|move|p2a: Seandozo|Liquidation|p1a: Skeledirge|[from]move: Sleep Talk\n|-damage|p1a: Skeledirge|28\/100\n|\n|-heal|p1a: Skeledirge|34\/100|[from] item: Leftovers\n|-heal|p2a: Seandozo|61\/100 slp|[from] item: Leftovers\n|upkeep\n|turn|55\n|\n|t:|1700527367\n|move|p1a: Skeledirge|Shadow Ball|p2a: Seandozo\n|-damage|p2a: Seandozo|30\/100 slp\n|-unboost|p2a: Seandozo|spd|1\n|cant|p2a: Seandozo|slp\n|move|p2a: Seandozo|Sleep Talk|p2a: Seandozo\n|move|p2a: Seandozo|Rest||[from]move: Sleep Talk|[still]\n|-fail|p2a: Seandozo\n|\n|-heal|p1a: Skeledirge|41\/100|[from] item: Leftovers\n|-heal|p2a: Seandozo|36\/100 slp|[from] item: Leftovers\n|upkeep\n|turn|56\n|\n|t:|1700527371\n|move|p1a: Skeledirge|Shadow Ball|p2a: Seandozo\n|-damage|p2a: Seandozo|8\/100 slp\n|-unboost|p2a: Seandozo|spd|1\n|-curestatus|p2a: Seandozo|slp|[msg]\n|move|p2a: Seandozo|Rest|p2a: Seandozo\n|-status|p2a: Seandozo|slp|[from] move: Rest\n|-heal|p2a: Seandozo|100\/100 slp|[silent]\n|\n|-heal|p1a: Skeledirge|47\/100|[from] item: Leftovers\n|upkeep\n|turn|57\n|\n|t:|1700527374\n|move|p1a: Skeledirge|Shadow Ball|p2a: Seandozo\n|-damage|p2a: Seandozo|69\/100 slp\n|cant|p2a: Seandozo|slp\n|move|p2a: Seandozo|Sleep Talk|p2a: Seandozo\n|move|p2a: Seandozo|Liquidation|p1a: Skeledirge|[from]move: Sleep Talk\n|-damage|p1a: Skeledirge|24\/100\n|\n|-heal|p1a: Skeledirge|30\/100|[from] item: Leftovers\n|-heal|p2a: Seandozo|75\/100 slp|[from] item: Leftovers\n|upkeep\n|turn|58\n|\n|t:|1700527377\n|move|p1a: Skeledirge|Shadow Ball|p2a: Seandozo\n|-damage|p2a: Seandozo|48\/100 slp\n|cant|p2a: Seandozo|slp\n|move|p2a: Seandozo|Sleep Talk|p2a: Seandozo\n|move|p2a: Seandozo|Liquidation|p1a: Skeledirge|[from]move: Sleep Talk\n|-damage|p1a: Skeledirge|5\/100\n|-unboost|p1a: Skeledirge|def|1\n|\n|-heal|p1a: Skeledirge|11\/100|[from] item: Leftovers\n|-heal|p2a: Seandozo|54\/100 slp|[from] item: Leftovers\n|upkeep\n|turn|59\n|\n|t:|1700527379\n|move|p1a: Skeledirge|Shadow Ball|p2a: Seandozo\n|-damage|p2a: Seandozo|27\/100 slp\n|-curestatus|p2a: Seandozo|slp|[msg]\n|move|p2a: Seandozo|Liquidation|p1a: Skeledirge\n|-damage|p1a: Skeledirge|0 fnt\n|faint|p1a: Skeledirge\n|\n|-heal|p2a: Seandozo|33\/100|[from] item: Leftovers\n|upkeep\n|c|\u2606LiRip|Ggs\n|c|\u2606SUPER LARIAL|gg\n|\n|t:|1700527389\n|switch|p1a: Venusaur|Venusaur-Mega, M, shiny|64\/100\n|turn|60\n|c|\u2606SUPER LARIAL|li rip\n|\n|t:|1700527391\n|move|p1a: Venusaur|Energy Ball|p2a: Seandozo\n|-supereffective|p2a: Seandozo\n|-damage|p2a: Seandozo|0 fnt\n|faint|p2a: Seandozo\n|\n|win|LiRip\n|raw|LiRip's rating: 1512 &rarr; <strong>1535<\/strong><br \/>(+23 for winning)\n|raw|SUPER LARIAL's rating: 1573 &rarr; <strong>1550<\/strong><br \/>(-23 for losing)\n|l|\u2606SUPER LARIAL\n","uploadtime":1700527407,"views":1,"p1id":"lirip","p2id":"superlarial","formatid":"gen9nationaldex","rating":1535,"private":0,"password":""}