{"id":"gen9nationaldex-1990539535","p1":"mastro uccello","p2":"Maikel2216","format":"[Gen 9] National Dex","log":"|j|\u2606mastro uccello\n|j|\u2606Maikel2216\n|t:|1699979795\n|gametype|singles\n|player|p1|mastro uccello|guitarist-gen4|1386\n|player|p2|Maikel2216|red|1317\n|teamsize|p1|6\n|teamsize|p2|6\n|gen|9\n|tier|[Gen 9] National Dex\n|rated|\n|rule|HP Percentage Mod: HP is shown in percentages\n|rule|Endless Battle Clause: Forcing endless battles is banned\n|rule|OHKO Clause: OHKO moves are banned\n|rule|Evasion Clause: Evasion abilities, items, and moves are banned\n|rule|Evasion Abilities Clause: Evasion abilities are banned\n|rule|Evasion Items Clause: Evasion items are banned\n|rule|Evasion Moves Clause: Evasion moves are banned\n|rule|Species Clause: Limit one of each Pok\u00e9mon\n|rule|Sleep Clause Mod: Limit one foe put to sleep\n|clearpoke\n|poke|p1|Ursaluna, M|\n|poke|p1|Azumarill, M|\n|poke|p1|Psyduck, F|\n|poke|p1|Thievul, M|\n|poke|p1|Gengar, M|\n|poke|p1|Dusknoir, M|\n|poke|p2|Pelipper, M|\n|poke|p2|Barraskewda, M|\n|poke|p2|Urshifu-*, M|\n|poke|p2|Toxapex, F|\n|poke|p2|Swampert, M|\n|poke|p2|Zapdos|\n|teampreview\n|inactive|Battle timer is ON: inactive players will automatically lose when time's up. (requested by Maikel2216)\n|\n|t:|1699979811\n|start\n|switch|p1a: Foxy|Thievul, M|100\/100\n|switch|p2a: Pelipper|Pelipper, M|100\/100\n|-weather|RainDance|[from] ability: Drizzle|[of] p2a: Pelipper\n|turn|1\n|\n|t:|1699979817\n|move|p1a: Foxy|Dark Pulse|p2a: Pelipper\n|-damage|p2a: Pelipper|46\/100\n|-damage|p1a: Foxy|91\/100|[from] item: Life Orb\n|cant|p2a: Pelipper|flinch\n|\n|-weather|RainDance|[upkeep]\n|upkeep\n|turn|2\n|\n|t:|1699979827\n|switch|p2a: Toxapex|Toxapex, F|100\/100\n|move|p1a: Foxy|Dark Pulse|p2a: Toxapex\n|-damage|p2a: Toxapex|40\/100\n|-damage|p1a: Foxy|81\/100|[from] item: Life Orb\n|\n|-weather|RainDance|[upkeep]\n|-heal|p2a: Toxapex|46\/100|[from] item: Black Sludge\n|upkeep\n|turn|3\n|\n|t:|1699979833\n|move|p2a: Toxapex|Baneful Bunker|p2a: Toxapex\n|-singleturn|p2a: Toxapex|move: Protect\n|move|p1a: Foxy|Nasty Plot|p1a: Foxy\n|-boost|p1a: Foxy|spa|2\n|\n|-weather|RainDance|[upkeep]\n|-heal|p2a: Toxapex|52\/100|[from] item: Black Sludge\n|upkeep\n|turn|4\n|\n|t:|1699979839\n|move|p1a: Foxy|Dark Pulse|p2a: Toxapex\n|-damage|p2a: Toxapex|0 fnt\n|faint|p2a: Toxapex\n|-damage|p1a: Foxy|71\/100|[from] item: Life Orb\n|\n|-weather|RainDance|[upkeep]\n|upkeep\n|\n|t:|1699979842\n|switch|p2a: Swampert|Swampert, M|100\/100\n|turn|5\n|\n|t:|1699979849\n|switch|p1a: Chica|Psyduck, F|100\/100\n|-ability|p1a: Chica|Cloud Nine\n|detailschange|p2a: Swampert|Swampert-Mega, M\n|-mega|p2a: Swampert|Swampert|Swampertite\n|move|p2a: Swampert|Power-Up Punch|p1a: Chica\n|-damage|p1a: Chica|88\/100\n|-boost|p2a: Swampert|atk|1\n|\n|-weather|none\n|upkeep\n|turn|6\n|\n|t:|1699979864\n|move|p2a: Swampert|Earthquake|p1a: Chica\n|-damage|p1a: Chica|9\/100\n|move|p1a: Chica|Encore|p2a: Swampert\n|-start|p2a: Swampert|Encore\n|\n|upkeep\n|turn|7\n|\n|t:|1699979869\n|move|p2a: Swampert|Earthquake|p1a: Chica\n|-damage|p1a: Chica|0 fnt\n|faint|p1a: Chica\n|\n|upkeep\n|\n|t:|1699979874\n|switch|p1a: Foxy|Thievul, M|71\/100\n|turn|8\n|\n|t:|1699979877\n|move|p1a: Foxy|Grass Knot|p2a: Swampert\n|-supereffective|p2a: Swampert\n|-damage|p2a: Swampert|0 fnt\n|faint|p2a: Swampert\n|-damage|p1a: Foxy|61\/100|[from] item: Life Orb\n|\n|upkeep\n|\n|t:|1699979880\n|switch|p2a: Pelipper|Pelipper, M|46\/100\n|-weather|RainDance|[from] ability: Drizzle|[of] p2a: Pelipper\n|turn|9\n|\n|t:|1699979886\n|move|p1a: Foxy|Dark Pulse|p2a: Pelipper\n|-damage|p2a: Pelipper|0 fnt\n|faint|p2a: Pelipper\n|-damage|p1a: Foxy|51\/100|[from] item: Life Orb\n|\n|-weather|RainDance|[upkeep]\n|upkeep\n|\n|t:|1699979890\n|switch|p2a: Barraskewda|Barraskewda, M|100\/100\n|turn|10\n|\n|t:|1699979897\n|move|p2a: Barraskewda|Flip Turn|p1a: Foxy\n|-damage|p1a: Foxy|0 fnt\n|faint|p1a: Foxy\n|\n|t:|1699979901\n|switch|p2a: Zapdos|Zapdos|100\/100|[from] Flip Turn\n|\n|-weather|RainDance|[upkeep]\n|upkeep\n|\n|t:|1699979912\n|switch|p1a: Nightmare|Dusknoir, M|100\/100\n|-ability|p1a: Nightmare|Pressure\n|turn|11\n|\n|t:|1699979917\n|move|p2a: Zapdos|Hurricane|p1a: Nightmare\n|-damage|p1a: Nightmare|52\/100\n|move|p1a: Nightmare|Pain Split|p2a: Zapdos\n|-sethp|p2a: Zapdos|69\/100|[from] move: Pain Split|[silent]\n|-sethp|p1a: Nightmare|96\/100|[from] move: Pain Split\n|\n|-weather|RainDance|[upkeep]\n|-heal|p1a: Nightmare|100\/100|[from] item: Leftovers\n|upkeep\n|turn|12\n|\n|t:|1699979924\n|move|p2a: Zapdos|Thunder|p1a: Nightmare\n|-damage|p1a: Nightmare|48\/100\n|-status|p1a: Nightmare|par\n|move|p1a: Nightmare|Pain Split|p2a: Zapdos\n|-sethp|p2a: Zapdos|52\/100|[from] move: Pain Split|[silent]\n|-sethp|p1a: Nightmare|72\/100 par|[from] move: Pain Split\n|\n|-weather|RainDance|[upkeep]\n|-heal|p1a: Nightmare|78\/100 par|[from] item: Leftovers\n|upkeep\n|turn|13\n|\n|t:|1699979934\n|move|p2a: Zapdos|Thunder|p1a: Nightmare\n|-damage|p1a: Nightmare|27\/100 par\n|move|p1a: Nightmare|Night Shade|p2a: Zapdos\n|-damage|p2a: Zapdos|21\/100\n|\n|-weather|none\n|-heal|p1a: Nightmare|33\/100 par|[from] item: Leftovers\n|upkeep\n|turn|14\n|\n|t:|1699979940\n|cant|p1a: Nightmare|par\n|move|p2a: Zapdos|Thunder|p1a: Nightmare|[miss]\n|-miss|p2a: Zapdos|p1a: Nightmare\n|\n|-heal|p1a: Nightmare|39\/100 par|[from] item: Leftovers\n|upkeep\n|turn|15\n|\n|t:|1699979948\n|cant|p1a: Nightmare|par\n|move|p2a: Zapdos|Thunder|p1a: Nightmare|[miss]\n|-miss|p2a: Zapdos|p1a: Nightmare\n|\n|-heal|p1a: Nightmare|46\/100 par|[from] item: Leftovers\n|upkeep\n|turn|16\n|\n|t:|1699979954\n|move|p1a: Nightmare|Shadow Sneak|p2a: Zapdos\n|-damage|p2a: Zapdos|5\/100\n|move|p2a: Zapdos|Thunder|p1a: Nightmare\n|-damage|p1a: Nightmare|0 fnt\n|faint|p1a: Nightmare\n|\n|upkeep\n|\n|t:|1699979964\n|switch|p1a: Afton|Gengar, M|100\/100\n|turn|17\n|\n|t:|1699979968\n|move|p1a: Afton|Sludge Wave|p2a: Zapdos\n|-damage|p2a: Zapdos|0 fnt\n|faint|p2a: Zapdos\n|\n|upkeep\n|\n|t:|1699979974\n|switch|p2a: Urshifu|Urshifu-Rapid-Strike, M|100\/100\n|turn|18\n|\n|t:|1699979985\n|move|p2a: Urshifu|Surging Strikes|p1a: Afton\n|-crit|p1a: Afton\n|-damage|p1a: Afton|55\/100\n|-start|p2a: Urshifu|Disable|Surging Strikes|[from] ability: Cursed Body|[of] p1a: Afton\n|-crit|p1a: Afton\n|-damage|p1a: Afton|12\/100\n|-crit|p1a: Afton\n|-damage|p1a: Afton|0 fnt\n|faint|p1a: Afton\n|-hitcount|p1: Afton|3\n|\n|upkeep\n|\n|t:|1699979995\n|switch|p1a: Bonnie|Azumarill, M|100\/100\n|turn|19\n|\n|t:|1699980001\n|switch|p2a: Barraskewda|Barraskewda, M|100\/100\n|move|p1a: Bonnie|Power-Up Punch|p2a: Barraskewda\n|-damage|p2a: Barraskewda|64\/100\n|-boost|p1a: Bonnie|atk|1\n|\n|upkeep\n|turn|20\n|\n|t:|1699980008\n|move|p2a: Barraskewda|Psychic Fangs|p1a: Bonnie\n|-damage|p1a: Bonnie|56\/100\n|move|p1a: Bonnie|Power-Up Punch|p2a: Barraskewda\n|-damage|p2a: Barraskewda|16\/100\n|-boost|p1a: Bonnie|atk|1\n|\n|upkeep\n|turn|21\n|\n|t:|1699980013\n|move|p1a: Bonnie|Aqua Jet|p2a: Barraskewda\n|-resisted|p2a: Barraskewda\n|-damage|p2a: Barraskewda|0 fnt\n|faint|p2a: Barraskewda\n|\n|upkeep\n|\n|t:|1699980016\n|switch|p2a: Urshifu|Urshifu-Rapid-Strike, M|100\/100\n|turn|22\n|\n|t:|1699980023\n|move|p2a: Urshifu|Surging Strikes|p1a: Bonnie\n|-resisted|p1a: Bonnie\n|-crit|p1a: Bonnie\n|-damage|p1a: Bonnie|45\/100\n|-enditem|p1a: Bonnie|Sitrus Berry|[eat]\n|-heal|p1a: Bonnie|70\/100|[from] item: Sitrus Berry\n|-resisted|p1a: Bonnie\n|-crit|p1a: Bonnie\n|-damage|p1a: Bonnie|59\/100\n|-resisted|p1a: Bonnie\n|-crit|p1a: Bonnie\n|-damage|p1a: Bonnie|48\/100\n|-hitcount|p1a: Bonnie|3\n|move|p1a: Bonnie|Play Rough|p2a: Urshifu\n|-supereffective|p2a: Urshifu\n|-damage|p2a: Urshifu|0 fnt\n|faint|p2a: Urshifu\n|\n|win|mastro uccello\n|raw|mastro uccello's rating: 1386 &rarr; <strong>1402<\/strong><br \/>(+16 for winning)\n|raw|Maikel2216's rating: 1317 &rarr; <strong>1301<\/strong><br \/>(-16 for losing)\n|l|\u2606Maikel2216\n","uploadtime":1699980047,"views":27,"p1id":"mastrouccello","p2id":"maikel2216","formatid":"gen9nationaldex","rating":1301,"private":0,"password":""}