{"id":"gen9nationaldex-1989008132","p1":"Naranciass","p2":"Oxxo_ntsm","format":"[Gen 9] National Dex","log":"|j|\u2606Naranciass\n|j|\u2606Oxxo_ntsm\n|t:|1699801536\n|gametype|singles\n|player|p1|Naranciass|colress|\n|player|p2|Oxxo_ntsm|hilbert-wonderlauncher|\n|teamsize|p1|6\n|teamsize|p2|6\n|gen|9\n|tier|[Gen 9] National Dex\n|rule|HP Percentage Mod: HP is shown in percentages\n|rule|Endless Battle Clause: Forcing endless battles is banned\n|rule|OHKO Clause: OHKO moves are banned\n|rule|Evasion Clause: Evasion abilities, items, and moves are banned\n|rule|Evasion Abilities Clause: Evasion abilities are banned\n|rule|Evasion Items Clause: Evasion items are banned\n|rule|Evasion Moves Clause: Evasion moves are banned\n|rule|Species Clause: Limit one of each Pok\u00e9mon\n|rule|Sleep Clause Mod: Limit one foe put to sleep\n|clearpoke\n|poke|p1|Ferrothorn, M|\n|poke|p1|Rillaboom, M|\n|poke|p1|Serperior, F|\n|poke|p1|Kartana|\n|poke|p1|Venusaur, M|\n|poke|p1|Meowscarada, F|\n|poke|p2|Galvantula, M|\n|poke|p2|Azumarill, M|\n|poke|p2|Volcarona, F|\n|poke|p2|Ursaluna, M|\n|poke|p2|Porygon2|\n|poke|p2|Gliscor, M|\n|teampreview\n|inactive|Battle timer is ON: inactive players will automatically lose when time's up. (requested by Oxxo_ntsm)\n|\n|t:|1699801550\n|start\n|switch|p1a: 20th Century Boy|Ferrothorn, M|100\/100\n|switch|p2a: Murcielascorpion|Gliscor, M|100\/100\n|turn|1\n|c|\u2606Oxxo_ntsm|Buena suerte\n|\n|t:|1699801566\n|move|p2a: Murcielascorpion|Stealth Rock|p1a: 20th Century Boy\n|-sidestart|p1: Naranciass|move: Stealth Rock\n|move|p1a: 20th Century Boy|Leech Seed|p2a: Murcielascorpion\n|-start|p2a: Murcielascorpion|move: Leech Seed\n|\n|-damage|p2a: Murcielascorpion|88\/100|[from] Leech Seed|[of] p1a: 20th Century Boy\n|-status|p2a: Murcielascorpion|tox|[from] item: Toxic Orb\n|upkeep\n|turn|2\n|\n|t:|1699801575\n|move|p2a: Murcielascorpion|Toxic Spikes|p1a: 20th Century Boy\n|-sidestart|p1: Naranciass|move: Toxic Spikes\n|move|p1a: 20th Century Boy|Stealth Rock|p2a: Murcielascorpion\n|-sidestart|p2: Oxxo_ntsm|move: Stealth Rock\n|\n|-damage|p2a: Murcielascorpion|76\/100 tox|[from] Leech Seed|[of] p1a: 20th Century Boy\n|-heal|p2a: Murcielascorpion|88\/100 tox|[from] ability: Poison Heal\n|upkeep\n|turn|3\n|\n|t:|1699801584\n|switch|p1a: Cut-Man|Kartana, shiny|100\/100\n|-damage|p1a: Cut-Man|94\/100|[from] Stealth Rock\n|move|p2a: Murcielascorpion|Toxic Spikes|p1a: Cut-Man\n|-sidestart|p1: Naranciass|move: Toxic Spikes\n|\n|-damage|p2a: Murcielascorpion|76\/100 tox|[from] Leech Seed|[of] p1a: Cut-Man\n|-heal|p1a: Cut-Man|100\/100|[silent]\n|-heal|p2a: Murcielascorpion|88\/100 tox|[from] ability: Poison Heal\n|upkeep\n|turn|4\n|\n|t:|1699801599\n|move|p1a: Cut-Man|Leaf Blade|p2a: Murcielascorpion\n|-damage|p2a: Murcielascorpion|28\/100 tox\n|move|p2a: Murcielascorpion|Knock Off|p1a: Cut-Man\n|-damage|p1a: Cut-Man|75\/100\n|-enditem|p1a: Cut-Man|Choice Scarf|[from] move: Knock Off|[of] p2a: Murcielascorpion\n|\n|-damage|p2a: Murcielascorpion|15\/100 tox|[from] Leech Seed|[of] p1a: Cut-Man\n|-heal|p1a: Cut-Man|90\/100|[silent]\n|-heal|p2a: Murcielascorpion|28\/100 tox|[from] ability: Poison Heal\n|upkeep\n|turn|5\n|\n|t:|1699801623\n|switch|p2a: Pato|Porygon2, shiny|100\/100\n|-damage|p2a: Pato|88\/100|[from] Stealth Rock\n|move|p1a: Cut-Man|Leaf Blade|p2a: Pato\n|-damage|p2a: Pato|41\/100\n|\n|upkeep\n|turn|6\n|\n|t:|1699801634\n|move|p1a: Cut-Man|Sacred Sword|p2a: Pato\n|-supereffective|p2a: Pato\n|-damage|p2a: Pato|0 fnt\n|faint|p2a: Pato\n|-ability|p1a: Cut-Man|Beast Boost|boost\n|-boost|p1a: Cut-Man|atk|1\n|\n|upkeep\n|\n|t:|1699801642\n|switch|p2a: Mothra|Volcarona, F, shiny|100\/100\n|turn|7\n|\n|t:|1699801650\n|-terastallize|p1a: Cut-Man|Water\n|move|p1a: Cut-Man|Psycho Cut|p2a: Mothra\n|-damage|p2a: Mothra|23\/100\n|move|p2a: Mothra|Quiver Dance|p2a: Mothra\n|-boost|p2a: Mothra|spa|1\n|-boost|p2a: Mothra|spd|1\n|-boost|p2a: Mothra|spe|1\n|\n|upkeep\n|turn|8\n|\n|t:|1699801660\n|move|p2a: Mothra|Air Slash|p1a: Cut-Man\n|-damage|p1a: Cut-Man|0 fnt\n|faint|p1a: Cut-Man\n|\n|upkeep\n|\n|t:|1699801667\n|switch|p1a: Supreme|Meowscarada, F, shiny|100\/100\n|-damage|p1a: Supreme|88\/100|[from] Stealth Rock\n|-status|p1a: Supreme|tox\n|turn|9\n|\n|t:|1699801676\n|move|p1a: Supreme|Sucker Punch|p2a: Mothra\n|-start|p1a: Supreme|typechange|Dark|[from] ability: Protean\n|-damage|p2a: Mothra|0 fnt\n|faint|p2a: Mothra\n|\n|-damage|p1a: Supreme|82\/100 tox|[from] psn\n|upkeep\n|\n|t:|1699801690\n|switch|p2a: Murcielascorpion|Gliscor, M|28\/100 tox\n|-damage|p2a: Murcielascorpion|15\/100 tox|[from] Stealth Rock\n|turn|10\n|\n|t:|1699801695\n|move|p1a: Supreme|Flower Trick|p2a: Murcielascorpion\n|-crit|p2a: Murcielascorpion\n|-damage|p2a: Murcielascorpion|0 fnt\n|faint|p2a: Murcielascorpion\n|\n|-damage|p1a: Supreme|70\/100 tox|[from] psn\n|upkeep\n|\n|t:|1699801709\n|switch|p2a: Segata Sanshiro|Ursaluna, M|100\/100\n|-damage|p2a: Segata Sanshiro|94\/100|[from] Stealth Rock\n|turn|11\n|\n|t:|1699801717\n|move|p1a: Supreme|Flower Trick|p2a: Segata Sanshiro\n|-supereffective|p2a: Segata Sanshiro\n|-crit|p2a: Segata Sanshiro\n|-damage|p2a: Segata Sanshiro|35\/100\n|move|p2a: Segata Sanshiro|Facade|p1a: Supreme\n|-damage|p1a: Supreme|6\/100 tox\n|\n|-damage|p1a: Supreme|0 fnt|[from] psn\n|faint|p1a: Supreme\n|-status|p2a: Segata Sanshiro|brn|[from] item: Flame Orb\n|upkeep\n|\n|t:|1699801729\n|switch|p1a: Saitama|Rillaboom, M|100\/100\n|-damage|p1a: Saitama|88\/100|[from] Stealth Rock\n|-status|p1a: Saitama|tox\n|-fieldstart|move: Grassy Terrain|[from] ability: Grassy Surge|[of] p1a: Saitama\n|turn|12\n|\n|t:|1699801736\n|-terastallize|p2a: Segata Sanshiro|Normal\n|move|p1a: Saitama|Fake Out|p2a: Segata Sanshiro\n|-damage|p2a: Segata Sanshiro|22\/100 brn\n|-damage|p1a: Saitama|78\/100 tox|[from] item: Life Orb\n|cant|p2a: Segata Sanshiro|flinch\n|\n|-heal|p1a: Saitama|84\/100 tox|[from] Grassy Terrain\n|-heal|p2a: Segata Sanshiro|28\/100 brn|[from] Grassy Terrain\n|-damage|p1a: Saitama|78\/100 tox|[from] psn\n|-damage|p2a: Segata Sanshiro|22\/100 brn|[from] brn\n|upkeep\n|turn|13\n|\n|t:|1699801751\n|move|p1a: Saitama|Grassy Glide|p2a: Segata Sanshiro\n|-damage|p2a: Segata Sanshiro|0 fnt\n|faint|p2a: Segata Sanshiro\n|-damage|p1a: Saitama|68\/100 tox|[from] item: Life Orb\n|\n|-heal|p1a: Saitama|74\/100 tox|[from] Grassy Terrain\n|-damage|p1a: Saitama|62\/100 tox|[from] psn\n|upkeep\n|\n|t:|1699801761\n|switch|p2a: Galvanni|Galvantula, M|100\/100\n|-damage|p2a: Galvanni|76\/100|[from] Stealth Rock\n|turn|14\n|\n|t:|1699801768\n|move|p2a: Galvanni|Bug Buzz|p1a: Saitama\n|-supereffective|p1a: Saitama\n|-damage|p1a: Saitama|0 fnt\n|faint|p1a: Saitama\n|\n|-heal|p2a: Galvanni|82\/100|[from] Grassy Terrain\n|upkeep\n|\n|t:|1699801775\n|switch|p1a: Lechuga|Venusaur, M, shiny|100\/100\n|-damage|p1a: Lechuga|88\/100|[from] Stealth Rock\n|-sideend|p1: Naranciass|move: Toxic Spikes|[of] p1a: Lechuga\n|turn|15\n|\n|t:|1699801781\n|detailschange|p1a: Lechuga|Venusaur-Mega, M, shiny\n|-mega|p1a: Lechuga|Venusaur|Venusaurite\n|move|p2a: Galvanni|Bug Buzz|p1a: Lechuga\n|-damage|p1a: Lechuga|58\/100\n|move|p1a: Lechuga|Sleep Powder|p2a: Galvanni\n|-status|p2a: Galvanni|slp|[from] move: Sleep Powder\n|\n|-heal|p2a: Galvanni|88\/100 slp|[from] Grassy Terrain\n|-heal|p1a: Lechuga|64\/100|[from] Grassy Terrain\n|upkeep\n|turn|16\n|\n|t:|1699801793\n|cant|p2a: Galvanni|slp\n|move|p1a: Lechuga|Sludge Bomb|p2a: Galvanni\n|-damage|p2a: Galvanni|0 fnt\n|faint|p2a: Galvanni\n|\n|-heal|p1a: Lechuga|70\/100|[from] Grassy Terrain\n|-fieldend|move: Grassy Terrain\n|upkeep\n|\n|t:|1699801802\n|switch|p2a: Azumadre|Azumarill, M|100\/100\n|-damage|p2a: Azumadre|88\/100|[from] Stealth Rock\n|turn|17\n|\n|t:|1699801809\n|move|p1a: Lechuga|Giga Drain|p2a: Azumadre\n|-supereffective|p2a: Azumadre\n|-damage|p2a: Azumadre|0 fnt\n|-heal|p1a: Lechuga|100\/100|[from] drain|[of] p2a: Azumadre\n|faint|p2a: Azumadre\n|\n|win|Naranciass\n|c|\u2606Oxxo_ntsm|gg\n","uploadtime":1699801817,"views":8,"p1id":"naranciass","p2id":"oxxontsm","formatid":"gen9nationaldex","rating":0,"private":0,"password":""}