{"id":"gen9nationaldex-1989154604","p1":"Barkwitz","p2":"local idiot gaming","format":"[Gen 9] National Dex","log":"|j|\u2606Barkwitz\n|j|\u2606local idiot gaming\n|t:|1699818026\n|gametype|singles\n|player|p1|Barkwitz|janitor|1098\n|player|p2|local idiot gaming|bugcatcher-gen4dp|1206\n|teamsize|p1|6\n|teamsize|p2|6\n|gen|9\n|tier|[Gen 9] National Dex\n|rated|\n|rule|HP Percentage Mod: HP is shown in percentages\n|rule|Endless Battle Clause: Forcing endless battles is banned\n|rule|OHKO Clause: OHKO moves are banned\n|rule|Evasion Clause: Evasion abilities, items, and moves are banned\n|rule|Evasion Abilities Clause: Evasion abilities are banned\n|rule|Evasion Items Clause: Evasion items are banned\n|rule|Evasion Moves Clause: Evasion moves are banned\n|rule|Species Clause: Limit one of each Pok\u00e9mon\n|rule|Sleep Clause Mod: Limit one foe put to sleep\n|clearpoke\n|poke|p1|Torkoal, M|\n|poke|p1|Eelektross, F|\n|poke|p1|Darmanitan, M|\n|poke|p1|Scrafty, M|\n|poke|p1|Whimsicott, F|\n|poke|p1|Hitmonchan, M|\n|poke|p2|Bisharp, M|\n|poke|p2|Scizor, M|\n|poke|p2|Snorlax, M|\n|poke|p2|Electrode-Hisui|\n|poke|p2|Heatran, M|\n|poke|p2|Minior-Green|\n|teampreview\n|inactive|Battle timer is ON: inactive players will automatically lose when time's up. (requested by local idiot gaming)\n|inactive|Barkwitz also wants the timer to be on.\n|\n|t:|1699818043\n|start\n|switch|p1a: Lil ol guy|Whimsicott, F|100\/100\n|switch|p2a: wait what|Minior-Green|100\/100\n|-formechange|p2a: wait what|Minior-Meteor||[from] ability: Shields Down\n|turn|1\n|\n|t:|1699818055\n|move|p1a: Lil ol guy|Leech Seed|p2a: wait what\n|-start|p2a: wait what|move: Leech Seed\n|move|p2a: wait what|Shell Smash|p2a: wait what\n|-unboost|p2a: wait what|def|1\n|-unboost|p2a: wait what|spd|1\n|-boost|p2a: wait what|atk|2\n|-boost|p2a: wait what|spa|2\n|-boost|p2a: wait what|spe|2\n|\n|-damage|p2a: wait what|88\/100|[from] Leech Seed|[of] p1a: Lil ol guy\n|upkeep\n|turn|2\n|\n|t:|1699818059\n|move|p1a: Lil ol guy|Toxic|p2a: wait what\n|-immune|p2a: wait what|[from] ability: Shields Down\n|move|p2a: wait what|Return|p1a: Lil ol guy\n|-damage|p1a: Lil ol guy|44\/100\n|\n|-heal|p1a: Lil ol guy|50\/100|[from] item: Leftovers\n|-damage|p2a: wait what|76\/100|[from] Leech Seed|[of] p1a: Lil ol guy\n|-heal|p1a: Lil ol guy|60\/100|[silent]\n|upkeep\n|turn|3\n|\n|t:|1699818068\n|switch|p2a: magic 8 ball|Electrode-Hisui, shiny|100\/100\n|move|p1a: Lil ol guy|Cotton Guard|p1a: Lil ol guy\n|-boost|p1a: Lil ol guy|def|3\n|\n|-heal|p1a: Lil ol guy|67\/100|[from] item: Leftovers\n|upkeep\n|turn|4\n|\n|t:|1699818071\n|move|p1a: Lil ol guy|Leech Seed|p2a: magic 8 ball\n|-immune|p2a: magic 8 ball\n|move|p2a: magic 8 ball|Taunt|p1a: Lil ol guy\n|-start|p1a: Lil ol guy|move: Taunt\n|\n|-heal|p1a: Lil ol guy|73\/100|[from] item: Leftovers\n|upkeep\n|turn|5\n|\n|t:|1699818078\n|move|p2a: magic 8 ball|Discharge|p1a: Lil ol guy\n|-resisted|p1a: Lil ol guy\n|-damage|p1a: Lil ol guy|59\/100\n|-status|p1a: Lil ol guy|par\n|move|p1a: Lil ol guy|Moonblast|p2a: magic 8 ball\n|-crit|p2a: magic 8 ball\n|-damage|p2a: magic 8 ball|33\/100\n|\n|-heal|p1a: Lil ol guy|65\/100 par|[from] item: Leftovers\n|upkeep\n|turn|6\n|\n|t:|1699818086\n|move|p2a: magic 8 ball|Volt Switch|p1a: Lil ol guy\n|-resisted|p1a: Lil ol guy\n|-damage|p1a: Lil ol guy|52\/100 par\n|\n|t:|1699818089\n|switch|p2a: angy magma spooder|Heatran, M|100\/100|[from] Volt Switch\n|move|p1a: Lil ol guy|Moonblast|p2a: angy magma spooder\n|-resisted|p2a: angy magma spooder\n|-damage|p2a: angy magma spooder|94\/100\n|-unboost|p2a: angy magma spooder|spa|1\n|\n|-heal|p1a: Lil ol guy|58\/100 par|[from] item: Leftovers\n|upkeep\n|turn|7\n|\n|t:|1699818100\n|switch|p1a: AAAAAHHH|Eelektross, F|100\/100\n|move|p2a: angy magma spooder|Eruption|p1a: AAAAAHHH\n|-damage|p1a: AAAAAHHH|64\/100\n|\n|upkeep\n|turn|8\n|\n|t:|1699818106\n|switch|p2a: magic 8 ball|Electrode-Hisui, shiny|33\/100\n|move|p1a: AAAAAHHH|Dragon Tail|p2a: magic 8 ball|[miss]\n|-miss|p1a: AAAAAHHH|p2a: magic 8 ball\n|\n|upkeep\n|turn|9\n|\n|t:|1699818114\n|move|p2a: magic 8 ball|Giga Drain|p1a: AAAAAHHH\n|-damage|p1a: AAAAAHHH|44\/100\n|-heal|p2a: magic 8 ball|47\/100|[from] drain|[of] p1a: AAAAAHHH\n|move|p1a: AAAAAHHH|Fire Punch|p2a: magic 8 ball\n|-supereffective|p2a: magic 8 ball\n|-crit|p2a: magic 8 ball\n|-damage|p2a: magic 8 ball|0 fnt\n|-damage|p1a: AAAAAHHH|19\/100|[from] ability: Aftermath|[of] p2a: magic 8 ball\n|-damage|p1a: AAAAAHHH|3\/100|[from] item: Rocky Helmet|[of] p2a: magic 8 ball\n|faint|p2a: magic 8 ball\n|\n|upkeep\n|\n|t:|1699818126\n|switch|p2a: angy magma spooder|Heatran, M|94\/100\n|turn|10\n|\n|t:|1699818132\n|move|p2a: angy magma spooder|Eruption|p1a: AAAAAHHH\n|-damage|p1a: AAAAAHHH|0 fnt\n|faint|p1a: AAAAAHHH\n|\n|upkeep\n|\n|t:|1699818146\n|switch|p1a: Zillakami|Scrafty, M|100\/100\n|turn|11\n|\n|t:|1699818149\n|move|p2a: angy magma spooder|Eruption|p1a: Zillakami\n|-crit|p1a: Zillakami\n|-damage|p1a: Zillakami|0 fnt\n|faint|p1a: Zillakami\n|\n|upkeep\n|\n|t:|1699818154\n|switch|p1a: Kaioken x10!!|Darmanitan, M|100\/100\n|turn|12\n|\n|t:|1699818159\n|move|p1a: Kaioken x10!!|Earthquake|p2a: angy magma spooder\n|-supereffective|p2a: angy magma spooder\n|-damage|p2a: angy magma spooder|0 fnt\n|faint|p2a: angy magma spooder\n|\n|upkeep\n|\n|t:|1699818163\n|switch|p2a: wait what|Minior-Green|76\/100\n|-formechange|p2a: wait what|Minior-Meteor||[from] ability: Shields Down\n|turn|13\n|\n|t:|1699818168\n|switch|p1a: 420\u00b0F|Torkoal, M|100\/100\n|-weather|SunnyDay|[from] ability: Drought|[of] p1a: 420\u00b0F\n|move|p2a: wait what|Shell Smash|p2a: wait what\n|-unboost|p2a: wait what|def|1\n|-unboost|p2a: wait what|spd|1\n|-boost|p2a: wait what|atk|2\n|-boost|p2a: wait what|spa|2\n|-boost|p2a: wait what|spe|2\n|\n|-weather|SunnyDay|[upkeep]\n|upkeep\n|turn|14\n|\n|t:|1699818173\n|move|p2a: wait what|Earthquake|p1a: 420\u00b0F\n|-supereffective|p1a: 420\u00b0F\n|-damage|p1a: 420\u00b0F|32\/100\n|move|p1a: 420\u00b0F|Clear Smog|p2a: wait what\n|-resisted|p2a: wait what\n|-damage|p2a: wait what|61\/100\n|-clearboost|p2a: wait what\n|\n|-weather|SunnyDay|[upkeep]\n|upkeep\n|turn|15\n|\n|t:|1699818179\n|-terastallize|p1a: 420\u00b0F|Flying\n|move|p2a: wait what|Earthquake|p1a: 420\u00b0F\n|-immune|p1a: 420\u00b0F\n|move|p1a: 420\u00b0F|Lava Plume|p2a: wait what\n|-resisted|p2a: wait what\n|-damage|p2a: wait what|27\/100\n|\n|-weather|SunnyDay|[upkeep]\n|-formechange|p2a: wait what|Minior-Green||[from] ability: Shields Down\n|upkeep\n|turn|16\n|\n|t:|1699818185\n|move|p2a: wait what|Return|p1a: 420\u00b0F\n|-damage|p1a: 420\u00b0F|6\/100\n|move|p1a: 420\u00b0F|Stealth Rock|p2a: wait what\n|-sidestart|p2: local idiot gaming|move: Stealth Rock\n|\n|-weather|SunnyDay|[upkeep]\n|upkeep\n|turn|17\n|\n|t:|1699818193\n|move|p2a: wait what|Zen Headbutt|p1a: 420\u00b0F\n|-damage|p1a: 420\u00b0F|0 fnt\n|faint|p1a: 420\u00b0F\n|\n|-weather|SunnyDay|[upkeep]\n|upkeep\n|c|\u2606Barkwitz|mistakes were made\n|\n|t:|1699818203\n|switch|p1a: Kaioken x10!!|Darmanitan, M|100\/100\n|turn|18\n|\n|t:|1699818206\n|move|p1a: Kaioken x10!!|Flare Blitz|p2a: wait what\n|-resisted|p2a: wait what\n|-damage|p2a: wait what|0 fnt\n|faint|p2a: wait what\n|-damage|p1a: Kaioken x10!!|94\/100|[from] Recoil\n|\n|-weather|SunnyDay|[upkeep]\n|upkeep\n|\n|t:|1699818213\n|switch|p2a: ps moderators|Snorlax, M|100\/100\n|-damage|p2a: ps moderators|88\/100|[from] Stealth Rock\n|turn|19\n|\n|t:|1699818218\n|move|p2a: ps moderators|Endure|p2a: ps moderators\n|-singleturn|p2a: ps moderators|move: Endure\n|move|p1a: Kaioken x10!!|Flare Blitz|p2a: ps moderators\n|-activate|p2a: ps moderators|move: Endure\n|-damage|p2a: ps moderators|1\/100\n|-damage|p1a: Kaioken x10!!|51\/100|[from] Recoil\n|\n|-weather|SunnyDay|[upkeep]\n|upkeep\n|turn|20\n|c|\u2606local idiot gaming|perish\n|-enditem|p2a: ps moderators|Custap Berry|[eat]\n|-activate|p2a: ps moderators|item: Custap Berry|[consumed]\n|\n|t:|1699818225\n|move|p2a: ps moderators|Self-Destruct|p1a: Kaioken x10!!\n|-damage|p1a: Kaioken x10!!|0 fnt\n|faint|p2a: ps moderators\n|faint|p1a: Kaioken x10!!\n|\n|-weather|none\n|upkeep\n|c|\u2606Barkwitz|Lmao these nicknames\n|c|\u2606Barkwitz|HOLY SHIT\n|c|\u2606local idiot gaming|they are all acurate\n|\n|t:|1699818244\n|switch|p1a: Lil ol guy|Whimsicott, F|58\/100 par\n|switch|p2a: priority move|Scizor, M|100\/100\n|-damage|p2a: priority move|88\/100|[from] Stealth Rock\n|turn|21\n|c|\u2606local idiot gaming|oh and for context that snorlax also has belly drum\n|c|\u2606Barkwitz|jihad snorlax never fails\n|c|\u2606Barkwitz|thats a good wall smasher\n|c|\u2606local idiot gaming|what\n|\n|t:|1699818267\n|detailschange|p2a: priority move|Scizor-Mega, M\n|-mega|p2a: priority move|Scizor|Scizorite\n|move|p1a: Lil ol guy|Leech Seed|p2a: priority move\n|-start|p2a: priority move|move: Leech Seed\n|move|p2a: priority move|Swords Dance|p2a: priority move\n|-boost|p2a: priority move|atk|2\n|\n|-heal|p1a: Lil ol guy|64\/100 par|[from] item: Leftovers\n|-damage|p2a: priority move|76\/100|[from] Leech Seed|[of] p1a: Lil ol guy\n|-heal|p1a: Lil ol guy|77\/100 par|[silent]\n|upkeep\n|turn|22\n|\n|t:|1699818274\n|move|p2a: priority move|Bullet Punch|p1a: Lil ol guy\n|-supereffective|p1a: Lil ol guy\n|-damage|p1a: Lil ol guy|0 fnt\n|faint|p1a: Lil ol guy\n|\n|upkeep\n|\n|t:|1699818276\n|switch|p1a: Kaioken x5!!|Hitmonchan, M|100\/100\n|turn|23\n|\n|t:|1699818282\n|move|p1a: Kaioken x5!!|Fire Punch|p2a: priority move\n|-supereffective|p2a: priority move\n|-damage|p2a: priority move|0 fnt\n|faint|p2a: priority move\n|-damage|p1a: Kaioken x5!!|91\/100|[from] item: Life Orb\n|\n|upkeep\n|\n|t:|1699818290\n|switch|p2a: checkmate|Bisharp, M, shiny|100\/100\n|-damage|p2a: checkmate|95\/100|[from] Stealth Rock\n|turn|24\n|\n|t:|1699818295\n|-terastallize|p2a: checkmate|Ghost\n|move|p1a: Kaioken x5!!|Fire Punch|p2a: checkmate\n|-damage|p2a: checkmate|69\/100\n|-damage|p1a: Kaioken x5!!|81\/100|[from] item: Life Orb\n|move|p2a: checkmate|Swords Dance|p2a: checkmate\n|-boost|p2a: checkmate|atk|2\n|\n|upkeep\n|turn|25\n|\n|t:|1699818303\n|move|p1a: Kaioken x5!!|Fire Punch|p2a: checkmate\n|-crit|p2a: checkmate\n|-damage|p2a: checkmate|35\/100\n|-damage|p1a: Kaioken x5!!|71\/100|[from] item: Life Orb\n|move|p2a: checkmate|Iron Head|p1a: Kaioken x5!!\n|-damage|p1a: Kaioken x5!!|0 fnt\n|faint|p1a: Kaioken x5!!\n|\n|win|local idiot gaming\n|raw|Barkwitz's rating: 1098 &rarr; <strong>1081<\/strong><br \/>(-17 for losing)\n|raw|local idiot gaming's rating: 1206 &rarr; <strong>1223<\/strong><br \/>(+17 for winning)\n|c|\u2606Barkwitz|gg\n|c|\u2606local idiot gaming|checkmate\n|c|\u2606local idiot gaming|gg\n|c|\u2606Barkwitz|yeah clever team lmao\n|c|\u2606local idiot gaming|thanks\n|c|\u2606Barkwitz|fuck with it\n|c|\u2606Barkwitz|10\/10\n|c|\u2606local idiot gaming|thanks\n","uploadtime":1699818331,"views":4,"p1id":"barkwitz","p2id":"localidiotgaming","formatid":"gen9nationaldex","rating":1081,"private":0,"password":""}