{"id":"gen9nationaldex-1988465016","p1":"Maxer59","p2":"Baker01","format":"[Gen 9] National Dex","log":"|j|\u2606Maxer59\n|j|\u2606Baker01\n|t:|1699725807\n|gametype|singles\n|player|p1|Maxer59|lucas|1228\n|player|p2|Baker01|drayden|1174\n|teamsize|p1|6\n|teamsize|p2|6\n|gen|9\n|tier|[Gen 9] National Dex\n|rated|\n|rule|HP Percentage Mod: HP is shown in percentages\n|rule|Endless Battle Clause: Forcing endless battles is banned\n|rule|OHKO Clause: OHKO moves are banned\n|rule|Evasion Clause: Evasion abilities, items, and moves are banned\n|rule|Evasion Abilities Clause: Evasion abilities are banned\n|rule|Evasion Items Clause: Evasion items are banned\n|rule|Evasion Moves Clause: Evasion moves are banned\n|rule|Species Clause: Limit one of each Pok\u00e9mon\n|rule|Sleep Clause Mod: Limit one foe put to sleep\n|clearpoke\n|poke|p1|Pelipper, F|\n|poke|p1|Floatzel, M|\n|poke|p1|Greninja-*, M|\n|poke|p1|Samurott-Hisui, F|\n|poke|p1|Politoed, M|\n|poke|p1|Bruxish, F|\n|poke|p2|Torkoal, M|\n|poke|p2|Tropius, F|\n|poke|p2|Drampa, M|\n|poke|p2|Tauros-Paldea-Aqua, M|\n|poke|p2|Klefki, F|\n|poke|p2|Absol, M|\n|teampreview\n|inactive|Battle timer is ON: inactive players will automatically lose when time's up. (requested by Maxer59)\n|\n|t:|1699725829\n|start\n|switch|p1a: Pelipper|Pelipper, F|100\/100\n|switch|p2a: Klefki|Klefki, F|100\/100\n|-weather|RainDance|[from] ability: Drizzle|[of] p1a: Pelipper\n|turn|1\n|\n|t:|1699725839\n|move|p2a: Klefki|Switcheroo|p1a: Pelipper\n|-activate|p2a: Klefki|move: Trick|[of] p1a: Pelipper\n|-item|p1a: Pelipper|Choice Scarf|[from] move: Switcheroo\n|-item|p2a: Klefki|Wacan Berry|[from] move: Switcheroo\n|move|p1a: Pelipper|Weather Ball|p2a: Klefki\n|-damage|p2a: Klefki|13\/100\n|\n|-weather|RainDance|[upkeep]\n|upkeep\n|turn|2\n|\n|t:|1699725851\n|switch|p2a: Torkoal|Torkoal, M|100\/100\n|-weather|SunnyDay|[from] ability: Drought|[of] p2a: Torkoal\n|move|p1a: Pelipper|Weather Ball|p2a: Torkoal\n|-resisted|p2a: Torkoal\n|-damage|p2a: Torkoal|82\/100\n|\n|-weather|SunnyDay|[upkeep]\n|upkeep\n|turn|3\n|\n|t:|1699725864\n|switch|p1a: Politoed|Politoed, M|100\/100\n|-weather|RainDance|[from] ability: Drizzle|[of] p1a: Politoed\n|move|p2a: Torkoal|Solar Beam||[still]\n|-prepare|p2a: Torkoal|Solar Beam\n|\n|-weather|RainDance|[upkeep]\n|upkeep\n|turn|4\n|\n|t:|1699725870\n|move|p1a: Politoed|Weather Ball|p2a: Torkoal\n|-supereffective|p2a: Torkoal\n|-damage|p2a: Torkoal|0 fnt\n|faint|p2a: Torkoal\n|\n|-weather|RainDance|[upkeep]\n|upkeep\n|\n|t:|1699725876\n|switch|p2a: Klefki|Klefki, F|13\/100\n|turn|5\n|\n|t:|1699725884\n|move|p2a: Klefki|Switcheroo|p1a: Politoed\n|-activate|p2a: Klefki|move: Trick|[of] p1a: Politoed\n|-item|p1a: Politoed|Wacan Berry|[from] move: Switcheroo\n|-item|p2a: Klefki|Expert Belt|[from] move: Switcheroo\n|move|p1a: Politoed|Weather Ball|p2a: Klefki\n|-damage|p2a: Klefki|0 fnt\n|faint|p2a: Klefki\n|\n|-weather|RainDance|[upkeep]\n|upkeep\n|\n|t:|1699725900\n|switch|p2a: Tropius|Tropius, F|100\/100\n|turn|6\n|\n|t:|1699725906\n|move|p1a: Politoed|Ice Beam|p2a: Tropius\n|-supereffective|p2a: Tropius\n|-damage|p2a: Tropius|0 fnt\n|faint|p2a: Tropius\n|\n|-weather|RainDance|[upkeep]\n|upkeep\n|\n|t:|1699725908\n|switch|p2a: Tauros|Tauros-Paldea-Aqua, M|100\/100\n|-ability|p2a: Tauros|Intimidate|boost\n|-unboost|p1a: Politoed|atk|1\n|turn|7\n|\n|t:|1699725923\n|move|p2a: Tauros|Bulk Up|p2a: Tauros\n|-boost|p2a: Tauros|atk|1\n|-boost|p2a: Tauros|def|1\n|move|p1a: Politoed|Focus Blast|p2a: Tauros\n|-damage|p2a: Tauros|44\/100\n|\n|-weather|none\n|upkeep\n|turn|8\n|\n|t:|1699725933\n|move|p2a: Tauros|Raging Bull|p1a: Politoed\n|-resisted|p1a: Politoed\n|-damage|p1a: Politoed|51\/100\n|-damage|p2a: Tauros|34\/100|[from] item: Life Orb\n|move|p1a: Politoed|Focus Blast|p2a: Tauros|[miss]\n|-miss|p1a: Politoed|p2a: Tauros\n|\n|upkeep\n|turn|9\n|\n|t:|1699725941\n|move|p2a: Tauros|Bulk Up|p2a: Tauros\n|-boost|p2a: Tauros|atk|1\n|-boost|p2a: Tauros|def|1\n|move|p1a: Politoed|Focus Blast|p2a: Tauros|[miss]\n|-miss|p1a: Politoed|p2a: Tauros\n|\n|upkeep\n|turn|10\n|\n|t:|1699725952\n|move|p2a: Tauros|Raging Bull|p1a: Politoed\n|-resisted|p1a: Politoed\n|-damage|p1a: Politoed|0 fnt\n|faint|p1a: Politoed\n|-damage|p2a: Tauros|24\/100|[from] item: Life Orb\n|\n|upkeep\n|\n|t:|1699725957\n|switch|p1a: Pelipper|Pelipper, F|100\/100\n|-weather|RainDance|[from] ability: Drizzle|[of] p1a: Pelipper\n|turn|11\n|\n|t:|1699725964\n|move|p2a: Tauros|Aqua Jet|p1a: Pelipper\n|-resisted|p1a: Pelipper\n|-damage|p1a: Pelipper|64\/100\n|-damage|p2a: Tauros|14\/100|[from] item: Life Orb\n|move|p1a: Pelipper|Tailwind|p1a: Pelipper\n|-sidestart|p1: Maxer59|move: Tailwind\n|\n|-weather|RainDance|[upkeep]\n|upkeep\n|turn|12\n|\n|t:|1699725977\n|switch|p1a: Samurott|Samurott-Hisui, F|100\/100\n|move|p2a: Tauros|Aqua Jet|p1a: Samurott\n|-resisted|p1a: Samurott\n|-damage|p1a: Samurott|64\/100\n|-damage|p2a: Tauros|4\/100|[from] item: Life Orb\n|\n|-weather|RainDance|[upkeep]\n|upkeep\n|turn|13\n|\n|t:|1699725987\n|move|p2a: Tauros|Aqua Jet|p1a: Samurott\n|-resisted|p1a: Samurott\n|-damage|p1a: Samurott|25\/100\n|-damage|p2a: Tauros|0 fnt|[from] item: Life Orb\n|faint|p2a: Tauros\n|move|p1a: Samurott|Ceaseless Edge|p2: Tauros|[notarget]\n|-fail|p1a: Samurott\n|\n|-weather|RainDance|[upkeep]\n|upkeep\n|\n|t:|1699725991\n|switch|p2a: Drampa|Drampa, M|100\/100\n|turn|14\n|\n|t:|1699725999\n|move|p1a: Samurott|Sacred Sword|p2a: Drampa\n|-supereffective|p2a: Drampa\n|-crit|p2a: Drampa\n|-damage|p2a: Drampa|0 fnt\n|faint|p2a: Drampa\n|\n|-weather|RainDance|[upkeep]\n|-sideend|p1: Maxer59|move: Tailwind\n|upkeep\n|\n|t:|1699726002\n|switch|p2a: Absol|Absol, M|100\/100\n|turn|15\n|\n|t:|1699726012\n|detailschange|p2a: Absol|Absol-Mega, M\n|-mega|p2a: Absol|Absol|Absolite\n|move|p2a: Absol|Swords Dance|p2a: Absol\n|-boost|p2a: Absol|atk|2\n|move|p1a: Samurott|Sacred Sword|p2a: Absol\n|-supereffective|p2a: Absol\n|-damage|p2a: Absol|0 fnt\n|faint|p2a: Absol\n|\n|win|Maxer59\n|raw|Maxer59's rating: 1228 &rarr; <strong>1249<\/strong><br \/>(+21 for winning)\n|raw|Baker01's rating: 1174 &rarr; <strong>1153<\/strong><br \/>(-21 for losing)\n|l|\u2606Baker01\n","uploadtime":1699726028,"views":5,"p1id":"maxer59","p2id":"baker01","formatid":"gen9nationaldex","rating":1153,"private":0,"password":""}