{"id":"gen9nationaldex-1999836762","p1":"MarcusTalks","p2":"MikazukiRex_","format":"[Gen 9] National Dex","log":"|html|<div class=\"broadcast-blue\"><strong>[Gen 9] National Dex is currently suspecting Sneasler! For information on how to participate check out the <a href=\"https:\/\/www.smogon.com\/forums\/threads\/sv-national-dex-suspect-8-just-dance.3731534\/\">suspect thread<\/a>.<\/strong><\/div>\n|j|\u2606MarcusTalks\n|j|\u2606MikazukiRex_\n|t:|1701121328\n|gametype|singles\n|player|p1|MarcusTalks|steven|\n|player|p2|MikazukiRex_|wallace|\n|teamsize|p1|6\n|teamsize|p2|6\n|gen|9\n|tier|[Gen 9] National Dex\n|rule|HP Percentage Mod: HP is shown in percentages\n|rule|Endless Battle Clause: Forcing endless battles is banned\n|rule|OHKO Clause: OHKO moves are banned\n|rule|Evasion Clause: Evasion abilities, items, and moves are banned\n|rule|Evasion Abilities Clause: Evasion abilities are banned\n|rule|Evasion Items Clause: Evasion items are banned\n|rule|Evasion Moves Clause: Evasion moves are banned\n|rule|Species Clause: Limit one of each Pok\u00e9mon\n|rule|Sleep Clause Mod: Limit one foe put to sleep\n|clearpoke\n|poke|p1|Camerupt, M|\n|poke|p1|Alomomola, F|\n|poke|p1|Garganacl, M|\n|poke|p1|Ribombee, F|\n|poke|p1|Avalugg-Hisui, M|\n|poke|p1|Zoroark-Hisui, M|\n|poke|p2|Zeraora|\n|poke|p2|Tapu Koko|\n|poke|p2|Rotom-Wash|\n|poke|p2|Zapdos|\n|poke|p2|Manectric, F|\n|poke|p2|Iron Leaves|\n|teampreview\n|c|\u2606MarcusTalks|Just hopping from my browser to discord disconnects me\n|c|\u2606MikazukiRex_|you're not home?\n|\n|t:|1701121366\n|start\n|switch|p1a: Avalugg|Avalugg-Hisui, M, shiny|100\/100\n|switch|p2a: Tapu Koko|Tapu Koko, shiny|100\/100\n|-fieldstart|move: Electric Terrain|[from] ability: Electric Surge|[of] p2a: Tapu Koko\n|turn|1\n|\n|t:|1701121378\n|move|p2a: Tapu Koko|Volt Switch|p1a: Avalugg\n|-damage|p1a: Avalugg|17\/100\n|replace|p1a: Zoroark|Zoroark-Hisui, M, shiny\n|-end|p1a: Zoroark|Illusion\n|\n|t:|1701121397\n|switch|p2a: Rotom|Rotom-Wash, shiny|100\/100|[from] Volt Switch\n|move|p1a: Zoroark|Hyper Voice|p2a: Rotom\n|-damage|p2a: Rotom|24\/100\n|\n|-heal|p2a: Rotom|30\/100|[from] item: Leftovers\n|upkeep\n|turn|2\n|c|\u2606MarcusTalks|I am home. My PC isn\u2019t working\n|\n|t:|1701121409\n|move|p1a: Zoroark|Hyper Voice|p2a: Rotom\n|-damage|p2a: Rotom|0 fnt\n|faint|p2a: Rotom\n|\n|upkeep\n|c|\u2606MikazukiRex_|oh damn\n|\n|t:|1701121414\n|switch|p2a: Tapu Koko|Tapu Koko, shiny|100\/100\n|turn|3\n|c|\u2606MarcusTalks|It\u2019s currently being worked on elsewhere\n|\n|t:|1701121426\n|switch|p1a: Camerupt|Camerupt, M, shiny|100\/100\n|move|p2a: Tapu Koko|Volt Switch|p1a: Camerupt\n|-immune|p1a: Camerupt\n|\n|upkeep\n|turn|4\n|\n|t:|1701121443\n|switch|p2a: Zapdos|Zapdos|100\/100\n|move|p1a: Camerupt|Ancient Power|p2a: Zapdos\n|-supereffective|p2a: Zapdos\n|-damage|p2a: Zapdos|51\/100\n|\n|upkeep\n|turn|5\n|\n|t:|1701121451\n|detailschange|p1a: Camerupt|Camerupt-Mega, M, shiny\n|-mega|p1a: Camerupt|Camerupt|Cameruptite\n|move|p2a: Zapdos|Hurricane|p1a: Camerupt\n|-damage|p1a: Camerupt|40\/100\n|move|p1a: Camerupt|Ancient Power|p2a: Zapdos\n|-supereffective|p2a: Zapdos\n|-damage|p2a: Zapdos|0 fnt\n|faint|p2a: Zapdos\n|\n|upkeep\n|\n|t:|1701121466\n|switch|p2a: Iron Leaves|Iron Leaves|100\/100\n|-activate|p2a: Iron Leaves|ability: Quark Drive\n|-start|p2a: Iron Leaves|quarkdriveatk\n|turn|6\n|\n|t:|1701121474\n|switch|p1a: Avalugg|Avalugg-Hisui, M, shiny|17\/100\n|move|p2a: Iron Leaves|Close Combat|p1a: Avalugg\n|-immune|p1a: Avalugg\n|\n|upkeep\n|turn|7\n|\n|t:|1701121481\n|move|p1a: Avalugg|Flamethrower|p2a: Iron Leaves\n|-supereffective|p2a: Iron Leaves\n|-damage|p2a: Iron Leaves|4\/100\n|move|p2a: Iron Leaves|Trailblaze|p1a: Avalugg\n|-damage|p1a: Avalugg|0 fnt\n|-boost|p2a: Iron Leaves|spe|1\n|replace|p1a: Zoroark|Zoroark-Hisui, M, shiny\n|-end|p1a: Zoroark|Illusion\n|faint|p1a: Zoroark\n|\n|upkeep\n|\n|t:|1701121513\n|switch|p1a: Avalugg|Avalugg-Hisui, M, shiny|100\/100\n|turn|8\n|\n|t:|1701121524\n|-terastallize|p1a: Avalugg|Fairy\n|move|p2a: Iron Leaves|Close Combat|p1a: Avalugg\n|-resisted|p1a: Avalugg\n|-damage|p1a: Avalugg|86\/100\n|-unboost|p2a: Iron Leaves|def|1\n|-unboost|p2a: Iron Leaves|spd|1\n|move|p1a: Avalugg|Rapid Spin|p2a: Iron Leaves\n|-damage|p2a: Iron Leaves|0 fnt\n|-boost|p1a: Avalugg|spe|1\n|faint|p2a: Iron Leaves\n|-end|p2a: Iron Leaves|Quark Drive|[silent]\n|\n|-fieldend|move: Electric Terrain\n|upkeep\n|\n|t:|1701121537\n|switch|p2a: Tapu Koko|Tapu Koko, shiny|100\/100\n|-fieldstart|move: Electric Terrain|[from] ability: Electric Surge|[of] p2a: Tapu Koko\n|turn|9\n|\n|t:|1701121545\n|move|p2a: Tapu Koko|Volt Switch|p1a: Avalugg\n|-damage|p1a: Avalugg|6\/100\n|\n|t:|1701121550\n|switch|p2a: Zeraora|Zeraora|100\/100|[from] Volt Switch\n|move|p1a: Avalugg|Iron Head|p2a: Zeraora\n|-resisted|p2a: Zeraora\n|-damage|p2a: Zeraora|81\/100\n|\n|upkeep\n|turn|10\n|\n|t:|1701121583\n|move|p2a: Zeraora|Close Combat|p1a: Avalugg\n|-resisted|p1a: Avalugg\n|-damage|p1a: Avalugg|0 fnt\n|-unboost|p2a: Zeraora|def|1\n|-unboost|p2a: Zeraora|spd|1\n|faint|p1a: Avalugg\n|\n|upkeep\n|\n|t:|1701121592\n|switch|p1a: Alomomola|Alomomola, F|100\/100\n|turn|11\n|\n|t:|1701121602\n|switch|p2a: Manectric|Manectric, F, shiny|100\/100\n|move|p1a: Alomomola|Protect||[still]\n|-fail|p1a: Alomomola\n|\n|upkeep\n|turn|12\n|\n|t:|1701121609\n|switch|p1a: Camerupt|Camerupt-Mega, M, shiny|40\/100\n|detailschange|p2a: Manectric|Manectric-Mega, F, shiny\n|-mega|p2a: Manectric|Manectric|Manectite\n|-ability|p2a: Manectric|Intimidate|boost\n|-unboost|p1a: Camerupt|atk|1\n|move|p2a: Manectric|Rising Voltage|p1a: Camerupt\n|-immune|p1a: Camerupt\n|\n|upkeep\n|turn|13\n|\n|t:|1701121641\n|switch|p2a: Tapu Koko|Tapu Koko, shiny|100\/100\n|switch|p1a: Alomomola|Alomomola, F|100\/100\n|\n|upkeep\n|turn|14\n|\n|t:|1701121649\n|move|p2a: Tapu Koko|Volt Switch|p1a: Alomomola\n|-supereffective|p1a: Alomomola\n|-damage|p1a: Alomomola|6\/100\n|c|\u2606MikazukiRex_|WHHYYY\n|c|\u2606MikazukiRex_|ALWAYS 6%\n|\n|t:|1701121669\n|switch|p2a: Manectric|Manectric-Mega, F, shiny|100\/100|[from] Volt Switch\n|-ability|p2a: Manectric|Intimidate|boost\n|-unboost|p1a: Alomomola|atk|1\n|move|p1a: Alomomola|Wish|p1a: Alomomola\n|\n|-heal|p1a: Alomomola|12\/100|[from] item: Leftovers\n|upkeep\n|turn|15\n|c|\u2606MarcusTalks|5.2\n|\n|t:|1701121684\n|move|p2a: Manectric|Flamethrower|p1a: Alomomola\n|-resisted|p1a: Alomomola\n|-damage|p1a: Alomomola|0 fnt\n|faint|p1a: Alomomola\n|\n|upkeep\n|\n|t:|1701121689\n|switch|p1a: Camerupt|Camerupt-Mega, M, shiny|40\/100\n|turn|16\n|\n|t:|1701121697\n|move|p2a: Manectric|Flamethrower|p1a: Camerupt\n|-resisted|p1a: Camerupt\n|-damage|p1a: Camerupt|26\/100\n|move|p1a: Camerupt|Earth Power|p2a: Manectric\n|-supereffective|p2a: Manectric\n|-damage|p2a: Manectric|0 fnt\n|faint|p2a: Manectric\n|\n|-fieldend|move: Electric Terrain\n|upkeep\n|\n|t:|1701121706\n|switch|p2a: Zeraora|Zeraora|81\/100\n|turn|17\n|\n|t:|1701121722\n|switch|p1a: Ribombee|Ribombee, F, shiny|100\/100\n|-terastallize|p2a: Zeraora|Fighting\n|move|p2a: Zeraora|Close Combat|p1a: Ribombee\n|-resisted|p1a: Ribombee\n|-damage|p1a: Ribombee|58\/100\n|-unboost|p2a: Zeraora|def|1\n|-unboost|p2a: Zeraora|spd|1\n|\n|upkeep\n|turn|18\n|\n|t:|1701121732\n|move|p2a: Zeraora|Close Combat|p1a: Ribombee\n|-resisted|p1a: Ribombee\n|-damage|p1a: Ribombee|17\/100\n|-unboost|p2a: Zeraora|def|1\n|-unboost|p2a: Zeraora|spd|1\n|move|p1a: Ribombee|Quiver Dance|p1a: Ribombee\n|-boost|p1a: Ribombee|spa|1\n|-boost|p1a: Ribombee|spd|1\n|-boost|p1a: Ribombee|spe|1\n|\n|upkeep\n|turn|19\n|\n|t:|1701121742\n|move|p1a: Ribombee|Moonblast|p2a: Zeraora\n|-supereffective|p2a: Zeraora\n|-damage|p2a: Zeraora|0 fnt\n|faint|p2a: Zeraora\n|\n|upkeep\n|\n|t:|1701121746\n|switch|p2a: Tapu Koko|Tapu Koko, shiny|100\/100\n|-fieldstart|move: Electric Terrain|[from] ability: Electric Surge|[of] p2a: Tapu Koko\n|turn|20\n|\n|t:|1701121755\n|move|p1a: Ribombee|Moonblast|p2a: Tapu Koko\n|-damage|p2a: Tapu Koko|0 fnt\n|faint|p2a: Tapu Koko\n|\n|win|MarcusTalks\n|l|\u2606MikazukiRex_\n|c|\u2606MarcusTalks|Gg\n","uploadtime":1701121765,"views":2,"p1id":"marcustalks","p2id":"mikazukirex","formatid":"gen9nationaldex","rating":0,"private":0,"password":""}