{"id":"gen9nationaldex-1998085983","p1":"qing1fan","p2":"Theruffletkid","format":"[Gen 9] National Dex","log":"|html|<div class=\"broadcast-blue\"><strong>[Gen 9] National Dex is currently suspecting Sneasler! For information on how to participate check out the <a href=\"https:\/\/www.smogon.com\/forums\/threads\/sv-national-dex-suspect-8-just-dance.3731534\/\">suspect thread<\/a>.<\/strong><\/div>\n|j|\u2606qing1fan\n|j|\u2606Theruffletkid\n|t:|1700888963\n|gametype|singles\n|player|p1|qing1fan|dawn|1466\n|player|p2|Theruffletkid|wattson|1474\n|teamsize|p1|6\n|teamsize|p2|6\n|gen|9\n|tier|[Gen 9] National Dex\n|rated|\n|rule|HP Percentage Mod: HP is shown in percentages\n|rule|Endless Battle Clause: Forcing endless battles is banned\n|rule|OHKO Clause: OHKO moves are banned\n|rule|Evasion Clause: Evasion abilities, items, and moves are banned\n|rule|Evasion Abilities Clause: Evasion abilities are banned\n|rule|Evasion Items Clause: Evasion items are banned\n|rule|Evasion Moves Clause: Evasion moves are banned\n|rule|Species Clause: Limit one of each Pok\u00e9mon\n|rule|Sleep Clause Mod: Limit one foe put to sleep\n|clearpoke\n|poke|p1|Landorus-Therian, M|\n|poke|p1|Rillaboom, M|\n|poke|p1|Sneasler, M|\n|poke|p1|Garganacl, F|\n|poke|p1|Heatran, F|\n|poke|p1|Lopunny, M|\n|poke|p2|Toxapex, F|\n|poke|p2|Gliscor, M|\n|poke|p2|Ferrothorn, M|\n|poke|p2|Alomomola, F|\n|poke|p2|Medicham, M|\n|poke|p2|Ogerpon-Wellspring, F|\n|teampreview\n|\n|t:|1700888981\n|start\n|switch|p1a: Lopunny|Lopunny, M|100\/100\n|switch|p2a: Toxapex|Toxapex, F|100\/100\n|turn|1\n|\n|t:|1700888989\n|detailschange|p1a: Lopunny|Lopunny-Mega, M\n|-mega|p1a: Lopunny|Lopunny|Lopunnite\n|move|p1a: Lopunny|Fake Out|p2a: Toxapex\n|-damage|p2a: Toxapex|87\/100\n|cant|p2a: Toxapex|flinch\n|\n|upkeep\n|turn|2\n|\n|t:|1700888995\n|move|p1a: Lopunny|U-turn|p2a: Toxapex\n|-resisted|p2a: Toxapex\n|-damage|p2a: Toxapex|79\/100\n|\n|t:|1700888998\n|switch|p1a: Landorus|Landorus-Therian, M|100\/100|[from] U-turn\n|-ability|p1a: Landorus|Intimidate|boost\n|-unboost|p2a: Toxapex|atk|1\n|move|p2a: Toxapex|Toxic|p1a: Landorus\n|-status|p1a: Landorus|tox\n|\n|-damage|p1a: Landorus|94\/100 tox|[from] psn\n|upkeep\n|turn|3\n|\n|t:|1700889002\n|switch|p2a: Gliscor|Gliscor, M|100\/100\n|move|p1a: Landorus|Earthquake|p2a: Gliscor\n|-immune|p2a: Gliscor\n|\n|-damage|p1a: Landorus|82\/100 tox|[from] psn\n|-status|p2a: Gliscor|tox|[from] item: Toxic Orb\n|upkeep\n|turn|4\n|\n|t:|1700889012\n|switch|p2a: Ferrothorn|Ferrothorn, M|100\/100\n|move|p1a: Landorus|U-turn|p2a: Ferrothorn\n|-damage|p2a: Ferrothorn|85\/100\n|-damage|p1a: Landorus|70\/100 tox|[from] ability: Iron Barbs|[of] p2a: Ferrothorn\n|\n|t:|1700889020\n|switch|p1a: Heatran|Heatran, F|100\/100|[from] U-turn\n|\n|-heal|p2a: Ferrothorn|91\/100|[from] item: Leftovers\n|upkeep\n|turn|5\n|\n|t:|1700889033\n|switch|p2a: Alomomola|Alomomola, F|100\/100\n|move|p1a: Heatran|Stealth Rock|p2a: Alomomola\n|-sidestart|p2: Theruffletkid|move: Stealth Rock\n|\n|upkeep\n|turn|6\n|\n|t:|1700889051\n|switch|p1a: Rillaboom|Rillaboom, M|100\/100\n|-fieldstart|move: Grassy Terrain|[from] ability: Grassy Surge|[of] p1a: Rillaboom\n|move|p2a: Alomomola|Flip Turn|p1a: Rillaboom\n|-resisted|p1a: Rillaboom\n|-damage|p1a: Rillaboom|92\/100\n|\n|t:|1700889056\n|switch|p2a: Gliscor|Gliscor, M|100\/100 tox|[from] Flip Turn\n|-damage|p2a: Gliscor|88\/100 tox|[from] Stealth Rock\n|\n|-heal|p1a: Rillaboom|98\/100|[from] Grassy Terrain\n|-heal|p2a: Gliscor|100\/100 tox|[from] ability: Poison Heal\n|upkeep\n|turn|7\n|\n|t:|1700889069\n|move|p1a: Rillaboom|U-turn|p2a: Gliscor\n|-resisted|p2a: Gliscor\n|-damage|p2a: Gliscor|87\/100 tox\n|\n|t:|1700889074\n|switch|p1a: Garganacl|Garganacl, F|100\/100|[from] U-turn\n|move|p2a: Gliscor|Defog|p1a: Garganacl\n|-unboost|p1a: Garganacl|evasion|1\n|-sideend|p2: Theruffletkid|Stealth Rock|[from] move: Defog|[of] p2a: Gliscor\n|-fieldend|move: Grassy Terrain\n|\n|-heal|p2a: Gliscor|99\/100 tox|[from] ability: Poison Heal\n|upkeep\n|turn|8\n|\n|t:|1700889082\n|-terastallize|p1a: Garganacl|Water\n|move|p2a: Gliscor|Earthquake|p1a: Garganacl\n|-damage|p1a: Garganacl|78\/100\n|move|p1a: Garganacl|Salt Cure|p2a: Gliscor\n|-damage|p2a: Gliscor|89\/100 tox\n|-start|p2a: Gliscor|Salt Cure\n|\n|-heal|p1a: Garganacl|84\/100|[from] item: Leftovers\n|-heal|p2a: Gliscor|100\/100 tox|[from] ability: Poison Heal\n|-damage|p2a: Gliscor|88\/100 tox|[from] Salt Cure\n|upkeep\n|turn|9\n|\n|t:|1700889090\n|switch|p2a: Ogerpon|Ogerpon-Wellspring, F|100\/100\n|move|p1a: Garganacl|Iron Defense|p1a: Garganacl\n|-boost|p1a: Garganacl|def|2\n|\n|-heal|p1a: Garganacl|90\/100|[from] item: Leftovers\n|upkeep\n|turn|10\n|\n|t:|1700889105\n|switch|p2a: Ferrothorn|Ferrothorn, M|91\/100\n|move|p1a: Garganacl|Iron Defense|p1a: Garganacl\n|-boost|p1a: Garganacl|def|2\n|\n|-heal|p1a: Garganacl|97\/100|[from] item: Leftovers\n|-heal|p2a: Ferrothorn|97\/100|[from] item: Leftovers\n|upkeep\n|turn|11\n|\n|t:|1700889111\n|-terastallize|p2a: Ferrothorn|Ghost\n|move|p1a: Garganacl|Body Press|p2a: Ferrothorn\n|-immune|p2a: Ferrothorn\n|move|p2a: Ferrothorn|Leech Seed|p1a: Garganacl\n|-start|p1a: Garganacl|move: Leech Seed\n|\n|-heal|p1a: Garganacl|100\/100|[from] item: Leftovers\n|-heal|p2a: Ferrothorn|100\/100|[from] item: Leftovers\n|-damage|p1a: Garganacl|88\/100|[from] Leech Seed|[of] p2a: Ferrothorn\n|upkeep\n|turn|12\n|\n|t:|1700889120\n|move|p1a: Garganacl|Salt Cure|p2a: Ferrothorn\n|-damage|p2a: Ferrothorn|91\/100\n|-start|p2a: Ferrothorn|Salt Cure\n|move|p2a: Ferrothorn|Stealth Rock|p1a: Garganacl\n|-sidestart|p1: qing1fan|move: Stealth Rock\n|\n|-heal|p1a: Garganacl|94\/100|[from] item: Leftovers\n|-heal|p2a: Ferrothorn|97\/100|[from] item: Leftovers\n|-damage|p1a: Garganacl|82\/100|[from] Leech Seed|[of] p2a: Ferrothorn\n|-heal|p2a: Ferrothorn|100\/100|[silent]\n|-damage|p2a: Ferrothorn|88\/100|[from] Salt Cure\n|upkeep\n|turn|13\n|\n|t:|1700889139\n|switch|p1a: Landorus|Landorus-Therian, M|70\/100 tox\n|-damage|p1a: Landorus|58\/100 tox|[from] Stealth Rock\n|-ability|p1a: Landorus|Intimidate|boost\n|-unboost|p2a: Ferrothorn|atk|1\n|move|p2a: Ferrothorn|Power Whip|p1a: Landorus\n|-damage|p1a: Landorus|39\/100 tox\n|-damage|p2a: Ferrothorn|72\/100|[from] item: Rocky Helmet|[of] p1a: Landorus\n|\n|-heal|p2a: Ferrothorn|78\/100|[from] item: Leftovers\n|-damage|p1a: Landorus|33\/100 tox|[from] psn\n|-damage|p2a: Ferrothorn|65\/100|[from] Salt Cure\n|upkeep\n|turn|14\n|\n|t:|1700889150\n|switch|p2a: Alomomola|Alomomola, F|100\/100\n|move|p1a: Landorus|Defog|p2a: Alomomola\n|-unboost|p2a: Alomomola|evasion|1\n|-sideend|p1: qing1fan|Stealth Rock|[from] move: Defog|[of] p1a: Landorus\n|\n|-damage|p1a: Landorus|21\/100 tox|[from] psn\n|upkeep\n|turn|15\n|\n|t:|1700889155\n|switch|p1a: Garganacl|Garganacl, F, tera:Water|82\/100\n|move|p2a: Alomomola|Protect||[still]\n|-fail|p2a: Alomomola\n|\n|-heal|p1a: Garganacl|88\/100|[from] item: Leftovers\n|upkeep\n|turn|16\n|\n|t:|1700889164\n|move|p2a: Alomomola|Flip Turn|p1a: Garganacl\n|-resisted|p1a: Garganacl\n|-crit|p1a: Garganacl\n|-damage|p1a: Garganacl|79\/100\n|\n|t:|1700889166\n|switch|p2a: Ferrothorn|Ferrothorn, M, tera:Ghost|65\/100|[from] Flip Turn\n|move|p1a: Garganacl|Salt Cure|p2a: Ferrothorn\n|-crit|p2a: Ferrothorn\n|-damage|p2a: Ferrothorn|51\/100\n|-start|p2a: Ferrothorn|Salt Cure\n|\n|-heal|p1a: Garganacl|85\/100|[from] item: Leftovers\n|-heal|p2a: Ferrothorn|58\/100|[from] item: Leftovers\n|-damage|p2a: Ferrothorn|45\/100|[from] Salt Cure\n|upkeep\n|turn|17\n|\n|t:|1700889177\n|switch|p1a: Rillaboom|Rillaboom, M|98\/100\n|-fieldstart|move: Grassy Terrain|[from] ability: Grassy Surge|[of] p1a: Rillaboom\n|move|p2a: Ferrothorn|Leech Seed|p1a: Rillaboom\n|-immune|p1a: Rillaboom\n|\n|-heal|p1a: Rillaboom|100\/100|[from] Grassy Terrain\n|-heal|p2a: Ferrothorn|51\/100|[from] Grassy Terrain\n|-heal|p2a: Ferrothorn|58\/100|[from] item: Leftovers\n|-damage|p2a: Ferrothorn|45\/100|[from] Salt Cure\n|upkeep\n|turn|18\n|\n|t:|1700889186\n|switch|p2a: Gliscor|Gliscor, M|88\/100 tox\n|move|p1a: Rillaboom|Knock Off|p2a: Gliscor\n|-damage|p2a: Gliscor|50\/100 tox\n|-enditem|p2a: Gliscor|Toxic Orb|[from] move: Knock Off|[of] p1a: Rillaboom\n|\n|-heal|p2a: Gliscor|62\/100 tox|[from] ability: Poison Heal\n|upkeep\n|turn|19\n|inactive|Battle timer is ON: inactive players will automatically lose when time's up. (requested by qing1fan)\n|\n|t:|1700889195\n|switch|p1a: Garganacl|Garganacl, F, tera:Water|85\/100\n|move|p2a: Gliscor|Defog|p1a: Garganacl\n|-unboost|p1a: Garganacl|evasion|1\n|-fieldend|move: Grassy Terrain\n|\n|-heal|p1a: Garganacl|92\/100|[from] item: Leftovers\n|-heal|p2a: Gliscor|75\/100 tox|[from] ability: Poison Heal\n|upkeep\n|turn|20\n|j| naikui\n|\n|t:|1700889207\n|switch|p2a: Medicham|Medicham, M|100\/100\n|move|p1a: Garganacl|Salt Cure|p2a: Medicham\n|-resisted|p2a: Medicham\n|-damage|p2a: Medicham|88\/100\n|-start|p2a: Medicham|Salt Cure\n|\n|-heal|p1a: Garganacl|98\/100|[from] item: Leftovers\n|-damage|p2a: Medicham|76\/100|[from] Salt Cure\n|upkeep\n|turn|21\n|\n|t:|1700889216\n|detailschange|p2a: Medicham|Medicham-Mega, M\n|-mega|p2a: Medicham|Medicham|Medichamite\n|move|p2a: Medicham|Close Combat|p1a: Garganacl\n|-damage|p1a: Garganacl|28\/100\n|-unboost|p2a: Medicham|def|1\n|-unboost|p2a: Medicham|spd|1\n|move|p1a: Garganacl|Iron Defense|p1a: Garganacl\n|-boost|p1a: Garganacl|def|2\n|\n|-heal|p1a: Garganacl|34\/100|[from] item: Leftovers\n|-damage|p2a: Medicham|64\/100|[from] Salt Cure\n|upkeep\n|turn|22\n|\n|t:|1700889227\n|switch|p1a: Landorus|Landorus-Therian, M|21\/100 tox\n|-ability|p1a: Landorus|Intimidate|boost\n|-unboost|p2a: Medicham|atk|1\n|move|p2a: Medicham|Close Combat|p1a: Landorus\n|-resisted|p1a: Landorus\n|-damage|p1a: Landorus|0 fnt\n|-unboost|p2a: Medicham|def|1\n|-unboost|p2a: Medicham|spd|1\n|-damage|p2a: Medicham|47\/100|[from] item: Rocky Helmet|[of] p1a: Landorus\n|faint|p1a: Landorus\n|\n|-damage|p2a: Medicham|35\/100|[from] Salt Cure\n|upkeep\n|\n|t:|1700889230\n|switch|p1a: Lopunny|Lopunny-Mega, M|100\/100\n|turn|23\n|\n|t:|1700889233\n|switch|p2a: Toxapex|Toxapex, F|100\/100\n|move|p1a: Lopunny|Fake Out|p2a: Toxapex\n|-damage|p2a: Toxapex|88\/100\n|\n|upkeep\n|turn|24\n|\n|t:|1700889240\n|move|p1a: Lopunny|U-turn|p2a: Toxapex\n|-resisted|p2a: Toxapex\n|-damage|p2a: Toxapex|80\/100\n|\n|t:|1700889243\n|switch|p1a: Rillaboom|Rillaboom, M|100\/100|[from] U-turn\n|-fieldstart|move: Grassy Terrain|[from] ability: Grassy Surge|[of] p1a: Rillaboom\n|move|p2a: Toxapex|Scald|p1a: Rillaboom\n|-resisted|p1a: Rillaboom\n|-damage|p1a: Rillaboom|89\/100\n|\n|-heal|p1a: Rillaboom|95\/100|[from] Grassy Terrain\n|-heal|p2a: Toxapex|86\/100|[from] Grassy Terrain\n|upkeep\n|turn|25\n|\n|t:|1700889256\n|move|p1a: Rillaboom|U-turn|p2a: Toxapex\n|-resisted|p2a: Toxapex\n|-damage|p2a: Toxapex|76\/100\n|\n|t:|1700889260\n|switch|p1a: Lopunny|Lopunny-Mega, M|100\/100|[from] U-turn\n|move|p2a: Toxapex|Toxic|p1a: Lopunny\n|-status|p1a: Lopunny|tox\n|\n|-heal|p2a: Toxapex|82\/100|[from] Grassy Terrain\n|-damage|p1a: Lopunny|95\/100 tox|[from] psn\n|upkeep\n|turn|26\n|\n|t:|1700889266\n|move|p1a: Lopunny|U-turn|p2a: Toxapex\n|-resisted|p2a: Toxapex\n|-damage|p2a: Toxapex|75\/100\n|\n|t:|1700889270\n|switch|p1a: Rillaboom|Rillaboom, M|95\/100|[from] U-turn\n|move|p2a: Toxapex|Scald|p1a: Rillaboom\n|-resisted|p1a: Rillaboom\n|-damage|p1a: Rillaboom|85\/100\n|\n|-heal|p1a: Rillaboom|91\/100|[from] Grassy Terrain\n|-heal|p2a: Toxapex|81\/100|[from] Grassy Terrain\n|upkeep\n|turn|27\n|\n|t:|1700889278\n|move|p1a: Rillaboom|Knock Off|p2a: Toxapex\n|-damage|p2a: Toxapex|51\/100\n|-enditem|p2a: Toxapex|Heavy-Duty Boots|[from] move: Knock Off|[of] p1a: Rillaboom\n|move|p2a: Toxapex|Scald|p1a: Rillaboom\n|-resisted|p1a: Rillaboom\n|-damage|p1a: Rillaboom|81\/100\n|-status|p1a: Rillaboom|brn\n|\n|-heal|p1a: Rillaboom|87\/100 brn|[from] Grassy Terrain\n|-heal|p2a: Toxapex|57\/100|[from] Grassy Terrain\n|-damage|p1a: Rillaboom|81\/100 brn|[from] brn\n|upkeep\n|turn|28\n|\n|t:|1700889286\n|switch|p1a: Lopunny|Lopunny-Mega, M|95\/100 tox\n|switch|p2a: Ogerpon|Ogerpon-Wellspring, F|100\/100\n|\n|-heal|p1a: Lopunny|100\/100 tox|[from] Grassy Terrain\n|-damage|p1a: Lopunny|95\/100 tox|[from] psn\n|-fieldend|move: Grassy Terrain\n|upkeep\n|turn|29\n|\n|t:|1700889290\n|switch|p2a: Toxapex|Toxapex, F|91\/100\n|move|p1a: Lopunny|Fake Out|p2a: Toxapex\n|-damage|p2a: Toxapex|76\/100\n|\n|-damage|p1a: Lopunny|83\/100 tox|[from] psn\n|upkeep\n|turn|30\n|\n|t:|1700889297\n|move|p1a: Lopunny|U-turn|p2a: Toxapex\n|-resisted|p2a: Toxapex\n|-damage|p2a: Toxapex|69\/100\n|\n|t:|1700889300\n|switch|p1a: Rillaboom|Rillaboom, M|81\/100 brn|[from] U-turn\n|-fieldstart|move: Grassy Terrain|[from] ability: Grassy Surge|[of] p1a: Rillaboom\n|move|p2a: Toxapex|Scald|p1a: Rillaboom\n|-resisted|p1a: Rillaboom\n|-damage|p1a: Rillaboom|70\/100 brn\n|\n|-heal|p1a: Rillaboom|76\/100 brn|[from] Grassy Terrain\n|-heal|p2a: Toxapex|75\/100|[from] Grassy Terrain\n|-damage|p1a: Rillaboom|70\/100 brn|[from] brn\n|upkeep\n|turn|31\n|\n|t:|1700889305\n|move|p1a: Rillaboom|Wood Hammer|p2a: Toxapex\n|-crit|p2a: Toxapex\n|-damage|p2a: Toxapex|20\/100\n|-damage|p1a: Rillaboom|54\/100 brn|[from] Recoil\n|move|p2a: Toxapex|Scald|p1a: Rillaboom\n|-resisted|p1a: Rillaboom\n|-damage|p1a: Rillaboom|43\/100 brn\n|\n|-heal|p1a: Rillaboom|49\/100 brn|[from] Grassy Terrain\n|-heal|p2a: Toxapex|26\/100|[from] Grassy Terrain\n|-damage|p1a: Rillaboom|43\/100 brn|[from] brn\n|upkeep\n|turn|32\n|\n|t:|1700889314\n|switch|p2a: Gliscor|Gliscor, M|75\/100 tox\n|move|p1a: Rillaboom|Wood Hammer|p2a: Gliscor\n|-damage|p2a: Gliscor|31\/100 tox\n|-damage|p1a: Rillaboom|28\/100 brn|[from] Recoil\n|\n|-heal|p1a: Rillaboom|35\/100 brn|[from] Grassy Terrain\n|-heal|p2a: Gliscor|44\/100 tox|[from] ability: Poison Heal\n|-damage|p1a: Rillaboom|28\/100 brn|[from] brn\n|upkeep\n|turn|33\n|\n|t:|1700889318\n|move|p1a: Rillaboom|Wood Hammer|p2a: Gliscor\n|-damage|p2a: Gliscor|0 fnt\n|faint|p2a: Gliscor\n|-damage|p1a: Rillaboom|14\/100 brn|[from] Recoil\n|\n|-heal|p1a: Rillaboom|20\/100 brn|[from] Grassy Terrain\n|-damage|p1a: Rillaboom|14\/100 brn|[from] brn\n|upkeep\n|\n|t:|1700889322\n|switch|p2a: Medicham|Medicham-Mega, M|35\/100\n|turn|34\n|\n|t:|1700889330\n|switch|p1a: Lopunny|Lopunny-Mega, M|83\/100 tox\n|move|p2a: Medicham|Fake Out|p1a: Lopunny\n|-damage|p1a: Lopunny|52\/100 tox\n|\n|-heal|p1a: Lopunny|58\/100 tox|[from] Grassy Terrain\n|-heal|p2a: Medicham|41\/100|[from] Grassy Terrain\n|-damage|p1a: Lopunny|52\/100 tox|[from] psn\n|-fieldend|move: Grassy Terrain\n|upkeep\n|turn|35\n|\n|t:|1700889337\n|switch|p2a: Ferrothorn|Ferrothorn, M, tera:Ghost|45\/100\n|move|p1a: Lopunny|U-turn|p2a: Ferrothorn\n|-resisted|p2a: Ferrothorn\n|-damage|p2a: Ferrothorn|36\/100\n|-damage|p1a: Lopunny|40\/100 tox|[from] ability: Iron Barbs|[of] p2a: Ferrothorn\n|\n|t:|1700889345\n|switch|p1a: Garganacl|Garganacl, F, tera:Water|34\/100|[from] U-turn\n|\n|-heal|p1a: Garganacl|40\/100|[from] item: Leftovers\n|-heal|p2a: Ferrothorn|43\/100|[from] item: Leftovers\n|upkeep\n|turn|36\n|\n|t:|1700889349\n|switch|p2a: Ogerpon|Ogerpon-Wellspring, F|100\/100\n|move|p1a: Garganacl|Recover|p1a: Garganacl\n|-heal|p1a: Garganacl|90\/100\n|\n|-heal|p1a: Garganacl|96\/100|[from] item: Leftovers\n|upkeep\n|turn|37\n|\n|t:|1700889370\n|move|p2a: Ogerpon|Power Whip|p1a: Garganacl\n|-supereffective|p1a: Garganacl\n|-damage|p1a: Garganacl|0 fnt\n|faint|p1a: Garganacl\n|\n|upkeep\n|\n|t:|1700889380\n|switch|p1a: Lopunny|Lopunny-Mega, M|40\/100 tox\n|turn|38\n|\n|t:|1700889385\n|switch|p2a: Toxapex|Toxapex, F|59\/100\n|move|p1a: Lopunny|Frustration|p2a: Toxapex\n|-damage|p2a: Toxapex|28\/100\n|\n|-damage|p1a: Lopunny|34\/100 tox|[from] psn\n|upkeep\n|turn|39\n|\n|t:|1700889391\n|switch|p2a: Alomomola|Alomomola, F|100\/100\n|move|p1a: Lopunny|Frustration|p2a: Alomomola\n|-damage|p2a: Alomomola|69\/100\n|\n|-damage|p1a: Lopunny|22\/100 tox|[from] psn\n|upkeep\n|turn|40\n|\n|t:|1700889395\n|move|p2a: Alomomola|Protect|p2a: Alomomola\n|-singleturn|p2a: Alomomola|Protect\n|move|p1a: Lopunny|U-turn|p2a: Alomomola\n|-activate|p2a: Alomomola|move: Protect\n|\n|-damage|p1a: Lopunny|5\/100 tox|[from] psn\n|upkeep\n|turn|41\n|\n|t:|1700889403\n|switch|p2a: Ferrothorn|Ferrothorn, M, tera:Ghost|43\/100\n|move|p1a: Lopunny|U-turn|p2a: Ferrothorn\n|-resisted|p2a: Ferrothorn\n|-damage|p2a: Ferrothorn|35\/100\n|-damage|p1a: Lopunny|0 fnt|[from] ability: Iron Barbs|[of] p2a: Ferrothorn\n|faint|p1a: Lopunny\n|\n|-heal|p2a: Ferrothorn|41\/100|[from] item: Leftovers\n|upkeep\n|\n|t:|1700889408\n|switch|p1a: Rillaboom|Rillaboom, M|14\/100 brn\n|-fieldstart|move: Grassy Terrain|[from] ability: Grassy Surge|[of] p1a: Rillaboom\n|turn|42\n|\n|t:|1700889419\n|move|p1a: Rillaboom|Wood Hammer|p2a: Ferrothorn\n|-damage|p2a: Ferrothorn|4\/100\n|-damage|p1a: Rillaboom|1\/100 brn|[from] ability: Iron Barbs|[of] p2a: Ferrothorn\n|-damage|p1a: Rillaboom|0 fnt|[from] Recoil\n|faint|p1a: Rillaboom\n|move|p2a: Ferrothorn|Gyro Ball|p1: Rillaboom|[notarget]\n|-fail|p2a: Ferrothorn\n|\n|-heal|p2a: Ferrothorn|10\/100|[from] Grassy Terrain\n|-heal|p2a: Ferrothorn|16\/100|[from] item: Leftovers\n|upkeep\n|\n|t:|1700889423\n|switch|p1a: Sneasler|Sneasler, M|100\/100\n|-enditem|p1a: Sneasler|Grassy Seed\n|-boost|p1a: Sneasler|def|1|[from] item: Grassy Seed\n|turn|43\n|\n|t:|1700889432\n|move|p1a: Sneasler|Acrobatics|p2a: Ferrothorn\n|-damage|p2a: Ferrothorn|0 fnt\n|-damage|p1a: Sneasler|88\/100|[from] ability: Iron Barbs|[of] p2a: Ferrothorn\n|faint|p2a: Ferrothorn\n|\n|-heal|p1a: Sneasler|94\/100|[from] Grassy Terrain\n|upkeep\n|\n|t:|1700889435\n|switch|p2a: Toxapex|Toxapex, F|61\/100\n|turn|44\n|\n|t:|1700889441\n|move|p1a: Sneasler|Swords Dance|p1a: Sneasler\n|-boost|p1a: Sneasler|atk|2\n|move|p2a: Toxapex|Haze|p2a: Toxapex\n|-clearallboost\n|\n|-heal|p1a: Sneasler|99\/100|[from] Grassy Terrain\n|-heal|p2a: Toxapex|67\/100|[from] Grassy Terrain\n|upkeep\n|turn|45\n|\n|t:|1700889450\n|switch|p2a: Alomomola|Alomomola, F|100\/100\n|move|p1a: Sneasler|Acrobatics|p2a: Alomomola\n|-damage|p2a: Alomomola|78\/100\n|\n|-heal|p1a: Sneasler|100\/100|[from] Grassy Terrain\n|-heal|p2a: Alomomola|84\/100|[from] Grassy Terrain\n|upkeep\n|turn|46\n|\n|t:|1700889455\n|move|p1a: Sneasler|Swords Dance|p1a: Sneasler\n|-boost|p1a: Sneasler|atk|2\n|move|p2a: Alomomola|Flip Turn|p1a: Sneasler\n|-damage|p1a: Sneasler|74\/100\n|\n|t:|1700889461\n|switch|p2a: Toxapex|Toxapex, F|100\/100|[from] Flip Turn\n|\n|-heal|p1a: Sneasler|80\/100|[from] Grassy Terrain\n|-fieldend|move: Grassy Terrain\n|upkeep\n|turn|47\n|\n|t:|1700889468\n|move|p1a: Sneasler|Acrobatics|p2a: Toxapex\n|-damage|p2a: Toxapex|53\/100\n|move|p2a: Toxapex|Haze|p2a: Toxapex\n|-clearallboost\n|\n|upkeep\n|turn|48\n|\n|t:|1700889476\n|switch|p2a: Alomomola|Alomomola, F|100\/100\n|move|p1a: Sneasler|Dire Claw|p2a: Alomomola\n|-damage|p2a: Alomomola|76\/100\n|-status|p2a: Alomomola|psn\n|\n|-damage|p2a: Alomomola|64\/100 psn|[from] psn\n|upkeep\n|turn|49\n|j| AFSshike\n|inactive|qing1fan has 120 seconds left.\n|\n|t:|1700889506\n|move|p1a: Sneasler|Swords Dance|p1a: Sneasler\n|-boost|p1a: Sneasler|atk|2\n|move|p2a: Alomomola|Flip Turn|p1a: Sneasler\n|-damage|p1a: Sneasler|51\/100\n|\n|t:|1700889514\n|switch|p2a: Toxapex|Toxapex, F|86\/100|[from] Flip Turn\n|\n|upkeep\n|turn|50\n|l| AFSshike\n|\n|t:|1700889525\n|move|p1a: Sneasler|Dire Claw|p2a: Toxapex\n|-resisted|p2a: Toxapex\n|-damage|p2a: Toxapex|60\/100\n|move|p2a: Toxapex|Haze|p2a: Toxapex\n|-clearallboost\n|\n|upkeep\n|turn|51\n|\n|t:|1700889533\n|switch|p2a: Alomomola|Alomomola, F|97\/100 psn\n|move|p1a: Sneasler|Dire Claw|p2a: Alomomola\n|-damage|p2a: Alomomola|72\/100 psn\n|\n|-damage|p2a: Alomomola|60\/100 psn|[from] psn\n|upkeep\n|turn|52\n|\n|t:|1700889536\n|switch|p1a: Heatran|Heatran, F|100\/100\n|move|p2a: Alomomola|Flip Turn|p1a: Heatran\n|-supereffective|p1a: Heatran\n|-damage|p1a: Heatran|75\/100\n|\n|t:|1700889540\n|switch|p2a: Ogerpon|Ogerpon-Wellspring, F|100\/100|[from] Flip Turn\n|\n|-heal|p1a: Heatran|81\/100|[from] item: Leftovers\n|upkeep\n|turn|53\n|\n|t:|1700889544\n|move|p1a: Heatran|Protect|p1a: Heatran\n|-singleturn|p1a: Heatran|Protect\n|move|p2a: Ogerpon|Ivy Cudgel|p1a: Heatran|[anim] Ivy Cudgel Water\n|-activate|p1a: Heatran|move: Protect\n|\n|-heal|p1a: Heatran|88\/100|[from] item: Leftovers\n|upkeep\n|turn|54\n|\n|t:|1700889552\n|move|p2a: Ogerpon|Ivy Cudgel|p1a: Heatran|[anim] Ivy Cudgel Water\n|-supereffective|p1a: Heatran\n|-damage|p1a: Heatran|0 fnt\n|faint|p1a: Heatran\n|\n|upkeep\n|-message|qing1fan forfeited.\n|\n|win|Theruffletkid\n|raw|qing1fan's rating: 1466 &rarr; <strong>1446<\/strong><br \/>(-20 for losing)\n|raw|Theruffletkid's rating: 1474 &rarr; <strong>1494<\/strong><br \/>(+20 for winning)\n|l|\u2606qing1fan\n","uploadtime":1700889560,"views":1,"p1id":"qing1fan","p2id":"theruffletkid","formatid":"gen9nationaldex","rating":1446,"private":0,"password":""}