{"id":"gen9nationaldex-1993281246","p1":"TabiMagma","p2":"mtyqjltz6","format":"[Gen 9] National Dex","log":"|j|\u2606TabiMagma\n|j|\u2606mtyqjltz6\n|t:|1700289568\n|gametype|singles\n|player|p1|TabiMagma|elesa|1106\n|player|p2|mtyqjltz6|elesa|1159\n|teamsize|p1|6\n|teamsize|p2|6\n|gen|9\n|tier|[Gen 9] National Dex\n|rated|\n|rule|HP Percentage Mod: HP is shown in percentages\n|rule|Endless Battle Clause: Forcing endless battles is banned\n|rule|OHKO Clause: OHKO moves are banned\n|rule|Evasion Clause: Evasion abilities, items, and moves are banned\n|rule|Evasion Abilities Clause: Evasion abilities are banned\n|rule|Evasion Items Clause: Evasion items are banned\n|rule|Evasion Moves Clause: Evasion moves are banned\n|rule|Species Clause: Limit one of each Pok\u00e9mon\n|rule|Sleep Clause Mod: Limit one foe put to sleep\n|clearpoke\n|poke|p1|Azumarill, F|\n|poke|p1|Altaria, F|\n|poke|p1|Exeggutor-Alola, F|\n|poke|p1|Mightyena, F|\n|poke|p1|Arcanine, F|\n|poke|p1|Luxray, F|\n|poke|p2|Raticate, M|\n|poke|p2|Slowking-Galar, M|\n|poke|p2|Diancie|\n|poke|p2|Rillaboom, F|\n|poke|p2|Zapdos|\n|poke|p2|Blacephalon|\n|teampreview\n|inactive|Battle timer is ON: inactive players will automatically lose when time's up. (requested by TabiMagma)\n|\n|t:|1700289587\n|start\n|switch|p1a: Azumarill|Azumarill, F, shiny|100\/100\n|switch|p2a: Zapdos|Zapdos|100\/100\n|turn|1\n|\n|t:|1700289598\n|move|p2a: Zapdos|Volt Switch|p1a: Azumarill\n|-supereffective|p1a: Azumarill\n|-damage|p1a: Azumarill|28\/100\n|-enditem|p1a: Azumarill|Sitrus Berry|[eat]\n|-heal|p1a: Azumarill|53\/100|[from] item: Sitrus Berry\n|\n|t:|1700289610\n|switch|p2a: Rillaboom|Rillaboom, F|100\/100|[from] Volt Switch\n|-fieldstart|move: Grassy Terrain|[from] ability: Grassy Surge|[of] p2a: Rillaboom\n|move|p1a: Azumarill|Belly Drum|p1a: Azumarill\n|-damage|p1a: Azumarill|3\/100\n|-setboost|p1a: Azumarill|atk|6|[from] move: Belly Drum\n|\n|-heal|p1a: Azumarill|9\/100|[from] Grassy Terrain\n|upkeep\n|turn|2\n|\n|t:|1700289623\n|move|p2a: Rillaboom|Grassy Glide|p1a: Azumarill\n|-supereffective|p1a: Azumarill\n|-damage|p1a: Azumarill|0 fnt\n|faint|p1a: Azumarill\n|\n|upkeep\n|\n|t:|1700289625\n|switch|p1a: Altaria|Altaria, F, shiny|100\/100\n|turn|3\n|\n|t:|1700289631\n|switch|p2a: Slowking|Slowking-Galar, M, shiny|100\/100\n|detailschange|p1a: Altaria|Altaria-Mega, F, shiny\n|-mega|p1a: Altaria|Altaria|Altarianite\n|move|p1a: Altaria|Dragon Dance|p1a: Altaria\n|-boost|p1a: Altaria|atk|1\n|-boost|p1a: Altaria|spe|1\n|\n|upkeep\n|turn|4\n|\n|t:|1700289651\n|move|p1a: Altaria|Earthquake|p2a: Slowking\n|-supereffective|p2a: Slowking\n|-damage|p2a: Slowking|57\/100\n|move|p2a: Slowking|Thunder Wave|p1a: Altaria\n|-status|p1a: Altaria|par\n|\n|-heal|p2a: Slowking|63\/100|[from] Grassy Terrain\n|upkeep\n|turn|5\n|\n|t:|1700289660\n|switch|p1a: Mightyena|Mightyena, F, shiny|100\/100\n|move|p2a: Slowking|Sludge Bomb|p1a: Mightyena\n|-damage|p1a: Mightyena|41\/100\n|\n|-heal|p1a: Mightyena|47\/100|[from] Grassy Terrain\n|-heal|p2a: Slowking|69\/100|[from] Grassy Terrain\n|-fieldend|move: Grassy Terrain\n|upkeep\n|turn|6\n|\n|t:|1700289664\n|switch|p2a: Zapdos|Zapdos|100\/100\n|move|p1a: Mightyena|Crunch|p2a: Zapdos\n|-damage|p2a: Zapdos|65\/100\n|-damage|p1a: Mightyena|38\/100|[from] item: Life Orb\n|\n|upkeep\n|turn|7\n|\n|t:|1700289671\n|switch|p1a: Altaria|Altaria-Mega, F, shiny|100\/100 par\n|move|p2a: Zapdos|Roost|p2a: Zapdos\n|-heal|p2a: Zapdos|100\/100\n|-singleturn|p2a: Zapdos|move: Roost\n|\n|upkeep\n|turn|8\n|\n|t:|1700289676\n|move|p2a: Zapdos|Hurricane|p1a: Altaria\n|-damage|p1a: Altaria|45\/100 par\n|cant|p1a: Altaria|par\n|\n|upkeep\n|turn|9\n|\n|t:|1700289681\n|move|p2a: Zapdos|Hurricane|p1a: Altaria|[miss]\n|-miss|p2a: Zapdos|p1a: Altaria\n|move|p1a: Altaria|Dragon Dance|p1a: Altaria\n|-boost|p1a: Altaria|atk|1\n|-boost|p1a: Altaria|spe|1\n|\n|upkeep\n|turn|10\n|\n|t:|1700289687\n|move|p2a: Zapdos|Hurricane|p1a: Altaria|[miss]\n|-miss|p2a: Zapdos|p1a: Altaria\n|move|p1a: Altaria|Return|p2a: Zapdos\n|-damage|p2a: Zapdos|45\/100\n|\n|upkeep\n|turn|11\n|\n|t:|1700289698\n|move|p2a: Zapdos|Roost|p2a: Zapdos\n|-heal|p2a: Zapdos|95\/100\n|-singleturn|p2a: Zapdos|move: Roost\n|move|p1a: Altaria|Return|p2a: Zapdos\n|-damage|p2a: Zapdos|35\/100\n|\n|upkeep\n|turn|12\n|\n|t:|1700289712\n|switch|p2a: Rillaboom|Rillaboom, F|100\/100\n|-fieldstart|move: Grassy Terrain|[from] ability: Grassy Surge|[of] p2a: Rillaboom\n|cant|p1a: Altaria|par\n|\n|-heal|p1a: Altaria|51\/100 par|[from] Grassy Terrain\n|upkeep\n|turn|13\n|\n|t:|1700289741\n|move|p2a: Rillaboom|U-turn|p1a: Altaria\n|-resisted|p1a: Altaria\n|-crit|p1a: Altaria\n|-damage|p1a: Altaria|20\/100 par\n|\n|t:|1700289746\n|switch|p2a: Slowking|Slowking-Galar, M, shiny|100\/100|[from] U-turn\n|move|p1a: Altaria|Return|p2a: Slowking\n|-resisted|p2a: Slowking\n|-damage|p2a: Slowking|57\/100\n|\n|-heal|p1a: Altaria|26\/100 par|[from] Grassy Terrain\n|-heal|p2a: Slowking|63\/100|[from] Grassy Terrain\n|upkeep\n|turn|14\n|\n|t:|1700289757\n|move|p1a: Altaria|Dragon Dance|p1a: Altaria\n|-boost|p1a: Altaria|atk|1\n|-boost|p1a: Altaria|spe|1\n|move|p2a: Slowking|Sludge Bomb|p1a: Altaria\n|-supereffective|p1a: Altaria\n|-damage|p1a: Altaria|0 fnt\n|faint|p1a: Altaria\n|\n|-heal|p2a: Slowking|69\/100|[from] Grassy Terrain\n|upkeep\n|\n|t:|1700289763\n|switch|p1a: Mightyena|Mightyena, F, shiny|38\/100\n|turn|15\n|\n|t:|1700289771\n|switch|p2a: Diancie|Diancie, shiny|100\/100\n|move|p1a: Mightyena|Crunch|p2a: Diancie\n|-resisted|p2a: Diancie\n|-damage|p2a: Diancie|78\/100\n|-damage|p1a: Mightyena|28\/100|[from] item: Life Orb\n|\n|-heal|p1a: Mightyena|34\/100|[from] Grassy Terrain\n|-heal|p2a: Diancie|84\/100|[from] Grassy Terrain\n|upkeep\n|turn|16\n|\n|t:|1700289795\n|move|p1a: Mightyena|Play Rough|p2a: Diancie\n|-damage|p2a: Diancie|52\/100\n|-damage|p1a: Mightyena|24\/100|[from] item: Life Orb\n|move|p2a: Diancie|Stealth Rock|p1a: Mightyena\n|-sidestart|p1: TabiMagma|move: Stealth Rock\n|\n|-heal|p1a: Mightyena|30\/100|[from] Grassy Terrain\n|-heal|p2a: Diancie|58\/100|[from] Grassy Terrain\n|-fieldend|move: Grassy Terrain\n|upkeep\n|turn|17\n|\n|t:|1700289809\n|detailschange|p2a: Diancie|Diancie-Mega, shiny\n|-mega|p2a: Diancie|Diancie|Diancite\n|move|p2a: Diancie|Moonblast|p1a: Mightyena\n|-supereffective|p1a: Mightyena\n|-damage|p1a: Mightyena|0 fnt\n|faint|p1a: Mightyena\n|\n|upkeep\n|\n|t:|1700289825\n|switch|p1a: Arcanine|Arcanine, F, shiny|100\/100\n|-ability|p1a: Arcanine|Intimidate|boost\n|-unboost|p2a: Diancie|atk|1\n|turn|18\n|\n|t:|1700289833\n|move|p2a: Diancie|Earth Power|p1a: Arcanine\n|-supereffective|p1a: Arcanine\n|-damage|p1a: Arcanine|5\/100\n|move|p1a: Arcanine|Flare Blitz|p2a: Diancie\n|-resisted|p2a: Diancie\n|-damage|p2a: Diancie|20\/100\n|-damage|p1a: Arcanine|0 fnt|[from] Recoil\n|faint|p1a: Arcanine\n|\n|upkeep\n|-message|TabiMagma forfeited.\n|\n|win|mtyqjltz6\n|raw|TabiMagma's rating: 1106 &rarr; <strong>1085<\/strong><br \/>(-21 for losing)\n|raw|mtyqjltz6's rating: 1159 &rarr; <strong>1180<\/strong><br \/>(+21 for winning)\n|l|\u2606TabiMagma\n","uploadtime":1700289853,"views":20,"p1id":"tabimagma","p2id":"mtyqjltz6","formatid":"gen9nationaldex","rating":1085,"private":0,"password":""}