{"id":"gen9nationaldex-1992787214","p1":"Oknowthisispower","p2":"The_Matouflamme","format":"[Gen 9] National Dex","log":"|j|\u2606Oknowthisispower\n|j|\u2606The_Matouflamme\n|t:|1700235409\n|gametype|singles\n|player|p1|Oknowthisispower|veteran|1191\n|player|p2|The_Matouflamme|richboy|1217\n|teamsize|p1|6\n|teamsize|p2|6\n|gen|9\n|tier|[Gen 9] National Dex\n|rated|\n|rule|HP Percentage Mod: HP is shown in percentages\n|rule|Endless Battle Clause: Forcing endless battles is banned\n|rule|OHKO Clause: OHKO moves are banned\n|rule|Evasion Clause: Evasion abilities, items, and moves are banned\n|rule|Evasion Abilities Clause: Evasion abilities are banned\n|rule|Evasion Items Clause: Evasion items are banned\n|rule|Evasion Moves Clause: Evasion moves are banned\n|rule|Species Clause: Limit one of each Pok\u00e9mon\n|rule|Sleep Clause Mod: Limit one foe put to sleep\n|clearpoke\n|poke|p1|Charizard, F|\n|poke|p1|Rillaboom, M|\n|poke|p1|Tapu Koko|\n|poke|p1|Heatran, F|\n|poke|p1|Gliscor, F|\n|poke|p1|Sneasler, M|\n|poke|p2|Gliscor, M|\n|poke|p2|Slither Wing|\n|poke|p2|Great Tusk|\n|poke|p2|Heatran, M|\n|poke|p2|Volcarona, F|\n|poke|p2|Charizard, M|\n|teampreview\n|inactive|Battle timer is ON: inactive players will automatically lose when time's up. (requested by The_Matouflamme)\n|inactive|Oknowthisispower also wants the timer to be on.\n|\n|t:|1700235415\n|start\n|switch|p1a: Tapu Koko|Tapu Koko|100\/100\n|switch|p2a: Gliscor|Gliscor, M|100\/100\n|-fieldstart|move: Electric Terrain|[from] ability: Electric Surge|[of] p1a: Tapu Koko\n|turn|1\n|\n|t:|1700235422\n|switch|p1a: Sneasler|Sneasler, M|100\/100\n|-enditem|p1a: Sneasler|Electric Seed\n|-boost|p1a: Sneasler|def|1|[from] item: Electric Seed\n|move|p2a: Gliscor|Spikes|p1a: Sneasler\n|-sidestart|p1: Oknowthisispower|Spikes\n|\n|-status|p2a: Gliscor|tox|[from] item: Toxic Orb\n|upkeep\n|turn|2\n|\n|t:|1700235432\n|-terastallize|p1a: Sneasler|Flying\n|move|p1a: Sneasler|Swords Dance|p1a: Sneasler\n|-boost|p1a: Sneasler|atk|2\n|move|p2a: Gliscor|Tailwind|p2a: Gliscor\n|-sidestart|p2: The_Matouflamme|move: Tailwind\n|\n|upkeep\n|turn|3\n|inactive|Oknowthisispower has 120 seconds left.\n|\n|t:|1700235472\n|move|p1a: Sneasler|Acrobatics|p2a: Gliscor\n|-damage|p2a: Gliscor|32\/100 tox\n|move|p2a: Gliscor|U-turn|p1a: Sneasler\n|-resisted|p1a: Sneasler\n|-damage|p1a: Sneasler|93\/100\n|\n|t:|1700235489\n|switch|p2a: Charizard|Charizard, M|100\/100|[from] U-turn\n|\n|upkeep\n|turn|4\n|c|\u2606The_Matouflamme|i don't have any switch in\n|\n|t:|1700235504\n|detailschange|p2a: Charizard|Charizard-Mega-Y, M\n|-mega|p2a: Charizard|Charizard|Charizardite Y\n|-weather|SunnyDay|[from] ability: Drought|[of] p2a: Charizard\n|move|p1a: Sneasler|Protect|p1a: Sneasler\n|-singleturn|p1a: Sneasler|Protect\n|move|p2a: Charizard|Flamethrower|p1a: Sneasler\n|-activate|p1a: Sneasler|move: Protect\n|\n|-weather|SunnyDay|[upkeep]\n|upkeep\n|turn|5\n|\n|t:|1700235513\n|move|p2a: Charizard|Flamethrower|p1a: Sneasler\n|-damage|p1a: Sneasler|0 fnt\n|faint|p1a: Sneasler\n|\n|-weather|SunnyDay|[upkeep]\n|-sideend|p2: The_Matouflamme|move: Tailwind\n|-fieldend|move: Electric Terrain\n|upkeep\n|\n|t:|1700235517\n|switch|p1a: Tapu Koko|Tapu Koko|100\/100\n|-damage|p1a: Tapu Koko|88\/100|[from] Spikes\n|-fieldstart|move: Electric Terrain|[from] ability: Electric Surge|[of] p1a: Tapu Koko\n|turn|6\n|\n|t:|1700235525\n|switch|p2a: Gliscor|Gliscor, M|32\/100 tox\n|move|p1a: Tapu Koko|Dazzling Gleam|p2a: Gliscor\n|-damage|p2a: Gliscor|0 fnt\n|faint|p2a: Gliscor\n|\n|-weather|SunnyDay|[upkeep]\n|upkeep\n|\n|t:|1700235532\n|switch|p2a: Heatran|Heatran, M|100\/100\n|turn|7\n|\n|t:|1700235537\n|switch|p1a: Gliscor|Gliscor, F|100\/100\n|move|p2a: Heatran|Magma Storm|p1a: Gliscor|[miss]\n|-miss|p2a: Heatran|p1a: Gliscor\n|\n|-weather|SunnyDay|[upkeep]\n|-status|p1a: Gliscor|tox|[from] item: Toxic Orb\n|upkeep\n|turn|8\n|\n|t:|1700235546\n|-terastallize|p2a: Heatran|Grass\n|move|p2a: Heatran|Eruption|p1a: Gliscor\n|-damage|p1a: Gliscor|0 fnt\n|faint|p1a: Gliscor\n|\n|-weather|none\n|upkeep\n|c|\u2606The_Matouflamme|Why i tera\n|c|\u2606The_Matouflamme|I'm so dumb\n|\n|t:|1700235570\n|switch|p1a: Tapu Koko|Tapu Koko|88\/100\n|-damage|p1a: Tapu Koko|76\/100|[from] Spikes\n|turn|9\n|\n|t:|1700235582\n|move|p1a: Tapu Koko|Dazzling Gleam|p2a: Heatran\n|-damage|p2a: Heatran|65\/100\n|move|p2a: Heatran|Earth Power|p1a: Tapu Koko\n|-supereffective|p1a: Tapu Koko\n|-damage|p1a: Tapu Koko|0 fnt\n|faint|p1a: Tapu Koko\n|\n|-heal|p2a: Heatran|71\/100|[from] item: Leftovers\n|upkeep\n|c|\u2606Oknowthisispower|Damn\n|c|\u2606Oknowthisispower|That tera was good\n|c|\u2606Oknowthisispower|I cant hit you with fire due to your ability\n|inactive|Oknowthisispower has 120 seconds left.\n|c|\u2606Oknowthisispower|And my tapu cant use electric attacks\n|c|\u2606The_Matouflamme|yes, that why i use it\n|\n|t:|1700235618\n|switch|p1a: Heatran|Heatran, F|100\/100\n|-damage|p1a: Heatran|88\/100|[from] Spikes\n|turn|10\n|c|\u2606Oknowthisispower|This is the only thing i can do\n|\n|t:|1700235631\n|switch|p2a: Charizard|Charizard-Mega-Y, M|100\/100\n|-weather|SunnyDay|[from] ability: Drought|[of] p2a: Charizard\n|move|p1a: Heatran|Toxic|p2a: Charizard\n|-status|p2a: Charizard|tox\n|\n|-weather|SunnyDay|[upkeep]\n|-damage|p2a: Charizard|94\/100 tox|[from] psn\n|-fieldend|move: Electric Terrain\n|upkeep\n|turn|11\n|\n|t:|1700235642\n|switch|p1a: Charizard|Charizard, F|100\/100\n|move|p2a: Charizard|Scorching Sands|p1a: Charizard\n|-immune|p1a: Charizard\n|\n|-weather|SunnyDay|[upkeep]\n|-damage|p1a: Charizard|88\/100|[from] ability: Solar Power|[of] p1a: Charizard\n|-damage|p2a: Charizard|82\/100 tox|[from] psn\n|upkeep\n|turn|12\n|\n|t:|1700235657\n|switch|p2a: Volcarona|Volcarona, F|100\/100\n|move|p1a: Charizard|Weather Ball|p2a: Volcarona\n|-damage|p2a: Volcarona|5\/100\n|\n|-weather|SunnyDay|[upkeep]\n|-damage|p1a: Charizard|76\/100|[from] ability: Solar Power|[of] p1a: Charizard\n|upkeep\n|turn|13\n|c|\u2606The_Matouflamme|arf\n|\n|t:|1700235669\n|move|p1a: Charizard|Weather Ball|p2a: Volcarona\n|-damage|p2a: Volcarona|0 fnt\n|faint|p2a: Volcarona\n|\n|-weather|SunnyDay|[upkeep]\n|-damage|p1a: Charizard|63\/100|[from] ability: Solar Power|[of] p1a: Charizard\n|upkeep\n|c|\u2606Oknowthisispower|I mega soon\n|\n|t:|1700235685\n|switch|p2a: Slither Wing|Slither Wing|100\/100\n|-activate|p2a: Slither Wing|ability: Protosynthesis\n|-start|p2a: Slither Wing|protosynthesisatk\n|turn|14\n|\n|t:|1700235689\n|detailschange|p1a: Charizard|Charizard-Mega-Y, F\n|-mega|p1a: Charizard|Charizard|Charizardite Y\n|move|p2a: Slither Wing|First Impression|p1a: Charizard\n|-resisted|p1a: Charizard\n|-damage|p1a: Charizard|42\/100\n|move|p1a: Charizard|Weather Ball|p2a: Slither Wing\n|-supereffective|p2a: Slither Wing\n|-damage|p2a: Slither Wing|0 fnt\n|faint|p2a: Slither Wing\n|-end|p2a: Slither Wing|Protosynthesis|[silent]\n|\n|-weather|none\n|upkeep\n|\n|t:|1700235700\n|switch|p2a: Heatran|Heatran, M, tera:Grass|71\/100\n|turn|15\n|\n|t:|1700235707\n|switch|p1a: Heatran|Heatran, F|88\/100\n|-damage|p1a: Heatran|76\/100|[from] Spikes\n|move|p2a: Heatran|Eruption|p1a: Heatran\n|-start|p1a: Heatran|ability: Flash Fire\n|\n|-heal|p2a: Heatran|77\/100|[from] item: Leftovers\n|upkeep\n|turn|16\n|c|\u2606The_Matouflamme|mssclick lol\n|c|\u2606Oknowthisispower|Ye\n|c|\u2606Oknowthisispower|It wouldnt have killed either\n|inactive|The_Matouflamme has 120 seconds left.\n|c|\u2606The_Matouflamme|i want to use heartforce (idk what is he english name lmao)\n|\n|t:|1700235749\n|switch|p2a: Charizard|Charizard-Mega-Y, M|82\/100 tox\n|-weather|SunnyDay|[from] ability: Drought|[of] p2a: Charizard\n|move|p1a: Heatran|Toxic|p2a: Charizard|[miss]\n|-miss|p1a: Heatran|p2a: Charizard\n|\n|-weather|SunnyDay|[upkeep]\n|-damage|p2a: Charizard|76\/100 tox|[from] psn\n|upkeep\n|turn|17\n|\n|t:|1700235757\n|move|p2a: Charizard|Scorching Sands|p1a: Heatran\n|-supereffective|p1a: Heatran\n|-damage|p1a: Heatran|0 fnt\n|faint|p1a: Heatran\n|\n|-weather|SunnyDay|[upkeep]\n|-damage|p2a: Charizard|64\/100 tox|[from] psn\n|upkeep\n|c|\u2606The_Matouflamme|Okay\n|\n|t:|1700235763\n|switch|p1a: Charizard|Charizard-Mega-Y, F|42\/100\n|turn|18\n|c|\u2606The_Matouflamme|GG\n|\n|t:|1700235769\n|move|p1a: Charizard|Scorching Sands|p2a: Charizard\n|-immune|p2a: Charizard\n|move|p2a: Charizard|Flamethrower|p1a: Charizard\n|-resisted|p1a: Charizard\n|-damage|p1a: Charizard|0 fnt\n|faint|p1a: Charizard\n|\n|-weather|SunnyDay|[upkeep]\n|-damage|p2a: Charizard|46\/100 tox|[from] psn\n|upkeep\n|c|\u2606Oknowthisispower|...\n|c|\u2606The_Matouflamme|Mssclick ?\n|c|\u2606Oknowthisispower|I rlly thought you would swap to not get hit by weather\n|c|\u2606Oknowthisispower|Ball\n|c|\u2606Oknowthisispower|Nah, i was predicting heatran\n|inactive|Oknowthisispower has 120 seconds left.\n|c|\u2606Oknowthisispower|To tank the fire hit\n|c|\u2606The_Matouflamme|If i die i have my oast donphan for kill you\n|c|\u2606Oknowthisispower|Heatran is imune to fiee due to its ability\n|\n|t:|1700235828\n|switch|p1a: Rillaboom|Rillaboom, M|100\/100\n|-damage|p1a: Rillaboom|88\/100|[from] Spikes\n|-fieldstart|move: Grassy Terrain|[from] ability: Grassy Surge|[of] p1a: Rillaboom\n|turn|19\n|c|\u2606The_Matouflamme|Nah, i was predicting heatran ; oh\n|c|\u2606The_Matouflamme|Heatran is imune to fiee due to its ability : i know\n|\n|t:|1700235844\n|move|p1a: Rillaboom|Grassy Glide|p2a: Charizard\n|-resisted|p2a: Charizard\n|-damage|p2a: Charizard|28\/100 tox\n|move|p2a: Charizard|Flamethrower|p1a: Rillaboom\n|-supereffective|p1a: Rillaboom\n|-damage|p1a: Rillaboom|0 fnt\n|faint|p1a: Rillaboom\n|\n|win|The_Matouflamme\n|raw|Oknowthisispower's rating: 1191 &rarr; <strong>1168<\/strong><br \/>(-23 for losing)\n|raw|The_Matouflamme's rating: 1217 &rarr; <strong>1240<\/strong><br \/>(+23 for winning)\n|c|\u2606Oknowthisispower|I see\n|c|\u2606Oknowthisispower|Ggs, you got me\n|l|\u2606Oknowthisispower\n|c|\u2606The_Matouflamme|GG\n","uploadtime":1700235857,"views":15,"p1id":"oknowthisispower","p2id":"thematouflamme","formatid":"gen9nationaldex","rating":1168,"private":0,"password":""}