{"id":"gen9nationaldex-1996802966","p1":"21gege","p2":"vladisfaction","format":"[Gen 9] National Dex","log":"|html|<div class=\"broadcast-blue\"><strong>[Gen 9] National Dex is currently suspecting Sneasler! For information on how to participate check out the <a href=\"https:\/\/www.smogon.com\/forums\/threads\/sv-national-dex-suspect-8-just-dance.3731534\/\">suspect thread<\/a>.<\/strong><\/div>\n|j|\u260621gege\n|j|\u2606vladisfaction\n|t:|1700727832\n|gametype|singles\n|player|p1|21gege|youngcouple-gen4dp|1471\n|player|p2|vladisfaction|1|1429\n|teamsize|p1|6\n|teamsize|p2|6\n|gen|9\n|tier|[Gen 9] National Dex\n|rated|\n|rule|HP Percentage Mod: HP is shown in percentages\n|rule|Endless Battle Clause: Forcing endless battles is banned\n|rule|OHKO Clause: OHKO moves are banned\n|rule|Evasion Clause: Evasion abilities, items, and moves are banned\n|rule|Evasion Abilities Clause: Evasion abilities are banned\n|rule|Evasion Items Clause: Evasion items are banned\n|rule|Evasion Moves Clause: Evasion moves are banned\n|rule|Species Clause: Limit one of each Pok\u00e9mon\n|rule|Sleep Clause Mod: Limit one foe put to sleep\n|clearpoke\n|poke|p1|Garchomp, F|\n|poke|p1|Ogerpon-Wellspring, F|\n|poke|p1|Mimikyu, M|\n|poke|p1|Iron Valiant|\n|poke|p1|Scizor, M|\n|poke|p1|Dragonite, M|\n|poke|p2|Samurott-Hisui, M|\n|poke|p2|Gliscor, F|\n|poke|p2|Venusaur, M|\n|poke|p2|Skeledirge, F|\n|poke|p2|Blissey, F|\n|poke|p2|Slowbro, F|\n|teampreview\n|\n|t:|1700727846\n|start\n|switch|p1a: Iron Valiant|Iron Valiant|100\/100\n|switch|p2a: Venice|Gliscor, F|100\/100\n|-enditem|p1a: Iron Valiant|Booster Energy\n|-activate|p1a: Iron Valiant|ability: Quark Drive|[fromitem]\n|-start|p1a: Iron Valiant|quarkdrivespe\n|turn|1\n|\n|t:|1700727852\n|move|p1a: Iron Valiant|Moonblast|p2a: Venice\n|-damage|p2a: Venice|59\/100\n|move|p2a: Venice|Toxic|p1a: Iron Valiant\n|-status|p1a: Iron Valiant|tox\n|\n|-damage|p1a: Iron Valiant|94\/100 tox|[from] psn\n|-status|p2a: Venice|tox|[from] item: Toxic Orb\n|upkeep\n|turn|2\n|\n|t:|1700727859\n|move|p1a: Iron Valiant|Moonblast|p2a: Venice\n|-damage|p2a: Venice|22\/100 tox\n|move|p2a: Venice|Roost|p2a: Venice\n|-heal|p2a: Venice|72\/100 tox\n|-singleturn|p2a: Venice|move: Roost\n|\n|-damage|p1a: Iron Valiant|82\/100 tox|[from] psn\n|-heal|p2a: Venice|84\/100 tox|[from] ability: Poison Heal\n|upkeep\n|turn|3\n|\n|t:|1700727864\n|move|p1a: Iron Valiant|Moonblast|p2a: Venice\n|-damage|p2a: Venice|45\/100 tox\n|move|p2a: Venice|Stealth Rock|p1a: Iron Valiant\n|-sidestart|p1: 21gege|move: Stealth Rock\n|\n|-damage|p1a: Iron Valiant|63\/100 tox|[from] psn\n|-heal|p2a: Venice|57\/100 tox|[from] ability: Poison Heal\n|upkeep\n|turn|4\n|\n|t:|1700727873\n|-end|p1a: Iron Valiant|Quark Drive|[silent]\n|switch|p1a: Ogerpon|Ogerpon-Wellspring, F|100\/100\n|-damage|p1a: Ogerpon|88\/100|[from] Stealth Rock\n|move|p2a: Venice|Roost|p2a: Venice\n|-heal|p2a: Venice|100\/100 tox\n|-singleturn|p2a: Venice|move: Roost\n|\n|upkeep\n|turn|5\n|\n|t:|1700727888\n|switch|p2a: Gorf|Venusaur, M, shiny|100\/100\n|-terastallize|p1a: Ogerpon|Water\n|detailschange|p1a: Ogerpon|Ogerpon-Wellspring-Tera, F, tera:Water\n|-ability|p1a: Ogerpon|Embody Aspect (Wellspring)|boost\n|-boost|p1a: Ogerpon|spd|1\n|move|p1a: Ogerpon|Ivy Cudgel|p2a: Gorf|[anim] Ivy Cudgel Water\n|-resisted|p2a: Gorf\n|-crit|p2a: Gorf\n|-damage|p2a: Gorf|52\/100\n|\n|upkeep\n|turn|6\n|\n|t:|1700727910\n|switch|p1a: Garchomp|Garchomp, F|100\/100\n|-damage|p1a: Garchomp|94\/100|[from] Stealth Rock\n|detailschange|p2a: Gorf|Venusaur-Mega, M, shiny\n|-mega|p2a: Gorf|Venusaur|Venusaurite\n|move|p2a: Gorf|Giga Drain|p1a: Garchomp\n|-damage|p1a: Garchomp|63\/100\n|-heal|p2a: Gorf|68\/100|[from] drain|[of] p1a: Garchomp\n|\n|upkeep\n|turn|7\n|\n|t:|1700727923\n|-zpower|p1a: Garchomp\n|move|p1a: Garchomp|Devastating Drake|p2a: Gorf|[zeffect]\n|-damage|p2a: Gorf|5\/100\n|move|p2a: Gorf|Synthesis|p2a: Gorf\n|-heal|p2a: Gorf|55\/100\n|\n|upkeep\n|turn|8\n|\n|t:|1700727930\n|move|p1a: Garchomp|Swords Dance|p1a: Garchomp\n|-boost|p1a: Garchomp|atk|2\n|move|p2a: Gorf|Synthesis|p2a: Gorf\n|-heal|p2a: Gorf|100\/100\n|\n|upkeep\n|turn|9\n|\n|t:|1700727943\n|switch|p2a: Slowbro|Slowbro, F, shiny|100\/100\n|move|p1a: Garchomp|Swords Dance|p1a: Garchomp\n|-boost|p1a: Garchomp|atk|2\n|\n|upkeep\n|turn|10\n|\n|t:|1700727952\n|move|p1a: Garchomp|Outrage|p2a: Slowbro\n|-damage|p2a: Slowbro|0 fnt\n|faint|p2a: Slowbro\n|\n|upkeep\n|inactive|Battle timer is ON: inactive players will automatically lose when time's up. (requested by 21gege)\n|\n|t:|1700727964\n|switch|p2a: Big Mom|Blissey, F|100\/100\n|turn|11\n|\n|t:|1700727966\n|-terastallize|p2a: Big Mom|Fairy\n|move|p1a: Garchomp|Outrage|p2a: Big Mom|[from]lockedmove\n|-immune|p2a: Big Mom\n|-start|p1a: Garchomp|confusion|[fatigue]\n|move|p2a: Big Mom|Toxic|p1a: Garchomp\n|-status|p1a: Garchomp|tox\n|\n|-damage|p1a: Garchomp|57\/100 tox|[from] psn\n|upkeep\n|turn|12\n|\n|t:|1700727974\n|-activate|p1a: Garchomp|confusion\n|-damage|p1a: Garchomp|13\/100 tox|[from] confusion\n|move|p2a: Big Mom|Seismic Toss|p1a: Garchomp\n|-damage|p1a: Garchomp|0 fnt\n|-damage|p2a: Big Mom|88\/100|[from] ability: Rough Skin|[of] p1a: Garchomp\n|faint|p1a: Garchomp\n|\n|upkeep\n|\n|t:|1700727984\n|switch|p1a: Scizor|Scizor, M, shiny|100\/100\n|-damage|p1a: Scizor|88\/100|[from] Stealth Rock\n|turn|13\n|\n|t:|1700727992\n|detailschange|p1a: Scizor|Scizor-Mega, M, shiny\n|-mega|p1a: Scizor|Scizor|Scizorite\n|move|p2a: Big Mom|Protect|p2a: Big Mom\n|-singleturn|p2a: Big Mom|Protect\n|move|p1a: Scizor|Swords Dance|p1a: Scizor\n|-boost|p1a: Scizor|atk|2\n|\n|upkeep\n|turn|14\n|\n|t:|1700727996\n|switch|p2a: California|Skeledirge, F|100\/100\n|move|p1a: Scizor|Bullet Punch|p2a: California\n|-resisted|p2a: California\n|-damage|p2a: California|90\/100\n|\n|upkeep\n|turn|15\n|\n|t:|1700728007\n|switch|p1a: Ogerpon|Ogerpon-Wellspring-Tera, F, tera:Water|88\/100\n|-damage|p1a: Ogerpon|76\/100|[from] Stealth Rock\n|-ability|p1a: Ogerpon|Embody Aspect (Wellspring)|boost\n|-boost|p1a: Ogerpon|spd|1\n|move|p2a: California|Will-O-Wisp|p1a: Ogerpon\n|-status|p1a: Ogerpon|brn\n|\n|-damage|p1a: Ogerpon|70\/100 brn|[from] brn\n|upkeep\n|turn|16\n|\n|t:|1700728016\n|switch|p2a: Gorf|Venusaur-Mega, M, shiny|100\/100\n|move|p1a: Ogerpon|Swords Dance|p1a: Ogerpon\n|-boost|p1a: Ogerpon|atk|2\n|\n|-damage|p1a: Ogerpon|64\/100 brn|[from] brn\n|upkeep\n|turn|17\n|\n|t:|1700728034\n|switch|p1a: Dragonite|Dragonite, M|100\/100\n|-damage|p1a: Dragonite|76\/100|[from] Stealth Rock\n|move|p2a: Gorf|Giga Drain|p1a: Dragonite\n|-resisted|p1a: Dragonite\n|-damage|p1a: Dragonite|69\/100\n|\n|upkeep\n|turn|18\n|\n|t:|1700728046\n|switch|p2a: Venice|Gliscor, F|100\/100 tox\n|move|p1a: Dragonite|Dual Wingbeat|p2a: Venice\n|-damage|p2a: Venice|70\/100 tox\n|-damage|p2a: Venice|42\/100 tox\n|-hitcount|p2a: Venice|2\n|\n|-heal|p2a: Venice|55\/100 tox|[from] ability: Poison Heal\n|upkeep\n|turn|19\n|\n|t:|1700728056\n|move|p2a: Venice|Toxic|p1a: Dragonite\n|-status|p1a: Dragonite|tox\n|move|p1a: Dragonite|Dual Wingbeat|p2a: Venice\n|-damage|p2a: Venice|27\/100 tox\n|-damage|p2a: Venice|0 fnt\n|faint|p2a: Venice\n|-hitcount|p2: Venice|2\n|\n|-damage|p1a: Dragonite|63\/100 tox|[from] psn\n|upkeep\n|\n|t:|1700728066\n|switch|p2a: California|Skeledirge, F|90\/100\n|turn|20\n|\n|t:|1700728074\n|switch|p1a: Ogerpon|Ogerpon-Wellspring-Tera, F, tera:Water|64\/100 brn\n|-damage|p1a: Ogerpon|52\/100 brn|[from] Stealth Rock\n|-ability|p1a: Ogerpon|Embody Aspect (Wellspring)|boost\n|-boost|p1a: Ogerpon|spd|1\n|move|p2a: California|Hex|p1a: Ogerpon\n|-damage|p1a: Ogerpon|0 fnt\n|faint|p1a: Ogerpon\n|\n|upkeep\n|\n|t:|1700728079\n|switch|p1a: Iron Valiant|Iron Valiant|63\/100 tox\n|-damage|p1a: Iron Valiant|57\/100 tox|[from] Stealth Rock\n|turn|21\n|inactive|21gege has 120 seconds left.\n|\n|t:|1700728111\n|move|p1a: Iron Valiant|Moonblast|p2a: California\n|-resisted|p2a: California\n|-damage|p2a: California|63\/100\n|move|p2a: California|Hex|p1a: Iron Valiant\n|-damage|p1a: Iron Valiant|0 fnt\n|faint|p1a: Iron Valiant\n|-end|p1a: Iron Valiant|Quark Drive|[silent]\n|\n|upkeep\n|inactive|21gege has 120 seconds left.\n|\n|t:|1700728117\n|switch|p1a: Dragonite|Dragonite, M|63\/100 tox\n|-damage|p1a: Dragonite|38\/100 tox|[from] Stealth Rock\n|turn|22\n|\n|t:|1700728121\n|move|p1a: Dragonite|Earthquake|p2a: California\n|-supereffective|p2a: California\n|-damage|p2a: California|0 fnt\n|faint|p2a: California\n|\n|-damage|p1a: Dragonite|32\/100 tox|[from] psn\n|upkeep\n|\n|t:|1700728125\n|switch|p2a: Vrazy|Samurott-Hisui, M, shiny|100\/100\n|turn|23\n|\n|t:|1700728128\n|switch|p1a: Scizor|Scizor-Mega, M, shiny|88\/100\n|-damage|p1a: Scizor|76\/100|[from] Stealth Rock\n|move|p2a: Vrazy|Ceaseless Edge|p1a: Scizor\n|-damage|p1a: Scizor|42\/100\n|-sidestart|p1: 21gege|Spikes\n|\n|upkeep\n|turn|24\n|\n|t:|1700728137\n|switch|p2a: Gorf|Venusaur-Mega, M, shiny|100\/100\n|move|p1a: Scizor|Swords Dance|p1a: Scizor\n|-boost|p1a: Scizor|atk|2\n|\n|upkeep\n|turn|25\n|\n|t:|1700728139\n|move|p2a: Gorf|Hidden Power|p1a: Scizor\n|-supereffective|p1a: Scizor\n|-damage|p1a: Scizor|0 fnt\n|faint|p1a: Scizor\n|\n|upkeep\n|\n|t:|1700728142\n|switch|p1a: Dragonite|Dragonite, M|32\/100 tox\n|-damage|p1a: Dragonite|7\/100 tox|[from] Stealth Rock\n|turn|26\n|\n|t:|1700728149\n|move|p2a: Gorf|Synthesis|p2a: Gorf\n|-fail|p2a: Gorf|heal\n|move|p1a: Dragonite|Dual Wingbeat|p2a: Gorf\n|-supereffective|p2a: Gorf\n|-damage|p2a: Gorf|52\/100\n|-supereffective|p2a: Gorf\n|-damage|p2a: Gorf|4\/100\n|-hitcount|p2a: Gorf|2\n|\n|-damage|p1a: Dragonite|1\/100 tox|[from] psn\n|upkeep\n|turn|27\n|\n|t:|1700728162\n|move|p2a: Gorf|Giga Drain|p1a: Dragonite\n|-resisted|p1a: Dragonite\n|-damage|p1a: Dragonite|0 fnt\n|-heal|p2a: Gorf|4\/100|[from] drain|[of] p1a: Dragonite\n|faint|p1a: Dragonite\n|\n|upkeep\n|\n|t:|1700728164\n|switch|p1a: Mimikyu|Mimikyu, M|100\/100\n|-damage|p1a: Mimikyu|88\/100|[from] Stealth Rock\n|-damage|p1a: Mimikyu|76\/100|[from] Spikes\n|turn|28\n|\n|t:|1700728173\n|move|p1a: Mimikyu|Shadow Sneak|p2a: Gorf\n|-damage|p2a: Gorf|0 fnt\n|faint|p2a: Gorf\n|\n|upkeep\n|\n|t:|1700728175\n|switch|p2a: Big Mom|Blissey, F, tera:Fairy|88\/100\n|turn|29\n|\n|t:|1700728180\n|move|p1a: Mimikyu|Substitute|p1a: Mimikyu\n|-start|p1a: Mimikyu|Substitute\n|-damage|p1a: Mimikyu|51\/100\n|move|p2a: Big Mom|Toxic||[still]\n|-fail|p2a: Big Mom\n|\n|upkeep\n|turn|30\n|\n|t:|1700728186\n|switch|p2a: Vrazy|Samurott-Hisui, M, shiny|100\/100\n|move|p1a: Mimikyu|Swords Dance|p1a: Mimikyu\n|-boost|p1a: Mimikyu|atk|2\n|\n|upkeep\n|turn|31\n|\n|t:|1700728195\n|move|p1a: Mimikyu|Play Rough|p2a: Vrazy\n|-supereffective|p2a: Vrazy\n|-enditem|p2a: Vrazy|Focus Sash\n|-damage|p2a: Vrazy|1\/100\n|move|p2a: Vrazy|Ceaseless Edge|p1a: Mimikyu\n|-end|p1a: Mimikyu|Substitute\n|-sidestart|p1: 21gege|Spikes\n|\n|upkeep\n|turn|32\n|\n|t:|1700728202\n|move|p1a: Mimikyu|Shadow Sneak|p2a: Vrazy\n|-resisted|p2a: Vrazy\n|-damage|p2a: Vrazy|0 fnt\n|faint|p2a: Vrazy\n|\n|upkeep\n|\n|t:|1700728205\n|switch|p2a: Big Mom|Blissey, F, tera:Fairy|88\/100\n|turn|33\n|\n|t:|1700728212\n|move|p1a: Mimikyu|Substitute|p1a: Mimikyu\n|-start|p1a: Mimikyu|Substitute\n|-damage|p1a: Mimikyu|26\/100\n|move|p2a: Big Mom|Toxic||[still]\n|-fail|p2a: Big Mom\n|\n|upkeep\n|turn|34\n|c|\u2606vladisfaction|gg\n|-message|vladisfaction forfeited.\n|\n|win|21gege\n|raw|21gege's rating: 1471 &rarr; <strong>1489<\/strong><br \/>(+18 for winning)\n|raw|vladisfaction's rating: 1429 &rarr; <strong>1411<\/strong><br \/>(-18 for losing)\n|l|\u2606vladisfaction\n","uploadtime":1700728233,"views":7,"p1id":"21gege","p2id":"vladisfaction","formatid":"gen9nationaldex","rating":1411,"private":0,"password":""}