{"id":"gen9nationaldex-1995154052","p1":"REringo","p2":"Zbeef","format":"[Gen 9] National Dex","log":"|html|<div class=\"broadcast-blue\"><strong>[Gen 9] National Dex is currently suspecting Sneasler! For information on how to participate check out the <a href=\"https:\/\/www.smogon.com\/forums\/threads\/sv-national-dex-suspect-8-just-dance.3731534\/\">suspect thread<\/a>.<\/strong><\/div>\n|j|\u2606REringo\n|j|\u2606Zbeef\n|t:|1700528604\n|gametype|singles\n|player|p1|REringo|gloria|1339\n|player|p2|Zbeef|2|1369\n|teamsize|p1|6\n|teamsize|p2|6\n|gen|9\n|tier|[Gen 9] National Dex\n|rated|\n|rule|HP Percentage Mod: HP is shown in percentages\n|rule|Endless Battle Clause: Forcing endless battles is banned\n|rule|OHKO Clause: OHKO moves are banned\n|rule|Evasion Clause: Evasion abilities, items, and moves are banned\n|rule|Evasion Abilities Clause: Evasion abilities are banned\n|rule|Evasion Items Clause: Evasion items are banned\n|rule|Evasion Moves Clause: Evasion moves are banned\n|rule|Species Clause: Limit one of each Pok\u00e9mon\n|rule|Sleep Clause Mod: Limit one foe put to sleep\n|clearpoke\n|poke|p1|Banette, M|\n|poke|p1|Heatran, F|\n|poke|p1|Clodsire, M|\n|poke|p1|Great Tusk|\n|poke|p1|Greninja-*, M|\n|poke|p1|Landorus-Therian, M|\n|poke|p2|Minior|\n|poke|p2|Ogerpon-Wellspring, F|\n|poke|p2|Sneasler, F|\n|poke|p2|Espeon, F|\n|poke|p2|Charizard, M|\n|poke|p2|Zamazenta-*|\n|teampreview\n|inactive|Battle timer is ON: inactive players will automatically lose when time's up. (requested by Zbeef)\n|\n|t:|1700528629\n|start\n|switch|p1a: Greninja|Greninja, M|100\/100\n|switch|p2a: Espeon|Espeon, F|100\/100\n|turn|1\n|\n|t:|1700528642\n|switch|p1a: Heatran|Heatran, F|100\/100\n|move|p2a: Espeon|Dazzling Gleam|p1a: Heatran\n|-resisted|p1a: Heatran\n|-damage|p1a: Heatran|93\/100\n|-damage|p2a: Espeon|91\/100|[from] item: Life Orb\n|\n|-heal|p1a: Heatran|99\/100|[from] item: Leftovers\n|upkeep\n|turn|2\n|\n|t:|1700528650\n|move|p2a: Espeon|Hidden Power|p1a: Heatran\n|-supereffective|p1a: Heatran\n|-damage|p1a: Heatran|57\/100\n|-damage|p2a: Espeon|81\/100|[from] item: Life Orb\n|move|p1a: Heatran|Stealth Rock|p2a: Espeon\n|move|p2a: Espeon|Stealth Rock|p1a: Heatran|[from]ability: Magic Bounce\n|-sidestart|p1: REringo|move: Stealth Rock\n|\n|-heal|p1a: Heatran|63\/100|[from] item: Leftovers\n|upkeep\n|turn|3\n|\n|t:|1700528660\n|move|p1a: Heatran|Protect|p1a: Heatran\n|-singleturn|p1a: Heatran|Protect\n|move|p2a: Espeon|Hidden Power|p1a: Heatran\n|-activate|p1a: Heatran|move: Protect\n|\n|-heal|p1a: Heatran|69\/100|[from] item: Leftovers\n|upkeep\n|turn|4\n|\n|t:|1700528683\n|switch|p1a: Clodsire|Clodsire, M|100\/100\n|-damage|p1a: Clodsire|94\/100|[from] Stealth Rock\n|move|p2a: Espeon|Hidden Power|p1a: Clodsire\n|-heal|p1a: Clodsire|100\/100|[from] ability: Water Absorb|[of] p2a: Espeon\n|\n|upkeep\n|turn|5\n|\n|t:|1700528690\n|move|p2a: Espeon|Psychic|p1a: Clodsire\n|-supereffective|p1a: Clodsire\n|-damage|p1a: Clodsire|34\/100\n|-damage|p2a: Espeon|71\/100|[from] item: Life Orb\n|move|p1a: Clodsire|Earthquake|p2a: Espeon\n|-damage|p2a: Espeon|20\/100\n|\n|-heal|p1a: Clodsire|41\/100|[from] item: Leftovers\n|upkeep\n|turn|6\n|\n|t:|1700528705\n|switch|p1a: Heatran|Heatran, F|69\/100\n|-damage|p1a: Heatran|57\/100|[from] Stealth Rock\n|move|p2a: Espeon|Psychic|p1a: Heatran\n|-resisted|p1a: Heatran\n|-damage|p1a: Heatran|31\/100\n|-damage|p2a: Espeon|10\/100|[from] item: Life Orb\n|\n|-heal|p1a: Heatran|37\/100|[from] item: Leftovers\n|upkeep\n|turn|7\n|\n|t:|1700528710\n|move|p1a: Heatran|Protect|p1a: Heatran\n|-singleturn|p1a: Heatran|Protect\n|move|p2a: Espeon|Psychic|p1a: Heatran\n|-activate|p1a: Heatran|move: Protect\n|\n|-heal|p1a: Heatran|43\/100|[from] item: Leftovers\n|upkeep\n|turn|8\n|\n|t:|1700528716\n|move|p2a: Espeon|Hidden Power|p1a: Heatran\n|-supereffective|p1a: Heatran\n|-damage|p1a: Heatran|0 fnt\n|faint|p1a: Heatran\n|-damage|p2a: Espeon|0 fnt|[from] item: Life Orb\n|faint|p2a: Espeon\n|\n|upkeep\n|\n|t:|1700528731\n|switch|p2a: Sneasler|Sneasler, F|100\/100\n|switch|p1a: Great Tusk|Great Tusk|100\/100\n|-damage|p1a: Great Tusk|98\/100|[from] Stealth Rock\n|turn|9\n|\n|t:|1700528737\n|move|p2a: Sneasler|Endure|p2a: Sneasler\n|-singleturn|p2a: Sneasler|move: Endure\n|move|p1a: Great Tusk|Rapid Spin|p2a: Sneasler\n|-damage|p2a: Sneasler|75\/100\n|-boost|p1a: Great Tusk|spe|1\n|-sideend|p1: REringo|Stealth Rock|[from] move: Rapid Spin|[of] p1a: Great Tusk\n|\n|upkeep\n|turn|10\n|\n|t:|1700528748\n|switch|p2a: Zamazenta|Zamazenta|100\/100\n|-ability|p2a: Zamazenta|Dauntless Shield|boost\n|-boost|p2a: Zamazenta|def|1\n|move|p1a: Great Tusk|Headlong Rush|p2a: Zamazenta\n|-damage|p2a: Zamazenta|72\/100\n|-unboost|p1a: Great Tusk|def|1\n|-unboost|p1a: Great Tusk|spd|1\n|\n|-heal|p2a: Zamazenta|78\/100|[from] item: Leftovers\n|upkeep\n|turn|11\n|\n|t:|1700528760\n|move|p1a: Great Tusk|Knock Off|p2a: Zamazenta\n|-resisted|p2a: Zamazenta\n|-damage|p2a: Zamazenta|71\/100\n|-enditem|p2a: Zamazenta|Leftovers|[from] move: Knock Off|[of] p1a: Great Tusk\n|move|p2a: Zamazenta|Iron Defense|p2a: Zamazenta\n|-boost|p2a: Zamazenta|def|2\n|\n|upkeep\n|turn|12\n|\n|t:|1700528774\n|-end|p1a: Great Tusk|Protosynthesis|[silent]\n|switch|p1a: Landorus|Landorus-Therian, M|100\/100\n|-ability|p1a: Landorus|Intimidate|boost\n|-unboost|p2a: Zamazenta|atk|1\n|move|p2a: Zamazenta|Play Rough|p1a: Landorus\n|-damage|p1a: Landorus|82\/100\n|\n|-heal|p1a: Landorus|88\/100|[from] item: Leftovers\n|upkeep\n|turn|13\n|\n|t:|1700528782\n|switch|p2a: Ogerpon|Ogerpon-Wellspring, F|100\/100\n|move|p1a: Landorus|U-turn|p2a: Ogerpon\n|-supereffective|p2a: Ogerpon\n|-damage|p2a: Ogerpon|41\/100\n|\n|t:|1700528799\n|switch|p1a: Greninja|Greninja, M|100\/100|[from] U-turn\n|\n|upkeep\n|turn|14\n|\n|t:|1700528808\n|-terastallize|p2a: Ogerpon|Water\n|detailschange|p2a: Ogerpon|Ogerpon-Wellspring-Tera, F, tera:Water\n|-ability|p2a: Ogerpon|Embody Aspect (Wellspring)|boost\n|-boost|p2a: Ogerpon|spd|1\n|move|p1a: Greninja|Gunk Shot|p2a: Ogerpon\n|-start|p1a: Greninja|typechange|Poison|[from] ability: Protean\n|-damage|p2a: Ogerpon|0 fnt\n|faint|p2a: Ogerpon\n|\n|upkeep\n|j| 1Samson*\n|\n|t:|1700528819\n|switch|p2a: Sneasler|Sneasler, F|75\/100\n|turn|15\n|\n|t:|1700528826\n|move|p2a: Sneasler|Fire Punch|p1a: Greninja\n|-damage|p1a: Greninja|54\/100\n|move|p1a: Greninja|Counter|p2a: Sneasler\n|-damage|p2a: Sneasler|0 fnt\n|faint|p2a: Sneasler\n|\n|upkeep\n|\n|t:|1700528835\n|switch|p2a: Charizard|Charizard, M|100\/100\n|turn|16\n|\n|t:|1700528843\n|switch|p1a: Clodsire|Clodsire, M|41\/100\n|detailschange|p2a: Charizard|Charizard-Mega-X, M\n|-mega|p2a: Charizard|Charizard|Charizardite X\n|move|p2a: Charizard|Dragon Dance|p2a: Charizard\n|-boost|p2a: Charizard|atk|1\n|-boost|p2a: Charizard|spe|1\n|\n|-heal|p1a: Clodsire|47\/100|[from] item: Leftovers\n|upkeep\n|turn|17\n|\n|t:|1700528849\n|switch|p1a: Landorus|Landorus-Therian, M|88\/100\n|-ability|p1a: Landorus|Intimidate|boost\n|-unboost|p2a: Charizard|atk|1\n|move|p2a: Charizard|Earthquake|p1a: Landorus\n|-immune|p1a: Landorus\n|\n|-heal|p1a: Landorus|94\/100|[from] item: Leftovers\n|upkeep\n|turn|18\n|\n|t:|1700528857\n|switch|p2a: Zamazenta|Zamazenta|71\/100\n|move|p1a: Landorus|U-turn|p2a: Zamazenta\n|-resisted|p2a: Zamazenta\n|-damage|p2a: Zamazenta|63\/100\n|\n|t:|1700528864\n|switch|p1a: Banette|Banette, M|100\/100|[from] U-turn\n|\n|upkeep\n|turn|19\n|\n|t:|1700528885\n|switch|p1a: Landorus|Landorus-Therian, M|94\/100\n|-ability|p1a: Landorus|Intimidate|boost\n|-unboost|p2a: Zamazenta|atk|1\n|move|p2a: Zamazenta|Play Rough|p1a: Landorus\n|-damage|p1a: Landorus|77\/100\n|\n|-heal|p1a: Landorus|83\/100|[from] item: Leftovers\n|upkeep\n|turn|20\n|\n|t:|1700528894\n|move|p2a: Zamazenta|Play Rough|p1a: Landorus\n|-damage|p1a: Landorus|67\/100\n|-unboost|p1a: Landorus|atk|1\n|move|p1a: Landorus|Earthquake|p2a: Zamazenta\n|-damage|p2a: Zamazenta|38\/100\n|\n|-heal|p1a: Landorus|73\/100|[from] item: Leftovers\n|upkeep\n|turn|21\n|\n|t:|1700528902\n|move|p2a: Zamazenta|Play Rough|p1a: Landorus\n|-damage|p1a: Landorus|58\/100\n|move|p1a: Landorus|Earthquake|p2a: Zamazenta\n|-damage|p2a: Zamazenta|15\/100\n|\n|-heal|p1a: Landorus|64\/100|[from] item: Leftovers\n|upkeep\n|turn|22\n|\n|t:|1700528905\n|move|p2a: Zamazenta|Play Rough|p1a: Landorus\n|-damage|p1a: Landorus|48\/100\n|-unboost|p1a: Landorus|atk|1\n|move|p1a: Landorus|Earthquake|p2a: Zamazenta\n|-damage|p2a: Zamazenta|0 fnt\n|faint|p2a: Zamazenta\n|\n|-heal|p1a: Landorus|54\/100|[from] item: Leftovers\n|upkeep\n|\n|t:|1700528910\n|switch|p2a: Minior|Minior|100\/100\n|-formechange|p2a: Minior|Minior-Meteor||[from] ability: Shields Down\n|turn|23\n|\n|t:|1700528918\n|switch|p1a: Banette|Banette, M|100\/100\n|-item|p2a: Minior|Focus Sash|[from] ability: Frisk|[of] p1a: Banette|[identify]\n|move|p2a: Minior|Shell Smash|p2a: Minior\n|-unboost|p2a: Minior|def|1\n|-unboost|p2a: Minior|spd|1\n|-boost|p2a: Minior|atk|2\n|-boost|p2a: Minior|spa|2\n|-boost|p2a: Minior|spe|2\n|\n|upkeep\n|turn|24\n|\n|t:|1700528923\n|detailschange|p1a: Banette|Banette-Mega, M\n|-mega|p1a: Banette|Banette|Banettite\n|move|p1a: Banette|Encore|p2a: Minior\n|-start|p2a: Minior|Encore\n|move|p2a: Minior|Shell Smash|p2a: Minior\n|-unboost|p2a: Minior|def|1\n|-unboost|p2a: Minior|spd|1\n|-boost|p2a: Minior|atk|2\n|-boost|p2a: Minior|spa|2\n|-boost|p2a: Minior|spe|2\n|\n|upkeep\n|turn|25\n|\n|t:|1700528933\n|switch|p2a: Charizard|Charizard-Mega-X, M|100\/100\n|move|p1a: Banette|Poltergeist|p2a: Charizard\n|-activate|p2a: Charizard|move: Poltergeist|Charizardite X\n|-damage|p2a: Charizard|16\/100\n|\n|upkeep\n|turn|26\n|\n|t:|1700528945\n|switch|p1a: Landorus|Landorus-Therian, M|54\/100\n|-ability|p1a: Landorus|Intimidate|boost\n|-unboost|p2a: Charizard|atk|1\n|move|p2a: Charizard|Dragon Claw|p1a: Landorus\n|-damage|p1a: Landorus|25\/100\n|\n|-heal|p1a: Landorus|31\/100|[from] item: Leftovers\n|upkeep\n|turn|27\n|\n|t:|1700528949\n|move|p2a: Charizard|Dragon Claw|p1a: Landorus\n|-damage|p1a: Landorus|0 fnt\n|faint|p1a: Landorus\n|\n|upkeep\n|\n|t:|1700528954\n|switch|p1a: Greninja|Greninja, M|54\/100\n|turn|28\n|\n|t:|1700528964\n|move|p1a: Greninja|Shadow Sneak|p2a: Charizard\n|-start|p1a: Greninja|typechange|Ghost|[from] ability: Protean\n|-damage|p2a: Charizard|0 fnt\n|faint|p2a: Charizard\n|\n|upkeep\n|\n|t:|1700528967\n|switch|p2a: Minior|Minior|100\/100\n|-formechange|p2a: Minior|Minior-Meteor||[from] ability: Shields Down\n|turn|29\n|\n|t:|1700528971\n|switch|p1a: Banette|Banette-Mega, M|100\/100\n|move|p2a: Minior|Shell Smash|p2a: Minior\n|-unboost|p2a: Minior|def|1\n|-unboost|p2a: Minior|spd|1\n|-boost|p2a: Minior|atk|2\n|-boost|p2a: Minior|spa|2\n|-boost|p2a: Minior|spe|2\n|\n|upkeep\n|turn|30\n|\n|t:|1700528975\n|move|p1a: Banette|Encore|p2a: Minior\n|-start|p2a: Minior|Encore\n|move|p2a: Minior|Shell Smash|p2a: Minior\n|-unboost|p2a: Minior|def|1\n|-unboost|p2a: Minior|spd|1\n|-boost|p2a: Minior|atk|2\n|-boost|p2a: Minior|spa|2\n|-boost|p2a: Minior|spe|2\n|\n|upkeep\n|turn|31\n|\n|t:|1700528978\n|move|p2a: Minior|Shell Smash|p2a: Minior\n|-unboost|p2a: Minior|def|1\n|-unboost|p2a: Minior|spd|1\n|-boost|p2a: Minior|atk|2\n|-boost|p2a: Minior|spa|2\n|-boost|p2a: Minior|spe|2\n|move|p1a: Banette|Poltergeist|p2a: Minior\n|-activate|p2a: Minior|move: Poltergeist|Focus Sash\n|-enditem|p2a: Minior|Focus Sash\n|-damage|p2a: Minior|1\/100\n|\n|-formechange|p2a: Minior|Minior||[from] ability: Shields Down\n|upkeep\n|turn|32\n|\n|t:|1700528989\n|move|p2a: Minior|Shell Smash|p2a: Minior\n|-unboost|p2a: Minior|def|1\n|-unboost|p2a: Minior|spd|1\n|-boost|p2a: Minior|atk|0\n|-boost|p2a: Minior|spa|0\n|-boost|p2a: Minior|spe|0\n|move|p1a: Banette|Knock Off|p2a: Minior\n|-damage|p2a: Minior|0 fnt\n|faint|p2a: Minior\n|\n|win|REringo\n|raw|REringo's rating: 1339 &rarr; <strong>1361<\/strong><br \/>(+22 for winning)\n|raw|Zbeef's rating: 1369 &rarr; <strong>1347<\/strong><br \/>(-22 for losing)\n|l|\u2606Zbeef\n","uploadtime":1700529000,"views":13,"p1id":"reringo","p2id":"zbeef","formatid":"gen9nationaldex","rating":1347,"private":0,"password":""}