{"id":"gen9nationaldex-1991076091","p1":"sdsslsy","p2":"biezouhaoma","format":"[Gen 9] National Dex","log":"|j|\u2606sdsslsy\n|j|\u203dbiezouhaoma\n|t:|1700039027\n|gametype|singles\n|player|p1|sdsslsy|265|1622\n|player|p2|biezouhaoma|bugcatcher-gen4dp|1792\n|teamsize|p1|6\n|teamsize|p2|6\n|gen|9\n|tier|[Gen 9] National Dex\n|rated|\n|rule|HP Percentage Mod: HP is shown in percentages\n|rule|Endless Battle Clause: Forcing endless battles is banned\n|rule|OHKO Clause: OHKO moves are banned\n|rule|Evasion Clause: Evasion abilities, items, and moves are banned\n|rule|Evasion Abilities Clause: Evasion abilities are banned\n|rule|Evasion Items Clause: Evasion items are banned\n|rule|Evasion Moves Clause: Evasion moves are banned\n|rule|Species Clause: Limit one of each Pok\u00e9mon\n|rule|Sleep Clause Mod: Limit one foe put to sleep\n|clearpoke\n|poke|p1|Zeraora|\n|poke|p1|Chansey, F|\n|poke|p1|Great Tusk|\n|poke|p1|Alomomola, F|\n|poke|p1|Skeledirge, F|\n|poke|p1|Latios, M|\n|poke|p2|Pelipper, F|\n|poke|p2|Barraskewda, F|\n|poke|p2|Garganacl, F|\n|poke|p2|Scizor, M|\n|poke|p2|Volcanion|\n|poke|p2|Iron Treads|\n|teampreview\n|inactive|Battle timer is ON: inactive players will automatically lose when time's up. (requested by biezouhaoma)\n|inactive|sdsslsy also wants the timer to be on.\n|\n|t:|1700039047\n|start\n|switch|p1a: Zeraora|Zeraora|100\/100\n|switch|p2a: Iron Treads|Iron Treads|100\/100\n|turn|1\n|inactive|sdsslsy has 120 seconds left.\n|\n|t:|1700039077\n|switch|p1a: Great Tusk|Great Tusk|100\/100\n|-end|p2a: Iron Treads|Quark Drive|[silent]\n|switch|p2a: Pelipper|Pelipper, F|100\/100\n|-weather|RainDance|[from] ability: Drizzle|[of] p2a: Pelipper\n|\n|-weather|RainDance|[upkeep]\n|upkeep\n|turn|2\n|\n|t:|1700039083\n|-end|p1a: Great Tusk|Protosynthesis|[silent]\n|switch|p1a: Chansey|Chansey, F|100\/100\n|move|p2a: Pelipper|Hurricane|p1a: Chansey\n|-crit|p1a: Chansey\n|-damage|p1a: Chansey|82\/100\n|\n|-weather|RainDance|[upkeep]\n|upkeep\n|turn|3\n|\n|t:|1700039087\n|switch|p2a: Iron Treads|Iron Treads|100\/100\n|move|p1a: Chansey|Teleport|p1a: Chansey\n|j| Nomer16\n|inactive|sdsslsy has 120 seconds left.\n|\n|t:|1700039108\n|switch|p1a: Great Tusk|Great Tusk|100\/100|[from] Teleport\n|\n|-weather|RainDance|[upkeep]\n|upkeep\n|turn|4\n|\n|t:|1700039114\n|move|p2a: Iron Treads|Stealth Rock|p1a: Great Tusk\n|-sidestart|p1: sdsslsy|move: Stealth Rock\n|move|p1a: Great Tusk|Rapid Spin|p2a: Iron Treads\n|-resisted|p2a: Iron Treads\n|-damage|p2a: Iron Treads|94\/100\n|-boost|p1a: Great Tusk|spe|1\n|-sideend|p1: sdsslsy|Stealth Rock|[from] move: Rapid Spin|[of] p1a: Great Tusk\n|\n|-weather|RainDance|[upkeep]\n|upkeep\n|turn|5\n|\n|t:|1700039118\n|-end|p2a: Iron Treads|Quark Drive|[silent]\n|switch|p2a: Pelipper|Pelipper, F|100\/100\n|move|p1a: Great Tusk|Headlong Rush|p2a: Pelipper\n|-immune|p2a: Pelipper\n|\n|-weather|RainDance|[upkeep]\n|upkeep\n|turn|6\n|\n|t:|1700039124\n|-end|p1a: Great Tusk|Protosynthesis|[silent]\n|switch|p1a: Alomomola|Alomomola, F|100\/100\n|move|p2a: Pelipper|U-turn|p1a: Alomomola\n|-damage|p1a: Alomomola|95\/100\n|-damage|p2a: Pelipper|84\/100|[from] item: Rocky Helmet|[of] p1a: Alomomola\n|\n|t:|1700039129\n|switch|p2a: Barraskewda|Barraskewda, F|100\/100|[from] U-turn\n|\n|-weather|RainDance|[upkeep]\n|upkeep\n|turn|7\n|\n|t:|1700039142\n|move|p1a: Alomomola|Protect|p1a: Alomomola\n|-singleturn|p1a: Alomomola|Protect\n|move|p2a: Barraskewda|Flip Turn|p1a: Alomomola\n|-activate|p1a: Alomomola|move: Protect\n|\n|-weather|RainDance|[upkeep]\n|upkeep\n|turn|8\n|\n|t:|1700039146\n|move|p2a: Barraskewda|Flip Turn|p1a: Alomomola\n|-resisted|p1a: Alomomola\n|-damage|p1a: Alomomola|77\/100\n|-damage|p2a: Barraskewda|84\/100|[from] item: Rocky Helmet|[of] p1a: Alomomola\n|\n|t:|1700039149\n|switch|p2a: Iron Treads|Iron Treads|94\/100|[from] Flip Turn\n|move|p1a: Alomomola|Flip Turn|p2a: Iron Treads\n|-supereffective|p2a: Iron Treads\n|-damage|p2a: Iron Treads|52\/100\n|\n|t:|1700039159\n|switch|p1a: Zeraora|Zeraora|100\/100|[from] Flip Turn\n|\n|-weather|none\n|upkeep\n|turn|9\n|\n|t:|1700039176\n|move|p1a: Zeraora|Knock Off|p2a: Iron Treads\n|-damage|p2a: Iron Treads|24\/100\n|move|p2a: Iron Treads|Stealth Rock|p1a: Zeraora\n|-sidestart|p1: sdsslsy|move: Stealth Rock\n|\n|upkeep\n|turn|10\n|\n|t:|1700039205\n|switch|p1a: Great Tusk|Great Tusk|100\/100\n|-damage|p1a: Great Tusk|98\/100|[from] Stealth Rock\n|-end|p2a: Iron Treads|Quark Drive|[silent]\n|switch|p2a: Pelipper|Pelipper, F|84\/100\n|-weather|RainDance|[from] ability: Drizzle|[of] p2a: Pelipper\n|\n|-weather|RainDance|[upkeep]\n|-heal|p1a: Great Tusk|100\/100|[from] item: Leftovers\n|upkeep\n|turn|11\n|\n|t:|1700039213\n|-end|p1a: Great Tusk|Protosynthesis|[silent]\n|switch|p1a: Chansey|Chansey, F|82\/100\n|-damage|p1a: Chansey|70\/100|[from] Stealth Rock\n|move|p2a: Pelipper|Hurricane|p1a: Chansey\n|-damage|p1a: Chansey|59\/100\n|\n|-weather|RainDance|[upkeep]\n|upkeep\n|turn|12\n|\n|t:|1700039218\n|move|p2a: Pelipper|U-turn|p1a: Chansey\n|-damage|p1a: Chansey|52\/100\n|\n|t:|1700039221\n|switch|p2a: Barraskewda|Barraskewda, F|84\/100|[from] U-turn\n|move|p1a: Chansey|Soft-Boiled|p1a: Chansey\n|-heal|p1a: Chansey|100\/100\n|\n|-weather|RainDance|[upkeep]\n|upkeep\n|turn|13\n|\n|t:|1700039232\n|switch|p1a: Alomomola|Alomomola, F|100\/100\n|-damage|p1a: Alomomola|88\/100|[from] Stealth Rock\n|move|p2a: Barraskewda|Flip Turn|p1a: Alomomola\n|-resisted|p1a: Alomomola\n|-damage|p1a: Alomomola|70\/100\n|-damage|p2a: Barraskewda|68\/100|[from] item: Rocky Helmet|[of] p1a: Alomomola\n|\n|t:|1700039235\n|switch|p2a: Volcanion|Volcanion|100\/100|[from] Flip Turn\n|\n|-weather|RainDance|[upkeep]\n|upkeep\n|turn|14\n|\n|t:|1700039252\n|-terastallize|p2a: Volcanion|Water\n|move|p1a: Alomomola|Protect|p1a: Alomomola\n|-singleturn|p1a: Alomomola|Protect\n|move|p2a: Volcanion|Steam Eruption|p1a: Alomomola\n|-activate|p1a: Alomomola|move: Protect\n|\n|-weather|RainDance|[upkeep]\n|upkeep\n|turn|15\n|\n|t:|1700039261\n|switch|p1a: Chansey|Chansey, F|100\/100\n|-damage|p1a: Chansey|88\/100|[from] Stealth Rock\n|move|p2a: Volcanion|Steam Eruption|p1a: Chansey\n|-damage|p1a: Chansey|34\/100\n|\n|-weather|RainDance|[upkeep]\n|upkeep\n|turn|16\n|\n|t:|1700039269\n|switch|p1a: Latios|Latios, M|100\/100\n|-damage|p1a: Latios|88\/100|[from] Stealth Rock\n|move|p2a: Volcanion|Steam Eruption|p1a: Latios\n|-resisted|p1a: Latios\n|-damage|p1a: Latios|0 fnt\n|faint|p1a: Latios\n|\n|-weather|RainDance|[upkeep]\n|upkeep\n|l| Nomer16\n|\n|t:|1700039272\n|switch|p1a: Zeraora|Zeraora|100\/100\n|-damage|p1a: Zeraora|88\/100|[from] Stealth Rock\n|turn|17\n|inactive|biezouhaoma has 120 seconds left.\n|\n|t:|1700039309\n|switch|p2a: Iron Treads|Iron Treads|24\/100\n|move|p1a: Zeraora|Plasma Fists|p2a: Iron Treads\n|-immune|p2a: Iron Treads\n|\n|-weather|none\n|upkeep\n|turn|18\n|inactive|biezouhaoma has 120 seconds left.\n|\n|t:|1700039322\n|switch|p1a: Great Tusk|Great Tusk|100\/100\n|-damage|p1a: Great Tusk|98\/100|[from] Stealth Rock\n|move|p2a: Iron Treads|Earthquake|p1a: Great Tusk\n|-damage|p1a: Great Tusk|75\/100\n|\n|-heal|p1a: Great Tusk|81\/100|[from] item: Leftovers\n|upkeep\n|turn|19\n|\n|t:|1700039332\n|-zpower|p2a: Iron Treads\n|move|p2a: Iron Treads|Subzero Slammer|p1a: Great Tusk|[zeffect]\n|-supereffective|p1a: Great Tusk\n|-damage|p1a: Great Tusk|33\/100\n|move|p1a: Great Tusk|Rapid Spin|p2a: Iron Treads\n|-resisted|p2a: Iron Treads\n|-damage|p2a: Iron Treads|18\/100\n|-boost|p1a: Great Tusk|spe|1\n|-sideend|p1: sdsslsy|Stealth Rock|[from] move: Rapid Spin|[of] p1a: Great Tusk\n|\n|-heal|p1a: Great Tusk|39\/100|[from] item: Leftovers\n|upkeep\n|turn|20\n|\n|t:|1700039336\n|move|p1a: Great Tusk|Headlong Rush|p2a: Iron Treads\n|-supereffective|p2a: Iron Treads\n|-damage|p2a: Iron Treads|0 fnt\n|-unboost|p1a: Great Tusk|def|1\n|-unboost|p1a: Great Tusk|spd|1\n|faint|p2a: Iron Treads\n|-end|p2a: Iron Treads|Quark Drive|[silent]\n|\n|-heal|p1a: Great Tusk|45\/100|[from] item: Leftovers\n|upkeep\n|\n|t:|1700039349\n|switch|p2a: Pelipper|Pelipper, F|84\/100\n|-weather|RainDance|[from] ability: Drizzle|[of] p2a: Pelipper\n|turn|21\n|\n|t:|1700039355\n|-end|p1a: Great Tusk|Protosynthesis|[silent]\n|switch|p1a: Chansey|Chansey, F|34\/100\n|move|p2a: Pelipper|U-turn|p1a: Chansey\n|-damage|p1a: Chansey|27\/100\n|\n|t:|1700039358\n|switch|p2a: Volcanion|Volcanion, tera:Water|100\/100|[from] U-turn\n|\n|-weather|RainDance|[upkeep]\n|upkeep\n|turn|22\n|\n|t:|1700039362\n|move|p2a: Volcanion|Steam Eruption|p1a: Chansey\n|-damage|p1a: Chansey|0 fnt\n|faint|p1a: Chansey\n|\n|-weather|RainDance|[upkeep]\n|upkeep\n|\n|t:|1700039365\n|switch|p1a: Zeraora|Zeraora|88\/100\n|turn|23\n|\n|t:|1700039382\n|switch|p2a: Scizor|Scizor, M|100\/100\n|-terastallize|p1a: Zeraora|Electric\n|move|p1a: Zeraora|Plasma Fists|p2a: Scizor\n|-damage|p2a: Scizor|0 fnt\n|-fieldactivate|move: Ion Deluge\n|-hint|Normal-type moves become Electric-type after using Plasma Fists.\n|faint|p2a: Scizor\n|\n|-weather|RainDance|[upkeep]\n|upkeep\n|\n|t:|1700039384\n|switch|p2a: Barraskewda|Barraskewda, F|68\/100\n|turn|24\n|\n|t:|1700039388\n|switch|p1a: Alomomola|Alomomola, F|100\/100\n|move|p2a: Barraskewda|Flip Turn|p1a: Alomomola\n|-resisted|p1a: Alomomola\n|-damage|p1a: Alomomola|82\/100\n|-damage|p2a: Barraskewda|51\/100|[from] item: Rocky Helmet|[of] p1a: Alomomola\n|\n|t:|1700039395\n|switch|p2a: Volcanion|Volcanion, tera:Water|100\/100|[from] Flip Turn\n|\n|-weather|RainDance|[upkeep]\n|upkeep\n|turn|25\n|\n|t:|1700039400\n|move|p1a: Alomomola|Protect|p1a: Alomomola\n|-singleturn|p1a: Alomomola|Protect\n|move|p2a: Volcanion|Steam Eruption|p1a: Alomomola\n|-activate|p1a: Alomomola|move: Protect\n|\n|-weather|RainDance|[upkeep]\n|upkeep\n|turn|26\n|\n|t:|1700039408\n|switch|p1a: Great Tusk|Great Tusk|45\/100\n|move|p2a: Volcanion|Steam Eruption|p1a: Great Tusk\n|-supereffective|p1a: Great Tusk\n|-damage|p1a: Great Tusk|0 fnt\n|faint|p1a: Great Tusk\n|-end|p1a: Great Tusk|Protosynthesis|[silent]\n|\n|-weather|RainDance|[upkeep]\n|upkeep\n|\n|t:|1700039410\n|switch|p1a: Zeraora|Zeraora, tera:Electric|88\/100\n|turn|27\n|\n|t:|1700039413\n|switch|p2a: Garganacl|Garganacl, F|100\/100\n|move|p1a: Zeraora|Plasma Fists|p2a: Garganacl\n|-damage|p2a: Garganacl|35\/100\n|-fieldactivate|move: Ion Deluge\n|-hint|Normal-type moves become Electric-type after using Plasma Fists.\n|\n|-weather|RainDance|[upkeep]\n|-heal|p2a: Garganacl|41\/100|[from] item: Leftovers\n|upkeep\n|turn|28\n|\n|t:|1700039419\n|move|p2a: Garganacl|Protect|p2a: Garganacl\n|-singleturn|p2a: Garganacl|Protect\n|move|p1a: Zeraora|Plasma Fists|p2a: Garganacl\n|-activate|p2a: Garganacl|move: Protect\n|\n|-weather|none\n|-heal|p2a: Garganacl|48\/100|[from] item: Leftovers\n|upkeep\n|turn|29\n|\n|t:|1700039438\n|switch|p2a: Pelipper|Pelipper, F|84\/100\n|-weather|RainDance|[from] ability: Drizzle|[of] p2a: Pelipper\n|move|p1a: Zeraora|Plasma Fists|p2a: Pelipper\n|-supereffective|p2a: Pelipper\n|-damage|p2a: Pelipper|0 fnt\n|-fieldactivate|move: Ion Deluge\n|-hint|Normal-type moves become Electric-type after using Plasma Fists.\n|faint|p2a: Pelipper\n|\n|-weather|RainDance|[upkeep]\n|upkeep\n|\n|t:|1700039443\n|switch|p2a: Barraskewda|Barraskewda, F|51\/100\n|turn|30\n|inactive|sdsslsy has 120 seconds left.\n|inactive|sdsslsy has 90 seconds left.\n|inactive|sdsslsy has 60 seconds left.\n|\n|t:|1700039540\n|switch|p1a: Alomomola|Alomomola, F|100\/100\n|move|p2a: Barraskewda|Flip Turn|p1a: Alomomola\n|-resisted|p1a: Alomomola\n|-damage|p1a: Alomomola|79\/100\n|-damage|p2a: Barraskewda|35\/100|[from] item: Rocky Helmet|[of] p1a: Alomomola\n|\n|t:|1700039554\n|switch|p2a: Volcanion|Volcanion, tera:Water|100\/100|[from] Flip Turn\n|\n|-weather|RainDance|[upkeep]\n|upkeep\n|turn|31\n|\n|t:|1700039567\n|move|p1a: Alomomola|Protect|p1a: Alomomola\n|-singleturn|p1a: Alomomola|Protect\n|move|p2a: Volcanion|Steam Eruption|p1a: Alomomola\n|-activate|p1a: Alomomola|move: Protect\n|\n|-weather|RainDance|[upkeep]\n|upkeep\n|turn|32\n|\n|t:|1700039573\n|switch|p1a: Skeledirge|Skeledirge, F|100\/100\n|move|p2a: Volcanion|Steam Eruption|p1a: Skeledirge|[miss]\n|-miss|p2a: Volcanion|p1a: Skeledirge\n|\n|-weather|RainDance|[upkeep]\n|upkeep\n|turn|33\n|\n|t:|1700039579\n|switch|p2a: Garganacl|Garganacl, F|48\/100\n|switch|p1a: Zeraora|Zeraora, tera:Electric|88\/100\n|\n|-weather|RainDance|[upkeep]\n|-heal|p2a: Garganacl|54\/100|[from] item: Leftovers\n|upkeep\n|turn|34\n|\n|t:|1700039589\n|move|p2a: Garganacl|Protect|p2a: Garganacl\n|-singleturn|p2a: Garganacl|Protect\n|move|p1a: Zeraora|Plasma Fists|p2a: Garganacl\n|-activate|p2a: Garganacl|move: Protect\n|\n|-weather|RainDance|[upkeep]\n|-heal|p2a: Garganacl|60\/100|[from] item: Leftovers\n|upkeep\n|turn|35\n|\n|t:|1700039592\n|move|p1a: Zeraora|Plasma Fists|p2a: Garganacl\n|-damage|p2a: Garganacl|1\/100\n|-fieldactivate|move: Ion Deluge\n|-hint|Normal-type moves become Electric-type after using Plasma Fists.\n|move|p2a: Garganacl|Salt Cure|p1a: Zeraora\n|-damage|p1a: Zeraora|71\/100\n|-start|p1a: Zeraora|Salt Cure\n|\n|-weather|RainDance|[upkeep]\n|-heal|p2a: Garganacl|8\/100|[from] item: Leftovers\n|-damage|p1a: Zeraora|59\/100|[from] Salt Cure\n|upkeep\n|turn|36\n|\n|t:|1700039596\n|move|p2a: Garganacl|Protect|p2a: Garganacl\n|-singleturn|p2a: Garganacl|Protect\n|move|p1a: Zeraora|Plasma Fists|p2a: Garganacl\n|-activate|p2a: Garganacl|move: Protect\n|\n|-weather|none\n|-heal|p2a: Garganacl|14\/100|[from] item: Leftovers\n|-damage|p1a: Zeraora|46\/100|[from] Salt Cure\n|upkeep\n|turn|37\n|\n|t:|1700039599\n|move|p1a: Zeraora|Plasma Fists|p2a: Garganacl\n|-damage|p2a: Garganacl|0 fnt\n|-fieldactivate|move: Ion Deluge\n|-hint|Normal-type moves become Electric-type after using Plasma Fists.\n|faint|p2a: Garganacl\n|\n|-damage|p1a: Zeraora|34\/100|[from] Salt Cure\n|upkeep\n|\n|t:|1700039601\n|switch|p2a: Barraskewda|Barraskewda, F|35\/100\n|turn|38\n|\n|t:|1700039608\n|switch|p1a: Alomomola|Alomomola, F|100\/100\n|move|p2a: Barraskewda|Aqua Jet|p1a: Alomomola\n|-resisted|p1a: Alomomola\n|-damage|p1a: Alomomola|92\/100\n|-damage|p2a: Barraskewda|19\/100|[from] item: Rocky Helmet|[of] p1a: Alomomola\n|\n|upkeep\n|turn|39\n|\n|t:|1700039613\n|switch|p2a: Volcanion|Volcanion, tera:Water|100\/100\n|move|p1a: Alomomola|Toxic|p2a: Volcanion\n|-status|p2a: Volcanion|tox\n|\n|-damage|p2a: Volcanion|95\/100 tox|[from] psn\n|upkeep\n|turn|40\n|l|\u203dbiezouhaoma\n|inactive|biezouhaoma disconnected and has a minute to reconnect!\n|player|p2|\n|j|\u203dbiezouhaoma\n|inactive|biezouhaoma reconnected and has 125 seconds left.\n|player|p2|biezouhaoma|bugcatcher-gen4dp\n|n|\u203dbiezouhaoma|biezouhaoma\n|inactive|biezouhaoma has 120 seconds left.\n|\n|t:|1700039666\n|move|p1a: Alomomola|Protect|p1a: Alomomola\n|-singleturn|p1a: Alomomola|Protect\n|move|p2a: Volcanion|Scald|p1a: Alomomola\n|-activate|p1a: Alomomola|move: Protect\n|\n|-damage|p2a: Volcanion|83\/100 tox|[from] psn\n|upkeep\n|turn|41\n|\n|t:|1700039674\n|move|p2a: Volcanion|Scald|p1a: Alomomola\n|-resisted|p1a: Alomomola\n|-damage|p1a: Alomomola|33\/100\n|-status|p1a: Alomomola|brn\n|move|p1a: Alomomola|Wish|p1a: Alomomola\n|\n|-damage|p2a: Volcanion|65\/100 tox|[from] psn\n|-damage|p1a: Alomomola|27\/100 brn|[from] brn\n|upkeep\n|turn|42\n|\n|t:|1700039684\n|move|p1a: Alomomola|Protect|p1a: Alomomola\n|-singleturn|p1a: Alomomola|Protect\n|move|p2a: Volcanion|Scald|p1a: Alomomola\n|-activate|p1a: Alomomola|move: Protect\n|\n|-heal|p1a: Alomomola|77\/100 brn|[from] move: Wish|[wisher] Alomomola\n|-damage|p2a: Volcanion|41\/100 tox|[from] psn\n|-damage|p1a: Alomomola|71\/100 brn|[from] brn\n|upkeep\n|turn|43\n|inactive|biezouhaoma has 120 seconds left.\n|inactive|biezouhaoma has 90 seconds left.\n|\n|t:|1700039722\n|switch|p1a: Skeledirge|Skeledirge, F|100\/100\n|move|p2a: Volcanion|Scald|p1a: Skeledirge\n|-supereffective|p1a: Skeledirge\n|-damage|p1a: Skeledirge|0 fnt\n|faint|p1a: Skeledirge\n|\n|-damage|p2a: Volcanion|11\/100 tox|[from] psn\n|upkeep\n|\n|t:|1700039725\n|switch|p1a: Zeraora|Zeraora, tera:Electric|34\/100\n|turn|44\n|\n|t:|1700039729\n|move|p1a: Zeraora|Plasma Fists|p2a: Volcanion\n|-supereffective|p2a: Volcanion\n|-damage|p2a: Volcanion|0 fnt\n|-fieldactivate|move: Ion Deluge\n|-hint|Normal-type moves become Electric-type after using Plasma Fists.\n|faint|p2a: Volcanion\n|\n|upkeep\n|\n|t:|1700039731\n|switch|p2a: Barraskewda|Barraskewda, F|19\/100\n|turn|45\n|\n|t:|1700039739\n|switch|p1a: Alomomola|Alomomola, F|100\/100 brn\n|move|p2a: Barraskewda|Aqua Jet|p1a: Alomomola\n|-resisted|p1a: Alomomola\n|-damage|p1a: Alomomola|92\/100 brn\n|-damage|p2a: Barraskewda|2\/100|[from] item: Rocky Helmet|[of] p1a: Alomomola\n|\n|-damage|p1a: Alomomola|86\/100 brn|[from] brn\n|upkeep\n|turn|46\n|\n|t:|1700039746\n|move|p2a: Barraskewda|Aqua Jet|p1a: Alomomola\n|-resisted|p1a: Alomomola\n|-damage|p1a: Alomomola|77\/100 brn\n|-damage|p2a: Barraskewda|0 fnt|[from] item: Rocky Helmet|[of] p1a: Alomomola\n|faint|p2a: Barraskewda\n|\n|win|sdsslsy\n|raw|sdsslsy's rating: 1640 &rarr; <strong>1668<\/strong><br \/>(+28 for winning)\n|raw|biezouhaoma's rating: 1792 &rarr; <strong>1764<\/strong><br \/>(-28 for losing)\n","uploadtime":1700039763,"views":4,"p1id":"sdsslsy","p2id":"biezouhaoma","formatid":"gen9nationaldex","rating":1668,"private":0,"password":""}