{"id":"gen9nationaldex-1989504714","p1":"mtyqjltz4","p2":"quagsy","format":"[Gen 9] National Dex","log":"|j|\u2606mtyqjltz4\n|j|\u2606quagsy\n|t:|1699862036\n|gametype|singles\n|player|p1|mtyqjltz4|elesa|1436\n|player|p2|quagsy|266|1489\n|teamsize|p1|6\n|teamsize|p2|6\n|gen|9\n|tier|[Gen 9] National Dex\n|rated|\n|rule|HP Percentage Mod: HP is shown in percentages\n|rule|Endless Battle Clause: Forcing endless battles is banned\n|rule|OHKO Clause: OHKO moves are banned\n|rule|Evasion Clause: Evasion abilities, items, and moves are banned\n|rule|Evasion Abilities Clause: Evasion abilities are banned\n|rule|Evasion Items Clause: Evasion items are banned\n|rule|Evasion Moves Clause: Evasion moves are banned\n|rule|Species Clause: Limit one of each Pok\u00e9mon\n|rule|Sleep Clause Mod: Limit one foe put to sleep\n|clearpoke\n|poke|p1|Beedrill, M|\n|poke|p1|Chansey, F|\n|poke|p1|Garchomp, M|\n|poke|p1|Urshifu-*, M|\n|poke|p1|Volcarona, M|\n|poke|p1|Zapdos|\n|poke|p2|Banette, F|\n|poke|p2|Ursaluna, M|\n|poke|p2|Marowak-Alola, M|\n|poke|p2|Porygon2|\n|poke|p2|Hatterene, F|\n|poke|p2|Cofagrigus, M|\n|teampreview\n|inactive|Battle timer is ON: inactive players will automatically lose when time's up. (requested by mtyqjltz4)\n|inactive|mtyqjltz4 has 120 seconds left.\n|\n|t:|1699862091\n|start\n|switch|p1a: Beedrill|Beedrill, M|100\/100\n|switch|p2a: Hatterene|Hatterene, F|100\/100\n|turn|1\n|\n|t:|1699862106\n|detailschange|p1a: Beedrill|Beedrill-Mega, M\n|-mega|p1a: Beedrill|Beedrill|Beedrillite\n|move|p1a: Beedrill|Poison Jab|p2a: Hatterene\n|-supereffective|p2a: Hatterene\n|-enditem|p2a: Hatterene|Focus Sash\n|-damage|p2a: Hatterene|1\/100\n|-status|p2a: Hatterene|psn\n|move|p2a: Hatterene|Trick Room|p2a: Hatterene\n|-fieldstart|move: Trick Room|[of] p2a: Hatterene\n|\n|-damage|p2a: Hatterene|0 fnt|[from] psn\n|faint|p2a: Hatterene\n|upkeep\n|\n|t:|1699862117\n|switch|p2a: Marowak|Marowak-Alola, M|100\/100\n|turn|2\n|\n|t:|1699862141\n|switch|p1a: Urshifu|Urshifu-Rapid-Strike, M|100\/100\n|move|p2a: Marowak|Poltergeist|p1a: Urshifu\n|-activate|p1a: Urshifu|move: Poltergeist|Punching Glove\n|-damage|p1a: Urshifu|18\/100\n|\n|upkeep\n|turn|3\n|\n|t:|1699862155\n|switch|p1a: Chansey|Chansey, F|100\/100\n|move|p2a: Marowak|Flare Blitz|p1a: Chansey\n|-damage|p1a: Chansey|38\/100\n|\n|upkeep\n|turn|4\n|inactive|mtyqjltz4 has 120 seconds left.\n|\n|t:|1699862188\n|move|p2a: Marowak|Swords Dance|p2a: Marowak\n|-boost|p2a: Marowak|atk|2\n|move|p1a: Chansey|Soft-Boiled|p1a: Chansey\n|-heal|p1a: Chansey|88\/100\n|\n|upkeep\n|turn|5\n|inactive|mtyqjltz4 has 120 seconds left.\n|\n|t:|1699862206\n|switch|p1a: Zapdos|Zapdos|100\/100\n|move|p2a: Marowak|Flare Blitz|p1a: Zapdos\n|-damage|p1a: Zapdos|0 fnt\n|-status|p2a: Marowak|par|[from] ability: Static|[of] p1a: Zapdos\n|faint|p1a: Zapdos\n|\n|-fieldend|move: Trick Room\n|upkeep\n|\n|t:|1699862212\n|switch|p1a: Garchomp|Garchomp, M, shiny|100\/100\n|turn|6\n|\n|t:|1699862221\n|move|p1a: Garchomp|Earthquake|p2a: Marowak\n|-supereffective|p2a: Marowak\n|-damage|p2a: Marowak|0 fnt\n|faint|p2a: Marowak\n|\n|upkeep\n|\n|t:|1699862226\n|switch|p2a: Cofagrigus|Cofagrigus, M|100\/100\n|turn|7\n|\n|t:|1699862235\n|move|p1a: Garchomp|Swords Dance|p1a: Garchomp\n|-boost|p1a: Garchomp|atk|2\n|move|p2a: Cofagrigus|Trick Room|p2a: Cofagrigus\n|-fieldstart|move: Trick Room|[of] p2a: Cofagrigus\n|\n|upkeep\n|turn|8\n|\n|t:|1699862248\n|-zpower|p2a: Cofagrigus\n|move|p2a: Cofagrigus|Z-Memento|p1a: Garchomp|[anim]Memento\n|-activate|p2a: Cofagrigus|healreplacement\n|-unboost|p1a: Garchomp|atk|2\n|-unboost|p1a: Garchomp|spa|2\n|faint|p2a: Cofagrigus\n|move|p1a: Garchomp|Stealth Rock|p2: Cofagrigus\n|-sidestart|p2: quagsy|move: Stealth Rock\n|\n|upkeep\n|\n|t:|1699862275\n|switch|p2a: Ursaluna|Ursaluna, M|100\/100\n|-heal|p2a: Ursaluna|100\/100|[from] move: Memento|[zeffect]\n|-damage|p2a: Ursaluna|94\/100|[from] Stealth Rock\n|turn|9\n|inactive|quagsy has 120 seconds left.\n|inactive|mtyqjltz4 has 120 seconds left.\n|\n|t:|1699862300\n|switch|p1a: Volcarona|Volcarona, M, shiny|100\/100\n|move|p2a: Ursaluna|Swords Dance|p2a: Ursaluna\n|-boost|p2a: Ursaluna|atk|2\n|\n|-status|p2a: Ursaluna|brn|[from] item: Flame Orb\n|upkeep\n|turn|10\n|\n|t:|1699862307\n|move|p2a: Ursaluna|Facade|p1a: Volcarona\n|-damage|p1a: Volcarona|0 fnt\n|faint|p1a: Volcarona\n|\n|-damage|p2a: Ursaluna|88\/100 brn|[from] brn\n|upkeep\n|\n|t:|1699862311\n|switch|p1a: Chansey|Chansey, F|88\/100\n|turn|11\n|\n|t:|1699862316\n|-terastallize|p1a: Chansey|Ghost\n|move|p2a: Ursaluna|Earthquake|p1a: Chansey\n|-damage|p1a: Chansey|0 fnt\n|faint|p1a: Chansey\n|\n|-damage|p2a: Ursaluna|82\/100 brn|[from] brn\n|-fieldend|move: Trick Room\n|upkeep\n|\n|t:|1699862325\n|switch|p1a: Urshifu|Urshifu-Rapid-Strike, M|18\/100\n|turn|12\n|\n|t:|1699862345\n|move|p1a: Urshifu|Surging Strikes|p2a: Ursaluna\n|-supereffective|p2a: Ursaluna\n|-crit|p2a: Ursaluna\n|-damage|p2a: Ursaluna|52\/100 brn\n|-supereffective|p2a: Ursaluna\n|-crit|p2a: Ursaluna\n|-damage|p2a: Ursaluna|21\/100 brn\n|-supereffective|p2a: Ursaluna\n|-crit|p2a: Ursaluna\n|-damage|p2a: Ursaluna|0 fnt\n|faint|p2a: Ursaluna\n|-hitcount|p2: Ursaluna|3\n|\n|upkeep\n|\n|t:|1699862354\n|switch|p2a: Porygon2|Porygon2|100\/100\n|-damage|p2a: Porygon2|88\/100|[from] Stealth Rock\n|-ability|p2a: Porygon2|Unseen Fist|[from] ability: Trace|[of] p1a: Urshifu\n|turn|13\n|\n|t:|1699862360\n|move|p1a: Urshifu|Close Combat|p2a: Porygon2\n|-supereffective|p2a: Porygon2\n|-damage|p2a: Porygon2|30\/100\n|-unboost|p1a: Urshifu|def|1\n|-unboost|p1a: Urshifu|spd|1\n|move|p2a: Porygon2|Trick Room|p2a: Porygon2\n|-fieldstart|move: Trick Room|[of] p2a: Porygon2\n|\n|upkeep\n|turn|14\n|\n|t:|1699862377\n|move|p2a: Porygon2|Ice Beam|p1a: Urshifu\n|-resisted|p1a: Urshifu\n|-damage|p1a: Urshifu|0 fnt\n|faint|p1a: Urshifu\n|\n|upkeep\n|\n|t:|1699862384\n|switch|p1a: Beedrill|Beedrill-Mega, M|100\/100\n|turn|15\n|\n|t:|1699862388\n|move|p2a: Porygon2|Recover|p2a: Porygon2\n|-heal|p2a: Porygon2|80\/100\n|move|p1a: Beedrill|Poison Jab|p2a: Porygon2\n|-damage|p2a: Porygon2|52\/100\n|\n|upkeep\n|turn|16\n|\n|t:|1699862395\n|move|p2a: Porygon2|Recover|p2a: Porygon2\n|-heal|p2a: Porygon2|100\/100\n|move|p1a: Beedrill|Poison Jab|p2a: Porygon2\n|-damage|p2a: Porygon2|71\/100\n|\n|upkeep\n|turn|17\n|\n|t:|1699862402\n|move|p2a: Porygon2|Ice Beam|p1a: Beedrill\n|-damage|p1a: Beedrill|66\/100\n|move|p1a: Beedrill|Poison Jab|p2a: Porygon2\n|-damage|p2a: Porygon2|42\/100\n|-status|p2a: Porygon2|psn\n|\n|-damage|p2a: Porygon2|29\/100 psn|[from] psn\n|-fieldend|move: Trick Room\n|upkeep\n|turn|18\n|\n|t:|1699862407\n|move|p1a: Beedrill|Poison Jab|p2a: Porygon2\n|-damage|p2a: Porygon2|0 fnt\n|faint|p2a: Porygon2\n|\n|upkeep\n|-message|quagsy forfeited.\n|\n|win|mtyqjltz4\n|raw|mtyqjltz4's rating: 1436 &rarr; <strong>1459<\/strong><br \/>(+23 for winning)\n|raw|quagsy's rating: 1489 &rarr; <strong>1466<\/strong><br \/>(-23 for losing)\n|l|\u2606quagsy\n","uploadtime":1699862420,"views":4,"p1id":"mtyqjltz4","p2id":"quagsy","formatid":"gen9nationaldex","rating":1459,"private":0,"password":""}