{"id":"gen9nationaldex-1995384512","p1":"afnkm","p2":"csb1123","format":"[Gen 9] National Dex","log":"|html|<div class=\"broadcast-blue\"><strong>[Gen 9] National Dex is currently suspecting Sneasler! For information on how to participate check out the <a href=\"https:\/\/www.smogon.com\/forums\/threads\/sv-national-dex-suspect-8-just-dance.3731534\/\">suspect thread<\/a>.<\/strong><\/div>\n|j|\u2606afnkm\n|j|\u2606csb1123\n|t:|1700563473\n|gametype|singles\n|player|p1|afnkm|266|1774\n|player|p2|csb1123|265|1724\n|teamsize|p1|6\n|teamsize|p2|6\n|gen|9\n|tier|[Gen 9] National Dex\n|rated|\n|rule|HP Percentage Mod: HP is shown in percentages\n|rule|Endless Battle Clause: Forcing endless battles is banned\n|rule|OHKO Clause: OHKO moves are banned\n|rule|Evasion Clause: Evasion abilities, items, and moves are banned\n|rule|Evasion Abilities Clause: Evasion abilities are banned\n|rule|Evasion Items Clause: Evasion items are banned\n|rule|Evasion Moves Clause: Evasion moves are banned\n|rule|Species Clause: Limit one of each Pok\u00e9mon\n|rule|Sleep Clause Mod: Limit one foe put to sleep\n|clearpoke\n|poke|p1|Charizard, M|\n|poke|p1|Great Tusk|\n|poke|p1|Garganacl, M|\n|poke|p1|Hatterene, F|\n|poke|p1|Rillaboom, F|\n|poke|p1|Sneasler, F|\n|poke|p2|Ogerpon, F|\n|poke|p2|Corviknight, F|\n|poke|p2|Clodsire, M|\n|poke|p2|Tyranitar, M|\n|poke|p2|Tapu Fini|\n|poke|p2|Banette, M|\n|teampreview\n|inactive|Battle timer is ON: inactive players will automatically lose when time's up. (requested by csb1123)\n|inactive|afnkm also wants the timer to be on.\n|\n|t:|1700563488\n|start\n|switch|p1a: Rillaboom|Rillaboom, F|100\/100\n|switch|p2a: Banette|Banette, M|100\/100\n|-item|p1a: Rillaboom|Choice Band|[from] ability: Frisk|[of] p2a: Banette|[identify]\n|-fieldstart|move: Grassy Terrain|[from] ability: Grassy Surge|[of] p1a: Rillaboom\n|turn|1\n|\n|t:|1700563494\n|switch|p2a: Corviknight|Corviknight, F|100\/100\n|-ability|p2a: Corviknight|Pressure\n|move|p1a: Rillaboom|U-turn|p2a: Corviknight\n|-resisted|p2a: Corviknight\n|-damage|p2a: Corviknight|95\/100\n|\n|t:|1700563497\n|switch|p1a: Charizard|Charizard, M|100\/100|[from] U-turn\n|\n|upkeep\n|turn|2\n|\n|t:|1700563502\n|switch|p2a: Clodsire|Clodsire, M|100\/100\n|detailschange|p1a: Charizard|Charizard-Mega-Y, M\n|-mega|p1a: Charizard|Charizard|Charizardite Y\n|-weather|SunnyDay|[from] ability: Drought|[of] p1a: Charizard\n|move|p1a: Charizard|Scorching Sands|p2a: Clodsire\n|-supereffective|p2a: Clodsire\n|-damage|p2a: Clodsire|65\/100\n|\n|-weather|SunnyDay|[upkeep]\n|-heal|p2a: Clodsire|71\/100|[from] Grassy Terrain\n|-heal|p2a: Clodsire|77\/100|[from] item: Leftovers\n|upkeep\n|turn|3\n|\n|t:|1700563511\n|switch|p1a: Hatterene|Hatterene, F|100\/100\n|move|p2a: Clodsire|Toxic|p1a: Hatterene\n|move|p1a: Hatterene|Toxic|p2a: Clodsire|[from]ability: Magic Bounce\n|-immune|p2a: Clodsire\n|\n|-weather|SunnyDay|[upkeep]\n|-heal|p2a: Clodsire|83\/100|[from] Grassy Terrain\n|-heal|p2a: Clodsire|89\/100|[from] item: Leftovers\n|upkeep\n|turn|4\n|\n|t:|1700563517\n|switch|p1a: Great Tusk|Great Tusk|100\/100\n|-activate|p1a: Great Tusk|ability: Protosynthesis\n|-start|p1a: Great Tusk|protosynthesisatk\n|switch|p2a: Banette|Banette, M|100\/100\n|-item|p1a: Great Tusk|Life Orb|[from] ability: Frisk|[of] p2a: Banette|[identify]\n|\n|-weather|SunnyDay|[upkeep]\n|upkeep\n|turn|5\n|\n|t:|1700563532\n|detailschange|p2a: Banette|Banette-Mega, M\n|-mega|p2a: Banette|Banette|Banettite\n|move|p2a: Banette|Destiny Bond|p2a: Banette\n|-singlemove|p2a: Banette|Destiny Bond\n|move|p1a: Great Tusk|Headlong Rush|p2a: Banette\n|-damage|p2a: Banette|0 fnt\n|-unboost|p1a: Great Tusk|def|1\n|-unboost|p1a: Great Tusk|spd|1\n|faint|p2a: Banette\n|-activate|p2a: Banette|move: Destiny Bond\n|faint|p1a: Great Tusk\n|-end|p1a: Great Tusk|Protosynthesis|[silent]\n|\n|-weather|SunnyDay|[upkeep]\n|-fieldend|move: Grassy Terrain\n|upkeep\n|\n|t:|1700563544\n|switch|p1a: Garganacl|Garganacl, M|100\/100\n|switch|p2a: Ogerpon|Ogerpon, F|100\/100\n|turn|6\n|\n|t:|1700563551\n|-terastallize|p1a: Garganacl|Dragon\n|move|p2a: Ogerpon|Swords Dance|p2a: Ogerpon\n|-boost|p2a: Ogerpon|atk|2\n|move|p1a: Garganacl|Salt Cure|p2a: Ogerpon\n|-damage|p2a: Ogerpon|83\/100\n|-start|p2a: Ogerpon|Salt Cure\n|\n|-weather|none\n|-damage|p2a: Ogerpon|70\/100|[from] Salt Cure\n|upkeep\n|turn|7\n|\n|t:|1700563558\n|move|p2a: Ogerpon|Superpower|p1a: Garganacl\n|-damage|p1a: Garganacl|60\/100\n|-unboost|p2a: Ogerpon|atk|1\n|-unboost|p2a: Ogerpon|def|1\n|move|p1a: Garganacl|Stealth Rock|p2a: Ogerpon\n|-sidestart|p2: csb1123|move: Stealth Rock\n|\n|-heal|p1a: Garganacl|66\/100|[from] item: Leftovers\n|-damage|p2a: Ogerpon|58\/100|[from] Salt Cure\n|upkeep\n|turn|8\n|\n|t:|1700563566\n|switch|p2a: Corviknight|Corviknight, F|95\/100\n|-damage|p2a: Corviknight|83\/100|[from] Stealth Rock\n|-ability|p2a: Corviknight|Pressure\n|move|p1a: Garganacl|Salt Cure|p2a: Corviknight\n|-damage|p2a: Corviknight|74\/100\n|\n|-heal|p1a: Garganacl|72\/100|[from] item: Leftovers\n|upkeep\n|turn|9\n|\n|t:|1700563574\n|switch|p1a: Charizard|Charizard-Mega-Y, M|100\/100\n|-weather|SunnyDay|[from] ability: Drought|[of] p1a: Charizard\n|move|p2a: Corviknight|Roost|p2a: Corviknight\n|-heal|p2a: Corviknight|100\/100\n|-singleturn|p2a: Corviknight|move: Roost\n|\n|-weather|SunnyDay|[upkeep]\n|upkeep\n|turn|10\n|\n|t:|1700563576\n|switch|p2a: Tyranitar|Tyranitar, M|100\/100\n|-damage|p2a: Tyranitar|88\/100|[from] Stealth Rock\n|-weather|Sandstorm|[from] ability: Sand Stream|[of] p2a: Tyranitar\n|move|p1a: Charizard|Weather Ball|p2a: Tyranitar\n|-damage|p2a: Tyranitar|68\/100\n|\n|-weather|Sandstorm|[upkeep]\n|-damage|p1a: Charizard|94\/100|[from] Sandstorm\n|upkeep\n|turn|11\n|\n|t:|1700563587\n|-activate|p1a: Charizard|move: Pursuit\n|move|p2a: Tyranitar|Pursuit|p1a: Charizard|[from]Pursuit\n|-damage|p1a: Charizard|48\/100\n|switch|p1a: Rillaboom|Rillaboom, F|100\/100\n|-fieldstart|move: Grassy Terrain|[from] ability: Grassy Surge|[of] p1a: Rillaboom\n|\n|-weather|Sandstorm|[upkeep]\n|-damage|p1a: Rillaboom|94\/100|[from] Sandstorm\n|-heal|p2a: Tyranitar|74\/100|[from] Grassy Terrain\n|-heal|p1a: Rillaboom|100\/100|[from] Grassy Terrain\n|upkeep\n|turn|12\n|\n|t:|1700563593\n|switch|p2a: Corviknight|Corviknight, F|100\/100\n|-damage|p2a: Corviknight|88\/100|[from] Stealth Rock\n|-ability|p2a: Corviknight|Pressure\n|move|p1a: Rillaboom|U-turn|p2a: Corviknight\n|-resisted|p2a: Corviknight\n|-damage|p2a: Corviknight|82\/100\n|\n|t:|1700563596\n|switch|p1a: Charizard|Charizard-Mega-Y, M|48\/100|[from] U-turn\n|-weather|SunnyDay|[from] ability: Drought|[of] p1a: Charizard\n|\n|-weather|SunnyDay|[upkeep]\n|upkeep\n|turn|13\n|\n|t:|1700563602\n|switch|p2a: Clodsire|Clodsire, M|89\/100\n|-damage|p2a: Clodsire|83\/100|[from] Stealth Rock\n|move|p1a: Charizard|Scorching Sands|p2a: Clodsire\n|-supereffective|p2a: Clodsire\n|-damage|p2a: Clodsire|47\/100\n|\n|-weather|SunnyDay|[upkeep]\n|-heal|p2a: Clodsire|53\/100|[from] Grassy Terrain\n|-heal|p2a: Clodsire|59\/100|[from] item: Leftovers\n|upkeep\n|turn|14\n|j| KoKoual\n|j| chinese_lin\n|\n|t:|1700563609\n|switch|p2a: Tapu Fini|Tapu Fini|100\/100\n|-damage|p2a: Tapu Fini|88\/100|[from] Stealth Rock\n|-fieldstart|move: Misty Terrain|[from] ability: Misty Surge|[of] p2a: Tapu Fini\n|move|p1a: Charizard|Roost|p1a: Charizard\n|-heal|p1a: Charizard|98\/100\n|-singleturn|p1a: Charizard|move: Roost\n|\n|-weather|SunnyDay|[upkeep]\n|-heal|p2a: Tapu Fini|94\/100|[from] item: Leftovers\n|upkeep\n|turn|15\n|\n|t:|1700563619\n|switch|p2a: Tyranitar|Tyranitar, M|74\/100\n|-damage|p2a: Tyranitar|62\/100|[from] Stealth Rock\n|-weather|Sandstorm|[from] ability: Sand Stream|[of] p2a: Tyranitar\n|move|p1a: Charizard|Weather Ball|p2a: Tyranitar\n|-damage|p2a: Tyranitar|41\/100\n|\n|-weather|Sandstorm|[upkeep]\n|-damage|p1a: Charizard|92\/100|[from] Sandstorm\n|upkeep\n|turn|16\n|\n|t:|1700563625\n|move|p1a: Charizard|Scorching Sands|p2a: Tyranitar\n|-supereffective|p2a: Tyranitar\n|-damage|p2a: Tyranitar|11\/100\n|move|p2a: Tyranitar|Pursuit|p1a: Charizard\n|-damage|p1a: Charizard|67\/100\n|\n|-weather|Sandstorm|[upkeep]\n|-damage|p1a: Charizard|61\/100|[from] Sandstorm\n|upkeep\n|turn|17\n|\n|t:|1700563633\n|switch|p2a: Clodsire|Clodsire, M|59\/100\n|-damage|p2a: Clodsire|53\/100|[from] Stealth Rock\n|move|p1a: Charizard|Scorching Sands|p2a: Clodsire\n|-supereffective|p2a: Clodsire\n|-damage|p2a: Clodsire|18\/100\n|\n|-weather|Sandstorm|[upkeep]\n|-damage|p1a: Charizard|55\/100|[from] Sandstorm\n|-heal|p2a: Clodsire|24\/100|[from] item: Leftovers\n|upkeep\n|turn|18\n|\n|t:|1700563645\n|switch|p2a: Tyranitar|Tyranitar, M|11\/100\n|-damage|p2a: Tyranitar|0 fnt|[from] Stealth Rock\n|faint|p2a: Tyranitar\n|move|p1a: Charizard|Scorching Sands|p2: Tyranitar|[notarget]\n|-fail|p1a: Charizard\n|\n|-weather|Sandstorm|[upkeep]\n|-damage|p1a: Charizard|49\/100|[from] Sandstorm\n|-fieldend|Misty Terrain\n|upkeep\n|\n|t:|1700563652\n|switch|p2a: Tapu Fini|Tapu Fini|94\/100\n|-damage|p2a: Tapu Fini|82\/100|[from] Stealth Rock\n|-fieldstart|move: Misty Terrain|[from] ability: Misty Surge|[of] p2a: Tapu Fini\n|turn|19\n|\n|t:|1700563656\n|switch|p1a: Rillaboom|Rillaboom, F|100\/100\n|-fieldstart|move: Grassy Terrain|[from] ability: Grassy Surge|[of] p1a: Rillaboom\n|move|p2a: Tapu Fini|Calm Mind|p2a: Tapu Fini\n|-boost|p2a: Tapu Fini|spa|1\n|-boost|p2a: Tapu Fini|spd|1\n|\n|-weather|none\n|-heal|p2a: Tapu Fini|88\/100|[from] Grassy Terrain\n|-heal|p2a: Tapu Fini|94\/100|[from] item: Leftovers\n|upkeep\n|turn|20\n|\n|t:|1700563660\n|-terastallize|p2a: Tapu Fini|Poison\n|move|p1a: Rillaboom|U-turn|p2a: Tapu Fini\n|-resisted|p2a: Tapu Fini\n|-damage|p2a: Tapu Fini|81\/100\n|\n|t:|1700563662\n|switch|p1a: Charizard|Charizard-Mega-Y, M|49\/100|[from] U-turn\n|-weather|SunnyDay|[from] ability: Drought|[of] p1a: Charizard\n|move|p2a: Tapu Fini|Calm Mind|p2a: Tapu Fini\n|-boost|p2a: Tapu Fini|spa|1\n|-boost|p2a: Tapu Fini|spd|1\n|\n|-weather|SunnyDay|[upkeep]\n|-heal|p2a: Tapu Fini|87\/100|[from] Grassy Terrain\n|-heal|p2a: Tapu Fini|93\/100|[from] item: Leftovers\n|upkeep\n|turn|21\n|\n|t:|1700563666\n|move|p1a: Charizard|Weather Ball|p2a: Tapu Fini\n|-damage|p2a: Tapu Fini|56\/100\n|move|p2a: Tapu Fini|Calm Mind|p2a: Tapu Fini\n|-boost|p2a: Tapu Fini|spa|1\n|-boost|p2a: Tapu Fini|spd|1\n|\n|-weather|SunnyDay|[upkeep]\n|-heal|p2a: Tapu Fini|62\/100|[from] Grassy Terrain\n|-heal|p2a: Tapu Fini|68\/100|[from] item: Leftovers\n|upkeep\n|turn|22\n|\n|t:|1700563671\n|move|p1a: Charizard|Air Slash|p2a: Tapu Fini\n|-damage|p2a: Tapu Fini|52\/100\n|move|p2a: Tapu Fini|Draining Kiss|p1a: Charizard\n|-resisted|p1a: Charizard\n|-damage|p1a: Charizard|29\/100\n|-heal|p2a: Tapu Fini|66\/100|[from] drain|[of] p1a: Charizard\n|\n|-weather|SunnyDay|[upkeep]\n|-heal|p2a: Tapu Fini|72\/100|[from] Grassy Terrain\n|-heal|p2a: Tapu Fini|78\/100|[from] item: Leftovers\n|upkeep\n|turn|23\n|\n|t:|1700563677\n|move|p1a: Charizard|Scorching Sands|p2a: Tapu Fini\n|-supereffective|p2a: Tapu Fini\n|-damage|p2a: Tapu Fini|57\/100\n|move|p2a: Tapu Fini|Draining Kiss|p1a: Charizard\n|-resisted|p1a: Charizard\n|-damage|p1a: Charizard|8\/100\n|-heal|p2a: Tapu Fini|72\/100|[from] drain|[of] p1a: Charizard\n|\n|-weather|SunnyDay|[upkeep]\n|-heal|p2a: Tapu Fini|78\/100|[from] Grassy Terrain\n|-heal|p2a: Tapu Fini|84\/100|[from] item: Leftovers\n|-fieldend|move: Grassy Terrain\n|upkeep\n|turn|24\n|\n|t:|1700563681\n|move|p1a: Charizard|Scorching Sands|p2a: Tapu Fini\n|-supereffective|p2a: Tapu Fini\n|-damage|p2a: Tapu Fini|62\/100\n|-status|p2a: Tapu Fini|brn\n|move|p2a: Tapu Fini|Draining Kiss|p1a: Charizard\n|-resisted|p1a: Charizard\n|-damage|p1a: Charizard|0 fnt\n|-heal|p2a: Tapu Fini|68\/100 brn|[from] drain|[of] p1a: Charizard\n|faint|p1a: Charizard\n|\n|-weather|none\n|-heal|p2a: Tapu Fini|74\/100 brn|[from] item: Leftovers\n|-damage|p2a: Tapu Fini|68\/100 brn|[from] brn\n|upkeep\n|\n|t:|1700563688\n|switch|p1a: Hatterene|Hatterene, F|100\/100\n|turn|25\n|\n|t:|1700563695\n|move|p2a: Tapu Fini|Calm Mind|p2a: Tapu Fini\n|-boost|p2a: Tapu Fini|spa|1\n|-boost|p2a: Tapu Fini|spd|1\n|move|p1a: Hatterene|Calm Mind|p1a: Hatterene\n|-boost|p1a: Hatterene|spa|1\n|-boost|p1a: Hatterene|spd|1\n|\n|-heal|p2a: Tapu Fini|74\/100 brn|[from] item: Leftovers\n|-damage|p2a: Tapu Fini|68\/100 brn|[from] brn\n|upkeep\n|turn|26\n|\n|t:|1700563700\n|move|p2a: Tapu Fini|Draining Kiss|p1a: Hatterene\n|-damage|p1a: Hatterene|75\/100\n|-heal|p2a: Tapu Fini|86\/100 brn|[from] drain|[of] p1a: Hatterene\n|move|p1a: Hatterene|Calm Mind|p1a: Hatterene\n|-boost|p1a: Hatterene|spa|1\n|-boost|p1a: Hatterene|spd|1\n|\n|-heal|p2a: Tapu Fini|92\/100 brn|[from] item: Leftovers\n|-heal|p1a: Hatterene|81\/100|[from] item: Leftovers\n|-damage|p2a: Tapu Fini|86\/100 brn|[from] brn\n|upkeep\n|turn|27\n|\n|t:|1700563707\n|move|p2a: Tapu Fini|Calm Mind|p2a: Tapu Fini\n|-boost|p2a: Tapu Fini|spa|1\n|-boost|p2a: Tapu Fini|spd|1\n|move|p1a: Hatterene|Psychic|p2a: Tapu Fini\n|-supereffective|p2a: Tapu Fini\n|-damage|p2a: Tapu Fini|50\/100 brn\n|\n|-heal|p2a: Tapu Fini|56\/100 brn|[from] item: Leftovers\n|-heal|p1a: Hatterene|87\/100|[from] item: Leftovers\n|-damage|p2a: Tapu Fini|50\/100 brn|[from] brn\n|upkeep\n|turn|28\n|\n|t:|1700563709\n|move|p2a: Tapu Fini|Draining Kiss|p1a: Hatterene\n|-damage|p1a: Hatterene|66\/100\n|-heal|p2a: Tapu Fini|65\/100 brn|[from] drain|[of] p1a: Hatterene\n|move|p1a: Hatterene|Psychic|p2a: Tapu Fini\n|-supereffective|p2a: Tapu Fini\n|-damage|p2a: Tapu Fini|30\/100 brn\n|\n|-heal|p2a: Tapu Fini|36\/100 brn|[from] item: Leftovers\n|-heal|p1a: Hatterene|72\/100|[from] item: Leftovers\n|-damage|p2a: Tapu Fini|30\/100 brn|[from] brn\n|upkeep\n|turn|29\n|\n|t:|1700563716\n|move|p2a: Tapu Fini|Draining Kiss|p1a: Hatterene\n|-damage|p1a: Hatterene|51\/100\n|-heal|p2a: Tapu Fini|44\/100 brn|[from] drain|[of] p1a: Hatterene\n|move|p1a: Hatterene|Psychic|p2a: Tapu Fini\n|-supereffective|p2a: Tapu Fini\n|-damage|p2a: Tapu Fini|11\/100 brn\n|\n|-heal|p2a: Tapu Fini|17\/100 brn|[from] item: Leftovers\n|-heal|p1a: Hatterene|57\/100|[from] item: Leftovers\n|-damage|p2a: Tapu Fini|11\/100 brn|[from] brn\n|upkeep\n|turn|30\n|\n|t:|1700563722\n|move|p2a: Tapu Fini|Draining Kiss|p1a: Hatterene\n|-damage|p1a: Hatterene|37\/100\n|-heal|p2a: Tapu Fini|25\/100 brn|[from] drain|[of] p1a: Hatterene\n|move|p1a: Hatterene|Psychic|p2a: Tapu Fini\n|-supereffective|p2a: Tapu Fini\n|-damage|p2a: Tapu Fini|0 fnt\n|faint|p2a: Tapu Fini\n|\n|-heal|p1a: Hatterene|43\/100|[from] item: Leftovers\n|upkeep\n|\n|t:|1700563725\n|switch|p2a: Ogerpon|Ogerpon, F|58\/100\n|turn|31\n|\n|t:|1700563727\n|move|p2a: Ogerpon|Ivy Cudgel|p1a: Hatterene\n|-damage|p1a: Hatterene|0 fnt\n|faint|p1a: Hatterene\n|\n|upkeep\n|\n|t:|1700563730\n|switch|p1a: Rillaboom|Rillaboom, F|100\/100\n|-fieldstart|move: Grassy Terrain|[from] ability: Grassy Surge|[of] p1a: Rillaboom\n|turn|32\n|\n|t:|1700563733\n|switch|p2a: Corviknight|Corviknight, F|82\/100\n|-damage|p2a: Corviknight|70\/100|[from] Stealth Rock\n|-ability|p2a: Corviknight|Pressure\n|move|p1a: Rillaboom|U-turn|p2a: Corviknight\n|-resisted|p2a: Corviknight\n|-damage|p2a: Corviknight|64\/100\n|\n|t:|1700563739\n|switch|p1a: Sneasler|Sneasler, F|100\/100|[from] U-turn\n|-enditem|p1a: Sneasler|Grassy Seed\n|-boost|p1a: Sneasler|def|1|[from] item: Grassy Seed\n|\n|upkeep\n|turn|33\n|\n|t:|1700563742\n|move|p1a: Sneasler|Swords Dance|p1a: Sneasler\n|-boost|p1a: Sneasler|atk|2\n|move|p2a: Corviknight|Iron Defense|p2a: Corviknight\n|-boost|p2a: Corviknight|def|2\n|\n|upkeep\n|turn|34\n|\n|t:|1700563747\n|move|p1a: Sneasler|Swords Dance|p1a: Sneasler\n|-boost|p1a: Sneasler|atk|2\n|move|p2a: Corviknight|Iron Defense|p2a: Corviknight\n|-boost|p2a: Corviknight|def|2\n|\n|upkeep\n|turn|35\n|l| KoKoual\n|\n|t:|1700563755\n|move|p1a: Sneasler|Close Combat|p2a: Corviknight\n|-damage|p2a: Corviknight|30\/100\n|-unboost|p1a: Sneasler|def|1\n|-unboost|p1a: Sneasler|spd|1\n|move|p2a: Corviknight|Roost|p2a: Corviknight\n|-heal|p2a: Corviknight|80\/100\n|-singleturn|p2a: Corviknight|move: Roost\n|\n|-heal|p2a: Corviknight|86\/100|[from] Grassy Terrain\n|upkeep\n|turn|36\n|\n|t:|1700563760\n|move|p1a: Sneasler|Close Combat|p2a: Corviknight\n|-damage|p2a: Corviknight|52\/100\n|-unboost|p1a: Sneasler|def|1\n|-unboost|p1a: Sneasler|spd|1\n|move|p2a: Corviknight|Iron Defense|p2a: Corviknight\n|-boost|p2a: Corviknight|def|2\n|\n|-fieldend|move: Grassy Terrain\n|upkeep\n|turn|37\n|\n|t:|1700563764\n|move|p1a: Sneasler|Close Combat|p2a: Corviknight\n|-damage|p2a: Corviknight|25\/100\n|-unboost|p1a: Sneasler|def|1\n|-unboost|p1a: Sneasler|spd|1\n|move|p2a: Corviknight|Roost|p2a: Corviknight\n|-heal|p2a: Corviknight|75\/100\n|-singleturn|p2a: Corviknight|move: Roost\n|\n|upkeep\n|turn|38\n|\n|t:|1700563770\n|move|p1a: Sneasler|Swords Dance|p1a: Sneasler\n|-boost|p1a: Sneasler|atk|2\n|move|p2a: Corviknight|Roost|p2a: Corviknight\n|-heal|p2a: Corviknight|100\/100\n|-singleturn|p2a: Corviknight|move: Roost\n|\n|upkeep\n|turn|39\n|\n|t:|1700563774\n|move|p1a: Sneasler|Close Combat|p2a: Corviknight\n|-damage|p2a: Corviknight|62\/100\n|-unboost|p1a: Sneasler|def|1\n|-unboost|p1a: Sneasler|spd|1\n|move|p2a: Corviknight|Body Press|p1a: Sneasler\n|-resisted|p1a: Sneasler\n|-damage|p1a: Sneasler|0 fnt\n|faint|p1a: Sneasler\n|\n|upkeep\n|\n|t:|1700563777\n|switch|p1a: Rillaboom|Rillaboom, F|100\/100\n|-fieldstart|move: Grassy Terrain|[from] ability: Grassy Surge|[of] p1a: Rillaboom\n|turn|40\n|\n|t:|1700563780\n|move|p1a: Rillaboom|Knock Off|p2a: Corviknight\n|-damage|p2a: Corviknight|54\/100\n|-enditem|p2a: Corviknight|Covert Cloak|[from] move: Knock Off|[of] p1a: Rillaboom\n|move|p2a: Corviknight|Roost|p2a: Corviknight\n|-heal|p2a: Corviknight|100\/100\n|-singleturn|p2a: Corviknight|move: Roost\n|\n|upkeep\n|turn|41\n|\n|t:|1700563783\n|switch|p1a: Garganacl|Garganacl, M, tera:Dragon|72\/100\n|move|p2a: Corviknight|Body Press|p1a: Garganacl\n|-damage|p1a: Garganacl|17\/100\n|\n|-heal|p1a: Garganacl|23\/100|[from] Grassy Terrain\n|-heal|p1a: Garganacl|29\/100|[from] item: Leftovers\n|upkeep\n|turn|42\n|\n|t:|1700563785\n|move|p2a: Corviknight|Body Press|p1a: Garganacl\n|-damage|p1a: Garganacl|0 fnt\n|faint|p1a: Garganacl\n|\n|upkeep\n|-message|afnkm forfeited.\n|\n|win|csb1123\n|raw|afnkm's rating: 1774 &rarr; <strong>1751<\/strong><br \/>(-23 for losing)\n|raw|csb1123's rating: 1724 &rarr; <strong>1747<\/strong><br \/>(+23 for winning)\n|l|\u2606afnkm\n","uploadtime":1700563795,"views":17,"p1id":"afnkm","p2id":"csb1123","formatid":"gen9nationaldex","rating":1747,"private":0,"password":""}