{"id":"gen9nationaldex-1987387164","p1":"569chicken","p2":"immun!ty","format":"[Gen 9] National Dex","log":"|j|\u2606569chicken\n|j|\u2606immun!ty\n|t:|1699584854\n|gametype|singles\n|player|p1|569chicken|101|1427\n|player|p2|immun!ty|pokemonbreederf-gen4|1469\n|teamsize|p1|6\n|teamsize|p2|6\n|gen|9\n|tier|[Gen 9] National Dex\n|rated|\n|rule|HP Percentage Mod: HP is shown in percentages\n|rule|Endless Battle Clause: Forcing endless battles is banned\n|rule|OHKO Clause: OHKO moves are banned\n|rule|Evasion Clause: Evasion abilities, items, and moves are banned\n|rule|Evasion Abilities Clause: Evasion abilities are banned\n|rule|Evasion Items Clause: Evasion items are banned\n|rule|Evasion Moves Clause: Evasion moves are banned\n|rule|Species Clause: Limit one of each Pok\u00e9mon\n|rule|Sleep Clause Mod: Limit one foe put to sleep\n|clearpoke\n|poke|p1|Tapu Koko|\n|poke|p1|Iron Valiant|\n|poke|p1|Sneasler, M|\n|poke|p1|Pinsir, M|\n|poke|p1|Landorus-Therian, M|\n|poke|p1|Pawmot, M|\n|poke|p2|Banette, F|\n|poke|p2|Alomomola, F|\n|poke|p2|Rotom-Heat|\n|poke|p2|Tapu Lele|\n|poke|p2|Ferrothorn, M|\n|poke|p2|Sneasler, F|\n|teampreview\n|inactive|Battle timer is ON: inactive players will automatically lose when time's up. (requested by immun!ty)\n|c|\u2606immun!ty|gl hf\n|\n|t:|1699584865\n|start\n|switch|p1a: Pinsir|Pinsir, M|100\/100\n|switch|p2a: Ferrothorn|Ferrothorn, M|100\/100\n|turn|1\n|\n|t:|1699584880\n|detailschange|p1a: Pinsir|Pinsir-Mega, M\n|-mega|p1a: Pinsir|Pinsir|Pinsirite\n|move|p1a: Pinsir|Swords Dance|p1a: Pinsir\n|-boost|p1a: Pinsir|atk|2\n|move|p2a: Ferrothorn|Thunder Wave|p1a: Pinsir\n|-status|p1a: Pinsir|par\n|\n|upkeep\n|turn|2\n|\n|t:|1699584891\n|switch|p2a: Alomomola|Alomomola, F|100\/100\n|move|p1a: Pinsir|Double-Edge|p2a: Alomomola\n|-damage|p2a: Alomomola|0 fnt\n|faint|p2a: Alomomola\n|-damage|p1a: Pinsir|43\/100 par|[from] Recoil\n|\n|upkeep\n|c|\u2606immun!ty|oh\n|\n|t:|1699584896\n|switch|p2a: Rotom|Rotom-Heat, shiny|100\/100\n|turn|3\n|\n|t:|1699584904\n|cant|p1a: Pinsir|par\n|move|p2a: Rotom|Volt Switch|p1a: Pinsir\n|-supereffective|p1a: Pinsir\n|-damage|p1a: Pinsir|0 fnt\n|faint|p1a: Pinsir\n|\n|t:|1699584907\n|switch|p2a: Ferrothorn|Ferrothorn, M|100\/100|[from] Volt Switch\n|\n|upkeep\n|\n|t:|1699584915\n|switch|p1a: Pawmot|Pawmot, M|100\/100\n|turn|4\n|\n|t:|1699584921\n|move|p1a: Pawmot|Revival Blessing|p1a: Pawmot\n|-enditem|p1a: Pawmot|Leppa Berry|[eat]\n|-activate|p1a: Pawmot|item: Leppa Berry|Revival Blessing|[consumed]\n|\n|t:|1699584924\n|-heal|p1: Pinsir|50\/100|[from] move: Revival Blessing\n|move|p2a: Ferrothorn|Stealth Rock|p1a: Pawmot\n|-sidestart|p1: 569chicken|move: Stealth Rock\n|\n|upkeep\n|turn|5\n|\n|t:|1699584927\n|switch|p1a: hades|Landorus-Therian, M|100\/100\n|-damage|p1a: hades|88\/100|[from] Stealth Rock\n|-ability|p1a: hades|Intimidate|boost\n|-unboost|p2a: Ferrothorn|atk|1\n|move|p2a: Ferrothorn|Leech Seed|p1a: hades\n|-start|p1a: hades|move: Leech Seed\n|\n|-damage|p1a: hades|76\/100|[from] Leech Seed|[of] p2a: Ferrothorn\n|upkeep\n|turn|6\n|\n|t:|1699584932\n|switch|p2a: Rotom|Rotom-Heat, shiny|100\/100\n|move|p1a: hades|Defog|p2a: Rotom\n|-unboost|p2a: Rotom|evasion|1\n|-sideend|p1: 569chicken|Stealth Rock|[from] move: Defog|[of] p1a: hades\n|\n|-damage|p1a: hades|64\/100|[from] Leech Seed|[of] p2a: Rotom\n|upkeep\n|turn|7\n|\n|t:|1699584937\n|move|p1a: hades|U-turn|p2a: Rotom\n|-resisted|p2a: Rotom\n|-damage|p2a: Rotom|89\/100\n|\n|t:|1699584940\n|switch|p1a: ADHD|Tapu Koko|100\/100|[from] U-turn\n|-fieldstart|move: Electric Terrain|[from] ability: Electric Surge|[of] p1a: ADHD\n|move|p2a: Rotom|Will-O-Wisp|p1a: ADHD|[miss]\n|-miss|p2a: Rotom|p1a: ADHD\n|\n|upkeep\n|turn|8\n|\n|t:|1699584945\n|switch|p2a: Ferrothorn|Ferrothorn, M|100\/100\n|move|p1a: ADHD|U-turn|p2a: Ferrothorn\n|-crit|p2a: Ferrothorn\n|-damage|p2a: Ferrothorn|85\/100\n|-damage|p1a: ADHD|88\/100|[from] ability: Iron Barbs|[of] p2a: Ferrothorn\n|\n|t:|1699584955\n|switch|p1a: kristhealtgod|Iron Valiant|100\/100|[from] U-turn\n|-activate|p1a: kristhealtgod|ability: Quark Drive\n|-start|p1a: kristhealtgod|quarkdrivespe\n|\n|-heal|p2a: Ferrothorn|92\/100|[from] item: Leftovers\n|upkeep\n|turn|9\n|\n|t:|1699584962\n|-terastallize|p1a: kristhealtgod|Electric\n|-terastallize|p2a: Ferrothorn|Flying\n|move|p1a: kristhealtgod|Aura Sphere|p2a: Ferrothorn\n|-resisted|p2a: Ferrothorn\n|-damage|p2a: Ferrothorn|70\/100\n|-damage|p1a: kristhealtgod|91\/100|[from] item: Life Orb\n|move|p2a: Ferrothorn|Thunder Wave|p1a: kristhealtgod\n|-immune|p1a: kristhealtgod\n|\n|-heal|p2a: Ferrothorn|76\/100|[from] item: Leftovers\n|upkeep\n|turn|10\n|\n|t:|1699584973\n|move|p1a: kristhealtgod|Thunderbolt|p2a: Ferrothorn\n|-supereffective|p2a: Ferrothorn\n|-damage|p2a: Ferrothorn|0 fnt\n|faint|p2a: Ferrothorn\n|-damage|p1a: kristhealtgod|81\/100|[from] item: Life Orb\n|\n|upkeep\n|\n|t:|1699584976\n|switch|p2a: Tapu Lele|Tapu Lele|100\/100\n|-fieldstart|move: Psychic Terrain|[from] ability: Psychic Surge|[of] p2a: Tapu Lele\n|-end|p1a: kristhealtgod|Quark Drive\n|turn|11\n|\n|t:|1699584984\n|-end|p1a: kristhealtgod|Quark Drive|[silent]\n|switch|p1a: hades|Landorus-Therian, M|64\/100\n|-ability|p1a: hades|Intimidate|boost\n|-unboost|p2a: Tapu Lele|atk|1\n|move|p2a: Tapu Lele|Psychic|p1a: hades\n|-crit|p1a: hades\n|-damage|p1a: hades|0 fnt\n|faint|p1a: hades\n|\n|upkeep\n|c|\u2606immun!ty|i got out played from that double edge tbh\n|\n|t:|1699584991\n|switch|p1a: ADHD|Tapu Koko|88\/100\n|-fieldstart|move: Electric Terrain|[from] ability: Electric Surge|[of] p1a: ADHD\n|turn|12\n|\n|t:|1699584994\n|move|p1a: ADHD|U-turn|p2a: Tapu Lele\n|-damage|p2a: Tapu Lele|77\/100\n|\n|t:|1699585007\n|switch|p1a: kristhealtgod|Iron Valiant, tera:Electric|81\/100|[from] U-turn\n|-activate|p1a: kristhealtgod|ability: Quark Drive\n|-start|p1a: kristhealtgod|quarkdrivespe\n|move|p2a: Tapu Lele|Psychic|p1a: kristhealtgod\n|-damage|p1a: kristhealtgod|0 fnt\n|faint|p1a: kristhealtgod\n|-end|p1a: kristhealtgod|Quark Drive|[silent]\n|\n|upkeep\n|\n|t:|1699585009\n|switch|p1a: pop goes the|Sneasler, M|100\/100\n|-enditem|p1a: pop goes the|Electric Seed\n|-boost|p1a: pop goes the|def|1|[from] item: Electric Seed\n|turn|13\n|\n|t:|1699585015\n|switch|p2a: Banette|Banette, F|100\/100\n|move|p1a: pop goes the|Dire Claw|p2a: Banette\n|-resisted|p2a: Banette\n|-damage|p2a: Banette|67\/100\n|\n|upkeep\n|turn|14\n|\n|t:|1699585024\n|detailschange|p2a: Banette|Banette-Mega, F\n|-mega|p2a: Banette|Banette|Banettite\n|move|p2a: Banette|Destiny Bond|p2a: Banette\n|-singlemove|p2a: Banette|Destiny Bond\n|move|p1a: pop goes the|Acrobatics|p2a: Banette\n|-damage|p2a: Banette|12\/100\n|\n|upkeep\n|turn|15\n|\n|t:|1699585041\n|move|p1a: pop goes the|Dire Claw|p2a: Banette\n|-resisted|p2a: Banette\n|-damage|p2a: Banette|0 fnt\n|faint|p2a: Banette\n|-activate|p2a: Banette|move: Destiny Bond\n|faint|p1a: pop goes the\n|\n|upkeep\n|\n|t:|1699585046\n|switch|p1a: Pawmot|Pawmot, M|100\/100\n|switch|p2a: Tapu Lele|Tapu Lele|77\/100\n|-fieldstart|move: Psychic Terrain|[from] ability: Psychic Surge|[of] p2a: Tapu Lele\n|turn|16\n|\n|t:|1699585052\n|move|p1a: Pawmot|Revival Blessing|p1a: Pawmot\n|\n|t:|1699585070\n|-heal|p1: kristhealtgod|50\/100|[from] move: Revival Blessing\n|move|p2a: Tapu Lele|Psychic|p1a: Pawmot\n|-supereffective|p1a: Pawmot\n|-damage|p1a: Pawmot|0 fnt\n|faint|p1a: Pawmot\n|\n|upkeep\n|\n|t:|1699585075\n|switch|p1a: ADHD|Tapu Koko|88\/100\n|-fieldstart|move: Electric Terrain|[from] ability: Electric Surge|[of] p1a: ADHD\n|turn|17\n|\n|t:|1699585077\n|move|p1a: ADHD|Thunderbolt|p2a: Tapu Lele\n|-damage|p2a: Tapu Lele|25\/100\n|move|p2a: Tapu Lele|Psychic|p1a: ADHD\n|-damage|p1a: ADHD|0 fnt\n|faint|p1a: ADHD\n|\n|upkeep\n|\n|t:|1699585091\n|switch|p1a: kristhealtgod|Iron Valiant|50\/100\n|-activate|p1a: kristhealtgod|ability: Quark Drive\n|-start|p1a: kristhealtgod|quarkdrivespe\n|turn|18\n|\n|t:|1699585096\n|switch|p2a: Rotom|Rotom-Heat, shiny|89\/100\n|move|p1a: kristhealtgod|Thunderbolt|p2a: Rotom\n|-resisted|p2a: Rotom\n|-damage|p2a: Rotom|67\/100\n|-damage|p1a: kristhealtgod|41\/100|[from] item: Life Orb\n|\n|upkeep\n|turn|19\n|\n|t:|1699585101\n|move|p1a: kristhealtgod|Moonblast|p2a: Rotom\n|-resisted|p2a: Rotom\n|-damage|p2a: Rotom|42\/100\n|-damage|p1a: kristhealtgod|31\/100|[from] item: Life Orb\n|move|p2a: Rotom|Volt Switch|p1a: kristhealtgod\n|-damage|p1a: kristhealtgod|0 fnt\n|faint|p1a: kristhealtgod\n|-end|p1a: kristhealtgod|Quark Drive|[silent]\n|\n|t:|1699585103\n|switch|p2a: Tapu Lele|Tapu Lele|25\/100|[from] Volt Switch\n|-fieldstart|move: Psychic Terrain|[from] ability: Psychic Surge|[of] p2a: Tapu Lele\n|\n|upkeep\n|\n|t:|1699585105\n|switch|p1a: Pinsir|Pinsir-Mega, M|50\/100\n|turn|20\n|\n|t:|1699585109\n|move|p1a: Pinsir|Double-Edge|p2a: Tapu Lele\n|-damage|p2a: Tapu Lele|0 fnt\n|faint|p2a: Tapu Lele\n|-damage|p1a: Pinsir|42\/100|[from] Recoil\n|\n|upkeep\n|\n|t:|1699585111\n|switch|p2a: Sneasler|Sneasler, F|100\/100\n|-enditem|p2a: Sneasler|Psychic Seed\n|-boost|p2a: Sneasler|spd|1|[from] item: Psychic Seed\n|turn|21\n|\n|t:|1699585114\n|move|p2a: Sneasler|Acrobatics|p1a: Pinsir\n|-supereffective|p1a: Pinsir\n|-damage|p1a: Pinsir|0 fnt\n|faint|p1a: Pinsir\n|\n|win|immun!ty\n|raw|569chicken's rating: 1427 &rarr; <strong>1409<\/strong><br \/>(-18 for losing)\n|raw|immun!ty's rating: 1469 &rarr; <strong>1487<\/strong><br \/>(+18 for winning)\n|c|\u2606immun!ty|gg\n|l|\u2606569chicken\n","uploadtime":1699585129,"views":28,"p1id":"569chicken","p2id":"immunty","formatid":"gen9nationaldex","rating":1409,"private":0,"password":""}