{"id":"gen9nationaldex-1999252604","p1":"Aragmar","p2":"Puuni","format":"[Gen 9] National Dex","log":"|html|<div class=\"broadcast-blue\"><strong>[Gen 9] National Dex is currently suspecting Sneasler! For information on how to participate check out the <a href=\"https:\/\/www.smogon.com\/forums\/threads\/sv-national-dex-suspect-8-just-dance.3731534\/\">suspect thread<\/a>.<\/strong><\/div>\n|j|\u2606Aragmar\n|j|\u2606Puuni\n|t:|1701051006\n|gametype|singles\n|player|p1|Aragmar|red|1362\n|player|p2|Puuni|allister-masters|1265\n|teamsize|p1|6\n|teamsize|p2|6\n|gen|9\n|tier|[Gen 9] National Dex\n|rated|\n|rule|HP Percentage Mod: HP is shown in percentages\n|rule|Endless Battle Clause: Forcing endless battles is banned\n|rule|OHKO Clause: OHKO moves are banned\n|rule|Evasion Clause: Evasion abilities, items, and moves are banned\n|rule|Evasion Abilities Clause: Evasion abilities are banned\n|rule|Evasion Items Clause: Evasion items are banned\n|rule|Evasion Moves Clause: Evasion moves are banned\n|rule|Species Clause: Limit one of each Pok\u00e9mon\n|rule|Sleep Clause Mod: Limit one foe put to sleep\n|clearpoke\n|poke|p1|Arcanine-Hisui, M|\n|poke|p1|Landorus-Therian, M|\n|poke|p1|Blaziken, M|\n|poke|p1|Latios, M|\n|poke|p1|Ting-Lu|\n|poke|p1|Charizard, M|\n|poke|p2|Mawile, F|\n|poke|p2|Kyurem|\n|poke|p2|Gliscor, M|\n|poke|p2|Zamazenta-*|\n|poke|p2|Rillaboom, F|\n|poke|p2|Sneasler, F|\n|teampreview\n|inactive|Battle timer is ON: inactive players will automatically lose when time's up. (requested by Puuni)\n|\n|t:|1701051021\n|start\n|switch|p1a: Landorus|Landorus-Therian, M|100\/100\n|switch|p2a: Achoooo|Sneasler, F|100\/100\n|-ability|p1a: Landorus|Intimidate|boost\n|-unboost|p2a: Achoooo|atk|1\n|turn|1\n|\n|t:|1701051028\n|switch|p2a: Highscore|Gliscor, M, shiny|100\/100\n|move|p1a: Landorus|Knock Off|p2a: Highscore\n|-damage|p2a: Highscore|78\/100\n|-enditem|p2a: Highscore|Toxic Orb|[from] move: Knock Off|[of] p1a: Landorus\n|\n|upkeep\n|turn|2\n|\n|t:|1701051042\n|move|p1a: Landorus|Smack Down|p2a: Highscore\n|-damage|p2a: Highscore|66\/100\n|-start|p2a: Highscore|Smack Down\n|move|p2a: Highscore|Toxic|p1a: Landorus\n|-status|p1a: Landorus|tox\n|\n|-damage|p1a: Landorus|95\/100 tox|[from] psn\n|upkeep\n|turn|3\n|\n|t:|1701051053\n|move|p2a: Highscore|Protect|p2a: Highscore\n|-singleturn|p2a: Highscore|Protect\n|move|p1a: Landorus|Earthquake|p2a: Highscore\n|-activate|p2a: Highscore|move: Protect\n|\n|-damage|p1a: Landorus|83\/100 tox|[from] psn\n|upkeep\n|turn|4\n|\n|t:|1701051068\n|move|p1a: Landorus|U-turn|p2a: Highscore\n|-resisted|p2a: Highscore\n|-damage|p2a: Highscore|58\/100\n|\n|t:|1701051071\n|switch|p1a: Ting-Lu|Ting-Lu|100\/100|[from] U-turn\n|-ability|p1a: Ting-Lu|Vessel of Ruin\n|move|p2a: Highscore|U-turn|p1a: Ting-Lu\n|-supereffective|p1a: Ting-Lu\n|-damage|p1a: Ting-Lu|82\/100\n|\n|t:|1701051081\n|switch|p2a: Achoooo|Sneasler, F|100\/100|[from] U-turn\n|\n|-heal|p1a: Ting-Lu|88\/100|[from] item: Leftovers\n|upkeep\n|turn|5\n|\n|t:|1701051088\n|switch|p1a: Landorus|Landorus-Therian, M|83\/100 tox\n|-ability|p1a: Landorus|Intimidate|boost\n|-unboost|p2a: Achoooo|atk|1\n|move|p2a: Achoooo|Switcheroo|p1a: Landorus\n|-activate|p2a: Achoooo|move: Trick|[of] p1a: Landorus\n|-item|p1a: Landorus|Choice Scarf|[from] move: Switcheroo\n|-item|p2a: Achoooo|Assault Vest|[from] move: Switcheroo\n|\n|-damage|p1a: Landorus|77\/100 tox|[from] psn\n|upkeep\n|turn|6\n|\n|t:|1701051099\n|switch|p2a: Highscore|Gliscor, M, shiny|58\/100\n|move|p1a: Landorus|Earthquake|p2a: Highscore\n|-immune|p2a: Highscore\n|\n|-damage|p1a: Landorus|65\/100 tox|[from] psn\n|upkeep\n|turn|7\n|\n|t:|1701051103\n|switch|p1a: Ting-Lu|Ting-Lu|88\/100\n|-ability|p1a: Ting-Lu|Vessel of Ruin\n|move|p2a: Highscore|U-turn|p1a: Ting-Lu\n|-supereffective|p1a: Ting-Lu\n|-damage|p1a: Ting-Lu|73\/100\n|\n|t:|1701051115\n|switch|p2a: Achoooo|Sneasler, F|100\/100|[from] U-turn\n|\n|-heal|p1a: Ting-Lu|79\/100|[from] item: Leftovers\n|upkeep\n|turn|8\n|\n|t:|1701051125\n|switch|p1a: Landorus|Landorus-Therian, M|65\/100 tox\n|-ability|p1a: Landorus|Intimidate|boost\n|-unboost|p2a: Achoooo|atk|1\n|move|p2a: Achoooo|Close Combat|p1a: Landorus\n|-resisted|p1a: Landorus\n|-damage|p1a: Landorus|37\/100 tox\n|-unboost|p2a: Achoooo|def|1\n|-unboost|p2a: Achoooo|spd|1\n|\n|-damage|p1a: Landorus|32\/100 tox|[from] psn\n|upkeep\n|turn|9\n|\n|t:|1701051144\n|switch|p2a: Highscore|Gliscor, M, shiny|58\/100\n|move|p1a: Landorus|U-turn|p2a: Highscore\n|-resisted|p2a: Highscore\n|-damage|p2a: Highscore|51\/100\n|\n|t:|1701051153\n|switch|p1a: Blaziken|Blaziken, M|100\/100|[from] U-turn\n|\n|upkeep\n|turn|10\n|\n|t:|1701051157\n|move|p1a: Blaziken|Swords Dance|p1a: Blaziken\n|-boost|p1a: Blaziken|atk|2\n|move|p2a: Highscore|Earthquake|p1a: Blaziken\n|-supereffective|p1a: Blaziken\n|-enditem|p1a: Blaziken|Focus Sash\n|-damage|p1a: Blaziken|1\/100\n|\n|-ability|p1a: Blaziken|Speed Boost|boost\n|-boost|p1a: Blaziken|spe|1\n|upkeep\n|turn|11\n|\n|t:|1701051168\n|move|p1a: Blaziken|Blaze Kick|p2a: Highscore\n|-damage|p2a: Highscore|0 fnt\n|faint|p2a: Highscore\n|\n|-ability|p1a: Blaziken|Speed Boost|boost\n|-boost|p1a: Blaziken|spe|1\n|upkeep\n|\n|t:|1701051173\n|switch|p2a: Goddess|Mawile, F|100\/100\n|-ability|p2a: Goddess|Intimidate|boost\n|-unboost|p1a: Blaziken|atk|1\n|turn|12\n|\n|t:|1701051179\n|move|p2a: Goddess|Sucker Punch||[still]\n|-fail|p2a: Goddess\n|move|p1a: Blaziken|Swords Dance|p1a: Blaziken\n|-boost|p1a: Blaziken|atk|2\n|\n|-ability|p1a: Blaziken|Speed Boost|boost\n|-boost|p1a: Blaziken|spe|1\n|upkeep\n|turn|13\n|\n|t:|1701051187\n|switch|p1a: Landorus|Landorus-Therian, M|32\/100 tox\n|-ability|p1a: Landorus|Intimidate|boost\n|-unboost|p2a: Goddess|atk|1\n|move|p2a: Goddess|Sucker Punch||[still]\n|-fail|p2a: Goddess\n|\n|-damage|p1a: Landorus|26\/100 tox|[from] psn\n|upkeep\n|turn|14\n|\n|t:|1701051201\n|switch|p1a: Ting-Lu|Ting-Lu|79\/100\n|-ability|p1a: Ting-Lu|Vessel of Ruin\n|detailschange|p2a: Goddess|Mawile-Mega, F\n|-mega|p2a: Goddess|Mawile|Mawilite\n|move|p2a: Goddess|Sucker Punch||[still]\n|-fail|p2a: Goddess\n|\n|-heal|p1a: Ting-Lu|85\/100|[from] item: Leftovers\n|upkeep\n|turn|15\n|\n|t:|1701051214\n|switch|p2a: Rillaboomer|Rillaboom, F|100\/100\n|-fieldstart|move: Grassy Terrain|[from] ability: Grassy Surge|[of] p2a: Rillaboomer\n|move|p1a: Ting-Lu|Stealth Rock|p2a: Rillaboomer\n|-sidestart|p2: Puuni|move: Stealth Rock\n|\n|-heal|p1a: Ting-Lu|92\/100|[from] Grassy Terrain\n|-heal|p1a: Ting-Lu|98\/100|[from] item: Leftovers\n|upkeep\n|turn|16\n|\n|t:|1701051224\n|switch|p1a: Landorus|Landorus-Therian, M|26\/100 tox\n|-ability|p1a: Landorus|Intimidate|boost\n|-unboost|p2a: Rillaboomer|atk|1\n|move|p2a: Rillaboomer|Knock Off|p1a: Landorus\n|-damage|p1a: Landorus|0 fnt\n|-enditem|p1a: Landorus|Choice Scarf|[from] move: Knock Off|[of] p2a: Rillaboomer\n|faint|p1a: Landorus\n|-damage|p2a: Rillaboomer|91\/100|[from] item: Life Orb\n|\n|-heal|p2a: Rillaboomer|97\/100|[from] Grassy Terrain\n|upkeep\n|\n|t:|1701051238\n|switch|p1a: Arcanine|Arcanine-Hisui, M|100\/100\n|turn|17\n|\n|t:|1701051266\n|switch|p2a: Beast.|Zamazenta|100\/100\n|-damage|p2a: Beast.|94\/100|[from] Stealth Rock\n|-ability|p2a: Beast.|Dauntless Shield|boost\n|-boost|p2a: Beast.|def|1\n|move|p1a: Arcanine|Flare Blitz|p2a: Beast.\n|-damage|p2a: Beast.|36\/100\n|\n|-heal|p2a: Beast.|42\/100|[from] Grassy Terrain\n|upkeep\n|turn|18\n|inactive|Puuni has 120 seconds left.\n|\n|t:|1701051281\n|switch|p1a: Blaziken|Blaziken, M|1\/100\n|move|p2a: Beast.|Close Combat|p1a: Blaziken\n|-damage|p1a: Blaziken|0 fnt\n|-unboost|p2a: Beast.|def|1\n|-unboost|p2a: Beast.|spd|1\n|faint|p1a: Blaziken\n|\n|-heal|p2a: Beast.|48\/100|[from] Grassy Terrain\n|upkeep\n|\n|t:|1701051297\n|switch|p1a: Latios|Latios, M|100\/100\n|turn|19\n|\n|t:|1701051308\n|switch|p2a: Goddess|Mawile-Mega, F|100\/100\n|-damage|p2a: Goddess|94\/100|[from] Stealth Rock\n|move|p1a: Latios|Psychic|p2a: Goddess\n|-resisted|p2a: Goddess\n|-damage|p2a: Goddess|58\/100\n|\n|-heal|p2a: Goddess|64\/100|[from] Grassy Terrain\n|-fieldend|move: Grassy Terrain\n|upkeep\n|turn|20\n|\n|t:|1701051319\n|switch|p1a: Charizard|Charizard, M|100\/100\n|move|p2a: Goddess|Swords Dance|p2a: Goddess\n|-boost|p2a: Goddess|atk|2\n|\n|upkeep\n|turn|21\n|\n|t:|1701051330\n|detailschange|p1a: Charizard|Charizard-Mega-X, M\n|-mega|p1a: Charizard|Charizard|Charizardite X\n|move|p2a: Goddess|Sucker Punch||[still]\n|-fail|p2a: Goddess\n|move|p1a: Charizard|Dragon Dance|p1a: Charizard\n|-boost|p1a: Charizard|atk|1\n|-boost|p1a: Charizard|spe|1\n|\n|upkeep\n|turn|22\n|\n|t:|1701051340\n|switch|p1a: Arcanine|Arcanine-Hisui, M|100\/100\n|move|p2a: Goddess|Sucker Punch||[still]\n|-fail|p2a: Goddess\n|\n|upkeep\n|turn|23\n|\n|t:|1701051346\n|-terastallize|p1a: Arcanine|Normal\n|move|p1a: Arcanine|Extreme Speed|p2a: Goddess\n|-resisted|p2a: Goddess\n|-damage|p2a: Goddess|35\/100\n|move|p2a: Goddess|Sucker Punch||[still]\n|-fail|p2a: Goddess\n|\n|upkeep\n|turn|24\n|\n|t:|1701051354\n|move|p1a: Arcanine|Extreme Speed|p2a: Goddess\n|-resisted|p2a: Goddess\n|-damage|p2a: Goddess|4\/100\n|move|p2a: Goddess|Iron Head|p1a: Arcanine\n|-damage|p1a: Arcanine|0 fnt\n|faint|p1a: Arcanine\n|\n|upkeep\n|\n|t:|1701051364\n|switch|p1a: Ting-Lu|Ting-Lu|98\/100\n|-ability|p1a: Ting-Lu|Vessel of Ruin\n|turn|25\n|\n|t:|1701051369\n|move|p2a: Goddess|Play Rough|p1a: Ting-Lu\n|-supereffective|p1a: Ting-Lu\n|-damage|p1a: Ting-Lu|0 fnt\n|faint|p1a: Ting-Lu\n|\n|upkeep\n|\n|t:|1701051376\n|switch|p1a: Latios|Latios, M|100\/100\n|turn|26\n|\n|t:|1701051380\n|move|p2a: Goddess|Sucker Punch|p1a: Latios\n|-supereffective|p1a: Latios\n|-damage|p1a: Latios|0 fnt\n|faint|p1a: Latios\n|\n|upkeep\n|c|\u2606Puuni|THE GOAT\n|\n|t:|1701051385\n|switch|p1a: Charizard|Charizard-Mega-X, M|100\/100\n|turn|27\n|c|\u2606Puuni|mawile!\n|\n|t:|1701051396\n|move|p1a: Charizard|Dragon Dance|p1a: Charizard\n|-boost|p1a: Charizard|atk|1\n|-boost|p1a: Charizard|spe|1\n|move|p2a: Goddess|Play Rough|p1a: Charizard\n|-damage|p1a: Charizard|0 fnt\n|faint|p1a: Charizard\n|\n|win|Puuni\n|raw|Aragmar's rating: 1362 &rarr; <strong>1337<\/strong><br \/>(-25 for losing)\n|raw|Puuni's rating: 1265 &rarr; <strong>1297<\/strong><br \/>(+32 for winning)\n|l|\u2606Aragmar\n","uploadtime":1701051403,"views":2,"p1id":"aragmar","p2id":"puuni","formatid":"gen9nationaldex","rating":1297,"private":0,"password":""}