{"id":"gen9nationaldex-1998750642","p1":"GameBored","p2":"Nofacehijinxs","format":"[Gen 9] National Dex","log":"|html|<div class=\"broadcast-blue\"><strong>[Gen 9] National Dex is currently suspecting Sneasler! For information on how to participate check out the <a href=\"https:\/\/www.smogon.com\/forums\/threads\/sv-national-dex-suspect-8-just-dance.3731534\/\">suspect thread<\/a>.<\/strong><\/div>\n|j|\u2606GameBored\n|j|\u2606Nofacehijinxs\n|t:|1700983164\n|gametype|singles\n|player|p1|GameBored|schoolkid-gen8|1357\n|player|p2|Nofacehijinxs|dancer|1229\n|teamsize|p1|6\n|teamsize|p2|6\n|gen|9\n|tier|[Gen 9] National Dex\n|rated|\n|rule|HP Percentage Mod: HP is shown in percentages\n|rule|Endless Battle Clause: Forcing endless battles is banned\n|rule|OHKO Clause: OHKO moves are banned\n|rule|Evasion Clause: Evasion abilities, items, and moves are banned\n|rule|Evasion Abilities Clause: Evasion abilities are banned\n|rule|Evasion Items Clause: Evasion items are banned\n|rule|Evasion Moves Clause: Evasion moves are banned\n|rule|Species Clause: Limit one of each Pok\u00e9mon\n|rule|Sleep Clause Mod: Limit one foe put to sleep\n|clearpoke\n|poke|p1|Grimmsnarl, M|\n|poke|p1|Toxtricity, M|\n|poke|p1|Turtonator, M|\n|poke|p1|Sharpedo, M|\n|poke|p1|Slowbro-Galar, M|\n|poke|p1|Cofagrigus, M|\n|poke|p2|Gallade, M|\n|poke|p2|Cofagrigus, M|\n|poke|p2|Salamence, M|\n|poke|p2|Salazzle, F|\n|poke|p2|Meowscarada, F|\n|poke|p2|Empoleon, M|\n|teampreview\n|inactive|Battle timer is ON: inactive players will automatically lose when time's up. (requested by Nofacehijinxs)\n|inactive|GameBored also wants the timer to be on.\n|\n|t:|1700983187\n|start\n|switch|p1a: Grimmsnarl|Grimmsnarl, M, shiny|100\/100\n|switch|p2a: Empoleon|Empoleon, M|100\/100\n|turn|1\n|\n|t:|1700983192\n|move|p1a: Grimmsnarl|Light Screen|p1a: Grimmsnarl\n|-sidestart|p1: GameBored|move: Light Screen\n|move|p2a: Empoleon|Flash Cannon|p1a: Grimmsnarl\n|-supereffective|p1a: Grimmsnarl\n|-damage|p1a: Grimmsnarl|78\/100\n|\n|upkeep\n|turn|2\n|\n|t:|1700983202\n|move|p1a: Grimmsnarl|Reflect|p1a: Grimmsnarl\n|-sidestart|p1: GameBored|Reflect\n|move|p2a: Empoleon|Stealth Rock|p1a: Grimmsnarl\n|-sidestart|p1: GameBored|move: Stealth Rock\n|\n|upkeep\n|turn|3\n|\n|t:|1700983208\n|switch|p1a: Slowbro|Slowbro-Galar, M, shiny|100\/100\n|-damage|p1a: Slowbro|88\/100|[from] Stealth Rock\n|move|p2a: Empoleon|Scald|p1a: Slowbro\n|-damage|p1a: Slowbro|72\/100\n|-status|p1a: Slowbro|brn\n|\n|-damage|p1a: Slowbro|66\/100 brn|[from] brn\n|upkeep\n|turn|4\n|\n|t:|1700983216\n|switch|p2a: Meowscarada|Meowscarada, F|100\/100\n|move|p1a: Slowbro|Belly Drum|p1a: Slowbro\n|-damage|p1a: Slowbro|16\/100 brn\n|-setboost|p1a: Slowbro|atk|6|[from] move: Belly Drum\n|-enditem|p1a: Slowbro|Sitrus Berry|[eat]\n|-heal|p1a: Slowbro|41\/100 brn|[from] item: Sitrus Berry\n|\n|-damage|p1a: Slowbro|35\/100 brn|[from] brn\n|upkeep\n|turn|5\n|\n|t:|1700983226\n|move|p2a: Meowscarada|Knock Off|p1a: Slowbro\n|-start|p2a: Meowscarada|typechange|Dark|[from] ability: Protean\n|-supereffective|p1a: Slowbro\n|-damage|p1a: Slowbro|0 fnt\n|faint|p1a: Slowbro\n|-damage|p2a: Meowscarada|91\/100|[from] item: Life Orb\n|\n|upkeep\n|\n|t:|1700983245\n|switch|p1a: Cofagrigus|Cofagrigus, M, shiny|100\/100\n|-damage|p1a: Cofagrigus|88\/100|[from] Stealth Rock\n|turn|6\n|\n|t:|1700983251\n|switch|p2a: Cofagrigus|Cofagrigus, M|100\/100\n|move|p1a: Cofagrigus|Will-O-Wisp|p2a: Cofagrigus\n|-status|p2a: Cofagrigus|brn\n|\n|-damage|p2a: Cofagrigus|94\/100 brn|[from] brn\n|upkeep\n|turn|7\n|\n|t:|1700983256\n|switch|p1a: Turtonator|Turtonator, M, shiny|100\/100\n|move|p2a: Cofagrigus|Curse|p1a: Turtonator\n|-start|p1a: Turtonator|Curse|[of] p2a: Cofagrigus\n|-damage|p2a: Cofagrigus|44\/100 brn\n|\n|-heal|p2a: Cofagrigus|51\/100 brn|[from] item: Leftovers\n|-damage|p2a: Cofagrigus|44\/100 brn|[from] brn\n|-damage|p1a: Turtonator|76\/100|[from] Curse\n|upkeep\n|turn|8\n|\n|t:|1700983279\n|switch|p2a: Empoleon|Empoleon, M|100\/100\n|move|p1a: Turtonator|Shell Smash|p1a: Turtonator\n|-unboost|p1a: Turtonator|def|1\n|-unboost|p1a: Turtonator|spd|1\n|-boost|p1a: Turtonator|atk|2\n|-boost|p1a: Turtonator|spa|2\n|-boost|p1a: Turtonator|spe|2\n|\n|-damage|p1a: Turtonator|51\/100|[from] Curse\n|-sideend|p1: GameBored|move: Light Screen\n|upkeep\n|turn|9\n|\n|t:|1700983292\n|move|p1a: Turtonator|Rapid Spin|p2a: Empoleon\n|-resisted|p2a: Empoleon\n|-damage|p2a: Empoleon|95\/100\n|-boost|p1a: Turtonator|spe|1\n|-sideend|p1: GameBored|Stealth Rock|[from] move: Rapid Spin|[of] p1a: Turtonator\n|move|p2a: Empoleon|Roost|p2a: Empoleon\n|-heal|p2a: Empoleon|100\/100\n|-singleturn|p2a: Empoleon|move: Roost\n|\n|-damage|p1a: Turtonator|26\/100|[from] Curse\n|-sideend|p1: GameBored|Reflect\n|upkeep\n|turn|10\n|\n|t:|1700983304\n|move|p1a: Turtonator|Flamethrower|p2a: Empoleon\n|-damage|p2a: Empoleon|33\/100\n|move|p2a: Empoleon|Roost|p2a: Empoleon\n|-heal|p2a: Empoleon|83\/100\n|-singleturn|p2a: Empoleon|move: Roost\n|\n|-damage|p1a: Turtonator|1\/100|[from] Curse\n|upkeep\n|turn|11\n|\n|t:|1700983312\n|move|p1a: Turtonator|Flamethrower|p2a: Empoleon\n|-damage|p2a: Empoleon|12\/100\n|move|p2a: Empoleon|Roost|p2a: Empoleon\n|-heal|p2a: Empoleon|62\/100\n|-singleturn|p2a: Empoleon|move: Roost\n|\n|-damage|p1a: Turtonator|0 fnt|[from] Curse\n|faint|p1a: Turtonator\n|upkeep\n|\n|t:|1700983320\n|switch|p1a: Toxtricity|Toxtricity, M, shiny|100\/100\n|turn|12\n|\n|t:|1700983325\n|-terastallize|p2a: Empoleon|Ground\n|move|p1a: Toxtricity|Shift Gear|p1a: Toxtricity\n|-boost|p1a: Toxtricity|spe|2\n|-boost|p1a: Toxtricity|atk|1\n|move|p2a: Empoleon|Scald|p1a: Toxtricity\n|-damage|p1a: Toxtricity|56\/100\n|\n|upkeep\n|turn|13\n|\n|t:|1700983332\n|-terastallize|p1a: Toxtricity|Normal\n|move|p1a: Toxtricity|Boomburst|p2a: Empoleon\n|-damage|p2a: Empoleon|0 fnt\n|faint|p2a: Empoleon\n|-enditem|p1a: Toxtricity|Throat Spray\n|-boost|p1a: Toxtricity|spa|1|[from] item: Throat Spray\n|\n|upkeep\n|\n|t:|1700983344\n|switch|p2a: Meowscarada|Meowscarada, F|91\/100\n|turn|14\n|\n|t:|1700983348\n|move|p1a: Toxtricity|Sludge Wave|p2a: Meowscarada\n|-supereffective|p2a: Meowscarada\n|-damage|p2a: Meowscarada|0 fnt\n|faint|p2a: Meowscarada\n|\n|upkeep\n|\n|t:|1700983351\n|switch|p2a: Salamence|Salamence, M|100\/100\n|turn|15\n|\n|t:|1700983354\n|move|p1a: Toxtricity|Boomburst|p2a: Salamence\n|-damage|p2a: Salamence|0 fnt\n|faint|p2a: Salamence\n|\n|upkeep\n|\n|t:|1700983361\n|switch|p2a: Gallade|Gallade, M, shiny|100\/100\n|turn|16\n|\n|t:|1700983364\n|move|p1a: Toxtricity|Boomburst|p2a: Gallade\n|-damage|p2a: Gallade|0 fnt\n|faint|p2a: Gallade\n|\n|upkeep\n|\n|t:|1700983367\n|switch|p2a: Cofagrigus|Cofagrigus, M|44\/100 brn\n|turn|17\n|\n|t:|1700983370\n|move|p2a: Cofagrigus|Protect|p2a: Cofagrigus\n|-singleturn|p2a: Cofagrigus|Protect\n|move|p1a: Toxtricity|Overdrive|p2a: Cofagrigus\n|-activate|p2a: Cofagrigus|move: Protect\n|\n|-heal|p2a: Cofagrigus|51\/100 brn|[from] item: Leftovers\n|-damage|p2a: Cofagrigus|44\/100 brn|[from] brn\n|upkeep\n|turn|18\n|\n|t:|1700983376\n|move|p1a: Toxtricity|Overdrive|p2a: Cofagrigus\n|-damage|p2a: Cofagrigus|0 fnt\n|faint|p2a: Cofagrigus\n|\n|upkeep\n|-message|Nofacehijinxs forfeited.\n|\n|win|GameBored\n|raw|GameBored's rating: 1357 &rarr; <strong>1370<\/strong><br \/>(+13 for winning)\n|raw|Nofacehijinxs's rating: 1229 &rarr; <strong>1213<\/strong><br \/>(-16 for losing)\n|l|\u2606Nofacehijinxs\n|l|\u2606GameBored\n","uploadtime":1700983581,"views":4,"p1id":"gamebored","p2id":"nofacehijinxs","formatid":"gen9nationaldex","rating":1213,"private":0,"password":""}