{"id":"gen9nationaldex-1996072711","p1":"FlyingSudowoodo","p2":"J 2442","format":"[Gen 9] National Dex","log":"|html|<div class=\"broadcast-blue\"><strong>[Gen 9] National Dex is currently suspecting Sneasler! For information on how to participate check out the <a href=\"https:\/\/www.smogon.com\/forums\/threads\/sv-national-dex-suspect-8-just-dance.3731534\/\">suspect thread<\/a>.<\/strong><\/div>\n|j|\u2606FlyingSudowoodo\n|j|\u2606J 2442\n|t:|1700639548\n|gametype|singles\n|player|p1|FlyingSudowoodo|brock|1464\n|player|p2|J 2442|maylene|1350\n|teamsize|p1|6\n|teamsize|p2|6\n|gen|9\n|tier|[Gen 9] National Dex\n|rated|\n|rule|HP Percentage Mod: HP is shown in percentages\n|rule|Endless Battle Clause: Forcing endless battles is banned\n|rule|OHKO Clause: OHKO moves are banned\n|rule|Evasion Clause: Evasion abilities, items, and moves are banned\n|rule|Evasion Abilities Clause: Evasion abilities are banned\n|rule|Evasion Items Clause: Evasion items are banned\n|rule|Evasion Moves Clause: Evasion moves are banned\n|rule|Species Clause: Limit one of each Pok\u00e9mon\n|rule|Sleep Clause Mod: Limit one foe put to sleep\n|clearpoke\n|poke|p1|Golem-Alola, M|\n|poke|p1|Glalie, F|\n|poke|p1|Victini|\n|poke|p1|Blissey, F|\n|poke|p1|Lucario, M|\n|poke|p1|Rillaboom, F|\n|poke|p2|Meowscarada, M|\n|poke|p2|Incineroar, M|\n|poke|p2|Zeraora|\n|poke|p2|Espeon, M|\n|poke|p2|Persian-Alola, M|\n|poke|p2|Landorus-Therian, M|\n|teampreview\n|inactive|Battle timer is ON: inactive players will automatically lose when time's up. (requested by FlyingSudowoodo)\n|\n|t:|1700639566\n|start\n|switch|p1a: Lucario|Lucario, M|100\/100\n|switch|p2a: Shere Khan|Incineroar, M|100\/100\n|-ability|p2a: Shere Khan|Intimidate|boost\n|-fail|p1a: Lucario|unboost|Attack|[from] ability: Inner Focus|[of] p1a: Lucario\n|turn|1\n|\n|t:|1700639575\n|move|p1a: Lucario|Final Gambit|p2a: Shere Khan\n|-damage|p2a: Shere Khan|13\/100\n|faint|p1a: Lucario\n|move|p2a: Shere Khan|Flare Blitz|p1: Lucario|[notarget]\n|-fail|p2a: Shere Khan\n|\n|upkeep\n|\n|t:|1700639589\n|switch|p1a: Golem|Golem-Alola, M|100\/100\n|turn|2\n|\n|t:|1700639596\n|switch|p2a: Garfield|Landorus-Therian, M|100\/100\n|-ability|p2a: Garfield|Intimidate|boost\n|-unboost|p1a: Golem|atk|1\n|move|p1a: Golem|Return|p2a: Garfield\n|-immune|p2a: Garfield\n|\n|upkeep\n|turn|3\n|\n|t:|1700639604\n|switch|p1a: Glalie|Glalie, F|100\/100\n|move|p2a: Garfield|Stealth Rock|p1a: Glalie\n|-sidestart|p1: FlyingSudowoodo|move: Stealth Rock\n|\n|upkeep\n|turn|4\n|\n|t:|1700639610\n|detailschange|p1a: Glalie|Glalie-Mega, F\n|-mega|p1a: Glalie|Glalie|Glalitite\n|move|p1a: Glalie|Explosion|p2a: Garfield\n|-supereffective|p2a: Garfield\n|-damage|p2a: Garfield|0 fnt\n|faint|p1a: Glalie\n|faint|p2a: Garfield\n|\n|upkeep\n|\n|t:|1700639625\n|switch|p1a: Golem|Golem-Alola, M|100\/100\n|switch|p2a: Top Cat|Meowscarada, M, shiny|100\/100\n|-damage|p1a: Golem|88\/100|[from] Stealth Rock\n|turn|5\n|\n|t:|1700639633\n|-terastallize|p1a: Golem|Electric\n|move|p2a: Top Cat|Flower Trick|p1a: Golem\n|-start|p2a: Top Cat|typechange|Grass|[from] ability: Protean\n|-crit|p1a: Golem\n|-damage|p1a: Golem|45\/100\n|move|p1a: Golem|Explosion|p2a: Top Cat\n|-resisted|p2a: Top Cat\n|-damage|p2a: Top Cat|0 fnt\n|faint|p1a: Golem\n|faint|p2a: Top Cat\n|\n|upkeep\n|\n|t:|1700639654\n|switch|p2a: Kat|Espeon, M|100\/100\n|switch|p1a: Victini|Victini|100\/100\n|-damage|p1a: Victini|75\/100|[from] Stealth Rock\n|turn|6\n|inactive|J 2442 has 120 seconds left.\n|\n|t:|1700639677\n|switch|p2a: Cat Noir|Persian-Alola, M|100\/100\n|move|p1a: Victini|Final Gambit|p2a: Cat Noir\n|-damage|p2a: Cat Noir|0 fnt\n|faint|p1a: Victini\n|faint|p2a: Cat Noir\n|\n|upkeep\n|\n|t:|1700639683\n|switch|p2a: Manny Rivera|Zeraora|100\/100\n|switch|p1a: Blissey|Blissey, F|100\/100\n|-damage|p1a: Blissey|88\/100|[from] Stealth Rock\n|turn|7\n|\n|t:|1700639690\n|move|p2a: Manny Rivera|Close Combat|p1a: Blissey\n|-supereffective|p1a: Blissey\n|-damage|p1a: Blissey|0 fnt\n|-unboost|p2a: Manny Rivera|def|1\n|-unboost|p2a: Manny Rivera|spd|1\n|faint|p1a: Blissey\n|\n|upkeep\n|\n|t:|1700639695\n|switch|p1a: Rillaboom|Rillaboom, F|100\/100\n|-damage|p1a: Rillaboom|88\/100|[from] Stealth Rock\n|-fieldstart|move: Grassy Terrain|[from] ability: Grassy Surge|[of] p1a: Rillaboom\n|turn|8\n|\n|t:|1700639700\n|switch|p2a: Shere Khan|Incineroar, M|13\/100\n|-ability|p2a: Shere Khan|Intimidate|boost\n|-unboost|p1a: Rillaboom|atk|1\n|move|p1a: Rillaboom|Grassy Glide|p2a: Shere Khan\n|-resisted|p2a: Shere Khan\n|-damage|p2a: Shere Khan|0 fnt\n|faint|p2a: Shere Khan\n|-damage|p1a: Rillaboom|78\/100|[from] item: Life Orb\n|\n|-heal|p1a: Rillaboom|84\/100|[from] Grassy Terrain\n|upkeep\n|\n|t:|1700639711\n|switch|p2a: Manny Rivera|Zeraora|100\/100\n|turn|9\n|\n|t:|1700639716\n|move|p2a: Manny Rivera|Knock Off|p1a: Rillaboom\n|-damage|p1a: Rillaboom|31\/100\n|-enditem|p1a: Rillaboom|Life Orb|[from] move: Knock Off|[of] p2a: Manny Rivera\n|move|p1a: Rillaboom|High Horsepower|p2a: Manny Rivera\n|-supereffective|p2a: Manny Rivera\n|-damage|p2a: Manny Rivera|38\/100\n|\n|-heal|p2a: Manny Rivera|44\/100|[from] Grassy Terrain\n|-heal|p1a: Rillaboom|37\/100|[from] Grassy Terrain\n|upkeep\n|turn|10\n|\n|t:|1700639725\n|move|p1a: Rillaboom|Grassy Glide|p2a: Manny Rivera\n|-damage|p2a: Manny Rivera|10\/100\n|move|p2a: Manny Rivera|Knock Off|p1a: Rillaboom\n|-damage|p1a: Rillaboom|5\/100\n|\n|-heal|p2a: Manny Rivera|16\/100|[from] Grassy Terrain\n|-heal|p1a: Rillaboom|11\/100|[from] Grassy Terrain\n|upkeep\n|turn|11\n|\n|t:|1700639733\n|move|p1a: Rillaboom|Grassy Glide|p2a: Manny Rivera\n|-damage|p2a: Manny Rivera|0 fnt\n|faint|p2a: Manny Rivera\n|\n|-heal|p1a: Rillaboom|17\/100|[from] Grassy Terrain\n|upkeep\n|\n|t:|1700639736\n|switch|p2a: Kat|Espeon, M|100\/100\n|turn|12\n|\n|t:|1700639740\n|move|p1a: Rillaboom|Grassy Glide|p2a: Kat\n|-damage|p2a: Kat|45\/100\n|move|p2a: Kat|Psychic|p1a: Rillaboom\n|-damage|p1a: Rillaboom|0 fnt\n|faint|p1a: Rillaboom\n|\n|win|J 2442\n|raw|FlyingSudowoodo's rating: 1464 &rarr; <strong>1438<\/strong><br \/>(-26 for losing)\n|raw|J 2442's rating: 1350 &rarr; <strong>1376<\/strong><br \/>(+26 for winning)\n","uploadtime":1700639745,"views":0,"p1id":"flyingsudowoodo","p2id":"j2442","formatid":"gen9nationaldex","rating":1376,"private":0,"password":""}