{"id":"gen9nationaldex-1987499684","p1":"Ash 26th","p2":"Tokiwakano","format":"[Gen 9] National Dex","log":"|j|\u2606Ash 26th\n|j|\u2606Tokiwakano\n|t:|1699602140\n|gametype|singles\n|player|p1|Ash 26th|serena-masters3|1583\n|player|p2|Tokiwakano|caitlin|1693\n|teamsize|p1|6\n|teamsize|p2|6\n|gen|9\n|tier|[Gen 9] National Dex\n|rated|\n|rule|HP Percentage Mod: HP is shown in percentages\n|rule|Endless Battle Clause: Forcing endless battles is banned\n|rule|OHKO Clause: OHKO moves are banned\n|rule|Evasion Clause: Evasion abilities, items, and moves are banned\n|rule|Evasion Abilities Clause: Evasion abilities are banned\n|rule|Evasion Items Clause: Evasion items are banned\n|rule|Evasion Moves Clause: Evasion moves are banned\n|rule|Species Clause: Limit one of each Pok\u00e9mon\n|rule|Sleep Clause Mod: Limit one foe put to sleep\n|clearpoke\n|poke|p1|Diancie|\n|poke|p1|Tapu Lele|\n|poke|p1|Sneasler, F|\n|poke|p1|Rillaboom, F|\n|poke|p1|Samurott-Hisui, F|\n|poke|p1|Iron Valiant|\n|poke|p2|Tapu Koko|\n|poke|p2|Iron Valiant|\n|poke|p2|Garchomp, M|\n|poke|p2|Ferrothorn, F|\n|poke|p2|Scizor, F|\n|poke|p2|Gliscor, F|\n|teampreview\n|inactive|Battle timer is ON: inactive players will automatically lose when time's up. (requested by Ash 26th)\n|\n|t:|1699602145\n|start\n|switch|p1a: Samurott|Samurott-Hisui, F, shiny|100\/100\n|switch|p2a: Tapu Koko|Tapu Koko|100\/100\n|-fieldstart|move: Electric Terrain|[from] ability: Electric Surge|[of] p2a: Tapu Koko\n|turn|1\n|\n|t:|1699602153\n|move|p2a: Tapu Koko|Volt Switch|p1a: Samurott\n|-supereffective|p1a: Samurott\n|-enditem|p1a: Samurott|Focus Sash\n|-damage|p1a: Samurott|1\/100\n|\n|t:|1699602157\n|switch|p2a: Ferrothorn|Ferrothorn, F|100\/100|[from] Volt Switch\n|move|p1a: Samurott|Ceaseless Edge|p2a: Ferrothorn\n|-damage|p2a: Ferrothorn|76\/100\n|-damage|p1a: Samurott|0 fnt|[from] ability: Iron Barbs|[of] p2a: Ferrothorn\n|faint|p1a: Samurott\n|\n|-heal|p2a: Ferrothorn|83\/100|[from] item: Leftovers\n|upkeep\n|\n|t:|1699602167\n|switch|p1a: Diancie|Diancie|100\/100\n|turn|2\n|\n|t:|1699602171\n|switch|p2a: Gliscor|Gliscor, F|100\/100\n|detailschange|p1a: Diancie|Diancie-Mega\n|-mega|p1a: Diancie|Diancie|Diancite\n|move|p1a: Diancie|Mystical Fire|p2a: Gliscor\n|-damage|p2a: Gliscor|74\/100\n|-unboost|p2a: Gliscor|spa|1\n|\n|-status|p2a: Gliscor|tox|[from] item: Toxic Orb\n|upkeep\n|turn|3\n|\n|t:|1699602181\n|move|p1a: Diancie|Moonblast|p2a: Gliscor\n|-damage|p2a: Gliscor|29\/100 tox\n|move|p2a: Gliscor|Earthquake|p1a: Diancie\n|-supereffective|p1a: Diancie\n|-damage|p1a: Diancie|3\/100\n|\n|-heal|p2a: Gliscor|41\/100 tox|[from] ability: Poison Heal\n|upkeep\n|turn|4\n|\n|t:|1699602187\n|switch|p2a: Scizor|Scizor, F|100\/100\n|move|p1a: Diancie|Moonblast|p2a: Scizor\n|-resisted|p2a: Scizor\n|-damage|p2a: Scizor|75\/100\n|\n|upkeep\n|turn|5\n|\n|t:|1699602194\n|switch|p1a: Tapu Lele|Tapu Lele, shiny|100\/100\n|-fieldstart|move: Psychic Terrain|[from] ability: Psychic Surge|[of] p1a: Tapu Lele\n|detailschange|p2a: Scizor|Scizor-Mega, F\n|-mega|p2a: Scizor|Scizor|Scizorite\n|move|p2a: Scizor|Bullet Punch|p1a: Tapu Lele\n|-activate|p1a: Tapu Lele|move: Psychic Terrain\n|\n|upkeep\n|turn|6\n|inactive|Ash 26th has 120 seconds left.\n|\n|t:|1699602242\n|switch|p1a: Diancie|Diancie-Mega|3\/100\n|move|p2a: Scizor|Roost|p2a: Scizor\n|-heal|p2a: Scizor|100\/100\n|-singleturn|p2a: Scizor|move: Roost\n|\n|upkeep\n|turn|7\n|\n|t:|1699602249\n|switch|p2a: Tapu Koko|Tapu Koko|100\/100\n|-fieldstart|move: Electric Terrain|[from] ability: Electric Surge|[of] p2a: Tapu Koko\n|move|p1a: Diancie|Mystical Fire|p2a: Tapu Koko\n|-damage|p2a: Tapu Koko|52\/100\n|-unboost|p2a: Tapu Koko|spa|1\n|\n|upkeep\n|turn|8\n|inactive|Ash 26th has 120 seconds left.\n|\n|t:|1699602258\n|switch|p1a: Rillaboom|Rillaboom, F, shiny|100\/100\n|-fieldstart|move: Grassy Terrain|[from] ability: Grassy Surge|[of] p1a: Rillaboom\n|move|p2a: Tapu Koko|Volt Switch|p1a: Rillaboom\n|-resisted|p1a: Rillaboom\n|-damage|p1a: Rillaboom|87\/100\n|\n|t:|1699602261\n|switch|p2a: Scizor|Scizor-Mega, F|100\/100|[from] Volt Switch\n|\n|-heal|p1a: Rillaboom|93\/100|[from] Grassy Terrain\n|upkeep\n|turn|9\n|\n|t:|1699602269\n|move|p1a: Rillaboom|U-turn|p2a: Scizor\n|-resisted|p2a: Scizor\n|-damage|p2a: Scizor|87\/100\n|\n|t:|1699602276\n|switch|p1a: Sneasler|Sneasler, F|100\/100|[from] U-turn\n|-enditem|p1a: Sneasler|Grassy Seed\n|-boost|p1a: Sneasler|def|1|[from] item: Grassy Seed\n|move|p2a: Scizor|U-turn|p1a: Sneasler\n|-resisted|p1a: Sneasler\n|-damage|p1a: Sneasler|91\/100\n|\n|t:|1699602280\n|switch|p2a: Garchomp|Garchomp, M|100\/100|[from] U-turn\n|\n|-heal|p1a: Sneasler|97\/100|[from] Grassy Terrain\n|upkeep\n|turn|10\n|\n|t:|1699602286\n|-terastallize|p1a: Sneasler|Flying\n|move|p1a: Sneasler|Swords Dance|p1a: Sneasler\n|-boost|p1a: Sneasler|atk|2\n|-zpower|p2a: Garchomp\n|move|p2a: Garchomp|Devastating Drake|p1a: Sneasler|[zeffect]\n|-damage|p1a: Sneasler|0 fnt\n|faint|p1a: Sneasler\n|\n|upkeep\n|-message|Ash 26th forfeited.\n|\n|win|Tokiwakano\n|raw|Ash 26th's rating: 1583 &rarr; <strong>1569<\/strong><br \/>(-14 for losing)\n|raw|Tokiwakano's rating: 1693 &rarr; <strong>1707<\/strong><br \/>(+14 for winning)\n|l|\u2606Ash 26th\n","uploadtime":1699602298,"views":6,"p1id":"ash26th","p2id":"tokiwakano","formatid":"gen9nationaldex","rating":1569,"private":0,"password":""}