{"id":"gen9nationaldex-1994507237","p1":"August1923","p2":"MIngyan","format":"[Gen 9] National Dex","log":"|j|\u2606August1923\n|j|\u2606MIngyan\n|t:|1700452147\n|gametype|singles\n|player|p1|August1923|brock|1365\n|player|p2|MIngyan|rosa|1404\n|teamsize|p1|6\n|teamsize|p2|6\n|gen|9\n|tier|[Gen 9] National Dex\n|rated|\n|rule|HP Percentage Mod: HP is shown in percentages\n|rule|Endless Battle Clause: Forcing endless battles is banned\n|rule|OHKO Clause: OHKO moves are banned\n|rule|Evasion Clause: Evasion abilities, items, and moves are banned\n|rule|Evasion Abilities Clause: Evasion abilities are banned\n|rule|Evasion Items Clause: Evasion items are banned\n|rule|Evasion Moves Clause: Evasion moves are banned\n|rule|Species Clause: Limit one of each Pok\u00e9mon\n|rule|Sleep Clause Mod: Limit one foe put to sleep\n|clearpoke\n|poke|p1|Skeledirge, F|\n|poke|p1|Corviknight, M|\n|poke|p1|Medicham, M|\n|poke|p1|Zapdos|\n|poke|p1|Gliscor, F|\n|poke|p1|Tapu Lele|\n|poke|p2|Great Tusk|\n|poke|p2|Ferrothorn, M|\n|poke|p2|Hydreigon, M|\n|poke|p2|Moltres|\n|poke|p2|Garganacl, F|\n|poke|p2|Tapu Lele|\n|teampreview\n|inactive|Battle timer is ON: inactive players will automatically lose when time's up. (requested by August1923)\n|\n|t:|1700452164\n|start\n|switch|p1a: Zapdos|Zapdos|100\/100\n|switch|p2a: Hydreigon|Hydreigon, M|100\/100\n|turn|1\n|\n|t:|1700452173\n|-zpower|p1a: Zapdos\n|move|p1a: Zapdos|Supersonic Skystrike|p2a: Hydreigon|[zeffect]\n|-damage|p2a: Hydreigon|0 fnt\n|faint|p2a: Hydreigon\n|\n|upkeep\n|\n|t:|1700452183\n|switch|p2a: Garganacl|Garganacl, F|100\/100\n|turn|2\n|\n|t:|1700452189\n|move|p1a: Zapdos|Hurricane|p2a: Garganacl\n|-resisted|p2a: Garganacl\n|-damage|p2a: Garganacl|76\/100\n|move|p2a: Garganacl|Salt Cure|p1a: Zapdos\n|-supereffective|p1a: Zapdos\n|-crit|p1a: Zapdos\n|-damage|p1a: Zapdos|52\/100\n|-start|p1a: Zapdos|Salt Cure\n|\n|-heal|p2a: Garganacl|82\/100|[from] item: Leftovers\n|-damage|p1a: Zapdos|39\/100|[from] Salt Cure\n|upkeep\n|turn|3\n|\n|t:|1700452202\n|move|p1a: Zapdos|Volt Switch|p2a: Garganacl\n|-damage|p2a: Garganacl|51\/100\n|\n|t:|1700452205\n|switch|p1a: Medicham|Medicham, M|100\/100|[from] Volt Switch\n|move|p2a: Garganacl|Salt Cure|p1a: Medicham\n|-resisted|p1a: Medicham\n|-damage|p1a: Medicham|89\/100\n|-start|p1a: Medicham|Salt Cure\n|\n|-heal|p2a: Garganacl|58\/100|[from] item: Leftovers\n|-damage|p1a: Medicham|77\/100|[from] Salt Cure\n|upkeep\n|turn|4\n|inactive|August1923 has 120 seconds left.\n|\n|t:|1700452240\n|switch|p1a: Corviknight|Corviknight, M|100\/100\n|-ability|p1a: Corviknight|Pressure\n|switch|p2a: Tapu Lele|Tapu Lele|100\/100\n|-fieldstart|move: Psychic Terrain|[from] ability: Psychic Surge|[of] p2a: Tapu Lele\n|\n|upkeep\n|turn|5\n|inactive|August1923 has 120 seconds left.\n|\n|t:|1700452250\n|switch|p2a: Ferrothorn|Ferrothorn, M|100\/100\n|move|p1a: Corviknight|Brave Bird|p2a: Ferrothorn\n|-damage|p2a: Ferrothorn|80\/100\n|-damage|p1a: Corviknight|88\/100|[from] ability: Iron Barbs|[of] p2a: Ferrothorn\n|-damage|p1a: Corviknight|71\/100|[from] item: Rocky Helmet|[of] p2a: Ferrothorn\n|-damage|p1a: Corviknight|65\/100|[from] Recoil\n|\n|-heal|p1a: Corviknight|72\/100|[from] item: Leftovers\n|upkeep\n|turn|6\n|\n|t:|1700452255\n|move|p1a: Corviknight|Body Press|p2a: Ferrothorn\n|-supereffective|p2a: Ferrothorn\n|-damage|p2a: Ferrothorn|58\/100\n|-damage|p1a: Corviknight|59\/100|[from] ability: Iron Barbs|[of] p2a: Ferrothorn\n|-damage|p1a: Corviknight|43\/100|[from] item: Rocky Helmet|[of] p2a: Ferrothorn\n|move|p2a: Ferrothorn|Knock Off|p1a: Corviknight\n|-damage|p1a: Corviknight|25\/100\n|-enditem|p1a: Corviknight|Leftovers|[from] move: Knock Off|[of] p2a: Ferrothorn\n|\n|upkeep\n|turn|7\n|\n|t:|1700452260\n|move|p1a: Corviknight|Roost|p1a: Corviknight\n|-heal|p1a: Corviknight|75\/100\n|-singleturn|p1a: Corviknight|move: Roost\n|move|p2a: Ferrothorn|Leech Seed|p1a: Corviknight|[miss]\n|-miss|p2a: Ferrothorn|p1a: Corviknight\n|\n|upkeep\n|turn|8\n|inactive|August1923 has 120 seconds left.\n|\n|t:|1700452290\n|switch|p1a: Skeledirge|Skeledirge, F|100\/100\n|move|p2a: Ferrothorn|Leech Seed|p1a: Skeledirge\n|-start|p1a: Skeledirge|move: Leech Seed\n|\n|-damage|p1a: Skeledirge|88\/100|[from] Leech Seed|[of] p2a: Ferrothorn\n|-heal|p2a: Ferrothorn|72\/100|[silent]\n|-fieldend|move: Psychic Terrain\n|upkeep\n|turn|9\n|inactive|August1923 has 120 seconds left.\n|\n|t:|1700452309\n|switch|p2a: Garganacl|Garganacl, F|58\/100\n|move|p1a: Skeledirge|Torch Song|p2a: Garganacl\n|-resisted|p2a: Garganacl\n|-damage|p2a: Garganacl|44\/100\n|-boost|p1a: Skeledirge|spa|1\n|\n|-heal|p2a: Garganacl|50\/100|[from] item: Leftovers\n|-damage|p1a: Skeledirge|76\/100|[from] Leech Seed|[of] p2a: Garganacl\n|-heal|p2a: Garganacl|63\/100|[silent]\n|upkeep\n|turn|10\n|inactive|August1923 has 90 seconds left.\n|\n|t:|1700452359\n|switch|p1a: Gliscor|Gliscor, F|100\/100\n|move|p2a: Garganacl|Recover|p2a: Garganacl\n|-heal|p2a: Garganacl|100\/100\n|\n|-status|p1a: Gliscor|tox|[from] item: Toxic Orb\n|upkeep\n|turn|11\n|\n|t:|1700452368\n|switch|p2a: Ferrothorn|Ferrothorn, M|72\/100\n|move|p1a: Gliscor|Knock Off|p2a: Ferrothorn\n|-damage|p2a: Ferrothorn|60\/100\n|-damage|p1a: Gliscor|88\/100 tox|[from] ability: Iron Barbs|[of] p2a: Ferrothorn\n|-damage|p1a: Gliscor|71\/100 tox|[from] item: Rocky Helmet|[of] p2a: Ferrothorn\n|-enditem|p2a: Ferrothorn|Rocky Helmet|[from] move: Knock Off|[of] p1a: Gliscor\n|\n|-heal|p1a: Gliscor|84\/100 tox|[from] ability: Poison Heal\n|upkeep\n|turn|12\n|\n|t:|1700452378\n|move|p1a: Gliscor|Stealth Rock|p2a: Ferrothorn\n|-sidestart|p2: MIngyan|move: Stealth Rock\n|move|p2a: Ferrothorn|Leech Seed|p1a: Gliscor\n|-start|p1a: Gliscor|move: Leech Seed\n|\n|-damage|p1a: Gliscor|71\/100 tox|[from] Leech Seed|[of] p2a: Ferrothorn\n|-heal|p2a: Ferrothorn|72\/100|[silent]\n|-heal|p1a: Gliscor|84\/100 tox|[from] ability: Poison Heal\n|upkeep\n|turn|13\n|inactive|August1923 has 90 seconds left.\n|\n|t:|1700452396\n|switch|p1a: Skeledirge|Skeledirge, F|76\/100\n|move|p2a: Ferrothorn|Knock Off|p1a: Skeledirge\n|-supereffective|p1a: Skeledirge\n|-crit|p1a: Skeledirge\n|-damage|p1a: Skeledirge|20\/100\n|-enditem|p1a: Skeledirge|Heavy-Duty Boots|[from] move: Knock Off|[of] p2a: Ferrothorn\n|\n|upkeep\n|turn|14\n|inactive|August1923 has 90 seconds left.\n|\n|t:|1700452431\n|switch|p1a: Tapu Lele|Tapu Lele|100\/100\n|-fieldstart|move: Psychic Terrain|[from] ability: Psychic Surge|[of] p1a: Tapu Lele\n|switch|p2a: Garganacl|Garganacl, F|100\/100\n|-damage|p2a: Garganacl|88\/100|[from] Stealth Rock\n|\n|-heal|p2a: Garganacl|94\/100|[from] item: Leftovers\n|upkeep\n|turn|15\n|\n|t:|1700452445\n|move|p1a: Tapu Lele|Energy Ball|p2a: Garganacl\n|-supereffective|p2a: Garganacl\n|-damage|p2a: Garganacl|36\/100\n|move|p2a: Garganacl|Stealth Rock|p1a: Tapu Lele\n|-sidestart|p1: August1923|move: Stealth Rock\n|\n|-heal|p2a: Garganacl|42\/100|[from] item: Leftovers\n|upkeep\n|turn|16\n|\n|t:|1700452451\n|switch|p2a: Ferrothorn|Ferrothorn, M|72\/100\n|-damage|p2a: Ferrothorn|66\/100|[from] Stealth Rock\n|move|p1a: Tapu Lele|Energy Ball|p2a: Ferrothorn\n|-resisted|p2a: Ferrothorn\n|-damage|p2a: Ferrothorn|60\/100\n|-unboost|p2a: Ferrothorn|spd|1\n|\n|upkeep\n|turn|17\n|\n|t:|1700452468\n|switch|p1a: Corviknight|Corviknight, M|75\/100\n|-damage|p1a: Corviknight|63\/100|[from] Stealth Rock\n|-ability|p1a: Corviknight|Pressure\n|move|p2a: Ferrothorn|Leech Seed|p1a: Corviknight|[miss]\n|-miss|p2a: Ferrothorn|p1a: Corviknight\n|\n|upkeep\n|turn|18\n|inactive|August1923 has 60 seconds left.\n|\n|t:|1700452492\n|move|p1a: Corviknight|Iron Defense|p1a: Corviknight\n|-boost|p1a: Corviknight|def|2\n|move|p2a: Ferrothorn|Leech Seed|p1a: Corviknight\n|-start|p1a: Corviknight|move: Leech Seed\n|\n|-damage|p1a: Corviknight|50\/100|[from] Leech Seed|[of] p2a: Ferrothorn\n|-heal|p2a: Ferrothorn|74\/100|[silent]\n|-fieldend|move: Psychic Terrain\n|upkeep\n|turn|19\n|inactive|August1923 has 60 seconds left.\n|\n|t:|1700452506\n|switch|p2a: Garganacl|Garganacl, F|42\/100\n|-damage|p2a: Garganacl|30\/100|[from] Stealth Rock\n|move|p1a: Corviknight|Roost|p1a: Corviknight\n|-heal|p1a: Corviknight|100\/100\n|-singleturn|p1a: Corviknight|move: Roost\n|\n|-heal|p2a: Garganacl|36\/100|[from] item: Leftovers\n|-damage|p1a: Corviknight|88\/100|[from] Leech Seed|[of] p2a: Garganacl\n|-heal|p2a: Garganacl|48\/100|[silent]\n|upkeep\n|turn|20\n|\n|t:|1700452510\n|-terastallize|p2a: Garganacl|Water\n|move|p1a: Corviknight|Body Press|p2a: Garganacl\n|-damage|p2a: Garganacl|30\/100\n|move|p2a: Garganacl|Recover|p2a: Garganacl\n|-heal|p2a: Garganacl|80\/100\n|\n|-heal|p2a: Garganacl|86\/100|[from] item: Leftovers\n|-damage|p1a: Corviknight|75\/100|[from] Leech Seed|[of] p2a: Garganacl\n|-heal|p2a: Garganacl|99\/100|[silent]\n|upkeep\n|turn|21\n|inactive|August1923 has 60 seconds left.\n|\n|t:|1700452530\n|switch|p1a: Gliscor|Gliscor, F|84\/100 tox\n|-damage|p1a: Gliscor|71\/100 tox|[from] Stealth Rock\n|move|p2a: Garganacl|Iron Defense|p2a: Garganacl\n|-boost|p2a: Garganacl|def|2\n|\n|-heal|p2a: Garganacl|100\/100|[from] item: Leftovers\n|-heal|p1a: Gliscor|84\/100 tox|[from] ability: Poison Heal\n|upkeep\n|turn|22\n|\n|t:|1700452535\n|move|p1a: Gliscor|Knock Off|p2a: Garganacl\n|-damage|p2a: Garganacl|95\/100\n|-enditem|p2a: Garganacl|Leftovers|[from] move: Knock Off|[of] p1a: Gliscor\n|move|p2a: Garganacl|Salt Cure|p1a: Gliscor\n|-damage|p1a: Gliscor|75\/100 tox\n|-start|p1a: Gliscor|Salt Cure\n|\n|-heal|p1a: Gliscor|87\/100 tox|[from] ability: Poison Heal\n|-damage|p1a: Gliscor|75\/100 tox|[from] Salt Cure\n|upkeep\n|turn|23\n|\n|t:|1700452549\n|switch|p2a: Great Tusk|Great Tusk|100\/100\n|-damage|p2a: Great Tusk|98\/100|[from] Stealth Rock\n|move|p1a: Gliscor|Toxic|p2a: Great Tusk\n|-status|p2a: Great Tusk|tox\n|\n|-heal|p2a: Great Tusk|100\/100 tox|[from] item: Leftovers\n|-heal|p1a: Gliscor|87\/100 tox|[from] ability: Poison Heal\n|-damage|p2a: Great Tusk|94\/100 tox|[from] psn\n|-damage|p1a: Gliscor|75\/100 tox|[from] Salt Cure\n|upkeep\n|turn|24\n|inactive|August1923 has 60 seconds left.\n|\n|t:|1700452571\n|switch|p1a: Corviknight|Corviknight, M|75\/100\n|-damage|p1a: Corviknight|63\/100|[from] Stealth Rock\n|-ability|p1a: Corviknight|Pressure\n|move|p2a: Great Tusk|Rapid Spin|p1a: Corviknight\n|-resisted|p1a: Corviknight\n|-crit|p1a: Corviknight\n|-damage|p1a: Corviknight|54\/100\n|-boost|p2a: Great Tusk|spe|1\n|-sideend|p2: MIngyan|Stealth Rock|[from] move: Rapid Spin|[of] p2a: Great Tusk\n|\n|-heal|p2a: Great Tusk|100\/100 tox|[from] item: Leftovers\n|-damage|p2a: Great Tusk|88\/100 tox|[from] psn\n|upkeep\n|turn|25\n|\n|t:|1700452580\n|-end|p2a: Great Tusk|Protosynthesis|[silent]\n|switch|p2a: Moltres|Moltres|100\/100\n|move|p1a: Corviknight|Roost|p1a: Corviknight\n|-heal|p1a: Corviknight|100\/100\n|-singleturn|p1a: Corviknight|move: Roost\n|\n|upkeep\n|turn|26\n|inactive|August1923 has 60 seconds left.\n|\n|t:|1700452609\n|switch|p1a: Skeledirge|Skeledirge, F|20\/100\n|-damage|p1a: Skeledirge|0 fnt|[from] Stealth Rock\n|faint|p1a: Skeledirge\n|move|p2a: Moltres|Flamethrower|p1: Skeledirge|[notarget]\n|-fail|p2a: Moltres\n|\n|upkeep\n|\n|t:|1700452634\n|switch|p1a: Zapdos|Zapdos|39\/100\n|-damage|p1a: Zapdos|15\/100|[from] Stealth Rock\n|turn|27\n|\n|t:|1700452646\n|move|p1a: Zapdos|Hurricane|p2a: Moltres\n|-damage|p2a: Moltres|63\/100\n|move|p2a: Moltres|Flamethrower|p1a: Zapdos\n|-damage|p1a: Zapdos|0 fnt\n|faint|p1a: Zapdos\n|\n|upkeep\n|inactive|August1923 has 30 seconds left.\n|inactive|August1923 has 20 seconds left.\n|inactive|August1923 has 15 seconds left.\n|\n|t:|1700452674\n|switch|p1a: Tapu Lele|Tapu Lele|100\/100\n|-damage|p1a: Tapu Lele|88\/100|[from] Stealth Rock\n|-fieldstart|move: Psychic Terrain|[from] ability: Psychic Surge|[of] p1a: Tapu Lele\n|turn|28\n|inactive|August1923 has 25 seconds left this turn.\n|\n|t:|1700452687\n|move|p1a: Tapu Lele|Psychic|p2a: Moltres\n|-damage|p2a: Moltres|17\/100\n|move|p2a: Moltres|Roost|p2a: Moltres\n|-heal|p2a: Moltres|67\/100\n|-singleturn|p2a: Moltres|move: Roost\n|\n|upkeep\n|turn|29\n|inactive|August1923 has 30 seconds left.\n|\n|t:|1700452694\n|switch|p2a: Ferrothorn|Ferrothorn, M|74\/100\n|move|p1a: Tapu Lele|Psychic|p2a: Ferrothorn\n|-resisted|p2a: Ferrothorn\n|-damage|p2a: Ferrothorn|50\/100\n|\n|upkeep\n|turn|30\n|inactive|August1923 has 30 seconds left.\n|inactive|August1923 has 20 seconds left.\n|inactive|August1923 has 15 seconds left.\n|inactive|August1923 has 10 seconds left.\n|inactive|August1923 has 5 seconds left.\n|\n|t:|1700452729\n|move|p1a: Tapu Lele|Psychic|p2a: Ferrothorn\n|-resisted|p2a: Ferrothorn\n|-damage|p2a: Ferrothorn|24\/100\n|-unboost|p2a: Ferrothorn|spd|1\n|move|p2a: Ferrothorn|Leech Seed|p1a: Tapu Lele\n|-start|p1a: Tapu Lele|move: Leech Seed\n|\n|-damage|p1a: Tapu Lele|76\/100|[from] Leech Seed|[of] p2a: Ferrothorn\n|-heal|p2a: Ferrothorn|33\/100|[silent]\n|upkeep\n|turn|31\n|inactive|August1923 has 15 seconds left this turn.\n|\n|t:|1700452737\n|move|p2a: Ferrothorn|Protect|p2a: Ferrothorn\n|-singleturn|p2a: Ferrothorn|Protect\n|move|p1a: Tapu Lele|Psychic|p2a: Ferrothorn\n|-activate|p2a: Ferrothorn|move: Protect\n|\n|-damage|p1a: Tapu Lele|63\/100|[from] Leech Seed|[of] p2a: Ferrothorn\n|-heal|p2a: Ferrothorn|43\/100|[silent]\n|upkeep\n|turn|32\n|inactive|August1923 has 25 seconds left this turn.\n|inactive|August1923 has 20 seconds left.\n|inactive|August1923 has 15 seconds left.\n|\n|t:|1700452751\n|switch|p2a: Great Tusk|Great Tusk|88\/100 tox\n|move|p1a: Tapu Lele|Psychic|p2a: Great Tusk\n|-supereffective|p2a: Great Tusk\n|-damage|p2a: Great Tusk|0 fnt\n|faint|p2a: Great Tusk\n|-end|p2a: Great Tusk|Protosynthesis|[silent]\n|\n|-fieldend|move: Psychic Terrain\n|upkeep\n|inactive|August1923 has 20 seconds left this turn.\n|\n|t:|1700452753\n|switch|p2a: Ferrothorn|Ferrothorn, M|43\/100\n|turn|33\n|inactive|August1923 has 30 seconds left this turn.\n|\n|t:|1700452760\n|switch|p1a: Gliscor|Gliscor, F|75\/100 tox\n|-damage|p1a: Gliscor|62\/100 tox|[from] Stealth Rock\n|move|p2a: Ferrothorn|Leech Seed|p1a: Gliscor\n|-start|p1a: Gliscor|move: Leech Seed\n|\n|-damage|p1a: Gliscor|50\/100 tox|[from] Leech Seed|[of] p2a: Ferrothorn\n|-heal|p2a: Ferrothorn|56\/100|[silent]\n|-heal|p1a: Gliscor|62\/100 tox|[from] ability: Poison Heal\n|upkeep\n|turn|34\n|inactive|August1923 has 30 seconds left.\n|\n|t:|1700452771\n|move|p2a: Ferrothorn|Protect|p2a: Ferrothorn\n|-singleturn|p2a: Ferrothorn|Protect\n|move|p1a: Gliscor|Stealth Rock|p2a: Ferrothorn\n|-sidestart|p2: MIngyan|move: Stealth Rock\n|\n|-damage|p1a: Gliscor|50\/100 tox|[from] Leech Seed|[of] p2a: Ferrothorn\n|-heal|p2a: Ferrothorn|68\/100|[silent]\n|-heal|p1a: Gliscor|62\/100 tox|[from] ability: Poison Heal\n|upkeep\n|turn|35\n|inactive|August1923 has 30 seconds left.\n|inactive|August1923 has 20 seconds left.\n|inactive|August1923 has 15 seconds left.\n|\n|t:|1700452792\n|move|p1a: Gliscor|Roost|p1a: Gliscor\n|-heal|p1a: Gliscor|100\/100 tox\n|-singleturn|p1a: Gliscor|move: Roost\n|move|p2a: Ferrothorn|Gyro Ball|p1a: Gliscor\n|-damage|p1a: Gliscor|68\/100 tox\n|\n|-damage|p1a: Gliscor|56\/100 tox|[from] Leech Seed|[of] p2a: Ferrothorn\n|-heal|p2a: Ferrothorn|81\/100|[silent]\n|-heal|p1a: Gliscor|68\/100 tox|[from] ability: Poison Heal\n|upkeep\n|turn|36\n|inactive|August1923 has 25 seconds left this turn.\n|inactive|August1923 has 20 seconds left.\n|\n|t:|1700452803\n|switch|p1a: Corviknight|Corviknight, M|100\/100\n|-damage|p1a: Corviknight|88\/100|[from] Stealth Rock\n|-ability|p1a: Corviknight|Pressure\n|move|p2a: Ferrothorn|Leech Seed|p1a: Corviknight\n|-start|p1a: Corviknight|move: Leech Seed\n|\n|-damage|p1a: Corviknight|75\/100|[from] Leech Seed|[of] p2a: Ferrothorn\n|-heal|p2a: Ferrothorn|95\/100|[silent]\n|upkeep\n|turn|37\n|inactive|August1923 has 30 seconds left this turn.\n|inactive|August1923 has 20 seconds left.\n|\n|t:|1700452815\n|switch|p2a: Moltres|Moltres|67\/100\n|move|p1a: Corviknight|Body Press|p2a: Moltres\n|-resisted|p2a: Moltres\n|-damage|p2a: Moltres|57\/100\n|\n|-damage|p1a: Corviknight|63\/100|[from] Leech Seed|[of] p2a: Moltres\n|-heal|p2a: Moltres|70\/100|[silent]\n|upkeep\n|turn|38\n|inactive|August1923 has 30 seconds left this turn.\n|inactive|August1923 has 20 seconds left.\n|inactive|August1923 has 15 seconds left.\n|\n|t:|1700452831\n|move|p2a: Moltres|Flamethrower|p1a: Corviknight\n|-supereffective|p1a: Corviknight\n|-damage|p1a: Corviknight|10\/100\n|move|p1a: Corviknight|Roost|p1a: Corviknight\n|-heal|p1a: Corviknight|60\/100\n|-singleturn|p1a: Corviknight|move: Roost\n|\n|-damage|p1a: Corviknight|47\/100|[from] Leech Seed|[of] p2a: Moltres\n|-heal|p2a: Moltres|83\/100|[silent]\n|upkeep\n|turn|39\n|inactive|August1923 has 25 seconds left this turn.\n|inactive|August1923 has 20 seconds left.\n|inactive|August1923 has 15 seconds left.\n|inactive|August1923 has 10 seconds left.\n|\n|t:|1700452850\n|move|p2a: Moltres|Flamethrower|p1a: Corviknight\n|-supereffective|p1a: Corviknight\n|-damage|p1a: Corviknight|0 fnt\n|faint|p1a: Corviknight\n|\n|upkeep\n|inactive|August1923 has 15 seconds left this turn.\n|\n|t:|1700452854\n|switch|p1a: Gliscor|Gliscor, F|68\/100 tox\n|-damage|p1a: Gliscor|56\/100 tox|[from] Stealth Rock\n|turn|40\n|inactive|August1923 has 25 seconds left this turn.\n|inactive|August1923 has 20 seconds left.\n|\n|t:|1700452862\n|switch|p2a: Garganacl|Garganacl, F, tera:Water|95\/100\n|-damage|p2a: Garganacl|82\/100|[from] Stealth Rock\n|-terastallize|p1a: Gliscor|Water\n|move|p1a: Gliscor|Knock Off|p2a: Garganacl\n|-damage|p2a: Garganacl|75\/100\n|\n|-heal|p1a: Gliscor|68\/100 tox|[from] ability: Poison Heal\n|upkeep\n|turn|41\n|inactive|August1923 has 30 seconds left this turn.\n|inactive|August1923 has 20 seconds left.\n|\n|t:|1700452876\n|move|p1a: Gliscor|Knock Off|p2a: Garganacl\n|-damage|p2a: Garganacl|67\/100\n|move|p2a: Garganacl|Salt Cure|p1a: Gliscor\n|-damage|p1a: Gliscor|60\/100 tox\n|-start|p1a: Gliscor|Salt Cure\n|\n|-heal|p1a: Gliscor|72\/100 tox|[from] ability: Poison Heal\n|-damage|p1a: Gliscor|47\/100 tox|[from] Salt Cure\n|upkeep\n|turn|42\n|inactive|August1923 has 30 seconds left this turn.\n|inactive|August1923 has 20 seconds left.\n|\n|t:|1700452889\n|switch|p1a: Medicham|Medicham, M|77\/100\n|-damage|p1a: Medicham|71\/100|[from] Stealth Rock\n|move|p2a: Garganacl|Iron Defense|p2a: Garganacl\n|-boost|p2a: Garganacl|def|2\n|\n|upkeep\n|turn|43\n|inactive|August1923 has 30 seconds left this turn.\n|\n|t:|1700452894\n|detailschange|p1a: Medicham|Medicham-Mega, M\n|-mega|p1a: Medicham|Medicham|Medichamite\n|move|p1a: Medicham|Fake Out|p2a: Garganacl\n|-damage|p2a: Garganacl|62\/100\n|cant|p2a: Garganacl|flinch\n|\n|upkeep\n|turn|44\n|\n|t:|1700452903\n|switch|p1a: Tapu Lele|Tapu Lele|63\/100\n|-damage|p1a: Tapu Lele|51\/100|[from] Stealth Rock\n|-fieldstart|move: Psychic Terrain|[from] ability: Psychic Surge|[of] p1a: Tapu Lele\n|move|p2a: Garganacl|Recover|p2a: Garganacl\n|-heal|p2a: Garganacl|100\/100\n|\n|upkeep\n|turn|45\n|\n|t:|1700452913\n|switch|p2a: Ferrothorn|Ferrothorn, M|95\/100\n|-damage|p2a: Ferrothorn|89\/100|[from] Stealth Rock\n|move|p1a: Tapu Lele|Energy Ball|p2a: Ferrothorn\n|-resisted|p2a: Ferrothorn\n|-damage|p2a: Ferrothorn|83\/100\n|\n|upkeep\n|turn|46\n|\n|t:|1700452918\n|switch|p1a: Medicham|Medicham-Mega, M|71\/100\n|-damage|p1a: Medicham|64\/100|[from] Stealth Rock\n|move|p2a: Ferrothorn|Leech Seed|p1a: Medicham\n|-start|p1a: Medicham|move: Leech Seed\n|\n|-damage|p1a: Medicham|52\/100|[from] Leech Seed|[of] p2a: Ferrothorn\n|-heal|p2a: Ferrothorn|92\/100|[silent]\n|upkeep\n|turn|47\n|\n|t:|1700452925\n|move|p2a: Ferrothorn|Protect|p2a: Ferrothorn\n|-singleturn|p2a: Ferrothorn|Protect\n|move|p1a: Medicham|Close Combat|p2a: Ferrothorn\n|-activate|p2a: Ferrothorn|move: Protect\n|\n|-damage|p1a: Medicham|40\/100|[from] Leech Seed|[of] p2a: Ferrothorn\n|-heal|p2a: Ferrothorn|100\/100|[silent]\n|upkeep\n|turn|48\n|\n|t:|1700452929\n|switch|p2a: Moltres|Moltres|83\/100\n|move|p1a: Medicham|Close Combat|p2a: Moltres\n|-resisted|p2a: Moltres\n|-damage|p2a: Moltres|29\/100\n|-unboost|p1a: Medicham|def|1\n|-unboost|p1a: Medicham|spd|1\n|\n|-damage|p1a: Medicham|28\/100|[from] Leech Seed|[of] p2a: Moltres\n|-heal|p2a: Moltres|37\/100|[silent]\n|-fieldend|move: Psychic Terrain\n|upkeep\n|turn|49\n|\n|t:|1700452943\n|move|p1a: Medicham|Close Combat|p2a: Moltres\n|-resisted|p2a: Moltres\n|-damage|p2a: Moltres|0 fnt\n|-unboost|p1a: Medicham|def|1\n|-unboost|p1a: Medicham|spd|1\n|-status|p1a: Medicham|brn|[from] ability: Flame Body|[of] p2a: Moltres\n|faint|p2a: Moltres\n|\n|-damage|p1a: Medicham|22\/100 brn|[from] brn\n|upkeep\n|\n|t:|1700452946\n|switch|p2a: Tapu Lele|Tapu Lele|100\/100\n|-damage|p2a: Tapu Lele|88\/100|[from] Stealth Rock\n|-fieldstart|move: Psychic Terrain|[from] ability: Psychic Surge|[of] p2a: Tapu Lele\n|turn|50\n|\n|t:|1700452956\n|move|p2a: Tapu Lele|Moonblast|p1a: Medicham\n|-supereffective|p1a: Medicham\n|-damage|p1a: Medicham|0 fnt\n|faint|p1a: Medicham\n|\n|upkeep\n|\n|t:|1700452960\n|switch|p1a: Tapu Lele|Tapu Lele|51\/100\n|-damage|p1a: Tapu Lele|38\/100|[from] Stealth Rock\n|turn|51\n|\n|t:|1700452963\n|move|p2a: Tapu Lele|Moonblast|p1a: Tapu Lele\n|-damage|p1a: Tapu Lele|0 fnt\n|faint|p1a: Tapu Lele\n|\n|upkeep\n|\n|t:|1700452966\n|switch|p1a: Gliscor|Gliscor, F, tera:Water|47\/100 tox\n|-damage|p1a: Gliscor|35\/100 tox|[from] Stealth Rock\n|turn|52\n|\n|t:|1700452968\n|move|p2a: Tapu Lele|Moonblast|p1a: Gliscor\n|-damage|p1a: Gliscor|0 fnt\n|faint|p1a: Gliscor\n|\n|win|MIngyan\n|raw|August1923's rating: 1365 &rarr; <strong>1347<\/strong><br \/>(-18 for losing)\n|raw|MIngyan's rating: 1404 &rarr; <strong>1422<\/strong><br \/>(+18 for winning)\n|l|\u2606August1923\n","uploadtime":1700452987,"views":4,"p1id":"august1923","p2id":"mingyan","formatid":"gen9nationaldex","rating":1347,"private":0,"password":""}