{"id":"gen9nationaldex-1998837868","p1":"babe9866","p2":"h0t water","format":"[Gen 9] National Dex","log":"|html|<div class=\"broadcast-blue\"><strong>[Gen 9] National Dex is currently suspecting Sneasler! For information on how to participate check out the <a href=\"https:\/\/www.smogon.com\/forums\/threads\/sv-national-dex-suspect-8-just-dance.3731534\/\">suspect thread<\/a>.<\/strong><\/div>\n|j|\u2606babe9866\n|j|\u2606h0t water\n|t:|1701000800\n|gametype|singles\n|player|p1|babe9866|265|1152\n|player|p2|h0t water|1|1245\n|teamsize|p1|6\n|teamsize|p2|6\n|gen|9\n|tier|[Gen 9] National Dex\n|rated|\n|rule|HP Percentage Mod: HP is shown in percentages\n|rule|Endless Battle Clause: Forcing endless battles is banned\n|rule|OHKO Clause: OHKO moves are banned\n|rule|Evasion Clause: Evasion abilities, items, and moves are banned\n|rule|Evasion Abilities Clause: Evasion abilities are banned\n|rule|Evasion Items Clause: Evasion items are banned\n|rule|Evasion Moves Clause: Evasion moves are banned\n|rule|Species Clause: Limit one of each Pok\u00e9mon\n|rule|Sleep Clause Mod: Limit one foe put to sleep\n|clearpoke\n|poke|p1|Regidrago|\n|poke|p1|Typhlosion-Hisui, F|\n|poke|p1|Toxapex, F|\n|poke|p1|Cinderace, M|\n|poke|p1|Maushold-Four|\n|poke|p1|Aggron, M|\n|poke|p2|Iron Valiant|\n|poke|p2|Ribombee, M|\n|poke|p2|Grimmsnarl, M|\n|poke|p2|Blaziken, F|\n|poke|p2|Espeon, M|\n|poke|p2|Haxorus, M|\n|teampreview\n|inactive|Battle timer is ON: inactive players will automatically lose when time's up. (requested by h0t water)\n|\n|t:|1701000807\n|start\n|switch|p1a: Aggron|Aggron, M|100\/100\n|switch|p2a: Espeon|Espeon, M|100\/100\n|turn|1\n|\n|t:|1701000824\n|switch|p2a: Grimmsnarl|Grimmsnarl, M|100\/100\n|detailschange|p1a: Aggron|Aggron-Mega, M\n|-mega|p1a: Aggron|Aggron|Aggronite\n|move|p1a: Aggron|Stealth Rock|p2a: Grimmsnarl\n|-sidestart|p2: h0t water|move: Stealth Rock\n|\n|upkeep\n|turn|2\n|\n|t:|1701000842\n|switch|p1a: Typhlosion|Typhlosion-Hisui, F|100\/100\n|-item|p2a: Grimmsnarl|Light Clay|[from] ability: Frisk|[of] p1a: Typhlosion|[identify]\n|move|p2a: Grimmsnarl|Reflect|p2a: Grimmsnarl\n|-sidestart|p2: h0t water|Reflect\n|\n|upkeep\n|turn|3\n|\n|t:|1701000849\n|-terastallize|p1a: Typhlosion|Fire\n|move|p2a: Grimmsnarl|Light Screen|p2a: Grimmsnarl\n|-sidestart|p2: h0t water|move: Light Screen\n|move|p1a: Typhlosion|Eruption|p2a: Grimmsnarl\n|-damage|p2a: Grimmsnarl|66\/100\n|\n|upkeep\n|turn|4\n|\n|t:|1701000857\n|switch|p1a: Toxapex|Toxapex, F|100\/100\n|move|p2a: Grimmsnarl|Thunder Wave|p1a: Toxapex\n|-status|p1a: Toxapex|par\n|\n|upkeep\n|turn|5\n|\n|t:|1701000860\n|move|p2a: Grimmsnarl|Parting Shot|p1a: Toxapex\n|-unboost|p1a: Toxapex|atk|1\n|-unboost|p1a: Toxapex|spa|1\n|\n|t:|1701000862\n|switch|p2a: Espeon|Espeon, M|100\/100|[from] Parting Shot\n|-damage|p2a: Espeon|88\/100|[from] Stealth Rock\n|move|p1a: Toxapex|Toxic|p2a: Espeon\n|move|p2a: Espeon|Toxic|p1a: Toxapex|[from]ability: Magic Bounce|[miss]\n|-miss|p2a: Espeon|p1a: Toxapex\n|\n|upkeep\n|turn|6\n|\n|t:|1701000871\n|move|p2a: Espeon|Trick|p1a: Toxapex\n|-activate|p2a: Espeon|move: Trick|[of] p1a: Toxapex\n|-item|p1a: Toxapex|Choice Specs|[from] move: Trick\n|-item|p2a: Espeon|Leftovers|[from] move: Trick\n|move|p1a: Toxapex|Scald|p2a: Espeon\n|-damage|p2a: Espeon|77\/100\n|-status|p2a: Espeon|brn\n|\n|-heal|p2a: Espeon|82\/100 brn|[from] item: Leftovers\n|-damage|p2a: Espeon|77\/100 brn|[from] brn\n|upkeep\n|turn|7\n|\n|t:|1701000884\n|move|p2a: Espeon|Psychic|p1a: Toxapex\n|-supereffective|p1a: Toxapex\n|-crit|p1a: Toxapex\n|-damage|p1a: Toxapex|0 fnt\n|faint|p1a: Toxapex\n|\n|-heal|p2a: Espeon|82\/100 brn|[from] item: Leftovers\n|-damage|p2a: Espeon|77\/100 brn|[from] brn\n|upkeep\n|\n|t:|1701000895\n|switch|p1a: Maushold|Maushold-Four|100\/100\n|turn|8\n|\n|t:|1701000899\n|move|p2a: Espeon|Psychic|p1a: Maushold\n|-damage|p1a: Maushold|36\/100\n|move|p1a: Maushold|Tidy Up|p1a: Maushold\n|-sideend|p2: h0t water|Stealth Rock\n|-activate|p1a: Maushold|move: Tidy Up\n|-boost|p1a: Maushold|atk|1\n|-boost|p1a: Maushold|spe|1\n|\n|-heal|p2a: Espeon|82\/100 brn|[from] item: Leftovers\n|-damage|p2a: Espeon|77\/100 brn|[from] brn\n|upkeep\n|turn|9\n|\n|t:|1701000910\n|move|p1a: Maushold|Population Bomb|p2a: Espeon\n|-damage|p2a: Espeon|61\/100 brn\n|-damage|p2a: Espeon|48\/100 brn\n|-damage|p2a: Espeon|32\/100 brn\n|-damage|p2a: Espeon|16\/100 brn\n|-damage|p2a: Espeon|2\/100 brn\n|-damage|p2a: Espeon|0 fnt\n|faint|p2a: Espeon\n|-hitcount|p2: Espeon|6\n|\n|-sideend|p2: h0t water|Reflect\n|upkeep\n|\n|t:|1701000914\n|switch|p2a: Grimmsnarl|Grimmsnarl, M|66\/100\n|turn|10\n|\n|t:|1701000920\n|move|p2a: Grimmsnarl|Thunder Wave|p1a: Maushold\n|-status|p1a: Maushold|par\n|move|p1a: Maushold|Population Bomb|p2a: Grimmsnarl\n|-damage|p2a: Grimmsnarl|47\/100\n|-damage|p2a: Grimmsnarl|29\/100\n|-damage|p2a: Grimmsnarl|9\/100\n|-damage|p2a: Grimmsnarl|0 fnt\n|faint|p2a: Grimmsnarl\n|-hitcount|p2: Grimmsnarl|4\n|\n|-sideend|p2: h0t water|move: Light Screen\n|upkeep\n|\n|t:|1701000928\n|switch|p2a: Blaziken|Blaziken, F|100\/100\n|turn|11\n|\n|t:|1701000932\n|move|p2a: Blaziken|Blaze Kick|p1a: Maushold\n|-damage|p1a: Maushold|0 fnt\n|faint|p1a: Maushold\n|\n|-ability|p2a: Blaziken|Speed Boost|boost\n|-boost|p2a: Blaziken|spe|1\n|upkeep\n|\n|t:|1701000942\n|switch|p1a: Aggron|Aggron-Mega, M|100\/100\n|turn|12\n|\n|t:|1701000946\n|move|p2a: Blaziken|Swords Dance|p2a: Blaziken\n|-boost|p2a: Blaziken|atk|2\n|move|p1a: Aggron|Earthquake|p2a: Blaziken\n|-supereffective|p2a: Blaziken\n|-enditem|p2a: Blaziken|Focus Sash\n|-damage|p2a: Blaziken|1\/100\n|\n|-ability|p2a: Blaziken|Speed Boost|boost\n|-boost|p2a: Blaziken|spe|1\n|upkeep\n|turn|13\n|\n|t:|1701000953\n|move|p2a: Blaziken|Close Combat|p1a: Aggron\n|-supereffective|p1a: Aggron\n|-damage|p1a: Aggron|9\/100\n|-unboost|p2a: Blaziken|def|1\n|-unboost|p2a: Blaziken|spd|1\n|move|p1a: Aggron|Earthquake|p2a: Blaziken\n|-supereffective|p2a: Blaziken\n|-damage|p2a: Blaziken|0 fnt\n|faint|p2a: Blaziken\n|\n|upkeep\n|\n|t:|1701000961\n|switch|p2a: Ribombee|Ribombee, M|100\/100\n|turn|14\n|\n|t:|1701000968\n|move|p2a: Ribombee|Sticky Web|p1a: Aggron\n|-sidestart|p1: babe9866|move: Sticky Web\n|move|p1a: Aggron|Body Press|p2a: Ribombee\n|-resisted|p2a: Ribombee\n|-damage|p2a: Ribombee|78\/100\n|\n|upkeep\n|turn|15\n|\n|t:|1701000973\n|move|p2a: Ribombee|Moonblast|p1a: Aggron\n|-resisted|p1a: Aggron\n|-damage|p1a: Aggron|0 fnt\n|faint|p1a: Aggron\n|\n|upkeep\n|\n|t:|1701000981\n|switch|p1a: Typhlosion|Typhlosion-Hisui, F, tera:Fire|100\/100\n|-activate|p1a: Typhlosion|move: Sticky Web\n|-unboost|p1a: Typhlosion|spe|1\n|-item|p2a: Ribombee|Focus Sash|[from] ability: Frisk|[of] p1a: Typhlosion|[identify]\n|turn|16\n|\n|t:|1701000990\n|move|p2a: Ribombee|Moonblast|p1a: Typhlosion\n|-resisted|p1a: Typhlosion\n|-damage|p1a: Typhlosion|74\/100\n|-unboost|p1a: Typhlosion|spa|1\n|move|p1a: Typhlosion|Overheat|p2a: Ribombee\n|-supereffective|p2a: Ribombee\n|-damage|p2a: Ribombee|0 fnt\n|-unboost|p1a: Typhlosion|spa|2\n|faint|p2a: Ribombee\n|\n|upkeep\n|\n|t:|1701000997\n|switch|p2a: Haxorus|Haxorus, M|100\/100\n|-ability|p2a: Haxorus|Mold Breaker\n|turn|17\n|\n|t:|1701001003\n|switch|p1a: Cinderace|Cinderace, M|100\/100\n|-activate|p1a: Cinderace|move: Sticky Web\n|-unboost|p1a: Cinderace|spe|1\n|move|p2a: Haxorus|Swords Dance|p2a: Haxorus\n|-boost|p2a: Haxorus|atk|2\n|\n|upkeep\n|turn|18\n|\n|t:|1701001009\n|move|p1a: Cinderace|Will-O-Wisp|p2a: Haxorus\n|-status|p2a: Haxorus|brn\n|move|p2a: Haxorus|Scale Shot|p1a: Cinderace\n|-damage|p1a: Cinderace|81\/100\n|-damage|p1a: Cinderace|61\/100\n|-damage|p1a: Cinderace|41\/100\n|-damage|p1a: Cinderace|22\/100\n|-hitcount|p1a: Cinderace|4\n|-unboost|p2a: Haxorus|def|1\n|-boost|p2a: Haxorus|spe|1\n|\n|-damage|p2a: Haxorus|94\/100 brn|[from] brn\n|upkeep\n|turn|19\n|\n|t:|1701001031\n|move|p2a: Haxorus|Scale Shot|p1a: Cinderace\n|-damage|p1a: Cinderace|3\/100\n|-damage|p1a: Cinderace|0 fnt\n|faint|p1a: Cinderace\n|-hitcount|p1: Cinderace|2\n|-unboost|p2a: Haxorus|def|1\n|-boost|p2a: Haxorus|spe|1\n|\n|-damage|p2a: Haxorus|88\/100 brn|[from] brn\n|upkeep\n|\n|t:|1701001036\n|switch|p1a: Typhlosion|Typhlosion-Hisui, F, tera:Fire|74\/100\n|-activate|p1a: Typhlosion|move: Sticky Web\n|-unboost|p1a: Typhlosion|spe|1\n|-item|p2a: Haxorus|Loaded Dice|[from] ability: Frisk|[of] p1a: Typhlosion|[identify]\n|turn|20\n|\n|t:|1701001040\n|move|p2a: Haxorus|Scale Shot|p1a: Typhlosion\n|-damage|p1a: Typhlosion|53\/100\n|-damage|p1a: Typhlosion|32\/100\n|-damage|p1a: Typhlosion|11\/100\n|-damage|p1a: Typhlosion|0 fnt\n|faint|p1a: Typhlosion\n|-hitcount|p1: Typhlosion|4\n|-unboost|p2a: Haxorus|def|1\n|-boost|p2a: Haxorus|spe|1\n|\n|-damage|p2a: Haxorus|82\/100 brn|[from] brn\n|upkeep\n|\n|t:|1701001043\n|switch|p1a: Regidrago|Regidrago|100\/100\n|-activate|p1a: Regidrago|move: Sticky Web\n|-unboost|p1a: Regidrago|spe|1\n|turn|21\n|\n|t:|1701001047\n|move|p2a: Haxorus|Scale Shot|p1a: Regidrago\n|-supereffective|p1a: Regidrago\n|-damage|p1a: Regidrago|69\/100\n|-supereffective|p1a: Regidrago\n|-damage|p1a: Regidrago|37\/100\n|-supereffective|p1a: Regidrago\n|-damage|p1a: Regidrago|4\/100\n|-supereffective|p1a: Regidrago\n|-damage|p1a: Regidrago|0 fnt\n|faint|p1a: Regidrago\n|-hitcount|p1: Regidrago|4\n|\n|win|h0t water\n|raw|babe9866's rating: 1152 &rarr; <strong>1134<\/strong><br \/>(-18 for losing)\n|raw|h0t water's rating: 1245 &rarr; <strong>1263<\/strong><br \/>(+18 for winning)\n|l|\u2606babe9866\n","uploadtime":1701001062,"views":8,"p1id":"babe9866","p2id":"h0twater","formatid":"gen9nationaldex","rating":1134,"private":0,"password":""}