{"id":"gen9nationaldex-1988854679","p1":"the gold bee","p2":"TianBing","format":"[Gen 9] National Dex","log":"|j|\u2606the gold bee\n|j|\u2606TianBing\n|t:|1699774494\n|gametype|singles\n|player|p1|the gold bee|elesa|1322\n|player|p2|TianBing|cynthia|1331\n|teamsize|p1|6\n|teamsize|p2|6\n|gen|9\n|tier|[Gen 9] National Dex\n|rated|\n|rule|HP Percentage Mod: HP is shown in percentages\n|rule|Endless Battle Clause: Forcing endless battles is banned\n|rule|OHKO Clause: OHKO moves are banned\n|rule|Evasion Clause: Evasion abilities, items, and moves are banned\n|rule|Evasion Abilities Clause: Evasion abilities are banned\n|rule|Evasion Items Clause: Evasion items are banned\n|rule|Evasion Moves Clause: Evasion moves are banned\n|rule|Species Clause: Limit one of each Pok\u00e9mon\n|rule|Sleep Clause Mod: Limit one foe put to sleep\n|clearpoke\n|poke|p1|Tyranitar, F|\n|poke|p1|Banette, F|\n|poke|p1|Tapu Bulu|\n|poke|p1|Fezandipiti, M|\n|poke|p1|Greninja-*, M|\n|poke|p1|Garchomp, F|\n|poke|p2|Skarmory, F|\n|poke|p2|Garganacl, F|\n|poke|p2|Toxapex, F|\n|poke|p2|Dondozo, F|\n|poke|p2|Sableye, F|\n|poke|p2|Chansey, F|\n|teampreview\n|\n|t:|1699774513\n|start\n|switch|p1a: Garchomp|Garchomp, F|100\/100\n|switch|p2a: Toxapex|Toxapex, F|100\/100\n|turn|1\n|\n|t:|1699774523\n|switch|p2a: Skarmory|Skarmory, F|100\/100\n|move|p1a: Garchomp|Swords Dance|p1a: Garchomp\n|-boost|p1a: Garchomp|atk|2\n|\n|upkeep\n|turn|2\n|\n|t:|1699774530\n|switch|p2a: Dondozo|Dondozo, F|100\/100\n|move|p1a: Garchomp|Stone Edge|p2a: Dondozo\n|-damage|p2a: Dondozo|85\/100\n|\n|-heal|p2a: Dondozo|91\/100|[from] item: Leftovers\n|upkeep\n|turn|3\n|\n|t:|1699774540\n|switch|p1a: \u52c7\u6562\u725b\u725b\u4e0d\u6015\u56f0\u96be|Tapu Bulu|100\/100\n|-fieldstart|move: Grassy Terrain|[from] ability: Grassy Surge|[of] p1a: \u52c7\u6562\u725b\u725b\u4e0d\u6015\u56f0\u96be\n|move|p2a: Dondozo|Curse|p2a: Dondozo\n|-unboost|p2a: Dondozo|spe|1\n|-boost|p2a: Dondozo|atk|1\n|-boost|p2a: Dondozo|def|1\n|\n|-heal|p2a: Dondozo|97\/100|[from] Grassy Terrain\n|-heal|p2a: Dondozo|100\/100|[from] item: Leftovers\n|upkeep\n|turn|4\n|\n|t:|1699774555\n|switch|p2a: Skarmory|Skarmory, F|100\/100\n|move|p1a: \u52c7\u6562\u725b\u725b\u4e0d\u6015\u56f0\u96be|Wood Hammer|p2a: Skarmory\n|-resisted|p2a: Skarmory\n|-damage|p2a: Skarmory|88\/100\n|-damage|p1a: \u52c7\u6562\u725b\u725b\u4e0d\u6015\u56f0\u96be|84\/100|[from] item: Rocky Helmet|[of] p2a: Skarmory\n|-damage|p1a: \u52c7\u6562\u725b\u725b\u4e0d\u6015\u56f0\u96be|80\/100|[from] Recoil\n|\n|-heal|p1a: \u52c7\u6562\u725b\u725b\u4e0d\u6015\u56f0\u96be|86\/100|[from] Grassy Terrain\n|upkeep\n|turn|5\n|\n|t:|1699774575\n|move|p1a: \u52c7\u6562\u725b\u725b\u4e0d\u6015\u56f0\u96be|Stone Edge|p2a: Skarmory\n|-damage|p2a: Skarmory|65\/100\n|move|p2a: Skarmory|Stealth Rock|p1a: \u52c7\u6562\u725b\u725b\u4e0d\u6015\u56f0\u96be\n|-sidestart|p1: the gold bee|move: Stealth Rock\n|\n|-heal|p1a: \u52c7\u6562\u725b\u725b\u4e0d\u6015\u56f0\u96be|92\/100|[from] Grassy Terrain\n|upkeep\n|turn|6\n|\n|t:|1699774597\n|switch|p1a: \u6551\u706b\u961f\u957f|Greninja, M|100\/100\n|-damage|p1a: \u6551\u706b\u961f\u957f|88\/100|[from] Stealth Rock\n|move|p2a: Skarmory|Roost|p2a: Skarmory\n|-heal|p2a: Skarmory|100\/100\n|-singleturn|p2a: Skarmory|move: Roost\n|\n|-heal|p1a: \u6551\u706b\u961f\u957f|94\/100|[from] Grassy Terrain\n|upkeep\n|turn|7\n|\n|t:|1699774609\n|switch|p2a: Toxapex|Toxapex, F|100\/100\n|move|p1a: \u6551\u706b\u961f\u957f|Hydro Pump|p2a: Toxapex|[miss]\n|-miss|p1a: \u6551\u706b\u961f\u957f|p2a: Toxapex\n|\n|-heal|p1a: \u6551\u706b\u961f\u957f|99\/100|[from] Grassy Terrain\n|-fieldend|move: Grassy Terrain\n|upkeep\n|turn|8\n|\n|t:|1699774625\n|switch|p1a: \u4f60\u80fd\u5e72\u561b\uff1f|Fezandipiti, M|100\/100\n|-damage|p1a: \u4f60\u80fd\u5e72\u561b\uff1f|88\/100|[from] Stealth Rock\n|move|p2a: Toxapex|Toxic|p1a: \u4f60\u80fd\u5e72\u561b\uff1f\n|-immune|p1a: \u4f60\u80fd\u5e72\u561b\uff1f\n|\n|upkeep\n|turn|9\n|inactive|Battle timer is ON: inactive players will automatically lose when time's up. (requested by the gold bee)\n|\n|t:|1699774696\n|switch|p1a: Garchomp|Garchomp, F|100\/100\n|-damage|p1a: Garchomp|94\/100|[from] Stealth Rock\n|switch|p2a: Skarmory|Skarmory, F|100\/100\n|\n|upkeep\n|turn|10\n|\n|t:|1699774707\n|switch|p2a: Dondozo|Dondozo, F|100\/100\n|move|p1a: Garchomp|Swords Dance|p1a: Garchomp\n|-boost|p1a: Garchomp|atk|2\n|\n|upkeep\n|turn|11\n|\n|t:|1699774718\n|move|p1a: Garchomp|Earthquake|p2a: Dondozo\n|-damage|p2a: Dondozo|76\/100\n|move|p2a: Dondozo|Liquidation|p1a: Garchomp\n|-damage|p1a: Garchomp|66\/100\n|-unboost|p1a: Garchomp|def|1\n|-damage|p2a: Dondozo|64\/100|[from] ability: Rough Skin|[of] p1a: Garchomp\n|\n|-heal|p2a: Dondozo|70\/100|[from] item: Leftovers\n|upkeep\n|turn|12\n|\n|t:|1699774728\n|move|p1a: Garchomp|Earthquake|p2a: Dondozo\n|-damage|p2a: Dondozo|46\/100\n|move|p2a: Dondozo|Curse|p2a: Dondozo\n|-unboost|p2a: Dondozo|spe|1\n|-boost|p2a: Dondozo|atk|1\n|-boost|p2a: Dondozo|def|1\n|\n|-heal|p2a: Dondozo|53\/100|[from] item: Leftovers\n|upkeep\n|turn|13\n|\n|t:|1699774737\n|move|p1a: Garchomp|Earthquake|p2a: Dondozo\n|-damage|p2a: Dondozo|36\/100\n|move|p2a: Dondozo|Rest|p2a: Dondozo\n|-status|p2a: Dondozo|slp|[from] move: Rest\n|-heal|p2a: Dondozo|100\/100 slp|[silent]\n|\n|upkeep\n|turn|14\n|\n|t:|1699774749\n|move|p1a: Garchomp|Earthquake|p2a: Dondozo\n|-crit|p2a: Dondozo\n|-damage|p2a: Dondozo|64\/100 slp\n|cant|p2a: Dondozo|slp\n|move|p2a: Dondozo|Sleep Talk|p2a: Dondozo\n|move|p2a: Dondozo|Rest||[from]move: Sleep Talk|[still]\n|-fail|p2a: Dondozo\n|\n|-heal|p2a: Dondozo|70\/100 slp|[from] item: Leftovers\n|upkeep\n|turn|15\n|\n|t:|1699774759\n|move|p1a: Garchomp|Earthquake|p2a: Dondozo\n|-damage|p2a: Dondozo|54\/100 slp\n|cant|p2a: Dondozo|slp\n|move|p2a: Dondozo|Sleep Talk|p2a: Dondozo\n|move|p2a: Dondozo|Rest||[from]move: Sleep Talk|[still]\n|-fail|p2a: Dondozo\n|\n|-heal|p2a: Dondozo|60\/100 slp|[from] item: Leftovers\n|upkeep\n|turn|16\n|\n|t:|1699774769\n|move|p1a: Garchomp|Earthquake|p2a: Dondozo\n|-damage|p2a: Dondozo|44\/100 slp\n|-curestatus|p2a: Dondozo|slp|[msg]\n|move|p2a: Dondozo|Curse|p2a: Dondozo\n|-unboost|p2a: Dondozo|spe|1\n|-boost|p2a: Dondozo|atk|1\n|-boost|p2a: Dondozo|def|1\n|\n|-heal|p2a: Dondozo|50\/100|[from] item: Leftovers\n|upkeep\n|turn|17\n|\n|t:|1699774781\n|move|p1a: Garchomp|Earthquake|p2a: Dondozo\n|-damage|p2a: Dondozo|39\/100\n|move|p2a: Dondozo|Rest|p2a: Dondozo\n|-status|p2a: Dondozo|slp|[from] move: Rest\n|-heal|p2a: Dondozo|100\/100 slp|[silent]\n|\n|upkeep\n|turn|18\n|\n|t:|1699774790\n|switch|p1a: \u4f60\u80fd\u5e72\u561b\uff1f|Fezandipiti, M|88\/100\n|-damage|p1a: \u4f60\u80fd\u5e72\u561b\uff1f|76\/100|[from] Stealth Rock\n|cant|p2a: Dondozo|slp\n|move|p2a: Dondozo|Sleep Talk|p2a: Dondozo\n|move|p2a: Dondozo|Curse|p2a: Dondozo|[from]move: Sleep Talk\n|-unboost|p2a: Dondozo|spe|1\n|-boost|p2a: Dondozo|atk|1\n|-boost|p2a: Dondozo|def|1\n|\n|upkeep\n|turn|19\n|-message|the gold bee forfeited.\n|\n|win|TianBing\n|raw|the gold bee's rating: 1322 &rarr; <strong>1303<\/strong><br \/>(-19 for losing)\n|raw|TianBing's rating: 1331 &rarr; <strong>1350<\/strong><br \/>(+19 for winning)\n|l|\u2606the gold bee\n","uploadtime":1699774820,"views":7,"p1id":"thegoldbee","p2id":"tianbing","formatid":"gen9nationaldex","rating":1303,"private":0,"password":""}