{"id":"gen9nationaldex-1997488496","p1":"coldSTZ","p2":"Fuirdec","format":"[Gen 9] National Dex","log":"|html|<div class=\"broadcast-blue\"><strong>[Gen 9] National Dex is currently suspecting Sneasler! For information on how to participate check out the <a href=\"https:\/\/www.smogon.com\/forums\/threads\/sv-national-dex-suspect-8-just-dance.3731534\/\">suspect thread<\/a>.<\/strong><\/div>\n|j|\u2606coldSTZ\n|j|\u2606Fuirdec\n|t:|1700814150\n|gametype|singles\n|player|p1|coldSTZ|clair|1241\n|player|p2|Fuirdec|preschoolerf|1361\n|teamsize|p1|6\n|teamsize|p2|6\n|gen|9\n|tier|[Gen 9] National Dex\n|rated|\n|rule|HP Percentage Mod: HP is shown in percentages\n|rule|Endless Battle Clause: Forcing endless battles is banned\n|rule|OHKO Clause: OHKO moves are banned\n|rule|Evasion Clause: Evasion abilities, items, and moves are banned\n|rule|Evasion Abilities Clause: Evasion abilities are banned\n|rule|Evasion Items Clause: Evasion items are banned\n|rule|Evasion Moves Clause: Evasion moves are banned\n|rule|Species Clause: Limit one of each Pok\u00e9mon\n|rule|Sleep Clause Mod: Limit one foe put to sleep\n|clearpoke\n|poke|p1|Lopunny, F|\n|poke|p1|Ferrothorn, F|\n|poke|p1|Tornadus-Therian, M|\n|poke|p1|Toxapex, F|\n|poke|p1|Tapu Koko|\n|poke|p1|Iron Valiant|\n|poke|p2|Victini|\n|poke|p2|Zamazenta-*|\n|poke|p2|Urshifu-*, M|\n|poke|p2|Landorus-Therian, M|\n|poke|p2|Dragonite, F|\n|poke|p2|Rotom-Wash|\n|teampreview\n|inactive|Battle timer is ON: inactive players will automatically lose when time's up. (requested by Fuirdec)\n|inactive|Fuirdec has 120 seconds left.\n|\n|t:|1700814185\n|start\n|switch|p1a: Lopunny|Lopunny, F, shiny|100\/100\n|switch|p2a: Zamazenta|Zamazenta|100\/100\n|-ability|p2a: Zamazenta|Dauntless Shield|boost\n|-boost|p2a: Zamazenta|def|1\n|turn|1\n|\n|t:|1700814214\n|detailschange|p1a: Lopunny|Lopunny-Mega, F, shiny\n|-mega|p1a: Lopunny|Lopunny|Lopunnite\n|move|p1a: Lopunny|Fake Out|p2a: Zamazenta\n|-damage|p2a: Zamazenta|87\/100\n|cant|p2a: Zamazenta|flinch\n|\n|upkeep\n|turn|2\n|inactive|Fuirdec has 120 seconds left.\n|\n|t:|1700814252\n|switch|p1a: Toxapex|Toxapex, F, shiny|100\/100\n|move|p2a: Zamazenta|Close Combat|p1a: Toxapex\n|-resisted|p1a: Toxapex\n|-damage|p1a: Toxapex|66\/100\n|-unboost|p2a: Zamazenta|def|1\n|-unboost|p2a: Zamazenta|spd|1\n|\n|-heal|p1a: Toxapex|72\/100|[from] item: Leftovers\n|upkeep\n|turn|3\n|inactive|Fuirdec has 120 seconds left.\n|inactive|coldSTZ has 120 seconds left.\n|\n|t:|1700814270\n|switch|p2a: Rotom|Rotom-Wash, shiny|100\/100\n|move|p1a: Toxapex|Toxic|p2a: Rotom\n|-status|p2a: Rotom|tox\n|\n|-heal|p1a: Toxapex|78\/100|[from] item: Leftovers\n|-damage|p2a: Rotom|94\/100 tox|[from] psn\n|upkeep\n|turn|4\n|inactive|coldSTZ has 120 seconds left.\n|\n|t:|1700814301\n|switch|p1a: Ferrothorn|Ferrothorn, F, shiny|100\/100\n|move|p2a: Rotom|Volt Switch|p1a: Ferrothorn\n|-resisted|p1a: Ferrothorn\n|-damage|p1a: Ferrothorn|89\/100\n|\n|t:|1700814309\n|switch|p2a: Dragonite|Dragonite, F, shiny|100\/100|[from] Volt Switch\n|\n|-heal|p1a: Ferrothorn|96\/100|[from] item: Leftovers\n|upkeep\n|turn|5\n|\n|t:|1700814324\n|move|p2a: Dragonite|Outrage|p1a: Ferrothorn\n|-resisted|p1a: Ferrothorn\n|-damage|p1a: Ferrothorn|63\/100\n|-damage|p2a: Dragonite|88\/100|[from] ability: Iron Barbs|[of] p1a: Ferrothorn\n|move|p1a: Ferrothorn|Stealth Rock|p2a: Dragonite\n|-sidestart|p2: Fuirdec|move: Stealth Rock\n|\n|-heal|p1a: Ferrothorn|70\/100|[from] item: Leftovers\n|upkeep\n|turn|6\n|\n|t:|1700814333\n|move|p2a: Dragonite|Outrage|p1a: Ferrothorn|[from]lockedmove\n|-resisted|p1a: Ferrothorn\n|-damage|p1a: Ferrothorn|37\/100\n|-damage|p2a: Dragonite|76\/100|[from] ability: Iron Barbs|[of] p1a: Ferrothorn\n|move|p1a: Ferrothorn|Leech Seed|p2a: Dragonite\n|-start|p2a: Dragonite|move: Leech Seed\n|\n|-heal|p1a: Ferrothorn|44\/100|[from] item: Leftovers\n|-damage|p2a: Dragonite|63\/100|[from] Leech Seed|[of] p1a: Ferrothorn\n|-heal|p1a: Ferrothorn|55\/100|[silent]\n|upkeep\n|turn|7\n|\n|t:|1700814346\n|switch|p1a: Tapu Koko|Tapu Koko|100\/100\n|-fieldstart|move: Electric Terrain|[from] ability: Electric Surge|[of] p1a: Tapu Koko\n|move|p2a: Dragonite|Outrage|p1a: Tapu Koko|[from]lockedmove\n|-immune|p1a: Tapu Koko\n|-start|p2a: Dragonite|confusion|[fatigue]\n|\n|-damage|p2a: Dragonite|51\/100|[from] Leech Seed|[of] p1a: Tapu Koko\n|upkeep\n|turn|8\n|\n|t:|1700814368\n|switch|p2a: Landorus|Landorus-Therian, M, shiny|100\/100\n|-damage|p2a: Landorus|88\/100|[from] Stealth Rock\n|-ability|p2a: Landorus|Intimidate|boost\n|-unboost|p1a: Tapu Koko|atk|1\n|move|p1a: Tapu Koko|U-turn|p2a: Landorus\n|-resisted|p2a: Landorus\n|-damage|p2a: Landorus|83\/100\n|inactive|coldSTZ has 90 seconds left.\n|\n|t:|1700814384\n|switch|p1a: Iron Valiant|Iron Valiant|100\/100|[from] U-turn\n|-activate|p1a: Iron Valiant|ability: Quark Drive\n|-start|p1a: Iron Valiant|quarkdrivespe\n|\n|-heal|p2a: Landorus|89\/100|[from] item: Leftovers\n|upkeep\n|turn|9\n|inactive|coldSTZ has 90 seconds left.\n|\n|t:|1700814394\n|switch|p2a: Victini|Victini|100\/100\n|move|p1a: Iron Valiant|Knock Off|p2a: Victini\n|-supereffective|p2a: Victini\n|-damage|p2a: Victini|5\/100\n|-enditem|p2a: Victini|Heavy-Duty Boots|[from] move: Knock Off|[of] p1a: Iron Valiant\n|-damage|p1a: Iron Valiant|91\/100|[from] item: Life Orb\n|\n|upkeep\n|turn|10\n|inactive|coldSTZ has 90 seconds left.\n|\n|t:|1700814408\n|move|p1a: Iron Valiant|Knock Off|p2a: Victini\n|-supereffective|p2a: Victini\n|-damage|p2a: Victini|0 fnt\n|faint|p2a: Victini\n|-damage|p1a: Iron Valiant|81\/100|[from] item: Life Orb\n|\n|upkeep\n|\n|t:|1700814413\n|switch|p2a: Dragonite|Dragonite, F, shiny|51\/100\n|-damage|p2a: Dragonite|26\/100|[from] Stealth Rock\n|turn|11\n|\n|t:|1700814423\n|-terastallize|p2a: Dragonite|Normal\n|move|p2a: Dragonite|Extreme Speed|p1a: Iron Valiant\n|-damage|p1a: Iron Valiant|0 fnt\n|faint|p1a: Iron Valiant\n|-end|p1a: Iron Valiant|Quark Drive|[silent]\n|\n|-fieldend|move: Electric Terrain\n|upkeep\n|\n|t:|1700814430\n|switch|p1a: Ferrothorn|Ferrothorn, F, shiny|55\/100\n|turn|12\n|\n|t:|1700814435\n|switch|p2a: Urshifu|Urshifu-Rapid-Strike, M|100\/100\n|-damage|p2a: Urshifu|94\/100|[from] Stealth Rock\n|move|p1a: Ferrothorn|Leech Seed|p2a: Urshifu\n|-start|p2a: Urshifu|move: Leech Seed\n|\n|-heal|p1a: Ferrothorn|61\/100|[from] item: Leftovers\n|-damage|p2a: Urshifu|82\/100|[from] Leech Seed|[of] p1a: Ferrothorn\n|-heal|p1a: Ferrothorn|73\/100|[silent]\n|upkeep\n|turn|13\n|\n|t:|1700814448\n|switch|p1a: Toxapex|Toxapex, F, shiny|100\/100\n|move|p2a: Urshifu|Swords Dance|p2a: Urshifu\n|-boost|p2a: Urshifu|atk|2\n|\n|-damage|p2a: Urshifu|70\/100|[from] Leech Seed|[of] p1a: Toxapex\n|upkeep\n|turn|14\n|\n|t:|1700814455\n|-zpower|p2a: Urshifu\n|move|p2a: Urshifu|All-Out Pummeling|p1a: Toxapex|[zeffect]\n|-resisted|p1a: Toxapex\n|-crit|p1a: Toxapex\n|-damage|p1a: Toxapex|0 fnt\n|faint|p1a: Toxapex\n|\n|upkeep\n|\n|t:|1700814467\n|switch|p1a: Lopunny|Lopunny-Mega, F, shiny|100\/100\n|turn|15\n|\n|t:|1700814483\n|move|p1a: Lopunny|Fake Out|p2a: Urshifu\n|-damage|p2a: Urshifu|47\/100\n|cant|p2a: Urshifu|flinch\n|\n|-damage|p2a: Urshifu|35\/100|[from] Leech Seed|[of] p1a: Lopunny\n|upkeep\n|turn|16\n|\n|t:|1700814490\n|move|p1a: Lopunny|Frustration|p2a: Urshifu\n|-damage|p2a: Urshifu|0 fnt\n|faint|p2a: Urshifu\n|\n|upkeep\n|\n|t:|1700814493\n|switch|p2a: Landorus|Landorus-Therian, M, shiny|89\/100\n|-damage|p2a: Landorus|76\/100|[from] Stealth Rock\n|-ability|p2a: Landorus|Intimidate|boost\n|-fail|p1a: Lopunny|unboost|Attack|[from] ability: Scrappy|[of] p1a: Lopunny\n|turn|17\n|inactive|coldSTZ has 120 seconds left.\n|\n|t:|1700814505\n|move|p1a: Lopunny|U-turn|p2a: Landorus\n|-resisted|p2a: Landorus\n|-damage|p2a: Landorus|64\/100\n|\n|t:|1700814508\n|switch|p1a: Tornadus|Tornadus-Therian, M|100\/100|[from] U-turn\n|move|p2a: Landorus|Defog|p1a: Tornadus\n|-unboost|p1a: Tornadus|evasion|1\n|-sideend|p2: Fuirdec|Stealth Rock|[from] move: Defog|[of] p2a: Landorus\n|\n|-heal|p2a: Landorus|70\/100|[from] item: Leftovers\n|upkeep\n|turn|18\n|\n|t:|1700814517\n|switch|p2a: Rotom|Rotom-Wash, shiny|94\/100 tox\n|move|p1a: Tornadus|Knock Off|p2a: Rotom\n|-damage|p2a: Rotom|78\/100 tox\n|-enditem|p2a: Rotom|Leftovers|[from] move: Knock Off|[of] p1a: Tornadus\n|\n|-damage|p2a: Rotom|72\/100 tox|[from] psn\n|upkeep\n|turn|19\n|\n|t:|1700814525\n|move|p1a: Tornadus|U-turn|p2a: Rotom\n|-damage|p2a: Rotom|59\/100 tox\n|\n|t:|1700814528\n|switch|p1a: Ferrothorn|Ferrothorn, F, shiny|73\/100|[from] U-turn\n|move|p2a: Rotom|Will-O-Wisp|p1a: Ferrothorn|[miss]\n|-miss|p2a: Rotom|p1a: Ferrothorn\n|\n|-heal|p1a: Ferrothorn|79\/100|[from] item: Leftovers\n|-damage|p2a: Rotom|47\/100 tox|[from] psn\n|upkeep\n|turn|20\n|\n|t:|1700814540\n|move|p2a: Rotom|Volt Switch|p1a: Ferrothorn\n|-resisted|p1a: Ferrothorn\n|-damage|p1a: Ferrothorn|69\/100\n|\n|t:|1700814543\n|switch|p2a: Dragonite|Dragonite, F, shiny, tera:Normal|26\/100|[from] Volt Switch\n|move|p1a: Ferrothorn|Stealth Rock|p2a: Dragonite\n|-sidestart|p2: Fuirdec|move: Stealth Rock\n|\n|-heal|p1a: Ferrothorn|75\/100|[from] item: Leftovers\n|upkeep\n|turn|21\n|\n|t:|1700814555\n|move|p2a: Dragonite|Fire Punch|p1a: Ferrothorn\n|-supereffective|p1a: Ferrothorn\n|-damage|p1a: Ferrothorn|0 fnt\n|-damage|p2a: Dragonite|14\/100|[from] ability: Iron Barbs|[of] p1a: Ferrothorn\n|faint|p1a: Ferrothorn\n|\n|upkeep\n|\n|t:|1700814574\n|switch|p1a: Tornadus|Tornadus-Therian, M|100\/100\n|turn|22\n|\n|t:|1700814582\n|switch|p2a: Rotom|Rotom-Wash, shiny|47\/100 tox\n|-damage|p2a: Rotom|34\/100 tox|[from] Stealth Rock\n|move|p1a: Tornadus|Knock Off|p2a: Rotom\n|-damage|p2a: Rotom|23\/100 tox\n|\n|-damage|p2a: Rotom|16\/100 tox|[from] psn\n|upkeep\n|turn|23\n|\n|t:|1700814606\n|move|p1a: Tornadus|Hurricane|p2a: Rotom|[miss]\n|-miss|p1a: Tornadus|p2a: Rotom\n|move|p2a: Rotom|Volt Switch|p1a: Tornadus\n|-supereffective|p1a: Tornadus\n|-damage|p1a: Tornadus|52\/100\n|\n|t:|1700814619\n|switch|p2a: Zamazenta|Zamazenta|87\/100|[from] Volt Switch\n|-damage|p2a: Zamazenta|81\/100|[from] Stealth Rock\n|\n|upkeep\n|turn|24\n|\n|t:|1700814634\n|move|p2a: Zamazenta|Close Combat|p1a: Tornadus\n|-resisted|p1a: Tornadus\n|-damage|p1a: Tornadus|1\/100\n|-unboost|p2a: Zamazenta|def|1\n|-unboost|p2a: Zamazenta|spd|1\n|move|p1a: Tornadus|Hurricane|p2a: Zamazenta\n|-supereffective|p2a: Zamazenta\n|-damage|p2a: Zamazenta|0 fnt\n|faint|p2a: Zamazenta\n|\n|upkeep\n|\n|t:|1700814641\n|switch|p2a: Landorus|Landorus-Therian, M, shiny|70\/100\n|-damage|p2a: Landorus|57\/100|[from] Stealth Rock\n|-ability|p2a: Landorus|Intimidate|boost\n|-unboost|p1a: Tornadus|atk|1\n|turn|25\n|\n|t:|1700814655\n|move|p1a: Tornadus|Knock Off|p2a: Landorus\n|-damage|p2a: Landorus|44\/100\n|-enditem|p2a: Landorus|Leftovers|[from] move: Knock Off|[of] p1a: Tornadus\n|move|p2a: Landorus|Defog|p1a: Tornadus\n|-unboost|p1a: Tornadus|evasion|1\n|-sideend|p2: Fuirdec|Stealth Rock|[from] move: Defog|[of] p2a: Landorus\n|\n|upkeep\n|turn|26\n|\n|t:|1700814668\n|move|p1a: Tornadus|U-turn|p2a: Landorus\n|-resisted|p2a: Landorus\n|-damage|p2a: Landorus|40\/100\n|\n|t:|1700814671\n|switch|p1a: Lopunny|Lopunny-Mega, F, shiny|100\/100|[from] U-turn\n|move|p2a: Landorus|Stealth Rock|p1a: Lopunny\n|-sidestart|p1: coldSTZ|move: Stealth Rock\n|\n|upkeep\n|turn|27\n|\n|t:|1700814680\n|switch|p2a: Rotom|Rotom-Wash, shiny|16\/100 tox\n|move|p1a: Lopunny|Fake Out|p2a: Rotom\n|-damage|p2a: Rotom|0 fnt\n|faint|p2a: Rotom\n|\n|upkeep\n|\n|t:|1700814684\n|switch|p2a: Landorus|Landorus-Therian, M, shiny|40\/100\n|-ability|p2a: Landorus|Intimidate|boost\n|-fail|p1a: Lopunny|unboost|Attack|[from] ability: Scrappy|[of] p1a: Lopunny\n|turn|28\n|\n|t:|1700814690\n|move|p1a: Lopunny|Frustration|p2a: Landorus\n|-damage|p2a: Landorus|0 fnt\n|faint|p2a: Landorus\n|\n|upkeep\n|\n|t:|1700814694\n|switch|p2a: Dragonite|Dragonite, F, shiny, tera:Normal|14\/100\n|turn|29\n|\n|t:|1700814699\n|move|p2a: Dragonite|Extreme Speed|p1a: Lopunny\n|-damage|p1a: Lopunny|11\/100\n|move|p1a: Lopunny|Frustration|p2a: Dragonite\n|-damage|p2a: Dragonite|0 fnt\n|faint|p2a: Dragonite\n|\n|win|coldSTZ\n|raw|coldSTZ's rating: 1241 &rarr; <strong>1274<\/strong><br \/>(+33 for winning)\n|raw|Fuirdec's rating: 1361 &rarr; <strong>1334<\/strong><br \/>(-27 for losing)\n|l|\u2606Fuirdec\n","uploadtime":1700814710,"views":4,"p1id":"coldstz","p2id":"fuirdec","formatid":"gen9nationaldex","rating":1274,"private":0,"password":""}