{"id":"gen9nationaldex-1999527632","p1":"ido1234567890","p2":"itay7689","format":"[Gen 9] National Dex","log":"|html|<div class=\"broadcast-blue\"><strong>[Gen 9] National Dex is currently suspecting Sneasler! For information on how to participate check out the <a href=\"https:\/\/www.smogon.com\/forums\/threads\/sv-national-dex-suspect-8-just-dance.3731534\/\">suspect thread<\/a>.<\/strong><\/div>\n|j|\u2606ido1234567890\n|j|\u2606itay7689\n|t:|1701092755\n|gametype|singles\n|player|p1|ido1234567890|lucas|\n|player|p2|itay7689|cynthia-gen4|\n|teamsize|p1|6\n|teamsize|p2|4\n|gen|9\n|tier|[Gen 9] National Dex\n|rule|HP Percentage Mod: HP is shown in percentages\n|rule|Endless Battle Clause: Forcing endless battles is banned\n|rule|OHKO Clause: OHKO moves are banned\n|rule|Evasion Clause: Evasion abilities, items, and moves are banned\n|rule|Evasion Abilities Clause: Evasion abilities are banned\n|rule|Evasion Items Clause: Evasion items are banned\n|rule|Evasion Moves Clause: Evasion moves are banned\n|rule|Species Clause: Limit one of each Pok\u00e9mon\n|rule|Sleep Clause Mod: Limit one foe put to sleep\n|clearpoke\n|poke|p1|Kommo-o, M|\n|poke|p1|Lilligant-Hisui, F|\n|poke|p1|Infernape, F|\n|poke|p1|Heracross, F|\n|poke|p1|Hawlucha, M|\n|poke|p1|Urshifu-*, M|\n|poke|p2|Altaria, M|\n|poke|p2|Goodra-Hisui, F|\n|poke|p2|Silvally-*|\n|poke|p2|Cyclizar, F|\n|teampreview\n|inactive|Battle timer is ON: inactive players will automatically lose when time's up. (requested by itay7689)\n|j| xzeav\n|\n|t:|1701092779\n|start\n|switch|p1a: Hawlucha|Hawlucha, M|100\/100\n|switch|p2a: Silvally|Silvally-Dragon|100\/100\n|turn|1\n|j| Lightning emolga\n|j| Itay80771\n|\n|t:|1701092790\n|move|p1a: Hawlucha|Close Combat|p2a: Silvally\n|-damage|p2a: Silvally|53\/100\n|-unboost|p1a: Hawlucha|def|1\n|-unboost|p1a: Hawlucha|spd|1\n|-enditem|p1a: Hawlucha|White Herb\n|-clearnegativeboost|p1a: Hawlucha|[silent]\n|move|p2a: Silvally|Psychic Fangs|p1a: Hawlucha\n|-supereffective|p1a: Hawlucha\n|-damage|p1a: Hawlucha|32\/100\n|\n|upkeep\n|turn|2\n|\n|t:|1701092807\n|move|p1a: Hawlucha|Acrobatics|p2a: Silvally\n|-crit|p2a: Silvally\n|-damage|p2a: Silvally|0 fnt\n|faint|p2a: Silvally\n|\n|upkeep\n|\n|t:|1701092813\n|switch|p2a: Altaria|Altaria, M|100\/100\n|-ability|p2a: Altaria|Cloud Nine\n|turn|3\n|\n|t:|1701092819\n|detailschange|p2a: Altaria|Altaria-Mega, M\n|-mega|p2a: Altaria|Altaria|Altarianite\n|move|p1a: Hawlucha|Poison Jab|p2a: Altaria\n|-supereffective|p2a: Altaria\n|-damage|p2a: Altaria|51\/100\n|move|p2a: Altaria|Hyper Voice|p1a: Hawlucha\n|-supereffective|p1a: Hawlucha\n|-damage|p1a: Hawlucha|0 fnt\n|faint|p1a: Hawlucha\n|\n|upkeep\n|inactive|ido1234567890 has 270 seconds left.\n|\n|t:|1701092850\n|switch|p1a: Kommo-o|Kommo-o, M|100\/100\n|turn|4\n|\n|t:|1701092854\n|move|p1a: Kommo-o|Iron Head|p2a: Altaria\n|-supereffective|p2a: Altaria\n|-damage|p2a: Altaria|2\/100\n|move|p2a: Altaria|Hyper Voice|p1a: Kommo-o\n|-supereffective|p1a: Kommo-o\n|-damage|p1a: Kommo-o|0 fnt\n|faint|p1a: Kommo-o\n|\n|upkeep\n|\n|t:|1701092861\n|switch|p1a: Infernape|Infernape, F|100\/100\n|turn|5\n|\n|t:|1701092866\n|move|p1a: Infernape|Fake Out|p2a: Altaria\n|-damage|p2a: Altaria|0 fnt\n|faint|p2a: Altaria\n|-damage|p1a: Infernape|91\/100|[from] item: Life Orb\n|\n|upkeep\n|\n|t:|1701092869\n|switch|p2a: Goodra|Goodra-Hisui, F|100\/100\n|turn|6\n|\n|t:|1701092874\n|-terastallize|p2a: Goodra|Water\n|move|p1a: Infernape|Close Combat|p2a: Goodra\n|-damage|p2a: Goodra|41\/100\n|-unboost|p1a: Infernape|def|1\n|-unboost|p1a: Infernape|spd|1\n|-damage|p1a: Infernape|81\/100|[from] item: Life Orb\n|move|p2a: Goodra|Shelter|p2a: Goodra\n|-boost|p2a: Goodra|def|2\n|\n|-heal|p2a: Goodra|47\/100|[from] item: Leftovers\n|upkeep\n|turn|7\n|\n|t:|1701092895\n|-terastallize|p1a: Infernape|Fire\n|move|p1a: Infernape|Fire Blast|p2a: Goodra\n|-resisted|p2a: Goodra\n|-damage|p2a: Goodra|27\/100\n|-damage|p1a: Infernape|71\/100|[from] item: Life Orb\n|move|p2a: Goodra|Body Press|p1a: Infernape\n|-damage|p1a: Infernape|0 fnt\n|faint|p1a: Infernape\n|\n|-heal|p2a: Goodra|33\/100|[from] item: Leftovers\n|upkeep\n|\n|t:|1701092909\n|switch|p1a: Heracross|Heracross, F|100\/100\n|turn|8\n|\n|t:|1701092916\n|detailschange|p1a: Heracross|Heracross-Mega, F\n|-mega|p1a: Heracross|Heracross|Heracronite\n|move|p1a: Heracross|Rock Blast|p2a: Goodra|[miss]\n|-miss|p1a: Heracross|p2a: Goodra\n|move|p2a: Goodra|Body Press|p1a: Heracross\n|-resisted|p1a: Heracross\n|-damage|p1a: Heracross|82\/100\n|\n|-heal|p2a: Goodra|39\/100|[from] item: Leftovers\n|upkeep\n|turn|9\n|c| xzeav|\u05dc\u05de\u05d4 \u05e7\u05e8\u05d5\u05e1\n|\n|t:|1701092924\n|move|p1a: Heracross|Rock Blast|p2a: Goodra\n|-damage|p2a: Goodra|34\/100\n|-damage|p2a: Goodra|29\/100\n|-crit|p2a: Goodra\n|-damage|p2a: Goodra|13\/100\n|-damage|p2a: Goodra|8\/100\n|-damage|p2a: Goodra|2\/100\n|-hitcount|p2a: Goodra|5\n|move|p2a: Goodra|Dragon Tail|p1a: Heracross\n|-damage|p1a: Heracross|63\/100\n|drag|p1a: Lilligant|Lilligant-Hisui, F|100\/100\n|\n|-heal|p2a: Goodra|8\/100|[from] item: Leftovers\n|upkeep\n|turn|10\n|c| xzeav|\u05d5\u05dc\u05d0 \u05d2\u05e0\u05d8\n|\n|t:|1701092938\n|move|p1a: Lilligant|Leaf Blade|p2a: Goodra\n|-ability|p2a: Goodra|Sap Sipper|boost\n|-boost|p2a: Goodra|atk|1\n|move|p2a: Goodra|Body Press|p1a: Lilligant\n|-damage|p1a: Lilligant|28\/100\n|\n|-heal|p2a: Goodra|14\/100|[from] item: Leftovers\n|upkeep\n|turn|11\n|\n|t:|1701092945\n|move|p1a: Lilligant|Ice Spinner|p2a: Goodra\n|-resisted|p2a: Goodra\n|-damage|p2a: Goodra|6\/100\n|move|p2a: Goodra|Body Press|p1a: Lilligant\n|-damage|p1a: Lilligant|0 fnt\n|faint|p1a: Lilligant\n|\n|-heal|p2a: Goodra|12\/100|[from] item: Leftovers\n|upkeep\n|\n|t:|1701092955\n|switch|p1a: Heracross|Heracross-Mega, F|63\/100\n|turn|12\n|\n|t:|1701092960\n|move|p1a: Heracross|Pin Missile|p2a: Goodra\n|-damage|p2a: Goodra|4\/100\n|-damage|p2a: Goodra|0 fnt\n|faint|p2a: Goodra\n|-hitcount|p2: Goodra|2\n|\n|upkeep\n|\n|t:|1701092962\n|switch|p2a: Cyclizar|Cyclizar, F|100\/100\n|turn|13\n|\n|t:|1701092967\n|move|p2a: Cyclizar|Dragon Claw|p1a: Heracross\n|-crit|p1a: Heracross\n|-damage|p1a: Heracross|18\/100\n|move|p1a: Heracross|Brick Break|p2a: Cyclizar\n|-supereffective|p2a: Cyclizar\n|-damage|p2a: Cyclizar|0 fnt\n|-damage|p1a: Heracross|1\/100|[from] item: Rocky Helmet|[of] p2a: Cyclizar\n|faint|p2a: Cyclizar\n|\n|win|ido1234567890\n|l|\u2606itay7689\n","uploadtime":1701092976,"views":11,"p1id":"ido1234567890","p2id":"itay7689","formatid":"gen9nationaldex","rating":0,"private":0,"password":""}