{"id":"gen9nationaldex-1997213260","p1":"guzmfran","p2":"nadlei37","format":"[Gen 9] National Dex","log":"|html|<div class=\"broadcast-blue\"><strong>[Gen 9] National Dex is currently suspecting Sneasler! For information on how to participate check out the <a href=\"https:\/\/www.smogon.com\/forums\/threads\/sv-national-dex-suspect-8-just-dance.3731534\/\">suspect thread<\/a>.<\/strong><\/div>\n|j|\u2606guzmfran\n|j|\u2606nadlei37\n|t:|1700776250\n|gametype|singles\n|player|p1|guzmfran|169|\n|player|p2|nadlei37|1|\n|teamsize|p1|6\n|teamsize|p2|6\n|gen|9\n|tier|[Gen 9] National Dex\n|rule|HP Percentage Mod: HP is shown in percentages\n|rule|Endless Battle Clause: Forcing endless battles is banned\n|rule|OHKO Clause: OHKO moves are banned\n|rule|Evasion Clause: Evasion abilities, items, and moves are banned\n|rule|Evasion Abilities Clause: Evasion abilities are banned\n|rule|Evasion Items Clause: Evasion items are banned\n|rule|Evasion Moves Clause: Evasion moves are banned\n|rule|Species Clause: Limit one of each Pok\u00e9mon\n|rule|Sleep Clause Mod: Limit one foe put to sleep\n|clearpoke\n|poke|p1|Klefki, M|\n|poke|p1|Mimikyu, M|\n|poke|p1|Azumarill, F|\n|poke|p1|Hatterene, F|\n|poke|p1|Clefable, F|\n|poke|p1|Togekiss, F|\n|poke|p2|Tapu Bulu|\n|poke|p2|Tapu Fini|\n|poke|p2|Tapu Koko|\n|poke|p2|Tapu Lele|\n|poke|p2|Iron Valiant|\n|poke|p2|Ribombee, M|\n|teampreview\n|c|\u2606nadlei37|a ese equipo le faltan cuatro tapus\n|\n|t:|1700776286\n|start\n|switch|p1a: Klefki|Klefki, M|100\/100\n|switch|p2a: Tapu Fini|Tapu Fini|100\/100\n|-fieldstart|move: Misty Terrain|[from] ability: Misty Surge|[of] p2a: Tapu Fini\n|turn|1\n|\n|t:|1700776305\n|move|p1a: Klefki|Light Screen|p1a: Klefki\n|-sidestart|p1: guzmfran|move: Light Screen\n|move|p2a: Tapu Fini|Scald|p1a: Klefki\n|-damage|p1a: Klefki|81\/100\n|\n|upkeep\n|turn|2\n|\n|t:|1700776311\n|move|p1a: Klefki|Spikes|p2a: Tapu Fini\n|-sidestart|p2: nadlei37|Spikes\n|move|p2a: Tapu Fini|Scald|p1a: Klefki\n|-damage|p1a: Klefki|62\/100\n|\n|upkeep\n|turn|3\n|\n|t:|1700776331\n|switch|p1a: Clefable|Clefable, F|100\/100\n|move|p2a: Tapu Fini|Scald|p1a: Clefable\n|-damage|p1a: Clefable|85\/100\n|\n|-heal|p1a: Clefable|91\/100|[from] item: Leftovers\n|upkeep\n|turn|4\n|\n|t:|1700776340\n|switch|p2a: Tapu Bulu|Tapu Bulu|100\/100\n|-damage|p2a: Tapu Bulu|88\/100|[from] Spikes\n|-fieldstart|move: Grassy Terrain|[from] ability: Grassy Surge|[of] p2a: Tapu Bulu\n|move|p1a: Clefable|Calm Mind|p1a: Clefable\n|-boost|p1a: Clefable|spa|1\n|-boost|p1a: Clefable|spd|1\n|\n|-heal|p2a: Tapu Bulu|94\/100|[from] Grassy Terrain\n|-heal|p1a: Clefable|97\/100|[from] Grassy Terrain\n|-heal|p1a: Clefable|100\/100|[from] item: Leftovers\n|upkeep\n|turn|5\n|\n|t:|1700776355\n|move|p2a: Tapu Bulu|Wood Hammer|p1a: Clefable\n|-damage|p1a: Clefable|3\/100\n|-damage|p2a: Tapu Bulu|49\/100|[from] Recoil\n|move|p1a: Clefable|Flamethrower|p2a: Tapu Bulu\n|-supereffective|p2a: Tapu Bulu\n|-damage|p2a: Tapu Bulu|0 fnt\n|faint|p2a: Tapu Bulu\n|\n|-heal|p1a: Clefable|9\/100|[from] Grassy Terrain\n|-heal|p1a: Clefable|15\/100|[from] item: Leftovers\n|upkeep\n|\n|t:|1700776386\n|switch|p2a: Iron Valiant|Iron Valiant|100\/100\n|-damage|p2a: Iron Valiant|88\/100|[from] Spikes\n|turn|6\n|\n|t:|1700776392\n|move|p2a: Iron Valiant|Psyshock|p1a: Clefable\n|-damage|p1a: Clefable|0 fnt\n|faint|p1a: Clefable\n|\n|-heal|p2a: Iron Valiant|94\/100|[from] Grassy Terrain\n|upkeep\n|\n|t:|1700776401\n|switch|p1a: Azumarill|Azumarill, F|100\/100\n|turn|7\n|\n|t:|1700776412\n|move|p2a: Iron Valiant|Psyshock|p1a: Azumarill\n|-damage|p1a: Azumarill|75\/100\n|move|p1a: Azumarill|Belly Drum|p1a: Azumarill\n|-damage|p1a: Azumarill|25\/100\n|-setboost|p1a: Azumarill|atk|6|[from] move: Belly Drum\n|-enditem|p1a: Azumarill|Sitrus Berry|[eat]\n|-heal|p1a: Azumarill|50\/100|[from] item: Sitrus Berry\n|\n|-heal|p2a: Iron Valiant|100\/100|[from] Grassy Terrain\n|-heal|p1a: Azumarill|56\/100|[from] Grassy Terrain\n|upkeep\n|turn|8\n|\n|t:|1700776426\n|-end|p2a: Iron Valiant|Quark Drive|[silent]\n|switch|p2a: Ribombee|Ribombee, M|100\/100\n|-damage|p2a: Ribombee|88\/100|[from] Spikes\n|move|p1a: Azumarill|Aqua Jet|p2a: Ribombee\n|-damage|p2a: Ribombee|0 fnt\n|faint|p2a: Ribombee\n|\n|-heal|p1a: Azumarill|62\/100|[from] Grassy Terrain\n|-sideend|p1: guzmfran|move: Light Screen\n|-fieldend|move: Grassy Terrain\n|upkeep\n|\n|t:|1700776435\n|switch|p2a: Iron Valiant|Iron Valiant|100\/100\n|-damage|p2a: Iron Valiant|88\/100|[from] Spikes\n|turn|9\n|\n|t:|1700776441\n|move|p1a: Azumarill|Aqua Jet|p2a: Iron Valiant\n|-damage|p2a: Iron Valiant|0 fnt\n|faint|p2a: Iron Valiant\n|-end|p2a: Iron Valiant|Quark Drive|[silent]\n|\n|upkeep\n|\n|t:|1700776450\n|switch|p2a: Tapu Lele|Tapu Lele|100\/100\n|-damage|p2a: Tapu Lele|88\/100|[from] Spikes\n|-fieldstart|move: Psychic Terrain|[from] ability: Psychic Surge|[of] p2a: Tapu Lele\n|turn|10\n|\n|t:|1700776457\n|-terastallize|p2a: Tapu Lele|Psychic\n|move|p2a: Tapu Lele|Psychic|p1a: Azumarill\n|-damage|p1a: Azumarill|0 fnt\n|faint|p1a: Azumarill\n|-damage|p2a: Tapu Lele|78\/100|[from] item: Life Orb\n|\n|upkeep\n|\n|t:|1700776466\n|switch|p1a: Klefki|Klefki, M|62\/100\n|turn|11\n|\n|t:|1700776475\n|move|p1a: Klefki|Light Screen|p1a: Klefki\n|-sidestart|p1: guzmfran|move: Light Screen\n|move|p2a: Tapu Lele|Psychic|p1a: Klefki\n|-resisted|p1a: Klefki\n|-damage|p1a: Klefki|29\/100\n|-damage|p2a: Tapu Lele|68\/100|[from] item: Life Orb\n|\n|upkeep\n|turn|12\n|\n|t:|1700776485\n|move|p1a: Klefki|Toxic|p2a: Tapu Lele\n|-activate|p2a: Tapu Lele|move: Psychic Terrain\n|move|p2a: Tapu Lele|Psychic|p1a: Klefki\n|-resisted|p1a: Klefki\n|-damage|p1a: Klefki|0 fnt\n|faint|p1a: Klefki\n|-damage|p2a: Tapu Lele|58\/100|[from] item: Life Orb\n|\n|upkeep\n|\n|t:|1700776515\n|switch|p1a: Hatterene|Hatterene, F|100\/100\n|turn|13\n|\n|t:|1700776521\n|switch|p2a: Tapu Fini|Tapu Fini|100\/100\n|-damage|p2a: Tapu Fini|88\/100|[from] Spikes\n|-fieldstart|move: Misty Terrain|[from] ability: Misty Surge|[of] p2a: Tapu Fini\n|move|p1a: Hatterene|Calm Mind|p1a: Hatterene\n|-boost|p1a: Hatterene|spa|1\n|-boost|p1a: Hatterene|spd|1\n|\n|-heal|p2a: Tapu Fini|94\/100|[from] item: Leftovers\n|upkeep\n|turn|14\n|\n|t:|1700776532\n|move|p2a: Tapu Fini|Calm Mind|p2a: Tapu Fini\n|-boost|p2a: Tapu Fini|spa|1\n|-boost|p2a: Tapu Fini|spd|1\n|move|p1a: Hatterene|Calm Mind|p1a: Hatterene\n|-boost|p1a: Hatterene|spa|1\n|-boost|p1a: Hatterene|spd|1\n|\n|-heal|p2a: Tapu Fini|99\/100|[from] item: Leftovers\n|upkeep\n|turn|15\n|\n|t:|1700776544\n|move|p2a: Tapu Fini|Calm Mind|p2a: Tapu Fini\n|-boost|p2a: Tapu Fini|spa|1\n|-boost|p2a: Tapu Fini|spd|1\n|move|p1a: Hatterene|Calm Mind|p1a: Hatterene\n|-boost|p1a: Hatterene|spa|1\n|-boost|p1a: Hatterene|spd|1\n|\n|-heal|p2a: Tapu Fini|100\/100|[from] item: Leftovers\n|upkeep\n|turn|16\n|\n|t:|1700776554\n|move|p2a: Tapu Fini|Calm Mind|p2a: Tapu Fini\n|-boost|p2a: Tapu Fini|spa|1\n|-boost|p2a: Tapu Fini|spd|1\n|move|p1a: Hatterene|Calm Mind|p1a: Hatterene\n|-boost|p1a: Hatterene|spa|1\n|-boost|p1a: Hatterene|spd|1\n|\n|upkeep\n|turn|17\n|\n|t:|1700776561\n|move|p2a: Tapu Fini|Calm Mind|p2a: Tapu Fini\n|-boost|p2a: Tapu Fini|spa|1\n|-boost|p2a: Tapu Fini|spd|1\n|move|p1a: Hatterene|Calm Mind|p1a: Hatterene\n|-boost|p1a: Hatterene|spa|1\n|-boost|p1a: Hatterene|spd|1\n|\n|-fieldend|Misty Terrain\n|upkeep\n|turn|18\n|\n|t:|1700776570\n|move|p2a: Tapu Fini|Scald|p1a: Hatterene\n|-damage|p1a: Hatterene|85\/100\n|-status|p1a: Hatterene|brn\n|move|p1a: Hatterene|Calm Mind|p1a: Hatterene\n|-boost|p1a: Hatterene|spa|1\n|-boost|p1a: Hatterene|spd|1\n|\n|-heal|p1a: Hatterene|91\/100 brn|[from] item: Leftovers\n|-damage|p1a: Hatterene|85\/100 brn|[from] brn\n|-sideend|p1: guzmfran|move: Light Screen\n|upkeep\n|turn|19\n|\n|t:|1700776583\n|move|p2a: Tapu Fini|Calm Mind|p2a: Tapu Fini\n|-boost|p2a: Tapu Fini|spa|1\n|-boost|p2a: Tapu Fini|spd|1\n|move|p1a: Hatterene|Draining Kiss|p2a: Tapu Fini\n|-damage|p2a: Tapu Fini|77\/100\n|-heal|p1a: Hatterene|100\/100 brn|[from] drain|[of] p2a: Tapu Fini\n|\n|-heal|p2a: Tapu Fini|83\/100|[from] item: Leftovers\n|-damage|p1a: Hatterene|95\/100 brn|[from] brn\n|upkeep\n|turn|20\n|\n|t:|1700776593\n|move|p2a: Tapu Fini|Calm Mind|p2a: Tapu Fini\n|-boost|p2a: Tapu Fini|spa|1\n|-boost|p2a: Tapu Fini|spd|1\n|move|p1a: Hatterene|Mystical Fire|p2a: Tapu Fini\n|-resisted|p2a: Tapu Fini\n|-damage|p2a: Tapu Fini|72\/100\n|-unboost|p2a: Tapu Fini|spa|1\n|\n|-heal|p2a: Tapu Fini|78\/100|[from] item: Leftovers\n|-heal|p1a: Hatterene|100\/100 brn|[from] item: Leftovers\n|-damage|p1a: Hatterene|95\/100 brn|[from] brn\n|upkeep\n|turn|21\n|\n|t:|1700776605\n|move|p2a: Tapu Fini|Moonblast|p1a: Hatterene\n|-damage|p1a: Hatterene|60\/100 brn\n|move|p1a: Hatterene|Draining Kiss|p2a: Tapu Fini\n|-damage|p2a: Tapu Fini|57\/100\n|-heal|p1a: Hatterene|73\/100 brn|[from] drain|[of] p2a: Tapu Fini\n|\n|-heal|p2a: Tapu Fini|63\/100|[from] item: Leftovers\n|-heal|p1a: Hatterene|79\/100 brn|[from] item: Leftovers\n|-damage|p1a: Hatterene|73\/100 brn|[from] brn\n|upkeep\n|turn|22\n|\n|t:|1700776619\n|move|p2a: Tapu Fini|Moonblast|p1a: Hatterene\n|-damage|p1a: Hatterene|39\/100 brn\n|-unboost|p1a: Hatterene|spa|1\n|move|p1a: Hatterene|Draining Kiss|p2a: Tapu Fini\n|-damage|p2a: Tapu Fini|44\/100\n|-heal|p1a: Hatterene|52\/100 brn|[from] drain|[of] p2a: Tapu Fini\n|\n|-heal|p2a: Tapu Fini|50\/100|[from] item: Leftovers\n|-heal|p1a: Hatterene|58\/100 brn|[from] item: Leftovers\n|-damage|p1a: Hatterene|52\/100 brn|[from] brn\n|upkeep\n|turn|23\n|\n|t:|1700776637\n|-terastallize|p1a: Hatterene|Psychic\n|move|p2a: Tapu Fini|Moonblast|p1a: Hatterene\n|-damage|p1a: Hatterene|14\/100 brn\n|move|p1a: Hatterene|Psychic|p2a: Tapu Fini\n|-damage|p2a: Tapu Fini|5\/100\n|\n|-heal|p2a: Tapu Fini|11\/100|[from] item: Leftovers\n|-heal|p1a: Hatterene|20\/100 brn|[from] item: Leftovers\n|-damage|p1a: Hatterene|14\/100 brn|[from] brn\n|upkeep\n|turn|24\n|\n|t:|1700776650\n|move|p2a: Tapu Fini|Moonblast|p1a: Hatterene\n|-damage|p1a: Hatterene|0 fnt\n|faint|p1a: Hatterene\n|\n|-heal|p2a: Tapu Fini|17\/100|[from] item: Leftovers\n|upkeep\n|\n|t:|1700776657\n|switch|p1a: Mimikyu|Mimikyu, M|100\/100\n|turn|25\n|\n|t:|1700776665\n|move|p1a: Mimikyu|Shadow Claw|p2a: Tapu Fini\n|-damage|p2a: Tapu Fini|0 fnt\n|faint|p2a: Tapu Fini\n|-damage|p1a: Mimikyu|91\/100|[from] item: Life Orb\n|\n|upkeep\n|\n|t:|1700776670\n|switch|p2a: Tapu Koko|Tapu Koko|100\/100\n|-damage|p2a: Tapu Koko|88\/100|[from] Spikes\n|-fieldstart|move: Electric Terrain|[from] ability: Electric Surge|[of] p2a: Tapu Koko\n|turn|26\n|\n|t:|1700776679\n|move|p2a: Tapu Koko|Volt Switch|p1a: Mimikyu\n|-activate|p1a: Mimikyu|ability: Disguise\n|-damage|p1a: Mimikyu|91\/100\n|detailschange|p1a: Mimikyu|Mimikyu-Busted, M\n|-damage|p1a: Mimikyu|78\/100|[from] pokemon: Mimikyu-Busted\n|\n|t:|1700776681\n|switch|p2a: Tapu Lele|Tapu Lele, tera:Psychic|58\/100|[from] Volt Switch\n|-damage|p2a: Tapu Lele|46\/100|[from] Spikes\n|-fieldstart|move: Psychic Terrain|[from] ability: Psychic Surge|[of] p2a: Tapu Lele\n|move|p1a: Mimikyu|Shadow Claw|p2a: Tapu Lele\n|-supereffective|p2a: Tapu Lele\n|-damage|p2a: Tapu Lele|0 fnt\n|faint|p2a: Tapu Lele\n|-damage|p1a: Mimikyu|68\/100|[from] item: Life Orb\n|\n|upkeep\n|\n|t:|1700776683\n|switch|p2a: Tapu Koko|Tapu Koko|88\/100\n|-damage|p2a: Tapu Koko|76\/100|[from] Spikes\n|-fieldstart|move: Electric Terrain|[from] ability: Electric Surge|[of] p2a: Tapu Koko\n|turn|27\n|\n|t:|1700776707\n|move|p1a: Mimikyu|Shadow Sneak|p2a: Tapu Koko\n|-damage|p2a: Tapu Koko|45\/100\n|-damage|p1a: Mimikyu|58\/100|[from] item: Life Orb\n|-zpower|p2a: Tapu Koko\n|move|p2a: Tapu Koko|Gigavolt Havoc|p1a: Mimikyu|[zeffect]\n|-damage|p1a: Mimikyu|0 fnt\n|faint|p1a: Mimikyu\n|\n|upkeep\n|\n|t:|1700776717\n|switch|p1a: Togekiss|Togekiss, F|100\/100\n|turn|28\n|\n|t:|1700776722\n|move|p2a: Tapu Koko|Thunderbolt|p1a: Togekiss\n|-supereffective|p1a: Togekiss\n|-damage|p1a: Togekiss|29\/100\n|move|p1a: Togekiss|Flamethrower|p2a: Tapu Koko\n|-damage|p2a: Tapu Koko|0 fnt\n|faint|p2a: Tapu Koko\n|\n|win|guzmfran\n|c|\u2606nadlei37|acabo de darme cuenta de que tapu koko es max atk\n","uploadtime":1700776735,"views":4,"p1id":"guzmfran","p2id":"nadlei37","formatid":"gen9nationaldex","rating":0,"private":0,"password":""}