{"id":"gen9nationaldex-1994979999","p1":"LeafStormHimNotMe","p2":"LavishRoach","format":"[Gen 9] National Dex","log":"|html|<div class=\"broadcast-blue\"><strong>[Gen 9] National Dex is currently suspecting Sneasler! For information on how to participate check out the <a href=\"https:\/\/www.smogon.com\/forums\/threads\/sv-national-dex-suspect-8-just-dance.3731534\/\">suspect thread<\/a>.<\/strong><\/div>\n|j|\u2606LeafStormHimNotMe\n|j|\u2606LavishRoach\n|t:|1700510084\n|gametype|singles\n|player|p1|LeafStormHimNotMe|furisodegirl-black|1071\n|player|p2|LavishRoach|marlon|1083\n|teamsize|p1|6\n|teamsize|p2|6\n|gen|9\n|tier|[Gen 9] National Dex\n|rated|\n|rule|HP Percentage Mod: HP is shown in percentages\n|rule|Endless Battle Clause: Forcing endless battles is banned\n|rule|OHKO Clause: OHKO moves are banned\n|rule|Evasion Clause: Evasion abilities, items, and moves are banned\n|rule|Evasion Abilities Clause: Evasion abilities are banned\n|rule|Evasion Items Clause: Evasion items are banned\n|rule|Evasion Moves Clause: Evasion moves are banned\n|rule|Species Clause: Limit one of each Pok\u00e9mon\n|rule|Sleep Clause Mod: Limit one foe put to sleep\n|clearpoke\n|poke|p1|Dragonite, M|\n|poke|p1|Gengar, F|\n|poke|p1|Cloyster, F|\n|poke|p1|Mew|\n|poke|p1|Pidgeot, M|\n|poke|p1|Jolteon, F|\n|poke|p2|Empoleon, M|\n|poke|p2|Infernape, M|\n|poke|p2|Torterra, M|\n|poke|p2|Staraptor, M|\n|poke|p2|Froslass, F|\n|poke|p2|Drapion, M|\n|teampreview\n|c|\u2606LeafStormHimNotMe|gl hf!\n|inactive|Battle timer is ON: inactive players will automatically lose when time's up. (requested by LavishRoach)\n|\n|t:|1700510107\n|start\n|switch|p1a: Jolteon|Jolteon, F|100\/100\n|switch|p2a: Drapion|Drapion, M, shiny|100\/100\n|turn|1\n|\n|t:|1700510121\n|move|p1a: Jolteon|Thunder Wave|p2a: Drapion\n|-status|p2a: Drapion|par\n|move|p2a: Drapion|Toxic Spikes|p1a: Jolteon\n|-sidestart|p1: LeafStormHimNotMe|move: Toxic Spikes\n|\n|upkeep\n|turn|2\n|\n|t:|1700510129\n|move|p1a: Jolteon|Thunder|p2a: Drapion\n|-damage|p2a: Drapion|0 fnt\n|faint|p2a: Drapion\n|-damage|p1a: Jolteon|91\/100|[from] item: Life Orb\n|\n|upkeep\n|\n|t:|1700510138\n|switch|p2a: Torterra|Torterra, M, shiny|100\/100\n|turn|3\n|\n|t:|1700510147\n|switch|p1a: Mew|Mew|100\/100\n|-status|p1a: Mew|psn\n|move|p2a: Torterra|Shell Smash|p2a: Torterra\n|-unboost|p2a: Torterra|def|1\n|-unboost|p2a: Torterra|spd|1\n|-boost|p2a: Torterra|atk|2\n|-boost|p2a: Torterra|spa|2\n|-boost|p2a: Torterra|spe|2\n|\n|-damage|p1a: Mew|88\/100 psn|[from] psn\n|upkeep\n|turn|4\n|\n|t:|1700510178\n|move|p2a: Torterra|Seed Bomb|p1a: Mew\n|-damage|p1a: Mew|16\/100 psn\n|move|p1a: Mew|Toxic|p2a: Torterra\n|-status|p2a: Torterra|tox\n|\n|-damage|p2a: Torterra|94\/100 tox|[from] psn\n|-damage|p1a: Mew|4\/100 psn|[from] psn\n|upkeep\n|turn|5\n|\n|t:|1700510190\n|move|p2a: Torterra|Seed Bomb|p1a: Mew\n|-damage|p1a: Mew|0 fnt\n|faint|p1a: Mew\n|\n|-heal|p2a: Torterra|100\/100 tox|[from] item: Leftovers\n|-damage|p2a: Torterra|88\/100 tox|[from] psn\n|upkeep\n|\n|t:|1700510193\n|switch|p1a: Gengar|Gengar, F|100\/100\n|-sideend|p1: LeafStormHimNotMe|move: Toxic Spikes|[of] p1a: Gengar\n|turn|6\n|\n|t:|1700510207\n|move|p1a: Gengar|Shadow Ball|p2a: Torterra\n|-damage|p2a: Torterra|0 fnt\n|faint|p2a: Torterra\n|\n|upkeep\n|\n|t:|1700510219\n|switch|p2a: Empoleon|Empoleon, M, shiny|100\/100\n|turn|7\n|\n|t:|1700510229\n|move|p1a: Gengar|Shadow Ball|p2a: Empoleon\n|-crit|p2a: Empoleon\n|-damage|p2a: Empoleon|0 fnt\n|faint|p2a: Empoleon\n|\n|upkeep\n|\n|t:|1700510240\n|switch|p2a: Staraptor|Staraptor, M, shiny|100\/100\n|-ability|p2a: Staraptor|Intimidate|boost\n|-unboost|p1a: Gengar|atk|1\n|turn|8\n|inactive|LeafStormHimNotMe has 120 seconds left.\n|\n|t:|1700510272\n|switch|p1a: Jolteon|Jolteon, F|91\/100\n|move|p2a: Staraptor|Brave Bird|p1a: Jolteon\n|-resisted|p1a: Jolteon\n|-damage|p1a: Jolteon|29\/100\n|-damage|p2a: Staraptor|83\/100|[from] Recoil\n|\n|-heal|p2a: Staraptor|89\/100|[from] item: Leftovers\n|upkeep\n|turn|9\n|\n|t:|1700510297\n|move|p2a: Staraptor|Quick Attack|p1a: Jolteon\n|-damage|p1a: Jolteon|0 fnt\n|faint|p1a: Jolteon\n|\n|-heal|p2a: Staraptor|95\/100|[from] item: Leftovers\n|upkeep\n|\n|t:|1700510307\n|switch|p1a: Cloyster|Cloyster, F|100\/100\n|turn|10\n|\n|t:|1700510325\n|move|p2a: Staraptor|U-turn|p1a: Cloyster\n|-damage|p1a: Cloyster|78\/100\n|\n|t:|1700510333\n|switch|p2a: Infernape|Infernape, M, shiny|100\/100|[from] U-turn\n|move|p1a: Cloyster|Icicle Spear|p2a: Infernape\n|-resisted|p2a: Infernape\n|-crit|p2a: Infernape\n|-damage|p2a: Infernape|88\/100\n|-resisted|p2a: Infernape\n|-damage|p2a: Infernape|79\/100\n|-resisted|p2a: Infernape\n|-crit|p2a: Infernape\n|-damage|p2a: Infernape|66\/100\n|-resisted|p2a: Infernape\n|-damage|p2a: Infernape|56\/100\n|-resisted|p2a: Infernape\n|-crit|p2a: Infernape\n|-damage|p2a: Infernape|42\/100\n|-hitcount|p2a: Infernape|5\n|\n|-heal|p2a: Infernape|49\/100|[from] item: Leftovers\n|upkeep\n|turn|11\n|inactive|LavishRoach has 120 seconds left.\n|\n|t:|1700510351\n|move|p2a: Infernape|Fake Out|p1a: Cloyster\n|-damage|p1a: Cloyster|66\/100\n|cant|p1a: Cloyster|flinch\n|\n|-heal|p2a: Infernape|55\/100|[from] item: Leftovers\n|upkeep\n|turn|12\n|inactive|LavishRoach has 120 seconds left.\n|\n|t:|1700510363\n|move|p2a: Infernape|Mach Punch|p1a: Cloyster\n|-supereffective|p1a: Cloyster\n|-damage|p1a: Cloyster|28\/100\n|move|p1a: Cloyster|Rock Blast|p2a: Infernape\n|-damage|p2a: Infernape|43\/100\n|-crit|p2a: Infernape\n|-damage|p2a: Infernape|23\/100\n|-damage|p2a: Infernape|12\/100\n|-damage|p2a: Infernape|0 fnt\n|faint|p2a: Infernape\n|-hitcount|p2: Infernape|4\n|\n|upkeep\n|inactive|LavishRoach has 120 seconds left.\n|\n|t:|1700510376\n|switch|p2a: Staraptor|Staraptor, M, shiny|95\/100\n|-ability|p2a: Staraptor|Intimidate|boost\n|-unboost|p1a: Cloyster|atk|1\n|turn|13\n|\n|t:|1700510381\n|switch|p1a: Gengar|Gengar, F|100\/100\n|move|p2a: Staraptor|Quick Attack|p1a: Gengar\n|-immune|p1a: Gengar\n|\n|-heal|p2a: Staraptor|100\/100|[from] item: Leftovers\n|upkeep\n|turn|14\n|\n|t:|1700510395\n|move|p1a: Gengar|Dark Pulse|p2a: Staraptor\n|-damage|p2a: Staraptor|36\/100\n|move|p2a: Staraptor|Brave Bird|p1a: Gengar\n|-damage|p1a: Gengar|0 fnt\n|faint|p1a: Gengar\n|-damage|p2a: Staraptor|8\/100|[from] Recoil\n|\n|-heal|p2a: Staraptor|14\/100|[from] item: Leftovers\n|upkeep\n|\n|t:|1700510402\n|switch|p1a: Dragonite|Dragonite, M|100\/100\n|turn|15\n|\n|t:|1700510410\n|move|p2a: Staraptor|U-turn|p1a: Dragonite\n|-resisted|p1a: Dragonite\n|-damage|p1a: Dragonite|94\/100\n|\n|t:|1700510414\n|switch|p2a: Froslass|Froslass, F, shiny|100\/100|[from] U-turn\n|move|p1a: Dragonite|Dragon Dance|p1a: Dragonite\n|-boost|p1a: Dragonite|atk|1\n|-boost|p1a: Dragonite|spe|1\n|\n|upkeep\n|turn|16\n|\n|t:|1700510427\n|-terastallize|p1a: Dragonite|Dragon\n|-terastallize|p2a: Froslass|Fairy\n|move|p1a: Dragonite|Dragon Claw|p2a: Froslass\n|-immune|p2a: Froslass\n|move|p2a: Froslass|Ice Beam|p1a: Dragonite\n|-supereffective|p1a: Dragonite\n|-damage|p1a: Dragonite|16\/100\n|\n|upkeep\n|turn|17\n|c|\u2606LeafStormHimNotMe|fair play\n|\n|t:|1700510439\n|move|p1a: Dragonite|Extreme Speed|p2a: Froslass\n|-damage|p2a: Froslass|0 fnt\n|faint|p2a: Froslass\n|-damage|p1a: Dragonite|6\/100|[from] item: Life Orb\n|\n|upkeep\n|\n|t:|1700510446\n|switch|p2a: Staraptor|Staraptor, M, shiny|14\/100\n|-ability|p2a: Staraptor|Intimidate|boost\n|-unboost|p1a: Dragonite|atk|1\n|turn|18\n|\n|t:|1700510453\n|move|p1a: Dragonite|Extreme Speed|p2a: Staraptor\n|-damage|p2a: Staraptor|0 fnt\n|faint|p2a: Staraptor\n|-damage|p1a: Dragonite|0 fnt|[from] item: Life Orb\n|faint|p1a: Dragonite\n|\n|win|LeafStormHimNotMe\n|raw|LeafStormHimNotMe's rating: 1071 &rarr; <strong>1101<\/strong><br \/>(+30 for winning)\n|raw|LavishRoach's rating: 1083 &rarr; <strong>1060<\/strong><br \/>(-23 for losing)\n|c|\u2606LeafStormHimNotMe|gg\n|l|\u2606LavishRoach\n","uploadtime":1700510464,"views":11,"p1id":"leafstormhimnotme","p2id":"lavishroach","formatid":"gen9nationaldex","rating":1060,"private":0,"password":""}