{"id":"gen9nationaldex-1993756393","p1":"mixco","p2":"JuzOzuj","format":"[Gen 9] National Dex","log":"|j|\u2606mixco\n|j|\u2606JuzOzuj\n|t:|1700353543\n|gametype|singles\n|player|p1|mixco|penny|\n|player|p2|JuzOzuj|101|\n|teamsize|p1|6\n|teamsize|p2|6\n|gen|9\n|tier|[Gen 9] National Dex\n|rule|HP Percentage Mod: HP is shown in percentages\n|rule|Endless Battle Clause: Forcing endless battles is banned\n|rule|OHKO Clause: OHKO moves are banned\n|rule|Evasion Clause: Evasion abilities, items, and moves are banned\n|rule|Evasion Abilities Clause: Evasion abilities are banned\n|rule|Evasion Items Clause: Evasion items are banned\n|rule|Evasion Moves Clause: Evasion moves are banned\n|rule|Species Clause: Limit one of each Pok\u00e9mon\n|rule|Sleep Clause Mod: Limit one foe put to sleep\n|clearpoke\n|poke|p1|Ribombee, F|\n|poke|p1|Zapdos-Galar|\n|poke|p1|Zoroark-Hisui, F|\n|poke|p1|Ogerpon-Wellspring, F|\n|poke|p1|Iron Treads|\n|poke|p1|Porygon-Z|\n|poke|p2|Okidogi, M|\n|poke|p2|Rillaboom, F|\n|poke|p2|Heatran, F|\n|poke|p2|Rotom-Wash|\n|poke|p2|Diancie|\n|poke|p2|Shaymin|\n|teampreview\n|c|\u2606JuzOzuj|el shymin\n|c|\u2606JuzOzuj|sky ta ban no?\n|c|\u2606mixco|Si\n|c|\u2606mixco|Wa poner m\u00fasica\n|c|\u2606JuzOzuj|okas\n|c|\u2606JuzOzuj|mientras voy a ver lo que tiene el tim\n|j| OnlyPyper\n|c| OnlyPyper|Setso\n|c|\u2606JuzOzuj|Okey estoy lista\n|\n|t:|1700353679\n|start\n|switch|p1a: Hokae|Ribombee, F|100\/100\n|switch|p2a: Diancie|Diancie|100\/100\n|turn|1\n|\n|t:|1700353702\n|move|p1a: Hokae|Sticky Web|p2a: Diancie\n|-sidestart|p2: JuzOzuj|move: Sticky Web\n|move|p2a: Diancie|Stealth Rock|p1a: Hokae\n|-sidestart|p1: mixco|move: Stealth Rock\n|\n|upkeep\n|turn|2\n|\n|t:|1700353723\n|move|p1a: Hokae|Skill Swap|p2a: Diancie\n|-activate|p1a: Hokae|move: Skill Swap|Clear Body|Shield Dust|[of] p2a: Diancie\n|move|p2a: Diancie|Power Gem|p1a: Hokae\n|-supereffective|p1a: Hokae\n|-enditem|p1a: Hokae|Focus Sash\n|-damage|p1a: Hokae|1\/100\n|\n|upkeep\n|turn|3\n|c|\u2606JuzOzuj|KJAGSHKJDASD\n|c|\u2606JuzOzuj|crees que me voy a hacer mega\n|c|\u2606JuzOzuj|no jodas\n|c|\u2606JuzOzuj|ya me se ese truco\n|c|\u2606JuzOzuj|XDD\n|\n|t:|1700353775\n|move|p1a: Hokae|Moonblast|p2a: Diancie\n|-damage|p2a: Diancie|64\/100\n|move|p2a: Diancie|Moonblast|p1a: Hokae\n|-damage|p1a: Hokae|0 fnt\n|faint|p1a: Hokae\n|\n|upkeep\n|c|\u2606JuzOzuj|LOL\n|\n|t:|1700353782\n|switch|p1a: Ogerpon|Ogerpon-Wellspring, F|100\/100\n|-damage|p1a: Ogerpon|88\/100|[from] Stealth Rock\n|turn|4\n|c|\u2606JuzOzuj|CAMBIARON LA ANIMACION\n|c|\u2606JuzOzuj|DE MOONBLAST\n|\n|t:|1700353825\n|switch|p2a: Okidogi|Okidogi, M|100\/100\n|-activate|p2a: Okidogi|move: Sticky Web\n|-unboost|p2a: Okidogi|spe|1\n|move|p1a: Ogerpon|Horn Leech|p2a: Okidogi\n|-resisted|p2a: Okidogi\n|-damage|p2a: Okidogi|82\/100\n|-heal|p1a: Ogerpon|98\/100|[from] drain|[of] p2a: Okidogi\n|\n|-heal|p2a: Okidogi|88\/100|[from] item: Leftovers\n|upkeep\n|turn|5\n|\n|t:|1700353844\n|switch|p1a: Iron Treads|Iron Treads|100\/100\n|-damage|p1a: Iron Treads|88\/100|[from] Stealth Rock\n|move|p2a: Okidogi|Knock Off|p1a: Iron Treads\n|-supereffective|p1a: Iron Treads\n|-damage|p1a: Iron Treads|0 fnt\n|replace|p1a: Zoroark|Zoroark-Hisui, F\n|-end|p1a: Zoroark|Illusion\n|-enditem|p1a: Zoroark|Choice Specs|[from] move: Knock Off|[of] p2a: Okidogi\n|faint|p1a: Zoroark\n|\n|-heal|p2a: Okidogi|94\/100|[from] item: Leftovers\n|upkeep\n|\n|t:|1700353851\n|switch|p1a: Iron Treads|Iron Treads|100\/100\n|-damage|p1a: Iron Treads|97\/100|[from] Stealth Rock\n|turn|6\n|c|\u2606JuzOzuj|El zoroark\n|c|\u2606mixco|Es demasiado agresivo este team para mi gusto xd\n|c|\u2606JuzOzuj|Si es\n|c|\u2606JuzOzuj|Y este es muy bulky y me encanta\n|c|\u2606JuzOzuj|me da muchas opciones\n|c|\u2606JuzOzuj|para cambios\n|c|\u2606JuzOzuj|me gusta\n|c|\u2606JuzOzuj|alv\n|\n|t:|1700353943\n|switch|p2a: Rillaboom|Rillaboom, F|100\/100\n|-activate|p2a: Rillaboom|move: Sticky Web\n|-unboost|p2a: Rillaboom|spe|1\n|-fieldstart|move: Grassy Terrain|[from] ability: Grassy Surge|[of] p2a: Rillaboom\n|move|p1a: Iron Treads|Rapid Spin|p2a: Rillaboom\n|-damage|p2a: Rillaboom|87\/100\n|-boost|p1a: Iron Treads|spe|1\n|-sideend|p1: mixco|Stealth Rock|[from] move: Rapid Spin|[of] p1a: Iron Treads\n|\n|-heal|p1a: Iron Treads|100\/100|[from] Grassy Terrain\n|-heal|p2a: Rillaboom|93\/100|[from] Grassy Terrain\n|upkeep\n|turn|7\n|\n|t:|1700353963\n|-terastallize|p2a: Rillaboom|Grass\n|move|p1a: Iron Treads|Volt Switch|p2a: Rillaboom\n|-resisted|p2a: Rillaboom\n|-damage|p2a: Rillaboom|86\/100\n|c|\u2606JuzOzuj|saca al zapdos o te mueres\n|c|\u2606JuzOzuj|use wood hamer\n|c|\u2606JuzOzuj|XDDD\n|c|\u2606mixco|Es gg ya igual\n|c|\u2606mixco|Nada aguanta a rilla\n|c|\u2606mixco|No me gusta xd\n|c|\u2606JuzOzuj|El poly\n|c|\u2606JuzOzuj|digo pory\n|c|\u2606JuzOzuj|XD\n|c|\u2606JuzOzuj|es ofensivo verdad?\n|c|\u2606mixco|Cuando has visto un porygon z defensivo?\n|\n|t:|1700354045\n|-end|p1a: Iron Treads|Quark Drive|[silent]\n|switch|p1a: Porygon-Z|Porygon-Z|100\/100|[from] Volt Switch\n|move|p2a: Rillaboom|Wood Hammer|p1a: Porygon-Z\n|-damage|p1a: Porygon-Z|0 fnt\n|faint|p1a: Porygon-Z\n|-damage|p2a: Rillaboom|56\/100|[from] Recoil\n|\n|-heal|p2a: Rillaboom|62\/100|[from] Grassy Terrain\n|upkeep\n|\n|t:|1700354048\n|switch|p1a: Zapdos|Zapdos-Galar|100\/100\n|turn|8\n|c|\u2606JuzOzuj|na mas preguntaba xd\n|\n|t:|1700354059\n|switch|p2a: Diancie|Diancie|64\/100\n|-activate|p2a: Diancie|move: Sticky Web\n|-fail|p2a: Diancie|unboost|[from] ability: Clear Body|[of] p2a: Diancie\n|move|p1a: Zapdos|U-turn|p2a: Diancie\n|-resisted|p2a: Diancie\n|-damage|p2a: Diancie|47\/100\n|\n|t:|1700354066\n|switch|p1a: Ogerpon|Ogerpon-Wellspring, F|98\/100|[from] U-turn\n|\n|-heal|p1a: Ogerpon|100\/100|[from] Grassy Terrain\n|-heal|p2a: Diancie|53\/100|[from] Grassy Terrain\n|upkeep\n|turn|9\n|\n|t:|1700354080\n|switch|p2a: Heatran|Heatran, F|100\/100\n|-activate|p2a: Heatran|move: Sticky Web\n|-unboost|p2a: Heatran|spe|1\n|move|p1a: Ogerpon|Ivy Cudgel|p2a: Heatran|[anim] Ivy Cudgel Water\n|-supereffective|p2a: Heatran\n|-crit|p2a: Heatran\n|-damage|p2a: Heatran|0 fnt\n|faint|p2a: Heatran\n|\n|upkeep\n|\n|t:|1700354090\n|switch|p2a: Okidogi|Okidogi, M|94\/100\n|-activate|p2a: Okidogi|move: Sticky Web\n|-unboost|p2a: Okidogi|spe|1\n|turn|10\n|\n|t:|1700354103\n|switch|p1a: Zapdos|Zapdos-Galar|100\/100\n|move|p2a: Okidogi|Knock Off|p1a: Zapdos\n|-resisted|p1a: Zapdos\n|-damage|p1a: Zapdos|82\/100\n|-enditem|p1a: Zapdos|Choice Band|[from] move: Knock Off|[of] p2a: Okidogi\n|\n|-heal|p2a: Okidogi|99\/100|[from] Grassy Terrain\n|-heal|p2a: Okidogi|100\/100|[from] item: Leftovers\n|-fieldend|move: Grassy Terrain\n|upkeep\n|turn|11\n|\n|t:|1700354116\n|switch|p2a: Diancie|Diancie|53\/100\n|-activate|p2a: Diancie|move: Sticky Web\n|-fail|p2a: Diancie|unboost|[from] ability: Clear Body|[of] p2a: Diancie\n|move|p1a: Zapdos|Brave Bird|p2a: Diancie\n|-resisted|p2a: Diancie\n|-damage|p2a: Diancie|24\/100\n|-damage|p1a: Zapdos|75\/100|[from] Recoil\n|\n|upkeep\n|turn|12\n|\n|t:|1700354131\n|switch|p1a: Iron Treads|Iron Treads|100\/100\n|detailschange|p2a: Diancie|Diancie-Mega\n|-mega|p2a: Diancie|Diancie|Diancite\n|move|p2a: Diancie|Moonblast|p1a: Iron Treads\n|-resisted|p1a: Iron Treads\n|-damage|p1a: Iron Treads|67\/100\n|-unboost|p1a: Iron Treads|spa|1\n|\n|-heal|p1a: Iron Treads|73\/100|[from] item: Leftovers\n|upkeep\n|turn|13\n|\n|t:|1700354147\n|-terastallize|p1a: Iron Treads|Fairy\n|move|p2a: Diancie|Earth Power|p1a: Iron Treads\n|-damage|p1a: Iron Treads|33\/100\n|move|p1a: Iron Treads|Earthquake|p2a: Diancie\n|-supereffective|p2a: Diancie\n|-damage|p2a: Diancie|0 fnt\n|faint|p2a: Diancie\n|\n|-heal|p1a: Iron Treads|40\/100|[from] item: Leftovers\n|upkeep\n|\n|t:|1700354193\n|switch|p2a: Rillaboom|Rillaboom, F, tera:Grass|62\/100\n|-activate|p2a: Rillaboom|move: Sticky Web\n|-unboost|p2a: Rillaboom|spe|1\n|-fieldstart|move: Grassy Terrain|[from] ability: Grassy Surge|[of] p2a: Rillaboom\n|turn|14\n|\n|t:|1700354207\n|move|p2a: Rillaboom|Grassy Glide|p1a: Iron Treads\n|-damage|p1a: Iron Treads|0 fnt\n|faint|p1a: Iron Treads\n|-end|p1a: Iron Treads|Quark Drive|[silent]\n|\n|-heal|p2a: Rillaboom|68\/100|[from] Grassy Terrain\n|upkeep\n|\n|t:|1700354211\n|switch|p1a: Zapdos|Zapdos-Galar|75\/100\n|turn|15\n|\n|t:|1700354217\n|switch|p2a: Rotom|Rotom-Wash|100\/100\n|move|p1a: Zapdos|U-turn|p2a: Rotom\n|-damage|p2a: Rotom|78\/100\n|\n|t:|1700354220\n|switch|p1a: Ogerpon|Ogerpon-Wellspring, F|100\/100|[from] U-turn\n|\n|-heal|p2a: Rotom|85\/100|[from] item: Leftovers\n|upkeep\n|turn|16\n|\n|t:|1700354229\n|switch|p2a: Okidogi|Okidogi, M|100\/100\n|-activate|p2a: Okidogi|move: Sticky Web\n|-unboost|p2a: Okidogi|spe|1\n|move|p1a: Ogerpon|Horn Leech|p2a: Okidogi\n|-resisted|p2a: Okidogi\n|-damage|p2a: Okidogi|74\/100\n|\n|-heal|p2a: Okidogi|80\/100|[from] Grassy Terrain\n|-heal|p2a: Okidogi|86\/100|[from] item: Leftovers\n|upkeep\n|turn|17\n|\n|t:|1700354246\n|switch|p1a: Zapdos|Zapdos-Galar|75\/100\n|move|p2a: Okidogi|Poison Jab|p1a: Zapdos\n|-damage|p1a: Zapdos|33\/100\n|\n|-heal|p2a: Okidogi|92\/100|[from] Grassy Terrain\n|-heal|p2a: Okidogi|98\/100|[from] item: Leftovers\n|upkeep\n|turn|18\n|\n|t:|1700354252\n|switch|p2a: Rotom|Rotom-Wash|85\/100\n|move|p1a: Zapdos|Brave Bird|p2a: Rotom\n|-resisted|p2a: Rotom\n|-damage|p2a: Rotom|58\/100\n|-damage|p1a: Zapdos|25\/100|[from] Recoil\n|\n|-heal|p2a: Rotom|65\/100|[from] item: Leftovers\n|-fieldend|move: Grassy Terrain\n|upkeep\n|turn|19\n|\n|t:|1700354263\n|move|p1a: Zapdos|U-turn|p2a: Rotom\n|-damage|p2a: Rotom|42\/100\n|\n|t:|1700354266\n|switch|p1a: Ogerpon|Ogerpon-Wellspring, F|100\/100|[from] U-turn\n|move|p2a: Rotom|Will-O-Wisp|p1a: Ogerpon\n|-status|p1a: Ogerpon|brn\n|\n|-heal|p2a: Rotom|49\/100|[from] item: Leftovers\n|-damage|p1a: Ogerpon|94\/100 brn|[from] brn\n|upkeep\n|turn|20\n|\n|t:|1700354277\n|move|p1a: Ogerpon|Swords Dance|p1a: Ogerpon\n|-boost|p1a: Ogerpon|atk|2\n|move|p2a: Rotom|Volt Switch|p1a: Ogerpon\n|-damage|p1a: Ogerpon|63\/100 brn\n|\n|t:|1700354287\n|switch|p2a: Rillaboom|Rillaboom, F, tera:Grass|68\/100|[from] Volt Switch\n|-activate|p2a: Rillaboom|move: Sticky Web\n|-unboost|p2a: Rillaboom|spe|1\n|-fieldstart|move: Grassy Terrain|[from] ability: Grassy Surge|[of] p2a: Rillaboom\n|\n|-heal|p1a: Ogerpon|69\/100 brn|[from] Grassy Terrain\n|-heal|p2a: Rillaboom|74\/100|[from] Grassy Terrain\n|-damage|p1a: Ogerpon|63\/100 brn|[from] brn\n|upkeep\n|turn|21\n|\n|t:|1700354293\n|move|p2a: Rillaboom|Grassy Glide|p1a: Ogerpon\n|-damage|p1a: Ogerpon|0 fnt\n|faint|p1a: Ogerpon\n|\n|-heal|p2a: Rillaboom|80\/100|[from] Grassy Terrain\n|upkeep\n|\n|t:|1700354296\n|switch|p1a: Zapdos|Zapdos-Galar|25\/100\n|turn|22\n|\n|t:|1700354302\n|move|p2a: Rillaboom|Grassy Glide|p1a: Zapdos\n|-resisted|p1a: Zapdos\n|-damage|p1a: Zapdos|0 fnt\n|faint|p1a: Zapdos\n|\n|win|JuzOzuj\n|c|\u2606JuzOzuj|gg\n|c|\u2606mixco|No me gusto nada xd\n","uploadtime":1700354314,"views":20,"p1id":"mixco","p2id":"juzozuj","formatid":"gen9nationaldex","rating":0,"private":0,"password":""}