{"id":"gen9nationaldex-1991465044","p1":"Kaizo Block 6000","p2":"Grizzly FNAF","format":"[Gen 9] National Dex","log":"|j|\u2606Kaizo Block 6000\n|j|\u2606Grizzly FNAF\n|t:|1700079447\n|gametype|singles\n|player|p1|Kaizo Block 6000|170|1193\n|player|p2|Grizzly FNAF|steven|1116\n|teamsize|p1|6\n|teamsize|p2|6\n|gen|9\n|tier|[Gen 9] National Dex\n|rated|\n|rule|HP Percentage Mod: HP is shown in percentages\n|rule|Endless Battle Clause: Forcing endless battles is banned\n|rule|OHKO Clause: OHKO moves are banned\n|rule|Evasion Clause: Evasion abilities, items, and moves are banned\n|rule|Evasion Abilities Clause: Evasion abilities are banned\n|rule|Evasion Items Clause: Evasion items are banned\n|rule|Evasion Moves Clause: Evasion moves are banned\n|rule|Species Clause: Limit one of each Pok\u00e9mon\n|rule|Sleep Clause Mod: Limit one foe put to sleep\n|clearpoke\n|poke|p1|Tapu Koko|\n|poke|p1|Iron Valiant|\n|poke|p1|Sneasler, M|\n|poke|p1|Pinsir, F|\n|poke|p1|Mimikyu, M|\n|poke|p1|Azelf|\n|poke|p2|Ting-Lu|\n|poke|p2|Pawmot, F|\n|poke|p2|Tapu Lele|\n|poke|p2|Alomomola, M|\n|poke|p2|Volcarona, F|\n|poke|p2|Latias, F|\n|teampreview\n|\n|t:|1700079456\n|start\n|switch|p1a: 1R0N VAI1ANT|Iron Valiant|100\/100\n|switch|p2a: Latias|Latias, F|100\/100\n|turn|1\n|\n|t:|1700079465\n|switch|p2a: Volcarona|Volcarona, F|100\/100\n|move|p1a: 1R0N VAI1ANT|Moonblast|p2a: Volcarona\n|-resisted|p2a: Volcarona\n|-damage|p2a: Volcarona|67\/100\n|-damage|p1a: 1R0N VAI1ANT|91\/100|[from] item: Life Orb\n|\n|upkeep\n|turn|2\n|\n|t:|1700079473\n|-end|p1a: 1R0N VAI1ANT|Quark Drive|[silent]\n|switch|p1a: Mimikins|Mimikyu, M, shiny|100\/100\n|move|p2a: Volcarona|Quiver Dance|p2a: Volcarona\n|-boost|p2a: Volcarona|spa|1\n|-boost|p2a: Volcarona|spd|1\n|-boost|p2a: Volcarona|spe|1\n|\n|upkeep\n|turn|3\n|\n|t:|1700079479\n|move|p2a: Volcarona|Fiery Dance|p1a: Mimikins\n|-activate|p1a: Mimikins|ability: Disguise\n|-damage|p1a: Mimikins|100\/100\n|detailschange|p1a: Mimikins|Mimikyu-Busted, M, shiny\n|-damage|p1a: Mimikins|88\/100|[from] pokemon: Mimikyu-Busted\n|move|p1a: Mimikins|Shadow Claw|p2a: Volcarona\n|-crit|p2a: Volcarona\n|-damage|p2a: Volcarona|0 fnt\n|faint|p2a: Volcarona\n|-damage|p1a: Mimikins|78\/100|[from] item: Life Orb\n|\n|upkeep\n|\n|t:|1700079492\n|switch|p2a: Pawmot|Pawmot, F|100\/100\n|turn|4\n|\n|t:|1700079500\n|move|p2a: Pawmot|Revival Blessing|p2a: Pawmot\n|-enditem|p2a: Pawmot|Leppa Berry|[eat]\n|-activate|p2a: Pawmot|item: Leppa Berry|Revival Blessing|[consumed]\n|\n|t:|1700079502\n|-heal|p2: Volcarona|50\/100|[from] move: Revival Blessing\n|move|p1a: Mimikins|Wood Hammer|p2a: Pawmot\n|-damage|p2a: Pawmot|31\/100\n|-damage|p1a: Mimikins|52\/100|[from] Recoil\n|-damage|p1a: Mimikins|42\/100|[from] item: Life Orb\n|\n|upkeep\n|turn|5\n|\n|t:|1700079513\n|switch|p2a: Latias|Latias, F|100\/100\n|move|p1a: Mimikins|Play Rough|p2a: Latias\n|-supereffective|p2a: Latias\n|-damage|p2a: Latias|0 fnt\n|faint|p2a: Latias\n|-damage|p1a: Mimikins|32\/100|[from] item: Life Orb\n|\n|upkeep\n|\n|t:|1700079519\n|switch|p2a: Alomomola|Alomomola, M|100\/100\n|turn|6\n|\n|t:|1700079522\n|switch|p2a: Volcarona|Volcarona, F|50\/100\n|move|p1a: Mimikins|Wood Hammer|p2a: Volcarona\n|-resisted|p2a: Volcarona\n|-crit|p2a: Volcarona\n|-damage|p2a: Volcarona|25\/100\n|-status|p1a: Mimikins|brn|[from] ability: Flame Body|[of] p2a: Volcarona\n|-damage|p1a: Mimikins|22\/100 brn|[from] Recoil\n|-damage|p1a: Mimikins|12\/100 brn|[from] item: Life Orb\n|\n|-damage|p1a: Mimikins|6\/100 brn|[from] brn\n|upkeep\n|turn|7\n|\n|t:|1700079527\n|move|p2a: Volcarona|Fiery Dance|p1a: Mimikins\n|-damage|p1a: Mimikins|0 fnt\n|faint|p1a: Mimikins\n|\n|upkeep\n|\n|t:|1700079530\n|switch|p1a: Hawk|Tapu Koko|100\/100\n|-fieldstart|move: Electric Terrain|[from] ability: Electric Surge|[of] p1a: Hawk\n|turn|8\n|\n|t:|1700079534\n|move|p1a: Hawk|Electro Ball|p2a: Volcarona\n|-damage|p2a: Volcarona|0 fnt\n|faint|p2a: Volcarona\n|\n|upkeep\n|\n|t:|1700079544\n|switch|p2a: Tapu Lele|Tapu Lele|100\/100\n|-fieldstart|move: Psychic Terrain|[from] ability: Psychic Surge|[of] p2a: Tapu Lele\n|turn|9\n|\n|t:|1700079557\n|switch|p1a: Akillurzelf(joke)|Azelf|100\/100\n|move|p2a: Tapu Lele|Psychic|p1a: Akillurzelf(joke)\n|-resisted|p1a: Akillurzelf(joke)\n|-damage|p1a: Akillurzelf(joke)|47\/100\n|\n|upkeep\n|turn|10\n|\n|t:|1700079565\n|move|p2a: Tapu Lele|Psychic|p1a: Akillurzelf(joke)\n|-resisted|p1a: Akillurzelf(joke)\n|-damage|p1a: Akillurzelf(joke)|0 fnt\n|faint|p1a: Akillurzelf(joke)\n|\n|upkeep\n|\n|t:|1700079573\n|switch|p1a: Hawk|Tapu Koko|100\/100\n|-fieldstart|move: Electric Terrain|[from] ability: Electric Surge|[of] p1a: Hawk\n|turn|11\n|\n|t:|1700079581\n|switch|p2a: Pawmot|Pawmot, F|31\/100\n|-zpower|p1a: Hawk\n|move|p1a: Hawk|Gigavolt Havoc|p2a: Pawmot|[zeffect]\n|-resisted|p2a: Pawmot\n|-damage|p2a: Pawmot|0 fnt\n|faint|p2a: Pawmot\n|\n|upkeep\n|\n|t:|1700079584\n|switch|p2a: Tapu Lele|Tapu Lele|100\/100\n|-fieldstart|move: Psychic Terrain|[from] ability: Psychic Surge|[of] p2a: Tapu Lele\n|turn|12\n|\n|t:|1700079591\n|-terastallize|p2a: Tapu Lele|Psychic\n|move|p2a: Tapu Lele|Psychic|p1a: Hawk\n|-damage|p1a: Hawk|0 fnt\n|faint|p1a: Hawk\n|\n|upkeep\n|\n|t:|1700079599\n|switch|p1a: Buzz Off|Pinsir, F|100\/100\n|turn|13\n|\n|t:|1700079603\n|detailschange|p1a: Buzz Off|Pinsir-Mega, F\n|-mega|p1a: Buzz Off|Pinsir|Pinsirite\n|move|p2a: Tapu Lele|Psychic|p1a: Buzz Off\n|-damage|p1a: Buzz Off|0 fnt\n|faint|p1a: Buzz Off\n|\n|upkeep\n|\n|t:|1700079610\n|switch|p1a: 1R0N VAI1ANT|Iron Valiant|91\/100\n|turn|14\n|\n|t:|1700079621\n|-terastallize|p1a: 1R0N VAI1ANT|Steel\n|move|p2a: Tapu Lele|Psychic|p1a: 1R0N VAI1ANT\n|-resisted|p1a: 1R0N VAI1ANT\n|-damage|p1a: 1R0N VAI1ANT|6\/100\n|move|p1a: 1R0N VAI1ANT|Moonblast|p2a: Tapu Lele\n|-damage|p2a: Tapu Lele|36\/100\n|-unboost|p2a: Tapu Lele|spa|1\n|-damage|p1a: 1R0N VAI1ANT|0 fnt|[from] item: Life Orb\n|faint|p1a: 1R0N VAI1ANT\n|-end|p1a: 1R0N VAI1ANT|Quark Drive|[silent]\n|\n|upkeep\n|\n|t:|1700079630\n|switch|p1a: Revenge|Sneasler, M, shiny|100\/100\n|turn|15\n|inactive|Battle timer is ON: inactive players will automatically lose when time's up. (requested by Grizzly FNAF)\n|c|\u2606Kaizo Block 6000|fnaf\n|c|\u2606Kaizo Block 6000|aint\n|inactive|Kaizo Block 6000 has 120 seconds left.\n|c|\u2606Kaizo Block 6000|a franchise\n|c|\u2606Grizzly FNAF|tf\n|inactive|Kaizo Block 6000 has 90 seconds left.\n|c|\u2606Grizzly FNAF|har har har har\n|c|\u2606Grizzly FNAF|tis a franchise\n|inactive|Kaizo Block 6000 has 60 seconds left.\n|c|\u2606Grizzly FNAF|your team got fucked by tapu lele\n|c|\u2606Grizzly FNAF|really puts the L in tapu lele\n|c|\u2606Grizzly FNAF|its scarf btw\n|inactive|Kaizo Block 6000 has 30 seconds left.\n|inactive|Kaizo Block 6000 has 20 seconds left.\n|c|\u2606Kaizo Block 6000|i know\n|c|\u2606Grizzly FNAF|psychic terrain+scarf is so busted\n|inactive|Kaizo Block 6000 has 15 seconds left.\n|inactive|Kaizo Block 6000 has 10 seconds left.\n|c|\u2606Grizzly FNAF|you are faster than everything\n|inactive|Kaizo Block 6000 has 5 seconds left.\n|c|\u2606Kaizo Block 6000|nah\n|c|\u2606Kaizo Block 6000|unburdedn\n|-message|Kaizo Block 6000 lost due to inactivity.\n|\n|win|Grizzly FNAF\n|raw|Kaizo Block 6000's rating: 1212 &rarr; <strong>1180<\/strong><br \/>(-32 for losing)\n|raw|Grizzly FNAF's rating: 1116 &rarr; <strong>1148<\/strong><br \/>(+32 for winning)\n","uploadtime":1700079765,"views":4,"p1id":"kaizoblock6000","p2id":"grizzlyfnaf","formatid":"gen9nationaldex","rating":1148,"private":0,"password":""}