{"id":"gen9nationaldex-1997943579","p1":"WonderOff","p2":"DemonGenesis","format":"[Gen 9] National Dex","log":"|html|<div class=\"broadcast-blue\"><strong>[Gen 9] National Dex is currently suspecting Sneasler! For information on how to participate check out the <a href=\"https:\/\/www.smogon.com\/forums\/threads\/sv-national-dex-suspect-8-just-dance.3731534\/\">suspect thread<\/a>.<\/strong><\/div>\n|j|\u2606WonderOff\n|j|\u2606DemonGenesis\n|t:|1700870349\n|gametype|singles\n|player|p1|WonderOff|flannery|1052\n|player|p2|DemonGenesis|cyrus|1119\n|teamsize|p1|6\n|teamsize|p2|6\n|gen|9\n|tier|[Gen 9] National Dex\n|rated|\n|rule|HP Percentage Mod: HP is shown in percentages\n|rule|Endless Battle Clause: Forcing endless battles is banned\n|rule|OHKO Clause: OHKO moves are banned\n|rule|Evasion Clause: Evasion abilities, items, and moves are banned\n|rule|Evasion Abilities Clause: Evasion abilities are banned\n|rule|Evasion Items Clause: Evasion items are banned\n|rule|Evasion Moves Clause: Evasion moves are banned\n|rule|Species Clause: Limit one of each Pok\u00e9mon\n|rule|Sleep Clause Mod: Limit one foe put to sleep\n|clearpoke\n|poke|p1|Decidueye, M|\n|poke|p1|Incineroar, M|\n|poke|p1|Primarina, F|\n|poke|p1|Ribombee, M|\n|poke|p1|Kommo-o, M|\n|poke|p1|Drampa, F|\n|poke|p2|Pelipper, F|\n|poke|p2|Muk, M|\n|poke|p2|Seviper, F|\n|poke|p2|Manectric, F|\n|poke|p2|Crobat, F|\n|poke|p2|Sharpedo, M|\n|teampreview\n|\n|t:|1700870356\n|start\n|switch|p1a: Ribombee|Ribombee, M|100\/100\n|switch|p2a: Pelipper|Pelipper, F|100\/100\n|-weather|RainDance|[from] ability: Drizzle|[of] p2a: Pelipper\n|turn|1\n|\n|t:|1700870360\n|move|p2a: Pelipper|Hurricane|p1a: Ribombee\n|-supereffective|p1a: Ribombee\n|-enditem|p1a: Ribombee|Focus Sash\n|-damage|p1a: Ribombee|1\/100\n|move|p1a: Ribombee|Sticky Web|p2a: Pelipper\n|-sidestart|p2: DemonGenesis|move: Sticky Web\n|\n|-weather|RainDance|[upkeep]\n|upkeep\n|turn|2\n|\n|t:|1700870370\n|move|p2a: Pelipper|Hurricane|p1a: Ribombee\n|-supereffective|p1a: Ribombee\n|-damage|p1a: Ribombee|0 fnt\n|faint|p1a: Ribombee\n|\n|-weather|RainDance|[upkeep]\n|upkeep\n|\n|t:|1700870376\n|switch|p1a: Primarina|Primarina, F|100\/100\n|turn|3\n|\n|t:|1700870380\n|move|p2a: Pelipper|Hurricane|p1a: Primarina\n|-damage|p1a: Primarina|63\/100\n|move|p1a: Primarina|Moonblast|p2a: Pelipper\n|-damage|p2a: Pelipper|12\/100\n|\n|-weather|RainDance|[upkeep]\n|upkeep\n|turn|4\n|\n|t:|1700870388\n|switch|p2a: Crobat|Crobat, F|100\/100\n|move|p1a: Primarina|Moonblast|p2a: Crobat\n|-resisted|p2a: Crobat\n|-damage|p2a: Crobat|66\/100\n|\n|-weather|RainDance|[upkeep]\n|upkeep\n|turn|5\n|\n|t:|1700870393\n|move|p2a: Crobat|Cross Poison|p1a: Primarina\n|-supereffective|p1a: Primarina\n|-damage|p1a: Primarina|0 fnt\n|-damage|p2a: Crobat|49\/100|[from] item: Rocky Helmet|[of] p1a: Primarina\n|faint|p1a: Primarina\n|\n|-weather|none\n|upkeep\n|\n|t:|1700870400\n|switch|p1a: Drampa|Drampa, F|100\/100\n|-ability|p1a: Drampa|Cloud Nine\n|turn|6\n|\n|t:|1700870407\n|move|p2a: Crobat|Acrobatics|p1a: Drampa\n|-damage|p1a: Drampa|53\/100\n|move|p1a: Drampa|Ice Beam|p2a: Crobat\n|-supereffective|p2a: Crobat\n|-damage|p2a: Crobat|0 fnt\n|faint|p2a: Crobat\n|\n|-heal|p1a: Drampa|59\/100|[from] item: Leftovers\n|upkeep\n|\n|t:|1700870418\n|switch|p2a: Manectric|Manectric, F|100\/100\n|-activate|p2a: Manectric|move: Sticky Web\n|-unboost|p2a: Manectric|spe|1\n|turn|7\n|\n|t:|1700870423\n|move|p2a: Manectric|Light Screen|p2a: Manectric\n|-sidestart|p2: DemonGenesis|move: Light Screen\n|move|p1a: Drampa|Flamethrower|p2a: Manectric\n|-damage|p2a: Manectric|68\/100\n|\n|-heal|p1a: Drampa|65\/100|[from] item: Leftovers\n|upkeep\n|turn|8\n|\n|t:|1700870428\n|move|p2a: Manectric|Signal Beam|p1a: Drampa\n|-damage|p1a: Drampa|42\/100\n|move|p1a: Drampa|Thunderbolt|p2a: Manectric\n|-resisted|p2a: Manectric\n|-damage|p2a: Manectric|52\/100\n|\n|-heal|p1a: Drampa|48\/100|[from] item: Leftovers\n|upkeep\n|turn|9\n|\n|t:|1700870435\n|move|p2a: Manectric|Volt Switch|p1a: Drampa\n|-resisted|p1a: Drampa\n|-damage|p1a: Drampa|30\/100\n|\n|t:|1700870441\n|switch|p2a: Pelipper|Pelipper, F|12\/100|[from] Volt Switch\n|-weather|RainDance|[from] ability: Drizzle|[of] p2a: Pelipper\n|move|p1a: Drampa|Ice Beam|p2a: Pelipper\n|-damage|p2a: Pelipper|0 fnt\n|faint|p2a: Pelipper\n|\n|-weather|RainDance|[upkeep]\n|-heal|p1a: Drampa|36\/100|[from] item: Leftovers\n|upkeep\n|\n|t:|1700870447\n|switch|p2a: Sharpedo|Sharpedo, M|100\/100\n|-activate|p2a: Sharpedo|move: Sticky Web\n|-unboost|p2a: Sharpedo|spe|1\n|turn|10\n|\n|t:|1700870454\n|move|p2a: Sharpedo|Crunch|p1a: Drampa\n|-damage|p1a: Drampa|0 fnt\n|faint|p1a: Drampa\n|\n|-weather|RainDance|[upkeep]\n|-ability|p2a: Sharpedo|Speed Boost|boost\n|-boost|p2a: Sharpedo|spe|1\n|upkeep\n|\n|t:|1700870464\n|switch|p1a: Decidueye|Decidueye, M, shiny|100\/100\n|turn|11\n|\n|t:|1700870470\n|move|p2a: Sharpedo|Protect|p2a: Sharpedo\n|-singleturn|p2a: Sharpedo|Protect\n|move|p1a: Decidueye|Leaf Blade|p2a: Sharpedo\n|-activate|p2a: Sharpedo|move: Protect\n|\n|-weather|RainDance|[upkeep]\n|-sideend|p2: DemonGenesis|move: Light Screen\n|-ability|p2a: Sharpedo|Speed Boost|boost\n|-boost|p2a: Sharpedo|spe|1\n|upkeep\n|turn|12\n|\n|t:|1700870476\n|detailschange|p2a: Sharpedo|Sharpedo-Mega, M\n|-mega|p2a: Sharpedo|Sharpedo|Sharpedonite\n|move|p2a: Sharpedo|Crunch|p1a: Decidueye\n|-supereffective|p1a: Decidueye\n|-damage|p1a: Decidueye|0 fnt\n|faint|p1a: Decidueye\n|\n|-weather|RainDance|[upkeep]\n|upkeep\n|\n|t:|1700870481\n|switch|p1a: Kommo-o|Kommo-o, M|100\/100\n|turn|13\n|\n|t:|1700870492\n|-terastallize|p1a: Kommo-o|Steel\n|move|p2a: Sharpedo|Psychic Fangs|p1a: Kommo-o\n|-resisted|p1a: Kommo-o\n|-damage|p1a: Kommo-o|77\/100\n|move|p1a: Kommo-o|Clanging Scales|p2a: Sharpedo\n|-crit|p2a: Sharpedo\n|-damage|p2a: Sharpedo|2\/100\n|-unboost|p1a: Kommo-o|def|1\n|\n|-weather|none\n|upkeep\n|turn|14\n|-message|WonderOff forfeited.\n|\n|win|DemonGenesis\n|raw|WonderOff's rating: 1052 &rarr; <strong>1038<\/strong><br \/>(-14 for losing)\n|raw|DemonGenesis's rating: 1119 &rarr; <strong>1139<\/strong><br \/>(+20 for winning)\n|l|\u2606WonderOff\n","uploadtime":1700870511,"views":6,"p1id":"wonderoff","p2id":"demongenesis","formatid":"gen9nationaldex","rating":1038,"private":0,"password":""}