{"id":"gen9nationaldex-1994491332","p1":"zhiyinge","p2":"Plobistinator","format":"[Gen 9] National Dex","log":"|j|\u2606zhiyinge\n|j|\u2606Plobistinator\n|t:|1700450149\n|gametype|singles\n|player|p1|zhiyinge|102|1228\n|player|p2|Plobistinator|baker|1227\n|teamsize|p1|6\n|teamsize|p2|6\n|gen|9\n|tier|[Gen 9] National Dex\n|rated|\n|rule|HP Percentage Mod: HP is shown in percentages\n|rule|Endless Battle Clause: Forcing endless battles is banned\n|rule|OHKO Clause: OHKO moves are banned\n|rule|Evasion Clause: Evasion abilities, items, and moves are banned\n|rule|Evasion Abilities Clause: Evasion abilities are banned\n|rule|Evasion Items Clause: Evasion items are banned\n|rule|Evasion Moves Clause: Evasion moves are banned\n|rule|Species Clause: Limit one of each Pok\u00e9mon\n|rule|Sleep Clause Mod: Limit one foe put to sleep\n|clearpoke\n|poke|p1|Garchomp, M|\n|poke|p1|Ferrothorn, M|\n|poke|p1|Lopunny, M|\n|poke|p1|Moltres|\n|poke|p1|Slowking-Galar, F|\n|poke|p1|Kyurem|\n|poke|p2|Slurpuff, M|\n|poke|p2|Aegislash, F|\n|poke|p2|Charizard, M|\n|poke|p2|Flygon, M|\n|poke|p2|Nidoking, M|\n|poke|p2|Milotic, M|\n|teampreview\n|\n|t:|1700450159\n|start\n|switch|p1a: Garchomp|Garchomp, M|100\/100\n|switch|p2a: Slurpuff|Slurpuff, M|100\/100\n|turn|1\n|\n|t:|1700450166\n|switch|p1a: Ferrothorn|Ferrothorn, M|100\/100\n|move|p2a: Slurpuff|Sticky Web|p1a: Ferrothorn\n|-sidestart|p1: zhiyinge|move: Sticky Web\n|\n|upkeep\n|turn|2\n|\n|t:|1700450178\n|switch|p2a: Nidoking|Nidoking, M|100\/100\n|move|p1a: Ferrothorn|Spikes|p2a: Nidoking\n|-sidestart|p2: Plobistinator|Spikes\n|\n|upkeep\n|turn|3\n|\n|t:|1700450193\n|switch|p1a: Moltres|Moltres|100\/100\n|move|p2a: Nidoking|Flamethrower|p1a: Moltres\n|-resisted|p1a: Moltres\n|-damage|p1a: Moltres|79\/100\n|\n|upkeep\n|turn|4\n|\n|t:|1700450202\n|move|p2a: Nidoking|Sludge Bomb|p1a: Moltres\n|-damage|p1a: Moltres|13\/100\n|move|p1a: Moltres|Scorching Sands|p2a: Nidoking\n|-supereffective|p2a: Nidoking\n|-damage|p2a: Nidoking|44\/100\n|\n|upkeep\n|turn|5\n|\n|t:|1700450241\n|switch|p1a: Ferrothorn|Ferrothorn, M|100\/100\n|-activate|p1a: Ferrothorn|move: Sticky Web\n|-unboost|p1a: Ferrothorn|spe|1\n|move|p2a: Nidoking|Flamethrower|p1a: Ferrothorn\n|-supereffective|p1a: Ferrothorn\n|-damage|p1a: Ferrothorn|0 fnt\n|faint|p1a: Ferrothorn\n|\n|upkeep\n|\n|t:|1700450261\n|switch|p1a: Lopunny|Lopunny, M|100\/100\n|-activate|p1a: Lopunny|move: Sticky Web\n|-unboost|p1a: Lopunny|spe|1\n|turn|6\n|\n|t:|1700450270\n|switch|p2a: Slurpuff|Slurpuff, M|100\/100\n|-damage|p2a: Slurpuff|88\/100|[from] Spikes\n|detailschange|p1a: Lopunny|Lopunny-Mega, M\n|-mega|p1a: Lopunny|Lopunny|Lopunnite\n|move|p1a: Lopunny|Fake Out|p2a: Slurpuff\n|-damage|p2a: Slurpuff|61\/100\n|\n|upkeep\n|turn|7\n|\n|t:|1700450280\n|switch|p1a: Moltres|Moltres|13\/100\n|move|p2a: Slurpuff|Misty Explosion|p1a: Moltres\n|-resisted|p1a: Moltres\n|-damage|p1a: Moltres|0 fnt\n|faint|p2a: Slurpuff\n|faint|p1a: Moltres\n|\n|upkeep\n|\n|t:|1700450301\n|switch|p2a: Milotic|Milotic, M|100\/100\n|switch|p1a: Kyurem|Kyurem|100\/100\n|-activate|p1a: Kyurem|move: Sticky Web\n|-unboost|p1a: Kyurem|spe|1\n|-ability|p1a: Kyurem|Pressure\n|-damage|p2a: Milotic|88\/100|[from] Spikes\n|turn|8\n|\n|t:|1700450312\n|move|p1a: Kyurem|Freeze-Dry|p2a: Milotic\n|-supereffective|p2a: Milotic\n|-damage|p2a: Milotic|16\/100\n|move|p2a: Milotic|Toxic|p1a: Kyurem\n|-status|p1a: Kyurem|tox\n|\n|-heal|p2a: Milotic|22\/100|[from] item: Leftovers\n|-damage|p1a: Kyurem|94\/100 tox|[from] psn\n|upkeep\n|turn|9\n|\n|t:|1700450324\n|switch|p1a: Garchomp|Garchomp, M|100\/100\n|-activate|p1a: Garchomp|move: Sticky Web\n|-unboost|p1a: Garchomp|spe|1\n|switch|p2a: Aegislash|Aegislash, F|100\/100\n|-damage|p2a: Aegislash|88\/100|[from] Spikes\n|\n|-heal|p2a: Aegislash|94\/100|[from] item: Leftovers\n|upkeep\n|turn|10\n|\n|t:|1700450334\n|switch|p2a: Charizard|Charizard, M|100\/100\n|move|p1a: Garchomp|Stealth Rock|p2a: Charizard\n|-sidestart|p2: Plobistinator|move: Stealth Rock\n|\n|upkeep\n|turn|11\n|\n|t:|1700450342\n|detailschange|p2a: Charizard|Charizard-Mega-Y, M\n|-mega|p2a: Charizard|Charizard|Charizardite Y\n|-weather|SunnyDay|[from] ability: Drought|[of] p2a: Charizard\n|move|p2a: Charizard|Air Slash|p1a: Garchomp\n|-damage|p1a: Garchomp|53\/100\n|-zpower|p1a: Garchomp\n|move|p1a: Garchomp|Devastating Drake|p2a: Charizard|[zeffect]\n|-damage|p2a: Charizard|0 fnt\n|faint|p2a: Charizard\n|\n|-weather|SunnyDay|[upkeep]\n|upkeep\n|\n|t:|1700450354\n|switch|p2a: Nidoking|Nidoking, M|44\/100\n|-damage|p2a: Nidoking|32\/100|[from] Spikes\n|-damage|p2a: Nidoking|26\/100|[from] Stealth Rock\n|turn|12\n|\n|t:|1700450372\n|switch|p1a: Slowking|Slowking-Galar, F|100\/100\n|move|p2a: Nidoking|Ice Beam|p1a: Slowking\n|-damage|p1a: Slowking|76\/100\n|\n|-weather|SunnyDay|[upkeep]\n|upkeep\n|turn|13\n|\n|t:|1700450385\n|move|p2a: Nidoking|Earth Power|p1a: Slowking\n|-supereffective|p1a: Slowking\n|-crit|p1a: Slowking\n|-damage|p1a: Slowking|0 fnt\n|faint|p1a: Slowking\n|\n|-weather|SunnyDay|[upkeep]\n|upkeep\n|\n|t:|1700450393\n|switch|p1a: Lopunny|Lopunny-Mega, M|100\/100\n|-activate|p1a: Lopunny|move: Sticky Web\n|-unboost|p1a: Lopunny|spe|1\n|turn|14\n|\n|t:|1700450399\n|move|p1a: Lopunny|Fake Out|p2a: Nidoking\n|-damage|p2a: Nidoking|0 fnt\n|faint|p2a: Nidoking\n|\n|-weather|SunnyDay|[upkeep]\n|upkeep\n|\n|t:|1700450403\n|switch|p2a: Flygon|Flygon, M|100\/100\n|turn|15\n|\n|t:|1700450422\n|switch|p1a: Kyurem|Kyurem|94\/100 tox\n|-activate|p1a: Kyurem|move: Sticky Web\n|-unboost|p1a: Kyurem|spe|1\n|-ability|p1a: Kyurem|Pressure\n|move|p2a: Flygon|Dual Wingbeat|p1a: Kyurem\n|-damage|p1a: Kyurem|83\/100 tox\n|-damage|p1a: Kyurem|71\/100 tox\n|-hitcount|p1a: Kyurem|2\n|\n|-weather|none\n|-damage|p1a: Kyurem|65\/100 tox|[from] psn\n|upkeep\n|turn|16\n|\n|t:|1700450437\n|-terastallize|p2a: Flygon|Steel\n|move|p2a: Flygon|Earthquake|p1a: Kyurem\n|-damage|p1a: Kyurem|26\/100 tox\n|move|p1a: Kyurem|Freeze-Dry|p2a: Flygon\n|-resisted|p2a: Flygon\n|-damage|p2a: Flygon|66\/100\n|\n|-damage|p1a: Kyurem|14\/100 tox|[from] psn\n|upkeep\n|turn|17\n|\n|t:|1700450451\n|move|p2a: Flygon|Earthquake|p1a: Kyurem\n|-damage|p1a: Kyurem|0 fnt\n|faint|p1a: Kyurem\n|\n|upkeep\n|\n|t:|1700450456\n|switch|p1a: Garchomp|Garchomp, M|53\/100\n|-activate|p1a: Garchomp|move: Sticky Web\n|-unboost|p1a: Garchomp|spe|1\n|turn|18\n|\n|t:|1700450462\n|move|p2a: Flygon|Earthquake|p1a: Garchomp\n|-damage|p1a: Garchomp|10\/100\n|move|p1a: Garchomp|Earthquake|p2a: Flygon\n|-immune|p2a: Flygon|[from] ability: Levitate\n|\n|upkeep\n|turn|19\n|\n|t:|1700450477\n|move|p2a: Flygon|Earthquake|p1a: Garchomp\n|-damage|p1a: Garchomp|0 fnt\n|faint|p1a: Garchomp\n|\n|upkeep\n|\n|t:|1700450482\n|switch|p1a: Lopunny|Lopunny-Mega, M|100\/100\n|-activate|p1a: Lopunny|move: Sticky Web\n|-unboost|p1a: Lopunny|spe|1\n|turn|20\n|\n|t:|1700450487\n|move|p1a: Lopunny|Fake Out|p2a: Flygon\n|-resisted|p2a: Flygon\n|-damage|p2a: Flygon|52\/100\n|cant|p2a: Flygon|flinch\n|\n|upkeep\n|turn|21\n|\n|t:|1700450493\n|move|p2a: Flygon|Dual Wingbeat|p1a: Lopunny\n|-supereffective|p1a: Lopunny\n|-damage|p1a: Lopunny|72\/100\n|-supereffective|p1a: Lopunny\n|-damage|p1a: Lopunny|39\/100\n|-hitcount|p1a: Lopunny|2\n|move|p1a: Lopunny|Close Combat|p2a: Flygon\n|-supereffective|p2a: Flygon\n|-damage|p2a: Flygon|0 fnt\n|-unboost|p1a: Lopunny|def|1\n|-unboost|p1a: Lopunny|spd|1\n|faint|p2a: Flygon\n|\n|upkeep\n|\n|t:|1700450498\n|switch|p2a: Aegislash|Aegislash, F|94\/100\n|-damage|p2a: Aegislash|82\/100|[from] Spikes\n|-damage|p2a: Aegislash|76\/100|[from] Stealth Rock\n|turn|22\n|-message|zhiyinge forfeited.\n|\n|win|Plobistinator\n|raw|zhiyinge's rating: 1228 &rarr; <strong>1203<\/strong><br \/>(-25 for losing)\n|raw|Plobistinator's rating: 1227 &rarr; <strong>1252<\/strong><br \/>(+25 for winning)\n|l|\u2606zhiyinge\n","uploadtime":1700450510,"views":5,"p1id":"zhiyinge","p2id":"plobistinator","formatid":"gen9nationaldex","rating":1203,"private":0,"password":""}