{"id":"gen9nationaldex-2000395001","p1":"MrLukis","p2":"Torrente777","format":"[Gen 9] National Dex","log":"|html|<div class=\"broadcast-blue\"><strong>[Gen 9] National Dex is currently suspecting Sneasler! For information on how to participate check out the <a href=\"https:\/\/www.smogon.com\/forums\/threads\/sv-national-dex-suspect-8-just-dance.3731534\/\">suspect thread<\/a>.<\/strong><\/div>\n|j|\u2606MrLukis\n|j|\u2606Torrente777\n|t:|1701191199\n|gametype|singles\n|player|p1|MrLukis|hugh|\n|player|p2|Torrente777|biker-gen4|\n|teamsize|p1|6\n|teamsize|p2|6\n|gen|9\n|tier|[Gen 9] National Dex\n|rule|HP Percentage Mod: HP is shown in percentages\n|rule|Endless Battle Clause: Forcing endless battles is banned\n|rule|OHKO Clause: OHKO moves are banned\n|rule|Evasion Clause: Evasion abilities, items, and moves are banned\n|rule|Evasion Abilities Clause: Evasion abilities are banned\n|rule|Evasion Items Clause: Evasion items are banned\n|rule|Evasion Moves Clause: Evasion moves are banned\n|rule|Species Clause: Limit one of each Pok\u00e9mon\n|rule|Sleep Clause Mod: Limit one foe put to sleep\n|clearpoke\n|poke|p1|Wigglytuff, M|\n|poke|p1|Dragonite, M|\n|poke|p1|Feraligatr, M|\n|poke|p1|Slaking, M|\n|poke|p1|Hydreigon, M|\n|poke|p1|Azumarill, M|\n|poke|p2|Sandaconda, M|\n|poke|p2|Chesnaught, M|\n|poke|p2|Sableye, M|\n|poke|p2|Crawdaunt, F|\n|poke|p2|Munkidori, M|\n|poke|p2|Clodsire, M|\n|teampreview\n|inactive|Battle timer is ON: inactive players will automatically lose when time's up. (requested by MrLukis)\n|\n|t:|1701191216\n|start\n|switch|p1a: Drag0nite|Feraligatr, M|100\/100\n|switch|p2a: Quagsire hacendado|Clodsire, M|100\/100\n|turn|1\n|c|\u2606Torrente777|ya llevas un equipo de verdad\n|\n|t:|1701191224\n|move|p1a: Drag0nite|Dragon Dance|p1a: Drag0nite\n|-boost|p1a: Drag0nite|atk|1\n|-boost|p1a: Drag0nite|spe|1\n|move|p2a: Quagsire hacendado|Toxic Spikes|p1a: Drag0nite\n|-sidestart|p1: MrLukis|move: Toxic Spikes\n|\n|upkeep\n|turn|2\n|c|\u2606MrLukis|el equipo cervecera\n|\n|t:|1701191236\n|move|p1a: Drag0nite|Ice Punch|p2a: Quagsire hacendado\n|-supereffective|p2a: Quagsire hacendado\n|-damage|p2a: Quagsire hacendado|39\/100\n|move|p2a: Quagsire hacendado|Haze|p2a: Quagsire hacendado\n|-clearallboost\n|\n|-heal|p2a: Quagsire hacendado|45\/100|[from] item: Black Sludge\n|upkeep\n|turn|3\n|\n|t:|1701191247\n|move|p1a: Drag0nite|Earthquake|p2a: Quagsire hacendado\n|-supereffective|p2a: Quagsire hacendado\n|-damage|p2a: Quagsire hacendado|0 fnt\n|faint|p2a: Quagsire hacendado\n|\n|upkeep\n|\n|t:|1701191256\n|switch|p2a: Chesnaught|Chesnaught, M|100\/100\n|turn|4\n|\n|t:|1701191262\n|-terastallize|p1a: Drag0nite|Electric\n|move|p1a: Drag0nite|Dragon Dance|p1a: Drag0nite\n|-boost|p1a: Drag0nite|atk|1\n|-boost|p1a: Drag0nite|spe|1\n|move|p2a: Chesnaught|Iron Defense|p2a: Chesnaught\n|-boost|p2a: Chesnaught|def|2\n|\n|upkeep\n|turn|5\n|\n|t:|1701191272\n|move|p1a: Drag0nite|Ice Punch|p2a: Chesnaught\n|-supereffective|p2a: Chesnaught\n|-damage|p2a: Chesnaught|56\/100\n|move|p2a: Chesnaught|Iron Defense|p2a: Chesnaught\n|-boost|p2a: Chesnaught|def|2\n|\n|-heal|p2a: Chesnaught|62\/100|[from] item: Leftovers\n|upkeep\n|turn|6\n|c|\u2606Torrente777|hice mal al chesnaught\n|c|\u2606MrLukis|y\n|\n|t:|1701191293\n|move|p1a: Drag0nite|Ice Punch|p2a: Chesnaught\n|-supereffective|p2a: Chesnaught\n|-damage|p2a: Chesnaught|34\/100\n|move|p2a: Chesnaught|Trailblaze|p1a: Drag0nite\n|-damage|p1a: Drag0nite|76\/100\n|-boost|p2a: Chesnaught|spe|1\n|-enditem|p1a: Drag0nite|Red Card|[of] p2a: Chesnaught\n|drag|p2a: Sandaconda|Sandaconda, M, shiny|100\/100\n|\n|upkeep\n|turn|7\n|\n|t:|1701191304\n|move|p1a: Drag0nite|Waterfall|p2a: Sandaconda\n|-supereffective|p2a: Sandaconda\n|-damage|p2a: Sandaconda|0 fnt\n|faint|p2a: Sandaconda\n|\n|upkeep\n|\n|t:|1701191313\n|switch|p2a: Chesnaught|Chesnaught, M|34\/100\n|turn|8\n|\n|t:|1701191319\n|move|p1a: Drag0nite|Ice Punch|p2a: Chesnaught\n|-supereffective|p2a: Chesnaught\n|-damage|p2a: Chesnaught|0 fnt\n|faint|p2a: Chesnaught\n|\n|upkeep\n|\n|t:|1701191328\n|switch|p2a: Sableye|Sableye, M|100\/100\n|turn|9\n|\n|t:|1701191333\n|move|p2a: Sableye|Will-O-Wisp|p1a: Drag0nite\n|-status|p1a: Drag0nite|brn\n|move|p1a: Drag0nite|Waterfall|p2a: Sableye\n|-damage|p2a: Sableye|58\/100\n|\n|-heal|p2a: Sableye|64\/100|[from] item: Leftovers\n|-damage|p1a: Drag0nite|70\/100 brn|[from] brn\n|upkeep\n|turn|10\n|\n|t:|1701191348\n|move|p2a: Sableye|Encore|p1a: Drag0nite\n|-start|p1a: Drag0nite|Encore\n|move|p1a: Drag0nite|Waterfall|p2a: Sableye\n|-damage|p2a: Sableye|17\/100\n|\n|-heal|p2a: Sableye|24\/100|[from] item: Leftovers\n|-damage|p1a: Drag0nite|64\/100 brn|[from] brn\n|upkeep\n|turn|11\n|\n|t:|1701191356\n|switch|p2a: Crawdaunt|Crawdaunt, F|100\/100\n|move|p1a: Drag0nite|Waterfall|p2a: Crawdaunt\n|-resisted|p2a: Crawdaunt\n|-damage|p2a: Crawdaunt|71\/100\n|\n|-damage|p1a: Drag0nite|58\/100 brn|[from] brn\n|upkeep\n|turn|12\n|\n|t:|1701191366\n|move|p1a: Drag0nite|Waterfall|p2a: Crawdaunt\n|-resisted|p2a: Crawdaunt\n|-damage|p2a: Crawdaunt|44\/100\n|move|p2a: Crawdaunt|Dragon Dance|p2a: Crawdaunt\n|-boost|p2a: Crawdaunt|atk|1\n|-boost|p2a: Crawdaunt|spe|1\n|\n|-damage|p1a: Drag0nite|52\/100 brn|[from] brn\n|-end|p1a: Drag0nite|Encore\n|upkeep\n|turn|13\n|c|\u2606MrLukis|sigue funcionando\n|\n|t:|1701191384\n|move|p1a: Drag0nite|Waterfall|p2a: Crawdaunt\n|-resisted|p2a: Crawdaunt\n|-damage|p2a: Crawdaunt|18\/100\n|move|p2a: Crawdaunt|X-Scissor|p1a: Drag0nite\n|-damage|p1a: Drag0nite|0 fnt\n|faint|p1a: Drag0nite\n|-damage|p2a: Crawdaunt|8\/100|[from] item: Life Orb\n|\n|upkeep\n|\n|t:|1701191391\n|switch|p1a: Lukis|Azumarill, M, shiny|100\/100\n|-status|p1a: Lukis|psn\n|turn|14\n|\n|t:|1701191396\n|move|p1a: Lukis|Aqua Jet|p2a: Crawdaunt\n|-resisted|p2a: Crawdaunt\n|-damage|p2a: Crawdaunt|0 fnt\n|faint|p2a: Crawdaunt\n|\n|-damage|p1a: Lukis|88\/100 psn|[from] psn\n|upkeep\n|\n|t:|1701191403\n|switch|p2a: Macaqui\u00f1o|Munkidori, M|100\/100\n|turn|15\n|\n|t:|1701191407\n|move|p1a: Lukis|Aqua Jet|p2a: Macaqui\u00f1o\n|-damage|p2a: Macaqui\u00f1o|62\/100\n|move|p2a: Macaqui\u00f1o|Sludge Bomb|p1a: Lukis\n|-supereffective|p1a: Lukis\n|-damage|p1a: Lukis|0 fnt\n|faint|p1a: Lukis\n|\n|upkeep\n|\n|t:|1701191413\n|switch|p1a: Barriga Empanadera|Slaking, M|100\/100\n|-status|p1a: Barriga Empanadera|psn\n|turn|16\n|\n|t:|1701191421\n|-terastallize|p2a: Macaqui\u00f1o|Poison\n|move|p1a: Barriga Empanadera|Earthquake|p2a: Macaqui\u00f1o\n|-supereffective|p2a: Macaqui\u00f1o\n|-damage|p2a: Macaqui\u00f1o|0 fnt\n|faint|p2a: Macaqui\u00f1o\n|\n|-damage|p1a: Barriga Empanadera|88\/100 psn|[from] psn\n|upkeep\n|\n|t:|1701191428\n|switch|p2a: Sableye|Sableye, M|24\/100\n|turn|17\n|c|\u2606MrLukis|te voy a ser sincero wolfie\n|\n|t:|1701191434\n|move|p2a: Sableye|Recover|p2a: Sableye\n|-heal|p2a: Sableye|74\/100\n|cant|p1a: Barriga Empanadera|ability: Truant\n|\n|-heal|p2a: Sableye|80\/100|[from] item: Leftovers\n|-damage|p1a: Barriga Empanadera|76\/100 psn|[from] psn\n|upkeep\n|turn|18\n|\n|t:|1701191445\n|switch|p1a: Barriga Croquetera|Hydreigon, M, shiny|100\/100\n|move|p2a: Sableye|Protect||[still]\n|-fail|p2a: Sableye\n|\n|-heal|p2a: Sableye|86\/100|[from] item: Leftovers\n|upkeep\n|turn|19\n|\n|t:|1701191453\n|switch|p1a: Barriga Empanadera|Slaking, M|76\/100 psn\n|move|p2a: Sableye|Encore||[still]\n|-fail|p2a: Sableye\n|\n|-heal|p2a: Sableye|92\/100|[from] item: Leftovers\n|-damage|p1a: Barriga Empanadera|63\/100 psn|[from] psn\n|upkeep\n|turn|20\n|\n|t:|1701191461\n|switch|p1a: Gran Bluff|Wigglytuff, M|100\/100\n|-status|p1a: Gran Bluff|psn\n|move|p2a: Sableye|Protect||[still]\n|-fail|p2a: Sableye\n|\n|-heal|p2a: Sableye|98\/100|[from] item: Leftovers\n|-damage|p1a: Gran Bluff|88\/100 psn|[from] psn\n|upkeep\n|turn|21\n|\n|t:|1701191475\n|move|p2a: Sableye|Protect|p2a: Sableye\n|-singleturn|p2a: Sableye|Protect\n|move|p1a: Gran Bluff|Dazzling Gleam|p2a: Sableye\n|-activate|p2a: Sableye|move: Protect\n|\n|-heal|p2a: Sableye|100\/100|[from] item: Leftovers\n|-damage|p1a: Gran Bluff|76\/100 psn|[from] psn\n|upkeep\n|turn|22\n|\n|t:|1701191486\n|move|p2a: Sableye|Recover||[still]\n|-fail|p2a: Sableye|heal\n|move|p1a: Gran Bluff|Dazzling Gleam|p2a: Sableye\n|-supereffective|p2a: Sableye\n|-damage|p2a: Sableye|0 fnt\n|faint|p2a: Sableye\n|\n|win|MrLukis\n|c|\u2606MrLukis|ahi llega el gran bluff\n","uploadtime":1701191500,"views":1,"p1id":"mrlukis","p2id":"torrente777","formatid":"gen9nationaldex","rating":0,"private":0,"password":""}