{"id":"gen9nationaldex-1988676773","p1":"PL_specter","p2":"Ralsei Hatty","format":"[Gen 9] National Dex","log":"|j|\u2606PL_specter\n|j|\u2606Ralsei Hatty\n|t:|1699749398\n|gametype|singles\n|player|p1|PL_specter|hilbert-wonderlauncher|1183\n|player|p2|Ralsei Hatty|kieran|1278\n|teamsize|p1|6\n|teamsize|p2|6\n|gen|9\n|tier|[Gen 9] National Dex\n|rated|\n|rule|HP Percentage Mod: HP is shown in percentages\n|rule|Endless Battle Clause: Forcing endless battles is banned\n|rule|OHKO Clause: OHKO moves are banned\n|rule|Evasion Clause: Evasion abilities, items, and moves are banned\n|rule|Evasion Abilities Clause: Evasion abilities are banned\n|rule|Evasion Items Clause: Evasion items are banned\n|rule|Evasion Moves Clause: Evasion moves are banned\n|rule|Species Clause: Limit one of each Pok\u00e9mon\n|rule|Sleep Clause Mod: Limit one foe put to sleep\n|clearpoke\n|poke|p1|Swampert, F|\n|poke|p1|Pelipper, F|\n|poke|p1|Samurott-Hisui, M|\n|poke|p1|Keldeo-Resolute|\n|poke|p1|Rotom-Wash|\n|poke|p1|Ferrothorn, M|\n|poke|p2|Golisopod, M|\n|poke|p2|Lopunny, M|\n|poke|p2|Haxorus, M|\n|poke|p2|Tapu Lele|\n|poke|p2|Dragonite, F|\n|poke|p2|Sneasler, F|\n|teampreview\n|\n|t:|1699749407\n|start\n|switch|p1a: Pelipper|Pelipper, F, shiny|100\/100\n|switch|p2a: Tboltz|Haxorus, M, shiny|100\/100\n|-ability|p2a: Tboltz|Mold Breaker\n|-weather|RainDance|[from] ability: Drizzle|[of] p1a: Pelipper\n|turn|1\n|\n|t:|1699749416\n|move|p2a: Tboltz|Dragon Dance|p2a: Tboltz\n|-boost|p2a: Tboltz|atk|1\n|-boost|p2a: Tboltz|spe|1\n|move|p1a: Pelipper|Toxic|p2a: Tboltz|[miss]\n|-miss|p1a: Pelipper|p2a: Tboltz\n|\n|-weather|RainDance|[upkeep]\n|upkeep\n|turn|2\n|\n|t:|1699749429\n|move|p2a: Tboltz|Outrage|p1a: Pelipper\n|-damage|p1a: Pelipper|16\/100\n|move|p1a: Pelipper|Toxic|p2a: Tboltz|[miss]\n|-miss|p1a: Pelipper|p2a: Tboltz\n|\n|-weather|RainDance|[upkeep]\n|upkeep\n|turn|3\n|\n|t:|1699749438\n|move|p2a: Tboltz|Outrage|p1a: Pelipper|[from]lockedmove\n|-damage|p1a: Pelipper|0 fnt\n|faint|p1a: Pelipper\n|\n|-weather|RainDance|[upkeep]\n|upkeep\n|inactive|Battle timer is ON: inactive players will automatically lose when time's up. (requested by PL_specter)\n|\n|t:|1699749445\n|switch|p1a: Swampert|Swampert, F, shiny|100\/100\n|turn|4\n|\n|t:|1699749451\n|detailschange|p1a: Swampert|Swampert-Mega, F, shiny\n|-mega|p1a: Swampert|Swampert|Swampertite\n|move|p2a: Tboltz|Outrage|p1a: Swampert|[from]lockedmove\n|-damage|p1a: Swampert|16\/100\n|-start|p2a: Tboltz|confusion|[fatigue]\n|-enditem|p2a: Tboltz|Lum Berry|[eat]\n|-end|p2a: Tboltz|confusion\n|move|p1a: Swampert|Power-Up Punch|p2a: Tboltz\n|-damage|p2a: Tboltz|77\/100\n|-boost|p1a: Swampert|atk|1\n|\n|-weather|RainDance|[upkeep]\n|upkeep\n|turn|5\n|\n|t:|1699749467\n|move|p2a: Tboltz|Earthquake|p1a: Swampert\n|-damage|p1a: Swampert|0 fnt\n|faint|p1a: Swampert\n|\n|-weather|RainDance|[upkeep]\n|upkeep\n|\n|t:|1699749476\n|switch|p1a: Rotom|Rotom-Wash, shiny|100\/100\n|turn|6\n|\n|t:|1699749482\n|-terastallize|p2a: Tboltz|Fire\n|move|p2a: Tboltz|Dragon Dance|p2a: Tboltz\n|-boost|p2a: Tboltz|atk|1\n|-boost|p2a: Tboltz|spe|1\n|move|p1a: Rotom|Hidden Power|p2a: Tboltz\n|-resisted|p2a: Tboltz\n|-damage|p2a: Tboltz|54\/100\n|\n|-weather|RainDance|[upkeep]\n|upkeep\n|turn|7\n|\n|t:|1699749492\n|switch|p1a: Keldeo|Keldeo-Resolute|100\/100\n|move|p2a: Tboltz|Outrage|p1a: Keldeo\n|-damage|p1a: Keldeo|0 fnt\n|faint|p1a: Keldeo\n|\n|-weather|RainDance|[upkeep]\n|upkeep\n|\n|t:|1699749496\n|switch|p1a: Samurott|Samurott-Hisui, M, shiny|100\/100\n|turn|8\n|\n|t:|1699749502\n|move|p2a: Tboltz|Outrage|p1a: Samurott|[from]lockedmove\n|-damage|p1a: Samurott|0 fnt\n|faint|p1a: Samurott\n|-start|p2a: Tboltz|confusion|[fatigue]\n|\n|-weather|none\n|upkeep\n|\n|t:|1699749507\n|switch|p1a: Ferrothorn|Ferrothorn, M|100\/100\n|turn|9\n|\n|t:|1699749513\n|-activate|p2a: Tboltz|confusion\n|move|p2a: Tboltz|Tera Blast|p1a: Ferrothorn|[anim] Tera Blast Fire\n|-supereffective|p1a: Ferrothorn\n|-crit|p1a: Ferrothorn\n|-damage|p1a: Ferrothorn|0 fnt\n|faint|p1a: Ferrothorn\n|\n|upkeep\n|\n|t:|1699749517\n|switch|p1a: Rotom|Rotom-Wash, shiny|100\/100\n|turn|10\n|\n|t:|1699749523\n|-activate|p2a: Tboltz|confusion\n|move|p2a: Tboltz|Outrage|p1a: Rotom\n|-damage|p1a: Rotom|0 fnt\n|faint|p1a: Rotom\n|\n|win|Ralsei Hatty\n|raw|PL_specter's rating: 1183 &rarr; <strong>1165<\/strong><br \/>(-18 for losing)\n|raw|Ralsei Hatty's rating: 1278 &rarr; <strong>1296<\/strong><br \/>(+18 for winning)\n","uploadtime":1699749530,"views":4,"p1id":"plspecter","p2id":"ralseihatty","formatid":"gen9nationaldex","rating":1165,"private":0,"password":""}