{"id":"gen9nationaldex-1994533314","p1":"Thisis2much","p2":"Rairuu","format":"[Gen 9] National Dex","log":"|j|\u2606Thisis2much\n|j|\u2606Rairuu\n|t:|1700455695\n|gametype|singles\n|player|p1|Thisis2much|backpackerf|1132\n|player|p2|Rairuu|sabrina|1217\n|teamsize|p1|6\n|teamsize|p2|6\n|gen|9\n|tier|[Gen 9] National Dex\n|rated|\n|rule|HP Percentage Mod: HP is shown in percentages\n|rule|Endless Battle Clause: Forcing endless battles is banned\n|rule|OHKO Clause: OHKO moves are banned\n|rule|Evasion Clause: Evasion abilities, items, and moves are banned\n|rule|Evasion Abilities Clause: Evasion abilities are banned\n|rule|Evasion Items Clause: Evasion items are banned\n|rule|Evasion Moves Clause: Evasion moves are banned\n|rule|Species Clause: Limit one of each Pok\u00e9mon\n|rule|Sleep Clause Mod: Limit one foe put to sleep\n|clearpoke\n|poke|p1|Ninetales-Alola, M|\n|poke|p1|Toxapex, M|\n|poke|p1|Corviknight, M|\n|poke|p1|Gengar, M|\n|poke|p1|Nidoking, M|\n|poke|p1|Mew|\n|poke|p2|Shuckle, F|\n|poke|p2|Gardevoir, F|\n|poke|p2|Urshifu-*, M|\n|poke|p2|Magnezone|\n|poke|p2|Incineroar, M|\n|poke|p2|Kyurem|\n|teampreview\n|\n|t:|1700455717\n|start\n|switch|p1a: c\u00fcm eater|Ninetales-Alola, M|100\/100\n|switch|p2a: Shuckie|Shuckle, F|100\/100\n|-weather|Snow|[from] ability: Snow Warning|[of] p1a: c\u00fcm eater\n|turn|1\n|\n|t:|1700455727\n|move|p1a: c\u00fcm eater|Blizzard|p2a: Shuckie\n|-damage|p2a: Shuckie|71\/100\n|-enditem|p2a: Shuckie|Red Card|[of] p1a: c\u00fcm eater\n|drag|p1a: cuck enjoyer|Toxapex, M|100\/100\n|move|p2a: Shuckie|Encore||[still]\n|-fail|p2a: Shuckie\n|\n|-weather|Snow|[upkeep]\n|upkeep\n|turn|2\n|\n|t:|1700455733\n|move|p1a: cuck enjoyer|Toxic|p2a: Shuckie\n|-status|p2a: Shuckie|tox\n|move|p2a: Shuckie|Sticky Web|p1a: cuck enjoyer\n|-sidestart|p1: Thisis2much|move: Sticky Web\n|\n|-weather|Snow|[upkeep]\n|-damage|p2a: Shuckie|64\/100 tox|[from] psn\n|upkeep\n|turn|3\n|\n|t:|1700455741\n|move|p1a: cuck enjoyer|Scald|p2a: Shuckie\n|-supereffective|p2a: Shuckie\n|-damage|p2a: Shuckie|45\/100 tox\n|move|p2a: Shuckie|Encore|p1a: cuck enjoyer\n|-start|p1a: cuck enjoyer|Encore\n|\n|-weather|Snow|[upkeep]\n|-damage|p2a: Shuckie|32\/100 tox|[from] psn\n|upkeep\n|turn|4\n|\n|t:|1700455771\n|move|p1a: cuck enjoyer|Scald|p2a: Shuckie\n|-supereffective|p2a: Shuckie\n|-damage|p2a: Shuckie|13\/100 tox\n|move|p2a: Shuckie|Final Gambit|p1a: cuck enjoyer\n|-damage|p1a: cuck enjoyer|91\/100\n|faint|p2a: Shuckie\n|\n|-weather|Snow|[upkeep]\n|-heal|p1a: cuck enjoyer|97\/100|[from] item: Black Sludge\n|upkeep\n|\n|t:|1700455792\n|switch|p2a: Magnezone|Magnezone|100\/100\n|turn|5\n|\n|t:|1700455816\n|switch|p1a: Dilld\u00f6zzer|Nidoking, M|100\/100\n|-activate|p1a: Dilld\u00f6zzer|move: Sticky Web\n|-unboost|p1a: Dilld\u00f6zzer|spe|1\n|move|p2a: Magnezone|Volt Switch|p1a: Dilld\u00f6zzer\n|-immune|p1a: Dilld\u00f6zzer\n|\n|-weather|none\n|upkeep\n|turn|6\n|\n|t:|1700455862\n|switch|p2a: Urshifu|Urshifu-Rapid-Strike, M|100\/100\n|move|p1a: Dilld\u00f6zzer|Flamethrower|p2a: Urshifu\n|-resisted|p2a: Urshifu\n|-damage|p2a: Urshifu|69\/100\n|\n|upkeep\n|turn|7\n|\n|t:|1700455896\n|-terastallize|p1a: Dilld\u00f6zzer|Poison\n|move|p2a: Urshifu|Surging Strikes|p1a: Dilld\u00f6zzer\n|-crit|p1a: Dilld\u00f6zzer\n|-damage|p1a: Dilld\u00f6zzer|71\/100\n|-crit|p1a: Dilld\u00f6zzer\n|-damage|p1a: Dilld\u00f6zzer|46\/100\n|-crit|p1a: Dilld\u00f6zzer\n|-damage|p1a: Dilld\u00f6zzer|17\/100\n|-hitcount|p1a: Dilld\u00f6zzer|3\n|move|p1a: Dilld\u00f6zzer|Sludge Bomb|p2a: Urshifu\n|-crit|p2a: Urshifu\n|-damage|p2a: Urshifu|0 fnt\n|faint|p2a: Urshifu\n|\n|upkeep\n|\n|t:|1700455910\n|switch|p2a: Gardevoir|Gardevoir, F, shiny|100\/100\n|-ability|p2a: Gardevoir|Sheer Force|[from] ability: Trace|[of] p1a: Dilld\u00f6zzer\n|turn|8\n|\n|t:|1700455922\n|move|p2a: Gardevoir|Psyshock|p1a: Dilld\u00f6zzer\n|-supereffective|p1a: Dilld\u00f6zzer\n|-damage|p1a: Dilld\u00f6zzer|0 fnt\n|faint|p1a: Dilld\u00f6zzer\n|\n|upkeep\n|\n|t:|1700455925\n|switch|p1a: c\u00fcm eater|Ninetales-Alola, M|100\/100\n|-activate|p1a: c\u00fcm eater|move: Sticky Web\n|-unboost|p1a: c\u00fcm eater|spe|1\n|-weather|Snow|[from] ability: Snow Warning|[of] p1a: c\u00fcm eater\n|turn|9\n|\n|t:|1700455938\n|detailschange|p2a: Gardevoir|Gardevoir-Mega, F, shiny\n|-mega|p2a: Gardevoir|Gardevoir|Gardevoirite\n|move|p2a: Gardevoir|Mystical Fire|p1a: c\u00fcm eater\n|-supereffective|p1a: c\u00fcm eater\n|-damage|p1a: c\u00fcm eater|22\/100\n|-unboost|p1a: c\u00fcm eater|spa|1\n|move|p1a: c\u00fcm eater|Aurora Veil|p1a: c\u00fcm eater\n|-sidestart|p1: Thisis2much|move: Aurora Veil\n|\n|-weather|Snow|[upkeep]\n|upkeep\n|turn|10\n|\n|t:|1700455952\n|move|p2a: Gardevoir|Mystical Fire|p1a: c\u00fcm eater\n|-supereffective|p1a: c\u00fcm eater\n|-damage|p1a: c\u00fcm eater|0 fnt\n|faint|p1a: c\u00fcm eater\n|\n|-weather|Snow|[upkeep]\n|upkeep\n|\n|t:|1700455958\n|switch|p1a: Meow|Mew|100\/100\n|-activate|p1a: Meow|move: Sticky Web\n|-unboost|p1a: Meow|spe|1\n|turn|11\n|\n|t:|1700455975\n|switch|p2a: Incineroar|Incineroar, M|100\/100\n|-ability|p2a: Incineroar|Intimidate|boost\n|-unboost|p1a: Meow|atk|1\n|move|p1a: Meow|Calm Mind|p1a: Meow\n|-boost|p1a: Meow|spa|1\n|-boost|p1a: Meow|spd|1\n|\n|-weather|Snow|[upkeep]\n|upkeep\n|turn|12\n|\n|t:|1700455981\n|move|p2a: Incineroar|Fake Out|p1a: Meow\n|-damage|p1a: Meow|95\/100\n|cant|p1a: Meow|flinch\n|\n|-weather|Snow|[upkeep]\n|-heal|p1a: Meow|100\/100|[from] item: Leftovers\n|upkeep\n|turn|13\n|\n|t:|1700455995\n|-terastallize|p2a: Incineroar|Fire\n|move|p1a: Meow|Iron Defense|p1a: Meow\n|-boost|p1a: Meow|def|2\n|move|p2a: Incineroar|Parting Shot|p1a: Meow\n|-unboost|p1a: Meow|atk|1\n|-unboost|p1a: Meow|spa|1\n|\n|t:|1700456013\n|switch|p2a: Kyurem|Kyurem, shiny|100\/100|[from] Parting Shot\n|-ability|p2a: Kyurem|Pressure\n|\n|-weather|none\n|upkeep\n|turn|14\n|\n|t:|1700456023\n|move|p2a: Kyurem|Draco Meteor|p1a: Meow\n|-damage|p1a: Meow|85\/100\n|-unboost|p2a: Kyurem|spa|2\n|move|p1a: Meow|Calm Mind|p1a: Meow\n|-boost|p1a: Meow|spa|1\n|-boost|p1a: Meow|spd|1\n|\n|-heal|p1a: Meow|92\/100|[from] item: Leftovers\n|upkeep\n|turn|15\n|\n|t:|1700456029\n|switch|p2a: Incineroar|Incineroar, M, tera:Fire|100\/100\n|-ability|p2a: Incineroar|Intimidate|boost\n|-unboost|p1a: Meow|atk|1\n|move|p1a: Meow|Stored Power|p2a: Incineroar\n|-damage|p2a: Incineroar|38\/100\n|\n|-heal|p1a: Meow|98\/100|[from] item: Leftovers\n|upkeep\n|turn|16\n|\n|t:|1700456036\n|move|p2a: Incineroar|Fake Out|p1a: Meow\n|-damage|p1a: Meow|95\/100\n|cant|p1a: Meow|flinch\n|\n|-heal|p1a: Meow|100\/100|[from] item: Leftovers\n|-sideend|p1: Thisis2much|move: Aurora Veil\n|upkeep\n|turn|17\n|\n|t:|1700456041\n|move|p1a: Meow|Stored Power|p2a: Incineroar\n|-damage|p2a: Incineroar|0 fnt\n|faint|p2a: Incineroar\n|\n|upkeep\n|\n|t:|1700456047\n|switch|p2a: Magnezone|Magnezone|100\/100\n|turn|18\n|\n|t:|1700456050\n|move|p1a: Meow|Stored Power|p2a: Magnezone\n|-resisted|p2a: Magnezone\n|-damage|p2a: Magnezone|67\/100\n|move|p2a: Magnezone|Thunderbolt|p1a: Meow\n|-damage|p1a: Meow|77\/100\n|\n|-heal|p1a: Meow|83\/100|[from] item: Leftovers\n|upkeep\n|turn|19\n|\n|t:|1700456071\n|move|p1a: Meow|Stored Power|p2a: Magnezone\n|-resisted|p2a: Magnezone\n|-damage|p2a: Magnezone|34\/100\n|move|p2a: Magnezone|Thunderbolt|p1a: Meow\n|-damage|p1a: Meow|60\/100\n|\n|-heal|p1a: Meow|66\/100|[from] item: Leftovers\n|upkeep\n|turn|20\n|\n|t:|1700456077\n|move|p1a: Meow|Stored Power|p2a: Magnezone\n|-resisted|p2a: Magnezone\n|-damage|p2a: Magnezone|0 fnt\n|faint|p2a: Magnezone\n|\n|-heal|p1a: Meow|72\/100|[from] item: Leftovers\n|upkeep\n|\n|t:|1700456083\n|switch|p2a: Kyurem|Kyurem, shiny|100\/100\n|-ability|p2a: Kyurem|Pressure\n|turn|21\n|\n|t:|1700456086\n|move|p2a: Kyurem|Draco Meteor|p1a: Meow\n|-damage|p1a: Meow|50\/100\n|-unboost|p2a: Kyurem|spa|2\n|move|p1a: Meow|Stored Power|p2a: Kyurem\n|-damage|p2a: Kyurem|41\/100\n|\n|-heal|p1a: Meow|56\/100|[from] item: Leftovers\n|upkeep\n|turn|22\n|-message|Rairuu forfeited.\n|\n|win|Thisis2much\n|raw|Thisis2much's rating: 1132 &rarr; <strong>1163<\/strong><br \/>(+31 for winning)\n|raw|Rairuu's rating: 1217 &rarr; <strong>1186<\/strong><br \/>(-31 for losing)\n|l|\u2606Thisis2much\n","uploadtime":1700456098,"views":19,"p1id":"thisis2much","p2id":"rairuu","formatid":"gen9nationaldex","rating":1163,"private":0,"password":""}