{"id":"gen9nationaldex-1995831302","p1":"TheStroker","p2":"lg love lp","format":"[Gen 9] National Dex","log":"|html|<div class=\"broadcast-blue\"><strong>[Gen 9] National Dex is currently suspecting Sneasler! For information on how to participate check out the <a href=\"https:\/\/www.smogon.com\/forums\/threads\/sv-national-dex-suspect-8-just-dance.3731534\/\">suspect thread<\/a>.<\/strong><\/div>\n|j|\u2606TheStroker\n|j|\u2606lg love lp\n|t:|1700607487\n|gametype|singles\n|player|p1|TheStroker|janitor|1534\n|player|p2|lg love lp|cynthia-masters|1572\n|teamsize|p1|6\n|teamsize|p2|6\n|gen|9\n|tier|[Gen 9] National Dex\n|rated|\n|rule|HP Percentage Mod: HP is shown in percentages\n|rule|Endless Battle Clause: Forcing endless battles is banned\n|rule|OHKO Clause: OHKO moves are banned\n|rule|Evasion Clause: Evasion abilities, items, and moves are banned\n|rule|Evasion Abilities Clause: Evasion abilities are banned\n|rule|Evasion Items Clause: Evasion items are banned\n|rule|Evasion Moves Clause: Evasion moves are banned\n|rule|Species Clause: Limit one of each Pok\u00e9mon\n|rule|Sleep Clause Mod: Limit one foe put to sleep\n|clearpoke\n|poke|p1|Skeledirge, M|\n|poke|p1|Ditto|\n|poke|p1|Zangoose, F|\n|poke|p1|Mightyena, F|\n|poke|p1|Landorus-Therian, M|\n|poke|p1|Sneasler, M|\n|poke|p2|Greninja-*, M|\n|poke|p2|Slowking-Galar, F|\n|poke|p2|Heatran, M|\n|poke|p2|Rillaboom, F|\n|poke|p2|Landorus-Therian, M|\n|poke|p2|Medicham, M|\n|teampreview\n|j| kung fu pokechu\n|\n|t:|1700607507\n|start\n|switch|p1a: Rather mighty|Mightyena, F|100\/100\n|switch|p2a: Landorus|Landorus-Therian, M|100\/100\n|-ability|p2a: Landorus|Intimidate|boost\n|-unboost|p1a: Rather mighty|atk|1\n|-ability|p1a: Rather mighty|Intimidate|boost\n|-unboost|p2a: Landorus|atk|1\n|turn|1\n|\n|t:|1700607523\n|move|p2a: Landorus|U-turn|p1a: Rather mighty\n|-supereffective|p1a: Rather mighty\n|-damage|p1a: Rather mighty|42\/100\n|\n|t:|1700607533\n|switch|p2a: Greninja|Greninja, M|100\/100|[from] U-turn\n|move|p1a: Rather mighty|Counter|p2a: Greninja\n|-damage|p2a: Greninja|0 fnt\n|faint|p2a: Greninja\n|\n|upkeep\n|\n|t:|1700607542\n|switch|p2a: Landorus|Landorus-Therian, M|100\/100\n|-ability|p2a: Landorus|Intimidate|boost\n|-unboost|p1a: Rather mighty|atk|1\n|turn|2\n|\n|t:|1700607547\n|move|p2a: Landorus|U-turn|p1a: Rather mighty\n|-supereffective|p1a: Rather mighty\n|-damage|p1a: Rather mighty|0 fnt\n|faint|p1a: Rather mighty\n|\n|t:|1700607555\n|switch|p2a: Medicham|Medicham, M|100\/100|[from] U-turn\n|\n|upkeep\n|j| 5cat\n|\n|t:|1700607569\n|switch|p1a: oooooooooooooo|Landorus-Therian, M|100\/100\n|-ability|p1a: oooooooooooooo|Intimidate|boost\n|-unboost|p2a: Medicham|atk|1\n|turn|3\n|\n|t:|1700607572\n|switch|p1a: Not flamboyant|Skeledirge, M|100\/100\n|detailschange|p2a: Medicham|Medicham-Mega, M\n|-mega|p2a: Medicham|Medicham|Medichamite\n|move|p2a: Medicham|Ice Punch|p1a: Not flamboyant\n|-resisted|p1a: Not flamboyant\n|-damage|p1a: Not flamboyant|89\/100\n|-status|p1a: Not flamboyant|frz\n|\n|upkeep\n|turn|4\n|\n|t:|1700607586\n|switch|p2a: Heatran|Heatran, M|100\/100\n|cant|p1a: Not flamboyant|frz\n|\n|upkeep\n|turn|5\n|\n|t:|1700607591\n|move|p2a: Heatran|Magma Storm|p1a: Not flamboyant\n|-resisted|p1a: Not flamboyant\n|-damage|p1a: Not flamboyant|66\/100 frz\n|-activate|p1a: Not flamboyant|move: Magma Storm|[of] p2a: Heatran\n|-curestatus|p1a: Not flamboyant|frz|[msg]\n|move|p1a: Not flamboyant|Shadow Ball|p2a: Heatran\n|-damage|p2a: Heatran|83\/100\n|-unboost|p2a: Heatran|spd|1\n|\n|-heal|p2a: Heatran|89\/100|[from] item: Leftovers\n|-damage|p1a: Not flamboyant|54\/100|[from] move: Magma Storm|[partiallytrapped]\n|upkeep\n|turn|6\n|\n|t:|1700607602\n|move|p2a: Heatran|Taunt|p1a: Not flamboyant\n|-start|p1a: Not flamboyant|move: Taunt\n|cant|p1a: Not flamboyant|move: Taunt|Slack Off\n|\n|-heal|p2a: Heatran|95\/100|[from] item: Leftovers\n|-damage|p1a: Not flamboyant|42\/100|[from] move: Magma Storm|[partiallytrapped]\n|upkeep\n|turn|7\n|\n|t:|1700607610\n|switch|p1a: oooooooooooooo|Landorus-Therian, M|100\/100\n|-ability|p1a: oooooooooooooo|Intimidate|boost\n|-unboost|p2a: Heatran|atk|1\n|move|p2a: Heatran|Earth Power|p1a: oooooooooooooo\n|-immune|p1a: oooooooooooooo\n|\n|-heal|p2a: Heatran|100\/100|[from] item: Leftovers\n|upkeep\n|turn|8\n|\n|t:|1700607620\n|switch|p2a: Landorus|Landorus-Therian, M|100\/100\n|-ability|p2a: Landorus|Intimidate|boost\n|-unboost|p1a: oooooooooooooo|atk|1\n|move|p1a: oooooooooooooo|Substitute|p1a: oooooooooooooo\n|-start|p1a: oooooooooooooo|Substitute\n|-damage|p1a: oooooooooooooo|75\/100\n|\n|-heal|p1a: oooooooooooooo|82\/100|[from] item: Leftovers\n|upkeep\n|turn|9\n|\n|t:|1700607626\n|-terastallize|p2a: Landorus|Ice\n|move|p2a: Landorus|Tera Blast|p1a: oooooooooooooo|[anim] Tera Blast Ice\n|-supereffective|p1a: oooooooooooooo\n|-end|p1a: oooooooooooooo|Substitute\n|move|p1a: oooooooooooooo|Bulk Up|p1a: oooooooooooooo\n|-boost|p1a: oooooooooooooo|atk|1\n|-boost|p1a: oooooooooooooo|def|1\n|\n|-heal|p1a: oooooooooooooo|88\/100|[from] item: Leftovers\n|upkeep\n|turn|10\n|\n|t:|1700607635\n|switch|p1a: Not flamboyant|Skeledirge, M|42\/100\n|move|p2a: Landorus|Tera Blast|p1a: Not flamboyant|[anim] Tera Blast Ice\n|-resisted|p1a: Not flamboyant\n|-damage|p1a: Not flamboyant|28\/100\n|\n|upkeep\n|turn|11\n|\n|t:|1700607641\n|switch|p2a: Heatran|Heatran, M|100\/100\n|move|p1a: Not flamboyant|Slack Off|p1a: Not flamboyant\n|-heal|p1a: Not flamboyant|78\/100\n|\n|upkeep\n|turn|12\n|\n|t:|1700607654\n|switch|p1a: Not edited|Ditto|100\/100\n|-transform|p1a: Not edited|p2a: Heatran|[from] ability: Imposter\n|move|p2a: Heatran|Magma Storm|p1a: Not edited|[miss]\n|-miss|p2a: Heatran|p1a: Not edited\n|\n|upkeep\n|turn|13\n|\n|t:|1700607664\n|switch|p2a: Slowking|Slowking-Galar, F|100\/100\n|move|p1a: Not edited|Stealth Rock|p2a: Slowking\n|-sidestart|p2: lg love lp|move: Stealth Rock\n|\n|upkeep\n|turn|14\n|\n|t:|1700607680\n|switch|p1a: oooooooooooooo|Landorus-Therian, M|88\/100\n|-ability|p1a: oooooooooooooo|Intimidate|boost\n|-unboost|p2a: Slowking|atk|1\n|move|p2a: Slowking|Chilly Reception|p2a: Slowking\n|-weather|Snow\n|\n|t:|1700607684\n|switch|p2a: Medicham|Medicham-Mega, M|100\/100|[from] Chilly Reception\n|-damage|p2a: Medicham|94\/100|[from] Stealth Rock\n|\n|-weather|Snow|[upkeep]\n|-heal|p1a: oooooooooooooo|94\/100|[from] item: Leftovers\n|upkeep\n|turn|15\n|\n|t:|1700607689\n|switch|p1a: Not flamboyant|Skeledirge, M|78\/100\n|move|p2a: Medicham|Zen Headbutt|p1a: Not flamboyant\n|-crit|p1a: Not flamboyant\n|-damage|p1a: Not flamboyant|12\/100\n|\n|-weather|Snow|[upkeep]\n|upkeep\n|turn|16\n|\n|t:|1700607701\n|move|p2a: Medicham|Zen Headbutt|p1a: Not flamboyant\n|-damage|p1a: Not flamboyant|0 fnt\n|faint|p1a: Not flamboyant\n|\n|-weather|Snow|[upkeep]\n|upkeep\n|\n|t:|1700607703\n|switch|p1a: Not edited|Ditto|100\/100\n|-transform|p1a: Not edited|p2a: Medicham|[from] ability: Imposter\n|turn|17\n|\n|t:|1700607714\n|switch|p2a: Landorus|Landorus-Therian, M, tera:Ice|100\/100\n|-damage|p2a: Landorus|76\/100|[from] Stealth Rock\n|-ability|p2a: Landorus|Intimidate|boost\n|-unboost|p1a: Not edited|atk|1\n|move|p1a: Not edited|Zen Headbutt|p2a: Landorus\n|-damage|p2a: Landorus|38\/100\n|\n|-weather|Snow|[upkeep]\n|upkeep\n|turn|18\n|\n|t:|1700607725\n|move|p1a: Not edited|Zen Headbutt|p2a: Landorus\n|-damage|p2a: Landorus|3\/100\n|cant|p2a: Landorus|flinch\n|\n|-weather|none\n|upkeep\n|turn|19\n|\n|t:|1700607738\n|move|p1a: Not edited|Zen Headbutt|p2a: Landorus\n|-damage|p2a: Landorus|0 fnt\n|faint|p2a: Landorus\n|\n|upkeep\n|\n|t:|1700607742\n|switch|p2a: Heatran|Heatran, M|100\/100\n|-damage|p2a: Heatran|88\/100|[from] Stealth Rock\n|turn|20\n|\n|t:|1700607760\n|switch|p1a: oooooooooooooo|Landorus-Therian, M|94\/100\n|-ability|p1a: oooooooooooooo|Intimidate|boost\n|-unboost|p2a: Heatran|atk|1\n|move|p2a: Heatran|Magma Storm|p1a: oooooooooooooo\n|-damage|p1a: oooooooooooooo|54\/100\n|-activate|p1a: oooooooooooooo|move: Magma Storm|[of] p2a: Heatran\n|\n|-heal|p1a: oooooooooooooo|60\/100|[from] item: Leftovers\n|-heal|p2a: Heatran|94\/100|[from] item: Leftovers\n|-damage|p1a: oooooooooooooo|47\/100|[from] move: Magma Storm|[partiallytrapped]\n|upkeep\n|turn|21\n|\n|t:|1700607773\n|switch|p2a: Rillaboom|Rillaboom, F|100\/100\n|-damage|p2a: Rillaboom|88\/100|[from] Stealth Rock\n|-fieldstart|move: Grassy Terrain|[from] ability: Grassy Surge|[of] p2a: Rillaboom\n|move|p1a: oooooooooooooo|Earthquake|p2a: Rillaboom\n|-resisted|p2a: Rillaboom\n|-damage|p2a: Rillaboom|76\/100\n|\n|-heal|p1a: oooooooooooooo|53\/100|[from] item: Leftovers\n|-heal|p2a: Rillaboom|82\/100|[from] Grassy Terrain\n|-end|p1a: oooooooooooooo|Magma Storm|[partiallytrapped]|[silent]\n|upkeep\n|turn|22\n|\n|t:|1700607784\n|switch|p1a: Not edited|Ditto|100\/100\n|-transform|p1a: Not edited|p2a: Rillaboom|[from] ability: Imposter\n|move|p2a: Rillaboom|Grassy Glide|p1a: Not edited\n|-resisted|p1a: Not edited\n|-damage|p1a: Not edited|64\/100\n|\n|-heal|p1a: Not edited|70\/100|[from] Grassy Terrain\n|-heal|p2a: Rillaboom|88\/100|[from] Grassy Terrain\n|upkeep\n|turn|23\n|\n|t:|1700607807\n|move|p2a: Rillaboom|Grassy Glide|p1a: Not edited\n|-resisted|p1a: Not edited\n|-damage|p1a: Not edited|30\/100\n|move|p1a: Not edited|U-turn|p2a: Rillaboom\n|-supereffective|p2a: Rillaboom\n|-damage|p2a: Rillaboom|27\/100\n|\n|t:|1700607818\n|switch|p1a: Zangn\u00f3\u00f3b|Zangoose, F|100\/100|[from] U-turn\n|\n|-heal|p2a: Rillaboom|33\/100|[from] Grassy Terrain\n|-status|p1a: Zangn\u00f3\u00f3b|tox|[from] item: Toxic Orb\n|upkeep\n|turn|24\n|\n|t:|1700607826\n|switch|p2a: Heatran|Heatran, M|94\/100\n|-damage|p2a: Heatran|82\/100|[from] Stealth Rock\n|move|p1a: Zangn\u00f3\u00f3b|Quick Attack|p2a: Heatran\n|-resisted|p2a: Heatran\n|-damage|p2a: Heatran|69\/100\n|\n|-heal|p2a: Heatran|75\/100|[from] Grassy Terrain\n|-heal|p2a: Heatran|81\/100|[from] item: Leftovers\n|-damage|p1a: Zangn\u00f3\u00f3b|95\/100 tox|[from] psn\n|upkeep\n|turn|25\n|\n|t:|1700607831\n|move|p1a: Zangn\u00f3\u00f3b|Knock Off|p2a: Heatran\n|-damage|p2a: Heatran|43\/100\n|-enditem|p2a: Heatran|Leftovers|[from] move: Knock Off|[of] p1a: Zangn\u00f3\u00f3b\n|move|p2a: Heatran|Magma Storm|p1a: Zangn\u00f3\u00f3b\n|-damage|p1a: Zangn\u00f3\u00f3b|13\/100 tox\n|-activate|p1a: Zangn\u00f3\u00f3b|move: Magma Storm|[of] p2a: Heatran\n|\n|-heal|p1a: Zangn\u00f3\u00f3b|19\/100 tox|[from] Grassy Terrain\n|-heal|p2a: Heatran|49\/100|[from] Grassy Terrain\n|-damage|p1a: Zangn\u00f3\u00f3b|7\/100 tox|[from] psn\n|-damage|p1a: Zangn\u00f3\u00f3b|0 fnt|[from] move: Magma Storm|[partiallytrapped]\n|faint|p1a: Zangn\u00f3\u00f3b\n|-fieldend|move: Grassy Terrain\n|upkeep\n|\n|t:|1700607852\n|switch|p1a: oooooooooooooo|Landorus-Therian, M|53\/100\n|-ability|p1a: oooooooooooooo|Intimidate|boost\n|-unboost|p2a: Heatran|atk|1\n|turn|26\n|\n|t:|1700607862\n|move|p1a: oooooooooooooo|Substitute|p1a: oooooooooooooo\n|-start|p1a: oooooooooooooo|Substitute\n|-damage|p1a: oooooooooooooo|28\/100\n|move|p2a: Heatran|Magma Storm|p1a: oooooooooooooo\n|-end|p1a: oooooooooooooo|Substitute\n|\n|-heal|p1a: oooooooooooooo|34\/100|[from] item: Leftovers\n|upkeep\n|turn|27\n|\n|t:|1700607868\n|move|p1a: oooooooooooooo|Substitute|p1a: oooooooooooooo\n|-start|p1a: oooooooooooooo|Substitute\n|-damage|p1a: oooooooooooooo|9\/100\n|move|p2a: Heatran|Magma Storm|p1a: oooooooooooooo\n|-end|p1a: oooooooooooooo|Substitute\n|\n|-heal|p1a: oooooooooooooo|15\/100|[from] item: Leftovers\n|upkeep\n|turn|28\n|\n|t:|1700607876\n|move|p1a: oooooooooooooo|Earthquake|p2a: Heatran\n|-supereffective|p2a: Heatran\n|-damage|p2a: Heatran|0 fnt\n|faint|p2a: Heatran\n|\n|-heal|p1a: oooooooooooooo|22\/100|[from] item: Leftovers\n|upkeep\n|\n|t:|1700607878\n|switch|p2a: Medicham|Medicham-Mega, M|94\/100\n|-damage|p2a: Medicham|88\/100|[from] Stealth Rock\n|turn|29\n|\n|t:|1700607886\n|move|p2a: Medicham|Ice Punch|p1a: oooooooooooooo\n|-supereffective|p1a: oooooooooooooo\n|-damage|p1a: oooooooooooooo|0 fnt\n|faint|p1a: oooooooooooooo\n|\n|upkeep\n|\n|t:|1700607890\n|switch|p1a: Not edited|Ditto|30\/100\n|-transform|p1a: Not edited|p2a: Medicham|[from] ability: Imposter\n|turn|30\n|\n|t:|1700607897\n|switch|p2a: Slowking|Slowking-Galar, F|100\/100\n|move|p1a: Not edited|Zen Headbutt|p2a: Slowking\n|-damage|p2a: Slowking|42\/100\n|\n|upkeep\n|turn|31\n|\n|t:|1700607905\n|move|p1a: Not edited|Zen Headbutt|p2a: Slowking\n|-damage|p2a: Slowking|0 fnt\n|faint|p2a: Slowking\n|\n|upkeep\n|\n|t:|1700607911\n|switch|p2a: Medicham|Medicham-Mega, M|88\/100\n|-damage|p2a: Medicham|82\/100|[from] Stealth Rock\n|turn|32\n|\n|t:|1700607926\n|switch|p1a: cancer noob luck|Sneasler, M|100\/100\n|-item|p1a: cancer noob luck|Air Balloon\n|move|p2a: Medicham|Fake Out|p1a: cancer noob luck\n|-damage|p1a: cancer noob luck|61\/100\n|-enditem|p1a: cancer noob luck|Air Balloon\n|\n|upkeep\n|turn|33\n|\n|t:|1700607937\n|move|p1a: cancer noob luck|Acrobatics|p2a: Medicham\n|-supereffective|p2a: Medicham\n|-damage|p2a: Medicham|0 fnt\n|faint|p2a: Medicham\n|\n|upkeep\n|\n|t:|1700607939\n|switch|p2a: Rillaboom|Rillaboom, F|33\/100\n|-damage|p2a: Rillaboom|21\/100|[from] Stealth Rock\n|-fieldstart|move: Grassy Terrain|[from] ability: Grassy Surge|[of] p2a: Rillaboom\n|turn|34\n|\n|t:|1700607947\n|move|p2a: Rillaboom|Grassy Glide|p1a: cancer noob luck\n|-resisted|p1a: cancer noob luck\n|-damage|p1a: cancer noob luck|6\/100\n|move|p1a: cancer noob luck|Acrobatics|p2a: Rillaboom\n|-supereffective|p2a: Rillaboom\n|-damage|p2a: Rillaboom|0 fnt\n|faint|p2a: Rillaboom\n|\n|win|TheStroker\n|raw|TheStroker's rating: 1534 &rarr; <strong>1556<\/strong><br \/>(+22 for winning)\n|raw|lg love lp's rating: 1572 &rarr; <strong>1550<\/strong><br \/>(-22 for losing)\n|l|\u2606lg love lp\n","uploadtime":1700607954,"views":0,"p1id":"thestroker","p2id":"lglovelp","formatid":"gen9nationaldex","rating":1550,"private":0,"password":""}