{"id":"gen9nationaldex-1997083453","p1":"Guillarco28","p2":"Tremendo97","format":"[Gen 9] National Dex","log":"|html|<div class=\"broadcast-blue\"><strong>[Gen 9] National Dex is currently suspecting Sneasler! For information on how to participate check out the <a href=\"https:\/\/www.smogon.com\/forums\/threads\/sv-national-dex-suspect-8-just-dance.3731534\/\">suspect thread<\/a>.<\/strong><\/div>\n|j|\u2606Guillarco28\n|j|\u2606Tremendo97\n|t:|1700762802\n|gametype|singles\n|player|p1|Guillarco28|acetrainer|\n|player|p2|Tremendo97|clown|\n|teamsize|p1|6\n|teamsize|p2|6\n|gen|9\n|tier|[Gen 9] National Dex\n|rule|HP Percentage Mod: HP is shown in percentages\n|rule|Endless Battle Clause: Forcing endless battles is banned\n|rule|OHKO Clause: OHKO moves are banned\n|rule|Evasion Clause: Evasion abilities, items, and moves are banned\n|rule|Evasion Abilities Clause: Evasion abilities are banned\n|rule|Evasion Items Clause: Evasion items are banned\n|rule|Evasion Moves Clause: Evasion moves are banned\n|rule|Species Clause: Limit one of each Pok\u00e9mon\n|rule|Sleep Clause Mod: Limit one foe put to sleep\n|clearpoke\n|poke|p1|Dondozo, F|\n|poke|p1|Maushold-Four|\n|poke|p1|Cinderace, M|\n|poke|p1|Gliscor, F|\n|poke|p1|Eiscue, M|\n|poke|p1|Diancie|\n|poke|p2|Zapdos|\n|poke|p2|Venusaur, M|\n|poke|p2|Gliscor, F|\n|poke|p2|Infernape, F|\n|poke|p2|Grimmsnarl, M|\n|poke|p2|Volcarona, F|\n|teampreview\n|j| hideyourpineapples\n|\n|t:|1700762850\n|start\n|switch|p1a: Cinderace|Cinderace, M|100\/100\n|switch|p2a: Mr.Fumeta|Gliscor, F|100\/100\n|turn|1\n|\n|t:|1700762881\n|move|p1a: Cinderace|U-turn|p2a: Mr.Fumeta\n|-start|p1a: Cinderace|typechange|Bug|[from] ability: Libero\n|-resisted|p2a: Mr.Fumeta\n|-damage|p2a: Mr.Fumeta|86\/100\n|\n|t:|1700762886\n|switch|p1a: Dondozo|Dondozo, F|100\/100|[from] U-turn\n|move|p2a: Mr.Fumeta|Spikes|p1a: Dondozo\n|-sidestart|p1: Guillarco28|Spikes\n|\n|-status|p2a: Mr.Fumeta|tox|[from] item: Toxic Orb\n|upkeep\n|turn|2\n|\n|t:|1700762896\n|switch|p2a: KfC|Zapdos, shiny|100\/100\n|move|p1a: Dondozo|Wave Crash|p2a: KfC\n|-damage|p2a: KfC|72\/100\n|-damage|p1a: Dondozo|84\/100|[from] item: Rocky Helmet|[of] p2a: KfC\n|-status|p1a: Dondozo|par|[from] ability: Static|[of] p2a: KfC\n|-damage|p1a: Dondozo|77\/100 par|[from] Recoil\n|\n|-heal|p1a: Dondozo|83\/100 par|[from] item: Leftovers\n|upkeep\n|turn|3\n|\n|t:|1700762926\n|switch|p1a: Gliscor|Gliscor, F, shiny|100\/100\n|move|p2a: KfC|Hidden Power|p1a: Gliscor\n|-supereffective|p1a: Gliscor\n|-damage|p1a: Gliscor|42\/100\n|\n|-status|p1a: Gliscor|tox|[from] item: Toxic Orb\n|upkeep\n|turn|4\n|\n|t:|1700762939\n|switch|p2a: Strawberry|Venusaur, M|100\/100\n|move|p1a: Gliscor|Protect||[still]\n|-fail|p1a: Gliscor\n|\n|-heal|p1a: Gliscor|54\/100 tox|[from] ability: Poison Heal\n|upkeep\n|turn|5\n|\n|t:|1700762990\n|switch|p1a: Maushold|Maushold-Four|100\/100\n|-damage|p1a: Maushold|88\/100|[from] Spikes\n|detailschange|p2a: Strawberry|Venusaur-Mega, M\n|-mega|p2a: Strawberry|Venusaur|Venusaurite\n|move|p2a: Strawberry|Giga Drain|p1a: Maushold\n|-damage|p1a: Maushold|35\/100\n|\n|upkeep\n|turn|6\n|\n|t:|1700763002\n|switch|p2a: KfC|Zapdos, shiny|72\/100\n|move|p1a: Maushold|Population Bomb|p2a: KfC\n|-damage|p2a: KfC|64\/100\n|-damage|p1a: Maushold|18\/100|[from] item: Rocky Helmet|[of] p2a: KfC\n|-damage|p2a: KfC|56\/100\n|-damage|p1a: Maushold|2\/100|[from] item: Rocky Helmet|[of] p2a: KfC\n|-status|p1a: Maushold|par|[from] ability: Static|[of] p2a: KfC\n|-damage|p2a: KfC|47\/100\n|-damage|p1a: Maushold|0 fnt|[from] item: Rocky Helmet|[of] p2a: KfC\n|faint|p1a: Maushold\n|-hitcount|p2a: KfC|3\n|\n|upkeep\n|\n|t:|1700763021\n|switch|p1a: Diancie|Diancie|100\/100\n|-damage|p1a: Diancie|88\/100|[from] Spikes\n|turn|7\n|\n|t:|1700763029\n|detailschange|p1a: Diancie|Diancie-Mega\n|-mega|p1a: Diancie|Diancie|Diancite\n|move|p1a: Diancie|Diamond Storm|p2a: KfC\n|-supereffective|p2a: KfC\n|-damage|p2a: KfC|0 fnt\n|faint|p2a: KfC\n|\n|upkeep\n|\n|t:|1700763075\n|switch|p2a: Strawberry|Venusaur-Mega, M|100\/100\n|turn|8\n|\n|t:|1700763116\n|switch|p1a: Cinderace|Cinderace, M|100\/100\n|-damage|p1a: Cinderace|88\/100|[from] Spikes\n|switch|p2a: Mr.Fumeta|Gliscor, F|86\/100 tox\n|\n|-heal|p2a: Mr.Fumeta|98\/100 tox|[from] ability: Poison Heal\n|upkeep\n|turn|9\n|\n|t:|1700763136\n|move|p1a: Cinderace|U-turn|p2a: Mr.Fumeta\n|-start|p1a: Cinderace|typechange|Bug|[from] ability: Libero\n|-resisted|p2a: Mr.Fumeta\n|-damage|p2a: Mr.Fumeta|85\/100 tox\n|\n|t:|1700763189\n|switch|p1a: Dondozo|Dondozo, F|83\/100 par|[from] U-turn\n|-damage|p1a: Dondozo|70\/100 par|[from] Spikes\n|move|p2a: Mr.Fumeta|Spikes|p1a: Dondozo\n|-sidestart|p1: Guillarco28|Spikes\n|\n|-heal|p1a: Dondozo|76\/100 par|[from] item: Leftovers\n|-heal|p2a: Mr.Fumeta|98\/100 tox|[from] ability: Poison Heal\n|upkeep\n|turn|10\n|\n|t:|1700763210\n|switch|p2a: Strawberry|Venusaur-Mega, M|100\/100\n|move|p1a: Dondozo|Rest|p1a: Dondozo\n|-status|p1a: Dondozo|slp|[from] move: Rest\n|-heal|p1a: Dondozo|100\/100 slp|[silent]\n|\n|upkeep\n|turn|11\n|\n|t:|1700763223\n|switch|p1a: Cinderace|Cinderace, M|88\/100\n|-damage|p1a: Cinderace|72\/100|[from] Spikes\n|move|p2a: Strawberry|Leech Seed|p1a: Cinderace\n|-start|p1a: Cinderace|move: Leech Seed\n|\n|-damage|p1a: Cinderace|59\/100|[from] Leech Seed|[of] p2a: Strawberry\n|upkeep\n|turn|12\n|\n|t:|1700763235\n|switch|p2a: Cosquillas|Grimmsnarl, M, shiny|100\/100\n|move|p1a: Cinderace|Pyro Ball|p2a: Cosquillas\n|-damage|p2a: Cosquillas|45\/100\n|-status|p2a: Cosquillas|brn\n|\n|-heal|p2a: Cosquillas|51\/100 brn|[from] item: Leftovers\n|-damage|p1a: Cinderace|47\/100|[from] Leech Seed|[of] p2a: Cosquillas\n|-heal|p2a: Cosquillas|60\/100 brn|[silent]\n|-damage|p2a: Cosquillas|54\/100 brn|[from] brn\n|upkeep\n|turn|13\n|\n|t:|1700763291\n|move|p2a: Cosquillas|Fake Out|p1a: Cinderace\n|-damage|p1a: Cinderace|39\/100\n|cant|p1a: Cinderace|flinch\n|\n|-heal|p2a: Cosquillas|60\/100 brn|[from] item: Leftovers\n|-damage|p1a: Cinderace|27\/100|[from] Leech Seed|[of] p2a: Cosquillas\n|-heal|p2a: Cosquillas|70\/100 brn|[silent]\n|-damage|p2a: Cosquillas|63\/100 brn|[from] brn\n|upkeep\n|turn|14\n|\n|t:|1700763310\n|switch|p1a: Gliscor|Gliscor, F, shiny|54\/100 tox\n|switch|p2a: Mr.Fumeta|Gliscor, F|98\/100 tox\n|\n|-heal|p2a: Mr.Fumeta|100\/100 tox|[from] ability: Poison Heal\n|-heal|p1a: Gliscor|67\/100 tox|[from] ability: Poison Heal\n|upkeep\n|turn|15\n|\n|t:|1700763330\n|move|p2a: Mr.Fumeta|Knock Off|p1a: Gliscor\n|-damage|p1a: Gliscor|50\/100 tox\n|-enditem|p1a: Gliscor|Toxic Orb|[from] move: Knock Off|[of] p2a: Mr.Fumeta\n|move|p1a: Gliscor|Defog|p2a: Mr.Fumeta\n|-unboost|p2a: Mr.Fumeta|evasion|1\n|-sideend|p1: Guillarco28|Spikes|[from] move: Defog|[of] p1a: Gliscor\n|\n|-heal|p1a: Gliscor|62\/100 tox|[from] ability: Poison Heal\n|upkeep\n|turn|16\n|\n|t:|1700763350\n|move|p2a: Mr.Fumeta|Spikes|p1a: Gliscor\n|-sidestart|p1: Guillarco28|Spikes\n|move|p1a: Gliscor|Knock Off|p2a: Mr.Fumeta\n|-damage|p2a: Mr.Fumeta|82\/100 tox\n|-enditem|p2a: Mr.Fumeta|Toxic Orb|[from] move: Knock Off|[of] p1a: Gliscor\n|\n|-heal|p2a: Mr.Fumeta|95\/100 tox|[from] ability: Poison Heal\n|-heal|p1a: Gliscor|75\/100 tox|[from] ability: Poison Heal\n|upkeep\n|turn|17\n|\n|t:|1700763368\n|move|p2a: Mr.Fumeta|Spikes|p1a: Gliscor\n|-sidestart|p1: Guillarco28|Spikes\n|move|p1a: Gliscor|Defog|p2a: Mr.Fumeta\n|-unboost|p2a: Mr.Fumeta|evasion|1\n|-sideend|p1: Guillarco28|Spikes|[from] move: Defog|[of] p1a: Gliscor\n|\n|-heal|p2a: Mr.Fumeta|100\/100 tox|[from] ability: Poison Heal\n|-heal|p1a: Gliscor|87\/100 tox|[from] ability: Poison Heal\n|upkeep\n|turn|18\n|\n|t:|1700763389\n|switch|p2a: Cosquillas|Grimmsnarl, M, shiny|63\/100 brn\n|switch|p1a: Eiscue|Eiscue, M|100\/100\n|\n|-heal|p2a: Cosquillas|70\/100 brn|[from] item: Leftovers\n|-damage|p2a: Cosquillas|63\/100 brn|[from] brn\n|upkeep\n|turn|19\n|\n|t:|1700763410\n|switch|p1a: Diancie|Diancie-Mega|88\/100\n|move|p2a: Cosquillas|Fake Out|p1a: Diancie\n|-resisted|p1a: Diancie\n|-damage|p1a: Diancie|84\/100\n|\n|-heal|p2a: Cosquillas|70\/100 brn|[from] item: Leftovers\n|-damage|p2a: Cosquillas|63\/100 brn|[from] brn\n|upkeep\n|turn|20\n|\n|t:|1700763426\n|move|p2a: Cosquillas|Light Screen|p2a: Cosquillas\n|-sidestart|p2: Tremendo97|move: Light Screen\n|move|p1a: Diancie|Moonblast|p2a: Cosquillas\n|-supereffective|p2a: Cosquillas\n|-damage|p2a: Cosquillas|5\/100 brn\n|-unboost|p2a: Cosquillas|spa|1\n|\n|-heal|p2a: Cosquillas|11\/100 brn|[from] item: Leftovers\n|-damage|p2a: Cosquillas|5\/100 brn|[from] brn\n|upkeep\n|turn|21\n|\n|t:|1700763436\n|switch|p2a: Strawberry|Venusaur-Mega, M|100\/100\n|move|p1a: Diancie|Moonblast|p2a: Strawberry\n|-resisted|p2a: Strawberry\n|-damage|p2a: Strawberry|91\/100\n|-unboost|p2a: Strawberry|spa|1\n|\n|upkeep\n|turn|22\n|\n|t:|1700763468\n|switch|p1a: Cinderace|Cinderace, M|27\/100\n|switch|p2a: Mr.Fumeta|Gliscor, F|100\/100 tox\n|\n|upkeep\n|turn|23\n|\n|t:|1700763484\n|move|p1a: Cinderace|U-turn|p2a: Mr.Fumeta\n|-start|p1a: Cinderace|typechange|Bug|[from] ability: Libero\n|-resisted|p2a: Mr.Fumeta\n|-damage|p2a: Mr.Fumeta|87\/100 tox\n|\n|t:|1700763492\n|switch|p1a: Eiscue|Eiscue, M|100\/100|[from] U-turn\n|move|p2a: Mr.Fumeta|Knock Off|p1a: Eiscue\n|-activate|p1a: Eiscue|ability: Ice Face\n|-damage|p1a: Eiscue|100\/100\n|-enditem|p1a: Eiscue|Heavy-Duty Boots|[from] move: Knock Off|[of] p2a: Mr.Fumeta\n|detailschange|p1a: Eiscue|Eiscue-Noice, M\n|\n|-heal|p2a: Mr.Fumeta|99\/100 tox|[from] ability: Poison Heal\n|upkeep\n|turn|24\n|\n|t:|1700763511\n|switch|p2a: Cosquillas|Grimmsnarl, M, shiny|5\/100 brn\n|move|p1a: Eiscue|Ice Spinner|p2a: Cosquillas\n|-crit|p2a: Cosquillas\n|-damage|p2a: Cosquillas|0 fnt\n|faint|p2a: Cosquillas\n|\n|-sideend|p2: Tremendo97|move: Light Screen\n|upkeep\n|\n|t:|1700763518\n|switch|p2a: CieloNepe|Infernape, F|100\/100\n|turn|25\n|\n|t:|1700763540\n|switch|p1a: Dondozo|Dondozo, F|100\/100 slp\n|move|p2a: CieloNepe|U-turn|p1a: Dondozo\n|-damage|p1a: Dondozo|91\/100 slp\n|\n|t:|1700763545\n|switch|p2a: Strawberry|Venusaur-Mega, M|91\/100|[from] U-turn\n|\n|-heal|p1a: Dondozo|97\/100 slp|[from] item: Leftovers\n|upkeep\n|turn|26\n|\n|t:|1700763556\n|move|p2a: Strawberry|Giga Drain|p1a: Dondozo\n|-supereffective|p1a: Dondozo\n|-damage|p1a: Dondozo|32\/100 slp\n|-heal|p2a: Strawberry|100\/100|[from] drain|[of] p1a: Dondozo\n|cant|p1a: Dondozo|slp\n|move|p1a: Dondozo|Sleep Talk|p1a: Dondozo\n|move|p1a: Dondozo|Rest||[from]move: Sleep Talk|[still]\n|-fail|p1a: Dondozo\n|\n|-heal|p1a: Dondozo|39\/100 slp|[from] item: Leftovers\n|upkeep\n|turn|27\n|\n|t:|1700763583\n|switch|p1a: Eiscue|Eiscue-Noice, M|100\/100\n|move|p2a: Strawberry|Leech Seed|p1a: Eiscue\n|-start|p1a: Eiscue|move: Leech Seed\n|\n|-damage|p1a: Eiscue|88\/100|[from] Leech Seed|[of] p2a: Strawberry\n|upkeep\n|turn|28\n|\n|t:|1700763608\n|move|p1a: Eiscue|Liquidation|p2a: Strawberry\n|-resisted|p2a: Strawberry\n|-damage|p2a: Strawberry|92\/100\n|move|p2a: Strawberry|Rest|p2a: Strawberry\n|-status|p2a: Strawberry|slp|[from] move: Rest\n|-heal|p2a: Strawberry|100\/100 slp|[silent]\n|\n|-damage|p1a: Eiscue|76\/100|[from] Leech Seed|[of] p2a: Strawberry\n|upkeep\n|turn|29\n|\n|t:|1700763631\n|switch|p2a: CieloNepe|Infernape, F|100\/100\n|move|p1a: Eiscue|Ice Spinner|p2a: CieloNepe\n|-resisted|p2a: CieloNepe\n|-damage|p2a: CieloNepe|80\/100\n|\n|-damage|p1a: Eiscue|64\/100|[from] Leech Seed|[of] p2a: CieloNepe\n|-heal|p2a: CieloNepe|95\/100|[silent]\n|upkeep\n|turn|30\n|\n|t:|1700763644\n|switch|p1a: Dondozo|Dondozo, F|39\/100 slp\n|move|p2a: CieloNepe|Drain Punch|p1a: Dondozo\n|-damage|p1a: Dondozo|18\/100 slp\n|-heal|p2a: CieloNepe|100\/100|[from] drain|[of] p1a: Dondozo\n|\n|-heal|p1a: Dondozo|24\/100 slp|[from] item: Leftovers\n|upkeep\n|turn|31\n|\n|t:|1700763657\n|switch|p2a: Strawberry|Venusaur-Mega, M|100\/100 slp\n|cant|p1a: Dondozo|slp\n|move|p1a: Dondozo|Sleep Talk|p1a: Dondozo\n|move|p1a: Dondozo|Wave Crash|p2a: Strawberry|[from]move: Sleep Talk\n|-resisted|p2a: Strawberry\n|-damage|p2a: Strawberry|82\/100 slp\n|-damage|p1a: Dondozo|20\/100 slp|[from] Recoil\n|\n|-heal|p1a: Dondozo|26\/100 slp|[from] item: Leftovers\n|upkeep\n|turn|32\n|\n|t:|1700763677\n|switch|p1a: Eiscue|Eiscue-Noice, M|64\/100\n|cant|p2a: Strawberry|slp\n|move|p2a: Strawberry|Sleep Talk|p2a: Strawberry\n|move|p2a: Strawberry|Rest||[from]move: Sleep Talk|[still]\n|-fail|p2a: Strawberry\n|\n|upkeep\n|turn|33\n|\n|t:|1700763694\n|move|p1a: Eiscue|Ice Spinner|p2a: Strawberry\n|-supereffective|p2a: Strawberry\n|-damage|p2a: Strawberry|61\/100 slp\n|cant|p2a: Strawberry|slp\n|move|p2a: Strawberry|Sleep Talk|p2a: Strawberry\n|move|p2a: Strawberry|Leech Seed|p1a: Eiscue|[from]move: Sleep Talk|[miss]\n|-miss|p2a: Strawberry|p1a: Eiscue\n|\n|upkeep\n|turn|34\n|\n|t:|1700763716\n|move|p1a: Eiscue|Ice Spinner|p2a: Strawberry\n|-supereffective|p2a: Strawberry\n|-damage|p2a: Strawberry|41\/100 slp\n|-curestatus|p2a: Strawberry|slp|[msg]\n|move|p2a: Strawberry|Giga Drain|p1a: Eiscue\n|-damage|p1a: Eiscue|0 fnt\n|-heal|p2a: Strawberry|73\/100|[from] drain|[of] p1a: Eiscue\n|faint|p1a: Eiscue\n|\n|upkeep\n|\n|t:|1700763724\n|switch|p1a: Cinderace|Cinderace, M|27\/100\n|turn|35\n|\n|t:|1700763731\n|switch|p2a: Mr.Fumeta|Gliscor, F|99\/100 tox\n|move|p1a: Cinderace|Pyro Ball|p2a: Mr.Fumeta\n|-damage|p2a: Mr.Fumeta|52\/100 tox\n|\n|-heal|p2a: Mr.Fumeta|65\/100 tox|[from] ability: Poison Heal\n|upkeep\n|turn|36\n|\n|t:|1700763751\n|move|p1a: Cinderace|U-turn|p2a: Mr.Fumeta\n|-start|p1a: Cinderace|typechange|Bug|[from] ability: Libero\n|-resisted|p2a: Mr.Fumeta\n|-damage|p2a: Mr.Fumeta|52\/100 tox\n|\n|t:|1700763760\n|switch|p1a: Gliscor|Gliscor, F, shiny|87\/100 tox|[from] U-turn\n|move|p2a: Mr.Fumeta|U-turn|p1a: Gliscor\n|-resisted|p1a: Gliscor\n|-damage|p1a: Gliscor|80\/100 tox\n|\n|t:|1700763774\n|switch|p2a: Strawberry|Venusaur-Mega, M|73\/100|[from] U-turn\n|\n|-heal|p1a: Gliscor|93\/100 tox|[from] ability: Poison Heal\n|upkeep\n|turn|37\n|\n|t:|1700763781\n|move|p1a: Gliscor|Protect|p1a: Gliscor\n|-singleturn|p1a: Gliscor|Protect\n|move|p2a: Strawberry|Giga Drain|p1a: Gliscor\n|-activate|p1a: Gliscor|move: Protect\n|\n|-heal|p1a: Gliscor|100\/100 tox|[from] ability: Poison Heal\n|upkeep\n|turn|38\n|\n|t:|1700763827\n|switch|p1a: Cinderace|Cinderace, M|27\/100\n|move|p2a: Strawberry|Giga Drain|p1a: Cinderace\n|-resisted|p1a: Cinderace\n|-damage|p1a: Cinderace|11\/100\n|-heal|p2a: Strawberry|80\/100|[from] drain|[of] p1a: Cinderace\n|\n|upkeep\n|turn|39\n|\n|t:|1700763846\n|switch|p2a: Mr.Fumeta|Gliscor, F|52\/100 tox\n|move|p1a: Cinderace|Pyro Ball|p2a: Mr.Fumeta\n|-damage|p2a: Mr.Fumeta|4\/100 tox\n|\n|-heal|p2a: Mr.Fumeta|16\/100 tox|[from] ability: Poison Heal\n|upkeep\n|turn|40\n|\n|t:|1700763876\n|move|p1a: Cinderace|Pyro Ball|p2a: Mr.Fumeta\n|-damage|p2a: Mr.Fumeta|0 fnt\n|faint|p2a: Mr.Fumeta\n|\n|upkeep\n|\n|t:|1700763880\n|switch|p2a: CieloNepe|Infernape, F|100\/100\n|turn|41\n|\n|t:|1700763897\n|move|p2a: CieloNepe|Drain Punch|p1a: Cinderace\n|-damage|p1a: Cinderace|0 fnt\n|faint|p1a: Cinderace\n|\n|upkeep\n|\n|t:|1700763913\n|switch|p1a: Gliscor|Gliscor, F, shiny|100\/100 tox\n|turn|42\n|\n|t:|1700763919\n|switch|p2a: Strawberry|Venusaur-Mega, M|80\/100\n|move|p1a: Gliscor|Earthquake|p2a: Strawberry\n|-damage|p2a: Strawberry|49\/100\n|\n|upkeep\n|turn|43\n|\n|t:|1700763934\n|move|p1a: Gliscor|Earthquake|p2a: Strawberry\n|-damage|p2a: Strawberry|19\/100\n|move|p2a: Strawberry|Giga Drain|p1a: Gliscor\n|-damage|p1a: Gliscor|67\/100 tox\n|-heal|p2a: Strawberry|36\/100|[from] drain|[of] p1a: Gliscor\n|\n|-heal|p1a: Gliscor|80\/100 tox|[from] ability: Poison Heal\n|upkeep\n|turn|44\n|\n|t:|1700763947\n|move|p1a: Gliscor|Protect|p1a: Gliscor\n|-singleturn|p1a: Gliscor|Protect\n|move|p2a: Strawberry|Rest|p2a: Strawberry\n|-status|p2a: Strawberry|slp|[from] move: Rest\n|-heal|p2a: Strawberry|100\/100 slp|[silent]\n|\n|-heal|p1a: Gliscor|92\/100 tox|[from] ability: Poison Heal\n|upkeep\n|turn|45\n|\n|t:|1700763955\n|move|p1a: Gliscor|Earthquake|p2a: Strawberry\n|-damage|p2a: Strawberry|68\/100 slp\n|cant|p2a: Strawberry|slp\n|move|p2a: Strawberry|Sleep Talk|p2a: Strawberry\n|move|p2a: Strawberry|Leech Seed|p1a: Gliscor|[from]move: Sleep Talk\n|-start|p1a: Gliscor|move: Leech Seed\n|\n|-damage|p1a: Gliscor|80\/100 tox|[from] Leech Seed|[of] p2a: Strawberry\n|-heal|p2a: Strawberry|81\/100 slp|[silent]\n|-heal|p1a: Gliscor|92\/100 tox|[from] ability: Poison Heal\n|upkeep\n|turn|46\n|\n|t:|1700763967\n|move|p1a: Gliscor|Earthquake|p2a: Strawberry\n|-damage|p2a: Strawberry|50\/100 slp\n|cant|p2a: Strawberry|slp\n|move|p2a: Strawberry|Sleep Talk|p2a: Strawberry\n|move|p2a: Strawberry|Giga Drain|p1a: Gliscor|[from]move: Sleep Talk\n|-damage|p1a: Gliscor|62\/100 tox\n|-heal|p2a: Strawberry|66\/100 slp|[from] drain|[of] p1a: Gliscor\n|\n|-damage|p1a: Gliscor|50\/100 tox|[from] Leech Seed|[of] p2a: Strawberry\n|-heal|p2a: Strawberry|78\/100 slp|[silent]\n|-heal|p1a: Gliscor|62\/100 tox|[from] ability: Poison Heal\n|upkeep\n|turn|47\n|\n|t:|1700763980\n|move|p1a: Gliscor|Protect|p1a: Gliscor\n|-singleturn|p1a: Gliscor|Protect\n|-curestatus|p2a: Strawberry|slp|[msg]\n|move|p2a: Strawberry|Sleep Talk||[still]\n|-fail|p2a: Strawberry\n|\n|-damage|p1a: Gliscor|50\/100 tox|[from] Leech Seed|[of] p2a: Strawberry\n|-heal|p2a: Strawberry|91\/100|[silent]\n|-heal|p1a: Gliscor|62\/100 tox|[from] ability: Poison Heal\n|upkeep\n|turn|48\n|\n|t:|1700763990\n|move|p1a: Gliscor|Defog|p2a: Strawberry\n|-unboost|p2a: Strawberry|evasion|1\n|move|p2a: Strawberry|Giga Drain|p1a: Gliscor\n|-damage|p1a: Gliscor|30\/100 tox\n|-heal|p2a: Strawberry|100\/100|[from] drain|[of] p1a: Gliscor\n|\n|-damage|p1a: Gliscor|18\/100 tox|[from] Leech Seed|[of] p2a: Strawberry\n|-heal|p1a: Gliscor|30\/100 tox|[from] ability: Poison Heal\n|upkeep\n|turn|49\n|\n|t:|1700764022\n|move|p1a: Gliscor|Protect|p1a: Gliscor\n|-singleturn|p1a: Gliscor|Protect\n|move|p2a: Strawberry|Giga Drain|p1a: Gliscor\n|-activate|p1a: Gliscor|move: Protect\n|\n|-damage|p1a: Gliscor|18\/100 tox|[from] Leech Seed|[of] p2a: Strawberry\n|-heal|p1a: Gliscor|30\/100 tox|[from] ability: Poison Heal\n|upkeep\n|turn|50\n|\n|t:|1700764033\n|move|p1a: Gliscor|Earthquake|p2a: Strawberry\n|-damage|p2a: Strawberry|70\/100\n|move|p2a: Strawberry|Giga Drain|p1a: Gliscor\n|-crit|p1a: Gliscor\n|-damage|p1a: Gliscor|0 fnt\n|-heal|p2a: Strawberry|85\/100|[from] drain|[of] p1a: Gliscor\n|faint|p1a: Gliscor\n|\n|upkeep\n|\n|t:|1700764052\n|switch|p1a: Diancie|Diancie-Mega|84\/100\n|turn|51\n|\n|t:|1700764058\n|move|p1a: Diancie|Mystical Fire|p2a: Strawberry\n|-supereffective|p2a: Strawberry\n|-damage|p2a: Strawberry|65\/100\n|-unboost|p2a: Strawberry|spa|1\n|move|p2a: Strawberry|Leech Seed|p1a: Diancie\n|move|p1a: Diancie|Leech Seed|p2a: Strawberry|[from]ability: Magic Bounce\n|-immune|p2a: Strawberry\n|\n|upkeep\n|turn|52\n|\n|t:|1700764071\n|move|p1a: Diancie|Mystical Fire|p2a: Strawberry\n|-supereffective|p2a: Strawberry\n|-damage|p2a: Strawberry|42\/100\n|-unboost|p2a: Strawberry|spa|1\n|move|p2a: Strawberry|Giga Drain|p1a: Diancie\n|-supereffective|p1a: Diancie\n|-damage|p1a: Diancie|37\/100\n|-heal|p2a: Strawberry|59\/100|[from] drain|[of] p1a: Diancie\n|\n|upkeep\n|turn|53\n|\n|t:|1700764084\n|move|p1a: Diancie|Mystical Fire|p2a: Strawberry\n|-supereffective|p2a: Strawberry\n|-damage|p2a: Strawberry|39\/100\n|-unboost|p2a: Strawberry|spa|1\n|move|p2a: Strawberry|Giga Drain|p1a: Diancie\n|-supereffective|p1a: Diancie\n|-damage|p1a: Diancie|2\/100\n|-heal|p2a: Strawberry|52\/100|[from] drain|[of] p1a: Diancie\n|\n|upkeep\n|turn|54\n|\n|t:|1700764094\n|move|p1a: Diancie|Mystical Fire|p2a: Strawberry\n|-supereffective|p2a: Strawberry\n|-damage|p2a: Strawberry|31\/100\n|-unboost|p2a: Strawberry|spa|1\n|move|p2a: Strawberry|Giga Drain|p1a: Diancie\n|-supereffective|p1a: Diancie\n|-damage|p1a: Diancie|0 fnt\n|-heal|p2a: Strawberry|32\/100|[from] drain|[of] p1a: Diancie\n|faint|p1a: Diancie\n|\n|upkeep\n|\n|t:|1700764104\n|switch|p1a: Dondozo|Dondozo, F|26\/100 slp\n|turn|55\n|\n|t:|1700764109\n|move|p2a: Strawberry|Giga Drain|p1a: Dondozo\n|-supereffective|p1a: Dondozo\n|-damage|p1a: Dondozo|0 fnt\n|-heal|p2a: Strawberry|50\/100|[from] drain|[of] p1a: Dondozo\n|faint|p1a: Dondozo\n|\n|win|Tremendo97\n","uploadtime":1700764274,"views":9,"p1id":"guillarco28","p2id":"tremendo97","formatid":"gen9nationaldex","rating":0,"private":0,"password":""}