{"id":"gen9nationaldex-1997689681","p1":"Cirno_is","p2":"Jm-Kun","format":"[Gen 9] National Dex","log":"|html|<div class=\"broadcast-blue\"><strong>[Gen 9] National Dex is currently suspecting Sneasler! For information on how to participate check out the <a href=\"https:\/\/www.smogon.com\/forums\/threads\/sv-national-dex-suspect-8-just-dance.3731534\/\">suspect thread<\/a>.<\/strong><\/div>\n|j|\u2606Cirno_is\n|j|\u2606Jm-Kun\n|t:|1700842098\n|gametype|singles\n|player|p1|Cirno_is|twins-gen4dp|1170\n|player|p2|Jm-Kun|silver|1123\n|teamsize|p1|6\n|teamsize|p2|6\n|gen|9\n|tier|[Gen 9] National Dex\n|rated|\n|rule|HP Percentage Mod: HP is shown in percentages\n|rule|Endless Battle Clause: Forcing endless battles is banned\n|rule|OHKO Clause: OHKO moves are banned\n|rule|Evasion Clause: Evasion abilities, items, and moves are banned\n|rule|Evasion Abilities Clause: Evasion abilities are banned\n|rule|Evasion Items Clause: Evasion items are banned\n|rule|Evasion Moves Clause: Evasion moves are banned\n|rule|Species Clause: Limit one of each Pok\u00e9mon\n|rule|Sleep Clause Mod: Limit one foe put to sleep\n|clearpoke\n|poke|p1|Alomomola, F|\n|poke|p1|Clodsire, M|\n|poke|p1|Great Tusk|\n|poke|p1|Lopunny, F|\n|poke|p1|Sneasler, F|\n|poke|p1|Rotom-Wash|\n|poke|p2|Ferrothorn, F|\n|poke|p2|Incineroar, F|\n|poke|p2|Chansey, F|\n|poke|p2|Charizard, F|\n|poke|p2|Rillaboom, F|\n|poke|p2|Zoroark, F|\n|teampreview\n|\n|t:|1700842105\n|start\n|switch|p1a: Carl|Clodsire, M|100\/100\n|switch|p2a: Ferrothorn|Ferrothorn, F|100\/100\n|turn|1\n|\n|t:|1700842114\n|move|p1a: Carl|Stealth Rock|p2a: Ferrothorn\n|-sidestart|p2: Jm-Kun|move: Stealth Rock\n|move|p2a: Ferrothorn|Stealth Rock|p1a: Carl\n|-sidestart|p1: Cirno_is|move: Stealth Rock\n|\n|upkeep\n|turn|2\n|\n|t:|1700842123\n|switch|p1a: Tom|Rotom-Wash|100\/100\n|-damage|p1a: Tom|88\/100|[from] Stealth Rock\n|move|p2a: Ferrothorn|Leech Seed|p1a: Tom\n|-start|p1a: Tom|move: Leech Seed\n|\n|-damage|p1a: Tom|76\/100|[from] Leech Seed|[of] p2a: Ferrothorn\n|upkeep\n|turn|3\n|\n|t:|1700842132\n|move|p1a: Tom|Will-O-Wisp|p2a: Ferrothorn\n|-status|p2a: Ferrothorn|brn\n|move|p2a: Ferrothorn|Gyro Ball|p1a: Tom\n|-resisted|p1a: Tom\n|-damage|p1a: Tom|67\/100\n|\n|-damage|p1a: Tom|55\/100|[from] Leech Seed|[of] p2a: Ferrothorn\n|-damage|p2a: Ferrothorn|94\/100 brn|[from] brn\n|upkeep\n|turn|4\n|\n|t:|1700842144\n|switch|p1a: Fishy|Alomomola, F|100\/100\n|-damage|p1a: Fishy|88\/100|[from] Stealth Rock\n|move|p2a: Ferrothorn|Protect||[still]\n|-fail|p2a: Ferrothorn\n|\n|-heal|p2a: Ferrothorn|100\/100 brn|[from] item: Leftovers\n|-damage|p2a: Ferrothorn|94\/100 brn|[from] brn\n|upkeep\n|turn|5\n|\n|t:|1700842155\n|move|p1a: Fishy|Wish|p1a: Fishy\n|move|p2a: Ferrothorn|Gyro Ball|p1a: Fishy\n|-resisted|p1a: Fishy\n|-crit|p1a: Fishy\n|-damage|p1a: Fishy|82\/100\n|-damage|p2a: Ferrothorn|78\/100 brn|[from] item: Rocky Helmet|[of] p1a: Fishy\n|\n|-heal|p2a: Ferrothorn|84\/100 brn|[from] item: Leftovers\n|-damage|p2a: Ferrothorn|78\/100 brn|[from] brn\n|upkeep\n|turn|6\n|\n|t:|1700842164\n|switch|p1a: Tusky|Great Tusk|100\/100\n|-damage|p1a: Tusky|98\/100|[from] Stealth Rock\n|-enditem|p1a: Tusky|Booster Energy\n|-activate|p1a: Tusky|ability: Protosynthesis|[fromitem]\n|-start|p1a: Tusky|protosynthesisatk\n|move|p2a: Ferrothorn|Leech Seed|p1a: Tusky\n|-start|p1a: Tusky|move: Leech Seed\n|\n|-heal|p1a: Tusky|100\/100|[from] move: Wish|[wisher] Fishy\n|-heal|p2a: Ferrothorn|84\/100 brn|[from] item: Leftovers\n|-damage|p1a: Tusky|88\/100|[from] Leech Seed|[of] p2a: Ferrothorn\n|-heal|p2a: Ferrothorn|97\/100 brn|[silent]\n|-damage|p2a: Ferrothorn|91\/100 brn|[from] brn\n|upkeep\n|turn|7\n|\n|t:|1700842180\n|move|p1a: Tusky|Close Combat|p2a: Ferrothorn\n|-supereffective|p2a: Ferrothorn\n|-damage|p2a: Ferrothorn|0 fnt\n|-unboost|p1a: Tusky|def|1\n|-unboost|p1a: Tusky|spd|1\n|-damage|p1a: Tusky|76\/100|[from] ability: Iron Barbs|[of] p2a: Ferrothorn\n|faint|p2a: Ferrothorn\n|\n|upkeep\n|\n|t:|1700842191\n|switch|p2a: Rillaboom|Rillaboom, F|100\/100\n|-damage|p2a: Rillaboom|88\/100|[from] Stealth Rock\n|turn|8\n|\n|t:|1700842201\n|move|p1a: Tusky|Rapid Spin|p2a: Rillaboom\n|-damage|p2a: Rillaboom|65\/100\n|-boost|p1a: Tusky|spe|1\n|-end|p1a: Tusky|Leech Seed|[from] move: Rapid Spin|[of] p1a: Tusky\n|-sideend|p1: Cirno_is|Stealth Rock|[from] move: Rapid Spin|[of] p1a: Tusky\n|move|p2a: Rillaboom|Swords Dance|p2a: Rillaboom\n|-boost|p2a: Rillaboom|atk|2\n|\n|upkeep\n|turn|9\n|\n|t:|1700842210\n|move|p1a: Tusky|Ice Spinner|p2a: Rillaboom\n|-supereffective|p2a: Rillaboom\n|-damage|p2a: Rillaboom|0 fnt\n|faint|p2a: Rillaboom\n|\n|upkeep\n|-message|Jm-Kun forfeited.\n|\n|win|Cirno_is\n|raw|Cirno_is's rating: 1170 &rarr; <strong>1192<\/strong><br \/>(+22 for winning)\n|raw|Jm-Kun's rating: 1123 &rarr; <strong>1101<\/strong><br \/>(-22 for losing)\n|l|\u2606Jm-Kun\n","uploadtime":1700842218,"views":0,"p1id":"cirnois","p2id":"jmkun","formatid":"gen9nationaldex","rating":1101,"private":0,"password":""}