{"id":"gen9nationaldex-1997711340","p1":"Theruffletkid","p2":"TZ Zerox","format":"[Gen 9] National Dex","log":"|j|\u2606Theruffletkid\n|j|\u2606TZ Zerox\n|t:|1700844486\n|gametype|singles\n|player|p1|Theruffletkid|wattson|\n|player|p2|TZ Zerox|blackbelt-gen4dp|\n|teamsize|p1|6\n|teamsize|p2|6\n|gen|9\n|tier|[Gen 9] National Dex\n|rule|HP Percentage Mod: HP is shown in percentages\n|rule|Endless Battle Clause: Forcing endless battles is banned\n|rule|OHKO Clause: OHKO moves are banned\n|rule|Evasion Clause: Evasion abilities, items, and moves are banned\n|rule|Evasion Abilities Clause: Evasion abilities are banned\n|rule|Evasion Items Clause: Evasion items are banned\n|rule|Evasion Moves Clause: Evasion moves are banned\n|rule|Species Clause: Limit one of each Pok\u00e9mon\n|rule|Sleep Clause Mod: Limit one foe put to sleep\n|clearpoke\n|poke|p1|Wingull, L5, M|\n|poke|p1|Magnemite, L5|\n|poke|p1|Pawniard, L5, F|\n|poke|p1|Diglett, L5, M|\n|poke|p1|Ferroseed, L5, M|\n|poke|p1|Snivy, L5, M|\n|poke|p2|Wooper-Paldea, L5, F|\n|poke|p2|Nymble, L5, M|\n|poke|p2|Voltorb-Hisui, L5|\n|poke|p2|Staryu, L5|\n|poke|p2|Gothita, L5, F|\n|poke|p2|Mienfoo, L5, M|\n|teampreview\n|\n|t:|1700844508\n|start\n|switch|p1a: Wingull|Wingull, L5, M|100\/100\n|switch|p2a: Mienfoo|Mienfoo, L5, M|100\/100\n|turn|1\n|\n|t:|1700844518\n|move|p2a: Mienfoo|U-turn|p1a: Wingull\n|-resisted|p1a: Wingull\n|-damage|p1a: Wingull|74\/100\n|\n|t:|1700844520\n|switch|p2a: Wooper|Wooper-Paldea, L5, F|100\/100|[from] U-turn\n|move|p1a: Wingull|Hurricane|p2a: Wooper\n|-damage|p2a: Wooper|48\/100\n|\n|upkeep\n|turn|2\n|\n|t:|1700844527\n|move|p1a: Wingull|Hurricane|p2a: Wooper|[miss]\n|-miss|p1a: Wingull|p2a: Wooper\n|move|p2a: Wooper|Spikes|p1a: Wingull\n|-sidestart|p1: Theruffletkid|Spikes\n|\n|upkeep\n|turn|3\n|\n|t:|1700844533\n|move|p1a: Wingull|Hurricane|p2a: Wooper|[miss]\n|-miss|p1a: Wingull|p2a: Wooper\n|move|p2a: Wooper|Spikes|p1a: Wingull\n|-sidestart|p1: Theruffletkid|Spikes\n|\n|upkeep\n|turn|4\n|\n|t:|1700844537\n|move|p1a: Wingull|Hurricane|p2a: Wooper\n|-damage|p2a: Wooper|0 fnt\n|faint|p2a: Wooper\n|\n|upkeep\n|\n|t:|1700844543\n|switch|p2a: Nymble|Nymble, L5, M|100\/100\n|turn|5\n|\n|t:|1700844557\n|switch|p1a: Pawniard|Pawniard, L5, F|100\/100\n|-damage|p1a: Pawniard|86\/100|[from] Spikes\n|move|p2a: Nymble|First Impression|p1a: Pawniard\n|-damage|p1a: Pawniard|29\/100\n|-damage|p2a: Nymble|95\/100|[from] item: Life Orb\n|\n|upkeep\n|turn|6\n|\n|t:|1700844566\n|move|p1a: Pawniard|Sucker Punch|p2a: Nymble\n|-damage|p2a: Nymble|27\/100\n|move|p2a: Nymble|Sucker Punch||[still]\n|-fail|p2a: Nymble\n|\n|upkeep\n|turn|7\n|\n|t:|1700844571\n|switch|p2a: Voltorb|Voltorb-Hisui, L5|100\/100\n|move|p1a: Pawniard|Sucker Punch||[still]\n|-fail|p1a: Pawniard\n|\n|upkeep\n|turn|8\n|\n|t:|1700844577\n|move|p1a: Pawniard|Sucker Punch|p2a: Voltorb\n|-damage|p2a: Voltorb|35\/100\n|move|p2a: Voltorb|Volt Switch|p1a: Pawniard\n|-damage|p1a: Pawniard|0 fnt\n|faint|p1a: Pawniard\n|\n|t:|1700844583\n|switch|p2a: Nymble|Nymble, L5, M|27\/100|[from] Volt Switch\n|\n|upkeep\n|\n|t:|1700844590\n|switch|p1a: Ferroseed|Ferroseed, L5, M|100\/100\n|-damage|p1a: Ferroseed|87\/100|[from] Spikes\n|turn|9\n|\n|t:|1700844601\n|move|p2a: Nymble|Leech Life|p1a: Ferroseed\n|-damage|p1a: Ferroseed|50\/100\n|-heal|p2a: Nymble|48\/100|[from] drain|[of] p1a: Ferroseed\n|-damage|p2a: Nymble|37\/100|[from] ability: Iron Barbs|[of] p1a: Ferroseed\n|-damage|p2a: Nymble|32\/100|[from] item: Life Orb\n|move|p1a: Ferroseed|Giga Drain|p2a: Nymble\n|-resisted|p2a: Nymble\n|-damage|p2a: Nymble|6\/100\n|-heal|p1a: Ferroseed|64\/100|[from] drain|[of] p2a: Nymble\n|\n|upkeep\n|turn|10\n|\n|t:|1700844614\n|switch|p2a: Gothita|Gothita, L5, F|100\/100\n|move|p1a: Ferroseed|Giga Drain|p2a: Gothita\n|-damage|p2a: Gothita|67\/100\n|-heal|p1a: Ferroseed|82\/100|[from] drain|[of] p2a: Gothita\n|\n|upkeep\n|turn|11\n|\n|t:|1700844624\n|-terastallize|p2a: Gothita|Fire\n|-terastallize|p1a: Ferroseed|Fairy\n|move|p2a: Gothita|Tera Blast|p1a: Ferroseed|[anim] Tera Blast Fire\n|-damage|p1a: Ferroseed|55\/100\n|move|p1a: Ferroseed|Knock Off|p2a: Gothita\n|-damage|p2a: Gothita|29\/100\n|-enditem|p2a: Gothita|Choice Scarf|[from] move: Knock Off|[of] p1a: Ferroseed\n|\n|upkeep\n|turn|12\n|\n|t:|1700844635\n|move|p2a: Gothita|Psychic|p1a: Ferroseed\n|-damage|p1a: Ferroseed|23\/100\n|-unboost|p1a: Ferroseed|spd|1\n|move|p1a: Ferroseed|Knock Off|p2a: Gothita\n|-damage|p2a: Gothita|5\/100\n|\n|upkeep\n|turn|13\n|\n|t:|1700844645\n|move|p2a: Gothita|Psychic|p1a: Ferroseed\n|-damage|p1a: Ferroseed|0 fnt\n|faint|p1a: Ferroseed\n|\n|upkeep\n|\n|t:|1700844651\n|switch|p1a: Wingull|Wingull, L5, M|74\/100\n|turn|14\n|\n|t:|1700844655\n|move|p1a: Wingull|Scald|p2a: Gothita\n|-supereffective|p2a: Gothita\n|-damage|p2a: Gothita|0 fnt\n|faint|p2a: Gothita\n|\n|upkeep\n|\n|t:|1700844660\n|switch|p2a: Staryu|Staryu, L5|100\/100\n|turn|15\n|\n|t:|1700844665\n|move|p2a: Staryu|Thunderbolt|p1a: Wingull\n|-supereffective|p1a: Wingull\n|-damage|p1a: Wingull|0 fnt\n|faint|p1a: Wingull\n|-damage|p2a: Staryu|90\/100|[from] item: Life Orb\n|\n|upkeep\n|\n|t:|1700844669\n|switch|p1a: Snivy|Snivy, L5, M|100\/100\n|-damage|p1a: Snivy|86\/100|[from] Spikes\n|turn|16\n|\n|t:|1700844674\n|move|p2a: Staryu|Ice Beam|p1a: Snivy\n|-supereffective|p1a: Snivy\n|-damage|p1a: Snivy|0 fnt\n|faint|p1a: Snivy\n|-damage|p2a: Staryu|80\/100|[from] item: Life Orb\n|\n|upkeep\n|\n|t:|1700844677\n|switch|p1a: Magnemite|Magnemite, L5|100\/100\n|-damage|p1a: Magnemite|85\/100|[from] Spikes\n|turn|17\n|\n|t:|1700844698\n|move|p1a: Magnemite|Thunderbolt|p2a: Staryu\n|-supereffective|p2a: Staryu\n|-damage|p2a: Staryu|0 fnt\n|faint|p2a: Staryu\n|\n|upkeep\n|\n|t:|1700844707\n|switch|p2a: Nymble|Nymble, L5, M|6\/100\n|turn|18\n|\n|t:|1700844711\n|move|p2a: Nymble|First Impression|p1a: Magnemite\n|-resisted|p1a: Magnemite\n|-damage|p1a: Magnemite|0 fnt\n|faint|p1a: Magnemite\n|-damage|p2a: Nymble|0 fnt|[from] item: Life Orb\n|faint|p2a: Nymble\n|\n|upkeep\n|\n|t:|1700844719\n|switch|p2a: Voltorb|Voltorb-Hisui, L5|35\/100\n|switch|p1a: Diglett|Diglett, L5, M|100\/100\n|-damage|p1a: Diglett|84\/100|[from] Spikes\n|turn|19\n|\n|t:|1700844724\n|-zpower|p2a: Voltorb\n|move|p2a: Voltorb|Bloom Doom|p1a: Diglett|[zeffect]\n|-supereffective|p1a: Diglett\n|-damage|p1a: Diglett|0 fnt\n|faint|p1a: Diglett\n|\n|win|TZ Zerox\n","uploadtime":1700844730,"views":1,"p1id":"theruffletkid","p2id":"tzzerox","formatid":"gen9nationaldex","rating":0,"private":0,"password":""}