{"id":"gen9nationaldex-1993630930","p1":"Lumageist","p2":"Prtbl_Trash","format":"[Gen 9] National Dex","log":"|j|\u2606Lumageist\n|j|\u2606Prtbl_Trash\n|t:|1700339452\n|gametype|singles\n|player|p1|Lumageist|plasmagruntf|1322\n|player|p2|Prtbl_Trash|rosa|1320\n|teamsize|p1|6\n|teamsize|p2|6\n|gen|9\n|tier|[Gen 9] National Dex\n|rated|\n|rule|HP Percentage Mod: HP is shown in percentages\n|rule|Endless Battle Clause: Forcing endless battles is banned\n|rule|OHKO Clause: OHKO moves are banned\n|rule|Evasion Clause: Evasion abilities, items, and moves are banned\n|rule|Evasion Abilities Clause: Evasion abilities are banned\n|rule|Evasion Items Clause: Evasion items are banned\n|rule|Evasion Moves Clause: Evasion moves are banned\n|rule|Species Clause: Limit one of each Pok\u00e9mon\n|rule|Sleep Clause Mod: Limit one foe put to sleep\n|clearpoke\n|poke|p1|Skeledirge, M|\n|poke|p1|Swampert, M|\n|poke|p1|Morpeko, M|\n|poke|p1|Ninjask, M|\n|poke|p1|Heracross, F|\n|poke|p1|Kommo-o, F|\n|poke|p2|Infernape, F|\n|poke|p2|Gliscor, F|\n|poke|p2|Rotom-Wash|\n|poke|p2|Venusaur, F|\n|poke|p2|Weavile, F|\n|poke|p2|Slowking-Galar, F|\n|teampreview\n|inactive|Battle timer is ON: inactive players will automatically lose when time's up. (requested by Prtbl_Trash)\n|inactive|Lumageist also wants the timer to be on.\n|\n|t:|1700339465\n|start\n|switch|p1a: Fly Guy|Ninjask, M|100\/100\n|switch|p2a: Infernape|Infernape, F|100\/100\n|turn|1\n|\n|t:|1700339471\n|switch|p2a: Gliscor|Gliscor, F|100\/100\n|move|p1a: Fly Guy|Protect||[still]\n|-fail|p1a: Fly Guy\n|\n|-ability|p1a: Fly Guy|Speed Boost|boost\n|-boost|p1a: Fly Guy|spe|1\n|-status|p2a: Gliscor|tox|[from] item: Toxic Orb\n|upkeep\n|turn|2\n|\n|t:|1700339476\n|switch|p1a: Squishy|Swampert, M|100\/100\n|move|p2a: Gliscor|Stealth Rock|p1a: Squishy\n|-sidestart|p1: Lumageist|move: Stealth Rock\n|\n|upkeep\n|turn|3\n|\n|t:|1700339480\n|switch|p2a: Venusaur|Venusaur, F|100\/100\n|detailschange|p1a: Squishy|Swampert-Mega, M\n|-mega|p1a: Squishy|Swampert|Swampertite\n|move|p1a: Squishy|Ice Punch|p2a: Venusaur\n|-supereffective|p2a: Venusaur\n|-damage|p2a: Venusaur|32\/100\n|\n|upkeep\n|turn|4\n|\n|t:|1700339493\n|detailschange|p2a: Venusaur|Venusaur-Mega, F\n|-mega|p2a: Venusaur|Venusaur|Venusaurite\n|move|p2a: Venusaur|Giga Drain|p1a: Squishy\n|-supereffective|p1a: Squishy\n|-damage|p1a: Squishy|0 fnt\n|-heal|p2a: Venusaur|88\/100|[from] drain|[of] p1a: Squishy\n|faint|p1a: Squishy\n|\n|upkeep\n|\n|t:|1700339500\n|switch|p1a: Fly Guy|Ninjask, M|100\/100\n|-damage|p1a: Fly Guy|51\/100|[from] Stealth Rock\n|turn|5\n|\n|t:|1700339504\n|move|p1a: Fly Guy|Dual Wingbeat|p2a: Venusaur\n|-supereffective|p2a: Venusaur\n|-damage|p2a: Venusaur|58\/100\n|-supereffective|p2a: Venusaur\n|-damage|p2a: Venusaur|32\/100\n|-hitcount|p2a: Venusaur|2\n|move|p2a: Venusaur|Leech Seed|p1a: Fly Guy\n|-start|p1a: Fly Guy|move: Leech Seed\n|\n|-damage|p1a: Fly Guy|39\/100|[from] Leech Seed|[of] p2a: Venusaur\n|-heal|p2a: Venusaur|41\/100|[silent]\n|-ability|p1a: Fly Guy|Speed Boost|boost\n|-boost|p1a: Fly Guy|spe|1\n|upkeep\n|turn|6\n|\n|t:|1700339510\n|switch|p2a: Infernape|Infernape, F|100\/100\n|move|p1a: Fly Guy|Dual Wingbeat|p2a: Infernape|[miss]\n|-miss|p1a: Fly Guy|p2a: Infernape\n|\n|-damage|p1a: Fly Guy|26\/100|[from] Leech Seed|[of] p2a: Infernape\n|-ability|p1a: Fly Guy|Speed Boost|boost\n|-boost|p1a: Fly Guy|spe|1\n|upkeep\n|turn|7\n|\n|t:|1700339520\n|switch|p2a: Rotom|Rotom-Wash|100\/100\n|move|p1a: Fly Guy|Dual Wingbeat|p2a: Rotom\n|-resisted|p2a: Rotom\n|-damage|p2a: Rotom|91\/100\n|-resisted|p2a: Rotom\n|-damage|p2a: Rotom|83\/100\n|-hitcount|p2a: Rotom|2\n|\n|-heal|p2a: Rotom|89\/100|[from] item: Leftovers\n|-damage|p1a: Fly Guy|14\/100|[from] Leech Seed|[of] p2a: Rotom\n|-heal|p2a: Rotom|99\/100|[silent]\n|-ability|p1a: Fly Guy|Speed Boost|boost\n|-boost|p1a: Fly Guy|spe|1\n|upkeep\n|turn|8\n|\n|t:|1700339527\n|move|p1a: Fly Guy|Leech Life|p2a: Rotom\n|-damage|p2a: Rotom|64\/100\n|-heal|p1a: Fly Guy|35\/100|[from] drain|[of] p2a: Rotom\n|move|p2a: Rotom|Volt Switch|p1a: Fly Guy\n|-supereffective|p1a: Fly Guy\n|-damage|p1a: Fly Guy|0 fnt\n|faint|p1a: Fly Guy\n|\n|t:|1700339538\n|switch|p2a: Slowking|Slowking-Galar, F|100\/100|[from] Volt Switch\n|\n|upkeep\n|\n|t:|1700339546\n|switch|p1a: Spooky|Skeledirge, M|100\/100\n|turn|9\n|\n|t:|1700339551\n|move|p1a: Spooky|Shadow Ball|p2a: Slowking\n|-supereffective|p2a: Slowking\n|-damage|p2a: Slowking|64\/100\n|move|p2a: Slowking|Future Sight|p1a: Spooky\n|-start|p2a: Slowking|move: Future Sight\n|\n|upkeep\n|turn|10\n|\n|t:|1700339558\n|move|p1a: Spooky|Shadow Ball|p2a: Slowking\n|-supereffective|p2a: Slowking\n|-damage|p2a: Slowking|29\/100\n|move|p2a: Slowking|Chilly Reception|p2a: Slowking\n|-weather|Snow\n|\n|t:|1700339563\n|switch|p2a: Weavile|Weavile, F|100\/100|[from] Chilly Reception\n|-ability|p2a: Weavile|Pressure\n|\n|-weather|Snow|[upkeep]\n|upkeep\n|turn|11\n|\n|t:|1700339577\n|-terastallize|p2a: Weavile|Dark\n|-terastallize|p1a: Spooky|Fairy\n|move|p2a: Weavile|Knock Off|p1a: Spooky\n|-resisted|p1a: Spooky\n|-damage|p1a: Spooky|78\/100\n|-enditem|p1a: Spooky|Heavy-Duty Boots|[from] move: Knock Off|[of] p2a: Weavile\n|move|p1a: Spooky|Torch Song|p2a: Weavile\n|-damage|p2a: Weavile|59\/100\n|-boost|p1a: Spooky|spa|1\n|\n|-weather|Snow|[upkeep]\n|-end|p1a: Spooky|move: Future Sight\n|-damage|p1a: Spooky|45\/100\n|upkeep\n|turn|12\n|\n|t:|1700339588\n|move|p2a: Weavile|Triple Axel|p1a: Spooky\n|-damage|p1a: Spooky|37\/100\n|-damage|p1a: Spooky|22\/100\n|-damage|p1a: Spooky|1\/100\n|-hitcount|p1a: Spooky|3\n|move|p1a: Spooky|Slack Off|p1a: Spooky\n|-heal|p1a: Spooky|51\/100\n|\n|-weather|Snow|[upkeep]\n|upkeep\n|turn|13\n|\n|t:|1700339597\n|move|p2a: Weavile|Triple Axel|p1a: Spooky\n|-damage|p1a: Spooky|43\/100\n|-damage|p1a: Spooky|28\/100\n|-damage|p1a: Spooky|5\/100\n|-hitcount|p1a: Spooky|3\n|move|p1a: Spooky|Torch Song|p2a: Weavile\n|-damage|p2a: Weavile|0 fnt\n|-boost|p1a: Spooky|spa|1\n|faint|p2a: Weavile\n|\n|-weather|Snow|[upkeep]\n|upkeep\n|\n|t:|1700339608\n|switch|p2a: Infernape|Infernape, F|100\/100\n|turn|14\n|\n|t:|1700339613\n|move|p2a: Infernape|U-turn|p1a: Spooky\n|-resisted|p1a: Spooky\n|-damage|p1a: Spooky|0 fnt\n|faint|p1a: Spooky\n|\n|t:|1700339617\n|switch|p2a: Slowking|Slowking-Galar, F|62\/100|[from] U-turn\n|\n|-weather|none\n|upkeep\n|\n|t:|1700339624\n|switch|p1a: Peakochu|Morpeko, M, shiny|100\/100\n|turn|15\n|\n|t:|1700339628\n|move|p1a: Peakochu|Protect|p1a: Peakochu\n|-singleturn|p1a: Peakochu|Protect\n|move|p2a: Slowking|Sludge Bomb|p1a: Peakochu\n|-activate|p1a: Peakochu|move: Protect\n|\n|-formechange|p1a: Peakochu|Morpeko-Hangry||[from] ability: Hunger Switch\n|upkeep\n|turn|16\n|\n|t:|1700339634\n|move|p1a: Peakochu|Aura Wheel|p2a: Slowking\n|-supereffective|p2a: Slowking\n|-damage|p2a: Slowking|0 fnt\n|-boost|p1a: Peakochu|spe|1\n|faint|p2a: Slowking\n|\n|-formechange|p1a: Peakochu|Morpeko||[from] ability: Hunger Switch\n|upkeep\n|\n|t:|1700339637\n|switch|p2a: Infernape|Infernape, F|100\/100\n|turn|17\n|\n|t:|1700339651\n|switch|p2a: Gliscor|Gliscor, F|100\/100 tox\n|move|p1a: Peakochu|Aura Wheel|p2a: Gliscor\n|-immune|p2a: Gliscor\n|\n|-formechange|p1a: Peakochu|Morpeko-Hangry||[from] ability: Hunger Switch\n|upkeep\n|turn|18\n|\n|t:|1700339657\n|move|p1a: Peakochu|Aura Wheel|p2a: Gliscor\n|-damage|p2a: Gliscor|66\/100 tox\n|-boost|p1a: Peakochu|spe|1\n|move|p2a: Gliscor|Earthquake|p1a: Peakochu\n|-supereffective|p1a: Peakochu\n|-damage|p1a: Peakochu|0 fnt\n|faint|p1a: Peakochu\n|\n|-heal|p2a: Gliscor|78\/100 tox|[from] ability: Poison Heal\n|upkeep\n|\n|t:|1700339662\n|switch|p1a: Ah-ha|Heracross, F|100\/100\n|-damage|p1a: Ah-ha|88\/100|[from] Stealth Rock\n|turn|19\n|\n|t:|1700339672\n|switch|p2a: Infernape|Infernape, F|100\/100\n|move|p1a: Ah-ha|Rock Blast|p2a: Infernape\n|-damage|p2a: Infernape|86\/100\n|-damage|p2a: Infernape|73\/100\n|-damage|p2a: Infernape|61\/100\n|-damage|p2a: Infernape|47\/100\n|-hitcount|p2a: Infernape|4\n|\n|upkeep\n|turn|20\n|\n|t:|1700339687\n|move|p2a: Infernape|Fire Punch|p1a: Ah-ha\n|-supereffective|p1a: Ah-ha\n|-damage|p1a: Ah-ha|0 fnt\n|faint|p1a: Ah-ha\n|\n|upkeep\n|\n|t:|1700339691\n|switch|p1a: Ah-gah-gah-ha|Kommo-o, F|100\/100\n|-damage|p1a: Ah-gah-gah-ha|94\/100|[from] Stealth Rock\n|turn|21\n|\n|t:|1700339697\n|switch|p2a: Gliscor|Gliscor, F|78\/100 tox\n|move|p1a: Ah-gah-gah-ha|Boomburst|p2a: Gliscor\n|-damage|p2a: Gliscor|46\/100 tox\n|-enditem|p1a: Ah-gah-gah-ha|Throat Spray\n|-boost|p1a: Ah-gah-gah-ha|spa|1|[from] item: Throat Spray\n|\n|-heal|p2a: Gliscor|58\/100 tox|[from] ability: Poison Heal\n|upkeep\n|turn|22\n|\n|t:|1700339702\n|move|p1a: Ah-gah-gah-ha|Boomburst|p2a: Gliscor\n|-damage|p2a: Gliscor|7\/100 tox\n|move|p2a: Gliscor|Earthquake|p1a: Ah-gah-gah-ha\n|-damage|p1a: Ah-gah-gah-ha|63\/100\n|\n|-heal|p2a: Gliscor|20\/100 tox|[from] ability: Poison Heal\n|upkeep\n|turn|23\n|\n|t:|1700339709\n|move|p1a: Ah-gah-gah-ha|Boomburst|p2a: Gliscor\n|-damage|p2a: Gliscor|0 fnt\n|faint|p2a: Gliscor\n|\n|upkeep\n|\n|t:|1700339710\n|switch|p2a: Rotom|Rotom-Wash|64\/100\n|turn|24\n|\n|t:|1700339713\n|move|p2a: Rotom|Protect|p2a: Rotom\n|-singleturn|p2a: Rotom|Protect\n|move|p1a: Ah-gah-gah-ha|Boomburst|p2a: Rotom\n|-activate|p2a: Rotom|move: Protect\n|\n|-heal|p2a: Rotom|69\/100|[from] item: Leftovers\n|upkeep\n|turn|25\n|\n|t:|1700339718\n|move|p1a: Ah-gah-gah-ha|Boomburst|p2a: Rotom\n|-damage|p2a: Rotom|18\/100\n|move|p2a: Rotom|Hydro Pump|p1a: Ah-gah-gah-ha\n|-resisted|p1a: Ah-gah-gah-ha\n|-damage|p1a: Ah-gah-gah-ha|41\/100\n|\n|-heal|p2a: Rotom|24\/100|[from] item: Leftovers\n|upkeep\n|turn|26\n|\n|t:|1700339727\n|move|p2a: Rotom|Protect|p2a: Rotom\n|-singleturn|p2a: Rotom|Protect\n|move|p1a: Ah-gah-gah-ha|Boomburst|p2a: Rotom\n|-activate|p2a: Rotom|move: Protect\n|\n|-heal|p2a: Rotom|30\/100|[from] item: Leftovers\n|upkeep\n|turn|27\n|\n|t:|1700339730\n|move|p1a: Ah-gah-gah-ha|Boomburst|p2a: Rotom\n|-damage|p2a: Rotom|0 fnt\n|faint|p2a: Rotom\n|\n|upkeep\n|\n|t:|1700339735\n|switch|p2a: Infernape|Infernape, F|47\/100\n|turn|28\n|\n|t:|1700339742\n|move|p2a: Infernape|U-turn|p1a: Ah-gah-gah-ha\n|-resisted|p1a: Ah-gah-gah-ha\n|-damage|p1a: Ah-gah-gah-ha|26\/100\n|\n|t:|1700339744\n|switch|p2a: Venusaur|Venusaur-Mega, F|41\/100|[from] U-turn\n|move|p1a: Ah-gah-gah-ha|Boomburst|p2a: Venusaur\n|-damage|p2a: Venusaur|0 fnt\n|faint|p2a: Venusaur\n|\n|upkeep\n|\n|t:|1700339745\n|switch|p2a: Infernape|Infernape, F|47\/100\n|turn|29\n|\n|t:|1700339750\n|move|p2a: Infernape|Close Combat|p1a: Ah-gah-gah-ha\n|-damage|p1a: Ah-gah-gah-ha|0 fnt\n|-unboost|p2a: Infernape|def|1\n|-unboost|p2a: Infernape|spd|1\n|faint|p1a: Ah-gah-gah-ha\n|\n|win|Prtbl_Trash\n|raw|Lumageist's rating: 1322 &rarr; <strong>1302<\/strong><br \/>(-20 for losing)\n|raw|Prtbl_Trash's rating: 1320 &rarr; <strong>1340<\/strong><br \/>(+20 for winning)\n|c|\u2606Lumageist|Gg\n|l|\u2606Lumageist\n|c|\u2606Prtbl_Trash|Gg\n","uploadtime":1700339766,"views":7,"p1id":"lumageist","p2id":"prtbltrash","formatid":"gen9nationaldex","rating":1302,"private":0,"password":""}