{"id":"gen9nationaldex-1994358840","p1":"Onlymanever","p2":"sowa_limez","format":"[Gen 9] National Dex","log":"|j|\u203dOnlymanever\n|j|\u2606sowa_limez\n|t:|1700434893\n|gametype|singles\n|player|p1|Onlymanever|lyra|1099\n|player|p2|sowa_limez|blue-gen1champion|1056\n|teamsize|p1|6\n|teamsize|p2|6\n|gen|9\n|tier|[Gen 9] National Dex\n|rated|\n|rule|HP Percentage Mod: HP is shown in percentages\n|rule|Endless Battle Clause: Forcing endless battles is banned\n|rule|OHKO Clause: OHKO moves are banned\n|rule|Evasion Clause: Evasion abilities, items, and moves are banned\n|rule|Evasion Abilities Clause: Evasion abilities are banned\n|rule|Evasion Items Clause: Evasion items are banned\n|rule|Evasion Moves Clause: Evasion moves are banned\n|rule|Species Clause: Limit one of each Pok\u00e9mon\n|rule|Sleep Clause Mod: Limit one foe put to sleep\n|clearpoke\n|poke|p1|Inteleon, M|\n|poke|p1|Leafeon, F|\n|poke|p1|Medicham, F|\n|poke|p1|Staraptor, F|\n|poke|p1|Ceruledge, F|\n|poke|p1|Electivire, M|\n|poke|p2|Bellibolt, M|\n|poke|p2|Boltund, F|\n|poke|p2|Heliolisk, F|\n|poke|p2|Zapdos|\n|poke|p2|Ampharos, F|\n|poke|p2|Togedemaru, F|\n|teampreview\n|\n|t:|1700434943\n|start\n|switch|p1a: Electivire|Electivire, M|100\/100\n|switch|p2a: Heliolisk|Heliolisk, F|100\/100\n|turn|1\n|\n|t:|1700434953\n|move|p2a: Heliolisk|Surf|p1a: Electivire\n|-crit|p1a: Electivire\n|-damage|p1a: Electivire|20\/100\n|-damage|p2a: Heliolisk|91\/100|[from] item: Life Orb\n|move|p1a: Electivire|Hammer Arm|p2a: Heliolisk\n|-supereffective|p2a: Heliolisk\n|-damage|p2a: Heliolisk|0 fnt\n|-unboost|p1a: Electivire|spe|1\n|faint|p2a: Heliolisk\n|\n|-heal|p1a: Electivire|26\/100|[from] item: Leftovers\n|upkeep\n|\n|t:|1700434959\n|switch|p2a: Togedemaru|Togedemaru, F|100\/100\n|turn|2\n|\n|t:|1700434979\n|move|p2a: Togedemaru|Agility|p2a: Togedemaru\n|-boost|p2a: Togedemaru|spe|2\n|move|p1a: Electivire|Hammer Arm|p2a: Togedemaru\n|-supereffective|p2a: Togedemaru\n|-ability|p2a: Togedemaru|Sturdy\n|-damage|p2a: Togedemaru|1\/100\n|-unboost|p1a: Electivire|spe|1\n|-enditem|p2a: Togedemaru|Weakness Policy\n|-boost|p2a: Togedemaru|atk|2|[from] item: Weakness Policy\n|-boost|p2a: Togedemaru|spa|2|[from] item: Weakness Policy\n|\n|-heal|p1a: Electivire|32\/100|[from] item: Leftovers\n|upkeep\n|turn|3\n|\n|t:|1700435000\n|switch|p1a: Staraptor|Staraptor, F|100\/100\n|move|p2a: Togedemaru|Poison Jab|p1a: Staraptor\n|-damage|p1a: Staraptor|26\/100\n|-status|p1a: Staraptor|psn\n|\n|-heal|p1a: Staraptor|33\/100 psn|[from] item: Leftovers\n|-damage|p1a: Staraptor|20\/100 psn|[from] psn\n|upkeep\n|turn|4\n|\n|t:|1700435012\n|move|p2a: Togedemaru|Zing Zap|p1a: Staraptor\n|-supereffective|p1a: Staraptor\n|-damage|p1a: Staraptor|0 fnt\n|faint|p1a: Staraptor\n|\n|upkeep\n|\n|t:|1700435019\n|switch|p1a: Inteleon|Inteleon, M|100\/100\n|turn|5\n|\n|t:|1700435023\n|move|p1a: Inteleon|Aqua Jet|p2a: Togedemaru\n|-damage|p2a: Togedemaru|0 fnt\n|faint|p2a: Togedemaru\n|\n|upkeep\n|\n|t:|1700435029\n|switch|p2a: Bellibolt|Bellibolt, M, shiny|100\/100\n|turn|6\n|\n|t:|1700435054\n|-terastallize|p1a: Inteleon|Ice\n|move|p1a: Inteleon|Ice Beam|p2a: Bellibolt\n|-damage|p2a: Bellibolt|46\/100\n|-start|p2a: Bellibolt|Charge|Ice Beam|[from] ability: Electromorphosis\n|move|p2a: Bellibolt|Thunderbolt|p1a: Inteleon\n|-damage|p1a: Inteleon|0 fnt\n|faint|p1a: Inteleon\n|-end|p2a: Bellibolt|Charge|[silent]\n|\n|upkeep\n|\n|t:|1700435067\n|switch|p1a: Leafeon|Leafeon, F|100\/100\n|turn|7\n|\n|t:|1700435074\n|move|p1a: Leafeon|Calm Mind|p1a: Leafeon\n|-boost|p1a: Leafeon|spa|1\n|-boost|p1a: Leafeon|spd|1\n|move|p2a: Bellibolt|Thunder|p1a: Leafeon\n|-resisted|p1a: Leafeon\n|-damage|p1a: Leafeon|81\/100\n|\n|-heal|p1a: Leafeon|87\/100|[from] item: Leftovers\n|upkeep\n|turn|8\n|inactive|Battle timer is ON: inactive players will automatically lose when time's up. (requested by Onlymanever)\n|-message|sowa_limez forfeited.\n|\n|win|Onlymanever\n|raw|Onlymanever's rating: 1099 &rarr; <strong>1121<\/strong><br \/>(+22 for winning)\n|raw|sowa_limez's rating: 1056 &rarr; <strong>1040<\/strong><br \/>(-16 for losing)\n|l|\u2606sowa_limez\n","uploadtime":1700435086,"views":6,"p1id":"onlymanever","p2id":"sowalimez","formatid":"gen9nationaldex","rating":1040,"private":0,"password":""}