{"id":"gen9nationaldex-1995058828","p1":"trustlauncher","p2":"RakzoTR","format":"[Gen 9] National Dex","log":"|html|<div class=\"broadcast-blue\"><strong>[Gen 9] National Dex is currently suspecting Sneasler! For information on how to participate check out the <a href=\"https:\/\/www.smogon.com\/forums\/threads\/sv-national-dex-suspect-8-just-dance.3731534\/\">suspect thread<\/a>.<\/strong><\/div>\n|j|\u2606trustlauncher\n|j|\u2606RakzoTR\n|t:|1700518091\n|gametype|singles\n|player|p1|trustlauncher|170|1499\n|player|p2|RakzoTR|gambler|1481\n|teamsize|p1|6\n|teamsize|p2|6\n|gen|9\n|tier|[Gen 9] National Dex\n|rated|\n|rule|HP Percentage Mod: HP is shown in percentages\n|rule|Endless Battle Clause: Forcing endless battles is banned\n|rule|OHKO Clause: OHKO moves are banned\n|rule|Evasion Clause: Evasion abilities, items, and moves are banned\n|rule|Evasion Abilities Clause: Evasion abilities are banned\n|rule|Evasion Items Clause: Evasion items are banned\n|rule|Evasion Moves Clause: Evasion moves are banned\n|rule|Species Clause: Limit one of each Pok\u00e9mon\n|rule|Sleep Clause Mod: Limit one foe put to sleep\n|clearpoke\n|poke|p1|Tapu Lele|\n|poke|p1|Toxapex, M|\n|poke|p1|Garganacl, M|\n|poke|p1|Hippowdon, F|\n|poke|p1|Mandibuzz, F|\n|poke|p1|Scizor, M|\n|poke|p2|Goodra-Hisui, F|\n|poke|p2|Ogerpon-Wellspring, F|\n|poke|p2|Donphan, M|\n|poke|p2|Zamazenta-*|\n|poke|p2|Cinderace, M|\n|poke|p2|Zapdos|\n|teampreview\n|inactive|Battle timer is ON: inactive players will automatically lose when time's up. (requested by trustlauncher)\n|\n|t:|1700518113\n|start\n|switch|p1a: Scizor|Scizor, M|100\/100\n|switch|p2a: Ogo|Ogerpon-Wellspring, F|100\/100\n|turn|1\n|\n|t:|1700518122\n|switch|p2a: Zip-Zap-Dos|Zapdos|100\/100\n|detailschange|p1a: Scizor|Scizor-Mega, M\n|-mega|p1a: Scizor|Scizor|Scizorite\n|move|p1a: Scizor|Knock Off|p2a: Zip-Zap-Dos\n|-damage|p2a: Zip-Zap-Dos|66\/100\n|-damage|p1a: Scizor|84\/100|[from] item: Rocky Helmet|[of] p2a: Zip-Zap-Dos\n|-enditem|p2a: Zip-Zap-Dos|Rocky Helmet|[from] move: Knock Off|[of] p1a: Scizor\n|\n|upkeep\n|turn|2\n|\n|t:|1700518127\n|switch|p1a: Hippowdon|Hippowdon, F|100\/100\n|-weather|Sandstorm|[from] ability: Sand Stream|[of] p1a: Hippowdon\n|move|p2a: Zip-Zap-Dos|Hurricane|p1a: Hippowdon|[miss]\n|-miss|p2a: Zip-Zap-Dos|p1a: Hippowdon\n|\n|-weather|Sandstorm|[upkeep]\n|-damage|p2a: Zip-Zap-Dos|60\/100|[from] Sandstorm\n|upkeep\n|turn|3\n|\n|t:|1700518134\n|move|p2a: Zip-Zap-Dos|Hurricane|p1a: Hippowdon\n|-damage|p1a: Hippowdon|57\/100\n|-start|p1a: Hippowdon|confusion\n|-activate|p1a: Hippowdon|confusion\n|move|p1a: Hippowdon|Stealth Rock|p2a: Zip-Zap-Dos\n|-sidestart|p2: RakzoTR|move: Stealth Rock\n|\n|-weather|Sandstorm|[upkeep]\n|-damage|p2a: Zip-Zap-Dos|54\/100|[from] Sandstorm\n|-heal|p1a: Hippowdon|64\/100|[from] item: Leftovers\n|upkeep\n|turn|4\n|\n|t:|1700518146\n|switch|p1a: Garganacl|Garganacl, M|100\/100\n|move|p2a: Zip-Zap-Dos|Hurricane|p1a: Garganacl|[miss]\n|-miss|p2a: Zip-Zap-Dos|p1a: Garganacl\n|\n|-weather|Sandstorm|[upkeep]\n|-damage|p2a: Zip-Zap-Dos|48\/100|[from] Sandstorm\n|upkeep\n|turn|5\n|\n|t:|1700518150\n|move|p2a: Zip-Zap-Dos|Roost|p2a: Zip-Zap-Dos\n|-heal|p2a: Zip-Zap-Dos|98\/100\n|-singleturn|p2a: Zip-Zap-Dos|move: Roost\n|move|p1a: Garganacl|Salt Cure|p2a: Zip-Zap-Dos\n|-damage|p2a: Zip-Zap-Dos|83\/100\n|-start|p2a: Zip-Zap-Dos|Salt Cure\n|\n|-weather|Sandstorm|[upkeep]\n|-damage|p2a: Zip-Zap-Dos|77\/100|[from] Sandstorm\n|-damage|p2a: Zip-Zap-Dos|65\/100|[from] Salt Cure\n|upkeep\n|turn|6\n|\n|t:|1700518160\n|move|p2a: Zip-Zap-Dos|Volt Switch|p1a: Garganacl\n|-damage|p1a: Garganacl|83\/100\n|\n|t:|1700518167\n|switch|p2a: Kandula|Donphan, M|100\/100|[from] Volt Switch\n|move|p1a: Garganacl|Salt Cure|p2a: Kandula\n|-resisted|p2a: Kandula\n|-crit|p2a: Kandula\n|-damage|p2a: Kandula|91\/100\n|-start|p2a: Kandula|Salt Cure\n|\n|-weather|none\n|-heal|p1a: Garganacl|90\/100|[from] item: Leftovers\n|-damage|p2a: Kandula|79\/100|[from] Salt Cure\n|upkeep\n|turn|7\n|\n|t:|1700518177\n|switch|p2a: Rammot|Cinderace, M|100\/100\n|move|p1a: Garganacl|Iron Defense|p1a: Garganacl\n|-boost|p1a: Garganacl|def|2\n|\n|-heal|p1a: Garganacl|96\/100|[from] item: Leftovers\n|upkeep\n|turn|8\n|\n|t:|1700518182\n|move|p2a: Rammot|Court Change|p2a: Rammot\n|-swapsideconditions\n|-activate|p2a: Rammot|move: Court Change\n|move|p1a: Garganacl|Salt Cure|p2a: Rammot\n|-supereffective|p2a: Rammot\n|-damage|p2a: Rammot|70\/100\n|-start|p2a: Rammot|Salt Cure\n|\n|-heal|p1a: Garganacl|100\/100|[from] item: Leftovers\n|-damage|p2a: Rammot|58\/100|[from] Salt Cure\n|upkeep\n|turn|9\n|\n|t:|1700518191\n|switch|p2a: Kandula|Donphan, M|79\/100\n|move|p1a: Garganacl|Salt Cure|p2a: Kandula\n|-resisted|p2a: Kandula\n|-damage|p2a: Kandula|72\/100\n|-start|p2a: Kandula|Salt Cure\n|\n|-damage|p2a: Kandula|60\/100|[from] Salt Cure\n|upkeep\n|turn|10\n|\n|t:|1700518200\n|move|p2a: Kandula|Earthquake|p1a: Garganacl\n|-supereffective|p1a: Garganacl\n|-damage|p1a: Garganacl|69\/100\n|move|p1a: Garganacl|Body Press|p2a: Kandula\n|-damage|p2a: Kandula|14\/100\n|\n|-heal|p1a: Garganacl|75\/100|[from] item: Leftovers\n|-damage|p2a: Kandula|2\/100|[from] Salt Cure\n|upkeep\n|turn|11\n|\n|t:|1700518207\n|move|p2a: Kandula|Endeavor|p1a: Garganacl\n|-damage|p1a: Garganacl|1\/100\n|move|p1a: Garganacl|Recover|p1a: Garganacl\n|-heal|p1a: Garganacl|51\/100\n|\n|-heal|p1a: Garganacl|58\/100|[from] item: Leftovers\n|-damage|p2a: Kandula|0 fnt|[from] Salt Cure\n|faint|p2a: Kandula\n|upkeep\n|\n|t:|1700518212\n|switch|p2a: Rammot|Cinderace, M|58\/100\n|turn|12\n|\n|t:|1700518219\n|switch|p2a: Rhaenyra|Goodra-Hisui, F|100\/100\n|move|p1a: Garganacl|Salt Cure|p2a: Rhaenyra\n|-resisted|p2a: Rhaenyra\n|-damage|p2a: Rhaenyra|93\/100\n|-start|p2a: Rhaenyra|Salt Cure\n|\n|-heal|p1a: Garganacl|64\/100|[from] item: Leftovers\n|-damage|p2a: Rhaenyra|68\/100|[from] Salt Cure\n|upkeep\n|turn|13\n|\n|t:|1700518225\n|move|p2a: Rhaenyra|Flash Cannon|p1a: Garganacl\n|-supereffective|p1a: Garganacl\n|-damage|p1a: Garganacl|8\/100\n|move|p1a: Garganacl|Body Press|p2a: Rhaenyra\n|-supereffective|p2a: Rhaenyra\n|-damage|p2a: Rhaenyra|0 fnt\n|faint|p2a: Rhaenyra\n|\n|-heal|p1a: Garganacl|15\/100|[from] item: Leftovers\n|upkeep\n|\n|t:|1700518229\n|switch|p2a: Ogo|Ogerpon-Wellspring, F|100\/100\n|turn|14\n|\n|t:|1700518233\n|move|p2a: Ogo|Ivy Cudgel|p1a: Garganacl|[anim] Ivy Cudgel Water\n|-supereffective|p1a: Garganacl\n|-damage|p1a: Garganacl|0 fnt\n|faint|p1a: Garganacl\n|\n|upkeep\n|\n|t:|1700518240\n|switch|p1a: Mandibuzz|Mandibuzz, F|100\/100\n|turn|15\n|\n|t:|1700518244\n|switch|p2a: Zip-Zap-Dos|Zapdos|65\/100\n|move|p1a: Mandibuzz|Defog|p2a: Zip-Zap-Dos\n|-unboost|p2a: Zip-Zap-Dos|evasion|1\n|-sideend|p1: trustlauncher|Stealth Rock|[from] move: Defog|[of] p1a: Mandibuzz\n|\n|upkeep\n|turn|16\n|\n|t:|1700518248\n|switch|p1a: Hippowdon|Hippowdon, F|64\/100\n|-weather|Sandstorm|[from] ability: Sand Stream|[of] p1a: Hippowdon\n|move|p2a: Zip-Zap-Dos|Hurricane|p1a: Hippowdon\n|-damage|p1a: Hippowdon|19\/100\n|\n|-weather|Sandstorm|[upkeep]\n|-damage|p2a: Zip-Zap-Dos|59\/100|[from] Sandstorm\n|-heal|p1a: Hippowdon|25\/100|[from] item: Leftovers\n|upkeep\n|turn|17\n|\n|t:|1700518255\n|move|p2a: Zip-Zap-Dos|Hurricane|p1a: Hippowdon\n|-damage|p1a: Hippowdon|0 fnt\n|faint|p1a: Hippowdon\n|\n|-weather|Sandstorm|[upkeep]\n|-damage|p2a: Zip-Zap-Dos|53\/100|[from] Sandstorm\n|upkeep\n|\n|t:|1700518260\n|switch|p1a: Tapu Lele|Tapu Lele|100\/100\n|-fieldstart|move: Psychic Terrain|[from] ability: Psychic Surge|[of] p1a: Tapu Lele\n|turn|18\n|\n|t:|1700518270\n|switch|p2a: Rammot|Cinderace, M|58\/100\n|move|p1a: Tapu Lele|Calm Mind|p1a: Tapu Lele\n|-boost|p1a: Tapu Lele|spa|1\n|-boost|p1a: Tapu Lele|spd|1\n|\n|-weather|Sandstorm|[upkeep]\n|-damage|p2a: Rammot|52\/100|[from] Sandstorm\n|-damage|p1a: Tapu Lele|94\/100|[from] Sandstorm\n|-heal|p1a: Tapu Lele|100\/100|[from] item: Leftovers\n|upkeep\n|turn|19\n|\n|t:|1700518280\n|move|p2a: Rammot|Pyro Ball|p1a: Tapu Lele\n|-damage|p1a: Tapu Lele|57\/100\n|move|p1a: Tapu Lele|Iron Defense|p1a: Tapu Lele\n|-boost|p1a: Tapu Lele|def|2\n|\n|-weather|Sandstorm|[upkeep]\n|-damage|p2a: Rammot|46\/100|[from] Sandstorm\n|-damage|p1a: Tapu Lele|51\/100|[from] Sandstorm\n|-heal|p1a: Tapu Lele|57\/100|[from] item: Leftovers\n|upkeep\n|turn|20\n|\n|t:|1700518286\n|move|p2a: Rammot|Pyro Ball|p1a: Tapu Lele\n|-damage|p1a: Tapu Lele|38\/100\n|move|p1a: Tapu Lele|Stored Power|p2a: Rammot\n|-damage|p2a: Rammot|0 fnt\n|faint|p2a: Rammot\n|\n|-weather|none\n|-heal|p1a: Tapu Lele|44\/100|[from] item: Leftovers\n|upkeep\n|\n|t:|1700518288\n|switch|p2a: Ogo|Ogerpon-Wellspring, F|100\/100\n|turn|21\n|\n|t:|1700518297\n|-terastallize|p2a: Ogo|Water\n|detailschange|p2a: Ogo|Ogerpon-Wellspring-Tera, F, tera:Water\n|-ability|p2a: Ogo|Embody Aspect (Wellspring)|boost\n|-boost|p2a: Ogo|spd|1\n|-terastallize|p1a: Tapu Lele|Steel\n|move|p2a: Ogo|Ivy Cudgel|p1a: Tapu Lele|[anim] Ivy Cudgel Water\n|-damage|p1a: Tapu Lele|8\/100\n|move|p1a: Tapu Lele|Stored Power|p2a: Ogo\n|-damage|p2a: Ogo|37\/100\n|\n|-heal|p1a: Tapu Lele|14\/100|[from] item: Leftovers\n|upkeep\n|turn|22\n|\n|t:|1700518311\n|move|p2a: Ogo|Ivy Cudgel|p1a: Tapu Lele|[anim] Ivy Cudgel Water\n|-crit|p1a: Tapu Lele\n|-damage|p1a: Tapu Lele|0 fnt\n|faint|p1a: Tapu Lele\n|\n|-fieldend|move: Psychic Terrain\n|upkeep\n|\n|t:|1700518314\n|switch|p1a: Toxapex|Toxapex, M|100\/100\n|turn|23\n|\n|t:|1700518318\n|move|p2a: Ogo|Substitute|p2a: Ogo\n|-start|p2a: Ogo|Substitute\n|-damage|p2a: Ogo|12\/100\n|move|p1a: Toxapex|Toxic||[still]\n|-fail|p1a: Toxapex\n|\n|upkeep\n|turn|24\n|\n|t:|1700518323\n|move|p2a: Ogo|Swords Dance|p2a: Ogo\n|-boost|p2a: Ogo|atk|2\n|move|p1a: Toxapex|Scald|p2a: Ogo\n|-resisted|p2a: Ogo\n|-activate|p2a: Ogo|move: Substitute|[damage]\n|\n|upkeep\n|turn|25\n|\n|t:|1700518335\n|move|p2a: Ogo|Zen Headbutt|p1a: Toxapex\n|-supereffective|p1a: Toxapex\n|-crit|p1a: Toxapex\n|-damage|p1a: Toxapex|0 fnt\n|faint|p1a: Toxapex\n|\n|upkeep\n|l|\u2606trustlauncher\n|inactive|trustlauncher disconnected and has a minute to reconnect!\n|player|p1|\n|inactive|trustlauncher has 30 seconds to reconnect!\n|inactive|trustlauncher has 20 seconds to reconnect!\n|inactive|trustlauncher has 15 seconds to reconnect!\n|inactive|trustlauncher has 10 seconds to reconnect!\n|inactive|trustlauncher has 5 seconds to reconnect!\n|-message|trustlauncher lost due to inactivity.\n|\n|win|RakzoTR\n|raw|trustlauncher's rating: 1499 &rarr; <strong>1478<\/strong><br \/>(-21 for losing)\n|raw|RakzoTR's rating: 1481 &rarr; <strong>1502<\/strong><br \/>(+21 for winning)\n","uploadtime":1700518488,"views":2,"p1id":"trustlauncher","p2id":"rakzotr","formatid":"gen9nationaldex","rating":1478,"private":0,"password":""}