{"id":"gen9nationaldex-1993069211","p1":"Sai4rr","p2":"ericmont","format":"[Gen 9] National Dex","log":"|j|\u2606Sai4rr\n|j|\u2606ericmont\n|t:|1700261263\n|gametype|singles\n|player|p1|Sai4rr|elesa|\n|player|p2|ericmont|bertha|\n|teamsize|p1|6\n|teamsize|p2|6\n|gen|9\n|tier|[Gen 9] National Dex\n|rule|HP Percentage Mod: HP is shown in percentages\n|rule|Endless Battle Clause: Forcing endless battles is banned\n|rule|OHKO Clause: OHKO moves are banned\n|rule|Evasion Clause: Evasion abilities, items, and moves are banned\n|rule|Evasion Abilities Clause: Evasion abilities are banned\n|rule|Evasion Items Clause: Evasion items are banned\n|rule|Evasion Moves Clause: Evasion moves are banned\n|rule|Species Clause: Limit one of each Pok\u00e9mon\n|rule|Sleep Clause Mod: Limit one foe put to sleep\n|clearpoke\n|poke|p1|Sneasler, F|\n|poke|p1|Medicham, M|\n|poke|p1|Greninja-*, M|\n|poke|p1|Espeon, F|\n|poke|p1|Dragonite, M|\n|poke|p1|Cetitan, F|\n|poke|p2|Hippowdon, M|\n|poke|p2|Gastrodon, F|\n|poke|p2|Iron Moth|\n|poke|p2|Sandy Shocks|\n|poke|p2|Great Tusk|\n|poke|p2|Garchomp, M|\n|teampreview\n|\n|t:|1700261275\n|start\n|switch|p1a: Psique|Espeon, F|100\/100\n|switch|p2a: Hippowdon|Hippowdon, M|100\/100\n|-weather|Sandstorm|[from] ability: Sand Stream|[of] p2a: Hippowdon\n|turn|1\n|j| Void280\n|c| Void280|Nmms ese Espeon\n|\n|t:|1700261286\n|-zpower|p1a: Psique\n|move|p1a: Psique|Z-Celebrate|p1a: Psique|[anim]Celebrate\n|-boost|p1a: Psique|atk|1|[zeffect]\n|-boost|p1a: Psique|def|1|[zeffect]\n|-boost|p1a: Psique|spa|1|[zeffect]\n|-boost|p1a: Psique|spd|1|[zeffect]\n|-boost|p1a: Psique|spe|1|[zeffect]\n|-activate|p1a: Psique|move: Celebrate\n|move|p2a: Hippowdon|Whirlwind|p1a: Psique\n|move|p1a: Psique|Whirlwind|p2a: Hippowdon|[from]ability: Magic Bounce\n|drag|p2a: Great Tusk|Great Tusk|100\/100\n|\n|-weather|Sandstorm|[upkeep]\n|-damage|p1a: Psique|95\/100|[from] Sandstorm\n|upkeep\n|turn|2\n|c| Void280|Es mi Espeon\n|c|\u2606Sai4rr|Si\n|c|\u2606ericmont|Pense que solo tenia synchronize\n|c|\u2606ericmont|Waos\n|\n|t:|1700261333\n|move|p1a: Psique|Stored Power|p2a: Great Tusk\n|-supereffective|p2a: Great Tusk\n|-damage|p2a: Great Tusk|0 fnt\n|faint|p2a: Great Tusk\n|-end|p2a: Great Tusk|Protosynthesis|[silent]\n|\n|-weather|Sandstorm|[upkeep]\n|-damage|p1a: Psique|89\/100|[from] Sandstorm\n|upkeep\n|\n|t:|1700261344\n|switch|p2a: Gastrodon|Gastrodon, F|100\/100\n|turn|3\n|\n|t:|1700261352\n|move|p1a: Psique|Stored Power|p2a: Gastrodon\n|-damage|p2a: Gastrodon|16\/100\n|move|p2a: Gastrodon|Scald|p1a: Psique\n|-damage|p1a: Psique|67\/100\n|\n|-weather|Sandstorm|[upkeep]\n|-damage|p1a: Psique|61\/100|[from] Sandstorm\n|upkeep\n|turn|4\n|\n|t:|1700261361\n|move|p1a: Psique|Stored Power|p2a: Gastrodon\n|-damage|p2a: Gastrodon|0 fnt\n|faint|p2a: Gastrodon\n|\n|-weather|Sandstorm|[upkeep]\n|-damage|p1a: Psique|55\/100|[from] Sandstorm\n|upkeep\n|\n|t:|1700261381\n|switch|p2a: Garchomp|Garchomp, M|100\/100\n|turn|5\n|\n|t:|1700261385\n|detailschange|p2a: Garchomp|Garchomp-Mega, M\n|-mega|p2a: Garchomp|Garchomp|Garchompite\n|move|p1a: Psique|Dazzling Gleam|p2a: Garchomp\n|-supereffective|p2a: Garchomp\n|-damage|p2a: Garchomp|17\/100\n|move|p2a: Garchomp|Earthquake|p1a: Psique\n|-damage|p1a: Psique|0 fnt\n|faint|p1a: Psique\n|\n|-weather|none\n|upkeep\n|\n|t:|1700261397\n|switch|p1a: ArribaEspa\u00f1a|Dragonite, M, shiny|100\/100\n|turn|6\n|\n|t:|1700261407\n|switch|p2a: Hippowdon|Hippowdon, M|100\/100\n|-weather|Sandstorm|[from] ability: Sand Stream|[of] p2a: Hippowdon\n|move|p1a: ArribaEspa\u00f1a|Dragon Dance|p1a: ArribaEspa\u00f1a\n|-boost|p1a: ArribaEspa\u00f1a|atk|1\n|-boost|p1a: ArribaEspa\u00f1a|spe|1\n|\n|-weather|Sandstorm|[upkeep]\n|-damage|p1a: ArribaEspa\u00f1a|94\/100|[from] Sandstorm\n|upkeep\n|turn|7\n|\n|t:|1700261426\n|move|p1a: ArribaEspa\u00f1a|Earthquake|p2a: Hippowdon\n|-damage|p2a: Hippowdon|71\/100\n|move|p2a: Hippowdon|Whirlwind|p1a: ArribaEspa\u00f1a\n|drag|p1a: La veneno|Sneasler, F, shiny|100\/100\n|\n|-weather|Sandstorm|[upkeep]\n|-damage|p1a: La veneno|95\/100|[from] Sandstorm\n|-heal|p2a: Hippowdon|78\/100|[from] item: Leftovers\n|upkeep\n|turn|8\n|\n|t:|1700261446\n|-terastallize|p1a: La veneno|Flying\n|move|p1a: La veneno|Swords Dance|p1a: La veneno\n|-boost|p1a: La veneno|atk|2\n|move|p2a: Hippowdon|Stealth Rock|p1a: La veneno\n|-sidestart|p1: Sai4rr|move: Stealth Rock\n|\n|-weather|Sandstorm|[upkeep]\n|-damage|p1a: La veneno|89\/100|[from] Sandstorm\n|-heal|p2a: Hippowdon|84\/100|[from] item: Leftovers\n|upkeep\n|turn|9\n|\n|t:|1700261457\n|move|p1a: La veneno|Acrobatics|p2a: Hippowdon\n|-damage|p2a: Hippowdon|51\/100\n|move|p2a: Hippowdon|Whirlwind|p1a: La veneno\n|drag|p1a: ArribaEspa\u00f1a|Dragonite, M, shiny|94\/100\n|\n|-weather|Sandstorm|[upkeep]\n|-damage|p1a: ArribaEspa\u00f1a|88\/100|[from] Sandstorm\n|-heal|p2a: Hippowdon|57\/100|[from] item: Leftovers\n|upkeep\n|turn|10\n|\n|t:|1700261469\n|move|p1a: ArribaEspa\u00f1a|Extreme Speed|p2a: Hippowdon\n|-damage|p2a: Hippowdon|40\/100\n|move|p2a: Hippowdon|Slack Off|p2a: Hippowdon\n|-heal|p2a: Hippowdon|90\/100\n|\n|-weather|none\n|-heal|p2a: Hippowdon|96\/100|[from] item: Leftovers\n|upkeep\n|turn|11\n|\n|t:|1700261481\n|move|p1a: ArribaEspa\u00f1a|Dragon Dance|p1a: ArribaEspa\u00f1a\n|-boost|p1a: ArribaEspa\u00f1a|atk|1\n|-boost|p1a: ArribaEspa\u00f1a|spe|1\n|move|p2a: Hippowdon|Whirlwind|p1a: ArribaEspa\u00f1a\n|drag|p1a: La veneno|Sneasler, F, shiny, tera:Flying|89\/100\n|-damage|p1a: La veneno|64\/100|[from] Stealth Rock\n|\n|-heal|p2a: Hippowdon|100\/100|[from] item: Leftovers\n|upkeep\n|turn|12\n|\n|t:|1700261494\n|move|p1a: La veneno|Dire Claw|p2a: Hippowdon\n|-resisted|p2a: Hippowdon\n|-damage|p2a: Hippowdon|89\/100\n|-status|p2a: Hippowdon|par\n|move|p2a: Hippowdon|Whirlwind|p1a: La veneno\n|drag|p1a: Cetitan|Cetitan, F, shiny|100\/100\n|-damage|p1a: Cetitan|76\/100|[from] Stealth Rock\n|\n|-heal|p2a: Hippowdon|95\/100 par|[from] item: Leftovers\n|upkeep\n|turn|13\n|\n|t:|1700261515\n|move|p1a: Cetitan|Ice Shard|p2a: Hippowdon\n|-supereffective|p2a: Hippowdon\n|-damage|p2a: Hippowdon|75\/100 par\n|move|p2a: Hippowdon|Whirlwind|p1a: Cetitan\n|drag|p1a: Yosuke|Greninja, M|100\/100\n|-damage|p1a: Yosuke|88\/100|[from] Stealth Rock\n|\n|-heal|p2a: Hippowdon|81\/100 par|[from] item: Leftovers\n|upkeep\n|turn|14\n|c|\u2606Sai4rr|Valiste verga\n|\n|t:|1700261530\n|switch|p2a: Garchomp|Garchomp-Mega, M|17\/100\n|move|p1a: Yosuke|Ice Beam|p2a: Garchomp\n|-supereffective|p2a: Garchomp\n|-damage|p2a: Garchomp|0 fnt\n|faint|p2a: Garchomp\n|-ability|p1a: Yosuke|Battle Bond|boost\n|-boost|p1a: Yosuke|atk|1\n|-boost|p1a: Yosuke|spa|1\n|-boost|p1a: Yosuke|spe|1\n|-activate|p1a: Yosuke|ability: Battle Bond\n|\n|upkeep\n|\n|t:|1700261535\n|switch|p2a: Iron Moth|Iron Moth|100\/100\n|turn|15\n|\n|t:|1700261548\n|-terastallize|p2a: Iron Moth|Ice\n|move|p1a: Yosuke|Ice Beam|p2a: Iron Moth\n|-resisted|p2a: Iron Moth\n|-damage|p2a: Iron Moth|68\/100\n|move|p2a: Iron Moth|Energy Ball|p1a: Yosuke\n|-supereffective|p1a: Yosuke\n|-damage|p1a: Yosuke|0 fnt\n|faint|p1a: Yosuke\n|\n|upkeep\n|\n|t:|1700261565\n|switch|p1a: La veneno|Sneasler, F, shiny, tera:Flying|64\/100\n|-damage|p1a: La veneno|39\/100|[from] Stealth Rock\n|turn|16\n|\n|t:|1700261571\n|-end|p2a: Iron Moth|Quark Drive|[silent]\n|switch|p2a: Hippowdon|Hippowdon, M|81\/100 par\n|-weather|Sandstorm|[from] ability: Sand Stream|[of] p2a: Hippowdon\n|move|p1a: La veneno|Close Combat|p2a: Hippowdon\n|-damage|p2a: Hippowdon|46\/100 par\n|-unboost|p1a: La veneno|def|1\n|-unboost|p1a: La veneno|spd|1\n|-enditem|p1a: La veneno|White Herb\n|-clearnegativeboost|p1a: La veneno|[silent]\n|\n|-weather|Sandstorm|[upkeep]\n|-damage|p1a: La veneno|33\/100|[from] Sandstorm\n|-heal|p2a: Hippowdon|52\/100 par|[from] item: Leftovers\n|upkeep\n|turn|17\n|\n|t:|1700261585\n|move|p1a: La veneno|Close Combat|p2a: Hippowdon\n|-damage|p2a: Hippowdon|15\/100 par\n|-unboost|p1a: La veneno|def|1\n|-unboost|p1a: La veneno|spd|1\n|move|p2a: Hippowdon|Slack Off|p2a: Hippowdon\n|-heal|p2a: Hippowdon|65\/100 par\n|\n|-weather|Sandstorm|[upkeep]\n|-damage|p1a: La veneno|27\/100|[from] Sandstorm\n|-heal|p2a: Hippowdon|71\/100 par|[from] item: Leftovers\n|upkeep\n|turn|18\n|\n|t:|1700261602\n|move|p1a: La veneno|Acrobatics|p2a: Hippowdon\n|-damage|p2a: Hippowdon|39\/100 par\n|cant|p2a: Hippowdon|par\n|\n|-weather|Sandstorm|[upkeep]\n|-damage|p1a: La veneno|21\/100|[from] Sandstorm\n|-heal|p2a: Hippowdon|45\/100 par|[from] item: Leftovers\n|upkeep\n|turn|19\n|\n|t:|1700261619\n|move|p1a: La veneno|Acrobatics|p2a: Hippowdon\n|-damage|p2a: Hippowdon|11\/100 par\n|move|p2a: Hippowdon|Slack Off|p2a: Hippowdon\n|-heal|p2a: Hippowdon|61\/100 par\n|\n|-weather|Sandstorm|[upkeep]\n|-damage|p1a: La veneno|15\/100|[from] Sandstorm\n|-heal|p2a: Hippowdon|67\/100 par|[from] item: Leftovers\n|upkeep\n|turn|20\n|j| Sylveon(404)\n|\n|t:|1700261630\n|move|p1a: La veneno|Acrobatics|p2a: Hippowdon\n|-damage|p2a: Hippowdon|32\/100 par\n|move|p2a: Hippowdon|Slack Off|p2a: Hippowdon\n|-heal|p2a: Hippowdon|82\/100 par\n|\n|-weather|none\n|-heal|p2a: Hippowdon|88\/100 par|[from] item: Leftovers\n|upkeep\n|turn|21\n|\n|t:|1700261642\n|move|p1a: La veneno|Acrobatics|p2a: Hippowdon\n|-damage|p2a: Hippowdon|58\/100 par\n|move|p2a: Hippowdon|Whirlwind|p1a: La veneno\n|drag|p1a: Mediputas|Medicham, M, shiny|100\/100\n|-damage|p1a: Mediputas|94\/100|[from] Stealth Rock\n|\n|-heal|p2a: Hippowdon|64\/100 par|[from] item: Leftovers\n|upkeep\n|turn|22\n|\n|t:|1700261653\n|detailschange|p1a: Mediputas|Medicham-Mega, M, shiny\n|-mega|p1a: Mediputas|Medicham|Medichamite\n|move|p1a: Mediputas|Fake Out|p2a: Hippowdon\n|-damage|p2a: Hippowdon|52\/100 par\n|cant|p2a: Hippowdon|flinch\n|\n|-heal|p2a: Hippowdon|58\/100 par|[from] item: Leftovers\n|upkeep\n|turn|23\n|l| Sylveon(404)\n|\n|t:|1700261663\n|move|p1a: Mediputas|Ice Punch|p2a: Hippowdon\n|-supereffective|p2a: Hippowdon\n|-damage|p2a: Hippowdon|12\/100 par\n|move|p2a: Hippowdon|Earthquake|p1a: Mediputas\n|-damage|p1a: Mediputas|36\/100\n|\n|-heal|p2a: Hippowdon|18\/100 par|[from] item: Leftovers\n|upkeep\n|turn|24\n|j| PeppsiAsiEs\n|\n|t:|1700261675\n|move|p1a: Mediputas|Ice Punch|p2a: Hippowdon\n|-supereffective|p2a: Hippowdon\n|-damage|p2a: Hippowdon|0 fnt\n|faint|p2a: Hippowdon\n|\n|upkeep\n|c| PeppsiAsiEs|omaga\n|\n|t:|1700261686\n|switch|p2a: Iron Moth|Iron Moth, tera:Ice|68\/100\n|turn|25\n|c| PeppsiAsiEs|que estan viendo mis ojos\n|\n|t:|1700261694\n|move|p2a: Iron Moth|Fiery Dance|p1a: Mediputas\n|-damage|p1a: Mediputas|0 fnt\n|-boost|p2a: Iron Moth|spa|1\n|faint|p1a: Mediputas\n|\n|upkeep\n|\n|t:|1700261702\n|switch|p1a: La veneno|Sneasler, F, shiny, tera:Flying|15\/100\n|-damage|p1a: La veneno|0 fnt|[from] Stealth Rock\n|faint|p1a: La veneno\n|c| PeppsiAsiEs|c viene remontada creo\n|c|\u2606Sai4rr|Maldita sea\n|\n|t:|1700261719\n|switch|p1a: Cetitan|Cetitan, F, shiny|76\/100\n|-damage|p1a: Cetitan|51\/100|[from] Stealth Rock\n|turn|26\n|\n|t:|1700261730\n|move|p2a: Iron Moth|Fiery Dance|p1a: Cetitan\n|-supereffective|p1a: Cetitan\n|-damage|p1a: Cetitan|0 fnt\n|-boost|p2a: Iron Moth|spa|1\n|faint|p1a: Cetitan\n|\n|upkeep\n|\n|t:|1700261737\n|switch|p1a: ArribaEspa\u00f1a|Dragonite, M, shiny|88\/100\n|turn|27\n|c| PeppsiAsiEs|no tienes tera normal extreme speed?\n|c|\u2606Sai4rr|No\n|c| PeppsiAsiEs|mal dragonite\n|c|\u2606Sai4rr|La tera la gast\u00e9 en Sneasler\n|\n|t:|1700261764\n|move|p1a: ArribaEspa\u00f1a|Extreme Speed|p2a: Iron Moth\n|-damage|p2a: Iron Moth|16\/100\n|move|p2a: Iron Moth|Tera Blast|p1a: ArribaEspa\u00f1a|[anim] Tera Blast Ice\n|-supereffective|p1a: ArribaEspa\u00f1a\n|-damage|p1a: ArribaEspa\u00f1a|0 fnt\n|faint|p1a: ArribaEspa\u00f1a\n|\n|win|ericmont\n|c| Void280|ggs\n|c| PeppsiAsiEs|gg\n|c|\u2606Sai4rr|Chale\n|c|\u2606ericmont|Gg\n|c|\u2606Sai4rr|ggg\n|l| Void280\n|l|\u2606Sai4rr\n","uploadtime":1700261788,"views":13,"p1id":"sai4rr","p2id":"ericmont","formatid":"gen9nationaldex","rating":0,"private":0,"password":""}