{"id":"gen9nationaldex-1992521843","p1":"dr needs","p2":"tyrsty","format":"[Gen 9] National Dex","log":"|j|\u2606dr needs\n|j|\u2606tyrsty\n|t:|1700198958\n|gametype|singles\n|player|p1|dr needs|102|1111\n|player|p2|tyrsty|2|1000\n|teamsize|p1|6\n|teamsize|p2|6\n|gen|9\n|tier|[Gen 9] National Dex\n|rated|\n|rule|HP Percentage Mod: HP is shown in percentages\n|rule|Endless Battle Clause: Forcing endless battles is banned\n|rule|OHKO Clause: OHKO moves are banned\n|rule|Evasion Clause: Evasion abilities, items, and moves are banned\n|rule|Evasion Abilities Clause: Evasion abilities are banned\n|rule|Evasion Items Clause: Evasion items are banned\n|rule|Evasion Moves Clause: Evasion moves are banned\n|rule|Species Clause: Limit one of each Pok\u00e9mon\n|rule|Sleep Clause Mod: Limit one foe put to sleep\n|clearpoke\n|poke|p1|Kommo-o, M|\n|poke|p1|Lickilicky, M|\n|poke|p1|Latios, M|\n|poke|p1|Corviknight, M|\n|poke|p1|Rillaboom, M|\n|poke|p1|Darmanitan, F|\n|poke|p2|Blaziken, M|\n|poke|p2|Charizard, F|\n|poke|p2|Flygon, M|\n|poke|p2|Tyranitar, M|\n|poke|p2|Blastoise, F|\n|poke|p2|Scizor, M|\n|teampreview\n|\n|t:|1700198972\n|start\n|switch|p1a: beans|Darmanitan, F|100\/100\n|switch|p2a: Tyranitar|Tyranitar, M|100\/100\n|-weather|Sandstorm|[from] ability: Sand Stream|[of] p2a: Tyranitar\n|turn|1\n|\n|t:|1700198980\n|move|p1a: beans|U-turn|p2a: Tyranitar\n|-supereffective|p2a: Tyranitar\n|-damage|p2a: Tyranitar|43\/100\n|\n|t:|1700198985\n|switch|p1a: friendo|Kommo-o, M|100\/100|[from] U-turn\n|move|p2a: Tyranitar|Stealth Rock|p1a: friendo\n|-sidestart|p1: dr needs|move: Stealth Rock\n|\n|-weather|Sandstorm|[upkeep]\n|-damage|p1a: friendo|94\/100|[from] Sandstorm\n|-heal|p2a: Tyranitar|49\/100|[from] item: Leftovers\n|upkeep\n|turn|2\n|\n|t:|1700199002\n|move|p1a: friendo|Drain Punch|p2a: Tyranitar\n|-supereffective|p2a: Tyranitar\n|-damage|p2a: Tyranitar|0 fnt\n|-heal|p1a: friendo|100\/100|[from] drain|[of] p2a: Tyranitar\n|faint|p2a: Tyranitar\n|\n|-weather|Sandstorm|[upkeep]\n|-damage|p1a: friendo|94\/100|[from] Sandstorm\n|upkeep\n|\n|t:|1700199023\n|switch|p2a: Blastoise|Blastoise, F|100\/100\n|turn|3\n|\n|t:|1700199029\n|move|p1a: friendo|Outrage|p2a: Blastoise\n|-damage|p2a: Blastoise|48\/100\n|-enditem|p2a: Blastoise|Sitrus Berry|[eat]\n|-heal|p2a: Blastoise|73\/100|[from] item: Sitrus Berry\n|move|p2a: Blastoise|Ice Beam|p1a: friendo\n|-supereffective|p1a: friendo\n|-damage|p1a: friendo|55\/100\n|\n|-weather|Sandstorm|[upkeep]\n|-damage|p1a: friendo|49\/100|[from] Sandstorm\n|-damage|p2a: Blastoise|67\/100|[from] Sandstorm\n|upkeep\n|turn|4\n|\n|t:|1700199041\n|move|p1a: friendo|Outrage|p2a: Blastoise|[from]lockedmove\n|-damage|p2a: Blastoise|20\/100\n|move|p2a: Blastoise|Rain Dance|p2a: Blastoise\n|-weather|RainDance\n|\n|-weather|RainDance|[upkeep]\n|-heal|p2a: Blastoise|26\/100|[from] ability: Rain Dish\n|upkeep\n|turn|5\n|\n|t:|1700199053\n|switch|p2a: Scizor|Scizor, M|100\/100\n|move|p1a: friendo|Outrage|p2a: Scizor|[from]lockedmove\n|-resisted|p2a: Scizor\n|-damage|p2a: Scizor|66\/100\n|-start|p1a: friendo|confusion|[fatigue]\n|\n|-weather|RainDance|[upkeep]\n|upkeep\n|turn|6\n|l|\u2606dr needs\n|player|p1|\n|inactive|Battle timer is ON: inactive players will automatically lose when time's up. (requested by tyrsty)\n|j|\u2606dr needs\n|inactive|dr needs reconnected and has 130 seconds left.\n|player|p1|dr needs|102\n|\n|t:|1700199112\n|-activate|p1a: friendo|confusion\n|-damage|p1a: friendo|35\/100|[from] confusion\n|move|p2a: Scizor|Dual Wingbeat|p1a: friendo\n|-supereffective|p1a: friendo\n|-crit|p1a: friendo\n|-damage|p1a: friendo|0 fnt\n|faint|p1a: friendo\n|-hitcount|p1: friendo|1\n|\n|-weather|RainDance|[upkeep]\n|upkeep\n|\n|t:|1700199117\n|switch|p1a: lueeuua|Corviknight, M|100\/100\n|-damage|p1a: lueeuua|88\/100|[from] Stealth Rock\n|turn|7\n|\n|t:|1700199131\n|switch|p2a: Blastoise|Blastoise, F|26\/100\n|move|p1a: lueeuua|Defog|p2a: Blastoise\n|-unboost|p2a: Blastoise|evasion|1\n|-sideend|p1: dr needs|Stealth Rock|[from] move: Defog|[of] p1a: lueeuua\n|\n|-weather|RainDance|[upkeep]\n|-heal|p2a: Blastoise|32\/100|[from] ability: Rain Dish\n|upkeep\n|turn|8\n|l|\u2606dr needs\n|inactive|dr needs disconnected and has a minute to reconnect!\n|player|p1|\n|\n|t:|1700199142\n|move|p2a: Blastoise|Ice Beam|p1a: lueeuua\n|-damage|p1a: lueeuua|71\/100\n|move|p1a: lueeuua|Brave Bird|p2a: Blastoise\n|-damage|p2a: Blastoise|0 fnt\n|faint|p2a: Blastoise\n|-damage|p1a: lueeuua|63\/100|[from] Recoil\n|\n|-weather|none\n|upkeep\n|\n|t:|1700199152\n|switch|p2a: Flygon|Flygon, M|100\/100\n|turn|9\n|j|\u2606dr needs\n|inactive|dr needs reconnected and has 125 seconds left.\n|player|p1|dr needs|102\n|inactive|dr needs has 120 seconds left.\n|\n|t:|1700199184\n|move|p2a: Flygon|Rock Slide|p1a: lueeuua\n|-damage|p1a: lueeuua|47\/100\n|cant|p1a: lueeuua|flinch\n|\n|upkeep\n|turn|10\n|\n|t:|1700199191\n|move|p2a: Flygon|Rock Slide|p1a: lueeuua\n|-damage|p1a: lueeuua|31\/100\n|move|p1a: lueeuua|Roost|p1a: lueeuua\n|-heal|p1a: lueeuua|81\/100\n|-singleturn|p1a: lueeuua|move: Roost\n|\n|upkeep\n|turn|11\n|\n|t:|1700199198\n|move|p2a: Flygon|Rock Slide|p1a: lueeuua\n|-damage|p1a: lueeuua|65\/100\n|cant|p1a: lueeuua|flinch\n|\n|upkeep\n|turn|12\n|\n|t:|1700199206\n|switch|p2a: Charizard|Charizard, F|100\/100\n|move|p1a: lueeuua|Roost|p1a: lueeuua\n|-heal|p1a: lueeuua|100\/100\n|-singleturn|p1a: lueeuua|move: Roost\n|\n|upkeep\n|turn|13\n|\n|t:|1700199215\n|-terastallize|p1a: lueeuua|Flying\n|move|p2a: Charizard|Flamethrower|p1a: lueeuua\n|-damage|p1a: lueeuua|51\/100\n|-damage|p2a: Charizard|91\/100|[from] item: Life Orb\n|move|p1a: lueeuua|Brave Bird|p2a: Charizard\n|-damage|p2a: Charizard|21\/100\n|-damage|p1a: lueeuua|33\/100|[from] Recoil\n|\n|upkeep\n|turn|14\n|\n|t:|1700199226\n|switch|p1a: lumini|Latios, M|100\/100\n|move|p2a: Charizard|Flamethrower|p1a: lumini\n|-resisted|p1a: lumini\n|-damage|p1a: lumini|53\/100\n|-damage|p2a: Charizard|11\/100|[from] item: Life Orb\n|\n|upkeep\n|turn|15\n|\n|t:|1700199236\n|detailschange|p1a: lumini|Latios-Mega, M\n|-mega|p1a: lumini|Latios|Latiosite\n|move|p1a: lumini|Dragon Dance|p1a: lumini\n|-boost|p1a: lumini|atk|1\n|-boost|p1a: lumini|spe|1\n|move|p2a: Charizard|Roost|p2a: Charizard\n|-heal|p2a: Charizard|61\/100\n|-singleturn|p2a: Charizard|move: Roost\n|\n|upkeep\n|turn|16\n|\n|t:|1700199247\n|move|p1a: lumini|Psycho Cut|p2a: Charizard\n|-damage|p2a: Charizard|0 fnt\n|faint|p2a: Charizard\n|\n|upkeep\n|\n|t:|1700199251\n|switch|p2a: Scizor|Scizor, M|66\/100\n|turn|17\n|l|\u2606dr needs\n|inactive|dr needs disconnected and has a minute to reconnect!\n|player|p1|\n|j|\u2606dr needs\n|inactive|dr needs reconnected and has 135 seconds left.\n|player|p1|dr needs|102\n|\n|t:|1700199272\n|move|p1a: lumini|Earthquake|p2a: Scizor\n|-damage|p2a: Scizor|11\/100\n|move|p2a: Scizor|X-Scissor|p1a: lumini\n|-supereffective|p1a: lumini\n|-damage|p1a: lumini|0 fnt\n|faint|p1a: lumini\n|\n|upkeep\n|\n|t:|1700199278\n|switch|p1a: beans|Darmanitan, F|100\/100\n|turn|18\n|\n|t:|1700199284\n|move|p1a: beans|U-turn|p2a: Scizor\n|-resisted|p2a: Scizor\n|-damage|p2a: Scizor|0 fnt\n|faint|p2a: Scizor\n|l|\u2606dr needs\n|inactive|dr needs disconnected and has a minute to reconnect!\n|player|p1|\n|j|\u2606dr needs\n|inactive|dr needs reconnected and has 135 seconds left.\n|player|p1|dr needs|102\n|\n|t:|1700199307\n|switch|p1a: splicky|Lickilicky, M|100\/100|[from] U-turn\n|\n|upkeep\n|\n|t:|1700199309\n|switch|p2a: Blaziken|Blaziken, M|100\/100\n|turn|19\n|\n|t:|1700199316\n|move|p2a: Blaziken|Power-Up Punch|p1a: splicky\n|-supereffective|p1a: splicky\n|-damage|p1a: splicky|62\/100\n|-boost|p2a: Blaziken|atk|1\n|move|p1a: splicky|Earthquake|p2a: Blaziken\n|-supereffective|p2a: Blaziken\n|-damage|p2a: Blaziken|12\/100\n|\n|-ability|p2a: Blaziken|Speed Boost|boost\n|-boost|p2a: Blaziken|spe|1\n|upkeep\n|turn|20\n|l|\u2606dr needs\n|inactive|dr needs disconnected and has a minute to reconnect!\n|player|p1|\n|\n|t:|1700199339\n|switch|p1a: lueeuua|Corviknight, M, tera:Flying|33\/100\n|-terastallize|p2a: Blaziken|Fighting\n|move|p2a: Blaziken|Close Combat|p1a: lueeuua\n|-resisted|p1a: lueeuua\n|-damage|p1a: lueeuua|0 fnt\n|-unboost|p2a: Blaziken|def|1\n|-unboost|p2a: Blaziken|spd|1\n|-damage|p2a: Blaziken|0 fnt|[from] item: Rocky Helmet|[of] p1a: lueeuua\n|faint|p1a: lueeuua\n|faint|p2a: Blaziken\n|\n|upkeep\n|j|\u2606dr needs\n|inactive|dr needs reconnected and has 145 seconds left.\n|player|p1|dr needs|102\n|\n|t:|1700199352\n|switch|p2a: Flygon|Flygon, M|100\/100\n|switch|p1a: beans|Darmanitan, F|100\/100\n|turn|21\n|\n|t:|1700199359\n|move|p2a: Flygon|Earthquake|p1a: beans\n|-supereffective|p1a: beans\n|-damage|p1a: beans|0 fnt\n|faint|p1a: beans\n|\n|upkeep\n|\n|t:|1700199361\n|switch|p1a: blizaas|Rillaboom, M|100\/100\n|-fieldstart|move: Grassy Terrain|[from] ability: Grassy Surge|[of] p1a: blizaas\n|turn|22\n|\n|t:|1700199363\n|move|p2a: Flygon|Earthquake|p1a: blizaas\n|-resisted|p1a: blizaas\n|-damage|p1a: blizaas|88\/100\n|move|p1a: blizaas|Swords Dance|p1a: blizaas\n|-boost|p1a: blizaas|atk|2\n|\n|-heal|p1a: blizaas|95\/100|[from] Grassy Terrain\n|upkeep\n|turn|23\n|\n|t:|1700199367\n|move|p2a: Flygon|Earthquake|p1a: blizaas\n|-resisted|p1a: blizaas\n|-damage|p1a: blizaas|81\/100\n|move|p1a: blizaas|Swords Dance|p1a: blizaas\n|-boost|p1a: blizaas|atk|2\n|\n|-heal|p1a: blizaas|88\/100|[from] Grassy Terrain\n|upkeep\n|turn|24\n|\n|t:|1700199369\n|move|p2a: Flygon|Earthquake|p1a: blizaas\n|-resisted|p1a: blizaas\n|-damage|p1a: blizaas|74\/100\n|move|p1a: blizaas|Swords Dance|p1a: blizaas\n|-boost|p1a: blizaas|atk|2\n|\n|-heal|p1a: blizaas|81\/100|[from] Grassy Terrain\n|upkeep\n|turn|25\n|\n|t:|1700199372\n|move|p1a: blizaas|Grassy Glide|p2a: Flygon\n|-damage|p2a: Flygon|0 fnt\n|faint|p2a: Flygon\n|-damage|p1a: blizaas|71\/100|[from] item: Life Orb\n|\n|win|dr needs\n|raw|dr needs's rating: 1111 &rarr; <strong>1128<\/strong><br \/>(+17 for winning)\n|raw|tyrsty's rating: 1000 &rarr; <strong>1000<\/strong><br \/>(+0 for losing)\n|l|\u2606tyrsty\n","uploadtime":1700199382,"views":4,"p1id":"drneeds","p2id":"tyrsty","formatid":"gen9nationaldex","rating":1000,"private":0,"password":""}