{"id":"gen9nationaldex-1999496360","p1":"Bonecrusher Hyena","p2":"steals many wives","format":"[Gen 9] National Dex","log":"|html|<div class=\"broadcast-blue\"><strong>[Gen 9] National Dex is currently suspecting Sneasler! For information on how to participate check out the <a href=\"https:\/\/www.smogon.com\/forums\/threads\/sv-national-dex-suspect-8-just-dance.3731534\/\">suspect thread<\/a>.<\/strong><\/div>\n|j|\u2606Bonecrusher Hyena\n|j|\u2606steals many wives\n|t:|1701089051\n|gametype|singles\n|player|p1|Bonecrusher Hyena|flannery|1125\n|player|p2|steals many wives|waitress|1105\n|teamsize|p1|6\n|teamsize|p2|6\n|gen|9\n|tier|[Gen 9] National Dex\n|rated|\n|rule|HP Percentage Mod: HP is shown in percentages\n|rule|Endless Battle Clause: Forcing endless battles is banned\n|rule|OHKO Clause: OHKO moves are banned\n|rule|Evasion Clause: Evasion abilities, items, and moves are banned\n|rule|Evasion Abilities Clause: Evasion abilities are banned\n|rule|Evasion Items Clause: Evasion items are banned\n|rule|Evasion Moves Clause: Evasion moves are banned\n|rule|Species Clause: Limit one of each Pok\u00e9mon\n|rule|Sleep Clause Mod: Limit one foe put to sleep\n|clearpoke\n|poke|p1|Raichu, M|\n|poke|p1|Tyranitar, F|\n|poke|p1|Vaporeon, F|\n|poke|p1|Haxorus, F|\n|poke|p1|Lucario, M|\n|poke|p1|Charizard, M|\n|poke|p2|Aggron, M|\n|poke|p2|Ferrothorn, M|\n|poke|p2|Goodra-Hisui, F|\n|poke|p2|Celesteela|\n|poke|p2|Heatran, M|\n|poke|p2|Excadrill, M|\n|teampreview\n|inactive|Battle timer is ON: inactive players will automatically lose when time's up. (requested by Bonecrusher Hyena)\n|\n|t:|1701089061\n|start\n|switch|p1a: Ares|Charizard, M|100\/100\n|switch|p2a: Lego|Ferrothorn, M|100\/100\n|turn|1\n|\n|t:|1701089066\n|switch|p2a: Slag Heap|Heatran, M|100\/100\n|move|p1a: Ares|Flamethrower|p2a: Slag Heap\n|-start|p2a: Slag Heap|ability: Flash Fire\n|\n|upkeep\n|turn|2\n|\n|t:|1701089072\n|-end|p2a: Slag Heap|ability: Flash Fire|[silent]\n|switch|p2a: Team Rocket|Celesteela|100\/100\n|switch|p1a: Hatchet|Haxorus, F|100\/100\n|-ability|p1a: Hatchet|Mold Breaker\n|\n|upkeep\n|turn|3\n|\n|t:|1701089083\n|move|p1a: Hatchet|Shadow Claw|p2a: Team Rocket\n|-damage|p2a: Team Rocket|76\/100\n|move|p2a: Team Rocket|Leech Seed|p1a: Hatchet\n|-start|p1a: Hatchet|move: Leech Seed\n|\n|-heal|p2a: Team Rocket|82\/100|[from] item: Leftovers\n|-damage|p1a: Hatchet|88\/100|[from] Leech Seed|[of] p2a: Team Rocket\n|-heal|p2a: Team Rocket|91\/100|[silent]\n|upkeep\n|turn|4\n|\n|t:|1701089093\n|switch|p1a: Kaiju|Tyranitar, F|100\/100\n|-weather|Sandstorm|[from] ability: Sand Stream|[of] p1a: Kaiju\n|switch|p2a: Lego|Ferrothorn, M|100\/100\n|\n|-weather|Sandstorm|[upkeep]\n|upkeep\n|turn|5\n|\n|t:|1701089100\n|move|p1a: Kaiju|Crunch|p2a: Lego\n|-damage|p2a: Lego|73\/100\n|-damage|p1a: Kaiju|88\/100|[from] ability: Iron Barbs|[of] p2a: Lego\n|-damage|p1a: Kaiju|72\/100|[from] item: Rocky Helmet|[of] p2a: Lego\n|move|p2a: Lego|Stealth Rock|p1a: Kaiju\n|-sidestart|p1: Bonecrusher Hyena|move: Stealth Rock\n|\n|-weather|Sandstorm|[upkeep]\n|-heal|p1a: Kaiju|78\/100|[from] item: Leftovers\n|upkeep\n|turn|6\n|\n|t:|1701089113\n|move|p1a: Kaiju|Earthquake|p2a: Lego\n|-damage|p2a: Lego|49\/100\n|move|p2a: Lego|Leech Seed|p1a: Kaiju\n|-start|p1a: Kaiju|move: Leech Seed\n|\n|-weather|Sandstorm|[upkeep]\n|-heal|p1a: Kaiju|84\/100|[from] item: Leftovers\n|-damage|p1a: Kaiju|72\/100|[from] Leech Seed|[of] p2a: Lego\n|-heal|p2a: Lego|60\/100|[silent]\n|upkeep\n|turn|7\n|\n|t:|1701089122\n|switch|p1a: Ares|Charizard, M|100\/100\n|move|p2a: Lego|Seed Bomb|p1a: Ares\n|-resisted|p1a: Ares\n|-damage|p1a: Ares|90\/100\n|\n|-weather|Sandstorm|[upkeep]\n|-damage|p1a: Ares|84\/100|[from] Sandstorm\n|upkeep\n|turn|8\n|\n|t:|1701089133\n|move|p1a: Ares|Air Slash|p2a: Lego\n|-damage|p2a: Lego|31\/100\n|cant|p2a: Lego|flinch\n|\n|-weather|none\n|upkeep\n|turn|9\n|\n|t:|1701089138\n|move|p1a: Ares|Flamethrower|p2a: Lego\n|-supereffective|p2a: Lego\n|-damage|p2a: Lego|0 fnt\n|faint|p2a: Lego\n|\n|upkeep\n|\n|t:|1701089143\n|switch|p2a: Slime Shady|Goodra-Hisui, F|100\/100\n|turn|10\n|\n|t:|1701089146\n|move|p1a: Ares|Dragon Pulse|p2a: Slime Shady\n|-damage|p2a: Slime Shady|83\/100\n|move|p2a: Slime Shady|Dragon Pulse|p1a: Ares\n|-damage|p1a: Ares|45\/100\n|\n|upkeep\n|turn|11\n|\n|t:|1701089152\n|move|p1a: Ares|Flamethrower|p2a: Slime Shady\n|-damage|p2a: Slime Shady|54\/100\n|move|p2a: Slime Shady|Dragon Pulse|p1a: Ares\n|-crit|p1a: Ares\n|-damage|p1a: Ares|0 fnt\n|faint|p1a: Ares\n|\n|upkeep\n|\n|t:|1701089158\n|switch|p1a: Fenris|Lucario, M|100\/100\n|-damage|p1a: Fenris|98\/100|[from] Stealth Rock\n|turn|12\n|\n|t:|1701089162\n|move|p1a: Fenris|Drain Punch|p2a: Slime Shady\n|-supereffective|p2a: Slime Shady\n|-crit|p2a: Slime Shady\n|-damage|p2a: Slime Shady|0 fnt\n|-heal|p1a: Fenris|100\/100|[from] drain|[of] p2a: Slime Shady\n|-damage|p1a: Fenris|84\/100|[from] item: Rocky Helmet|[of] p2a: Slime Shady\n|-ability|p2a: Slime Shady|Gooey\n|-unboost|p1a: Fenris|spe|1\n|faint|p2a: Slime Shady\n|\n|upkeep\n|\n|t:|1701089171\n|switch|p2a: Team Rocket|Celesteela|91\/100\n|turn|13\n|\n|t:|1701089176\n|switch|p1a: Wattson|Raichu, M|100\/100\n|-damage|p1a: Wattson|88\/100|[from] Stealth Rock\n|move|p2a: Team Rocket|Leech Seed|p1a: Wattson\n|-start|p1a: Wattson|move: Leech Seed\n|\n|-heal|p2a: Team Rocket|98\/100|[from] item: Leftovers\n|-damage|p1a: Wattson|76\/100|[from] Leech Seed|[of] p2a: Team Rocket\n|-heal|p2a: Team Rocket|100\/100|[silent]\n|upkeep\n|turn|14\n|\n|t:|1701089185\n|move|p2a: Team Rocket|Protect|p2a: Team Rocket\n|-singleturn|p2a: Team Rocket|Protect\n|move|p1a: Wattson|Thunderbolt|p2a: Team Rocket\n|-activate|p2a: Team Rocket|move: Protect\n|\n|-damage|p1a: Wattson|64\/100|[from] Leech Seed|[of] p2a: Team Rocket\n|upkeep\n|turn|15\n|\n|t:|1701089192\n|switch|p2a: Drilliam Wallace|Excadrill, M|100\/100\n|-ability|p2a: Drilliam Wallace|Mold Breaker\n|move|p1a: Wattson|Thunderbolt|p2a: Drilliam Wallace\n|-immune|p2a: Drilliam Wallace\n|\n|-damage|p1a: Wattson|51\/100|[from] Leech Seed|[of] p2a: Drilliam Wallace\n|upkeep\n|turn|16\n|\n|t:|1701089200\n|move|p1a: Wattson|Surf|p2a: Drilliam Wallace\n|-supereffective|p2a: Drilliam Wallace\n|-damage|p2a: Drilliam Wallace|39\/100\n|move|p2a: Drilliam Wallace|Earthquake|p1a: Wattson\n|-supereffective|p1a: Wattson\n|-damage|p1a: Wattson|0 fnt\n|faint|p1a: Wattson\n|\n|upkeep\n|\n|t:|1701089208\n|switch|p1a: Kat|Vaporeon, F|100\/100\n|-damage|p1a: Kat|88\/100|[from] Stealth Rock\n|turn|17\n|\n|t:|1701089212\n|move|p2a: Drilliam Wallace|Earthquake|p1a: Kat\n|-damage|p1a: Kat|14\/100\n|move|p1a: Kat|Surf|p2a: Drilliam Wallace\n|-supereffective|p2a: Drilliam Wallace\n|-damage|p2a: Drilliam Wallace|0 fnt\n|faint|p2a: Drilliam Wallace\n|\n|upkeep\n|\n|t:|1701089222\n|switch|p2a: Slag Heap|Heatran, M|100\/100\n|turn|18\n|\n|t:|1701089227\n|move|p2a: Slag Heap|Earth Power|p1a: Kat\n|-damage|p1a: Kat|0 fnt\n|faint|p1a: Kat\n|\n|upkeep\n|\n|t:|1701089232\n|switch|p1a: Hatchet|Haxorus, F|88\/100\n|-damage|p1a: Hatchet|76\/100|[from] Stealth Rock\n|-ability|p1a: Hatchet|Mold Breaker\n|turn|19\n|\n|t:|1701089237\n|switch|p2a: Team Rocket|Celesteela|100\/100\n|move|p1a: Hatchet|Earthquake|p2a: Team Rocket\n|-immune|p2a: Team Rocket\n|\n|upkeep\n|turn|20\n|\n|t:|1701089243\n|switch|p1a: Kaiju|Tyranitar, F|72\/100\n|-damage|p1a: Kaiju|59\/100|[from] Stealth Rock\n|-weather|Sandstorm|[from] ability: Sand Stream|[of] p1a: Kaiju\n|move|p2a: Team Rocket|Leech Seed|p1a: Kaiju\n|-start|p1a: Kaiju|move: Leech Seed\n|\n|-weather|Sandstorm|[upkeep]\n|-heal|p1a: Kaiju|66\/100|[from] item: Leftovers\n|-damage|p1a: Kaiju|53\/100|[from] Leech Seed|[of] p2a: Team Rocket\n|upkeep\n|turn|21\n|\n|t:|1701089252\n|move|p1a: Kaiju|Rock Slide|p2a: Team Rocket\n|-damage|p2a: Team Rocket|68\/100\n|move|p2a: Team Rocket|Iron Head|p1a: Kaiju\n|-supereffective|p1a: Kaiju\n|-crit|p1a: Kaiju\n|-damage|p1a: Kaiju|0 fnt\n|faint|p1a: Kaiju\n|-ability|p2a: Team Rocket|Beast Boost|boost\n|-boost|p2a: Team Rocket|def|1\n|\n|-weather|Sandstorm|[upkeep]\n|-heal|p2a: Team Rocket|75\/100|[from] item: Leftovers\n|upkeep\n|\n|t:|1701089263\n|switch|p1a: Fenris|Lucario, M|84\/100\n|-damage|p1a: Fenris|81\/100|[from] Stealth Rock\n|turn|22\n|\n|t:|1701089266\n|move|p1a: Fenris|Drain Punch|p2a: Team Rocket\n|-damage|p2a: Team Rocket|56\/100\n|-heal|p1a: Fenris|94\/100|[from] drain|[of] p2a: Team Rocket\n|move|p2a: Team Rocket|Leech Seed|p1a: Fenris|[miss]\n|-miss|p2a: Team Rocket|p1a: Fenris\n|\n|-weather|Sandstorm|[upkeep]\n|-heal|p2a: Team Rocket|62\/100|[from] item: Leftovers\n|upkeep\n|turn|23\n|\n|t:|1701089275\n|move|p2a: Team Rocket|Protect|p2a: Team Rocket\n|-singleturn|p2a: Team Rocket|Protect\n|move|p1a: Fenris|Drain Punch|p2a: Team Rocket\n|-activate|p2a: Team Rocket|move: Protect\n|\n|-weather|Sandstorm|[upkeep]\n|-heal|p2a: Team Rocket|68\/100|[from] item: Leftovers\n|upkeep\n|turn|24\n|\n|t:|1701089283\n|move|p1a: Fenris|Drain Punch|p2a: Team Rocket\n|-damage|p2a: Team Rocket|51\/100\n|-heal|p1a: Fenris|100\/100|[from] drain|[of] p2a: Team Rocket\n|move|p2a: Team Rocket|Leech Seed|p1a: Fenris\n|-start|p1a: Fenris|move: Leech Seed\n|\n|-weather|none\n|-heal|p2a: Team Rocket|57\/100|[from] item: Leftovers\n|-damage|p1a: Fenris|88\/100|[from] Leech Seed|[of] p2a: Team Rocket\n|-heal|p2a: Team Rocket|66\/100|[silent]\n|upkeep\n|turn|25\n|\n|t:|1701089292\n|switch|p1a: Hatchet|Haxorus, F|76\/100\n|-damage|p1a: Hatchet|64\/100|[from] Stealth Rock\n|-ability|p1a: Hatchet|Mold Breaker\n|move|p2a: Team Rocket|Fly||[still]\n|-prepare|p2a: Team Rocket|Fly\n|\n|-heal|p2a: Team Rocket|72\/100|[from] item: Leftovers\n|upkeep\n|turn|26\n|\n|t:|1701089302\n|move|p1a: Hatchet|Shadow Claw|p2a: Team Rocket|[miss]\n|-miss|p1a: Hatchet|p2a: Team Rocket\n|move|p2a: Team Rocket|Fly|p1a: Hatchet|[from]lockedmove\n|-damage|p1a: Hatchet|20\/100\n|\n|-heal|p2a: Team Rocket|79\/100|[from] item: Leftovers\n|upkeep\n|turn|27\n|\n|t:|1701089310\n|move|p1a: Hatchet|Shadow Claw|p2a: Team Rocket\n|-crit|p2a: Team Rocket\n|-damage|p2a: Team Rocket|40\/100\n|move|p2a: Team Rocket|Leech Seed|p1a: Hatchet\n|-start|p1a: Hatchet|move: Leech Seed\n|\n|-heal|p2a: Team Rocket|46\/100|[from] item: Leftovers\n|-damage|p1a: Hatchet|8\/100|[from] Leech Seed|[of] p2a: Team Rocket\n|-heal|p2a: Team Rocket|55\/100|[silent]\n|upkeep\n|turn|28\n|\n|t:|1701089319\n|move|p2a: Team Rocket|Protect|p2a: Team Rocket\n|-singleturn|p2a: Team Rocket|Protect\n|move|p1a: Hatchet|Shadow Claw|p2a: Team Rocket\n|-activate|p2a: Team Rocket|move: Protect\n|\n|-heal|p2a: Team Rocket|62\/100|[from] item: Leftovers\n|-damage|p1a: Hatchet|0 fnt|[from] Leech Seed|[of] p2a: Team Rocket\n|-heal|p2a: Team Rocket|67\/100|[silent]\n|faint|p1a: Hatchet\n|upkeep\n|\n|t:|1701089328\n|switch|p1a: Fenris|Lucario, M|88\/100\n|-damage|p1a: Fenris|85\/100|[from] Stealth Rock\n|turn|29\n|\n|t:|1701089334\n|move|p1a: Fenris|Drain Punch|p2a: Team Rocket\n|-damage|p2a: Team Rocket|49\/100\n|-heal|p1a: Fenris|98\/100|[from] drain|[of] p2a: Team Rocket\n|move|p2a: Team Rocket|Leech Seed|p1a: Fenris\n|-start|p1a: Fenris|move: Leech Seed\n|\n|-heal|p2a: Team Rocket|56\/100|[from] item: Leftovers\n|-damage|p1a: Fenris|85\/100|[from] Leech Seed|[of] p2a: Team Rocket\n|-heal|p2a: Team Rocket|65\/100|[silent]\n|upkeep\n|turn|30\n|\n|t:|1701089343\n|move|p1a: Fenris|Drain Punch|p2a: Team Rocket\n|-damage|p2a: Team Rocket|46\/100\n|-heal|p1a: Fenris|98\/100|[from] drain|[of] p2a: Team Rocket\n|move|p2a: Team Rocket|Fly||[still]\n|-prepare|p2a: Team Rocket|Fly\n|\n|-heal|p2a: Team Rocket|52\/100|[from] item: Leftovers\n|-damage|p1a: Fenris|86\/100|[from] Leech Seed|[of] p2a: Team Rocket\n|-heal|p2a: Team Rocket|61\/100|[silent]\n|upkeep\n|turn|31\n|\n|t:|1701089352\n|-terastallize|p1a: Fenris|Normal\n|move|p1a: Fenris|Extreme Speed|p2a: Team Rocket|[miss]\n|-miss|p1a: Fenris|p2a: Team Rocket\n|move|p2a: Team Rocket|Fly|p1a: Fenris|[from]lockedmove\n|-damage|p1a: Fenris|39\/100\n|\n|-heal|p2a: Team Rocket|68\/100|[from] item: Leftovers\n|-damage|p1a: Fenris|26\/100|[from] Leech Seed|[of] p2a: Team Rocket\n|-heal|p2a: Team Rocket|77\/100|[silent]\n|upkeep\n|turn|32\n|\n|t:|1701089364\n|move|p2a: Team Rocket|Protect|p2a: Team Rocket\n|-singleturn|p2a: Team Rocket|Protect\n|move|p1a: Fenris|Extreme Speed|p2a: Team Rocket\n|-activate|p2a: Team Rocket|move: Protect\n|\n|-heal|p2a: Team Rocket|83\/100|[from] item: Leftovers\n|-damage|p1a: Fenris|14\/100|[from] Leech Seed|[of] p2a: Team Rocket\n|-heal|p2a: Team Rocket|92\/100|[silent]\n|upkeep\n|turn|33\n|\n|t:|1701089373\n|move|p1a: Fenris|Extreme Speed|p2a: Team Rocket\n|-resisted|p2a: Team Rocket\n|-damage|p2a: Team Rocket|82\/100\n|move|p2a: Team Rocket|Iron Head|p1a: Fenris\n|-damage|p1a: Fenris|0 fnt\n|faint|p1a: Fenris\n|\n|win|steals many wives\n|raw|Bonecrusher Hyena's rating: 1125 &rarr; <strong>1099<\/strong><br \/>(-26 for losing)\n|raw|steals many wives's rating: 1105 &rarr; <strong>1131<\/strong><br \/>(+26 for winning)\n|c|\u2606Bonecrusher Hyena|gg\n|c|\u2606steals many wives|gg\n|l|\u2606Bonecrusher Hyena\n","uploadtime":1701089385,"views":2,"p1id":"bonecrusherhyena","p2id":"stealsmanywives","formatid":"gen9nationaldex","rating":1099,"private":0,"password":""}