{"id":"gen9nationaldex-1995814331","p1":"Idi0t Twink Rose","p2":"TheStroker","format":"[Gen 9] National Dex","log":"|html|<div class=\"broadcast-blue\"><strong>[Gen 9] National Dex is currently suspecting Sneasler! For information on how to participate check out the <a href=\"https:\/\/www.smogon.com\/forums\/threads\/sv-national-dex-suspect-8-just-dance.3731534\/\">suspect thread<\/a>.<\/strong><\/div>\n|j|\u2606Idi0t Twink Rose\n|j|\u2606TheStroker\n|t:|1700605752\n|gametype|singles\n|player|p1|Idi0t Twink Rose|265|1511\n|player|p2|TheStroker|janitor|1595\n|teamsize|p1|6\n|teamsize|p2|6\n|gen|9\n|tier|[Gen 9] National Dex\n|rated|\n|rule|HP Percentage Mod: HP is shown in percentages\n|rule|Endless Battle Clause: Forcing endless battles is banned\n|rule|OHKO Clause: OHKO moves are banned\n|rule|Evasion Clause: Evasion abilities, items, and moves are banned\n|rule|Evasion Abilities Clause: Evasion abilities are banned\n|rule|Evasion Items Clause: Evasion items are banned\n|rule|Evasion Moves Clause: Evasion moves are banned\n|rule|Species Clause: Limit one of each Pok\u00e9mon\n|rule|Sleep Clause Mod: Limit one foe put to sleep\n|clearpoke\n|poke|p1|Thievul, F|\n|poke|p1|Urshifu-*, M|\n|poke|p1|Scizor, F|\n|poke|p1|Gliscor, F|\n|poke|p1|Zapdos|\n|poke|p1|Toxapex, F|\n|poke|p2|Skeledirge, M|\n|poke|p2|Ditto|\n|poke|p2|Zangoose, F|\n|poke|p2|Mightyena, F|\n|poke|p2|Landorus-Therian, M|\n|poke|p2|Sneasler, M|\n|teampreview\n|j| kung fu pokechu\n|\n|t:|1700605777\n|start\n|switch|p1a: Thievul|Thievul, F|100\/100\n|switch|p2a: Rather mighty|Mightyena, F|100\/100\n|-ability|p2a: Rather mighty|Intimidate|boost\n|-unboost|p1a: Thievul|atk|1\n|turn|1\n|j| 5cat\n|\n|t:|1700605783\n|move|p1a: Thievul|U-turn|p2a: Rather mighty\n|-supereffective|p2a: Rather mighty\n|-damage|p2a: Rather mighty|81\/100\n|\n|t:|1700605788\n|switch|p1a: Toxapex|Toxapex, F|100\/100|[from] U-turn\n|move|p2a: Rather mighty|Taunt|p1a: Toxapex\n|-start|p1a: Toxapex|move: Taunt\n|\n|upkeep\n|turn|2\n|\n|t:|1700605794\n|move|p2a: Rather mighty|Crunch|p1a: Toxapex\n|-damage|p1a: Toxapex|74\/100\n|-damage|p2a: Rather mighty|64\/100|[from] item: Rocky Helmet|[of] p1a: Toxapex\n|move|p1a: Toxapex|Scald|p2a: Rather mighty\n|-damage|p2a: Rather mighty|31\/100\n|-status|p2a: Rather mighty|brn\n|\n|-damage|p2a: Rather mighty|25\/100 brn|[from] brn\n|upkeep\n|turn|3\n|j| midshiropaints\n|\n|t:|1700605802\n|move|p2a: Rather mighty|Crunch|p1a: Toxapex\n|-damage|p1a: Toxapex|60\/100\n|-damage|p2a: Rather mighty|9\/100 brn|[from] item: Rocky Helmet|[of] p1a: Toxapex\n|move|p1a: Toxapex|Scald|p2a: Rather mighty\n|-damage|p2a: Rather mighty|0 fnt\n|faint|p2a: Rather mighty\n|\n|-end|p1a: Toxapex|move: Taunt\n|upkeep\n|l| midshiropaints\n|\n|t:|1700605815\n|switch|p2a: oooooooooooooo|Landorus-Therian, M|100\/100\n|-ability|p2a: oooooooooooooo|Intimidate|boost\n|-unboost|p1a: Toxapex|atk|1\n|turn|4\n|inactive|Battle timer is ON: inactive players will automatically lose when time's up. (requested by TheStroker)\n|\n|t:|1700605826\n|switch|p1a: Scizor|Scizor, F|100\/100\n|move|p2a: oooooooooooooo|Substitute|p2a: oooooooooooooo\n|-start|p2a: oooooooooooooo|Substitute\n|-damage|p2a: oooooooooooooo|76\/100\n|\n|-heal|p2a: oooooooooooooo|82\/100|[from] item: Leftovers\n|upkeep\n|turn|5\n|\n|t:|1700605829\n|detailschange|p1a: Scizor|Scizor-Mega, F\n|-mega|p1a: Scizor|Scizor|Scizorite\n|move|p1a: Scizor|Bullet Punch|p2a: oooooooooooooo\n|-crit|p2a: oooooooooooooo\n|-end|p2a: oooooooooooooo|Substitute\n|move|p2a: oooooooooooooo|Bulk Up|p2a: oooooooooooooo\n|-boost|p2a: oooooooooooooo|atk|1\n|-boost|p2a: oooooooooooooo|def|1\n|\n|-heal|p2a: oooooooooooooo|88\/100|[from] item: Leftovers\n|upkeep\n|turn|6\n|\n|t:|1700605834\n|move|p2a: oooooooooooooo|Substitute|p2a: oooooooooooooo\n|-start|p2a: oooooooooooooo|Substitute\n|-damage|p2a: oooooooooooooo|63\/100\n|move|p1a: Scizor|U-turn|p2a: oooooooooooooo\n|-resisted|p2a: oooooooooooooo\n|-activate|p2a: oooooooooooooo|move: Substitute|[damage]\n|\n|t:|1700605836\n|switch|p1a: Urshifu|Urshifu-Rapid-Strike, M|100\/100|[from] U-turn\n|\n|-heal|p2a: oooooooooooooo|69\/100|[from] item: Leftovers\n|upkeep\n|turn|7\n|\n|t:|1700605847\n|-terastallize|p2a: oooooooooooooo|Water\n|move|p1a: Urshifu|Surging Strikes|p2a: oooooooooooooo\n|-resisted|p2a: oooooooooooooo\n|-crit|p2a: oooooooooooooo\n|-activate|p2a: oooooooooooooo|move: Substitute|[damage]\n|-resisted|p2a: oooooooooooooo\n|-crit|p2a: oooooooooooooo\n|-end|p2a: oooooooooooooo|Substitute\n|-resisted|p2a: oooooooooooooo\n|-crit|p2a: oooooooooooooo\n|-damage|p2a: oooooooooooooo|59\/100\n|-hitcount|p2a: oooooooooooooo|3\n|move|p2a: oooooooooooooo|Earthquake|p1a: Urshifu\n|-damage|p1a: Urshifu|27\/100\n|\n|-heal|p2a: oooooooooooooo|65\/100|[from] item: Leftovers\n|upkeep\n|turn|8\n|\n|t:|1700605875\n|move|p1a: Urshifu|Surging Strikes|p2a: oooooooooooooo\n|-resisted|p2a: oooooooooooooo\n|-crit|p2a: oooooooooooooo\n|-damage|p2a: oooooooooooooo|56\/100\n|-resisted|p2a: oooooooooooooo\n|-crit|p2a: oooooooooooooo\n|-damage|p2a: oooooooooooooo|47\/100\n|-resisted|p2a: oooooooooooooo\n|-crit|p2a: oooooooooooooo\n|-damage|p2a: oooooooooooooo|37\/100\n|-hitcount|p2a: oooooooooooooo|3\n|move|p2a: oooooooooooooo|Knock Off|p1a: Urshifu\n|-resisted|p1a: Urshifu\n|-damage|p1a: Urshifu|5\/100\n|-enditem|p1a: Urshifu|Choice Scarf|[from] move: Knock Off|[of] p2a: oooooooooooooo\n|\n|-heal|p2a: oooooooooooooo|43\/100|[from] item: Leftovers\n|upkeep\n|turn|9\n|\n|t:|1700605887\n|move|p1a: Urshifu|Close Combat|p2a: oooooooooooooo\n|-damage|p2a: oooooooooooooo|0 fnt\n|-unboost|p1a: Urshifu|def|1\n|-unboost|p1a: Urshifu|spd|1\n|faint|p2a: oooooooooooooo\n|\n|upkeep\n|\n|t:|1700605892\n|switch|p2a: Zangn\u00f3\u00f3b|Zangoose, F|100\/100\n|turn|10\n|\n|t:|1700605907\n|switch|p1a: Scizor|Scizor-Mega, F|100\/100\n|move|p2a: Zangn\u00f3\u00f3b|Quick Attack|p1a: Scizor\n|-resisted|p1a: Scizor\n|-damage|p1a: Scizor|94\/100\n|\n|-status|p2a: Zangn\u00f3\u00f3b|tox|[from] item: Toxic Orb\n|upkeep\n|turn|11\n|\n|t:|1700605926\n|switch|p2a: Not flamboyant|Skeledirge, M|100\/100\n|move|p1a: Scizor|Close Combat|p2a: Not flamboyant\n|-immune|p2a: Not flamboyant\n|\n|upkeep\n|turn|12\n|\n|t:|1700605949\n|switch|p1a: Toxapex|Toxapex, F|93\/100\n|move|p2a: Not flamboyant|Will-O-Wisp|p1a: Toxapex\n|-status|p1a: Toxapex|brn\n|\n|-damage|p1a: Toxapex|87\/100 brn|[from] brn\n|upkeep\n|turn|13\n|\n|t:|1700605956\n|switch|p2a: Not edited|Ditto|100\/100\n|-transform|p2a: Not edited|p1a: Toxapex|[from] ability: Imposter\n|move|p1a: Toxapex|Poison Jab|p2a: Not edited\n|-resisted|p2a: Not edited\n|-damage|p2a: Not edited|97\/100\n|\n|-damage|p1a: Toxapex|81\/100 brn|[from] brn\n|upkeep\n|turn|14\n|\n|t:|1700605974\n|switch|p1a: Thievul|Thievul, F|100\/100\n|move|p2a: Not edited|Scald|p1a: Thievul\n|-damage|p1a: Thievul|79\/100\n|\n|upkeep\n|turn|15\n|\n|t:|1700605981\n|move|p1a: Thievul|Psychic|p2a: Not edited\n|-supereffective|p2a: Not edited\n|-damage|p2a: Not edited|54\/100\n|move|p2a: Not edited|Scald|p1a: Thievul\n|-damage|p1a: Thievul|58\/100\n|\n|upkeep\n|turn|16\n|\n|t:|1700605990\n|move|p1a: Thievul|Psychic|p2a: Not edited\n|-supereffective|p2a: Not edited\n|-damage|p2a: Not edited|8\/100\n|move|p2a: Not edited|Scald|p1a: Thievul\n|-damage|p1a: Thievul|34\/100\n|\n|upkeep\n|turn|17\n|\n|t:|1700606000\n|switch|p2a: Zangn\u00f3\u00f3b|Zangoose, F|100\/100 tox\n|move|p1a: Thievul|Psychic|p2a: Zangn\u00f3\u00f3b\n|-damage|p2a: Zangn\u00f3\u00f3b|0 fnt\n|faint|p2a: Zangn\u00f3\u00f3b\n|\n|upkeep\n|\n|t:|1700606009\n|switch|p2a: Not edited|Ditto|41\/100\n|-transform|p2a: Not edited|p1a: Thievul|[from] ability: Imposter\n|turn|18\n|\n|t:|1700606022\n|switch|p1a: Toxapex|Toxapex, F|100\/100 brn\n|move|p2a: Not edited|U-turn|p1a: Toxapex\n|-resisted|p1a: Toxapex\n|-damage|p1a: Toxapex|94\/100 brn\n|-damage|p2a: Not edited|24\/100|[from] item: Rocky Helmet|[of] p1a: Toxapex\n|\n|t:|1700606030\n|switch|p2a: Not flamboyant|Skeledirge, M|100\/100|[from] U-turn\n|\n|-damage|p1a: Toxapex|88\/100 brn|[from] brn\n|upkeep\n|turn|19\n|\n|t:|1700606035\n|move|p2a: Not flamboyant|Torch Song|p1a: Toxapex\n|-resisted|p1a: Toxapex\n|-damage|p1a: Toxapex|78\/100 brn\n|-boost|p2a: Not flamboyant|spa|1\n|move|p1a: Toxapex|Poison Jab|p2a: Not flamboyant\n|-resisted|p2a: Not flamboyant\n|-damage|p2a: Not flamboyant|98\/100\n|\n|-damage|p1a: Toxapex|72\/100 brn|[from] brn\n|upkeep\n|turn|20\n|\n|t:|1700606040\n|move|p2a: Not flamboyant|Torch Song|p1a: Toxapex\n|-resisted|p1a: Toxapex\n|-damage|p1a: Toxapex|59\/100 brn\n|-boost|p2a: Not flamboyant|spa|1\n|move|p1a: Toxapex|Poison Jab|p2a: Not flamboyant\n|-resisted|p2a: Not flamboyant\n|-damage|p2a: Not flamboyant|95\/100\n|\n|-damage|p1a: Toxapex|53\/100 brn|[from] brn\n|upkeep\n|turn|21\n|\n|t:|1700606043\n|move|p2a: Not flamboyant|Shadow Ball|p1a: Toxapex\n|-damage|p1a: Toxapex|12\/100 brn\n|move|p1a: Toxapex|Poison Jab|p2a: Not flamboyant\n|-resisted|p2a: Not flamboyant\n|-damage|p2a: Not flamboyant|92\/100\n|\n|-damage|p1a: Toxapex|6\/100 brn|[from] brn\n|upkeep\n|turn|22\n|\n|t:|1700606048\n|move|p2a: Not flamboyant|Torch Song|p1a: Toxapex\n|-resisted|p1a: Toxapex\n|-damage|p1a: Toxapex|0 fnt\n|-boost|p2a: Not flamboyant|spa|1\n|faint|p1a: Toxapex\n|\n|upkeep\n|\n|t:|1700606052\n|switch|p1a: Thievul|Thievul, F|34\/100\n|turn|23\n|\n|t:|1700606060\n|-terastallize|p1a: Thievul|Dark\n|move|p1a: Thievul|Dark Pulse|p2a: Not flamboyant\n|-supereffective|p2a: Not flamboyant\n|-damage|p2a: Not flamboyant|0 fnt\n|faint|p2a: Not flamboyant\n|\n|upkeep\n|\n|t:|1700606070\n|switch|p2a: cancer noob luck|Sneasler, M|100\/100\n|-item|p2a: cancer noob luck|Air Balloon\n|turn|24\n|\n|t:|1700606075\n|switch|p1a: Urshifu|Urshifu-Rapid-Strike, M|5\/100\n|move|p2a: cancer noob luck|Swords Dance|p2a: cancer noob luck\n|-boost|p2a: cancer noob luck|atk|2\n|\n|upkeep\n|turn|25\n|\n|t:|1700606081\n|move|p2a: cancer noob luck|Dire Claw|p1a: Urshifu\n|-damage|p1a: Urshifu|0 fnt\n|faint|p1a: Urshifu\n|\n|upkeep\n|\n|t:|1700606084\n|switch|p1a: Scizor|Scizor-Mega, F|94\/100\n|turn|26\n|\n|t:|1700606090\n|move|p1a: Scizor|Bullet Punch|p2a: cancer noob luck\n|-damage|p2a: cancer noob luck|35\/100\n|-enditem|p2a: cancer noob luck|Air Balloon\n|move|p2a: cancer noob luck|Close Combat|p1a: Scizor\n|-damage|p1a: Scizor|3\/100\n|-unboost|p2a: cancer noob luck|def|1\n|-unboost|p2a: cancer noob luck|spd|1\n|\n|upkeep\n|turn|27\n|\n|t:|1700606104\n|switch|p2a: Not edited|Ditto|24\/100\n|-transform|p2a: Not edited|p1a: Scizor|[from] ability: Imposter\n|move|p1a: Scizor|Bullet Punch|p2a: Not edited\n|-resisted|p2a: Not edited\n|-crit|p2a: Not edited\n|-damage|p2a: Not edited|1\/100\n|\n|upkeep\n|turn|28\n|\n|t:|1700606108\n|switch|p1a: Zapdos|Zapdos|100\/100\n|move|p2a: Not edited|Bullet Punch|p1a: Zapdos\n|-resisted|p1a: Zapdos\n|-crit|p1a: Zapdos\n|-damage|p1a: Zapdos|79\/100\n|\n|upkeep\n|turn|29\n|\n|t:|1700606110\n|move|p2a: Not edited|Bullet Punch|p1a: Zapdos\n|-resisted|p1a: Zapdos\n|-damage|p1a: Zapdos|65\/100\n|move|p1a: Zapdos|U-turn|p2a: Not edited\n|-resisted|p2a: Not edited\n|-damage|p2a: Not edited|0 fnt\n|faint|p2a: Not edited\n|\n|t:|1700606112\n|switch|p1a: Scizor|Scizor-Mega, F|3\/100|[from] U-turn\n|\n|upkeep\n|\n|t:|1700606115\n|switch|p2a: cancer noob luck|Sneasler, M|35\/100\n|turn|30\n|\n|t:|1700606118\n|move|p1a: Scizor|Bullet Punch|p2a: cancer noob luck\n|-damage|p2a: cancer noob luck|0 fnt\n|faint|p2a: cancer noob luck\n|\n|win|Idi0t Twink Rose\n|raw|Idi0t Twink Rose's rating: 1511 &rarr; <strong>1536<\/strong><br \/>(+25 for winning)\n|raw|TheStroker's rating: 1595 &rarr; <strong>1570<\/strong><br \/>(-25 for losing)\n|l|\u2606Idi0t Twink Rose\n","uploadtime":1700606131,"views":0,"p1id":"idi0ttwinkrose","p2id":"thestroker","formatid":"gen9nationaldex","rating":1536,"private":0,"password":""}