{"id":"gen9nationaldex-1993217128","p1":"wjssz","p2":"givemeyourtoe","format":"[Gen 9] National Dex","log":"|j|\u2606wjssz\n|j|\u2606givemeyourtoe\n|t:|1700279402\n|gametype|singles\n|player|p1|wjssz|hilda-wonderlauncher|1245\n|player|p2|givemeyourtoe|2|1296\n|teamsize|p1|6\n|teamsize|p2|6\n|gen|9\n|tier|[Gen 9] National Dex\n|rated|\n|rule|HP Percentage Mod: HP is shown in percentages\n|rule|Endless Battle Clause: Forcing endless battles is banned\n|rule|OHKO Clause: OHKO moves are banned\n|rule|Evasion Clause: Evasion abilities, items, and moves are banned\n|rule|Evasion Abilities Clause: Evasion abilities are banned\n|rule|Evasion Items Clause: Evasion items are banned\n|rule|Evasion Moves Clause: Evasion moves are banned\n|rule|Species Clause: Limit one of each Pok\u00e9mon\n|rule|Sleep Clause Mod: Limit one foe put to sleep\n|clearpoke\n|poke|p1|Urshifu-*, F|\n|poke|p1|Blaziken, M|\n|poke|p1|Iron Valiant|\n|poke|p1|Garganacl, F|\n|poke|p1|Tapu Lele|\n|poke|p1|Lopunny, F|\n|poke|p2|Heracross, M|\n|poke|p2|Gliscor, M|\n|poke|p2|Rotom-Wash|\n|poke|p2|Garganacl, M|\n|poke|p2|Goodra, M|\n|poke|p2|Grimmsnarl, M|\n|teampreview\n|inactive|Battle timer is ON: inactive players will automatically lose when time's up. (requested by wjssz)\n|\n|t:|1700279411\n|start\n|switch|p1a: Lopunny|Lopunny, F|100\/100\n|switch|p2a: Rotom|Rotom-Wash|100\/100\n|turn|1\n|\n|t:|1700279433\n|switch|p2a: Heracross|Heracross, M|100\/100\n|detailschange|p1a: Lopunny|Lopunny-Mega, F\n|-mega|p1a: Lopunny|Lopunny|Lopunnite\n|move|p1a: Lopunny|Fake Out|p2a: Heracross\n|-damage|p2a: Heracross|71\/100\n|\n|upkeep\n|turn|2\n|\n|t:|1700279437\n|move|p2a: Heracross|Close Combat|p1a: Lopunny\n|-supereffective|p1a: Lopunny\n|-damage|p1a: Lopunny|0 fnt\n|-unboost|p2a: Heracross|def|1\n|-unboost|p2a: Heracross|spd|1\n|faint|p1a: Lopunny\n|-ability|p2a: Heracross|Moxie|boost\n|-boost|p2a: Heracross|atk|1\n|\n|upkeep\n|\n|t:|1700279447\n|switch|p1a: Urshifu|Urshifu-Rapid-Strike, F|100\/100\n|turn|3\n|\n|t:|1700279465\n|switch|p2a: Rotom|Rotom-Wash|100\/100\n|-terastallize|p1a: Urshifu|Water\n|move|p1a: Urshifu|Aqua Jet|p2a: Rotom\n|-resisted|p2a: Rotom\n|-crit|p2a: Rotom\n|-damage|p2a: Rotom|68\/100\n|\n|upkeep\n|turn|4\n|\n|t:|1700279470\n|switch|p1a: Tapu Lele|Tapu Lele|100\/100\n|-fieldstart|move: Psychic Terrain|[from] ability: Psychic Surge|[of] p1a: Tapu Lele\n|move|p2a: Rotom|Will-O-Wisp|p1a: Tapu Lele\n|-status|p1a: Tapu Lele|brn\n|\n|-damage|p1a: Tapu Lele|94\/100 brn|[from] brn\n|upkeep\n|turn|5\n|\n|t:|1700279477\n|-zpower|p1a: Tapu Lele\n|move|p1a: Tapu Lele|All-Out Pummeling|p2a: Rotom|[zeffect]\n|-damage|p2a: Rotom|0 fnt\n|faint|p2a: Rotom\n|\n|-damage|p1a: Tapu Lele|88\/100 brn|[from] brn\n|upkeep\n|\n|t:|1700279485\n|switch|p2a: Goodra|Goodra, M|100\/100\n|turn|6\n|\n|t:|1700279496\n|move|p1a: Tapu Lele|Future Sight|p2a: Goodra\n|-start|p1a: Tapu Lele|move: Future Sight\n|move|p2a: Goodra|Sludge Wave|p1a: Tapu Lele\n|-supereffective|p1a: Tapu Lele\n|-damage|p1a: Tapu Lele|24\/100 brn\n|\n|-damage|p1a: Tapu Lele|18\/100 brn|[from] brn\n|upkeep\n|turn|7\n|\n|t:|1700279502\n|move|p1a: Tapu Lele|Moonblast|p2a: Goodra\n|-supereffective|p2a: Goodra\n|-damage|p2a: Goodra|56\/100\n|-unboost|p2a: Goodra|spa|1\n|move|p2a: Goodra|Sludge Wave|p1a: Tapu Lele\n|-supereffective|p1a: Tapu Lele\n|-damage|p1a: Tapu Lele|0 fnt\n|faint|p1a: Tapu Lele\n|\n|upkeep\n|\n|t:|1700279506\n|switch|p1a: Blaziken|Blaziken, M|100\/100\n|turn|8\n|\n|t:|1700279518\n|switch|p2a: Grimmsnarl|Grimmsnarl, M|100\/100\n|move|p1a: Blaziken|Swords Dance|p1a: Blaziken\n|-boost|p1a: Blaziken|atk|2\n|\n|-end|p2a: Grimmsnarl|move: Future Sight\n|-immune|p2a: Grimmsnarl\n|-fieldend|move: Psychic Terrain\n|-ability|p1a: Blaziken|Speed Boost|boost\n|-boost|p1a: Blaziken|spe|1\n|upkeep\n|turn|9\n|\n|t:|1700279523\n|move|p1a: Blaziken|Protect|p1a: Blaziken\n|-singleturn|p1a: Blaziken|Protect\n|move|p2a: Grimmsnarl|Taunt|p1a: Blaziken\n|-activate|p1a: Blaziken|move: Protect\n|\n|-ability|p1a: Blaziken|Speed Boost|boost\n|-boost|p1a: Blaziken|spe|1\n|upkeep\n|turn|10\n|\n|t:|1700279529\n|move|p2a: Grimmsnarl|Taunt|p1a: Blaziken\n|-start|p1a: Blaziken|move: Taunt\n|move|p1a: Blaziken|Flare Blitz|p2a: Grimmsnarl\n|-damage|p2a: Grimmsnarl|0 fnt\n|faint|p2a: Grimmsnarl\n|-damage|p1a: Blaziken|57\/100|[from] Recoil\n|\n|-ability|p1a: Blaziken|Speed Boost|boost\n|-boost|p1a: Blaziken|spe|1\n|upkeep\n|\n|t:|1700279533\n|switch|p2a: Garganacl|Garganacl, M|100\/100\n|turn|11\n|\n|t:|1700279536\n|-terastallize|p2a: Garganacl|Water\n|move|p1a: Blaziken|Close Combat|p2a: Garganacl\n|-damage|p2a: Garganacl|35\/100\n|-unboost|p1a: Blaziken|def|1\n|-unboost|p1a: Blaziken|spd|1\n|move|p2a: Garganacl|Salt Cure|p1a: Blaziken\n|-damage|p1a: Blaziken|27\/100\n|-start|p1a: Blaziken|Salt Cure\n|\n|-heal|p2a: Garganacl|41\/100|[from] item: Leftovers\n|-damage|p1a: Blaziken|15\/100|[from] Salt Cure\n|-ability|p1a: Blaziken|Speed Boost|boost\n|-boost|p1a: Blaziken|spe|1\n|upkeep\n|turn|12\n|\n|t:|1700279560\n|switch|p2a: Gliscor|Gliscor, M|100\/100\n|move|p1a: Blaziken|Close Combat|p2a: Gliscor\n|-resisted|p2a: Gliscor\n|-damage|p2a: Gliscor|36\/100\n|-unboost|p1a: Blaziken|def|1\n|-unboost|p1a: Blaziken|spd|1\n|\n|-damage|p1a: Blaziken|3\/100|[from] Salt Cure\n|-end|p1a: Blaziken|move: Taunt\n|-ability|p1a: Blaziken|Speed Boost|boost\n|-boost|p1a: Blaziken|spe|1\n|-status|p2a: Gliscor|tox|[from] item: Toxic Orb\n|upkeep\n|turn|13\n|\n|t:|1700279565\n|move|p2a: Gliscor|Protect|p2a: Gliscor\n|-singleturn|p2a: Gliscor|Protect\n|move|p1a: Blaziken|Flare Blitz|p2a: Gliscor\n|-activate|p2a: Gliscor|move: Protect\n|\n|-heal|p2a: Gliscor|48\/100 tox|[from] ability: Poison Heal\n|-damage|p1a: Blaziken|0 fnt|[from] Salt Cure\n|faint|p1a: Blaziken\n|upkeep\n|\n|t:|1700279567\n|switch|p1a: Iron Valiant|Iron Valiant|100\/100\n|-enditem|p1a: Iron Valiant|Booster Energy\n|-activate|p1a: Iron Valiant|ability: Quark Drive|[fromitem]\n|-start|p1a: Iron Valiant|quarkdrivespe\n|turn|14\n|\n|t:|1700279571\n|move|p1a: Iron Valiant|Encore|p2a: Gliscor\n|-start|p2a: Gliscor|Encore\n|move|p2a: Gliscor|Protect||[still]\n|-fail|p2a: Gliscor\n|\n|-heal|p2a: Gliscor|60\/100 tox|[from] ability: Poison Heal\n|upkeep\n|turn|15\n|\n|t:|1700279578\n|move|p2a: Gliscor|Protect|p2a: Gliscor\n|-singleturn|p2a: Gliscor|Protect\n|move|p1a: Iron Valiant|Knock Off|p2a: Gliscor\n|-activate|p2a: Gliscor|move: Protect\n|\n|-heal|p2a: Gliscor|73\/100 tox|[from] ability: Poison Heal\n|upkeep\n|turn|16\n|\n|t:|1700279582\n|move|p2a: Gliscor|Protect||[still]\n|-fail|p2a: Gliscor\n|move|p1a: Iron Valiant|Knock Off|p2a: Gliscor\n|-damage|p2a: Gliscor|40\/100 tox\n|-enditem|p2a: Gliscor|Toxic Orb|[from] move: Knock Off|[of] p1a: Iron Valiant\n|\n|-heal|p2a: Gliscor|52\/100 tox|[from] ability: Poison Heal\n|-end|p2a: Gliscor|Encore\n|upkeep\n|turn|17\n|\n|t:|1700279589\n|move|p1a: Iron Valiant|Encore|p2a: Gliscor\n|-start|p2a: Gliscor|Encore\n|move|p2a: Gliscor|Protect||[still]\n|-fail|p2a: Gliscor\n|\n|-heal|p2a: Gliscor|65\/100 tox|[from] ability: Poison Heal\n|upkeep\n|turn|18\n|\n|t:|1700279598\n|switch|p2a: Goodra|Goodra, M|56\/100\n|move|p1a: Iron Valiant|Spirit Break|p2a: Goodra\n|-supereffective|p2a: Goodra\n|-damage|p2a: Goodra|0 fnt\n|faint|p2a: Goodra\n|\n|upkeep\n|\n|t:|1700279601\n|switch|p2a: Gliscor|Gliscor, M|65\/100 tox\n|turn|19\n|\n|t:|1700279607\n|-end|p1a: Iron Valiant|Quark Drive|[silent]\n|switch|p1a: Urshifu|Urshifu-Rapid-Strike, F, tera:Water|100\/100\n|move|p2a: Gliscor|Acrobatics|p1a: Urshifu\n|-damage|p1a: Urshifu|52\/100\n|\n|-heal|p2a: Gliscor|77\/100 tox|[from] ability: Poison Heal\n|upkeep\n|turn|20\n|\n|t:|1700279614\n|switch|p2a: Garganacl|Garganacl, M, tera:Water|41\/100\n|move|p1a: Urshifu|Surging Strikes|p2a: Garganacl\n|-resisted|p2a: Garganacl\n|-crit|p2a: Garganacl\n|-damage|p2a: Garganacl|34\/100\n|-resisted|p2a: Garganacl\n|-crit|p2a: Garganacl\n|-damage|p2a: Garganacl|25\/100\n|-resisted|p2a: Garganacl\n|-crit|p2a: Garganacl\n|-damage|p2a: Garganacl|18\/100\n|-hitcount|p2a: Garganacl|3\n|\n|-heal|p2a: Garganacl|24\/100|[from] item: Leftovers\n|upkeep\n|turn|21\n|\n|t:|1700279623\n|move|p1a: Urshifu|Surging Strikes|p2a: Garganacl\n|-resisted|p2a: Garganacl\n|-crit|p2a: Garganacl\n|-damage|p2a: Garganacl|16\/100\n|-resisted|p2a: Garganacl\n|-crit|p2a: Garganacl\n|-damage|p2a: Garganacl|9\/100\n|-resisted|p2a: Garganacl\n|-crit|p2a: Garganacl\n|-damage|p2a: Garganacl|1\/100\n|-hitcount|p2a: Garganacl|3\n|move|p2a: Garganacl|Recover|p2a: Garganacl\n|-heal|p2a: Garganacl|51\/100\n|\n|-heal|p2a: Garganacl|58\/100|[from] item: Leftovers\n|upkeep\n|turn|22\n|\n|t:|1700279635\n|switch|p1a: Iron Valiant|Iron Valiant|100\/100\n|move|p2a: Garganacl|Recover|p2a: Garganacl\n|-heal|p2a: Garganacl|100\/100\n|\n|upkeep\n|turn|23\n|\n|t:|1700279639\n|move|p1a: Iron Valiant|Encore|p2a: Garganacl\n|-start|p2a: Garganacl|Encore\n|move|p2a: Garganacl|Recover||[still]\n|-fail|p2a: Garganacl|heal\n|\n|upkeep\n|turn|24\n|\n|t:|1700279643\n|switch|p2a: Gliscor|Gliscor, M|77\/100 tox\n|move|p1a: Iron Valiant|Knock Off|p2a: Gliscor\n|-damage|p2a: Gliscor|53\/100 tox\n|\n|-heal|p2a: Gliscor|65\/100 tox|[from] ability: Poison Heal\n|upkeep\n|turn|25\n|\n|t:|1700279649\n|-end|p1a: Iron Valiant|Quark Drive|[silent]\n|switch|p1a: Garganacl|Garganacl, F|100\/100\n|move|p2a: Gliscor|Acrobatics|p1a: Garganacl\n|-resisted|p1a: Garganacl\n|-damage|p1a: Garganacl|89\/100\n|\n|-heal|p1a: Garganacl|95\/100|[from] item: Leftovers\n|-heal|p2a: Gliscor|78\/100 tox|[from] ability: Poison Heal\n|upkeep\n|turn|26\n|\n|t:|1700279657\n|move|p2a: Gliscor|Protect|p2a: Gliscor\n|-singleturn|p2a: Gliscor|Protect\n|move|p1a: Garganacl|Salt Cure|p2a: Gliscor\n|-activate|p2a: Gliscor|move: Protect\n|\n|-heal|p1a: Garganacl|100\/100|[from] item: Leftovers\n|-heal|p2a: Gliscor|90\/100 tox|[from] ability: Poison Heal\n|upkeep\n|turn|27\n|\n|t:|1700279663\n|move|p2a: Gliscor|Earthquake|p1a: Garganacl\n|-supereffective|p1a: Garganacl\n|-damage|p1a: Garganacl|54\/100\n|move|p1a: Garganacl|Salt Cure|p2a: Gliscor\n|-damage|p2a: Gliscor|78\/100 tox\n|-start|p2a: Gliscor|Salt Cure\n|\n|-heal|p1a: Garganacl|61\/100|[from] item: Leftovers\n|-heal|p2a: Gliscor|90\/100 tox|[from] ability: Poison Heal\n|-damage|p2a: Gliscor|78\/100 tox|[from] Salt Cure\n|upkeep\n|turn|28\n|\n|t:|1700279668\n|move|p2a: Gliscor|Earthquake|p1a: Garganacl\n|-supereffective|p1a: Garganacl\n|-damage|p1a: Garganacl|16\/100\n|move|p1a: Garganacl|Recover|p1a: Garganacl\n|-heal|p1a: Garganacl|66\/100\n|\n|-heal|p1a: Garganacl|72\/100|[from] item: Leftovers\n|-heal|p2a: Gliscor|90\/100 tox|[from] ability: Poison Heal\n|-damage|p2a: Gliscor|78\/100 tox|[from] Salt Cure\n|upkeep\n|turn|29\n|\n|t:|1700279678\n|move|p1a: Garganacl|Protect|p1a: Garganacl\n|-singleturn|p1a: Garganacl|Protect\n|move|p2a: Gliscor|Acrobatics|p1a: Garganacl\n|-activate|p1a: Garganacl|move: Protect\n|\n|-heal|p1a: Garganacl|78\/100|[from] item: Leftovers\n|-heal|p2a: Gliscor|90\/100 tox|[from] ability: Poison Heal\n|-damage|p2a: Gliscor|78\/100 tox|[from] Salt Cure\n|upkeep\n|turn|30\n|\n|t:|1700279682\n|move|p2a: Gliscor|Earthquake|p1a: Garganacl\n|-supereffective|p1a: Garganacl\n|-damage|p1a: Garganacl|37\/100\n|move|p1a: Garganacl|Ice Punch|p2a: Gliscor\n|-supereffective|p2a: Gliscor\n|-damage|p2a: Gliscor|6\/100 tox\n|\n|-heal|p1a: Garganacl|43\/100|[from] item: Leftovers\n|-heal|p2a: Gliscor|19\/100 tox|[from] ability: Poison Heal\n|-damage|p2a: Gliscor|6\/100 tox|[from] Salt Cure\n|upkeep\n|turn|31\n|\n|t:|1700279693\n|move|p1a: Garganacl|Protect|p1a: Garganacl\n|-singleturn|p1a: Garganacl|Protect\n|move|p2a: Gliscor|Earthquake|p1a: Garganacl\n|-activate|p1a: Garganacl|move: Protect\n|\n|-heal|p1a: Garganacl|49\/100|[from] item: Leftovers\n|-heal|p2a: Gliscor|19\/100 tox|[from] ability: Poison Heal\n|-damage|p2a: Gliscor|6\/100 tox|[from] Salt Cure\n|upkeep\n|turn|32\n|\n|t:|1700279706\n|move|p2a: Gliscor|Earthquake|p1a: Garganacl\n|-supereffective|p1a: Garganacl\n|-damage|p1a: Garganacl|8\/100\n|move|p1a: Garganacl|Recover|p1a: Garganacl\n|-heal|p1a: Garganacl|58\/100\n|\n|-heal|p1a: Garganacl|64\/100|[from] item: Leftovers\n|-heal|p2a: Gliscor|19\/100 tox|[from] ability: Poison Heal\n|-damage|p2a: Gliscor|6\/100 tox|[from] Salt Cure\n|upkeep\n|turn|33\n|\n|t:|1700279713\n|move|p2a: Gliscor|Earthquake|p1a: Garganacl\n|-supereffective|p1a: Garganacl\n|-damage|p1a: Garganacl|19\/100\n|move|p1a: Garganacl|Recover|p1a: Garganacl\n|-heal|p1a: Garganacl|69\/100\n|\n|-heal|p1a: Garganacl|75\/100|[from] item: Leftovers\n|-heal|p2a: Gliscor|19\/100 tox|[from] ability: Poison Heal\n|-damage|p2a: Gliscor|6\/100 tox|[from] Salt Cure\n|upkeep\n|turn|34\n|\n|t:|1700279726\n|move|p2a: Gliscor|Acrobatics|p1a: Garganacl\n|-resisted|p1a: Garganacl\n|-damage|p1a: Garganacl|64\/100\n|move|p1a: Garganacl|Recover|p1a: Garganacl\n|-heal|p1a: Garganacl|100\/100\n|\n|-heal|p2a: Gliscor|19\/100 tox|[from] ability: Poison Heal\n|-damage|p2a: Gliscor|6\/100 tox|[from] Salt Cure\n|upkeep\n|turn|35\n|\n|t:|1700279731\n|move|p2a: Gliscor|Earthquake|p1a: Garganacl\n|-supereffective|p1a: Garganacl\n|-damage|p1a: Garganacl|59\/100\n|move|p1a: Garganacl|Salt Cure|p2a: Gliscor\n|-damage|p2a: Gliscor|0 fnt\n|faint|p2a: Gliscor\n|\n|-heal|p1a: Garganacl|65\/100|[from] item: Leftovers\n|upkeep\n|\n|t:|1700279737\n|switch|p2a: Heracross|Heracross, M|71\/100\n|turn|36\n|\n|t:|1700279740\n|move|p1a: Garganacl|Protect|p1a: Garganacl\n|-singleturn|p1a: Garganacl|Protect\n|move|p2a: Heracross|Close Combat|p1a: Garganacl\n|-activate|p1a: Garganacl|move: Protect\n|\n|-heal|p1a: Garganacl|71\/100|[from] item: Leftovers\n|upkeep\n|turn|37\n|\n|t:|1700279746\n|switch|p1a: Iron Valiant|Iron Valiant|100\/100\n|move|p2a: Heracross|Close Combat|p1a: Iron Valiant\n|-resisted|p1a: Iron Valiant\n|-damage|p1a: Iron Valiant|58\/100\n|-unboost|p2a: Heracross|def|1\n|-unboost|p2a: Heracross|spd|1\n|\n|upkeep\n|turn|38\n|\n|t:|1700279752\n|switch|p2a: Garganacl|Garganacl, M, tera:Water|100\/100\n|move|p1a: Iron Valiant|Spirit Break|p2a: Garganacl\n|-damage|p2a: Garganacl|82\/100\n|-unboost|p2a: Garganacl|spa|1\n|\n|-heal|p2a: Garganacl|88\/100|[from] item: Leftovers\n|upkeep\n|turn|39\n|\n|t:|1700279756\n|move|p1a: Iron Valiant|Knock Off|p2a: Garganacl\n|-damage|p2a: Garganacl|72\/100\n|-enditem|p2a: Garganacl|Leftovers|[from] move: Knock Off|[of] p1a: Iron Valiant\n|move|p2a: Garganacl|Salt Cure|p1a: Iron Valiant\n|-resisted|p1a: Iron Valiant\n|-damage|p1a: Iron Valiant|49\/100\n|-start|p1a: Iron Valiant|Salt Cure\n|\n|-damage|p1a: Iron Valiant|36\/100|[from] Salt Cure\n|upkeep\n|turn|40\n|\n|t:|1700279762\n|-end|p1a: Iron Valiant|Quark Drive|[silent]\n|switch|p1a: Garganacl|Garganacl, F|71\/100\n|switch|p2a: Heracross|Heracross, M|71\/100\n|\n|-heal|p1a: Garganacl|77\/100|[from] item: Leftovers\n|upkeep\n|turn|41\n|\n|t:|1700279766\n|move|p1a: Garganacl|Protect|p1a: Garganacl\n|-singleturn|p1a: Garganacl|Protect\n|move|p2a: Heracross|Close Combat|p1a: Garganacl\n|-activate|p1a: Garganacl|move: Protect\n|\n|-heal|p1a: Garganacl|84\/100|[from] item: Leftovers\n|upkeep\n|turn|42\n|\n|t:|1700279772\n|move|p2a: Heracross|Close Combat|p1a: Garganacl\n|-supereffective|p1a: Garganacl\n|-damage|p1a: Garganacl|18\/100\n|-unboost|p2a: Heracross|def|1\n|-unboost|p2a: Heracross|spd|1\n|move|p1a: Garganacl|Salt Cure|p2a: Heracross\n|-damage|p2a: Heracross|43\/100\n|-start|p2a: Heracross|Salt Cure\n|\n|-heal|p1a: Garganacl|25\/100|[from] item: Leftovers\n|-damage|p2a: Heracross|31\/100|[from] Salt Cure\n|upkeep\n|turn|43\n|\n|t:|1700279778\n|move|p1a: Garganacl|Protect|p1a: Garganacl\n|-singleturn|p1a: Garganacl|Protect\n|move|p2a: Heracross|Close Combat|p1a: Garganacl\n|-activate|p1a: Garganacl|move: Protect\n|\n|-heal|p1a: Garganacl|31\/100|[from] item: Leftovers\n|-damage|p2a: Heracross|18\/100|[from] Salt Cure\n|upkeep\n|turn|44\n|\n|t:|1700279790\n|switch|p2a: Garganacl|Garganacl, M, tera:Water|72\/100\n|switch|p1a: Iron Valiant|Iron Valiant|36\/100\n|\n|upkeep\n|turn|45\n|\n|t:|1700279798\n|move|p1a: Iron Valiant|Spirit Break|p2a: Garganacl\n|-damage|p2a: Garganacl|50\/100\n|-unboost|p2a: Garganacl|spa|1\n|move|p2a: Garganacl|Salt Cure|p1a: Iron Valiant\n|-resisted|p1a: Iron Valiant\n|-damage|p1a: Iron Valiant|27\/100\n|-start|p1a: Iron Valiant|Salt Cure\n|\n|-damage|p1a: Iron Valiant|15\/100|[from] Salt Cure\n|upkeep\n|turn|46\n|\n|t:|1700279811\n|switch|p2a: Heracross|Heracross, M|18\/100\n|move|p1a: Iron Valiant|Close Combat|p2a: Heracross\n|-resisted|p2a: Heracross\n|-damage|p2a: Heracross|0 fnt\n|-unboost|p1a: Iron Valiant|def|1\n|-unboost|p1a: Iron Valiant|spd|1\n|faint|p2a: Heracross\n|\n|-damage|p1a: Iron Valiant|2\/100|[from] Salt Cure\n|upkeep\n|-message|givemeyourtoe forfeited.\n|\n|win|wjssz\n|raw|wjssz's rating: 1245 &rarr; <strong>1274<\/strong><br \/>(+29 for winning)\n|raw|givemeyourtoe's rating: 1296 &rarr; <strong>1267<\/strong><br \/>(-29 for losing)\n|l|\u2606givemeyourtoe\n","uploadtime":1700279822,"views":16,"p1id":"wjssz","p2id":"givemeyourtoe","formatid":"gen9nationaldex","rating":1267,"private":0,"password":""}