{"id":"gen9nationaldex-1999749107","p1":"Sarugame","p2":"Mole Enthusiast","format":"[Gen 9] National Dex","log":"|html|<div class=\"broadcast-blue\"><strong>[Gen 9] National Dex is currently suspecting Sneasler! For information on how to participate check out the <a href=\"https:\/\/www.smogon.com\/forums\/threads\/sv-national-dex-suspect-8-just-dance.3731534\/\">suspect thread<\/a>.<\/strong><\/div>\n|j|\u2606Sarugame\n|j|\u2606Mole Enthusiast\n|t:|1701113266\n|gametype|singles\n|player|p1|Sarugame|shadowtriad|1204\n|player|p2|Mole Enthusiast|grimsley|1240\n|teamsize|p1|6\n|teamsize|p2|6\n|gen|9\n|tier|[Gen 9] National Dex\n|rated|\n|rule|HP Percentage Mod: HP is shown in percentages\n|rule|Endless Battle Clause: Forcing endless battles is banned\n|rule|OHKO Clause: OHKO moves are banned\n|rule|Evasion Clause: Evasion abilities, items, and moves are banned\n|rule|Evasion Abilities Clause: Evasion abilities are banned\n|rule|Evasion Items Clause: Evasion items are banned\n|rule|Evasion Moves Clause: Evasion moves are banned\n|rule|Species Clause: Limit one of each Pok\u00e9mon\n|rule|Sleep Clause Mod: Limit one foe put to sleep\n|clearpoke\n|poke|p1|Golisopod, M|\n|poke|p1|Volcarona, M|\n|poke|p1|Scizor, F|\n|poke|p1|Kleavor, M|\n|poke|p1|Buzzwole|\n|poke|p1|Galvantula, F|\n|poke|p2|Ferrothorn, F|\n|poke|p2|Kyurem|\n|poke|p2|Rotom-Wash|\n|poke|p2|Sableye, F|\n|poke|p2|Clodsire, M|\n|poke|p2|Clefable, F|\n|teampreview\n|inactive|Battle timer is ON: inactive players will automatically lose when time's up. (requested by Mole Enthusiast)\n|\n|t:|1701113272\n|start\n|switch|p1a: Galvantula|Galvantula, F|100\/100\n|switch|p2a: Clodsire|Clodsire, M|100\/100\n|turn|1\n|\n|t:|1701113284\n|move|p1a: Galvantula|Sticky Web|p2a: Clodsire\n|-sidestart|p2: Mole Enthusiast|move: Sticky Web\n|move|p2a: Clodsire|Toxic|p1a: Galvantula\n|-status|p1a: Galvantula|tox\n|\n|-damage|p1a: Galvantula|94\/100 tox|[from] psn\n|upkeep\n|turn|2\n|\n|t:|1701113291\n|switch|p1a: Buzzwole|Buzzwole|100\/100\n|move|p2a: Clodsire|Stealth Rock|p1a: Buzzwole\n|-sidestart|p1: Sarugame|move: Stealth Rock\n|\n|upkeep\n|turn|3\n|\n|t:|1701113296\n|move|p1a: Buzzwole|Taunt|p2a: Clodsire\n|-start|p2a: Clodsire|move: Taunt\n|cant|p2a: Clodsire|move: Taunt|Toxic\n|\n|upkeep\n|turn|4\n|\n|t:|1701113303\n|switch|p2a: Rotom|Rotom-Wash|100\/100\n|move|p1a: Buzzwole|Drain Punch|p2a: Rotom\n|-crit|p2a: Rotom\n|-damage|p2a: Rotom|63\/100\n|\n|-heal|p2a: Rotom|69\/100|[from] item: Leftovers\n|upkeep\n|turn|5\n|\n|t:|1701113317\n|move|p1a: Buzzwole|Toxic|p2a: Rotom\n|-status|p2a: Rotom|tox\n|move|p2a: Rotom|Will-O-Wisp|p1a: Buzzwole\n|-status|p1a: Buzzwole|brn\n|\n|-heal|p2a: Rotom|75\/100 tox|[from] item: Leftovers\n|-damage|p2a: Rotom|69\/100 tox|[from] psn\n|-damage|p1a: Buzzwole|94\/100 brn|[from] brn\n|upkeep\n|turn|6\n|\n|t:|1701113324\n|move|p1a: Buzzwole|Drain Punch|p2a: Rotom\n|-damage|p2a: Rotom|57\/100 tox\n|-heal|p1a: Buzzwole|99\/100 brn|[from] drain|[of] p2a: Rotom\n|move|p2a: Rotom|Defog|p1a: Buzzwole\n|-unboost|p1a: Buzzwole|evasion|1\n|-sideend|p1: Sarugame|Stealth Rock|[from] move: Defog|[of] p2a: Rotom\n|-sideend|p2: Mole Enthusiast|Sticky Web|[from] move: Defog|[of] p2a: Rotom\n|\n|-heal|p1a: Buzzwole|100\/100 brn|[from] item: Leftovers\n|-heal|p2a: Rotom|63\/100 tox|[from] item: Leftovers\n|-damage|p2a: Rotom|50\/100 tox|[from] psn\n|-damage|p1a: Buzzwole|94\/100 brn|[from] brn\n|upkeep\n|turn|7\n|\n|t:|1701113336\n|switch|p1a: Galvantula|Galvantula, F|94\/100 tox\n|switch|p2a: Clefable|Clefable, F|100\/100\n|\n|-damage|p1a: Galvantula|88\/100 tox|[from] psn\n|upkeep\n|turn|8\n|\n|t:|1701113344\n|switch|p2a: Clodsire|Clodsire, M|100\/100\n|move|p1a: Galvantula|Thunder|p2a: Clodsire\n|-immune|p2a: Clodsire\n|\n|-damage|p1a: Galvantula|76\/100 tox|[from] psn\n|upkeep\n|turn|9\n|\n|t:|1701113351\n|switch|p1a: Buzzwole|Buzzwole|94\/100 brn\n|move|p2a: Clodsire|Stealth Rock|p1a: Buzzwole\n|-sidestart|p1: Sarugame|move: Stealth Rock\n|\n|-heal|p1a: Buzzwole|100\/100 brn|[from] item: Leftovers\n|-damage|p1a: Buzzwole|94\/100 brn|[from] brn\n|upkeep\n|turn|10\n|\n|t:|1701113358\n|switch|p2a: Clefable|Clefable, F|100\/100\n|move|p1a: Buzzwole|Taunt|p2a: Clefable\n|-start|p2a: Clefable|move: Taunt\n|\n|-heal|p1a: Buzzwole|100\/100 brn|[from] item: Leftovers\n|-damage|p1a: Buzzwole|94\/100 brn|[from] brn\n|upkeep\n|turn|11\n|\n|t:|1701113364\n|move|p1a: Buzzwole|Toxic|p2a: Clefable\n|-status|p2a: Clefable|tox\n|move|p2a: Clefable|Moonblast|p1a: Buzzwole\n|-supereffective|p1a: Buzzwole\n|-damage|p1a: Buzzwole|10\/100 brn\n|\n|-heal|p1a: Buzzwole|17\/100 brn|[from] item: Leftovers\n|-damage|p2a: Clefable|94\/100 tox|[from] psn\n|-damage|p1a: Buzzwole|10\/100 brn|[from] brn\n|upkeep\n|turn|12\n|\n|t:|1701113373\n|move|p1a: Buzzwole|Roost|p1a: Buzzwole\n|-heal|p1a: Buzzwole|60\/100 brn\n|-singleturn|p1a: Buzzwole|move: Roost\n|move|p2a: Clefable|Moonblast|p1a: Buzzwole\n|-supereffective|p1a: Buzzwole\n|-damage|p1a: Buzzwole|0 fnt\n|faint|p1a: Buzzwole\n|\n|-heal|p2a: Clefable|100\/100 tox|[from] item: Leftovers\n|-damage|p2a: Clefable|88\/100 tox|[from] psn\n|-end|p2a: Clefable|move: Taunt\n|upkeep\n|\n|t:|1701113399\n|switch|p1a: Kleavor|Kleavor, M|100\/100\n|-damage|p1a: Kleavor|76\/100|[from] Stealth Rock\n|turn|13\n|c|\u2606Mole Enthusiast|just noticed this is bug mono, kinda sick\n|\n|t:|1701113405\n|switch|p2a: Ferrothorn|Ferrothorn, F|100\/100\n|move|p1a: Kleavor|Stone Axe|p2a: Ferrothorn\n|-resisted|p2a: Ferrothorn\n|-damage|p2a: Ferrothorn|83\/100\n|-damage|p1a: Kleavor|63\/100|[from] ability: Iron Barbs|[of] p2a: Ferrothorn\n|-sidestart|p2: Mole Enthusiast|move: Stealth Rock\n|\n|-heal|p2a: Ferrothorn|89\/100|[from] item: Leftovers\n|upkeep\n|turn|14\n|inactive|Sarugame has 120 seconds left.\n|\n|t:|1701113437\n|move|p1a: Kleavor|Air Slash|p2a: Ferrothorn\n|-damage|p2a: Ferrothorn|78\/100\n|move|p2a: Ferrothorn|Leech Seed|p1a: Kleavor\n|-start|p1a: Kleavor|move: Leech Seed\n|\n|-heal|p2a: Ferrothorn|84\/100|[from] item: Leftovers\n|-damage|p1a: Kleavor|51\/100|[from] Leech Seed|[of] p2a: Ferrothorn\n|-heal|p2a: Ferrothorn|94\/100|[silent]\n|upkeep\n|turn|15\n|inactive|Sarugame has 120 seconds left.\n|\n|t:|1701113448\n|switch|p1a: Oda Nobunaga|Golisopod, M, shiny|100\/100\n|-damage|p1a: Oda Nobunaga|75\/100|[from] Stealth Rock\n|move|p2a: Ferrothorn|Spikes|p1a: Oda Nobunaga\n|-sidestart|p1: Sarugame|Spikes\n|\n|-heal|p2a: Ferrothorn|99\/100|[from] item: Leftovers\n|upkeep\n|turn|16\n|\n|t:|1701113456\n|move|p1a: Oda Nobunaga|First Impression|p2a: Ferrothorn\n|-damage|p2a: Ferrothorn|69\/100\n|-damage|p1a: Oda Nobunaga|63\/100|[from] ability: Iron Barbs|[of] p2a: Ferrothorn\n|move|p2a: Ferrothorn|Spikes|p1a: Oda Nobunaga\n|-sidestart|p1: Sarugame|Spikes\n|\n|-heal|p2a: Ferrothorn|75\/100|[from] item: Leftovers\n|upkeep\n|turn|17\n|inactive|Sarugame has 120 seconds left.\n|\n|t:|1701113473\n|move|p1a: Oda Nobunaga|Close Combat|p2a: Ferrothorn\n|-supereffective|p2a: Ferrothorn\n|-damage|p2a: Ferrothorn|24\/100\n|-unboost|p1a: Oda Nobunaga|def|1\n|-unboost|p1a: Oda Nobunaga|spd|1\n|-damage|p1a: Oda Nobunaga|51\/100|[from] ability: Iron Barbs|[of] p2a: Ferrothorn\n|move|p2a: Ferrothorn|Leech Seed|p1a: Oda Nobunaga\n|-start|p1a: Oda Nobunaga|move: Leech Seed\n|\n|-heal|p2a: Ferrothorn|30\/100|[from] item: Leftovers\n|-damage|p1a: Oda Nobunaga|38\/100|[from] Leech Seed|[of] p2a: Ferrothorn\n|-heal|p2a: Ferrothorn|42\/100|[silent]\n|upkeep\n|-enditem|p1a: Oda Nobunaga|Sitrus Berry|[eat]\n|-heal|p1a: Oda Nobunaga|63\/100|[from] item: Sitrus Berry\n|turn|18\n|\n|t:|1701113478\n|switch|p2a: Sableye|Sableye, F|100\/100\n|-damage|p2a: Sableye|88\/100|[from] Stealth Rock\n|move|p1a: Oda Nobunaga|Close Combat|p2a: Sableye\n|-immune|p2a: Sableye\n|\n|-damage|p1a: Oda Nobunaga|51\/100|[from] Leech Seed|[of] p2a: Sableye\n|-heal|p2a: Sableye|100\/100|[silent]\n|upkeep\n|turn|19\n|\n|t:|1701113484\n|switch|p1a: Volcarona|Volcarona, M, shiny|100\/100\n|detailschange|p2a: Sableye|Sableye-Mega, F\n|-mega|p2a: Sableye|Sableye|Sablenite\n|move|p2a: Sableye|Protect||[still]\n|-fail|p2a: Sableye\n|\n|upkeep\n|turn|20\n|\n|t:|1701113490\n|switch|p2a: Clodsire|Clodsire, M|100\/100\n|-damage|p2a: Clodsire|94\/100|[from] Stealth Rock\n|move|p1a: Volcarona|Quiver Dance|p1a: Volcarona\n|-boost|p1a: Volcarona|spa|1\n|-boost|p1a: Volcarona|spd|1\n|-boost|p1a: Volcarona|spe|1\n|\n|-heal|p2a: Clodsire|100\/100|[from] item: Leftovers\n|upkeep\n|turn|21\n|\n|t:|1701113498\n|move|p1a: Volcarona|Bug Buzz|p2a: Clodsire\n|-resisted|p2a: Clodsire\n|-damage|p2a: Clodsire|90\/100\n|move|p2a: Clodsire|Toxic|p1a: Volcarona\n|-status|p1a: Volcarona|tox\n|\n|-heal|p2a: Clodsire|96\/100|[from] item: Leftovers\n|-damage|p1a: Volcarona|94\/100 tox|[from] psn\n|upkeep\n|turn|22\n|\n|t:|1701113506\n|move|p1a: Volcarona|Quiver Dance|p1a: Volcarona\n|-boost|p1a: Volcarona|spa|1\n|-boost|p1a: Volcarona|spd|1\n|-boost|p1a: Volcarona|spe|1\n|move|p2a: Clodsire|Earthquake|p1a: Volcarona\n|-damage|p1a: Volcarona|62\/100 tox\n|\n|-heal|p2a: Clodsire|100\/100|[from] item: Leftovers\n|-damage|p1a: Volcarona|50\/100 tox|[from] psn\n|upkeep\n|turn|23\n|\n|t:|1701113517\n|-terastallize|p1a: Volcarona|Water\n|move|p1a: Volcarona|Flamethrower|p2a: Clodsire\n|-damage|p2a: Clodsire|78\/100\n|move|p2a: Clodsire|Earthquake|p1a: Volcarona\n|-damage|p1a: Volcarona|21\/100 tox\n|\n|-heal|p2a: Clodsire|84\/100|[from] item: Leftovers\n|-damage|p1a: Volcarona|2\/100 tox|[from] psn\n|upkeep\n|turn|24\n|\n|t:|1701113523\n|move|p1a: Volcarona|Roost|p1a: Volcarona\n|-heal|p1a: Volcarona|53\/100 tox\n|move|p2a: Clodsire|Recover|p2a: Clodsire\n|-heal|p2a: Clodsire|100\/100\n|\n|-damage|p1a: Volcarona|28\/100 tox|[from] psn\n|upkeep\n|turn|25\n|\n|t:|1701113548\n|move|p1a: Volcarona|Flamethrower|p2a: Clodsire\n|-damage|p2a: Clodsire|78\/100\n|-status|p2a: Clodsire|brn\n|move|p2a: Clodsire|Earthquake|p1a: Volcarona\n|-damage|p1a: Volcarona|13\/100 tox\n|\n|-heal|p2a: Clodsire|85\/100 brn|[from] item: Leftovers\n|-damage|p1a: Volcarona|0 fnt|[from] psn\n|faint|p1a: Volcarona\n|-damage|p2a: Clodsire|78\/100 brn|[from] brn\n|upkeep\n|\n|t:|1701113556\n|switch|p1a: Scizor|Scizor, F, shiny|100\/100\n|-damage|p1a: Scizor|88\/100|[from] Stealth Rock\n|-damage|p1a: Scizor|72\/100|[from] Spikes\n|turn|26\n|\n|t:|1701113563\n|detailschange|p1a: Scizor|Scizor-Mega, F, shiny\n|-mega|p1a: Scizor|Scizor|Scizorite\n|move|p1a: Scizor|Swords Dance|p1a: Scizor\n|-boost|p1a: Scizor|atk|2\n|move|p2a: Clodsire|Earthquake|p1a: Scizor\n|-damage|p1a: Scizor|63\/100\n|\n|-heal|p2a: Clodsire|85\/100 brn|[from] item: Leftovers\n|-damage|p2a: Clodsire|78\/100 brn|[from] brn\n|upkeep\n|turn|27\n|\n|t:|1701113568\n|move|p1a: Scizor|Swords Dance|p1a: Scizor\n|-boost|p1a: Scizor|atk|2\n|move|p2a: Clodsire|Earthquake|p1a: Scizor\n|-damage|p1a: Scizor|54\/100\n|\n|-heal|p2a: Clodsire|85\/100 brn|[from] item: Leftovers\n|-damage|p2a: Clodsire|78\/100 brn|[from] brn\n|upkeep\n|turn|28\n|\n|t:|1701113586\n|move|p1a: Scizor|Roost|p1a: Scizor\n|-heal|p1a: Scizor|100\/100\n|-singleturn|p1a: Scizor|move: Roost\n|move|p2a: Clodsire|Earthquake|p1a: Scizor\n|-damage|p1a: Scizor|92\/100\n|\n|-heal|p2a: Clodsire|85\/100 brn|[from] item: Leftovers\n|-damage|p2a: Clodsire|78\/100 brn|[from] brn\n|upkeep\n|turn|29\n|\n|t:|1701113593\n|move|p1a: Scizor|Swords Dance|p1a: Scizor\n|-boost|p1a: Scizor|atk|2\n|move|p2a: Clodsire|Recover|p2a: Clodsire\n|-heal|p2a: Clodsire|100\/100 brn\n|\n|-damage|p2a: Clodsire|94\/100 brn|[from] brn\n|upkeep\n|turn|30\n|\n|t:|1701113598\n|move|p1a: Scizor|Bullet Punch|p2a: Clodsire\n|-damage|p2a: Clodsire|61\/100 brn\n|move|p2a: Clodsire|Earthquake|p1a: Scizor\n|-damage|p1a: Scizor|82\/100\n|\n|-heal|p2a: Clodsire|67\/100 brn|[from] item: Leftovers\n|-damage|p2a: Clodsire|61\/100 brn|[from] brn\n|upkeep\n|turn|31\n|\n|t:|1701113606\n|move|p1a: Scizor|Dual Wingbeat|p2a: Clodsire\n|-damage|p2a: Clodsire|41\/100 brn\n|-damage|p2a: Clodsire|18\/100 brn\n|-hitcount|p2a: Clodsire|2\n|move|p2a: Clodsire|Recover|p2a: Clodsire\n|-heal|p2a: Clodsire|68\/100 brn\n|\n|-heal|p2a: Clodsire|74\/100 brn|[from] item: Leftovers\n|-damage|p2a: Clodsire|68\/100 brn|[from] brn\n|upkeep\n|turn|32\n|\n|t:|1701113612\n|move|p1a: Scizor|Dual Wingbeat|p2a: Clodsire\n|-damage|p2a: Clodsire|48\/100 brn\n|-damage|p2a: Clodsire|26\/100 brn\n|-hitcount|p2a: Clodsire|2\n|move|p2a: Clodsire|Recover|p2a: Clodsire\n|-heal|p2a: Clodsire|76\/100 brn\n|\n|-heal|p2a: Clodsire|82\/100 brn|[from] item: Leftovers\n|-damage|p2a: Clodsire|76\/100 brn|[from] brn\n|upkeep\n|turn|33\n|\n|t:|1701113618\n|move|p1a: Scizor|Dual Wingbeat|p2a: Clodsire\n|-damage|p2a: Clodsire|56\/100 brn\n|-damage|p2a: Clodsire|35\/100 brn\n|-hitcount|p2a: Clodsire|2\n|move|p2a: Clodsire|Recover|p2a: Clodsire\n|-heal|p2a: Clodsire|85\/100 brn\n|\n|-heal|p2a: Clodsire|91\/100 brn|[from] item: Leftovers\n|-damage|p2a: Clodsire|85\/100 brn|[from] brn\n|upkeep\n|turn|34\n|\n|t:|1701113624\n|move|p1a: Scizor|Dual Wingbeat|p2a: Clodsire\n|-damage|p2a: Clodsire|62\/100 brn\n|-damage|p2a: Clodsire|41\/100 brn\n|-hitcount|p2a: Clodsire|2\n|move|p2a: Clodsire|Earthquake|p1a: Scizor\n|-damage|p1a: Scizor|73\/100\n|\n|-heal|p2a: Clodsire|48\/100 brn|[from] item: Leftovers\n|-damage|p2a: Clodsire|41\/100 brn|[from] brn\n|upkeep\n|turn|35\n|\n|t:|1701113633\n|switch|p2a: Rotom|Rotom-Wash|50\/100 tox\n|-damage|p2a: Rotom|38\/100 tox|[from] Stealth Rock\n|move|p1a: Scizor|Dual Wingbeat|p2a: Rotom\n|-resisted|p2a: Rotom\n|-damage|p2a: Rotom|7\/100 tox\n|-resisted|p2a: Rotom\n|-damage|p2a: Rotom|0 fnt\n|faint|p2a: Rotom\n|-hitcount|p2: Rotom|2\n|\n|upkeep\n|\n|t:|1701113636\n|switch|p2a: Sableye|Sableye-Mega, F|100\/100\n|-damage|p2a: Sableye|88\/100|[from] Stealth Rock\n|turn|36\n|\n|t:|1701113642\n|move|p1a: Scizor|Roost|p1a: Scizor\n|-heal|p1a: Scizor|100\/100\n|-singleturn|p1a: Scizor|move: Roost\n|move|p2a: Sableye|Will-O-Wisp|p1a: Scizor\n|-status|p1a: Scizor|brn\n|\n|-damage|p1a: Scizor|94\/100 brn|[from] brn\n|upkeep\n|turn|37\n|\n|t:|1701113655\n|switch|p2a: Kyurem|Kyurem|100\/100\n|-damage|p2a: Kyurem|76\/100|[from] Stealth Rock\n|-ability|p2a: Kyurem|Pressure\n|move|p1a: Scizor|Bullet Punch|p2a: Kyurem\n|-supereffective|p2a: Kyurem\n|-damage|p2a: Kyurem|0 fnt\n|faint|p2a: Kyurem\n|\n|-damage|p1a: Scizor|88\/100 brn|[from] brn\n|upkeep\n|\n|t:|1701113663\n|switch|p2a: Clefable|Clefable, F|88\/100 tox\n|-damage|p2a: Clefable|76\/100 tox|[from] Stealth Rock\n|turn|38\n|\n|t:|1701113669\n|-terastallize|p2a: Clefable|Steel\n|move|p1a: Scizor|Bullet Punch|p2a: Clefable\n|-resisted|p2a: Clefable\n|-damage|p2a: Clefable|70\/100 tox\n|move|p2a: Clefable|Heal Bell|p2a: Clefable\n|-activate|p2a: Clefable|move: Heal Bell\n|-curestatus|p2a: Clefable|tox|[msg]\n|-curestatus|p2: Clodsire|brn|[msg]\n|\n|-heal|p2a: Clefable|76\/100|[from] item: Leftovers\n|-damage|p1a: Scizor|82\/100 brn|[from] brn\n|upkeep\n|turn|39\n|\n|t:|1701113679\n|move|p1a: Scizor|Dual Wingbeat|p2a: Clefable\n|-resisted|p2a: Clefable\n|-damage|p2a: Clefable|72\/100\n|-resisted|p2a: Clefable\n|-damage|p2a: Clefable|68\/100\n|-hitcount|p2a: Clefable|2\n|move|p2a: Clefable|Wish|p2a: Clefable\n|\n|-heal|p2a: Clefable|74\/100|[from] item: Leftovers\n|-damage|p1a: Scizor|76\/100 brn|[from] brn\n|upkeep\n|turn|40\n|\n|t:|1701113704\n|move|p1a: Scizor|Dual Wingbeat|p2a: Clefable|[miss]\n|-miss|p1a: Scizor|p2a: Clefable\n|move|p2a: Clefable|Moonblast|p1a: Scizor\n|-resisted|p1a: Scizor\n|-damage|p1a: Scizor|61\/100 brn\n|-unboost|p1a: Scizor|spa|1\n|\n|-heal|p2a: Clefable|100\/100|[from] move: Wish|[wisher] Clefable\n|-damage|p1a: Scizor|55\/100 brn|[from] brn\n|upkeep\n|turn|41\n|\n|t:|1701113713\n|move|p1a: Scizor|Dual Wingbeat|p2a: Clefable\n|-resisted|p2a: Clefable\n|-damage|p2a: Clefable|97\/100\n|-resisted|p2a: Clefable\n|-damage|p2a: Clefable|93\/100\n|-hitcount|p2a: Clefable|2\n|move|p2a: Clefable|Moonblast|p1a: Scizor\n|-resisted|p1a: Scizor\n|-damage|p1a: Scizor|39\/100 brn\n|\n|-heal|p2a: Clefable|99\/100|[from] item: Leftovers\n|-damage|p1a: Scizor|33\/100 brn|[from] brn\n|upkeep\n|turn|42\n|\n|t:|1701113720\n|move|p1a: Scizor|Roost|p1a: Scizor\n|-heal|p1a: Scizor|83\/100 brn\n|-singleturn|p1a: Scizor|move: Roost\n|move|p2a: Clefable|Moonblast|p1a: Scizor\n|-resisted|p1a: Scizor\n|-damage|p1a: Scizor|68\/100 brn\n|\n|-heal|p2a: Clefable|100\/100|[from] item: Leftovers\n|-damage|p1a: Scizor|62\/100 brn|[from] brn\n|upkeep\n|turn|43\n|\n|t:|1701113731\n|move|p1a: Scizor|Dual Wingbeat|p2a: Clefable\n|-resisted|p2a: Clefable\n|-damage|p2a: Clefable|97\/100\n|-resisted|p2a: Clefable\n|-damage|p2a: Clefable|93\/100\n|-hitcount|p2a: Clefable|2\n|move|p2a: Clefable|Moonblast|p1a: Scizor\n|-resisted|p1a: Scizor\n|-damage|p1a: Scizor|47\/100 brn\n|-unboost|p1a: Scizor|spa|1\n|\n|-heal|p2a: Clefable|99\/100|[from] item: Leftovers\n|-damage|p1a: Scizor|41\/100 brn|[from] brn\n|upkeep\n|turn|44\n|\n|t:|1701113744\n|move|p1a: Scizor|Roost|p1a: Scizor\n|-heal|p1a: Scizor|91\/100 brn\n|-singleturn|p1a: Scizor|move: Roost\n|move|p2a: Clefable|Moonblast|p1a: Scizor\n|-resisted|p1a: Scizor\n|-damage|p1a: Scizor|75\/100 brn\n|\n|-heal|p2a: Clefable|100\/100|[from] item: Leftovers\n|-damage|p1a: Scizor|69\/100 brn|[from] brn\n|upkeep\n|turn|45\n|\n|t:|1701113767\n|move|p1a: Scizor|Roost|p1a: Scizor\n|-heal|p1a: Scizor|100\/100 brn\n|-singleturn|p1a: Scizor|move: Roost\n|move|p2a: Clefable|Wish|p2a: Clefable\n|\n|-damage|p1a: Scizor|94\/100 brn|[from] brn\n|upkeep\n|turn|46\n|\n|t:|1701113776\n|switch|p2a: Clodsire|Clodsire, M|41\/100\n|-damage|p2a: Clodsire|35\/100|[from] Stealth Rock\n|move|p1a: Scizor|Bullet Punch|p2a: Clodsire\n|-damage|p2a: Clodsire|19\/100\n|\n|-heal|p2a: Clodsire|61\/100|[from] move: Wish|[wisher] Clefable\n|-heal|p2a: Clodsire|68\/100|[from] item: Leftovers\n|-damage|p1a: Scizor|88\/100 brn|[from] brn\n|upkeep\n|turn|47\n|\n|t:|1701113782\n|switch|p2a: Clefable|Clefable, F, tera:Steel|100\/100\n|-damage|p2a: Clefable|94\/100|[from] Stealth Rock\n|move|p1a: Scizor|Dual Wingbeat|p2a: Clefable\n|-resisted|p2a: Clefable\n|-damage|p2a: Clefable|91\/100\n|-resisted|p2a: Clefable\n|-damage|p2a: Clefable|88\/100\n|-hitcount|p2a: Clefable|2\n|\n|-heal|p2a: Clefable|94\/100|[from] item: Leftovers\n|-damage|p1a: Scizor|82\/100 brn|[from] brn\n|upkeep\n|turn|48\n|\n|t:|1701113791\n|move|p1a: Scizor|Bullet Punch|p2a: Clefable\n|-resisted|p2a: Clefable\n|-damage|p2a: Clefable|88\/100\n|move|p2a: Clefable|Moonblast|p1a: Scizor\n|-resisted|p1a: Scizor\n|-damage|p1a: Scizor|66\/100 brn\n|\n|-heal|p2a: Clefable|94\/100|[from] item: Leftovers\n|-damage|p1a: Scizor|60\/100 brn|[from] brn\n|upkeep\n|turn|49\n|\n|t:|1701113798\n|move|p1a: Scizor|Roost|p1a: Scizor\n|-heal|p1a: Scizor|100\/100 brn\n|-singleturn|p1a: Scizor|move: Roost\n|move|p2a: Clefable|Wish|p2a: Clefable\n|\n|-heal|p2a: Clefable|99\/100|[from] item: Leftovers\n|-damage|p1a: Scizor|94\/100 brn|[from] brn\n|upkeep\n|turn|50\n|\n|t:|1701113805\n|move|p1a: Scizor|Bullet Punch|p2a: Clefable\n|-resisted|p2a: Clefable\n|-damage|p2a: Clefable|95\/100\n|move|p2a: Clefable|Moonblast|p1a: Scizor\n|-resisted|p1a: Scizor\n|-damage|p1a: Scizor|80\/100 brn\n|\n|-heal|p2a: Clefable|100\/100|[from] move: Wish|[wisher] Clefable\n|-damage|p1a: Scizor|74\/100 brn|[from] brn\n|upkeep\n|turn|51\n|\n|t:|1701113810\n|move|p1a: Scizor|Bullet Punch|p2a: Clefable\n|-resisted|p2a: Clefable\n|-damage|p2a: Clefable|95\/100\n|move|p2a: Clefable|Moonblast|p1a: Scizor\n|-resisted|p1a: Scizor\n|-damage|p1a: Scizor|59\/100 brn\n|\n|-heal|p2a: Clefable|100\/100|[from] item: Leftovers\n|-damage|p1a: Scizor|53\/100 brn|[from] brn\n|upkeep\n|turn|52\n|\n|t:|1701113819\n|move|p1a: Scizor|Bullet Punch|p2a: Clefable\n|-resisted|p2a: Clefable\n|-damage|p2a: Clefable|95\/100\n|move|p2a: Clefable|Moonblast|p1a: Scizor\n|-resisted|p1a: Scizor\n|-damage|p1a: Scizor|36\/100 brn\n|-unboost|p1a: Scizor|spa|1\n|\n|-heal|p2a: Clefable|100\/100|[from] item: Leftovers\n|-damage|p1a: Scizor|30\/100 brn|[from] brn\n|upkeep\n|turn|53\n|\n|t:|1701113830\n|move|p1a: Scizor|Roost|p1a: Scizor\n|-heal|p1a: Scizor|80\/100 brn\n|-singleturn|p1a: Scizor|move: Roost\n|move|p2a: Clefable|Wish|p2a: Clefable\n|\n|-damage|p1a: Scizor|74\/100 brn|[from] brn\n|upkeep\n|turn|54\n|inactive|Sarugame has 120 seconds left.\n|\n|t:|1701113881\n|move|p1a: Scizor|Bullet Punch|p2a: Clefable\n|-resisted|p2a: Clefable\n|-damage|p2a: Clefable|95\/100\n|move|p2a: Clefable|Moonblast|p1a: Scizor\n|-resisted|p1a: Scizor\n|-damage|p1a: Scizor|59\/100 brn\n|\n|-heal|p2a: Clefable|100\/100|[from] move: Wish|[wisher] Clefable\n|-damage|p1a: Scizor|52\/100 brn|[from] brn\n|upkeep\n|turn|55\n|\n|t:|1701113889\n|move|p1a: Scizor|Bullet Punch|p2a: Clefable\n|-resisted|p2a: Clefable\n|-damage|p2a: Clefable|95\/100\n|move|p2a: Clefable|Moonblast|p1a: Scizor\n|-resisted|p1a: Scizor\n|-damage|p1a: Scizor|36\/100 brn\n|\n|-heal|p2a: Clefable|100\/100|[from] item: Leftovers\n|-damage|p1a: Scizor|30\/100 brn|[from] brn\n|upkeep\n|turn|56\n|\n|t:|1701113896\n|move|p1a: Scizor|Roost|p1a: Scizor\n|-heal|p1a: Scizor|80\/100 brn\n|-singleturn|p1a: Scizor|move: Roost\n|move|p2a: Clefable|Moonblast|p1a: Scizor\n|-resisted|p1a: Scizor\n|-damage|p1a: Scizor|63\/100 brn\n|-unboost|p1a: Scizor|spa|1\n|\n|-damage|p1a: Scizor|57\/100 brn|[from] brn\n|upkeep\n|turn|57\n|\n|t:|1701113901\n|move|p1a: Scizor|Bullet Punch|p2a: Clefable\n|-resisted|p2a: Clefable\n|-damage|p2a: Clefable|95\/100\n|move|p2a: Clefable|Wish|p2a: Clefable\n|\n|-heal|p2a: Clefable|100\/100|[from] item: Leftovers\n|-damage|p1a: Scizor|51\/100 brn|[from] brn\n|upkeep\n|turn|58\n|\n|t:|1701113908\n|move|p1a: Scizor|Bullet Punch|p2a: Clefable\n|-resisted|p2a: Clefable\n|-damage|p2a: Clefable|95\/100\n|move|p2a: Clefable|Moonblast|p1a: Scizor\n|-resisted|p1a: Scizor\n|-damage|p1a: Scizor|35\/100 brn\n|\n|-heal|p2a: Clefable|100\/100|[from] move: Wish|[wisher] Clefable\n|-damage|p1a: Scizor|29\/100 brn|[from] brn\n|upkeep\n|turn|59\n|\n|t:|1701113912\n|move|p1a: Scizor|Dual Wingbeat|p2a: Clefable\n|-resisted|p2a: Clefable\n|-damage|p2a: Clefable|97\/100\n|-resisted|p2a: Clefable\n|-damage|p2a: Clefable|93\/100\n|-hitcount|p2a: Clefable|2\n|move|p2a: Clefable|Moonblast|p1a: Scizor\n|-resisted|p1a: Scizor\n|-damage|p1a: Scizor|14\/100 brn\n|-unboost|p1a: Scizor|spa|1\n|\n|-heal|p2a: Clefable|99\/100|[from] item: Leftovers\n|-damage|p1a: Scizor|8\/100 brn|[from] brn\n|upkeep\n|turn|60\n|\n|t:|1701113921\n|move|p1a: Scizor|Dual Wingbeat|p2a: Clefable\n|-resisted|p2a: Clefable\n|-damage|p2a: Clefable|96\/100\n|-resisted|p2a: Clefable\n|-damage|p2a: Clefable|92\/100\n|-hitcount|p2a: Clefable|2\n|move|p2a: Clefable|Wish|p2a: Clefable\n|\n|-heal|p2a: Clefable|98\/100|[from] item: Leftovers\n|-damage|p1a: Scizor|2\/100 brn|[from] brn\n|upkeep\n|turn|61\n|inactive|Sarugame has 120 seconds left.\n|inactive|Mole Enthusiast has 120 seconds left.\n|\n|t:|1701113978\n|switch|p2a: Ferrothorn|Ferrothorn, F|42\/100\n|-damage|p2a: Ferrothorn|35\/100|[from] Stealth Rock\n|move|p1a: Scizor|Bullet Punch|p2a: Ferrothorn\n|-resisted|p2a: Ferrothorn\n|-damage|p2a: Ferrothorn|19\/100\n|-damage|p1a: Scizor|0 fnt|[from] ability: Iron Barbs|[of] p2a: Ferrothorn\n|faint|p1a: Scizor\n|\n|-heal|p2a: Ferrothorn|75\/100|[from] move: Wish|[wisher] Clefable\n|-heal|p2a: Ferrothorn|81\/100|[from] item: Leftovers\n|upkeep\n|inactive|Sarugame has 90 seconds left.\n|\n|t:|1701113992\n|switch|p1a: Galvantula|Galvantula, F|76\/100 tox\n|-damage|p1a: Galvantula|51\/100 tox|[from] Stealth Rock\n|-damage|p1a: Galvantula|35\/100 tox|[from] Spikes\n|turn|62\n|\n|t:|1701114000\n|switch|p2a: Clodsire|Clodsire, M|68\/100\n|-damage|p2a: Clodsire|61\/100|[from] Stealth Rock\n|move|p1a: Galvantula|Hidden Power|p2a: Clodsire\n|-supereffective|p2a: Clodsire\n|-damage|p2a: Clodsire|43\/100\n|\n|-heal|p2a: Clodsire|49\/100|[from] item: Leftovers\n|-damage|p1a: Galvantula|29\/100 tox|[from] psn\n|upkeep\n|turn|63\n|inactive|Mole Enthusiast has 120 seconds left.\n|\n|t:|1701114034\n|move|p1a: Galvantula|Hidden Power|p2a: Clodsire\n|-supereffective|p2a: Clodsire\n|-damage|p2a: Clodsire|32\/100\n|move|p2a: Clodsire|Recover|p2a: Clodsire\n|-heal|p2a: Clodsire|82\/100\n|\n|-heal|p2a: Clodsire|88\/100|[from] item: Leftovers\n|-damage|p1a: Galvantula|17\/100 tox|[from] psn\n|upkeep\n|turn|64\n|\n|t:|1701114039\n|move|p1a: Galvantula|Hidden Power|p2a: Clodsire\n|-supereffective|p2a: Clodsire\n|-damage|p2a: Clodsire|68\/100\n|move|p2a: Clodsire|Earthquake|p1a: Galvantula\n|-damage|p1a: Galvantula|0 fnt\n|faint|p1a: Galvantula\n|\n|-heal|p2a: Clodsire|74\/100|[from] item: Leftovers\n|upkeep\n|\n|t:|1701114043\n|switch|p1a: Kleavor|Kleavor, M|51\/100\n|-damage|p1a: Kleavor|26\/100|[from] Stealth Rock\n|-damage|p1a: Kleavor|9\/100|[from] Spikes\n|turn|65\n|\n|t:|1701114046\n|move|p1a: Kleavor|Close Combat|p2a: Clodsire\n|-resisted|p2a: Clodsire\n|-damage|p2a: Clodsire|48\/100\n|-unboost|p1a: Kleavor|def|1\n|-unboost|p1a: Kleavor|spd|1\n|move|p2a: Clodsire|Earthquake|p1a: Kleavor\n|-damage|p1a: Kleavor|0 fnt\n|faint|p1a: Kleavor\n|\n|-heal|p2a: Clodsire|54\/100|[from] item: Leftovers\n|upkeep\n|inactive|Sarugame has 120 seconds left.\n|c|\u2606Mole Enthusiast|ggwp\n|\n|t:|1701114056\n|switch|p1a: Oda Nobunaga|Golisopod, M, shiny|51\/100\n|-damage|p1a: Oda Nobunaga|26\/100|[from] Stealth Rock\n|-damage|p1a: Oda Nobunaga|10\/100|[from] Spikes\n|turn|66\n|\n|t:|1701114061\n|move|p1a: Oda Nobunaga|First Impression|p2a: Clodsire\n|-resisted|p2a: Clodsire\n|-damage|p2a: Clodsire|25\/100\n|move|p2a: Clodsire|Earthquake|p1a: Oda Nobunaga\n|-resisted|p1a: Oda Nobunaga\n|-damage|p1a: Oda Nobunaga|0 fnt\n|faint|p1a: Oda Nobunaga\n|\n|win|Mole Enthusiast\n|raw|Sarugame's rating: 1204 &rarr; <strong>1182<\/strong><br \/>(-22 for losing)\n|raw|Mole Enthusiast's rating: 1240 &rarr; <strong>1262<\/strong><br \/>(+22 for winning)\n|c|\u2606Sarugame|gg\n|c|\u2606Mole Enthusiast|ggwp\n","uploadtime":1701114068,"views":9,"p1id":"sarugame","p2id":"moleenthusiast","formatid":"gen9nationaldex","rating":1182,"private":0,"password":""}