{"id":"gen9nationaldex-1991166235","p1":"Gloryus Day","p2":"AerBlaziken","format":"[Gen 9] National Dex","log":"|j|\u2606Gloryus Day\n|j|\u2606AerBlaziken\n|t:|1700052558\n|gametype|singles\n|player|p1|Gloryus Day|swimmer-gen4|1166\n|player|p2|AerBlaziken|hexmaniac-gen6|1231\n|teamsize|p1|6\n|teamsize|p2|6\n|gen|9\n|tier|[Gen 9] National Dex\n|rated|\n|rule|HP Percentage Mod: HP is shown in percentages\n|rule|Endless Battle Clause: Forcing endless battles is banned\n|rule|OHKO Clause: OHKO moves are banned\n|rule|Evasion Clause: Evasion abilities, items, and moves are banned\n|rule|Evasion Abilities Clause: Evasion abilities are banned\n|rule|Evasion Items Clause: Evasion items are banned\n|rule|Evasion Moves Clause: Evasion moves are banned\n|rule|Species Clause: Limit one of each Pok\u00e9mon\n|rule|Sleep Clause Mod: Limit one foe put to sleep\n|clearpoke\n|poke|p1|Glimmora, M|\n|poke|p1|Kleavor, M|\n|poke|p1|Diancie|\n|poke|p1|Ogerpon-Cornerstone, F|\n|poke|p1|Cradily, M|\n|poke|p1|Arcanine-Hisui, M|\n|poke|p2|Ogerpon-Wellspring, F|\n|poke|p2|Hatterene, F|\n|poke|p2|Cinderace, F|\n|poke|p2|Tyranitar, F|\n|poke|p2|Noivern, M|\n|poke|p2|Thundurus-Therian, M|\n|teampreview\n|\n|t:|1700052577\n|start\n|switch|p1a: Kleavor|Kleavor, M|100\/100\n|switch|p2a: zeus\u2026ZEUS!|Thundurus-Therian, M|100\/100\n|turn|1\n|\n|t:|1700052581\n|move|p2a: zeus\u2026ZEUS!|Volt Switch|p1a: Kleavor\n|-damage|p1a: Kleavor|31\/100\n|\n|t:|1700052588\n|switch|p2a: ProtectTheLand|Tyranitar, F, shiny|100\/100|[from] Volt Switch\n|-weather|Sandstorm|[from] ability: Sand Stream|[of] p2a: ProtectTheLand\n|move|p1a: Kleavor|Stone Axe|p2a: ProtectTheLand\n|-damage|p2a: ProtectTheLand|57\/100\n|-sidestart|p2: AerBlaziken|move: Stealth Rock\n|\n|-weather|Sandstorm|[upkeep]\n|upkeep\n|turn|2\n|\n|t:|1700052592\n|detailschange|p2a: ProtectTheLand|Tyranitar-Mega, F, shiny\n|-mega|p2a: ProtectTheLand|Tyranitar|Tyranitarite\n|move|p1a: Kleavor|Stone Axe|p2a: ProtectTheLand\n|-damage|p2a: ProtectTheLand|23\/100\n|move|p2a: ProtectTheLand|Dragon Dance|p2a: ProtectTheLand\n|-boost|p2a: ProtectTheLand|atk|1\n|-boost|p2a: ProtectTheLand|spe|1\n|\n|-weather|Sandstorm|[upkeep]\n|upkeep\n|turn|3\n|\n|t:|1700052600\n|move|p1a: Kleavor|Stone Axe|p2a: ProtectTheLand\n|-damage|p2a: ProtectTheLand|0 fnt\n|faint|p2a: ProtectTheLand\n|\n|-weather|Sandstorm|[upkeep]\n|upkeep\n|\n|t:|1700052608\n|switch|p2a: Naboo|Ogerpon-Wellspring, F|100\/100\n|-damage|p2a: Naboo|88\/100|[from] Stealth Rock\n|turn|4\n|\n|t:|1700052612\n|move|p1a: Kleavor|Stone Axe|p2a: Naboo\n|-damage|p2a: Naboo|12\/100\n|move|p2a: Naboo|Trailblaze|p1a: Kleavor\n|-crit|p1a: Kleavor\n|-damage|p1a: Kleavor|0 fnt\n|-boost|p2a: Naboo|spe|1\n|faint|p1a: Kleavor\n|\n|-weather|Sandstorm|[upkeep]\n|-damage|p2a: Naboo|6\/100|[from] Sandstorm\n|upkeep\n|\n|t:|1700052623\n|switch|p1a: Glimmora|Glimmora, M|100\/100\n|-item|p1a: Glimmora|Air Balloon\n|turn|5\n|\n|t:|1700052637\n|switch|p1a: Cradily|Cradily, M, shiny|100\/100\n|move|p2a: Naboo|Ivy Cudgel|p1a: Cradily|[anim] Ivy Cudgel Water\n|-ability|p1a: Cradily|Storm Drain|boost\n|-boost|p1a: Cradily|spa|1\n|\n|-weather|none\n|upkeep\n|turn|6\n|\n|t:|1700052642\n|move|p2a: Naboo|Swords Dance|p2a: Naboo\n|-boost|p2a: Naboo|atk|2\n|move|p1a: Cradily|Meteor Beam||[still]\n|-prepare|p1a: Cradily|Meteor Beam\n|-boost|p1a: Cradily|spa|1\n|-enditem|p1a: Cradily|Power Herb\n|-anim|p1a: Cradily|Meteor Beam|p2a: Naboo\n|-damage|p2a: Naboo|0 fnt\n|faint|p2a: Naboo\n|\n|upkeep\n|\n|t:|1700052650\n|switch|p2a: Cinnamon|Cinderace, F|100\/100\n|turn|7\n|\n|t:|1700052657\n|-terastallize|p1a: Cradily|Fire\n|move|p2a: Cinnamon|Court Change|p2a: Cinnamon\n|-start|p2a: Cinnamon|typechange|Normal|[from] ability: Libero\n|-swapsideconditions\n|-activate|p2a: Cinnamon|move: Court Change\n|move|p1a: Cradily|Earth Power|p2a: Cinnamon\n|-damage|p2a: Cinnamon|30\/100\n|\n|upkeep\n|turn|8\n|\n|t:|1700052667\n|move|p2a: Cinnamon|Gunk Shot|p1a: Cradily\n|-damage|p1a: Cradily|65\/100\n|-status|p1a: Cradily|psn\n|move|p1a: Cradily|Giga Drain|p2a: Cinnamon\n|-damage|p2a: Cinnamon|0 fnt\n|-heal|p1a: Cradily|77\/100 psn|[from] drain|[of] p2a: Cinnamon\n|faint|p2a: Cinnamon\n|\n|-damage|p1a: Cradily|64\/100 psn|[from] psn\n|upkeep\n|\n|t:|1700052675\n|switch|p2a: zeus\u2026ZEUS!|Thundurus-Therian, M|100\/100\n|turn|9\n|\n|t:|1700052683\n|move|p2a: zeus\u2026ZEUS!|Thunderbolt|p1a: Cradily\n|-damage|p1a: Cradily|18\/100 psn\n|move|p1a: Cradily|Hidden Power|p2a: zeus\u2026ZEUS!\n|-damage|p2a: zeus\u2026ZEUS!|29\/100\n|\n|-damage|p1a: Cradily|5\/100 psn|[from] psn\n|upkeep\n|turn|10\n|\n|t:|1700052686\n|move|p2a: zeus\u2026ZEUS!|Thunderbolt|p1a: Cradily\n|-damage|p1a: Cradily|0 fnt\n|faint|p1a: Cradily\n|\n|upkeep\n|\n|t:|1700052689\n|switch|p1a: Glimmora|Glimmora, M|100\/100\n|-damage|p1a: Glimmora|88\/100|[from] Stealth Rock\n|-item|p1a: Glimmora|Air Balloon\n|turn|11\n|\n|t:|1700052692\n|move|p2a: zeus\u2026ZEUS!|Thunderbolt|p1a: Glimmora\n|-damage|p1a: Glimmora|19\/100\n|-status|p1a: Glimmora|par\n|-enditem|p1a: Glimmora|Air Balloon\n|cant|p1a: Glimmora|par\n|\n|upkeep\n|turn|12\n|\n|t:|1700052698\n|move|p2a: zeus\u2026ZEUS!|Thunderbolt|p1a: Glimmora\n|-damage|p1a: Glimmora|0 fnt\n|faint|p1a: Glimmora\n|\n|upkeep\n|\n|t:|1700052701\n|switch|p1a: Arcanine|Arcanine-Hisui, M, shiny|100\/100\n|-damage|p1a: Arcanine|75\/100|[from] Stealth Rock\n|turn|13\n|\n|t:|1700052703\n|move|p2a: zeus\u2026ZEUS!|Thunderbolt|p1a: Arcanine\n|-damage|p1a: Arcanine|2\/100\n|move|p1a: Arcanine|Flame Charge|p2a: zeus\u2026ZEUS!\n|-damage|p2a: zeus\u2026ZEUS!|0 fnt\n|-boost|p1a: Arcanine|spe|1\n|faint|p2a: zeus\u2026ZEUS!\n|-damage|p1a: Arcanine|0 fnt|[from] item: Life Orb\n|faint|p1a: Arcanine\n|\n|upkeep\n|\n|t:|1700052720\n|switch|p2a: Hashakusama|Hatterene, F, shiny|100\/100\n|switch|p1a: Diancie|Diancie|100\/100\n|-damage|p1a: Diancie|88\/100|[from] Stealth Rock\n|turn|14\n|\n|t:|1700052731\n|move|p1a: Diancie|Diamond Storm|p2a: Hashakusama\n|-damage|p2a: Hashakusama|61\/100\n|move|p2a: Hashakusama|Draining Kiss|p1a: Diancie\n|-damage|p1a: Diancie|57\/100\n|-heal|p2a: Hashakusama|78\/100|[from] drain|[of] p1a: Diancie\n|\n|-heal|p2a: Hashakusama|84\/100|[from] item: Leftovers\n|upkeep\n|turn|15\n|\n|t:|1700052737\n|move|p1a: Diancie|Mystical Fire|p2a: Hashakusama\n|-damage|p2a: Hashakusama|64\/100\n|-unboost|p2a: Hashakusama|spa|1\n|move|p2a: Hashakusama|Calm Mind|p2a: Hashakusama\n|-boost|p2a: Hashakusama|spa|1\n|-boost|p2a: Hashakusama|spd|1\n|\n|-heal|p2a: Hashakusama|70\/100|[from] item: Leftovers\n|upkeep\n|turn|16\n|\n|t:|1700052741\n|move|p1a: Diancie|Diamond Storm|p2a: Hashakusama\n|-damage|p2a: Hashakusama|28\/100\n|-boost|p1a: Diancie|def|2\n|move|p2a: Hashakusama|Draining Kiss|p1a: Diancie\n|-damage|p1a: Diancie|27\/100\n|-heal|p2a: Hashakusama|45\/100|[from] drain|[of] p1a: Diancie\n|\n|-heal|p2a: Hashakusama|50\/100|[from] item: Leftovers\n|upkeep\n|turn|17\n|\n|t:|1700052745\n|detailschange|p1a: Diancie|Diancie-Mega\n|-mega|p1a: Diancie|Diancie|Diancite\n|move|p1a: Diancie|Diamond Storm|p2a: Hashakusama\n|-damage|p2a: Hashakusama|0 fnt\n|-boost|p1a: Diancie|def|2\n|faint|p2a: Hashakusama\n|\n|upkeep\n|\n|t:|1700052749\n|switch|p2a: Dragula|Noivern, M|100\/100\n|-item|p1a: Diancie|Diancite|[from] ability: Frisk|[of] p2a: Dragula|[identify]\n|turn|18\n|\n|t:|1700052752\n|-terastallize|p2a: Dragula|Normal\n|move|p2a: Dragula|Boomburst|p1a: Diancie\n|-resisted|p1a: Diancie\n|-crit|p1a: Diancie\n|-damage|p1a: Diancie|0 fnt\n|faint|p1a: Diancie\n|-enditem|p2a: Dragula|Throat Spray\n|-boost|p2a: Dragula|spa|1|[from] item: Throat Spray\n|\n|upkeep\n|\n|t:|1700052756\n|switch|p1a: Ogerpon|Ogerpon-Cornerstone, F|100\/100\n|-damage|p1a: Ogerpon|88\/100|[from] Stealth Rock\n|turn|19\n|\n|t:|1700052764\n|move|p2a: Dragula|Dragon Pulse|p1a: Ogerpon\n|-damage|p1a: Ogerpon|29\/100\n|move|p1a: Ogerpon|Brick Break|p2a: Dragula\n|-supereffective|p2a: Dragula\n|-damage|p2a: Dragula|23\/100\n|\n|upkeep\n|turn|20\n|\n|t:|1700052770\n|move|p2a: Dragula|Dragon Pulse|p1a: Ogerpon\n|-crit|p1a: Ogerpon\n|-damage|p1a: Ogerpon|0 fnt\n|faint|p1a: Ogerpon\n|\n|win|AerBlaziken\n|raw|Gloryus Day's rating: 1166 &rarr; <strong>1146<\/strong><br \/>(-20 for losing)\n|raw|AerBlaziken's rating: 1231 &rarr; <strong>1251<\/strong><br \/>(+20 for winning)\n|l|\u2606Gloryus Day\n","uploadtime":1700052776,"views":3,"p1id":"gloryusday","p2id":"aerblaziken","formatid":"gen9nationaldex","rating":1146,"private":0,"password":""}