{"id":"gen9nationaldex-1991935882","p1":"sithred8","p2":"bubulangte","format":"[Gen 9] National Dex","log":"|j|\u2606sithred8\n|j|\u2606bubulangte\n|t:|1700140134\n|gametype|singles\n|player|p1|sithred8|169|1335\n|player|p2|bubulangte|clair|1452\n|teamsize|p1|6\n|teamsize|p2|6\n|gen|9\n|tier|[Gen 9] National Dex\n|rated|\n|rule|HP Percentage Mod: HP is shown in percentages\n|rule|Endless Battle Clause: Forcing endless battles is banned\n|rule|OHKO Clause: OHKO moves are banned\n|rule|Evasion Clause: Evasion abilities, items, and moves are banned\n|rule|Evasion Abilities Clause: Evasion abilities are banned\n|rule|Evasion Items Clause: Evasion items are banned\n|rule|Evasion Moves Clause: Evasion moves are banned\n|rule|Species Clause: Limit one of each Pok\u00e9mon\n|rule|Sleep Clause Mod: Limit one foe put to sleep\n|clearpoke\n|poke|p1|Garchomp, M|\n|poke|p1|Scizor, M|\n|poke|p1|Dragonite, F|\n|poke|p1|Thundurus-Therian, M|\n|poke|p1|Ogerpon, F|\n|poke|p1|Cloyster, M|\n|poke|p2|Weavile, M|\n|poke|p2|Sneasler, F|\n|poke|p2|Volcanion|\n|poke|p2|Landorus-Therian, M|\n|poke|p2|Diancie|\n|poke|p2|Ogerpon-Wellspring, F|\n|teampreview\n|inactive|Battle timer is ON: inactive players will automatically lose when time's up. (requested by bubulangte)\n|c|\u2606sithred8|2023-11-16 21:08:56\n|\n|t:|1700140141\n|start\n|switch|p1a: Ogerpon|Ogerpon, F|100\/100\n|switch|p2a: Diancie|Diancie|100\/100\n|turn|1\n|\n|t:|1700140147\n|switch|p2a: Landorus|Landorus-Therian, M|100\/100\n|-ability|p2a: Landorus|Intimidate|boost\n|-unboost|p1a: Ogerpon|atk|1\n|-ability|p1a: Ogerpon|Defiant|boost\n|-boost|p1a: Ogerpon|atk|2\n|-terastallize|p1a: Ogerpon|Grass\n|detailschange|p1a: Ogerpon|Ogerpon-Teal-Tera, F, tera:Grass\n|-ability|p1a: Ogerpon|Embody Aspect (Teal)|boost\n|-boost|p1a: Ogerpon|spe|1\n|move|p1a: Ogerpon|Ivy Cudgel|p2a: Landorus\n|-damage|p2a: Landorus|37\/100\n|\n|upkeep\n|turn|2\n|\n|t:|1700140160\n|move|p1a: Ogerpon|Ivy Cudgel|p2a: Landorus\n|-damage|p2a: Landorus|0 fnt\n|faint|p2a: Landorus\n|\n|upkeep\n|\n|t:|1700140167\n|switch|p2a: coke\u8001\u5f1f|Weavile, M|100\/100\n|turn|3\n|\n|t:|1700140185\n|move|p1a: Ogerpon|Ivy Cudgel|p2a: coke\u8001\u5f1f\n|-crit|p2a: coke\u8001\u5f1f\n|-enditem|p2a: coke\u8001\u5f1f|Focus Sash\n|-damage|p2a: coke\u8001\u5f1f|1\/100\n|move|p2a: coke\u8001\u5f1f|Triple Axel|p1a: Ogerpon\n|-supereffective|p1a: Ogerpon\n|-damage|p1a: Ogerpon|73\/100\n|-supereffective|p1a: Ogerpon\n|-damage|p1a: Ogerpon|22\/100\n|-supereffective|p1a: Ogerpon\n|-damage|p1a: Ogerpon|0 fnt\n|faint|p1a: Ogerpon\n|-hitcount|p1: Ogerpon|3\n|\n|upkeep\n|\n|t:|1700140192\n|switch|p1a: Cloyster|Cloyster, M|100\/100\n|turn|4\n|\n|t:|1700140198\n|move|p2a: coke\u8001\u5f1f|Beat Up|p1a: Cloyster\n|-damage|p1a: Cloyster|93\/100\n|-damage|p1a: Cloyster|85\/100\n|-damage|p1a: Cloyster|78\/100\n|-damage|p1a: Cloyster|71\/100\n|-damage|p1a: Cloyster|63\/100\n|-hitcount|p1a: Cloyster|5\n|move|p1a: Cloyster|Shell Smash|p1a: Cloyster\n|-unboost|p1a: Cloyster|def|1\n|-unboost|p1a: Cloyster|spd|1\n|-boost|p1a: Cloyster|atk|2\n|-boost|p1a: Cloyster|spa|2\n|-boost|p1a: Cloyster|spe|2\n|\n|upkeep\n|turn|5\n|\n|t:|1700140216\n|move|p2a: coke\u8001\u5f1f|Ice Shard|p1a: Cloyster\n|-resisted|p1a: Cloyster\n|-damage|p1a: Cloyster|57\/100\n|move|p1a: Cloyster|Icicle Spear|p2a: coke\u8001\u5f1f\n|-resisted|p2a: coke\u8001\u5f1f\n|-damage|p2a: coke\u8001\u5f1f|0 fnt\n|faint|p2a: coke\u8001\u5f1f\n|-hitcount|p2: coke\u8001\u5f1f|1\n|\n|upkeep\n|c|\u2606sithred8|coke\u8001\u5f1f\n|\n|t:|1700140227\n|switch|p2a: Volcanion|Volcanion|100\/100\n|turn|6\n|\n|t:|1700140233\n|-terastallize|p2a: Volcanion|Ground\n|move|p1a: Cloyster|Liquidation|p2a: Volcanion\n|-immune|p2a: Volcanion|[from] ability: Water Absorb\n|move|p2a: Volcanion|Flamethrower|p1a: Cloyster\n|-damage|p1a: Cloyster|0 fnt\n|faint|p1a: Cloyster\n|\n|upkeep\n|\n|t:|1700140248\n|switch|p1a: Dragonite|Dragonite, F|100\/100\n|turn|7\n|\n|t:|1700140256\n|switch|p2a: Diancie|Diancie|100\/100\n|move|p1a: Dragonite|Curse|p1a: Dragonite\n|-unboost|p1a: Dragonite|spe|1\n|-boost|p1a: Dragonite|atk|1\n|-boost|p1a: Dragonite|def|1\n|\n|upkeep\n|turn|8\n|\n|t:|1700140263\n|detailschange|p2a: Diancie|Diancie-Mega\n|-mega|p2a: Diancie|Diancie|Diancite\n|move|p2a: Diancie|Moonblast|p1a: Dragonite\n|-supereffective|p1a: Dragonite\n|-damage|p1a: Dragonite|47\/100\n|move|p1a: Dragonite|Earthquake|p2a: Diancie\n|-supereffective|p2a: Diancie\n|-damage|p2a: Diancie|0 fnt\n|faint|p2a: Diancie\n|\n|upkeep\n|\n|t:|1700140274\n|switch|p2a: coke|Sneasler, F|100\/100\n|-item|p2a: coke|Air Balloon\n|turn|9\n|\n|t:|1700140278\n|move|p1a: Dragonite|Extreme Speed|p2a: coke\n|-damage|p2a: coke|32\/100\n|-enditem|p2a: coke|Air Balloon\n|move|p2a: coke|Dire Claw|p1a: Dragonite\n|-damage|p1a: Dragonite|26\/100\n|-status|p1a: Dragonite|psn\n|\n|-damage|p1a: Dragonite|14\/100 psn|[from] psn\n|upkeep\n|turn|10\n|\n|t:|1700140287\n|move|p1a: Dragonite|Extreme Speed|p2a: coke\n|-damage|p2a: coke|0 fnt\n|faint|p2a: coke\n|\n|-damage|p1a: Dragonite|1\/100 psn|[from] psn\n|upkeep\n|\n|t:|1700140298\n|switch|p2a: Volcanion|Volcanion, tera:Ground|100\/100\n|turn|11\n|\n|t:|1700140304\n|move|p1a: Dragonite|Extreme Speed|p2a: Volcanion\n|-damage|p2a: Volcanion|65\/100\n|move|p2a: Volcanion|Substitute|p2a: Volcanion\n|-start|p2a: Volcanion|Substitute\n|-damage|p2a: Volcanion|40\/100\n|\n|-damage|p1a: Dragonite|0 fnt|[from] psn\n|faint|p1a: Dragonite\n|upkeep\n|\n|t:|1700140320\n|switch|p1a: Scizor|Scizor, M|100\/100\n|turn|12\n|\n|t:|1700140324\n|detailschange|p1a: Scizor|Scizor-Mega, M\n|-mega|p1a: Scizor|Scizor|Scizorite\n|move|p1a: Scizor|Bullet Punch|p2a: Volcanion\n|-activate|p2a: Volcanion|move: Substitute|[damage]\n|move|p2a: Volcanion|Flamethrower|p1a: Scizor\n|-supereffective|p1a: Scizor\n|-damage|p1a: Scizor|0 fnt\n|faint|p1a: Scizor\n|\n|upkeep\n|\n|t:|1700140332\n|switch|p1a: Thundurus|Thundurus-Therian, M|100\/100\n|turn|13\n|\n|t:|1700140335\n|move|p1a: Thundurus|Nasty Plot|p1a: Thundurus\n|-boost|p1a: Thundurus|spa|2\n|move|p2a: Volcanion|Steam Eruption|p1a: Thundurus\n|-damage|p1a: Thundurus|40\/100\n|\n|upkeep\n|turn|14\n|\n|t:|1700140339\n|move|p1a: Thundurus|Thunderbolt|p2a: Volcanion\n|-immune|p2a: Volcanion\n|move|p2a: Volcanion|Steam Eruption|p1a: Thundurus\n|-crit|p1a: Thundurus\n|-damage|p1a: Thundurus|0 fnt\n|faint|p1a: Thundurus\n|\n|upkeep\n|\n|t:|1700140342\n|switch|p1a: Garchomp|Garchomp, M, shiny|100\/100\n|turn|15\n|\n|t:|1700140346\n|move|p1a: Garchomp|Earthquake|p2a: Volcanion\n|-end|p2a: Volcanion|Substitute\n|move|p2a: Volcanion|Steam Eruption|p1a: Garchomp\n|-damage|p1a: Garchomp|44\/100\n|\n|upkeep\n|turn|16\n|c|\u2606bubulangte|\u5c0f\u732b\n|\n|t:|1700140352\n|-zpower|p1a: Garchomp\n|move|p1a: Garchomp|Devastating Drake|p2a: Volcanion|[zeffect]\n|-damage|p2a: Volcanion|0 fnt\n|faint|p2a: Volcanion\n|\n|upkeep\n|\n|t:|1700140356\n|switch|p2a: Ogerpon|Ogerpon-Wellspring, F|100\/100\n|turn|17\n|c|\u2606sithred8|\u70b9\u9519\u4e86\n|\n|t:|1700140363\n|move|p2a: Ogerpon|Ivy Cudgel|p1a: Garchomp|[anim] Ivy Cudgel Water\n|-damage|p1a: Garchomp|0 fnt\n|faint|p1a: Garchomp\n|\n|win|bubulangte\n|raw|sithred8's rating: 1335 &rarr; <strong>1321<\/strong><br \/>(-14 for losing)\n|raw|bubulangte's rating: 1452 &rarr; <strong>1466<\/strong><br \/>(+14 for winning)\n","uploadtime":1700140369,"views":4,"p1id":"sithred8","p2id":"bubulangte","formatid":"gen9nationaldex","rating":1321,"private":0,"password":""}