{"id":"gen9nationaldex-1990442295","p1":"GenericEdgeLrd","p2":"AerBlaziken","format":"[Gen 9] National Dex","log":"|j|\u2606GenericEdgeLrd\n|j|\u2606AerBlaziken\n|t:|1699971380\n|gametype|singles\n|player|p1|GenericEdgeLrd|170|1196\n|player|p2|AerBlaziken|hexmaniac-gen6|1282\n|teamsize|p1|6\n|teamsize|p2|6\n|gen|9\n|tier|[Gen 9] National Dex\n|rated|\n|rule|HP Percentage Mod: HP is shown in percentages\n|rule|Endless Battle Clause: Forcing endless battles is banned\n|rule|OHKO Clause: OHKO moves are banned\n|rule|Evasion Clause: Evasion abilities, items, and moves are banned\n|rule|Evasion Abilities Clause: Evasion abilities are banned\n|rule|Evasion Items Clause: Evasion items are banned\n|rule|Evasion Moves Clause: Evasion moves are banned\n|rule|Species Clause: Limit one of each Pok\u00e9mon\n|rule|Sleep Clause Mod: Limit one foe put to sleep\n|clearpoke\n|poke|p1|Aegislash, F|\n|poke|p1|Serperior, M|\n|poke|p1|Arcanine-Hisui, M|\n|poke|p1|Azumarill, M|\n|poke|p1|Zapdos|\n|poke|p1|Lopunny, F|\n|poke|p2|Ogerpon-Wellspring, F|\n|poke|p2|Hatterene, F|\n|poke|p2|Cinderace, M|\n|poke|p2|Tyranitar, F|\n|poke|p2|Noivern, F|\n|poke|p2|Thundurus-Therian, M|\n|teampreview\n|inactive|Battle timer is ON: inactive players will automatically lose when time's up. (requested by GenericEdgeLrd)\n|\n|t:|1699971389\n|start\n|switch|p1a: Lopunny|Lopunny, F|100\/100\n|switch|p2a: Hashakusama|Hatterene, F, shiny|100\/100\n|turn|1\n|\n|t:|1699971393\n|detailschange|p1a: Lopunny|Lopunny-Mega, F\n|-mega|p1a: Lopunny|Lopunny|Lopunnite\n|move|p1a: Lopunny|Fake Out|p2a: Hashakusama\n|-damage|p2a: Hashakusama|78\/100\n|cant|p2a: Hashakusama|flinch\n|\n|-heal|p2a: Hashakusama|84\/100|[from] item: Leftovers\n|upkeep\n|turn|2\n|\n|t:|1699971398\n|switch|p1a: Aegislash|Aegislash, F, shiny|100\/100\n|-item|p1a: Aegislash|Air Balloon\n|move|p2a: Hashakusama|Draining Kiss|p1a: Aegislash\n|-resisted|p1a: Aegislash\n|-damage|p1a: Aegislash|92\/100\n|-heal|p2a: Hashakusama|90\/100|[from] drain|[of] p1a: Aegislash\n|-enditem|p1a: Aegislash|Air Balloon\n|\n|-heal|p2a: Hashakusama|96\/100|[from] item: Leftovers\n|upkeep\n|turn|3\n|\n|t:|1699971408\n|move|p1a: Aegislash|Toxic|p2a: Hashakusama\n|move|p2a: Hashakusama|Toxic|p1a: Aegislash|[from]ability: Magic Bounce\n|-immune|p1a: Aegislash\n|move|p2a: Hashakusama|Mystical Fire|p1a: Aegislash\n|-supereffective|p1a: Aegislash\n|-damage|p1a: Aegislash|56\/100\n|-unboost|p1a: Aegislash|spa|1\n|\n|-heal|p2a: Hashakusama|100\/100|[from] item: Leftovers\n|upkeep\n|turn|4\n|\n|t:|1699971426\n|switch|p1a: Zapdos|Zapdos|100\/100\n|move|p2a: Hashakusama|Mystical Fire|p1a: Zapdos\n|-damage|p1a: Zapdos|70\/100\n|-unboost|p1a: Zapdos|spa|1\n|\n|-heal|p1a: Zapdos|76\/100|[from] item: Leftovers\n|upkeep\n|turn|5\n|\n|t:|1699971437\n|move|p1a: Zapdos|Thunderbolt|p2a: Hashakusama\n|-crit|p2a: Hashakusama\n|-damage|p2a: Hashakusama|16\/100\n|move|p2a: Hashakusama|Calm Mind|p2a: Hashakusama\n|-boost|p2a: Hashakusama|spa|1\n|-boost|p2a: Hashakusama|spd|1\n|\n|-heal|p1a: Zapdos|82\/100|[from] item: Leftovers\n|-heal|p2a: Hashakusama|22\/100|[from] item: Leftovers\n|upkeep\n|turn|6\n|\n|t:|1699971448\n|move|p1a: Zapdos|Thunderbolt|p2a: Hashakusama\n|-damage|p2a: Hashakusama|0 fnt\n|faint|p2a: Hashakusama\n|\n|-heal|p1a: Zapdos|88\/100|[from] item: Leftovers\n|upkeep\n|\n|t:|1699971455\n|switch|p2a: zeus\u2026ZEUS!|Thundurus-Therian, M|100\/100\n|turn|7\n|\n|t:|1699971463\n|switch|p1a: Arcanine|Arcanine-Hisui, M, shiny|100\/100\n|move|p2a: zeus\u2026ZEUS!|Thunderbolt|p1a: Arcanine\n|-damage|p1a: Arcanine|53\/100\n|\n|upkeep\n|turn|8\n|\n|t:|1699971469\n|move|p2a: zeus\u2026ZEUS!|Thunderbolt|p1a: Arcanine\n|-damage|p1a: Arcanine|4\/100\n|move|p1a: Arcanine|Head Smash|p2a: zeus\u2026ZEUS!\n|-supereffective|p2a: zeus\u2026ZEUS!\n|-damage|p2a: zeus\u2026ZEUS!|0 fnt\n|faint|p2a: zeus\u2026ZEUS!\n|\n|upkeep\n|\n|t:|1699971476\n|switch|p2a: Naboo|Ogerpon-Wellspring, F|100\/100\n|turn|9\n|\n|t:|1699971481\n|move|p1a: Arcanine|Extreme Speed|p2a: Naboo\n|-damage|p2a: Naboo|69\/100\n|move|p2a: Naboo|Trailblaze|p1a: Arcanine\n|-damage|p1a: Arcanine|0 fnt\n|-boost|p2a: Naboo|spe|1\n|faint|p1a: Arcanine\n|\n|upkeep\n|\n|t:|1699971490\n|switch|p1a: Zapdos|Zapdos|88\/100\n|turn|10\n|\n|t:|1699971495\n|move|p2a: Naboo|Ivy Cudgel|p1a: Zapdos|[anim] Ivy Cudgel Water\n|-crit|p1a: Zapdos\n|-damage|p1a: Zapdos|3\/100\n|move|p1a: Zapdos|Hurricane|p2a: Naboo\n|-supereffective|p2a: Naboo\n|-damage|p2a: Naboo|0 fnt\n|faint|p2a: Naboo\n|\n|-heal|p1a: Zapdos|9\/100|[from] item: Leftovers\n|upkeep\n|\n|t:|1699971505\n|switch|p2a: ProtectTheLand|Tyranitar, F, shiny|100\/100\n|-weather|Sandstorm|[from] ability: Sand Stream|[of] p2a: ProtectTheLand\n|turn|11\n|\n|t:|1699971514\n|detailschange|p2a: ProtectTheLand|Tyranitar-Mega, F, shiny\n|-mega|p2a: ProtectTheLand|Tyranitar|Tyranitarite\n|move|p2a: ProtectTheLand|Dragon Dance|p2a: ProtectTheLand\n|-boost|p2a: ProtectTheLand|atk|1\n|-boost|p2a: ProtectTheLand|spe|1\n|move|p1a: Zapdos|Roost|p1a: Zapdos\n|-heal|p1a: Zapdos|60\/100\n|-singleturn|p1a: Zapdos|move: Roost\n|\n|-weather|Sandstorm|[upkeep]\n|-damage|p1a: Zapdos|54\/100|[from] Sandstorm\n|-heal|p1a: Zapdos|60\/100|[from] item: Leftovers\n|upkeep\n|turn|12\n|\n|t:|1699971531\n|move|p2a: ProtectTheLand|Dragon Dance|p2a: ProtectTheLand\n|-boost|p2a: ProtectTheLand|atk|1\n|-boost|p2a: ProtectTheLand|spe|1\n|move|p1a: Zapdos|Thunderbolt|p2a: ProtectTheLand\n|-damage|p2a: ProtectTheLand|76\/100\n|\n|-weather|Sandstorm|[upkeep]\n|-damage|p1a: Zapdos|54\/100|[from] Sandstorm\n|-heal|p1a: Zapdos|60\/100|[from] item: Leftovers\n|upkeep\n|turn|13\n|\n|t:|1699971543\n|move|p2a: ProtectTheLand|Stone Edge|p1a: Zapdos\n|-supereffective|p1a: Zapdos\n|-damage|p1a: Zapdos|0 fnt\n|faint|p1a: Zapdos\n|\n|-weather|Sandstorm|[upkeep]\n|upkeep\n|\n|t:|1699971548\n|switch|p1a: Serperior|Serperior, M|100\/100\n|turn|14\n|\n|t:|1699971555\n|move|p2a: ProtectTheLand|Knock Off|p1a: Serperior\n|-damage|p1a: Serperior|0 fnt\n|-enditem|p1a: Serperior|Leftovers|[from] move: Knock Off|[of] p2a: ProtectTheLand\n|faint|p1a: Serperior\n|\n|-weather|Sandstorm|[upkeep]\n|upkeep\n|\n|t:|1699971559\n|switch|p1a: Azumarill|Azumarill, M, shiny|100\/100\n|turn|15\n|\n|t:|1699971566\n|move|p2a: ProtectTheLand|Stone Edge|p1a: Azumarill\n|-damage|p1a: Azumarill|0 fnt\n|faint|p1a: Azumarill\n|\n|-weather|none\n|upkeep\n|\n|t:|1699971571\n|switch|p1a: Lopunny|Lopunny-Mega, F|100\/100\n|turn|16\n|\n|t:|1699971574\n|move|p1a: Lopunny|Fake Out|p2a: ProtectTheLand\n|-resisted|p2a: ProtectTheLand\n|-damage|p2a: ProtectTheLand|69\/100\n|cant|p2a: ProtectTheLand|flinch\n|\n|upkeep\n|turn|17\n|\n|t:|1699971577\n|move|p2a: ProtectTheLand|Earthquake|p1a: Lopunny\n|-damage|p1a: Lopunny|7\/100\n|move|p1a: Lopunny|High Jump Kick|p2a: ProtectTheLand\n|-supereffective|p2a: ProtectTheLand\n|-damage|p2a: ProtectTheLand|0 fnt\n|faint|p2a: ProtectTheLand\n|\n|upkeep\n|\n|t:|1699971593\n|switch|p2a: Dragula|Noivern, F|100\/100\n|-item|p1a: Lopunny|Lopunnite|[from] ability: Frisk|[of] p2a: Dragula|[identify]\n|turn|18\n|\n|t:|1699971598\n|move|p1a: Lopunny|Triple Axel|p2a: Dragula\n|-supereffective|p2a: Dragula\n|-damage|p2a: Dragula|59\/100\n|-supereffective|p2a: Dragula\n|-damage|p2a: Dragula|0 fnt\n|faint|p2a: Dragula\n|-hitcount|p2: Dragula|2\n|\n|upkeep\n|\n|t:|1699971601\n|switch|p2a: Cinnamon|Cinderace, M|100\/100\n|turn|19\n|\n|t:|1699971609\n|move|p1a: Lopunny|High Jump Kick|p2a: Cinnamon\n|-damage|p2a: Cinnamon|0 fnt\n|faint|p2a: Cinnamon\n|\n|win|GenericEdgeLrd\n|raw|GenericEdgeLrd's rating: 1196 &rarr; <strong>1227<\/strong><br \/>(+31 for winning)\n|raw|AerBlaziken's rating: 1282 &rarr; <strong>1251<\/strong><br \/>(-31 for losing)\n","uploadtime":1699971619,"views":3,"p1id":"genericedgelrd","p2id":"aerblaziken","formatid":"gen9nationaldex","rating":1227,"private":0,"password":""}