{"id":"gen9nationaldex-1988325527","p1":"Dinotrooper23","p2":"Skye32","format":"[Gen 9] National Dex","log":"|j|\u2606Dinotrooper23\n|j|\u2606Skye32\n|t:|1699708844\n|gametype|singles\n|player|p1|Dinotrooper23|1|\n|player|p2|Skye32|266|\n|teamsize|p1|6\n|teamsize|p2|6\n|gen|9\n|tier|[Gen 9] National Dex\n|rule|HP Percentage Mod: HP is shown in percentages\n|rule|Endless Battle Clause: Forcing endless battles is banned\n|rule|OHKO Clause: OHKO moves are banned\n|rule|Evasion Clause: Evasion abilities, items, and moves are banned\n|rule|Evasion Abilities Clause: Evasion abilities are banned\n|rule|Evasion Items Clause: Evasion items are banned\n|rule|Evasion Moves Clause: Evasion moves are banned\n|rule|Species Clause: Limit one of each Pok\u00e9mon\n|rule|Sleep Clause Mod: Limit one foe put to sleep\n|clearpoke\n|poke|p1|Hydreigon, F|\n|poke|p1|Regidrago|\n|poke|p1|Altaria, M|\n|poke|p1|Garchomp, F|\n|poke|p1|Dragonite, M|\n|poke|p1|Turtonator, M|\n|poke|p2|Pinsir, F|\n|poke|p2|Volcarona, F|\n|poke|p2|Ribombee, F|\n|poke|p2|Galvantula, F|\n|poke|p2|Kleavor, M|\n|poke|p2|Scizor, M|\n|teampreview\n|inactive|Battle timer is ON: inactive players will automatically lose when time's up. (requested by Dinotrooper23)\n|l|\u2606Dinotrooper23\n|inactive|Dinotrooper23 disconnected and has 300 seconds to reconnect!\n|player|p1|\n|c|\u2606Skye32|Glhf\n|\n|t:|1699708897\n|start\n|switch|p1a: Turtonator|Turtonator, M|100\/100\n|switch|p2a: Kleavor|Kleavor, M|100\/100\n|turn|1\n|j|\u2606Dinotrooper23\n|inactive|Dinotrooper23 reconnected and has 300 seconds left.\n|player|p1|Dinotrooper23|1\n|\n|t:|1699708924\n|switch|p1a: Garchomp|Garchomp, F|100\/100\n|move|p2a: Kleavor|Stone Axe|p1a: Garchomp|[miss]\n|-miss|p2a: Kleavor|p1a: Garchomp\n|\n|upkeep\n|turn|2\n|\n|t:|1699708939\n|move|p2a: Kleavor|Stone Axe|p1a: Garchomp\n|-resisted|p1a: Garchomp\n|-damage|p1a: Garchomp|74\/100\n|-damage|p2a: Kleavor|88\/100|[from] ability: Rough Skin|[of] p1a: Garchomp\n|-sidestart|p1: Dinotrooper23|move: Stealth Rock\n|move|p1a: Garchomp|Fire Fang|p2a: Kleavor\n|-damage|p2a: Kleavor|58\/100\n|\n|upkeep\n|turn|3\n|\n|t:|1699708962\n|switch|p2a: Volcarona|Volcarona, F|100\/100\n|move|p1a: Garchomp|Scale Shot|p2a: Volcarona\n|-damage|p2a: Volcarona|79\/100\n|-crit|p2a: Volcarona\n|-damage|p2a: Volcarona|48\/100\n|-damage|p2a: Volcarona|27\/100\n|-damage|p2a: Volcarona|5\/100\n|-hitcount|p2a: Volcarona|4\n|-unboost|p1a: Garchomp|def|1\n|-boost|p1a: Garchomp|spe|1\n|\n|upkeep\n|turn|4\n|\n|t:|1699708977\n|move|p1a: Garchomp|Earthquake|p2a: Volcarona\n|-damage|p2a: Volcarona|0 fnt\n|faint|p2a: Volcarona\n|\n|upkeep\n|\n|t:|1699708982\n|switch|p2a: Scizor|Scizor, M|100\/100\n|turn|5\n|\n|t:|1699708991\n|move|p2a: Scizor|Bullet Punch|p1a: Garchomp\n|-damage|p1a: Garchomp|13\/100\n|-damage|p2a: Scizor|88\/100|[from] ability: Rough Skin|[of] p1a: Garchomp\n|-damage|p2a: Scizor|78\/100|[from] item: Life Orb\n|move|p1a: Garchomp|Fire Fang|p2a: Scizor\n|-supereffective|p2a: Scizor\n|-damage|p2a: Scizor|0 fnt\n|faint|p2a: Scizor\n|\n|upkeep\n|\n|t:|1699709000\n|switch|p2a: Pinsir|Pinsir, F|100\/100\n|turn|6\n|\n|t:|1699709010\n|switch|p1a: Turtonator|Turtonator, M|100\/100\n|-damage|p1a: Turtonator|76\/100|[from] Stealth Rock\n|detailschange|p2a: Pinsir|Pinsir-Mega, F\n|-mega|p2a: Pinsir|Pinsir|Pinsirite\n|move|p2a: Pinsir|Quick Attack|p1a: Turtonator\n|-damage|p1a: Turtonator|47\/100\n|\n|upkeep\n|turn|7\n|\n|t:|1699709019\n|move|p2a: Pinsir|Earthquake|p1a: Turtonator\n|-supereffective|p1a: Turtonator\n|-damage|p1a: Turtonator|0 fnt\n|faint|p1a: Turtonator\n|\n|upkeep\n|\n|t:|1699709030\n|switch|p1a: Dragonite|Dragonite, M|100\/100\n|turn|8\n|\n|t:|1699709040\n|move|p2a: Pinsir|Frustration|p1a: Dragonite\n|-crit|p1a: Dragonite\n|-damage|p1a: Dragonite|40\/100\n|move|p1a: Dragonite|Dual Wingbeat|p2a: Pinsir\n|-supereffective|p2a: Pinsir\n|-damage|p2a: Pinsir|53\/100\n|-supereffective|p2a: Pinsir\n|-damage|p2a: Pinsir|5\/100\n|-hitcount|p2a: Pinsir|2\n|\n|upkeep\n|turn|9\n|\n|t:|1699709050\n|move|p1a: Dragonite|Extreme Speed|p2a: Pinsir\n|-damage|p2a: Pinsir|0 fnt\n|faint|p2a: Pinsir\n|\n|upkeep\n|\n|t:|1699709061\n|switch|p2a: Kleavor|Kleavor, M|58\/100\n|turn|10\n|\n|t:|1699709067\n|move|p1a: Dragonite|Extreme Speed|p2a: Kleavor\n|-resisted|p2a: Kleavor\n|-damage|p2a: Kleavor|39\/100\n|move|p2a: Kleavor|Stone Axe|p1a: Dragonite\n|-supereffective|p1a: Dragonite\n|-damage|p1a: Dragonite|0 fnt\n|faint|p1a: Dragonite\n|\n|upkeep\n|\n|t:|1699709081\n|switch|p1a: Hydreigon|Hydreigon, F|100\/100\n|-damage|p1a: Hydreigon|88\/100|[from] Stealth Rock\n|turn|11\n|\n|t:|1699709095\n|move|p2a: Kleavor|Stone Axe|p1a: Hydreigon\n|-damage|p1a: Hydreigon|33\/100\n|move|p1a: Hydreigon|Flash Cannon|p2a: Kleavor\n|-supereffective|p2a: Kleavor\n|-damage|p2a: Kleavor|0 fnt\n|faint|p2a: Kleavor\n|-damage|p1a: Hydreigon|24\/100|[from] item: Life Orb\n|\n|upkeep\n|\n|t:|1699709106\n|switch|p2a: Galvantula|Galvantula, F|100\/100\n|turn|12\n|\n|t:|1699709114\n|move|p1a: Hydreigon|Draco Meteor|p2a: Galvantula\n|-crit|p2a: Galvantula\n|-damage|p2a: Galvantula|0 fnt\n|-unboost|p1a: Hydreigon|spa|2\n|faint|p2a: Galvantula\n|-damage|p1a: Hydreigon|14\/100|[from] item: Life Orb\n|\n|upkeep\n|\n|t:|1699709117\n|switch|p2a: Ribombee|Ribombee, F|100\/100\n|turn|13\n|\n|t:|1699709126\n|switch|p1a: Regidrago|Regidrago|100\/100\n|-damage|p1a: Regidrago|88\/100|[from] Stealth Rock\n|move|p2a: Ribombee|Quiver Dance|p2a: Ribombee\n|-boost|p2a: Ribombee|spa|1\n|-boost|p2a: Ribombee|spd|1\n|-boost|p2a: Ribombee|spe|1\n|\n|upkeep\n|turn|14\n|\n|t:|1699709140\n|-terastallize|p1a: Regidrago|Steel\n|move|p2a: Ribombee|Moonblast|p1a: Regidrago\n|-resisted|p1a: Regidrago\n|-damage|p1a: Regidrago|55\/100\n|-unboost|p1a: Regidrago|spa|1\n|move|p1a: Regidrago|Tera Blast|p2a: Ribombee|[anim] Tera Blast Steel\n|-supereffective|p2a: Ribombee\n|-damage|p2a: Ribombee|45\/100\n|\n|upkeep\n|turn|15\n|\n|t:|1699709157\n|-terastallize|p2a: Ribombee|Bug\n|move|p2a: Ribombee|Quiver Dance|p2a: Ribombee\n|-boost|p2a: Ribombee|spa|1\n|-boost|p2a: Ribombee|spd|1\n|-boost|p2a: Ribombee|spe|1\n|move|p1a: Regidrago|Tera Blast|p2a: Ribombee|[anim] Tera Blast Steel\n|-damage|p2a: Ribombee|27\/100\n|\n|upkeep\n|turn|16\n|\n|t:|1699709174\n|switch|p1a: Garchomp|Garchomp, F|13\/100\n|-damage|p1a: Garchomp|6\/100|[from] Stealth Rock\n|move|p2a: Ribombee|Quiver Dance|p2a: Ribombee\n|-boost|p2a: Ribombee|spa|1\n|-boost|p2a: Ribombee|spd|1\n|-boost|p2a: Ribombee|spe|1\n|\n|upkeep\n|turn|17\n|\n|t:|1699709178\n|move|p2a: Ribombee|Moonblast|p1a: Garchomp\n|-supereffective|p1a: Garchomp\n|-damage|p1a: Garchomp|0 fnt\n|faint|p1a: Garchomp\n|\n|upkeep\n|\n|t:|1699709182\n|switch|p1a: Altaria|Altaria, M|100\/100\n|-damage|p1a: Altaria|76\/100|[from] Stealth Rock\n|turn|18\n|\n|t:|1699709187\n|detailschange|p1a: Altaria|Altaria-Mega, M\n|-mega|p1a: Altaria|Altaria|Altarianite\n|move|p2a: Ribombee|Moonblast|p1a: Altaria\n|-supereffective|p1a: Altaria\n|-damage|p1a: Altaria|0 fnt\n|faint|p1a: Altaria\n|\n|upkeep\n|\n|t:|1699709189\n|switch|p1a: Hydreigon|Hydreigon, F|14\/100\n|-damage|p1a: Hydreigon|1\/100|[from] Stealth Rock\n|turn|19\n|\n|t:|1699709197\n|move|p2a: Ribombee|Moonblast|p1a: Hydreigon\n|-supereffective|p1a: Hydreigon\n|-damage|p1a: Hydreigon|0 fnt\n|faint|p1a: Hydreigon\n|\n|upkeep\n|l|\u2606Dinotrooper23\n|inactive|Dinotrooper23 disconnected and has 280 seconds to reconnect!\n|player|p1|\n|inactive|Dinotrooper23 has 270 seconds to reconnect!\n|j|\u2606Dinotrooper23\n|inactive|Dinotrooper23 reconnected and has 300 seconds left.\n|player|p1|Dinotrooper23|1\n|\n|t:|1699709219\n|switch|p1a: Regidrago|Regidrago, tera:Steel|55\/100\n|-damage|p1a: Regidrago|49\/100|[from] Stealth Rock\n|turn|20\n|\n|t:|1699709224\n|move|p2a: Ribombee|Moonblast|p1a: Regidrago\n|-resisted|p1a: Regidrago\n|-damage|p1a: Regidrago|0 fnt\n|faint|p1a: Regidrago\n|\n|win|Skye32\n|c|\u2606Skye32|Gg\n","uploadtime":1699709229,"views":6,"p1id":"dinotrooper23","p2id":"skye32","formatid":"gen9nationaldex","rating":0,"private":0,"password":""}