{"id":"gen9nationaldex-2000019102","p1":"Hyjinks","p2":"Deriverse","format":"[Gen 9] National Dex","log":"|html|<div class=\"broadcast-blue\"><strong>[Gen 9] National Dex is currently suspecting Sneasler! For information on how to participate check out the <a href=\"https:\/\/www.smogon.com\/forums\/threads\/sv-national-dex-suspect-8-just-dance.3731534\/\">suspect thread<\/a>.<\/strong><\/div>\n|j|\u2606Hyjinks\n|j|\u2606Deriverse\n|t:|1701141902\n|gametype|singles\n|player|p1|Hyjinks|proton|1450\n|player|p2|Deriverse|veteranf|1444\n|teamsize|p1|6\n|teamsize|p2|6\n|gen|9\n|tier|[Gen 9] National Dex\n|rated|\n|rule|HP Percentage Mod: HP is shown in percentages\n|rule|Endless Battle Clause: Forcing endless battles is banned\n|rule|OHKO Clause: OHKO moves are banned\n|rule|Evasion Clause: Evasion abilities, items, and moves are banned\n|rule|Evasion Abilities Clause: Evasion abilities are banned\n|rule|Evasion Items Clause: Evasion items are banned\n|rule|Evasion Moves Clause: Evasion moves are banned\n|rule|Species Clause: Limit one of each Pok\u00e9mon\n|rule|Sleep Clause Mod: Limit one foe put to sleep\n|clearpoke\n|poke|p1|Cresselia, F|\n|poke|p1|Skarmory, M|\n|poke|p1|Toxapex, F|\n|poke|p1|Garganacl, F|\n|poke|p1|Gliscor, M|\n|poke|p1|Lopunny, M|\n|poke|p2|Gliscor, F|\n|poke|p2|Tapu Lele|\n|poke|p2|Volcarona, F|\n|poke|p2|Ferrothorn, F|\n|poke|p2|Toxapex, M|\n|poke|p2|Rotom-Wash|\n|teampreview\n|inactive|Battle timer is ON: inactive players will automatically lose when time's up. (requested by Deriverse)\n|\n|t:|1701141925\n|start\n|switch|p1a: Gliscor|Gliscor, M|100\/100\n|switch|p2a: Rotom|Rotom-Wash|100\/100\n|turn|1\n|\n|t:|1701141939\n|switch|p1a: Garganacl|Garganacl, F|100\/100\n|move|p2a: Rotom|Hydro Pump|p1a: Garganacl\n|-supereffective|p1a: Garganacl\n|-damage|p1a: Garganacl|41\/100\n|\n|-heal|p1a: Garganacl|47\/100|[from] item: Leftovers\n|upkeep\n|turn|2\n|\n|t:|1701141943\n|switch|p1a: Cresselia|Cresselia, F|100\/100\n|move|p2a: Rotom|Nasty Plot|p2a: Rotom\n|-boost|p2a: Rotom|spa|2\n|\n|upkeep\n|turn|3\n|\n|t:|1701141951\n|move|p2a: Rotom|Hydro Pump|p1a: Cresselia\n|-damage|p1a: Cresselia|37\/100\n|move|p1a: Cresselia|Calm Mind|p1a: Cresselia\n|-boost|p1a: Cresselia|spa|1\n|-boost|p1a: Cresselia|spd|1\n|\n|upkeep\n|turn|4\n|\n|t:|1701141956\n|move|p2a: Rotom|Hydro Pump|p1a: Cresselia|[miss]\n|-miss|p2a: Rotom|p1a: Cresselia\n|move|p1a: Cresselia|Moonlight|p1a: Cresselia\n|-heal|p1a: Cresselia|87\/100\n|\n|upkeep\n|turn|5\n|\n|t:|1701141959\n|move|p2a: Rotom|Nasty Plot|p2a: Rotom\n|-boost|p2a: Rotom|spa|2\n|move|p1a: Cresselia|Calm Mind|p1a: Cresselia\n|-boost|p1a: Cresselia|spa|1\n|-boost|p1a: Cresselia|spd|1\n|\n|upkeep\n|turn|6\n|\n|t:|1701141963\n|move|p2a: Rotom|Hydro Pump|p1a: Cresselia\n|-damage|p1a: Cresselia|36\/100\n|move|p1a: Cresselia|Calm Mind|p1a: Cresselia\n|-boost|p1a: Cresselia|spa|1\n|-boost|p1a: Cresselia|spd|1\n|\n|upkeep\n|turn|7\n|\n|t:|1701141970\n|move|p2a: Rotom|Hydro Pump|p1a: Cresselia\n|-damage|p1a: Cresselia|0 fnt\n|faint|p1a: Cresselia\n|\n|upkeep\n|\n|t:|1701141978\n|switch|p1a: Lopunny|Lopunny, M|100\/100\n|turn|8\n|\n|t:|1701141984\n|switch|p2a: Ferrothorn|Ferrothorn, F|100\/100\n|detailschange|p1a: Lopunny|Lopunny-Mega, M\n|-mega|p1a: Lopunny|Lopunny|Lopunnite\n|move|p1a: Lopunny|Fake Out|p2a: Ferrothorn\n|-resisted|p2a: Ferrothorn\n|-damage|p2a: Ferrothorn|93\/100\n|-damage|p1a: Lopunny|88\/100|[from] ability: Iron Barbs|[of] p2a: Ferrothorn\n|\n|-heal|p2a: Ferrothorn|99\/100|[from] item: Leftovers\n|upkeep\n|turn|9\n|\n|t:|1701141994\n|switch|p1a: Gliscor|Gliscor, M|100\/100\n|move|p2a: Ferrothorn|Gyro Ball|p1a: Gliscor\n|-damage|p1a: Gliscor|58\/100\n|\n|-heal|p2a: Ferrothorn|100\/100|[from] item: Leftovers\n|-status|p1a: Gliscor|tox|[from] item: Toxic Orb\n|upkeep\n|turn|10\n|\n|t:|1701142000\n|move|p1a: Gliscor|Stealth Rock|p2a: Ferrothorn\n|-sidestart|p2: Deriverse|move: Stealth Rock\n|move|p2a: Ferrothorn|Stealth Rock|p1a: Gliscor\n|-sidestart|p1: Hyjinks|move: Stealth Rock\n|\n|-heal|p1a: Gliscor|71\/100 tox|[from] ability: Poison Heal\n|upkeep\n|turn|11\n|\n|t:|1701142005\n|move|p1a: Gliscor|Knock Off|p2a: Ferrothorn\n|-damage|p2a: Ferrothorn|84\/100\n|-damage|p1a: Gliscor|58\/100 tox|[from] ability: Iron Barbs|[of] p2a: Ferrothorn\n|-enditem|p2a: Ferrothorn|Leftovers|[from] move: Knock Off|[of] p1a: Gliscor\n|move|p2a: Ferrothorn|Leech Seed|p1a: Gliscor\n|-start|p1a: Gliscor|move: Leech Seed\n|\n|-damage|p1a: Gliscor|46\/100 tox|[from] Leech Seed|[of] p2a: Ferrothorn\n|-heal|p2a: Ferrothorn|97\/100|[silent]\n|-heal|p1a: Gliscor|58\/100 tox|[from] ability: Poison Heal\n|upkeep\n|turn|12\n|\n|t:|1701142008\n|switch|p1a: Skarmory|Skarmory, M|100\/100\n|-damage|p1a: Skarmory|88\/100|[from] Stealth Rock\n|move|p2a: Ferrothorn|Gyro Ball|p1a: Skarmory\n|-resisted|p1a: Skarmory\n|-damage|p1a: Skarmory|75\/100\n|-damage|p2a: Ferrothorn|80\/100|[from] item: Rocky Helmet|[of] p1a: Skarmory\n|\n|upkeep\n|turn|13\n|\n|t:|1701142011\n|move|p1a: Skarmory|Spikes|p2a: Ferrothorn\n|-sidestart|p2: Deriverse|Spikes\n|move|p2a: Ferrothorn|Thunder Wave|p1a: Skarmory\n|-status|p1a: Skarmory|par\n|\n|upkeep\n|turn|14\n|\n|t:|1701142022\n|move|p1a: Skarmory|Iron Defense|p1a: Skarmory\n|-boost|p1a: Skarmory|def|2\n|move|p2a: Ferrothorn|Leech Seed|p1a: Skarmory\n|-start|p1a: Skarmory|move: Leech Seed\n|\n|-damage|p1a: Skarmory|62\/100 par|[from] Leech Seed|[of] p2a: Ferrothorn\n|-heal|p2a: Ferrothorn|92\/100|[silent]\n|upkeep\n|turn|15\n|\n|t:|1701142032\n|switch|p1a: Lopunny|Lopunny-Mega, M|88\/100\n|-damage|p1a: Lopunny|82\/100|[from] Stealth Rock\n|switch|p2a: Toxapex|Toxapex, M|100\/100\n|\n|upkeep\n|turn|16\n|\n|t:|1701142040\n|switch|p1a: Garganacl|Garganacl, F|47\/100\n|-damage|p1a: Garganacl|35\/100|[from] Stealth Rock\n|move|p2a: Toxapex|Scald|p1a: Garganacl\n|-supereffective|p1a: Garganacl\n|-damage|p1a: Garganacl|14\/100\n|\n|-heal|p1a: Garganacl|20\/100|[from] item: Leftovers\n|upkeep\n|turn|17\n|\n|t:|1701142044\n|move|p1a: Garganacl|Recover|p1a: Garganacl\n|-heal|p1a: Garganacl|70\/100\n|move|p2a: Toxapex|Scald|p1a: Garganacl\n|-supereffective|p1a: Garganacl\n|-damage|p1a: Garganacl|47\/100\n|\n|-heal|p1a: Garganacl|53\/100|[from] item: Leftovers\n|upkeep\n|turn|18\n|\n|t:|1701142048\n|switch|p2a: Gliscor|Gliscor, F|100\/100\n|-damage|p2a: Gliscor|88\/100|[from] Stealth Rock\n|move|p1a: Garganacl|Curse|p1a: Garganacl\n|-unboost|p1a: Garganacl|spe|1\n|-boost|p1a: Garganacl|atk|1\n|-boost|p1a: Garganacl|def|1\n|\n|-heal|p1a: Garganacl|59\/100|[from] item: Leftovers\n|-status|p2a: Gliscor|tox|[from] item: Toxic Orb\n|upkeep\n|turn|19\n|\n|t:|1701142055\n|-terastallize|p1a: Garganacl|Dragon\n|move|p2a: Gliscor|Knock Off|p1a: Garganacl\n|-damage|p1a: Garganacl|49\/100\n|-enditem|p1a: Garganacl|Leftovers|[from] move: Knock Off|[of] p2a: Gliscor\n|move|p1a: Garganacl|Curse|p1a: Garganacl\n|-unboost|p1a: Garganacl|spe|1\n|-boost|p1a: Garganacl|atk|1\n|-boost|p1a: Garganacl|def|1\n|\n|-heal|p2a: Gliscor|100\/100 tox|[from] ability: Poison Heal\n|upkeep\n|turn|20\n|\n|t:|1701142069\n|switch|p2a: Toxapex|Toxapex, M|100\/100\n|move|p1a: Garganacl|Earthquake|p2a: Toxapex\n|-supereffective|p2a: Toxapex\n|-damage|p2a: Toxapex|48\/100\n|\n|upkeep\n|turn|21\n|\n|t:|1701142077\n|switch|p2a: Rotom|Rotom-Wash|100\/100\n|-damage|p2a: Rotom|88\/100|[from] Stealth Rock\n|move|p1a: Garganacl|Earthquake|p2a: Rotom\n|-immune|p2a: Rotom|[from] ability: Levitate\n|\n|-heal|p2a: Rotom|94\/100|[from] item: Leftovers\n|upkeep\n|turn|22\n|\n|t:|1701142086\n|move|p2a: Rotom|Nasty Plot|p2a: Rotom\n|-boost|p2a: Rotom|spa|2\n|move|p1a: Garganacl|Salt Cure|p2a: Rotom\n|-damage|p2a: Rotom|55\/100\n|-start|p2a: Rotom|Salt Cure\n|\n|-heal|p2a: Rotom|61\/100|[from] item: Leftovers\n|-damage|p2a: Rotom|37\/100|[from] Salt Cure\n|upkeep\n|turn|23\n|\n|t:|1701142091\n|move|p2a: Rotom|Volt Switch|p1a: Garganacl\n|-resisted|p1a: Garganacl\n|-damage|p1a: Garganacl|30\/100\n|\n|t:|1701142094\n|switch|p2a: Gliscor|Gliscor, F|100\/100 tox|[from] Volt Switch\n|-damage|p2a: Gliscor|88\/100 tox|[from] Stealth Rock\n|move|p1a: Garganacl|Recover|p1a: Garganacl\n|-heal|p1a: Garganacl|80\/100\n|\n|-heal|p2a: Gliscor|100\/100 tox|[from] ability: Poison Heal\n|upkeep\n|turn|24\n|\n|t:|1701142106\n|move|p1a: Garganacl|Salt Cure|p2a: Gliscor\n|-damage|p2a: Gliscor|83\/100 tox\n|-start|p2a: Gliscor|Salt Cure\n|move|p2a: Gliscor|Counter|p1a: Garganacl\n|-damage|p1a: Garganacl|49\/100\n|\n|-heal|p2a: Gliscor|95\/100 tox|[from] ability: Poison Heal\n|-damage|p2a: Gliscor|83\/100 tox|[from] Salt Cure\n|upkeep\n|turn|25\n|\n|t:|1701142124\n|switch|p2a: Toxapex|Toxapex, M|81\/100\n|move|p1a: Garganacl|Earthquake|p2a: Toxapex\n|-supereffective|p2a: Toxapex\n|-crit|p2a: Toxapex\n|-damage|p2a: Toxapex|0 fnt\n|faint|p2a: Toxapex\n|\n|upkeep\n|\n|t:|1701142130\n|switch|p2a: Tapu Lele|Tapu Lele|100\/100\n|-damage|p2a: Tapu Lele|88\/100|[from] Stealth Rock\n|-damage|p2a: Tapu Lele|76\/100|[from] Spikes\n|-fieldstart|move: Psychic Terrain|[from] ability: Psychic Surge|[of] p2a: Tapu Lele\n|turn|26\n|inactive|Hyjinks has 120 seconds left.\n|\n|t:|1701142179\n|switch|p1a: Toxapex|Toxapex, F|100\/100\n|move|p2a: Tapu Lele|Psychic|p1a: Toxapex\n|-supereffective|p1a: Toxapex\n|-damage|p1a: Toxapex|0 fnt\n|faint|p1a: Toxapex\n|\n|upkeep\n|\n|t:|1701142187\n|switch|p1a: Skarmory|Skarmory, M|62\/100 par\n|-damage|p1a: Skarmory|50\/100 par|[from] Stealth Rock\n|turn|27\n|\n|t:|1701142191\n|move|p2a: Tapu Lele|Psychic|p1a: Skarmory\n|-resisted|p1a: Skarmory\n|-damage|p1a: Skarmory|0 fnt\n|faint|p1a: Skarmory\n|\n|upkeep\n|\n|t:|1701142194\n|switch|p1a: Lopunny|Lopunny-Mega, M|82\/100\n|-damage|p1a: Lopunny|77\/100|[from] Stealth Rock\n|turn|28\n|\n|t:|1701142206\n|switch|p2a: Ferrothorn|Ferrothorn, F|92\/100\n|-damage|p2a: Ferrothorn|85\/100|[from] Stealth Rock\n|-damage|p2a: Ferrothorn|73\/100|[from] Spikes\n|move|p1a: Lopunny|Close Combat|p2a: Ferrothorn\n|-supereffective|p2a: Ferrothorn\n|-damage|p2a: Ferrothorn|0 fnt\n|-unboost|p1a: Lopunny|def|1\n|-unboost|p1a: Lopunny|spd|1\n|-damage|p1a: Lopunny|64\/100|[from] ability: Iron Barbs|[of] p2a: Ferrothorn\n|faint|p2a: Ferrothorn\n|\n|upkeep\n|inactive|Deriverse has 120 seconds left.\n|\n|t:|1701142232\n|switch|p2a: Volcarona|Volcarona, F|100\/100\n|turn|29\n|inactive|Hyjinks has 120 seconds left.\n|\n|t:|1701142276\n|switch|p1a: Gliscor|Gliscor, M|58\/100 tox\n|-damage|p1a: Gliscor|46\/100 tox|[from] Stealth Rock\n|move|p2a: Volcarona|Fiery Dance|p1a: Gliscor\n|-damage|p1a: Gliscor|0 fnt\n|-boost|p2a: Volcarona|spa|1\n|faint|p1a: Gliscor\n|\n|upkeep\n|\n|t:|1701142280\n|switch|p1a: Garganacl|Garganacl, F, tera:Dragon|49\/100\n|-damage|p1a: Garganacl|36\/100|[from] Stealth Rock\n|turn|30\n|\n|t:|1701142286\n|-terastallize|p2a: Volcarona|Ground\n|move|p2a: Volcarona|Tera Blast|p1a: Garganacl|[anim] Tera Blast Ground\n|-damage|p1a: Garganacl|0 fnt\n|faint|p1a: Garganacl\n|\n|-fieldend|move: Psychic Terrain\n|upkeep\n|inactive|Hyjinks has 120 seconds left.\n|\n|t:|1701142292\n|switch|p1a: Lopunny|Lopunny-Mega, M|64\/100\n|-damage|p1a: Lopunny|58\/100|[from] Stealth Rock\n|turn|31\n|\n|t:|1701142295\n|switch|p2a: Rotom|Rotom-Wash|37\/100\n|-damage|p2a: Rotom|24\/100|[from] Stealth Rock\n|move|p1a: Lopunny|Return|p2a: Rotom\n|-damage|p2a: Rotom|0 fnt\n|faint|p2a: Rotom\n|\n|upkeep\n|\n|t:|1701142300\n|switch|p2a: Gliscor|Gliscor, F|83\/100 tox\n|-damage|p2a: Gliscor|70\/100 tox|[from] Stealth Rock\n|turn|32\n|\n|t:|1701142305\n|move|p1a: Lopunny|Return|p2a: Gliscor\n|-damage|p2a: Gliscor|35\/100 tox\n|move|p2a: Gliscor|Counter|p1a: Lopunny\n|-damage|p1a: Lopunny|0 fnt\n|faint|p1a: Lopunny\n|\n|win|Deriverse\n|raw|Hyjinks's rating: 1450 &rarr; <strong>1430<\/strong><br \/>(-20 for losing)\n|raw|Deriverse's rating: 1444 &rarr; <strong>1464<\/strong><br \/>(+20 for winning)\n|l|\u2606Hyjinks\n|l|\u2606Deriverse\n|j|\u2606Deriverse\n|player|p2|Deriverse|veteranf\n","uploadtime":1701142670,"views":2,"p1id":"hyjinks","p2id":"deriverse","formatid":"gen9nationaldex","rating":1430,"private":0,"password":""}