{"id":"gen9nationaldex-1999972628","p1":"shelmetbeta","p2":"mr Deuzp","format":"[Gen 9] National Dex","log":"|html|<div class=\"broadcast-blue\"><strong>[Gen 9] National Dex is currently suspecting Sneasler! For information on how to participate check out the <a href=\"https:\/\/www.smogon.com\/forums\/threads\/sv-national-dex-suspect-8-just-dance.3731534\/\">suspect thread<\/a>.<\/strong><\/div>\n|j|\u2606shelmetbeta\n|j|\u2606mr Deuzp\n|t:|1701136263\n|gametype|singles\n|player|p1|shelmetbeta|170|1327\n|player|p2|mr Deuzp|shadowtriad|1265\n|teamsize|p1|6\n|teamsize|p2|6\n|gen|9\n|tier|[Gen 9] National Dex\n|rated|\n|rule|HP Percentage Mod: HP is shown in percentages\n|rule|Endless Battle Clause: Forcing endless battles is banned\n|rule|OHKO Clause: OHKO moves are banned\n|rule|Evasion Clause: Evasion abilities, items, and moves are banned\n|rule|Evasion Abilities Clause: Evasion abilities are banned\n|rule|Evasion Items Clause: Evasion items are banned\n|rule|Evasion Moves Clause: Evasion moves are banned\n|rule|Species Clause: Limit one of each Pok\u00e9mon\n|rule|Sleep Clause Mod: Limit one foe put to sleep\n|clearpoke\n|poke|p1|Scizor, M|\n|poke|p1|Alomomola, F|\n|poke|p1|Tornadus-Therian, M|\n|poke|p1|Ferrothorn, M|\n|poke|p1|Thundurus-Therian, M|\n|poke|p1|Clodsire, M|\n|poke|p2|Ursaluna, M|\n|poke|p2|Celesteela|\n|poke|p2|Thundurus-Therian, M|\n|poke|p2|Porygon2|\n|poke|p2|Sneasler, M|\n|poke|p2|Ninetales-Alola, F|\n|teampreview\n|\n|t:|1701136274\n|start\n|switch|p1a: Tornadus|Tornadus-Therian, M|100\/100\n|switch|p2a: Ninetales|Ninetales-Alola, F, shiny|100\/100\n|-weather|Snow|[from] ability: Snow Warning|[of] p2a: Ninetales\n|turn|1\n|inactive|Battle timer is ON: inactive players will automatically lose when time's up. (requested by shelmetbeta)\n|\n|t:|1701136301\n|move|p1a: Tornadus|Knock Off|p2a: Ninetales\n|-resisted|p2a: Ninetales\n|-damage|p2a: Ninetales|91\/100\n|-enditem|p2a: Ninetales|Light Clay|[from] move: Knock Off|[of] p1a: Tornadus\n|move|p2a: Ninetales|Aurora Veil|p2a: Ninetales\n|-sidestart|p2: mr Deuzp|move: Aurora Veil\n|\n|-weather|Snow|[upkeep]\n|upkeep\n|turn|2\n|\n|t:|1701136311\n|move|p1a: Tornadus|U-turn|p2a: Ninetales\n|-resisted|p2a: Ninetales\n|-damage|p2a: Ninetales|88\/100\n|\n|t:|1701136315\n|switch|p1a: Scizor|Scizor, M|100\/100|[from] U-turn\n|move|p2a: Ninetales|Blizzard|p1a: Scizor\n|-resisted|p1a: Scizor\n|-damage|p1a: Scizor|78\/100\n|\n|-weather|Snow|[upkeep]\n|upkeep\n|turn|3\n|\n|t:|1701136324\n|switch|p2a: Celesteela|Celesteela, shiny|100\/100\n|detailschange|p1a: Scizor|Scizor-Mega, M\n|-mega|p1a: Scizor|Scizor|Scizorite\n|move|p1a: Scizor|U-turn|p2a: Celesteela\n|-resisted|p2a: Celesteela\n|-damage|p2a: Celesteela|98\/100\n|\n|t:|1701136332\n|switch|p1a: Thundurus|Thundurus-Therian, M|100\/100|[from] U-turn\n|\n|-weather|Snow|[upkeep]\n|-heal|p2a: Celesteela|100\/100|[from] item: Leftovers\n|upkeep\n|turn|4\n|\n|t:|1701136337\n|move|p1a: Thundurus|Thunder|p2a: Celesteela\n|-supereffective|p2a: Celesteela\n|-damage|p2a: Celesteela|23\/100\n|-status|p2a: Celesteela|par\n|move|p2a: Celesteela|Leech Seed|p1a: Thundurus\n|-start|p1a: Thundurus|move: Leech Seed\n|\n|-weather|Snow|[upkeep]\n|-heal|p2a: Celesteela|29\/100 par|[from] item: Leftovers\n|-damage|p1a: Thundurus|88\/100|[from] Leech Seed|[of] p2a: Celesteela\n|-heal|p2a: Celesteela|38\/100 par|[silent]\n|upkeep\n|turn|5\n|\n|t:|1701136342\n|switch|p1a: Clodsire|Clodsire, M|100\/100\n|move|p2a: Celesteela|Protect||[still]\n|-fail|p2a: Celesteela\n|\n|-weather|none\n|-heal|p2a: Celesteela|44\/100 par|[from] item: Leftovers\n|-sideend|p2: mr Deuzp|move: Aurora Veil\n|upkeep\n|turn|6\n|\n|t:|1701136349\n|move|p2a: Celesteela|Leech Seed|p1a: Clodsire\n|-start|p1a: Clodsire|move: Leech Seed\n|move|p1a: Clodsire|Spikes|p2a: Celesteela\n|-sidestart|p2: mr Deuzp|Spikes\n|\n|-heal|p2a: Celesteela|50\/100 par|[from] item: Leftovers\n|-damage|p1a: Clodsire|88\/100|[from] Leech Seed|[of] p2a: Celesteela\n|-heal|p2a: Celesteela|65\/100 par|[silent]\n|upkeep\n|turn|7\n|\n|t:|1701136356\n|switch|p1a: Thundurus|Thundurus-Therian, M|88\/100\n|move|p2a: Celesteela|Air Slash|p1a: Thundurus\n|-resisted|p1a: Thundurus\n|-damage|p1a: Thundurus|69\/100\n|\n|-heal|p2a: Celesteela|71\/100 par|[from] item: Leftovers\n|upkeep\n|turn|8\n|\n|t:|1701136366\n|move|p2a: Celesteela|Protect|p2a: Celesteela\n|-singleturn|p2a: Celesteela|Protect\n|move|p1a: Thundurus|Hidden Power|p2a: Celesteela\n|-activate|p2a: Celesteela|move: Protect\n|\n|-heal|p2a: Celesteela|77\/100 par|[from] item: Leftovers\n|upkeep\n|turn|9\n|\n|t:|1701136372\n|switch|p1a: Ferrothorn|Ferrothorn, M|100\/100\n|cant|p2a: Celesteela|par\n|\n|-heal|p2a: Celesteela|83\/100 par|[from] item: Leftovers\n|upkeep\n|turn|10\n|\n|t:|1701136377\n|move|p2a: Celesteela|Flamethrower|p1a: Ferrothorn\n|-supereffective|p1a: Ferrothorn\n|-damage|p1a: Ferrothorn|43\/100\n|move|p1a: Ferrothorn|Stealth Rock|p2a: Celesteela\n|-sidestart|p2: mr Deuzp|move: Stealth Rock\n|\n|-heal|p2a: Celesteela|89\/100 par|[from] item: Leftovers\n|-heal|p1a: Ferrothorn|49\/100|[from] item: Leftovers\n|upkeep\n|turn|11\n|\n|t:|1701136382\n|switch|p1a: Clodsire|Clodsire, M|88\/100\n|move|p2a: Celesteela|Flamethrower|p1a: Clodsire\n|-damage|p1a: Clodsire|76\/100\n|\n|-heal|p2a: Celesteela|95\/100 par|[from] item: Leftovers\n|upkeep\n|turn|12\n|\n|t:|1701136386\n|move|p2a: Celesteela|Air Slash|p1a: Clodsire\n|-damage|p1a: Clodsire|62\/100\n|move|p1a: Clodsire|Spikes|p2a: Celesteela\n|-sidestart|p2: mr Deuzp|Spikes\n|\n|-heal|p2a: Celesteela|100\/100 par|[from] item: Leftovers\n|upkeep\n|turn|13\n|\n|t:|1701136391\n|switch|p1a: Thundurus|Thundurus-Therian, M|69\/100\n|move|p2a: Celesteela|Air Slash|p1a: Thundurus\n|-resisted|p1a: Thundurus\n|-damage|p1a: Thundurus|49\/100\n|\n|upkeep\n|turn|14\n|\n|t:|1701136397\n|-terastallize|p1a: Thundurus|Electric\n|move|p1a: Thundurus|Volt Switch|p2a: Celesteela\n|-supereffective|p2a: Celesteela\n|-damage|p2a: Celesteela|0 fnt\n|faint|p2a: Celesteela\n|\n|t:|1701136403\n|switch|p1a: Tornadus|Tornadus-Therian, M|100\/100|[from] Volt Switch\n|\n|upkeep\n|\n|t:|1701136407\n|switch|p2a: Ninetales|Ninetales-Alola, F, shiny|88\/100\n|-damage|p2a: Ninetales|72\/100|[from] Spikes\n|-damage|p2a: Ninetales|47\/100|[from] Stealth Rock\n|-weather|Snow|[from] ability: Snow Warning|[of] p2a: Ninetales\n|turn|15\n|\n|t:|1701136424\n|move|p1a: Tornadus|Hurricane|p2a: Ninetales\n|-damage|p2a: Ninetales|0 fnt\n|faint|p2a: Ninetales\n|\n|-weather|Snow|[upkeep]\n|upkeep\n|\n|t:|1701136429\n|switch|p2a: Thundurus|Thundurus-Therian, M, shiny|100\/100\n|-damage|p2a: Thundurus|76\/100|[from] Stealth Rock\n|turn|16\n|inactive|shelmetbeta has 120 seconds left.\n|\n|t:|1701136467\n|move|p1a: Tornadus|Knock Off|p2a: Thundurus\n|-damage|p2a: Thundurus|55\/100\n|move|p2a: Thundurus|Nasty Plot|p2a: Thundurus\n|-boost|p2a: Thundurus|spa|2\n|\n|-weather|Snow|[upkeep]\n|upkeep\n|turn|17\n|inactive|mr Deuzp has 120 seconds left.\n|\n|t:|1701136507\n|move|p1a: Tornadus|U-turn|p2a: Thundurus\n|-resisted|p2a: Thundurus\n|-damage|p2a: Thundurus|45\/100\n|inactive|shelmetbeta has 120 seconds left.\n|\n|t:|1701136529\n|switch|p1a: Clodsire|Clodsire, M|62\/100|[from] U-turn\n|move|p2a: Thundurus|Wildbolt Storm|p1a: Clodsire\n|-immune|p1a: Clodsire\n|\n|-weather|Snow|[upkeep]\n|upkeep\n|turn|18\n|\n|t:|1701136536\n|move|p2a: Thundurus|Psychic|p1a: Clodsire\n|-supereffective|p1a: Clodsire\n|-damage|p1a: Clodsire|29\/100\n|move|p1a: Clodsire|Recover|p1a: Clodsire\n|-heal|p1a: Clodsire|79\/100\n|\n|-weather|Snow|[upkeep]\n|upkeep\n|turn|19\n|\n|t:|1701136543\n|move|p2a: Thundurus|Psychic|p1a: Clodsire\n|-supereffective|p1a: Clodsire\n|-damage|p1a: Clodsire|45\/100\n|move|p1a: Clodsire|Toxic|p2a: Thundurus\n|-status|p2a: Thundurus|tox\n|\n|-weather|none\n|-damage|p2a: Thundurus|39\/100 tox|[from] psn\n|upkeep\n|turn|20\n|\n|t:|1701136553\n|move|p2a: Thundurus|Psychic|p1a: Clodsire\n|-supereffective|p1a: Clodsire\n|-damage|p1a: Clodsire|7\/100\n|move|p1a: Clodsire|Recover|p1a: Clodsire\n|-heal|p1a: Clodsire|57\/100\n|\n|-damage|p2a: Thundurus|27\/100 tox|[from] psn\n|upkeep\n|turn|21\n|\n|t:|1701136559\n|move|p2a: Thundurus|Nasty Plot|p2a: Thundurus\n|-boost|p2a: Thundurus|spa|2\n|move|p1a: Clodsire|Recover|p1a: Clodsire\n|-heal|p1a: Clodsire|100\/100\n|\n|-damage|p2a: Thundurus|9\/100 tox|[from] psn\n|upkeep\n|turn|22\n|\n|t:|1701136563\n|switch|p1a: Ferrothorn|Ferrothorn, M|49\/100\n|move|p2a: Thundurus|Psychic|p1a: Ferrothorn\n|-resisted|p1a: Ferrothorn\n|-damage|p1a: Ferrothorn|12\/100\n|\n|-heal|p1a: Ferrothorn|18\/100|[from] item: Leftovers\n|-damage|p2a: Thundurus|0 fnt|[from] psn\n|faint|p2a: Thundurus\n|upkeep\n|\n|t:|1701136577\n|switch|p2a: Sneasler|Sneasler, M, shiny|100\/100\n|-damage|p2a: Sneasler|84\/100|[from] Spikes\n|-damage|p2a: Sneasler|78\/100|[from] Stealth Rock\n|turn|23\n|\n|t:|1701136581\n|move|p2a: Sneasler|Close Combat|p1a: Ferrothorn\n|-supereffective|p1a: Ferrothorn\n|-damage|p1a: Ferrothorn|0 fnt\n|-unboost|p2a: Sneasler|def|1\n|-unboost|p2a: Sneasler|spd|1\n|-damage|p2a: Sneasler|66\/100|[from] ability: Iron Barbs|[of] p1a: Ferrothorn\n|faint|p1a: Ferrothorn\n|\n|upkeep\n|\n|t:|1701136584\n|switch|p1a: Scizor|Scizor-Mega, M|78\/100\n|turn|24\n|\n|t:|1701136587\n|move|p1a: Scizor|Bullet Punch|p2a: Sneasler\n|-damage|p2a: Sneasler|0 fnt\n|faint|p2a: Sneasler\n|\n|upkeep\n|\n|t:|1701136594\n|switch|p2a: Ursaluna|Ursaluna, M, shiny|100\/100\n|-damage|p2a: Ursaluna|84\/100|[from] Spikes\n|-damage|p2a: Ursaluna|78\/100|[from] Stealth Rock\n|turn|25\n|\n|t:|1701136607\n|move|p2a: Ursaluna|Protect|p2a: Ursaluna\n|-singleturn|p2a: Ursaluna|Protect\n|move|p1a: Scizor|Bullet Punch|p2a: Ursaluna\n|-activate|p2a: Ursaluna|move: Protect\n|\n|-status|p2a: Ursaluna|brn|[from] item: Flame Orb\n|upkeep\n|turn|26\n|\n|t:|1701136614\n|-terastallize|p2a: Ursaluna|Normal\n|move|p1a: Scizor|Bullet Punch|p2a: Ursaluna\n|-damage|p2a: Ursaluna|57\/100 brn\n|move|p2a: Ursaluna|Facade|p1a: Scizor\n|-resisted|p1a: Scizor\n|-damage|p1a: Scizor|21\/100\n|\n|-damage|p2a: Ursaluna|51\/100 brn|[from] brn\n|upkeep\n|turn|27\n|\n|t:|1701136620\n|move|p1a: Scizor|Bullet Punch|p2a: Ursaluna\n|-damage|p2a: Ursaluna|29\/100 brn\n|move|p2a: Ursaluna|Drain Punch|p1a: Scizor\n|-damage|p1a: Scizor|0 fnt\n|-heal|p2a: Ursaluna|37\/100 brn|[from] drain|[of] p1a: Scizor\n|faint|p1a: Scizor\n|\n|-damage|p2a: Ursaluna|31\/100 brn|[from] brn\n|upkeep\n|\n|t:|1701136627\n|switch|p1a: Thundurus|Thundurus-Therian, M, tera:Electric|49\/100\n|turn|28\n|\n|t:|1701136630\n|move|p2a: Ursaluna|Protect|p2a: Ursaluna\n|-singleturn|p2a: Ursaluna|Protect\n|move|p1a: Thundurus|Volt Switch|p2a: Ursaluna\n|-activate|p2a: Ursaluna|move: Protect\n|\n|-damage|p2a: Ursaluna|25\/100 brn|[from] brn\n|upkeep\n|turn|29\n|\n|t:|1701136636\n|move|p1a: Thundurus|Volt Switch|p2a: Ursaluna\n|-damage|p2a: Ursaluna|0 fnt\n|faint|p2a: Ursaluna\n|\n|t:|1701136640\n|switch|p1a: Clodsire|Clodsire, M|100\/100|[from] Volt Switch\n|\n|upkeep\n|\n|t:|1701136644\n|switch|p2a: Porygon2|Porygon2, shiny|100\/100\n|-damage|p2a: Porygon2|84\/100|[from] Spikes\n|-damage|p2a: Porygon2|72\/100|[from] Stealth Rock\n|-ability|p2a: Porygon2|Download|boost\n|-boost|p2a: Porygon2|atk|1\n|turn|30\n|\n|t:|1701136656\n|move|p1a: Clodsire|Toxic|p2a: Porygon2\n|-status|p2a: Porygon2|tox\n|move|p2a: Porygon2|Trick Room|p2a: Porygon2\n|-fieldstart|move: Trick Room|[of] p2a: Porygon2\n|\n|-damage|p2a: Porygon2|65\/100 tox|[from] psn\n|upkeep\n|turn|31\n|\n|t:|1701136659\n|move|p1a: Clodsire|Earthquake|p2a: Porygon2\n|-damage|p2a: Porygon2|46\/100 tox\n|move|p2a: Porygon2|Psychic|p1a: Clodsire\n|-supereffective|p1a: Clodsire\n|-damage|p1a: Clodsire|67\/100\n|\n|-damage|p2a: Porygon2|34\/100 tox|[from] psn\n|upkeep\n|turn|32\n|\n|t:|1701136663\n|move|p1a: Clodsire|Earthquake|p2a: Porygon2\n|-damage|p2a: Porygon2|15\/100 tox\n|move|p2a: Porygon2|Tri Attack|p1a: Clodsire\n|-damage|p1a: Clodsire|47\/100\n|-status|p1a: Clodsire|brn\n|\n|-damage|p2a: Porygon2|0 fnt|[from] psn\n|faint|p2a: Porygon2\n|\n|win|shelmetbeta\n|upkeep\n|raw|shelmetbeta's rating: 1327 &rarr; <strong>1343<\/strong><br \/>(+16 for winning)\n|raw|mr Deuzp's rating: 1265 &rarr; <strong>1244<\/strong><br \/>(-21 for losing)\n","uploadtime":1701136667,"views":1,"p1id":"shelmetbeta","p2id":"mrdeuzp","formatid":"gen9nationaldex","rating":1244,"private":0,"password":""}