{"id":"gen9nationaldex-1994481189","p1":"Lufano5","p2":"How To Beat Lance","format":"[Gen 9] National Dex","log":"|j|\u2606Lufano5\n|j|\u2606How To Beat Lance\n|t:|1700448929\n|gametype|singles\n|player|p1|Lufano5|102|1130\n|player|p2|How To Beat Lance|lance|1110\n|teamsize|p1|6\n|teamsize|p2|6\n|gen|9\n|tier|[Gen 9] National Dex\n|rated|\n|rule|HP Percentage Mod: HP is shown in percentages\n|rule|Endless Battle Clause: Forcing endless battles is banned\n|rule|OHKO Clause: OHKO moves are banned\n|rule|Evasion Clause: Evasion abilities, items, and moves are banned\n|rule|Evasion Abilities Clause: Evasion abilities are banned\n|rule|Evasion Items Clause: Evasion items are banned\n|rule|Evasion Moves Clause: Evasion moves are banned\n|rule|Species Clause: Limit one of each Pok\u00e9mon\n|rule|Sleep Clause Mod: Limit one foe put to sleep\n|clearpoke\n|poke|p1|Lopunny, M|\n|poke|p1|Orbeetle, M|\n|poke|p1|Serperior, F|\n|poke|p1|Volcanion|\n|poke|p1|Grimmsnarl, M|\n|poke|p1|Great Tusk|\n|poke|p2|Duraludon, M|\n|poke|p2|Kingdra, M|\n|poke|p2|Dragonite, M|\n|poke|p2|Noivern, M|\n|poke|p2|Garchomp, F|\n|poke|p2|Latios, M|\n|teampreview\n|c|\u2606How To Beat Lance|glhf\n|\n|t:|1700448943\n|start\n|switch|p1a: Orbeetle|Orbeetle, M|100\/100\n|switch|p2a: Kingdra|Kingdra, M, shiny|100\/100\n|-item|p2a: Kingdra|Life Orb|[from] ability: Frisk|[of] p1a: Orbeetle|[identify]\n|turn|1\n|\n|t:|1700448952\n|move|p1a: Orbeetle|Trick|p2a: Kingdra\n|-activate|p1a: Orbeetle|move: Trick|[of] p2a: Kingdra\n|-item|p2a: Kingdra|Choice Scarf|[from] move: Trick\n|-item|p1a: Orbeetle|Life Orb|[from] move: Trick\n|move|p2a: Kingdra|Rain Dance|p2a: Kingdra\n|-weather|RainDance\n|\n|-weather|RainDance|[upkeep]\n|upkeep\n|turn|2\n|\n|t:|1700448962\n|switch|p2a: Duraludon|Duraludon, M, shiny|100\/100\n|move|p1a: Orbeetle|Sticky Web|p2a: Duraludon\n|-sidestart|p2: How To Beat Lance|move: Sticky Web\n|\n|-weather|RainDance|[upkeep]\n|upkeep\n|turn|3\n|\n|t:|1700448973\n|move|p1a: Orbeetle|Confuse Ray|p2a: Duraludon\n|-start|p2a: Duraludon|confusion\n|-activate|p2a: Duraludon|confusion\n|move|p2a: Duraludon|Stealth Rock|p1a: Orbeetle\n|-sidestart|p1: Lufano5|move: Stealth Rock\n|\n|-weather|RainDance|[upkeep]\n|upkeep\n|turn|4\n|\n|t:|1700448981\n|move|p1a: Orbeetle|Future Sight|p2a: Duraludon\n|-start|p1a: Orbeetle|move: Future Sight\n|-activate|p2a: Duraludon|confusion\n|move|p2a: Duraludon|Dark Pulse|p1a: Orbeetle\n|-supereffective|p1a: Orbeetle\n|-damage|p1a: Orbeetle|55\/100\n|\n|-weather|RainDance|[upkeep]\n|upkeep\n|turn|5\n|c|\u2606How To Beat Lance|nice set\n|\n|t:|1700448993\n|switch|p1a: Great Tusk|Great Tusk|100\/100\n|-damage|p1a: Great Tusk|97\/100|[from] Stealth Rock\n|-item|p1a: Great Tusk|Air Balloon\n|-activate|p2a: Duraludon|confusion\n|-damage|p2a: Duraludon|95\/100|[from] confusion\n|\n|-weather|none\n|upkeep\n|turn|6\n|\n|t:|1700449004\n|move|p1a: Great Tusk|Rapid Spin|p2a: Duraludon\n|-resisted|p2a: Duraludon\n|-crit|p2a: Duraludon\n|-damage|p2a: Duraludon|83\/100\n|-boost|p1a: Great Tusk|spe|1\n|-damage|p1a: Great Tusk|81\/100|[from] item: Rocky Helmet|[of] p2a: Duraludon\n|-sideend|p1: Lufano5|Stealth Rock|[from] move: Rapid Spin|[of] p1a: Great Tusk\n|-end|p2a: Duraludon|confusion\n|move|p2a: Duraludon|Flash Cannon|p1a: Great Tusk\n|-damage|p1a: Great Tusk|30\/100\n|-enditem|p1a: Great Tusk|Air Balloon\n|\n|-end|p2a: Duraludon|move: Future Sight\n|-resisted|p2a: Duraludon\n|-damage|p2a: Duraludon|62\/100\n|upkeep\n|turn|7\n|c|\u2606How To Beat Lance|air balloon?\n|\n|t:|1700449021\n|move|p1a: Great Tusk|Headlong Rush|p2a: Duraludon\n|-supereffective|p2a: Duraludon\n|-damage|p2a: Duraludon|0 fnt\n|-unboost|p1a: Great Tusk|def|1\n|-unboost|p1a: Great Tusk|spd|1\n|-damage|p1a: Great Tusk|13\/100|[from] item: Rocky Helmet|[of] p2a: Duraludon\n|faint|p2a: Duraludon\n|\n|upkeep\n|\n|t:|1700449042\n|switch|p2a: Noivern|Noivern, M|100\/100\n|turn|8\n|\n|t:|1700449051\n|move|p2a: Noivern|Draco Meteor|p1a: Great Tusk\n|-damage|p1a: Great Tusk|0 fnt\n|-unboost|p2a: Noivern|spa|2\n|faint|p1a: Great Tusk\n|-end|p1a: Great Tusk|Protosynthesis|[silent]\n|\n|upkeep\n|\n|t:|1700449067\n|switch|p1a: Grimmsnarl|Grimmsnarl, M|100\/100\n|turn|9\n|\n|t:|1700449089\n|move|p1a: Grimmsnarl|Fake Out|p2a: Noivern\n|-damage|p2a: Noivern|85\/100\n|cant|p2a: Noivern|flinch\n|\n|upkeep\n|turn|10\n|\n|t:|1700449097\n|move|p1a: Grimmsnarl|Light Screen|p1a: Grimmsnarl\n|-sidestart|p1: Lufano5|move: Light Screen\n|move|p2a: Noivern|Taunt|p1a: Grimmsnarl\n|-start|p1a: Grimmsnarl|move: Taunt\n|\n|upkeep\n|turn|11\n|\n|t:|1700449114\n|switch|p1a: Lopunny|Lopunny, M|100\/100\n|move|p2a: Noivern|Defog|p1a: Lopunny\n|-unboost|p1a: Lopunny|evasion|1\n|-sideend|p1: Lufano5|move: Light Screen\n|-sideend|p2: How To Beat Lance|Sticky Web|[from] move: Defog|[of] p2a: Noivern\n|\n|upkeep\n|turn|12\n|\n|t:|1700449139\n|detailschange|p1a: Lopunny|Lopunny-Mega, M\n|-mega|p1a: Lopunny|Lopunny|Lopunnite\n|move|p1a: Lopunny|Power-Up Punch|p2a: Noivern\n|-resisted|p2a: Noivern\n|-damage|p2a: Noivern|70\/100\n|-boost|p1a: Lopunny|atk|1\n|move|p2a: Noivern|U-turn|p1a: Lopunny\n|-resisted|p1a: Lopunny\n|-damage|p1a: Lopunny|93\/100\n|\n|t:|1700449172\n|switch|p2a: Dragonite|Dragonite, M|100\/100|[from] U-turn\n|\n|upkeep\n|turn|13\n|\n|t:|1700449194\n|move|p1a: Lopunny|Ice Punch|p2a: Dragonite\n|-supereffective|p2a: Dragonite\n|-damage|p2a: Dragonite|16\/100\n|-status|p2a: Dragonite|frz\n|-enditem|p2a: Dragonite|Weakness Policy\n|-boost|p2a: Dragonite|atk|2|[from] item: Weakness Policy\n|-boost|p2a: Dragonite|spa|2|[from] item: Weakness Policy\n|cant|p2a: Dragonite|frz\n|\n|upkeep\n|turn|14\n|c|\u2606How To Beat Lance|bro\n|c|\u2606How To Beat Lance|are\n|c|\u2606How To Beat Lance|kidding\n|\n|t:|1700449231\n|cant|p2a: Dragonite|frz\n|move|p1a: Lopunny|Power-Up Punch|p2a: Dragonite\n|-resisted|p2a: Dragonite\n|-damage|p2a: Dragonite|0 fnt\n|-boost|p1a: Lopunny|atk|1\n|faint|p2a: Dragonite\n|\n|upkeep\n|j| ndsnez haxer\n|l| ndsnez haxer\n|\n|t:|1700449258\n|switch|p2a: Kingdra|Kingdra, M, shiny|100\/100\n|turn|15\n|\n|t:|1700449264\n|move|p1a: Lopunny|Ice Punch|p2a: Kingdra\n|-damage|p2a: Kingdra|33\/100\n|move|p2a: Kingdra|Draco Meteor|p1a: Lopunny\n|-damage|p1a: Lopunny|15\/100\n|-unboost|p2a: Kingdra|spa|2\n|\n|upkeep\n|turn|16\n|\n|t:|1700449273\n|move|p1a: Lopunny|Drain Punch|p2a: Kingdra\n|-damage|p2a: Kingdra|0 fnt\n|-heal|p1a: Lopunny|32\/100|[from] drain|[of] p2a: Kingdra\n|faint|p2a: Kingdra\n|\n|upkeep\n|j| prince5\n|\n|t:|1700449279\n|switch|p2a: Latios|Latios, M|100\/100\n|turn|17\n|\n|t:|1700449288\n|-terastallize|p2a: Latios|Dragon\n|move|p1a: Lopunny|Return|p2a: Latios\n|-damage|p2a: Latios|0 fnt\n|faint|p2a: Latios\n|\n|upkeep\n|c|\u2606How To Beat Lance|gg man\n|c|\u2606How To Beat Lance|i didnt click tera\n|c|\u2606Lufano5|Gg\n|c|\u2606How To Beat Lance|but ok\n|\n|t:|1700449305\n|switch|p2a: Garchomp|Garchomp, F|100\/100\n|turn|18\n|c|\u2606How To Beat Lance|the freeze though\n|\n|t:|1700449317\n|detailschange|p2a: Garchomp|Garchomp-Mega, F\n|-mega|p2a: Garchomp|Garchomp|Garchompite\n|move|p1a: Lopunny|Ice Punch|p2a: Garchomp\n|-supereffective|p2a: Garchomp\n|-damage|p2a: Garchomp|0 fnt\n|faint|p2a: Garchomp\n|\n|upkeep\n|c|\u2606Lufano5|:)\n|\n|t:|1700449329\n|switch|p2a: Noivern|Noivern, M|70\/100\n|turn|19\n|c|\u2606Lufano5|The best mega\n|\n|t:|1700449340\n|move|p1a: Lopunny|Ice Punch|p2a: Noivern\n|-supereffective|p2a: Noivern\n|-damage|p2a: Noivern|0 fnt\n|faint|p2a: Noivern\n|\n|win|Lufano5\n|raw|Lufano5's rating: 1130 &rarr; <strong>1154<\/strong><br \/>(+24 for winning)\n|raw|How To Beat Lance's rating: 1110 &rarr; <strong>1086<\/strong><br \/>(-24 for losing)\n|c|\u2606How To Beat Lance|just powerfull\n|c|\u2606Lufano5|Glhf\n|c|\u2606How To Beat Lance|ok\n|c|\u2606How To Beat Lance|cya\n|c|\u2606Lufano5|Cya\n|l|\u2606How To Beat Lance\n","uploadtime":1700449374,"views":5,"p1id":"lufano5","p2id":"howtobeatlance","formatid":"gen9nationaldex","rating":1086,"private":0,"password":""}