{"id":"gen9nationaldex-1997272201","p1":"shengxingyu","p2":"Meb78910","format":"[Gen 9] National Dex","log":"|html|<div class=\"broadcast-blue\"><strong>[Gen 9] National Dex is currently suspecting Sneasler! For information on how to participate check out the <a href=\"https:\/\/www.smogon.com\/forums\/threads\/sv-national-dex-suspect-8-just-dance.3731534\/\">suspect thread<\/a>.<\/strong><\/div>\n|j|\u2606shengxingyu\n|j|\u2606Meb78910\n|t:|1700783040\n|gametype|singles\n|player|p1|shengxingyu|101|1131\n|player|p2|Meb78910|170|1109\n|teamsize|p1|6\n|teamsize|p2|6\n|gen|9\n|tier|[Gen 9] National Dex\n|rated|\n|rule|HP Percentage Mod: HP is shown in percentages\n|rule|Endless Battle Clause: Forcing endless battles is banned\n|rule|OHKO Clause: OHKO moves are banned\n|rule|Evasion Clause: Evasion abilities, items, and moves are banned\n|rule|Evasion Abilities Clause: Evasion abilities are banned\n|rule|Evasion Items Clause: Evasion items are banned\n|rule|Evasion Moves Clause: Evasion moves are banned\n|rule|Species Clause: Limit one of each Pok\u00e9mon\n|rule|Sleep Clause Mod: Limit one foe put to sleep\n|clearpoke\n|poke|p1|Charizard, M|\n|poke|p1|Gliscor, F|\n|poke|p1|Greninja-*, M|\n|poke|p1|Tapu Koko|\n|poke|p1|Hippowdon, M|\n|poke|p1|Dragonite, F|\n|poke|p2|Venusaur, M|\n|poke|p2|Arcanine-Hisui, M|\n|poke|p2|Ninetales-Alola, F|\n|poke|p2|Skarmory, M|\n|poke|p2|Starmie|\n|poke|p2|Togekiss, M|\n|teampreview\n|\n|t:|1700783048\n|start\n|switch|p1a: Greninja|Greninja, M|100\/100\n|switch|p2a: Ninetales|Ninetales-Alola, F|100\/100\n|-weather|Snow|[from] ability: Snow Warning|[of] p2a: Ninetales\n|turn|1\n|\n|t:|1700783059\n|move|p2a: Ninetales|Aurora Veil|p2a: Ninetales\n|-sidestart|p2: Meb78910|move: Aurora Veil\n|move|p1a: Greninja|U-turn|p2a: Ninetales\n|-resisted|p2a: Ninetales\n|-damage|p2a: Ninetales|96\/100\n|-damage|p1a: Greninja|91\/100|[from] item: Life Orb\n|\n|t:|1700783065\n|switch|p1a: Charizard|Charizard, M|100\/100|[from] U-turn\n|\n|-weather|Snow|[upkeep]\n|upkeep\n|turn|2\n|\n|t:|1700783083\n|detailschange|p1a: Charizard|Charizard-Mega-X, M\n|-mega|p1a: Charizard|Charizard|Charizardite X\n|move|p2a: Ninetales|Blizzard|p1a: Charizard\n|-damage|p1a: Charizard|41\/100\n|move|p1a: Charizard|Earthquake|p2a: Ninetales\n|-damage|p2a: Ninetales|82\/100\n|\n|-weather|Snow|[upkeep]\n|upkeep\n|turn|3\n|\n|t:|1700783098\n|switch|p1a: Hippowdon|Hippowdon, M|100\/100\n|-weather|Sandstorm|[from] ability: Sand Stream|[of] p1a: Hippowdon\n|move|p2a: Ninetales|Blizzard|p1a: Hippowdon\n|-supereffective|p1a: Hippowdon\n|-damage|p1a: Hippowdon|11\/100\n|\n|-weather|Sandstorm|[upkeep]\n|-damage|p2a: Ninetales|76\/100|[from] Sandstorm\n|-heal|p1a: Hippowdon|18\/100|[from] item: Leftovers\n|upkeep\n|turn|4\n|\n|t:|1700783115\n|move|p2a: Ninetales|Blizzard|p1a: Hippowdon|[miss]\n|-miss|p2a: Ninetales|p1a: Hippowdon\n|move|p1a: Hippowdon|Toxic|p2a: Ninetales\n|-status|p2a: Ninetales|tox\n|\n|-weather|Sandstorm|[upkeep]\n|-damage|p2a: Ninetales|70\/100 tox|[from] Sandstorm\n|-heal|p1a: Hippowdon|24\/100|[from] item: Leftovers\n|-damage|p2a: Ninetales|63\/100 tox|[from] psn\n|upkeep\n|turn|5\n|\n|t:|1700783126\n|move|p2a: Ninetales|Blizzard|p1a: Hippowdon\n|-supereffective|p1a: Hippowdon\n|-damage|p1a: Hippowdon|0 fnt\n|faint|p1a: Hippowdon\n|\n|-weather|Sandstorm|[upkeep]\n|-damage|p2a: Ninetales|57\/100 tox|[from] Sandstorm\n|-damage|p2a: Ninetales|45\/100 tox|[from] psn\n|upkeep\n|\n|t:|1700783134\n|switch|p1a: Gliscor|Gliscor, F|100\/100\n|turn|6\n|\n|t:|1700783138\n|move|p1a: Gliscor|Protect|p1a: Gliscor\n|-singleturn|p1a: Gliscor|Protect\n|move|p2a: Ninetales|Blizzard|p1a: Gliscor\n|-activate|p1a: Gliscor|move: Protect\n|\n|-weather|Sandstorm|[upkeep]\n|-damage|p2a: Ninetales|38\/100 tox|[from] Sandstorm\n|-damage|p2a: Ninetales|20\/100 tox|[from] psn\n|-status|p1a: Gliscor|tox|[from] item: Toxic Orb\n|upkeep\n|turn|7\n|\n|t:|1700783151\n|switch|p1a: Charizard|Charizard-Mega-X, M|41\/100\n|move|p2a: Ninetales|Blizzard|p1a: Charizard\n|-damage|p1a: Charizard|0 fnt\n|faint|p1a: Charizard\n|\n|-weather|none\n|-damage|p2a: Ninetales|0 fnt|[from] psn\n|faint|p2a: Ninetales\n|upkeep\n|\n|t:|1700783177\n|switch|p2a: Togekiss|Togekiss, M|100\/100\n|switch|p1a: Tapu Koko|Tapu Koko|100\/100\n|-fieldstart|move: Electric Terrain|[from] ability: Electric Surge|[of] p1a: Tapu Koko\n|turn|8\n|\n|t:|1700783189\n|switch|p2a: Arcanine|Arcanine-Hisui, M|100\/100\n|move|p1a: Tapu Koko|Iron Head|p2a: Arcanine\n|-damage|p2a: Arcanine|90\/100\n|\n|-sideend|p2: Meb78910|move: Aurora Veil\n|upkeep\n|turn|9\n|\n|t:|1700783204\n|move|p1a: Tapu Koko|Roost||[still]\n|-fail|p1a: Tapu Koko|heal\n|move|p2a: Arcanine|Flare Blitz|p1a: Tapu Koko\n|-damage|p1a: Tapu Koko|10\/100\n|\n|upkeep\n|turn|10\n|\n|t:|1700783211\n|move|p1a: Tapu Koko|Roost|p1a: Tapu Koko\n|-heal|p1a: Tapu Koko|60\/100\n|-singleturn|p1a: Tapu Koko|move: Roost\n|move|p2a: Arcanine|Flare Blitz|p1a: Tapu Koko\n|-damage|p1a: Tapu Koko|0 fnt\n|faint|p1a: Tapu Koko\n|\n|upkeep\n|\n|t:|1700783215\n|switch|p1a: Gliscor|Gliscor, F|100\/100 tox\n|turn|11\n|\n|t:|1700783230\n|move|p2a: Arcanine|Flare Blitz|p1a: Gliscor\n|-damage|p1a: Gliscor|43\/100 tox\n|move|p1a: Gliscor|Toxic|p2a: Arcanine\n|-status|p2a: Arcanine|tox\n|\n|-damage|p2a: Arcanine|84\/100 tox|[from] psn\n|-heal|p1a: Gliscor|55\/100 tox|[from] ability: Poison Heal\n|upkeep\n|turn|12\n|\n|t:|1700783239\n|move|p1a: Gliscor|Protect|p1a: Gliscor\n|-singleturn|p1a: Gliscor|Protect\n|move|p2a: Arcanine|Flare Blitz|p1a: Gliscor\n|-activate|p1a: Gliscor|move: Protect\n|\n|-damage|p2a: Arcanine|72\/100 tox|[from] psn\n|-heal|p1a: Gliscor|68\/100 tox|[from] ability: Poison Heal\n|-fieldend|move: Electric Terrain\n|upkeep\n|turn|13\n|\n|t:|1700783252\n|move|p1a: Gliscor|Protect|p1a: Gliscor\n|-singleturn|p1a: Gliscor|Protect\n|move|p2a: Arcanine|Flare Blitz|p1a: Gliscor\n|-activate|p1a: Gliscor|move: Protect\n|\n|-damage|p2a: Arcanine|54\/100 tox|[from] psn\n|-heal|p1a: Gliscor|80\/100 tox|[from] ability: Poison Heal\n|upkeep\n|turn|14\n|\n|t:|1700783262\n|move|p2a: Arcanine|Flare Blitz|p1a: Gliscor\n|-damage|p1a: Gliscor|18\/100 tox\n|move|p1a: Gliscor|Earthquake|p2a: Arcanine\n|-supereffective|p2a: Arcanine\n|-damage|p2a: Arcanine|0 fnt\n|faint|p2a: Arcanine\n|\n|-heal|p1a: Gliscor|30\/100 tox|[from] ability: Poison Heal\n|upkeep\n|\n|t:|1700783278\n|switch|p2a: Starmie|Starmie|100\/100\n|turn|15\n|\n|t:|1700783289\n|-terastallize|p2a: Starmie|Ice\n|move|p1a: Gliscor|Protect|p1a: Gliscor\n|-singleturn|p1a: Gliscor|Protect\n|move|p2a: Starmie|Ice Beam|p1a: Gliscor\n|-activate|p1a: Gliscor|move: Protect\n|\n|-heal|p1a: Gliscor|43\/100 tox|[from] ability: Poison Heal\n|upkeep\n|turn|16\n|\n|t:|1700783305\n|move|p2a: Starmie|Ice Beam|p1a: Gliscor\n|-supereffective|p1a: Gliscor\n|-damage|p1a: Gliscor|0 fnt\n|faint|p1a: Gliscor\n|\n|upkeep\n|\n|t:|1700783314\n|switch|p1a: Greninja|Greninja, M|91\/100\n|turn|17\n|\n|t:|1700783325\n|move|p1a: Greninja|Swords Dance|p1a: Greninja\n|-boost|p1a: Greninja|atk|2\n|move|p2a: Starmie|Psychic|p1a: Greninja\n|-immune|p1a: Greninja\n|\n|upkeep\n|turn|18\n|\n|t:|1700783336\n|switch|p2a: Skarmory|Skarmory, M|100\/100\n|move|p1a: Greninja|Water Shuriken|p2a: Skarmory\n|-damage|p2a: Skarmory|87\/100\n|-damage|p2a: Skarmory|76\/100\n|-damage|p2a: Skarmory|62\/100\n|-hitcount|p2a: Skarmory|3\n|-damage|p1a: Greninja|81\/100|[from] item: Life Orb\n|\n|upkeep\n|turn|19\n|\n|t:|1700783346\n|move|p1a: Greninja|Hydro Pump|p2a: Skarmory\n|-damage|p2a: Skarmory|0 fnt\n|faint|p2a: Skarmory\n|-ability|p1a: Greninja|Battle Bond|boost\n|-boost|p1a: Greninja|atk|1\n|-boost|p1a: Greninja|spa|1\n|-boost|p1a: Greninja|spe|1\n|-activate|p1a: Greninja|ability: Battle Bond\n|-damage|p1a: Greninja|71\/100|[from] item: Life Orb\n|\n|upkeep\n|\n|t:|1700783358\n|switch|p2a: Venusaur|Venusaur, M|100\/100\n|turn|20\n|\n|t:|1700783376\n|detailschange|p2a: Venusaur|Venusaur-Mega, M\n|-mega|p2a: Venusaur|Venusaur|Venusaurite\n|-terastallize|p1a: Greninja|Water\n|move|p1a: Greninja|Hydro Pump|p2a: Venusaur\n|-resisted|p2a: Venusaur\n|-damage|p2a: Venusaur|48\/100\n|-damage|p1a: Greninja|61\/100|[from] item: Life Orb\n|move|p2a: Venusaur|Giga Drain|p1a: Greninja\n|-supereffective|p1a: Greninja\n|-damage|p1a: Greninja|0 fnt\n|-heal|p2a: Venusaur|74\/100|[from] drain|[of] p1a: Greninja\n|faint|p1a: Greninja\n|\n|upkeep\n|\n|t:|1700783387\n|switch|p1a: Dragonite|Dragonite, F|100\/100\n|turn|21\n|\n|t:|1700783396\n|move|p1a: Dragonite|Thunder Wave|p2a: Venusaur\n|-status|p2a: Venusaur|par\n|move|p2a: Venusaur|Giga Drain|p1a: Dragonite\n|-resisted|p1a: Dragonite\n|-damage|p1a: Dragonite|96\/100\n|-heal|p2a: Venusaur|76\/100 par|[from] drain|[of] p1a: Dragonite\n|\n|upkeep\n|turn|22\n|\n|t:|1700783409\n|move|p1a: Dragonite|Dragon Dance|p1a: Dragonite\n|-boost|p1a: Dragonite|atk|1\n|-boost|p1a: Dragonite|spe|1\n|cant|p2a: Venusaur|par\n|\n|upkeep\n|turn|23\n|\n|t:|1700783417\n|move|p1a: Dragonite|Dragon Dance|p1a: Dragonite\n|-boost|p1a: Dragonite|atk|1\n|-boost|p1a: Dragonite|spe|1\n|move|p2a: Venusaur|Sludge Bomb|p1a: Dragonite\n|-damage|p1a: Dragonite|50\/100\n|-status|p1a: Dragonite|psn\n|\n|-damage|p1a: Dragonite|38\/100 psn|[from] psn\n|upkeep\n|turn|24\n|\n|t:|1700783428\n|move|p1a: Dragonite|Roost|p1a: Dragonite\n|-heal|p1a: Dragonite|88\/100 psn\n|-singleturn|p1a: Dragonite|move: Roost\n|move|p2a: Venusaur|Sludge Bomb|p1a: Dragonite\n|-damage|p1a: Dragonite|46\/100 psn\n|\n|-damage|p1a: Dragonite|34\/100 psn|[from] psn\n|upkeep\n|turn|25\n|\n|t:|1700783439\n|move|p1a: Dragonite|Roost|p1a: Dragonite\n|-heal|p1a: Dragonite|84\/100 psn\n|-singleturn|p1a: Dragonite|move: Roost\n|move|p2a: Venusaur|Sludge Bomb|p1a: Dragonite\n|-damage|p1a: Dragonite|38\/100 psn\n|\n|-damage|p1a: Dragonite|25\/100 psn|[from] psn\n|upkeep\n|turn|26\n|\n|t:|1700783448\n|move|p1a: Dragonite|Roost|p1a: Dragonite\n|-heal|p1a: Dragonite|75\/100 psn\n|-singleturn|p1a: Dragonite|move: Roost\n|move|p2a: Venusaur|Sludge Bomb|p1a: Dragonite\n|-damage|p1a: Dragonite|30\/100 psn\n|\n|-damage|p1a: Dragonite|18\/100 psn|[from] psn\n|upkeep\n|turn|27\n|\n|t:|1700783459\n|move|p1a: Dragonite|Roost|p1a: Dragonite\n|-heal|p1a: Dragonite|68\/100 psn\n|-singleturn|p1a: Dragonite|move: Roost\n|move|p2a: Venusaur|Sludge Bomb|p1a: Dragonite\n|-damage|p1a: Dragonite|23\/100 psn\n|\n|-damage|p1a: Dragonite|11\/100 psn|[from] psn\n|upkeep\n|turn|28\n|\n|t:|1700783470\n|move|p1a: Dragonite|Roost|p1a: Dragonite\n|-heal|p1a: Dragonite|61\/100 psn\n|-singleturn|p1a: Dragonite|move: Roost\n|move|p2a: Venusaur|Sludge Bomb|p1a: Dragonite\n|-damage|p1a: Dragonite|15\/100 psn\n|\n|-damage|p1a: Dragonite|3\/100 psn|[from] psn\n|upkeep\n|turn|29\n|\n|t:|1700783480\n|move|p1a: Dragonite|Roost|p1a: Dragonite\n|-heal|p1a: Dragonite|53\/100 psn\n|-singleturn|p1a: Dragonite|move: Roost\n|move|p2a: Venusaur|Sludge Bomb|p1a: Dragonite\n|-damage|p1a: Dragonite|8\/100 psn\n|\n|-damage|p1a: Dragonite|0 fnt|[from] psn\n|faint|p1a: Dragonite\n|\n|win|Meb78910\n|upkeep\n|raw|shengxingyu's rating: 1131 &rarr; <strong>1104<\/strong><br \/>(-27 for losing)\n|raw|Meb78910's rating: 1109 &rarr; <strong>1136<\/strong><br \/>(+27 for winning)\n|l|\u2606shengxingyu\n","uploadtime":1700783496,"views":24,"p1id":"shengxingyu","p2id":"meb78910","formatid":"gen9nationaldex","rating":1104,"private":0,"password":""}