{"id":"gen9nationaldex-1990874586","p1":"Hi my name is Goku","p2":"xiaowozhang","format":"[Gen 9] National Dex","log":"|j|\u2606Hi my name is Goku\n|j|\u2606xiaowozhang\n|t:|1700010124\n|gametype|singles\n|player|p1|Hi my name is Goku|blackbelt-gen4dp|1391\n|player|p2|xiaowozhang|1|1416\n|teamsize|p1|6\n|teamsize|p2|6\n|gen|9\n|tier|[Gen 9] National Dex\n|rated|\n|rule|HP Percentage Mod: HP is shown in percentages\n|rule|Endless Battle Clause: Forcing endless battles is banned\n|rule|OHKO Clause: OHKO moves are banned\n|rule|Evasion Clause: Evasion abilities, items, and moves are banned\n|rule|Evasion Abilities Clause: Evasion abilities are banned\n|rule|Evasion Items Clause: Evasion items are banned\n|rule|Evasion Moves Clause: Evasion moves are banned\n|rule|Species Clause: Limit one of each Pok\u00e9mon\n|rule|Sleep Clause Mod: Limit one foe put to sleep\n|clearpoke\n|poke|p1|Garchomp, M|\n|poke|p1|Kommo-o, M|\n|poke|p1|Goodra-Hisui, M|\n|poke|p1|Salamence, M|\n|poke|p1|Dipplin, M|\n|poke|p1|Kyurem|\n|poke|p2|Great Tusk|\n|poke|p2|Iron Valiant|\n|poke|p2|Ogerpon-Wellspring, F|\n|poke|p2|Rillaboom, M|\n|poke|p2|Charizard, F|\n|poke|p2|Sneasler, M|\n|teampreview\n|inactive|Battle timer is ON: inactive players will automatically lose when time's up. (requested by xiaowozhang)\n|\n|t:|1700010134\n|start\n|switch|p1a: Boeing 777|Garchomp, M, shiny|100\/100\n|switch|p2a: Charizard|Charizard, F|100\/100\n|turn|1\n|\n|t:|1700010141\n|detailschange|p2a: Charizard|Charizard-Mega-X, F\n|-mega|p2a: Charizard|Charizard|Charizardite X\n|move|p1a: Boeing 777|Stealth Rock|p2a: Charizard\n|-sidestart|p2: xiaowozhang|move: Stealth Rock\n|move|p2a: Charizard|Dragon Dance|p2a: Charizard\n|-boost|p2a: Charizard|atk|1\n|-boost|p2a: Charizard|spe|1\n|\n|upkeep\n|turn|2\n|\n|t:|1700010147\n|move|p2a: Charizard|Dragon Claw|p1a: Boeing 777\n|-supereffective|p1a: Boeing 777\n|-damage|p1a: Boeing 777|0 fnt\n|-damage|p2a: Charizard|88\/100|[from] ability: Rough Skin|[of] p1a: Boeing 777\n|-damage|p2a: Charizard|72\/100|[from] item: Rocky Helmet|[of] p1a: Boeing 777\n|faint|p1a: Boeing 777\n|\n|upkeep\n|\n|t:|1700010157\n|switch|p1a: Big tail|Goodra-Hisui, M, shiny|100\/100\n|turn|3\n|\n|t:|1700010162\n|move|p2a: Charizard|Flare Blitz|p1a: Big tail\n|-damage|p1a: Big tail|0 fnt\n|faint|p1a: Big tail\n|-damage|p2a: Charizard|31\/100|[from] Recoil\n|\n|upkeep\n|\n|t:|1700010170\n|switch|p1a: Swiffer Jet|Kommo-o, M, shiny|100\/100\n|turn|4\n|\n|t:|1700010173\n|move|p2a: Charizard|Dragon Claw|p1a: Swiffer Jet\n|-supereffective|p1a: Swiffer Jet\n|-damage|p1a: Swiffer Jet|0 fnt\n|faint|p1a: Swiffer Jet\n|\n|upkeep\n|\n|t:|1700010175\n|switch|p1a: Dripplin Gapple|Dipplin, M, shiny|100\/100\n|turn|5\n|\n|t:|1700010179\n|-terastallize|p1a: Dripplin Gapple|Poison\n|move|p2a: Charizard|Dragon Claw|p1a: Dripplin Gapple\n|-damage|p1a: Dripplin Gapple|68\/100\n|move|p1a: Dripplin Gapple|Dragon Tail|p2a: Charizard\n|-supereffective|p2a: Charizard\n|-damage|p2a: Charizard|0 fnt\n|faint|p2a: Charizard\n|\n|upkeep\n|\n|t:|1700010190\n|switch|p2a: Great Tusk|Great Tusk|100\/100\n|-damage|p2a: Great Tusk|98\/100|[from] Stealth Rock\n|turn|6\n|\n|t:|1700010194\n|move|p2a: Great Tusk|Rapid Spin|p1a: Dripplin Gapple\n|-damage|p1a: Dripplin Gapple|60\/100\n|-boost|p2a: Great Tusk|spe|1\n|-sideend|p2: xiaowozhang|Stealth Rock|[from] move: Rapid Spin|[of] p2a: Great Tusk\n|move|p1a: Dripplin Gapple|Giga Drain|p2a: Great Tusk\n|-supereffective|p2a: Great Tusk\n|-damage|p2a: Great Tusk|18\/100\n|-heal|p1a: Dripplin Gapple|99\/100|[from] drain|[of] p2a: Great Tusk\n|\n|upkeep\n|turn|7\n|\n|t:|1700010205\n|-zpower|p2a: Great Tusk\n|move|p2a: Great Tusk|Subzero Slammer|p1a: Dripplin Gapple|[zeffect]\n|-damage|p1a: Dripplin Gapple|77\/100\n|move|p1a: Dripplin Gapple|Giga Drain|p2a: Great Tusk\n|-supereffective|p2a: Great Tusk\n|-damage|p2a: Great Tusk|0 fnt\n|-heal|p1a: Dripplin Gapple|86\/100|[from] drain|[of] p2a: Great Tusk\n|faint|p2a: Great Tusk\n|-end|p2a: Great Tusk|Protosynthesis|[silent]\n|\n|upkeep\n|\n|t:|1700010221\n|switch|p2a: Iron Valiant|Iron Valiant|100\/100\n|turn|8\n|\n|t:|1700010225\n|move|p2a: Iron Valiant|Psyshock|p1a: Dripplin Gapple\n|-supereffective|p1a: Dripplin Gapple\n|-damage|p1a: Dripplin Gapple|63\/100\n|move|p1a: Dripplin Gapple|Tera Blast|p2a: Iron Valiant|[anim] Tera Blast Poison\n|-supereffective|p2a: Iron Valiant\n|-damage|p2a: Iron Valiant|3\/100\n|\n|upkeep\n|turn|9\n|\n|t:|1700010232\n|move|p2a: Iron Valiant|Psyshock|p1a: Dripplin Gapple\n|-supereffective|p1a: Dripplin Gapple\n|-damage|p1a: Dripplin Gapple|41\/100\n|move|p1a: Dripplin Gapple|Giga Drain|p2a: Iron Valiant\n|-damage|p2a: Iron Valiant|0 fnt\n|-heal|p1a: Dripplin Gapple|42\/100|[from] drain|[of] p2a: Iron Valiant\n|faint|p2a: Iron Valiant\n|-end|p2a: Iron Valiant|Quark Drive|[silent]\n|\n|upkeep\n|\n|t:|1700010240\n|switch|p2a: Ogerpon|Ogerpon-Wellspring, F|100\/100\n|turn|10\n|\n|t:|1700010244\n|move|p2a: Ogerpon|Swords Dance|p2a: Ogerpon\n|-boost|p2a: Ogerpon|atk|2\n|move|p1a: Dripplin Gapple|Recover|p1a: Dripplin Gapple\n|-heal|p1a: Dripplin Gapple|92\/100\n|\n|upkeep\n|turn|11\n|\n|t:|1700010250\n|move|p2a: Ogerpon|Ivy Cudgel|p1a: Dripplin Gapple|[anim] Ivy Cudgel Water\n|-damage|p1a: Dripplin Gapple|45\/100\n|move|p1a: Dripplin Gapple|Dragon Tail|p2a: Ogerpon\n|-damage|p2a: Ogerpon|76\/100\n|drag|p2a: Rillaboom|Rillaboom, M|100\/100\n|-fieldstart|move: Grassy Terrain|[from] ability: Grassy Surge|[of] p2a: Rillaboom\n|\n|-heal|p1a: Dripplin Gapple|51\/100|[from] Grassy Terrain\n|upkeep\n|turn|12\n|\n|t:|1700010262\n|move|p2a: Rillaboom|Knock Off|p1a: Dripplin Gapple\n|-damage|p1a: Dripplin Gapple|28\/100\n|-activate|p1a: Dripplin Gapple|ability: Sticky Hold\n|move|p1a: Dripplin Gapple|Recover|p1a: Dripplin Gapple\n|-heal|p1a: Dripplin Gapple|78\/100\n|\n|-heal|p1a: Dripplin Gapple|84\/100|[from] Grassy Terrain\n|upkeep\n|turn|13\n|\n|t:|1700010270\n|switch|p2a: Sneasler|Sneasler, M|100\/100\n|-enditem|p2a: Sneasler|Grassy Seed\n|-boost|p2a: Sneasler|def|1|[from] item: Grassy Seed\n|move|p1a: Dripplin Gapple|Tera Blast|p2a: Sneasler|[anim] Tera Blast Poison\n|-resisted|p2a: Sneasler\n|-damage|p2a: Sneasler|81\/100\n|\n|-heal|p2a: Sneasler|87\/100|[from] Grassy Terrain\n|-heal|p1a: Dripplin Gapple|90\/100|[from] Grassy Terrain\n|upkeep\n|turn|14\n|\n|t:|1700010279\n|move|p2a: Sneasler|Swords Dance|p2a: Sneasler\n|-boost|p2a: Sneasler|atk|2\n|move|p1a: Dripplin Gapple|Dragon Tail|p2a: Sneasler\n|-damage|p2a: Sneasler|67\/100\n|drag|p2a: Ogerpon|Ogerpon-Wellspring, F|76\/100\n|\n|-heal|p2a: Ogerpon|82\/100|[from] Grassy Terrain\n|-heal|p1a: Dripplin Gapple|96\/100|[from] Grassy Terrain\n|upkeep\n|turn|15\n|\n|t:|1700010290\n|move|p2a: Ogerpon|Ivy Cudgel|p1a: Dripplin Gapple|[anim] Ivy Cudgel Water\n|-damage|p1a: Dripplin Gapple|70\/100\n|move|p1a: Dripplin Gapple|Tera Blast|p2a: Ogerpon|[anim] Tera Blast Poison\n|-supereffective|p2a: Ogerpon\n|-damage|p2a: Ogerpon|22\/100\n|\n|-heal|p2a: Ogerpon|28\/100|[from] Grassy Terrain\n|-heal|p1a: Dripplin Gapple|76\/100|[from] Grassy Terrain\n|-fieldend|move: Grassy Terrain\n|upkeep\n|turn|16\n|\n|t:|1700010302\n|-terastallize|p2a: Ogerpon|Water\n|detailschange|p2a: Ogerpon|Ogerpon-Wellspring-Tera, F, tera:Water\n|-ability|p2a: Ogerpon|Embody Aspect (Wellspring)|boost\n|-boost|p2a: Ogerpon|spd|1\n|move|p2a: Ogerpon|Swords Dance|p2a: Ogerpon\n|-boost|p2a: Ogerpon|atk|2\n|move|p1a: Dripplin Gapple|Tera Blast|p2a: Ogerpon|[anim] Tera Blast Poison\n|-damage|p2a: Ogerpon|8\/100\n|\n|upkeep\n|turn|17\n|\n|t:|1700010310\n|move|p2a: Ogerpon|Ivy Cudgel|p1a: Dripplin Gapple|[anim] Ivy Cudgel Water\n|-damage|p1a: Dripplin Gapple|15\/100\n|move|p1a: Dripplin Gapple|Giga Drain|p2a: Ogerpon\n|-supereffective|p2a: Ogerpon\n|-damage|p2a: Ogerpon|0 fnt\n|-heal|p1a: Dripplin Gapple|18\/100|[from] drain|[of] p2a: Ogerpon\n|faint|p2a: Ogerpon\n|\n|upkeep\n|\n|t:|1700010318\n|switch|p2a: Sneasler|Sneasler, M|67\/100\n|turn|18\n|\n|t:|1700010321\n|move|p2a: Sneasler|Acrobatics|p1a: Dripplin Gapple\n|-damage|p1a: Dripplin Gapple|1\/100\n|move|p1a: Dripplin Gapple|Recover|p1a: Dripplin Gapple\n|-heal|p1a: Dripplin Gapple|51\/100\n|\n|upkeep\n|turn|19\n|-message|xiaowozhang forfeited.\n|\n|win|Hi my name is Goku\n|raw|Hi my name is Goku's rating: 1391 &rarr; <strong>1412<\/strong><br \/>(+21 for winning)\n|raw|xiaowozhang's rating: 1416 &rarr; <strong>1395<\/strong><br \/>(-21 for losing)\n|l|\u2606xiaowozhang\n","uploadtime":1700010329,"views":17,"p1id":"himynameisgoku","p2id":"xiaowozhang","formatid":"gen9nationaldex","rating":1395,"private":0,"password":""}