{"id":"gen9nationaldex-1994940928","p1":"Maxer59","p2":"Myuuian strats","format":"[Gen 9] National Dex","log":"|html|<div class=\"broadcast-blue\"><strong>[Gen 9] National Dex is currently suspecting Sneasler! For information on how to participate check out the <a href=\"https:\/\/www.smogon.com\/forums\/threads\/sv-national-dex-suspect-8-just-dance.3731534\/\">suspect thread<\/a>.<\/strong><\/div>\n|j|\u2606Maxer59\n|j|\u2606Myuuian strats\n|t:|1700506583\n|gametype|singles\n|player|p1|Maxer59|lucas|1243\n|player|p2|Myuuian strats|lucas|1187\n|teamsize|p1|6\n|teamsize|p2|6\n|gen|9\n|tier|[Gen 9] National Dex\n|rated|\n|rule|HP Percentage Mod: HP is shown in percentages\n|rule|Endless Battle Clause: Forcing endless battles is banned\n|rule|OHKO Clause: OHKO moves are banned\n|rule|Evasion Clause: Evasion abilities, items, and moves are banned\n|rule|Evasion Abilities Clause: Evasion abilities are banned\n|rule|Evasion Items Clause: Evasion items are banned\n|rule|Evasion Moves Clause: Evasion moves are banned\n|rule|Species Clause: Limit one of each Pok\u00e9mon\n|rule|Sleep Clause Mod: Limit one foe put to sleep\n|clearpoke\n|poke|p1|Pikachu, F|\n|poke|p1|Kleavor, M|\n|poke|p1|Dragonite, M|\n|poke|p1|Gallade, M|\n|poke|p1|Crawdaunt, M|\n|poke|p1|Absol, M|\n|poke|p2|Conkeldurr, M|\n|poke|p2|Infernape, F|\n|poke|p2|Ogerpon-Wellspring, F|\n|poke|p2|Victreebel, M|\n|poke|p2|Empoleon, F|\n|poke|p2|Ribombee, M|\n|teampreview\n|inactive|Battle timer is ON: inactive players will automatically lose when time's up. (requested by Myuuian strats)\n|inactive|Maxer59 also wants the timer to be on.\n|\n|t:|1700506593\n|start\n|switch|p1a: PikaGOD|Pikachu, F|100\/100\n|switch|p2a: Beckett|Ribombee, M|100\/100\n|turn|1\n|\n|t:|1700506605\n|move|p1a: PikaGOD|Fake Out|p2a: Beckett\n|-damage|p2a: Beckett|65\/100\n|move|p2a: Beckett|Sticky Web|p1a: PikaGOD\n|-sidestart|p1: Maxer59|move: Sticky Web\n|\n|upkeep\n|turn|2\n|\n|t:|1700506610\n|move|p1a: PikaGOD|Extreme Speed|p2a: Beckett\n|-damage|p2a: Beckett|0 fnt\n|faint|p2a: Beckett\n|\n|upkeep\n|\n|t:|1700506617\n|switch|p2a: Azure|Ogerpon-Wellspring, F|100\/100\n|turn|3\n|\n|t:|1700506641\n|switch|p1a: Fast rock|Kleavor, M|100\/100\n|-activate|p1a: Fast rock|move: Sticky Web\n|-unboost|p1a: Fast rock|spe|1\n|move|p2a: Azure|U-turn|p1a: Fast rock\n|-crit|p1a: Fast rock\n|-damage|p1a: Fast rock|52\/100\n|\n|t:|1700506654\n|switch|p2a: Steve|Conkeldurr, M|100\/100|[from] U-turn\n|\n|-status|p2a: Steve|brn|[from] item: Flame Orb\n|upkeep\n|turn|4\n|\n|t:|1700506659\n|move|p1a: Fast rock|Stone Axe|p2a: Steve\n|-resisted|p2a: Steve\n|-damage|p2a: Steve|75\/100 brn\n|-sidestart|p2: Myuuian strats|move: Stealth Rock\n|move|p2a: Steve|Knock Off|p1a: Fast rock\n|-damage|p1a: Fast rock|0 fnt\n|-enditem|p1a: Fast rock|Choice Scarf|[from] move: Knock Off|[of] p2a: Steve\n|faint|p1a: Fast rock\n|\n|-damage|p2a: Steve|69\/100 brn|[from] brn\n|upkeep\n|\n|t:|1700506670\n|switch|p1a: Don't use ice|Dragonite, M|100\/100\n|turn|5\n|\n|t:|1700506679\n|move|p1a: Don't use ice|Dragon Dance|p1a: Don't use ice\n|-boost|p1a: Don't use ice|atk|1\n|-boost|p1a: Don't use ice|spe|1\n|move|p2a: Steve|Knock Off|p1a: Don't use ice\n|-damage|p1a: Don't use ice|73\/100\n|-enditem|p1a: Don't use ice|Weakness Policy|[from] move: Knock Off|[of] p2a: Steve\n|\n|-damage|p2a: Steve|63\/100 brn|[from] brn\n|upkeep\n|turn|6\n|\n|t:|1700506688\n|move|p1a: Don't use ice|Dual Wingbeat|p2a: Steve\n|-supereffective|p2a: Steve\n|-damage|p2a: Steve|5\/100 brn\n|-supereffective|p2a: Steve\n|-damage|p2a: Steve|0 fnt\n|faint|p2a: Steve\n|-hitcount|p2: Steve|2\n|\n|upkeep\n|\n|t:|1700506697\n|switch|p2a: Celia|Empoleon, F|100\/100\n|-damage|p2a: Celia|94\/100|[from] Stealth Rock\n|turn|7\n|\n|t:|1700506703\n|move|p1a: Don't use ice|Dragon Claw|p2a: Celia\n|-resisted|p2a: Celia\n|-damage|p2a: Celia|57\/100\n|move|p2a: Celia|Toxic|p1a: Don't use ice\n|-status|p1a: Don't use ice|tox\n|\n|-heal|p2a: Celia|64\/100|[from] item: Leftovers\n|-damage|p1a: Don't use ice|67\/100 tox|[from] psn\n|upkeep\n|turn|8\n|\n|t:|1700506710\n|move|p1a: Don't use ice|Dragon Dance|p1a: Don't use ice\n|-boost|p1a: Don't use ice|atk|1\n|-boost|p1a: Don't use ice|spe|1\n|move|p2a: Celia|Roost|p2a: Celia\n|-heal|p2a: Celia|100\/100\n|-singleturn|p2a: Celia|move: Roost\n|\n|-damage|p1a: Don't use ice|55\/100 tox|[from] psn\n|upkeep\n|turn|9\n|\n|t:|1700506714\n|move|p1a: Don't use ice|Dragon Claw|p2a: Celia\n|-resisted|p2a: Celia\n|-damage|p2a: Celia|53\/100\n|move|p2a: Celia|Stealth Rock|p1a: Don't use ice\n|-sidestart|p1: Maxer59|move: Stealth Rock\n|\n|-heal|p2a: Celia|60\/100|[from] item: Leftovers\n|-damage|p1a: Don't use ice|37\/100 tox|[from] psn\n|upkeep\n|turn|10\n|\n|t:|1700506721\n|move|p1a: Don't use ice|Dragon Claw|p2a: Celia\n|-resisted|p2a: Celia\n|-damage|p2a: Celia|13\/100\n|move|p2a: Celia|Roost|p2a: Celia\n|-heal|p2a: Celia|63\/100\n|-singleturn|p2a: Celia|move: Roost\n|\n|-heal|p2a: Celia|69\/100|[from] item: Leftovers\n|-damage|p1a: Don't use ice|13\/100 tox|[from] psn\n|upkeep\n|turn|11\n|\n|t:|1700506727\n|move|p1a: Don't use ice|Dragon Claw|p2a: Celia\n|-resisted|p2a: Celia\n|-damage|p2a: Celia|19\/100\n|move|p2a: Celia|Roost|p2a: Celia\n|-heal|p2a: Celia|69\/100\n|-singleturn|p2a: Celia|move: Roost\n|\n|-heal|p2a: Celia|75\/100|[from] item: Leftovers\n|-damage|p1a: Don't use ice|0 fnt|[from] psn\n|faint|p1a: Don't use ice\n|upkeep\n|\n|t:|1700506733\n|switch|p1a: Excalibur is ZZZ|Gallade, M|100\/100\n|-activate|p1a: Excalibur is ZZZ|move: Sticky Web\n|-unboost|p1a: Excalibur is ZZZ|spe|1\n|-damage|p1a: Excalibur is ZZZ|94\/100|[from] Stealth Rock\n|turn|12\n|\n|t:|1700506742\n|switch|p2a: Victor|Victreebel, M|100\/100\n|-damage|p2a: Victor|88\/100|[from] Stealth Rock\n|move|p1a: Excalibur is ZZZ|Sacred Sword|p2a: Victor\n|-resisted|p2a: Victor\n|-damage|p2a: Victor|51\/100\n|\n|upkeep\n|turn|13\n|\n|t:|1700506753\n|switch|p1a: PikaGOD|Pikachu, F|100\/100\n|-activate|p1a: PikaGOD|move: Sticky Web\n|-unboost|p1a: PikaGOD|spe|1\n|-damage|p1a: PikaGOD|88\/100|[from] Stealth Rock\n|move|p2a: Victor|Strength Sap|p1a: PikaGOD\n|-unboost|p1a: PikaGOD|atk|1\n|-heal|p2a: Victor|100\/100\n|\n|upkeep\n|turn|14\n|\n|t:|1700506761\n|move|p1a: PikaGOD|Volt Switch|p2a: Victor\n|-resisted|p2a: Victor\n|-damage|p2a: Victor|85\/100\n|\n|t:|1700506765\n|switch|p1a: Emo|Absol, M|100\/100|[from] Volt Switch\n|-activate|p1a: Emo|move: Sticky Web\n|-unboost|p1a: Emo|spe|1\n|-damage|p1a: Emo|88\/100|[from] Stealth Rock\n|move|p2a: Victor|Clear Smog|p1a: Emo\n|-crit|p1a: Emo\n|-damage|p1a: Emo|39\/100\n|-clearboost|p1a: Emo\n|\n|upkeep\n|turn|15\n|\n|t:|1700506772\n|detailschange|p1a: Emo|Absol-Mega, M\n|-mega|p1a: Emo|Absol|Absolite\n|move|p1a: Emo|Knock Off|p2a: Victor\n|-damage|p2a: Victor|22\/100\n|-enditem|p2a: Victor|Petaya Berry|[from] move: Knock Off|[of] p1a: Emo\n|move|p2a: Victor|Giga Drain|p1a: Emo\n|-damage|p1a: Emo|0 fnt\n|-heal|p2a: Victor|36\/100|[from] drain|[of] p1a: Emo\n|faint|p1a: Emo\n|\n|upkeep\n|\n|t:|1700506781\n|switch|p1a: PikaGOD|Pikachu, F|88\/100\n|-activate|p1a: PikaGOD|move: Sticky Web\n|-unboost|p1a: PikaGOD|spe|1\n|-damage|p1a: PikaGOD|76\/100|[from] Stealth Rock\n|turn|16\n|\n|t:|1700506788\n|switch|p2a: Celia|Empoleon, F|75\/100\n|-damage|p2a: Celia|69\/100|[from] Stealth Rock\n|-terastallize|p1a: PikaGOD|Normal\n|move|p1a: PikaGOD|Fake Out|p2a: Celia\n|-resisted|p2a: Celia\n|-damage|p2a: Celia|54\/100\n|\n|-heal|p2a: Celia|60\/100|[from] item: Leftovers\n|upkeep\n|turn|17\n|\n|t:|1700506797\n|move|p1a: PikaGOD|Volt Switch|p2a: Celia\n|-supereffective|p2a: Celia\n|-damage|p2a: Celia|29\/100\n|\n|t:|1700506804\n|switch|p1a: Excalibur is ZZZ|Gallade, M|94\/100|[from] Volt Switch\n|-activate|p1a: Excalibur is ZZZ|move: Sticky Web\n|-unboost|p1a: Excalibur is ZZZ|spe|1\n|-damage|p1a: Excalibur is ZZZ|88\/100|[from] Stealth Rock\n|move|p2a: Celia|Roost|p2a: Celia\n|-heal|p2a: Celia|79\/100\n|-singleturn|p2a: Celia|move: Roost\n|\n|-heal|p2a: Celia|85\/100|[from] item: Leftovers\n|upkeep\n|turn|18\n|\n|t:|1700506809\n|switch|p2a: Victor|Victreebel, M|36\/100\n|-damage|p2a: Victor|24\/100|[from] Stealth Rock\n|move|p1a: Excalibur is ZZZ|Sacred Sword|p2a: Victor\n|-resisted|p2a: Victor\n|-damage|p2a: Victor|0 fnt\n|faint|p2a: Victor\n|\n|upkeep\n|\n|t:|1700506814\n|switch|p2a: Azure|Ogerpon-Wellspring, F|100\/100\n|-damage|p2a: Azure|88\/100|[from] Stealth Rock\n|turn|19\n|\n|t:|1700506824\n|switch|p1a: Peak of evolution|Crawdaunt, M|100\/100\n|-activate|p1a: Peak of evolution|move: Sticky Web\n|-unboost|p1a: Peak of evolution|spe|1\n|-damage|p1a: Peak of evolution|88\/100|[from] Stealth Rock\n|move|p2a: Azure|Ivy Cudgel|p1a: Peak of evolution|[anim] Ivy Cudgel Water\n|-resisted|p1a: Peak of evolution\n|-damage|p1a: Peak of evolution|48\/100\n|\n|upkeep\n|turn|20\n|\n|t:|1700506837\n|move|p2a: Azure|U-turn|p1a: Peak of evolution\n|-supereffective|p1a: Peak of evolution\n|-damage|p1a: Peak of evolution|0 fnt\n|faint|p1a: Peak of evolution\n|\n|t:|1700506844\n|switch|p2a: Celia|Empoleon, F|85\/100|[from] U-turn\n|-damage|p2a: Celia|79\/100|[from] Stealth Rock\n|\n|-heal|p2a: Celia|85\/100|[from] item: Leftovers\n|upkeep\n|\n|t:|1700506853\n|switch|p1a: Excalibur is ZZZ|Gallade, M|88\/100\n|-activate|p1a: Excalibur is ZZZ|move: Sticky Web\n|-unboost|p1a: Excalibur is ZZZ|spe|1\n|-damage|p1a: Excalibur is ZZZ|82\/100|[from] Stealth Rock\n|turn|21\n|\n|t:|1700506857\n|move|p1a: Excalibur is ZZZ|Sacred Sword|p2a: Celia\n|-supereffective|p2a: Celia\n|-damage|p2a: Celia|0 fnt\n|faint|p2a: Celia\n|\n|upkeep\n|\n|t:|1700506860\n|switch|p2a: Azure|Ogerpon-Wellspring, F|88\/100\n|-damage|p2a: Azure|76\/100|[from] Stealth Rock\n|turn|22\n|\n|t:|1700506862\n|move|p2a: Azure|Ivy Cudgel|p1a: Excalibur is ZZZ|[anim] Ivy Cudgel Water\n|-damage|p1a: Excalibur is ZZZ|0 fnt\n|faint|p1a: Excalibur is ZZZ\n|\n|upkeep\n|\n|t:|1700506865\n|switch|p1a: PikaGOD|Pikachu, F, tera:Normal|76\/100\n|-activate|p1a: PikaGOD|move: Sticky Web\n|-unboost|p1a: PikaGOD|spe|1\n|-damage|p1a: PikaGOD|64\/100|[from] Stealth Rock\n|turn|23\n|\n|t:|1700506872\n|move|p1a: PikaGOD|Fake Out|p2a: Azure\n|-damage|p2a: Azure|41\/100\n|cant|p2a: Azure|flinch\n|\n|upkeep\n|turn|24\n|\n|t:|1700506875\n|move|p1a: PikaGOD|Extreme Speed|p2a: Azure\n|-damage|p2a: Azure|0 fnt\n|faint|p2a: Azure\n|\n|upkeep\n|\n|t:|1700506877\n|switch|p2a: Liz|Infernape, F|100\/100\n|-damage|p2a: Liz|88\/100|[from] Stealth Rock\n|turn|25\n|\n|t:|1700506884\n|move|p1a: PikaGOD|Extreme Speed|p2a: Liz\n|-damage|p2a: Liz|8\/100\n|move|p2a: Liz|Aura Sphere|p1a: PikaGOD\n|-supereffective|p1a: PikaGOD\n|-damage|p1a: PikaGOD|0 fnt\n|faint|p1a: PikaGOD\n|\n|win|Myuuian strats\n|raw|Maxer59's rating: 1243 &rarr; <strong>1214<\/strong><br \/>(-29 for losing)\n|raw|Myuuian strats's rating: 1187 &rarr; <strong>1216<\/strong><br \/>(+29 for winning)\n","uploadtime":1700506893,"views":8,"p1id":"maxer59","p2id":"myuuianstrats","formatid":"gen9nationaldex","rating":1214,"private":0,"password":""}