{"id":"gen9nationaldex-2000229662","p1":"Yakkosalabama","p2":"Eliprogamer","format":"[Gen 9] National Dex","log":"|html|<div class=\"broadcast-blue\"><strong>[Gen 9] National Dex is currently suspecting Sneasler! For information on how to participate check out the <a href=\"https:\/\/www.smogon.com\/forums\/threads\/sv-national-dex-suspect-8-just-dance.3731534\/\">suspect thread<\/a>.<\/strong><\/div>\n|j|\u2606Yakkosalabama\n|j|\u2606Eliprogamer\n|t:|1701175081\n|gametype|singles\n|player|p1|Yakkosalabama|volo|1365\n|player|p2|Eliprogamer|biker-gen4|1428\n|teamsize|p1|6\n|teamsize|p2|6\n|gen|9\n|tier|[Gen 9] National Dex\n|rated|\n|rule|HP Percentage Mod: HP is shown in percentages\n|rule|Endless Battle Clause: Forcing endless battles is banned\n|rule|OHKO Clause: OHKO moves are banned\n|rule|Evasion Clause: Evasion abilities, items, and moves are banned\n|rule|Evasion Abilities Clause: Evasion abilities are banned\n|rule|Evasion Items Clause: Evasion items are banned\n|rule|Evasion Moves Clause: Evasion moves are banned\n|rule|Species Clause: Limit one of each Pok\u00e9mon\n|rule|Sleep Clause Mod: Limit one foe put to sleep\n|clearpoke\n|poke|p1|Kommo-o, F|\n|poke|p1|Kartana|\n|poke|p1|Tapu Koko|\n|poke|p1|Diancie|\n|poke|p1|Landorus-Therian, M|\n|poke|p1|Grimmsnarl, M|\n|poke|p2|Darmanitan, F|\n|poke|p2|Chandelure, M|\n|poke|p2|Greninja-*, M|\n|poke|p2|Cinderace, F|\n|poke|p2|Iron Treads|\n|poke|p2|Slowbro, M|\n|teampreview\n|inactive|Battle timer is ON: inactive players will automatically lose when time's up. (requested by Yakkosalabama)\n|c|\u2606Yakkosalabama|Hi\n|c|\u2606Eliprogamer|Hello\n|\n|t:|1701175092\n|start\n|switch|p1a: Tapu Koko|Tapu Koko|100\/100\n|switch|p2a: Peni\u00a7infrontofface|Iron Treads|100\/100\n|-fieldstart|move: Electric Terrain|[from] ability: Electric Surge|[of] p1a: Tapu Koko\n|-activate|p2a: Peni\u00a7infrontofface|ability: Quark Drive\n|-start|p2a: Peni\u00a7infrontofface|quarkdrivespe\n|turn|1\n|\n|t:|1701175109\n|switch|p1a: Landorus|Landorus-Therian, M|100\/100\n|-ability|p1a: Landorus|Intimidate|boost\n|-unboost|p2a: Peni\u00a7infrontofface|atk|1\n|move|p2a: Peni\u00a7infrontofface|Earthquake|p1a: Landorus\n|-immune|p1a: Landorus\n|\n|upkeep\n|turn|2\n|\n|t:|1701175115\n|-end|p2a: Peni\u00a7infrontofface|Quark Drive|[silent]\n|switch|p2a: Twomad|Slowbro, M|100\/100\n|move|p1a: Landorus|Stealth Rock|p2a: Twomad\n|-sidestart|p2: Eliprogamer|move: Stealth Rock\n|\n|upkeep\n|turn|3\n|\n|t:|1701175123\n|move|p1a: Landorus|U-turn|p2a: Twomad\n|-supereffective|p2a: Twomad\n|-damage|p2a: Twomad|68\/100\n|-damage|p1a: Landorus|84\/100|[from] item: Rocky Helmet|[of] p2a: Twomad\n|\n|t:|1701175127\n|switch|p1a: Grimmsnarl|Grimmsnarl, M|100\/100|[from] U-turn\n|move|p2a: Twomad|Future Sight|p1a: Grimmsnarl\n|-start|p2a: Twomad|move: Future Sight\n|\n|upkeep\n|turn|4\n|\n|t:|1701175131\n|move|p1a: Grimmsnarl|Light Screen|p1a: Grimmsnarl\n|-sidestart|p1: Yakkosalabama|move: Light Screen\n|move|p2a: Twomad|Teleport|p2a: Twomad\n|\n|t:|1701175134\n|switch|p2a: Peni\u00a7infrontofface|Iron Treads|100\/100|[from] Teleport\n|-activate|p2a: Peni\u00a7infrontofface|ability: Quark Drive\n|-start|p2a: Peni\u00a7infrontofface|quarkdrivespe\n|\n|upkeep\n|turn|5\n|\n|t:|1701175144\n|move|p1a: Grimmsnarl|Reflect|p1a: Grimmsnarl\n|-sidestart|p1: Yakkosalabama|Reflect\n|move|p2a: Peni\u00a7infrontofface|Rapid Spin|p1a: Grimmsnarl\n|-damage|p1a: Grimmsnarl|94\/100\n|-boost|p2a: Peni\u00a7infrontofface|spe|1\n|-sideend|p2: Eliprogamer|Stealth Rock|[from] move: Rapid Spin|[of] p2a: Peni\u00a7infrontofface\n|\n|-end|p1a: Grimmsnarl|move: Future Sight\n|-immune|p1a: Grimmsnarl\n|-fieldend|move: Electric Terrain\n|-end|p2a: Peni\u00a7infrontofface|Quark Drive\n|upkeep\n|turn|6\n|\n|t:|1701175150\n|move|p1a: Grimmsnarl|Parting Shot|p2a: Peni\u00a7infrontofface\n|-unboost|p2a: Peni\u00a7infrontofface|atk|1\n|-unboost|p2a: Peni\u00a7infrontofface|spa|1\n|\n|t:|1701175156\n|switch|p1a: Kommo-o|Kommo-o, F|100\/100|[from] Parting Shot\n|move|p2a: Peni\u00a7infrontofface|Iron Head|p1a: Kommo-o\n|-damage|p1a: Kommo-o|90\/100\n|\n|upkeep\n|turn|7\n|inactive|Eliprogamer has 120 seconds left.\n|\n|t:|1701175187\n|-end|p2a: Peni\u00a7infrontofface|Quark Drive|[silent]\n|switch|p2a: Twomad|Slowbro, M|100\/100\n|move|p1a: Kommo-o|Clangorous Soul|p1a: Kommo-o\n|-boost|p1a: Kommo-o|atk|1\n|-boost|p1a: Kommo-o|def|1\n|-boost|p1a: Kommo-o|spa|1\n|-boost|p1a: Kommo-o|spd|1\n|-boost|p1a: Kommo-o|spe|1\n|-damage|p1a: Kommo-o|57\/100\n|-enditem|p1a: Kommo-o|Throat Spray\n|-boost|p1a: Kommo-o|spa|1|[from] item: Throat Spray\n|\n|upkeep\n|turn|8\n|\n|t:|1701175194\n|-terastallize|p1a: Kommo-o|Dragon\n|move|p1a: Kommo-o|Clanging Scales|p2a: Twomad\n|-damage|p2a: Twomad|0 fnt\n|faint|p2a: Twomad\n|-unboost|p1a: Kommo-o|def|1\n|\n|upkeep\n|\n|t:|1701175206\n|switch|p2a: Peni\u00a7infrontofface|Iron Treads|100\/100\n|turn|9\n|\n|t:|1701175210\n|move|p1a: Kommo-o|Drain Punch|p2a: Peni\u00a7infrontofface\n|-supereffective|p2a: Peni\u00a7infrontofface\n|-damage|p2a: Peni\u00a7infrontofface|42\/100\n|-heal|p1a: Kommo-o|96\/100|[from] drain|[of] p2a: Peni\u00a7infrontofface\n|move|p2a: Peni\u00a7infrontofface|Ice Spinner|p1a: Kommo-o\n|-supereffective|p1a: Kommo-o\n|-damage|p1a: Kommo-o|76\/100\n|\n|upkeep\n|turn|10\n|\n|t:|1701175217\n|move|p1a: Kommo-o|Clangorous Soul|p1a: Kommo-o\n|-boost|p1a: Kommo-o|atk|1\n|-boost|p1a: Kommo-o|def|1\n|-boost|p1a: Kommo-o|spa|1\n|-boost|p1a: Kommo-o|spd|1\n|-boost|p1a: Kommo-o|spe|1\n|-damage|p1a: Kommo-o|43\/100\n|move|p2a: Peni\u00a7infrontofface|Rapid Spin|p1a: Kommo-o\n|-damage|p1a: Kommo-o|39\/100\n|-boost|p2a: Peni\u00a7infrontofface|spe|1\n|\n|upkeep\n|turn|11\n|\n|t:|1701175223\n|move|p1a: Kommo-o|Drain Punch|p2a: Peni\u00a7infrontofface\n|-supereffective|p2a: Peni\u00a7infrontofface\n|-damage|p2a: Peni\u00a7infrontofface|0 fnt\n|-heal|p1a: Kommo-o|67\/100|[from] drain|[of] p2a: Peni\u00a7infrontofface\n|faint|p2a: Peni\u00a7infrontofface\n|-end|p2a: Peni\u00a7infrontofface|Quark Drive|[silent]\n|\n|-sideend|p1: Yakkosalabama|move: Light Screen\n|upkeep\n|\n|t:|1701175226\n|switch|p2a: Kanye|Chandelure, M, shiny|100\/100\n|turn|12\n|-message|Eliprogamer forfeited.\n|\n|win|Yakkosalabama\n|raw|Yakkosalabama's rating: 1365 &rarr; <strong>1389<\/strong><br \/>(+24 for winning)\n|raw|Eliprogamer's rating: 1428 &rarr; <strong>1404<\/strong><br \/>(-24 for losing)\n|l|\u2606Eliprogamer\n","uploadtime":1701175235,"views":1,"p1id":"yakkosalabama","p2id":"eliprogamer","formatid":"gen9nationaldex","rating":1389,"private":0,"password":""}