{"id":"gen9nationaldex-1990998480","p1":"Kuzwa","p2":"trix_n_trsh","format":"[Gen 9] National Dex","log":"|j|\u2606Kuzwa\n|j|\u2606trix_n_trsh\n|t:|1700025504\n|gametype|singles\n|player|p1|Kuzwa|parasollady|1254\n|player|p2|trix_n_trsh|pokemonbreeder-gen4|1311\n|teamsize|p1|6\n|teamsize|p2|6\n|gen|9\n|tier|[Gen 9] National Dex\n|rated|\n|rule|HP Percentage Mod: HP is shown in percentages\n|rule|Endless Battle Clause: Forcing endless battles is banned\n|rule|OHKO Clause: OHKO moves are banned\n|rule|Evasion Clause: Evasion abilities, items, and moves are banned\n|rule|Evasion Abilities Clause: Evasion abilities are banned\n|rule|Evasion Items Clause: Evasion items are banned\n|rule|Evasion Moves Clause: Evasion moves are banned\n|rule|Species Clause: Limit one of each Pok\u00e9mon\n|rule|Sleep Clause Mod: Limit one foe put to sleep\n|clearpoke\n|poke|p1|Kartana|\n|poke|p1|Weavile, M|\n|poke|p1|Ogerpon-Wellspring, F|\n|poke|p1|Zeraora|\n|poke|p1|Glimmora, M|\n|poke|p1|Urshifu-*, M|\n|poke|p2|Blastoise, F|\n|poke|p2|Sandy Shocks|\n|poke|p2|Delphox, M|\n|poke|p2|Kilowattrel, F|\n|poke|p2|Hydreigon, M|\n|poke|p2|Brambleghast, M|\n|teampreview\n|inactive|Battle timer is ON: inactive players will automatically lose when time's up. (requested by trix_n_trsh)\n|\n|t:|1700025511\n|start\n|switch|p1a: thing|Glimmora, M|100\/100\n|switch|p2a: Sandy Shocks|Sandy Shocks|100\/100\n|-item|p1a: thing|Air Balloon\n|turn|1\n|\n|t:|1700025518\n|move|p2a: Sandy Shocks|Discharge|p1a: thing\n|-damage|p1a: thing|46\/100\n|-enditem|p1a: thing|Air Balloon\n|move|p1a: thing|Earth Power|p2a: Sandy Shocks\n|-supereffective|p2a: Sandy Shocks\n|-damage|p2a: Sandy Shocks|20\/100\n|\n|upkeep\n|turn|2\n|\n|t:|1700025528\n|move|p2a: Sandy Shocks|Earth Power|p1a: thing\n|-supereffective|p1a: thing\n|-damage|p1a: thing|0 fnt\n|faint|p1a: thing\n|\n|upkeep\n|\n|t:|1700025535\n|switch|p1a: Makoto Yuki|Kartana, shiny|100\/100\n|turn|3\n|\n|t:|1700025549\n|move|p1a: Makoto Yuki|Smart Strike|p2a: Sandy Shocks\n|-resisted|p2a: Sandy Shocks\n|-damage|p2a: Sandy Shocks|0 fnt\n|faint|p2a: Sandy Shocks\n|-end|p2a: Sandy Shocks|Protosynthesis|[silent]\n|-ability|p1a: Makoto Yuki|Beast Boost|boost\n|-boost|p1a: Makoto Yuki|atk|1\n|\n|upkeep\n|\n|t:|1700025568\n|switch|p2a: Blastoise|Blastoise, F|100\/100\n|turn|4\n|\n|t:|1700025571\n|move|p1a: Makoto Yuki|Leaf Blade|p2a: Blastoise\n|-supereffective|p2a: Blastoise\n|-damage|p2a: Blastoise|0 fnt\n|faint|p2a: Blastoise\n|-ability|p1a: Makoto Yuki|Beast Boost|boost\n|-boost|p1a: Makoto Yuki|atk|1\n|\n|upkeep\n|\n|t:|1700025574\n|switch|p2a: Delphox|Delphox, M|100\/100\n|turn|5\n|\n|t:|1700025577\n|move|p1a: Makoto Yuki|Smart Strike|p2a: Delphox\n|-resisted|p2a: Delphox\n|-crit|p2a: Delphox\n|-damage|p2a: Delphox|0 fnt\n|faint|p2a: Delphox\n|-ability|p1a: Makoto Yuki|Beast Boost|boost\n|-boost|p1a: Makoto Yuki|atk|1\n|\n|upkeep\n|\n|t:|1700025579\n|switch|p2a: Brambleghast|Brambleghast, M|100\/100\n|turn|6\n|\n|t:|1700025582\n|move|p1a: Makoto Yuki|Smart Strike|p2a: Brambleghast\n|-damage|p2a: Brambleghast|0 fnt\n|faint|p2a: Brambleghast\n|-ability|p1a: Makoto Yuki|Beast Boost|boost\n|-boost|p1a: Makoto Yuki|atk|1\n|\n|upkeep\n|\n|t:|1700025584\n|switch|p2a: Kilowattrel|Kilowattrel, F|100\/100\n|turn|7\n|\n|t:|1700025587\n|move|p2a: Kilowattrel|Hurricane|p1a: Makoto Yuki\n|-enditem|p1a: Makoto Yuki|Focus Sash\n|-damage|p1a: Makoto Yuki|1\/100\n|move|p1a: Makoto Yuki|Smart Strike|p2a: Kilowattrel\n|-resisted|p2a: Kilowattrel\n|-damage|p2a: Kilowattrel|0 fnt\n|faint|p2a: Kilowattrel\n|-ability|p1a: Makoto Yuki|Beast Boost|boost\n|-boost|p1a: Makoto Yuki|atk|1\n|\n|upkeep\n|\n|t:|1700025592\n|switch|p2a: Hydreigon|Hydreigon, M|100\/100\n|turn|8\n|\n|t:|1700025595\n|-terastallize|p2a: Hydreigon|Steel\n|move|p1a: Makoto Yuki|Smart Strike|p2a: Hydreigon\n|-resisted|p2a: Hydreigon\n|-damage|p2a: Hydreigon|4\/100\n|move|p2a: Hydreigon|Dark Pulse|p1a: Makoto Yuki\n|-damage|p1a: Makoto Yuki|0 fnt\n|faint|p1a: Makoto Yuki\n|\n|upkeep\n|-message|trix_n_trsh forfeited.\n|\n|win|Kuzwa\n|raw|Kuzwa's rating: 1254 &rarr; <strong>1283<\/strong><br \/>(+29 for winning)\n|raw|trix_n_trsh's rating: 1311 &rarr; <strong>1288<\/strong><br \/>(-23 for losing)\n|l|\u2606trix_n_trsh\n","uploadtime":1700025604,"views":4,"p1id":"kuzwa","p2id":"trixntrsh","formatid":"gen9nationaldex","rating":1283,"private":0,"password":""}