{"id":"gen9nationaldex-1988246284","p1":"fhvktf","p2":"steals many wives","format":"[Gen 9] National Dex","log":"|j|\u2606fhvktf\n|j|\u2606steals many wives\n|t:|1699693573\n|gametype|singles\n|player|p1|fhvktf|bede|1000\n|player|p2|steals many wives|waitress|1049\n|teamsize|p1|6\n|teamsize|p2|6\n|gen|9\n|tier|[Gen 9] National Dex\n|rated|\n|rule|HP Percentage Mod: HP is shown in percentages\n|rule|Endless Battle Clause: Forcing endless battles is banned\n|rule|OHKO Clause: OHKO moves are banned\n|rule|Evasion Clause: Evasion abilities, items, and moves are banned\n|rule|Evasion Abilities Clause: Evasion abilities are banned\n|rule|Evasion Items Clause: Evasion items are banned\n|rule|Evasion Moves Clause: Evasion moves are banned\n|rule|Species Clause: Limit one of each Pok\u00e9mon\n|rule|Sleep Clause Mod: Limit one foe put to sleep\n|clearpoke\n|poke|p1|Garganacl, F|\n|poke|p1|Ursaring, F|\n|poke|p1|Charizard, F|\n|poke|p1|Gallade, M|\n|poke|p1|Serperior, M|\n|poke|p1|Stoutland, F|\n|poke|p2|Zoroark-Hisui, F|\n|poke|p2|Snorlax, M|\n|poke|p2|Staraptor, M|\n|poke|p2|Pidgeot, M|\n|poke|p2|Ursaluna, M|\n|poke|p2|Purugly, M|\n|teampreview\n|\n|t:|1699693586\n|start\n|switch|p1a: Stoutland|Stoutland, F|100\/100\n|switch|p2a: Birb|Staraptor, M|100\/100\n|-ability|p2a: Birb|Intimidate|boost\n|-unboost|p1a: Stoutland|atk|1\n|-ability|p1a: Stoutland|Intimidate|boost\n|-unboost|p2a: Birb|atk|1\n|turn|1\n|\n|t:|1699693601\n|move|p2a: Birb|Final Gambit|p1a: Stoutland\n|-enditem|p1a: Stoutland|Focus Sash\n|-damage|p1a: Stoutland|1\/100\n|faint|p2a: Birb\n|move|p1a: Stoutland|Fire Fang|p2: Birb|[notarget]\n|-fail|p1a: Stoutland\n|\n|upkeep\n|\n|t:|1699693609\n|switch|p2a: Chunky Boi|Purugly, M|100\/100\n|turn|2\n|\n|t:|1699693614\n|move|p2a: Chunky Boi|Fake Out|p1a: Stoutland\n|-damage|p1a: Stoutland|0 fnt\n|faint|p1a: Stoutland\n|-damage|p2a: Chunky Boi|91\/100|[from] item: Life Orb\n|\n|upkeep\n|\n|t:|1699693616\n|switch|p1a: Ursaring|Ursaring, F|100\/100\n|turn|3\n|\n|t:|1699693623\n|move|p2a: Chunky Boi|Return|p1a: Ursaring\n|-damage|p1a: Ursaring|39\/100\n|-damage|p2a: Chunky Boi|81\/100|[from] item: Life Orb\n|move|p1a: Ursaring|Brick Break|p2a: Chunky Boi\n|-supereffective|p2a: Chunky Boi\n|-damage|p2a: Chunky Boi|0 fnt\n|faint|p2a: Chunky Boi\n|-damage|p1a: Ursaring|29\/100|[from] item: Life Orb\n|\n|upkeep\n|\n|t:|1699693642\n|switch|p2a: Super Saiyan Birb|Pidgeot, M, shiny|100\/100\n|turn|4\n|\n|t:|1699693652\n|switch|p1a: Serperior|Serperior, M|100\/100\n|detailschange|p2a: Super Saiyan Birb|Pidgeot-Mega, M, shiny\n|-mega|p2a: Super Saiyan Birb|Pidgeot|Pidgeotite\n|move|p2a: Super Saiyan Birb|Hurricane|p1a: Serperior\n|-supereffective|p1a: Serperior\n|-damage|p1a: Serperior|0 fnt\n|faint|p1a: Serperior\n|\n|upkeep\n|\n|t:|1699693662\n|switch|p1a: Charizard|Charizard, F|100\/100\n|turn|5\n|\n|t:|1699693666\n|detailschange|p1a: Charizard|Charizard-Mega-X, F\n|-mega|p1a: Charizard|Charizard|Charizardite X\n|move|p2a: Super Saiyan Birb|Hurricane|p1a: Charizard\n|-damage|p1a: Charizard|41\/100\n|move|p1a: Charizard|Thunder Punch|p2a: Super Saiyan Birb\n|-supereffective|p2a: Super Saiyan Birb\n|-damage|p2a: Super Saiyan Birb|19\/100\n|\n|upkeep\n|turn|6\n|\n|t:|1699693677\n|move|p2a: Super Saiyan Birb|Hurricane|p1a: Charizard\n|-damage|p1a: Charizard|0 fnt\n|faint|p1a: Charizard\n|\n|upkeep\n|\n|t:|1699693681\n|switch|p1a: Garganacl|Garganacl, F|100\/100\n|turn|7\n|\n|t:|1699693684\n|move|p2a: Super Saiyan Birb|Tailwind|p2a: Super Saiyan Birb\n|-sidestart|p2: steals many wives|move: Tailwind\n|move|p1a: Garganacl|Salt Cure|p2a: Super Saiyan Birb\n|-supereffective|p2a: Super Saiyan Birb\n|-damage|p2a: Super Saiyan Birb|0 fnt\n|faint|p2a: Super Saiyan Birb\n|\n|upkeep\n|\n|t:|1699693690\n|switch|p2a: UnBearable|Ursaluna, M|100\/100\n|turn|8\n|\n|t:|1699693695\n|move|p2a: UnBearable|Earthquake|p1a: Garganacl\n|-supereffective|p1a: Garganacl\n|-damage|p1a: Garganacl|24\/100\n|move|p1a: Garganacl|Brick Break|p2a: UnBearable\n|-supereffective|p2a: UnBearable\n|-damage|p2a: UnBearable|64\/100\n|\n|-heal|p1a: Garganacl|30\/100|[from] item: Leftovers\n|-status|p2a: UnBearable|brn|[from] item: Flame Orb\n|upkeep\n|turn|9\n|\n|t:|1699693706\n|move|p2a: UnBearable|Brick Break|p1a: Garganacl\n|-supereffective|p1a: Garganacl\n|-crit|p1a: Garganacl\n|-damage|p1a: Garganacl|0 fnt\n|faint|p1a: Garganacl\n|\n|-damage|p2a: UnBearable|57\/100 brn|[from] brn\n|upkeep\n|\n|t:|1699693711\n|switch|p1a: Gallade|Gallade, M|100\/100\n|turn|10\n|\n|t:|1699693716\n|move|p2a: UnBearable|Facade|p1a: Gallade\n|-damage|p1a: Gallade|0 fnt\n|faint|p1a: Gallade\n|\n|-damage|p2a: UnBearable|51\/100 brn|[from] brn\n|-sideend|p2: steals many wives|move: Tailwind\n|upkeep\n|\n|t:|1699693721\n|switch|p1a: Ursaring|Ursaring, F|29\/100\n|turn|11\n|c|\u2606steals many wives|behold, the better bear\n|\n|t:|1699693734\n|move|p2a: UnBearable|Facade|p1a: Ursaring\n|-damage|p1a: Ursaring|0 fnt\n|faint|p1a: Ursaring\n|\n|win|steals many wives\n|raw|fhvktf's rating: 1000 &rarr; <strong>1000<\/strong><br \/>(+0 for losing)\n|raw|steals many wives's rating: 1049 &rarr; <strong>1077<\/strong><br \/>(+28 for winning)\n","uploadtime":1699693743,"views":7,"p1id":"fhvktf","p2id":"stealsmanywives","formatid":"gen9nationaldex","rating":1000,"private":0,"password":""}