{"id":"gen9nationaldex-1993089370","p1":"SanjaDreams","p2":"88lemurs","format":"[Gen 9] National Dex","log":"|j|\u2606SanjaDreams\n|j|\u260688lemurs\n|t:|1700263498\n|gametype|singles\n|player|p1|SanjaDreams|marnie|1054\n|player|p2|88lemurs|lucas|1030\n|teamsize|p1|6\n|teamsize|p2|5\n|gen|9\n|tier|[Gen 9] National Dex\n|rated|\n|rule|HP Percentage Mod: HP is shown in percentages\n|rule|Endless Battle Clause: Forcing endless battles is banned\n|rule|OHKO Clause: OHKO moves are banned\n|rule|Evasion Clause: Evasion abilities, items, and moves are banned\n|rule|Evasion Abilities Clause: Evasion abilities are banned\n|rule|Evasion Items Clause: Evasion items are banned\n|rule|Evasion Moves Clause: Evasion moves are banned\n|rule|Species Clause: Limit one of each Pok\u00e9mon\n|rule|Sleep Clause Mod: Limit one foe put to sleep\n|clearpoke\n|poke|p1|Ninetales-Alola, M|\n|poke|p1|Glaceon, M|\n|poke|p1|Arctozolt|\n|poke|p1|Castform, M|\n|poke|p1|Eiscue, M|\n|poke|p1|Lopunny, F|\n|poke|p2|Glimmora, M|\n|poke|p2|Meganium, F|\n|poke|p2|Tropius, M|\n|poke|p2|Haxorus, F|\n|poke|p2|Meowstic, M|\n|teampreview\n|\n|t:|1700263510\n|start\n|switch|p1a: Ninetales|Ninetales-Alola, M|100\/100\n|switch|p2a: Luma|Glimmora, M|100\/100\n|-weather|Snow|[from] ability: Snow Warning|[of] p1a: Ninetales\n|turn|1\n|\n|t:|1700263535\n|move|p1a: Ninetales|Blizzard|p2a: Luma\n|-damage|p2a: Luma|65\/100\n|move|p2a: Luma|Stealth Rock|p1a: Ninetales\n|-sidestart|p1: SanjaDreams|move: Stealth Rock\n|\n|-weather|Snow|[upkeep]\n|upkeep\n|turn|2\n|\n|t:|1700263558\n|move|p1a: Ninetales|Blizzard|p2a: Luma\n|-damage|p2a: Luma|26\/100\n|move|p2a: Luma|Toxic Spikes|p1a: Ninetales\n|-sidestart|p1: SanjaDreams|move: Toxic Spikes\n|\n|-weather|Snow|[upkeep]\n|upkeep\n|turn|3\n|\n|t:|1700263592\n|move|p1a: Ninetales|Blizzard|p2a: Luma\n|-damage|p2a: Luma|0 fnt\n|faint|p2a: Luma\n|\n|-weather|Snow|[upkeep]\n|upkeep\n|\n|t:|1700263598\n|switch|p2a: Meowstic|Meowstic, M|100\/100\n|turn|4\n|\n|t:|1700263618\n|move|p2a: Meowstic|Light Screen|p2a: Meowstic\n|-sidestart|p2: 88lemurs|move: Light Screen\n|move|p1a: Ninetales|Aurora Veil|p1a: Ninetales\n|-sidestart|p1: SanjaDreams|move: Aurora Veil\n|\n|-weather|Snow|[upkeep]\n|upkeep\n|turn|5\n|\n|t:|1700263623\n|move|p2a: Meowstic|Thunder Wave|p1a: Ninetales\n|-status|p1a: Ninetales|par\n|move|p1a: Ninetales|Moonblast|p2a: Meowstic\n|-damage|p2a: Meowstic|80\/100\n|-unboost|p2a: Meowstic|spa|1\n|\n|-weather|Snow|[upkeep]\n|upkeep\n|turn|6\n|\n|t:|1700263640\n|switch|p2a: apple|Meganium, F|100\/100\n|move|p1a: Ninetales|Encore||[still]\n|-fail|p1a: Ninetales\n|\n|-weather|Snow|[upkeep]\n|upkeep\n|turn|7\n|\n|t:|1700263654\n|move|p2a: apple|Substitute|p2a: apple\n|-start|p2a: apple|Substitute\n|-damage|p2a: apple|75\/100\n|move|p1a: Ninetales|Blizzard|p2a: apple\n|-supereffective|p2a: apple\n|-end|p2a: apple|Substitute\n|\n|-weather|Snow|[upkeep]\n|-heal|p2a: apple|82\/100|[from] item: Leftovers\n|upkeep\n|turn|8\n|\n|t:|1700263668\n|switch|p1a: Glaceon|Glaceon, M|100\/100\n|-damage|p1a: Glaceon|76\/100|[from] Stealth Rock\n|-status|p1a: Glaceon|psn\n|move|p2a: apple|Leech Seed|p1a: Glaceon\n|-start|p1a: Glaceon|move: Leech Seed\n|\n|-weather|none\n|-heal|p2a: apple|88\/100|[from] item: Leftovers\n|-heal|p1a: Glaceon|82\/100 psn|[from] item: Leftovers\n|-damage|p1a: Glaceon|69\/100 psn|[from] Leech Seed|[of] p2a: apple\n|-heal|p2a: apple|99\/100|[silent]\n|-damage|p1a: Glaceon|57\/100 psn|[from] psn\n|-sideend|p1: SanjaDreams|move: Aurora Veil\n|upkeep\n|turn|9\n|\n|t:|1700263690\n|move|p2a: apple|Protect|p2a: apple\n|-singleturn|p2a: apple|Protect\n|move|p1a: Glaceon|Freeze-Dry|p2a: apple\n|-activate|p2a: apple|move: Protect\n|\n|-heal|p2a: apple|100\/100|[from] item: Leftovers\n|-heal|p1a: Glaceon|63\/100 psn|[from] item: Leftovers\n|-damage|p1a: Glaceon|51\/100 psn|[from] Leech Seed|[of] p2a: apple\n|-damage|p1a: Glaceon|39\/100 psn|[from] psn\n|upkeep\n|turn|10\n|\n|t:|1700263706\n|move|p2a: apple|Substitute|p2a: apple\n|-start|p2a: apple|Substitute\n|-damage|p2a: apple|75\/100\n|move|p1a: Glaceon|Freeze-Dry|p2a: apple\n|-supereffective|p2a: apple\n|-end|p2a: apple|Substitute\n|\n|-heal|p2a: apple|82\/100|[from] item: Leftovers\n|-heal|p1a: Glaceon|45\/100 psn|[from] item: Leftovers\n|-damage|p1a: Glaceon|32\/100 psn|[from] Leech Seed|[of] p2a: apple\n|-heal|p2a: apple|93\/100|[silent]\n|-damage|p1a: Glaceon|20\/100 psn|[from] psn\n|upkeep\n|turn|11\n|-message|SanjaDreams forfeited.\n|\n|win|88lemurs\n|raw|SanjaDreams's rating: 1054 &rarr; <strong>1035<\/strong><br \/>(-19 for losing)\n|raw|88lemurs's rating: 1030 &rarr; <strong>1068<\/strong><br \/>(+38 for winning)\n","uploadtime":1700263829,"views":6,"p1id":"sanjadreams","p2id":"88lemurs","formatid":"gen9nationaldex","rating":1035,"private":0,"password":""}