{"id":"gen9nationaldex-1998840684","p1":"shaggysoloo","p2":"huntixv","format":"[Gen 9] National Dex","log":"|html|<div class=\"broadcast-blue\"><strong>[Gen 9] National Dex is currently suspecting Sneasler! For information on how to participate check out the <a href=\"https:\/\/www.smogon.com\/forums\/threads\/sv-national-dex-suspect-8-just-dance.3731534\/\">suspect thread<\/a>.<\/strong><\/div>\n|j|\u2606shaggysoloo\n|j|\u2606huntixv\n|t:|1701001299\n|gametype|singles\n|player|p1|shaggysoloo|2|\n|player|p2|huntixv|benga|\n|teamsize|p1|5\n|teamsize|p2|6\n|gen|9\n|tier|[Gen 9] National Dex\n|rule|HP Percentage Mod: HP is shown in percentages\n|rule|Endless Battle Clause: Forcing endless battles is banned\n|rule|OHKO Clause: OHKO moves are banned\n|rule|Evasion Clause: Evasion abilities, items, and moves are banned\n|rule|Evasion Abilities Clause: Evasion abilities are banned\n|rule|Evasion Items Clause: Evasion items are banned\n|rule|Evasion Moves Clause: Evasion moves are banned\n|rule|Species Clause: Limit one of each Pok\u00e9mon\n|rule|Sleep Clause Mod: Limit one foe put to sleep\n|clearpoke\n|poke|p1|Charizard, M|\n|poke|p1|Scovillain, M|\n|poke|p1|Typhlosion, M|\n|poke|p1|Volcarona, M|\n|poke|p1|Arcanine, M|\n|poke|p2|Toxapex, M|\n|poke|p2|Gyarados, M|\n|poke|p2|Clawitzer, M|\n|poke|p2|Cloyster, M|\n|poke|p2|Swampert, M|\n|poke|p2|Kingdra, M|\n|teampreview\n|\n|t:|1701001306\n|start\n|switch|p1a: Volcarona|Volcarona, M|100\/100\n|switch|p2a: Toxapex|Toxapex, M, shiny|100\/100\n|turn|1\n|\n|t:|1701001316\n|-terastallize|p1a: Volcarona|Bug\n|move|p1a: Volcarona|Trailblaze|p2a: Toxapex\n|-damage|p2a: Toxapex|94\/100\n|-boost|p1a: Volcarona|spe|1\n|move|p2a: Toxapex|Toxic|p1a: Volcarona\n|-status|p1a: Volcarona|tox\n|\n|-heal|p2a: Toxapex|100\/100|[from] item: Leftovers\n|-damage|p1a: Volcarona|95\/100 tox|[from] psn\n|upkeep\n|turn|2\n|\n|t:|1701001330\n|move|p1a: Volcarona|Giga Drain|p2a: Toxapex\n|-damage|p2a: Toxapex|83\/100\n|-heal|p1a: Volcarona|100\/100 tox|[from] drain|[of] p2a: Toxapex\n|move|p2a: Toxapex|Liquidation|p1a: Volcarona\n|-crit|p1a: Volcarona\n|-damage|p1a: Volcarona|62\/100 tox\n|-status|p2a: Toxapex|brn|[from] ability: Flame Body|[of] p1a: Volcarona\n|\n|-heal|p1a: Volcarona|68\/100 tox|[from] item: Leftovers\n|-heal|p2a: Toxapex|89\/100 brn|[from] item: Leftovers\n|-damage|p1a: Volcarona|56\/100 tox|[from] psn\n|-damage|p2a: Toxapex|83\/100 brn|[from] brn\n|upkeep\n|turn|3\n|\n|t:|1701001350\n|switch|p1a: Arcanine|Arcanine, M|100\/100\n|-ability|p1a: Arcanine|Intimidate|boost\n|-unboost|p2a: Toxapex|atk|1\n|-item|p1a: Arcanine|Air Balloon\n|move|p2a: Toxapex|Toxic|p1a: Arcanine\n|-status|p1a: Arcanine|tox\n|\n|-heal|p2a: Toxapex|89\/100 brn|[from] item: Leftovers\n|-damage|p1a: Arcanine|94\/100 tox|[from] psn\n|-damage|p2a: Toxapex|83\/100 brn|[from] brn\n|upkeep\n|turn|4\n|\n|t:|1701001365\n|switch|p2a: Swampert|Swampert, M|100\/100\n|move|p1a: Arcanine|Crunch|p2a: Swampert\n|-damage|p2a: Swampert|81\/100\n|\n|-damage|p1a: Arcanine|82\/100 tox|[from] psn\n|upkeep\n|turn|5\n|\n|t:|1701001375\n|move|p1a: Arcanine|Solar Beam||[still]\n|-prepare|p1a: Arcanine|Solar Beam\n|move|p2a: Swampert|Aqua Tail|p1a: Arcanine\n|-supereffective|p1a: Arcanine\n|-damage|p1a: Arcanine|16\/100 tox\n|-enditem|p1a: Arcanine|Air Balloon\n|\n|-damage|p1a: Arcanine|0 fnt|[from] psn\n|faint|p1a: Arcanine\n|upkeep\n|\n|t:|1701001383\n|switch|p1a: Volcarona|Volcarona, M, tera:Bug|56\/100 tox\n|turn|6\n|\n|t:|1701001403\n|move|p1a: Volcarona|Giga Drain|p2a: Swampert\n|-supereffective|p2a: Swampert\n|-damage|p2a: Swampert|0 fnt\n|-heal|p1a: Volcarona|99\/100 tox|[from] drain|[of] p2a: Swampert\n|faint|p2a: Swampert\n|\n|-heal|p1a: Volcarona|100\/100 tox|[from] item: Leftovers\n|-damage|p1a: Volcarona|95\/100 tox|[from] psn\n|upkeep\n|\n|t:|1701001426\n|switch|p2a: Toxapex|Toxapex, M, shiny|83\/100 brn\n|turn|7\n|\n|t:|1701001431\n|switch|p1a: Typhlosion|Typhlosion, M|100\/100\n|move|p2a: Toxapex|Haze|p2a: Toxapex\n|-clearallboost\n|\n|-heal|p2a: Toxapex|89\/100 brn|[from] item: Leftovers\n|-damage|p2a: Toxapex|83\/100 brn|[from] brn\n|upkeep\n|turn|8\n|\n|t:|1701001444\n|move|p1a: Typhlosion|Solar Beam||[still]\n|-prepare|p1a: Typhlosion|Solar Beam\n|move|p2a: Toxapex|Recover|p2a: Toxapex\n|-heal|p2a: Toxapex|100\/100 brn\n|\n|-damage|p2a: Toxapex|94\/100 brn|[from] brn\n|upkeep\n|turn|9\n|\n|t:|1701001455\n|move|p1a: Typhlosion|Solar Beam|p2a: Toxapex|[from]lockedmove\n|-damage|p2a: Toxapex|69\/100 brn\n|move|p2a: Toxapex|Liquidation|p1a: Typhlosion\n|-supereffective|p1a: Typhlosion\n|-damage|p1a: Typhlosion|73\/100\n|\n|-heal|p2a: Toxapex|75\/100 brn|[from] item: Leftovers\n|-damage|p2a: Toxapex|69\/100 brn|[from] brn\n|upkeep\n|turn|10\n|\n|t:|1701001468\n|move|p1a: Typhlosion|Solar Beam||[still]\n|-prepare|p1a: Typhlosion|Solar Beam\n|move|p2a: Toxapex|Toxic|p1a: Typhlosion\n|-status|p1a: Typhlosion|tox\n|\n|-heal|p2a: Toxapex|75\/100 brn|[from] item: Leftovers\n|-damage|p1a: Typhlosion|67\/100 tox|[from] psn\n|-damage|p2a: Toxapex|69\/100 brn|[from] brn\n|upkeep\n|turn|11\n|\n|t:|1701001479\n|switch|p2a: Kingdra|Kingdra, M, shiny|100\/100\n|move|p1a: Typhlosion|Solar Beam|p2a: Kingdra|[from]lockedmove\n|-damage|p2a: Kingdra|71\/100\n|\n|-damage|p1a: Typhlosion|54\/100 tox|[from] psn\n|upkeep\n|turn|12\n|\n|t:|1701001493\n|switch|p1a: Charizard|Charizard, M|100\/100\n|move|p2a: Kingdra|Blizzard|p1a: Charizard|[miss]\n|-miss|p2a: Kingdra|p1a: Charizard\n|\n|upkeep\n|turn|13\n|\n|t:|1701001503\n|detailschange|p1a: Charizard|Charizard-Mega-Y, M\n|-mega|p1a: Charizard|Charizard|Charizardite Y\n|-weather|SunnyDay|[from] ability: Drought|[of] p1a: Charizard\n|move|p1a: Charizard|Air Slash|p2a: Kingdra\n|-damage|p2a: Kingdra|31\/100\n|cant|p2a: Kingdra|flinch\n|\n|-weather|SunnyDay|[upkeep]\n|upkeep\n|turn|14\n|\n|t:|1701001516\n|move|p1a: Charizard|Air Slash|p2a: Kingdra\n|-damage|p2a: Kingdra|0 fnt\n|faint|p2a: Kingdra\n|\n|-weather|SunnyDay|[upkeep]\n|upkeep\n|\n|t:|1701001527\n|switch|p2a: Gyarados|Gyarados, M, shiny|100\/100\n|-ability|p2a: Gyarados|Intimidate|boost\n|-unboost|p1a: Charizard|atk|1\n|turn|15\n|\n|t:|1701001536\n|detailschange|p2a: Gyarados|Gyarados-Mega, M, shiny\n|-mega|p2a: Gyarados|Gyarados|Gyaradosite\n|-ability|p2a: Gyarados|Mold Breaker\n|move|p1a: Charizard|Solar Beam||[still]\n|-prepare|p1a: Charizard|Solar Beam\n|-anim|p1a: Charizard|Solar Beam|p2a: Gyarados\n|-supereffective|p2a: Gyarados\n|-damage|p2a: Gyarados|43\/100\n|move|p2a: Gyarados|Hurricane|p1a: Charizard\n|-damage|p1a: Charizard|81\/100\n|\n|-weather|SunnyDay|[upkeep]\n|upkeep\n|turn|16\n|\n|t:|1701001552\n|move|p1a: Charizard|Solar Beam||[still]\n|-prepare|p1a: Charizard|Solar Beam\n|-anim|p1a: Charizard|Solar Beam|p2a: Gyarados\n|-supereffective|p2a: Gyarados\n|-damage|p2a: Gyarados|0 fnt\n|faint|p2a: Gyarados\n|\n|-weather|SunnyDay|[upkeep]\n|upkeep\n|\n|t:|1701001562\n|switch|p2a: Toxapex|Toxapex, M, shiny|69\/100 brn\n|turn|17\n|\n|t:|1701001566\n|move|p1a: Charizard|Air Slash|p2a: Toxapex\n|-damage|p2a: Toxapex|38\/100 brn\n|move|p2a: Toxapex|Toxic|p1a: Charizard\n|-status|p1a: Charizard|tox\n|\n|-weather|none\n|-heal|p2a: Toxapex|45\/100 brn|[from] item: Leftovers\n|-damage|p1a: Charizard|75\/100 tox|[from] psn\n|-damage|p2a: Toxapex|38\/100 brn|[from] brn\n|upkeep\n|turn|18\n|\n|t:|1701001579\n|move|p1a: Charizard|Body Slam|p2a: Toxapex\n|-damage|p2a: Toxapex|27\/100 brn\n|move|p2a: Toxapex|Recover|p2a: Toxapex\n|-heal|p2a: Toxapex|77\/100 brn\n|\n|-heal|p2a: Toxapex|84\/100 brn|[from] item: Leftovers\n|-damage|p1a: Charizard|63\/100 tox|[from] psn\n|-damage|p2a: Toxapex|77\/100 brn|[from] brn\n|upkeep\n|turn|19\n|\n|t:|1701001597\n|move|p1a: Charizard|Air Slash|p2a: Toxapex\n|-crit|p2a: Toxapex\n|-damage|p2a: Toxapex|32\/100 brn\n|move|p2a: Toxapex|Liquidation|p1a: Charizard\n|-supereffective|p1a: Charizard\n|-crit|p1a: Charizard\n|-damage|p1a: Charizard|25\/100 tox\n|\n|-heal|p2a: Toxapex|38\/100 brn|[from] item: Leftovers\n|-damage|p1a: Charizard|7\/100 tox|[from] psn\n|-damage|p2a: Toxapex|32\/100 brn|[from] brn\n|upkeep\n|turn|20\n|\n|t:|1701001612\n|switch|p2a: Clawitzer|Clawitzer, M|100\/100\n|move|p1a: Charizard|Air Slash|p2a: Clawitzer\n|-damage|p2a: Clawitzer|56\/100\n|\n|-damage|p1a: Charizard|0 fnt|[from] psn\n|faint|p1a: Charizard\n|upkeep\n|\n|t:|1701001621\n|switch|p1a: Typhlosion|Typhlosion, M|54\/100 tox\n|turn|21\n|\n|t:|1701001627\n|move|p1a: Typhlosion|Solar Beam||[still]\n|-prepare|p1a: Typhlosion|Solar Beam\n|move|p2a: Clawitzer|Liquidation|p1a: Typhlosion\n|-supereffective|p1a: Typhlosion\n|-damage|p1a: Typhlosion|0 fnt\n|faint|p1a: Typhlosion\n|\n|upkeep\n|\n|t:|1701001634\n|switch|p1a: Scovillain|Scovillain, M|100\/100\n|turn|22\n|\n|t:|1701001641\n|switch|p2a: Toxapex|Toxapex, M, shiny|32\/100 brn\n|move|p1a: Scovillain|Energy Ball|p2a: Toxapex\n|-damage|p2a: Toxapex|6\/100 brn\n|\n|-heal|p2a: Toxapex|13\/100 brn|[from] item: Leftovers\n|-damage|p2a: Toxapex|6\/100 brn|[from] brn\n|upkeep\n|turn|23\n|\n|t:|1701001657\n|move|p1a: Scovillain|Leaf Storm|p2a: Toxapex\n|-damage|p2a: Toxapex|0 fnt\n|-unboost|p1a: Scovillain|spa|2\n|faint|p2a: Toxapex\n|\n|upkeep\n|\n|t:|1701001667\n|switch|p2a: Cloyster|Cloyster, M|100\/100\n|turn|24\n|\n|t:|1701001671\n|move|p1a: Scovillain|Leaf Storm|p2a: Cloyster\n|-supereffective|p2a: Cloyster\n|-damage|p2a: Cloyster|10\/100\n|-unboost|p1a: Scovillain|spa|2\n|move|p2a: Cloyster|Chilling Water|p1a: Scovillain\n|-damage|p1a: Scovillain|76\/100\n|-unboost|p1a: Scovillain|atk|1\n|\n|upkeep\n|turn|25\n|\n|t:|1701001690\n|switch|p2a: Clawitzer|Clawitzer, M|56\/100\n|move|p1a: Scovillain|Bullet Seed|p2a: Clawitzer\n|-supereffective|p2a: Clawitzer\n|-damage|p2a: Clawitzer|40\/100\n|-supereffective|p2a: Clawitzer\n|-damage|p2a: Clawitzer|22\/100\n|-supereffective|p2a: Clawitzer\n|-damage|p2a: Clawitzer|5\/100\n|-hitcount|p2a: Clawitzer|3\n|\n|upkeep\n|turn|26\n|\n|t:|1701001703\n|-terastallize|p2a: Clawitzer|Water\n|move|p1a: Scovillain|Giga Drain|p2a: Clawitzer\n|-supereffective|p2a: Clawitzer\n|-damage|p2a: Clawitzer|0 fnt\n|-heal|p1a: Scovillain|79\/100|[from] drain|[of] p2a: Clawitzer\n|faint|p2a: Clawitzer\n|\n|upkeep\n|\n|t:|1701001729\n|switch|p2a: Cloyster|Cloyster, M|10\/100\n|turn|27\n|\n|t:|1701001745\n|move|p1a: Scovillain|Leaf Storm|p2a: Cloyster\n|-supereffective|p2a: Cloyster\n|-damage|p2a: Cloyster|0 fnt\n|-unboost|p1a: Scovillain|spa|2\n|faint|p2a: Cloyster\n|\n|win|shaggysoloo\n","uploadtime":1701001752,"views":2,"p1id":"shaggysoloo","p2id":"huntixv","formatid":"gen9nationaldex","rating":0,"private":0,"password":""}