{"id":"gen9nationaldex-1994796727","p1":"SrPorquet","p2":"Oksan61","format":"[Gen 9] National Dex","log":"|html|<div class=\"broadcast-blue\"><strong>[Gen 9] National Dex is currently suspecting Sneasler! For information on how to participate check out the <a href=\"https:\/\/www.smogon.com\/forums\/threads\/sv-national-dex-suspect-8-just-dance.3731534\/\">suspect thread<\/a>.<\/strong><\/div>\n|j|\u203dSrPorquet\n|j|\u2606Oksan61\n|t:|1700493645\n|gametype|singles\n|player|p1|SrPorquet|falkner|1000\n|player|p2|Oksan61|1|1028\n|teamsize|p1|6\n|teamsize|p2|6\n|gen|9\n|tier|[Gen 9] National Dex\n|rated|\n|rule|HP Percentage Mod: HP is shown in percentages\n|rule|Endless Battle Clause: Forcing endless battles is banned\n|rule|OHKO Clause: OHKO moves are banned\n|rule|Evasion Clause: Evasion abilities, items, and moves are banned\n|rule|Evasion Abilities Clause: Evasion abilities are banned\n|rule|Evasion Items Clause: Evasion items are banned\n|rule|Evasion Moves Clause: Evasion moves are banned\n|rule|Species Clause: Limit one of each Pok\u00e9mon\n|rule|Sleep Clause Mod: Limit one foe put to sleep\n|clearpoke\n|poke|p1|Pidgeot, M|\n|poke|p1|Magmortar, M|\n|poke|p1|Raichu, F|\n|poke|p1|Clefable, M|\n|poke|p1|Vileplume, M|\n|poke|p1|Politoed, M|\n|poke|p2|Garganacl, M|\n|poke|p2|Aerodactyl, M|\n|poke|p2|Zoroark, M|\n|poke|p2|Shuckle, M|\n|poke|p2|Gastrodon, F|\n|poke|p2|Latios, M|\n|teampreview\n|\n|t:|1700493658\n|start\n|switch|p1a: Politoed|Politoed, M|100\/100\n|switch|p2a: Aerodactyl|Aerodactyl, M|100\/100\n|-ability|p2a: Aerodactyl|Pressure\n|turn|1\n|\n|t:|1700493664\n|move|p2a: Aerodactyl|Stealth Rock|p1a: Politoed\n|-sidestart|p1: SrPorquet|move: Stealth Rock\n|move|p1a: Politoed|Ice Beam|p2a: Aerodactyl\n|-supereffective|p2a: Aerodactyl\n|-damage|p2a: Aerodactyl|48\/100\n|\n|upkeep\n|turn|2\n|\n|t:|1700493670\n|switch|p2a: Latios|Latios, M|100\/100\n|move|p1a: Politoed|Surf|p2a: Latios\n|-resisted|p2a: Latios\n|-damage|p2a: Latios|86\/100\n|\n|upkeep\n|turn|3\n|\n|t:|1700493676\n|switch|p1a: Clefable|Clefable, M|100\/100\n|move|p2a: Latios|Mystical Fire|p1a: Clefable\n|-damage|p1a: Clefable|80\/100\n|-unboost|p1a: Clefable|spa|1\n|\n|upkeep\n|turn|4\n|\n|t:|1700493680\n|switch|p1a: Raichu|Raichu, F|100\/100\n|-damage|p1a: Raichu|88\/100|[from] Stealth Rock\n|move|p2a: Latios|Mystical Fire|p1a: Raichu\n|-damage|p1a: Raichu|51\/100\n|-unboost|p1a: Raichu|spa|1\n|\n|upkeep\n|turn|5\n|\n|t:|1700493683\n|move|p2a: Latios|Reflect|p2a: Latios\n|-sidestart|p2: Oksan61|Reflect\n|move|p1a: Raichu|Nuzzle|p2a: Latios\n|-resisted|p2a: Latios\n|-damage|p2a: Latios|83\/100\n|-status|p2a: Latios|par\n|-damage|p1a: Raichu|41\/100|[from] item: Life Orb\n|\n|upkeep\n|turn|6\n|\n|t:|1700493689\n|move|p1a: Raichu|Play Rough|p2a: Latios\n|-supereffective|p2a: Latios\n|-damage|p2a: Latios|50\/100 par\n|-damage|p1a: Raichu|32\/100|[from] item: Life Orb\n|move|p2a: Latios|Light Screen|p2a: Latios\n|-sidestart|p2: Oksan61|move: Light Screen\n|\n|upkeep\n|turn|7\n|\n|t:|1700493693\n|move|p1a: Raichu|Play Rough|p2a: Latios\n|-supereffective|p2a: Latios\n|-damage|p2a: Latios|18\/100 par\n|-damage|p1a: Raichu|22\/100|[from] item: Life Orb\n|move|p2a: Latios|Memento|p1a: Raichu\n|-unboost|p1a: Raichu|atk|2\n|-unboost|p1a: Raichu|spa|2\n|faint|p2a: Latios\n|\n|upkeep\n|\n|t:|1700493697\n|switch|p2a: Shuckle|Shuckle, M|100\/100\n|turn|8\n|\n|t:|1700493713\n|move|p1a: Raichu|Nuzzle|p2a: Shuckle\n|-damage|p2a: Shuckle|98\/100\n|-status|p2a: Shuckle|par\n|-damage|p1a: Raichu|12\/100|[from] item: Life Orb\n|move|p2a: Shuckle|String Shot|p1a: Raichu\n|-unboost|p1a: Raichu|spe|2\n|\n|upkeep\n|turn|9\n|\n|t:|1700493722\n|move|p1a: Raichu|Volt Tackle|p2a: Shuckle\n|-damage|p2a: Shuckle|86\/100 par\n|-damage|p1a: Raichu|9\/100|[from] Recoil\n|-damage|p1a: Raichu|0 fnt|[from] item: Life Orb\n|faint|p1a: Raichu\n|move|p2a: Shuckle|Shell Smash|p2a: Shuckle\n|-unboost|p2a: Shuckle|def|1\n|-unboost|p2a: Shuckle|spd|1\n|-boost|p2a: Shuckle|atk|2\n|-boost|p2a: Shuckle|spa|2\n|-boost|p2a: Shuckle|spe|2\n|-enditem|p2a: Shuckle|Eject Pack\n|-message|Oksan61 forfeited.\n|\n|win|SrPorquet\n|raw|SrPorquet's rating: 1000 &rarr; <strong>1043<\/strong><br \/>(+43 for winning)\n|raw|Oksan61's rating: 1028 &rarr; <strong>1013<\/strong><br \/>(-15 for losing)\n|l|\u2606Oksan61\n","uploadtime":1700493738,"views":2,"p1id":"srporquet","p2id":"oksan61","formatid":"gen9nationaldex","rating":1013,"private":0,"password":""}