{"id":"gen9nationaldex-1998773979","p1":"TuanAnhDzXD","p2":"zn997","format":"[Gen 9] National Dex","log":"|html|<div class=\"broadcast-blue\"><strong>[Gen 9] National Dex is currently suspecting Sneasler! For information on how to participate check out the <a href=\"https:\/\/www.smogon.com\/forums\/threads\/sv-national-dex-suspect-8-just-dance.3731534\/\">suspect thread<\/a>.<\/strong><\/div>\n|j|\u2606TuanAnhDzXD\n|j|\u2606zn997\n|t:|1700987993\n|gametype|singles\n|player|p1|TuanAnhDzXD|1|1284\n|player|p2|zn997|hilbert|1243\n|teamsize|p1|6\n|teamsize|p2|6\n|gen|9\n|tier|[Gen 9] National Dex\n|rated|\n|rule|HP Percentage Mod: HP is shown in percentages\n|rule|Endless Battle Clause: Forcing endless battles is banned\n|rule|OHKO Clause: OHKO moves are banned\n|rule|Evasion Clause: Evasion abilities, items, and moves are banned\n|rule|Evasion Abilities Clause: Evasion abilities are banned\n|rule|Evasion Items Clause: Evasion items are banned\n|rule|Evasion Moves Clause: Evasion moves are banned\n|rule|Species Clause: Limit one of each Pok\u00e9mon\n|rule|Sleep Clause Mod: Limit one foe put to sleep\n|clearpoke\n|poke|p1|Haxorus, M|\n|poke|p1|Ribombee, M|\n|poke|p1|Grimmsnarl, M|\n|poke|p1|Breloom, M|\n|poke|p1|Great Tusk|\n|poke|p1|Rotom-Wash|\n|poke|p2|Banette, M|\n|poke|p2|Ceruledge, F|\n|poke|p2|Aegislash, M|\n|poke|p2|Sableye, F|\n|poke|p2|Gourgeist-*, M|\n|poke|p2|Blacephalon|\n|teampreview\n|inactive|Battle timer is ON: inactive players will automatically lose when time's up. (requested by zn997)\n|\n|t:|1700988000\n|start\n|switch|p1a: Ribombee|Ribombee, M|100\/100\n|switch|p2a: Sableye|Sableye, F|100\/100\n|turn|1\n|\n|t:|1700988004\n|move|p2a: Sableye|Taunt|p1a: Ribombee\n|-start|p1a: Ribombee|move: Taunt\n|move|p1a: Ribombee|Moonblast|p2a: Sableye\n|-supereffective|p2a: Sableye\n|-damage|p2a: Sableye|3\/100\n|\n|upkeep\n|turn|2\n|\n|t:|1700988010\n|move|p2a: Sableye|Thunder Wave|p1a: Ribombee\n|-status|p1a: Ribombee|par\n|move|p1a: Ribombee|Moonblast|p2a: Sableye\n|-supereffective|p2a: Sableye\n|-crit|p2a: Sableye\n|-damage|p2a: Sableye|0 fnt\n|faint|p2a: Sableye\n|\n|upkeep\n|\n|t:|1700988017\n|switch|p2a: Ceruledge|Ceruledge, F|100\/100\n|turn|3\n|\n|t:|1700988021\n|move|p2a: Ceruledge|Bitter Blade|p1a: Ribombee\n|-supereffective|p1a: Ribombee\n|-enditem|p1a: Ribombee|Focus Sash\n|-damage|p1a: Ribombee|1\/100 par\n|cant|p1a: Ribombee|par\n|\n|-end|p1a: Ribombee|move: Taunt\n|upkeep\n|turn|4\n|\n|t:|1700988025\n|move|p2a: Ceruledge|Shadow Sneak|p1a: Ribombee\n|-damage|p1a: Ribombee|0 fnt\n|faint|p1a: Ribombee\n|\n|upkeep\n|\n|t:|1700988030\n|switch|p1a: Great Tusk|Great Tusk|100\/100\n|turn|5\n|\n|t:|1700988037\n|-terastallize|p2a: Ceruledge|Water\n|move|p2a: Ceruledge|Swords Dance|p2a: Ceruledge\n|-boost|p2a: Ceruledge|atk|2\n|move|p1a: Great Tusk|Knock Off|p2a: Ceruledge\n|-damage|p2a: Ceruledge|73\/100\n|-ability|p2a: Ceruledge|Weak Armor|boost\n|-unboost|p2a: Ceruledge|def|1\n|-boost|p2a: Ceruledge|spe|2\n|-enditem|p2a: Ceruledge|Focus Sash|[from] move: Knock Off|[of] p1a: Great Tusk\n|\n|upkeep\n|turn|6\n|\n|t:|1700988050\n|move|p2a: Ceruledge|Bitter Blade|p1a: Great Tusk\n|-damage|p1a: Great Tusk|56\/100\n|-heal|p2a: Ceruledge|100\/100|[from] drain|[of] p1a: Great Tusk\n|move|p1a: Great Tusk|Earthquake|p2a: Ceruledge\n|-damage|p2a: Ceruledge|32\/100\n|-ability|p2a: Ceruledge|Weak Armor|boost\n|-unboost|p2a: Ceruledge|def|1\n|-boost|p2a: Ceruledge|spe|2\n|\n|-heal|p1a: Great Tusk|62\/100|[from] item: Leftovers\n|upkeep\n|turn|7\n|\n|t:|1700988064\n|move|p2a: Ceruledge|Close Combat|p1a: Great Tusk\n|-damage|p1a: Great Tusk|24\/100\n|-unboost|p2a: Ceruledge|def|1\n|-unboost|p2a: Ceruledge|spd|1\n|move|p1a: Great Tusk|Earthquake|p2a: Ceruledge\n|-damage|p2a: Ceruledge|0 fnt\n|faint|p2a: Ceruledge\n|\n|-heal|p1a: Great Tusk|30\/100|[from] item: Leftovers\n|upkeep\n|\n|t:|1700988070\n|switch|p2a: Blacephalon|Blacephalon|100\/100\n|turn|8\n|\n|t:|1700988076\n|-end|p1a: Great Tusk|Protosynthesis|[silent]\n|switch|p1a: Grimmsnarl|Grimmsnarl, M|100\/100\n|move|p2a: Blacephalon|Shadow Ball|p1a: Grimmsnarl\n|-resisted|p1a: Grimmsnarl\n|-damage|p1a: Grimmsnarl|82\/100\n|\n|upkeep\n|turn|9\n|\n|t:|1700988081\n|move|p1a: Grimmsnarl|Light Screen|p1a: Grimmsnarl\n|-sidestart|p1: TuanAnhDzXD|move: Light Screen\n|move|p2a: Blacephalon|Mind Blown|p1a: Grimmsnarl\n|-damage|p1a: Grimmsnarl|50\/100\n|-damage|p2a: Blacephalon|50\/100|[from] mindblown\n|\n|upkeep\n|turn|10\n|\n|t:|1700988085\n|switch|p2a: Aegislash|Aegislash, M|100\/100\n|move|p1a: Grimmsnarl|Reflect|p1a: Grimmsnarl\n|-sidestart|p1: TuanAnhDzXD|Reflect\n|\n|upkeep\n|turn|11\n|\n|t:|1700988088\n|move|p1a: Grimmsnarl|Taunt|p2a: Aegislash\n|-start|p2a: Aegislash|move: Taunt\n|cant|p2a: Aegislash|move: Taunt|Autotomize\n|\n|upkeep\n|turn|12\n|\n|t:|1700988093\n|switch|p2a: Banette|Banette, M|100\/100\n|move|p1a: Grimmsnarl|Parting Shot|p2a: Banette\n|-unboost|p2a: Banette|atk|1\n|-unboost|p2a: Banette|spa|1\n|\n|t:|1700988099\n|switch|p1a: Haxorus|Haxorus, M|100\/100|[from] Parting Shot\n|-ability|p1a: Haxorus|Mold Breaker\n|\n|upkeep\n|turn|13\n|\n|t:|1700988107\n|detailschange|p2a: Banette|Banette-Mega, M\n|-mega|p2a: Banette|Banette|Banettite\n|move|p2a: Banette|Will-O-Wisp|p1a: Haxorus\n|-status|p1a: Haxorus|brn\n|move|p1a: Haxorus|Earthquake|p2a: Banette\n|-damage|p2a: Banette|65\/100\n|-damage|p1a: Haxorus|91\/100 brn|[from] item: Life Orb\n|\n|-damage|p1a: Haxorus|84\/100 brn|[from] brn\n|upkeep\n|turn|14\n|\n|t:|1700988112\n|switch|p1a: Great Tusk|Great Tusk|30\/100\n|switch|p2a: Gourgeist|Gourgeist-Super, M|100\/100\n|\n|-heal|p1a: Great Tusk|36\/100|[from] item: Leftovers\n|upkeep\n|turn|15\n|\n|t:|1700988116\n|move|p1a: Great Tusk|Knock Off|p2a: Gourgeist\n|-supereffective|p2a: Gourgeist\n|-damage|p2a: Gourgeist|73\/100\n|-zpower|p2a: Gourgeist\n|move|p2a: Gourgeist|Z-Trick-or-Treat|p1a: Great Tusk|[anim]Trick-or-Treat\n|-boost|p2a: Gourgeist|atk|1|[zeffect]\n|-boost|p2a: Gourgeist|def|1|[zeffect]\n|-boost|p2a: Gourgeist|spa|1|[zeffect]\n|-boost|p2a: Gourgeist|spd|1|[zeffect]\n|-boost|p2a: Gourgeist|spe|1|[zeffect]\n|-start|p1a: Great Tusk|typeadd|Ghost|[from] move: Trick-or-Treat\n|\n|-heal|p1a: Great Tusk|42\/100|[from] item: Leftovers\n|upkeep\n|turn|16\n|\n|t:|1700988122\n|-end|p1a: Great Tusk|Protosynthesis|[silent]\n|switch|p1a: Grimmsnarl|Grimmsnarl, M|50\/100\n|move|p2a: Gourgeist|Poltergeist|p1a: Grimmsnarl\n|-activate|p1a: Grimmsnarl|move: Poltergeist|Light Clay\n|-resisted|p1a: Grimmsnarl\n|-damage|p1a: Grimmsnarl|24\/100\n|\n|-sideend|p1: TuanAnhDzXD|move: Light Screen\n|upkeep\n|turn|17\n|\n|t:|1700988127\n|move|p1a: Grimmsnarl|Light Screen|p1a: Grimmsnarl\n|-sidestart|p1: TuanAnhDzXD|move: Light Screen\n|move|p2a: Gourgeist|Power Whip|p1a: Grimmsnarl\n|-damage|p1a: Grimmsnarl|0 fnt\n|faint|p1a: Grimmsnarl\n|\n|-sideend|p1: TuanAnhDzXD|Reflect\n|upkeep\n|\n|t:|1700988136\n|switch|p1a: Great Tusk|Great Tusk|42\/100\n|turn|18\n|\n|t:|1700988142\n|move|p2a: Gourgeist|Poltergeist|p1a: Great Tusk\n|-activate|p1a: Great Tusk|move: Poltergeist|Leftovers\n|-damage|p1a: Great Tusk|7\/100\n|move|p1a: Great Tusk|Earthquake|p2a: Gourgeist\n|-resisted|p2a: Gourgeist\n|-damage|p2a: Gourgeist|62\/100\n|\n|-heal|p1a: Great Tusk|13\/100|[from] item: Leftovers\n|upkeep\n|turn|19\n|\n|t:|1700988147\n|move|p2a: Gourgeist|Power Whip|p1a: Great Tusk\n|-supereffective|p1a: Great Tusk\n|-damage|p1a: Great Tusk|0 fnt\n|faint|p1a: Great Tusk\n|-end|p1a: Great Tusk|Protosynthesis|[silent]\n|\n|upkeep\n|\n|t:|1700988149\n|switch|p1a: Breloom|Breloom, M|100\/100\n|turn|20\n|\n|t:|1700988155\n|-terastallize|p1a: Breloom|Grass\n|move|p1a: Breloom|Bullet Seed|p2a: Gourgeist\n|-resisted|p2a: Gourgeist\n|-damage|p2a: Gourgeist|54\/100\n|-resisted|p2a: Gourgeist\n|-damage|p2a: Gourgeist|46\/100\n|-hitcount|p2a: Gourgeist|2\n|move|p2a: Gourgeist|Poltergeist|p1a: Breloom\n|-activate|p1a: Breloom|move: Poltergeist|Focus Sash\n|-enditem|p1a: Breloom|Focus Sash\n|-damage|p1a: Breloom|1\/100\n|\n|upkeep\n|turn|21\n|\n|t:|1700988166\n|move|p2a: Gourgeist|Shadow Sneak|p1a: Breloom\n|-damage|p1a: Breloom|0 fnt\n|faint|p1a: Breloom\n|\n|upkeep\n|\n|t:|1700988168\n|switch|p1a: Rotom|Rotom-Wash|100\/100\n|turn|22\n|\n|t:|1700988173\n|move|p2a: Gourgeist|Power Whip|p1a: Rotom\n|-supereffective|p1a: Rotom\n|-damage|p1a: Rotom|0 fnt\n|faint|p1a: Rotom\n|\n|upkeep\n|-message|TuanAnhDzXD forfeited.\n|\n|win|zn997\n|raw|TuanAnhDzXD's rating: 1284 &rarr; <strong>1256<\/strong><br \/>(-28 for losing)\n|raw|zn997's rating: 1243 &rarr; <strong>1271<\/strong><br \/>(+28 for winning)\n|l|\u2606TuanAnhDzXD\n","uploadtime":1700988179,"views":1,"p1id":"tuananhdzxd","p2id":"zn997","formatid":"gen9nationaldex","rating":1256,"private":0,"password":""}