{"id":"gen9nationaldex-1993325742","p1":"weiwoduzun\u696a\u7948","p2":"wopowopo","format":"[Gen 9] National Dex","log":"|j|\u2606weiwoduzun\u696a\u7948\n|j|\u2606wopowopo\n|t:|1700298779\n|gametype|singles\n|player|p1|weiwoduzun\u696a\u7948|266|1517\n|player|p2|wopowopo|265|1461\n|teamsize|p1|6\n|teamsize|p2|6\n|gen|9\n|tier|[Gen 9] National Dex\n|rated|\n|rule|HP Percentage Mod: HP is shown in percentages\n|rule|Endless Battle Clause: Forcing endless battles is banned\n|rule|OHKO Clause: OHKO moves are banned\n|rule|Evasion Clause: Evasion abilities, items, and moves are banned\n|rule|Evasion Abilities Clause: Evasion abilities are banned\n|rule|Evasion Items Clause: Evasion items are banned\n|rule|Evasion Moves Clause: Evasion moves are banned\n|rule|Species Clause: Limit one of each Pok\u00e9mon\n|rule|Sleep Clause Mod: Limit one foe put to sleep\n|clearpoke\n|poke|p1|Tapu Lele|\n|poke|p1|Armarouge, M|\n|poke|p1|Ceruledge, F|\n|poke|p1|Zapdos|\n|poke|p1|Hatterene, F|\n|poke|p1|Polteageist-Antique|\n|poke|p2|Ditto|\n|poke|p2|Victini|\n|poke|p2|Kyurem|\n|poke|p2|Ninetales-Alola, M|\n|poke|p2|Sableye, M|\n|poke|p2|Arctovish|\n|teampreview\n|inactive|Battle timer is ON: inactive players will automatically lose when time's up. (requested by wopowopo)\n|\n|t:|1700298782\n|start\n|switch|p1a: Tapu Lele|Tapu Lele|100\/100\n|switch|p2a: Ninetales|Ninetales-Alola, M|100\/100\n|-weather|Snow|[from] ability: Snow Warning|[of] p2a: Ninetales\n|-fieldstart|move: Psychic Terrain|[from] ability: Psychic Surge|[of] p1a: Tapu Lele\n|turn|1\n|\n|t:|1700298788\n|move|p2a: Ninetales|Aurora Veil|p2a: Ninetales\n|-sidestart|p2: wopowopo|move: Aurora Veil\n|move|p1a: Tapu Lele|Future Sight|p2a: Ninetales\n|-start|p1a: Tapu Lele|move: Future Sight\n|\n|-weather|Snow|[upkeep]\n|upkeep\n|turn|2\n|\n|t:|1700298796\n|switch|p2a: Arctovish|Arctovish|100\/100\n|switch|p1a: Hatterene|Hatterene, F|100\/100\n|\n|-weather|Snow|[upkeep]\n|upkeep\n|turn|3\n|\n|t:|1700298807\n|switch|p2a: Sableye|Sableye, M|100\/100\n|move|p1a: Hatterene|Nuzzle|p2a: Sableye\n|-damage|p2a: Sableye|98\/100\n|-status|p2a: Sableye|par\n|\n|-weather|Snow|[upkeep]\n|-end|p2a: Sableye|move: Future Sight\n|-immune|p2a: Sableye\n|upkeep\n|turn|4\n|\n|t:|1700298817\n|detailschange|p2a: Sableye|Sableye-Mega, M\n|-mega|p2a: Sableye|Sableye|Sablenite\n|move|p1a: Hatterene|Draining Kiss|p2a: Sableye\n|-supereffective|p2a: Sableye\n|-damage|p2a: Sableye|82\/100 par\n|move|p2a: Sableye|Knock Off|p1a: Hatterene\n|-damage|p1a: Hatterene|69\/100\n|-enditem|p1a: Hatterene|Assault Vest|[from] move: Knock Off|[of] p2a: Sableye\n|\n|-weather|Snow|[upkeep]\n|upkeep\n|turn|5\n|\n|t:|1700298831\n|switch|p2a: Arctovish|Arctovish|100\/100\n|move|p1a: Hatterene|Nuzzle|p2a: Arctovish\n|-supereffective|p2a: Arctovish\n|-damage|p2a: Arctovish|98\/100\n|-status|p2a: Arctovish|par\n|\n|-weather|Snow|[upkeep]\n|-sideend|p2: wopowopo|move: Aurora Veil\n|upkeep\n|turn|6\n|\n|t:|1700298839\n|cant|p2a: Arctovish|par\n|move|p1a: Hatterene|Draining Kiss|p2a: Arctovish\n|-damage|p2a: Arctovish|71\/100 par\n|-heal|p1a: Hatterene|90\/100|[from] drain|[of] p2a: Arctovish\n|\n|-weather|Snow|[upkeep]\n|upkeep\n|turn|7\n|\n|t:|1700298845\n|move|p2a: Arctovish|Fishious Rend|p1a: Hatterene\n|-damage|p1a: Hatterene|0 fnt\n|faint|p1a: Hatterene\n|\n|-weather|Snow|[upkeep]\n|upkeep\n|\n|t:|1700298852\n|switch|p1a: Polteageist|Polteageist-Antique|100\/100\n|turn|8\n|\n|t:|1700298856\n|switch|p2a: Ninetales|Ninetales-Alola, M|100\/100\n|move|p1a: Polteageist|Shell Smash|p1a: Polteageist\n|-unboost|p1a: Polteageist|def|1\n|-unboost|p1a: Polteageist|spd|1\n|-boost|p1a: Polteageist|atk|2\n|-boost|p1a: Polteageist|spa|2\n|-boost|p1a: Polteageist|spe|2\n|\n|-weather|none\n|-fieldend|move: Psychic Terrain\n|upkeep\n|turn|9\n|\n|t:|1700298861\n|move|p1a: Polteageist|Stored Power|p2a: Ninetales\n|-damage|p2a: Ninetales|0 fnt\n|faint|p2a: Ninetales\n|\n|upkeep\n|\n|t:|1700298864\n|switch|p2a: Ditto|Ditto|100\/100\n|-transform|p2a: Ditto|p1a: Polteageist|[from] ability: Imposter\n|turn|10\n|\n|t:|1700298871\n|-terastallize|p2a: Ditto|Ghost\n|move|p2a: Ditto|Shadow Ball|p1a: Polteageist\n|-supereffective|p1a: Polteageist\n|-enditem|p1a: Polteageist|Focus Sash\n|-damage|p1a: Polteageist|1\/100\n|move|p1a: Polteageist|Shadow Ball|p2a: Ditto\n|-supereffective|p2a: Ditto\n|-damage|p2a: Ditto|0 fnt\n|faint|p2a: Ditto\n|\n|upkeep\n|\n|t:|1700298881\n|switch|p2a: Sableye|Sableye-Mega, M|82\/100 par\n|turn|11\n|\n|t:|1700298884\n|move|p1a: Polteageist|Shadow Ball|p2a: Sableye\n|-damage|p2a: Sableye|23\/100 par\n|-unboost|p2a: Sableye|spd|1\n|move|p2a: Sableye|Will-O-Wisp|p1a: Polteageist\n|-status|p1a: Polteageist|brn\n|\n|-damage|p1a: Polteageist|0 fnt|[from] brn\n|faint|p1a: Polteageist\n|upkeep\n|\n|t:|1700298890\n|switch|p1a: Tapu Lele|Tapu Lele|100\/100\n|-fieldstart|move: Psychic Terrain|[from] ability: Psychic Surge|[of] p1a: Tapu Lele\n|turn|12\n|\n|t:|1700298896\n|move|p1a: Tapu Lele|Moonblast|p2a: Sableye\n|-supereffective|p2a: Sableye\n|-damage|p2a: Sableye|0 fnt\n|faint|p2a: Sableye\n|\n|upkeep\n|\n|t:|1700298911\n|switch|p2a: Victini|Victini|100\/100\n|turn|13\n|\n|t:|1700298924\n|switch|p1a: Ceruledge|Ceruledge, F|100\/100\n|move|p2a: Victini|Final Gambit|p1a: Ceruledge\n|-immune|p1a: Ceruledge\n|\n|upkeep\n|turn|14\n|-message|wopowopo forfeited.\n|\n|win|weiwoduzun\u696a\u7948\n|raw|weiwoduzun\u696a\u7948's rating: 1517 &rarr; <strong>1534<\/strong><br \/>(+17 for winning)\n|raw|wopowopo's rating: 1461 &rarr; <strong>1444<\/strong><br \/>(-17 for losing)\n|l|\u2606wopowopo\n","uploadtime":1700298948,"views":6,"p1id":"weiwoduzun","p2id":"wopowopo","formatid":"gen9nationaldex","rating":1444,"private":0,"password":""}