{"id":"gen9nationaldex-1998572045","p1":"FernandaCoxta","p2":"PauloV.V","format":"[Gen 9] National Dex","log":"|html|<div class=\"broadcast-blue\"><strong>[Gen 9] National Dex is currently suspecting Sneasler! For information on how to participate check out the <a href=\"https:\/\/www.smogon.com\/forums\/threads\/sv-national-dex-suspect-8-just-dance.3731534\/\">suspect thread<\/a>.<\/strong><\/div>\n|j|\u2606FernandaCoxta\n|j|\u2606PauloV.V\n|t:|1700957868\n|gametype|singles\n|player|p1|FernandaCoxta|misty|\n|player|p2|PauloV.V|iris-gen5bw2|\n|teamsize|p1|6\n|teamsize|p2|6\n|gen|9\n|tier|[Gen 9] National Dex\n|rule|HP Percentage Mod: HP is shown in percentages\n|rule|Endless Battle Clause: Forcing endless battles is banned\n|rule|OHKO Clause: OHKO moves are banned\n|rule|Evasion Clause: Evasion abilities, items, and moves are banned\n|rule|Evasion Abilities Clause: Evasion abilities are banned\n|rule|Evasion Items Clause: Evasion items are banned\n|rule|Evasion Moves Clause: Evasion moves are banned\n|rule|Species Clause: Limit one of each Pok\u00e9mon\n|rule|Sleep Clause Mod: Limit one foe put to sleep\n|clearpoke\n|poke|p1|Ninetales, M|\n|poke|p1|Armarouge, M|\n|poke|p1|Volcarona, F|\n|poke|p1|Heatmor, F|\n|poke|p1|Chandelure, M|\n|poke|p1|Infernape, F|\n|poke|p2|Delphox, F|\n|poke|p2|Emboar, F|\n|poke|p2|Armarouge, F|\n|poke|p2|Marowak-Alola, M|\n|poke|p2|Skeledirge, F|\n|poke|p2|Chandelure, M|\n|teampreview\n|\n|t:|1700957914\n|start\n|switch|p1a: 25 de Mar\u00e7o|Heatmor, F|100\/100\n|switch|p2a: Delphox|Delphox, F|100\/100\n|turn|1\n|\n|t:|1700957923\n|move|p1a: 25 de Mar\u00e7o|Rain Dance|p1a: 25 de Mar\u00e7o\n|-weather|RainDance\n|move|p2a: Delphox|Trick Room|p2a: Delphox\n|-fieldstart|move: Trick Room|[of] p2a: Delphox\n|\n|-weather|RainDance|[upkeep]\n|upkeep\n|turn|2\n|\n|t:|1700957930\n|move|p2a: Delphox|Encore|p1a: 25 de Mar\u00e7o\n|-start|p1a: 25 de Mar\u00e7o|Encore\n|move|p1a: 25 de Mar\u00e7o|Rain Dance||[still]\n|-fail|p1a: 25 de Mar\u00e7o\n|\n|-weather|RainDance|[upkeep]\n|upkeep\n|turn|3\n|\n|t:|1700957945\n|switch|p2a: Skeledirge|Skeledirge, F|100\/100\n|-item|p2a: Skeledirge|Air Balloon\n|switch|p1a: R$ 100|Armarouge, M|100\/100\n|\n|-weather|RainDance|[upkeep]\n|upkeep\n|turn|4\n|\n|t:|1700957956\n|move|p2a: Skeledirge|Shadow Ball|p1a: R$ 100\n|-supereffective|p1a: R$ 100\n|-damage|p1a: R$ 100|4\/100\n|-enditem|p1a: R$ 100|Weakness Policy\n|-boost|p1a: R$ 100|atk|2|[from] item: Weakness Policy\n|-boost|p1a: R$ 100|spa|2|[from] item: Weakness Policy\n|move|p1a: R$ 100|Weather Ball|p2a: Skeledirge\n|-supereffective|p2a: Skeledirge\n|-damage|p2a: Skeledirge|0 fnt\n|-enditem|p2a: Skeledirge|Air Balloon\n|faint|p2a: Skeledirge\n|\n|-weather|RainDance|[upkeep]\n|upkeep\n|\n|t:|1700957980\n|switch|p2a: Delphox|Delphox, F|100\/100\n|turn|5\n|\n|t:|1700957986\n|move|p1a: R$ 100|Weather Ball|p2a: Delphox\n|-supereffective|p2a: Delphox\n|-damage|p2a: Delphox|0 fnt\n|faint|p2a: Delphox\n|\n|-weather|RainDance|[upkeep]\n|-fieldend|move: Trick Room\n|upkeep\n|\n|t:|1700957994\n|switch|p2a: Emboar|Emboar, F, shiny|100\/100\n|turn|6\n|\n|t:|1700957998\n|move|p2a: Emboar|Sucker Punch|p1a: R$ 100\n|-supereffective|p1a: R$ 100\n|-damage|p1a: R$ 100|0 fnt\n|faint|p1a: R$ 100\n|\n|-weather|RainDance|[upkeep]\n|upkeep\n|\n|t:|1700958003\n|switch|p1a: N\u00e3o tenho Senhora|Ninetales, M|100\/100\n|-item|p1a: N\u00e3o tenho Senhora|Air Balloon\n|turn|7\n|\n|t:|1700958033\n|move|p2a: Emboar|Sucker Punch|p1a: N\u00e3o tenho Senhora\n|-damage|p1a: N\u00e3o tenho Senhora|37\/100\n|-enditem|p1a: N\u00e3o tenho Senhora|Air Balloon\n|move|p1a: N\u00e3o tenho Senhora|Weather Ball|p2a: Emboar\n|-supereffective|p2a: Emboar\n|-damage|p2a: Emboar|19\/100\n|\n|-weather|RainDance|[upkeep]\n|upkeep\n|turn|8\n|\n|t:|1700958043\n|move|p2a: Emboar|Sucker Punch|p1a: N\u00e3o tenho Senhora\n|-damage|p1a: N\u00e3o tenho Senhora|0 fnt\n|faint|p1a: N\u00e3o tenho Senhora\n|\n|-weather|none\n|upkeep\n|\n|t:|1700958048\n|switch|p1a: Nihao China|Infernape, F|100\/100\n|turn|9\n|\n|t:|1700958073\n|switch|p1a: 25 de Mar\u00e7o|Heatmor, F|100\/100\n|switch|p2a: Chandelure|Chandelure, M|100\/100\n|\n|upkeep\n|turn|10\n|\n|t:|1700958082\n|move|p1a: 25 de Mar\u00e7o|Rain Dance|p1a: 25 de Mar\u00e7o\n|-weather|RainDance\n|move|p2a: Chandelure|Trick Room|p2a: Chandelure\n|-fieldstart|move: Trick Room|[of] p2a: Chandelure\n|\n|-weather|RainDance|[upkeep]\n|upkeep\n|turn|11\n|\n|t:|1700958089\n|move|p2a: Chandelure|Hidden Power|p1a: 25 de Mar\u00e7o\n|-supereffective|p1a: 25 de Mar\u00e7o\n|-damage|p1a: 25 de Mar\u00e7o|0 fnt\n|faint|p1a: 25 de Mar\u00e7o\n|\n|-weather|RainDance|[upkeep]\n|upkeep\n|\n|t:|1700958108\n|switch|p1a: Esperando UBER|Chandelure, M|100\/100\n|turn|12\n|\n|t:|1700958125\n|-terastallize|p2a: Chandelure|Fire\n|move|p2a: Chandelure|Hidden Power|p1a: Esperando UBER\n|-supereffective|p1a: Esperando UBER\n|-damage|p1a: Esperando UBER|0 fnt\n|faint|p1a: Esperando UBER\n|\n|-weather|RainDance|[upkeep]\n|upkeep\n|\n|t:|1700958141\n|switch|p1a: Nihao China|Infernape, F|100\/100\n|turn|13\n|\n|t:|1700958151\n|move|p2a: Chandelure|Hidden Power|p1a: Nihao China\n|-supereffective|p1a: Nihao China\n|-damage|p1a: Nihao China|0 fnt\n|faint|p1a: Nihao China\n|\n|-weather|RainDance|[upkeep]\n|upkeep\n|\n|t:|1700958156\n|switch|p1a: COXTMAS|Volcarona, F|100\/100\n|turn|14\n|\n|t:|1700958167\n|move|p2a: Chandelure|Hidden Power|p1a: COXTMAS\n|-supereffective|p1a: COXTMAS\n|-damage|p1a: COXTMAS|21\/100\n|move|p1a: COXTMAS|Hidden Power|p2a: Chandelure\n|-supereffective|p2a: Chandelure\n|-damage|p2a: Chandelure|15\/100\n|\n|-weather|RainDance|[upkeep]\n|-fieldend|move: Trick Room\n|upkeep\n|turn|15\n|\n|t:|1700958177\n|move|p1a: COXTMAS|Hidden Power|p2a: Chandelure\n|-supereffective|p2a: Chandelure\n|-damage|p2a: Chandelure|0 fnt\n|faint|p2a: Chandelure\n|\n|-weather|RainDance|[upkeep]\n|upkeep\n|\n|t:|1700958182\n|switch|p2a: Marowak|Marowak-Alola, M|100\/100\n|turn|16\n|\n|t:|1700958189\n|move|p1a: COXTMAS|Hidden Power|p2a: Marowak\n|-supereffective|p2a: Marowak\n|-damage|p2a: Marowak|6\/100\n|move|p2a: Marowak|Shadow Bone|p1a: COXTMAS\n|-damage|p1a: COXTMAS|0 fnt\n|faint|p1a: COXTMAS\n|\n|win|PauloV.V\n","uploadtime":1700958202,"views":21,"p1id":"fernandacoxta","p2id":"paulovv","formatid":"gen9nationaldex","rating":0,"private":0,"password":""}