{"id":"gen9nationaldex-1994277182","p1":"Abrazzzzf","p2":"Gugigft","format":"[Gen 9] National Dex","log":"|j|\u2606Abrazzzzf\n|j|\u2606Gugigft\n|t:|1700426226\n|gametype|singles\n|player|p1|Abrazzzzf|cowgirl|1000\n|player|p2|Gugigft|lucas|1000\n|teamsize|p1|6\n|teamsize|p2|6\n|gen|9\n|tier|[Gen 9] National Dex\n|rated|\n|rule|HP Percentage Mod: HP is shown in percentages\n|rule|Endless Battle Clause: Forcing endless battles is banned\n|rule|OHKO Clause: OHKO moves are banned\n|rule|Evasion Clause: Evasion abilities, items, and moves are banned\n|rule|Evasion Abilities Clause: Evasion abilities are banned\n|rule|Evasion Items Clause: Evasion items are banned\n|rule|Evasion Moves Clause: Evasion moves are banned\n|rule|Species Clause: Limit one of each Pok\u00e9mon\n|rule|Sleep Clause Mod: Limit one foe put to sleep\n|clearpoke\n|poke|p1|Decidueye-Hisui, M|\n|poke|p1|Tapu Lele|\n|poke|p1|Aurorus, F|\n|poke|p1|Okidogi, M|\n|poke|p1|Togedemaru, M|\n|poke|p1|Alomomola, F|\n|poke|p2|Ninetales-Alola, F|\n|poke|p2|Diancie|\n|poke|p2|Clefable, F|\n|poke|p2|Iron Valiant|\n|poke|p2|Rapidash-Galar, F|\n|poke|p2|Togekiss, M|\n|teampreview\n|inactive|Battle timer is ON: inactive players will automatically lose when time's up. (requested by Gugigft)\n|\n|t:|1700426229\n|start\n|switch|p1a: Aurorus|Aurorus, F, shiny|100\/100\n|switch|p2a: Ninetales|Ninetales-Alola, F, shiny|100\/100\n|-weather|Snow|[from] ability: Snow Warning|[of] p2a: Ninetales\n|turn|1\n|\n|t:|1700426239\n|move|p2a: Ninetales|Aurora Veil|p2a: Ninetales\n|-sidestart|p2: Gugigft|move: Aurora Veil\n|move|p1a: Aurorus|Stealth Rock|p2a: Ninetales\n|-sidestart|p2: Gugigft|move: Stealth Rock\n|\n|-weather|Snow|[upkeep]\n|upkeep\n|turn|2\n|\n|t:|1700426244\n|move|p2a: Ninetales|Calm Mind|p2a: Ninetales\n|-boost|p2a: Ninetales|spa|1\n|-boost|p2a: Ninetales|spd|1\n|move|p1a: Aurorus|Aurora Veil|p1a: Aurorus\n|-sidestart|p1: Abrazzzzf|move: Aurora Veil\n|\n|-weather|Snow|[upkeep]\n|upkeep\n|turn|3\n|\n|t:|1700426251\n|move|p2a: Ninetales|Calm Mind|p2a: Ninetales\n|-boost|p2a: Ninetales|spa|1\n|-boost|p2a: Ninetales|spd|1\n|move|p1a: Aurorus|Calm Mind|p1a: Aurorus\n|-boost|p1a: Aurorus|spa|1\n|-boost|p1a: Aurorus|spd|1\n|\n|-weather|Snow|[upkeep]\n|upkeep\n|turn|4\n|\n|t:|1700426260\n|move|p2a: Ninetales|Weather Ball|p1a: Aurorus\n|-resisted|p1a: Aurorus\n|-damage|p1a: Aurorus|90\/100\n|move|p1a: Aurorus|Earthquake|p2a: Ninetales\n|-damage|p2a: Ninetales|91\/100\n|\n|-weather|Snow|[upkeep]\n|upkeep\n|turn|5\n|\n|t:|1700426269\n|move|p2a: Ninetales|Draining Kiss|p1a: Aurorus\n|-damage|p1a: Aurorus|79\/100\n|-heal|p2a: Ninetales|100\/100|[from] drain|[of] p1a: Aurorus\n|move|p1a: Aurorus|Calm Mind|p1a: Aurorus\n|-boost|p1a: Aurorus|spa|1\n|-boost|p1a: Aurorus|spd|1\n|\n|-weather|none\n|-sideend|p2: Gugigft|move: Aurora Veil\n|upkeep\n|turn|6\n|\n|t:|1700426278\n|switch|p2a: Iron Valiant|Iron Valiant|100\/100\n|-damage|p2a: Iron Valiant|94\/100|[from] Stealth Rock\n|-enditem|p2a: Iron Valiant|Booster Energy\n|-activate|p2a: Iron Valiant|ability: Quark Drive|[fromitem]\n|-start|p2a: Iron Valiant|quarkdrivespe\n|move|p1a: Aurorus|Calm Mind|p1a: Aurorus\n|-boost|p1a: Aurorus|spa|1\n|-boost|p1a: Aurorus|spd|1\n|\n|-sideend|p1: Abrazzzzf|move: Aurora Veil\n|upkeep\n|turn|7\n|\n|t:|1700426290\n|move|p2a: Iron Valiant|Psycho Cut|p1a: Aurorus\n|-crit|p1a: Aurorus\n|-damage|p1a: Aurorus|52\/100\n|move|p1a: Aurorus|Earthquake|p2a: Iron Valiant\n|-damage|p2a: Iron Valiant|70\/100\n|\n|upkeep\n|turn|8\n|\n|t:|1700426306\n|move|p2a: Iron Valiant|Psycho Cut|p1a: Aurorus\n|-crit|p1a: Aurorus\n|-damage|p1a: Aurorus|29\/100\n|move|p1a: Aurorus|Aurora Veil||[still]\n|-fail|p1a: Aurorus\n|\n|upkeep\n|turn|9\n|\n|t:|1700426312\n|move|p2a: Iron Valiant|Psycho Cut|p1a: Aurorus\n|-damage|p1a: Aurorus|11\/100\n|move|p1a: Aurorus|Calm Mind|p1a: Aurorus\n|-boost|p1a: Aurorus|spa|1\n|-boost|p1a: Aurorus|spd|1\n|\n|upkeep\n|turn|10\n|\n|t:|1700426319\n|move|p2a: Iron Valiant|Psycho Cut|p1a: Aurorus\n|-damage|p1a: Aurorus|0 fnt\n|faint|p1a: Aurorus\n|\n|upkeep\n|\n|t:|1700426327\n|switch|p1a: Alomomola|Alomomola, F, shiny|100\/100\n|turn|11\n|\n|t:|1700426336\n|move|p2a: Iron Valiant|Psycho Cut|p1a: Alomomola\n|-damage|p1a: Alomomola|88\/100\n|move|p1a: Alomomola|Aqua Ring|p1a: Alomomola\n|-start|p1a: Alomomola|Aqua Ring\n|\n|-heal|p1a: Alomomola|94\/100|[from] item: Leftovers\n|-heal|p1a: Alomomola|100\/100|[from] Aqua Ring\n|upkeep\n|turn|12\n|\n|t:|1700426346\n|-end|p2a: Iron Valiant|Quark Drive|[silent]\n|switch|p2a: Clefable|Clefable, F, shiny|100\/100\n|move|p1a: Alomomola|Liquidation|p2a: Clefable\n|-damage|p2a: Clefable|75\/100\n|-unboost|p2a: Clefable|def|1\n|\n|upkeep\n|turn|13\n|\n|t:|1700426356\n|move|p1a: Alomomola|Liquidation|p2a: Clefable\n|-damage|p2a: Clefable|38\/100\n|move|p2a: Clefable|Cosmic Power|p2a: Clefable\n|-boost|p2a: Clefable|def|1\n|-boost|p2a: Clefable|spd|1\n|\n|upkeep\n|turn|14\n|\n|t:|1700426363\n|move|p1a: Alomomola|Liquidation|p2a: Clefable\n|-damage|p2a: Clefable|10\/100\n|move|p2a: Clefable|Thunderbolt|p1a: Alomomola\n|-supereffective|p1a: Alomomola\n|-damage|p1a: Alomomola|36\/100\n|\n|-heal|p1a: Alomomola|42\/100|[from] item: Leftovers\n|-heal|p1a: Alomomola|48\/100|[from] Aqua Ring\n|upkeep\n|turn|15\n|\n|t:|1700426373\n|move|p1a: Alomomola|Liquidation|p2a: Clefable\n|-damage|p2a: Clefable|0 fnt\n|faint|p2a: Clefable\n|\n|-heal|p1a: Alomomola|55\/100|[from] item: Leftovers\n|-heal|p1a: Alomomola|61\/100|[from] Aqua Ring\n|upkeep\n|-message|Gugigft forfeited.\n|\n|win|Abrazzzzf\n|raw|Abrazzzzf's rating: 1000 &rarr; <strong>1040<\/strong><br \/>(+40 for winning)\n|raw|Gugigft's rating: 1000 &rarr; <strong>1000<\/strong><br \/>(+0 for losing)\n|l|\u2606Gugigft\n","uploadtime":1700426391,"views":6,"p1id":"abrazzzzf","p2id":"gugigft","formatid":"gen9nationaldex","rating":1000,"private":0,"password":""}