{"id":"gen9nationaldex-1994223320","p1":"Damnright","p2":"Green Croagunk","format":"[Gen 9] National Dex","log":"|j|\u2606Damnright\n|j|\u2606Green Croagunk\n|t:|1700420646\n|gametype|singles\n|player|p1|Damnright|mai|\n|player|p2|Green Croagunk|crasherwake|\n|teamsize|p1|6\n|teamsize|p2|6\n|gen|9\n|tier|[Gen 9] National Dex\n|rule|HP Percentage Mod: HP is shown in percentages\n|rule|Endless Battle Clause: Forcing endless battles is banned\n|rule|OHKO Clause: OHKO moves are banned\n|rule|Evasion Clause: Evasion abilities, items, and moves are banned\n|rule|Evasion Abilities Clause: Evasion abilities are banned\n|rule|Evasion Items Clause: Evasion items are banned\n|rule|Evasion Moves Clause: Evasion moves are banned\n|rule|Species Clause: Limit one of each Pok\u00e9mon\n|rule|Sleep Clause Mod: Limit one foe put to sleep\n|clearpoke\n|poke|p1|Arcanine-Hisui, M|\n|poke|p1|Electrode-Hisui|\n|poke|p1|Corviknight, F|\n|poke|p1|Gyarados, M|\n|poke|p1|Regice|\n|poke|p1|Blacephalon|\n|poke|p2|Golem-Alola, F|\n|poke|p2|Medicham, F|\n|poke|p2|Dodrio, M|\n|poke|p2|Basculegion, M|\n|poke|p2|Electrode-Hisui|\n|poke|p2|Landorus-Therian, M|\n|teampreview\n|c|\u2606Green Croagunk|glhf\n|j| Frank1997\n|c|\u2606Green Croagunk|beter heb je nicknames\n|j| Fant'sy Beast\n|l| Fant'sy Beast\n|c| Frank1997|Hup Bart\n|c|\u2606Green Croagunk|ok ik ben er nog\n|c|\u2606Green Croagunk|hoeveelheid kijkers valt tegen\n|c|\u2606Damnright|glhf\n|c|\u2606Damnright|oeps\n|c|\u2606Damnright|geen nicknames\n|c|\u2606Green Croagunk|cringe\n|c| Frank1997|Maar het is wel de belangrijkste\n|j| Gangster Samurott\n|c|\u2606Green Croagunk|~~nu moet je forfeiten~~\n|\n|t:|1700420790\n|start\n|switch|p1a: Arcanine|Arcanine-Hisui, M, shiny|100\/100\n|switch|p2a: Amongus blaster|Golem-Alola, F|100\/100\n|turn|1\n|\n|t:|1700420799\n|switch|p1a: Corviknight|Corviknight, F|100\/100\n|-ability|p1a: Corviknight|Pressure\n|move|p2a: Amongus blaster|Earthquake|p1a: Corviknight\n|-immune|p1a: Corviknight\n|\n|upkeep\n|turn|2\n|c| Frank1997|sus\n|\n|t:|1700420809\n|move|p2a: Amongus blaster|Stealth Rock|p1a: Corviknight\n|-sidestart|p1: Damnright|move: Stealth Rock\n|move|p1a: Corviknight|U-turn|p2a: Amongus blaster\n|-damage|p2a: Amongus blaster|87\/100\n|j|+kingbaruk\n|\n|t:|1700420813\n|switch|p1a: Arcanine|Arcanine-Hisui, M, shiny|100\/100|[from] U-turn\n|-damage|p1a: Arcanine|76\/100|[from] Stealth Rock\n|\n|upkeep\n|turn|3\n|\n|t:|1700420819\n|move|p1a: Arcanine|Close Combat|p2a: Amongus blaster\n|-supereffective|p2a: Amongus blaster\n|-damage|p2a: Amongus blaster|17\/100\n|-unboost|p1a: Arcanine|def|1\n|-unboost|p1a: Arcanine|spd|1\n|move|p2a: Amongus blaster|Earthquake|p1a: Arcanine\n|-supereffective|p1a: Arcanine\n|-damage|p1a: Arcanine|0 fnt\n|faint|p1a: Arcanine\n|\n|upkeep\n|c|\u2606Damnright|wat een tenk\n|\n|t:|1700420831\n|switch|p1a: Blacephalon|Blacephalon|100\/100\n|-damage|p1a: Blacephalon|75\/100|[from] Stealth Rock\n|turn|4\n|-enditem|p2a: Amongus blaster|Custap Berry|[eat]\n|-activate|p2a: Amongus blaster|item: Custap Berry|[consumed]\n|\n|t:|1700420837\n|move|p2a: Amongus blaster|Earthquake|p1a: Blacephalon\n|-supereffective|p1a: Blacephalon\n|-damage|p1a: Blacephalon|0 fnt\n|faint|p1a: Blacephalon\n|\n|upkeep\n|c|\u2606Damnright|oke\n|c|\u2606Damnright|dit is al gg\n|c|\u2606Green Croagunk|epic\n|\n|t:|1700420847\n|switch|p1a: Electrode|Electrode-Hisui, shiny|100\/100\n|-damage|p1a: Electrode|88\/100|[from] Stealth Rock\n|turn|5\n|c| Frank1997|Lekker Bart\n|\n|t:|1700420859\n|move|p1a: Electrode|Tera Blast|p2a: Amongus blaster\n|-resisted|p2a: Amongus blaster\n|-damage|p2a: Amongus blaster|0 fnt\n|faint|p2a: Amongus blaster\n|\n|upkeep\n|\n|t:|1700420880\n|switch|p2a: Billy D. Williams|Landorus-Therian, M|100\/100\n|-ability|p2a: Billy D. Williams|Intimidate|boost\n|-unboost|p1a: Electrode|atk|1\n|turn|6\n|\n|t:|1700420894\n|-terastallize|p1a: Electrode|Ice\n|move|p1a: Electrode|Tera Blast|p2a: Billy D. Williams|[anim] Tera Blast Ice\n|-supereffective|p2a: Billy D. Williams\n|-damage|p2a: Billy D. Williams|0 fnt\n|faint|p2a: Billy D. Williams\n|\n|upkeep\n|c|\u2606Green Croagunk|oh shit\n|c|\u2606Green Croagunk|dat ding is snel\n|\n|t:|1700420906\n|switch|p2a: a guy named Joe|Medicham, F|100\/100\n|turn|7\n|c|\u2606Damnright|electrode he\n|\n|t:|1700420911\n|switch|p1a: Corviknight|Corviknight, F|100\/100\n|-damage|p1a: Corviknight|88\/100|[from] Stealth Rock\n|-ability|p1a: Corviknight|Pressure\n|detailschange|p2a: a guy named Joe|Medicham-Mega, F\n|-mega|p2a: a guy named Joe|Medicham|Medichamite\n|move|p2a: a guy named Joe|Fake Out|p1a: Corviknight\n|-resisted|p1a: Corviknight\n|-damage|p1a: Corviknight|82\/100\n|\n|-heal|p1a: Corviknight|88\/100|[from] item: Leftovers\n|upkeep\n|turn|8\n|c|\u2606Green Croagunk|ja tuurlijk\n|c|\u2606Green Croagunk|maar toch\n|c| Frank1997|Was je scarfed dan?\n|c|\u2606Damnright|deze meta is zo lachen\n|c|\u2606Green Croagunk|nee\n|c|\u2606Green Croagunk|mijn brein is afk\n|\n|t:|1700420948\n|move|p2a: a guy named Joe|High Jump Kick|p1a: Corviknight\n|-damage|p1a: Corviknight|15\/100\n|move|p1a: Corviknight|Brave Bird|p2a: a guy named Joe\n|-supereffective|p2a: a guy named Joe\n|-damage|p2a: a guy named Joe|0 fnt\n|faint|p2a: a guy named Joe\n|-damage|p1a: Corviknight|0 fnt|[from] Recoil\n|faint|p1a: Corviknight\n|\n|upkeep\n|c|\u2606Green Croagunk|dat was geen goede trade\n|\n|t:|1700420965\n|switch|p2a: fok it we ball|Electrode-Hisui|100\/100\n|switch|p1a: Electrode|Electrode-Hisui, shiny, tera:Ice|88\/100\n|-damage|p1a: Electrode|63\/100|[from] Stealth Rock\n|turn|9\n|\n|t:|1700420984\n|-terastallize|p2a: fok it we ball|Fairy\n|move|p2a: fok it we ball|Thunderbolt|p1a: Electrode\n|-damage|p1a: Electrode|14\/100\n|move|p1a: Electrode|Tera Blast|p2a: fok it we ball|[anim] Tera Blast Ice\n|-damage|p2a: fok it we ball|29\/100\n|\n|upkeep\n|turn|10\n|\n|t:|1700420995\n|switch|p1a: Regice|Regice|100\/100\n|-damage|p1a: Regice|76\/100|[from] Stealth Rock\n|move|p2a: fok it we ball|Thunderbolt|p1a: Regice\n|-damage|p1a: Regice|61\/100\n|-status|p1a: Regice|par\n|\n|-heal|p1a: Regice|67\/100 par|[from] item: Leftovers\n|upkeep\n|turn|11\n|c|\u2606Green Croagunk|was dat speed tie of evs?\n|c|\u2606Damnright|denk wel tie\n|\n|t:|1700421007\n|move|p2a: fok it we ball|Volt Switch|p1a: Regice\n|-damage|p1a: Regice|56\/100 par\n|\n|t:|1700421013\n|switch|p2a: Bruhsculin|Basculegion, M|100\/100|[from] Volt Switch\n|move|p1a: Regice|Explosion|p2a: Bruhsculin\n|-immune|p2a: Bruhsculin\n|faint|p1a: Regice\n|\n|upkeep\n|c|\u2606Green Croagunk|lol\n|\n|t:|1700421021\n|switch|p1a: Electrode|Electrode-Hisui, shiny, tera:Ice|14\/100\n|-damage|p1a: Electrode|0 fnt|[from] Stealth Rock\n|faint|p1a: Electrode\n|c|\u2606Green Croagunk|lmao zelfs\n|\n|t:|1700421023\n|switch|p1a: Gyarados|Gyarados, M|100\/100\n|-damage|p1a: Gyarados|76\/100|[from] Stealth Rock\n|-ability|p1a: Gyarados|Intimidate|boost\n|-unboost|p2a: Bruhsculin|atk|1\n|turn|12\n|\n|t:|1700421031\n|detailschange|p1a: Gyarados|Gyarados-Mega, M\n|-mega|p1a: Gyarados|Gyarados|Gyaradosite\n|-ability|p1a: Gyarados|Mold Breaker\n|move|p2a: Bruhsculin|Head Smash|p1a: Gyarados\n|-damage|p1a: Gyarados|46\/100\n|-damage|p2a: Bruhsculin|87\/100|[from] Recoil\n|move|p1a: Gyarados|Dragon Dance|p1a: Gyarados\n|-boost|p1a: Gyarados|atk|1\n|-boost|p1a: Gyarados|spe|1\n|\n|upkeep\n|turn|13\n|c|\u2606Green Croagunk|oh oh\n|\n|t:|1700421045\n|move|p2a: Bruhsculin|Head Smash|p1a: Gyarados\n|-damage|p1a: Gyarados|16\/100\n|-damage|p2a: Bruhsculin|74\/100|[from] Recoil\n|move|p1a: Gyarados|Dragon Dance|p1a: Gyarados\n|-boost|p1a: Gyarados|atk|1\n|-boost|p1a: Gyarados|spe|1\n|\n|upkeep\n|turn|14\n|l| Frank1997\n|\n|t:|1700421052\n|move|p1a: Gyarados|Waterfall|p2a: Bruhsculin\n|-resisted|p2a: Bruhsculin\n|-damage|p2a: Bruhsculin|13\/100\n|cant|p2a: Bruhsculin|flinch\n|\n|upkeep\n|turn|15\n|c|\u2606Green Croagunk|godver\n|j| Frank1997\n|\n|t:|1700421060\n|move|p1a: Gyarados|Waterfall|p2a: Bruhsculin\n|-resisted|p2a: Bruhsculin\n|-damage|p2a: Bruhsculin|0 fnt\n|faint|p2a: Bruhsculin\n|\n|upkeep\n|c|\u2606Damnright|epic\n|\n|t:|1700421070\n|switch|p2a: Ashura bird|Dodrio, M|100\/100\n|turn|16\n|\n|t:|1700421076\n|move|p2a: Ashura bird|Brave Bird|p1a: Gyarados\n|-damage|p1a: Gyarados|0 fnt\n|faint|p1a: Gyarados\n|-damage|p2a: Ashura bird|94\/100|[from] Recoil\n|\n|win|Green Croagunk\n|c|\u2606Green Croagunk|gg\n|c|\u2606Damnright|wtf\n|c|\u2606Damnright|snelle vogel\n|c|\u2606Damnright|gg\n|c|\u2606Green Croagunk|get scarfed\n|c|\u2606Damnright|post jij replay\n","uploadtime":1700421088,"views":19,"p1id":"damnright","p2id":"greencroagunk","formatid":"gen9nationaldex","rating":0,"private":0,"password":""}