{"id":"gen9nationaldex-1998605897","p1":"Umporeon","p2":"kiolujjki","format":"[Gen 9] National Dex","log":"|html|<div class=\"broadcast-blue\"><strong>[Gen 9] National Dex is currently suspecting Sneasler! For information on how to participate check out the <a href=\"https:\/\/www.smogon.com\/forums\/threads\/sv-national-dex-suspect-8-just-dance.3731534\/\">suspect thread<\/a>.<\/strong><\/div>\n|j|\u2606Umporeon\n|j|\u2606kiolujjki\n|t:|1700962092\n|gametype|singles\n|player|p1|Umporeon|266|1006\n|player|p2|kiolujjki|medium-gen2jp|1000\n|teamsize|p1|6\n|teamsize|p2|6\n|gen|9\n|tier|[Gen 9] National Dex\n|rated|\n|rule|HP Percentage Mod: HP is shown in percentages\n|rule|Endless Battle Clause: Forcing endless battles is banned\n|rule|OHKO Clause: OHKO moves are banned\n|rule|Evasion Clause: Evasion abilities, items, and moves are banned\n|rule|Evasion Abilities Clause: Evasion abilities are banned\n|rule|Evasion Items Clause: Evasion items are banned\n|rule|Evasion Moves Clause: Evasion moves are banned\n|rule|Species Clause: Limit one of each Pok\u00e9mon\n|rule|Sleep Clause Mod: Limit one foe put to sleep\n|clearpoke\n|poke|p1|Blacephalon|\n|poke|p1|Beedrill, F|\n|poke|p1|Malamar, F|\n|poke|p1|Xurkitree|\n|poke|p1|Spiritomb, F|\n|poke|p1|Barbaracle, F|\n|poke|p2|Araquanid, F|\n|poke|p2|Trevenant, M|\n|poke|p2|Abomasnow, F|\n|poke|p2|Murkrow, M|\n|poke|p2|Honchkrow, F|\n|poke|p2|Manaphy|\n|teampreview\n|\n|t:|1700962116\n|start\n|switch|p1a: Xurkitree|Xurkitree|100\/100\n|switch|p2a: Satinavhuso|Araquanid, F|100\/100\n|turn|1\n|\n|t:|1700962123\n|-terastallize|p2a: Satinavhuso|Electric\n|move|p1a: Xurkitree|Discharge|p2a: Satinavhuso\n|-resisted|p2a: Satinavhuso\n|-damage|p2a: Satinavhuso|80\/100\n|move|p2a: Satinavhuso|Sticky Web|p1a: Xurkitree\n|-sidestart|p1: Umporeon|move: Sticky Web\n|\n|upkeep\n|turn|2\n|\n|t:|1700962133\n|move|p1a: Xurkitree|Energy Ball|p2a: Satinavhuso\n|-damage|p2a: Satinavhuso|47\/100\n|move|p2a: Satinavhuso|Liquidation|p1a: Xurkitree\n|-damage|p1a: Xurkitree|30\/100\n|-unboost|p1a: Xurkitree|def|1\n|\n|upkeep\n|turn|3\n|\n|t:|1700962141\n|move|p1a: Xurkitree|Energy Ball|p2a: Satinavhuso\n|-damage|p2a: Satinavhuso|16\/100\n|-enditem|p2a: Satinavhuso|Aguav Berry|[eat]\n|-heal|p2a: Satinavhuso|49\/100|[from] item: Aguav Berry\n|move|p2a: Satinavhuso|Leech Life|p1a: Xurkitree\n|-damage|p1a: Xurkitree|0 fnt\n|-heal|p2a: Satinavhuso|66\/100|[from] drain|[of] p1a: Xurkitree\n|faint|p1a: Xurkitree\n|\n|upkeep\n|\n|t:|1700962153\n|switch|p1a: Malamar|Malamar, F|100\/100\n|-activate|p1a: Malamar|move: Sticky Web\n|-boost|p1a: Malamar|spe|1\n|turn|4\n|\n|t:|1700962161\n|move|p1a: Malamar|Superpower|p2a: Satinavhuso\n|-damage|p2a: Satinavhuso|31\/100\n|-boost|p1a: Malamar|atk|1\n|-boost|p1a: Malamar|def|1\n|move|p2a: Satinavhuso|Leech Life|p1a: Malamar\n|-supereffective|p1a: Malamar\n|-damage|p1a: Malamar|24\/100\n|-heal|p2a: Satinavhuso|75\/100|[from] drain|[of] p1a: Malamar\n|\n|upkeep\n|turn|5\n|\n|t:|1700962170\n|move|p1a: Malamar|Superpower|p2a: Satinavhuso\n|-damage|p2a: Satinavhuso|13\/100\n|-boost|p1a: Malamar|atk|1\n|-boost|p1a: Malamar|def|1\n|move|p2a: Satinavhuso|Leech Life|p1a: Malamar\n|-supereffective|p1a: Malamar\n|-damage|p1a: Malamar|0 fnt\n|-heal|p2a: Satinavhuso|27\/100|[from] drain|[of] p1a: Malamar\n|faint|p1a: Malamar\n|\n|upkeep\n|\n|t:|1700962182\n|switch|p1a: Barbaracle|Barbaracle, F|100\/100\n|-activate|p1a: Barbaracle|move: Sticky Web\n|-unboost|p1a: Barbaracle|spe|1\n|turn|6\n|\n|t:|1700962189\n|move|p2a: Satinavhuso|Liquidation|p1a: Barbaracle\n|-damage|p1a: Barbaracle|44\/100\n|move|p1a: Barbaracle|Iron Defense|p1a: Barbaracle\n|-boost|p1a: Barbaracle|def|2\n|\n|-heal|p1a: Barbaracle|50\/100|[from] item: Leftovers\n|upkeep\n|turn|7\n|\n|t:|1700962197\n|move|p2a: Satinavhuso|Liquidation|p1a: Barbaracle\n|-damage|p1a: Barbaracle|19\/100\n|move|p1a: Barbaracle|Shadow Claw|p2a: Satinavhuso\n|-damage|p2a: Satinavhuso|1\/100\n|\n|-heal|p1a: Barbaracle|25\/100|[from] item: Leftovers\n|upkeep\n|turn|8\n|\n|t:|1700962227\n|switch|p1a: Beedrill|Beedrill, F|100\/100\n|-activate|p1a: Beedrill|move: Sticky Web\n|-unboost|p1a: Beedrill|spe|1\n|move|p2a: Satinavhuso|Liquidation|p1a: Beedrill\n|-damage|p1a: Beedrill|0 fnt\n|faint|p1a: Beedrill\n|\n|upkeep\n|\n|t:|1700962240\n|switch|p1a: Blacephalon|Blacephalon|100\/100\n|-activate|p1a: Blacephalon|move: Sticky Web\n|-unboost|p1a: Blacephalon|spe|1\n|turn|9\n|\n|t:|1700962245\n|move|p1a: Blacephalon|Night Shade|p2a: Satinavhuso\n|-damage|p2a: Satinavhuso|0 fnt\n|faint|p2a: Satinavhuso\n|-ability|p1a: Blacephalon|Beast Boost|boost\n|-boost|p1a: Blacephalon|spa|1\n|\n|upkeep\n|\n|t:|1700962250\n|switch|p2a: Corvus|Murkrow, M|100\/100\n|turn|10\n|\n|t:|1700962259\n|move|p2a: Corvus|Nasty Plot|p2a: Corvus\n|-boost|p2a: Corvus|spa|2\n|move|p1a: Blacephalon|Mind Blown|p2a: Corvus\n|-enditem|p2a: Corvus|Focus Sash\n|-damage|p2a: Corvus|1\/100\n|-damage|p1a: Blacephalon|50\/100|[from] mindblown\n|\n|upkeep\n|turn|11\n|\n|t:|1700962268\n|move|p2a: Corvus|Dark Pulse|p1a: Blacephalon\n|-supereffective|p1a: Blacephalon\n|-damage|p1a: Blacephalon|0 fnt\n|faint|p1a: Blacephalon\n|\n|upkeep\n|\n|t:|1700962274\n|switch|p1a: Barbaracle|Barbaracle, F|25\/100\n|-activate|p1a: Barbaracle|move: Sticky Web\n|-unboost|p1a: Barbaracle|spe|1\n|turn|12\n|\n|t:|1700962281\n|move|p2a: Corvus|Dark Pulse|p1a: Barbaracle\n|-damage|p1a: Barbaracle|0 fnt\n|faint|p1a: Barbaracle\n|\n|upkeep\n|c|\u2606Umporeon|Nice setup, wasn't expecting it\n|\n|t:|1700962293\n|switch|p1a: Spiritomb|Spiritomb, F|100\/100\n|-activate|p1a: Spiritomb|move: Sticky Web\n|-unboost|p1a: Spiritomb|spe|1\n|turn|13\n|\n|t:|1700962303\n|move|p2a: Corvus|Dark Pulse|p1a: Spiritomb\n|-damage|p1a: Spiritomb|22\/100\n|move|p1a: Spiritomb|Curse|p2a: Corvus\n|-start|p2a: Corvus|Curse|[of] p1a: Spiritomb\n|-damage|p1a: Spiritomb|0 fnt\n|faint|p1a: Spiritomb\n|\n|win|kiolujjki\n|raw|Umporeon's rating: 1006 &rarr; <strong>1000<\/strong><br \/>(-6 for losing)\n|raw|kiolujjki's rating: 1000 &rarr; <strong>1041<\/strong><br \/>(+41 for winning)\n","uploadtime":1700962309,"views":5,"p1id":"umporeon","p2id":"kiolujjki","formatid":"gen9nationaldex","rating":1000,"private":0,"password":""}