{"id":"gen9nationaldex-1992635475","p1":"JXYee","p2":"OuoouoouO\u3010byd\u3011","format":"[Gen 9] National Dex","log":"|j|\u2606JXYee\n|j|\u2606OuoouoouO\u3010byd\u3011\n|t:|1700218245\n|gametype|singles\n|player|p1|JXYee|170|\n|player|p2|OuoouoouO\u3010byd\u3011|dawn|\n|teamsize|p1|6\n|teamsize|p2|6\n|gen|9\n|tier|[Gen 9] National Dex\n|rule|HP Percentage Mod: HP is shown in percentages\n|rule|Endless Battle Clause: Forcing endless battles is banned\n|rule|OHKO Clause: OHKO moves are banned\n|rule|Evasion Clause: Evasion abilities, items, and moves are banned\n|rule|Evasion Abilities Clause: Evasion abilities are banned\n|rule|Evasion Items Clause: Evasion items are banned\n|rule|Evasion Moves Clause: Evasion moves are banned\n|rule|Species Clause: Limit one of each Pok\u00e9mon\n|rule|Sleep Clause Mod: Limit one foe put to sleep\n|clearpoke\n|poke|p1|Tapu Koko|\n|poke|p1|Celesteela|\n|poke|p1|Skarmory, M|\n|poke|p1|Iron Valiant|\n|poke|p1|Hawlucha, M|\n|poke|p1|Iron Moth|\n|poke|p2|Slowking-Galar, F|\n|poke|p2|Ting-Lu|\n|poke|p2|Ursaluna, M|\n|poke|p2|Tapu Koko|\n|poke|p2|Scizor, F|\n|poke|p2|Alomomola, M|\n|teampreview\n|j| hbgzd\n|inactive|Battle timer is ON: inactive players will automatically lose when time's up. (requested by OuoouoouO\u3010byd\u3011)\n|c|\u2606JXYee|byd\u6311\u6218ouo\n|c| hbgzd|\u8fd9\u961f\u6709\u70b9\u53d7\n|\n|t:|1700218271\n|start\n|switch|p1a: \u94c1\u4eba|Iron Valiant, shiny|100\/100\n|switch|p2a: Tapu Koko|Tapu Koko|100\/100\n|-fieldstart|move: Electric Terrain|[from] ability: Electric Surge|[of] p2a: Tapu Koko\n|-activate|p1a: \u94c1\u4eba|ability: Quark Drive\n|-start|p1a: \u94c1\u4eba|quarkdrivespe\n|turn|1\n|\n|t:|1700218277\n|move|p1a: \u94c1\u4eba|Moonblast|p2a: Tapu Koko\n|-damage|p2a: Tapu Koko|0 fnt\n|faint|p2a: Tapu Koko\n|-damage|p1a: \u94c1\u4eba|91\/100|[from] item: Life Orb\n|\n|upkeep\n|\n|t:|1700218281\n|switch|p2a: Slowking|Slowking-Galar, F|100\/100\n|turn|2\n|\n|t:|1700218291\n|-end|p1a: \u94c1\u4eba|Quark Drive|[silent]\n|switch|p1a: \u98de\u9e21|Hawlucha, M|100\/100\n|-enditem|p1a: \u98de\u9e21|Electric Seed\n|-boost|p1a: \u98de\u9e21|def|1|[from] item: Electric Seed\n|move|p2a: Slowking|Future Sight|p1a: \u98de\u9e21\n|-start|p2a: Slowking|move: Future Sight\n|\n|upkeep\n|turn|3\n|\n|t:|1700218299\n|switch|p2a: Alomomola|Alomomola, M|100\/100\n|move|p1a: \u98de\u9e21|Swords Dance|p1a: \u98de\u9e21\n|-boost|p1a: \u98de\u9e21|atk|2\n|\n|upkeep\n|turn|4\n|\n|t:|1700218307\n|move|p2a: Alomomola|Protect|p2a: Alomomola\n|-singleturn|p2a: Alomomola|Protect\n|move|p1a: \u98de\u9e21|Swords Dance|p1a: \u98de\u9e21\n|-boost|p1a: \u98de\u9e21|atk|2\n|\n|-end|p1a: \u98de\u9e21|move: Future Sight\n|-supereffective|p1a: \u98de\u9e21\n|-damage|p1a: \u98de\u9e21|0 fnt\n|faint|p1a: \u98de\u9e21\n|upkeep\n|c|\u2606JXYee|\u8ba1\u7b97\u9519\u8bef\n|c|\u2606JXYee|\u5fd8\u8bb0\u51e0\u8f6e\u4e86\n|\n|t:|1700218326\n|switch|p1a: \u94c1\u4eba|Iron Valiant, shiny|91\/100\n|-activate|p1a: \u94c1\u4eba|ability: Quark Drive\n|-start|p1a: \u94c1\u4eba|quarkdrivespe\n|turn|5\n|\n|t:|1700218330\n|switch|p2a: Slowking|Slowking-Galar, F|100\/100\n|move|p1a: \u94c1\u4eba|Energy Ball|p2a: Slowking\n|-resisted|p2a: Slowking\n|-damage|p2a: Slowking|90\/100\n|-damage|p1a: \u94c1\u4eba|81\/100|[from] item: Life Orb\n|\n|-fieldend|move: Electric Terrain\n|-end|p1a: \u94c1\u4eba|Quark Drive\n|upkeep\n|turn|6\n|\n|t:|1700218336\n|move|p1a: \u94c1\u4eba|Thunderbolt|p2a: Slowking\n|-damage|p2a: Slowking|69\/100\n|-damage|p1a: \u94c1\u4eba|71\/100|[from] item: Life Orb\n|move|p2a: Slowking|Chilly Reception|p2a: Slowking\n|-weather|Snow\n|\n|t:|1700218339\n|switch|p2a: Scizor|Scizor, F|100\/100|[from] Chilly Reception\n|\n|-weather|Snow|[upkeep]\n|upkeep\n|turn|7\n|\n|t:|1700218344\n|-end|p1a: \u94c1\u4eba|Quark Drive|[silent]\n|switch|p1a: \u5927\u706b\u7bad|Celesteela, shiny|100\/100\n|detailschange|p2a: Scizor|Scizor-Mega, F\n|-mega|p2a: Scizor|Scizor|Scizorite\n|move|p2a: Scizor|Bullet Punch|p1a: \u5927\u706b\u7bad\n|-resisted|p1a: \u5927\u706b\u7bad\n|-damage|p1a: \u5927\u706b\u7bad|86\/100\n|\n|-weather|Snow|[upkeep]\n|upkeep\n|turn|8\n|\n|t:|1700218350\n|move|p1a: \u5927\u706b\u7bad|Flamethrower|p2a: Scizor\n|-supereffective|p2a: Scizor\n|-damage|p2a: Scizor|0 fnt\n|faint|p2a: Scizor\n|-ability|p1a: \u5927\u706b\u7bad|Beast Boost|boost\n|-boost|p1a: \u5927\u706b\u7bad|spa|1\n|\n|-weather|Snow|[upkeep]\n|upkeep\n|\n|t:|1700218354\n|switch|p2a: Ting-Lu|Ting-Lu|100\/100\n|-ability|p2a: Ting-Lu|Vessel of Ruin\n|turn|9\n|\n|t:|1700218361\n|switch|p1a: \u94c1\u9e21|Skarmory, M|100\/100\n|move|p2a: Ting-Lu|Whirlwind|p1a: \u94c1\u9e21\n|drag|p1a: \u94c1\u4eba|Iron Valiant, shiny|71\/100\n|\n|-weather|Snow|[upkeep]\n|upkeep\n|turn|10\n|\n|t:|1700218367\n|move|p1a: \u94c1\u4eba|Moonblast|p2a: Ting-Lu\n|-supereffective|p2a: Ting-Lu\n|-damage|p2a: Ting-Lu|46\/100\n|-damage|p1a: \u94c1\u4eba|62\/100|[from] item: Life Orb\n|move|p2a: Ting-Lu|Earthquake|p1a: \u94c1\u4eba\n|-damage|p1a: \u94c1\u4eba|12\/100\n|\n|-weather|none\n|-heal|p2a: Ting-Lu|52\/100|[from] item: Leftovers\n|upkeep\n|turn|11\n|c| hbgzd|\u87b3\u8782\u600e\u4e48\u6562\u7559\u7684\uff1f\n|\n|t:|1700218376\n|switch|p2a: Slowking|Slowking-Galar, F|100\/100\n|move|p1a: \u94c1\u4eba|Energy Ball|p2a: Slowking\n|-resisted|p2a: Slowking\n|-damage|p2a: Slowking|89\/100\n|-damage|p1a: \u94c1\u4eba|2\/100|[from] item: Life Orb\n|\n|upkeep\n|turn|12\n|\n|t:|1700218385\n|-end|p1a: \u94c1\u4eba|Quark Drive|[silent]\n|switch|p1a: \u5927\u706b\u7bad|Celesteela, shiny|86\/100\n|move|p2a: Slowking|Future Sight|p1a: \u5927\u706b\u7bad\n|-start|p2a: Slowking|move: Future Sight\n|\n|upkeep\n|turn|13\n|\n|t:|1700218391\n|move|p1a: \u5927\u706b\u7bad|Meteor Beam||[still]\n|-prepare|p1a: \u5927\u706b\u7bad|Meteor Beam\n|-boost|p1a: \u5927\u706b\u7bad|spa|1\n|-enditem|p1a: \u5927\u706b\u7bad|Power Herb\n|-anim|p1a: \u5927\u706b\u7bad|Meteor Beam|p2a: Slowking\n|-damage|p2a: Slowking|56\/100\n|move|p2a: Slowking|Thunder Wave|p1a: \u5927\u706b\u7bad\n|-status|p1a: \u5927\u706b\u7bad|par\n|\n|upkeep\n|turn|14\n|c|\u2606OuoouoouO\u3010byd\u3011|\u5bf9k0\u8981\u6c42\u4e0d\u8981\u592a\u9ad8\n|\n|t:|1700218414\n|move|p1a: \u5927\u706b\u7bad|Air Slash|p2a: Slowking\n|-damage|p2a: Slowking|25\/100\n|move|p2a: Slowking|Chilly Reception|p2a: Slowking\n|-weather|Snow\n|\n|t:|1700218419\n|switch|p2a: Ursaluna|Ursaluna, M|100\/100|[from] Chilly Reception\n|\n|-weather|Snow|[upkeep]\n|-end|p1a: \u5927\u706b\u7bad|move: Future Sight\n|-resisted|p1a: \u5927\u706b\u7bad\n|-damage|p1a: \u5927\u706b\u7bad|63\/100 par\n|-status|p2a: Ursaluna|brn|[from] item: Flame Orb\n|upkeep\n|turn|15\n|c|\u2606JXYee|byd\n|\n|t:|1700218435\n|move|p2a: Ursaluna|Fire Punch|p1a: \u5927\u706b\u7bad\n|-supereffective|p1a: \u5927\u706b\u7bad\n|-damage|p1a: \u5927\u706b\u7bad|0 fnt\n|faint|p1a: \u5927\u706b\u7bad\n|\n|-weather|Snow|[upkeep]\n|-damage|p2a: Ursaluna|94\/100 brn|[from] brn\n|upkeep\n|\n|t:|1700218439\n|switch|p1a: \u94c1\u4eba|Iron Valiant, shiny|2\/100\n|turn|16\n|\n|t:|1700218442\n|switch|p2a: Slowking|Slowking-Galar, F|58\/100\n|move|p1a: \u94c1\u4eba|Aura Sphere|p2a: Slowking\n|-resisted|p2a: Slowking\n|-damage|p2a: Slowking|51\/100\n|-damage|p1a: \u94c1\u4eba|0 fnt|[from] item: Life Orb\n|faint|p1a: \u94c1\u4eba\n|-end|p1a: \u94c1\u4eba|Quark Drive|[silent]\n|\n|-weather|Snow|[upkeep]\n|upkeep\n|\n|t:|1700218448\n|switch|p1a: \u94c1\u86fe\u5b50|Iron Moth|100\/100\n|turn|17\n|\n|t:|1700218451\n|-terastallize|p1a: \u94c1\u86fe\u5b50|Ground\n|move|p1a: \u94c1\u86fe\u5b50|Tera Blast|p2a: Slowking|[anim] Tera Blast Ground\n|-supereffective|p2a: Slowking\n|-damage|p2a: Slowking|0 fnt\n|faint|p2a: Slowking\n|\n|-weather|Snow|[upkeep]\n|upkeep\n|\n|t:|1700218456\n|switch|p2a: Ursaluna|Ursaluna, M|94\/100 brn\n|turn|18\n|c|\u2606JXYee|byd\u7ec8\u4e8e\u5e72\u6389\u4e86\n|\n|t:|1700218468\n|move|p1a: \u94c1\u86fe\u5b50|Energy Ball|p2a: Ursaluna\n|-supereffective|p2a: Ursaluna\n|-damage|p2a: Ursaluna|37\/100 brn\n|move|p2a: Ursaluna|Facade|p1a: \u94c1\u86fe\u5b50\n|-damage|p1a: \u94c1\u86fe\u5b50|0 fnt\n|faint|p1a: \u94c1\u86fe\u5b50\n|-end|p1a: \u94c1\u86fe\u5b50|Quark Drive|[silent]\n|\n|-weather|none\n|-damage|p2a: Ursaluna|31\/100 brn|[from] brn\n|upkeep\n|\n|t:|1700218473\n|switch|p1a: \u94c1\u9e21|Skarmory, M|100\/100\n|turn|19\n|\n|t:|1700218476\n|move|p2a: Ursaluna|Fire Punch|p1a: \u94c1\u9e21\n|-supereffective|p1a: \u94c1\u9e21\n|-damage|p1a: \u94c1\u9e21|35\/100\n|-damage|p2a: Ursaluna|14\/100 brn|[from] item: Rocky Helmet|[of] p1a: \u94c1\u9e21\n|move|p1a: \u94c1\u9e21|Body Press|p2a: Ursaluna\n|-supereffective|p2a: Ursaluna\n|-damage|p2a: Ursaluna|0 fnt\n|faint|p2a: Ursaluna\n|\n|upkeep\n|\n|t:|1700218479\n|switch|p2a: Alomomola|Alomomola, M|100\/100\n|turn|20\n|\n|t:|1700218483\n|move|p1a: \u94c1\u9e21|Roost|p1a: \u94c1\u9e21\n|-heal|p1a: \u94c1\u9e21|85\/100\n|-singleturn|p1a: \u94c1\u9e21|move: Roost\n|move|p2a: Alomomola|Wish|p2a: Alomomola\n|\n|upkeep\n|turn|21\n|\n|t:|1700218488\n|move|p1a: \u94c1\u9e21|Iron Defense|p1a: \u94c1\u9e21\n|-boost|p1a: \u94c1\u9e21|def|2\n|move|p2a: Alomomola|Flip Turn|p1a: \u94c1\u9e21\n|-damage|p1a: \u94c1\u9e21|78\/100\n|-damage|p2a: Alomomola|84\/100|[from] item: Rocky Helmet|[of] p1a: \u94c1\u9e21\n|\n|t:|1700218490\n|switch|p2a: Ting-Lu|Ting-Lu|52\/100|[from] Flip Turn\n|-ability|p2a: Ting-Lu|Vessel of Ruin\n|\n|-heal|p2a: Ting-Lu|100\/100|[from] move: Wish|[wisher] Alomomola\n|upkeep\n|turn|22\n|\n|t:|1700218494\n|-terastallize|p2a: Ting-Lu|Poison\n|move|p1a: \u94c1\u9e21|Body Press|p2a: Ting-Lu\n|-resisted|p2a: Ting-Lu\n|-damage|p2a: Ting-Lu|88\/100\n|move|p2a: Ting-Lu|Whirlwind|p1a: \u94c1\u9e21\n|drag|p1a: \u626b\u628a\u5934|Tapu Koko, shiny|100\/100\n|-fieldstart|move: Electric Terrain|[from] ability: Electric Surge|[of] p1a: \u626b\u628a\u5934\n|\n|-heal|p2a: Ting-Lu|94\/100|[from] item: Leftovers\n|upkeep\n|turn|23\n|\n|t:|1700218503\n|move|p1a: \u626b\u628a\u5934|Thunderbolt|p2a: Ting-Lu\n|-damage|p2a: Ting-Lu|74\/100\n|move|p2a: Ting-Lu|Earthquake|p1a: \u626b\u628a\u5934\n|-supereffective|p1a: \u626b\u628a\u5934\n|-damage|p1a: \u626b\u628a\u5934|0 fnt\n|faint|p1a: \u626b\u628a\u5934\n|\n|-heal|p2a: Ting-Lu|80\/100|[from] item: Leftovers\n|upkeep\n|\n|t:|1700218505\n|switch|p1a: \u94c1\u9e21|Skarmory, M|78\/100\n|turn|24\n|\n|t:|1700218509\n|switch|p2a: Alomomola|Alomomola, M|100\/100\n|move|p1a: \u94c1\u9e21|Iron Defense|p1a: \u94c1\u9e21\n|-boost|p1a: \u94c1\u9e21|def|2\n|\n|upkeep\n|turn|25\n|c|\u2606JXYee|byd\n|\n|t:|1700218516\n|move|p1a: \u94c1\u9e21|Iron Defense|p1a: \u94c1\u9e21\n|-boost|p1a: \u94c1\u9e21|def|2\n|move|p2a: Alomomola|Wish|p2a: Alomomola\n|\n|upkeep\n|turn|26\n|\n|t:|1700218519\n|move|p1a: \u94c1\u9e21|Iron Defense|p1a: \u94c1\u9e21\n|-boost|p1a: \u94c1\u9e21|def|2\n|move|p2a: Alomomola|Flip Turn|p1a: \u94c1\u9e21\n|-damage|p1a: \u94c1\u9e21|74\/100\n|-damage|p2a: Alomomola|84\/100|[from] item: Rocky Helmet|[of] p1a: \u94c1\u9e21\n|\n|t:|1700218521\n|switch|p2a: Ting-Lu|Ting-Lu, tera:Poison|80\/100|[from] Flip Turn\n|-ability|p2a: Ting-Lu|Vessel of Ruin\n|\n|-heal|p2a: Ting-Lu|100\/100|[from] move: Wish|[wisher] Alomomola\n|upkeep\n|turn|27\n|\n|t:|1700218524\n|move|p1a: \u94c1\u9e21|Body Press|p2a: Ting-Lu\n|-resisted|p2a: Ting-Lu\n|-damage|p2a: Ting-Lu|76\/100\n|move|p2a: Ting-Lu|Stealth Rock|p1a: \u94c1\u9e21\n|-sidestart|p1: JXYee|move: Stealth Rock\n|\n|-heal|p2a: Ting-Lu|82\/100|[from] item: Leftovers\n|upkeep\n|turn|28\n|\n|t:|1700218528\n|switch|p2a: Alomomola|Alomomola, M|100\/100\n|move|p1a: \u94c1\u9e21|Stealth Rock|p2a: Alomomola\n|-sidestart|p2: OuoouoouO\u3010byd\u3011|move: Stealth Rock\n|\n|upkeep\n|turn|29\n|\n|t:|1700218531\n|move|p1a: \u94c1\u9e21|Body Press|p2a: Alomomola\n|-damage|p2a: Alomomola|52\/100\n|move|p2a: Alomomola|Wish|p2a: Alomomola\n|\n|-fieldend|move: Electric Terrain\n|upkeep\n|turn|30\n|\n|t:|1700218535\n|move|p2a: Alomomola|Protect|p2a: Alomomola\n|-singleturn|p2a: Alomomola|Protect\n|move|p1a: \u94c1\u9e21|Body Press|p2a: Alomomola\n|-activate|p2a: Alomomola|move: Protect\n|\n|-heal|p2a: Alomomola|100\/100|[from] move: Wish|[wisher] Alomomola\n|upkeep\n|turn|31\n|\n|t:|1700218538\n|move|p1a: \u94c1\u9e21|Body Press|p2a: Alomomola\n|-damage|p2a: Alomomola|47\/100\n|move|p2a: Alomomola|Wish|p2a: Alomomola\n|\n|upkeep\n|turn|32\n|c| hbgzd|\u6295\u4e86\u5427\n|\n|t:|1700218542\n|move|p2a: Alomomola|Protect|p2a: Alomomola\n|-singleturn|p2a: Alomomola|Protect\n|move|p1a: \u94c1\u9e21|Body Press|p2a: Alomomola\n|-activate|p2a: Alomomola|move: Protect\n|\n|-heal|p2a: Alomomola|97\/100|[from] move: Wish|[wisher] Alomomola\n|upkeep\n|turn|33\n|\n|t:|1700218545\n|move|p1a: \u94c1\u9e21|Roost|p1a: \u94c1\u9e21\n|-heal|p1a: \u94c1\u9e21|100\/100\n|-singleturn|p1a: \u94c1\u9e21|move: Roost\n|move|p2a: Alomomola|Wish|p2a: Alomomola\n|\n|upkeep\n|turn|34\n|c|\u2606OuoouoouO\u3010byd\u3011|\u8c01\uff1f\n|\n|t:|1700218553\n|switch|p2a: Ting-Lu|Ting-Lu, tera:Poison|82\/100\n|-damage|p2a: Ting-Lu|69\/100|[from] Stealth Rock\n|-ability|p2a: Ting-Lu|Vessel of Ruin\n|move|p1a: \u94c1\u9e21|Stealth Rock||[still]\n|-fail|p1a: \u94c1\u9e21\n|\n|-heal|p2a: Ting-Lu|100\/100|[from] move: Wish|[wisher] Alomomola\n|upkeep\n|turn|35\n|c|\u2606JXYee|byd\n|c|\u2606JXYee|\u6211\n|c| hbgzd|\u6251\u51fb\u90fd\u6253\u4e0d\u52a8\n|c|\u2606JXYee|ouo\u60f3\u8ba9\u6211\u6280\u80fd\u8017\u5b8c\n|inactive|JXYee has 270 seconds left.\n|c|\u2606JXYee|\u4e0d\u53ef\u80fd\u6295\n|\n|t:|1700218595\n|move|p1a: \u94c1\u9e21|Stealth Rock||[still]\n|-fail|p1a: \u94c1\u9e21\n|move|p2a: Ting-Lu|Spikes|p1a: \u94c1\u9e21\n|-sidestart|p1: JXYee|Spikes\n|\n|upkeep\n|turn|36\n|\n|t:|1700218599\n|move|p1a: \u94c1\u9e21|Stealth Rock||[still]\n|-fail|p1a: \u94c1\u9e21\n|move|p2a: Ting-Lu|Spikes|p1a: \u94c1\u9e21\n|-sidestart|p1: JXYee|Spikes\n|\n|upkeep\n|turn|37\n|\n|t:|1700218601\n|switch|p2a: Alomomola|Alomomola, M|100\/100\n|move|p1a: \u94c1\u9e21|Stealth Rock||[still]\n|-fail|p1a: \u94c1\u9e21\n|\n|upkeep\n|turn|38\n|\n|t:|1700218605\n|move|p1a: \u94c1\u9e21|Stealth Rock||[still]\n|-fail|p1a: \u94c1\u9e21\n|move|p2a: Alomomola|Toxic|p1a: \u94c1\u9e21\n|-immune|p1a: \u94c1\u9e21\n|\n|upkeep\n|turn|39\n|inactive|JXYee has 270 seconds left.\n|\n|t:|1700218650\n|move|p2a: Alomomola|Protect|p2a: Alomomola\n|-singleturn|p2a: Alomomola|Protect\n|move|p1a: \u94c1\u9e21|Stealth Rock||[still]\n|-fail|p1a: \u94c1\u9e21\n|\n|upkeep\n|turn|40\n|\n|t:|1700218655\n|move|p1a: \u94c1\u9e21|Stealth Rock||[still]\n|-fail|p1a: \u94c1\u9e21\n|move|p2a: Alomomola|Wish|p2a: Alomomola\n|\n|upkeep\n|turn|41\n|c|\u2606JXYee|\u5b81\u6b7b\u4e0d\u5c48\uff01\n|\n|t:|1700218660\n|move|p1a: \u94c1\u9e21|Stealth Rock||[still]\n|-fail|p1a: \u94c1\u9e21\n|move|p2a: Alomomola|Flip Turn|p1a: \u94c1\u9e21\n|-damage|p1a: \u94c1\u9e21|98\/100\n|-damage|p2a: Alomomola|84\/100|[from] item: Rocky Helmet|[of] p1a: \u94c1\u9e21\n|\n|t:|1700218662\n|switch|p2a: Ting-Lu|Ting-Lu, tera:Poison|100\/100|[from] Flip Turn\n|-damage|p2a: Ting-Lu|88\/100|[from] Stealth Rock\n|-ability|p2a: Ting-Lu|Vessel of Ruin\n|\n|-heal|p2a: Ting-Lu|100\/100|[from] move: Wish|[wisher] Alomomola\n|upkeep\n|turn|42\n|c|\u2606JXYee|byd\u7cbe\u795e\n|\n|t:|1700218672\n|move|p1a: \u94c1\u9e21|Stealth Rock||[still]\n|-fail|p1a: \u94c1\u9e21\n|move|p2a: Ting-Lu|Spikes|p1a: \u94c1\u9e21\n|-sidestart|p1: JXYee|Spikes\n|\n|upkeep\n|turn|43\n|\n|t:|1700218678\n|move|p1a: \u94c1\u9e21|Stealth Rock||[still]\n|-fail|p1a: \u94c1\u9e21\n|move|p2a: Ting-Lu|Whirlwind||[still]\n|-fail|p2a: Ting-Lu\n|\n|upkeep\n|turn|44\n|\n|t:|1700218680\n|move|p1a: \u94c1\u9e21|Stealth Rock||[still]\n|-fail|p1a: \u94c1\u9e21\n|move|p2a: Ting-Lu|Whirlwind||[still]\n|-fail|p2a: Ting-Lu\n|\n|upkeep\n|turn|45\n|\n|t:|1700218683\n|move|p1a: \u94c1\u9e21|Stealth Rock||[still]\n|-fail|p1a: \u94c1\u9e21\n|move|p2a: Ting-Lu|Whirlwind||[still]\n|-fail|p2a: Ting-Lu\n|\n|upkeep\n|turn|46\n|\n|t:|1700218686\n|move|p1a: \u94c1\u9e21|Stealth Rock||[still]\n|-fail|p1a: \u94c1\u9e21\n|move|p2a: Ting-Lu|Whirlwind||[still]\n|-fail|p2a: Ting-Lu\n|\n|upkeep\n|turn|47\n|\n|t:|1700218692\n|move|p1a: \u94c1\u9e21|Stealth Rock||[still]\n|-fail|p1a: \u94c1\u9e21\n|move|p2a: Ting-Lu|Whirlwind||[still]\n|-fail|p2a: Ting-Lu\n|\n|upkeep\n|turn|48\n|\n|t:|1700218693\n|move|p1a: \u94c1\u9e21|Stealth Rock||[still]\n|-fail|p1a: \u94c1\u9e21\n|move|p2a: Ting-Lu|Whirlwind||[still]\n|-fail|p2a: Ting-Lu\n|\n|upkeep\n|turn|49\n|\n|t:|1700218699\n|switch|p2a: Alomomola|Alomomola, M|100\/100\n|move|p1a: \u94c1\u9e21|Stealth Rock||[still]\n|-fail|p1a: \u94c1\u9e21\n|\n|upkeep\n|turn|50\n|\n|t:|1700218703\n|move|p1a: \u94c1\u9e21|Stealth Rock||[still]\n|-fail|p1a: \u94c1\u9e21\n|move|p2a: Alomomola|Flip Turn|p1a: \u94c1\u9e21\n|-damage|p1a: \u94c1\u9e21|95\/100\n|-damage|p2a: Alomomola|84\/100|[from] item: Rocky Helmet|[of] p1a: \u94c1\u9e21\n|\n|t:|1700218705\n|switch|p2a: Ting-Lu|Ting-Lu, tera:Poison|100\/100|[from] Flip Turn\n|-damage|p2a: Ting-Lu|88\/100|[from] Stealth Rock\n|-ability|p2a: Ting-Lu|Vessel of Ruin\n|\n|-heal|p2a: Ting-Lu|94\/100|[from] item: Leftovers\n|upkeep\n|turn|51\n|\n|t:|1700218708\n|move|p1a: \u94c1\u9e21|Stealth Rock||[still]\n|-fail|p1a: \u94c1\u9e21\n|move|p2a: Ting-Lu|Whirlwind||[still]\n|-fail|p2a: Ting-Lu\n|\n|-heal|p2a: Ting-Lu|100\/100|[from] item: Leftovers\n|upkeep\n|turn|52\n|\n|t:|1700218719\n|move|p1a: \u94c1\u9e21|Stealth Rock||[still]\n|-fail|p1a: \u94c1\u9e21\n|move|p2a: Ting-Lu|Spikes||[still]\n|-fail|p2a: Ting-Lu\n|\n|upkeep\n|turn|53\n|\n|t:|1700218728\n|move|p1a: \u94c1\u9e21|Stealth Rock||[still]\n|-fail|p1a: \u94c1\u9e21\n|move|p2a: Ting-Lu|Spikes||[still]\n|-fail|p2a: Ting-Lu\n|\n|upkeep\n|turn|54\n|\n|t:|1700218731\n|move|p1a: \u94c1\u9e21|Stealth Rock||[still]\n|-fail|p1a: \u94c1\u9e21\n|move|p2a: Ting-Lu|Spikes||[still]\n|-fail|p2a: Ting-Lu\n|\n|upkeep\n|turn|55\n|\n|t:|1700218735\n|move|p1a: \u94c1\u9e21|Stealth Rock||[still]\n|-fail|p1a: \u94c1\u9e21\n|move|p2a: Ting-Lu|Spikes||[still]\n|-fail|p2a: Ting-Lu\n|\n|upkeep\n|turn|56\n|\n|t:|1700218739\n|move|p1a: \u94c1\u9e21|Stealth Rock||[still]\n|-fail|p1a: \u94c1\u9e21\n|move|p2a: Ting-Lu|Spikes||[still]\n|-fail|p2a: Ting-Lu\n|\n|upkeep\n|turn|57\n|\n|t:|1700218741\n|move|p1a: \u94c1\u9e21|Stealth Rock||[still]\n|-fail|p1a: \u94c1\u9e21\n|move|p2a: Ting-Lu|Spikes||[still]\n|-fail|p2a: Ting-Lu\n|\n|upkeep\n|turn|58\n|\n|t:|1700218743\n|move|p1a: \u94c1\u9e21|Stealth Rock||[still]\n|-fail|p1a: \u94c1\u9e21\n|move|p2a: Ting-Lu|Spikes||[still]\n|-fail|p2a: Ting-Lu\n|\n|upkeep\n|turn|59\n|\n|t:|1700218745\n|move|p1a: \u94c1\u9e21|Stealth Rock||[still]\n|-fail|p1a: \u94c1\u9e21\n|move|p2a: Ting-Lu|Spikes||[still]\n|-fail|p2a: Ting-Lu\n|\n|upkeep\n|turn|60\n|\n|t:|1700218748\n|move|p1a: \u94c1\u9e21|Stealth Rock||[still]\n|-fail|p1a: \u94c1\u9e21\n|move|p2a: Ting-Lu|Spikes||[still]\n|-fail|p2a: Ting-Lu\n|\n|upkeep\n|turn|61\n|\n|t:|1700218750\n|move|p1a: \u94c1\u9e21|Stealth Rock||[still]\n|-fail|p1a: \u94c1\u9e21\n|move|p2a: Ting-Lu|Spikes||[still]\n|-fail|p2a: Ting-Lu\n|\n|upkeep\n|turn|62\n|\n|t:|1700218755\n|move|p1a: \u94c1\u9e21|Stealth Rock||[still]\n|-fail|p1a: \u94c1\u9e21\n|move|p2a: Ting-Lu|Spikes||[still]\n|-fail|p2a: Ting-Lu\n|\n|upkeep\n|turn|63\n|\n|t:|1700218758\n|move|p1a: \u94c1\u9e21|Stealth Rock||[still]\n|-fail|p1a: \u94c1\u9e21\n|move|p2a: Ting-Lu|Spikes||[still]\n|-fail|p2a: Ting-Lu\n|\n|upkeep\n|turn|64\n|\n|t:|1700218760\n|switch|p2a: Alomomola|Alomomola, M|100\/100\n|move|p1a: \u94c1\u9e21|Stealth Rock||[still]\n|-fail|p1a: \u94c1\u9e21\n|\n|upkeep\n|turn|65\n|\n|t:|1700218763\n|move|p1a: \u94c1\u9e21|Iron Defense|p1a: \u94c1\u9e21\n|-boost|p1a: \u94c1\u9e21|def|0\n|move|p2a: Alomomola|Wish|p2a: Alomomola\n|\n|upkeep\n|turn|66\n|\n|t:|1700218767\n|move|p1a: \u94c1\u9e21|Iron Defense|p1a: \u94c1\u9e21\n|-boost|p1a: \u94c1\u9e21|def|0\n|move|p2a: Alomomola|Toxic|p1a: \u94c1\u9e21\n|-immune|p1a: \u94c1\u9e21\n|\n|upkeep\n|turn|67\n|\n|t:|1700218770\n|move|p1a: \u94c1\u9e21|Iron Defense|p1a: \u94c1\u9e21\n|-boost|p1a: \u94c1\u9e21|def|0\n|move|p2a: Alomomola|Flip Turn|p1a: \u94c1\u9e21\n|-damage|p1a: \u94c1\u9e21|91\/100\n|-damage|p2a: Alomomola|84\/100|[from] item: Rocky Helmet|[of] p1a: \u94c1\u9e21\n|\n|t:|1700218772\n|switch|p2a: Ting-Lu|Ting-Lu, tera:Poison|100\/100|[from] Flip Turn\n|-damage|p2a: Ting-Lu|88\/100|[from] Stealth Rock\n|-ability|p2a: Ting-Lu|Vessel of Ruin\n|\n|-heal|p2a: Ting-Lu|94\/100|[from] item: Leftovers\n|upkeep\n|turn|68\n|\n|t:|1700218776\n|move|p1a: \u94c1\u9e21|Iron Defense|p1a: \u94c1\u9e21\n|-boost|p1a: \u94c1\u9e21|def|0\n|move|p2a: Ting-Lu|Spikes||[still]\n|-fail|p2a: Ting-Lu\n|\n|-heal|p2a: Ting-Lu|100\/100|[from] item: Leftovers\n|upkeep\n|turn|69\n|\n|t:|1700218780\n|move|p1a: \u94c1\u9e21|Iron Defense|p1a: \u94c1\u9e21\n|-boost|p1a: \u94c1\u9e21|def|0\n|move|p2a: Ting-Lu|Spikes||[still]\n|-fail|p2a: Ting-Lu\n|\n|upkeep\n|turn|70\n|\n|t:|1700218784\n|move|p1a: \u94c1\u9e21|Iron Defense|p1a: \u94c1\u9e21\n|-boost|p1a: \u94c1\u9e21|def|0\n|move|p2a: Ting-Lu|Spikes||[still]\n|-fail|p2a: Ting-Lu\n|\n|upkeep\n|turn|71\n|\n|t:|1700218786\n|move|p1a: \u94c1\u9e21|Iron Defense|p1a: \u94c1\u9e21\n|-boost|p1a: \u94c1\u9e21|def|0\n|move|p2a: Ting-Lu|Stealth Rock||[still]\n|-fail|p2a: Ting-Lu\n|\n|upkeep\n|turn|72\n|\n|t:|1700218788\n|move|p1a: \u94c1\u9e21|Iron Defense|p1a: \u94c1\u9e21\n|-boost|p1a: \u94c1\u9e21|def|0\n|move|p2a: Ting-Lu|Stealth Rock||[still]\n|-fail|p2a: Ting-Lu\n|\n|upkeep\n|turn|73\n|\n|t:|1700218790\n|move|p1a: \u94c1\u9e21|Iron Defense|p1a: \u94c1\u9e21\n|-boost|p1a: \u94c1\u9e21|def|0\n|move|p2a: Ting-Lu|Stealth Rock||[still]\n|-fail|p2a: Ting-Lu\n|\n|upkeep\n|turn|74\n|\n|t:|1700218793\n|move|p1a: \u94c1\u9e21|Iron Defense|p1a: \u94c1\u9e21\n|-boost|p1a: \u94c1\u9e21|def|0\n|move|p2a: Ting-Lu|Stealth Rock||[still]\n|-fail|p2a: Ting-Lu\n|\n|upkeep\n|turn|75\n|\n|t:|1700218796\n|move|p1a: \u94c1\u9e21|Iron Defense|p1a: \u94c1\u9e21\n|-boost|p1a: \u94c1\u9e21|def|0\n|move|p2a: Ting-Lu|Stealth Rock||[still]\n|-fail|p2a: Ting-Lu\n|\n|upkeep\n|turn|76\n|\n|t:|1700218803\n|move|p1a: \u94c1\u9e21|Iron Defense|p1a: \u94c1\u9e21\n|-boost|p1a: \u94c1\u9e21|def|0\n|move|p2a: Ting-Lu|Stealth Rock||[still]\n|-fail|p2a: Ting-Lu\n|\n|upkeep\n|turn|77\n|\n|t:|1700218806\n|move|p1a: \u94c1\u9e21|Iron Defense|p1a: \u94c1\u9e21\n|-boost|p1a: \u94c1\u9e21|def|0\n|move|p2a: Ting-Lu|Stealth Rock||[still]\n|-fail|p2a: Ting-Lu\n|\n|upkeep\n|turn|78\n|\n|t:|1700218808\n|move|p1a: \u94c1\u9e21|Iron Defense|p1a: \u94c1\u9e21\n|-boost|p1a: \u94c1\u9e21|def|0\n|move|p2a: Ting-Lu|Stealth Rock||[still]\n|-fail|p2a: Ting-Lu\n|\n|upkeep\n|turn|79\n|\n|t:|1700218812\n|move|p1a: \u94c1\u9e21|Iron Defense|p1a: \u94c1\u9e21\n|-boost|p1a: \u94c1\u9e21|def|0\n|move|p2a: Ting-Lu|Whirlwind||[still]\n|-fail|p2a: Ting-Lu\n|\n|upkeep\n|turn|80\n|\n|t:|1700218814\n|move|p1a: \u94c1\u9e21|Iron Defense|p1a: \u94c1\u9e21\n|-boost|p1a: \u94c1\u9e21|def|0\n|move|p2a: Ting-Lu|Stealth Rock||[still]\n|-fail|p2a: Ting-Lu\n|\n|upkeep\n|turn|81\n|\n|t:|1700218817\n|move|p1a: \u94c1\u9e21|Iron Defense|p1a: \u94c1\u9e21\n|-boost|p1a: \u94c1\u9e21|def|0\n|move|p2a: Ting-Lu|Stealth Rock||[still]\n|-fail|p2a: Ting-Lu\n|\n|upkeep\n|turn|82\n|\n|t:|1700218819\n|move|p1a: \u94c1\u9e21|Iron Defense|p1a: \u94c1\u9e21\n|-boost|p1a: \u94c1\u9e21|def|0\n|move|p2a: Ting-Lu|Stealth Rock||[still]\n|-fail|p2a: Ting-Lu\n|\n|upkeep\n|turn|83\n|\n|t:|1700218823\n|move|p1a: \u94c1\u9e21|Iron Defense|p1a: \u94c1\u9e21\n|-boost|p1a: \u94c1\u9e21|def|0\n|move|p2a: Ting-Lu|Stealth Rock||[still]\n|-fail|p2a: Ting-Lu\n|\n|upkeep\n|turn|84\n|\n|t:|1700218825\n|switch|p2a: Alomomola|Alomomola, M|100\/100\n|move|p1a: \u94c1\u9e21|Iron Defense|p1a: \u94c1\u9e21\n|-boost|p1a: \u94c1\u9e21|def|0\n|\n|upkeep\n|turn|85\n|\n|t:|1700218827\n|move|p1a: \u94c1\u9e21|Roost|p1a: \u94c1\u9e21\n|-heal|p1a: \u94c1\u9e21|100\/100\n|-singleturn|p1a: \u94c1\u9e21|move: Roost\n|move|p2a: Alomomola|Wish|p2a: Alomomola\n|\n|upkeep\n|turn|86\n|\n|t:|1700218832\n|move|p2a: Alomomola|Protect|p2a: Alomomola\n|-singleturn|p2a: Alomomola|Protect\n|move|p1a: \u94c1\u9e21|Roost||[still]\n|-fail|p1a: \u94c1\u9e21|heal\n|\n|upkeep\n|turn|87\n|\n|t:|1700218834\n|move|p1a: \u94c1\u9e21|Roost||[still]\n|-fail|p1a: \u94c1\u9e21|heal\n|move|p2a: Alomomola|Wish|p2a: Alomomola\n|\n|upkeep\n|turn|88\n|\n|t:|1700218839\n|move|p2a: Alomomola|Protect|p2a: Alomomola\n|-singleturn|p2a: Alomomola|Protect\n|move|p1a: \u94c1\u9e21|Roost||[still]\n|-fail|p1a: \u94c1\u9e21|heal\n|\n|upkeep\n|turn|89\n|\n|t:|1700218842\n|move|p1a: \u94c1\u9e21|Roost||[still]\n|-fail|p1a: \u94c1\u9e21|heal\n|move|p2a: Alomomola|Toxic|p1a: \u94c1\u9e21\n|-immune|p1a: \u94c1\u9e21\n|\n|upkeep\n|turn|90\n|c| hbgzd|\u6211\u52d2\u4e2a\u53bb\n|\n|t:|1700218846\n|move|p2a: Alomomola|Protect|p2a: Alomomola\n|-singleturn|p2a: Alomomola|Protect\n|move|p1a: \u94c1\u9e21|Roost||[still]\n|-fail|p1a: \u94c1\u9e21|heal\n|\n|upkeep\n|turn|91\n|\n|t:|1700218852\n|move|p1a: \u94c1\u9e21|Body Press|p2a: Alomomola\n|-crit|p2a: Alomomola\n|-damage|p2a: Alomomola|16\/100\n|move|p2a: Alomomola|Wish|p2a: Alomomola\n|\n|upkeep\n|turn|92\n|\n|t:|1700218856\n|move|p2a: Alomomola|Protect|p2a: Alomomola\n|-singleturn|p2a: Alomomola|Protect\n|move|p1a: \u94c1\u9e21|Body Press|p2a: Alomomola\n|-activate|p2a: Alomomola|move: Protect\n|\n|-heal|p2a: Alomomola|66\/100|[from] move: Wish|[wisher] Alomomola\n|upkeep\n|turn|93\n|\n|t:|1700218861\n|move|p1a: \u94c1\u9e21|Body Press|p2a: Alomomola\n|-damage|p2a: Alomomola|15\/100\n|move|p2a: Alomomola|Wish|p2a: Alomomola\n|\n|upkeep\n|turn|94\n|\n|t:|1700218864\n|move|p2a: Alomomola|Protect|p2a: Alomomola\n|-singleturn|p2a: Alomomola|Protect\n|move|p1a: \u94c1\u9e21|Body Press|p2a: Alomomola\n|-activate|p2a: Alomomola|move: Protect\n|\n|-heal|p2a: Alomomola|65\/100|[from] move: Wish|[wisher] Alomomola\n|upkeep\n|turn|95\n|\n|t:|1700218867\n|move|p1a: \u94c1\u9e21|Body Press|p2a: Alomomola\n|-damage|p2a: Alomomola|12\/100\n|move|p2a: Alomomola|Wish|p2a: Alomomola\n|\n|upkeep\n|turn|96\n|\n|t:|1700218871\n|move|p2a: Alomomola|Protect|p2a: Alomomola\n|-singleturn|p2a: Alomomola|Protect\n|move|p1a: \u94c1\u9e21|Body Press|p2a: Alomomola\n|-activate|p2a: Alomomola|move: Protect\n|\n|-heal|p2a: Alomomola|62\/100|[from] move: Wish|[wisher] Alomomola\n|upkeep\n|turn|97\n|\n|t:|1700218873\n|move|p1a: \u94c1\u9e21|Body Press|p2a: Alomomola\n|-damage|p2a: Alomomola|9\/100\n|move|p2a: Alomomola|Wish|p2a: Alomomola\n|\n|upkeep\n|turn|98\n|\n|t:|1700218877\n|move|p2a: Alomomola|Protect|p2a: Alomomola\n|-singleturn|p2a: Alomomola|Protect\n|move|p1a: \u94c1\u9e21|Body Press|p2a: Alomomola\n|-activate|p2a: Alomomola|move: Protect\n|\n|-heal|p2a: Alomomola|59\/100|[from] move: Wish|[wisher] Alomomola\n|upkeep\n|turn|99\n|c| hbgzd|\u7b49\u4e00\u4e2act\n|\n|t:|1700218880\n|switch|p2a: Ting-Lu|Ting-Lu, tera:Poison|100\/100\n|-damage|p2a: Ting-Lu|88\/100|[from] Stealth Rock\n|-ability|p2a: Ting-Lu|Vessel of Ruin\n|move|p1a: \u94c1\u9e21|Body Press|p2a: Ting-Lu\n|-resisted|p2a: Ting-Lu\n|-damage|p2a: Ting-Lu|62\/100\n|\n|-heal|p2a: Ting-Lu|68\/100|[from] item: Leftovers\n|upkeep\n|turn|100\n|c|\u2606OuoouoouO\u3010byd\u3011|gg\n|\n|t:|1700218885\n|-activate|p1a: \u94c1\u9e21|move: Struggle\n|move|p1a: \u94c1\u9e21|Struggle|p2a: Ting-Lu\n|-damage|p2a: Ting-Lu|64\/100\n|-damage|p1a: \u94c1\u9e21|75\/100|[from] recoil\n|move|p2a: Ting-Lu|Whirlwind||[still]\n|-fail|p2a: Ting-Lu\n|\n|-heal|p2a: Ting-Lu|70\/100|[from] item: Leftovers\n|upkeep\n|turn|101\n|c|\u2606JXYee|byd\n|\n|t:|1700218891\n|-activate|p1a: \u94c1\u9e21|move: Struggle\n|move|p1a: \u94c1\u9e21|Struggle|p2a: Ting-Lu\n|-damage|p2a: Ting-Lu|66\/100\n|-damage|p1a: \u94c1\u9e21|50\/100|[from] recoil\n|move|p2a: Ting-Lu|Whirlwind||[still]\n|-fail|p2a: Ting-Lu\n|\n|-heal|p2a: Ting-Lu|72\/100|[from] item: Leftovers\n|upkeep\n|turn|102\n|\n|t:|1700218894\n|-activate|p1a: \u94c1\u9e21|move: Struggle\n|move|p1a: \u94c1\u9e21|Struggle|p2a: Ting-Lu\n|-damage|p2a: Ting-Lu|68\/100\n|-damage|p1a: \u94c1\u9e21|25\/100|[from] recoil\n|move|p2a: Ting-Lu|Whirlwind||[still]\n|-fail|p2a: Ting-Lu\n|\n|-heal|p2a: Ting-Lu|74\/100|[from] item: Leftovers\n|upkeep\n|turn|103\n|\n|t:|1700218903\n|-activate|p1a: \u94c1\u9e21|move: Struggle\n|move|p1a: \u94c1\u9e21|Struggle|p2a: Ting-Lu\n|-damage|p2a: Ting-Lu|70\/100\n|-damage|p1a: \u94c1\u9e21|0 fnt|[from] recoil\n|faint|p1a: \u94c1\u9e21\n|\n|win|OuoouoouO\u3010byd\u3011\n","uploadtime":1700218907,"views":4,"p1id":"jxyee","p2id":"ouoouoouobyd","formatid":"gen9nationaldex","rating":0,"private":0,"password":""}