{"id":"gen9nationaldex-1987733957","p1":"RedHoodKat","p2":"The power of ROCK","format":"[Gen 9] National Dex","log":"|j|\u2606RedHoodKat\n|j|\u2606The power of ROCK\n|t:|1699632032\n|gametype|singles\n|player|p1|RedHoodKat|colress|\n|player|p2|The power of ROCK|roark|\n|teamsize|p1|6\n|teamsize|p2|6\n|gen|9\n|tier|[Gen 9] National Dex\n|rule|HP Percentage Mod: HP is shown in percentages\n|rule|Endless Battle Clause: Forcing endless battles is banned\n|rule|OHKO Clause: OHKO moves are banned\n|rule|Evasion Clause: Evasion abilities, items, and moves are banned\n|rule|Evasion Abilities Clause: Evasion abilities are banned\n|rule|Evasion Items Clause: Evasion items are banned\n|rule|Evasion Moves Clause: Evasion moves are banned\n|rule|Species Clause: Limit one of each Pok\u00e9mon\n|rule|Sleep Clause Mod: Limit one foe put to sleep\n|clearpoke\n|poke|p1|Bisharp, M|\n|poke|p1|Excadrill, M|\n|poke|p1|Goodra-Hisui, F|\n|poke|p1|Empoleon, M|\n|poke|p1|Lucario, M|\n|poke|p1|Jirachi|\n|poke|p2|Tyranitar, F|\n|poke|p2|Garganacl, M|\n|poke|p2|Aggron, M|\n|poke|p2|Cradily, F|\n|poke|p2|Glimmora, F|\n|poke|p2|Stakataka|\n|teampreview\n|c|\u2606The power of ROCK|Welcome to the ROCK gym\n|c|\u2606RedHoodKat|i just discoered i didnt even finish my lucario\n|c|\u2606The power of ROCK|ooof\n|\n|t:|1699632069\n|start\n|switch|p1a: Goku or Something|Lucario, M|100\/100\n|switch|p2a: Garganacl|Garganacl, M|100\/100\n|turn|1\n|\n|t:|1699632078\n|-terastallize|p2a: Garganacl|Ghost\n|move|p1a: Goku or Something|Dark Pulse|p2a: Garganacl\n|-supereffective|p2a: Garganacl\n|-damage|p2a: Garganacl|56\/100\n|-enditem|p2a: Garganacl|Maranga Berry|[eat]\n|-boost|p2a: Garganacl|spd|1|[from] item: Maranga Berry\n|cant|p2a: Garganacl|flinch\n|\n|upkeep\n|turn|2\n|\n|t:|1699632086\n|move|p1a: Goku or Something|Dark Pulse|p2a: Garganacl\n|-supereffective|p2a: Garganacl\n|-damage|p2a: Garganacl|30\/100\n|cant|p2a: Garganacl|flinch\n|\n|upkeep\n|turn|3\n|\n|t:|1699632091\n|move|p1a: Goku or Something|Dark Pulse|p2a: Garganacl\n|-supereffective|p2a: Garganacl\n|-damage|p2a: Garganacl|2\/100\n|move|p2a: Garganacl|Recover|p2a: Garganacl\n|-heal|p2a: Garganacl|52\/100\n|\n|upkeep\n|turn|4\n|\n|t:|1699632095\n|move|p1a: Goku or Something|Dark Pulse|p2a: Garganacl\n|-supereffective|p2a: Garganacl\n|-damage|p2a: Garganacl|27\/100\n|move|p2a: Garganacl|Recover|p2a: Garganacl\n|-heal|p2a: Garganacl|77\/100\n|\n|upkeep\n|turn|5\n|\n|t:|1699632099\n|move|p1a: Goku or Something|Dark Pulse|p2a: Garganacl\n|-supereffective|p2a: Garganacl\n|-damage|p2a: Garganacl|48\/100\n|move|p2a: Garganacl|Salt Cure|p1a: Goku or Something\n|-resisted|p1a: Goku or Something\n|-damage|p1a: Goku or Something|95\/100\n|-start|p1a: Goku or Something|Salt Cure\n|\n|-damage|p1a: Goku or Something|70\/100|[from] Salt Cure\n|upkeep\n|turn|6\n|\n|t:|1699632104\n|move|p1a: Goku or Something|Dark Pulse|p2a: Garganacl\n|-supereffective|p2a: Garganacl\n|-damage|p2a: Garganacl|19\/100\n|move|p2a: Garganacl|Recover|p2a: Garganacl\n|-heal|p2a: Garganacl|69\/100\n|\n|-damage|p1a: Goku or Something|45\/100|[from] Salt Cure\n|upkeep\n|turn|7\n|\n|t:|1699632108\n|move|p1a: Goku or Something|Dark Pulse|p2a: Garganacl\n|-supereffective|p2a: Garganacl\n|-damage|p2a: Garganacl|43\/100\n|move|p2a: Garganacl|Iron Defense|p2a: Garganacl\n|-boost|p2a: Garganacl|def|2\n|\n|-damage|p1a: Goku or Something|20\/100|[from] Salt Cure\n|upkeep\n|turn|8\n|\n|t:|1699632113\n|move|p1a: Goku or Something|Dark Pulse|p2a: Garganacl\n|-supereffective|p2a: Garganacl\n|-damage|p2a: Garganacl|17\/100\n|cant|p2a: Garganacl|flinch\n|\n|-damage|p1a: Goku or Something|0 fnt|[from] Salt Cure\n|faint|p1a: Goku or Something\n|upkeep\n|\n|t:|1699632122\n|switch|p1a: A child|Jirachi|100\/100\n|turn|9\n|\n|t:|1699632126\n|move|p1a: A child|Iron Head|p2a: Garganacl\n|-damage|p2a: Garganacl|5\/100\n|cant|p2a: Garganacl|flinch\n|\n|upkeep\n|turn|10\n|\n|t:|1699632131\n|switch|p2a: Stakataka|Stakataka|100\/100\n|move|p1a: A child|Iron Head|p2a: Stakataka\n|-damage|p2a: Stakataka|76\/100\n|\n|upkeep\n|turn|11\n|\n|t:|1699632138\n|move|p1a: A child|Iron Head|p2a: Stakataka\n|-damage|p2a: Stakataka|52\/100\n|move|p2a: Stakataka|Trick Room|p2a: Stakataka\n|-fieldstart|move: Trick Room|[of] p2a: Stakataka\n|\n|upkeep\n|turn|12\n|\n|t:|1699632143\n|move|p2a: Stakataka|Heat Crash|p1a: A child\n|-supereffective|p1a: A child\n|-damage|p1a: A child|4\/100\n|move|p1a: A child|Iron Head|p2a: Stakataka\n|-damage|p2a: Stakataka|29\/100\n|\n|upkeep\n|turn|13\n|\n|t:|1699632149\n|move|p2a: Stakataka|Heat Crash|p1a: A child\n|-supereffective|p1a: A child\n|-damage|p1a: A child|0 fnt\n|faint|p1a: A child\n|-ability|p2a: Stakataka|Beast Boost|boost\n|-boost|p2a: Stakataka|atk|1\n|\n|upkeep\n|\n|t:|1699632157\n|switch|p1a: Peguins Madagascar|Empoleon, M|100\/100\n|turn|14\n|\n|t:|1699632163\n|move|p2a: Stakataka|Heat Crash|p1a: Peguins Madagascar\n|-damage|p1a: Peguins Madagascar|28\/100\n|move|p1a: Peguins Madagascar|Scald|p2a: Stakataka\n|-supereffective|p2a: Stakataka\n|-damage|p2a: Stakataka|0 fnt\n|faint|p2a: Stakataka\n|\n|upkeep\n|\n|t:|1699632167\n|switch|p2a: Garganacl|Garganacl, M, tera:Ghost|5\/100\n|turn|15\n|\n|t:|1699632174\n|move|p2a: Garganacl|Recover|p2a: Garganacl\n|-heal|p2a: Garganacl|55\/100\n|move|p1a: Peguins Madagascar|Flash Cannon|p2a: Garganacl\n|-damage|p2a: Garganacl|27\/100\n|\n|-fieldend|move: Trick Room\n|upkeep\n|turn|16\n|\n|t:|1699632179\n|switch|p2a: Tyranitar|Tyranitar, F|100\/100\n|-weather|Sandstorm|[from] ability: Sand Stream|[of] p2a: Tyranitar\n|move|p1a: Peguins Madagascar|Flash Cannon|p2a: Tyranitar\n|-supereffective|p2a: Tyranitar\n|-damage|p2a: Tyranitar|80\/100\n|\n|-weather|Sandstorm|[upkeep]\n|upkeep\n|turn|17\n|\n|t:|1699632188\n|move|p2a: Tyranitar|Pursuit|p1a: Peguins Madagascar\n|-damage|p1a: Peguins Madagascar|9\/100\n|move|p1a: Peguins Madagascar|Grass Knot|p2a: Tyranitar\n|-supereffective|p2a: Tyranitar\n|-damage|p2a: Tyranitar|57\/100\n|\n|-weather|Sandstorm|[upkeep]\n|upkeep\n|turn|18\n|\n|t:|1699632193\n|move|p2a: Tyranitar|Pursuit|p1a: Peguins Madagascar\n|-damage|p1a: Peguins Madagascar|0 fnt\n|faint|p1a: Peguins Madagascar\n|\n|-weather|Sandstorm|[upkeep]\n|upkeep\n|\n|t:|1699632200\n|switch|p1a: 2 Sharp|Bisharp, M, shiny|100\/100\n|turn|19\n|\n|t:|1699632205\n|move|p1a: 2 Sharp|Swords Dance|p1a: 2 Sharp\n|-boost|p1a: 2 Sharp|atk|2\n|move|p2a: Tyranitar|Dragon Tail|p1a: 2 Sharp\n|-resisted|p1a: 2 Sharp\n|-damage|p1a: 2 Sharp|94\/100\n|drag|p1a: Mole Man|Excadrill, M|100\/100\n|-ability|p1a: Mole Man|Mold Breaker\n|\n|-weather|Sandstorm|[upkeep]\n|upkeep\n|turn|20\n|\n|t:|1699632219\n|switch|p2a: Glimmora|Glimmora, F|100\/100\n|move|p1a: Mole Man|Earthquake|p2a: Glimmora\n|-supereffective|p2a: Glimmora\n|-damage|p2a: Glimmora|0 fnt\n|-activate|p2a: Glimmora|ability: Toxic Debris\n|-sidestart|p1: RedHoodKat|move: Toxic Spikes\n|faint|p2a: Glimmora\n|\n|-weather|none\n|upkeep\n|\n|t:|1699632227\n|switch|p2a: Aggron|Aggron, M|100\/100\n|turn|21\n|\n|t:|1699632232\n|detailschange|p2a: Aggron|Aggron-Mega, M\n|-mega|p2a: Aggron|Aggron|Aggronite\n|move|p1a: Mole Man|Earthquake|p2a: Aggron\n|-supereffective|p2a: Aggron\n|-damage|p2a: Aggron|46\/100\n|move|p2a: Aggron|Body Press|p1a: Mole Man\n|-supereffective|p1a: Mole Man\n|-damage|p1a: Mole Man|0 fnt\n|faint|p1a: Mole Man\n|\n|upkeep\n|\n|t:|1699632239\n|switch|p1a: Immortal Killer|Goodra-Hisui, F, shiny|100\/100\n|turn|22\n|\n|t:|1699632247\n|switch|p2a: Tyranitar|Tyranitar, F|57\/100\n|-weather|Sandstorm|[from] ability: Sand Stream|[of] p2a: Tyranitar\n|move|p1a: Immortal Killer|Flamethrower|p2a: Tyranitar\n|-resisted|p2a: Tyranitar\n|-damage|p2a: Tyranitar|53\/100\n|\n|-weather|Sandstorm|[upkeep]\n|upkeep\n|turn|23\n|\n|t:|1699632256\n|move|p2a: Tyranitar|Knock Off|p1a: Immortal Killer\n|-damage|p1a: Immortal Killer|61\/100\n|-damage|p2a: Tyranitar|37\/100|[from] item: Rocky Helmet|[of] p1a: Immortal Killer\n|-ability|p1a: Immortal Killer|Gooey\n|-unboost|p2a: Tyranitar|spe|1\n|-enditem|p1a: Immortal Killer|Rocky Helmet|[from] move: Knock Off|[of] p2a: Tyranitar\n|move|p1a: Immortal Killer|Flash Cannon|p2a: Tyranitar\n|-supereffective|p2a: Tyranitar\n|-damage|p2a: Tyranitar|16\/100\n|\n|-weather|Sandstorm|[upkeep]\n|upkeep\n|turn|24\n|\n|t:|1699632268\n|move|p1a: Immortal Killer|Flash Cannon|p2a: Tyranitar\n|-supereffective|p2a: Tyranitar\n|-damage|p2a: Tyranitar|0 fnt\n|faint|p2a: Tyranitar\n|\n|-weather|Sandstorm|[upkeep]\n|upkeep\n|\n|t:|1699632275\n|switch|p2a: Cradily|Cradily, F|100\/100\n|turn|25\n|\n|t:|1699632282\n|move|p1a: Immortal Killer|Flash Cannon|p2a: Cradily\n|-supereffective|p2a: Cradily\n|-crit|p2a: Cradily\n|-damage|p2a: Cradily|35\/100\n|move|p2a: Cradily|Leech Seed|p1a: Immortal Killer\n|-start|p1a: Immortal Killer|move: Leech Seed\n|\n|-weather|Sandstorm|[upkeep]\n|-damage|p1a: Immortal Killer|49\/100|[from] Leech Seed|[of] p2a: Cradily\n|-heal|p2a: Cradily|47\/100|[silent]\n|upkeep\n|turn|26\n|\n|t:|1699632291\n|move|p1a: Immortal Killer|Flash Cannon|p2a: Cradily\n|-supereffective|p2a: Cradily\n|-crit|p2a: Cradily\n|-damage|p2a: Cradily|0 fnt\n|faint|p2a: Cradily\n|\n|-weather|none\n|upkeep\n|\n|t:|1699632295\n|switch|p2a: Garganacl|Garganacl, M, tera:Ghost|27\/100\n|turn|27\n|\n|t:|1699632299\n|move|p1a: Immortal Killer|Flash Cannon|p2a: Garganacl\n|-damage|p2a: Garganacl|2\/100\n|move|p2a: Garganacl|Recover|p2a: Garganacl\n|-heal|p2a: Garganacl|52\/100\n|\n|-damage|p1a: Immortal Killer|36\/100|[from] Leech Seed|[of] p2a: Garganacl\n|-heal|p2a: Garganacl|64\/100|[silent]\n|upkeep\n|turn|28\n|\n|t:|1699632304\n|move|p1a: Immortal Killer|Flash Cannon|p2a: Garganacl\n|-damage|p2a: Garganacl|37\/100\n|move|p2a: Garganacl|Recover|p2a: Garganacl\n|-heal|p2a: Garganacl|87\/100\n|\n|-damage|p1a: Immortal Killer|24\/100|[from] Leech Seed|[of] p2a: Garganacl\n|-heal|p2a: Garganacl|98\/100|[silent]\n|upkeep\n|turn|29\n|\n|t:|1699632309\n|move|p1a: Immortal Killer|Flash Cannon|p2a: Garganacl\n|-damage|p2a: Garganacl|72\/100\n|-unboost|p2a: Garganacl|spd|1\n|move|p2a: Garganacl|Iron Defense|p2a: Garganacl\n|-boost|p2a: Garganacl|def|2\n|\n|-damage|p1a: Immortal Killer|11\/100|[from] Leech Seed|[of] p2a: Garganacl\n|-heal|p2a: Garganacl|83\/100|[silent]\n|upkeep\n|turn|30\n|\n|t:|1699632316\n|move|p1a: Immortal Killer|Flash Cannon|p2a: Garganacl\n|-damage|p2a: Garganacl|40\/100\n|move|p2a: Garganacl|Recover|p2a: Garganacl\n|-heal|p2a: Garganacl|90\/100\n|\n|-damage|p1a: Immortal Killer|0 fnt|[from] Leech Seed|[of] p2a: Garganacl\n|-heal|p2a: Garganacl|99\/100|[silent]\n|faint|p1a: Immortal Killer\n|upkeep\n|\n|t:|1699632326\n|switch|p1a: 2 Sharp|Bisharp, M, shiny|94\/100\n|turn|31\n|\n|t:|1699632334\n|move|p1a: 2 Sharp|Sucker Punch|p2a: Garganacl\n|-supereffective|p2a: Garganacl\n|-damage|p2a: Garganacl|72\/100\n|move|p2a: Garganacl|Salt Cure|p1a: 2 Sharp\n|-resisted|p1a: 2 Sharp\n|-damage|p1a: 2 Sharp|89\/100\n|-start|p1a: 2 Sharp|Salt Cure\n|\n|-damage|p1a: 2 Sharp|64\/100|[from] Salt Cure\n|upkeep\n|turn|32\n|\n|t:|1699632338\n|move|p1a: 2 Sharp|Iron Head|p2a: Garganacl\n|-damage|p2a: Garganacl|57\/100\n|cant|p2a: Garganacl|flinch\n|\n|-damage|p1a: 2 Sharp|39\/100|[from] Salt Cure\n|upkeep\n|turn|33\n|\n|t:|1699632349\n|move|p1a: 2 Sharp|Iron Head|p2a: Garganacl\n|-crit|p2a: Garganacl\n|-damage|p2a: Garganacl|8\/100\n|move|p2a: Garganacl|Recover|p2a: Garganacl\n|-heal|p2a: Garganacl|58\/100\n|\n|-damage|p1a: 2 Sharp|14\/100|[from] Salt Cure\n|upkeep\n|turn|34\n|\n|t:|1699632354\n|move|p1a: 2 Sharp|Iron Head|p2a: Garganacl\n|-damage|p2a: Garganacl|44\/100\n|move|p2a: Garganacl|Body Press|p1a: 2 Sharp\n|-supereffective|p1a: 2 Sharp\n|-damage|p1a: 2 Sharp|0 fnt\n|faint|p1a: 2 Sharp\n|\n|win|The power of ROCK\n|c|\u2606The power of ROCK|gg : )\n|c|\u2606RedHoodKat|ill win one day\n","uploadtime":1699632361,"views":4,"p1id":"redhoodkat","p2id":"thepowerofrock","formatid":"gen9nationaldex","rating":0,"private":0,"password":""}