{"id":"gen9nationaldex-1988187912","p1":"yzzc","p2":"random NOTTRUE","format":"[Gen 9] National Dex","log":"|j|\u2606yzzc\n|j|\u2606random NOTTRUE\n|t:|1699681772\n|gametype|singles\n|player|p1|yzzc|102|1135\n|player|p2|random NOTTRUE|nate|1221\n|teamsize|p1|6\n|teamsize|p2|6\n|gen|9\n|tier|[Gen 9] National Dex\n|rated|\n|rule|HP Percentage Mod: HP is shown in percentages\n|rule|Endless Battle Clause: Forcing endless battles is banned\n|rule|OHKO Clause: OHKO moves are banned\n|rule|Evasion Clause: Evasion abilities, items, and moves are banned\n|rule|Evasion Abilities Clause: Evasion abilities are banned\n|rule|Evasion Items Clause: Evasion items are banned\n|rule|Evasion Moves Clause: Evasion moves are banned\n|rule|Species Clause: Limit one of each Pok\u00e9mon\n|rule|Sleep Clause Mod: Limit one foe put to sleep\n|clearpoke\n|poke|p1|Entei|\n|poke|p1|Arboliva, M|\n|poke|p1|Moltres-Galar|\n|poke|p1|Kleavor, M|\n|poke|p1|Lapras, F|\n|poke|p1|Altaria, F|\n|poke|p2|Gigalith, M|\n|poke|p2|Scizor, M|\n|poke|p2|Coalossal, F|\n|poke|p2|Lycanroc, M|\n|poke|p2|Cradily, M|\n|poke|p2|Excadrill, M|\n|teampreview\n|inactive|Battle timer is ON: inactive players will automatically lose when time's up. (requested by yzzc)\n|\n|t:|1699681785\n|start\n|switch|p1a: Kleavor|Kleavor, M|100\/100\n|switch|p2a: Cradily|Cradily, M, shiny|100\/100\n|turn|1\n|\n|t:|1699681795\n|move|p1a: Kleavor|Stone Axe|p2a: Cradily\n|-damage|p2a: Cradily|56\/100\n|-sidestart|p2: random NOTTRUE|move: Stealth Rock\n|move|p2a: Cradily|Meteor Beam||[still]\n|-prepare|p2a: Cradily|Meteor Beam\n|-boost|p2a: Cradily|spa|1\n|-enditem|p2a: Cradily|Power Herb\n|-anim|p2a: Cradily|Meteor Beam|p1a: Kleavor\n|-supereffective|p1a: Kleavor\n|-enditem|p1a: Kleavor|Focus Sash\n|-damage|p1a: Kleavor|1\/100\n|\n|upkeep\n|turn|2\n|\n|t:|1699681808\n|move|p1a: Kleavor|X-Scissor|p2a: Cradily\n|-supereffective|p2a: Cradily\n|-damage|p2a: Cradily|0 fnt\n|faint|p2a: Cradily\n|\n|upkeep\n|\n|t:|1699681825\n|switch|p2a: Gigalith|Gigalith, M, shiny|100\/100\n|-damage|p2a: Gigalith|88\/100|[from] Stealth Rock\n|-weather|Sandstorm|[from] ability: Sand Stream|[of] p2a: Gigalith\n|turn|3\n|\n|t:|1699681837\n|switch|p2a: Excadrill|Excadrill, M, shiny|100\/100\n|-damage|p2a: Excadrill|97\/100|[from] Stealth Rock\n|move|p1a: Kleavor|Close Combat|p2a: Excadrill\n|-supereffective|p2a: Excadrill\n|-damage|p2a: Excadrill|0 fnt\n|-unboost|p1a: Kleavor|def|1\n|-unboost|p1a: Kleavor|spd|1\n|faint|p2a: Excadrill\n|\n|-weather|Sandstorm|[upkeep]\n|upkeep\n|\n|t:|1699681851\n|switch|p2a: Lycanroc|Lycanroc, M, shiny|100\/100\n|-damage|p2a: Lycanroc|88\/100|[from] Stealth Rock\n|turn|4\n|inactive|random NOTTRUE has 120 seconds left.\n|\n|t:|1699681868\n|move|p2a: Lycanroc|Close Combat|p1a: Kleavor\n|-damage|p1a: Kleavor|0 fnt\n|-unboost|p2a: Lycanroc|def|1\n|-unboost|p2a: Lycanroc|spd|1\n|faint|p1a: Kleavor\n|\n|-weather|Sandstorm|[upkeep]\n|upkeep\n|\n|t:|1699681886\n|switch|p1a: Lapras|Lapras, F|100\/100\n|turn|5\n|inactive|yzzc has 120 seconds left.\n|\n|t:|1699681903\n|move|p1a: Lapras|Protect|p1a: Lapras\n|-singleturn|p1a: Lapras|Protect\n|move|p2a: Lycanroc|Close Combat|p1a: Lapras\n|-activate|p1a: Lapras|move: Protect\n|\n|-weather|Sandstorm|[upkeep]\n|-damage|p1a: Lapras|94\/100|[from] Sandstorm\n|-heal|p1a: Lapras|100\/100|[from] item: Leftovers\n|upkeep\n|turn|6\n|inactive|yzzc has 120 seconds left.\n|\n|t:|1699681924\n|move|p2a: Lycanroc|Close Combat|p1a: Lapras\n|-supereffective|p1a: Lapras\n|-crit|p1a: Lapras\n|-damage|p1a: Lapras|0 fnt\n|-unboost|p2a: Lycanroc|def|1\n|-unboost|p2a: Lycanroc|spd|1\n|faint|p1a: Lapras\n|\n|-weather|Sandstorm|[upkeep]\n|upkeep\n|\n|t:|1699681934\n|switch|p1a: \u88c2\u7a7a\u5ea7 \u522b\u79cd\u5f62\u6001|Altaria, F, shiny|100\/100\n|-ability|p1a: \u88c2\u7a7a\u5ea7 \u522b\u79cd\u5f62\u6001|Cloud Nine\n|turn|7\n|inactive|random NOTTRUE has 120 seconds left.\n|\n|t:|1699681971\n|switch|p2a: Scizor|Scizor, M|100\/100\n|-damage|p2a: Scizor|88\/100|[from] Stealth Rock\n|move|p1a: \u88c2\u7a7a\u5ea7 \u522b\u79cd\u5f62\u6001|Dragon Dance|p1a: \u88c2\u7a7a\u5ea7 \u522b\u79cd\u5f62\u6001\n|-boost|p1a: \u88c2\u7a7a\u5ea7 \u522b\u79cd\u5f62\u6001|atk|1\n|-boost|p1a: \u88c2\u7a7a\u5ea7 \u522b\u79cd\u5f62\u6001|spe|1\n|\n|-weather|Sandstorm|[upkeep]\n|upkeep\n|turn|8\n|inactive|yzzc has 120 seconds left.\n|\n|t:|1699682000\n|move|p2a: Scizor|Bullet Punch|p1a: \u88c2\u7a7a\u5ea7 \u522b\u79cd\u5f62\u6001\n|-damage|p1a: \u88c2\u7a7a\u5ea7 \u522b\u79cd\u5f62\u6001|65\/100\n|move|p1a: \u88c2\u7a7a\u5ea7 \u522b\u79cd\u5f62\u6001|Dragon Dance|p1a: \u88c2\u7a7a\u5ea7 \u522b\u79cd\u5f62\u6001\n|-boost|p1a: \u88c2\u7a7a\u5ea7 \u522b\u79cd\u5f62\u6001|atk|1\n|-boost|p1a: \u88c2\u7a7a\u5ea7 \u522b\u79cd\u5f62\u6001|spe|1\n|\n|-weather|Sandstorm|[upkeep]\n|upkeep\n|turn|9\n|\n|t:|1699682008\n|detailschange|p2a: Scizor|Scizor-Mega, M\n|-mega|p2a: Scizor|Scizor|Scizorite\n|move|p2a: Scizor|Bullet Punch|p1a: \u88c2\u7a7a\u5ea7 \u522b\u79cd\u5f62\u6001\n|-damage|p1a: \u88c2\u7a7a\u5ea7 \u522b\u79cd\u5f62\u6001|28\/100\n|move|p1a: \u88c2\u7a7a\u5ea7 \u522b\u79cd\u5f62\u6001|Earthquake|p2a: Scizor\n|-damage|p2a: Scizor|59\/100\n|\n|-weather|Sandstorm|[upkeep]\n|upkeep\n|turn|10\n|\n|t:|1699682023\n|switch|p1a: Moltres|Moltres-Galar|100\/100\n|move|p2a: Scizor|Bullet Punch|p1a: Moltres\n|-damage|p1a: Moltres|67\/100\n|\n|-weather|none\n|upkeep\n|turn|11\n|\n|t:|1699682033\n|switch|p2a: Gigalith|Gigalith, M, shiny|88\/100\n|-damage|p2a: Gigalith|76\/100|[from] Stealth Rock\n|-weather|Sandstorm|[from] ability: Sand Stream|[of] p2a: Gigalith\n|move|p1a: Moltres|Ancient Power|p2a: Gigalith\n|-damage|p2a: Gigalith|66\/100\n|-heal|p1a: Moltres|68\/100|[from] item: Shell Bell|[of] p2a: Gigalith\n|\n|-weather|Sandstorm|[upkeep]\n|-damage|p1a: Moltres|62\/100|[from] Sandstorm\n|upkeep\n|turn|12\n|inactive|random NOTTRUE has 120 seconds left.\n|\n|t:|1699682048\n|move|p1a: Moltres|Ancient Power|p2a: Gigalith\n|-damage|p2a: Gigalith|57\/100\n|-heal|p1a: Moltres|63\/100|[from] item: Shell Bell|[of] p2a: Gigalith\n|move|p2a: Gigalith|Stealth Rock|p1a: Moltres\n|-sidestart|p1: yzzc|move: Stealth Rock\n|\n|-weather|Sandstorm|[upkeep]\n|-damage|p1a: Moltres|57\/100|[from] Sandstorm\n|upkeep\n|turn|13\n|inactive|random NOTTRUE has 120 seconds left.\n|\n|t:|1699682059\n|move|p1a: Moltres|Ancient Power|p2a: Gigalith\n|-damage|p2a: Gigalith|48\/100\n|-heal|p1a: Moltres|58\/100|[from] item: Shell Bell|[of] p2a: Gigalith\n|move|p2a: Gigalith|Stone Edge|p1a: Moltres\n|-supereffective|p1a: Moltres\n|-damage|p1a: Moltres|0 fnt\n|faint|p1a: Moltres\n|\n|-weather|Sandstorm|[upkeep]\n|upkeep\n|\n|t:|1699682073\n|switch|p1a: Arboliva|Arboliva, M|100\/100\n|-damage|p1a: Arboliva|88\/100|[from] Stealth Rock\n|turn|14\n|inactive|random NOTTRUE has 120 seconds left.\n|\n|t:|1699682086\n|move|p1a: Arboliva|Giga Drain|p2a: Gigalith\n|-supereffective|p2a: Gigalith\n|-damage|p2a: Gigalith|9\/100\n|-heal|p1a: Arboliva|100\/100|[from] drain|[of] p2a: Gigalith\n|move|p2a: Gigalith|Body Press|p1a: Arboliva\n|-supereffective|p1a: Arboliva\n|-damage|p1a: Arboliva|55\/100\n|\n|-weather|Sandstorm|[upkeep]\n|-damage|p1a: Arboliva|49\/100|[from] Sandstorm\n|-enditem|p1a: Arboliva|Sitrus Berry|[eat]\n|-heal|p1a: Arboliva|74\/100|[from] item: Sitrus Berry\n|-item|p1a: Arboliva|Sitrus Berry|[from] ability: Harvest\n|upkeep\n|turn|15\n|inactive|random NOTTRUE has 120 seconds left.\n|\n|t:|1699682110\n|move|p1a: Arboliva|Giga Drain|p2a: Gigalith\n|-supereffective|p2a: Gigalith\n|-damage|p2a: Gigalith|0 fnt\n|-heal|p1a: Arboliva|78\/100|[from] drain|[of] p2a: Gigalith\n|faint|p2a: Gigalith\n|\n|-weather|Sandstorm|[upkeep]\n|-damage|p1a: Arboliva|72\/100|[from] Sandstorm\n|upkeep\n|\n|t:|1699682118\n|switch|p2a: Lycanroc|Lycanroc, M, shiny|88\/100\n|-damage|p2a: Lycanroc|76\/100|[from] Stealth Rock\n|turn|16\n|\n|t:|1699682141\n|-terastallize|p1a: Arboliva|Poison\n|move|p2a: Lycanroc|Close Combat|p1a: Arboliva\n|-resisted|p1a: Arboliva\n|-damage|p1a: Arboliva|41\/100\n|-unboost|p2a: Lycanroc|def|1\n|-unboost|p2a: Lycanroc|spd|1\n|-enditem|p1a: Arboliva|Sitrus Berry|[eat]\n|-heal|p1a: Arboliva|65\/100|[from] item: Sitrus Berry\n|move|p1a: Arboliva|Giga Drain|p2a: Lycanroc\n|-supereffective|p2a: Lycanroc\n|-damage|p2a: Lycanroc|0 fnt\n|-heal|p1a: Arboliva|96\/100|[from] drain|[of] p2a: Lycanroc\n|faint|p2a: Lycanroc\n|\n|-weather|Sandstorm|[upkeep]\n|-damage|p1a: Arboliva|90\/100|[from] Sandstorm\n|-item|p1a: Arboliva|Sitrus Berry|[from] ability: Harvest\n|upkeep\n|inactive|random NOTTRUE has 90 seconds left.\n|\n|t:|1699682174\n|switch|p2a: Scizor|Scizor-Mega, M|59\/100\n|-damage|p2a: Scizor|47\/100|[from] Stealth Rock\n|turn|17\n|\n|t:|1699682181\n|move|p1a: Arboliva|Protect|p1a: Arboliva\n|-singleturn|p1a: Arboliva|Protect\n|move|p2a: Scizor|Roost|p2a: Scizor\n|-heal|p2a: Scizor|97\/100\n|-singleturn|p2a: Scizor|move: Roost\n|\n|-weather|Sandstorm|[upkeep]\n|-damage|p1a: Arboliva|84\/100|[from] Sandstorm\n|upkeep\n|turn|18\n|\n|t:|1699682191\n|move|p2a: Scizor|Bullet Punch|p1a: Arboliva\n|-damage|p1a: Arboliva|52\/100\n|move|p1a: Arboliva|Earth Power|p2a: Scizor\n|-damage|p2a: Scizor|66\/100\n|\n|-weather|none\n|upkeep\n|turn|19\n|inactive|yzzc has 120 seconds left.\n|\n|t:|1699682200\n|move|p2a: Scizor|Bullet Punch|p1a: Arboliva\n|-damage|p1a: Arboliva|22\/100\n|-enditem|p1a: Arboliva|Sitrus Berry|[eat]\n|-heal|p1a: Arboliva|46\/100|[from] item: Sitrus Berry\n|move|p1a: Arboliva|Earth Power|p2a: Scizor\n|-damage|p2a: Scizor|34\/100\n|\n|-item|p1a: Arboliva|Sitrus Berry|[from] ability: Harvest\n|upkeep\n|-enditem|p1a: Arboliva|Sitrus Berry|[eat]\n|-heal|p1a: Arboliva|71\/100|[from] item: Sitrus Berry\n|turn|20\n|inactive|yzzc has 120 seconds left.\n|\n|t:|1699682215\n|move|p2a: Scizor|Roost|p2a: Scizor\n|-heal|p2a: Scizor|84\/100\n|-singleturn|p2a: Scizor|move: Roost\n|move|p1a: Arboliva|Earth Power|p2a: Scizor\n|-damage|p2a: Scizor|49\/100\n|\n|upkeep\n|turn|21\n|\n|t:|1699682225\n|move|p2a: Scizor|Roost|p2a: Scizor\n|-heal|p2a: Scizor|99\/100\n|-singleturn|p2a: Scizor|move: Roost\n|move|p1a: Arboliva|Earth Power|p2a: Scizor\n|-damage|p2a: Scizor|68\/100\n|\n|upkeep\n|turn|22\n|l|\u2606yzzc\n|inactive|yzzc disconnected and has a minute to reconnect!\n|player|p1|\n|inactive|yzzc has 30 seconds to reconnect!\n|inactive|yzzc has 20 seconds to reconnect!\n|j|\u2606yzzc\n|inactive|yzzc reconnected and has 85 seconds left.\n|player|p1|yzzc|102\n|\n|t:|1699682281\n|move|p2a: Scizor|Close Combat|p1a: Arboliva\n|-resisted|p1a: Arboliva\n|-crit|p1a: Arboliva\n|-damage|p1a: Arboliva|40\/100\n|-unboost|p2a: Scizor|def|1\n|-unboost|p2a: Scizor|spd|1\n|move|p1a: Arboliva|Earth Power|p2a: Scizor\n|-damage|p2a: Scizor|21\/100\n|\n|upkeep\n|turn|23\n|\n|t:|1699682293\n|move|p1a: Arboliva|Protect|p1a: Arboliva\n|-singleturn|p1a: Arboliva|Protect\n|move|p2a: Scizor|Close Combat|p1a: Arboliva\n|-activate|p1a: Arboliva|move: Protect\n|\n|-item|p1a: Arboliva|Sitrus Berry|[from] ability: Harvest\n|upkeep\n|-enditem|p1a: Arboliva|Sitrus Berry|[eat]\n|-heal|p1a: Arboliva|65\/100|[from] item: Sitrus Berry\n|turn|24\n|inactive|yzzc has 90 seconds left.\n|\n|t:|1699682304\n|move|p2a: Scizor|Roost|p2a: Scizor\n|-heal|p2a: Scizor|71\/100\n|-singleturn|p2a: Scizor|move: Roost\n|move|p1a: Arboliva|Earth Power|p2a: Scizor\n|-damage|p2a: Scizor|23\/100\n|\n|upkeep\n|turn|25\n|inactive|yzzc has 90 seconds left.\n|\n|t:|1699682310\n|move|p2a: Scizor|Roost|p2a: Scizor\n|-heal|p2a: Scizor|73\/100\n|-singleturn|p2a: Scizor|move: Roost\n|move|p1a: Arboliva|Earth Power|p2a: Scizor\n|-damage|p2a: Scizor|19\/100\n|-unboost|p2a: Scizor|spd|1\n|\n|-item|p1a: Arboliva|Sitrus Berry|[from] ability: Harvest\n|upkeep\n|turn|26\n|inactive|random NOTTRUE has 120 seconds left.\n|\n|t:|1699682326\n|switch|p2a: Coalossal|Coalossal, F, shiny|100\/100\n|-damage|p2a: Coalossal|76\/100|[from] Stealth Rock\n|move|p1a: Arboliva|Earth Power|p2a: Coalossal\n|-supereffective|p2a: Coalossal\n|-damage|p2a: Coalossal|0 fnt\n|faint|p2a: Coalossal\n|\n|upkeep\n|\n|t:|1699682334\n|switch|p2a: Scizor|Scizor-Mega, M|19\/100\n|-damage|p2a: Scizor|7\/100|[from] Stealth Rock\n|turn|27\n|\n|t:|1699682341\n|switch|p1a: \u88c2\u7a7a\u5ea7 \u522b\u79cd\u5f62\u6001|Altaria, F, shiny|28\/100\n|-damage|p1a: \u88c2\u7a7a\u5ea7 \u522b\u79cd\u5f62\u6001|4\/100|[from] Stealth Rock\n|-ability|p1a: \u88c2\u7a7a\u5ea7 \u522b\u79cd\u5f62\u6001|Cloud Nine\n|move|p2a: Scizor|Roost|p2a: Scizor\n|-heal|p2a: Scizor|57\/100\n|-singleturn|p2a: Scizor|move: Roost\n|\n|upkeep\n|turn|28\n|\n|t:|1699682350\n|detailschange|p1a: \u88c2\u7a7a\u5ea7 \u522b\u79cd\u5f62\u6001|Altaria-Mega, F, shiny\n|-mega|p1a: \u88c2\u7a7a\u5ea7 \u522b\u79cd\u5f62\u6001|Altaria|Altarianite\n|move|p2a: Scizor|Bullet Punch|p1a: \u88c2\u7a7a\u5ea7 \u522b\u79cd\u5f62\u6001\n|-supereffective|p1a: \u88c2\u7a7a\u5ea7 \u522b\u79cd\u5f62\u6001\n|-damage|p1a: \u88c2\u7a7a\u5ea7 \u522b\u79cd\u5f62\u6001|0 fnt\n|faint|p1a: \u88c2\u7a7a\u5ea7 \u522b\u79cd\u5f62\u6001\n|\n|upkeep\n|\n|t:|1699682357\n|switch|p1a: Arboliva|Arboliva, M, tera:Poison|65\/100\n|-damage|p1a: Arboliva|53\/100|[from] Stealth Rock\n|turn|29\n|\n|t:|1699682362\n|switch|p1a: Entei|Entei|100\/100\n|-damage|p1a: Entei|76\/100|[from] Stealth Rock\n|move|p2a: Scizor|Roost|p2a: Scizor\n|-heal|p2a: Scizor|100\/100\n|-singleturn|p2a: Scizor|move: Roost\n|\n|upkeep\n|turn|30\n|\n|t:|1699682370\n|move|p1a: Entei|Sacred Fire|p2a: Scizor\n|-supereffective|p2a: Scizor\n|-damage|p2a: Scizor|0 fnt\n|faint|p2a: Scizor\n|\n|win|yzzc\n|raw|yzzc's rating: 1135 &rarr; <strong>1166<\/strong><br \/>(+31 for winning)\n|raw|random NOTTRUE's rating: 1221 &rarr; <strong>1190<\/strong><br \/>(-31 for losing)\n","uploadtime":1699682380,"views":4,"p1id":"yzzc","p2id":"randomnottrue","formatid":"gen9nationaldex","rating":1166,"private":0,"password":""}