{"id":"gen9nationaldex-1987715307","p1":"Yeetman489","p2":"jackyjc21","format":"[Gen 9] National Dex","log":"|j|\u2606Yeetman489\n|j|\u2606jackyjc21\n|t:|1699630306\n|gametype|singles\n|player|p1|Yeetman489|marshal|1248\n|player|p2|jackyjc21|benga|1324\n|teamsize|p1|6\n|teamsize|p2|6\n|gen|9\n|tier|[Gen 9] National Dex\n|rated|\n|rule|HP Percentage Mod: HP is shown in percentages\n|rule|Endless Battle Clause: Forcing endless battles is banned\n|rule|OHKO Clause: OHKO moves are banned\n|rule|Evasion Clause: Evasion abilities, items, and moves are banned\n|rule|Evasion Abilities Clause: Evasion abilities are banned\n|rule|Evasion Items Clause: Evasion items are banned\n|rule|Evasion Moves Clause: Evasion moves are banned\n|rule|Species Clause: Limit one of each Pok\u00e9mon\n|rule|Sleep Clause Mod: Limit one foe put to sleep\n|clearpoke\n|poke|p1|Hariyama, M|\n|poke|p1|Tangrowth, F|\n|poke|p1|Jirachi|\n|poke|p1|Mamoswine, M|\n|poke|p1|Scizor, F|\n|poke|p1|Gliscor, F|\n|poke|p2|Venusaur, M|\n|poke|p2|Bellibolt, M|\n|poke|p2|Greninja-*, M|\n|poke|p2|Politoed, M|\n|poke|p2|Poliwrath, M|\n|poke|p2|Toxicroak, F|\n|teampreview\n|c|\u2606Yeetman489|Holy cool team\n|c|\u2606Yeetman489|the colors just nice from this side of the stage\n|\n|t:|1699630331\n|start\n|switch|p1a: Jirachi|Jirachi|100\/100\n|switch|p2a: Politoed|Politoed, M|100\/100\n|-weather|RainDance|[from] ability: Drizzle|[of] p2a: Politoed\n|turn|1\n|\n|t:|1699630346\n|move|p2a: Politoed|Protect|p2a: Politoed\n|-singleturn|p2a: Politoed|Protect\n|move|p1a: Jirachi|U-turn|p2a: Politoed\n|-activate|p2a: Politoed|move: Protect\n|\n|-weather|RainDance|[upkeep]\n|upkeep\n|turn|2\n|\n|t:|1699630359\n|move|p1a: Jirachi|U-turn|p2a: Politoed\n|-damage|p2a: Politoed|87\/100\n|\n|t:|1699630362\n|switch|p1a: Soulwall|Hariyama, M|100\/100|[from] U-turn\n|move|p2a: Politoed|Toxic|p1a: Soulwall\n|-status|p1a: Soulwall|tox\n|\n|-weather|RainDance|[upkeep]\n|-damage|p1a: Soulwall|94\/100 tox|[from] psn\n|upkeep\n|turn|3\n|\n|t:|1699630373\n|move|p2a: Politoed|Protect|p2a: Politoed\n|-singleturn|p2a: Politoed|Protect\n|move|p1a: Soulwall|Knock Off|p2a: Politoed\n|-activate|p2a: Politoed|move: Protect\n|\n|-weather|RainDance|[upkeep]\n|-damage|p1a: Soulwall|82\/100 tox|[from] psn\n|upkeep\n|turn|4\n|\n|t:|1699630387\n|switch|p2a: Poliwrath|Poliwrath, M|100\/100\n|move|p1a: Soulwall|Thunder Punch|p2a: Poliwrath\n|-supereffective|p2a: Poliwrath\n|-damage|p2a: Poliwrath|42\/100\n|\n|-weather|RainDance|[upkeep]\n|-damage|p1a: Soulwall|64\/100 tox|[from] psn\n|upkeep\n|turn|5\n|\n|t:|1699630398\n|switch|p1a: Brambles|Tangrowth, F|100\/100\n|move|p2a: Poliwrath|Waterfall|p1a: Brambles\n|-resisted|p1a: Brambles\n|-damage|p1a: Brambles|84\/100\n|-damage|p2a: Poliwrath|25\/100|[from] item: Rocky Helmet|[of] p1a: Brambles\n|\n|-weather|RainDance|[upkeep]\n|upkeep\n|turn|6\n|\n|t:|1699630414\n|switch|p2a: Venusaur|Venusaur, M|100\/100\n|move|p1a: Brambles|Sludge Bomb|p2a: Venusaur\n|-damage|p2a: Venusaur|82\/100\n|\n|-weather|RainDance|[upkeep]\n|upkeep\n|turn|7\n|\n|t:|1699630423\n|switch|p1a: Stapler|Scizor, F|100\/100\n|detailschange|p2a: Venusaur|Venusaur-Mega, M\n|-mega|p2a: Venusaur|Venusaur|Venusaurite\n|move|p2a: Venusaur|Leech Seed|p1a: Stapler\n|-start|p1a: Stapler|move: Leech Seed\n|\n|-weather|RainDance|[upkeep]\n|-damage|p1a: Stapler|88\/100|[from] Leech Seed|[of] p2a: Venusaur\n|-heal|p2a: Venusaur|93\/100|[silent]\n|upkeep\n|turn|8\n|\n|t:|1699630435\n|detailschange|p1a: Stapler|Scizor-Mega, F\n|-mega|p1a: Stapler|Scizor|Scizorite\n|move|p2a: Venusaur|Protect|p2a: Venusaur\n|-singleturn|p2a: Venusaur|Protect\n|move|p1a: Stapler|Swords Dance|p1a: Stapler\n|-boost|p1a: Stapler|atk|2\n|\n|-weather|none\n|-damage|p1a: Stapler|76\/100|[from] Leech Seed|[of] p2a: Venusaur\n|-heal|p2a: Venusaur|100\/100|[silent]\n|upkeep\n|turn|9\n|\n|t:|1699630446\n|switch|p2a: Politoed|Politoed, M|87\/100\n|-weather|RainDance|[from] ability: Drizzle|[of] p2a: Politoed\n|move|p1a: Stapler|Dual Wingbeat|p2a: Politoed\n|-damage|p2a: Politoed|44\/100\n|-damage|p2a: Politoed|1\/100\n|-hitcount|p2a: Politoed|2\n|\n|-weather|RainDance|[upkeep]\n|-damage|p1a: Stapler|64\/100|[from] Leech Seed|[of] p2a: Politoed\n|-heal|p2a: Politoed|12\/100|[silent]\n|upkeep\n|turn|10\n|\n|t:|1699630461\n|move|p2a: Politoed|Protect|p2a: Politoed\n|-singleturn|p2a: Politoed|Protect\n|move|p1a: Stapler|Swords Dance|p1a: Stapler\n|-boost|p1a: Stapler|atk|2\n|\n|-weather|RainDance|[upkeep]\n|-damage|p1a: Stapler|52\/100|[from] Leech Seed|[of] p2a: Politoed\n|-heal|p2a: Politoed|23\/100|[silent]\n|upkeep\n|turn|11\n|\n|t:|1699630471\n|move|p1a: Stapler|Bullet Punch|p2a: Politoed\n|-resisted|p2a: Politoed\n|-damage|p2a: Politoed|0 fnt\n|faint|p2a: Politoed\n|\n|-weather|RainDance|[upkeep]\n|upkeep\n|\n|t:|1699630483\n|switch|p2a: Bellibolt|Bellibolt, M|100\/100\n|turn|12\n|\n|t:|1699630492\n|move|p1a: Stapler|Roost|p1a: Stapler\n|-heal|p1a: Stapler|100\/100\n|-singleturn|p1a: Stapler|move: Roost\n|move|p2a: Bellibolt|Volt Switch|p1a: Stapler\n|-damage|p1a: Stapler|67\/100\n|\n|t:|1699630501\n|switch|p2a: Greninja|Greninja, M|100\/100|[from] Volt Switch\n|\n|-weather|RainDance|[upkeep]\n|-damage|p1a: Stapler|55\/100|[from] Leech Seed|[of] p2a: Greninja\n|upkeep\n|turn|13\n|\n|t:|1699630532\n|switch|p1a: Soulwall|Hariyama, M|64\/100 tox\n|move|p2a: Greninja|Hydro Pump|p1a: Soulwall\n|-damage|p1a: Soulwall|3\/100 tox\n|-damage|p2a: Greninja|91\/100|[from] item: Life Orb\n|\n|-weather|RainDance|[upkeep]\n|-damage|p1a: Soulwall|0 fnt|[from] psn\n|faint|p1a: Soulwall\n|upkeep\n|inactive|Battle timer is ON: inactive players will automatically lose when time's up. (requested by jackyjc21)\n|\n|t:|1699630554\n|switch|p1a: Dracula|Gliscor, F|100\/100\n|turn|14\n|\n|t:|1699630574\n|switch|p1a: Jirachi|Jirachi|100\/100\n|move|p2a: Greninja|Ice Beam|p1a: Jirachi\n|-resisted|p1a: Jirachi\n|-damage|p1a: Jirachi|90\/100\n|-damage|p2a: Greninja|81\/100|[from] item: Life Orb\n|\n|-weather|RainDance|[upkeep]\n|-heal|p1a: Jirachi|96\/100|[from] item: Leftovers\n|upkeep\n|turn|15\n|\n|t:|1699630588\n|-terastallize|p1a: Jirachi|Flying\n|move|p2a: Greninja|Dark Pulse|p1a: Jirachi\n|-damage|p1a: Jirachi|69\/100\n|-damage|p2a: Greninja|71\/100|[from] item: Life Orb\n|move|p1a: Jirachi|Wish|p1a: Jirachi\n|\n|-weather|RainDance|[upkeep]\n|-heal|p1a: Jirachi|75\/100|[from] item: Leftovers\n|upkeep\n|turn|16\n|\n|t:|1699630601\n|switch|p2a: Bellibolt|Bellibolt, M|100\/100\n|move|p1a: Jirachi|U-turn|p2a: Bellibolt\n|-damage|p2a: Bellibolt|85\/100\n|\n|t:|1699630607\n|switch|p1a: Stapler|Scizor-Mega, F|55\/100|[from] U-turn\n|\n|-weather|none\n|-heal|p1a: Stapler|100\/100|[from] move: Wish|[wisher] Jirachi\n|upkeep\n|turn|17\n|\n|t:|1699630619\n|move|p1a: Stapler|Dual Wingbeat|p2a: Bellibolt\n|-resisted|p2a: Bellibolt\n|-damage|p2a: Bellibolt|75\/100\n|-resisted|p2a: Bellibolt\n|-damage|p2a: Bellibolt|63\/100\n|-hitcount|p2a: Bellibolt|2\n|move|p2a: Bellibolt|Thunderbolt|p1a: Stapler\n|-damage|p1a: Stapler|56\/100\n|\n|upkeep\n|turn|18\n|\n|t:|1699630628\n|move|p1a: Stapler|Swords Dance|p1a: Stapler\n|-boost|p1a: Stapler|atk|2\n|move|p2a: Bellibolt|Thunderbolt|p1a: Stapler\n|-damage|p1a: Stapler|16\/100\n|-status|p1a: Stapler|par\n|\n|upkeep\n|turn|19\n|\n|t:|1699630637\n|switch|p1a: Dracula|Gliscor, F|100\/100\n|move|p2a: Bellibolt|Thunderbolt|p1a: Dracula\n|-immune|p1a: Dracula\n|\n|-status|p1a: Dracula|tox|[from] item: Toxic Orb\n|upkeep\n|turn|20\n|\n|t:|1699630645\n|move|p1a: Dracula|Toxic|p2a: Bellibolt\n|-status|p2a: Bellibolt|tox\n|move|p2a: Bellibolt|Muddy Water|p1a: Dracula\n|-supereffective|p1a: Dracula\n|-damage|p1a: Dracula|34\/100 tox\n|\n|-heal|p1a: Dracula|47\/100 tox|[from] ability: Poison Heal\n|-damage|p2a: Bellibolt|57\/100 tox|[from] psn\n|upkeep\n|turn|21\n|\n|t:|1699630657\n|move|p1a: Dracula|Roost|p1a: Dracula\n|-heal|p1a: Dracula|97\/100 tox\n|-singleturn|p1a: Dracula|move: Roost\n|move|p2a: Bellibolt|Muddy Water|p1a: Dracula\n|-supereffective|p1a: Dracula\n|-damage|p1a: Dracula|29\/100 tox\n|\n|-heal|p1a: Dracula|41\/100 tox|[from] ability: Poison Heal\n|-damage|p2a: Bellibolt|45\/100 tox|[from] psn\n|upkeep\n|-enditem|p2a: Bellibolt|Sitrus Berry|[eat]\n|-heal|p2a: Bellibolt|69\/100 tox|[from] item: Sitrus Berry\n|turn|22\n|\n|t:|1699630675\n|switch|p1a: Brambles|Tangrowth, F|100\/100\n|switch|p2a: Greninja|Greninja, M|71\/100\n|\n|upkeep\n|turn|23\n|\n|t:|1699630682\n|switch|p1a: Jirachi|Jirachi, tera:Flying|75\/100\n|move|p2a: Greninja|Ice Beam|p1a: Jirachi\n|-supereffective|p1a: Jirachi\n|-damage|p1a: Jirachi|35\/100\n|-damage|p2a: Greninja|61\/100|[from] item: Life Orb\n|\n|-heal|p1a: Jirachi|41\/100|[from] item: Leftovers\n|upkeep\n|turn|24\n|\n|t:|1699630693\n|move|p1a: Jirachi|Protect|p1a: Jirachi\n|-singleturn|p1a: Jirachi|Protect\n|move|p2a: Greninja|Ice Beam|p1a: Jirachi\n|-activate|p1a: Jirachi|move: Protect\n|\n|-heal|p1a: Jirachi|48\/100|[from] item: Leftovers\n|upkeep\n|turn|25\n|\n|t:|1699630702\n|switch|p2a: Bellibolt|Bellibolt, M|69\/100 tox\n|move|p1a: Jirachi|Wish|p1a: Jirachi\n|\n|-heal|p1a: Jirachi|54\/100|[from] item: Leftovers\n|-damage|p2a: Bellibolt|63\/100 tox|[from] psn\n|upkeep\n|turn|26\n|\n|t:|1699630712\n|switch|p1a: Mamoswine|Mamoswine, M|100\/100\n|move|p2a: Bellibolt|Volt Switch|p1a: Mamoswine\n|-immune|p1a: Mamoswine\n|\n|-damage|p2a: Bellibolt|51\/100 tox|[from] psn\n|upkeep\n|turn|27\n|\n|t:|1699630722\n|move|p1a: Mamoswine|Stealth Rock|p2a: Bellibolt\n|-sidestart|p2: jackyjc21|move: Stealth Rock\n|move|p2a: Bellibolt|Muddy Water|p1a: Mamoswine\n|-supereffective|p1a: Mamoswine\n|-damage|p1a: Mamoswine|2\/100\n|-unboost|p1a: Mamoswine|accuracy|1\n|\n|-damage|p2a: Bellibolt|32\/100 tox|[from] psn\n|upkeep\n|turn|28\n|\n|t:|1699630734\n|switch|p1a: Dracula|Gliscor, F|41\/100 tox\n|move|p2a: Bellibolt|Muddy Water|p1a: Dracula\n|-supereffective|p1a: Dracula\n|-damage|p1a: Dracula|0 fnt\n|faint|p1a: Dracula\n|\n|-damage|p2a: Bellibolt|8\/100 tox|[from] psn\n|upkeep\n|\n|t:|1699630753\n|switch|p1a: Stapler|Scizor-Mega, F|16\/100 par\n|turn|29\n|\n|t:|1699630757\n|move|p1a: Stapler|Bullet Punch|p2a: Bellibolt\n|-resisted|p2a: Bellibolt\n|-damage|p2a: Bellibolt|0 fnt\n|faint|p2a: Bellibolt\n|\n|upkeep\n|\n|t:|1699630763\n|switch|p2a: Greninja|Greninja, M|61\/100\n|-damage|p2a: Greninja|49\/100|[from] Stealth Rock\n|turn|30\n|\n|t:|1699630769\n|move|p2a: Greninja|Water Shuriken|p1a: Stapler\n|-damage|p1a: Stapler|7\/100 par\n|-damage|p1a: Stapler|0 fnt\n|faint|p1a: Stapler\n|-ability|p2a: Greninja|Battle Bond|boost\n|-boost|p2a: Greninja|atk|1\n|-boost|p2a: Greninja|spa|1\n|-boost|p2a: Greninja|spe|1\n|-activate|p2a: Greninja|ability: Battle Bond\n|-hitcount|p1: Stapler|2\n|-damage|p2a: Greninja|39\/100|[from] item: Life Orb\n|\n|upkeep\n|\n|t:|1699630783\n|switch|p1a: Jirachi|Jirachi, tera:Flying|54\/100\n|turn|31\n|\n|t:|1699630787\n|move|p1a: Jirachi|Protect|p1a: Jirachi\n|-singleturn|p1a: Jirachi|Protect\n|move|p2a: Greninja|Ice Beam|p1a: Jirachi\n|-activate|p1a: Jirachi|move: Protect\n|\n|-heal|p1a: Jirachi|60\/100|[from] item: Leftovers\n|upkeep\n|turn|32\n|\n|t:|1699630795\n|move|p2a: Greninja|Ice Beam|p1a: Jirachi\n|-supereffective|p1a: Jirachi\n|-damage|p1a: Jirachi|0 fnt\n|faint|p1a: Jirachi\n|-damage|p2a: Greninja|30\/100|[from] item: Life Orb\n|\n|upkeep\n|\n|t:|1699630804\n|switch|p1a: Mamoswine|Mamoswine, M|2\/100\n|turn|33\n|\n|t:|1699630807\n|move|p2a: Greninja|Water Shuriken|p1a: Mamoswine\n|-supereffective|p1a: Mamoswine\n|-damage|p1a: Mamoswine|0 fnt\n|faint|p1a: Mamoswine\n|-hitcount|p1: Mamoswine|1\n|-damage|p2a: Greninja|20\/100|[from] item: Life Orb\n|\n|upkeep\n|\n|t:|1699630813\n|switch|p1a: Brambles|Tangrowth, F|100\/100\n|turn|34\n|\n|t:|1699630817\n|move|p2a: Greninja|Ice Beam|p1a: Brambles\n|-supereffective|p1a: Brambles\n|-damage|p1a: Brambles|0 fnt\n|faint|p1a: Brambles\n|-damage|p2a: Greninja|10\/100|[from] item: Life Orb\n|\n|win|jackyjc21\n|raw|Yeetman489's rating: 1248 &rarr; <strong>1228<\/strong><br \/>(-20 for losing)\n|raw|jackyjc21's rating: 1324 &rarr; <strong>1340<\/strong><br \/>(+16 for winning)\n","uploadtime":1699630827,"views":4,"p1id":"yeetman489","p2id":"jackyjc21","formatid":"gen9nationaldex","rating":1228,"private":0,"password":""}