{"id":"gen9nationaldex-1992460761","p1":"HanFong","p2":"littleht6666","format":"[Gen 9] National Dex","log":"|j|\u2606HanFong\n|j|\u2606littleht6666\n|t:|1700190329\n|gametype|singles\n|player|p1|HanFong|1|1473\n|player|p2|littleht6666|elesa|1590\n|teamsize|p1|6\n|teamsize|p2|6\n|gen|9\n|tier|[Gen 9] National Dex\n|rated|\n|rule|HP Percentage Mod: HP is shown in percentages\n|rule|Endless Battle Clause: Forcing endless battles is banned\n|rule|OHKO Clause: OHKO moves are banned\n|rule|Evasion Clause: Evasion abilities, items, and moves are banned\n|rule|Evasion Abilities Clause: Evasion abilities are banned\n|rule|Evasion Items Clause: Evasion items are banned\n|rule|Evasion Moves Clause: Evasion moves are banned\n|rule|Species Clause: Limit one of each Pok\u00e9mon\n|rule|Sleep Clause Mod: Limit one foe put to sleep\n|clearpoke\n|poke|p1|Sneasler, M|\n|poke|p1|Rillaboom, F|\n|poke|p1|Zapdos|\n|poke|p1|Camerupt, M|\n|poke|p1|Aegislash, M|\n|poke|p1|Toxapex, F|\n|poke|p2|Weavile, F|\n|poke|p2|Landorus-Therian, M|\n|poke|p2|Zapdos|\n|poke|p2|Volcanion|\n|poke|p2|Ursaluna, F|\n|poke|p2|Kartana|\n|teampreview\n|inactive|Battle timer is ON: inactive players will automatically lose when time's up. (requested by littleht6666)\n|\n|t:|1700190343\n|start\n|switch|p1a: Sneasler|Sneasler, M|100\/100\n|switch|p2a: Weavile|Weavile, F|100\/100\n|-ability|p2a: Weavile|Pressure\n|turn|1\n|\n|t:|1700190362\n|switch|p2a: Landorus|Landorus-Therian, M|100\/100\n|-ability|p2a: Landorus|Intimidate|boost\n|-unboost|p1a: Sneasler|atk|1\n|move|p1a: Sneasler|Dire Claw|p2a: Landorus\n|-resisted|p2a: Landorus\n|-damage|p2a: Landorus|87\/100\n|-status|p2a: Landorus|slp\n|\n|-heal|p2a: Landorus|93\/100 slp|[from] item: Leftovers\n|upkeep\n|turn|2\n|\n|t:|1700190370\n|move|p1a: Sneasler|Swords Dance|p1a: Sneasler\n|-boost|p1a: Sneasler|atk|2\n|cant|p2a: Landorus|slp\n|\n|-heal|p2a: Landorus|99\/100 slp|[from] item: Leftovers\n|upkeep\n|turn|3\n|\n|t:|1700190381\n|-terastallize|p1a: Sneasler|Flying\n|move|p1a: Sneasler|Swords Dance|p1a: Sneasler\n|-boost|p1a: Sneasler|atk|2\n|cant|p2a: Landorus|slp\n|\n|-heal|p2a: Landorus|100\/100 slp|[from] item: Leftovers\n|upkeep\n|turn|4\n|\n|t:|1700190385\n|move|p1a: Sneasler|Dire Claw|p2a: Landorus\n|-resisted|p2a: Landorus\n|-damage|p2a: Landorus|51\/100 slp\n|cant|p2a: Landorus|slp\n|\n|-heal|p2a: Landorus|57\/100 slp|[from] item: Leftovers\n|upkeep\n|turn|5\n|\n|t:|1700190394\n|move|p1a: Sneasler|Swords Dance|p1a: Sneasler\n|-boost|p1a: Sneasler|atk|2\n|-curestatus|p2a: Landorus|slp|[msg]\n|move|p2a: Landorus|U-turn|p1a: Sneasler\n|-resisted|p1a: Sneasler\n|-damage|p1a: Sneasler|82\/100\n|\n|t:|1700190397\n|switch|p2a: Weavile|Weavile, F|100\/100|[from] U-turn\n|-ability|p2a: Weavile|Pressure\n|\n|upkeep\n|turn|6\n|\n|t:|1700190401\n|move|p2a: Weavile|Ice Shard|p1a: Sneasler\n|-supereffective|p1a: Sneasler\n|-damage|p1a: Sneasler|0 fnt\n|faint|p1a: Sneasler\n|\n|upkeep\n|\n|t:|1700190406\n|switch|p1a: Toxapex|Toxapex, F|100\/100\n|turn|7\n|\n|t:|1700190409\n|switch|p2a: Landorus|Landorus-Therian, M|57\/100\n|-ability|p2a: Landorus|Intimidate|boost\n|-unboost|p1a: Toxapex|atk|1\n|move|p1a: Toxapex|Scald|p2a: Landorus\n|-supereffective|p2a: Landorus\n|-crit|p2a: Landorus\n|-damage|p2a: Landorus|14\/100\n|-status|p2a: Landorus|brn\n|\n|-heal|p2a: Landorus|20\/100 brn|[from] item: Leftovers\n|-damage|p2a: Landorus|14\/100 brn|[from] brn\n|upkeep\n|turn|8\n|\n|t:|1700190417\n|move|p2a: Landorus|Stealth Rock|p1a: Toxapex\n|-sidestart|p1: HanFong|move: Stealth Rock\n|move|p1a: Toxapex|Scald|p2a: Landorus\n|-supereffective|p2a: Landorus\n|-damage|p2a: Landorus|0 fnt\n|faint|p2a: Landorus\n|\n|upkeep\n|\n|t:|1700190427\n|switch|p2a: Ursaluna|Ursaluna, F|100\/100\n|turn|9\n|\n|t:|1700190435\n|move|p2a: Ursaluna|Swords Dance|p2a: Ursaluna\n|-boost|p2a: Ursaluna|atk|2\n|move|p1a: Toxapex|Toxic|p2a: Ursaluna\n|-status|p2a: Ursaluna|tox\n|\n|-damage|p2a: Ursaluna|94\/100 tox|[from] psn\n|upkeep\n|turn|10\n|\n|t:|1700190440\n|move|p2a: Ursaluna|Facade|p1a: Toxapex\n|-damage|p1a: Toxapex|0 fnt\n|faint|p1a: Toxapex\n|\n|-damage|p2a: Ursaluna|82\/100 tox|[from] psn\n|upkeep\n|\n|t:|1700190446\n|switch|p1a: Rillaboom|Rillaboom, F|100\/100\n|-damage|p1a: Rillaboom|88\/100|[from] Stealth Rock\n|-fieldstart|move: Grassy Terrain|[from] ability: Grassy Surge|[of] p1a: Rillaboom\n|turn|11\n|\n|t:|1700190449\n|switch|p2a: Zapdos|Zapdos|100\/100\n|move|p1a: Rillaboom|Wood Hammer|p2a: Zapdos\n|-resisted|p2a: Zapdos\n|-damage|p2a: Zapdos|65\/100\n|-damage|p1a: Rillaboom|77\/100|[from] Recoil\n|\n|-heal|p1a: Rillaboom|83\/100|[from] Grassy Terrain\n|upkeep\n|turn|12\n|\n|t:|1700190457\n|switch|p1a: Aegislash|Aegislash, M|100\/100\n|-damage|p1a: Aegislash|94\/100|[from] Stealth Rock\n|move|p2a: Zapdos|U-turn|p1a: Aegislash\n|-resisted|p1a: Aegislash\n|-damage|p1a: Aegislash|92\/100\n|\n|t:|1700190462\n|switch|p2a: Ursaluna|Ursaluna, F|82\/100 tox|[from] U-turn\n|\n|-heal|p2a: Ursaluna|88\/100 tox|[from] Grassy Terrain\n|-heal|p1a: Aegislash|98\/100|[from] Grassy Terrain\n|-heal|p1a: Aegislash|100\/100|[from] item: Leftovers\n|-damage|p2a: Ursaluna|82\/100 tox|[from] psn\n|upkeep\n|turn|13\n|\n|t:|1700190472\n|move|p2a: Ursaluna|Fire Punch|p1a: Aegislash\n|-supereffective|p1a: Aegislash\n|-damage|p1a: Aegislash|28\/100\n|-formechange|p1a: Aegislash|Aegislash-Blade||[from] ability: Stance Change\n|move|p1a: Aegislash|Close Combat|p2a: Ursaluna\n|-supereffective|p2a: Ursaluna\n|-damage|p2a: Ursaluna|0 fnt\n|-unboost|p1a: Aegislash|def|1\n|-unboost|p1a: Aegislash|spd|1\n|faint|p2a: Ursaluna\n|\n|-heal|p1a: Aegislash|34\/100|[from] Grassy Terrain\n|-heal|p1a: Aegislash|40\/100|[from] item: Leftovers\n|upkeep\n|\n|t:|1700190488\n|switch|p2a: Weavile|Weavile, F|100\/100\n|-ability|p2a: Weavile|Pressure\n|turn|14\n|\n|t:|1700190498\n|-formechange|p1a: Aegislash|Aegislash||[from] ability: Stance Change\n|move|p1a: Aegislash|King's Shield|p1a: Aegislash\n|-singleturn|p1a: Aegislash|Protect\n|move|p2a: Weavile|Beat Up|p1a: Aegislash\n|-activate|p1a: Aegislash|move: Protect\n|\n|-heal|p1a: Aegislash|46\/100|[from] Grassy Terrain\n|-heal|p1a: Aegislash|52\/100|[from] item: Leftovers\n|upkeep\n|turn|15\n|\n|t:|1700190508\n|switch|p2a: Zapdos|Zapdos|65\/100\n|switch|p1a: Zapdos|Zapdos|100\/100\n|\n|-fieldend|move: Grassy Terrain\n|upkeep\n|turn|16\n|\n|t:|1700190511\n|move|p1a: Zapdos|Hidden Power|p2a: Zapdos\n|-supereffective|p2a: Zapdos\n|-damage|p2a: Zapdos|28\/100\n|move|p2a: Zapdos|U-turn|p1a: Zapdos\n|-resisted|p1a: Zapdos\n|-damage|p1a: Zapdos|96\/100\n|\n|t:|1700190518\n|switch|p2a: Volcanion|Volcanion|100\/100|[from] U-turn\n|\n|upkeep\n|turn|17\n|\n|t:|1700190523\n|move|p1a: Zapdos|Volt Switch|p2a: Volcanion\n|-supereffective|p2a: Volcanion\n|-damage|p2a: Volcanion|39\/100\n|\n|t:|1700190530\n|switch|p1a: Aegislash|Aegislash, M|52\/100|[from] Volt Switch\n|-damage|p1a: Aegislash|46\/100|[from] Stealth Rock\n|move|p2a: Volcanion|Steam Eruption|p1a: Aegislash\n|-damage|p1a: Aegislash|8\/100\n|-status|p1a: Aegislash|brn\n|\n|-heal|p1a: Aegislash|14\/100 brn|[from] item: Leftovers\n|-damage|p1a: Aegislash|8\/100 brn|[from] brn\n|upkeep\n|turn|18\n|\n|t:|1700190535\n|-formechange|p1a: Aegislash|Aegislash-Blade||[from] ability: Stance Change\n|move|p1a: Aegislash|Shadow Sneak|p2a: Volcanion\n|-damage|p2a: Volcanion|32\/100\n|move|p2a: Volcanion|Flamethrower|p1a: Aegislash\n|-supereffective|p1a: Aegislash\n|-damage|p1a: Aegislash|0 fnt\n|faint|p1a: Aegislash\n|\n|upkeep\n|\n|t:|1700190541\n|switch|p1a: Rillaboom|Rillaboom, F|83\/100\n|-damage|p1a: Rillaboom|71\/100|[from] Stealth Rock\n|-fieldstart|move: Grassy Terrain|[from] ability: Grassy Surge|[of] p1a: Rillaboom\n|turn|19\n|\n|t:|1700190546\n|move|p1a: Rillaboom|Grassy Glide|p2a: Volcanion\n|-damage|p2a: Volcanion|2\/100\n|move|p2a: Volcanion|Flamethrower|p1a: Rillaboom\n|-supereffective|p1a: Rillaboom\n|-damage|p1a: Rillaboom|0 fnt\n|faint|p1a: Rillaboom\n|\n|-heal|p2a: Volcanion|8\/100|[from] Grassy Terrain\n|upkeep\n|\n|t:|1700190559\n|switch|p1a: Zapdos|Zapdos|96\/100\n|turn|20\n|\n|t:|1700190563\n|move|p1a: Zapdos|Volt Switch|p2a: Volcanion\n|-supereffective|p2a: Volcanion\n|-damage|p2a: Volcanion|0 fnt\n|faint|p2a: Volcanion\n|\n|t:|1700190575\n|switch|p1a: Camerupt|Camerupt, M|100\/100|[from] Volt Switch\n|-damage|p1a: Camerupt|88\/100|[from] Stealth Rock\n|\n|-heal|p1a: Camerupt|94\/100|[from] Grassy Terrain\n|upkeep\n|\n|t:|1700190581\n|switch|p2a: Zapdos|Zapdos|28\/100\n|turn|21\n|\n|t:|1700190587\n|detailschange|p1a: Camerupt|Camerupt-Mega, M\n|-mega|p1a: Camerupt|Camerupt|Cameruptite\n|move|p2a: Zapdos|Hurricane|p1a: Camerupt\n|-damage|p1a: Camerupt|53\/100\n|move|p1a: Camerupt|Stealth Rock|p2a: Zapdos\n|-sidestart|p2: littleht6666|move: Stealth Rock\n|\n|-heal|p1a: Camerupt|59\/100|[from] Grassy Terrain\n|upkeep\n|turn|22\n|\n|t:|1700190596\n|move|p2a: Zapdos|Hurricane|p1a: Camerupt\n|-damage|p1a: Camerupt|16\/100\n|-start|p1a: Camerupt|confusion\n|-activate|p1a: Camerupt|confusion\n|-damage|p1a: Camerupt|5\/100|[from] confusion\n|\n|-heal|p1a: Camerupt|11\/100|[from] Grassy Terrain\n|upkeep\n|turn|23\n|\n|t:|1700190603\n|move|p2a: Zapdos|Hurricane|p1a: Camerupt\n|-damage|p1a: Camerupt|0 fnt\n|faint|p1a: Camerupt\n|\n|-fieldend|move: Grassy Terrain\n|upkeep\n|\n|t:|1700190606\n|switch|p1a: Zapdos|Zapdos|96\/100\n|turn|24\n|\n|t:|1700190610\n|move|p1a: Zapdos|Hidden Power|p2a: Zapdos\n|-supereffective|p2a: Zapdos\n|-damage|p2a: Zapdos|0 fnt\n|faint|p2a: Zapdos\n|\n|upkeep\n|\n|t:|1700190613\n|switch|p2a: Weavile|Weavile, F|100\/100\n|-damage|p2a: Weavile|76\/100|[from] Stealth Rock\n|-ability|p2a: Weavile|Pressure\n|turn|25\n|\n|t:|1700190618\n|move|p2a: Weavile|Triple Axel|p1a: Zapdos\n|-supereffective|p1a: Zapdos\n|-damage|p1a: Zapdos|72\/100\n|-hitcount|p1a: Zapdos|1\n|move|p1a: Zapdos|Hurricane|p2a: Weavile|[miss]\n|-miss|p1a: Zapdos|p2a: Weavile\n|\n|upkeep\n|turn|26\n|\n|t:|1700190624\n|move|p2a: Weavile|Triple Axel|p1a: Zapdos\n|-supereffective|p1a: Zapdos\n|-damage|p1a: Zapdos|46\/100\n|-supereffective|p1a: Zapdos\n|-damage|p1a: Zapdos|0 fnt\n|-status|p2a: Weavile|par|[from] ability: Static|[of] p1a: Zapdos\n|faint|p1a: Zapdos\n|-hitcount|p1: Zapdos|2\n|\n|win|littleht6666\n|raw|HanFong's rating: 1473 &rarr; <strong>1459<\/strong><br \/>(-14 for losing)\n|raw|littleht6666's rating: 1590 &rarr; <strong>1604<\/strong><br \/>(+14 for winning)\n","uploadtime":1700190632,"views":3,"p1id":"hanfong","p2id":"littleht6666","formatid":"gen9nationaldex","rating":1459,"private":0,"password":""}