{"id":"gen9nationaldex-1997233267","p1":"k00dinha","p2":"Colten9","format":"[Gen 9] National Dex","log":"|html|<div class=\"broadcast-blue\"><strong>[Gen 9] National Dex is currently suspecting Sneasler! For information on how to participate check out the <a href=\"https:\/\/www.smogon.com\/forums\/threads\/sv-national-dex-suspect-8-just-dance.3731534\/\">suspect thread<\/a>.<\/strong><\/div>\n|j|\u2606k00dinha\n|j|\u2606Colten9\n|t:|1700778466\n|gametype|singles\n|player|p1|k00dinha|akari|1048\n|player|p2|Colten9|lucas|1008\n|teamsize|p1|6\n|teamsize|p2|6\n|gen|9\n|tier|[Gen 9] National Dex\n|rated|\n|rule|HP Percentage Mod: HP is shown in percentages\n|rule|Endless Battle Clause: Forcing endless battles is banned\n|rule|OHKO Clause: OHKO moves are banned\n|rule|Evasion Clause: Evasion abilities, items, and moves are banned\n|rule|Evasion Abilities Clause: Evasion abilities are banned\n|rule|Evasion Items Clause: Evasion items are banned\n|rule|Evasion Moves Clause: Evasion moves are banned\n|rule|Species Clause: Limit one of each Pok\u00e9mon\n|rule|Sleep Clause Mod: Limit one foe put to sleep\n|clearpoke\n|poke|p1|Tentacruel, M|\n|poke|p1|Drampa, F|\n|poke|p1|Lucario, M|\n|poke|p1|Zeraora|\n|poke|p1|Gardevoir, F|\n|poke|p1|Nidoking, M|\n|poke|p2|Gliscor, F|\n|poke|p2|Greninja-*, F|\n|poke|p2|Volcarona, M|\n|poke|p2|Boltund, F|\n|poke|p2|Aegislash, F|\n|poke|p2|Dragalge, M|\n|teampreview\n|inactive|Battle timer is ON: inactive players will automatically lose when time's up. (requested by k00dinha)\n|\n|t:|1700778479\n|start\n|switch|p1a: Tentacruel|Tentacruel, M|100\/100\n|switch|p2a: Boltund|Boltund, F|100\/100\n|turn|1\n|c|\u2606Colten9|Happy thanksgiving :D\n|\n|t:|1700778503\n|move|p2a: Boltund|Thunder Fang|p1a: Tentacruel\n|-supereffective|p1a: Tentacruel\n|-damage|p1a: Tentacruel|14\/100\n|move|p1a: Tentacruel|Toxic Spikes|p2a: Boltund\n|-sidestart|p2: Colten9|move: Toxic Spikes\n|\n|-heal|p1a: Tentacruel|20\/100|[from] item: Leftovers\n|upkeep\n|turn|2\n|\n|t:|1700778513\n|move|p2a: Boltund|Crunch|p1a: Tentacruel\n|-damage|p1a: Tentacruel|0 fnt\n|faint|p1a: Tentacruel\n|\n|upkeep\n|\n|t:|1700778521\n|switch|p1a: Drampa|Drampa, F|100\/100\n|-ability|p1a: Drampa|Cloud Nine\n|turn|3\n|\n|t:|1700778528\n|move|p2a: Boltund|Psychic Fangs|p1a: Drampa\n|-damage|p1a: Drampa|70\/100\n|-damage|p2a: Boltund|84\/100|[from] item: Rocky Helmet|[of] p1a: Drampa\n|move|p1a: Drampa|Roar|p2a: Boltund\n|drag|p2a: Greninja|Greninja, F|100\/100\n|-status|p2a: Greninja|psn\n|\n|-damage|p2a: Greninja|88\/100 psn|[from] psn\n|upkeep\n|turn|4\n|\n|t:|1700778546\n|move|p2a: Greninja|Ice Beam|p1a: Drampa\n|-supereffective|p1a: Drampa\n|-damage|p1a: Drampa|25\/100\n|move|p1a: Drampa|Roar|p2a: Greninja\n|drag|p2a: Volcarona|Volcarona, M|100\/100\n|-status|p2a: Volcarona|psn\n|\n|-damage|p2a: Volcarona|88\/100 psn|[from] psn\n|upkeep\n|turn|5\n|c|\u2606Colten9|Oh\n|\n|t:|1700778560\n|move|p2a: Volcarona|Bug Buzz|p1a: Drampa\n|-damage|p1a: Drampa|0 fnt\n|faint|p1a: Drampa\n|\n|-damage|p2a: Volcarona|76\/100 psn|[from] psn\n|upkeep\n|\n|t:|1700778577\n|switch|p1a: Zeraora|Zeraora|100\/100\n|turn|6\n|\n|t:|1700778583\n|move|p1a: Zeraora|Fake Out|p2a: Volcarona\n|-damage|p2a: Volcarona|55\/100 psn\n|cant|p2a: Volcarona|flinch\n|\n|-damage|p2a: Volcarona|43\/100 psn|[from] psn\n|upkeep\n|turn|7\n|\n|t:|1700778594\n|move|p1a: Zeraora|Bulk Up|p1a: Zeraora\n|-boost|p1a: Zeraora|atk|1\n|-boost|p1a: Zeraora|def|1\n|move|p2a: Volcarona|Fiery Dance|p1a: Zeraora\n|-damage|p1a: Zeraora|21\/100\n|-boost|p2a: Volcarona|spa|1\n|\n|-damage|p2a: Volcarona|30\/100 psn|[from] psn\n|upkeep\n|turn|8\n|\n|t:|1700778605\n|move|p1a: Zeraora|Plasma Fists|p2a: Volcarona\n|-damage|p2a: Volcarona|0 fnt\n|-fieldactivate|move: Ion Deluge\n|-hint|Normal-type moves become Electric-type after using Plasma Fists.\n|faint|p2a: Volcarona\n|\n|upkeep\n|\n|t:|1700778613\n|switch|p2a: Gliscor|Gliscor, F|100\/100\n|turn|9\n|\n|t:|1700778625\n|switch|p1a: Gardevoir|Gardevoir, F, shiny|100\/100\n|move|p2a: Gliscor|Earthquake|p1a: Gardevoir\n|-damage|p1a: Gardevoir|29\/100\n|\n|upkeep\n|turn|10\n|\n|t:|1700778642\n|detailschange|p1a: Gardevoir|Gardevoir-Mega, F, shiny\n|-mega|p1a: Gardevoir|Gardevoir|Gardevoirite\n|move|p1a: Gardevoir|Wish|p1a: Gardevoir\n|move|p2a: Gliscor|Earthquake|p1a: Gardevoir\n|-damage|p1a: Gardevoir|0 fnt\n|faint|p1a: Gardevoir\n|\n|upkeep\n|\n|t:|1700778653\n|switch|p1a: Nidoking|Nidoking, M|100\/100\n|turn|11\n|c|\u2606k00dinha|Where's your Toxic Orb?\n|c|\u2606Colten9|you know I one shot right?\n|\n|t:|1700778677\n|move|p1a: Nidoking|Ice Punch|p2a: Gliscor\n|-supereffective|p2a: Gliscor\n|-damage|p2a: Gliscor|0 fnt\n|faint|p2a: Gliscor\n|\n|upkeep\n|c|\u2606k00dinha|Me too\n|\n|t:|1700778692\n|switch|p2a: Aegislash|Aegislash, F|100\/100\n|turn|12\n|\n|t:|1700778708\n|switch|p1a: Lucario|Lucario, M|100\/100\n|-formechange|p2a: Aegislash|Aegislash-Blade||[from] ability: Stance Change\n|move|p2a: Aegislash|Sacred Sword|p1a: Lucario\n|-supereffective|p1a: Lucario\n|-damage|p1a: Lucario|18\/100\n|\n|upkeep\n|turn|13\n|\n|t:|1700778717\n|-formechange|p2a: Aegislash|Aegislash||[from] ability: Stance Change\n|move|p2a: Aegislash|King's Shield|p2a: Aegislash\n|-singleturn|p2a: Aegislash|Protect\n|move|p1a: Lucario|Bullet Punch|p2a: Aegislash\n|-activate|p2a: Aegislash|move: Protect\n|-unboost|p1a: Lucario|atk|1\n|\n|upkeep\n|turn|14\n|\n|t:|1700778730\n|move|p1a: Lucario|Bullet Punch|p2a: Aegislash\n|-resisted|p2a: Aegislash\n|-damage|p2a: Aegislash|96\/100\n|-damage|p1a: Lucario|2\/100|[from] item: Rocky Helmet|[of] p2a: Aegislash\n|-formechange|p2a: Aegislash|Aegislash-Blade||[from] ability: Stance Change\n|move|p2a: Aegislash|Sacred Sword|p1a: Lucario\n|-supereffective|p1a: Lucario\n|-damage|p1a: Lucario|0 fnt\n|faint|p1a: Lucario\n|\n|upkeep\n|\n|t:|1700778744\n|switch|p1a: Zeraora|Zeraora|21\/100\n|turn|15\n|c|\u2606Colten9|Attack me :)\n|c|\u2606k00dinha|Sure\n|\n|t:|1700778758\n|move|p1a: Zeraora|Bulk Up|p1a: Zeraora\n|-boost|p1a: Zeraora|atk|1\n|-boost|p1a: Zeraora|def|1\n|move|p2a: Aegislash|Shadow Ball|p1a: Zeraora\n|-damage|p1a: Zeraora|0 fnt\n|faint|p1a: Zeraora\n|\n|upkeep\n|c|\u2606Colten9|:)\n|\n|t:|1700778766\n|switch|p1a: Nidoking|Nidoking, M|100\/100\n|turn|16\n|c|\u2606Colten9|gg it\u2019s over >:D\n|\n|t:|1700778785\n|-terastallize|p1a: Nidoking|Ground\n|-formechange|p2a: Aegislash|Aegislash||[from] ability: Stance Change\n|move|p2a: Aegislash|King's Shield|p2a: Aegislash\n|-singleturn|p2a: Aegislash|Protect\n|move|p1a: Nidoking|Earthquake|p2a: Aegislash\n|-activate|p2a: Aegislash|move: Protect\n|\n|upkeep\n|turn|17\n|c|\u2606Colten9|Wait\n|c|\u2606k00dinha|Not yet\n|c|\u2606Colten9|why didn\u2019t it lower attack\n|c|\u2606k00dinha|You may win\n|inactive|Colten9 has 120 seconds left.\n|c|\u2606k00dinha|But not yet\n|\n|t:|1700778812\n|move|p1a: Nidoking|Earthquake|p2a: Aegislash\n|-supereffective|p2a: Aegislash\n|-damage|p2a: Aegislash|2\/100\n|-formechange|p2a: Aegislash|Aegislash-Blade||[from] ability: Stance Change\n|move|p2a: Aegislash|Sacred Sword|p1a: Nidoking\n|-damage|p1a: Nidoking|60\/100\n|\n|upkeep\n|turn|18\n|c|\u2606k00dinha|King's Rock just lower Direct Moves\n|inactive|Colten9 has 120 seconds left.\n|c|\u2606k00dinha|Earthquake is just Psychical, not direct\n|\n|t:|1700778831\n|move|p1a: Nidoking|Earthquake|p2a: Aegislash\n|-supereffective|p2a: Aegislash\n|-damage|p2a: Aegislash|0 fnt\n|faint|p2a: Aegislash\n|\n|upkeep\n|inactive|Colten9 has 120 seconds left.\n|\n|t:|1700778838\n|switch|p2a: Greninja|Greninja, F|88\/100 psn\n|turn|19\n|\n|t:|1700778845\n|move|p1a: Nidoking|Earthquake|p2a: Greninja\n|-damage|p2a: Greninja|0 fnt\n|faint|p2a: Greninja\n|\n|upkeep\n|c|\u2606Colten9|oh no\n|\n|t:|1700778855\n|switch|p2a: Dragalge|Dragalge, M|100\/100\n|-sideend|p2: Colten9|move: Toxic Spikes|[of] p2a: Dragalge\n|turn|20\n|\n|t:|1700778867\n|move|p1a: Nidoking|Earthquake|p2a: Dragalge\n|-supereffective|p2a: Dragalge\n|-damage|p2a: Dragalge|0 fnt\n|faint|p2a: Dragalge\n|\n|upkeep\n|c|\u2606k00dinha|YOU COULD DO THAT ON THE START BRO\n|\n|t:|1700778875\n|switch|p2a: Boltund|Boltund, F|84\/100\n|turn|21\n|c|\u2606k00dinha|gg now\n|c|\u2606Colten9|What ever I outspeeed gg\n|inactive|Colten9 has 120 seconds left.\n|\n|t:|1700778896\n|move|p1a: Nidoking|Earthquake|p2a: Boltund\n|-supereffective|p2a: Boltund\n|-damage|p2a: Boltund|0 fnt\n|faint|p2a: Boltund\n|\n|win|k00dinha\n|raw|k00dinha's rating: 1048 &rarr; <strong>1077<\/strong><br \/>(+29 for winning)\n|raw|Colten9's rating: 1008 &rarr; <strong>1000<\/strong><br \/>(-8 for losing)\n|c|\u2606Colten9|were you choice scarfed\n|c|\u2606k00dinha|Of course\n|c|\u2606k00dinha|Choice Scarf + Adamant\n|c|\u2606Colten9|WHAT THE F-\n","uploadtime":1700778937,"views":10,"p1id":"k00dinha","p2id":"colten9","formatid":"gen9nationaldex","rating":1000,"private":0,"password":""}