{"id":"gen9nationaldex-1994754718","p1":"grass knot zygarde","p2":"ss_wobblewok","format":"[Gen 9] National Dex","log":"|html|<div class=\"broadcast-blue\"><strong>[Gen 9] National Dex is currently suspecting Sneasler! For information on how to participate check out the <a href=\"https:\/\/www.smogon.com\/forums\/threads\/sv-national-dex-suspect-8-just-dance.3731534\/\">suspect thread<\/a>.<\/strong><\/div>\n|j|\u2606grass knot zygarde\n|j|\u2606ss_wobblewok\n|t:|1700489437\n|gametype|singles\n|player|p1|grass knot zygarde|harlequin|\n|player|p2|ss_wobblewok|parasollady|\n|teamsize|p1|6\n|teamsize|p2|6\n|gen|9\n|tier|[Gen 9] National Dex\n|rule|HP Percentage Mod: HP is shown in percentages\n|rule|Endless Battle Clause: Forcing endless battles is banned\n|rule|OHKO Clause: OHKO moves are banned\n|rule|Evasion Clause: Evasion abilities, items, and moves are banned\n|rule|Evasion Abilities Clause: Evasion abilities are banned\n|rule|Evasion Items Clause: Evasion items are banned\n|rule|Evasion Moves Clause: Evasion moves are banned\n|rule|Species Clause: Limit one of each Pok\u00e9mon\n|rule|Sleep Clause Mod: Limit one foe put to sleep\n|clearpoke\n|poke|p1|Sableye, F|\n|poke|p1|Toxapex, M|\n|poke|p1|Dondozo, F|\n|poke|p1|Corviknight, F|\n|poke|p1|Clodsire, M|\n|poke|p1|Blissey, F|\n|poke|p2|Ferrothorn, F|\n|poke|p2|Toxapex, F|\n|poke|p2|Sableye, M|\n|poke|p2|Umbreon, M|\n|poke|p2|Great Tusk|\n|poke|p2|Chesnaught, F|\n|teampreview\n|inactive|Battle timer is ON: inactive players will automatically lose when time's up. (requested by grass knot zygarde)\n|c|\u2606grass knot zygarde|:joy:\n|inactive|ss_wobblewok has 270 seconds left.\n|inactive|grass knot zygarde has 270 seconds left.\n|\n|t:|1700489485\n|start\n|switch|p1a: Sableye|Sableye, F, shiny|100\/100\n|switch|p2a: Ferrothorn|Ferrothorn, F|100\/100\n|turn|1\n|\n|t:|1700489494\n|detailschange|p1a: Sableye|Sableye-Mega, F, shiny\n|-mega|p1a: Sableye|Sableye|Sablenite\n|move|p2a: Ferrothorn|Protect|p2a: Ferrothorn\n|-singleturn|p2a: Ferrothorn|Protect\n|move|p1a: Sableye|Knock Off|p2a: Ferrothorn\n|-activate|p2a: Ferrothorn|move: Protect\n|\n|upkeep\n|turn|2\n|inactive|ss_wobblewok has 270 seconds left.\n|\n|t:|1700489549\n|switch|p2a: Sableye|Sableye, M|100\/100\n|move|p1a: Sableye|Will-O-Wisp|p2a: Sableye\n|-status|p2a: Sableye|brn\n|\n|-damage|p2a: Sableye|95\/100 brn|[from] brn\n|upkeep\n|turn|3\n|\n|t:|1700489568\n|detailschange|p2a: Sableye|Sableye-Mega, M\n|-mega|p2a: Sableye|Sableye|Sablenite\n|move|p1a: Sableye|Foul Play|p2a: Sableye\n|-damage|p2a: Sableye|75\/100 brn\n|move|p2a: Sableye|Taunt|p1a: Sableye\n|move|p1a: Sableye|Taunt|p2a: Sableye|[from]ability: Magic Bounce\n|-start|p2a: Sableye|move: Taunt\n|\n|-damage|p2a: Sableye|69\/100 brn|[from] brn\n|upkeep\n|turn|4\n|inactive|ss_wobblewok has 240 seconds left.\n|c|\u2606ss_wobblewok|I just wanted to see what would happen if i did that\n|c|\u2606grass knot zygarde|why\n|inactive|ss_wobblewok has 210 seconds left.\n|\n|t:|1700489616\n|switch|p1a: Corviknight|Corviknight, F|100\/100\n|-ability|p1a: Corviknight|Pressure\n|switch|p2a: Great Tusk|Great Tusk|100\/100\n|\n|upkeep\n|turn|5\n|inactive|ss_wobblewok has 210 seconds left.\n|\n|t:|1700489635\n|-end|p2a: Great Tusk|Protosynthesis|[silent]\n|switch|p2a: Umbreon|Umbreon, M|100\/100\n|switch|p1a: Sableye|Sableye-Mega, F, shiny|100\/100\n|\n|upkeep\n|turn|6\n|\n|t:|1700489639\n|move|p2a: Umbreon|Foul Play|p1a: Sableye\n|-damage|p1a: Sableye|82\/100\n|move|p1a: Sableye|Knock Off|p2a: Umbreon\n|-resisted|p2a: Umbreon\n|-damage|p2a: Umbreon|90\/100\n|-enditem|p2a: Umbreon|Heavy-Duty Boots|[from] move: Knock Off|[of] p1a: Sableye\n|\n|upkeep\n|turn|7\n|\n|t:|1700489650\n|switch|p2a: Toxapex|Toxapex, F|100\/100\n|switch|p1a: Clodsire|Clodsire, M|100\/100\n|\n|upkeep\n|turn|8\n|\n|t:|1700489657\n|move|p2a: Toxapex|Baneful Bunker|p2a: Toxapex\n|-singleturn|p2a: Toxapex|move: Protect\n|move|p1a: Clodsire|Spikes|p2a: Toxapex\n|-sidestart|p2: ss_wobblewok|Spikes\n|\n|upkeep\n|turn|9\n|\n|t:|1700489662\n|switch|p2a: Great Tusk|Great Tusk|100\/100\n|-damage|p2a: Great Tusk|88\/100|[from] Spikes\n|move|p1a: Clodsire|Earthquake|p2a: Great Tusk\n|-damage|p2a: Great Tusk|70\/100\n|\n|-heal|p2a: Great Tusk|76\/100|[from] item: Leftovers\n|upkeep\n|turn|10\n|\n|t:|1700489668\n|switch|p1a: Sableye|Sableye-Mega, F, shiny|82\/100\n|move|p2a: Great Tusk|Bulk Up|p2a: Great Tusk\n|-boost|p2a: Great Tusk|atk|1\n|-boost|p2a: Great Tusk|def|1\n|\n|-heal|p2a: Great Tusk|83\/100|[from] item: Leftovers\n|upkeep\n|turn|11\n|\n|t:|1700489676\n|move|p2a: Great Tusk|Earthquake|p1a: Sableye\n|-damage|p1a: Sableye|20\/100\n|move|p1a: Sableye|Will-O-Wisp|p2a: Great Tusk|[miss]\n|-miss|p1a: Sableye|p2a: Great Tusk\n|\n|-heal|p2a: Great Tusk|89\/100|[from] item: Leftovers\n|upkeep\n|turn|12\n|inactive|ss_wobblewok has 240 seconds left.\n|c|\u2606grass knot zygarde|oh great\n|\n|t:|1700489685\n|switch|p1a: idk who that is|Dondozo, F, shiny|100\/100\n|move|p2a: Great Tusk|Earthquake|p1a: idk who that is\n|-damage|p1a: idk who that is|77\/100\n|\n|-heal|p2a: Great Tusk|95\/100|[from] item: Leftovers\n|upkeep\n|turn|13\n|\n|t:|1700489689\n|move|p2a: Great Tusk|Rapid Spin|p1a: idk who that is\n|-damage|p1a: idk who that is|68\/100\n|-boost|p2a: Great Tusk|spe|1\n|-sideend|p2: ss_wobblewok|Spikes|[from] move: Rapid Spin|[of] p2a: Great Tusk\n|move|p1a: idk who that is|Waterfall|p2a: Great Tusk\n|-supereffective|p2a: Great Tusk\n|-damage|p2a: Great Tusk|59\/100\n|\n|-heal|p2a: Great Tusk|65\/100|[from] item: Leftovers\n|upkeep\n|turn|14\n|\n|t:|1700489695\n|move|p2a: Great Tusk|Bulk Up|p2a: Great Tusk\n|-boost|p2a: Great Tusk|atk|1\n|-boost|p2a: Great Tusk|def|1\n|move|p1a: idk who that is|Waterfall|p2a: Great Tusk\n|-supereffective|p2a: Great Tusk\n|-damage|p2a: Great Tusk|29\/100\n|\n|-heal|p2a: Great Tusk|35\/100|[from] item: Leftovers\n|upkeep\n|turn|15\n|\n|t:|1700489713\n|move|p2a: Great Tusk|Bulk Up|p2a: Great Tusk\n|-boost|p2a: Great Tusk|atk|1\n|-boost|p2a: Great Tusk|def|1\n|move|p1a: idk who that is|Waterfall|p2a: Great Tusk\n|-supereffective|p2a: Great Tusk\n|-damage|p2a: Great Tusk|0 fnt\n|faint|p2a: Great Tusk\n|-end|p2a: Great Tusk|Protosynthesis|[silent]\n|\n|upkeep\n|\n|t:|1700489723\n|switch|p2a: Chesnaught|Chesnaught, F|100\/100\n|turn|16\n|\n|t:|1700489736\n|switch|p1a: Sableye|Sableye-Mega, F, shiny|20\/100\n|move|p2a: Chesnaught|Leech Seed|p1a: Sableye\n|move|p1a: Sableye|Leech Seed|p2a: Chesnaught|[from]ability: Magic Bounce\n|-immune|p2a: Chesnaught\n|\n|upkeep\n|turn|17\n|\n|t:|1700489746\n|switch|p2a: Toxapex|Toxapex, F|100\/100\n|move|p1a: Sableye|Recover|p1a: Sableye\n|-heal|p1a: Sableye|70\/100\n|\n|upkeep\n|turn|18\n|\n|t:|1700489750\n|move|p2a: Toxapex|Scald|p1a: Sableye\n|-damage|p1a: Sableye|54\/100\n|move|p1a: Sableye|Will-O-Wisp|p2a: Toxapex\n|-status|p2a: Toxapex|brn\n|\n|-damage|p2a: Toxapex|94\/100 brn|[from] brn\n|upkeep\n|turn|19\n|\n|t:|1700489758\n|move|p2a: Toxapex|Scald|p1a: Sableye\n|-damage|p1a: Sableye|36\/100\n|-status|p1a: Sableye|brn\n|move|p1a: Sableye|Recover|p1a: Sableye\n|-heal|p1a: Sableye|86\/100 brn\n|\n|-heal|p2a: Toxapex|100\/100 brn|[from] item: Leftovers\n|-damage|p2a: Toxapex|94\/100 brn|[from] brn\n|-damage|p1a: Sableye|80\/100 brn|[from] brn\n|upkeep\n|turn|20\n|inactive|ss_wobblewok has 270 seconds left.\n|\n|t:|1700489793\n|switch|p2a: Sableye|Sableye-Mega, M|69\/100 brn\n|move|p1a: Sableye|Knock Off|p2a: Sableye\n|-damage|p2a: Sableye|60\/100 brn\n|\n|-damage|p1a: Sableye|74\/100 brn|[from] brn\n|-damage|p2a: Sableye|54\/100 brn|[from] brn\n|upkeep\n|turn|21\n|\n|t:|1700489810\n|switch|p1a: idk who that is|Dondozo, F, shiny|68\/100\n|move|p2a: Sableye|Dark Pulse|p1a: idk who that is\n|-damage|p1a: idk who that is|45\/100\n|\n|-damage|p2a: Sableye|48\/100 brn|[from] brn\n|upkeep\n|turn|22\n|\n|t:|1700489815\n|move|p1a: idk who that is|Rest|p1a: idk who that is\n|-status|p1a: idk who that is|slp|[from] move: Rest\n|-heal|p1a: idk who that is|100\/100 slp|[silent]\n|move|p2a: Sableye|Will-O-Wisp||[still]\n|-fail|p2a: Sableye\n|\n|-damage|p2a: Sableye|42\/100 brn|[from] brn\n|upkeep\n|turn|23\n|\n|t:|1700489822\n|switch|p2a: Chesnaught|Chesnaught, F|100\/100\n|cant|p1a: idk who that is|slp\n|move|p1a: idk who that is|Sleep Talk|p1a: idk who that is\n|move|p1a: idk who that is|Rest||[from]move: Sleep Talk|[still]\n|-fail|p1a: idk who that is\n|\n|upkeep\n|turn|24\n|inactive|ss_wobblewok has 270 seconds left.\n|\n|t:|1700489835\n|switch|p2a: Umbreon|Umbreon, M|90\/100\n|switch|p1a: Sableye|Sableye-Mega, F, shiny|74\/100 brn\n|\n|-damage|p1a: Sableye|68\/100 brn|[from] brn\n|upkeep\n|turn|25\n|inactive|ss_wobblewok has 270 seconds left.\n|\n|t:|1700489847\n|move|p2a: Umbreon|Foul Play|p1a: Sableye\n|-damage|p1a: Sableye|50\/100 brn\n|move|p1a: Sableye|Will-O-Wisp|p2a: Umbreon\n|-status|p2a: Umbreon|brn\n|-activate|p2a: Umbreon|ability: Synchronize\n|-fail|p1a: Sableye|brn\n|\n|-damage|p2a: Umbreon|84\/100 brn|[from] brn\n|-damage|p1a: Sableye|44\/100 brn|[from] brn\n|upkeep\n|turn|26\n|\n|t:|1700489853\n|move|p2a: Umbreon|Yawn|p1a: Sableye\n|move|p1a: Sableye|Yawn||[from]ability: Magic Bounce|[still]\n|-fail|p1a: Sableye\n|move|p1a: Sableye|Recover|p1a: Sableye\n|-heal|p1a: Sableye|95\/100 brn\n|\n|-damage|p2a: Umbreon|78\/100 brn|[from] brn\n|-damage|p1a: Sableye|89\/100 brn|[from] brn\n|upkeep\n|turn|27\n|\n|t:|1700489859\n|switch|p1a: Blissey|Blissey, F|100\/100\n|move|p2a: Umbreon|Foul Play|p1a: Blissey\n|-damage|p1a: Blissey|99\/100\n|\n|-damage|p2a: Umbreon|72\/100 brn|[from] brn\n|upkeep\n|turn|28\n|c|\u2606ss_wobblewok|Tis shit aint it\n|-message|ss_wobblewok forfeited.\n|\n|win|grass knot zygarde\n|l|\u2606ss_wobblewok\n","uploadtime":1700489889,"views":2,"p1id":"grassknotzygarde","p2id":"sswobblewok","formatid":"gen9nationaldex","rating":0,"private":0,"password":""}