{"id":"gen9nationaldex-1995260375","p1":"JBBBBB","p2":"cyclonez_","format":"[Gen 9] National Dex","log":"|html|<div class=\"broadcast-blue\"><strong>[Gen 9] National Dex is currently suspecting Sneasler! For information on how to participate check out the <a href=\"https:\/\/www.smogon.com\/forums\/threads\/sv-national-dex-suspect-8-just-dance.3731534\/\">suspect thread<\/a>.<\/strong><\/div>\n|j|\u2606JBBBBB\n|j|\u2606cyclonez_\n|t:|1700542784\n|gametype|singles\n|player|p1|JBBBBB|battlegirl-gen4|\n|player|p2|cyclonez_|1|\n|teamsize|p1|6\n|teamsize|p2|6\n|gen|9\n|tier|[Gen 9] National Dex\n|rule|HP Percentage Mod: HP is shown in percentages\n|rule|Endless Battle Clause: Forcing endless battles is banned\n|rule|OHKO Clause: OHKO moves are banned\n|rule|Evasion Clause: Evasion abilities, items, and moves are banned\n|rule|Evasion Abilities Clause: Evasion abilities are banned\n|rule|Evasion Items Clause: Evasion items are banned\n|rule|Evasion Moves Clause: Evasion moves are banned\n|rule|Species Clause: Limit one of each Pok\u00e9mon\n|rule|Sleep Clause Mod: Limit one foe put to sleep\n|clearpoke\n|poke|p1|Cleffa, F|\n|poke|p1|Luvdisc, F|\n|poke|p1|Sentret, F|\n|poke|p1|Swinub, F|\n|poke|p1|Dreepy, F|\n|poke|p1|Pawmi, F|\n|poke|p2|Ralts, M|\n|poke|p2|Makuhita, F|\n|poke|p2|Togepi, M|\n|poke|p2|Cleffa, F|\n|poke|p2|Sentret, F|\n|poke|p2|Swinub, F|\n|teampreview\n|l|\u2606cyclonez_\n|player|p2|\n|c|\u2606JBBBBB|GLHF!\n|j|\u2606cyclonez_\n|player|p2|cyclonez_|1\n|c|\u2606cyclonez_|gaming!\n|c|\u2606JBBBBB|Gaming \ud83d\ude4f\n|\n|t:|1700542823\n|start\n|switch|p1a: Frisk Underrune|Sentret, F, shiny|100\/100\n|switch|p2a: Sentret|Sentret, F|100\/100\n|-item|p1a: Frisk Underrune|Eviolite|[from] ability: Frisk|[of] p2a: Sentret|[identify]\n|-item|p2a: Sentret|Eviolite|[from] ability: Frisk|[of] p1a: Frisk Underrune|[identify]\n|turn|1\n|\n|t:|1700542834\n|move|p2a: Sentret|Knock Off|p1a: Frisk Underrune\n|-damage|p1a: Frisk Underrune|60\/100\n|-enditem|p1a: Frisk Underrune|Eviolite|[from] move: Knock Off|[of] p2a: Sentret\n|move|p1a: Frisk Underrune|Knock Off|p2a: Sentret\n|-damage|p2a: Sentret|53\/100\n|-enditem|p2a: Sentret|Eviolite|[from] move: Knock Off|[of] p1a: Frisk Underrune\n|\n|upkeep\n|turn|2\n|c|\u2606cyclonez_|lmao\n|c|\u2606JBBBBB|Spiderman Point\n|\n|t:|1700542849\n|move|p2a: Sentret|Body Slam|p1a: Frisk Underrune\n|-damage|p1a: Frisk Underrune|0 fnt\n|faint|p1a: Frisk Underrune\n|\n|upkeep\n|c|\u2606JBBBBB|Speed tie \ud83d\ude2d\n|c|\u2606cyclonez_|nah\n|c|\u2606cyclonez_|im running some speed\n|\n|t:|1700542870\n|switch|p1a: My Beluvdisc|Luvdisc, F, shiny|100\/100\n|turn|3\n|\n|t:|1700542877\n|switch|p2a: Cleffa|Cleffa, F|100\/100\n|move|p1a: My Beluvdisc|Flip Turn|p2a: Cleffa\n|-damage|p2a: Cleffa|84\/100\n|\n|t:|1700542885\n|switch|p1a: Stinky|Pawmi, F, shiny|100\/100|[from] Flip Turn\n|\n|upkeep\n|turn|4\n|\n|t:|1700542891\n|move|p2a: Cleffa|Protect|p2a: Cleffa\n|-singleturn|p2a: Cleffa|Protect\n|move|p1a: Stinky|Volt Switch|p2a: Cleffa\n|-activate|p2a: Cleffa|move: Protect\n|\n|upkeep\n|turn|5\n|\n|t:|1700542899\n|move|p1a: Stinky|Volt Switch|p2a: Cleffa\n|-damage|p2a: Cleffa|75\/100\n|\n|t:|1700542903\n|switch|p1a: Doctor Ewpy|Dreepy, F, shiny|100\/100|[from] Volt Switch\n|move|p2a: Cleffa|Seismic Toss|p1a: Doctor Ewpy\n|-immune|p1a: Doctor Ewpy\n|\n|upkeep\n|turn|6\n|\n|t:|1700542912\n|move|p2a: Cleffa|Protect|p2a: Cleffa\n|-singleturn|p2a: Cleffa|Protect\n|move|p1a: Doctor Ewpy|Confuse Ray|p2a: Cleffa\n|-activate|p2a: Cleffa|move: Protect\n|\n|upkeep\n|turn|7\n|\n|t:|1700542924\n|switch|p2a: Ralts|Ralts, M|100\/100\n|-ability|p2a: Ralts|Cursed Body|[from] ability: Trace|[of] p1a: Doctor Ewpy\n|move|p1a: Doctor Ewpy|Thunder Wave|p2a: Ralts\n|-status|p2a: Ralts|par\n|\n|upkeep\n|turn|8\n|\n|t:|1700542935\n|move|p1a: Doctor Ewpy|Confuse Ray|p2a: Ralts\n|-start|p2a: Ralts|confusion\n|-activate|p2a: Ralts|confusion\n|move|p2a: Ralts|Knock Off|p1a: Doctor Ewpy\n|-supereffective|p1a: Doctor Ewpy\n|-damage|p1a: Doctor Ewpy|49\/100\n|-start|p2a: Ralts|Disable|Knock Off|[from] ability: Cursed Body|[of] p1a: Doctor Ewpy\n|-enditem|p1a: Doctor Ewpy|Eviolite|[from] move: Knock Off|[of] p2a: Ralts\n|\n|upkeep\n|turn|9\n|\n|t:|1700542949\n|switch|p2a: Togepi|Togepi, M|100\/100\n|move|p1a: Doctor Ewpy|Infestation|p2a: Togepi\n|-resisted|p2a: Togepi\n|-damage|p2a: Togepi|98\/100\n|-activate|p2a: Togepi|move: Infestation|[of] p1a: Doctor Ewpy\n|\n|-damage|p2a: Togepi|86\/100|[from] move: Infestation|[partiallytrapped]\n|upkeep\n|turn|10\n|\n|t:|1700542964\n|move|p1a: Doctor Ewpy|Thunder Wave|p2a: Togepi|[miss]\n|-miss|p1a: Doctor Ewpy|p2a: Togepi\n|move|p2a: Togepi|Heal Bell|p2a: Togepi\n|-activate|p2a: Togepi|move: Heal Bell\n|-curestatus|p2: Ralts|par|[msg]\n|\n|-damage|p2a: Togepi|73\/100|[from] move: Infestation|[partiallytrapped]\n|upkeep\n|turn|11\n|\n|t:|1700542974\n|move|p1a: Doctor Ewpy|Confuse Ray|p2a: Togepi\n|-start|p2a: Togepi|confusion\n|-activate|p2a: Togepi|confusion\n|move|p2a: Togepi|Wish|p2a: Togepi\n|\n|-damage|p2a: Togepi|61\/100|[from] move: Infestation|[partiallytrapped]\n|upkeep\n|turn|12\n|\n|t:|1700542982\n|-activate|p2a: Togepi|confusion\n|-damage|p2a: Togepi|59\/100|[from] confusion\n|move|p1a: Doctor Ewpy|Thunder Wave|p2a: Togepi\n|-status|p2a: Togepi|par\n|\n|-heal|p2a: Togepi|100\/100 par|[from] move: Wish|[wisher] Togepi\n|-damage|p2a: Togepi|88\/100 par|[from] move: Infestation|[partiallytrapped]\n|upkeep\n|turn|13\n|\n|t:|1700542992\n|move|p1a: Doctor Ewpy|Infestation|p2a: Togepi\n|-resisted|p2a: Togepi\n|-damage|p2a: Togepi|86\/100 par\n|-activate|p2a: Togepi|confusion\n|move|p2a: Togepi|Seismic Toss|p1a: Doctor Ewpy\n|-immune|p1a: Doctor Ewpy\n|\n|-end|p2a: Togepi|Infestation|[partiallytrapped]\n|upkeep\n|turn|14\n|\n|t:|1700543002\n|switch|p2a: Cleffa|Cleffa, F|75\/100\n|move|p1a: Doctor Ewpy|Infestation|p2a: Cleffa\n|-resisted|p2a: Cleffa\n|-damage|p2a: Cleffa|74\/100\n|-activate|p2a: Cleffa|move: Infestation|[of] p1a: Doctor Ewpy\n|\n|upkeep\n|turn|15\n|\n|t:|1700543010\n|move|p1a: Doctor Ewpy|Confuse Ray|p2a: Cleffa\n|-start|p2a: Cleffa|confusion\n|-activate|p2a: Cleffa|confusion\n|-damage|p2a: Cleffa|69\/100|[from] confusion\n|\n|upkeep\n|turn|16\n|\n|t:|1700543016\n|move|p1a: Doctor Ewpy|Thunder Wave|p2a: Cleffa|[miss]\n|-miss|p1a: Doctor Ewpy|p2a: Cleffa\n|-activate|p2a: Cleffa|confusion\n|move|p2a: Cleffa|Wish|p2a: Cleffa\n|\n|upkeep\n|turn|17\n|\n|t:|1700543022\n|-activate|p2a: Cleffa|confusion\n|-damage|p2a: Cleffa|64\/100|[from] confusion\n|move|p1a: Doctor Ewpy|Thunder Wave|p2a: Cleffa\n|-status|p2a: Cleffa|par\n|\n|-heal|p2a: Cleffa|100\/100 par|[from] move: Wish|[wisher] Cleffa\n|upkeep\n|turn|18\n|\n|t:|1700543031\n|move|p1a: Doctor Ewpy|Infestation|p2a: Cleffa\n|-resisted|p2a: Cleffa\n|-damage|p2a: Cleffa|99\/100 par\n|-end|p2a: Cleffa|confusion\n|move|p2a: Cleffa|Seismic Toss|p1a: Doctor Ewpy\n|-immune|p1a: Doctor Ewpy\n|\n|-end|p2a: Cleffa|Infestation|[partiallytrapped]\n|upkeep\n|turn|19\n|\n|t:|1700543041\n|switch|p2a: Togepi|Togepi, M|86\/100 par\n|move|p1a: Doctor Ewpy|Confuse Ray|p2a: Togepi\n|-start|p2a: Togepi|confusion\n|\n|upkeep\n|turn|20\n|\n|t:|1700543053\n|move|p1a: Doctor Ewpy|Infestation|p2a: Togepi\n|-resisted|p2a: Togepi\n|-damage|p2a: Togepi|84\/100 par\n|-activate|p2a: Togepi|move: Infestation|[of] p1a: Doctor Ewpy\n|-activate|p2a: Togepi|confusion\n|move|p2a: Togepi|Heal Bell|p2a: Togepi\n|-activate|p2a: Togepi|move: Heal Bell\n|-curestatus|p2a: Togepi|par|[msg]\n|-curestatus|p2: Cleffa|par|[msg]\n|\n|-damage|p2a: Togepi|71\/100|[from] move: Infestation|[partiallytrapped]\n|upkeep\n|turn|21\n|\n|t:|1700543065\n|move|p1a: Doctor Ewpy|Thunder Wave|p2a: Togepi\n|-status|p2a: Togepi|par\n|-activate|p2a: Togepi|confusion\n|move|p2a: Togepi|Wish|p2a: Togepi\n|\n|-damage|p2a: Togepi|59\/100 par|[from] move: Infestation|[partiallytrapped]\n|upkeep\n|turn|22\n|\n|t:|1700543075\n|-end|p2a: Togepi|confusion\n|move|p2a: Togepi|Protect|p2a: Togepi\n|-singleturn|p2a: Togepi|Protect\n|move|p1a: Doctor Ewpy|Infestation|p2a: Togepi\n|-activate|p2a: Togepi|move: Protect\n|\n|-heal|p2a: Togepi|100\/100 par|[from] move: Wish|[wisher] Togepi\n|-damage|p2a: Togepi|88\/100 par|[from] move: Infestation|[partiallytrapped]\n|upkeep\n|turn|23\n|\n|t:|1700543086\n|move|p1a: Doctor Ewpy|Confuse Ray|p2a: Togepi\n|-start|p2a: Togepi|confusion\n|-activate|p2a: Togepi|confusion\n|move|p2a: Togepi|Seismic Toss|p1a: Doctor Ewpy\n|-immune|p1a: Doctor Ewpy\n|\n|-damage|p2a: Togepi|76\/100 par|[from] move: Infestation|[partiallytrapped]\n|upkeep\n|turn|24\n|\n|t:|1700543099\n|move|p1a: Doctor Ewpy|Infestation|p2a: Togepi\n|-resisted|p2a: Togepi\n|-damage|p2a: Togepi|74\/100 par\n|-end|p2a: Togepi|confusion\n|move|p2a: Togepi|Seismic Toss|p1a: Doctor Ewpy\n|-immune|p1a: Doctor Ewpy\n|\n|-damage|p2a: Togepi|61\/100 par|[from] move: Infestation|[partiallytrapped]\n|upkeep\n|turn|25\n|\n|t:|1700543109\n|move|p1a: Doctor Ewpy|Confuse Ray|p2a: Togepi\n|-start|p2a: Togepi|confusion\n|-activate|p2a: Togepi|confusion\n|-damage|p2a: Togepi|59\/100 par|[from] confusion\n|\n|-end|p2a: Togepi|Infestation|[partiallytrapped]\n|upkeep\n|turn|26\n|\n|t:|1700543129\n|switch|p2a: Sentret|Sentret, F|53\/100\n|move|p1a: Doctor Ewpy|Infestation|p2a: Sentret\n|-damage|p2a: Sentret|42\/100\n|-activate|p2a: Sentret|move: Infestation|[of] p1a: Doctor Ewpy\n|\n|-damage|p2a: Sentret|30\/100|[from] move: Infestation|[partiallytrapped]\n|upkeep\n|turn|27\n|\n|t:|1700543138\n|move|p1a: Doctor Ewpy|Draco Meteor|p2a: Sentret\n|-damage|p2a: Sentret|0 fnt\n|-unboost|p1a: Doctor Ewpy|spa|2\n|faint|p2a: Sentret\n|\n|upkeep\n|\n|t:|1700543139\n|switch|p2a: Swinub|Swinub, F|100\/100\n|turn|28\n|\n|t:|1700543146\n|move|p1a: Doctor Ewpy|Thunder Wave|p2a: Swinub\n|-immune|p2a: Swinub\n|move|p2a: Swinub|Stealth Rock|p1a: Doctor Ewpy\n|-sidestart|p1: JBBBBB|move: Stealth Rock\n|\n|upkeep\n|turn|29\n|\n|t:|1700543153\n|move|p1a: Doctor Ewpy|Confuse Ray|p2a: Swinub\n|-start|p2a: Swinub|confusion\n|-activate|p2a: Swinub|confusion\n|-damage|p2a: Swinub|79\/100|[from] confusion\n|\n|upkeep\n|turn|30\n|\n|t:|1700543159\n|move|p1a: Doctor Ewpy|Infestation|p2a: Swinub\n|-damage|p2a: Swinub|74\/100\n|-activate|p2a: Swinub|move: Infestation|[of] p1a: Doctor Ewpy\n|-activate|p2a: Swinub|confusion\n|-damage|p2a: Swinub|53\/100|[from] confusion\n|\n|-damage|p2a: Swinub|40\/100|[from] move: Infestation|[partiallytrapped]\n|upkeep\n|turn|31\n|\n|t:|1700543169\n|move|p1a: Doctor Ewpy|Draco Meteor|p2a: Swinub\n|-damage|p2a: Swinub|0 fnt\n|-unboost|p1a: Doctor Ewpy|spa|2\n|faint|p2a: Swinub\n|\n|upkeep\n|\n|t:|1700543174\n|switch|p2a: Ralts|Ralts, M|100\/100\n|-ability|p2a: Ralts|Cursed Body|[from] ability: Trace|[of] p1a: Doctor Ewpy\n|turn|32\n|\n|t:|1700543180\n|move|p1a: Doctor Ewpy|Thunder Wave|p2a: Ralts\n|-status|p2a: Ralts|par\n|move|p2a: Ralts|Psyshock|p1a: Doctor Ewpy\n|-damage|p1a: Doctor Ewpy|0 fnt\n|-start|p2a: Ralts|Disable|Psyshock|[from] ability: Cursed Body|[of] p1a: Doctor Ewpy\n|faint|p1a: Doctor Ewpy\n|\n|upkeep\n|\n|t:|1700543191\n|switch|p1a: Why She Eepy|Cleffa, F, shiny|100\/100\n|turn|33\n|\n|t:|1700543196\n|switch|p2a: Togepi|Togepi, M|59\/100 par\n|move|p1a: Why She Eepy|Calm Mind|p1a: Why She Eepy\n|-boost|p1a: Why She Eepy|spa|1\n|-boost|p1a: Why She Eepy|spd|1\n|\n|upkeep\n|turn|34\n|\n|t:|1700543203\n|move|p1a: Why She Eepy|Calm Mind|p1a: Why She Eepy\n|-boost|p1a: Why She Eepy|spa|1\n|-boost|p1a: Why She Eepy|spd|1\n|move|p2a: Togepi|Heal Bell|p2a: Togepi\n|-activate|p2a: Togepi|move: Heal Bell\n|-curestatus|p2a: Togepi|par|[msg]\n|-curestatus|p2: Ralts|par|[msg]\n|\n|upkeep\n|turn|35\n|\n|t:|1700543212\n|move|p2a: Togepi|Seismic Toss|p1a: Why She Eepy\n|-damage|p1a: Why She Eepy|68\/100\n|move|p1a: Why She Eepy|Calm Mind|p1a: Why She Eepy\n|-boost|p1a: Why She Eepy|spa|1\n|-boost|p1a: Why She Eepy|spd|1\n|\n|upkeep\n|turn|36\n|\n|t:|1700543220\n|move|p2a: Togepi|Seismic Toss|p1a: Why She Eepy\n|-damage|p1a: Why She Eepy|35\/100\n|move|p1a: Why She Eepy|Soft-Boiled|p1a: Why She Eepy\n|-heal|p1a: Why She Eepy|85\/100\n|\n|upkeep\n|turn|37\n|\n|t:|1700543234\n|move|p2a: Togepi|Seismic Toss|p1a: Why She Eepy\n|-damage|p1a: Why She Eepy|52\/100\n|move|p1a: Why She Eepy|Stored Power|p2a: Togepi\n|-damage|p2a: Togepi|8\/100\n|\n|upkeep\n|turn|38\n|\n|t:|1700543243\n|move|p2a: Togepi|Seismic Toss|p1a: Why She Eepy\n|-damage|p1a: Why She Eepy|19\/100\n|move|p1a: Why She Eepy|Soft-Boiled|p1a: Why She Eepy\n|-heal|p1a: Why She Eepy|69\/100\n|\n|upkeep\n|turn|39\n|\n|t:|1700543257\n|switch|p2a: Cleffa|Cleffa, F|99\/100\n|move|p1a: Why She Eepy|Soft-Boiled|p1a: Why She Eepy\n|-heal|p1a: Why She Eepy|100\/100\n|\n|upkeep\n|turn|40\n|\n|t:|1700543264\n|move|p2a: Cleffa|Encore|p1a: Why She Eepy\n|-start|p1a: Why She Eepy|Encore\n|move|p1a: Why She Eepy|Soft-Boiled||[still]\n|-fail|p1a: Why She Eepy|heal\n|\n|upkeep\n|turn|41\n|c|\u2606JBBBBB|Hell Cleffa Engage\n|\n|t:|1700543280\n|move|p2a: Cleffa|Wish|p2a: Cleffa\n|move|p1a: Why She Eepy|Soft-Boiled||[still]\n|-fail|p1a: Why She Eepy|heal\n|\n|upkeep\n|turn|42\n|\n|t:|1700543285\n|switch|p2a: Togepi|Togepi, M|8\/100\n|move|p1a: Why She Eepy|Soft-Boiled||[still]\n|-fail|p1a: Why She Eepy|heal\n|\n|-heal|p2a: Togepi|64\/100|[from] move: Wish|[wisher] Cleffa\n|-end|p1a: Why She Eepy|Encore\n|upkeep\n|turn|43\n|\n|t:|1700543300\n|move|p2a: Togepi|Wish|p2a: Togepi\n|move|p1a: Why She Eepy|Stored Power|p2a: Togepi\n|-damage|p2a: Togepi|16\/100\n|\n|upkeep\n|turn|44\n|\n|t:|1700543305\n|move|p2a: Togepi|Protect|p2a: Togepi\n|-singleturn|p2a: Togepi|Protect\n|move|p1a: Why She Eepy|Calm Mind|p1a: Why She Eepy\n|-boost|p1a: Why She Eepy|spa|1\n|-boost|p1a: Why She Eepy|spd|1\n|\n|-heal|p2a: Togepi|66\/100|[from] move: Wish|[wisher] Togepi\n|upkeep\n|turn|45\n|\n|t:|1700543316\n|move|p2a: Togepi|Seismic Toss|p1a: Why She Eepy\n|-damage|p1a: Why She Eepy|68\/100\n|move|p1a: Why She Eepy|Stored Power|p2a: Togepi\n|-damage|p2a: Togepi|0 fnt\n|faint|p2a: Togepi\n|\n|upkeep\n|\n|t:|1700543321\n|switch|p2a: Ralts|Ralts, M|100\/100\n|-ability|p2a: Ralts|Magic Guard|[from] ability: Trace|[of] p1a: Why She Eepy\n|turn|46\n|\n|t:|1700543329\n|move|p2a: Ralts|Psyshock|p1a: Why She Eepy\n|-damage|p1a: Why She Eepy|29\/100\n|move|p1a: Why She Eepy|Stored Power|p2a: Ralts\n|-resisted|p2a: Ralts\n|-damage|p2a: Ralts|0 fnt\n|faint|p2a: Ralts\n|\n|upkeep\n|\n|t:|1700543331\n|switch|p2a: Makuhita|Makuhita, F|100\/100\n|turn|47\n|\n|t:|1700543343\n|move|p2a: Makuhita|Heavy Slam|p1a: Why She Eepy\n|-supereffective|p1a: Why She Eepy\n|-damage|p1a: Why She Eepy|0 fnt\n|faint|p1a: Why She Eepy\n|\n|-status|p2a: Makuhita|brn|[from] item: Flame Orb\n|upkeep\n|\n|t:|1700543362\n|switch|p1a: Stinky|Pawmi, F, shiny|100\/100\n|-damage|p1a: Stinky|88\/100|[from] Stealth Rock\n|turn|48\n|\n|t:|1700543376\n|switch|p2a: Cleffa|Cleffa, F|99\/100\n|move|p1a: Stinky|Volt Switch|p2a: Cleffa\n|-damage|p2a: Cleffa|90\/100\n|\n|t:|1700543384\n|switch|p1a: Silly Little Gal|Swinub, F, shiny|100\/100|[from] Volt Switch\n|-damage|p1a: Silly Little Gal|88\/100|[from] Stealth Rock\n|\n|upkeep\n|turn|49\n|\n|t:|1700543393\n|move|p1a: Silly Little Gal|Earthquake|p2a: Cleffa\n|-crit|p2a: Cleffa\n|-damage|p2a: Cleffa|0 fnt\n|faint|p2a: Cleffa\n|\n|upkeep\n|\n|t:|1700543401\n|switch|p2a: Makuhita|Makuhita, F|100\/100 brn\n|turn|50\n|\n|t:|1700543407\n|move|p2a: Makuhita|Bullet Punch|p1a: Silly Little Gal\n|-supereffective|p1a: Silly Little Gal\n|-damage|p1a: Silly Little Gal|47\/100\n|move|p1a: Silly Little Gal|Earthquake|p2a: Makuhita\n|-damage|p2a: Makuhita|27\/100 brn\n|\n|-damage|p2a: Makuhita|21\/100 brn|[from] brn\n|upkeep\n|turn|51\n|c|\u2606JBBBBB|GGz\n|\n|t:|1700543420\n|move|p1a: Silly Little Gal|Ice Shard|p2a: Makuhita\n|-damage|p2a: Makuhita|0 fnt\n|faint|p2a: Makuhita\n|\n|win|JBBBBB\n|l|\u2606cyclonez_\n","uploadtime":1700543430,"views":20,"p1id":"jbbbbb","p2id":"cyclonez","formatid":"gen9nationaldex","rating":0,"private":0,"password":""}