{"id":"gen9nationaldex-1988888946","p1":"Elite Sabrina","p2":"ooMIZUHASUoo","format":"[Gen 9] National Dex","log":"|j|\u2606Elite Sabrina\n|j|\u2606ooMIZUHASUoo\n|t:|1699781770\n|gametype|singles\n|player|p1|Elite Sabrina|sabrina-gen3|1674\n|player|p2|ooMIZUHASUoo|lana|1751\n|teamsize|p1|6\n|teamsize|p2|6\n|gen|9\n|tier|[Gen 9] National Dex\n|rated|\n|rule|HP Percentage Mod: HP is shown in percentages\n|rule|Endless Battle Clause: Forcing endless battles is banned\n|rule|OHKO Clause: OHKO moves are banned\n|rule|Evasion Clause: Evasion abilities, items, and moves are banned\n|rule|Evasion Abilities Clause: Evasion abilities are banned\n|rule|Evasion Items Clause: Evasion items are banned\n|rule|Evasion Moves Clause: Evasion moves are banned\n|rule|Species Clause: Limit one of each Pok\u00e9mon\n|rule|Sleep Clause Mod: Limit one foe put to sleep\n|clearpoke\n|poke|p1|Gardevoir, F|\n|poke|p1|Ceruledge, F|\n|poke|p1|Breloom, F|\n|poke|p1|Latias, F|\n|poke|p1|Corviknight, F|\n|poke|p1|Clodsire, F|\n|poke|p2|Zapdos|\n|poke|p2|Scizor, M|\n|poke|p2|Ogerpon-Wellspring, F|\n|poke|p2|Pelipper, M|\n|poke|p2|Urshifu-*, F|\n|poke|p2|Garchomp, F|\n|teampreview\n|c|\u2606Elite Sabrina|gl hf\n|\n|t:|1699781782\n|start\n|switch|p1a: Breloom|Breloom, F|100\/100\n|switch|p2a: \u519c\u5085\u4e09\u62f3|Urshifu-Rapid-Strike, F|100\/100\n|turn|1\n|\n|t:|1699781788\n|move|p2a: \u519c\u5085\u4e09\u62f3|U-turn|p1a: Breloom\n|-damage|p1a: Breloom|60\/100\n|inactive|Battle timer is ON: inactive players will automatically lose when time's up. (requested by Elite Sabrina)\n|\n|t:|1699781799\n|switch|p2a: \u96cc\u5c0f\u9b3c|Ogerpon-Wellspring, F|100\/100|[from] U-turn\n|move|p1a: Breloom|Bullet Seed|p2a: \u96cc\u5c0f\u9b3c\n|-damage|p2a: \u96cc\u5c0f\u9b3c|77\/100\n|-damage|p2a: \u96cc\u5c0f\u9b3c|50\/100\n|-damage|p2a: \u96cc\u5c0f\u9b3c|24\/100\n|-damage|p2a: \u96cc\u5c0f\u9b3c|0 fnt\n|faint|p2a: \u96cc\u5c0f\u9b3c\n|-hitcount|p2: \u96cc\u5c0f\u9b3c|4\n|\n|upkeep\n|\n|t:|1699781809\n|switch|p2a: \u51f8\u51f8\u5934\u76d4\u9ca8\u9c7c\u76ae|Garchomp, F|100\/100\n|turn|2\n|\n|t:|1699781812\n|switch|p1a: Corviknight|Corviknight, F, shiny|100\/100\n|-ability|p1a: Corviknight|Pressure\n|move|p2a: \u51f8\u51f8\u5934\u76d4\u9ca8\u9c7c\u76ae|Scale Shot|p1a: Corviknight\n|-resisted|p1a: Corviknight\n|-damage|p1a: Corviknight|96\/100\n|-resisted|p1a: Corviknight\n|-damage|p1a: Corviknight|92\/100\n|-resisted|p1a: Corviknight\n|-damage|p1a: Corviknight|87\/100\n|-resisted|p1a: Corviknight\n|-damage|p1a: Corviknight|83\/100\n|-hitcount|p1a: Corviknight|4\n|-unboost|p2a: \u51f8\u51f8\u5934\u76d4\u9ca8\u9c7c\u76ae|def|1\n|-boost|p2a: \u51f8\u51f8\u5934\u76d4\u9ca8\u9c7c\u76ae|spe|1\n|\n|upkeep\n|turn|3\n|\n|t:|1699781825\n|move|p2a: \u51f8\u51f8\u5934\u76d4\u9ca8\u9c7c\u76ae|Stealth Rock|p1a: Corviknight\n|-sidestart|p1: Elite Sabrina|move: Stealth Rock\n|move|p1a: Corviknight|Iron Defense|p1a: Corviknight\n|-boost|p1a: Corviknight|def|2\n|\n|upkeep\n|turn|4\n|\n|t:|1699781829\n|switch|p2a: \u96e8\u5929\u7b2c\u4e00\u70ae\u7070|Pelipper, M|100\/100\n|-weather|RainDance|[from] ability: Drizzle|[of] p2a: \u96e8\u5929\u7b2c\u4e00\u70ae\u7070\n|move|p1a: Corviknight|Iron Defense|p1a: Corviknight\n|-boost|p1a: Corviknight|def|2\n|\n|-weather|RainDance|[upkeep]\n|upkeep\n|turn|5\n|\n|t:|1699781836\n|move|p1a: Corviknight|Body Press|p2a: \u96e8\u5929\u7b2c\u4e00\u70ae\u7070\n|-resisted|p2a: \u96e8\u5929\u7b2c\u4e00\u70ae\u7070\n|-damage|p2a: \u96e8\u5929\u7b2c\u4e00\u70ae\u7070|65\/100\n|move|p2a: \u96e8\u5929\u7b2c\u4e00\u70ae\u7070|Scald|p1a: Corviknight\n|-damage|p1a: Corviknight|43\/100\n|\n|-weather|RainDance|[upkeep]\n|upkeep\n|turn|6\n|\n|t:|1699781848\n|move|p1a: Corviknight|U-turn|p2a: \u96e8\u5929\u7b2c\u4e00\u70ae\u7070\n|-resisted|p2a: \u96e8\u5929\u7b2c\u4e00\u70ae\u7070\n|-damage|p2a: \u96e8\u5929\u7b2c\u4e00\u70ae\u7070|59\/100\n|\n|t:|1699781851\n|switch|p1a: Latias|Latias, F, shiny|100\/100|[from] U-turn\n|-damage|p1a: Latias|88\/100|[from] Stealth Rock\n|move|p2a: \u96e8\u5929\u7b2c\u4e00\u70ae\u7070|U-turn|p1a: Latias\n|-supereffective|p1a: Latias\n|-damage|p1a: Latias|75\/100\n|j| BurritoSave\n|\n|t:|1699781880\n|switch|p2a: \u51f8\u51f8\u5934\u76d4\u9ca8\u9c7c\u76ae|Garchomp, F|100\/100|[from] U-turn\n|\n|-weather|RainDance|[upkeep]\n|upkeep\n|turn|7\n|\n|t:|1699781886\n|detailschange|p1a: Latias|Latias-Mega, F, shiny\n|-mega|p1a: Latias|Latias|Latiasite\n|-terastallize|p2a: \u51f8\u51f8\u5934\u76d4\u9ca8\u9c7c\u76ae|Steel\n|move|p2a: \u51f8\u51f8\u5934\u76d4\u9ca8\u9c7c\u76ae|Scale Shot|p1a: Latias\n|-supereffective|p1a: Latias\n|-damage|p1a: Latias|58\/100\n|-supereffective|p1a: Latias\n|-damage|p1a: Latias|38\/100\n|-supereffective|p1a: Latias\n|-damage|p1a: Latias|19\/100\n|-supereffective|p1a: Latias\n|-damage|p1a: Latias|0 fnt\n|faint|p1a: Latias\n|-hitcount|p1: Latias|4\n|-unboost|p2a: \u51f8\u51f8\u5934\u76d4\u9ca8\u9c7c\u76ae|def|1\n|-boost|p2a: \u51f8\u51f8\u5934\u76d4\u9ca8\u9c7c\u76ae|spe|1\n|\n|-weather|RainDance|[upkeep]\n|upkeep\n|\n|t:|1699781894\n|switch|p1a: Corviknight|Corviknight, F, shiny|43\/100\n|-damage|p1a: Corviknight|30\/100|[from] Stealth Rock\n|-ability|p1a: Corviknight|Pressure\n|turn|8\n|\n|t:|1699781903\n|move|p2a: \u51f8\u51f8\u5934\u76d4\u9ca8\u9c7c\u76ae|Swords Dance|p2a: \u51f8\u51f8\u5934\u76d4\u9ca8\u9c7c\u76ae\n|-boost|p2a: \u51f8\u51f8\u5934\u76d4\u9ca8\u9c7c\u76ae|atk|2\n|move|p1a: Corviknight|Roost|p1a: Corviknight\n|-heal|p1a: Corviknight|80\/100\n|-singleturn|p1a: Corviknight|move: Roost\n|\n|-weather|RainDance|[upkeep]\n|upkeep\n|turn|9\n|j| hainiumm\n|\n|t:|1699781917\n|move|p2a: \u51f8\u51f8\u5934\u76d4\u9ca8\u9c7c\u76ae|Scale Shot|p1a: Corviknight\n|-resisted|p1a: Corviknight\n|-damage|p1a: Corviknight|72\/100\n|-resisted|p1a: Corviknight\n|-damage|p1a: Corviknight|65\/100\n|-resisted|p1a: Corviknight\n|-damage|p1a: Corviknight|57\/100\n|-resisted|p1a: Corviknight\n|-damage|p1a: Corviknight|49\/100\n|-resisted|p1a: Corviknight\n|-damage|p1a: Corviknight|41\/100\n|-hitcount|p1a: Corviknight|5\n|-unboost|p2a: \u51f8\u51f8\u5934\u76d4\u9ca8\u9c7c\u76ae|def|1\n|-boost|p2a: \u51f8\u51f8\u5934\u76d4\u9ca8\u9c7c\u76ae|spe|1\n|move|p1a: Corviknight|Iron Defense|p1a: Corviknight\n|-boost|p1a: Corviknight|def|2\n|\n|-weather|RainDance|[upkeep]\n|upkeep\n|turn|10\n|\n|t:|1699781927\n|switch|p2a: \u518dmiss\u5956\u52b1\u5c16\u77f3\u653b\u51fb|Zapdos|100\/100\n|-ability|p2a: \u518dmiss\u5956\u52b1\u5c16\u77f3\u653b\u51fb|Pressure\n|move|p1a: Corviknight|Roost|p1a: Corviknight\n|-heal|p1a: Corviknight|91\/100\n|-singleturn|p1a: Corviknight|move: Roost\n|\n|-weather|RainDance|[upkeep]\n|upkeep\n|turn|11\n|\n|t:|1699781932\n|switch|p2a: \u51f8\u51f8\u5934\u76d4\u9ca8\u9c7c\u76ae|Garchomp, F, tera:Steel|100\/100\n|-terastallize|p1a: Corviknight|Dragon\n|move|p1a: Corviknight|Iron Defense|p1a: Corviknight\n|-boost|p1a: Corviknight|def|2\n|\n|-weather|none\n|upkeep\n|turn|12\n|\n|t:|1699781943\n|switch|p2a: \u96e8\u5929\u7b2c\u4e00\u70ae\u7070|Pelipper, M|59\/100\n|-weather|RainDance|[from] ability: Drizzle|[of] p2a: \u96e8\u5929\u7b2c\u4e00\u70ae\u7070\n|move|p1a: Corviknight|Iron Defense|p1a: Corviknight\n|-boost|p1a: Corviknight|def|2\n|\n|-weather|RainDance|[upkeep]\n|upkeep\n|turn|13\n|\n|t:|1699781948\n|move|p1a: Corviknight|Body Press|p2a: \u96e8\u5929\u7b2c\u4e00\u70ae\u7070\n|-resisted|p2a: \u96e8\u5929\u7b2c\u4e00\u70ae\u7070\n|-damage|p2a: \u96e8\u5929\u7b2c\u4e00\u70ae\u7070|11\/100\n|move|p2a: \u96e8\u5929\u7b2c\u4e00\u70ae\u7070|Hurricane|p1a: Corviknight\n|-damage|p1a: Corviknight|55\/100\n|\n|-weather|RainDance|[upkeep]\n|upkeep\n|turn|14\n|l| BurritoSave\n|l| hainiumm\n|\n|t:|1699781955\n|move|p1a: Corviknight|Body Press|p2a: \u96e8\u5929\u7b2c\u4e00\u70ae\u7070\n|-resisted|p2a: \u96e8\u5929\u7b2c\u4e00\u70ae\u7070\n|-crit|p2a: \u96e8\u5929\u7b2c\u4e00\u70ae\u7070\n|-damage|p2a: \u96e8\u5929\u7b2c\u4e00\u70ae\u7070|0 fnt\n|faint|p2a: \u96e8\u5929\u7b2c\u4e00\u70ae\u7070\n|\n|-weather|RainDance|[upkeep]\n|upkeep\n|\n|t:|1699781958\n|switch|p2a: \u518dmiss\u5956\u52b1\u5c16\u77f3\u653b\u51fb|Zapdos|100\/100\n|-ability|p2a: \u518dmiss\u5956\u52b1\u5c16\u77f3\u653b\u51fb|Pressure\n|turn|15\n|\n|t:|1699781966\n|move|p2a: \u518dmiss\u5956\u52b1\u5c16\u77f3\u653b\u51fb|Hurricane|p1a: Corviknight\n|-damage|p1a: Corviknight|4\/100\n|move|p1a: Corviknight|Roost|p1a: Corviknight\n|-heal|p1a: Corviknight|54\/100\n|\n|-weather|RainDance|[upkeep]\n|upkeep\n|turn|16\n|\n|t:|1699781971\n|move|p2a: \u518dmiss\u5956\u52b1\u5c16\u77f3\u653b\u51fb|Hurricane|p1a: Corviknight\n|-damage|p1a: Corviknight|0 fnt\n|faint|p1a: Corviknight\n|\n|-weather|RainDance|[upkeep]\n|upkeep\n|\n|t:|1699781975\n|switch|p1a: Gardevoir|Gardevoir, F, shiny|100\/100\n|-damage|p1a: Gardevoir|88\/100|[from] Stealth Rock\n|-ability|p1a: Gardevoir|Pressure\n|-ability|p1a: Gardevoir|Pressure|[from] ability: Trace|[of] p2a: \u518dmiss\u5956\u52b1\u5c16\u77f3\u653b\u51fb\n|turn|17\n|\n|t:|1699781994\n|move|p1a: Gardevoir|Moonblast|p2a: \u518dmiss\u5956\u52b1\u5c16\u77f3\u653b\u51fb\n|-damage|p2a: \u518dmiss\u5956\u52b1\u5c16\u77f3\u653b\u51fb|45\/100\n|-unboost|p2a: \u518dmiss\u5956\u52b1\u5c16\u77f3\u653b\u51fb|spa|1\n|move|p2a: \u518dmiss\u5956\u52b1\u5c16\u77f3\u653b\u51fb|Roost|p2a: \u518dmiss\u5956\u52b1\u5c16\u77f3\u653b\u51fb\n|-heal|p2a: \u518dmiss\u5956\u52b1\u5c16\u77f3\u653b\u51fb|95\/100\n|-singleturn|p2a: \u518dmiss\u5956\u52b1\u5c16\u77f3\u653b\u51fb|move: Roost\n|\n|-weather|RainDance|[upkeep]\n|upkeep\n|turn|18\n|\n|t:|1699782005\n|switch|p2a: \u51f8\u51f8\u5934\u76d4\u9ca8\u9c7c\u76ae|Garchomp, F, tera:Steel|100\/100\n|move|p1a: Gardevoir|Moonblast|p2a: \u51f8\u51f8\u5934\u76d4\u9ca8\u9c7c\u76ae\n|-resisted|p2a: \u51f8\u51f8\u5934\u76d4\u9ca8\u9c7c\u76ae\n|-damage|p2a: \u51f8\u51f8\u5934\u76d4\u9ca8\u9c7c\u76ae|75\/100\n|\n|-weather|RainDance|[upkeep]\n|upkeep\n|turn|19\n|j| BurritoSave\n|\n|t:|1699782011\n|switch|p1a: Clodsire|Clodsire, F|100\/100\n|-damage|p1a: Clodsire|94\/100|[from] Stealth Rock\n|move|p2a: \u51f8\u51f8\u5934\u76d4\u9ca8\u9c7c\u76ae|Earthquake|p1a: Clodsire\n|-supereffective|p1a: Clodsire\n|-damage|p1a: Clodsire|0 fnt\n|faint|p1a: Clodsire\n|\n|-weather|none\n|upkeep\n|\n|t:|1699782015\n|switch|p1a: Breloom|Breloom, F|60\/100\n|-damage|p1a: Breloom|53\/100|[from] Stealth Rock\n|turn|20\n|c|\u2606Elite Sabrina|gg\n|\n|t:|1699782024\n|move|p1a: Breloom|Mach Punch|p2a: \u51f8\u51f8\u5934\u76d4\u9ca8\u9c7c\u76ae\n|-supereffective|p2a: \u51f8\u51f8\u5934\u76d4\u9ca8\u9c7c\u76ae\n|-damage|p2a: \u51f8\u51f8\u5934\u76d4\u9ca8\u9c7c\u76ae|15\/100\n|-damage|p1a: Breloom|41\/100|[from] ability: Rough Skin|[of] p2a: \u51f8\u51f8\u5934\u76d4\u9ca8\u9c7c\u76ae\n|move|p2a: \u51f8\u51f8\u5934\u76d4\u9ca8\u9c7c\u76ae|Scale Shot|p1a: Breloom\n|-damage|p1a: Breloom|19\/100\n|-damage|p1a: Breloom|0 fnt\n|faint|p1a: Breloom\n|-hitcount|p1: Breloom|2\n|-unboost|p2a: \u51f8\u51f8\u5934\u76d4\u9ca8\u9c7c\u76ae|def|1\n|-boost|p2a: \u51f8\u51f8\u5934\u76d4\u9ca8\u9c7c\u76ae|spe|1\n|\n|upkeep\n|-message|Elite Sabrina forfeited.\n|\n|win|ooMIZUHASUoo\n|raw|Elite Sabrina's rating: 1674 &rarr; <strong>1658<\/strong><br \/>(-16 for losing)\n|raw|ooMIZUHASUoo's rating: 1751 &rarr; <strong>1767<\/strong><br \/>(+16 for winning)\n|l|\u2606Elite Sabrina\n","uploadtime":1699782034,"views":9,"p1id":"elitesabrina","p2id":"oomizuhasuoo","formatid":"gen9nationaldex","rating":1658,"private":0,"password":""}