{"id":"gen9nationaldex-1987793530","p1":"benzeboss","p2":"toptargo","format":"[Gen 9] National Dex","log":"|j|\u2606benzeboss\n|j|\u2606toptargo\n|t:|1699637420\n|gametype|singles\n|player|p1|benzeboss|n|1313\n|player|p2|toptargo|worker-lgpe|1238\n|teamsize|p1|6\n|teamsize|p2|6\n|gen|9\n|tier|[Gen 9] National Dex\n|rated|\n|rule|HP Percentage Mod: HP is shown in percentages\n|rule|Endless Battle Clause: Forcing endless battles is banned\n|rule|OHKO Clause: OHKO moves are banned\n|rule|Evasion Clause: Evasion abilities, items, and moves are banned\n|rule|Evasion Abilities Clause: Evasion abilities are banned\n|rule|Evasion Items Clause: Evasion items are banned\n|rule|Evasion Moves Clause: Evasion moves are banned\n|rule|Species Clause: Limit one of each Pok\u00e9mon\n|rule|Sleep Clause Mod: Limit one foe put to sleep\n|clearpoke\n|poke|p1|Urshifu-*, F|\n|poke|p1|Kartana|\n|poke|p1|Gliscor, F|\n|poke|p1|Tapu Koko|\n|poke|p1|Clodsire, M|\n|poke|p1|Volcarona, M|\n|poke|p2|Chatot, F|\n|poke|p2|Cramorant, M|\n|poke|p2|Crawdaunt, M|\n|poke|p2|Maushold|\n|poke|p2|Plusle, F|\n|poke|p2|Necrozma|\n|teampreview\n|\n|t:|1699637444\n|start\n|switch|p1a: Tapu Koko|Tapu Koko|100\/100\n|switch|p2a: Stuck in RU tier|Necrozma|100\/100\n|-fieldstart|move: Electric Terrain|[from] ability: Electric Surge|[of] p1a: Tapu Koko\n|turn|1\n|\n|t:|1699637450\n|move|p1a: Tapu Koko|U-turn|p2a: Stuck in RU tier\n|-supereffective|p2a: Stuck in RU tier\n|-damage|p2a: Stuck in RU tier|77\/100\n|\n|t:|1699637462\n|switch|p1a: Clodsire|Clodsire, M|100\/100|[from] U-turn\n|move|p2a: Stuck in RU tier|Dragon Dance|p2a: Stuck in RU tier\n|-boost|p2a: Stuck in RU tier|atk|1\n|-boost|p2a: Stuck in RU tier|spe|1\n|\n|upkeep\n|turn|2\n|\n|t:|1699637470\n|switch|p1a: Gliscor|Gliscor, F|100\/100\n|move|p2a: Stuck in RU tier|Photon Geyser|p1a: Gliscor\n|-damage|p1a: Gliscor|45\/100\n|-damage|p2a: Stuck in RU tier|67\/100|[from] item: Life Orb\n|\n|-status|p1a: Gliscor|tox|[from] item: Toxic Orb\n|upkeep\n|turn|3\n|\n|t:|1699637485\n|switch|p1a: Kartana|Kartana|100\/100\n|move|p2a: Stuck in RU tier|Photon Geyser|p1a: Kartana\n|-resisted|p1a: Kartana\n|-damage|p1a: Kartana|49\/100\n|-damage|p2a: Stuck in RU tier|58\/100|[from] item: Life Orb\n|\n|upkeep\n|turn|4\n|\n|t:|1699637492\n|move|p2a: Stuck in RU tier|Earthquake|p1a: Kartana\n|-damage|p1a: Kartana|0 fnt\n|faint|p1a: Kartana\n|-damage|p2a: Stuck in RU tier|48\/100|[from] item: Life Orb\n|\n|upkeep\n|\n|t:|1699637505\n|switch|p1a: Clodsire|Clodsire, M|100\/100\n|turn|5\n|\n|t:|1699637508\n|move|p2a: Stuck in RU tier|Photon Geyser|p1a: Clodsire\n|-supereffective|p1a: Clodsire\n|-damage|p1a: Clodsire|0 fnt\n|faint|p1a: Clodsire\n|-damage|p2a: Stuck in RU tier|38\/100|[from] item: Life Orb\n|\n|-fieldend|move: Electric Terrain\n|upkeep\n|\n|t:|1699637522\n|switch|p1a: Volcarona|Volcarona, M|100\/100\n|turn|6\n|\n|t:|1699637526\n|move|p2a: Stuck in RU tier|Photon Geyser|p1a: Volcarona\n|-damage|p1a: Volcarona|18\/100\n|-damage|p2a: Stuck in RU tier|28\/100|[from] item: Life Orb\n|move|p1a: Volcarona|Bug Buzz|p2a: Stuck in RU tier\n|-supereffective|p2a: Stuck in RU tier\n|-damage|p2a: Stuck in RU tier|0 fnt\n|faint|p2a: Stuck in RU tier\n|\n|upkeep\n|\n|t:|1699637535\n|switch|p2a: BIG MEATY CLAWS|Crawdaunt, M|100\/100\n|turn|7\n|\n|t:|1699637541\n|switch|p1a: Urshifu|Urshifu-Rapid-Strike, F|100\/100\n|move|p2a: BIG MEATY CLAWS|Aqua Jet|p1a: Urshifu\n|-resisted|p1a: Urshifu\n|-damage|p1a: Urshifu|82\/100\n|-damage|p2a: BIG MEATY CLAWS|91\/100|[from] item: Life Orb\n|\n|upkeep\n|turn|8\n|\n|t:|1699637546\n|move|p1a: Urshifu|U-turn|p2a: BIG MEATY CLAWS\n|-supereffective|p2a: BIG MEATY CLAWS\n|-damage|p2a: BIG MEATY CLAWS|37\/100\n|\n|t:|1699637551\n|switch|p1a: Tapu Koko|Tapu Koko|100\/100|[from] U-turn\n|-fieldstart|move: Electric Terrain|[from] ability: Electric Surge|[of] p1a: Tapu Koko\n|move|p2a: BIG MEATY CLAWS|Crabhammer|p1a: Tapu Koko\n|-crit|p1a: Tapu Koko\n|-damage|p1a: Tapu Koko|0 fnt\n|faint|p1a: Tapu Koko\n|-damage|p2a: BIG MEATY CLAWS|27\/100|[from] item: Life Orb\n|\n|upkeep\n|\n|t:|1699637557\n|switch|p1a: Urshifu|Urshifu-Rapid-Strike, F|82\/100\n|turn|9\n|\n|t:|1699637562\n|move|p2a: BIG MEATY CLAWS|Aqua Jet|p1a: Urshifu\n|-resisted|p1a: Urshifu\n|-damage|p1a: Urshifu|64\/100\n|-damage|p2a: BIG MEATY CLAWS|18\/100|[from] item: Life Orb\n|move|p1a: Urshifu|U-turn|p2a: BIG MEATY CLAWS\n|-supereffective|p2a: BIG MEATY CLAWS\n|-damage|p2a: BIG MEATY CLAWS|0 fnt\n|faint|p2a: BIG MEATY CLAWS\n|\n|t:|1699637572\n|switch|p1a: Gliscor|Gliscor, F|45\/100 tox|[from] U-turn\n|\n|-heal|p1a: Gliscor|58\/100 tox|[from] ability: Poison Heal\n|upkeep\n|\n|t:|1699637575\n|switch|p2a: David|Cramorant, M, shiny|100\/100\n|turn|10\n|\n|t:|1699637587\n|switch|p1a: Volcarona|Volcarona, M|18\/100\n|move|p2a: David|Ice Beam|p1a: Volcarona\n|-resisted|p1a: Volcarona\n|-crit|p1a: Volcarona\n|-damage|p1a: Volcarona|2\/100\n|\n|upkeep\n|turn|11\n|\n|t:|1699637593\n|move|p1a: Volcarona|Roost|p1a: Volcarona\n|-heal|p1a: Volcarona|52\/100\n|-singleturn|p1a: Volcarona|move: Roost\n|move|p2a: David|Surf|p1a: Volcarona\n|-formechange|p2a: David|Cramorant-Gulping|\n|-supereffective|p1a: Volcarona\n|-damage|p1a: Volcarona|0 fnt\n|faint|p1a: Volcarona\n|\n|upkeep\n|\n|t:|1699637603\n|switch|p1a: Urshifu|Urshifu-Rapid-Strike, F|64\/100\n|turn|12\n|\n|t:|1699637612\n|-terastallize|p1a: Urshifu|Water\n|move|p1a: Urshifu|Surging Strikes|p2a: David\n|-resisted|p2a: David\n|-crit|p2a: David\n|-damage|p2a: David|74\/100\n|-damage|p1a: Urshifu|39\/100|[from] ability: Gulp Missile|[of] p2a: David\n|-unboost|p1a: Urshifu|def|1\n|-formechange|p2a: David|Cramorant|\n|-resisted|p2a: David\n|-crit|p2a: David\n|-damage|p2a: David|47\/100\n|-resisted|p2a: David\n|-crit|p2a: David\n|-damage|p2a: David|22\/100\n|-hitcount|p2a: David|3\n|move|p2a: David|Surf|p1a: Urshifu\n|-formechange|p2a: David|Cramorant-Gorging|\n|-resisted|p1a: Urshifu\n|-damage|p1a: Urshifu|9\/100\n|\n|-fieldend|move: Electric Terrain\n|upkeep\n|turn|13\n|\n|t:|1699637628\n|move|p1a: Urshifu|Surging Strikes|p2a: David\n|-resisted|p2a: David\n|-crit|p2a: David\n|-damage|p2a: David|0 fnt\n|-damage|p1a: Urshifu|0 fnt|[from] ability: Gulp Missile|[of] p2a: David\n|-formechange|p2a: David|Cramorant|\n|faint|p2a: David\n|faint|p1a: Urshifu\n|-hitcount|p2: David|1\n|\n|upkeep\n|\n|t:|1699637636\n|switch|p1a: Gliscor|Gliscor, F|58\/100 tox\n|switch|p2a: He's adopted|Maushold|100\/100\n|turn|14\n|\n|t:|1699637641\n|-terastallize|p2a: He's adopted|Normal\n|move|p2a: He's adopted|Population Bomb|p1a: Gliscor\n|-damage|p1a: Gliscor|49\/100 tox\n|-damage|p1a: Gliscor|40\/100 tox\n|-damage|p1a: Gliscor|31\/100 tox\n|-damage|p1a: Gliscor|22\/100 tox\n|-damage|p1a: Gliscor|13\/100 tox\n|-damage|p1a: Gliscor|3\/100 tox\n|-damage|p1a: Gliscor|0 fnt\n|faint|p1a: Gliscor\n|-hitcount|p1: Gliscor|7\n|\n|win|toptargo\n|raw|benzeboss's rating: 1313 &rarr; <strong>1289<\/strong><br \/>(-24 for losing)\n|raw|toptargo's rating: 1238 &rarr; <strong>1268<\/strong><br \/>(+30 for winning)\n|l|\u2606benzeboss\n","uploadtime":1699637664,"views":5,"p1id":"benzeboss","p2id":"toptargo","formatid":"gen9nationaldex","rating":1268,"private":0,"password":""}