{"id":"gen9nationaldex-1995969440","p1":"LNewsom88","p2":"h0t water","format":"[Gen 9] National Dex","log":"|html|<div class=\"broadcast-blue\"><strong>[Gen 9] National Dex is currently suspecting Sneasler! For information on how to participate check out the <a href=\"https:\/\/www.smogon.com\/forums\/threads\/sv-national-dex-suspect-8-just-dance.3731534\/\">suspect thread<\/a>.<\/strong><\/div>\n|j|\u2606LNewsom88\n|j|\u2606h0t water\n|t:|1700623426\n|gametype|singles\n|player|p1|LNewsom88|dawn|1143\n|player|p2|h0t water|2|1189\n|teamsize|p1|6\n|teamsize|p2|6\n|gen|9\n|tier|[Gen 9] National Dex\n|rated|\n|rule|HP Percentage Mod: HP is shown in percentages\n|rule|Endless Battle Clause: Forcing endless battles is banned\n|rule|OHKO Clause: OHKO moves are banned\n|rule|Evasion Clause: Evasion abilities, items, and moves are banned\n|rule|Evasion Abilities Clause: Evasion abilities are banned\n|rule|Evasion Items Clause: Evasion items are banned\n|rule|Evasion Moves Clause: Evasion moves are banned\n|rule|Species Clause: Limit one of each Pok\u00e9mon\n|rule|Sleep Clause Mod: Limit one foe put to sleep\n|clearpoke\n|poke|p1|Ferrothorn, F|\n|poke|p1|Nidoqueen, F|\n|poke|p1|Zeraora|\n|poke|p1|Salamence, F|\n|poke|p1|Sharpedo, M|\n|poke|p1|Alakazam, F|\n|poke|p2|Iron Valiant|\n|poke|p2|Ribombee, M|\n|poke|p2|Uxie|\n|poke|p2|Blaziken, M|\n|poke|p2|Inteleon, M|\n|poke|p2|Haxorus, M|\n|teampreview\n|inactive|Battle timer is ON: inactive players will automatically lose when time's up. (requested by h0t water)\n|\n|t:|1700623435\n|start\n|switch|p1a: Ferrothorn|Ferrothorn, F|100\/100\n|switch|p2a: Ribombee|Ribombee, M|100\/100\n|turn|1\n|\n|t:|1700623442\n|move|p2a: Ribombee|Sticky Web|p1a: Ferrothorn\n|-sidestart|p1: LNewsom88|move: Sticky Web\n|move|p1a: Ferrothorn|Stealth Rock|p2a: Ribombee\n|-sidestart|p2: h0t water|move: Stealth Rock\n|\n|upkeep\n|turn|2\n|\n|t:|1700623446\n|move|p2a: Ribombee|Stun Spore|p1a: Ferrothorn\n|-immune|p1a: Ferrothorn\n|move|p1a: Ferrothorn|Toxic|p2a: Ribombee\n|-status|p2a: Ribombee|tox\n|\n|-damage|p2a: Ribombee|94\/100 tox|[from] psn\n|upkeep\n|turn|3\n|\n|t:|1700623455\n|move|p2a: Ribombee|Bug Buzz|p1a: Ferrothorn\n|-damage|p1a: Ferrothorn|66\/100\n|move|p1a: Ferrothorn|Gyro Ball|p2a: Ribombee\n|-supereffective|p2a: Ribombee\n|-damage|p2a: Ribombee|0 fnt\n|faint|p2a: Ribombee\n|\n|-heal|p1a: Ferrothorn|72\/100|[from] item: Leftovers\n|upkeep\n|\n|t:|1700623460\n|switch|p2a: Uxie|Uxie|100\/100\n|-damage|p2a: Uxie|88\/100|[from] Stealth Rock\n|turn|4\n|\n|t:|1700623465\n|move|p2a: Uxie|Trick|p1a: Ferrothorn\n|-activate|p2a: Uxie|move: Trick|[of] p1a: Ferrothorn\n|-item|p1a: Ferrothorn|Choice Scarf|[from] move: Trick\n|-item|p2a: Uxie|Leftovers|[from] move: Trick\n|move|p1a: Ferrothorn|Gyro Ball|p2a: Uxie\n|-damage|p2a: Uxie|55\/100\n|\n|-heal|p2a: Uxie|61\/100|[from] item: Leftovers\n|upkeep\n|turn|5\n|\n|t:|1700623473\n|move|p2a: Uxie|Stealth Rock|p1a: Ferrothorn\n|-sidestart|p1: LNewsom88|move: Stealth Rock\n|move|p1a: Ferrothorn|Gyro Ball|p2a: Uxie\n|-damage|p2a: Uxie|27\/100\n|\n|-heal|p2a: Uxie|33\/100|[from] item: Leftovers\n|upkeep\n|turn|6\n|\n|t:|1700623479\n|move|p2a: Uxie|Memento|p1a: Ferrothorn\n|-unboost|p1a: Ferrothorn|atk|2\n|-unboost|p1a: Ferrothorn|spa|2\n|faint|p2a: Uxie\n|move|p1a: Ferrothorn|Gyro Ball|p2: Uxie|[notarget]\n|-fail|p1a: Ferrothorn\n|\n|upkeep\n|\n|t:|1700623491\n|switch|p2a: Inteleon|Inteleon, M|100\/100\n|-damage|p2a: Inteleon|88\/100|[from] Stealth Rock\n|turn|7\n|\n|t:|1700623494\n|move|p2a: Inteleon|Focus Energy|p2a: Inteleon\n|-start|p2a: Inteleon|move: Focus Energy\n|move|p1a: Ferrothorn|Gyro Ball|p2a: Inteleon\n|-resisted|p2a: Inteleon\n|-damage|p2a: Inteleon|69\/100\n|\n|upkeep\n|turn|8\n|\n|t:|1700623500\n|move|p2a: Inteleon|Ice Beam|p1a: Ferrothorn\n|-crit|p1a: Ferrothorn\n|-damage|p1a: Ferrothorn|17\/100\n|move|p1a: Ferrothorn|Gyro Ball|p2a: Inteleon\n|-resisted|p2a: Inteleon\n|-damage|p2a: Inteleon|49\/100\n|\n|upkeep\n|turn|9\n|\n|t:|1700623506\n|move|p2a: Inteleon|Ice Beam|p1a: Ferrothorn\n|-crit|p1a: Ferrothorn\n|-damage|p1a: Ferrothorn|0 fnt\n|faint|p1a: Ferrothorn\n|\n|upkeep\n|\n|t:|1700623517\n|switch|p1a: Alakazam|Alakazam, F|100\/100\n|-activate|p1a: Alakazam|move: Sticky Web\n|-unboost|p1a: Alakazam|spe|1\n|turn|10\n|\n|t:|1700623522\n|move|p2a: Inteleon|Snipe Shot|p1a: Alakazam\n|-crit|p1a: Alakazam\n|-enditem|p1a: Alakazam|Focus Sash\n|-damage|p1a: Alakazam|1\/100\n|move|p1a: Alakazam|Thunder Wave|p2a: Inteleon\n|-status|p2a: Inteleon|par\n|\n|upkeep\n|turn|11\n|\n|t:|1700623531\n|move|p1a: Alakazam|Psyshock|p2a: Inteleon\n|-damage|p2a: Inteleon|0 fnt\n|faint|p2a: Inteleon\n|\n|upkeep\n|\n|t:|1700623535\n|switch|p2a: Iron Valiant|Iron Valiant|100\/100\n|-damage|p2a: Iron Valiant|94\/100|[from] Stealth Rock\n|-enditem|p2a: Iron Valiant|Booster Energy\n|-activate|p2a: Iron Valiant|ability: Quark Drive|[fromitem]\n|-start|p2a: Iron Valiant|quarkdrivespe\n|turn|12\n|\n|t:|1700623544\n|move|p2a: Iron Valiant|Knock Off|p1a: Alakazam\n|-supereffective|p1a: Alakazam\n|-crit|p1a: Alakazam\n|-damage|p1a: Alakazam|0 fnt\n|faint|p1a: Alakazam\n|\n|upkeep\n|\n|t:|1700623551\n|switch|p1a: Zeraora|Zeraora|100\/100\n|turn|13\n|\n|t:|1700623558\n|move|p2a: Iron Valiant|Swords Dance|p2a: Iron Valiant\n|-boost|p2a: Iron Valiant|atk|2\n|move|p1a: Zeraora|Toxic|p2a: Iron Valiant\n|-status|p2a: Iron Valiant|tox\n|\n|-damage|p2a: Iron Valiant|88\/100 tox|[from] psn\n|upkeep\n|turn|14\n|\n|t:|1700623565\n|move|p2a: Iron Valiant|Close Combat|p1a: Zeraora\n|-damage|p1a: Zeraora|0 fnt\n|-unboost|p2a: Iron Valiant|def|1\n|-unboost|p2a: Iron Valiant|spd|1\n|faint|p1a: Zeraora\n|\n|-damage|p2a: Iron Valiant|76\/100 tox|[from] psn\n|upkeep\n|\n|t:|1700623572\n|switch|p1a: Sharpedo|Sharpedo, M|100\/100\n|-activate|p1a: Sharpedo|move: Sticky Web\n|-unboost|p1a: Sharpedo|spe|1\n|-damage|p1a: Sharpedo|88\/100|[from] Stealth Rock\n|turn|15\n|\n|t:|1700623577\n|move|p1a: Sharpedo|Protect|p1a: Sharpedo\n|-singleturn|p1a: Sharpedo|Protect\n|move|p2a: Iron Valiant|Close Combat|p1a: Sharpedo\n|-activate|p1a: Sharpedo|move: Protect\n|\n|-damage|p2a: Iron Valiant|57\/100 tox|[from] psn\n|-ability|p1a: Sharpedo|Speed Boost|boost\n|-boost|p1a: Sharpedo|spe|1\n|upkeep\n|turn|16\n|\n|t:|1700623598\n|detailschange|p1a: Sharpedo|Sharpedo-Mega, M\n|-mega|p1a: Sharpedo|Sharpedo|Sharpedonite\n|move|p2a: Iron Valiant|Close Combat|p1a: Sharpedo\n|-supereffective|p1a: Sharpedo\n|-damage|p1a: Sharpedo|0 fnt\n|-unboost|p2a: Iron Valiant|def|1\n|-unboost|p2a: Iron Valiant|spd|1\n|faint|p1a: Sharpedo\n|\n|-damage|p2a: Iron Valiant|32\/100 tox|[from] psn\n|upkeep\n|\n|t:|1700623607\n|switch|p1a: Nidoqueen|Nidoqueen, F|100\/100\n|-activate|p1a: Nidoqueen|move: Sticky Web\n|-unboost|p1a: Nidoqueen|spe|1\n|-damage|p1a: Nidoqueen|94\/100|[from] Stealth Rock\n|turn|17\n|\n|t:|1700623613\n|move|p2a: Iron Valiant|Psycho Cut|p1a: Nidoqueen\n|-supereffective|p1a: Nidoqueen\n|-damage|p1a: Nidoqueen|0 fnt\n|faint|p1a: Nidoqueen\n|\n|-damage|p2a: Iron Valiant|1\/100 tox|[from] psn\n|upkeep\n|\n|t:|1700623619\n|switch|p1a: Salamence|Salamence, F|100\/100\n|turn|18\n|\n|t:|1700623633\n|move|p2a: Iron Valiant|Knock Off|p1a: Salamence\n|-damage|p1a: Salamence|12\/100\n|-enditem|p1a: Salamence|Heavy-Duty Boots|[from] move: Knock Off|[of] p2a: Iron Valiant\n|move|p1a: Salamence|Dual Wingbeat|p2a: Iron Valiant\n|-supereffective|p2a: Iron Valiant\n|-damage|p2a: Iron Valiant|0 fnt\n|faint|p2a: Iron Valiant\n|-end|p2a: Iron Valiant|Quark Drive|[silent]\n|-ability|p1a: Salamence|Moxie|boost\n|-boost|p1a: Salamence|atk|1\n|-hitcount|p2: Iron Valiant|1\n|\n|upkeep\n|\n|t:|1700623638\n|switch|p2a: Blaziken|Blaziken, M|100\/100\n|-damage|p2a: Blaziken|88\/100|[from] Stealth Rock\n|turn|19\n|\n|t:|1700623657\n|move|p2a: Blaziken|Protect|p2a: Blaziken\n|-singleturn|p2a: Blaziken|Protect\n|move|p1a: Salamence|Earthquake|p2a: Blaziken\n|-activate|p2a: Blaziken|move: Protect\n|\n|-ability|p2a: Blaziken|Speed Boost|boost\n|-boost|p2a: Blaziken|spe|1\n|upkeep\n|turn|20\n|\n|t:|1700623664\n|move|p2a: Blaziken|Close Combat|p1a: Salamence\n|-resisted|p1a: Salamence\n|-damage|p1a: Salamence|0 fnt\n|-unboost|p2a: Blaziken|def|1\n|-unboost|p2a: Blaziken|spd|1\n|faint|p1a: Salamence\n|\n|win|h0t water\n|raw|LNewsom88's rating: 1143 &rarr; <strong>1121<\/strong><br \/>(-22 for losing)\n|raw|h0t water's rating: 1189 &rarr; <strong>1211<\/strong><br \/>(+22 for winning)\n|l|\u2606LNewsom88\n","uploadtime":1700623676,"views":8,"p1id":"lnewsom88","p2id":"h0twater","formatid":"gen9nationaldex","rating":1121,"private":0,"password":""}