{"id":"gen9nationaldex-1991700640","p1":"Lu Lu Zhu","p2":"Toryyy","format":"[Gen 9] National Dex","log":"|j|\u2606Lu Lu Zhu\n|j|\u203dToryyy\n|t:|1700104276\n|gametype|singles\n|player|p1|Lu Lu Zhu|elesa|1682\n|player|p2|Toryyy|265|1741\n|teamsize|p1|6\n|teamsize|p2|6\n|gen|9\n|tier|[Gen 9] National Dex\n|rated|\n|rule|HP Percentage Mod: HP is shown in percentages\n|rule|Endless Battle Clause: Forcing endless battles is banned\n|rule|OHKO Clause: OHKO moves are banned\n|rule|Evasion Clause: Evasion abilities, items, and moves are banned\n|rule|Evasion Abilities Clause: Evasion abilities are banned\n|rule|Evasion Items Clause: Evasion items are banned\n|rule|Evasion Moves Clause: Evasion moves are banned\n|rule|Species Clause: Limit one of each Pok\u00e9mon\n|rule|Sleep Clause Mod: Limit one foe put to sleep\n|clearpoke\n|poke|p1|Scizor, M|\n|poke|p1|Iron Valiant|\n|poke|p1|Sneasler, M|\n|poke|p1|Ceruledge, M|\n|poke|p1|Gliscor, M|\n|poke|p1|Tapu Koko|\n|poke|p2|Banette, F|\n|poke|p2|Tapu Lele|\n|poke|p2|Ogerpon, F|\n|poke|p2|Alomomola, M|\n|poke|p2|Great Tusk|\n|poke|p2|Heatran, M|\n|teampreview\n|inactive|Battle timer is ON: inactive players will automatically lose when time's up. (requested by Lu Lu Zhu)\n|j| xuxiansheng\n|\n|t:|1700104284\n|start\n|switch|p1a: Tapu Koko|Tapu Koko|100\/100\n|switch|p2a: Heatran|Heatran, M|100\/100\n|-fieldstart|move: Electric Terrain|[from] ability: Electric Surge|[of] p1a: Tapu Koko\n|turn|1\n|\n|t:|1700104287\n|switch|p2a: Great Tusk|Great Tusk|100\/100\n|move|p1a: Tapu Koko|Volt Switch|p2a: Great Tusk\n|-immune|p2a: Great Tusk\n|\n|upkeep\n|turn|2\n|\n|t:|1700104293\n|switch|p1a: Scizor|Scizor, M|100\/100\n|move|p2a: Great Tusk|Stealth Rock|p1a: Scizor\n|-sidestart|p1: Lu Lu Zhu|move: Stealth Rock\n|\n|upkeep\n|turn|3\n|\n|t:|1700104300\n|-end|p2a: Great Tusk|Protosynthesis|[silent]\n|switch|p2a: Heatran|Heatran, M|100\/100\n|detailschange|p1a: Scizor|Scizor-Mega, M\n|-mega|p1a: Scizor|Scizor|Scizorite\n|move|p1a: Scizor|U-turn|p2a: Heatran\n|-resisted|p2a: Heatran\n|-damage|p2a: Heatran|92\/100\n|\n|t:|1700104304\n|switch|p1a: Gliscor|Gliscor, M|100\/100|[from] U-turn\n|-damage|p1a: Gliscor|88\/100|[from] Stealth Rock\n|\n|-status|p1a: Gliscor|tox|[from] item: Toxic Orb\n|upkeep\n|turn|4\n|\n|t:|1700104308\n|move|p2a: Heatran|Magma Storm|p1a: Gliscor\n|-damage|p1a: Gliscor|35\/100 tox\n|-activate|p1a: Gliscor|move: Magma Storm|[of] p2a: Heatran\n|move|p1a: Gliscor|Defog|p2a: Heatran\n|-unboost|p2a: Heatran|evasion|1\n|-sideend|p1: Lu Lu Zhu|Stealth Rock|[from] move: Defog|[of] p1a: Gliscor\n|-fieldend|move: Electric Terrain\n|\n|-heal|p1a: Gliscor|48\/100 tox|[from] ability: Poison Heal\n|-damage|p1a: Gliscor|35\/100 tox|[from] move: Magma Storm|[partiallytrapped]\n|upkeep\n|turn|5\n|\n|t:|1700104316\n|move|p2a: Heatran|Magma Storm|p1a: Gliscor\n|-damage|p1a: Gliscor|0 fnt\n|faint|p1a: Gliscor\n|\n|upkeep\n|inactive|Lu Lu Zhu has 120 seconds left.\n|\n|t:|1700104353\n|switch|p1a: Sneasler|Sneasler, M|100\/100\n|turn|6\n|\n|t:|1700104362\n|switch|p2a: Great Tusk|Great Tusk|100\/100\n|move|p1a: Sneasler|Close Combat|p2a: Great Tusk\n|-damage|p2a: Great Tusk|69\/100\n|-unboost|p1a: Sneasler|def|1\n|-unboost|p1a: Sneasler|spd|1\n|\n|-heal|p2a: Great Tusk|75\/100|[from] item: Leftovers\n|upkeep\n|turn|7\n|\n|t:|1700104367\n|switch|p1a: Scizor|Scizor-Mega, M|100\/100\n|move|p2a: Great Tusk|Body Press|p1a: Scizor\n|-damage|p1a: Scizor|70\/100\n|\n|-heal|p2a: Great Tusk|82\/100|[from] item: Leftovers\n|upkeep\n|turn|8\n|\n|t:|1700104372\n|move|p2a: Great Tusk|Stealth Rock|p1a: Scizor\n|-sidestart|p1: Lu Lu Zhu|move: Stealth Rock\n|move|p1a: Scizor|U-turn|p2a: Great Tusk\n|-resisted|p2a: Great Tusk\n|-damage|p2a: Great Tusk|74\/100\n|\n|t:|1700104378\n|switch|p1a: Iron Valiant|Iron Valiant|100\/100|[from] U-turn\n|-damage|p1a: Iron Valiant|94\/100|[from] Stealth Rock\n|\n|-heal|p2a: Great Tusk|80\/100|[from] item: Leftovers\n|upkeep\n|turn|9\n|\n|t:|1700104385\n|-end|p2a: Great Tusk|Protosynthesis|[silent]\n|switch|p2a: Heatran|Heatran, M|92\/100\n|move|p1a: Iron Valiant|Aura Sphere|p2a: Heatran\n|-supereffective|p2a: Heatran\n|-damage|p2a: Heatran|0 fnt\n|faint|p2a: Heatran\n|\n|upkeep\n|\n|t:|1700104389\n|switch|p2a: Tapu Lele|Tapu Lele|100\/100\n|-fieldstart|move: Psychic Terrain|[from] ability: Psychic Surge|[of] p2a: Tapu Lele\n|turn|10\n|\n|t:|1700104398\n|-end|p1a: Iron Valiant|Quark Drive|[silent]\n|switch|p1a: Scizor|Scizor-Mega, M|70\/100\n|-damage|p1a: Scizor|58\/100|[from] Stealth Rock\n|move|p2a: Tapu Lele|Psychic|p1a: Scizor\n|-resisted|p1a: Scizor\n|-damage|p1a: Scizor|17\/100\n|\n|upkeep\n|turn|11\n|\n|t:|1700104405\n|move|p2a: Tapu Lele|Psychic|p1a: Scizor\n|-resisted|p1a: Scizor\n|-damage|p1a: Scizor|0 fnt\n|faint|p1a: Scizor\n|\n|upkeep\n|\n|t:|1700104408\n|switch|p1a: Tapu Koko|Tapu Koko|100\/100\n|-damage|p1a: Tapu Koko|88\/100|[from] Stealth Rock\n|-fieldstart|move: Electric Terrain|[from] ability: Electric Surge|[of] p1a: Tapu Koko\n|turn|12\n|\n|t:|1700104414\n|move|p1a: Tapu Koko|Dazzling Gleam|p2a: Tapu Lele\n|-damage|p2a: Tapu Lele|47\/100\n|move|p2a: Tapu Lele|Psychic|p1a: Tapu Koko\n|-damage|p1a: Tapu Koko|0 fnt\n|faint|p1a: Tapu Koko\n|\n|upkeep\n|\n|t:|1700104425\n|switch|p1a: Iron Valiant|Iron Valiant|94\/100\n|-damage|p1a: Iron Valiant|88\/100|[from] Stealth Rock\n|-activate|p1a: Iron Valiant|ability: Quark Drive\n|-start|p1a: Iron Valiant|quarkdrivespe\n|turn|13\n|\n|t:|1700104434\n|switch|p2a: Great Tusk|Great Tusk|80\/100\n|move|p1a: Iron Valiant|Moonblast|p2a: Great Tusk\n|-supereffective|p2a: Great Tusk\n|-damage|p2a: Great Tusk|0 fnt\n|faint|p2a: Great Tusk\n|-end|p2a: Great Tusk|Protosynthesis|[silent]\n|\n|upkeep\n|\n|t:|1700104448\n|switch|p2a: Ogerpon|Ogerpon, F|100\/100\n|turn|14\n|j| YJLF\n|\n|t:|1700104453\n|move|p1a: Iron Valiant|Moonblast|p2a: Ogerpon\n|-damage|p2a: Ogerpon|17\/100\n|move|p2a: Ogerpon|Ivy Cudgel|p1a: Iron Valiant\n|-damage|p1a: Iron Valiant|25\/100\n|\n|upkeep\n|turn|15\n|\n|t:|1700104462\n|move|p1a: Iron Valiant|Moonblast|p2a: Ogerpon\n|-damage|p2a: Ogerpon|0 fnt\n|faint|p2a: Ogerpon\n|\n|upkeep\n|\n|t:|1700104468\n|switch|p2a: Alomomola|Alomomola, M|100\/100\n|turn|16\n|\n|t:|1700104474\n|-terastallize|p1a: Iron Valiant|Fairy\n|move|p2a: Alomomola|Protect|p2a: Alomomola\n|-singleturn|p2a: Alomomola|Protect\n|move|p1a: Iron Valiant|Moonblast|p2a: Alomomola\n|-activate|p2a: Alomomola|move: Protect\n|\n|-fieldend|move: Electric Terrain\n|-end|p1a: Iron Valiant|Quark Drive\n|upkeep\n|turn|17\n|j| kun_power_\u9e21\u54e5\n|\n|t:|1700104478\n|move|p1a: Iron Valiant|Moonblast|p2a: Alomomola\n|-damage|p2a: Alomomola|0 fnt\n|faint|p2a: Alomomola\n|\n|upkeep\n|\n|t:|1700104483\n|switch|p2a: Banette|Banette, F|100\/100\n|-item|p1a: Iron Valiant|Choice Specs|[from] ability: Frisk|[of] p2a: Banette|[identify]\n|turn|18\n|\n|t:|1700104487\n|detailschange|p2a: Banette|Banette-Mega, F\n|-mega|p2a: Banette|Banette|Banettite\n|move|p1a: Iron Valiant|Moonblast|p2a: Banette\n|-damage|p2a: Banette|0 fnt\n|faint|p2a: Banette\n|\n|upkeep\n|\n|t:|1700104489\n|switch|p2a: Tapu Lele|Tapu Lele|47\/100\n|-fieldstart|move: Psychic Terrain|[from] ability: Psychic Surge|[of] p2a: Tapu Lele\n|turn|19\n|\n|t:|1700104493\n|move|p1a: Iron Valiant|Moonblast|p2a: Tapu Lele\n|-damage|p2a: Tapu Lele|0 fnt\n|faint|p2a: Tapu Lele\n|\n|win|Lu Lu Zhu\n|raw|Lu Lu Zhu's rating: 1682 &rarr; <strong>1705<\/strong><br \/>(+23 for winning)\n|raw|Toryyy's rating: 1741 &rarr; <strong>1718<\/strong><br \/>(-23 for losing)\n","uploadtime":1700104497,"views":7,"p1id":"luluzhu","p2id":"toryyy","formatid":"gen9nationaldex","rating":1705,"private":0,"password":""}