{"id":"gen9nationaldex-1996918869","p1":"bganz05","p2":"DR4N","format":"[Gen 9] National Dex","log":"|html|<div class=\"broadcast-blue\"><strong>[Gen 9] National Dex is currently suspecting Sneasler! For information on how to participate check out the <a href=\"https:\/\/www.smogon.com\/forums\/threads\/sv-national-dex-suspect-8-just-dance.3731534\/\">suspect thread<\/a>.<\/strong><\/div>\n|j|\u2606bganz05\n|j|\u2606DR4N\n|t:|1700744772\n|gametype|singles\n|player|p1|bganz05|unknown|1028\n|player|p2|DR4N|lucas-gen4pt|1046\n|teamsize|p1|6\n|teamsize|p2|6\n|gen|9\n|tier|[Gen 9] National Dex\n|rated|\n|rule|HP Percentage Mod: HP is shown in percentages\n|rule|Endless Battle Clause: Forcing endless battles is banned\n|rule|OHKO Clause: OHKO moves are banned\n|rule|Evasion Clause: Evasion abilities, items, and moves are banned\n|rule|Evasion Abilities Clause: Evasion abilities are banned\n|rule|Evasion Items Clause: Evasion items are banned\n|rule|Evasion Moves Clause: Evasion moves are banned\n|rule|Species Clause: Limit one of each Pok\u00e9mon\n|rule|Sleep Clause Mod: Limit one foe put to sleep\n|clearpoke\n|poke|p1|Runerigus, M|\n|poke|p1|Mandibuzz, F|\n|poke|p1|Banette, F|\n|poke|p1|Yanmega, M|\n|poke|p1|Delcatty, F|\n|poke|p1|Dragonite, F|\n|poke|p2|Umbreon, M|\n|poke|p2|Lycanroc-Dusk, M|\n|poke|p2|Pawmot, F|\n|poke|p2|Clodsire, M|\n|poke|p2|Gogoat, M|\n|poke|p2|Arcanine, M|\n|teampreview\n|\n|t:|1700744784\n|start\n|switch|p1a: Belial \u2620\ufe0f|Banette, F|100\/100\n|switch|p2a: Bobby|Clodsire, M, shiny|100\/100\n|turn|1\n|\n|t:|1700744793\n|detailschange|p1a: Belial \u2620\ufe0f|Banette-Mega, F\n|-mega|p1a: Belial \u2620\ufe0f|Banette|Banettite\n|move|p1a: Belial \u2620\ufe0f|Swords Dance|p1a: Belial \u2620\ufe0f\n|-boost|p1a: Belial \u2620\ufe0f|atk|2\n|move|p2a: Bobby|Toxic Spikes|p1a: Belial \u2620\ufe0f\n|-sidestart|p1: bganz05|move: Toxic Spikes\n|\n|upkeep\n|turn|2\n|\n|t:|1700744807\n|move|p1a: Belial \u2620\ufe0f|Swords Dance|p1a: Belial \u2620\ufe0f\n|-boost|p1a: Belial \u2620\ufe0f|atk|2\n|move|p2a: Bobby|Stealth Rock|p1a: Belial \u2620\ufe0f\n|-sidestart|p1: bganz05|move: Stealth Rock\n|\n|upkeep\n|turn|3\n|\n|t:|1700744812\n|move|p1a: Belial \u2620\ufe0f|Swords Dance|p1a: Belial \u2620\ufe0f\n|-boost|p1a: Belial \u2620\ufe0f|atk|2\n|move|p2a: Bobby|Toxic Spikes|p1a: Belial \u2620\ufe0f\n|-sidestart|p1: bganz05|move: Toxic Spikes\n|\n|upkeep\n|turn|4\n|\n|t:|1700744819\n|move|p1a: Belial \u2620\ufe0f|Shadow Claw|p2a: Bobby\n|-damage|p2a: Bobby|49\/100\n|move|p2a: Bobby|Earthquake|p1a: Belial \u2620\ufe0f\n|-damage|p1a: Belial \u2620\ufe0f|59\/100\n|\n|-heal|p2a: Bobby|55\/100|[from] item: Leftovers\n|upkeep\n|turn|5\n|\n|t:|1700744829\n|move|p1a: Belial \u2620\ufe0f|Shadow Claw|p2a: Bobby\n|-damage|p2a: Bobby|2\/100\n|move|p2a: Bobby|Recover|p2a: Bobby\n|-heal|p2a: Bobby|52\/100\n|\n|-heal|p2a: Bobby|59\/100|[from] item: Leftovers\n|upkeep\n|turn|6\n|\n|t:|1700744840\n|move|p1a: Belial \u2620\ufe0f|Destiny Bond|p1a: Belial \u2620\ufe0f\n|-singlemove|p1a: Belial \u2620\ufe0f|Destiny Bond\n|move|p2a: Bobby|Recover|p2a: Bobby\n|-heal|p2a: Bobby|100\/100\n|\n|upkeep\n|turn|7\n|\n|t:|1700744848\n|move|p1a: Belial \u2620\ufe0f|Shadow Claw|p2a: Bobby\n|-damage|p2a: Bobby|43\/100\n|move|p2a: Bobby|Earthquake|p1a: Belial \u2620\ufe0f\n|-damage|p1a: Belial \u2620\ufe0f|12\/100\n|\n|-heal|p2a: Bobby|50\/100|[from] item: Leftovers\n|upkeep\n|turn|8\n|\n|t:|1700744861\n|switch|p2a: Hilal|Umbreon, M, shiny|100\/100\n|move|p1a: Belial \u2620\ufe0f|Shadow Claw|p2a: Hilal\n|-resisted|p2a: Hilal\n|-damage|p2a: Hilal|49\/100\n|\n|upkeep\n|turn|9\n|\n|t:|1700744870\n|move|p2a: Hilal|Protect|p2a: Hilal\n|-singleturn|p2a: Hilal|Protect\n|move|p1a: Belial \u2620\ufe0f|Destiny Bond|p1a: Belial \u2620\ufe0f\n|-singlemove|p1a: Belial \u2620\ufe0f|Destiny Bond\n|\n|upkeep\n|turn|10\n|\n|t:|1700744884\n|move|p1a: Belial \u2620\ufe0f|Shadow Claw|p2a: Hilal\n|-resisted|p2a: Hilal\n|-damage|p2a: Hilal|0 fnt\n|faint|p2a: Hilal\n|\n|upkeep\n|\n|t:|1700744895\n|switch|p2a: Mick|Arcanine, M, shiny|100\/100\n|turn|11\n|\n|t:|1700744909\n|-terastallize|p2a: Mick|Normal\n|move|p1a: Belial \u2620\ufe0f|Destiny Bond|p1a: Belial \u2620\ufe0f\n|-singlemove|p1a: Belial \u2620\ufe0f|Destiny Bond\n|move|p2a: Mick|Hyper Voice|p1a: Belial \u2620\ufe0f\n|-immune|p1a: Belial \u2620\ufe0f\n|\n|upkeep\n|turn|12\n|\n|t:|1700744929\n|move|p2a: Mick|Hyper Voice|p1a: Belial \u2620\ufe0f\n|-immune|p1a: Belial \u2620\ufe0f\n|move|p1a: Belial \u2620\ufe0f|Shadow Claw|p2a: Mick\n|-immune|p2a: Mick\n|\n|upkeep\n|turn|13\n|\n|t:|1700744936\n|move|p1a: Belial \u2620\ufe0f|Destiny Bond|p1a: Belial \u2620\ufe0f\n|-singlemove|p1a: Belial \u2620\ufe0f|Destiny Bond\n|move|p2a: Mick|Hyper Voice|p1a: Belial \u2620\ufe0f\n|-immune|p1a: Belial \u2620\ufe0f\n|\n|upkeep\n|turn|14\n|\n|t:|1700744951\n|move|p2a: Mick|Hyper Voice|p1a: Belial \u2620\ufe0f\n|-immune|p1a: Belial \u2620\ufe0f\n|move|p1a: Belial \u2620\ufe0f|Shadow Claw|p2a: Mick\n|-immune|p2a: Mick\n|\n|upkeep\n|turn|15\n|\n|t:|1700744958\n|switch|p2a: Billy|Gogoat, M, shiny|100\/100\n|move|p1a: Belial \u2620\ufe0f|Destiny Bond|p1a: Belial \u2620\ufe0f\n|-singlemove|p1a: Belial \u2620\ufe0f|Destiny Bond\n|\n|upkeep\n|turn|16\n|\n|t:|1700744966\n|move|p2a: Billy|Leech Seed|p1a: Belial \u2620\ufe0f\n|-start|p1a: Belial \u2620\ufe0f|move: Leech Seed\n|move|p1a: Belial \u2620\ufe0f|Shadow Claw|p2a: Billy\n|-damage|p2a: Billy|0 fnt\n|-damage|p1a: Belial \u2620\ufe0f|0 fnt|[from] item: Rocky Helmet|[of] p2a: Billy\n|faint|p2a: Billy\n|faint|p1a: Belial \u2620\ufe0f\n|\n|upkeep\n|\n|t:|1700744978\n|switch|p2a: Mallow|Pawmot, F, shiny|100\/100\n|switch|p1a: Behemoth \u2622\ufe0f|Dragonite, F|100\/100\n|-damage|p1a: Behemoth \u2622\ufe0f|76\/100|[from] Stealth Rock\n|turn|17\n|\n|t:|1700744986\n|switch|p1a: Asmodeus \ud83d\ude08|Runerigus, M|100\/100\n|-status|p1a: Asmodeus \ud83d\ude08|tox\n|-damage|p1a: Asmodeus \ud83d\ude08|94\/100 tox|[from] Stealth Rock\n|move|p2a: Mallow|Nuzzle|p1a: Asmodeus \ud83d\ude08\n|-immune|p1a: Asmodeus \ud83d\ude08\n|\n|-damage|p1a: Asmodeus \ud83d\ude08|88\/100 tox|[from] psn\n|upkeep\n|turn|18\n|\n|t:|1700744997\n|move|p2a: Mallow|Revival Blessing|p2a: Mallow\n|\n|t:|1700745000\n|-heal|p2: Hilal|50\/100|[from] move: Revival Blessing\n|move|p1a: Asmodeus \ud83d\ude08|Stealth Rock|p2a: Mallow\n|-sidestart|p2: DR4N|move: Stealth Rock\n|\n|-damage|p1a: Asmodeus \ud83d\ude08|76\/100 tox|[from] psn\n|upkeep\n|turn|19\n|\n|t:|1700745012\n|move|p2a: Mallow|Nuzzle|p1a: Asmodeus \ud83d\ude08\n|-immune|p1a: Asmodeus \ud83d\ude08\n|move|p1a: Asmodeus \ud83d\ude08|Taunt|p2a: Mallow\n|-start|p2a: Mallow|move: Taunt\n|\n|-damage|p1a: Asmodeus \ud83d\ude08|57\/100 tox|[from] psn\n|upkeep\n|turn|20\n|\n|t:|1700745021\n|move|p2a: Mallow|Nuzzle|p1a: Asmodeus \ud83d\ude08\n|-immune|p1a: Asmodeus \ud83d\ude08\n|move|p1a: Asmodeus \ud83d\ude08|Destiny Bond|p1a: Asmodeus \ud83d\ude08\n|-singlemove|p1a: Asmodeus \ud83d\ude08|Destiny Bond\n|\n|-damage|p1a: Asmodeus \ud83d\ude08|32\/100 tox|[from] psn\n|upkeep\n|turn|21\n|\n|t:|1700745030\n|switch|p1a: Behemoth \u2622\ufe0f|Dragonite, F|76\/100\n|-damage|p1a: Behemoth \u2622\ufe0f|51\/100|[from] Stealth Rock\n|move|p2a: Mallow|Nuzzle|p1a: Behemoth \u2622\ufe0f\n|-damage|p1a: Behemoth \u2622\ufe0f|43\/100\n|-status|p1a: Behemoth \u2622\ufe0f|par\n|\n|upkeep\n|turn|22\n|\n|t:|1700745040\n|switch|p1a: Asmodeus \ud83d\ude08|Runerigus, M|32\/100 tox\n|-damage|p1a: Asmodeus \ud83d\ude08|26\/100 tox|[from] Stealth Rock\n|move|p2a: Mallow|Nuzzle|p1a: Asmodeus \ud83d\ude08\n|-immune|p1a: Asmodeus \ud83d\ude08\n|\n|-damage|p1a: Asmodeus \ud83d\ude08|20\/100 tox|[from] psn\n|-end|p2a: Mallow|move: Taunt\n|upkeep\n|turn|23\n|-message|bganz05 forfeited.\n|\n|win|DR4N\n|raw|bganz05's rating: 1028 &rarr; <strong>1015<\/strong><br \/>(-13 for losing)\n|raw|DR4N's rating: 1046 &rarr; <strong>1077<\/strong><br \/>(+31 for winning)\n|l|\u2606bganz05\n","uploadtime":1700745061,"views":0,"p1id":"bganz05","p2id":"dr4n","formatid":"gen9nationaldex","rating":1015,"private":0,"password":""}