{"id":"gen9nationaldex-1996136710","p1":"shfeha","p2":"kidbeate","format":"[Gen 9] National Dex","log":"|html|<div class=\"broadcast-blue\"><strong>[Gen 9] National Dex is currently suspecting Sneasler! For information on how to participate check out the <a href=\"https:\/\/www.smogon.com\/forums\/threads\/sv-national-dex-suspect-8-just-dance.3731534\/\">suspect thread<\/a>.<\/strong><\/div>\n|j|\u2606shfeha\n|j|\u2606kidbeate\n|t:|1700649702\n|gametype|singles\n|player|p1|shfeha|cyclist|1105\n|player|p2|kidbeate|266|1031\n|teamsize|p1|6\n|teamsize|p2|6\n|gen|9\n|tier|[Gen 9] National Dex\n|rated|\n|rule|HP Percentage Mod: HP is shown in percentages\n|rule|Endless Battle Clause: Forcing endless battles is banned\n|rule|OHKO Clause: OHKO moves are banned\n|rule|Evasion Clause: Evasion abilities, items, and moves are banned\n|rule|Evasion Abilities Clause: Evasion abilities are banned\n|rule|Evasion Items Clause: Evasion items are banned\n|rule|Evasion Moves Clause: Evasion moves are banned\n|rule|Species Clause: Limit one of each Pok\u00e9mon\n|rule|Sleep Clause Mod: Limit one foe put to sleep\n|clearpoke\n|poke|p1|Gyarados, F|\n|poke|p1|Sneasler, F|\n|poke|p1|Bisharp, M|\n|poke|p1|Gallade, M|\n|poke|p1|Zapdos|\n|poke|p1|Hatterene, F|\n|poke|p2|Hitmonlee, M|\n|poke|p2|Cinderace, F|\n|poke|p2|Salamence, M|\n|poke|p2|Gallade, M|\n|poke|p2|Venusaur, F|\n|poke|p2|Vaporeon, F|\n|teampreview\n|inactive|Battle timer is ON: inactive players will automatically lose when time's up. (requested by shfeha)\n|\n|t:|1700649707\n|start\n|switch|p1a: Gyarados|Gyarados, F, shiny|100\/100\n|switch|p2a: Cinderace|Cinderace, F|100\/100\n|-ability|p1a: Gyarados|Intimidate|boost\n|-unboost|p2a: Cinderace|atk|1\n|turn|1\n|\n|t:|1700649715\n|move|p2a: Cinderace|Swords Dance|p2a: Cinderace\n|-start|p2a: Cinderace|typechange|Normal|[from] ability: Libero\n|-boost|p2a: Cinderace|atk|2\n|move|p1a: Gyarados|Substitute|p1a: Gyarados\n|-start|p1a: Gyarados|Substitute\n|-damage|p1a: Gyarados|76\/100\n|\n|upkeep\n|turn|2\n|\n|t:|1700649728\n|move|p2a: Cinderace|High Jump Kick|p1a: Gyarados|[miss]\n|-miss|p2a: Cinderace|p1a: Gyarados\n|-damage|p2a: Cinderace|50\/100|[from] highjumpkick\n|move|p1a: Gyarados|Dragon Dance|p1a: Gyarados\n|-boost|p1a: Gyarados|atk|1\n|-boost|p1a: Gyarados|spe|1\n|\n|upkeep\n|turn|3\n|\n|t:|1700649736\n|move|p1a: Gyarados|Waterfall|p2a: Cinderace\n|-damage|p2a: Cinderace|0 fnt\n|faint|p2a: Cinderace\n|\n|upkeep\n|j| atomicbgd\n|\n|t:|1700649745\n|switch|p2a: Salamence|Salamence, M|100\/100\n|turn|4\n|\n|t:|1700649752\n|-terastallize|p2a: Salamence|Steel\n|move|p1a: Gyarados|Ice Fang|p2a: Salamence\n|-resisted|p2a: Salamence\n|-damage|p2a: Salamence|79\/100\n|move|p2a: Salamence|Dual Wingbeat|p1a: Gyarados\n|-end|p1a: Gyarados|Substitute\n|-damage|p1a: Gyarados|46\/100\n|-hitcount|p1a: Gyarados|2\n|\n|upkeep\n|turn|5\n|\n|t:|1700649763\n|detailschange|p1a: Gyarados|Gyarados-Mega, F, shiny\n|-mega|p1a: Gyarados|Gyarados|Gyaradosite\n|-ability|p1a: Gyarados|Mold Breaker\n|move|p1a: Gyarados|Waterfall|p2a: Salamence\n|-damage|p2a: Salamence|0 fnt\n|faint|p2a: Salamence\n|\n|upkeep\n|\n|t:|1700649773\n|switch|p2a: Venusaur|Venusaur, F|100\/100\n|turn|6\n|\n|t:|1700649779\n|move|p1a: Gyarados|Substitute|p1a: Gyarados\n|-start|p1a: Gyarados|Substitute\n|-damage|p1a: Gyarados|22\/100\n|move|p2a: Venusaur|Giga Drain|p1a: Gyarados\n|-supereffective|p1a: Gyarados\n|-end|p1a: Gyarados|Substitute\n|-damage|p2a: Venusaur|91\/100|[from] item: Life Orb\n|\n|upkeep\n|turn|7\n|\n|t:|1700649786\n|move|p1a: Gyarados|Ice Fang|p2a: Venusaur\n|-supereffective|p2a: Venusaur\n|-damage|p2a: Venusaur|0 fnt\n|faint|p2a: Venusaur\n|\n|upkeep\n|\n|t:|1700649796\n|switch|p2a: jackie chan|Hitmonlee, M|100\/100\n|turn|8\n|\n|t:|1700649802\n|move|p2a: jackie chan|Endure|p2a: jackie chan\n|-singleturn|p2a: jackie chan|move: Endure\n|move|p1a: Gyarados|Waterfall|p2a: jackie chan\n|-activate|p2a: jackie chan|move: Endure\n|-damage|p2a: jackie chan|1\/100\n|-enditem|p2a: jackie chan|Liechi Berry|[eat]\n|-boost|p2a: jackie chan|atk|1|[from] item: Liechi Berry\n|\n|upkeep\n|turn|9\n|\n|t:|1700649809\n|move|p2a: jackie chan|Reversal|p1a: Gyarados\n|-supereffective|p1a: Gyarados\n|-damage|p1a: Gyarados|0 fnt\n|faint|p1a: Gyarados\n|\n|upkeep\n|\n|t:|1700649826\n|switch|p1a: Hatterene|Hatterene, F|100\/100\n|turn|10\n|\n|t:|1700649832\n|move|p2a: jackie chan|Reversal|p1a: Hatterene\n|-resisted|p1a: Hatterene\n|-damage|p1a: Hatterene|64\/100\n|move|p1a: Hatterene|Draining Kiss|p2a: jackie chan\n|-supereffective|p2a: jackie chan\n|-damage|p2a: jackie chan|0 fnt\n|-heal|p1a: Hatterene|64\/100|[from] drain|[of] p2a: jackie chan\n|faint|p2a: jackie chan\n|\n|-heal|p1a: Hatterene|70\/100|[from] item: Leftovers\n|upkeep\n|\n|t:|1700649845\n|switch|p2a: Gallade|Gallade, M|100\/100\n|turn|11\n|\n|t:|1700649852\n|detailschange|p2a: Gallade|Gallade-Mega, M\n|-mega|p2a: Gallade|Gallade|Galladite\n|move|p2a: Gallade|Bulk Up|p2a: Gallade\n|-boost|p2a: Gallade|atk|1\n|-boost|p2a: Gallade|def|1\n|move|p1a: Hatterene|Draining Kiss|p2a: Gallade\n|-supereffective|p2a: Gallade\n|-damage|p2a: Gallade|50\/100\n|-heal|p1a: Hatterene|100\/100|[from] drain|[of] p2a: Gallade\n|\n|upkeep\n|turn|12\n|\n|t:|1700649863\n|move|p2a: Gallade|Drain Punch|p1a: Hatterene\n|-resisted|p1a: Hatterene\n|-damage|p1a: Hatterene|84\/100\n|-heal|p2a: Gallade|59\/100|[from] drain|[of] p1a: Hatterene\n|move|p1a: Hatterene|Draining Kiss|p2a: Gallade\n|-supereffective|p2a: Gallade\n|-damage|p2a: Gallade|10\/100\n|-heal|p1a: Hatterene|100\/100|[from] drain|[of] p2a: Gallade\n|\n|upkeep\n|turn|13\n|\n|t:|1700649872\n|move|p2a: Gallade|Psycho Cut|p1a: Hatterene\n|-resisted|p1a: Hatterene\n|-damage|p1a: Hatterene|73\/100\n|move|p1a: Hatterene|Draining Kiss|p2a: Gallade\n|-supereffective|p2a: Gallade\n|-damage|p2a: Gallade|0 fnt\n|-heal|p1a: Hatterene|79\/100|[from] drain|[of] p2a: Gallade\n|faint|p2a: Gallade\n|\n|-heal|p1a: Hatterene|85\/100|[from] item: Leftovers\n|upkeep\n|-message|kidbeate forfeited.\n|\n|win|shfeha\n|raw|shfeha's rating: 1105 &rarr; <strong>1125<\/strong><br \/>(+20 for winning)\n|raw|kidbeate's rating: 1031 &rarr; <strong>1019<\/strong><br \/>(-12 for losing)\n|l|\u2606kidbeate\n","uploadtime":1700649883,"views":0,"p1id":"shfeha","p2id":"kidbeate","formatid":"gen9nationaldex","rating":1019,"private":0,"password":""}