{"id":"gen9nationaldex-1997624227","p1":"TPD JOHTO","p2":"xuxiansheng","format":"[Gen 9] National Dex","log":"|html|<div class=\"broadcast-blue\"><strong>[Gen 9] National Dex is currently suspecting Sneasler! For information on how to participate check out the <a href=\"https:\/\/www.smogon.com\/forums\/threads\/sv-national-dex-suspect-8-just-dance.3731534\/\">suspect thread<\/a>.<\/strong><\/div>\n|j|\u2606TPD JOHTO\n|j|\u2606xuxiansheng\n|t:|1700834412\n|gametype|singles\n|player|p1|TPD JOHTO|drayden|1531\n|player|p2|xuxiansheng|mira|1564\n|teamsize|p1|6\n|teamsize|p2|6\n|gen|9\n|tier|[Gen 9] National Dex\n|rated|\n|rule|HP Percentage Mod: HP is shown in percentages\n|rule|Endless Battle Clause: Forcing endless battles is banned\n|rule|OHKO Clause: OHKO moves are banned\n|rule|Evasion Clause: Evasion abilities, items, and moves are banned\n|rule|Evasion Abilities Clause: Evasion abilities are banned\n|rule|Evasion Items Clause: Evasion items are banned\n|rule|Evasion Moves Clause: Evasion moves are banned\n|rule|Species Clause: Limit one of each Pok\u00e9mon\n|rule|Sleep Clause Mod: Limit one foe put to sleep\n|clearpoke\n|poke|p1|Raikou|\n|poke|p1|Suicune|\n|poke|p1|Entei|\n|poke|p1|Tyranitar, F|\n|poke|p1|Celebi|\n|poke|p1|Skarmory, F|\n|poke|p2|Ogerpon-Wellspring, F|\n|poke|p2|Ribombee, F|\n|poke|p2|Aegislash, M|\n|poke|p2|Garchomp, M|\n|poke|p2|Landorus-Therian, M|\n|poke|p2|Tapu Lele|\n|teampreview\n|inactive|Battle timer is ON: inactive players will automatically lose when time's up. (requested by xuxiansheng)\n|c|\u2606TPD JOHTO|Glhf\n|inactive|TPD JOHTO has 120 seconds left.\n|\n|t:|1700834451\n|start\n|switch|p1a: Simba|Entei, shiny|100\/100\n|switch|p2a: Ribombee|Ribombee, F|100\/100\n|-ability|p1a: Simba|Pressure\n|turn|1\n|\n|t:|1700834463\n|move|p2a: Ribombee|Sticky Web|p1a: Simba\n|-sidestart|p1: TPD JOHTO|move: Sticky Web\n|move|p1a: Simba|Curse|p1a: Simba\n|-unboost|p1a: Simba|spe|1\n|-boost|p1a: Simba|atk|1\n|-boost|p1a: Simba|def|1\n|\n|upkeep\n|turn|2\n|\n|t:|1700834470\n|switch|p2a: Ogerpon|Ogerpon-Wellspring, F|100\/100\n|move|p1a: Simba|Curse|p1a: Simba\n|-unboost|p1a: Simba|spe|1\n|-boost|p1a: Simba|atk|1\n|-boost|p1a: Simba|def|1\n|\n|upkeep\n|turn|3\n|\n|t:|1700834479\n|-terastallize|p1a: Simba|Normal\n|move|p2a: Ogerpon|Encore|p1a: Simba\n|-start|p1a: Simba|Encore\n|move|p1a: Simba|Curse|p1a: Simba\n|-unboost|p1a: Simba|spe|1\n|-boost|p1a: Simba|atk|1\n|-boost|p1a: Simba|def|1\n|\n|upkeep\n|turn|4\n|\n|t:|1700834487\n|switch|p2a: Garchomp|Garchomp, M|100\/100\n|move|p1a: Simba|Curse|p1a: Simba\n|-unboost|p1a: Simba|spe|1\n|-boost|p1a: Simba|atk|1\n|-boost|p1a: Simba|def|1\n|\n|upkeep\n|turn|5\n|\n|t:|1700834490\n|move|p2a: Garchomp|Toxic|p1a: Simba\n|-status|p1a: Simba|tox\n|move|p1a: Simba|Curse|p1a: Simba\n|-unboost|p1a: Simba|spe|1\n|-boost|p1a: Simba|atk|1\n|-boost|p1a: Simba|def|1\n|\n|-damage|p1a: Simba|94\/100 tox|[from] psn\n|-end|p1a: Simba|Encore\n|upkeep\n|turn|6\n|\n|t:|1700834498\n|switch|p2a: Landorus|Landorus-Therian, M|100\/100\n|-ability|p2a: Landorus|Intimidate|boost\n|-unboost|p1a: Simba|atk|1\n|move|p1a: Simba|Extreme Speed|p2a: Landorus\n|-damage|p2a: Landorus|13\/100\n|\n|-heal|p2a: Landorus|19\/100|[from] item: Leftovers\n|-heal|p1a: Simba|100\/100 tox|[from] item: Leftovers\n|-damage|p1a: Simba|88\/100 tox|[from] psn\n|upkeep\n|turn|7\n|\n|t:|1700834505\n|switch|p2a: Tapu Lele|Tapu Lele|100\/100\n|-fieldstart|move: Psychic Terrain|[from] ability: Psychic Surge|[of] p2a: Tapu Lele\n|move|p1a: Simba|Sacred Fire|p2a: Tapu Lele\n|-damage|p2a: Tapu Lele|0 fnt\n|faint|p2a: Tapu Lele\n|\n|-heal|p1a: Simba|94\/100 tox|[from] item: Leftovers\n|-damage|p1a: Simba|76\/100 tox|[from] psn\n|upkeep\n|\n|t:|1700834518\n|switch|p2a: Ribombee|Ribombee, F|100\/100\n|turn|8\n|\n|t:|1700834526\n|move|p2a: Ribombee|Moonblast|p1a: Simba\n|-damage|p1a: Simba|47\/100 tox\n|move|p1a: Simba|Rest|p1a: Simba\n|-status|p1a: Simba|slp|[from] move: Rest\n|-heal|p1a: Simba|100\/100 slp|[silent]\n|\n|upkeep\n|turn|9\n|-message|xuxiansheng forfeited.\n|\n|win|TPD JOHTO\n|raw|TPD JOHTO's rating: 1531 &rarr; <strong>1553<\/strong><br \/>(+22 for winning)\n|raw|xuxiansheng's rating: 1564 &rarr; <strong>1542<\/strong><br \/>(-22 for losing)\n|l|\u2606xuxiansheng\n","uploadtime":1700834553,"views":6,"p1id":"tpdjohto","p2id":"xuxiansheng","formatid":"gen9nationaldex","rating":1542,"private":0,"password":""}