{"id":"gen9nationaldex-1995501929","p1":"smallbaboon","p2":"WynExplode","format":"[Gen 9] National Dex","log":"|html|<div class=\"broadcast-blue\"><strong>[Gen 9] National Dex is currently suspecting Sneasler! For information on how to participate check out the <a href=\"https:\/\/www.smogon.com\/forums\/threads\/sv-national-dex-suspect-8-just-dance.3731534\/\">suspect thread<\/a>.<\/strong><\/div>\n|j|\u2606smallbaboon\n|j|\u2606WynExplode\n|t:|1700577628\n|gametype|singles\n|player|p1|smallbaboon|iono|1424\n|player|p2|WynExplode|veteran|1461\n|teamsize|p1|6\n|teamsize|p2|6\n|gen|9\n|tier|[Gen 9] National Dex\n|rated|\n|rule|HP Percentage Mod: HP is shown in percentages\n|rule|Endless Battle Clause: Forcing endless battles is banned\n|rule|OHKO Clause: OHKO moves are banned\n|rule|Evasion Clause: Evasion abilities, items, and moves are banned\n|rule|Evasion Abilities Clause: Evasion abilities are banned\n|rule|Evasion Items Clause: Evasion items are banned\n|rule|Evasion Moves Clause: Evasion moves are banned\n|rule|Species Clause: Limit one of each Pok\u00e9mon\n|rule|Sleep Clause Mod: Limit one foe put to sleep\n|clearpoke\n|poke|p1|Tyranitar, F|\n|poke|p1|Volcanion|\n|poke|p1|Pelipper, M|\n|poke|p1|Hydreigon, M|\n|poke|p1|Charizard, M|\n|poke|p1|Tapu Fini|\n|poke|p2|Kommo-o, M|\n|poke|p2|Garchomp, F|\n|poke|p2|Corviknight, F|\n|poke|p2|Heatran, F|\n|poke|p2|Tapu Fini|\n|poke|p2|Bisharp, M|\n|teampreview\n|inactive|Battle timer is ON: inactive players will automatically lose when time's up. (requested by WynExplode)\n|\n|t:|1700577644\n|start\n|switch|p1a: \u9f99\u821e\u6e05\u573a|Tyranitar, F|100\/100\n|switch|p2a: Garchomp|Garchomp, F|100\/100\n|-weather|Sandstorm|[from] ability: Sand Stream|[of] p1a: \u9f99\u821e\u6e05\u573a\n|turn|1\n|\n|t:|1700577656\n|move|p2a: Garchomp|Swords Dance|p2a: Garchomp\n|-boost|p2a: Garchomp|atk|2\n|move|p1a: \u9f99\u821e\u6e05\u573a|Ice Beam|p2a: Garchomp\n|-supereffective|p2a: Garchomp\n|-damage|p2a: Garchomp|0 fnt\n|faint|p2a: Garchomp\n|\n|-weather|Sandstorm|[upkeep]\n|upkeep\n|c|\u2606WynExplode|...\n|c|\u2606WynExplode|oops...\n|\n|t:|1700577669\n|switch|p2a: Tapu Fini|Tapu Fini|100\/100\n|-fieldstart|move: Misty Terrain|[from] ability: Misty Surge|[of] p2a: Tapu Fini\n|turn|2\n|inactive|smallbaboon has 120 seconds left.\n|\n|t:|1700577700\n|switch|p1a: Volcanion|Volcanion|100\/100\n|move|p2a: Tapu Fini|Calm Mind|p2a: Tapu Fini\n|-boost|p2a: Tapu Fini|spa|1\n|-boost|p2a: Tapu Fini|spd|1\n|\n|-weather|Sandstorm|[upkeep]\n|-damage|p1a: Volcanion|95\/100|[from] Sandstorm\n|-damage|p2a: Tapu Fini|94\/100|[from] Sandstorm\n|-heal|p2a: Tapu Fini|100\/100|[from] item: Leftovers\n|upkeep\n|turn|3\n|\n|t:|1700577720\n|move|p1a: Volcanion|Wild Charge|p2a: Tapu Fini\n|-supereffective|p2a: Tapu Fini\n|-damage|p2a: Tapu Fini|56\/100\n|-damage|p1a: Volcanion|82\/100|[from] Recoil\n|move|p2a: Tapu Fini|Grass Knot|p1a: Volcanion\n|-damage|p1a: Volcanion|42\/100\n|\n|-weather|Sandstorm|[upkeep]\n|-damage|p1a: Volcanion|36\/100|[from] Sandstorm\n|-damage|p2a: Tapu Fini|50\/100|[from] Sandstorm\n|-heal|p2a: Tapu Fini|56\/100|[from] item: Leftovers\n|upkeep\n|turn|4\n|\n|t:|1700577735\n|move|p1a: Volcanion|Explosion|p2a: Tapu Fini\n|-damage|p2a: Tapu Fini|0 fnt\n|faint|p1a: Volcanion\n|faint|p2a: Tapu Fini\n|\n|-weather|Sandstorm|[upkeep]\n|upkeep\n|\n|t:|1700577751\n|switch|p1a: \u4e09\u91cd\u653b\u51fb\uff01|Hydreigon, M|100\/100\n|switch|p2a: Bisharp|Bisharp, M|100\/100\n|turn|5\n|inactive|WynExplode has 120 seconds left.\n|\n|t:|1700577769\n|move|p1a: \u4e09\u91cd\u653b\u51fb\uff01|Superpower|p2a: Bisharp\n|-supereffective|p2a: Bisharp\n|-damage|p2a: Bisharp|0 fnt\n|-unboost|p1a: \u4e09\u91cd\u653b\u51fb\uff01|atk|1\n|-unboost|p1a: \u4e09\u91cd\u653b\u51fb\uff01|def|1\n|faint|p2a: Bisharp\n|\n|-weather|none\n|upkeep\n|inactive|WynExplode has 120 seconds left.\n|\n|t:|1700577783\n|switch|p2a: Kommo-o|Kommo-o, M|100\/100\n|turn|6\n|inactive|WynExplode has 120 seconds left.\n|\n|t:|1700577792\n|switch|p1a: \u6f02\u4eae\u59d0\u6709\u8f93\u51fa|Tapu Fini|100\/100\n|move|p2a: Kommo-o|Clangorous Soul|p2a: Kommo-o\n|-boost|p2a: Kommo-o|atk|1\n|-boost|p2a: Kommo-o|def|1\n|-boost|p2a: Kommo-o|spa|1\n|-boost|p2a: Kommo-o|spd|1\n|-boost|p2a: Kommo-o|spe|1\n|-damage|p2a: Kommo-o|68\/100\n|-enditem|p2a: Kommo-o|Throat Spray\n|-boost|p2a: Kommo-o|spa|1|[from] item: Throat Spray\n|\n|-fieldend|Misty Terrain\n|upkeep\n|turn|7\n|inactive|WynExplode has 120 seconds left.\n|\n|t:|1700577803\n|-terastallize|p2a: Kommo-o|Normal\n|move|p2a: Kommo-o|Boomburst|p1a: \u6f02\u4eae\u59d0\u6709\u8f93\u51fa\n|-damage|p1a: \u6f02\u4eae\u59d0\u6709\u8f93\u51fa|0 fnt\n|faint|p1a: \u6f02\u4eae\u59d0\u6709\u8f93\u51fa\n|\n|upkeep\n|\n|t:|1700577812\n|switch|p1a: \u53ea\u4f1a\u55b7\u706b|Charizard, M|100\/100\n|turn|8\n|\n|t:|1700577815\n|detailschange|p1a: \u53ea\u4f1a\u55b7\u706b|Charizard-Mega-Y, M\n|-mega|p1a: \u53ea\u4f1a\u55b7\u706b|Charizard|Charizardite Y\n|-weather|SunnyDay|[from] ability: Drought|[of] p1a: \u53ea\u4f1a\u55b7\u706b\n|move|p2a: Kommo-o|Boomburst|p1a: \u53ea\u4f1a\u55b7\u706b\n|-damage|p1a: \u53ea\u4f1a\u55b7\u706b|0 fnt\n|faint|p1a: \u53ea\u4f1a\u55b7\u706b\n|\n|-weather|SunnyDay|[upkeep]\n|upkeep\n|\n|t:|1700577821\n|switch|p1a: \u9f99\u821e\u6e05\u573a|Tyranitar, F|100\/100\n|-weather|Sandstorm|[from] ability: Sand Stream|[of] p1a: \u9f99\u821e\u6e05\u573a\n|turn|9\n|\n|t:|1700577836\n|-terastallize|p1a: \u9f99\u821e\u6e05\u573a|Flying\n|move|p2a: Kommo-o|Aura Sphere|p1a: \u9f99\u821e\u6e05\u573a\n|-resisted|p1a: \u9f99\u821e\u6e05\u573a\n|-damage|p1a: \u9f99\u821e\u6e05\u573a|81\/100\n|move|p1a: \u9f99\u821e\u6e05\u573a|Ice Beam|p2a: Kommo-o\n|-damage|p2a: Kommo-o|46\/100\n|\n|-weather|Sandstorm|[upkeep]\n|-damage|p2a: Kommo-o|40\/100|[from] Sandstorm\n|-damage|p1a: \u9f99\u821e\u6e05\u573a|75\/100|[from] Sandstorm\n|upkeep\n|turn|10\n|\n|t:|1700577846\n|move|p2a: Kommo-o|Boomburst|p1a: \u9f99\u821e\u6e05\u573a\n|-damage|p1a: \u9f99\u821e\u6e05\u573a|9\/100\n|move|p1a: \u9f99\u821e\u6e05\u573a|Ice Beam|p2a: Kommo-o\n|-crit|p2a: Kommo-o\n|-damage|p2a: Kommo-o|0 fnt\n|faint|p2a: Kommo-o\n|\n|-weather|Sandstorm|[upkeep]\n|-damage|p1a: \u9f99\u821e\u6e05\u573a|3\/100|[from] Sandstorm\n|upkeep\n|\n|t:|1700577857\n|switch|p2a: Corviknight|Corviknight, F|100\/100\n|-ability|p2a: Corviknight|Pressure\n|turn|11\n|\n|t:|1700577861\n|move|p2a: Corviknight|U-turn|p1a: \u9f99\u821e\u6e05\u573a\n|-resisted|p1a: \u9f99\u821e\u6e05\u573a\n|-damage|p1a: \u9f99\u821e\u6e05\u573a|0 fnt\n|faint|p1a: \u9f99\u821e\u6e05\u573a\n|\n|t:|1700577865\n|switch|p2a: Heatran|Heatran, F|100\/100|[from] U-turn\n|\n|-weather|Sandstorm|[upkeep]\n|upkeep\n|\n|t:|1700577869\n|switch|p1a: Pelipper|Pelipper, M|100\/100\n|-weather|RainDance|[from] ability: Drizzle|[of] p1a: Pelipper\n|turn|12\n|\n|t:|1700577874\n|switch|p2a: Corviknight|Corviknight, F|100\/100\n|-ability|p2a: Corviknight|Pressure\n|-zpower|p1a: Pelipper\n|move|p1a: Pelipper|Z-Tailwind|p1a: Pelipper|[anim]Tailwind\n|-start|p1a: Pelipper|move: Focus Energy|[zeffect]\n|-sidestart|p1: smallbaboon|move: Tailwind\n|\n|-weather|RainDance|[upkeep]\n|upkeep\n|turn|13\n|\n|t:|1700577884\n|move|p1a: Pelipper|Hydro Pump|p2a: Corviknight\n|-crit|p2a: Corviknight\n|-damage|p2a: Corviknight|0 fnt\n|faint|p2a: Corviknight\n|\n|-weather|RainDance|[upkeep]\n|upkeep\n|-message|WynExplode forfeited.\n|\n|win|smallbaboon\n|raw|smallbaboon's rating: 1424 &rarr; <strong>1446<\/strong><br \/>(+22 for winning)\n|raw|WynExplode's rating: 1461 &rarr; <strong>1439<\/strong><br \/>(-22 for losing)\n|l|\u2606WynExplode\n","uploadtime":1700577890,"views":0,"p1id":"smallbaboon","p2id":"wynexplode","formatid":"gen9nationaldex","rating":1439,"private":0,"password":""}