{"id":"gen9nationaldex-1989075918","p1":"MIH zelkeo","p2":"Tron09","format":"[Gen 9] National Dex","log":"|j|\u2606MIH zelkeo\n|j|\u2606Tron09\n|t:|1699809535\n|gametype|singles\n|player|p1|MIH zelkeo|nessa|\n|player|p2|Tron09|veteran|\n|teamsize|p1|6\n|teamsize|p2|6\n|gen|9\n|tier|[Gen 9] National Dex\n|rule|HP Percentage Mod: HP is shown in percentages\n|rule|Endless Battle Clause: Forcing endless battles is banned\n|rule|OHKO Clause: OHKO moves are banned\n|rule|Evasion Clause: Evasion abilities, items, and moves are banned\n|rule|Evasion Abilities Clause: Evasion abilities are banned\n|rule|Evasion Items Clause: Evasion items are banned\n|rule|Evasion Moves Clause: Evasion moves are banned\n|rule|Species Clause: Limit one of each Pok\u00e9mon\n|rule|Sleep Clause Mod: Limit one foe put to sleep\n|clearpoke\n|poke|p1|Greninja-*, M|\n|poke|p1|Volcanion|\n|poke|p1|Sylveon, F|\n|poke|p1|Talonflame, M|\n|poke|p1|Charizard, F|\n|poke|p1|Lucario, F|\n|poke|p2|Crobat, M|\n|poke|p2|Houndoom, F|\n|poke|p2|Gyarados, M|\n|poke|p2|Weavile, M|\n|poke|p2|Spiritomb, M|\n|poke|p2|Honchkrow, M|\n|teampreview\n|j| carlotaRC\n|c| carlotaRC|Vamos VIH ZELKEO\n|j| Vaictador\n|\n|t:|1699809623\n|start\n|switch|p1a: Talonflame|Talonflame, M|100\/100\n|switch|p2a: Honchkrow|Honchkrow, M|100\/100\n|turn|1\n|\n|t:|1699809632\n|move|p1a: Talonflame|Flare Blitz|p2a: Honchkrow\n|-damage|p2a: Honchkrow|4\/100\n|-damage|p1a: Talonflame|57\/100|[from] Recoil\n|move|p2a: Honchkrow|Brave Bird|p1a: Talonflame\n|-damage|p1a: Talonflame|0 fnt\n|faint|p1a: Talonflame\n|-ability|p2a: Honchkrow|Moxie|boost\n|-boost|p2a: Honchkrow|atk|1\n|-damage|p2a: Honchkrow|0 fnt|[from] Recoil\n|faint|p2a: Honchkrow\n|\n|upkeep\n|c| Vaictador|ETO ES\n|c| Vaictador|OLD BANGE\n|c| carlotaRC|Ojo por ojo\n|c| carlotaRC|Diente por diente\n|c|\u2606MIH zelkeo|bien ojo x ojo, el super luck del honch m iba a fastidiar\n|\n|t:|1699809667\n|switch|p1a: Volcanion|Volcanion|100\/100\n|switch|p2a: Weavile|Weavile, M|100\/100\n|turn|2\n|\n|t:|1699809681\n|move|p2a: Weavile|Fake Out|p1a: Volcanion\n|-damage|p1a: Volcanion|90\/100\n|cant|p1a: Volcanion|flinch\n|\n|upkeep\n|turn|3\n|\n|t:|1699809700\n|move|p2a: Weavile|Knock Off|p1a: Volcanion\n|-damage|p1a: Volcanion|49\/100\n|-enditem|p1a: Volcanion|Heavy-Duty Boots|[from] move: Knock Off|[of] p2a: Weavile\n|move|p1a: Volcanion|Steam Eruption|p2a: Weavile|[miss]\n|-miss|p1a: Volcanion|p2a: Weavile\n|\n|upkeep\n|turn|4\n|\n|t:|1699809715\n|switch|p2a: Spiritomb|Spiritomb, M|100\/100\n|move|p1a: Volcanion|Flamethrower|p2a: Spiritomb\n|-damage|p2a: Spiritomb|42\/100\n|\n|upkeep\n|turn|5\n|c|\u2606MIH zelkeo|qhax del orto\n|\n|t:|1699809727\n|switch|p1a: Lucario|Lucario, F|100\/100\n|move|p2a: Spiritomb|Sucker Punch||[still]\n|-fail|p2a: Spiritomb\n|\n|upkeep\n|turn|6\n|\n|t:|1699809738\n|move|p1a: Lucario|Power-Up Punch|p2a: Spiritomb\n|-immune|p2a: Spiritomb\n|move|p2a: Spiritomb|Will-O-Wisp|p1a: Lucario\n|-status|p1a: Lucario|brn\n|\n|-damage|p1a: Lucario|94\/100 brn|[from] brn\n|upkeep\n|turn|7\n|l| carlotaRC\n|c|\u2606MIH zelkeo|NOOO Q MISSCLICK D MIERDAAAAA\n|\n|t:|1699809755\n|move|p1a: Lucario|Bullet Punch|p2a: Spiritomb\n|-damage|p2a: Spiritomb|30\/100\n|-damage|p1a: Lucario|84\/100 brn|[from] item: Life Orb\n|move|p2a: Spiritomb|Poltergeist|p1a: Lucario\n|-activate|p1a: Lucario|move: Poltergeist|Life Orb\n|-damage|p1a: Lucario|0 fnt\n|faint|p1a: Lucario\n|-damage|p2a: Spiritomb|20\/100|[from] item: Life Orb\n|\n|upkeep\n|\n|t:|1699809783\n|switch|p1a: Charizard|Charizard, F|100\/100\n|turn|8\n|\n|t:|1699809797\n|detailschange|p1a: Charizard|Charizard-Mega-Y, F\n|-mega|p1a: Charizard|Charizard|Charizardite Y\n|-weather|SunnyDay|[from] ability: Drought|[of] p1a: Charizard\n|move|p1a: Charizard|Solar Beam||[still]\n|-prepare|p1a: Charizard|Solar Beam\n|-anim|p1a: Charizard|Solar Beam|p2a: Spiritomb\n|-damage|p2a: Spiritomb|0 fnt\n|faint|p2a: Spiritomb\n|\n|-weather|SunnyDay|[upkeep]\n|upkeep\n|\n|t:|1699809812\n|switch|p2a: Weavile|Weavile, M|100\/100\n|turn|9\n|\n|t:|1699809821\n|move|p2a: Weavile|Fake Out|p1a: Charizard\n|-damage|p1a: Charizard|83\/100\n|cant|p1a: Charizard|flinch\n|\n|-weather|SunnyDay|[upkeep]\n|upkeep\n|turn|10\n|\n|t:|1699809828\n|move|p2a: Weavile|Triple Axel|p1a: Charizard\n|-damage|p1a: Charizard|68\/100\n|-damage|p1a: Charizard|39\/100\n|-damage|p1a: Charizard|0 fnt\n|faint|p1a: Charizard\n|-hitcount|p1: Charizard|3\n|\n|-weather|SunnyDay|[upkeep]\n|upkeep\n|\n|t:|1699809841\n|switch|p1a: Sylveon|Sylveon, F|100\/100\n|turn|11\n|\n|t:|1699809846\n|move|p2a: Weavile|Triple Axel|p1a: Sylveon\n|-damage|p1a: Sylveon|88\/100\n|-damage|p1a: Sylveon|64\/100\n|-damage|p1a: Sylveon|26\/100\n|-hitcount|p1a: Sylveon|3\n|move|p1a: Sylveon|Reflect|p1a: Sylveon\n|-sidestart|p1: MIH zelkeo|Reflect\n|\n|-weather|SunnyDay|[upkeep]\n|-heal|p1a: Sylveon|32\/100|[from] item: Leftovers\n|upkeep\n|turn|12\n|\n|t:|1699809858\n|move|p2a: Weavile|Triple Axel|p1a: Sylveon\n|-damage|p1a: Sylveon|26\/100\n|-damage|p1a: Sylveon|13\/100\n|-damage|p1a: Sylveon|0 fnt\n|faint|p1a: Sylveon\n|-hitcount|p1: Sylveon|3\n|\n|-weather|none\n|upkeep\n|\n|t:|1699809864\n|switch|p1a: Volcanion|Volcanion|49\/100\n|turn|13\n|\n|t:|1699809876\n|move|p2a: Weavile|Knock Off|p1a: Volcanion\n|-damage|p1a: Volcanion|37\/100\n|move|p1a: Volcanion|Sludge Bomb|p2a: Weavile\n|-damage|p2a: Weavile|54\/100\n|-status|p2a: Weavile|psn\n|\n|-damage|p2a: Weavile|41\/100 psn|[from] psn\n|upkeep\n|turn|14\n|\n|t:|1699809884\n|switch|p2a: Crobat|Crobat, M|100\/100\n|move|p1a: Volcanion|Flamethrower|p2a: Crobat\n|-damage|p2a: Crobat|46\/100\n|\n|-heal|p2a: Crobat|52\/100|[from] item: Leftovers\n|upkeep\n|turn|15\n|\n|t:|1699809895\n|move|p2a: Crobat|Cross Poison|p1a: Volcanion\n|-damage|p1a: Volcanion|9\/100\n|move|p1a: Volcanion|Steam Eruption|p2a: Crobat\n|-damage|p2a: Crobat|0 fnt\n|faint|p2a: Crobat\n|\n|-sideend|p1: MIH zelkeo|Reflect\n|upkeep\n|\n|t:|1699809899\n|switch|p2a: Weavile|Weavile, M|41\/100 psn\n|turn|16\n|j| carlotaRC\n|\n|t:|1699809906\n|move|p2a: Weavile|Fake Out|p1a: Volcanion\n|-damage|p1a: Volcanion|0 fnt\n|faint|p1a: Volcanion\n|\n|-damage|p2a: Weavile|29\/100 psn|[from] psn\n|upkeep\n|\n|t:|1699809909\n|switch|p1a: Greninja|Greninja, M|100\/100\n|turn|17\n|c|\u2606MIH zelkeo|!calc\n|c| MIH zelkeo|\/raw <div class=\"infobox\">Pok&eacute;mon Showdown! damage calculator. (Courtesy of Honko, Austin, &amp; Kris)<br \/>- <a href=\"https:\/\/calc.pokemonshowdown.com\/index.html\">Damage Calculator<\/a><\/div>\n|j| Fedepoketrainer\n|inactive|Battle timer is ON: inactive players will automatically lose when time's up. (requested by Tron09)\n|\n|t:|1699810013\n|switch|p2a: Gyarados|Gyarados, M|100\/100\n|-ability|p2a: Gyarados|Intimidate|boost\n|-unboost|p1a: Greninja|atk|1\n|-terastallize|p1a: Greninja|Fairy\n|move|p1a: Greninja|Hydro Pump|p2a: Gyarados\n|-resisted|p2a: Gyarados\n|-damage|p2a: Gyarados|67\/100\n|-damage|p1a: Greninja|91\/100|[from] item: Life Orb\n|\n|upkeep\n|turn|18\n|\n|t:|1699810034\n|detailschange|p2a: Gyarados|Gyarados-Mega, M\n|-mega|p2a: Gyarados|Gyarados|Gyaradosite\n|-ability|p2a: Gyarados|Mold Breaker\n|move|p1a: Greninja|U-turn|p2a: Gyarados\n|-supereffective|p2a: Gyarados\n|-damage|p2a: Gyarados|44\/100\n|-damage|p1a: Greninja|81\/100|[from] item: Life Orb\n|move|p2a: Gyarados|Waterfall|p1a: Greninja\n|-damage|p1a: Greninja|0 fnt\n|faint|p1a: Greninja\n|\n|win|Tron09\n|l|\u2606Tron09\n|l| Vaictador\n|l| carlotaRC\n","uploadtime":1699810163,"views":25,"p1id":"mihzelkeo","p2id":"tron09","formatid":"gen9nationaldex","rating":0,"private":0,"password":""}