{"id":"gen9nationaldex-1997610051","p1":"ybbjj","p2":"lbwnb114514","format":"[Gen 9] National Dex","log":"|html|<div class=\"broadcast-blue\"><strong>[Gen 9] National Dex is currently suspecting Sneasler! For information on how to participate check out the <a href=\"https:\/\/www.smogon.com\/forums\/threads\/sv-national-dex-suspect-8-just-dance.3731534\/\">suspect thread<\/a>.<\/strong><\/div>\n|j|\u2606ybbjj\n|j|\u2606lbwnb114514\n|t:|1700832607\n|gametype|singles\n|player|p1|ybbjj|sailor|1200\n|player|p2|lbwnb114514|265|1232\n|teamsize|p1|6\n|teamsize|p2|6\n|gen|9\n|tier|[Gen 9] National Dex\n|rated|\n|rule|HP Percentage Mod: HP is shown in percentages\n|rule|Endless Battle Clause: Forcing endless battles is banned\n|rule|OHKO Clause: OHKO moves are banned\n|rule|Evasion Clause: Evasion abilities, items, and moves are banned\n|rule|Evasion Abilities Clause: Evasion abilities are banned\n|rule|Evasion Items Clause: Evasion items are banned\n|rule|Evasion Moves Clause: Evasion moves are banned\n|rule|Species Clause: Limit one of each Pok\u00e9mon\n|rule|Sleep Clause Mod: Limit one foe put to sleep\n|clearpoke\n|poke|p1|Pelipper, F|\n|poke|p1|Ferrothorn, M|\n|poke|p1|Swampert, F|\n|poke|p1|Zapdos|\n|poke|p1|Barraskewda, M|\n|poke|p1|Floatzel, M|\n|poke|p2|Sneasler, M|\n|poke|p2|Rillaboom, M|\n|poke|p2|Ursaluna, F|\n|poke|p2|Heatran, M|\n|poke|p2|Zapdos|\n|poke|p2|Empoleon, M|\n|teampreview\n|inactive|Battle timer is ON: inactive players will automatically lose when time's up. (requested by lbwnb114514)\n|\n|t:|1700832623\n|start\n|switch|p1a: Pelipper|Pelipper, F|100\/100\n|switch|p2a: Zapdos|Zapdos|100\/100\n|-weather|RainDance|[from] ability: Drizzle|[of] p1a: Pelipper\n|turn|1\n|\n|t:|1700832631\n|switch|p1a: Swampert|Swampert, F|100\/100\n|move|p2a: Zapdos|Toxic|p1a: Swampert\n|-status|p1a: Swampert|tox\n|\n|-weather|RainDance|[upkeep]\n|-damage|p1a: Swampert|94\/100 tox|[from] psn\n|upkeep\n|turn|2\n|\n|t:|1700832644\n|switch|p2a: Empoleon|Empoleon, M|100\/100\n|detailschange|p1a: Swampert|Swampert-Mega, F\n|-mega|p1a: Swampert|Swampert|Swampertite\n|move|p1a: Swampert|Flip Turn|p2a: Empoleon\n|-resisted|p2a: Empoleon\n|-damage|p2a: Empoleon|71\/100\n|-damage|p1a: Swampert|78\/100 tox|[from] item: Rocky Helmet|[of] p2a: Empoleon\n|\n|t:|1700832651\n|switch|p1a: Barraskewda|Barraskewda, M|100\/100|[from] Flip Turn\n|\n|-weather|RainDance|[upkeep]\n|upkeep\n|turn|3\n|\n|t:|1700832659\n|switch|p2a: Zapdos|Zapdos|100\/100\n|move|p1a: Barraskewda|Close Combat|p2a: Zapdos\n|-resisted|p2a: Zapdos\n|-damage|p2a: Zapdos|74\/100\n|-unboost|p1a: Barraskewda|def|1\n|-unboost|p1a: Barraskewda|spd|1\n|-status|p1a: Barraskewda|par|[from] ability: Static|[of] p2a: Zapdos\n|-damage|p1a: Barraskewda|91\/100 par|[from] item: Life Orb\n|\n|-weather|RainDance|[upkeep]\n|upkeep\n|turn|4\n|\n|t:|1700832681\n|move|p1a: Barraskewda|Ice Fang|p2a: Zapdos\n|-supereffective|p2a: Zapdos\n|-damage|p2a: Zapdos|12\/100\n|-damage|p1a: Barraskewda|81\/100 par|[from] item: Life Orb\n|move|p2a: Zapdos|Roost|p2a: Zapdos\n|-heal|p2a: Zapdos|62\/100\n|-singleturn|p2a: Zapdos|move: Roost\n|\n|-weather|RainDance|[upkeep]\n|upkeep\n|turn|5\n|\n|t:|1700832707\n|switch|p2a: Empoleon|Empoleon, M|71\/100\n|move|p1a: Barraskewda|Liquidation|p2a: Empoleon\n|-resisted|p2a: Empoleon\n|-damage|p2a: Empoleon|27\/100\n|-damage|p1a: Barraskewda|64\/100 par|[from] item: Rocky Helmet|[of] p2a: Empoleon\n|-damage|p1a: Barraskewda|54\/100 par|[from] item: Life Orb\n|\n|-weather|RainDance|[upkeep]\n|upkeep\n|turn|6\n|\n|t:|1700832722\n|move|p1a: Barraskewda|Liquidation|p2a: Empoleon\n|-resisted|p2a: Empoleon\n|-damage|p2a: Empoleon|0 fnt\n|-damage|p1a: Barraskewda|38\/100 par|[from] item: Rocky Helmet|[of] p2a: Empoleon\n|faint|p2a: Empoleon\n|-damage|p1a: Barraskewda|28\/100 par|[from] item: Life Orb\n|\n|-weather|RainDance|[upkeep]\n|upkeep\n|\n|t:|1700832726\n|switch|p2a: Rillaboom|Rillaboom, M|100\/100\n|-fieldstart|move: Grassy Terrain|[from] ability: Grassy Surge|[of] p2a: Rillaboom\n|turn|7\n|\n|t:|1700832741\n|switch|p1a: Zapdos|Zapdos|100\/100\n|move|p2a: Rillaboom|U-turn|p1a: Zapdos\n|-resisted|p1a: Zapdos\n|-damage|p1a: Zapdos|86\/100\n|\n|t:|1700832749\n|switch|p2a: Ursaluna|Ursaluna, F|100\/100|[from] U-turn\n|\n|-weather|RainDance|[upkeep]\n|-status|p2a: Ursaluna|brn|[from] item: Flame Orb\n|upkeep\n|turn|8\n|\n|t:|1700832768\n|switch|p1a: Ferrothorn|Ferrothorn, M|100\/100\n|move|p2a: Ursaluna|Facade|p1a: Ferrothorn\n|-resisted|p1a: Ferrothorn\n|-damage|p1a: Ferrothorn|65\/100\n|-damage|p2a: Ursaluna|88\/100 brn|[from] ability: Iron Barbs|[of] p1a: Ferrothorn\n|-damage|p2a: Ursaluna|72\/100 brn|[from] item: Rocky Helmet|[of] p1a: Ferrothorn\n|\n|-weather|none\n|-heal|p2a: Ursaluna|78\/100 brn|[from] Grassy Terrain\n|-heal|p1a: Ferrothorn|72\/100|[from] Grassy Terrain\n|-damage|p2a: Ursaluna|72\/100 brn|[from] brn\n|upkeep\n|turn|9\n|\n|t:|1700832782\n|move|p2a: Ursaluna|Facade|p1a: Ferrothorn\n|-resisted|p1a: Ferrothorn\n|-damage|p1a: Ferrothorn|39\/100\n|-damage|p2a: Ursaluna|59\/100 brn|[from] ability: Iron Barbs|[of] p1a: Ferrothorn\n|-damage|p2a: Ursaluna|43\/100 brn|[from] item: Rocky Helmet|[of] p1a: Ferrothorn\n|move|p1a: Ferrothorn|Body Press|p2a: Ursaluna\n|-supereffective|p2a: Ursaluna\n|-damage|p2a: Ursaluna|0 fnt\n|faint|p2a: Ursaluna\n|\n|-heal|p1a: Ferrothorn|46\/100|[from] Grassy Terrain\n|upkeep\n|\n|t:|1700832792\n|switch|p2a: Sneasler|Sneasler, M|100\/100\n|-enditem|p2a: Sneasler|Grassy Seed\n|-boost|p2a: Sneasler|def|1|[from] item: Grassy Seed\n|turn|10\n|\n|t:|1700832802\n|switch|p1a: Pelipper|Pelipper, F|100\/100\n|-weather|RainDance|[from] ability: Drizzle|[of] p1a: Pelipper\n|move|p2a: Sneasler|Swords Dance|p2a: Sneasler\n|-boost|p2a: Sneasler|atk|2\n|\n|-weather|RainDance|[upkeep]\n|upkeep\n|turn|11\n|\n|t:|1700832812\n|switch|p1a: Zapdos|Zapdos|86\/100\n|-terastallize|p2a: Sneasler|Flying\n|move|p2a: Sneasler|Acrobatics|p1a: Zapdos\n|-resisted|p1a: Zapdos\n|-damage|p1a: Zapdos|22\/100\n|\n|-weather|RainDance|[upkeep]\n|-fieldend|move: Grassy Terrain\n|upkeep\n|turn|12\n|\n|t:|1700832820\n|move|p2a: Sneasler|Acrobatics|p1a: Zapdos\n|-resisted|p1a: Zapdos\n|-crit|p1a: Zapdos\n|-damage|p1a: Zapdos|0 fnt\n|faint|p1a: Zapdos\n|\n|-weather|RainDance|[upkeep]\n|upkeep\n|\n|t:|1700832837\n|switch|p1a: Floatzel|Floatzel, M|100\/100\n|turn|13\n|\n|t:|1700832860\n|-terastallize|p1a: Floatzel|Water\n|move|p1a: Floatzel|Aqua Jet|p2a: Sneasler\n|-damage|p2a: Sneasler|27\/100\n|move|p2a: Sneasler|Acrobatics|p1a: Floatzel\n|-damage|p1a: Floatzel|0 fnt\n|faint|p1a: Floatzel\n|\n|-weather|RainDance|[upkeep]\n|upkeep\n|\n|t:|1700832867\n|switch|p1a: Barraskewda|Barraskewda, M|28\/100 par\n|turn|14\n|\n|t:|1700832869\n|move|p1a: Barraskewda|Aqua Jet|p2a: Sneasler\n|-damage|p2a: Sneasler|0 fnt\n|faint|p2a: Sneasler\n|-damage|p1a: Barraskewda|18\/100 par|[from] item: Life Orb\n|\n|-weather|RainDance|[upkeep]\n|upkeep\n|\n|t:|1700832873\n|switch|p2a: Rillaboom|Rillaboom, M|100\/100\n|-fieldstart|move: Grassy Terrain|[from] ability: Grassy Surge|[of] p2a: Rillaboom\n|turn|15\n|\n|t:|1700832879\n|switch|p1a: Ferrothorn|Ferrothorn, M|46\/100\n|move|p2a: Rillaboom|Knock Off|p1a: Ferrothorn\n|-damage|p1a: Ferrothorn|24\/100\n|-damage|p2a: Rillaboom|88\/100|[from] ability: Iron Barbs|[of] p1a: Ferrothorn\n|-damage|p2a: Rillaboom|71\/100|[from] item: Rocky Helmet|[of] p1a: Ferrothorn\n|-enditem|p1a: Ferrothorn|Rocky Helmet|[from] move: Knock Off|[of] p2a: Rillaboom\n|\n|-weather|RainDance|[upkeep]\n|-heal|p2a: Rillaboom|78\/100|[from] Grassy Terrain\n|-heal|p1a: Ferrothorn|30\/100|[from] Grassy Terrain\n|upkeep\n|turn|16\n|\n|t:|1700832896\n|switch|p2a: Heatran|Heatran, M|100\/100\n|move|p1a: Ferrothorn|Thunder Wave|p2a: Heatran\n|-status|p2a: Heatran|par\n|\n|-weather|RainDance|[upkeep]\n|-heal|p1a: Ferrothorn|36\/100|[from] Grassy Terrain\n|upkeep\n|turn|17\n|\n|t:|1700832909\n|switch|p1a: Swampert|Swampert-Mega, F|78\/100 tox\n|move|p2a: Heatran|Stealth Rock|p1a: Swampert\n|-sidestart|p1: ybbjj|move: Stealth Rock\n|\n|-weather|none\n|-heal|p1a: Swampert|84\/100 tox|[from] Grassy Terrain\n|-damage|p1a: Swampert|78\/100 tox|[from] psn\n|upkeep\n|turn|18\n|\n|t:|1700832929\n|switch|p2a: Zapdos|Zapdos|62\/100\n|move|p1a: Swampert|Flip Turn|p2a: Zapdos\n|-damage|p2a: Zapdos|28\/100\n|\n|t:|1700832934\n|switch|p1a: Pelipper|Pelipper, F|100\/100|[from] Flip Turn\n|-damage|p1a: Pelipper|75\/100|[from] Stealth Rock\n|-weather|RainDance|[from] ability: Drizzle|[of] p1a: Pelipper\n|\n|-weather|RainDance|[upkeep]\n|upkeep\n|turn|19\n|\n|t:|1700832951\n|switch|p1a: Swampert|Swampert-Mega, F|78\/100 tox\n|-damage|p1a: Swampert|72\/100 tox|[from] Stealth Rock\n|move|p2a: Zapdos|Roost|p2a: Zapdos\n|-heal|p2a: Zapdos|78\/100\n|-singleturn|p2a: Zapdos|move: Roost\n|\n|-weather|RainDance|[upkeep]\n|-heal|p1a: Swampert|78\/100 tox|[from] Grassy Terrain\n|-heal|p2a: Zapdos|84\/100|[from] Grassy Terrain\n|-damage|p1a: Swampert|72\/100 tox|[from] psn\n|-fieldend|move: Grassy Terrain\n|upkeep\n|turn|20\n|\n|t:|1700832963\n|move|p1a: Swampert|Liquidation|p2a: Zapdos\n|-damage|p2a: Zapdos|11\/100\n|-unboost|p2a: Zapdos|def|1\n|move|p2a: Zapdos|Roost|p2a: Zapdos\n|-heal|p2a: Zapdos|61\/100\n|-singleturn|p2a: Zapdos|move: Roost\n|\n|-weather|RainDance|[upkeep]\n|-damage|p1a: Swampert|59\/100 tox|[from] psn\n|upkeep\n|turn|21\n|\n|t:|1700832969\n|switch|p2a: Rillaboom|Rillaboom, M|78\/100\n|-fieldstart|move: Grassy Terrain|[from] ability: Grassy Surge|[of] p2a: Rillaboom\n|move|p1a: Swampert|Liquidation|p2a: Rillaboom\n|-resisted|p2a: Rillaboom\n|-crit|p2a: Rillaboom\n|-damage|p2a: Rillaboom|16\/100\n|-unboost|p2a: Rillaboom|def|1\n|\n|-weather|RainDance|[upkeep]\n|-heal|p1a: Swampert|65\/100 tox|[from] Grassy Terrain\n|-heal|p2a: Rillaboom|22\/100|[from] Grassy Terrain\n|-damage|p1a: Swampert|47\/100 tox|[from] psn\n|upkeep\n|turn|22\n|\n|t:|1700832984\n|switch|p1a: Pelipper|Pelipper, F|75\/100\n|-damage|p1a: Pelipper|50\/100|[from] Stealth Rock\n|switch|p2a: Heatran|Heatran, M|100\/100 par\n|\n|-weather|RainDance|[upkeep]\n|upkeep\n|turn|23\n|\n|t:|1700832995\n|move|p1a: Pelipper|Weather Ball|p2a: Heatran\n|-supereffective|p2a: Heatran\n|-damage|p2a: Heatran|25\/100 par\n|cant|p2a: Heatran|par\n|\n|-weather|RainDance|[upkeep]\n|-heal|p2a: Heatran|32\/100 par|[from] Grassy Terrain\n|-heal|p2a: Heatran|38\/100 par|[from] item: Leftovers\n|upkeep\n|turn|24\n|\n|t:|1700833004\n|move|p1a: Pelipper|Weather Ball|p2a: Heatran\n|-supereffective|p2a: Heatran\n|-damage|p2a: Heatran|0 fnt\n|faint|p2a: Heatran\n|\n|-weather|RainDance|[upkeep]\n|upkeep\n|\n|t:|1700833008\n|switch|p2a: Zapdos|Zapdos|61\/100\n|turn|25\n|\n|t:|1700833023\n|switch|p1a: Ferrothorn|Ferrothorn, M|36\/100\n|-damage|p1a: Ferrothorn|30\/100|[from] Stealth Rock\n|move|p2a: Zapdos|Volt Switch|p1a: Ferrothorn\n|-resisted|p1a: Ferrothorn\n|-damage|p1a: Ferrothorn|14\/100\n|\n|t:|1700833027\n|switch|p2a: Rillaboom|Rillaboom, M|22\/100|[from] Volt Switch\n|\n|-weather|none\n|-heal|p2a: Rillaboom|28\/100|[from] Grassy Terrain\n|-heal|p1a: Ferrothorn|21\/100|[from] Grassy Terrain\n|-fieldend|move: Grassy Terrain\n|upkeep\n|turn|26\n|\n|t:|1700833040\n|switch|p2a: Zapdos|Zapdos|61\/100\n|move|p1a: Ferrothorn|Stealth Rock|p2a: Zapdos\n|-sidestart|p2: lbwnb114514|move: Stealth Rock\n|\n|upkeep\n|turn|27\n|\n|t:|1700833064\n|switch|p1a: Pelipper|Pelipper, F|50\/100\n|-damage|p1a: Pelipper|25\/100|[from] Stealth Rock\n|-weather|RainDance|[from] ability: Drizzle|[of] p1a: Pelipper\n|move|p2a: Zapdos|Roost|p2a: Zapdos\n|-heal|p2a: Zapdos|100\/100\n|-singleturn|p2a: Zapdos|move: Roost\n|\n|-weather|RainDance|[upkeep]\n|upkeep\n|turn|28\n|\n|t:|1700833081\n|switch|p1a: Ferrothorn|Ferrothorn, M|21\/100\n|-damage|p1a: Ferrothorn|14\/100|[from] Stealth Rock\n|move|p2a: Zapdos|Hidden Power|p1a: Ferrothorn\n|-damage|p1a: Ferrothorn|0 fnt\n|faint|p1a: Ferrothorn\n|\n|-weather|RainDance|[upkeep]\n|upkeep\n|\n|t:|1700833088\n|switch|p1a: Swampert|Swampert-Mega, F|47\/100 tox\n|-damage|p1a: Swampert|41\/100 tox|[from] Stealth Rock\n|turn|29\n|\n|t:|1700833094\n|move|p1a: Swampert|Liquidation|p2a: Zapdos\n|-damage|p2a: Zapdos|29\/100\n|move|p2a: Zapdos|Hidden Power|p1a: Swampert\n|-damage|p1a: Swampert|25\/100 tox\n|\n|-weather|RainDance|[upkeep]\n|-damage|p1a: Swampert|18\/100 tox|[from] psn\n|upkeep\n|turn|30\n|\n|t:|1700833100\n|move|p1a: Swampert|Liquidation|p2a: Zapdos\n|-damage|p2a: Zapdos|0 fnt\n|faint|p2a: Zapdos\n|\n|-weather|RainDance|[upkeep]\n|-damage|p1a: Swampert|6\/100 tox|[from] psn\n|upkeep\n|\n|t:|1700833102\n|switch|p2a: Rillaboom|Rillaboom, M|28\/100\n|-damage|p2a: Rillaboom|16\/100|[from] Stealth Rock\n|-fieldstart|move: Grassy Terrain|[from] ability: Grassy Surge|[of] p2a: Rillaboom\n|turn|31\n|\n|t:|1700833108\n|move|p2a: Rillaboom|Grassy Glide|p1a: Swampert\n|-supereffective|p1a: Swampert\n|-damage|p1a: Swampert|0 fnt\n|faint|p1a: Swampert\n|\n|-weather|RainDance|[upkeep]\n|-heal|p2a: Rillaboom|22\/100|[from] Grassy Terrain\n|upkeep\n|\n|t:|1700833110\n|switch|p1a: Barraskewda|Barraskewda, M|18\/100 par\n|-damage|p1a: Barraskewda|5\/100 par|[from] Stealth Rock\n|turn|32\n|\n|t:|1700833115\n|move|p1a: Barraskewda|Aqua Jet|p2a: Rillaboom\n|-resisted|p2a: Rillaboom\n|-damage|p2a: Rillaboom|3\/100\n|-damage|p1a: Barraskewda|0 fnt|[from] item: Life Orb\n|faint|p1a: Barraskewda\n|move|p2a: Rillaboom|Grassy Glide|p1: Barraskewda|[notarget]\n|-fail|p2a: Rillaboom\n|\n|-weather|RainDance|[upkeep]\n|-heal|p2a: Rillaboom|9\/100|[from] Grassy Terrain\n|upkeep\n|-message|ybbjj forfeited.\n|\n|win|lbwnb114514\n|raw|ybbjj's rating: 1200 &rarr; <strong>1177<\/strong><br \/>(-23 for losing)\n|raw|lbwnb114514's rating: 1232 &rarr; <strong>1255<\/strong><br \/>(+23 for winning)\n|l|\u2606ybbjj\n","uploadtime":1700833125,"views":7,"p1id":"ybbjj","p2id":"lbwnb114514","formatid":"gen9nationaldex","rating":1177,"private":0,"password":""}