{"id":"gen9nationaldex-1987927595","p1":"jgjvg","p2":"fishinater","format":"[Gen 9] National Dex","log":"|j|\u2606jgjvg\n|j|\u2606fishinater\n|t:|1699649981\n|gametype|singles\n|player|p1|jgjvg|veteran|1018\n|player|p2|fishinater|1|1097\n|teamsize|p1|6\n|teamsize|p2|6\n|gen|9\n|tier|[Gen 9] National Dex\n|rated|\n|rule|HP Percentage Mod: HP is shown in percentages\n|rule|Endless Battle Clause: Forcing endless battles is banned\n|rule|OHKO Clause: OHKO moves are banned\n|rule|Evasion Clause: Evasion abilities, items, and moves are banned\n|rule|Evasion Abilities Clause: Evasion abilities are banned\n|rule|Evasion Items Clause: Evasion items are banned\n|rule|Evasion Moves Clause: Evasion moves are banned\n|rule|Species Clause: Limit one of each Pok\u00e9mon\n|rule|Sleep Clause Mod: Limit one foe put to sleep\n|clearpoke\n|poke|p1|Serperior, M|\n|poke|p1|Garchomp, M|\n|poke|p1|Tyranitar, M|\n|poke|p1|Excadrill, M|\n|poke|p1|Dracozolt|\n|poke|p1|Archeops, F|\n|poke|p2|Onix, M|\n|poke|p2|Cloyster, M|\n|poke|p2|Steelix, M|\n|poke|p2|Serperior, M|\n|poke|p2|Charizard, M|\n|poke|p2|Omastar, M|\n|teampreview\n|\n|t:|1699649993\n|start\n|switch|p1a: Serperior|Serperior, M|100\/100\n|switch|p2a: Can You Stack Don-|Onix, M, shiny|100\/100\n|turn|1\n|\n|t:|1699650008\n|move|p1a: Serperior|Leaf Storm|p2a: Can You Stack Don-\n|-supereffective|p2a: Can You Stack Don-\n|-ability|p2a: Can You Stack Don-|Sturdy\n|-damage|p2a: Can You Stack Don-|1\/100\n|-boost|p1a: Serperior|spa|2\n|move|p2a: Can You Stack Don-|Stealth Rock|p1a: Serperior\n|-sidestart|p1: jgjvg|move: Stealth Rock\n|\n|upkeep\n|turn|2\n|\n|t:|1699650019\n|move|p1a: Serperior|Leaf Storm|p2a: Can You Stack Don-\n|-supereffective|p2a: Can You Stack Don-\n|-damage|p2a: Can You Stack Don-|0 fnt\n|-boost|p1a: Serperior|spa|2\n|faint|p2a: Can You Stack Don-\n|\n|upkeep\n|\n|t:|1699650024\n|switch|p2a: Grass Mamba|Serperior, M, shiny|100\/100\n|turn|3\n|\n|t:|1699650030\n|move|p1a: Serperior|Leaf Storm|p2a: Grass Mamba\n|-resisted|p2a: Grass Mamba\n|-damage|p2a: Grass Mamba|2\/100\n|-boost|p1a: Serperior|spa|2\n|move|p2a: Grass Mamba|Glare|p1a: Serperior\n|-status|p1a: Serperior|par\n|\n|upkeep\n|turn|4\n|\n|t:|1699650038\n|move|p2a: Grass Mamba|Leaf Storm|p1a: Serperior\n|-resisted|p1a: Serperior\n|-damage|p1a: Serperior|73\/100 par\n|-boost|p2a: Grass Mamba|spa|2\n|move|p1a: Serperior|Leaf Storm|p2a: Grass Mamba\n|-resisted|p2a: Grass Mamba\n|-crit|p2a: Grass Mamba\n|-damage|p2a: Grass Mamba|0 fnt\n|faint|p2a: Grass Mamba\n|\n|upkeep\n|\n|t:|1699650048\n|switch|p2a: Clussy|Cloyster, M, shiny|100\/100\n|turn|5\n|\n|t:|1699650058\n|move|p2a: Clussy|Shell Smash|p2a: Clussy\n|-unboost|p2a: Clussy|def|1\n|-unboost|p2a: Clussy|spd|1\n|-boost|p2a: Clussy|atk|2\n|-boost|p2a: Clussy|spa|2\n|-boost|p2a: Clussy|spe|2\n|move|p1a: Serperior|Leaf Storm|p2a: Clussy\n|-supereffective|p2a: Clussy\n|-enditem|p2a: Clussy|Focus Sash\n|-damage|p2a: Clussy|1\/100\n|\n|upkeep\n|turn|6\n|\n|t:|1699650073\n|move|p2a: Clussy|Icicle Spear|p1a: Serperior\n|-supereffective|p1a: Serperior\n|-damage|p1a: Serperior|21\/100 par\n|-supereffective|p1a: Serperior\n|-damage|p1a: Serperior|0 fnt\n|faint|p1a: Serperior\n|-hitcount|p1: Serperior|2\n|\n|upkeep\n|\n|t:|1699650077\n|switch|p1a: Tyranitar|Tyranitar, M|100\/100\n|-damage|p1a: Tyranitar|88\/100|[from] Stealth Rock\n|-weather|Sandstorm|[from] ability: Sand Stream|[of] p1a: Tyranitar\n|turn|7\n|\n|t:|1699650083\n|move|p2a: Clussy|Pin Missile|p1a: Tyranitar\n|-supereffective|p1a: Tyranitar\n|-damage|p1a: Tyranitar|70\/100\n|-supereffective|p1a: Tyranitar\n|-damage|p1a: Tyranitar|51\/100\n|-supereffective|p1a: Tyranitar\n|-damage|p1a: Tyranitar|33\/100\n|-supereffective|p1a: Tyranitar\n|-damage|p1a: Tyranitar|15\/100\n|-supereffective|p1a: Tyranitar\n|-damage|p1a: Tyranitar|0 fnt\n|faint|p1a: Tyranitar\n|-hitcount|p1: Tyranitar|5\n|\n|-weather|Sandstorm|[upkeep]\n|-damage|p2a: Clussy|0 fnt|[from] Sandstorm\n|faint|p2a: Clussy\n|upkeep\n|\n|t:|1699650099\n|switch|p2a: Diamondix|Steelix, M|100\/100\n|switch|p1a: Garchomp|Garchomp, M|100\/100\n|-damage|p1a: Garchomp|94\/100|[from] Stealth Rock\n|turn|8\n|\n|t:|1699650112\n|detailschange|p1a: Garchomp|Garchomp-Mega, M\n|-mega|p1a: Garchomp|Garchomp|Garchompite\n|detailschange|p2a: Diamondix|Steelix-Mega, M\n|-mega|p2a: Diamondix|Steelix|Steelixite\n|move|p1a: Garchomp|Earthquake|p2a: Diamondix\n|-supereffective|p2a: Diamondix\n|-damage|p2a: Diamondix|24\/100\n|move|p2a: Diamondix|Iron Defense|p2a: Diamondix\n|-boost|p2a: Diamondix|def|2\n|\n|-weather|Sandstorm|[upkeep]\n|upkeep\n|turn|9\n|\n|t:|1699650125\n|move|p1a: Garchomp|Swords Dance|p1a: Garchomp\n|-boost|p1a: Garchomp|atk|2\n|move|p2a: Diamondix|Earthquake|p1a: Garchomp\n|-damage|p1a: Garchomp|47\/100\n|\n|-weather|Sandstorm|[upkeep]\n|upkeep\n|turn|10\n|\n|t:|1699650135\n|move|p1a: Garchomp|Earthquake|p2a: Diamondix\n|-supereffective|p2a: Diamondix\n|-crit|p2a: Diamondix\n|-damage|p2a: Diamondix|0 fnt\n|faint|p2a: Diamondix\n|\n|-weather|Sandstorm|[upkeep]\n|upkeep\n|\n|t:|1699650141\n|switch|p2a: Lucky Star|Omastar, M, shiny|100\/100\n|turn|11\n|\n|t:|1699650147\n|move|p1a: Garchomp|Earthquake|p2a: Lucky Star\n|-supereffective|p2a: Lucky Star\n|-enditem|p2a: Lucky Star|Focus Sash\n|-damage|p2a: Lucky Star|1\/100\n|move|p2a: Lucky Star|Shell Smash|p2a: Lucky Star\n|-unboost|p2a: Lucky Star|def|1\n|-unboost|p2a: Lucky Star|spd|1\n|-boost|p2a: Lucky Star|atk|2\n|-boost|p2a: Lucky Star|spa|2\n|-boost|p2a: Lucky Star|spe|2\n|\n|-weather|none\n|upkeep\n|turn|12\n|\n|t:|1699650174\n|move|p2a: Lucky Star|Pin Missile|p1a: Garchomp\n|-damage|p1a: Garchomp|38\/100\n|-damage|p1a: Garchomp|29\/100\n|-hitcount|p1a: Garchomp|2\n|move|p1a: Garchomp|Dragon Claw|p2a: Lucky Star\n|-damage|p2a: Lucky Star|0 fnt\n|faint|p2a: Lucky Star\n|\n|upkeep\n|\n|t:|1699650181\n|switch|p2a: Carnosaur|Charizard, M, shiny|100\/100\n|turn|13\n|\n|t:|1699650189\n|move|p2a: Carnosaur|Fire Blast|p1a: Garchomp\n|-resisted|p1a: Garchomp\n|-damage|p1a: Garchomp|4\/100\n|move|p1a: Garchomp|Dragon Claw|p2a: Carnosaur\n|-damage|p2a: Carnosaur|0 fnt\n|faint|p2a: Carnosaur\n|\n|win|jgjvg\n|raw|jgjvg's rating: 1018 &rarr; <strong>1064<\/strong><br \/>(+46 for winning)\n|raw|fishinater's rating: 1097 &rarr; <strong>1067<\/strong><br \/>(-30 for losing)\n","uploadtime":1699650202,"views":4,"p1id":"jgjvg","p2id":"fishinater","formatid":"gen9nationaldex","rating":1064,"private":0,"password":""}