{"id":"gen9nationaldex-1994555778","p1":"anthony richardson","p2":"jaynay121","format":"[Gen 9] National Dex","log":"|html|<div class=\"broadcast-blue\"><strong>[Gen 9] National Dex is currently suspecting Sneasler! For information on how to participate check out the <a href=\"https:\/\/www.smogon.com\/forums\/threads\/sv-national-dex-suspect-8-just-dance.3731534\/\">suspect thread<\/a>.<\/strong><\/div>\n|j|\u2606anthony richardson\n|j|\u2606jaynay121\n|t:|1700459199\n|gametype|singles\n|player|p1|anthony richardson|cyclist-gen4|\n|player|p2|jaynay121|266|\n|teamsize|p1|6\n|teamsize|p2|6\n|gen|9\n|tier|[Gen 9] National Dex\n|rule|HP Percentage Mod: HP is shown in percentages\n|rule|Endless Battle Clause: Forcing endless battles is banned\n|rule|OHKO Clause: OHKO moves are banned\n|rule|Evasion Clause: Evasion abilities, items, and moves are banned\n|rule|Evasion Abilities Clause: Evasion abilities are banned\n|rule|Evasion Items Clause: Evasion items are banned\n|rule|Evasion Moves Clause: Evasion moves are banned\n|rule|Species Clause: Limit one of each Pok\u00e9mon\n|rule|Sleep Clause Mod: Limit one foe put to sleep\n|clearpoke\n|poke|p1|Ting-Lu|\n|poke|p1|Goodra, F|\n|poke|p1|Absol, M|\n|poke|p1|Silvally-*|\n|poke|p1|Nidoking, M|\n|poke|p1|Scream Tail|\n|poke|p2|Keldeo-Resolute|\n|poke|p2|Blissey, F|\n|poke|p2|Sneasler, F|\n|poke|p2|Landorus-Therian, M|\n|poke|p2|Hydreigon, F|\n|poke|p2|Heatran, F|\n|teampreview\n|j| NYCMayorEricAdams\n|l| NYCMayorEricAdams\n|j| NYCMayorEricAdams\n|j| Klutchin\n|\n|t:|1700459262\n|start\n|switch|p1a: Silvally|Silvally-Ghost|100\/100\n|switch|p2a: Heatran|Heatran, F|100\/100\n|turn|1\n|\n|t:|1700459281\n|move|p1a: Silvally|Parting Shot|p2a: Heatran\n|-unboost|p2a: Heatran|atk|1\n|-unboost|p2a: Heatran|spa|1\n|\n|t:|1700459286\n|switch|p1a: Ting-Lu|Ting-Lu|100\/100|[from] Parting Shot\n|-ability|p1a: Ting-Lu|Vessel of Ruin\n|move|p2a: Heatran|Stealth Rock|p1a: Ting-Lu\n|-sidestart|p1: anthony richardson|move: Stealth Rock\n|\n|upkeep\n|turn|2\n|\n|t:|1700459306\n|switch|p2a: Keldeo|Keldeo-Resolute|100\/100\n|move|p1a: Ting-Lu|Stealth Rock|p2a: Keldeo\n|-sidestart|p2: jaynay121|move: Stealth Rock\n|\n|upkeep\n|turn|3\n|\n|t:|1700459329\n|switch|p1a: Goodra|Goodra, F, shiny|100\/100\n|-damage|p1a: Goodra|88\/100|[from] Stealth Rock\n|move|p2a: Keldeo|Hydro Pump|p1a: Goodra\n|-resisted|p1a: Goodra\n|-damage|p1a: Goodra|74\/100\n|\n|upkeep\n|turn|4\n|\n|t:|1700459340\n|switch|p2a: Blissey|Blissey, F|100\/100\n|move|p1a: Goodra|Knock Off|p2a: Blissey\n|-damage|p2a: Blissey|82\/100\n|-enditem|p2a: Blissey|Heavy-Duty Boots|[from] move: Knock Off|[of] p1a: Goodra\n|\n|upkeep\n|turn|5\n|\n|t:|1700459353\n|switch|p1a: Nidoking|Nidoking, M|100\/100\n|-damage|p1a: Nidoking|94\/100|[from] Stealth Rock\n|move|p2a: Blissey|Teleport|p2a: Blissey\n|\n|t:|1700459358\n|switch|p2a: Keldeo|Keldeo-Resolute|100\/100|[from] Teleport\n|-damage|p2a: Keldeo|94\/100|[from] Stealth Rock\n|\n|upkeep\n|turn|6\n|\n|t:|1700459400\n|switch|p1a: Goodra|Goodra, F, shiny|74\/100\n|-damage|p1a: Goodra|62\/100|[from] Stealth Rock\n|move|p2a: Keldeo|Hydro Pump|p1a: Goodra\n|-resisted|p1a: Goodra\n|-damage|p1a: Goodra|47\/100\n|\n|upkeep\n|turn|7\n|\n|t:|1700459414\n|switch|p2a: Blissey|Blissey, F|82\/100\n|-damage|p2a: Blissey|70\/100|[from] Stealth Rock\n|switch|p1a: Absol|Absol, M|100\/100\n|-damage|p1a: Absol|88\/100|[from] Stealth Rock\n|\n|upkeep\n|turn|8\n|\n|t:|1700459429\n|switch|p2a: Landorus|Landorus-Therian, M|100\/100\n|-damage|p2a: Landorus|88\/100|[from] Stealth Rock\n|-ability|p2a: Landorus|Intimidate|boost\n|-unboost|p1a: Absol|atk|1\n|detailschange|p1a: Absol|Absol-Mega, M\n|-mega|p1a: Absol|Absol|Absolite\n|move|p1a: Absol|Swords Dance|p1a: Absol\n|-boost|p1a: Absol|atk|2\n|\n|upkeep\n|turn|9\n|l| NYCMayorEricAdams\n|\n|t:|1700459457\n|switch|p1a: Silvally|Silvally-Ghost|100\/100\n|-damage|p1a: Silvally|88\/100|[from] Stealth Rock\n|move|p2a: Landorus|Earthquake|p1a: Silvally\n|-damage|p1a: Silvally|25\/100\n|\n|upkeep\n|turn|10\n|j| NYCMayorEricAdams\n|\n|t:|1700459469\n|switch|p1a: Ting-Lu|Ting-Lu|100\/100\n|-damage|p1a: Ting-Lu|94\/100|[from] Stealth Rock\n|-ability|p1a: Ting-Lu|Vessel of Ruin\n|move|p2a: Landorus|Earthquake|p1a: Ting-Lu\n|-damage|p1a: Ting-Lu|40\/100\n|\n|-heal|p1a: Ting-Lu|46\/100|[from] item: Leftovers\n|upkeep\n|turn|11\n|\n|t:|1700459478\n|switch|p1a: Silvally|Silvally-Ghost|25\/100\n|-damage|p1a: Silvally|13\/100|[from] Stealth Rock\n|move|p2a: Landorus|Earthquake|p1a: Silvally\n|-damage|p1a: Silvally|0 fnt\n|faint|p1a: Silvally\n|\n|upkeep\n|\n|t:|1700459486\n|switch|p1a: Nidoking|Nidoking, M|94\/100\n|-damage|p1a: Nidoking|88\/100|[from] Stealth Rock\n|turn|12\n|\n|t:|1700459509\n|switch|p2a: Blissey|Blissey, F|70\/100\n|-damage|p2a: Blissey|57\/100|[from] Stealth Rock\n|move|p1a: Nidoking|Ice Beam|p2a: Blissey\n|-damage|p2a: Blissey|44\/100\n|\n|upkeep\n|turn|13\n|\n|t:|1700459516\n|switch|p1a: Scream Tail|Scream Tail|100\/100\n|move|p2a: Blissey|Soft-Boiled|p2a: Blissey\n|-heal|p2a: Blissey|94\/100\n|\n|upkeep\n|turn|14\n|\n|t:|1700459523\n|move|p1a: Scream Tail|Wish|p1a: Scream Tail\n|move|p2a: Blissey|Toxic|p1a: Scream Tail\n|-status|p1a: Scream Tail|tox\n|\n|-damage|p1a: Scream Tail|94\/100 tox|[from] psn\n|upkeep\n|turn|15\n|\n|t:|1700459538\n|-end|p1a: Scream Tail|Protosynthesis|[silent]\n|switch|p1a: Goodra|Goodra, F, shiny|47\/100\n|-damage|p1a: Goodra|34\/100|[from] Stealth Rock\n|move|p2a: Blissey|Toxic|p1a: Goodra\n|-status|p1a: Goodra|tox\n|\n|-heal|p1a: Goodra|91\/100 tox|[from] move: Wish|[wisher] Scream Tail\n|-damage|p1a: Goodra|84\/100 tox|[from] psn\n|upkeep\n|turn|16\n|\n|t:|1700459549\n|switch|p1a: Absol|Absol-Mega, M|88\/100\n|-damage|p1a: Absol|76\/100|[from] Stealth Rock\n|move|p2a: Blissey|Teleport|p2a: Blissey\n|\n|t:|1700459560\n|switch|p2a: Sneasler|Sneasler, F|100\/100|[from] Teleport\n|-damage|p2a: Sneasler|95\/100|[from] Stealth Rock\n|\n|upkeep\n|turn|17\n|\n|t:|1700459595\n|switch|p1a: Ting-Lu|Ting-Lu|46\/100\n|-damage|p1a: Ting-Lu|40\/100|[from] Stealth Rock\n|-ability|p1a: Ting-Lu|Vessel of Ruin\n|move|p2a: Sneasler|U-turn|p1a: Ting-Lu\n|-supereffective|p1a: Ting-Lu\n|-damage|p1a: Ting-Lu|2\/100\n|\n|t:|1700459618\n|switch|p2a: Landorus|Landorus-Therian, M|88\/100|[from] U-turn\n|-damage|p2a: Landorus|76\/100|[from] Stealth Rock\n|-ability|p2a: Landorus|Intimidate|boost\n|-unboost|p1a: Ting-Lu|atk|1\n|\n|-heal|p1a: Ting-Lu|8\/100|[from] item: Leftovers\n|upkeep\n|turn|18\n|\n|t:|1700459630\n|move|p2a: Landorus|Earthquake|p1a: Ting-Lu\n|-damage|p1a: Ting-Lu|0 fnt\n|faint|p1a: Ting-Lu\n|\n|upkeep\n|\n|t:|1700459633\n|switch|p1a: Nidoking|Nidoking, M|88\/100\n|-damage|p1a: Nidoking|82\/100|[from] Stealth Rock\n|turn|19\n|\n|t:|1700459637\n|switch|p1a: Absol|Absol-Mega, M|76\/100\n|-damage|p1a: Absol|64\/100|[from] Stealth Rock\n|switch|p2a: Blissey|Blissey, F|94\/100\n|-damage|p2a: Blissey|81\/100|[from] Stealth Rock\n|\n|upkeep\n|turn|20\n|\n|t:|1700459645\n|switch|p2a: Landorus|Landorus-Therian, M|76\/100\n|-damage|p2a: Landorus|64\/100|[from] Stealth Rock\n|-ability|p2a: Landorus|Intimidate|boost\n|-unboost|p1a: Absol|atk|1\n|move|p1a: Absol|Knock Off|p2a: Landorus\n|-damage|p2a: Landorus|27\/100\n|-enditem|p2a: Landorus|Choice Band|[from] move: Knock Off|[of] p1a: Absol\n|\n|upkeep\n|turn|21\n|l| NYCMayorEricAdams\n|j| NYCMayorEricAdams\n|\n|t:|1700459710\n|move|p1a: Absol|Sucker Punch|p2a: Landorus\n|-damage|p2a: Landorus|0 fnt\n|faint|p2a: Landorus\n|\n|upkeep\n|\n|t:|1700459716\n|switch|p2a: Heatran|Heatran, F|100\/100\n|-damage|p2a: Heatran|88\/100|[from] Stealth Rock\n|turn|22\n|l| NYCMayorEricAdams\n|\n|t:|1700459726\n|switch|p1a: Goodra|Goodra, F, shiny|84\/100 tox\n|-damage|p1a: Goodra|72\/100 tox|[from] Stealth Rock\n|move|p2a: Heatran|Earth Power|p1a: Goodra\n|-damage|p1a: Goodra|63\/100 tox\n|\n|-heal|p2a: Heatran|94\/100|[from] item: Leftovers\n|-damage|p1a: Goodra|57\/100 tox|[from] psn\n|upkeep\n|turn|23\n|j| NYCMayorEricAdams\n|\n|t:|1700459742\n|switch|p2a: Blissey|Blissey, F|81\/100\n|-damage|p2a: Blissey|69\/100|[from] Stealth Rock\n|move|p1a: Goodra|Earthquake|p2a: Blissey\n|-damage|p2a: Blissey|51\/100\n|\n|-damage|p1a: Goodra|45\/100 tox|[from] psn\n|upkeep\n|turn|24\n|l| NYCMayorEricAdams\n|\n|t:|1700459755\n|switch|p1a: Scream Tail|Scream Tail|94\/100 tox\n|move|p2a: Blissey|Toxic|p1a: Scream Tail\n|-fail|p1a: Scream Tail|tox\n|\n|-damage|p1a: Scream Tail|88\/100 tox|[from] psn\n|upkeep\n|turn|25\n|j| NYCMayorEricAdams\n|\n|t:|1700459768\n|move|p1a: Scream Tail|Wish|p1a: Scream Tail\n|move|p2a: Blissey|Soft-Boiled|p2a: Blissey\n|-heal|p2a: Blissey|100\/100\n|\n|-damage|p1a: Scream Tail|76\/100 tox|[from] psn\n|upkeep\n|turn|26\n|\n|t:|1700459776\n|-end|p1a: Scream Tail|Protosynthesis|[silent]\n|switch|p1a: Absol|Absol-Mega, M|64\/100\n|-damage|p1a: Absol|52\/100|[from] Stealth Rock\n|move|p2a: Blissey|Seismic Toss|p1a: Absol\n|-damage|p1a: Absol|15\/100\n|\n|-heal|p1a: Absol|95\/100|[from] move: Wish|[wisher] Scream Tail\n|upkeep\n|turn|27\n|\n|t:|1700459790\n|switch|p1a: Scream Tail|Scream Tail|76\/100 tox\n|move|p2a: Blissey|Seismic Toss|p1a: Scream Tail\n|-damage|p1a: Scream Tail|53\/100 tox\n|\n|-damage|p1a: Scream Tail|46\/100 tox|[from] psn\n|upkeep\n|turn|28\n|\n|t:|1700459802\n|switch|p2a: Sneasler|Sneasler, F|95\/100\n|-damage|p2a: Sneasler|89\/100|[from] Stealth Rock\n|move|p1a: Scream Tail|Wish|p1a: Scream Tail\n|\n|-damage|p1a: Scream Tail|34\/100 tox|[from] psn\n|upkeep\n|turn|29\n|\n|t:|1700459827\n|move|p1a: Scream Tail|Protect|p1a: Scream Tail\n|-singleturn|p1a: Scream Tail|Protect\n|move|p2a: Sneasler|Dire Claw|p1a: Scream Tail\n|-activate|p1a: Scream Tail|move: Protect\n|\n|-heal|p1a: Scream Tail|84\/100 tox|[from] move: Wish|[wisher] Scream Tail\n|-damage|p1a: Scream Tail|65\/100 tox|[from] psn\n|upkeep\n|turn|30\n|\n|t:|1700459836\n|-end|p1a: Scream Tail|Protosynthesis|[silent]\n|switch|p1a: Nidoking|Nidoking, M|82\/100\n|-damage|p1a: Nidoking|76\/100|[from] Stealth Rock\n|move|p2a: Sneasler|Dire Claw|p1a: Nidoking\n|-resisted|p1a: Nidoking\n|-crit|p1a: Nidoking\n|-damage|p1a: Nidoking|46\/100\n|-status|p1a: Nidoking|par\n|\n|upkeep\n|turn|31\n|\n|t:|1700459859\n|switch|p2a: Blissey|Blissey, F|100\/100\n|-damage|p2a: Blissey|88\/100|[from] Stealth Rock\n|move|p1a: Nidoking|Earth Power|p2a: Blissey\n|-crit|p2a: Blissey\n|-damage|p2a: Blissey|60\/100\n|\n|upkeep\n|turn|32\n|\n|t:|1700459871\n|switch|p1a: Absol|Absol-Mega, M|95\/100\n|-damage|p1a: Absol|83\/100|[from] Stealth Rock\n|move|p2a: Blissey|Teleport|p2a: Blissey\n|\n|t:|1700459877\n|switch|p2a: Sneasler|Sneasler, F|89\/100|[from] Teleport\n|-damage|p2a: Sneasler|83\/100|[from] Stealth Rock\n|\n|upkeep\n|turn|33\n|\n|t:|1700459944\n|switch|p1a: Nidoking|Nidoking, M|46\/100 par\n|-damage|p1a: Nidoking|39\/100 par|[from] Stealth Rock\n|move|p2a: Sneasler|U-turn|p1a: Nidoking\n|-resisted|p1a: Nidoking\n|-damage|p1a: Nidoking|14\/100 par\n|\n|t:|1700459957\n|switch|p2a: Hydreigon|Hydreigon, F|100\/100|[from] U-turn\n|-damage|p2a: Hydreigon|88\/100|[from] Stealth Rock\n|\n|upkeep\n|turn|34\n|\n|t:|1700459975\n|move|p2a: Hydreigon|Dark Pulse|p1a: Nidoking\n|-damage|p1a: Nidoking|0 fnt\n|faint|p1a: Nidoking\n|\n|upkeep\n|\n|t:|1700460000\n|switch|p1a: Absol|Absol-Mega, M|83\/100\n|-damage|p1a: Absol|71\/100|[from] Stealth Rock\n|turn|35\n|\n|t:|1700460029\n|switch|p2a: Heatran|Heatran, F|94\/100\n|-damage|p2a: Heatran|82\/100|[from] Stealth Rock\n|move|p1a: Absol|Swords Dance|p1a: Absol\n|-boost|p1a: Absol|atk|2\n|\n|-heal|p2a: Heatran|88\/100|[from] item: Leftovers\n|upkeep\n|turn|36\n|\n|t:|1700460144\n|move|p1a: Absol|Swords Dance|p1a: Absol\n|-boost|p1a: Absol|atk|2\n|move|p2a: Heatran|Magma Storm|p1a: Absol\n|-damage|p1a: Absol|0 fnt\n|faint|p1a: Absol\n|\n|-heal|p2a: Heatran|94\/100|[from] item: Leftovers\n|upkeep\n|\n|t:|1700460150\n|switch|p1a: Goodra|Goodra, F, shiny|45\/100 tox\n|-damage|p1a: Goodra|32\/100 tox|[from] Stealth Rock\n|turn|37\n|\n|t:|1700460197\n|switch|p2a: Blissey|Blissey, F|60\/100\n|-damage|p2a: Blissey|47\/100|[from] Stealth Rock\n|move|p1a: Goodra|Earthquake|p2a: Blissey\n|-damage|p2a: Blissey|31\/100\n|\n|-damage|p1a: Goodra|26\/100 tox|[from] psn\n|upkeep\n|turn|38\n|\n|t:|1700460211\n|move|p1a: Goodra|Earthquake|p2a: Blissey\n|-damage|p2a: Blissey|12\/100\n|move|p2a: Blissey|Soft-Boiled|p2a: Blissey\n|-heal|p2a: Blissey|62\/100\n|\n|-damage|p1a: Goodra|13\/100 tox|[from] psn\n|upkeep\n|turn|39\n|\n|t:|1700460217\n|move|p1a: Goodra|Earthquake|p2a: Blissey\n|-damage|p2a: Blissey|44\/100\n|move|p2a: Blissey|Soft-Boiled|p2a: Blissey\n|-heal|p2a: Blissey|94\/100\n|\n|-damage|p1a: Goodra|0 fnt|[from] psn\n|faint|p1a: Goodra\n|upkeep\n|\n|t:|1700460226\n|switch|p1a: Scream Tail|Scream Tail|65\/100 tox\n|turn|40\n|\n|t:|1700460229\n|move|p1a: Scream Tail|Dazzling Gleam|p2a: Blissey\n|-damage|p2a: Blissey|86\/100\n|move|p2a: Blissey|Teleport|p2a: Blissey\n|c|\u2606anthony richardson|gg\n|\n|t:|1700460240\n|switch|p2a: Sneasler|Sneasler, F|83\/100|[from] Teleport\n|-damage|p2a: Sneasler|77\/100|[from] Stealth Rock\n|\n|-damage|p1a: Scream Tail|59\/100 tox|[from] psn\n|upkeep\n|turn|41\n|c|\u2606jaynay121|gg\n|\n|t:|1700460253\n|move|p2a: Sneasler|U-turn|p1a: Scream Tail\n|-damage|p1a: Scream Tail|31\/100 tox\n|\n|t:|1700460266\n|switch|p2a: Heatran|Heatran, F|94\/100|[from] U-turn\n|-damage|p2a: Heatran|82\/100|[from] Stealth Rock\n|move|p1a: Scream Tail|Dazzling Gleam|p2a: Heatran\n|-resisted|p2a: Heatran\n|-damage|p2a: Heatran|78\/100\n|\n|-heal|p2a: Heatran|84\/100|[from] item: Leftovers\n|-damage|p1a: Scream Tail|18\/100 tox|[from] psn\n|upkeep\n|turn|42\n|\n|t:|1700460275\n|move|p1a: Scream Tail|Dazzling Gleam|p2a: Heatran\n|-resisted|p2a: Heatran\n|-damage|p2a: Heatran|80\/100\n|move|p2a: Heatran|Earth Power|p1a: Scream Tail\n|-damage|p1a: Scream Tail|4\/100 tox\n|\n|-heal|p2a: Heatran|87\/100|[from] item: Leftovers\n|-damage|p1a: Scream Tail|0 fnt|[from] psn\n|faint|p1a: Scream Tail\n|-end|p1a: Scream Tail|Protosynthesis|[silent]\n|\n|win|jaynay121\n|upkeep\n|l|\u2606anthony richardson\n|c|\u2606jaynay121|I didn't bring anything that's offensively good into Scream Tail apparently\n|l| NYCMayorEricAdams\n|j| NYCMayorEricAdams\n","uploadtime":1700460294,"views":15,"p1id":"anthonyrichardson","p2id":"jaynay121","formatid":"gen9nationaldex","rating":0,"private":0,"password":""}