{"id":"gen9nationaldex-1991880210","p1":"MMQZA7","p2":"hirovzzmp4","format":"[Gen 9] National Dex","log":"|j|\u2606MMQZA7\n|j|\u2606hirovzzmp4\n|t:|1700132813\n|gametype|singles\n|player|p1|MMQZA7|169|1381\n|player|p2|hirovzzmp4|marlon|1310\n|teamsize|p1|6\n|teamsize|p2|6\n|gen|9\n|tier|[Gen 9] National Dex\n|rated|\n|rule|HP Percentage Mod: HP is shown in percentages\n|rule|Endless Battle Clause: Forcing endless battles is banned\n|rule|OHKO Clause: OHKO moves are banned\n|rule|Evasion Clause: Evasion abilities, items, and moves are banned\n|rule|Evasion Abilities Clause: Evasion abilities are banned\n|rule|Evasion Items Clause: Evasion items are banned\n|rule|Evasion Moves Clause: Evasion moves are banned\n|rule|Species Clause: Limit one of each Pok\u00e9mon\n|rule|Sleep Clause Mod: Limit one foe put to sleep\n|clearpoke\n|poke|p1|Corviknight, M|\n|poke|p1|Staraptor, F|\n|poke|p1|Swellow, F|\n|poke|p1|Pidgeot, M|\n|poke|p1|Moltres|\n|poke|p1|Landorus-Therian, M|\n|poke|p2|Sableye, M|\n|poke|p2|Dondozo, F|\n|poke|p2|Corviknight, M|\n|poke|p2|Chansey, F|\n|poke|p2|Garganacl, M|\n|poke|p2|Alomomola, F|\n|teampreview\n|inactive|Battle timer is ON: inactive players will automatically lose when time's up. (requested by hirovzzmp4)\n|\n|t:|1700132826\n|start\n|switch|p1a: Swellow|Swellow, F|100\/100\n|switch|p2a: Garganacl|Garganacl, M|100\/100\n|turn|1\n|\n|t:|1700132834\n|switch|p1a: Landorus|Landorus-Therian, M|100\/100\n|-ability|p1a: Landorus|Intimidate|boost\n|-unboost|p2a: Garganacl|atk|1\n|move|p2a: Garganacl|Salt Cure|p1a: Landorus\n|-damage|p1a: Landorus|90\/100\n|-start|p1a: Landorus|Salt Cure\n|\n|-damage|p1a: Landorus|77\/100|[from] Salt Cure\n|upkeep\n|turn|2\n|\n|t:|1700132839\n|move|p1a: Landorus|Stealth Rock|p2a: Garganacl\n|-sidestart|p2: hirovzzmp4|move: Stealth Rock\n|move|p2a: Garganacl|Salt Cure|p1a: Landorus\n|-damage|p1a: Landorus|67\/100\n|\n|-damage|p1a: Landorus|55\/100|[from] Salt Cure\n|upkeep\n|turn|3\n|\n|t:|1700132842\n|switch|p2a: Corviknight|Corviknight, M|100\/100\n|-damage|p2a: Corviknight|88\/100|[from] Stealth Rock\n|-zpower|p1a: Landorus\n|move|p1a: Landorus|Tectonic Rage|p2a: Corviknight|[zeffect]\n|-immune|p2a: Corviknight\n|\n|-damage|p1a: Landorus|42\/100|[from] Salt Cure\n|upkeep\n|turn|4\n|\n|t:|1700132846\n|move|p1a: Landorus|U-turn|p2a: Corviknight\n|-resisted|p2a: Corviknight\n|-damage|p2a: Corviknight|85\/100\n|-damage|p1a: Landorus|26\/100|[from] item: Rocky Helmet|[of] p2a: Corviknight\n|\n|t:|1700132849\n|switch|p1a: Pidgeot|Pidgeot, M|100\/100|[from] U-turn\n|move|p2a: Corviknight|Defog|p1a: Pidgeot\n|-unboost|p1a: Pidgeot|evasion|1\n|-sideend|p2: hirovzzmp4|Stealth Rock|[from] move: Defog|[of] p2a: Corviknight\n|\n|upkeep\n|turn|5\n|\n|t:|1700132851\n|detailschange|p1a: Pidgeot|Pidgeot-Mega, M\n|-mega|p1a: Pidgeot|Pidgeot|Pidgeotite\n|move|p1a: Pidgeot|Heat Wave|p2a: Corviknight\n|-supereffective|p2a: Corviknight\n|-damage|p2a: Corviknight|18\/100\n|move|p2a: Corviknight|U-turn|p1a: Pidgeot\n|-resisted|p1a: Pidgeot\n|-damage|p1a: Pidgeot|92\/100\n|\n|t:|1700132860\n|switch|p2a: Chansey|Chansey, F|100\/100|[from] U-turn\n|\n|upkeep\n|turn|6\n|\n|t:|1700132862\n|move|p1a: Pidgeot|U-turn|p2a: Chansey\n|-damage|p2a: Chansey|76\/100\n|\n|t:|1700132866\n|switch|p1a: Landorus|Landorus-Therian, M|26\/100|[from] U-turn\n|-ability|p1a: Landorus|Intimidate|boost\n|-unboost|p2a: Chansey|atk|1\n|move|p2a: Chansey|Toxic|p1a: Landorus\n|-status|p1a: Landorus|tox\n|\n|-damage|p1a: Landorus|20\/100 tox|[from] psn\n|upkeep\n|turn|7\n|\n|t:|1700132870\n|switch|p2a: Corviknight|Corviknight, M|18\/100\n|move|p1a: Landorus|Stealth Rock|p2a: Corviknight\n|-sidestart|p2: hirovzzmp4|move: Stealth Rock\n|\n|-damage|p1a: Landorus|8\/100 tox|[from] psn\n|upkeep\n|turn|8\n|\n|t:|1700132874\n|move|p1a: Landorus|U-turn|p2a: Corviknight\n|-resisted|p2a: Corviknight\n|-damage|p2a: Corviknight|15\/100\n|-damage|p1a: Landorus|0 fnt|[from] item: Rocky Helmet|[of] p2a: Corviknight\n|faint|p1a: Landorus\n|move|p2a: Corviknight|Roost|p2a: Corviknight\n|-heal|p2a: Corviknight|65\/100\n|-singleturn|p2a: Corviknight|move: Roost\n|\n|upkeep\n|\n|t:|1700132887\n|switch|p1a: Pidgeot|Pidgeot-Mega, M|92\/100\n|turn|9\n|\n|t:|1700132893\n|switch|p2a: Garganacl|Garganacl, M|100\/100\n|-damage|p2a: Garganacl|88\/100|[from] Stealth Rock\n|move|p1a: Pidgeot|Heat Wave|p2a: Garganacl\n|-resisted|p2a: Garganacl\n|-damage|p2a: Garganacl|71\/100\n|\n|-heal|p2a: Garganacl|77\/100|[from] item: Leftovers\n|upkeep\n|turn|10\n|\n|t:|1700132899\n|move|p1a: Pidgeot|U-turn|p2a: Garganacl\n|-damage|p2a: Garganacl|70\/100\n|\n|t:|1700132911\n|switch|p1a: Corviknight|Corviknight, M|100\/100|[from] U-turn\n|-ability|p1a: Corviknight|Pressure\n|move|p2a: Garganacl|Salt Cure|p1a: Corviknight\n|-damage|p1a: Corviknight|90\/100\n|-start|p1a: Corviknight|Salt Cure\n|\n|-heal|p2a: Garganacl|76\/100|[from] item: Leftovers\n|-damage|p1a: Corviknight|66\/100|[from] Salt Cure\n|upkeep\n|turn|11\n|\n|t:|1700132919\n|switch|p2a: Corviknight|Corviknight, M|65\/100\n|-damage|p2a: Corviknight|53\/100|[from] Stealth Rock\n|move|p1a: Corviknight|Roost|p1a: Corviknight\n|-heal|p1a: Corviknight|100\/100\n|-singleturn|p1a: Corviknight|move: Roost\n|\n|-damage|p1a: Corviknight|76\/100|[from] Salt Cure\n|upkeep\n|turn|12\n|\n|t:|1700132930\n|move|p1a: Corviknight|Iron Defense|p1a: Corviknight\n|-boost|p1a: Corviknight|def|2\n|move|p2a: Corviknight|Defog|p1a: Corviknight\n|-unboost|p1a: Corviknight|evasion|1\n|-sideend|p2: hirovzzmp4|Stealth Rock|[from] move: Defog|[of] p2a: Corviknight\n|\n|-damage|p1a: Corviknight|51\/100|[from] Salt Cure\n|upkeep\n|turn|13\n|\n|t:|1700132933\n|move|p2a: Corviknight|U-turn|p1a: Corviknight\n|-resisted|p1a: Corviknight\n|-damage|p1a: Corviknight|50\/100\n|-damage|p2a: Corviknight|36\/100|[from] item: Rocky Helmet|[of] p1a: Corviknight\n|\n|t:|1700132939\n|switch|p2a: Garganacl|Garganacl, M|76\/100|[from] U-turn\n|move|p1a: Corviknight|Roost|p1a: Corviknight\n|-heal|p1a: Corviknight|99\/100\n|-singleturn|p1a: Corviknight|move: Roost\n|\n|-heal|p2a: Garganacl|82\/100|[from] item: Leftovers\n|-damage|p1a: Corviknight|75\/100|[from] Salt Cure\n|upkeep\n|turn|14\n|\n|t:|1700132943\n|move|p1a: Corviknight|Body Press|p2a: Garganacl\n|-supereffective|p2a: Garganacl\n|-crit|p2a: Garganacl\n|-damage|p2a: Garganacl|0 fnt\n|faint|p2a: Garganacl\n|\n|-damage|p1a: Corviknight|50\/100|[from] Salt Cure\n|upkeep\n|\n|t:|1700132949\n|switch|p2a: Sableye|Sableye, M|100\/100\n|turn|15\n|\n|t:|1700132955\n|switch|p1a: Pidgeot|Pidgeot-Mega, M|92\/100\n|move|p2a: Sableye|Encore||[still]\n|-fail|p2a: Sableye\n|\n|upkeep\n|turn|16\n|\n|t:|1700132962\n|switch|p2a: Chansey|Chansey, F|76\/100\n|move|p1a: Pidgeot|Hurricane|p2a: Chansey\n|-damage|p2a: Chansey|62\/100\n|\n|upkeep\n|turn|17\n|\n|t:|1700132971\n|move|p1a: Pidgeot|U-turn|p2a: Chansey\n|-damage|p2a: Chansey|40\/100\n|\n|t:|1700132975\n|switch|p1a: Corviknight|Corviknight, M|50\/100|[from] U-turn\n|-ability|p1a: Corviknight|Pressure\n|move|p2a: Chansey|Seismic Toss|p1a: Corviknight\n|-damage|p1a: Corviknight|25\/100\n|-damage|p2a: Chansey|23\/100|[from] item: Rocky Helmet|[of] p1a: Corviknight\n|\n|upkeep\n|turn|18\n|\n|t:|1700132979\n|switch|p2a: Sableye|Sableye, M|100\/100\n|move|p1a: Corviknight|Roost|p1a: Corviknight\n|-heal|p1a: Corviknight|75\/100\n|-singleturn|p1a: Corviknight|move: Roost\n|\n|upkeep\n|turn|19\n|\n|t:|1700132986\n|move|p1a: Corviknight|U-turn|p2a: Sableye\n|-damage|p2a: Sableye|80\/100\n|\n|t:|1700132990\n|switch|p1a: Moltres|Moltres|100\/100|[from] U-turn\n|move|p2a: Sableye|Foul Play|p1a: Moltres\n|-damage|p1a: Moltres|70\/100\n|\n|upkeep\n|turn|20\n|\n|t:|1700133003\n|switch|p1a: Staraptor|Staraptor, F|100\/100\n|switch|p2a: Dondozo|Dondozo, F|100\/100\n|\n|upkeep\n|turn|21\n|\n|t:|1700133007\n|move|p1a: Staraptor|U-turn|p2a: Dondozo\n|-damage|p2a: Dondozo|90\/100\n|\n|t:|1700133020\n|switch|p1a: Swellow|Swellow, F|100\/100|[from] U-turn\n|move|p2a: Dondozo|Curse|p2a: Dondozo\n|-unboost|p2a: Dondozo|spe|1\n|-boost|p2a: Dondozo|atk|1\n|-boost|p2a: Dondozo|def|1\n|\n|-heal|p2a: Dondozo|96\/100|[from] item: Leftovers\n|upkeep\n|turn|22\n|\n|t:|1700133025\n|-terastallize|p1a: Swellow|Normal\n|move|p1a: Swellow|Boomburst|p2a: Dondozo\n|-crit|p2a: Dondozo\n|-damage|p2a: Dondozo|0 fnt\n|faint|p2a: Dondozo\n|\n|upkeep\n|-message|hirovzzmp4 forfeited.\n|\n|win|MMQZA7\n|raw|MMQZA7's rating: 1381 &rarr; <strong>1397<\/strong><br \/>(+16 for winning)\n|raw|hirovzzmp4's rating: 1310 &rarr; <strong>1294<\/strong><br \/>(-16 for losing)\n|l|\u2606hirovzzmp4\n","uploadtime":1700133037,"views":4,"p1id":"mmqza7","p2id":"hirovzzmp4","formatid":"gen9nationaldex","rating":1294,"private":0,"password":""}