{"id":"gen9nationaldex-1996497329","p1":"djx","p2":"imbleed","format":"[Gen 9] National Dex","log":"|html|<div class=\"broadcast-blue\"><strong>[Gen 9] National Dex is currently suspecting Sneasler! For information on how to participate check out the <a href=\"https:\/\/www.smogon.com\/forums\/threads\/sv-national-dex-suspect-8-just-dance.3731534\/\">suspect thread<\/a>.<\/strong><\/div>\n|j|\u203ddjx\n|j|\u2606imbleed\n|t:|1700687773\n|gametype|singles\n|player|p1|djx|dawn-gen4pt|1313\n|player|p2|imbleed|poppy|1354\n|teamsize|p1|6\n|teamsize|p2|6\n|gen|9\n|tier|[Gen 9] National Dex\n|rated|\n|rule|HP Percentage Mod: HP is shown in percentages\n|rule|Endless Battle Clause: Forcing endless battles is banned\n|rule|OHKO Clause: OHKO moves are banned\n|rule|Evasion Clause: Evasion abilities, items, and moves are banned\n|rule|Evasion Abilities Clause: Evasion abilities are banned\n|rule|Evasion Items Clause: Evasion items are banned\n|rule|Evasion Moves Clause: Evasion moves are banned\n|rule|Species Clause: Limit one of each Pok\u00e9mon\n|rule|Sleep Clause Mod: Limit one foe put to sleep\n|clearpoke\n|poke|p1|Great Tusk|\n|poke|p1|Gyarados, M|\n|poke|p1|Iron Valiant|\n|poke|p1|Volcarona, F|\n|poke|p1|Tapu Koko|\n|poke|p1|Sneasler, M|\n|poke|p2|Porygon2|\n|poke|p2|Volcarona, F|\n|poke|p2|Sneasler, F|\n|poke|p2|Magnezone|\n|poke|p2|Cyclizar, F|\n|poke|p2|Zangoose, F|\n|teampreview\n|j| RATMOGS\n|j| fluffballs\n|\n|t:|1700687808\n|start\n|switch|p1a: Great Tusk|Great Tusk|100\/100\n|switch|p2a: omgon ban|Sneasler, F|100\/100\n|-enditem|p1a: Great Tusk|Booster Energy\n|-activate|p1a: Great Tusk|ability: Protosynthesis|[fromitem]\n|-start|p1a: Great Tusk|protosynthesisatk\n|turn|1\n|c| fluffballs|hello again, djx.\n|\n|t:|1700687821\n|move|p2a: omgon ban|Fling|p1a: Great Tusk\n|-resisted|p1a: Great Tusk\n|-damage|p1a: Great Tusk|96\/100\n|-status|p1a: Great Tusk|par\n|-enditem|p2a: omgon ban|Light Ball|[from] move: Fling\n|move|p1a: Great Tusk|Rapid Spin|p2a: omgon ban\n|-damage|p2a: omgon ban|59\/100\n|-boost|p1a: Great Tusk|spe|1\n|\n|upkeep\n|turn|2\n|\n|t:|1700687837\n|-terastallize|p2a: omgon ban|Flying\n|move|p2a: omgon ban|Swords Dance|p2a: omgon ban\n|-boost|p2a: omgon ban|atk|2\n|move|p1a: Great Tusk|Earthquake|p2a: omgon ban\n|-immune|p2a: omgon ban\n|\n|upkeep\n|turn|3\n|\n|t:|1700687845\n|move|p2a: omgon ban|Acrobatics|p1a: Great Tusk\n|-supereffective|p1a: Great Tusk\n|-damage|p1a: Great Tusk|0 fnt\n|faint|p1a: Great Tusk\n|-end|p1a: Great Tusk|Protosynthesis|[silent]\n|\n|upkeep\n|\n|t:|1700687849\n|switch|p1a: Volcarona|Volcarona, F|100\/100\n|turn|4\n|\n|t:|1700687852\n|move|p2a: omgon ban|Acrobatics|p1a: Volcarona\n|-supereffective|p1a: Volcarona\n|-damage|p1a: Volcarona|0 fnt\n|faint|p1a: Volcarona\n|\n|upkeep\n|\n|t:|1700687855\n|switch|p1a: Tapu Koko|Tapu Koko|100\/100\n|-fieldstart|move: Electric Terrain|[from] ability: Electric Surge|[of] p1a: Tapu Koko\n|turn|5\n|\n|t:|1700687876\n|move|p2a: omgon ban|Close Combat|p1a: Tapu Koko\n|-resisted|p1a: Tapu Koko\n|-damage|p1a: Tapu Koko|10\/100\n|-unboost|p2a: omgon ban|def|1\n|-unboost|p2a: omgon ban|spd|1\n|move|p1a: Tapu Koko|Wild Charge|p2a: omgon ban\n|-supereffective|p2a: omgon ban\n|-damage|p2a: omgon ban|0 fnt\n|faint|p2a: omgon ban\n|-damage|p1a: Tapu Koko|0 fnt|[from] Recoil\n|faint|p1a: Tapu Koko\n|\n|upkeep\n|inactive|Battle timer is ON: inactive players will automatically lose when time's up. (requested by imbleed)\n|\n|t:|1700687936\n|switch|p1a: Gyarados|Gyarados, M|100\/100\n|switch|p2a: bwc.exe|Porygon2|100\/100\n|-ability|p2a: bwc.exe|Download|boost\n|-boost|p2a: bwc.exe|atk|1\n|turn|6\n|\n|t:|1700687943\n|detailschange|p1a: Gyarados|Gyarados-Mega, M\n|-mega|p1a: Gyarados|Gyarados|Gyaradosite\n|-ability|p1a: Gyarados|Mold Breaker\n|move|p1a: Gyarados|Dragon Dance|p1a: Gyarados\n|-boost|p1a: Gyarados|atk|1\n|-boost|p1a: Gyarados|spe|1\n|move|p2a: bwc.exe|Speed Swap|p1a: Gyarados\n|-activate|p2a: bwc.exe|move: Speed Swap|[of] p1a: Gyarados\n|\n|upkeep\n|turn|7\n|\n|t:|1700687949\n|move|p2a: bwc.exe|Thunderbolt|p1a: Gyarados\n|-supereffective|p1a: Gyarados\n|-damage|p1a: Gyarados|21\/100\n|-damage|p2a: bwc.exe|91\/100|[from] item: Life Orb\n|move|p1a: Gyarados|Waterfall|p2a: bwc.exe\n|-damage|p2a: bwc.exe|22\/100\n|\n|upkeep\n|turn|8\n|\n|t:|1700687955\n|move|p2a: bwc.exe|Thunderbolt|p1a: Gyarados\n|-supereffective|p1a: Gyarados\n|-damage|p1a: Gyarados|0 fnt\n|faint|p1a: Gyarados\n|-damage|p2a: bwc.exe|12\/100|[from] item: Life Orb\n|\n|upkeep\n|\n|t:|1700687969\n|switch|p1a: Sneasler|Sneasler, M|100\/100\n|-enditem|p1a: Sneasler|Electric Seed\n|-boost|p1a: Sneasler|def|1|[from] item: Electric Seed\n|turn|9\n|\n|t:|1700687975\n|move|p1a: Sneasler|Low Kick|p2a: bwc.exe\n|-supereffective|p2a: bwc.exe\n|-damage|p2a: bwc.exe|0 fnt\n|faint|p2a: bwc.exe\n|\n|upkeep\n|\n|t:|1700688002\n|switch|p2a: anything|Magnezone|100\/100\n|turn|10\n|\n|t:|1700688010\n|move|p1a: Sneasler|Low Kick|p2a: anything\n|-supereffective|p2a: anything\n|-crit|p2a: anything\n|-damage|p2a: anything|0 fnt\n|faint|p2a: anything\n|\n|upkeep\n|\n|t:|1700688015\n|switch|p2a: mothussy|Volcarona, F|100\/100\n|turn|11\n|inactive|djx has 120 seconds left.\n|\n|t:|1700688056\n|move|p1a: Sneasler|Acrobatics|p2a: mothussy\n|-supereffective|p2a: mothussy\n|-damage|p2a: mothussy|0 fnt\n|-status|p1a: Sneasler|brn|[from] ability: Flame Body|[of] p2a: mothussy\n|faint|p2a: mothussy\n|\n|-damage|p1a: Sneasler|94\/100 brn|[from] brn\n|upkeep\n|\n|t:|1700688065\n|switch|p2a: the|Cyclizar, F|100\/100\n|turn|12\n|inactive|djx has 120 seconds left.\n|\n|t:|1700688073\n|move|p1a: Sneasler|Bulk Up|p1a: Sneasler\n|-boost|p1a: Sneasler|atk|1\n|-boost|p1a: Sneasler|def|1\n|move|p2a: the|Overheat|p1a: Sneasler\n|-damage|p1a: Sneasler|64\/100 brn\n|-unboost|p2a: the|spa|2\n|\n|-damage|p1a: Sneasler|58\/100 brn|[from] brn\n|-fieldend|move: Electric Terrain\n|upkeep\n|turn|13\n|\n|t:|1700688084\n|-terastallize|p1a: Sneasler|Flying\n|move|p1a: Sneasler|Acrobatics|p2a: the\n|-damage|p2a: the|37\/100\n|move|p2a: the|U-turn|p1a: Sneasler\n|-resisted|p1a: Sneasler\n|-damage|p1a: Sneasler|53\/100 brn\n|\n|t:|1700688090\n|switch|p2a: champ|Zangoose, F|100\/100|[from] U-turn\n|\n|-damage|p1a: Sneasler|47\/100 brn|[from] brn\n|-status|p2a: champ|tox|[from] item: Toxic Orb\n|upkeep\n|turn|14\n|inactive|djx has 120 seconds left.\n|\n|t:|1700688139\n|move|p2a: champ|Quick Attack|p1a: Sneasler\n|-damage|p1a: Sneasler|25\/100 brn\n|move|p1a: Sneasler|Low Kick|p2a: champ\n|-supereffective|p2a: champ\n|-damage|p2a: champ|9\/100 tox\n|\n|-damage|p2a: champ|3\/100 tox|[from] psn\n|-damage|p1a: Sneasler|18\/100 brn|[from] brn\n|upkeep\n|turn|15\n|\n|t:|1700688147\n|move|p2a: champ|Quick Attack|p1a: Sneasler\n|-damage|p1a: Sneasler|0 fnt\n|faint|p1a: Sneasler\n|\n|-damage|p2a: champ|0 fnt|[from] psn\n|faint|p2a: champ\n|upkeep\n|\n|t:|1700688150\n|switch|p1a: Iron Valiant|Iron Valiant|100\/100\n|switch|p2a: the|Cyclizar, F|71\/100\n|turn|16\n|\n|t:|1700688155\n|move|p1a: Iron Valiant|Moonblast|p2a: the\n|-supereffective|p2a: the\n|-damage|p2a: the|0 fnt\n|faint|p2a: the\n|\n|win|djx\n|raw|djx's rating: 1333 &rarr; <strong>1354<\/strong><br \/>(+21 for winning)\n|raw|imbleed's rating: 1354 &rarr; <strong>1333<\/strong><br \/>(-21 for losing)\n|l|\u203ddjx\n","uploadtime":1700688179,"views":1,"p1id":"djx","p2id":"imbleed","formatid":"gen9nationaldex","rating":1333,"private":0,"password":""}