{"id":"gen9nationaldex-1994504654","p1":"TeaBooker","p2":"ND9T2 NightEmerald","format":"[Gen 9] National Dex","log":"|j|\u2606TeaBooker\n|j|\u2606ND9T2 NightEmerald\n|t:|1700451817\n|gametype|singles\n|player|p1|TeaBooker|ash-kalos|1360\n|player|p2|ND9T2 NightEmerald|colress|1489\n|teamsize|p1|6\n|teamsize|p2|6\n|gen|9\n|tier|[Gen 9] National Dex\n|rated|\n|rule|HP Percentage Mod: HP is shown in percentages\n|rule|Endless Battle Clause: Forcing endless battles is banned\n|rule|OHKO Clause: OHKO moves are banned\n|rule|Evasion Clause: Evasion abilities, items, and moves are banned\n|rule|Evasion Abilities Clause: Evasion abilities are banned\n|rule|Evasion Items Clause: Evasion items are banned\n|rule|Evasion Moves Clause: Evasion moves are banned\n|rule|Species Clause: Limit one of each Pok\u00e9mon\n|rule|Sleep Clause Mod: Limit one foe put to sleep\n|clearpoke\n|poke|p1|Golisopod, M|\n|poke|p1|Xurkitree|\n|poke|p1|Nihilego|\n|poke|p1|Gliscor, F|\n|poke|p1|Deoxys-Defense|\n|poke|p1|Bisharp, F|\n|poke|p2|Corviknight, M|\n|poke|p2|Clodsire, M|\n|poke|p2|Samurott-Hisui, M|\n|poke|p2|Rillaboom, F|\n|poke|p2|Iron Moth|\n|poke|p2|Mawile, M|\n|teampreview\n|inactive|Battle timer is ON: inactive players will automatically lose when time's up. (requested by ND9T2 NightEmerald)\n|inactive|TeaBooker also wants the timer to be on.\n|inactive|ND9T2 NightEmerald has 120 seconds left.\n|inactive|ND9T2 NightEmerald has 90 seconds left.\n|\n|t:|1700451890\n|start\n|switch|p1a: Xurkitree|Xurkitree, shiny|100\/100\n|switch|p2a: Samurott|Samurott-Hisui, M|100\/100\n|turn|1\n|\n|t:|1700451909\n|move|p2a: Samurott|Ceaseless Edge|p1a: Xurkitree|[miss]\n|-miss|p2a: Samurott|p1a: Xurkitree\n|move|p1a: Xurkitree|Volt Switch|p2a: Samurott\n|-supereffective|p2a: Samurott\n|-damage|p2a: Samurott|0 fnt\n|faint|p2a: Samurott\n|-ability|p1a: Xurkitree|Beast Boost|boost\n|-boost|p1a: Xurkitree|spa|1\n|\n|t:|1700451920\n|switch|p1a: Deoxys|Deoxys-Defense, shiny|100\/100|[from] Volt Switch\n|-ability|p1a: Deoxys|Pressure\n|\n|upkeep\n|\n|t:|1700451928\n|switch|p2a: Mawile|Mawile, M|100\/100\n|-ability|p2a: Mawile|Intimidate|boost\n|-unboost|p1a: Deoxys|atk|1\n|turn|2\n|\n|t:|1700451931\n|detailschange|p2a: Mawile|Mawile-Mega, M\n|-mega|p2a: Mawile|Mawile|Mawilite\n|move|p1a: Deoxys|Taunt|p2a: Mawile\n|-start|p2a: Mawile|move: Taunt\n|cant|p2a: Mawile|move: Taunt|Swords Dance\n|\n|upkeep\n|turn|3\n|\n|t:|1700451939\n|move|p1a: Deoxys|Stealth Rock|p2a: Mawile\n|-sidestart|p2: ND9T2 NightEmerald|move: Stealth Rock\n|move|p2a: Mawile|Knock Off|p1a: Deoxys\n|-supereffective|p1a: Deoxys\n|-damage|p1a: Deoxys|12\/100\n|-damage|p2a: Mawile|84\/100|[from] item: Rocky Helmet|[of] p1a: Deoxys\n|-enditem|p1a: Deoxys|Rocky Helmet|[from] move: Knock Off|[of] p2a: Mawile\n|\n|upkeep\n|turn|4\n|\n|t:|1700451947\n|move|p1a: Deoxys|Spikes|p2a: Mawile\n|-sidestart|p2: ND9T2 NightEmerald|Spikes\n|move|p2a: Mawile|Knock Off|p1a: Deoxys\n|-supereffective|p1a: Deoxys\n|-damage|p1a: Deoxys|0 fnt\n|faint|p1a: Deoxys\n|\n|-end|p2a: Mawile|move: Taunt\n|upkeep\n|\n|t:|1700451966\n|switch|p1a: Gliscor|Gliscor, F, shiny|100\/100\n|turn|5\n|\n|t:|1700451971\n|move|p1a: Gliscor|Earthquake|p2a: Mawile\n|-supereffective|p2a: Mawile\n|-damage|p2a: Mawile|15\/100\n|move|p2a: Mawile|Knock Off|p1a: Gliscor\n|-damage|p1a: Gliscor|59\/100\n|-enditem|p1a: Gliscor|Toxic Orb|[from] move: Knock Off|[of] p2a: Mawile\n|\n|upkeep\n|turn|6\n|\n|t:|1700451980\n|switch|p2a: Corviknight|Corviknight, M|100\/100\n|-damage|p2a: Corviknight|88\/100|[from] Stealth Rock\n|-ability|p2a: Corviknight|Pressure\n|move|p1a: Gliscor|Swords Dance|p1a: Gliscor\n|-boost|p1a: Gliscor|atk|2\n|\n|upkeep\n|turn|7\n|\n|t:|1700451987\n|move|p1a: Gliscor|U-turn|p2a: Corviknight\n|-resisted|p2a: Corviknight\n|-damage|p2a: Corviknight|83\/100\n|\n|t:|1700451990\n|switch|p1a: Bisharp|Bisharp, F, shiny|100\/100|[from] U-turn\n|move|p2a: Corviknight|Defog|p1a: Bisharp\n|-unboost|p1a: Bisharp|evasion|1\n|-ability|p1a: Bisharp|Defiant|boost\n|-boost|p1a: Bisharp|atk|2\n|-sideend|p2: ND9T2 NightEmerald|Spikes|[from] move: Defog|[of] p2a: Corviknight\n|-sideend|p2: ND9T2 NightEmerald|Stealth Rock|[from] move: Defog|[of] p2a: Corviknight\n|\n|upkeep\n|turn|8\n|\n|t:|1700452001\n|move|p1a: Bisharp|Knock Off|p2a: Corviknight\n|-damage|p2a: Corviknight|21\/100\n|-enditem|p2a: Corviknight|Covert Cloak|[from] move: Knock Off|[of] p1a: Bisharp\n|move|p2a: Corviknight|Body Press|p1a: Bisharp\n|-supereffective|p1a: Bisharp\n|-damage|p1a: Bisharp|30\/100\n|\n|upkeep\n|turn|9\n|\n|t:|1700452008\n|move|p1a: Bisharp|Knock Off|p2a: Corviknight\n|-damage|p2a: Corviknight|0 fnt\n|faint|p2a: Corviknight\n|\n|upkeep\n|\n|t:|1700452018\n|switch|p2a: Rillaboom|Rillaboom, F|100\/100\n|-fieldstart|move: Grassy Terrain|[from] ability: Grassy Surge|[of] p2a: Rillaboom\n|turn|10\n|\n|t:|1700452024\n|-terastallize|p2a: Rillaboom|Grass\n|move|p2a: Rillaboom|Grassy Glide|p1a: Bisharp\n|-resisted|p1a: Bisharp\n|-damage|p1a: Bisharp|2\/100\n|move|p1a: Bisharp|Sucker Punch||[still]\n|-fail|p1a: Bisharp\n|\n|-heal|p1a: Bisharp|8\/100|[from] Grassy Terrain\n|upkeep\n|turn|11\n|\n|t:|1700452033\n|move|p2a: Rillaboom|Grassy Glide|p1a: Bisharp\n|-resisted|p1a: Bisharp\n|-damage|p1a: Bisharp|0 fnt\n|faint|p1a: Bisharp\n|\n|upkeep\n|\n|t:|1700452040\n|switch|p1a: Golisopod|Golisopod, M, shiny|100\/100\n|turn|12\n|\n|t:|1700452046\n|move|p1a: Golisopod|First Impression|p2a: Rillaboom\n|-supereffective|p2a: Rillaboom\n|-crit|p2a: Rillaboom\n|-damage|p2a: Rillaboom|0 fnt\n|faint|p2a: Rillaboom\n|\n|upkeep\n|\n|t:|1700452051\n|switch|p2a: Iron Moth|Iron Moth|100\/100\n|turn|13\n|\n|t:|1700452063\n|-end|p2a: Iron Moth|Quark Drive|[silent]\n|switch|p2a: Clodsire|Clodsire, M|100\/100\n|move|p1a: Golisopod|Aqua Jet|p2a: Clodsire\n|-immune|p2a: Clodsire|[from] ability: Water Absorb\n|\n|upkeep\n|turn|14\n|\n|t:|1700452074\n|switch|p1a: Gliscor|Gliscor, F, shiny|59\/100\n|move|p2a: Clodsire|Toxic|p1a: Gliscor\n|-status|p1a: Gliscor|tox\n|\n|-heal|p1a: Gliscor|72\/100 tox|[from] ability: Poison Heal\n|-fieldend|move: Grassy Terrain\n|upkeep\n|turn|15\n|c|\u2606TeaBooker|Thanks\n|inactive|TeaBooker has 120 seconds left.\n|\n|t:|1700452108\n|move|p1a: Gliscor|Earthquake|p2a: Clodsire\n|-supereffective|p2a: Clodsire\n|-damage|p2a: Clodsire|23\/100\n|move|p2a: Clodsire|Spikes|p1a: Gliscor\n|-sidestart|p1: TeaBooker|Spikes\n|\n|-heal|p1a: Gliscor|84\/100 tox|[from] ability: Poison Heal\n|upkeep\n|turn|16\n|\n|t:|1700452116\n|move|p1a: Gliscor|Earthquake|p2a: Clodsire\n|-supereffective|p2a: Clodsire\n|-damage|p2a: Clodsire|0 fnt\n|faint|p2a: Clodsire\n|\n|-heal|p1a: Gliscor|97\/100 tox|[from] ability: Poison Heal\n|upkeep\n|\n|t:|1700452118\n|switch|p2a: Iron Moth|Iron Moth|100\/100\n|turn|17\n|\n|t:|1700452122\n|move|p2a: Iron Moth|Fiery Dance|p1a: Gliscor\n|-damage|p1a: Gliscor|20\/100 tox\n|move|p1a: Gliscor|Earthquake|p2a: Iron Moth\n|-supereffective|p2a: Iron Moth\n|-damage|p2a: Iron Moth|0 fnt\n|faint|p2a: Iron Moth\n|-end|p2a: Iron Moth|Quark Drive|[silent]\n|\n|-heal|p1a: Gliscor|33\/100 tox|[from] ability: Poison Heal\n|upkeep\n|\n|t:|1700452127\n|switch|p2a: Mawile|Mawile-Mega, M|15\/100\n|turn|18\n|\n|t:|1700452130\n|move|p2a: Mawile|Sucker Punch||[still]\n|-fail|p2a: Mawile\n|move|p1a: Gliscor|Swords Dance|p1a: Gliscor\n|-boost|p1a: Gliscor|atk|2\n|\n|-heal|p1a: Gliscor|45\/100 tox|[from] ability: Poison Heal\n|upkeep\n|turn|19\n|\n|t:|1700452134\n|move|p1a: Gliscor|Earthquake|p2a: Mawile\n|-supereffective|p2a: Mawile\n|-damage|p2a: Mawile|0 fnt\n|faint|p2a: Mawile\n|\n|win|TeaBooker\n|raw|TeaBooker's rating: 1360 &rarr; <strong>1387<\/strong><br \/>(+27 for winning)\n|raw|ND9T2 NightEmerald's rating: 1489 &rarr; <strong>1462<\/strong><br \/>(-27 for losing)\n|l|\u2606ND9T2 NightEmerald\n|c|\u2606TeaBooker|Gg\n","uploadtime":1700452146,"views":18,"p1id":"teabooker","p2id":"nd9t2nightemerald","formatid":"gen9nationaldex","rating":1387,"private":0,"password":""}