{"id":"gen9nationaldex-1993341585","p1":"xbcrhmz","p2":"DJRRRR","format":"[Gen 9] National Dex","log":"|j|\u2606xbcrhmz\n|j|\u2606DJRRRR\n|t:|1700302053\n|gametype|singles\n|player|p1|xbcrhmz|265|1362\n|player|p2|DJRRRR|roxie|1354\n|teamsize|p1|6\n|teamsize|p2|6\n|gen|9\n|tier|[Gen 9] National Dex\n|rated|\n|rule|HP Percentage Mod: HP is shown in percentages\n|rule|Endless Battle Clause: Forcing endless battles is banned\n|rule|OHKO Clause: OHKO moves are banned\n|rule|Evasion Clause: Evasion abilities, items, and moves are banned\n|rule|Evasion Abilities Clause: Evasion abilities are banned\n|rule|Evasion Items Clause: Evasion items are banned\n|rule|Evasion Moves Clause: Evasion moves are banned\n|rule|Species Clause: Limit one of each Pok\u00e9mon\n|rule|Sleep Clause Mod: Limit one foe put to sleep\n|clearpoke\n|poke|p1|Banette, M|\n|poke|p1|Landorus-Therian, M|\n|poke|p1|Hoopa-Unbound|\n|poke|p1|Ogerpon-Wellspring, F|\n|poke|p1|Heatran, M|\n|poke|p1|Zapdos|\n|poke|p2|Banette, M|\n|poke|p2|Greninja-*, M|\n|poke|p2|Dragonite, M|\n|poke|p2|Iron Valiant|\n|poke|p2|Tapu Koko|\n|poke|p2|Rillaboom, F|\n|teampreview\n|inactive|Battle timer is ON: inactive players will automatically lose when time's up. (requested by xbcrhmz)\n|\n|t:|1700302104\n|start\n|switch|p1a: Zapdos|Zapdos|100\/100\n|switch|p2a: Tapu Koko|Tapu Koko|100\/100\n|-fieldstart|move: Electric Terrain|[from] ability: Electric Surge|[of] p2a: Tapu Koko\n|turn|1\n|\n|t:|1700302120\n|switch|p1a: Landorus|Landorus-Therian, M|100\/100\n|-ability|p1a: Landorus|Intimidate|boost\n|-unboost|p2a: Tapu Koko|atk|1\n|move|p2a: Tapu Koko|U-turn|p1a: Landorus\n|-resisted|p1a: Landorus\n|-damage|p1a: Landorus|96\/100\n|-damage|p2a: Tapu Koko|84\/100|[from] item: Rocky Helmet|[of] p1a: Landorus\n|\n|t:|1700302143\n|switch|p2a: Banette|Banette, M|100\/100|[from] U-turn\n|\n|upkeep\n|turn|2\n|\n|t:|1700302173\n|detailschange|p2a: Banette|Banette-Mega, M\n|-mega|p2a: Banette|Banette|Banettite\n|move|p2a: Banette|Poltergeist|p1a: Landorus\n|-activate|p1a: Landorus|move: Poltergeist|Rocky Helmet\n|-damage|p1a: Landorus|47\/100\n|move|p1a: Landorus|U-turn|p2a: Banette\n|-resisted|p2a: Banette\n|-crit|p2a: Banette\n|-damage|p2a: Banette|74\/100\n|inactive|xbcrhmz has 120 seconds left.\n|\n|t:|1700302199\n|switch|p1a: Heatran|Heatran, M|100\/100|[from] U-turn\n|\n|upkeep\n|turn|3\n|\n|t:|1700302205\n|switch|p2a: Dragonite|Dragonite, M|100\/100\n|move|p1a: Heatran|Taunt|p2a: Dragonite\n|-start|p2a: Dragonite|move: Taunt\n|\n|upkeep\n|turn|4\n|inactive|xbcrhmz has 120 seconds left.\n|\n|t:|1700302215\n|switch|p1a: Landorus|Landorus-Therian, M|47\/100\n|-ability|p1a: Landorus|Intimidate|boost\n|-unboost|p2a: Dragonite|atk|1\n|switch|p2a: Tapu Koko|Tapu Koko|84\/100\n|\n|upkeep\n|turn|5\n|inactive|xbcrhmz has 120 seconds left.\n|\n|t:|1700302226\n|move|p2a: Tapu Koko|U-turn|p1a: Landorus\n|-resisted|p1a: Landorus\n|-damage|p1a: Landorus|41\/100\n|-damage|p2a: Tapu Koko|68\/100|[from] item: Rocky Helmet|[of] p1a: Landorus\n|\n|t:|1700302233\n|switch|p2a: Iron Valiant|Iron Valiant|100\/100|[from] U-turn\n|-activate|p2a: Iron Valiant|ability: Quark Drive\n|-start|p2a: Iron Valiant|quarkdrivespe\n|move|p1a: Landorus|U-turn|p2a: Iron Valiant\n|-resisted|p2a: Iron Valiant\n|-damage|p2a: Iron Valiant|94\/100\n|inactive|xbcrhmz has 120 seconds left.\n|\n|t:|1700302246\n|switch|p1a: Zapdos|Zapdos|100\/100|[from] U-turn\n|\n|-fieldend|move: Electric Terrain\n|-end|p2a: Iron Valiant|Quark Drive\n|upkeep\n|turn|6\n|\n|t:|1700302254\n|-end|p2a: Iron Valiant|Quark Drive|[silent]\n|switch|p2a: Rillaboom|Rillaboom, F|100\/100\n|-fieldstart|move: Grassy Terrain|[from] ability: Grassy Surge|[of] p2a: Rillaboom\n|move|p1a: Zapdos|Hurricane|p2a: Rillaboom\n|-supereffective|p2a: Rillaboom\n|-damage|p2a: Rillaboom|0 fnt\n|faint|p2a: Rillaboom\n|\n|upkeep\n|\n|t:|1700302257\n|switch|p2a: Tapu Koko|Tapu Koko|68\/100\n|-fieldstart|move: Electric Terrain|[from] ability: Electric Surge|[of] p2a: Tapu Koko\n|turn|7\n|\n|t:|1700302265\n|move|p2a: Tapu Koko|Volt Switch|p1a: Zapdos\n|-damage|p1a: Zapdos|42\/100\n|\n|t:|1700302285\n|switch|p2a: Banette|Banette-Mega, M|74\/100|[from] Volt Switch\n|move|p1a: Zapdos|Volt Switch|p2a: Banette\n|-damage|p2a: Banette|25\/100\n|\n|t:|1700302305\n|switch|p1a: Ogerpon|Ogerpon-Wellspring, F|100\/100|[from] Volt Switch\n|\n|upkeep\n|turn|8\n|\n|t:|1700302317\n|move|p2a: Banette|Destiny Bond|p2a: Banette\n|-singlemove|p2a: Banette|Destiny Bond\n|move|p1a: Ogerpon|Ivy Cudgel|p2a: Banette|[anim] Ivy Cudgel Water\n|-damage|p2a: Banette|0 fnt\n|faint|p2a: Banette\n|-activate|p2a: Banette|move: Destiny Bond\n|faint|p1a: Ogerpon\n|\n|upkeep\n|\n|t:|1700302329\n|switch|p1a: Banette|Banette, M|100\/100\n|switch|p2a: Iron Valiant|Iron Valiant|94\/100\n|-activate|p2a: Iron Valiant|ability: Quark Drive\n|-start|p2a: Iron Valiant|quarkdrivespe\n|turn|9\n|\n|t:|1700302343\n|detailschange|p1a: Banette|Banette-Mega, M\n|-mega|p1a: Banette|Banette|Banettite\n|move|p1a: Banette|Destiny Bond|p1a: Banette\n|-singlemove|p1a: Banette|Destiny Bond\n|move|p2a: Iron Valiant|Swords Dance|p2a: Iron Valiant\n|-boost|p2a: Iron Valiant|atk|2\n|\n|upkeep\n|turn|10\n|\n|t:|1700302365\n|move|p1a: Banette|Encore|p2a: Iron Valiant\n|-start|p2a: Iron Valiant|Encore\n|move|p2a: Iron Valiant|Swords Dance|p2a: Iron Valiant\n|-boost|p2a: Iron Valiant|atk|2\n|\n|upkeep\n|turn|11\n|\n|t:|1700302384\n|-end|p2a: Iron Valiant|Quark Drive|[silent]\n|switch|p2a: Greninja|Greninja, M|100\/100\n|move|p1a: Banette|Poltergeist|p2a: Greninja|[miss]\n|-miss|p1a: Banette|p2a: Greninja\n|\n|-fieldend|move: Electric Terrain\n|upkeep\n|turn|12\n|\n|t:|1700302402\n|switch|p2a: Iron Valiant|Iron Valiant|94\/100\n|move|p1a: Banette|Destiny Bond|p1a: Banette\n|-singlemove|p1a: Banette|Destiny Bond\n|\n|upkeep\n|turn|13\n|\n|t:|1700302408\n|move|p2a: Iron Valiant|Encore|p1a: Banette\n|-start|p1a: Banette|Encore\n|move|p1a: Banette|Destiny Bond||[still]\n|-fail|p1a: Banette\n|\n|upkeep\n|turn|14\n|\n|t:|1700302415\n|switch|p1a: Landorus|Landorus-Therian, M|41\/100\n|-ability|p1a: Landorus|Intimidate|boost\n|-unboost|p2a: Iron Valiant|atk|1\n|move|p2a: Iron Valiant|Swords Dance|p2a: Iron Valiant\n|-boost|p2a: Iron Valiant|atk|2\n|\n|upkeep\n|turn|15\n|\n|t:|1700302422\n|move|p2a: Iron Valiant|Spirit Break|p1a: Landorus\n|-damage|p1a: Landorus|0 fnt\n|-damage|p2a: Iron Valiant|77\/100|[from] item: Rocky Helmet|[of] p1a: Landorus\n|faint|p1a: Landorus\n|-damage|p2a: Iron Valiant|68\/100|[from] item: Life Orb\n|\n|upkeep\n|\n|t:|1700302424\n|switch|p1a: Banette|Banette-Mega, M|100\/100\n|turn|16\n|\n|t:|1700302437\n|move|p1a: Banette|Destiny Bond|p1a: Banette\n|-singlemove|p1a: Banette|Destiny Bond\n|move|p2a: Iron Valiant|Spirit Break|p1a: Banette\n|-damage|p1a: Banette|8\/100\n|-unboost|p1a: Banette|spa|1\n|-damage|p2a: Iron Valiant|58\/100|[from] item: Life Orb\n|\n|upkeep\n|turn|17\n|\n|t:|1700302456\n|switch|p1a: Zapdos|Zapdos|42\/100\n|move|p2a: Iron Valiant|Encore||[still]\n|-fail|p2a: Iron Valiant\n|\n|upkeep\n|turn|18\n|\n|t:|1700302462\n|move|p2a: Iron Valiant|Spirit Break|p1a: Zapdos\n|-damage|p1a: Zapdos|0 fnt\n|faint|p1a: Zapdos\n|-damage|p2a: Iron Valiant|48\/100|[from] item: Life Orb\n|\n|upkeep\n|\n|t:|1700302464\n|switch|p1a: Banette|Banette-Mega, M|8\/100\n|turn|19\n|\n|t:|1700302468\n|move|p1a: Banette|Destiny Bond|p1a: Banette\n|-singlemove|p1a: Banette|Destiny Bond\n|move|p2a: Iron Valiant|Encore|p1a: Banette\n|-start|p1a: Banette|Encore\n|\n|upkeep\n|turn|20\n|\n|t:|1700302477\n|move|p1a: Banette|Destiny Bond||[still]\n|-fail|p1a: Banette\n|move|p2a: Iron Valiant|Swords Dance|p2a: Iron Valiant\n|-boost|p2a: Iron Valiant|atk|2\n|\n|upkeep\n|turn|21\n|\n|t:|1700302489\n|move|p1a: Banette|Destiny Bond|p1a: Banette\n|-singlemove|p1a: Banette|Destiny Bond\n|move|p2a: Iron Valiant|Swords Dance|p2a: Iron Valiant\n|-boost|p2a: Iron Valiant|atk|2\n|\n|upkeep\n|turn|22\n|\n|t:|1700302502\n|switch|p1a: Hoopa|Hoopa-Unbound|100\/100\n|move|p2a: Iron Valiant|Spirit Break|p1a: Hoopa\n|-supereffective|p1a: Hoopa\n|-damage|p1a: Hoopa|0 fnt\n|faint|p1a: Hoopa\n|-damage|p2a: Iron Valiant|39\/100|[from] item: Life Orb\n|\n|upkeep\n|\n|t:|1700302503\n|switch|p1a: Banette|Banette-Mega, M|8\/100\n|turn|23\n|\n|t:|1700302508\n|move|p2a: Iron Valiant|Spirit Break|p1a: Banette\n|-damage|p1a: Banette|0 fnt\n|faint|p1a: Banette\n|-damage|p2a: Iron Valiant|29\/100|[from] item: Life Orb\n|\n|upkeep\n|-message|xbcrhmz forfeited.\n|\n|win|DJRRRR\n|raw|xbcrhmz's rating: 1362 &rarr; <strong>1342<\/strong><br \/>(-20 for losing)\n|raw|DJRRRR's rating: 1354 &rarr; <strong>1374<\/strong><br \/>(+20 for winning)\n|l|\u2606xbcrhmz\n","uploadtime":1700302514,"views":8,"p1id":"xbcrhmz","p2id":"djrrrr","formatid":"gen9nationaldex","rating":1342,"private":0,"password":""}