{"id":"gen9nationaldex-1998701032","p1":"IceBerryCoffee","p2":"Prapple2","format":"[Gen 9] National Dex","log":"|html|<div class=\"broadcast-blue\"><strong>[Gen 9] National Dex is currently suspecting Sneasler! For information on how to participate check out the <a href=\"https:\/\/www.smogon.com\/forums\/threads\/sv-national-dex-suspect-8-just-dance.3731534\/\">suspect thread<\/a>.<\/strong><\/div>\n|j|\u2606IceBerryCoffee\n|j|\u2606Prapple2\n|t:|1700974569\n|gametype|singles\n|player|p1|IceBerryCoffee|102|1336\n|player|p2|Prapple2|caitlin|1298\n|teamsize|p1|6\n|teamsize|p2|6\n|gen|9\n|tier|[Gen 9] National Dex\n|rated|\n|rule|HP Percentage Mod: HP is shown in percentages\n|rule|Endless Battle Clause: Forcing endless battles is banned\n|rule|OHKO Clause: OHKO moves are banned\n|rule|Evasion Clause: Evasion abilities, items, and moves are banned\n|rule|Evasion Abilities Clause: Evasion abilities are banned\n|rule|Evasion Items Clause: Evasion items are banned\n|rule|Evasion Moves Clause: Evasion moves are banned\n|rule|Species Clause: Limit one of each Pok\u00e9mon\n|rule|Sleep Clause Mod: Limit one foe put to sleep\n|clearpoke\n|poke|p1|Maushold-Four|\n|poke|p1|Empoleon, F|\n|poke|p1|Conkeldurr, F|\n|poke|p1|Typhlosion-Hisui, M|\n|poke|p1|Mawile, F|\n|poke|p1|Slowking-Galar, M|\n|poke|p2|Mawile, F|\n|poke|p2|Tapu Koko|\n|poke|p2|Grimmsnarl, M|\n|poke|p2|Tapu Lele|\n|poke|p2|Mimikyu, M|\n|poke|p2|Weezing-Galar, M|\n|teampreview\n|j| cresecent moon\n|l| cresecent moon\n|inactive|Battle timer is ON: inactive players will automatically lose when time's up. (requested by IceBerryCoffee)\n|\n|t:|1700974596\n|start\n|switch|p1a: Mawile|Mawile, F|100\/100\n|switch|p2a: Grimmsnarl|Grimmsnarl, M|100\/100\n|-ability|p1a: Mawile|Intimidate|boost\n|-unboost|p2a: Grimmsnarl|atk|1\n|turn|1\n|\n|t:|1700974607\n|detailschange|p1a: Mawile|Mawile-Mega, F\n|-mega|p1a: Mawile|Mawile|Mawilite\n|move|p2a: Grimmsnarl|Fake Out|p1a: Mawile\n|-resisted|p1a: Mawile\n|-damage|p1a: Mawile|97\/100\n|cant|p1a: Mawile|flinch\n|\n|upkeep\n|turn|2\n|\n|t:|1700974614\n|move|p2a: Grimmsnarl|Reflect|p2a: Grimmsnarl\n|-sidestart|p2: Prapple2|Reflect\n|move|p1a: Mawile|Swords Dance|p1a: Mawile\n|-boost|p1a: Mawile|atk|2\n|\n|upkeep\n|turn|3\n|\n|t:|1700974620\n|move|p2a: Grimmsnarl|Parting Shot|p1a: Mawile\n|-unboost|p1a: Mawile|atk|1\n|-unboost|p1a: Mawile|spa|1\n|\n|t:|1700974623\n|switch|p2a: Weezing|Weezing-Galar, M|100\/100|[from] Parting Shot\n|move|p1a: Mawile|Swords Dance|p1a: Mawile\n|-boost|p1a: Mawile|atk|2\n|\n|upkeep\n|turn|4\n|\n|t:|1700974637\n|move|p1a: Mawile|Swords Dance|p1a: Mawile\n|-boost|p1a: Mawile|atk|2\n|move|p2a: Weezing|Will-O-Wisp|p1a: Mawile\n|-status|p1a: Mawile|brn\n|\n|-damage|p1a: Mawile|91\/100 brn|[from] brn\n|upkeep\n|turn|5\n|\n|t:|1700974648\n|move|p1a: Mawile|Swords Dance|p1a: Mawile\n|-boost|p1a: Mawile|atk|1\n|move|p2a: Weezing|Strange Steam|p1a: Mawile\n|-resisted|p1a: Mawile\n|-damage|p1a: Mawile|71\/100 brn\n|\n|-damage|p1a: Mawile|65\/100 brn|[from] brn\n|upkeep\n|turn|6\n|\n|t:|1700974659\n|move|p1a: Mawile|Knock Off|p2a: Weezing\n|-resisted|p2a: Weezing\n|-damage|p2a: Weezing|80\/100\n|-damage|p1a: Mawile|49\/100 brn|[from] item: Rocky Helmet|[of] p2a: Weezing\n|-enditem|p2a: Weezing|Rocky Helmet|[from] move: Knock Off|[of] p1a: Mawile\n|move|p2a: Weezing|Strange Steam|p1a: Mawile\n|-resisted|p1a: Mawile\n|-damage|p1a: Mawile|30\/100 brn\n|\n|-damage|p1a: Mawile|24\/100 brn|[from] brn\n|upkeep\n|turn|7\n|\n|t:|1700974668\n|move|p1a: Mawile|Sucker Punch|p2a: Weezing\n|-resisted|p2a: Weezing\n|-damage|p2a: Weezing|65\/100\n|move|p2a: Weezing|Strange Steam|p1a: Mawile\n|-resisted|p1a: Mawile\n|-damage|p1a: Mawile|5\/100 brn\n|\n|-damage|p1a: Mawile|0 fnt|[from] brn\n|faint|p1a: Mawile\n|upkeep\n|\n|t:|1700974678\n|switch|p1a: Typhlosion|Typhlosion-Hisui, M|100\/100\n|turn|8\n|\n|t:|1700974688\n|switch|p2a: Grimmsnarl|Grimmsnarl, M|100\/100\n|-terastallize|p1a: Typhlosion|Fire\n|move|p1a: Typhlosion|Eruption|p2a: Grimmsnarl\n|-damage|p2a: Grimmsnarl|25\/100\n|\n|upkeep\n|turn|9\n|\n|t:|1700974695\n|move|p2a: Grimmsnarl|Fake Out|p1a: Typhlosion\n|-damage|p1a: Typhlosion|84\/100\n|cant|p1a: Typhlosion|flinch\n|\n|-sideend|p2: Prapple2|Reflect\n|upkeep\n|turn|10\n|\n|t:|1700974700\n|move|p2a: Grimmsnarl|Light Screen|p2a: Grimmsnarl\n|-sidestart|p2: Prapple2|move: Light Screen\n|move|p1a: Typhlosion|Eruption|p2a: Grimmsnarl\n|-damage|p2a: Grimmsnarl|0 fnt\n|faint|p2a: Grimmsnarl\n|\n|upkeep\n|\n|t:|1700974718\n|switch|p2a: Tapu Lele|Tapu Lele|100\/100\n|-fieldstart|move: Psychic Terrain|[from] ability: Psychic Surge|[of] p2a: Tapu Lele\n|turn|11\n|\n|t:|1700974723\n|switch|p1a: Empoleon|Empoleon, F|100\/100\n|-terastallize|p2a: Tapu Lele|Psychic\n|move|p2a: Tapu Lele|Psychic|p1a: Empoleon\n|-resisted|p1a: Empoleon\n|-damage|p1a: Empoleon|70\/100\n|\n|-heal|p1a: Empoleon|76\/100|[from] item: Leftovers\n|upkeep\n|turn|12\n|\n|t:|1700974731\n|switch|p2a: Weezing|Weezing-Galar, M|65\/100\n|move|p1a: Empoleon|Toxic|p2a: Weezing\n|-immune|p2a: Weezing\n|\n|-heal|p1a: Empoleon|82\/100|[from] item: Leftovers\n|upkeep\n|turn|13\n|\n|t:|1700974738\n|move|p2a: Weezing|Strange Steam|p1a: Empoleon\n|-resisted|p1a: Empoleon\n|-damage|p1a: Empoleon|73\/100\n|move|p1a: Empoleon|Flip Turn|p2a: Weezing\n|-damage|p2a: Weezing|53\/100\n|\n|t:|1700974745\n|switch|p1a: Slowking|Slowking-Galar, M|100\/100|[from] Flip Turn\n|\n|upkeep\n|turn|14\n|\n|t:|1700974757\n|move|p2a: Weezing|Pain Split|p1a: Slowking\n|-sethp|p1a: Slowking|73\/100|[from] move: Pain Split|[silent]\n|-sethp|p2a: Weezing|86\/100|[from] move: Pain Split\n|move|p1a: Slowking|Future Sight|p2a: Weezing\n|-start|p1a: Slowking|move: Future Sight\n|\n|upkeep\n|turn|15\n|\n|t:|1700974775\n|switch|p2a: Tapu Lele|Tapu Lele, tera:Psychic|100\/100\n|move|p1a: Slowking|Chilly Reception|p1a: Slowking\n|-weather|Snow\n|\n|t:|1700974781\n|switch|p1a: Empoleon|Empoleon, F|73\/100|[from] Chilly Reception\n|\n|-weather|Snow|[upkeep]\n|-heal|p1a: Empoleon|79\/100|[from] item: Leftovers\n|-fieldend|move: Psychic Terrain\n|upkeep\n|turn|16\n|\n|t:|1700974790\n|move|p2a: Tapu Lele|Focus Blast|p1a: Empoleon\n|-supereffective|p1a: Empoleon\n|-damage|p1a: Empoleon|11\/100\n|move|p1a: Empoleon|Toxic|p2a: Tapu Lele\n|-status|p2a: Tapu Lele|tox\n|\n|-weather|Snow|[upkeep]\n|-end|p2a: Tapu Lele|move: Future Sight\n|-resisted|p2a: Tapu Lele\n|-crit|p2a: Tapu Lele\n|-damage|p2a: Tapu Lele|65\/100 tox\n|-heal|p1a: Empoleon|17\/100|[from] item: Leftovers\n|-damage|p2a: Tapu Lele|59\/100 tox|[from] psn\n|upkeep\n|turn|17\n|\n|t:|1700974801\n|switch|p2a: Mawile|Mawile, F|100\/100\n|-ability|p2a: Mawile|Intimidate|boost\n|-unboost|p1a: Empoleon|atk|1\n|-ability|p1a: Empoleon|Competitive|boost\n|-boost|p1a: Empoleon|spa|2\n|move|p1a: Empoleon|Roost|p1a: Empoleon\n|-heal|p1a: Empoleon|67\/100\n|-singleturn|p1a: Empoleon|move: Roost\n|\n|-weather|Snow|[upkeep]\n|-heal|p1a: Empoleon|74\/100|[from] item: Leftovers\n|-sideend|p2: Prapple2|move: Light Screen\n|upkeep\n|turn|18\n|\n|t:|1700974811\n|detailschange|p2a: Mawile|Mawile-Mega, F\n|-mega|p2a: Mawile|Mawile|Mawilite\n|move|p1a: Empoleon|Surf|p2a: Mawile\n|-damage|p2a: Mawile|16\/100\n|move|p2a: Mawile|Swords Dance|p2a: Mawile\n|-boost|p2a: Mawile|atk|2\n|\n|-weather|Snow|[upkeep]\n|-heal|p1a: Empoleon|80\/100|[from] item: Leftovers\n|upkeep\n|turn|19\n|\n|t:|1700974821\n|move|p2a: Mawile|Sucker Punch||[still]\n|-fail|p2a: Mawile\n|move|p1a: Empoleon|Roost|p1a: Empoleon\n|-heal|p1a: Empoleon|100\/100\n|-singleturn|p1a: Empoleon|move: Roost\n|\n|-weather|none\n|upkeep\n|turn|20\n|\n|t:|1700974827\n|move|p2a: Mawile|Sucker Punch|p1a: Empoleon\n|-crit|p1a: Empoleon\n|-damage|p1a: Empoleon|0 fnt\n|faint|p1a: Empoleon\n|\n|upkeep\n|\n|t:|1700974834\n|switch|p1a: Conkeldurr|Conkeldurr, F|100\/100\n|turn|21\n|\n|t:|1700974840\n|move|p1a: Conkeldurr|Mach Punch|p2a: Mawile\n|-damage|p2a: Mawile|0 fnt\n|faint|p2a: Mawile\n|\n|-status|p1a: Conkeldurr|brn|[from] item: Flame Orb\n|upkeep\n|\n|t:|1700974846\n|switch|p2a: Weezing|Weezing-Galar, M|86\/100\n|turn|22\n|\n|t:|1700974851\n|move|p1a: Conkeldurr|Facade|p2a: Weezing\n|-damage|p2a: Weezing|34\/100\n|move|p2a: Weezing|Strange Steam|p1a: Conkeldurr\n|-supereffective|p1a: Conkeldurr\n|-damage|p1a: Conkeldurr|36\/100 brn\n|\n|-damage|p1a: Conkeldurr|30\/100 brn|[from] brn\n|upkeep\n|turn|23\n|\n|t:|1700974858\n|switch|p2a: Mimikyu|Mimikyu, M|100\/100\n|move|p1a: Conkeldurr|Facade|p2a: Mimikyu\n|-immune|p2a: Mimikyu\n|\n|-damage|p1a: Conkeldurr|24\/100 brn|[from] brn\n|upkeep\n|turn|24\n|\n|t:|1700974865\n|move|p2a: Mimikyu|Shadow Sneak|p1a: Conkeldurr\n|-damage|p1a: Conkeldurr|7\/100 brn\n|move|p1a: Conkeldurr|Knock Off|p2a: Mimikyu\n|-activate|p2a: Mimikyu|ability: Disguise\n|-damage|p2a: Mimikyu|100\/100\n|detailschange|p2a: Mimikyu|Mimikyu-Busted, M\n|-damage|p2a: Mimikyu|88\/100|[from] pokemon: Mimikyu-Busted\n|\n|-damage|p1a: Conkeldurr|1\/100 brn|[from] brn\n|upkeep\n|turn|25\n|\n|t:|1700974874\n|move|p2a: Mimikyu|Shadow Sneak|p1a: Conkeldurr\n|-damage|p1a: Conkeldurr|0 fnt\n|faint|p1a: Conkeldurr\n|\n|upkeep\n|\n|t:|1700974880\n|switch|p1a: Typhlosion|Typhlosion-Hisui, M, tera:Fire|84\/100\n|-item|p2a: Mimikyu|Ghostium Z|[from] ability: Frisk|[of] p1a: Typhlosion|[identify]\n|turn|26\n|\n|t:|1700974889\n|move|p1a: Typhlosion|Eruption|p2a: Mimikyu\n|-crit|p2a: Mimikyu\n|-damage|p2a: Mimikyu|0 fnt\n|faint|p2a: Mimikyu\n|\n|upkeep\n|\n|t:|1700974893\n|switch|p2a: Tapu Lele|Tapu Lele, tera:Psychic|59\/100 tox\n|-fieldstart|move: Psychic Terrain|[from] ability: Psychic Surge|[of] p2a: Tapu Lele\n|turn|27\n|\n|t:|1700974897\n|switch|p1a: Slowking|Slowking-Galar, M|100\/100\n|move|p2a: Tapu Lele|Psychic|p1a: Slowking\n|-damage|p1a: Slowking|57\/100\n|-unboost|p1a: Slowking|spd|1\n|\n|-damage|p2a: Tapu Lele|52\/100 tox|[from] psn\n|upkeep\n|turn|28\n|\n|t:|1700974909\n|switch|p1a: Maushold|Maushold-Four|100\/100\n|move|p2a: Tapu Lele|Psychic|p1a: Maushold\n|-damage|p1a: Maushold|0 fnt\n|faint|p1a: Maushold\n|\n|-damage|p2a: Tapu Lele|40\/100 tox|[from] psn\n|upkeep\n|\n|t:|1700974917\n|switch|p1a: Slowking|Slowking-Galar, M|90\/100\n|turn|29\n|\n|t:|1700974928\n|switch|p2a: Weezing|Weezing-Galar, M|34\/100\n|move|p1a: Slowking|Future Sight|p2a: Weezing\n|-start|p1a: Slowking|move: Future Sight\n|\n|upkeep\n|turn|30\n|\n|t:|1700974936\n|move|p2a: Weezing|Pain Split|p1a: Slowking\n|-sethp|p1a: Slowking|60\/100|[from] move: Pain Split|[silent]\n|-sethp|p2a: Weezing|70\/100|[from] move: Pain Split\n|move|p1a: Slowking|Chilly Reception|p1a: Slowking\n|-weather|Snow\n|\n|t:|1700974942\n|switch|p1a: Typhlosion|Typhlosion-Hisui, M, tera:Fire|84\/100|[from] Chilly Reception\n|\n|-weather|Snow|[upkeep]\n|upkeep\n|turn|31\n|\n|t:|1700974947\n|move|p1a: Typhlosion|Eruption|p2a: Weezing\n|-damage|p2a: Weezing|0 fnt\n|faint|p2a: Weezing\n|\n|-weather|Snow|[upkeep]\n|-hint|Future Sight did not hit because the target is fainted.\n|-fieldend|move: Psychic Terrain\n|upkeep\n|\n|t:|1700974950\n|switch|p2a: Tapu Koko|Tapu Koko|100\/100\n|-fieldstart|move: Electric Terrain|[from] ability: Electric Surge|[of] p2a: Tapu Koko\n|turn|32\n|\n|t:|1700974960\n|move|p1a: Typhlosion|Eruption|p2a: Tapu Koko\n|-damage|p2a: Tapu Koko|0 fnt\n|faint|p2a: Tapu Koko\n|\n|-weather|Snow|[upkeep]\n|upkeep\n|\n|t:|1700974964\n|switch|p2a: Tapu Lele|Tapu Lele, tera:Psychic|40\/100 tox\n|-fieldstart|move: Psychic Terrain|[from] ability: Psychic Surge|[of] p2a: Tapu Lele\n|turn|33\n|\n|t:|1700974968\n|move|p2a: Tapu Lele|Psychic|p1a: Typhlosion\n|-damage|p1a: Typhlosion|0 fnt\n|faint|p1a: Typhlosion\n|\n|-weather|Snow|[upkeep]\n|-damage|p2a: Tapu Lele|34\/100 tox|[from] psn\n|upkeep\n|\n|t:|1700974974\n|switch|p1a: Slowking|Slowking-Galar, M|93\/100\n|turn|34\n|\n|t:|1700974977\n|move|p2a: Tapu Lele|Psychic|p1a: Slowking\n|-damage|p1a: Slowking|45\/100\n|move|p1a: Slowking|Slack Off|p1a: Slowking\n|-heal|p1a: Slowking|95\/100\n|\n|-weather|none\n|-damage|p2a: Tapu Lele|22\/100 tox|[from] psn\n|upkeep\n|turn|35\n|\n|t:|1700974984\n|move|p2a: Tapu Lele|Psychic|p1a: Slowking\n|-damage|p1a: Slowking|50\/100\n|move|p1a: Slowking|Slack Off|p1a: Slowking\n|-heal|p1a: Slowking|99\/100\n|\n|-damage|p2a: Tapu Lele|4\/100 tox|[from] psn\n|upkeep\n|turn|36\n|\n|t:|1700974991\n|move|p2a: Tapu Lele|Psychic|p1a: Slowking\n|-damage|p1a: Slowking|53\/100\n|-unboost|p1a: Slowking|spd|1\n|move|p1a: Slowking|Slack Off|p1a: Slowking\n|-heal|p1a: Slowking|100\/100\n|\n|-damage|p2a: Tapu Lele|0 fnt|[from] psn\n|faint|p2a: Tapu Lele\n|\n|win|IceBerryCoffee\n|upkeep\n|raw|IceBerryCoffee's rating: 1336 &rarr; <strong>1354<\/strong><br \/>(+18 for winning)\n|raw|Prapple2's rating: 1298 &rarr; <strong>1276<\/strong><br \/>(-22 for losing)\n","uploadtime":1700975001,"views":3,"p1id":"iceberrycoffee","p2id":"prapple2","formatid":"gen9nationaldex","rating":1276,"private":0,"password":""}