{"id":"gen9nationaldex-1991775869","p1":"GABRIEL_HU","p2":"Shadynut","format":"[Gen 9] National Dex","log":"|j|\u2606GABRIEL_HU\n|j|\u2606Shadynut\n|t:|1700115166\n|gametype|singles\n|player|p1|GABRIEL_HU|guitarist|1348\n|player|p2|Shadynut|1|1238\n|teamsize|p1|6\n|teamsize|p2|6\n|gen|9\n|tier|[Gen 9] National Dex\n|rated|\n|rule|HP Percentage Mod: HP is shown in percentages\n|rule|Endless Battle Clause: Forcing endless battles is banned\n|rule|OHKO Clause: OHKO moves are banned\n|rule|Evasion Clause: Evasion abilities, items, and moves are banned\n|rule|Evasion Abilities Clause: Evasion abilities are banned\n|rule|Evasion Items Clause: Evasion items are banned\n|rule|Evasion Moves Clause: Evasion moves are banned\n|rule|Species Clause: Limit one of each Pok\u00e9mon\n|rule|Sleep Clause Mod: Limit one foe put to sleep\n|clearpoke\n|poke|p1|Garganacl, F|\n|poke|p1|Greninja-*, M|\n|poke|p1|Zapdos|\n|poke|p1|Great Tusk|\n|poke|p1|Heatran, M|\n|poke|p1|Scizor, M|\n|poke|p2|Ampharos, M|\n|poke|p2|Breloom, F|\n|poke|p2|Greninja-*, M|\n|poke|p2|Scizor, M|\n|poke|p2|Clodsire, M|\n|poke|p2|Iron Valiant|\n|teampreview\n|inactive|Battle timer is ON: inactive players will automatically lose when time's up. (requested by GABRIEL_HU)\n|\n|t:|1700115184\n|start\n|switch|p1a: Zapdos|Zapdos|100\/100\n|switch|p2a: Greninja|Greninja, M|100\/100\n|turn|1\n|\n|t:|1700115190\n|move|p2a: Greninja|Ice Beam|p1a: Zapdos\n|-supereffective|p1a: Zapdos\n|-crit|p1a: Zapdos\n|-damage|p1a: Zapdos|21\/100\n|-status|p1a: Zapdos|frz\n|cant|p1a: Zapdos|frz\n|\n|upkeep\n|turn|2\n|\n|t:|1700115201\n|switch|p1a: Garganacl|Garganacl, F, shiny|100\/100\n|move|p2a: Greninja|Ice Beam|p1a: Garganacl\n|-damage|p1a: Garganacl|84\/100\n|\n|-heal|p1a: Garganacl|90\/100|[from] item: Leftovers\n|upkeep\n|turn|3\n|\n|t:|1700115205\n|-terastallize|p1a: Garganacl|Water\n|move|p2a: Greninja|Scald|p1a: Garganacl\n|-resisted|p1a: Garganacl\n|-damage|p1a: Garganacl|79\/100\n|move|p1a: Garganacl|Body Press|p2a: Greninja\n|-supereffective|p2a: Greninja\n|-damage|p2a: Greninja|27\/100\n|\n|-heal|p1a: Garganacl|85\/100|[from] item: Leftovers\n|upkeep\n|turn|4\n|\n|t:|1700115216\n|-zpower|p2a: Greninja\n|move|p2a: Greninja|Black Hole Eclipse|p1a: Garganacl|[zeffect]\n|-damage|p1a: Garganacl|42\/100\n|move|p1a: Garganacl|Body Press|p2a: Greninja\n|-supereffective|p2a: Greninja\n|-damage|p2a: Greninja|0 fnt\n|faint|p2a: Greninja\n|\n|-heal|p1a: Garganacl|48\/100|[from] item: Leftovers\n|upkeep\n|\n|t:|1700115219\n|switch|p2a: Ampharos|Ampharos, M|100\/100\n|turn|5\n|\n|t:|1700115223\n|switch|p1a: Great Tusk|Great Tusk|100\/100\n|detailschange|p2a: Ampharos|Ampharos-Mega, M\n|-mega|p2a: Ampharos|Ampharos|Ampharosite\n|-ability|p2a: Ampharos|Mold Breaker\n|move|p2a: Ampharos|Thunderbolt|p1a: Great Tusk\n|-immune|p1a: Great Tusk\n|\n|upkeep\n|turn|6\n|\n|t:|1700115230\n|-zpower|p1a: Great Tusk\n|move|p1a: Great Tusk|Subzero Slammer|p2a: Ampharos|[zeffect]\n|-supereffective|p2a: Ampharos\n|-damage|p2a: Ampharos|0 fnt\n|faint|p2a: Ampharos\n|\n|upkeep\n|\n|t:|1700115236\n|switch|p2a: Breloom|Breloom, F|100\/100\n|turn|7\n|\n|t:|1700115239\n|move|p1a: Great Tusk|Ice Spinner|p2a: Breloom\n|-supereffective|p2a: Breloom\n|-damage|p2a: Breloom|7\/100\n|move|p2a: Breloom|Bullet Seed|p1a: Great Tusk\n|-supereffective|p1a: Great Tusk\n|-damage|p1a: Great Tusk|71\/100\n|-supereffective|p1a: Great Tusk\n|-damage|p1a: Great Tusk|41\/100\n|-supereffective|p1a: Great Tusk\n|-damage|p1a: Great Tusk|10\/100\n|-supereffective|p1a: Great Tusk\n|-damage|p1a: Great Tusk|0 fnt\n|faint|p1a: Great Tusk\n|-end|p1a: Great Tusk|Protosynthesis|[silent]\n|-hitcount|p1: Great Tusk|4\n|\n|upkeep\n|\n|t:|1700115244\n|switch|p1a: Scizor|Scizor, M|100\/100\n|turn|8\n|\n|t:|1700115246\n|detailschange|p1a: Scizor|Scizor-Mega, M\n|-mega|p1a: Scizor|Scizor|Scizorite\n|move|p2a: Breloom|Close Combat|p1a: Scizor\n|-damage|p1a: Scizor|60\/100\n|-unboost|p2a: Breloom|def|1\n|-unboost|p2a: Breloom|spd|1\n|move|p1a: Scizor|U-turn|p2a: Breloom\n|-damage|p2a: Breloom|0 fnt\n|faint|p2a: Breloom\n|\n|t:|1700115251\n|switch|p1a: Zapdos|Zapdos|21\/100 frz|[from] U-turn\n|\n|upkeep\n|\n|t:|1700115255\n|switch|p2a: Iron Valiant|Iron Valiant|100\/100\n|-enditem|p2a: Iron Valiant|Booster Energy\n|-activate|p2a: Iron Valiant|ability: Quark Drive|[fromitem]\n|-start|p2a: Iron Valiant|quarkdrivespe\n|turn|9\n|\n|t:|1700115257\n|move|p2a: Iron Valiant|Moonblast|p1a: Zapdos\n|-crit|p1a: Zapdos\n|-damage|p1a: Zapdos|0 fnt\n|faint|p1a: Zapdos\n|\n|upkeep\n|\n|t:|1700115260\n|switch|p1a: Heatran|Heatran, M|100\/100\n|turn|10\n|\n|t:|1700115264\n|-terastallize|p2a: Iron Valiant|Fire\n|move|p1a: Heatran|Protect|p1a: Heatran\n|-singleturn|p1a: Heatran|Protect\n|move|p2a: Iron Valiant|Fire Punch|p1a: Heatran\n|-activate|p1a: Heatran|move: Protect\n|\n|upkeep\n|turn|11\n|\n|t:|1700115270\n|move|p2a: Iron Valiant|Fire Punch|p1a: Heatran\n|-start|p1a: Heatran|ability: Flash Fire\n|move|p1a: Heatran|Toxic|p2a: Iron Valiant\n|-status|p2a: Iron Valiant|tox\n|\n|-damage|p2a: Iron Valiant|94\/100 tox|[from] psn\n|upkeep\n|turn|12\n|-message|Shadynut forfeited.\n|\n|win|GABRIEL_HU\n|raw|GABRIEL_HU's rating: 1348 &rarr; <strong>1362<\/strong><br \/>(+14 for winning)\n|raw|Shadynut's rating: 1238 &rarr; <strong>1221<\/strong><br \/>(-17 for losing)\n|l|\u2606Shadynut\n","uploadtime":1700115277,"views":4,"p1id":"gabrielhu","p2id":"shadynut","formatid":"gen9nationaldex","rating":1221,"private":0,"password":""}