{"id":"gen9nationaldex-1993353820","p1":"hhxh\u955c\u82b1\u6c34\u6708","p2":"taoke","format":"[Gen 9] National Dex","log":"|j|\u2606hhxh\u955c\u82b1\u6c34\u6708\n|j|\u2606taoke\n|t:|1700304510\n|gametype|singles\n|player|p1|hhxh\u955c\u82b1\u6c34\u6708|penny|1586\n|player|p2|taoke|cyclist|1658\n|teamsize|p1|6\n|teamsize|p2|6\n|gen|9\n|tier|[Gen 9] National Dex\n|rated|\n|rule|HP Percentage Mod: HP is shown in percentages\n|rule|Endless Battle Clause: Forcing endless battles is banned\n|rule|OHKO Clause: OHKO moves are banned\n|rule|Evasion Clause: Evasion abilities, items, and moves are banned\n|rule|Evasion Abilities Clause: Evasion abilities are banned\n|rule|Evasion Items Clause: Evasion items are banned\n|rule|Evasion Moves Clause: Evasion moves are banned\n|rule|Species Clause: Limit one of each Pok\u00e9mon\n|rule|Sleep Clause Mod: Limit one foe put to sleep\n|clearpoke\n|poke|p1|Volcanion|\n|poke|p1|Slowbro, M|\n|poke|p1|Mawile, F|\n|poke|p1|Ursaluna, F|\n|poke|p1|Maushold|\n|poke|p1|Dragonite, M|\n|poke|p2|Ting-Lu|\n|poke|p2|Great Tusk|\n|poke|p2|Vaporeon, F|\n|poke|p2|Sylveon, F|\n|poke|p2|Espeon, M|\n|poke|p2|Hoopa-Unbound|\n|teampreview\n|inactive|Battle timer is ON: inactive players will automatically lose when time's up. (requested by hhxh\u955c\u82b1\u6c34\u6708)\n|j| Ghha\n|\n|t:|1700304523\n|start\n|switch|p1a: Slowbro|Slowbro, M, shiny|100\/100\n|switch|p2a: Ting-Lu|Ting-Lu|100\/100\n|-ability|p2a: Ting-Lu|Vessel of Ruin\n|turn|1\n|l| Ghha\n|\n|t:|1700304527\n|switch|p1a: Maushold|Maushold, shiny|100\/100\n|move|p2a: Ting-Lu|Stealth Rock|p1a: Maushold\n|-sidestart|p1: hhxh\u955c\u82b1\u6c34\u6708|move: Stealth Rock\n|\n|upkeep\n|turn|2\n|\n|t:|1700304533\n|move|p1a: Maushold|Encore|p2a: Ting-Lu\n|-start|p2a: Ting-Lu|Encore\n|move|p2a: Ting-Lu|Stealth Rock||[still]\n|-fail|p2a: Ting-Lu\n|\n|upkeep\n|turn|3\n|\n|t:|1700304541\n|switch|p2a: Great Tusk|Great Tusk|100\/100\n|move|p1a: Maushold|Tidy Up|p1a: Maushold\n|-sideend|p1: hhxh\u955c\u82b1\u6c34\u6708|Stealth Rock\n|-activate|p1a: Maushold|move: Tidy Up\n|-boost|p1a: Maushold|atk|1\n|-boost|p1a: Maushold|spe|1\n|\n|upkeep\n|turn|4\n|j| kingambit player\n|inactive|hhxh\u955c\u82b1\u6c34\u6708 has 120 seconds left.\n|j| hhxhwin\n|\n|t:|1700304580\n|switch|p1a: Slowbro|Slowbro, M, shiny|100\/100\n|move|p2a: Great Tusk|Close Combat|p1a: Slowbro\n|-resisted|p1a: Slowbro\n|-damage|p1a: Slowbro|82\/100\n|-unboost|p2a: Great Tusk|def|1\n|-unboost|p2a: Great Tusk|spd|1\n|\n|-heal|p1a: Slowbro|88\/100|[from] item: Leftovers\n|upkeep\n|turn|5\n|\n|t:|1700304594\n|-end|p2a: Great Tusk|Protosynthesis|[silent]\n|switch|p2a: Hoopa|Hoopa-Unbound|100\/100\n|move|p1a: Slowbro|Trick Room|p1a: Slowbro\n|-fieldstart|move: Trick Room|[of] p1a: Slowbro\n|\n|-heal|p1a: Slowbro|94\/100|[from] item: Leftovers\n|upkeep\n|turn|6\n|j| Yjun\u3010\u541b\u3011\n|\n|t:|1700304605\n|switch|p1a: Mawile|Mawile, F, shiny|100\/100\n|-ability|p1a: Mawile|Intimidate|boost\n|-unboost|p2a: Hoopa|atk|1\n|move|p2a: Hoopa|Hyperspace Fury|p1a: Mawile\n|-resisted|p1a: Mawile\n|-damage|p1a: Mawile|58\/100\n|-unboost|p2a: Hoopa|def|1\n|\n|upkeep\n|turn|7\n|l| Yjun\u3010\u541b\u3011\n|inactive|taoke has 120 seconds left.\n|\n|t:|1700304636\n|switch|p2a: Espeon|Espeon, M|100\/100\n|detailschange|p1a: Mawile|Mawile-Mega, F, shiny\n|-mega|p1a: Mawile|Mawile|Mawilite\n|move|p1a: Mawile|Play Rough|p2a: Espeon\n|-damage|p2a: Espeon|0 fnt\n|faint|p2a: Espeon\n|\n|upkeep\n|inactive|taoke has 120 seconds left.\n|\n|t:|1700304645\n|switch|p2a: Ting-Lu|Ting-Lu|100\/100\n|-ability|p2a: Ting-Lu|Vessel of Ruin\n|turn|8\n|\n|t:|1700304649\n|-terastallize|p2a: Ting-Lu|Poison\n|move|p2a: Ting-Lu|Earthquake|p1a: Mawile\n|-supereffective|p1a: Mawile\n|-damage|p1a: Mawile|0 fnt\n|faint|p1a: Mawile\n|\n|upkeep\n|\n|t:|1700304656\n|switch|p1a: Ursaluna|Ursaluna, F, shiny|100\/100\n|turn|9\n|\n|t:|1700304661\n|switch|p2a: Great Tusk|Great Tusk|100\/100\n|move|p1a: Ursaluna|Headlong Rush|p2a: Great Tusk\n|-damage|p2a: Great Tusk|49\/100\n|-unboost|p1a: Ursaluna|def|1\n|-unboost|p1a: Ursaluna|spd|1\n|\n|-heal|p2a: Great Tusk|55\/100|[from] item: Leftovers\n|-fieldend|move: Trick Room\n|-status|p1a: Ursaluna|brn|[from] item: Flame Orb\n|upkeep\n|turn|10\n|\n|t:|1700304668\n|switch|p1a: Slowbro|Slowbro, M, shiny|100\/100\n|move|p2a: Great Tusk|Headlong Rush|p1a: Slowbro\n|-crit|p1a: Slowbro\n|-damage|p1a: Slowbro|41\/100\n|-unboost|p2a: Great Tusk|def|1\n|-unboost|p2a: Great Tusk|spd|1\n|\n|-heal|p2a: Great Tusk|61\/100|[from] item: Leftovers\n|-heal|p1a: Slowbro|47\/100|[from] item: Leftovers\n|upkeep\n|turn|11\n|\n|t:|1700304677\n|-end|p2a: Great Tusk|Protosynthesis|[silent]\n|switch|p2a: Hoopa|Hoopa-Unbound|100\/100\n|move|p1a: Slowbro|Trick Room|p1a: Slowbro\n|-fieldstart|move: Trick Room|[of] p1a: Slowbro\n|\n|-heal|p1a: Slowbro|53\/100|[from] item: Leftovers\n|upkeep\n|turn|12\n|\n|t:|1700304683\n|switch|p1a: Ursaluna|Ursaluna, F, shiny|100\/100 brn\n|move|p2a: Hoopa|Hyperspace Fury|p1a: Ursaluna\n|-damage|p1a: Ursaluna|41\/100 brn\n|-unboost|p2a: Hoopa|def|1\n|\n|-damage|p1a: Ursaluna|35\/100 brn|[from] brn\n|upkeep\n|turn|13\n|\n|t:|1700304692\n|switch|p2a: Ting-Lu|Ting-Lu, tera:Poison|100\/100\n|-ability|p2a: Ting-Lu|Vessel of Ruin\n|move|p1a: Ursaluna|Facade|p2a: Ting-Lu\n|-damage|p2a: Ting-Lu|34\/100\n|\n|-heal|p2a: Ting-Lu|41\/100|[from] item: Leftovers\n|-damage|p1a: Ursaluna|29\/100 brn|[from] brn\n|upkeep\n|turn|14\n|\n|t:|1700304699\n|move|p1a: Ursaluna|Facade|p2a: Ting-Lu\n|-damage|p2a: Ting-Lu|0 fnt\n|faint|p2a: Ting-Lu\n|\n|-damage|p1a: Ursaluna|23\/100 brn|[from] brn\n|upkeep\n|\n|t:|1700304706\n|switch|p2a: Vaporeon|Vaporeon, F|100\/100\n|turn|15\n|\n|t:|1700304728\n|move|p2a: Vaporeon|Protect|p2a: Vaporeon\n|-singleturn|p2a: Vaporeon|Protect\n|move|p1a: Ursaluna|Facade|p2a: Vaporeon\n|-activate|p2a: Vaporeon|move: Protect\n|\n|-damage|p1a: Ursaluna|17\/100 brn|[from] brn\n|-fieldend|move: Trick Room\n|upkeep\n|turn|16\n|\n|t:|1700304733\n|switch|p1a: Slowbro|Slowbro, M, shiny|86\/100\n|move|p2a: Vaporeon|Scald|p1a: Slowbro\n|-resisted|p1a: Slowbro\n|-damage|p1a: Slowbro|71\/100\n|\n|-heal|p1a: Slowbro|77\/100|[from] item: Leftovers\n|upkeep\n|turn|17\n|\n|t:|1700304741\n|switch|p2a: Hoopa|Hoopa-Unbound|100\/100\n|move|p1a: Slowbro|Trick Room|p1a: Slowbro\n|-fieldstart|move: Trick Room|[of] p1a: Slowbro\n|\n|-heal|p1a: Slowbro|83\/100|[from] item: Leftovers\n|upkeep\n|turn|18\n|\n|t:|1700304748\n|switch|p1a: Volcanion|Volcanion|100\/100\n|move|p2a: Hoopa|Hyperspace Fury|p1a: Volcanion\n|-damage|p1a: Volcanion|15\/100\n|-unboost|p2a: Hoopa|def|1\n|\n|upkeep\n|turn|19\n|\n|t:|1700304755\n|move|p1a: Volcanion|Hidden Power|p2a: Hoopa\n|-damage|p2a: Hoopa|80\/100\n|move|p2a: Hoopa|Hyperspace Fury|p1a: Volcanion\n|-damage|p1a: Volcanion|0 fnt\n|-unboost|p2a: Hoopa|def|1\n|faint|p1a: Volcanion\n|\n|upkeep\n|\n|t:|1700304758\n|switch|p1a: Ursaluna|Ursaluna, F, shiny|17\/100 brn\n|turn|20\n|\n|t:|1700304764\n|switch|p2a: Great Tusk|Great Tusk|61\/100\n|move|p1a: Ursaluna|Facade|p2a: Great Tusk\n|-damage|p2a: Great Tusk|0 fnt\n|faint|p2a: Great Tusk\n|-end|p2a: Great Tusk|Protosynthesis|[silent]\n|\n|-damage|p1a: Ursaluna|11\/100 brn|[from] brn\n|upkeep\n|\n|t:|1700304773\n|switch|p2a: Vaporeon|Vaporeon, F|100\/100\n|turn|21\n|\n|t:|1700304782\n|switch|p1a: Maushold|Maushold, shiny|100\/100\n|move|p2a: Vaporeon|Wish|p2a: Vaporeon\n|\n|-fieldend|move: Trick Room\n|upkeep\n|turn|22\n|\n|t:|1700304788\n|move|p1a: Maushold|Encore|p2a: Vaporeon\n|-start|p2a: Vaporeon|Encore\n|move|p2a: Vaporeon|Wish||[still]\n|-fail|p2a: Vaporeon\n|\n|upkeep\n|turn|23\n|\n|t:|1700304795\n|switch|p2a: Sylveon|Sylveon, F|100\/100\n|move|p1a: Maushold|Tidy Up|p1a: Maushold\n|-boost|p1a: Maushold|atk|1\n|-boost|p1a: Maushold|spe|1\n|\n|upkeep\n|turn|24\n|c|\u2606hhxh\u955c\u82b1\u6c34\u6708|\u6211\u53bb \u610f\u8bc6\u5230\u4f0a\u5e03\n|c|\u2606hhxh\u955c\u82b1\u6c34\u6708|\u624d\u53d1\u73b0\u662f\u9003\u8bfe\u5c06\u519b\n|\n|t:|1700304816\n|move|p1a: Maushold|Population Bomb|p2a: Sylveon\n|-damage|p2a: Sylveon|87\/100\n|-damage|p2a: Sylveon|72\/100\n|-damage|p2a: Sylveon|60\/100\n|-damage|p2a: Sylveon|47\/100\n|-damage|p2a: Sylveon|34\/100\n|-damage|p2a: Sylveon|20\/100\n|-damage|p2a: Sylveon|7\/100\n|-damage|p2a: Sylveon|0 fnt\n|faint|p2a: Sylveon\n|-hitcount|p2: Sylveon|8\n|\n|upkeep\n|c|\u2606hhxh\u955c\u82b1\u6c34\u6708|\u5931\u656c\u5931\u656c\n|c|\u2606taoke|gg\n|-message|taoke forfeited.\n|\n|win|hhxh\u955c\u82b1\u6c34\u6708\n|raw|hhxh\u955c\u82b1\u6c34\u6708's rating: 1586 &rarr; <strong>1610<\/strong><br \/>(+24 for winning)\n|raw|taoke's rating: 1658 &rarr; <strong>1634<\/strong><br \/>(-24 for losing)\n|c|\u2606hhxh\u955c\u82b1\u6c34\u6708|gg\n|l|\u2606taoke\n","uploadtime":1700304862,"views":7,"p1id":"hhxh","p2id":"taoke","formatid":"gen9nationaldex","rating":1610,"private":0,"password":""}