{"id":"gen9nationaldex-2000243029","p1":"xuxiansheng","p2":"Ackesh","format":"[Gen 9] National Dex","log":"|html|<div class=\"broadcast-blue\"><strong>[Gen 9] National Dex is currently suspecting Sneasler! For information on how to participate check out the <a href=\"https:\/\/www.smogon.com\/forums\/threads\/sv-national-dex-suspect-8-just-dance.3731534\/\">suspect thread<\/a>.<\/strong><\/div>\n|j|\u2606xuxiansheng\n|j|\u2606Ackesh\n|t:|1701176710\n|gametype|singles\n|player|p1|xuxiansheng|mira|1601\n|player|p2|Ackesh|silver|1787\n|teamsize|p1|6\n|teamsize|p2|6\n|gen|9\n|tier|[Gen 9] National Dex\n|rated|\n|rule|HP Percentage Mod: HP is shown in percentages\n|rule|Endless Battle Clause: Forcing endless battles is banned\n|rule|OHKO Clause: OHKO moves are banned\n|rule|Evasion Clause: Evasion abilities, items, and moves are banned\n|rule|Evasion Abilities Clause: Evasion abilities are banned\n|rule|Evasion Items Clause: Evasion items are banned\n|rule|Evasion Moves Clause: Evasion moves are banned\n|rule|Species Clause: Limit one of each Pok\u00e9mon\n|rule|Sleep Clause Mod: Limit one foe put to sleep\n|clearpoke\n|poke|p1|Aegislash, F|\n|poke|p1|Landorus-Therian, M|\n|poke|p1|Tapu Lele|\n|poke|p1|Urshifu-*, F|\n|poke|p1|Dragonite, F|\n|poke|p1|Ferrothorn, F|\n|poke|p2|Venusaur, F|\n|poke|p2|Kyurem|\n|poke|p2|Torkoal, F|\n|poke|p2|Landorus-Therian, M|\n|poke|p2|Heatran, M|\n|poke|p2|Victini|\n|teampreview\n|inactive|Battle timer is ON: inactive players will automatically lose when time's up. (requested by xuxiansheng)\n|\n|t:|1701176738\n|start\n|switch|p1a: \u866b\u738b|Landorus-Therian, M|100\/100\n|switch|p2a: Torkoal|Torkoal, F|100\/100\n|-ability|p1a: \u866b\u738b|Intimidate|boost\n|-unboost|p2a: Torkoal|atk|1\n|-weather|SunnyDay|[from] ability: Drought|[of] p2a: Torkoal\n|turn|1\n|\n|t:|1701176747\n|switch|p2a: Landorus|Landorus-Therian, M|100\/100\n|-ability|p2a: Landorus|Intimidate|boost\n|-unboost|p1a: \u866b\u738b|atk|1\n|move|p1a: \u866b\u738b|Earthquake|p2a: Landorus\n|-immune|p2a: Landorus\n|\n|-weather|SunnyDay|[upkeep]\n|upkeep\n|turn|2\n|\n|t:|1701176758\n|switch|p1a: Ferrothorn|Ferrothorn, F|100\/100\n|move|p2a: Landorus|Smack Down|p1a: Ferrothorn\n|-resisted|p1a: Ferrothorn\n|-damage|p1a: Ferrothorn|95\/100\n|\n|-weather|SunnyDay|[upkeep]\n|upkeep\n|turn|3\n|\n|t:|1701176766\n|-terastallize|p2a: Landorus|Ground\n|move|p2a: Landorus|Earthquake|p1a: Ferrothorn\n|-damage|p1a: Ferrothorn|40\/100\n|move|p1a: Ferrothorn|Stealth Rock|p2a: Landorus\n|-sidestart|p2: Ackesh|move: Stealth Rock\n|\n|-weather|SunnyDay|[upkeep]\n|upkeep\n|turn|4\n|\n|t:|1701176773\n|switch|p1a: \u866b\u738b|Landorus-Therian, M|100\/100\n|-ability|p1a: \u866b\u738b|Intimidate|boost\n|-unboost|p2a: Landorus|atk|1\n|move|p2a: Landorus|Defog|p1a: \u866b\u738b\n|-unboost|p1a: \u866b\u738b|evasion|1\n|-sideend|p2: Ackesh|Stealth Rock|[from] move: Defog|[of] p2a: Landorus\n|\n|-weather|SunnyDay|[upkeep]\n|upkeep\n|turn|5\n|\n|t:|1701176783\n|move|p2a: Landorus|U-turn|p1a: \u866b\u738b\n|-resisted|p1a: \u866b\u738b\n|-damage|p1a: \u866b\u738b|94\/100\n|\n|t:|1701176784\n|switch|p2a: Kyurem|Kyurem|100\/100|[from] U-turn\n|-ability|p2a: Kyurem|Pressure\n|move|p1a: \u866b\u738b|Knock Off|p2a: Kyurem\n|-damage|p2a: Kyurem|70\/100\n|-enditem|p2a: Kyurem|Life Orb|[from] move: Knock Off|[of] p1a: \u866b\u738b\n|\n|-weather|SunnyDay|[upkeep]\n|-heal|p1a: \u866b\u738b|99\/100|[from] item: Leftovers\n|upkeep\n|turn|6\n|j| Mega Tonini\n|\n|t:|1701176819\n|switch|p2a: Torkoal|Torkoal, F|100\/100\n|switch|p1a: \u5927\u72c3\u62c9\u662f\u4ec0\u4e48\u4e1c\u897f|Aegislash, F|100\/100\n|\n|-weather|SunnyDay|[upkeep]\n|upkeep\n|turn|7\n|\n|t:|1701176830\n|switch|p1a: \u866b\u738b|Landorus-Therian, M|99\/100\n|-ability|p1a: \u866b\u738b|Intimidate|boost\n|-unboost|p2a: Torkoal|atk|1\n|move|p2a: Torkoal|Stealth Rock|p1a: \u866b\u738b\n|-sidestart|p1: xuxiansheng|move: Stealth Rock\n|\n|-weather|SunnyDay|[upkeep]\n|-heal|p1a: \u866b\u738b|100\/100|[from] item: Leftovers\n|upkeep\n|turn|8\n|\n|t:|1701176835\n|move|p1a: \u866b\u738b|Defog|p2a: Torkoal\n|-unboost|p2a: Torkoal|evasion|1\n|-sideend|p1: xuxiansheng|Stealth Rock|[from] move: Defog|[of] p1a: \u866b\u738b\n|move|p2a: Torkoal|Yawn|p1a: \u866b\u738b\n|-start|p1a: \u866b\u738b|move: Yawn|[of] p2a: Torkoal\n|\n|-weather|none\n|upkeep\n|turn|9\n|\n|t:|1701176841\n|switch|p1a: Ferrothorn|Ferrothorn, F|40\/100\n|move|p2a: Torkoal|Stealth Rock|p1a: Ferrothorn\n|-sidestart|p1: xuxiansheng|move: Stealth Rock\n|\n|upkeep\n|turn|10\n|\n|t:|1701176849\n|-terastallize|p1a: Ferrothorn|Ghost\n|move|p2a: Torkoal|Flamethrower|p1a: Ferrothorn\n|-damage|p1a: Ferrothorn|20\/100\n|move|p1a: Ferrothorn|Stealth Rock|p2a: Torkoal\n|-sidestart|p2: Ackesh|move: Stealth Rock\n|\n|upkeep\n|turn|11\n|\n|t:|1701176854\n|move|p2a: Torkoal|Yawn|p1a: Ferrothorn\n|-start|p1a: Ferrothorn|move: Yawn|[of] p2a: Torkoal\n|move|p1a: Ferrothorn|Leech Seed|p2a: Torkoal\n|-start|p2a: Torkoal|move: Leech Seed\n|\n|-damage|p2a: Torkoal|88\/100|[from] Leech Seed|[of] p1a: Ferrothorn\n|-heal|p1a: Ferrothorn|32\/100|[silent]\n|upkeep\n|turn|12\n|\n|t:|1701176864\n|switch|p2a: Heatran|Heatran, M|100\/100\n|-damage|p2a: Heatran|88\/100|[from] Stealth Rock\n|switch|p1a: Urshifu|Urshifu-Rapid-Strike, F|100\/100\n|-damage|p1a: Urshifu|94\/100|[from] Stealth Rock\n|\n|upkeep\n|turn|13\n|\n|t:|1701176877\n|switch|p2a: Torkoal|Torkoal, F|88\/100\n|-damage|p2a: Torkoal|63\/100|[from] Stealth Rock\n|-weather|SunnyDay|[from] ability: Drought|[of] p2a: Torkoal\n|move|p1a: Urshifu|Surging Strikes|p2a: Torkoal\n|-supereffective|p2a: Torkoal\n|-crit|p2a: Torkoal\n|-damage|p2a: Torkoal|51\/100\n|-supereffective|p2a: Torkoal\n|-crit|p2a: Torkoal\n|-damage|p2a: Torkoal|40\/100\n|-supereffective|p2a: Torkoal\n|-crit|p2a: Torkoal\n|-damage|p2a: Torkoal|27\/100\n|-hitcount|p2a: Torkoal|3\n|\n|-weather|SunnyDay|[upkeep]\n|upkeep\n|turn|14\n|\n|t:|1701176885\n|switch|p2a: Venusaur|Venusaur, F|100\/100\n|-damage|p2a: Venusaur|88\/100|[from] Stealth Rock\n|move|p1a: Urshifu|Surging Strikes|p2a: Venusaur\n|-resisted|p2a: Venusaur\n|-crit|p2a: Venusaur\n|-damage|p2a: Venusaur|81\/100\n|-resisted|p2a: Venusaur\n|-crit|p2a: Venusaur\n|-damage|p2a: Venusaur|74\/100\n|-resisted|p2a: Venusaur\n|-crit|p2a: Venusaur\n|-damage|p2a: Venusaur|67\/100\n|-hitcount|p2a: Venusaur|3\n|\n|-weather|SunnyDay|[upkeep]\n|upkeep\n|turn|15\n|inactive|xuxiansheng has 120 seconds left.\n|\n|t:|1701176921\n|switch|p1a: \u5927\u72c3\u62c9\u662f\u4ec0\u4e48\u4e1c\u897f|Aegislash, F|100\/100\n|-damage|p1a: \u5927\u72c3\u62c9\u662f\u4ec0\u4e48\u4e1c\u897f|94\/100|[from] Stealth Rock\n|move|p2a: Venusaur|Growth|p2a: Venusaur\n|-boost|p2a: Venusaur|atk|2\n|-boost|p2a: Venusaur|spa|2\n|\n|-weather|SunnyDay|[upkeep]\n|-heal|p1a: \u5927\u72c3\u62c9\u662f\u4ec0\u4e48\u4e1c\u897f|100\/100|[from] item: Leftovers\n|upkeep\n|turn|16\n|inactive|xuxiansheng has 120 seconds left.\n|j| azurecoralsea\n|\n|t:|1701176937\n|move|p2a: Venusaur|Weather Ball|p1a: \u5927\u72c3\u62c9\u662f\u4ec0\u4e48\u4e1c\u897f\n|-supereffective|p1a: \u5927\u72c3\u62c9\u662f\u4ec0\u4e48\u4e1c\u897f\n|-damage|p1a: \u5927\u72c3\u62c9\u662f\u4ec0\u4e48\u4e1c\u897f|0 fnt\n|faint|p1a: \u5927\u72c3\u62c9\u662f\u4ec0\u4e48\u4e1c\u897f\n|-damage|p2a: Venusaur|57\/100|[from] item: Life Orb\n|\n|-weather|SunnyDay|[upkeep]\n|upkeep\n|\n|t:|1701176959\n|switch|p1a: Ferrothorn|Ferrothorn, F, tera:Ghost|32\/100\n|-damage|p1a: Ferrothorn|20\/100|[from] Stealth Rock\n|turn|17\n|\n|t:|1701176965\n|move|p2a: Venusaur|Giga Drain|p1a: Ferrothorn\n|-damage|p1a: Ferrothorn|0 fnt\n|-heal|p2a: Venusaur|68\/100|[from] drain|[of] p1a: Ferrothorn\n|faint|p1a: Ferrothorn\n|-damage|p2a: Venusaur|58\/100|[from] item: Life Orb\n|\n|-weather|SunnyDay|[upkeep]\n|upkeep\n|\n|t:|1701176973\n|switch|p1a: \u866b\u738b|Landorus-Therian, M|100\/100\n|-damage|p1a: \u866b\u738b|88\/100|[from] Stealth Rock\n|-ability|p1a: \u866b\u738b|Intimidate|boost\n|-unboost|p2a: Venusaur|atk|1\n|turn|18\n|\n|t:|1701176979\n|move|p2a: Venusaur|Weather Ball|p1a: \u866b\u738b\n|-damage|p1a: \u866b\u738b|0 fnt\n|faint|p1a: \u866b\u738b\n|-damage|p2a: Venusaur|48\/100|[from] item: Life Orb\n|\n|-weather|SunnyDay|[upkeep]\n|upkeep\n|\n|t:|1701176985\n|switch|p1a: Dragonite|Dragonite, F|100\/100\n|-damage|p1a: Dragonite|76\/100|[from] Stealth Rock\n|turn|19\n|\n|t:|1701176988\n|move|p1a: Dragonite|Extreme Speed|p2a: Venusaur\n|-damage|p2a: Venusaur|0 fnt\n|faint|p2a: Venusaur\n|\n|-weather|SunnyDay|[upkeep]\n|upkeep\n|\n|t:|1701177006\n|switch|p2a: Landorus|Landorus-Therian, M, tera:Ground|100\/100\n|-damage|p2a: Landorus|94\/100|[from] Stealth Rock\n|-ability|p2a: Landorus|Intimidate|boost\n|-unboost|p1a: Dragonite|atk|1\n|turn|20\n|\n|t:|1701177012\n|switch|p1a: Urshifu|Urshifu-Rapid-Strike, F|94\/100\n|-damage|p1a: Urshifu|88\/100|[from] Stealth Rock\n|move|p2a: Landorus|Defog|p1a: Urshifu\n|-unboost|p1a: Urshifu|evasion|1\n|-sideend|p1: xuxiansheng|Stealth Rock|[from] move: Defog|[of] p2a: Landorus\n|-sideend|p2: Ackesh|Stealth Rock|[from] move: Defog|[of] p2a: Landorus\n|\n|-weather|none\n|upkeep\n|turn|21\n|\n|t:|1701177024\n|switch|p2a: Torkoal|Torkoal, F|27\/100\n|-weather|SunnyDay|[from] ability: Drought|[of] p2a: Torkoal\n|move|p1a: Urshifu|Trailblaze|p2a: Torkoal\n|-resisted|p2a: Torkoal\n|-damage|p2a: Torkoal|23\/100\n|-boost|p1a: Urshifu|spe|1\n|\n|-weather|SunnyDay|[upkeep]\n|upkeep\n|turn|22\n|\n|t:|1701177035\n|move|p1a: Urshifu|Drain Punch|p2a: Torkoal\n|-damage|p2a: Torkoal|0 fnt\n|-heal|p1a: Urshifu|99\/100|[from] drain|[of] p2a: Torkoal\n|faint|p2a: Torkoal\n|\n|-weather|SunnyDay|[upkeep]\n|upkeep\n|inactive|Ackesh has 120 seconds left.\n|\n|t:|1701177065\n|switch|p2a: Victini|Victini|100\/100\n|turn|23\n|inactive|Ackesh has 120 seconds left.\n|inactive|xuxiansheng has 120 seconds left.\n|\n|t:|1701177099\n|switch|p1a: \u522b\u62cd\u843d\u6211|Tapu Lele|100\/100\n|-fieldstart|move: Psychic Terrain|[from] ability: Psychic Surge|[of] p1a: \u522b\u62cd\u843d\u6211\n|move|p2a: Victini|Bolt Strike|p1a: \u522b\u62cd\u843d\u6211\n|-damage|p1a: \u522b\u62cd\u843d\u6211|46\/100\n|\n|-weather|SunnyDay|[upkeep]\n|upkeep\n|turn|24\n|inactive|xuxiansheng has 120 seconds left.\n|\n|t:|1701177110\n|move|p2a: Victini|Bolt Strike|p1a: \u522b\u62cd\u843d\u6211\n|-damage|p1a: \u522b\u62cd\u843d\u6211|0 fnt\n|faint|p1a: \u522b\u62cd\u843d\u6211\n|\n|-weather|SunnyDay|[upkeep]\n|upkeep\n|\n|t:|1701177114\n|switch|p1a: Dragonite|Dragonite, F|76\/100\n|turn|25\n|\n|t:|1701177121\n|switch|p2a: Landorus|Landorus-Therian, M, tera:Ground|94\/100\n|-ability|p2a: Landorus|Intimidate|boost\n|-unboost|p1a: Dragonite|atk|1\n|move|p1a: Dragonite|Earthquake|p2a: Landorus\n|-damage|p2a: Landorus|54\/100\n|\n|-weather|SunnyDay|[upkeep]\n|upkeep\n|turn|26\n|\n|t:|1701177134\n|move|p1a: Dragonite|Earthquake|p2a: Landorus\n|-damage|p2a: Landorus|15\/100\n|move|p2a: Landorus|U-turn|p1a: Dragonite\n|-resisted|p1a: Dragonite\n|-damage|p1a: Dragonite|64\/100\n|\n|t:|1701177141\n|switch|p2a: Kyurem|Kyurem|70\/100|[from] U-turn\n|-ability|p2a: Kyurem|Pressure\n|\n|-weather|SunnyDay|[upkeep]\n|upkeep\n|turn|27\n|\n|t:|1701177147\n|move|p2a: Kyurem|Freeze-Dry|p1a: Dragonite\n|-supereffective|p1a: Dragonite\n|-damage|p1a: Dragonite|0 fnt\n|faint|p1a: Dragonite\n|\n|-weather|SunnyDay|[upkeep]\n|-fieldend|move: Psychic Terrain\n|upkeep\n|\n|t:|1701177150\n|switch|p1a: Urshifu|Urshifu-Rapid-Strike, F|99\/100\n|turn|28\n|\n|t:|1701177159\n|move|p1a: Urshifu|Drain Punch|p2a: Kyurem\n|-supereffective|p2a: Kyurem\n|-damage|p2a: Kyurem|0 fnt\n|-heal|p1a: Urshifu|100\/100|[from] drain|[of] p2a: Kyurem\n|faint|p2a: Kyurem\n|\n|-weather|none\n|upkeep\n|\n|t:|1701177184\n|switch|p2a: Victini|Victini|100\/100\n|turn|29\n|\n|t:|1701177188\n|move|p2a: Victini|U-turn|p1a: Urshifu\n|-resisted|p1a: Urshifu\n|-damage|p1a: Urshifu|91\/100\n|\n|t:|1701177190\n|switch|p2a: Landorus|Landorus-Therian, M, tera:Ground|15\/100|[from] U-turn\n|-ability|p2a: Landorus|Intimidate|boost\n|-unboost|p1a: Urshifu|atk|1\n|move|p1a: Urshifu|Surging Strikes|p2a: Landorus\n|-supereffective|p2a: Landorus\n|-crit|p2a: Landorus\n|-damage|p2a: Landorus|0 fnt\n|faint|p2a: Landorus\n|-hitcount|p2: Landorus|1\n|\n|upkeep\n|\n|t:|1701177197\n|switch|p2a: Victini|Victini|100\/100\n|turn|30\n|\n|t:|1701177203\n|move|p2a: Victini|Bolt Strike|p1a: Urshifu\n|-supereffective|p1a: Urshifu\n|-damage|p1a: Urshifu|8\/100\n|move|p1a: Urshifu|Trailblaze|p2a: Victini\n|-resisted|p2a: Victini\n|-damage|p2a: Victini|95\/100\n|-boost|p1a: Urshifu|spe|1\n|\n|upkeep\n|turn|31\n|\n|t:|1701177209\n|move|p2a: Victini|Bolt Strike|p1a: Urshifu\n|-supereffective|p1a: Urshifu\n|-damage|p1a: Urshifu|0 fnt\n|faint|p1a: Urshifu\n|\n|win|Ackesh\n|raw|xuxiansheng's rating: 1601 &rarr; <strong>1591<\/strong><br \/>(-10 for losing)\n|raw|Ackesh's rating: 1787 &rarr; <strong>1797<\/strong><br \/>(+10 for winning)\n","uploadtime":1701177212,"views":4,"p1id":"xuxiansheng","p2id":"ackesh","formatid":"gen9nationaldex","rating":1591,"private":0,"password":""}