{"id":"gen9nationaldex-1995784694","p1":"Dk Zay","p2":"imbleed","format":"[Gen 9] National Dex","log":"|html|<div class=\"broadcast-blue\"><strong>[Gen 9] National Dex is currently suspecting Sneasler! For information on how to participate check out the <a href=\"https:\/\/www.smogon.com\/forums\/threads\/sv-national-dex-suspect-8-just-dance.3731534\/\">suspect thread<\/a>.<\/strong><\/div>\n|j|\u203dDk Zay\n|j|\u2606imbleed\n|t:|1700602885\n|gametype|singles\n|player|p1|Dk Zay|170|1406\n|player|p2|imbleed|poppy|1384\n|teamsize|p1|6\n|teamsize|p2|6\n|gen|9\n|tier|[Gen 9] National Dex\n|rated|\n|rule|HP Percentage Mod: HP is shown in percentages\n|rule|Endless Battle Clause: Forcing endless battles is banned\n|rule|OHKO Clause: OHKO moves are banned\n|rule|Evasion Clause: Evasion abilities, items, and moves are banned\n|rule|Evasion Abilities Clause: Evasion abilities are banned\n|rule|Evasion Items Clause: Evasion items are banned\n|rule|Evasion Moves Clause: Evasion moves are banned\n|rule|Species Clause: Limit one of each Pok\u00e9mon\n|rule|Sleep Clause Mod: Limit one foe put to sleep\n|clearpoke\n|poke|p1|Ursaluna, M|\n|poke|p1|Magnezone|\n|poke|p1|Samurott-Hisui, M|\n|poke|p1|Heracross, M|\n|poke|p1|Clawitzer, M|\n|poke|p1|Milotic, M|\n|poke|p2|Flareon, F|\n|poke|p2|Ninetales-Alola, F|\n|poke|p2|Scolipede, M|\n|poke|p2|Raikou|\n|poke|p2|Zangoose, M|\n|poke|p2|Lycanroc-Dusk, M|\n|teampreview\n|j| TheStroker\n|j| kung fu pokechu\n|inactive|Battle timer is ON: inactive players will automatically lose when time's up. (requested by Dk Zay)\n|c| TheStroker|Dk Zay gl\n|\n|t:|1700602915\n|start\n|switch|p1a: Samurott|Samurott-Hisui, M|100\/100\n|switch|p2a: 9 empty tales|Ninetales-Alola, F|100\/100\n|-weather|Snow|[from] ability: Snow Warning|[of] p2a: 9 empty tales\n|turn|1\n|\n|t:|1700602925\n|move|p2a: 9 empty tales|Aurora Veil|p2a: 9 empty tales\n|-sidestart|p2: imbleed|move: Aurora Veil\n|move|p1a: Samurott|Ceaseless Edge|p2a: 9 empty tales\n|-resisted|p2a: 9 empty tales\n|-damage|p2a: 9 empty tales|92\/100\n|-sidestart|p2: imbleed|Spikes\n|\n|-weather|Snow|[upkeep]\n|upkeep\n|turn|2\n|\n|t:|1700602931\n|move|p2a: 9 empty tales|Freeze-Dry|p1a: Samurott\n|-supereffective|p1a: Samurott\n|-damage|p1a: Samurott|44\/100\n|move|p1a: Samurott|Ceaseless Edge|p2a: 9 empty tales\n|-resisted|p2a: 9 empty tales\n|-damage|p2a: 9 empty tales|83\/100\n|-sidestart|p2: imbleed|Spikes\n|\n|-weather|Snow|[upkeep]\n|upkeep\n|turn|3\n|\n|t:|1700602940\n|move|p2a: 9 empty tales|Freeze-Dry|p1a: Samurott\n|-supereffective|p1a: Samurott\n|-damage|p1a: Samurott|0 fnt\n|faint|p1a: Samurott\n|\n|-weather|Snow|[upkeep]\n|upkeep\n|\n|t:|1700602947\n|switch|p1a: Magnezone|Magnezone, shiny|100\/100\n|turn|4\n|\n|t:|1700602952\n|switch|p2a: pet the fluff|Flareon, F|100\/100\n|-damage|p2a: pet the fluff|84\/100|[from] Spikes\n|move|p1a: Magnezone|Flash Cannon|p2a: pet the fluff\n|-resisted|p2a: pet the fluff\n|-damage|p2a: pet the fluff|70\/100\n|\n|-weather|Snow|[upkeep]\n|-status|p2a: pet the fluff|tox|[from] item: Toxic Orb\n|upkeep\n|turn|5\n|\n|t:|1700602966\n|switch|p1a: Clawitzer|Clawitzer, M, shiny|100\/100\n|move|p2a: pet the fluff|Flare Blitz|p1a: Clawitzer\n|-resisted|p1a: Clawitzer\n|-damage|p1a: Clawitzer|53\/100\n|-damage|p2a: pet the fluff|50\/100 tox|[from] Recoil\n|\n|-weather|none\n|-damage|p2a: pet the fluff|44\/100 tox|[from] psn\n|upkeep\n|turn|6\n|\n|t:|1700602976\n|move|p2a: pet the fluff|Facade|p1a: Clawitzer\n|-damage|p1a: Clawitzer|0 fnt\n|faint|p1a: Clawitzer\n|\n|-damage|p2a: pet the fluff|33\/100 tox|[from] psn\n|upkeep\n|\n|t:|1700602985\n|switch|p1a: Heracross|Heracross, M|100\/100\n|turn|7\n|\n|t:|1700602990\n|move|p1a: Heracross|Rock Blast|p2a: pet the fluff\n|-supereffective|p2a: pet the fluff\n|-damage|p2a: pet the fluff|14\/100 tox\n|-supereffective|p2a: pet the fluff\n|-damage|p2a: pet the fluff|0 fnt\n|faint|p2a: pet the fluff\n|-ability|p1a: Heracross|Moxie|boost\n|-boost|p1a: Heracross|atk|1\n|-hitcount|p2: pet the fluff|2\n|\n|upkeep\n|\n|t:|1700603005\n|switch|p2a: the other cat|Raikou|100\/100\n|-damage|p2a: the other cat|84\/100|[from] Spikes\n|turn|8\n|\n|t:|1700603009\n|detailschange|p1a: Heracross|Heracross-Mega, M\n|-mega|p1a: Heracross|Heracross|Heracronite\n|move|p2a: the other cat|Scald|p1a: Heracross\n|-damage|p1a: Heracross|71\/100\n|move|p1a: Heracross|Trailblaze|p2a: the other cat\n|-damage|p2a: the other cat|57\/100\n|-boost|p1a: Heracross|spe|1\n|\n|-heal|p2a: the other cat|63\/100|[from] item: Leftovers\n|-sideend|p2: imbleed|move: Aurora Veil\n|upkeep\n|turn|9\n|\n|t:|1700603020\n|move|p1a: Heracross|Pin Missile|p2a: the other cat\n|-crit|p2a: the other cat\n|-damage|p2a: the other cat|11\/100\n|-damage|p2a: the other cat|0 fnt\n|faint|p2a: the other cat\n|-hitcount|p2: the other cat|2\n|\n|upkeep\n|\n|t:|1700603035\n|switch|p2a: 9 empty tales|Ninetales-Alola, F|83\/100\n|-damage|p2a: 9 empty tales|67\/100|[from] Spikes\n|-weather|Snow|[from] ability: Snow Warning|[of] p2a: 9 empty tales\n|turn|10\n|\n|t:|1700603041\n|-terastallize|p2a: 9 empty tales|Steel\n|move|p1a: Heracross|Rock Blast|p2a: 9 empty tales\n|-resisted|p2a: 9 empty tales\n|-damage|p2a: 9 empty tales|56\/100\n|-resisted|p2a: 9 empty tales\n|-damage|p2a: 9 empty tales|44\/100\n|-resisted|p2a: 9 empty tales\n|-damage|p2a: 9 empty tales|32\/100\n|-resisted|p2a: 9 empty tales\n|-damage|p2a: 9 empty tales|21\/100\n|-resisted|p2a: 9 empty tales\n|-damage|p2a: 9 empty tales|9\/100\n|-hitcount|p2a: 9 empty tales|5\n|move|p2a: 9 empty tales|Aurora Veil|p2a: 9 empty tales\n|-sidestart|p2: imbleed|move: Aurora Veil\n|\n|-weather|Snow|[upkeep]\n|upkeep\n|turn|11\n|\n|t:|1700603057\n|move|p1a: Heracross|Trailblaze|p2a: 9 empty tales\n|-resisted|p2a: 9 empty tales\n|-damage|p2a: 9 empty tales|0 fnt\n|-boost|p1a: Heracross|spe|1\n|faint|p2a: 9 empty tales\n|\n|-weather|Snow|[upkeep]\n|upkeep\n|\n|t:|1700603067\n|switch|p2a: lotta loyalty|Lycanroc-Dusk, M|100\/100\n|-damage|p2a: lotta loyalty|84\/100|[from] Spikes\n|turn|12\n|\n|t:|1700603075\n|move|p2a: lotta loyalty|Accelerock|p1a: Heracross\n|-damage|p1a: Heracross|39\/100\n|-damage|p2a: lotta loyalty|74\/100|[from] item: Life Orb\n|move|p1a: Heracross|Close Combat|p2a: lotta loyalty\n|-supereffective|p2a: lotta loyalty\n|-damage|p2a: lotta loyalty|0 fnt\n|-unboost|p1a: Heracross|def|1\n|-unboost|p1a: Heracross|spd|1\n|faint|p2a: lotta loyalty\n|\n|-weather|Snow|[upkeep]\n|upkeep\n|j| NotBeliever\n|\n|t:|1700603090\n|switch|p2a: champ|Zangoose, M|100\/100\n|-damage|p2a: champ|84\/100|[from] Spikes\n|turn|13\n|\n|t:|1700603093\n|move|p2a: champ|Quick Attack|p1a: Heracross\n|-damage|p1a: Heracross|9\/100\n|move|p1a: Heracross|Close Combat|p2a: champ\n|-supereffective|p2a: champ\n|-damage|p2a: champ|0 fnt\n|-unboost|p1a: Heracross|def|1\n|-unboost|p1a: Heracross|spd|1\n|faint|p2a: champ\n|\n|-weather|Snow|[upkeep]\n|upkeep\n|\n|t:|1700603102\n|switch|p2a: beed boosted|Scolipede, M|100\/100\n|-damage|p2a: beed boosted|84\/100|[from] Spikes\n|turn|14\n|\n|t:|1700603110\n|move|p1a: Heracross|Rock Blast|p2a: beed boosted\n|-supereffective|p2a: beed boosted\n|-damage|p2a: beed boosted|55\/100\n|-supereffective|p2a: beed boosted\n|-damage|p2a: beed boosted|26\/100\n|-supereffective|p2a: beed boosted\n|-damage|p2a: beed boosted|0 fnt\n|faint|p2a: beed boosted\n|-hitcount|p2: beed boosted|3\n|\n|win|Dk Zay\n|raw|Dk Zay's rating: 1406 &rarr; <strong>1425<\/strong><br \/>(+19 for winning)\n|raw|imbleed's rating: 1384 &rarr; <strong>1365<\/strong><br \/>(-19 for losing)\n","uploadtime":1700603119,"views":0,"p1id":"dkzay","p2id":"imbleed","formatid":"gen9nationaldex","rating":1365,"private":0,"password":""}