{"id":"gen9nationaldex-1988588875","p1":"HolyChomper","p2":"ideisra","format":"[Gen 9] National Dex","log":"|j|\u2606HolyChomper\n|j|\u2606ideisra\n|t:|1699739307\n|gametype|singles\n|player|p1|HolyChomper|crasherwake|1122\n|player|p2|ideisra|steven|1000\n|teamsize|p1|6\n|teamsize|p2|6\n|gen|9\n|tier|[Gen 9] National Dex\n|rated|\n|rule|HP Percentage Mod: HP is shown in percentages\n|rule|Endless Battle Clause: Forcing endless battles is banned\n|rule|OHKO Clause: OHKO moves are banned\n|rule|Evasion Clause: Evasion abilities, items, and moves are banned\n|rule|Evasion Abilities Clause: Evasion abilities are banned\n|rule|Evasion Items Clause: Evasion items are banned\n|rule|Evasion Moves Clause: Evasion moves are banned\n|rule|Species Clause: Limit one of each Pok\u00e9mon\n|rule|Sleep Clause Mod: Limit one foe put to sleep\n|clearpoke\n|poke|p1|Pelipper, M|\n|poke|p1|Swampert, M|\n|poke|p1|Rillaboom, M|\n|poke|p1|Goodra, F|\n|poke|p1|Kilowattrel, F|\n|poke|p1|Scizor, F|\n|poke|p2|Excadrill, M|\n|poke|p2|Zapdos|\n|poke|p2|Heracross, F|\n|poke|p2|Weavile, F|\n|poke|p2|Gengar, M|\n|poke|p2|Charizard, F|\n|teampreview\n|c|\u2606HolyChomper|glhf\n|\n|t:|1699739317\n|start\n|switch|p1a: Goodra|Goodra, F|100\/100\n|switch|p2a: Zapdos|Zapdos|100\/100\n|-ability|p2a: Zapdos|Pressure\n|turn|1\n|\n|t:|1699739340\n|move|p2a: Zapdos|Volt Switch|p1a: Goodra\n|-resisted|p1a: Goodra\n|-damage|p1a: Goodra|90\/100\n|\n|t:|1699739348\n|switch|p2a: Heracross|Heracross, F|100\/100|[from] Volt Switch\n|move|p1a: Goodra|Draco Meteor|p2a: Heracross\n|-enditem|p2a: Heracross|Focus Sash\n|-damage|p2a: Heracross|1\/100\n|-unboost|p1a: Goodra|spa|2\n|\n|upkeep\n|turn|2\n|\n|t:|1699739362\n|switch|p1a: Scizor|Scizor, F|100\/100\n|move|p2a: Heracross|Protect||[still]\n|-fail|p2a: Heracross\n|\n|upkeep\n|turn|3\n|\n|t:|1699739371\n|move|p1a: Scizor|Bullet Punch|p2a: Heracross\n|-damage|p2a: Heracross|0 fnt\n|faint|p2a: Heracross\n|\n|upkeep\n|\n|t:|1699739376\n|switch|p2a: Charizard|Charizard, F|100\/100\n|turn|4\n|\n|t:|1699739382\n|switch|p1a: Pelipper|Pelipper, M|100\/100\n|-weather|RainDance|[from] ability: Drizzle|[of] p1a: Pelipper\n|detailschange|p2a: Charizard|Charizard-Mega-X, F\n|-mega|p2a: Charizard|Charizard|Charizardite X\n|move|p2a: Charizard|Fire Blast|p1a: Pelipper\n|-resisted|p1a: Pelipper\n|-damage|p1a: Pelipper|81\/100\n|\n|-weather|RainDance|[upkeep]\n|upkeep\n|turn|5\n|\n|t:|1699739397\n|move|p2a: Charizard|Dragon Pulse|p1a: Pelipper\n|-damage|p1a: Pelipper|20\/100\n|move|p1a: Pelipper|U-turn|p2a: Charizard\n|-resisted|p2a: Charizard\n|-damage|p2a: Charizard|96\/100\n|\n|t:|1699739403\n|switch|p1a: Swampert|Swampert, M|100\/100|[from] U-turn\n|\n|-weather|RainDance|[upkeep]\n|upkeep\n|turn|6\n|\n|t:|1699739410\n|detailschange|p1a: Swampert|Swampert-Mega, M\n|-mega|p1a: Swampert|Swampert|Swampertite\n|move|p1a: Swampert|Earthquake|p2a: Charizard\n|-supereffective|p2a: Charizard\n|-crit|p2a: Charizard\n|-damage|p2a: Charizard|0 fnt\n|faint|p2a: Charizard\n|\n|-weather|RainDance|[upkeep]\n|upkeep\n|\n|t:|1699739422\n|switch|p2a: Gengar|Gengar, M|100\/100\n|turn|7\n|\n|t:|1699739428\n|move|p1a: Swampert|Earthquake|p2a: Gengar\n|-supereffective|p2a: Gengar\n|-damage|p2a: Gengar|0 fnt\n|faint|p2a: Gengar\n|\n|-weather|RainDance|[upkeep]\n|upkeep\n|\n|t:|1699739436\n|switch|p2a: Excadrill|Excadrill, M|100\/100\n|turn|8\n|\n|t:|1699739443\n|move|p1a: Swampert|Earthquake|p2a: Excadrill\n|-supereffective|p2a: Excadrill\n|-damage|p2a: Excadrill|0 fnt\n|faint|p2a: Excadrill\n|\n|-weather|RainDance|[upkeep]\n|upkeep\n|\n|t:|1699739451\n|switch|p2a: Weavile|Weavile, F|100\/100\n|-ability|p2a: Weavile|Pressure\n|turn|9\n|\n|t:|1699739460\n|move|p1a: Swampert|Earthquake|p2a: Weavile\n|-damage|p2a: Weavile|0 fnt\n|faint|p2a: Weavile\n|\n|-weather|RainDance|[upkeep]\n|upkeep\n|\n|t:|1699739468\n|switch|p2a: Zapdos|Zapdos|100\/100\n|-ability|p2a: Zapdos|Pressure\n|turn|10\n|\n|t:|1699739474\n|move|p1a: Swampert|Flip Turn|p2a: Zapdos\n|-damage|p2a: Zapdos|33\/100\n|\n|t:|1699739478\n|switch|p1a: Kilowattrel|Kilowattrel, F|100\/100|[from] Flip Turn\n|move|p2a: Zapdos|Thunderbolt|p1a: Kilowattrel\n|-immune|p1a: Kilowattrel|[from] ability: Volt Absorb\n|\n|-weather|RainDance|[upkeep]\n|-heal|p2a: Zapdos|39\/100|[from] item: Leftovers\n|upkeep\n|turn|11\n|\n|t:|1699739489\n|move|p1a: Kilowattrel|Thunder|p2a: Zapdos\n|-damage|p2a: Zapdos|0 fnt\n|faint|p2a: Zapdos\n|-damage|p1a: Kilowattrel|91\/100|[from] item: Life Orb\n|\n|win|HolyChomper\n|raw|HolyChomper's rating: 1122 &rarr; <strong>1139<\/strong><br \/>(+17 for winning)\n|raw|ideisra's rating: 1000 &rarr; <strong>1000<\/strong><br \/>(+0 for losing)\n|l|\u2606ideisra\n","uploadtime":1699739500,"views":4,"p1id":"holychomper","p2id":"ideisra","formatid":"gen9nationaldex","rating":1000,"private":0,"password":""}