{"id":"gen9nationaldex-1993223345","p1":"DreamFreedom","p2":"wwaaa","format":"[Gen 9] National Dex","log":"|j|\u2606DreamFreedom\n|j|\u2606wwaaa\n|t:|1700280244\n|gametype|singles\n|player|p1|DreamFreedom|bianca|1628\n|player|p2|wwaaa|lillie-masters|1722\n|teamsize|p1|6\n|teamsize|p2|6\n|gen|9\n|tier|[Gen 9] National Dex\n|rated|\n|rule|HP Percentage Mod: HP is shown in percentages\n|rule|Endless Battle Clause: Forcing endless battles is banned\n|rule|OHKO Clause: OHKO moves are banned\n|rule|Evasion Clause: Evasion abilities, items, and moves are banned\n|rule|Evasion Abilities Clause: Evasion abilities are banned\n|rule|Evasion Items Clause: Evasion items are banned\n|rule|Evasion Moves Clause: Evasion moves are banned\n|rule|Species Clause: Limit one of each Pok\u00e9mon\n|rule|Sleep Clause Mod: Limit one foe put to sleep\n|clearpoke\n|poke|p1|Kyurem|\n|poke|p1|Moltres|\n|poke|p1|Garchomp, M|\n|poke|p1|Tapu Lele|\n|poke|p1|Sneasler, M|\n|poke|p1|Ogerpon-Wellspring, F|\n|poke|p2|Weavile, F|\n|poke|p2|Zamazenta-*|\n|poke|p2|Banette, M|\n|poke|p2|Dragonite, M|\n|poke|p2|Slowking-Galar, M|\n|poke|p2|Ferrothorn, M|\n|teampreview\n|\n|t:|1700280254\n|start\n|switch|p1a: Kyurem|Kyurem|100\/100\n|switch|p2a: Ferrothorn|Ferrothorn, M|100\/100\n|-ability|p1a: Kyurem|Pressure\n|turn|1\n|inactive|Battle timer is ON: inactive players will automatically lose when time's up. (requested by DreamFreedom)\n|\n|t:|1700280258\n|switch|p1a: Garchomp|Garchomp, M|100\/100\n|move|p2a: Ferrothorn|Gyro Ball|p1a: Garchomp\n|-damage|p1a: Garchomp|76\/100\n|-damage|p2a: Ferrothorn|88\/100|[from] ability: Rough Skin|[of] p1a: Garchomp\n|-damage|p2a: Ferrothorn|72\/100|[from] item: Rocky Helmet|[of] p1a: Garchomp\n|\n|-heal|p2a: Ferrothorn|78\/100|[from] item: Leftovers\n|upkeep\n|turn|2\n|\n|t:|1700280262\n|move|p1a: Garchomp|Stealth Rock|p2a: Ferrothorn\n|-sidestart|p2: wwaaa|move: Stealth Rock\n|move|p2a: Ferrothorn|Stealth Rock|p1a: Garchomp\n|-sidestart|p1: DreamFreedom|move: Stealth Rock\n|\n|-heal|p2a: Ferrothorn|84\/100|[from] item: Leftovers\n|upkeep\n|turn|3\n|\n|t:|1700280266\n|switch|p1a: Moltres|Moltres|100\/100\n|move|p2a: Ferrothorn|Leech Seed|p1a: Moltres\n|-start|p1a: Moltres|move: Leech Seed\n|\n|-heal|p2a: Ferrothorn|90\/100|[from] item: Leftovers\n|-damage|p1a: Moltres|88\/100|[from] Leech Seed|[of] p2a: Ferrothorn\n|-heal|p2a: Ferrothorn|100\/100|[silent]\n|upkeep\n|turn|4\n|\n|t:|1700280271\n|switch|p2a: Slowking|Slowking-Galar, M|100\/100\n|move|p1a: Moltres|U-turn|p2a: Slowking\n|-damage|p2a: Slowking|86\/100\n|\n|t:|1700280276\n|switch|p1a: Garchomp|Garchomp, M|76\/100|[from] U-turn\n|-damage|p1a: Garchomp|70\/100|[from] Stealth Rock\n|\n|upkeep\n|turn|5\n|\n|t:|1700280288\n|switch|p1a: Moltres|Moltres|88\/100\n|switch|p2a: Ferrothorn|Ferrothorn, M|100\/100\n|-damage|p2a: Ferrothorn|94\/100|[from] Stealth Rock\n|\n|-heal|p2a: Ferrothorn|100\/100|[from] item: Leftovers\n|upkeep\n|turn|6\n|\n|t:|1700280293\n|switch|p2a: Slowking|Slowking-Galar, M|100\/100\n|move|p1a: Moltres|Defog|p2a: Slowking\n|-unboost|p2a: Slowking|evasion|1\n|-sideend|p2: wwaaa|Stealth Rock|[from] move: Defog|[of] p1a: Moltres\n|-sideend|p1: DreamFreedom|Stealth Rock|[from] move: Defog|[of] p1a: Moltres\n|\n|upkeep\n|turn|7\n|\n|t:|1700280303\n|move|p1a: Moltres|U-turn|p2a: Slowking\n|-damage|p2a: Slowking|85\/100\n|\n|t:|1700280305\n|switch|p1a: Tapu Lele|Tapu Lele|100\/100|[from] U-turn\n|-fieldstart|move: Psychic Terrain|[from] ability: Psychic Surge|[of] p1a: Tapu Lele\n|move|p2a: Slowking|Toxic Spikes|p1a: Tapu Lele\n|-sidestart|p1: DreamFreedom|move: Toxic Spikes\n|\n|upkeep\n|turn|8\n|\n|t:|1700280312\n|move|p1a: Tapu Lele|Psyshock|p2a: Slowking\n|-crit|p2a: Slowking\n|-damage|p2a: Slowking|0 fnt\n|faint|p2a: Slowking\n|\n|upkeep\n|\n|t:|1700280317\n|switch|p2a: Weavile|Weavile, F|100\/100\n|-ability|p2a: Weavile|Pressure\n|turn|9\n|\n|t:|1700280322\n|-activate|p1a: Tapu Lele|move: Pursuit\n|move|p2a: Weavile|Pursuit|p1a: Tapu Lele|[from]Pursuit\n|-damage|p1a: Tapu Lele|37\/100\n|switch|p1a: Garchomp|Garchomp, M|70\/100\n|-status|p1a: Garchomp|psn\n|\n|-damage|p1a: Garchomp|58\/100 psn|[from] psn\n|upkeep\n|turn|10\n|\n|t:|1700280329\n|move|p2a: Weavile|Ice Shard|p1a: Garchomp\n|-activate|p1a: Garchomp|move: Psychic Terrain\n|move|p1a: Garchomp|Stealth Rock|p2a: Weavile\n|-sidestart|p2: wwaaa|move: Stealth Rock\n|\n|-damage|p1a: Garchomp|45\/100 psn|[from] psn\n|upkeep\n|turn|11\n|\n|t:|1700280338\n|move|p2a: Weavile|Triple Axel|p1a: Garchomp\n|-supereffective|p1a: Garchomp\n|-damage|p1a: Garchomp|20\/100 psn\n|-damage|p2a: Weavile|88\/100|[from] ability: Rough Skin|[of] p1a: Garchomp\n|-damage|p2a: Weavile|72\/100|[from] item: Rocky Helmet|[of] p1a: Garchomp\n|-supereffective|p1a: Garchomp\n|-damage|p1a: Garchomp|0 fnt\n|-damage|p2a: Weavile|59\/100|[from] ability: Rough Skin|[of] p1a: Garchomp\n|-damage|p2a: Weavile|43\/100|[from] item: Rocky Helmet|[of] p1a: Garchomp\n|faint|p1a: Garchomp\n|-hitcount|p1: Garchomp|2\n|\n|-fieldend|move: Psychic Terrain\n|upkeep\n|\n|t:|1700280343\n|switch|p1a: Sneasler|Sneasler, M|100\/100\n|-sideend|p1: DreamFreedom|move: Toxic Spikes|[of] p1a: Sneasler\n|turn|12\n|\n|t:|1700280349\n|switch|p1a: Moltres|Moltres|88\/100\n|move|p2a: Weavile|Knock Off|p1a: Moltres\n|-damage|p1a: Moltres|55\/100\n|-enditem|p1a: Moltres|Heavy-Duty Boots|[from] move: Knock Off|[of] p2a: Weavile\n|\n|upkeep\n|turn|13\n|\n|t:|1700280359\n|switch|p2a: Banette|Banette, M|100\/100\n|-damage|p2a: Banette|88\/100|[from] Stealth Rock\n|move|p1a: Moltres|Roost|p1a: Moltres\n|-heal|p1a: Moltres|100\/100\n|-singleturn|p1a: Moltres|move: Roost\n|\n|upkeep\n|turn|14\n|\n|t:|1700280367\n|detailschange|p2a: Banette|Banette-Mega, M\n|-mega|p2a: Banette|Banette|Banettite\n|move|p2a: Banette|Encore|p1a: Moltres\n|-start|p1a: Moltres|Encore\n|move|p1a: Moltres|Roost||[still]\n|-fail|p1a: Moltres|heal\n|\n|upkeep\n|turn|15\n|\n|t:|1700280372\n|move|p2a: Banette|Poltergeist||[still]\n|-fail|p2a: Banette\n|move|p1a: Moltres|Roost||[still]\n|-fail|p1a: Moltres|heal\n|\n|upkeep\n|turn|16\n|\n|t:|1700280378\n|move|p2a: Banette|Shadow Sneak|p1a: Moltres\n|-damage|p1a: Moltres|83\/100\n|move|p1a: Moltres|Roost|p1a: Moltres\n|-heal|p1a: Moltres|100\/100\n|-singleturn|p1a: Moltres|move: Roost\n|\n|-end|p1a: Moltres|Encore\n|upkeep\n|turn|17\n|\n|t:|1700280382\n|switch|p1a: Tapu Lele|Tapu Lele|37\/100\n|-fieldstart|move: Psychic Terrain|[from] ability: Psychic Surge|[of] p1a: Tapu Lele\n|move|p2a: Banette|Encore|p1a: Tapu Lele\n|-activate|p1a: Tapu Lele|move: Psychic Terrain\n|\n|upkeep\n|turn|18\n|\n|t:|1700280388\n|switch|p1a: Moltres|Moltres|100\/100\n|switch|p2a: Weavile|Weavile, F|43\/100\n|-ability|p2a: Weavile|Pressure\n|\n|upkeep\n|turn|19\n|\n|t:|1700280400\n|switch|p2a: Dragonite|Dragonite, M|100\/100\n|move|p1a: Moltres|U-turn|p2a: Dragonite\n|-resisted|p2a: Dragonite\n|-damage|p2a: Dragonite|96\/100\n|\n|t:|1700280404\n|switch|p1a: Kyurem|Kyurem|100\/100|[from] U-turn\n|-ability|p1a: Kyurem|Pressure\n|\n|upkeep\n|turn|20\n|\n|t:|1700280417\n|switch|p2a: Ferrothorn|Ferrothorn, M|100\/100\n|-damage|p2a: Ferrothorn|94\/100|[from] Stealth Rock\n|move|p1a: Kyurem|Draco Meteor|p2a: Ferrothorn\n|-resisted|p2a: Ferrothorn\n|-damage|p2a: Ferrothorn|62\/100\n|-unboost|p1a: Kyurem|spa|2\n|-damage|p1a: Kyurem|91\/100|[from] item: Life Orb\n|\n|-heal|p2a: Ferrothorn|68\/100|[from] item: Leftovers\n|upkeep\n|turn|21\n|\n|t:|1700280420\n|switch|p1a: Moltres|Moltres|100\/100\n|move|p2a: Ferrothorn|Stealth Rock|p1a: Moltres\n|-sidestart|p1: DreamFreedom|move: Stealth Rock\n|\n|-heal|p2a: Ferrothorn|75\/100|[from] item: Leftovers\n|-fieldend|move: Psychic Terrain\n|upkeep\n|turn|22\n|\n|t:|1700280426\n|switch|p2a: Dragonite|Dragonite, M|96\/100\n|move|p1a: Moltres|Defog|p2a: Dragonite\n|-unboost|p2a: Dragonite|evasion|1\n|-sideend|p2: wwaaa|Stealth Rock|[from] move: Defog|[of] p1a: Moltres\n|-sideend|p1: DreamFreedom|Stealth Rock|[from] move: Defog|[of] p1a: Moltres\n|\n|upkeep\n|turn|23\n|\n|t:|1700280438\n|move|p2a: Dragonite|Earthquake|p1a: Moltres\n|-immune|p1a: Moltres\n|move|p1a: Moltres|U-turn|p2a: Dragonite\n|-resisted|p2a: Dragonite\n|-damage|p2a: Dragonite|88\/100\n|\n|t:|1700280443\n|switch|p1a: Kyurem|Kyurem|91\/100|[from] U-turn\n|-ability|p1a: Kyurem|Pressure\n|\n|upkeep\n|turn|24\n|\n|t:|1700280452\n|move|p2a: Dragonite|Extreme Speed|p1a: Kyurem\n|-damage|p1a: Kyurem|61\/100\n|move|p1a: Kyurem|Freeze-Dry|p2a: Dragonite\n|-supereffective|p2a: Dragonite\n|-damage|p2a: Dragonite|0 fnt\n|faint|p2a: Dragonite\n|-damage|p1a: Kyurem|51\/100|[from] item: Life Orb\n|\n|upkeep\n|\n|t:|1700280460\n|switch|p2a: Weavile|Weavile, F|43\/100\n|-ability|p2a: Weavile|Pressure\n|turn|25\n|\n|t:|1700280468\n|move|p2a: Weavile|Triple Axel|p1a: Kyurem\n|-damage|p1a: Kyurem|41\/100\n|-damage|p1a: Kyurem|23\/100\n|-damage|p1a: Kyurem|0 fnt\n|faint|p1a: Kyurem\n|-hitcount|p1: Kyurem|3\n|\n|upkeep\n|\n|t:|1700280477\n|switch|p1a: Moltres|Moltres|100\/100\n|turn|26\n|\n|t:|1700280479\n|move|p2a: Weavile|Triple Axel|p1a: Moltres\n|-damage|p1a: Moltres|93\/100\n|-status|p2a: Weavile|brn|[from] ability: Flame Body|[of] p1a: Moltres\n|-damage|p1a: Moltres|86\/100\n|-damage|p1a: Moltres|76\/100\n|-hitcount|p1a: Moltres|3\n|move|p1a: Moltres|U-turn|p2a: Weavile\n|-supereffective|p2a: Weavile\n|-damage|p2a: Weavile|0 fnt\n|faint|p2a: Weavile\n|\n|t:|1700280483\n|switch|p1a: Tapu Lele|Tapu Lele|37\/100|[from] U-turn\n|-fieldstart|move: Psychic Terrain|[from] ability: Psychic Surge|[of] p1a: Tapu Lele\n|\n|upkeep\n|\n|t:|1700280489\n|switch|p2a: Ferrothorn|Ferrothorn, M|75\/100\n|turn|27\n|\n|t:|1700280497\n|move|p1a: Tapu Lele|Focus Blast|p2a: Ferrothorn\n|-supereffective|p2a: Ferrothorn\n|-damage|p2a: Ferrothorn|0 fnt\n|faint|p2a: Ferrothorn\n|\n|upkeep\n|\n|t:|1700280500\n|switch|p2a: Banette|Banette-Mega, M|88\/100\n|turn|28\n|\n|t:|1700280503\n|switch|p1a: Moltres|Moltres|76\/100\n|move|p2a: Banette|Poltergeist||[still]\n|-fail|p2a: Banette\n|\n|upkeep\n|turn|29\n|\n|t:|1700280511\n|move|p2a: Banette|Shadow Sneak|p1a: Moltres\n|-hint|Psychic Terrain doesn't affect Pok\u00e9mon immune to Ground.\n|-damage|p1a: Moltres|56\/100\n|move|p1a: Moltres|Mystical Fire|p2a: Banette\n|-damage|p2a: Banette|46\/100\n|-unboost|p2a: Banette|spa|1\n|\n|upkeep\n|turn|30\n|\n|t:|1700280522\n|move|p2a: Banette|Encore|p1a: Moltres\n|-start|p1a: Moltres|Encore\n|move|p1a: Moltres|Mystical Fire|p2a: Banette\n|-damage|p2a: Banette|3\/100\n|-unboost|p2a: Banette|spa|1\n|\n|-fieldend|move: Psychic Terrain\n|upkeep\n|turn|31\n|\n|t:|1700280533\n|switch|p1a: Tapu Lele|Tapu Lele|37\/100\n|-fieldstart|move: Psychic Terrain|[from] ability: Psychic Surge|[of] p1a: Tapu Lele\n|move|p2a: Banette|Destiny Bond|p2a: Banette\n|-singlemove|p2a: Banette|Destiny Bond\n|\n|upkeep\n|turn|32\n|\n|t:|1700280541\n|switch|p1a: Moltres|Moltres|56\/100\n|move|p2a: Banette|Poltergeist||[still]\n|-fail|p2a: Banette\n|\n|upkeep\n|turn|33\n|\n|t:|1700280546\n|move|p2a: Banette|Destiny Bond|p2a: Banette\n|-singlemove|p2a: Banette|Destiny Bond\n|move|p1a: Moltres|U-turn|p2a: Banette\n|-resisted|p2a: Banette\n|-damage|p2a: Banette|0 fnt\n|faint|p2a: Banette\n|-activate|p2a: Banette|move: Destiny Bond\n|faint|p1a: Moltres\n|\n|upkeep\n|\n|t:|1700280550\n|switch|p2a: Zamazenta|Zamazenta|100\/100\n|switch|p1a: Sneasler|Sneasler, M|100\/100\n|-ability|p2a: Zamazenta|Dauntless Shield|boost\n|-boost|p2a: Zamazenta|def|1\n|-enditem|p1a: Sneasler|Psychic Seed\n|-boost|p1a: Sneasler|spd|1|[from] item: Psychic Seed\n|turn|34\n|\n|t:|1700280555\n|-terastallize|p1a: Sneasler|Flying\n|move|p1a: Sneasler|Swords Dance|p1a: Sneasler\n|-boost|p1a: Sneasler|atk|2\n|move|p2a: Zamazenta|Iron Defense|p2a: Zamazenta\n|-boost|p2a: Zamazenta|def|2\n|\n|upkeep\n|turn|35\n|l|\u2606DreamFreedom\n|inactive|DreamFreedom disconnected and has a minute to reconnect!\n|player|p1|\n|inactive|wwaaa has 120 seconds left.\n|\n|t:|1700280587\n|-terastallize|p2a: Zamazenta|Steel\n|move|p1a: Sneasler|Acrobatics|p2a: Zamazenta\n|-resisted|p2a: Zamazenta\n|-damage|p2a: Zamazenta|83\/100\n|move|p2a: Zamazenta|Iron Defense|p2a: Zamazenta\n|-boost|p2a: Zamazenta|def|2\n|\n|-fieldend|move: Psychic Terrain\n|upkeep\n|turn|36\n|j|\u2606DreamFreedom\n|inactive|DreamFreedom reconnected and has 150 seconds left.\n|player|p1|DreamFreedom|bianca\n|\n|t:|1700280592\n|move|p1a: Sneasler|Close Combat|p2a: Zamazenta\n|-supereffective|p2a: Zamazenta\n|-damage|p2a: Zamazenta|31\/100\n|-unboost|p1a: Sneasler|def|1\n|-unboost|p1a: Sneasler|spd|1\n|move|p2a: Zamazenta|Body Press|p1a: Sneasler\n|-resisted|p1a: Sneasler\n|-damage|p1a: Sneasler|0 fnt\n|faint|p1a: Sneasler\n|\n|upkeep\n|\n|t:|1700280595\n|switch|p1a: Ogerpon|Ogerpon-Wellspring, F|100\/100\n|turn|37\n|\n|t:|1700280601\n|move|p2a: Zamazenta|Rest|p2a: Zamazenta\n|-status|p2a: Zamazenta|slp|[from] move: Rest\n|-heal|p2a: Zamazenta|100\/100 slp|[silent]\n|-enditem|p2a: Zamazenta|Chesto Berry|[eat]\n|-curestatus|p2a: Zamazenta|slp|[msg]\n|move|p1a: Ogerpon|Ivy Cudgel|p2a: Zamazenta|[anim] Ivy Cudgel Water\n|-damage|p2a: Zamazenta|87\/100\n|\n|upkeep\n|turn|38\n|\n|t:|1700280605\n|move|p2a: Zamazenta|Body Press|p1a: Ogerpon\n|-damage|p1a: Ogerpon|0 fnt\n|faint|p1a: Ogerpon\n|\n|upkeep\n|\n|t:|1700280608\n|switch|p1a: Tapu Lele|Tapu Lele|37\/100\n|-fieldstart|move: Psychic Terrain|[from] ability: Psychic Surge|[of] p1a: Tapu Lele\n|turn|39\n|\n|t:|1700280610\n|move|p2a: Zamazenta|Heavy Slam|p1a: Tapu Lele\n|-supereffective|p1a: Tapu Lele\n|-damage|p1a: Tapu Lele|0 fnt\n|faint|p1a: Tapu Lele\n|\n|win|wwaaa\n|raw|DreamFreedom's rating: 1628 &rarr; <strong>1613<\/strong><br \/>(-15 for losing)\n|raw|wwaaa's rating: 1722 &rarr; <strong>1737<\/strong><br \/>(+15 for winning)\n","uploadtime":1700280623,"views":6,"p1id":"dreamfreedom","p2id":"wwaaa","formatid":"gen9nationaldex","rating":1613,"private":0,"password":""}