{"id":"gen9nationaldex-1996188944","p1":"IceBerryCoffee","p2":"Techvast","format":"[Gen 9] National Dex","log":"|html|<div class=\"broadcast-blue\"><strong>[Gen 9] National Dex is currently suspecting Sneasler! For information on how to participate check out the <a href=\"https:\/\/www.smogon.com\/forums\/threads\/sv-national-dex-suspect-8-just-dance.3731534\/\">suspect thread<\/a>.<\/strong><\/div>\n|j|\u2606IceBerryCoffee\n|j|\u2606Techvast\n|t:|1700656946\n|gametype|singles\n|player|p1|IceBerryCoffee|266|1306\n|player|p2|Techvast|pilot|1253\n|teamsize|p1|6\n|teamsize|p2|6\n|gen|9\n|tier|[Gen 9] National Dex\n|rated|\n|rule|HP Percentage Mod: HP is shown in percentages\n|rule|Endless Battle Clause: Forcing endless battles is banned\n|rule|OHKO Clause: OHKO moves are banned\n|rule|Evasion Clause: Evasion abilities, items, and moves are banned\n|rule|Evasion Abilities Clause: Evasion abilities are banned\n|rule|Evasion Items Clause: Evasion items are banned\n|rule|Evasion Moves Clause: Evasion moves are banned\n|rule|Species Clause: Limit one of each Pok\u00e9mon\n|rule|Sleep Clause Mod: Limit one foe put to sleep\n|clearpoke\n|poke|p1|Maushold-Four|\n|poke|p1|Empoleon, F|\n|poke|p1|Conkeldurr, F|\n|poke|p1|Typhlosion-Hisui, F|\n|poke|p1|Hydreigon, M|\n|poke|p1|Swampert, F|\n|poke|p2|Ninetales-Alola, M|\n|poke|p2|Arctovish|\n|poke|p2|Ferrothorn, M|\n|poke|p2|Gliscor, M|\n|poke|p2|Weavile, F|\n|poke|p2|Lopunny, M|\n|teampreview\n|inactive|Battle timer is ON: inactive players will automatically lose when time's up. (requested by IceBerryCoffee)\n|\n|t:|1700656957\n|start\n|switch|p1a: Typhlosion|Typhlosion-Hisui, F|100\/100\n|switch|p2a: Ninetales|Ninetales-Alola, M|100\/100\n|-item|p2a: Ninetales|Icy Rock|[from] ability: Frisk|[of] p1a: Typhlosion|[identify]\n|-weather|Snow|[from] ability: Snow Warning|[of] p2a: Ninetales\n|turn|1\n|\n|t:|1700656967\n|move|p1a: Typhlosion|Eruption|p2a: Ninetales\n|-supereffective|p2a: Ninetales\n|-damage|p2a: Ninetales|0 fnt\n|faint|p2a: Ninetales\n|\n|-weather|Snow|[upkeep]\n|upkeep\n|\n|t:|1700656973\n|switch|p2a: Arctovish|Arctovish|100\/100\n|turn|2\n|\n|t:|1700656977\n|switch|p1a: Empoleon|Empoleon, F|100\/100\n|-terastallize|p2a: Arctovish|Water\n|move|p2a: Arctovish|Fishious Rend|p1a: Empoleon\n|-resisted|p1a: Empoleon\n|-damage|p1a: Empoleon|46\/100\n|\n|-weather|Snow|[upkeep]\n|-heal|p1a: Empoleon|52\/100|[from] item: Leftovers\n|upkeep\n|turn|3\n|\n|t:|1700656986\n|move|p2a: Arctovish|Fishious Rend|p1a: Empoleon\n|-resisted|p1a: Empoleon\n|-crit|p1a: Empoleon\n|-damage|p1a: Empoleon|0 fnt\n|faint|p1a: Empoleon\n|\n|-weather|Snow|[upkeep]\n|upkeep\n|\n|t:|1700656993\n|switch|p1a: Swampert|Swampert, F|100\/100\n|turn|4\n|\n|t:|1700656997\n|detailschange|p1a: Swampert|Swampert-Mega, F\n|-mega|p1a: Swampert|Swampert|Swampertite\n|move|p2a: Arctovish|Fishious Rend|p1a: Swampert\n|-damage|p1a: Swampert|0 fnt\n|faint|p1a: Swampert\n|\n|-weather|Snow|[upkeep]\n|upkeep\n|\n|t:|1700657010\n|switch|p1a: Conkeldurr|Conkeldurr, F|100\/100\n|turn|5\n|\n|t:|1700657014\n|move|p1a: Conkeldurr|Mach Punch|p2a: Arctovish\n|-damage|p2a: Arctovish|74\/100\n|move|p2a: Arctovish|Fishious Rend|p1a: Conkeldurr\n|-damage|p1a: Conkeldurr|38\/100\n|\n|-weather|Snow|[upkeep]\n|-status|p1a: Conkeldurr|brn|[from] item: Flame Orb\n|upkeep\n|turn|6\n|\n|t:|1700657022\n|move|p1a: Conkeldurr|Mach Punch|p2a: Arctovish\n|-damage|p2a: Arctovish|33\/100\n|move|p2a: Arctovish|Fishious Rend|p1a: Conkeldurr\n|-damage|p1a: Conkeldurr|0 fnt\n|faint|p1a: Conkeldurr\n|\n|-weather|Snow|[upkeep]\n|upkeep\n|\n|t:|1700657030\n|switch|p1a: Typhlosion|Typhlosion-Hisui, F|100\/100\n|-item|p2a: Arctovish|Choice Band|[from] ability: Frisk|[of] p1a: Typhlosion|[identify]\n|turn|7\n|\n|t:|1700657036\n|-terastallize|p1a: Typhlosion|Fire\n|move|p1a: Typhlosion|Eruption|p2a: Arctovish\n|-resisted|p2a: Arctovish\n|-damage|p2a: Arctovish|0 fnt\n|faint|p2a: Arctovish\n|\n|-weather|Snow|[upkeep]\n|upkeep\n|\n|t:|1700657048\n|switch|p2a: Gliscor|Gliscor, M|100\/100\n|turn|8\n|\n|t:|1700657051\n|move|p1a: Typhlosion|Eruption|p2a: Gliscor\n|-damage|p2a: Gliscor|0 fnt\n|faint|p2a: Gliscor\n|\n|-weather|none\n|upkeep\n|\n|t:|1700657054\n|switch|p2a: Lopunny|Lopunny, M|100\/100\n|turn|9\n|\n|t:|1700657061\n|switch|p1a: Hydreigon|Hydreigon, M|100\/100\n|detailschange|p2a: Lopunny|Lopunny-Mega, M\n|-mega|p2a: Lopunny|Lopunny|Lopunnite\n|move|p2a: Lopunny|Fake Out|p1a: Hydreigon\n|-damage|p1a: Hydreigon|75\/100\n|\n|upkeep\n|turn|10\n|\n|t:|1700657068\n|move|p2a: Lopunny|Ice Punch|p1a: Hydreigon\n|-supereffective|p1a: Hydreigon\n|-damage|p1a: Hydreigon|9\/100\n|move|p1a: Hydreigon|Draco Meteor|p2a: Lopunny|[miss]\n|-miss|p1a: Hydreigon|p2a: Lopunny\n|\n|upkeep\n|turn|11\n|\n|t:|1700657074\n|move|p2a: Lopunny|Ice Punch|p1a: Hydreigon\n|-supereffective|p1a: Hydreigon\n|-damage|p1a: Hydreigon|0 fnt\n|faint|p1a: Hydreigon\n|\n|upkeep\n|\n|t:|1700657079\n|switch|p1a: Typhlosion|Typhlosion-Hisui, F, tera:Fire|100\/100\n|-item|p2a: Lopunny|Lopunnite|[from] ability: Frisk|[of] p1a: Typhlosion|[identify]\n|turn|12\n|\n|t:|1700657095\n|move|p1a: Typhlosion|Eruption|p2a: Lopunny\n|-damage|p2a: Lopunny|0 fnt\n|faint|p2a: Lopunny\n|\n|upkeep\n|\n|t:|1700657099\n|switch|p2a: Weavile|Weavile, F|100\/100\n|-ability|p2a: Weavile|Pressure\n|turn|13\n|\n|t:|1700657103\n|move|p2a: Weavile|Ice Shard|p1a: Typhlosion\n|-resisted|p1a: Typhlosion\n|-damage|p1a: Typhlosion|86\/100\n|move|p1a: Typhlosion|Eruption|p2a: Weavile\n|-supereffective|p2a: Weavile\n|-damage|p2a: Weavile|0 fnt\n|faint|p2a: Weavile\n|\n|upkeep\n|\n|t:|1700657104\n|switch|p2a: Ferrothorn|Ferrothorn, M|100\/100\n|turn|14\n|\n|t:|1700657111\n|move|p1a: Typhlosion|Eruption|p2a: Ferrothorn\n|-supereffective|p2a: Ferrothorn\n|-damage|p2a: Ferrothorn|0 fnt\n|faint|p2a: Ferrothorn\n|\n|win|IceBerryCoffee\n|raw|IceBerryCoffee's rating: 1306 &rarr; <strong>1323<\/strong><br \/>(+17 for winning)\n|raw|Techvast's rating: 1253 &rarr; <strong>1232<\/strong><br \/>(-21 for losing)\n|l|\u2606Techvast\n","uploadtime":1700657118,"views":0,"p1id":"iceberrycoffee","p2id":"techvast","formatid":"gen9nationaldex","rating":1232,"private":0,"password":""}