{"id":"gen9nationaldex-1999975542","p1":"Anthros64","p2":"jdkgbdj","format":"[Gen 9] National Dex","log":"|html|<div class=\"broadcast-blue\"><strong>[Gen 9] National Dex is currently suspecting Sneasler! For information on how to participate check out the <a href=\"https:\/\/www.smogon.com\/forums\/threads\/sv-national-dex-suspect-8-just-dance.3731534\/\">suspect thread<\/a>.<\/strong><\/div>\n|j|\u2606Anthros64\n|j|\u2606jdkgbdj\n|t:|1701136615\n|gametype|singles\n|player|p1|Anthros64|nate|1193\n|player|p2|jdkgbdj|2|1224\n|teamsize|p1|6\n|teamsize|p2|6\n|gen|9\n|tier|[Gen 9] National Dex\n|rated|\n|rule|HP Percentage Mod: HP is shown in percentages\n|rule|Endless Battle Clause: Forcing endless battles is banned\n|rule|OHKO Clause: OHKO moves are banned\n|rule|Evasion Clause: Evasion abilities, items, and moves are banned\n|rule|Evasion Abilities Clause: Evasion abilities are banned\n|rule|Evasion Items Clause: Evasion items are banned\n|rule|Evasion Moves Clause: Evasion moves are banned\n|rule|Species Clause: Limit one of each Pok\u00e9mon\n|rule|Sleep Clause Mod: Limit one foe put to sleep\n|clearpoke\n|poke|p1|Rillaboom, M|\n|poke|p1|Serperior, F|\n|poke|p1|Alomomola, M|\n|poke|p1|Charizard, M|\n|poke|p1|Sneasler, M|\n|poke|p1|Hatterene, F|\n|poke|p2|Dragonite, F|\n|poke|p2|Blacephalon|\n|poke|p2|Hoopa-Unbound|\n|poke|p2|Glimmora, M|\n|poke|p2|Clefable, F|\n|poke|p2|Rotom-Wash|\n|teampreview\n|inactive|Battle timer is ON: inactive players will automatically lose when time's up. (requested by Anthros64)\n|\n|t:|1701136624\n|start\n|switch|p1a: Rillaboom|Rillaboom, M, shiny|100\/100\n|switch|p2a: Glimmora|Glimmora, M|100\/100\n|-fieldstart|move: Grassy Terrain|[from] ability: Grassy Surge|[of] p1a: Rillaboom\n|turn|1\n|\n|t:|1701136632\n|move|p1a: Rillaboom|Wood Hammer|p2a: Glimmora\n|-damage|p2a: Glimmora|37\/100\n|-activate|p2a: Glimmora|ability: Toxic Debris\n|-sidestart|p1: Anthros64|move: Toxic Spikes\n|-damage|p1a: Rillaboom|78\/100|[from] Recoil\n|move|p2a: Glimmora|Mortal Spin|p1a: Rillaboom\n|-supereffective|p1a: Rillaboom\n|-damage|p1a: Rillaboom|61\/100\n|-status|p1a: Rillaboom|psn\n|\n|-heal|p1a: Rillaboom|67\/100 psn|[from] Grassy Terrain\n|-heal|p2a: Glimmora|43\/100|[from] Grassy Terrain\n|-heal|p2a: Glimmora|49\/100|[from] item: Black Sludge\n|-damage|p1a: Rillaboom|55\/100 psn|[from] psn\n|upkeep\n|turn|2\n|\n|t:|1701136660\n|move|p1a: Rillaboom|Wood Hammer|p2a: Glimmora\n|-damage|p2a: Glimmora|0 fnt\n|-activate|p2a: Glimmora|ability: Toxic Debris\n|-sidestart|p1: Anthros64|move: Toxic Spikes\n|faint|p2a: Glimmora\n|-damage|p1a: Rillaboom|37\/100 psn|[from] Recoil\n|\n|-heal|p1a: Rillaboom|44\/100 psn|[from] Grassy Terrain\n|-damage|p1a: Rillaboom|31\/100 psn|[from] psn\n|upkeep\n|inactive|jdkgbdj has 120 seconds left.\n|\n|t:|1701136670\n|switch|p2a: Dragonite|Dragonite, F|100\/100\n|turn|3\n|\n|t:|1701136675\n|move|p1a: Rillaboom|Wood Hammer|p2a: Dragonite\n|-resisted|p2a: Dragonite\n|-damage|p2a: Dragonite|90\/100\n|-damage|p1a: Rillaboom|27\/100 psn|[from] Recoil\n|move|p2a: Dragonite|Dragon Dance|p2a: Dragonite\n|-boost|p2a: Dragonite|atk|1\n|-boost|p2a: Dragonite|spe|1\n|\n|-heal|p1a: Rillaboom|33\/100 psn|[from] Grassy Terrain\n|-damage|p1a: Rillaboom|21\/100 psn|[from] psn\n|upkeep\n|turn|4\n|\n|t:|1701136687\n|move|p1a: Rillaboom|Grassy Glide|p2a: Dragonite\n|-resisted|p2a: Dragonite\n|-damage|p2a: Dragonite|80\/100\n|move|p2a: Dragonite|Dragon Dance|p2a: Dragonite\n|-boost|p2a: Dragonite|atk|1\n|-boost|p2a: Dragonite|spe|1\n|\n|-heal|p1a: Rillaboom|27\/100 psn|[from] Grassy Terrain\n|-damage|p1a: Rillaboom|15\/100 psn|[from] psn\n|upkeep\n|turn|5\n|\n|t:|1701136699\n|move|p2a: Dragonite|Extreme Speed|p1a: Rillaboom\n|-damage|p1a: Rillaboom|0 fnt\n|faint|p1a: Rillaboom\n|\n|upkeep\n|\n|t:|1701136704\n|switch|p1a: Sneasler|Sneasler, M|100\/100\n|-sideend|p1: Anthros64|move: Toxic Spikes|[of] p1a: Sneasler\n|turn|6\n|\n|t:|1701136709\n|switch|p1a: Alomomola|Alomomola, M|100\/100\n|move|p2a: Dragonite|Extreme Speed|p1a: Alomomola\n|-damage|p1a: Alomomola|47\/100\n|\n|-heal|p1a: Alomomola|53\/100|[from] Grassy Terrain\n|-heal|p1a: Alomomola|59\/100|[from] item: Leftovers\n|upkeep\n|turn|7\n|\n|t:|1701136719\n|move|p1a: Alomomola|Protect|p1a: Alomomola\n|-singleturn|p1a: Alomomola|Protect\n|move|p2a: Dragonite|Dragon Claw|p1a: Alomomola\n|-activate|p1a: Alomomola|move: Protect\n|\n|-heal|p1a: Alomomola|65\/100|[from] Grassy Terrain\n|-heal|p1a: Alomomola|71\/100|[from] item: Leftovers\n|upkeep\n|turn|8\n|\n|t:|1701136728\n|move|p2a: Dragonite|Dragon Claw|p1a: Alomomola\n|-damage|p1a: Alomomola|0 fnt\n|faint|p1a: Alomomola\n|\n|-fieldend|move: Grassy Terrain\n|upkeep\n|\n|t:|1701136732\n|switch|p1a: Hatterene|Hatterene, F|100\/100\n|turn|9\n|\n|t:|1701136739\n|-terastallize|p2a: Dragonite|Normal\n|move|p2a: Dragonite|Extreme Speed|p1a: Hatterene\n|-damage|p1a: Hatterene|0 fnt\n|faint|p1a: Hatterene\n|\n|upkeep\n|\n|t:|1701136744\n|switch|p1a: Sneasler|Sneasler, M|100\/100\n|turn|10\n|\n|t:|1701136749\n|move|p2a: Dragonite|Extreme Speed|p1a: Sneasler\n|-damage|p1a: Sneasler|0 fnt\n|faint|p1a: Sneasler\n|\n|upkeep\n|-message|Anthros64 forfeited.\n|\n|win|jdkgbdj\n|raw|Anthros64's rating: 1193 &rarr; <strong>1170<\/strong><br \/>(-23 for losing)\n|raw|jdkgbdj's rating: 1224 &rarr; <strong>1247<\/strong><br \/>(+23 for winning)\n|l|\u2606Anthros64\n","uploadtime":1701136758,"views":1,"p1id":"anthros64","p2id":"jdkgbdj","formatid":"gen9nationaldex","rating":1170,"private":0,"password":""}