{"id":"gen9nationaldex-1988338846","p1":"imp9024","p2":"cuitkkl","format":"[Gen 9] National Dex","log":"|j|\u2606imp9024\n|j|\u2606cuitkkl\n|t:|1699710803\n|gametype|singles\n|player|p1|imp9024|lass-gen4dp|1187\n|player|p2|cuitkkl|ingo|1236\n|teamsize|p1|6\n|teamsize|p2|6\n|gen|9\n|tier|[Gen 9] National Dex\n|rated|\n|rule|HP Percentage Mod: HP is shown in percentages\n|rule|Endless Battle Clause: Forcing endless battles is banned\n|rule|OHKO Clause: OHKO moves are banned\n|rule|Evasion Clause: Evasion abilities, items, and moves are banned\n|rule|Evasion Abilities Clause: Evasion abilities are banned\n|rule|Evasion Items Clause: Evasion items are banned\n|rule|Evasion Moves Clause: Evasion moves are banned\n|rule|Species Clause: Limit one of each Pok\u00e9mon\n|rule|Sleep Clause Mod: Limit one foe put to sleep\n|clearpoke\n|poke|p1|Banette, M|\n|poke|p1|Starmie|\n|poke|p1|Dragonite, F|\n|poke|p1|Muk-Alola, F|\n|poke|p1|Araquanid, M|\n|poke|p1|Gliscor, M|\n|poke|p2|Alomomola, M|\n|poke|p2|Banette, M|\n|poke|p2|Charizard, M|\n|poke|p2|Clodsire, F|\n|poke|p2|Corviknight, F|\n|poke|p2|Dragonite, M|\n|teampreview\n|\n|t:|1699710819\n|start\n|switch|p1a: Gliscor|Gliscor, M|100\/100\n|switch|p2a: Alomomola|Alomomola, M|100\/100\n|turn|1\n|\n|t:|1699710826\n|move|p1a: Gliscor|Protect|p1a: Gliscor\n|-singleturn|p1a: Gliscor|Protect\n|move|p2a: Alomomola|Flip Turn|p1a: Gliscor\n|-activate|p1a: Gliscor|move: Protect\n|\n|-status|p1a: Gliscor|tox|[from] item: Toxic Orb\n|upkeep\n|turn|2\n|\n|t:|1699710839\n|move|p1a: Gliscor|Spikes|p2a: Alomomola\n|-sidestart|p2: cuitkkl|Spikes\n|move|p2a: Alomomola|Flip Turn|p1a: Gliscor\n|-supereffective|p1a: Gliscor\n|-damage|p1a: Gliscor|80\/100 tox\n|\n|t:|1699710848\n|switch|p2a: Banette|Banette, M|100\/100|[from] Flip Turn\n|-damage|p2a: Banette|88\/100|[from] Spikes\n|-item|p1a: Gliscor|Toxic Orb|[from] ability: Frisk|[of] p2a: Banette|[identify]\n|\n|-heal|p1a: Gliscor|92\/100 tox|[from] ability: Poison Heal\n|upkeep\n|turn|3\n|\n|t:|1699710858\n|move|p1a: Gliscor|Spikes|p2a: Banette\n|-sidestart|p2: cuitkkl|Spikes\n|move|p2a: Banette|Poltergeist|p1a: Gliscor\n|-activate|p1a: Gliscor|move: Poltergeist|Toxic Orb\n|-damage|p1a: Gliscor|65\/100 tox\n|\n|-heal|p1a: Gliscor|77\/100 tox|[from] ability: Poison Heal\n|upkeep\n|turn|4\n|\n|t:|1699710868\n|move|p1a: Gliscor|Spikes|p2a: Banette\n|-sidestart|p2: cuitkkl|Spikes\n|move|p2a: Banette|Swords Dance|p2a: Banette\n|-boost|p2a: Banette|atk|2\n|\n|-heal|p1a: Gliscor|90\/100 tox|[from] ability: Poison Heal\n|upkeep\n|turn|5\n|\n|t:|1699710877\n|move|p1a: Gliscor|Earthquake|p2a: Banette\n|-damage|p2a: Banette|40\/100\n|move|p2a: Banette|Poltergeist|p1a: Gliscor\n|-activate|p1a: Gliscor|move: Poltergeist|Toxic Orb\n|-damage|p1a: Gliscor|37\/100 tox\n|\n|-heal|p1a: Gliscor|50\/100 tox|[from] ability: Poison Heal\n|upkeep\n|turn|6\n|\n|t:|1699710887\n|switch|p2a: Charizard|Charizard, M|100\/100\n|move|p1a: Gliscor|Protect||[still]\n|-fail|p1a: Gliscor\n|\n|-heal|p1a: Gliscor|62\/100 tox|[from] ability: Poison Heal\n|upkeep\n|turn|7\n|\n|t:|1699710896\n|detailschange|p2a: Charizard|Charizard-Mega-Y, M\n|-mega|p2a: Charizard|Charizard|Charizardite Y\n|-weather|SunnyDay|[from] ability: Drought|[of] p2a: Charizard\n|move|p1a: Gliscor|Protect|p1a: Gliscor\n|-singleturn|p1a: Gliscor|Protect\n|move|p2a: Charizard|Flamethrower|p1a: Gliscor\n|-activate|p1a: Gliscor|move: Protect\n|\n|-weather|SunnyDay|[upkeep]\n|-heal|p1a: Gliscor|75\/100 tox|[from] ability: Poison Heal\n|upkeep\n|turn|8\n|\n|t:|1699710912\n|-terastallize|p1a: Gliscor|Water\n|move|p2a: Charizard|Flamethrower|p1a: Gliscor\n|-resisted|p1a: Gliscor\n|-damage|p1a: Gliscor|24\/100 tox\n|move|p1a: Gliscor|Toxic|p2a: Charizard\n|-status|p2a: Charizard|tox\n|\n|-weather|SunnyDay|[upkeep]\n|-damage|p2a: Charizard|94\/100 tox|[from] psn\n|-heal|p1a: Gliscor|37\/100 tox|[from] ability: Poison Heal\n|upkeep\n|turn|9\n|\n|t:|1699710925\n|move|p1a: Gliscor|Protect|p1a: Gliscor\n|-singleturn|p1a: Gliscor|Protect\n|move|p2a: Charizard|Solar Beam||[still]\n|-prepare|p2a: Charizard|Solar Beam\n|-anim|p2a: Charizard|Solar Beam|p1a: Gliscor\n|-activate|p1a: Gliscor|move: Protect\n|\n|-weather|SunnyDay|[upkeep]\n|-damage|p2a: Charizard|82\/100 tox|[from] psn\n|-heal|p1a: Gliscor|49\/100 tox|[from] ability: Poison Heal\n|upkeep\n|turn|10\n|\n|t:|1699710941\n|switch|p1a: Muk|Muk-Alola, F|100\/100\n|move|p2a: Charizard|Solar Beam||[still]\n|-prepare|p2a: Charizard|Solar Beam\n|-anim|p2a: Charizard|Solar Beam|p1a: Muk\n|-resisted|p1a: Muk\n|-damage|p1a: Muk|88\/100\n|\n|-weather|SunnyDay|[upkeep]\n|-damage|p2a: Charizard|64\/100 tox|[from] psn\n|upkeep\n|turn|11\n|\n|t:|1699710954\n|move|p2a: Charizard|Scorching Sands|p1a: Muk\n|-supereffective|p1a: Muk\n|-damage|p1a: Muk|55\/100\n|move|p1a: Muk|Pursuit|p2a: Charizard\n|-damage|p2a: Charizard|38\/100 tox\n|\n|-weather|none\n|-damage|p2a: Charizard|13\/100 tox|[from] psn\n|upkeep\n|turn|12\n|\n|t:|1699710963\n|move|p2a: Charizard|Scorching Sands|p1a: Muk\n|-supereffective|p1a: Muk\n|-damage|p1a: Muk|22\/100\n|move|p1a: Muk|Pursuit|p2a: Charizard\n|-damage|p2a: Charizard|0 fnt\n|faint|p2a: Charizard\n|\n|upkeep\n|\n|t:|1699710969\n|switch|p2a: Dragonite|Dragonite, M|100\/100\n|turn|13\n|\n|t:|1699710978\n|move|p2a: Dragonite|Earthquake|p1a: Muk\n|-supereffective|p1a: Muk\n|-damage|p1a: Muk|0 fnt\n|faint|p1a: Muk\n|\n|upkeep\n|\n|t:|1699710985\n|switch|p1a: Dragonite|Dragonite, F|100\/100\n|turn|14\n|\n|t:|1699710993\n|switch|p1a: Gliscor|Gliscor, M, tera:Water|49\/100 tox\n|move|p2a: Dragonite|Dragon Dance|p2a: Dragonite\n|-boost|p2a: Dragonite|atk|1\n|-boost|p2a: Dragonite|spe|1\n|\n|-heal|p1a: Gliscor|62\/100 tox|[from] ability: Poison Heal\n|upkeep\n|turn|15\n|\n|t:|1699711004\n|-terastallize|p2a: Dragonite|Steel\n|move|p2a: Dragonite|Dragon Dance|p2a: Dragonite\n|-boost|p2a: Dragonite|atk|1\n|-boost|p2a: Dragonite|spe|1\n|move|p1a: Gliscor|Toxic|p2a: Dragonite\n|-immune|p2a: Dragonite\n|\n|-heal|p1a: Gliscor|74\/100 tox|[from] ability: Poison Heal\n|upkeep\n|turn|16\n|\n|t:|1699711015\n|move|p2a: Dragonite|Earthquake|p1a: Gliscor\n|-damage|p1a: Gliscor|25\/100 tox\n|move|p1a: Gliscor|Earthquake|p2a: Dragonite\n|-supereffective|p2a: Dragonite\n|-damage|p2a: Dragonite|33\/100\n|\n|-heal|p1a: Gliscor|38\/100 tox|[from] ability: Poison Heal\n|upkeep\n|turn|17\n|\n|t:|1699711025\n|move|p1a: Gliscor|Protect|p1a: Gliscor\n|-singleturn|p1a: Gliscor|Protect\n|move|p2a: Dragonite|Earthquake|p1a: Gliscor\n|-activate|p1a: Gliscor|move: Protect\n|\n|-heal|p1a: Gliscor|50\/100 tox|[from] ability: Poison Heal\n|upkeep\n|turn|18\n|\n|t:|1699711041\n|switch|p1a: Dragonite|Dragonite, F|100\/100\n|move|p2a: Dragonite|Earthquake|p1a: Dragonite\n|-immune|p1a: Dragonite\n|\n|upkeep\n|turn|19\n|\n|t:|1699711061\n|move|p2a: Dragonite|Extreme Speed|p1a: Dragonite\n|-crit|p1a: Dragonite\n|-damage|p1a: Dragonite|57\/100\n|move|p1a: Dragonite|Fire Punch|p2a: Dragonite\n|-supereffective|p2a: Dragonite\n|-damage|p2a: Dragonite|0 fnt\n|faint|p2a: Dragonite\n|\n|-heal|p1a: Dragonite|63\/100|[from] item: Leftovers\n|upkeep\n|-message|cuitkkl forfeited.\n|\n|win|imp9024\n|raw|imp9024's rating: 1187 &rarr; <strong>1216<\/strong><br \/>(+29 for winning)\n|raw|cuitkkl's rating: 1236 &rarr; <strong>1207<\/strong><br \/>(-29 for losing)\n|l|\u2606cuitkkl\n","uploadtime":1699711079,"views":11,"p1id":"imp9024","p2id":"cuitkkl","formatid":"gen9nationaldex","rating":1207,"private":0,"password":""}