{"id":"gen9nationaldex-1997496075","p1":"Nanoraaa1","p2":"runeatest","format":"[Gen 9] National Dex","log":"|html|<div class=\"broadcast-blue\"><strong>[Gen 9] National Dex is currently suspecting Sneasler! For information on how to participate check out the <a href=\"https:\/\/www.smogon.com\/forums\/threads\/sv-national-dex-suspect-8-just-dance.3731534\/\">suspect thread<\/a>.<\/strong><\/div>\n|j|\u2606Nanoraaa1\n|j|\u2606runeatest\n|t:|1700815405\n|gametype|singles\n|player|p1|Nanoraaa1|cynthia|1134\n|player|p2|runeatest|fisherman-gen4|1218\n|teamsize|p1|6\n|teamsize|p2|6\n|gen|9\n|tier|[Gen 9] National Dex\n|rated|\n|rule|HP Percentage Mod: HP is shown in percentages\n|rule|Endless Battle Clause: Forcing endless battles is banned\n|rule|OHKO Clause: OHKO moves are banned\n|rule|Evasion Clause: Evasion abilities, items, and moves are banned\n|rule|Evasion Abilities Clause: Evasion abilities are banned\n|rule|Evasion Items Clause: Evasion items are banned\n|rule|Evasion Moves Clause: Evasion moves are banned\n|rule|Species Clause: Limit one of each Pok\u00e9mon\n|rule|Sleep Clause Mod: Limit one foe put to sleep\n|clearpoke\n|poke|p1|Braviary-Hisui, M|\n|poke|p1|Cramorant, M|\n|poke|p1|Gliscor, F|\n|poke|p1|Skarmory, F|\n|poke|p1|Overqwil, F|\n|poke|p1|Decidueye-Hisui, F|\n|poke|p2|Glaceon, M|\n|poke|p2|Flygon, M|\n|poke|p2|Emolga, M|\n|poke|p2|Marowak-Alola, M|\n|poke|p2|Sirfetch\u2019d, M|\n|poke|p2|Lapras, M|\n|teampreview\n|inactive|Battle timer is ON: inactive players will automatically lose when time's up. (requested by Nanoraaa1)\n|inactive|runeatest has 120 seconds left.\n|\n|t:|1700815460\n|start\n|switch|p1a: Gliscor|Gliscor, F|100\/100\n|switch|p2a: Marowak|Marowak-Alola, M|100\/100\n|turn|1\n|\n|t:|1700815469\n|move|p1a: Gliscor|Protect|p1a: Gliscor\n|-singleturn|p1a: Gliscor|Protect\n|move|p2a: Marowak|Poltergeist|p1a: Gliscor\n|-activate|p1a: Gliscor|move: Protect\n|\n|-status|p1a: Gliscor|tox|[from] item: Toxic Orb\n|upkeep\n|turn|2\n|\n|t:|1700815476\n|switch|p2a: Flygon|Flygon, M|100\/100\n|move|p1a: Gliscor|Fling|p2a: Flygon\n|-damage|p2a: Flygon|91\/100\n|-status|p2a: Flygon|tox\n|-enditem|p1a: Gliscor|Toxic Orb|[from] move: Fling\n|\n|-damage|p2a: Flygon|85\/100 tox|[from] psn\n|upkeep\n|turn|3\n|\n|t:|1700815487\n|switch|p2a: Lapras|Lapras, M|100\/100\n|switch|p1a: Cramorant|Cramorant, M|100\/100\n|\n|upkeep\n|turn|4\n|\n|t:|1700815496\n|switch|p1a: Overqwil|Overqwil, F|100\/100\n|-ability|p1a: Overqwil|Intimidate|boost\n|-unboost|p2a: Lapras|atk|1\n|move|p2a: Lapras|Freeze-Dry|p1a: Overqwil\n|-damage|p1a: Overqwil|57\/100\n|\n|-heal|p1a: Overqwil|63\/100|[from] item: Leftovers\n|upkeep\n|turn|5\n|\n|t:|1700815508\n|move|p1a: Overqwil|Gunk Shot|p2a: Lapras|[miss]\n|-miss|p1a: Overqwil|p2a: Lapras\n|move|p2a: Lapras|Heal Bell|p2a: Lapras\n|-activate|p2a: Lapras|move: Heal Bell\n|-curestatus|p2: Flygon|tox|[msg]\n|\n|-heal|p1a: Overqwil|69\/100|[from] item: Leftovers\n|upkeep\n|turn|6\n|\n|t:|1700815516\n|switch|p2a: Flygon|Flygon, M|85\/100\n|move|p1a: Overqwil|Gunk Shot|p2a: Flygon\n|-resisted|p2a: Flygon\n|-damage|p2a: Flygon|46\/100\n|-status|p2a: Flygon|psn\n|\n|-heal|p1a: Overqwil|75\/100|[from] item: Leftovers\n|-damage|p2a: Flygon|34\/100 psn|[from] psn\n|upkeep\n|turn|7\n|\n|t:|1700815525\n|move|p2a: Flygon|Earthquake|p1a: Overqwil\n|-supereffective|p1a: Overqwil\n|-damage|p1a: Overqwil|4\/100\n|move|p1a: Overqwil|Liquidation|p2a: Flygon\n|-damage|p2a: Flygon|0 fnt\n|faint|p2a: Flygon\n|\n|-heal|p1a: Overqwil|10\/100|[from] item: Leftovers\n|upkeep\n|\n|t:|1700815536\n|switch|p2a: Emolga|Emolga, M|100\/100\n|turn|8\n|\n|t:|1700815540\n|move|p2a: Emolga|Air Slash|p1a: Overqwil\n|-damage|p1a: Overqwil|0 fnt\n|faint|p1a: Overqwil\n|\n|upkeep\n|\n|t:|1700815543\n|switch|p1a: Braviary|Braviary-Hisui, M|100\/100\n|turn|9\n|\n|t:|1700815547\n|switch|p1a: Gliscor|Gliscor, F|100\/100 tox\n|move|p2a: Emolga|Nuzzle|p1a: Gliscor\n|-immune|p1a: Gliscor\n|\n|upkeep\n|turn|10\n|\n|t:|1700815553\n|move|p2a: Emolga|Air Slash|p1a: Gliscor\n|-damage|p1a: Gliscor|69\/100 tox\n|cant|p1a: Gliscor|flinch\n|\n|-heal|p1a: Gliscor|82\/100 tox|[from] ability: Poison Heal\n|upkeep\n|turn|11\n|\n|t:|1700815559\n|move|p2a: Emolga|Air Slash|p1a: Gliscor\n|-damage|p1a: Gliscor|46\/100 tox\n|move|p1a: Gliscor|Acrobatics|p2a: Emolga\n|-resisted|p2a: Emolga\n|-damage|p2a: Emolga|64\/100\n|\n|-heal|p1a: Gliscor|58\/100 tox|[from] ability: Poison Heal\n|upkeep\n|turn|12\n|\n|t:|1700815567\n|move|p1a: Gliscor|Protect|p1a: Gliscor\n|-singleturn|p1a: Gliscor|Protect\n|move|p2a: Emolga|Air Slash|p1a: Gliscor\n|-activate|p1a: Gliscor|move: Protect\n|\n|-heal|p1a: Gliscor|70\/100 tox|[from] ability: Poison Heal\n|upkeep\n|turn|13\n|\n|t:|1700815574\n|switch|p1a: Skarmory|Skarmory, F|100\/100\n|move|p2a: Emolga|Air Slash|p1a: Skarmory\n|-resisted|p1a: Skarmory\n|-damage|p1a: Skarmory|80\/100\n|\n|-heal|p1a: Skarmory|86\/100|[from] item: Leftovers\n|upkeep\n|turn|14\n|\n|t:|1700815581\n|move|p2a: Emolga|Nuzzle|p1a: Skarmory\n|-supereffective|p1a: Skarmory\n|-damage|p1a: Skarmory|79\/100\n|-status|p1a: Skarmory|par\n|move|p1a: Skarmory|Stealth Rock|p2a: Emolga\n|-sidestart|p2: runeatest|move: Stealth Rock\n|\n|-heal|p1a: Skarmory|85\/100 par|[from] item: Leftovers\n|upkeep\n|turn|15\n|\n|t:|1700815588\n|move|p2a: Emolga|Thunderbolt|p1a: Skarmory\n|-supereffective|p1a: Skarmory\n|-damage|p1a: Skarmory|0 fnt\n|faint|p1a: Skarmory\n|\n|upkeep\n|\n|t:|1700815592\n|switch|p1a: Gliscor|Gliscor, F|70\/100 tox\n|turn|16\n|\n|t:|1700815594\n|move|p1a: Gliscor|Protect|p1a: Gliscor\n|-singleturn|p1a: Gliscor|Protect\n|move|p2a: Emolga|Air Slash|p1a: Gliscor\n|-activate|p1a: Gliscor|move: Protect\n|\n|-heal|p1a: Gliscor|83\/100 tox|[from] ability: Poison Heal\n|upkeep\n|turn|17\n|\n|t:|1700815607\n|move|p2a: Emolga|Air Slash|p1a: Gliscor\n|-damage|p1a: Gliscor|48\/100 tox\n|move|p1a: Gliscor|Acrobatics|p2a: Emolga\n|-resisted|p2a: Emolga\n|-damage|p2a: Emolga|29\/100\n|\n|-heal|p1a: Gliscor|61\/100 tox|[from] ability: Poison Heal\n|upkeep\n|turn|18\n|\n|t:|1700815614\n|move|p1a: Gliscor|Protect|p1a: Gliscor\n|-singleturn|p1a: Gliscor|Protect\n|move|p2a: Emolga|Roost|p2a: Emolga\n|-heal|p2a: Emolga|79\/100\n|-singleturn|p2a: Emolga|move: Roost\n|\n|-heal|p1a: Gliscor|73\/100 tox|[from] ability: Poison Heal\n|upkeep\n|turn|19\n|\n|t:|1700815623\n|move|p2a: Emolga|Air Slash|p1a: Gliscor\n|-damage|p1a: Gliscor|37\/100 tox\n|move|p1a: Gliscor|Acrobatics|p2a: Emolga\n|-resisted|p2a: Emolga\n|-damage|p2a: Emolga|43\/100\n|\n|-heal|p1a: Gliscor|49\/100 tox|[from] ability: Poison Heal\n|upkeep\n|turn|20\n|\n|t:|1700815630\n|move|p2a: Emolga|Roost|p2a: Emolga\n|-heal|p2a: Emolga|93\/100\n|-singleturn|p2a: Emolga|move: Roost\n|move|p1a: Gliscor|Earthquake|p2a: Emolga\n|-supereffective|p2a: Emolga\n|-damage|p2a: Emolga|0 fnt\n|faint|p2a: Emolga\n|\n|-heal|p1a: Gliscor|62\/100 tox|[from] ability: Poison Heal\n|upkeep\n|\n|t:|1700815640\n|switch|p2a: Sirfetch\u2019d|Sirfetch\u2019d, M|100\/100\n|-damage|p2a: Sirfetch\u2019d|94\/100|[from] Stealth Rock\n|turn|21\n|\n|t:|1700815645\n|-terastallize|p2a: Sirfetch\u2019d|Flying\n|move|p1a: Gliscor|Protect|p1a: Gliscor\n|-singleturn|p1a: Gliscor|Protect\n|move|p2a: Sirfetch\u2019d|Defog|p1a: Gliscor\n|-activate|p1a: Gliscor|move: Protect\n|\n|-heal|p1a: Gliscor|74\/100 tox|[from] ability: Poison Heal\n|upkeep\n|turn|22\n|\n|t:|1700815673\n|switch|p1a: Braviary|Braviary-Hisui, M|100\/100\n|move|p2a: Sirfetch\u2019d|Defog|p1a: Braviary\n|-unboost|p1a: Braviary|evasion|1\n|-sideend|p2: runeatest|Stealth Rock|[from] move: Defog|[of] p2a: Sirfetch\u2019d\n|\n|upkeep\n|turn|23\n|\n|t:|1700815680\n|switch|p2a: Marowak|Marowak-Alola, M|100\/100\n|move|p1a: Braviary|Esper Wing|p2a: Marowak\n|-damage|p2a: Marowak|47\/100\n|-boost|p1a: Braviary|spe|1\n|\n|upkeep\n|turn|24\n|\n|t:|1700815689\n|move|p1a: Braviary|Esper Wing|p2a: Marowak\n|-damage|p2a: Marowak|0 fnt\n|-boost|p1a: Braviary|spe|1\n|faint|p2a: Marowak\n|\n|upkeep\n|\n|t:|1700815696\n|switch|p2a: Glaceon|Glaceon, M|100\/100\n|turn|25\n|\n|t:|1700815698\n|-terastallize|p1a: Braviary|Psychic\n|move|p1a: Braviary|Esper Wing|p2a: Glaceon\n|-damage|p2a: Glaceon|56\/100\n|-boost|p1a: Braviary|spe|1\n|move|p2a: Glaceon|Ice Beam|p1a: Braviary\n|-damage|p1a: Braviary|40\/100\n|\n|upkeep\n|turn|26\n|\n|t:|1700815706\n|move|p1a: Braviary|Heat Wave|p2a: Glaceon\n|-supereffective|p2a: Glaceon\n|-damage|p2a: Glaceon|12\/100\n|-status|p2a: Glaceon|brn\n|move|p2a: Glaceon|Shadow Ball|p1a: Braviary\n|-supereffective|p1a: Braviary\n|-damage|p1a: Braviary|0 fnt\n|faint|p1a: Braviary\n|\n|-damage|p2a: Glaceon|6\/100 brn|[from] brn\n|upkeep\n|\n|t:|1700815712\n|switch|p1a: Gliscor|Gliscor, F|74\/100 tox\n|turn|27\n|\n|t:|1700815718\n|switch|p2a: Lapras|Lapras, M|100\/100\n|move|p1a: Gliscor|Protect||[still]\n|-fail|p1a: Gliscor\n|\n|-heal|p1a: Gliscor|86\/100 tox|[from] ability: Poison Heal\n|upkeep\n|turn|28\n|\n|t:|1700815728\n|switch|p1a: Cramorant|Cramorant, M|100\/100\n|move|p2a: Lapras|Freeze-Dry|p1a: Cramorant\n|-supereffective|p1a: Cramorant\n|-damage|p1a: Cramorant|0 fnt\n|faint|p1a: Cramorant\n|\n|upkeep\n|\n|t:|1700815733\n|switch|p1a: Decidueye|Decidueye-Hisui, F, shiny|100\/100\n|turn|29\n|\n|t:|1700815738\n|switch|p2a: Sirfetch\u2019d|Sirfetch\u2019d, M, tera:Flying|94\/100\n|move|p1a: Decidueye|Close Combat|p2a: Sirfetch\u2019d\n|-resisted|p2a: Sirfetch\u2019d\n|-damage|p2a: Sirfetch\u2019d|60\/100\n|-unboost|p1a: Decidueye|def|1\n|-unboost|p1a: Decidueye|spd|1\n|\n|upkeep\n|turn|30\n|\n|t:|1700815746\n|switch|p1a: Gliscor|Gliscor, F|86\/100 tox\n|move|p2a: Sirfetch\u2019d|Dual Wingbeat|p1a: Gliscor\n|-crit|p1a: Gliscor\n|-damage|p1a: Gliscor|52\/100 tox\n|-damage|p1a: Gliscor|32\/100 tox\n|-hitcount|p1a: Gliscor|2\n|\n|-heal|p1a: Gliscor|45\/100 tox|[from] ability: Poison Heal\n|upkeep\n|turn|31\n|\n|t:|1700815758\n|switch|p2a: Glaceon|Glaceon, M|6\/100 brn\n|move|p1a: Gliscor|Acrobatics|p2a: Glaceon\n|-damage|p2a: Glaceon|0 fnt\n|faint|p2a: Glaceon\n|\n|-heal|p1a: Gliscor|57\/100 tox|[from] ability: Poison Heal\n|upkeep\n|\n|t:|1700815766\n|switch|p2a: Lapras|Lapras, M|100\/100\n|turn|32\n|\n|t:|1700815771\n|move|p1a: Gliscor|Earthquake|p2a: Lapras\n|-damage|p2a: Lapras|72\/100\n|move|p2a: Lapras|Freeze-Dry|p1a: Gliscor\n|-supereffective|p1a: Gliscor\n|-crit|p1a: Gliscor\n|-damage|p1a: Gliscor|0 fnt\n|faint|p1a: Gliscor\n|\n|-heal|p2a: Lapras|78\/100|[from] item: Leftovers\n|upkeep\n|\n|t:|1700815774\n|switch|p1a: Decidueye|Decidueye-Hisui, F, shiny|100\/100\n|turn|33\n|\n|t:|1700815781\n|move|p1a: Decidueye|Endure|p1a: Decidueye\n|-singleturn|p1a: Decidueye|move: Endure\n|move|p2a: Lapras|Freeze-Dry|p1a: Decidueye\n|-supereffective|p1a: Decidueye\n|-damage|p1a: Decidueye|43\/100\n|\n|-heal|p2a: Lapras|84\/100|[from] item: Leftovers\n|upkeep\n|turn|34\n|\n|t:|1700815790\n|move|p1a: Decidueye|Endure|p1a: Decidueye\n|-singleturn|p1a: Decidueye|move: Endure\n|move|p2a: Lapras|Freeze-Dry|p1a: Decidueye\n|-supereffective|p1a: Decidueye\n|-activate|p1a: Decidueye|move: Endure\n|-damage|p1a: Decidueye|1\/100\n|-enditem|p1a: Decidueye|Salac Berry|[eat]\n|-boost|p1a: Decidueye|spe|1|[from] item: Salac Berry\n|\n|-heal|p2a: Lapras|91\/100|[from] item: Leftovers\n|upkeep\n|turn|35\n|\n|t:|1700815800\n|move|p1a: Decidueye|Close Combat|p2a: Lapras\n|-supereffective|p2a: Lapras\n|-damage|p2a: Lapras|0 fnt\n|-unboost|p1a: Decidueye|def|1\n|-unboost|p1a: Decidueye|spd|1\n|faint|p2a: Lapras\n|\n|upkeep\n|\n|t:|1700815806\n|switch|p2a: Sirfetch\u2019d|Sirfetch\u2019d, M, tera:Flying|60\/100\n|turn|36\n|\n|t:|1700815812\n|move|p1a: Decidueye|Dual Wingbeat|p2a: Sirfetch\u2019d\n|-damage|p2a: Sirfetch\u2019d|45\/100\n|-damage|p2a: Sirfetch\u2019d|29\/100\n|-hitcount|p2a: Sirfetch\u2019d|2\n|move|p2a: Sirfetch\u2019d|Dual Wingbeat|p1a: Decidueye\n|-supereffective|p1a: Decidueye\n|-damage|p1a: Decidueye|0 fnt\n|faint|p1a: Decidueye\n|-hitcount|p1: Decidueye|1\n|\n|win|runeatest\n|raw|Nanoraaa1's rating: 1134 &rarr; <strong>1115<\/strong><br \/>(-19 for losing)\n|raw|runeatest's rating: 1218 &rarr; <strong>1237<\/strong><br \/>(+19 for winning)\n|l|\u2606Nanoraaa1\n","uploadtime":1700816082,"views":3,"p1id":"nanoraaa1","p2id":"runeatest","formatid":"gen9nationaldex","rating":1115,"private":0,"password":""}