{"id":"gen9nationaldex-1995408616","p1":"hepe","p2":"NDSNEZ tagaza","format":"[Gen 9] National Dex","log":"|html|<div class=\"broadcast-blue\"><strong>[Gen 9] National Dex is currently suspecting Sneasler! For information on how to participate check out the <a href=\"https:\/\/www.smogon.com\/forums\/threads\/sv-national-dex-suspect-8-just-dance.3731534\/\">suspect thread<\/a>.<\/strong><\/div>\n|j|\u2606hepe\n|j|\u2606NDSNEZ tagaza\n|t:|1700566905\n|gametype|singles\n|player|p1|hepe|265|1009\n|player|p2|NDSNEZ tagaza|169|1047\n|teamsize|p1|6\n|teamsize|p2|6\n|gen|9\n|tier|[Gen 9] National Dex\n|rated|\n|rule|HP Percentage Mod: HP is shown in percentages\n|rule|Endless Battle Clause: Forcing endless battles is banned\n|rule|OHKO Clause: OHKO moves are banned\n|rule|Evasion Clause: Evasion abilities, items, and moves are banned\n|rule|Evasion Abilities Clause: Evasion abilities are banned\n|rule|Evasion Items Clause: Evasion items are banned\n|rule|Evasion Moves Clause: Evasion moves are banned\n|rule|Species Clause: Limit one of each Pok\u00e9mon\n|rule|Sleep Clause Mod: Limit one foe put to sleep\n|clearpoke\n|poke|p1|Crawdaunt, M|\n|poke|p1|Charizard, F|\n|poke|p1|Blaziken, M|\n|poke|p1|Ludicolo, M|\n|poke|p1|Parasect, M|\n|poke|p1|Greninja-*, M|\n|poke|p2|Hatterene, F|\n|poke|p2|Volcarona, F|\n|poke|p2|Tapu Lele|\n|poke|p2|Polteageist|\n|poke|p2|Sneasler, F|\n|poke|p2|Great Tusk|\n|teampreview\n|inactive|Battle timer is ON: inactive players will automatically lose when time's up. (requested by NDSNEZ tagaza)\n|\n|t:|1700566914\n|start\n|switch|p1a: Ludicolo|Ludicolo, M|100\/100\n|switch|p2a: Tapu Lele|Tapu Lele|100\/100\n|-fieldstart|move: Psychic Terrain|[from] ability: Psychic Surge|[of] p2a: Tapu Lele\n|turn|1\n|\n|t:|1700566926\n|switch|p2a: Hatterene|Hatterene, F|100\/100\n|move|p1a: Ludicolo|Rain Dance|p1a: Ludicolo\n|-weather|RainDance\n|\n|-weather|RainDance|[upkeep]\n|upkeep\n|turn|2\n|\n|t:|1700566932\n|move|p1a: Ludicolo|Scald|p2a: Hatterene\n|-damage|p2a: Hatterene|46\/100\n|-enditem|p2a: Hatterene|Eject Button\n|\n|t:|1700566939\n|switch|p2a: Polteageist|Polteageist|100\/100\n|\n|-weather|RainDance|[upkeep]\n|upkeep\n|turn|3\n|\n|t:|1700566946\n|move|p1a: Ludicolo|Scald|p2a: Polteageist\n|-damage|p2a: Polteageist|33\/100\n|move|p2a: Polteageist|Shell Smash|p2a: Polteageist\n|-unboost|p2a: Polteageist|def|1\n|-unboost|p2a: Polteageist|spd|1\n|-boost|p2a: Polteageist|atk|2\n|-boost|p2a: Polteageist|spa|2\n|-boost|p2a: Polteageist|spe|2\n|\n|-weather|RainDance|[upkeep]\n|upkeep\n|turn|4\n|\n|t:|1700566954\n|move|p2a: Polteageist|Stored Power|p1a: Ludicolo\n|-enditem|p1a: Ludicolo|Focus Sash\n|-damage|p1a: Ludicolo|1\/100\n|move|p1a: Ludicolo|Scald|p2a: Polteageist\n|-damage|p2a: Polteageist|0 fnt\n|faint|p2a: Polteageist\n|\n|-weather|RainDance|[upkeep]\n|upkeep\n|\n|t:|1700566966\n|switch|p2a: Sneasler|Sneasler, F|100\/100\n|-enditem|p2a: Sneasler|Psychic Seed\n|-boost|p2a: Sneasler|spd|1|[from] item: Psychic Seed\n|turn|5\n|\n|t:|1700566975\n|move|p2a: Sneasler|Swords Dance|p2a: Sneasler\n|-boost|p2a: Sneasler|atk|2\n|move|p1a: Ludicolo|Scald|p2a: Sneasler\n|-damage|p2a: Sneasler|56\/100\n|-status|p2a: Sneasler|brn\n|\n|-weather|none\n|-damage|p2a: Sneasler|50\/100 brn|[from] brn\n|upkeep\n|turn|6\n|\n|t:|1700566984\n|move|p2a: Sneasler|Acrobatics|p1a: Ludicolo\n|-supereffective|p1a: Ludicolo\n|-damage|p1a: Ludicolo|0 fnt\n|faint|p1a: Ludicolo\n|\n|-damage|p2a: Sneasler|44\/100 brn|[from] brn\n|upkeep\n|\n|t:|1700566990\n|switch|p1a: Greninja|Greninja, M|100\/100\n|turn|7\n|\n|t:|1700566994\n|move|p2a: Sneasler|Close Combat|p1a: Greninja\n|-supereffective|p1a: Greninja\n|-enditem|p1a: Greninja|Focus Sash\n|-damage|p1a: Greninja|1\/100\n|-unboost|p2a: Sneasler|def|1\n|-unboost|p2a: Sneasler|spd|1\n|move|p1a: Greninja|Extrasensory|p2a: Sneasler\n|-supereffective|p2a: Sneasler\n|-damage|p2a: Sneasler|0 fnt\n|faint|p2a: Sneasler\n|-ability|p1a: Greninja|Battle Bond|boost\n|-boost|p1a: Greninja|atk|1\n|-boost|p1a: Greninja|spa|1\n|-boost|p1a: Greninja|spe|1\n|-activate|p1a: Greninja|ability: Battle Bond\n|\n|upkeep\n|\n|t:|1700567012\n|switch|p2a: Tapu Lele|Tapu Lele|100\/100\n|turn|8\n|\n|t:|1700567037\n|move|p1a: Greninja|Scald|p2a: Tapu Lele\n|-damage|p2a: Tapu Lele|40\/100\n|move|p2a: Tapu Lele|Moonblast|p1a: Greninja\n|-supereffective|p1a: Greninja\n|-damage|p1a: Greninja|0 fnt\n|faint|p1a: Greninja\n|\n|-fieldend|move: Psychic Terrain\n|upkeep\n|\n|t:|1700567045\n|switch|p1a: Parasect|Parasect, M, shiny|100\/100\n|turn|9\n|\n|t:|1700567052\n|switch|p2a: Hatterene|Hatterene, F|46\/100\n|move|p1a: Parasect|Spore|p2a: Hatterene\n|move|p2a: Hatterene|Spore|p1a: Parasect|[from]ability: Magic Bounce\n|-immune|p1a: Parasect\n|\n|upkeep\n|turn|10\n|\n|t:|1700567069\n|move|p2a: Hatterene|Dazzling Gleam|p1a: Parasect\n|-damage|p1a: Parasect|60\/100\n|move|p1a: Parasect|Leech Life|p2a: Hatterene\n|-damage|p2a: Hatterene|17\/100\n|-heal|p1a: Parasect|78\/100|[from] drain|[of] p2a: Hatterene\n|\n|upkeep\n|turn|11\n|\n|t:|1700567077\n|move|p2a: Hatterene|Healing Wish|p2a: Hatterene\n|faint|p2a: Hatterene\n|move|p1a: Parasect|Swords Dance|p1a: Parasect\n|-boost|p1a: Parasect|atk|2\n|\n|upkeep\n|\n|t:|1700567081\n|switch|p2a: Tapu Lele|Tapu Lele|40\/100\n|-heal|p2a: Tapu Lele|100\/100|[from] move: Healing Wish\n|-fieldstart|move: Psychic Terrain|[from] ability: Psychic Surge|[of] p2a: Tapu Lele\n|turn|12\n|\n|t:|1700567086\n|move|p2a: Tapu Lele|Psychic|p1a: Parasect\n|-damage|p1a: Parasect|10\/100\n|move|p1a: Parasect|Leech Life|p2a: Tapu Lele\n|-damage|p2a: Tapu Lele|0 fnt\n|-heal|p1a: Parasect|64\/100|[from] drain|[of] p2a: Tapu Lele\n|faint|p2a: Tapu Lele\n|\n|upkeep\n|\n|t:|1700567102\n|switch|p2a: Volcarona|Volcarona, F|100\/100\n|turn|13\n|\n|t:|1700567107\n|move|p2a: Volcarona|Flamethrower|p1a: Parasect\n|-supereffective|p1a: Parasect\n|-damage|p1a: Parasect|0 fnt\n|faint|p1a: Parasect\n|\n|upkeep\n|\n|t:|1700567123\n|switch|p1a: Crawdaunt|Crawdaunt, M, shiny|100\/100\n|turn|14\n|\n|t:|1700567149\n|move|p2a: Volcarona|Bug Buzz|p1a: Crawdaunt\n|-supereffective|p1a: Crawdaunt\n|-enditem|p1a: Crawdaunt|Focus Sash\n|-damage|p1a: Crawdaunt|1\/100\n|move|p1a: Crawdaunt|Crabhammer|p2a: Volcarona\n|-supereffective|p2a: Volcarona\n|-damage|p2a: Volcarona|0 fnt\n|faint|p2a: Volcarona\n|\n|upkeep\n|\n|t:|1700567153\n|switch|p2a: Great Tusk|Great Tusk|100\/100\n|-enditem|p2a: Great Tusk|Booster Energy\n|-activate|p2a: Great Tusk|ability: Protosynthesis|[fromitem]\n|-start|p2a: Great Tusk|protosynthesisspe\n|turn|15\n|\n|t:|1700567165\n|move|p1a: Crawdaunt|Aqua Jet|p2a: Great Tusk\n|-activate|p2a: Great Tusk|move: Psychic Terrain\n|move|p2a: Great Tusk|Rapid Spin|p1a: Crawdaunt\n|-damage|p1a: Crawdaunt|0 fnt\n|-boost|p2a: Great Tusk|spe|1\n|faint|p1a: Crawdaunt\n|\n|upkeep\n|\n|t:|1700567174\n|switch|p1a: Blaziken|Blaziken, M|100\/100\n|turn|16\n|\n|t:|1700567178\n|move|p2a: Great Tusk|Bulk Up|p2a: Great Tusk\n|-boost|p2a: Great Tusk|atk|1\n|-boost|p2a: Great Tusk|def|1\n|move|p1a: Blaziken|Swords Dance|p1a: Blaziken\n|-boost|p1a: Blaziken|atk|2\n|\n|-ability|p1a: Blaziken|Speed Boost|boost\n|-boost|p1a: Blaziken|spe|1\n|upkeep\n|turn|17\n|\n|t:|1700567187\n|move|p2a: Great Tusk|Bulk Up|p2a: Great Tusk\n|-boost|p2a: Great Tusk|atk|1\n|-boost|p2a: Great Tusk|def|1\n|move|p1a: Blaziken|Swords Dance|p1a: Blaziken\n|-boost|p1a: Blaziken|atk|2\n|\n|-ability|p1a: Blaziken|Speed Boost|boost\n|-boost|p1a: Blaziken|spe|1\n|upkeep\n|turn|18\n|\n|t:|1700567200\n|move|p2a: Great Tusk|Headlong Rush|p1a: Blaziken\n|-supereffective|p1a: Blaziken\n|-enditem|p1a: Blaziken|Focus Sash\n|-damage|p1a: Blaziken|1\/100\n|-unboost|p2a: Great Tusk|def|1\n|-unboost|p2a: Great Tusk|spd|1\n|move|p1a: Blaziken|Earthquake|p2a: Great Tusk\n|-damage|p2a: Great Tusk|58\/100\n|\n|-ability|p1a: Blaziken|Speed Boost|boost\n|-boost|p1a: Blaziken|spe|1\n|upkeep\n|turn|19\n|\n|t:|1700567211\n|move|p2a: Great Tusk|Rapid Spin|p1a: Blaziken\n|-damage|p1a: Blaziken|0 fnt\n|-boost|p2a: Great Tusk|spe|1\n|faint|p1a: Blaziken\n|\n|-fieldend|move: Psychic Terrain\n|upkeep\n|\n|t:|1700567220\n|switch|p1a: Charizard|Charizard, F, shiny|100\/100\n|turn|20\n|\n|t:|1700567225\n|-terastallize|p2a: Great Tusk|Steel\n|move|p2a: Great Tusk|Close Combat|p1a: Charizard\n|-resisted|p1a: Charizard\n|-damage|p1a: Charizard|25\/100\n|-unboost|p2a: Great Tusk|def|1\n|-unboost|p2a: Great Tusk|spd|1\n|move|p1a: Charizard|Dragon Dance|p1a: Charizard\n|-boost|p1a: Charizard|atk|1\n|-boost|p1a: Charizard|spe|1\n|\n|upkeep\n|turn|21\n|\n|t:|1700567234\n|move|p2a: Great Tusk|Close Combat|p1a: Charizard\n|-resisted|p1a: Charizard\n|-damage|p1a: Charizard|0 fnt\n|-unboost|p2a: Great Tusk|def|1\n|-unboost|p2a: Great Tusk|spd|1\n|faint|p1a: Charizard\n|\n|win|NDSNEZ tagaza\n|raw|hepe's rating: 1009 &rarr; <strong>1000<\/strong><br \/>(-9 for losing)\n|raw|NDSNEZ tagaza's rating: 1047 &rarr; <strong>1076<\/strong><br \/>(+29 for winning)\n","uploadtime":1700567239,"views":11,"p1id":"hepe","p2id":"ndsneztagaza","formatid":"gen9nationaldex","rating":1000,"private":0,"password":""}