{"id":"gen9nationaldex-1997964291","p1":"KingOrangeZz","p2":"Maeby Mitenaut","format":"[Gen 9] National Dex","log":"|html|<div class=\"broadcast-blue\"><strong>[Gen 9] National Dex is currently suspecting Sneasler! For information on how to participate check out the <a href=\"https:\/\/www.smogon.com\/forums\/threads\/sv-national-dex-suspect-8-just-dance.3731534\/\">suspect thread<\/a>.<\/strong><\/div>\n|j|\u2606KingOrangeZz\n|j|\u2606Maeby Mitenaut\n|t:|1700872901\n|gametype|singles\n|player|p1|KingOrangeZz|n|\n|player|p2|Maeby Mitenaut|dahlia|\n|teamsize|p1|6\n|teamsize|p2|6\n|gen|9\n|tier|[Gen 9] National Dex\n|rule|HP Percentage Mod: HP is shown in percentages\n|rule|Endless Battle Clause: Forcing endless battles is banned\n|rule|OHKO Clause: OHKO moves are banned\n|rule|Evasion Clause: Evasion abilities, items, and moves are banned\n|rule|Evasion Abilities Clause: Evasion abilities are banned\n|rule|Evasion Items Clause: Evasion items are banned\n|rule|Evasion Moves Clause: Evasion moves are banned\n|rule|Species Clause: Limit one of each Pok\u00e9mon\n|rule|Sleep Clause Mod: Limit one foe put to sleep\n|clearpoke\n|poke|p1|Ferrothorn, F|\n|poke|p1|Galvantula, F|\n|poke|p1|Mimikyu, M|\n|poke|p1|Ninetales, M|\n|poke|p1|Glimmora, M|\n|poke|p1|Samurott-Hisui, M|\n|poke|p2|Raichu-Alola, M|\n|poke|p2|Clodsire, M|\n|poke|p2|Tapu Koko|\n|poke|p2|Arctozolt|\n|poke|p2|Iron Hands|\n|poke|p2|Ninetales-Alola, M|\n|teampreview\n|\n|t:|1700872906\n|start\n|switch|p1a: Glimmora|Glimmora, M|100\/100\n|switch|p2a: Bluck Buck|Tapu Koko, shiny|100\/100\n|-fieldstart|move: Electric Terrain|[from] ability: Electric Surge|[of] p2a: Bluck Buck\n|-item|p1a: Glimmora|Air Balloon\n|turn|1\n|\n|t:|1700872914\n|move|p2a: Bluck Buck|Taunt|p1a: Glimmora\n|-start|p1a: Glimmora|move: Taunt\n|move|p1a: Glimmora|Mortal Spin|p2a: Bluck Buck\n|-supereffective|p2a: Bluck Buck\n|-damage|p2a: Bluck Buck|85\/100\n|-status|p2a: Bluck Buck|psn\n|\n|-damage|p2a: Bluck Buck|72\/100 psn|[from] psn\n|upkeep\n|turn|2\n|\n|t:|1700872923\n|switch|p2a: Ice Spice|Ninetales-Alola, M, shiny|100\/100\n|-weather|Snow|[from] ability: Snow Warning|[of] p2a: Ice Spice\n|switch|p1a: Ferrothorn|Ferrothorn, F|100\/100\n|\n|-weather|Snow|[upkeep]\n|upkeep\n|turn|3\n|\n|t:|1700872948\n|move|p2a: Ice Spice|Aurora Veil|p2a: Ice Spice\n|-sidestart|p2: Maeby Mitenaut|move: Aurora Veil\n|move|p1a: Ferrothorn|Leech Seed|p2a: Ice Spice\n|-start|p2a: Ice Spice|move: Leech Seed\n|\n|-weather|Snow|[upkeep]\n|-damage|p2a: Ice Spice|88\/100|[from] Leech Seed|[of] p1a: Ferrothorn\n|upkeep\n|turn|4\n|\n|t:|1700872958\n|switch|p2a: Big Pap\u00ed|Iron Hands|100\/100\n|-activate|p2a: Big Pap\u00ed|ability: Quark Drive\n|-start|p2a: Big Pap\u00ed|quarkdriveatk\n|move|p1a: Ferrothorn|Knock Off|p2a: Big Pap\u00ed\n|-resisted|p2a: Big Pap\u00ed\n|-damage|p2a: Big Pap\u00ed|97\/100\n|-enditem|p2a: Big Pap\u00ed|Assault Vest|[from] move: Knock Off|[of] p1a: Ferrothorn\n|\n|-weather|Snow|[upkeep]\n|upkeep\n|turn|5\n|\n|t:|1700872969\n|-terastallize|p1a: Ferrothorn|Grass\n|move|p2a: Big Pap\u00ed|Fire Punch|p1a: Ferrothorn\n|-supereffective|p1a: Ferrothorn\n|-damage|p1a: Ferrothorn|36\/100\n|-damage|p2a: Big Pap\u00ed|85\/100|[from] ability: Iron Barbs|[of] p1a: Ferrothorn\n|-damage|p2a: Big Pap\u00ed|68\/100|[from] item: Rocky Helmet|[of] p1a: Ferrothorn\n|move|p1a: Ferrothorn|Leech Seed|p2a: Big Pap\u00ed\n|-start|p2a: Big Pap\u00ed|move: Leech Seed\n|\n|-weather|Snow|[upkeep]\n|-damage|p2a: Big Pap\u00ed|56\/100|[from] Leech Seed|[of] p1a: Ferrothorn\n|-heal|p1a: Ferrothorn|58\/100|[silent]\n|upkeep\n|turn|6\n|\n|t:|1700872982\n|switch|p1a: Galvantula|Galvantula, F|100\/100\n|move|p2a: Big Pap\u00ed|Fire Punch|p1a: Galvantula\n|-supereffective|p1a: Galvantula\n|-enditem|p1a: Galvantula|Focus Sash\n|-damage|p1a: Galvantula|1\/100\n|\n|-weather|Snow|[upkeep]\n|-damage|p2a: Big Pap\u00ed|43\/100|[from] Leech Seed|[of] p1a: Galvantula\n|-heal|p1a: Galvantula|24\/100|[silent]\n|upkeep\n|turn|7\n|\n|t:|1700872990\n|move|p1a: Galvantula|Sticky Web|p2a: Big Pap\u00ed\n|-sidestart|p2: Maeby Mitenaut|move: Sticky Web\n|move|p2a: Big Pap\u00ed|Fire Punch|p1a: Galvantula\n|-supereffective|p1a: Galvantula\n|-damage|p1a: Galvantula|0 fnt\n|faint|p1a: Galvantula\n|\n|-weather|Snow|[upkeep]\n|-sideend|p2: Maeby Mitenaut|move: Aurora Veil\n|upkeep\n|\n|t:|1700873002\n|switch|p1a: Glimmora|Glimmora, M|100\/100\n|-item|p1a: Glimmora|Air Balloon\n|turn|8\n|\n|t:|1700873017\n|move|p1a: Glimmora|Mortal Spin|p2a: Big Pap\u00ed\n|-damage|p2a: Big Pap\u00ed|39\/100\n|-status|p2a: Big Pap\u00ed|psn\n|move|p2a: Big Pap\u00ed|Earthquake|p1a: Glimmora\n|-immune|p1a: Glimmora\n|\n|-weather|Snow|[upkeep]\n|-damage|p2a: Big Pap\u00ed|26\/100 psn|[from] Leech Seed|[of] p1a: Glimmora\n|-damage|p2a: Big Pap\u00ed|14\/100 psn|[from] psn\n|-fieldend|move: Electric Terrain\n|-end|p2a: Big Pap\u00ed|Quark Drive\n|upkeep\n|turn|9\n|c|\u2606Maeby Mitenaut|fuck the balloon i forgorrr\n|c|\u2606Maeby Mitenaut|noooo lmao\n|\n|t:|1700873036\n|-end|p2a: Big Pap\u00ed|Quark Drive|[silent]\n|switch|p2a: Ice Spice|Ninetales-Alola, M, shiny|88\/100\n|-activate|p2a: Ice Spice|move: Sticky Web\n|-unboost|p2a: Ice Spice|spe|1\n|move|p1a: Glimmora|Stealth Rock|p2a: Ice Spice\n|-sidestart|p2: Maeby Mitenaut|move: Stealth Rock\n|\n|-weather|none\n|upkeep\n|turn|10\n|c|\u2606KingOrangeZz|Its the tiny writting lmao\n|\n|t:|1700873049\n|switch|p2a: Bluck Buck|Tapu Koko, shiny|72\/100 psn\n|-activate|p2a: Bluck Buck|move: Sticky Web\n|-unboost|p2a: Bluck Buck|spe|1\n|-damage|p2a: Bluck Buck|60\/100 psn|[from] Stealth Rock\n|-fieldstart|move: Electric Terrain|[from] ability: Electric Surge|[of] p2a: Bluck Buck\n|switch|p1a: Ferrothorn|Ferrothorn, F, tera:Grass|58\/100\n|\n|-damage|p2a: Bluck Buck|47\/100 psn|[from] psn\n|upkeep\n|turn|11\n|\n|t:|1700873063\n|move|p2a: Bluck Buck|U-turn|p1a: Ferrothorn\n|-supereffective|p1a: Ferrothorn\n|-damage|p1a: Ferrothorn|32\/100\n|-damage|p2a: Bluck Buck|35\/100 psn|[from] ability: Iron Barbs|[of] p1a: Ferrothorn\n|-damage|p2a: Bluck Buck|18\/100 psn|[from] item: Rocky Helmet|[of] p1a: Ferrothorn\n|\n|t:|1700873070\n|switch|p2a: Ice Spice|Ninetales-Alola, M, shiny|88\/100|[from] U-turn\n|-activate|p2a: Ice Spice|move: Sticky Web\n|-unboost|p2a: Ice Spice|spe|1\n|-damage|p2a: Ice Spice|63\/100|[from] Stealth Rock\n|-weather|Snow|[from] ability: Snow Warning|[of] p2a: Ice Spice\n|move|p1a: Ferrothorn|Knock Off|p2a: Ice Spice\n|-resisted|p2a: Ice Spice\n|-damage|p2a: Ice Spice|55\/100\n|-enditem|p2a: Ice Spice|Icy Rock|[from] move: Knock Off|[of] p1a: Ferrothorn\n|\n|-weather|Snow|[upkeep]\n|upkeep\n|turn|12\n|\n|t:|1700873090\n|switch|p1a: Samurott|Samurott-Hisui, M|100\/100\n|move|p2a: Ice Spice|Blizzard|p1a: Samurott\n|-resisted|p1a: Samurott\n|-damage|p1a: Samurott|74\/100\n|\n|-weather|Snow|[upkeep]\n|upkeep\n|turn|13\n|\n|t:|1700873097\n|move|p1a: Samurott|Ceaseless Edge|p2a: Ice Spice\n|-resisted|p2a: Ice Spice\n|-damage|p2a: Ice Spice|33\/100\n|-sidestart|p2: Maeby Mitenaut|Spikes\n|move|p2a: Ice Spice|Heal Bell|p2a: Ice Spice\n|-activate|p2a: Ice Spice|move: Heal Bell\n|-curestatus|p2: Big Pap\u00ed|psn|[msg]\n|-curestatus|p2: Bluck Buck|psn|[msg]\n|\n|-weather|Snow|[upkeep]\n|upkeep\n|turn|14\n|\n|t:|1700873106\n|move|p1a: Samurott|Ceaseless Edge|p2a: Ice Spice|[miss]\n|-miss|p1a: Samurott|p2a: Ice Spice\n|move|p2a: Ice Spice|Moonblast|p1a: Samurott\n|-supereffective|p1a: Samurott\n|-damage|p1a: Samurott|0 fnt\n|faint|p1a: Samurott\n|\n|-weather|Snow|[upkeep]\n|upkeep\n|\n|t:|1700873112\n|switch|p1a: Glimmora|Glimmora, M|100\/100\n|-item|p1a: Glimmora|Air Balloon\n|turn|15\n|\n|t:|1700873117\n|move|p2a: Ice Spice|Blizzard|p1a: Glimmora\n|-damage|p1a: Glimmora|67\/100\n|-enditem|p1a: Glimmora|Air Balloon\n|move|p1a: Glimmora|Mortal Spin|p2a: Ice Spice\n|-supereffective|p2a: Ice Spice\n|-damage|p2a: Ice Spice|22\/100\n|-status|p2a: Ice Spice|psn\n|\n|-weather|Snow|[upkeep]\n|-damage|p2a: Ice Spice|10\/100 psn|[from] psn\n|upkeep\n|turn|16\n|\n|t:|1700873129\n|move|p2a: Ice Spice|Aurora Veil|p2a: Ice Spice\n|-sidestart|p2: Maeby Mitenaut|move: Aurora Veil\n|move|p1a: Glimmora|Spikes|p2a: Ice Spice\n|-sidestart|p2: Maeby Mitenaut|Spikes\n|\n|-weather|Snow|[upkeep]\n|-damage|p2a: Ice Spice|0 fnt|[from] psn\n|faint|p2a: Ice Spice\n|upkeep\n|\n|t:|1700873136\n|switch|p2a: Bluck Buck|Tapu Koko, shiny|18\/100\n|-activate|p2a: Bluck Buck|move: Sticky Web\n|-unboost|p2a: Bluck Buck|spe|1\n|-damage|p2a: Bluck Buck|6\/100|[from] Stealth Rock\n|-damage|p2a: Bluck Buck|0 fnt|[from] Spikes\n|faint|p2a: Bluck Buck\n|\n|t:|1700873145\n|switch|p2a: Gritty|Arctozolt, shiny|100\/100\n|-activate|p2a: Gritty|move: Sticky Web\n|-unboost|p2a: Gritty|spe|1\n|-damage|p2a: Gritty|76\/100|[from] Stealth Rock\n|-damage|p2a: Gritty|59\/100|[from] Spikes\n|turn|17\n|\n|t:|1700873153\n|switch|p1a: Ferrothorn|Ferrothorn, F, tera:Grass|32\/100\n|move|p2a: Gritty|Bolt Beak|p1a: Ferrothorn\n|-resisted|p1a: Ferrothorn\n|-damage|p1a: Ferrothorn|0 fnt\n|-damage|p2a: Gritty|47\/100|[from] ability: Iron Barbs|[of] p1a: Ferrothorn\n|-damage|p2a: Gritty|30\/100|[from] item: Rocky Helmet|[of] p1a: Ferrothorn\n|faint|p1a: Ferrothorn\n|\n|-weather|Snow|[upkeep]\n|-fieldend|move: Electric Terrain\n|upkeep\n|\n|t:|1700873162\n|switch|p1a: Mimikyu|Mimikyu, M, shiny|100\/100\n|turn|18\n|\n|t:|1700873166\n|-zpower|p1a: Mimikyu\n|move|p1a: Mimikyu|Z-Splash|p1a: Mimikyu|[anim]Splash\n|-boost|p1a: Mimikyu|atk|3|[zeffect]\n|-nothing\n|move|p2a: Gritty|Bolt Beak|p1a: Mimikyu\n|-activate|p1a: Mimikyu|ability: Disguise\n|-damage|p1a: Mimikyu|100\/100\n|detailschange|p1a: Mimikyu|Mimikyu-Busted, M, shiny\n|-damage|p1a: Mimikyu|88\/100|[from] pokemon: Mimikyu-Busted\n|\n|-weather|none\n|upkeep\n|turn|19\n|\n|t:|1700873182\n|move|p1a: Mimikyu|Shadow Sneak|p2a: Gritty\n|-damage|p2a: Gritty|8\/100\n|-enditem|p2a: Gritty|Aguav Berry|[eat]\n|-heal|p2a: Gritty|41\/100|[from] item: Aguav Berry\n|move|p2a: Gritty|Blizzard|p1a: Mimikyu\n|-damage|p1a: Mimikyu|45\/100\n|\n|upkeep\n|turn|20\n|\n|t:|1700873188\n|move|p1a: Mimikyu|Drain Punch|p2a: Gritty\n|-supereffective|p2a: Gritty\n|-damage|p2a: Gritty|0 fnt\n|-heal|p1a: Mimikyu|73\/100|[from] drain|[of] p2a: Gritty\n|faint|p2a: Gritty\n|\n|-sideend|p2: Maeby Mitenaut|move: Aurora Veil\n|upkeep\n|\n|t:|1700873198\n|switch|p2a: Aloha Broha|Raichu-Alola, M, shiny|100\/100\n|-activate|p2a: Aloha Broha|move: Sticky Web\n|-unboost|p2a: Aloha Broha|spe|1\n|-damage|p2a: Aloha Broha|88\/100|[from] Stealth Rock\n|-damage|p2a: Aloha Broha|71\/100|[from] Spikes\n|turn|21\n|\n|t:|1700873206\n|move|p1a: Mimikyu|Play Rough|p2a: Aloha Broha|[miss]\n|-miss|p1a: Mimikyu|p2a: Aloha Broha\n|move|p2a: Aloha Broha|Psychic|p1a: Mimikyu\n|-damage|p1a: Mimikyu|16\/100\n|\n|upkeep\n|turn|22\n|\n|t:|1700873213\n|move|p1a: Mimikyu|Shadow Sneak|p2a: Aloha Broha\n|-supereffective|p2a: Aloha Broha\n|-damage|p2a: Aloha Broha|0 fnt\n|faint|p2a: Aloha Broha\n|\n|upkeep\n|\n|t:|1700873216\n|switch|p2a: Big Pap\u00ed|Iron Hands|14\/100\n|-activate|p2a: Big Pap\u00ed|move: Sticky Web\n|-unboost|p2a: Big Pap\u00ed|spe|1\n|-damage|p2a: Big Pap\u00ed|8\/100|[from] Stealth Rock\n|-damage|p2a: Big Pap\u00ed|0 fnt|[from] Spikes\n|faint|p2a: Big Pap\u00ed\n|-end|p2a: Big Pap\u00ed|Quark Drive|[silent]\n|\n|t:|1700873223\n|switch|p2a: Muddy Buddy|Clodsire, M|100\/100\n|-activate|p2a: Muddy Buddy|move: Sticky Web\n|-unboost|p2a: Muddy Buddy|spe|1\n|-damage|p2a: Muddy Buddy|94\/100|[from] Stealth Rock\n|-damage|p2a: Muddy Buddy|78\/100|[from] Spikes\n|turn|23\n|\n|t:|1700873229\n|move|p1a: Mimikyu|Shadow Sneak|p2a: Muddy Buddy\n|-damage|p2a: Muddy Buddy|59\/100\n|move|p2a: Muddy Buddy|Toxic|p1a: Mimikyu\n|-status|p1a: Mimikyu|tox\n|\n|-heal|p2a: Muddy Buddy|66\/100|[from] item: Leftovers\n|-damage|p1a: Mimikyu|10\/100 tox|[from] psn\n|upkeep\n|turn|24\n|\n|t:|1700873236\n|move|p1a: Mimikyu|Shadow Sneak|p2a: Muddy Buddy\n|-damage|p2a: Muddy Buddy|48\/100\n|move|p2a: Muddy Buddy|Recover|p2a: Muddy Buddy\n|-heal|p2a: Muddy Buddy|98\/100\n|\n|-heal|p2a: Muddy Buddy|100\/100|[from] item: Leftovers\n|-damage|p1a: Mimikyu|0 fnt|[from] psn\n|faint|p1a: Mimikyu\n|upkeep\n|\n|t:|1700873249\n|switch|p1a: Ninetales|Ninetales, M|100\/100\n|-item|p1a: Ninetales|Air Balloon\n|turn|25\n|\n|t:|1700873254\n|-terastallize|p2a: Muddy Buddy|Flying\n|move|p1a: Ninetales|Nasty Plot|p1a: Ninetales\n|-boost|p1a: Ninetales|spa|2\n|move|p2a: Muddy Buddy|Stockpile|p2a: Muddy Buddy\n|-start|p2a: Muddy Buddy|stockpile1\n|-boost|p2a: Muddy Buddy|def|1\n|-boost|p2a: Muddy Buddy|spd|1\n|\n|upkeep\n|turn|26\n|\n|t:|1700873262\n|switch|p1a: Glimmora|Glimmora, M|67\/100\n|move|p2a: Muddy Buddy|Toxic|p1a: Glimmora\n|-immune|p1a: Glimmora\n|\n|upkeep\n|turn|27\n|\n|t:|1700873268\n|move|p1a: Glimmora|Mortal Spin|p2a: Muddy Buddy\n|-damage|p2a: Muddy Buddy|96\/100\n|-status|p2a: Muddy Buddy|psn\n|move|p2a: Muddy Buddy|Stockpile|p2a: Muddy Buddy\n|-start|p2a: Muddy Buddy|stockpile2\n|-boost|p2a: Muddy Buddy|def|1\n|-boost|p2a: Muddy Buddy|spd|1\n|\n|-heal|p2a: Muddy Buddy|100\/100 psn|[from] item: Leftovers\n|-damage|p2a: Muddy Buddy|88\/100 psn|[from] psn\n|upkeep\n|turn|28\n|c|\u2606Maeby Mitenaut|nice switch\n|\n|t:|1700873281\n|move|p1a: Glimmora|Spikes|p2a: Muddy Buddy\n|-sidestart|p2: Maeby Mitenaut|Spikes\n|move|p2a: Muddy Buddy|Stockpile|p2a: Muddy Buddy\n|-start|p2a: Muddy Buddy|stockpile3\n|-boost|p2a: Muddy Buddy|def|1\n|-boost|p2a: Muddy Buddy|spd|1\n|\n|-heal|p2a: Muddy Buddy|94\/100 psn|[from] item: Leftovers\n|-damage|p2a: Muddy Buddy|82\/100 psn|[from] psn\n|upkeep\n|turn|29\n|c|\u2606KingOrangeZz|Ty ty close game\n|\n|t:|1700873290\n|move|p1a: Glimmora|Stealth Rock||[still]\n|-fail|p1a: Glimmora\n|move|p2a: Muddy Buddy|Body Press|p1a: Glimmora\n|-crit|p1a: Glimmora\n|-damage|p1a: Glimmora|25\/100\n|-activate|p1a: Glimmora|ability: Toxic Debris\n|-sidestart|p2: Maeby Mitenaut|move: Toxic Spikes\n|\n|-heal|p2a: Muddy Buddy|88\/100 psn|[from] item: Leftovers\n|-damage|p2a: Muddy Buddy|75\/100 psn|[from] psn\n|upkeep\n|turn|30\n|\n|t:|1700873299\n|move|p1a: Glimmora|Stealth Rock||[still]\n|-fail|p1a: Glimmora\n|move|p2a: Muddy Buddy|Body Press|p1a: Glimmora\n|-damage|p1a: Glimmora|0 fnt\n|-activate|p1a: Glimmora|ability: Toxic Debris\n|-sidestart|p2: Maeby Mitenaut|move: Toxic Spikes\n|faint|p1a: Glimmora\n|\n|-heal|p2a: Muddy Buddy|82\/100 psn|[from] item: Leftovers\n|-damage|p2a: Muddy Buddy|69\/100 psn|[from] psn\n|upkeep\n|\n|t:|1700873306\n|switch|p1a: Ninetales|Ninetales, M|100\/100\n|-item|p1a: Ninetales|Air Balloon\n|turn|31\n|\n|t:|1700873311\n|move|p1a: Ninetales|Dark Pulse|p2a: Muddy Buddy\n|-damage|p2a: Muddy Buddy|65\/100 psn\n|move|p2a: Muddy Buddy|Toxic|p1a: Ninetales\n|-status|p1a: Ninetales|tox\n|\n|-heal|p2a: Muddy Buddy|71\/100 psn|[from] item: Leftovers\n|-damage|p1a: Ninetales|95\/100 tox|[from] psn\n|-damage|p2a: Muddy Buddy|58\/100 psn|[from] psn\n|upkeep\n|turn|32\n|c|\u2606KingOrangeZz|Ggs\n|\n|t:|1700873319\n|move|p1a: Ninetales|Dark Pulse|p2a: Muddy Buddy\n|-damage|p2a: Muddy Buddy|54\/100 psn\n|move|p2a: Muddy Buddy|Recover|p2a: Muddy Buddy\n|-heal|p2a: Muddy Buddy|100\/100 psn\n|\n|-damage|p1a: Ninetales|83\/100 tox|[from] psn\n|-damage|p2a: Muddy Buddy|88\/100 psn|[from] psn\n|upkeep\n|turn|33\n|c|\u2606KingOrangeZz|Very well played\n|\n|t:|1700873329\n|move|p1a: Ninetales|Dark Pulse|p2a: Muddy Buddy\n|-crit|p2a: Muddy Buddy\n|-damage|p2a: Muddy Buddy|72\/100 psn\n|move|p2a: Muddy Buddy|Body Press|p1a: Ninetales\n|-damage|p1a: Ninetales|40\/100 tox\n|-enditem|p1a: Ninetales|Air Balloon\n|\n|-heal|p2a: Muddy Buddy|78\/100 psn|[from] item: Leftovers\n|-damage|p1a: Ninetales|22\/100 tox|[from] psn\n|-damage|p2a: Muddy Buddy|65\/100 psn|[from] psn\n|upkeep\n|turn|34\n|c|\u2606Maeby Mitenaut|thank you!\n|c|\u2606Maeby Mitenaut|hes my anchor for a reason\n|\n|t:|1700873343\n|move|p1a: Ninetales|Flamethrower|p2a: Muddy Buddy\n|-damage|p2a: Muddy Buddy|57\/100 psn\n|move|p2a: Muddy Buddy|Recover|p2a: Muddy Buddy\n|-heal|p2a: Muddy Buddy|100\/100 psn\n|\n|-damage|p1a: Ninetales|0 fnt|[from] psn\n|faint|p1a: Ninetales\n|\n|win|Maeby Mitenaut\n|upkeep\n|c|\u2606Maeby Mitenaut|ggz!\n|c|\u2606KingOrangeZz|It is a good anchor ggs\n|l|\u2606KingOrangeZz\n|c|\u2606Maeby Mitenaut|imma send a friend request - lmk if ya ever wanna team test\n","uploadtime":1700873368,"views":5,"p1id":"kingorangezz","p2id":"maebymitenaut","formatid":"gen9nationaldex","rating":0,"private":0,"password":""}