{"id":"gen9nationaldex-1988783948","p1":"GameBored","p2":"Cakela","format":"[Gen 9] National Dex","log":"|j|\u2606GameBored\n|j|\u2606Cakela\n|t:|1699762677\n|gametype|singles\n|player|p1|GameBored|schoolkid-gen8|1499\n|player|p2|Cakela|steven|1479\n|teamsize|p1|6\n|teamsize|p2|6\n|gen|9\n|tier|[Gen 9] National Dex\n|rated|\n|rule|HP Percentage Mod: HP is shown in percentages\n|rule|Endless Battle Clause: Forcing endless battles is banned\n|rule|OHKO Clause: OHKO moves are banned\n|rule|Evasion Clause: Evasion abilities, items, and moves are banned\n|rule|Evasion Abilities Clause: Evasion abilities are banned\n|rule|Evasion Items Clause: Evasion items are banned\n|rule|Evasion Moves Clause: Evasion moves are banned\n|rule|Species Clause: Limit one of each Pok\u00e9mon\n|rule|Sleep Clause Mod: Limit one foe put to sleep\n|clearpoke\n|poke|p1|Grimmsnarl, M|\n|poke|p1|Toxtricity, M|\n|poke|p1|Turtonator, M|\n|poke|p1|Sharpedo, M|\n|poke|p1|Slowbro-Galar, M|\n|poke|p1|Cofagrigus, M|\n|poke|p2|Banette, M|\n|poke|p2|Clodsire, F|\n|poke|p2|Hoopa-Unbound|\n|poke|p2|Glimmora, M|\n|poke|p2|Corviknight, M|\n|poke|p2|Celesteela|\n|teampreview\n|inactive|Battle timer is ON: inactive players will automatically lose when time's up. (requested by GameBored)\n|\n|t:|1699762680\n|start\n|switch|p1a: Grimmsnarl|Grimmsnarl, M, shiny|100\/100\n|switch|p2a: Hoopa|Hoopa-Unbound|100\/100\n|turn|1\n|\n|t:|1699762683\n|switch|p1a: Sharpedo|Sharpedo, M, shiny|100\/100\n|move|p2a: Hoopa|Gunk Shot|p1a: Sharpedo\n|-damage|p1a: Sharpedo|0 fnt\n|faint|p1a: Sharpedo\n|\n|upkeep\n|\n|t:|1699762686\n|switch|p1a: Grimmsnarl|Grimmsnarl, M, shiny|100\/100\n|turn|2\n|\n|t:|1699762690\n|move|p1a: Grimmsnarl|Reflect|p1a: Grimmsnarl\n|-sidestart|p1: GameBored|Reflect\n|move|p2a: Hoopa|Gunk Shot|p1a: Grimmsnarl\n|-supereffective|p1a: Grimmsnarl\n|-damage|p1a: Grimmsnarl|45\/100\n|\n|upkeep\n|turn|3\n|\n|t:|1699762695\n|move|p1a: Grimmsnarl|Light Screen|p1a: Grimmsnarl\n|-sidestart|p1: GameBored|move: Light Screen\n|move|p2a: Hoopa|Gunk Shot|p1a: Grimmsnarl\n|-supereffective|p1a: Grimmsnarl\n|-damage|p1a: Grimmsnarl|0 fnt\n|faint|p1a: Grimmsnarl\n|\n|upkeep\n|\n|t:|1699762699\n|switch|p1a: Toxtricity|Toxtricity, M, shiny|100\/100\n|turn|4\n|\n|t:|1699762705\n|switch|p2a: Clodsire|Clodsire, F|100\/100\n|move|p1a: Toxtricity|Shift Gear|p1a: Toxtricity\n|-boost|p1a: Toxtricity|spe|2\n|-boost|p1a: Toxtricity|atk|1\n|\n|upkeep\n|turn|5\n|\n|t:|1699762709\n|-terastallize|p1a: Toxtricity|Water\n|move|p1a: Toxtricity|Boomburst|p2a: Clodsire\n|-damage|p2a: Clodsire|69\/100\n|-enditem|p1a: Toxtricity|Throat Spray\n|-boost|p1a: Toxtricity|spa|1|[from] item: Throat Spray\n|move|p2a: Clodsire|Toxic|p1a: Toxtricity\n|-status|p1a: Toxtricity|tox\n|\n|-damage|p1a: Toxtricity|94\/100 tox|[from] psn\n|upkeep\n|turn|6\n|\n|t:|1699762713\n|move|p1a: Toxtricity|Boomburst|p2a: Clodsire\n|-damage|p2a: Clodsire|22\/100\n|move|p2a: Clodsire|Toxic Spikes|p1a: Toxtricity\n|-sidestart|p1: GameBored|move: Toxic Spikes\n|\n|-damage|p1a: Toxtricity|82\/100 tox|[from] psn\n|upkeep\n|turn|7\n|\n|t:|1699762722\n|switch|p2a: Banette|Banette, M|100\/100\n|move|p1a: Toxtricity|Overdrive|p2a: Banette\n|-damage|p2a: Banette|0 fnt\n|faint|p2a: Banette\n|\n|-damage|p1a: Toxtricity|64\/100 tox|[from] psn\n|upkeep\n|\n|t:|1699762731\n|switch|p2a: Glimmora|Glimmora, M|100\/100\n|turn|8\n|\n|t:|1699762736\n|move|p1a: Toxtricity|Overdrive|p2a: Glimmora\n|-enditem|p2a: Glimmora|Focus Sash\n|-damage|p2a: Glimmora|1\/100\n|move|p2a: Glimmora|Stealth Rock|p1a: Toxtricity\n|-sidestart|p1: GameBored|move: Stealth Rock\n|\n|-damage|p1a: Toxtricity|39\/100 tox|[from] psn\n|upkeep\n|turn|9\n|\n|t:|1699762739\n|move|p1a: Toxtricity|Boomburst|p2a: Glimmora\n|-resisted|p2a: Glimmora\n|-damage|p2a: Glimmora|0 fnt\n|faint|p2a: Glimmora\n|\n|-damage|p1a: Toxtricity|8\/100 tox|[from] psn\n|-sideend|p1: GameBored|Reflect\n|upkeep\n|\n|t:|1699762746\n|switch|p2a: Celesteela|Celesteela|100\/100\n|turn|10\n|\n|t:|1699762752\n|-terastallize|p2a: Celesteela|Dragon\n|move|p1a: Toxtricity|Overdrive|p2a: Celesteela\n|-resisted|p2a: Celesteela\n|-damage|p2a: Celesteela|61\/100\n|move|p2a: Celesteela|Autotomize|p2a: Celesteela\n|-boost|p2a: Celesteela|spe|2\n|-start|p2a: Celesteela|Autotomize\n|\n|-damage|p1a: Toxtricity|0 fnt|[from] psn\n|faint|p1a: Toxtricity\n|-sideend|p1: GameBored|move: Light Screen\n|upkeep\n|\n|t:|1699762756\n|switch|p1a: Turtonator|Turtonator, M, shiny|100\/100\n|turn|11\n|\n|t:|1699762761\n|move|p2a: Celesteela|Meteor Beam||[still]\n|-prepare|p2a: Celesteela|Meteor Beam\n|-boost|p2a: Celesteela|spa|1\n|-enditem|p2a: Celesteela|Power Herb\n|-anim|p2a: Celesteela|Meteor Beam|p1a: Turtonator\n|-supereffective|p1a: Turtonator\n|-damage|p1a: Turtonator|0 fnt\n|faint|p1a: Turtonator\n|-ability|p2a: Celesteela|Beast Boost|boost\n|-boost|p2a: Celesteela|spa|1\n|\n|upkeep\n|\n|t:|1699762764\n|switch|p1a: Cofagrigus|Cofagrigus, M, shiny|100\/100\n|-status|p1a: Cofagrigus|psn\n|-damage|p1a: Cofagrigus|88\/100 psn|[from] Stealth Rock\n|turn|12\n|\n|t:|1699762771\n|move|p2a: Celesteela|Air Slash|p1a: Cofagrigus\n|-damage|p1a: Cofagrigus|7\/100 psn\n|move|p1a: Cofagrigus|Haze|p1a: Cofagrigus\n|-clearallboost\n|\n|-damage|p1a: Cofagrigus|0 fnt|[from] psn\n|faint|p1a: Cofagrigus\n|upkeep\n|\n|t:|1699762776\n|switch|p1a: Slowbro|Slowbro-Galar, M, shiny|100\/100\n|-sideend|p1: GameBored|move: Toxic Spikes|[of] p1a: Slowbro\n|-damage|p1a: Slowbro|88\/100|[from] Stealth Rock\n|turn|13\n|\n|t:|1699762784\n|move|p2a: Celesteela|Air Slash|p1a: Slowbro\n|-damage|p1a: Slowbro|41\/100\n|-enditem|p1a: Slowbro|Sitrus Berry|[eat]\n|-heal|p1a: Slowbro|66\/100|[from] item: Sitrus Berry\n|move|p1a: Slowbro|Belly Drum|p1a: Slowbro\n|-damage|p1a: Slowbro|16\/100\n|-setboost|p1a: Slowbro|atk|6|[from] move: Belly Drum\n|\n|upkeep\n|turn|14\n|-activate|p1a: Slowbro|ability: Quick Draw\n|\n|t:|1699762812\n|move|p1a: Slowbro|Drain Punch|p2a: Celesteela\n|-damage|p2a: Celesteela|0 fnt\n|-heal|p1a: Slowbro|43\/100|[from] drain|[of] p2a: Celesteela\n|faint|p2a: Celesteela\n|\n|upkeep\n|\n|t:|1699762817\n|switch|p2a: Hoopa|Hoopa-Unbound|100\/100\n|turn|15\n|\n|t:|1699762822\n|move|p2a: Hoopa|Hyperspace Fury|p1a: Slowbro\n|-supereffective|p1a: Slowbro\n|-damage|p1a: Slowbro|0 fnt\n|-unboost|p2a: Hoopa|def|1\n|faint|p1a: Slowbro\n|\n|win|Cakela\n|raw|GameBored's rating: 1499 &rarr; <strong>1478<\/strong><br \/>(-21 for losing)\n|raw|Cakela's rating: 1479 &rarr; <strong>1500<\/strong><br \/>(+21 for winning)\n|l|\u2606GameBored\n|l|\u2606Cakela\n|j|\u2606Cakela\n|player|p2|Cakela|steven\n|l|\u2606Cakela\n|player|p2|\n|j|\u2606Cakela\n|player|p2|Cakela|steven\n","uploadtime":1699763080,"views":5,"p1id":"gamebored","p2id":"cakela","formatid":"gen9nationaldex","rating":1478,"private":0,"password":""}