{"id":"gen9nationaldex-1992365975","p1":"CertifiedDumbass1","p2":"Nuwyrm","format":"[Gen 9] National Dex","log":"|j|\u2606CertifiedDumbass1\n|j|\u2606Nuwyrm\n|t:|1700179252\n|gametype|singles\n|player|p1|CertifiedDumbass1|hilbert|\n|player|p2|Nuwyrm|1|\n|teamsize|p1|6\n|teamsize|p2|6\n|gen|9\n|tier|[Gen 9] National Dex\n|rule|HP Percentage Mod: HP is shown in percentages\n|rule|Endless Battle Clause: Forcing endless battles is banned\n|rule|OHKO Clause: OHKO moves are banned\n|rule|Evasion Clause: Evasion abilities, items, and moves are banned\n|rule|Evasion Abilities Clause: Evasion abilities are banned\n|rule|Evasion Items Clause: Evasion items are banned\n|rule|Evasion Moves Clause: Evasion moves are banned\n|rule|Species Clause: Limit one of each Pok\u00e9mon\n|rule|Sleep Clause Mod: Limit one foe put to sleep\n|clearpoke\n|poke|p1|Garganacl, M|\n|poke|p1|Blaziken, M|\n|poke|p1|Oinkologne, M|\n|poke|p1|Torterra, M|\n|poke|p1|Arboliva, M|\n|poke|p1|Klawf, F|\n|poke|p2|Tsareena, F|\n|poke|p2|Garganacl, F|\n|poke|p2|Polteageist|\n|poke|p2|Alcremie, F|\n|poke|p2|Blaziken, F|\n|poke|p2|Sirfetch\u2019d, M|\n|teampreview\n|\n|t:|1700179298\n|start\n|switch|p1a: olive|Arboliva, M|100\/100\n|switch|p2a: Sanders|Blaziken, F|100\/100\n|turn|1\n|\n|t:|1700179310\n|move|p2a: Sanders|Swords Dance|p2a: Sanders\n|-boost|p2a: Sanders|atk|2\n|move|p1a: olive|Light Screen|p1a: olive\n|-sidestart|p1: CertifiedDumbass1|move: Light Screen\n|\n|-ability|p2a: Sanders|Speed Boost|boost\n|-boost|p2a: Sanders|spe|1\n|upkeep\n|turn|2\n|\n|t:|1700179320\n|move|p2a: Sanders|Close Combat|p1a: olive\n|-supereffective|p1a: olive\n|-damage|p1a: olive|0 fnt\n|-unboost|p2a: Sanders|def|1\n|-unboost|p2a: Sanders|spd|1\n|-fieldstart|move: Grassy Terrain|[from] ability: Seed Sower|[of] p1a: olive\n|faint|p1a: olive\n|-damage|p2a: Sanders|91\/100|[from] item: Life Orb\n|\n|-heal|p2a: Sanders|97\/100|[from] Grassy Terrain\n|-ability|p2a: Sanders|Speed Boost|boost\n|-boost|p2a: Sanders|spe|1\n|upkeep\n|\n|t:|1700179346\n|switch|p1a: turtle soup :)|Torterra, M|100\/100\n|turn|3\n|\n|t:|1700179357\n|-terastallize|p1a: turtle soup :)|Water\n|move|p2a: Sanders|Close Combat|p1a: turtle soup :)\n|-damage|p1a: turtle soup :)|0 fnt\n|-unboost|p2a: Sanders|def|1\n|-unboost|p2a: Sanders|spd|1\n|faint|p1a: turtle soup :)\n|-damage|p2a: Sanders|87\/100|[from] item: Life Orb\n|\n|-heal|p2a: Sanders|93\/100|[from] Grassy Terrain\n|-ability|p2a: Sanders|Speed Boost|boost\n|-boost|p2a: Sanders|spe|1\n|upkeep\n|\n|t:|1700179371\n|switch|p1a: its just salt|Garganacl, M, shiny|100\/100\n|turn|4\n|\n|t:|1700179389\n|move|p2a: Sanders|Close Combat|p1a: its just salt\n|-supereffective|p1a: its just salt\n|-damage|p1a: its just salt|0 fnt\n|-unboost|p2a: Sanders|def|1\n|-unboost|p2a: Sanders|spd|1\n|faint|p1a: its just salt\n|-damage|p2a: Sanders|83\/100|[from] item: Life Orb\n|\n|-heal|p2a: Sanders|89\/100|[from] Grassy Terrain\n|-ability|p2a: Sanders|Speed Boost|boost\n|-boost|p2a: Sanders|spe|1\n|upkeep\n|\n|t:|1700179391\n|switch|p1a: hes a chicken|Blaziken, M|100\/100\n|turn|5\n|\n|t:|1700179402\n|move|p2a: Sanders|Close Combat|p1a: hes a chicken\n|-damage|p1a: hes a chicken|0 fnt\n|-unboost|p2a: Sanders|def|1\n|-unboost|p2a: Sanders|spd|1\n|faint|p1a: hes a chicken\n|-damage|p2a: Sanders|79\/100|[from] item: Life Orb\n|\n|-heal|p2a: Sanders|85\/100|[from] Grassy Terrain\n|-ability|p2a: Sanders|Speed Boost|boost\n|-boost|p2a: Sanders|spe|1\n|upkeep\n|\n|t:|1700179413\n|switch|p1a: pork chop|Oinkologne, M|100\/100\n|turn|6\n|\n|t:|1700179421\n|move|p2a: Sanders|Close Combat|p1a: pork chop\n|-supereffective|p1a: pork chop\n|-damage|p1a: pork chop|0 fnt\n|-unboost|p2a: Sanders|def|1\n|-unboost|p2a: Sanders|spd|1\n|faint|p1a: pork chop\n|-damage|p2a: Sanders|75\/100|[from] item: Life Orb\n|\n|-heal|p2a: Sanders|81\/100|[from] Grassy Terrain\n|-fieldend|move: Grassy Terrain\n|-ability|p2a: Sanders|Speed Boost|boost\n|-boost|p2a: Sanders|spe|1\n|upkeep\n|\n|t:|1700179424\n|switch|p1a: isa crab|Klawf, F|100\/100\n|turn|7\n|\n|t:|1700179434\n|move|p2a: Sanders|Close Combat|p1a: isa crab\n|-supereffective|p1a: isa crab\n|-damage|p1a: isa crab|0 fnt\n|-unboost|p2a: Sanders|def|1\n|-unboost|p2a: Sanders|spd|1\n|faint|p1a: isa crab\n|-damage|p2a: Sanders|71\/100|[from] item: Life Orb\n|\n|win|Nuwyrm\n|l|\u2606CertifiedDumbass1\n|l|nuwyrm\n","uploadtime":1700179582,"views":16,"p1id":"certifieddumbass1","p2id":"nuwyrm","formatid":"gen9nationaldex","rating":0,"private":0,"password":""}