{"id":"gen9nationaldex-1994013066","p1":"Serena1111\u805a\u6c14\u5384\u9b3c\u692a","p2":"Star8dust","format":"[Gen 9] National Dex","log":"|j|\u2606Serena1111\u805a\u6c14\u5384\u9b3c\u692a\n|j|\u2606Star8dust\n|t:|1700393498\n|gametype|singles\n|player|p1|Serena1111\u805a\u6c14\u5384\u9b3c\u692a|serena|1082\n|player|p2|Star8dust|riley|1000\n|teamsize|p1|6\n|teamsize|p2|6\n|gen|9\n|tier|[Gen 9] National Dex\n|rated|\n|rule|HP Percentage Mod: HP is shown in percentages\n|rule|Endless Battle Clause: Forcing endless battles is banned\n|rule|OHKO Clause: OHKO moves are banned\n|rule|Evasion Clause: Evasion abilities, items, and moves are banned\n|rule|Evasion Abilities Clause: Evasion abilities are banned\n|rule|Evasion Items Clause: Evasion items are banned\n|rule|Evasion Moves Clause: Evasion moves are banned\n|rule|Species Clause: Limit one of each Pok\u00e9mon\n|rule|Sleep Clause Mod: Limit one foe put to sleep\n|clearpoke\n|poke|p1|Arctovish|\n|poke|p1|Mawile, F|\n|poke|p1|Gliscor, F|\n|poke|p1|Porygon-Z|\n|poke|p1|Cresselia, F|\n|poke|p1|Glastrier|\n|poke|p2|Teddiursa, M|\n|poke|p2|Tornadus-Therian, M|\n|poke|p2|Aegislash, M|\n|poke|p2|Ampharos, M|\n|poke|p2|Cramorant, F|\n|poke|p2|Grapploct, F|\n|teampreview\n|inactive|Battle timer is ON: inactive players will automatically lose when time's up. (requested by Serena1111\u805a\u6c14\u5384\u9b3c\u692a)\n|\n|t:|1700393507\n|start\n|switch|p1a: Porygon-Z|Porygon-Z|100\/100\n|switch|p2a: Pooh|Teddiursa, M|100\/100\n|turn|1\n|\n|t:|1700393515\n|move|p2a: Pooh|Yawn|p1a: Porygon-Z\n|-start|p1a: Porygon-Z|move: Yawn|[of] p2a: Pooh\n|move|p1a: Porygon-Z|Trick Room|p1a: Porygon-Z\n|-fieldstart|move: Trick Room|[of] p1a: Porygon-Z\n|\n|-status|p2a: Pooh|brn|[from] item: Flame Orb\n|upkeep\n|turn|2\n|\n|t:|1700393525\n|move|p2a: Pooh|Facade|p1a: Porygon-Z\n|-damage|p1a: Porygon-Z|45\/100\n|move|p1a: Porygon-Z|Teleport|p1a: Porygon-Z\n|\n|t:|1700393543\n|switch|p1a: Arctovish|Arctovish|100\/100|[from] Teleport\n|\n|-damage|p2a: Pooh|94\/100 brn|[from] brn\n|upkeep\n|turn|3\n|\n|t:|1700393553\n|move|p1a: Arctovish|Fishious Rend|p2a: Pooh\n|-damage|p2a: Pooh|0 fnt\n|faint|p2a: Pooh\n|\n|upkeep\n|\n|t:|1700393562\n|switch|p2a: funny looking dog|Cramorant, F|100\/100\n|turn|4\n|\n|t:|1700393584\n|switch|p1a: Glastrier|Glastrier|100\/100\n|switch|p2a: Armstrong|Grapploct, F|100\/100\n|\n|upkeep\n|turn|5\n|\n|t:|1700393592\n|switch|p1a: Cresselia|Cresselia, F|100\/100\n|-terastallize|p2a: Armstrong|Steel\n|move|p2a: Armstrong|Drain Punch|p1a: Cresselia\n|-resisted|p1a: Cresselia\n|-damage|p1a: Cresselia|90\/100\n|\n|-heal|p1a: Cresselia|96\/100|[from] item: Leftovers\n|-fieldend|move: Trick Room\n|upkeep\n|turn|6\n|\n|t:|1700393605\n|move|p1a: Cresselia|Calm Mind|p1a: Cresselia\n|-boost|p1a: Cresselia|spa|1\n|-boost|p1a: Cresselia|spd|1\n|move|p2a: Armstrong|Ice Punch|p1a: Cresselia\n|-damage|p1a: Cresselia|82\/100\n|\n|-heal|p1a: Cresselia|88\/100|[from] item: Leftovers\n|upkeep\n|turn|7\n|\n|t:|1700393612\n|move|p1a: Cresselia|Calm Mind|p1a: Cresselia\n|-boost|p1a: Cresselia|spa|1\n|-boost|p1a: Cresselia|spd|1\n|move|p2a: Armstrong|Liquidation|p1a: Cresselia\n|-damage|p1a: Cresselia|70\/100\n|\n|-heal|p1a: Cresselia|76\/100|[from] item: Leftovers\n|upkeep\n|turn|8\n|\n|t:|1700393621\n|move|p1a: Cresselia|Calm Mind|p1a: Cresselia\n|-boost|p1a: Cresselia|spa|1\n|-boost|p1a: Cresselia|spd|1\n|move|p2a: Armstrong|Liquidation|p1a: Cresselia\n|-damage|p1a: Cresselia|60\/100\n|\n|-heal|p1a: Cresselia|66\/100|[from] item: Leftovers\n|upkeep\n|turn|9\n|\n|t:|1700393629\n|move|p1a: Cresselia|Calm Mind|p1a: Cresselia\n|-boost|p1a: Cresselia|spa|1\n|-boost|p1a: Cresselia|spd|1\n|move|p2a: Armstrong|Ice Punch|p1a: Cresselia\n|-damage|p1a: Cresselia|50\/100\n|\n|-heal|p1a: Cresselia|57\/100|[from] item: Leftovers\n|upkeep\n|turn|10\n|\n|t:|1700393642\n|move|p1a: Cresselia|Stored Power|p2a: Armstrong\n|-resisted|p2a: Armstrong\n|-damage|p2a: Armstrong|35\/100\n|move|p2a: Armstrong|Ice Punch|p1a: Cresselia\n|-damage|p1a: Cresselia|41\/100\n|\n|-heal|p1a: Cresselia|47\/100|[from] item: Leftovers\n|upkeep\n|turn|11\n|\n|t:|1700393650\n|move|p1a: Cresselia|Stored Power|p2a: Armstrong\n|-resisted|p2a: Armstrong\n|-damage|p2a: Armstrong|0 fnt\n|faint|p2a: Armstrong\n|\n|-heal|p1a: Cresselia|53\/100|[from] item: Leftovers\n|upkeep\n|\n|t:|1700393657\n|switch|p2a: Excalibur|Aegislash, M|100\/100\n|turn|12\n|\n|t:|1700393663\n|-terastallize|p1a: Cresselia|Poison\n|move|p1a: Cresselia|Moonlight|p1a: Cresselia\n|-heal|p1a: Cresselia|100\/100\n|-formechange|p2a: Excalibur|Aegislash-Blade||[from] ability: Stance Change\n|move|p2a: Excalibur|Shadow Ball|p1a: Cresselia\n|-damage|p1a: Cresselia|92\/100\n|\n|-heal|p1a: Cresselia|98\/100|[from] item: Leftovers\n|upkeep\n|turn|13\n|j| chensheng25800\n|\n|t:|1700393678\n|move|p1a: Cresselia|Stored Power|p2a: Excalibur\n|-resisted|p2a: Excalibur\n|-damage|p2a: Excalibur|0 fnt\n|faint|p2a: Excalibur\n|\n|-heal|p1a: Cresselia|100\/100|[from] item: Leftovers\n|upkeep\n|\n|t:|1700393687\n|switch|p2a: funny looking dog|Cramorant, F|100\/100\n|turn|14\n|\n|t:|1700393691\n|move|p1a: Cresselia|Stored Power|p2a: funny looking dog\n|-damage|p2a: funny looking dog|0 fnt\n|faint|p2a: funny looking dog\n|\n|upkeep\n|c| chensheng25800|\u597d\u73a9\u7684\n|\n|t:|1700393696\n|switch|p2a: Cloudy Dog|Ampharos, M|100\/100\n|turn|15\n|\n|t:|1700393704\n|detailschange|p2a: Cloudy Dog|Ampharos-Mega, M\n|-mega|p2a: Cloudy Dog|Ampharos|Ampharosite\n|-ability|p2a: Cloudy Dog|Mold Breaker\n|move|p1a: Cresselia|Stored Power|p2a: Cloudy Dog\n|-damage|p2a: Cloudy Dog|0 fnt\n|faint|p2a: Cloudy Dog\n|\n|upkeep\n|\n|t:|1700393711\n|switch|p2a: stache bird|Tornadus-Therian, M|100\/100\n|turn|16\n|j| hbgzd\n|\n|t:|1700393716\n|move|p2a: stache bird|Hidden Power|p1a: Cresselia\n|-immune|p1a: Cresselia|[from] ability: Levitate\n|move|p1a: Cresselia|Stored Power|p2a: stache bird\n|-damage|p2a: stache bird|0 fnt\n|faint|p2a: stache bird\n|\n|win|Serena1111\u805a\u6c14\u5384\u9b3c\u692a\n|raw|Serena1111\u805a\u6c14\u5384\u9b3c\u692a's rating: 1082 &rarr; <strong>1103<\/strong><br \/>(+21 for winning)\n|raw|Star8dust's rating: 1000 &rarr; <strong>1000<\/strong><br \/>(+0 for losing)\n|j| Forever1507\n|j| qiananan\n|j| tsukishirohinami\u6708\u767d\n|l|\u2606Star8dust\n|j| xieeee7\n|l| hbgzd\n|j| zxcvbnmmnbvcx\n|l| xieeee7\n|j| mtws1605\n|l| zxcvbnmmnbvcx\n|l|\u2606Serena1111\u805a\u6c14\u5384\u9b3c\u692a\n|j| Art234\n|l| mtws1605\n|j| zxcvbnmmnbvcx\n|j|\u2606Serena1111\u805a\u6c14\u5384\u9b3c\u692a\n|player|p1|Serena1111\u805a\u6c14\u5384\u9b3c\u692a|serena\n|j| OrgLantern\n","uploadtime":1700393726,"views":5,"p1id":"serena1111","p2id":"star8dust","formatid":"gen9nationaldex","rating":1000,"private":0,"password":""}