{"id":"gen9nationaldex-1996170672","p1":"shiyvee","p2":"sceptileinnd","format":"[Gen 9] National Dex","log":"|html|<div class=\"broadcast-blue\"><strong>[Gen 9] National Dex is currently suspecting Sneasler! For information on how to participate check out the <a href=\"https:\/\/www.smogon.com\/forums\/threads\/sv-national-dex-suspect-8-just-dance.3731534\/\">suspect thread<\/a>.<\/strong><\/div>\n|j|\u203dshiyvee\n|j|\u2606sceptileinnd\n|t:|1700654543\n|gametype|singles\n|player|p1|shiyvee|wallace|1466\n|player|p2|sceptileinnd|266|1561\n|teamsize|p1|6\n|teamsize|p2|6\n|gen|9\n|tier|[Gen 9] National Dex\n|rated|\n|rule|HP Percentage Mod: HP is shown in percentages\n|rule|Endless Battle Clause: Forcing endless battles is banned\n|rule|OHKO Clause: OHKO moves are banned\n|rule|Evasion Clause: Evasion abilities, items, and moves are banned\n|rule|Evasion Abilities Clause: Evasion abilities are banned\n|rule|Evasion Items Clause: Evasion items are banned\n|rule|Evasion Moves Clause: Evasion moves are banned\n|rule|Species Clause: Limit one of each Pok\u00e9mon\n|rule|Sleep Clause Mod: Limit one foe put to sleep\n|clearpoke\n|poke|p1|Garchomp, M|\n|poke|p1|Slowbro, M|\n|poke|p1|Moltres|\n|poke|p1|Tyranitar, F|\n|poke|p1|Toxapex, F|\n|poke|p1|Clodsire, F|\n|poke|p2|Mawile, M|\n|poke|p2|Marowak-Alola, M|\n|poke|p2|Hatterene, F|\n|poke|p2|Cresselia, F|\n|poke|p2|Porygon2|\n|poke|p2|Ursaluna, M|\n|teampreview\n|inactive|Battle timer is ON: inactive players will automatically lose when time's up. (requested by shiyvee)\n|\n|t:|1700654556\n|start\n|switch|p1a: Tyranitar|Tyranitar, F|100\/100\n|switch|p2a: Hatterene|Hatterene, F|100\/100\n|-weather|Sandstorm|[from] ability: Sand Stream|[of] p1a: Tyranitar\n|turn|1\n|\n|t:|1700654561\n|move|p1a: Tyranitar|Knock Off|p2a: Hatterene\n|-crit|p2a: Hatterene\n|-enditem|p2a: Hatterene|Focus Sash\n|-damage|p2a: Hatterene|1\/100\n|move|p2a: Hatterene|Trick Room|p2a: Hatterene\n|-fieldstart|move: Trick Room|[of] p2a: Hatterene\n|\n|-weather|Sandstorm|[upkeep]\n|-damage|p2a: Hatterene|0 fnt|[from] Sandstorm\n|faint|p2a: Hatterene\n|upkeep\n|\n|t:|1700654578\n|switch|p2a: Ursaluna|Ursaluna, M|100\/100\n|turn|2\n|\n|t:|1700654583\n|move|p2a: Ursaluna|Facade|p1a: Tyranitar\n|-resisted|p1a: Tyranitar\n|-damage|p1a: Tyranitar|81\/100\n|move|p1a: Tyranitar|Knock Off|p2a: Ursaluna\n|-damage|p2a: Ursaluna|40\/100\n|-enditem|p2a: Ursaluna|Flame Orb|[from] move: Knock Off|[of] p1a: Tyranitar\n|\n|-weather|Sandstorm|[upkeep]\n|upkeep\n|turn|3\n|\n|t:|1700654589\n|move|p2a: Ursaluna|Facade|p1a: Tyranitar\n|-resisted|p1a: Tyranitar\n|-damage|p1a: Tyranitar|62\/100\n|move|p1a: Tyranitar|Knock Off|p2a: Ursaluna\n|-damage|p2a: Ursaluna|2\/100\n|\n|-weather|Sandstorm|[upkeep]\n|upkeep\n|turn|4\n|\n|t:|1700654592\n|move|p2a: Ursaluna|Earthquake|p1a: Tyranitar\n|-supereffective|p1a: Tyranitar\n|-damage|p1a: Tyranitar|0 fnt\n|faint|p1a: Tyranitar\n|\n|-weather|Sandstorm|[upkeep]\n|upkeep\n|\n|t:|1700654602\n|switch|p1a: Slowbro|Slowbro, M|100\/100\n|turn|5\n|\n|t:|1700654607\n|move|p1a: Slowbro|Scald|p2a: Ursaluna\n|-supereffective|p2a: Ursaluna\n|-damage|p2a: Ursaluna|0 fnt\n|faint|p2a: Ursaluna\n|\n|-weather|none\n|-fieldend|move: Trick Room\n|upkeep\n|\n|t:|1700654614\n|switch|p2a: Marowak|Marowak-Alola, M|100\/100\n|turn|6\n|\n|t:|1700654627\n|switch|p1a: Toxapex|Toxapex, F|100\/100\n|-terastallize|p2a: Marowak|Ghost\n|move|p2a: Marowak|Poltergeist|p1a: Toxapex\n|-activate|p1a: Toxapex|move: Poltergeist|Leftovers\n|-damage|p1a: Toxapex|10\/100\n|\n|-heal|p1a: Toxapex|16\/100|[from] item: Leftovers\n|upkeep\n|turn|7\n|\n|t:|1700654637\n|move|p1a: Toxapex|Baneful Bunker|p1a: Toxapex\n|-singleturn|p1a: Toxapex|move: Protect\n|move|p2a: Marowak|Flare Blitz|p1a: Toxapex\n|-activate|p1a: Toxapex|move: Protect\n|-status|p2a: Marowak|psn\n|\n|-heal|p1a: Toxapex|22\/100|[from] item: Leftovers\n|-damage|p2a: Marowak|88\/100 psn|[from] psn\n|upkeep\n|turn|8\n|\n|t:|1700654645\n|move|p2a: Marowak|Poltergeist|p1a: Toxapex\n|-activate|p1a: Toxapex|move: Poltergeist|Leftovers\n|-damage|p1a: Toxapex|0 fnt\n|faint|p1a: Toxapex\n|\n|-damage|p2a: Marowak|76\/100 psn|[from] psn\n|upkeep\n|\n|t:|1700654649\n|switch|p1a: Garchomp|Garchomp, M|100\/100\n|turn|9\n|\n|t:|1700654654\n|detailschange|p1a: Garchomp|Garchomp-Mega, M\n|-mega|p1a: Garchomp|Garchomp|Garchompite\n|move|p1a: Garchomp|Draco Meteor|p2a: Marowak\n|-damage|p2a: Marowak|0 fnt\n|-unboost|p1a: Garchomp|spa|2\n|faint|p2a: Marowak\n|\n|upkeep\n|\n|t:|1700654661\n|switch|p2a: Cresselia|Cresselia, F|100\/100\n|turn|10\n|\n|t:|1700654664\n|switch|p1a: Slowbro|Slowbro, M|100\/100\n|move|p2a: Cresselia|Trick Room|p2a: Cresselia\n|-fieldstart|move: Trick Room|[of] p2a: Cresselia\n|\n|upkeep\n|turn|11\n|\n|t:|1700654672\n|switch|p2a: Mawile|Mawile, M|100\/100\n|-ability|p2a: Mawile|Intimidate|boost\n|-unboost|p1a: Slowbro|atk|1\n|move|p1a: Slowbro|Trick Room|p1a: Slowbro\n|-fieldend|move: Trick Room\n|\n|upkeep\n|turn|12\n|\n|t:|1700654676\n|detailschange|p2a: Mawile|Mawile-Mega, M\n|-mega|p2a: Mawile|Mawile|Mawilite\n|move|p2a: Mawile|Play Rough|p1a: Slowbro\n|-damage|p1a: Slowbro|35\/100\n|-damage|p2a: Mawile|84\/100|[from] item: Rocky Helmet|[of] p1a: Slowbro\n|move|p1a: Slowbro|Teleport|p1a: Slowbro\n|\n|t:|1700654679\n|switch|p1a: Garchomp|Garchomp-Mega, M|100\/100|[from] Teleport\n|\n|upkeep\n|turn|13\n|\n|t:|1700654691\n|move|p1a: Garchomp|Flamethrower|p2a: Mawile\n|-supereffective|p2a: Mawile\n|-damage|p2a: Mawile|2\/100\n|move|p2a: Mawile|Ice Punch|p1a: Garchomp\n|-supereffective|p1a: Garchomp\n|-damage|p1a: Garchomp|0 fnt\n|faint|p1a: Garchomp\n|\n|upkeep\n|\n|t:|1700654696\n|switch|p1a: Clodsire|Clodsire, F|100\/100\n|turn|14\n|\n|t:|1700654702\n|switch|p2a: Porygon2|Porygon2|100\/100\n|-ability|p2a: Porygon2|Unaware|[from] ability: Trace|[of] p1a: Clodsire\n|move|p1a: Clodsire|Stealth Rock|p2a: Porygon2\n|-sidestart|p2: sceptileinnd|move: Stealth Rock\n|\n|upkeep\n|turn|15\n|\n|t:|1700654706\n|switch|p1a: Slowbro|Slowbro, M|68\/100\n|move|p2a: Porygon2|Trick Room|p2a: Porygon2\n|-fieldstart|move: Trick Room|[of] p2a: Porygon2\n|\n|upkeep\n|turn|16\n|\n|t:|1700654710\n|move|p1a: Slowbro|Future Sight|p2a: Porygon2\n|-start|p1a: Slowbro|move: Future Sight\n|move|p2a: Porygon2|Thunderbolt|p1a: Slowbro\n|-supereffective|p1a: Slowbro\n|-damage|p1a: Slowbro|31\/100\n|\n|upkeep\n|turn|17\n|\n|t:|1700654715\n|switch|p1a: Clodsire|Clodsire, F|100\/100\n|move|p2a: Porygon2|Teleport|p2a: Porygon2\n|\n|t:|1700654718\n|switch|p2a: Cresselia|Cresselia, F|100\/100|[from] Teleport\n|-damage|p2a: Cresselia|88\/100|[from] Stealth Rock\n|\n|upkeep\n|turn|18\n|\n|t:|1700654723\n|switch|p1a: Slowbro|Slowbro, M|64\/100\n|move|p2a: Cresselia|Psychic|p1a: Slowbro\n|-resisted|p1a: Slowbro\n|-damage|p1a: Slowbro|55\/100\n|\n|-end|p2a: Cresselia|move: Future Sight\n|-resisted|p2a: Cresselia\n|-damage|p2a: Cresselia|75\/100\n|upkeep\n|turn|19\n|\n|t:|1700654728\n|move|p1a: Slowbro|Scald|p2a: Cresselia\n|-damage|p2a: Cresselia|56\/100\n|-status|p2a: Cresselia|brn\n|move|p2a: Cresselia|Psychic|p1a: Slowbro\n|-resisted|p1a: Slowbro\n|-damage|p1a: Slowbro|44\/100\n|\n|-damage|p2a: Cresselia|50\/100 brn|[from] brn\n|-fieldend|move: Trick Room\n|upkeep\n|turn|20\n|\n|t:|1700654732\n|move|p1a: Slowbro|Future Sight|p2a: Cresselia\n|-start|p1a: Slowbro|move: Future Sight\n|move|p2a: Cresselia|Trick Room|p2a: Cresselia\n|-fieldstart|move: Trick Room|[of] p2a: Cresselia\n|\n|-damage|p2a: Cresselia|44\/100 brn|[from] brn\n|upkeep\n|turn|21\n|\n|t:|1700654736\n|move|p2a: Cresselia|Lunar Dance|p2a: Cresselia\n|faint|p2a: Cresselia\n|move|p1a: Slowbro|Teleport|p1a: Slowbro\n|\n|t:|1700654740\n|switch|p1a: Moltres|Moltres|100\/100|[from] Teleport\n|\n|upkeep\n|\n|t:|1700654744\n|switch|p2a: Mawile|Mawile-Mega, M|2\/100\n|-heal|p2a: Mawile|100\/100|[from] move: Lunar Dance\n|-damage|p2a: Mawile|95\/100|[from] Stealth Rock\n|turn|22\n|\n|t:|1700654751\n|move|p2a: Mawile|Play Rough|p1a: Moltres\n|-resisted|p1a: Moltres\n|-damage|p1a: Moltres|68\/100\n|move|p1a: Moltres|Flamethrower|p2a: Mawile\n|-supereffective|p2a: Mawile\n|-damage|p2a: Mawile|9\/100\n|\n|-end|p2a: Mawile|move: Future Sight\n|-resisted|p2a: Mawile\n|-damage|p2a: Mawile|0 fnt\n|faint|p2a: Mawile\n|upkeep\n|-message|sceptileinnd forfeited.\n|\n|win|shiyvee\n|raw|shiyvee's rating: 1466 &rarr; <strong>1491<\/strong><br \/>(+25 for winning)\n|raw|sceptileinnd's rating: 1561 &rarr; <strong>1536<\/strong><br \/>(-25 for losing)\n|l|\u2606sceptileinnd\n","uploadtime":1700654766,"views":19,"p1id":"shiyvee","p2id":"sceptileinnd","formatid":"gen9nationaldex","rating":1491,"private":0,"password":""}