{"id":"gen9nationaldex-1988984258","p1":"dipplineyvgc","p2":"readingpaper","format":"[Gen 9] National Dex","log":"|j|\u2606dipplineyvgc\n|j|\u2606readingpaper\n|t:|1699798363\n|gametype|singles\n|player|p1|dipplineyvgc|101|1000\n|player|p2|readingpaper|265|1109\n|teamsize|p1|6\n|teamsize|p2|6\n|gen|9\n|tier|[Gen 9] National Dex\n|rated|\n|rule|HP Percentage Mod: HP is shown in percentages\n|rule|Endless Battle Clause: Forcing endless battles is banned\n|rule|OHKO Clause: OHKO moves are banned\n|rule|Evasion Clause: Evasion abilities, items, and moves are banned\n|rule|Evasion Abilities Clause: Evasion abilities are banned\n|rule|Evasion Items Clause: Evasion items are banned\n|rule|Evasion Moves Clause: Evasion moves are banned\n|rule|Species Clause: Limit one of each Pok\u00e9mon\n|rule|Sleep Clause Mod: Limit one foe put to sleep\n|clearpoke\n|poke|p1|Garchomp, M|\n|poke|p1|Great Tusk|\n|poke|p1|Basculegion, M|\n|poke|p1|Dipplin, F|\n|poke|p1|Scizor, M|\n|poke|p1|Skeledirge, M|\n|poke|p2|Gengar, F|\n|poke|p2|Tyranitar, M|\n|poke|p2|Corviknight, M|\n|poke|p2|Basculegion, M|\n|poke|p2|Lopunny, M|\n|poke|p2|Enamorus, F|\n|teampreview\n|inactive|Battle timer is ON: inactive players will automatically lose when time's up. (requested by readingpaper)\n|\n|t:|1699798381\n|start\n|switch|p1a: Scizor|Scizor, M|100\/100\n|switch|p2a: Lopunny|Lopunny, M|100\/100\n|turn|1\n|\n|t:|1699798393\n|detailschange|p2a: Lopunny|Lopunny-Mega, M\n|-mega|p2a: Lopunny|Lopunny|Lopunnite\n|move|p2a: Lopunny|Fake Out|p1a: Scizor\n|-resisted|p1a: Scizor\n|-damage|p1a: Scizor|91\/100\n|cant|p1a: Scizor|flinch\n|\n|upkeep\n|turn|2\n|\n|t:|1699798400\n|move|p2a: Lopunny|U-turn|p1a: Scizor\n|-resisted|p1a: Scizor\n|-damage|p1a: Scizor|77\/100\n|\n|t:|1699798403\n|switch|p2a: Corviknight|Corviknight, M|100\/100|[from] U-turn\n|-ability|p2a: Corviknight|Pressure\n|move|p1a: Scizor|Aerial Ace|p2a: Corviknight\n|-resisted|p2a: Corviknight\n|-damage|p2a: Corviknight|90\/100\n|-damage|p1a: Scizor|61\/100|[from] item: Rocky Helmet|[of] p2a: Corviknight\n|\n|upkeep\n|turn|3\n|\n|t:|1699798415\n|move|p2a: Corviknight|Brave Bird|p1a: Scizor\n|-damage|p1a: Scizor|21\/100\n|-damage|p2a: Corviknight|79\/100|[from] Recoil\n|move|p1a: Scizor|Bug Buzz|p2a: Corviknight\n|-resisted|p2a: Corviknight\n|-damage|p2a: Corviknight|75\/100\n|\n|upkeep\n|turn|4\n|\n|t:|1699798427\n|switch|p1a: Great Tusk|Great Tusk, shiny|100\/100\n|move|p2a: Corviknight|Roost|p2a: Corviknight\n|-heal|p2a: Corviknight|100\/100\n|-singleturn|p2a: Corviknight|move: Roost\n|\n|upkeep\n|turn|5\n|\n|t:|1699798442\n|move|p1a: Great Tusk|Ice Spinner|p2a: Corviknight\n|-damage|p2a: Corviknight|83\/100\n|-damage|p1a: Great Tusk|84\/100|[from] item: Rocky Helmet|[of] p2a: Corviknight\n|move|p2a: Corviknight|Brave Bird|p1a: Great Tusk\n|-supereffective|p1a: Great Tusk\n|-damage|p1a: Great Tusk|33\/100\n|-damage|p2a: Corviknight|67\/100|[from] Recoil\n|\n|upkeep\n|turn|6\n|\n|t:|1699798452\n|move|p1a: Great Tusk|High Horsepower|p2a: Corviknight\n|-immune|p2a: Corviknight\n|move|p2a: Corviknight|Roost|p2a: Corviknight\n|-heal|p2a: Corviknight|100\/100\n|-singleturn|p2a: Corviknight|move: Roost\n|\n|upkeep\n|turn|7\n|\n|t:|1699798469\n|-end|p1a: Great Tusk|Protosynthesis|[silent]\n|switch|p1a: Basculegion|Basculegion, M, shiny|100\/100\n|-ability|p1a: Basculegion|Mold Breaker\n|move|p2a: Corviknight|Brave Bird|p1a: Basculegion\n|-damage|p1a: Basculegion|53\/100\n|-damage|p2a: Corviknight|83\/100|[from] Recoil\n|\n|upkeep\n|turn|8\n|\n|t:|1699798486\n|move|p1a: Basculegion|Ice Beam|p2a: Corviknight\n|-damage|p2a: Corviknight|68\/100\n|-status|p2a: Corviknight|frz\n|cant|p2a: Corviknight|frz\n|\n|upkeep\n|turn|9\n|\n|t:|1699798496\n|switch|p2a: Tyranitar|Tyranitar, M|100\/100\n|-weather|Sandstorm|[from] ability: Sand Stream|[of] p2a: Tyranitar\n|move|p1a: Basculegion|Chilling Water|p2a: Tyranitar\n|-supereffective|p2a: Tyranitar\n|-damage|p2a: Tyranitar|90\/100\n|-unboost|p2a: Tyranitar|atk|1\n|\n|-weather|Sandstorm|[upkeep]\n|-damage|p1a: Basculegion|46\/100|[from] Sandstorm\n|upkeep\n|turn|10\n|\n|t:|1699798509\n|move|p1a: Basculegion|Ice Beam|p2a: Tyranitar\n|-damage|p2a: Tyranitar|84\/100\n|move|p2a: Tyranitar|Knock Off|p1a: Basculegion\n|-supereffective|p1a: Basculegion\n|-damage|p1a: Basculegion|0 fnt\n|faint|p1a: Basculegion\n|\n|-weather|Sandstorm|[upkeep]\n|upkeep\n|\n|t:|1699798516\n|switch|p1a: Dipplin|Dipplin, F|100\/100\n|-ability|p1a: Dipplin|Supersweet Syrup\n|-ability|p1a: Dipplin|Supersweet Syrup|boost\n|-unboost|p2a: Tyranitar|evasion|1\n|turn|11\n|\n|t:|1699798529\n|move|p2a: Tyranitar|Knock Off|p1a: Dipplin\n|-damage|p1a: Dipplin|79\/100\n|-enditem|p1a: Dipplin|Eviolite|[from] move: Knock Off|[of] p2a: Tyranitar\n|move|p1a: Dipplin|Syrup Bomb|p2a: Tyranitar\n|-supereffective|p2a: Tyranitar\n|-damage|p2a: Tyranitar|60\/100\n|-start|p2a: Tyranitar|Syrup Bomb\n|\n|-weather|Sandstorm|[upkeep]\n|-damage|p1a: Dipplin|73\/100|[from] Sandstorm\n|-unboost|p2a: Tyranitar|spe|1\n|upkeep\n|turn|12\n|\n|t:|1699798538\n|switch|p2a: Corviknight|Corviknight, M|68\/100 frz\n|-ability|p2a: Corviknight|Pressure\n|move|p1a: Dipplin|Bug Bite|p2a: Corviknight\n|-resisted|p2a: Corviknight\n|-damage|p2a: Corviknight|67\/100 frz\n|-damage|p1a: Dipplin|57\/100|[from] item: Rocky Helmet|[of] p2a: Corviknight\n|\n|-weather|Sandstorm|[upkeep]\n|-damage|p1a: Dipplin|50\/100|[from] Sandstorm\n|upkeep\n|turn|13\n|\n|t:|1699798553\n|switch|p1a: Skeledirge|Skeledirge, M|100\/100\n|cant|p2a: Corviknight|frz\n|\n|-weather|none\n|upkeep\n|turn|14\n|\n|t:|1699798562\n|switch|p2a: Tyranitar|Tyranitar, M|60\/100\n|-weather|Sandstorm|[from] ability: Sand Stream|[of] p2a: Tyranitar\n|move|p1a: Skeledirge|Torch Song|p2a: Tyranitar\n|-resisted|p2a: Tyranitar\n|-damage|p2a: Tyranitar|52\/100\n|-boost|p1a: Skeledirge|spa|1\n|\n|-weather|Sandstorm|[upkeep]\n|-damage|p1a: Skeledirge|94\/100|[from] Sandstorm\n|upkeep\n|turn|15\n|\n|t:|1699798573\n|switch|p1a: Garchomp|Garchomp, M, shiny|100\/100\n|move|p2a: Tyranitar|Knock Off|p1a: Garchomp\n|-damage|p1a: Garchomp|67\/100\n|-damage|p2a: Tyranitar|40\/100|[from] ability: Rough Skin|[of] p1a: Garchomp\n|\n|-weather|Sandstorm|[upkeep]\n|upkeep\n|turn|16\n|\n|t:|1699798580\n|switch|p2a: Corviknight|Corviknight, M|67\/100 frz\n|-ability|p2a: Corviknight|Pressure\n|move|p1a: Garchomp|Scorching Sands|p2a: Corviknight\n|-immune|p2a: Corviknight\n|\n|-weather|Sandstorm|[upkeep]\n|upkeep\n|turn|17\n|\n|t:|1699798595\n|move|p1a: Garchomp|Poison Jab|p2a: Corviknight\n|-immune|p2a: Corviknight\n|cant|p2a: Corviknight|frz\n|\n|-weather|Sandstorm|[upkeep]\n|upkeep\n|turn|18\n|\n|t:|1699798601\n|switch|p1a: Skeledirge|Skeledirge, M|94\/100\n|cant|p2a: Corviknight|frz\n|\n|-weather|none\n|upkeep\n|turn|19\n|\n|t:|1699798608\n|switch|p2a: Tyranitar|Tyranitar, M|40\/100\n|-weather|Sandstorm|[from] ability: Sand Stream|[of] p2a: Tyranitar\n|move|p1a: Skeledirge|Torch Song|p2a: Tyranitar\n|-resisted|p2a: Tyranitar\n|-damage|p2a: Tyranitar|32\/100\n|-boost|p1a: Skeledirge|spa|1\n|\n|-weather|Sandstorm|[upkeep]\n|-damage|p1a: Skeledirge|88\/100|[from] Sandstorm\n|upkeep\n|turn|20\n|\n|t:|1699798621\n|-activate|p1a: Skeledirge|move: Pursuit\n|move|p2a: Tyranitar|Pursuit|p1a: Skeledirge|[from]Pursuit\n|-supereffective|p1a: Skeledirge\n|-damage|p1a: Skeledirge|5\/100\n|switch|p1a: Great Tusk|Great Tusk, shiny|33\/100\n|\n|-weather|Sandstorm|[upkeep]\n|upkeep\n|turn|21\n|\n|t:|1699798631\n|switch|p2a: Corviknight|Corviknight, M|67\/100 frz\n|-ability|p2a: Corviknight|Pressure\n|move|p1a: Great Tusk|Body Press|p2a: Corviknight\n|-damage|p2a: Corviknight|44\/100 frz\n|-damage|p1a: Great Tusk|17\/100|[from] item: Rocky Helmet|[of] p2a: Corviknight\n|\n|-weather|Sandstorm|[upkeep]\n|upkeep\n|turn|22\n|inactive|dipplineyvgc has 120 seconds left.\n|\n|t:|1699798662\n|-end|p1a: Great Tusk|Protosynthesis|[silent]\n|switch|p1a: Skeledirge|Skeledirge, M|5\/100\n|cant|p2a: Corviknight|frz\n|\n|-weather|Sandstorm|[upkeep]\n|-damage|p1a: Skeledirge|0 fnt|[from] Sandstorm\n|faint|p1a: Skeledirge\n|upkeep\n|inactive|dipplineyvgc has 120 seconds left.\n|\n|t:|1699798671\n|switch|p1a: Garchomp|Garchomp, M, shiny|67\/100\n|turn|23\n|inactive|dipplineyvgc has 120 seconds left.\n|\n|t:|1699798681\n|-zpower|p1a: Garchomp\n|move|p1a: Garchomp|Devastating Drake|p2a: Corviknight|[zeffect]\n|-resisted|p2a: Corviknight\n|-damage|p2a: Corviknight|25\/100 frz\n|cant|p2a: Corviknight|frz\n|\n|-weather|none\n|upkeep\n|turn|24\n|\n|t:|1699798690\n|move|p1a: Garchomp|Poison Jab|p2a: Corviknight\n|-immune|p2a: Corviknight\n|-curestatus|p2a: Corviknight|frz|[msg]\n|move|p2a: Corviknight|Roost|p2a: Corviknight\n|-heal|p2a: Corviknight|75\/100\n|-singleturn|p2a: Corviknight|move: Roost\n|\n|upkeep\n|turn|25\n|\n|t:|1699798700\n|move|p1a: Garchomp|Earthquake|p2a: Corviknight\n|-immune|p2a: Corviknight\n|move|p2a: Corviknight|Roost|p2a: Corviknight\n|-heal|p2a: Corviknight|100\/100\n|-singleturn|p2a: Corviknight|move: Roost\n|\n|upkeep\n|turn|26\n|\n|t:|1699798714\n|switch|p2a: Enamorus|Enamorus, F|100\/100\n|move|p1a: Garchomp|Dragon Pulse|p2a: Enamorus\n|-immune|p2a: Enamorus\n|\n|upkeep\n|turn|27\n|inactive|dipplineyvgc has 120 seconds left.\n|inactive|dipplineyvgc has 90 seconds left.\n|l|\u2606readingpaper\n|inactive|readingpaper disconnected and has a minute to reconnect!\n|player|p2|\n|inactive|dipplineyvgc has 60 seconds left.\n|j|\u2606readingpaper\n|inactive|readingpaper reconnected.\n|player|p2|readingpaper|265\n|inactiveoff|Battle timer is now OFF.\n|\n|t:|1699798833\n|switch|p1a: Scizor|Scizor, M|21\/100\n|move|p2a: Enamorus|Moonblast|p1a: Scizor\n|-resisted|p1a: Scizor\n|-damage|p1a: Scizor|0 fnt\n|faint|p1a: Scizor\n|\n|upkeep\n|\n|t:|1699798842\n|switch|p1a: Garchomp|Garchomp, M, shiny|67\/100\n|turn|28\n|\n|t:|1699798846\n|move|p2a: Enamorus|Moonblast|p1a: Garchomp\n|-supereffective|p1a: Garchomp\n|-crit|p1a: Garchomp\n|-damage|p1a: Garchomp|0 fnt\n|faint|p1a: Garchomp\n|\n|upkeep\n|-message|dipplineyvgc forfeited.\n|\n|win|readingpaper\n|raw|dipplineyvgc's rating: 1000 &rarr; <strong>1000<\/strong><br \/>(+0 for losing)\n|raw|readingpaper's rating: 1109 &rarr; <strong>1126<\/strong><br \/>(+17 for winning)\n|l|\u2606dipplineyvgc\n","uploadtime":1699798857,"views":7,"p1id":"dipplineyvgc","p2id":"readingpaper","formatid":"gen9nationaldex","rating":1000,"private":0,"password":""}