{"id":"gen9nationaldex-1998595332","p1":"vlpraca","p2":"Leohard","format":"[Gen 9] National Dex","log":"|html|<div class=\"broadcast-blue\"><strong>[Gen 9] National Dex is currently suspecting Sneasler! For information on how to participate check out the <a href=\"https:\/\/www.smogon.com\/forums\/threads\/sv-national-dex-suspect-8-just-dance.3731534\/\">suspect thread<\/a>.<\/strong><\/div>\n|j|\u2606vlpraca\n|j|\u2606Leohard\n|t:|1700960770\n|gametype|singles\n|player|p1|vlpraca|102|1386\n|player|p2|Leohard|nate|1476\n|teamsize|p1|6\n|teamsize|p2|6\n|gen|9\n|tier|[Gen 9] National Dex\n|rated|\n|rule|HP Percentage Mod: HP is shown in percentages\n|rule|Endless Battle Clause: Forcing endless battles is banned\n|rule|OHKO Clause: OHKO moves are banned\n|rule|Evasion Clause: Evasion abilities, items, and moves are banned\n|rule|Evasion Abilities Clause: Evasion abilities are banned\n|rule|Evasion Items Clause: Evasion items are banned\n|rule|Evasion Moves Clause: Evasion moves are banned\n|rule|Species Clause: Limit one of each Pok\u00e9mon\n|rule|Sleep Clause Mod: Limit one foe put to sleep\n|clearpoke\n|poke|p1|Togekiss, M|\n|poke|p1|Ferrothorn, M|\n|poke|p1|Slowking, F|\n|poke|p1|Tyranitar, M|\n|poke|p1|Lucario, M|\n|poke|p1|Serperior, F|\n|poke|p2|Sneasler, M|\n|poke|p2|Rillaboom, F|\n|poke|p2|Ursaluna, M|\n|poke|p2|Heatran, F|\n|poke|p2|Zapdos|\n|poke|p2|Empoleon, M|\n|teampreview\n|inactive|Battle timer is ON: inactive players will automatically lose when time's up. (requested by Leohard)\n|inactive|Leohard has 120 seconds left.\n|\n|t:|1700960818\n|start\n|switch|p1a: Slowking|Slowking, F|100\/100\n|switch|p2a: Empoleon|Empoleon, M|100\/100\n|turn|1\n|\n|t:|1700960834\n|move|p2a: Empoleon|Scald|p1a: Slowking\n|-resisted|p1a: Slowking\n|-damage|p1a: Slowking|87\/100\n|move|p1a: Slowking|Scald|p2a: Empoleon\n|-resisted|p2a: Empoleon\n|-damage|p2a: Empoleon|84\/100\n|\n|-heal|p1a: Slowking|93\/100|[from] item: Leftovers\n|upkeep\n|turn|2\n|\n|t:|1700960846\n|move|p2a: Empoleon|Flip Turn|p1a: Slowking\n|-resisted|p1a: Slowking\n|-damage|p1a: Slowking|83\/100\n|\n|t:|1700960849\n|switch|p2a: Zapdos|Zapdos|100\/100|[from] Flip Turn\n|move|p1a: Slowking|Scald|p2a: Zapdos\n|-damage|p2a: Zapdos|60\/100\n|-status|p2a: Zapdos|brn\n|\n|-heal|p1a: Slowking|89\/100|[from] item: Leftovers\n|-damage|p2a: Zapdos|54\/100 brn|[from] brn\n|upkeep\n|turn|3\n|\n|t:|1700960859\n|switch|p1a: Tyranitar|Tyranitar, M|100\/100\n|-weather|Sandstorm|[from] ability: Sand Stream|[of] p1a: Tyranitar\n|move|p2a: Zapdos|Volt Switch|p1a: Tyranitar\n|-damage|p1a: Tyranitar|80\/100\n|\n|t:|1700960868\n|switch|p2a: Rillaboom|Rillaboom, F|100\/100|[from] Volt Switch\n|-fieldstart|move: Grassy Terrain|[from] ability: Grassy Surge|[of] p2a: Rillaboom\n|\n|-weather|Sandstorm|[upkeep]\n|-damage|p2a: Rillaboom|94\/100|[from] Sandstorm\n|-heal|p2a: Rillaboom|100\/100|[from] Grassy Terrain\n|-heal|p1a: Tyranitar|86\/100|[from] Grassy Terrain\n|upkeep\n|turn|4\n|\n|t:|1700960876\n|switch|p1a: Ferrothorn|Ferrothorn, M|100\/100\n|move|p2a: Rillaboom|U-turn|p1a: Ferrothorn\n|-damage|p1a: Ferrothorn|85\/100\n|-damage|p2a: Rillaboom|88\/100|[from] ability: Iron Barbs|[of] p1a: Ferrothorn\n|\n|t:|1700960882\n|switch|p2a: Heatran|Heatran, F|100\/100|[from] U-turn\n|\n|-weather|Sandstorm|[upkeep]\n|-heal|p1a: Ferrothorn|92\/100|[from] Grassy Terrain\n|-heal|p1a: Ferrothorn|98\/100|[from] item: Leftovers\n|upkeep\n|turn|5\n|\n|t:|1700960899\n|switch|p1a: Slowking|Slowking, F|100\/100\n|move|p2a: Heatran|Stealth Rock|p1a: Slowking\n|-sidestart|p1: vlpraca|move: Stealth Rock\n|\n|-weather|Sandstorm|[upkeep]\n|-damage|p1a: Slowking|94\/100|[from] Sandstorm\n|-heal|p1a: Slowking|100\/100|[from] Grassy Terrain\n|upkeep\n|turn|6\n|\n|t:|1700960907\n|switch|p2a: Rillaboom|Rillaboom, F|88\/100\n|move|p1a: Slowking|Scald|p2a: Rillaboom\n|-resisted|p2a: Rillaboom\n|-damage|p2a: Rillaboom|64\/100\n|\n|-weather|Sandstorm|[upkeep]\n|-damage|p2a: Rillaboom|57\/100|[from] Sandstorm\n|-damage|p1a: Slowking|94\/100|[from] Sandstorm\n|-heal|p2a: Rillaboom|64\/100|[from] Grassy Terrain\n|-heal|p1a: Slowking|100\/100|[from] Grassy Terrain\n|upkeep\n|turn|7\n|\n|t:|1700960931\n|switch|p1a: Ferrothorn|Ferrothorn, M|98\/100\n|-damage|p1a: Ferrothorn|92\/100|[from] Stealth Rock\n|move|p2a: Rillaboom|Knock Off|p1a: Ferrothorn\n|-damage|p1a: Ferrothorn|70\/100\n|-damage|p2a: Rillaboom|51\/100|[from] ability: Iron Barbs|[of] p1a: Ferrothorn\n|-enditem|p1a: Ferrothorn|Leftovers|[from] move: Knock Off|[of] p2a: Rillaboom\n|\n|-weather|none\n|-heal|p2a: Rillaboom|57\/100|[from] Grassy Terrain\n|-heal|p1a: Ferrothorn|76\/100|[from] Grassy Terrain\n|-fieldend|move: Grassy Terrain\n|upkeep\n|turn|8\n|\n|t:|1700960944\n|switch|p2a: Heatran|Heatran, F|100\/100\n|move|p1a: Ferrothorn|Thunder Wave|p2a: Heatran\n|-status|p2a: Heatran|par\n|\n|upkeep\n|turn|9\n|\n|t:|1700960951\n|switch|p1a: Slowking|Slowking, F|100\/100\n|-damage|p1a: Slowking|88\/100|[from] Stealth Rock\n|cant|p2a: Heatran|par\n|\n|-heal|p1a: Slowking|94\/100|[from] item: Leftovers\n|upkeep\n|turn|10\n|\n|t:|1700960959\n|switch|p2a: Empoleon|Empoleon, M|84\/100\n|move|p1a: Slowking|Scald|p2a: Empoleon\n|-resisted|p2a: Empoleon\n|-damage|p2a: Empoleon|69\/100\n|\n|-heal|p1a: Slowking|99\/100|[from] item: Leftovers\n|upkeep\n|turn|11\n|\n|t:|1700960973\n|switch|p1a: Ferrothorn|Ferrothorn, M|76\/100\n|-damage|p1a: Ferrothorn|70\/100|[from] Stealth Rock\n|move|p2a: Empoleon|Yawn|p1a: Ferrothorn\n|-start|p1a: Ferrothorn|move: Yawn|[of] p2a: Empoleon\n|\n|upkeep\n|turn|12\n|\n|t:|1700960979\n|switch|p1a: Serperior|Serperior, F|100\/100\n|-damage|p1a: Serperior|88\/100|[from] Stealth Rock\n|move|p2a: Empoleon|Flip Turn|p1a: Serperior\n|-resisted|p1a: Serperior\n|-damage|p1a: Serperior|79\/100\n|\n|t:|1700960987\n|switch|p2a: Sneasler|Sneasler, M|100\/100|[from] Flip Turn\n|\n|-heal|p1a: Serperior|85\/100|[from] item: Leftovers\n|upkeep\n|turn|13\n|\n|t:|1700961002\n|switch|p1a: Ferrothorn|Ferrothorn, M|70\/100\n|-damage|p1a: Ferrothorn|64\/100|[from] Stealth Rock\n|move|p2a: Sneasler|Dire Claw|p1a: Ferrothorn\n|-immune|p1a: Ferrothorn\n|\n|upkeep\n|turn|14\n|\n|t:|1700961010\n|switch|p2a: Heatran|Heatran, F|100\/100 par\n|move|p1a: Ferrothorn|Leech Seed|p2a: Heatran\n|-start|p2a: Heatran|move: Leech Seed\n|\n|-damage|p2a: Heatran|88\/100 par|[from] Leech Seed|[of] p1a: Ferrothorn\n|-heal|p1a: Ferrothorn|77\/100|[silent]\n|upkeep\n|turn|15\n|\n|t:|1700961026\n|switch|p2a: Zapdos|Zapdos|54\/100 brn\n|move|p1a: Ferrothorn|Protect||[still]\n|-fail|p1a: Ferrothorn\n|\n|-damage|p2a: Zapdos|47\/100 brn|[from] brn\n|upkeep\n|turn|16\n|\n|t:|1700961033\n|move|p2a: Zapdos|Roost|p2a: Zapdos\n|-heal|p2a: Zapdos|98\/100 brn\n|-singleturn|p2a: Zapdos|move: Roost\n|move|p1a: Ferrothorn|Leech Seed|p2a: Zapdos\n|-start|p2a: Zapdos|move: Leech Seed\n|\n|-damage|p2a: Zapdos|85\/100 brn|[from] Leech Seed|[of] p1a: Ferrothorn\n|-heal|p1a: Ferrothorn|91\/100|[silent]\n|-damage|p2a: Zapdos|79\/100 brn|[from] brn\n|upkeep\n|turn|17\n|\n|t:|1700961043\n|switch|p1a: Tyranitar|Tyranitar, M|86\/100\n|-damage|p1a: Tyranitar|74\/100|[from] Stealth Rock\n|-weather|Sandstorm|[from] ability: Sand Stream|[of] p1a: Tyranitar\n|move|p2a: Zapdos|Volt Switch|p1a: Tyranitar\n|-damage|p1a: Tyranitar|56\/100\n|\n|t:|1700961050\n|switch|p2a: Rillaboom|Rillaboom, F|57\/100|[from] Volt Switch\n|-fieldstart|move: Grassy Terrain|[from] ability: Grassy Surge|[of] p2a: Rillaboom\n|\n|-weather|Sandstorm|[upkeep]\n|-damage|p2a: Rillaboom|51\/100|[from] Sandstorm\n|-heal|p2a: Rillaboom|57\/100|[from] Grassy Terrain\n|-heal|p1a: Tyranitar|62\/100|[from] Grassy Terrain\n|upkeep\n|turn|18\n|\n|t:|1700961063\n|switch|p1a: Ferrothorn|Ferrothorn, M|91\/100\n|-damage|p1a: Ferrothorn|84\/100|[from] Stealth Rock\n|move|p2a: Rillaboom|U-turn|p1a: Ferrothorn\n|-damage|p1a: Ferrothorn|69\/100\n|-damage|p2a: Rillaboom|45\/100|[from] ability: Iron Barbs|[of] p1a: Ferrothorn\n|\n|t:|1700961071\n|switch|p2a: Ursaluna|Ursaluna, M|100\/100|[from] U-turn\n|\n|-weather|Sandstorm|[upkeep]\n|-heal|p1a: Ferrothorn|75\/100|[from] Grassy Terrain\n|-status|p2a: Ursaluna|brn|[from] item: Flame Orb\n|upkeep\n|turn|19\n|\n|t:|1700961077\n|move|p2a: Ursaluna|Fire Punch|p1a: Ferrothorn\n|-supereffective|p1a: Ferrothorn\n|-damage|p1a: Ferrothorn|0 fnt\n|-damage|p2a: Ursaluna|88\/100 brn|[from] ability: Iron Barbs|[of] p1a: Ferrothorn\n|faint|p1a: Ferrothorn\n|\n|-weather|Sandstorm|[upkeep]\n|-heal|p2a: Ursaluna|94\/100 brn|[from] Grassy Terrain\n|-damage|p2a: Ursaluna|88\/100 brn|[from] brn\n|upkeep\n|\n|t:|1700961081\n|switch|p1a: Serperior|Serperior, F|85\/100\n|-damage|p1a: Serperior|73\/100|[from] Stealth Rock\n|turn|20\n|\n|t:|1700961100\n|switch|p2a: Sneasler|Sneasler, M|100\/100\n|-enditem|p2a: Sneasler|Grassy Seed\n|-boost|p2a: Sneasler|def|1|[from] item: Grassy Seed\n|move|p1a: Serperior|Leaf Storm|p2a: Sneasler\n|-resisted|p2a: Sneasler\n|-damage|p2a: Sneasler|72\/100\n|-boost|p1a: Serperior|spa|2\n|\n|-weather|Sandstorm|[upkeep]\n|-damage|p2a: Sneasler|66\/100|[from] Sandstorm\n|-damage|p1a: Serperior|67\/100|[from] Sandstorm\n|-heal|p2a: Sneasler|72\/100|[from] Grassy Terrain\n|-heal|p1a: Serperior|73\/100|[from] Grassy Terrain\n|-heal|p1a: Serperior|79\/100|[from] item: Leftovers\n|upkeep\n|turn|21\n|\n|t:|1700961114\n|switch|p1a: Slowking|Slowking, F|100\/100\n|-damage|p1a: Slowking|88\/100|[from] Stealth Rock\n|-terastallize|p2a: Sneasler|Flying\n|move|p2a: Sneasler|Acrobatics|p1a: Slowking\n|-damage|p1a: Slowking|30\/100\n|\n|-weather|none\n|-heal|p1a: Slowking|36\/100|[from] Grassy Terrain\n|-heal|p1a: Slowking|42\/100|[from] item: Leftovers\n|-fieldend|move: Grassy Terrain\n|upkeep\n|turn|22\n|\n|t:|1700961124\n|move|p2a: Sneasler|Acrobatics|p1a: Slowking\n|-damage|p1a: Slowking|0 fnt\n|faint|p1a: Slowking\n|\n|upkeep\n|\n|t:|1700961127\n|switch|p1a: Tyranitar|Tyranitar, M|62\/100\n|-damage|p1a: Tyranitar|50\/100|[from] Stealth Rock\n|-weather|Sandstorm|[from] ability: Sand Stream|[of] p1a: Tyranitar\n|turn|23\n|\n|t:|1700961133\n|detailschange|p1a: Tyranitar|Tyranitar-Mega, M\n|-mega|p1a: Tyranitar|Tyranitar|Tyranitarite\n|move|p2a: Sneasler|Close Combat|p1a: Tyranitar\n|-supereffective|p1a: Tyranitar\n|-damage|p1a: Tyranitar|0 fnt\n|-unboost|p2a: Sneasler|def|1\n|-unboost|p2a: Sneasler|spd|1\n|faint|p1a: Tyranitar\n|\n|-weather|Sandstorm|[upkeep]\n|-damage|p2a: Sneasler|66\/100|[from] Sandstorm\n|upkeep\n|\n|t:|1700961135\n|switch|p1a: Lucario|Lucario, M|100\/100\n|-damage|p1a: Lucario|98\/100|[from] Stealth Rock\n|turn|24\n|\n|t:|1700961144\n|move|p1a: Lucario|Extreme Speed|p2a: Sneasler\n|-damage|p2a: Sneasler|5\/100\n|-damage|p1a: Lucario|88\/100|[from] item: Life Orb\n|move|p2a: Sneasler|Close Combat|p1a: Lucario\n|-supereffective|p1a: Lucario\n|-damage|p1a: Lucario|0 fnt\n|-unboost|p2a: Sneasler|def|1\n|-unboost|p2a: Sneasler|spd|1\n|faint|p1a: Lucario\n|\n|-weather|Sandstorm|[upkeep]\n|-damage|p2a: Sneasler|0 fnt|[from] Sandstorm\n|faint|p2a: Sneasler\n|upkeep\n|\n|t:|1700961157\n|switch|p2a: Heatran|Heatran, F|88\/100 par\n|switch|p1a: Togekiss|Togekiss, M|100\/100\n|-damage|p1a: Togekiss|76\/100|[from] Stealth Rock\n|turn|25\n|\n|t:|1700961163\n|move|p1a: Togekiss|Air Slash|p2a: Heatran\n|-resisted|p2a: Heatran\n|-damage|p2a: Heatran|71\/100 par\n|move|p2a: Heatran|Magma Storm|p1a: Togekiss\n|-damage|p1a: Togekiss|33\/100\n|-activate|p1a: Togekiss|move: Magma Storm|[of] p2a: Heatran\n|\n|-weather|Sandstorm|[upkeep]\n|-damage|p1a: Togekiss|27\/100|[from] Sandstorm\n|-heal|p1a: Togekiss|33\/100|[from] item: Leftovers\n|-heal|p2a: Heatran|77\/100 par|[from] item: Leftovers\n|-damage|p1a: Togekiss|21\/100|[from] move: Magma Storm|[partiallytrapped]\n|upkeep\n|turn|26\n|\n|t:|1700961176\n|switch|p2a: Empoleon|Empoleon, M|69\/100\n|move|p1a: Togekiss|Air Slash|p2a: Empoleon\n|-resisted|p2a: Empoleon\n|-damage|p2a: Empoleon|52\/100\n|\n|-weather|Sandstorm|[upkeep]\n|-damage|p1a: Togekiss|14\/100|[from] Sandstorm\n|-heal|p1a: Togekiss|21\/100|[from] item: Leftovers\n|-end|p1a: Togekiss|Magma Storm|[partiallytrapped]|[silent]\n|upkeep\n|turn|27\n|\n|t:|1700961184\n|move|p1a: Togekiss|Air Slash|p2a: Empoleon\n|-resisted|p2a: Empoleon\n|-damage|p2a: Empoleon|34\/100\n|cant|p2a: Empoleon|flinch\n|\n|-weather|none\n|-heal|p1a: Togekiss|27\/100|[from] item: Leftovers\n|upkeep\n|turn|28\n|\n|t:|1700961190\n|move|p1a: Togekiss|Air Slash|p2a: Empoleon\n|-resisted|p2a: Empoleon\n|-damage|p2a: Empoleon|18\/100\n|cant|p2a: Empoleon|flinch\n|\n|-heal|p1a: Togekiss|33\/100|[from] item: Leftovers\n|upkeep\n|turn|29\n|\n|t:|1700961196\n|move|p1a: Togekiss|Air Slash|p2a: Empoleon\n|-resisted|p2a: Empoleon\n|-damage|p2a: Empoleon|1\/100\n|cant|p2a: Empoleon|flinch\n|\n|-heal|p1a: Togekiss|39\/100|[from] item: Leftovers\n|upkeep\n|turn|30\n|\n|t:|1700961203\n|move|p1a: Togekiss|Dazzling Gleam|p2a: Empoleon\n|-resisted|p2a: Empoleon\n|-damage|p2a: Empoleon|0 fnt\n|faint|p2a: Empoleon\n|\n|-heal|p1a: Togekiss|45\/100|[from] item: Leftovers\n|upkeep\n|\n|t:|1700961209\n|switch|p2a: Zapdos|Zapdos|79\/100 brn\n|turn|31\n|\n|t:|1700961216\n|move|p2a: Zapdos|Volt Switch|p1a: Togekiss\n|-supereffective|p1a: Togekiss\n|-damage|p1a: Togekiss|0 fnt\n|faint|p1a: Togekiss\n|\n|t:|1700961223\n|switch|p2a: Rillaboom|Rillaboom, F|45\/100|[from] Volt Switch\n|-fieldstart|move: Grassy Terrain|[from] ability: Grassy Surge|[of] p2a: Rillaboom\n|\n|-heal|p2a: Rillaboom|51\/100|[from] Grassy Terrain\n|upkeep\n|\n|t:|1700961227\n|switch|p1a: Serperior|Serperior, F|79\/100\n|-damage|p1a: Serperior|67\/100|[from] Stealth Rock\n|turn|32\n|\n|t:|1700961231\n|move|p1a: Serperior|Leaf Storm|p2a: Rillaboom\n|-resisted|p2a: Rillaboom\n|-damage|p2a: Rillaboom|18\/100\n|-boost|p1a: Serperior|spa|2\n|move|p2a: Rillaboom|U-turn|p1a: Serperior\n|-supereffective|p1a: Serperior\n|-damage|p1a: Serperior|17\/100\n|\n|t:|1700961237\n|switch|p2a: Heatran|Heatran, F|77\/100 par|[from] U-turn\n|\n|-heal|p1a: Serperior|23\/100|[from] Grassy Terrain\n|-heal|p1a: Serperior|29\/100|[from] item: Leftovers\n|-heal|p2a: Heatran|83\/100 par|[from] Grassy Terrain\n|-heal|p2a: Heatran|90\/100 par|[from] item: Leftovers\n|upkeep\n|turn|33\n|\n|t:|1700961245\n|move|p1a: Serperior|Substitute|p1a: Serperior\n|-start|p1a: Serperior|Substitute\n|-damage|p1a: Serperior|4\/100\n|move|p2a: Heatran|Magma Storm|p1a: Serperior\n|-supereffective|p1a: Serperior\n|-end|p1a: Serperior|Substitute\n|\n|-heal|p1a: Serperior|11\/100|[from] Grassy Terrain\n|-heal|p1a: Serperior|17\/100|[from] item: Leftovers\n|-heal|p2a: Heatran|96\/100 par|[from] Grassy Terrain\n|-heal|p2a: Heatran|100\/100 par|[from] item: Leftovers\n|upkeep\n|turn|34\n|\n|t:|1700961255\n|move|p1a: Serperior|Leech Seed|p2a: Heatran\n|-start|p2a: Heatran|move: Leech Seed\n|cant|p2a: Heatran|par\n|\n|-heal|p1a: Serperior|23\/100|[from] Grassy Terrain\n|-heal|p1a: Serperior|29\/100|[from] item: Leftovers\n|-damage|p2a: Heatran|88\/100 par|[from] Leech Seed|[of] p1a: Serperior\n|-heal|p1a: Serperior|43\/100|[silent]\n|upkeep\n|turn|35\n|\n|t:|1700961265\n|move|p1a: Serperior|Substitute|p1a: Serperior\n|-start|p1a: Serperior|Substitute\n|-damage|p1a: Serperior|18\/100\n|cant|p2a: Heatran|par\n|\n|-heal|p1a: Serperior|24\/100|[from] Grassy Terrain\n|-heal|p1a: Serperior|30\/100|[from] item: Leftovers\n|-heal|p2a: Heatran|94\/100 par|[from] Grassy Terrain\n|-heal|p2a: Heatran|100\/100 par|[from] item: Leftovers\n|-damage|p2a: Heatran|88\/100 par|[from] Leech Seed|[of] p1a: Serperior\n|-heal|p1a: Serperior|44\/100|[silent]\n|-fieldend|move: Grassy Terrain\n|upkeep\n|turn|36\n|\n|t:|1700961279\n|move|p1a: Serperior|Leaf Storm|p2a: Heatran\n|-resisted|p2a: Heatran\n|-damage|p2a: Heatran|74\/100 par\n|-boost|p1a: Serperior|spa|2\n|move|p2a: Heatran|Magma Storm|p1a: Serperior\n|-supereffective|p1a: Serperior\n|-end|p1a: Serperior|Substitute\n|\n|-heal|p1a: Serperior|50\/100|[from] item: Leftovers\n|-heal|p2a: Heatran|80\/100 par|[from] item: Leftovers\n|-damage|p2a: Heatran|68\/100 par|[from] Leech Seed|[of] p1a: Serperior\n|-heal|p1a: Serperior|64\/100|[silent]\n|upkeep\n|turn|37\n|\n|t:|1700961290\n|switch|p2a: Rillaboom|Rillaboom, F|18\/100\n|-fieldstart|move: Grassy Terrain|[from] ability: Grassy Surge|[of] p2a: Rillaboom\n|move|p1a: Serperior|Substitute|p1a: Serperior\n|-start|p1a: Serperior|Substitute\n|-damage|p1a: Serperior|39\/100\n|\n|-heal|p1a: Serperior|45\/100|[from] Grassy Terrain\n|-heal|p1a: Serperior|51\/100|[from] item: Leftovers\n|-heal|p2a: Rillaboom|24\/100|[from] Grassy Terrain\n|upkeep\n|turn|38\n|\n|t:|1700961300\n|move|p1a: Serperior|Leaf Storm|p2a: Rillaboom\n|-resisted|p2a: Rillaboom\n|-damage|p2a: Rillaboom|0 fnt\n|-boost|p1a: Serperior|spa|2\n|faint|p2a: Rillaboom\n|\n|-heal|p1a: Serperior|58\/100|[from] Grassy Terrain\n|-heal|p1a: Serperior|64\/100|[from] item: Leftovers\n|upkeep\n|\n|t:|1700961308\n|switch|p2a: Heatran|Heatran, F|68\/100 par\n|turn|39\n|\n|t:|1700961315\n|move|p1a: Serperior|Leech Seed|p2a: Heatran\n|-start|p2a: Heatran|move: Leech Seed\n|cant|p2a: Heatran|par\n|\n|-heal|p1a: Serperior|70\/100|[from] Grassy Terrain\n|-heal|p1a: Serperior|76\/100|[from] item: Leftovers\n|-heal|p2a: Heatran|74\/100 par|[from] Grassy Terrain\n|-heal|p2a: Heatran|80\/100 par|[from] item: Leftovers\n|-damage|p2a: Heatran|68\/100 par|[from] Leech Seed|[of] p1a: Serperior\n|-heal|p1a: Serperior|90\/100|[silent]\n|upkeep\n|turn|40\n|\n|t:|1700961325\n|switch|p2a: Zapdos|Zapdos|79\/100 brn\n|move|p1a: Serperior|Hidden Power|p2a: Zapdos\n|-supereffective|p2a: Zapdos\n|-damage|p2a: Zapdos|0 fnt\n|faint|p2a: Zapdos\n|\n|-heal|p1a: Serperior|96\/100|[from] Grassy Terrain\n|-heal|p1a: Serperior|100\/100|[from] item: Leftovers\n|upkeep\n|\n|t:|1700961334\n|switch|p2a: Heatran|Heatran, F|68\/100 par\n|turn|41\n|\n|t:|1700961338\n|move|p1a: Serperior|Leech Seed|p2a: Heatran\n|-start|p2a: Heatran|move: Leech Seed\n|cant|p2a: Heatran|par\n|\n|-heal|p2a: Heatran|74\/100 par|[from] Grassy Terrain\n|-heal|p2a: Heatran|80\/100 par|[from] item: Leftovers\n|-damage|p2a: Heatran|68\/100 par|[from] Leech Seed|[of] p1a: Serperior\n|-fieldend|move: Grassy Terrain\n|upkeep\n|turn|42\n|\n|t:|1700961346\n|move|p1a: Serperior|Hidden Power|p2a: Heatran\n|-damage|p2a: Heatran|31\/100 par\n|move|p2a: Heatran|Magma Storm|p1a: Serperior\n|-supereffective|p1a: Serperior\n|-end|p1a: Serperior|Substitute\n|\n|-heal|p2a: Heatran|37\/100 par|[from] item: Leftovers\n|-damage|p2a: Heatran|24\/100 par|[from] Leech Seed|[of] p1a: Serperior\n|upkeep\n|turn|43\n|\n|t:|1700961355\n|move|p1a: Serperior|Substitute|p1a: Serperior\n|-start|p1a: Serperior|Substitute\n|-damage|p1a: Serperior|76\/100\n|move|p2a: Heatran|Magma Storm|p1a: Serperior|[miss]\n|-miss|p2a: Heatran|p1a: Serperior\n|\n|-heal|p1a: Serperior|82\/100|[from] item: Leftovers\n|-heal|p2a: Heatran|31\/100 par|[from] item: Leftovers\n|-damage|p2a: Heatran|18\/100 par|[from] Leech Seed|[of] p1a: Serperior\n|-heal|p1a: Serperior|95\/100|[silent]\n|upkeep\n|turn|44\n|-message|Leohard forfeited.\n|\n|win|vlpraca\n|raw|vlpraca's rating: 1369 &rarr; <strong>1395<\/strong><br \/>(+26 for winning)\n|raw|Leohard's rating: 1476 &rarr; <strong>1450<\/strong><br \/>(-26 for losing)\n|l|\u2606Leohard\n|l|\u2606vlpraca\n|j|\u2606vlpraca\n|player|p1|vlpraca|102\n|l|\u2606vlpraca\n|player|p1|\n|j|\u2606vlpraca\n|player|p1|vlpraca|102\n","uploadtime":1700962053,"views":3,"p1id":"vlpraca","p2id":"leohard","formatid":"gen9nationaldex","rating":1395,"private":0,"password":""}