{"id":"gen9nationaldex-1991255070","p1":"Drascore666","p2":"0d000721","format":"[Gen 9] National Dex","log":"|j|\u2606Drascore666\n|j|\u26060d000721\n|t:|1700061689\n|gametype|singles\n|player|p1|Drascore666|steven|1531\n|player|p2|0d000721|birdkeeper-gen4dp|1503\n|teamsize|p1|6\n|teamsize|p2|6\n|gen|9\n|tier|[Gen 9] National Dex\n|rated|\n|rule|HP Percentage Mod: HP is shown in percentages\n|rule|Endless Battle Clause: Forcing endless battles is banned\n|rule|OHKO Clause: OHKO moves are banned\n|rule|Evasion Clause: Evasion abilities, items, and moves are banned\n|rule|Evasion Abilities Clause: Evasion abilities are banned\n|rule|Evasion Items Clause: Evasion items are banned\n|rule|Evasion Moves Clause: Evasion moves are banned\n|rule|Species Clause: Limit one of each Pok\u00e9mon\n|rule|Sleep Clause Mod: Limit one foe put to sleep\n|clearpoke\n|poke|p1|Lopunny, F|\n|poke|p1|Tapu Koko|\n|poke|p1|Landorus-Therian, M|\n|poke|p1|Moltres|\n|poke|p1|Heatran, M|\n|poke|p1|Kyurem|\n|poke|p2|Lopunny, M|\n|poke|p2|Mew|\n|poke|p2|Landorus-Therian, M|\n|poke|p2|Rillaboom, F|\n|poke|p2|Empoleon, M|\n|poke|p2|Volcarona, F|\n|teampreview\n|inactive|Battle timer is ON: inactive players will automatically lose when time's up. (requested by Drascore666)\n|\n|t:|1700061715\n|start\n|switch|p1a: Landorus|Landorus-Therian, M|100\/100\n|switch|p2a: Landorus|Landorus-Therian, M|100\/100\n|-ability|p2a: Landorus|Intimidate|boost\n|-unboost|p1a: Landorus|atk|1\n|-ability|p1a: Landorus|Intimidate|boost\n|-unboost|p2a: Landorus|atk|1\n|turn|1\n|\n|t:|1700061724\n|move|p1a: Landorus|Knock Off|p2a: Landorus\n|-damage|p2a: Landorus|86\/100\n|-damage|p1a: Landorus|84\/100|[from] item: Rocky Helmet|[of] p2a: Landorus\n|-enditem|p2a: Landorus|Rocky Helmet|[from] move: Knock Off|[of] p1a: Landorus\n|move|p2a: Landorus|Toxic|p1a: Landorus\n|-status|p1a: Landorus|tox\n|\n|-heal|p1a: Landorus|90\/100 tox|[from] item: Leftovers\n|-damage|p1a: Landorus|84\/100 tox|[from] psn\n|upkeep\n|turn|2\n|\n|t:|1700061734\n|move|p1a: Landorus|U-turn|p2a: Landorus\n|-resisted|p2a: Landorus\n|-damage|p2a: Landorus|81\/100\n|\n|t:|1700061743\n|switch|p1a: Moltres|Moltres|100\/100|[from] U-turn\n|move|p2a: Landorus|Stealth Rock|p1a: Moltres\n|-sidestart|p1: Drascore666|move: Stealth Rock\n|\n|upkeep\n|turn|3\n|\n|t:|1700061751\n|move|p2a: Landorus|Toxic|p1a: Moltres\n|-status|p1a: Moltres|tox\n|move|p1a: Moltres|Fire Blast|p2a: Landorus\n|-damage|p2a: Landorus|13\/100\n|\n|-damage|p1a: Moltres|94\/100 tox|[from] psn\n|upkeep\n|turn|4\n|\n|t:|1700061759\n|switch|p2a: Empoleon|Empoleon, M|100\/100\n|move|p1a: Moltres|U-turn|p2a: Empoleon\n|-resisted|p2a: Empoleon\n|-damage|p2a: Empoleon|93\/100\n|\n|t:|1700061764\n|switch|p1a: Tapu Koko|Tapu Koko|100\/100|[from] U-turn\n|-damage|p1a: Tapu Koko|88\/100|[from] Stealth Rock\n|-fieldstart|move: Electric Terrain|[from] ability: Electric Surge|[of] p1a: Tapu Koko\n|\n|-heal|p2a: Empoleon|99\/100|[from] item: Leftovers\n|upkeep\n|turn|5\n|\n|t:|1700061789\n|move|p1a: Tapu Koko|U-turn|p2a: Empoleon\n|-resisted|p2a: Empoleon\n|-damage|p2a: Empoleon|91\/100\n|\n|t:|1700061799\n|switch|p1a: Heatran|Heatran, M|100\/100|[from] U-turn\n|-damage|p1a: Heatran|88\/100|[from] Stealth Rock\n|move|p2a: Empoleon|Roost|p2a: Empoleon\n|-heal|p2a: Empoleon|100\/100\n|-singleturn|p2a: Empoleon|move: Roost\n|\n|-heal|p1a: Heatran|94\/100|[from] item: Leftovers\n|upkeep\n|turn|6\n|\n|t:|1700061809\n|move|p1a: Heatran|Stealth Rock|p2a: Empoleon\n|-sidestart|p2: 0d000721|move: Stealth Rock\n|move|p2a: Empoleon|Flip Turn|p1a: Heatran\n|-supereffective|p1a: Heatran\n|-damage|p1a: Heatran|64\/100\n|\n|t:|1700061819\n|switch|p2a: Lopunny|Lopunny, M|100\/100|[from] Flip Turn\n|-damage|p2a: Lopunny|88\/100|[from] Stealth Rock\n|\n|-heal|p1a: Heatran|70\/100|[from] item: Leftovers\n|upkeep\n|turn|7\n|\n|t:|1700061830\n|switch|p1a: Moltres|Moltres|94\/100 tox\n|detailschange|p2a: Lopunny|Lopunny-Mega, M\n|-mega|p2a: Lopunny|Lopunny|Lopunnite\n|move|p2a: Lopunny|Close Combat|p1a: Moltres\n|-resisted|p1a: Moltres\n|-damage|p1a: Moltres|63\/100 tox\n|-unboost|p2a: Lopunny|def|1\n|-unboost|p2a: Lopunny|spd|1\n|\n|-damage|p1a: Moltres|57\/100 tox|[from] psn\n|upkeep\n|turn|8\n|\n|t:|1700061841\n|switch|p2a: Empoleon|Empoleon, M|100\/100\n|-damage|p2a: Empoleon|94\/100|[from] Stealth Rock\n|move|p1a: Moltres|Roost|p1a: Moltres\n|-heal|p1a: Moltres|100\/100 tox\n|-singleturn|p1a: Moltres|move: Roost\n|\n|-heal|p2a: Empoleon|100\/100|[from] item: Leftovers\n|-damage|p1a: Moltres|88\/100 tox|[from] psn\n|-fieldend|move: Electric Terrain\n|upkeep\n|turn|9\n|\n|t:|1700061852\n|move|p1a: Moltres|U-turn|p2a: Empoleon\n|-resisted|p2a: Empoleon\n|-damage|p2a: Empoleon|94\/100\n|\n|t:|1700061858\n|switch|p1a: Le Bg|Kyurem|100\/100|[from] U-turn\n|-damage|p1a: Le Bg|76\/100|[from] Stealth Rock\n|-ability|p1a: Le Bg|Pressure\n|move|p2a: Empoleon|Knock Off|p1a: Le Bg\n|-damage|p1a: Le Bg|64\/100\n|-enditem|p1a: Le Bg|Leftovers|[from] move: Knock Off|[of] p2a: Empoleon\n|\n|-heal|p2a: Empoleon|99\/100|[from] item: Leftovers\n|upkeep\n|turn|10\n|\n|t:|1700061872\n|move|p1a: Le Bg|Dragon Dance|p1a: Le Bg\n|-boost|p1a: Le Bg|atk|1\n|-boost|p1a: Le Bg|spe|1\n|move|p2a: Empoleon|Flip Turn|p1a: Le Bg\n|-resisted|p1a: Le Bg\n|-damage|p1a: Le Bg|58\/100\n|\n|t:|1700061879\n|switch|p2a: Lopunny|Lopunny-Mega, M|88\/100|[from] Flip Turn\n|-damage|p2a: Lopunny|82\/100|[from] Stealth Rock\n|\n|upkeep\n|turn|11\n|\n|t:|1700061885\n|-terastallize|p1a: Le Bg|Water\n|move|p2a: Lopunny|Fake Out|p1a: Le Bg\n|-damage|p1a: Le Bg|45\/100\n|cant|p1a: Le Bg|flinch\n|\n|upkeep\n|turn|12\n|\n|t:|1700061897\n|switch|p2a: Landorus|Landorus-Therian, M|13\/100\n|-damage|p2a: Landorus|0 fnt|[from] Stealth Rock\n|faint|p2a: Landorus\n|move|p1a: Le Bg|Dragon Dance|p1a: Le Bg\n|-boost|p1a: Le Bg|atk|1\n|-boost|p1a: Le Bg|spe|1\n|\n|upkeep\n|\n|t:|1700061899\n|switch|p2a: Rillaboom|Rillaboom, F|100\/100\n|-damage|p2a: Rillaboom|88\/100|[from] Stealth Rock\n|-fieldstart|move: Grassy Terrain|[from] ability: Grassy Surge|[of] p2a: Rillaboom\n|turn|13\n|\n|t:|1700061910\n|move|p2a: Rillaboom|Grassy Glide|p1a: Le Bg\n|-supereffective|p1a: Le Bg\n|-damage|p1a: Le Bg|0 fnt\n|faint|p1a: Le Bg\n|\n|-heal|p2a: Rillaboom|94\/100|[from] Grassy Terrain\n|-heal|p2a: Rillaboom|99\/100|[from] item: Leftovers\n|upkeep\n|\n|t:|1700061919\n|switch|p1a: Heatran|Heatran, M|70\/100\n|-damage|p1a: Heatran|58\/100|[from] Stealth Rock\n|turn|14\n|\n|t:|1700061934\n|switch|p2a: Empoleon|Empoleon, M|99\/100\n|-damage|p2a: Empoleon|94\/100|[from] Stealth Rock\n|move|p1a: Heatran|Magma Storm|p2a: Empoleon|[miss]\n|-miss|p1a: Heatran|p2a: Empoleon\n|\n|-heal|p1a: Heatran|64\/100|[from] Grassy Terrain\n|-heal|p1a: Heatran|70\/100|[from] item: Leftovers\n|-heal|p2a: Empoleon|99\/100|[from] Grassy Terrain\n|-heal|p2a: Empoleon|100\/100|[from] item: Leftovers\n|upkeep\n|turn|15\n|\n|t:|1700061947\n|move|p1a: Heatran|Magma Storm|p2a: Empoleon|[miss]\n|-miss|p1a: Heatran|p2a: Empoleon\n|move|p2a: Empoleon|Knock Off|p1a: Heatran\n|-damage|p1a: Heatran|54\/100\n|-enditem|p1a: Heatran|Leftovers|[from] move: Knock Off|[of] p2a: Empoleon\n|\n|-heal|p1a: Heatran|60\/100|[from] Grassy Terrain\n|upkeep\n|turn|16\n|\n|t:|1700061955\n|move|p1a: Heatran|Magma Storm|p2a: Empoleon\n|-damage|p2a: Empoleon|73\/100\n|-activate|p2a: Empoleon|move: Magma Storm|[of] p1a: Heatran\n|move|p2a: Empoleon|Flip Turn|p1a: Heatran\n|-supereffective|p1a: Heatran\n|-damage|p1a: Heatran|27\/100\n|\n|t:|1700061964\n|switch|p2a: Lopunny|Lopunny-Mega, M|82\/100|[from] Flip Turn\n|-damage|p2a: Lopunny|77\/100|[from] Stealth Rock\n|\n|-heal|p2a: Lopunny|82\/100|[from] Grassy Terrain\n|-heal|p1a: Heatran|33\/100|[from] Grassy Terrain\n|upkeep\n|turn|17\n|\n|t:|1700061976\n|switch|p1a: Moltres|Moltres|88\/100 tox\n|move|p2a: Lopunny|Close Combat|p1a: Moltres\n|-resisted|p1a: Moltres\n|-damage|p1a: Moltres|56\/100 tox\n|-unboost|p2a: Lopunny|def|1\n|-unboost|p2a: Lopunny|spd|1\n|-status|p2a: Lopunny|brn|[from] ability: Flame Body|[of] p1a: Moltres\n|\n|-heal|p2a: Lopunny|88\/100 brn|[from] Grassy Terrain\n|-damage|p1a: Moltres|50\/100 tox|[from] psn\n|-damage|p2a: Lopunny|82\/100 brn|[from] brn\n|-fieldend|move: Grassy Terrain\n|upkeep\n|turn|18\n|\n|t:|1700061989\n|move|p2a: Lopunny|U-turn|p1a: Moltres\n|-resisted|p1a: Moltres\n|-damage|p1a: Moltres|47\/100 tox\n|\n|t:|1700062001\n|switch|p2a: Mew|Mew|100\/100|[from] U-turn\n|-damage|p2a: Mew|88\/100|[from] Stealth Rock\n|move|p1a: Moltres|Roost|p1a: Moltres\n|-heal|p1a: Moltres|97\/100 tox\n|-singleturn|p1a: Moltres|move: Roost\n|\n|-damage|p1a: Moltres|85\/100 tox|[from] psn\n|upkeep\n|turn|19\n|\n|t:|1700062010\n|move|p2a: Mew|Cosmic Power|p2a: Mew\n|-boost|p2a: Mew|def|1\n|-boost|p2a: Mew|spd|1\n|move|p1a: Moltres|Fire Blast|p2a: Mew\n|-damage|p2a: Mew|54\/100\n|\n|-damage|p1a: Moltres|67\/100 tox|[from] psn\n|upkeep\n|turn|20\n|\n|t:|1700062018\n|move|p2a: Mew|Cosmic Power|p2a: Mew\n|-boost|p2a: Mew|def|1\n|-boost|p2a: Mew|spd|1\n|move|p1a: Moltres|U-turn|p2a: Mew\n|-supereffective|p2a: Mew\n|-damage|p2a: Mew|42\/100\n|\n|t:|1700062029\n|switch|p1a: Tapu Koko|Tapu Koko|88\/100|[from] U-turn\n|-damage|p1a: Tapu Koko|76\/100|[from] Stealth Rock\n|-fieldstart|move: Electric Terrain|[from] ability: Electric Surge|[of] p1a: Tapu Koko\n|\n|upkeep\n|turn|21\n|\n|t:|1700062056\n|move|p1a: Tapu Koko|Thunderbolt|p2a: Mew\n|-crit|p2a: Mew\n|-damage|p2a: Mew|0 fnt\n|faint|p2a: Mew\n|\n|upkeep\n|\n|t:|1700062063\n|switch|p2a: Rillaboom|Rillaboom, F|99\/100\n|-damage|p2a: Rillaboom|88\/100|[from] Stealth Rock\n|-fieldstart|move: Grassy Terrain|[from] ability: Grassy Surge|[of] p2a: Rillaboom\n|turn|22\n|\n|t:|1700062071\n|switch|p1a: Moltres|Moltres|67\/100 tox\n|-terastallize|p2a: Rillaboom|Rock\n|move|p2a: Rillaboom|Tera Blast|p1a: Moltres|[anim] Tera Blast Rock\n|-supereffective|p1a: Moltres\n|-damage|p1a: Moltres|0 fnt\n|faint|p1a: Moltres\n|\n|-heal|p2a: Rillaboom|94\/100|[from] Grassy Terrain\n|-heal|p2a: Rillaboom|99\/100|[from] item: Leftovers\n|upkeep\n|l|\u2606Drascore666\n|inactive|Drascore666 disconnected and has a minute to reconnect!\n|player|p1|\n|j|\u2606Drascore666\n|inactive|Drascore666 reconnected and has 120 seconds left.\n|player|p1|Drascore666|steven\n|\n|t:|1700062100\n|switch|p1a: Landorus|Landorus-Therian, M|84\/100 tox\n|-damage|p1a: Landorus|72\/100 tox|[from] Stealth Rock\n|-ability|p1a: Landorus|Intimidate|boost\n|-unboost|p2a: Rillaboom|atk|1\n|turn|23\n|inactive|Drascore666 has 120 seconds left.\n|\n|t:|1700062116\n|switch|p2a: Lopunny|Lopunny-Mega, M|82\/100 brn\n|-damage|p2a: Lopunny|77\/100 brn|[from] Stealth Rock\n|move|p1a: Landorus|Knock Off|p2a: Lopunny\n|-resisted|p2a: Lopunny\n|-damage|p2a: Lopunny|62\/100 brn\n|\n|-heal|p2a: Lopunny|68\/100 brn|[from] Grassy Terrain\n|-heal|p1a: Landorus|78\/100 tox|[from] item: Leftovers\n|-damage|p1a: Landorus|72\/100 tox|[from] psn\n|-damage|p2a: Lopunny|62\/100 brn|[from] brn\n|upkeep\n|turn|24\n|inactive|Drascore666 has 120 seconds left.\n|\n|t:|1700062128\n|move|p2a: Lopunny|Fake Out|p1a: Landorus\n|-damage|p1a: Landorus|65\/100 tox\n|cant|p1a: Landorus|flinch\n|\n|-heal|p2a: Lopunny|68\/100 brn|[from] Grassy Terrain\n|-heal|p1a: Landorus|71\/100 tox|[from] item: Leftovers\n|-damage|p1a: Landorus|59\/100 tox|[from] psn\n|-damage|p2a: Lopunny|62\/100 brn|[from] brn\n|upkeep\n|turn|25\n|inactive|Drascore666 has 120 seconds left.\n|\n|t:|1700062146\n|move|p2a: Lopunny|Quick Attack|p1a: Landorus\n|-damage|p1a: Landorus|50\/100 tox\n|move|p1a: Landorus|Earthquake|p2a: Lopunny\n|-damage|p2a: Lopunny|30\/100 brn\n|\n|-heal|p2a: Lopunny|36\/100 brn|[from] Grassy Terrain\n|-heal|p1a: Landorus|57\/100 tox|[from] item: Leftovers\n|-damage|p1a: Landorus|38\/100 tox|[from] psn\n|-damage|p2a: Lopunny|30\/100 brn|[from] brn\n|upkeep\n|turn|26\n|inactive|Drascore666 has 120 seconds left.\n|\n|t:|1700062157\n|move|p2a: Lopunny|Quick Attack|p1a: Landorus\n|-damage|p1a: Landorus|31\/100 tox\n|move|p1a: Landorus|Earthquake|p2a: Lopunny\n|-damage|p2a: Lopunny|0 fnt\n|faint|p2a: Lopunny\n|\n|-heal|p1a: Landorus|37\/100 tox|[from] item: Leftovers\n|-damage|p1a: Landorus|13\/100 tox|[from] psn\n|-fieldend|move: Grassy Terrain\n|upkeep\n|\n|t:|1700062164\n|switch|p2a: Rillaboom|Rillaboom, F, tera:Rock|99\/100\n|-damage|p2a: Rillaboom|88\/100|[from] Stealth Rock\n|-fieldstart|move: Grassy Terrain|[from] ability: Grassy Surge|[of] p2a: Rillaboom\n|turn|27\n|\n|t:|1700062179\n|switch|p2a: Volcarona|Volcarona, F|100\/100\n|move|p1a: Landorus|Knock Off|p2a: Volcarona\n|-damage|p2a: Volcarona|51\/100\n|-enditem|p2a: Volcarona|Heavy-Duty Boots|[from] move: Knock Off|[of] p1a: Landorus\n|\n|-heal|p2a: Volcarona|57\/100|[from] Grassy Terrain\n|-heal|p1a: Landorus|19\/100 tox|[from] item: Leftovers\n|-damage|p1a: Landorus|0 fnt|[from] psn\n|faint|p1a: Landorus\n|upkeep\n|inactive|Drascore666 has 120 seconds left.\n|\n|t:|1700062197\n|switch|p1a: Tapu Koko|Tapu Koko|76\/100\n|-damage|p1a: Tapu Koko|63\/100|[from] Stealth Rock\n|-fieldstart|move: Electric Terrain|[from] ability: Electric Surge|[of] p1a: Tapu Koko\n|turn|28\n|\n|t:|1700062203\n|move|p1a: Tapu Koko|Thunderbolt|p2a: Volcarona\n|-damage|p2a: Volcarona|0 fnt\n|faint|p2a: Volcarona\n|\n|upkeep\n|\n|t:|1700062205\n|switch|p2a: Rillaboom|Rillaboom, F, tera:Rock|88\/100\n|-damage|p2a: Rillaboom|75\/100|[from] Stealth Rock\n|-fieldstart|move: Grassy Terrain|[from] ability: Grassy Surge|[of] p2a: Rillaboom\n|turn|29\n|\n|t:|1700062215\n|switch|p1a: Heatran|Heatran, M|33\/100\n|-damage|p1a: Heatran|21\/100|[from] Stealth Rock\n|move|p2a: Rillaboom|Swords Dance|p2a: Rillaboom\n|-boost|p2a: Rillaboom|atk|2\n|\n|-heal|p2a: Rillaboom|81\/100|[from] Grassy Terrain\n|-heal|p2a: Rillaboom|87\/100|[from] item: Leftovers\n|-heal|p1a: Heatran|27\/100|[from] Grassy Terrain\n|upkeep\n|turn|30\n|\n|t:|1700062228\n|move|p2a: Rillaboom|Knock Off|p1a: Heatran\n|-damage|p1a: Heatran|0 fnt\n|faint|p1a: Heatran\n|\n|-heal|p2a: Rillaboom|93\/100|[from] Grassy Terrain\n|-heal|p2a: Rillaboom|99\/100|[from] item: Leftovers\n|upkeep\n|\n|t:|1700062235\n|switch|p1a: Tapu Koko|Tapu Koko|63\/100\n|-damage|p1a: Tapu Koko|51\/100|[from] Stealth Rock\n|-fieldstart|move: Electric Terrain|[from] ability: Electric Surge|[of] p1a: Tapu Koko\n|turn|31\n|\n|t:|1700062243\n|move|p1a: Tapu Koko|Thunderbolt|p2a: Rillaboom\n|-damage|p2a: Rillaboom|15\/100\n|move|p2a: Rillaboom|Tera Blast|p1a: Tapu Koko|[anim] Tera Blast Rock\n|-damage|p1a: Tapu Koko|0 fnt\n|faint|p1a: Tapu Koko\n|\n|-heal|p2a: Rillaboom|21\/100|[from] item: Leftovers\n|upkeep\n|\n|t:|1700062251\n|switch|p1a: Fury (wolf)|Lopunny, F|100\/100\n|-damage|p1a: Fury (wolf)|88\/100|[from] Stealth Rock\n|turn|32\n|\n|t:|1700062261\n|switch|p2a: Empoleon|Empoleon, M|73\/100\n|-damage|p2a: Empoleon|67\/100|[from] Stealth Rock\n|detailschange|p1a: Fury (wolf)|Lopunny-Mega, F\n|-mega|p1a: Fury (wolf)|Lopunny|Lopunnite\n|move|p1a: Fury (wolf)|Triple Axel|p2a: Empoleon\n|-resisted|p2a: Empoleon\n|-damage|p2a: Empoleon|65\/100\n|-resisted|p2a: Empoleon\n|-damage|p2a: Empoleon|61\/100\n|-resisted|p2a: Empoleon\n|-damage|p2a: Empoleon|56\/100\n|-hitcount|p2a: Empoleon|3\n|\n|-heal|p2a: Empoleon|62\/100|[from] item: Leftovers\n|upkeep\n|turn|33\n|\n|t:|1700062275\n|move|p1a: Fury (wolf)|Close Combat|p2a: Empoleon\n|-supereffective|p2a: Empoleon\n|-damage|p2a: Empoleon|0 fnt\n|-unboost|p1a: Fury (wolf)|def|1\n|-unboost|p1a: Fury (wolf)|spd|1\n|faint|p2a: Empoleon\n|\n|upkeep\n|\n|t:|1700062278\n|switch|p2a: Rillaboom|Rillaboom, F, tera:Rock|21\/100\n|-damage|p2a: Rillaboom|8\/100|[from] Stealth Rock\n|-fieldstart|move: Grassy Terrain|[from] ability: Grassy Surge|[of] p2a: Rillaboom\n|turn|34\n|\n|t:|1700062285\n|move|p2a: Rillaboom|Grassy Glide|p1a: Fury (wolf)\n|-damage|p1a: Fury (wolf)|8\/100\n|move|p1a: Fury (wolf)|Close Combat|p2a: Rillaboom\n|-supereffective|p2a: Rillaboom\n|-damage|p2a: Rillaboom|0 fnt\n|-unboost|p1a: Fury (wolf)|def|1\n|-unboost|p1a: Fury (wolf)|spd|1\n|faint|p2a: Rillaboom\n|\n|win|Drascore666\n|raw|Drascore666's rating: 1531 &rarr; <strong>1549<\/strong><br \/>(+18 for winning)\n|raw|0d000721's rating: 1503 &rarr; <strong>1485<\/strong><br \/>(-18 for losing)\n|c|\u2606Drascore666|gg\n|c|\u2606Drascore666|it was close\n","uploadtime":1700062298,"views":13,"p1id":"drascore666","p2id":"0d000721","formatid":"gen9nationaldex","rating":1485,"private":0,"password":""}