{"id":"gen9nationaldex-1988723789","p1":"Dylax","p2":"Dr.lav","format":"[Gen 9] National Dex","log":"|j|\u2606Dylax\n|j|\u2606Dr.lav\n|t:|1699755079\n|gametype|singles\n|player|p1|Dylax|larry|\n|player|p2|Dr.lav|adaman|\n|teamsize|p1|6\n|teamsize|p2|6\n|gen|9\n|tier|[Gen 9] National Dex\n|rule|HP Percentage Mod: HP is shown in percentages\n|rule|Endless Battle Clause: Forcing endless battles is banned\n|rule|OHKO Clause: OHKO moves are banned\n|rule|Evasion Clause: Evasion abilities, items, and moves are banned\n|rule|Evasion Abilities Clause: Evasion abilities are banned\n|rule|Evasion Items Clause: Evasion items are banned\n|rule|Evasion Moves Clause: Evasion moves are banned\n|rule|Species Clause: Limit one of each Pok\u00e9mon\n|rule|Sleep Clause Mod: Limit one foe put to sleep\n|clearpoke\n|poke|p1|Porygon2|\n|poke|p1|Cresselia, F|\n|poke|p1|Skarmory, M|\n|poke|p1|Togekiss, F|\n|poke|p1|Zapdos|\n|poke|p1|Quaquaval, M|\n|poke|p2|Ludicolo, M|\n|poke|p2|Pelipper, M|\n|poke|p2|Kilowattrel, F|\n|poke|p2|Tornadus-Therian, M|\n|poke|p2|Cresselia, F|\n|poke|p2|Articuno|\n|teampreview\n|c|\u2606Dr.lav|u wanna send link?\n|c|\u2606Dylax|bird gang\n|c|\u2606Dylax|yes\n|c|\u2606Dylax|Gl\n|c|\u2606Dr.lav|aight lets go\n|c|\u2606Dr.lav|glhf\n|j| pulsarnyx\n|c| pulsarnyx|gaming\n|j| MegaBeedrillAddict\n|c|\u2606Dr.lav|lol\n|\n|t:|1699755193\n|start\n|switch|p1a: Starscream|Skarmory, M|100\/100\n|switch|p2a: Pelipper|Pelipper, M|100\/100\n|-weather|RainDance|[from] ability: Drizzle|[of] p2a: Pelipper\n|turn|1\n|\n|t:|1699755202\n|move|p1a: Starscream|Stealth Rock|p2a: Pelipper\n|-sidestart|p2: Dr.lav|move: Stealth Rock\n|move|p2a: Pelipper|Scald|p1a: Starscream\n|-damage|p1a: Starscream|67\/100\n|-status|p1a: Starscream|brn\n|\n|-weather|RainDance|[upkeep]\n|-damage|p1a: Starscream|61\/100 brn|[from] brn\n|upkeep\n|turn|2\n|\n|t:|1699755215\n|move|p2a: Pelipper|Defog|p1a: Starscream\n|-unboost|p1a: Starscream|evasion|1\n|-sideend|p2: Dr.lav|Stealth Rock|[from] move: Defog|[of] p2a: Pelipper\n|move|p1a: Starscream|Whirlwind|p2a: Pelipper\n|drag|p2a: Cresselia|Cresselia, F|100\/100\n|\n|-weather|RainDance|[upkeep]\n|-damage|p1a: Starscream|55\/100 brn|[from] brn\n|upkeep\n|turn|3\n|j| Bronzew\n|\n|t:|1699755237\n|switch|p2a: Pelipper|Pelipper, M|100\/100\n|switch|p1a: Rosalina|Cresselia, F, shiny|100\/100\n|\n|-weather|RainDance|[upkeep]\n|upkeep\n|turn|4\n|\n|t:|1699755244\n|move|p2a: Pelipper|Protect|p2a: Pelipper\n|-singleturn|p2a: Pelipper|Protect\n|move|p1a: Rosalina|Ice Beam|p2a: Pelipper\n|-activate|p2a: Pelipper|move: Protect\n|\n|-weather|RainDance|[upkeep]\n|upkeep\n|turn|5\n|\n|t:|1699755270\n|switch|p2a: Cresselia|Cresselia, F|100\/100\n|move|p1a: Rosalina|Ice Beam|p2a: Cresselia\n|-damage|p2a: Cresselia|91\/100\n|\n|-weather|none\n|-heal|p2a: Cresselia|97\/100|[from] item: Leftovers\n|upkeep\n|turn|6\n|\n|t:|1699755284\n|move|p1a: Rosalina|Toxic|p2a: Cresselia|[miss]\n|-miss|p1a: Rosalina|p2a: Cresselia\n|move|p2a: Cresselia|Toxic|p1a: Rosalina\n|-status|p1a: Rosalina|tox\n|\n|-heal|p2a: Cresselia|100\/100|[from] item: Leftovers\n|-damage|p1a: Rosalina|94\/100 tox|[from] psn\n|upkeep\n|turn|7\n|c|\u2606Dr.lav|LMFAOOOOO\n|c|\u2606Dylax|Anything can happen in jersey\n|j| Ant12131\n|c|\u2606Dylax|and that happened\n|\n|t:|1699755306\n|switch|p1a: Starscream|Skarmory, M|55\/100 brn\n|move|p2a: Cresselia|Moonblast|p1a: Starscream\n|-resisted|p1a: Starscream\n|-damage|p1a: Starscream|43\/100 brn\n|-unboost|p1a: Starscream|spa|1\n|\n|-damage|p1a: Starscream|37\/100 brn|[from] brn\n|upkeep\n|turn|8\n|c|\u2606Dr.lav|that was funny\n|c|\u2606Dr.lav|wow\n|\n|t:|1699755316\n|move|p2a: Cresselia|Power Gem|p1a: Starscream\n|-damage|p1a: Starscream|18\/100 brn\n|move|p1a: Starscream|Roost|p1a: Starscream\n|-heal|p1a: Starscream|68\/100 brn\n|-singleturn|p1a: Starscream|move: Roost\n|\n|-damage|p1a: Starscream|62\/100 brn|[from] brn\n|upkeep\n|turn|9\n|\n|t:|1699755326\n|switch|p2a: Pelipper|Pelipper, M|100\/100\n|-weather|RainDance|[from] ability: Drizzle|[of] p2a: Pelipper\n|move|p1a: Starscream|Stealth Rock|p2a: Pelipper\n|-sidestart|p2: Dr.lav|move: Stealth Rock\n|\n|-weather|RainDance|[upkeep]\n|-damage|p1a: Starscream|56\/100 brn|[from] brn\n|upkeep\n|turn|10\n|\n|t:|1699755352\n|move|p1a: Starscream|Roost|p1a: Starscream\n|-heal|p1a: Starscream|100\/100 brn\n|-singleturn|p1a: Starscream|move: Roost\n|move|p2a: Pelipper|Defog|p1a: Starscream\n|-unboost|p1a: Starscream|evasion|1\n|-sideend|p2: Dr.lav|Stealth Rock|[from] move: Defog|[of] p2a: Pelipper\n|\n|-weather|RainDance|[upkeep]\n|-damage|p1a: Starscream|95\/100 brn|[from] brn\n|upkeep\n|turn|11\n|\n|t:|1699755362\n|move|p1a: Starscream|Stealth Rock|p2a: Pelipper\n|-sidestart|p2: Dr.lav|move: Stealth Rock\n|move|p2a: Pelipper|Scald|p1a: Starscream\n|-damage|p1a: Starscream|60\/100 brn\n|\n|-weather|RainDance|[upkeep]\n|-damage|p1a: Starscream|54\/100 brn|[from] brn\n|upkeep\n|turn|12\n|\n|t:|1699755369\n|move|p1a: Starscream|Roost|p1a: Starscream\n|-heal|p1a: Starscream|100\/100 brn\n|-singleturn|p1a: Starscream|move: Roost\n|move|p2a: Pelipper|Defog|p1a: Starscream\n|-unboost|p1a: Starscream|evasion|1\n|-sideend|p2: Dr.lav|Stealth Rock|[from] move: Defog|[of] p2a: Pelipper\n|\n|-weather|RainDance|[upkeep]\n|-damage|p1a: Starscream|95\/100 brn|[from] brn\n|upkeep\n|turn|13\n|c|\u2606Dr.lav|!weakness Skarmory\n|c| Dr.lav|\/raw <div class=\"infobox\">Skarmory (ignoring abilities):<br \/><span class=\"message-effect-weak\">Weaknesses<\/span>: Electric, Fire<br \/><span class=\"message-effect-resist\">Resistances<\/span>: <b>Bug<\/b>, Dragon, Fairy, Flying, <b>Grass<\/b>, Normal, Psychic, Steel<br \/><span class=\"message-effect-immune\">Immunities<\/span>: Ground, Poison, Sandstorm damage, Toxic<\/div>\n|\n|t:|1699755398\n|move|p1a: Starscream|Stealth Rock|p2a: Pelipper\n|-sidestart|p2: Dr.lav|move: Stealth Rock\n|move|p2a: Pelipper|Scald|p1a: Starscream\n|-damage|p1a: Starscream|58\/100 brn\n|\n|-weather|none\n|-damage|p1a: Starscream|52\/100 brn|[from] brn\n|upkeep\n|turn|14\n|\n|t:|1699755407\n|move|p1a: Starscream|Roost|p1a: Starscream\n|-heal|p1a: Starscream|100\/100 brn\n|-singleturn|p1a: Starscream|move: Roost\n|move|p2a: Pelipper|Scald|p1a: Starscream\n|-damage|p1a: Starscream|78\/100 brn\n|\n|-damage|p1a: Starscream|72\/100 brn|[from] brn\n|upkeep\n|turn|15\n|\n|t:|1699755415\n|move|p2a: Pelipper|Defog|p1a: Starscream\n|-unboost|p1a: Starscream|evasion|1\n|-sideend|p2: Dr.lav|Stealth Rock|[from] move: Defog|[of] p2a: Pelipper\n|move|p1a: Starscream|Whirlwind|p2a: Pelipper\n|drag|p2a: Cresselia|Cresselia, F|100\/100\n|\n|-damage|p1a: Starscream|66\/100 brn|[from] brn\n|upkeep\n|turn|16\n|\n|t:|1699755424\n|switch|p2a: Pelipper|Pelipper, M|100\/100\n|-weather|RainDance|[from] ability: Drizzle|[of] p2a: Pelipper\n|move|p1a: Starscream|Stealth Rock|p2a: Pelipper\n|-sidestart|p2: Dr.lav|move: Stealth Rock\n|\n|-weather|RainDance|[upkeep]\n|-damage|p1a: Starscream|60\/100 brn|[from] brn\n|upkeep\n|turn|17\n|j| Cyberkevh912\n|c|\u2606Dr.lav|so *sips coffee* hows ur day\n|\n|t:|1699755456\n|switch|p1a: Evangelion|Togekiss, F, shiny|100\/100\n|move|p2a: Pelipper|Scald|p1a: Evangelion\n|-damage|p1a: Evangelion|74\/100\n|\n|-weather|RainDance|[upkeep]\n|-heal|p1a: Evangelion|80\/100|[from] item: Leftovers\n|upkeep\n|turn|18\n|\n|t:|1699755463\n|move|p2a: Pelipper|Protect|p2a: Pelipper\n|-singleturn|p2a: Pelipper|Protect\n|move|p1a: Evangelion|Heal Bell|p1a: Evangelion\n|-activate|p1a: Evangelion|move: Heal Bell\n|-curestatus|p1: Rosalina|tox|[msg]\n|-curestatus|p1: Starscream|brn|[msg]\n|\n|-weather|RainDance|[upkeep]\n|-heal|p1a: Evangelion|86\/100|[from] item: Leftovers\n|upkeep\n|turn|19\n|\n|t:|1699755473\n|move|p1a: Evangelion|Thunder Wave|p2a: Pelipper\n|-status|p2a: Pelipper|par\n|move|p2a: Pelipper|Defog|p1a: Evangelion\n|-unboost|p1a: Evangelion|evasion|1\n|-sideend|p2: Dr.lav|Stealth Rock|[from] move: Defog|[of] p2a: Pelipper\n|\n|-weather|RainDance|[upkeep]\n|-heal|p1a: Evangelion|92\/100|[from] item: Leftovers\n|upkeep\n|turn|20\n|l| Cyberkevh912\n|c| pulsarnyx|cleric togekiss is crazy in just the right ways\n|c| MegaBeedrillAddict|why is togekiss named evangelion\n|\n|t:|1699755488\n|switch|p1a: Rosalina|Cresselia, F, shiny|94\/100\n|move|p2a: Pelipper|Scald|p1a: Rosalina\n|-damage|p1a: Rosalina|73\/100\n|\n|-weather|none\n|-heal|p1a: Rosalina|80\/100|[from] item: Leftovers\n|upkeep\n|turn|21\n|\n|t:|1699755497\n|move|p2a: Pelipper|Protect|p2a: Pelipper\n|-singleturn|p2a: Pelipper|Protect\n|move|p1a: Rosalina|Moonblast|p2a: Pelipper\n|-activate|p2a: Pelipper|move: Protect\n|\n|-heal|p1a: Rosalina|86\/100|[from] item: Leftovers\n|upkeep\n|turn|22\n|\n|t:|1699755508\n|switch|p2a: Cresselia|Cresselia, F|100\/100\n|move|p1a: Rosalina|Moonblast|p2a: Cresselia\n|-damage|p2a: Cresselia|90\/100\n|\n|-heal|p1a: Rosalina|92\/100|[from] item: Leftovers\n|-heal|p2a: Cresselia|96\/100|[from] item: Leftovers\n|upkeep\n|turn|23\n|\n|t:|1699755516\n|move|p1a: Rosalina|Toxic|p2a: Cresselia\n|-status|p2a: Cresselia|tox\n|move|p2a: Cresselia|Toxic|p1a: Rosalina\n|-status|p1a: Rosalina|tox\n|\n|-heal|p1a: Rosalina|98\/100 tox|[from] item: Leftovers\n|-heal|p2a: Cresselia|100\/100 tox|[from] item: Leftovers\n|-damage|p1a: Rosalina|92\/100 tox|[from] psn\n|-damage|p2a: Cresselia|94\/100 tox|[from] psn\n|upkeep\n|turn|24\n|\n|t:|1699755528\n|switch|p1a: Starscream|Skarmory, M|60\/100\n|switch|p2a: Pelipper|Pelipper, M|100\/100 par\n|-weather|RainDance|[from] ability: Drizzle|[of] p2a: Pelipper\n|\n|-weather|RainDance|[upkeep]\n|upkeep\n|turn|25\n|c|\u2606Dylax|not again\n|\n|t:|1699755544\n|move|p1a: Starscream|Stealth Rock|p2a: Pelipper\n|-sidestart|p2: Dr.lav|move: Stealth Rock\n|move|p2a: Pelipper|Scald|p1a: Starscream\n|-damage|p1a: Starscream|21\/100\n|\n|-weather|RainDance|[upkeep]\n|upkeep\n|turn|26\n|c| pulsarnyx|they need to stop meeting like this\n|\n|t:|1699755550\n|switch|p2a: Kilowattrel|Kilowattrel, F|100\/100\n|move|p1a: Starscream|Roost|p1a: Starscream\n|-heal|p1a: Starscream|71\/100\n|-singleturn|p1a: Starscream|move: Roost\n|\n|-weather|RainDance|[upkeep]\n|upkeep\n|turn|27\n|l| Bronzew\n|\n|t:|1699755559\n|switch|p1a: Ammar|Porygon2|100\/100\n|-ability|p1a: Ammar|Volt Absorb|[from] ability: Trace|[of] p2a: Kilowattrel\n|move|p2a: Kilowattrel|Thunder|p1a: Ammar\n|-immune|p1a: Ammar|[from] ability: Volt Absorb\n|\n|-weather|RainDance|[upkeep]\n|upkeep\n|turn|28\n|c| pulsarnyx|>:3\n|\n|t:|1699755571\n|move|p2a: Kilowattrel|Protect|p2a: Kilowattrel\n|-singleturn|p2a: Kilowattrel|Protect\n|move|p1a: Ammar|Ice Beam|p2a: Kilowattrel\n|-activate|p2a: Kilowattrel|move: Protect\n|\n|-weather|none\n|upkeep\n|turn|29\n|c| MegaBeedrillAddict|that is actually wacky\n|\n|t:|1699755583\n|switch|p2a: Cresselia|Cresselia, F|94\/100 tox\n|-damage|p2a: Cresselia|82\/100 tox|[from] Stealth Rock\n|move|p1a: Ammar|Toxic|p2a: Cresselia\n|-fail|p2a: Cresselia|tox\n|\n|-heal|p2a: Cresselia|88\/100 tox|[from] item: Leftovers\n|-damage|p2a: Cresselia|82\/100 tox|[from] psn\n|upkeep\n|turn|30\n|c| pulsarnyx|the spirit of ammar - wacky things that actually work\n|c|\u2606Dr.lav|lol\n|\n|t:|1699755602\n|move|p2a: Cresselia|Toxic|p1a: Ammar\n|-status|p1a: Ammar|tox\n|move|p1a: Ammar|Teleport|p1a: Ammar\n|\n|t:|1699755605\n|switch|p1a: Berdly|Quaquaval, M|100\/100|[from] Teleport\n|\n|-heal|p2a: Cresselia|88\/100 tox|[from] item: Leftovers\n|-damage|p2a: Cresselia|76\/100 tox|[from] psn\n|upkeep\n|turn|31\n|\n|t:|1699755611\n|-terastallize|p1a: Berdly|Steel\n|move|p1a: Berdly|Knock Off|p2a: Cresselia\n|-supereffective|p2a: Cresselia\n|-damage|p2a: Cresselia|39\/100 tox\n|-enditem|p2a: Cresselia|Leftovers|[from] move: Knock Off|[of] p1a: Berdly\n|move|p2a: Cresselia|Moonblast|p1a: Berdly\n|-resisted|p1a: Berdly\n|-damage|p1a: Berdly|88\/100\n|\n|-damage|p2a: Cresselia|20\/100 tox|[from] psn\n|upkeep\n|turn|32\n|\n|t:|1699755623\n|move|p1a: Berdly|Aqua Step|p2a: Cresselia\n|-damage|p2a: Cresselia|0 fnt\n|-boost|p1a: Berdly|spe|1\n|faint|p2a: Cresselia\n|-ability|p1a: Berdly|Moxie|boost\n|-boost|p1a: Berdly|atk|1\n|\n|upkeep\n|\n|t:|1699755641\n|switch|p2a: Pelipper|Pelipper, M|100\/100 par\n|-damage|p2a: Pelipper|75\/100 par|[from] Stealth Rock\n|-weather|RainDance|[from] ability: Drizzle|[of] p2a: Pelipper\n|turn|33\n|j| BronzePrince\n|c| pulsarnyx|i'd like y'all to know that Smart Race is *on*\n|c|\u2606Dr.lav|what?\n|\n|t:|1699755689\n|-terastallize|p2a: Pelipper|Steel\n|move|p1a: Berdly|Knock Off|p2a: Pelipper\n|-damage|p2a: Pelipper|43\/100 par\n|-enditem|p2a: Pelipper|Leftovers|[from] move: Knock Off|[of] p1a: Berdly\n|move|p2a: Pelipper|Defog|p1a: Berdly\n|-unboost|p1a: Berdly|evasion|1\n|-sideend|p2: Dr.lav|Stealth Rock|[from] move: Defog|[of] p2a: Pelipper\n|\n|-weather|RainDance|[upkeep]\n|upkeep\n|turn|34\n|c| pulsarnyx|(berdly's theme from deltarune)\n|\n|t:|1699755699\n|move|p1a: Berdly|Aqua Step|p2a: Pelipper\n|-damage|p2a: Pelipper|0 fnt\n|-boost|p1a: Berdly|spe|1\n|faint|p2a: Pelipper\n|-ability|p1a: Berdly|Moxie|boost\n|-boost|p1a: Berdly|atk|1\n|\n|-weather|RainDance|[upkeep]\n|upkeep\n|\n|t:|1699755711\n|switch|p2a: Ludicolo|Ludicolo, M|100\/100\n|turn|35\n|\n|t:|1699755721\n|move|p2a: Ludicolo|Fake Out|p1a: Berdly\n|-resisted|p1a: Berdly\n|-damage|p1a: Berdly|84\/100\n|cant|p1a: Berdly|flinch\n|\n|-weather|RainDance|[upkeep]\n|upkeep\n|turn|36\n|c|\u2606Dylax|rude\n|\n|t:|1699755733\n|move|p1a: Berdly|Knock Off|p2a: Ludicolo\n|-damage|p2a: Ludicolo|9\/100\n|-enditem|p2a: Ludicolo|Leftovers|[from] move: Knock Off|[of] p1a: Berdly\n|move|p2a: Ludicolo|Hydro Pump|p1a: Berdly\n|-damage|p1a: Berdly|4\/100\n|\n|-weather|RainDance|[upkeep]\n|upkeep\n|turn|37\n|\n|t:|1699755743\n|move|p1a: Berdly|Aqua Step|p2a: Ludicolo\n|-resisted|p2a: Ludicolo\n|-damage|p2a: Ludicolo|0 fnt\n|-boost|p1a: Berdly|spe|1\n|faint|p2a: Ludicolo\n|-ability|p1a: Berdly|Moxie|boost\n|-boost|p1a: Berdly|atk|1\n|\n|-weather|none\n|upkeep\n|\n|t:|1699755757\n|switch|p2a: Tornadus|Tornadus-Therian, M|100\/100\n|turn|38\n|\n|t:|1699755764\n|move|p1a: Berdly|Ice Spinner|p2a: Tornadus\n|-supereffective|p2a: Tornadus\n|-damage|p2a: Tornadus|0 fnt\n|faint|p2a: Tornadus\n|-ability|p1a: Berdly|Moxie|boost\n|-boost|p1a: Berdly|atk|1\n|\n|upkeep\n|c|\u2606Dr.lav|wut\n|c|\u2606Dr.lav|i thought-\n|c|\u2606Dr.lav|nvm its been too long\n|\n|t:|1699755779\n|switch|p2a: Articuno|Articuno|100\/100\n|-ability|p2a: Articuno|Pressure\n|turn|39\n|c| pulsarnyx|2.5x speed let's goooo\n|\n|t:|1699755788\n|move|p1a: Berdly|Aqua Step|p2a: Articuno\n|-damage|p2a: Articuno|21\/100\n|-boost|p1a: Berdly|spe|1\n|move|p2a: Articuno|Ancient Power|p1a: Berdly\n|-resisted|p1a: Berdly\n|-damage|p1a: Berdly|0 fnt\n|-boost|p2a: Articuno|atk|1\n|-boost|p2a: Articuno|def|1\n|-boost|p2a: Articuno|spa|1\n|-boost|p2a: Articuno|spd|1\n|-boost|p2a: Articuno|spe|1\n|faint|p1a: Berdly\n|\n|upkeep\n|c|\u2606Dylax|yooo\n|c| pulsarnyx|bro did *not* just get the ap omni\n|c|\u2606Dr.lav|omni?!\n|c|\u2606Dr.lav|woah\n|\n|t:|1699755822\n|switch|p1a: Rosalina|Cresselia, F, shiny|92\/100 tox\n|turn|40\n|c| pulsarnyx|can't believe this is the second time an ice type has killed berdly\n|\n|t:|1699755826\n|-zpower|p2a: Articuno\n|move|p2a: Articuno|Subzero Slammer|p1a: Rosalina|[zeffect]\n|-damage|p1a: Rosalina|58\/100 tox\n|move|p1a: Rosalina|Moonblast|p2a: Articuno\n|-damage|p2a: Articuno|14\/100\n|\n|-heal|p1a: Rosalina|64\/100 tox|[from] item: Leftovers\n|-damage|p1a: Rosalina|58\/100 tox|[from] psn\n|upkeep\n|turn|41\n|c|\u2606Dr.lav|that did jack shit\n|\n|t:|1699755837\n|move|p2a: Articuno|Protect|p2a: Articuno\n|-singleturn|p2a: Articuno|Protect\n|move|p1a: Rosalina|Moonlight|p1a: Rosalina\n|-heal|p1a: Rosalina|100\/100 tox\n|\n|-damage|p1a: Rosalina|88\/100 tox|[from] psn\n|upkeep\n|turn|42\n|\n|t:|1699755846\n|switch|p1a: Evangelion|Togekiss, F, shiny|92\/100\n|move|p2a: Articuno|Ancient Power|p1a: Evangelion\n|-supereffective|p1a: Evangelion\n|-damage|p1a: Evangelion|63\/100\n|\n|-heal|p1a: Evangelion|69\/100|[from] item: Leftovers\n|upkeep\n|turn|43\n|\n|t:|1699755859\n|move|p2a: Articuno|Ancient Power|p1a: Evangelion\n|-supereffective|p1a: Evangelion\n|-damage|p1a: Evangelion|41\/100\n|move|p1a: Evangelion|Heal Bell|p1a: Evangelion\n|-activate|p1a: Evangelion|move: Heal Bell\n|-curestatus|p1: Rosalina|tox|[msg]\n|-curestatus|p1: Ammar|tox|[msg]\n|\n|-heal|p1a: Evangelion|47\/100|[from] item: Leftovers\n|upkeep\n|turn|44\n|\n|t:|1699755868\n|move|p2a: Articuno|Ancient Power|p1a: Evangelion\n|-supereffective|p1a: Evangelion\n|-damage|p1a: Evangelion|16\/100\n|move|p1a: Evangelion|Air Slash|p2a: Articuno\n|-damage|p2a: Articuno|3\/100\n|\n|-heal|p1a: Evangelion|22\/100|[from] item: Leftovers\n|upkeep\n|turn|45\n|\n|t:|1699755874\n|switch|p1a: Rosalina|Cresselia, F, shiny|88\/100\n|move|p2a: Articuno|Ancient Power|p1a: Rosalina\n|-damage|p1a: Rosalina|78\/100\n|\n|-heal|p1a: Rosalina|85\/100|[from] item: Leftovers\n|upkeep\n|turn|46\n|c| pulsarnyx|living?!\n|\n|t:|1699755881\n|move|p2a: Articuno|Protect|p2a: Articuno\n|-singleturn|p2a: Articuno|Protect\n|move|p1a: Rosalina|Moonblast|p2a: Articuno\n|-activate|p2a: Articuno|move: Protect\n|\n|-heal|p1a: Rosalina|91\/100|[from] item: Leftovers\n|upkeep\n|turn|47\n|\n|t:|1699755888\n|move|p2a: Articuno|Freeze-Dry|p1a: Rosalina\n|-damage|p1a: Rosalina|74\/100\n|move|p1a: Rosalina|Moonblast|p2a: Articuno\n|-damage|p2a: Articuno|0 fnt\n|faint|p2a: Articuno\n|\n|-heal|p1a: Rosalina|80\/100|[from] item: Leftovers\n|upkeep\n|c| pulsarnyx|damn articuno's got killer bulk\n|\n|t:|1699755895\n|switch|p2a: Kilowattrel|Kilowattrel, F|100\/100\n|turn|48\n|c|\u2606Dr.lav|uhhhhhhhh\n|\n|t:|1699755904\n|move|p2a: Kilowattrel|Stockpile|p2a: Kilowattrel\n|-start|p2a: Kilowattrel|stockpile1\n|-boost|p2a: Kilowattrel|def|1\n|-boost|p2a: Kilowattrel|spd|1\n|move|p1a: Rosalina|Ice Beam|p2a: Kilowattrel\n|-supereffective|p2a: Kilowattrel\n|-damage|p2a: Kilowattrel|59\/100\n|\n|-heal|p1a: Rosalina|86\/100|[from] item: Leftovers\n|upkeep\n|turn|49\n|c| pulsarnyx|..rj\n|\n|t:|1699755914\n|move|p2a: Kilowattrel|Thunder|p1a: Rosalina|[miss]\n|-miss|p2a: Kilowattrel|p1a: Rosalina\n|move|p1a: Rosalina|Toxic|p2a: Kilowattrel\n|-status|p2a: Kilowattrel|tox\n|\n|-heal|p1a: Rosalina|92\/100|[from] item: Leftovers\n|-damage|p2a: Kilowattrel|52\/100 tox|[from] psn\n|upkeep\n|turn|50\n|c| MegaBeedrillAddict|what\n|c| pulsarnyx|is that a stockpile wattrel\n|c| pulsarnyx|rj *why*\n|c|\u2606Dr.lav|look its gg already\n|c|\u2606Dr.lav|man this was for funzie\n|c| pulsarnyx|i just need to know why you have stockpile???\n|\n|t:|1699755933\n|move|p2a: Kilowattrel|Volt Switch|p1a: Rosalina\n|-damage|p1a: Rosalina|73\/100\n|move|p1a: Rosalina|Moonlight|p1a: Rosalina\n|-heal|p1a: Rosalina|100\/100\n|\n|-damage|p2a: Kilowattrel|40\/100 tox|[from] psn\n|upkeep\n|turn|51\n|c| pulsarnyx|i c\n|c|\u2606Dr.lav|because it stacked with drizzel thunder\n|c| pulsarnyx|nah thunder omegacrit takes out his entire team\n|c|\u2606Dr.lav|but uh i didnt expect heal bell\n|c| pulsarnyx|you got this still rj\n|\n|t:|1699755955\n|switch|p1a: Ammar|Porygon2|100\/100\n|-ability|p1a: Ammar|Volt Absorb|[from] ability: Trace|[of] p2a: Kilowattrel\n|move|p2a: Kilowattrel|Thunder|p1a: Ammar\n|-immune|p1a: Ammar|[from] ability: Volt Absorb\n|\n|-damage|p2a: Kilowattrel|22\/100 tox|[from] psn\n|upkeep\n|turn|52\n|c| pulsarnyx|tbf clerics in this day and age are a rare breed\n|\n|t:|1699755966\n|move|p2a: Kilowattrel|Protect|p2a: Kilowattrel\n|-singleturn|p2a: Kilowattrel|Protect\n|move|p1a: Ammar|Recover||[still]\n|-fail|p1a: Ammar|heal\n|\n|-damage|p2a: Kilowattrel|0 fnt|[from] psn\n|faint|p2a: Kilowattrel\n|\n|win|Dylax\n|upkeep\n|c| pulsarnyx|gs\n|c|\u2606Dr.lav|ye gg\n|c| pulsarnyx|g\n|c|\u2606Dylax|gg\n|c|\u2606Dr.lav|someone get replay\n|c|\u2606Dr.lav|my laptops finne die\n|l| MegaBeedrillAddict\n|l| pulsarnyx\n|l| Ant12131\n|l|\u2606Dr.lav\n","uploadtime":1699755984,"views":29,"p1id":"dylax","p2id":"drlav","formatid":"gen9nationaldex","rating":0,"private":0,"password":""}