{"id":"gen9nationaldex-1987183556","p1":"Feigar2004","p2":"DylanoSR","format":"[Gen 9] National Dex","log":"|j|\u2606Feigar2004\n|j|\u2606DylanoSR\n|t:|1699563145\n|gametype|singles\n|player|p1|Feigar2004|benga|1231\n|player|p2|DylanoSR|ingo|1140\n|teamsize|p1|6\n|teamsize|p2|6\n|gen|9\n|tier|[Gen 9] National Dex\n|rated|\n|rule|HP Percentage Mod: HP is shown in percentages\n|rule|Endless Battle Clause: Forcing endless battles is banned\n|rule|OHKO Clause: OHKO moves are banned\n|rule|Evasion Clause: Evasion abilities, items, and moves are banned\n|rule|Evasion Abilities Clause: Evasion abilities are banned\n|rule|Evasion Items Clause: Evasion items are banned\n|rule|Evasion Moves Clause: Evasion moves are banned\n|rule|Species Clause: Limit one of each Pok\u00e9mon\n|rule|Sleep Clause Mod: Limit one foe put to sleep\n|clearpoke\n|poke|p1|Greninja-*, M|\n|poke|p1|Beedrill, M|\n|poke|p1|Skeledirge, M|\n|poke|p1|Leafeon, M|\n|poke|p1|Muk-Alola, M|\n|poke|p1|Corviknight, M|\n|poke|p2|Glimmora, M|\n|poke|p2|Skeledirge, F|\n|poke|p2|Corviknight, F|\n|poke|p2|Meowscarada, M|\n|poke|p2|Clodsire, M|\n|poke|p2|Primarina, F|\n|teampreview\n|\n|t:|1699563172\n|start\n|switch|p1a: Muk|Muk-Alola, M|100\/100\n|switch|p2a: Glimmora|Glimmora, M|100\/100\n|turn|1\n|inactive|Battle timer is ON: inactive players will automatically lose when time's up. (requested by DylanoSR)\n|\n|t:|1699563177\n|move|p2a: Glimmora|Stealth Rock|p1a: Muk\n|-sidestart|p1: Feigar2004|move: Stealth Rock\n|move|p1a: Muk|Knock Off|p2a: Glimmora\n|-damage|p2a: Glimmora|57\/100\n|-activate|p2a: Glimmora|ability: Toxic Debris\n|-sidestart|p1: Feigar2004|move: Toxic Spikes\n|-enditem|p2a: Glimmora|Black Sludge|[from] move: Knock Off|[of] p1a: Muk\n|\n|upkeep\n|turn|2\n|\n|t:|1699563188\n|move|p2a: Glimmora|Earth Power|p1a: Muk\n|-supereffective|p1a: Muk\n|-damage|p1a: Muk|63\/100\n|move|p1a: Muk|Knock Off|p2a: Glimmora\n|-damage|p2a: Glimmora|29\/100\n|-activate|p2a: Glimmora|ability: Toxic Debris\n|-sidestart|p1: Feigar2004|move: Toxic Spikes\n|\n|upkeep\n|turn|3\n|\n|t:|1699563196\n|move|p2a: Glimmora|Spiky Shield|p2a: Glimmora\n|-singleturn|p2a: Glimmora|move: Protect\n|move|p1a: Muk|Knock Off|p2a: Glimmora\n|-activate|p2a: Glimmora|move: Protect\n|-damage|p1a: Muk|50\/100|[from] Spiky Shield|[of] p2a: Glimmora\n|-enditem|p1a: Muk|Figy Berry|[eat]\n|-heal|p1a: Muk|84\/100|[from] item: Figy Berry\n|\n|upkeep\n|turn|4\n|\n|t:|1699563209\n|move|p2a: Glimmora|Earth Power|p1a: Muk\n|-supereffective|p1a: Muk\n|-damage|p1a: Muk|47\/100\n|move|p1a: Muk|Recycle|p1a: Muk\n|-item|p1a: Muk|Figy Berry|[from] move: Recycle\n|-enditem|p1a: Muk|Figy Berry|[eat]\n|-heal|p1a: Muk|80\/100|[from] item: Figy Berry\n|\n|upkeep\n|turn|5\n|\n|t:|1699563216\n|move|p2a: Glimmora|Earth Power|p1a: Muk\n|-supereffective|p1a: Muk\n|-damage|p1a: Muk|40\/100\n|move|p1a: Muk|Recycle|p1a: Muk\n|-item|p1a: Muk|Figy Berry|[from] move: Recycle\n|-enditem|p1a: Muk|Figy Berry|[eat]\n|-heal|p1a: Muk|73\/100|[from] item: Figy Berry\n|\n|upkeep\n|turn|6\n|\n|t:|1699563225\n|switch|p1a: Corviknight|Corviknight, M|100\/100\n|-damage|p1a: Corviknight|88\/100|[from] Stealth Rock\n|move|p2a: Glimmora|Earth Power|p1a: Corviknight\n|-immune|p1a: Corviknight\n|\n|upkeep\n|turn|7\n|\n|t:|1699563230\n|move|p2a: Glimmora|Power Gem|p1a: Corviknight\n|-damage|p1a: Corviknight|47\/100\n|move|p1a: Corviknight|Defog|p2a: Glimmora\n|-unboost|p2a: Glimmora|evasion|1\n|-sideend|p1: Feigar2004|Toxic Spikes|[from] move: Defog|[of] p1a: Corviknight\n|-sideend|p1: Feigar2004|Stealth Rock|[from] move: Defog|[of] p1a: Corviknight\n|\n|upkeep\n|turn|8\n|\n|t:|1699563252\n|move|p2a: Glimmora|Spiky Shield|p2a: Glimmora\n|-singleturn|p2a: Glimmora|move: Protect\n|move|p1a: Corviknight|Body Press|p2a: Glimmora\n|-activate|p2a: Glimmora|move: Protect\n|-damage|p1a: Corviknight|35\/100|[from] Spiky Shield|[of] p2a: Glimmora\n|\n|upkeep\n|turn|9\n|\n|t:|1699563259\n|move|p2a: Glimmora|Stealth Rock|p1a: Corviknight\n|-sidestart|p1: Feigar2004|move: Stealth Rock\n|move|p1a: Corviknight|Roost|p1a: Corviknight\n|-heal|p1a: Corviknight|85\/100\n|-singleturn|p1a: Corviknight|move: Roost\n|\n|upkeep\n|turn|10\n|\n|t:|1699563270\n|move|p2a: Glimmora|Power Gem|p1a: Corviknight\n|-damage|p1a: Corviknight|47\/100\n|move|p1a: Corviknight|Defog|p2a: Glimmora\n|-unboost|p2a: Glimmora|evasion|1\n|-sideend|p1: Feigar2004|Stealth Rock|[from] move: Defog|[of] p1a: Corviknight\n|\n|upkeep\n|turn|11\n|\n|t:|1699563278\n|move|p2a: Glimmora|Power Gem|p1a: Corviknight\n|-damage|p1a: Corviknight|8\/100\n|move|p1a: Corviknight|Body Press|p2a: Glimmora\n|-damage|p2a: Glimmora|0 fnt\n|-activate|p2a: Glimmora|ability: Toxic Debris\n|-sidestart|p1: Feigar2004|move: Toxic Spikes\n|faint|p2a: Glimmora\n|\n|upkeep\n|\n|t:|1699563287\n|switch|p2a: Meowscarada|Meowscarada, M|100\/100\n|turn|12\n|\n|t:|1699563292\n|switch|p1a: Muk|Muk-Alola, M|73\/100\n|-sideend|p1: Feigar2004|move: Toxic Spikes|[of] p1a: Muk\n|move|p2a: Meowscarada|Knock Off|p1a: Muk\n|-resisted|p1a: Muk\n|-damage|p1a: Muk|57\/100\n|\n|upkeep\n|turn|13\n|\n|t:|1699563299\n|move|p2a: Meowscarada|U-turn|p1a: Muk\n|-damage|p1a: Muk|34\/100\n|\n|t:|1699563304\n|switch|p2a: Clodsire|Clodsire, M|100\/100|[from] U-turn\n|move|p1a: Muk|Recycle|p1a: Muk\n|-item|p1a: Muk|Figy Berry|[from] move: Recycle\n|-enditem|p1a: Muk|Figy Berry|[eat]\n|-heal|p1a: Muk|68\/100|[from] item: Figy Berry\n|\n|upkeep\n|turn|14\n|\n|t:|1699563315\n|move|p1a: Muk|Recycle|p1a: Muk\n|-item|p1a: Muk|Figy Berry|[from] move: Recycle\n|move|p2a: Clodsire|Earthquake|p1a: Muk\n|-supereffective|p1a: Muk\n|-damage|p1a: Muk|0 fnt\n|faint|p1a: Muk\n|\n|upkeep\n|l|\u2606Feigar2004\n|inactive|Feigar2004 disconnected and has a minute to reconnect!\n|player|p1|\n|inactive|Feigar2004 has 30 seconds to reconnect!\n|inactive|Feigar2004 has 20 seconds to reconnect!\n|inactive|Feigar2004 has 15 seconds to reconnect!\n|inactive|Feigar2004 has 10 seconds to reconnect!\n|j|\u2606Feigar2004\n|inactive|Feigar2004 reconnected and has 80 seconds left.\n|player|p1|Feigar2004|benga\n|\n|t:|1699563384\n|switch|p1a: Greninja|Greninja, M|100\/100\n|turn|15\n|\n|t:|1699563390\n|move|p1a: Greninja|Scald|p2a: Clodsire\n|-start|p1a: Greninja|typechange|Water|[from] ability: Protean\n|-immune|p2a: Clodsire|[from] ability: Water Absorb\n|move|p2a: Clodsire|Toxic|p1a: Greninja\n|-status|p1a: Greninja|tox\n|\n|-damage|p1a: Greninja|95\/100 tox|[from] psn\n|upkeep\n|turn|16\n|\n|t:|1699563401\n|move|p1a: Greninja|Ice Beam|p2a: Clodsire\n|-supereffective|p2a: Clodsire\n|-crit|p2a: Clodsire\n|-damage|p2a: Clodsire|23\/100\n|-status|p2a: Clodsire|frz\n|-damage|p1a: Greninja|85\/100 tox|[from] item: Life Orb\n|cant|p2a: Clodsire|frz\n|\n|-heal|p2a: Clodsire|29\/100 frz|[from] item: Black Sludge\n|-damage|p1a: Greninja|73\/100 tox|[from] psn\n|upkeep\n|turn|17\n|\n|t:|1699563411\n|move|p1a: Greninja|Ice Beam|p2a: Clodsire\n|-supereffective|p2a: Clodsire\n|-crit|p2a: Clodsire\n|-damage|p2a: Clodsire|0 fnt\n|faint|p2a: Clodsire\n|-damage|p1a: Greninja|63\/100 tox|[from] item: Life Orb\n|\n|-damage|p1a: Greninja|45\/100 tox|[from] psn\n|upkeep\n|\n|t:|1699563418\n|switch|p2a: Meowscarada|Meowscarada, M|100\/100\n|turn|18\n|\n|t:|1699563424\n|switch|p1a: Leafeon|Leafeon, M|100\/100\n|move|p2a: Meowscarada|Flower Trick|p1a: Leafeon\n|-resisted|p1a: Leafeon\n|-crit|p1a: Leafeon\n|-damage|p1a: Leafeon|80\/100\n|\n|-heal|p1a: Leafeon|86\/100|[from] item: Leftovers\n|upkeep\n|turn|19\n|\n|t:|1699563432\n|move|p2a: Meowscarada|U-turn|p1a: Leafeon\n|-supereffective|p1a: Leafeon\n|-damage|p1a: Leafeon|50\/100\n|\n|t:|1699563435\n|switch|p2a: Skeledirge|Skeledirge, F|100\/100|[from] U-turn\n|move|p1a: Leafeon|Wish|p1a: Leafeon\n|\n|-heal|p1a: Leafeon|56\/100|[from] item: Leftovers\n|upkeep\n|turn|20\n|\n|t:|1699563442\n|switch|p1a: Greninja|Greninja, M|45\/100 tox\n|move|p2a: Skeledirge|Torch Song|p1a: Greninja\n|-resisted|p1a: Greninja\n|-damage|p1a: Greninja|23\/100 tox\n|-boost|p2a: Skeledirge|spa|1\n|\n|-heal|p1a: Greninja|82\/100 tox|[from] move: Wish|[wisher] Leafeon\n|-damage|p1a: Greninja|76\/100 tox|[from] psn\n|upkeep\n|turn|21\n|\n|t:|1699563462\n|switch|p2a: Primarina|Primarina, F|100\/100\n|move|p1a: Greninja|Scald|p2a: Primarina\n|-start|p1a: Greninja|typechange|Water|[from] ability: Protean\n|-resisted|p2a: Primarina\n|-damage|p2a: Primarina|78\/100\n|-damage|p1a: Greninja|66\/100 tox|[from] item: Life Orb\n|\n|-damage|p1a: Greninja|54\/100 tox|[from] psn\n|upkeep\n|turn|22\n|inactive|Feigar2004 has 120 seconds left.\n|\n|t:|1699563479\n|switch|p1a: Corviknight|Corviknight, M|8\/100\n|move|p2a: Primarina|Psychic|p1a: Corviknight\n|-resisted|p1a: Corviknight\n|-damage|p1a: Corviknight|0 fnt\n|faint|p1a: Corviknight\n|\n|upkeep\n|inactive|Feigar2004 has 120 seconds left.\n|\n|t:|1699563487\n|switch|p1a: Beedrill|Beedrill, M|100\/100\n|turn|23\n|\n|t:|1699563491\n|detailschange|p1a: Beedrill|Beedrill-Mega, M\n|-mega|p1a: Beedrill|Beedrill|Beedrillite\n|move|p1a: Beedrill|Poison Jab|p2a: Primarina\n|-supereffective|p2a: Primarina\n|-damage|p2a: Primarina|0 fnt\n|faint|p2a: Primarina\n|\n|upkeep\n|\n|t:|1699563497\n|switch|p2a: Skeledirge|Skeledirge, F|100\/100\n|turn|24\n|\n|t:|1699563501\n|move|p1a: Beedrill|U-turn|p2a: Skeledirge\n|-resisted|p2a: Skeledirge\n|-damage|p2a: Skeledirge|91\/100\n|\n|t:|1699563513\n|switch|p1a: Greninja|Greninja, M|54\/100 tox|[from] U-turn\n|move|p2a: Skeledirge|Torch Song|p1a: Greninja\n|-resisted|p1a: Greninja\n|-damage|p1a: Greninja|31\/100 tox\n|-boost|p2a: Skeledirge|spa|1\n|\n|-heal|p2a: Skeledirge|97\/100|[from] item: Leftovers\n|-damage|p1a: Greninja|25\/100 tox|[from] psn\n|upkeep\n|turn|25\n|\n|t:|1699563526\n|switch|p2a: Corviknight|Corviknight, F|100\/100\n|-ability|p2a: Corviknight|Pressure\n|move|p1a: Greninja|Scald|p2a: Corviknight\n|-start|p1a: Greninja|typechange|Water|[from] ability: Protean\n|-damage|p2a: Corviknight|65\/100\n|-damage|p1a: Greninja|15\/100 tox|[from] item: Life Orb\n|\n|-damage|p1a: Greninja|3\/100 tox|[from] psn\n|upkeep\n|turn|26\n|\n|t:|1699563544\n|move|p1a: Greninja|Scald|p2a: Corviknight\n|-damage|p2a: Corviknight|29\/100\n|-damage|p1a: Greninja|0 fnt|[from] item: Life Orb\n|faint|p1a: Greninja\n|move|p2a: Corviknight|Iron Defense|p2a: Corviknight\n|-boost|p2a: Corviknight|def|2\n|\n|upkeep\n|\n|t:|1699563554\n|switch|p1a: Skeledirge|Skeledirge, M|100\/100\n|turn|27\n|\n|t:|1699563559\n|move|p2a: Corviknight|Roost|p2a: Corviknight\n|-heal|p2a: Corviknight|78\/100\n|-singleturn|p2a: Corviknight|move: Roost\n|move|p1a: Skeledirge|Torch Song|p2a: Corviknight\n|-supereffective|p2a: Corviknight\n|-damage|p2a: Corviknight|18\/100\n|-boost|p1a: Skeledirge|spa|1\n|\n|upkeep\n|turn|28\n|\n|t:|1699563569\n|move|p2a: Corviknight|Iron Head|p1a: Skeledirge\n|-resisted|p1a: Skeledirge\n|-damage|p1a: Skeledirge|91\/100\n|move|p1a: Skeledirge|Torch Song|p2a: Corviknight\n|-supereffective|p2a: Corviknight\n|-damage|p2a: Corviknight|0 fnt\n|-boost|p1a: Skeledirge|spa|1\n|faint|p2a: Corviknight\n|\n|upkeep\n|\n|t:|1699563580\n|switch|p2a: Meowscarada|Meowscarada, M|100\/100\n|turn|29\n|\n|t:|1699563586\n|move|p2a: Meowscarada|Knock Off|p1a: Skeledirge\n|-supereffective|p1a: Skeledirge\n|-damage|p1a: Skeledirge|13\/100\n|-enditem|p1a: Skeledirge|Assault Vest|[from] move: Knock Off|[of] p2a: Meowscarada\n|move|p1a: Skeledirge|Torch Song|p2a: Meowscarada\n|-supereffective|p2a: Meowscarada\n|-damage|p2a: Meowscarada|0 fnt\n|-boost|p1a: Skeledirge|spa|1\n|faint|p2a: Meowscarada\n|\n|upkeep\n|\n|t:|1699563594\n|switch|p2a: Skeledirge|Skeledirge, F|97\/100\n|turn|30\n|\n|t:|1699563598\n|move|p1a: Skeledirge|Earth Power|p2a: Skeledirge\n|-supereffective|p2a: Skeledirge\n|-crit|p2a: Skeledirge\n|-damage|p2a: Skeledirge|0 fnt\n|faint|p2a: Skeledirge\n|\n|win|Feigar2004\n|raw|Feigar2004's rating: 1231 &rarr; <strong>1250<\/strong><br \/>(+19 for winning)\n|raw|DylanoSR's rating: 1140 &rarr; <strong>1121<\/strong><br \/>(-19 for losing)\n|l|\u2606DylanoSR\n","uploadtime":1699563605,"views":4,"p1id":"feigar2004","p2id":"dylanosr","formatid":"gen9nationaldex","rating":1121,"private":0,"password":""}