{"id":"gen9nationaldex-1991168639","p1":"Mr.X&Y97","p2":"polmpolmpolm","format":"[Gen 9] National Dex","log":"|j|\u2606Mr.X&Y97\n|j|\u2606polmpolmpolm\n|t:|1700052845\n|gametype|singles\n|player|p1|Mr.X&Y97|blue|1505\n|player|p2|polmpolmpolm|266|1396\n|teamsize|p1|6\n|teamsize|p2|6\n|gen|9\n|tier|[Gen 9] National Dex\n|rated|\n|rule|HP Percentage Mod: HP is shown in percentages\n|rule|Endless Battle Clause: Forcing endless battles is banned\n|rule|OHKO Clause: OHKO moves are banned\n|rule|Evasion Clause: Evasion abilities, items, and moves are banned\n|rule|Evasion Abilities Clause: Evasion abilities are banned\n|rule|Evasion Items Clause: Evasion items are banned\n|rule|Evasion Moves Clause: Evasion moves are banned\n|rule|Species Clause: Limit one of each Pok\u00e9mon\n|rule|Sleep Clause Mod: Limit one foe put to sleep\n|clearpoke\n|poke|p1|Zapdos|\n|poke|p1|Volcarona, F|\n|poke|p1|Lopunny, F|\n|poke|p1|Rillaboom, M|\n|poke|p1|Greninja-*, M|\n|poke|p1|Kyurem|\n|poke|p2|Glimmora, F|\n|poke|p2|Ferrothorn, F|\n|poke|p2|Celesteela|\n|poke|p2|Blissey, F|\n|poke|p2|Garganacl, F|\n|poke|p2|Mandibuzz, F|\n|teampreview\n|inactive|Battle timer is ON: inactive players will automatically lose when time's up. (requested by Mr.X&Y97)\n|\n|t:|1700052871\n|start\n|switch|p1a: Greninja|Greninja, M|100\/100\n|switch|p2a: Glimmora|Glimmora, F|100\/100\n|turn|1\n|\n|t:|1700052886\n|move|p1a: Greninja|Water Shuriken|p2a: Glimmora\n|-supereffective|p2a: Glimmora\n|-damage|p2a: Glimmora|74\/100\n|-supereffective|p2a: Glimmora\n|-damage|p2a: Glimmora|49\/100\n|-supereffective|p2a: Glimmora\n|-damage|p2a: Glimmora|25\/100\n|-supereffective|p2a: Glimmora\n|-damage|p2a: Glimmora|0 fnt\n|faint|p2a: Glimmora\n|-ability|p1a: Greninja|Battle Bond|boost\n|-boost|p1a: Greninja|atk|1\n|-boost|p1a: Greninja|spa|1\n|-boost|p1a: Greninja|spe|1\n|-activate|p1a: Greninja|ability: Battle Bond\n|-hitcount|p2: Glimmora|4\n|-damage|p1a: Greninja|91\/100|[from] item: Life Orb\n|\n|upkeep\n|\n|t:|1700052893\n|switch|p2a: Ferrothorn|Ferrothorn, F|100\/100\n|turn|2\n|\n|t:|1700052896\n|move|p1a: Greninja|Dark Pulse|p2a: Ferrothorn\n|-damage|p2a: Ferrothorn|43\/100\n|-damage|p1a: Greninja|81\/100|[from] item: Life Orb\n|move|p2a: Ferrothorn|Power Whip|p1a: Greninja\n|-supereffective|p1a: Greninja\n|-damage|p1a: Greninja|0 fnt\n|faint|p1a: Greninja\n|\n|-heal|p2a: Ferrothorn|49\/100|[from] item: Leftovers\n|upkeep\n|inactive|Mr.X&Y97 has 120 seconds left.\n|\n|t:|1700052927\n|switch|p1a: Volcarona|Volcarona, F|100\/100\n|turn|3\n|inactive|Mr.X&Y97 has 120 seconds left.\n|\n|t:|1700052939\n|switch|p2a: Blissey|Blissey, F|100\/100\n|move|p1a: Volcarona|Quiver Dance|p1a: Volcarona\n|-boost|p1a: Volcarona|spa|1\n|-boost|p1a: Volcarona|spd|1\n|-boost|p1a: Volcarona|spe|1\n|\n|upkeep\n|turn|4\n|inactive|Mr.X&Y97 has 120 seconds left.\n|\n|t:|1700052949\n|move|p1a: Volcarona|Quiver Dance|p1a: Volcarona\n|-boost|p1a: Volcarona|spa|1\n|-boost|p1a: Volcarona|spd|1\n|-boost|p1a: Volcarona|spe|1\n|move|p2a: Blissey|Calm Mind|p2a: Blissey\n|-boost|p2a: Blissey|spa|1\n|-boost|p2a: Blissey|spd|1\n|\n|upkeep\n|turn|5\n|inactive|Mr.X&Y97 has 120 seconds left.\n|\n|t:|1700052960\n|switch|p1a: Lopunny|Lopunny, F|100\/100\n|move|p2a: Blissey|Tri Attack|p1a: Lopunny\n|-damage|p1a: Lopunny|23\/100\n|-damage|p2a: Blissey|91\/100|[from] item: Life Orb\n|\n|upkeep\n|turn|6\n|\n|t:|1700052969\n|switch|p2a: Ferrothorn|Ferrothorn, F|49\/100\n|detailschange|p1a: Lopunny|Lopunny-Mega, F\n|-mega|p1a: Lopunny|Lopunny|Lopunnite\n|move|p1a: Lopunny|Close Combat|p2a: Ferrothorn\n|-supereffective|p2a: Ferrothorn\n|-damage|p2a: Ferrothorn|0 fnt\n|-unboost|p1a: Lopunny|def|1\n|-unboost|p1a: Lopunny|spd|1\n|-damage|p1a: Lopunny|10\/100|[from] ability: Iron Barbs|[of] p2a: Ferrothorn\n|faint|p2a: Ferrothorn\n|\n|upkeep\n|\n|t:|1700052983\n|switch|p2a: Mandibuzz|Mandibuzz, F|100\/100\n|turn|7\n|\n|t:|1700052991\n|move|p1a: Lopunny|Triple Axel|p2a: Mandibuzz\n|-supereffective|p2a: Mandibuzz\n|-damage|p2a: Mandibuzz|88\/100\n|-ability|p2a: Mandibuzz|Weak Armor|boost\n|-unboost|p2a: Mandibuzz|def|1\n|-boost|p2a: Mandibuzz|spe|2\n|-hitcount|p2a: Mandibuzz|1\n|move|p2a: Mandibuzz|Nasty Plot|p2a: Mandibuzz\n|-boost|p2a: Mandibuzz|spa|2\n|\n|upkeep\n|turn|8\n|\n|t:|1700053004\n|move|p2a: Mandibuzz|Dark Pulse|p1a: Lopunny\n|-resisted|p1a: Lopunny\n|-damage|p1a: Lopunny|0 fnt\n|faint|p1a: Lopunny\n|\n|upkeep\n|\n|t:|1700053017\n|switch|p1a: Kyurem|Kyurem|100\/100\n|-ability|p1a: Kyurem|Pressure\n|turn|9\n|\n|t:|1700053024\n|move|p2a: Mandibuzz|Dark Pulse|p1a: Kyurem\n|-damage|p1a: Kyurem|46\/100\n|move|p1a: Kyurem|Freeze-Dry|p2a: Mandibuzz\n|-supereffective|p2a: Mandibuzz\n|-damage|p2a: Mandibuzz|6\/100\n|\n|upkeep\n|turn|10\n|\n|t:|1700053040\n|move|p2a: Mandibuzz|Dark Pulse|p1a: Kyurem\n|-damage|p1a: Kyurem|0 fnt\n|faint|p1a: Kyurem\n|\n|upkeep\n|\n|t:|1700053042\n|switch|p1a: Rillaboom|Rillaboom, M|100\/100\n|-fieldstart|move: Grassy Terrain|[from] ability: Grassy Surge|[of] p1a: Rillaboom\n|turn|11\n|\n|t:|1700053047\n|move|p1a: Rillaboom|Grassy Glide|p2a: Mandibuzz\n|-resisted|p2a: Mandibuzz\n|-damage|p2a: Mandibuzz|0 fnt\n|faint|p2a: Mandibuzz\n|\n|upkeep\n|\n|t:|1700053052\n|switch|p2a: Celesteela|Celesteela|100\/100\n|turn|12\n|\n|t:|1700053061\n|switch|p1a: Volcarona|Volcarona, F|100\/100\n|move|p2a: Celesteela|Autotomize|p2a: Celesteela\n|-boost|p2a: Celesteela|spe|2\n|-start|p2a: Celesteela|Autotomize\n|\n|upkeep\n|turn|13\n|\n|t:|1700053067\n|move|p2a: Celesteela|Air Slash|p1a: Volcarona|[miss]\n|-miss|p2a: Celesteela|p1a: Volcarona\n|move|p1a: Volcarona|Quiver Dance|p1a: Volcarona\n|-boost|p1a: Volcarona|spa|1\n|-boost|p1a: Volcarona|spd|1\n|-boost|p1a: Volcarona|spe|1\n|\n|upkeep\n|turn|14\n|\n|t:|1700053074\n|switch|p2a: Blissey|Blissey, F|91\/100\n|move|p1a: Volcarona|Quiver Dance|p1a: Volcarona\n|-boost|p1a: Volcarona|spa|1\n|-boost|p1a: Volcarona|spd|1\n|-boost|p1a: Volcarona|spe|1\n|\n|-heal|p2a: Blissey|97\/100|[from] Grassy Terrain\n|upkeep\n|turn|15\n|\n|t:|1700053101\n|move|p1a: Volcarona|Quiver Dance|p1a: Volcarona\n|-boost|p1a: Volcarona|spa|1\n|-boost|p1a: Volcarona|spd|1\n|-boost|p1a: Volcarona|spe|1\n|move|p2a: Blissey|Tri Attack|p1a: Volcarona\n|-damage|p1a: Volcarona|87\/100\n|-status|p1a: Volcarona|par\n|-enditem|p1a: Volcarona|Lum Berry|[eat]\n|-curestatus|p1a: Volcarona|par|[msg]\n|-damage|p2a: Blissey|87\/100|[from] item: Life Orb\n|\n|-heal|p1a: Volcarona|93\/100|[from] Grassy Terrain\n|-heal|p2a: Blissey|93\/100|[from] Grassy Terrain\n|-fieldend|move: Grassy Terrain\n|upkeep\n|turn|16\n|\n|t:|1700053111\n|move|p1a: Volcarona|Fiery Dance|p2a: Blissey\n|-damage|p2a: Blissey|61\/100\n|-boost|p1a: Volcarona|spa|1\n|move|p2a: Blissey|Tri Attack|p1a: Volcarona\n|-damage|p1a: Volcarona|79\/100\n|-status|p1a: Volcarona|frz\n|-damage|p2a: Blissey|51\/100|[from] item: Life Orb\n|\n|upkeep\n|turn|17\n|\n|t:|1700053117\n|cant|p1a: Volcarona|frz\n|move|p2a: Blissey|Calm Mind|p2a: Blissey\n|-boost|p2a: Blissey|spa|1\n|-boost|p2a: Blissey|spd|1\n|\n|upkeep\n|turn|18\n|\n|t:|1700053120\n|switch|p1a: Rillaboom|Rillaboom, M|100\/100\n|-fieldstart|move: Grassy Terrain|[from] ability: Grassy Surge|[of] p1a: Rillaboom\n|move|p2a: Blissey|Tri Attack|p1a: Rillaboom\n|-damage|p1a: Rillaboom|20\/100\n|-status|p1a: Rillaboom|frz\n|-damage|p2a: Blissey|41\/100|[from] item: Life Orb\n|\n|-heal|p1a: Rillaboom|26\/100 frz|[from] Grassy Terrain\n|-heal|p2a: Blissey|47\/100|[from] Grassy Terrain\n|upkeep\n|turn|19\n|\n|t:|1700053125\n|cant|p1a: Rillaboom|frz\n|move|p2a: Blissey|Tri Attack|p1a: Rillaboom\n|-damage|p1a: Rillaboom|0 fnt\n|faint|p1a: Rillaboom\n|-damage|p2a: Blissey|37\/100|[from] item: Life Orb\n|\n|-heal|p2a: Blissey|43\/100|[from] Grassy Terrain\n|upkeep\n|\n|t:|1700053138\n|switch|p1a: Zapdos|Zapdos|100\/100\n|turn|20\n|\n|t:|1700053145\n|-terastallize|p1a: Zapdos|Steel\n|move|p1a: Zapdos|Discharge|p2a: Blissey\n|-damage|p2a: Blissey|35\/100\n|-status|p2a: Blissey|par\n|cant|p2a: Blissey|par\n|\n|-heal|p2a: Blissey|41\/100 par|[from] Grassy Terrain\n|upkeep\n|turn|21\n|\n|t:|1700053155\n|move|p1a: Zapdos|U-turn|p2a: Blissey\n|-damage|p2a: Blissey|17\/100 par\n|\n|t:|1700053157\n|switch|p1a: Volcarona|Volcarona, F|79\/100 frz|[from] U-turn\n|cant|p2a: Blissey|par\n|\n|-heal|p1a: Volcarona|85\/100 frz|[from] Grassy Terrain\n|-heal|p2a: Blissey|23\/100 par|[from] Grassy Terrain\n|upkeep\n|turn|22\n|\n|t:|1700053161\n|switch|p1a: Zapdos|Zapdos, tera:Steel|100\/100\n|move|p2a: Blissey|Tri Attack|p1a: Zapdos\n|-resisted|p1a: Zapdos\n|-damage|p1a: Zapdos|70\/100\n|-damage|p2a: Blissey|13\/100 par|[from] item: Life Orb\n|\n|-heal|p1a: Zapdos|76\/100|[from] Grassy Terrain\n|-heal|p2a: Blissey|19\/100 par|[from] Grassy Terrain\n|-fieldend|move: Grassy Terrain\n|upkeep\n|turn|23\n|\n|t:|1700053165\n|move|p1a: Zapdos|U-turn|p2a: Blissey\n|-damage|p2a: Blissey|0 fnt\n|faint|p2a: Blissey\n|\n|t:|1700053168\n|switch|p1a: Volcarona|Volcarona, F|85\/100 frz|[from] U-turn\n|\n|upkeep\n|\n|t:|1700053170\n|switch|p2a: Garganacl|Garganacl, F|100\/100\n|turn|24\n|\n|t:|1700053175\n|-curestatus|p1a: Volcarona|frz|[msg]\n|move|p1a: Volcarona|Giga Drain|p2a: Garganacl\n|-supereffective|p2a: Garganacl\n|-damage|p2a: Garganacl|57\/100\n|-heal|p1a: Volcarona|100\/100|[from] drain|[of] p2a: Garganacl\n|move|p2a: Garganacl|Earthquake|p1a: Volcarona\n|-damage|p1a: Volcarona|59\/100\n|\n|upkeep\n|turn|25\n|\n|t:|1700053181\n|switch|p2a: Celesteela|Celesteela|100\/100\n|move|p1a: Volcarona|Quiver Dance|p1a: Volcarona\n|-boost|p1a: Volcarona|spa|1\n|-boost|p1a: Volcarona|spd|1\n|-boost|p1a: Volcarona|spe|1\n|\n|upkeep\n|turn|26\n|\n|t:|1700053187\n|move|p1a: Volcarona|Fiery Dance|p2a: Celesteela\n|-supereffective|p2a: Celesteela\n|-damage|p2a: Celesteela|0 fnt\n|-boost|p1a: Volcarona|spa|1\n|faint|p2a: Celesteela\n|\n|upkeep\n|\n|t:|1700053194\n|switch|p2a: Garganacl|Garganacl, F|57\/100\n|turn|27\n|\n|t:|1700053199\n|-terastallize|p2a: Garganacl|Rock\n|move|p1a: Volcarona|Giga Drain|p2a: Garganacl\n|-supereffective|p2a: Garganacl\n|-damage|p2a: Garganacl|0 fnt\n|-heal|p1a: Volcarona|90\/100|[from] drain|[of] p2a: Garganacl\n|faint|p2a: Garganacl\n|\n|win|Mr.X&Y97\n|raw|Mr.X&amp;Y97's rating: 1505 &rarr; <strong>1519<\/strong><br \/>(+14 for winning)\n|raw|polmpolmpolm's rating: 1396 &rarr; <strong>1382<\/strong><br \/>(-14 for losing)\n|l|\u2606polmpolmpolm\n|c|\u2606Mr.X&Y97|Ggs wp!\n","uploadtime":1700053216,"views":4,"p1id":"mrxy97","p2id":"polmpolmpolm","formatid":"gen9nationaldex","rating":1382,"private":0,"password":""}