{"id":"gen9nationaldex-1998630967","p1":"godpartikle","p2":"TPD JOHTO","format":"[Gen 9] National Dex","log":"|html|<div class=\"broadcast-blue\"><strong>[Gen 9] National Dex is currently suspecting Sneasler! For information on how to participate check out the <a href=\"https:\/\/www.smogon.com\/forums\/threads\/sv-national-dex-suspect-8-just-dance.3731534\/\">suspect thread<\/a>.<\/strong><\/div>\n|j|\u2606godpartikle\n|j|\u2606TPD JOHTO\n|t:|1700965200\n|gametype|singles\n|player|p1|godpartikle|roark|1678\n|player|p2|TPD JOHTO|drayden|1639\n|teamsize|p1|6\n|teamsize|p2|6\n|gen|9\n|tier|[Gen 9] National Dex\n|rated|\n|rule|HP Percentage Mod: HP is shown in percentages\n|rule|Endless Battle Clause: Forcing endless battles is banned\n|rule|OHKO Clause: OHKO moves are banned\n|rule|Evasion Clause: Evasion abilities, items, and moves are banned\n|rule|Evasion Abilities Clause: Evasion abilities are banned\n|rule|Evasion Items Clause: Evasion items are banned\n|rule|Evasion Moves Clause: Evasion moves are banned\n|rule|Species Clause: Limit one of each Pok\u00e9mon\n|rule|Sleep Clause Mod: Limit one foe put to sleep\n|clearpoke\n|poke|p1|Rillaboom, M|\n|poke|p1|Kartana|\n|poke|p1|Heatran, F|\n|poke|p1|Zapdos|\n|poke|p1|Garganacl, F|\n|poke|p1|Latios, M|\n|poke|p2|Raikou|\n|poke|p2|Suicune|\n|poke|p2|Entei|\n|poke|p2|Tyranitar, F|\n|poke|p2|Celebi|\n|poke|p2|Skarmory, M|\n|teampreview\n|c|\u2606TPD JOHTO|Glhf\n|c|\u2606godpartikle|glhf\n|\n|t:|1700965285\n|start\n|switch|p1a: Garganacl|Garganacl, F|100\/100\n|switch|p2a: Rock|Tyranitar, F, shiny|100\/100\n|-weather|Sandstorm|[from] ability: Sand Stream|[of] p2a: Rock\n|turn|1\n|\n|t:|1700965337\n|switch|p2a: Paper|Celebi|100\/100\n|move|p1a: Garganacl|Salt Cure|p2a: Paper\n|-damage|p2a: Paper|91\/100\n|-start|p2a: Paper|Salt Cure\n|\n|-weather|Sandstorm|[upkeep]\n|-damage|p2a: Paper|84\/100|[from] Sandstorm\n|-heal|p2a: Paper|91\/100|[from] item: Leftovers\n|-damage|p2a: Paper|78\/100|[from] Salt Cure\n|upkeep\n|turn|2\n|\n|t:|1700965377\n|switch|p2a: Moose|Suicune, shiny|100\/100\n|-ability|p2a: Moose|Pressure\n|switch|p1a: Rillaboom|Rillaboom, M|100\/100\n|-fieldstart|move: Grassy Terrain|[from] ability: Grassy Surge|[of] p1a: Rillaboom\n|\n|-weather|Sandstorm|[upkeep]\n|-damage|p1a: Rillaboom|94\/100|[from] Sandstorm\n|-damage|p2a: Moose|94\/100|[from] Sandstorm\n|-heal|p1a: Rillaboom|100\/100|[from] Grassy Terrain\n|-heal|p2a: Moose|100\/100|[from] Grassy Terrain\n|upkeep\n|turn|3\n|j| one eye ding zhen\n|\n|t:|1700965389\n|switch|p2a: Scissors|Skarmory, M, shiny|100\/100\n|move|p1a: Rillaboom|Knock Off|p2a: Scissors\n|-damage|p2a: Scissors|70\/100\n|-damage|p1a: Rillaboom|84\/100|[from] item: Rocky Helmet|[of] p2a: Scissors\n|-enditem|p2a: Scissors|Rocky Helmet|[from] move: Knock Off|[of] p1a: Rillaboom\n|\n|-weather|Sandstorm|[upkeep]\n|-damage|p1a: Rillaboom|78\/100|[from] Sandstorm\n|-heal|p1a: Rillaboom|84\/100|[from] Grassy Terrain\n|upkeep\n|turn|4\n|j| NicksRokaya\n|\n|t:|1700965401\n|switch|p1a: Heatran|Heatran, F|100\/100\n|move|p2a: Scissors|Spikes|p1a: Heatran\n|-sidestart|p1: godpartikle|Spikes\n|\n|-weather|Sandstorm|[upkeep]\n|upkeep\n|turn|5\n|j| yumya233\n|inactive|Battle timer is ON: inactive players will automatically lose when time's up. (requested by TPD JOHTO)\n|\n|t:|1700965472\n|switch|p2a: Moose|Suicune, shiny|100\/100\n|-ability|p2a: Moose|Pressure\n|move|p1a: Heatran|Magma Storm|p2a: Moose|[miss]\n|-miss|p1a: Heatran|p2a: Moose\n|\n|-weather|none\n|upkeep\n|turn|6\n|l| yumya233\n|\n|t:|1700965496\n|move|p2a: Moose|Substitute|p2a: Moose\n|-start|p2a: Moose|Substitute\n|-damage|p2a: Moose|75\/100\n|move|p1a: Heatran|Toxic|p2a: Moose|[miss]\n|-miss|p1a: Heatran|p2a: Moose\n|\n|-heal|p2a: Moose|82\/100|[from] Grassy Terrain\n|-heal|p2a: Moose|88\/100|[from] item: Leftovers\n|-fieldend|move: Grassy Terrain\n|upkeep\n|turn|7\n|\n|t:|1700965512\n|move|p2a: Moose|Calm Mind|p2a: Moose\n|-boost|p2a: Moose|spa|1\n|-boost|p2a: Moose|spd|1\n|move|p1a: Heatran|Taunt|p2a: Moose\n|-start|p2a: Moose|move: Taunt\n|\n|-heal|p2a: Moose|94\/100|[from] item: Leftovers\n|upkeep\n|turn|8\n|inactive|TPD JOHTO has 120 seconds left.\n|\n|t:|1700965548\n|switch|p1a: Rillaboom|Rillaboom, M|84\/100\n|-damage|p1a: Rillaboom|72\/100|[from] Spikes\n|-fieldstart|move: Grassy Terrain|[from] ability: Grassy Surge|[of] p1a: Rillaboom\n|move|p2a: Moose|Scald|p1a: Rillaboom\n|-resisted|p1a: Rillaboom\n|-damage|p1a: Rillaboom|45\/100\n|\n|-heal|p1a: Rillaboom|51\/100|[from] Grassy Terrain\n|-heal|p2a: Moose|99\/100|[from] Grassy Terrain\n|-heal|p2a: Moose|100\/100|[from] item: Leftovers\n|upkeep\n|turn|9\n|\n|t:|1700965559\n|move|p1a: Rillaboom|Grassy Glide|p2a: Moose\n|-supereffective|p2a: Moose\n|-end|p2a: Moose|Substitute\n|move|p2a: Moose|Scald|p1a: Rillaboom\n|-resisted|p1a: Rillaboom\n|-damage|p1a: Rillaboom|24\/100\n|\n|-heal|p1a: Rillaboom|30\/100|[from] Grassy Terrain\n|upkeep\n|turn|10\n|inactive|TPD JOHTO has 120 seconds left.\n|\n|t:|1700965580\n|switch|p2a: Scissors|Skarmory, M, shiny|70\/100\n|move|p1a: Rillaboom|Grassy Glide|p2a: Scissors\n|-resisted|p2a: Scissors\n|-damage|p2a: Scissors|62\/100\n|\n|-heal|p1a: Rillaboom|37\/100|[from] Grassy Terrain\n|upkeep\n|turn|11\n|inactive|TPD JOHTO has 120 seconds left.\n|inactive|godpartikle has 120 seconds left.\n|inactive|godpartikle has 90 seconds left.\n|\n|t:|1700965642\n|switch|p1a: Zapdos|Zapdos|100\/100\n|move|p2a: Scissors|Spikes|p1a: Zapdos\n|-sidestart|p1: godpartikle|Spikes\n|\n|upkeep\n|turn|12\n|inactive|TPD JOHTO has 120 seconds left.\n|\n|t:|1700965672\n|switch|p2a: Kubo|Raikou, shiny|100\/100\n|-ability|p2a: Kubo|Pressure\n|move|p1a: Zapdos|Defog|p2a: Kubo\n|-unboost|p2a: Kubo|evasion|1\n|-sideend|p1: godpartikle|Spikes|[from] move: Defog|[of] p1a: Zapdos\n|-fieldend|move: Grassy Terrain\n|\n|upkeep\n|turn|13\n|\n|t:|1700965680\n|move|p2a: Kubo|Substitute|p2a: Kubo\n|-start|p2a: Kubo|Substitute\n|-damage|p2a: Kubo|76\/100\n|move|p1a: Zapdos|Volt Switch|p2a: Kubo\n|-resisted|p2a: Kubo\n|-activate|p2a: Kubo|move: Substitute|[damage]\n|\n|t:|1700965684\n|switch|p1a: Latios|Latios, M|100\/100|[from] Volt Switch\n|\n|-heal|p2a: Kubo|82\/100|[from] item: Leftovers\n|upkeep\n|turn|14\n|\n|t:|1700965692\n|detailschange|p1a: Latios|Latios-Mega, M\n|-mega|p1a: Latios|Latios|Latiosite\n|move|p2a: Kubo|Calm Mind|p2a: Kubo\n|-boost|p2a: Kubo|spa|1\n|-boost|p2a: Kubo|spd|1\n|move|p1a: Latios|Psychic|p2a: Kubo\n|-end|p2a: Kubo|Substitute\n|\n|-heal|p2a: Kubo|88\/100|[from] item: Leftovers\n|upkeep\n|turn|15\n|inactive|TPD JOHTO has 120 seconds left.\n|inactive|godpartikle has 120 seconds left.\n|j| cdx\n|inactive|godpartikle has 90 seconds left.\n|\n|t:|1700965737\n|move|p2a: Kubo|Substitute|p2a: Kubo\n|-start|p2a: Kubo|Substitute\n|-damage|p2a: Kubo|63\/100\n|move|p1a: Latios|Psychic|p2a: Kubo\n|-end|p2a: Kubo|Substitute\n|\n|-heal|p2a: Kubo|69\/100|[from] item: Leftovers\n|upkeep\n|turn|16\n|inactive|TPD JOHTO has 120 seconds left.\n|\n|t:|1700965742\n|move|p2a: Kubo|Protect|p2a: Kubo\n|-singleturn|p2a: Kubo|Protect\n|move|p1a: Latios|Psychic|p2a: Kubo\n|-activate|p2a: Kubo|move: Protect\n|\n|-heal|p2a: Kubo|76\/100|[from] item: Leftovers\n|upkeep\n|turn|17\n|\n|t:|1700965749\n|move|p2a: Kubo|Calm Mind|p2a: Kubo\n|-boost|p2a: Kubo|spa|1\n|-boost|p2a: Kubo|spd|1\n|move|p1a: Latios|Psychic|p2a: Kubo\n|-damage|p2a: Kubo|54\/100\n|\n|-heal|p2a: Kubo|60\/100|[from] item: Leftovers\n|upkeep\n|turn|18\n|\n|t:|1700965754\n|move|p2a: Kubo|Substitute|p2a: Kubo\n|-start|p2a: Kubo|Substitute\n|-damage|p2a: Kubo|35\/100\n|move|p1a: Latios|Mystical Fire|p2a: Kubo\n|-activate|p2a: Kubo|move: Substitute|[damage]\n|\n|-heal|p2a: Kubo|42\/100|[from] item: Leftovers\n|upkeep\n|turn|19\n|-message|godpartikle forfeited.\n|\n|win|TPD JOHTO\n|raw|godpartikle's rating: 1678 &rarr; <strong>1656<\/strong><br \/>(-22 for losing)\n|raw|TPD JOHTO's rating: 1639 &rarr; <strong>1661<\/strong><br \/>(+22 for winning)\n|l|\u2606godpartikle\n","uploadtime":1700965799,"views":1,"p1id":"godpartikle","p2id":"tpdjohto","formatid":"gen9nationaldex","rating":1656,"private":0,"password":""}