{"id":"gen9nationaldex-1995685018","p1":"Vvbttij","p2":"Raseninnegan","format":"[Gen 9] National Dex","log":"|html|<div class=\"broadcast-blue\"><strong>[Gen 9] National Dex is currently suspecting Sneasler! For information on how to participate check out the <a href=\"https:\/\/www.smogon.com\/forums\/threads\/sv-national-dex-suspect-8-just-dance.3731534\/\">suspect thread<\/a>.<\/strong><\/div>\n|j|\u2606Vvbttij\n|j|\u2606Raseninnegan\n|t:|1700593790\n|gametype|singles\n|player|p1|Vvbttij|red|1029\n|player|p2|Raseninnegan|gambler|1129\n|teamsize|p1|6\n|teamsize|p2|6\n|gen|9\n|tier|[Gen 9] National Dex\n|rated|\n|rule|HP Percentage Mod: HP is shown in percentages\n|rule|Endless Battle Clause: Forcing endless battles is banned\n|rule|OHKO Clause: OHKO moves are banned\n|rule|Evasion Clause: Evasion abilities, items, and moves are banned\n|rule|Evasion Abilities Clause: Evasion abilities are banned\n|rule|Evasion Items Clause: Evasion items are banned\n|rule|Evasion Moves Clause: Evasion moves are banned\n|rule|Species Clause: Limit one of each Pok\u00e9mon\n|rule|Sleep Clause Mod: Limit one foe put to sleep\n|clearpoke\n|poke|p1|Charizard, M|\n|poke|p1|Blastoise, M|\n|poke|p1|Venusaur, M|\n|poke|p1|Snorlax, F|\n|poke|p1|Lapras, M|\n|poke|p1|Pikachu, F|\n|poke|p2|Hawlucha, F|\n|poke|p2|Pelipper, F|\n|poke|p2|Tapu Koko|\n|poke|p2|Electivire, M|\n|poke|p2|Pikachu-Sinnoh, M|\n|poke|p2|Masquerain, M|\n|teampreview\n|\n|t:|1700593805\n|start\n|switch|p1a: Charizard|Charizard, M|100\/100\n|switch|p2a: Silverwind|Masquerain, M|100\/100\n|-ability|p2a: Silverwind|Intimidate|boost\n|-unboost|p1a: Charizard|atk|1\n|turn|1\n|\n|t:|1700593812\n|move|p1a: Charizard|Belly Drum|p1a: Charizard\n|-damage|p1a: Charizard|50\/100\n|-setboost|p1a: Charizard|atk|6|[from] move: Belly Drum\n|move|p2a: Silverwind|Sticky Web|p1a: Charizard\n|-sidestart|p1: Vvbttij|move: Sticky Web\n|\n|upkeep\n|turn|2\n|\n|t:|1700593822\n|move|p1a: Charizard|Dual Wingbeat|p2a: Silverwind\n|-supereffective|p2a: Silverwind\n|-enditem|p2a: Silverwind|Focus Sash\n|-damage|p2a: Silverwind|1\/100\n|-supereffective|p2a: Silverwind\n|-damage|p2a: Silverwind|0 fnt\n|faint|p2a: Silverwind\n|-hitcount|p2: Silverwind|2\n|\n|upkeep\n|\n|t:|1700593832\n|switch|p2a: Raikuro|Tapu Koko, shiny|100\/100\n|-fieldstart|move: Electric Terrain|[from] ability: Electric Surge|[of] p2a: Raikuro\n|turn|3\n|\n|t:|1700593838\n|-terastallize|p1a: Charizard|Ground\n|move|p2a: Raikuro|Volt Switch|p1a: Charizard\n|-immune|p1a: Charizard\n|move|p1a: Charizard|Dual Wingbeat|p2a: Raikuro\n|-resisted|p2a: Raikuro\n|-damage|p2a: Raikuro|56\/100\n|-resisted|p2a: Raikuro\n|-damage|p2a: Raikuro|9\/100\n|-hitcount|p2a: Raikuro|2\n|\n|upkeep\n|turn|4\n|\n|t:|1700593857\n|switch|p2a: Scuttle|Pelipper, F|100\/100\n|-weather|RainDance|[from] ability: Drizzle|[of] p2a: Scuttle\n|move|p1a: Charizard|Fire Punch|p2a: Scuttle\n|-resisted|p2a: Scuttle\n|-damage|p2a: Scuttle|79\/100\n|\n|-weather|RainDance|[upkeep]\n|upkeep\n|turn|5\n|\n|t:|1700593868\n|move|p1a: Charizard|Dual Wingbeat|p2a: Scuttle\n|-damage|p2a: Scuttle|31\/100\n|-crit|p2a: Scuttle\n|-damage|p2a: Scuttle|0 fnt\n|faint|p2a: Scuttle\n|-hitcount|p2: Scuttle|2\n|\n|-weather|RainDance|[upkeep]\n|upkeep\n|\n|t:|1700593875\n|switch|p2a: Raikuro|Tapu Koko, shiny|9\/100\n|turn|6\n|\n|t:|1700593886\n|move|p2a: Raikuro|Dazzling Gleam|p1a: Charizard\n|-damage|p1a: Charizard|0 fnt\n|faint|p1a: Charizard\n|\n|-weather|RainDance|[upkeep]\n|upkeep\n|\n|t:|1700593893\n|switch|p1a: Lapras|Lapras, M|100\/100\n|-activate|p1a: Lapras|move: Sticky Web\n|-unboost|p1a: Lapras|spe|1\n|turn|7\n|\n|t:|1700593900\n|switch|p2a: El Tigre|Hawlucha, F|100\/100\n|-enditem|p2a: El Tigre|Electric Seed\n|-boost|p2a: El Tigre|def|1|[from] item: Electric Seed\n|switch|p1a: Pikachu|Pikachu, F|100\/100\n|-activate|p1a: Pikachu|move: Sticky Web\n|-unboost|p1a: Pikachu|spe|1\n|\n|-weather|RainDance|[upkeep]\n|-fieldend|move: Electric Terrain\n|upkeep\n|turn|8\n|\n|t:|1700593912\n|move|p2a: El Tigre|High Jump Kick|p1a: Pikachu\n|-damage|p1a: Pikachu|0 fnt\n|faint|p1a: Pikachu\n|\n|-weather|RainDance|[upkeep]\n|upkeep\n|\n|t:|1700593914\n|switch|p1a: Blastoise|Blastoise, M|100\/100\n|-activate|p1a: Blastoise|move: Sticky Web\n|-unboost|p1a: Blastoise|spe|1\n|turn|9\n|\n|t:|1700593920\n|-terastallize|p2a: El Tigre|Flying\n|move|p2a: El Tigre|Acrobatics|p1a: Blastoise\n|-damage|p1a: Blastoise|18\/100\n|move|p1a: Blastoise|Rapid Spin|p2a: El Tigre\n|-damage|p2a: El Tigre|93\/100\n|-boost|p1a: Blastoise|spe|1\n|-sideend|p1: Vvbttij|Sticky Web|[from] move: Rapid Spin|[of] p1a: Blastoise\n|\n|-weather|RainDance|[upkeep]\n|upkeep\n|turn|10\n|\n|t:|1700593932\n|move|p2a: El Tigre|Acrobatics|p1a: Blastoise\n|-damage|p1a: Blastoise|0 fnt\n|faint|p1a: Blastoise\n|\n|-weather|RainDance|[upkeep]\n|upkeep\n|\n|t:|1700593934\n|switch|p1a: Venusaur|Venusaur, M|100\/100\n|turn|11\n|\n|t:|1700593944\n|detailschange|p1a: Venusaur|Venusaur-Mega, M\n|-mega|p1a: Venusaur|Venusaur|Venusaurite\n|move|p2a: El Tigre|Acrobatics|p1a: Venusaur\n|-supereffective|p1a: Venusaur\n|-damage|p1a: Venusaur|28\/100\n|move|p1a: Venusaur|Toxic|p2a: El Tigre\n|-status|p2a: El Tigre|tox\n|\n|-weather|none\n|-damage|p2a: El Tigre|87\/100 tox|[from] psn\n|upkeep\n|turn|12\n|\n|t:|1700593953\n|move|p2a: El Tigre|Acrobatics|p1a: Venusaur\n|-supereffective|p1a: Venusaur\n|-damage|p1a: Venusaur|0 fnt\n|faint|p1a: Venusaur\n|\n|-damage|p2a: El Tigre|74\/100 tox|[from] psn\n|upkeep\n|\n|t:|1700593956\n|switch|p1a: Snorlax|Snorlax, F, shiny|100\/100\n|turn|13\n|\n|t:|1700593963\n|move|p2a: El Tigre|High Jump Kick|p1a: Snorlax|[miss]\n|-miss|p2a: El Tigre|p1a: Snorlax\n|-damage|p2a: El Tigre|24\/100 tox|[from] highjumpkick\n|move|p1a: Snorlax|Body Slam|p2a: El Tigre\n|-damage|p2a: El Tigre|0 fnt\n|faint|p2a: El Tigre\n|\n|upkeep\n|\n|t:|1700593972\n|switch|p2a: ShockSquatch|Electivire, M, shiny|100\/100\n|turn|14\n|\n|t:|1700593975\n|move|p2a: ShockSquatch|Thunder Wave|p1a: Snorlax\n|-status|p1a: Snorlax|par\n|move|p1a: Snorlax|Earthquake|p2a: ShockSquatch\n|-supereffective|p2a: ShockSquatch\n|-damage|p2a: ShockSquatch|0 fnt\n|faint|p2a: ShockSquatch\n|\n|upkeep\n|\n|t:|1700593982\n|switch|p2a: Pika|Pikachu-Sinnoh, M|100\/100\n|turn|15\n|\n|t:|1700593985\n|move|p2a: Pika|Volt Tackle|p1a: Snorlax\n|-damage|p1a: Snorlax|37\/100 par\n|-enditem|p1a: Snorlax|Aguav Berry|[eat]\n|-heal|p1a: Snorlax|71\/100 par|[from] item: Aguav Berry\n|-damage|p2a: Pika|49\/100|[from] Recoil\n|move|p1a: Snorlax|Body Slam|p2a: Pika\n|-damage|p2a: Pika|0 fnt\n|faint|p2a: Pika\n|\n|upkeep\n|\n|t:|1700593994\n|switch|p2a: Raikuro|Tapu Koko, shiny|9\/100\n|-fieldstart|move: Electric Terrain|[from] ability: Electric Surge|[of] p2a: Raikuro\n|turn|16\n|\n|t:|1700594000\n|move|p2a: Raikuro|Thunderbolt|p1a: Snorlax\n|-damage|p1a: Snorlax|27\/100 par\n|cant|p1a: Snorlax|par\n|\n|upkeep\n|turn|17\n|\n|t:|1700594007\n|move|p2a: Raikuro|Thunderbolt|p1a: Snorlax\n|-damage|p1a: Snorlax|0 fnt\n|faint|p1a: Snorlax\n|\n|upkeep\n|\n|t:|1700594009\n|switch|p1a: Lapras|Lapras, M|100\/100\n|turn|18\n|\n|t:|1700594012\n|move|p1a: Lapras|Ice Shard|p2a: Raikuro\n|-damage|p2a: Raikuro|0 fnt\n|faint|p2a: Raikuro\n|\n|win|Vvbttij\n|raw|Vvbttij's rating: 1029 &rarr; <strong>1075<\/strong><br \/>(+46 for winning)\n|raw|Raseninnegan's rating: 1129 &rarr; <strong>1097<\/strong><br \/>(-32 for losing)\n|c|\u2606Vvbttij|Gg\n|c|\u2606Raseninnegan|gg\n","uploadtime":1700594018,"views":0,"p1id":"vvbttij","p2id":"raseninnegan","formatid":"gen9nationaldex","rating":1075,"private":0,"password":""}