{"id":"gen9nationaldex-1987370168","p1":"LordGoruta","p2":"RandoTestAccount","format":"[Gen 9] National Dex","log":"|j|\u2606LordGoruta\n|j|\u2606RandoTestAccount\n|t:|1699582820\n|gametype|singles\n|player|p1|LordGoruta|eusine|1338\n|player|p2|RandoTestAccount|pokemonrangerf|1345\n|teamsize|p1|6\n|teamsize|p2|6\n|gen|9\n|tier|[Gen 9] National Dex\n|rated|\n|rule|HP Percentage Mod: HP is shown in percentages\n|rule|Endless Battle Clause: Forcing endless battles is banned\n|rule|OHKO Clause: OHKO moves are banned\n|rule|Evasion Clause: Evasion abilities, items, and moves are banned\n|rule|Evasion Abilities Clause: Evasion abilities are banned\n|rule|Evasion Items Clause: Evasion items are banned\n|rule|Evasion Moves Clause: Evasion moves are banned\n|rule|Species Clause: Limit one of each Pok\u00e9mon\n|rule|Sleep Clause Mod: Limit one foe put to sleep\n|clearpoke\n|poke|p1|Cottonee, F|\n|poke|p1|Torterra, M|\n|poke|p1|Aurorus, M|\n|poke|p1|Beedrill, M|\n|poke|p1|Victini|\n|poke|p1|Deoxys-Defense|\n|poke|p2|Umbreon, F|\n|poke|p2|Excadrill, F|\n|poke|p2|Corviknight, F|\n|poke|p2|Tapu Fini|\n|poke|p2|Sableye, F|\n|poke|p2|Dragalge, F|\n|teampreview\n|inactive|Battle timer is ON: inactive players will automatically lose when time's up. (requested by RandoTestAccount)\n|\n|t:|1699582828\n|start\n|switch|p1a: Aurorus|Aurorus, M, shiny|100\/100\n|switch|p2a: Agony Steelheart|Dragalge, F, shiny|100\/100\n|-weather|Snow|[from] ability: Snow Warning|[of] p1a: Aurorus\n|turn|1\n|j| OuterDreams\n|\n|t:|1699582840\n|move|p1a: Aurorus|Aurora Veil|p1a: Aurorus\n|-sidestart|p1: LordGoruta|move: Aurora Veil\n|move|p2a: Agony Steelheart|Toxic|p1a: Aurorus\n|-status|p1a: Aurorus|tox\n|\n|-weather|Snow|[upkeep]\n|-damage|p1a: Aurorus|94\/100 tox|[from] psn\n|upkeep\n|turn|2\n|\n|t:|1699582852\n|move|p1a: Aurorus|Stealth Rock|p2a: Agony Steelheart\n|-sidestart|p2: RandoTestAccount|move: Stealth Rock\n|move|p2a: Agony Steelheart|Acid Spray|p1a: Aurorus\n|-resisted|p1a: Aurorus\n|-damage|p1a: Aurorus|91\/100 tox\n|-unboost|p1a: Aurorus|spd|2\n|\n|-weather|Snow|[upkeep]\n|-damage|p1a: Aurorus|79\/100 tox|[from] psn\n|upkeep\n|turn|3\n|\n|t:|1699582858\n|move|p1a: Aurorus|Freeze-Dry|p2a: Agony Steelheart\n|-supereffective|p2a: Agony Steelheart\n|-damage|p2a: Agony Steelheart|72\/100\n|move|p2a: Agony Steelheart|Acid Spray|p1a: Aurorus\n|-resisted|p1a: Aurorus\n|-damage|p1a: Aurorus|72\/100 tox\n|-unboost|p1a: Aurorus|spd|2\n|\n|-weather|Snow|[upkeep]\n|-heal|p2a: Agony Steelheart|78\/100|[from] item: Black Sludge\n|-damage|p1a: Aurorus|53\/100 tox|[from] psn\n|upkeep\n|turn|4\n|inactive|RandoTestAccount has 120 seconds left.\n|\n|t:|1699582891\n|switch|p1a: Best Mega|Beedrill, M, shiny|100\/100\n|move|p2a: Agony Steelheart|Dragon Pulse|p1a: Best Mega\n|-damage|p1a: Best Mega|69\/100\n|\n|-weather|Snow|[upkeep]\n|-heal|p2a: Agony Steelheart|84\/100|[from] item: Black Sludge\n|upkeep\n|turn|5\n|\n|t:|1699582898\n|switch|p2a: Ephialtes Keeper|Corviknight, F, shiny|100\/100\n|-damage|p2a: Ephialtes Keeper|88\/100|[from] Stealth Rock\n|-ability|p2a: Ephialtes Keeper|Pressure\n|detailschange|p1a: Best Mega|Beedrill-Mega, M, shiny\n|-mega|p1a: Best Mega|Beedrill|Beedrillite\n|move|p1a: Best Mega|U-turn|p2a: Ephialtes Keeper\n|-resisted|p2a: Ephialtes Keeper\n|-damage|p2a: Ephialtes Keeper|77\/100\n|-damage|p1a: Best Mega|53\/100|[from] item: Rocky Helmet|[of] p2a: Ephialtes Keeper\n|\n|t:|1699582903\n|switch|p1a: I hate this one|Victini|100\/100|[from] U-turn\n|\n|-weather|none\n|upkeep\n|turn|6\n|\n|t:|1699582916\n|switch|p1a: Stop|Deoxys-Defense, shiny|100\/100\n|-ability|p1a: Stop|Pressure\n|switch|p2a: The Droplet Tear|Tapu Fini, shiny|100\/100\n|-damage|p2a: The Droplet Tear|88\/100|[from] Stealth Rock\n|-fieldstart|move: Misty Terrain|[from] ability: Misty Surge|[of] p2a: The Droplet Tear\n|\n|-heal|p2a: The Droplet Tear|94\/100|[from] item: Leftovers\n|upkeep\n|turn|7\n|\n|t:|1699582923\n|switch|p2a: Spectre of Emerald|Sableye, F, shiny|100\/100\n|-damage|p2a: Spectre of Emerald|88\/100|[from] Stealth Rock\n|move|p1a: Stop|Taunt|p2a: Spectre of Emerald\n|-start|p2a: Spectre of Emerald|move: Taunt\n|\n|upkeep\n|turn|8\n|\n|t:|1699582927\n|detailschange|p2a: Spectre of Emerald|Sableye-Mega, F, shiny\n|-mega|p2a: Spectre of Emerald|Sableye|Sablenite\n|move|p1a: Stop|Cosmic Power|p1a: Stop\n|-boost|p1a: Stop|def|1\n|-boost|p1a: Stop|spd|1\n|move|p2a: Spectre of Emerald|Dark Pulse|p1a: Stop\n|-supereffective|p1a: Stop\n|-damage|p1a: Stop|88\/100\n|\n|-sideend|p1: LordGoruta|move: Aurora Veil\n|upkeep\n|turn|9\n|\n|t:|1699582933\n|move|p1a: Stop|Cosmic Power|p1a: Stop\n|-boost|p1a: Stop|def|1\n|-boost|p1a: Stop|spd|1\n|move|p2a: Spectre of Emerald|Dark Pulse|p1a: Stop\n|-supereffective|p1a: Stop\n|-damage|p1a: Stop|68\/100\n|\n|-end|p2a: Spectre of Emerald|move: Taunt\n|upkeep\n|turn|10\n|inactive|RandoTestAccount has 120 seconds left.\n|\n|t:|1699582977\n|move|p1a: Stop|Night Shade|p2a: Spectre of Emerald\n|-damage|p2a: Spectre of Emerald|55\/100\n|move|p2a: Spectre of Emerald|Calm Mind|p2a: Spectre of Emerald\n|-boost|p2a: Spectre of Emerald|spa|1\n|-boost|p2a: Spectre of Emerald|spd|1\n|\n|-fieldend|Misty Terrain\n|upkeep\n|turn|11\n|\n|t:|1699582988\n|switch|p1a: Torterra|Torterra, M|100\/100\n|move|p2a: Spectre of Emerald|Recover|p2a: Spectre of Emerald\n|-heal|p2a: Spectre of Emerald|100\/100\n|\n|upkeep\n|turn|12\n|\n|t:|1699582994\n|move|p1a: Torterra|Shell Smash|p1a: Torterra\n|-unboost|p1a: Torterra|def|1\n|-unboost|p1a: Torterra|spd|1\n|-boost|p1a: Torterra|atk|2\n|-boost|p1a: Torterra|spa|2\n|-boost|p1a: Torterra|spe|2\n|move|p2a: Spectre of Emerald|Will-O-Wisp|p1a: Torterra|[miss]\n|-miss|p2a: Spectre of Emerald|p1a: Torterra\n|\n|upkeep\n|turn|13\n|\n|t:|1699583002\n|move|p1a: Torterra|Bullet Seed|p2a: Spectre of Emerald\n|-damage|p2a: Spectre of Emerald|86\/100\n|-damage|p2a: Spectre of Emerald|71\/100\n|-damage|p2a: Spectre of Emerald|56\/100\n|-damage|p2a: Spectre of Emerald|40\/100\n|-damage|p2a: Spectre of Emerald|23\/100\n|-hitcount|p2a: Spectre of Emerald|5\n|move|p2a: Spectre of Emerald|Will-O-Wisp|p1a: Torterra\n|-status|p1a: Torterra|brn\n|\n|-damage|p1a: Torterra|94\/100 brn|[from] brn\n|upkeep\n|turn|14\n|\n|t:|1699583012\n|move|p1a: Torterra|Earthquake|p2a: Spectre of Emerald\n|-damage|p2a: Spectre of Emerald|0 fnt\n|faint|p2a: Spectre of Emerald\n|\n|-damage|p1a: Torterra|88\/100 brn|[from] brn\n|upkeep\n|\n|t:|1699583015\n|switch|p2a: Ephialtes Keeper|Corviknight, F, shiny|77\/100\n|-damage|p2a: Ephialtes Keeper|64\/100|[from] Stealth Rock\n|-ability|p2a: Ephialtes Keeper|Pressure\n|turn|15\n|\n|t:|1699583017\n|move|p1a: Torterra|Rock Blast|p2a: Ephialtes Keeper|[miss]\n|-miss|p1a: Torterra|p2a: Ephialtes Keeper\n|move|p2a: Ephialtes Keeper|Defog|p1a: Torterra\n|-unboost|p1a: Torterra|evasion|1\n|-sideend|p2: RandoTestAccount|Stealth Rock|[from] move: Defog|[of] p2a: Ephialtes Keeper\n|\n|-damage|p1a: Torterra|82\/100 brn|[from] brn\n|upkeep\n|turn|16\n|inactive|RandoTestAccount has 120 seconds left.\n|inactive|RandoTestAccount has 90 seconds left.\n|\n|t:|1699583104\n|move|p1a: Torterra|Shell Smash|p1a: Torterra\n|-unboost|p1a: Torterra|def|1\n|-unboost|p1a: Torterra|spd|1\n|-boost|p1a: Torterra|atk|2\n|-boost|p1a: Torterra|spa|2\n|-boost|p1a: Torterra|spe|2\n|move|p2a: Ephialtes Keeper|Brave Bird|p1a: Torterra\n|-supereffective|p1a: Torterra\n|-damage|p1a: Torterra|0 fnt\n|faint|p1a: Torterra\n|-damage|p2a: Ephialtes Keeper|38\/100|[from] Recoil\n|\n|upkeep\n|\n|t:|1699583125\n|switch|p1a: Aurorus|Aurorus, M, shiny|53\/100 tox\n|-weather|Snow|[from] ability: Snow Warning|[of] p1a: Aurorus\n|turn|17\n|inactive|RandoTestAccount has 60 seconds left.\n|inactive|RandoTestAccount has 30 seconds left.\n|\n|t:|1699583177\n|move|p1a: Aurorus|Aurora Veil|p1a: Aurorus\n|-sidestart|p1: LordGoruta|move: Aurora Veil\n|move|p2a: Ephialtes Keeper|Roost|p2a: Ephialtes Keeper\n|-heal|p2a: Ephialtes Keeper|88\/100\n|-singleturn|p2a: Ephialtes Keeper|move: Roost\n|\n|-weather|Snow|[upkeep]\n|-damage|p1a: Aurorus|47\/100 tox|[from] psn\n|upkeep\n|turn|18\n|\n|t:|1699583185\n|move|p1a: Aurorus|Stealth Rock|p2a: Ephialtes Keeper\n|-sidestart|p2: RandoTestAccount|move: Stealth Rock\n|move|p2a: Ephialtes Keeper|Defog|p1a: Aurorus\n|-unboost|p1a: Aurorus|evasion|1\n|-sideend|p1: LordGoruta|move: Aurora Veil\n|-sideend|p2: RandoTestAccount|Stealth Rock|[from] move: Defog|[of] p2a: Ephialtes Keeper\n|\n|-weather|Snow|[upkeep]\n|-damage|p1a: Aurorus|35\/100 tox|[from] psn\n|upkeep\n|turn|19\n|l| OuterDreams\n|inactive|RandoTestAccount has 30 seconds left.\n|inactive|RandoTestAccount has 20 seconds left.\n|inactive|RandoTestAccount has 15 seconds left.\n|inactive|RandoTestAccount has 10 seconds left.\n|\n|t:|1699583225\n|move|p1a: Aurorus|Aurora Veil|p1a: Aurorus\n|-sidestart|p1: LordGoruta|move: Aurora Veil\n|move|p2a: Ephialtes Keeper|Defog|p1a: Aurorus\n|-unboost|p1a: Aurorus|evasion|1\n|-sideend|p1: LordGoruta|move: Aurora Veil\n|\n|-weather|Snow|[upkeep]\n|-damage|p1a: Aurorus|16\/100 tox|[from] psn\n|upkeep\n|turn|20\n|inactive|RandoTestAccount has 20 seconds left this turn.\n|\n|t:|1699583231\n|move|p1a: Aurorus|Freeze-Dry|p2a: Ephialtes Keeper\n|-damage|p2a: Ephialtes Keeper|66\/100\n|move|p2a: Ephialtes Keeper|Defog|p1a: Aurorus\n|-unboost|p1a: Aurorus|evasion|1\n|\n|-weather|Snow|[upkeep]\n|-damage|p1a: Aurorus|0 fnt|[from] psn\n|faint|p1a: Aurorus\n|upkeep\n|inactive|RandoTestAccount has 25 seconds left this turn.\n|\n|t:|1699583235\n|switch|p1a: Cottonee|Cottonee, F|100\/100\n|turn|21\n|\n|t:|1699583237\n|move|p1a: Cottonee|Encore|p2a: Ephialtes Keeper\n|-start|p2a: Ephialtes Keeper|Encore\n|move|p2a: Ephialtes Keeper|Defog|p1a: Cottonee\n|-unboost|p1a: Cottonee|evasion|1\n|\n|-weather|none\n|upkeep\n|turn|22\n|\n|t:|1699583249\n|switch|p1a: Best Mega|Beedrill-Mega, M, shiny|53\/100\n|switch|p2a: The Droplet Tear|Tapu Fini, shiny|94\/100\n|-fieldstart|move: Misty Terrain|[from] ability: Misty Surge|[of] p2a: The Droplet Tear\n|\n|-heal|p2a: The Droplet Tear|99\/100|[from] item: Leftovers\n|upkeep\n|turn|23\n|\n|t:|1699583256\n|switch|p2a: Ephialtes Keeper|Corviknight, F, shiny|66\/100\n|-ability|p2a: Ephialtes Keeper|Pressure\n|move|p1a: Best Mega|U-turn|p2a: Ephialtes Keeper\n|-resisted|p2a: Ephialtes Keeper\n|-damage|p2a: Ephialtes Keeper|56\/100\n|-damage|p1a: Best Mega|36\/100|[from] item: Rocky Helmet|[of] p2a: Ephialtes Keeper\n|\n|t:|1699583259\n|switch|p1a: I hate this one|Victini|100\/100|[from] U-turn\n|\n|upkeep\n|turn|24\n|\n|t:|1699583264\n|switch|p2a: The Droplet Tear|Tapu Fini, shiny|99\/100\n|-zpower|p1a: I hate this one\n|move|p1a: I hate this one|Z-Celebrate|p1a: I hate this one|[anim]Celebrate\n|-boost|p1a: I hate this one|atk|1|[zeffect]\n|-boost|p1a: I hate this one|def|1|[zeffect]\n|-boost|p1a: I hate this one|spa|1|[zeffect]\n|-boost|p1a: I hate this one|spd|1|[zeffect]\n|-boost|p1a: I hate this one|spe|1|[zeffect]\n|-activate|p1a: I hate this one|move: Celebrate\n|\n|-heal|p2a: The Droplet Tear|100\/100|[from] item: Leftovers\n|upkeep\n|turn|25\n|\n|t:|1699583271\n|move|p1a: I hate this one|Charge Beam|p2a: The Droplet Tear\n|-supereffective|p2a: The Droplet Tear\n|-damage|p2a: The Droplet Tear|65\/100\n|move|p2a: The Droplet Tear|Scald|p1a: I hate this one\n|-supereffective|p1a: I hate this one\n|-damage|p1a: I hate this one|67\/100\n|\n|-heal|p2a: The Droplet Tear|71\/100|[from] item: Leftovers\n|upkeep\n|turn|26\n|\n|t:|1699583279\n|move|p1a: I hate this one|Stored Power|p2a: The Droplet Tear\n|-damage|p2a: The Droplet Tear|6\/100\n|move|p2a: The Droplet Tear|Calm Mind|p2a: The Droplet Tear\n|-boost|p2a: The Droplet Tear|spa|1\n|-boost|p2a: The Droplet Tear|spd|1\n|\n|-heal|p2a: The Droplet Tear|12\/100|[from] item: Leftovers\n|-fieldend|Misty Terrain\n|upkeep\n|turn|27\n|\n|t:|1699583288\n|move|p1a: I hate this one|Charge Beam|p2a: The Droplet Tear\n|-supereffective|p2a: The Droplet Tear\n|-damage|p2a: The Droplet Tear|0 fnt\n|-boost|p1a: I hate this one|spa|1\n|faint|p2a: The Droplet Tear\n|\n|upkeep\n|\n|t:|1699583294\n|switch|p2a: Nika Reanukko|Umbreon, F, shiny|100\/100\n|turn|28\n|\n|t:|1699583297\n|move|p1a: I hate this one|Searing Shot|p2a: Nika Reanukko\n|-damage|p2a: Nika Reanukko|55\/100\n|move|p2a: Nika Reanukko|Wish|p2a: Nika Reanukko\n|\n|-heal|p2a: Nika Reanukko|61\/100|[from] item: Leftovers\n|upkeep\n|turn|29\n|\n|t:|1699583303\n|switch|p1a: Best Mega|Beedrill-Mega, M, shiny|36\/100\n|move|p2a: Nika Reanukko|Payback|p1a: Best Mega\n|-damage|p1a: Best Mega|5\/100\n|\n|-heal|p2a: Nika Reanukko|100\/100|[from] move: Wish|[wisher] Nika Reanukko\n|upkeep\n|turn|30\n|\n|t:|1699583308\n|switch|p2a: Ephialtes Keeper|Corviknight, F, shiny|56\/100\n|-ability|p2a: Ephialtes Keeper|Pressure\n|move|p1a: Best Mega|Knock Off|p2a: Ephialtes Keeper\n|-damage|p2a: Ephialtes Keeper|30\/100\n|-damage|p1a: Best Mega|0 fnt|[from] item: Rocky Helmet|[of] p2a: Ephialtes Keeper\n|faint|p1a: Best Mega\n|\n|upkeep\n|\n|t:|1699583312\n|switch|p1a: I hate this one|Victini|67\/100\n|turn|31\n|inactive|RandoTestAccount has 120 seconds left.\n|\n|t:|1699583317\n|switch|p2a: Agony Steelheart|Dragalge, F, shiny|84\/100\n|move|p1a: I hate this one|Charge Beam|p2a: Agony Steelheart\n|-resisted|p2a: Agony Steelheart\n|-damage|p2a: Agony Steelheart|79\/100\n|-boost|p1a: I hate this one|spa|1\n|\n|-heal|p2a: Agony Steelheart|85\/100|[from] item: Black Sludge\n|upkeep\n|turn|32\n|\n|t:|1699583327\n|move|p1a: I hate this one|Charge Beam|p2a: Agony Steelheart\n|-resisted|p2a: Agony Steelheart\n|-damage|p2a: Agony Steelheart|77\/100\n|-boost|p1a: I hate this one|spa|1\n|move|p2a: Agony Steelheart|Toxic|p1a: I hate this one\n|-status|p1a: I hate this one|tox\n|\n|-heal|p2a: Agony Steelheart|83\/100|[from] item: Black Sludge\n|-damage|p1a: I hate this one|61\/100 tox|[from] psn\n|upkeep\n|turn|33\n|\n|t:|1699583334\n|switch|p2a: Nika Reanukko|Umbreon, F, shiny|100\/100\n|move|p1a: I hate this one|Stored Power|p2a: Nika Reanukko\n|-immune|p2a: Nika Reanukko\n|\n|-damage|p1a: I hate this one|49\/100 tox|[from] psn\n|upkeep\n|turn|34\n|\n|t:|1699583337\n|switch|p1a: Cottonee|Cottonee, F|100\/100\n|move|p2a: Nika Reanukko|Payback|p1a: Cottonee\n|-resisted|p1a: Cottonee\n|-damage|p1a: Cottonee|93\/100\n|\n|upkeep\n|turn|35\n|\n|t:|1699583343\n|switch|p1a: Stop|Deoxys-Defense, shiny|68\/100\n|-ability|p1a: Stop|Pressure\n|move|p2a: Nika Reanukko|Wish|p2a: Nika Reanukko\n|\n|upkeep\n|turn|36\n|\n|t:|1699583349\n|switch|p2a: Ephialtes Keeper|Corviknight, F, shiny|30\/100\n|-ability|p2a: Ephialtes Keeper|Pressure\n|move|p1a: Stop|Taunt|p2a: Ephialtes Keeper\n|-start|p2a: Ephialtes Keeper|move: Taunt\n|\n|-heal|p2a: Ephialtes Keeper|88\/100|[from] move: Wish|[wisher] Nika Reanukko\n|upkeep\n|turn|37\n|\n|t:|1699583352\n|move|p1a: Stop|Cosmic Power|p1a: Stop\n|-boost|p1a: Stop|def|1\n|-boost|p1a: Stop|spd|1\n|move|p2a: Ephialtes Keeper|U-turn|p1a: Stop\n|-supereffective|p1a: Stop\n|-damage|p1a: Stop|55\/100\n|-damage|p2a: Ephialtes Keeper|72\/100|[from] item: Rocky Helmet|[of] p1a: Stop\n|\n|t:|1699583358\n|switch|p2a: Agony Steelheart|Dragalge, F, shiny|83\/100|[from] U-turn\n|\n|-heal|p2a: Agony Steelheart|89\/100|[from] item: Black Sludge\n|upkeep\n|turn|38\n|\n|t:|1699583364\n|-terastallize|p1a: Stop|Steel\n|move|p1a: Stop|Cosmic Power|p1a: Stop\n|-boost|p1a: Stop|def|1\n|-boost|p1a: Stop|spd|1\n|move|p2a: Agony Steelheart|Acid Spray|p1a: Stop\n|-immune|p1a: Stop\n|\n|-heal|p2a: Agony Steelheart|95\/100|[from] item: Black Sludge\n|upkeep\n|turn|39\n|\n|t:|1699583373\n|switch|p2a: Nika Reanukko|Umbreon, F, shiny|100\/100\n|move|p1a: Stop|Recover|p1a: Stop\n|-heal|p1a: Stop|100\/100\n|\n|upkeep\n|turn|40\n|\n|t:|1699583377\n|-terastallize|p2a: Nika Reanukko|Ghost\n|move|p1a: Stop|Taunt|p2a: Nika Reanukko\n|-start|p2a: Nika Reanukko|move: Taunt\n|cant|p2a: Nika Reanukko|move: Taunt|Curse\n|\n|upkeep\n|turn|41\n|\n|t:|1699583382\n|move|p1a: Stop|Cosmic Power|p1a: Stop\n|-boost|p1a: Stop|def|1\n|-boost|p1a: Stop|spd|1\n|move|p2a: Nika Reanukko|Payback|p1a: Stop\n|-damage|p1a: Stop|93\/100\n|-damage|p2a: Nika Reanukko|84\/100|[from] item: Rocky Helmet|[of] p1a: Stop\n|\n|-heal|p2a: Nika Reanukko|90\/100|[from] item: Leftovers\n|upkeep\n|turn|42\n|\n|t:|1699583391\n|switch|p2a: The Lonesome One|Excadrill, F, shiny|100\/100\n|-ability|p2a: The Lonesome One|Mold Breaker\n|move|p1a: Stop|Cosmic Power|p1a: Stop\n|-boost|p1a: Stop|def|1\n|-boost|p1a: Stop|spd|1\n|\n|upkeep\n|turn|43\n|\n|t:|1699583394\n|move|p1a: Stop|Night Shade|p2a: The Lonesome One\n|-damage|p2a: The Lonesome One|76\/100\n|move|p2a: The Lonesome One|Swords Dance|p2a: The Lonesome One\n|-boost|p2a: The Lonesome One|atk|2\n|\n|-heal|p2a: The Lonesome One|82\/100|[from] item: Leftovers\n|upkeep\n|turn|44\n|\n|t:|1699583401\n|move|p1a: Stop|Taunt|p2a: The Lonesome One\n|-start|p2a: The Lonesome One|move: Taunt\n|move|p2a: The Lonesome One|Rapid Spin|p1a: Stop\n|-resisted|p1a: Stop\n|-damage|p1a: Stop|89\/100\n|-boost|p2a: The Lonesome One|spe|1\n|-damage|p2a: The Lonesome One|65\/100|[from] item: Rocky Helmet|[of] p1a: Stop\n|\n|-heal|p2a: The Lonesome One|71\/100|[from] item: Leftovers\n|upkeep\n|turn|45\n|\n|t:|1699583404\n|move|p2a: The Lonesome One|Earthquake|p1a: Stop\n|-supereffective|p1a: Stop\n|-damage|p1a: Stop|33\/100\n|move|p1a: Stop|Night Shade|p2a: The Lonesome One\n|-damage|p2a: The Lonesome One|47\/100\n|\n|-heal|p2a: The Lonesome One|53\/100|[from] item: Leftovers\n|upkeep\n|turn|46\n|\n|t:|1699583409\n|move|p2a: The Lonesome One|Earthquake|p1a: Stop\n|-supereffective|p1a: Stop\n|-damage|p1a: Stop|0 fnt\n|faint|p1a: Stop\n|\n|-heal|p2a: The Lonesome One|59\/100|[from] item: Leftovers\n|-end|p2a: The Lonesome One|move: Taunt\n|upkeep\n|\n|t:|1699583411\n|switch|p1a: Cottonee|Cottonee, F|93\/100\n|turn|47\n|-message|LordGoruta forfeited.\n|\n|win|RandoTestAccount\n|raw|LordGoruta's rating: 1338 &rarr; <strong>1321<\/strong><br \/>(-17 for losing)\n|raw|RandoTestAccount's rating: 1383 &rarr; <strong>1400<\/strong><br \/>(+17 for winning)\n|l|\u2606LordGoruta\n","uploadtime":1699583423,"views":4,"p1id":"lordgoruta","p2id":"randotestaccount","formatid":"gen9nationaldex","rating":1321,"private":0,"password":""}