{"id":"gen9nationaldex-1997709679","p1":"akakPUMPKIN","p2":"Autistic_Rabbit","format":"[Gen 9] National Dex","log":"|html|<div class=\"broadcast-blue\"><strong>[Gen 9] National Dex is currently suspecting Sneasler! For information on how to participate check out the <a href=\"https:\/\/www.smogon.com\/forums\/threads\/sv-national-dex-suspect-8-just-dance.3731534\/\">suspect thread<\/a>.<\/strong><\/div>\n|j|\u2606akakPUMPKIN\n|j|\u2606Autistic_Rabbit\n|t:|1700844301\n|gametype|singles\n|player|p1|akakPUMPKIN|heroine-conquest|1523\n|player|p2|Autistic_Rabbit|dawn|1526\n|teamsize|p1|6\n|teamsize|p2|6\n|gen|9\n|tier|[Gen 9] National Dex\n|rated|\n|rule|HP Percentage Mod: HP is shown in percentages\n|rule|Endless Battle Clause: Forcing endless battles is banned\n|rule|OHKO Clause: OHKO moves are banned\n|rule|Evasion Clause: Evasion abilities, items, and moves are banned\n|rule|Evasion Abilities Clause: Evasion abilities are banned\n|rule|Evasion Items Clause: Evasion items are banned\n|rule|Evasion Moves Clause: Evasion moves are banned\n|rule|Species Clause: Limit one of each Pok\u00e9mon\n|rule|Sleep Clause Mod: Limit one foe put to sleep\n|clearpoke\n|poke|p1|Alomomola, L99, M|\n|poke|p1|Slowking-Galar, F|\n|poke|p1|Tyranitar, F|\n|poke|p1|Ferrothorn, F|\n|poke|p1|Tornadus-Therian, M|\n|poke|p1|Tapu Lele|\n|poke|p2|Mawile, M|\n|poke|p2|Marowak-Alola, M|\n|poke|p2|Hatterene, F|\n|poke|p2|Cresselia, F|\n|poke|p2|Porygon2|\n|poke|p2|Ursaluna, F|\n|teampreview\n|inactive|Battle timer is ON: inactive players will automatically lose when time's up. (requested by akakPUMPKIN)\n|\n|t:|1700844311\n|start\n|switch|p1a: Tyranitar|Tyranitar, F|100\/100\n|switch|p2a: Ursaluna|Ursaluna, F|100\/100\n|-weather|Sandstorm|[from] ability: Sand Stream|[of] p1a: Tyranitar\n|turn|1\n|\n|t:|1700844323\n|switch|p1a: Tornadus|Tornadus-Therian, M|100\/100\n|move|p2a: Ursaluna|Headlong Rush|p1a: Tornadus\n|-immune|p1a: Tornadus\n|\n|-weather|Sandstorm|[upkeep]\n|-damage|p1a: Tornadus|94\/100|[from] Sandstorm\n|-status|p2a: Ursaluna|brn|[from] item: Flame Orb\n|upkeep\n|turn|2\n|\n|t:|1700844333\n|switch|p1a: Ferrothorn|Ferrothorn, F|100\/100\n|move|p2a: Ursaluna|Facade|p1a: Ferrothorn\n|-resisted|p1a: Ferrothorn\n|-damage|p1a: Ferrothorn|59\/100\n|-damage|p2a: Ursaluna|88\/100 brn|[from] ability: Iron Barbs|[of] p1a: Ferrothorn\n|\n|-weather|Sandstorm|[upkeep]\n|-heal|p1a: Ferrothorn|66\/100|[from] item: Leftovers\n|-damage|p2a: Ursaluna|82\/100 brn|[from] brn\n|upkeep\n|turn|3\n|\n|t:|1700844347\n|switch|p1a: Tornadus|Tornadus-Therian, M|100\/100\n|move|p2a: Ursaluna|Fire Punch|p1a: Tornadus\n|-damage|p1a: Tornadus|34\/100\n|\n|-weather|Sandstorm|[upkeep]\n|-damage|p1a: Tornadus|28\/100|[from] Sandstorm\n|-damage|p2a: Ursaluna|76\/100 brn|[from] brn\n|upkeep\n|turn|4\n|\n|t:|1700844355\n|-zpower|p1a: Tornadus\n|move|p1a: Tornadus|Supersonic Skystrike|p2a: Ursaluna|[zeffect]\n|-damage|p2a: Ursaluna|4\/100 brn\n|move|p2a: Ursaluna|Fire Punch|p1a: Tornadus\n|-damage|p1a: Tornadus|0 fnt\n|faint|p1a: Tornadus\n|\n|-weather|Sandstorm|[upkeep]\n|-damage|p2a: Ursaluna|0 fnt|[from] brn\n|faint|p2a: Ursaluna\n|upkeep\n|\n|t:|1700844374\n|switch|p1a: Tyranitar|Tyranitar, F|100\/100\n|switch|p2a: Porygon2|Porygon2|100\/100\n|-ability|p2a: Porygon2|Sand Stream|[from] ability: Trace|[of] p1a: Tyranitar\n|turn|5\n|\n|t:|1700844389\n|detailschange|p1a: Tyranitar|Tyranitar-Mega, F\n|-mega|p1a: Tyranitar|Tyranitar|Tyranitarite\n|move|p1a: Tyranitar|Knock Off|p2a: Porygon2\n|-damage|p2a: Porygon2|66\/100\n|-enditem|p2a: Porygon2|Eviolite|[from] move: Knock Off|[of] p1a: Tyranitar\n|move|p2a: Porygon2|Trick Room|p2a: Porygon2\n|-fieldstart|move: Trick Room|[of] p2a: Porygon2\n|\n|-weather|none\n|upkeep\n|turn|6\n|\n|t:|1700844396\n|move|p1a: Tyranitar|Stealth Rock|p2a: Porygon2\n|-sidestart|p2: Autistic_Rabbit|move: Stealth Rock\n|move|p2a: Porygon2|Teleport|p2a: Porygon2\n|\n|t:|1700844400\n|switch|p2a: Mawile|Mawile, M|100\/100|[from] Teleport\n|-damage|p2a: Mawile|95\/100|[from] Stealth Rock\n|-ability|p2a: Mawile|Intimidate|boost\n|-unboost|p1a: Tyranitar|atk|1\n|\n|upkeep\n|turn|7\n|\n|t:|1700844404\n|switch|p1a: Ferrothorn|Ferrothorn, F|66\/100\n|detailschange|p2a: Mawile|Mawile-Mega, M\n|-mega|p2a: Mawile|Mawile|Mawilite\n|move|p2a: Mawile|Fire Fang|p1a: Ferrothorn\n|-supereffective|p1a: Ferrothorn\n|-damage|p1a: Ferrothorn|0 fnt\n|-damage|p2a: Mawile|82\/100|[from] ability: Iron Barbs|[of] p1a: Ferrothorn\n|faint|p1a: Ferrothorn\n|\n|upkeep\n|\n|t:|1700844409\n|switch|p1a: Alomomola|Alomomola, L99, M|100\/100\n|turn|8\n|\n|t:|1700844417\n|move|p1a: Alomomola|Flip Turn|p2a: Mawile\n|-damage|p2a: Mawile|68\/100\n|\n|t:|1700844420\n|switch|p1a: Slowking|Slowking-Galar, F|100\/100|[from] Flip Turn\n|move|p2a: Mawile|Play Rough|p1a: Slowking\n|-resisted|p1a: Slowking\n|-damage|p1a: Slowking|57\/100\n|\n|upkeep\n|turn|9\n|\n|t:|1700844426\n|move|p1a: Slowking|Chilly Reception|p1a: Slowking\n|-weather|Snow\n|\n|t:|1700844429\n|switch|p1a: Alomomola|Alomomola, L99, M|100\/100|[from] Chilly Reception\n|move|p2a: Mawile|Play Rough|p1a: Alomomola\n|-damage|p1a: Alomomola|56\/100\n|\n|-weather|Snow|[upkeep]\n|-fieldend|move: Trick Room\n|upkeep\n|turn|10\n|\n|t:|1700844438\n|move|p2a: Mawile|Play Rough|p1a: Alomomola|[miss]\n|-miss|p2a: Mawile|p1a: Alomomola\n|move|p1a: Alomomola|Flip Turn|p2a: Mawile\n|-damage|p2a: Mawile|54\/100\n|\n|t:|1700844459\n|switch|p1a: Tapu Lele|Tapu Lele|100\/100|[from] Flip Turn\n|-fieldstart|move: Psychic Terrain|[from] ability: Psychic Surge|[of] p1a: Tapu Lele\n|\n|-weather|Snow|[upkeep]\n|upkeep\n|turn|11\n|inactive|akakPUMPKIN has 120 seconds left.\n|\n|t:|1700844480\n|switch|p1a: Alomomola|Alomomola, L99, M|90\/100\n|switch|p2a: Cresselia|Cresselia, F|100\/100\n|-damage|p2a: Cresselia|88\/100|[from] Stealth Rock\n|\n|-weather|Snow|[upkeep]\n|upkeep\n|turn|12\n|\n|t:|1700844486\n|move|p1a: Alomomola|Toxic|p2a: Cresselia\n|-status|p2a: Cresselia|tox\n|move|p2a: Cresselia|Trick Room|p2a: Cresselia\n|-fieldstart|move: Trick Room|[of] p2a: Cresselia\n|\n|-weather|Snow|[upkeep]\n|-damage|p2a: Cresselia|82\/100 tox|[from] psn\n|upkeep\n|turn|13\n|\n|t:|1700844496\n|switch|p2a: Porygon2|Porygon2|66\/100\n|-damage|p2a: Porygon2|54\/100|[from] Stealth Rock\n|-ability|p2a: Porygon2|Regenerator|[from] ability: Trace|[of] p1a: Alomomola\n|move|p1a: Alomomola|Wish|p1a: Alomomola\n|\n|-weather|none\n|upkeep\n|turn|14\n|\n|t:|1700844505\n|move|p1a: Alomomola|Toxic|p2a: Porygon2\n|-status|p2a: Porygon2|tox\n|move|p2a: Porygon2|Teleport|p2a: Porygon2\n|\n|t:|1700844508\n|switch|p2a: Marowak|Marowak-Alola, M|100\/100|[from] Teleport\n|-damage|p2a: Marowak|75\/100|[from] Stealth Rock\n|\n|-heal|p1a: Alomomola|100\/100|[from] move: Wish|[wisher] Alomomola\n|-fieldend|move: Psychic Terrain\n|upkeep\n|turn|15\n|\n|t:|1700844513\n|-terastallize|p2a: Marowak|Ghost\n|move|p2a: Marowak|Poltergeist|p1a: Alomomola|[miss]\n|-miss|p2a: Marowak|p1a: Alomomola\n|move|p1a: Alomomola|Flip Turn|p2a: Marowak\n|-damage|p2a: Marowak|61\/100\n|\n|t:|1700844521\n|switch|p1a: Tyranitar|Tyranitar-Mega, F|100\/100|[from] Flip Turn\n|-weather|Sandstorm|[from] ability: Sand Stream|[of] p1a: Tyranitar\n|\n|-weather|Sandstorm|[upkeep]\n|-damage|p2a: Marowak|55\/100|[from] Sandstorm\n|upkeep\n|turn|16\n|\n|t:|1700844525\n|move|p2a: Marowak|Low Kick|p1a: Tyranitar\n|-supereffective|p1a: Tyranitar\n|-damage|p1a: Tyranitar|0 fnt\n|faint|p1a: Tyranitar\n|\n|-weather|Sandstorm|[upkeep]\n|-damage|p2a: Marowak|49\/100|[from] Sandstorm\n|-fieldend|move: Trick Room\n|upkeep\n|\n|t:|1700844528\n|switch|p1a: Tapu Lele|Tapu Lele|100\/100\n|-fieldstart|move: Psychic Terrain|[from] ability: Psychic Surge|[of] p1a: Tapu Lele\n|turn|17\n|\n|t:|1700844532\n|switch|p2a: Porygon2|Porygon2|87\/100 tox\n|-damage|p2a: Porygon2|75\/100 tox|[from] Stealth Rock\n|-ability|p2a: Porygon2|Psychic Surge|[from] ability: Trace|[of] p1a: Tapu Lele\n|move|p1a: Tapu Lele|Psychic|p2a: Porygon2\n|-damage|p2a: Porygon2|25\/100 tox\n|\n|-weather|Sandstorm|[upkeep]\n|-damage|p1a: Tapu Lele|94\/100|[from] Sandstorm\n|-damage|p2a: Porygon2|19\/100 tox|[from] Sandstorm\n|-damage|p2a: Porygon2|13\/100 tox|[from] psn\n|upkeep\n|turn|18\n|\n|t:|1700844540\n|move|p1a: Tapu Lele|Psychic|p2a: Porygon2\n|-damage|p2a: Porygon2|0 fnt\n|faint|p2a: Porygon2\n|\n|-weather|Sandstorm|[upkeep]\n|-damage|p1a: Tapu Lele|88\/100|[from] Sandstorm\n|upkeep\n|\n|t:|1700844545\n|switch|p2a: Cresselia|Cresselia, F|82\/100 tox\n|-damage|p2a: Cresselia|70\/100 tox|[from] Stealth Rock\n|turn|19\n|\n|t:|1700844549\n|move|p1a: Tapu Lele|Psychic|p2a: Cresselia\n|-resisted|p2a: Cresselia\n|-damage|p2a: Cresselia|48\/100 tox\n|move|p2a: Cresselia|Trick Room|p2a: Cresselia\n|-fieldstart|move: Trick Room|[of] p2a: Cresselia\n|\n|-weather|none\n|-damage|p2a: Cresselia|42\/100 tox|[from] psn\n|upkeep\n|turn|20\n|\n|t:|1700844553\n|move|p2a: Cresselia|Lunar Dance|p2a: Cresselia\n|faint|p2a: Cresselia\n|move|p1a: Tapu Lele|Psychic|p2: Cresselia|[notarget]\n|-fail|p1a: Tapu Lele\n|\n|upkeep\n|\n|t:|1700844558\n|switch|p2a: Marowak|Marowak-Alola, M, tera:Ghost|49\/100\n|-heal|p2a: Marowak|100\/100|[from] move: Lunar Dance\n|-damage|p2a: Marowak|88\/100|[from] Stealth Rock\n|turn|21\n|\n|t:|1700844562\n|switch|p1a: Alomomola|Alomomola, L99, M|100\/100\n|move|p2a: Marowak|Poltergeist|p1a: Alomomola\n|-activate|p1a: Alomomola|move: Poltergeist|Heavy-Duty Boots\n|-damage|p1a: Alomomola|32\/100\n|\n|-fieldend|move: Psychic Terrain\n|upkeep\n|turn|22\n|\n|t:|1700844569\n|move|p1a: Alomomola|Protect|p1a: Alomomola\n|-singleturn|p1a: Alomomola|Protect\n|move|p2a: Marowak|Poltergeist|p1a: Alomomola\n|-activate|p1a: Alomomola|move: Protect\n|\n|upkeep\n|turn|23\n|\n|t:|1700844578\n|move|p2a: Marowak|Poltergeist|p1a: Alomomola\n|-activate|p1a: Alomomola|move: Poltergeist|Heavy-Duty Boots\n|-damage|p1a: Alomomola|0 fnt\n|faint|p1a: Alomomola\n|\n|-fieldend|move: Trick Room\n|upkeep\n|\n|t:|1700844580\n|switch|p1a: Tapu Lele|Tapu Lele|88\/100\n|-fieldstart|move: Psychic Terrain|[from] ability: Psychic Surge|[of] p1a: Tapu Lele\n|turn|24\n|\n|t:|1700844589\n|switch|p2a: Mawile|Mawile-Mega, M|54\/100\n|-damage|p2a: Mawile|48\/100|[from] Stealth Rock\n|-terastallize|p1a: Tapu Lele|Psychic\n|move|p1a: Tapu Lele|Psychic|p2a: Mawile\n|-resisted|p2a: Mawile\n|-damage|p2a: Mawile|2\/100\n|\n|upkeep\n|turn|25\n|\n|t:|1700844597\n|move|p1a: Tapu Lele|Psychic|p2a: Mawile\n|-resisted|p2a: Mawile\n|-damage|p2a: Mawile|0 fnt\n|faint|p2a: Mawile\n|\n|upkeep\n|\n|t:|1700844599\n|switch|p2a: Hatterene|Hatterene, F|100\/100\n|-damage|p2a: Hatterene|88\/100|[from] Stealth Rock\n|turn|26\n|\n|t:|1700844603\n|switch|p1a: Slowking|Slowking-Galar, F|90\/100\n|move|p2a: Hatterene|Trick Room|p2a: Hatterene\n|-fieldstart|move: Trick Room|[of] p2a: Hatterene\n|\n|upkeep\n|turn|27\n|\n|t:|1700844618\n|switch|p2a: Marowak|Marowak-Alola, M, tera:Ghost|88\/100\n|-damage|p2a: Marowak|76\/100|[from] Stealth Rock\n|move|p1a: Slowking|Sludge Bomb|p2a: Marowak\n|-resisted|p2a: Marowak\n|-damage|p2a: Marowak|55\/100\n|\n|upkeep\n|turn|28\n|-message|akakPUMPKIN forfeited.\n|\n|win|Autistic_Rabbit\n|raw|akakPUMPKIN's rating: 1523 &rarr; <strong>1503<\/strong><br \/>(-20 for losing)\n|raw|Autistic_Rabbit's rating: 1526 &rarr; <strong>1546<\/strong><br \/>(+20 for winning)\n|l|\u2606akakPUMPKIN\n","uploadtime":1700844633,"views":12,"p1id":"akakpumpkin","p2id":"autisticrabbit","formatid":"gen9nationaldex","rating":1503,"private":0,"password":""}