{"id":"gen9nationaldex-1996739122","p1":"ChaosEmperor96","p2":"Nimezin","format":"[Gen 9] National Dex","log":"|html|<div class=\"broadcast-blue\"><strong>[Gen 9] National Dex is currently suspecting Sneasler! For information on how to participate check out the <a href=\"https:\/\/www.smogon.com\/forums\/threads\/sv-national-dex-suspect-8-just-dance.3731534\/\">suspect thread<\/a>.<\/strong><\/div>\n|j|\u2606ChaosEmperor96\n|j|\u2606Nimezin\n|t:|1700717082\n|gametype|singles\n|player|p1|ChaosEmperor96|marshal|1177\n|player|p2|Nimezin|pokemonbreederf-gen4|1149\n|teamsize|p1|6\n|teamsize|p2|6\n|gen|9\n|tier|[Gen 9] National Dex\n|rated|\n|rule|HP Percentage Mod: HP is shown in percentages\n|rule|Endless Battle Clause: Forcing endless battles is banned\n|rule|OHKO Clause: OHKO moves are banned\n|rule|Evasion Clause: Evasion abilities, items, and moves are banned\n|rule|Evasion Abilities Clause: Evasion abilities are banned\n|rule|Evasion Items Clause: Evasion items are banned\n|rule|Evasion Moves Clause: Evasion moves are banned\n|rule|Species Clause: Limit one of each Pok\u00e9mon\n|rule|Sleep Clause Mod: Limit one foe put to sleep\n|clearpoke\n|poke|p1|Emboar, M|\n|poke|p1|Haxorus, M|\n|poke|p1|Excadrill, M|\n|poke|p1|Galvantula, M|\n|poke|p1|Mandibuzz, F|\n|poke|p1|Vanilluxe, M|\n|poke|p2|Lycanroc-Dusk, M|\n|poke|p2|Cinderace, M|\n|poke|p2|Gallade, M|\n|poke|p2|Spinda, M|\n|poke|p2|Chesnaught, M|\n|poke|p2|Meowstic, M|\n|teampreview\n|inactive|Battle timer is ON: inactive players will automatically lose when time's up. (requested by ChaosEmperor96)\n|\n|t:|1700717099\n|start\n|switch|p1a: Mandibuzz|Mandibuzz, F, shiny|100\/100\n|switch|p2a: Meowstic|Meowstic, M|100\/100\n|turn|1\n|\n|t:|1700717107\n|move|p2a: Meowstic|Yawn|p1a: Mandibuzz\n|-hint|Since gen 7, Dark is immune to Prankster moves.\n|-immune|p1a: Mandibuzz\n|move|p1a: Mandibuzz|Foul Play|p2a: Meowstic\n|-supereffective|p2a: Meowstic\n|-damage|p2a: Meowstic|75\/100\n|\n|-heal|p2a: Meowstic|81\/100|[from] item: Leftovers\n|upkeep\n|turn|2\n|\n|t:|1700717117\n|move|p2a: Meowstic|Reflect|p2a: Meowstic\n|-sidestart|p2: Nimezin|Reflect\n|move|p1a: Mandibuzz|Toxic|p2a: Meowstic\n|-status|p2a: Meowstic|tox\n|\n|-heal|p2a: Meowstic|87\/100 tox|[from] item: Leftovers\n|-damage|p2a: Meowstic|81\/100 tox|[from] psn\n|upkeep\n|turn|3\n|\n|t:|1700717125\n|move|p2a: Meowstic|Light Screen|p2a: Meowstic\n|-sidestart|p2: Nimezin|move: Light Screen\n|move|p1a: Mandibuzz|Defog|p2a: Meowstic\n|-unboost|p2a: Meowstic|evasion|1\n|-sideend|p2: Nimezin|Reflect\n|-sideend|p2: Nimezin|move: Light Screen\n|\n|-heal|p2a: Meowstic|87\/100 tox|[from] item: Leftovers\n|-damage|p2a: Meowstic|75\/100 tox|[from] psn\n|upkeep\n|turn|4\n|\n|t:|1700717134\n|move|p1a: Mandibuzz|Foul Play|p2a: Meowstic\n|-supereffective|p2a: Meowstic\n|-damage|p2a: Meowstic|50\/100 tox\n|move|p2a: Meowstic|Trick Room|p2a: Meowstic\n|-fieldstart|move: Trick Room|[of] p2a: Meowstic\n|\n|-heal|p2a: Meowstic|57\/100 tox|[from] item: Leftovers\n|-damage|p2a: Meowstic|38\/100 tox|[from] psn\n|upkeep\n|turn|5\n|\n|t:|1700717145\n|switch|p2a: Dog\u00e3o|Lycanroc-Dusk, M|100\/100\n|move|p1a: Mandibuzz|Defog|p2a: Dog\u00e3o\n|-unboost|p2a: Dog\u00e3o|evasion|1\n|\n|upkeep\n|turn|6\n|\n|t:|1700717155\n|-terastallize|p1a: Mandibuzz|Fairy\n|move|p1a: Mandibuzz|Toxic|p2a: Dog\u00e3o\n|-status|p2a: Dog\u00e3o|tox\n|-zpower|p2a: Dog\u00e3o\n|move|p2a: Dog\u00e3o|Splintered Stormshards|p1a: Mandibuzz|[zeffect]\n|-damage|p1a: Mandibuzz|51\/100\n|\n|-damage|p2a: Dog\u00e3o|94\/100 tox|[from] psn\n|upkeep\n|turn|7\n|\n|t:|1700717173\n|move|p2a: Dog\u00e3o|Accelerock|p1a: Mandibuzz\n|-damage|p1a: Mandibuzz|35\/100\n|move|p1a: Mandibuzz|Foul Play|p2a: Dog\u00e3o\n|-damage|p2a: Dog\u00e3o|21\/100 tox\n|\n|-damage|p2a: Dog\u00e3o|9\/100 tox|[from] psn\n|upkeep\n|turn|8\n|\n|t:|1700717181\n|move|p2a: Dog\u00e3o|Accelerock|p1a: Mandibuzz\n|-damage|p1a: Mandibuzz|21\/100\n|move|p1a: Mandibuzz|U-turn|p2a: Dog\u00e3o\n|-damage|p2a: Dog\u00e3o|0 fnt\n|faint|p2a: Dog\u00e3o\n|\n|t:|1700717191\n|switch|p1a: Galvantula|Galvantula, M, shiny|100\/100|[from] U-turn\n|\n|-fieldend|move: Trick Room\n|upkeep\n|\n|t:|1700717218\n|switch|p2a: Perna Longa|Cinderace, M|100\/100\n|turn|9\n|\n|t:|1700717228\n|switch|p1a: Mandibuzz|Mandibuzz, F, shiny, tera:Fairy|21\/100\n|move|p2a: Perna Longa|Iron Head|p1a: Mandibuzz\n|-start|p2a: Perna Longa|typechange|Steel|[from] ability: Libero\n|-supereffective|p1a: Mandibuzz\n|-damage|p1a: Mandibuzz|0 fnt\n|faint|p1a: Mandibuzz\n|\n|upkeep\n|\n|t:|1700717240\n|switch|p1a: Emboar|Emboar, M, shiny|100\/100\n|turn|10\n|\n|t:|1700717252\n|move|p1a: Emboar|Flare Blitz|p2a: Perna Longa\n|-supereffective|p2a: Perna Longa\n|-damage|p2a: Perna Longa|0 fnt\n|faint|p2a: Perna Longa\n|-damage|p1a: Emboar|73\/100|[from] Recoil\n|\n|upkeep\n|\n|t:|1700717266\n|switch|p2a: Meowstic|Meowstic, M|38\/100 tox\n|turn|11\n|\n|t:|1700717278\n|move|p2a: Meowstic|Reflect|p2a: Meowstic\n|-sidestart|p2: Nimezin|Reflect\n|move|p1a: Emboar|Flare Blitz|p2a: Meowstic\n|-damage|p2a: Meowstic|4\/100 tox\n|-damage|p1a: Emboar|62\/100|[from] Recoil\n|\n|-heal|p2a: Meowstic|10\/100 tox|[from] item: Leftovers\n|-damage|p2a: Meowstic|4\/100 tox|[from] psn\n|upkeep\n|turn|12\n|\n|t:|1700717288\n|switch|p1a: Excadrill|Excadrill, M, shiny|100\/100\n|move|p2a: Meowstic|Light Screen|p2a: Meowstic\n|-sidestart|p2: Nimezin|move: Light Screen\n|\n|-heal|p2a: Meowstic|10\/100 tox|[from] item: Leftovers\n|-damage|p2a: Meowstic|0 fnt|[from] psn\n|faint|p2a: Meowstic\n|upkeep\n|\n|t:|1700717304\n|switch|p2a: Spinda|Spinda, M|100\/100\n|turn|13\n|\n|t:|1700717313\n|move|p1a: Excadrill|Brick Break|p2a: Spinda\n|-sideend|p2: Nimezin|Reflect\n|-sideend|p2: Nimezin|move: Light Screen\n|-supereffective|p2a: Spinda\n|-damage|p2a: Spinda|8\/100\n|move|p2a: Spinda|Superpower|p1a: Excadrill\n|-supereffective|p1a: Excadrill\n|-damage|p1a: Excadrill|15\/100\n|-boost|p2a: Spinda|atk|1\n|-boost|p2a: Spinda|def|1\n|\n|-heal|p2a: Spinda|14\/100|[from] item: Leftovers\n|upkeep\n|turn|14\n|\n|t:|1700717324\n|move|p1a: Excadrill|Earthquake|p2a: Spinda\n|-damage|p2a: Spinda|0 fnt\n|faint|p2a: Spinda\n|\n|upkeep\n|\n|t:|1700717334\n|switch|p2a: Chesnaught|Chesnaught, M|100\/100\n|turn|15\n|\n|t:|1700717348\n|switch|p1a: Vanilluxe|Vanilluxe, M, shiny|100\/100\n|move|p2a: Chesnaught|Bulk Up|p2a: Chesnaught\n|-boost|p2a: Chesnaught|atk|1\n|-boost|p2a: Chesnaught|def|1\n|\n|upkeep\n|turn|16\n|\n|t:|1700717359\n|move|p1a: Vanilluxe|Ice Beam|p2a: Chesnaught\n|-supereffective|p2a: Chesnaught\n|-damage|p2a: Chesnaught|0 fnt\n|faint|p2a: Chesnaught\n|\n|upkeep\n|\n|t:|1700717363\n|switch|p2a: Mano Brown|Gallade, M|100\/100\n|turn|17\n|\n|t:|1700717371\n|detailschange|p2a: Mano Brown|Gallade-Mega, M\n|-mega|p2a: Mano Brown|Gallade|Galladite\n|move|p2a: Mano Brown|Swords Dance|p2a: Mano Brown\n|-boost|p2a: Mano Brown|atk|2\n|move|p1a: Vanilluxe|Ice Beam|p2a: Mano Brown\n|-damage|p2a: Mano Brown|54\/100\n|\n|upkeep\n|turn|18\n|\n|t:|1700717387\n|switch|p1a: Excadrill|Excadrill, M, shiny|15\/100\n|move|p2a: Mano Brown|Swords Dance|p2a: Mano Brown\n|-boost|p2a: Mano Brown|atk|2\n|\n|upkeep\n|turn|19\n|\n|t:|1700717395\n|move|p2a: Mano Brown|Drain Punch|p1a: Excadrill\n|-supereffective|p1a: Excadrill\n|-damage|p1a: Excadrill|0 fnt\n|-heal|p2a: Mano Brown|63\/100|[from] drain|[of] p1a: Excadrill\n|faint|p1a: Excadrill\n|\n|upkeep\n|\n|t:|1700717402\n|switch|p1a: Emboar|Emboar, M, shiny|62\/100\n|turn|20\n|\n|t:|1700717410\n|move|p1a: Emboar|Flare Blitz|p2a: Mano Brown\n|-damage|p2a: Mano Brown|0 fnt\n|faint|p2a: Mano Brown\n|-damage|p1a: Emboar|46\/100|[from] Recoil\n|\n|win|ChaosEmperor96\n|raw|ChaosEmperor96's rating: 1177 &rarr; <strong>1200<\/strong><br \/>(+23 for winning)\n|raw|Nimezin's rating: 1149 &rarr; <strong>1126<\/strong><br \/>(-23 for losing)\n|c|\u2606ChaosEmperor96|Gg\n","uploadtime":1700717424,"views":1,"p1id":"chaosemperor96","p2id":"nimezin","formatid":"gen9nationaldex","rating":1126,"private":0,"password":""}