{"id":"gen9nationaldex-1990528030","p1":"Spler","p2":"wyyxhsete","format":"[Gen 9] National Dex","log":"|j|\u2606Spler\n|j|\u2606wyyxhsete\n|t:|1699978853\n|gametype|singles\n|player|p1|Spler|2|1485\n|player|p2|wyyxhsete|dawn-gen4pt|1404\n|teamsize|p1|6\n|teamsize|p2|6\n|gen|9\n|tier|[Gen 9] National Dex\n|rated|\n|rule|HP Percentage Mod: HP is shown in percentages\n|rule|Endless Battle Clause: Forcing endless battles is banned\n|rule|OHKO Clause: OHKO moves are banned\n|rule|Evasion Clause: Evasion abilities, items, and moves are banned\n|rule|Evasion Abilities Clause: Evasion abilities are banned\n|rule|Evasion Items Clause: Evasion items are banned\n|rule|Evasion Moves Clause: Evasion moves are banned\n|rule|Species Clause: Limit one of each Pok\u00e9mon\n|rule|Sleep Clause Mod: Limit one foe put to sleep\n|clearpoke\n|poke|p1|Ribombee, F|\n|poke|p1|Grimmsnarl, M|\n|poke|p1|Great Tusk|\n|poke|p1|Skarmory, M|\n|poke|p1|Kyurem|\n|poke|p1|Ogerpon-Wellspring, F|\n|poke|p2|Banette, M|\n|poke|p2|Sneasler, F|\n|poke|p2|Tapu Lele|\n|poke|p2|Glimmora, F|\n|poke|p2|Sandy Shocks|\n|poke|p2|Rillaboom, M|\n|teampreview\n|inactive|Battle timer is ON: inactive players will automatically lose when time's up. (requested by wyyxhsete)\n|\n|t:|1699978887\n|start\n|switch|p1a: Kyurem|Kyurem|100\/100\n|switch|p2a: Glimmora|Glimmora, F|100\/100\n|-ability|p1a: Kyurem|Pressure\n|turn|1\n|\n|t:|1699978896\n|move|p2a: Glimmora|Power Gem|p1a: Kyurem\n|-supereffective|p1a: Kyurem\n|-damage|p1a: Kyurem|21\/100\n|move|p1a: Kyurem|Earth Power|p2a: Glimmora\n|-supereffective|p2a: Glimmora\n|-enditem|p2a: Glimmora|Focus Sash\n|-damage|p2a: Glimmora|1\/100\n|\n|upkeep\n|turn|2\n|\n|t:|1699978907\n|move|p2a: Glimmora|Power Gem|p1a: Kyurem\n|-supereffective|p1a: Kyurem\n|-damage|p1a: Kyurem|0 fnt\n|faint|p1a: Kyurem\n|\n|upkeep\n|\n|t:|1699978927\n|switch|p1a: Ogerpon|Ogerpon-Wellspring, F|100\/100\n|turn|3\n|\n|t:|1699978939\n|move|p1a: Ogerpon|Ivy Cudgel|p2a: Glimmora|[anim] Ivy Cudgel Water\n|-supereffective|p2a: Glimmora\n|-damage|p2a: Glimmora|0 fnt\n|-activate|p2a: Glimmora|ability: Toxic Debris\n|-sidestart|p1: Spler|move: Toxic Spikes\n|faint|p2a: Glimmora\n|\n|upkeep\n|\n|t:|1699978944\n|switch|p2a: Rillaboom|Rillaboom, M|100\/100\n|-fieldstart|move: Grassy Terrain|[from] ability: Grassy Surge|[of] p2a: Rillaboom\n|turn|4\n|\n|t:|1699978953\n|switch|p1a: Skarmory|Skarmory, M|100\/100\n|move|p2a: Rillaboom|Grassy Glide|p1a: Skarmory\n|-resisted|p1a: Skarmory\n|-damage|p1a: Skarmory|92\/100\n|-damage|p2a: Rillaboom|84\/100|[from] item: Rocky Helmet|[of] p1a: Skarmory\n|\n|-heal|p2a: Rillaboom|90\/100|[from] Grassy Terrain\n|upkeep\n|turn|5\n|inactive|wyyxhsete has 120 seconds left.\n|\n|t:|1699978989\n|switch|p2a: Banette|Banette, M|100\/100\n|-item|p1a: Skarmory|Rocky Helmet|[from] ability: Frisk|[of] p2a: Banette|[identify]\n|move|p1a: Skarmory|Whirlwind|p2a: Banette\n|drag|p2a: Rillaboom|Rillaboom, M|90\/100\n|\n|-heal|p2a: Rillaboom|96\/100|[from] Grassy Terrain\n|upkeep\n|turn|6\n|inactive|wyyxhsete has 120 seconds left.\n|\n|t:|1699979001\n|switch|p2a: Sandy Shocks|Sandy Shocks|100\/100\n|-enditem|p2a: Sandy Shocks|Booster Energy\n|-activate|p2a: Sandy Shocks|ability: Protosynthesis|[fromitem]\n|-start|p2a: Sandy Shocks|protosynthesisspe\n|move|p1a: Skarmory|Spikes|p2a: Sandy Shocks\n|-sidestart|p2: wyyxhsete|Spikes\n|\n|upkeep\n|turn|7\n|inactive|wyyxhsete has 120 seconds left.\n|\n|t:|1699979014\n|move|p2a: Sandy Shocks|Thunderbolt|p1a: Skarmory\n|-supereffective|p1a: Skarmory\n|-damage|p1a: Skarmory|0 fnt\n|faint|p1a: Skarmory\n|\n|upkeep\n|\n|t:|1699979026\n|switch|p1a: Great Tusk|Great Tusk|100\/100\n|-status|p1a: Great Tusk|psn\n|-enditem|p1a: Great Tusk|Booster Energy\n|-activate|p1a: Great Tusk|ability: Protosynthesis|[fromitem]\n|-start|p1a: Great Tusk|protosynthesisspe\n|turn|8\n|\n|t:|1699979035\n|-terastallize|p2a: Sandy Shocks|Ice\n|move|p2a: Sandy Shocks|Tera Blast|p1a: Great Tusk|[anim] Tera Blast Ice\n|-supereffective|p1a: Great Tusk\n|-damage|p1a: Great Tusk|2\/100 psn\n|move|p1a: Great Tusk|Rapid Spin|p2a: Sandy Shocks\n|-damage|p2a: Sandy Shocks|85\/100\n|-boost|p1a: Great Tusk|spe|1\n|-sideend|p1: Spler|Toxic Spikes|[from] move: Rapid Spin|[of] p1a: Great Tusk\n|\n|-heal|p1a: Great Tusk|9\/100 psn|[from] Grassy Terrain\n|-heal|p2a: Sandy Shocks|91\/100|[from] Grassy Terrain\n|-damage|p1a: Great Tusk|0 fnt|[from] psn\n|faint|p1a: Great Tusk\n|-end|p1a: Great Tusk|Protosynthesis|[silent]\n|-fieldend|move: Grassy Terrain\n|upkeep\n|\n|t:|1699979054\n|switch|p1a: Grimmsnarl|Grimmsnarl, M|100\/100\n|turn|9\n|\n|t:|1699979064\n|move|p1a: Grimmsnarl|Light Screen|p1a: Grimmsnarl\n|-sidestart|p1: Spler|move: Light Screen\n|move|p2a: Sandy Shocks|Earth Power|p1a: Grimmsnarl\n|-damage|p1a: Grimmsnarl|81\/100\n|\n|upkeep\n|turn|10\n|\n|t:|1699979075\n|-end|p2a: Sandy Shocks|Protosynthesis|[silent]\n|switch|p2a: Banette|Banette, M|100\/100\n|-damage|p2a: Banette|88\/100|[from] Spikes\n|-item|p1a: Grimmsnarl|Light Clay|[from] ability: Frisk|[of] p2a: Banette|[identify]\n|move|p1a: Grimmsnarl|Reflect|p1a: Grimmsnarl\n|-sidestart|p1: Spler|Reflect\n|\n|upkeep\n|turn|11\n|\n|t:|1699979083\n|detailschange|p2a: Banette|Banette-Mega, M\n|-mega|p2a: Banette|Banette|Banettite\n|move|p2a: Banette|Encore|p1a: Grimmsnarl\n|-hint|Since gen 7, Dark is immune to Prankster moves.\n|-immune|p1a: Grimmsnarl\n|move|p1a: Grimmsnarl|Spirit Break|p2a: Banette\n|-crit|p2a: Banette\n|-damage|p2a: Banette|28\/100\n|-unboost|p2a: Banette|spa|1\n|\n|upkeep\n|turn|12\n|\n|t:|1699979093\n|move|p2a: Banette|Destiny Bond|p2a: Banette\n|-singlemove|p2a: Banette|Destiny Bond\n|move|p1a: Grimmsnarl|Spirit Break|p2a: Banette\n|-damage|p2a: Banette|0 fnt\n|faint|p2a: Banette\n|-activate|p2a: Banette|move: Destiny Bond\n|faint|p1a: Grimmsnarl\n|\n|upkeep\n|\n|t:|1699979103\n|switch|p2a: Sandy Shocks|Sandy Shocks, tera:Ice|91\/100\n|switch|p1a: Ribombee|Ribombee, F|100\/100\n|-damage|p2a: Sandy Shocks|79\/100|[from] Spikes\n|turn|13\n|\n|t:|1699979110\n|move|p2a: Sandy Shocks|Thunderbolt|p1a: Ribombee\n|-damage|p1a: Ribombee|66\/100\n|move|p1a: Ribombee|Quiver Dance|p1a: Ribombee\n|-boost|p1a: Ribombee|spa|1\n|-boost|p1a: Ribombee|spd|1\n|-boost|p1a: Ribombee|spe|1\n|\n|-heal|p1a: Ribombee|72\/100|[from] item: Leftovers\n|upkeep\n|turn|14\n|\n|t:|1699979119\n|move|p1a: Ribombee|Quiver Dance|p1a: Ribombee\n|-boost|p1a: Ribombee|spa|1\n|-boost|p1a: Ribombee|spd|1\n|-boost|p1a: Ribombee|spe|1\n|move|p2a: Sandy Shocks|Thunderbolt|p1a: Ribombee\n|-damage|p1a: Ribombee|56\/100\n|\n|-heal|p1a: Ribombee|62\/100|[from] item: Leftovers\n|upkeep\n|turn|15\n|\n|t:|1699979129\n|move|p1a: Ribombee|Quiver Dance|p1a: Ribombee\n|-boost|p1a: Ribombee|spa|1\n|-boost|p1a: Ribombee|spd|1\n|-boost|p1a: Ribombee|spe|1\n|move|p2a: Sandy Shocks|Thunderbolt|p1a: Ribombee\n|-damage|p1a: Ribombee|50\/100\n|\n|-heal|p1a: Ribombee|56\/100|[from] item: Leftovers\n|upkeep\n|turn|16\n|\n|t:|1699979148\n|move|p1a: Ribombee|Stored Power|p2a: Sandy Shocks\n|-damage|p2a: Sandy Shocks|0 fnt\n|faint|p2a: Sandy Shocks\n|-end|p2a: Sandy Shocks|Protosynthesis|[silent]\n|\n|-heal|p1a: Ribombee|63\/100|[from] item: Leftovers\n|-sideend|p1: Spler|move: Light Screen\n|upkeep\n|\n|t:|1699979153\n|switch|p2a: Tapu Lele|Tapu Lele, shiny|100\/100\n|-damage|p2a: Tapu Lele|88\/100|[from] Spikes\n|-fieldstart|move: Psychic Terrain|[from] ability: Psychic Surge|[of] p2a: Tapu Lele\n|turn|17\n|\n|t:|1699979159\n|move|p1a: Ribombee|Draining Kiss|p2a: Tapu Lele\n|-damage|p2a: Tapu Lele|43\/100\n|-heal|p1a: Ribombee|93\/100|[from] drain|[of] p2a: Tapu Lele\n|move|p2a: Tapu Lele|Psychic|p1a: Ribombee\n|-damage|p1a: Ribombee|42\/100\n|\n|-heal|p1a: Ribombee|48\/100|[from] item: Leftovers\n|-sideend|p1: Spler|Reflect\n|upkeep\n|turn|18\n|\n|t:|1699979169\n|move|p1a: Ribombee|Draining Kiss|p2a: Tapu Lele\n|-damage|p2a: Tapu Lele|0 fnt\n|-heal|p1a: Ribombee|77\/100|[from] drain|[of] p2a: Tapu Lele\n|faint|p2a: Tapu Lele\n|\n|-heal|p1a: Ribombee|83\/100|[from] item: Leftovers\n|upkeep\n|\n|t:|1699979174\n|switch|p2a: Sneasler|Sneasler, F|100\/100\n|-damage|p2a: Sneasler|88\/100|[from] Spikes\n|-enditem|p2a: Sneasler|Psychic Seed\n|-boost|p2a: Sneasler|spd|1|[from] item: Psychic Seed\n|turn|19\n|\n|t:|1699979186\n|move|p1a: Ribombee|Stored Power|p2a: Sneasler\n|-supereffective|p2a: Sneasler\n|-damage|p2a: Sneasler|0 fnt\n|faint|p2a: Sneasler\n|\n|-heal|p1a: Ribombee|89\/100|[from] item: Leftovers\n|upkeep\n|\n|t:|1699979189\n|switch|p2a: Rillaboom|Rillaboom, M|96\/100\n|-damage|p2a: Rillaboom|84\/100|[from] Spikes\n|-fieldstart|move: Grassy Terrain|[from] ability: Grassy Surge|[of] p2a: Rillaboom\n|turn|20\n|\n|t:|1699979199\n|move|p2a: Rillaboom|Grassy Glide|p1a: Ribombee\n|-resisted|p1a: Ribombee\n|-damage|p1a: Ribombee|58\/100\n|move|p1a: Ribombee|Hidden Power|p2a: Rillaboom\n|-supereffective|p2a: Rillaboom\n|-damage|p2a: Rillaboom|0 fnt\n|faint|p2a: Rillaboom\n|\n|win|Spler\n|raw|Spler's rating: 1485 &rarr; <strong>1500<\/strong><br \/>(+15 for winning)\n|raw|wyyxhsete's rating: 1404 &rarr; <strong>1389<\/strong><br \/>(-15 for losing)\n|l|\u2606wyyxhsete\n","uploadtime":1699979212,"views":6,"p1id":"spler","p2id":"wyyxhsete","formatid":"gen9nationaldex","rating":1389,"private":0,"password":""}