{"id":"gen9nationaldex-1999632103","p1":"Iamnewmeta","p2":"Starving fartist","format":"[Gen 9] National Dex","log":"|html|<div class=\"broadcast-blue\"><strong>[Gen 9] National Dex is currently suspecting Sneasler! For information on how to participate check out the <a href=\"https:\/\/www.smogon.com\/forums\/threads\/sv-national-dex-suspect-8-just-dance.3731534\/\">suspect thread<\/a>.<\/strong><\/div>\n|j|\u2606Iamnewmeta\n|j|\u2606Starving fartist\n|t:|1701102943\n|gametype|singles\n|player|p1|Iamnewmeta|marnie-masters|1188\n|player|p2|Starving fartist|mina|1105\n|teamsize|p1|6\n|teamsize|p2|6\n|gen|9\n|tier|[Gen 9] National Dex\n|rated|\n|rule|HP Percentage Mod: HP is shown in percentages\n|rule|Endless Battle Clause: Forcing endless battles is banned\n|rule|OHKO Clause: OHKO moves are banned\n|rule|Evasion Clause: Evasion abilities, items, and moves are banned\n|rule|Evasion Abilities Clause: Evasion abilities are banned\n|rule|Evasion Items Clause: Evasion items are banned\n|rule|Evasion Moves Clause: Evasion moves are banned\n|rule|Species Clause: Limit one of each Pok\u00e9mon\n|rule|Sleep Clause Mod: Limit one foe put to sleep\n|clearpoke\n|poke|p1|Swampert, F|\n|poke|p1|Serperior, F|\n|poke|p1|Dragonite, M|\n|poke|p1|Corviknight, M|\n|poke|p1|Tapu Koko|\n|poke|p1|Blaziken, F|\n|poke|p2|Samurott-Hisui, F|\n|poke|p2|Kleavor, M|\n|poke|p2|Zapdos|\n|poke|p2|Sneasler, F|\n|poke|p2|Banette, F|\n|poke|p2|Smeargle, M|\n|teampreview\n|inactive|Battle timer is ON: inactive players will automatically lose when time's up. (requested by Starving fartist)\n|\n|t:|1701102970\n|start\n|switch|p1a: Fapu Tini|Tapu Koko|100\/100\n|switch|p2a: Kleavor|Kleavor, M|100\/100\n|-fieldstart|move: Electric Terrain|[from] ability: Electric Surge|[of] p1a: Fapu Tini\n|turn|1\n|\n|t:|1701102975\n|move|p2a: Kleavor|Stone Axe|p1a: Fapu Tini\n|-damage|p1a: Fapu Tini|24\/100\n|-sidestart|p1: Iamnewmeta|move: Stealth Rock\n|move|p1a: Fapu Tini|Thunderbolt|p2a: Kleavor\n|-damage|p2a: Kleavor|27\/100\n|\n|upkeep\n|turn|2\n|\n|t:|1701102982\n|switch|p1a: Russel Krow|Corviknight, M|100\/100\n|-damage|p1a: Russel Krow|88\/100|[from] Stealth Rock\n|-ability|p1a: Russel Krow|Pressure\n|move|p2a: Kleavor|Stone Axe|p1a: Russel Krow\n|-damage|p1a: Russel Krow|54\/100\n|\n|-heal|p1a: Russel Krow|60\/100|[from] item: Leftovers\n|upkeep\n|turn|3\n|\n|t:|1701102986\n|move|p2a: Kleavor|Stone Axe|p1a: Russel Krow\n|-damage|p1a: Russel Krow|22\/100\n|move|p1a: Russel Krow|Roost|p1a: Russel Krow\n|-heal|p1a: Russel Krow|72\/100\n|-singleturn|p1a: Russel Krow|move: Roost\n|\n|-heal|p1a: Russel Krow|78\/100|[from] item: Leftovers\n|upkeep\n|turn|4\n|\n|t:|1701102994\n|switch|p2a: Banette|Banette, F|100\/100\n|move|p1a: Russel Krow|Defog|p2a: Banette\n|-unboost|p2a: Banette|evasion|1\n|-sideend|p1: Iamnewmeta|Stealth Rock|[from] move: Defog|[of] p1a: Russel Krow\n|-fieldend|move: Electric Terrain\n|\n|-heal|p1a: Russel Krow|84\/100|[from] item: Leftovers\n|upkeep\n|turn|5\n|\n|t:|1701102998\n|detailschange|p2a: Banette|Banette-Mega, F\n|-mega|p2a: Banette|Banette|Banettite\n|move|p2a: Banette|Encore|p1a: Russel Krow\n|-start|p1a: Russel Krow|Encore\n|move|p1a: Russel Krow|Defog|p2a: Banette\n|-unboost|p2a: Banette|evasion|1\n|\n|-heal|p1a: Russel Krow|91\/100|[from] item: Leftovers\n|upkeep\n|turn|6\n|\n|t:|1701103008\n|switch|p1a: Kroolik|Swampert, F|100\/100\n|move|p2a: Banette|Shadow Claw|p1a: Kroolik\n|-damage|p1a: Kroolik|73\/100\n|-damage|p2a: Banette|84\/100|[from] item: Rocky Helmet|[of] p1a: Kroolik\n|\n|upkeep\n|turn|7\n|\n|t:|1701103018\n|switch|p2a: Samurott|Samurott-Hisui, F|100\/100\n|move|p1a: Kroolik|Stealth Rock|p2a: Samurott\n|-sidestart|p2: Starving fartist|move: Stealth Rock\n|\n|upkeep\n|turn|8\n|\n|t:|1701103024\n|move|p2a: Samurott|Ceaseless Edge|p1a: Kroolik\n|-damage|p1a: Kroolik|26\/100\n|-damage|p2a: Samurott|84\/100|[from] item: Rocky Helmet|[of] p1a: Kroolik\n|-sidestart|p1: Iamnewmeta|Spikes\n|move|p1a: Kroolik|Flip Turn|p2a: Samurott\n|-resisted|p2a: Samurott\n|-damage|p2a: Samurott|70\/100\n|\n|t:|1701103032\n|switch|p1a: Russel Krow|Corviknight, M|91\/100|[from] Flip Turn\n|-ability|p1a: Russel Krow|Pressure\n|\n|-heal|p1a: Russel Krow|97\/100|[from] item: Leftovers\n|upkeep\n|turn|9\n|\n|t:|1701103036\n|move|p2a: Samurott|Ceaseless Edge|p1a: Russel Krow\n|-damage|p1a: Russel Krow|55\/100\n|-sidestart|p1: Iamnewmeta|Spikes\n|move|p1a: Russel Krow|U-turn|p2a: Samurott\n|-supereffective|p2a: Samurott\n|-damage|p2a: Samurott|32\/100\n|\n|t:|1701103045\n|switch|p1a: D.D. Vernie|Dragonite, M|100\/100|[from] U-turn\n|\n|upkeep\n|turn|10\n|\n|t:|1701103050\n|move|p2a: Samurott|Ceaseless Edge|p1a: D.D. Vernie\n|-damage|p1a: D.D. Vernie|64\/100\n|-sidestart|p1: Iamnewmeta|Spikes\n|move|p1a: D.D. Vernie|Curse|p1a: D.D. Vernie\n|-unboost|p1a: D.D. Vernie|spe|1\n|-boost|p1a: D.D. Vernie|atk|1\n|-boost|p1a: D.D. Vernie|def|1\n|\n|upkeep\n|turn|11\n|\n|t:|1701103058\n|move|p1a: D.D. Vernie|Extreme Speed|p2a: Samurott\n|-damage|p2a: Samurott|0 fnt\n|faint|p2a: Samurott\n|\n|upkeep\n|\n|t:|1701103064\n|switch|p2a: Banette|Banette-Mega, F|84\/100\n|-damage|p2a: Banette|72\/100|[from] Stealth Rock\n|turn|12\n|\n|t:|1701103076\n|switch|p1a: Russel Krow|Corviknight, M|55\/100\n|-ability|p1a: Russel Krow|Pressure\n|move|p2a: Banette|Encore||[still]\n|-fail|p2a: Banette\n|\n|-heal|p1a: Russel Krow|61\/100|[from] item: Leftovers\n|upkeep\n|turn|13\n|\n|t:|1701103081\n|move|p2a: Banette|Swords Dance|p2a: Banette\n|-boost|p2a: Banette|atk|2\n|move|p1a: Russel Krow|Defog|p2a: Banette\n|-unboost|p2a: Banette|evasion|1\n|-sideend|p2: Starving fartist|Stealth Rock|[from] move: Defog|[of] p1a: Russel Krow\n|-sideend|p1: Iamnewmeta|Spikes|[from] move: Defog|[of] p1a: Russel Krow\n|\n|-heal|p1a: Russel Krow|67\/100|[from] item: Leftovers\n|upkeep\n|turn|14\n|\n|t:|1701103093\n|move|p2a: Banette|Shadow Claw|p1a: Russel Krow\n|-crit|p1a: Russel Krow\n|-damage|p1a: Russel Krow|0 fnt\n|faint|p1a: Russel Krow\n|\n|upkeep\n|\n|t:|1701103100\n|switch|p1a: Fapu Tini|Tapu Koko|24\/100\n|-fieldstart|move: Electric Terrain|[from] ability: Electric Surge|[of] p1a: Fapu Tini\n|turn|15\n|\n|t:|1701103105\n|move|p2a: Banette|Destiny Bond|p2a: Banette\n|-singlemove|p2a: Banette|Destiny Bond\n|move|p1a: Fapu Tini|Thunderbolt|p2a: Banette\n|-damage|p2a: Banette|0 fnt\n|faint|p2a: Banette\n|-activate|p2a: Banette|move: Destiny Bond\n|faint|p1a: Fapu Tini\n|\n|upkeep\n|\n|t:|1701103121\n|switch|p1a: Blazing Ken|Blaziken, F|100\/100\n|switch|p2a: Kleavor|Kleavor, M|27\/100\n|turn|16\n|\n|t:|1701103144\n|move|p2a: Kleavor|Stone Axe|p1a: Blazing Ken\n|-damage|p1a: Blazing Ken|6\/100\n|-sidestart|p1: Iamnewmeta|move: Stealth Rock\n|move|p1a: Blazing Ken|Close Combat|p2a: Kleavor\n|-damage|p2a: Kleavor|0 fnt\n|-unboost|p1a: Blazing Ken|def|1\n|-unboost|p1a: Blazing Ken|spd|1\n|faint|p2a: Kleavor\n|\n|-ability|p1a: Blazing Ken|Speed Boost|boost\n|-boost|p1a: Blazing Ken|spe|1\n|upkeep\n|\n|t:|1701103155\n|switch|p2a: Zapdos|Zapdos|100\/100\n|-ability|p2a: Zapdos|Pressure\n|turn|17\n|\n|t:|1701103160\n|-zpower|p1a: Blazing Ken\n|move|p1a: Blazing Ken|Inferno Overdrive|p2a: Zapdos|[zeffect]\n|-damage|p2a: Zapdos|0 fnt\n|faint|p2a: Zapdos\n|\n|-ability|p1a: Blazing Ken|Speed Boost|boost\n|-boost|p1a: Blazing Ken|spe|1\n|upkeep\n|\n|t:|1701103175\n|switch|p2a: Sneasler|Sneasler, F|100\/100\n|turn|18\n|\n|t:|1701103182\n|move|p1a: Blazing Ken|Earthquake|p2a: Sneasler\n|-supereffective|p2a: Sneasler\n|-damage|p2a: Sneasler|0 fnt\n|faint|p2a: Sneasler\n|\n|-ability|p1a: Blazing Ken|Speed Boost|boost\n|-boost|p1a: Blazing Ken|spe|1\n|upkeep\n|\n|t:|1701103184\n|switch|p2a: Smeargle|Smeargle, M|100\/100\n|turn|19\n|-message|Starving fartist forfeited.\n|\n|win|Iamnewmeta\n|raw|Iamnewmeta's rating: 1188 &rarr; <strong>1207<\/strong><br \/>(+19 for winning)\n|raw|Starving fartist's rating: 1105 &rarr; <strong>1086<\/strong><br \/>(-19 for losing)\n|l|\u2606Starving fartist\n|c|\u2606Iamnewmeta|gg\n","uploadtime":1701103193,"views":6,"p1id":"iamnewmeta","p2id":"starvingfartist","formatid":"gen9nationaldex","rating":1086,"private":0,"password":""}