{"id":"gen9nationaldex-1988000436","p1":"TKODATRUTH","p2":"Garry97","format":"[Gen 9] National Dex","log":"|j|\u2606TKODATRUTH\n|j|\u2606Garry97\n|t:|1699657694\n|gametype|singles\n|player|p1|TKODATRUTH|unknown|1582\n|player|p2|Garry97|eri|1588\n|teamsize|p1|6\n|teamsize|p2|6\n|gen|9\n|tier|[Gen 9] National Dex\n|rated|\n|rule|HP Percentage Mod: HP is shown in percentages\n|rule|Endless Battle Clause: Forcing endless battles is banned\n|rule|OHKO Clause: OHKO moves are banned\n|rule|Evasion Clause: Evasion abilities, items, and moves are banned\n|rule|Evasion Abilities Clause: Evasion abilities are banned\n|rule|Evasion Items Clause: Evasion items are banned\n|rule|Evasion Moves Clause: Evasion moves are banned\n|rule|Species Clause: Limit one of each Pok\u00e9mon\n|rule|Sleep Clause Mod: Limit one foe put to sleep\n|clearpoke\n|poke|p1|Charizard, M|\n|poke|p1|Mew|\n|poke|p1|Greninja-*, M|\n|poke|p1|Zamazenta-*|\n|poke|p1|Rillaboom, M|\n|poke|p1|Ninetales-Alola, M|\n|poke|p2|Bewear, M|\n|poke|p2|Hariyama, M|\n|poke|p2|Kommo-o, M|\n|poke|p2|Gallade, M|\n|poke|p2|Lucario, M|\n|poke|p2|Blaziken, M|\n|teampreview\n|inactive|Battle timer is ON: inactive players will automatically lose when time's up. (requested by Garry97)\n|\n|t:|1699657713\n|start\n|switch|p1a: Prince|Mew, shiny|100\/100\n|switch|p2a: Lord Beerus|Lucario, M|100\/100\n|turn|1\n|\n|t:|1699657721\n|move|p2a: Lord Beerus|Meteor Mash|p1a: Prince\n|-damage|p1a: Prince|35\/100\n|move|p1a: Prince|Agility|p1a: Prince\n|-boost|p1a: Prince|spe|2\n|\n|upkeep\n|turn|2\n|\n|t:|1699657742\n|-terastallize|p2a: Lord Beerus|Normal\n|move|p1a: Prince|Stored Power|p2a: Lord Beerus\n|-damage|p2a: Lord Beerus|51\/100\n|move|p2a: Lord Beerus|Meteor Mash|p1a: Prince\n|-damage|p1a: Prince|0 fnt\n|-boost|p2a: Lord Beerus|atk|1\n|faint|p1a: Prince\n|\n|upkeep\n|\n|t:|1699657761\n|switch|p1a: Kong|Rillaboom, M, shiny|100\/100\n|-fieldstart|move: Grassy Terrain|[from] ability: Grassy Surge|[of] p1a: Kong\n|turn|3\n|inactive|TKODATRUTH has 120 seconds left.\n|\n|t:|1699657781\n|switch|p2a: Freddy|Bewear, M|100\/100\n|move|p1a: Kong|Drain Punch|p2a: Freddy\n|-supereffective|p2a: Freddy\n|-crit|p2a: Freddy\n|-damage|p2a: Freddy|57\/100\n|-damage|p1a: Kong|84\/100|[from] item: Rocky Helmet|[of] p2a: Freddy\n|\n|-heal|p1a: Kong|90\/100|[from] Grassy Terrain\n|-heal|p2a: Freddy|63\/100|[from] Grassy Terrain\n|upkeep\n|turn|4\n|inactive|TKODATRUTH has 120 seconds left.\n|\n|t:|1699657799\n|move|p1a: Kong|Drain Punch|p2a: Freddy\n|-supereffective|p2a: Freddy\n|-damage|p2a: Freddy|36\/100\n|-heal|p1a: Kong|100\/100|[from] drain|[of] p2a: Freddy\n|-damage|p1a: Kong|84\/100|[from] item: Rocky Helmet|[of] p2a: Freddy\n|move|p2a: Freddy|Toxic|p1a: Kong\n|-status|p1a: Kong|tox\n|\n|-heal|p1a: Kong|90\/100 tox|[from] Grassy Terrain\n|-heal|p2a: Freddy|42\/100|[from] Grassy Terrain\n|-damage|p1a: Kong|84\/100 tox|[from] psn\n|upkeep\n|turn|5\n|inactive|TKODATRUTH has 120 seconds left.\n|\n|t:|1699657821\n|switch|p1a: Silverbolt|Ninetales-Alola, M, shiny|100\/100\n|-weather|Snow|[from] ability: Snow Warning|[of] p1a: Silverbolt\n|move|p2a: Freddy|Drain Punch|p1a: Silverbolt\n|-damage|p1a: Silverbolt|71\/100\n|-heal|p2a: Freddy|52\/100|[from] drain|[of] p1a: Silverbolt\n|\n|-weather|Snow|[upkeep]\n|-heal|p1a: Silverbolt|77\/100|[from] Grassy Terrain\n|-heal|p2a: Freddy|58\/100|[from] Grassy Terrain\n|upkeep\n|turn|6\n|\n|t:|1699657849\n|switch|p2a: Pollo Hermano|Blaziken, M|100\/100\n|move|p1a: Silverbolt|Moonblast|p2a: Pollo Hermano\n|-damage|p2a: Pollo Hermano|52\/100\n|\n|-weather|Snow|[upkeep]\n|-heal|p1a: Silverbolt|83\/100|[from] Grassy Terrain\n|-heal|p2a: Pollo Hermano|58\/100|[from] Grassy Terrain\n|upkeep\n|turn|7\n|inactive|TKODATRUTH has 90 seconds left.\n|\n|t:|1699657869\n|move|p1a: Silverbolt|Aurora Veil|p1a: Silverbolt\n|-sidestart|p1: TKODATRUTH|move: Aurora Veil\n|move|p2a: Pollo Hermano|Fire Blast|p1a: Silverbolt\n|-supereffective|p1a: Silverbolt\n|-damage|p1a: Silverbolt|11\/100\n|-damage|p2a: Pollo Hermano|48\/100|[from] item: Life Orb\n|\n|-weather|Snow|[upkeep]\n|-heal|p1a: Silverbolt|17\/100|[from] Grassy Terrain\n|-heal|p2a: Pollo Hermano|54\/100|[from] Grassy Terrain\n|-fieldend|move: Grassy Terrain\n|-ability|p2a: Pollo Hermano|Speed Boost|boost\n|-boost|p2a: Pollo Hermano|spe|1\n|upkeep\n|turn|8\n|inactive|TKODATRUTH has 90 seconds left.\n|\n|t:|1699657887\n|move|p2a: Pollo Hermano|Aura Sphere|p1a: Silverbolt\n|-damage|p1a: Silverbolt|0 fnt\n|faint|p1a: Silverbolt\n|-damage|p2a: Pollo Hermano|44\/100|[from] item: Life Orb\n|\n|-weather|Snow|[upkeep]\n|-ability|p2a: Pollo Hermano|Speed Boost|boost\n|-boost|p2a: Pollo Hermano|spe|1\n|upkeep\n|\n|t:|1699657911\n|switch|p1a: Optimus|Greninja, M|100\/100\n|turn|9\n|\n|t:|1699657929\n|switch|p2a: Kommo-or!!!??|Kommo-o, M|100\/100\n|move|p1a: Optimus|Water Shuriken|p2a: Kommo-or!!!??\n|-resisted|p2a: Kommo-or!!!??\n|-damage|p2a: Kommo-or!!!??|95\/100\n|-resisted|p2a: Kommo-or!!!??\n|-damage|p2a: Kommo-or!!!??|90\/100\n|-hitcount|p2a: Kommo-or!!!??|2\n|-damage|p1a: Optimus|91\/100|[from] item: Life Orb\n|\n|-weather|none\n|upkeep\n|turn|10\n|inactive|TKODATRUTH has 60 seconds left.\n|\n|t:|1699657957\n|switch|p1a: Maximus|Zamazenta, shiny|100\/100\n|-ability|p1a: Maximus|Dauntless Shield|boost\n|-boost|p1a: Maximus|def|1\n|switch|p2a: Paca Pacheco|Hariyama, M, shiny|100\/100\n|\n|upkeep\n|turn|11\n|\n|t:|1699657969\n|switch|p2a: Kommo-or!!!??|Kommo-o, M|90\/100\n|move|p1a: Maximus|Iron Defense|p1a: Maximus\n|-boost|p1a: Maximus|def|2\n|\n|upkeep\n|turn|12\n|\n|t:|1699657981\n|move|p1a: Maximus|Body Press|p2a: Kommo-or!!!??\n|-damage|p2a: Kommo-or!!!??|5\/100\n|-zpower|p2a: Kommo-or!!!??\n|move|p2a: Kommo-or!!!??|Clangorous Soulblaze|p1a: Maximus|[zeffect]\n|-damage|p1a: Maximus|67\/100\n|-boost|p2a: Kommo-or!!!??|atk|1\n|-boost|p2a: Kommo-or!!!??|def|1\n|-boost|p2a: Kommo-or!!!??|spa|1\n|-boost|p2a: Kommo-or!!!??|spd|1\n|-boost|p2a: Kommo-or!!!??|spe|1\n|\n|-heal|p1a: Maximus|73\/100|[from] item: Leftovers\n|upkeep\n|turn|13\n|\n|t:|1699658001\n|move|p2a: Kommo-or!!!??|Clanging Scales|p1a: Maximus\n|-damage|p1a: Maximus|39\/100\n|-unboost|p2a: Kommo-or!!!??|def|1\n|move|p1a: Maximus|Body Press|p2a: Kommo-or!!!??\n|-damage|p2a: Kommo-or!!!??|0 fnt\n|faint|p2a: Kommo-or!!!??\n|\n|-heal|p1a: Maximus|45\/100|[from] item: Leftovers\n|upkeep\n|\n|t:|1699658020\n|switch|p2a: Pollo Hermano|Blaziken, M|44\/100\n|turn|14\n|\n|t:|1699658032\n|move|p2a: Pollo Hermano|Protect|p2a: Pollo Hermano\n|-singleturn|p2a: Pollo Hermano|Protect\n|move|p1a: Maximus|Iron Defense|p1a: Maximus\n|-boost|p1a: Maximus|def|2\n|\n|-heal|p1a: Maximus|51\/100|[from] item: Leftovers\n|-sideend|p1: TKODATRUTH|move: Aurora Veil\n|-ability|p2a: Pollo Hermano|Speed Boost|boost\n|-boost|p2a: Pollo Hermano|spe|1\n|upkeep\n|turn|15\n|\n|t:|1699658044\n|move|p2a: Pollo Hermano|Fire Blast|p1a: Maximus\n|-crit|p1a: Maximus\n|-damage|p1a: Maximus|0 fnt\n|faint|p1a: Maximus\n|-damage|p2a: Pollo Hermano|34\/100|[from] item: Life Orb\n|\n|-ability|p2a: Pollo Hermano|Speed Boost|boost\n|-boost|p2a: Pollo Hermano|spe|1\n|upkeep\n|\n|t:|1699658062\n|switch|p1a: Optimus|Greninja, M|91\/100\n|turn|16\n|\n|t:|1699658071\n|switch|p2a: Paca Pacheco|Hariyama, M, shiny|100\/100\n|-terastallize|p1a: Optimus|Water\n|move|p1a: Optimus|Water Shuriken|p2a: Paca Pacheco\n|-damage|p2a: Paca Pacheco|93\/100\n|-crit|p2a: Paca Pacheco\n|-damage|p2a: Paca Pacheco|81\/100\n|-hitcount|p2a: Paca Pacheco|2\n|-damage|p1a: Optimus|81\/100|[from] item: Life Orb\n|\n|upkeep\n|turn|17\n|\n|t:|1699658084\n|move|p1a: Optimus|Hydro Pump|p2a: Paca Pacheco\n|-damage|p2a: Paca Pacheco|28\/100\n|-damage|p1a: Optimus|71\/100|[from] item: Life Orb\n|move|p2a: Paca Pacheco|Stone Edge|p1a: Optimus\n|-damage|p1a: Optimus|17\/100\n|\n|upkeep\n|turn|18\n|\n|t:|1699658105\n|move|p1a: Optimus|Water Shuriken|p2a: Paca Pacheco\n|-damage|p2a: Paca Pacheco|21\/100\n|-damage|p2a: Paca Pacheco|14\/100\n|-hitcount|p2a: Paca Pacheco|2\n|-damage|p1a: Optimus|7\/100|[from] item: Life Orb\n|move|p2a: Paca Pacheco|Bullet Punch|p1a: Optimus\n|-resisted|p1a: Optimus\n|-damage|p1a: Optimus|0 fnt\n|faint|p1a: Optimus\n|\n|upkeep\n|inactive|TKODATRUTH has 30 seconds left.\n|\n|t:|1699658122\n|switch|p1a: Kong|Rillaboom, M, shiny|84\/100 tox\n|-fieldstart|move: Grassy Terrain|[from] ability: Grassy Surge|[of] p1a: Kong\n|turn|19\n|\n|t:|1699658129\n|move|p1a: Kong|U-turn|p2a: Paca Pacheco\n|-resisted|p2a: Paca Pacheco\n|-damage|p2a: Paca Pacheco|0 fnt\n|faint|p2a: Paca Pacheco\n|\n|t:|1699658133\n|switch|p1a: Jetfire|Charizard, M, shiny|100\/100|[from] U-turn\n|\n|upkeep\n|\n|t:|1699658139\n|switch|p2a: Roronoa Zoro|Gallade, M|100\/100\n|turn|20\n|\n|t:|1699658145\n|detailschange|p1a: Jetfire|Charizard-Mega-X, M, shiny\n|-mega|p1a: Jetfire|Charizard|Charizardite X\n|detailschange|p2a: Roronoa Zoro|Gallade-Mega, M\n|-mega|p2a: Roronoa Zoro|Gallade|Galladite\n|move|p2a: Roronoa Zoro|Psycho Cut|p1a: Jetfire\n|-damage|p1a: Jetfire|57\/100\n|move|p1a: Jetfire|Dragon Dance|p1a: Jetfire\n|-boost|p1a: Jetfire|atk|1\n|-boost|p1a: Jetfire|spe|1\n|\n|-heal|p1a: Jetfire|63\/100|[from] Grassy Terrain\n|upkeep\n|turn|21\n|l|\u2606Garry97\n|inactive|Garry97 disconnected and has a minute to reconnect!\n|player|p2|\n|j|\u2606Garry97\n|inactive|Garry97 reconnected and has 125 seconds left.\n|player|p2|Garry97|eri\n|\n|t:|1699658173\n|switch|p2a: Freddy|Bewear, M|58\/100\n|move|p1a: Jetfire|Outrage|p2a: Freddy\n|-damage|p2a: Freddy|19\/100\n|-damage|p1a: Jetfire|47\/100|[from] item: Rocky Helmet|[of] p2a: Freddy\n|\n|-heal|p1a: Jetfire|53\/100|[from] Grassy Terrain\n|-heal|p2a: Freddy|25\/100|[from] Grassy Terrain\n|upkeep\n|turn|22\n|\n|t:|1699658185\n|move|p1a: Jetfire|Outrage|p2a: Freddy|[from]lockedmove\n|-damage|p2a: Freddy|0 fnt\n|-damage|p1a: Jetfire|36\/100|[from] item: Rocky Helmet|[of] p2a: Freddy\n|faint|p2a: Freddy\n|\n|-heal|p1a: Jetfire|42\/100|[from] Grassy Terrain\n|upkeep\n|\n|t:|1699658195\n|switch|p2a: Lord Beerus|Lucario, M, tera:Normal|51\/100\n|turn|23\n|\n|t:|1699658199\n|move|p2a: Lord Beerus|Extreme Speed|p1a: Jetfire\n|-damage|p1a: Jetfire|0 fnt\n|faint|p1a: Jetfire\n|\n|-heal|p2a: Lord Beerus|57\/100|[from] Grassy Terrain\n|-fieldend|move: Grassy Terrain\n|upkeep\n|\n|t:|1699658206\n|switch|p1a: Kong|Rillaboom, M, shiny|84\/100 tox\n|-fieldstart|move: Grassy Terrain|[from] ability: Grassy Surge|[of] p1a: Kong\n|turn|24\n|\n|t:|1699658224\n|move|p2a: Lord Beerus|Extreme Speed|p1a: Kong\n|-damage|p1a: Kong|28\/100 tox\n|move|p1a: Kong|Drain Punch|p2a: Lord Beerus\n|-supereffective|p2a: Lord Beerus\n|-damage|p2a: Lord Beerus|0 fnt\n|-heal|p1a: Kong|50\/100 tox|[from] drain|[of] p2a: Lord Beerus\n|faint|p2a: Lord Beerus\n|\n|-heal|p1a: Kong|56\/100 tox|[from] Grassy Terrain\n|-damage|p1a: Kong|50\/100 tox|[from] psn\n|upkeep\n|\n|t:|1699658237\n|switch|p2a: Roronoa Zoro|Gallade-Mega, M|100\/100\n|turn|25\n|\n|t:|1699658240\n|move|p2a: Roronoa Zoro|Triple Axel|p1a: Kong|[miss]\n|-miss|p2a: Roronoa Zoro|p1a: Kong\n|move|p1a: Kong|Drain Punch|p2a: Roronoa Zoro\n|-resisted|p2a: Roronoa Zoro\n|-damage|p2a: Roronoa Zoro|75\/100\n|-heal|p1a: Kong|60\/100 tox|[from] drain|[of] p2a: Roronoa Zoro\n|\n|-heal|p2a: Roronoa Zoro|81\/100|[from] Grassy Terrain\n|-heal|p1a: Kong|66\/100 tox|[from] Grassy Terrain\n|-damage|p1a: Kong|54\/100 tox|[from] psn\n|upkeep\n|turn|26\n|inactive|TKODATRUTH has 90 seconds left.\n|\n|t:|1699658253\n|move|p2a: Roronoa Zoro|Triple Axel|p1a: Kong|[miss]\n|-miss|p2a: Roronoa Zoro|p1a: Kong\n|move|p1a: Kong|Drain Punch|p2a: Roronoa Zoro\n|-resisted|p2a: Roronoa Zoro\n|-crit|p2a: Roronoa Zoro\n|-damage|p2a: Roronoa Zoro|41\/100\n|-heal|p1a: Kong|69\/100 tox|[from] drain|[of] p2a: Roronoa Zoro\n|\n|-heal|p2a: Roronoa Zoro|47\/100|[from] Grassy Terrain\n|-heal|p1a: Kong|75\/100 tox|[from] Grassy Terrain\n|-damage|p1a: Kong|57\/100 tox|[from] psn\n|upkeep\n|turn|27\n|inactive|TKODATRUTH has 90 seconds left.\n|\n|t:|1699658266\n|move|p2a: Roronoa Zoro|Triple Axel|p1a: Kong\n|-supereffective|p1a: Kong\n|-damage|p1a: Kong|42\/100 tox\n|-hitcount|p1a: Kong|1\n|move|p1a: Kong|Drain Punch|p2a: Roronoa Zoro\n|-resisted|p2a: Roronoa Zoro\n|-damage|p2a: Roronoa Zoro|18\/100\n|-heal|p1a: Kong|53\/100 tox|[from] drain|[of] p2a: Roronoa Zoro\n|\n|-heal|p2a: Roronoa Zoro|24\/100|[from] Grassy Terrain\n|-heal|p1a: Kong|59\/100 tox|[from] Grassy Terrain\n|-damage|p1a: Kong|35\/100 tox|[from] psn\n|upkeep\n|turn|28\n|inactive|TKODATRUTH has 90 seconds left.\n|c|\u2606Garry97|REALLY\n|\n|t:|1699658283\n|move|p2a: Roronoa Zoro|Close Combat|p1a: Kong\n|-damage|p1a: Kong|0 fnt\n|-unboost|p2a: Roronoa Zoro|def|1\n|-unboost|p2a: Roronoa Zoro|spd|1\n|faint|p1a: Kong\n|\n|win|Garry97\n|raw|TKODATRUTH's rating: 1582 &rarr; <strong>1562<\/strong><br \/>(-20 for losing)\n|raw|Garry97's rating: 1588 &rarr; <strong>1608<\/strong><br \/>(+20 for winning)\n|l|\u2606TKODATRUTH\n","uploadtime":1699658301,"views":4,"p1id":"tkodatruth","p2id":"garry97","formatid":"gen9nationaldex","rating":1562,"private":0,"password":""}