{"id":"gen9nationaldex-1993852771","p1":"Gocks","p2":"Durr plant100","format":"[Gen 9] National Dex","log":"|j|\u203dGocks\n|j|\u2606Durr plant100\n|t:|1700365464\n|gametype|singles\n|player|p1|Gocks|juggler|1424\n|player|p2|Durr plant100|ultraforestkartenvoy|1497\n|teamsize|p1|6\n|teamsize|p2|6\n|gen|9\n|tier|[Gen 9] National Dex\n|rated|\n|rule|HP Percentage Mod: HP is shown in percentages\n|rule|Endless Battle Clause: Forcing endless battles is banned\n|rule|OHKO Clause: OHKO moves are banned\n|rule|Evasion Clause: Evasion abilities, items, and moves are banned\n|rule|Evasion Abilities Clause: Evasion abilities are banned\n|rule|Evasion Items Clause: Evasion items are banned\n|rule|Evasion Moves Clause: Evasion moves are banned\n|rule|Species Clause: Limit one of each Pok\u00e9mon\n|rule|Sleep Clause Mod: Limit one foe put to sleep\n|clearpoke\n|poke|p1|Ambipom, M|\n|poke|p1|Moltres|\n|poke|p1|Espeon, F|\n|poke|p1|Umbreon, M|\n|poke|p1|Nidoking, M|\n|poke|p1|Scizor, M|\n|poke|p2|Tyranitar, M|\n|poke|p2|Landorus-Therian, M|\n|poke|p2|Golisopod, F|\n|poke|p2|Excadrill, M|\n|poke|p2|Hydreigon, F|\n|poke|p2|Volcarona, F|\n|teampreview\n|inactive|Battle timer is ON: inactive players will automatically lose when time's up. (requested by Durr plant100)\n|\n|t:|1700365481\n|start\n|switch|p1a: Scizor|Scizor, M|100\/100\n|switch|p2a: King Ghidorah|Hydreigon, F|100\/100\n|turn|1\n|\n|t:|1700365491\n|switch|p1a: Umbreon|Umbreon, M|100\/100\n|move|p2a: King Ghidorah|U-turn|p1a: Umbreon\n|-supereffective|p1a: Umbreon\n|-damage|p1a: Umbreon|83\/100\n|-damage|p2a: King Ghidorah|84\/100|[from] item: Rocky Helmet|[of] p1a: Umbreon\n|\n|t:|1700365502\n|switch|p2a: King Seesar|Landorus-Therian, M|100\/100|[from] U-turn\n|-ability|p2a: King Seesar|Intimidate|boost\n|-fail|p1a: Umbreon|unboost|Attack|[from] ability: Inner Focus|[of] p1a: Umbreon\n|\n|upkeep\n|turn|2\n|\n|t:|1700365511\n|move|p2a: King Seesar|U-turn|p1a: Umbreon\n|-supereffective|p1a: Umbreon\n|-damage|p1a: Umbreon|49\/100\n|-damage|p2a: King Seesar|84\/100|[from] item: Rocky Helmet|[of] p1a: Umbreon\n|\n|t:|1700365513\n|switch|p2a: Shockirus|Golisopod, F|100\/100|[from] U-turn\n|move|p1a: Umbreon|Wish|p1a: Umbreon\n|\n|upkeep\n|turn|3\n|\n|t:|1700365517\n|move|p1a: Umbreon|Protect|p1a: Umbreon\n|-singleturn|p1a: Umbreon|Protect\n|move|p2a: Shockirus|First Impression|p1a: Umbreon\n|-activate|p1a: Umbreon|move: Protect\n|\n|-heal|p1a: Umbreon|99\/100|[from] move: Wish|[wisher] Umbreon\n|upkeep\n|turn|4\n|\n|t:|1700365528\n|switch|p1a: Moltres|Moltres|100\/100\n|move|p2a: Shockirus|Knock Off|p1a: Moltres\n|-damage|p1a: Moltres|66\/100\n|-enditem|p1a: Moltres|Heavy-Duty Boots|[from] move: Knock Off|[of] p2a: Shockirus\n|\n|upkeep\n|turn|5\n|\n|t:|1700365535\n|switch|p2a: Godzilla|Tyranitar, M|100\/100\n|-weather|Sandstorm|[from] ability: Sand Stream|[of] p2a: Godzilla\n|move|p1a: Moltres|Hurricane|p2a: Godzilla\n|-resisted|p2a: Godzilla\n|-damage|p2a: Godzilla|88\/100\n|\n|-weather|Sandstorm|[upkeep]\n|-damage|p1a: Moltres|60\/100|[from] Sandstorm\n|upkeep\n|turn|6\n|\n|t:|1700365545\n|switch|p1a: Umbreon|Umbreon, M|99\/100\n|move|p2a: Godzilla|Stone Edge|p1a: Umbreon\n|-damage|p1a: Umbreon|62\/100\n|\n|-weather|Sandstorm|[upkeep]\n|-damage|p1a: Umbreon|56\/100|[from] Sandstorm\n|upkeep\n|turn|7\n|\n|t:|1700365557\n|switch|p2a: Shockirus|Golisopod, F|100\/100\n|move|p1a: Umbreon|Wish|p1a: Umbreon\n|\n|-weather|Sandstorm|[upkeep]\n|-damage|p1a: Umbreon|50\/100|[from] Sandstorm\n|-damage|p2a: Shockirus|94\/100|[from] Sandstorm\n|upkeep\n|turn|8\n|\n|t:|1700365566\n|move|p1a: Umbreon|Protect|p1a: Umbreon\n|-singleturn|p1a: Umbreon|Protect\n|move|p2a: Shockirus|Liquidation|p1a: Umbreon\n|-activate|p1a: Umbreon|move: Protect\n|\n|-weather|Sandstorm|[upkeep]\n|-damage|p1a: Umbreon|44\/100|[from] Sandstorm\n|-damage|p2a: Shockirus|88\/100|[from] Sandstorm\n|-heal|p1a: Umbreon|94\/100|[from] move: Wish|[wisher] Umbreon\n|upkeep\n|turn|9\n|\n|t:|1700365578\n|move|p1a: Umbreon|Toxic|p2a: Shockirus\n|-status|p2a: Shockirus|tox\n|move|p2a: Shockirus|Leech Life|p1a: Umbreon\n|-supereffective|p1a: Umbreon\n|-damage|p1a: Umbreon|42\/100\n|-heal|p2a: Shockirus|100\/100 tox|[from] drain|[of] p1a: Umbreon\n|-damage|p2a: Shockirus|84\/100 tox|[from] item: Rocky Helmet|[of] p1a: Umbreon\n|\n|-weather|none\n|-damage|p2a: Shockirus|78\/100 tox|[from] psn\n|upkeep\n|turn|10\n|\n|t:|1700365586\n|switch|p1a: Scizor|Scizor, M|100\/100\n|move|p2a: Shockirus|Leech Life|p1a: Scizor\n|-resisted|p1a: Scizor\n|-damage|p1a: Scizor|80\/100\n|-heal|p2a: Shockirus|88\/100 tox|[from] drain|[of] p1a: Scizor\n|\n|-damage|p2a: Shockirus|75\/100 tox|[from] psn\n|upkeep\n|turn|11\n|\n|t:|1700365595\n|switch|p2a: King Seesar|Landorus-Therian, M|84\/100\n|-ability|p2a: King Seesar|Intimidate|boost\n|-unboost|p1a: Scizor|atk|1\n|detailschange|p1a: Scizor|Scizor-Mega, M\n|-mega|p1a: Scizor|Scizor|Scizorite\n|move|p1a: Scizor|U-turn|p2a: King Seesar\n|-resisted|p2a: King Seesar\n|-damage|p2a: King Seesar|67\/100\n|\n|t:|1700365605\n|switch|p1a: Moltres|Moltres|60\/100|[from] U-turn\n|\n|upkeep\n|turn|12\n|\n|t:|1700365612\n|move|p2a: King Seesar|Stone Edge|p1a: Moltres\n|-supereffective|p1a: Moltres\n|-damage|p1a: Moltres|0 fnt\n|faint|p1a: Moltres\n|\n|upkeep\n|\n|t:|1700365622\n|switch|p1a: Umbreon|Umbreon, M|42\/100\n|turn|13\n|\n|t:|1700365629\n|move|p2a: King Seesar|Stone Edge|p1a: Umbreon\n|-damage|p1a: Umbreon|20\/100\n|move|p1a: Umbreon|Wish|p1a: Umbreon\n|\n|upkeep\n|turn|14\n|\n|t:|1700365638\n|switch|p2a: King Ghidorah|Hydreigon, F|84\/100\n|move|p1a: Umbreon|Protect||[still]\n|-fail|p1a: Umbreon\n|\n|-heal|p1a: Umbreon|70\/100|[from] move: Wish|[wisher] Umbreon\n|upkeep\n|turn|15\n|\n|t:|1700365645\n|move|p2a: King Ghidorah|U-turn|p1a: Umbreon\n|-supereffective|p1a: Umbreon\n|-damage|p1a: Umbreon|53\/100\n|-damage|p2a: King Ghidorah|67\/100|[from] item: Rocky Helmet|[of] p1a: Umbreon\n|\n|t:|1700365659\n|switch|p2a: Anguirus|Excadrill, M|100\/100|[from] U-turn\n|move|p1a: Umbreon|Wish|p1a: Umbreon\n|\n|upkeep\n|turn|16\n|\n|t:|1700365668\n|move|p2a: Anguirus|Swords Dance|p2a: Anguirus\n|-boost|p2a: Anguirus|atk|2\n|move|p1a: Umbreon|Foul Play|p2a: Anguirus\n|-damage|p2a: Anguirus|0 fnt\n|faint|p2a: Anguirus\n|\n|-heal|p1a: Umbreon|100\/100|[from] move: Wish|[wisher] Umbreon\n|upkeep\n|\n|t:|1700365693\n|switch|p2a: Shockirus|Golisopod, F|75\/100 tox\n|turn|17\n|\n|t:|1700365711\n|-terastallize|p1a: Umbreon|Fairy\n|move|p1a: Umbreon|Foul Play|p2a: Shockirus\n|-damage|p2a: Shockirus|38\/100 tox\n|-activate|p2a: Shockirus|ability: Emergency Exit\n|\n|t:|1700365720\n|switch|p2a: King Ghidorah|Hydreigon, F|67\/100\n|\n|upkeep\n|turn|18\n|\n|t:|1700365728\n|move|p1a: Umbreon|Protect|p1a: Umbreon\n|-singleturn|p1a: Umbreon|Protect\n|move|p2a: King Ghidorah|Flash Cannon|p1a: Umbreon\n|-activate|p1a: Umbreon|move: Protect\n|\n|upkeep\n|turn|19\n|\n|t:|1700365735\n|switch|p1a: Scizor|Scizor-Mega, M|80\/100\n|move|p2a: King Ghidorah|Flash Cannon|p1a: Scizor\n|-resisted|p1a: Scizor\n|-damage|p1a: Scizor|66\/100\n|\n|upkeep\n|turn|20\n|\n|t:|1700365744\n|switch|p2a: Mothra|Volcarona, F, shiny|100\/100\n|move|p1a: Scizor|U-turn|p2a: Mothra\n|-resisted|p2a: Mothra\n|-damage|p2a: Mothra|65\/100\n|-status|p1a: Scizor|brn|[from] ability: Flame Body|[of] p2a: Mothra\n|\n|t:|1700365753\n|switch|p1a: Umbreon|Umbreon, M, tera:Fairy|100\/100|[from] U-turn\n|\n|upkeep\n|turn|21\n|\n|t:|1700365769\n|move|p2a: Mothra|Fiery Dance|p1a: Umbreon\n|-damage|p1a: Umbreon|68\/100\n|move|p1a: Umbreon|Foul Play|p2a: Mothra\n|-damage|p2a: Mothra|41\/100\n|\n|upkeep\n|turn|22\n|\n|t:|1700365780\n|move|p2a: Mothra|Fiery Dance|p1a: Umbreon\n|-damage|p1a: Umbreon|38\/100\n|-boost|p2a: Mothra|spa|1\n|move|p1a: Umbreon|Toxic|p2a: Mothra\n|-status|p2a: Mothra|tox\n|\n|-damage|p2a: Mothra|35\/100 tox|[from] psn\n|upkeep\n|turn|23\n|\n|t:|1700365791\n|switch|p1a: Scizor|Scizor-Mega, M|66\/100 brn\n|move|p2a: Mothra|Quiver Dance|p2a: Mothra\n|-boost|p2a: Mothra|spa|1\n|-boost|p2a: Mothra|spd|1\n|-boost|p2a: Mothra|spe|1\n|\n|-damage|p2a: Mothra|23\/100 tox|[from] psn\n|-damage|p1a: Scizor|60\/100 brn|[from] brn\n|upkeep\n|turn|24\n|\n|t:|1700365799\n|move|p1a: Scizor|Bullet Punch|p2a: Mothra\n|-resisted|p2a: Mothra\n|-damage|p2a: Mothra|8\/100 tox\n|move|p2a: Mothra|Fiery Dance|p1a: Scizor\n|-supereffective|p1a: Scizor\n|-damage|p1a: Scizor|0 fnt\n|faint|p1a: Scizor\n|\n|-damage|p2a: Mothra|0 fnt|[from] psn\n|faint|p2a: Mothra\n|upkeep\n|\n|t:|1700365810\n|switch|p2a: King Ghidorah|Hydreigon, F|67\/100\n|switch|p1a: Nidoking|Nidoking, M|100\/100\n|turn|25\n|\n|t:|1700365818\n|move|p2a: King Ghidorah|U-turn|p1a: Nidoking\n|-resisted|p1a: Nidoking\n|-damage|p1a: Nidoking|91\/100\n|\n|t:|1700365821\n|switch|p2a: Shockirus|Golisopod, F|38\/100 tox|[from] U-turn\n|move|p1a: Nidoking|Ice Beam|p2a: Shockirus\n|-resisted|p2a: Shockirus\n|-damage|p2a: Shockirus|21\/100 tox\n|\n|-damage|p2a: Shockirus|15\/100 tox|[from] psn\n|upkeep\n|turn|26\n|\n|t:|1700365827\n|move|p1a: Nidoking|Ice Beam|p2a: Shockirus\n|-resisted|p2a: Shockirus\n|-damage|p2a: Shockirus|0 fnt\n|faint|p2a: Shockirus\n|\n|upkeep\n|\n|t:|1700365830\n|switch|p2a: King Seesar|Landorus-Therian, M|67\/100\n|-ability|p2a: King Seesar|Intimidate|boost\n|-unboost|p1a: Nidoking|atk|1\n|turn|27\n|\n|t:|1700365833\n|move|p2a: King Seesar|Earthquake|p1a: Nidoking\n|-supereffective|p1a: Nidoking\n|-damage|p1a: Nidoking|0 fnt\n|faint|p1a: Nidoking\n|\n|upkeep\n|\n|t:|1700365839\n|switch|p1a: Umbreon|Umbreon, M, tera:Fairy|38\/100\n|turn|28\n|\n|t:|1700365854\n|move|p2a: King Seesar|Earthquake|p1a: Umbreon\n|-damage|p1a: Umbreon|7\/100\n|move|p1a: Umbreon|Wish|p1a: Umbreon\n|\n|upkeep\n|turn|29\n|\n|t:|1700365860\n|switch|p2a: King Ghidorah|Hydreigon, F|67\/100\n|move|p1a: Umbreon|Protect||[still]\n|-fail|p1a: Umbreon\n|\n|-heal|p1a: Umbreon|57\/100|[from] move: Wish|[wisher] Umbreon\n|upkeep\n|turn|30\n|\n|t:|1700365867\n|switch|p1a: Ambipom|Ambipom, M|100\/100\n|move|p2a: King Ghidorah|Flash Cannon|p1a: Ambipom\n|-damage|p1a: Ambipom|55\/100\n|\n|upkeep\n|turn|31\n|\n|t:|1700365872\n|switch|p2a: King Seesar|Landorus-Therian, M|67\/100\n|-ability|p2a: King Seesar|Intimidate|boost\n|-unboost|p1a: Ambipom|atk|1\n|move|p1a: Ambipom|Fake Out|p2a: King Seesar\n|-damage|p2a: King Seesar|43\/100\n|-damage|p1a: Ambipom|45\/100|[from] item: Life Orb\n|\n|upkeep\n|turn|32\n|\n|t:|1700365883\n|move|p2a: King Seesar|U-turn|p1a: Ambipom\n|-damage|p1a: Ambipom|0 fnt\n|faint|p1a: Ambipom\n|\n|t:|1700365887\n|switch|p2a: King Ghidorah|Hydreigon, F|67\/100|[from] U-turn\n|\n|upkeep\n|\n|t:|1700365895\n|switch|p1a: Espeon|Espeon, F|100\/100\n|turn|33\n|\n|t:|1700365899\n|-terastallize|p2a: King Ghidorah|Dark\n|move|p2a: King Ghidorah|Dark Pulse|p1a: Espeon\n|-supereffective|p1a: Espeon\n|-damage|p1a: Espeon|0 fnt\n|faint|p1a: Espeon\n|\n|upkeep\n|\n|t:|1700365905\n|switch|p1a: Umbreon|Umbreon, M, tera:Fairy|57\/100\n|turn|34\n|\n|t:|1700365911\n|switch|p2a: King Seesar|Landorus-Therian, M|43\/100\n|-ability|p2a: King Seesar|Intimidate|boost\n|-fail|p1a: Umbreon|unboost|Attack|[from] ability: Inner Focus|[of] p1a: Umbreon\n|move|p1a: Umbreon|Wish|p1a: Umbreon\n|\n|upkeep\n|turn|35\n|\n|t:|1700365916\n|move|p2a: King Seesar|U-turn|p1a: Umbreon\n|-resisted|p1a: Umbreon\n|-damage|p1a: Umbreon|49\/100\n|-damage|p2a: King Seesar|26\/100|[from] item: Rocky Helmet|[of] p1a: Umbreon\n|\n|t:|1700365917\n|switch|p2a: Godzilla|Tyranitar, M|88\/100|[from] U-turn\n|-weather|Sandstorm|[from] ability: Sand Stream|[of] p2a: Godzilla\n|move|p1a: Umbreon|Foul Play|p2a: Godzilla\n|-resisted|p2a: Godzilla\n|-damage|p2a: Godzilla|66\/100\n|\n|-weather|Sandstorm|[upkeep]\n|-damage|p1a: Umbreon|43\/100|[from] Sandstorm\n|-heal|p1a: Umbreon|93\/100|[from] move: Wish|[wisher] Umbreon\n|upkeep\n|turn|36\n|\n|t:|1700365922\n|move|p1a: Umbreon|Wish|p1a: Umbreon\n|move|p2a: Godzilla|Stone Edge|p1a: Umbreon\n|-damage|p1a: Umbreon|61\/100\n|\n|-weather|Sandstorm|[upkeep]\n|-damage|p1a: Umbreon|55\/100|[from] Sandstorm\n|upkeep\n|turn|37\n|\n|t:|1700365927\n|move|p1a: Umbreon|Toxic|p2a: Godzilla\n|-status|p2a: Godzilla|tox\n|move|p2a: Godzilla|Stone Edge|p1a: Umbreon\n|-damage|p1a: Umbreon|23\/100\n|\n|-weather|Sandstorm|[upkeep]\n|-damage|p1a: Umbreon|16\/100|[from] Sandstorm\n|-heal|p1a: Umbreon|66\/100|[from] move: Wish|[wisher] Umbreon\n|-damage|p2a: Godzilla|60\/100 tox|[from] psn\n|upkeep\n|turn|38\n|\n|t:|1700365934\n|move|p1a: Umbreon|Wish|p1a: Umbreon\n|move|p2a: Godzilla|Fire Blast|p1a: Umbreon\n|-damage|p1a: Umbreon|51\/100\n|\n|-weather|Sandstorm|[upkeep]\n|-damage|p1a: Umbreon|45\/100|[from] Sandstorm\n|-damage|p2a: Godzilla|48\/100 tox|[from] psn\n|upkeep\n|turn|39\n|\n|t:|1700365942\n|move|p1a: Umbreon|Foul Play|p2a: Godzilla\n|-resisted|p2a: Godzilla\n|-damage|p2a: Godzilla|25\/100 tox\n|move|p2a: Godzilla|Stone Edge|p1a: Umbreon|[miss]\n|-miss|p2a: Godzilla|p1a: Umbreon\n|\n|-weather|none\n|-heal|p1a: Umbreon|95\/100|[from] move: Wish|[wisher] Umbreon\n|-damage|p2a: Godzilla|6\/100 tox|[from] psn\n|upkeep\n|turn|40\n|\n|t:|1700365951\n|move|p1a: Umbreon|Protect|p1a: Umbreon\n|-singleturn|p1a: Umbreon|Protect\n|move|p2a: Godzilla|Stone Edge|p1a: Umbreon\n|-activate|p1a: Umbreon|move: Protect\n|\n|-damage|p2a: Godzilla|0 fnt|[from] psn\n|faint|p2a: Godzilla\n|upkeep\n|\n|t:|1700365953\n|switch|p2a: King Ghidorah|Hydreigon, F, tera:Dark|67\/100\n|turn|41\n|\n|t:|1700365959\n|move|p2a: King Ghidorah|Flash Cannon|p1a: Umbreon\n|-supereffective|p1a: Umbreon\n|-damage|p1a: Umbreon|57\/100\n|move|p1a: Umbreon|Wish|p1a: Umbreon\n|\n|upkeep\n|turn|42\n|\n|t:|1700365962\n|move|p2a: King Ghidorah|Flash Cannon|p1a: Umbreon\n|-supereffective|p1a: Umbreon\n|-crit|p1a: Umbreon\n|-damage|p1a: Umbreon|0 fnt\n|faint|p1a: Umbreon\n|\n|win|Durr plant100\n|raw|Gocks's rating: 1424 &rarr; <strong>1408<\/strong><br \/>(-16 for losing)\n|raw|Durr plant100's rating: 1497 &rarr; <strong>1513<\/strong><br \/>(+16 for winning)\n|l|\u2606Durr plant100\n","uploadtime":1700365980,"views":12,"p1id":"gocks","p2id":"durrplant100","formatid":"gen9nationaldex","rating":1408,"private":0,"password":""}