{"id":"gen9nationaldex-1987573949","p1":"john spicy's alt","p2":"TKODATRUTH","format":"[Gen 9] National Dex","log":"|j|\u2606john spicy's alt\n|j|\u2606TKODATRUTH\n|t:|1699614185\n|gametype|singles\n|player|p1|john spicy's alt|emmet|1653\n|player|p2|TKODATRUTH|unknown|1688\n|teamsize|p1|6\n|teamsize|p2|6\n|gen|9\n|tier|[Gen 9] National Dex\n|rated|\n|rule|HP Percentage Mod: HP is shown in percentages\n|rule|Endless Battle Clause: Forcing endless battles is banned\n|rule|OHKO Clause: OHKO moves are banned\n|rule|Evasion Clause: Evasion abilities, items, and moves are banned\n|rule|Evasion Abilities Clause: Evasion abilities are banned\n|rule|Evasion Items Clause: Evasion items are banned\n|rule|Evasion Moves Clause: Evasion moves are banned\n|rule|Species Clause: Limit one of each Pok\u00e9mon\n|rule|Sleep Clause Mod: Limit one foe put to sleep\n|clearpoke\n|poke|p1|Tornadus-Therian, M|\n|poke|p1|Tapu Lele|\n|poke|p1|Toxapex, F|\n|poke|p1|Landorus-Therian, M|\n|poke|p1|Lopunny, F|\n|poke|p1|Heatran, M|\n|poke|p2|Charizard, M|\n|poke|p2|Mew|\n|poke|p2|Greninja-*, M|\n|poke|p2|Zamazenta-*|\n|poke|p2|Rillaboom, M|\n|poke|p2|Ninetales-Alola, M|\n|teampreview\n|inactive|Battle timer is ON: inactive players will automatically lose when time's up. (requested by john spicy's alt)\n|c|\u2606john spicy's alt|glhf\n|\n|t:|1699614211\n|start\n|switch|p1a: EXTERMINATIONBLADE|Heatran, M|100\/100\n|switch|p2a: Kong|Rillaboom, M, shiny|100\/100\n|-fieldstart|move: Grassy Terrain|[from] ability: Grassy Surge|[of] p2a: Kong\n|turn|1\n|\n|t:|1699614219\n|move|p2a: Kong|Superpower|p1a: EXTERMINATIONBLADE\n|-supereffective|p1a: EXTERMINATIONBLADE\n|-damage|p1a: EXTERMINATIONBLADE|0 fnt\n|-unboost|p2a: Kong|atk|1\n|-unboost|p2a: Kong|def|1\n|faint|p1a: EXTERMINATIONBLADE\n|\n|upkeep\n|\n|t:|1699614233\n|switch|p1a: DIVINE GENERAL|Landorus-Therian, M|100\/100\n|-ability|p1a: DIVINE GENERAL|Intimidate|boost\n|-unboost|p2a: Kong|atk|1\n|turn|2\n|\n|t:|1699614241\n|switch|p2a: Jetfire|Charizard, M, shiny|100\/100\n|move|p1a: DIVINE GENERAL|Knock Off|p2a: Jetfire\n|-damage|p2a: Jetfire|74\/100\n|\n|upkeep\n|turn|3\n|\n|t:|1699614249\n|move|p2a: Jetfire|Dragon Dance|p2a: Jetfire\n|-boost|p2a: Jetfire|atk|1\n|-boost|p2a: Jetfire|spe|1\n|move|p1a: DIVINE GENERAL|U-turn|p2a: Jetfire\n|-resisted|p2a: Jetfire\n|-damage|p2a: Jetfire|66\/100\n|\n|t:|1699614253\n|switch|p1a: Tapu Lele|Tapu Lele|100\/100|[from] U-turn\n|-fieldstart|move: Psychic Terrain|[from] ability: Psychic Surge|[of] p1a: Tapu Lele\n|\n|upkeep\n|turn|4\n|\n|t:|1699614261\n|switch|p1a: DIVERGENT SILA|Toxapex, F|100\/100\n|detailschange|p2a: Jetfire|Charizard-Mega-X, M, shiny\n|-mega|p2a: Jetfire|Charizard|Charizardite X\n|move|p2a: Jetfire|Blaze Kick|p1a: DIVERGENT SILA|[miss]\n|-miss|p2a: Jetfire|p1a: DIVERGENT SILA\n|\n|upkeep\n|turn|5\n|\n|t:|1699614270\n|switch|p1a: DIVINE GENERAL|Landorus-Therian, M|100\/100\n|-ability|p1a: DIVINE GENERAL|Intimidate|boost\n|-unboost|p2a: Jetfire|atk|1\n|move|p2a: Jetfire|Thunder Punch|p1a: DIVINE GENERAL\n|-immune|p1a: DIVINE GENERAL\n|\n|upkeep\n|turn|6\n|\n|t:|1699614286\n|switch|p2a: Kong|Rillaboom, M, shiny|100\/100\n|-fieldstart|move: Grassy Terrain|[from] ability: Grassy Surge|[of] p2a: Kong\n|move|p1a: DIVINE GENERAL|Earthquake|p2a: Kong\n|-resisted|p2a: Kong\n|-damage|p2a: Kong|86\/100\n|\n|-heal|p2a: Kong|93\/100|[from] Grassy Terrain\n|upkeep\n|turn|7\n|inactive|TKODATRUTH has 120 seconds left.\n|\n|t:|1699614311\n|switch|p1a: 10 SHADOWS|Tornadus-Therian, M|100\/100\n|move|p2a: Kong|Knock Off|p1a: 10 SHADOWS\n|-damage|p1a: 10 SHADOWS|46\/100\n|-enditem|p1a: 10 SHADOWS|Heavy-Duty Boots|[from] move: Knock Off|[of] p2a: Kong\n|\n|-heal|p2a: Kong|99\/100|[from] Grassy Terrain\n|upkeep\n|turn|8\n|inactive|TKODATRUTH has 120 seconds left.\n|\n|t:|1699614323\n|switch|p2a: Silverbolt|Ninetales-Alola, M, shiny|100\/100\n|-weather|Snow|[from] ability: Snow Warning|[of] p2a: Silverbolt\n|move|p1a: 10 SHADOWS|Hurricane|p2a: Silverbolt\n|-damage|p2a: Silverbolt|62\/100\n|\n|-weather|Snow|[upkeep]\n|-heal|p2a: Silverbolt|68\/100|[from] Grassy Terrain\n|upkeep\n|turn|9\n|inactive|TKODATRUTH has 120 seconds left.\n|\n|t:|1699614335\n|move|p1a: 10 SHADOWS|Knock Off|p2a: Silverbolt\n|-resisted|p2a: Silverbolt\n|-damage|p2a: Silverbolt|60\/100\n|-enditem|p2a: Silverbolt|Light Clay|[from] move: Knock Off|[of] p1a: 10 SHADOWS\n|move|p2a: Silverbolt|Aurora Veil|p2a: Silverbolt\n|-sidestart|p2: TKODATRUTH|move: Aurora Veil\n|\n|-weather|Snow|[upkeep]\n|-heal|p2a: Silverbolt|66\/100|[from] Grassy Terrain\n|upkeep\n|turn|10\n|inactive|TKODATRUTH has 120 seconds left.\n|\n|t:|1699614346\n|move|p1a: 10 SHADOWS|U-turn|p2a: Silverbolt\n|-resisted|p2a: Silverbolt\n|-damage|p2a: Silverbolt|64\/100\n|\n|t:|1699614349\n|switch|p1a: DIVERGENT SILA|Toxapex, F|100\/100|[from] U-turn\n|move|p2a: Silverbolt|Freeze-Dry|p1a: DIVERGENT SILA\n|-supereffective|p1a: DIVERGENT SILA\n|-damage|p1a: DIVERGENT SILA|71\/100\n|\n|-weather|Snow|[upkeep]\n|-heal|p2a: Silverbolt|70\/100|[from] Grassy Terrain\n|-heal|p1a: DIVERGENT SILA|77\/100|[from] Grassy Terrain\n|-fieldend|move: Grassy Terrain\n|upkeep\n|turn|11\n|inactive|TKODATRUTH has 120 seconds left.\n|j| Shurican\n|\n|t:|1699614375\n|move|p2a: Silverbolt|Freeze-Dry|p1a: DIVERGENT SILA\n|-supereffective|p1a: DIVERGENT SILA\n|-damage|p1a: DIVERGENT SILA|45\/100\n|move|p1a: DIVERGENT SILA|Toxic|p2a: Silverbolt\n|-status|p2a: Silverbolt|tox\n|\n|-weather|Snow|[upkeep]\n|-damage|p2a: Silverbolt|64\/100 tox|[from] psn\n|upkeep\n|turn|12\n|\n|t:|1699614388\n|move|p2a: Silverbolt|Encore|p1a: DIVERGENT SILA\n|-start|p1a: DIVERGENT SILA|Encore\n|move|p1a: DIVERGENT SILA|Toxic|p2a: Silverbolt\n|-fail|p2a: Silverbolt|tox\n|\n|-weather|none\n|-damage|p2a: Silverbolt|52\/100 tox|[from] psn\n|upkeep\n|turn|13\n|\n|t:|1699614404\n|switch|p1a: Tapu Lele|Tapu Lele|100\/100\n|-fieldstart|move: Psychic Terrain|[from] ability: Psychic Surge|[of] p1a: Tapu Lele\n|move|p2a: Silverbolt|Freeze-Dry|p1a: Tapu Lele\n|-damage|p1a: Tapu Lele|78\/100\n|\n|-damage|p2a: Silverbolt|34\/100 tox|[from] psn\n|-sideend|p2: TKODATRUTH|move: Aurora Veil\n|upkeep\n|turn|14\n|\n|t:|1699614417\n|move|p2a: Silverbolt|Moonblast|p1a: Tapu Lele\n|-damage|p1a: Tapu Lele|48\/100\n|move|p1a: Tapu Lele|Moonblast|p2a: Silverbolt\n|-damage|p2a: Silverbolt|0 fnt\n|faint|p2a: Silverbolt\n|\n|upkeep\n|inactive|TKODATRUTH has 90 seconds left.\n|\n|t:|1699614437\n|switch|p2a: Optimus|Greninja, M|100\/100\n|turn|15\n|\n|t:|1699614442\n|switch|p1a: DIVERGENT SILA|Toxapex, F|78\/100\n|move|p2a: Optimus|Dark Pulse|p1a: DIVERGENT SILA\n|-damage|p1a: DIVERGENT SILA|48\/100\n|\n|upkeep\n|turn|16\n|\n|t:|1699614457\n|move|p2a: Optimus|Work Up|p2a: Optimus\n|-boost|p2a: Optimus|atk|1\n|-boost|p2a: Optimus|spa|1\n|move|p1a: DIVERGENT SILA|Recover|p1a: DIVERGENT SILA\n|-heal|p1a: DIVERGENT SILA|99\/100\n|\n|upkeep\n|turn|17\n|\n|t:|1699614465\n|move|p2a: Optimus|Dark Pulse|p1a: DIVERGENT SILA\n|-damage|p1a: DIVERGENT SILA|60\/100\n|move|p1a: DIVERGENT SILA|Haze|p1a: DIVERGENT SILA\n|-clearallboost\n|\n|-fieldend|move: Psychic Terrain\n|upkeep\n|turn|18\n|\n|t:|1699614478\n|move|p2a: Optimus|Work Up|p2a: Optimus\n|-boost|p2a: Optimus|atk|1\n|-boost|p2a: Optimus|spa|1\n|move|p1a: DIVERGENT SILA|Toxic|p2a: Optimus\n|-status|p2a: Optimus|tox\n|\n|-damage|p2a: Optimus|95\/100 tox|[from] psn\n|upkeep\n|turn|19\n|\n|t:|1699614487\n|move|p2a: Optimus|Dark Pulse|p1a: DIVERGENT SILA\n|-damage|p1a: DIVERGENT SILA|15\/100\n|move|p1a: DIVERGENT SILA|Recover|p1a: DIVERGENT SILA\n|-heal|p1a: DIVERGENT SILA|65\/100\n|\n|-damage|p2a: Optimus|83\/100 tox|[from] psn\n|upkeep\n|turn|20\n|\n|t:|1699614499\n|move|p2a: Optimus|Dark Pulse|p1a: DIVERGENT SILA\n|-damage|p1a: DIVERGENT SILA|20\/100\n|move|p1a: DIVERGENT SILA|Haze|p1a: DIVERGENT SILA\n|-clearallboost\n|\n|-damage|p2a: Optimus|65\/100 tox|[from] psn\n|upkeep\n|turn|21\n|\n|t:|1699614508\n|switch|p1a: 10 SHADOWS|Tornadus-Therian, M|79\/100\n|move|p2a: Optimus|Dark Pulse|p1a: 10 SHADOWS\n|-damage|p1a: 10 SHADOWS|42\/100\n|\n|-damage|p2a: Optimus|41\/100 tox|[from] psn\n|upkeep\n|turn|22\n|\n|t:|1699614525\n|switch|p1a: DIVERGENT SILA|Toxapex, F|53\/100\n|move|p2a: Optimus|Water Shuriken|p1a: DIVERGENT SILA\n|-resisted|p1a: DIVERGENT SILA\n|-damage|p1a: DIVERGENT SILA|50\/100\n|-resisted|p1a: DIVERGENT SILA\n|-damage|p1a: DIVERGENT SILA|47\/100\n|-resisted|p1a: DIVERGENT SILA\n|-damage|p1a: DIVERGENT SILA|44\/100\n|-resisted|p1a: DIVERGENT SILA\n|-damage|p1a: DIVERGENT SILA|41\/100\n|-resisted|p1a: DIVERGENT SILA\n|-damage|p1a: DIVERGENT SILA|39\/100\n|-hitcount|p1a: DIVERGENT SILA|5\n|\n|-damage|p2a: Optimus|11\/100 tox|[from] psn\n|upkeep\n|turn|23\n|\n|t:|1699614541\n|switch|p1a: 10 SHADOWS|Tornadus-Therian, M|75\/100\n|move|p2a: Optimus|Dark Pulse|p1a: 10 SHADOWS\n|-damage|p1a: 10 SHADOWS|36\/100\n|\n|-damage|p2a: Optimus|0 fnt|[from] psn\n|faint|p2a: Optimus\n|upkeep\n|\n|t:|1699614555\n|switch|p2a: Kong|Rillaboom, M, shiny|99\/100\n|-fieldstart|move: Grassy Terrain|[from] ability: Grassy Surge|[of] p2a: Kong\n|turn|24\n|inactive|john spicy's alt has 120 seconds left.\n|\n|t:|1699614601\n|switch|p1a: DIVINE GENERAL|Landorus-Therian, M|100\/100\n|-ability|p1a: DIVINE GENERAL|Intimidate|boost\n|-unboost|p2a: Kong|atk|1\n|move|p2a: Kong|Grassy Glide|p1a: DIVINE GENERAL\n|-damage|p1a: DIVINE GENERAL|77\/100\n|-damage|p2a: Kong|82\/100|[from] item: Rocky Helmet|[of] p1a: DIVINE GENERAL\n|\n|-heal|p2a: Kong|88\/100|[from] Grassy Terrain\n|upkeep\n|turn|25\n|\n|t:|1699614614\n|switch|p2a: Jetfire|Charizard-Mega-X, M, shiny|66\/100\n|move|p1a: DIVINE GENERAL|U-turn|p2a: Jetfire\n|-resisted|p2a: Jetfire\n|-damage|p2a: Jetfire|54\/100\n|\n|t:|1699614618\n|switch|p1a: MAHORAGA|Lopunny, F|100\/100|[from] U-turn\n|\n|-heal|p2a: Jetfire|60\/100|[from] Grassy Terrain\n|upkeep\n|turn|26\n|\n|t:|1699614628\n|switch|p2a: Maximus|Zamazenta, shiny|100\/100\n|-ability|p2a: Maximus|Dauntless Shield|boost\n|-boost|p2a: Maximus|def|1\n|detailschange|p1a: MAHORAGA|Lopunny-Mega, F\n|-mega|p1a: MAHORAGA|Lopunny|Lopunnite\n|move|p1a: MAHORAGA|Fake Out|p2a: Maximus\n|-damage|p2a: Maximus|89\/100\n|\n|-heal|p2a: Maximus|96\/100|[from] Grassy Terrain\n|-heal|p2a: Maximus|100\/100|[from] item: Leftovers\n|upkeep\n|turn|27\n|\n|t:|1699614642\n|switch|p1a: DIVERGENT SILA|Toxapex, F|72\/100\n|move|p2a: Maximus|Iron Defense|p2a: Maximus\n|-boost|p2a: Maximus|def|2\n|\n|-heal|p1a: DIVERGENT SILA|78\/100|[from] Grassy Terrain\n|upkeep\n|turn|28\n|\n|t:|1699614654\n|move|p2a: Maximus|Substitute|p2a: Maximus\n|-start|p2a: Maximus|Substitute\n|-damage|p2a: Maximus|76\/100\n|move|p1a: DIVERGENT SILA|Haze|p1a: DIVERGENT SILA\n|-clearallboost\n|\n|-heal|p2a: Maximus|82\/100|[from] Grassy Terrain\n|-heal|p2a: Maximus|88\/100|[from] item: Leftovers\n|-heal|p1a: DIVERGENT SILA|84\/100|[from] Grassy Terrain\n|-fieldend|move: Grassy Terrain\n|upkeep\n|turn|29\n|\n|t:|1699614664\n|switch|p1a: Tapu Lele|Tapu Lele|48\/100\n|-fieldstart|move: Psychic Terrain|[from] ability: Psychic Surge|[of] p1a: Tapu Lele\n|move|p2a: Maximus|Iron Defense|p2a: Maximus\n|-boost|p2a: Maximus|def|2\n|\n|-heal|p2a: Maximus|94\/100|[from] item: Leftovers\n|upkeep\n|turn|30\n|\n|t:|1699614675\n|move|p2a: Maximus|Heavy Slam|p1a: Tapu Lele\n|-supereffective|p1a: Tapu Lele\n|-damage|p1a: Tapu Lele|0 fnt\n|faint|p1a: Tapu Lele\n|\n|-heal|p2a: Maximus|100\/100|[from] item: Leftovers\n|upkeep\n|\n|t:|1699614680\n|switch|p1a: DIVERGENT SILA|Toxapex, F|100\/100\n|turn|31\n|inactive|TKODATRUTH has 120 seconds left.\n|\n|t:|1699614686\n|move|p2a: Maximus|Iron Defense|p2a: Maximus\n|-boost|p2a: Maximus|def|2\n|move|p1a: DIVERGENT SILA|Haze|p1a: DIVERGENT SILA\n|-clearallboost\n|\n|upkeep\n|turn|32\n|inactive|TKODATRUTH has 120 seconds left.\n|\n|t:|1699614699\n|move|p2a: Maximus|Iron Defense|p2a: Maximus\n|-boost|p2a: Maximus|def|2\n|move|p1a: DIVERGENT SILA|Scald|p2a: Maximus\n|-activate|p2a: Maximus|move: Substitute|[damage]\n|\n|upkeep\n|turn|33\n|\n|t:|1699614708\n|move|p2a: Maximus|Body Press|p1a: DIVERGENT SILA\n|-resisted|p1a: DIVERGENT SILA\n|-damage|p1a: DIVERGENT SILA|80\/100\n|move|p1a: DIVERGENT SILA|Haze|p1a: DIVERGENT SILA\n|-clearallboost\n|\n|-fieldend|move: Psychic Terrain\n|upkeep\n|turn|34\n|\n|t:|1699614717\n|move|p2a: Maximus|Iron Defense|p2a: Maximus\n|-boost|p2a: Maximus|def|2\n|move|p1a: DIVERGENT SILA|Scald|p2a: Maximus\n|-end|p2a: Maximus|Substitute\n|\n|upkeep\n|turn|35\n|j| Nomer16\n|\n|t:|1699614725\n|move|p2a: Maximus|Substitute|p2a: Maximus\n|-start|p2a: Maximus|Substitute\n|-damage|p2a: Maximus|76\/100\n|move|p1a: DIVERGENT SILA|Toxic||[still]\n|-fail|p1a: DIVERGENT SILA\n|\n|-heal|p2a: Maximus|82\/100|[from] item: Leftovers\n|upkeep\n|turn|36\n|\n|t:|1699614733\n|move|p2a: Maximus|Body Press|p1a: DIVERGENT SILA\n|-resisted|p1a: DIVERGENT SILA\n|-damage|p1a: DIVERGENT SILA|62\/100\n|move|p1a: DIVERGENT SILA|Haze|p1a: DIVERGENT SILA\n|-clearallboost\n|\n|-heal|p2a: Maximus|88\/100|[from] item: Leftovers\n|upkeep\n|turn|37\n|c|\u2606john spicy's alt|my favorite part of playing BO\n|c|\u2606john spicy's alt|pp stalling zamazenta\n|\n|t:|1699614748\n|move|p2a: Maximus|Iron Defense|p2a: Maximus\n|-boost|p2a: Maximus|def|2\n|move|p1a: DIVERGENT SILA|Haze|p1a: DIVERGENT SILA\n|-clearallboost\n|\n|-heal|p2a: Maximus|94\/100|[from] item: Leftovers\n|upkeep\n|turn|38\n|c|\u2606TKODATRUTH|lol\n|c|\u2606TKODATRUTH|me2\n|\n|t:|1699614757\n|move|p2a: Maximus|Iron Defense|p2a: Maximus\n|-boost|p2a: Maximus|def|2\n|move|p1a: DIVERGENT SILA|Recover|p1a: DIVERGENT SILA\n|-heal|p1a: DIVERGENT SILA|100\/100\n|\n|-heal|p2a: Maximus|100\/100|[from] item: Leftovers\n|upkeep\n|turn|39\n|\n|t:|1699614766\n|move|p2a: Maximus|Iron Defense|p2a: Maximus\n|-boost|p2a: Maximus|def|2\n|move|p1a: DIVERGENT SILA|Haze|p1a: DIVERGENT SILA\n|-clearallboost\n|\n|upkeep\n|turn|40\n|\n|t:|1699614779\n|move|p2a: Maximus|Iron Defense|p2a: Maximus\n|-boost|p2a: Maximus|def|2\n|move|p1a: DIVERGENT SILA|Scald|p2a: Maximus\n|-activate|p2a: Maximus|move: Substitute|[damage]\n|\n|upkeep\n|turn|41\n|\n|t:|1699614788\n|move|p2a: Maximus|Body Press|p1a: DIVERGENT SILA\n|-resisted|p1a: DIVERGENT SILA\n|-damage|p1a: DIVERGENT SILA|82\/100\n|move|p1a: DIVERGENT SILA|Scald|p2a: Maximus\n|-end|p2a: Maximus|Substitute\n|\n|upkeep\n|turn|42\n|\n|t:|1699614797\n|move|p2a: Maximus|Substitute|p2a: Maximus\n|-start|p2a: Maximus|Substitute\n|-damage|p2a: Maximus|76\/100\n|move|p1a: DIVERGENT SILA|Toxic||[still]\n|-fail|p1a: DIVERGENT SILA\n|\n|-heal|p2a: Maximus|82\/100|[from] item: Leftovers\n|upkeep\n|turn|43\n|\n|t:|1699614805\n|move|p2a: Maximus|Body Press|p1a: DIVERGENT SILA\n|-resisted|p1a: DIVERGENT SILA\n|-damage|p1a: DIVERGENT SILA|63\/100\n|move|p1a: DIVERGENT SILA|Scald|p2a: Maximus\n|-activate|p2a: Maximus|move: Substitute|[damage]\n|\n|-heal|p2a: Maximus|88\/100|[from] item: Leftovers\n|upkeep\n|turn|44\n|\n|t:|1699614815\n|move|p2a: Maximus|Body Press|p1a: DIVERGENT SILA\n|-resisted|p1a: DIVERGENT SILA\n|-damage|p1a: DIVERGENT SILA|42\/100\n|move|p1a: DIVERGENT SILA|Haze|p1a: DIVERGENT SILA\n|-clearallboost\n|\n|-heal|p2a: Maximus|94\/100|[from] item: Leftovers\n|upkeep\n|turn|45\n|\n|t:|1699614829\n|move|p2a: Maximus|Iron Defense|p2a: Maximus\n|-boost|p2a: Maximus|def|2\n|move|p1a: DIVERGENT SILA|Scald|p2a: Maximus\n|-crit|p2a: Maximus\n|-end|p2a: Maximus|Substitute\n|\n|-heal|p2a: Maximus|100\/100|[from] item: Leftovers\n|upkeep\n|turn|46\n|\n|t:|1699614838\n|move|p2a: Maximus|Substitute|p2a: Maximus\n|-start|p2a: Maximus|Substitute\n|-damage|p2a: Maximus|76\/100\n|move|p1a: DIVERGENT SILA|Toxic||[still]\n|-fail|p1a: DIVERGENT SILA\n|\n|-heal|p2a: Maximus|82\/100|[from] item: Leftovers\n|upkeep\n|turn|47\n|\n|t:|1699614848\n|move|p2a: Maximus|Body Press|p1a: DIVERGENT SILA\n|-resisted|p1a: DIVERGENT SILA\n|-damage|p1a: DIVERGENT SILA|24\/100\n|move|p1a: DIVERGENT SILA|Recover|p1a: DIVERGENT SILA\n|-heal|p1a: DIVERGENT SILA|74\/100\n|\n|-heal|p2a: Maximus|88\/100|[from] item: Leftovers\n|upkeep\n|turn|48\n|\n|t:|1699614860\n|move|p2a: Maximus|Body Press|p1a: DIVERGENT SILA\n|-resisted|p1a: DIVERGENT SILA\n|-damage|p1a: DIVERGENT SILA|55\/100\n|move|p1a: DIVERGENT SILA|Haze|p1a: DIVERGENT SILA\n|-clearallboost\n|\n|-heal|p2a: Maximus|94\/100|[from] item: Leftovers\n|upkeep\n|turn|49\n|\n|t:|1699614870\n|move|p2a: Maximus|Iron Defense|p2a: Maximus\n|-boost|p2a: Maximus|def|2\n|move|p1a: DIVERGENT SILA|Scald|p2a: Maximus\n|-activate|p2a: Maximus|move: Substitute|[damage]\n|\n|-heal|p2a: Maximus|100\/100|[from] item: Leftovers\n|upkeep\n|turn|50\n|\n|t:|1699614878\n|move|p2a: Maximus|Body Press|p1a: DIVERGENT SILA\n|-resisted|p1a: DIVERGENT SILA\n|-damage|p1a: DIVERGENT SILA|36\/100\n|move|p1a: DIVERGENT SILA|Haze|p1a: DIVERGENT SILA\n|-clearallboost\n|\n|upkeep\n|turn|51\n|\n|t:|1699614887\n|move|p2a: Maximus|Iron Defense|p2a: Maximus\n|-boost|p2a: Maximus|def|2\n|move|p1a: DIVERGENT SILA|Recover|p1a: DIVERGENT SILA\n|-heal|p1a: DIVERGENT SILA|87\/100\n|\n|upkeep\n|turn|52\n|\n|t:|1699614894\n|move|p2a: Maximus|Body Press|p1a: DIVERGENT SILA\n|-resisted|p1a: DIVERGENT SILA\n|-crit|p1a: DIVERGENT SILA\n|-damage|p1a: DIVERGENT SILA|55\/100\n|move|p1a: DIVERGENT SILA|Haze|p1a: DIVERGENT SILA\n|-clearallboost\n|\n|upkeep\n|turn|53\n|\n|t:|1699614902\n|switch|p1a: 10 SHADOWS|Tornadus-Therian, M|69\/100\n|move|p2a: Maximus|Iron Defense|p2a: Maximus\n|-boost|p2a: Maximus|def|2\n|\n|upkeep\n|turn|54\n|\n|t:|1699614915\n|switch|p1a: DIVERGENT SILA|Toxapex, F|89\/100\n|-terastallize|p2a: Maximus|Steel\n|move|p2a: Maximus|Iron Defense|p2a: Maximus\n|-boost|p2a: Maximus|def|2\n|\n|upkeep\n|turn|55\n|\n|t:|1699614924\n|move|p2a: Maximus|Body Press|p1a: DIVERGENT SILA\n|-resisted|p1a: DIVERGENT SILA\n|-damage|p1a: DIVERGENT SILA|58\/100\n|move|p1a: DIVERGENT SILA|Haze|p1a: DIVERGENT SILA\n|-clearallboost\n|\n|upkeep\n|turn|56\n|\n|t:|1699614934\n|move|p2a: Maximus|Iron Defense|p2a: Maximus\n|-boost|p2a: Maximus|def|2\n|move|p1a: DIVERGENT SILA|Scald|p2a: Maximus\n|-end|p2a: Maximus|Substitute\n|\n|upkeep\n|turn|57\n|\n|t:|1699614942\n|move|p2a: Maximus|Substitute|p2a: Maximus\n|-start|p2a: Maximus|Substitute\n|-damage|p2a: Maximus|76\/100\n|move|p1a: DIVERGENT SILA|Haze|p1a: DIVERGENT SILA\n|-clearallboost\n|\n|-heal|p2a: Maximus|82\/100|[from] item: Leftovers\n|upkeep\n|turn|58\n|\n|t:|1699614951\n|move|p2a: Maximus|Heavy Slam|p1a: DIVERGENT SILA\n|-resisted|p1a: DIVERGENT SILA\n|-damage|p1a: DIVERGENT SILA|43\/100\n|move|p1a: DIVERGENT SILA|Scald|p2a: Maximus\n|-activate|p2a: Maximus|move: Substitute|[damage]\n|\n|-heal|p2a: Maximus|88\/100|[from] item: Leftovers\n|upkeep\n|turn|59\n|\n|t:|1699614962\n|switch|p1a: 10 SHADOWS|Tornadus-Therian, M|100\/100\n|move|p2a: Maximus|Heavy Slam|p1a: 10 SHADOWS\n|-damage|p1a: 10 SHADOWS|68\/100\n|\n|-heal|p2a: Maximus|94\/100|[from] item: Leftovers\n|upkeep\n|turn|60\n|\n|t:|1699614975\n|move|p2a: Maximus|Heavy Slam|p1a: 10 SHADOWS\n|-damage|p1a: 10 SHADOWS|31\/100\n|move|p1a: 10 SHADOWS|U-turn|p2a: Maximus\n|-resisted|p2a: Maximus\n|-activate|p2a: Maximus|move: Substitute|[damage]\n|\n|t:|1699614979\n|switch|p1a: DIVERGENT SILA|Toxapex, F|76\/100|[from] U-turn\n|\n|-heal|p2a: Maximus|100\/100|[from] item: Leftovers\n|upkeep\n|turn|61\n|\n|t:|1699614989\n|move|p2a: Maximus|Heavy Slam|p1a: DIVERGENT SILA\n|-resisted|p1a: DIVERGENT SILA\n|-damage|p1a: DIVERGENT SILA|61\/100\n|move|p1a: DIVERGENT SILA|Scald|p2a: Maximus\n|-end|p2a: Maximus|Substitute\n|\n|upkeep\n|turn|62\n|\n|t:|1699614999\n|switch|p1a: 10 SHADOWS|Tornadus-Therian, M|65\/100\n|move|p2a: Maximus|Substitute|p2a: Maximus\n|-start|p2a: Maximus|Substitute\n|-damage|p2a: Maximus|76\/100\n|\n|-heal|p2a: Maximus|82\/100|[from] item: Leftovers\n|upkeep\n|turn|63\n|\n|t:|1699615007\n|switch|p1a: DIVERGENT SILA|Toxapex, F|95\/100\n|move|p2a: Maximus|Heavy Slam|p1a: DIVERGENT SILA\n|-resisted|p1a: DIVERGENT SILA\n|-damage|p1a: DIVERGENT SILA|78\/100\n|\n|-heal|p2a: Maximus|88\/100|[from] item: Leftovers\n|upkeep\n|turn|64\n|\n|t:|1699615018\n|move|p2a: Maximus|Heavy Slam|p1a: DIVERGENT SILA\n|-resisted|p1a: DIVERGENT SILA\n|-damage|p1a: DIVERGENT SILA|63\/100\n|move|p1a: DIVERGENT SILA|Scald|p2a: Maximus\n|-activate|p2a: Maximus|move: Substitute|[damage]\n|\n|-heal|p2a: Maximus|94\/100|[from] item: Leftovers\n|upkeep\n|turn|65\n|j| jasonpokemon123\n|\n|t:|1699615028\n|move|p2a: Maximus|Iron Defense|p2a: Maximus\n|-boost|p2a: Maximus|def|2\n|move|p1a: DIVERGENT SILA|Scald|p2a: Maximus\n|-end|p2a: Maximus|Substitute\n|\n|-heal|p2a: Maximus|100\/100|[from] item: Leftovers\n|upkeep\n|turn|66\n|\n|t:|1699615037\n|move|p2a: Maximus|Body Press|p1a: DIVERGENT SILA\n|-resisted|p1a: DIVERGENT SILA\n|-damage|p1a: DIVERGENT SILA|44\/100\n|move|p1a: DIVERGENT SILA|Scald|p2a: Maximus\n|-damage|p2a: Maximus|89\/100\n|\n|-heal|p2a: Maximus|95\/100|[from] item: Leftovers\n|upkeep\n|turn|67\n|c|\u2606john spicy's alt|why are u watching\n|\n|t:|1699615051\n|switch|p1a: 10 SHADOWS|Tornadus-Therian, M|98\/100\n|move|p2a: Maximus|Body Press|p1a: 10 SHADOWS\n|-resisted|p1a: 10 SHADOWS\n|-damage|p1a: 10 SHADOWS|62\/100\n|\n|-heal|p2a: Maximus|100\/100|[from] item: Leftovers\n|upkeep\n|turn|68\n|c|\u2606john spicy's alt|this is boring as shit\n|\n|t:|1699615064\n|move|p2a: Maximus|Iron Defense|p2a: Maximus\n|-boost|p2a: Maximus|def|2\n|move|p1a: 10 SHADOWS|Knock Off|p2a: Maximus\n|-damage|p2a: Maximus|95\/100\n|-enditem|p2a: Maximus|Leftovers|[from] move: Knock Off|[of] p1a: 10 SHADOWS\n|\n|upkeep\n|turn|69\n|\n|t:|1699615074\n|switch|p1a: DIVERGENT SILA|Toxapex, F|77\/100\n|move|p2a: Maximus|Iron Defense|p2a: Maximus\n|-boost|p2a: Maximus|def|2\n|\n|upkeep\n|turn|70\n|\n|t:|1699615081\n|move|p2a: Maximus|Body Press|p1a: DIVERGENT SILA\n|-resisted|p1a: DIVERGENT SILA\n|-damage|p1a: DIVERGENT SILA|39\/100\n|move|p1a: DIVERGENT SILA|Haze|p1a: DIVERGENT SILA\n|-clearallboost\n|\n|upkeep\n|turn|71\n|\n|t:|1699615090\n|move|p2a: Maximus|Iron Defense|p2a: Maximus\n|-boost|p2a: Maximus|def|2\n|move|p1a: DIVERGENT SILA|Recover|p1a: DIVERGENT SILA\n|-heal|p1a: DIVERGENT SILA|90\/100\n|\n|upkeep\n|turn|72\n|c| Shurican|does your pex have shadow tag\n|\n|t:|1699615099\n|move|p2a: Maximus|Substitute|p2a: Maximus\n|-start|p2a: Maximus|Substitute\n|-damage|p2a: Maximus|70\/100\n|move|p1a: DIVERGENT SILA|Haze|p1a: DIVERGENT SILA\n|-clearallboost\n|\n|upkeep\n|turn|73\n|c|\u2606john spicy's alt|lol no\n|\n|t:|1699615107\n|move|p2a: Maximus|Iron Defense|p2a: Maximus\n|-boost|p2a: Maximus|def|2\n|move|p1a: DIVERGENT SILA|Scald|p2a: Maximus\n|-activate|p2a: Maximus|move: Substitute|[damage]\n|\n|upkeep\n|turn|74\n|\n|t:|1699615115\n|move|p2a: Maximus|Iron Defense|p2a: Maximus\n|-boost|p2a: Maximus|def|2\n|move|p1a: DIVERGENT SILA|Scald|p2a: Maximus\n|-end|p2a: Maximus|Substitute\n|\n|upkeep\n|turn|75\n|\n|t:|1699615123\n|move|p2a: Maximus|Body Press|p1a: DIVERGENT SILA\n|-resisted|p1a: DIVERGENT SILA\n|-damage|p1a: DIVERGENT SILA|63\/100\n|move|p1a: DIVERGENT SILA|Haze|p1a: DIVERGENT SILA\n|-clearallboost\n|\n|upkeep\n|turn|76\n|\n|t:|1699615136\n|move|p2a: Maximus|Heavy Slam|p1a: DIVERGENT SILA\n|-resisted|p1a: DIVERGENT SILA\n|-damage|p1a: DIVERGENT SILA|47\/100\n|move|p1a: DIVERGENT SILA|Toxic|p2a: Maximus\n|-immune|p2a: Maximus\n|\n|upkeep\n|turn|77\n|\n|t:|1699615146\n|switch|p1a: 10 SHADOWS|Tornadus-Therian, M|95\/100\n|move|p2a: Maximus|Heavy Slam|p1a: 10 SHADOWS\n|-damage|p1a: 10 SHADOWS|58\/100\n|\n|upkeep\n|turn|78\n|\n|t:|1699615158\n|switch|p1a: DIVERGENT SILA|Toxapex, F|80\/100\n|move|p2a: Maximus|Heavy Slam|p1a: DIVERGENT SILA\n|-resisted|p1a: DIVERGENT SILA\n|-damage|p1a: DIVERGENT SILA|66\/100\n|\n|upkeep\n|turn|79\n|\n|t:|1699615170\n|switch|p1a: 10 SHADOWS|Tornadus-Therian, M|91\/100\n|move|p2a: Maximus|Iron Defense|p2a: Maximus\n|-boost|p2a: Maximus|def|2\n|\n|upkeep\n|turn|80\n|\n|t:|1699615180\n|switch|p1a: DIVERGENT SILA|Toxapex, F|99\/100\n|move|p2a: Maximus|Body Press|p1a: DIVERGENT SILA\n|-resisted|p1a: DIVERGENT SILA\n|-damage|p1a: DIVERGENT SILA|79\/100\n|\n|upkeep\n|turn|81\n|\n|t:|1699615193\n|move|p2a: Maximus|Heavy Slam|p1a: DIVERGENT SILA\n|-resisted|p1a: DIVERGENT SILA\n|-damage|p1a: DIVERGENT SILA|63\/100\n|move|p1a: DIVERGENT SILA|Haze|p1a: DIVERGENT SILA\n|-clearallboost\n|\n|upkeep\n|turn|82\n|j| Tguutt\n|\n|t:|1699615211\n|move|p2a: Maximus|Heavy Slam|p1a: DIVERGENT SILA\n|-resisted|p1a: DIVERGENT SILA\n|-damage|p1a: DIVERGENT SILA|47\/100\n|move|p1a: DIVERGENT SILA|Scald|p2a: Maximus\n|-damage|p2a: Maximus|58\/100\n|\n|upkeep\n|turn|83\n|\n|t:|1699615223\n|switch|p2a: Prince|Mew, shiny|100\/100\n|move|p1a: DIVERGENT SILA|Scald|p2a: Prince\n|-damage|p2a: Prince|86\/100\n|-status|p2a: Prince|brn\n|-activate|p2a: Prince|ability: Synchronize\n|-status|p1a: DIVERGENT SILA|brn\n|-enditem|p2a: Prince|Lum Berry|[eat]\n|-curestatus|p2a: Prince|brn|[msg]\n|\n|-damage|p1a: DIVERGENT SILA|41\/100 brn|[from] brn\n|upkeep\n|turn|84\n|\n|t:|1699615239\n|move|p2a: Prince|Cosmic Power|p2a: Prince\n|-boost|p2a: Prince|def|1\n|-boost|p2a: Prince|spd|1\n|move|p1a: DIVERGENT SILA|Toxic||[still]\n|-status|p2a: Prince|tox\n|-activate|p2a: Prince|ability: Synchronize\n|-fail|p2a: Prince\n|\n|-damage|p2a: Prince|80\/100 tox|[from] psn\n|-damage|p1a: DIVERGENT SILA|35\/100 brn|[from] brn\n|upkeep\n|turn|85\n|inactive|TKODATRUTH has 120 seconds left.\n|\n|t:|1699615263\n|switch|p1a: 10 SHADOWS|Tornadus-Therian, M|100\/100\n|move|p2a: Prince|Stored Power|p1a: 10 SHADOWS\n|-damage|p1a: 10 SHADOWS|73\/100\n|\n|-damage|p2a: Prince|68\/100 tox|[from] psn\n|upkeep\n|turn|86\n|c| Shurican|chip\n|l| Shurican\n|inactive|TKODATRUTH has 120 seconds left.\n|\n|t:|1699615281\n|move|p1a: 10 SHADOWS|Hurricane|p2a: Prince\n|-damage|p2a: Prince|46\/100 tox\n|move|p2a: Prince|Nasty Plot|p2a: Prince\n|-boost|p2a: Prince|spa|2\n|\n|-damage|p2a: Prince|27\/100 tox|[from] psn\n|upkeep\n|turn|87\n|inactive|TKODATRUTH has 120 seconds left.\n|\n|t:|1699615298\n|move|p1a: 10 SHADOWS|Hurricane|p2a: Prince\n|-damage|p2a: Prince|3\/100 tox\n|move|p2a: Prince|Stored Power|p1a: 10 SHADOWS\n|-damage|p1a: 10 SHADOWS|0 fnt\n|faint|p1a: 10 SHADOWS\n|\n|-damage|p2a: Prince|0 fnt|[from] psn\n|faint|p2a: Prince\n|upkeep\n|inactive|TKODATRUTH has 120 seconds left.\n|\n|t:|1699615316\n|switch|p1a: DIVERGENT SILA|Toxapex, F|69\/100 brn\n|switch|p2a: Kong|Rillaboom, M, shiny|88\/100\n|-fieldstart|move: Grassy Terrain|[from] ability: Grassy Surge|[of] p2a: Kong\n|turn|88\n|inactive|TKODATRUTH has 120 seconds left.\n|\n|t:|1699615338\n|switch|p2a: Jetfire|Charizard-Mega-X, M, shiny|60\/100\n|switch|p1a: DIVINE GENERAL|Landorus-Therian, M|77\/100\n|-ability|p1a: DIVINE GENERAL|Intimidate|boost\n|-unboost|p2a: Jetfire|atk|1\n|\n|-heal|p2a: Jetfire|66\/100|[from] Grassy Terrain\n|upkeep\n|turn|89\n|\n|t:|1699615356\n|move|p2a: Jetfire|Dragon Dance|p2a: Jetfire\n|-boost|p2a: Jetfire|atk|1\n|-boost|p2a: Jetfire|spe|1\n|move|p1a: DIVINE GENERAL|Earthquake|p2a: Jetfire\n|-supereffective|p2a: Jetfire\n|-damage|p2a: Jetfire|20\/100\n|\n|-heal|p2a: Jetfire|26\/100|[from] Grassy Terrain\n|upkeep\n|turn|90\n|\n|t:|1699615366\n|move|p2a: Jetfire|Outrage|p1a: DIVINE GENERAL\n|-damage|p1a: DIVINE GENERAL|10\/100\n|-damage|p2a: Jetfire|9\/100|[from] item: Rocky Helmet|[of] p1a: DIVINE GENERAL\n|move|p1a: DIVINE GENERAL|Earthquake|p2a: Jetfire\n|-supereffective|p2a: Jetfire\n|-damage|p2a: Jetfire|0 fnt\n|faint|p2a: Jetfire\n|\n|upkeep\n|inactive|TKODATRUTH has 90 seconds left.\n|\n|t:|1699615388\n|switch|p2a: Kong|Rillaboom, M, shiny|88\/100\n|turn|91\n|inactive|TKODATRUTH has 90 seconds left.\n|\n|t:|1699615396\n|switch|p1a: DIVERGENT SILA|Toxapex, F|100\/100 brn\n|move|p2a: Kong|Grassy Glide|p1a: DIVERGENT SILA\n|-damage|p1a: DIVERGENT SILA|68\/100 brn\n|\n|-heal|p2a: Kong|95\/100|[from] Grassy Terrain\n|-heal|p1a: DIVERGENT SILA|74\/100 brn|[from] Grassy Terrain\n|-damage|p1a: DIVERGENT SILA|68\/100 brn|[from] brn\n|upkeep\n|turn|92\n|inactive|TKODATRUTH has 90 seconds left.\n|\n|t:|1699615409\n|switch|p2a: Maximus|Zamazenta, shiny, tera:Steel|58\/100\n|move|p1a: DIVERGENT SILA|Recover|p1a: DIVERGENT SILA\n|-heal|p1a: DIVERGENT SILA|100\/100 brn\n|\n|-heal|p2a: Maximus|64\/100|[from] Grassy Terrain\n|-damage|p1a: DIVERGENT SILA|95\/100 brn|[from] brn\n|-fieldend|move: Grassy Terrain\n|upkeep\n|turn|93\n|\n|t:|1699615429\n|move|p2a: Maximus|Substitute|p2a: Maximus\n|-start|p2a: Maximus|Substitute\n|-damage|p2a: Maximus|39\/100\n|move|p1a: DIVERGENT SILA|Scald|p2a: Maximus\n|-activate|p2a: Maximus|move: Substitute|[damage]\n|\n|-damage|p1a: DIVERGENT SILA|89\/100 brn|[from] brn\n|upkeep\n|turn|94\n|c|\u2606john spicy's alt|i dont know why i go through this much pain for a ladder match to be honest\n|\n|t:|1699615444\n|move|p2a: Maximus|Iron Defense|p2a: Maximus\n|-boost|p2a: Maximus|def|2\n|move|p1a: DIVERGENT SILA|Scald|p2a: Maximus\n|-end|p2a: Maximus|Substitute\n|\n|-damage|p1a: DIVERGENT SILA|83\/100 brn|[from] brn\n|upkeep\n|turn|95\n|inactive|TKODATRUTH has 60 seconds left.\n|\n|t:|1699615457\n|move|p2a: Maximus|Body Press|p1a: DIVERGENT SILA\n|-resisted|p1a: DIVERGENT SILA\n|-damage|p1a: DIVERGENT SILA|63\/100 brn\n|move|p1a: DIVERGENT SILA|Scald|p2a: Maximus\n|-damage|p2a: Maximus|25\/100\n|\n|-damage|p1a: DIVERGENT SILA|57\/100 brn|[from] brn\n|upkeep\n|turn|96\n|inactive|TKODATRUTH has 60 seconds left.\n|\n|t:|1699615471\n|move|p2a: Maximus|Heavy Slam|p1a: DIVERGENT SILA\n|-resisted|p1a: DIVERGENT SILA\n|-damage|p1a: DIVERGENT SILA|42\/100 brn\n|move|p1a: DIVERGENT SILA|Haze|p1a: DIVERGENT SILA\n|-clearallboost\n|\n|-damage|p1a: DIVERGENT SILA|36\/100 brn|[from] brn\n|upkeep\n|turn|97\n|\n|t:|1699615491\n|move|p2a: Maximus|Heavy Slam|p1a: DIVERGENT SILA\n|-resisted|p1a: DIVERGENT SILA\n|-crit|p1a: DIVERGENT SILA\n|-damage|p1a: DIVERGENT SILA|11\/100 brn\n|move|p1a: DIVERGENT SILA|Recover|p1a: DIVERGENT SILA\n|-heal|p1a: DIVERGENT SILA|61\/100 brn\n|\n|-damage|p1a: DIVERGENT SILA|55\/100 brn|[from] brn\n|upkeep\n|turn|98\n|c|\u2606john spicy's alt|is that max speed\n|inactive|TKODATRUTH has 30 seconds left.\n|\n|t:|1699615516\n|switch|p2a: Kong|Rillaboom, M, shiny|95\/100\n|-fieldstart|move: Grassy Terrain|[from] ability: Grassy Surge|[of] p2a: Kong\n|move|p1a: DIVERGENT SILA|Scald|p2a: Kong\n|-resisted|p2a: Kong\n|-damage|p2a: Kong|84\/100\n|\n|-heal|p2a: Kong|91\/100|[from] Grassy Terrain\n|-heal|p1a: DIVERGENT SILA|61\/100 brn|[from] Grassy Terrain\n|-damage|p1a: DIVERGENT SILA|55\/100 brn|[from] brn\n|upkeep\n|turn|99\n|inactive|TKODATRUTH has 30 seconds left this turn.\n|inactive|TKODATRUTH has 20 seconds left.\n|\n|t:|1699615532\n|move|p2a: Kong|Grassy Glide|p1a: DIVERGENT SILA\n|-damage|p1a: DIVERGENT SILA|21\/100 brn\n|move|p1a: DIVERGENT SILA|Toxic|p2a: Kong\n|-status|p2a: Kong|tox\n|\n|-heal|p2a: Kong|97\/100 tox|[from] Grassy Terrain\n|-heal|p1a: DIVERGENT SILA|27\/100 brn|[from] Grassy Terrain\n|-damage|p2a: Kong|91\/100 tox|[from] psn\n|-damage|p1a: DIVERGENT SILA|21\/100 brn|[from] brn\n|upkeep\n|turn|100\n|inactive|TKODATRUTH has 25 seconds left this turn.\n|inactive|TKODATRUTH has 20 seconds left.\n|inactive|TKODATRUTH has 15 seconds left.\n|\n|t:|1699615544\n|switch|p1a: DIVINE GENERAL|Landorus-Therian, M|10\/100\n|-ability|p1a: DIVINE GENERAL|Intimidate|boost\n|-unboost|p2a: Kong|atk|1\n|move|p2a: Kong|Grassy Glide|p1a: DIVINE GENERAL\n|-damage|p1a: DIVINE GENERAL|0 fnt\n|-damage|p2a: Kong|74\/100 tox|[from] item: Rocky Helmet|[of] p1a: DIVINE GENERAL\n|faint|p1a: DIVINE GENERAL\n|\n|-heal|p2a: Kong|80\/100 tox|[from] Grassy Terrain\n|-damage|p2a: Kong|68\/100 tox|[from] psn\n|upkeep\n|inactive|TKODATRUTH has 20 seconds left this turn.\n|\n|t:|1699615549\n|switch|p1a: MAHORAGA|Lopunny-Mega, F|100\/100\n|turn|101\n|inactive|TKODATRUTH has 25 seconds left this turn.\n|inactive|TKODATRUTH has 20 seconds left.\n|inactive|TKODATRUTH has 15 seconds left.\n|\n|t:|1699615560\n|switch|p2a: Maximus|Zamazenta, shiny, tera:Steel|25\/100\n|move|p1a: MAHORAGA|Fake Out|p2a: Maximus\n|-resisted|p2a: Maximus\n|-damage|p2a: Maximus|17\/100\n|\n|-heal|p2a: Maximus|23\/100|[from] Grassy Terrain\n|upkeep\n|turn|102\n|inactive|TKODATRUTH has 20 seconds left this turn.\n|inactive|TKODATRUTH has 15 seconds left.\n|\n|t:|1699615569\n|move|p2a: Maximus|Heavy Slam|p1a: MAHORAGA\n|-damage|p1a: MAHORAGA|36\/100\n|move|p1a: MAHORAGA|Close Combat|p2a: Maximus\n|-supereffective|p2a: Maximus\n|-damage|p2a: Maximus|0 fnt\n|-unboost|p1a: MAHORAGA|def|1\n|-unboost|p1a: MAHORAGA|spd|1\n|faint|p2a: Maximus\n|\n|-heal|p1a: MAHORAGA|42\/100|[from] Grassy Terrain\n|-fieldend|move: Grassy Terrain\n|upkeep\n|inactive|TKODATRUTH has 20 seconds left this turn.\n|inactive|TKODATRUTH has 15 seconds left.\n|inactive|TKODATRUTH has 10 seconds left.\n|\n|t:|1699615580\n|switch|p2a: Kong|Rillaboom, M, shiny|68\/100 tox\n|-fieldstart|move: Grassy Terrain|[from] ability: Grassy Surge|[of] p2a: Kong\n|turn|103\n|inactive|TKODATRUTH has 15 seconds left this turn.\n|inactive|TKODATRUTH has 10 seconds left.\n|\n|t:|1699615586\n|switch|p1a: DIVERGENT SILA|Toxapex, F|55\/100 brn\n|move|p2a: Kong|Grassy Glide|p1a: DIVERGENT SILA\n|-damage|p1a: DIVERGENT SILA|20\/100 brn\n|\n|-heal|p2a: Kong|74\/100 tox|[from] Grassy Terrain\n|-heal|p1a: DIVERGENT SILA|26\/100 brn|[from] Grassy Terrain\n|-damage|p2a: Kong|68\/100 tox|[from] psn\n|-damage|p1a: DIVERGENT SILA|20\/100 brn|[from] brn\n|upkeep\n|turn|104\n|inactive|TKODATRUTH has 15 seconds left this turn.\n|inactive|TKODATRUTH has 10 seconds left.\n|inactive|TKODATRUTH has 5 seconds left.\n|\n|t:|1699615598\n|switch|p1a: MAHORAGA|Lopunny-Mega, F|42\/100\n|move|p2a: Kong|Grassy Glide|p1a: MAHORAGA\n|-damage|p1a: MAHORAGA|0 fnt\n|faint|p1a: MAHORAGA\n|\n|-heal|p2a: Kong|74\/100 tox|[from] Grassy Terrain\n|-damage|p2a: Kong|62\/100 tox|[from] psn\n|upkeep\n|inactive|TKODATRUTH has 10 seconds left this turn.\n|\n|t:|1699615601\n|switch|p1a: DIVERGENT SILA|Toxapex, F|53\/100 brn\n|turn|105\n|inactive|TKODATRUTH has 15 seconds left this turn.\n|j| hsh0618\n|inactive|TKODATRUTH has 10 seconds left.\n|inactive|TKODATRUTH has 5 seconds left.\n|\n|t:|1699615612\n|-terastallize|p1a: DIVERGENT SILA|Fairy\n|move|p2a: Kong|Grassy Glide|p1a: DIVERGENT SILA\n|-damage|p1a: DIVERGENT SILA|21\/100 brn\n|move|p1a: DIVERGENT SILA|Scald|p2a: Kong\n|-resisted|p2a: Kong\n|-damage|p2a: Kong|52\/100 tox\n|\n|-heal|p2a: Kong|58\/100 tox|[from] Grassy Terrain\n|-heal|p1a: DIVERGENT SILA|27\/100 brn|[from] Grassy Terrain\n|-damage|p2a: Kong|39\/100 tox|[from] psn\n|-damage|p1a: DIVERGENT SILA|21\/100 brn|[from] brn\n|upkeep\n|turn|106\n|inactive|TKODATRUTH has 10 seconds left this turn.\n|l| hsh0618\n|inactive|TKODATRUTH has 5 seconds left.\n|-message|TKODATRUTH lost due to inactivity.\n|\n|win|john spicy's alt\n|raw|john spicy&apos;s alt's rating: 1653 &rarr; <strong>1675<\/strong><br \/>(+22 for winning)\n|raw|TKODATRUTH's rating: 1688 &rarr; <strong>1666<\/strong><br \/>(-22 for losing)\n|c|\u2606john spicy's alt|LFMAOAOOAOAOAO\n|c|\u2606TKODATRUTH|bs\n|c|\u2606john spicy's alt|im saving this replay\n|l|\u2606TKODATRUTH\n|c|\u2606john spicy's alt|this was hilarious\n|c|\u2606john spicy's alt|106 turns of buildup\n|c|\u2606john spicy's alt|to end in a time out\n|c|\u2606john spicy's alt|on the final turn\n|c|\u2606john spicy's alt|lmfao\n","uploadtime":1699615646,"views":4,"p1id":"johnspicysalt","p2id":"tkodatruth","formatid":"gen9nationaldex","rating":1666,"private":0,"password":""}