{"id":"gen9nationaldex-1998141430","p1":"xiada","p2":"kitmash","format":"[Gen 9] National Dex","log":"|html|<div class=\"broadcast-blue\"><strong>[Gen 9] National Dex is currently suspecting Sneasler! For information on how to participate check out the <a href=\"https:\/\/www.smogon.com\/forums\/threads\/sv-national-dex-suspect-8-just-dance.3731534\/\">suspect thread<\/a>.<\/strong><\/div>\n|j|\u2606xiada\n|j|\u2606kitmash\n|t:|1700899226\n|gametype|singles\n|player|p1|xiada|265|1644\n|player|p2|kitmash|265|1742\n|teamsize|p1|6\n|teamsize|p2|6\n|gen|9\n|tier|[Gen 9] National Dex\n|rated|\n|rule|HP Percentage Mod: HP is shown in percentages\n|rule|Endless Battle Clause: Forcing endless battles is banned\n|rule|OHKO Clause: OHKO moves are banned\n|rule|Evasion Clause: Evasion abilities, items, and moves are banned\n|rule|Evasion Abilities Clause: Evasion abilities are banned\n|rule|Evasion Items Clause: Evasion items are banned\n|rule|Evasion Moves Clause: Evasion moves are banned\n|rule|Species Clause: Limit one of each Pok\u00e9mon\n|rule|Sleep Clause Mod: Limit one foe put to sleep\n|clearpoke\n|poke|p1|Hatterene, F|\n|poke|p1|Hoopa-Unbound|\n|poke|p1|Banette, M|\n|poke|p1|Tapu Koko|\n|poke|p1|Serperior, F|\n|poke|p1|Slowbro, F|\n|poke|p2|Wo-Chien|\n|poke|p2|Weezing-Galar, F|\n|poke|p2|Alomomola, M|\n|poke|p2|Reuniclus, M|\n|poke|p2|Kleavor, F|\n|poke|p2|Tapu Koko|\n|teampreview\n|\n|t:|1700899238\n|start\n|switch|p1a: Tapu Koko|Tapu Koko|100\/100\n|switch|p2a: Kleavor|Kleavor, F|100\/100\n|-fieldstart|move: Electric Terrain|[from] ability: Electric Surge|[of] p1a: Tapu Koko\n|turn|1\n|inactive|Battle timer is ON: inactive players will automatically lose when time's up. (requested by xiada)\n|\n|t:|1700899251\n|switch|p2a: Reuniclus|Reuniclus, M|100\/100\n|move|p1a: Tapu Koko|Volt Switch|p2a: Reuniclus\n|-damage|p2a: Reuniclus|74\/100\n|\n|t:|1700899253\n|switch|p1a: Hoopa|Hoopa-Unbound|100\/100|[from] Volt Switch\n|\n|upkeep\n|turn|2\n|\n|t:|1700899259\n|switch|p2a: Wo-Chien|Wo-Chien|100\/100\n|-ability|p2a: Wo-Chien|Tablets of Ruin\n|move|p1a: Hoopa|Hyperspace Fury|p2a: Wo-Chien\n|-resisted|p2a: Wo-Chien\n|-damage|p2a: Wo-Chien|76\/100\n|-unboost|p1a: Hoopa|def|1\n|\n|-heal|p2a: Wo-Chien|82\/100|[from] item: Leftovers\n|upkeep\n|turn|3\n|\n|t:|1700899272\n|switch|p1a: Hatterene|Hatterene, F|100\/100\n|move|p2a: Wo-Chien|Ruination|p1a: Hatterene\n|-damage|p1a: Hatterene|50\/100\n|\n|-heal|p2a: Wo-Chien|88\/100|[from] item: Leftovers\n|upkeep\n|turn|4\n|\n|t:|1700899285\n|switch|p2a: Reuniclus|Reuniclus, M|100\/100\n|move|p1a: Hatterene|Mystical Fire|p2a: Reuniclus\n|-damage|p2a: Reuniclus|88\/100\n|-unboost|p2a: Reuniclus|spa|1\n|\n|upkeep\n|turn|5\n|\n|t:|1700899295\n|switch|p1a: Hoopa|Hoopa-Unbound|100\/100\n|move|p2a: Reuniclus|Night Shade|p1a: Hoopa\n|-damage|p1a: Hoopa|67\/100\n|\n|-fieldend|move: Electric Terrain\n|upkeep\n|turn|6\n|\n|t:|1700899303\n|switch|p2a: Weezing|Weezing-Galar, F|100\/100\n|move|p1a: Hoopa|Trick|p2a: Weezing\n|-activate|p1a: Hoopa|move: Trick|[of] p2a: Weezing\n|-item|p2a: Weezing|Choice Band|[from] move: Trick\n|-item|p1a: Hoopa|Leftovers|[from] move: Trick\n|\n|-heal|p1a: Hoopa|73\/100|[from] item: Leftovers\n|upkeep\n|turn|7\n|\n|t:|1700899322\n|switch|p1a: Serperior|Serperior, F, shiny|100\/100\n|move|p2a: Weezing|Strange Steam|p1a: Serperior\n|-damage|p1a: Serperior|73\/100\n|\n|-heal|p1a: Serperior|79\/100|[from] item: Leftovers\n|upkeep\n|turn|8\n|\n|t:|1700899334\n|switch|p2a: Reuniclus|Reuniclus, M|100\/100\n|move|p1a: Serperior|Substitute|p1a: Serperior\n|-start|p1a: Serperior|Substitute\n|-damage|p1a: Serperior|55\/100\n|\n|-heal|p1a: Serperior|61\/100|[from] item: Leftovers\n|upkeep\n|turn|9\n|\n|t:|1700899350\n|-terastallize|p2a: Reuniclus|Dragon\n|move|p1a: Serperior|Leaf Storm|p2a: Reuniclus\n|-resisted|p2a: Reuniclus\n|-damage|p2a: Reuniclus|92\/100\n|-boost|p1a: Serperior|spa|2\n|move|p2a: Reuniclus|Night Shade|p1a: Serperior\n|-end|p1a: Serperior|Substitute\n|\n|-heal|p1a: Serperior|67\/100|[from] item: Leftovers\n|upkeep\n|turn|10\n|\n|t:|1700899361\n|switch|p1a: Slowbro|Slowbro, F|100\/100\n|move|p2a: Reuniclus|Night Shade|p1a: Slowbro\n|-damage|p1a: Slowbro|75\/100\n|\n|upkeep\n|turn|11\n|\n|t:|1700899368\n|move|p2a: Reuniclus|Shadow Ball|p1a: Slowbro\n|-supereffective|p1a: Slowbro\n|-damage|p1a: Slowbro|26\/100\n|move|p1a: Slowbro|Teleport|p1a: Slowbro\n|\n|t:|1700899373\n|switch|p1a: Tapu Koko|Tapu Koko|100\/100|[from] Teleport\n|-fieldstart|move: Electric Terrain|[from] ability: Electric Surge|[of] p1a: Tapu Koko\n|\n|upkeep\n|turn|12\n|\n|t:|1700899398\n|move|p1a: Tapu Koko|Dazzling Gleam|p2a: Reuniclus\n|-supereffective|p2a: Reuniclus\n|-damage|p2a: Reuniclus|45\/100\n|move|p2a: Reuniclus|Psychic|p1a: Tapu Koko\n|-damage|p1a: Tapu Koko|40\/100\n|\n|upkeep\n|turn|13\n|\n|t:|1700899405\n|switch|p2a: Weezing|Weezing-Galar, F|100\/100\n|move|p1a: Tapu Koko|Dazzling Gleam|p2a: Weezing\n|-resisted|p2a: Weezing\n|-damage|p2a: Weezing|68\/100\n|\n|upkeep\n|turn|14\n|\n|t:|1700899417\n|switch|p1a: Hatterene|Hatterene, F|50\/100\n|move|p2a: Weezing|Strange Steam|p1a: Hatterene|[miss]\n|-miss|p2a: Weezing|p1a: Hatterene\n|\n|upkeep\n|turn|15\n|\n|t:|1700899430\n|switch|p2a: Kleavor|Kleavor, F|100\/100\n|move|p1a: Hatterene|Psyshock|p2a: Kleavor\n|-damage|p2a: Kleavor|37\/100\n|\n|-fieldend|move: Electric Terrain\n|upkeep\n|turn|16\n|\n|t:|1700899437\n|switch|p1a: Serperior|Serperior, F, shiny|67\/100\n|move|p2a: Kleavor|X-Scissor|p1a: Serperior\n|-supereffective|p1a: Serperior\n|-damage|p1a: Serperior|0 fnt\n|faint|p1a: Serperior\n|\n|upkeep\n|\n|t:|1700899446\n|switch|p1a: Tapu Koko|Tapu Koko|40\/100\n|-fieldstart|move: Electric Terrain|[from] ability: Electric Surge|[of] p1a: Tapu Koko\n|turn|17\n|\n|t:|1700899456\n|switch|p2a: Reuniclus|Reuniclus, M, tera:Dragon|78\/100\n|move|p1a: Tapu Koko|Volt Switch|p2a: Reuniclus\n|-resisted|p2a: Reuniclus\n|-damage|p2a: Reuniclus|65\/100\n|inactive|xiada has 120 seconds left.\n|\n|t:|1700899489\n|switch|p1a: Hoopa|Hoopa-Unbound|73\/100|[from] Volt Switch\n|\n|-heal|p1a: Hoopa|79\/100|[from] item: Leftovers\n|upkeep\n|turn|18\n|\n|t:|1700899497\n|switch|p2a: Wo-Chien|Wo-Chien|88\/100\n|-ability|p2a: Wo-Chien|Tablets of Ruin\n|-terastallize|p1a: Hoopa|Dark\n|move|p1a: Hoopa|Hyperspace Fury|p2a: Wo-Chien\n|-resisted|p2a: Wo-Chien\n|-damage|p2a: Wo-Chien|66\/100\n|-unboost|p1a: Hoopa|def|1\n|\n|-heal|p1a: Hoopa|85\/100|[from] item: Leftovers\n|-heal|p2a: Wo-Chien|72\/100|[from] item: Leftovers\n|upkeep\n|turn|19\n|\n|t:|1700899510\n|switch|p1a: Hatterene|Hatterene, F|50\/100\n|move|p2a: Wo-Chien|Foul Play|p1a: Hatterene\n|-crit|p1a: Hatterene\n|-damage|p1a: Hatterene|3\/100\n|\n|-heal|p2a: Wo-Chien|78\/100|[from] item: Leftovers\n|upkeep\n|turn|20\n|\n|t:|1700899517\n|move|p2a: Wo-Chien|Foul Play|p1a: Hatterene\n|-damage|p1a: Hatterene|0 fnt\n|faint|p1a: Hatterene\n|\n|-heal|p2a: Wo-Chien|84\/100|[from] item: Leftovers\n|upkeep\n|-message|xiada forfeited.\n|\n|win|kitmash\n|raw|xiada's rating: 1644 &rarr; <strong>1629<\/strong><br \/>(-15 for losing)\n|raw|kitmash's rating: 1742 &rarr; <strong>1757<\/strong><br \/>(+15 for winning)\n|l|\u2606xiada\n","uploadtime":1700899540,"views":12,"p1id":"xiada","p2id":"kitmash","formatid":"gen9nationaldex","rating":1629,"private":0,"password":""}