{"id":"gen9nationaldex-1991653515","p1":"might dragon","p2":"vespyyy","format":"[Gen 9] National Dex","log":"|j|\u2606might dragon\n|j|\u2606vespyyy\n|t:|1700098831\n|gametype|singles\n|player|p1|might dragon|sada-ai|1722\n|player|p2|vespyyy|169|1700\n|teamsize|p1|6\n|teamsize|p2|6\n|gen|9\n|tier|[Gen 9] National Dex\n|rated|\n|rule|HP Percentage Mod: HP is shown in percentages\n|rule|Endless Battle Clause: Forcing endless battles is banned\n|rule|OHKO Clause: OHKO moves are banned\n|rule|Evasion Clause: Evasion abilities, items, and moves are banned\n|rule|Evasion Abilities Clause: Evasion abilities are banned\n|rule|Evasion Items Clause: Evasion items are banned\n|rule|Evasion Moves Clause: Evasion moves are banned\n|rule|Species Clause: Limit one of each Pok\u00e9mon\n|rule|Sleep Clause Mod: Limit one foe put to sleep\n|clearpoke\n|poke|p1|Tyranitar, F|\n|poke|p1|Tapu Lele|\n|poke|p1|Samurott-Hisui, M|\n|poke|p1|Landorus-Therian, M|\n|poke|p1|Sneasler, F|\n|poke|p1|Zapdos|\n|poke|p2|Venusaur, F|\n|poke|p2|Corviknight, F|\n|poke|p2|Garchomp, M|\n|poke|p2|Iron Valiant|\n|poke|p2|Rotom-Wash|\n|poke|p2|Volcarona, M|\n|teampreview\n|\n|t:|1700098860\n|start\n|switch|p1a: Tyranitar|Tyranitar, F|100\/100\n|switch|p2a: UNDERTAKER|Venusaur, F|100\/100\n|-weather|Sandstorm|[from] ability: Sand Stream|[of] p1a: Tyranitar\n|turn|1\n|\n|t:|1700098864\n|detailschange|p1a: Tyranitar|Tyranitar-Mega, F\n|-mega|p1a: Tyranitar|Tyranitar|Tyranitarite\n|detailschange|p2a: UNDERTAKER|Venusaur-Mega, F\n|-mega|p2a: UNDERTAKER|Venusaur|Venusaurite\n|move|p1a: Tyranitar|Stealth Rock|p2a: UNDERTAKER\n|-sidestart|p2: vespyyy|move: Stealth Rock\n|move|p2a: UNDERTAKER|Leech Seed|p1a: Tyranitar\n|-start|p1a: Tyranitar|move: Leech Seed\n|\n|-weather|Sandstorm|[upkeep]\n|-damage|p2a: UNDERTAKER|94\/100|[from] Sandstorm\n|-damage|p1a: Tyranitar|88\/100|[from] Leech Seed|[of] p2a: UNDERTAKER\n|-heal|p2a: UNDERTAKER|100\/100|[silent]\n|upkeep\n|turn|2\n|\n|t:|1700098869\n|switch|p1a: Zapdos|Zapdos|100\/100\n|move|p2a: UNDERTAKER|Giga Drain|p1a: Zapdos\n|-resisted|p1a: Zapdos\n|-damage|p1a: Zapdos|85\/100\n|\n|-weather|Sandstorm|[upkeep]\n|-damage|p1a: Zapdos|79\/100|[from] Sandstorm\n|-damage|p2a: UNDERTAKER|94\/100|[from] Sandstorm\n|upkeep\n|turn|3\n|\n|t:|1700098873\n|switch|p2a: BOLT TO THE HEAD|Garchomp, M|100\/100\n|-damage|p2a: BOLT TO THE HEAD|94\/100|[from] Stealth Rock\n|move|p1a: Zapdos|Hurricane|p2a: BOLT TO THE HEAD\n|-damage|p2a: BOLT TO THE HEAD|33\/100\n|\n|-weather|Sandstorm|[upkeep]\n|-damage|p1a: Zapdos|73\/100|[from] Sandstorm\n|upkeep\n|turn|4\n|\n|t:|1700098879\n|move|p2a: BOLT TO THE HEAD|Stealth Rock|p1a: Zapdos\n|-sidestart|p1: might dragon|move: Stealth Rock\n|move|p1a: Zapdos|Hurricane|p2a: BOLT TO THE HEAD\n|-damage|p2a: BOLT TO THE HEAD|0 fnt\n|faint|p2a: BOLT TO THE HEAD\n|\n|-weather|Sandstorm|[upkeep]\n|-damage|p1a: Zapdos|67\/100|[from] Sandstorm\n|upkeep\n|\n|t:|1700098885\n|switch|p2a: 21ST CENTURY|Iron Valiant|100\/100\n|-damage|p2a: 21ST CENTURY|94\/100|[from] Stealth Rock\n|turn|5\n|\n|t:|1700098889\n|move|p2a: 21ST CENTURY|Moonblast|p1a: Zapdos\n|-damage|p1a: Zapdos|0 fnt\n|faint|p1a: Zapdos\n|\n|-weather|none\n|upkeep\n|\n|t:|1700098910\n|switch|p1a: Landorus|Landorus-Therian, M|100\/100\n|-damage|p1a: Landorus|88\/100|[from] Stealth Rock\n|-ability|p1a: Landorus|Intimidate|boost\n|-unboost|p2a: 21ST CENTURY|atk|1\n|turn|6\n|\n|t:|1700098915\n|-terastallize|p2a: 21ST CENTURY|Fairy\n|move|p2a: 21ST CENTURY|Moonblast|p1a: Landorus\n|-damage|p1a: Landorus|0 fnt\n|faint|p1a: Landorus\n|\n|upkeep\n|\n|t:|1700098921\n|switch|p1a: Tapu Lele|Tapu Lele|100\/100\n|-damage|p1a: Tapu Lele|88\/100|[from] Stealth Rock\n|-fieldstart|move: Psychic Terrain|[from] ability: Psychic Surge|[of] p1a: Tapu Lele\n|turn|7\n|\n|t:|1700098924\n|-end|p2a: 21ST CENTURY|Quark Drive|[silent]\n|switch|p2a: DEVIL'S FACE|Corviknight, F|100\/100\n|-damage|p2a: DEVIL'S FACE|88\/100|[from] Stealth Rock\n|-ability|p2a: DEVIL'S FACE|Pressure\n|move|p1a: Tapu Lele|Psychic|p2a: DEVIL'S FACE\n|-resisted|p2a: DEVIL'S FACE\n|-damage|p2a: DEVIL'S FACE|58\/100\n|\n|upkeep\n|turn|8\n|\n|t:|1700098932\n|-terastallize|p1a: Tapu Lele|Psychic\n|move|p1a: Tapu Lele|Psychic|p2a: DEVIL'S FACE\n|-resisted|p2a: DEVIL'S FACE\n|-damage|p2a: DEVIL'S FACE|21\/100\n|move|p2a: DEVIL'S FACE|Roost|p2a: DEVIL'S FACE\n|-heal|p2a: DEVIL'S FACE|71\/100\n|-singleturn|p2a: DEVIL'S FACE|move: Roost\n|\n|upkeep\n|turn|9\n|\n|t:|1700098937\n|move|p1a: Tapu Lele|Psychic|p2a: DEVIL'S FACE\n|-resisted|p2a: DEVIL'S FACE\n|-damage|p2a: DEVIL'S FACE|35\/100\n|move|p2a: DEVIL'S FACE|Roost|p2a: DEVIL'S FACE\n|-heal|p2a: DEVIL'S FACE|85\/100\n|-singleturn|p2a: DEVIL'S FACE|move: Roost\n|\n|upkeep\n|turn|10\n|\n|t:|1700098940\n|move|p1a: Tapu Lele|Psychic|p2a: DEVIL'S FACE\n|-resisted|p2a: DEVIL'S FACE\n|-damage|p2a: DEVIL'S FACE|51\/100\n|move|p2a: DEVIL'S FACE|Roost|p2a: DEVIL'S FACE\n|-heal|p2a: DEVIL'S FACE|100\/100\n|-singleturn|p2a: DEVIL'S FACE|move: Roost\n|\n|upkeep\n|turn|11\n|\n|t:|1700098942\n|move|p1a: Tapu Lele|Psychic|p2a: DEVIL'S FACE\n|-resisted|p2a: DEVIL'S FACE\n|-damage|p2a: DEVIL'S FACE|61\/100\n|move|p2a: DEVIL'S FACE|Roost|p2a: DEVIL'S FACE\n|-heal|p2a: DEVIL'S FACE|100\/100\n|-singleturn|p2a: DEVIL'S FACE|move: Roost\n|\n|-fieldend|move: Psychic Terrain\n|upkeep\n|turn|12\n|\n|t:|1700098950\n|switch|p1a: Tyranitar|Tyranitar-Mega, F|88\/100\n|-damage|p1a: Tyranitar|76\/100|[from] Stealth Rock\n|-weather|Sandstorm|[from] ability: Sand Stream|[of] p1a: Tyranitar\n|move|p2a: DEVIL'S FACE|U-turn|p1a: Tyranitar\n|-supereffective|p1a: Tyranitar\n|-damage|p1a: Tyranitar|58\/100\n|\n|t:|1700098952\n|switch|p2a: 21ST CENTURY|Iron Valiant, tera:Fairy|94\/100|[from] U-turn\n|-damage|p2a: 21ST CENTURY|82\/100|[from] Stealth Rock\n|\n|-weather|Sandstorm|[upkeep]\n|-damage|p2a: 21ST CENTURY|76\/100|[from] Sandstorm\n|upkeep\n|turn|13\n|\n|t:|1700098958\n|move|p2a: 21ST CENTURY|Moonblast|p1a: Tyranitar\n|-supereffective|p1a: Tyranitar\n|-damage|p1a: Tyranitar|0 fnt\n|faint|p1a: Tyranitar\n|\n|-weather|Sandstorm|[upkeep]\n|-damage|p2a: 21ST CENTURY|69\/100|[from] Sandstorm\n|upkeep\n|\n|t:|1700098996\n|switch|p1a: Samurott|Samurott-Hisui, M|100\/100\n|-damage|p1a: Samurott|88\/100|[from] Stealth Rock\n|turn|14\n|\n|t:|1700099000\n|move|p2a: 21ST CENTURY|Moonblast|p1a: Samurott\n|-supereffective|p1a: Samurott\n|-damage|p1a: Samurott|0 fnt\n|faint|p1a: Samurott\n|\n|-weather|Sandstorm|[upkeep]\n|-damage|p2a: 21ST CENTURY|63\/100|[from] Sandstorm\n|upkeep\n|\n|t:|1700099007\n|switch|p1a: Tapu Lele|Tapu Lele, tera:Psychic|88\/100\n|-damage|p1a: Tapu Lele|76\/100|[from] Stealth Rock\n|-fieldstart|move: Psychic Terrain|[from] ability: Psychic Surge|[of] p1a: Tapu Lele\n|turn|15\n|\n|t:|1700099012\n|move|p1a: Tapu Lele|Psychic|p2a: 21ST CENTURY\n|-damage|p2a: 21ST CENTURY|0 fnt\n|faint|p2a: 21ST CENTURY\n|-end|p2a: 21ST CENTURY|Quark Drive|[silent]\n|\n|-weather|Sandstorm|[upkeep]\n|-damage|p1a: Tapu Lele|70\/100|[from] Sandstorm\n|upkeep\n|inactive|Battle timer is ON: inactive players will automatically lose when time's up. (requested by might dragon)\n|\n|t:|1700099019\n|switch|p2a: DEVIL'S FACE|Corviknight, F|100\/100\n|-damage|p2a: DEVIL'S FACE|88\/100|[from] Stealth Rock\n|-ability|p2a: DEVIL'S FACE|Pressure\n|turn|16\n|\n|t:|1700099028\n|move|p1a: Tapu Lele|Psychic|p2a: DEVIL'S FACE\n|-resisted|p2a: DEVIL'S FACE\n|-damage|p2a: DEVIL'S FACE|48\/100\n|move|p2a: DEVIL'S FACE|Roost|p2a: DEVIL'S FACE\n|-heal|p2a: DEVIL'S FACE|98\/100\n|-singleturn|p2a: DEVIL'S FACE|move: Roost\n|\n|-weather|none\n|upkeep\n|turn|17\n|\n|t:|1700099033\n|switch|p1a: Sneasler|Sneasler, F|100\/100\n|-damage|p1a: Sneasler|95\/100|[from] Stealth Rock\n|-enditem|p1a: Sneasler|Psychic Seed\n|-boost|p1a: Sneasler|spd|1|[from] item: Psychic Seed\n|move|p2a: DEVIL'S FACE|Roost|p2a: DEVIL'S FACE\n|-heal|p2a: DEVIL'S FACE|100\/100\n|-singleturn|p2a: DEVIL'S FACE|move: Roost\n|\n|upkeep\n|turn|18\n|\n|t:|1700099036\n|move|p1a: Sneasler|Swords Dance|p1a: Sneasler\n|-boost|p1a: Sneasler|atk|2\n|move|p2a: DEVIL'S FACE|Brave Bird|p1a: Sneasler\n|-supereffective|p1a: Sneasler\n|-damage|p1a: Sneasler|0 fnt\n|faint|p1a: Sneasler\n|-damage|p2a: DEVIL'S FACE|77\/100|[from] Recoil\n|\n|upkeep\n|c|\u2606vespyyy|Ggs\n|inactive|might dragon has 120 seconds left.\n|\n|t:|1700099075\n|switch|p1a: Tapu Lele|Tapu Lele, tera:Psychic|70\/100\n|-damage|p1a: Tapu Lele|57\/100|[from] Stealth Rock\n|turn|19\n|inactive|might dragon has 120 seconds left.\n|\n|t:|1700099090\n|move|p1a: Tapu Lele|Psychic|p2a: DEVIL'S FACE\n|-resisted|p2a: DEVIL'S FACE\n|-damage|p2a: DEVIL'S FACE|43\/100\n|-unboost|p2a: DEVIL'S FACE|spd|1\n|move|p2a: DEVIL'S FACE|Brave Bird|p1a: Tapu Lele\n|-damage|p1a: Tapu Lele|2\/100\n|-damage|p2a: DEVIL'S FACE|30\/100|[from] Recoil\n|\n|-fieldend|move: Psychic Terrain\n|upkeep\n|turn|20\n|\n|t:|1700099097\n|move|p1a: Tapu Lele|Psychic|p2a: DEVIL'S FACE\n|-resisted|p2a: DEVIL'S FACE\n|-damage|p2a: DEVIL'S FACE|0 fnt\n|faint|p2a: DEVIL'S FACE\n|\n|upkeep\n|\n|t:|1700099100\n|switch|p2a: VORTEX|Volcarona, M|100\/100\n|turn|21\n|\n|t:|1700099107\n|-activate|p1a: Tapu Lele|move: Struggle\n|move|p1a: Tapu Lele|Struggle|p2a: VORTEX\n|-damage|p2a: VORTEX|87\/100\n|-damage|p1a: Tapu Lele|0 fnt|[from] recoil\n|faint|p1a: Tapu Lele\n|\n|win|vespyyy\n|raw|might dragon's rating: 1722 &rarr; <strong>1701<\/strong><br \/>(-21 for losing)\n|raw|vespyyy's rating: 1700 &rarr; <strong>1721<\/strong><br \/>(+21 for winning)\n|c|\u2606might dragon|gg\n|l|\u2606vespyyy\n|l|\u2606might dragon\n|j|\u2606vespyyy\n|player|p2|vespyyy|169\n","uploadtime":1700099174,"views":13,"p1id":"mightdragon","p2id":"vespyyy","formatid":"gen9nationaldex","rating":1701,"private":0,"password":""}