{"id":"gen9nationaldex-1996487757","p1":"Arlo Ghost","p2":"AjoFC","format":"[Gen 9] National Dex","log":"|html|<div class=\"broadcast-blue\"><strong>[Gen 9] National Dex is currently suspecting Sneasler! For information on how to participate check out the <a href=\"https:\/\/www.smogon.com\/forums\/threads\/sv-national-dex-suspect-8-just-dance.3731534\/\">suspect thread<\/a>.<\/strong><\/div>\n|j|\u2606Arlo Ghost\n|j|\u2606AjoFC\n|t:|1700686824\n|gametype|singles\n|player|p1|Arlo Ghost|mars|\n|player|p2|AjoFC|juggler|\n|teamsize|p1|6\n|teamsize|p2|6\n|gen|9\n|tier|[Gen 9] National Dex\n|rule|HP Percentage Mod: HP is shown in percentages\n|rule|Endless Battle Clause: Forcing endless battles is banned\n|rule|OHKO Clause: OHKO moves are banned\n|rule|Evasion Clause: Evasion abilities, items, and moves are banned\n|rule|Evasion Abilities Clause: Evasion abilities are banned\n|rule|Evasion Items Clause: Evasion items are banned\n|rule|Evasion Moves Clause: Evasion moves are banned\n|rule|Species Clause: Limit one of each Pok\u00e9mon\n|rule|Sleep Clause Mod: Limit one foe put to sleep\n|clearpoke\n|poke|p1|Tapu Fini|\n|poke|p1|Heatran, M|\n|poke|p1|Corviknight, F|\n|poke|p1|Greninja-*, M|\n|poke|p1|Mawile, F|\n|poke|p1|Kommo-o, M|\n|poke|p2|Maushold-Four|\n|poke|p2|Lopunny, F|\n|poke|p2|Ditto|\n|poke|p2|Porygon-Z|\n|poke|p2|Zoroark-Hisui, M|\n|poke|p2|Dondozo, M|\n|teampreview\n|inactive|Battle timer is ON: inactive players will automatically lose when time's up. (requested by AjoFC)\n|\n|t:|1700686845\n|start\n|switch|p1a: Erica Jueves|Mawile, F|100\/100\n|switch|p2a: OwO|Lopunny, F|100\/100\n|-ability|p1a: Erica Jueves|Intimidate|boost\n|-unboost|p2a: OwO|atk|1\n|turn|1\n|j| Void280\n|inactive|AjoFC has 270 seconds left.\n|\n|t:|1700686877\n|switch|p1a: Mamu Finish-her|Tapu Fini, shiny|100\/100\n|-fieldstart|move: Misty Terrain|[from] ability: Misty Surge|[of] p1a: Mamu Finish-her\n|detailschange|p2a: OwO|Lopunny-Mega, F\n|-mega|p2a: OwO|Lopunny|Lopunnite\n|move|p2a: OwO|Fake Out|p1a: Mamu Finish-her\n|-damage|p1a: Mamu Finish-her|89\/100\n|\n|-heal|p1a: Mamu Finish-her|95\/100|[from] item: Leftovers\n|upkeep\n|turn|2\n|inactive|AjoFC has 270 seconds left.\n|\n|t:|1700686888\n|switch|p2a: SOY TU XD|Ditto|100\/100\n|-transform|p2a: SOY TU XD|p1a: Mamu Finish-her|[from] ability: Imposter\n|move|p1a: Mamu Finish-her|Moonblast|p2a: SOY TU XD\n|-damage|p2a: SOY TU XD|73\/100\n|\n|-heal|p1a: Mamu Finish-her|100\/100|[from] item: Leftovers\n|upkeep\n|turn|3\n|inactive|AjoFC has 270 seconds left.\n|\n|t:|1700686901\n|move|p2a: SOY TU XD|Knock Off|p1a: Mamu Finish-her\n|-resisted|p1a: Mamu Finish-her\n|-damage|p1a: Mamu Finish-her|95\/100\n|-enditem|p1a: Mamu Finish-her|Leftovers|[from] move: Knock Off|[of] p2a: SOY TU XD\n|move|p1a: Mamu Finish-her|Knock Off|p2a: SOY TU XD\n|-resisted|p2a: SOY TU XD\n|-damage|p2a: SOY TU XD|67\/100\n|-enditem|p2a: SOY TU XD|Focus Sash|[from] move: Knock Off|[of] p1a: Mamu Finish-her\n|\n|upkeep\n|turn|4\n|inactive|AjoFC has 270 seconds left.\n|\n|t:|1700686913\n|switch|p1a: Magmado|Heatran, M|100\/100\n|move|p2a: SOY TU XD|Moonblast|p1a: Magmado\n|-resisted|p1a: Magmado\n|-damage|p1a: Magmado|95\/100\n|-unboost|p1a: Magmado|spa|1\n|\n|-heal|p1a: Magmado|100\/100|[from] item: Leftovers\n|upkeep\n|turn|5\n|j| WSoldat\n|\n|t:|1700686923\n|move|p2a: SOY TU XD|Scald|p1a: Magmado\n|-supereffective|p1a: Magmado\n|-damage|p1a: Magmado|65\/100\n|move|p1a: Magmado|Magma Storm|p2a: SOY TU XD\n|-resisted|p2a: SOY TU XD\n|-damage|p2a: SOY TU XD|55\/100\n|-activate|p2a: SOY TU XD|move: Magma Storm|[of] p1a: Magmado\n|\n|-heal|p1a: Magmado|72\/100|[from] item: Leftovers\n|-damage|p2a: SOY TU XD|42\/100|[from] move: Magma Storm|[partiallytrapped]\n|-fieldend|Misty Terrain\n|upkeep\n|turn|6\n|j| Sai4rr\n|\n|t:|1700686935\n|move|p1a: Magmado|Protect|p1a: Magmado\n|-singleturn|p1a: Magmado|Protect\n|move|p2a: SOY TU XD|Scald|p1a: Magmado\n|-activate|p1a: Magmado|move: Protect\n|\n|-heal|p1a: Magmado|78\/100|[from] item: Leftovers\n|-damage|p2a: SOY TU XD|30\/100|[from] move: Magma Storm|[partiallytrapped]\n|upkeep\n|turn|7\n|c| WSoldat|Dale ajo vos podes\n|\n|t:|1700686945\n|move|p2a: SOY TU XD|Scald|p1a: Magmado\n|-supereffective|p1a: Magmado\n|-damage|p1a: Magmado|41\/100\n|move|p1a: Magmado|Toxic|p2a: SOY TU XD\n|-status|p2a: SOY TU XD|tox\n|\n|-heal|p1a: Magmado|47\/100|[from] item: Leftovers\n|-damage|p2a: SOY TU XD|24\/100 tox|[from] psn\n|-damage|p2a: SOY TU XD|12\/100 tox|[from] move: Magma Storm|[partiallytrapped]\n|upkeep\n|turn|8\n|c| Sai4rr|Vengame Ajo\n|\n|t:|1700686960\n|move|p1a: Magmado|Protect|p1a: Magmado\n|-singleturn|p1a: Magmado|Protect\n|move|p2a: SOY TU XD|Haze|p2a: SOY TU XD\n|-clearallboost\n|\n|-heal|p1a: Magmado|53\/100|[from] item: Leftovers\n|-damage|p2a: SOY TU XD|0 fnt|[from] psn\n|faint|p2a: SOY TU XD\n|upkeep\n|c|\u2606Arlo Ghost|se me olvido la m\u00fasica\n|c|\u2606Arlo Ghost|https:\/\/www.youtube.com\/watch?v=olT8zrRJdYI\n|inactive|AjoFC has 270 seconds left.\n|c|\u2606Arlo Ghost|gracias por recuperar mi ataque especial\n|c|\u2606AjoFC|Denada arlo \ud83e\uddd0\n|\n|t:|1700686997\n|switch|p2a: OwO|Lopunny-Mega, F|100\/100\n|turn|9\n|j| PeppsiAsiEs\n|l| Void280\n|\n|t:|1700687010\n|switch|p1a: Erica Jueves|Mawile, F|100\/100\n|-ability|p1a: Erica Jueves|Intimidate|boost\n|-fail|p2a: OwO|unboost|Attack|[from] ability: Scrappy|[of] p2a: OwO\n|move|p2a: OwO|Fake Out|p1a: Erica Jueves\n|-resisted|p1a: Erica Jueves\n|-damage|p1a: Erica Jueves|86\/100\n|\n|upkeep\n|turn|10\n|\n|t:|1700687030\n|switch|p2a: Hola|Dondozo, M|100\/100\n|detailschange|p1a: Erica Jueves|Mawile-Mega, F\n|-mega|p1a: Erica Jueves|Mawile|Mawilite\n|move|p1a: Erica Jueves|Play Rough|p2a: Hola\n|-damage|p2a: Hola|56\/100\n|\n|-heal|p2a: Hola|62\/100|[from] item: Leftovers\n|upkeep\n|turn|11\n|c| WSoldat|Hola\n|\n|t:|1700687049\n|move|p1a: Erica Jueves|Play Rough|p2a: Hola\n|-damage|p2a: Hola|12\/100\n|move|p2a: Hola|Rest|p2a: Hola\n|-status|p2a: Hola|slp|[from] move: Rest\n|-heal|p2a: Hola|100\/100 slp|[silent]\n|\n|upkeep\n|turn|12\n|c| WSoldat|Carrea\n|\n|t:|1700687057\n|move|p1a: Erica Jueves|Play Rough|p2a: Hola\n|-damage|p2a: Hola|55\/100 slp\n|cant|p2a: Hola|slp\n|move|p2a: Hola|Sleep Talk|p2a: Hola\n|move|p2a: Hola|Curse|p2a: Hola|[from]move: Sleep Talk\n|-unboost|p2a: Hola|spe|1\n|-boost|p2a: Hola|atk|1\n|-boost|p2a: Hola|def|1\n|\n|-heal|p2a: Hola|61\/100 slp|[from] item: Leftovers\n|upkeep\n|turn|13\n|\n|t:|1700687071\n|switch|p1a: Mamu Finish-her|Tapu Fini, shiny|95\/100\n|-fieldstart|move: Misty Terrain|[from] ability: Misty Surge|[of] p1a: Mamu Finish-her\n|cant|p2a: Hola|slp\n|move|p2a: Hola|Sleep Talk|p2a: Hola\n|move|p2a: Hola|Rest||[from]move: Sleep Talk|[still]\n|-fail|p2a: Hola\n|\n|-heal|p2a: Hola|67\/100 slp|[from] item: Leftovers\n|upkeep\n|turn|14\n|c| PeppsiAsiEs|el pez glovo\n|\n|t:|1700687089\n|move|p1a: Mamu Finish-her|Haze|p1a: Mamu Finish-her\n|-clearallboost\n|-curestatus|p2a: Hola|slp|[msg]\n|move|p2a: Hola|Curse|p2a: Hola\n|-unboost|p2a: Hola|spe|1\n|-boost|p2a: Hola|atk|1\n|-boost|p2a: Hola|def|1\n|\n|-heal|p2a: Hola|74\/100|[from] item: Leftovers\n|upkeep\n|turn|15\n|c| PeppsiAsiEs|traiganle un fantasma a la ni\u00f1a\n|\n|t:|1700687101\n|move|p1a: Mamu Finish-her|Haze|p1a: Mamu Finish-her\n|-clearallboost\n|move|p2a: Hola|Aqua Tail|p1a: Mamu Finish-her\n|-resisted|p1a: Mamu Finish-her\n|-damage|p1a: Mamu Finish-her|84\/100\n|\n|-heal|p2a: Hola|80\/100|[from] item: Leftovers\n|upkeep\n|turn|16\n|\n|t:|1700687113\n|switch|p2a: OwO|Lopunny-Mega, F|100\/100\n|move|p1a: Mamu Finish-her|Knock Off|p2a: OwO\n|-resisted|p2a: OwO\n|-damage|p2a: OwO|93\/100\n|\n|upkeep\n|turn|17\n|\n|t:|1700687120\n|move|p2a: OwO|Fake Out|p1a: Mamu Finish-her\n|-damage|p1a: Mamu Finish-her|68\/100\n|cant|p1a: Mamu Finish-her|flinch\n|\n|-fieldend|Misty Terrain\n|upkeep\n|turn|18\n|\n|t:|1700687130\n|switch|p2a: Hola|Dondozo, M|80\/100\n|move|p1a: Mamu Finish-her|Moonblast|p2a: Hola\n|-damage|p2a: Hola|61\/100\n|\n|-heal|p2a: Hola|67\/100|[from] item: Leftovers\n|upkeep\n|turn|19\n|\n|t:|1700687140\n|switch|p1a: Magmado|Heatran, M|53\/100\n|move|p2a: Hola|Curse|p2a: Hola\n|-unboost|p2a: Hola|spe|1\n|-boost|p2a: Hola|atk|1\n|-boost|p2a: Hola|def|1\n|\n|-heal|p1a: Magmado|59\/100|[from] item: Leftovers\n|-heal|p2a: Hola|73\/100|[from] item: Leftovers\n|upkeep\n|turn|20\n|\n|t:|1700687151\n|-terastallize|p1a: Magmado|Grass\n|move|p1a: Magmado|Toxic|p2a: Hola|[miss]\n|-miss|p1a: Magmado|p2a: Hola\n|move|p2a: Hola|Aqua Tail|p1a: Magmado\n|-resisted|p1a: Magmado\n|-damage|p1a: Magmado|42\/100\n|\n|-heal|p1a: Magmado|48\/100|[from] item: Leftovers\n|-heal|p2a: Hola|79\/100|[from] item: Leftovers\n|upkeep\n|turn|21\n|\n|t:|1700687162\n|move|p1a: Magmado|Taunt|p2a: Hola\n|-start|p2a: Hola|move: Taunt\n|cant|p2a: Hola|move: Taunt|Curse\n|\n|-heal|p1a: Magmado|54\/100|[from] item: Leftovers\n|-heal|p2a: Hola|85\/100|[from] item: Leftovers\n|upkeep\n|turn|22\n|\n|t:|1700687178\n|move|p1a: Magmado|Magma Storm|p2a: Hola\n|-resisted|p2a: Hola\n|-damage|p2a: Hola|73\/100\n|-activate|p2a: Hola|move: Magma Storm|[of] p1a: Magmado\n|move|p2a: Hola|Aqua Tail|p1a: Magmado\n|-resisted|p1a: Magmado\n|-damage|p1a: Magmado|38\/100\n|\n|-heal|p1a: Magmado|44\/100|[from] item: Leftovers\n|-heal|p2a: Hola|79\/100|[from] item: Leftovers\n|-damage|p2a: Hola|66\/100|[from] move: Magma Storm|[partiallytrapped]\n|upkeep\n|turn|23\n|\n|t:|1700687191\n|move|p1a: Magmado|Toxic|p2a: Hola\n|-status|p2a: Hola|tox\n|move|p2a: Hola|Aqua Tail|p1a: Magmado\n|-resisted|p1a: Magmado\n|-damage|p1a: Magmado|25\/100\n|\n|-heal|p1a: Magmado|31\/100|[from] item: Leftovers\n|-heal|p2a: Hola|72\/100 tox|[from] item: Leftovers\n|-damage|p2a: Hola|66\/100 tox|[from] psn\n|-damage|p2a: Hola|54\/100 tox|[from] move: Magma Storm|[partiallytrapped]\n|-end|p2a: Hola|move: Taunt\n|upkeep\n|turn|24\n|\n|t:|1700687208\n|move|p1a: Magmado|Taunt|p2a: Hola\n|-start|p2a: Hola|move: Taunt\n|move|p2a: Hola|Aqua Tail|p1a: Magmado\n|-resisted|p1a: Magmado\n|-damage|p1a: Magmado|13\/100\n|\n|-heal|p1a: Magmado|19\/100|[from] item: Leftovers\n|-heal|p2a: Hola|60\/100 tox|[from] item: Leftovers\n|-damage|p2a: Hola|48\/100 tox|[from] psn\n|-damage|p2a: Hola|35\/100 tox|[from] move: Magma Storm|[partiallytrapped]\n|upkeep\n|turn|25\n|\n|t:|1700687220\n|move|p1a: Magmado|Protect|p1a: Magmado\n|-singleturn|p1a: Magmado|Protect\n|move|p2a: Hola|Aqua Tail|p1a: Magmado\n|-activate|p1a: Magmado|move: Protect\n|\n|-heal|p1a: Magmado|25\/100|[from] item: Leftovers\n|-heal|p2a: Hola|41\/100 tox|[from] item: Leftovers\n|-damage|p2a: Hola|23\/100 tox|[from] psn\n|-damage|p2a: Hola|10\/100 tox|[from] move: Magma Storm|[partiallytrapped]\n|upkeep\n|turn|26\n|c| Sai4rr|Vamos hola\n|\n|t:|1700687232\n|move|p1a: Magmado|Magma Storm|p2a: Hola|[miss]\n|-miss|p1a: Magmado|p2a: Hola\n|move|p2a: Hola|Aqua Tail|p1a: Magmado\n|-resisted|p1a: Magmado\n|-damage|p1a: Magmado|8\/100\n|\n|-heal|p1a: Magmado|14\/100|[from] item: Leftovers\n|-heal|p2a: Hola|16\/100 tox|[from] item: Leftovers\n|-damage|p2a: Hola|0 fnt|[from] psn\n|faint|p2a: Hola\n|upkeep\n|inactive|AjoFC has 240 seconds left.\n|\n|t:|1700687244\n|switch|p2a: Spamton|Porygon-Z|100\/100\n|turn|27\n|\n|t:|1700687251\n|-zpower|p2a: Spamton\n|move|p2a: Spamton|Z-Conversion|p2a: Spamton|[anim]Conversion\n|-boost|p2a: Spamton|atk|1|[zeffect]\n|-boost|p2a: Spamton|def|1|[zeffect]\n|-boost|p2a: Spamton|spa|1|[zeffect]\n|-boost|p2a: Spamton|spd|1|[zeffect]\n|-boost|p2a: Spamton|spe|1|[zeffect]\n|-start|p2a: Spamton|typechange|Electric\n|move|p1a: Magmado|Magma Storm|p2a: Spamton\n|-damage|p2a: Spamton|57\/100\n|-activate|p2a: Spamton|move: Magma Storm|[of] p1a: Magmado\n|\n|-heal|p1a: Magmado|20\/100|[from] item: Leftovers\n|-damage|p2a: Spamton|45\/100|[from] move: Magma Storm|[partiallytrapped]\n|upkeep\n|turn|28\n|inactive|AjoFC has 240 seconds left.\n|\n|t:|1700687271\n|move|p1a: Magmado|Protect|p1a: Magmado\n|-singleturn|p1a: Magmado|Protect\n|move|p2a: Spamton|Recover|p2a: Spamton\n|-heal|p2a: Spamton|95\/100\n|\n|-heal|p1a: Magmado|27\/100|[from] item: Leftovers\n|-damage|p2a: Spamton|82\/100|[from] move: Magma Storm|[partiallytrapped]\n|upkeep\n|turn|29\n|\n|t:|1700687280\n|move|p2a: Spamton|Ice Beam|p1a: Magmado\n|-supereffective|p1a: Magmado\n|-damage|p1a: Magmado|0 fnt\n|faint|p1a: Magmado\n|\n|-end|p2a: Spamton|Magma Storm|[partiallytrapped]|[silent]\n|upkeep\n|j| Sylveon(404)\n|\n|t:|1700687285\n|switch|p1a: Erica Jueves|Mawile-Mega, F|86\/100\n|turn|30\n|\n|t:|1700687291\n|move|p2a: Spamton|Discharge|p1a: Erica Jueves\n|-damage|p1a: Erica Jueves|0 fnt\n|faint|p1a: Erica Jueves\n|\n|upkeep\n|\n|t:|1700687298\n|switch|p1a: El Cumbia Ikuze|Greninja, M|100\/100\n|turn|31\n|\n|t:|1700687304\n|move|p1a: El Cumbia Ikuze|Water Shuriken|p2a: Spamton\n|-damage|p2a: Spamton|74\/100\n|-damage|p2a: Spamton|64\/100\n|-hitcount|p2a: Spamton|2\n|move|p2a: Spamton|Discharge|p1a: El Cumbia Ikuze\n|-supereffective|p1a: El Cumbia Ikuze\n|-crit|p1a: El Cumbia Ikuze\n|-damage|p1a: El Cumbia Ikuze|0 fnt\n|faint|p1a: El Cumbia Ikuze\n|\n|upkeep\n|c| Sai4rr|Spamton sweep\n|\n|t:|1700687312\n|switch|p1a: Kokum-o|Kommo-o, M|100\/100\n|turn|32\n|\n|t:|1700687316\n|move|p2a: Spamton|Ice Beam|p1a: Kokum-o\n|-supereffective|p1a: Kokum-o\n|-damage|p1a: Kokum-o|0 fnt\n|faint|p1a: Kokum-o\n|\n|upkeep\n|c|\u2606Arlo Ghost|rayos\n|\n|t:|1700687320\n|switch|p1a: Mamu Finish-her|Tapu Fini, shiny|68\/100\n|-fieldstart|move: Misty Terrain|[from] ability: Misty Surge|[of] p1a: Mamu Finish-her\n|turn|33\n|c| Sylveon(404)|top papeadas\n|\n|t:|1700687325\n|move|p2a: Spamton|Discharge|p1a: Mamu Finish-her\n|-supereffective|p1a: Mamu Finish-her\n|-damage|p1a: Mamu Finish-her|0 fnt\n|faint|p1a: Mamu Finish-her\n|\n|upkeep\n|\n|t:|1700687328\n|switch|p1a: Metalera|Corviknight, F, shiny|100\/100\n|-ability|p1a: Metalera|Pressure\n|turn|34\n|\n|t:|1700687334\n|move|p2a: Spamton|Discharge|p1a: Metalera\n|-supereffective|p1a: Metalera\n|-damage|p1a: Metalera|0 fnt\n|faint|p1a: Metalera\n|\n|win|AjoFC\n|c|\u2606Arlo Ghost|al menos ya tengo la informaci\u00f3n\n|c| WSoldat|Grande Spantom\n|l|\u2606Arlo Ghost\n|c|\u2606AjoFC|GG\n|c| Sylveon(404)|gg\n","uploadtime":1700687345,"views":16,"p1id":"arloghost","p2id":"ajofc","formatid":"gen9nationaldex","rating":0,"private":0,"password":""}