{"id":"gen9nationaldex-1988564931","p1":"female charizard","p2":"Silver Shroom","format":"[Gen 9] National Dex","log":"|j|\u2606female charizard\n|j|\u2606Silver Shroom\n|t:|1699736681\n|gametype|singles\n|player|p1|female charizard|170|1176\n|player|p2|Silver Shroom|1|1197\n|teamsize|p1|6\n|teamsize|p2|6\n|gen|9\n|tier|[Gen 9] National Dex\n|rated|\n|rule|HP Percentage Mod: HP is shown in percentages\n|rule|Endless Battle Clause: Forcing endless battles is banned\n|rule|OHKO Clause: OHKO moves are banned\n|rule|Evasion Clause: Evasion abilities, items, and moves are banned\n|rule|Evasion Abilities Clause: Evasion abilities are banned\n|rule|Evasion Items Clause: Evasion items are banned\n|rule|Evasion Moves Clause: Evasion moves are banned\n|rule|Species Clause: Limit one of each Pok\u00e9mon\n|rule|Sleep Clause Mod: Limit one foe put to sleep\n|clearpoke\n|poke|p1|Rampardos, F|\n|poke|p1|Scream Tail|\n|poke|p1|Slowking, F|\n|poke|p1|Stakataka|\n|poke|p1|Gigalith, M|\n|poke|p1|Electrode-Hisui|\n|poke|p2|Sceptile, M|\n|poke|p2|Clawitzer, M|\n|poke|p2|Crobat, M|\n|poke|p2|Glaceon, F|\n|poke|p2|Bellibolt, M|\n|poke|p2|Umbreon, M|\n|teampreview\n|j| it's ogrepon\n|j| snugglesnfluff\n|j| imbleach\n|j| kung fu pokechu\n|\n|t:|1699736719\n|start\n|switch|p1a: fear and anger|Electrode-Hisui|100\/100\n|switch|p2a: The Claw|Clawitzer, M|100\/100\n|turn|1\n|\n|t:|1699736731\n|switch|p2a: Snowbelle|Glaceon, F|100\/100\n|move|p1a: fear and anger|Substitute|p1a: fear and anger\n|-start|p1a: fear and anger|Substitute\n|-damage|p1a: fear and anger|76\/100\n|\n|-heal|p1a: fear and anger|82\/100|[from] item: Leftovers\n|upkeep\n|turn|2\n|\n|t:|1699736737\n|move|p1a: fear and anger|Leech Seed|p2a: Snowbelle\n|-start|p2a: Snowbelle|move: Leech Seed\n|move|p2a: Snowbelle|Ice Beam|p1a: fear and anger\n|-supereffective|p1a: fear and anger\n|-end|p1a: fear and anger|Substitute\n|\n|-heal|p1a: fear and anger|88\/100|[from] item: Leftovers\n|-damage|p2a: Snowbelle|88\/100|[from] Leech Seed|[of] p1a: fear and anger\n|-heal|p1a: fear and anger|100\/100|[silent]\n|upkeep\n|turn|3\n|\n|t:|1699736746\n|switch|p2a: Gex|Sceptile, M|100\/100\n|move|p1a: fear and anger|Substitute|p1a: fear and anger\n|-start|p1a: fear and anger|Substitute\n|-damage|p1a: fear and anger|76\/100\n|\n|-heal|p1a: fear and anger|82\/100|[from] item: Leftovers\n|upkeep\n|turn|4\n|\n|t:|1699736757\n|detailschange|p2a: Gex|Sceptile-Mega, M\n|-mega|p2a: Gex|Sceptile|Sceptilite\n|move|p1a: fear and anger|Energy Ball|p2a: Gex\n|-resisted|p2a: Gex\n|-damage|p2a: Gex|90\/100\n|move|p2a: Gex|Dragon Pulse|p1a: fear and anger\n|-end|p1a: fear and anger|Substitute\n|\n|-heal|p1a: fear and anger|88\/100|[from] item: Leftovers\n|upkeep\n|turn|5\n|\n|t:|1699736767\n|switch|p1a: tay tay|Scream Tail|100\/100\n|move|p2a: Gex|Leech Seed|p1a: tay tay\n|-start|p1a: tay tay|move: Leech Seed\n|\n|-damage|p1a: tay tay|88\/100|[from] Leech Seed|[of] p2a: Gex\n|-heal|p2a: Gex|100\/100|[silent]\n|upkeep\n|turn|6\n|\n|t:|1699736777\n|switch|p2a: Snowbelle|Glaceon, F|88\/100\n|move|p1a: tay tay|Calm Mind|p1a: tay tay\n|-boost|p1a: tay tay|spa|1\n|-boost|p1a: tay tay|spd|1\n|\n|-damage|p1a: tay tay|76\/100|[from] Leech Seed|[of] p2a: Snowbelle\n|-heal|p2a: Snowbelle|100\/100|[silent]\n|upkeep\n|turn|7\n|\n|t:|1699736784\n|move|p1a: tay tay|Calm Mind|p1a: tay tay\n|-boost|p1a: tay tay|spa|1\n|-boost|p1a: tay tay|spd|1\n|move|p2a: Snowbelle|Ice Beam|p1a: tay tay\n|-damage|p1a: tay tay|48\/100\n|\n|-damage|p1a: tay tay|35\/100|[from] Leech Seed|[of] p2a: Snowbelle\n|upkeep\n|turn|8\n|\n|t:|1699736792\n|switch|p2a: Kermit|Bellibolt, M|100\/100\n|move|p1a: tay tay|Flamethrower|p2a: Kermit\n|-damage|p2a: Kermit|72\/100\n|-start|p2a: Kermit|Charge|Flamethrower|[from] ability: Electromorphosis\n|\n|-heal|p2a: Kermit|78\/100|[from] item: Leftovers\n|-damage|p1a: tay tay|23\/100|[from] Leech Seed|[of] p2a: Kermit\n|-heal|p2a: Kermit|91\/100|[silent]\n|upkeep\n|turn|9\n|\n|t:|1699736802\n|move|p1a: tay tay|Boomburst|p2a: Kermit\n|-damage|p2a: Kermit|45\/100\n|-start|p2a: Kermit|Charge|Boomburst|[from] ability: Electromorphosis\n|-enditem|p1a: tay tay|Throat Spray\n|-boost|p1a: tay tay|spa|1|[from] item: Throat Spray\n|move|p2a: Kermit|Light Screen|p2a: Kermit\n|-sidestart|p2: Silver Shroom|move: Light Screen\n|\n|-heal|p2a: Kermit|51\/100|[from] item: Leftovers\n|-damage|p1a: tay tay|10\/100|[from] Leech Seed|[of] p2a: Kermit\n|-heal|p2a: Kermit|64\/100|[silent]\n|upkeep\n|turn|10\n|\n|t:|1699736813\n|move|p1a: tay tay|Boomburst|p2a: Kermit\n|-damage|p2a: Kermit|38\/100\n|-start|p2a: Kermit|Charge|Boomburst|[from] ability: Electromorphosis\n|move|p2a: Kermit|Soak|p1a: tay tay\n|-start|p1a: tay tay|typechange|Water\n|\n|-heal|p2a: Kermit|44\/100|[from] item: Leftovers\n|-damage|p1a: tay tay|0 fnt|[from] Leech Seed|[of] p2a: Kermit\n|-heal|p2a: Kermit|54\/100|[silent]\n|faint|p1a: tay tay\n|-end|p1a: tay tay|Protosynthesis|[silent]\n|upkeep\n|\n|t:|1699736823\n|switch|p1a: ur divorced uncle|Rampardos, F|100\/100\n|turn|11\n|\n|t:|1699736826\n|move|p1a: ur divorced uncle|Head Smash|p2a: Kermit\n|-damage|p2a: Kermit|0 fnt\n|faint|p2a: Kermit\n|-damage|p1a: ur divorced uncle|66\/100|[from] Recoil\n|\n|upkeep\n|\n|t:|1699736832\n|switch|p2a: Gex|Sceptile-Mega, M|100\/100\n|turn|12\n|\n|t:|1699736837\n|move|p2a: Gex|Energy Ball|p1a: ur divorced uncle\n|-supereffective|p1a: ur divorced uncle\n|-damage|p1a: ur divorced uncle|0 fnt\n|faint|p1a: ur divorced uncle\n|\n|upkeep\n|\n|t:|1699736846\n|switch|p1a: ROULETTE ROCK|Gigalith, M|100\/100\n|turn|13\n|\n|t:|1699736848\n|move|p2a: Gex|Energy Ball|p1a: ROULETTE ROCK\n|-supereffective|p1a: ROULETTE ROCK\n|-ability|p1a: ROULETTE ROCK|Sturdy\n|-damage|p1a: ROULETTE ROCK|1\/100\n|-unboost|p1a: ROULETTE ROCK|spd|1\n|-enditem|p1a: ROULETTE ROCK|Red Card|[of] p2a: Gex\n|drag|p2a: Snowbelle|Glaceon, F|100\/100\n|move|p1a: ROULETTE ROCK|Explosion|p2a: Snowbelle\n|-damage|p2a: Snowbelle|3\/100\n|faint|p1a: ROULETTE ROCK\n|\n|-sideend|p2: Silver Shroom|move: Light Screen\n|upkeep\n|\n|t:|1699736854\n|switch|p1a: too anxious >.<|Stakataka|100\/100\n|turn|14\n|\n|t:|1699736864\n|move|p2a: Snowbelle|Shadow Ball|p1a: too anxious >.<\n|-crit|p1a: too anxious >.<\n|-damage|p1a: too anxious >.<|33\/100\n|move|p1a: too anxious >.<|Trick Room|p1a: too anxious >.<\n|-fieldstart|move: Trick Room|[of] p1a: too anxious >.<\n|\n|upkeep\n|turn|15\n|\n|t:|1699736870\n|move|p1a: too anxious >.<|Gyro Ball|p2a: Snowbelle\n|-supereffective|p2a: Snowbelle\n|-damage|p2a: Snowbelle|0 fnt\n|faint|p2a: Snowbelle\n|-ability|p1a: too anxious >.<|Beast Boost|boost\n|-boost|p1a: too anxious >.<|atk|1\n|-damage|p1a: too anxious >.<|23\/100|[from] item: Life Orb\n|\n|upkeep\n|\n|t:|1699736876\n|switch|p2a: The Claw|Clawitzer, M|100\/100\n|turn|16\n|\n|t:|1699736880\n|move|p1a: too anxious >.<|Stone Edge|p2a: The Claw|[miss]\n|-miss|p1a: too anxious >.<|p2a: The Claw\n|move|p2a: The Claw|Dark Pulse|p1a: too anxious >.<\n|-damage|p1a: too anxious >.<|0 fnt\n|faint|p1a: too anxious >.<\n|\n|upkeep\n|\n|t:|1699736884\n|switch|p1a: it was this|Slowking, F|100\/100\n|turn|17\n|\n|t:|1699736888\n|move|p1a: it was this|Future Sight|p2a: The Claw\n|-start|p1a: it was this|move: Future Sight\n|move|p2a: The Claw|Dark Pulse|p1a: it was this\n|-supereffective|p1a: it was this\n|-damage|p1a: it was this|18\/100\n|\n|upkeep\n|turn|18\n|\n|t:|1699736892\n|switch|p1a: fear and anger|Electrode-Hisui|88\/100\n|move|p2a: The Claw|Dark Pulse|p1a: fear and anger\n|-damage|p1a: fear and anger|23\/100\n|\n|-heal|p1a: fear and anger|30\/100|[from] item: Leftovers\n|-fieldend|move: Trick Room\n|upkeep\n|turn|19\n|\n|t:|1699736900\n|move|p1a: fear and anger|Energy Ball|p2a: The Claw\n|-supereffective|p2a: The Claw\n|-damage|p2a: The Claw|24\/100\n|move|p2a: The Claw|Dragon Pulse|p1a: fear and anger\n|-damage|p1a: fear and anger|0 fnt\n|faint|p1a: fear and anger\n|\n|-end|p2a: The Claw|move: Future Sight\n|-damage|p2a: The Claw|0 fnt\n|faint|p2a: The Claw\n|upkeep\n|c|\u2606Silver Shroom|gg\n|\n|t:|1699736909\n|switch|p1a: it was this|Slowking, F|51\/100\n|switch|p2a: Gex|Sceptile-Mega, M|100\/100\n|turn|20\n|l| kung fu pokechu\n|c|\u2606female charizard|i won if u didnt crit\n|c|\u2606female charizard|but gg\n|\n|t:|1699736922\n|-terastallize|p1a: it was this|Water\n|move|p2a: Gex|Energy Ball|p1a: it was this\n|-supereffective|p1a: it was this\n|-damage|p1a: it was this|0 fnt\n|faint|p1a: it was this\n|\n|win|Silver Shroom\n|raw|female charizard's rating: 1176 &rarr; <strong>1153<\/strong><br \/>(-23 for losing)\n|raw|Silver Shroom's rating: 1197 &rarr; <strong>1220<\/strong><br \/>(+23 for winning)\n|l|\u2606Silver Shroom\n|j| kung fu pokechu\n","uploadtime":1699736999,"views":4,"p1id":"femalecharizard","p2id":"silvershroom","formatid":"gen9nationaldex","rating":1153,"private":0,"password":""}