{"id":"gen9nationaldex-1987239331","p1":"mlg_lasagna","p2":"Robonion42","format":"[Gen 9] National Dex","log":"|j|\u2606mlg_lasagna\n|j|\u2606Robonion42\n|t:|1699568362\n|gametype|singles\n|player|p1|mlg_lasagna|lucian|1163\n|player|p2|Robonion42|101|1243\n|teamsize|p1|6\n|teamsize|p2|6\n|gen|9\n|tier|[Gen 9] National Dex\n|rated|\n|rule|HP Percentage Mod: HP is shown in percentages\n|rule|Endless Battle Clause: Forcing endless battles is banned\n|rule|OHKO Clause: OHKO moves are banned\n|rule|Evasion Clause: Evasion abilities, items, and moves are banned\n|rule|Evasion Abilities Clause: Evasion abilities are banned\n|rule|Evasion Items Clause: Evasion items are banned\n|rule|Evasion Moves Clause: Evasion moves are banned\n|rule|Species Clause: Limit one of each Pok\u00e9mon\n|rule|Sleep Clause Mod: Limit one foe put to sleep\n|clearpoke\n|poke|p1|Dudunsparce-*, F|\n|poke|p1|Vaporeon, M|\n|poke|p1|Iron Valiant|\n|poke|p1|Tapu Koko|\n|poke|p1|Cloyster, F|\n|poke|p1|Iron Treads|\n|poke|p2|Iron Valiant|\n|poke|p2|Tapu Koko|\n|poke|p2|Banette, F|\n|poke|p2|Great Tusk|\n|poke|p2|Volcarona, F|\n|poke|p2|Gliscor, M|\n|teampreview\n|\n|t:|1699568371\n|start\n|switch|p1a: CupcaKke|Cloyster, F|100\/100\n|switch|p2a: Gliscor lmao|Gliscor, M, shiny|100\/100\n|turn|1\n|\n|t:|1699568379\n|move|p2a: Gliscor lmao|Stealth Rock|p1a: CupcaKke\n|-sidestart|p1: mlg_lasagna|move: Stealth Rock\n|move|p1a: CupcaKke|Icicle Spear|p2a: Gliscor lmao\n|-supereffective|p2a: Gliscor lmao\n|-damage|p2a: Gliscor lmao|55\/100\n|-supereffective|p2a: Gliscor lmao\n|-damage|p2a: Gliscor lmao|6\/100\n|-supereffective|p2a: Gliscor lmao\n|-damage|p2a: Gliscor lmao|0 fnt\n|faint|p2a: Gliscor lmao\n|-hitcount|p2: Gliscor lmao|3\n|\n|upkeep\n|inactive|Battle timer is ON: inactive players will automatically lose when time's up. (requested by mlg_lasagna)\n|\n|t:|1699568387\n|switch|p2a: The God|Tapu Koko|100\/100\n|-fieldstart|move: Electric Terrain|[from] ability: Electric Surge|[of] p2a: The God\n|turn|2\n|\n|t:|1699568392\n|move|p2a: The God|Thunderbolt|p1a: CupcaKke\n|-supereffective|p1a: CupcaKke\n|-enditem|p1a: CupcaKke|Focus Sash\n|-damage|p1a: CupcaKke|1\/100\n|-status|p1a: CupcaKke|par\n|move|p1a: CupcaKke|Shell Smash|p1a: CupcaKke\n|-unboost|p1a: CupcaKke|def|1\n|-unboost|p1a: CupcaKke|spd|1\n|-boost|p1a: CupcaKke|atk|2\n|-boost|p1a: CupcaKke|spa|2\n|-boost|p1a: CupcaKke|spe|2\n|\n|upkeep\n|turn|3\n|\n|t:|1699568402\n|move|p2a: The God|Thunderbolt|p1a: CupcaKke\n|-supereffective|p1a: CupcaKke\n|-damage|p1a: CupcaKke|0 fnt\n|faint|p1a: CupcaKke\n|\n|upkeep\n|\n|t:|1699568407\n|switch|p1a: Samsung 2|Iron Treads|100\/100\n|-damage|p1a: Samsung 2|97\/100|[from] Stealth Rock\n|-activate|p1a: Samsung 2|ability: Quark Drive\n|-start|p1a: Samsung 2|quarkdrivespe\n|turn|4\n|\n|t:|1699568425\n|switch|p2a: The Destroyer|Great Tusk|100\/100\n|move|p1a: Samsung 2|Earthquake|p2a: The Destroyer\n|-crit|p2a: The Destroyer\n|-damage|p2a: The Destroyer|49\/100\n|\n|upkeep\n|turn|5\n|\n|t:|1699568434\n|move|p1a: Samsung 2|Earthquake|p2a: The Destroyer\n|-damage|p2a: The Destroyer|13\/100\n|move|p2a: The Destroyer|Close Combat|p1a: Samsung 2\n|-supereffective|p1a: Samsung 2\n|-damage|p1a: Samsung 2|0 fnt\n|-unboost|p2a: The Destroyer|def|1\n|-unboost|p2a: The Destroyer|spd|1\n|faint|p1a: Samsung 2\n|-end|p1a: Samsung 2|Quark Drive|[silent]\n|\n|upkeep\n|\n|t:|1699568443\n|switch|p1a: g e n d e r|Iron Valiant|100\/100\n|-damage|p1a: g e n d e r|94\/100|[from] Stealth Rock\n|-activate|p1a: g e n d e r|ability: Quark Drive\n|-start|p1a: g e n d e r|quarkdrivespe\n|turn|6\n|c|\u2606Robonion42|Iron Val is good\n|c|\u2606mlg_lasagna|yes\n|\n|t:|1699568469\n|move|p1a: g e n d e r|Shadow Sneak|p2a: The Destroyer\n|-damage|p2a: The Destroyer|0 fnt\n|faint|p2a: The Destroyer\n|-end|p2a: The Destroyer|Protosynthesis|[silent]\n|-damage|p1a: g e n d e r|85\/100|[from] item: Life Orb\n|\n|-fieldend|move: Electric Terrain\n|-end|p1a: g e n d e r|Quark Drive\n|upkeep\n|\n|t:|1699568477\n|switch|p2a: The Pestilence|Volcarona, F|100\/100\n|turn|7\n|\n|t:|1699568488\n|-end|p1a: g e n d e r|Quark Drive|[silent]\n|switch|p1a: Jacob Alpharad|Vaporeon, M|100\/100\n|-damage|p1a: Jacob Alpharad|88\/100|[from] Stealth Rock\n|move|p2a: The Pestilence|Quiver Dance|p2a: The Pestilence\n|-boost|p2a: The Pestilence|spa|1\n|-boost|p2a: The Pestilence|spd|1\n|-boost|p2a: The Pestilence|spe|1\n|\n|-heal|p1a: Jacob Alpharad|94\/100|[from] item: Leftovers\n|upkeep\n|turn|8\n|c|\u2606Robonion42|Jacob Alpharad\n|c|\u2606Robonion42|Amazing\n|\n|t:|1699568499\n|move|p2a: The Pestilence|Giga Drain|p1a: Jacob Alpharad\n|-supereffective|p1a: Jacob Alpharad\n|-damage|p1a: Jacob Alpharad|24\/100\n|move|p1a: Jacob Alpharad|Hydro Pump|p2a: The Pestilence\n|-supereffective|p2a: The Pestilence\n|-damage|p2a: The Pestilence|46\/100\n|\n|-heal|p1a: Jacob Alpharad|30\/100|[from] item: Leftovers\n|upkeep\n|turn|9\n|c|\u2606mlg_lasagna|yes\n|\n|t:|1699568509\n|move|p2a: The Pestilence|Giga Drain|p1a: Jacob Alpharad\n|-supereffective|p1a: Jacob Alpharad\n|-damage|p1a: Jacob Alpharad|0 fnt\n|-heal|p2a: The Pestilence|68\/100|[from] drain|[of] p1a: Jacob Alpharad\n|faint|p1a: Jacob Alpharad\n|\n|upkeep\n|\n|t:|1699568516\n|switch|p1a: KFC|Tapu Koko|100\/100\n|-damage|p1a: KFC|88\/100|[from] Stealth Rock\n|-fieldstart|move: Electric Terrain|[from] ability: Electric Surge|[of] p1a: KFC\n|turn|10\n|\n|t:|1699568526\n|move|p2a: The Pestilence|Fiery Dance|p1a: KFC\n|-damage|p1a: KFC|0 fnt\n|faint|p1a: KFC\n|\n|upkeep\n|\n|t:|1699568530\n|switch|p1a: g e n d e r|Iron Valiant|85\/100\n|-damage|p1a: g e n d e r|78\/100|[from] Stealth Rock\n|-activate|p1a: g e n d e r|ability: Quark Drive\n|-start|p1a: g e n d e r|quarkdrivespe\n|turn|11\n|\n|t:|1699568541\n|move|p1a: g e n d e r|Close Combat|p2a: The Pestilence\n|-resisted|p2a: The Pestilence\n|-damage|p2a: The Pestilence|7\/100\n|-unboost|p1a: g e n d e r|def|1\n|-unboost|p1a: g e n d e r|spd|1\n|-damage|p1a: g e n d e r|69\/100|[from] item: Life Orb\n|move|p2a: The Pestilence|Fiery Dance|p1a: g e n d e r\n|-damage|p1a: g e n d e r|0 fnt\n|faint|p1a: g e n d e r\n|-end|p1a: g e n d e r|Quark Drive|[silent]\n|\n|upkeep\n|\n|t:|1699568551\n|switch|p1a: Macaroon|Dudunsparce, F|100\/100\n|-damage|p1a: Macaroon|88\/100|[from] Stealth Rock\n|turn|12\n|\n|t:|1699568563\n|-terastallize|p1a: Macaroon|Ghost\n|move|p2a: The Pestilence|Fiery Dance|p1a: Macaroon\n|-damage|p1a: Macaroon|15\/100\n|move|p1a: Macaroon|Glare|p2a: The Pestilence\n|-status|p2a: The Pestilence|par\n|\n|-heal|p1a: Macaroon|21\/100|[from] item: Leftovers\n|upkeep\n|turn|13\n|\n|t:|1699568573\n|move|p2a: The Pestilence|Fiery Dance|p1a: Macaroon\n|-damage|p1a: Macaroon|0 fnt\n|faint|p1a: Macaroon\n|\n|win|Robonion42\n|raw|mlg_lasagna's rating: 1163 &rarr; <strong>1144<\/strong><br \/>(-19 for losing)\n|raw|Robonion42's rating: 1243 &rarr; <strong>1262<\/strong><br \/>(+19 for winning)\n|c|\u2606Robonion42|GG\n|l|\u2606mlg_lasagna\n","uploadtime":1699568581,"views":4,"p1id":"mlglasagna","p2id":"robonion42","formatid":"gen9nationaldex","rating":1144,"private":0,"password":""}