{"id":"gen9nationaldex-1991760247","p1":"1 Buzzwole Simp","p2":"SackDaWincon","format":"[Gen 9] National Dex","log":"|j|\u26061 Buzzwole Simp\n|j|\u2606SackDaWincon\n|t:|1700112472\n|gametype|singles\n|player|p1|1 Buzzwole Simp|pokemaniac|1410\n|player|p2|SackDaWincon|101|1442\n|teamsize|p1|6\n|teamsize|p2|6\n|gen|9\n|tier|[Gen 9] National Dex\n|rated|\n|rule|HP Percentage Mod: HP is shown in percentages\n|rule|Endless Battle Clause: Forcing endless battles is banned\n|rule|OHKO Clause: OHKO moves are banned\n|rule|Evasion Clause: Evasion abilities, items, and moves are banned\n|rule|Evasion Abilities Clause: Evasion abilities are banned\n|rule|Evasion Items Clause: Evasion items are banned\n|rule|Evasion Moves Clause: Evasion moves are banned\n|rule|Species Clause: Limit one of each Pok\u00e9mon\n|rule|Sleep Clause Mod: Limit one foe put to sleep\n|clearpoke\n|poke|p1|Rillaboom, M|\n|poke|p1|Muk-Alola, F|\n|poke|p1|Alomomola, F|\n|poke|p1|Sneasler, M|\n|poke|p1|Zapdos|\n|poke|p1|Mawile, F|\n|poke|p2|Golurk|\n|poke|p2|Mew|\n|poke|p2|Komala, F|\n|poke|p2|Blacephalon|\n|poke|p2|Kartana|\n|poke|p2|Urshifu-*, M|\n|teampreview\n|\n|t:|1700112484\n|start\n|switch|p1a: Rillaboom|Rillaboom, M|100\/100\n|switch|p2a: Mew|Mew|100\/100\n|-fieldstart|move: Grassy Terrain|[from] ability: Grassy Surge|[of] p1a: Rillaboom\n|turn|1\n|j| showdex_testee\n|\n|t:|1700112494\n|move|p2a: Mew|Stealth Rock|p1a: Rillaboom\n|-sidestart|p1: 1 Buzzwole Simp|move: Stealth Rock\n|move|p1a: Rillaboom|U-turn|p2a: Mew\n|-supereffective|p2a: Mew\n|-damage|p2a: Mew|31\/100\n|\n|t:|1700112499\n|switch|p1a: Mawile|Mawile, F|100\/100|[from] U-turn\n|-damage|p1a: Mawile|95\/100|[from] Stealth Rock\n|-ability|p1a: Mawile|Intimidate|boost\n|-unboost|p2a: Mew|atk|1\n|\n|-heal|p2a: Mew|37\/100|[from] Grassy Terrain\n|-heal|p2a: Mew|43\/100|[from] item: Leftovers\n|-heal|p1a: Mawile|100\/100|[from] Grassy Terrain\n|upkeep\n|turn|2\n|\n|t:|1700112509\n|detailschange|p1a: Mawile|Mawile-Mega, F\n|-mega|p1a: Mawile|Mawile|Mawilite\n|move|p2a: Mew|Taunt|p1a: Mawile\n|-start|p1a: Mawile|move: Taunt\n|cant|p1a: Mawile|move: Taunt|Swords Dance\n|\n|-heal|p2a: Mew|49\/100|[from] Grassy Terrain\n|-heal|p2a: Mew|55\/100|[from] item: Leftovers\n|upkeep\n|turn|3\n|\n|t:|1700112521\n|switch|p2a: Kartana|Kartana|100\/100\n|move|p1a: Mawile|Play Rough|p2a: Kartana\n|-resisted|p2a: Kartana\n|-damage|p2a: Kartana|55\/100\n|\n|-heal|p2a: Kartana|61\/100|[from] Grassy Terrain\n|upkeep\n|turn|4\n|\n|t:|1700112538\n|move|p1a: Mawile|Sucker Punch|p2a: Kartana\n|-damage|p2a: Kartana|12\/100\n|move|p2a: Kartana|Leaf Blade|p1a: Mawile\n|-resisted|p1a: Mawile\n|-damage|p1a: Mawile|65\/100\n|\n|-heal|p2a: Kartana|18\/100|[from] Grassy Terrain\n|-heal|p1a: Mawile|71\/100|[from] Grassy Terrain\n|-end|p1a: Mawile|move: Taunt\n|upkeep\n|turn|5\n|\n|t:|1700112553\n|switch|p2a: Urshifu|Urshifu-Rapid-Strike, M|100\/100\n|move|p1a: Mawile|Play Rough|p2a: Urshifu\n|-supereffective|p2a: Urshifu\n|-damage|p2a: Urshifu|0 fnt\n|faint|p2a: Urshifu\n|\n|-heal|p1a: Mawile|77\/100|[from] Grassy Terrain\n|-fieldend|move: Grassy Terrain\n|upkeep\n|inactive|Battle timer is ON: inactive players will automatically lose when time's up. (requested by 1 Buzzwole Simp)\n|\n|t:|1700112587\n|switch|p2a: Golurk|Golurk|100\/100\n|turn|6\n|\n|t:|1700112594\n|move|p2a: Golurk|Earthquake|p1a: Mawile\n|-supereffective|p1a: Mawile\n|-damage|p1a: Mawile|0 fnt\n|faint|p1a: Mawile\n|-damage|p2a: Golurk|91\/100|[from] item: Life Orb\n|\n|upkeep\n|\n|t:|1700112604\n|switch|p1a: Rillaboom|Rillaboom, M|100\/100\n|-damage|p1a: Rillaboom|88\/100|[from] Stealth Rock\n|-fieldstart|move: Grassy Terrain|[from] ability: Grassy Surge|[of] p1a: Rillaboom\n|turn|7\n|\n|t:|1700112611\n|switch|p2a: Kartana|Kartana|18\/100\n|move|p1a: Rillaboom|Knock Off|p2a: Kartana\n|-damage|p2a: Kartana|0 fnt\n|-enditem|p2a: Kartana|Choice Scarf|[from] move: Knock Off|[of] p1a: Rillaboom\n|faint|p2a: Kartana\n|\n|-heal|p1a: Rillaboom|94\/100|[from] Grassy Terrain\n|upkeep\n|\n|t:|1700112626\n|switch|p2a: Blacephalon|Blacephalon|100\/100\n|turn|8\n|\n|t:|1700112640\n|switch|p2a: Komala|Komala, F|100\/100\n|-ability|p2a: Komala|Comatose\n|switch|p1a: Muk|Muk-Alola, F|100\/100\n|-damage|p1a: Muk|88\/100|[from] Stealth Rock\n|\n|-heal|p1a: Muk|94\/100|[from] Grassy Terrain\n|upkeep\n|turn|9\n|\n|t:|1700112650\n|move|p2a: Komala|Knock Off|p1a: Muk\n|-resisted|p1a: Muk\n|-damage|p1a: Muk|77\/100\n|-enditem|p1a: Muk|Assault Vest|[from] move: Knock Off|[of] p2a: Komala\n|move|p1a: Muk|Fire Punch|p2a: Komala\n|-damage|p2a: Komala|74\/100\n|\n|-heal|p2a: Komala|80\/100|[from] Grassy Terrain\n|-heal|p1a: Muk|83\/100|[from] Grassy Terrain\n|upkeep\n|turn|10\n|\n|t:|1700112659\n|move|p2a: Komala|U-turn|p1a: Muk\n|-damage|p1a: Muk|59\/100\n|l| showdex_testee\n|j| showdex_testee\n|\n|t:|1700112670\n|switch|p2a: Golurk|Golurk|91\/100|[from] U-turn\n|move|p1a: Muk|Drain Punch|p2a: Golurk\n|-immune|p2a: Golurk\n|\n|-heal|p2a: Golurk|97\/100|[from] Grassy Terrain\n|-heal|p1a: Muk|65\/100|[from] Grassy Terrain\n|upkeep\n|turn|11\n|\n|t:|1700112681\n|move|p2a: Golurk|Earthquake|p1a: Muk\n|-supereffective|p1a: Muk\n|-damage|p1a: Muk|0 fnt\n|faint|p1a: Muk\n|-damage|p2a: Golurk|87\/100|[from] item: Life Orb\n|\n|-heal|p2a: Golurk|93\/100|[from] Grassy Terrain\n|-fieldend|move: Grassy Terrain\n|upkeep\n|\n|t:|1700112691\n|switch|p1a: Rillaboom|Rillaboom, M|94\/100\n|-damage|p1a: Rillaboom|82\/100|[from] Stealth Rock\n|-fieldstart|move: Grassy Terrain|[from] ability: Grassy Surge|[of] p1a: Rillaboom\n|turn|12\n|\n|t:|1700112701\n|switch|p2a: Mew|Mew|55\/100\n|move|p1a: Rillaboom|Grassy Glide|p2a: Mew\n|-damage|p2a: Mew|5\/100\n|\n|-heal|p2a: Mew|11\/100|[from] Grassy Terrain\n|-heal|p2a: Mew|17\/100|[from] item: Leftovers\n|-heal|p1a: Rillaboom|88\/100|[from] Grassy Terrain\n|upkeep\n|turn|13\n|\n|t:|1700112711\n|move|p1a: Rillaboom|Grassy Glide|p2a: Mew\n|-damage|p2a: Mew|0 fnt\n|faint|p2a: Mew\n|\n|-heal|p1a: Rillaboom|94\/100|[from] Grassy Terrain\n|upkeep\n|\n|t:|1700112721\n|switch|p2a: Blacephalon|Blacephalon|100\/100\n|turn|14\n|\n|t:|1700112730\n|move|p1a: Rillaboom|Grassy Glide|p2a: Blacephalon\n|-resisted|p2a: Blacephalon\n|-damage|p2a: Blacephalon|39\/100\n|move|p2a: Blacephalon|Flamethrower|p1a: Rillaboom\n|-supereffective|p1a: Rillaboom\n|-damage|p1a: Rillaboom|0 fnt\n|faint|p1a: Rillaboom\n|-ability|p2a: Blacephalon|Beast Boost|boost\n|-boost|p2a: Blacephalon|spa|1\n|\n|-heal|p2a: Blacephalon|45\/100|[from] Grassy Terrain\n|upkeep\n|\n|t:|1700112740\n|switch|p1a: Sneasler|Sneasler, M|100\/100\n|-damage|p1a: Sneasler|95\/100|[from] Stealth Rock\n|-enditem|p1a: Sneasler|Grassy Seed\n|-boost|p1a: Sneasler|def|1|[from] item: Grassy Seed\n|turn|15\n|\n|t:|1700112749\n|-terastallize|p1a: Sneasler|Flying\n|move|p1a: Sneasler|Acrobatics|p2a: Blacephalon\n|-crit|p2a: Blacephalon\n|-damage|p2a: Blacephalon|0 fnt\n|faint|p2a: Blacephalon\n|\n|upkeep\n|\n|t:|1700112762\n|switch|p2a: Golurk|Golurk|93\/100\n|turn|16\n|\n|t:|1700112772\n|move|p1a: Sneasler|Acrobatics|p2a: Golurk\n|-damage|p2a: Golurk|13\/100\n|move|p2a: Golurk|Dynamic Punch|p1a: Sneasler\n|-resisted|p1a: Sneasler\n|-damage|p1a: Sneasler|70\/100\n|-start|p1a: Sneasler|confusion\n|-damage|p2a: Golurk|3\/100|[from] item: Life Orb\n|\n|-heal|p2a: Golurk|9\/100|[from] Grassy Terrain\n|-fieldend|move: Grassy Terrain\n|upkeep\n|turn|17\n|\n|t:|1700112783\n|-activate|p1a: Sneasler|confusion\n|move|p1a: Sneasler|Acrobatics|p2a: Golurk\n|-damage|p2a: Golurk|0 fnt\n|faint|p2a: Golurk\n|\n|upkeep\n|\n|t:|1700112786\n|switch|p2a: Komala|Komala, F|80\/100\n|-ability|p2a: Komala|Comatose\n|turn|18\n|\n|t:|1700112793\n|-terastallize|p2a: Komala|Fairy\n|-activate|p1a: Sneasler|confusion\n|move|p1a: Sneasler|Close Combat|p2a: Komala\n|-resisted|p2a: Komala\n|-damage|p2a: Komala|30\/100\n|-unboost|p1a: Sneasler|def|1\n|-unboost|p1a: Sneasler|spd|1\n|move|p2a: Komala|Play Rough|p1a: Sneasler\n|-damage|p1a: Sneasler|0 fnt\n|faint|p1a: Sneasler\n|\n|upkeep\n|\n|t:|1700112803\n|switch|p1a: Zapdos|Zapdos|100\/100\n|turn|19\n|\n|t:|1700112808\n|move|p1a: Zapdos|Hurricane|p2a: Komala|[miss]\n|-miss|p1a: Zapdos|p2a: Komala\n|move|p2a: Komala|Knock Off|p1a: Zapdos\n|-damage|p1a: Zapdos|69\/100\n|-enditem|p1a: Zapdos|Heavy-Duty Boots|[from] move: Knock Off|[of] p2a: Komala\n|\n|upkeep\n|turn|20\n|\n|t:|1700112815\n|move|p1a: Zapdos|Hurricane|p2a: Komala\n|-damage|p2a: Komala|0 fnt\n|faint|p2a: Komala\n|\n|win|1 Buzzwole Simp\n|raw|1 Buzzwole Simp's rating: 1410 &rarr; <strong>1432<\/strong><br \/>(+22 for winning)\n|raw|SackDaWincon's rating: 1442 &rarr; <strong>1420<\/strong><br \/>(-22 for losing)\n|l|\u2606SackDaWincon\n|l|\u26061 Buzzwole Simp\n","uploadtime":1700113028,"views":4,"p1id":"1buzzwolesimp","p2id":"sackdawincon","formatid":"gen9nationaldex","rating":1420,"private":0,"password":""}