{"id":"gen9nationaldex-2000621484","p1":"Rankuroi","p2":"djx","format":"[Gen 9] National Dex","log":"|html|<div class=\"broadcast-blue\"><strong>[Gen 9] National Dex is currently suspecting Sneasler! For information on how to participate check out the <a href=\"https:\/\/www.smogon.com\/forums\/threads\/sv-national-dex-suspect-8-just-dance.3731534\/\">suspect thread<\/a>.<\/strong><\/div>\n|j|\u2606Rankuroi\n|j|\u203ddjx\n|t:|1701211415\n|gametype|singles\n|player|p1|Rankuroi|erika|1348\n|player|p2|djx|dawn-gen4pt|1390\n|teamsize|p1|6\n|teamsize|p2|6\n|gen|9\n|tier|[Gen 9] National Dex\n|rated|\n|rule|HP Percentage Mod: HP is shown in percentages\n|rule|Endless Battle Clause: Forcing endless battles is banned\n|rule|OHKO Clause: OHKO moves are banned\n|rule|Evasion Clause: Evasion abilities, items, and moves are banned\n|rule|Evasion Abilities Clause: Evasion abilities are banned\n|rule|Evasion Items Clause: Evasion items are banned\n|rule|Evasion Moves Clause: Evasion moves are banned\n|rule|Species Clause: Limit one of each Pok\u00e9mon\n|rule|Sleep Clause Mod: Limit one foe put to sleep\n|clearpoke\n|poke|p1|Victreebel, M|\n|poke|p1|Torkoal, F|\n|poke|p1|Seaking, M|\n|poke|p1|Octillery, M|\n|poke|p1|Spiritomb, M|\n|poke|p1|Sunflora, F|\n|poke|p2|Great Tusk|\n|poke|p2|Gyarados, F|\n|poke|p2|Iron Valiant|\n|poke|p2|Volcarona, M|\n|poke|p2|Tapu Koko|\n|poke|p2|Sneasler, F|\n|teampreview\n|inactive|Battle timer is ON: inactive players will automatically lose when time's up. (requested by Rankuroi)\n|inactive|djx has 120 seconds left.\n|\n|t:|1701211453\n|start\n|switch|p1a: Sunflora|Sunflora, F, shiny|100\/100\n|switch|p2a: Iron Valiant|Iron Valiant|100\/100\n|turn|1\n|\n|t:|1701211462\n|-terastallize|p1a: Sunflora|Fairy\n|move|p2a: Iron Valiant|Trick|p1a: Sunflora\n|-activate|p2a: Iron Valiant|move: Trick|[of] p1a: Sunflora\n|-item|p1a: Sunflora|Choice Scarf|[from] move: Trick\n|-item|p2a: Iron Valiant|Assault Vest|[from] move: Trick\n|move|p1a: Sunflora|Dazzling Gleam|p2a: Iron Valiant\n|-supereffective|p2a: Iron Valiant\n|-damage|p2a: Iron Valiant|8\/100\n|\n|upkeep\n|turn|2\n|\n|t:|1701211471\n|-end|p2a: Iron Valiant|Quark Drive|[silent]\n|switch|p2a: Volcarona|Volcarona, M|100\/100\n|move|p1a: Sunflora|Dazzling Gleam|p2a: Volcarona\n|-resisted|p2a: Volcarona\n|-damage|p2a: Volcarona|81\/100\n|\n|upkeep\n|turn|3\n|\n|t:|1701211477\n|switch|p1a: Spiritomb|Spiritomb, M, shiny|100\/100\n|move|p2a: Volcarona|Quiver Dance|p2a: Volcarona\n|-boost|p2a: Volcarona|spa|1\n|-boost|p2a: Volcarona|spd|1\n|-boost|p2a: Volcarona|spe|1\n|\n|upkeep\n|turn|4\n|\n|t:|1701211485\n|move|p2a: Volcarona|Fiery Dance|p1a: Spiritomb\n|-damage|p1a: Spiritomb|40\/100\n|-boost|p2a: Volcarona|spa|1\n|move|p1a: Spiritomb|Rock Tomb|p2a: Volcarona\n|-supereffective|p2a: Volcarona\n|-damage|p2a: Volcarona|0 fnt\n|faint|p2a: Volcarona\n|\n|upkeep\n|\n|t:|1701211488\n|switch|p2a: Iron Valiant|Iron Valiant|8\/100\n|turn|5\n|\n|t:|1701211496\n|move|p1a: Spiritomb|Sucker Punch|p2a: Iron Valiant\n|-resisted|p2a: Iron Valiant\n|-damage|p2a: Iron Valiant|0 fnt\n|faint|p2a: Iron Valiant\n|-end|p2a: Iron Valiant|Quark Drive|[silent]\n|\n|upkeep\n|\n|t:|1701211502\n|switch|p2a: Tapu Koko|Tapu Koko|100\/100\n|-fieldstart|move: Electric Terrain|[from] ability: Electric Surge|[of] p2a: Tapu Koko\n|turn|6\n|\n|t:|1701211512\n|switch|p1a: Seaking|Seaking, M|100\/100\n|move|p2a: Tapu Koko|Wild Charge|p1a: Seaking\n|-ability|p1a: Seaking|Lightning Rod|boost\n|-boost|p1a: Seaking|spa|1\n|\n|upkeep\n|turn|7\n|\n|t:|1701211519\n|move|p2a: Tapu Koko|U-turn|p1a: Seaking\n|-damage|p1a: Seaking|71\/100\n|\n|t:|1701211521\n|switch|p2a: Great Tusk|Great Tusk|100\/100|[from] U-turn\n|-enditem|p2a: Great Tusk|Booster Energy\n|-activate|p2a: Great Tusk|ability: Protosynthesis|[fromitem]\n|-start|p2a: Great Tusk|protosynthesisatk\n|move|p1a: Seaking|Poison Jab|p2a: Great Tusk\n|-resisted|p2a: Great Tusk\n|-damage|p2a: Great Tusk|89\/100\n|-status|p2a: Great Tusk|psn\n|-damage|p1a: Seaking|61\/100|[from] item: Life Orb\n|\n|-damage|p2a: Great Tusk|77\/100 psn|[from] psn\n|upkeep\n|turn|8\n|\n|t:|1701211535\n|move|p2a: Great Tusk|Earthquake|p1a: Seaking\n|-damage|p1a: Seaking|0 fnt\n|faint|p1a: Seaking\n|\n|-damage|p2a: Great Tusk|64\/100 psn|[from] psn\n|upkeep\n|\n|t:|1701211542\n|switch|p1a: Octillery|Octillery, M|100\/100\n|turn|9\n|\n|t:|1701211545\n|move|p2a: Great Tusk|Close Combat|p1a: Octillery\n|-damage|p1a: Octillery|17\/100\n|-unboost|p2a: Great Tusk|def|1\n|-unboost|p2a: Great Tusk|spd|1\n|move|p1a: Octillery|Surf|p2a: Great Tusk\n|-supereffective|p2a: Great Tusk\n|-crit|p2a: Great Tusk\n|-damage|p2a: Great Tusk|0 fnt\n|faint|p2a: Great Tusk\n|-end|p2a: Great Tusk|Protosynthesis|[silent]\n|\n|upkeep\n|\n|t:|1701211549\n|switch|p2a: Sneasler|Sneasler, F|100\/100\n|-enditem|p2a: Sneasler|Electric Seed\n|-boost|p2a: Sneasler|def|1|[from] item: Electric Seed\n|turn|10\n|\n|t:|1701211558\n|-terastallize|p2a: Sneasler|Flying\n|move|p2a: Sneasler|Bulk Up|p2a: Sneasler\n|-boost|p2a: Sneasler|atk|1\n|-boost|p2a: Sneasler|def|1\n|move|p1a: Octillery|Flamethrower|p2a: Sneasler\n|-crit|p2a: Sneasler\n|-damage|p2a: Sneasler|19\/100\n|\n|upkeep\n|turn|11\n|\n|t:|1701211567\n|move|p2a: Sneasler|Acrobatics|p1a: Octillery\n|-damage|p1a: Octillery|0 fnt\n|faint|p1a: Octillery\n|\n|upkeep\n|\n|t:|1701211573\n|switch|p1a: Spiritomb|Spiritomb, M, shiny|40\/100\n|turn|12\n|\n|t:|1701211577\n|move|p1a: Spiritomb|Sucker Punch||[still]\n|-fail|p1a: Spiritomb\n|move|p2a: Sneasler|Bulk Up|p2a: Sneasler\n|-boost|p2a: Sneasler|atk|1\n|-boost|p2a: Sneasler|def|1\n|\n|upkeep\n|turn|13\n|\n|t:|1701211584\n|move|p2a: Sneasler|Acrobatics|p1a: Spiritomb\n|-damage|p1a: Spiritomb|0 fnt\n|faint|p1a: Spiritomb\n|\n|-fieldend|move: Electric Terrain\n|upkeep\n|\n|t:|1701211590\n|switch|p1a: Torkoal|Torkoal, F, shiny|100\/100\n|-weather|SunnyDay|[from] ability: Drought|[of] p1a: Torkoal\n|turn|14\n|\n|t:|1701211594\n|move|p2a: Sneasler|Acrobatics|p1a: Torkoal\n|-damage|p1a: Torkoal|6\/100\n|move|p1a: Torkoal|Explosion|p2a: Sneasler\n|-damage|p2a: Sneasler|0 fnt\n|faint|p1a: Torkoal\n|faint|p2a: Sneasler\n|\n|-weather|SunnyDay|[upkeep]\n|upkeep\n|\n|t:|1701211604\n|switch|p2a: Gyarados|Gyarados, F|100\/100\n|switch|p1a: Victreebel|Victreebel, M, shiny|100\/100\n|turn|15\n|\n|t:|1701211609\n|move|p1a: Victreebel|Growth|p1a: Victreebel\n|-boost|p1a: Victreebel|atk|2\n|-boost|p1a: Victreebel|spa|2\n|move|p2a: Gyarados|Earthquake|p1a: Victreebel\n|-damage|p1a: Victreebel|42\/100\n|\n|-weather|SunnyDay|[upkeep]\n|upkeep\n|turn|16\n|\n|t:|1701211617\n|move|p1a: Victreebel|Giga Drain|p2a: Gyarados\n|-damage|p2a: Gyarados|23\/100\n|-heal|p1a: Victreebel|85\/100|[from] drain|[of] p2a: Gyarados\n|move|p2a: Gyarados|Earthquake|p1a: Victreebel\n|-damage|p1a: Victreebel|26\/100\n|\n|-weather|SunnyDay|[upkeep]\n|upkeep\n|turn|17\n|\n|t:|1701211625\n|move|p1a: Victreebel|Giga Drain|p2a: Gyarados\n|-damage|p2a: Gyarados|0 fnt\n|-heal|p1a: Victreebel|39\/100|[from] drain|[of] p2a: Gyarados\n|faint|p2a: Gyarados\n|\n|-weather|SunnyDay|[upkeep]\n|upkeep\n|\n|t:|1701211627\n|switch|p2a: Tapu Koko|Tapu Koko|100\/100\n|-fieldstart|move: Electric Terrain|[from] ability: Electric Surge|[of] p2a: Tapu Koko\n|turn|18\n|\n|t:|1701211636\n|move|p1a: Victreebel|Sludge Bomb|p2a: Tapu Koko\n|-supereffective|p2a: Tapu Koko\n|-damage|p2a: Tapu Koko|0 fnt\n|faint|p2a: Tapu Koko\n|\n|win|Rankuroi\n|raw|Rankuroi's rating: 1348 &rarr; <strong>1370<\/strong><br \/>(+22 for winning)\n|raw|djx's rating: 1390 &rarr; <strong>1368<\/strong><br \/>(-22 for losing)\n|l|\u203ddjx\n|c|\u2606Rankuroi|Gg\n","uploadtime":1701211652,"views":0,"p1id":"rankuroi","p2id":"djx","formatid":"gen9nationaldex","rating":1368,"private":0,"password":""}