{"id":"gen9nationaldex-1991288119","p1":"DatenaQueDaUmaPena","p2":"KyosukeKamijou","format":"[Gen 9] National Dex","log":"|j|\u2606DatenaQueDaUmaPena\n|j|\u2606KyosukeKamijou\n|t:|1700064542\n|gametype|singles\n|player|p1|DatenaQueDaUmaPena|guzma|1111\n|player|p2|KyosukeKamijou|ghetsis|1160\n|teamsize|p1|6\n|teamsize|p2|6\n|gen|9\n|tier|[Gen 9] National Dex\n|rated|\n|rule|HP Percentage Mod: HP is shown in percentages\n|rule|Endless Battle Clause: Forcing endless battles is banned\n|rule|OHKO Clause: OHKO moves are banned\n|rule|Evasion Clause: Evasion abilities, items, and moves are banned\n|rule|Evasion Abilities Clause: Evasion abilities are banned\n|rule|Evasion Items Clause: Evasion items are banned\n|rule|Evasion Moves Clause: Evasion moves are banned\n|rule|Species Clause: Limit one of each Pok\u00e9mon\n|rule|Sleep Clause Mod: Limit one foe put to sleep\n|clearpoke\n|poke|p1|Volcarona, M|\n|poke|p1|Swampert, M|\n|poke|p1|Zapdos|\n|poke|p1|Pelipper, F|\n|poke|p1|Kingdra, F|\n|poke|p1|Rotom-Wash|\n|poke|p2|Kommo-o, M|\n|poke|p2|Great Tusk|\n|poke|p2|Ogerpon-Cornerstone, F|\n|poke|p2|Charizard, M|\n|poke|p2|Greninja-*, M|\n|poke|p2|Volcarona, F|\n|teampreview\n|inactive|Battle timer is ON: inactive players will automatically lose when time's up. (requested by DatenaQueDaUmaPena)\n|inactive|KyosukeKamijou has 120 seconds left.\n|\n|t:|1700064585\n|start\n|switch|p1a: Pelipper|Pelipper, F|100\/100\n|switch|p2a: Change Dragon|Charizard, M|100\/100\n|-weather|RainDance|[from] ability: Drizzle|[of] p1a: Pelipper\n|turn|1\n|\n|t:|1700064611\n|detailschange|p2a: Change Dragon|Charizard-Mega-Y, M\n|-mega|p2a: Change Dragon|Charizard|Charizardite Y\n|-weather|SunnyDay|[from] ability: Drought|[of] p2a: Change Dragon\n|move|p2a: Change Dragon|Air Slash|p1a: Pelipper\n|-damage|p1a: Pelipper|32\/100\n|cant|p1a: Pelipper|flinch\n|\n|-weather|SunnyDay|[upkeep]\n|upkeep\n|turn|2\n|\n|t:|1700064619\n|switch|p1a: Zapdos|Zapdos|100\/100\n|move|p2a: Change Dragon|Air Slash|p1a: Zapdos|[miss]\n|-miss|p2a: Change Dragon|p1a: Zapdos\n|\n|-weather|SunnyDay|[upkeep]\n|upkeep\n|turn|3\n|\n|t:|1700064625\n|switch|p2a: Mammothranger|Great Tusk|100\/100\n|-activate|p2a: Mammothranger|ability: Protosynthesis\n|-start|p2a: Mammothranger|protosynthesisatk\n|move|p1a: Zapdos|Volt Switch|p2a: Mammothranger\n|-immune|p2a: Mammothranger\n|\n|-weather|SunnyDay|[upkeep]\n|upkeep\n|turn|4\n|\n|t:|1700064633\n|switch|p1a: Pelipper|Pelipper, F|32\/100\n|-weather|RainDance|[from] ability: Drizzle|[of] p1a: Pelipper\n|-end|p2a: Mammothranger|Protosynthesis\n|move|p2a: Mammothranger|Rock Slide|p1a: Pelipper\n|-supereffective|p1a: Pelipper\n|-crit|p1a: Pelipper\n|-damage|p1a: Pelipper|0 fnt\n|faint|p1a: Pelipper\n|\n|-weather|RainDance|[upkeep]\n|upkeep\n|\n|t:|1700064650\n|switch|p1a: Rotom|Rotom-Wash|100\/100\n|turn|5\n|\n|t:|1700064655\n|-end|p2a: Mammothranger|Protosynthesis|[silent]\n|switch|p2a: Change Dragon|Charizard-Mega-Y, M|100\/100\n|-weather|SunnyDay|[from] ability: Drought|[of] p2a: Change Dragon\n|move|p1a: Rotom|Hydro Pump|p2a: Change Dragon\n|-supereffective|p2a: Change Dragon\n|-damage|p2a: Change Dragon|46\/100\n|\n|-weather|SunnyDay|[upkeep]\n|upkeep\n|turn|6\n|\n|t:|1700064667\n|switch|p2a: Onisister|Ogerpon-Cornerstone, F|100\/100\n|move|p1a: Rotom|Hydro Pump|p2a: Onisister\n|-damage|p2a: Onisister|75\/100\n|\n|-weather|SunnyDay|[upkeep]\n|upkeep\n|turn|7\n|\n|t:|1700064676\n|switch|p1a: Zapdos|Zapdos|100\/100\n|move|p2a: Onisister|Horn Leech|p1a: Zapdos\n|-resisted|p1a: Zapdos\n|-damage|p1a: Zapdos|80\/100\n|-heal|p2a: Onisister|85\/100|[from] drain|[of] p1a: Zapdos\n|\n|-weather|SunnyDay|[upkeep]\n|upkeep\n|turn|8\n|\n|t:|1700064683\n|move|p2a: Onisister|Ivy Cudgel|p1a: Zapdos|[anim] Ivy Cudgel Rock\n|-supereffective|p1a: Zapdos\n|-damage|p1a: Zapdos|0 fnt\n|faint|p1a: Zapdos\n|\n|-weather|SunnyDay|[upkeep]\n|upkeep\n|-message|DatenaQueDaUmaPena forfeited.\n|\n|win|KyosukeKamijou\n|raw|DatenaQueDaUmaPena's rating: 1111 &rarr; <strong>1090<\/strong><br \/>(-21 for losing)\n|raw|KyosukeKamijou's rating: 1160 &rarr; <strong>1181<\/strong><br \/>(+21 for winning)\n|l|\u2606DatenaQueDaUmaPena\n","uploadtime":1700064691,"views":5,"p1id":"datenaquedaumapena","p2id":"kyosukekamijou","formatid":"gen9nationaldex","rating":1090,"private":0,"password":""}