{"id":"gen9nationaldex-1992501292","p1":"Tank Tests","p2":"Poopoo2","format":"[Gen 9] National Dex","log":"|j|\u2606Tank Tests\n|j|\u2606Poopoo2\n|t:|1700195762\n|gametype|singles\n|player|p1|Tank Tests|266|1381\n|player|p2|Poopoo2|unknown|1423\n|teamsize|p1|6\n|teamsize|p2|6\n|gen|9\n|tier|[Gen 9] National Dex\n|rated|\n|rule|HP Percentage Mod: HP is shown in percentages\n|rule|Endless Battle Clause: Forcing endless battles is banned\n|rule|OHKO Clause: OHKO moves are banned\n|rule|Evasion Clause: Evasion abilities, items, and moves are banned\n|rule|Evasion Abilities Clause: Evasion abilities are banned\n|rule|Evasion Items Clause: Evasion items are banned\n|rule|Evasion Moves Clause: Evasion moves are banned\n|rule|Species Clause: Limit one of each Pok\u00e9mon\n|rule|Sleep Clause Mod: Limit one foe put to sleep\n|clearpoke\n|poke|p1|Pawmot, F|\n|poke|p1|Rabsca, F|\n|poke|p1|Banette, F|\n|poke|p1|Victini|\n|poke|p1|Dragonite, F|\n|poke|p1|Forretress, F|\n|poke|p2|Pikachu, F|\n|poke|p2|Qwilfish, M|\n|poke|p2|Porygon2|\n|poke|p2|Delibird, M|\n|poke|p2|Houndoom, F|\n|poke|p2|Donphan, F|\n|teampreview\n|\n|t:|1700195802\n|start\n|switch|p1a: Banette|Banette, F|100\/100\n|switch|p2a: Houndoom|Houndoom, F|100\/100\n|turn|1\n|inactive|Battle timer is ON: inactive players will automatically lose when time's up. (requested by Poopoo2)\n|\n|t:|1700195807\n|detailschange|p1a: Banette|Banette-Mega, F\n|-mega|p1a: Banette|Banette|Banettite\n|move|p1a: Banette|Destiny Bond|p1a: Banette\n|-singlemove|p1a: Banette|Destiny Bond\n|move|p2a: Houndoom|Dark Pulse|p1a: Banette\n|-supereffective|p1a: Banette\n|-damage|p1a: Banette|0 fnt\n|faint|p1a: Banette\n|-activate|p1a: Banette|move: Destiny Bond\n|faint|p2a: Houndoom\n|\n|upkeep\n|\n|t:|1700195816\n|switch|p2a: Delibird|Delibird, M|100\/100\n|switch|p1a: Rabsca|Rabsca, F|100\/100\n|turn|2\n|\n|t:|1700195819\n|move|p2a: Delibird|Spikes|p1a: Rabsca\n|-sidestart|p1: Tank Tests|Spikes\n|move|p1a: Rabsca|Revival Blessing|p1a: Rabsca\n|-enditem|p1a: Rabsca|Leppa Berry|[eat]\n|-activate|p1a: Rabsca|item: Leppa Berry|Revival Blessing|[consumed]\n|\n|t:|1700195822\n|-heal|p1: Banette|50\/100|[from] move: Revival Blessing\n|\n|upkeep\n|turn|3\n|\n|t:|1700195824\n|switch|p1a: Banette|Banette-Mega, F|50\/100\n|-damage|p1a: Banette|38\/100|[from] Spikes\n|move|p2a: Delibird|Spikes|p1a: Banette\n|-sidestart|p1: Tank Tests|Spikes\n|\n|upkeep\n|turn|4\n|\n|t:|1700195828\n|move|p1a: Banette|Encore|p2a: Delibird\n|-start|p2a: Delibird|Encore\n|move|p2a: Delibird|Spikes|p1a: Banette\n|-sidestart|p1: Tank Tests|Spikes\n|\n|upkeep\n|turn|5\n|\n|t:|1700195832\n|switch|p2a: Qwilfish|Qwilfish, M|100\/100\n|-ability|p2a: Qwilfish|Intimidate|boost\n|-unboost|p1a: Banette|atk|1\n|move|p1a: Banette|Poltergeist|p2a: Qwilfish\n|-activate|p2a: Qwilfish|move: Poltergeist|Rocky Helmet\n|-damage|p2a: Qwilfish|62\/100\n|\n|upkeep\n|turn|6\n|\n|t:|1700195842\n|move|p1a: Banette|Destiny Bond|p1a: Banette\n|-singlemove|p1a: Banette|Destiny Bond\n|move|p2a: Qwilfish|Waterfall|p1a: Banette\n|-damage|p1a: Banette|0 fnt\n|faint|p1a: Banette\n|-activate|p1a: Banette|move: Destiny Bond\n|faint|p2a: Qwilfish\n|\n|upkeep\n|\n|t:|1700195849\n|switch|p1a: Forretress|Forretress, F|100\/100\n|switch|p2a: Donphan|Donphan, F, shiny|100\/100\n|turn|7\n|\n|t:|1700195853\n|-terastallize|p2a: Donphan|Ghost\n|move|p2a: Donphan|Knock Off|p1a: Forretress\n|-damage|p1a: Forretress|76\/100\n|-enditem|p1a: Forretress|Heavy-Duty Boots|[from] move: Knock Off|[of] p2a: Donphan\n|move|p1a: Forretress|Rapid Spin|p2a: Donphan\n|-immune|p2a: Donphan\n|\n|upkeep\n|turn|8\n|\n|t:|1700195856\n|move|p2a: Donphan|Earthquake|p1a: Forretress\n|-damage|p1a: Forretress|36\/100\n|move|p1a: Forretress|Thunder Wave|p2a: Donphan\n|-status|p2a: Donphan|par\n|\n|upkeep\n|turn|9\n|\n|t:|1700195860\n|switch|p1a: Dragonite|Dragonite, F|100\/100\n|cant|p2a: Donphan|par\n|\n|upkeep\n|turn|10\n|\n|t:|1700195865\n|move|p1a: Dragonite|Dragon Dance|p1a: Dragonite\n|-boost|p1a: Dragonite|atk|1\n|-boost|p1a: Dragonite|spe|1\n|move|p2a: Donphan|Knock Off|p1a: Dragonite\n|-damage|p1a: Dragonite|80\/100\n|-enditem|p1a: Dragonite|Weakness Policy|[from] move: Knock Off|[of] p2a: Donphan\n|\n|upkeep\n|turn|11\n|\n|t:|1700195873\n|-terastallize|p1a: Dragonite|Normal\n|move|p1a: Dragonite|Dragon Claw|p2a: Donphan\n|-damage|p2a: Donphan|43\/100 par\n|move|p2a: Donphan|Ice Spinner|p1a: Dragonite\n|-damage|p1a: Dragonite|48\/100\n|\n|upkeep\n|turn|12\n|\n|t:|1700195880\n|move|p1a: Dragonite|Dragon Claw|p2a: Donphan\n|-damage|p2a: Donphan|0 fnt\n|faint|p2a: Donphan\n|\n|upkeep\n|\n|t:|1700195887\n|switch|p2a: Porygon2|Porygon2|100\/100\n|-ability|p2a: Porygon2|Multiscale|[from] ability: Trace|[of] p1a: Dragonite\n|turn|13\n|\n|t:|1700195894\n|move|p1a: Dragonite|Extreme Speed|p2a: Porygon2\n|-crit|p2a: Porygon2\n|-damage|p2a: Porygon2|65\/100\n|move|p2a: Porygon2|Tri Attack|p1a: Dragonite\n|-damage|p1a: Dragonite|20\/100\n|\n|upkeep\n|turn|14\n|\n|t:|1700195899\n|move|p1a: Dragonite|Extreme Speed|p2a: Porygon2\n|-damage|p2a: Porygon2|20\/100\n|move|p2a: Porygon2|Tri Attack|p1a: Dragonite\n|-damage|p1a: Dragonite|0 fnt\n|faint|p1a: Dragonite\n|\n|upkeep\n|\n|t:|1700195908\n|switch|p1a: Pawmot|Pawmot, F|100\/100\n|-damage|p1a: Pawmot|76\/100|[from] Spikes\n|turn|15\n|\n|t:|1700195913\n|move|p1a: Pawmot|Revival Blessing|p1a: Pawmot\n|-enditem|p1a: Pawmot|Leppa Berry|[eat]\n|-activate|p1a: Pawmot|item: Leppa Berry|Revival Blessing|[consumed]\n|\n|t:|1700195917\n|-heal|p1: Dragonite|50\/100|[from] move: Revival Blessing\n|move|p2a: Porygon2|Tri Attack|p1a: Pawmot\n|-damage|p1a: Pawmot|26\/100\n|\n|upkeep\n|turn|16\n|\n|t:|1700195921\n|move|p1a: Pawmot|Revival Blessing|p1a: Pawmot\n|\n|t:|1700195923\n|-heal|p1: Banette|50\/100|[from] move: Revival Blessing\n|move|p2a: Porygon2|Tri Attack|p1a: Pawmot\n|-damage|p1a: Pawmot|0 fnt\n|faint|p1a: Pawmot\n|\n|upkeep\n|\n|t:|1700195941\n|switch|p1a: Victini|Victini|100\/100\n|-damage|p1a: Victini|76\/100|[from] Spikes\n|turn|17\n|\n|t:|1700195945\n|move|p1a: Victini|Zen Headbutt|p2a: Porygon2\n|-damage|p2a: Porygon2|0 fnt\n|faint|p2a: Porygon2\n|\n|upkeep\n|\n|t:|1700195950\n|switch|p2a: Delibird|Delibird, M|100\/100\n|turn|18\n|\n|t:|1700195952\n|move|p1a: Victini|Zen Headbutt|p2a: Delibird\n|-crit|p2a: Delibird\n|-enditem|p2a: Delibird|Focus Sash\n|-damage|p2a: Delibird|1\/100\n|move|p2a: Delibird|Rapid Spin|p1a: Victini\n|-damage|p1a: Victini|69\/100\n|-boost|p2a: Delibird|spe|1\n|\n|upkeep\n|turn|19\n|\n|t:|1700195955\n|move|p1a: Victini|Zen Headbutt|p2a: Delibird\n|-damage|p2a: Delibird|0 fnt\n|faint|p2a: Delibird\n|\n|upkeep\n|\n|t:|1700195957\n|switch|p2a: Pikachu|Pikachu, F|100\/100\n|turn|20\n|\n|t:|1700195958\n|move|p2a: Pikachu|Fake Out|p1a: Victini\n|-crit|p1a: Victini\n|-damage|p1a: Victini|42\/100\n|cant|p1a: Victini|flinch\n|\n|upkeep\n|turn|21\n|\n|t:|1700195961\n|move|p2a: Pikachu|Extreme Speed|p1a: Victini\n|-damage|p1a: Victini|5\/100\n|move|p1a: Victini|Zen Headbutt|p2a: Pikachu\n|-damage|p2a: Pikachu|0 fnt\n|faint|p2a: Pikachu\n|\n|win|Tank Tests\n|raw|Tank Tests's rating: 1381 &rarr; <strong>1403<\/strong><br \/>(+22 for winning)\n|raw|Poopoo2's rating: 1423 &rarr; <strong>1401<\/strong><br \/>(-22 for losing)\n|l|\u2606Poopoo2\n|c|\u2606Tank Tests|gg\n","uploadtime":1700195979,"views":5,"p1id":"tanktests","p2id":"poopoo2","formatid":"gen9nationaldex","rating":1401,"private":0,"password":""}