{"id":"gen9nationaldex-1987625833","p1":"RandoTestAccount","p2":"eteralsnow","format":"[Gen 9] National Dex","log":"|j|\u2606RandoTestAccount\n|j|\u2606eteralsnow\n|t:|1699621189\n|gametype|singles\n|player|p1|RandoTestAccount|pokemonrangerf|1399\n|player|p2|eteralsnow|169|1544\n|teamsize|p1|6\n|teamsize|p2|6\n|gen|9\n|tier|[Gen 9] National Dex\n|rated|\n|rule|HP Percentage Mod: HP is shown in percentages\n|rule|Endless Battle Clause: Forcing endless battles is banned\n|rule|OHKO Clause: OHKO moves are banned\n|rule|Evasion Clause: Evasion abilities, items, and moves are banned\n|rule|Evasion Abilities Clause: Evasion abilities are banned\n|rule|Evasion Items Clause: Evasion items are banned\n|rule|Evasion Moves Clause: Evasion moves are banned\n|rule|Species Clause: Limit one of each Pok\u00e9mon\n|rule|Sleep Clause Mod: Limit one foe put to sleep\n|clearpoke\n|poke|p1|Umbreon, F|\n|poke|p1|Excadrill, F|\n|poke|p1|Corviknight, F|\n|poke|p1|Tapu Fini|\n|poke|p1|Sableye, F|\n|poke|p1|Dragalge, F|\n|poke|p2|Banette, F|\n|poke|p2|Garganacl, F|\n|poke|p2|Rillaboom, F|\n|poke|p2|Moltres|\n|poke|p2|Urshifu-*, M|\n|poke|p2|Ferrothorn, M|\n|teampreview\n|inactive|Battle timer is ON: inactive players will automatically lose when time's up. (requested by RandoTestAccount)\n|\n|t:|1699621207\n|start\n|switch|p1a: Spectre of Emerald|Sableye, F, shiny|100\/100\n|switch|p2a: Garganacl|Garganacl, F|100\/100\n|turn|1\n|\n|t:|1699621223\n|detailschange|p1a: Spectre of Emerald|Sableye-Mega, F, shiny\n|-mega|p1a: Spectre of Emerald|Sableye|Sablenite\n|move|p2a: Garganacl|Salt Cure|p1a: Spectre of Emerald\n|-damage|p1a: Spectre of Emerald|90\/100\n|-start|p1a: Spectre of Emerald|Salt Cure\n|move|p1a: Spectre of Emerald|Calm Mind|p1a: Spectre of Emerald\n|-boost|p1a: Spectre of Emerald|spa|1\n|-boost|p1a: Spectre of Emerald|spd|1\n|\n|-damage|p1a: Spectre of Emerald|78\/100|[from] Salt Cure\n|upkeep\n|turn|2\n|\n|t:|1699621238\n|switch|p1a: The Droplet Tear|Tapu Fini, shiny|100\/100\n|-fieldstart|move: Misty Terrain|[from] ability: Misty Surge|[of] p1a: The Droplet Tear\n|move|p2a: Garganacl|Salt Cure|p1a: The Droplet Tear\n|-damage|p1a: The Droplet Tear|91\/100\n|-start|p1a: The Droplet Tear|Salt Cure\n|\n|-heal|p1a: The Droplet Tear|97\/100|[from] item: Leftovers\n|-damage|p1a: The Droplet Tear|72\/100|[from] Salt Cure\n|upkeep\n|turn|3\n|\n|t:|1699621248\n|switch|p1a: Spectre of Emerald|Sableye-Mega, F, shiny|78\/100\n|move|p2a: Garganacl|Protect||[still]\n|-fail|p2a: Garganacl\n|\n|upkeep\n|turn|4\n|\n|t:|1699621256\n|switch|p1a: Agony Steelheart|Dragalge, F, shiny|100\/100\n|move|p2a: Garganacl|Salt Cure|p1a: Agony Steelheart\n|-damage|p1a: Agony Steelheart|84\/100\n|-start|p1a: Agony Steelheart|Salt Cure\n|\n|-heal|p1a: Agony Steelheart|90\/100|[from] item: Black Sludge\n|-damage|p1a: Agony Steelheart|78\/100|[from] Salt Cure\n|upkeep\n|turn|5\n|\n|t:|1699621275\n|switch|p1a: The Droplet Tear|Tapu Fini, shiny|72\/100\n|move|p2a: Garganacl|Stealth Rock|p1a: The Droplet Tear\n|-sidestart|p1: RandoTestAccount|move: Stealth Rock\n|\n|-heal|p1a: The Droplet Tear|78\/100|[from] item: Leftovers\n|upkeep\n|turn|6\n|\n|t:|1699621281\n|move|p1a: The Droplet Tear|Substitute|p1a: The Droplet Tear\n|-start|p1a: The Droplet Tear|Substitute\n|-damage|p1a: The Droplet Tear|53\/100\n|move|p2a: Garganacl|Salt Cure|p1a: The Droplet Tear\n|-activate|p1a: The Droplet Tear|move: Substitute|[damage]\n|\n|-heal|p1a: The Droplet Tear|59\/100|[from] item: Leftovers\n|-fieldend|Misty Terrain\n|upkeep\n|turn|7\n|\n|t:|1699621290\n|switch|p2a: Rillaboom|Rillaboom, F|100\/100\n|-fieldstart|move: Grassy Terrain|[from] ability: Grassy Surge|[of] p2a: Rillaboom\n|move|p1a: The Droplet Tear|Calm Mind|p1a: The Droplet Tear\n|-boost|p1a: The Droplet Tear|spa|1\n|-boost|p1a: The Droplet Tear|spd|1\n|\n|-heal|p1a: The Droplet Tear|65\/100|[from] Grassy Terrain\n|-heal|p1a: The Droplet Tear|71\/100|[from] item: Leftovers\n|upkeep\n|turn|8\n|\n|t:|1699621295\n|move|p2a: Rillaboom|Grassy Glide|p1a: The Droplet Tear\n|-supereffective|p1a: The Droplet Tear\n|-end|p1a: The Droplet Tear|Substitute\n|move|p1a: The Droplet Tear|Scald|p2a: Rillaboom\n|-resisted|p2a: Rillaboom\n|-damage|p2a: Rillaboom|74\/100\n|\n|-heal|p2a: Rillaboom|80\/100|[from] Grassy Terrain\n|-heal|p1a: The Droplet Tear|77\/100|[from] Grassy Terrain\n|-heal|p1a: The Droplet Tear|83\/100|[from] item: Leftovers\n|upkeep\n|turn|9\n|\n|t:|1699621305\n|switch|p1a: Ephialtes Keeper|Corviknight, F, shiny|100\/100\n|-damage|p1a: Ephialtes Keeper|88\/100|[from] Stealth Rock\n|-ability|p1a: Ephialtes Keeper|Pressure\n|move|p2a: Rillaboom|Grassy Glide|p1a: Ephialtes Keeper\n|-resisted|p1a: Ephialtes Keeper\n|-damage|p1a: Ephialtes Keeper|76\/100\n|-damage|p2a: Rillaboom|64\/100|[from] item: Rocky Helmet|[of] p1a: Ephialtes Keeper\n|\n|-heal|p2a: Rillaboom|70\/100|[from] Grassy Terrain\n|upkeep\n|turn|10\n|\n|t:|1699621317\n|switch|p2a: Ferrothorn|Ferrothorn, M|100\/100\n|move|p1a: Ephialtes Keeper|Defog|p2a: Ferrothorn\n|-unboost|p2a: Ferrothorn|evasion|1\n|-sideend|p1: RandoTestAccount|Stealth Rock|[from] move: Defog|[of] p1a: Ephialtes Keeper\n|-fieldend|move: Grassy Terrain\n|\n|upkeep\n|turn|11\n|\n|t:|1699621325\n|switch|p1a: Spectre of Emerald|Sableye-Mega, F, shiny|78\/100\n|move|p2a: Ferrothorn|Iron Defense|p2a: Ferrothorn\n|-boost|p2a: Ferrothorn|def|2\n|\n|upkeep\n|turn|12\n|\n|t:|1699621332\n|move|p2a: Ferrothorn|Gyro Ball|p1a: Spectre of Emerald\n|-damage|p1a: Spectre of Emerald|72\/100\n|move|p1a: Spectre of Emerald|Will-O-Wisp|p2a: Ferrothorn\n|-status|p2a: Ferrothorn|brn\n|\n|-damage|p2a: Ferrothorn|94\/100 brn|[from] brn\n|upkeep\n|turn|13\n|\n|t:|1699621341\n|switch|p2a: Moltres|Moltres|100\/100\n|move|p1a: Spectre of Emerald|Calm Mind|p1a: Spectre of Emerald\n|-boost|p1a: Spectre of Emerald|spa|1\n|-boost|p1a: Spectre of Emerald|spd|1\n|\n|upkeep\n|turn|14\n|\n|t:|1699621352\n|move|p2a: Moltres|Flamethrower|p1a: Spectre of Emerald\n|-damage|p1a: Spectre of Emerald|48\/100\n|move|p1a: Spectre of Emerald|Recover|p1a: Spectre of Emerald\n|-heal|p1a: Spectre of Emerald|98\/100\n|\n|upkeep\n|turn|15\n|\n|t:|1699621357\n|switch|p2a: Garganacl|Garganacl, F|100\/100\n|move|p1a: Spectre of Emerald|Calm Mind|p1a: Spectre of Emerald\n|-boost|p1a: Spectre of Emerald|spa|1\n|-boost|p1a: Spectre of Emerald|spd|1\n|\n|upkeep\n|turn|16\n|\n|t:|1699621365\n|switch|p1a: Nika Reanukko|Umbreon, F, shiny|100\/100\n|move|p2a: Garganacl|Salt Cure|p1a: Nika Reanukko\n|-damage|p1a: Nika Reanukko|89\/100\n|-start|p1a: Nika Reanukko|Salt Cure\n|\n|-heal|p1a: Nika Reanukko|95\/100|[from] item: Leftovers\n|-damage|p1a: Nika Reanukko|83\/100|[from] Salt Cure\n|upkeep\n|turn|17\n|\n|t:|1699621375\n|switch|p1a: Spectre of Emerald|Sableye-Mega, F, shiny|98\/100\n|move|p2a: Garganacl|Stealth Rock|p1a: Spectre of Emerald\n|move|p1a: Spectre of Emerald|Stealth Rock|p2a: Garganacl|[from]ability: Magic Bounce\n|-sidestart|p2: eteralsnow|move: Stealth Rock\n|\n|upkeep\n|turn|18\n|\n|t:|1699621383\n|switch|p1a: Nika Reanukko|Umbreon, F, shiny|83\/100\n|move|p2a: Garganacl|Salt Cure|p1a: Nika Reanukko\n|-damage|p1a: Nika Reanukko|71\/100\n|-start|p1a: Nika Reanukko|Salt Cure\n|\n|-heal|p1a: Nika Reanukko|77\/100|[from] item: Leftovers\n|-damage|p1a: Nika Reanukko|65\/100|[from] Salt Cure\n|upkeep\n|turn|19\n|\n|t:|1699621388\n|switch|p1a: The Droplet Tear|Tapu Fini, shiny|83\/100\n|-fieldstart|move: Misty Terrain|[from] ability: Misty Surge|[of] p1a: The Droplet Tear\n|move|p2a: Garganacl|Salt Cure|p1a: The Droplet Tear\n|-damage|p1a: The Droplet Tear|73\/100\n|-start|p1a: The Droplet Tear|Salt Cure\n|\n|-heal|p1a: The Droplet Tear|79\/100|[from] item: Leftovers\n|-damage|p1a: The Droplet Tear|54\/100|[from] Salt Cure\n|upkeep\n|turn|20\n|\n|t:|1699621397\n|switch|p1a: Spectre of Emerald|Sableye-Mega, F, shiny|98\/100\n|move|p2a: Garganacl|Salt Cure|p1a: Spectre of Emerald\n|-damage|p1a: Spectre of Emerald|87\/100\n|-start|p1a: Spectre of Emerald|Salt Cure\n|\n|-damage|p1a: Spectre of Emerald|75\/100|[from] Salt Cure\n|upkeep\n|turn|21\n|\n|t:|1699621404\n|switch|p1a: The Droplet Tear|Tapu Fini, shiny|54\/100\n|move|p2a: Garganacl|Salt Cure|p1a: The Droplet Tear\n|-damage|p1a: The Droplet Tear|45\/100\n|-start|p1a: The Droplet Tear|Salt Cure\n|\n|-heal|p1a: The Droplet Tear|51\/100|[from] item: Leftovers\n|-damage|p1a: The Droplet Tear|26\/100|[from] Salt Cure\n|upkeep\n|turn|22\n|\n|t:|1699621410\n|switch|p1a: Nika Reanukko|Umbreon, F, shiny|65\/100\n|move|p2a: Garganacl|Salt Cure|p1a: Nika Reanukko\n|-damage|p1a: Nika Reanukko|53\/100\n|-start|p1a: Nika Reanukko|Salt Cure\n|\n|-heal|p1a: Nika Reanukko|59\/100|[from] item: Leftovers\n|-damage|p1a: Nika Reanukko|46\/100|[from] Salt Cure\n|upkeep\n|turn|23\n|\n|t:|1699621417\n|move|p1a: Nika Reanukko|Wish|p1a: Nika Reanukko\n|move|p2a: Garganacl|Salt Cure|p1a: Nika Reanukko\n|-damage|p1a: Nika Reanukko|35\/100\n|\n|-heal|p1a: Nika Reanukko|41\/100|[from] item: Leftovers\n|-damage|p1a: Nika Reanukko|29\/100|[from] Salt Cure\n|-fieldend|Misty Terrain\n|upkeep\n|turn|24\n|\n|t:|1699621433\n|switch|p1a: The Droplet Tear|Tapu Fini, shiny|26\/100\n|-fieldstart|move: Misty Terrain|[from] ability: Misty Surge|[of] p1a: The Droplet Tear\n|switch|p2a: Rillaboom|Rillaboom, F|70\/100\n|-damage|p2a: Rillaboom|58\/100|[from] Stealth Rock\n|-fieldstart|move: Grassy Terrain|[from] ability: Grassy Surge|[of] p2a: Rillaboom\n|\n|-heal|p1a: The Droplet Tear|89\/100|[from] move: Wish|[wisher] Nika Reanukko\n|-heal|p2a: Rillaboom|64\/100|[from] Grassy Terrain\n|-heal|p1a: The Droplet Tear|95\/100|[from] Grassy Terrain\n|-heal|p1a: The Droplet Tear|100\/100|[from] item: Leftovers\n|upkeep\n|turn|25\n|j| Aptham\n|\n|t:|1699621440\n|switch|p1a: Ephialtes Keeper|Corviknight, F, shiny|76\/100\n|-ability|p1a: Ephialtes Keeper|Pressure\n|-terastallize|p2a: Rillaboom|Rock\n|move|p2a: Rillaboom|Tera Blast|p1a: Ephialtes Keeper|[anim] Tera Blast Rock\n|-damage|p1a: Ephialtes Keeper|25\/100\n|\n|-heal|p2a: Rillaboom|70\/100|[from] Grassy Terrain\n|upkeep\n|turn|26\n|\n|t:|1699621453\n|switch|p1a: The Lonesome One|Excadrill, F, shiny|100\/100\n|-ability|p1a: The Lonesome One|Mold Breaker\n|move|p2a: Rillaboom|Tera Blast|p1a: The Lonesome One|[anim] Tera Blast Rock\n|-resisted|p1a: The Lonesome One\n|-damage|p1a: The Lonesome One|81\/100\n|\n|-heal|p2a: Rillaboom|76\/100|[from] Grassy Terrain\n|-heal|p1a: The Lonesome One|87\/100|[from] Grassy Terrain\n|-heal|p1a: The Lonesome One|93\/100|[from] item: Leftovers\n|upkeep\n|turn|27\n|\n|t:|1699621464\n|switch|p2a: Urshifu|Urshifu-Rapid-Strike, M|100\/100\n|-damage|p2a: Urshifu|94\/100|[from] Stealth Rock\n|switch|p1a: Spectre of Emerald|Sableye-Mega, F, shiny|75\/100\n|\n|-heal|p2a: Urshifu|100\/100|[from] Grassy Terrain\n|-heal|p1a: Spectre of Emerald|81\/100|[from] Grassy Terrain\n|upkeep\n|turn|28\n|\n|t:|1699621475\n|move|p2a: Urshifu|Surging Strikes|p1a: Spectre of Emerald\n|-crit|p1a: Spectre of Emerald\n|-damage|p1a: Spectre of Emerald|67\/100\n|-crit|p1a: Spectre of Emerald\n|-damage|p1a: Spectre of Emerald|51\/100\n|-crit|p1a: Spectre of Emerald\n|-damage|p1a: Spectre of Emerald|35\/100\n|-hitcount|p1a: Spectre of Emerald|3\n|move|p1a: Spectre of Emerald|Will-O-Wisp|p2a: Urshifu\n|-status|p2a: Urshifu|brn\n|\n|-heal|p1a: Spectre of Emerald|41\/100|[from] Grassy Terrain\n|-damage|p2a: Urshifu|94\/100 brn|[from] brn\n|-fieldend|move: Grassy Terrain\n|upkeep\n|turn|29\n|\n|t:|1699621481\n|move|p2a: Urshifu|Surging Strikes|p1a: Spectre of Emerald\n|-crit|p1a: Spectre of Emerald\n|-damage|p1a: Spectre of Emerald|33\/100\n|-crit|p1a: Spectre of Emerald\n|-damage|p1a: Spectre of Emerald|25\/100\n|-crit|p1a: Spectre of Emerald\n|-damage|p1a: Spectre of Emerald|18\/100\n|-hitcount|p1a: Spectre of Emerald|3\n|move|p1a: Spectre of Emerald|Recover|p1a: Spectre of Emerald\n|-heal|p1a: Spectre of Emerald|68\/100\n|\n|-damage|p2a: Urshifu|88\/100 brn|[from] brn\n|upkeep\n|turn|30\n|\n|t:|1699621498\n|switch|p1a: The Droplet Tear|Tapu Fini, shiny|100\/100\n|-fieldstart|move: Misty Terrain|[from] ability: Misty Surge|[of] p1a: The Droplet Tear\n|move|p2a: Urshifu|Surging Strikes|p1a: The Droplet Tear\n|-resisted|p1a: The Droplet Tear\n|-crit|p1a: The Droplet Tear\n|-damage|p1a: The Droplet Tear|97\/100\n|-resisted|p1a: The Droplet Tear\n|-crit|p1a: The Droplet Tear\n|-damage|p1a: The Droplet Tear|93\/100\n|-resisted|p1a: The Droplet Tear\n|-crit|p1a: The Droplet Tear\n|-damage|p1a: The Droplet Tear|89\/100\n|-hitcount|p1a: The Droplet Tear|3\n|\n|-heal|p1a: The Droplet Tear|95\/100|[from] item: Leftovers\n|-damage|p2a: Urshifu|82\/100 brn|[from] brn\n|upkeep\n|turn|31\n|\n|t:|1699621506\n|switch|p2a: Rillaboom|Rillaboom, F, tera:Rock|76\/100\n|-damage|p2a: Rillaboom|64\/100|[from] Stealth Rock\n|-fieldstart|move: Grassy Terrain|[from] ability: Grassy Surge|[of] p2a: Rillaboom\n|move|p1a: The Droplet Tear|Substitute|p1a: The Droplet Tear\n|-start|p1a: The Droplet Tear|Substitute\n|-damage|p1a: The Droplet Tear|70\/100\n|\n|-heal|p2a: Rillaboom|70\/100|[from] Grassy Terrain\n|-heal|p1a: The Droplet Tear|76\/100|[from] Grassy Terrain\n|-heal|p1a: The Droplet Tear|82\/100|[from] item: Leftovers\n|upkeep\n|turn|32\n|\n|t:|1699621523\n|move|p2a: Rillaboom|Grassy Glide|p1a: The Droplet Tear\n|-supereffective|p1a: The Droplet Tear\n|-end|p1a: The Droplet Tear|Substitute\n|move|p1a: The Droplet Tear|Scald|p2a: Rillaboom\n|-supereffective|p2a: Rillaboom\n|-damage|p2a: Rillaboom|0 fnt\n|faint|p2a: Rillaboom\n|\n|-heal|p1a: The Droplet Tear|88\/100|[from] Grassy Terrain\n|-heal|p1a: The Droplet Tear|94\/100|[from] item: Leftovers\n|upkeep\n|\n|t:|1699621532\n|switch|p2a: Moltres|Moltres|100\/100\n|turn|33\n|\n|t:|1699621540\n|move|p2a: Moltres|Defog|p1a: The Droplet Tear\n|-unboost|p1a: The Droplet Tear|evasion|1\n|-sideend|p2: eteralsnow|Stealth Rock|[from] move: Defog|[of] p2a: Moltres\n|-fieldend|move: Grassy Terrain\n|move|p1a: The Droplet Tear|Calm Mind|p1a: The Droplet Tear\n|-boost|p1a: The Droplet Tear|spa|1\n|-boost|p1a: The Droplet Tear|spd|1\n|\n|-heal|p1a: The Droplet Tear|99\/100|[from] item: Leftovers\n|upkeep\n|turn|34\n|\n|t:|1699621545\n|move|p2a: Moltres|Toxic|p1a: The Droplet Tear\n|-status|p1a: The Droplet Tear|tox\n|move|p1a: The Droplet Tear|Substitute|p1a: The Droplet Tear\n|-start|p1a: The Droplet Tear|Substitute\n|-damage|p1a: The Droplet Tear|75\/100 tox\n|\n|-heal|p1a: The Droplet Tear|81\/100 tox|[from] item: Leftovers\n|-damage|p1a: The Droplet Tear|75\/100 tox|[from] psn\n|upkeep\n|turn|35\n|\n|t:|1699621553\n|switch|p2a: Ferrothorn|Ferrothorn, M|94\/100 brn\n|switch|p1a: Agony Steelheart|Dragalge, F, shiny|78\/100\n|\n|-heal|p1a: Agony Steelheart|84\/100|[from] item: Black Sludge\n|-damage|p2a: Ferrothorn|88\/100 brn|[from] brn\n|upkeep\n|turn|36\n|l| Aptham\n|\n|t:|1699621563\n|switch|p1a: Spectre of Emerald|Sableye-Mega, F, shiny|68\/100\n|move|p2a: Ferrothorn|Stealth Rock|p1a: Spectre of Emerald\n|move|p1a: Spectre of Emerald|Stealth Rock|p2a: Ferrothorn|[from]ability: Magic Bounce\n|-sidestart|p2: eteralsnow|move: Stealth Rock\n|\n|-damage|p2a: Ferrothorn|82\/100 brn|[from] brn\n|upkeep\n|turn|37\n|\n|t:|1699621573\n|switch|p1a: Nika Reanukko|Umbreon, F, shiny|29\/100\n|switch|p2a: Garganacl|Garganacl, F|100\/100\n|-damage|p2a: Garganacl|88\/100|[from] Stealth Rock\n|\n|-heal|p1a: Nika Reanukko|35\/100|[from] item: Leftovers\n|-heal|p2a: Garganacl|94\/100|[from] item: Leftovers\n|upkeep\n|turn|38\n|\n|t:|1699621578\n|move|p1a: Nika Reanukko|Heal Bell|p1a: Nika Reanukko\n|-activate|p1a: Nika Reanukko|move: Heal Bell\n|-curestatus|p1: The Droplet Tear|tox|[msg]\n|move|p2a: Garganacl|Salt Cure|p1a: Nika Reanukko\n|-damage|p1a: Nika Reanukko|23\/100\n|-start|p1a: Nika Reanukko|Salt Cure\n|\n|-heal|p1a: Nika Reanukko|29\/100|[from] item: Leftovers\n|-heal|p2a: Garganacl|100\/100|[from] item: Leftovers\n|-damage|p1a: Nika Reanukko|17\/100|[from] Salt Cure\n|upkeep\n|turn|39\n|\n|t:|1699621588\n|switch|p1a: Spectre of Emerald|Sableye-Mega, F, shiny|68\/100\n|move|p2a: Garganacl|Salt Cure|p1a: Spectre of Emerald\n|-damage|p1a: Spectre of Emerald|57\/100\n|-start|p1a: Spectre of Emerald|Salt Cure\n|\n|-damage|p1a: Spectre of Emerald|45\/100|[from] Salt Cure\n|upkeep\n|turn|40\n|\n|t:|1699621596\n|move|p2a: Garganacl|Salt Cure|p1a: Spectre of Emerald\n|-damage|p1a: Spectre of Emerald|36\/100\n|move|p1a: Spectre of Emerald|Recover|p1a: Spectre of Emerald\n|-heal|p1a: Spectre of Emerald|86\/100\n|\n|-damage|p1a: Spectre of Emerald|73\/100|[from] Salt Cure\n|upkeep\n|turn|41\n|\n|t:|1699621605\n|switch|p1a: The Droplet Tear|Tapu Fini, shiny|75\/100\n|-fieldstart|move: Misty Terrain|[from] ability: Misty Surge|[of] p1a: The Droplet Tear\n|move|p2a: Garganacl|Protect||[still]\n|-fail|p2a: Garganacl\n|\n|-heal|p1a: The Droplet Tear|81\/100|[from] item: Leftovers\n|upkeep\n|turn|42\n|\n|t:|1699621611\n|move|p1a: The Droplet Tear|Substitute|p1a: The Droplet Tear\n|-start|p1a: The Droplet Tear|Substitute\n|-damage|p1a: The Droplet Tear|56\/100\n|move|p2a: Garganacl|Salt Cure|p1a: The Droplet Tear\n|-activate|p1a: The Droplet Tear|move: Substitute|[damage]\n|\n|-heal|p1a: The Droplet Tear|62\/100|[from] item: Leftovers\n|upkeep\n|turn|43\n|\n|t:|1699621620\n|move|p1a: The Droplet Tear|Calm Mind|p1a: The Droplet Tear\n|-boost|p1a: The Droplet Tear|spa|1\n|-boost|p1a: The Droplet Tear|spd|1\n|move|p2a: Garganacl|Stealth Rock|p1a: The Droplet Tear\n|-sidestart|p1: RandoTestAccount|move: Stealth Rock\n|\n|-heal|p1a: The Droplet Tear|69\/100|[from] item: Leftovers\n|upkeep\n|turn|44\n|\n|t:|1699621626\n|switch|p2a: Banette|Banette, F|100\/100\n|-damage|p2a: Banette|88\/100|[from] Stealth Rock\n|move|p1a: The Droplet Tear|Calm Mind|p1a: The Droplet Tear\n|-boost|p1a: The Droplet Tear|spa|1\n|-boost|p1a: The Droplet Tear|spd|1\n|\n|-heal|p1a: The Droplet Tear|75\/100|[from] item: Leftovers\n|upkeep\n|turn|45\n|\n|t:|1699621631\n|detailschange|p2a: Banette|Banette-Mega, F\n|-mega|p2a: Banette|Banette|Banettite\n|move|p2a: Banette|Destiny Bond|p2a: Banette\n|-singlemove|p2a: Banette|Destiny Bond\n|move|p1a: The Droplet Tear|Moonblast|p2a: Banette\n|-damage|p2a: Banette|0 fnt\n|faint|p2a: Banette\n|-activate|p2a: Banette|move: Destiny Bond\n|faint|p1a: The Droplet Tear\n|\n|-fieldend|Misty Terrain\n|upkeep\n|\n|t:|1699621645\n|switch|p2a: Garganacl|Garganacl, F|100\/100\n|switch|p1a: The Lonesome One|Excadrill, F, shiny|93\/100\n|-damage|p1a: The Lonesome One|90\/100|[from] Stealth Rock\n|-ability|p1a: The Lonesome One|Mold Breaker\n|-damage|p2a: Garganacl|88\/100|[from] Stealth Rock\n|turn|46\n|\n|t:|1699621654\n|switch|p2a: Moltres|Moltres|100\/100\n|move|p1a: The Lonesome One|Earthquake|p2a: Moltres\n|-immune|p2a: Moltres\n|\n|-heal|p1a: The Lonesome One|97\/100|[from] item: Leftovers\n|upkeep\n|turn|47\n|\n|t:|1699621659\n|switch|p1a: Agony Steelheart|Dragalge, F, shiny|84\/100\n|-damage|p1a: Agony Steelheart|71\/100|[from] Stealth Rock\n|move|p2a: Moltres|Defog|p1a: Agony Steelheart\n|-unboost|p1a: Agony Steelheart|evasion|1\n|-sideend|p1: RandoTestAccount|Stealth Rock|[from] move: Defog|[of] p2a: Moltres\n|-sideend|p2: eteralsnow|Stealth Rock|[from] move: Defog|[of] p2a: Moltres\n|\n|-heal|p1a: Agony Steelheart|77\/100|[from] item: Black Sludge\n|upkeep\n|turn|48\n|\n|t:|1699621671\n|switch|p2a: Ferrothorn|Ferrothorn, M|82\/100 brn\n|move|p1a: Agony Steelheart|Acid Spray|p2a: Ferrothorn\n|-immune|p2a: Ferrothorn\n|\n|-heal|p1a: Agony Steelheart|83\/100|[from] item: Black Sludge\n|-damage|p2a: Ferrothorn|75\/100 brn|[from] brn\n|upkeep\n|turn|49\n|\n|t:|1699621678\n|switch|p1a: Spectre of Emerald|Sableye-Mega, F, shiny|73\/100\n|move|p2a: Ferrothorn|Gyro Ball|p1a: Spectre of Emerald\n|-damage|p1a: Spectre of Emerald|70\/100\n|\n|-damage|p2a: Ferrothorn|69\/100 brn|[from] brn\n|upkeep\n|turn|50\n|\n|t:|1699621689\n|switch|p2a: Garganacl|Garganacl, F|88\/100\n|switch|p1a: The Lonesome One|Excadrill, F, shiny|97\/100\n|-ability|p1a: The Lonesome One|Mold Breaker\n|\n|-heal|p1a: The Lonesome One|100\/100|[from] item: Leftovers\n|-heal|p2a: Garganacl|94\/100|[from] item: Leftovers\n|upkeep\n|turn|51\n|\n|t:|1699621699\n|move|p1a: The Lonesome One|Swords Dance|p1a: The Lonesome One\n|-boost|p1a: The Lonesome One|atk|2\n|move|p2a: Garganacl|Salt Cure|p1a: The Lonesome One\n|-resisted|p1a: The Lonesome One\n|-damage|p1a: The Lonesome One|96\/100\n|-start|p1a: The Lonesome One|Salt Cure\n|\n|-heal|p1a: The Lonesome One|100\/100|[from] item: Leftovers\n|-heal|p2a: Garganacl|100\/100|[from] item: Leftovers\n|-damage|p1a: The Lonesome One|76\/100|[from] Salt Cure\n|upkeep\n|turn|52\n|\n|t:|1699621705\n|move|p2a: Garganacl|Protect|p2a: Garganacl\n|-singleturn|p2a: Garganacl|Protect\n|move|p1a: The Lonesome One|Rapid Spin|p2a: Garganacl\n|-activate|p2a: Garganacl|move: Protect\n|\n|-heal|p1a: The Lonesome One|82\/100|[from] item: Leftovers\n|-damage|p1a: The Lonesome One|57\/100|[from] Salt Cure\n|upkeep\n|turn|53\n|\n|t:|1699621718\n|switch|p2a: Moltres|Moltres|100\/100\n|move|p1a: The Lonesome One|Earthquake|p2a: Moltres\n|-immune|p2a: Moltres\n|\n|-heal|p1a: The Lonesome One|63\/100|[from] item: Leftovers\n|-damage|p1a: The Lonesome One|38\/100|[from] Salt Cure\n|upkeep\n|turn|54\n|\n|t:|1699621729\n|switch|p1a: Agony Steelheart|Dragalge, F, shiny|83\/100\n|move|p2a: Moltres|Flamethrower|p1a: Agony Steelheart\n|-resisted|p1a: Agony Steelheart\n|-damage|p1a: Agony Steelheart|72\/100\n|\n|-heal|p1a: Agony Steelheart|78\/100|[from] item: Black Sludge\n|upkeep\n|turn|55\n|\n|t:|1699621740\n|switch|p2a: Garganacl|Garganacl, F|100\/100\n|switch|p1a: Nika Reanukko|Umbreon, F, shiny|17\/100\n|\n|-heal|p1a: Nika Reanukko|23\/100|[from] item: Leftovers\n|upkeep\n|turn|56\n|\n|t:|1699621751\n|switch|p1a: Spectre of Emerald|Sableye-Mega, F, shiny|70\/100\n|move|p2a: Garganacl|Salt Cure|p1a: Spectre of Emerald\n|-damage|p1a: Spectre of Emerald|60\/100\n|-start|p1a: Spectre of Emerald|Salt Cure\n|\n|-damage|p1a: Spectre of Emerald|48\/100|[from] Salt Cure\n|upkeep\n|turn|57\n|\n|t:|1699621760\n|switch|p1a: Agony Steelheart|Dragalge, F, shiny|78\/100\n|move|p2a: Garganacl|Salt Cure|p1a: Agony Steelheart\n|-damage|p1a: Agony Steelheart|62\/100\n|-start|p1a: Agony Steelheart|Salt Cure\n|\n|-heal|p1a: Agony Steelheart|68\/100|[from] item: Black Sludge\n|-damage|p1a: Agony Steelheart|55\/100|[from] Salt Cure\n|upkeep\n|turn|58\n|\n|t:|1699621775\n|move|p1a: Agony Steelheart|Acid Spray|p2a: Garganacl\n|-resisted|p2a: Garganacl\n|-damage|p2a: Garganacl|95\/100\n|-unboost|p2a: Garganacl|spd|2\n|move|p2a: Garganacl|Salt Cure|p1a: Agony Steelheart\n|-damage|p1a: Agony Steelheart|41\/100\n|\n|-heal|p1a: Agony Steelheart|47\/100|[from] item: Black Sludge\n|-heal|p2a: Garganacl|100\/100|[from] item: Leftovers\n|-damage|p1a: Agony Steelheart|35\/100|[from] Salt Cure\n|upkeep\n|turn|59\n|\n|t:|1699621782\n|move|p2a: Garganacl|Protect|p2a: Garganacl\n|-singleturn|p2a: Garganacl|Protect\n|move|p1a: Agony Steelheart|Dragon Pulse|p2a: Garganacl\n|-activate|p2a: Garganacl|move: Protect\n|\n|-heal|p1a: Agony Steelheart|41\/100|[from] item: Black Sludge\n|-damage|p1a: Agony Steelheart|28\/100|[from] Salt Cure\n|upkeep\n|turn|60\n|\n|t:|1699621791\n|switch|p1a: Nika Reanukko|Umbreon, F, shiny|23\/100\n|move|p2a: Garganacl|Salt Cure|p1a: Nika Reanukko\n|-damage|p1a: Nika Reanukko|13\/100\n|-start|p1a: Nika Reanukko|Salt Cure\n|\n|-heal|p1a: Nika Reanukko|19\/100|[from] item: Leftovers\n|-damage|p1a: Nika Reanukko|6\/100|[from] Salt Cure\n|upkeep\n|turn|61\n|\n|t:|1699621799\n|move|p1a: Nika Reanukko|Wish|p1a: Nika Reanukko\n|move|p2a: Garganacl|Salt Cure|p1a: Nika Reanukko\n|-damage|p1a: Nika Reanukko|0 fnt\n|faint|p1a: Nika Reanukko\n|\n|upkeep\n|\n|t:|1699621811\n|switch|p1a: The Lonesome One|Excadrill, F, shiny|38\/100\n|-ability|p1a: The Lonesome One|Mold Breaker\n|turn|62\n|\n|t:|1699621816\n|move|p1a: The Lonesome One|Earthquake|p2a: Garganacl\n|-supereffective|p2a: Garganacl\n|-damage|p2a: Garganacl|18\/100\n|move|p2a: Garganacl|Salt Cure|p1a: The Lonesome One\n|-resisted|p1a: The Lonesome One\n|-damage|p1a: The Lonesome One|34\/100\n|-start|p1a: The Lonesome One|Salt Cure\n|\n|-heal|p1a: The Lonesome One|83\/100|[from] move: Wish|[wisher] Nika Reanukko\n|-heal|p1a: The Lonesome One|89\/100|[from] item: Leftovers\n|-heal|p2a: Garganacl|25\/100|[from] item: Leftovers\n|-damage|p1a: The Lonesome One|64\/100|[from] Salt Cure\n|upkeep\n|turn|63\n|\n|t:|1699621828\n|switch|p1a: Agony Steelheart|Dragalge, F, shiny|28\/100\n|move|p2a: Garganacl|Protect||[still]\n|-fail|p2a: Garganacl\n|\n|-heal|p1a: Agony Steelheart|34\/100|[from] item: Black Sludge\n|-heal|p2a: Garganacl|31\/100|[from] item: Leftovers\n|upkeep\n|turn|64\n|\n|t:|1699621838\n|switch|p2a: Urshifu|Urshifu-Rapid-Strike, M|82\/100 brn\n|move|p1a: Agony Steelheart|Dragon Pulse|p2a: Urshifu\n|-damage|p2a: Urshifu|28\/100 brn\n|\n|-heal|p1a: Agony Steelheart|40\/100|[from] item: Black Sludge\n|-damage|p2a: Urshifu|22\/100 brn|[from] brn\n|upkeep\n|turn|65\n|\n|t:|1699621846\n|switch|p1a: Ephialtes Keeper|Corviknight, F, shiny|25\/100\n|-ability|p1a: Ephialtes Keeper|Pressure\n|move|p2a: Urshifu|Ice Spinner|p1a: Ephialtes Keeper\n|-damage|p1a: Ephialtes Keeper|14\/100\n|-damage|p2a: Urshifu|5\/100 brn|[from] item: Rocky Helmet|[of] p1a: Ephialtes Keeper\n|\n|-damage|p2a: Urshifu|0 fnt|[from] brn\n|faint|p2a: Urshifu\n|upkeep\n|\n|t:|1699621855\n|switch|p2a: Moltres|Moltres|100\/100\n|turn|66\n|\n|t:|1699621862\n|move|p2a: Moltres|Flamethrower|p1a: Ephialtes Keeper\n|-supereffective|p1a: Ephialtes Keeper\n|-damage|p1a: Ephialtes Keeper|0 fnt\n|faint|p1a: Ephialtes Keeper\n|\n|upkeep\n|\n|t:|1699621866\n|switch|p1a: Agony Steelheart|Dragalge, F, shiny|40\/100\n|turn|67\n|\n|t:|1699621874\n|switch|p2a: Ferrothorn|Ferrothorn, M|69\/100 brn\n|move|p1a: Agony Steelheart|Toxic||[still]\n|-fail|p1a: Agony Steelheart\n|\n|-heal|p1a: Agony Steelheart|46\/100|[from] item: Black Sludge\n|-damage|p2a: Ferrothorn|63\/100 brn|[from] brn\n|upkeep\n|turn|68\n|\n|t:|1699621884\n|switch|p1a: Spectre of Emerald|Sableye-Mega, F, shiny|48\/100\n|switch|p2a: Garganacl|Garganacl, F|31\/100\n|\n|-heal|p2a: Garganacl|37\/100|[from] item: Leftovers\n|upkeep\n|turn|69\n|\n|t:|1699621894\n|move|p2a: Garganacl|Recover|p2a: Garganacl\n|-heal|p2a: Garganacl|87\/100\n|move|p1a: Spectre of Emerald|Recover|p1a: Spectre of Emerald\n|-heal|p1a: Spectre of Emerald|98\/100\n|\n|-heal|p2a: Garganacl|93\/100|[from] item: Leftovers\n|upkeep\n|turn|70\n|\n|t:|1699621900\n|move|p2a: Garganacl|Salt Cure|p1a: Spectre of Emerald\n|-damage|p1a: Spectre of Emerald|88\/100\n|-start|p1a: Spectre of Emerald|Salt Cure\n|move|p1a: Spectre of Emerald|Calm Mind|p1a: Spectre of Emerald\n|-boost|p1a: Spectre of Emerald|spa|1\n|-boost|p1a: Spectre of Emerald|spd|1\n|\n|-heal|p2a: Garganacl|99\/100|[from] item: Leftovers\n|-damage|p1a: Spectre of Emerald|75\/100|[from] Salt Cure\n|upkeep\n|turn|71\n|\n|t:|1699621921\n|move|p2a: Garganacl|Salt Cure|p1a: Spectre of Emerald\n|-damage|p1a: Spectre of Emerald|65\/100\n|move|p1a: Spectre of Emerald|Dark Pulse|p2a: Garganacl\n|-damage|p2a: Garganacl|77\/100\n|\n|-heal|p2a: Garganacl|83\/100|[from] item: Leftovers\n|-damage|p1a: Spectre of Emerald|53\/100|[from] Salt Cure\n|upkeep\n|turn|72\n|\n|t:|1699621933\n|switch|p2a: Moltres|Moltres|100\/100\n|switch|p1a: The Lonesome One|Excadrill, F, shiny|64\/100\n|-ability|p1a: The Lonesome One|Mold Breaker\n|\n|-heal|p1a: The Lonesome One|70\/100|[from] item: Leftovers\n|upkeep\n|turn|73\n|\n|t:|1699621942\n|switch|p1a: Agony Steelheart|Dragalge, F, shiny|46\/100\n|move|p2a: Moltres|Flamethrower|p1a: Agony Steelheart\n|-resisted|p1a: Agony Steelheart\n|-damage|p1a: Agony Steelheart|34\/100\n|\n|-heal|p1a: Agony Steelheart|40\/100|[from] item: Black Sludge\n|upkeep\n|turn|74\n|\n|t:|1699621962\n|switch|p2a: Ferrothorn|Ferrothorn, M|63\/100 brn\n|switch|p1a: Spectre of Emerald|Sableye-Mega, F, shiny|53\/100\n|\n|-damage|p2a: Ferrothorn|57\/100 brn|[from] brn\n|upkeep\n|turn|75\n|\n|t:|1699621970\n|move|p2a: Ferrothorn|Gyro Ball|p1a: Spectre of Emerald\n|-damage|p1a: Spectre of Emerald|50\/100\n|move|p1a: Spectre of Emerald|Calm Mind|p1a: Spectre of Emerald\n|-boost|p1a: Spectre of Emerald|spa|1\n|-boost|p1a: Spectre of Emerald|spd|1\n|\n|-damage|p2a: Ferrothorn|50\/100 brn|[from] brn\n|upkeep\n|turn|76\n|\n|t:|1699621974\n|move|p1a: Spectre of Emerald|Recover|p1a: Spectre of Emerald\n|-heal|p1a: Spectre of Emerald|99\/100\n|move|p2a: Ferrothorn|Gyro Ball|p1a: Spectre of Emerald\n|-damage|p1a: Spectre of Emerald|97\/100\n|\n|-damage|p2a: Ferrothorn|44\/100 brn|[from] brn\n|upkeep\n|turn|77\n|-message|eteralsnow forfeited.\n|\n|win|RandoTestAccount\n|raw|RandoTestAccount's rating: 1399 &rarr; <strong>1427<\/strong><br \/>(+28 for winning)\n|raw|eteralsnow's rating: 1544 &rarr; <strong>1516<\/strong><br \/>(-28 for losing)\n|l|\u2606eteralsnow\n","uploadtime":1699621982,"views":4,"p1id":"randotestaccount","p2id":"eteralsnow","formatid":"gen9nationaldex","rating":1427,"private":0,"password":""}