{"id":"gen9nationaldex-1992064445","p1":"jimmydean09","p2":"Blackbird_7306","format":"[Gen 9] National Dex","log":"|j|\u2606jimmydean09\n|j|\u2606Blackbird_7306\n|t:|1700152089\n|gametype|singles\n|player|p1|jimmydean09|veteran|\n|player|p2|Blackbird_7306|elio|\n|teamsize|p1|6\n|teamsize|p2|6\n|gen|9\n|tier|[Gen 9] National Dex\n|rule|HP Percentage Mod: HP is shown in percentages\n|rule|Endless Battle Clause: Forcing endless battles is banned\n|rule|OHKO Clause: OHKO moves are banned\n|rule|Evasion Clause: Evasion abilities, items, and moves are banned\n|rule|Evasion Abilities Clause: Evasion abilities are banned\n|rule|Evasion Items Clause: Evasion items are banned\n|rule|Evasion Moves Clause: Evasion moves are banned\n|rule|Species Clause: Limit one of each Pok\u00e9mon\n|rule|Sleep Clause Mod: Limit one foe put to sleep\n|clearpoke\n|poke|p1|Charizard, M|\n|poke|p1|Corviknight, F|\n|poke|p1|Greninja-*, M|\n|poke|p1|Glastrier|\n|poke|p1|Golurk|\n|poke|p1|Bronzong|\n|poke|p2|Mamoswine, M|\n|poke|p2|Serperior, F|\n|poke|p2|Corviknight, M|\n|poke|p2|Snorlax, M|\n|poke|p2|Jolteon, M|\n|poke|p2|Charizard, M|\n|teampreview\n|\n|t:|1700152105\n|start\n|switch|p1a: Bronzong|Bronzong|100\/100\n|switch|p2a: Mamoswine|Mamoswine, M|100\/100\n|turn|1\n|\n|t:|1700152112\n|move|p2a: Mamoswine|Earthquake|p1a: Bronzong\n|-immune|p1a: Bronzong|[from] ability: Levitate\n|move|p1a: Bronzong|Stealth Rock|p2a: Mamoswine\n|-sidestart|p2: Blackbird_7306|move: Stealth Rock\n|\n|upkeep\n|turn|2\n|\n|t:|1700152123\n|switch|p2a: Snorlax|Snorlax, M|100\/100\n|-damage|p2a: Snorlax|88\/100|[from] Stealth Rock\n|move|p1a: Bronzong|Iron Head|p2a: Snorlax\n|-damage|p2a: Snorlax|61\/100\n|\n|upkeep\n|turn|3\n|\n|t:|1700152142\n|switch|p1a: Golurk|Golurk|100\/100\n|move|p2a: Snorlax|Curse|p2a: Snorlax\n|-unboost|p2a: Snorlax|spe|1\n|-boost|p2a: Snorlax|atk|1\n|-boost|p2a: Snorlax|def|1\n|\n|upkeep\n|turn|4\n|\n|t:|1700152146\n|move|p1a: Golurk|Dynamic Punch|p2a: Snorlax\n|-supereffective|p2a: Snorlax\n|-damage|p2a: Snorlax|0 fnt\n|faint|p2a: Snorlax\n|\n|upkeep\n|\n|t:|1700152151\n|switch|p2a: Serperior|Serperior, F|100\/100\n|-damage|p2a: Serperior|88\/100|[from] Stealth Rock\n|turn|5\n|\n|t:|1700152156\n|move|p2a: Serperior|Leaf Storm|p1a: Golurk\n|-supereffective|p1a: Golurk\n|-damage|p1a: Golurk|0 fnt\n|-boost|p2a: Serperior|spa|2\n|faint|p1a: Golurk\n|-damage|p2a: Serperior|78\/100|[from] item: Life Orb\n|\n|upkeep\n|\n|t:|1700152163\n|switch|p1a: Charizard|Charizard, M|100\/100\n|turn|6\n|\n|t:|1700152170\n|move|p2a: Serperior|Hidden Power|p1a: Charizard\n|-damage|p1a: Charizard|53\/100\n|-damage|p2a: Serperior|68\/100|[from] item: Life Orb\n|move|p1a: Charizard|Dragon Dance|p1a: Charizard\n|-boost|p1a: Charizard|atk|1\n|-boost|p1a: Charizard|spe|1\n|\n|upkeep\n|turn|7\n|\n|t:|1700152183\n|move|p1a: Charizard|Roost|p1a: Charizard\n|-heal|p1a: Charizard|100\/100\n|-singleturn|p1a: Charizard|move: Roost\n|move|p2a: Serperior|Hidden Power|p1a: Charizard\n|-resisted|p1a: Charizard\n|-damage|p1a: Charizard|74\/100\n|-damage|p2a: Serperior|58\/100|[from] item: Life Orb\n|\n|upkeep\n|turn|8\n|\n|t:|1700152192\n|detailschange|p1a: Charizard|Charizard-Mega-X, M\n|-mega|p1a: Charizard|Charizard|Charizardite X\n|move|p1a: Charizard|Flamethrower|p2a: Serperior\n|-supereffective|p2a: Serperior\n|-damage|p2a: Serperior|0 fnt\n|faint|p2a: Serperior\n|\n|upkeep\n|\n|t:|1700152198\n|switch|p2a: Mamoswine|Mamoswine, M|100\/100\n|-damage|p2a: Mamoswine|88\/100|[from] Stealth Rock\n|turn|9\n|\n|t:|1700152215\n|move|p1a: Charizard|Flamethrower|p2a: Mamoswine\n|-supereffective|p2a: Mamoswine\n|-damage|p2a: Mamoswine|44\/100\n|move|p2a: Mamoswine|Earthquake|p1a: Charizard\n|-supereffective|p1a: Charizard\n|-crit|p1a: Charizard\n|-damage|p1a: Charizard|0 fnt\n|faint|p1a: Charizard\n|\n|upkeep\n|\n|t:|1700152228\n|switch|p1a: Corviknight|Corviknight, F, shiny|100\/100\n|-ability|p1a: Corviknight|Pressure\n|turn|10\n|\n|t:|1700152235\n|switch|p2a: Corviknight|Corviknight, M|100\/100\n|-damage|p2a: Corviknight|88\/100|[from] Stealth Rock\n|-ability|p2a: Corviknight|Pressure\n|move|p1a: Corviknight|Brave Bird|p2a: Corviknight\n|-resisted|p2a: Corviknight\n|-damage|p2a: Corviknight|78\/100\n|-damage|p1a: Corviknight|84\/100|[from] item: Rocky Helmet|[of] p2a: Corviknight\n|-damage|p1a: Corviknight|80\/100|[from] Recoil\n|\n|upkeep\n|turn|11\n|\n|t:|1700152244\n|switch|p1a: Greninja|Greninja, M, shiny|100\/100\n|move|p2a: Corviknight|Defog|p1a: Greninja\n|-unboost|p1a: Greninja|evasion|1\n|-sideend|p2: Blackbird_7306|Stealth Rock|[from] move: Defog|[of] p2a: Corviknight\n|\n|upkeep\n|turn|12\n|\n|t:|1700152253\n|switch|p2a: Mamoswine|Mamoswine, M|44\/100\n|move|p1a: Greninja|Hidden Power|p2a: Mamoswine\n|-start|p1a: Greninja|typechange|Fire|[from] ability: Protean\n|-supereffective|p2a: Mamoswine\n|-damage|p2a: Mamoswine|22\/100\n|\n|upkeep\n|turn|13\n|\n|t:|1700152267\n|move|p1a: Greninja|Hidden Power|p2a: Mamoswine\n|-supereffective|p2a: Mamoswine\n|-damage|p2a: Mamoswine|0 fnt\n|faint|p2a: Mamoswine\n|\n|upkeep\n|\n|t:|1700152273\n|switch|p2a: Jolteon|Jolteon, M|100\/100\n|turn|14\n|\n|t:|1700152285\n|switch|p1a: Glastrier|Glastrier|100\/100\n|move|p2a: Jolteon|Thunderbolt|p1a: Glastrier\n|-damage|p1a: Glastrier|55\/100\n|-damage|p2a: Jolteon|91\/100|[from] item: Life Orb\n|\n|upkeep\n|turn|15\n|\n|t:|1700152291\n|move|p2a: Jolteon|Thunderbolt|p1a: Glastrier\n|-crit|p1a: Glastrier\n|-damage|p1a: Glastrier|0 fnt\n|faint|p1a: Glastrier\n|-damage|p2a: Jolteon|81\/100|[from] item: Life Orb\n|\n|upkeep\n|\n|t:|1700152300\n|switch|p1a: Bronzong|Bronzong|100\/100\n|turn|16\n|\n|t:|1700152309\n|move|p2a: Jolteon|Volt Switch|p1a: Bronzong\n|-damage|p1a: Bronzong|70\/100\n|-damage|p2a: Jolteon|71\/100|[from] item: Life Orb\n|\n|t:|1700152312\n|switch|p2a: Charizard|Charizard, M|100\/100|[from] Volt Switch\n|move|p1a: Bronzong|Iron Defense|p1a: Bronzong\n|-boost|p1a: Bronzong|def|2\n|\n|-heal|p1a: Bronzong|76\/100|[from] item: Leftovers\n|upkeep\n|turn|17\n|\n|t:|1700152316\n|switch|p1a: Greninja|Greninja, M, shiny|100\/100\n|detailschange|p2a: Charizard|Charizard-Mega-X, M\n|-mega|p2a: Charizard|Charizard|Charizardite X\n|move|p2a: Charizard|Dragon Dance|p2a: Charizard\n|-boost|p2a: Charizard|atk|1\n|-boost|p2a: Charizard|spe|1\n|\n|upkeep\n|turn|18\n|\n|t:|1700152324\n|move|p2a: Charizard|Dragon Claw|p1a: Greninja\n|-damage|p1a: Greninja|0 fnt\n|faint|p1a: Greninja\n|\n|upkeep\n|\n|t:|1700152331\n|switch|p1a: Bronzong|Bronzong|76\/100\n|turn|19\n|\n|t:|1700152334\n|move|p2a: Charizard|Flare Blitz|p1a: Bronzong\n|-supereffective|p1a: Bronzong\n|-damage|p1a: Bronzong|0 fnt\n|faint|p1a: Bronzong\n|-damage|p2a: Charizard|77\/100|[from] Recoil\n|\n|upkeep\n|\n|t:|1700152346\n|switch|p1a: Corviknight|Corviknight, F, shiny|80\/100\n|-ability|p1a: Corviknight|Pressure\n|turn|20\n|\n|t:|1700152349\n|move|p2a: Charizard|Flare Blitz|p1a: Corviknight\n|-supereffective|p1a: Corviknight\n|-damage|p1a: Corviknight|0 fnt\n|-damage|p2a: Charizard|60\/100|[from] item: Rocky Helmet|[of] p1a: Corviknight\n|faint|p1a: Corviknight\n|-damage|p2a: Charizard|31\/100|[from] Recoil\n|\n|win|Blackbird_7306\n|l|\u2606jimmydean09\n|c|\u2606Blackbird_7306|gg\n","uploadtime":1700152361,"views":8,"p1id":"jimmydean09","p2id":"blackbird7306","formatid":"gen9nationaldex","rating":0,"private":0,"password":""}