{"id":"gen9nationaldex-1993277904","p1":"Cloakedbymist","p2":"but the government","format":"[Gen 9] National Dex","log":"|j|\u2606Cloakedbymist\n|j|\u2606but the government\n|t:|1700288957\n|gametype|singles\n|player|p1|Cloakedbymist|giovanni|1296\n|player|p2|but the government|waitress-gen4|1188\n|teamsize|p1|6\n|teamsize|p2|6\n|gen|9\n|tier|[Gen 9] National Dex\n|rated|\n|rule|HP Percentage Mod: HP is shown in percentages\n|rule|Endless Battle Clause: Forcing endless battles is banned\n|rule|OHKO Clause: OHKO moves are banned\n|rule|Evasion Clause: Evasion abilities, items, and moves are banned\n|rule|Evasion Abilities Clause: Evasion abilities are banned\n|rule|Evasion Items Clause: Evasion items are banned\n|rule|Evasion Moves Clause: Evasion moves are banned\n|rule|Species Clause: Limit one of each Pok\u00e9mon\n|rule|Sleep Clause Mod: Limit one foe put to sleep\n|clearpoke\n|poke|p1|Heatran, M|\n|poke|p1|Ferrothorn, F|\n|poke|p1|Dragonite, M|\n|poke|p1|Zapdos|\n|poke|p1|Scizor, M|\n|poke|p1|Greninja-*, M|\n|poke|p2|Nidoking, M|\n|poke|p2|Corviknight, F|\n|poke|p2|Gyarados, M|\n|poke|p2|Registeel|\n|poke|p2|Dragonite, M|\n|poke|p2|Tapu Koko|\n|teampreview\n|inactive|Battle timer is ON: inactive players will automatically lose when time's up. (requested by but the government)\n|inactive|Cloakedbymist has 120 seconds left.\n|\n|t:|1700289005\n|start\n|switch|p1a: Rosethorn|Ferrothorn, F, shiny|100\/100\n|switch|p2a: Nidoking|Nidoking, M|100\/100\n|turn|1\n|\n|t:|1700289016\n|move|p2a: Nidoking|Toxic Spikes|p1a: Rosethorn\n|-sidestart|p1: Cloakedbymist|move: Toxic Spikes\n|move|p1a: Rosethorn|Leech Seed|p2a: Nidoking\n|-start|p2a: Nidoking|move: Leech Seed\n|\n|-damage|p2a: Nidoking|88\/100|[from] Leech Seed|[of] p1a: Rosethorn\n|upkeep\n|turn|2\n|\n|t:|1700289038\n|move|p2a: Nidoking|Earthquake|p1a: Rosethorn\n|-damage|p1a: Rosethorn|70\/100\n|-damage|p2a: Nidoking|78\/100|[from] item: Life Orb\n|move|p1a: Rosethorn|Gyro Ball|p2a: Nidoking\n|-damage|p2a: Nidoking|13\/100\n|\n|-damage|p2a: Nidoking|1\/100|[from] Leech Seed|[of] p1a: Rosethorn\n|-heal|p1a: Rosethorn|80\/100|[silent]\n|upkeep\n|turn|3\n|\n|t:|1700289048\n|switch|p2a: Corviknight|Corviknight, F|100\/100\n|-ability|p2a: Corviknight|Pressure\n|move|p1a: Rosethorn|Gyro Ball|p2a: Corviknight\n|-resisted|p2a: Corviknight\n|-damage|p2a: Corviknight|91\/100\n|-damage|p1a: Rosethorn|64\/100|[from] item: Rocky Helmet|[of] p2a: Corviknight\n|\n|upkeep\n|turn|4\n|\n|t:|1700289059\n|switch|p1a: Flare|Heatran, M, shiny|100\/100\n|move|p2a: Corviknight|Brave Bird|p1a: Flare\n|-resisted|p1a: Flare\n|-damage|p1a: Flare|85\/100\n|-damage|p2a: Corviknight|86\/100|[from] Recoil\n|\n|-heal|p1a: Flare|91\/100|[from] item: Leftovers\n|upkeep\n|turn|5\n|\n|t:|1700289067\n|move|p1a: Flare|Magma Storm|p2a: Corviknight\n|-supereffective|p2a: Corviknight\n|-damage|p2a: Corviknight|8\/100\n|-activate|p2a: Corviknight|move: Magma Storm|[of] p1a: Flare\n|move|p2a: Corviknight|U-turn|p1a: Flare\n|-resisted|p1a: Flare\n|-damage|p1a: Flare|88\/100\n|\n|t:|1700289073\n|switch|p2a: Nidoking|Nidoking, M|1\/100|[from] U-turn\n|\n|-heal|p1a: Flare|94\/100|[from] item: Leftovers\n|upkeep\n|turn|6\n|\n|t:|1700289080\n|switch|p1a: Paper|Zapdos, shiny|100\/100\n|move|p2a: Nidoking|Earthquake|p1a: Paper\n|-immune|p1a: Paper\n|\n|upkeep\n|turn|7\n|\n|t:|1700289086\n|move|p2a: Nidoking|Thunder|p1a: Paper\n|-damage|p1a: Paper|56\/100\n|move|p1a: Paper|Hurricane|p2a: Nidoking|[miss]\n|-miss|p1a: Paper|p2a: Nidoking\n|\n|upkeep\n|turn|8\n|\n|t:|1700289099\n|switch|p1a: Rosethorn|Ferrothorn, F, shiny|64\/100\n|move|p2a: Nidoking|Thunder|p1a: Rosethorn\n|-resisted|p1a: Rosethorn\n|-damage|p1a: Rosethorn|46\/100\n|\n|upkeep\n|turn|9\n|\n|t:|1700289107\n|move|p2a: Nidoking|Earthquake|p1a: Rosethorn\n|-damage|p1a: Rosethorn|15\/100\n|-damage|p2a: Nidoking|0 fnt|[from] item: Life Orb\n|faint|p2a: Nidoking\n|move|p1a: Rosethorn|Leech Seed|p2: Nidoking|[notarget]\n|-fail|p1a: Rosethorn\n|\n|upkeep\n|\n|t:|1700289110\n|switch|p2a: Dragonite|Dragonite, M|100\/100\n|turn|10\n|\n|t:|1700289117\n|move|p2a: Dragonite|Extreme Speed|p1a: Rosethorn\n|-enditem|p2a: Dragonite|Normal Gem|[from] gem\n|-resisted|p1a: Rosethorn\n|-damage|p1a: Rosethorn|2\/100\n|-damage|p2a: Dragonite|88\/100|[from] ability: Iron Barbs|[of] p1a: Rosethorn\n|-damage|p2a: Dragonite|72\/100|[from] item: Rocky Helmet|[of] p1a: Rosethorn\n|move|p1a: Rosethorn|Toxic|p2a: Dragonite\n|-status|p2a: Dragonite|tox\n|\n|-damage|p2a: Dragonite|66\/100 tox|[from] psn\n|upkeep\n|turn|11\n|\n|t:|1700289121\n|move|p2a: Dragonite|Extreme Speed|p1a: Rosethorn\n|-resisted|p1a: Rosethorn\n|-damage|p1a: Rosethorn|0 fnt\n|-damage|p2a: Dragonite|53\/100 tox|[from] ability: Iron Barbs|[of] p1a: Rosethorn\n|-damage|p2a: Dragonite|37\/100 tox|[from] item: Rocky Helmet|[of] p1a: Rosethorn\n|faint|p1a: Rosethorn\n|\n|-damage|p2a: Dragonite|24\/100 tox|[from] psn\n|upkeep\n|\n|t:|1700289124\n|switch|p1a: Paper|Zapdos, shiny|56\/100\n|turn|12\n|\n|t:|1700289131\n|move|p2a: Dragonite|Extreme Speed|p1a: Paper\n|-damage|p1a: Paper|32\/100\n|move|p1a: Paper|Defog|p2a: Dragonite\n|-unboost|p2a: Dragonite|evasion|1\n|-sideend|p1: Cloakedbymist|Toxic Spikes|[from] move: Defog|[of] p1a: Paper\n|\n|-damage|p2a: Dragonite|6\/100 tox|[from] psn\n|upkeep\n|turn|13\n|\n|t:|1700289138\n|move|p1a: Paper|Roost|p1a: Paper\n|-heal|p1a: Paper|82\/100\n|-singleturn|p1a: Paper|move: Roost\n|move|p2a: Dragonite|Double-Edge|p1a: Paper\n|-damage|p1a: Paper|44\/100\n|-damage|p2a: Dragonite|0 fnt|[from] Recoil\n|faint|p2a: Dragonite\n|\n|upkeep\n|\n|t:|1700289144\n|switch|p2a: Registeel|Registeel|100\/100\n|turn|14\n|\n|t:|1700289148\n|move|p1a: Paper|Roost|p1a: Paper\n|-heal|p1a: Paper|94\/100\n|-singleturn|p1a: Paper|move: Roost\n|move|p2a: Registeel|Stealth Rock|p1a: Paper\n|-sidestart|p1: Cloakedbymist|move: Stealth Rock\n|\n|upkeep\n|turn|15\n|\n|t:|1700289153\n|move|p1a: Paper|Defog|p2a: Registeel\n|-fail|p2a: Registeel|unboost|[from] ability: Clear Body|[of] p2a: Registeel\n|-sideend|p1: Cloakedbymist|Stealth Rock|[from] move: Defog|[of] p1a: Paper\n|move|p2a: Registeel|Flash Cannon|p1a: Paper\n|-resisted|p1a: Paper\n|-damage|p1a: Paper|83\/100\n|\n|upkeep\n|turn|16\n|\n|t:|1700289160\n|move|p1a: Paper|Volt Switch|p2a: Registeel\n|-damage|p2a: Registeel|86\/100\n|\n|t:|1700289162\n|switch|p1a: Flare|Heatran, M, shiny|94\/100|[from] Volt Switch\n|move|p2a: Registeel|Stealth Rock|p1a: Flare\n|-sidestart|p1: Cloakedbymist|move: Stealth Rock\n|\n|-heal|p1a: Flare|99\/100|[from] item: Leftovers\n|upkeep\n|turn|17\n|\n|t:|1700289167\n|move|p1a: Flare|Magma Storm|p2a: Registeel\n|-supereffective|p2a: Registeel\n|-damage|p2a: Registeel|43\/100\n|-activate|p2a: Registeel|move: Magma Storm|[of] p1a: Flare\n|move|p2a: Registeel|Body Press|p1a: Flare\n|-supereffective|p1a: Flare\n|-damage|p1a: Flare|56\/100\n|\n|-heal|p1a: Flare|62\/100|[from] item: Leftovers\n|-damage|p2a: Registeel|31\/100|[from] move: Magma Storm|[partiallytrapped]\n|upkeep\n|turn|18\n|\n|t:|1700289178\n|switch|p1a: Paper|Zapdos, shiny|83\/100\n|move|p2a: Registeel|Body Press|p1a: Paper\n|-resisted|p1a: Paper\n|-damage|p1a: Paper|74\/100\n|\n|-end|p2a: Registeel|Magma Storm|[partiallytrapped]|[silent]\n|upkeep\n|turn|19\n|\n|t:|1700289186\n|switch|p2a: Corviknight|Corviknight, F|8\/100\n|-ability|p2a: Corviknight|Pressure\n|move|p1a: Paper|Defog|p2a: Corviknight\n|-unboost|p2a: Corviknight|evasion|1\n|-sideend|p1: Cloakedbymist|Stealth Rock|[from] move: Defog|[of] p1a: Paper\n|\n|upkeep\n|turn|20\n|\n|t:|1700289193\n|move|p1a: Paper|Volt Switch|p2a: Corviknight\n|-supereffective|p2a: Corviknight\n|-damage|p2a: Corviknight|0 fnt\n|faint|p2a: Corviknight\n|\n|t:|1700289202\n|switch|p1a: Flare|Heatran, M, shiny|62\/100|[from] Volt Switch\n|\n|-heal|p1a: Flare|68\/100|[from] item: Leftovers\n|upkeep\n|\n|t:|1700289207\n|switch|p2a: Gyarados|Gyarados, M|100\/100\n|-ability|p2a: Gyarados|Intimidate|boost\n|-unboost|p1a: Flare|atk|1\n|turn|21\n|\n|t:|1700289218\n|detailschange|p2a: Gyarados|Gyarados-Mega, M\n|-mega|p2a: Gyarados|Gyarados|Gyaradosite\n|-ability|p2a: Gyarados|Mold Breaker\n|move|p2a: Gyarados|Dragon Dance|p2a: Gyarados\n|-boost|p2a: Gyarados|atk|1\n|-boost|p2a: Gyarados|spe|1\n|move|p1a: Flare|Stealth Rock|p2a: Gyarados\n|-sidestart|p2: but the government|move: Stealth Rock\n|\n|-heal|p1a: Flare|74\/100|[from] item: Leftovers\n|upkeep\n|turn|22\n|\n|t:|1700289226\n|move|p2a: Gyarados|Dragon Dance|p2a: Gyarados\n|-boost|p2a: Gyarados|atk|1\n|-boost|p2a: Gyarados|spe|1\n|move|p1a: Flare|Taunt|p2a: Gyarados\n|-start|p2a: Gyarados|move: Taunt\n|\n|-heal|p1a: Flare|81\/100|[from] item: Leftovers\n|upkeep\n|turn|23\n|\n|t:|1700289237\n|move|p2a: Gyarados|Crunch|p1a: Flare\n|-damage|p1a: Flare|0 fnt\n|faint|p1a: Flare\n|\n|upkeep\n|\n|t:|1700289242\n|switch|p1a: Menace|Scizor, M, shiny|100\/100\n|turn|24\n|\n|t:|1700289248\n|detailschange|p1a: Menace|Scizor-Mega, M, shiny\n|-mega|p1a: Menace|Scizor|Scizorite\n|move|p2a: Gyarados|Waterfall|p1a: Menace\n|-damage|p1a: Menace|13\/100\n|move|p1a: Menace|Swords Dance|p1a: Menace\n|-boost|p1a: Menace|atk|2\n|\n|upkeep\n|turn|25\n|\n|t:|1700289256\n|move|p1a: Menace|Bullet Punch|p2a: Gyarados\n|-resisted|p2a: Gyarados\n|-damage|p2a: Gyarados|65\/100\n|move|p2a: Gyarados|Waterfall|p1a: Menace\n|-damage|p1a: Menace|0 fnt\n|faint|p1a: Menace\n|\n|-end|p2a: Gyarados|move: Taunt\n|upkeep\n|\n|t:|1700289259\n|switch|p1a: Shrek|Dragonite, M, shiny|100\/100\n|turn|26\n|\n|t:|1700289266\n|-terastallize|p1a: Shrek|Normal\n|move|p2a: Gyarados|Crunch|p1a: Shrek\n|-damage|p1a: Shrek|0 fnt\n|faint|p1a: Shrek\n|\n|upkeep\n|\n|t:|1700289278\n|switch|p1a: Paper|Zapdos, shiny|74\/100\n|turn|27\n|\n|t:|1700289294\n|move|p2a: Gyarados|Crunch|p1a: Paper\n|-damage|p1a: Paper|0 fnt\n|-status|p2a: Gyarados|par|[from] ability: Static|[of] p1a: Paper\n|faint|p1a: Paper\n|\n|upkeep\n|\n|t:|1700289298\n|switch|p1a: Shade|Greninja, M|100\/100\n|turn|28\n|\n|t:|1700289305\n|move|p1a: Shade|Hydro Pump|p2a: Gyarados\n|-resisted|p2a: Gyarados\n|-damage|p2a: Gyarados|39\/100 par\n|-damage|p1a: Shade|91\/100|[from] item: Life Orb\n|move|p2a: Gyarados|Power Whip|p1a: Shade\n|-supereffective|p1a: Shade\n|-damage|p1a: Shade|0 fnt\n|faint|p1a: Shade\n|\n|win|but the government\n|raw|Cloakedbymist's rating: 1296 &rarr; <strong>1263<\/strong><br \/>(-33 for losing)\n|raw|but the government's rating: 1188 &rarr; <strong>1221<\/strong><br \/>(+33 for winning)\n|c|\u2606Cloakedbymist|gg\n|l|\u2606Cloakedbymist\n","uploadtime":1700289325,"views":16,"p1id":"cloakedbymist","p2id":"butthegovernment","formatid":"gen9nationaldex","rating":1221,"private":0,"password":""}