{"id":"gen9nationaldex-1993210864","p1":"Lxxiao","p2":"FeebasTheFish","format":"[Gen 9] National Dex","log":"|j|\u2606Lxxiao\n|j|\u2606FeebasTheFish\n|t:|1700278563\n|gametype|singles\n|player|p1|Lxxiao|cynthia-gen7|1247\n|player|p2|FeebasTheFish|wallace|1283\n|teamsize|p1|6\n|teamsize|p2|6\n|gen|9\n|tier|[Gen 9] National Dex\n|rated|\n|rule|HP Percentage Mod: HP is shown in percentages\n|rule|Endless Battle Clause: Forcing endless battles is banned\n|rule|OHKO Clause: OHKO moves are banned\n|rule|Evasion Clause: Evasion abilities, items, and moves are banned\n|rule|Evasion Abilities Clause: Evasion abilities are banned\n|rule|Evasion Items Clause: Evasion items are banned\n|rule|Evasion Moves Clause: Evasion moves are banned\n|rule|Species Clause: Limit one of each Pok\u00e9mon\n|rule|Sleep Clause Mod: Limit one foe put to sleep\n|clearpoke\n|poke|p1|Celesteela|\n|poke|p1|Articuno-Galar|\n|poke|p1|Sneasler, F|\n|poke|p1|Urshifu-*, F|\n|poke|p1|Nidoking, M|\n|poke|p1|Sinistcha-Masterpiece|\n|poke|p2|Beedrill, M|\n|poke|p2|Scizor, M|\n|poke|p2|Volcarona, F|\n|poke|p2|Buzzwole|\n|poke|p2|Yanmega, F|\n|poke|p2|Vivillon, M|\n|teampreview\n|inactive|Battle timer is ON: inactive players will automatically lose when time's up. (requested by Lxxiao)\n|\n|t:|1700278578\n|start\n|switch|p1a: Celesteela|Celesteela|100\/100\n|switch|p2a: Yanmega|Yanmega, F|100\/100\n|turn|1\n|\n|t:|1700278585\n|move|p2a: Yanmega|Protect|p2a: Yanmega\n|-singleturn|p2a: Yanmega|Protect\n|move|p1a: Celesteela|Autotomize|p1a: Celesteela\n|-boost|p1a: Celesteela|spe|2\n|-start|p1a: Celesteela|Autotomize\n|\n|-ability|p2a: Yanmega|Speed Boost|boost\n|-boost|p2a: Yanmega|spe|1\n|upkeep\n|turn|2\n|\n|t:|1700278593\n|move|p1a: Celesteela|Meteor Beam||[still]\n|-prepare|p1a: Celesteela|Meteor Beam\n|-boost|p1a: Celesteela|spa|1\n|-enditem|p1a: Celesteela|Power Herb\n|-anim|p1a: Celesteela|Meteor Beam|p2a: Yanmega\n|-supereffective|p2a: Yanmega\n|-damage|p2a: Yanmega|0 fnt\n|faint|p2a: Yanmega\n|-ability|p1a: Celesteela|Beast Boost|boost\n|-boost|p1a: Celesteela|spa|1\n|\n|upkeep\n|\n|t:|1700278606\n|switch|p2a: Buzzwole|Buzzwole|100\/100\n|turn|3\n|\n|t:|1700278613\n|move|p1a: Celesteela|Air Slash|p2a: Buzzwole\n|-supereffective|p2a: Buzzwole\n|-damage|p2a: Buzzwole|0 fnt\n|faint|p2a: Buzzwole\n|-ability|p1a: Celesteela|Beast Boost|boost\n|-boost|p1a: Celesteela|spa|1\n|\n|upkeep\n|\n|t:|1700278624\n|switch|p2a: Volcarona|Volcarona, F|100\/100\n|turn|4\n|\n|t:|1700278639\n|move|p1a: Celesteela|Air Slash|p2a: Volcarona\n|-supereffective|p2a: Volcarona\n|-damage|p2a: Volcarona|0 fnt\n|faint|p2a: Volcarona\n|-ability|p1a: Celesteela|Beast Boost|boost\n|-boost|p1a: Celesteela|spa|1\n|\n|upkeep\n|\n|t:|1700278641\n|switch|p2a: Scizor|Scizor, M|100\/100\n|turn|5\n|\n|t:|1700278645\n|move|p1a: Celesteela|Fire Blast|p2a: Scizor|[miss]\n|-miss|p1a: Celesteela|p2a: Scizor\n|move|p2a: Scizor|Dual Wingbeat|p1a: Celesteela\n|-resisted|p1a: Celesteela\n|-damage|p1a: Celesteela|91\/100\n|-resisted|p1a: Celesteela\n|-damage|p1a: Celesteela|80\/100\n|-hitcount|p1a: Celesteela|2\n|\n|upkeep\n|turn|6\n|\n|t:|1700278651\n|move|p1a: Celesteela|Fire Blast|p2a: Scizor\n|-supereffective|p2a: Scizor\n|-damage|p2a: Scizor|0 fnt\n|faint|p2a: Scizor\n|-ability|p1a: Celesteela|Beast Boost|boost\n|-boost|p1a: Celesteela|spa|1\n|\n|upkeep\n|-message|FeebasTheFish forfeited.\n|\n|win|Lxxiao\n|raw|Lxxiao's rating: 1247 &rarr; <strong>1275<\/strong><br \/>(+28 for winning)\n|raw|FeebasTheFish's rating: 1283 &rarr; <strong>1255<\/strong><br \/>(-28 for losing)\n|l|\u2606FeebasTheFish\n","uploadtime":1700278662,"views":14,"p1id":"lxxiao","p2id":"feebasthefish","formatid":"gen9nationaldex","rating":1255,"private":0,"password":""}