{"id":"gen9nationaldex-1989742204","p1":"camygonzapancake","p2":"Delreynan","format":"[Gen 9] National Dex","log":"|j|\u2606camygonzapancake\n|j|\u2606Delreynan\n|t:|1699891873\n|gametype|singles\n|player|p1|camygonzapancake|caitlin|1125\n|player|p2|Delreynan|cynthia-gen4|1009\n|teamsize|p1|6\n|teamsize|p2|6\n|gen|9\n|tier|[Gen 9] National Dex\n|rated|\n|rule|HP Percentage Mod: HP is shown in percentages\n|rule|Endless Battle Clause: Forcing endless battles is banned\n|rule|OHKO Clause: OHKO moves are banned\n|rule|Evasion Clause: Evasion abilities, items, and moves are banned\n|rule|Evasion Abilities Clause: Evasion abilities are banned\n|rule|Evasion Items Clause: Evasion items are banned\n|rule|Evasion Moves Clause: Evasion moves are banned\n|rule|Species Clause: Limit one of each Pok\u00e9mon\n|rule|Sleep Clause Mod: Limit one foe put to sleep\n|clearpoke\n|poke|p1|Venusaur, M|\n|poke|p1|Gyarados, M|\n|poke|p1|Persian, M|\n|poke|p1|Ninetales, F|\n|poke|p1|Arbok, F|\n|poke|p1|Jolteon, M|\n|poke|p2|Mudsdale, M|\n|poke|p2|Charizard, F|\n|poke|p2|Meowscarada, M|\n|poke|p2|Swampert, M|\n|poke|p2|Muk-Alola, F|\n|poke|p2|Maushold|\n|teampreview\n|inactive|Battle timer is ON: inactive players will automatically lose when time's up. (requested by Delreynan)\n|\n|t:|1699891880\n|start\n|switch|p1a: Arbok|Arbok, F|100\/100\n|switch|p2a: Gato de botas|Meowscarada, M, shiny|100\/100\n|-ability|p1a: Arbok|Intimidate|boost\n|-unboost|p2a: Gato de botas|atk|1\n|turn|1\n|\n|t:|1699891889\n|switch|p2a: Lodo|Muk-Alola, F|100\/100\n|move|p1a: Arbok|Glare|p2a: Lodo\n|-status|p2a: Lodo|par\n|\n|upkeep\n|turn|2\n|\n|t:|1699891897\n|switch|p2a: Dragoa do burro|Charizard, F|100\/100\n|move|p1a: Arbok|Coil|p1a: Arbok\n|-boost|p1a: Arbok|atk|1\n|-boost|p1a: Arbok|def|1\n|-boost|p1a: Arbok|accuracy|1\n|\n|upkeep\n|turn|3\n|\n|t:|1699891904\n|-zpower|p2a: Dragoa do burro\n|move|p2a: Dragoa do burro|Inferno Overdrive|p1a: Arbok|[zeffect]\n|-damage|p1a: Arbok|26\/100\n|move|p1a: Arbok|Rock Slide|p2a: Dragoa do burro\n|-supereffective|p2a: Dragoa do burro\n|-damage|p2a: Dragoa do burro|0 fnt\n|faint|p2a: Dragoa do burro\n|\n|-heal|p1a: Arbok|32\/100|[from] item: Black Sludge\n|upkeep\n|\n|t:|1699891924\n|switch|p2a: SWAMP|Swampert, M|100\/100\n|turn|4\n|\n|t:|1699891928\n|detailschange|p2a: SWAMP|Swampert-Mega, M\n|-mega|p2a: SWAMP|Swampert|Swampertite\n|move|p1a: Arbok|Glare|p2a: SWAMP\n|-status|p2a: SWAMP|par\n|cant|p2a: SWAMP|par\n|\n|-heal|p1a: Arbok|38\/100|[from] item: Black Sludge\n|upkeep\n|turn|5\n|\n|t:|1699891939\n|move|p1a: Arbok|Rock Slide|p2a: SWAMP\n|-resisted|p2a: SWAMP\n|-damage|p2a: SWAMP|90\/100 par\n|cant|p2a: SWAMP|par\n|\n|-heal|p1a: Arbok|45\/100|[from] item: Black Sludge\n|upkeep\n|turn|6\n|\n|t:|1699891945\n|move|p1a: Arbok|Rock Slide|p2a: SWAMP\n|-resisted|p2a: SWAMP\n|-damage|p2a: SWAMP|81\/100 par\n|move|p2a: SWAMP|Rain Dance|p2a: SWAMP\n|-weather|RainDance\n|\n|-weather|RainDance|[upkeep]\n|-heal|p1a: Arbok|51\/100|[from] item: Black Sludge\n|upkeep\n|turn|7\n|\n|t:|1699891953\n|move|p1a: Arbok|Coil|p1a: Arbok\n|-boost|p1a: Arbok|atk|1\n|-boost|p1a: Arbok|def|1\n|-boost|p1a: Arbok|accuracy|1\n|move|p2a: SWAMP|Earthquake|p1a: Arbok\n|-supereffective|p1a: Arbok\n|-damage|p1a: Arbok|0 fnt\n|faint|p1a: Arbok\n|\n|-weather|RainDance|[upkeep]\n|upkeep\n|\n|t:|1699891962\n|switch|p1a: Ninetales|Ninetales, F|100\/100\n|-weather|SunnyDay|[from] ability: Drought|[of] p1a: Ninetales\n|turn|8\n|\n|t:|1699891966\n|move|p1a: Ninetales|Solar Beam||[still]\n|-prepare|p1a: Ninetales|Solar Beam\n|-anim|p1a: Ninetales|Solar Beam|p2a: SWAMP\n|-supereffective|p2a: SWAMP\n|-damage|p2a: SWAMP|0 fnt\n|faint|p2a: SWAMP\n|\n|-weather|SunnyDay|[upkeep]\n|upkeep\n|\n|t:|1699891970\n|switch|p2a: Lodo|Muk-Alola, F|100\/100 par\n|turn|9\n|\n|t:|1699891977\n|switch|p1a: Venusaur|Venusaur, M|100\/100\n|cant|p2a: Lodo|par\n|\n|-weather|SunnyDay|[upkeep]\n|upkeep\n|turn|10\n|\n|t:|1699891983\n|switch|p2a: Gato de botas|Meowscarada, M, shiny|100\/100\n|move|p1a: Venusaur|Leech Seed|p2a: Gato de botas\n|-immune|p2a: Gato de botas\n|\n|-weather|SunnyDay|[upkeep]\n|upkeep\n|turn|11\n|\n|t:|1699891990\n|move|p1a: Venusaur|Sludge Bomb|p2a: Gato de botas\n|-supereffective|p2a: Gato de botas\n|-damage|p2a: Gato de botas|0 fnt\n|faint|p2a: Gato de botas\n|\n|-weather|SunnyDay|[upkeep]\n|upkeep\n|\n|t:|1699891994\n|switch|p2a: Ratos do Sherek|Maushold|100\/100\n|turn|12\n|\n|t:|1699891999\n|-terastallize|p2a: Ratos do Sherek|Ghost\n|move|p1a: Venusaur|Leech Seed|p2a: Ratos do Sherek\n|-start|p2a: Ratos do Sherek|move: Leech Seed\n|move|p2a: Ratos do Sherek|Tidy Up|p2a: Ratos do Sherek\n|-boost|p2a: Ratos do Sherek|atk|1\n|-boost|p2a: Ratos do Sherek|spe|1\n|\n|-weather|none\n|-damage|p2a: Ratos do Sherek|88\/100|[from] Leech Seed|[of] p1a: Venusaur\n|upkeep\n|turn|13\n|\n|t:|1699892015\n|switch|p1a: Persian|Persian, M|100\/100\n|move|p2a: Ratos do Sherek|Population Bomb|p1a: Persian\n|-damage|p1a: Persian|71\/100\n|-damage|p1a: Persian|43\/100\n|-damage|p1a: Persian|16\/100\n|-damage|p1a: Persian|0 fnt\n|faint|p1a: Persian\n|-hitcount|p1: Persian|4\n|\n|upkeep\n|\n|t:|1699892026\n|switch|p1a: Jolteon|Jolteon, M|100\/100\n|turn|14\n|\n|t:|1699892030\n|move|p2a: Ratos do Sherek|Population Bomb|p1a: Jolteon\n|-damage|p1a: Jolteon|74\/100\n|-damage|p1a: Jolteon|49\/100\n|-damage|p1a: Jolteon|21\/100\n|-crit|p1a: Jolteon\n|-damage|p1a: Jolteon|0 fnt\n|faint|p1a: Jolteon\n|-hitcount|p1: Jolteon|4\n|\n|upkeep\n|\n|t:|1699892039\n|switch|p1a: Ninetales|Ninetales, F|100\/100\n|-weather|SunnyDay|[from] ability: Drought|[of] p1a: Ninetales\n|turn|15\n|\n|t:|1699892046\n|move|p2a: Ratos do Sherek|Population Bomb|p1a: Ninetales\n|-damage|p1a: Ninetales|80\/100\n|-damage|p1a: Ninetales|59\/100\n|-damage|p1a: Ninetales|37\/100\n|-damage|p1a: Ninetales|17\/100\n|-damage|p1a: Ninetales|0 fnt\n|faint|p1a: Ninetales\n|-hitcount|p1: Ninetales|5\n|\n|-weather|SunnyDay|[upkeep]\n|upkeep\n|\n|t:|1699892056\n|switch|p1a: Venusaur|Venusaur, M|100\/100\n|turn|16\n|\n|t:|1699892060\n|move|p2a: Ratos do Sherek|Population Bomb|p1a: Venusaur\n|-damage|p1a: Venusaur|84\/100\n|-damage|p1a: Venusaur|69\/100\n|-hitcount|p1a: Venusaur|2\n|move|p1a: Venusaur|Giga Drain|p2a: Ratos do Sherek\n|-damage|p2a: Ratos do Sherek|36\/100\n|-heal|p1a: Venusaur|90\/100|[from] drain|[of] p2a: Ratos do Sherek\n|\n|-weather|SunnyDay|[upkeep]\n|-damage|p2a: Ratos do Sherek|24\/100|[from] Leech Seed|[of] p1a: Venusaur\n|-heal|p1a: Venusaur|99\/100|[silent]\n|upkeep\n|turn|17\n|\n|t:|1699892072\n|detailschange|p1a: Venusaur|Venusaur-Mega, M\n|-mega|p1a: Venusaur|Venusaur|Venusaurite\n|move|p2a: Ratos do Sherek|Population Bomb|p1a: Venusaur\n|-damage|p1a: Venusaur|87\/100\n|-damage|p1a: Venusaur|75\/100\n|-damage|p1a: Venusaur|64\/100\n|-damage|p1a: Venusaur|53\/100\n|-crit|p1a: Venusaur\n|-damage|p1a: Venusaur|36\/100\n|-damage|p1a: Venusaur|25\/100\n|-damage|p1a: Venusaur|13\/100\n|-damage|p1a: Venusaur|0 fnt\n|faint|p1a: Venusaur\n|-hitcount|p1: Venusaur|8\n|\n|-weather|SunnyDay|[upkeep]\n|upkeep\n|\n|t:|1699892087\n|switch|p1a: Gyarados|Gyarados, M|100\/100\n|turn|18\n|\n|t:|1699892092\n|move|p2a: Ratos do Sherek|Population Bomb|p1a: Gyarados\n|-damage|p1a: Gyarados|82\/100\n|-damage|p1a: Gyarados|63\/100\n|-damage|p1a: Gyarados|46\/100\n|-damage|p1a: Gyarados|27\/100\n|-damage|p1a: Gyarados|10\/100\n|-damage|p1a: Gyarados|0 fnt\n|faint|p1a: Gyarados\n|-hitcount|p1: Gyarados|6\n|\n|win|Delreynan\n|raw|camygonzapancake's rating: 1125 &rarr; <strong>1091<\/strong><br \/>(-34 for losing)\n|raw|Delreynan's rating: 1001 &rarr; <strong>1054<\/strong><br \/>(+53 for winning)\n","uploadtime":1699892103,"views":7,"p1id":"camygonzapancake","p2id":"delreynan","formatid":"gen9nationaldex","rating":1054,"private":0,"password":""}