{"id":"gen9nationaldex-1988424650","p1":"Leifthrasir","p2":"byanar","format":"[Gen 9] National Dex","log":"|j|\u2606Leifthrasir\n|j|\u2606byanar\n|t:|1699721492\n|gametype|singles\n|player|p1|Leifthrasir|lady-gen4|1424\n|player|p2|byanar|rosa|1380\n|teamsize|p1|6\n|teamsize|p2|6\n|gen|9\n|tier|[Gen 9] National Dex\n|rated|\n|rule|HP Percentage Mod: HP is shown in percentages\n|rule|Endless Battle Clause: Forcing endless battles is banned\n|rule|OHKO Clause: OHKO moves are banned\n|rule|Evasion Clause: Evasion abilities, items, and moves are banned\n|rule|Evasion Abilities Clause: Evasion abilities are banned\n|rule|Evasion Items Clause: Evasion items are banned\n|rule|Evasion Moves Clause: Evasion moves are banned\n|rule|Species Clause: Limit one of each Pok\u00e9mon\n|rule|Sleep Clause Mod: Limit one foe put to sleep\n|clearpoke\n|poke|p1|Tapu Lele|\n|poke|p1|Armarouge, F|\n|poke|p1|Polteageist-Antique|\n|poke|p1|Ogerpon-Wellspring, F|\n|poke|p1|Moltres|\n|poke|p1|Sneasler, F|\n|poke|p2|Gliscor, F|\n|poke|p2|Ferrothorn, F|\n|poke|p2|Slowking-Galar, F|\n|poke|p2|Alomomola, F|\n|poke|p2|Moltres|\n|poke|p2|Blissey, F|\n|teampreview\n|inactive|Battle timer is ON: inactive players will automatically lose when time's up. (requested by byanar)\n|inactive|Leifthrasir also wants the timer to be on.\n|\n|t:|1699721507\n|start\n|switch|p1a: \u773c\u955c\u5a18|Tapu Lele|100\/100\n|switch|p2a: Slowking|Slowking-Galar, F, shiny|100\/100\n|-fieldstart|move: Psychic Terrain|[from] ability: Psychic Surge|[of] p1a: \u773c\u955c\u5a18\n|turn|1\n|\n|t:|1699721525\n|move|p1a: \u773c\u955c\u5a18|Psyshock|p2a: Slowking\n|-damage|p2a: Slowking|42\/100\n|move|p2a: Slowking|Sludge Wave|p1a: \u773c\u955c\u5a18\n|-supereffective|p1a: \u773c\u955c\u5a18\n|-damage|p1a: \u773c\u955c\u5a18|26\/100\n|\n|upkeep\n|turn|2\n|\n|t:|1699721543\n|switch|p1a: \u58f6\u5e1d|Polteageist-Antique|100\/100\n|switch|p2a: Alomomola|Alomomola, F|100\/100\n|\n|upkeep\n|turn|3\n|inactive|Leifthrasir has 120 seconds left.\n|\n|t:|1699721565\n|move|p1a: \u58f6\u5e1d|Shell Smash|p1a: \u58f6\u5e1d\n|-unboost|p1a: \u58f6\u5e1d|def|1\n|-unboost|p1a: \u58f6\u5e1d|spd|1\n|-boost|p1a: \u58f6\u5e1d|atk|2\n|-boost|p1a: \u58f6\u5e1d|spa|2\n|-boost|p1a: \u58f6\u5e1d|spe|2\n|move|p2a: Alomomola|Knock Off|p1a: \u58f6\u5e1d\n|-supereffective|p1a: \u58f6\u5e1d\n|-enditem|p1a: \u58f6\u5e1d|Focus Sash\n|-damage|p1a: \u58f6\u5e1d|1\/100\n|-ability|p1a: \u58f6\u5e1d|Weak Armor|boost\n|-unboost|p1a: \u58f6\u5e1d|def|1\n|-boost|p1a: \u58f6\u5e1d|spe|2\n|\n|upkeep\n|turn|4\n|\n|t:|1699721570\n|move|p2a: Alomomola|Protect|p2a: Alomomola\n|-singleturn|p2a: Alomomola|Protect\n|move|p1a: \u58f6\u5e1d|Stored Power|p2a: Alomomola\n|-activate|p2a: Alomomola|move: Protect\n|\n|upkeep\n|turn|5\n|\n|t:|1699721578\n|move|p1a: \u58f6\u5e1d|Stored Power|p2a: Alomomola\n|-damage|p2a: Alomomola|0 fnt\n|faint|p2a: Alomomola\n|\n|upkeep\n|\n|t:|1699721582\n|switch|p2a: Blissey|Blissey, F|100\/100\n|turn|6\n|\n|t:|1699721588\n|-terastallize|p1a: \u58f6\u5e1d|Fighting\n|-terastallize|p2a: Blissey|Ghost\n|move|p1a: \u58f6\u5e1d|Tera Blast|p2a: Blissey|[anim] Tera Blast Fighting\n|-immune|p2a: Blissey\n|move|p2a: Blissey|Toxic|p1a: \u58f6\u5e1d\n|-status|p1a: \u58f6\u5e1d|tox\n|\n|-damage|p1a: \u58f6\u5e1d|0 fnt|[from] psn\n|faint|p1a: \u58f6\u5e1d\n|upkeep\n|l|\u2606Leifthrasir\n|inactive|Leifthrasir disconnected and has a minute to reconnect!\n|player|p1|\n|inactive|Leifthrasir has 30 seconds to reconnect!\n|inactive|Leifthrasir has 20 seconds to reconnect!\n|j|\u2606Leifthrasir\n|inactive|Leifthrasir reconnected and has 95 seconds left.\n|player|p1|Leifthrasir|lady-gen4\n|inactive|Leifthrasir has 90 seconds left.\n|\n|t:|1699721658\n|switch|p1a: Ogerpon|Ogerpon-Wellspring, F|100\/100\n|turn|7\n|\n|t:|1699721669\n|switch|p2a: Ferrothorn|Ferrothorn, F|100\/100\n|move|p1a: Ogerpon|Ivy Cudgel|p2a: Ferrothorn\n|-resisted|p2a: Ferrothorn\n|-damage|p2a: Ferrothorn|84\/100\n|\n|upkeep\n|turn|8\n|\n|t:|1699721675\n|move|p1a: Ogerpon|Spikes|p2a: Ferrothorn\n|-sidestart|p2: byanar|Spikes\n|move|p2a: Ferrothorn|Body Press|p1a: Ogerpon\n|-damage|p1a: Ogerpon|57\/100\n|\n|-fieldend|move: Psychic Terrain\n|upkeep\n|turn|9\n|inactive|Leifthrasir has 90 seconds left.\n|\n|t:|1699721682\n|switch|p1a: XY\u6389\u5e27\u72c2\u9b54|Moltres|100\/100\n|move|p2a: Ferrothorn|Body Press|p1a: XY\u6389\u5e27\u72c2\u9b54\n|-resisted|p1a: XY\u6389\u5e27\u72c2\u9b54\n|-damage|p1a: XY\u6389\u5e27\u72c2\u9b54|90\/100\n|-status|p2a: Ferrothorn|brn|[from] ability: Flame Body|[of] p1a: XY\u6389\u5e27\u72c2\u9b54\n|\n|-damage|p2a: Ferrothorn|78\/100 brn|[from] brn\n|upkeep\n|turn|10\n|\n|t:|1699721689\n|switch|p2a: Blissey|Blissey, F, tera:Ghost|100\/100\n|move|p1a: XY\u6389\u5e27\u72c2\u9b54|U-turn|p2a: Blissey\n|-resisted|p2a: Blissey\n|-damage|p2a: Blissey|86\/100\n|\n|t:|1699721691\n|switch|p1a: \u773c\u955c\u5a18|Tapu Lele|26\/100|[from] U-turn\n|-fieldstart|move: Psychic Terrain|[from] ability: Psychic Surge|[of] p1a: \u773c\u955c\u5a18\n|\n|upkeep\n|turn|11\n|\n|t:|1699721700\n|move|p1a: \u773c\u955c\u5a18|Psyshock|p2a: Blissey\n|-damage|p2a: Blissey|0 fnt\n|faint|p2a: Blissey\n|\n|upkeep\n|\n|t:|1699721702\n|switch|p2a: Gliscor|Gliscor, F|100\/100\n|turn|12\n|inactive|Leifthrasir has 120 seconds left.\n|\n|t:|1699721714\n|switch|p2a: Slowking|Slowking-Galar, F, shiny|76\/100\n|move|p1a: \u773c\u955c\u5a18|Psychic|p2a: Slowking\n|-damage|p2a: Slowking|40\/100\n|\n|upkeep\n|turn|13\n|inactive|Leifthrasir has 120 seconds left.\n|\n|t:|1699721719\n|move|p1a: \u773c\u955c\u5a18|Psyshock|p2a: Slowking\n|-damage|p2a: Slowking|0 fnt\n|faint|p2a: Slowking\n|\n|upkeep\n|-message|byanar forfeited.\n|\n|win|Leifthrasir\n|raw|Leifthrasir's rating: 1424 &rarr; <strong>1441<\/strong><br \/>(+17 for winning)\n|raw|byanar's rating: 1380 &rarr; <strong>1363<\/strong><br \/>(-17 for losing)\n|l|\u2606byanar\n","uploadtime":1699721749,"views":5,"p1id":"leifthrasir","p2id":"byanar","formatid":"gen9nationaldex","rating":1363,"private":0,"password":""}