{"id":"gen9nationaldex-1988600252","p1":"blaxxx","p2":"female charizard","format":"[Gen 9] National Dex","log":"|j|\u2606blaxxx\n|j|\u2606female charizard\n|t:|1699740567\n|gametype|singles\n|player|p1|blaxxx|benga|1152\n|player|p2|female charizard|170|1146\n|teamsize|p1|6\n|teamsize|p2|6\n|gen|9\n|tier|[Gen 9] National Dex\n|rated|\n|rule|HP Percentage Mod: HP is shown in percentages\n|rule|Endless Battle Clause: Forcing endless battles is banned\n|rule|OHKO Clause: OHKO moves are banned\n|rule|Evasion Clause: Evasion abilities, items, and moves are banned\n|rule|Evasion Abilities Clause: Evasion abilities are banned\n|rule|Evasion Items Clause: Evasion items are banned\n|rule|Evasion Moves Clause: Evasion moves are banned\n|rule|Species Clause: Limit one of each Pok\u00e9mon\n|rule|Sleep Clause Mod: Limit one foe put to sleep\n|clearpoke\n|poke|p1|Metagross|\n|poke|p1|Sceptile, M|\n|poke|p1|Garchomp, M|\n|poke|p1|Charizard, M|\n|poke|p1|Swampert, F|\n|poke|p1|Salamence, M|\n|poke|p2|Kyurem|\n|poke|p2|Abomasnow, M|\n|poke|p2|Breloom, F|\n|poke|p2|Rhyperior, M|\n|poke|p2|Ogerpon-Wellspring, F|\n|poke|p2|Ekans, M|\n|teampreview\n|\n|t:|1699740571\n|start\n|switch|p1a: Garchomp|Garchomp, M|100\/100\n|switch|p2a: thanks|Ekans, M|100\/100\n|-ability|p2a: thanks|Intimidate|boost\n|-unboost|p1a: Garchomp|atk|1\n|turn|1\n|\n|t:|1699740577\n|move|p1a: Garchomp|Swords Dance|p1a: Garchomp\n|-boost|p1a: Garchomp|atk|2\n|move|p2a: thanks|Glare|p1a: Garchomp\n|-status|p1a: Garchomp|par\n|\n|upkeep\n|turn|2\n|\n|t:|1699740585\n|move|p1a: Garchomp|Scale Shot|p2a: thanks\n|-damage|p2a: thanks|45\/100\n|-damage|p2a: thanks|0 fnt\n|faint|p2a: thanks\n|-hitcount|p2: thanks|2\n|-unboost|p1a: Garchomp|def|1\n|-boost|p1a: Garchomp|spe|1\n|\n|upkeep\n|\n|t:|1699740591\n|switch|p2a: A subtle joke|Abomasnow, M|100\/100\n|-weather|Snow|[from] ability: Snow Warning|[of] p2a: A subtle joke\n|turn|3\n|\n|t:|1699740598\n|-terastallize|p1a: Garchomp|Steel\n|move|p2a: A subtle joke|Ice Shard|p1a: Garchomp\n|-resisted|p1a: Garchomp\n|-damage|p1a: Garchomp|92\/100 par\n|move|p1a: Garchomp|Scale Shot|p2a: A subtle joke\n|-crit|p2a: A subtle joke\n|-damage|p2a: A subtle joke|74\/100\n|-damage|p2a: A subtle joke|58\/100\n|-damage|p2a: A subtle joke|42\/100\n|-damage|p2a: A subtle joke|26\/100\n|-damage|p2a: A subtle joke|9\/100\n|-hitcount|p2a: A subtle joke|5\n|-unboost|p1a: Garchomp|def|1\n|-boost|p1a: Garchomp|spe|1\n|\n|-weather|Snow|[upkeep]\n|upkeep\n|turn|4\n|\n|t:|1699740615\n|move|p2a: A subtle joke|Ice Shard|p1a: Garchomp\n|-resisted|p1a: Garchomp\n|-damage|p1a: Garchomp|80\/100 par\n|move|p1a: Garchomp|Scale Shot|p2a: A subtle joke\n|-damage|p2a: A subtle joke|0 fnt\n|faint|p2a: A subtle joke\n|-hitcount|p2: A subtle joke|1\n|-unboost|p1a: Garchomp|def|1\n|-boost|p1a: Garchomp|spe|1\n|\n|-weather|Snow|[upkeep]\n|upkeep\n|\n|t:|1699740617\n|switch|p2a: bisexual|Breloom, F|100\/100\n|turn|5\n|\n|t:|1699740628\n|move|p2a: bisexual|Mach Punch|p1a: Garchomp\n|-supereffective|p1a: Garchomp\n|-damage|p1a: Garchomp|0 fnt\n|-damage|p2a: bisexual|88\/100|[from] ability: Rough Skin|[of] p1a: Garchomp\n|faint|p1a: Garchomp\n|\n|-weather|Snow|[upkeep]\n|upkeep\n|\n|t:|1699740636\n|switch|p1a: Salamence|Salamence, M|100\/100\n|turn|6\n|j| snugglesnfluff\n|\n|t:|1699740646\n|move|p1a: Salamence|Dragon Dance|p1a: Salamence\n|-boost|p1a: Salamence|atk|1\n|-boost|p1a: Salamence|spe|1\n|move|p2a: bisexual|Spore|p1a: Salamence\n|-status|p1a: Salamence|slp|[from] move: Spore\n|\n|-weather|Snow|[upkeep]\n|upkeep\n|turn|7\n|j| kung fu pokechu\n|j| imbleach\n|\n|t:|1699740654\n|switch|p2a: SOLID SUGGESTER|Rhyperior, M|100\/100\n|cant|p1a: Salamence|slp\n|\n|-weather|none\n|upkeep\n|turn|8\n|j| less might be more\n|\n|t:|1699740660\n|-curestatus|p1a: Salamence|slp|[msg]\n|move|p1a: Salamence|Earthquake|p2a: SOLID SUGGESTER\n|-supereffective|p2a: SOLID SUGGESTER\n|-damage|p2a: SOLID SUGGESTER|9\/100\n|-enditem|p2a: SOLID SUGGESTER|Weakness Policy\n|-boost|p2a: SOLID SUGGESTER|atk|2|[from] item: Weakness Policy\n|-boost|p2a: SOLID SUGGESTER|spa|2|[from] item: Weakness Policy\n|-damage|p1a: Salamence|91\/100|[from] item: Life Orb\n|move|p2a: SOLID SUGGESTER|Rock Polish|p2a: SOLID SUGGESTER\n|-boost|p2a: SOLID SUGGESTER|spe|2\n|\n|upkeep\n|turn|9\n|\n|t:|1699740671\n|move|p1a: Salamence|Iron Head|p2a: SOLID SUGGESTER\n|-supereffective|p2a: SOLID SUGGESTER\n|-damage|p2a: SOLID SUGGESTER|0 fnt\n|faint|p2a: SOLID SUGGESTER\n|-ability|p1a: Salamence|Moxie|boost\n|-boost|p1a: Salamence|atk|1\n|-damage|p1a: Salamence|81\/100|[from] item: Life Orb\n|\n|upkeep\n|\n|t:|1699740680\n|switch|p2a: pressure friends|Kyurem|100\/100\n|-ability|p2a: pressure friends|Pressure\n|turn|10\n|\n|t:|1699740688\n|-terastallize|p2a: pressure friends|Dragon\n|move|p1a: Salamence|Iron Head|p2a: pressure friends\n|-damage|p2a: pressure friends|34\/100\n|-damage|p1a: Salamence|71\/100|[from] item: Life Orb\n|move|p2a: pressure friends|Freeze-Dry|p1a: Salamence\n|-supereffective|p1a: Salamence\n|-damage|p1a: Salamence|0 fnt\n|faint|p1a: Salamence\n|\n|-heal|p2a: pressure friends|40\/100|[from] item: Leftovers\n|upkeep\n|\n|t:|1699740706\n|switch|p1a: Charizard|Charizard, M|100\/100\n|turn|11\n|\n|t:|1699740722\n|detailschange|p1a: Charizard|Charizard-Mega-X, M\n|-mega|p1a: Charizard|Charizard|Charizardite X\n|move|p2a: pressure friends|Roost|p2a: pressure friends\n|-heal|p2a: pressure friends|90\/100\n|move|p1a: Charizard|Dragon Dance|p1a: Charizard\n|-boost|p1a: Charizard|atk|1\n|-boost|p1a: Charizard|spe|1\n|\n|-heal|p2a: pressure friends|96\/100|[from] item: Leftovers\n|upkeep\n|turn|12\n|\n|t:|1699740740\n|move|p1a: Charizard|Dragon Claw|p2a: pressure friends\n|-supereffective|p2a: pressure friends\n|-damage|p2a: pressure friends|0 fnt\n|faint|p2a: pressure friends\n|\n|upkeep\n|\n|t:|1699740747\n|switch|p2a: mods annoy me|Ogerpon-Wellspring, F|100\/100\n|turn|13\n|c| snugglesnfluff|blaxxx did you have a dragon move as your last on salamence??\n|\n|t:|1699740766\n|move|p1a: Charizard|Thunder Punch|p2a: mods annoy me\n|-damage|p2a: mods annoy me|29\/100\n|-status|p2a: mods annoy me|par\n|move|p2a: mods annoy me|Ivy Cudgel|p1a: Charizard\n|-damage|p1a: Charizard|41\/100\n|\n|upkeep\n|turn|14\n|\n|t:|1699740775\n|move|p1a: Charizard|Thunder Punch|p2a: mods annoy me\n|-damage|p2a: mods annoy me|0 fnt\n|faint|p2a: mods annoy me\n|\n|upkeep\n|\n|t:|1699740776\n|switch|p2a: bisexual|Breloom, F|88\/100\n|turn|15\n|\n|t:|1699740803\n|move|p2a: bisexual|Mach Punch|p1a: Charizard\n|-damage|p1a: Charizard|7\/100\n|move|p1a: Charizard|Fire Punch|p2a: bisexual\n|-supereffective|p2a: bisexual\n|-damage|p2a: bisexual|0 fnt\n|faint|p2a: bisexual\n|\n|win|blaxxx\n|raw|blaxxx's rating: 1152 &rarr; <strong>1179<\/strong><br \/>(+27 for winning)\n|raw|female charizard's rating: 1176 &rarr; <strong>1149<\/strong><br \/>(-27 for losing)\n|l|\u2606blaxxx\n","uploadtime":1699740813,"views":4,"p1id":"blaxxx","p2id":"femalecharizard","formatid":"gen9nationaldex","rating":1149,"private":0,"password":""}