{"id":"gen9nationaldex-1994878982","p1":"lickimaballs","p2":"Mike LEsgo","format":"[Gen 9] National Dex","log":"|html|<div class=\"broadcast-blue\"><strong>[Gen 9] National Dex is currently suspecting Sneasler! For information on how to participate check out the <a href=\"https:\/\/www.smogon.com\/forums\/threads\/sv-national-dex-suspect-8-just-dance.3731534\/\">suspect thread<\/a>.<\/strong><\/div>\n|j|\u2606lickimaballs\n|j|\u2606Mike LEsgo\n|t:|1700501087\n|gametype|singles\n|player|p1|lickimaballs|allister|1000\n|player|p2|Mike LEsgo|riley|1074\n|teamsize|p1|6\n|teamsize|p2|6\n|gen|9\n|tier|[Gen 9] National Dex\n|rated|\n|rule|HP Percentage Mod: HP is shown in percentages\n|rule|Endless Battle Clause: Forcing endless battles is banned\n|rule|OHKO Clause: OHKO moves are banned\n|rule|Evasion Clause: Evasion abilities, items, and moves are banned\n|rule|Evasion Abilities Clause: Evasion abilities are banned\n|rule|Evasion Items Clause: Evasion items are banned\n|rule|Evasion Moves Clause: Evasion moves are banned\n|rule|Species Clause: Limit one of each Pok\u00e9mon\n|rule|Sleep Clause Mod: Limit one foe put to sleep\n|clearpoke\n|poke|p1|Escavalier, M|\n|poke|p1|Aegislash, M|\n|poke|p1|Zoroark, F|\n|poke|p1|Stonjourner, M|\n|poke|p1|Ditto|\n|poke|p1|Diancie|\n|poke|p2|Feraligatr, F|\n|poke|p2|Crobat, M|\n|poke|p2|Tyranitar, F|\n|poke|p2|Hitmontop, M|\n|poke|p2|Scizor, M|\n|poke|p2|Ursaring, F|\n|teampreview\n|inactive|Battle timer is ON: inactive players will automatically lose when time's up. (requested by lickimaballs)\n|\n|t:|1700501105\n|start\n|switch|p1a: Stonjourner|Stonjourner, M|100\/100\n|switch|p2a: Crobat|Crobat, M|100\/100\n|turn|1\n|\n|t:|1700501120\n|move|p1a: Stonjourner|Stealth Rock|p2a: Crobat\n|-sidestart|p2: Mike LEsgo|move: Stealth Rock\n|move|p2a: Crobat|Whirlwind|p1a: Stonjourner\n|drag|p1a: Diancie|Diancie|100\/100\n|\n|upkeep\n|turn|2\n|\n|t:|1700501133\n|detailschange|p1a: Diancie|Diancie-Mega\n|-mega|p1a: Diancie|Diancie|Diancite\n|move|p2a: Crobat|Tailwind|p2a: Crobat\n|-sidestart|p2: Mike LEsgo|move: Tailwind\n|move|p1a: Diancie|Diamond Storm|p2a: Crobat|[miss]\n|-miss|p1a: Diancie|p2a: Crobat\n|\n|upkeep\n|turn|3\n|\n|t:|1700501142\n|move|p1a: Diancie|Diamond Storm|p2a: Crobat\n|-supereffective|p2a: Crobat\n|-damage|p2a: Crobat|0 fnt\n|faint|p2a: Crobat\n|\n|upkeep\n|c|\u2606lickimaballs|heh\n|\n|t:|1700501151\n|switch|p2a: Scizor|Scizor, M|100\/100\n|-damage|p2a: Scizor|88\/100|[from] Stealth Rock\n|turn|4\n|c|\u2606lickimaballs|oh\n|c|\u2606lickimaballs|whirlwind\n|c|\u2606lickimaballs|im dumb\n|\n|t:|1700501160\n|switch|p1a: Escavalier|Escavalier, M|100\/100\n|detailschange|p2a: Scizor|Scizor-Mega, M\n|-mega|p2a: Scizor|Scizor|Scizorite\n|move|p2a: Scizor|Bullet Punch|p1a: Escavalier\n|-resisted|p1a: Escavalier\n|-damage|p1a: Escavalier|85\/100\n|\n|-heal|p1a: Escavalier|91\/100|[from] item: Leftovers\n|upkeep\n|turn|5\n|inactive|Mike LEsgo has 120 seconds left.\n|\n|t:|1700501193\n|switch|p2a: Hitmontop|Hitmontop, M|100\/100\n|-damage|p2a: Hitmontop|94\/100|[from] Stealth Rock\n|switch|p1a: Stonjourner|Stonjourner, M|100\/100\n|\n|-heal|p2a: Hitmontop|100\/100|[from] item: Leftovers\n|-sideend|p2: Mike LEsgo|move: Tailwind\n|upkeep\n|turn|6\n|\n|t:|1700501212\n|switch|p1a: Aegislash|Aegislash, M|100\/100\n|move|p2a: Hitmontop|Fake Out|p1a: Aegislash\n|-immune|p1a: Aegislash\n|\n|upkeep\n|turn|7\n|\n|t:|1700501227\n|switch|p2a: Tyranitar|Tyranitar, F|100\/100\n|-damage|p2a: Tyranitar|88\/100|[from] Stealth Rock\n|-weather|Sandstorm|[from] ability: Sand Stream|[of] p2a: Tyranitar\n|switch|p1a: Escavalier|Escavalier, M|91\/100\n|\n|-weather|Sandstorm|[upkeep]\n|-heal|p1a: Escavalier|97\/100|[from] item: Leftovers\n|upkeep\n|turn|8\n|inactive|Mike LEsgo has 120 seconds left.\n|\n|t:|1700501242\n|-terastallize|p2a: Tyranitar|Ghost\n|move|p2a: Tyranitar|Stealth Rock|p1a: Escavalier\n|-sidestart|p1: lickimaballs|move: Stealth Rock\n|move|p1a: Escavalier|Iron Head|p2a: Tyranitar\n|-damage|p2a: Tyranitar|57\/100\n|\n|-weather|Sandstorm|[upkeep]\n|-damage|p2a: Tyranitar|51\/100|[from] Sandstorm\n|-heal|p1a: Escavalier|100\/100|[from] item: Leftovers\n|upkeep\n|turn|9\n|inactive|Mike LEsgo has 120 seconds left.\n|\n|t:|1700501253\n|move|p2a: Tyranitar|Earthquake|p1a: Escavalier\n|-damage|p1a: Escavalier|71\/100\n|move|p1a: Escavalier|Iron Head|p2a: Tyranitar\n|-damage|p2a: Tyranitar|18\/100\n|\n|-weather|Sandstorm|[upkeep]\n|-damage|p2a: Tyranitar|12\/100|[from] Sandstorm\n|-heal|p1a: Escavalier|77\/100|[from] item: Leftovers\n|upkeep\n|turn|10\n|\n|t:|1700501262\n|move|p2a: Tyranitar|Earthquake|p1a: Escavalier\n|-damage|p1a: Escavalier|47\/100\n|move|p1a: Escavalier|Iron Head|p2a: Tyranitar\n|-damage|p2a: Tyranitar|0 fnt\n|faint|p2a: Tyranitar\n|\n|-weather|Sandstorm|[upkeep]\n|-heal|p1a: Escavalier|53\/100|[from] item: Leftovers\n|upkeep\n|inactive|Mike LEsgo has 120 seconds left.\n|\n|t:|1700501275\n|switch|p2a: Hitmontop|Hitmontop, M|100\/100\n|-damage|p2a: Hitmontop|94\/100|[from] Stealth Rock\n|turn|11\n|\n|t:|1700501283\n|move|p2a: Hitmontop|Fake Out|p1a: Escavalier\n|-resisted|p1a: Escavalier\n|-damage|p1a: Escavalier|47\/100\n|cant|p1a: Escavalier|flinch\n|\n|-weather|none\n|-heal|p2a: Hitmontop|100\/100|[from] item: Leftovers\n|-heal|p1a: Escavalier|53\/100|[from] item: Leftovers\n|upkeep\n|turn|12\n|\n|t:|1700501296\n|move|p2a: Hitmontop|High Jump Kick|p1a: Escavalier\n|-damage|p1a: Escavalier|3\/100\n|move|p1a: Escavalier|Iron Head|p2a: Hitmontop\n|-damage|p2a: Hitmontop|50\/100\n|\n|-heal|p2a: Hitmontop|56\/100|[from] item: Leftovers\n|-heal|p1a: Escavalier|10\/100|[from] item: Leftovers\n|upkeep\n|turn|13\n|\n|t:|1700501307\n|move|p2a: Hitmontop|Triple Axel|p1a: Escavalier\n|-resisted|p1a: Escavalier\n|-damage|p1a: Escavalier|6\/100\n|-resisted|p1a: Escavalier\n|-damage|p1a: Escavalier|0 fnt\n|faint|p1a: Escavalier\n|-hitcount|p1: Escavalier|2\n|\n|-heal|p2a: Hitmontop|62\/100|[from] item: Leftovers\n|upkeep\n|\n|t:|1700501314\n|switch|p1a: Aegislash|Aegislash, M|100\/100\n|-damage|p1a: Aegislash|94\/100|[from] Stealth Rock\n|turn|14\n|\n|t:|1700501331\n|switch|p2a: Feraligatr|Feraligatr, F|100\/100\n|-damage|p2a: Feraligatr|88\/100|[from] Stealth Rock\n|move|p1a: Aegislash|Swords Dance|p1a: Aegislash\n|-boost|p1a: Aegislash|atk|2\n|\n|upkeep\n|turn|15\n|\n|t:|1700501349\n|move|p2a: Feraligatr|Dragon Dance|p2a: Feraligatr\n|-boost|p2a: Feraligatr|atk|1\n|-boost|p2a: Feraligatr|spe|1\n|move|p1a: Aegislash|Swords Dance|p1a: Aegislash\n|-boost|p1a: Aegislash|atk|2\n|\n|upkeep\n|turn|16\n|\n|t:|1700501356\n|-terastallize|p1a: Aegislash|Ghost\n|-formechange|p1a: Aegislash|Aegislash-Blade||[from] ability: Stance Change\n|move|p1a: Aegislash|Shadow Sneak|p2a: Feraligatr\n|-damage|p2a: Feraligatr|0 fnt\n|faint|p2a: Feraligatr\n|\n|upkeep\n|\n|t:|1700501365\n|switch|p2a: Scizor|Scizor-Mega, M|88\/100\n|-damage|p2a: Scizor|76\/100|[from] Stealth Rock\n|turn|17\n|\n|t:|1700501373\n|move|p1a: Aegislash|Shadow Sneak|p2a: Scizor\n|-damage|p2a: Scizor|0 fnt\n|faint|p2a: Scizor\n|\n|upkeep\n|\n|t:|1700501377\n|switch|p2a: Hitmontop|Hitmontop, M|62\/100\n|-damage|p2a: Hitmontop|56\/100|[from] Stealth Rock\n|turn|18\n|\n|t:|1700501384\n|move|p1a: Aegislash|Shadow Sneak|p2a: Hitmontop\n|-damage|p2a: Hitmontop|0 fnt\n|faint|p2a: Hitmontop\n|\n|upkeep\n|\n|t:|1700501388\n|switch|p2a: Ursaring|Ursaring, F|100\/100\n|-damage|p2a: Ursaring|88\/100|[from] Stealth Rock\n|turn|19\n|\n|t:|1700501396\n|move|p1a: Aegislash|Iron Head|p2a: Ursaring\n|-damage|p2a: Ursaring|0 fnt\n|faint|p2a: Ursaring\n|\n|win|lickimaballs\n|raw|lickimaballs's rating: 1000 &rarr; <strong>1048<\/strong><br \/>(+48 for winning)\n|raw|Mike LEsgo's rating: 1074 &rarr; <strong>1048<\/strong><br \/>(-26 for losing)\n|l|\u2606Mike LEsgo\n","uploadtime":1700501404,"views":3,"p1id":"lickimaballs","p2id":"mikelesgo","formatid":"gen9nationaldex","rating":1048,"private":0,"password":""}