{"id":"gen9nationaldex-1988616942","p1":"el p4n4","p2":"PeppsiAsiEs","format":"[Gen 9] National Dex","log":"|j|\u2606el p4n4\n|j|\u2606PeppsiAsiEs\n|t:|1699742420\n|gametype|singles\n|player|p1|el p4n4|lucas|\n|player|p2|PeppsiAsiEs|bellelba|\n|teamsize|p1|6\n|teamsize|p2|6\n|gen|9\n|tier|[Gen 9] National Dex\n|rule|HP Percentage Mod: HP is shown in percentages\n|rule|Endless Battle Clause: Forcing endless battles is banned\n|rule|OHKO Clause: OHKO moves are banned\n|rule|Evasion Clause: Evasion abilities, items, and moves are banned\n|rule|Evasion Abilities Clause: Evasion abilities are banned\n|rule|Evasion Items Clause: Evasion items are banned\n|rule|Evasion Moves Clause: Evasion moves are banned\n|rule|Species Clause: Limit one of each Pok\u00e9mon\n|rule|Sleep Clause Mod: Limit one foe put to sleep\n|clearpoke\n|poke|p1|Meowscarada, F|\n|poke|p1|Ceruledge, M|\n|poke|p1|Tauros-Paldea-Aqua, M|\n|poke|p1|Iron Valiant|\n|poke|p1|Maushold-Four|\n|poke|p1|Arboliva, F|\n|poke|p2|Darmanitan, M|\n|poke|p2|Ferrothorn, M|\n|poke|p2|Jellicent, M|\n|poke|p2|Volcarona, F|\n|poke|p2|Landorus-Therian, M|\n|poke|p2|Bisharp, M|\n|teampreview\n|j| AjoFC\n|c|\u2606PeppsiAsiEs|Como se nota que quieren que ganes ajsjajs\n|j| WSoldat\n|c|\u2606el p4n4|ok\n|j| Sylveon(404)\n|c|\u2606PeppsiAsiEs|Falto que digan que tengo un corsola galar tio\n|c|\u2606PeppsiAsiEs|Buena suerte.\n|c|\u2606el p4n4|ok pelea con todo bro\n|c|\u2606el p4n4|y apura que me aburro >:v\n|j| RARMolina\n|j| Dios Typhlosion\n|c| RARMolina|Ojo\n|\n|t:|1699742513\n|start\n|switch|p1a: Arboliva|Arboliva, F|100\/100\n|switch|p2a: Daruma|Darmanitan, M|100\/100\n|turn|1\n|\n|t:|1699742524\n|move|p2a: Daruma|Rock Slide|p1a: Arboliva\n|-damage|p1a: Arboliva|66\/100\n|-fieldstart|move: Grassy Terrain|[from] ability: Seed Sower|[of] p1a: Arboliva\n|move|p1a: Arboliva|Earth Power|p2a: Daruma\n|-supereffective|p2a: Daruma\n|-damage|p2a: Daruma|2\/100\n|\n|-heal|p2a: Daruma|8\/100|[from] Grassy Terrain\n|-heal|p1a: Arboliva|72\/100|[from] Grassy Terrain\n|-heal|p1a: Arboliva|78\/100|[from] item: Leftovers\n|upkeep\n|turn|2\n|j| Sai4rr\n|\n|t:|1699742535\n|switch|p2a: Sergio|Landorus-Therian, M, shiny|100\/100\n|-ability|p2a: Sergio|Intimidate|boost\n|-unboost|p1a: Arboliva|atk|1\n|move|p1a: Arboliva|Earth Power|p2a: Sergio\n|-immune|p2a: Sergio\n|\n|-heal|p1a: Arboliva|84\/100|[from] Grassy Terrain\n|-heal|p1a: Arboliva|90\/100|[from] item: Leftovers\n|upkeep\n|turn|3\n|j| Flexkip\n|\n|t:|1699742546\n|move|p2a: Sergio|Toxic|p1a: Arboliva\n|-status|p1a: Arboliva|tox\n|move|p1a: Arboliva|Hyper Voice|p2a: Sergio\n|-damage|p2a: Sergio|35\/100\n|\n|-heal|p1a: Arboliva|96\/100 tox|[from] Grassy Terrain\n|-heal|p1a: Arboliva|100\/100 tox|[from] item: Leftovers\n|-damage|p1a: Arboliva|94\/100 tox|[from] psn\n|upkeep\n|turn|4\n|c| RARMolina|Ojoooooo\n|\n|t:|1699742554\n|move|p2a: Sergio|U-turn|p1a: Arboliva\n|-supereffective|p1a: Arboliva\n|-damage|p1a: Arboliva|38\/100 tox\n|c| RARMolina|Temazooooooo\n|\n|t:|1699742564\n|switch|p2a: Pelopincho|Ferrothorn, M|100\/100|[from] U-turn\n|move|p1a: Arboliva|Hyper Voice|p2a: Pelopincho\n|-resisted|p2a: Pelopincho\n|-damage|p2a: Pelopincho|79\/100\n|\n|-heal|p1a: Arboliva|44\/100 tox|[from] Grassy Terrain\n|-heal|p1a: Arboliva|50\/100 tox|[from] item: Leftovers\n|-heal|p2a: Pelopincho|85\/100|[from] Grassy Terrain\n|-damage|p1a: Arboliva|38\/100 tox|[from] psn\n|upkeep\n|turn|5\n|\n|t:|1699742575\n|move|p2a: Pelopincho|Protect|p2a: Pelopincho\n|-singleturn|p2a: Pelopincho|Protect\n|move|p1a: Arboliva|Earth Power|p2a: Pelopincho\n|-activate|p2a: Pelopincho|move: Protect\n|\n|-heal|p1a: Arboliva|44\/100 tox|[from] Grassy Terrain\n|-heal|p1a: Arboliva|50\/100 tox|[from] item: Leftovers\n|-heal|p2a: Pelopincho|91\/100|[from] Grassy Terrain\n|-damage|p1a: Arboliva|32\/100 tox|[from] psn\n|-fieldend|move: Grassy Terrain\n|upkeep\n|turn|6\n|\n|t:|1699742598\n|switch|p2a: Mr. Fishy|Jellicent, M|100\/100\n|move|p1a: Arboliva|Hyper Voice|p2a: Mr. Fishy\n|-immune|p2a: Mr. Fishy\n|\n|-heal|p1a: Arboliva|38\/100 tox|[from] item: Leftovers\n|-damage|p1a: Arboliva|14\/100 tox|[from] psn\n|upkeep\n|turn|7\n|\n|t:|1699742606\n|switch|p2a: Pelopincho|Ferrothorn, M|91\/100\n|move|p1a: Arboliva|Giga Drain|p2a: Pelopincho\n|-resisted|p2a: Pelopincho\n|-damage|p2a: Pelopincho|82\/100\n|-heal|p1a: Arboliva|18\/100 tox|[from] drain|[of] p2a: Pelopincho\n|\n|-heal|p1a: Arboliva|25\/100 tox|[from] item: Leftovers\n|-damage|p1a: Arboliva|0 fnt|[from] psn\n|faint|p1a: Arboliva\n|upkeep\n|\n|t:|1699742620\n|switch|p1a: Ceruledge|Ceruledge, M|100\/100\n|turn|8\n|\n|t:|1699742625\n|-terastallize|p2a: Pelopincho|Water\n|move|p1a: Ceruledge|Swords Dance|p1a: Ceruledge\n|-boost|p1a: Ceruledge|atk|2\n|move|p2a: Pelopincho|Thunder Wave|p1a: Ceruledge\n|-status|p1a: Ceruledge|par\n|\n|upkeep\n|turn|9\n|\n|t:|1699742634\n|move|p1a: Ceruledge|Swords Dance|p1a: Ceruledge\n|-boost|p1a: Ceruledge|atk|2\n|move|p2a: Pelopincho|Leech Seed|p1a: Ceruledge\n|-start|p1a: Ceruledge|move: Leech Seed\n|\n|-damage|p1a: Ceruledge|88\/100 par|[from] Leech Seed|[of] p2a: Pelopincho\n|-heal|p2a: Pelopincho|93\/100|[silent]\n|upkeep\n|turn|10\n|c| Sai4rr|Saca a mi novia meowscarada\n|\n|t:|1699742669\n|move|p1a: Ceruledge|Close Combat|p2a: Pelopincho\n|-damage|p2a: Pelopincho|26\/100\n|-unboost|p1a: Ceruledge|def|1\n|-unboost|p1a: Ceruledge|spd|1\n|-damage|p1a: Ceruledge|76\/100 par|[from] ability: Iron Barbs|[of] p2a: Pelopincho\n|-damage|p1a: Ceruledge|59\/100 par|[from] item: Rocky Helmet|[of] p2a: Pelopincho\n|move|p2a: Pelopincho|Power Whip|p1a: Ceruledge\n|-resisted|p1a: Ceruledge\n|-damage|p1a: Ceruledge|19\/100 par\n|-ability|p1a: Ceruledge|Weak Armor|boost\n|-unboost|p1a: Ceruledge|def|1\n|-boost|p1a: Ceruledge|spe|2\n|\n|-damage|p1a: Ceruledge|7\/100 par|[from] Leech Seed|[of] p2a: Pelopincho\n|-heal|p2a: Pelopincho|36\/100|[silent]\n|upkeep\n|turn|11\n|\n|t:|1699742684\n|move|p2a: Pelopincho|Protect|p2a: Pelopincho\n|-singleturn|p2a: Pelopincho|Protect\n|cant|p1a: Ceruledge|par\n|\n|-damage|p1a: Ceruledge|0 fnt|[from] Leech Seed|[of] p2a: Pelopincho\n|-heal|p2a: Pelopincho|42\/100|[silent]\n|faint|p1a: Ceruledge\n|upkeep\n|\n|t:|1699742692\n|switch|p1a: Meowscarada|Meowscarada, F|100\/100\n|turn|12\n|\n|t:|1699742699\n|switch|p2a: Sergio|Landorus-Therian, M, shiny|35\/100\n|-ability|p2a: Sergio|Intimidate|boost\n|-unboost|p1a: Meowscarada|atk|1\n|move|p1a: Meowscarada|Flower Trick|p2a: Sergio\n|-start|p1a: Meowscarada|typechange|Grass|[from] ability: Protean\n|-crit|p2a: Sergio\n|-damage|p2a: Sergio|0 fnt\n|faint|p2a: Sergio\n|\n|upkeep\n|c| Dios Typhlosion|Gen 5 GOD\n|\n|t:|1699742715\n|switch|p2a: Mothra|Volcarona, F, shiny|100\/100\n|turn|13\n|\n|t:|1699742718\n|move|p1a: Meowscarada|Hone Claws|p1a: Meowscarada\n|-boost|p1a: Meowscarada|atk|1\n|-boost|p1a: Meowscarada|accuracy|1\n|move|p2a: Mothra|Quiver Dance|p2a: Mothra\n|-boost|p2a: Mothra|spa|1\n|-boost|p2a: Mothra|spd|1\n|-boost|p2a: Mothra|spe|1\n|\n|upkeep\n|turn|14\n|\n|t:|1699742725\n|move|p2a: Mothra|Fiery Dance|p1a: Meowscarada\n|-supereffective|p1a: Meowscarada\n|-enditem|p1a: Meowscarada|Focus Sash\n|-damage|p1a: Meowscarada|1\/100\n|-boost|p2a: Mothra|spa|1\n|move|p1a: Meowscarada|Hone Claws|p1a: Meowscarada\n|-boost|p1a: Meowscarada|atk|1\n|-boost|p1a: Meowscarada|accuracy|1\n|\n|upkeep\n|turn|15\n|\n|t:|1699742738\n|move|p1a: Meowscarada|Sucker Punch|p2a: Mothra\n|-damage|p2a: Mothra|54\/100\n|-status|p1a: Meowscarada|brn|[from] ability: Flame Body|[of] p2a: Mothra\n|move|p2a: Mothra|Fiery Dance|p1a: Meowscarada\n|-supereffective|p1a: Meowscarada\n|-damage|p1a: Meowscarada|0 fnt\n|-boost|p2a: Mothra|spa|1\n|faint|p1a: Meowscarada\n|\n|upkeep\n|\n|t:|1699742751\n|switch|p1a: Iron Valiant|Iron Valiant|100\/100\n|-enditem|p1a: Iron Valiant|Booster Energy\n|-activate|p1a: Iron Valiant|ability: Quark Drive|[fromitem]\n|-start|p1a: Iron Valiant|quarkdrivespe\n|turn|16\n|c| Dios Typhlosion|C muri\u00f3\n|\n|t:|1699742768\n|-terastallize|p1a: Iron Valiant|Electric\n|move|p1a: Iron Valiant|Thunderbolt|p2a: Mothra\n|-damage|p2a: Mothra|23\/100\n|-status|p2a: Mothra|par\n|move|p2a: Mothra|Fiery Dance|p1a: Iron Valiant\n|-damage|p1a: Iron Valiant|0 fnt\n|-boost|p2a: Mothra|spa|1\n|faint|p1a: Iron Valiant\n|-end|p1a: Iron Valiant|Quark Drive|[silent]\n|\n|upkeep\n|\n|t:|1699742779\n|switch|p1a: Tauros|Tauros-Paldea-Aqua, M|100\/100\n|-ability|p1a: Tauros|Intimidate|boost\n|-unboost|p2a: Mothra|atk|1\n|turn|17\n|c| Sylveon(404)|ggs\n|c| Flexkip|Fuck\n|\n|t:|1699742784\n|move|p1a: Tauros|Aqua Jet|p2a: Mothra\n|-supereffective|p2a: Mothra\n|-damage|p2a: Mothra|0 fnt\n|faint|p2a: Mothra\n|\n|upkeep\n|\n|t:|1699742789\n|switch|p2a: Mr. Fishy|Jellicent, M|100\/100\n|turn|18\n|\n|t:|1699742797\n|move|p1a: Tauros|Earthquake|p2a: Mr. Fishy\n|-damage|p2a: Mr. Fishy|63\/100\n|move|p2a: Mr. Fishy|Toxic|p1a: Tauros\n|-status|p1a: Tauros|tox\n|\n|-heal|p2a: Mr. Fishy|70\/100|[from] item: Leftovers\n|-damage|p1a: Tauros|94\/100 tox|[from] psn\n|upkeep\n|turn|19\n|\n|t:|1699742804\n|move|p1a: Tauros|Bulk Up|p1a: Tauros\n|-boost|p1a: Tauros|atk|1\n|-boost|p1a: Tauros|def|1\n|move|p2a: Mr. Fishy|Recover|p2a: Mr. Fishy\n|-heal|p2a: Mr. Fishy|100\/100\n|\n|-damage|p1a: Tauros|82\/100 tox|[from] psn\n|upkeep\n|turn|20\n|\n|t:|1699742811\n|move|p1a: Tauros|Earthquake|p2a: Mr. Fishy\n|-damage|p2a: Mr. Fishy|47\/100\n|move|p2a: Mr. Fishy|Taunt|p1a: Tauros\n|-start|p1a: Tauros|move: Taunt\n|\n|-heal|p2a: Mr. Fishy|53\/100|[from] item: Leftovers\n|-damage|p1a: Tauros|64\/100 tox|[from] psn\n|upkeep\n|turn|21\n|\n|t:|1699742819\n|move|p1a: Tauros|Earthquake|p2a: Mr. Fishy\n|-damage|p2a: Mr. Fishy|2\/100\n|move|p2a: Mr. Fishy|Recover|p2a: Mr. Fishy\n|-heal|p2a: Mr. Fishy|52\/100\n|\n|-heal|p2a: Mr. Fishy|58\/100|[from] item: Leftovers\n|-damage|p1a: Tauros|39\/100 tox|[from] psn\n|upkeep\n|turn|22\n|\n|t:|1699742829\n|move|p1a: Tauros|Earthquake|p2a: Mr. Fishy\n|-damage|p2a: Mr. Fishy|6\/100\n|move|p2a: Mr. Fishy|Recover|p2a: Mr. Fishy\n|-heal|p2a: Mr. Fishy|56\/100\n|\n|-heal|p2a: Mr. Fishy|62\/100|[from] item: Leftovers\n|-damage|p1a: Tauros|8\/100 tox|[from] psn\n|upkeep\n|turn|23\n|\n|t:|1699742836\n|move|p1a: Tauros|Earthquake|p2a: Mr. Fishy\n|-damage|p2a: Mr. Fishy|9\/100\n|move|p2a: Mr. Fishy|Recover|p2a: Mr. Fishy\n|-heal|p2a: Mr. Fishy|59\/100\n|\n|-heal|p2a: Mr. Fishy|65\/100|[from] item: Leftovers\n|-damage|p1a: Tauros|0 fnt|[from] psn\n|faint|p1a: Tauros\n|upkeep\n|c|\u2606PeppsiAsiEs|Deberia ser eterno el stall\n|\n|t:|1699742844\n|switch|p1a: Maushold|Maushold-Four|100\/100\n|turn|24\n|\n|t:|1699742853\n|move|p1a: Maushold|Tidy Up|p1a: Maushold\n|-boost|p1a: Maushold|atk|1\n|-boost|p1a: Maushold|spe|1\n|move|p2a: Mr. Fishy|Scald|p1a: Maushold\n|-damage|p1a: Maushold|66\/100\n|-status|p1a: Maushold|brn\n|\n|-heal|p2a: Mr. Fishy|71\/100|[from] item: Leftovers\n|-damage|p1a: Maushold|60\/100 brn|[from] brn\n|upkeep\n|turn|25\n|c| Flexkip|Gg\n|\n|t:|1699742863\n|move|p1a: Maushold|Bite|p2a: Mr. Fishy\n|-supereffective|p2a: Mr. Fishy\n|-damage|p2a: Mr. Fishy|33\/100\n|cant|p2a: Mr. Fishy|flinch\n|\n|-heal|p2a: Mr. Fishy|39\/100|[from] item: Leftovers\n|-damage|p1a: Maushold|54\/100 brn|[from] brn\n|upkeep\n|turn|26\n|c| Sylveon(404)|TONTO\n|c| Sylveon(404)|USA ENCORE\n|c| RARMolina|Gg\n|c| Sylveon(404)|MONO\n|c| Dios Typhlosion|Lmao\n|c|\u2606el p4n4|no tengo encore\n|\n|t:|1699742876\n|move|p1a: Maushold|Bite|p2a: Mr. Fishy\n|-supereffective|p2a: Mr. Fishy\n|-damage|p2a: Mr. Fishy|1\/100\n|cant|p2a: Mr. Fishy|flinch\n|\n|-heal|p2a: Mr. Fishy|8\/100|[from] item: Leftovers\n|-damage|p1a: Maushold|48\/100 brn|[from] brn\n|upkeep\n|turn|27\n|c| Dios Typhlosion|Grande Pep\n|\n|t:|1699742883\n|move|p1a: Maushold|Bite|p2a: Mr. Fishy\n|-supereffective|p2a: Mr. Fishy\n|-damage|p2a: Mr. Fishy|0 fnt\n|faint|p2a: Mr. Fishy\n|\n|-damage|p1a: Maushold|42\/100 brn|[from] brn\n|upkeep\n|c|\u2606el p4n4|F\n|c|\u2606el p4n4|ya perdi\n|\n|t:|1699742893\n|switch|p2a: Pelopincho|Ferrothorn, M, tera:Water|42\/100\n|turn|28\n|\n|t:|1699742899\n|move|p2a: Pelopincho|Protect|p2a: Pelopincho\n|-singleturn|p2a: Pelopincho|Protect\n|move|p1a: Maushold|Population Bomb|p2a: Pelopincho\n|-activate|p2a: Pelopincho|move: Protect\n|\n|-damage|p1a: Maushold|35\/100 brn|[from] brn\n|upkeep\n|turn|29\n|\n|t:|1699742913\n|move|p2a: Pelopincho|Protect||[still]\n|-fail|p2a: Pelopincho\n|move|p1a: Maushold|Population Bomb|p2a: Pelopincho\n|-damage|p2a: Pelopincho|37\/100\n|-damage|p1a: Maushold|23\/100 brn|[from] ability: Iron Barbs|[of] p2a: Pelopincho\n|-damage|p1a: Maushold|6\/100 brn|[from] item: Rocky Helmet|[of] p2a: Pelopincho\n|-damage|p2a: Pelopincho|32\/100\n|-damage|p1a: Maushold|0 fnt|[from] ability: Iron Barbs|[of] p2a: Pelopincho\n|faint|p1a: Maushold\n|\n|win|PeppsiAsiEs\n|-hitcount|p2a: Pelopincho|2\n|l| Flexkip\n|c|\u2606PeppsiAsiEs|gg\n|l| RARMolina\n","uploadtime":1699742928,"views":9,"p1id":"elp4n4","p2id":"peppsiasies","formatid":"gen9nationaldex","rating":0,"private":0,"password":""}