{"id":"gen9nationaldex-1993859233","p1":"baigu2","p2":"JogadorCaro","format":"[Gen 9] National Dex","log":"|j|\u2606baigu2\n|j|\u2606JogadorCaro\n|t:|1700366318\n|gametype|singles\n|player|p1|baigu2|dawn|1729\n|player|p2|JogadorCaro|tate|1763\n|teamsize|p1|6\n|teamsize|p2|6\n|gen|9\n|tier|[Gen 9] National Dex\n|rated|\n|rule|HP Percentage Mod: HP is shown in percentages\n|rule|Endless Battle Clause: Forcing endless battles is banned\n|rule|OHKO Clause: OHKO moves are banned\n|rule|Evasion Clause: Evasion abilities, items, and moves are banned\n|rule|Evasion Abilities Clause: Evasion abilities are banned\n|rule|Evasion Items Clause: Evasion items are banned\n|rule|Evasion Moves Clause: Evasion moves are banned\n|rule|Species Clause: Limit one of each Pok\u00e9mon\n|rule|Sleep Clause Mod: Limit one foe put to sleep\n|clearpoke\n|poke|p1|Ursaluna, F|\n|poke|p1|Dragonite, F|\n|poke|p1|Slowking, M|\n|poke|p1|Tapu Koko|\n|poke|p1|Hoopa-Unbound|\n|poke|p1|Great Tusk|\n|poke|p2|Garganacl, M|\n|poke|p2|Zamazenta-*|\n|poke|p2|Volcarona, M|\n|poke|p2|Hoopa-Unbound|\n|poke|p2|Dondozo, F|\n|poke|p2|Rotom-Wash|\n|teampreview\n|inactive|Battle timer is ON: inactive players will automatically lose when time's up. (requested by baigu2)\n|\n|t:|1700366338\n|start\n|switch|p1a: Tapu Koko|Tapu Koko|100\/100\n|switch|p2a: mulher|Rotom-Wash|100\/100\n|-fieldstart|move: Electric Terrain|[from] ability: Electric Surge|[of] p1a: Tapu Koko\n|turn|1\n|\n|t:|1700366348\n|move|p1a: Tapu Koko|Thunderbolt|p2a: mulher\n|-damage|p2a: mulher|42\/100\n|move|p2a: mulher|Volt Switch|p1a: Tapu Koko\n|-resisted|p1a: Tapu Koko\n|-damage|p1a: Tapu Koko|82\/100\n|\n|t:|1700366359\n|switch|p2a: Agito|Hoopa-Unbound|100\/100|[from] Volt Switch\n|\n|upkeep\n|turn|2\n|\n|t:|1700366370\n|switch|p1a: Hoopa|Hoopa-Unbound|100\/100\n|move|p2a: Agito|Dark Pulse|p1a: Hoopa\n|-damage|p1a: Hoopa|31\/100\n|\n|upkeep\n|turn|3\n|\n|t:|1700366376\n|switch|p1a: Tapu Koko|Tapu Koko|82\/100\n|move|p2a: Agito|Dark Pulse|p1a: Tapu Koko\n|-resisted|p1a: Tapu Koko\n|-damage|p1a: Tapu Koko|26\/100\n|\n|upkeep\n|turn|4\n|\n|t:|1700366385\n|switch|p2a: mulher|Rotom-Wash|42\/100\n|move|p1a: Tapu Koko|U-turn|p2a: mulher\n|-damage|p2a: mulher|25\/100\n|\n|t:|1700366401\n|switch|p1a: Dragonite|Dragonite, F|100\/100|[from] U-turn\n|\n|-heal|p2a: mulher|31\/100|[from] item: Leftovers\n|upkeep\n|turn|5\n|\n|t:|1700366406\n|move|p2a: mulher|Pain Split|p1a: Dragonite\n|-sethp|p1a: Dragonite|63\/100|[from] move: Pain Split|[silent]\n|-sethp|p2a: mulher|79\/100|[from] move: Pain Split\n|move|p1a: Dragonite|Outrage|p2a: mulher\n|-damage|p2a: mulher|0 fnt\n|faint|p2a: mulher\n|\n|-fieldend|move: Electric Terrain\n|upkeep\n|\n|t:|1700366414\n|switch|p2a: Toji|Zamazenta|100\/100\n|-ability|p2a: Toji|Dauntless Shield|boost\n|-boost|p2a: Toji|def|1\n|turn|6\n|\n|t:|1700366416\n|move|p2a: Toji|Ice Fang|p1a: Dragonite\n|-supereffective|p1a: Dragonite\n|-damage|p1a: Dragonite|0 fnt\n|faint|p1a: Dragonite\n|\n|upkeep\n|\n|t:|1700366424\n|switch|p1a: Slowking|Slowking, M|100\/100\n|turn|7\n|\n|t:|1700366429\n|switch|p2a: Agito|Hoopa-Unbound|100\/100\n|move|p1a: Slowking|Scald|p2a: Agito\n|-damage|p2a: Agito|75\/100\n|\n|upkeep\n|turn|8\n|\n|t:|1700366432\n|move|p2a: Agito|Dark Pulse|p1a: Slowking\n|-supereffective|p1a: Slowking\n|-damage|p1a: Slowking|9\/100\n|move|p1a: Slowking|Teleport|p1a: Slowking\n|\n|t:|1700366435\n|switch|p1a: Tapu Koko|Tapu Koko|26\/100|[from] Teleport\n|-fieldstart|move: Electric Terrain|[from] ability: Electric Surge|[of] p1a: Tapu Koko\n|\n|upkeep\n|turn|9\n|\n|t:|1700366441\n|switch|p2a: Endeavor|Volcarona, M|100\/100\n|move|p1a: Tapu Koko|U-turn|p2a: Endeavor\n|-resisted|p2a: Endeavor\n|-damage|p2a: Endeavor|87\/100\n|-status|p1a: Tapu Koko|brn|[from] ability: Flame Body|[of] p2a: Endeavor\n|\n|t:|1700366445\n|switch|p1a: Ursaluna|Ursaluna, F|100\/100|[from] U-turn\n|\n|-status|p1a: Ursaluna|brn|[from] item: Flame Orb\n|upkeep\n|turn|10\n|\n|t:|1700366453\n|-terastallize|p1a: Ursaluna|Normal\n|move|p2a: Endeavor|Fiery Dance|p1a: Ursaluna\n|-damage|p1a: Ursaluna|62\/100 brn\n|-boost|p2a: Endeavor|spa|1\n|move|p1a: Ursaluna|Facade|p2a: Endeavor\n|-damage|p2a: Endeavor|0 fnt\n|faint|p2a: Endeavor\n|\n|-damage|p1a: Ursaluna|55\/100 brn|[from] brn\n|upkeep\n|\n|t:|1700366465\n|switch|p2a: Toji|Zamazenta|100\/100\n|turn|11\n|\n|t:|1700366469\n|switch|p1a: Great Tusk|Great Tusk|100\/100\n|move|p2a: Toji|Close Combat|p1a: Great Tusk\n|-damage|p1a: Great Tusk|47\/100\n|-unboost|p2a: Toji|def|1\n|-unboost|p2a: Toji|spd|1\n|\n|upkeep\n|turn|12\n|\n|t:|1700366482\n|move|p2a: Toji|Close Combat|p1a: Great Tusk\n|-damage|p1a: Great Tusk|0 fnt\n|-unboost|p2a: Toji|def|1\n|-unboost|p2a: Toji|spd|1\n|faint|p1a: Great Tusk\n|-end|p1a: Great Tusk|Protosynthesis|[silent]\n|\n|-fieldend|move: Electric Terrain\n|upkeep\n|\n|t:|1700366485\n|switch|p1a: Slowking|Slowking, M|42\/100\n|turn|13\n|\n|t:|1700366495\n|move|p2a: Toji|Close Combat|p1a: Slowking\n|-resisted|p1a: Slowking\n|-damage|p1a: Slowking|0 fnt\n|-unboost|p2a: Toji|def|1\n|-unboost|p2a: Toji|spd|1\n|faint|p1a: Slowking\n|\n|upkeep\n|\n|t:|1700366499\n|switch|p1a: Tapu Koko|Tapu Koko|26\/100 brn\n|-fieldstart|move: Electric Terrain|[from] ability: Electric Surge|[of] p1a: Tapu Koko\n|turn|14\n|\n|t:|1700366502\n|move|p2a: Toji|Close Combat|p1a: Tapu Koko\n|-resisted|p1a: Tapu Koko\n|-damage|p1a: Tapu Koko|0 fnt\n|-unboost|p2a: Toji|def|1\n|-unboost|p2a: Toji|spd|1\n|faint|p1a: Tapu Koko\n|\n|upkeep\n|-message|baigu2 forfeited.\n|\n|win|JogadorCaro\n|raw|baigu2's rating: 1729 &rarr; <strong>1711<\/strong><br \/>(-18 for losing)\n|raw|JogadorCaro's rating: 1763 &rarr; <strong>1781<\/strong><br \/>(+18 for winning)\n|l|\u2606baigu2\n","uploadtime":1700366511,"views":9,"p1id":"baigu2","p2id":"jogadorcaro","formatid":"gen9nationaldex","rating":1711,"private":0,"password":""}