{"id":"gen9nationaldex-1991467183","p1":"Rankuroi","p2":"Detective Pillow","format":"[Gen 9] National Dex","log":"|j|\u2606Rankuroi\n|j|\u2606Detective Pillow\n|t:|1700079641\n|gametype|singles\n|player|p1|Rankuroi|erika|1234\n|player|p2|Detective Pillow|veteran|1261\n|teamsize|p1|6\n|teamsize|p2|6\n|gen|9\n|tier|[Gen 9] National Dex\n|rated|\n|rule|HP Percentage Mod: HP is shown in percentages\n|rule|Endless Battle Clause: Forcing endless battles is banned\n|rule|OHKO Clause: OHKO moves are banned\n|rule|Evasion Clause: Evasion abilities, items, and moves are banned\n|rule|Evasion Abilities Clause: Evasion abilities are banned\n|rule|Evasion Items Clause: Evasion items are banned\n|rule|Evasion Moves Clause: Evasion moves are banned\n|rule|Species Clause: Limit one of each Pok\u00e9mon\n|rule|Sleep Clause Mod: Limit one foe put to sleep\n|clearpoke\n|poke|p1|Victreebel, M|\n|poke|p1|Torkoal, M|\n|poke|p1|Seaking, M|\n|poke|p1|Octillery, F|\n|poke|p1|Spiritomb, M|\n|poke|p1|Sunflora, M|\n|poke|p2|Ogerpon-Wellspring, F|\n|poke|p2|Ferrothorn, M|\n|poke|p2|Dragonite, F|\n|poke|p2|Alomomola, M|\n|poke|p2|Moltres|\n|poke|p2|Swampert, F|\n|teampreview\n|inactive|Battle timer is ON: inactive players will automatically lose when time's up. (requested by Rankuroi)\n|inactive|Detective Pillow also wants the timer to be on.\n|\n|t:|1700079653\n|start\n|switch|p1a: Octillery|Octillery, F|100\/100\n|switch|p2a: Swampert|Swampert, F|100\/100\n|turn|1\n|\n|t:|1700079668\n|switch|p2a: Ferrothorn|Ferrothorn, M|100\/100\n|move|p1a: Octillery|Surf|p2a: Ferrothorn\n|-resisted|p2a: Ferrothorn\n|-damage|p2a: Ferrothorn|82\/100\n|\n|-heal|p2a: Ferrothorn|89\/100|[from] item: Leftovers\n|upkeep\n|turn|2\n|\n|t:|1700079676\n|move|p1a: Octillery|Flamethrower|p2a: Ferrothorn\n|-supereffective|p2a: Ferrothorn\n|-damage|p2a: Ferrothorn|0 fnt\n|faint|p2a: Ferrothorn\n|\n|upkeep\n|\n|t:|1700079687\n|switch|p2a: Ogerpon|Ogerpon-Wellspring, F|100\/100\n|turn|3\n|\n|t:|1700079690\n|move|p2a: Ogerpon|Horn Leech|p1a: Octillery\n|-supereffective|p1a: Octillery\n|-damage|p1a: Octillery|0 fnt\n|faint|p1a: Octillery\n|\n|upkeep\n|\n|t:|1700079698\n|switch|p1a: Sunflora|Sunflora, M, shiny|100\/100\n|turn|4\n|\n|t:|1700079705\n|switch|p2a: Dragonite|Dragonite, F|100\/100\n|move|p1a: Sunflora|Sludge Bomb|p2a: Dragonite\n|-damage|p2a: Dragonite|84\/100\n|\n|upkeep\n|turn|5\n|\n|t:|1700079712\n|-terastallize|p1a: Sunflora|Fairy\n|move|p2a: Dragonite|Dragon Dance|p2a: Dragonite\n|-boost|p2a: Dragonite|atk|1\n|-boost|p2a: Dragonite|spe|1\n|move|p1a: Sunflora|Dazzling Gleam|p2a: Dragonite\n|-supereffective|p2a: Dragonite\n|-damage|p2a: Dragonite|2\/100\n|\n|upkeep\n|turn|6\n|\n|t:|1700079721\n|switch|p1a: Spiritomb|Spiritomb, M, shiny|100\/100\n|move|p2a: Dragonite|Extreme Speed|p1a: Spiritomb\n|-immune|p1a: Spiritomb\n|\n|upkeep\n|turn|7\n|\n|t:|1700079728\n|move|p1a: Spiritomb|Sucker Punch||[still]\n|-fail|p1a: Spiritomb\n|move|p2a: Dragonite|Roost|p2a: Dragonite\n|-heal|p2a: Dragonite|52\/100\n|-singleturn|p2a: Dragonite|move: Roost\n|\n|upkeep\n|turn|8\n|\n|t:|1700079735\n|move|p2a: Dragonite|Roost|p2a: Dragonite\n|-heal|p2a: Dragonite|100\/100\n|-singleturn|p2a: Dragonite|move: Roost\n|move|p1a: Spiritomb|Foul Play|p2a: Dragonite\n|-damage|p2a: Dragonite|54\/100\n|\n|upkeep\n|turn|9\n|\n|t:|1700079742\n|move|p2a: Dragonite|Earthquake|p1a: Spiritomb\n|-damage|p1a: Spiritomb|31\/100\n|move|p1a: Spiritomb|Foul Play|p2a: Dragonite\n|-damage|p2a: Dragonite|0 fnt\n|faint|p2a: Dragonite\n|\n|upkeep\n|\n|t:|1700079751\n|switch|p2a: Ogerpon|Ogerpon-Wellspring, F|100\/100\n|turn|10\n|\n|t:|1700079756\n|switch|p1a: Torkoal|Torkoal, M, shiny|100\/100\n|-weather|SunnyDay|[from] ability: Drought|[of] p1a: Torkoal\n|move|p2a: Ogerpon|Ivy Cudgel|p1a: Torkoal|[anim] Ivy Cudgel Water\n|-supereffective|p1a: Torkoal\n|-damage|p1a: Torkoal|57\/100\n|\n|-weather|SunnyDay|[upkeep]\n|upkeep\n|turn|11\n|\n|t:|1700079766\n|switch|p2a: Swampert|Swampert, F|100\/100\n|move|p1a: Torkoal|Explosion|p2a: Swampert\n|-crit|p2a: Swampert\n|-damage|p2a: Swampert|36\/100\n|faint|p1a: Torkoal\n|\n|-weather|SunnyDay|[upkeep]\n|upkeep\n|\n|t:|1700079775\n|switch|p1a: Victreebel|Victreebel, M, shiny|100\/100\n|turn|12\n|\n|t:|1700079781\n|switch|p2a: Moltres|Moltres|100\/100\n|move|p1a: Victreebel|Growth|p1a: Victreebel\n|-boost|p1a: Victreebel|atk|2\n|-boost|p1a: Victreebel|spa|2\n|\n|-weather|SunnyDay|[upkeep]\n|upkeep\n|turn|13\n|\n|t:|1700079795\n|move|p1a: Victreebel|Sludge Bomb|p2a: Moltres\n|-damage|p2a: Moltres|14\/100\n|move|p2a: Moltres|Flamethrower|p1a: Victreebel\n|-supereffective|p1a: Victreebel\n|-enditem|p1a: Victreebel|Focus Sash\n|-damage|p1a: Victreebel|1\/100\n|\n|-weather|SunnyDay|[upkeep]\n|upkeep\n|turn|14\n|\n|t:|1700079804\n|-terastallize|p2a: Moltres|Steel\n|move|p1a: Victreebel|Giga Drain|p2a: Moltres\n|-resisted|p2a: Moltres\n|-damage|p2a: Moltres|0 fnt\n|-heal|p1a: Victreebel|10\/100|[from] drain|[of] p2a: Moltres\n|faint|p2a: Moltres\n|\n|-weather|SunnyDay|[upkeep]\n|upkeep\n|\n|t:|1700079812\n|switch|p2a: Alomomola|Alomomola, M|100\/100\n|turn|15\n|\n|t:|1700079815\n|move|p2a: Alomomola|Protect|p2a: Alomomola\n|-singleturn|p2a: Alomomola|Protect\n|move|p1a: Victreebel|Giga Drain|p2a: Alomomola\n|-activate|p2a: Alomomola|move: Protect\n|\n|-weather|SunnyDay|[upkeep]\n|upkeep\n|turn|16\n|\n|t:|1700079823\n|switch|p2a: Swampert|Swampert, F|36\/100\n|move|p1a: Victreebel|Giga Drain|p2a: Swampert\n|-supereffective|p2a: Swampert\n|-damage|p2a: Swampert|0 fnt\n|-heal|p1a: Victreebel|34\/100|[from] drain|[of] p2a: Swampert\n|faint|p2a: Swampert\n|\n|-weather|SunnyDay|[upkeep]\n|upkeep\n|\n|t:|1700079826\n|switch|p2a: Ogerpon|Ogerpon-Wellspring, F|100\/100\n|turn|17\n|\n|t:|1700079836\n|move|p1a: Victreebel|Sludge Bomb|p2a: Ogerpon\n|-supereffective|p2a: Ogerpon\n|-damage|p2a: Ogerpon|0 fnt\n|faint|p2a: Ogerpon\n|\n|-weather|none\n|upkeep\n|-message|Detective Pillow forfeited.\n|\n|win|Rankuroi\n|raw|Rankuroi's rating: 1234 &rarr; <strong>1261<\/strong><br \/>(+27 for winning)\n|raw|Detective Pillow's rating: 1261 &rarr; <strong>1234<\/strong><br \/>(-27 for losing)\n|l|\u2606Detective Pillow\n|c|\u2606Rankuroi|Gg\n","uploadtime":1700079880,"views":7,"p1id":"rankuroi","p2id":"detectivepillow","formatid":"gen9nationaldex","rating":1234,"private":0,"password":""}