{"id":"gen9nationaldex-1987648369","p1":"LRR121","p2":"Techvast","format":"[Gen 9] National Dex","log":"|j|\u2606LRR121\n|j|\u2606Techvast\n|t:|1699623781\n|gametype|singles\n|player|p1|LRR121|blue|1305\n|player|p2|Techvast|pilot|1329\n|teamsize|p1|6\n|teamsize|p2|6\n|gen|9\n|tier|[Gen 9] National Dex\n|rated|\n|rule|HP Percentage Mod: HP is shown in percentages\n|rule|Endless Battle Clause: Forcing endless battles is banned\n|rule|OHKO Clause: OHKO moves are banned\n|rule|Evasion Clause: Evasion abilities, items, and moves are banned\n|rule|Evasion Abilities Clause: Evasion abilities are banned\n|rule|Evasion Items Clause: Evasion items are banned\n|rule|Evasion Moves Clause: Evasion moves are banned\n|rule|Species Clause: Limit one of each Pok\u00e9mon\n|rule|Sleep Clause Mod: Limit one foe put to sleep\n|clearpoke\n|poke|p1|Clodsire, F|\n|poke|p1|Corviknight, M|\n|poke|p1|Dragonite, F|\n|poke|p1|Medicham, M|\n|poke|p1|Skeledirge, F|\n|poke|p1|Bisharp, M|\n|poke|p2|Pelipper, M|\n|poke|p2|Swampert, F|\n|poke|p2|Ferrothorn, F|\n|poke|p2|Zapdos|\n|poke|p2|Arctovish|\n|poke|p2|Hatterene, F|\n|teampreview\n|\n|t:|1699623814\n|start\n|switch|p1a: Medicham|Medicham, M|100\/100\n|switch|p2a: Pelipper|Pelipper, M|100\/100\n|-weather|RainDance|[from] ability: Drizzle|[of] p2a: Pelipper\n|turn|1\n|\n|t:|1699623820\n|detailschange|p1a: Medicham|Medicham-Mega, M\n|-mega|p1a: Medicham|Medicham|Medichamite\n|move|p1a: Medicham|Fake Out|p2a: Pelipper\n|-damage|p2a: Pelipper|83\/100\n|cant|p2a: Pelipper|flinch\n|\n|-weather|RainDance|[upkeep]\n|upkeep\n|turn|2\n|\n|t:|1699623830\n|move|p1a: Medicham|Zen Headbutt|p2a: Pelipper\n|-damage|p2a: Pelipper|25\/100\n|move|p2a: Pelipper|Toxic|p1a: Medicham\n|-status|p1a: Medicham|tox\n|\n|-weather|RainDance|[upkeep]\n|-damage|p1a: Medicham|94\/100 tox|[from] psn\n|upkeep\n|turn|3\n|\n|t:|1699623848\n|switch|p2a: Ferrothorn|Ferrothorn, F|100\/100\n|move|p1a: Medicham|Zen Headbutt|p2a: Ferrothorn\n|-resisted|p2a: Ferrothorn\n|-damage|p2a: Ferrothorn|82\/100\n|-damage|p1a: Medicham|82\/100 tox|[from] ability: Iron Barbs|[of] p2a: Ferrothorn\n|\n|-weather|RainDance|[upkeep]\n|-heal|p2a: Ferrothorn|88\/100|[from] item: Leftovers\n|-damage|p1a: Medicham|70\/100 tox|[from] psn\n|upkeep\n|turn|4\n|\n|t:|1699623857\n|switch|p1a: Corviknight|Corviknight, M|100\/100\n|-ability|p1a: Corviknight|Pressure\n|move|p2a: Ferrothorn|Protect||[still]\n|-fail|p2a: Ferrothorn\n|\n|-weather|RainDance|[upkeep]\n|-heal|p2a: Ferrothorn|95\/100|[from] item: Leftovers\n|upkeep\n|turn|5\n|\n|t:|1699623865\n|switch|p2a: Arctovish|Arctovish|100\/100\n|move|p1a: Corviknight|Iron Defense|p1a: Corviknight\n|-boost|p1a: Corviknight|def|2\n|\n|-weather|RainDance|[upkeep]\n|upkeep\n|turn|6\n|\n|t:|1699623877\n|switch|p1a: Bisharp|Bisharp, M|100\/100\n|-terastallize|p2a: Arctovish|Water\n|move|p2a: Arctovish|Fishious Rend|p1a: Bisharp\n|-damage|p1a: Bisharp|0 fnt\n|faint|p1a: Bisharp\n|\n|-weather|RainDance|[upkeep]\n|upkeep\n|\n|t:|1699623940\n|switch|p1a: Skeledirge|Skeledirge, F|100\/100\n|turn|7\n|\n|t:|1699623943\n|-terastallize|p1a: Skeledirge|Water\n|move|p2a: Arctovish|Fishious Rend|p1a: Skeledirge\n|-resisted|p1a: Skeledirge\n|-crit|p1a: Skeledirge\n|-damage|p1a: Skeledirge|40\/100\n|move|p1a: Skeledirge|Will-O-Wisp|p2a: Arctovish\n|-status|p2a: Arctovish|brn\n|\n|-weather|RainDance|[upkeep]\n|-damage|p2a: Arctovish|94\/100 brn|[from] brn\n|upkeep\n|turn|8\n|\n|t:|1699623955\n|switch|p2a: Hatterene|Hatterene, F|100\/100\n|move|p1a: Skeledirge|Slack Off|p1a: Skeledirge\n|-heal|p1a: Skeledirge|90\/100\n|\n|-weather|none\n|upkeep\n|turn|9\n|\n|t:|1699623966\n|switch|p1a: Clodsire|Clodsire, F|100\/100\n|move|p2a: Hatterene|Aromatherapy|p2a: Hatterene\n|-activate|p2a: Hatterene|move: Aromatherapy\n|-curestatus|p2: Arctovish|brn|[msg]\n|\n|upkeep\n|turn|10\n|\n|t:|1699623976\n|switch|p2a: Pelipper|Pelipper, M|25\/100\n|-weather|RainDance|[from] ability: Drizzle|[of] p2a: Pelipper\n|move|p1a: Clodsire|Earthquake|p2a: Pelipper\n|-immune|p2a: Pelipper\n|\n|-weather|RainDance|[upkeep]\n|upkeep\n|turn|11\n|\n|t:|1699623990\n|switch|p1a: Medicham|Medicham-Mega, M|70\/100 tox\n|move|p2a: Pelipper|Roost|p2a: Pelipper\n|-heal|p2a: Pelipper|75\/100\n|-singleturn|p2a: Pelipper|move: Roost\n|\n|-weather|RainDance|[upkeep]\n|-damage|p1a: Medicham|64\/100 tox|[from] psn\n|upkeep\n|turn|12\n|\n|t:|1699623996\n|switch|p2a: Ferrothorn|Ferrothorn, F|95\/100\n|move|p1a: Medicham|Zen Headbutt|p2a: Ferrothorn\n|-resisted|p2a: Ferrothorn\n|-damage|p2a: Ferrothorn|74\/100\n|-damage|p1a: Medicham|52\/100 tox|[from] ability: Iron Barbs|[of] p2a: Ferrothorn\n|\n|-weather|RainDance|[upkeep]\n|-heal|p2a: Ferrothorn|80\/100|[from] item: Leftovers\n|-damage|p1a: Medicham|39\/100 tox|[from] psn\n|upkeep\n|turn|13\n|\n|t:|1699624009\n|switch|p1a: Skeledirge|Skeledirge, F, tera:Water|90\/100\n|move|p2a: Ferrothorn|Protect||[still]\n|-fail|p2a: Ferrothorn\n|\n|-weather|RainDance|[upkeep]\n|-heal|p2a: Ferrothorn|86\/100|[from] item: Leftovers\n|upkeep\n|turn|14\n|\n|t:|1699624013\n|switch|p2a: Arctovish|Arctovish, tera:Water|94\/100\n|move|p1a: Skeledirge|Torch Song|p2a: Arctovish\n|-resisted|p2a: Arctovish\n|-damage|p2a: Arctovish|86\/100\n|-boost|p1a: Skeledirge|spa|1\n|\n|-weather|RainDance|[upkeep]\n|upkeep\n|turn|15\n|\n|t:|1699624019\n|move|p2a: Arctovish|Fishious Rend|p1a: Skeledirge\n|-resisted|p1a: Skeledirge\n|-damage|p1a: Skeledirge|45\/100\n|move|p1a: Skeledirge|Will-O-Wisp|p2a: Arctovish|[miss]\n|-miss|p1a: Skeledirge|p2a: Arctovish\n|\n|-weather|RainDance|[upkeep]\n|upkeep\n|turn|16\n|\n|t:|1699624024\n|move|p2a: Arctovish|Fishious Rend|p1a: Skeledirge\n|-resisted|p1a: Skeledirge\n|-damage|p1a: Skeledirge|0 fnt\n|faint|p1a: Skeledirge\n|\n|-weather|RainDance|[upkeep]\n|upkeep\n|\n|t:|1699624030\n|switch|p1a: Medicham|Medicham-Mega, M|39\/100 tox\n|turn|17\n|\n|t:|1699624057\n|move|p1a: Medicham|Fake Out|p2a: Arctovish\n|-damage|p2a: Arctovish|61\/100\n|cant|p2a: Arctovish|flinch\n|\n|-weather|none\n|-damage|p1a: Medicham|33\/100 tox|[from] psn\n|upkeep\n|turn|18\n|\n|t:|1699624062\n|move|p2a: Arctovish|Fishious Rend|p1a: Medicham\n|-damage|p1a: Medicham|0 fnt\n|faint|p1a: Medicham\n|\n|upkeep\n|\n|t:|1699624074\n|switch|p1a: Dragonite|Dragonite, F|100\/100\n|turn|19\n|\n|t:|1699624081\n|switch|p2a: Ferrothorn|Ferrothorn, F|86\/100\n|move|p1a: Dragonite|Curse|p1a: Dragonite\n|-unboost|p1a: Dragonite|spe|1\n|-boost|p1a: Dragonite|atk|1\n|-boost|p1a: Dragonite|def|1\n|\n|-heal|p2a: Ferrothorn|93\/100|[from] item: Leftovers\n|upkeep\n|turn|20\n|\n|t:|1699624088\n|switch|p1a: Corviknight|Corviknight, M|100\/100\n|-ability|p1a: Corviknight|Pressure\n|move|p2a: Ferrothorn|Leech Seed|p1a: Corviknight|[miss]\n|-miss|p2a: Ferrothorn|p1a: Corviknight\n|\n|-heal|p2a: Ferrothorn|99\/100|[from] item: Leftovers\n|upkeep\n|turn|21\n|\n|t:|1699624094\n|switch|p2a: Pelipper|Pelipper, M|75\/100\n|-weather|RainDance|[from] ability: Drizzle|[of] p2a: Pelipper\n|move|p1a: Corviknight|Body Press|p2a: Pelipper\n|-resisted|p2a: Pelipper\n|-damage|p2a: Pelipper|64\/100\n|\n|-weather|RainDance|[upkeep]\n|upkeep\n|turn|22\n|\n|t:|1699624106\n|move|p1a: Corviknight|Body Press|p2a: Pelipper\n|-resisted|p2a: Pelipper\n|-damage|p2a: Pelipper|54\/100\n|move|p2a: Pelipper|Roost|p2a: Pelipper\n|-heal|p2a: Pelipper|100\/100\n|-singleturn|p2a: Pelipper|move: Roost\n|\n|-weather|RainDance|[upkeep]\n|upkeep\n|turn|23\n|\n|t:|1699624112\n|switch|p2a: Arctovish|Arctovish, tera:Water|61\/100\n|move|p1a: Corviknight|Iron Defense|p1a: Corviknight\n|-boost|p1a: Corviknight|def|2\n|\n|-weather|RainDance|[upkeep]\n|upkeep\n|turn|24\n|\n|t:|1699624116\n|move|p2a: Arctovish|Fishious Rend|p1a: Corviknight\n|-damage|p1a: Corviknight|62\/100\n|move|p1a: Corviknight|Iron Defense|p1a: Corviknight\n|-boost|p1a: Corviknight|def|2\n|\n|-weather|RainDance|[upkeep]\n|-heal|p1a: Corviknight|68\/100|[from] item: Leftovers\n|upkeep\n|turn|25\n|\n|t:|1699624123\n|switch|p2a: Zapdos|Zapdos|100\/100\n|move|p1a: Corviknight|Roost|p1a: Corviknight\n|-heal|p1a: Corviknight|100\/100\n|-singleturn|p1a: Corviknight|move: Roost\n|\n|-weather|RainDance|[upkeep]\n|upkeep\n|turn|26\n|\n|t:|1699624131\n|switch|p2a: Swampert|Swampert, F|100\/100\n|switch|p1a: Clodsire|Clodsire, F|100\/100\n|\n|-weather|RainDance|[upkeep]\n|upkeep\n|turn|27\n|\n|t:|1699624139\n|switch|p1a: Corviknight|Corviknight, M|100\/100\n|-ability|p1a: Corviknight|Pressure\n|detailschange|p2a: Swampert|Swampert-Mega, F\n|-mega|p2a: Swampert|Swampert|Swampertite\n|move|p2a: Swampert|Waterfall|p1a: Corviknight\n|-damage|p1a: Corviknight|54\/100\n|\n|-weather|RainDance|[upkeep]\n|-heal|p1a: Corviknight|60\/100|[from] item: Leftovers\n|upkeep\n|turn|28\n|\n|t:|1699624146\n|move|p2a: Swampert|Waterfall|p1a: Corviknight\n|-damage|p1a: Corviknight|15\/100\n|move|p1a: Corviknight|Roost|p1a: Corviknight\n|-heal|p1a: Corviknight|65\/100\n|-singleturn|p1a: Corviknight|move: Roost\n|\n|-weather|none\n|-heal|p1a: Corviknight|71\/100|[from] item: Leftovers\n|upkeep\n|turn|29\n|\n|t:|1699624162\n|switch|p2a: Pelipper|Pelipper, M|100\/100\n|-weather|RainDance|[from] ability: Drizzle|[of] p2a: Pelipper\n|move|p1a: Corviknight|Roost|p1a: Corviknight\n|-heal|p1a: Corviknight|100\/100\n|-singleturn|p1a: Corviknight|move: Roost\n|\n|-weather|RainDance|[upkeep]\n|upkeep\n|turn|30\n|\n|t:|1699624171\n|switch|p2a: Zapdos|Zapdos|100\/100\n|move|p1a: Corviknight|Iron Defense|p1a: Corviknight\n|-boost|p1a: Corviknight|def|2\n|\n|-weather|RainDance|[upkeep]\n|upkeep\n|turn|31\n|\n|t:|1699624175\n|move|p2a: Zapdos|Thunder|p1a: Corviknight\n|-supereffective|p1a: Corviknight\n|-damage|p1a: Corviknight|6\/100\n|-status|p1a: Corviknight|par\n|cant|p1a: Corviknight|par\n|\n|-weather|RainDance|[upkeep]\n|-heal|p1a: Corviknight|12\/100 par|[from] item: Leftovers\n|upkeep\n|turn|32\n|\n|t:|1699624180\n|switch|p2a: Swampert|Swampert-Mega, F|100\/100\n|switch|p1a: Clodsire|Clodsire, F|100\/100\n|\n|-weather|RainDance|[upkeep]\n|upkeep\n|turn|33\n|\n|t:|1699624184\n|switch|p1a: Dragonite|Dragonite, F|100\/100\n|move|p2a: Swampert|Waterfall|p1a: Dragonite\n|-resisted|p1a: Dragonite\n|-damage|p1a: Dragonite|83\/100\n|\n|-weather|RainDance|[upkeep]\n|upkeep\n|turn|34\n|\n|t:|1699624194\n|move|p1a: Dragonite|Extreme Speed|p2a: Swampert\n|-damage|p2a: Swampert|74\/100\n|move|p2a: Swampert|Ice Punch|p1a: Dragonite\n|-supereffective|p1a: Dragonite\n|-damage|p1a: Dragonite|0 fnt\n|faint|p1a: Dragonite\n|\n|-weather|RainDance|[upkeep]\n|upkeep\n|-message|LRR121 forfeited.\n|\n|win|Techvast\n|raw|LRR121's rating: 1305 &rarr; <strong>1286<\/strong><br \/>(-19 for losing)\n|raw|Techvast's rating: 1329 &rarr; <strong>1348<\/strong><br \/>(+19 for winning)\n|l|\u2606LRR121\n|c|\u2606Techvast|\ud83d\udcd6\n","uploadtime":1699624213,"views":16,"p1id":"lrr121","p2id":"techvast","formatid":"gen9nationaldex","rating":1286,"private":0,"password":""}