{"id":"gen9nationaldex-1991921688","p1":"huangrice","p2":"mzznc","format":"[Gen 9] National Dex","log":"|j|\u2606huangrice\n|j|\u2606mzznc\n|t:|1700138459\n|gametype|singles\n|player|p1|huangrice|supernerd|1068\n|player|p2|mzznc|101|1133\n|teamsize|p1|6\n|teamsize|p2|6\n|gen|9\n|tier|[Gen 9] National Dex\n|rated|\n|rule|HP Percentage Mod: HP is shown in percentages\n|rule|Endless Battle Clause: Forcing endless battles is banned\n|rule|OHKO Clause: OHKO moves are banned\n|rule|Evasion Clause: Evasion abilities, items, and moves are banned\n|rule|Evasion Abilities Clause: Evasion abilities are banned\n|rule|Evasion Items Clause: Evasion items are banned\n|rule|Evasion Moves Clause: Evasion moves are banned\n|rule|Species Clause: Limit one of each Pok\u00e9mon\n|rule|Sleep Clause Mod: Limit one foe put to sleep\n|clearpoke\n|poke|p1|Ninetales-Alola, F|\n|poke|p1|Necrozma|\n|poke|p1|Victini|\n|poke|p1|Keldeo-Resolute|\n|poke|p1|Tornadus-Therian, M|\n|poke|p1|Jirachi|\n|poke|p2|Clodsire, F|\n|poke|p2|Empoleon, F|\n|poke|p2|Gliscor, F|\n|poke|p2|Swellow, F|\n|poke|p2|Nidoking, M|\n|poke|p2|Medicham, M|\n|teampreview\n|inactive|Battle timer is ON: inactive players will automatically lose when time's up. (requested by huangrice)\n|\n|t:|1700138471\n|start\n|switch|p1a: Ninetales|Ninetales-Alola, F|100\/100\n|switch|p2a: \u738b\u51a0\u5361\u4f4f\u4e86\uff0c\u6551\u547d|Empoleon, F|100\/100\n|-weather|Snow|[from] ability: Snow Warning|[of] p1a: Ninetales\n|turn|1\n|\n|t:|1700138479\n|move|p1a: Ninetales|Aurora Veil|p1a: Ninetales\n|-sidestart|p1: huangrice|move: Aurora Veil\n|move|p2a: \u738b\u51a0\u5361\u4f4f\u4e86\uff0c\u6551\u547d|Flash Cannon|p1a: Ninetales\n|-supereffective|p1a: Ninetales\n|-damage|p1a: Ninetales|16\/100\n|\n|-weather|Snow|[upkeep]\n|upkeep\n|turn|2\n|\n|t:|1700138495\n|move|p1a: Ninetales|Hypnosis|p2a: \u738b\u51a0\u5361\u4f4f\u4e86\uff0c\u6551\u547d\n|-status|p2a: \u738b\u51a0\u5361\u4f4f\u4e86\uff0c\u6551\u547d|slp|[from] move: Hypnosis\n|cant|p2a: \u738b\u51a0\u5361\u4f4f\u4e86\uff0c\u6551\u547d|slp\n|\n|-weather|Snow|[upkeep]\n|upkeep\n|turn|3\n|\n|t:|1700138518\n|switch|p1a: Keldeo|Keldeo-Resolute|100\/100\n|switch|p2a: \u5927\u738b\u71d5\u4f60\u50cf\u4e2a\u5927\u738b\u5417|Swellow, F|100\/100\n|\n|-weather|Snow|[upkeep]\n|upkeep\n|turn|4\n|inactive|huangrice has 120 seconds left.\n|\n|t:|1700138544\n|move|p2a: \u5927\u738b\u71d5\u4f60\u50cf\u4e2a\u5927\u738b\u5417|Hurricane|p1a: Keldeo\n|-supereffective|p1a: Keldeo\n|-damage|p1a: Keldeo|50\/100\n|move|p1a: Keldeo|Surf|p2a: \u5927\u738b\u71d5\u4f60\u50cf\u4e2a\u5927\u738b\u5417\n|-damage|p2a: \u5927\u738b\u71d5\u4f60\u50cf\u4e2a\u5927\u738b\u5417|0 fnt\n|faint|p2a: \u5927\u738b\u71d5\u4f60\u50cf\u4e2a\u5927\u738b\u5417\n|\n|-weather|Snow|[upkeep]\n|upkeep\n|inactive|mzznc has 120 seconds left.\n|c|\u2606huangrice|\u55ef\u54fc \u975e\u5e38\u6709\u610f\u601d \u8fd9\u4e9b\u6635\u79f0\u3002\u3002\u3002\n|\n|t:|1700138584\n|switch|p2a: \u571f\u2198\u738b\u2197|Clodsire, F|100\/100\n|turn|5\n|inactive|huangrice has 120 seconds left.\n|inactive|mzznc has 90 seconds left.\n|\n|t:|1700138620\n|switch|p1a: Necrozma|Necrozma|100\/100\n|move|p2a: \u571f\u2198\u738b\u2197|Toxic|p1a: Necrozma\n|-status|p1a: Necrozma|tox\n|-enditem|p1a: Necrozma|Lum Berry|[eat]\n|-curestatus|p1a: Necrozma|tox|[msg]\n|\n|-weather|none\n|upkeep\n|turn|6\n|inactive|mzznc has 90 seconds left.\n|\n|t:|1700138634\n|-terastallize|p2a: \u571f\u2198\u738b\u2197|Psychic\n|move|p1a: Necrozma|Photon Geyser|p2a: \u571f\u2198\u738b\u2197\n|-resisted|p2a: \u571f\u2198\u738b\u2197\n|-damage|p2a: \u571f\u2198\u738b\u2197|83\/100\n|move|p2a: \u571f\u2198\u738b\u2197|Toxic|p1a: Necrozma\n|-status|p1a: Necrozma|tox\n|\n|-heal|p2a: \u571f\u2198\u738b\u2197|89\/100|[from] item: Leftovers\n|-damage|p1a: Necrozma|95\/100 tox|[from] psn\n|upkeep\n|turn|7\n|inactive|mzznc has 90 seconds left.\n|inactive|huangrice has 90 seconds left.\n|\n|t:|1700138653\n|switch|p1a: Victini|Victini|100\/100\n|move|p2a: \u571f\u2198\u738b\u2197|Stealth Rock|p1a: Victini\n|-sidestart|p1: huangrice|move: Stealth Rock\n|\n|-heal|p2a: \u571f\u2198\u738b\u2197|95\/100|[from] item: Leftovers\n|upkeep\n|turn|8\n|inactive|mzznc has 90 seconds left.\n|inactive|huangrice has 90 seconds left.\n|\n|t:|1700138668\n|switch|p2a: \u738b\u51a0\u5361\u4f4f\u4e86\uff0c\u6551\u547d|Empoleon, F|100\/100 slp\n|move|p1a: Victini|V-create|p2a: \u738b\u51a0\u5361\u4f4f\u4e86\uff0c\u6551\u547d\n|-damage|p2a: \u738b\u51a0\u5361\u4f4f\u4e86\uff0c\u6551\u547d|16\/100 slp\n|-unboost|p1a: Victini|spe|1\n|-unboost|p1a: Victini|def|1\n|-unboost|p1a: Victini|spd|1\n|\n|-sideend|p1: huangrice|move: Aurora Veil\n|upkeep\n|turn|9\n|inactive|mzznc has 90 seconds left.\n|\n|t:|1700138679\n|move|p1a: Victini|U-turn|p2a: \u738b\u51a0\u5361\u4f4f\u4e86\uff0c\u6551\u547d\n|-resisted|p2a: \u738b\u51a0\u5361\u4f4f\u4e86\uff0c\u6551\u547d\n|-damage|p2a: \u738b\u51a0\u5361\u4f4f\u4e86\uff0c\u6551\u547d|5\/100 slp\n|\n|t:|1700138683\n|switch|p1a: Ninetales|Ninetales-Alola, F|16\/100|[from] U-turn\n|-damage|p1a: Ninetales|0 fnt|[from] Stealth Rock\n|faint|p1a: Ninetales\n|cant|p2a: \u738b\u51a0\u5361\u4f4f\u4e86\uff0c\u6551\u547d|slp\n|\n|upkeep\n|\n|t:|1700138694\n|switch|p1a: Tornadus|Tornadus-Therian, M|100\/100\n|-damage|p1a: Tornadus|76\/100|[from] Stealth Rock\n|turn|10\n|\n|t:|1700138706\n|switch|p2a: \u571f\u2198\u738b\u2197|Clodsire, F, tera:Psychic|95\/100\n|move|p1a: Tornadus|Knock Off|p2a: \u571f\u2198\u738b\u2197\n|-supereffective|p2a: \u571f\u2198\u738b\u2197\n|-damage|p2a: \u571f\u2198\u738b\u2197|64\/100\n|-enditem|p2a: \u571f\u2198\u738b\u2197|Leftovers|[from] move: Knock Off|[of] p1a: Tornadus\n|\n|upkeep\n|turn|11\n|\n|t:|1700138716\n|move|p1a: Tornadus|Defog|p2a: \u571f\u2198\u738b\u2197\n|-unboost|p2a: \u571f\u2198\u738b\u2197|evasion|1\n|-sideend|p1: huangrice|Stealth Rock|[from] move: Defog|[of] p1a: Tornadus\n|move|p2a: \u571f\u2198\u738b\u2197|Toxic|p1a: Tornadus\n|-status|p1a: Tornadus|tox\n|\n|-damage|p1a: Tornadus|70\/100 tox|[from] psn\n|upkeep\n|turn|12\n|\n|t:|1700138732\n|move|p1a: Tornadus|Knock Off|p2a: \u571f\u2198\u738b\u2197\n|-supereffective|p2a: \u571f\u2198\u738b\u2197\n|-damage|p2a: \u571f\u2198\u738b\u2197|42\/100\n|move|p2a: \u571f\u2198\u738b\u2197|Recover|p2a: \u571f\u2198\u738b\u2197\n|-heal|p2a: \u571f\u2198\u738b\u2197|92\/100\n|\n|-damage|p1a: Tornadus|57\/100 tox|[from] psn\n|upkeep\n|turn|13\n|inactive|huangrice has 90 seconds left.\n|\n|t:|1700138747\n|move|p1a: Tornadus|U-turn|p2a: \u571f\u2198\u738b\u2197\n|-supereffective|p2a: \u571f\u2198\u738b\u2197\n|-damage|p2a: \u571f\u2198\u738b\u2197|73\/100\n|\n|t:|1700138751\n|switch|p1a: Victini|Victini|100\/100|[from] U-turn\n|move|p2a: \u571f\u2198\u738b\u2197|Stealth Rock|p1a: Victini\n|-sidestart|p1: huangrice|move: Stealth Rock\n|\n|upkeep\n|turn|14\n|inactive|mzznc has 120 seconds left.\n|\n|t:|1700138761\n|switch|p2a: \u738b\u51a0\u5361\u4f4f\u4e86\uff0c\u6551\u547d|Empoleon, F|5\/100 slp\n|move|p1a: Victini|V-create|p2a: \u738b\u51a0\u5361\u4f4f\u4e86\uff0c\u6551\u547d\n|-damage|p2a: \u738b\u51a0\u5361\u4f4f\u4e86\uff0c\u6551\u547d|0 fnt\n|-unboost|p1a: Victini|spe|1\n|-unboost|p1a: Victini|def|1\n|-unboost|p1a: Victini|spd|1\n|faint|p2a: \u738b\u51a0\u5361\u4f4f\u4e86\uff0c\u6551\u547d\n|\n|upkeep\n|\n|t:|1700138771\n|switch|p2a: \u738b\u5230\u4e2d\u5e74\u8d58\u8089\u96be\u514d|Nidoking, M|100\/100\n|turn|15\n|inactive|mzznc has 120 seconds left.\n|inactive|huangrice has 90 seconds left.\n|inactive|huangrice has 60 seconds left.\n|\n|t:|1700138833\n|switch|p1a: Jirachi|Jirachi|100\/100\n|-damage|p1a: Jirachi|94\/100|[from] Stealth Rock\n|-item|p1a: Jirachi|Air Balloon\n|move|p2a: \u738b\u5230\u4e2d\u5e74\u8d58\u8089\u96be\u514d|Thunderbolt|p1a: Jirachi\n|-damage|p1a: Jirachi|69\/100\n|-enditem|p1a: Jirachi|Air Balloon\n|\n|upkeep\n|turn|16\n|inactive|huangrice has 60 seconds left.\n|\n|t:|1700138868\n|switch|p2a: \u738b\u7ec3\u5b8c\u745c\u4f3d\u8fdb\u533b\u9662\u8eba\u4e86\u4e09\u5929|Medicham, M|100\/100\n|move|p1a: Jirachi|U-turn|p2a: \u738b\u7ec3\u5b8c\u745c\u4f3d\u8fdb\u533b\u9662\u8eba\u4e86\u4e09\u5929\n|-damage|p2a: \u738b\u7ec3\u5b8c\u745c\u4f3d\u8fdb\u533b\u9662\u8eba\u4e86\u4e09\u5929|85\/100\n|\n|t:|1700138876\n|switch|p1a: Tornadus|Tornadus-Therian, M|91\/100 tox|[from] U-turn\n|-damage|p1a: Tornadus|66\/100 tox|[from] Stealth Rock\n|\n|-damage|p1a: Tornadus|60\/100 tox|[from] psn\n|upkeep\n|turn|17\n|\n|t:|1700138888\n|switch|p2a: \u571f\u2198\u738b\u2197|Clodsire, F, tera:Psychic|73\/100\n|move|p1a: Tornadus|Hurricane|p2a: \u571f\u2198\u738b\u2197\n|-damage|p2a: \u571f\u2198\u738b\u2197|45\/100\n|\n|-damage|p1a: Tornadus|47\/100 tox|[from] psn\n|upkeep\n|turn|18\n|\n|t:|1700138899\n|move|p1a: Tornadus|Defog|p2a: \u571f\u2198\u738b\u2197\n|-unboost|p2a: \u571f\u2198\u738b\u2197|evasion|1\n|-sideend|p1: huangrice|Stealth Rock|[from] move: Defog|[of] p1a: Tornadus\n|move|p2a: \u571f\u2198\u738b\u2197|Recover|p2a: \u571f\u2198\u738b\u2197\n|-heal|p2a: \u571f\u2198\u738b\u2197|95\/100\n|\n|-damage|p1a: Tornadus|29\/100 tox|[from] psn\n|upkeep\n|turn|19\n|\n|t:|1700138914\n|switch|p1a: Victini|Victini|100\/100\n|move|p2a: \u571f\u2198\u738b\u2197|Stealth Rock|p1a: Victini\n|-sidestart|p1: huangrice|move: Stealth Rock\n|\n|upkeep\n|turn|20\n|\n|t:|1700138924\n|move|p1a: Victini|V-create|p2a: \u571f\u2198\u738b\u2197\n|-damage|p2a: \u571f\u2198\u738b\u2197|40\/100\n|-unboost|p1a: Victini|spe|1\n|-unboost|p1a: Victini|def|1\n|-unboost|p1a: Victini|spd|1\n|move|p2a: \u571f\u2198\u738b\u2197|Counter|p1a: Victini\n|-damage|p1a: Victini|0 fnt\n|faint|p1a: Victini\n|\n|upkeep\n|\n|t:|1700138938\n|switch|p1a: Tornadus|Tornadus-Therian, M|62\/100 tox\n|-damage|p1a: Tornadus|38\/100 tox|[from] Stealth Rock\n|turn|21\n|\n|t:|1700138952\n|move|p1a: Tornadus|Defog|p2a: \u571f\u2198\u738b\u2197\n|-unboost|p2a: \u571f\u2198\u738b\u2197|evasion|1\n|-sideend|p1: huangrice|Stealth Rock|[from] move: Defog|[of] p1a: Tornadus\n|move|p2a: \u571f\u2198\u738b\u2197|Recover|p2a: \u571f\u2198\u738b\u2197\n|-heal|p2a: \u571f\u2198\u738b\u2197|90\/100\n|\n|-damage|p1a: Tornadus|31\/100 tox|[from] psn\n|upkeep\n|turn|22\n|inactive|huangrice has 30 seconds left.\n|\n|t:|1700138973\n|move|p1a: Tornadus|U-turn|p2a: \u571f\u2198\u738b\u2197\n|-supereffective|p2a: \u571f\u2198\u738b\u2197\n|-damage|p2a: \u571f\u2198\u738b\u2197|68\/100\n|inactive|huangrice has 30 seconds left.\n|inactive|huangrice has 20 seconds left.\n|\n|t:|1700138990\n|switch|p1a: Keldeo|Keldeo-Resolute|50\/100|[from] U-turn\n|move|p2a: \u571f\u2198\u738b\u2197|Stealth Rock|p1a: Keldeo\n|-sidestart|p1: huangrice|move: Stealth Rock\n|\n|upkeep\n|turn|23\n|inactive|huangrice has 30 seconds left this turn.\n|inactive|huangrice has 20 seconds left.\n|\n|t:|1700139005\n|move|p1a: Keldeo|Secret Sword|p2a: \u571f\u2198\u738b\u2197\n|-resisted|p2a: \u571f\u2198\u738b\u2197\n|-damage|p2a: \u571f\u2198\u738b\u2197|45\/100\n|move|p2a: \u571f\u2198\u738b\u2197|Recover|p2a: \u571f\u2198\u738b\u2197\n|-heal|p2a: \u571f\u2198\u738b\u2197|95\/100\n|\n|upkeep\n|turn|24\n|inactive|huangrice has 30 seconds left this turn.\n|inactive|huangrice has 20 seconds left.\n|inactive|huangrice has 15 seconds left.\n|-message|huangrice forfeited.\n|\n|win|mzznc\n|inactive|huangrice has 25 seconds left this turn.\n|raw|huangrice's rating: 1068 &rarr; <strong>1052<\/strong><br \/>(-16 for losing)\n|raw|mzznc's rating: 1133 &rarr; <strong>1153<\/strong><br \/>(+20 for winning)\n|l|\u2606huangrice\n","uploadtime":1700139026,"views":4,"p1id":"huangrice","p2id":"mzznc","formatid":"gen9nationaldex","rating":1052,"private":0,"password":""}