{"id":"gen9nationaldex-1998784720","p1":"fallmoon ok","p2":"Deriverse","format":"[Gen 9] National Dex","log":"|html|<div class=\"broadcast-blue\"><strong>[Gen 9] National Dex is currently suspecting Sneasler! For information on how to participate check out the <a href=\"https:\/\/www.smogon.com\/forums\/threads\/sv-national-dex-suspect-8-just-dance.3731534\/\">suspect thread<\/a>.<\/strong><\/div>\n|j|\u2606fallmoon ok\n|j|\u2606Deriverse\n|t:|1700990277\n|gametype|singles\n|player|p1|fallmoon ok|266|1491\n|player|p2|Deriverse|veteranf|1439\n|teamsize|p1|6\n|teamsize|p2|6\n|gen|9\n|tier|[Gen 9] National Dex\n|rated|\n|rule|HP Percentage Mod: HP is shown in percentages\n|rule|Endless Battle Clause: Forcing endless battles is banned\n|rule|OHKO Clause: OHKO moves are banned\n|rule|Evasion Clause: Evasion abilities, items, and moves are banned\n|rule|Evasion Abilities Clause: Evasion abilities are banned\n|rule|Evasion Items Clause: Evasion items are banned\n|rule|Evasion Moves Clause: Evasion moves are banned\n|rule|Species Clause: Limit one of each Pok\u00e9mon\n|rule|Sleep Clause Mod: Limit one foe put to sleep\n|clearpoke\n|poke|p1|Rillaboom, M|\n|poke|p1|Lanturn, M|\n|poke|p1|Volcarona, M|\n|poke|p1|Ogerpon-Cornerstone, F|\n|poke|p1|Iron Treads|\n|poke|p1|Banette, F|\n|poke|p2|Gliscor, M|\n|poke|p2|Tapu Lele|\n|poke|p2|Volcarona, F|\n|poke|p2|Ferrothorn, F|\n|poke|p2|Toxapex, M|\n|poke|p2|Rotom-Wash|\n|teampreview\n|inactive|Battle timer is ON: inactive players will automatically lose when time's up. (requested by Deriverse)\n|\n|t:|1700990301\n|start\n|switch|p1a: Ogerpon|Ogerpon-Cornerstone, F|100\/100\n|switch|p2a: Rotom|Rotom-Wash|100\/100\n|turn|1\n|\n|t:|1700990305\n|switch|p1a: Lanturn|Lanturn, M|100\/100\n|move|p2a: Rotom|Will-O-Wisp|p1a: Lanturn\n|-status|p1a: Lanturn|brn\n|\n|-damage|p1a: Lanturn|94\/100 brn|[from] brn\n|upkeep\n|turn|2\n|\n|t:|1700990319\n|move|p2a: Rotom|Volt Switch|p1a: Lanturn\n|-heal|p1a: Lanturn|100\/100 brn|[from] ability: Volt Absorb|[of] p2a: Rotom\n|move|p1a: Lanturn|Heal Bell|p1a: Lanturn\n|-activate|p1a: Lanturn|move: Heal Bell\n|-curestatus|p1a: Lanturn|brn|[msg]\n|\n|upkeep\n|turn|3\n|\n|t:|1700990332\n|switch|p2a: Gliscor|Gliscor, M|100\/100\n|move|p1a: Lanturn|Scald|p2a: Gliscor\n|-supereffective|p2a: Gliscor\n|-damage|p2a: Gliscor|47\/100\n|\n|-status|p2a: Gliscor|tox|[from] item: Toxic Orb\n|upkeep\n|turn|4\n|\n|t:|1700990345\n|switch|p2a: Ferrothorn|Ferrothorn, F|100\/100\n|move|p1a: Lanturn|Volt Switch|p2a: Ferrothorn\n|-resisted|p2a: Ferrothorn\n|-damage|p2a: Ferrothorn|95\/100\n|\n|t:|1700990355\n|switch|p1a: Volcarona|Volcarona, M|100\/100|[from] Volt Switch\n|\n|-heal|p2a: Ferrothorn|100\/100|[from] item: Leftovers\n|upkeep\n|turn|5\n|\n|t:|1700990366\n|move|p1a: Volcarona|Substitute|p1a: Volcarona\n|-start|p1a: Volcarona|Substitute\n|-damage|p1a: Volcarona|76\/100\n|move|p2a: Ferrothorn|Thunder Wave||[still]\n|-fail|p2a: Ferrothorn\n|\n|-heal|p1a: Volcarona|82\/100|[from] item: Leftovers\n|upkeep\n|turn|6\n|\n|t:|1700990370\n|switch|p2a: Toxapex|Toxapex, M|100\/100\n|move|p1a: Volcarona|Quiver Dance|p1a: Volcarona\n|-boost|p1a: Volcarona|spa|1\n|-boost|p1a: Volcarona|spd|1\n|-boost|p1a: Volcarona|spe|1\n|\n|-heal|p1a: Volcarona|88\/100|[from] item: Leftovers\n|upkeep\n|turn|7\n|\n|t:|1700990374\n|move|p1a: Volcarona|Bug Buzz|p2a: Toxapex\n|-resisted|p2a: Toxapex\n|-damage|p2a: Toxapex|73\/100\n|move|p2a: Toxapex|Haze|p2a: Toxapex\n|-clearallboost\n|\n|-heal|p1a: Volcarona|94\/100|[from] item: Leftovers\n|-heal|p2a: Toxapex|79\/100|[from] item: Leftovers\n|upkeep\n|turn|8\n|\n|t:|1700990382\n|move|p1a: Volcarona|Bug Buzz|p2a: Toxapex\n|-resisted|p2a: Toxapex\n|-damage|p2a: Toxapex|61\/100\n|move|p2a: Toxapex|Scald|p1a: Volcarona\n|-supereffective|p1a: Volcarona\n|-end|p1a: Volcarona|Substitute\n|\n|-heal|p1a: Volcarona|99\/100|[from] item: Leftovers\n|-heal|p2a: Toxapex|68\/100|[from] item: Leftovers\n|upkeep\n|turn|9\n|\n|t:|1700990390\n|move|p1a: Volcarona|Substitute|p1a: Volcarona\n|-start|p1a: Volcarona|Substitute\n|-damage|p1a: Volcarona|75\/100\n|move|p2a: Toxapex|Scald|p1a: Volcarona\n|-supereffective|p1a: Volcarona\n|-end|p1a: Volcarona|Substitute\n|\n|-heal|p1a: Volcarona|81\/100|[from] item: Leftovers\n|-heal|p2a: Toxapex|74\/100|[from] item: Leftovers\n|upkeep\n|turn|10\n|\n|t:|1700990399\n|switch|p1a: Rillaboom|Rillaboom, M|100\/100\n|-fieldstart|move: Grassy Terrain|[from] ability: Grassy Surge|[of] p1a: Rillaboom\n|move|p2a: Toxapex|Knock Off|p1a: Rillaboom\n|-damage|p1a: Rillaboom|83\/100\n|-enditem|p1a: Rillaboom|Choice Band|[from] move: Knock Off|[of] p2a: Toxapex\n|\n|-heal|p1a: Rillaboom|89\/100|[from] Grassy Terrain\n|-heal|p2a: Toxapex|80\/100|[from] Grassy Terrain\n|-heal|p2a: Toxapex|86\/100|[from] item: Leftovers\n|upkeep\n|turn|11\n|\n|t:|1700990408\n|switch|p2a: Ferrothorn|Ferrothorn, F|100\/100\n|move|p1a: Rillaboom|Superpower|p2a: Ferrothorn\n|-supereffective|p2a: Ferrothorn\n|-damage|p2a: Ferrothorn|34\/100\n|-unboost|p1a: Rillaboom|atk|1\n|-unboost|p1a: Rillaboom|def|1\n|-damage|p1a: Rillaboom|77\/100|[from] ability: Iron Barbs|[of] p2a: Ferrothorn\n|\n|-heal|p1a: Rillaboom|83\/100|[from] Grassy Terrain\n|-heal|p2a: Ferrothorn|40\/100|[from] Grassy Terrain\n|-heal|p2a: Ferrothorn|47\/100|[from] item: Leftovers\n|upkeep\n|turn|12\n|\n|t:|1700990415\n|switch|p1a: Banette|Banette, F|100\/100\n|switch|p2a: Toxapex|Toxapex, M|100\/100\n|\n|upkeep\n|turn|13\n|\n|t:|1700990421\n|detailschange|p1a: Banette|Banette-Mega, F\n|-mega|p1a: Banette|Banette|Banettite\n|move|p1a: Banette|Poltergeist|p2a: Toxapex|[miss]\n|-miss|p1a: Banette|p2a: Toxapex\n|move|p2a: Toxapex|Scald|p1a: Banette\n|-damage|p1a: Banette|77\/100\n|-status|p1a: Banette|brn\n|\n|-heal|p1a: Banette|83\/100 brn|[from] Grassy Terrain\n|-damage|p1a: Banette|77\/100 brn|[from] brn\n|upkeep\n|turn|14\n|\n|t:|1700990434\n|switch|p1a: Iron Treads|Iron Treads|100\/100\n|switch|p2a: Ferrothorn|Ferrothorn, F|47\/100\n|\n|-heal|p2a: Ferrothorn|53\/100|[from] Grassy Terrain\n|-heal|p2a: Ferrothorn|59\/100|[from] item: Leftovers\n|-fieldend|move: Grassy Terrain\n|upkeep\n|turn|15\n|\n|t:|1700990444\n|move|p1a: Iron Treads|Stealth Rock|p2a: Ferrothorn\n|-sidestart|p2: Deriverse|move: Stealth Rock\n|move|p2a: Ferrothorn|Stealth Rock|p1a: Iron Treads\n|-sidestart|p1: fallmoon ok|move: Stealth Rock\n|\n|-heal|p2a: Ferrothorn|65\/100|[from] item: Leftovers\n|upkeep\n|turn|16\n|\n|t:|1700990446\n|move|p1a: Iron Treads|Rapid Spin|p2a: Ferrothorn\n|-resisted|p2a: Ferrothorn\n|-damage|p2a: Ferrothorn|60\/100\n|-boost|p1a: Iron Treads|spe|1\n|-damage|p1a: Iron Treads|88\/100|[from] ability: Iron Barbs|[of] p2a: Ferrothorn\n|-sideend|p1: fallmoon ok|Stealth Rock|[from] move: Rapid Spin|[of] p1a: Iron Treads\n|move|p2a: Ferrothorn|Leech Seed|p1a: Iron Treads\n|-start|p1a: Iron Treads|move: Leech Seed\n|\n|-heal|p2a: Ferrothorn|67\/100|[from] item: Leftovers\n|-damage|p1a: Iron Treads|75\/100|[from] Leech Seed|[of] p2a: Ferrothorn\n|-heal|p2a: Ferrothorn|80\/100|[silent]\n|upkeep\n|turn|17\n|\n|t:|1700990454\n|-end|p1a: Iron Treads|Quark Drive|[silent]\n|switch|p1a: Volcarona|Volcarona, M|81\/100\n|move|p2a: Ferrothorn|Stealth Rock|p1a: Volcarona\n|-sidestart|p1: fallmoon ok|move: Stealth Rock\n|\n|-heal|p1a: Volcarona|87\/100|[from] item: Leftovers\n|-heal|p2a: Ferrothorn|87\/100|[from] item: Leftovers\n|upkeep\n|turn|18\n|\n|t:|1700990469\n|switch|p1a: Lanturn|Lanturn, M|100\/100\n|-damage|p1a: Lanturn|88\/100|[from] Stealth Rock\n|switch|p2a: Toxapex|Toxapex, M|100\/100\n|-damage|p2a: Toxapex|88\/100|[from] Stealth Rock\n|\n|-heal|p1a: Lanturn|94\/100|[from] item: Leftovers\n|-heal|p2a: Toxapex|94\/100|[from] item: Leftovers\n|upkeep\n|turn|19\n|\n|t:|1700990476\n|switch|p2a: Rotom|Rotom-Wash|100\/100\n|-damage|p2a: Rotom|88\/100|[from] Stealth Rock\n|move|p1a: Lanturn|Heal Bell|p1a: Lanturn\n|-activate|p1a: Lanturn|move: Heal Bell\n|-curestatus|p1: Banette|brn|[msg]\n|\n|-heal|p2a: Rotom|94\/100|[from] item: Leftovers\n|-heal|p1a: Lanturn|100\/100|[from] item: Leftovers\n|upkeep\n|turn|20\n|\n|t:|1700990486\n|move|p2a: Rotom|Nasty Plot|p2a: Rotom\n|-boost|p2a: Rotom|spa|2\n|move|p1a: Lanturn|Scald|p2a: Rotom\n|-resisted|p2a: Rotom\n|-damage|p2a: Rotom|78\/100\n|-status|p2a: Rotom|brn\n|\n|-heal|p2a: Rotom|84\/100 brn|[from] item: Leftovers\n|-damage|p2a: Rotom|78\/100 brn|[from] brn\n|upkeep\n|turn|21\n|\n|t:|1700990492\n|move|p2a: Rotom|Hydro Pump|p1a: Lanturn\n|-resisted|p1a: Lanturn\n|-damage|p1a: Lanturn|65\/100\n|move|p1a: Lanturn|Volt Switch|p2a: Rotom\n|-damage|p2a: Rotom|53\/100 brn\n|\n|t:|1700990501\n|switch|p1a: Ogerpon|Ogerpon-Cornerstone, F|100\/100|[from] Volt Switch\n|-damage|p1a: Ogerpon|88\/100|[from] Stealth Rock\n|\n|-heal|p2a: Rotom|59\/100 brn|[from] item: Leftovers\n|-damage|p2a: Rotom|53\/100 brn|[from] brn\n|upkeep\n|turn|22\n|\n|t:|1700990513\n|switch|p1a: Iron Treads|Iron Treads|75\/100\n|switch|p2a: Ferrothorn|Ferrothorn, F|87\/100\n|-damage|p2a: Ferrothorn|80\/100|[from] Stealth Rock\n|\n|-heal|p2a: Ferrothorn|87\/100|[from] item: Leftovers\n|upkeep\n|turn|23\n|\n|t:|1700990518\n|move|p1a: Iron Treads|Rapid Spin|p2a: Ferrothorn\n|-resisted|p2a: Ferrothorn\n|-damage|p2a: Ferrothorn|81\/100\n|-boost|p1a: Iron Treads|spe|1\n|-damage|p1a: Iron Treads|63\/100|[from] ability: Iron Barbs|[of] p2a: Ferrothorn\n|-sideend|p1: fallmoon ok|Stealth Rock|[from] move: Rapid Spin|[of] p1a: Iron Treads\n|move|p2a: Ferrothorn|Leech Seed|p1a: Iron Treads\n|-start|p1a: Iron Treads|move: Leech Seed\n|\n|-heal|p2a: Ferrothorn|88\/100|[from] item: Leftovers\n|-damage|p1a: Iron Treads|50\/100|[from] Leech Seed|[of] p2a: Ferrothorn\n|-heal|p2a: Ferrothorn|100\/100|[silent]\n|upkeep\n|turn|24\n|\n|t:|1700990526\n|-end|p1a: Iron Treads|Quark Drive|[silent]\n|switch|p1a: Lanturn|Lanturn, M|65\/100\n|move|p2a: Ferrothorn|Thunder Wave|p1a: Lanturn\n|-heal|p1a: Lanturn|90\/100|[from] ability: Volt Absorb|[of] p2a: Ferrothorn\n|\n|-heal|p1a: Lanturn|96\/100|[from] item: Leftovers\n|upkeep\n|turn|25\n|\n|t:|1700990534\n|move|p1a: Lanturn|Volt Switch|p2a: Ferrothorn\n|-resisted|p2a: Ferrothorn\n|-damage|p2a: Ferrothorn|95\/100\n|\n|t:|1700990536\n|switch|p1a: Volcarona|Volcarona, M|87\/100|[from] Volt Switch\n|move|p2a: Ferrothorn|Stealth Rock|p1a: Volcarona\n|-sidestart|p1: fallmoon ok|move: Stealth Rock\n|\n|-heal|p1a: Volcarona|93\/100|[from] item: Leftovers\n|-heal|p2a: Ferrothorn|100\/100|[from] item: Leftovers\n|upkeep\n|turn|26\n|\n|t:|1700990559\n|switch|p2a: Toxapex|Toxapex, M|100\/100\n|-damage|p2a: Toxapex|88\/100|[from] Stealth Rock\n|move|p1a: Volcarona|Quiver Dance|p1a: Volcarona\n|-boost|p1a: Volcarona|spa|1\n|-boost|p1a: Volcarona|spd|1\n|-boost|p1a: Volcarona|spe|1\n|\n|-heal|p1a: Volcarona|99\/100|[from] item: Leftovers\n|-heal|p2a: Toxapex|94\/100|[from] item: Leftovers\n|upkeep\n|turn|27\n|\n|t:|1700990574\n|-terastallize|p1a: Volcarona|Bug\n|move|p1a: Volcarona|Bug Buzz|p2a: Toxapex\n|-resisted|p2a: Toxapex\n|-damage|p2a: Toxapex|57\/100\n|move|p2a: Toxapex|Haze|p2a: Toxapex\n|-clearallboost\n|\n|-heal|p1a: Volcarona|100\/100|[from] item: Leftovers\n|-heal|p2a: Toxapex|63\/100|[from] item: Leftovers\n|upkeep\n|turn|28\n|\n|t:|1700990583\n|move|p1a: Volcarona|Substitute|p1a: Volcarona\n|-start|p1a: Volcarona|Substitute\n|-damage|p1a: Volcarona|76\/100\n|move|p2a: Toxapex|Recover|p2a: Toxapex\n|-heal|p2a: Toxapex|100\/100\n|\n|-heal|p1a: Volcarona|82\/100|[from] item: Leftovers\n|upkeep\n|turn|29\n|\n|t:|1700990591\n|move|p1a: Volcarona|Quiver Dance|p1a: Volcarona\n|-boost|p1a: Volcarona|spa|1\n|-boost|p1a: Volcarona|spd|1\n|-boost|p1a: Volcarona|spe|1\n|move|p2a: Toxapex|Scald|p1a: Volcarona\n|-activate|p1a: Volcarona|move: Substitute|[damage]\n|\n|-heal|p1a: Volcarona|88\/100|[from] item: Leftovers\n|upkeep\n|turn|30\n|\n|t:|1700990594\n|move|p1a: Volcarona|Bug Buzz|p2a: Toxapex\n|-resisted|p2a: Toxapex\n|-damage|p2a: Toxapex|68\/100\n|move|p2a: Toxapex|Haze|p2a: Toxapex\n|-clearallboost\n|\n|-heal|p1a: Volcarona|94\/100|[from] item: Leftovers\n|-heal|p2a: Toxapex|74\/100|[from] item: Leftovers\n|upkeep\n|turn|31\n|\n|t:|1700990603\n|move|p1a: Volcarona|Fiery Dance|p2a: Toxapex\n|-resisted|p2a: Toxapex\n|-crit|p2a: Toxapex\n|-damage|p2a: Toxapex|52\/100\n|move|p2a: Toxapex|Haze|p2a: Toxapex\n|-clearallboost\n|\n|-heal|p1a: Volcarona|99\/100|[from] item: Leftovers\n|-heal|p2a: Toxapex|58\/100|[from] item: Leftovers\n|upkeep\n|turn|32\n|\n|t:|1700990607\n|move|p1a: Volcarona|Fiery Dance|p2a: Toxapex\n|-resisted|p2a: Toxapex\n|-damage|p2a: Toxapex|44\/100\n|-boost|p1a: Volcarona|spa|1\n|move|p2a: Toxapex|Recover|p2a: Toxapex\n|-heal|p2a: Toxapex|94\/100\n|\n|-heal|p1a: Volcarona|100\/100|[from] item: Leftovers\n|-heal|p2a: Toxapex|99\/100|[from] item: Leftovers\n|upkeep\n|turn|33\n|\n|t:|1700990613\n|move|p1a: Volcarona|Bug Buzz|p2a: Toxapex\n|-resisted|p2a: Toxapex\n|-damage|p2a: Toxapex|64\/100\n|-unboost|p2a: Toxapex|spd|1\n|move|p2a: Toxapex|Haze|p2a: Toxapex\n|-clearallboost\n|\n|-heal|p2a: Toxapex|70\/100|[from] item: Leftovers\n|upkeep\n|turn|34\n|\n|t:|1700990616\n|move|p1a: Volcarona|Fiery Dance|p2a: Toxapex\n|-resisted|p2a: Toxapex\n|-damage|p2a: Toxapex|54\/100\n|move|p2a: Toxapex|Scald|p1a: Volcarona\n|-end|p1a: Volcarona|Substitute\n|\n|-heal|p2a: Toxapex|60\/100|[from] item: Leftovers\n|upkeep\n|turn|35\n|\n|t:|1700990623\n|move|p1a: Volcarona|Substitute|p1a: Volcarona\n|-start|p1a: Volcarona|Substitute\n|-damage|p1a: Volcarona|76\/100\n|move|p2a: Toxapex|Scald|p1a: Volcarona\n|-crit|p1a: Volcarona\n|-activate|p1a: Volcarona|move: Substitute|[damage]\n|\n|-heal|p1a: Volcarona|82\/100|[from] item: Leftovers\n|-heal|p2a: Toxapex|66\/100|[from] item: Leftovers\n|upkeep\n|turn|36\n|\n|t:|1700990628\n|move|p1a: Volcarona|Quiver Dance|p1a: Volcarona\n|-boost|p1a: Volcarona|spa|1\n|-boost|p1a: Volcarona|spd|1\n|-boost|p1a: Volcarona|spe|1\n|move|p2a: Toxapex|Scald|p1a: Volcarona\n|-end|p1a: Volcarona|Substitute\n|\n|-heal|p1a: Volcarona|88\/100|[from] item: Leftovers\n|-heal|p2a: Toxapex|73\/100|[from] item: Leftovers\n|upkeep\n|turn|37\n|\n|t:|1700990634\n|move|p1a: Volcarona|Bug Buzz|p2a: Toxapex\n|-resisted|p2a: Toxapex\n|-damage|p2a: Toxapex|39\/100\n|move|p2a: Toxapex|Haze|p2a: Toxapex\n|-clearallboost\n|\n|-heal|p1a: Volcarona|94\/100|[from] item: Leftovers\n|-heal|p2a: Toxapex|45\/100|[from] item: Leftovers\n|upkeep\n|turn|38\n|\n|t:|1700990641\n|switch|p2a: Volcarona|Volcarona, F|100\/100\n|move|p1a: Volcarona|Substitute|p1a: Volcarona\n|-start|p1a: Volcarona|Substitute\n|-damage|p1a: Volcarona|69\/100\n|\n|-heal|p1a: Volcarona|75\/100|[from] item: Leftovers\n|upkeep\n|turn|39\n|\n|t:|1700990652\n|switch|p1a: Banette|Banette-Mega, F|77\/100\n|-damage|p1a: Banette|64\/100|[from] Stealth Rock\n|move|p2a: Volcarona|Quiver Dance|p2a: Volcarona\n|-boost|p2a: Volcarona|spa|1\n|-boost|p2a: Volcarona|spd|1\n|-boost|p2a: Volcarona|spe|1\n|\n|upkeep\n|turn|40\n|\n|t:|1700990667\n|switch|p2a: Ferrothorn|Ferrothorn, F|100\/100\n|-damage|p2a: Ferrothorn|94\/100|[from] Stealth Rock\n|move|p1a: Banette|Poltergeist|p2a: Ferrothorn\n|-activate|p2a: Ferrothorn|move: Poltergeist|Leftovers\n|-damage|p2a: Ferrothorn|32\/100\n|\n|-heal|p2a: Ferrothorn|38\/100|[from] item: Leftovers\n|upkeep\n|turn|41\n|\n|t:|1700990678\n|switch|p2a: Gliscor|Gliscor, M|47\/100 tox\n|-damage|p2a: Gliscor|35\/100 tox|[from] Stealth Rock\n|move|p1a: Banette|Poltergeist|p2a: Gliscor\n|-activate|p2a: Gliscor|move: Poltergeist|Toxic Orb\n|-damage|p2a: Gliscor|0 fnt\n|faint|p2a: Gliscor\n|\n|upkeep\n|\n|t:|1700990682\n|switch|p2a: Tapu Lele|Tapu Lele|100\/100\n|-damage|p2a: Tapu Lele|88\/100|[from] Stealth Rock\n|-fieldstart|move: Psychic Terrain|[from] ability: Psychic Surge|[of] p2a: Tapu Lele\n|turn|42\n|\n|t:|1700990689\n|move|p1a: Banette|Destiny Bond|p1a: Banette\n|-singlemove|p1a: Banette|Destiny Bond\n|move|p2a: Tapu Lele|Psychic|p1a: Banette\n|-damage|p1a: Banette|0 fnt\n|faint|p1a: Banette\n|-activate|p1a: Banette|move: Destiny Bond\n|faint|p2a: Tapu Lele\n|\n|upkeep\n|\n|t:|1700990712\n|switch|p2a: Ferrothorn|Ferrothorn, F|38\/100\n|switch|p1a: Ogerpon|Ogerpon-Cornerstone, F|88\/100\n|-damage|p1a: Ogerpon|76\/100|[from] Stealth Rock\n|-damage|p2a: Ferrothorn|32\/100|[from] Stealth Rock\n|turn|43\n|\n|t:|1700990717\n|switch|p1a: Rillaboom|Rillaboom, M|83\/100\n|-damage|p1a: Rillaboom|71\/100|[from] Stealth Rock\n|-fieldstart|move: Grassy Terrain|[from] ability: Grassy Surge|[of] p1a: Rillaboom\n|move|p2a: Ferrothorn|Thunder Wave|p1a: Rillaboom\n|-status|p1a: Rillaboom|par\n|\n|-heal|p1a: Rillaboom|77\/100 par|[from] Grassy Terrain\n|-heal|p2a: Ferrothorn|38\/100|[from] Grassy Terrain\n|-heal|p2a: Ferrothorn|44\/100|[from] item: Leftovers\n|upkeep\n|turn|44\n|\n|t:|1700990724\n|move|p1a: Rillaboom|U-turn|p2a: Ferrothorn\n|-damage|p2a: Ferrothorn|22\/100\n|-damage|p1a: Rillaboom|65\/100 par|[from] ability: Iron Barbs|[of] p2a: Ferrothorn\n|\n|t:|1700990727\n|switch|p1a: Ogerpon|Ogerpon-Cornerstone, F|76\/100|[from] U-turn\n|-damage|p1a: Ogerpon|64\/100|[from] Stealth Rock\n|move|p2a: Ferrothorn|Gyro Ball|p1a: Ogerpon\n|-supereffective|p1a: Ogerpon\n|-damage|p1a: Ogerpon|0 fnt\n|faint|p1a: Ogerpon\n|\n|-heal|p2a: Ferrothorn|29\/100|[from] Grassy Terrain\n|-heal|p2a: Ferrothorn|35\/100|[from] item: Leftovers\n|upkeep\n|\n|t:|1700990742\n|switch|p1a: Volcarona|Volcarona, M, tera:Bug|75\/100\n|-damage|p1a: Volcarona|50\/100|[from] Stealth Rock\n|turn|45\n|\n|t:|1700990747\n|move|p1a: Volcarona|Fiery Dance|p2a: Ferrothorn\n|-supereffective|p2a: Ferrothorn\n|-damage|p2a: Ferrothorn|0 fnt\n|-boost|p1a: Volcarona|spa|1\n|faint|p2a: Ferrothorn\n|\n|-heal|p1a: Volcarona|56\/100|[from] Grassy Terrain\n|-heal|p1a: Volcarona|62\/100|[from] item: Leftovers\n|upkeep\n|\n|t:|1700990751\n|switch|p2a: Volcarona|Volcarona, F|100\/100\n|turn|46\n|\n|t:|1700990756\n|move|p1a: Volcarona|Fiery Dance|p2a: Volcarona\n|-damage|p2a: Volcarona|48\/100\n|-boost|p1a: Volcarona|spa|1\n|move|p2a: Volcarona|Quiver Dance|p2a: Volcarona\n|-boost|p2a: Volcarona|spa|1\n|-boost|p2a: Volcarona|spd|1\n|-boost|p2a: Volcarona|spe|1\n|\n|-heal|p2a: Volcarona|54\/100|[from] Grassy Terrain\n|-heal|p1a: Volcarona|68\/100|[from] Grassy Terrain\n|-heal|p1a: Volcarona|74\/100|[from] item: Leftovers\n|upkeep\n|turn|47\n|\n|t:|1700990763\n|move|p2a: Volcarona|Fiery Dance|p1a: Volcarona\n|-supereffective|p1a: Volcarona\n|-damage|p1a: Volcarona|0 fnt\n|-boost|p2a: Volcarona|spa|1\n|faint|p1a: Volcarona\n|\n|-heal|p2a: Volcarona|60\/100|[from] Grassy Terrain\n|-fieldend|move: Grassy Terrain\n|upkeep\n|\n|t:|1700990770\n|switch|p1a: Iron Treads|Iron Treads|50\/100\n|turn|48\n|\n|t:|1700990773\n|move|p2a: Volcarona|Fiery Dance|p1a: Iron Treads\n|-supereffective|p1a: Iron Treads\n|-damage|p1a: Iron Treads|0 fnt\n|faint|p1a: Iron Treads\n|-end|p1a: Iron Treads|Quark Drive|[silent]\n|\n|upkeep\n|-message|fallmoon ok forfeited.\n|\n|win|Deriverse\n|raw|fallmoon ok's rating: 1491 &rarr; <strong>1468<\/strong><br \/>(-23 for losing)\n|raw|Deriverse's rating: 1439 &rarr; <strong>1462<\/strong><br \/>(+23 for winning)\n|l|\u2606fallmoon ok\n","uploadtime":1700990780,"views":2,"p1id":"fallmoonok","p2id":"deriverse","formatid":"gen9nationaldex","rating":1462,"private":0,"password":""}