{"id":"gen9nationaldex-1996916532","p1":"Serena1111\u805a\u6c14\u5384\u9b3c\u692a","p2":"ybbjj","format":"[Gen 9] National Dex","log":"|html|<div class=\"broadcast-blue\"><strong>[Gen 9] National Dex is currently suspecting Sneasler! For information on how to participate check out the <a href=\"https:\/\/www.smogon.com\/forums\/threads\/sv-national-dex-suspect-8-just-dance.3731534\/\">suspect thread<\/a>.<\/strong><\/div>\n|j|\u2606Serena1111\u805a\u6c14\u5384\u9b3c\u692a\n|j|\u2606ybbjj\n|t:|1700744462\n|gametype|singles\n|player|p1|Serena1111\u805a\u6c14\u5384\u9b3c\u692a|serena|1149\n|player|p2|ybbjj|sailor|1163\n|teamsize|p1|6\n|teamsize|p2|6\n|gen|9\n|tier|[Gen 9] National Dex\n|rated|\n|rule|HP Percentage Mod: HP is shown in percentages\n|rule|Endless Battle Clause: Forcing endless battles is banned\n|rule|OHKO Clause: OHKO moves are banned\n|rule|Evasion Clause: Evasion abilities, items, and moves are banned\n|rule|Evasion Abilities Clause: Evasion abilities are banned\n|rule|Evasion Items Clause: Evasion items are banned\n|rule|Evasion Moves Clause: Evasion moves are banned\n|rule|Species Clause: Limit one of each Pok\u00e9mon\n|rule|Sleep Clause Mod: Limit one foe put to sleep\n|clearpoke\n|poke|p1|Mawile, M|\n|poke|p1|Marowak-Alola, M|\n|poke|p1|Porygon2|\n|poke|p1|Stakataka|\n|poke|p1|Cresselia, F|\n|poke|p1|Ursaluna, M|\n|poke|p2|Banette, M|\n|poke|p2|Cresselia, F|\n|poke|p2|Ursaluna, F|\n|poke|p2|Heatran, F|\n|poke|p2|Dondozo, M|\n|poke|p2|Zapdos|\n|teampreview\n|inactive|Battle timer is ON: inactive players will automatically lose when time's up. (requested by Serena1111\u805a\u6c14\u5384\u9b3c\u692a)\n|\n|t:|1700744475\n|start\n|switch|p1a: 3d\u9f99|Porygon2|100\/100\n|switch|p2a: Banette|Banette, M|100\/100\n|-item|p2a: Banette|Banettite|[from] ability: Frisk|[of] p1a: 3d\u9f99|[identify]\n|-ability|p1a: 3d\u9f99|Frisk|[from] ability: Trace|[of] p2a: Banette\n|-item|p1a: 3d\u9f99|Eviolite|[from] ability: Frisk|[of] p2a: Banette|[identify]\n|turn|1\n|\n|t:|1700744490\n|detailschange|p2a: Banette|Banette-Mega, M\n|-mega|p2a: Banette|Banette|Banettite\n|move|p2a: Banette|Taunt|p1a: 3d\u9f99\n|-start|p1a: 3d\u9f99|move: Taunt\n|cant|p1a: 3d\u9f99|move: Taunt|Teleport\n|\n|upkeep\n|turn|2\n|\n|t:|1700744497\n|move|p1a: 3d\u9f99|Ice Beam|p2a: Banette\n|-damage|p2a: Banette|74\/100\n|move|p2a: Banette|Trick Room|p2a: Banette\n|-fieldstart|move: Trick Room|[of] p2a: Banette\n|\n|upkeep\n|turn|3\n|\n|t:|1700744509\n|switch|p2a: Dondozo|Dondozo, M|100\/100\n|switch|p1a: \u5e26\u7a81\u98de\u731b\u6251\u8fd8\u662f\u5e26\u5730\u9707\u554a|Ursaluna, M|100\/100\n|\n|-status|p1a: \u5e26\u7a81\u98de\u731b\u6251\u8fd8\u662f\u5e26\u5730\u9707\u554a|brn|[from] item: Flame Orb\n|upkeep\n|turn|4\n|\n|t:|1700744532\n|-terastallize|p1a: \u5e26\u7a81\u98de\u731b\u6251\u8fd8\u662f\u5e26\u5730\u9707\u554a|Normal\n|move|p2a: Dondozo|Wave Crash|p1a: \u5e26\u7a81\u98de\u731b\u6251\u8fd8\u662f\u5e26\u5730\u9707\u554a\n|-damage|p1a: \u5e26\u7a81\u98de\u731b\u6251\u8fd8\u662f\u5e26\u5730\u9707\u554a|50\/100 brn\n|-damage|p2a: Dondozo|87\/100|[from] Recoil\n|move|p1a: \u5e26\u7a81\u98de\u731b\u6251\u8fd8\u662f\u5e26\u5730\u9707\u554a|Facade|p2a: Dondozo\n|-damage|p2a: Dondozo|0 fnt\n|faint|p2a: Dondozo\n|\n|-damage|p1a: \u5e26\u7a81\u98de\u731b\u6251\u8fd8\u662f\u5e26\u5730\u9707\u554a|44\/100 brn|[from] brn\n|upkeep\n|inactive|ybbjj has 120 seconds left.\n|\n|t:|1700744555\n|switch|p2a: Ursaluna|Ursaluna, F|100\/100\n|turn|5\n|\n|t:|1700744560\n|move|p2a: Ursaluna|Substitute|p2a: Ursaluna\n|-start|p2a: Ursaluna|Substitute\n|-damage|p2a: Ursaluna|76\/100\n|move|p1a: \u5e26\u7a81\u98de\u731b\u6251\u8fd8\u662f\u5e26\u5730\u9707\u554a|Close Combat|p2a: Ursaluna\n|-supereffective|p2a: Ursaluna\n|-end|p2a: Ursaluna|Substitute\n|-unboost|p1a: \u5e26\u7a81\u98de\u731b\u6251\u8fd8\u662f\u5e26\u5730\u9707\u554a|def|1\n|-unboost|p1a: \u5e26\u7a81\u98de\u731b\u6251\u8fd8\u662f\u5e26\u5730\u9707\u554a|spd|1\n|\n|-damage|p1a: \u5e26\u7a81\u98de\u731b\u6251\u8fd8\u662f\u5e26\u5730\u9707\u554a|38\/100 brn|[from] brn\n|-status|p2a: Ursaluna|brn|[from] item: Flame Orb\n|upkeep\n|turn|6\n|\n|t:|1700744582\n|switch|p1a: \u7f8e\u68a6\u795e|Cresselia, F|100\/100\n|move|p2a: Ursaluna|Facade|p1a: \u7f8e\u68a6\u795e\n|-damage|p1a: \u7f8e\u68a6\u795e|16\/100\n|\n|-damage|p2a: Ursaluna|69\/100 brn|[from] brn\n|-fieldend|move: Trick Room\n|upkeep\n|turn|7\n|\n|t:|1700744598\n|move|p1a: \u7f8e\u68a6\u795e|Ice Beam|p2a: Ursaluna\n|-supereffective|p2a: Ursaluna\n|-damage|p2a: Ursaluna|33\/100 brn\n|move|p2a: Ursaluna|Substitute|p2a: Ursaluna\n|-start|p2a: Ursaluna|Substitute\n|-damage|p2a: Ursaluna|8\/100 brn\n|\n|-damage|p2a: Ursaluna|2\/100 brn|[from] brn\n|upkeep\n|turn|8\n|\n|t:|1700744607\n|switch|p1a: \u560e\u795e\uff01\uff01|Marowak-Alola, M, shiny|100\/100\n|switch|p2a: Cresselia|Cresselia, F|100\/100\n|\n|upkeep\n|turn|9\n|\n|t:|1700744617\n|move|p1a: \u560e\u795e\uff01\uff01|Poltergeist|p2a: Cresselia\n|-activate|p2a: Cresselia|move: Poltergeist|Focus Sash\n|-supereffective|p2a: Cresselia\n|-damage|p2a: Cresselia|12\/100\n|move|p2a: Cresselia|Trick Room|p2a: Cresselia\n|-fieldstart|move: Trick Room|[of] p2a: Cresselia\n|\n|upkeep\n|turn|10\n|\n|t:|1700744630\n|switch|p2a: Heatran|Heatran, F|100\/100\n|-item|p2a: Heatran|Air Balloon\n|move|p1a: \u560e\u795e\uff01\uff01|Flare Blitz|p2a: Heatran\n|-start|p2a: Heatran|ability: Flash Fire\n|\n|upkeep\n|turn|11\n|\n|t:|1700744652\n|move|p1a: \u560e\u795e\uff01\uff01|Poltergeist|p2a: Heatran\n|-activate|p2a: Heatran|move: Poltergeist|Air Balloon\n|-damage|p2a: Heatran|20\/100\n|-enditem|p2a: Heatran|Air Balloon\n|move|p2a: Heatran|Magma Storm|p1a: \u560e\u795e\uff01\uff01\n|-resisted|p1a: \u560e\u795e\uff01\uff01\n|-damage|p1a: \u560e\u795e\uff01\uff01|58\/100\n|-activate|p1a: \u560e\u795e\uff01\uff01|move: Magma Storm|[of] p2a: Heatran\n|\n|-damage|p1a: \u560e\u795e\uff01\uff01|46\/100|[from] move: Magma Storm|[partiallytrapped]\n|upkeep\n|turn|12\n|\n|t:|1700744666\n|move|p1a: \u560e\u795e\uff01\uff01|Earthquake|p2a: Heatran\n|-supereffective|p2a: Heatran\n|-damage|p2a: Heatran|0 fnt\n|faint|p2a: Heatran\n|\n|-end|p1a: \u560e\u795e\uff01\uff01|Magma Storm|[partiallytrapped]|[silent]\n|upkeep\n|\n|t:|1700744675\n|switch|p2a: Zapdos|Zapdos|100\/100\n|turn|13\n|\n|t:|1700744681\n|move|p1a: \u560e\u795e\uff01\uff01|Flare Blitz|p2a: Zapdos\n|-damage|p2a: Zapdos|0 fnt\n|faint|p2a: Zapdos\n|\n|-fieldend|move: Trick Room\n|upkeep\n|\n|t:|1700744688\n|switch|p2a: Banette|Banette-Mega, M|74\/100\n|turn|14\n|\n|t:|1700744699\n|switch|p1a: 3d\u9f99|Porygon2|100\/100\n|-ability|p1a: 3d\u9f99|Prankster|[from] ability: Trace|[of] p2a: Banette\n|move|p2a: Banette|Poltergeist|p1a: 3d\u9f99\n|-immune|p1a: 3d\u9f99\n|\n|upkeep\n|turn|15\n|\n|t:|1700744711\n|move|p2a: Banette|Taunt|p1a: 3d\u9f99\n|-start|p1a: 3d\u9f99|move: Taunt\n|cant|p1a: 3d\u9f99|move: Taunt|Trick Room\n|\n|upkeep\n|turn|16\n|\n|t:|1700744732\n|switch|p2a: Cresselia|Cresselia, F|12\/100\n|move|p1a: 3d\u9f99|Ice Beam|p2a: Cresselia\n|-damage|p2a: Cresselia|0 fnt\n|faint|p2a: Cresselia\n|\n|upkeep\n|-message|ybbjj forfeited.\n|\n|win|Serena1111\u805a\u6c14\u5384\u9b3c\u692a\n|raw|Serena1111\u805a\u6c14\u5384\u9b3c\u692a's rating: 1149 &rarr; <strong>1175<\/strong><br \/>(+26 for winning)\n|raw|ybbjj's rating: 1163 &rarr; <strong>1137<\/strong><br \/>(-26 for losing)\n|l|\u2606ybbjj\n","uploadtime":1700744765,"views":0,"p1id":"serena1111","p2id":"ybbjj","formatid":"gen9nationaldex","rating":1137,"private":0,"password":""}