{"id":"gen9nationaldex-1993733321","p1":"Void280","p2":"PeppsiAsiEs","format":"[Gen 9] National Dex","log":"|j|\u2606Void280\n|j|\u2606PeppsiAsiEs\n|t:|1700350808\n|gametype|singles\n|player|p1|Void280|cynthia-masters|\n|player|p2|PeppsiAsiEs|poppy|\n|teamsize|p1|6\n|teamsize|p2|6\n|gen|9\n|tier|[Gen 9] National Dex\n|rule|HP Percentage Mod: HP is shown in percentages\n|rule|Endless Battle Clause: Forcing endless battles is banned\n|rule|OHKO Clause: OHKO moves are banned\n|rule|Evasion Clause: Evasion abilities, items, and moves are banned\n|rule|Evasion Abilities Clause: Evasion abilities are banned\n|rule|Evasion Items Clause: Evasion items are banned\n|rule|Evasion Moves Clause: Evasion moves are banned\n|rule|Species Clause: Limit one of each Pok\u00e9mon\n|rule|Sleep Clause Mod: Limit one foe put to sleep\n|clearpoke\n|poke|p1|Great Tusk|\n|poke|p1|Ogerpon-Wellspring, F|\n|poke|p1|Lopunny, M|\n|poke|p1|Hydreigon, F|\n|poke|p1|Togekiss, F|\n|poke|p1|Goodra-Hisui, F|\n|poke|p2|Skarmory, F|\n|poke|p2|Jirachi|\n|poke|p2|Celesteela|\n|poke|p2|Bisharp, M|\n|poke|p2|Aegislash, F|\n|poke|p2|Heatran, F|\n|teampreview\n|j| Sylveon(404)\n|c|\u2606Void280|Buena suerte (la voy a necesitar)\n|c|\u2606PeppsiAsiEs|\u00a1Hola, Aspirante! Veo que has llegado muy lejos hasta aqu\u00ed ahora con demasiado esfuerzo conllevado a batallas esplendidas. Esta batalla, no ser\u00e1 la excepci\u00f3n.\n|c| Sylveon(404)|maxi\n|c| Sylveon(404)|recuerda esto\n|c| Sylveon(404)|bishard da dolor de huevos\n|j| WSoldat\n|c|\u2606PeppsiAsiEs|Antes de iniciar el combate, debo preguntarte...\n|c|\u2606PeppsiAsiEs|\u00bfPrefieres romperte... o doblarte?\n|c| Sylveon(404)|mucho texto sr\n|c|\u2606Void280|uff...\n|c|\u2606Void280|Ninguna\n|c|\u2606PeppsiAsiEs|No hay opci\u00f3n C :)\n|\n|t:|1700350909\n|start\n|switch|p1a: Bless|Togekiss, F|100\/100\n|switch|p2a: Skarmory|Skarmory, F|100\/100\n|turn|1\n|j| RARMolina\n|\n|t:|1700350930\n|move|p1a: Bless|Flamethrower|p2a: Skarmory\n|-supereffective|p2a: Skarmory\n|-damage|p2a: Skarmory|9\/100\n|-status|p2a: Skarmory|brn\n|move|p2a: Skarmory|Stealth Rock|p1a: Bless\n|-sidestart|p1: Void280|move: Stealth Rock\n|\n|-damage|p2a: Skarmory|3\/100 brn|[from] brn\n|upkeep\n|turn|2\n|\n|t:|1700350942\n|switch|p2a: Heatran|Heatran, F|100\/100\n|-item|p2a: Heatran|Air Balloon\n|move|p1a: Bless|Tailwind|p1a: Bless\n|-sidestart|p1: Void280|move: Tailwind\n|\n|upkeep\n|turn|3\n|\n|t:|1700350950\n|move|p1a: Bless|Defog|p2a: Heatran\n|-unboost|p2a: Heatran|evasion|1\n|-sideend|p1: Void280|Stealth Rock|[from] move: Defog|[of] p1a: Bless\n|move|p2a: Heatran|Magma Storm|p1a: Bless\n|-damage|p1a: Bless|57\/100\n|-activate|p1a: Bless|move: Magma Storm|[of] p2a: Heatran\n|\n|-heal|p1a: Bless|63\/100|[from] item: Leftovers\n|-damage|p1a: Bless|51\/100|[from] move: Magma Storm|[partiallytrapped]\n|upkeep\n|turn|4\n|\n|t:|1700350959\n|move|p1a: Bless|Air Slash|p2a: Heatran\n|-resisted|p2a: Heatran\n|-damage|p2a: Heatran|89\/100\n|-enditem|p2a: Heatran|Air Balloon\n|cant|p2a: Heatran|flinch\n|\n|-heal|p1a: Bless|57\/100|[from] item: Leftovers\n|-damage|p1a: Bless|45\/100|[from] move: Magma Storm|[partiallytrapped]\n|upkeep\n|turn|5\n|\n|t:|1700350970\n|switch|p2a: Celesteela|Celesteela|100\/100\n|move|p1a: Bless|Air Slash|p2a: Celesteela\n|-resisted|p2a: Celesteela\n|-damage|p2a: Celesteela|83\/100\n|\n|-heal|p1a: Bless|51\/100|[from] item: Leftovers\n|-end|p1a: Bless|Magma Storm|[partiallytrapped]|[silent]\n|-sideend|p1: Void280|move: Tailwind\n|upkeep\n|turn|6\n|c| Sylveon(404)|me copio a mi toge\n|c| Sylveon(404)|:'v\n|\n|t:|1700350997\n|switch|p2a: Heatran|Heatran, F|89\/100\n|move|p1a: Bless|Flamethrower|p2a: Heatran\n|-start|p2a: Heatran|ability: Flash Fire\n|\n|-heal|p1a: Bless|57\/100|[from] item: Leftovers\n|upkeep\n|turn|7\n|\n|t:|1700351009\n|switch|p1a: Hydra|Hydreigon, F|100\/100\n|move|p2a: Heatran|Magma Storm|p1a: Hydra\n|-resisted|p1a: Hydra\n|-damage|p1a: Hydra|64\/100\n|-activate|p1a: Hydra|move: Magma Storm|[of] p2a: Heatran\n|\n|-damage|p1a: Hydra|52\/100|[from] move: Magma Storm|[partiallytrapped]\n|upkeep\n|turn|8\n|\n|t:|1700351025\n|-terastallize|p2a: Heatran|Grass\n|move|p1a: Hydra|Surf|p2a: Heatran\n|-resisted|p2a: Heatran\n|-damage|p2a: Heatran|74\/100\n|move|p2a: Heatran|Magma Storm|p1a: Hydra\n|-resisted|p1a: Hydra\n|-damage|p1a: Hydra|16\/100\n|\n|-damage|p1a: Hydra|4\/100|[from] move: Magma Storm|[partiallytrapped]\n|upkeep\n|turn|9\n|\n|t:|1700351037\n|-end|p2a: Heatran|ability: Flash Fire|[silent]\n|switch|p2a: Aegislash|Aegislash, F|100\/100\n|move|p1a: Hydra|Surf|p2a: Aegislash\n|-damage|p2a: Aegislash|65\/100\n|\n|-end|p1a: Hydra|Magma Storm|[partiallytrapped]|[silent]\n|upkeep\n|turn|10\n|\n|t:|1700351049\n|switch|p1a: Ansel|Lopunny, M, shiny|100\/100\n|-formechange|p2a: Aegislash|Aegislash-Blade||[from] ability: Stance Change\n|move|p2a: Aegislash|Shadow Sneak|p1a: Ansel\n|-immune|p1a: Ansel\n|\n|upkeep\n|turn|11\n|\n|t:|1700351070\n|switch|p2a: Skarmory|Skarmory, F|3\/100 brn\n|detailschange|p1a: Ansel|Lopunny-Mega, M, shiny\n|-mega|p1a: Ansel|Lopunny|Lopunnite\n|move|p1a: Ansel|Fake Out|p2a: Skarmory\n|-resisted|p2a: Skarmory\n|-damage|p2a: Skarmory|0 fnt\n|faint|p2a: Skarmory\n|\n|upkeep\n|\n|t:|1700351111\n|switch|p2a: Aegislash|Aegislash, F|65\/100\n|turn|12\n|\n|t:|1700351115\n|move|p1a: Ansel|Close Combat|p2a: Aegislash\n|-supereffective|p2a: Aegislash\n|-damage|p2a: Aegislash|0 fnt\n|-unboost|p1a: Ansel|def|1\n|-unboost|p1a: Ansel|spd|1\n|faint|p2a: Aegislash\n|\n|upkeep\n|\n|t:|1700351122\n|switch|p2a: Jirachi|Jirachi, shiny|100\/100\n|turn|13\n|\n|t:|1700351131\n|switch|p1a: Hydra|Hydreigon, F|4\/100\n|-zpower|p2a: Jirachi\n|move|p2a: Jirachi|Z-Happy Hour|p2a: Jirachi|[anim]Happy Hour\n|-boost|p2a: Jirachi|atk|1|[zeffect]\n|-boost|p2a: Jirachi|def|1|[zeffect]\n|-boost|p2a: Jirachi|spa|1|[zeffect]\n|-boost|p2a: Jirachi|spd|1|[zeffect]\n|-boost|p2a: Jirachi|spe|1|[zeffect]\n|\n|upkeep\n|turn|14\n|\n|t:|1700351142\n|move|p2a: Jirachi|Aura Sphere|p1a: Hydra\n|-supereffective|p1a: Hydra\n|-damage|p1a: Hydra|0 fnt\n|faint|p1a: Hydra\n|\n|upkeep\n|\n|t:|1700351155\n|switch|p1a: Bless|Togekiss, F|57\/100\n|turn|15\n|\n|t:|1700351158\n|move|p2a: Jirachi|Thunderbolt|p1a: Bless\n|-supereffective|p1a: Bless\n|-damage|p1a: Bless|0 fnt\n|faint|p1a: Bless\n|\n|upkeep\n|c| Sylveon(404)|saca\n|c| Sylveon(404)|a goodra\n|c| Sylveon(404)|aguanta\n|c|\u2606PeppsiAsiEs|No se puede hacer coach sylveon\n|c|\u2606PeppsiAsiEs|Perd\u00f3n pero esas son las reglas\n|\n|t:|1700351184\n|switch|p1a: Kilo|Great Tusk|100\/100\n|turn|16\n|c| Sylveon(404)|:V\n|\n|t:|1700351190\n|-terastallize|p1a: Kilo|Steel\n|move|p2a: Jirachi|Psychic|p1a: Kilo\n|-resisted|p1a: Kilo\n|-damage|p1a: Kilo|55\/100\n|-unboost|p1a: Kilo|spd|1\n|move|p1a: Kilo|Knock Off|p2a: Jirachi\n|-supereffective|p2a: Jirachi\n|-damage|p2a: Jirachi|68\/100\n|\n|upkeep\n|turn|17\n|\n|t:|1700351220\n|-end|p1a: Kilo|Protosynthesis|[silent]\n|switch|p1a: Sui|Goodra-Hisui, F|100\/100\n|move|p2a: Jirachi|Aura Sphere|p1a: Sui\n|-supereffective|p1a: Sui\n|-damage|p1a: Sui|51\/100\n|\n|-heal|p1a: Sui|57\/100|[from] item: Leftovers\n|upkeep\n|turn|18\n|\n|t:|1700351233\n|move|p2a: Jirachi|Aura Sphere|p1a: Sui\n|-supereffective|p1a: Sui\n|-damage|p1a: Sui|7\/100\n|move|p1a: Sui|Body Press|p2a: Jirachi\n|-damage|p2a: Jirachi|54\/100\n|\n|-heal|p1a: Sui|13\/100|[from] item: Leftovers\n|upkeep\n|turn|19\n|\n|t:|1700351241\n|move|p2a: Jirachi|Aura Sphere|p1a: Sui\n|-supereffective|p1a: Sui\n|-damage|p1a: Sui|0 fnt\n|faint|p1a: Sui\n|\n|upkeep\n|\n|t:|1700351246\n|switch|p1a: Ansel|Lopunny-Mega, M, shiny|100\/100\n|turn|20\n|\n|t:|1700351250\n|move|p1a: Ansel|Fake Out|p2a: Jirachi\n|-resisted|p2a: Jirachi\n|-damage|p2a: Jirachi|47\/100\n|cant|p2a: Jirachi|flinch\n|\n|upkeep\n|turn|21\n|\n|t:|1700351264\n|switch|p1a: Kilo|Great Tusk, tera:Steel|55\/100\n|move|p2a: Jirachi|Psychic|p1a: Kilo\n|-resisted|p1a: Kilo\n|-damage|p1a: Kilo|11\/100\n|\n|upkeep\n|turn|22\n|\n|t:|1700351270\n|move|p2a: Jirachi|Psychic|p1a: Kilo\n|-resisted|p1a: Kilo\n|-crit|p1a: Kilo\n|-damage|p1a: Kilo|0 fnt\n|faint|p1a: Kilo\n|-end|p1a: Kilo|Protosynthesis|[silent]\n|\n|upkeep\n|\n|t:|1700351276\n|switch|p1a: Yuna|Ogerpon-Wellspring, F|100\/100\n|turn|23\n|c| Sylveon(404)|gggg\n|c|\u2606Void280|Si\n|c|\u2606Void280|Ataque mal con Kilo\n|\n|t:|1700351288\n|move|p2a: Jirachi|Psychic|p1a: Yuna\n|-damage|p1a: Yuna|35\/100\n|move|p1a: Yuna|Ivy Cudgel|p2a: Jirachi|[anim] Ivy Cudgel Water\n|-damage|p2a: Jirachi|8\/100\n|\n|upkeep\n|turn|24\n|c| Sylveon(404)|ojo\n|\n|t:|1700351297\n|move|p1a: Yuna|Spiky Shield|p1a: Yuna\n|-singleturn|p1a: Yuna|move: Protect\n|move|p2a: Jirachi|Psychic|p1a: Yuna\n|-activate|p1a: Yuna|move: Protect\n|\n|upkeep\n|turn|25\n|\n|t:|1700351303\n|move|p2a: Jirachi|Psychic|p1a: Yuna\n|-damage|p1a: Yuna|0 fnt\n|faint|p1a: Yuna\n|\n|upkeep\n|\n|t:|1700351308\n|switch|p1a: Ansel|Lopunny-Mega, M, shiny|100\/100\n|turn|26\n|\n|t:|1700351310\n|move|p1a: Ansel|Fake Out|p2a: Jirachi\n|-resisted|p2a: Jirachi\n|-damage|p2a: Jirachi|0 fnt\n|faint|p2a: Jirachi\n|\n|upkeep\n|c| Sylveon(404)|loppuny vs pep\n|c|\u2606PeppsiAsiEs|Yo contra mi peor pesadilla\n|c| Sylveon(404)|xd\n|\n|t:|1700351344\n|switch|p2a: Celesteela|Celesteela|83\/100\n|turn|27\n|\n|t:|1700351351\n|move|p1a: Ansel|Thunder Punch|p2a: Celesteela\n|-supereffective|p2a: Celesteela\n|-damage|p2a: Celesteela|27\/100\n|move|p2a: Celesteela|Flamethrower|p1a: Ansel\n|-damage|p1a: Ansel|67\/100\n|\n|upkeep\n|turn|28\n|\n|t:|1700351357\n|move|p1a: Ansel|Thunder Punch|p2a: Celesteela\n|-supereffective|p2a: Celesteela\n|-damage|p2a: Celesteela|0 fnt\n|faint|p2a: Celesteela\n|\n|upkeep\n|\n|t:|1700351359\n|switch|p2a: Heatran|Heatran, F, tera:Grass|74\/100\n|turn|29\n|c| Sylveon(404)|GG?\n|c| RARMolina|Loppuny: ustedes contra mi solo que dicen?\n|\n|t:|1700351366\n|move|p1a: Ansel|Triple Axel|p2a: Heatran\n|-supereffective|p2a: Heatran\n|-damage|p2a: Heatran|61\/100\n|-supereffective|p2a: Heatran\n|-damage|p2a: Heatran|37\/100\n|-supereffective|p2a: Heatran\n|-damage|p2a: Heatran|1\/100\n|-hitcount|p2a: Heatran|3\n|move|p2a: Heatran|Earth Power|p1a: Ansel\n|-damage|p1a: Ansel|33\/100\n|\n|upkeep\n|turn|30\n|c| Sylveon(404)|XDDD\n|c| Sylveon(404)|GGGGG\n|\n|t:|1700351379\n|move|p1a: Ansel|Thunder Punch|p2a: Heatran\n|-resisted|p2a: Heatran\n|-damage|p2a: Heatran|0 fnt\n|faint|p2a: Heatran\n|\n|upkeep\n|\n|t:|1700351381\n|switch|p2a: Bisharp|Bisharp, M|100\/100\n|turn|31\n|c| Sylveon(404)|ojo\n|c| Sylveon(404)|nah\n|c| Sylveon(404)|gana pep\n|c|\u2606PeppsiAsiEs|....\n|c|\u2606Void280|ggs\n|\n|t:|1700351392\n|move|p2a: Bisharp|Sucker Punch|p1a: Ansel\n|-resisted|p1a: Ansel\n|-damage|p1a: Ansel|3\/100\n|move|p1a: Ansel|Close Combat|p2a: Bisharp\n|-supereffective|p2a: Bisharp\n|-damage|p2a: Bisharp|0 fnt\n|-unboost|p1a: Ansel|def|1\n|-unboost|p1a: Ansel|spd|1\n|faint|p2a: Bisharp\n|\n|win|Void280\n|c|\u2606Void280|ANSEL GOD!\n|c| Sylveon(404)|OTIA\n|c| RARMolina|Gg\n|c|\u2606Void280|ggs\n|l| WSoldat\n","uploadtime":1700351408,"views":19,"p1id":"void280","p2id":"peppsiasies","formatid":"gen9nationaldex","rating":0,"private":0,"password":""}