{"id":"gen9nationaldex-1988569948","p1":"Azu_CriticalXD","p2":"Jor99fran","format":"[Gen 9] National Dex","log":"|j|\u2606Azu_CriticalXD\n|j|\u2606Jor99fran\n|t:|1699737227\n|gametype|singles\n|player|p1|Azu_CriticalXD|ltsurge|\n|player|p2|Jor99fran|266|\n|teamsize|p1|6\n|teamsize|p2|6\n|gen|9\n|tier|[Gen 9] National Dex\n|rule|HP Percentage Mod: HP is shown in percentages\n|rule|Endless Battle Clause: Forcing endless battles is banned\n|rule|OHKO Clause: OHKO moves are banned\n|rule|Evasion Clause: Evasion abilities, items, and moves are banned\n|rule|Evasion Abilities Clause: Evasion abilities are banned\n|rule|Evasion Items Clause: Evasion items are banned\n|rule|Evasion Moves Clause: Evasion moves are banned\n|rule|Species Clause: Limit one of each Pok\u00e9mon\n|rule|Sleep Clause Mod: Limit one foe put to sleep\n|clearpoke\n|poke|p1|Regigigas|\n|poke|p1|Zoroark-Hisui, M|\n|poke|p1|Komala, F|\n|poke|p1|Ursaluna, F|\n|poke|p1|Pidgeot, F|\n|poke|p1|Porygon-Z|\n|poke|p2|Zoroark-Hisui, M|\n|poke|p2|Mimikyu, M|\n|poke|p2|Froslass, F|\n|poke|p2|Ceruledge, M|\n|poke|p2|Mismagius, F|\n|poke|p2|Typhlosion-Hisui, F|\n|teampreview\n|c|\u2606Jor99fran|bueno\n|c|\u2606Jor99fran|como el meme\n|c|\u2606Jor99fran|buena suerte\n|\n|t:|1699737249\n|start\n|switch|p1a: Fancie|Ursaluna, F, shiny|100\/100\n|switch|p2a: Froslass|Froslass, F|100\/100\n|turn|1\n|c|\u2606Azu_CriticalXD|si jajaaj\n|\n|t:|1699737261\n|-terastallize|p1a: Fancie|Ghost\n|move|p2a: Froslass|Spikes|p1a: Fancie\n|-sidestart|p1: Azu_CriticalXD|Spikes\n|move|p1a: Fancie|Shadow Claw|p2a: Froslass\n|-supereffective|p2a: Froslass\n|-enditem|p2a: Froslass|Focus Sash\n|-damage|p2a: Froslass|1\/100\n|\n|-status|p1a: Fancie|brn|[from] item: Flame Orb\n|upkeep\n|turn|2\n|\n|t:|1699737271\n|switch|p1a: Zigzag|Komala, F, shiny|100\/100\n|-ability|p1a: Zigzag|Comatose\n|move|p2a: Froslass|Taunt|p1a: Zigzag\n|-start|p1a: Zigzag|move: Taunt\n|\n|upkeep\n|turn|3\n|\n|t:|1699737279\n|move|p2a: Froslass|Spikes|p1a: Zigzag\n|-sidestart|p1: Azu_CriticalXD|Spikes\n|move|p1a: Zigzag|U-turn|p2a: Froslass\n|-resisted|p2a: Froslass\n|-damage|p2a: Froslass|0 fnt\n|-start|p1a: Zigzag|Disable|U-turn|[from] ability: Cursed Body|[of] p2a: Froslass\n|faint|p2a: Froslass\n|\n|t:|1699737288\n|switch|p1a: Dashy|Pidgeot, F, shiny|100\/100|[from] U-turn\n|\n|upkeep\n|\n|t:|1699737305\n|switch|p2a: Mismagius|Mismagius, F|100\/100\n|turn|4\n|\n|t:|1699737312\n|detailschange|p1a: Dashy|Pidgeot-Mega, F, shiny\n|-mega|p1a: Dashy|Pidgeot|Pidgeotite\n|move|p2a: Mismagius|Trick||[still]\n|-fail|p2a: Mismagius\n|move|p1a: Dashy|Hurricane|p2a: Mismagius\n|-damage|p2a: Mismagius|21\/100\n|\n|upkeep\n|turn|5\n|\n|t:|1699737319\n|move|p2a: Mismagius|Trick||[still]\n|-fail|p2a: Mismagius\n|move|p1a: Dashy|Hurricane|p2a: Mismagius\n|-damage|p2a: Mismagius|0 fnt\n|faint|p2a: Mismagius\n|\n|upkeep\n|\n|t:|1699737328\n|switch|p2a: Mimikyu|Mimikyu, M|100\/100\n|turn|6\n|c|\u2606Azu_CriticalXD|no puede llevar objetos xd\n|\n|t:|1699737341\n|move|p1a: Dashy|U-turn|p2a: Mimikyu\n|-activate|p2a: Mimikyu|ability: Disguise\n|-damage|p2a: Mimikyu|100\/100\n|detailschange|p2a: Mimikyu|Mimikyu-Busted, M\n|-damage|p2a: Mimikyu|88\/100|[from] pokemon: Mimikyu-Busted\n|c|\u2606Jor99fran|botas eh?\n|\n|t:|1699737359\n|switch|p1a: Fancie|Ursaluna, F, shiny, tera:Ghost|100\/100 brn|[from] U-turn\n|-damage|p1a: Fancie|84\/100 brn|[from] Spikes\n|move|p2a: Mimikyu|Swords Dance|p2a: Mimikyu\n|-boost|p2a: Mimikyu|atk|2\n|\n|-damage|p1a: Fancie|78\/100 brn|[from] brn\n|upkeep\n|turn|7\n|\n|t:|1699737370\n|move|p2a: Mimikyu|Play Rough|p1a: Fancie\n|-damage|p1a: Fancie|5\/100 brn\n|-damage|p2a: Mimikyu|78\/100|[from] item: Life Orb\n|move|p1a: Fancie|Shadow Claw|p2a: Mimikyu\n|-supereffective|p2a: Mimikyu\n|-damage|p2a: Mimikyu|0 fnt\n|faint|p2a: Mimikyu\n|\n|-damage|p1a: Fancie|0 fnt|[from] brn\n|faint|p1a: Fancie\n|upkeep\n|c|\u2606Azu_CriticalXD|mns aguanto\n|c|\u2606Jor99fran|xd\n|\n|t:|1699737386\n|switch|p2a: Typhlosion|Typhlosion-Hisui, F|100\/100\n|switch|p1a: Zigzag|Komala, F, shiny|100\/100\n|-ability|p1a: Zigzag|Comatose\n|turn|8\n|\n|t:|1699737397\n|move|p2a: Typhlosion|Nasty Plot|p2a: Typhlosion\n|-boost|p2a: Typhlosion|spa|2\n|move|p1a: Zigzag|Rapid Spin|p2a: Typhlosion\n|-immune|p2a: Typhlosion\n|\n|upkeep\n|turn|9\n|c|\u2606Jor99fran|y q hace ese?\n|c|\u2606Azu_CriticalXD|soi un aweonao\n|c|\u2606Jor99fran|XD\n|\n|t:|1699737427\n|move|p1a: Zigzag|Sucker Punch||[still]\n|-fail|p1a: Zigzag\n|move|p2a: Typhlosion|Nasty Plot|p2a: Typhlosion\n|-boost|p2a: Typhlosion|spa|2\n|\n|upkeep\n|turn|10\n|c|\u2606Jor99fran|ese soy yo viendo one piec\n|c|\u2606Jor99fran|e\n|\n|t:|1699737439\n|move|p2a: Typhlosion|Flamethrower|p1a: Zigzag\n|-damage|p1a: Zigzag|15\/100\n|move|p1a: Zigzag|U-turn|p2a: Typhlosion\n|-resisted|p2a: Typhlosion\n|-damage|p2a: Typhlosion|81\/100\n|replace|p2a: Zoroark|Zoroark-Hisui, M\n|-end|p2a: Zoroark|Illusion\n|c|\u2606Jor99fran|gracias pa\n|c|\u2606Jor99fran|por darme mas ataque ESPECIAL\n|c|\u2606Azu_CriticalXD|x   dd\n|\n|t:|1699737480\n|switch|p1a: Glitchy.exe|Porygon-Z, shiny|100\/100|[from] U-turn\n|-damage|p1a: Glitchy.exe|84\/100|[from] Spikes\n|-ability|p1a: Glitchy.exe|Download|boost\n|-boost|p1a: Glitchy.exe|atk|1\n|\n|upkeep\n|turn|11\n|c|\u2606Jor99fran|porygon no q es fantasma?\n|c|\u2606Azu_CriticalXD|nop\n|c|\u2606Jor99fran|pregunta\n|c|\u2606Jor99fran|q tan pesado es zoroark\n|c|\u2606Azu_CriticalXD|ni idea jajaj\n|\n|t:|1699737529\n|move|p1a: Glitchy.exe|Thunderbolt|p2a: Zoroark\n|-damage|p2a: Zoroark|12\/100\n|move|p2a: Zoroark|Grass Knot|p1a: Glitchy.exe\n|-crit|p1a: Glitchy.exe\n|-damage|p1a: Glitchy.exe|0 fnt\n|faint|p1a: Glitchy.exe\n|\n|upkeep\n|c|\u2606Jor99fran|XD\n|c|\u2606Jor99fran|debe ser pesado\n|c|\u2606Jor99fran|si le 1shotie\n|\n|t:|1699737548\n|switch|p1a: Dashy|Pidgeot-Mega, F, shiny|100\/100\n|turn|12\n|c|\u2606Azu_CriticalXD|pipipi\n|\n|t:|1699737555\n|move|p1a: Dashy|Hurricane|p2a: Zoroark\n|-damage|p2a: Zoroark|0 fnt\n|faint|p2a: Zoroark\n|\n|upkeep\n|\n|t:|1699737558\n|switch|p2a: Typhlosion|Typhlosion-Hisui, F|100\/100\n|-item|p1a: Dashy|Pidgeotite|[from] ability: Frisk|[of] p2a: Typhlosion|[identify]\n|turn|13\n|\n|t:|1699737571\n|-terastallize|p2a: Typhlosion|Fire\n|move|p1a: Dashy|Hurricane|p2a: Typhlosion\n|-damage|p2a: Typhlosion|20\/100\n|-start|p2a: Typhlosion|confusion\n|-activate|p2a: Typhlosion|confusion\n|-damage|p2a: Typhlosion|12\/100|[from] confusion\n|\n|upkeep\n|turn|14\n|c|\u2606Jor99fran|tmr\n|c|\u2606Jor99fran|ya ganaste\n|c|\u2606Jor99fran|xd\n|\n|t:|1699737584\n|move|p1a: Dashy|Hurricane|p2a: Typhlosion\n|-damage|p2a: Typhlosion|0 fnt\n|faint|p2a: Typhlosion\n|\n|upkeep\n|\n|t:|1699737586\n|switch|p2a: Ceruledge|Ceruledge, M|100\/100\n|turn|15\n|\n|t:|1699737596\n|move|p1a: Dashy|Hurricane|p2a: Ceruledge\n|-damage|p2a: Ceruledge|37\/100\n|-start|p2a: Ceruledge|confusion\n|-activate|p2a: Ceruledge|confusion\n|move|p2a: Ceruledge|Bitter Blade|p1a: Dashy\n|-damage|p1a: Dashy|40\/100\n|-heal|p2a: Ceruledge|69\/100|[from] drain|[of] p1a: Dashy\n|\n|upkeep\n|turn|16\n|c|\u2606Azu_CriticalXD|vrga pero se puso dificil weon\n|\n|t:|1699737616\n|move|p1a: Dashy|Hurricane|p2a: Ceruledge\n|-damage|p2a: Ceruledge|0 fnt\n|faint|p2a: Ceruledge\n|\n|win|Azu_CriticalXD\n|c|\u2606Azu_CriticalXD|ya estaba: un momento?\n|c|\u2606Azu_CriticalXD|gg\n","uploadtime":1699737628,"views":9,"p1id":"azucriticalxd","p2id":"jor99fran","formatid":"gen9nationaldex","rating":0,"private":0,"password":""}