{"id":"gen9nationaldex-1999191866","p1":"AntiGuy64","p2":"Jeromeothy","format":"[Gen 9] National Dex","log":"|html|<div class=\"broadcast-blue\"><strong>[Gen 9] National Dex is currently suspecting Sneasler! For information on how to participate check out the <a href=\"https:\/\/www.smogon.com\/forums\/threads\/sv-national-dex-suspect-8-just-dance.3731534\/\">suspect thread<\/a>.<\/strong><\/div>\n|j|\u2606AntiGuy64\n|j|\u2606Jeromeothy\n|t:|1701043577\n|gametype|singles\n|player|p1|AntiGuy64|ingo|1060\n|player|p2|Jeromeothy|170|1069\n|teamsize|p1|6\n|teamsize|p2|6\n|gen|9\n|tier|[Gen 9] National Dex\n|rated|\n|rule|HP Percentage Mod: HP is shown in percentages\n|rule|Endless Battle Clause: Forcing endless battles is banned\n|rule|OHKO Clause: OHKO moves are banned\n|rule|Evasion Clause: Evasion abilities, items, and moves are banned\n|rule|Evasion Abilities Clause: Evasion abilities are banned\n|rule|Evasion Items Clause: Evasion items are banned\n|rule|Evasion Moves Clause: Evasion moves are banned\n|rule|Species Clause: Limit one of each Pok\u00e9mon\n|rule|Sleep Clause Mod: Limit one foe put to sleep\n|clearpoke\n|poke|p1|Aerodactyl, M|\n|poke|p1|Klinklang|\n|poke|p1|Bouffalant, M|\n|poke|p1|Octillery, M|\n|poke|p1|Hippowdon, M|\n|poke|p1|Exeggutor-Alola, M|\n|poke|p2|Shuckle, M|\n|poke|p2|Drapion, F|\n|poke|p2|Mew|\n|poke|p2|Milotic, F|\n|poke|p2|Lucario, F|\n|poke|p2|Goodra-Hisui, F|\n|teampreview\n|\n|t:|1701043589\n|start\n|switch|p1a: Frontline|Bouffalant, M, shiny|100\/100\n|switch|p2a: Shuckle|Shuckle, M|100\/100\n|turn|1\n|\n|t:|1701043599\n|move|p1a: Frontline|Cotton Guard|p1a: Frontline\n|-boost|p1a: Frontline|def|3\n|move|p2a: Shuckle|Stealth Rock|p1a: Frontline\n|-sidestart|p1: AntiGuy64|move: Stealth Rock\n|\n|upkeep\n|turn|2\n|\n|t:|1701043605\n|move|p1a: Frontline|Cotton Guard|p1a: Frontline\n|-boost|p1a: Frontline|def|3\n|move|p2a: Shuckle|Sticky Web|p1a: Frontline\n|-sidestart|p1: AntiGuy64|move: Sticky Web\n|\n|upkeep\n|turn|3\n|\n|t:|1701043611\n|move|p1a: Frontline|Earthquake|p2a: Shuckle\n|-damage|p2a: Shuckle|78\/100\n|-enditem|p2a: Shuckle|Red Card|[of] p1a: Frontline\n|drag|p1a: KV-1|Hippowdon, M, shiny|100\/100\n|-damage|p1a: KV-1|94\/100|[from] Stealth Rock\n|-activate|p1a: KV-1|move: Sticky Web\n|-unboost|p1a: KV-1|spe|1\n|move|p2a: Shuckle|Toxic|p1a: KV-1\n|-status|p1a: KV-1|tox\n|\n|-damage|p1a: KV-1|88\/100 tox|[from] psn\n|upkeep\n|turn|4\n|\n|t:|1701043623\n|move|p2a: Shuckle|Acupressure|p2a: Shuckle\n|-boost|p2a: Shuckle|spa|2\n|move|p1a: KV-1|Roar|p2a: Shuckle\n|drag|p2a: Drapion|Drapion, F|100\/100\n|\n|-damage|p1a: KV-1|76\/100 tox|[from] psn\n|upkeep\n|turn|5\n|\n|t:|1701043633\n|move|p2a: Drapion|Toxic Spikes|p1a: KV-1\n|-sidestart|p1: AntiGuy64|move: Toxic Spikes\n|move|p1a: KV-1|Earthquake|p2a: Drapion\n|-supereffective|p2a: Drapion\n|-damage|p2a: Drapion|16\/100\n|-enditem|p2a: Drapion|Red Card|[of] p1a: KV-1\n|drag|p1a: Divebomb|Aerodactyl, M, shiny|100\/100\n|-damage|p1a: Divebomb|76\/100|[from] Stealth Rock\n|\n|upkeep\n|turn|6\n|\n|t:|1701043644\n|move|p1a: Divebomb|Rock Slide|p2a: Drapion\n|-damage|p2a: Drapion|0 fnt\n|faint|p2a: Drapion\n|\n|upkeep\n|\n|t:|1701043649\n|switch|p2a: Shuckle|Shuckle, M|78\/100\n|turn|7\n|\n|t:|1701043653\n|move|p1a: Divebomb|Dual Wingbeat|p2a: Shuckle\n|-damage|p2a: Shuckle|64\/100\n|-damage|p2a: Shuckle|53\/100\n|-hitcount|p2a: Shuckle|2\n|move|p2a: Shuckle|Toxic|p1a: Divebomb\n|-status|p1a: Divebomb|tox\n|\n|-damage|p1a: Divebomb|70\/100 tox|[from] psn\n|upkeep\n|turn|8\n|\n|t:|1701043663\n|move|p1a: Divebomb|Dragon Dance|p1a: Divebomb\n|-boost|p1a: Divebomb|atk|1\n|-boost|p1a: Divebomb|spe|1\n|move|p2a: Shuckle|Acupressure|p2a: Shuckle\n|-boost|p2a: Shuckle|def|2\n|\n|-damage|p1a: Divebomb|58\/100 tox|[from] psn\n|upkeep\n|turn|9\n|\n|t:|1701043671\n|move|p1a: Divebomb|Dragon Dance|p1a: Divebomb\n|-boost|p1a: Divebomb|atk|1\n|-boost|p1a: Divebomb|spe|1\n|move|p2a: Shuckle|Acupressure|p2a: Shuckle\n|-boost|p2a: Shuckle|spa|2\n|\n|-damage|p1a: Divebomb|40\/100 tox|[from] psn\n|upkeep\n|turn|10\n|\n|t:|1701043681\n|move|p1a: Divebomb|Rock Slide|p2a: Shuckle\n|-supereffective|p2a: Shuckle\n|-crit|p2a: Shuckle\n|-damage|p2a: Shuckle|0 fnt\n|faint|p2a: Shuckle\n|\n|-damage|p1a: Divebomb|16\/100 tox|[from] psn\n|upkeep\n|\n|t:|1701043690\n|switch|p2a: Milotic|Milotic, F|100\/100\n|turn|11\n|\n|t:|1701043694\n|move|p1a: Divebomb|Rock Slide|p2a: Milotic\n|-crit|p2a: Milotic\n|-damage|p2a: Milotic|23\/100\n|-enditem|p2a: Milotic|Red Card|[of] p1a: Divebomb\n|drag|p1a: KV-1|Hippowdon, M, shiny|76\/100 tox\n|-damage|p1a: KV-1|70\/100 tox|[from] Stealth Rock\n|-activate|p1a: KV-1|move: Sticky Web\n|-unboost|p1a: KV-1|spe|1\n|move|p2a: Milotic|Scald|p1a: KV-1\n|-supereffective|p1a: KV-1\n|-damage|p1a: KV-1|20\/100 tox\n|\n|-damage|p1a: KV-1|14\/100 tox|[from] psn\n|upkeep\n|turn|12\n|\n|t:|1701043708\n|move|p2a: Milotic|Scald|p1a: KV-1\n|-supereffective|p1a: KV-1\n|-damage|p1a: KV-1|0 fnt\n|faint|p1a: KV-1\n|\n|upkeep\n|\n|t:|1701043714\n|switch|p1a: Gearshift|Klinklang|100\/100\n|-damage|p1a: Gearshift|94\/100|[from] Stealth Rock\n|-activate|p1a: Gearshift|move: Sticky Web\n|-fail|p1a: Gearshift|unboost|[from] ability: Clear Body|[of] p1a: Gearshift\n|turn|13\n|\n|t:|1701043723\n|move|p1a: Gearshift|Gear Grind|p2a: Milotic\n|-resisted|p2a: Milotic\n|-damage|p2a: Milotic|14\/100\n|-resisted|p2a: Milotic\n|-damage|p2a: Milotic|3\/100\n|-hitcount|p2a: Milotic|2\n|move|p2a: Milotic|Recover|p2a: Milotic\n|-heal|p2a: Milotic|53\/100\n|\n|upkeep\n|turn|14\n|\n|t:|1701043732\n|move|p1a: Gearshift|Shift Gear|p1a: Gearshift\n|-boost|p1a: Gearshift|spe|2\n|-boost|p1a: Gearshift|atk|1\n|move|p2a: Milotic|Recover|p2a: Milotic\n|-heal|p2a: Milotic|100\/100\n|\n|upkeep\n|turn|15\n|\n|t:|1701043739\n|move|p1a: Gearshift|Shift Gear|p1a: Gearshift\n|-boost|p1a: Gearshift|spe|2\n|-boost|p1a: Gearshift|atk|1\n|move|p2a: Milotic|Dragon Tail|p1a: Gearshift\n|-resisted|p1a: Gearshift\n|-damage|p1a: Gearshift|90\/100\n|drag|p1a: Pearl|Exeggutor-Alola, M|100\/100\n|-damage|p1a: Pearl|88\/100|[from] Stealth Rock\n|-activate|p1a: Pearl|move: Sticky Web\n|-unboost|p1a: Pearl|spe|1\n|-status|p1a: Pearl|psn\n|\n|-damage|p1a: Pearl|76\/100 psn|[from] psn\n|upkeep\n|turn|16\n|\n|t:|1701043756\n|move|p1a: Pearl|Giga Drain|p2a: Milotic\n|-supereffective|p2a: Milotic\n|-damage|p2a: Milotic|42\/100\n|-heal|p1a: Pearl|100\/100 psn|[from] drain|[of] p2a: Milotic\n|move|p2a: Milotic|Dragon Tail|p1a: Pearl\n|-supereffective|p1a: Pearl\n|-damage|p1a: Pearl|81\/100 psn\n|drag|p1a: Gearshift|Klinklang|90\/100\n|-damage|p1a: Gearshift|84\/100|[from] Stealth Rock\n|-activate|p1a: Gearshift|move: Sticky Web\n|-fail|p1a: Gearshift|unboost|[from] ability: Clear Body|[of] p1a: Gearshift\n|\n|upkeep\n|turn|17\n|\n|t:|1701043768\n|move|p1a: Gearshift|Wild Charge|p2a: Milotic\n|-supereffective|p2a: Milotic\n|-damage|p2a: Milotic|0 fnt\n|faint|p2a: Milotic\n|-damage|p1a: Gearshift|68\/100|[from] Recoil\n|\n|upkeep\n|\n|t:|1701043773\n|switch|p2a: Mew|Mew|100\/100\n|turn|18\n|\n|t:|1701043777\n|move|p2a: Mew|Spikes|p1a: Gearshift\n|-sidestart|p1: AntiGuy64|Spikes\n|move|p1a: Gearshift|Shift Gear|p1a: Gearshift\n|-boost|p1a: Gearshift|spe|2\n|-boost|p1a: Gearshift|atk|1\n|\n|upkeep\n|turn|19\n|\n|t:|1701043783\n|move|p1a: Gearshift|Wild Charge|p2a: Mew\n|-damage|p2a: Mew|69\/100\n|-damage|p1a: Gearshift|58\/100|[from] Recoil\n|-enditem|p2a: Mew|Red Card|[of] p1a: Gearshift\n|drag|p1a: Arty|Octillery, M|100\/100\n|-damage|p1a: Arty|88\/100|[from] Stealth Rock\n|-activate|p1a: Arty|move: Sticky Web\n|-unboost|p1a: Arty|spe|1\n|-status|p1a: Arty|psn\n|-damage|p1a: Arty|76\/100 psn|[from] Spikes\n|move|p2a: Mew|Spikes|p1a: Arty\n|-sidestart|p1: AntiGuy64|Spikes\n|\n|-damage|p1a: Arty|63\/100 psn|[from] psn\n|upkeep\n|turn|20\n|\n|t:|1701043800\n|move|p2a: Mew|Spikes|p1a: Arty\n|-sidestart|p1: AntiGuy64|Spikes\n|move|p1a: Arty|Fire Blast|p2a: Mew\n|-damage|p2a: Mew|42\/100\n|\n|-damage|p1a: Arty|51\/100 psn|[from] psn\n|upkeep\n|turn|21\n|\n|t:|1701043808\n|move|p2a: Mew|Cosmic Power|p2a: Mew\n|-boost|p2a: Mew|def|1\n|-boost|p2a: Mew|spd|1\n|move|p1a: Arty|Blizzard|p2a: Mew\n|-damage|p2a: Mew|22\/100\n|-status|p2a: Mew|frz\n|\n|-damage|p1a: Arty|38\/100 psn|[from] psn\n|upkeep\n|turn|22\n|\n|t:|1701043821\n|move|p1a: Arty|Blizzard|p2a: Mew\n|-damage|p2a: Mew|2\/100 frz\n|cant|p2a: Mew|frz\n|\n|-damage|p1a: Arty|26\/100 psn|[from] psn\n|upkeep\n|turn|23\n|\n|t:|1701043829\n|move|p1a: Arty|Energy Ball|p2a: Mew\n|-damage|p2a: Mew|0 fnt\n|faint|p2a: Mew\n|\n|-damage|p1a: Arty|13\/100 psn|[from] psn\n|upkeep\n|\n|t:|1701043836\n|switch|p2a: Lucario|Lucario, F|100\/100\n|turn|24\n|\n|t:|1701043840\n|move|p2a: Lucario|Extreme Speed|p1a: Arty\n|-damage|p1a: Arty|0 fnt\n|faint|p1a: Arty\n|\n|upkeep\n|\n|t:|1701043848\n|switch|p1a: Divebomb|Aerodactyl, M, shiny|16\/100 tox\n|-damage|p1a: Divebomb|0 fnt|[from] Stealth Rock\n|faint|p1a: Divebomb\n|\n|t:|1701043852\n|switch|p1a: Gearshift|Klinklang|58\/100\n|-damage|p1a: Gearshift|52\/100|[from] Stealth Rock\n|-activate|p1a: Gearshift|move: Sticky Web\n|-fail|p1a: Gearshift|unboost|[from] ability: Clear Body|[of] p1a: Gearshift\n|-damage|p1a: Gearshift|27\/100|[from] Spikes\n|turn|25\n|\n|t:|1701043861\n|move|p1a: Gearshift|Thunder Wave|p2a: Lucario\n|-status|p2a: Lucario|par\n|move|p2a: Lucario|Circle Throw|p1a: Gearshift|[miss]\n|-miss|p2a: Lucario|p1a: Gearshift\n|\n|upkeep\n|turn|26\n|\n|t:|1701043868\n|move|p1a: Gearshift|Wild Charge|p2a: Lucario\n|-damage|p2a: Lucario|68\/100 par\n|-damage|p1a: Gearshift|18\/100|[from] Recoil\n|-enditem|p2a: Lucario|Red Card|[of] p1a: Gearshift\n|drag|p1a: Frontline|Bouffalant, M, shiny|100\/100\n|-damage|p1a: Frontline|88\/100|[from] Stealth Rock\n|-activate|p1a: Frontline|move: Sticky Web\n|-unboost|p1a: Frontline|spe|1\n|-status|p1a: Frontline|psn\n|-damage|p1a: Frontline|63\/100 psn|[from] Spikes\n|move|p2a: Lucario|Circle Throw|p1a: Frontline\n|-supereffective|p1a: Frontline\n|-damage|p1a: Frontline|22\/100 psn\n|-enditem|p1a: Frontline|Salac Berry|[eat]\n|-boost|p1a: Frontline|spe|1|[from] item: Salac Berry\n|drag|p1a: Pearl|Exeggutor-Alola, M|81\/100 psn\n|-damage|p1a: Pearl|69\/100 psn|[from] Stealth Rock\n|-activate|p1a: Pearl|move: Sticky Web\n|-unboost|p1a: Pearl|spe|1\n|-damage|p1a: Pearl|44\/100 psn|[from] Spikes\n|\n|-damage|p1a: Pearl|31\/100 psn|[from] psn\n|upkeep\n|turn|27\n|\n|t:|1701043891\n|cant|p2a: Lucario|par\n|move|p1a: Pearl|Extrasensory|p2a: Lucario\n|-damage|p2a: Lucario|38\/100 par\n|\n|-damage|p1a: Pearl|19\/100 psn|[from] psn\n|upkeep\n|-enditem|p1a: Pearl|Iapapa Berry|[eat]\n|-heal|p1a: Pearl|52\/100 psn|[from] item: Iapapa Berry\n|turn|28\n|\n|t:|1701043905\n|move|p1a: Pearl|Extrasensory|p2a: Lucario\n|-damage|p2a: Lucario|5\/100 par\n|cant|p2a: Lucario|par\n|\n|-damage|p1a: Pearl|40\/100 psn|[from] psn\n|upkeep\n|turn|29\n|\n|t:|1701043912\n|move|p1a: Pearl|Extrasensory|p2a: Lucario\n|-damage|p2a: Lucario|0 fnt\n|faint|p2a: Lucario\n|\n|-damage|p1a: Pearl|27\/100 psn|[from] psn\n|upkeep\n|\n|t:|1701043917\n|switch|p2a: Goodra|Goodra-Hisui, F|100\/100\n|turn|30\n|\n|t:|1701043923\n|move|p1a: Pearl|Dragon Pulse|p2a: Goodra\n|-damage|p2a: Goodra|68\/100\n|-enditem|p2a: Goodra|Red Card|[of] p1a: Pearl\n|drag|p1a: Gearshift|Klinklang|18\/100\n|-damage|p1a: Gearshift|12\/100|[from] Stealth Rock\n|-activate|p1a: Gearshift|move: Sticky Web\n|-fail|p1a: Gearshift|unboost|[from] ability: Clear Body|[of] p1a: Gearshift\n|-damage|p1a: Gearshift|0 fnt|[from] Spikes\n|faint|p1a: Gearshift\n|move|p2a: Goodra|Dragon Tail|p1: Gearshift|[notarget]\n|-fail|p2a: Goodra\n|\n|upkeep\n|\n|t:|1701043935\n|switch|p1a: Pearl|Exeggutor-Alola, M|27\/100 psn\n|-damage|p1a: Pearl|15\/100 psn|[from] Stealth Rock\n|-activate|p1a: Pearl|move: Sticky Web\n|-unboost|p1a: Pearl|spe|1\n|-damage|p1a: Pearl|0 fnt|[from] Spikes\n|faint|p1a: Pearl\n|\n|t:|1701043942\n|switch|p1a: Frontline|Bouffalant, M, shiny|22\/100 psn\n|-damage|p1a: Frontline|10\/100 psn|[from] Stealth Rock\n|-activate|p1a: Frontline|move: Sticky Web\n|-unboost|p1a: Frontline|spe|1\n|-damage|p1a: Frontline|0 fnt|[from] Spikes\n|faint|p1a: Frontline\n|\n|win|Jeromeothy\n|raw|AntiGuy64's rating: 1060 &rarr; <strong>1041<\/strong><br \/>(-19 for losing)\n|raw|Jeromeothy's rating: 1069 &rarr; <strong>1098<\/strong><br \/>(+29 for winning)\n|c|\u2606Jeromeothy|gg\n","uploadtime":1701043954,"views":3,"p1id":"antiguy64","p2id":"jeromeothy","formatid":"gen9nationaldex","rating":1041,"private":0,"password":""}