{"id":"gen9nationaldex-1997666507","p1":"Emorawr79","p2":"RakzoTR","format":"[Gen 9] National Dex","log":"|html|<div class=\"broadcast-blue\"><strong>[Gen 9] National Dex is currently suspecting Sneasler! For information on how to participate check out the <a href=\"https:\/\/www.smogon.com\/forums\/threads\/sv-national-dex-suspect-8-just-dance.3731534\/\">suspect thread<\/a>.<\/strong><\/div>\n|j|\u2606Emorawr79\n|j|\u2606RakzoTR\n|t:|1700839470\n|gametype|singles\n|player|p1|Emorawr79|2|1541\n|player|p2|RakzoTR|gambler|1612\n|teamsize|p1|6\n|teamsize|p2|6\n|gen|9\n|tier|[Gen 9] National Dex\n|rated|\n|rule|HP Percentage Mod: HP is shown in percentages\n|rule|Endless Battle Clause: Forcing endless battles is banned\n|rule|OHKO Clause: OHKO moves are banned\n|rule|Evasion Clause: Evasion abilities, items, and moves are banned\n|rule|Evasion Abilities Clause: Evasion abilities are banned\n|rule|Evasion Items Clause: Evasion items are banned\n|rule|Evasion Moves Clause: Evasion moves are banned\n|rule|Species Clause: Limit one of each Pok\u00e9mon\n|rule|Sleep Clause Mod: Limit one foe put to sleep\n|clearpoke\n|poke|p1|Greninja-*, M|\n|poke|p1|Banette, F|\n|poke|p1|Ogerpon-Wellspring, F|\n|poke|p1|Rillaboom, F|\n|poke|p1|Urshifu-*, F|\n|poke|p1|Heatran, M|\n|poke|p2|Goodra-Hisui, F|\n|poke|p2|Ogerpon-Wellspring, F|\n|poke|p2|Donphan, M|\n|poke|p2|Zamazenta-*|\n|poke|p2|Cinderace, M|\n|poke|p2|Zapdos|\n|teampreview\n|\n|t:|1700839476\n|start\n|switch|p1a: Banette|Banette, F|100\/100\n|switch|p2a: Rammot|Cinderace, M|100\/100\n|turn|1\n|\n|t:|1700839480\n|detailschange|p1a: Banette|Banette-Mega, F\n|-mega|p1a: Banette|Banette|Banettite\n|move|p1a: Banette|Destiny Bond|p1a: Banette\n|-singlemove|p1a: Banette|Destiny Bond\n|move|p2a: Rammot|Will-O-Wisp|p1a: Banette\n|-status|p1a: Banette|brn\n|\n|-damage|p1a: Banette|95\/100 brn|[from] brn\n|upkeep\n|turn|2\n|\n|t:|1700839492\n|move|p2a: Rammot|Pyro Ball|p1a: Banette\n|-damage|p1a: Banette|13\/100 brn\n|move|p1a: Banette|Infestation|p2a: Rammot\n|-resisted|p2a: Rammot\n|-damage|p2a: Rammot|98\/100\n|-activate|p2a: Rammot|move: Infestation|[of] p1a: Banette\n|\n|-damage|p1a: Banette|7\/100 brn|[from] brn\n|-damage|p2a: Rammot|86\/100|[from] move: Infestation|[partiallytrapped]\n|upkeep\n|turn|3\n|\n|t:|1700839499\n|move|p2a: Rammot|Court Change||[still]\n|-swapsideconditions\n|-fail|p2a: Rammot\n|move|p1a: Banette|Poltergeist|p2a: Rammot\n|-activate|p2a: Rammot|move: Poltergeist|Heavy-Duty Boots\n|-damage|p2a: Rammot|44\/100\n|\n|-damage|p1a: Banette|1\/100 brn|[from] brn\n|-damage|p2a: Rammot|32\/100|[from] move: Infestation|[partiallytrapped]\n|upkeep\n|turn|4\n|\n|t:|1700839501\n|move|p2a: Rammot|Court Change||[still]\n|-swapsideconditions\n|-fail|p2a: Rammot\n|move|p1a: Banette|Poltergeist|p2a: Rammot\n|-activate|p2a: Rammot|move: Poltergeist|Heavy-Duty Boots\n|-damage|p2a: Rammot|0 fnt\n|faint|p2a: Rammot\n|\n|-damage|p1a: Banette|0 fnt|[from] brn\n|faint|p1a: Banette\n|upkeep\n|\n|t:|1700839511\n|switch|p2a: Zip-Zap-Dos|Zapdos|100\/100\n|switch|p1a: Urshifu|Urshifu-Rapid-Strike, F|100\/100\n|turn|5\n|inactive|Battle timer is ON: inactive players will automatically lose when time's up. (requested by Emorawr79)\n|\n|t:|1700839525\n|move|p1a: Urshifu|Surging Strikes|p2a: Zip-Zap-Dos\n|-crit|p2a: Zip-Zap-Dos\n|-damage|p2a: Zip-Zap-Dos|78\/100\n|-crit|p2a: Zip-Zap-Dos\n|-damage|p2a: Zip-Zap-Dos|55\/100\n|-crit|p2a: Zip-Zap-Dos\n|-damage|p2a: Zip-Zap-Dos|33\/100\n|-hitcount|p2a: Zip-Zap-Dos|3\n|move|p2a: Zip-Zap-Dos|Volt Switch|p1a: Urshifu\n|-supereffective|p1a: Urshifu\n|-damage|p1a: Urshifu|0 fnt\n|faint|p1a: Urshifu\n|\n|t:|1700839534\n|switch|p2a: Rhaenyra|Goodra-Hisui, F|100\/100|[from] Volt Switch\n|\n|upkeep\n|\n|t:|1700839541\n|switch|p1a: Heatran|Heatran, M|100\/100\n|-item|p1a: Heatran|Air Balloon\n|turn|6\n|\n|t:|1700839544\n|move|p1a: Heatran|Magma Storm|p2a: Rhaenyra\n|-damage|p2a: Rhaenyra|77\/100\n|-activate|p2a: Rhaenyra|move: Magma Storm|[of] p1a: Heatran\n|move|p2a: Rhaenyra|Earthquake|p1a: Heatran\n|-immune|p1a: Heatran\n|\n|-damage|p2a: Rhaenyra|65\/100|[from] move: Magma Storm|[partiallytrapped]\n|upkeep\n|turn|7\n|\n|t:|1700839550\n|move|p1a: Heatran|Earth Power|p2a: Rhaenyra\n|-supereffective|p2a: Rhaenyra\n|-damage|p2a: Rhaenyra|39\/100\n|-unboost|p2a: Rhaenyra|spd|1\n|move|p2a: Rhaenyra|Flash Cannon|p1a: Heatran\n|-resisted|p1a: Heatran\n|-damage|p1a: Heatran|90\/100\n|-enditem|p1a: Heatran|Air Balloon\n|\n|-damage|p2a: Rhaenyra|27\/100|[from] move: Magma Storm|[partiallytrapped]\n|upkeep\n|turn|8\n|c|\u2606RakzoTR|Miss clic XD\n|\n|t:|1700839556\n|move|p1a: Heatran|Earth Power|p2a: Rhaenyra\n|-supereffective|p2a: Rhaenyra\n|-damage|p2a: Rhaenyra|0 fnt\n|faint|p2a: Rhaenyra\n|\n|upkeep\n|\n|t:|1700839561\n|switch|p2a: Ogo|Ogerpon-Wellspring, F|100\/100\n|turn|9\n|\n|t:|1700839563\n|switch|p1a: Ogerpon|Ogerpon-Wellspring, F|100\/100\n|move|p2a: Ogo|Substitute|p2a: Ogo\n|-start|p2a: Ogo|Substitute\n|-damage|p2a: Ogo|76\/100\n|\n|upkeep\n|turn|10\n|\n|t:|1700839567\n|move|p2a: Ogo|Knock Off|p1a: Ogerpon\n|-damage|p1a: Ogerpon|66\/100\n|move|p1a: Ogerpon|Encore|p2a: Ogo\n|-start|p2a: Ogo|Encore\n|\n|upkeep\n|turn|11\n|\n|t:|1700839571\n|move|p2a: Ogo|Knock Off|p1a: Ogerpon\n|-damage|p1a: Ogerpon|33\/100\n|move|p1a: Ogerpon|Trailblaze|p2a: Ogo\n|-end|p2a: Ogo|Substitute\n|-boost|p1a: Ogerpon|spe|1\n|\n|upkeep\n|turn|12\n|\n|t:|1700839573\n|move|p1a: Ogerpon|Ivy Cudgel|p2a: Ogo|[anim] Ivy Cudgel Water\n|-heal|p2a: Ogo|100\/100|[from] ability: Water Absorb|[of] p1a: Ogerpon\n|move|p2a: Ogo|Knock Off|p1a: Ogerpon\n|-damage|p1a: Ogerpon|0 fnt\n|faint|p1a: Ogerpon\n|\n|upkeep\n|\n|t:|1700839576\n|switch|p1a: Rillaboom|Rillaboom, F|100\/100\n|-fieldstart|move: Grassy Terrain|[from] ability: Grassy Surge|[of] p1a: Rillaboom\n|turn|13\n|\n|t:|1700839582\n|switch|p2a: Zip-Zap-Dos|Zapdos|33\/100\n|-terastallize|p1a: Rillaboom|Grass\n|move|p1a: Rillaboom|Wood Hammer|p2a: Zip-Zap-Dos\n|-resisted|p2a: Zip-Zap-Dos\n|-damage|p2a: Zip-Zap-Dos|0 fnt\n|-damage|p1a: Rillaboom|84\/100|[from] item: Rocky Helmet|[of] p2a: Zip-Zap-Dos\n|faint|p2a: Zip-Zap-Dos\n|-damage|p1a: Rillaboom|72\/100|[from] Recoil\n|\n|-heal|p1a: Rillaboom|79\/100|[from] Grassy Terrain\n|upkeep\n|\n|t:|1700839584\n|switch|p2a: Kandula|Donphan, M|100\/100\n|turn|14\n|\n|t:|1700839589\n|move|p1a: Rillaboom|Wood Hammer|p2a: Kandula\n|-supereffective|p2a: Kandula\n|-ability|p2a: Kandula|Sturdy\n|-damage|p2a: Kandula|1\/100\n|-damage|p1a: Rillaboom|48\/100|[from] Recoil\n|move|p2a: Kandula|Endeavor|p1a: Rillaboom\n|-damage|p1a: Rillaboom|1\/100\n|\n|-heal|p1a: Rillaboom|7\/100|[from] Grassy Terrain\n|-heal|p2a: Kandula|7\/100|[from] Grassy Terrain\n|upkeep\n|turn|15\n|\n|t:|1700839592\n|move|p2a: Kandula|Ice Shard|p1a: Rillaboom\n|-supereffective|p1a: Rillaboom\n|-damage|p1a: Rillaboom|0 fnt\n|faint|p1a: Rillaboom\n|\n|-heal|p2a: Kandula|13\/100|[from] Grassy Terrain\n|upkeep\n|\n|t:|1700839593\n|switch|p1a: Greninja|Greninja, M|100\/100\n|turn|16\n|\n|t:|1700839600\n|move|p1a: Greninja|Dark Pulse|p2a: Kandula\n|-damage|p2a: Kandula|0 fnt\n|faint|p2a: Kandula\n|-ability|p1a: Greninja|Battle Bond|boost\n|-boost|p1a: Greninja|atk|1\n|-boost|p1a: Greninja|spa|1\n|-boost|p1a: Greninja|spe|1\n|-activate|p1a: Greninja|ability: Battle Bond\n|-damage|p1a: Greninja|91\/100|[from] item: Life Orb\n|\n|-heal|p1a: Greninja|97\/100|[from] Grassy Terrain\n|upkeep\n|\n|t:|1700839602\n|switch|p2a: WhatTheDogDoing?|Zamazenta|100\/100\n|-ability|p2a: WhatTheDogDoing?|Dauntless Shield|boost\n|-boost|p2a: WhatTheDogDoing?|def|1\n|turn|17\n|\n|t:|1700839604\n|move|p2a: WhatTheDogDoing?|Close Combat|p1a: Greninja\n|-supereffective|p1a: Greninja\n|-damage|p1a: Greninja|0 fnt\n|-unboost|p2a: WhatTheDogDoing?|def|1\n|-unboost|p2a: WhatTheDogDoing?|spd|1\n|faint|p1a: Greninja\n|\n|-fieldend|move: Grassy Terrain\n|upkeep\n|\n|t:|1700839607\n|switch|p1a: Heatran|Heatran, M|90\/100\n|turn|18\n|\n|t:|1700839608\n|move|p2a: WhatTheDogDoing?|Close Combat|p1a: Heatran\n|-supereffective|p1a: Heatran\n|-damage|p1a: Heatran|0 fnt\n|-unboost|p2a: WhatTheDogDoing?|def|1\n|-unboost|p2a: WhatTheDogDoing?|spd|1\n|faint|p1a: Heatran\n|\n|win|RakzoTR\n|raw|Emorawr79's rating: 1541 &rarr; <strong>1524<\/strong><br \/>(-17 for losing)\n|raw|RakzoTR's rating: 1592 &rarr; <strong>1609<\/strong><br \/>(+17 for winning)\n|l|\u2606Emorawr79\n","uploadtime":1700839893,"views":0,"p1id":"emorawr79","p2id":"rakzotr","formatid":"gen9nationaldex","rating":1524,"private":0,"password":""}