{"id":"gen9nationaldex-1997705164","p1":"guzmfran","p2":"Mrunal","format":"[Gen 9] National Dex","log":"|html|<div class=\"broadcast-blue\"><strong>[Gen 9] National Dex is currently suspecting Sneasler! For information on how to participate check out the <a href=\"https:\/\/www.smogon.com\/forums\/threads\/sv-national-dex-suspect-8-just-dance.3731534\/\">suspect thread<\/a>.<\/strong><\/div>\n|j|\u2606guzmfran\n|j|\u2606Mrunal\n|t:|1700843809\n|gametype|singles\n|player|p1|guzmfran|ninjaboy|\n|player|p2|Mrunal|cheryl|\n|teamsize|p1|6\n|teamsize|p2|6\n|gen|9\n|tier|[Gen 9] National Dex\n|rule|HP Percentage Mod: HP is shown in percentages\n|rule|Endless Battle Clause: Forcing endless battles is banned\n|rule|OHKO Clause: OHKO moves are banned\n|rule|Evasion Clause: Evasion abilities, items, and moves are banned\n|rule|Evasion Abilities Clause: Evasion abilities are banned\n|rule|Evasion Items Clause: Evasion items are banned\n|rule|Evasion Moves Clause: Evasion moves are banned\n|rule|Species Clause: Limit one of each Pok\u00e9mon\n|rule|Sleep Clause Mod: Limit one foe put to sleep\n|clearpoke\n|poke|p1|Braviary-Hisui, M|\n|poke|p1|Indeedee, M|\n|poke|p1|Gardevoir, F|\n|poke|p1|Slowbro, M|\n|poke|p1|Metagross|\n|poke|p1|Iron Leaves|\n|poke|p2|Rillaboom, M|\n|poke|p2|Breloom, M|\n|poke|p2|Ferrothorn, M|\n|poke|p2|Ogerpon-Cornerstone, F|\n|poke|p2|Sceptile, M|\n|poke|p2|Meowscarada, F|\n|teampreview\n|c|\u2606Mrunal|Hi\n|inactive|Battle timer is ON: inactive players will automatically lose when time's up. (requested by Mrunal)\n|inactiveoff|Battle timer is now OFF.\n|\n|t:|1700843840\n|start\n|switch|p1a: Bone Lord|Indeedee, M|100\/100\n|switch|p2a: Meowscarada|Meowscarada, F|100\/100\n|-fieldstart|move: Psychic Terrain|[from] ability: Psychic Surge|[of] p1a: Bone Lord\n|turn|1\n|\n|t:|1700843848\n|move|p1a: Bone Lord|Dazzling Gleam|p2a: Meowscarada\n|-supereffective|p2a: Meowscarada\n|-damage|p2a: Meowscarada|25\/100\n|move|p2a: Meowscarada|U-turn|p1a: Bone Lord\n|-start|p2a: Meowscarada|typechange|Bug|[from] ability: Protean\n|-supereffective|p1a: Bone Lord\n|-damage|p1a: Bone Lord|0 fnt\n|faint|p1a: Bone Lord\n|\n|t:|1700843858\n|switch|p2a: Rillaboom|Rillaboom, M|100\/100|[from] U-turn\n|-fieldstart|move: Grassy Terrain|[from] ability: Grassy Surge|[of] p2a: Rillaboom\n|\n|upkeep\n|\n|t:|1700843868\n|switch|p1a: Tempest|Braviary-Hisui, M|100\/100\n|turn|2\n|\n|t:|1700843874\n|move|p2a: Rillaboom|Fake Out|p1a: Tempest\n|-damage|p1a: Tempest|82\/100\n|cant|p1a: Tempest|flinch\n|\n|upkeep\n|turn|3\n|\n|t:|1700843881\n|move|p2a: Rillaboom|U-turn|p1a: Tempest\n|-damage|p1a: Tempest|53\/100\n|\n|t:|1700843886\n|switch|p2a: Breloom|Breloom, M|100\/100|[from] U-turn\n|move|p1a: Tempest|Calm Mind|p1a: Tempest\n|-boost|p1a: Tempest|spa|1\n|-boost|p1a: Tempest|spd|1\n|\n|upkeep\n|turn|4\n|\n|t:|1700843897\n|move|p2a: Breloom|Rock Tomb|p1a: Tempest\n|-supereffective|p1a: Tempest\n|-damage|p1a: Tempest|0 fnt\n|faint|p1a: Tempest\n|\n|upkeep\n|\n|t:|1700843903\n|switch|p1a: Athena|Gardevoir, F, shiny|100\/100\n|turn|5\n|\n|t:|1700843915\n|switch|p2a: Meowscarada|Meowscarada, F|25\/100\n|detailschange|p1a: Athena|Gardevoir-Mega, F, shiny\n|-mega|p1a: Athena|Gardevoir|Gardevoirite\n|move|p1a: Athena|Hyper Voice|p2a: Meowscarada\n|-supereffective|p2a: Meowscarada\n|-damage|p2a: Meowscarada|0 fnt\n|faint|p2a: Meowscarada\n|\n|upkeep\n|\n|t:|1700843926\n|switch|p2a: Ferrothorn|Ferrothorn, M|100\/100\n|turn|6\n|\n|t:|1700843930\n|move|p1a: Athena|Mystical Fire|p2a: Ferrothorn\n|-supereffective|p2a: Ferrothorn\n|-damage|p2a: Ferrothorn|1\/100\n|-unboost|p2a: Ferrothorn|spa|1\n|move|p2a: Ferrothorn|Steel Roller|p1a: Athena\n|-supereffective|p1a: Athena\n|-damage|p1a: Athena|0 fnt\n|-fieldend|move: Grassy Terrain\n|faint|p1a: Athena\n|\n|upkeep\n|\n|t:|1700843943\n|switch|p1a: Terminator|Metagross|100\/100\n|turn|7\n|\n|t:|1700843947\n|move|p1a: Terminator|Agility|p1a: Terminator\n|-boost|p1a: Terminator|spe|2\n|move|p2a: Ferrothorn|Thunder Wave|p1a: Terminator\n|-status|p1a: Terminator|par\n|\n|upkeep\n|turn|8\n|\n|t:|1700843956\n|move|p1a: Terminator|Earthquake|p2a: Ferrothorn\n|-damage|p2a: Ferrothorn|0 fnt\n|faint|p2a: Ferrothorn\n|\n|upkeep\n|\n|t:|1700843968\n|switch|p2a: Ogerpon|Ogerpon-Cornerstone, F|100\/100\n|turn|9\n|\n|t:|1700843974\n|move|p2a: Ogerpon|Swords Dance|p2a: Ogerpon\n|-boost|p2a: Ogerpon|atk|2\n|move|p1a: Terminator|Iron Head|p2a: Ogerpon\n|-supereffective|p2a: Ogerpon\n|-ability|p2a: Ogerpon|Sturdy\n|-damage|p2a: Ogerpon|1\/100\n|\n|upkeep\n|turn|10\n|\n|t:|1700843983\n|move|p2a: Ogerpon|Knock Off|p1a: Terminator\n|-supereffective|p1a: Terminator\n|-damage|p1a: Terminator|0 fnt\n|-enditem|p1a: Terminator|Leftovers|[from] move: Knock Off|[of] p2a: Ogerpon\n|faint|p1a: Terminator\n|\n|upkeep\n|\n|t:|1700843989\n|switch|p1a: Virizitron|Iron Leaves|100\/100\n|turn|11\n|\n|t:|1700843994\n|move|p2a: Ogerpon|Knock Off|p1a: Virizitron\n|-supereffective|p1a: Virizitron\n|-damage|p1a: Virizitron|0 fnt\n|-enditem|p1a: Virizitron|Choice Band|[from] move: Knock Off|[of] p2a: Ogerpon\n|faint|p1a: Virizitron\n|-end|p1a: Virizitron|Quark Drive|[silent]\n|\n|upkeep\n|\n|t:|1700844000\n|switch|p1a: Stepbro|Slowbro, M|100\/100\n|turn|12\n|\n|t:|1700844005\n|move|p2a: Ogerpon|Knock Off|p1a: Stepbro\n|-supereffective|p1a: Stepbro\n|-damage|p1a: Stepbro|15\/100\n|-damage|p2a: Ogerpon|0 fnt|[from] item: Rocky Helmet|[of] p1a: Stepbro\n|faint|p2a: Ogerpon\n|move|p1a: Stepbro|Scald|p2: Ogerpon|[notarget]\n|-fail|p1a: Stepbro\n|\n|upkeep\n|\n|t:|1700844013\n|switch|p2a: Rillaboom|Rillaboom, M|100\/100\n|-fieldstart|move: Grassy Terrain|[from] ability: Grassy Surge|[of] p2a: Rillaboom\n|turn|13\n|\n|t:|1700844019\n|move|p2a: Rillaboom|Grassy Glide|p1a: Stepbro\n|-supereffective|p1a: Stepbro\n|-damage|p1a: Stepbro|0 fnt\n|-damage|p2a: Rillaboom|84\/100|[from] item: Rocky Helmet|[of] p1a: Stepbro\n|faint|p1a: Stepbro\n|\n|win|Mrunal\n|c|\u2606Mrunal|Better luck next time\n","uploadtime":1700844039,"views":1,"p1id":"guzmfran","p2id":"mrunal","formatid":"gen9nationaldex","rating":0,"private":0,"password":""}