{"id":"gen9nationaldex-1995481200","p1":"Amber-acid","p2":"I am the spie","format":"[Gen 9] National Dex","log":"|html|<div class=\"broadcast-blue\"><strong>[Gen 9] National Dex is currently suspecting Sneasler! For information on how to participate check out the <a href=\"https:\/\/www.smogon.com\/forums\/threads\/sv-national-dex-suspect-8-just-dance.3731534\/\">suspect thread<\/a>.<\/strong><\/div>\n|j|\u2606Amber-acid\n|j|\u2606I am the spie\n|t:|1700575570\n|gametype|singles\n|player|p1|Amber-acid|101|1308\n|player|p2|I am the spie|wallace|1248\n|teamsize|p1|6\n|teamsize|p2|6\n|gen|9\n|tier|[Gen 9] National Dex\n|rated|\n|rule|HP Percentage Mod: HP is shown in percentages\n|rule|Endless Battle Clause: Forcing endless battles is banned\n|rule|OHKO Clause: OHKO moves are banned\n|rule|Evasion Clause: Evasion abilities, items, and moves are banned\n|rule|Evasion Abilities Clause: Evasion abilities are banned\n|rule|Evasion Items Clause: Evasion items are banned\n|rule|Evasion Moves Clause: Evasion moves are banned\n|rule|Species Clause: Limit one of each Pok\u00e9mon\n|rule|Sleep Clause Mod: Limit one foe put to sleep\n|clearpoke\n|poke|p1|Pelipper, F|\n|poke|p1|Barraskewda, M|\n|poke|p1|Swampert, M|\n|poke|p1|Kingdra, M|\n|poke|p1|Zapdos|\n|poke|p1|Ferrothorn, M|\n|poke|p2|Scizor, F|\n|poke|p2|Gliscor, F|\n|poke|p2|Volcarona, M|\n|poke|p2|Lilligant-Hisui, F|\n|poke|p2|Manaphy|\n|poke|p2|Iron Valiant|\n|teampreview\n|inactive|Battle timer is ON: inactive players will automatically lose when time's up. (requested by I am the spie)\n|\n|t:|1700575585\n|start\n|switch|p1a: Barraskewda|Barraskewda, M, shiny|100\/100\n|switch|p2a: Power word: Cry|Iron Valiant|100\/100\n|-enditem|p2a: Power word: Cry|Booster Energy\n|-activate|p2a: Power word: Cry|ability: Quark Drive|[fromitem]\n|-start|p2a: Power word: Cry|quarkdrivespe\n|turn|1\n|\n|t:|1700575594\n|switch|p1a: Pelipper|Pelipper, F|100\/100\n|-weather|RainDance|[from] ability: Drizzle|[of] p1a: Pelipper\n|move|p2a: Power word: Cry|Swords Dance|p2a: Power word: Cry\n|-boost|p2a: Power word: Cry|atk|2\n|\n|-weather|RainDance|[upkeep]\n|upkeep\n|turn|2\n|\n|t:|1700575604\n|-terastallize|p2a: Power word: Cry|Dark\n|move|p2a: Power word: Cry|Knock Off|p1a: Pelipper\n|-damage|p1a: Pelipper|19\/100\n|-enditem|p1a: Pelipper|Damp Rock|[from] move: Knock Off|[of] p2a: Power word: Cry\n|move|p1a: Pelipper|Hurricane|p2a: Power word: Cry\n|-damage|p2a: Power word: Cry|31\/100\n|\n|-weather|RainDance|[upkeep]\n|upkeep\n|turn|3\n|\n|t:|1700575615\n|switch|p1a: Ferrothorn|Ferrothorn, M|100\/100\n|move|p2a: Power word: Cry|Knock Off|p1a: Ferrothorn\n|-damage|p1a: Ferrothorn|34\/100\n|-damage|p2a: Power word: Cry|18\/100|[from] ability: Iron Barbs|[of] p1a: Ferrothorn\n|-damage|p2a: Power word: Cry|2\/100|[from] item: Rocky Helmet|[of] p1a: Ferrothorn\n|-enditem|p1a: Ferrothorn|Rocky Helmet|[from] move: Knock Off|[of] p2a: Power word: Cry\n|\n|-weather|RainDance|[upkeep]\n|upkeep\n|turn|4\n|\n|t:|1700575625\n|move|p2a: Power word: Cry|Close Combat|p1a: Ferrothorn\n|-supereffective|p1a: Ferrothorn\n|-damage|p1a: Ferrothorn|0 fnt\n|-unboost|p2a: Power word: Cry|def|1\n|-unboost|p2a: Power word: Cry|spd|1\n|-damage|p2a: Power word: Cry|0 fnt|[from] ability: Iron Barbs|[of] p1a: Ferrothorn\n|faint|p1a: Ferrothorn\n|faint|p2a: Power word: Cry\n|-end|p2a: Power word: Cry|Quark Drive|[silent]\n|\n|-weather|RainDance|[upkeep]\n|upkeep\n|\n|t:|1700575634\n|switch|p2a: Power word: Drown|Manaphy|100\/100\n|switch|p1a: Barraskewda|Barraskewda, M, shiny|100\/100\n|turn|5\n|\n|t:|1700575640\n|move|p1a: Barraskewda|Flip Turn|p2a: Power word: Drown\n|-resisted|p2a: Power word: Drown\n|-crit|p2a: Power word: Drown\n|-damage|p2a: Power word: Drown|48\/100\n|\n|t:|1700575647\n|switch|p1a: Swampert|Swampert, M|100\/100|[from] Flip Turn\n|move|p2a: Power word: Drown|Energy Ball|p1a: Swampert\n|-supereffective|p1a: Swampert\n|-damage|p1a: Swampert|0 fnt\n|faint|p1a: Swampert\n|\n|-weather|RainDance|[upkeep]\n|upkeep\n|\n|t:|1700575655\n|switch|p1a: Zapdos|Zapdos|100\/100\n|turn|6\n|\n|t:|1700575660\n|move|p2a: Power word: Drown|Surf|p1a: Zapdos\n|-damage|p1a: Zapdos|47\/100\n|move|p1a: Zapdos|Hurricane|p2a: Power word: Drown\n|-damage|p2a: Power word: Drown|3\/100\n|\n|-weather|RainDance|[upkeep]\n|upkeep\n|turn|7\n|\n|t:|1700575667\n|move|p2a: Power word: Drown|Surf|p1a: Zapdos\n|-damage|p1a: Zapdos|0 fnt\n|faint|p1a: Zapdos\n|\n|-weather|RainDance|[upkeep]\n|upkeep\n|\n|t:|1700575673\n|switch|p1a: Barraskewda|Barraskewda, M, shiny|100\/100\n|turn|8\n|\n|t:|1700575678\n|-terastallize|p1a: Barraskewda|Water\n|move|p1a: Barraskewda|Flip Turn|p2a: Power word: Drown\n|-resisted|p2a: Power word: Drown\n|-damage|p2a: Power word: Drown|0 fnt\n|faint|p2a: Power word: Drown\n|\n|t:|1700575685\n|switch|p1a: Kingdra|Kingdra, M|100\/100|[from] Flip Turn\n|\n|-weather|none\n|upkeep\n|\n|t:|1700575703\n|switch|p2a: Power word: Dance|Lilligant-Hisui, F|100\/100\n|turn|9\n|\n|t:|1700575709\n|move|p2a: Power word: Dance|Victory Dance|p2a: Power word: Dance\n|-boost|p2a: Power word: Dance|atk|1\n|-boost|p2a: Power word: Dance|def|1\n|-boost|p2a: Power word: Dance|spe|1\n|move|p1a: Kingdra|Hurricane|p2a: Power word: Dance\n|-supereffective|p2a: Power word: Dance\n|-damage|p2a: Power word: Dance|0 fnt\n|faint|p2a: Power word: Dance\n|\n|upkeep\n|\n|t:|1700575721\n|switch|p2a: Power word: Burn|Volcarona, M|100\/100\n|turn|10\n|\n|t:|1700575728\n|switch|p1a: Pelipper|Pelipper, F|19\/100\n|-weather|RainDance|[from] ability: Drizzle|[of] p1a: Pelipper\n|move|p2a: Power word: Burn|Quiver Dance|p2a: Power word: Burn\n|-boost|p2a: Power word: Burn|spa|1\n|-boost|p2a: Power word: Burn|spd|1\n|-boost|p2a: Power word: Burn|spe|1\n|\n|-weather|RainDance|[upkeep]\n|upkeep\n|turn|11\n|\n|t:|1700575737\n|move|p2a: Power word: Burn|Quiver Dance|p2a: Power word: Burn\n|-boost|p2a: Power word: Burn|spa|1\n|-boost|p2a: Power word: Burn|spd|1\n|-boost|p2a: Power word: Burn|spe|1\n|move|p1a: Pelipper|U-turn|p2a: Power word: Burn\n|-resisted|p2a: Power word: Burn\n|-damage|p2a: Power word: Burn|94\/100\n|\n|t:|1700575743\n|switch|p1a: Barraskewda|Barraskewda, M, shiny, tera:Water|100\/100|[from] U-turn\n|\n|-weather|RainDance|[upkeep]\n|upkeep\n|turn|12\n|\n|t:|1700575750\n|move|p1a: Barraskewda|Liquidation|p2a: Power word: Burn\n|-supereffective|p2a: Power word: Burn\n|-damage|p2a: Power word: Burn|0 fnt\n|faint|p2a: Power word: Burn\n|\n|-weather|RainDance|[upkeep]\n|upkeep\n|\n|t:|1700575755\n|switch|p2a: Power word: Kill|Scizor, F|100\/100\n|turn|13\n|\n|t:|1700575759\n|detailschange|p2a: Power word: Kill|Scizor-Mega, F\n|-mega|p2a: Power word: Kill|Scizor|Scizorite\n|move|p1a: Barraskewda|Liquidation|p2a: Power word: Kill\n|-damage|p2a: Power word: Kill|12\/100\n|-unboost|p2a: Power word: Kill|def|1\n|move|p2a: Power word: Kill|Close Combat|p1a: Barraskewda\n|-damage|p1a: Barraskewda|4\/100\n|-unboost|p2a: Power word: Kill|def|1\n|-unboost|p2a: Power word: Kill|spd|1\n|\n|-weather|RainDance|[upkeep]\n|upkeep\n|turn|14\n|\n|t:|1700575769\n|move|p2a: Power word: Kill|Bullet Punch|p1a: Barraskewda\n|-resisted|p1a: Barraskewda\n|-damage|p1a: Barraskewda|0 fnt\n|faint|p1a: Barraskewda\n|\n|-weather|none\n|upkeep\n|\n|t:|1700575774\n|switch|p1a: Pelipper|Pelipper, F|19\/100\n|-weather|RainDance|[from] ability: Drizzle|[of] p1a: Pelipper\n|turn|15\n|\n|t:|1700575782\n|move|p2a: Power word: Kill|Close Combat|p1a: Pelipper\n|-resisted|p1a: Pelipper\n|-crit|p1a: Pelipper\n|-damage|p1a: Pelipper|0 fnt\n|-unboost|p2a: Power word: Kill|def|1\n|-unboost|p2a: Power word: Kill|spd|1\n|faint|p1a: Pelipper\n|\n|-weather|RainDance|[upkeep]\n|upkeep\n|\n|t:|1700575789\n|switch|p1a: Kingdra|Kingdra, M|100\/100\n|turn|16\n|\n|t:|1700575806\n|move|p2a: Power word: Kill|Bullet Punch|p1a: Kingdra\n|-resisted|p1a: Kingdra\n|-damage|p1a: Kingdra|77\/100\n|move|p1a: Kingdra|Surf|p2a: Power word: Kill\n|-damage|p2a: Power word: Kill|0 fnt\n|faint|p2a: Power word: Kill\n|\n|-weather|RainDance|[upkeep]\n|upkeep\n|\n|t:|1700575809\n|switch|p2a: Autodefenestrate|Gliscor, F|100\/100\n|turn|17\n|\n|t:|1700575817\n|move|p1a: Kingdra|Surf|p2a: Autodefenestrate\n|-supereffective|p2a: Autodefenestrate\n|-damage|p2a: Autodefenestrate|0 fnt\n|faint|p2a: Autodefenestrate\n|\n|win|Amber-acid\n|raw|Amber-acid's rating: 1308 &rarr; <strong>1325<\/strong><br \/>(+17 for winning)\n|raw|I am the spie's rating: 1248 &rarr; <strong>1227<\/strong><br \/>(-21 for losing)\n|l|\u2606I am the spie\n","uploadtime":1700575823,"views":6,"p1id":"amberacid","p2id":"iamthespie","formatid":"gen9nationaldex","rating":1227,"private":0,"password":""}