{"id":"gen9nationaldex-1991406603","p1":"Texwolf96","p2":"Daringbro789","format":"[Gen 9] National Dex","log":"|j|\u2606Texwolf96\n|j|\u2606Daringbro789\n|t:|1700074455\n|gametype|singles\n|player|p1|Texwolf96|1|1000\n|player|p2|Daringbro789|cynthia-gen4|1061\n|teamsize|p1|6\n|teamsize|p2|6\n|gen|9\n|tier|[Gen 9] National Dex\n|rated|\n|rule|HP Percentage Mod: HP is shown in percentages\n|rule|Endless Battle Clause: Forcing endless battles is banned\n|rule|OHKO Clause: OHKO moves are banned\n|rule|Evasion Clause: Evasion abilities, items, and moves are banned\n|rule|Evasion Abilities Clause: Evasion abilities are banned\n|rule|Evasion Items Clause: Evasion items are banned\n|rule|Evasion Moves Clause: Evasion moves are banned\n|rule|Species Clause: Limit one of each Pok\u00e9mon\n|rule|Sleep Clause Mod: Limit one foe put to sleep\n|clearpoke\n|poke|p1|Skeledirge, M|\n|poke|p1|Feraligatr, M|\n|poke|p1|Krookodile, F|\n|poke|p1|Kommo-o, F|\n|poke|p1|Tyrantrum, F|\n|poke|p1|Archeops, M|\n|poke|p2|Lurantis, M|\n|poke|p2|Enamorus, F|\n|poke|p2|Serperior, F|\n|poke|p2|Malamar, F|\n|poke|p2|Spinda, M|\n|poke|p2|Shuckle, M|\n|teampreview\n|\n|t:|1700074472\n|start\n|switch|p1a: Archeops|Archeops, M|100\/100\n|switch|p2a: ContraTank|Shuckle, M, shiny|100\/100\n|turn|1\n|\n|t:|1700074479\n|move|p1a: Archeops|Toxic|p2a: ContraTank\n|-status|p2a: ContraTank|tox\n|move|p2a: ContraTank|Shell Smash|p2a: ContraTank\n|-boost|p2a: ContraTank|def|1\n|-boost|p2a: ContraTank|spd|1\n|-unboost|p2a: ContraTank|atk|2\n|-unboost|p2a: ContraTank|spa|2\n|-unboost|p2a: ContraTank|spe|2\n|\n|-damage|p2a: ContraTank|94\/100 tox|[from] psn\n|upkeep\n|turn|2\n|\n|t:|1700074498\n|move|p1a: Archeops|Rock Slide|p2a: ContraTank\n|-supereffective|p2a: ContraTank\n|-damage|p2a: ContraTank|65\/100 tox\n|move|p2a: ContraTank|Shell Smash|p2a: ContraTank\n|-boost|p2a: ContraTank|def|1\n|-boost|p2a: ContraTank|spd|1\n|-unboost|p2a: ContraTank|atk|2\n|-unboost|p2a: ContraTank|spa|2\n|-unboost|p2a: ContraTank|spe|2\n|\n|-damage|p2a: ContraTank|53\/100 tox|[from] psn\n|upkeep\n|turn|3\n|\n|t:|1700074508\n|move|p1a: Archeops|Rock Slide|p2a: ContraTank\n|-supereffective|p2a: ContraTank\n|-damage|p2a: ContraTank|32\/100 tox\n|move|p2a: ContraTank|Rest|p2a: ContraTank\n|-status|p2a: ContraTank|slp|[from] move: Rest\n|-heal|p2a: ContraTank|100\/100 slp|[silent]\n|\n|upkeep\n|turn|4\n|\n|t:|1700074517\n|move|p1a: Archeops|Rock Slide|p2a: ContraTank\n|-supereffective|p2a: ContraTank\n|-damage|p2a: ContraTank|80\/100 slp\n|cant|p2a: ContraTank|slp\n|\n|upkeep\n|turn|5\n|\n|t:|1700074524\n|move|p1a: Archeops|Rock Slide|p2a: ContraTank\n|-supereffective|p2a: ContraTank\n|-damage|p2a: ContraTank|60\/100 slp\n|cant|p2a: ContraTank|slp\n|\n|upkeep\n|turn|6\n|\n|t:|1700074533\n|move|p1a: Archeops|Shadow Claw|p2a: ContraTank\n|-damage|p2a: ContraTank|52\/100 slp\n|-damage|p1a: Archeops|84\/100|[from] item: Rocky Helmet|[of] p2a: ContraTank\n|-curestatus|p2a: ContraTank|slp|[msg]\n|move|p2a: ContraTank|Shell Smash|p2a: ContraTank\n|-boost|p2a: ContraTank|def|1\n|-boost|p2a: ContraTank|spd|1\n|-unboost|p2a: ContraTank|atk|2\n|-unboost|p2a: ContraTank|spa|2\n|-unboost|p2a: ContraTank|spe|2\n|\n|-heal|p1a: Archeops|90\/100|[from] item: Leftovers\n|upkeep\n|turn|7\n|\n|t:|1700074550\n|move|p1a: Archeops|Toxic|p2a: ContraTank\n|-status|p2a: ContraTank|tox\n|move|p2a: ContraTank|Toxic|p1a: Archeops\n|-status|p1a: Archeops|tox\n|\n|-heal|p1a: Archeops|96\/100 tox|[from] item: Leftovers\n|-damage|p1a: Archeops|90\/100 tox|[from] psn\n|-damage|p2a: ContraTank|46\/100 tox|[from] psn\n|upkeep\n|turn|8\n|\n|t:|1700074570\n|move|p1a: Archeops|Rock Slide|p2a: ContraTank\n|-supereffective|p2a: ContraTank\n|-damage|p2a: ContraTank|28\/100 tox\n|move|p2a: ContraTank|Rest|p2a: ContraTank\n|-status|p2a: ContraTank|slp|[from] move: Rest\n|-heal|p2a: ContraTank|100\/100 slp|[silent]\n|\n|-heal|p1a: Archeops|96\/100 tox|[from] item: Leftovers\n|-damage|p1a: Archeops|84\/100 tox|[from] psn\n|upkeep\n|turn|9\n|inactive|Battle timer is ON: inactive players will automatically lose when time's up. (requested by Daringbro789)\n|\n|t:|1700074594\n|move|p1a: Archeops|Rock Slide|p2a: ContraTank\n|-supereffective|p2a: ContraTank\n|-damage|p2a: ContraTank|82\/100 slp\n|cant|p2a: ContraTank|slp\n|\n|-heal|p1a: Archeops|90\/100 tox|[from] item: Leftovers\n|-damage|p1a: Archeops|71\/100 tox|[from] psn\n|upkeep\n|turn|10\n|\n|t:|1700074609\n|switch|p1a: Feraligatr|Feraligatr, M|100\/100\n|cant|p2a: ContraTank|slp\n|\n|upkeep\n|turn|11\n|\n|t:|1700074616\n|move|p1a: Feraligatr|Ice Punch|p2a: ContraTank\n|-damage|p2a: ContraTank|76\/100 slp\n|-damage|p1a: Feraligatr|84\/100|[from] item: Rocky Helmet|[of] p2a: ContraTank\n|-curestatus|p2a: ContraTank|slp|[msg]\n|move|p2a: ContraTank|Shell Smash|p2a: ContraTank\n|-boost|p2a: ContraTank|def|1\n|-boost|p2a: ContraTank|spd|1\n|-unboost|p2a: ContraTank|atk|0\n|-unboost|p2a: ContraTank|spa|0\n|-unboost|p2a: ContraTank|spe|0\n|\n|upkeep\n|turn|12\n|\n|t:|1700074626\n|move|p1a: Feraligatr|Aqua Jet|p2a: ContraTank\n|-supereffective|p2a: ContraTank\n|-damage|p2a: ContraTank|68\/100\n|-damage|p1a: Feraligatr|67\/100|[from] item: Rocky Helmet|[of] p2a: ContraTank\n|move|p2a: ContraTank|Toxic|p1a: Feraligatr\n|-status|p1a: Feraligatr|tox\n|\n|-damage|p1a: Feraligatr|61\/100 tox|[from] psn\n|upkeep\n|turn|13\n|\n|t:|1700074637\n|move|p1a: Feraligatr|Scald|p2a: ContraTank\n|-supereffective|p2a: ContraTank\n|-damage|p2a: ContraTank|60\/100\n|-status|p2a: ContraTank|brn\n|move|p2a: ContraTank|Shell Smash|p2a: ContraTank\n|-boost|p2a: ContraTank|def|1\n|-boost|p2a: ContraTank|spd|1\n|-unboost|p2a: ContraTank|atk|0\n|-unboost|p2a: ContraTank|spa|0\n|-unboost|p2a: ContraTank|spe|0\n|\n|-damage|p1a: Feraligatr|49\/100 tox|[from] psn\n|-damage|p2a: ContraTank|53\/100 brn|[from] brn\n|upkeep\n|turn|14\n|\n|t:|1700074660\n|switch|p1a: Archeops|Archeops, M|71\/100 tox\n|move|p2a: ContraTank|Rest|p2a: ContraTank\n|-status|p2a: ContraTank|slp|[from] move: Rest\n|-heal|p2a: ContraTank|100\/100 slp|[silent]\n|\n|-heal|p1a: Archeops|78\/100 tox|[from] item: Leftovers\n|-damage|p1a: Archeops|71\/100 tox|[from] psn\n|upkeep\n|turn|15\n|\n|t:|1700074672\n|move|p1a: Archeops|Rock Slide|p2a: ContraTank\n|-supereffective|p2a: ContraTank\n|-damage|p2a: ContraTank|87\/100 slp\n|cant|p2a: ContraTank|slp\n|\n|-heal|p1a: Archeops|78\/100 tox|[from] item: Leftovers\n|-damage|p1a: Archeops|65\/100 tox|[from] psn\n|upkeep\n|turn|16\n|\n|t:|1700074683\n|move|p1a: Archeops|Shadow Claw|p2a: ContraTank\n|-damage|p2a: ContraTank|83\/100 slp\n|-damage|p1a: Archeops|49\/100 tox|[from] item: Rocky Helmet|[of] p2a: ContraTank\n|cant|p2a: ContraTank|slp\n|\n|-heal|p1a: Archeops|55\/100 tox|[from] item: Leftovers\n|-damage|p1a: Archeops|36\/100 tox|[from] psn\n|upkeep\n|turn|17\n|\n|t:|1700074693\n|move|p1a: Archeops|Rock Slide|p2a: ContraTank\n|-supereffective|p2a: ContraTank\n|-damage|p2a: ContraTank|76\/100 slp\n|-curestatus|p2a: ContraTank|slp|[msg]\n|move|p2a: ContraTank|Shell Smash|p2a: ContraTank\n|-boost|p2a: ContraTank|def|1\n|-boost|p2a: ContraTank|spd|1\n|-unboost|p2a: ContraTank|atk|0\n|-unboost|p2a: ContraTank|spa|0\n|-unboost|p2a: ContraTank|spe|0\n|\n|-heal|p1a: Archeops|42\/100 tox|[from] item: Leftovers\n|-damage|p1a: Archeops|17\/100 tox|[from] psn\n|upkeep\n|turn|18\n|\n|t:|1700074707\n|move|p1a: Archeops|Roost|p1a: Archeops\n|-heal|p1a: Archeops|67\/100 tox\n|-singleturn|p1a: Archeops|move: Roost\n|move|p2a: ContraTank|Toxic|p1a: Archeops|[miss]\n|-miss|p2a: ContraTank|p1a: Archeops\n|\n|-heal|p1a: Archeops|74\/100 tox|[from] item: Leftovers\n|-damage|p1a: Archeops|43\/100 tox|[from] psn\n|upkeep\n|turn|19\n|\n|t:|1700074718\n|move|p1a: Archeops|Roost|p1a: Archeops\n|-heal|p1a: Archeops|93\/100 tox\n|-singleturn|p1a: Archeops|move: Roost\n|move|p2a: ContraTank|Toxic|p1a: Archeops\n|-fail|p1a: Archeops|tox\n|\n|-heal|p1a: Archeops|99\/100 tox|[from] item: Leftovers\n|-damage|p1a: Archeops|62\/100 tox|[from] psn\n|upkeep\n|turn|20\n|\n|t:|1700074728\n|move|p1a: Archeops|Toxic|p2a: ContraTank\n|-status|p2a: ContraTank|tox\n|move|p2a: ContraTank|Toxic|p1a: Archeops\n|-fail|p1a: Archeops|tox\n|\n|-heal|p1a: Archeops|68\/100 tox|[from] item: Leftovers\n|-damage|p1a: Archeops|24\/100 tox|[from] psn\n|-damage|p2a: ContraTank|70\/100 tox|[from] psn\n|upkeep\n|turn|21\n|\n|t:|1700074740\n|-terastallize|p1a: Archeops|Rock\n|move|p1a: Archeops|Roost|p1a: Archeops\n|-heal|p1a: Archeops|74\/100 tox\n|move|p2a: ContraTank|Rest|p2a: ContraTank\n|-status|p2a: ContraTank|slp|[from] move: Rest\n|-heal|p2a: ContraTank|100\/100 slp|[silent]\n|\n|-heal|p1a: Archeops|80\/100 tox|[from] item: Leftovers\n|-damage|p1a: Archeops|31\/100 tox|[from] psn\n|upkeep\n|turn|22\n|\n|t:|1700074752\n|move|p1a: Archeops|Shadow Claw|p2a: ContraTank\n|-damage|p2a: ContraTank|98\/100 slp\n|-damage|p1a: Archeops|14\/100 tox|[from] item: Rocky Helmet|[of] p2a: ContraTank\n|cant|p2a: ContraTank|slp\n|\n|-heal|p1a: Archeops|20\/100 tox|[from] item: Leftovers\n|-damage|p1a: Archeops|0 fnt|[from] psn\n|faint|p1a: Archeops\n|upkeep\n|\n|t:|1700074766\n|switch|p1a: Feraligatr|Feraligatr, M|49\/100 tox\n|turn|23\n|\n|t:|1700074772\n|move|p1a: Feraligatr|Aqua Jet|p2a: ContraTank\n|-supereffective|p2a: ContraTank\n|-damage|p2a: ContraTank|91\/100 slp\n|-damage|p1a: Feraligatr|32\/100 tox|[from] item: Rocky Helmet|[of] p2a: ContraTank\n|cant|p2a: ContraTank|slp\n|\n|-damage|p1a: Feraligatr|26\/100 tox|[from] psn\n|upkeep\n|turn|24\n|\n|t:|1700074784\n|move|p1a: Feraligatr|Scald|p2a: ContraTank\n|-supereffective|p2a: ContraTank\n|-damage|p2a: ContraTank|80\/100 slp\n|-curestatus|p2a: ContraTank|slp|[msg]\n|move|p2a: ContraTank|Power Split|p1a: Feraligatr\n|-activate|p2a: ContraTank|move: Power Split|[of] p1a: Feraligatr\n|\n|-damage|p1a: Feraligatr|14\/100 tox|[from] psn\n|upkeep\n|turn|25\n|\n|t:|1700074793\n|move|p1a: Feraligatr|Scald|p2a: ContraTank\n|-supereffective|p2a: ContraTank\n|-damage|p2a: ContraTank|73\/100\n|move|p2a: ContraTank|Toxic|p1a: Feraligatr\n|-fail|p1a: Feraligatr|tox\n|\n|-damage|p1a: Feraligatr|0 fnt|[from] psn\n|faint|p1a: Feraligatr\n|upkeep\n|\n|t:|1700074805\n|switch|p1a: Krookodile|Krookodile, F|100\/100\n|-ability|p1a: Krookodile|Intimidate|boost\n|-boost|p2a: ContraTank|atk|1\n|turn|26\n|\n|t:|1700074820\n|move|p1a: Krookodile|Close Combat|p2a: ContraTank\n|-damage|p2a: ContraTank|67\/100\n|-unboost|p1a: Krookodile|def|1\n|-unboost|p1a: Krookodile|spd|1\n|-damage|p1a: Krookodile|84\/100|[from] item: Rocky Helmet|[of] p2a: ContraTank\n|move|p2a: ContraTank|Toxic|p1a: Krookodile\n|-status|p1a: Krookodile|tox\n|\n|-damage|p1a: Krookodile|78\/100 tox|[from] psn\n|upkeep\n|turn|27\n|\n|t:|1700074832\n|move|p1a: Krookodile|Dragon Pulse|p2a: ContraTank\n|-damage|p2a: ContraTank|64\/100\n|move|p2a: ContraTank|Power Split|p1a: Krookodile\n|-activate|p2a: ContraTank|move: Power Split|[of] p1a: Krookodile\n|\n|-damage|p1a: Krookodile|66\/100 tox|[from] psn\n|upkeep\n|turn|28\n|\n|t:|1700074840\n|move|p1a: Krookodile|Close Combat|p2a: ContraTank\n|-damage|p2a: ContraTank|60\/100\n|-unboost|p1a: Krookodile|def|1\n|-unboost|p1a: Krookodile|spd|1\n|-damage|p1a: Krookodile|49\/100 tox|[from] item: Rocky Helmet|[of] p2a: ContraTank\n|move|p2a: ContraTank|Toxic|p1a: Krookodile\n|-fail|p1a: Krookodile|tox\n|\n|-damage|p1a: Krookodile|31\/100 tox|[from] psn\n|upkeep\n|turn|29\n|\n|t:|1700074850\n|move|p1a: Krookodile|Close Combat|p2a: ContraTank\n|-damage|p2a: ContraTank|55\/100\n|-unboost|p1a: Krookodile|def|1\n|-unboost|p1a: Krookodile|spd|1\n|-damage|p1a: Krookodile|14\/100 tox|[from] item: Rocky Helmet|[of] p2a: ContraTank\n|move|p2a: ContraTank|Toxic|p1a: Krookodile|[miss]\n|-miss|p2a: ContraTank|p1a: Krookodile\n|\n|-damage|p1a: Krookodile|0 fnt|[from] psn\n|faint|p1a: Krookodile\n|upkeep\n|\n|t:|1700074862\n|switch|p1a: Kommo-o|Kommo-o, F|100\/100\n|turn|30\n|\n|t:|1700074871\n|move|p1a: Kommo-o|Poison Jab|p2a: ContraTank\n|-resisted|p2a: ContraTank\n|-damage|p2a: ContraTank|53\/100\n|-status|p2a: ContraTank|psn\n|-damage|p1a: Kommo-o|84\/100|[from] item: Rocky Helmet|[of] p2a: ContraTank\n|move|p2a: ContraTank|Toxic|p1a: Kommo-o\n|-status|p1a: Kommo-o|tox\n|\n|-damage|p1a: Kommo-o|78\/100 tox|[from] psn\n|-damage|p2a: ContraTank|40\/100 psn|[from] psn\n|upkeep\n|turn|31\n|\n|t:|1700074886\n|move|p1a: Kommo-o|Poison Jab|p2a: ContraTank\n|-resisted|p2a: ContraTank\n|-crit|p2a: ContraTank\n|-damage|p2a: ContraTank|28\/100 psn\n|-damage|p1a: Kommo-o|61\/100 tox|[from] item: Rocky Helmet|[of] p2a: ContraTank\n|move|p2a: ContraTank|Rest|p2a: ContraTank\n|-status|p2a: ContraTank|slp|[from] move: Rest\n|-heal|p2a: ContraTank|100\/100 slp|[silent]\n|\n|-damage|p1a: Kommo-o|49\/100 tox|[from] psn\n|upkeep\n|turn|32\n|\n|t:|1700074897\n|move|p1a: Kommo-o|Rest|p1a: Kommo-o\n|-status|p1a: Kommo-o|slp|[from] move: Rest\n|-heal|p1a: Kommo-o|100\/100 slp|[silent]\n|cant|p2a: ContraTank|slp\n|\n|upkeep\n|turn|33\n|\n|t:|1700074903\n|cant|p1a: Kommo-o|slp\n|move|p1a: Kommo-o|Sleep Talk|p1a: Kommo-o\n|move|p1a: Kommo-o|Poison Jab|p2a: ContraTank|[from]move: Sleep Talk\n|-resisted|p2a: ContraTank\n|-damage|p2a: ContraTank|98\/100 slp\n|-damage|p1a: Kommo-o|84\/100 slp|[from] item: Rocky Helmet|[of] p2a: ContraTank\n|cant|p2a: ContraTank|slp\n|\n|upkeep\n|turn|34\n|\n|t:|1700074912\n|cant|p1a: Kommo-o|slp\n|move|p1a: Kommo-o|Sleep Talk|p1a: Kommo-o\n|move|p1a: Kommo-o|Rest||[from]move: Sleep Talk|[still]\n|-fail|p1a: Kommo-o\n|-curestatus|p2a: ContraTank|slp|[msg]\n|move|p2a: ContraTank|Power Split|p1a: Kommo-o\n|-activate|p2a: ContraTank|move: Power Split|[of] p1a: Kommo-o\n|\n|upkeep\n|turn|35\n|\n|t:|1700074924\n|-curestatus|p1a: Kommo-o|slp|[msg]\n|move|p1a: Kommo-o|Dragon Claw|p2a: ContraTank\n|-damage|p2a: ContraTank|92\/100\n|-damage|p1a: Kommo-o|67\/100|[from] item: Rocky Helmet|[of] p2a: ContraTank\n|move|p2a: ContraTank|Toxic|p1a: Kommo-o\n|-status|p1a: Kommo-o|tox\n|\n|-damage|p1a: Kommo-o|61\/100 tox|[from] psn\n|upkeep\n|turn|36\n|\n|t:|1700074937\n|switch|p1a: Tyrantrum|Tyrantrum, F|100\/100\n|move|p2a: ContraTank|Power Split|p1a: Tyrantrum\n|-activate|p2a: ContraTank|move: Power Split|[of] p1a: Tyrantrum\n|\n|upkeep\n|turn|37\n|\n|t:|1700074945\n|move|p1a: Tyrantrum|Ice Fang|p2a: ContraTank\n|-damage|p2a: ContraTank|87\/100\n|-damage|p1a: Tyrantrum|84\/100|[from] item: Rocky Helmet|[of] p2a: ContraTank\n|move|p2a: ContraTank|Toxic|p1a: Tyrantrum\n|-status|p1a: Tyrantrum|tox\n|\n|-damage|p1a: Tyrantrum|78\/100 tox|[from] psn\n|upkeep\n|turn|38\n|\n|t:|1700074956\n|move|p1a: Tyrantrum|Ice Fang|p2a: ContraTank\n|-damage|p2a: ContraTank|82\/100\n|-damage|p1a: Tyrantrum|61\/100 tox|[from] item: Rocky Helmet|[of] p2a: ContraTank\n|move|p2a: ContraTank|Power Split|p1a: Tyrantrum\n|-activate|p2a: ContraTank|move: Power Split|[of] p1a: Tyrantrum\n|\n|-damage|p1a: Tyrantrum|49\/100 tox|[from] psn\n|upkeep\n|turn|39\n|\n|t:|1700074966\n|move|p1a: Tyrantrum|Ice Fang|p2a: ContraTank\n|-damage|p2a: ContraTank|77\/100\n|-damage|p1a: Tyrantrum|33\/100 tox|[from] item: Rocky Helmet|[of] p2a: ContraTank\n|move|p2a: ContraTank|Power Split|p1a: Tyrantrum\n|-activate|p2a: ContraTank|move: Power Split|[of] p1a: Tyrantrum\n|\n|-damage|p1a: Tyrantrum|15\/100 tox|[from] psn\n|upkeep\n|turn|40\n|\n|t:|1700074975\n|move|p1a: Tyrantrum|Poison Fang|p2a: ContraTank\n|-resisted|p2a: ContraTank\n|-damage|p2a: ContraTank|75\/100\n|-status|p2a: ContraTank|tox\n|-damage|p1a: Tyrantrum|0 fnt|[from] item: Rocky Helmet|[of] p2a: ContraTank\n|faint|p1a: Tyrantrum\n|move|p2a: ContraTank|Power Split|p1: Tyrantrum|[notarget]\n|-fail|p2a: ContraTank\n|\n|-damage|p2a: ContraTank|69\/100 tox|[from] psn\n|upkeep\n|\n|t:|1700074985\n|switch|p1a: Kommo-o|Kommo-o, F|61\/100 tox\n|turn|41\n|\n|t:|1700074989\n|move|p1a: Kommo-o|Poison Jab|p2a: ContraTank\n|-resisted|p2a: ContraTank\n|-damage|p2a: ContraTank|67\/100 tox\n|-damage|p1a: Kommo-o|44\/100 tox|[from] item: Rocky Helmet|[of] p2a: ContraTank\n|move|p2a: ContraTank|Rest|p2a: ContraTank\n|-status|p2a: ContraTank|slp|[from] move: Rest\n|-heal|p2a: ContraTank|100\/100 slp|[silent]\n|\n|-damage|p1a: Kommo-o|38\/100 tox|[from] psn\n|upkeep\n|turn|42\n|\n|t:|1700074999\n|move|p1a: Kommo-o|Poison Jab|p2a: ContraTank\n|-resisted|p2a: ContraTank\n|-damage|p2a: ContraTank|98\/100 slp\n|-damage|p1a: Kommo-o|21\/100 tox|[from] item: Rocky Helmet|[of] p2a: ContraTank\n|cant|p2a: ContraTank|slp\n|\n|-damage|p1a: Kommo-o|9\/100 tox|[from] psn\n|upkeep\n|turn|43\n|\n|t:|1700075009\n|move|p1a: Kommo-o|Rest|p1a: Kommo-o\n|-status|p1a: Kommo-o|slp|[from] move: Rest\n|-heal|p1a: Kommo-o|100\/100 slp|[silent]\n|cant|p2a: ContraTank|slp\n|\n|upkeep\n|turn|44\n|\n|t:|1700075017\n|cant|p1a: Kommo-o|slp\n|move|p1a: Kommo-o|Sleep Talk|p1a: Kommo-o\n|move|p1a: Kommo-o|Rest||[from]move: Sleep Talk|[still]\n|-fail|p1a: Kommo-o\n|-curestatus|p2a: ContraTank|slp|[msg]\n|move|p2a: ContraTank|Power Split|p1a: Kommo-o\n|-activate|p2a: ContraTank|move: Power Split|[of] p1a: Kommo-o\n|\n|upkeep\n|turn|45\n|\n|t:|1700075030\n|cant|p1a: Kommo-o|slp\n|move|p1a: Kommo-o|Sleep Talk|p1a: Kommo-o\n|move|p1a: Kommo-o|Poison Jab|p2a: ContraTank|[from]move: Sleep Talk\n|-resisted|p2a: ContraTank\n|-damage|p2a: ContraTank|96\/100\n|-damage|p1a: Kommo-o|84\/100 slp|[from] item: Rocky Helmet|[of] p2a: ContraTank\n|move|p2a: ContraTank|Shell Smash|p2a: ContraTank\n|-boost|p2a: ContraTank|def|0\n|-boost|p2a: ContraTank|spd|0\n|-unboost|p2a: ContraTank|atk|1\n|-unboost|p2a: ContraTank|spa|0\n|-unboost|p2a: ContraTank|spe|0\n|\n|upkeep\n|turn|46\n|\n|t:|1700075047\n|-curestatus|p1a: Kommo-o|slp|[msg]\n|move|p1a: Kommo-o|Dragon Claw|p2a: ContraTank\n|-damage|p2a: ContraTank|90\/100\n|-damage|p1a: Kommo-o|67\/100|[from] item: Rocky Helmet|[of] p2a: ContraTank\n|move|p2a: ContraTank|Toxic|p1a: Kommo-o\n|-status|p1a: Kommo-o|tox\n|\n|-damage|p1a: Kommo-o|61\/100 tox|[from] psn\n|upkeep\n|turn|47\n|\n|t:|1700075057\n|move|p1a: Kommo-o|Poison Jab|p2a: ContraTank\n|-resisted|p2a: ContraTank\n|-damage|p2a: ContraTank|88\/100\n|-status|p2a: ContraTank|psn\n|-damage|p1a: Kommo-o|44\/100 tox|[from] item: Rocky Helmet|[of] p2a: ContraTank\n|move|p2a: ContraTank|Shell Smash|p2a: ContraTank\n|-boost|p2a: ContraTank|def|0\n|-boost|p2a: ContraTank|spd|0\n|-unboost|p2a: ContraTank|atk|0\n|-unboost|p2a: ContraTank|spa|0\n|-unboost|p2a: ContraTank|spe|0\n|\n|-damage|p1a: Kommo-o|32\/100 tox|[from] psn\n|-damage|p2a: ContraTank|75\/100 psn|[from] psn\n|upkeep\n|turn|48\n|\n|t:|1700075070\n|move|p1a: Kommo-o|Poison Jab|p2a: ContraTank\n|-resisted|p2a: ContraTank\n|-damage|p2a: ContraTank|73\/100 psn\n|-damage|p1a: Kommo-o|15\/100 tox|[from] item: Rocky Helmet|[of] p2a: ContraTank\n|move|p2a: ContraTank|Power Split|p1a: Kommo-o\n|-activate|p2a: ContraTank|move: Power Split|[of] p1a: Kommo-o\n|\n|-damage|p1a: Kommo-o|0 fnt|[from] psn\n|faint|p1a: Kommo-o\n|-damage|p2a: ContraTank|61\/100 psn|[from] psn\n|upkeep\n|\n|t:|1700075080\n|switch|p1a: Skeledirge|Skeledirge, M|100\/100\n|turn|49\n|\n|t:|1700075090\n|move|p1a: Skeledirge|Earthquake|p2a: ContraTank\n|-damage|p2a: ContraTank|58\/100 psn\n|move|p2a: ContraTank|Toxic|p1a: Skeledirge|[miss]\n|-miss|p2a: ContraTank|p1a: Skeledirge\n|\n|-damage|p2a: ContraTank|46\/100 psn|[from] psn\n|upkeep\n|turn|50\n|\n|t:|1700075098\n|move|p1a: Skeledirge|Crunch|p2a: ContraTank\n|-damage|p2a: ContraTank|43\/100 psn\n|-damage|p1a: Skeledirge|84\/100|[from] item: Rocky Helmet|[of] p2a: ContraTank\n|move|p2a: ContraTank|Toxic|p1a: Skeledirge\n|-status|p1a: Skeledirge|tox\n|\n|-damage|p1a: Skeledirge|78\/100 tox|[from] psn\n|-damage|p2a: ContraTank|31\/100 psn|[from] psn\n|upkeep\n|turn|51\n|\n|t:|1700075106\n|move|p1a: Skeledirge|Earthquake|p2a: ContraTank\n|-damage|p2a: ContraTank|28\/100 psn\n|move|p2a: ContraTank|Rest|p2a: ContraTank\n|-status|p2a: ContraTank|slp|[from] move: Rest\n|-heal|p2a: ContraTank|100\/100 slp|[silent]\n|\n|-damage|p1a: Skeledirge|66\/100 tox|[from] psn\n|upkeep\n|turn|52\n|\n|t:|1700075114\n|move|p1a: Skeledirge|Earthquake|p2a: ContraTank\n|-damage|p2a: ContraTank|97\/100 slp\n|cant|p2a: ContraTank|slp\n|\n|-damage|p1a: Skeledirge|47\/100 tox|[from] psn\n|upkeep\n|turn|53\n|\n|t:|1700075121\n|move|p1a: Skeledirge|Earthquake|p2a: ContraTank\n|-crit|p2a: ContraTank\n|-damage|p2a: ContraTank|80\/100 slp\n|cant|p2a: ContraTank|slp\n|\n|-damage|p1a: Skeledirge|23\/100 tox|[from] psn\n|upkeep\n|turn|54\n|\n|t:|1700075131\n|move|p1a: Skeledirge|Will-O-Wisp||[still]\n|-fail|p1a: Skeledirge\n|-curestatus|p2a: ContraTank|slp|[msg]\n|move|p2a: ContraTank|Shell Smash|p2a: ContraTank\n|-boost|p2a: ContraTank|def|0\n|-boost|p2a: ContraTank|spd|0\n|-unboost|p2a: ContraTank|atk|0\n|-unboost|p2a: ContraTank|spa|0\n|-unboost|p2a: ContraTank|spe|0\n|\n|-damage|p1a: Skeledirge|0 fnt|[from] psn\n|faint|p1a: Skeledirge\n|\n|win|Daringbro789\n|upkeep\n|raw|Texwolf96's rating: 1000 &rarr; <strong>1000<\/strong><br \/>(+0 for losing)\n|raw|Daringbro789's rating: 1061 &rarr; <strong>1086<\/strong><br \/>(+25 for winning)\n|l|\u2606Texwolf96\n","uploadtime":1700075156,"views":12,"p1id":"texwolf96","p2id":"daringbro789","formatid":"gen9nationaldex","rating":1000,"private":0,"password":""}