{"id":"gen9nationaldex-1998692275","p1":"kukou","p2":"celeskiller","format":"[Gen 9] National Dex","log":"|html|<div class=\"broadcast-blue\"><strong>[Gen 9] National Dex is currently suspecting Sneasler! For information on how to participate check out the <a href=\"https:\/\/www.smogon.com\/forums\/threads\/sv-national-dex-suspect-8-just-dance.3731534\/\">suspect thread<\/a>.<\/strong><\/div>\n|j|\u2606kukou\n|j|\u2606celeskiller\n|t:|1700973309\n|gametype|singles\n|player|p1|kukou|101|1240\n|player|p2|celeskiller|pokemaniac|1310\n|teamsize|p1|6\n|teamsize|p2|6\n|gen|9\n|tier|[Gen 9] National Dex\n|rated|\n|rule|HP Percentage Mod: HP is shown in percentages\n|rule|Endless Battle Clause: Forcing endless battles is banned\n|rule|OHKO Clause: OHKO moves are banned\n|rule|Evasion Clause: Evasion abilities, items, and moves are banned\n|rule|Evasion Abilities Clause: Evasion abilities are banned\n|rule|Evasion Items Clause: Evasion items are banned\n|rule|Evasion Moves Clause: Evasion moves are banned\n|rule|Species Clause: Limit one of each Pok\u00e9mon\n|rule|Sleep Clause Mod: Limit one foe put to sleep\n|clearpoke\n|poke|p1|Gallade, M|\n|poke|p1|Urshifu-*, M|\n|poke|p1|Moltres|\n|poke|p1|Alomomola, M|\n|poke|p1|Kartana|\n|poke|p1|Deoxys-Defense|\n|poke|p2|Mawile, M|\n|poke|p2|Marowak-Alola, M|\n|poke|p2|Hatterene, F|\n|poke|p2|Cresselia, F|\n|poke|p2|Porygon2|\n|poke|p2|Ursaluna, M|\n|teampreview\n|\n|t:|1700973321\n|start\n|switch|p1a: Gallade|Gallade, M|100\/100\n|switch|p2a: Hatterene|Hatterene, F|100\/100\n|turn|1\n|\n|t:|1700973331\n|detailschange|p1a: Gallade|Gallade-Mega, M\n|-mega|p1a: Gallade|Gallade|Galladite\n|move|p1a: Gallade|Knock Off|p2a: Hatterene\n|-damage|p2a: Hatterene|58\/100\n|-enditem|p2a: Hatterene|Focus Sash|[from] move: Knock Off|[of] p1a: Gallade\n|move|p2a: Hatterene|Trick Room|p2a: Hatterene\n|-fieldstart|move: Trick Room|[of] p2a: Hatterene\n|\n|upkeep\n|turn|2\n|\n|t:|1700973344\n|switch|p1a: Deoxys|Deoxys-Defense|100\/100\n|-ability|p1a: Deoxys|Pressure\n|move|p2a: Hatterene|Misty Explosion|p1a: Deoxys\n|-damage|p1a: Deoxys|56\/100\n|faint|p2a: Hatterene\n|\n|-heal|p1a: Deoxys|62\/100|[from] item: Leftovers\n|upkeep\n|\n|t:|1700973353\n|switch|p2a: Marowak|Marowak-Alola, M|100\/100\n|turn|3\n|\n|t:|1700973360\n|switch|p1a: Alomomola|Alomomola, M|100\/100\n|move|p2a: Marowak|Swords Dance|p2a: Marowak\n|-boost|p2a: Marowak|atk|2\n|\n|upkeep\n|turn|4\n|\n|t:|1700973369\n|-terastallize|p2a: Marowak|Ghost\n|move|p1a: Alomomola|Protect|p1a: Alomomola\n|-singleturn|p1a: Alomomola|Protect\n|move|p2a: Marowak|Poltergeist|p1a: Alomomola\n|-activate|p1a: Alomomola|move: Protect\n|\n|upkeep\n|turn|5\n|\n|t:|1700973386\n|switch|p1a: Deoxys|Deoxys-Defense|62\/100\n|-ability|p1a: Deoxys|Pressure\n|move|p2a: Marowak|Poltergeist|p1a: Deoxys\n|-activate|p1a: Deoxys|move: Poltergeist|Leftovers\n|-supereffective|p1a: Deoxys\n|-damage|p1a: Deoxys|0 fnt\n|faint|p1a: Deoxys\n|\n|-fieldend|move: Trick Room\n|upkeep\n|inactive|Battle timer is ON: inactive players will automatically lose when time's up. (requested by celeskiller)\n|\n|t:|1700973419\n|switch|p1a: Kartana|Kartana|100\/100\n|turn|6\n|\n|t:|1700973426\n|move|p1a: Kartana|Knock Off|p2a: Marowak\n|-supereffective|p2a: Marowak\n|-damage|p2a: Marowak|0 fnt\n|-enditem|p2a: Marowak|Thick Club|[from] move: Knock Off|[of] p1a: Kartana\n|faint|p2a: Marowak\n|-ability|p1a: Kartana|Beast Boost|boost\n|-boost|p1a: Kartana|atk|1\n|-damage|p1a: Kartana|91\/100|[from] item: Life Orb\n|\n|upkeep\n|\n|t:|1700973437\n|switch|p2a: Cresselia|Cresselia, F|100\/100\n|turn|7\n|\n|t:|1700973445\n|move|p1a: Kartana|Knock Off|p2a: Cresselia\n|-supereffective|p2a: Cresselia\n|-enditem|p2a: Cresselia|Colbur Berry|[eat]\n|-enditem|p2a: Cresselia|Colbur Berry|[weaken]\n|-damage|p2a: Cresselia|55\/100\n|-damage|p1a: Kartana|81\/100|[from] item: Life Orb\n|move|p2a: Cresselia|Trick Room|p2a: Cresselia\n|-fieldstart|move: Trick Room|[of] p2a: Cresselia\n|\n|upkeep\n|turn|8\n|inactive|kukou has 120 seconds left.\n|\n|t:|1700973477\n|move|p2a: Cresselia|Lunar Dance|p2a: Cresselia\n|faint|p2a: Cresselia\n|move|p1a: Kartana|Leaf Blade|p2: Cresselia|[notarget]\n|-fail|p1a: Kartana\n|\n|upkeep\n|\n|t:|1700973487\n|switch|p2a: Mawile|Mawile, M|100\/100\n|-ability|p2a: Mawile|Intimidate|boost\n|-unboost|p1a: Kartana|atk|1\n|turn|9\n|inactive|kukou has 120 seconds left.\n|\n|t:|1700973508\n|switch|p1a: Alomomola|Alomomola, M|100\/100\n|detailschange|p2a: Mawile|Mawile-Mega, M\n|-mega|p2a: Mawile|Mawile|Mawilite\n|move|p2a: Mawile|Fire Fang|p1a: Alomomola\n|-resisted|p1a: Alomomola\n|-damage|p1a: Alomomola|88\/100\n|\n|-heal|p1a: Alomomola|94\/100|[from] item: Leftovers\n|upkeep\n|turn|10\n|inactive|kukou has 120 seconds left.\n|\n|t:|1700973523\n|move|p1a: Alomomola|Protect|p1a: Alomomola\n|-singleturn|p1a: Alomomola|Protect\n|move|p2a: Mawile|Play Rough|p1a: Alomomola\n|-activate|p1a: Alomomola|move: Protect\n|\n|-heal|p1a: Alomomola|99\/100|[from] item: Leftovers\n|upkeep\n|turn|11\n|inactive|kukou has 120 seconds left.\n|\n|t:|1700973533\n|switch|p2a: Porygon2|Porygon2|100\/100\n|-ability|p2a: Porygon2|Regenerator|[from] ability: Trace|[of] p1a: Alomomola\n|move|p1a: Alomomola|Flip Turn|p2a: Porygon2\n|-crit|p2a: Porygon2\n|-damage|p2a: Porygon2|88\/100\n|inactive|kukou has 120 seconds left.\n|\n|t:|1700973547\n|switch|p1a: Gallade|Gallade-Mega, M|100\/100|[from] Flip Turn\n|\n|-fieldend|move: Trick Room\n|upkeep\n|turn|12\n|inactive|kukou has 120 seconds left.\n|\n|t:|1700973559\n|move|p1a: Gallade|Sacred Sword|p2a: Porygon2\n|-supereffective|p2a: Porygon2\n|-damage|p2a: Porygon2|30\/100\n|move|p2a: Porygon2|Trick Room|p2a: Porygon2\n|-fieldstart|move: Trick Room|[of] p2a: Porygon2\n|\n|upkeep\n|turn|13\n|inactive|kukou has 120 seconds left.\n|\n|t:|1700973577\n|move|p2a: Porygon2|Thunderbolt|p1a: Gallade\n|-damage|p1a: Gallade|75\/100\n|move|p1a: Gallade|Sacred Sword|p2a: Porygon2\n|-supereffective|p2a: Porygon2\n|-damage|p2a: Porygon2|0 fnt\n|faint|p2a: Porygon2\n|\n|upkeep\n|\n|t:|1700973585\n|switch|p2a: Ursaluna|Ursaluna, M|100\/100\n|turn|14\n|\n|t:|1700973594\n|move|p2a: Ursaluna|Swords Dance|p2a: Ursaluna\n|-boost|p2a: Ursaluna|atk|2\n|move|p1a: Gallade|Knock Off|p2a: Ursaluna\n|-damage|p2a: Ursaluna|74\/100\n|-enditem|p2a: Ursaluna|Flame Orb|[from] move: Knock Off|[of] p1a: Gallade\n|\n|upkeep\n|turn|15\n|\n|t:|1700973611\n|switch|p1a: Alomomola|Alomomola, M|100\/100\n|move|p2a: Ursaluna|Earthquake|p1a: Alomomola\n|-damage|p1a: Alomomola|24\/100\n|\n|-heal|p1a: Alomomola|31\/100|[from] item: Leftovers\n|upkeep\n|turn|16\n|\n|t:|1700973623\n|switch|p1a: Moltres|Moltres|100\/100\n|move|p2a: Ursaluna|Swords Dance|p2a: Ursaluna\n|-boost|p2a: Ursaluna|atk|2\n|\n|-fieldend|move: Trick Room\n|upkeep\n|turn|17\n|\n|t:|1700973634\n|move|p1a: Moltres|Flamethrower|p2a: Ursaluna\n|-damage|p2a: Ursaluna|33\/100\n|move|p2a: Ursaluna|Facade|p1a: Moltres\n|-damage|p1a: Moltres|0 fnt\n|faint|p1a: Moltres\n|\n|upkeep\n|\n|t:|1700973642\n|switch|p1a: Urshifu|Urshifu-Rapid-Strike, M|100\/100\n|turn|18\n|\n|t:|1700973649\n|move|p1a: Urshifu|Close Combat|p2a: Ursaluna\n|-supereffective|p2a: Ursaluna\n|-damage|p2a: Ursaluna|0 fnt\n|-unboost|p1a: Urshifu|def|1\n|-unboost|p1a: Urshifu|spd|1\n|faint|p2a: Ursaluna\n|\n|upkeep\n|\n|t:|1700973656\n|switch|p2a: Mawile|Mawile-Mega, M|100\/100\n|-heal|p2a: Mawile|100\/100|[from] move: Lunar Dance\n|turn|19\n|\n|t:|1700973671\n|switch|p1a: Alomomola|Alomomola, M|64\/100\n|move|p2a: Mawile|Play Rough|p1a: Alomomola\n|-damage|p1a: Alomomola|8\/100\n|\n|-heal|p1a: Alomomola|14\/100|[from] item: Leftovers\n|upkeep\n|turn|20\n|\n|t:|1700973683\n|switch|p1a: Kartana|Kartana|81\/100\n|move|p2a: Mawile|Play Rough|p1a: Kartana\n|-resisted|p1a: Kartana\n|-damage|p1a: Kartana|38\/100\n|\n|upkeep\n|turn|21\n|\n|t:|1700973705\n|move|p1a: Kartana|Leaf Blade|p2a: Mawile\n|-resisted|p2a: Mawile\n|-damage|p2a: Mawile|57\/100\n|-damage|p1a: Kartana|29\/100|[from] item: Life Orb\n|move|p2a: Mawile|Play Rough|p1a: Kartana\n|-resisted|p1a: Kartana\n|-damage|p1a: Kartana|0 fnt\n|faint|p1a: Kartana\n|\n|upkeep\n|inactive|kukou has 120 seconds left.\n|\n|t:|1700973723\n|switch|p1a: Urshifu|Urshifu-Rapid-Strike, M|100\/100\n|turn|22\n|\n|t:|1700973742\n|move|p1a: Urshifu|Close Combat|p2a: Mawile\n|-damage|p2a: Mawile|0 fnt\n|-unboost|p1a: Urshifu|def|1\n|-unboost|p1a: Urshifu|spd|1\n|faint|p2a: Mawile\n|\n|win|kukou\n|raw|kukou's rating: 1240 &rarr; <strong>1270<\/strong><br \/>(+30 for winning)\n|raw|celeskiller's rating: 1310 &rarr; <strong>1286<\/strong><br \/>(-24 for losing)\n","uploadtime":1700973748,"views":2,"p1id":"kukou","p2id":"celeskiller","formatid":"gen9nationaldex","rating":1270,"private":0,"password":""}