{"id":"gen9nationaldex-1994608735","p1":"Doubleyu","p2":"emsioab","format":"[Gen 9] National Dex","log":"|html|<div class=\"broadcast-blue\"><strong>[Gen 9] National Dex is currently suspecting Sneasler! For information on how to participate check out the <a href=\"https:\/\/www.smogon.com\/forums\/threads\/sv-national-dex-suspect-8-just-dance.3731534\/\">suspect thread<\/a>.<\/strong><\/div>\n|j|\u2606Doubleyu\n|j|\u2606emsioab\n|t:|1700468671\n|gametype|singles\n|player|p1|Doubleyu|red|1597\n|player|p2|emsioab|102|1869\n|teamsize|p1|6\n|teamsize|p2|6\n|gen|9\n|tier|[Gen 9] National Dex\n|rated|\n|rule|HP Percentage Mod: HP is shown in percentages\n|rule|Endless Battle Clause: Forcing endless battles is banned\n|rule|OHKO Clause: OHKO moves are banned\n|rule|Evasion Clause: Evasion abilities, items, and moves are banned\n|rule|Evasion Abilities Clause: Evasion abilities are banned\n|rule|Evasion Items Clause: Evasion items are banned\n|rule|Evasion Moves Clause: Evasion moves are banned\n|rule|Species Clause: Limit one of each Pok\u00e9mon\n|rule|Sleep Clause Mod: Limit one foe put to sleep\n|clearpoke\n|poke|p1|Sneasler, F|\n|poke|p1|Scizor, M|\n|poke|p1|Samurott-Hisui, F|\n|poke|p1|Landorus-Therian, M|\n|poke|p1|Greninja-*, M|\n|poke|p1|Dragonite, F|\n|poke|p2|Ogerpon-Wellspring, F|\n|poke|p2|Clodsire, M|\n|poke|p2|Alomomola, M|\n|poke|p2|Ceruledge, F|\n|poke|p2|Tapu Lele|\n|poke|p2|Scizor, F|\n|teampreview\n|inactive|Battle timer is ON: inactive players will automatically lose when time's up. (requested by emsioab)\n|\n|t:|1700468702\n|start\n|switch|p1a: Sneasler|Sneasler, F, shiny|100\/100\n|switch|p2a: Alomomola|Alomomola, M|100\/100\n|turn|1\n|\n|t:|1700468714\n|move|p1a: Sneasler|Dire Claw|p2a: Alomomola\n|-damage|p2a: Alomomola|76\/100\n|-damage|p1a: Sneasler|84\/100|[from] item: Rocky Helmet|[of] p2a: Alomomola\n|-status|p2a: Alomomola|psn|[from] ability: Poison Touch|[of] p1a: Sneasler\n|move|p2a: Alomomola|Flip Turn|p1a: Sneasler\n|-damage|p1a: Sneasler|55\/100\n|\n|t:|1700468725\n|switch|p2a: Scizor|Scizor, F|100\/100|[from] Flip Turn\n|\n|upkeep\n|turn|2\n|\n|t:|1700468741\n|detailschange|p2a: Scizor|Scizor-Mega, F\n|-mega|p2a: Scizor|Scizor|Scizorite\n|move|p1a: Sneasler|U-turn|p2a: Scizor\n|-resisted|p2a: Scizor\n|-damage|p2a: Scizor|92\/100\n|\n|t:|1700468744\n|switch|p1a: Dragonite|Dragonite, F|100\/100|[from] U-turn\n|move|p2a: Scizor|U-turn|p1a: Dragonite\n|-resisted|p1a: Dragonite\n|-damage|p1a: Dragonite|92\/100\n|\n|t:|1700468748\n|switch|p2a: Tapu Lele|Tapu Lele|100\/100|[from] U-turn\n|-fieldstart|move: Psychic Terrain|[from] ability: Psychic Surge|[of] p2a: Tapu Lele\n|\n|upkeep\n|turn|3\n|\n|t:|1700468760\n|switch|p1a: Scizor|Scizor, M, shiny|100\/100\n|move|p2a: Tapu Lele|Moonblast|p1a: Scizor\n|-resisted|p1a: Scizor\n|-damage|p1a: Scizor|60\/100\n|\n|upkeep\n|turn|4\n|\n|t:|1700468769\n|switch|p2a: Ceruledge|Ceruledge, F|100\/100\n|detailschange|p1a: Scizor|Scizor-Mega, M, shiny\n|-mega|p1a: Scizor|Scizor|Scizorite\n|move|p1a: Scizor|U-turn|p2a: Ceruledge\n|-resisted|p2a: Ceruledge\n|-damage|p2a: Ceruledge|89\/100\n|-ability|p2a: Ceruledge|Weak Armor|boost\n|-unboost|p2a: Ceruledge|def|1\n|-boost|p2a: Ceruledge|spe|2\n|\n|t:|1700468791\n|switch|p1a: Landorus|Landorus-Therian, M|100\/100|[from] U-turn\n|-ability|p1a: Landorus|Intimidate|boost\n|-unboost|p2a: Ceruledge|atk|1\n|\n|upkeep\n|turn|5\n|\n|t:|1700468800\n|move|p2a: Ceruledge|Destiny Bond|p2a: Ceruledge\n|-singlemove|p2a: Ceruledge|Destiny Bond\n|move|p1a: Landorus|U-turn|p2a: Ceruledge\n|-resisted|p2a: Ceruledge\n|-damage|p2a: Ceruledge|78\/100\n|-ability|p2a: Ceruledge|Weak Armor|boost\n|-unboost|p2a: Ceruledge|def|1\n|-boost|p2a: Ceruledge|spe|2\n|inactive|Doubleyu has 120 seconds left.\n|\n|t:|1700468832\n|switch|p1a: Samurott|Samurott-Hisui, F, shiny|100\/100|[from] U-turn\n|\n|upkeep\n|turn|6\n|\n|t:|1700468846\n|switch|p2a: Alomomola|Alomomola, M|100\/100 psn\n|switch|p1a: Landorus|Landorus-Therian, M|100\/100\n|-ability|p1a: Landorus|Intimidate|boost\n|-unboost|p2a: Alomomola|atk|1\n|\n|-damage|p2a: Alomomola|88\/100 psn|[from] psn\n|-fieldend|move: Psychic Terrain\n|upkeep\n|turn|7\n|\n|t:|1700468854\n|move|p1a: Landorus|Stealth Rock|p2a: Alomomola\n|-sidestart|p2: emsioab|move: Stealth Rock\n|move|p2a: Alomomola|Flip Turn|p1a: Landorus\n|-supereffective|p1a: Landorus\n|-damage|p1a: Landorus|86\/100\n|-damage|p2a: Alomomola|71\/100 psn|[from] item: Rocky Helmet|[of] p1a: Landorus\n|\n|t:|1700468863\n|switch|p2a: Ogerpon|Ogerpon-Wellspring, F|100\/100|[from] Flip Turn\n|-damage|p2a: Ogerpon|88\/100|[from] Stealth Rock\n|\n|upkeep\n|turn|8\n|inactive|Doubleyu has 120 seconds left.\n|\n|t:|1700468882\n|switch|p1a: Dragonite|Dragonite, F|92\/100\n|move|p2a: Ogerpon|Ivy Cudgel|p1a: Dragonite|[anim] Ivy Cudgel Water\n|-resisted|p1a: Dragonite\n|-damage|p1a: Dragonite|66\/100\n|\n|upkeep\n|turn|9\n|inactive|Doubleyu has 120 seconds left.\n|\n|t:|1700468903\n|move|p1a: Dragonite|Extreme Speed|p2a: Ogerpon\n|-damage|p2a: Ogerpon|24\/100\n|move|p2a: Ogerpon|Swords Dance|p2a: Ogerpon\n|-boost|p2a: Ogerpon|atk|2\n|\n|upkeep\n|turn|10\n|\n|t:|1700468910\n|switch|p2a: Alomomola|Alomomola, M|100\/100 psn\n|-damage|p2a: Alomomola|88\/100 psn|[from] Stealth Rock\n|move|p1a: Dragonite|Extreme Speed|p2a: Alomomola\n|-damage|p2a: Alomomola|63\/100 psn\n|-damage|p1a: Dragonite|50\/100|[from] item: Rocky Helmet|[of] p2a: Alomomola\n|\n|-damage|p2a: Alomomola|50\/100 psn|[from] psn\n|upkeep\n|turn|11\n|\n|t:|1700468927\n|switch|p1a: Samurott|Samurott-Hisui, F, shiny|100\/100\n|move|p2a: Alomomola|Wish|p2a: Alomomola\n|\n|-damage|p2a: Alomomola|38\/100 psn|[from] psn\n|upkeep\n|turn|12\n|\n|t:|1700468934\n|move|p1a: Samurott|Ceaseless Edge|p2a: Alomomola\n|-damage|p2a: Alomomola|13\/100 psn\n|-damage|p1a: Samurott|84\/100|[from] item: Rocky Helmet|[of] p2a: Alomomola\n|-sidestart|p2: emsioab|Spikes\n|move|p2a: Alomomola|Flip Turn|p1a: Samurott\n|-resisted|p1a: Samurott\n|-damage|p1a: Samurott|73\/100\n|\n|t:|1700468939\n|switch|p2a: Ogerpon|Ogerpon-Wellspring, F|24\/100|[from] Flip Turn\n|-damage|p2a: Ogerpon|11\/100|[from] Stealth Rock\n|-damage|p2a: Ogerpon|0 fnt|[from] Spikes\n|faint|p2a: Ogerpon\n|\n|upkeep\n|\n|t:|1700468942\n|switch|p2a: Ceruledge|Ceruledge, F|78\/100\n|-damage|p2a: Ceruledge|53\/100|[from] Stealth Rock\n|-damage|p2a: Ceruledge|41\/100|[from] Spikes\n|turn|13\n|\n|t:|1700468952\n|move|p2a: Ceruledge|Endure|p2a: Ceruledge\n|-singleturn|p2a: Ceruledge|move: Endure\n|move|p1a: Samurott|Ceaseless Edge|p2a: Ceruledge\n|-supereffective|p2a: Ceruledge\n|-activate|p2a: Ceruledge|move: Endure\n|-damage|p2a: Ceruledge|1\/100\n|-ability|p2a: Ceruledge|Weak Armor|boost\n|-unboost|p2a: Ceruledge|def|1\n|-boost|p2a: Ceruledge|spe|2\n|-enditem|p2a: Ceruledge|Weakness Policy\n|-boost|p2a: Ceruledge|atk|2|[from] item: Weakness Policy\n|-boost|p2a: Ceruledge|spa|2|[from] item: Weakness Policy\n|-sidestart|p2: emsioab|Spikes\n|\n|upkeep\n|turn|14\n|inactive|Doubleyu has 120 seconds left.\n|\n|t:|1700468969\n|move|p2a: Ceruledge|Destiny Bond|p2a: Ceruledge\n|-singlemove|p2a: Ceruledge|Destiny Bond\n|move|p1a: Samurott|Ceaseless Edge|p2a: Ceruledge\n|-supereffective|p2a: Ceruledge\n|-damage|p2a: Ceruledge|0 fnt\n|-sidestart|p2: emsioab|Spikes\n|faint|p2a: Ceruledge\n|-activate|p2a: Ceruledge|move: Destiny Bond\n|faint|p1a: Samurott\n|\n|upkeep\n|inactive|Doubleyu has 120 seconds left.\n|\n|t:|1700469000\n|switch|p1a: Sneasler|Sneasler, F, shiny|55\/100\n|switch|p2a: Scizor|Scizor-Mega, F|92\/100\n|-damage|p2a: Scizor|79\/100|[from] Stealth Rock\n|-damage|p2a: Scizor|54\/100|[from] Spikes\n|turn|15\n|\n|t:|1700469010\n|move|p1a: Sneasler|Fake Out|p2a: Scizor\n|-resisted|p2a: Scizor\n|-damage|p2a: Scizor|49\/100\n|cant|p2a: Scizor|flinch\n|\n|upkeep\n|turn|16\n|\n|t:|1700469018\n|move|p1a: Sneasler|Close Combat|p2a: Scizor\n|-damage|p2a: Scizor|9\/100\n|-unboost|p1a: Sneasler|def|1\n|-unboost|p1a: Sneasler|spd|1\n|move|p2a: Scizor|Roost|p2a: Scizor\n|-heal|p2a: Scizor|59\/100\n|-singleturn|p2a: Scizor|move: Roost\n|\n|upkeep\n|turn|17\n|\n|t:|1700469027\n|move|p1a: Sneasler|U-turn|p2a: Scizor\n|-resisted|p2a: Scizor\n|-damage|p2a: Scizor|51\/100\n|\n|t:|1700469036\n|switch|p1a: Greninja|Greninja, M|100\/100|[from] U-turn\n|move|p2a: Scizor|Roost|p2a: Scizor\n|-heal|p2a: Scizor|100\/100\n|-singleturn|p2a: Scizor|move: Roost\n|\n|upkeep\n|turn|18\n|\n|t:|1700469042\n|-terastallize|p1a: Greninja|Fire\n|move|p1a: Greninja|Tera Blast|p2a: Scizor|[anim] Tera Blast Fire\n|-supereffective|p2a: Scizor\n|-damage|p2a: Scizor|0 fnt\n|faint|p2a: Scizor\n|-ability|p1a: Greninja|Battle Bond|boost\n|-boost|p1a: Greninja|atk|1\n|-boost|p1a: Greninja|spa|1\n|-boost|p1a: Greninja|spe|1\n|-activate|p1a: Greninja|ability: Battle Bond\n|-damage|p1a: Greninja|91\/100|[from] item: Life Orb\n|\n|upkeep\n|-message|emsioab forfeited.\n|\n|win|Doubleyu\n|raw|Doubleyu's rating: 1597 &rarr; <strong>1630<\/strong><br \/>(+33 for winning)\n|raw|emsioab's rating: 1869 &rarr; <strong>1836<\/strong><br \/>(-33 for losing)\n|l|\u2606emsioab\n","uploadtime":1700469068,"views":10,"p1id":"doubleyu","p2id":"emsioab","formatid":"gen9nationaldex","rating":1630,"private":0,"password":""}