{"id":"gen9nationaldex-1994230087","p1":"MorganDexter","p2":"mariousHex","format":"[Gen 9] National Dex","log":"|j|\u2606MorganDexter\n|j|\u2606mariousHex\n|t:|1700421341\n|gametype|singles\n|player|p1|MorganDexter|burglar|1588\n|player|p2|mariousHex|lillie-masters|1609\n|teamsize|p1|6\n|teamsize|p2|6\n|gen|9\n|tier|[Gen 9] National Dex\n|rated|\n|rule|HP Percentage Mod: HP is shown in percentages\n|rule|Endless Battle Clause: Forcing endless battles is banned\n|rule|OHKO Clause: OHKO moves are banned\n|rule|Evasion Clause: Evasion abilities, items, and moves are banned\n|rule|Evasion Abilities Clause: Evasion abilities are banned\n|rule|Evasion Items Clause: Evasion items are banned\n|rule|Evasion Moves Clause: Evasion moves are banned\n|rule|Species Clause: Limit one of each Pok\u00e9mon\n|rule|Sleep Clause Mod: Limit one foe put to sleep\n|clearpoke\n|poke|p1|Ferrothorn, F|\n|poke|p1|Garganacl, M|\n|poke|p1|Toxapex, M|\n|poke|p1|Clefable, F|\n|poke|p1|Basculegion, M|\n|poke|p1|Sharpedo, M|\n|poke|p2|Rillaboom, M|\n|poke|p2|Heatran, M|\n|poke|p2|Urshifu-*, F|\n|poke|p2|Slowking-Galar, F|\n|poke|p2|Thundurus-Therian, M|\n|poke|p2|Weezing-Galar, F|\n|teampreview\n|inactive|Battle timer is ON: inactive players will automatically lose when time's up. (requested by MorganDexter)\n|\n|t:|1700421363\n|start\n|switch|p1a: Garganacl|Garganacl, M, shiny|100\/100\n|switch|p2a: Thundurus|Thundurus-Therian, M|100\/100\n|turn|1\n|\n|t:|1700421374\n|move|p2a: Thundurus|Volt Switch|p1a: Garganacl\n|-damage|p1a: Garganacl|69\/100\n|\n|t:|1700421377\n|switch|p2a: Rillaboom|Rillaboom, M|100\/100|[from] Volt Switch\n|-fieldstart|move: Grassy Terrain|[from] ability: Grassy Surge|[of] p2a: Rillaboom\n|move|p1a: Garganacl|Iron Defense|p1a: Garganacl\n|-boost|p1a: Garganacl|def|2\n|\n|-heal|p1a: Garganacl|75\/100|[from] Grassy Terrain\n|-heal|p1a: Garganacl|81\/100|[from] item: Leftovers\n|upkeep\n|turn|2\n|\n|t:|1700421391\n|-terastallize|p1a: Garganacl|Ghost\n|move|p2a: Rillaboom|Wood Hammer|p1a: Garganacl\n|-damage|p1a: Garganacl|41\/100\n|-damage|p2a: Rillaboom|85\/100|[from] Recoil\n|move|p1a: Garganacl|Recover|p1a: Garganacl\n|-heal|p1a: Garganacl|91\/100\n|\n|-heal|p2a: Rillaboom|91\/100|[from] Grassy Terrain\n|-heal|p1a: Garganacl|97\/100|[from] Grassy Terrain\n|-heal|p1a: Garganacl|100\/100|[from] item: Leftovers\n|upkeep\n|turn|3\n|\n|t:|1700421404\n|switch|p2a: Slowking|Slowking-Galar, F|100\/100\n|move|p1a: Garganacl|Salt Cure|p2a: Slowking\n|-damage|p2a: Slowking|88\/100\n|-start|p2a: Slowking|Salt Cure\n|\n|-heal|p2a: Slowking|94\/100|[from] Grassy Terrain\n|-damage|p2a: Slowking|82\/100|[from] Salt Cure\n|upkeep\n|turn|4\n|\n|t:|1700421416\n|move|p1a: Garganacl|Iron Defense|p1a: Garganacl\n|-boost|p1a: Garganacl|def|2\n|move|p2a: Slowking|Future Sight|p1a: Garganacl\n|-start|p2a: Slowking|move: Future Sight\n|\n|-heal|p2a: Slowking|88\/100|[from] Grassy Terrain\n|-damage|p2a: Slowking|76\/100|[from] Salt Cure\n|upkeep\n|turn|5\n|\n|t:|1700421426\n|move|p1a: Garganacl|Iron Defense|p1a: Garganacl\n|-boost|p1a: Garganacl|def|2\n|move|p2a: Slowking|Chilly Reception|p2a: Slowking\n|-weather|Snow\n|\n|t:|1700421428\n|switch|p2a: Rillaboom|Rillaboom, M|91\/100|[from] Chilly Reception\n|\n|-weather|Snow|[upkeep]\n|-heal|p2a: Rillaboom|97\/100|[from] Grassy Terrain\n|-fieldend|move: Grassy Terrain\n|upkeep\n|turn|6\n|\n|t:|1700421439\n|move|p2a: Rillaboom|Knock Off|p1a: Garganacl\n|-supereffective|p1a: Garganacl\n|-damage|p1a: Garganacl|84\/100\n|-enditem|p1a: Garganacl|Leftovers|[from] move: Knock Off|[of] p2a: Rillaboom\n|move|p1a: Garganacl|Body Press|p2a: Rillaboom\n|-damage|p2a: Rillaboom|0 fnt\n|faint|p2a: Rillaboom\n|\n|-weather|Snow|[upkeep]\n|-end|p1a: Garganacl|move: Future Sight\n|-damage|p1a: Garganacl|53\/100\n|upkeep\n|\n|t:|1700421452\n|switch|p2a: Thundurus|Thundurus-Therian, M|100\/100\n|turn|7\n|\n|t:|1700421467\n|move|p2a: Thundurus|Volt Switch|p1a: Garganacl\n|-damage|p1a: Garganacl|23\/100\n|\n|t:|1700421469\n|switch|p2a: Urshifu|Urshifu-Rapid-Strike, F|100\/100|[from] Volt Switch\n|move|p1a: Garganacl|Recover|p1a: Garganacl\n|-heal|p1a: Garganacl|73\/100\n|\n|-weather|Snow|[upkeep]\n|upkeep\n|turn|8\n|inactive|MorganDexter has 120 seconds left.\n|\n|t:|1700421505\n|-terastallize|p2a: Urshifu|Water\n|move|p2a: Urshifu|Surging Strikes|p1a: Garganacl\n|-crit|p1a: Garganacl\n|-damage|p1a: Garganacl|51\/100\n|-crit|p1a: Garganacl\n|-damage|p1a: Garganacl|28\/100\n|-crit|p1a: Garganacl\n|-damage|p1a: Garganacl|3\/100\n|-hitcount|p1a: Garganacl|3\n|move|p1a: Garganacl|Recover|p1a: Garganacl\n|-heal|p1a: Garganacl|53\/100\n|\n|-weather|Snow|[upkeep]\n|upkeep\n|turn|9\n|inactive|MorganDexter has 120 seconds left.\n|\n|t:|1700421519\n|switch|p2a: Heatran|Heatran, M|100\/100\n|switch|p1a: Toxapex|Toxapex, M|100\/100\n|\n|-weather|none\n|upkeep\n|turn|10\n|inactive|MorganDexter has 120 seconds left.\n|\n|t:|1700421533\n|move|p1a: Toxapex|Baneful Bunker|p1a: Toxapex\n|-singleturn|p1a: Toxapex|move: Protect\n|move|p2a: Heatran|Stealth Rock|p1a: Toxapex\n|-sidestart|p1: MorganDexter|move: Stealth Rock\n|\n|upkeep\n|turn|11\n|inactive|MorganDexter has 120 seconds left.\n|\n|t:|1700421547\n|switch|p2a: Thundurus|Thundurus-Therian, M|100\/100\n|switch|p1a: Ferrothorn|Ferrothorn, F|100\/100\n|-damage|p1a: Ferrothorn|94\/100|[from] Stealth Rock\n|\n|-heal|p1a: Ferrothorn|100\/100|[from] item: Leftovers\n|upkeep\n|turn|12\n|\n|t:|1700421557\n|move|p2a: Thundurus|Volt Switch|p1a: Ferrothorn\n|-resisted|p1a: Ferrothorn\n|-damage|p1a: Ferrothorn|88\/100\n|\n|t:|1700421565\n|switch|p2a: Heatran|Heatran, M|100\/100|[from] Volt Switch\n|move|p1a: Ferrothorn|Leech Seed|p2a: Heatran\n|-start|p2a: Heatran|move: Leech Seed\n|\n|-heal|p1a: Ferrothorn|94\/100|[from] item: Leftovers\n|-damage|p2a: Heatran|88\/100|[from] Leech Seed|[of] p1a: Ferrothorn\n|-heal|p1a: Ferrothorn|100\/100|[silent]\n|upkeep\n|turn|13\n|\n|t:|1700421575\n|switch|p2a: Slowking|Slowking-Galar, F|100\/100\n|move|p1a: Ferrothorn|Protect||[still]\n|-fail|p1a: Ferrothorn\n|\n|upkeep\n|turn|14\n|\n|t:|1700421590\n|move|p2a: Slowking|Chilly Reception|p2a: Slowking\n|-weather|Snow\n|\n|t:|1700421600\n|switch|p2a: Heatran|Heatran, M|88\/100|[from] Chilly Reception\n|move|p1a: Ferrothorn|Knock Off|p2a: Heatran\n|-damage|p2a: Heatran|70\/100\n|-enditem|p2a: Heatran|Leftovers|[from] move: Knock Off|[of] p1a: Ferrothorn\n|\n|-weather|Snow|[upkeep]\n|upkeep\n|turn|15\n|\n|t:|1700421611\n|move|p1a: Ferrothorn|Protect|p1a: Ferrothorn\n|-singleturn|p1a: Ferrothorn|Protect\n|move|p2a: Heatran|Magma Storm|p1a: Ferrothorn\n|-activate|p1a: Ferrothorn|move: Protect\n|\n|-weather|Snow|[upkeep]\n|upkeep\n|turn|16\n|\n|t:|1700421623\n|switch|p1a: Toxapex|Toxapex, M|100\/100\n|-damage|p1a: Toxapex|88\/100|[from] Stealth Rock\n|move|p2a: Heatran|Magma Storm|p1a: Toxapex|[miss]\n|-miss|p2a: Heatran|p1a: Toxapex\n|\n|-weather|Snow|[upkeep]\n|-heal|p1a: Toxapex|94\/100|[from] item: Leftovers\n|upkeep\n|turn|17\n|\n|t:|1700421633\n|switch|p2a: Thundurus|Thundurus-Therian, M|100\/100\n|move|p1a: Toxapex|Baneful Bunker||[still]\n|-fail|p1a: Toxapex\n|\n|-weather|Snow|[upkeep]\n|-heal|p1a: Toxapex|100\/100|[from] item: Leftovers\n|upkeep\n|turn|18\n|\n|t:|1700421641\n|move|p1a: Toxapex|Baneful Bunker|p1a: Toxapex\n|-singleturn|p1a: Toxapex|move: Protect\n|move|p2a: Thundurus|Volt Switch|p1a: Toxapex\n|-activate|p1a: Toxapex|move: Protect\n|\n|-weather|none\n|upkeep\n|turn|19\n|\n|t:|1700421650\n|move|p2a: Thundurus|Volt Switch|p1a: Toxapex\n|-supereffective|p1a: Toxapex\n|-damage|p1a: Toxapex|45\/100\n|\n|t:|1700421654\n|switch|p2a: Slowking|Slowking-Galar, F|100\/100|[from] Volt Switch\n|move|p1a: Toxapex|Toxic|p2a: Slowking\n|-immune|p2a: Slowking\n|\n|-heal|p1a: Toxapex|51\/100|[from] item: Leftovers\n|upkeep\n|turn|20\n|\n|t:|1700421663\n|move|p1a: Toxapex|Scald|p2a: Slowking\n|-damage|p2a: Slowking|88\/100\n|move|p2a: Slowking|Future Sight|p1a: Toxapex\n|-start|p2a: Slowking|move: Future Sight\n|\n|-heal|p1a: Toxapex|57\/100|[from] item: Leftovers\n|upkeep\n|turn|21\n|\n|t:|1700421676\n|switch|p1a: Sharpedo|Sharpedo, M|100\/100\n|-damage|p1a: Sharpedo|88\/100|[from] Stealth Rock\n|move|p2a: Slowking|Chilly Reception|p2a: Slowking\n|-weather|Snow\n|\n|t:|1700421679\n|switch|p2a: Thundurus|Thundurus-Therian, M|100\/100|[from] Chilly Reception\n|\n|-weather|Snow|[upkeep]\n|upkeep\n|turn|22\n|\n|t:|1700421687\n|move|p1a: Sharpedo|Protect|p1a: Sharpedo\n|-singleturn|p1a: Sharpedo|Protect\n|move|p2a: Thundurus|Volt Switch|p1a: Sharpedo\n|-activate|p1a: Sharpedo|move: Protect\n|\n|-weather|Snow|[upkeep]\n|-end|p1a: Sharpedo|move: Future Sight\n|-immune|p1a: Sharpedo\n|-ability|p1a: Sharpedo|Speed Boost|boost\n|-boost|p1a: Sharpedo|spe|1\n|upkeep\n|turn|23\n|inactive|MorganDexter has 120 seconds left.\n|\n|t:|1700421744\n|switch|p1a: Ferrothorn|Ferrothorn, F|100\/100\n|-damage|p1a: Ferrothorn|94\/100|[from] Stealth Rock\n|move|p2a: Thundurus|Volt Switch|p1a: Ferrothorn\n|-resisted|p1a: Ferrothorn\n|-damage|p1a: Ferrothorn|79\/100\n|\n|t:|1700421747\n|switch|p2a: Heatran|Heatran, M|70\/100|[from] Volt Switch\n|\n|-weather|Snow|[upkeep]\n|-heal|p1a: Ferrothorn|86\/100|[from] item: Leftovers\n|upkeep\n|turn|24\n|\n|t:|1700421759\n|move|p1a: Ferrothorn|Protect|p1a: Ferrothorn\n|-singleturn|p1a: Ferrothorn|Protect\n|move|p2a: Heatran|Magma Storm|p1a: Ferrothorn\n|-activate|p1a: Ferrothorn|move: Protect\n|\n|-weather|Snow|[upkeep]\n|-heal|p1a: Ferrothorn|92\/100|[from] item: Leftovers\n|upkeep\n|turn|25\n|\n|t:|1700421778\n|switch|p1a: Toxapex|Toxapex, M|90\/100\n|-damage|p1a: Toxapex|78\/100|[from] Stealth Rock\n|move|p2a: Heatran|Magma Storm|p1a: Toxapex|[miss]\n|-miss|p2a: Heatran|p1a: Toxapex\n|\n|-weather|none\n|-heal|p1a: Toxapex|84\/100|[from] item: Leftovers\n|upkeep\n|turn|26\n|\n|t:|1700421788\n|move|p2a: Heatran|Earth Power|p1a: Toxapex\n|-supereffective|p1a: Toxapex\n|-damage|p1a: Toxapex|49\/100\n|-unboost|p1a: Toxapex|spd|1\n|move|p1a: Toxapex|Scald|p2a: Heatran\n|-supereffective|p2a: Heatran\n|-damage|p2a: Heatran|50\/100\n|\n|-heal|p1a: Toxapex|55\/100|[from] item: Leftovers\n|upkeep\n|turn|27\n|\n|t:|1700421799\n|move|p1a: Toxapex|Baneful Bunker|p1a: Toxapex\n|-singleturn|p1a: Toxapex|move: Protect\n|move|p2a: Heatran|Earth Power|p1a: Toxapex\n|-activate|p1a: Toxapex|move: Protect\n|\n|-heal|p1a: Toxapex|62\/100|[from] item: Leftovers\n|upkeep\n|turn|28\n|inactive|MorganDexter has 90 seconds left.\n|\n|t:|1700421842\n|switch|p1a: Basculegion|Basculegion, M, shiny|100\/100\n|-damage|p1a: Basculegion|88\/100|[from] Stealth Rock\n|move|p2a: Heatran|Earth Power|p1a: Basculegion\n|-damage|p1a: Basculegion|58\/100\n|-unboost|p1a: Basculegion|spd|1\n|\n|upkeep\n|turn|29\n|inactive|MorganDexter has 60 seconds left.\n|inactive|mariousHex has 120 seconds left.\n|\n|t:|1700421872\n|switch|p2a: Thundurus|Thundurus-Therian, M|100\/100\n|move|p1a: Basculegion|Head Smash|p2a: Thundurus|[miss]\n|-miss|p1a: Basculegion|p2a: Thundurus\n|\n|upkeep\n|turn|30\n|\n|t:|1700421881\n|move|p2a: Thundurus|Hidden Power|p1a: Basculegion\n|-resisted|p1a: Basculegion\n|-damage|p1a: Basculegion|39\/100\n|move|p1a: Basculegion|Head Smash|p2a: Thundurus|[miss]\n|-miss|p1a: Basculegion|p2a: Thundurus\n|\n|upkeep\n|turn|31\n|\n|t:|1700421900\n|switch|p2a: Weezing|Weezing-Galar, F|100\/100\n|-ability|p2a: Weezing|Neutralizing Gas\n|move|p1a: Basculegion|Head Smash|p2a: Weezing\n|-damage|p2a: Weezing|69\/100\n|-damage|p1a: Basculegion|25\/100|[from] Recoil\n|\n|-heal|p2a: Weezing|75\/100|[from] item: Leftovers\n|upkeep\n|turn|32\n|\n|t:|1700421913\n|switch|p1a: Garganacl|Garganacl, M, shiny, tera:Ghost|53\/100\n|-damage|p1a: Garganacl|41\/100|[from] Stealth Rock\n|-end|p2a: Weezing|ability: Neutralizing Gas\n|switch|p2a: Heatran|Heatran, M|50\/100\n|\n|upkeep\n|turn|33\n|inactive|mariousHex has 120 seconds left.\n|\n|t:|1700421930\n|move|p2a: Heatran|Magma Storm|p1a: Garganacl\n|-damage|p1a: Garganacl|10\/100\n|-activate|p1a: Garganacl|move: Magma Storm|[of] p2a: Heatran\n|move|p1a: Garganacl|Recover|p1a: Garganacl\n|-heal|p1a: Garganacl|60\/100\n|\n|-damage|p1a: Garganacl|47\/100|[from] move: Magma Storm|[partiallytrapped]\n|upkeep\n|turn|34\n|\n|t:|1700421939\n|move|p2a: Heatran|Taunt|p1a: Garganacl\n|-start|p1a: Garganacl|move: Taunt\n|cant|p1a: Garganacl|move: Taunt|Recover\n|\n|-damage|p1a: Garganacl|35\/100|[from] move: Magma Storm|[partiallytrapped]\n|upkeep\n|turn|35\n|j| oracio7420\n|\n|t:|1700421951\n|move|p2a: Heatran|Magma Storm|p1a: Garganacl\n|-damage|p1a: Garganacl|4\/100\n|move|p1a: Garganacl|Body Press|p2a: Heatran\n|-supereffective|p2a: Heatran\n|-damage|p2a: Heatran|7\/100\n|\n|-damage|p1a: Garganacl|0 fnt|[from] move: Magma Storm|[partiallytrapped]\n|faint|p1a: Garganacl\n|upkeep\n|\n|t:|1700421970\n|switch|p1a: Clefable|Clefable, F|100\/100\n|turn|36\n|\n|t:|1700421988\n|switch|p2a: Slowking|Slowking-Galar, F|100\/100\n|move|p1a: Clefable|Cosmic Power|p1a: Clefable\n|-boost|p1a: Clefable|def|1\n|-boost|p1a: Clefable|spd|1\n|\n|upkeep\n|turn|37\n|\n|t:|1700421995\n|move|p1a: Clefable|Cosmic Power|p1a: Clefable\n|-boost|p1a: Clefable|def|1\n|-boost|p1a: Clefable|spd|1\n|move|p2a: Slowking|Thunder Wave|p1a: Clefable\n|-status|p1a: Clefable|par\n|\n|upkeep\n|turn|38\n|\n|t:|1700422002\n|move|p1a: Clefable|Cosmic Power|p1a: Clefable\n|-boost|p1a: Clefable|def|1\n|-boost|p1a: Clefable|spd|1\n|move|p2a: Slowking|Future Sight|p1a: Clefable\n|-start|p2a: Slowking|move: Future Sight\n|\n|upkeep\n|turn|39\n|\n|t:|1700422013\n|move|p1a: Clefable|Cosmic Power|p1a: Clefable\n|-boost|p1a: Clefable|def|1\n|-boost|p1a: Clefable|spd|1\n|move|p2a: Slowking|Sludge Bomb|p1a: Clefable\n|-supereffective|p1a: Clefable\n|-damage|p1a: Clefable|82\/100 par\n|\n|upkeep\n|turn|40\n|inactive|MorganDexter has 90 seconds left.\n|\n|t:|1700422020\n|move|p1a: Clefable|Cosmic Power|p1a: Clefable\n|-boost|p1a: Clefable|def|1\n|-boost|p1a: Clefable|spd|1\n|move|p2a: Slowking|Chilly Reception|p2a: Slowking\n|-weather|Snow\n|\n|t:|1700422022\n|switch|p2a: Urshifu|Urshifu-Rapid-Strike, F, tera:Water|100\/100|[from] Chilly Reception\n|\n|-weather|Snow|[upkeep]\n|-end|p1a: Clefable|move: Future Sight\n|-damage|p1a: Clefable|70\/100 par\n|upkeep\n|turn|41\n|\n|t:|1700422033\n|move|p2a: Urshifu|Surging Strikes|p1a: Clefable\n|-crit|p1a: Clefable\n|-damage|p1a: Clefable|36\/100 par\n|-enditem|p1a: Clefable|Sitrus Berry|[eat]\n|-heal|p1a: Clefable|61\/100 par|[from] item: Sitrus Berry\n|-crit|p1a: Clefable\n|-damage|p1a: Clefable|28\/100 par\n|-crit|p1a: Clefable\n|-damage|p1a: Clefable|0 fnt\n|faint|p1a: Clefable\n|-hitcount|p1: Clefable|3\n|\n|-weather|Snow|[upkeep]\n|upkeep\n|inactive|MorganDexter has 90 seconds left.\n|\n|t:|1700422073\n|switch|p1a: Sharpedo|Sharpedo, M|88\/100\n|-damage|p1a: Sharpedo|76\/100|[from] Stealth Rock\n|turn|42\n|\n|t:|1700422091\n|detailschange|p1a: Sharpedo|Sharpedo-Mega, M\n|-mega|p1a: Sharpedo|Sharpedo|Sharpedonite\n|move|p2a: Urshifu|Surging Strikes|p1a: Sharpedo\n|-resisted|p1a: Sharpedo\n|-crit|p1a: Sharpedo\n|-damage|p1a: Sharpedo|45\/100\n|-resisted|p1a: Sharpedo\n|-crit|p1a: Sharpedo\n|-damage|p1a: Sharpedo|15\/100\n|-resisted|p1a: Sharpedo\n|-crit|p1a: Sharpedo\n|-damage|p1a: Sharpedo|0 fnt\n|faint|p1a: Sharpedo\n|-hitcount|p1: Sharpedo|3\n|\n|-weather|Snow|[upkeep]\n|upkeep\n|inactive|MorganDexter has 60 seconds left.\n|\n|t:|1700422112\n|switch|p1a: Basculegion|Basculegion, M, shiny|25\/100\n|-damage|p1a: Basculegion|13\/100|[from] Stealth Rock\n|turn|43\n|\n|t:|1700422118\n|switch|p2a: Weezing|Weezing-Galar, F|75\/100\n|-ability|p2a: Weezing|Neutralizing Gas\n|move|p1a: Basculegion|Head Smash|p2a: Weezing\n|-damage|p2a: Weezing|42\/100\n|-damage|p1a: Basculegion|0 fnt|[from] Recoil\n|faint|p1a: Basculegion\n|\n|-weather|Snow|[upkeep]\n|-heal|p2a: Weezing|48\/100|[from] item: Leftovers\n|upkeep\n|\n|t:|1700422131\n|switch|p1a: Ferrothorn|Ferrothorn, F|92\/100\n|-damage|p1a: Ferrothorn|86\/100|[from] Stealth Rock\n|turn|44\n|\n|t:|1700422136\n|move|p2a: Weezing|Will-O-Wisp|p1a: Ferrothorn\n|-status|p1a: Ferrothorn|brn\n|move|p1a: Ferrothorn|Leech Seed|p2a: Weezing\n|-start|p2a: Weezing|move: Leech Seed\n|\n|-weather|none\n|-heal|p2a: Weezing|54\/100|[from] item: Leftovers\n|-heal|p1a: Ferrothorn|92\/100 brn|[from] item: Leftovers\n|-damage|p2a: Weezing|42\/100|[from] Leech Seed|[of] p1a: Ferrothorn\n|-heal|p1a: Ferrothorn|100\/100 brn|[silent]\n|-damage|p1a: Ferrothorn|94\/100 brn|[from] brn\n|upkeep\n|turn|45\n|inactive|MorganDexter has 60 seconds left.\n|\n|t:|1700422149\n|-end|p2a: Weezing|ability: Neutralizing Gas\n|switch|p2a: Urshifu|Urshifu-Rapid-Strike, F, tera:Water|100\/100\n|move|p1a: Ferrothorn|Leech Seed|p2a: Urshifu\n|-start|p2a: Urshifu|move: Leech Seed\n|\n|-heal|p1a: Ferrothorn|100\/100 brn|[from] item: Leftovers\n|-damage|p2a: Urshifu|88\/100|[from] Leech Seed|[of] p1a: Ferrothorn\n|-damage|p1a: Ferrothorn|94\/100 brn|[from] brn\n|upkeep\n|turn|46\n|inactive|MorganDexter has 60 seconds left.\n|\n|t:|1700422160\n|switch|p1a: Toxapex|Toxapex, M|95\/100\n|-damage|p1a: Toxapex|82\/100|[from] Stealth Rock\n|move|p2a: Urshifu|Close Combat|p1a: Toxapex\n|-resisted|p1a: Toxapex\n|-damage|p1a: Toxapex|49\/100\n|-unboost|p2a: Urshifu|def|1\n|-unboost|p2a: Urshifu|spd|1\n|\n|-heal|p1a: Toxapex|55\/100|[from] item: Leftovers\n|-damage|p2a: Urshifu|76\/100|[from] Leech Seed|[of] p1a: Toxapex\n|-heal|p1a: Toxapex|69\/100|[silent]\n|upkeep\n|turn|47\n|inactive|MorganDexter has 60 seconds left.\n|\n|t:|1700422173\n|switch|p2a: Slowking|Slowking-Galar, F|100\/100\n|move|p1a: Toxapex|Scald|p2a: Slowking\n|-damage|p2a: Slowking|89\/100\n|\n|-heal|p1a: Toxapex|75\/100|[from] item: Leftovers\n|upkeep\n|turn|48\n|inactive|MorganDexter has 60 seconds left.\n|\n|t:|1700422183\n|switch|p1a: Ferrothorn|Ferrothorn, F|94\/100 brn\n|-damage|p1a: Ferrothorn|88\/100 brn|[from] Stealth Rock\n|move|p2a: Slowking|Future Sight|p1a: Ferrothorn\n|-start|p2a: Slowking|move: Future Sight\n|\n|-heal|p1a: Ferrothorn|94\/100 brn|[from] item: Leftovers\n|-damage|p1a: Ferrothorn|88\/100 brn|[from] brn\n|upkeep\n|turn|49\n|\n|t:|1700422201\n|switch|p2a: Thundurus|Thundurus-Therian, M|100\/100\n|move|p1a: Ferrothorn|Leech Seed|p2a: Thundurus\n|-start|p2a: Thundurus|move: Leech Seed\n|\n|-heal|p1a: Ferrothorn|94\/100 brn|[from] item: Leftovers\n|-damage|p2a: Thundurus|88\/100|[from] Leech Seed|[of] p1a: Ferrothorn\n|-heal|p1a: Ferrothorn|100\/100 brn|[silent]\n|-damage|p1a: Ferrothorn|94\/100 brn|[from] brn\n|upkeep\n|turn|50\n|\n|t:|1700422214\n|move|p2a: Thundurus|Volt Switch|p1a: Ferrothorn\n|-resisted|p1a: Ferrothorn\n|-damage|p1a: Ferrothorn|81\/100 brn\n|\n|t:|1700422219\n|switch|p2a: Urshifu|Urshifu-Rapid-Strike, F, tera:Water|76\/100|[from] Volt Switch\n|move|p1a: Ferrothorn|Leech Seed|p2a: Urshifu|[miss]\n|-miss|p1a: Ferrothorn|p2a: Urshifu\n|\n|-end|p1a: Ferrothorn|move: Future Sight\n|-resisted|p1a: Ferrothorn\n|-crit|p1a: Ferrothorn\n|-damage|p1a: Ferrothorn|59\/100 brn\n|-heal|p1a: Ferrothorn|65\/100 brn|[from] item: Leftovers\n|-damage|p1a: Ferrothorn|59\/100 brn|[from] brn\n|upkeep\n|turn|51\n|\n|t:|1700422234\n|switch|p1a: Toxapex|Toxapex, M|100\/100\n|-damage|p1a: Toxapex|88\/100|[from] Stealth Rock\n|move|p2a: Urshifu|Close Combat|p1a: Toxapex\n|-resisted|p1a: Toxapex\n|-damage|p1a: Toxapex|58\/100\n|-unboost|p2a: Urshifu|def|1\n|-unboost|p2a: Urshifu|spd|1\n|\n|-heal|p1a: Toxapex|65\/100|[from] item: Leftovers\n|upkeep\n|turn|52\n|\n|t:|1700422246\n|switch|p2a: Slowking|Slowking-Galar, F|100\/100\n|move|p1a: Toxapex|Toxic|p2a: Slowking\n|-immune|p2a: Slowking\n|\n|-heal|p1a: Toxapex|71\/100|[from] item: Leftovers\n|upkeep\n|turn|53\n|\n|t:|1700422256\n|switch|p1a: Ferrothorn|Ferrothorn, F|59\/100 brn\n|-damage|p1a: Ferrothorn|52\/100 brn|[from] Stealth Rock\n|move|p2a: Slowking|Future Sight|p1a: Ferrothorn\n|-start|p2a: Slowking|move: Future Sight\n|\n|-heal|p1a: Ferrothorn|59\/100 brn|[from] item: Leftovers\n|-damage|p1a: Ferrothorn|52\/100 brn|[from] brn\n|upkeep\n|turn|54\n|\n|t:|1700422265\n|move|p2a: Slowking|Chilly Reception|p2a: Slowking\n|-weather|Snow\n|\n|t:|1700422267\n|switch|p2a: Urshifu|Urshifu-Rapid-Strike, F, tera:Water|76\/100|[from] Chilly Reception\n|move|p1a: Ferrothorn|Leech Seed|p2a: Urshifu\n|-start|p2a: Urshifu|move: Leech Seed\n|\n|-weather|Snow|[upkeep]\n|-heal|p1a: Ferrothorn|59\/100 brn|[from] item: Leftovers\n|-damage|p2a: Urshifu|64\/100|[from] Leech Seed|[of] p1a: Ferrothorn\n|-heal|p1a: Ferrothorn|71\/100 brn|[silent]\n|-damage|p1a: Ferrothorn|64\/100 brn|[from] brn\n|upkeep\n|turn|55\n|inactive|MorganDexter has 90 seconds left.\n|\n|t:|1700422278\n|switch|p1a: Toxapex|Toxapex, M|100\/100\n|-damage|p1a: Toxapex|88\/100|[from] Stealth Rock\n|move|p2a: Urshifu|Close Combat|p1a: Toxapex\n|-resisted|p1a: Toxapex\n|-damage|p1a: Toxapex|56\/100\n|-unboost|p2a: Urshifu|def|1\n|-unboost|p2a: Urshifu|spd|1\n|\n|-weather|Snow|[upkeep]\n|-end|p1a: Toxapex|move: Future Sight\n|-supereffective|p1a: Toxapex\n|-damage|p1a: Toxapex|0 fnt\n|faint|p1a: Toxapex\n|upkeep\n|c|\u2606mariousHex|gg\n|\n|t:|1700422291\n|switch|p1a: Ferrothorn|Ferrothorn, F|64\/100 brn\n|-damage|p1a: Ferrothorn|58\/100 brn|[from] Stealth Rock\n|turn|56\n|\n|t:|1700422297\n|move|p1a: Ferrothorn|Protect|p1a: Ferrothorn\n|-singleturn|p1a: Ferrothorn|Protect\n|move|p2a: Urshifu|Close Combat|p1a: Ferrothorn\n|-supereffective|p1a: Ferrothorn\n|-damage|p1a: Ferrothorn|0 fnt\n|-unboost|p2a: Urshifu|def|1\n|-unboost|p2a: Urshifu|spd|1\n|-damage|p2a: Urshifu|51\/100|[from] ability: Iron Barbs|[of] p1a: Ferrothorn\n|faint|p1a: Ferrothorn\n|\n|win|mariousHex\n|raw|MorganDexter's rating: 1588 &rarr; <strong>1569<\/strong><br \/>(-19 for losing)\n|raw|mariousHex's rating: 1609 &rarr; <strong>1628<\/strong><br \/>(+19 for winning)\n","uploadtime":1700422304,"views":5,"p1id":"morgandexter","p2id":"marioushex","formatid":"gen9nationaldex","rating":1569,"private":0,"password":""}