{"id":"gen9nationaldex-1998979497","p1":"Shuichi420","p2":"helloofd","format":"[Gen 9] National Dex","log":"|html|<div class=\"broadcast-blue\"><strong>[Gen 9] National Dex is currently suspecting Sneasler! For information on how to participate check out the <a href=\"https:\/\/www.smogon.com\/forums\/threads\/sv-national-dex-suspect-8-just-dance.3731534\/\">suspect thread<\/a>.<\/strong><\/div>\n|j|\u2606Shuichi420\n|j|\u203dhelloofd\n|t:|1701020199\n|gametype|singles\n|player|p1|Shuichi420|170|1547\n|player|p2|helloofd|ghetsis|1512\n|teamsize|p1|6\n|teamsize|p2|6\n|gen|9\n|tier|[Gen 9] National Dex\n|rated|\n|rule|HP Percentage Mod: HP is shown in percentages\n|rule|Endless Battle Clause: Forcing endless battles is banned\n|rule|OHKO Clause: OHKO moves are banned\n|rule|Evasion Clause: Evasion abilities, items, and moves are banned\n|rule|Evasion Abilities Clause: Evasion abilities are banned\n|rule|Evasion Items Clause: Evasion items are banned\n|rule|Evasion Moves Clause: Evasion moves are banned\n|rule|Species Clause: Limit one of each Pok\u00e9mon\n|rule|Sleep Clause Mod: Limit one foe put to sleep\n|clearpoke\n|poke|p1|Gyarados, M|\n|poke|p1|Heatran, F|\n|poke|p1|Slowbro, M|\n|poke|p1|Rillaboom, F|\n|poke|p1|Zamazenta-*|\n|poke|p1|Landorus-Therian, M|\n|poke|p2|Charizard, F|\n|poke|p2|Tapu Koko|\n|poke|p2|Samurott-Hisui, M|\n|poke|p2|Gyarados, M|\n|poke|p2|Iron Valiant|\n|poke|p2|Greninja-*, M|\n|teampreview\n|inactive|Battle timer is ON: inactive players will automatically lose when time's up. (requested by Shuichi420)\n|\n|t:|1701020210\n|start\n|switch|p1a: Landorus|Landorus-Therian, M|100\/100\n|switch|p2a: Samurott|Samurott-Hisui, M|100\/100\n|-ability|p1a: Landorus|Intimidate|boost\n|-unboost|p2a: Samurott|atk|1\n|turn|1\n|\n|t:|1701020221\n|move|p2a: Samurott|Ceaseless Edge|p1a: Landorus\n|-damage|p1a: Landorus|78\/100\n|-damage|p2a: Samurott|84\/100|[from] item: Rocky Helmet|[of] p1a: Landorus\n|-sidestart|p1: Shuichi420|Spikes\n|move|p1a: Landorus|Stealth Rock|p2a: Samurott\n|-sidestart|p2: helloofd|move: Stealth Rock\n|\n|upkeep\n|turn|2\n|\n|t:|1701020227\n|move|p2a: Samurott|Razor Shell|p1a: Landorus|[miss]\n|-miss|p2a: Samurott|p1a: Landorus\n|move|p1a: Landorus|U-turn|p2a: Samurott\n|-supereffective|p2a: Samurott\n|-damage|p2a: Samurott|26\/100\n|\n|t:|1701020236\n|switch|p1a: Gyarados|Gyarados, M|100\/100|[from] U-turn\n|-ability|p1a: Gyarados|Intimidate|boost\n|-unboost|p2a: Samurott|atk|1\n|\n|upkeep\n|turn|3\n|\n|t:|1701020243\n|move|p2a: Samurott|Ceaseless Edge|p1a: Gyarados\n|-damage|p1a: Gyarados|73\/100\n|-sidestart|p1: Shuichi420|Spikes\n|move|p1a: Gyarados|Dragon Dance|p1a: Gyarados\n|-boost|p1a: Gyarados|atk|1\n|-boost|p1a: Gyarados|spe|1\n|\n|upkeep\n|turn|4\n|\n|t:|1701020248\n|detailschange|p1a: Gyarados|Gyarados-Mega, M\n|-mega|p1a: Gyarados|Gyarados|Gyaradosite\n|-ability|p1a: Gyarados|Mold Breaker\n|move|p1a: Gyarados|Dragon Dance|p1a: Gyarados\n|-boost|p1a: Gyarados|atk|1\n|-boost|p1a: Gyarados|spe|1\n|move|p2a: Samurott|Ceaseless Edge|p1a: Gyarados\n|-resisted|p1a: Gyarados\n|-damage|p1a: Gyarados|62\/100\n|-sidestart|p1: Shuichi420|Spikes\n|\n|upkeep\n|turn|5\n|\n|t:|1701020258\n|move|p1a: Gyarados|Power Whip|p2a: Samurott\n|-supereffective|p2a: Samurott\n|-damage|p2a: Samurott|0 fnt\n|faint|p2a: Samurott\n|\n|upkeep\n|inactive|helloofd has 120 seconds left.\n|\n|t:|1701020297\n|switch|p2a: Gyarados|Gyarados, M|100\/100\n|-damage|p2a: Gyarados|76\/100|[from] Stealth Rock\n|turn|6\n|\n|t:|1701020304\n|move|p1a: Gyarados|Power Whip|p2a: Gyarados|[miss]\n|-miss|p1a: Gyarados|p2a: Gyarados\n|-zpower|p2a: Gyarados\n|move|p2a: Gyarados|Supersonic Skystrike|p1a: Gyarados|[zeffect]\n|-damage|p1a: Gyarados|0 fnt\n|faint|p1a: Gyarados\n|-ability|p2a: Gyarados|Moxie|boost\n|-boost|p2a: Gyarados|atk|1\n|\n|upkeep\n|\n|t:|1701020317\n|switch|p1a: Rillaboom|Rillaboom, F|100\/100\n|-damage|p1a: Rillaboom|76\/100|[from] Spikes\n|-fieldstart|move: Grassy Terrain|[from] ability: Grassy Surge|[of] p1a: Rillaboom\n|turn|7\n|\n|t:|1701020321\n|move|p1a: Rillaboom|Wood Hammer|p2a: Gyarados\n|-damage|p2a: Gyarados|0 fnt\n|faint|p2a: Gyarados\n|-damage|p1a: Rillaboom|52\/100|[from] Recoil\n|\n|-heal|p1a: Rillaboom|58\/100|[from] Grassy Terrain\n|upkeep\n|\n|t:|1701020325\n|switch|p2a: Charizard|Charizard, F|100\/100\n|-damage|p2a: Charizard|51\/100|[from] Stealth Rock\n|turn|8\n|\n|t:|1701020329\n|switch|p1a: Heatran|Heatran, F|100\/100\n|-damage|p1a: Heatran|76\/100|[from] Spikes\n|detailschange|p2a: Charizard|Charizard-Mega-X, F\n|-mega|p2a: Charizard|Charizard|Charizardite X\n|move|p2a: Charizard|Dragon Dance|p2a: Charizard\n|-boost|p2a: Charizard|atk|1\n|-boost|p2a: Charizard|spe|1\n|\n|-heal|p2a: Charizard|57\/100|[from] Grassy Terrain\n|-heal|p1a: Heatran|82\/100|[from] Grassy Terrain\n|-heal|p1a: Heatran|88\/100|[from] item: Leftovers\n|upkeep\n|turn|9\n|\n|t:|1701020344\n|move|p1a: Heatran|Protect|p1a: Heatran\n|-singleturn|p1a: Heatran|Protect\n|move|p2a: Charizard|Earthquake|p1a: Heatran\n|-activate|p1a: Heatran|move: Protect\n|\n|-heal|p2a: Charizard|63\/100|[from] Grassy Terrain\n|-heal|p1a: Heatran|94\/100|[from] Grassy Terrain\n|-heal|p1a: Heatran|100\/100|[from] item: Leftovers\n|upkeep\n|turn|10\n|\n|t:|1701020352\n|-terastallize|p1a: Heatran|Grass\n|move|p2a: Charizard|Earthquake|p1a: Heatran\n|-resisted|p1a: Heatran\n|-damage|p1a: Heatran|90\/100\n|move|p1a: Heatran|Earth Power|p2a: Charizard\n|-supereffective|p2a: Charizard\n|-damage|p2a: Charizard|0 fnt\n|faint|p2a: Charizard\n|\n|-heal|p1a: Heatran|96\/100|[from] Grassy Terrain\n|-heal|p1a: Heatran|100\/100|[from] item: Leftovers\n|upkeep\n|\n|t:|1701020358\n|switch|p2a: Tapu Koko|Tapu Koko|100\/100\n|-damage|p2a: Tapu Koko|88\/100|[from] Stealth Rock\n|-fieldstart|move: Electric Terrain|[from] ability: Electric Surge|[of] p2a: Tapu Koko\n|turn|11\n|\n|t:|1701020363\n|move|p1a: Heatran|Protect|p1a: Heatran\n|-singleturn|p1a: Heatran|Protect\n|move|p2a: Tapu Koko|Light Screen|p2a: Tapu Koko\n|-sidestart|p2: helloofd|move: Light Screen\n|\n|upkeep\n|turn|12\n|\n|t:|1701020370\n|move|p2a: Tapu Koko|Reflect|p2a: Tapu Koko\n|-sidestart|p2: helloofd|Reflect\n|move|p1a: Heatran|Magma Storm|p2a: Tapu Koko\n|-damage|p2a: Tapu Koko|59\/100\n|-activate|p2a: Tapu Koko|move: Magma Storm|[of] p1a: Heatran\n|\n|-damage|p2a: Tapu Koko|46\/100|[from] move: Magma Storm|[partiallytrapped]\n|upkeep\n|turn|13\n|\n|t:|1701020375\n|move|p2a: Tapu Koko|U-turn|p1a: Heatran\n|-supereffective|p1a: Heatran\n|-damage|p1a: Heatran|72\/100\n|\n|t:|1701020384\n|switch|p2a: Greninja|Greninja, M|100\/100|[from] U-turn\n|-damage|p2a: Greninja|88\/100|[from] Stealth Rock\n|move|p1a: Heatran|Toxic|p2a: Greninja\n|-status|p2a: Greninja|tox\n|\n|-heal|p1a: Heatran|78\/100|[from] item: Leftovers\n|-damage|p2a: Greninja|82\/100 tox|[from] psn\n|upkeep\n|turn|14\n|\n|t:|1701020390\n|move|p1a: Heatran|Protect|p1a: Heatran\n|-singleturn|p1a: Heatran|Protect\n|move|p2a: Greninja|Ice Beam|p1a: Heatran\n|-activate|p1a: Heatran|move: Protect\n|\n|-heal|p1a: Heatran|84\/100|[from] item: Leftovers\n|-damage|p2a: Greninja|70\/100 tox|[from] psn\n|upkeep\n|turn|15\n|\n|t:|1701020395\n|move|p2a: Greninja|Dark Pulse|p1a: Heatran\n|-damage|p1a: Heatran|56\/100\n|-damage|p2a: Greninja|60\/100 tox|[from] item: Life Orb\n|move|p1a: Heatran|Magma Storm|p2a: Greninja\n|-resisted|p2a: Greninja\n|-damage|p2a: Greninja|45\/100 tox\n|-activate|p2a: Greninja|move: Magma Storm|[of] p1a: Heatran\n|\n|-heal|p1a: Heatran|62\/100|[from] item: Leftovers\n|-damage|p2a: Greninja|27\/100 tox|[from] psn\n|-damage|p2a: Greninja|15\/100 tox|[from] move: Magma Storm|[partiallytrapped]\n|-fieldend|move: Electric Terrain\n|upkeep\n|turn|16\n|\n|t:|1701020402\n|move|p1a: Heatran|Protect|p1a: Heatran\n|-singleturn|p1a: Heatran|Protect\n|move|p2a: Greninja|Water Shuriken|p1a: Heatran\n|-activate|p1a: Heatran|move: Protect\n|\n|-heal|p1a: Heatran|68\/100|[from] item: Leftovers\n|-damage|p2a: Greninja|0 fnt|[from] psn\n|faint|p2a: Greninja\n|upkeep\n|\n|t:|1701020405\n|switch|p2a: Iron Valiant|Iron Valiant|100\/100\n|-damage|p2a: Iron Valiant|94\/100|[from] Stealth Rock\n|-enditem|p2a: Iron Valiant|Booster Energy\n|-activate|p2a: Iron Valiant|ability: Quark Drive|[fromitem]\n|-start|p2a: Iron Valiant|quarkdrivespe\n|turn|17\n|\n|t:|1701020414\n|move|p2a: Iron Valiant|Calm Mind|p2a: Iron Valiant\n|-boost|p2a: Iron Valiant|spa|1\n|-boost|p2a: Iron Valiant|spd|1\n|move|p1a: Heatran|Magma Storm|p2a: Iron Valiant\n|-damage|p2a: Iron Valiant|70\/100\n|-activate|p2a: Iron Valiant|move: Magma Storm|[of] p1a: Heatran\n|\n|-heal|p1a: Heatran|75\/100|[from] item: Leftovers\n|-damage|p2a: Iron Valiant|57\/100|[from] move: Magma Storm|[partiallytrapped]\n|upkeep\n|turn|18\n|\n|t:|1701020417\n|move|p2a: Iron Valiant|Calm Mind|p2a: Iron Valiant\n|-boost|p2a: Iron Valiant|spa|1\n|-boost|p2a: Iron Valiant|spd|1\n|move|p1a: Heatran|Toxic|p2a: Iron Valiant\n|-status|p2a: Iron Valiant|tox\n|\n|-heal|p1a: Heatran|81\/100|[from] item: Leftovers\n|-damage|p2a: Iron Valiant|51\/100 tox|[from] psn\n|-damage|p2a: Iron Valiant|39\/100 tox|[from] move: Magma Storm|[partiallytrapped]\n|-sideend|p2: helloofd|move: Light Screen\n|upkeep\n|turn|19\n|\n|t:|1701020420\n|move|p1a: Heatran|Protect|p1a: Heatran\n|-singleturn|p1a: Heatran|Protect\n|move|p2a: Iron Valiant|Moonblast|p1a: Heatran\n|-activate|p1a: Heatran|move: Protect\n|\n|-heal|p1a: Heatran|87\/100|[from] item: Leftovers\n|-damage|p2a: Iron Valiant|26\/100 tox|[from] psn\n|-damage|p2a: Iron Valiant|14\/100 tox|[from] move: Magma Storm|[partiallytrapped]\n|-sideend|p2: helloofd|Reflect\n|upkeep\n|turn|20\n|-message|helloofd forfeited.\n|\n|win|Shuichi420\n|raw|Shuichi420's rating: 1547 &rarr; <strong>1565<\/strong><br \/>(+18 for winning)\n|raw|helloofd's rating: 1512 &rarr; <strong>1494<\/strong><br \/>(-18 for losing)\n|l|\u203dhelloofd\n","uploadtime":1701020433,"views":12,"p1id":"shuichi420","p2id":"helloofd","formatid":"gen9nationaldex","rating":1494,"private":0,"password":""}