{"id":"gen9nationaldex-1993057359","p1":"Qwmere","p2":"PPJ66MAS","format":"[Gen 9] National Dex","log":"|j|\u2606Qwmere\n|j|\u2606PPJ66MAS\n|t:|1700259998\n|gametype|singles\n|player|p1|Qwmere|170|1222\n|player|p2|PPJ66MAS|pokemonranger-gen4|1168\n|teamsize|p1|6\n|teamsize|p2|6\n|gen|9\n|tier|[Gen 9] National Dex\n|rated|\n|rule|HP Percentage Mod: HP is shown in percentages\n|rule|Endless Battle Clause: Forcing endless battles is banned\n|rule|OHKO Clause: OHKO moves are banned\n|rule|Evasion Clause: Evasion abilities, items, and moves are banned\n|rule|Evasion Abilities Clause: Evasion abilities are banned\n|rule|Evasion Items Clause: Evasion items are banned\n|rule|Evasion Moves Clause: Evasion moves are banned\n|rule|Species Clause: Limit one of each Pok\u00e9mon\n|rule|Sleep Clause Mod: Limit one foe put to sleep\n|clearpoke\n|poke|p1|Regice|\n|poke|p1|Latias, F|\n|poke|p1|Tapu Koko|\n|poke|p1|Sneasler, F|\n|poke|p1|Skeledirge, M|\n|poke|p1|Gyarados, F|\n|poke|p2|Torterra, M|\n|poke|p2|Drapion, M|\n|poke|p2|Altaria, F|\n|poke|p2|Medicham, M|\n|poke|p2|Lanturn, F|\n|poke|p2|Froslass, F|\n|teampreview\n|inactive|Battle timer is ON: inactive players will automatically lose when time's up. (requested by PPJ66MAS)\n|\n|t:|1700260022\n|start\n|switch|p1a: Regice|Regice|100\/100\n|switch|p2a: Froslass|Froslass, F|100\/100\n|turn|1\n|inactive|PPJ66MAS has 120 seconds left.\n|\n|t:|1700260052\n|move|p2a: Froslass|Trick|p1a: Regice\n|-activate|p2a: Froslass|move: Trick|[of] p1a: Regice\n|-item|p1a: Regice|Choice Specs|[from] move: Trick\n|-item|p2a: Froslass|Assault Vest|[from] move: Trick\n|move|p1a: Regice|Flash Cannon|p2a: Froslass\n|-supereffective|p2a: Froslass\n|-damage|p2a: Froslass|21\/100\n|-unboost|p2a: Froslass|spd|1\n|\n|upkeep\n|turn|2\n|\n|t:|1700260060\n|move|p2a: Froslass|Shadow Ball|p1a: Regice\n|-damage|p1a: Regice|84\/100\n|move|p1a: Regice|Flash Cannon|p2a: Froslass\n|-supereffective|p2a: Froslass\n|-damage|p2a: Froslass|0 fnt\n|faint|p2a: Froslass\n|\n|upkeep\n|\n|t:|1700260065\n|switch|p2a: Torterra|Torterra, M|100\/100\n|turn|3\n|inactive|Qwmere has 120 seconds left.\n|\n|t:|1700260104\n|switch|p1a: Tapu Koko|Tapu Koko|100\/100\n|-fieldstart|move: Electric Terrain|[from] ability: Electric Surge|[of] p1a: Tapu Koko\n|move|p2a: Torterra|Shell Smash|p2a: Torterra\n|-unboost|p2a: Torterra|def|1\n|-unboost|p2a: Torterra|spd|1\n|-boost|p2a: Torterra|atk|2\n|-boost|p2a: Torterra|spa|2\n|-boost|p2a: Torterra|spe|2\n|-enditem|p2a: Torterra|White Herb\n|-clearnegativeboost|p2a: Torterra|[silent]\n|\n|upkeep\n|turn|4\n|c|\u2606Qwmere|oh\n|c|\u2606Qwmere|i see\n|inactive|PPJ66MAS has 120 seconds left.\n|c|\u2606PPJ66MAS|i see as well\n|\n|t:|1700260137\n|-terastallize|p1a: Tapu Koko|Grass\n|move|p2a: Torterra|Earthquake|p1a: Tapu Koko\n|-resisted|p1a: Tapu Koko\n|-crit|p1a: Tapu Koko\n|-damage|p1a: Tapu Koko|0 fnt\n|faint|p1a: Tapu Koko\n|\n|upkeep\n|c|\u2606PPJ66MAS|damn\n|inactive|Qwmere has 120 seconds left.\n|c|\u2606Qwmere|dumb ass crit\n|\n|t:|1700260168\n|switch|p1a: Sneasler|Sneasler, F, shiny|100\/100\n|-enditem|p1a: Sneasler|Electric Seed\n|-boost|p1a: Sneasler|def|1|[from] item: Electric Seed\n|turn|5\n|\n|t:|1700260176\n|move|p1a: Sneasler|Dire Claw|p2a: Torterra\n|-damage|p2a: Torterra|52\/100\n|move|p2a: Torterra|Rock Slide|p1a: Sneasler|[miss]\n|-miss|p2a: Torterra|p1a: Sneasler\n|\n|upkeep\n|turn|6\n|\n|t:|1700260185\n|move|p1a: Sneasler|Close Combat|p2a: Torterra\n|-damage|p2a: Torterra|0 fnt\n|-unboost|p1a: Sneasler|def|1\n|-unboost|p1a: Sneasler|spd|1\n|faint|p2a: Torterra\n|\n|upkeep\n|c|\u2606PPJ66MAS|no tera flying\n|\n|t:|1700260191\n|switch|p2a: Medicham|Medicham, M|100\/100\n|turn|7\n|c|\u2606Qwmere|nope\n|c|\u2606PPJ66MAS|damn\n|c|\u2606Qwmere|tera ice\n|inactive|Qwmere has 120 seconds left.\n|\n|t:|1700260215\n|detailschange|p2a: Medicham|Medicham-Mega, M\n|-mega|p2a: Medicham|Medicham|Medichamite\n|move|p1a: Sneasler|Dire Claw|p2a: Medicham\n|-damage|p2a: Medicham|31\/100\n|move|p2a: Medicham|Zen Headbutt|p1a: Sneasler\n|-supereffective|p1a: Sneasler\n|-damage|p1a: Sneasler|0 fnt\n|faint|p1a: Sneasler\n|\n|-fieldend|move: Electric Terrain\n|upkeep\n|\n|t:|1700260227\n|switch|p1a: Gyarados|Gyarados, F|100\/100\n|turn|8\n|c|\u2606PPJ66MAS|ice this balls in your snealser\n|\n|t:|1700260235\n|move|p2a: Medicham|Zen Headbutt|p1a: Gyarados\n|-damage|p1a: Gyarados|9\/100\n|move|p1a: Gyarados|Dragon Dance|p1a: Gyarados\n|-boost|p1a: Gyarados|atk|1\n|-boost|p1a: Gyarados|spe|1\n|\n|upkeep\n|turn|9\n|c|\u2606Qwmere|true\n|inactive|Qwmere has 120 seconds left.\n|\n|t:|1700260243\n|move|p1a: Gyarados|Scale Shot|p2a: Medicham|[miss]\n|-miss|p1a: Gyarados|p2a: Medicham\n|move|p2a: Medicham|Zen Headbutt|p1a: Gyarados\n|-damage|p1a: Gyarados|0 fnt\n|faint|p1a: Gyarados\n|\n|upkeep\n|inactive|Qwmere has 120 seconds left.\n|c|\u2606Qwmere|yeah gg\n|c|\u2606Qwmere|i just have no luck rn\n|c|\u2606PPJ66MAS|ggs\n|\n|t:|1700260264\n|switch|p1a: Latias|Latias, F, shiny|100\/100\n|turn|10\n|c|\u2606PPJ66MAS|i mean\n|c|\u2606PPJ66MAS|you still have the croc\n|c|\u2606Qwmere|man that niga aint finna do shit lmfao\n|inactive|Qwmere has 90 seconds left.\n|c|\u2606Qwmere|the cro finna get rocked\n|\n|t:|1700260297\n|detailschange|p1a: Latias|Latias-Mega, F, shiny\n|-mega|p1a: Latias|Latias|Latiasite\n|move|p2a: Medicham|Ice Punch|p1a: Latias\n|-supereffective|p1a: Latias\n|-damage|p1a: Latias|52\/100\n|move|p1a: Latias|Psyshock|p2a: Medicham\n|-damage|p2a: Medicham|0 fnt\n|faint|p2a: Medicham\n|\n|upkeep\n|\n|t:|1700260313\n|switch|p2a: Drapion|Drapion, M|100\/100\n|turn|11\n|inactive|Qwmere has 90 seconds left.\n|\n|t:|1700260326\n|switch|p1a: Skeledirge|Skeledirge, M|100\/100\n|-zpower|p2a: Drapion\n|move|p2a: Drapion|Acid Downpour|p1a: Skeledirge|[zeffect]\n|-resisted|p1a: Skeledirge\n|-damage|p1a: Skeledirge|80\/100\n|\n|-heal|p1a: Skeledirge|86\/100|[from] item: Leftovers\n|upkeep\n|turn|12\n|c|\u2606PPJ66MAS|if yo latias can kill my bug\n|\n|t:|1700260338\n|move|p2a: Drapion|Knock Off|p1a: Skeledirge\n|-supereffective|p1a: Skeledirge\n|-damage|p1a: Skeledirge|26\/100\n|-enditem|p1a: Skeledirge|Leftovers|[from] move: Knock Off|[of] p2a: Drapion\n|move|p1a: Skeledirge|Will-O-Wisp|p2a: Drapion|[miss]\n|-miss|p1a: Skeledirge|p2a: Drapion\n|\n|upkeep\n|turn|13\n|c|\u2606Qwmere|like 3 misses\n|\n|t:|1700260350\n|switch|p2a: Lanturn|Lanturn, F|100\/100\n|move|p1a: Skeledirge|Earth Power|p2a: Lanturn\n|-supereffective|p2a: Lanturn\n|-damage|p2a: Lanturn|59\/100\n|\n|-heal|p2a: Lanturn|65\/100|[from] item: Leftovers\n|upkeep\n|turn|14\n|c|\u2606PPJ66MAS|no luck today\n|c|\u2606Qwmere|its bs\n|c|\u2606PPJ66MAS|after that,go sleep bro\n|c|\u2606PPJ66MAS|you need some rest\n|c|\u2606Qwmere|lmfao\n|\n|t:|1700260369\n|move|p2a: Lanturn|Toxic|p1a: Skeledirge\n|-status|p1a: Skeledirge|tox\n|move|p1a: Skeledirge|Earth Power|p2a: Lanturn\n|-supereffective|p2a: Lanturn\n|-damage|p2a: Lanturn|28\/100\n|\n|-heal|p2a: Lanturn|34\/100|[from] item: Leftovers\n|-damage|p1a: Skeledirge|20\/100 tox|[from] psn\n|upkeep\n|turn|15\n|\n|t:|1700260377\n|move|p2a: Lanturn|Scald|p1a: Skeledirge\n|-supereffective|p1a: Skeledirge\n|-damage|p1a: Skeledirge|0 fnt\n|faint|p1a: Skeledirge\n|\n|-heal|p2a: Lanturn|41\/100|[from] item: Leftovers\n|upkeep\n|\n|t:|1700260385\n|switch|p1a: Latias|Latias-Mega, F, shiny|52\/100\n|turn|16\n|\n|t:|1700260390\n|move|p1a: Latias|Dragon Pulse|p2a: Lanturn\n|-damage|p2a: Lanturn|13\/100\n|move|p2a: Lanturn|Toxic|p1a: Latias\n|-status|p1a: Latias|tox\n|\n|-heal|p2a: Lanturn|19\/100|[from] item: Leftovers\n|-damage|p1a: Latias|46\/100 tox|[from] psn\n|upkeep\n|turn|17\n|\n|t:|1700260396\n|move|p1a: Latias|Dragon Pulse|p2a: Lanturn\n|-damage|p2a: Lanturn|0 fnt\n|faint|p2a: Lanturn\n|\n|-damage|p1a: Latias|34\/100 tox|[from] psn\n|upkeep\n|\n|t:|1700260399\n|switch|p2a: Drapion|Drapion, M|100\/100\n|turn|18\n|\n|t:|1700260404\n|move|p2a: Drapion|Knock Off|p1a: Latias\n|-supereffective|p1a: Latias\n|-damage|p1a: Latias|5\/100 tox\n|move|p1a: Latias|Dragon Pulse|p2a: Drapion\n|-damage|p2a: Drapion|36\/100\n|\n|-damage|p1a: Latias|0 fnt|[from] psn\n|faint|p1a: Latias\n|upkeep\n|\n|t:|1700260409\n|switch|p1a: Regice|Regice|84\/100\n|turn|19\n|\n|t:|1700260414\n|move|p2a: Drapion|Knock Off|p1a: Regice\n|-damage|p1a: Regice|47\/100\n|-enditem|p1a: Regice|Choice Specs|[from] move: Knock Off|[of] p2a: Drapion\n|move|p1a: Regice|Ice Beam|p2a: Drapion\n|-damage|p2a: Drapion|0 fnt\n|faint|p2a: Drapion\n|\n|upkeep\n|c|\u2606Qwmere|ggs\n|c|\u2606PPJ66MAS|ggs\n|\n|t:|1700260422\n|switch|p2a: Altaria|Altaria, F|100\/100\n|turn|20\n|c|\u2606PPJ66MAS|i mean\n|c|\u2606Qwmere|nah you oneshot\n|c|\u2606PPJ66MAS|i am a special attacker\n|c|\u2606Qwmere|oh\n|c|\u2606Qwmere|yeah\n|c|\u2606PPJ66MAS|if you survive then i lose\n|c|\u2606Qwmere|maybe\n|\n|t:|1700260452\n|move|p2a: Altaria|Flamethrower|p1a: Regice\n|-supereffective|p1a: Regice\n|-damage|p1a: Regice|12\/100\n|move|p1a: Regice|Ice Beam|p2a: Altaria\n|-supereffective|p2a: Altaria\n|-damage|p2a: Altaria|0 fnt\n|faint|p2a: Altaria\n|\n|win|Qwmere\n|raw|Qwmere's rating: 1222 &rarr; <strong>1244<\/strong><br \/>(+22 for winning)\n|raw|PPJ66MAS's rating: 1186 &rarr; <strong>1164<\/strong><br \/>(-22 for losing)\n","uploadtime":1700260288,"views":6,"p1id":"qwmere","p2id":"ppj66mas","formatid":"gen9nationaldex","rating":1164,"private":0,"password":""}