{"id":"gen9nationaldex-1992358934","p1":"akyraaiko","p2":"AesirEcho","format":"[Gen 9] National Dex","log":"|j|\u2606akyraaiko\n|j|\u2606AesirEcho\n|t:|1700178480\n|gametype|singles\n|player|p1|akyraaiko|266|\n|player|p2|AesirEcho|ethan-masters|\n|teamsize|p1|6\n|teamsize|p2|6\n|gen|9\n|tier|[Gen 9] National Dex\n|rule|HP Percentage Mod: HP is shown in percentages\n|rule|Endless Battle Clause: Forcing endless battles is banned\n|rule|OHKO Clause: OHKO moves are banned\n|rule|Evasion Clause: Evasion abilities, items, and moves are banned\n|rule|Evasion Abilities Clause: Evasion abilities are banned\n|rule|Evasion Items Clause: Evasion items are banned\n|rule|Evasion Moves Clause: Evasion moves are banned\n|rule|Species Clause: Limit one of each Pok\u00e9mon\n|rule|Sleep Clause Mod: Limit one foe put to sleep\n|clearpoke\n|poke|p1|Iron Moth|\n|poke|p1|Zoroark-Hisui, F|\n|poke|p1|Lycanroc-Dusk, F|\n|poke|p1|Urshifu-*, M|\n|poke|p1|Spiritomb, M|\n|poke|p1|Aerodactyl, M|\n|poke|p2|Latios, M|\n|poke|p2|Iron Valiant|\n|poke|p2|Urshifu-*, F|\n|poke|p2|Heatran, F|\n|poke|p2|Ferrothorn, F|\n|poke|p2|Landorus-Therian, M|\n|teampreview\n|\n|t:|1700178488\n|start\n|switch|p1a: Spiri tomba|Spiritomb, M, shiny|100\/100\n|switch|p2a: Urshifu|Urshifu-Rapid-Strike, F|100\/100\n|-ability|p1a: Spiri tomba|Pressure\n|turn|1\n|\n|t:|1700178495\n|move|p2a: Urshifu|Surging Strikes|p1a: Spiri tomba\n|-crit|p1a: Spiri tomba\n|-damage|p1a: Spiri tomba|73\/100\n|-damage|p2a: Urshifu|84\/100|[from] item: Rocky Helmet|[of] p1a: Spiri tomba\n|-crit|p1a: Spiri tomba\n|-damage|p1a: Spiri tomba|45\/100\n|-damage|p2a: Urshifu|68\/100|[from] item: Rocky Helmet|[of] p1a: Spiri tomba\n|-crit|p1a: Spiri tomba\n|-damage|p1a: Spiri tomba|17\/100\n|-damage|p2a: Urshifu|51\/100|[from] item: Rocky Helmet|[of] p1a: Spiri tomba\n|-hitcount|p1a: Spiri tomba|3\n|move|p1a: Spiri tomba|Rest|p1a: Spiri tomba\n|-status|p1a: Spiri tomba|slp|[from] move: Rest\n|-heal|p1a: Spiri tomba|100\/100 slp|[silent]\n|\n|upkeep\n|turn|2\n|\n|t:|1700178507\n|switch|p2a: Clypeus Aureus|Ferrothorn, F, shiny|100\/100\n|cant|p1a: Spiri tomba|slp\n|move|p1a: Spiri tomba|Sleep Talk|p1a: Spiri tomba\n|move|p1a: Spiri tomba|Poltergeist|p2a: Clypeus Aureus|[from]move: Sleep Talk\n|-activate|p2a: Clypeus Aureus|move: Poltergeist|Leftovers\n|-damage|p2a: Clypeus Aureus|72\/100\n|\n|-heal|p2a: Clypeus Aureus|78\/100|[from] item: Leftovers\n|upkeep\n|turn|3\n|\n|t:|1700178524\n|switch|p1a: sol|Iron Moth|100\/100\n|move|p2a: Clypeus Aureus|Stealth Rock|p1a: sol\n|-sidestart|p1: akyraaiko|move: Stealth Rock\n|\n|-heal|p2a: Clypeus Aureus|84\/100|[from] item: Leftovers\n|upkeep\n|turn|4\n|\n|t:|1700178529\n|switch|p2a: Molaris Ira|Heatran, F|100\/100\n|move|p1a: sol|Toxic Spikes|p2a: Molaris Ira\n|-sidestart|p2: AesirEcho|move: Toxic Spikes\n|\n|upkeep\n|turn|5\n|\n|t:|1700178539\n|-end|p1a: sol|Quark Drive|[silent]\n|switch|p1a: roger guedes|Urshifu-Rapid-Strike, M|100\/100\n|-damage|p1a: roger guedes|94\/100|[from] Stealth Rock\n|move|p2a: Molaris Ira|Earth Power|p1a: roger guedes\n|-damage|p1a: roger guedes|54\/100\n|\n|upkeep\n|turn|6\n|\n|t:|1700178547\n|switch|p2a: Fulgur Imperatoris|Latios, M|100\/100\n|move|p1a: roger guedes|Close Combat|p2a: Fulgur Imperatoris\n|-resisted|p2a: Fulgur Imperatoris\n|-damage|p2a: Fulgur Imperatoris|35\/100\n|-unboost|p1a: roger guedes|def|1\n|-unboost|p1a: roger guedes|spd|1\n|\n|upkeep\n|turn|7\n|c|\u2606AesirEcho|Caralho\n|c|\u2606akyraaiko|eita porra\n|\n|t:|1700178567\n|switch|p1a: Spiri tomba|Spiritomb, M, shiny|100\/100 slp\n|-damage|p1a: Spiri tomba|88\/100 slp|[from] Stealth Rock\n|-ability|p1a: Spiri tomba|Pressure\n|detailschange|p2a: Fulgur Imperatoris|Latios-Mega, M\n|-mega|p2a: Fulgur Imperatoris|Latios|Latiosite\n|move|p2a: Fulgur Imperatoris|Psyshock|p1a: Spiri tomba\n|-immune|p1a: Spiri tomba\n|\n|upkeep\n|turn|8\n|c|\u2606AesirEcho|urso de filho da puta\n|c|\u2606akyraaiko|disse o cara com uj\n|c|\u2606akyraaiko|um\n|c|\u2606AesirEcho|KKKKKKKKKKKKK\n|\n|t:|1700178595\n|switch|p2a: Terra Tigris|Landorus-Therian, M|100\/100\n|-ability|p2a: Terra Tigris|Intimidate|boost\n|-unboost|p1a: Spiri tomba|atk|1\n|cant|p1a: Spiri tomba|slp\n|move|p1a: Spiri tomba|Sleep Talk|p1a: Spiri tomba\n|move|p1a: Spiri tomba|Rest||[from]move: Sleep Talk|[still]\n|-fail|p1a: Spiri tomba\n|\n|upkeep\n|turn|9\n|c|\u2606AesirEcho|I forgor\n|\n|t:|1700178603\n|move|p2a: Terra Tigris|Defog|p1a: Spiri tomba\n|-unboost|p1a: Spiri tomba|evasion|1\n|-sideend|p1: akyraaiko|Stealth Rock|[from] move: Defog|[of] p2a: Terra Tigris\n|-sideend|p2: AesirEcho|Toxic Spikes|[from] move: Defog|[of] p2a: Terra Tigris\n|-curestatus|p1a: Spiri tomba|slp|[msg]\n|move|p1a: Spiri tomba|Nasty Plot|p1a: Spiri tomba\n|-boost|p1a: Spiri tomba|spa|2\n|\n|upkeep\n|turn|10\n|\n|t:|1700178610\n|move|p2a: Terra Tigris|Toxic|p1a: Spiri tomba\n|-status|p1a: Spiri tomba|tox\n|move|p1a: Spiri tomba|Poltergeist|p2a: Terra Tigris|[miss]\n|-miss|p1a: Spiri tomba|p2a: Terra Tigris\n|\n|-damage|p1a: Spiri tomba|82\/100 tox|[from] psn\n|upkeep\n|turn|11\n|c|\u2606AesirEcho|t\u00e1 dificil?\n|\n|t:|1700178627\n|move|p2a: Terra Tigris|U-turn|p1a: Spiri tomba\n|-damage|p1a: Spiri tomba|53\/100 tox\n|-damage|p2a: Terra Tigris|84\/100|[from] item: Rocky Helmet|[of] p1a: Spiri tomba\n|\n|t:|1700178630\n|switch|p2a: Clypeus Aureus|Ferrothorn, F, shiny|84\/100|[from] U-turn\n|move|p1a: Spiri tomba|Poltergeist|p2a: Clypeus Aureus\n|-activate|p2a: Clypeus Aureus|move: Poltergeist|Leftovers\n|-damage|p2a: Clypeus Aureus|65\/100\n|\n|-heal|p2a: Clypeus Aureus|72\/100|[from] item: Leftovers\n|-damage|p1a: Spiri tomba|41\/100 tox|[from] psn\n|upkeep\n|turn|12\n|c|\u2606akyraaiko|literalmente muito dificil\n|\n|t:|1700178640\n|switch|p1a: roger guedes|Urshifu-Rapid-Strike, M|100\/100\n|move|p2a: Clypeus Aureus|Stealth Rock|p1a: roger guedes\n|-sidestart|p1: akyraaiko|move: Stealth Rock\n|\n|-heal|p2a: Clypeus Aureus|78\/100|[from] item: Leftovers\n|upkeep\n|turn|13\n|c|\u2606akyraaiko|PORRA MISS CLICK\n|c|\u2606akyraaiko|AL\u00c7KDJKL\u00c7ASJFK\u00c7ASJK\u00c7FJASK\u00c7JF\u00c7S\n|\n|t:|1700178662\n|switch|p2a: Terra Tigris|Landorus-Therian, M|84\/100\n|-ability|p2a: Terra Tigris|Intimidate|boost\n|-unboost|p1a: roger guedes|atk|1\n|move|p1a: roger guedes|Flamethrower|p2a: Terra Tigris\n|-damage|p2a: Terra Tigris|49\/100\n|\n|upkeep\n|turn|14\n|c|\u2606AesirEcho|hmm\n|c|\u2606AesirEcho|urshifu estranho\n|\n|t:|1700178675\n|switch|p2a: Urshifu|Urshifu-Rapid-Strike, F|51\/100\n|move|p1a: roger guedes|Nasty Plot|p1a: roger guedes\n|-boost|p1a: roger guedes|spa|2\n|\n|upkeep\n|turn|15\n|c|\u2606akyraaiko|KKKKKKKKKKKKKKK\n|c|\u2606AesirEcho|porra miss click real\n|\n|t:|1700178689\n|move|p2a: Urshifu|Surging Strikes|p1a: roger guedes\n|-crit|p1a: roger guedes\n|-damage|p1a: roger guedes|56\/100\n|replace|p1a: who?|Zoroark-Hisui, F\n|-end|p1a: who?|Illusion\n|-crit|p1a: who?\n|-damage|p1a: who?|15\/100\n|-crit|p1a: who?\n|-damage|p1a: who?|0 fnt\n|faint|p1a: who?\n|-hitcount|p1: who?|3\n|\n|upkeep\n|\n|t:|1700178696\n|switch|p1a: Spiri tomba|Spiritomb, M, shiny|41\/100 tox\n|-damage|p1a: Spiri tomba|28\/100 tox|[from] Stealth Rock\n|-ability|p1a: Spiri tomba|Pressure\n|turn|16\n|c|\u2606AesirEcho|oh well\n|\n|t:|1700178707\n|switch|p2a: Terra Tigris|Landorus-Therian, M|49\/100\n|-ability|p2a: Terra Tigris|Intimidate|boost\n|-unboost|p1a: Spiri tomba|atk|1\n|move|p1a: Spiri tomba|Poltergeist|p2a: Terra Tigris\n|-activate|p2a: Terra Tigris|move: Poltergeist|Rocky Helmet\n|-damage|p2a: Terra Tigris|25\/100\n|\n|-damage|p1a: Spiri tomba|22\/100 tox|[from] psn\n|upkeep\n|turn|17\n|\n|t:|1700178721\n|move|p2a: Terra Tigris|Earthquake|p1a: Spiri tomba\n|-damage|p1a: Spiri tomba|0 fnt\n|faint|p1a: Spiri tomba\n|\n|upkeep\n|\n|t:|1700178728\n|switch|p1a: sol|Iron Moth|100\/100\n|-damage|p1a: sol|76\/100|[from] Stealth Rock\n|turn|18\n|\n|t:|1700178736\n|move|p1a: sol|Hurricane|p2a: Terra Tigris|[miss]\n|-miss|p1a: sol|p2a: Terra Tigris\n|move|p2a: Terra Tigris|Earthquake|p1a: sol\n|-supereffective|p1a: sol\n|-damage|p1a: sol|0 fnt\n|faint|p1a: sol\n|-end|p1a: sol|Quark Drive|[silent]\n|\n|upkeep\n|c|\u2606akyraaiko|MORRA\n|\n|t:|1700178743\n|switch|p1a: Aerodactyl|Aerodactyl, M|100\/100\n|-damage|p1a: Aerodactyl|76\/100|[from] Stealth Rock\n|turn|19\n|\n|t:|1700178754\n|switch|p2a: Clypeus Aureus|Ferrothorn, F, shiny|78\/100\n|detailschange|p1a: Aerodactyl|Aerodactyl-Mega, M\n|-mega|p1a: Aerodactyl|Aerodactyl|Aerodactylite\n|move|p1a: Aerodactyl|Aqua Tail|p2a: Clypeus Aureus\n|-resisted|p2a: Clypeus Aureus\n|-damage|p2a: Clypeus Aureus|65\/100\n|-damage|p1a: Aerodactyl|63\/100|[from] ability: Iron Barbs|[of] p2a: Clypeus Aureus\n|\n|-heal|p2a: Clypeus Aureus|72\/100|[from] item: Leftovers\n|upkeep\n|turn|20\n|c|\u2606akyraaiko|q porra cara\n|\n|t:|1700178763\n|move|p1a: Aerodactyl|Flamethrower|p2a: Clypeus Aureus\n|-supereffective|p2a: Clypeus Aureus\n|-damage|p2a: Clypeus Aureus|25\/100\n|-status|p2a: Clypeus Aureus|brn\n|move|p2a: Clypeus Aureus|Leech Seed|p1a: Aerodactyl\n|-start|p1a: Aerodactyl|move: Leech Seed\n|\n|-heal|p2a: Clypeus Aureus|31\/100 brn|[from] item: Leftovers\n|-damage|p1a: Aerodactyl|51\/100|[from] Leech Seed|[of] p2a: Clypeus Aureus\n|-heal|p2a: Clypeus Aureus|42\/100 brn|[silent]\n|-damage|p2a: Clypeus Aureus|35\/100 brn|[from] brn\n|upkeep\n|turn|21\n|c|\u2606akyraaiko|vai se fuder\n|c|\u2606AesirEcho|ai \u00e9 foda\n|c|\u2606akyraaiko|aai mimimiimimi\n|\n|t:|1700178785\n|switch|p2a: Fulgur Imperatoris|Latios-Mega, M|35\/100\n|move|p1a: Aerodactyl|Earthquake|p2a: Fulgur Imperatoris\n|-immune|p2a: Fulgur Imperatoris|[from] ability: Levitate\n|\n|-damage|p1a: Aerodactyl|39\/100|[from] Leech Seed|[of] p2a: Fulgur Imperatoris\n|-heal|p2a: Fulgur Imperatoris|47\/100|[silent]\n|upkeep\n|turn|22\n|c|\u2606akyraaiko|FILHO DA PUTA\n|c|\u2606akyraaiko|ACHEI Q IA VIR O OTO\n|c|\u2606AesirEcho|achou q ia acertar o heatran n\u00e9\n|c|\u2606AesirEcho|verme\n|\n|t:|1700178804\n|move|p1a: Aerodactyl|Flamethrower|p2a: Fulgur Imperatoris\n|-resisted|p2a: Fulgur Imperatoris\n|-damage|p2a: Fulgur Imperatoris|40\/100\n|move|p2a: Fulgur Imperatoris|Roost|p2a: Fulgur Imperatoris\n|-heal|p2a: Fulgur Imperatoris|90\/100\n|-singleturn|p2a: Fulgur Imperatoris|move: Roost\n|\n|-damage|p1a: Aerodactyl|26\/100|[from] Leech Seed|[of] p2a: Fulgur Imperatoris\n|-heal|p2a: Fulgur Imperatoris|100\/100|[silent]\n|upkeep\n|turn|23\n|\n|t:|1700178810\n|move|p1a: Aerodactyl|Rock Blast|p2a: Fulgur Imperatoris\n|-damage|p2a: Fulgur Imperatoris|84\/100\n|-damage|p2a: Fulgur Imperatoris|70\/100\n|-damage|p2a: Fulgur Imperatoris|55\/100\n|-damage|p2a: Fulgur Imperatoris|39\/100\n|-damage|p2a: Fulgur Imperatoris|24\/100\n|-hitcount|p2a: Fulgur Imperatoris|5\n|move|p2a: Fulgur Imperatoris|Calm Mind|p2a: Fulgur Imperatoris\n|-boost|p2a: Fulgur Imperatoris|spa|1\n|-boost|p2a: Fulgur Imperatoris|spd|1\n|\n|-damage|p1a: Aerodactyl|14\/100|[from] Leech Seed|[of] p2a: Fulgur Imperatoris\n|-heal|p2a: Fulgur Imperatoris|36\/100|[silent]\n|upkeep\n|turn|24\n|c|\u2606akyraaiko|miss click real agr\n|c|\u2606akyraaiko|kakakakka\n|c|\u2606AesirEcho|fudeu\n|c|\u2606akyraaiko|taquei flametrower\n|\n|t:|1700178822\n|move|p1a: Aerodactyl|Rock Blast|p2a: Fulgur Imperatoris\n|-damage|p2a: Fulgur Imperatoris|20\/100\n|-damage|p2a: Fulgur Imperatoris|6\/100\n|-damage|p2a: Fulgur Imperatoris|0 fnt\n|faint|p2a: Fulgur Imperatoris\n|-hitcount|p2: Fulgur Imperatoris|3\n|\n|upkeep\n|\n|t:|1700178826\n|switch|p2a: Urshifu|Urshifu-Rapid-Strike, F|51\/100\n|turn|25\n|\n|t:|1700178833\n|move|p2a: Urshifu|Surging Strikes|p1a: Aerodactyl\n|-supereffective|p1a: Aerodactyl\n|-crit|p1a: Aerodactyl\n|-damage|p1a: Aerodactyl|0 fnt\n|faint|p1a: Aerodactyl\n|-hitcount|p1: Aerodactyl|1\n|\n|upkeep\n|\n|t:|1700178846\n|switch|p1a: el lobo|Lycanroc-Dusk, F, shiny|100\/100\n|-damage|p1a: el lobo|88\/100|[from] Stealth Rock\n|turn|26\n|\n|t:|1700178851\n|-terastallize|p1a: el lobo|Water\n|move|p2a: Urshifu|Surging Strikes|p1a: el lobo\n|-resisted|p1a: el lobo\n|-crit|p1a: el lobo\n|-damage|p1a: el lobo|72\/100\n|-resisted|p1a: el lobo\n|-crit|p1a: el lobo\n|-damage|p1a: el lobo|57\/100\n|-resisted|p1a: el lobo\n|-crit|p1a: el lobo\n|-damage|p1a: el lobo|40\/100\n|-hitcount|p1a: el lobo|3\n|move|p1a: el lobo|Drill Run|p2a: Urshifu\n|-damage|p2a: Urshifu|7\/100\n|-damage|p1a: el lobo|30\/100|[from] item: Life Orb\n|\n|upkeep\n|turn|27\n|\n|t:|1700178856\n|move|p1a: el lobo|Accelerock|p2a: Urshifu\n|-resisted|p2a: Urshifu\n|-damage|p2a: Urshifu|0 fnt\n|faint|p2a: Urshifu\n|-damage|p1a: el lobo|20\/100|[from] item: Life Orb\n|\n|upkeep\n|c|\u2606akyraaiko|FALA DO LOBO\n|c|\u2606akyraaiko|PUTA Q PARIU\n|\n|t:|1700178862\n|switch|p2a: Lunae Bellator|Iron Valiant, shiny|100\/100\n|-enditem|p2a: Lunae Bellator|Booster Energy\n|-activate|p2a: Lunae Bellator|ability: Quark Drive|[fromitem]\n|-start|p2a: Lunae Bellator|quarkdrivespe\n|turn|28\n|c|\u2606akyraaiko|vou salvar o replay por causa dele\n|c|\u2606akyraaiko|eu amo meu lobo\n|c|\u2606akyraaiko|nunca sair\u00e1 do meu time\n|c|\u2606AesirEcho|lobo \u00e9 o animal favorito da let\u00edcia em\n|\n|t:|1700178886\n|move|p1a: el lobo|Accelerock|p2a: Lunae Bellator\n|-resisted|p2a: Lunae Bellator\n|-damage|p2a: Lunae Bellator|79\/100\n|-damage|p1a: el lobo|10\/100|[from] item: Life Orb\n|move|p2a: Lunae Bellator|Thunderbolt|p1a: el lobo\n|-supereffective|p1a: el lobo\n|-damage|p1a: el lobo|0 fnt\n|faint|p1a: el lobo\n|\n|upkeep\n|\n|t:|1700178889\n|switch|p1a: roger guedes|Urshifu-Rapid-Strike, M|54\/100\n|-damage|p1a: roger guedes|48\/100|[from] Stealth Rock\n|turn|29\n|c|\u2606AesirEcho|gg\n|\n|t:|1700178897\n|move|p2a: Lunae Bellator|Moonblast|p1a: roger guedes\n|-supereffective|p1a: roger guedes\n|-damage|p1a: roger guedes|0 fnt\n|faint|p1a: roger guedes\n|\n|win|AesirEcho\n|c|\u2606akyraaiko|gg\n","uploadtime":1700178902,"views":10,"p1id":"akyraaiko","p2id":"aesirecho","formatid":"gen9nationaldex","rating":0,"private":0,"password":""}