{"id":"gen9nationaldex-1987286748","p1":"Dinumata","p2":"Theherod","format":"[Gen 9] National Dex","log":"|j|\u2606Dinumata\n|j|\u2606Theherod\n|t:|1699573336\n|gametype|singles\n|player|p1|Dinumata|red|\n|player|p2|Theherod|1|\n|teamsize|p1|6\n|teamsize|p2|6\n|gen|9\n|tier|[Gen 9] National Dex\n|rule|HP Percentage Mod: HP is shown in percentages\n|rule|Endless Battle Clause: Forcing endless battles is banned\n|rule|OHKO Clause: OHKO moves are banned\n|rule|Evasion Clause: Evasion abilities, items, and moves are banned\n|rule|Evasion Abilities Clause: Evasion abilities are banned\n|rule|Evasion Items Clause: Evasion items are banned\n|rule|Evasion Moves Clause: Evasion moves are banned\n|rule|Species Clause: Limit one of each Pok\u00e9mon\n|rule|Sleep Clause Mod: Limit one foe put to sleep\n|clearpoke\n|poke|p1|Lopunny, F|\n|poke|p1|Nihilego|\n|poke|p1|Goodra-Hisui, M|\n|poke|p1|Typhlosion, M|\n|poke|p1|Corviknight, F|\n|poke|p1|Kleavor, F|\n|poke|p2|Venusaur, F|\n|poke|p2|Deoxys-Defense|\n|poke|p2|Celesteela|\n|poke|p2|Salamence, M|\n|poke|p2|Snorlax, F|\n|poke|p2|Starmie|\n|teampreview\n|\n|t:|1699573356\n|start\n|switch|p1a: Nihilego|Nihilego|100\/100\n|switch|p2a: Snorlax|Snorlax, F, shiny|100\/100\n|turn|1\n|\n|t:|1699573368\n|switch|p1a: Kleavor|Kleavor, F|100\/100\n|move|p2a: Snorlax|Body Press|p1a: Kleavor\n|-damage|p1a: Kleavor|73\/100\n|\n|upkeep\n|turn|2\n|\n|t:|1699573376\n|move|p1a: Kleavor|Close Combat|p2a: Snorlax\n|-supereffective|p2a: Snorlax\n|-damage|p2a: Snorlax|43\/100\n|-unboost|p1a: Kleavor|def|1\n|-unboost|p1a: Kleavor|spd|1\n|-damage|p1a: Kleavor|57\/100|[from] item: Rocky Helmet|[of] p2a: Snorlax\n|move|p2a: Snorlax|Ice Punch|p1a: Kleavor\n|-damage|p1a: Kleavor|13\/100\n|\n|upkeep\n|turn|3\n|\n|t:|1699573416\n|switch|p2a: Celesteela|Celesteela|100\/100\n|move|p1a: Kleavor|Close Combat|p2a: Celesteela\n|-damage|p2a: Celesteela|69\/100\n|-unboost|p1a: Kleavor|def|1\n|-unboost|p1a: Kleavor|spd|1\n|-damage|p1a: Kleavor|0 fnt|[from] item: Rocky Helmet|[of] p2a: Celesteela\n|faint|p1a: Kleavor\n|\n|upkeep\n|\n|t:|1699573428\n|switch|p1a: Typhlosion|Typhlosion, M|100\/100\n|turn|4\n|\n|t:|1699573440\n|-terastallize|p2a: Celesteela|Fire\n|move|p1a: Typhlosion|Eruption|p2a: Celesteela\n|-resisted|p2a: Celesteela\n|-damage|p2a: Celesteela|38\/100\n|move|p2a: Celesteela|Earthquake|p1a: Typhlosion\n|-supereffective|p1a: Typhlosion\n|-damage|p1a: Typhlosion|19\/100\n|\n|upkeep\n|turn|5\n|\n|t:|1699573451\n|switch|p1a: Corviknight|Corviknight, F|100\/100\n|-ability|p1a: Corviknight|Pressure\n|move|p2a: Celesteela|Earthquake|p1a: Corviknight\n|-immune|p1a: Corviknight\n|\n|upkeep\n|turn|6\n|\n|t:|1699573466\n|switch|p2a: Deoxys|Deoxys-Defense|100\/100\n|-ability|p2a: Deoxys|Pressure\n|move|p1a: Corviknight|Iron Defense|p1a: Corviknight\n|-boost|p1a: Corviknight|def|2\n|\n|upkeep\n|turn|7\n|\n|t:|1699573499\n|move|p2a: Deoxys|Reflect|p2a: Deoxys\n|-sidestart|p2: Theherod|Reflect\n|move|p1a: Corviknight|Body Press|p2a: Deoxys\n|-resisted|p2a: Deoxys\n|-damage|p2a: Deoxys|91\/100\n|\n|-heal|p2a: Deoxys|97\/100|[from] item: Leftovers\n|upkeep\n|turn|8\n|\n|t:|1699573509\n|move|p2a: Deoxys|Hidden Power|p1a: Corviknight\n|-damage|p1a: Corviknight|88\/100\n|move|p1a: Corviknight|Iron Defense|p1a: Corviknight\n|-boost|p1a: Corviknight|def|2\n|\n|-heal|p2a: Deoxys|100\/100|[from] item: Leftovers\n|upkeep\n|turn|9\n|\n|t:|1699573526\n|switch|p2a: Starmie|Starmie, shiny|100\/100\n|move|p1a: Corviknight|Body Press|p2a: Starmie\n|-resisted|p2a: Starmie\n|-damage|p2a: Starmie|73\/100\n|\n|upkeep\n|turn|10\n|\n|t:|1699573540\n|move|p2a: Starmie|Hidden Power|p1a: Corviknight\n|-supereffective|p1a: Corviknight\n|-damage|p1a: Corviknight|43\/100\n|-damage|p2a: Starmie|63\/100|[from] item: Life Orb\n|move|p1a: Corviknight|Body Press|p2a: Starmie\n|-resisted|p2a: Starmie\n|-damage|p2a: Starmie|37\/100\n|\n|upkeep\n|turn|11\n|\n|t:|1699573558\n|-terastallize|p1a: Corviknight|Dragon\n|move|p2a: Starmie|Recover|p2a: Starmie\n|-heal|p2a: Starmie|87\/100\n|move|p1a: Corviknight|Roost|p1a: Corviknight\n|-heal|p1a: Corviknight|93\/100\n|\n|-sideend|p2: Theherod|Reflect\n|upkeep\n|turn|12\n|\n|t:|1699573576\n|move|p2a: Starmie|Hidden Power|p1a: Corviknight\n|-resisted|p1a: Corviknight\n|-damage|p1a: Corviknight|81\/100\n|-damage|p2a: Starmie|77\/100|[from] item: Life Orb\n|move|p1a: Corviknight|Iron Defense|p1a: Corviknight\n|-boost|p1a: Corviknight|def|2\n|\n|upkeep\n|turn|13\n|\n|t:|1699573591\n|move|p2a: Starmie|Scald|p1a: Corviknight\n|-resisted|p1a: Corviknight\n|-crit|p1a: Corviknight\n|-damage|p1a: Corviknight|46\/100\n|-damage|p2a: Starmie|67\/100|[from] item: Life Orb\n|move|p1a: Corviknight|Body Press|p2a: Starmie\n|-resisted|p2a: Starmie\n|-damage|p2a: Starmie|0 fnt\n|faint|p2a: Starmie\n|\n|upkeep\n|\n|t:|1699573605\n|switch|p2a: Snorlax|Snorlax, F, shiny|43\/100\n|turn|14\n|\n|t:|1699573611\n|move|p1a: Corviknight|Body Press|p2a: Snorlax\n|-supereffective|p2a: Snorlax\n|-damage|p2a: Snorlax|0 fnt\n|-damage|p1a: Corviknight|30\/100|[from] item: Rocky Helmet|[of] p2a: Snorlax\n|faint|p2a: Snorlax\n|\n|upkeep\n|\n|t:|1699573644\n|switch|p2a: Deoxys|Deoxys-Defense|100\/100\n|-ability|p2a: Deoxys|Pressure\n|turn|15\n|\n|t:|1699573652\n|move|p2a: Deoxys|Hidden Power|p1a: Corviknight\n|-supereffective|p1a: Corviknight\n|-damage|p1a: Corviknight|7\/100\n|move|p1a: Corviknight|Roost|p1a: Corviknight\n|-heal|p1a: Corviknight|57\/100\n|\n|upkeep\n|turn|16\n|\n|t:|1699573662\n|move|p2a: Deoxys|Reflect|p2a: Deoxys\n|-sidestart|p2: Theherod|Reflect\n|move|p1a: Corviknight|Roost|p1a: Corviknight\n|-heal|p1a: Corviknight|100\/100\n|\n|upkeep\n|turn|17\n|\n|t:|1699573669\n|move|p2a: Deoxys|Hidden Power|p1a: Corviknight\n|-supereffective|p1a: Corviknight\n|-damage|p1a: Corviknight|77\/100\n|move|p1a: Corviknight|Body Press|p2a: Deoxys\n|-resisted|p2a: Deoxys\n|-damage|p2a: Deoxys|80\/100\n|\n|-heal|p2a: Deoxys|86\/100|[from] item: Leftovers\n|upkeep\n|turn|18\n|\n|t:|1699573679\n|move|p2a: Deoxys|Hidden Power|p1a: Corviknight\n|-supereffective|p1a: Corviknight\n|-damage|p1a: Corviknight|52\/100\n|move|p1a: Corviknight|Body Press|p2a: Deoxys\n|-resisted|p2a: Deoxys\n|-damage|p2a: Deoxys|68\/100\n|\n|-heal|p2a: Deoxys|74\/100|[from] item: Leftovers\n|upkeep\n|turn|19\n|\n|t:|1699573689\n|move|p2a: Deoxys|Hidden Power|p1a: Corviknight\n|-supereffective|p1a: Corviknight\n|-damage|p1a: Corviknight|31\/100\n|move|p1a: Corviknight|Roost|p1a: Corviknight\n|-heal|p1a: Corviknight|81\/100\n|\n|-heal|p2a: Deoxys|80\/100|[from] item: Leftovers\n|upkeep\n|turn|20\n|\n|t:|1699573699\n|move|p2a: Deoxys|Hidden Power|p1a: Corviknight\n|-supereffective|p1a: Corviknight\n|-damage|p1a: Corviknight|59\/100\n|move|p1a: Corviknight|Body Press|p2a: Deoxys\n|-resisted|p2a: Deoxys\n|-damage|p2a: Deoxys|62\/100\n|\n|-heal|p2a: Deoxys|68\/100|[from] item: Leftovers\n|-sideend|p2: Theherod|Reflect\n|upkeep\n|turn|21\n|\n|t:|1699573715\n|move|p2a: Deoxys|Reflect|p2a: Deoxys\n|-sidestart|p2: Theherod|Reflect\n|move|p1a: Corviknight|Body Press|p2a: Deoxys\n|-resisted|p2a: Deoxys\n|-damage|p2a: Deoxys|49\/100\n|\n|-heal|p2a: Deoxys|56\/100|[from] item: Leftovers\n|upkeep\n|turn|22\n|\n|t:|1699573729\n|move|p2a: Deoxys|Hidden Power|p1a: Corviknight\n|-supereffective|p1a: Corviknight\n|-damage|p1a: Corviknight|35\/100\n|move|p1a: Corviknight|Body Press|p2a: Deoxys\n|-resisted|p2a: Deoxys\n|-crit|p2a: Deoxys\n|-damage|p2a: Deoxys|0 fnt\n|faint|p2a: Deoxys\n|\n|upkeep\n|\n|t:|1699573747\n|switch|p2a: Salamence|Salamence, M, shiny|100\/100\n|-ability|p2a: Salamence|Intimidate|boost\n|-unboost|p1a: Corviknight|atk|1\n|turn|23\n|\n|t:|1699573782\n|move|p2a: Salamence|Dragon Dance|p2a: Salamence\n|-boost|p2a: Salamence|atk|1\n|-boost|p2a: Salamence|spe|1\n|move|p1a: Corviknight|Defog|p2a: Salamence\n|-unboost|p2a: Salamence|evasion|1\n|-sideend|p2: Theherod|Reflect\n|\n|upkeep\n|turn|24\n|\n|t:|1699573802\n|switch|p1a: Typhlosion|Typhlosion, M|19\/100\n|move|p2a: Salamence|Dragon Dance|p2a: Salamence\n|-boost|p2a: Salamence|atk|1\n|-boost|p2a: Salamence|spe|1\n|\n|upkeep\n|turn|25\n|\n|t:|1699573812\n|move|p2a: Salamence|Earthquake|p1a: Typhlosion\n|-supereffective|p1a: Typhlosion\n|-damage|p1a: Typhlosion|0 fnt\n|faint|p1a: Typhlosion\n|-damage|p2a: Salamence|91\/100|[from] item: Life Orb\n|\n|upkeep\n|\n|t:|1699573821\n|switch|p1a: Lopunny|Lopunny, F|100\/100\n|turn|26\n|\n|t:|1699573827\n|detailschange|p1a: Lopunny|Lopunny-Mega, F\n|-mega|p1a: Lopunny|Lopunny|Lopunnite\n|move|p1a: Lopunny|Fake Out|p2a: Salamence\n|-damage|p2a: Salamence|66\/100\n|cant|p2a: Salamence|flinch\n|\n|upkeep\n|turn|27\n|\n|t:|1699573835\n|switch|p1a: Corviknight|Corviknight, F, tera:Dragon|35\/100\n|-ability|p1a: Corviknight|Pressure\n|move|p2a: Salamence|Earthquake|p1a: Corviknight\n|-damage|p1a: Corviknight|0 fnt\n|faint|p1a: Corviknight\n|-damage|p2a: Salamence|56\/100|[from] item: Life Orb\n|\n|upkeep\n|\n|t:|1699573848\n|switch|p1a: Nihilego|Nihilego|100\/100\n|turn|28\n|\n|t:|1699573852\n|move|p2a: Salamence|Earthquake|p1a: Nihilego\n|-supereffective|p1a: Nihilego\n|-enditem|p1a: Nihilego|Focus Sash\n|-damage|p1a: Nihilego|1\/100\n|-damage|p2a: Salamence|46\/100|[from] item: Life Orb\n|move|p1a: Nihilego|Thunderbolt|p2a: Salamence\n|-damage|p2a: Salamence|12\/100\n|\n|upkeep\n|turn|29\n|\n|t:|1699573863\n|move|p2a: Salamence|Earthquake|p1a: Nihilego\n|-supereffective|p1a: Nihilego\n|-crit|p1a: Nihilego\n|-damage|p1a: Nihilego|0 fnt\n|faint|p1a: Nihilego\n|-damage|p2a: Salamence|2\/100|[from] item: Life Orb\n|\n|upkeep\n|\n|t:|1699573865\n|switch|p1a: Goodra|Goodra-Hisui, M|100\/100\n|turn|30\n|\n|t:|1699573879\n|move|p2a: Salamence|Earthquake|p1a: Goodra\n|-supereffective|p1a: Goodra\n|-enditem|p1a: Goodra|Focus Sash\n|-damage|p1a: Goodra|1\/100\n|-damage|p2a: Salamence|0 fnt|[from] item: Life Orb\n|faint|p2a: Salamence\n|move|p1a: Goodra|Ice Beam|p2: Salamence|[notarget]\n|-fail|p1a: Goodra\n|\n|upkeep\n|\n|t:|1699573888\n|switch|p2a: Celesteela|Celesteela, tera:Fire|38\/100\n|turn|31\n|\n|t:|1699573894\n|move|p2a: Celesteela|Air Slash|p1a: Goodra\n|-resisted|p1a: Goodra\n|-damage|p1a: Goodra|0 fnt\n|faint|p1a: Goodra\n|-ability|p2a: Celesteela|Beast Boost|boost\n|-boost|p2a: Celesteela|def|1\n|\n|upkeep\n|\n|t:|1699573896\n|switch|p1a: Lopunny|Lopunny-Mega, F|100\/100\n|turn|32\n|\n|t:|1699573914\n|move|p1a: Lopunny|Fake Out|p2a: Celesteela\n|-damage|p2a: Celesteela|27\/100\n|-damage|p1a: Lopunny|84\/100|[from] item: Rocky Helmet|[of] p2a: Celesteela\n|cant|p2a: Celesteela|flinch\n|\n|upkeep\n|turn|33\n|\n|t:|1699573921\n|move|p1a: Lopunny|Close Combat|p2a: Celesteela\n|-damage|p2a: Celesteela|0 fnt\n|-unboost|p1a: Lopunny|def|1\n|-unboost|p1a: Lopunny|spd|1\n|-damage|p1a: Lopunny|67\/100|[from] item: Rocky Helmet|[of] p2a: Celesteela\n|faint|p2a: Celesteela\n|\n|upkeep\n|\n|t:|1699573928\n|switch|p2a: Venusaur|Venusaur, F, shiny|100\/100\n|turn|34\n|\n|t:|1699573938\n|detailschange|p2a: Venusaur|Venusaur-Mega, F, shiny\n|-mega|p2a: Venusaur|Venusaur|Venusaurite\n|move|p1a: Lopunny|U-turn|p2a: Venusaur\n|-damage|p2a: Venusaur|79\/100\n|move|p2a: Venusaur|Energy Ball|p1a: Lopunny\n|-damage|p1a: Lopunny|0 fnt\n|faint|p1a: Lopunny\n|\n|win|Theherod\n","uploadtime":1699573967,"views":28,"p1id":"dinumata","p2id":"theherod","formatid":"gen9nationaldex","rating":0,"private":0,"password":""}