{"id":"gen9nationaldex-1994208882","p1":"V0IDSTARRR","p2":"Jhimi","format":"[Gen 9] National Dex","log":"|j|\u2606V0IDSTARRR\n|j|\u2606Jhimi\n|t:|1700419115\n|gametype|singles\n|player|p1|V0IDSTARRR|266|1159\n|player|p2|Jhimi|hiker-gen4|1224\n|teamsize|p1|6\n|teamsize|p2|6\n|gen|9\n|tier|[Gen 9] National Dex\n|rated|\n|rule|HP Percentage Mod: HP is shown in percentages\n|rule|Endless Battle Clause: Forcing endless battles is banned\n|rule|OHKO Clause: OHKO moves are banned\n|rule|Evasion Clause: Evasion abilities, items, and moves are banned\n|rule|Evasion Abilities Clause: Evasion abilities are banned\n|rule|Evasion Items Clause: Evasion items are banned\n|rule|Evasion Moves Clause: Evasion moves are banned\n|rule|Species Clause: Limit one of each Pok\u00e9mon\n|rule|Sleep Clause Mod: Limit one foe put to sleep\n|clearpoke\n|poke|p1|Beedrill, F|\n|poke|p1|Tapu Lele|\n|poke|p1|Espeon, F|\n|poke|p1|Grimmsnarl, M|\n|poke|p1|Garchomp, M|\n|poke|p1|Indeedee, M|\n|poke|p2|Emboar, M|\n|poke|p2|Dachsbun, F|\n|poke|p2|Weavile, F|\n|poke|p2|Mandibuzz, F|\n|poke|p2|Magnezone|\n|poke|p2|Azumarill, F|\n|teampreview\n|inactive|Battle timer is ON: inactive players will automatically lose when time's up. (requested by Jhimi)\n|\n|t:|1700419132\n|start\n|switch|p1a: Beedrill|Beedrill, F|100\/100\n|switch|p2a: Weavile|Weavile, F|100\/100\n|-ability|p2a: Weavile|Pressure\n|turn|1\n|\n|t:|1700419157\n|detailschange|p1a: Beedrill|Beedrill-Mega, F\n|-mega|p1a: Beedrill|Beedrill|Beedrillite\n|move|p1a: Beedrill|U-turn|p2a: Weavile\n|-supereffective|p2a: Weavile\n|-enditem|p2a: Weavile|Focus Sash\n|-damage|p2a: Weavile|1\/100\n|\n|t:|1700419171\n|switch|p1a: Espeon|Espeon, F|100\/100|[from] U-turn\n|move|p2a: Weavile|Triple Axel|p1a: Espeon\n|-damage|p1a: Espeon|83\/100\n|-damage|p1a: Espeon|44\/100\n|-damage|p1a: Espeon|0 fnt\n|faint|p1a: Espeon\n|-hitcount|p1: Espeon|3\n|\n|upkeep\n|\n|t:|1700419182\n|switch|p1a: Beedrill|Beedrill-Mega, F|100\/100\n|turn|2\n|\n|t:|1700419195\n|move|p2a: Weavile|Ice Shard|p1a: Beedrill\n|-damage|p1a: Beedrill|51\/100\n|move|p1a: Beedrill|U-turn|p2a: Weavile\n|-supereffective|p2a: Weavile\n|-damage|p2a: Weavile|0 fnt\n|faint|p2a: Weavile\n|\n|t:|1700419199\n|switch|p1a: Grimmsnarl|Grimmsnarl, M|100\/100|[from] U-turn\n|\n|upkeep\n|\n|t:|1700419215\n|switch|p2a: Magnezone|Magnezone|100\/100\n|-item|p2a: Magnezone|Air Balloon\n|turn|3\n|\n|t:|1700419231\n|move|p1a: Grimmsnarl|Parting Shot|p2a: Magnezone\n|-unboost|p2a: Magnezone|atk|1\n|-unboost|p2a: Magnezone|spa|1\n|\n|t:|1700419237\n|switch|p1a: Indeedee|Indeedee, M|100\/100|[from] Parting Shot\n|-fieldstart|move: Psychic Terrain|[from] ability: Psychic Surge|[of] p1a: Indeedee\n|move|p2a: Magnezone|Flash Cannon|p1a: Indeedee\n|-damage|p1a: Indeedee|58\/100\n|\n|upkeep\n|turn|4\n|\n|t:|1700419247\n|switch|p2a: Mandibuzz|Mandibuzz, F|100\/100\n|move|p1a: Indeedee|Mystical Fire|p2a: Mandibuzz\n|-damage|p2a: Mandibuzz|79\/100\n|-unboost|p2a: Mandibuzz|spa|1\n|\n|upkeep\n|turn|5\n|\n|t:|1700419261\n|switch|p1a: Grimmsnarl|Grimmsnarl, M|100\/100\n|move|p2a: Mandibuzz|Knock Off|p1a: Grimmsnarl\n|-resisted|p1a: Grimmsnarl\n|-damage|p1a: Grimmsnarl|95\/100\n|-enditem|p1a: Grimmsnarl|Light Clay|[from] move: Knock Off|[of] p2a: Mandibuzz\n|\n|upkeep\n|turn|6\n|\n|t:|1700419274\n|move|p1a: Grimmsnarl|Light Screen|p1a: Grimmsnarl\n|-sidestart|p1: V0IDSTARRR|move: Light Screen\n|move|p2a: Mandibuzz|Toxic|p1a: Grimmsnarl\n|-status|p1a: Grimmsnarl|tox\n|\n|-damage|p1a: Grimmsnarl|89\/100 tox|[from] psn\n|upkeep\n|turn|7\n|\n|t:|1700419284\n|move|p2a: Mandibuzz|Roost|p2a: Mandibuzz\n|-heal|p2a: Mandibuzz|100\/100\n|-singleturn|p2a: Mandibuzz|move: Roost\n|move|p1a: Grimmsnarl|Spirit Break|p2a: Mandibuzz\n|-supereffective|p2a: Mandibuzz\n|-damage|p2a: Mandibuzz|65\/100\n|-unboost|p2a: Mandibuzz|spa|1\n|\n|-damage|p1a: Grimmsnarl|77\/100 tox|[from] psn\n|-fieldend|move: Psychic Terrain\n|upkeep\n|turn|8\n|\n|t:|1700419298\n|move|p1a: Grimmsnarl|Reflect|p1a: Grimmsnarl\n|-sidestart|p1: V0IDSTARRR|Reflect\n|move|p2a: Mandibuzz|Knock Off|p1a: Grimmsnarl\n|-resisted|p1a: Grimmsnarl\n|-damage|p1a: Grimmsnarl|76\/100 tox\n|\n|-damage|p1a: Grimmsnarl|57\/100 tox|[from] psn\n|upkeep\n|turn|9\n|\n|t:|1700419306\n|switch|p1a: Beedrill|Beedrill-Mega, F|51\/100\n|move|p2a: Mandibuzz|Roost|p2a: Mandibuzz\n|-heal|p2a: Mandibuzz|100\/100\n|-singleturn|p2a: Mandibuzz|move: Roost\n|\n|upkeep\n|turn|10\n|\n|t:|1700419319\n|move|p1a: Beedrill|U-turn|p2a: Mandibuzz\n|-damage|p2a: Mandibuzz|72\/100\n|\n|t:|1700419324\n|switch|p1a: Garchomp|Garchomp, M|100\/100|[from] U-turn\n|move|p2a: Mandibuzz|U-turn|p1a: Garchomp\n|-damage|p1a: Garchomp|95\/100\n|-damage|p2a: Mandibuzz|59\/100|[from] ability: Rough Skin|[of] p1a: Garchomp\n|\n|t:|1700419336\n|switch|p2a: Dachsbun|Dachsbun, F|100\/100|[from] U-turn\n|\n|-sideend|p1: V0IDSTARRR|move: Light Screen\n|upkeep\n|turn|11\n|\n|t:|1700419353\n|move|p1a: Garchomp|Swords Dance|p1a: Garchomp\n|-boost|p1a: Garchomp|atk|2\n|move|p2a: Dachsbun|Charm|p1a: Garchomp\n|-unboost|p1a: Garchomp|atk|2\n|\n|upkeep\n|turn|12\n|\n|t:|1700419362\n|move|p1a: Garchomp|Swords Dance|p1a: Garchomp\n|-boost|p1a: Garchomp|atk|2\n|move|p2a: Dachsbun|Charm|p1a: Garchomp\n|-unboost|p1a: Garchomp|atk|2\n|\n|-sideend|p1: V0IDSTARRR|Reflect\n|upkeep\n|turn|13\n|\n|t:|1700419370\n|switch|p1a: Tapu Lele|Tapu Lele, shiny|100\/100\n|-fieldstart|move: Psychic Terrain|[from] ability: Psychic Surge|[of] p1a: Tapu Lele\n|move|p2a: Dachsbun|Play Rough|p1a: Tapu Lele\n|-damage|p1a: Tapu Lele|62\/100\n|-enditem|p1a: Tapu Lele|Eject Button\n|\n|t:|1700419373\n|switch|p1a: Grimmsnarl|Grimmsnarl, M|57\/100 tox\n|\n|-damage|p1a: Grimmsnarl|51\/100 tox|[from] psn\n|upkeep\n|turn|14\n|\n|t:|1700419393\n|move|p1a: Grimmsnarl|Reflect|p1a: Grimmsnarl\n|-sidestart|p1: V0IDSTARRR|Reflect\n|move|p2a: Dachsbun|Play Rough|p1a: Grimmsnarl\n|-supereffective|p1a: Grimmsnarl\n|-damage|p1a: Grimmsnarl|29\/100 tox\n|\n|-damage|p1a: Grimmsnarl|17\/100 tox|[from] psn\n|upkeep\n|turn|15\n|\n|t:|1700419404\n|move|p1a: Grimmsnarl|Parting Shot|p2a: Dachsbun\n|-activate|p2a: Dachsbun|move: Psychic Terrain\n|move|p2a: Dachsbun|Play Rough|p1a: Grimmsnarl\n|-supereffective|p1a: Grimmsnarl\n|-damage|p1a: Grimmsnarl|0 fnt\n|faint|p1a: Grimmsnarl\n|\n|upkeep\n|\n|t:|1700419409\n|switch|p1a: Indeedee|Indeedee, M|58\/100\n|turn|16\n|\n|t:|1700419423\n|move|p1a: Indeedee|Expanding Force|p2a: Dachsbun\n|-damage|p2a: Dachsbun|8\/100\n|move|p2a: Dachsbun|Play Rough|p1a: Indeedee\n|-damage|p1a: Indeedee|28\/100\n|\n|-heal|p2a: Dachsbun|14\/100|[from] item: Leftovers\n|upkeep\n|turn|17\n|\n|t:|1700419432\n|switch|p1a: Beedrill|Beedrill-Mega, F|51\/100\n|move|p2a: Dachsbun|Protect||[still]\n|-fail|p2a: Dachsbun\n|\n|-heal|p2a: Dachsbun|20\/100|[from] item: Leftovers\n|-fieldend|move: Psychic Terrain\n|upkeep\n|turn|18\n|\n|t:|1700419442\n|switch|p2a: Magnezone|Magnezone|100\/100\n|-item|p2a: Magnezone|Air Balloon\n|move|p1a: Beedrill|Poison Jab|p2a: Magnezone\n|-immune|p2a: Magnezone\n|\n|-sideend|p1: V0IDSTARRR|Reflect\n|upkeep\n|turn|19\n|\n|t:|1700419453\n|move|p1a: Beedrill|U-turn|p2a: Magnezone\n|-resisted|p2a: Magnezone\n|-damage|p2a: Magnezone|76\/100\n|-enditem|p2a: Magnezone|Air Balloon\n|\n|t:|1700419461\n|switch|p1a: Tapu Lele|Tapu Lele, shiny|62\/100|[from] U-turn\n|-fieldstart|move: Psychic Terrain|[from] ability: Psychic Surge|[of] p1a: Tapu Lele\n|move|p2a: Magnezone|Flash Cannon|p1a: Tapu Lele\n|-supereffective|p1a: Tapu Lele\n|-damage|p1a: Tapu Lele|0 fnt\n|faint|p1a: Tapu Lele\n|\n|upkeep\n|\n|t:|1700419462\n|switch|p1a: Garchomp|Garchomp, M|95\/100\n|turn|20\n|\n|t:|1700419485\n|-terastallize|p2a: Magnezone|Flying\n|move|p1a: Garchomp|Swords Dance|p1a: Garchomp\n|-boost|p1a: Garchomp|atk|2\n|move|p2a: Magnezone|Flash Cannon|p1a: Garchomp\n|-crit|p1a: Garchomp\n|-damage|p1a: Garchomp|16\/100\n|\n|upkeep\n|turn|21\n|\n|t:|1700419494\n|move|p1a: Garchomp|Scale Shot|p2a: Magnezone\n|-damage|p2a: Magnezone|52\/100\n|-damage|p2a: Magnezone|29\/100\n|-damage|p2a: Magnezone|7\/100\n|-damage|p2a: Magnezone|0 fnt\n|faint|p2a: Magnezone\n|-hitcount|p2: Magnezone|4\n|-unboost|p1a: Garchomp|def|1\n|-boost|p1a: Garchomp|spe|1\n|\n|upkeep\n|\n|t:|1700419510\n|switch|p2a: Dachsbun|Dachsbun, F|20\/100\n|turn|22\n|\n|t:|1700419518\n|move|p1a: Garchomp|Earthquake|p2a: Dachsbun\n|-damage|p2a: Dachsbun|0 fnt\n|faint|p2a: Dachsbun\n|\n|upkeep\n|\n|t:|1700419529\n|switch|p2a: Azumarill|Azumarill, F|100\/100\n|turn|23\n|\n|t:|1700419539\n|move|p1a: Garchomp|Earthquake|p2a: Azumarill\n|-damage|p2a: Azumarill|0 fnt\n|faint|p2a: Azumarill\n|\n|-fieldend|move: Psychic Terrain\n|upkeep\n|\n|t:|1700419546\n|switch|p2a: Emboar|Emboar, M|100\/100\n|turn|24\n|\n|t:|1700419558\n|switch|p1a: Indeedee|Indeedee, M|28\/100\n|-fieldstart|move: Psychic Terrain|[from] ability: Psychic Surge|[of] p1a: Indeedee\n|move|p2a: Emboar|Sucker Punch||[still]\n|-fail|p2a: Emboar\n|\n|upkeep\n|turn|25\n|\n|t:|1700419566\n|switch|p2a: Mandibuzz|Mandibuzz, F|59\/100\n|move|p1a: Indeedee|Hyper Voice|p2a: Mandibuzz\n|-damage|p2a: Mandibuzz|20\/100\n|\n|upkeep\n|turn|26\n|\n|t:|1700419573\n|move|p1a: Indeedee|Hyper Voice|p2a: Mandibuzz\n|-damage|p2a: Mandibuzz|0 fnt\n|faint|p2a: Mandibuzz\n|\n|upkeep\n|\n|t:|1700419578\n|switch|p2a: Emboar|Emboar, M|100\/100\n|turn|27\n|\n|t:|1700419582\n|switch|p1a: Beedrill|Beedrill-Mega, F|51\/100\n|move|p2a: Emboar|Flare Blitz|p1a: Beedrill\n|-supereffective|p1a: Beedrill\n|-damage|p1a: Beedrill|0 fnt\n|faint|p1a: Beedrill\n|-damage|p2a: Emboar|90\/100|[from] Recoil\n|\n|upkeep\n|\n|t:|1700419583\n|switch|p1a: Indeedee|Indeedee, M|28\/100\n|turn|28\n|\n|t:|1700419596\n|-terastallize|p1a: Indeedee|Psychic\n|move|p1a: Indeedee|Expanding Force|p2a: Emboar\n|-supereffective|p2a: Emboar\n|-damage|p2a: Emboar|0 fnt\n|faint|p2a: Emboar\n|\n|win|V0IDSTARRR\n|raw|V0IDSTARRR's rating: 1159 &rarr; <strong>1189<\/strong><br \/>(+30 for winning)\n|raw|Jhimi's rating: 1224 &rarr; <strong>1194<\/strong><br \/>(-30 for losing)\n","uploadtime":1700419601,"views":11,"p1id":"v0idstarrr","p2id":"jhimi","formatid":"gen9nationaldex","rating":1189,"private":0,"password":""}