{"id":"gen9nationaldex-1990551013","p1":"Xhen't","p2":"Velocitar32","format":"[Gen 9] National Dex","log":"|j|\u2606Xhen't\n|j|\u2606Velocitar32\n|t:|1699980724\n|gametype|singles\n|player|p1|Xhen't|giovanni|1046\n|player|p2|Velocitar32|silver-masters|1092\n|teamsize|p1|6\n|teamsize|p2|6\n|gen|9\n|tier|[Gen 9] National Dex\n|rated|\n|rule|HP Percentage Mod: HP is shown in percentages\n|rule|Endless Battle Clause: Forcing endless battles is banned\n|rule|OHKO Clause: OHKO moves are banned\n|rule|Evasion Clause: Evasion abilities, items, and moves are banned\n|rule|Evasion Abilities Clause: Evasion abilities are banned\n|rule|Evasion Items Clause: Evasion items are banned\n|rule|Evasion Moves Clause: Evasion moves are banned\n|rule|Species Clause: Limit one of each Pok\u00e9mon\n|rule|Sleep Clause Mod: Limit one foe put to sleep\n|clearpoke\n|poke|p1|Arcanine-Hisui, M|\n|poke|p1|Skeledirge, M|\n|poke|p1|Armarouge, F|\n|poke|p1|Rotom-Heat|\n|poke|p1|Torkoal, M|\n|poke|p1|Scovillain, F|\n|poke|p2|Charizard, F|\n|poke|p2|Zoroark-Hisui, M|\n|poke|p2|Excadrill, F|\n|poke|p2|Meowscarada, F|\n|poke|p2|Sandslash-Alola, F|\n|poke|p2|Gengar, M|\n|teampreview\n|inactive|Battle timer is ON: inactive players will automatically lose when time's up. (requested by Xhen't)\n|\n|t:|1699980739\n|start\n|switch|p1a: Torkoal|Torkoal, M|100\/100\n|switch|p2a: Excadrill|Excadrill, F, shiny|100\/100\n|-ability|p2a: Excadrill|Mold Breaker\n|-weather|SunnyDay|[from] ability: Drought|[of] p1a: Torkoal\n|turn|1\n|\n|t:|1699980747\n|move|p2a: Excadrill|Stealth Rock|p1a: Torkoal\n|-sidestart|p1: Xhen't|move: Stealth Rock\n|move|p1a: Torkoal|Eruption|p2a: Excadrill\n|-supereffective|p2a: Excadrill\n|-damage|p2a: Excadrill|0 fnt\n|faint|p2a: Excadrill\n|\n|-weather|SunnyDay|[upkeep]\n|upkeep\n|\n|t:|1699980757\n|switch|p2a: Charizard|Charizard, F, shiny|100\/100\n|turn|2\n|\n|t:|1699980761\n|move|p2a: Charizard|Hyper Voice|p1a: Torkoal\n|-damage|p1a: Torkoal|45\/100\n|move|p1a: Torkoal|Stealth Rock|p2a: Charizard\n|-sidestart|p2: Velocitar32|move: Stealth Rock\n|\n|-weather|SunnyDay|[upkeep]\n|-heal|p1a: Torkoal|51\/100|[from] item: Leftovers\n|upkeep\n|turn|3\n|\n|t:|1699980768\n|switch|p1a: Skeledirge|Skeledirge, M|100\/100\n|-damage|p1a: Skeledirge|76\/100|[from] Stealth Rock\n|move|p2a: Charizard|Hyper Voice|p1a: Skeledirge\n|-immune|p1a: Skeledirge\n|\n|-weather|SunnyDay|[upkeep]\n|upkeep\n|turn|4\n|\n|t:|1699980776\n|move|p2a: Charizard|Shadow Ball|p1a: Skeledirge\n|-supereffective|p1a: Skeledirge\n|-damage|p1a: Skeledirge|0 fnt\n|faint|p1a: Skeledirge\n|\n|-weather|SunnyDay|[upkeep]\n|upkeep\n|\n|t:|1699980782\n|switch|p1a: Arcanine|Arcanine-Hisui, M|100\/100\n|-ability|p1a: Arcanine|Intimidate|boost\n|-unboost|p2a: Charizard|atk|1\n|turn|5\n|\n|t:|1699980789\n|move|p2a: Charizard|Focus Blast|p1a: Arcanine\n|-supereffective|p1a: Arcanine\n|-damage|p1a: Arcanine|1\/100\n|move|p1a: Arcanine|Head Smash|p2a: Charizard\n|-enditem|p2a: Charizard|Focus Sash\n|-damage|p2a: Charizard|1\/100\n|replace|p2a: Zoroark|Zoroark-Hisui, M, shiny\n|-end|p2a: Zoroark|Illusion\n|-damage|p1a: Arcanine|0 fnt|[from] Recoil\n|faint|p1a: Arcanine\n|\n|-weather|none\n|upkeep\n|c|\u2606Xhen't|lol\n|\n|t:|1699980802\n|switch|p1a: Torkoal|Torkoal, M|51\/100\n|-damage|p1a: Torkoal|26\/100|[from] Stealth Rock\n|-weather|SunnyDay|[from] ability: Drought|[of] p1a: Torkoal\n|turn|6\n|\n|t:|1699980808\n|move|p2a: Zoroark|Hyper Voice|p1a: Torkoal\n|-damage|p1a: Torkoal|0 fnt\n|faint|p1a: Torkoal\n|\n|-weather|SunnyDay|[upkeep]\n|upkeep\n|\n|t:|1699980812\n|switch|p1a: Scovillain|Scovillain, F|100\/100\n|-damage|p1a: Scovillain|76\/100|[from] Stealth Rock\n|turn|7\n|\n|t:|1699980818\n|move|p1a: Scovillain|Giga Drain|p2a: Zoroark\n|-damage|p2a: Zoroark|0 fnt\n|-heal|p1a: Scovillain|76\/100|[from] drain|[of] p2a: Zoroark\n|faint|p2a: Zoroark\n|-damage|p1a: Scovillain|66\/100|[from] item: Life Orb\n|\n|-weather|SunnyDay|[upkeep]\n|upkeep\n|\n|t:|1699980828\n|switch|p2a: Gengar|Gengar, M|100\/100\n|-damage|p2a: Gengar|88\/100|[from] Stealth Rock\n|turn|8\n|\n|t:|1699980833\n|move|p1a: Scovillain|Overheat|p2a: Gengar\n|-damage|p2a: Gengar|0 fnt\n|-unboost|p1a: Scovillain|spa|2\n|-start|p1a: Scovillain|Disable|Overheat|[from] ability: Cursed Body|[of] p2a: Gengar\n|faint|p2a: Gengar\n|-damage|p1a: Scovillain|56\/100|[from] item: Life Orb\n|\n|-weather|SunnyDay|[upkeep]\n|upkeep\n|\n|t:|1699980856\n|switch|p2a: Meowscarada|Meowscarada, F|100\/100\n|turn|9\n|\n|t:|1699980863\n|move|p1a: Scovillain|Giga Drain|p2a: Meowscarada\n|-resisted|p2a: Meowscarada\n|-damage|p2a: Meowscarada|82\/100\n|-heal|p1a: Scovillain|67\/100|[from] drain|[of] p2a: Meowscarada\n|-damage|p1a: Scovillain|57\/100|[from] item: Life Orb\n|move|p2a: Meowscarada|U-turn|p1a: Scovillain\n|-damage|p1a: Scovillain|17\/100\n|\n|t:|1699980871\n|switch|p2a: Charizard|Charizard, F, shiny|100\/100|[from] U-turn\n|-damage|p2a: Charizard|51\/100|[from] Stealth Rock\n|\n|-weather|SunnyDay|[upkeep]\n|upkeep\n|turn|10\n|\n|t:|1699980878\n|detailschange|p2a: Charizard|Charizard-Mega-X, F, shiny\n|-mega|p2a: Charizard|Charizard|Charizardite X\n|move|p1a: Scovillain|Solar Beam||[still]\n|-prepare|p1a: Scovillain|Solar Beam\n|-anim|p1a: Scovillain|Solar Beam|p2a: Charizard\n|-resisted|p2a: Charizard\n|-damage|p2a: Charizard|39\/100\n|-damage|p1a: Scovillain|8\/100|[from] item: Life Orb\n|move|p2a: Charizard|Roost|p2a: Charizard\n|-heal|p2a: Charizard|89\/100\n|-singleturn|p2a: Charizard|move: Roost\n|\n|-weather|none\n|upkeep\n|turn|11\n|\n|t:|1699980889\n|move|p2a: Charizard|Dragon Dance|p2a: Charizard\n|-boost|p2a: Charizard|atk|1\n|-boost|p2a: Charizard|spe|1\n|move|p1a: Scovillain|Sunny Day|p1a: Scovillain\n|-weather|SunnyDay\n|\n|-weather|SunnyDay|[upkeep]\n|-end|p1a: Scovillain|Disable\n|upkeep\n|turn|12\n|\n|t:|1699980896\n|move|p1a: Scovillain|Overheat|p2a: Charizard\n|-resisted|p2a: Charizard\n|-damage|p2a: Charizard|69\/100\n|-unboost|p1a: Scovillain|spa|2\n|-damage|p1a: Scovillain|0 fnt|[from] item: Life Orb\n|faint|p1a: Scovillain\n|move|p2a: Charizard|Dragon Dance|p2a: Charizard\n|-boost|p2a: Charizard|atk|1\n|-boost|p2a: Charizard|spe|1\n|\n|-weather|SunnyDay|[upkeep]\n|upkeep\n|\n|t:|1699980903\n|switch|p1a: Armarouge|Armarouge, F|100\/100\n|-damage|p1a: Armarouge|76\/100|[from] Stealth Rock\n|-item|p1a: Armarouge|Air Balloon\n|turn|13\n|\n|t:|1699980915\n|-terastallize|p1a: Armarouge|Fire\n|move|p2a: Charizard|Dragon Claw|p1a: Armarouge\n|-damage|p1a: Armarouge|0 fnt\n|-enditem|p1a: Armarouge|Air Balloon\n|faint|p1a: Armarouge\n|\n|-weather|SunnyDay|[upkeep]\n|upkeep\n|\n|t:|1699980923\n|switch|p1a: Rotom|Rotom-Heat|100\/100\n|-damage|p1a: Rotom|76\/100|[from] Stealth Rock\n|turn|14\n|\n|t:|1699980929\n|move|p2a: Charizard|Dragon Claw|p1a: Rotom\n|-damage|p1a: Rotom|0 fnt\n|faint|p1a: Rotom\n|\n|win|Velocitar32\n|raw|Xhen&apos;t's rating: 1046 &rarr; <strong>1031<\/strong><br \/>(-15 for losing)\n|raw|Velocitar32's rating: 1092 &rarr; <strong>1115<\/strong><br \/>(+23 for winning)\n|l|\u2606Xhen't\n","uploadtime":1699980937,"views":7,"p1id":"xhent","p2id":"velocitar32","formatid":"gen9nationaldex","rating":1031,"private":0,"password":""}