{"id":"gen9nationaldex-1993522240","p1":"DabaiZ","p2":"Player 723456","format":"[Gen 9] National Dex","log":"|j|\u2606DabaiZ\n|j|\u2606Player 723456\n|t:|1700327677\n|gametype|singles\n|player|p1|DabaiZ|101|1180\n|player|p2|Player 723456|lucas|1191\n|teamsize|p1|6\n|teamsize|p2|6\n|gen|9\n|tier|[Gen 9] National Dex\n|rated|\n|rule|HP Percentage Mod: HP is shown in percentages\n|rule|Endless Battle Clause: Forcing endless battles is banned\n|rule|OHKO Clause: OHKO moves are banned\n|rule|Evasion Clause: Evasion abilities, items, and moves are banned\n|rule|Evasion Abilities Clause: Evasion abilities are banned\n|rule|Evasion Items Clause: Evasion items are banned\n|rule|Evasion Moves Clause: Evasion moves are banned\n|rule|Species Clause: Limit one of each Pok\u00e9mon\n|rule|Sleep Clause Mod: Limit one foe put to sleep\n|clearpoke\n|poke|p1|Rotom-Wash|\n|poke|p1|Pikachu, F|\n|poke|p1|Cresselia, F|\n|poke|p1|Aron, L1, F|\n|poke|p1|Landorus-Therian, M|\n|poke|p1|Amoonguss, F|\n|poke|p2|Kommo-o, M|\n|poke|p2|Feraligatr, F|\n|poke|p2|Incineroar, M|\n|poke|p2|Gyarados, F|\n|poke|p2|Torterra, F|\n|poke|p2|Glimmora, F|\n|teampreview\n|\n|t:|1700327685\n|start\n|switch|p1a: Pikachu|Pikachu, F|100\/100\n|switch|p2a: Glimmora|Glimmora, F|100\/100\n|turn|1\n|\n|t:|1700327691\n|-terastallize|p1a: Pikachu|Normal\n|move|p1a: Pikachu|Fake Out|p2a: Glimmora\n|-resisted|p2a: Glimmora\n|-damage|p2a: Glimmora|88\/100\n|-activate|p2a: Glimmora|ability: Toxic Debris\n|-sidestart|p1: DabaiZ|move: Toxic Spikes\n|cant|p2a: Glimmora|flinch\n|\n|upkeep\n|turn|2\n|\n|t:|1700327703\n|move|p2a: Glimmora|Stealth Rock|p1a: Pikachu\n|-sidestart|p1: DabaiZ|move: Stealth Rock\n|move|p1a: Pikachu|Volt Switch|p2a: Glimmora\n|-damage|p2a: Glimmora|55\/100\n|\n|t:|1700327715\n|switch|p1a: Rotom|Rotom-Wash|100\/100|[from] Volt Switch\n|-damage|p1a: Rotom|88\/100|[from] Stealth Rock\n|\n|upkeep\n|turn|3\n|\n|t:|1700327728\n|move|p1a: Rotom|Trick|p2a: Glimmora\n|-activate|p1a: Rotom|move: Trick|[of] p2a: Glimmora\n|-item|p2a: Glimmora|Choice Scarf|[from] move: Trick\n|-item|p1a: Rotom|Focus Sash|[from] move: Trick\n|move|p2a: Glimmora|Spikes|p1a: Rotom\n|-sidestart|p1: DabaiZ|Spikes\n|\n|upkeep\n|turn|4\n|\n|t:|1700327736\n|move|p2a: Glimmora|Spikes|p1a: Rotom\n|-sidestart|p1: DabaiZ|Spikes\n|move|p1a: Rotom|Hydro Pump|p2a: Glimmora\n|-supereffective|p2a: Glimmora\n|-damage|p2a: Glimmora|0 fnt\n|faint|p2a: Glimmora\n|\n|upkeep\n|\n|t:|1700327748\n|switch|p2a: Torterra|Torterra, F|100\/100\n|turn|5\n|\n|t:|1700327758\n|move|p1a: Rotom|Hydro Pump|p2a: Torterra\n|-damage|p2a: Torterra|47\/100\n|move|p2a: Torterra|Bullet Seed|p1a: Rotom\n|-supereffective|p1a: Rotom\n|-damage|p1a: Rotom|62\/100\n|-supereffective|p1a: Rotom\n|-damage|p1a: Rotom|37\/100\n|-supereffective|p1a: Rotom\n|-damage|p1a: Rotom|9\/100\n|-supereffective|p1a: Rotom\n|-damage|p1a: Rotom|0 fnt\n|faint|p1a: Rotom\n|-hitcount|p1: Rotom|4\n|\n|upkeep\n|\n|t:|1700327763\n|switch|p1a: Landorus|Landorus-Therian, M|100\/100\n|-damage|p1a: Landorus|88\/100|[from] Stealth Rock\n|-ability|p1a: Landorus|Intimidate|boost\n|-unboost|p2a: Torterra|atk|1\n|turn|6\n|\n|t:|1700327801\n|move|p1a: Landorus|Defog|p2a: Torterra\n|-unboost|p2a: Torterra|evasion|1\n|-sideend|p1: DabaiZ|Spikes|[from] move: Defog|[of] p1a: Landorus\n|-sideend|p1: DabaiZ|Toxic Spikes|[from] move: Defog|[of] p1a: Landorus\n|-sideend|p1: DabaiZ|Stealth Rock|[from] move: Defog|[of] p1a: Landorus\n|move|p2a: Torterra|Rock Blast|p1a: Landorus\n|-damage|p1a: Landorus|82\/100\n|-crit|p1a: Landorus\n|-damage|p1a: Landorus|67\/100\n|-damage|p1a: Landorus|60\/100\n|-damage|p1a: Landorus|53\/100\n|-hitcount|p1a: Landorus|4\n|\n|upkeep\n|turn|7\n|\n|t:|1700327818\n|move|p1a: Landorus|Sandstorm|p1a: Landorus\n|-weather|Sandstorm\n|move|p2a: Torterra|Bullet Seed|p1a: Landorus\n|-damage|p1a: Landorus|42\/100\n|-damage|p1a: Landorus|32\/100\n|-damage|p1a: Landorus|20\/100\n|-damage|p1a: Landorus|10\/100\n|-hitcount|p1a: Landorus|4\n|\n|-weather|Sandstorm|[upkeep]\n|upkeep\n|turn|8\n|\n|t:|1700327827\n|move|p1a: Landorus|Knock Off|p2a: Torterra\n|-damage|p2a: Torterra|18\/100\n|-enditem|p2a: Torterra|Loaded Dice|[from] move: Knock Off|[of] p1a: Landorus\n|move|p2a: Torterra|Bullet Seed|p1a: Landorus\n|-damage|p1a: Landorus|0 fnt\n|faint|p1a: Landorus\n|-hitcount|p1: Landorus|1\n|\n|-weather|Sandstorm|[upkeep]\n|upkeep\n|\n|t:|1700327833\n|switch|p1a: Pikachu|Pikachu, F, tera:Normal|100\/100\n|turn|9\n|\n|t:|1700327843\n|move|p1a: Pikachu|Fake Out|p2a: Torterra\n|-damage|p2a: Torterra|0 fnt\n|faint|p2a: Torterra\n|\n|-weather|Sandstorm|[upkeep]\n|-damage|p1a: Pikachu|94\/100|[from] Sandstorm\n|upkeep\n|\n|t:|1700327851\n|switch|p2a: Kommo-o|Kommo-o, M|100\/100\n|turn|10\n|\n|t:|1700327860\n|-zpower|p2a: Kommo-o\n|move|p2a: Kommo-o|Clangorous Soulblaze|p1a: Pikachu|[zeffect]\n|-damage|p1a: Pikachu|0 fnt\n|faint|p1a: Pikachu\n|-boost|p2a: Kommo-o|atk|1\n|-boost|p2a: Kommo-o|def|1\n|-boost|p2a: Kommo-o|spa|1\n|-boost|p2a: Kommo-o|spd|1\n|-boost|p2a: Kommo-o|spe|1\n|\n|-weather|Sandstorm|[upkeep]\n|-damage|p2a: Kommo-o|94\/100|[from] Sandstorm\n|upkeep\n|\n|t:|1700327867\n|switch|p1a: Aron|Aron, L1, F|100\/100\n|turn|11\n|\n|t:|1700327889\n|move|p2a: Kommo-o|Drain Punch|p1a: Aron\n|-supereffective|p1a: Aron\n|-ability|p1a: Aron|Sturdy\n|-damage|p1a: Aron|9\/100\n|-heal|p2a: Kommo-o|96\/100|[from] drain|[of] p1a: Aron\n|move|p1a: Aron|Endeavor|p2a: Kommo-o\n|-damage|p2a: Kommo-o|1\/100\n|-heal|p1a: Aron|100\/100|[from] item: Shell Bell|[of] p2a: Kommo-o\n|\n|-weather|Sandstorm|[upkeep]\n|-damage|p2a: Kommo-o|0 fnt|[from] Sandstorm\n|faint|p2a: Kommo-o\n|upkeep\n|c|\u2606Player 723456|oh sh*t\n|\n|t:|1700327911\n|switch|p2a: Incineroar|Incineroar, M|100\/100\n|-ability|p2a: Incineroar|Intimidate|boost\n|-unboost|p1a: Aron|atk|1\n|turn|12\n|\n|t:|1700327924\n|move|p2a: Incineroar|Bulk Up|p2a: Incineroar\n|-boost|p2a: Incineroar|atk|1\n|-boost|p2a: Incineroar|def|1\n|move|p1a: Aron|Endeavor|p2a: Incineroar\n|-damage|p2a: Incineroar|4\/100\n|\n|-weather|Sandstorm|[upkeep]\n|-damage|p2a: Incineroar|0 fnt|[from] Sandstorm\n|faint|p2a: Incineroar\n|upkeep\n|\n|t:|1700327935\n|switch|p2a: Feraligatr|Feraligatr, F|100\/100\n|turn|13\n|c|\u2606DabaiZ|\u4e0d\u51fb\u638c\u5947\u88ad\uff1f\n|\n|t:|1700327948\n|move|p2a: Feraligatr|Waterfall|p1a: Aron\n|-supereffective|p1a: Aron\n|-ability|p1a: Aron|Sturdy\n|-damage|p1a: Aron|9\/100\n|move|p1a: Aron|Endeavor|p2a: Feraligatr\n|-damage|p2a: Feraligatr|1\/100\n|-heal|p1a: Aron|100\/100|[from] item: Shell Bell|[of] p2a: Feraligatr\n|\n|-weather|Sandstorm|[upkeep]\n|-damage|p2a: Feraligatr|0 fnt|[from] Sandstorm\n|faint|p2a: Feraligatr\n|upkeep\n|\n|t:|1700327959\n|switch|p2a: Gyarados|Gyarados, F, shiny|100\/100\n|turn|14\n|\n|t:|1700327965\n|-terastallize|p2a: Gyarados|Flying\n|move|p2a: Gyarados|Dragon Dance|p2a: Gyarados\n|-boost|p2a: Gyarados|atk|1\n|-boost|p2a: Gyarados|spe|1\n|move|p1a: Aron|Endeavor|p2a: Gyarados\n|-damage|p2a: Gyarados|4\/100\n|\n|-weather|none\n|upkeep\n|turn|15\n|\n|t:|1700327978\n|move|p2a: Gyarados|Dragon Dance|p2a: Gyarados\n|-boost|p2a: Gyarados|atk|1\n|-boost|p2a: Gyarados|spe|1\n|move|p1a: Aron|Sandstorm|p1a: Aron\n|-weather|Sandstorm\n|\n|-weather|Sandstorm|[upkeep]\n|-damage|p2a: Gyarados|0 fnt|[from] Sandstorm\n|faint|p2a: Gyarados\n|\n|win|DabaiZ\n|upkeep\n|raw|DabaiZ's rating: 1180 &rarr; <strong>1206<\/strong><br \/>(+26 for winning)\n|raw|Player 723456's rating: 1191 &rarr; <strong>1165<\/strong><br \/>(-26 for losing)\n|l|\u2606DabaiZ\n","uploadtime":1700327994,"views":22,"p1id":"dabaiz","p2id":"player723456","formatid":"gen9nationaldex","rating":1165,"private":0,"password":""}