{"id":"gen9nationaldex-1997419125","p1":"AMERICA NUMBER 1","p2":"Sermer","format":"[Gen 9] National Dex","log":"|html|<div class=\"broadcast-blue\"><strong>[Gen 9] National Dex is currently suspecting Sneasler! For information on how to participate check out the <a href=\"https:\/\/www.smogon.com\/forums\/threads\/sv-national-dex-suspect-8-just-dance.3731534\/\">suspect thread<\/a>.<\/strong><\/div>\n|j|\u2606AMERICA NUMBER 1\n|j|\u2606Sermer\n|t:|1700802122\n|gametype|singles\n|player|p1|AMERICA NUMBER 1|hiker-gen4|1247\n|player|p2|Sermer|pryce|1301\n|teamsize|p1|6\n|teamsize|p2|6\n|gen|9\n|tier|[Gen 9] National Dex\n|rated|\n|rule|HP Percentage Mod: HP is shown in percentages\n|rule|Endless Battle Clause: Forcing endless battles is banned\n|rule|OHKO Clause: OHKO moves are banned\n|rule|Evasion Clause: Evasion abilities, items, and moves are banned\n|rule|Evasion Abilities Clause: Evasion abilities are banned\n|rule|Evasion Items Clause: Evasion items are banned\n|rule|Evasion Moves Clause: Evasion moves are banned\n|rule|Species Clause: Limit one of each Pok\u00e9mon\n|rule|Sleep Clause Mod: Limit one foe put to sleep\n|clearpoke\n|poke|p1|Iron Hands|\n|poke|p1|Rillaboom, M|\n|poke|p1|Dondozo, M|\n|poke|p1|Garganacl, F|\n|poke|p1|Sableye, M|\n|poke|p1|Corviknight, M|\n|poke|p2|Hitmonlee, M|\n|poke|p2|Tapu Koko|\n|poke|p2|Iron Leaves|\n|poke|p2|Iron Valiant|\n|poke|p2|Iron Treads|\n|poke|p2|Rotom-Wash|\n|teampreview\n|inactive|Battle timer is ON: inactive players will automatically lose when time's up. (requested by Sermer)\n|inactive|AMERICA NUMBER 1 has 120 seconds left.\n|inactive|AMERICA NUMBER 1 has 90 seconds left.\n|\n|t:|1700802206\n|start\n|switch|p1a: CHILI EXPLOSION|Rillaboom, M|100\/100\n|switch|p2a: Tapu Koko|Tapu Koko, shiny|100\/100\n|-fieldstart|move: Electric Terrain|[from] ability: Electric Surge|[of] p2a: Tapu Koko\n|-fieldstart|move: Grassy Terrain|[from] ability: Grassy Surge|[of] p1a: CHILI EXPLOSION\n|turn|1\n|\n|t:|1700802221\n|move|p2a: Tapu Koko|U-turn|p1a: CHILI EXPLOSION\n|-supereffective|p1a: CHILI EXPLOSION\n|-damage|p1a: CHILI EXPLOSION|64\/100\n|\n|t:|1700802238\n|switch|p2a: Iron Valiant|Iron Valiant, shiny|100\/100|[from] U-turn\n|move|p1a: CHILI EXPLOSION|Wood Hammer|p2a: Iron Valiant\n|-damage|p2a: Iron Valiant|0 fnt\n|faint|p2a: Iron Valiant\n|-end|p2a: Iron Valiant|Quark Drive|[silent]\n|-damage|p1a: CHILI EXPLOSION|36\/100|[from] Recoil\n|\n|-heal|p1a: CHILI EXPLOSION|42\/100|[from] Grassy Terrain\n|upkeep\n|inactive|Sermer has 120 seconds left.\n|\n|t:|1700802250\n|switch|p2a: Tapu Koko|Tapu Koko, shiny|100\/100\n|-fieldstart|move: Electric Terrain|[from] ability: Electric Surge|[of] p2a: Tapu Koko\n|turn|2\n|\n|t:|1700802267\n|switch|p1a: BACONATOR|Garganacl, F|100\/100\n|move|p2a: Tapu Koko|Thunderbolt|p1a: BACONATOR\n|-damage|p1a: BACONATOR|69\/100\n|\n|-heal|p1a: BACONATOR|75\/100|[from] item: Leftovers\n|upkeep\n|turn|3\n|\n|t:|1700802282\n|move|p2a: Tapu Koko|U-turn|p1a: BACONATOR\n|-damage|p1a: BACONATOR|64\/100\n|inactive|Sermer has 120 seconds left.\n|\n|t:|1700802294\n|switch|p2a: Iron Leaves|Iron Leaves|100\/100|[from] U-turn\n|-activate|p2a: Iron Leaves|ability: Quark Drive\n|-start|p2a: Iron Leaves|quarkdrivespe\n|move|p1a: BACONATOR|Salt Cure|p2a: Iron Leaves\n|-damage|p2a: Iron Leaves|85\/100\n|-start|p2a: Iron Leaves|Salt Cure\n|\n|-heal|p1a: BACONATOR|71\/100|[from] item: Leftovers\n|-damage|p2a: Iron Leaves|72\/100|[from] Salt Cure\n|upkeep\n|turn|4\n|inactive|Sermer has 120 seconds left.\n|\n|t:|1700802304\n|switch|p1a: CHICKEN SANDIWCH|Corviknight, M|100\/100\n|-ability|p1a: CHICKEN SANDIWCH|Pressure\n|move|p2a: Iron Leaves|Close Combat|p1a: CHICKEN SANDIWCH\n|-damage|p1a: CHICKEN SANDIWCH|70\/100\n|-unboost|p2a: Iron Leaves|def|1\n|-unboost|p2a: Iron Leaves|spd|1\n|\n|-damage|p2a: Iron Leaves|60\/100|[from] Salt Cure\n|upkeep\n|turn|5\n|c|\u2606AMERICA NUMBER 1|WATCH OUT IM GONNA U TURN\n|inactive|Sermer has 120 seconds left.\n|\n|t:|1700802317\n|-end|p2a: Iron Leaves|Quark Drive|[silent]\n|switch|p2a: Rotom|Rotom-Wash, shiny|100\/100\n|move|p1a: CHICKEN SANDIWCH|U-turn|p2a: Rotom\n|-damage|p2a: Rotom|80\/100\n|\n|t:|1700802324\n|switch|p1a: CHILI EXPLOSION|Rillaboom, M|42\/100|[from] U-turn\n|-fieldstart|move: Grassy Terrain|[from] ability: Grassy Surge|[of] p1a: CHILI EXPLOSION\n|\n|-heal|p1a: CHILI EXPLOSION|48\/100|[from] Grassy Terrain\n|upkeep\n|turn|6\n|inactive|Sermer has 120 seconds left.\n|\n|t:|1700802339\n|-terastallize|p1a: CHILI EXPLOSION|Grass\n|move|p1a: CHILI EXPLOSION|Grassy Glide|p2a: Rotom\n|-supereffective|p2a: Rotom\n|-damage|p2a: Rotom|0 fnt\n|faint|p2a: Rotom\n|\n|-heal|p1a: CHILI EXPLOSION|54\/100|[from] Grassy Terrain\n|upkeep\n|\n|t:|1700802342\n|switch|p2a: Tapu Koko|Tapu Koko, shiny|100\/100\n|-fieldstart|move: Electric Terrain|[from] ability: Electric Surge|[of] p2a: Tapu Koko\n|turn|7\n|\n|t:|1700802352\n|switch|p1a: BACONATOR|Garganacl, F|71\/100\n|move|p2a: Tapu Koko|U-turn|p1a: BACONATOR\n|-damage|p1a: BACONATOR|59\/100\n|\n|t:|1700802359\n|switch|p2a: Iron Treads|Iron Treads, shiny|100\/100|[from] U-turn\n|-activate|p2a: Iron Treads|ability: Quark Drive\n|-start|p2a: Iron Treads|quarkdrivespe\n|\n|-heal|p1a: BACONATOR|66\/100|[from] item: Leftovers\n|upkeep\n|turn|8\n|\n|t:|1700802370\n|switch|p1a: IM 700 LBS|Sableye, M|100\/100\n|move|p2a: Iron Treads|Knock Off|p1a: IM 700 LBS\n|-damage|p1a: IM 700 LBS|82\/100\n|\n|upkeep\n|turn|9\n|\n|t:|1700802380\n|detailschange|p1a: IM 700 LBS|Sableye-Mega, M\n|-mega|p1a: IM 700 LBS|Sableye|Sablenite\n|move|p2a: Iron Treads|Heavy Slam|p1a: IM 700 LBS\n|-damage|p1a: IM 700 LBS|69\/100\n|move|p1a: IM 700 LBS|Knock Off|p2a: Iron Treads\n|-damage|p2a: Iron Treads|73\/100\n|-enditem|p2a: Iron Treads|Assault Vest|[from] move: Knock Off|[of] p1a: IM 700 LBS\n|\n|upkeep\n|turn|10\n|\n|t:|1700802397\n|move|p2a: Iron Treads|Earthquake|p1a: IM 700 LBS\n|-damage|p1a: IM 700 LBS|38\/100\n|move|p1a: IM 700 LBS|Recover|p1a: IM 700 LBS\n|-heal|p1a: IM 700 LBS|88\/100\n|\n|upkeep\n|turn|11\n|\n|t:|1700802410\n|-end|p2a: Iron Treads|Quark Drive|[silent]\n|switch|p2a: Iron Leaves|Iron Leaves|60\/100\n|-activate|p2a: Iron Leaves|ability: Quark Drive\n|-start|p2a: Iron Leaves|quarkdrivespe\n|switch|p1a: CHICKEN SANDIWCH|Corviknight, M|70\/100\n|-ability|p1a: CHICKEN SANDIWCH|Pressure\n|\n|upkeep\n|turn|12\n|\n|t:|1700802416\n|move|p2a: Iron Leaves|Swords Dance|p2a: Iron Leaves\n|-boost|p2a: Iron Leaves|atk|2\n|move|p1a: CHICKEN SANDIWCH|U-turn|p2a: Iron Leaves\n|-supereffective|p2a: Iron Leaves\n|-damage|p2a: Iron Leaves|0 fnt\n|faint|p2a: Iron Leaves\n|-end|p2a: Iron Leaves|Quark Drive|[silent]\n|c|\u2606AMERICA NUMBER 1|WATCH OUT\n|c|\u2606AMERICA NUMBER 1|U TURN\n|c|\u2606AMERICA NUMBER 1|NOOOO\n|-message|Sermer forfeited.\n|\n|win|AMERICA NUMBER 1\n|raw|AMERICA NUMBER 1's rating: 1247 &rarr; <strong>1276<\/strong><br \/>(+29 for winning)\n|raw|Sermer's rating: 1301 &rarr; <strong>1278<\/strong><br \/>(-23 for losing)\n|l|\u2606Sermer\n","uploadtime":1700802426,"views":5,"p1id":"americanumber1","p2id":"sermer","formatid":"gen9nationaldex","rating":1276,"private":0,"password":""}