{"id":"gen9nationaldex-1992275965","p1":"bgmmage","p2":"hackilla15","format":"[Gen 9] National Dex","log":"|j|\u2606bgmmage\n|j|\u2606hackilla15\n|t:|1700170045\n|gametype|singles\n|player|p1|bgmmage|266|1201\n|player|p2|hackilla15|ethan|1246\n|teamsize|p1|6\n|teamsize|p2|6\n|gen|9\n|tier|[Gen 9] National Dex\n|rated|\n|rule|HP Percentage Mod: HP is shown in percentages\n|rule|Endless Battle Clause: Forcing endless battles is banned\n|rule|OHKO Clause: OHKO moves are banned\n|rule|Evasion Clause: Evasion abilities, items, and moves are banned\n|rule|Evasion Abilities Clause: Evasion abilities are banned\n|rule|Evasion Items Clause: Evasion items are banned\n|rule|Evasion Moves Clause: Evasion moves are banned\n|rule|Species Clause: Limit one of each Pok\u00e9mon\n|rule|Sleep Clause Mod: Limit one foe put to sleep\n|clearpoke\n|poke|p1|Ursaluna, F|\n|poke|p1|Slowbro, F|\n|poke|p1|Chansey, F|\n|poke|p1|Ting-Lu|\n|poke|p1|Charizard, F|\n|poke|p1|Tapu Koko|\n|poke|p2|Samurott-Hisui, M|\n|poke|p2|Clodsire, F|\n|poke|p2|Slowking, M|\n|poke|p2|Rillaboom, F|\n|poke|p2|Ceruledge, M|\n|poke|p2|Crobat, F|\n|teampreview\n|\n|t:|1700170064\n|start\n|switch|p1a: Slowbro|Slowbro, F|100\/100\n|switch|p2a: Slowking|Slowking, M, shiny|100\/100\n|turn|1\n|inactive|Battle timer is ON: inactive players will automatically lose when time's up. (requested by hackilla15)\n|\n|t:|1700170072\n|move|p2a: Slowking|Calm Mind|p2a: Slowking\n|-boost|p2a: Slowking|spa|1\n|-boost|p2a: Slowking|spd|1\n|move|p1a: Slowbro|Trick Room|p1a: Slowbro\n|-fieldstart|move: Trick Room|[of] p1a: Slowbro\n|\n|upkeep\n|turn|2\n|\n|t:|1700170081\n|move|p2a: Slowking|Calm Mind|p2a: Slowking\n|-boost|p2a: Slowking|spa|1\n|-boost|p2a: Slowking|spd|1\n|move|p1a: Slowbro|Teleport|p1a: Slowbro\n|\n|t:|1700170093\n|switch|p1a: Ursaluna|Ursaluna, F, shiny|100\/100|[from] Teleport\n|\n|-status|p1a: Ursaluna|brn|[from] item: Flame Orb\n|upkeep\n|turn|3\n|\n|t:|1700170117\n|-terastallize|p1a: Ursaluna|Normal\n|move|p1a: Ursaluna|Facade|p2a: Slowking\n|-crit|p2a: Slowking\n|-damage|p2a: Slowking|0 fnt\n|faint|p2a: Slowking\n|\n|-damage|p1a: Ursaluna|94\/100 brn|[from] brn\n|upkeep\n|inactive|hackilla15 has 120 seconds left.\n|\n|t:|1700170141\n|switch|p2a: Ceruledge|Ceruledge, M|100\/100\n|turn|4\n|inactive|hackilla15 has 120 seconds left.\n|\n|t:|1700170153\n|switch|p2a: Rillaboom|Rillaboom, F, shiny|100\/100\n|-fieldstart|move: Grassy Terrain|[from] ability: Grassy Surge|[of] p2a: Rillaboom\n|-enditem|p2a: Rillaboom|Grassy Seed\n|-boost|p2a: Rillaboom|def|1|[from] item: Grassy Seed\n|move|p1a: Ursaluna|Facade|p2a: Rillaboom\n|-damage|p2a: Rillaboom|1\/100\n|\n|-heal|p1a: Ursaluna|100\/100 brn|[from] Grassy Terrain\n|-heal|p2a: Rillaboom|8\/100|[from] Grassy Terrain\n|-damage|p1a: Ursaluna|94\/100 brn|[from] brn\n|upkeep\n|turn|5\n|inactive|hackilla15 has 120 seconds left.\n|\n|t:|1700170167\n|switch|p2a: Ceruledge|Ceruledge, M|100\/100\n|move|p1a: Ursaluna|Facade|p2a: Ceruledge\n|-immune|p2a: Ceruledge\n|\n|-heal|p1a: Ursaluna|100\/100 brn|[from] Grassy Terrain\n|-damage|p1a: Ursaluna|94\/100 brn|[from] brn\n|-fieldend|move: Trick Room\n|upkeep\n|turn|6\n|\n|t:|1700170186\n|switch|p1a: Slowbro|Slowbro, F|100\/100\n|move|p2a: Ceruledge|Swords Dance|p2a: Ceruledge\n|-boost|p2a: Ceruledge|atk|2\n|\n|upkeep\n|turn|7\n|\n|t:|1700170200\n|move|p2a: Ceruledge|Shadow Claw|p1a: Slowbro\n|-supereffective|p1a: Slowbro\n|-damage|p1a: Slowbro|8\/100\n|-damage|p2a: Ceruledge|84\/100|[from] item: Rocky Helmet|[of] p1a: Slowbro\n|move|p1a: Slowbro|Trick Room|p1a: Slowbro\n|-fieldstart|move: Trick Room|[of] p1a: Slowbro\n|\n|-heal|p1a: Slowbro|14\/100|[from] Grassy Terrain\n|-heal|p2a: Ceruledge|90\/100|[from] Grassy Terrain\n|upkeep\n|turn|8\n|inactive|hackilla15 has 120 seconds left.\n|\n|t:|1700170221\n|switch|p1a: Ursaluna|Ursaluna, F, shiny, tera:Normal|94\/100 brn\n|move|p2a: Ceruledge|Close Combat|p1a: Ursaluna\n|-supereffective|p1a: Ursaluna\n|-damage|p1a: Ursaluna|0 fnt\n|-unboost|p2a: Ceruledge|def|1\n|-unboost|p2a: Ceruledge|spd|1\n|faint|p1a: Ursaluna\n|\n|-heal|p2a: Ceruledge|96\/100|[from] Grassy Terrain\n|-fieldend|move: Grassy Terrain\n|upkeep\n|-message|bgmmage forfeited.\n|\n|win|hackilla15\n|raw|bgmmage's rating: 1201 &rarr; <strong>1179<\/strong><br \/>(-22 for losing)\n|raw|hackilla15's rating: 1246 &rarr; <strong>1268<\/strong><br \/>(+22 for winning)\n|l|\u2606bgmmage\n","uploadtime":1700170240,"views":14,"p1id":"bgmmage","p2id":"hackilla15","formatid":"gen9nationaldex","rating":1179,"private":0,"password":""}