{"id":"gen9nationaldex-1998298408","p1":"Squige137","p2":"lifegoeson123","format":"[Gen 9] National Dex","log":"|html|<div class=\"broadcast-blue\"><strong>[Gen 9] National Dex is currently suspecting Sneasler! For information on how to participate check out the <a href=\"https:\/\/www.smogon.com\/forums\/threads\/sv-national-dex-suspect-8-just-dance.3731534\/\">suspect thread<\/a>.<\/strong><\/div>\n|j|\u2606Squige137\n|j|\u2606lifegoeson123\n|t:|1700926392\n|gametype|singles\n|player|p1|Squige137|infielder|1389\n|player|p2|lifegoeson123|richboy|1443\n|teamsize|p1|6\n|teamsize|p2|6\n|gen|9\n|tier|[Gen 9] National Dex\n|rated|\n|rule|HP Percentage Mod: HP is shown in percentages\n|rule|Endless Battle Clause: Forcing endless battles is banned\n|rule|OHKO Clause: OHKO moves are banned\n|rule|Evasion Clause: Evasion abilities, items, and moves are banned\n|rule|Evasion Abilities Clause: Evasion abilities are banned\n|rule|Evasion Items Clause: Evasion items are banned\n|rule|Evasion Moves Clause: Evasion moves are banned\n|rule|Species Clause: Limit one of each Pok\u00e9mon\n|rule|Sleep Clause Mod: Limit one foe put to sleep\n|clearpoke\n|poke|p1|Muk-Alola, M|\n|poke|p1|Alomomola, M|\n|poke|p1|Skeledirge, M|\n|poke|p1|Kleavor, F|\n|poke|p1|Ferrothorn, M|\n|poke|p1|Corviknight, F|\n|poke|p2|Tapu Lele|\n|poke|p2|Sneasler, M|\n|poke|p2|Celesteela|\n|poke|p2|Charizard, M|\n|poke|p2|Golem, F|\n|poke|p2|Great Tusk|\n|teampreview\n|inactive|Battle timer is ON: inactive players will automatically lose when time's up. (requested by Squige137)\n|c|\u2606Squige137|hlhf\n|\n|t:|1700926412\n|start\n|switch|p1a: Kleavor|Kleavor, F|100\/100\n|switch|p2a: Golem|Golem, F|100\/100\n|turn|1\n|\n|t:|1700926442\n|move|p1a: Kleavor|U-turn|p2a: Golem\n|-damage|p2a: Golem|71\/100\n|\n|t:|1700926445\n|switch|p1a: Alomomola|Alomomola, M|100\/100|[from] U-turn\n|move|p2a: Golem|Stone Edge|p1a: Alomomola\n|-damage|p1a: Alomomola|73\/100\n|\n|upkeep\n|turn|2\n|inactive|Squige137 has 120 seconds left.\n|\n|t:|1700926472\n|move|p1a: Alomomola|Flip Turn|p2a: Golem\n|-supereffective|p2a: Golem\n|-damage|p2a: Golem|22\/100\n|\n|t:|1700926477\n|switch|p1a: Corviknight|Corviknight, F|100\/100|[from] Flip Turn\n|-ability|p1a: Corviknight|Pressure\n|move|p2a: Golem|Counter|p1a: Corviknight\n|-damage|p1a: Corviknight|10\/100\n|-damage|p2a: Golem|5\/100|[from] item: Rocky Helmet|[of] p1a: Corviknight\n|\n|upkeep\n|turn|3\n|inactive|Squige137 has 120 seconds left.\n|\n|t:|1700926491\n|switch|p2a: Great Tusk|Great Tusk|100\/100\n|move|p1a: Corviknight|Roost|p1a: Corviknight\n|-heal|p1a: Corviknight|60\/100\n|-singleturn|p1a: Corviknight|move: Roost\n|\n|upkeep\n|turn|4\n|\n|t:|1700926501\n|move|p2a: Great Tusk|Stealth Rock|p1a: Corviknight\n|-sidestart|p1: Squige137|move: Stealth Rock\n|move|p1a: Corviknight|U-turn|p2a: Great Tusk\n|-resisted|p2a: Great Tusk\n|-damage|p2a: Great Tusk|95\/100\n|\n|t:|1700926510\n|switch|p1a: Alomomola|Alomomola, M|100\/100|[from] U-turn\n|-damage|p1a: Alomomola|88\/100|[from] Stealth Rock\n|\n|upkeep\n|turn|5\n|\n|t:|1700926527\n|-end|p2a: Great Tusk|Protosynthesis|[silent]\n|switch|p2a: Celesteela|Celesteela, shiny|100\/100\n|move|p1a: Alomomola|Scald|p2a: Celesteela\n|-damage|p2a: Celesteela|88\/100\n|-status|p2a: Celesteela|brn\n|\n|-damage|p2a: Celesteela|82\/100 brn|[from] brn\n|upkeep\n|turn|6\n|\n|t:|1700926537\n|move|p2a: Celesteela|Autotomize|p2a: Celesteela\n|-boost|p2a: Celesteela|spe|2\n|-start|p2a: Celesteela|Autotomize\n|move|p1a: Alomomola|Flip Turn|p2a: Celesteela\n|-damage|p2a: Celesteela|68\/100 brn\n|\n|t:|1700926544\n|switch|p1a: Skeledirge|Skeledirge, M|100\/100|[from] Flip Turn\n|\n|-damage|p2a: Celesteela|62\/100 brn|[from] brn\n|upkeep\n|turn|7\n|\n|t:|1700926551\n|move|p2a: Celesteela|Meteor Beam||[still]\n|-prepare|p2a: Celesteela|Meteor Beam\n|-boost|p2a: Celesteela|spa|1\n|-enditem|p2a: Celesteela|Power Herb\n|-anim|p2a: Celesteela|Meteor Beam|p1a: Skeledirge\n|-supereffective|p1a: Skeledirge\n|-damage|p1a: Skeledirge|17\/100\n|move|p1a: Skeledirge|Torch Song|p2a: Celesteela\n|-supereffective|p2a: Celesteela\n|-damage|p2a: Celesteela|0 fnt\n|-boost|p1a: Skeledirge|spa|1\n|faint|p2a: Celesteela\n|\n|upkeep\n|\n|t:|1700926562\n|switch|p2a: Golem|Golem, F|5\/100\n|turn|8\n|-enditem|p2a: Golem|Custap Berry|[eat]\n|-activate|p2a: Golem|item: Custap Berry|[consumed]\n|\n|t:|1700926585\n|switch|p1a: Alomomola|Alomomola, M|100\/100\n|-damage|p1a: Alomomola|88\/100|[from] Stealth Rock\n|move|p2a: Golem|Stone Edge|p1a: Alomomola\n|-damage|p1a: Alomomola|62\/100\n|\n|upkeep\n|turn|9\n|\n|t:|1700926594\n|move|p1a: Alomomola|Wish|p1a: Alomomola\n|move|p2a: Golem|Explosion|p1a: Alomomola\n|-damage|p1a: Alomomola|10\/100\n|faint|p2a: Golem\n|\n|upkeep\n|\n|t:|1700926606\n|switch|p2a: Tapu Lele|Tapu Lele, shiny|100\/100\n|-fieldstart|move: Psychic Terrain|[from] ability: Psychic Surge|[of] p2a: Tapu Lele\n|turn|10\n|\n|t:|1700926617\n|switch|p2a: Sneasler|Sneasler, M|100\/100\n|-enditem|p2a: Sneasler|Psychic Seed\n|-boost|p2a: Sneasler|spd|1|[from] item: Psychic Seed\n|switch|p1a: Muk|Muk-Alola, M|100\/100\n|-damage|p1a: Muk|88\/100|[from] Stealth Rock\n|\n|-heal|p1a: Muk|100\/100|[from] move: Wish|[wisher] Alomomola\n|upkeep\n|turn|11\n|\n|t:|1700926631\n|move|p2a: Sneasler|Swords Dance|p2a: Sneasler\n|-boost|p2a: Sneasler|atk|2\n|move|p1a: Muk|Knock Off|p2a: Sneasler\n|-resisted|p2a: Sneasler\n|-damage|p2a: Sneasler|72\/100\n|\n|upkeep\n|turn|12\n|inactive|Squige137 has 120 seconds left.\n|\n|t:|1700926662\n|move|p2a: Sneasler|Acrobatics|p1a: Muk\n|-damage|p1a: Muk|12\/100\n|move|p1a: Muk|Poison Jab|p2a: Sneasler\n|-resisted|p2a: Sneasler\n|-damage|p2a: Sneasler|35\/100\n|\n|upkeep\n|turn|13\n|inactive|Squige137 has 120 seconds left.\n|\n|t:|1700926684\n|switch|p1a: Ferrothorn|Ferrothorn, M|100\/100\n|-damage|p1a: Ferrothorn|95\/100|[from] Stealth Rock\n|move|p2a: Sneasler|Close Combat|p1a: Ferrothorn\n|-supereffective|p1a: Ferrothorn\n|-damage|p1a: Ferrothorn|0 fnt\n|-unboost|p2a: Sneasler|def|1\n|-unboost|p2a: Sneasler|spd|1\n|-damage|p2a: Sneasler|22\/100|[from] ability: Iron Barbs|[of] p1a: Ferrothorn\n|-damage|p2a: Sneasler|6\/100|[from] item: Rocky Helmet|[of] p1a: Ferrothorn\n|faint|p1a: Ferrothorn\n|\n|upkeep\n|\n|t:|1700926699\n|switch|p1a: Corviknight|Corviknight, F|60\/100\n|-damage|p1a: Corviknight|48\/100|[from] Stealth Rock\n|-ability|p1a: Corviknight|Pressure\n|turn|14\n|\n|t:|1700926705\n|move|p2a: Sneasler|Close Combat|p1a: Corviknight\n|-damage|p1a: Corviknight|0 fnt\n|-unboost|p2a: Sneasler|def|1\n|-unboost|p2a: Sneasler|spd|1\n|-damage|p2a: Sneasler|0 fnt|[from] item: Rocky Helmet|[of] p1a: Corviknight\n|faint|p1a: Corviknight\n|faint|p2a: Sneasler\n|\n|-fieldend|move: Psychic Terrain\n|upkeep\n|\n|t:|1700926720\n|switch|p2a: Tapu Lele|Tapu Lele, shiny|100\/100\n|switch|p1a: Kleavor|Kleavor, F|100\/100\n|-fieldstart|move: Psychic Terrain|[from] ability: Psychic Surge|[of] p2a: Tapu Lele\n|-damage|p1a: Kleavor|76\/100|[from] Stealth Rock\n|turn|15\n|\n|t:|1700926741\n|-terastallize|p2a: Tapu Lele|Psychic\n|move|p2a: Tapu Lele|Psychic|p1a: Kleavor\n|-damage|p1a: Kleavor|0 fnt\n|faint|p1a: Kleavor\n|\n|upkeep\n|\n|t:|1700926752\n|switch|p1a: Muk|Muk-Alola, M|12\/100\n|-damage|p1a: Muk|0 fnt|[from] Stealth Rock\n|faint|p1a: Muk\n|c|\u2606Squige137|gg\n|-message|Squige137 forfeited.\n|\n|win|lifegoeson123\n|raw|Squige137's rating: 1389 &rarr; <strong>1372<\/strong><br \/>(-17 for losing)\n|raw|lifegoeson123's rating: 1443 &rarr; <strong>1460<\/strong><br \/>(+17 for winning)\n|l|\u2606Squige137\n","uploadtime":1700926770,"views":0,"p1id":"squige137","p2id":"lifegoeson123","formatid":"gen9nationaldex","rating":1372,"private":0,"password":""}