{"id":"gen9nationaldex-1990057882","p1":"ChefSkully","p2":"Pappysbro56","format":"[Gen 9] National Dex","log":"|j|\u2606ChefSkully\n|j|\u2606Pappysbro56\n|t:|1699919989\n|gametype|singles\n|player|p1|ChefSkully|psychic-lgpe|\n|player|p2|Pappysbro56|larry|\n|teamsize|p1|6\n|teamsize|p2|6\n|gen|9\n|tier|[Gen 9] National Dex\n|rule|HP Percentage Mod: HP is shown in percentages\n|rule|Endless Battle Clause: Forcing endless battles is banned\n|rule|OHKO Clause: OHKO moves are banned\n|rule|Evasion Clause: Evasion abilities, items, and moves are banned\n|rule|Evasion Abilities Clause: Evasion abilities are banned\n|rule|Evasion Items Clause: Evasion items are banned\n|rule|Evasion Moves Clause: Evasion moves are banned\n|rule|Species Clause: Limit one of each Pok\u00e9mon\n|rule|Sleep Clause Mod: Limit one foe put to sleep\n|clearpoke\n|poke|p1|Blissey, F|\n|poke|p1|Thundurus, M|\n|poke|p1|Keldeo-Resolute|\n|poke|p1|Greninja-*, M|\n|poke|p1|Carracosta, M|\n|poke|p1|Eelektross, M|\n|poke|p2|Thundurus, M|\n|poke|p2|Victini|\n|poke|p2|Toxtricity-Low-Key, M|\n|poke|p2|Samurott, F|\n|poke|p2|Mawile, F|\n|poke|p2|Blaziken, M|\n|teampreview\n|c|\u2606ChefSkully|gl hf\n|\n|t:|1699920012\n|start\n|switch|p1a: Keldeo|Keldeo-Resolute|100\/100\n|switch|p2a: Mawile|Mawile, F, shiny|100\/100\n|-ability|p2a: Mawile|Intimidate|boost\n|-unboost|p1a: Keldeo|atk|1\n|turn|1\n|\n|t:|1699920023\n|detailschange|p2a: Mawile|Mawile-Mega, F, shiny\n|-mega|p2a: Mawile|Mawile|Mawilite\n|move|p1a: Keldeo|Scald|p2a: Mawile\n|-damage|p2a: Mawile|50\/100\n|-status|p2a: Mawile|brn\n|move|p2a: Mawile|Play Rough|p1a: Keldeo\n|-supereffective|p1a: Keldeo\n|-damage|p1a: Keldeo|0 fnt\n|faint|p1a: Keldeo\n|\n|-damage|p2a: Mawile|44\/100 brn|[from] brn\n|upkeep\n|\n|t:|1699920029\n|switch|p1a: Carracosta|Carracosta, M|100\/100\n|turn|2\n|\n|t:|1699920040\n|move|p2a: Mawile|Sucker Punch||[still]\n|-fail|p2a: Mawile\n|move|p1a: Carracosta|Shell Smash|p1a: Carracosta\n|-unboost|p1a: Carracosta|def|1\n|-unboost|p1a: Carracosta|spd|1\n|-boost|p1a: Carracosta|atk|2\n|-boost|p1a: Carracosta|spa|2\n|-boost|p1a: Carracosta|spe|2\n|-enditem|p1a: Carracosta|White Herb\n|-clearnegativeboost|p1a: Carracosta|[silent]\n|\n|-damage|p2a: Mawile|38\/100 brn|[from] brn\n|upkeep\n|turn|3\n|\n|t:|1699920045\n|move|p1a: Carracosta|Earthquake|p2a: Mawile\n|-supereffective|p2a: Mawile\n|-damage|p2a: Mawile|0 fnt\n|faint|p2a: Mawile\n|\n|upkeep\n|\n|t:|1699920068\n|switch|p2a: Samurott|Samurott, F, shiny|100\/100\n|turn|4\n|\n|t:|1699920073\n|-terastallize|p1a: Carracosta|Electric\n|move|p1a: Carracosta|Hidden Power|p2a: Samurott\n|-supereffective|p2a: Samurott\n|-damage|p2a: Samurott|22\/100\n|move|p2a: Samurott|Scald|p1a: Carracosta\n|-damage|p1a: Carracosta|23\/100\n|\n|upkeep\n|turn|5\n|\n|t:|1699920083\n|move|p2a: Samurott|Aqua Jet|p1a: Carracosta\n|-damage|p1a: Carracosta|9\/100\n|move|p1a: Carracosta|Hidden Power|p2a: Samurott\n|-supereffective|p2a: Samurott\n|-damage|p2a: Samurott|0 fnt\n|faint|p2a: Samurott\n|\n|upkeep\n|\n|t:|1699920103\n|switch|p2a: Blaziken|Blaziken, M, shiny|100\/100\n|turn|6\n|\n|t:|1699920106\n|move|p1a: Carracosta|Shell Smash|p1a: Carracosta\n|-unboost|p1a: Carracosta|def|1\n|-unboost|p1a: Carracosta|spd|1\n|-boost|p1a: Carracosta|atk|2\n|-boost|p1a: Carracosta|spa|2\n|-boost|p1a: Carracosta|spe|2\n|move|p2a: Blaziken|Blaze Kick|p1a: Carracosta\n|-damage|p1a: Carracosta|0 fnt\n|faint|p1a: Carracosta\n|-damage|p2a: Blaziken|91\/100|[from] item: Life Orb\n|\n|-ability|p2a: Blaziken|Speed Boost|boost\n|-boost|p2a: Blaziken|spe|1\n|upkeep\n|\n|t:|1699920113\n|switch|p1a: Thundurus|Thundurus, M|100\/100\n|turn|7\n|\n|t:|1699920127\n|-terastallize|p2a: Blaziken|Rock\n|move|p1a: Thundurus|Thunder Wave|p2a: Blaziken\n|-status|p2a: Blaziken|par\n|move|p2a: Blaziken|Rock Slide|p1a: Thundurus|[miss]\n|-miss|p2a: Blaziken|p1a: Thundurus\n|\n|-ability|p2a: Blaziken|Speed Boost|boost\n|-boost|p2a: Blaziken|spe|1\n|upkeep\n|turn|8\n|\n|t:|1699920133\n|move|p1a: Thundurus|Rain Dance|p1a: Thundurus\n|-weather|RainDance\n|cant|p2a: Blaziken|par\n|\n|-weather|RainDance|[upkeep]\n|-ability|p2a: Blaziken|Speed Boost|boost\n|-boost|p2a: Blaziken|spe|1\n|upkeep\n|turn|9\n|\n|t:|1699920137\n|move|p1a: Thundurus|Weather Ball|p2a: Blaziken\n|-supereffective|p2a: Blaziken\n|-damage|p2a: Blaziken|0 fnt\n|faint|p2a: Blaziken\n|\n|-weather|RainDance|[upkeep]\n|upkeep\n|\n|t:|1699920140\n|switch|p2a: Thundurus|Thundurus, M, shiny|100\/100\n|turn|10\n|\n|t:|1699920143\n|move|p2a: Thundurus|Taunt|p1a: Thundurus\n|-start|p1a: Thundurus|move: Taunt\n|move|p1a: Thundurus|Thunder|p2a: Thundurus\n|-damage|p2a: Thundurus|29\/100\n|\n|-weather|RainDance|[upkeep]\n|-heal|p2a: Thundurus|35\/100|[from] item: Leftovers\n|upkeep\n|turn|11\n|\n|t:|1699920150\n|move|p1a: Thundurus|Thunder|p2a: Thundurus\n|-damage|p2a: Thundurus|0 fnt\n|faint|p2a: Thundurus\n|\n|-weather|RainDance|[upkeep]\n|upkeep\n|\n|t:|1699920154\n|switch|p2a: Toxtricity|Toxtricity-Low-Key, M, shiny|100\/100\n|turn|12\n|\n|t:|1699920158\n|move|p1a: Thundurus|Weather Ball|p2a: Toxtricity\n|-damage|p2a: Toxtricity|35\/100\n|move|p2a: Toxtricity|Overdrive|p1a: Thundurus\n|-damage|p1a: Thundurus|0 fnt\n|faint|p1a: Thundurus\n|\n|-weather|RainDance|[upkeep]\n|upkeep\n|\n|t:|1699920162\n|switch|p1a: Greninja|Greninja, M|100\/100\n|turn|13\n|\n|t:|1699920168\n|move|p1a: Greninja|Hydro Pump|p2a: Toxtricity\n|-start|p1a: Greninja|typechange|Water|[from] ability: Protean\n|-damage|p2a: Toxtricity|0 fnt\n|faint|p2a: Toxtricity\n|\n|-weather|RainDance|[upkeep]\n|upkeep\n|\n|t:|1699920172\n|switch|p2a: Victini|Victini|100\/100\n|turn|14\n|\n|t:|1699920176\n|move|p1a: Greninja|Hydro Pump|p2a: Victini\n|-supereffective|p2a: Victini\n|-damage|p2a: Victini|0 fnt\n|faint|p2a: Victini\n|\n|win|ChefSkully\n|c|\u2606ChefSkully|ggwp\n","uploadtime":1699920182,"views":21,"p1id":"chefskully","p2id":"pappysbro56","formatid":"gen9nationaldex","rating":0,"private":0,"password":""}