{"id":"gen9nationaldex-1990009063","p1":"Ineros","p2":"ItsmeBlankKnight","format":"[Gen 9] National Dex","log":"|j|\u2606Ineros\n|j|\u2606ItsmeBlankKnight\n|inactive|Battle timer is ON: inactive players will automatically lose when time's up.\n|t:|1699914955\n|gametype|singles\n|player|p1|Ineros|dawn|\n|player|p2|ItsmeBlankKnight|larry|\n|teamsize|p1|6\n|teamsize|p2|6\n|gen|9\n|tier|[Gen 9] National Dex\n|rated|Tournament battle\n|rule|HP Percentage Mod: HP is shown in percentages\n|rule|Endless Battle Clause: Forcing endless battles is banned\n|rule|OHKO Clause: OHKO moves are banned\n|rule|Evasion Clause: Evasion abilities, items, and moves are banned\n|rule|Evasion Abilities Clause: Evasion abilities are banned\n|rule|Evasion Items Clause: Evasion items are banned\n|rule|Evasion Moves Clause: Evasion moves are banned\n|rule|Species Clause: Limit one of each Pok\u00e9mon\n|rule|Sleep Clause Mod: Limit one foe put to sleep\n|clearpoke\n|poke|p1|Tapu Bulu|\n|poke|p1|Scizor, M|\n|poke|p1|Great Tusk|\n|poke|p1|Alomomola, M|\n|poke|p1|Heatran, F|\n|poke|p1|Garganacl, F|\n|poke|p2|Ogerpon, F|\n|poke|p2|Aegislash, M|\n|poke|p2|Greninja-*, M|\n|poke|p2|Samurott-Hisui, F|\n|poke|p2|Sceptile, M|\n|poke|p2|Tapu Lele|\n|teampreview\n|inactive|Ineros also wants the timer to be on.\n|inactive|ItsmeBlankKnight also wants the timer to be on.\n|j| Dabman1069\n|c|\u2606Ineros|Glhf\n|c|\u2606ItsmeBlankKnight|u2\n|c| Dabman1069|Go Ineros!\n|c|\u2606Ineros|Thx lol\n|c|\u2606ItsmeBlankKnight|:(\n|inactive|Ineros has 120 seconds left.\n|j|@redgoop115\n|j| vespyyy\n|c|\u2606Ineros|Dw blankKnight\n|c|\u2606Ineros|im cheering for you :)\n|c|\u2606ItsmeBlankKnight|oh yay\n|\n|t:|1699915000\n|start\n|switch|p1a: Scizor|Scizor, M|100\/100\n|switch|p2a: Samurott|Samurott-Hisui, F|100\/100\n|turn|1\n|c|\u2606ItsmeBlankKnight|im cheering for u too\n|c|@redgoop115|go blankknight\n|\n|t:|1699915007\n|detailschange|p1a: Scizor|Scizor-Mega, M\n|-mega|p1a: Scizor|Scizor|Scizorite\n|move|p2a: Samurott|Ceaseless Edge|p1a: Scizor\n|-damage|p1a: Scizor|69\/100\n|-sidestart|p1: Ineros|Spikes\n|move|p1a: Scizor|U-turn|p2a: Samurott\n|-supereffective|p2a: Samurott\n|-damage|p2a: Samurott|14\/100\n|c|\u2606ItsmeBlankKnight|:D\n|\n|t:|1699915019\n|switch|p1a: Great Tusk|Great Tusk|100\/100|[from] U-turn\n|\n|upkeep\n|turn|2\n|\n|t:|1699915022\n|move|p1a: Great Tusk|Rapid Spin|p2a: Samurott\n|-damage|p2a: Samurott|0 fnt\n|-boost|p1a: Great Tusk|spe|1\n|-sideend|p1: Ineros|Spikes|[from] move: Rapid Spin|[of] p1a: Great Tusk\n|faint|p2a: Samurott\n|\n|upkeep\n|\n|t:|1699915027\n|switch|p2a: Ogerpon|Ogerpon, F|100\/100\n|turn|3\n|\n|t:|1699915038\n|-end|p1a: Great Tusk|Protosynthesis|[silent]\n|switch|p1a: Scizor|Scizor-Mega, M|69\/100\n|-terastallize|p2a: Ogerpon|Grass\n|detailschange|p2a: Ogerpon|Ogerpon-Teal-Tera, F, tera:Grass\n|-ability|p2a: Ogerpon|Embody Aspect (Teal)|boost\n|-boost|p2a: Ogerpon|spe|1\n|move|p2a: Ogerpon|Ivy Cudgel|p1a: Scizor\n|-resisted|p1a: Scizor\n|-damage|p1a: Scizor|53\/100\n|\n|upkeep\n|turn|4\n|\n|t:|1699915043\n|switch|p2a: Sceptile|Sceptile, M|100\/100\n|move|p1a: Scizor|Roost|p1a: Scizor\n|-heal|p1a: Scizor|100\/100\n|-singleturn|p1a: Scizor|move: Roost\n|\n|upkeep\n|turn|5\n|c|\u2606ItsmeBlankKnight|im doing really bad so far\n|\n|t:|1699915050\n|switch|p1a: Tapu Bulu|Tapu Bulu|100\/100\n|-fieldstart|move: Grassy Terrain|[from] ability: Grassy Surge|[of] p1a: Tapu Bulu\n|detailschange|p2a: Sceptile|Sceptile-Mega, M\n|-mega|p2a: Sceptile|Sceptile|Sceptilite\n|move|p2a: Sceptile|Hidden Power|p1a: Tapu Bulu\n|-supereffective|p1a: Tapu Bulu\n|-damage|p1a: Tapu Bulu|53\/100\n|\n|-heal|p1a: Tapu Bulu|59\/100|[from] Grassy Terrain\n|upkeep\n|turn|6\n|\n|t:|1699915056\n|switch|p2a: Tapu Lele|Tapu Lele|100\/100\n|-fieldstart|move: Psychic Terrain|[from] ability: Psychic Surge|[of] p2a: Tapu Lele\n|move|p1a: Tapu Bulu|Swords Dance|p1a: Tapu Bulu\n|-boost|p1a: Tapu Bulu|atk|2\n|\n|upkeep\n|turn|7\n|\n|t:|1699915059\n|move|p2a: Tapu Lele|Psychic|p1a: Tapu Bulu\n|-damage|p1a: Tapu Bulu|0 fnt\n|faint|p1a: Tapu Bulu\n|\n|upkeep\n|\n|t:|1699915064\n|switch|p1a: Scizor|Scizor-Mega, M|100\/100\n|turn|8\n|\n|t:|1699915069\n|switch|p2a: Sceptile|Sceptile-Mega, M|100\/100\n|move|p1a: Scizor|U-turn|p2a: Sceptile\n|-supereffective|p2a: Sceptile\n|-damage|p2a: Sceptile|2\/100\n|c|\u2606ItsmeBlankKnight|ah\n|c|\u2606ItsmeBlankKnight|AH\n|\n|t:|1699915078\n|switch|p1a: Heatran|Heatran, F|100\/100|[from] U-turn\n|\n|upkeep\n|turn|9\n|\n|t:|1699915083\n|switch|p2a: Greninja|Greninja, M|100\/100\n|-terastallize|p1a: Heatran|Grass\n|move|p1a: Heatran|Earth Power|p2a: Greninja\n|-damage|p2a: Greninja|62\/100\n|\n|upkeep\n|turn|10\n|\n|t:|1699915091\n|switch|p1a: Alomomola|Alomomola, M|100\/100\n|move|p2a: Greninja|Dark Pulse|p1a: Alomomola\n|-damage|p1a: Alomomola|61\/100\n|-damage|p2a: Greninja|52\/100|[from] item: Life Orb\n|\n|-fieldend|move: Psychic Terrain\n|upkeep\n|turn|11\n|\n|t:|1699915096\n|move|p2a: Greninja|Grass Knot|p1a: Alomomola\n|-supereffective|p1a: Alomomola\n|-damage|p1a: Alomomola|17\/100\n|-damage|p2a: Greninja|42\/100|[from] item: Life Orb\n|move|p1a: Alomomola|Flip Turn|p2a: Greninja\n|-resisted|p2a: Greninja\n|-crit|p2a: Greninja\n|-damage|p2a: Greninja|23\/100\n|\n|t:|1699915100\n|switch|p1a: Scizor|Scizor-Mega, M|100\/100|[from] Flip Turn\n|\n|upkeep\n|turn|12\n|\n|t:|1699915102\n|move|p1a: Scizor|Bullet Punch|p2a: Greninja\n|-resisted|p2a: Greninja\n|-damage|p2a: Greninja|0 fnt\n|faint|p2a: Greninja\n|\n|upkeep\n|\n|t:|1699915108\n|switch|p2a: Aegislash|Aegislash, M|100\/100\n|turn|13\n|\n|t:|1699915111\n|move|p1a: Scizor|U-turn|p2a: Aegislash\n|-resisted|p2a: Aegislash\n|-damage|p2a: Aegislash|94\/100\n|\n|t:|1699915119\n|switch|p1a: Great Tusk|Great Tusk|100\/100|[from] U-turn\n|move|p2a: Aegislash|Swords Dance|p2a: Aegislash\n|-boost|p2a: Aegislash|atk|2\n|\n|-heal|p2a: Aegislash|99\/100|[from] item: Leftovers\n|upkeep\n|turn|14\n|\n|t:|1699915126\n|move|p1a: Great Tusk|Headlong Rush|p2a: Aegislash\n|-supereffective|p2a: Aegislash\n|-damage|p2a: Aegislash|0 fnt\n|-unboost|p1a: Great Tusk|def|1\n|-unboost|p1a: Great Tusk|spd|1\n|faint|p2a: Aegislash\n|\n|upkeep\n|\n|t:|1699915128\n|switch|p2a: Ogerpon|Ogerpon-Teal-Tera, F, tera:Grass|100\/100\n|-ability|p2a: Ogerpon|Embody Aspect (Teal)|boost\n|-boost|p2a: Ogerpon|spe|1\n|turn|15\n|c|\u2606Ineros|Huh.\n|c|\u2606ItsmeBlankKnight|ngl\n|c|\u2606Ineros|interesting kill.\n|c|\u2606ItsmeBlankKnight|im pretty sure\n|c|\u2606ItsmeBlankKnight|i live eq\n|c|\u2606ItsmeBlankKnight|so i was like\n|\n|t:|1699915152\n|-end|p1a: Great Tusk|Protosynthesis|[silent]\n|switch|p1a: Heatran|Heatran, F, tera:Grass|100\/100\n|move|p2a: Ogerpon|Superpower|p1a: Heatran\n|-damage|p1a: Heatran|49\/100\n|-unboost|p2a: Ogerpon|atk|1\n|-unboost|p2a: Ogerpon|def|1\n|\n|-heal|p1a: Heatran|56\/100|[from] item: Leftovers\n|upkeep\n|turn|16\n|c|\u2606ItsmeBlankKnight|oh wow ill just live\n|\n|t:|1699915158\n|switch|p2a: Sceptile|Sceptile-Mega, M|2\/100\n|move|p1a: Heatran|Magma Storm|p2a: Sceptile\n|-damage|p2a: Sceptile|0 fnt\n|faint|p2a: Sceptile\n|\n|-heal|p1a: Heatran|62\/100|[from] item: Leftovers\n|upkeep\n|c| vespyyy|y didn't u kings shield\n|\n|t:|1699915161\n|switch|p2a: Ogerpon|Ogerpon-Teal-Tera, F, tera:Grass|100\/100\n|-ability|p2a: Ogerpon|Embody Aspect (Teal)|boost\n|-boost|p2a: Ogerpon|spe|1\n|turn|17\n|\n|t:|1699915165\n|move|p2a: Ogerpon|U-turn|p1a: Heatran\n|-supereffective|p1a: Heatran\n|-damage|p1a: Heatran|6\/100\n|\n|t:|1699915168\n|switch|p2a: Tapu Lele|Tapu Lele|100\/100|[from] U-turn\n|-fieldstart|move: Psychic Terrain|[from] ability: Psychic Surge|[of] p2a: Tapu Lele\n|move|p1a: Heatran|Magma Storm|p2a: Tapu Lele\n|-damage|p2a: Tapu Lele|53\/100\n|-activate|p2a: Tapu Lele|move: Magma Storm|[of] p1a: Heatran\n|\n|-heal|p1a: Heatran|13\/100|[from] item: Leftovers\n|-damage|p2a: Tapu Lele|41\/100|[from] move: Magma Storm|[partiallytrapped]\n|upkeep\n|turn|18\n|\n|t:|1699915180\n|move|p2a: Tapu Lele|Shadow Ball|p1a: Heatran\n|-damage|p1a: Heatran|0 fnt\n|faint|p1a: Heatran\n|\n|-end|p2a: Tapu Lele|Magma Storm|[partiallytrapped]|[silent]\n|upkeep\n|\n|t:|1699915183\n|switch|p1a: Garganacl|Garganacl, F|100\/100\n|turn|19\n|\n|t:|1699915185\n|switch|p2a: Ogerpon|Ogerpon-Teal-Tera, F, tera:Grass|100\/100\n|-ability|p2a: Ogerpon|Embody Aspect (Teal)|boost\n|-boost|p2a: Ogerpon|spe|1\n|move|p1a: Garganacl|Salt Cure|p2a: Ogerpon\n|-damage|p2a: Ogerpon|83\/100\n|-start|p2a: Ogerpon|Salt Cure\n|\n|-damage|p2a: Ogerpon|70\/100|[from] Salt Cure\n|upkeep\n|turn|20\n|\n|t:|1699915201\n|move|p2a: Ogerpon|Superpower|p1a: Garganacl\n|-supereffective|p1a: Garganacl\n|-damage|p1a: Garganacl|26\/100\n|-unboost|p2a: Ogerpon|atk|1\n|-unboost|p2a: Ogerpon|def|1\n|move|p1a: Garganacl|Body Press|p2a: Ogerpon\n|-damage|p2a: Ogerpon|25\/100\n|\n|-heal|p1a: Garganacl|32\/100|[from] item: Leftovers\n|-damage|p2a: Ogerpon|12\/100|[from] Salt Cure\n|upkeep\n|turn|21\n|\n|t:|1699915207\n|switch|p2a: Tapu Lele|Tapu Lele|41\/100\n|move|p1a: Garganacl|Recover|p1a: Garganacl\n|-heal|p1a: Garganacl|82\/100\n|\n|-heal|p1a: Garganacl|88\/100|[from] item: Leftovers\n|-fieldend|move: Psychic Terrain\n|upkeep\n|turn|22\n|\n|t:|1699915209\n|move|p2a: Tapu Lele|Psychic|p1a: Garganacl\n|-crit|p1a: Garganacl\n|-damage|p1a: Garganacl|42\/100\n|move|p1a: Garganacl|Salt Cure|p2a: Tapu Lele\n|-damage|p2a: Tapu Lele|19\/100\n|-start|p2a: Tapu Lele|Salt Cure\n|\n|-heal|p1a: Garganacl|48\/100|[from] item: Leftovers\n|-damage|p2a: Tapu Lele|7\/100|[from] Salt Cure\n|upkeep\n|turn|23\n|\n|t:|1699915211\n|move|p2a: Tapu Lele|Psychic|p1a: Garganacl\n|-damage|p1a: Garganacl|18\/100\n|move|p1a: Garganacl|Recover|p1a: Garganacl\n|-heal|p1a: Garganacl|68\/100\n|\n|-heal|p1a: Garganacl|75\/100|[from] item: Leftovers\n|-damage|p2a: Tapu Lele|0 fnt|[from] Salt Cure\n|faint|p2a: Tapu Lele\n|upkeep\n|c|\u2606ItsmeBlankKnight|gg\n|\n|t:|1699915215\n|switch|p2a: Ogerpon|Ogerpon-Teal-Tera, F, tera:Grass|12\/100\n|-ability|p2a: Ogerpon|Embody Aspect (Teal)|boost\n|-boost|p2a: Ogerpon|spe|1\n|turn|24\n|c|\u2606Ineros|Gg bro\n|c|\u2606Ineros|Wp\n|c|@redgoop115|i believed\n|c|\u2606ItsmeBlankKnight|u2\n|\n|t:|1699915226\n|move|p2a: Ogerpon|Ivy Cudgel|p1a: Garganacl\n|-supereffective|p1a: Garganacl\n|-damage|p1a: Garganacl|0 fnt\n|faint|p1a: Garganacl\n|\n|upkeep\n|\n|t:|1699915229\n|switch|p1a: Scizor|Scizor-Mega, M|100\/100\n|turn|25\n|\n|t:|1699915230\n|move|p1a: Scizor|Bullet Punch|p2a: Ogerpon\n|-damage|p2a: Ogerpon|0 fnt\n|faint|p2a: Ogerpon\n|\n|win|Ineros\n|n|\u2606Ineros|ineros\n|n|\u2606ItsmeBlankKnight|itsmeblankknight\n|n| Dabman1069|dabman1069\n|n| redgoop115|redgoop115\n|n| vespyyy|vespyyy\n","uploadtime":1699915231,"views":18,"p1id":"ineros","p2id":"itsmeblankknight","formatid":"gen9nationaldex","rating":0,"private":0,"password":""}