{"id":"gen9nationaldex-1994806472","p1":"SGT. Owl","p2":"JaedinRxs","format":"[Gen 9] National Dex","log":"|html|<div class=\"broadcast-blue\"><strong>[Gen 9] National Dex is currently suspecting Sneasler! For information on how to participate check out the <a href=\"https:\/\/www.smogon.com\/forums\/threads\/sv-national-dex-suspect-8-just-dance.3731534\/\">suspect thread<\/a>.<\/strong><\/div>\n|j|\u2606SGT. Owl\n|j|\u2606JaedinRxs\n|t:|1700494570\n|gametype|singles\n|player|p1|SGT. Owl|101|1000\n|player|p2|JaedinRxs|nate|1000\n|teamsize|p1|6\n|teamsize|p2|6\n|gen|9\n|tier|[Gen 9] National Dex\n|rated|\n|rule|HP Percentage Mod: HP is shown in percentages\n|rule|Endless Battle Clause: Forcing endless battles is banned\n|rule|OHKO Clause: OHKO moves are banned\n|rule|Evasion Clause: Evasion abilities, items, and moves are banned\n|rule|Evasion Abilities Clause: Evasion abilities are banned\n|rule|Evasion Items Clause: Evasion items are banned\n|rule|Evasion Moves Clause: Evasion moves are banned\n|rule|Species Clause: Limit one of each Pok\u00e9mon\n|rule|Sleep Clause Mod: Limit one foe put to sleep\n|clearpoke\n|poke|p1|Revavroom, F|\n|poke|p1|Muk, M|\n|poke|p1|Magnezone|\n|poke|p1|Gengar, M|\n|poke|p1|Perrserker, F|\n|poke|p1|Mawile, F|\n|poke|p2|Grimmsnarl, M|\n|poke|p2|Deoxys-Defense|\n|poke|p2|Absol, F|\n|poke|p2|Alomomola, M|\n|poke|p2|Okidogi, M|\n|poke|p2|Hoopa|\n|teampreview\n|\n|t:|1700494590\n|start\n|switch|p1a: Mawile|Mawile, F|100\/100\n|switch|p2a: Deoxys|Deoxys-Defense|100\/100\n|-ability|p2a: Deoxys|Pressure\n|turn|1\n|\n|t:|1700494605\n|move|p2a: Deoxys|Cosmic Power|p2a: Deoxys\n|-boost|p2a: Deoxys|def|1\n|-boost|p2a: Deoxys|spd|1\n|move|p1a: Mawile|Iron Head|p2a: Deoxys\n|-damage|p2a: Deoxys|58\/100\n|\n|-heal|p2a: Deoxys|64\/100|[from] item: Leftovers\n|upkeep\n|turn|2\n|\n|t:|1700494620\n|move|p2a: Deoxys|Extreme Speed|p1a: Mawile\n|-resisted|p1a: Mawile\n|-damage|p1a: Mawile|91\/100\n|move|p1a: Mawile|Iron Head|p2a: Deoxys\n|-damage|p2a: Deoxys|20\/100\n|\n|-heal|p2a: Deoxys|27\/100|[from] item: Leftovers\n|upkeep\n|turn|3\n|\n|t:|1700494629\n|move|p2a: Deoxys|Psychic|p1a: Mawile\n|-resisted|p1a: Mawile\n|-damage|p1a: Mawile|63\/100\n|move|p1a: Mawile|Iron Head|p2a: Deoxys\n|-damage|p2a: Deoxys|0 fnt\n|faint|p2a: Deoxys\n|\n|upkeep\n|\n|t:|1700494636\n|switch|p2a: Grimmsnarl|Grimmsnarl, M|100\/100\n|turn|4\n|\n|t:|1700494645\n|move|p2a: Grimmsnarl|Darkest Lariat|p1a: Mawile\n|-resisted|p1a: Mawile\n|-damage|p1a: Mawile|34\/100\n|move|p1a: Mawile|Iron Head|p2a: Grimmsnarl\n|-supereffective|p2a: Grimmsnarl\n|-damage|p2a: Grimmsnarl|0 fnt\n|faint|p2a: Grimmsnarl\n|\n|upkeep\n|\n|t:|1700494654\n|switch|p2a: Absol|Absol, F|100\/100\n|turn|5\n|\n|t:|1700494658\n|move|p2a: Absol|Sucker Punch|p1a: Mawile\n|-resisted|p1a: Mawile\n|-crit|p1a: Mawile\n|-damage|p1a: Mawile|1\/100\n|move|p1a: Mawile|Iron Head|p2a: Absol\n|-damage|p2a: Absol|0 fnt\n|faint|p2a: Absol\n|\n|upkeep\n|\n|t:|1700494666\n|switch|p2a: Alomomola|Alomomola, M|100\/100\n|turn|6\n|\n|t:|1700494669\n|move|p2a: Alomomola|Whirlpool|p1a: Mawile\n|-damage|p1a: Mawile|0 fnt\n|faint|p1a: Mawile\n|\n|upkeep\n|\n|t:|1700494675\n|switch|p1a: Gengar|Gengar, M|100\/100\n|turn|7\n|\n|t:|1700494683\n|move|p1a: Gengar|Toxic Spikes|p2a: Alomomola\n|-sidestart|p2: JaedinRxs|move: Toxic Spikes\n|move|p2a: Alomomola|Knock Off|p1a: Gengar\n|-supereffective|p1a: Gengar\n|-damage|p1a: Gengar|28\/100\n|-start|p2a: Alomomola|Disable|Knock Off|[from] ability: Cursed Body|[of] p1a: Gengar\n|-enditem|p1a: Gengar|Black Sludge|[from] move: Knock Off|[of] p2a: Alomomola\n|\n|upkeep\n|turn|8\n|\n|t:|1700494693\n|move|p1a: Gengar|Energy Ball|p2a: Alomomola\n|-supereffective|p2a: Alomomola\n|-damage|p2a: Alomomola|30\/100\n|move|p2a: Alomomola|Whirlpool|p1a: Gengar\n|-damage|p1a: Gengar|17\/100\n|-activate|p1a: Gengar|move: Whirlpool|[of] p2a: Alomomola\n|\n|-heal|p2a: Alomomola|36\/100|[from] item: Leftovers\n|-damage|p1a: Gengar|5\/100|[from] move: Whirlpool|[partiallytrapped]\n|upkeep\n|turn|9\n|\n|t:|1700494702\n|move|p1a: Gengar|Energy Ball|p2a: Alomomola\n|-supereffective|p2a: Alomomola\n|-damage|p2a: Alomomola|0 fnt\n|faint|p2a: Alomomola\n|\n|-end|p1a: Gengar|Whirlpool|[partiallytrapped]|[silent]\n|upkeep\n|\n|t:|1700494708\n|switch|p2a: Okidogi|Okidogi, M|100\/100\n|-sideend|p2: JaedinRxs|move: Toxic Spikes|[of] p2a: Okidogi\n|turn|10\n|\n|t:|1700494720\n|move|p1a: Gengar|Toxic Spikes|p2a: Okidogi\n|-sidestart|p2: JaedinRxs|move: Toxic Spikes\n|move|p2a: Okidogi|Crunch|p1a: Gengar\n|-supereffective|p1a: Gengar\n|-damage|p1a: Gengar|0 fnt\n|faint|p1a: Gengar\n|\n|upkeep\n|\n|t:|1700494744\n|switch|p1a: Revavroom|Revavroom, F|100\/100\n|-item|p1a: Revavroom|Air Balloon\n|turn|11\n|\n|t:|1700494753\n|move|p1a: Revavroom|High Horsepower|p2a: Okidogi\n|-supereffective|p2a: Okidogi\n|-damage|p2a: Okidogi|31\/100\n|move|p2a: Okidogi|Bulk Up|p2a: Okidogi\n|-boost|p2a: Okidogi|atk|1\n|-boost|p2a: Okidogi|def|1\n|\n|upkeep\n|turn|12\n|\n|t:|1700494761\n|move|p1a: Revavroom|High Horsepower|p2a: Okidogi\n|-supereffective|p2a: Okidogi\n|-damage|p2a: Okidogi|0 fnt\n|faint|p2a: Okidogi\n|\n|upkeep\n|\n|t:|1700494780\n|switch|p2a: Hoopa|Hoopa|100\/100\n|-status|p2a: Hoopa|psn\n|turn|13\n|\n|t:|1700494788\n|move|p1a: Revavroom|Spin Out|p2a: Hoopa\n|-damage|p2a: Hoopa|25\/100 psn\n|-unboost|p1a: Revavroom|spe|2\n|move|p2a: Hoopa|Destiny Bond|p2a: Hoopa\n|-singlemove|p2a: Hoopa|Destiny Bond\n|\n|-heal|p2a: Hoopa|31\/100 psn|[from] item: Leftovers\n|-damage|p2a: Hoopa|18\/100 psn|[from] psn\n|upkeep\n|turn|14\n|\n|t:|1700494799\n|move|p2a: Hoopa|Hyperspace Hole|p1a: Revavroom\n|-damage|p1a: Revavroom|24\/100\n|-enditem|p1a: Revavroom|Air Balloon\n|move|p1a: Revavroom|Shift Gear|p1a: Revavroom\n|-boost|p1a: Revavroom|spe|2\n|-boost|p1a: Revavroom|atk|1\n|\n|-heal|p2a: Hoopa|24\/100 psn|[from] item: Leftovers\n|-damage|p2a: Hoopa|12\/100 psn|[from] psn\n|upkeep\n|turn|15\n|\n|t:|1700494811\n|move|p1a: Revavroom|Spin Out|p2a: Hoopa\n|-damage|p2a: Hoopa|0 fnt\n|-unboost|p1a: Revavroom|spe|2\n|faint|p2a: Hoopa\n|\n|win|SGT. Owl\n|raw|SGT. Owl's rating: 1000 &rarr; <strong>1040<\/strong><br \/>(+40 for winning)\n|raw|JaedinRxs's rating: 1000 &rarr; <strong>1000<\/strong><br \/>(+0 for losing)\n|c|\u2606SGT. Owl|gg\n|l|\u2606JaedinRxs\n","uploadtime":1700494830,"views":2,"p1id":"sgtowl","p2id":"jaedinrxs","formatid":"gen9nationaldex","rating":1000,"private":0,"password":""}