{"id":"gen9nationaldex-1994000140","p1":"GeneralArthur","p2":"Kuro_xq","format":"[Gen 9] National Dex","log":"|j|\u2606GeneralArthur\n|j|\u2606Kuro_xq\n|t:|1700391119\n|gametype|singles\n|player|p1|GeneralArthur|ltsurge|1337\n|player|p2|Kuro_xq|pokekid|1374\n|teamsize|p1|6\n|teamsize|p2|6\n|gen|9\n|tier|[Gen 9] National Dex\n|rated|\n|rule|HP Percentage Mod: HP is shown in percentages\n|rule|Endless Battle Clause: Forcing endless battles is banned\n|rule|OHKO Clause: OHKO moves are banned\n|rule|Evasion Clause: Evasion abilities, items, and moves are banned\n|rule|Evasion Abilities Clause: Evasion abilities are banned\n|rule|Evasion Items Clause: Evasion items are banned\n|rule|Evasion Moves Clause: Evasion moves are banned\n|rule|Species Clause: Limit one of each Pok\u00e9mon\n|rule|Sleep Clause Mod: Limit one foe put to sleep\n|clearpoke\n|poke|p1|Slowking-Galar, F|\n|poke|p1|Alomomola, F|\n|poke|p1|Charizard, F|\n|poke|p1|Ogerpon-Cornerstone, F|\n|poke|p1|Garganacl, M|\n|poke|p1|Hatterene, F|\n|poke|p2|Sceptile, M|\n|poke|p2|Pikachu, M|\n|poke|p2|Torkoal, F|\n|poke|p2|Swellow, F|\n|poke|p2|Glalie, M|\n|poke|p2|Crawdaunt, F|\n|teampreview\n|inactive|Battle timer is ON: inactive players will automatically lose when time's up. (requested by GeneralArthur)\n|\n|t:|1700391130\n|start\n|switch|p1a: Garganacl|Garganacl, M|100\/100\n|switch|p2a: Swellow|Swellow, F|100\/100\n|turn|1\n|\n|t:|1700391147\n|move|p2a: Swellow|Work Up|p2a: Swellow\n|-boost|p2a: Swellow|atk|1\n|-boost|p2a: Swellow|spa|1\n|move|p1a: Garganacl|Stealth Rock|p2a: Swellow\n|-sidestart|p2: Kuro_xq|move: Stealth Rock\n|\n|-status|p2a: Swellow|brn|[from] item: Flame Orb\n|upkeep\n|turn|2\n|\n|t:|1700391153\n|move|p2a: Swellow|Steel Wing|p1a: Garganacl\n|-supereffective|p1a: Garganacl\n|-damage|p1a: Garganacl|60\/100\n|move|p1a: Garganacl|Salt Cure|p2a: Swellow\n|-supereffective|p2a: Swellow\n|-damage|p2a: Swellow|46\/100 brn\n|-start|p2a: Swellow|Salt Cure\n|\n|-heal|p1a: Garganacl|66\/100|[from] item: Leftovers\n|-damage|p2a: Swellow|39\/100 brn|[from] brn\n|-damage|p2a: Swellow|27\/100 brn|[from] Salt Cure\n|upkeep\n|turn|3\n|\n|t:|1700391162\n|move|p2a: Swellow|Endeavor|p1a: Garganacl\n|-damage|p1a: Garganacl|18\/100\n|move|p1a: Garganacl|Recover|p1a: Garganacl\n|-heal|p1a: Garganacl|68\/100\n|\n|-heal|p1a: Garganacl|74\/100|[from] item: Leftovers\n|-damage|p2a: Swellow|21\/100 brn|[from] brn\n|-damage|p2a: Swellow|9\/100 brn|[from] Salt Cure\n|upkeep\n|turn|4\n|\n|t:|1700391179\n|switch|p2a: Torkoal|Torkoal, F|100\/100\n|switch|p1a: Alomomola|Alomomola, F|100\/100\n|\n|upkeep\n|turn|5\n|\n|t:|1700391189\n|move|p1a: Alomomola|Wish|p1a: Alomomola\n|move|p2a: Torkoal|Stealth Rock|p1a: Alomomola\n|-sidestart|p1: GeneralArthur|move: Stealth Rock\n|\n|upkeep\n|turn|6\n|\n|t:|1700391195\n|move|p1a: Alomomola|Flip Turn|p2a: Torkoal\n|-supereffective|p2a: Torkoal\n|-damage|p2a: Torkoal|83\/100\n|\n|t:|1700391203\n|switch|p1a: Hatterene|Hatterene, F|100\/100|[from] Flip Turn\n|-damage|p1a: Hatterene|88\/100|[from] Stealth Rock\n|move|p2a: Torkoal|Rapid Spin|p1a: Hatterene\n|-damage|p1a: Hatterene|76\/100\n|-boost|p2a: Torkoal|spe|1\n|-sideend|p2: Kuro_xq|Stealth Rock|[from] move: Rapid Spin|[of] p2a: Torkoal\n|\n|-heal|p1a: Hatterene|100\/100|[from] move: Wish|[wisher] Alomomola\n|upkeep\n|turn|7\n|\n|t:|1700391213\n|move|p2a: Torkoal|Body Press|p1a: Hatterene\n|-resisted|p1a: Hatterene\n|-damage|p1a: Hatterene|91\/100\n|move|p1a: Hatterene|Calm Mind|p1a: Hatterene\n|-boost|p1a: Hatterene|spa|1\n|-boost|p1a: Hatterene|spd|1\n|\n|-heal|p1a: Hatterene|97\/100|[from] item: Leftovers\n|upkeep\n|turn|8\n|\n|t:|1700391218\n|move|p2a: Torkoal|Body Press|p1a: Hatterene\n|-resisted|p1a: Hatterene\n|-damage|p1a: Hatterene|88\/100\n|move|p1a: Hatterene|Calm Mind|p1a: Hatterene\n|-boost|p1a: Hatterene|spa|1\n|-boost|p1a: Hatterene|spd|1\n|\n|-heal|p1a: Hatterene|94\/100|[from] item: Leftovers\n|upkeep\n|turn|9\n|\n|t:|1700391242\n|move|p2a: Torkoal|Body Press|p1a: Hatterene\n|-resisted|p1a: Hatterene\n|-damage|p1a: Hatterene|85\/100\n|move|p1a: Hatterene|Psychic|p2a: Torkoal\n|-damage|p2a: Torkoal|0 fnt\n|faint|p2a: Torkoal\n|\n|-heal|p1a: Hatterene|91\/100|[from] item: Leftovers\n|upkeep\n|\n|t:|1700391250\n|switch|p2a: Swellow|Swellow, F|9\/100 brn\n|turn|10\n|\n|t:|1700391257\n|switch|p1a: Alomomola|Alomomola, F|100\/100\n|-damage|p1a: Alomomola|88\/100|[from] Stealth Rock\n|move|p2a: Swellow|Endeavor|p1a: Alomomola\n|-damage|p1a: Alomomola|5\/100\n|-damage|p2a: Swellow|0 fnt|[from] item: Rocky Helmet|[of] p1a: Alomomola\n|faint|p2a: Swellow\n|\n|upkeep\n|\n|t:|1700391264\n|switch|p2a: Pikachu|Pikachu, M|100\/100\n|turn|11\n|\n|t:|1700391271\n|switch|p1a: Slowking|Slowking-Galar, F|100\/100\n|-damage|p1a: Slowking|88\/100|[from] Stealth Rock\n|move|p2a: Pikachu|Thunderbolt|p1a: Slowking\n|-damage|p1a: Slowking|50\/100\n|\n|-heal|p1a: Slowking|56\/100|[from] item: Black Sludge\n|upkeep\n|turn|12\n|\n|t:|1700391288\n|-terastallize|p2a: Pikachu|Flying\n|move|p2a: Pikachu|Tera Blast|p1a: Slowking|[anim] Tera Blast Flying\n|-damage|p1a: Slowking|21\/100\n|move|p1a: Slowking|Sludge Bomb|p2a: Pikachu\n|-damage|p2a: Pikachu|0 fnt\n|faint|p2a: Pikachu\n|\n|-heal|p1a: Slowking|27\/100|[from] item: Black Sludge\n|upkeep\n|\n|t:|1700391298\n|switch|p2a: Sceptile|Sceptile, M|100\/100\n|turn|13\n|\n|t:|1700391308\n|detailschange|p2a: Sceptile|Sceptile-Mega, M\n|-mega|p2a: Sceptile|Sceptile|Sceptilite\n|move|p2a: Sceptile|Dragon Pulse|p1a: Slowking\n|-damage|p1a: Slowking|0 fnt\n|faint|p1a: Slowking\n|\n|upkeep\n|\n|t:|1700391317\n|switch|p1a: Charizard|Charizard, F|100\/100\n|-damage|p1a: Charizard|51\/100|[from] Stealth Rock\n|turn|14\n|\n|t:|1700391324\n|detailschange|p1a: Charizard|Charizard-Mega-X, F\n|-mega|p1a: Charizard|Charizard|Charizardite X\n|move|p2a: Sceptile|Dragon Pulse|p1a: Charizard\n|-supereffective|p1a: Charizard\n|-damage|p1a: Charizard|0 fnt\n|faint|p1a: Charizard\n|\n|upkeep\n|\n|t:|1700391334\n|switch|p1a: Ogerpon|Ogerpon-Cornerstone, F|100\/100\n|-damage|p1a: Ogerpon|88\/100|[from] Stealth Rock\n|turn|15\n|\n|t:|1700391341\n|move|p2a: Sceptile|Focus Blast|p1a: Ogerpon\n|-supereffective|p1a: Ogerpon\n|-damage|p1a: Ogerpon|0 fnt\n|faint|p1a: Ogerpon\n|\n|upkeep\n|\n|t:|1700391344\n|switch|p1a: Hatterene|Hatterene, F|91\/100\n|-damage|p1a: Hatterene|78\/100|[from] Stealth Rock\n|turn|16\n|\n|t:|1700391353\n|switch|p2a: Glalie|Glalie, M|100\/100\n|move|p1a: Hatterene|Calm Mind|p1a: Hatterene\n|-boost|p1a: Hatterene|spa|1\n|-boost|p1a: Hatterene|spd|1\n|\n|-heal|p1a: Hatterene|84\/100|[from] item: Leftovers\n|upkeep\n|turn|17\n|\n|t:|1700391361\n|move|p2a: Glalie|Ice Spinner|p1a: Hatterene\n|-crit|p1a: Hatterene\n|-damage|p1a: Hatterene|35\/100\n|move|p1a: Hatterene|Mystical Fire|p2a: Glalie\n|-supereffective|p2a: Glalie\n|-damage|p2a: Glalie|0 fnt\n|faint|p2a: Glalie\n|\n|-heal|p1a: Hatterene|41\/100|[from] item: Leftovers\n|upkeep\n|\n|t:|1700391367\n|switch|p2a: Crawdaunt|Crawdaunt, F|100\/100\n|turn|18\n|\n|t:|1700391371\n|switch|p1a: Alomomola|Alomomola, F|38\/100\n|-damage|p1a: Alomomola|26\/100|[from] Stealth Rock\n|move|p2a: Crawdaunt|Knock Off|p1a: Alomomola\n|-damage|p1a: Alomomola|0 fnt\n|-damage|p2a: Crawdaunt|84\/100|[from] item: Rocky Helmet|[of] p1a: Alomomola\n|-enditem|p1a: Alomomola|Rocky Helmet|[from] move: Knock Off|[of] p2a: Crawdaunt\n|faint|p1a: Alomomola\n|-damage|p2a: Crawdaunt|74\/100|[from] item: Life Orb\n|\n|upkeep\n|\n|t:|1700391378\n|switch|p1a: Garganacl|Garganacl, M|74\/100\n|-damage|p1a: Garganacl|62\/100|[from] Stealth Rock\n|turn|19\n|\n|t:|1700391382\n|-terastallize|p1a: Garganacl|Ghost\n|move|p2a: Crawdaunt|Knock Off|p1a: Garganacl\n|-supereffective|p1a: Garganacl\n|-damage|p1a: Garganacl|0 fnt\n|-enditem|p1a: Garganacl|Leftovers|[from] move: Knock Off|[of] p2a: Crawdaunt\n|faint|p1a: Garganacl\n|-damage|p2a: Crawdaunt|65\/100|[from] item: Life Orb\n|\n|upkeep\n|-message|GeneralArthur forfeited.\n|\n|win|Kuro_xq\n|raw|GeneralArthur's rating: 1337 &rarr; <strong>1319<\/strong><br \/>(-18 for losing)\n|raw|Kuro_xq's rating: 1374 &rarr; <strong>1392<\/strong><br \/>(+18 for winning)\n|l|\u2606GeneralArthur\n","uploadtime":1700391399,"views":9,"p1id":"generalarthur","p2id":"kuroxq","formatid":"gen9nationaldex","rating":1319,"private":0,"password":""}