{"id":"gen9nationaldex-1991331325","p1":"dvdpoola","p2":"DarkWalrein836","format":"[Gen 9] National Dex","log":"|j|\u2606dvdpoola\n|j|\u2606DarkWalrein836\n|t:|1700068244\n|gametype|singles\n|player|p1|dvdpoola|clown|1180\n|player|p2|DarkWalrein836|acetrainersnowf|1248\n|teamsize|p1|6\n|teamsize|p2|6\n|gen|9\n|tier|[Gen 9] National Dex\n|rated|\n|rule|HP Percentage Mod: HP is shown in percentages\n|rule|Endless Battle Clause: Forcing endless battles is banned\n|rule|OHKO Clause: OHKO moves are banned\n|rule|Evasion Clause: Evasion abilities, items, and moves are banned\n|rule|Evasion Abilities Clause: Evasion abilities are banned\n|rule|Evasion Items Clause: Evasion items are banned\n|rule|Evasion Moves Clause: Evasion moves are banned\n|rule|Species Clause: Limit one of each Pok\u00e9mon\n|rule|Sleep Clause Mod: Limit one foe put to sleep\n|clearpoke\n|poke|p1|Iron Jugulis|\n|poke|p1|Salamence, F|\n|poke|p1|Cobalion|\n|poke|p1|Seismitoad, M|\n|poke|p1|Dachsbun, F|\n|poke|p1|Victini|\n|poke|p2|Scizor, F|\n|poke|p2|Iron Valiant|\n|poke|p2|Rotom-Wash|\n|poke|p2|Weavile, F|\n|poke|p2|Ceruledge, M|\n|poke|p2|Garchomp, F|\n|teampreview\n|inactive|Battle timer is ON: inactive players will automatically lose when time's up. (requested by DarkWalrein836)\n|\n|t:|1700068265\n|start\n|switch|p1a: Cobalion|Cobalion|100\/100\n|switch|p2a: Imaginary Ice|Weavile, F|100\/100\n|-ability|p2a: Imaginary Ice|Pressure\n|turn|1\n|\n|t:|1700068282\n|switch|p2a: Fish Shikigami|Garchomp, F|100\/100\n|move|p1a: Cobalion|Thunder Wave|p2a: Fish Shikigami\n|-immune|p2a: Fish Shikigami\n|\n|upkeep\n|turn|2\n|\n|t:|1700068294\n|move|p1a: Cobalion|Taunt|p2a: Fish Shikigami\n|-start|p2a: Fish Shikigami|move: Taunt\n|cant|p2a: Fish Shikigami|move: Taunt|Stealth Rock\n|\n|upkeep\n|turn|3\n|inactive|dvdpoola has 120 seconds left.\n|\n|t:|1700068337\n|move|p1a: Cobalion|Stealth Rock|p2a: Fish Shikigami\n|-sidestart|p2: DarkWalrein836|move: Stealth Rock\n|move|p2a: Fish Shikigami|Dragon Tail|p1a: Cobalion\n|-resisted|p1a: Cobalion\n|-damage|p1a: Cobalion|89\/100\n|drag|p1a: Seismitoad|Seismitoad, M|100\/100\n|\n|upkeep\n|turn|4\n|\n|t:|1700068350\n|move|p1a: Seismitoad|Liquidation|p2a: Fish Shikigami\n|-damage|p2a: Fish Shikigami|57\/100\n|-damage|p1a: Seismitoad|88\/100|[from] ability: Rough Skin|[of] p2a: Fish Shikigami\n|-damage|p1a: Seismitoad|72\/100|[from] item: Rocky Helmet|[of] p2a: Fish Shikigami\n|move|p2a: Fish Shikigami|Earthquake|p1a: Seismitoad\n|-damage|p1a: Seismitoad|6\/100\n|\n|-end|p2a: Fish Shikigami|move: Taunt\n|upkeep\n|turn|5\n|\n|t:|1700068368\n|move|p1a: Seismitoad|Liquidation|p2a: Fish Shikigami\n|-damage|p2a: Fish Shikigami|11\/100\n|-damage|p1a: Seismitoad|0 fnt|[from] ability: Rough Skin|[of] p2a: Fish Shikigami\n|faint|p1a: Seismitoad\n|move|p2a: Fish Shikigami|Stealth Rock|p1: Seismitoad\n|-sidestart|p1: dvdpoola|move: Stealth Rock\n|\n|upkeep\n|\n|t:|1700068382\n|switch|p1a: Cobalion|Cobalion|89\/100\n|-damage|p1a: Cobalion|86\/100|[from] Stealth Rock\n|turn|6\n|\n|t:|1700068387\n|move|p1a: Cobalion|Iron Head|p2a: Fish Shikigami\n|-damage|p2a: Fish Shikigami|0 fnt\n|-damage|p1a: Cobalion|73\/100|[from] ability: Rough Skin|[of] p2a: Fish Shikigami\n|-damage|p1a: Cobalion|57\/100|[from] item: Rocky Helmet|[of] p2a: Fish Shikigami\n|faint|p2a: Fish Shikigami\n|\n|-heal|p1a: Cobalion|63\/100|[from] item: Leftovers\n|upkeep\n|\n|t:|1700068397\n|switch|p2a: Max Elephant|Rotom-Wash|100\/100\n|-damage|p2a: Max Elephant|88\/100|[from] Stealth Rock\n|turn|7\n|\n|t:|1700068416\n|switch|p1a: Dachsbun|Dachsbun, F|100\/100\n|-damage|p1a: Dachsbun|88\/100|[from] Stealth Rock\n|move|p2a: Max Elephant|Volt Switch|p1a: Dachsbun\n|-damage|p1a: Dachsbun|50\/100\n|\n|t:|1700068426\n|switch|p2a: Nanami|Scizor, F|100\/100|[from] Volt Switch\n|-damage|p2a: Nanami|88\/100|[from] Stealth Rock\n|\n|upkeep\n|turn|8\n|\n|t:|1700068433\n|detailschange|p2a: Nanami|Scizor-Mega, F\n|-mega|p2a: Nanami|Scizor|Scizorite\n|move|p1a: Dachsbun|Wish|p1a: Dachsbun\n|move|p2a: Nanami|Swords Dance|p2a: Nanami\n|-boost|p2a: Nanami|atk|2\n|\n|upkeep\n|turn|9\n|\n|t:|1700068443\n|move|p1a: Dachsbun|Protect|p1a: Dachsbun\n|-singleturn|p1a: Dachsbun|Protect\n|move|p2a: Nanami|Bullet Punch|p1a: Dachsbun\n|-activate|p1a: Dachsbun|move: Protect\n|\n|-heal|p1a: Dachsbun|100\/100|[from] move: Wish|[wisher] Dachsbun\n|upkeep\n|turn|10\n|inactive|dvdpoola has 120 seconds left.\n|\n|t:|1700068453\n|switch|p1a: Victini|Victini|100\/100\n|-damage|p1a: Victini|76\/100|[from] Stealth Rock\n|move|p2a: Nanami|Bullet Punch|p1a: Victini\n|-resisted|p1a: Victini\n|-damage|p1a: Victini|40\/100\n|\n|upkeep\n|turn|11\n|inactive|dvdpoola has 120 seconds left.\n|\n|t:|1700068463\n|switch|p2a: The Disgraced One|Ceruledge, M|100\/100\n|-damage|p2a: The Disgraced One|76\/100|[from] Stealth Rock\n|move|p1a: Victini|V-create|p2a: The Disgraced One\n|-resisted|p2a: The Disgraced One\n|-damage|p2a: The Disgraced One|22\/100\n|-unboost|p1a: Victini|spe|1\n|-unboost|p1a: Victini|def|1\n|-unboost|p1a: Victini|spd|1\n|-ability|p2a: The Disgraced One|Weak Armor|boost\n|-unboost|p2a: The Disgraced One|def|1\n|-boost|p2a: The Disgraced One|spe|2\n|\n|upkeep\n|turn|12\n|inactive|dvdpoola has 120 seconds left.\n|\n|t:|1700068478\n|switch|p1a: Dachsbun|Dachsbun, F|100\/100\n|-damage|p1a: Dachsbun|88\/100|[from] Stealth Rock\n|move|p2a: The Disgraced One|Shadow Sneak|p1a: Dachsbun\n|-damage|p1a: Dachsbun|73\/100\n|-damage|p2a: The Disgraced One|6\/100|[from] item: Rocky Helmet|[of] p1a: Dachsbun\n|\n|upkeep\n|turn|13\n|inactive|dvdpoola has 120 seconds left.\n|\n|t:|1700068491\n|move|p2a: The Disgraced One|Shadow Sneak|p1a: Dachsbun\n|-damage|p1a: Dachsbun|59\/100\n|-damage|p2a: The Disgraced One|0 fnt|[from] item: Rocky Helmet|[of] p1a: Dachsbun\n|faint|p2a: The Disgraced One\n|move|p1a: Dachsbun|Wish|p1a: Dachsbun\n|\n|upkeep\n|\n|t:|1700068501\n|switch|p2a: Imaginary Ice|Weavile, F|100\/100\n|-damage|p2a: Imaginary Ice|76\/100|[from] Stealth Rock\n|-ability|p2a: Imaginary Ice|Pressure\n|turn|14\n|\n|t:|1700068507\n|move|p2a: Imaginary Ice|Knock Off|p1a: Dachsbun\n|-resisted|p1a: Dachsbun\n|-damage|p1a: Dachsbun|43\/100\n|-damage|p2a: Imaginary Ice|59\/100|[from] item: Rocky Helmet|[of] p1a: Dachsbun\n|-enditem|p1a: Dachsbun|Rocky Helmet|[from] move: Knock Off|[of] p2a: Imaginary Ice\n|move|p1a: Dachsbun|Body Press|p2a: Imaginary Ice\n|-supereffective|p2a: Imaginary Ice\n|-damage|p2a: Imaginary Ice|0 fnt\n|faint|p2a: Imaginary Ice\n|\n|-heal|p1a: Dachsbun|93\/100|[from] move: Wish|[wisher] Dachsbun\n|upkeep\n|\n|t:|1700068520\n|switch|p2a: Nanami|Scizor-Mega, F|88\/100\n|-damage|p2a: Nanami|75\/100|[from] Stealth Rock\n|turn|15\n|\n|t:|1700068527\n|move|p1a: Dachsbun|Wish|p1a: Dachsbun\n|move|p2a: Nanami|Swords Dance|p2a: Nanami\n|-boost|p2a: Nanami|atk|2\n|\n|upkeep\n|turn|16\n|\n|t:|1700068532\n|move|p2a: Nanami|Bullet Punch|p1a: Dachsbun\n|-supereffective|p1a: Dachsbun\n|-damage|p1a: Dachsbun|0 fnt\n|faint|p1a: Dachsbun\n|\n|upkeep\n|\n|t:|1700068546\n|switch|p1a: Cobalion|Cobalion|63\/100\n|-damage|p1a: Cobalion|60\/100|[from] Stealth Rock\n|turn|17\n|\n|t:|1700068553\n|move|p1a: Cobalion|Thunder Wave|p2a: Nanami\n|-status|p2a: Nanami|par\n|move|p2a: Nanami|Knock Off|p1a: Cobalion\n|-resisted|p1a: Cobalion\n|-damage|p1a: Cobalion|29\/100\n|-ability|p1a: Cobalion|Justified|boost\n|-boost|p1a: Cobalion|atk|1\n|-enditem|p1a: Cobalion|Leftovers|[from] move: Knock Off|[of] p2a: Nanami\n|\n|upkeep\n|turn|18\n|\n|t:|1700068566\n|cant|p2a: Nanami|par\n|move|p1a: Cobalion|Iron Head|p2a: Nanami\n|-resisted|p2a: Nanami\n|-damage|p2a: Nanami|60\/100 par\n|\n|upkeep\n|turn|19\n|\n|t:|1700068573\n|move|p2a: Nanami|Bullet Punch|p1a: Cobalion\n|-resisted|p1a: Cobalion\n|-damage|p1a: Cobalion|3\/100\n|move|p1a: Cobalion|Iron Head|p2a: Nanami\n|-resisted|p2a: Nanami\n|-damage|p2a: Nanami|46\/100 par\n|\n|upkeep\n|turn|20\n|\n|t:|1700068588\n|move|p2a: Nanami|Bullet Punch|p1a: Cobalion\n|-resisted|p1a: Cobalion\n|-damage|p1a: Cobalion|0 fnt\n|faint|p1a: Cobalion\n|\n|upkeep\n|\n|t:|1700068609\n|switch|p1a: Salamence|Salamence, F|100\/100\n|turn|21\n|\n|t:|1700068617\n|move|p1a: Salamence|Earthquake|p2a: Nanami\n|-damage|p2a: Nanami|18\/100 par\n|move|p2a: Nanami|Knock Off|p1a: Salamence\n|-damage|p1a: Salamence|0 fnt\n|-enditem|p1a: Salamence|Heavy-Duty Boots|[from] move: Knock Off|[of] p2a: Nanami\n|faint|p1a: Salamence\n|\n|upkeep\n|\n|t:|1700068625\n|switch|p1a: Jugulis|Iron Jugulis|100\/100\n|-damage|p1a: Jugulis|76\/100|[from] Stealth Rock\n|-enditem|p1a: Jugulis|Booster Energy\n|-activate|p1a: Jugulis|ability: Quark Drive|[fromitem]\n|-start|p1a: Jugulis|quarkdrivespe\n|turn|22\n|\n|t:|1700068634\n|cant|p2a: Nanami|par\n|move|p1a: Jugulis|Charge Beam|p2a: Nanami\n|-damage|p2a: Nanami|0 fnt\n|-boost|p1a: Jugulis|spa|1\n|faint|p2a: Nanami\n|\n|upkeep\n|\n|t:|1700068644\n|switch|p2a: Max Elephant|Rotom-Wash|88\/100\n|-damage|p2a: Max Elephant|76\/100|[from] Stealth Rock\n|turn|23\n|\n|t:|1700068653\n|-terastallize|p2a: Max Elephant|Electric\n|move|p1a: Jugulis|Dark Pulse|p2a: Max Elephant\n|-damage|p2a: Max Elephant|0 fnt\n|faint|p2a: Max Elephant\n|\n|upkeep\n|\n|t:|1700068660\n|switch|p2a: The Honored One|Iron Valiant|100\/100\n|-damage|p2a: The Honored One|94\/100|[from] Stealth Rock\n|turn|24\n|\n|t:|1700068671\n|move|p1a: Jugulis|Hydro Pump|p2a: The Honored One|[miss]\n|-miss|p1a: Jugulis|p2a: The Honored One\n|move|p2a: The Honored One|Moonblast|p1a: Jugulis\n|-supereffective|p1a: Jugulis\n|-damage|p1a: Jugulis|0 fnt\n|faint|p1a: Jugulis\n|-end|p1a: Jugulis|Quark Drive|[silent]\n|-damage|p2a: The Honored One|85\/100|[from] item: Life Orb\n|\n|upkeep\n|\n|t:|1700068681\n|switch|p1a: Victini|Victini|40\/100\n|-damage|p1a: Victini|15\/100|[from] Stealth Rock\n|turn|25\n|\n|t:|1700068687\n|move|p1a: Victini|V-create|p2a: The Honored One\n|-damage|p2a: The Honored One|0 fnt\n|-unboost|p1a: Victini|spe|1\n|-unboost|p1a: Victini|def|1\n|-unboost|p1a: Victini|spd|1\n|faint|p2a: The Honored One\n|-end|p2a: The Honored One|Quark Drive|[silent]\n|\n|win|dvdpoola\n|raw|dvdpoola's rating: 1180 &rarr; <strong>1210<\/strong><br \/>(+30 for winning)\n|raw|DarkWalrein836's rating: 1248 &rarr; <strong>1218<\/strong><br \/>(-30 for losing)\n|l|\u2606DarkWalrein836\n","uploadtime":1700068701,"views":6,"p1id":"dvdpoola","p2id":"darkwalrein836","formatid":"gen9nationaldex","rating":1210,"private":0,"password":""}