{"id":"gen9nationaldex-1995228563","p1":"i h4t3 this game","p2":"Klawf Up A Lung","format":"[Gen 9] National Dex","log":"|html|<div class=\"broadcast-blue\"><strong>[Gen 9] National Dex is currently suspecting Sneasler! For information on how to participate check out the <a href=\"https:\/\/www.smogon.com\/forums\/threads\/sv-national-dex-suspect-8-just-dance.3731534\/\">suspect thread<\/a>.<\/strong><\/div>\n|j|\u2606i h4t3 this game\n|j|\u203dKlawf Up A Lung\n|t:|1700537239\n|gametype|singles\n|player|p1|i h4t3 this game|169|1501\n|player|p2|Klawf Up A Lung|salvatore|1514\n|teamsize|p1|6\n|teamsize|p2|6\n|gen|9\n|tier|[Gen 9] National Dex\n|rated|\n|rule|HP Percentage Mod: HP is shown in percentages\n|rule|Endless Battle Clause: Forcing endless battles is banned\n|rule|OHKO Clause: OHKO moves are banned\n|rule|Evasion Clause: Evasion abilities, items, and moves are banned\n|rule|Evasion Abilities Clause: Evasion abilities are banned\n|rule|Evasion Items Clause: Evasion items are banned\n|rule|Evasion Moves Clause: Evasion moves are banned\n|rule|Species Clause: Limit one of each Pok\u00e9mon\n|rule|Sleep Clause Mod: Limit one foe put to sleep\n|clearpoke\n|poke|p1|Lopunny, M|\n|poke|p1|Tapu Koko|\n|poke|p1|Garganacl, F|\n|poke|p1|Clodsire, F|\n|poke|p1|Aegislash, F|\n|poke|p1|Tornadus-Therian, M|\n|poke|p2|Vileplume, F|\n|poke|p2|Heatran, F|\n|poke|p2|Jellicent, M|\n|poke|p2|Banette, F|\n|poke|p2|Landorus-Therian, M|\n|poke|p2|Thundurus-Therian, M|\n|teampreview\n|inactive|Battle timer is ON: inactive players will automatically lose when time's up. (requested by Klawf Up A Lung)\n|inactive|i h4t3 this game has 120 seconds left.\n|\n|t:|1700537283\n|start\n|switch|p1a: Tapu Koko|Tapu Koko|100\/100\n|switch|p2a: Landorus|Landorus-Therian, M|100\/100\n|-ability|p2a: Landorus|Intimidate|boost\n|-unboost|p1a: Tapu Koko|atk|1\n|-fieldstart|move: Electric Terrain|[from] ability: Electric Surge|[of] p1a: Tapu Koko\n|turn|1\n|\n|t:|1700537292\n|switch|p2a: Heatran|Heatran, F|100\/100\n|switch|p1a: Tornadus|Tornadus-Therian, M|100\/100\n|\n|upkeep\n|turn|2\n|\n|t:|1700537320\n|switch|p1a: Clodsire|Clodsire, F|100\/100\n|move|p2a: Heatran|Magma Storm|p1a: Clodsire\n|-crit|p1a: Clodsire\n|-damage|p1a: Clodsire|51\/100\n|-activate|p1a: Clodsire|move: Magma Storm|[of] p2a: Heatran\n|\n|-heal|p1a: Clodsire|57\/100|[from] item: Leftovers\n|-damage|p1a: Clodsire|44\/100|[from] move: Magma Storm|[partiallytrapped]\n|upkeep\n|turn|3\n|\n|t:|1700537344\n|move|p2a: Heatran|Taunt|p1a: Clodsire\n|-start|p1a: Clodsire|move: Taunt\n|move|p1a: Clodsire|Earthquake|p2a: Heatran\n|-supereffective|p2a: Heatran\n|-damage|p2a: Heatran|9\/100\n|\n|-heal|p2a: Heatran|16\/100|[from] item: Leftovers\n|-heal|p1a: Clodsire|51\/100|[from] item: Leftovers\n|-damage|p1a: Clodsire|38\/100|[from] move: Magma Storm|[partiallytrapped]\n|upkeep\n|turn|4\n|\n|t:|1700537352\n|move|p2a: Heatran|Earth Power|p1a: Clodsire\n|-supereffective|p1a: Clodsire\n|-damage|p1a: Clodsire|2\/100\n|-unboost|p1a: Clodsire|spd|1\n|move|p1a: Clodsire|Earthquake|p2a: Heatran\n|-supereffective|p2a: Heatran\n|-damage|p2a: Heatran|0 fnt\n|faint|p2a: Heatran\n|\n|-heal|p1a: Clodsire|8\/100|[from] item: Leftovers\n|-end|p1a: Clodsire|Magma Storm|[partiallytrapped]|[silent]\n|upkeep\n|\n|t:|1700537359\n|switch|p2a: Banette|Banette, F|100\/100\n|-item|p1a: Clodsire|Leftovers|[from] ability: Frisk|[of] p2a: Banette|[identify]\n|turn|5\n|\n|t:|1700537383\n|switch|p1a: Tornadus|Tornadus-Therian, M|100\/100\n|detailschange|p2a: Banette|Banette-Mega, F\n|-mega|p2a: Banette|Banette|Banettite\n|move|p2a: Banette|Poltergeist|p1a: Tornadus\n|-activate|p1a: Tornadus|move: Poltergeist|Heavy-Duty Boots\n|-damage|p1a: Tornadus|18\/100\n|\n|-fieldend|move: Electric Terrain\n|upkeep\n|turn|6\n|\n|t:|1700537389\n|switch|p1a: Lopunny|Lopunny, M|100\/100\n|switch|p2a: Thundurus|Thundurus-Therian, M|100\/100\n|\n|upkeep\n|turn|7\n|\n|t:|1700537397\n|switch|p1a: Clodsire|Clodsire, F|8\/100\n|switch|p2a: Vileplume|Vileplume, F|100\/100\n|\n|-heal|p1a: Clodsire|14\/100|[from] item: Leftovers\n|upkeep\n|turn|8\n|\n|t:|1700537400\n|move|p2a: Vileplume|Energy Ball|p1a: Clodsire\n|-damage|p1a: Clodsire|0 fnt\n|faint|p1a: Clodsire\n|\n|upkeep\n|inactive|i h4t3 this game has 120 seconds left.\n|\n|t:|1700537439\n|switch|p1a: Aegislash|Aegislash, F|100\/100\n|turn|9\n|\n|t:|1700537443\n|switch|p2a: Jellicent|Jellicent, M|100\/100\n|move|p1a: Aegislash|Swords Dance|p1a: Aegislash\n|-boost|p1a: Aegislash|atk|2\n|\n|upkeep\n|turn|10\n|\n|t:|1700537447\n|-formechange|p1a: Aegislash|Aegislash-Blade||[from] ability: Stance Change\n|move|p1a: Aegislash|Shadow Sneak|p2a: Jellicent\n|-supereffective|p2a: Jellicent\n|-crit|p2a: Jellicent\n|-damage|p2a: Jellicent|0 fnt\n|faint|p2a: Jellicent\n|\n|upkeep\n|\n|t:|1700537453\n|switch|p2a: Banette|Banette-Mega, F|100\/100\n|turn|11\n|inactive|i h4t3 this game has 120 seconds left.\n|j| NicolasDai\n|\n|t:|1700537511\n|-formechange|p1a: Aegislash|Aegislash||[from] ability: Stance Change\n|move|p1a: Aegislash|King's Shield|p1a: Aegislash\n|-singleturn|p1a: Aegislash|Protect\n|move|p2a: Banette|Disable|p1a: Aegislash\n|-start|p1a: Aegislash|Disable|King's Shield\n|\n|upkeep\n|turn|12\n|\n|t:|1700537526\n|switch|p1a: Lopunny|Lopunny, M|100\/100\n|move|p2a: Banette|Destiny Bond|p2a: Banette\n|-singlemove|p2a: Banette|Destiny Bond\n|\n|upkeep\n|turn|13\n|\n|t:|1700537536\n|switch|p2a: Vileplume|Vileplume, F|100\/100\n|detailschange|p1a: Lopunny|Lopunny-Mega, M\n|-mega|p1a: Lopunny|Lopunny|Lopunnite\n|move|p1a: Lopunny|Fake Out|p2a: Vileplume\n|-damage|p2a: Vileplume|82\/100\n|-damage|p1a: Lopunny|84\/100|[from] item: Rocky Helmet|[of] p2a: Vileplume\n|-status|p1a: Lopunny|slp|[from] ability: Effect Spore|[of] p2a: Vileplume\n|\n|upkeep\n|turn|14\n|inactive|i h4t3 this game has 90 seconds left.\n|\n|t:|1700537568\n|switch|p1a: Aegislash|Aegislash, F|100\/100\n|switch|p2a: Thundurus|Thundurus-Therian, M|100\/100\n|\n|upkeep\n|turn|15\n|\n|t:|1700537577\n|switch|p1a: Tapu Koko|Tapu Koko|100\/100\n|-fieldstart|move: Electric Terrain|[from] ability: Electric Surge|[of] p1a: Tapu Koko\n|move|p2a: Thundurus|Volt Switch|p1a: Tapu Koko\n|-resisted|p1a: Tapu Koko\n|-damage|p1a: Tapu Koko|58\/100\n|\n|t:|1700537582\n|switch|p2a: Landorus|Landorus-Therian, M|100\/100|[from] Volt Switch\n|-ability|p2a: Landorus|Intimidate|boost\n|-unboost|p1a: Tapu Koko|atk|1\n|\n|upkeep\n|turn|16\n|inactive|i h4t3 this game has 90 seconds left.\n|\n|t:|1700537595\n|switch|p1a: Tornadus|Tornadus-Therian, M|52\/100\n|move|p2a: Landorus|Stone Edge|p1a: Tornadus\n|-supereffective|p1a: Tornadus\n|-damage|p1a: Tornadus|0 fnt\n|faint|p1a: Tornadus\n|\n|upkeep\n|\n|t:|1700537604\n|switch|p1a: Garganacl|Garganacl, F|100\/100\n|turn|17\n|inactive|i h4t3 this game has 90 seconds left.\n|\n|t:|1700537620\n|switch|p2a: Banette|Banette-Mega, F|100\/100\n|-terastallize|p1a: Garganacl|Dragon\n|move|p1a: Garganacl|Curse|p1a: Garganacl\n|-unboost|p1a: Garganacl|spe|1\n|-boost|p1a: Garganacl|atk|1\n|-boost|p1a: Garganacl|def|1\n|\n|upkeep\n|turn|18\n|\n|t:|1700537624\n|move|p2a: Banette|Poltergeist|p1a: Garganacl\n|-activate|p1a: Garganacl|move: Poltergeist|Leftovers\n|-damage|p1a: Garganacl|84\/100\n|move|p1a: Garganacl|Salt Cure|p2a: Banette\n|-damage|p2a: Banette|71\/100\n|-start|p2a: Banette|Salt Cure\n|\n|-heal|p1a: Garganacl|90\/100|[from] item: Leftovers\n|-damage|p2a: Banette|58\/100|[from] Salt Cure\n|upkeep\n|turn|19\n|inactive|i h4t3 this game has 90 seconds left.\n|\n|t:|1700537636\n|switch|p2a: Thundurus|Thundurus-Therian, M|100\/100\n|move|p1a: Garganacl|Earthquake|p2a: Thundurus\n|-immune|p2a: Thundurus\n|\n|-heal|p1a: Garganacl|97\/100|[from] item: Leftovers\n|-fieldend|move: Electric Terrain\n|upkeep\n|turn|20\n|\n|t:|1700537640\n|move|p2a: Thundurus|Hidden Power|p1a: Garganacl\n|-supereffective|p1a: Garganacl\n|-damage|p1a: Garganacl|49\/100\n|move|p1a: Garganacl|Salt Cure|p2a: Thundurus\n|-supereffective|p2a: Thundurus\n|-damage|p2a: Thundurus|34\/100\n|-start|p2a: Thundurus|Salt Cure\n|\n|-heal|p1a: Garganacl|55\/100|[from] item: Leftovers\n|-damage|p2a: Thundurus|22\/100|[from] Salt Cure\n|upkeep\n|turn|21\n|\n|t:|1700537654\n|switch|p2a: Banette|Banette-Mega, F|58\/100\n|move|p1a: Garganacl|Recover|p1a: Garganacl\n|-heal|p1a: Garganacl|100\/100\n|\n|upkeep\n|turn|22\n|\n|t:|1700537664\n|move|p2a: Banette|Disable|p1a: Garganacl\n|-start|p1a: Garganacl|Disable|Recover\n|move|p1a: Garganacl|Salt Cure|p2a: Banette\n|-damage|p2a: Banette|33\/100\n|-start|p2a: Banette|Salt Cure\n|\n|-damage|p2a: Banette|20\/100|[from] Salt Cure\n|upkeep\n|turn|23\n|inactive|i h4t3 this game has 120 seconds left.\n|\n|t:|1700537675\n|switch|p2a: Thundurus|Thundurus-Therian, M|22\/100\n|switch|p1a: Tapu Koko|Tapu Koko|58\/100\n|-fieldstart|move: Electric Terrain|[from] ability: Electric Surge|[of] p1a: Tapu Koko\n|\n|upkeep\n|turn|24\n|\n|t:|1700537681\n|switch|p2a: Vileplume|Vileplume, F|82\/100\n|move|p1a: Tapu Koko|Dazzling Gleam|p2a: Vileplume\n|-resisted|p2a: Vileplume\n|-damage|p2a: Vileplume|64\/100\n|\n|upkeep\n|turn|25\n|\n|t:|1700537688\n|switch|p1a: Garganacl|Garganacl, F, tera:Dragon|100\/100\n|move|p2a: Vileplume|Sludge Bomb|p1a: Garganacl\n|-damage|p1a: Garganacl|79\/100\n|\n|-heal|p1a: Garganacl|86\/100|[from] item: Leftovers\n|upkeep\n|turn|26\n|-message|Klawf Up A Lung forfeited.\n|\n|win|i h4t3 this game\n|raw|i h4t3 this game's rating: 1501 &rarr; <strong>1522<\/strong><br \/>(+21 for winning)\n|raw|Klawf Up A Lung's rating: 1514 &rarr; <strong>1493<\/strong><br \/>(-21 for losing)\n|l|\u203dKlawf Up A Lung\n","uploadtime":1700537700,"views":3,"p1id":"ih4t3thisgame","p2id":"klawfupalung","formatid":"gen9nationaldex","rating":1493,"private":0,"password":""}