{"id":"gen9nationaldex-1987304567","p1":"dumass777","p2":"PrinceofUnderworld","format":"[Gen 9] National Dex","log":"|j|\u2606dumass777\n|j|\u2606PrinceofUnderworld\n|t:|1699575351\n|gametype|singles\n|player|p1|dumass777|rei|\n|player|p2|PrinceofUnderworld|101|\n|teamsize|p1|6\n|teamsize|p2|6\n|gen|9\n|tier|[Gen 9] National Dex\n|rule|HP Percentage Mod: HP is shown in percentages\n|rule|Endless Battle Clause: Forcing endless battles is banned\n|rule|OHKO Clause: OHKO moves are banned\n|rule|Evasion Clause: Evasion abilities, items, and moves are banned\n|rule|Evasion Abilities Clause: Evasion abilities are banned\n|rule|Evasion Items Clause: Evasion items are banned\n|rule|Evasion Moves Clause: Evasion moves are banned\n|rule|Species Clause: Limit one of each Pok\u00e9mon\n|rule|Sleep Clause Mod: Limit one foe put to sleep\n|clearpoke\n|poke|p1|Nidoking, M|\n|poke|p1|Iron Moth|\n|poke|p1|Muk-Alola, M|\n|poke|p1|Revavroom, M|\n|poke|p1|Glimmora, M|\n|poke|p1|Venusaur, F|\n|poke|p2|Slurpuff, M|\n|poke|p2|Ninetales-Alola, M|\n|poke|p2|Mawile, F|\n|poke|p2|Tapu Lele|\n|poke|p2|Weezing-Galar, F|\n|poke|p2|Primarina, M|\n|teampreview\n|c|\u2606dumass777|good luck fam\n|c|\u2606PrinceofUnderworld|good luck\n|\n|t:|1699575387\n|start\n|switch|p1a: Glimmora|Glimmora, M|100\/100\n|switch|p2a: Slurpuff|Slurpuff, M|100\/100\n|turn|1\n|\n|t:|1699575393\n|move|p1a: Glimmora|Stealth Rock|p2a: Slurpuff\n|-sidestart|p2: PrinceofUnderworld|move: Stealth Rock\n|move|p2a: Slurpuff|Yawn|p1a: Glimmora\n|-start|p1a: Glimmora|move: Yawn|[of] p2a: Slurpuff\n|\n|upkeep\n|turn|2\n|\n|t:|1699575405\n|switch|p1a: Nidoking|Nidoking, M|100\/100\n|move|p2a: Slurpuff|Sticky Web|p1a: Nidoking\n|-sidestart|p1: dumass777|move: Sticky Web\n|\n|upkeep\n|turn|3\n|\n|t:|1699575409\n|move|p1a: Nidoking|Substitute|p1a: Nidoking\n|-start|p1a: Nidoking|Substitute\n|-damage|p1a: Nidoking|76\/100\n|move|p2a: Slurpuff|Yawn||[still]\n|-fail|p2a: Slurpuff\n|\n|upkeep\n|turn|4\n|\n|t:|1699575422\n|move|p1a: Nidoking|Earth Power|p2a: Slurpuff\n|-damage|p2a: Slurpuff|43\/100\n|-enditem|p2a: Slurpuff|Sitrus Berry|[eat]\n|-heal|p2a: Slurpuff|68\/100|[from] item: Sitrus Berry\n|-damage|p1a: Nidoking|66\/100|[from] item: Life Orb\n|move|p2a: Slurpuff|Energy Ball|p1a: Nidoking\n|-end|p1a: Nidoking|Substitute\n|\n|upkeep\n|turn|5\n|\n|t:|1699575433\n|move|p2a: Slurpuff|Energy Ball|p1a: Nidoking\n|-damage|p1a: Nidoking|40\/100\n|move|p1a: Nidoking|Sludge Wave|p2a: Slurpuff\n|-supereffective|p2a: Slurpuff\n|-damage|p2a: Slurpuff|0 fnt\n|faint|p2a: Slurpuff\n|-damage|p1a: Nidoking|31\/100|[from] item: Life Orb\n|\n|upkeep\n|\n|t:|1699575451\n|switch|p2a: Primarina|Primarina, M|100\/100\n|-damage|p2a: Primarina|88\/100|[from] Stealth Rock\n|turn|6\n|\n|t:|1699575459\n|move|p1a: Nidoking|Sludge Wave|p2a: Primarina\n|-supereffective|p2a: Primarina\n|-damage|p2a: Primarina|15\/100\n|-damage|p1a: Nidoking|21\/100|[from] item: Life Orb\n|move|p2a: Primarina|Energy Ball|p1a: Nidoking\n|-damage|p1a: Nidoking|0 fnt\n|faint|p1a: Nidoking\n|\n|-heal|p2a: Primarina|21\/100|[from] item: Leftovers\n|upkeep\n|c|\u2606dumass777|bruh i forgot sheer force\n|\n|t:|1699575476\n|switch|p1a: Glimmora|Glimmora, M|100\/100\n|-activate|p1a: Glimmora|move: Sticky Web\n|-unboost|p1a: Glimmora|spe|1\n|turn|7\n|\n|t:|1699575481\n|move|p1a: Glimmora|Mortal Spin|p2a: Primarina\n|-supereffective|p2a: Primarina\n|-damage|p2a: Primarina|6\/100\n|-status|p2a: Primarina|psn\n|-sideend|p1: dumass777|Sticky Web|[from] move: Mortal Spin|[of] p1a: Glimmora\n|move|p2a: Primarina|Energy Ball|p1a: Glimmora\n|-damage|p1a: Glimmora|54\/100\n|\n|-heal|p2a: Primarina|12\/100 psn|[from] item: Leftovers\n|-damage|p2a: Primarina|0 fnt|[from] psn\n|faint|p2a: Primarina\n|upkeep\n|\n|t:|1699575552\n|switch|p2a: Tapu Lele|Tapu Lele|100\/100\n|-damage|p2a: Tapu Lele|88\/100|[from] Stealth Rock\n|-fieldstart|move: Psychic Terrain|[from] ability: Psychic Surge|[of] p2a: Tapu Lele\n|turn|8\n|\n|t:|1699575558\n|move|p2a: Tapu Lele|Psychic|p1a: Glimmora\n|-supereffective|p1a: Glimmora\n|-damage|p1a: Glimmora|0 fnt\n|faint|p1a: Glimmora\n|\n|upkeep\n|\n|t:|1699575589\n|switch|p1a: Iron Moth|Iron Moth|100\/100\n|-enditem|p1a: Iron Moth|Booster Energy\n|-activate|p1a: Iron Moth|ability: Quark Drive|[fromitem]\n|-start|p1a: Iron Moth|quarkdrivespe\n|turn|9\n|\n|t:|1699575593\n|move|p1a: Iron Moth|Substitute|p1a: Iron Moth\n|-start|p1a: Iron Moth|Substitute\n|-damage|p1a: Iron Moth|76\/100\n|move|p2a: Tapu Lele|Psychic|p1a: Iron Moth\n|-supereffective|p1a: Iron Moth\n|-end|p1a: Iron Moth|Substitute\n|\n|upkeep\n|turn|10\n|\n|t:|1699575596\n|move|p1a: Iron Moth|Sludge Wave|p2a: Tapu Lele\n|-supereffective|p2a: Tapu Lele\n|-damage|p2a: Tapu Lele|0 fnt\n|faint|p2a: Tapu Lele\n|\n|upkeep\n|\n|t:|1699575601\n|switch|p2a: Weezing|Weezing-Galar, F|100\/100\n|-ability|p2a: Weezing|Neutralizing Gas\n|-damage|p2a: Weezing|88\/100|[from] Stealth Rock\n|-item|p2a: Weezing|Air Balloon\n|turn|11\n|\n|t:|1699575611\n|move|p1a: Iron Moth|Substitute|p1a: Iron Moth\n|-start|p1a: Iron Moth|Substitute\n|-damage|p1a: Iron Moth|51\/100\n|move|p2a: Weezing|Destiny Bond|p2a: Weezing\n|-singlemove|p2a: Weezing|Destiny Bond\n|\n|upkeep\n|turn|12\n|\n|t:|1699575619\n|move|p1a: Iron Moth|Fiery Dance|p2a: Weezing\n|-damage|p2a: Weezing|24\/100\n|-enditem|p2a: Weezing|Air Balloon\n|move|p2a: Weezing|Strange Steam|p1a: Iron Moth|[miss]\n|-miss|p2a: Weezing|p1a: Iron Moth\n|\n|-fieldend|move: Psychic Terrain\n|upkeep\n|turn|13\n|\n|t:|1699575625\n|move|p1a: Iron Moth|Fiery Dance|p2a: Weezing\n|-damage|p2a: Weezing|0 fnt\n|faint|p2a: Weezing\n|-end|p2a: Weezing|ability: Neutralizing Gas\n|\n|upkeep\n|\n|t:|1699575659\n|switch|p2a: Ninetales|Ninetales-Alola, M|100\/100\n|-damage|p2a: Ninetales|76\/100|[from] Stealth Rock\n|-weather|Snow|[from] ability: Snow Warning|[of] p2a: Ninetales\n|turn|14\n|\n|t:|1699575665\n|move|p1a: Iron Moth|Sludge Wave|p2a: Ninetales\n|-supereffective|p2a: Ninetales\n|-damage|p2a: Ninetales|0 fnt\n|faint|p2a: Ninetales\n|\n|-weather|Snow|[upkeep]\n|upkeep\n|\n|t:|1699575668\n|switch|p2a: Mawile|Mawile, F|100\/100\n|-damage|p2a: Mawile|95\/100|[from] Stealth Rock\n|-ability|p2a: Mawile|Intimidate|boost\n|-immune|p1a: Iron Moth\n|turn|15\n|\n|t:|1699575673\n|detailschange|p2a: Mawile|Mawile-Mega, F\n|-mega|p2a: Mawile|Mawile|Mawilite\n|move|p2a: Mawile|Sucker Punch|p1a: Iron Moth\n|-crit|p1a: Iron Moth\n|-end|p1a: Iron Moth|Substitute\n|move|p1a: Iron Moth|Fiery Dance|p2a: Mawile\n|-supereffective|p2a: Mawile\n|-damage|p2a: Mawile|7\/100\n|\n|-weather|Snow|[upkeep]\n|upkeep\n|turn|16\n|\n|t:|1699575684\n|move|p1a: Iron Moth|Substitute|p1a: Iron Moth\n|-start|p1a: Iron Moth|Substitute\n|-damage|p1a: Iron Moth|26\/100\n|move|p2a: Mawile|Rock Slide|p1a: Iron Moth\n|-supereffective|p1a: Iron Moth\n|-end|p1a: Iron Moth|Substitute\n|\n|-weather|Snow|[upkeep]\n|upkeep\n|turn|17\n|\n|t:|1699575696\n|move|p1a: Iron Moth|Substitute|p1a: Iron Moth\n|-start|p1a: Iron Moth|Substitute\n|-damage|p1a: Iron Moth|1\/100\n|move|p2a: Mawile|Rock Slide|p1a: Iron Moth\n|-supereffective|p1a: Iron Moth\n|-end|p1a: Iron Moth|Substitute\n|\n|-weather|Snow|[upkeep]\n|upkeep\n|turn|18\n|\n|t:|1699575701\n|move|p2a: Mawile|Sucker Punch||[still]\n|-fail|p2a: Mawile\n|move|p1a: Iron Moth|Substitute|p1a: Iron Moth\n|-fail|p1a: Iron Moth|move: Substitute|[weak]\n|\n|-weather|none\n|upkeep\n|turn|19\n|\n|t:|1699575705\n|move|p1a: Iron Moth|Fiery Dance|p2a: Mawile\n|-supereffective|p2a: Mawile\n|-crit|p2a: Mawile\n|-damage|p2a: Mawile|0 fnt\n|-boost|p1a: Iron Moth|spa|1\n|faint|p2a: Mawile\n|\n|win|dumass777\n|c|\u2606dumass777|ggwp\n|c|\u2606PrinceofUnderworld|gg\n","uploadtime":1699575715,"views":18,"p1id":"dumass777","p2id":"princeofunderworld","formatid":"gen9nationaldex","rating":0,"private":0,"password":""}