{"id":"gen9nationaldex-1992371061","p1":"Azu_CriticalXD","p2":"SebasTrainer2461","format":"[Gen 9] National Dex","log":"|j|\u2606Azu_CriticalXD\n|j|\u2606SebasTrainer2461\n|t:|1700179823\n|gametype|singles\n|player|p1|Azu_CriticalXD|ltsurge|\n|player|p2|SebasTrainer2461|102|\n|teamsize|p1|6\n|teamsize|p2|6\n|gen|9\n|tier|[Gen 9] National Dex\n|rule|HP Percentage Mod: HP is shown in percentages\n|rule|Endless Battle Clause: Forcing endless battles is banned\n|rule|OHKO Clause: OHKO moves are banned\n|rule|Evasion Clause: Evasion abilities, items, and moves are banned\n|rule|Evasion Abilities Clause: Evasion abilities are banned\n|rule|Evasion Items Clause: Evasion items are banned\n|rule|Evasion Moves Clause: Evasion moves are banned\n|rule|Species Clause: Limit one of each Pok\u00e9mon\n|rule|Sleep Clause Mod: Limit one foe put to sleep\n|clearpoke\n|poke|p1|Chansey, F|\n|poke|p1|Ursaluna, F|\n|poke|p1|Maushold-Four|\n|poke|p1|Regigigas|\n|poke|p1|Pidgeot, F|\n|poke|p1|Porygon-Z|\n|poke|p2|Charizard, M|\n|poke|p2|Gengar, M|\n|poke|p2|Gyarados, M|\n|poke|p2|Jolteon, M|\n|poke|p2|Dragonite, M|\n|poke|p2|Snorlax, M|\n|teampreview\n|\n|t:|1700179836\n|start\n|switch|p1a: Reginder|Regigigas, shiny|100\/100\n|switch|p2a: Charizard|Charizard, M|100\/100\n|-start|p1a: Reginder|ability: Slow Start\n|turn|1\n|\n|t:|1700179850\n|move|p2a: Charizard|Flamethrower|p1a: Reginder\n|-damage|p1a: Reginder|69\/100\n|move|p1a: Reginder|Thunder Wave|p2a: Charizard\n|-status|p2a: Charizard|par\n|\n|-heal|p1a: Reginder|75\/100|[from] item: Leftovers\n|upkeep\n|turn|2\n|\n|t:|1700179864\n|-end|p1a: Reginder|Slow Start|[silent]\n|switch|p1a: Chachan|Chansey, F, shiny|100\/100\n|move|p2a: Charizard|Fire Blast|p1a: Chachan\n|-damage|p1a: Chachan|84\/100\n|-status|p1a: Chachan|brn\n|\n|-damage|p1a: Chachan|78\/100 brn|[from] brn\n|upkeep\n|turn|3\n|\n|t:|1700179876\n|move|p1a: Chachan|Wish|p1a: Chachan\n|move|p2a: Charizard|Flamethrower|p1a: Chachan\n|-damage|p1a: Chachan|65\/100 brn\n|\n|-damage|p1a: Chachan|59\/100 brn|[from] brn\n|upkeep\n|turn|4\n|\n|t:|1700179887\n|move|p1a: Chachan|Seismic Toss|p2a: Charizard\n|-damage|p2a: Charizard|69\/100 par\n|move|p2a: Charizard|Body Slam|p1a: Chachan\n|-damage|p1a: Chachan|47\/100 brn\n|\n|-heal|p1a: Chachan|97\/100 brn|[from] move: Wish|[wisher] Chachan\n|-damage|p1a: Chachan|91\/100 brn|[from] brn\n|upkeep\n|turn|5\n|\n|t:|1700179906\n|-curestatus|p1a: Chachan|brn|[from] ability: Natural Cure\n|switch|p1a: Fancie|Ursaluna, F, shiny|100\/100\n|move|p2a: Charizard|Fire Punch|p1a: Fancie\n|-damage|p1a: Fancie|79\/100\n|-status|p1a: Fancie|brn\n|\n|-damage|p1a: Fancie|73\/100 brn|[from] brn\n|upkeep\n|turn|6\n|\n|t:|1700179922\n|switch|p2a: Snorlax|Snorlax, M|100\/100\n|move|p1a: Fancie|Facade|p2a: Snorlax\n|-damage|p2a: Snorlax|0 fnt\n|faint|p2a: Snorlax\n|\n|-damage|p1a: Fancie|67\/100 brn|[from] brn\n|upkeep\n|\n|t:|1700179935\n|switch|p2a: Gyarados|Gyarados, M|100\/100\n|-ability|p2a: Gyarados|Intimidate|boost\n|-unboost|p1a: Fancie|atk|1\n|turn|7\n|\n|t:|1700179946\n|-terastallize|p1a: Fancie|Ghost\n|move|p2a: Gyarados|Hyper Beam|p1a: Fancie\n|-immune|p1a: Fancie\n|move|p1a: Fancie|Facade|p2a: Gyarados\n|-damage|p2a: Gyarados|17\/100\n|\n|-damage|p1a: Fancie|60\/100 brn|[from] brn\n|upkeep\n|turn|8\n|\n|t:|1700179959\n|move|p2a: Gyarados|Waterfall|p1a: Fancie\n|-damage|p1a: Fancie|33\/100 brn\n|move|p1a: Fancie|Shadow Claw|p2a: Gyarados\n|-damage|p2a: Gyarados|0 fnt\n|faint|p2a: Gyarados\n|\n|-damage|p1a: Fancie|27\/100 brn|[from] brn\n|upkeep\n|\n|t:|1700179972\n|switch|p2a: Jolteon|Jolteon, M|100\/100\n|turn|9\n|\n|t:|1700179985\n|move|p2a: Jolteon|Thunderbolt|p1a: Fancie\n|-damage|p1a: Fancie|0 fnt\n|faint|p1a: Fancie\n|\n|upkeep\n|\n|t:|1700179997\n|switch|p1a: Nightmares|Maushold-Four, shiny|100\/100\n|turn|10\n|\n|t:|1700180010\n|switch|p1a: Chachan|Chansey, F, shiny|91\/100\n|move|p2a: Jolteon|Thunder|p1a: Chachan\n|-damage|p1a: Chachan|76\/100\n|\n|upkeep\n|turn|11\n|\n|t:|1700180024\n|switch|p2a: Dragonite|Dragonite, M|100\/100\n|move|p1a: Chachan|Wish|p1a: Chachan\n|\n|upkeep\n|turn|12\n|\n|t:|1700180033\n|move|p2a: Dragonite|Earthquake|p1a: Chachan\n|-damage|p1a: Chachan|57\/100\n|move|p1a: Chachan|Thunder Wave|p2a: Dragonite\n|-status|p2a: Dragonite|par\n|\n|-heal|p1a: Chachan|100\/100|[from] move: Wish|[wisher] Chachan\n|upkeep\n|turn|13\n|\n|t:|1700180046\n|move|p1a: Chachan|Wish|p1a: Chachan\n|move|p2a: Dragonite|Draco Meteor|p1a: Chachan\n|-damage|p1a: Chachan|85\/100\n|-unboost|p2a: Dragonite|spa|2\n|\n|upkeep\n|turn|14\n|\n|t:|1700180055\n|move|p1a: Chachan|Seismic Toss|p2a: Dragonite\n|-damage|p2a: Dragonite|71\/100 par\n|move|p2a: Dragonite|Dragon Pulse|p1a: Chachan\n|-damage|p1a: Chachan|79\/100\n|\n|-heal|p1a: Chachan|100\/100|[from] move: Wish|[wisher] Chachan\n|upkeep\n|turn|15\n|\n|t:|1700180070\n|switch|p2a: Gengar|Gengar, M|100\/100\n|move|p1a: Chachan|Wish|p1a: Chachan\n|\n|upkeep\n|turn|16\n|\n|t:|1700180080\n|move|p2a: Gengar|Energy Ball|p1a: Chachan\n|-damage|p1a: Chachan|93\/100\n|move|p1a: Chachan|Thunder Wave|p2a: Gengar\n|-status|p2a: Gengar|par\n|\n|-heal|p1a: Chachan|100\/100|[from] move: Wish|[wisher] Chachan\n|upkeep\n|turn|17\n|\n|t:|1700180101\n|switch|p1a: Glitchy.exe|Porygon-Z, shiny|100\/100\n|-terastallize|p2a: Gengar|Ghost\n|move|p2a: Gengar|Curse|p1a: Glitchy.exe\n|-start|p1a: Glitchy.exe|Curse|[of] p2a: Gengar\n|-damage|p2a: Gengar|50\/100 par\n|\n|-damage|p1a: Glitchy.exe|76\/100|[from] Curse\n|upkeep\n|turn|18\n|\n|t:|1700180116\n|switch|p1a: Dashy|Pidgeot, F, shiny|100\/100\n|cant|p2a: Gengar|par\n|\n|upkeep\n|turn|19\n|\n|t:|1700180123\n|detailschange|p1a: Dashy|Pidgeot-Mega, F, shiny\n|-mega|p1a: Dashy|Pidgeot|Pidgeotite\n|move|p1a: Dashy|Hurricane|p2a: Gengar\n|-damage|p2a: Gengar|0 fnt\n|-start|p1a: Dashy|Disable|Hurricane|[from] ability: Cursed Body|[of] p2a: Gengar\n|faint|p2a: Gengar\n|\n|upkeep\n|\n|t:|1700180135\n|switch|p2a: Charizard|Charizard, M|69\/100 par\n|turn|20\n|\n|t:|1700180142\n|switch|p1a: Chachan|Chansey, F, shiny|100\/100\n|move|p2a: Charizard|Fire Punch|p1a: Chachan\n|-damage|p1a: Chachan|82\/100\n|\n|upkeep\n|turn|21\n|\n|t:|1700180153\n|switch|p2a: Jolteon|Jolteon, M|100\/100\n|move|p1a: Chachan|Wish|p1a: Chachan\n|\n|upkeep\n|turn|22\n|\n|t:|1700180162\n|switch|p1a: Nightmares|Maushold-Four, shiny|100\/100\n|move|p2a: Jolteon|Bite|p1a: Nightmares\n|-damage|p1a: Nightmares|84\/100\n|\n|-heal|p1a: Nightmares|100\/100|[from] move: Wish|[wisher] Chachan\n|upkeep\n|turn|23\n|\n|t:|1700180182\n|move|p1a: Nightmares|Population Bomb|p2a: Jolteon\n|-damage|p2a: Jolteon|82\/100\n|-damage|p2a: Jolteon|63\/100\n|-damage|p2a: Jolteon|47\/100\n|-damage|p2a: Jolteon|28\/100\n|-damage|p2a: Jolteon|12\/100\n|-damage|p2a: Jolteon|0 fnt\n|faint|p2a: Jolteon\n|-hitcount|p2: Jolteon|6\n|\n|upkeep\n|\n|t:|1700180196\n|switch|p2a: Charizard|Charizard, M|69\/100 par\n|turn|24\n|\n|t:|1700180202\n|move|p1a: Nightmares|Population Bomb|p2a: Charizard\n|-damage|p2a: Charizard|56\/100 par\n|-damage|p2a: Charizard|43\/100 par\n|-damage|p2a: Charizard|30\/100 par\n|-damage|p2a: Charizard|17\/100 par\n|-damage|p2a: Charizard|3\/100 par\n|-damage|p2a: Charizard|0 fnt\n|faint|p2a: Charizard\n|-hitcount|p2: Charizard|6\n|\n|upkeep\n|\n|t:|1700180215\n|switch|p2a: Dragonite|Dragonite, M|71\/100 par\n|turn|25\n|\n|t:|1700180221\n|move|p1a: Nightmares|Population Bomb|p2a: Dragonite\n|-damage|p2a: Dragonite|60\/100 par\n|-damage|p2a: Dragonite|50\/100 par\n|-damage|p2a: Dragonite|39\/100 par\n|-damage|p2a: Dragonite|28\/100 par\n|-damage|p2a: Dragonite|17\/100 par\n|-enditem|p2a: Dragonite|Aguav Berry|[eat]\n|-heal|p2a: Dragonite|50\/100 par|[from] item: Aguav Berry\n|-damage|p2a: Dragonite|39\/100 par\n|-damage|p2a: Dragonite|28\/100 par\n|-damage|p2a: Dragonite|17\/100 par\n|-damage|p2a: Dragonite|6\/100 par\n|-damage|p2a: Dragonite|0 fnt\n|faint|p2a: Dragonite\n|-hitcount|p2: Dragonite|10\n|\n|win|Azu_CriticalXD\n|c|\u2606Azu_CriticalXD|gg\n|l|\u2606SebasTrainer2461\n","uploadtime":1700180231,"views":6,"p1id":"azucriticalxd","p2id":"sebastrainer2461","formatid":"gen9nationaldex","rating":0,"private":0,"password":""}