{"id":"gen9nationaldex-1994728887","p1":"Nadlei37","p2":"mysteryflame","format":"[Gen 9] National Dex","log":"|html|<div class=\"broadcast-blue\"><strong>[Gen 9] National Dex is currently suspecting Sneasler! For information on how to participate check out the <a href=\"https:\/\/www.smogon.com\/forums\/threads\/sv-national-dex-suspect-8-just-dance.3731534\/\">suspect thread<\/a>.<\/strong><\/div>\n|j|\u2606Nadlei37\n|j|\u2606mysteryflame\n|t:|1700486540\n|gametype|singles\n|player|p1|Nadlei37|1|\n|player|p2|mysteryflame|n-masters|\n|teamsize|p1|6\n|teamsize|p2|6\n|gen|9\n|tier|[Gen 9] National Dex\n|rule|HP Percentage Mod: HP is shown in percentages\n|rule|Endless Battle Clause: Forcing endless battles is banned\n|rule|OHKO Clause: OHKO moves are banned\n|rule|Evasion Clause: Evasion abilities, items, and moves are banned\n|rule|Evasion Abilities Clause: Evasion abilities are banned\n|rule|Evasion Items Clause: Evasion items are banned\n|rule|Evasion Moves Clause: Evasion moves are banned\n|rule|Species Clause: Limit one of each Pok\u00e9mon\n|rule|Sleep Clause Mod: Limit one foe put to sleep\n|clearpoke\n|poke|p1|Chansey, F|\n|poke|p1|Garganacl, M|\n|poke|p1|Latias, F|\n|poke|p1|Toxapex, F|\n|poke|p1|Gliscor, M|\n|poke|p1|Tapu Bulu|\n|poke|p2|Hydreigon, M|\n|poke|p2|Aegislash, M|\n|poke|p2|Slowbro, M|\n|poke|p2|Amoonguss, F|\n|poke|p2|Landorus-Therian, M|\n|poke|p2|Clefable, F|\n|teampreview\n|\n|t:|1700486566\n|start\n|switch|p1a: Dracula de mierda|Gliscor, M|100\/100\n|switch|p2a: Landorus|Landorus-Therian, M|100\/100\n|-ability|p2a: Landorus|Intimidate|boost\n|-unboost|p1a: Dracula de mierda|atk|1\n|turn|1\n|\n|t:|1700486579\n|move|p2a: Landorus|U-turn|p1a: Dracula de mierda\n|-resisted|p1a: Dracula de mierda\n|-damage|p1a: Dracula de mierda|93\/100\n|\n|t:|1700486582\n|switch|p2a: Hydreigon|Hydreigon, M|100\/100|[from] U-turn\n|move|p1a: Dracula de mierda|Stealth Rock|p2a: Hydreigon\n|-sidestart|p2: mysteryflame|move: Stealth Rock\n|\n|-status|p1a: Dracula de mierda|tox|[from] item: Toxic Orb\n|upkeep\n|turn|2\n|\n|t:|1700486602\n|move|p2a: Hydreigon|Nasty Plot|p2a: Hydreigon\n|-boost|p2a: Hydreigon|spa|2\n|move|p1a: Dracula de mierda|U-turn|p2a: Hydreigon\n|-supereffective|p2a: Hydreigon\n|-damage|p2a: Hydreigon|77\/100\n|\n|t:|1700486610\n|switch|p1a: Sonia|Chansey, F|100\/100|[from] U-turn\n|\n|upkeep\n|turn|3\n|\n|t:|1700486617\n|move|p2a: Hydreigon|Nasty Plot|p2a: Hydreigon\n|-boost|p2a: Hydreigon|spa|2\n|move|p1a: Sonia|Seismic Toss|p2a: Hydreigon\n|-damage|p2a: Hydreigon|46\/100\n|\n|upkeep\n|turn|4\n|\n|t:|1700486648\n|move|p2a: Hydreigon|Roost|p2a: Hydreigon\n|-heal|p2a: Hydreigon|96\/100\n|-singleturn|p2a: Hydreigon|move: Roost\n|move|p1a: Sonia|Toxic|p2a: Hydreigon\n|-status|p2a: Hydreigon|tox\n|\n|-damage|p2a: Hydreigon|90\/100 tox|[from] psn\n|upkeep\n|turn|5\n|\n|t:|1700486656\n|move|p2a: Hydreigon|Nasty Plot|p2a: Hydreigon\n|-boost|p2a: Hydreigon|spa|2\n|move|p1a: Sonia|Seismic Toss|p2a: Hydreigon\n|-damage|p2a: Hydreigon|60\/100 tox\n|\n|-damage|p2a: Hydreigon|47\/100 tox|[from] psn\n|upkeep\n|turn|6\n|\n|t:|1700486663\n|-zpower|p2a: Hydreigon\n|move|p2a: Hydreigon|Black Hole Eclipse|p1a: Sonia|[zeffect]\n|-damage|p1a: Sonia|7\/100\n|move|p1a: Sonia|Soft-Boiled|p1a: Sonia\n|-heal|p1a: Sonia|57\/100\n|\n|-damage|p2a: Hydreigon|29\/100 tox|[from] psn\n|upkeep\n|turn|7\n|\n|t:|1700486673\n|move|p2a: Hydreigon|Dark Pulse|p1a: Sonia\n|-damage|p1a: Sonia|4\/100\n|cant|p1a: Sonia|flinch\n|\n|-damage|p2a: Hydreigon|4\/100 tox|[from] psn\n|upkeep\n|turn|8\n|\n|t:|1700486681\n|move|p2a: Hydreigon|Roost|p2a: Hydreigon\n|-heal|p2a: Hydreigon|54\/100 tox\n|-singleturn|p2a: Hydreigon|move: Roost\n|move|p1a: Sonia|Soft-Boiled|p1a: Sonia\n|-heal|p1a: Sonia|54\/100\n|\n|-damage|p2a: Hydreigon|24\/100 tox|[from] psn\n|upkeep\n|turn|9\n|\n|t:|1700486688\n|move|p2a: Hydreigon|Dark Pulse|p1a: Sonia\n|-damage|p1a: Sonia|8\/100\n|move|p1a: Sonia|Soft-Boiled|p1a: Sonia\n|-heal|p1a: Sonia|58\/100\n|\n|-damage|p2a: Hydreigon|0 fnt|[from] psn\n|faint|p2a: Hydreigon\n|upkeep\n|\n|t:|1700486700\n|switch|p2a: Landorus|Landorus-Therian, M|100\/100\n|-damage|p2a: Landorus|88\/100|[from] Stealth Rock\n|-ability|p2a: Landorus|Intimidate|boost\n|-unboost|p1a: Sonia|atk|1\n|turn|10\n|\n|t:|1700486707\n|move|p2a: Landorus|Stone Edge|p1a: Sonia\n|-damage|p1a: Sonia|34\/100\n|move|p1a: Sonia|Soft-Boiled|p1a: Sonia\n|-heal|p1a: Sonia|84\/100\n|\n|upkeep\n|turn|11\n|\n|t:|1700486724\n|switch|p2a: Aegislash|Aegislash, M|100\/100\n|-damage|p2a: Aegislash|94\/100|[from] Stealth Rock\n|switch|p1a: Gargantuo|Garganacl, M|100\/100\n|\n|-heal|p2a: Aegislash|100\/100|[from] item: Leftovers\n|upkeep\n|turn|12\n|\n|t:|1700486741\n|switch|p2a: Landorus|Landorus-Therian, M|88\/100\n|-damage|p2a: Landorus|76\/100|[from] Stealth Rock\n|-ability|p2a: Landorus|Intimidate|boost\n|-unboost|p1a: Gargantuo|atk|1\n|move|p1a: Gargantuo|Salt Cure|p2a: Landorus\n|-damage|p2a: Landorus|67\/100\n|-start|p2a: Landorus|Salt Cure\n|\n|-damage|p2a: Landorus|54\/100|[from] Salt Cure\n|upkeep\n|turn|13\n|\n|t:|1700486751\n|switch|p1a: Dracula de mierda|Gliscor, M|93\/100 tox\n|move|p2a: Landorus|Defog|p1a: Dracula de mierda\n|-unboost|p1a: Dracula de mierda|evasion|1\n|-sideend|p2: mysteryflame|Stealth Rock|[from] move: Defog|[of] p2a: Landorus\n|\n|-heal|p1a: Dracula de mierda|100\/100 tox|[from] ability: Poison Heal\n|-damage|p2a: Landorus|42\/100|[from] Salt Cure\n|upkeep\n|turn|14\n|\n|t:|1700486760\n|switch|p2a: Slowbro|Slowbro, M|100\/100\n|move|p1a: Dracula de mierda|Stealth Rock|p2a: Slowbro\n|-sidestart|p2: mysteryflame|move: Stealth Rock\n|\n|upkeep\n|turn|15\n|\n|t:|1700486769\n|move|p1a: Dracula de mierda|Knock Off|p2a: Slowbro\n|-supereffective|p2a: Slowbro\n|-damage|p2a: Slowbro|77\/100\n|-enditem|p2a: Slowbro|Leftovers|[from] move: Knock Off|[of] p1a: Dracula de mierda\n|move|p2a: Slowbro|Scald|p1a: Dracula de mierda\n|-supereffective|p1a: Dracula de mierda\n|-crit|p1a: Dracula de mierda\n|-damage|p1a: Dracula de mierda|0 fnt\n|faint|p1a: Dracula de mierda\n|\n|upkeep\n|\n|t:|1700486793\n|switch|p1a: Las tias|Latias, F|100\/100\n|turn|16\n|\n|t:|1700486797\n|detailschange|p1a: Las tias|Latias-Mega, F\n|-mega|p1a: Las tias|Latias|Latiasite\n|move|p1a: Las tias|Toxic|p2a: Slowbro\n|-status|p2a: Slowbro|tox\n|move|p2a: Slowbro|Ice Beam|p1a: Las tias\n|-supereffective|p1a: Las tias\n|-damage|p1a: Las tias|72\/100\n|\n|-damage|p2a: Slowbro|71\/100 tox|[from] psn\n|upkeep\n|turn|17\n|\n|t:|1700486807\n|switch|p1a: Sonia|Chansey, F|84\/100\n|switch|p2a: Clefable|Clefable, F|100\/100\n|\n|upkeep\n|turn|18\n|\n|t:|1700486859\n|switch|p1a: Gargantuo|Garganacl, M|100\/100\n|move|p2a: Clefable|Stealth Rock|p1a: Gargantuo\n|-sidestart|p1: Nadlei37|move: Stealth Rock\n|\n|upkeep\n|turn|19\n|\n|t:|1700486867\n|move|p2a: Clefable|Calm Mind|p2a: Clefable\n|-boost|p2a: Clefable|spa|1\n|-boost|p2a: Clefable|spd|1\n|move|p1a: Gargantuo|Iron Defense|p1a: Gargantuo\n|-boost|p1a: Gargantuo|def|2\n|\n|upkeep\n|turn|20\n|\n|t:|1700486870\n|move|p2a: Clefable|Calm Mind|p2a: Clefable\n|-boost|p2a: Clefable|spa|1\n|-boost|p2a: Clefable|spd|1\n|move|p1a: Gargantuo|Iron Defense|p1a: Gargantuo\n|-boost|p1a: Gargantuo|def|2\n|\n|upkeep\n|turn|21\n|\n|t:|1700486874\n|move|p2a: Clefable|Moonblast|p1a: Gargantuo\n|-damage|p1a: Gargantuo|46\/100\n|-unboost|p1a: Gargantuo|spa|1\n|move|p1a: Gargantuo|Iron Defense|p1a: Gargantuo\n|-boost|p1a: Gargantuo|def|2\n|\n|-heal|p1a: Gargantuo|52\/100|[from] item: Leftovers\n|upkeep\n|turn|22\n|\n|t:|1700486878\n|move|p2a: Clefable|Moonblast|p1a: Gargantuo\n|-damage|p1a: Gargantuo|0 fnt\n|faint|p1a: Gargantuo\n|\n|upkeep\n|\n|t:|1700486883\n|switch|p1a: tapu que cojones|Tapu Bulu|100\/100\n|-damage|p1a: tapu que cojones|88\/100|[from] Stealth Rock\n|-fieldstart|move: Grassy Terrain|[from] ability: Grassy Surge|[of] p1a: tapu que cojones\n|turn|23\n|\n|t:|1700486898\n|switch|p2a: Amoonguss|Amoonguss, F|100\/100\n|-damage|p2a: Amoonguss|88\/100|[from] Stealth Rock\n|move|p1a: tapu que cojones|Horn Leech|p2a: Amoonguss\n|-resisted|p2a: Amoonguss\n|-damage|p2a: Amoonguss|75\/100\n|-heal|p1a: tapu que cojones|98\/100|[from] drain|[of] p2a: Amoonguss\n|\n|-heal|p1a: tapu que cojones|100\/100|[from] Grassy Terrain\n|-heal|p2a: Amoonguss|81\/100|[from] Grassy Terrain\n|-heal|p2a: Amoonguss|87\/100|[from] item: Black Sludge\n|upkeep\n|turn|24\n|\n|t:|1700486904\n|switch|p1a: Sonia|Chansey, F|84\/100\n|-damage|p1a: Sonia|72\/100|[from] Stealth Rock\n|move|p2a: Amoonguss|Sludge Bomb|p1a: Sonia\n|-damage|p1a: Sonia|64\/100\n|\n|-heal|p1a: Sonia|70\/100|[from] Grassy Terrain\n|-heal|p2a: Amoonguss|93\/100|[from] Grassy Terrain\n|-heal|p2a: Amoonguss|99\/100|[from] item: Black Sludge\n|upkeep\n|turn|25\n|\n|t:|1700486918\n|switch|p1a: Las tias|Latias-Mega, F|72\/100\n|-damage|p1a: Las tias|60\/100|[from] Stealth Rock\n|move|p2a: Amoonguss|Spore|p1a: Las tias\n|-status|p1a: Las tias|slp|[from] move: Spore\n|\n|-heal|p2a: Amoonguss|100\/100|[from] Grassy Terrain\n|upkeep\n|turn|26\n|\n|t:|1700486930\n|switch|p2a: Clefable|Clefable, F|100\/100\n|cant|p1a: Las tias|slp\n|\n|upkeep\n|turn|27\n|\n|t:|1700486934\n|switch|p1a: tapu que cojones|Tapu Bulu|100\/100\n|-damage|p1a: tapu que cojones|88\/100|[from] Stealth Rock\n|move|p2a: Clefable|Calm Mind|p2a: Clefable\n|-boost|p2a: Clefable|spa|1\n|-boost|p2a: Clefable|spd|1\n|\n|-heal|p1a: tapu que cojones|94\/100|[from] Grassy Terrain\n|-fieldend|move: Grassy Terrain\n|upkeep\n|turn|28\n|\n|t:|1700486937\n|move|p1a: tapu que cojones|Horn Leech|p2a: Clefable\n|-damage|p2a: Clefable|62\/100\n|-heal|p1a: tapu que cojones|100\/100|[from] drain|[of] p2a: Clefable\n|move|p2a: Clefable|Moonblast|p1a: tapu que cojones\n|-damage|p1a: tapu que cojones|66\/100\n|\n|-heal|p2a: Clefable|68\/100|[from] item: Leftovers\n|upkeep\n|turn|29\n|\n|t:|1700486945\n|switch|p1a: Ni\u00f1o bunker|Toxapex, F|100\/100\n|-damage|p1a: Ni\u00f1o bunker|88\/100|[from] Stealth Rock\n|move|p2a: Clefable|Calm Mind|p2a: Clefable\n|-boost|p2a: Clefable|spa|1\n|-boost|p2a: Clefable|spd|1\n|\n|-heal|p2a: Clefable|74\/100|[from] item: Leftovers\n|upkeep\n|turn|30\n|\n|t:|1700486961\n|switch|p2a: Amoonguss|Amoonguss, F|100\/100\n|-damage|p2a: Amoonguss|88\/100|[from] Stealth Rock\n|move|p1a: Ni\u00f1o bunker|Haze|p1a: Ni\u00f1o bunker\n|-clearallboost\n|\n|-heal|p2a: Amoonguss|94\/100|[from] item: Black Sludge\n|upkeep\n|turn|31\n|\n|t:|1700486970\n|move|p1a: Ni\u00f1o bunker|Scald|p2a: Amoonguss\n|-resisted|p2a: Amoonguss\n|-crit|p2a: Amoonguss\n|-damage|p2a: Amoonguss|85\/100\n|move|p2a: Amoonguss|Giga Drain|p1a: Ni\u00f1o bunker\n|-damage|p1a: Ni\u00f1o bunker|68\/100\n|-heal|p2a: Amoonguss|92\/100|[from] drain|[of] p1a: Ni\u00f1o bunker\n|\n|-heal|p2a: Amoonguss|98\/100|[from] item: Black Sludge\n|upkeep\n|turn|32\n|\n|t:|1700486983\n|move|p1a: Ni\u00f1o bunker|Scald|p2a: Amoonguss\n|-resisted|p2a: Amoonguss\n|-damage|p2a: Amoonguss|93\/100\n|-status|p2a: Amoonguss|brn\n|move|p2a: Amoonguss|Giga Drain|p1a: Ni\u00f1o bunker\n|-damage|p1a: Ni\u00f1o bunker|50\/100\n|-heal|p2a: Amoonguss|99\/100 brn|[from] drain|[of] p1a: Ni\u00f1o bunker\n|\n|-heal|p2a: Amoonguss|100\/100 brn|[from] item: Black Sludge\n|-damage|p2a: Amoonguss|94\/100 brn|[from] brn\n|upkeep\n|turn|33\n|\n|t:|1700486990\n|switch|p1a: Las tias|Latias-Mega, F|60\/100 slp\n|-damage|p1a: Las tias|48\/100 slp|[from] Stealth Rock\n|move|p2a: Amoonguss|Giga Drain|p1a: Las tias\n|-resisted|p1a: Las tias\n|-damage|p1a: Las tias|40\/100 slp\n|-heal|p2a: Amoonguss|98\/100 brn|[from] drain|[of] p1a: Las tias\n|\n|-heal|p2a: Amoonguss|100\/100 brn|[from] item: Black Sludge\n|-damage|p2a: Amoonguss|94\/100 brn|[from] brn\n|upkeep\n|turn|34\n|\n|t:|1700487003\n|switch|p2a: Landorus|Landorus-Therian, M|42\/100\n|-damage|p2a: Landorus|30\/100|[from] Stealth Rock\n|-ability|p2a: Landorus|Intimidate|boost\n|-unboost|p1a: Las tias|atk|1\n|cant|p1a: Las tias|slp\n|\n|upkeep\n|turn|35\n|\n|t:|1700487013\n|switch|p1a: Ni\u00f1o bunker|Toxapex, F|84\/100\n|-damage|p1a: Ni\u00f1o bunker|71\/100|[from] Stealth Rock\n|move|p2a: Landorus|U-turn|p1a: Ni\u00f1o bunker\n|-resisted|p1a: Ni\u00f1o bunker\n|-damage|p1a: Ni\u00f1o bunker|64\/100\n|-damage|p2a: Landorus|13\/100|[from] item: Rocky Helmet|[of] p1a: Ni\u00f1o bunker\n|\n|t:|1700487027\n|switch|p2a: Aegislash|Aegislash, M|100\/100|[from] U-turn\n|-damage|p2a: Aegislash|94\/100|[from] Stealth Rock\n|\n|-heal|p2a: Aegislash|100\/100|[from] item: Leftovers\n|upkeep\n|turn|36\n|\n|t:|1700487031\n|-formechange|p2a: Aegislash|Aegislash-Blade||[from] ability: Stance Change\n|move|p2a: Aegislash|Shadow Ball|p1a: Ni\u00f1o bunker\n|-damage|p1a: Ni\u00f1o bunker|32\/100\n|move|p1a: Ni\u00f1o bunker|Scald|p2a: Aegislash\n|-damage|p2a: Aegislash|82\/100\n|\n|-heal|p2a: Aegislash|88\/100|[from] item: Leftovers\n|upkeep\n|turn|37\n|\n|t:|1700487042\n|switch|p1a: Sonia|Chansey, F|70\/100\n|-damage|p1a: Sonia|58\/100|[from] Stealth Rock\n|move|p2a: Aegislash|Shadow Ball|p1a: Sonia\n|-immune|p1a: Sonia\n|\n|-heal|p2a: Aegislash|94\/100|[from] item: Leftovers\n|upkeep\n|turn|38\n|\n|t:|1700487048\n|move|p2a: Aegislash|Toxic|p1a: Sonia|[miss]\n|-miss|p2a: Aegislash|p1a: Sonia\n|move|p1a: Sonia|Soft-Boiled|p1a: Sonia\n|-heal|p1a: Sonia|100\/100\n|\n|-heal|p2a: Aegislash|100\/100|[from] item: Leftovers\n|upkeep\n|turn|39\n|\n|t:|1700487058\n|switch|p1a: tapu que cojones|Tapu Bulu|66\/100\n|-damage|p1a: tapu que cojones|54\/100|[from] Stealth Rock\n|-fieldstart|move: Grassy Terrain|[from] ability: Grassy Surge|[of] p1a: tapu que cojones\n|move|p2a: Aegislash|Toxic|p1a: tapu que cojones\n|-status|p1a: tapu que cojones|tox\n|\n|-heal|p1a: tapu que cojones|60\/100 tox|[from] Grassy Terrain\n|-damage|p1a: tapu que cojones|54\/100 tox|[from] psn\n|upkeep\n|turn|40\n|\n|t:|1700487067\n|-formechange|p2a: Aegislash|Aegislash||[from] ability: Stance Change\n|move|p2a: Aegislash|King's Shield|p2a: Aegislash\n|-singleturn|p2a: Aegislash|Protect\n|move|p1a: tapu que cojones|Nature's Madness|p2a: Aegislash\n|-activate|p2a: Aegislash|move: Protect\n|\n|-heal|p1a: tapu que cojones|60\/100 tox|[from] Grassy Terrain\n|-damage|p1a: tapu que cojones|47\/100 tox|[from] psn\n|upkeep\n|turn|41\n|\n|t:|1700487081\n|switch|p2a: Amoonguss|Amoonguss, F|100\/100 brn\n|-damage|p2a: Amoonguss|88\/100 brn|[from] Stealth Rock\n|move|p1a: tapu que cojones|High Horsepower|p2a: Amoonguss\n|-damage|p2a: Amoonguss|55\/100 brn\n|\n|-heal|p1a: tapu que cojones|54\/100 tox|[from] Grassy Terrain\n|-heal|p2a: Amoonguss|61\/100 brn|[from] Grassy Terrain\n|-heal|p2a: Amoonguss|67\/100 brn|[from] item: Black Sludge\n|-damage|p1a: tapu que cojones|35\/100 tox|[from] psn\n|-damage|p2a: Amoonguss|61\/100 brn|[from] brn\n|upkeep\n|turn|42\n|\n|t:|1700487092\n|switch|p1a: Las tias|Latias-Mega, F|40\/100 slp\n|-damage|p1a: Las tias|28\/100 slp|[from] Stealth Rock\n|move|p2a: Amoonguss|Sludge Bomb|p1a: Las tias\n|-damage|p1a: Las tias|9\/100 slp\n|\n|-heal|p2a: Amoonguss|67\/100 brn|[from] Grassy Terrain\n|-heal|p2a: Amoonguss|73\/100 brn|[from] item: Black Sludge\n|-damage|p2a: Amoonguss|67\/100 brn|[from] brn\n|upkeep\n|turn|43\n|\n|t:|1700487097\n|-curestatus|p1a: Las tias|slp|[msg]\n|move|p1a: Las tias|Roost|p1a: Las tias\n|-heal|p1a: Las tias|59\/100\n|-singleturn|p1a: Las tias|move: Roost\n|move|p2a: Amoonguss|Sludge Bomb|p1a: Las tias\n|-damage|p1a: Las tias|40\/100\n|-status|p1a: Las tias|psn\n|\n|-heal|p2a: Amoonguss|73\/100 brn|[from] Grassy Terrain\n|-heal|p2a: Amoonguss|79\/100 brn|[from] item: Black Sludge\n|-damage|p1a: Las tias|27\/100 psn|[from] psn\n|-damage|p2a: Amoonguss|73\/100 brn|[from] brn\n|-fieldend|move: Grassy Terrain\n|upkeep\n|turn|44\n|\n|t:|1700487102\n|move|p1a: Las tias|Roost|p1a: Las tias\n|-heal|p1a: Las tias|77\/100 psn\n|-singleturn|p1a: Las tias|move: Roost\n|move|p2a: Amoonguss|Sludge Bomb|p1a: Las tias\n|-damage|p1a: Las tias|60\/100 psn\n|\n|-heal|p2a: Amoonguss|79\/100 brn|[from] item: Black Sludge\n|-damage|p1a: Las tias|48\/100 psn|[from] psn\n|-damage|p2a: Amoonguss|73\/100 brn|[from] brn\n|upkeep\n|turn|45\n|\n|t:|1700487106\n|move|p1a: Las tias|Roost|p1a: Las tias\n|-heal|p1a: Las tias|98\/100 psn\n|-singleturn|p1a: Las tias|move: Roost\n|move|p2a: Amoonguss|Sludge Bomb|p1a: Las tias\n|-damage|p1a: Las tias|79\/100 psn\n|\n|-heal|p2a: Amoonguss|79\/100 brn|[from] item: Black Sludge\n|-damage|p1a: Las tias|66\/100 psn|[from] psn\n|-damage|p2a: Amoonguss|73\/100 brn|[from] brn\n|upkeep\n|turn|46\n|\n|t:|1700487109\n|move|p1a: Las tias|Mystical Fire|p2a: Amoonguss\n|-supereffective|p2a: Amoonguss\n|-damage|p2a: Amoonguss|43\/100 brn\n|-unboost|p2a: Amoonguss|spa|1\n|move|p2a: Amoonguss|Sludge Bomb|p1a: Las tias\n|-damage|p1a: Las tias|55\/100 psn\n|\n|-heal|p2a: Amoonguss|49\/100 brn|[from] item: Black Sludge\n|-damage|p1a: Las tias|42\/100 psn|[from] psn\n|-damage|p2a: Amoonguss|43\/100 brn|[from] brn\n|upkeep\n|turn|47\n|\n|t:|1700487114\n|switch|p2a: Slowbro|Slowbro, M|100\/100 tox\n|-damage|p2a: Slowbro|88\/100 tox|[from] Stealth Rock\n|move|p1a: Las tias|Roost|p1a: Las tias\n|-heal|p1a: Las tias|92\/100 psn\n|-singleturn|p1a: Las tias|move: Roost\n|\n|-damage|p1a: Las tias|80\/100 psn|[from] psn\n|-damage|p2a: Slowbro|82\/100 tox|[from] psn\n|upkeep\n|turn|48\n|\n|t:|1700487122\n|move|p1a: Las tias|Mystical Fire|p2a: Slowbro\n|-resisted|p2a: Slowbro\n|-damage|p2a: Slowbro|70\/100 tox\n|-unboost|p2a: Slowbro|spa|1\n|move|p2a: Slowbro|Ice Beam|p1a: Las tias\n|-supereffective|p1a: Las tias\n|-damage|p1a: Las tias|62\/100 psn\n|\n|-damage|p1a: Las tias|50\/100 psn|[from] psn\n|-damage|p2a: Slowbro|57\/100 tox|[from] psn\n|upkeep\n|turn|49\n|\n|t:|1700487135\n|switch|p2a: Amoonguss|Amoonguss, F|76\/100 brn\n|-damage|p2a: Amoonguss|64\/100 brn|[from] Stealth Rock\n|move|p1a: Las tias|Roost|p1a: Las tias\n|-heal|p1a: Las tias|99\/100 psn\n|-singleturn|p1a: Las tias|move: Roost\n|\n|-heal|p2a: Amoonguss|70\/100 brn|[from] item: Black Sludge\n|-damage|p1a: Las tias|88\/100 psn|[from] psn\n|-damage|p2a: Amoonguss|64\/100 brn|[from] brn\n|upkeep\n|turn|50\n|\n|t:|1700487142\n|move|p1a: Las tias|Mystical Fire|p2a: Amoonguss\n|-supereffective|p2a: Amoonguss\n|-damage|p2a: Amoonguss|29\/100 brn\n|-unboost|p2a: Amoonguss|spa|1\n|move|p2a: Amoonguss|Sludge Bomb|p1a: Las tias\n|-damage|p1a: Las tias|76\/100 psn\n|\n|-heal|p2a: Amoonguss|35\/100 brn|[from] item: Black Sludge\n|-damage|p1a: Las tias|64\/100 psn|[from] psn\n|-damage|p2a: Amoonguss|29\/100 brn|[from] brn\n|upkeep\n|turn|51\n|\n|t:|1700487149\n|move|p1a: Las tias|Mystical Fire|p2a: Amoonguss\n|-supereffective|p2a: Amoonguss\n|-damage|p2a: Amoonguss|0 fnt\n|faint|p2a: Amoonguss\n|\n|-damage|p1a: Las tias|51\/100 psn|[from] psn\n|upkeep\n|\n|t:|1700487158\n|switch|p2a: Aegislash|Aegislash, M|100\/100\n|-damage|p2a: Aegislash|94\/100|[from] Stealth Rock\n|turn|52\n|\n|t:|1700487168\n|move|p1a: Las tias|Mystical Fire|p2a: Aegislash\n|-supereffective|p2a: Aegislash\n|-damage|p2a: Aegislash|68\/100\n|-unboost|p2a: Aegislash|spa|1\n|-formechange|p2a: Aegislash|Aegislash-Blade||[from] ability: Stance Change\n|move|p2a: Aegislash|Shadow Ball|p1a: Las tias\n|-supereffective|p1a: Las tias\n|-damage|p1a: Las tias|21\/100 psn\n|-unboost|p1a: Las tias|spd|1\n|\n|-heal|p2a: Aegislash|75\/100|[from] item: Leftovers\n|-damage|p1a: Las tias|9\/100 psn|[from] psn\n|upkeep\n|turn|53\n|\n|t:|1700487180\n|-formechange|p2a: Aegislash|Aegislash||[from] ability: Stance Change\n|move|p2a: Aegislash|King's Shield|p2a: Aegislash\n|-singleturn|p2a: Aegislash|Protect\n|move|p1a: Las tias|Roost|p1a: Las tias\n|-heal|p1a: Las tias|59\/100 psn\n|-singleturn|p1a: Las tias|move: Roost\n|\n|-heal|p2a: Aegislash|81\/100|[from] item: Leftovers\n|-damage|p1a: Las tias|46\/100 psn|[from] psn\n|upkeep\n|turn|54\n|\n|t:|1700487189\n|switch|p1a: Ni\u00f1o bunker|Toxapex, F|65\/100\n|-damage|p1a: Ni\u00f1o bunker|53\/100|[from] Stealth Rock\n|switch|p2a: Slowbro|Slowbro, M|91\/100 tox\n|-damage|p2a: Slowbro|78\/100 tox|[from] Stealth Rock\n|\n|-damage|p2a: Slowbro|72\/100 tox|[from] psn\n|upkeep\n|turn|55\n|\n|t:|1700487197\n|switch|p2a: Clefable|Clefable, F|74\/100\n|move|p1a: Ni\u00f1o bunker|Scald|p2a: Clefable\n|-crit|p2a: Clefable\n|-damage|p2a: Clefable|54\/100\n|\n|-heal|p2a: Clefable|60\/100|[from] item: Leftovers\n|upkeep\n|turn|56\n|\n|t:|1700487202\n|move|p2a: Clefable|Soft-Boiled|p2a: Clefable\n|-heal|p2a: Clefable|100\/100\n|move|p1a: Ni\u00f1o bunker|Haze|p1a: Ni\u00f1o bunker\n|-clearallboost\n|\n|upkeep\n|turn|57\n|\n|t:|1700487211\n|switch|p2a: Aegislash|Aegislash, M|81\/100\n|-damage|p2a: Aegislash|75\/100|[from] Stealth Rock\n|switch|p1a: Sonia|Chansey, F|100\/100\n|-damage|p1a: Sonia|88\/100|[from] Stealth Rock\n|\n|-heal|p2a: Aegislash|81\/100|[from] item: Leftovers\n|upkeep\n|turn|58\n|\n|t:|1700487218\n|move|p2a: Aegislash|Toxic|p1a: Sonia\n|-status|p1a: Sonia|tox\n|move|p1a: Sonia|Toxic|p2a: Aegislash\n|-immune|p2a: Aegislash\n|\n|-heal|p2a: Aegislash|87\/100|[from] item: Leftovers\n|-damage|p1a: Sonia|82\/100 tox|[from] psn\n|upkeep\n|turn|59\n|j| noob3322 2\n|\n|t:|1700487226\n|-curestatus|p1a: Sonia|tox|[from] ability: Natural Cure\n|switch|p1a: Ni\u00f1o bunker|Toxapex, F|86\/100\n|-damage|p1a: Ni\u00f1o bunker|74\/100|[from] Stealth Rock\n|-formechange|p2a: Aegislash|Aegislash-Blade||[from] ability: Stance Change\n|move|p2a: Aegislash|Shadow Ball|p1a: Ni\u00f1o bunker\n|-damage|p1a: Ni\u00f1o bunker|42\/100\n|\n|-heal|p2a: Aegislash|93\/100|[from] item: Leftovers\n|upkeep\n|turn|60\n|l| noob3322 2\n|\n|t:|1700487231\n|switch|p1a: Sonia|Chansey, F|82\/100\n|-damage|p1a: Sonia|70\/100|[from] Stealth Rock\n|move|p2a: Aegislash|Shadow Ball|p1a: Sonia\n|-immune|p1a: Sonia\n|\n|-heal|p2a: Aegislash|99\/100|[from] item: Leftovers\n|upkeep\n|turn|61\n|\n|t:|1700487237\n|switch|p1a: Ni\u00f1o bunker|Toxapex, F|76\/100\n|-damage|p1a: Ni\u00f1o bunker|64\/100|[from] Stealth Rock\n|move|p2a: Aegislash|Toxic|p1a: Ni\u00f1o bunker|[miss]\n|-miss|p2a: Aegislash|p1a: Ni\u00f1o bunker\n|\n|-heal|p2a: Aegislash|100\/100|[from] item: Leftovers\n|upkeep\n|turn|62\n|\n|t:|1700487241\n|move|p2a: Aegislash|Toxic|p1a: Ni\u00f1o bunker|[miss]\n|-miss|p2a: Aegislash|p1a: Ni\u00f1o bunker\n|move|p1a: Ni\u00f1o bunker|Scald|p2a: Aegislash\n|-damage|p2a: Aegislash|82\/100\n|\n|-heal|p2a: Aegislash|88\/100|[from] item: Leftovers\n|upkeep\n|turn|63\n|\n|t:|1700487245\n|move|p2a: Aegislash|Shadow Ball|p1a: Ni\u00f1o bunker\n|-damage|p1a: Ni\u00f1o bunker|34\/100\n|move|p1a: Ni\u00f1o bunker|Scald|p2a: Aegislash\n|-damage|p2a: Aegislash|68\/100\n|\n|-heal|p2a: Aegislash|75\/100|[from] item: Leftovers\n|upkeep\n|turn|64\n|\n|t:|1700487251\n|move|p2a: Aegislash|Shadow Ball|p1a: Ni\u00f1o bunker\n|-damage|p1a: Ni\u00f1o bunker|3\/100\n|move|p1a: Ni\u00f1o bunker|Scald|p2a: Aegislash\n|-damage|p2a: Aegislash|54\/100\n|\n|-heal|p2a: Aegislash|60\/100|[from] item: Leftovers\n|upkeep\n|turn|65\n|\n|t:|1700487260\n|switch|p1a: Sonia|Chansey, F|70\/100\n|-damage|p1a: Sonia|57\/100|[from] Stealth Rock\n|move|p2a: Aegislash|Toxic|p1a: Sonia\n|-status|p1a: Sonia|tox\n|\n|-heal|p2a: Aegislash|67\/100|[from] item: Leftovers\n|-damage|p1a: Sonia|51\/100 tox|[from] psn\n|upkeep\n|turn|66\n|\n|t:|1700487264\n|-curestatus|p1a: Sonia|tox|[from] ability: Natural Cure\n|switch|p1a: Ni\u00f1o bunker|Toxapex, F|36\/100\n|-damage|p1a: Ni\u00f1o bunker|24\/100|[from] Stealth Rock\n|move|p2a: Aegislash|Shadow Ball|p1a: Ni\u00f1o bunker\n|-damage|p1a: Ni\u00f1o bunker|0 fnt\n|faint|p1a: Ni\u00f1o bunker\n|\n|-heal|p2a: Aegislash|73\/100|[from] item: Leftovers\n|upkeep\n|\n|t:|1700487270\n|switch|p1a: Las tias|Latias-Mega, F|46\/100 psn\n|-damage|p1a: Las tias|34\/100 psn|[from] Stealth Rock\n|turn|67\n|\n|t:|1700487276\n|move|p1a: Las tias|Roost|p1a: Las tias\n|-heal|p1a: Las tias|84\/100 psn\n|-singleturn|p1a: Las tias|move: Roost\n|move|p2a: Aegislash|Shadow Ball|p1a: Las tias\n|-supereffective|p1a: Las tias\n|-damage|p1a: Las tias|36\/100 psn\n|\n|-heal|p2a: Aegislash|79\/100|[from] item: Leftovers\n|-damage|p1a: Las tias|23\/100 psn|[from] psn\n|upkeep\n|turn|68\n|\n|t:|1700487286\n|-formechange|p2a: Aegislash|Aegislash||[from] ability: Stance Change\n|move|p2a: Aegislash|King's Shield|p2a: Aegislash\n|-singleturn|p2a: Aegislash|Protect\n|move|p1a: Las tias|Mystical Fire|p2a: Aegislash\n|-activate|p2a: Aegislash|move: Protect\n|\n|-heal|p2a: Aegislash|85\/100|[from] item: Leftovers\n|-damage|p1a: Las tias|11\/100 psn|[from] psn\n|upkeep\n|turn|69\n|\n|t:|1700487290\n|move|p1a: Las tias|Mystical Fire|p2a: Aegislash\n|-supereffective|p2a: Aegislash\n|-damage|p2a: Aegislash|54\/100\n|-unboost|p2a: Aegislash|spa|1\n|-formechange|p2a: Aegislash|Aegislash-Blade||[from] ability: Stance Change\n|move|p2a: Aegislash|Shadow Ball|p1a: Las tias\n|-supereffective|p1a: Las tias\n|-damage|p1a: Las tias|0 fnt\n|faint|p1a: Las tias\n|\n|-heal|p2a: Aegislash|60\/100|[from] item: Leftovers\n|upkeep\n|\n|t:|1700487294\n|switch|p1a: tapu que cojones|Tapu Bulu|35\/100 tox\n|-damage|p1a: tapu que cojones|23\/100 tox|[from] Stealth Rock\n|-fieldstart|move: Grassy Terrain|[from] ability: Grassy Surge|[of] p1a: tapu que cojones\n|turn|70\n|\n|t:|1700487298\n|move|p1a: tapu que cojones|Nature's Madness|p2a: Aegislash\n|-damage|p2a: Aegislash|30\/100\n|move|p2a: Aegislash|Shadow Ball|p1a: tapu que cojones\n|-damage|p1a: tapu que cojones|7\/100 tox\n|\n|-heal|p1a: tapu que cojones|13\/100 tox|[from] Grassy Terrain\n|-heal|p2a: Aegislash|37\/100|[from] Grassy Terrain\n|-heal|p2a: Aegislash|43\/100|[from] item: Leftovers\n|-damage|p1a: tapu que cojones|7\/100 tox|[from] psn\n|upkeep\n|turn|71\n|\n|t:|1700487303\n|-formechange|p2a: Aegislash|Aegislash||[from] ability: Stance Change\n|move|p2a: Aegislash|King's Shield|p2a: Aegislash\n|-singleturn|p2a: Aegislash|Protect\n|move|p1a: tapu que cojones|Horn Leech|p2a: Aegislash\n|-activate|p2a: Aegislash|move: Protect\n|-unboost|p1a: tapu que cojones|atk|1\n|\n|-heal|p1a: tapu que cojones|13\/100 tox|[from] Grassy Terrain\n|-heal|p2a: Aegislash|49\/100|[from] Grassy Terrain\n|-heal|p2a: Aegislash|55\/100|[from] item: Leftovers\n|-damage|p1a: tapu que cojones|1\/100 tox|[from] psn\n|upkeep\n|turn|72\n|\n|t:|1700487308\n|move|p1a: tapu que cojones|High Horsepower|p2a: Aegislash\n|-supereffective|p2a: Aegislash\n|-damage|p2a: Aegislash|17\/100\n|-formechange|p2a: Aegislash|Aegislash-Blade||[from] ability: Stance Change\n|move|p2a: Aegislash|Shadow Ball|p1a: tapu que cojones\n|-damage|p1a: tapu que cojones|0 fnt\n|faint|p1a: tapu que cojones\n|\n|-heal|p2a: Aegislash|24\/100|[from] Grassy Terrain\n|-heal|p2a: Aegislash|30\/100|[from] item: Leftovers\n|upkeep\n|-message|Nadlei37 forfeited.\n|\n|win|mysteryflame\n|l|\u2606Nadlei37\n","uploadtime":1700487334,"views":2,"p1id":"nadlei37","p2id":"mysteryflame","formatid":"gen9nationaldex","rating":0,"private":0,"password":""}