{"id":"gen9nationaldex-1998487735","p1":"imbwc","p2":"BerserkerNoob","format":"[Gen 9] National Dex","log":"|html|<div class=\"broadcast-blue\"><strong>[Gen 9] National Dex is currently suspecting Sneasler! For information on how to participate check out the <a href=\"https:\/\/www.smogon.com\/forums\/threads\/sv-national-dex-suspect-8-just-dance.3731534\/\">suspect thread<\/a>.<\/strong><\/div>\n|j|\u2606imbwc\n|j|\u2606BerserkerNoob\n|t:|1700947930\n|gametype|singles\n|player|p1|imbwc|poppy|1000\n|player|p2|BerserkerNoob|drayden|1003\n|teamsize|p1|6\n|teamsize|p2|6\n|gen|9\n|tier|[Gen 9] National Dex\n|rated|\n|rule|HP Percentage Mod: HP is shown in percentages\n|rule|Endless Battle Clause: Forcing endless battles is banned\n|rule|OHKO Clause: OHKO moves are banned\n|rule|Evasion Clause: Evasion abilities, items, and moves are banned\n|rule|Evasion Abilities Clause: Evasion abilities are banned\n|rule|Evasion Items Clause: Evasion items are banned\n|rule|Evasion Moves Clause: Evasion moves are banned\n|rule|Species Clause: Limit one of each Pok\u00e9mon\n|rule|Sleep Clause Mod: Limit one foe put to sleep\n|clearpoke\n|poke|p1|Banette, M|\n|poke|p1|Oinkologne-F, F|\n|poke|p1|Darmanitan, F|\n|poke|p1|Hoopa-Unbound|\n|poke|p1|Stakataka|\n|poke|p1|Tornadus-Therian, M|\n|poke|p2|Corviknight, F|\n|poke|p2|Salamence, F|\n|poke|p2|Torkoal, M|\n|poke|p2|Charizard, M|\n|poke|p2|Kommo-o, M|\n|poke|p2|Blaziken, M|\n|teampreview\n|j| zoelina41\n|\n|t:|1700947955\n|start\n|switch|p1a: morpheo at home|Tornadus-Therian, M|100\/100\n|switch|p2a: Corviknight|Corviknight, F|100\/100\n|turn|1\n|j| mistahmerrikuu\n|\n|t:|1700947962\n|move|p1a: morpheo at home|Knock Off|p2a: Corviknight\n|-damage|p2a: Corviknight|85\/100\n|-enditem|p2a: Corviknight|Leftovers|[from] move: Knock Off|[of] p1a: morpheo at home\n|move|p2a: Corviknight|Iron Defense|p2a: Corviknight\n|-boost|p2a: Corviknight|def|2\n|\n|upkeep\n|turn|2\n|\n|t:|1700947969\n|move|p1a: morpheo at home|U-turn|p2a: Corviknight\n|-resisted|p2a: Corviknight\n|-damage|p2a: Corviknight|84\/100\n|\n|t:|1700947990\n|switch|p1a: free weedle|Banette, M|100\/100|[from] U-turn\n|move|p2a: Corviknight|Iron Defense|p2a: Corviknight\n|-boost|p2a: Corviknight|def|2\n|\n|upkeep\n|turn|3\n|l| zoelina41\n|\n|t:|1700948002\n|detailschange|p1a: free weedle|Banette-Mega, M\n|-mega|p1a: free weedle|Banette|Banettite\n|move|p1a: free weedle|Encore|p2a: Corviknight\n|-start|p2a: Corviknight|Encore\n|move|p2a: Corviknight|Iron Defense|p2a: Corviknight\n|-boost|p2a: Corviknight|def|2\n|\n|upkeep\n|turn|4\n|\n|t:|1700948009\n|move|p1a: free weedle|Taunt|p2a: Corviknight\n|-start|p2a: Corviknight|move: Taunt\n|cant|p2a: Corviknight|move: Taunt|Iron Defense\n|\n|upkeep\n|turn|5\n|\n|t:|1700948014\n|move|p1a: free weedle|Poltergeist||[still]\n|-fail|p1a: free weedle\n|-activate|p2a: Corviknight|move: Struggle\n|move|p2a: Corviknight|Struggle|p1a: free weedle\n|-damage|p1a: free weedle|85\/100\n|-damage|p2a: Corviknight|59\/100|[from] recoil\n|\n|-end|p2a: Corviknight|Encore\n|upkeep\n|turn|6\n|\n|t:|1700948033\n|move|p1a: free weedle|Encore||[still]\n|-fail|p1a: free weedle\n|move|p2a: Corviknight|Dual Wingbeat|p1a: free weedle\n|-damage|p1a: free weedle|64\/100\n|-damage|p1a: free weedle|42\/100\n|-hitcount|p1a: free weedle|2\n|\n|-end|p2a: Corviknight|move: Taunt\n|upkeep\n|turn|7\n|\n|t:|1700948046\n|switch|p1a: morbius|Darmanitan, F|100\/100\n|move|p2a: Corviknight|Dual Wingbeat|p1a: morbius\n|-damage|p1a: morbius|81\/100\n|-damage|p1a: morbius|63\/100\n|-hitcount|p1a: morbius|2\n|\n|upkeep\n|turn|8\n|\n|t:|1700948057\n|-terastallize|p2a: Corviknight|Flying\n|move|p1a: morbius|Fire Punch|p2a: Corviknight\n|-damage|p2a: Corviknight|51\/100\n|move|p2a: Corviknight|Body Press|p1a: morbius\n|-crit|p1a: morbius\n|-damage|p1a: morbius|0 fnt\n|faint|p1a: morbius\n|\n|upkeep\n|\n|t:|1700948063\n|switch|p1a: morpheus|Stakataka|100\/100\n|-item|p1a: morpheus|Air Balloon\n|turn|9\n|\n|t:|1700948071\n|-terastallize|p1a: morpheus|Flying\n|move|p2a: Corviknight|Body Press|p1a: morpheus\n|-resisted|p1a: morpheus\n|-damage|p1a: morpheus|70\/100\n|-enditem|p1a: morpheus|Air Balloon\n|move|p1a: morpheus|Trick Room|p1a: morpheus\n|-fieldstart|move: Trick Room|[of] p1a: morpheus\n|\n|upkeep\n|turn|10\n|\n|t:|1700948093\n|move|p1a: morpheus|Stone Edge|p2a: Corviknight\n|-supereffective|p2a: Corviknight\n|-damage|p2a: Corviknight|29\/100\n|move|p2a: Corviknight|Bulk Up|p2a: Corviknight\n|-boost|p2a: Corviknight|atk|1\n|-boost|p2a: Corviknight|def|0\n|\n|upkeep\n|turn|11\n|j| Lonsol\n|\n|t:|1700948104\n|move|p1a: morpheus|Stone Edge|p2a: Corviknight|[miss]\n|-miss|p1a: morpheus|p2a: Corviknight\n|move|p2a: Corviknight|Dual Wingbeat|p1a: morpheus\n|-damage|p1a: morpheus|54\/100\n|-damage|p1a: morpheus|40\/100\n|-hitcount|p1a: morpheus|2\n|\n|upkeep\n|turn|12\n|\n|t:|1700948119\n|switch|p2a: Torkoal|Torkoal, M|100\/100\n|-weather|SunnyDay|[from] ability: Drought|[of] p2a: Torkoal\n|move|p1a: morpheus|Stone Edge|p2a: Torkoal|[miss]\n|-miss|p1a: morpheus|p2a: Torkoal\n|\n|-weather|SunnyDay|[upkeep]\n|upkeep\n|turn|13\n|\n|t:|1700948134\n|move|p1a: morpheus|Stone Edge|p2a: Torkoal|[miss]\n|-miss|p1a: morpheus|p2a: Torkoal\n|move|p2a: Torkoal|Gyro Ball|p1a: morpheus\n|-damage|p1a: morpheus|37\/100\n|\n|-weather|SunnyDay|[upkeep]\n|-fieldend|move: Trick Room\n|upkeep\n|turn|14\n|\n|t:|1700948145\n|move|p2a: Torkoal|Overheat|p1a: morpheus\n|-damage|p1a: morpheus|0 fnt\n|-unboost|p2a: Torkoal|spa|2\n|faint|p1a: morpheus\n|\n|-weather|SunnyDay|[upkeep]\n|upkeep\n|\n|t:|1700948151\n|switch|p1a: 7 dix in hand|Hoopa-Unbound|100\/100\n|turn|15\n|\n|t:|1700948159\n|move|p1a: 7 dix in hand|Hyperspace Fury|p2a: Torkoal\n|-damage|p2a: Torkoal|56\/100\n|-unboost|p1a: 7 dix in hand|def|1\n|move|p2a: Torkoal|Solar Beam||[still]\n|-prepare|p2a: Torkoal|Solar Beam\n|-anim|p2a: Torkoal|Solar Beam|p1a: 7 dix in hand\n|-damage|p1a: 7 dix in hand|91\/100\n|\n|-weather|SunnyDay|[upkeep]\n|upkeep\n|turn|16\n|\n|t:|1700948169\n|move|p1a: 7 dix in hand|Hyperspace Fury|p2a: Torkoal\n|-damage|p2a: Torkoal|10\/100\n|-unboost|p1a: 7 dix in hand|def|1\n|move|p2a: Torkoal|Will-O-Wisp|p1a: 7 dix in hand\n|-status|p1a: 7 dix in hand|brn\n|\n|-weather|SunnyDay|[upkeep]\n|-damage|p1a: 7 dix in hand|85\/100 brn|[from] brn\n|upkeep\n|turn|17\n|\n|t:|1700948181\n|switch|p2a: Corviknight|Corviknight, F, tera:Flying|29\/100\n|move|p1a: 7 dix in hand|Hyperspace Fury|p2a: Corviknight\n|-damage|p2a: Corviknight|4\/100\n|-unboost|p1a: 7 dix in hand|def|1\n|\n|-weather|SunnyDay|[upkeep]\n|-damage|p1a: 7 dix in hand|79\/100 brn|[from] brn\n|upkeep\n|turn|18\n|\n|t:|1700948191\n|switch|p1a: free weedle|Banette-Mega, M|42\/100\n|move|p2a: Corviknight|Dual Wingbeat|p1a: free weedle\n|-damage|p1a: free weedle|18\/100\n|-damage|p1a: free weedle|0 fnt\n|faint|p1a: free weedle\n|-hitcount|p1: free weedle|2\n|\n|-weather|SunnyDay|[upkeep]\n|upkeep\n|\n|t:|1700948207\n|switch|p1a: morpheo at home|Tornadus-Therian, M|100\/100\n|turn|19\n|\n|t:|1700948214\n|move|p1a: morpheo at home|Knock Off|p2a: Corviknight\n|-damage|p2a: Corviknight|0 fnt\n|faint|p2a: Corviknight\n|\n|-weather|none\n|upkeep\n|\n|t:|1700948220\n|switch|p2a: Torkoal|Torkoal, M|10\/100\n|-weather|SunnyDay|[from] ability: Drought|[of] p2a: Torkoal\n|turn|20\n|\n|t:|1700948225\n|move|p1a: morpheo at home|Knock Off|p2a: Torkoal\n|-damage|p2a: Torkoal|0 fnt\n|-enditem|p2a: Torkoal|Heat Rock|[from] move: Knock Off|[of] p1a: morpheo at home\n|faint|p2a: Torkoal\n|\n|-weather|SunnyDay|[upkeep]\n|upkeep\n|\n|t:|1700948233\n|switch|p2a: Charizard|Charizard, M|100\/100\n|turn|21\n|\n|t:|1700948242\n|detailschange|p2a: Charizard|Charizard-Mega-Y, M\n|-mega|p2a: Charizard|Charizard|Charizardite Y\n|move|p1a: morpheo at home|Hurricane|p2a: Charizard\n|-damage|p2a: Charizard|61\/100\n|move|p2a: Charizard|Flamethrower|p1a: morpheo at home\n|-damage|p1a: morpheo at home|0 fnt\n|faint|p1a: morpheo at home\n|\n|-weather|SunnyDay|[upkeep]\n|upkeep\n|\n|t:|1700948249\n|switch|p1a: 7 dix in hand|Hoopa-Unbound|79\/100 brn\n|turn|22\n|\n|t:|1700948252\n|move|p2a: Charizard|Flamethrower|p1a: 7 dix in hand\n|-damage|p1a: 7 dix in hand|16\/100 brn\n|move|p1a: 7 dix in hand|Trick Room|p1a: 7 dix in hand\n|-fieldstart|move: Trick Room|[of] p1a: 7 dix in hand\n|-enditem|p1a: 7 dix in hand|Room Service\n|-unboost|p1a: 7 dix in hand|spe|1|[from] item: Room Service\n|\n|-weather|SunnyDay|[upkeep]\n|-damage|p1a: 7 dix in hand|10\/100 brn|[from] brn\n|upkeep\n|turn|23\n|\n|t:|1700948264\n|move|p1a: 7 dix in hand|Hyperspace Fury|p2a: Charizard\n|-damage|p2a: Charizard|16\/100\n|-unboost|p1a: 7 dix in hand|def|1\n|move|p2a: Charizard|Solar Beam||[still]\n|-prepare|p2a: Charizard|Solar Beam\n|-anim|p2a: Charizard|Solar Beam|p1a: 7 dix in hand\n|-damage|p1a: 7 dix in hand|0 fnt\n|faint|p1a: 7 dix in hand\n|\n|-weather|SunnyDay|[upkeep]\n|upkeep\n|\n|t:|1700948279\n|switch|p1a: fartpig|Oinkologne-F, F|100\/100\n|turn|24\n|j| kung fu pokechu\n|\n|t:|1700948297\n|move|p1a: fartpig|Hyper Voice|p2a: Charizard\n|-damage|p2a: Charizard|0 fnt\n|faint|p2a: Charizard\n|\n|-weather|SunnyDay|[upkeep]\n|upkeep\n|\n|t:|1700948303\n|switch|p2a: Kommo-o|Kommo-o, M|100\/100\n|turn|25\n|\n|t:|1700948311\n|move|p1a: fartpig|Hyper Voice|p2a: Kommo-o\n|-damage|p2a: Kommo-o|70\/100\n|-zpower|p2a: Kommo-o\n|move|p2a: Kommo-o|Clangorous Soulblaze|p1a: fartpig|[zeffect]\n|-damage|p1a: fartpig|32\/100\n|-enditem|p1a: fartpig|Lansat Berry|[eat]\n|-start|p1a: fartpig|move: Focus Energy\n|-boost|p2a: Kommo-o|atk|1\n|-boost|p2a: Kommo-o|def|1\n|-boost|p2a: Kommo-o|spa|1\n|-boost|p2a: Kommo-o|spd|1\n|-boost|p2a: Kommo-o|spe|1\n|\n|-weather|SunnyDay|[upkeep]\n|upkeep\n|turn|26\n|\n|t:|1700948329\n|move|p1a: fartpig|Hyper Voice|p2a: Kommo-o\n|-damage|p2a: Kommo-o|50\/100\n|move|p2a: Kommo-o|Aura Sphere|p1a: fartpig\n|-supereffective|p1a: fartpig\n|-damage|p1a: fartpig|0 fnt\n|faint|p1a: fartpig\n|\n|win|BerserkerNoob\n|raw|imbwc's rating: 1000 &rarr; <strong>1000<\/strong><br \/>(+0 for losing)\n|raw|BerserkerNoob's rating: 1003 &rarr; <strong>1042<\/strong><br \/>(+39 for winning)\n|j| old baby\n|l|\u2606BerserkerNoob\n","uploadtime":1700948341,"views":1,"p1id":"imbwc","p2id":"berserkernoob","formatid":"gen9nationaldex","rating":1000,"private":0,"password":""}