{"id":"gen9nationaldex-1998419260","p1":"Neaza","p2":"Onlymanever","format":"[Gen 9] National Dex","log":"|html|<div class=\"broadcast-blue\"><strong>[Gen 9] National Dex is currently suspecting Sneasler! For information on how to participate check out the <a href=\"https:\/\/www.smogon.com\/forums\/threads\/sv-national-dex-suspect-8-just-dance.3731534\/\">suspect thread<\/a>.<\/strong><\/div>\n|j|\u2606Neaza\n|j|\u203dOnlymanever\n|t:|1700940212\n|gametype|singles\n|player|p1|Neaza|preschoolerf|1045\n|player|p2|Onlymanever|lyra|1050\n|teamsize|p1|6\n|teamsize|p2|6\n|gen|9\n|tier|[Gen 9] National Dex\n|rated|\n|rule|HP Percentage Mod: HP is shown in percentages\n|rule|Endless Battle Clause: Forcing endless battles is banned\n|rule|OHKO Clause: OHKO moves are banned\n|rule|Evasion Clause: Evasion abilities, items, and moves are banned\n|rule|Evasion Abilities Clause: Evasion abilities are banned\n|rule|Evasion Items Clause: Evasion items are banned\n|rule|Evasion Moves Clause: Evasion moves are banned\n|rule|Species Clause: Limit one of each Pok\u00e9mon\n|rule|Sleep Clause Mod: Limit one foe put to sleep\n|clearpoke\n|poke|p1|Leafeon, F|\n|poke|p1|Vaporeon, F|\n|poke|p1|Flareon, F|\n|poke|p1|Umbreon, F|\n|poke|p1|Espeon, F|\n|poke|p1|Sylveon, F|\n|poke|p2|Sceptile, M|\n|poke|p2|Beautifly, M|\n|poke|p2|Camerupt, M|\n|poke|p2|Grumpig, M|\n|poke|p2|Sharpedo, M|\n|poke|p2|Hariyama, F|\n|teampreview\n|\n|t:|1700940226\n|start\n|switch|p1a: Umbreon|Umbreon, F, shiny|100\/100\n|switch|p2a: Beautifly|Beautifly, M|100\/100\n|turn|1\n|inactive|Battle timer is ON: inactive players will automatically lose when time's up. (requested by Onlymanever)\n|\n|t:|1700940238\n|move|p1a: Umbreon|Protect|p1a: Umbreon\n|-singleturn|p1a: Umbreon|Protect\n|move|p2a: Beautifly|Quiver Dance|p2a: Beautifly\n|-boost|p2a: Beautifly|spa|1\n|-boost|p2a: Beautifly|spd|1\n|-boost|p2a: Beautifly|spe|1\n|\n|upkeep\n|turn|2\n|\n|t:|1700940249\n|move|p2a: Beautifly|Bug Buzz|p1a: Umbreon\n|-supereffective|p1a: Umbreon\n|-damage|p1a: Umbreon|37\/100\n|move|p1a: Umbreon|Yawn|p2a: Beautifly\n|-start|p2a: Beautifly|move: Yawn|[of] p1a: Umbreon\n|\n|upkeep\n|turn|3\n|\n|t:|1700940257\n|switch|p1a: Sylveon|Sylveon, F, shiny|100\/100\n|move|p2a: Beautifly|Bug Buzz|p1a: Sylveon\n|-resisted|p1a: Sylveon\n|-damage|p1a: Sylveon|79\/100\n|\n|-heal|p1a: Sylveon|85\/100|[from] item: Leftovers\n|-end|p2a: Beautifly|move: Yawn|[silent]\n|-status|p2a: Beautifly|slp\n|upkeep\n|turn|4\n|\n|t:|1700940282\n|switch|p2a: Camerupt|Camerupt, M|100\/100\n|move|p1a: Sylveon|Calm Mind|p1a: Sylveon\n|-boost|p1a: Sylveon|spa|1\n|-boost|p1a: Sylveon|spd|1\n|\n|-heal|p1a: Sylveon|91\/100|[from] item: Leftovers\n|upkeep\n|turn|5\n|\n|t:|1700940294\n|move|p1a: Sylveon|Psyshock|p2a: Camerupt\n|-damage|p2a: Camerupt|39\/100\n|move|p2a: Camerupt|Yawn|p1a: Sylveon\n|-start|p1a: Sylveon|move: Yawn|[of] p2a: Camerupt\n|\n|-heal|p1a: Sylveon|97\/100|[from] item: Leftovers\n|-heal|p2a: Camerupt|45\/100|[from] item: Leftovers\n|upkeep\n|turn|6\n|\n|t:|1700940304\n|move|p1a: Sylveon|Psyshock|p2a: Camerupt\n|-damage|p2a: Camerupt|0 fnt\n|faint|p2a: Camerupt\n|\n|-heal|p1a: Sylveon|100\/100|[from] item: Leftovers\n|-end|p1a: Sylveon|move: Yawn|[silent]\n|-status|p1a: Sylveon|slp\n|upkeep\n|inactive|Onlymanever has 120 seconds left.\n|\n|t:|1700940319\n|switch|p2a: Sceptile|Sceptile, M|100\/100\n|turn|7\n|\n|t:|1700940325\n|switch|p1a: Leafeon|Leafeon, F, shiny|100\/100\n|move|p2a: Sceptile|Swords Dance|p2a: Sceptile\n|-boost|p2a: Sceptile|atk|2\n|\n|upkeep\n|turn|8\n|\n|t:|1700940342\n|move|p2a: Sceptile|Leaf Blade|p1a: Leafeon\n|-resisted|p1a: Leafeon\n|-damage|p1a: Leafeon|72\/100\n|move|p1a: Leafeon|Knock Off|p2a: Sceptile\n|-damage|p2a: Sceptile|60\/100\n|-enditem|p2a: Sceptile|Sitrus Berry|[from] move: Knock Off|[of] p1a: Leafeon\n|\n|-heal|p1a: Leafeon|78\/100|[from] item: Leftovers\n|upkeep\n|turn|9\n|\n|t:|1700940356\n|move|p2a: Sceptile|Leaf Blade|p1a: Leafeon\n|-resisted|p1a: Leafeon\n|-damage|p1a: Leafeon|47\/100\n|move|p1a: Leafeon|Knock Off|p2a: Sceptile\n|-damage|p2a: Sceptile|29\/100\n|\n|-heal|p1a: Leafeon|53\/100|[from] item: Leftovers\n|upkeep\n|turn|10\n|\n|t:|1700940372\n|move|p2a: Sceptile|Synthesis|p2a: Sceptile\n|-heal|p2a: Sceptile|79\/100\n|move|p1a: Leafeon|Knock Off|p2a: Sceptile\n|-damage|p2a: Sceptile|52\/100\n|\n|-heal|p1a: Leafeon|59\/100|[from] item: Leftovers\n|upkeep\n|turn|11\n|\n|t:|1700940381\n|move|p2a: Sceptile|Swords Dance|p2a: Sceptile\n|-boost|p2a: Sceptile|atk|2\n|move|p1a: Leafeon|Knock Off|p2a: Sceptile\n|-damage|p2a: Sceptile|24\/100\n|\n|-heal|p1a: Leafeon|65\/100|[from] item: Leftovers\n|upkeep\n|turn|12\n|\n|t:|1700940390\n|move|p2a: Sceptile|Synthesis|p2a: Sceptile\n|-heal|p2a: Sceptile|74\/100\n|move|p1a: Leafeon|Knock Off|p2a: Sceptile\n|-damage|p2a: Sceptile|46\/100\n|\n|-heal|p1a: Leafeon|71\/100|[from] item: Leftovers\n|upkeep\n|turn|13\n|\n|t:|1700940400\n|move|p2a: Sceptile|Swords Dance|p2a: Sceptile\n|-boost|p2a: Sceptile|atk|2\n|move|p1a: Leafeon|Knock Off|p2a: Sceptile\n|-damage|p2a: Sceptile|19\/100\n|\n|-heal|p1a: Leafeon|77\/100|[from] item: Leftovers\n|upkeep\n|turn|14\n|\n|t:|1700940409\n|move|p1a: Leafeon|Protect|p1a: Leafeon\n|-singleturn|p1a: Leafeon|Protect\n|move|p2a: Sceptile|Synthesis|p2a: Sceptile\n|-heal|p2a: Sceptile|68\/100\n|\n|-heal|p1a: Leafeon|83\/100|[from] item: Leftovers\n|upkeep\n|turn|15\n|\n|t:|1700940417\n|move|p2a: Sceptile|Synthesis|p2a: Sceptile\n|-heal|p2a: Sceptile|100\/100\n|move|p1a: Leafeon|Knock Off|p2a: Sceptile\n|-damage|p2a: Sceptile|72\/100\n|\n|-heal|p1a: Leafeon|89\/100|[from] item: Leftovers\n|upkeep\n|turn|16\n|\n|t:|1700940426\n|move|p2a: Sceptile|Leaf Blade|p1a: Leafeon\n|-resisted|p1a: Leafeon\n|-damage|p1a: Leafeon|27\/100\n|move|p1a: Leafeon|Knock Off|p2a: Sceptile\n|-damage|p2a: Sceptile|44\/100\n|\n|-heal|p1a: Leafeon|33\/100|[from] item: Leftovers\n|upkeep\n|turn|17\n|\n|t:|1700940436\n|move|p1a: Leafeon|Protect|p1a: Leafeon\n|-singleturn|p1a: Leafeon|Protect\n|move|p2a: Sceptile|Synthesis|p2a: Sceptile\n|-heal|p2a: Sceptile|94\/100\n|\n|-heal|p1a: Leafeon|39\/100|[from] item: Leftovers\n|upkeep\n|turn|18\n|\n|t:|1700940444\n|switch|p1a: Flareon|Flareon, F, shiny|100\/100\n|move|p2a: Sceptile|Leaf Blade|p1a: Flareon\n|-resisted|p1a: Flareon\n|-damage|p1a: Flareon|0 fnt\n|faint|p1a: Flareon\n|\n|upkeep\n|\n|t:|1700940445\n|switch|p1a: Vaporeon|Vaporeon, F, shiny|100\/100\n|turn|19\n|\n|t:|1700940467\n|-terastallize|p1a: Vaporeon|Steel\n|move|p2a: Sceptile|Leaf Blade|p1a: Vaporeon\n|-resisted|p1a: Vaporeon\n|-damage|p1a: Vaporeon|19\/100\n|move|p1a: Vaporeon|Ice Beam|p2a: Sceptile\n|-supereffective|p2a: Sceptile\n|-damage|p2a: Sceptile|7\/100\n|\n|-heal|p1a: Vaporeon|26\/100|[from] item: Leftovers\n|upkeep\n|turn|20\n|inactive|Neaza has 120 seconds left.\n|\n|t:|1700940499\n|move|p2a: Sceptile|Leaf Blade|p1a: Vaporeon\n|-resisted|p1a: Vaporeon\n|-damage|p1a: Vaporeon|0 fnt\n|faint|p1a: Vaporeon\n|\n|upkeep\n|\n|t:|1700940505\n|switch|p1a: Leafeon|Leafeon, F, shiny|39\/100\n|turn|21\n|\n|t:|1700940512\n|move|p2a: Sceptile|Synthesis|p2a: Sceptile\n|-heal|p2a: Sceptile|57\/100\n|move|p1a: Leafeon|Knock Off|p2a: Sceptile\n|-damage|p2a: Sceptile|27\/100\n|\n|-heal|p1a: Leafeon|45\/100|[from] item: Leftovers\n|upkeep\n|turn|22\n|\n|t:|1700940520\n|move|p2a: Sceptile|Synthesis|p2a: Sceptile\n|-heal|p2a: Sceptile|77\/100\n|move|p1a: Leafeon|Knock Off|p2a: Sceptile\n|-damage|p2a: Sceptile|49\/100\n|\n|-heal|p1a: Leafeon|51\/100|[from] item: Leftovers\n|upkeep\n|turn|23\n|\n|t:|1700940529\n|move|p2a: Sceptile|Synthesis|p2a: Sceptile\n|-heal|p2a: Sceptile|99\/100\n|move|p1a: Leafeon|Knock Off|p2a: Sceptile\n|-crit|p2a: Sceptile\n|-damage|p2a: Sceptile|59\/100\n|\n|-heal|p1a: Leafeon|57\/100|[from] item: Leftovers\n|upkeep\n|turn|24\n|\n|t:|1700940537\n|move|p2a: Sceptile|Leaf Blade|p1a: Leafeon\n|-resisted|p1a: Leafeon\n|-damage|p1a: Leafeon|0 fnt\n|faint|p1a: Leafeon\n|\n|upkeep\n|\n|t:|1700940545\n|switch|p1a: Espeon|Espeon, F, shiny|100\/100\n|turn|25\n|\n|t:|1700940553\n|move|p1a: Espeon|Psychic|p2a: Sceptile\n|-damage|p2a: Sceptile|0 fnt\n|faint|p2a: Sceptile\n|\n|upkeep\n|\n|t:|1700940559\n|switch|p2a: Sharpedo|Sharpedo, M|100\/100\n|turn|26\n|\n|t:|1700940564\n|switch|p1a: Sylveon|Sylveon, F, shiny|100\/100 slp\n|move|p2a: Sharpedo|Crunch|p1a: Sylveon\n|-resisted|p1a: Sylveon\n|-damage|p1a: Sylveon|74\/100 slp\n|\n|-heal|p1a: Sylveon|80\/100 slp|[from] item: Leftovers\n|-ability|p2a: Sharpedo|Speed Boost|boost\n|-boost|p2a: Sharpedo|spe|1\n|upkeep\n|turn|27\n|\n|t:|1700940586\n|-terastallize|p2a: Sharpedo|Water\n|move|p2a: Sharpedo|Aqua Jet|p1a: Sylveon\n|-damage|p1a: Sylveon|49\/100 slp\n|cant|p1a: Sylveon|slp\n|\n|-heal|p1a: Sylveon|55\/100 slp|[from] item: Leftovers\n|-ability|p2a: Sharpedo|Speed Boost|boost\n|-boost|p2a: Sharpedo|spe|1\n|upkeep\n|turn|28\n|\n|t:|1700940597\n|move|p2a: Sharpedo|Aqua Jet|p1a: Sylveon\n|-damage|p1a: Sylveon|25\/100 slp\n|cant|p1a: Sylveon|slp\n|\n|-heal|p1a: Sylveon|31\/100 slp|[from] item: Leftovers\n|-ability|p2a: Sharpedo|Speed Boost|boost\n|-boost|p2a: Sharpedo|spe|1\n|upkeep\n|turn|29\n|\n|t:|1700940609\n|switch|p1a: Umbreon|Umbreon, F, shiny|37\/100\n|move|p2a: Sharpedo|Aqua Jet|p1a: Umbreon\n|-damage|p1a: Umbreon|16\/100\n|-damage|p2a: Sharpedo|84\/100|[from] item: Rocky Helmet|[of] p1a: Umbreon\n|\n|-heal|p2a: Sharpedo|90\/100|[from] item: Leftovers\n|-ability|p2a: Sharpedo|Speed Boost|boost\n|-boost|p2a: Sharpedo|spe|1\n|upkeep\n|turn|30\n|\n|t:|1700940620\n|move|p1a: Umbreon|Protect|p1a: Umbreon\n|-singleturn|p1a: Umbreon|Protect\n|move|p2a: Sharpedo|Close Combat|p1a: Umbreon\n|-activate|p1a: Umbreon|move: Protect\n|\n|-heal|p2a: Sharpedo|96\/100|[from] item: Leftovers\n|-ability|p2a: Sharpedo|Speed Boost|boost\n|-boost|p2a: Sharpedo|spe|1\n|upkeep\n|turn|31\n|\n|t:|1700940631\n|switch|p1a: Espeon|Espeon, F, shiny|100\/100\n|move|p2a: Sharpedo|Close Combat|p1a: Espeon\n|-resisted|p1a: Espeon\n|-damage|p1a: Espeon|64\/100\n|-unboost|p2a: Sharpedo|def|1\n|-unboost|p2a: Sharpedo|spd|1\n|\n|-heal|p2a: Sharpedo|100\/100|[from] item: Leftovers\n|-ability|p2a: Sharpedo|Speed Boost|boost\n|-boost|p2a: Sharpedo|spe|1\n|upkeep\n|turn|32\n|\n|t:|1700940648\n|switch|p1a: Sylveon|Sylveon, F, shiny|31\/100 slp\n|move|p2a: Sharpedo|Crunch|p1a: Sylveon\n|-resisted|p1a: Sylveon\n|-damage|p1a: Sylveon|7\/100 slp\n|\n|-heal|p1a: Sylveon|13\/100 slp|[from] item: Leftovers\n|upkeep\n|turn|33\n|\n|t:|1700940657\n|move|p2a: Sharpedo|Aqua Jet|p1a: Sylveon\n|-damage|p1a: Sylveon|0 fnt\n|faint|p1a: Sylveon\n|\n|upkeep\n|inactive|Neaza has 120 seconds left.\n|inactive|Neaza has 90 seconds left.\n|inactive|Neaza has 60 seconds left.\n|inactive|Neaza has 30 seconds left.\n|inactive|Neaza has 20 seconds left.\n|inactive|Neaza has 15 seconds left.\n|inactive|Neaza has 10 seconds left.\n|inactive|Neaza has 5 seconds left.\n|-message|Neaza lost due to inactivity.\n|\n|win|Onlymanever\n|raw|Neaza's rating: 1106 &rarr; <strong>1077<\/strong><br \/>(-29 for losing)\n|raw|Onlymanever's rating: 1050 &rarr; <strong>1088<\/strong><br \/>(+38 for winning)\n","uploadtime":1700940814,"views":1,"p1id":"neaza","p2id":"onlymanever","formatid":"gen9nationaldex","rating":1077,"private":0,"password":""}