{"id":"gen9nationaldex-1999459357","p1":"jjj88","p2":"DampKitKat","format":"[Gen 9] National Dex","log":"|html|<div class=\"broadcast-blue\"><strong>[Gen 9] National Dex is currently suspecting Sneasler! For information on how to participate check out the <a href=\"https:\/\/www.smogon.com\/forums\/threads\/sv-national-dex-suspect-8-just-dance.3731534\/\">suspect thread<\/a>.<\/strong><\/div>\n|j|\u2606jjj88\n|j|\u2606DampKitKat\n|t:|1701083843\n|gametype|singles\n|player|p1|jjj88|fisherman|1117\n|player|p2|DampKitKat|169|1103\n|teamsize|p1|6\n|teamsize|p2|6\n|gen|9\n|tier|[Gen 9] National Dex\n|rated|\n|rule|HP Percentage Mod: HP is shown in percentages\n|rule|Endless Battle Clause: Forcing endless battles is banned\n|rule|OHKO Clause: OHKO moves are banned\n|rule|Evasion Clause: Evasion abilities, items, and moves are banned\n|rule|Evasion Abilities Clause: Evasion abilities are banned\n|rule|Evasion Items Clause: Evasion items are banned\n|rule|Evasion Moves Clause: Evasion moves are banned\n|rule|Species Clause: Limit one of each Pok\u00e9mon\n|rule|Sleep Clause Mod: Limit one foe put to sleep\n|clearpoke\n|poke|p1|Vanilluxe, F|\n|poke|p1|Beheeyem, F|\n|poke|p1|Suicune|\n|poke|p1|Kricketune, F|\n|poke|p1|Marowak, F|\n|poke|p1|Corvisquire, M|\n|poke|p2|Amoonguss, M|\n|poke|p2|Torkoal, F|\n|poke|p2|Dragonite, F|\n|poke|p2|Meowscarada, F|\n|poke|p2|Lopunny, F|\n|poke|p2|Tapu Lele|\n|teampreview\n|inactive|Battle timer is ON: inactive players will automatically lose when time's up. (requested by jjj88)\n|\n|t:|1701083861\n|start\n|switch|p1a: \u5730\u9762\u4f0a\u5e03|Marowak, F|100\/100\n|switch|p2a: i liek turtles|Torkoal, F|100\/100\n|-weather|SunnyDay|[from] ability: Drought|[of] p2a: i liek turtles\n|turn|1\n|\n|t:|1701083874\n|-terastallize|p2a: i liek turtles|Fire\n|move|p1a: \u5730\u9762\u4f0a\u5e03|Stealth Rock|p2a: i liek turtles\n|-sidestart|p2: DampKitKat|move: Stealth Rock\n|move|p2a: i liek turtles|Eruption|p1a: \u5730\u9762\u4f0a\u5e03\n|-damage|p1a: \u5730\u9762\u4f0a\u5e03|0 fnt\n|faint|p1a: \u5730\u9762\u4f0a\u5e03\n|\n|-weather|SunnyDay|[upkeep]\n|upkeep\n|\n|t:|1701083881\n|switch|p1a: \u51b0\u4f0a\u5e03|Vanilluxe, F|100\/100\n|-weather|Snow|[from] ability: Snow Warning|[of] p1a: \u51b0\u4f0a\u5e03\n|turn|2\n|\n|t:|1701083888\n|switch|p1a: \u6c34\u4f0a\u5e03|Suicune|100\/100\n|-ability|p1a: \u6c34\u4f0a\u5e03|Pressure\n|move|p2a: i liek turtles|Eruption|p1a: \u6c34\u4f0a\u5e03\n|-resisted|p1a: \u6c34\u4f0a\u5e03\n|-damage|p1a: \u6c34\u4f0a\u5e03|70\/100\n|\n|-weather|Snow|[upkeep]\n|-heal|p1a: \u6c34\u4f0a\u5e03|76\/100|[from] item: Leftovers\n|upkeep\n|turn|3\n|\n|t:|1701083900\n|move|p1a: \u6c34\u4f0a\u5e03|Scald|p2a: i liek turtles\n|-supereffective|p2a: i liek turtles\n|-damage|p2a: i liek turtles|37\/100\n|move|p2a: i liek turtles|Body Press|p1a: \u6c34\u4f0a\u5e03\n|-damage|p1a: \u6c34\u4f0a\u5e03|61\/100\n|\n|-weather|Snow|[upkeep]\n|-heal|p1a: \u6c34\u4f0a\u5e03|67\/100|[from] item: Leftovers\n|upkeep\n|turn|4\n|\n|t:|1701083911\n|move|p1a: \u6c34\u4f0a\u5e03|Substitute|p1a: \u6c34\u4f0a\u5e03\n|-start|p1a: \u6c34\u4f0a\u5e03|Substitute\n|-damage|p1a: \u6c34\u4f0a\u5e03|42\/100\n|move|p2a: i liek turtles|Eruption|p1a: \u6c34\u4f0a\u5e03\n|-resisted|p1a: \u6c34\u4f0a\u5e03\n|-activate|p1a: \u6c34\u4f0a\u5e03|move: Substitute|[damage]\n|\n|-weather|Snow|[upkeep]\n|-heal|p1a: \u6c34\u4f0a\u5e03|48\/100|[from] item: Leftovers\n|upkeep\n|turn|5\n|\n|t:|1701083920\n|move|p1a: \u6c34\u4f0a\u5e03|Calm Mind|p1a: \u6c34\u4f0a\u5e03\n|-boost|p1a: \u6c34\u4f0a\u5e03|spa|1\n|-boost|p1a: \u6c34\u4f0a\u5e03|spd|1\n|move|p2a: i liek turtles|Eruption|p1a: \u6c34\u4f0a\u5e03\n|-resisted|p1a: \u6c34\u4f0a\u5e03\n|-activate|p1a: \u6c34\u4f0a\u5e03|move: Substitute|[damage]\n|\n|-weather|Snow|[upkeep]\n|-heal|p1a: \u6c34\u4f0a\u5e03|54\/100|[from] item: Leftovers\n|upkeep\n|turn|6\n|\n|t:|1701083928\n|move|p1a: \u6c34\u4f0a\u5e03|Calm Mind|p1a: \u6c34\u4f0a\u5e03\n|-boost|p1a: \u6c34\u4f0a\u5e03|spa|1\n|-boost|p1a: \u6c34\u4f0a\u5e03|spd|1\n|move|p2a: i liek turtles|Eruption|p1a: \u6c34\u4f0a\u5e03\n|-resisted|p1a: \u6c34\u4f0a\u5e03\n|-activate|p1a: \u6c34\u4f0a\u5e03|move: Substitute|[damage]\n|\n|-weather|none\n|-heal|p1a: \u6c34\u4f0a\u5e03|61\/100|[from] item: Leftovers\n|upkeep\n|turn|7\n|\n|t:|1701083936\n|move|p1a: \u6c34\u4f0a\u5e03|Calm Mind|p1a: \u6c34\u4f0a\u5e03\n|-boost|p1a: \u6c34\u4f0a\u5e03|spa|1\n|-boost|p1a: \u6c34\u4f0a\u5e03|spd|1\n|move|p2a: i liek turtles|Flamethrower|p1a: \u6c34\u4f0a\u5e03\n|-resisted|p1a: \u6c34\u4f0a\u5e03\n|-end|p1a: \u6c34\u4f0a\u5e03|Substitute\n|\n|-heal|p1a: \u6c34\u4f0a\u5e03|67\/100|[from] item: Leftovers\n|upkeep\n|turn|8\n|\n|t:|1701083946\n|move|p1a: \u6c34\u4f0a\u5e03|Substitute|p1a: \u6c34\u4f0a\u5e03\n|-start|p1a: \u6c34\u4f0a\u5e03|Substitute\n|-damage|p1a: \u6c34\u4f0a\u5e03|42\/100\n|move|p2a: i liek turtles|Flamethrower|p1a: \u6c34\u4f0a\u5e03\n|-resisted|p1a: \u6c34\u4f0a\u5e03\n|-activate|p1a: \u6c34\u4f0a\u5e03|move: Substitute|[damage]\n|\n|-heal|p1a: \u6c34\u4f0a\u5e03|48\/100|[from] item: Leftovers\n|upkeep\n|turn|9\n|\n|t:|1701083954\n|move|p1a: \u6c34\u4f0a\u5e03|Calm Mind|p1a: \u6c34\u4f0a\u5e03\n|-boost|p1a: \u6c34\u4f0a\u5e03|spa|1\n|-boost|p1a: \u6c34\u4f0a\u5e03|spd|1\n|move|p2a: i liek turtles|Iron Defense|p2a: i liek turtles\n|-boost|p2a: i liek turtles|def|2\n|\n|-heal|p1a: \u6c34\u4f0a\u5e03|54\/100|[from] item: Leftovers\n|upkeep\n|turn|10\n|\n|t:|1701083960\n|move|p1a: \u6c34\u4f0a\u5e03|Calm Mind|p1a: \u6c34\u4f0a\u5e03\n|-boost|p1a: \u6c34\u4f0a\u5e03|spa|1\n|-boost|p1a: \u6c34\u4f0a\u5e03|spd|1\n|move|p2a: i liek turtles|Iron Defense|p2a: i liek turtles\n|-boost|p2a: i liek turtles|def|2\n|\n|-heal|p1a: \u6c34\u4f0a\u5e03|60\/100|[from] item: Leftovers\n|upkeep\n|turn|11\n|\n|t:|1701083968\n|move|p1a: \u6c34\u4f0a\u5e03|Mimic|p2a: i liek turtles\n|-start|p1a: \u6c34\u4f0a\u5e03|Mimic|Iron Defense\n|move|p2a: i liek turtles|Body Press|p1a: \u6c34\u4f0a\u5e03\n|-end|p1a: \u6c34\u4f0a\u5e03|Substitute\n|\n|-heal|p1a: \u6c34\u4f0a\u5e03|67\/100|[from] item: Leftovers\n|upkeep\n|turn|12\n|\n|t:|1701083976\n|move|p1a: \u6c34\u4f0a\u5e03|Iron Defense|p1a: \u6c34\u4f0a\u5e03\n|-boost|p1a: \u6c34\u4f0a\u5e03|def|2\n|move|p2a: i liek turtles|Body Press|p1a: \u6c34\u4f0a\u5e03\n|-damage|p1a: \u6c34\u4f0a\u5e03|44\/100\n|\n|-heal|p1a: \u6c34\u4f0a\u5e03|50\/100|[from] item: Leftovers\n|upkeep\n|turn|13\n|\n|t:|1701083983\n|move|p1a: \u6c34\u4f0a\u5e03|Substitute|p1a: \u6c34\u4f0a\u5e03\n|-start|p1a: \u6c34\u4f0a\u5e03|Substitute\n|-damage|p1a: \u6c34\u4f0a\u5e03|25\/100\n|move|p2a: i liek turtles|Body Press|p1a: \u6c34\u4f0a\u5e03\n|-activate|p1a: \u6c34\u4f0a\u5e03|move: Substitute|[damage]\n|\n|-heal|p1a: \u6c34\u4f0a\u5e03|32\/100|[from] item: Leftovers\n|upkeep\n|turn|14\n|\n|t:|1701083990\n|move|p1a: \u6c34\u4f0a\u5e03|Iron Defense|p1a: \u6c34\u4f0a\u5e03\n|-boost|p1a: \u6c34\u4f0a\u5e03|def|2\n|move|p2a: i liek turtles|Body Press|p1a: \u6c34\u4f0a\u5e03\n|-end|p1a: \u6c34\u4f0a\u5e03|Substitute\n|\n|-heal|p1a: \u6c34\u4f0a\u5e03|38\/100|[from] item: Leftovers\n|upkeep\n|turn|15\n|\n|t:|1701083996\n|move|p1a: \u6c34\u4f0a\u5e03|Substitute|p1a: \u6c34\u4f0a\u5e03\n|-start|p1a: \u6c34\u4f0a\u5e03|Substitute\n|-damage|p1a: \u6c34\u4f0a\u5e03|13\/100\n|move|p2a: i liek turtles|Body Press|p1a: \u6c34\u4f0a\u5e03\n|-activate|p1a: \u6c34\u4f0a\u5e03|move: Substitute|[damage]\n|\n|-heal|p1a: \u6c34\u4f0a\u5e03|19\/100|[from] item: Leftovers\n|upkeep\n|turn|16\n|\n|t:|1701084006\n|move|p1a: \u6c34\u4f0a\u5e03|Iron Defense|p1a: \u6c34\u4f0a\u5e03\n|-boost|p1a: \u6c34\u4f0a\u5e03|def|2\n|move|p2a: i liek turtles|Body Press|p1a: \u6c34\u4f0a\u5e03\n|-crit|p1a: \u6c34\u4f0a\u5e03\n|-end|p1a: \u6c34\u4f0a\u5e03|Substitute\n|\n|-heal|p1a: \u6c34\u4f0a\u5e03|25\/100|[from] item: Leftovers\n|upkeep\n|turn|17\n|\n|t:|1701084013\n|move|p1a: \u6c34\u4f0a\u5e03|Scald|p2a: i liek turtles\n|-supereffective|p2a: i liek turtles\n|-damage|p2a: i liek turtles|0 fnt\n|faint|p2a: i liek turtles\n|\n|-heal|p1a: \u6c34\u4f0a\u5e03|31\/100|[from] item: Leftovers\n|upkeep\n|\n|t:|1701084021\n|switch|p2a: restraining order|Lopunny, F|100\/100\n|-damage|p2a: restraining order|88\/100|[from] Stealth Rock\n|turn|18\n|\n|t:|1701084026\n|detailschange|p2a: restraining order|Lopunny-Mega, F\n|-mega|p2a: restraining order|Lopunny|Lopunnite\n|move|p2a: restraining order|Fake Out|p1a: \u6c34\u4f0a\u5e03\n|-damage|p1a: \u6c34\u4f0a\u5e03|28\/100\n|cant|p1a: \u6c34\u4f0a\u5e03|flinch\n|\n|-heal|p1a: \u6c34\u4f0a\u5e03|34\/100|[from] item: Leftovers\n|upkeep\n|turn|19\n|\n|t:|1701084043\n|move|p2a: restraining order|Close Combat|p1a: \u6c34\u4f0a\u5e03\n|-damage|p1a: \u6c34\u4f0a\u5e03|24\/100\n|-unboost|p2a: restraining order|def|1\n|-unboost|p2a: restraining order|spd|1\n|move|p1a: \u6c34\u4f0a\u5e03|Scald|p2a: restraining order\n|-damage|p2a: restraining order|0 fnt\n|faint|p2a: restraining order\n|\n|-heal|p1a: \u6c34\u4f0a\u5e03|30\/100|[from] item: Leftovers\n|upkeep\n|inactive|DampKitKat has 120 seconds left.\n|\n|t:|1701084069\n|switch|p2a: amogus (unkind)|Amoonguss, M|100\/100\n|-damage|p2a: amogus (unkind)|88\/100|[from] Stealth Rock\n|turn|20\n|\n|t:|1701084076\n|move|p1a: \u6c34\u4f0a\u5e03|Substitute|p1a: \u6c34\u4f0a\u5e03\n|-start|p1a: \u6c34\u4f0a\u5e03|Substitute\n|-damage|p1a: \u6c34\u4f0a\u5e03|5\/100\n|move|p2a: amogus (unkind)|Spore||[still]\n|-fail|p2a: amogus (unkind)\n|\n|-heal|p1a: \u6c34\u4f0a\u5e03|11\/100|[from] item: Leftovers\n|upkeep\n|turn|21\n|inactive|DampKitKat has 120 seconds left.\n|\n|t:|1701084094\n|move|p1a: \u6c34\u4f0a\u5e03|Calm Mind|p1a: \u6c34\u4f0a\u5e03\n|-boost|p1a: \u6c34\u4f0a\u5e03|spa|1\n|-boost|p1a: \u6c34\u4f0a\u5e03|spd|1\n|move|p2a: amogus (unkind)|Hidden Power|p1a: \u6c34\u4f0a\u5e03\n|-resisted|p1a: \u6c34\u4f0a\u5e03\n|-activate|p1a: \u6c34\u4f0a\u5e03|move: Substitute|[damage]\n|\n|-heal|p1a: \u6c34\u4f0a\u5e03|18\/100|[from] item: Leftovers\n|upkeep\n|turn|22\n|inactive|DampKitKat has 120 seconds left.\n|\n|t:|1701084105\n|switch|p2a: Nathan|Meowscarada, F|100\/100\n|-damage|p2a: Nathan|88\/100|[from] Stealth Rock\n|move|p1a: \u6c34\u4f0a\u5e03|Scald|p2a: Nathan\n|-resisted|p2a: Nathan\n|-damage|p2a: Nathan|4\/100\n|-status|p2a: Nathan|brn\n|-enditem|p2a: Nathan|Aguav Berry|[eat]\n|-heal|p2a: Nathan|37\/100 brn|[from] item: Aguav Berry\n|\n|-heal|p1a: \u6c34\u4f0a\u5e03|24\/100|[from] item: Leftovers\n|-damage|p2a: Nathan|31\/100 brn|[from] brn\n|upkeep\n|turn|23\n|inactive|DampKitKat has 120 seconds left.\n|\n|t:|1701084118\n|move|p2a: Nathan|Flower Trick|p1a: \u6c34\u4f0a\u5e03\n|-supereffective|p1a: \u6c34\u4f0a\u5e03\n|-crit|p1a: \u6c34\u4f0a\u5e03\n|-end|p1a: \u6c34\u4f0a\u5e03|Substitute\n|move|p1a: \u6c34\u4f0a\u5e03|Scald|p2a: Nathan\n|-resisted|p2a: Nathan\n|-damage|p2a: Nathan|0 fnt\n|faint|p2a: Nathan\n|\n|-heal|p1a: \u6c34\u4f0a\u5e03|30\/100|[from] item: Leftovers\n|upkeep\n|inactive|DampKitKat has 120 seconds left.\n|-message|DampKitKat forfeited.\n|\n|win|jjj88\n|raw|jjj88's rating: 1117 &rarr; <strong>1141<\/strong><br \/>(+24 for winning)\n|raw|DampKitKat's rating: 1103 &rarr; <strong>1079<\/strong><br \/>(-24 for losing)\n|l|\u2606DampKitKat\n","uploadtime":1701084141,"views":4,"p1id":"jjj88","p2id":"dampkitkat","formatid":"gen9nationaldex","rating":1079,"private":0,"password":""}