{"id":"gen9nationaldex-1996167882","p1":"sceptileinnd","p2":"SSSSSSlizard","format":"[Gen 9] National Dex","log":"|html|<div class=\"broadcast-blue\"><strong>[Gen 9] National Dex is currently suspecting Sneasler! For information on how to participate check out the <a href=\"https:\/\/www.smogon.com\/forums\/threads\/sv-national-dex-suspect-8-just-dance.3731534\/\">suspect thread<\/a>.<\/strong><\/div>\n|j|\u2606sceptileinnd\n|j|\u2606SSSSSSlizard\n|t:|1700654155\n|gametype|singles\n|player|p1|sceptileinnd|266|1585\n|player|p2|SSSSSSlizard|irida|1510\n|teamsize|p1|6\n|teamsize|p2|6\n|gen|9\n|tier|[Gen 9] National Dex\n|rated|\n|rule|HP Percentage Mod: HP is shown in percentages\n|rule|Endless Battle Clause: Forcing endless battles is banned\n|rule|OHKO Clause: OHKO moves are banned\n|rule|Evasion Clause: Evasion abilities, items, and moves are banned\n|rule|Evasion Abilities Clause: Evasion abilities are banned\n|rule|Evasion Items Clause: Evasion items are banned\n|rule|Evasion Moves Clause: Evasion moves are banned\n|rule|Species Clause: Limit one of each Pok\u00e9mon\n|rule|Sleep Clause Mod: Limit one foe put to sleep\n|clearpoke\n|poke|p1|Mawile, M|\n|poke|p1|Marowak-Alola, F|\n|poke|p1|Hatterene, F|\n|poke|p1|Cresselia, F|\n|poke|p1|Porygon2|\n|poke|p1|Drampa, M|\n|poke|p2|Rillaboom, M|\n|poke|p2|Heatran, F|\n|poke|p2|Urshifu-*, F|\n|poke|p2|Slowking-Galar, F|\n|poke|p2|Thundurus-Therian, M|\n|poke|p2|Weezing-Galar, F|\n|teampreview\n|inactive|Battle timer is ON: inactive players will automatically lose when time's up. (requested by sceptileinnd)\n|\n|t:|1700654165\n|start\n|switch|p1a: Cresselia|Cresselia, F|100\/100\n|switch|p2a: Weezing|Weezing-Galar, F|100\/100\n|-ability|p2a: Weezing|Neutralizing Gas\n|turn|1\n|\n|t:|1700654172\n|move|p1a: Cresselia|Psychic|p2a: Weezing\n|-supereffective|p2a: Weezing\n|-damage|p2a: Weezing|37\/100\n|move|p2a: Weezing|Toxic Spikes|p1a: Cresselia\n|-sidestart|p1: sceptileinnd|move: Toxic Spikes\n|\n|-heal|p2a: Weezing|43\/100|[from] item: Leftovers\n|upkeep\n|turn|2\n|\n|t:|1700654177\n|-end|p2a: Weezing|ability: Neutralizing Gas\n|switch|p2a: Heatran|Heatran, F|100\/100\n|move|p1a: Cresselia|Psychic|p2a: Heatran\n|-resisted|p2a: Heatran\n|-damage|p2a: Heatran|94\/100\n|\n|-heal|p2a: Heatran|99\/100|[from] item: Leftovers\n|upkeep\n|turn|3\n|\n|t:|1700654185\n|move|p2a: Heatran|Magma Storm|p1a: Cresselia\n|-damage|p1a: Cresselia|71\/100\n|-activate|p1a: Cresselia|move: Magma Storm|[of] p2a: Heatran\n|move|p1a: Cresselia|Trick Room|p1a: Cresselia\n|-fieldstart|move: Trick Room|[of] p1a: Cresselia\n|\n|-heal|p2a: Heatran|100\/100|[from] item: Leftovers\n|-damage|p1a: Cresselia|59\/100|[from] move: Magma Storm|[partiallytrapped]\n|upkeep\n|turn|4\n|\n|t:|1700654188\n|move|p2a: Heatran|Stealth Rock|p1a: Cresselia\n|-sidestart|p1: sceptileinnd|move: Stealth Rock\n|move|p1a: Cresselia|Lunar Dance|p1a: Cresselia\n|faint|p1a: Cresselia\n|\n|upkeep\n|\n|t:|1700654199\n|switch|p1a: Drampa|Drampa, M|100\/100\n|-status|p1a: Drampa|psn\n|-damage|p1a: Drampa|88\/100 psn|[from] Stealth Rock\n|turn|5\n|\n|t:|1700654214\n|switch|p2a: Slowking|Slowking-Galar, F|100\/100\n|move|p1a: Drampa|Surf|p2a: Slowking\n|-damage|p2a: Slowking|63\/100\n|\n|-damage|p1a: Drampa|75\/100 psn|[from] psn\n|upkeep\n|turn|6\n|\n|t:|1700654227\n|switch|p1a: Mawile|Mawile, M|100\/100\n|-damage|p1a: Mawile|95\/100|[from] Stealth Rock\n|-ability|p1a: Mawile|Intimidate|boost\n|-unboost|p2a: Slowking|atk|1\n|move|p2a: Slowking|Chilly Reception|p2a: Slowking\n|-weather|Snow\n|\n|t:|1700654232\n|switch|p2a: Heatran|Heatran, F|100\/100|[from] Chilly Reception\n|\n|-weather|Snow|[upkeep]\n|upkeep\n|turn|7\n|\n|t:|1700654235\n|detailschange|p1a: Mawile|Mawile-Mega, M\n|-mega|p1a: Mawile|Mawile|Mawilite\n|move|p1a: Mawile|Brick Break|p2a: Heatran\n|-supereffective|p2a: Heatran\n|-damage|p2a: Heatran|19\/100\n|move|p2a: Heatran|Magma Storm|p1a: Mawile|[miss]\n|-miss|p2a: Heatran|p1a: Mawile\n|\n|-weather|Snow|[upkeep]\n|-heal|p2a: Heatran|25\/100|[from] item: Leftovers\n|-fieldend|move: Trick Room\n|upkeep\n|turn|8\n|\n|t:|1700654247\n|move|p1a: Mawile|Sucker Punch||[still]\n|-fail|p1a: Mawile\n|move|p2a: Heatran|Taunt|p1a: Mawile\n|-start|p1a: Mawile|move: Taunt\n|\n|-weather|Snow|[upkeep]\n|-heal|p2a: Heatran|31\/100|[from] item: Leftovers\n|upkeep\n|turn|9\n|\n|t:|1700654254\n|switch|p1a: Porygon2|Porygon2|100\/100\n|-status|p1a: Porygon2|psn\n|-damage|p1a: Porygon2|88\/100 psn|[from] Stealth Rock\n|-ability|p1a: Porygon2|Flash Fire|[from] ability: Trace|[of] p2a: Heatran\n|move|p2a: Heatran|Magma Storm|p1a: Porygon2\n|-start|p1a: Porygon2|ability: Flash Fire\n|\n|-weather|Snow|[upkeep]\n|-heal|p2a: Heatran|37\/100|[from] item: Leftovers\n|-damage|p1a: Porygon2|76\/100 psn|[from] psn\n|upkeep\n|turn|10\n|\n|t:|1700654259\n|move|p2a: Heatran|Taunt|p1a: Porygon2\n|-start|p1a: Porygon2|move: Taunt\n|cant|p1a: Porygon2|move: Taunt|Trick Room\n|\n|-weather|none\n|-heal|p2a: Heatran|44\/100|[from] item: Leftovers\n|-damage|p1a: Porygon2|64\/100 psn|[from] psn\n|upkeep\n|turn|11\n|\n|t:|1700654265\n|-end|p1a: Porygon2|ability: Flash Fire|[silent]\n|switch|p1a: Hatterene|Hatterene, F|100\/100\n|-status|p1a: Hatterene|psn\n|-damage|p1a: Hatterene|88\/100 psn|[from] Stealth Rock\n|move|p2a: Heatran|Magma Storm|p1a: Hatterene|[miss]\n|-miss|p2a: Heatran|p1a: Hatterene\n|\n|-heal|p2a: Heatran|50\/100|[from] item: Leftovers\n|-damage|p1a: Hatterene|76\/100 psn|[from] psn\n|upkeep\n|turn|12\n|\n|t:|1700654273\n|move|p2a: Heatran|Magma Storm|p1a: Hatterene\n|-damage|p1a: Hatterene|30\/100 psn\n|-activate|p1a: Hatterene|move: Magma Storm|[of] p2a: Heatran\n|move|p1a: Hatterene|Trick Room|p1a: Hatterene\n|-fieldstart|move: Trick Room|[of] p1a: Hatterene\n|\n|-heal|p2a: Heatran|56\/100|[from] item: Leftovers\n|-damage|p1a: Hatterene|18\/100 psn|[from] psn\n|-damage|p1a: Hatterene|6\/100 psn|[from] move: Magma Storm|[partiallytrapped]\n|upkeep\n|turn|13\n|\n|t:|1700654291\n|switch|p2a: Weezing|Weezing-Galar, F|43\/100\n|-ability|p2a: Weezing|Neutralizing Gas\n|move|p1a: Hatterene|Healing Wish|p1a: Hatterene\n|faint|p1a: Hatterene\n|\n|-heal|p2a: Weezing|49\/100|[from] item: Leftovers\n|upkeep\n|\n|t:|1700654296\n|switch|p1a: Marowak|Marowak-Alola, F|100\/100\n|-status|p1a: Marowak|psn\n|-damage|p1a: Marowak|75\/100 psn|[from] Stealth Rock\n|turn|14\n|\n|t:|1700654315\n|-terastallize|p1a: Marowak|Ghost\n|move|p1a: Marowak|Poltergeist|p2a: Weezing\n|-activate|p2a: Weezing|move: Poltergeist|Leftovers\n|-damage|p2a: Weezing|0 fnt\n|faint|p2a: Weezing\n|-end|p2a: Weezing|ability: Neutralizing Gas\n|\n|-damage|p1a: Marowak|63\/100 psn|[from] psn\n|upkeep\n|\n|t:|1700654326\n|switch|p2a: Rillaboom|Rillaboom, M|100\/100\n|-fieldstart|move: Grassy Terrain|[from] ability: Grassy Surge|[of] p2a: Rillaboom\n|turn|15\n|\n|t:|1700654330\n|-terastallize|p2a: Rillaboom|Grass\n|move|p2a: Rillaboom|Grassy Glide|p1a: Marowak\n|-damage|p1a: Marowak|0 fnt\n|faint|p1a: Marowak\n|\n|upkeep\n|\n|t:|1700654344\n|switch|p1a: Mawile|Mawile-Mega, M|95\/100\n|-heal|p1a: Mawile|100\/100|[from] move: Lunar Dance\n|-damage|p1a: Mawile|95\/100|[from] Stealth Rock\n|turn|16\n|\n|t:|1700654353\n|move|p2a: Rillaboom|Grassy Glide|p1a: Mawile\n|-resisted|p1a: Mawile\n|-damage|p1a: Mawile|59\/100\n|move|p1a: Mawile|Ice Punch|p2a: Rillaboom\n|-supereffective|p2a: Rillaboom\n|-damage|p2a: Rillaboom|0 fnt\n|faint|p2a: Rillaboom\n|\n|-heal|p1a: Mawile|65\/100|[from] Grassy Terrain\n|-fieldend|move: Trick Room\n|upkeep\n|\n|t:|1700654361\n|switch|p2a: Urshifu|Urshifu-Rapid-Strike, F|100\/100\n|turn|17\n|\n|t:|1700654365\n|move|p2a: Urshifu|Close Combat|p1a: Mawile\n|-crit|p1a: Mawile\n|-damage|p1a: Mawile|0 fnt\n|-unboost|p2a: Urshifu|def|1\n|-unboost|p2a: Urshifu|spd|1\n|faint|p1a: Mawile\n|\n|upkeep\n|-message|sceptileinnd forfeited.\n|\n|win|SSSSSSlizard\n|raw|sceptileinnd's rating: 1585 &rarr; <strong>1561<\/strong><br \/>(-24 for losing)\n|raw|SSSSSSlizard's rating: 1510 &rarr; <strong>1534<\/strong><br \/>(+24 for winning)\n|l|\u2606sceptileinnd\n","uploadtime":1700654379,"views":1,"p1id":"sceptileinnd","p2id":"sssssslizard","formatid":"gen9nationaldex","rating":1534,"private":0,"password":""}