{"id":"gen9nationaldex-1992599755","p1":"sexy metapod","p2":"MMQZA7","format":"[Gen 9] National Dex","log":"|j|\u2606sexy metapod\n|j|\u2606MMQZA7\n|t:|1700212610\n|gametype|singles\n|player|p1|sexy metapod|lyra|1457\n|player|p2|MMQZA7|170|1559\n|teamsize|p1|6\n|teamsize|p2|6\n|gen|9\n|tier|[Gen 9] National Dex\n|rated|\n|rule|HP Percentage Mod: HP is shown in percentages\n|rule|Endless Battle Clause: Forcing endless battles is banned\n|rule|OHKO Clause: OHKO moves are banned\n|rule|Evasion Clause: Evasion abilities, items, and moves are banned\n|rule|Evasion Abilities Clause: Evasion abilities are banned\n|rule|Evasion Items Clause: Evasion items are banned\n|rule|Evasion Moves Clause: Evasion moves are banned\n|rule|Species Clause: Limit one of each Pok\u00e9mon\n|rule|Sleep Clause Mod: Limit one foe put to sleep\n|clearpoke\n|poke|p1|Feraligatr, M|\n|poke|p1|Typhlosion-Hisui, F|\n|poke|p1|Meganium, M|\n|poke|p1|Heracross, F|\n|poke|p1|Shuckle, F|\n|poke|p1|Chansey, F|\n|poke|p2|Swellow, M|\n|poke|p2|Lopunny, F|\n|poke|p2|Garchomp, M|\n|poke|p2|Corviknight, M|\n|poke|p2|Clodsire, M|\n|poke|p2|Ogerpon-Cornerstone, F|\n|teampreview\n|inactive|Battle timer is ON: inactive players will automatically lose when time's up. (requested by sexy metapod)\n|l|\u2606MMQZA7\n|inactive|MMQZA7 disconnected and has a minute to reconnect!\n|player|p2|\n|j|\u2606MMQZA7\n|inactive|MMQZA7 reconnected and has 125 seconds left.\n|player|p2|MMQZA7|170\n|inactive|MMQZA7 has 120 seconds left.\n|\n|t:|1700212649\n|start\n|switch|p1a: Typhlosion|Typhlosion-Hisui, F|100\/100\n|switch|p2a: Lopunny|Lopunny, F|100\/100\n|-item|p2a: Lopunny|Lopunnite|[from] ability: Frisk|[of] p1a: Typhlosion|[identify]\n|turn|1\n|\n|t:|1700212672\n|detailschange|p2a: Lopunny|Lopunny-Mega, F\n|-mega|p2a: Lopunny|Lopunny|Lopunnite\n|move|p2a: Lopunny|Fake Out|p1a: Typhlosion\n|-damage|p1a: Typhlosion|71\/100\n|cant|p1a: Typhlosion|flinch\n|\n|upkeep\n|turn|2\n|\n|t:|1700212679\n|switch|p2a: Clodsire|Clodsire, M|100\/100\n|move|p1a: Typhlosion|Focus Blast|p2a: Clodsire|[miss]\n|-miss|p1a: Typhlosion|p2a: Clodsire\n|\n|upkeep\n|turn|3\n|\n|t:|1700212692\n|switch|p1a: Feraligatr|Feraligatr, M|100\/100\n|move|p2a: Clodsire|Toxic|p1a: Feraligatr\n|-status|p1a: Feraligatr|tox\n|\n|-damage|p1a: Feraligatr|94\/100 tox|[from] psn\n|upkeep\n|turn|4\n|\n|t:|1700212702\n|switch|p2a: Corviknight|Corviknight, M|100\/100\n|-ability|p2a: Corviknight|Pressure\n|move|p1a: Feraligatr|Dragon Dance|p1a: Feraligatr\n|-boost|p1a: Feraligatr|atk|1\n|-boost|p1a: Feraligatr|spe|1\n|\n|-damage|p1a: Feraligatr|82\/100 tox|[from] psn\n|upkeep\n|turn|5\n|\n|t:|1700212714\n|move|p1a: Feraligatr|Liquidation|p2a: Corviknight\n|-damage|p2a: Corviknight|33\/100\n|-damage|p1a: Feraligatr|66\/100 tox|[from] item: Rocky Helmet|[of] p2a: Corviknight\n|move|p2a: Corviknight|U-turn|p1a: Feraligatr\n|-damage|p1a: Feraligatr|50\/100 tox\n|\n|t:|1700212719\n|switch|p2a: Garchomp|Garchomp, M|100\/100|[from] U-turn\n|\n|-damage|p1a: Feraligatr|32\/100 tox|[from] psn\n|upkeep\n|turn|6\n|\n|t:|1700212724\n|move|p2a: Garchomp|Earthquake|p1a: Feraligatr\n|-damage|p1a: Feraligatr|0 fnt\n|faint|p1a: Feraligatr\n|\n|upkeep\n|\n|t:|1700212734\n|switch|p1a: Shuckle|Shuckle, F|100\/100\n|turn|7\n|\n|t:|1700212737\n|move|p2a: Garchomp|Earthquake|p1a: Shuckle\n|-damage|p1a: Shuckle|72\/100\n|move|p1a: Shuckle|Sticky Web|p2a: Garchomp\n|-sidestart|p2: MMQZA7|move: Sticky Web\n|\n|upkeep\n|turn|8\n|\n|t:|1700212746\n|move|p2a: Garchomp|Earthquake|p1a: Shuckle\n|-damage|p1a: Shuckle|45\/100\n|move|p1a: Shuckle|Infestation|p2a: Garchomp\n|-damage|p2a: Garchomp|98\/100\n|-activate|p2a: Garchomp|move: Infestation|[of] p1a: Shuckle\n|-damage|p1a: Shuckle|32\/100|[from] ability: Rough Skin|[of] p2a: Garchomp\n|\n|-damage|p2a: Garchomp|86\/100|[from] move: Infestation|[partiallytrapped]\n|upkeep\n|turn|9\n|\n|t:|1700212754\n|switch|p1a: Meganium|Meganium, M|100\/100\n|move|p2a: Garchomp|Earthquake|p1a: Meganium\n|-resisted|p1a: Meganium\n|-damage|p1a: Meganium|82\/100\n|\n|-heal|p1a: Meganium|88\/100|[from] item: Leftovers\n|-end|p2a: Garchomp|Infestation|[partiallytrapped]|[silent]\n|upkeep\n|turn|10\n|\n|t:|1700212767\n|switch|p2a: Clodsire|Clodsire, M|100\/100\n|-activate|p2a: Clodsire|move: Sticky Web\n|-unboost|p2a: Clodsire|spe|1\n|move|p1a: Meganium|Leech Seed|p2a: Clodsire\n|-start|p2a: Clodsire|move: Leech Seed\n|\n|-heal|p1a: Meganium|94\/100|[from] item: Leftovers\n|-damage|p2a: Clodsire|88\/100|[from] Leech Seed|[of] p1a: Meganium\n|-heal|p1a: Meganium|100\/100|[silent]\n|upkeep\n|turn|11\n|\n|t:|1700212784\n|switch|p1a: Heracross|Heracross, F|100\/100\n|move|p2a: Clodsire|Toxic|p1a: Heracross\n|-status|p1a: Heracross|tox\n|\n|-heal|p2a: Clodsire|94\/100|[from] item: Leftovers\n|-damage|p2a: Clodsire|82\/100|[from] Leech Seed|[of] p1a: Heracross\n|-damage|p1a: Heracross|95\/100 tox|[from] psn\n|upkeep\n|turn|12\n|\n|t:|1700212807\n|switch|p2a: Corviknight|Corviknight, M|33\/100\n|-ability|p2a: Corviknight|Pressure\n|detailschange|p1a: Heracross|Heracross-Mega, F\n|-mega|p1a: Heracross|Heracross|Heracronite\n|move|p1a: Heracross|Rock Blast|p2a: Corviknight\n|-damage|p2a: Corviknight|26\/100\n|-damage|p2a: Corviknight|18\/100\n|-damage|p2a: Corviknight|11\/100\n|-damage|p2a: Corviknight|4\/100\n|-damage|p2a: Corviknight|0 fnt\n|faint|p2a: Corviknight\n|-hitcount|p2: Corviknight|5\n|\n|-damage|p1a: Heracross|83\/100 tox|[from] psn\n|upkeep\n|\n|t:|1700212815\n|switch|p2a: Swellow|Swellow, M|100\/100\n|turn|13\n|\n|t:|1700212824\n|switch|p1a: Chansey|Chansey, F|100\/100\n|-terastallize|p2a: Swellow|Normal\n|move|p2a: Swellow|Boomburst|p1a: Chansey\n|-damage|p1a: Chansey|76\/100\n|\n|upkeep\n|turn|14\n|\n|t:|1700212838\n|switch|p2a: Garchomp|Garchomp, M|86\/100\n|-activate|p2a: Garchomp|move: Sticky Web\n|-unboost|p2a: Garchomp|spe|1\n|move|p1a: Chansey|Wish|p1a: Chansey\n|\n|upkeep\n|turn|15\n|inactive|sexy metapod has 120 seconds left.\n|inactive|MMQZA7 has 120 seconds left.\n|\n|t:|1700212873\n|switch|p1a: Meganium|Meganium, M|100\/100\n|move|p2a: Garchomp|Earthquake|p1a: Meganium\n|-resisted|p1a: Meganium\n|-damage|p1a: Meganium|82\/100\n|\n|-heal|p1a: Meganium|100\/100|[from] move: Wish|[wisher] Chansey\n|upkeep\n|turn|16\n|inactive|sexy metapod has 120 seconds left.\n|inactive|MMQZA7 has 120 seconds left.\n|\n|t:|1700212891\n|switch|p2a: Lopunny|Lopunny-Mega, F|100\/100\n|-activate|p2a: Lopunny|move: Sticky Web\n|-unboost|p2a: Lopunny|spe|1\n|switch|p1a: Heracross|Heracross-Mega, F|83\/100 tox\n|\n|-damage|p1a: Heracross|77\/100 tox|[from] psn\n|upkeep\n|turn|17\n|inactive|sexy metapod has 120 seconds left.\n|\n|t:|1700212903\n|move|p2a: Lopunny|Fake Out|p1a: Heracross\n|-damage|p1a: Heracross|57\/100 tox\n|cant|p1a: Heracross|flinch\n|\n|-damage|p1a: Heracross|45\/100 tox|[from] psn\n|upkeep\n|turn|18\n|inactive|MMQZA7 has 120 seconds left.\n|\n|t:|1700212922\n|switch|p2a: Clodsire|Clodsire, M|82\/100\n|-activate|p2a: Clodsire|move: Sticky Web\n|-unboost|p2a: Clodsire|spe|1\n|switch|p1a: Meganium|Meganium, M|100\/100\n|\n|-heal|p2a: Clodsire|88\/100|[from] item: Leftovers\n|upkeep\n|turn|19\n|\n|t:|1700212931\n|switch|p2a: Lopunny|Lopunny-Mega, F|100\/100\n|-activate|p2a: Lopunny|move: Sticky Web\n|-unboost|p2a: Lopunny|spe|1\n|move|p1a: Meganium|Leech Seed|p2a: Lopunny\n|-start|p2a: Lopunny|move: Leech Seed\n|\n|-damage|p2a: Lopunny|88\/100|[from] Leech Seed|[of] p1a: Meganium\n|upkeep\n|turn|20\n|inactive|MMQZA7 has 120 seconds left.\n|\n|t:|1700212952\n|move|p2a: Lopunny|Triple Axel|p1a: Meganium\n|-supereffective|p1a: Meganium\n|-damage|p1a: Meganium|91\/100\n|-supereffective|p1a: Meganium\n|-damage|p1a: Meganium|70\/100\n|-supereffective|p1a: Meganium\n|-damage|p1a: Meganium|38\/100\n|-hitcount|p1a: Meganium|3\n|move|p1a: Meganium|Toxic|p2a: Lopunny\n|-status|p2a: Lopunny|tox\n|\n|-heal|p1a: Meganium|44\/100|[from] item: Leftovers\n|-damage|p2a: Lopunny|76\/100 tox|[from] Leech Seed|[of] p1a: Meganium\n|-heal|p1a: Meganium|53\/100|[silent]\n|-damage|p2a: Lopunny|70\/100 tox|[from] psn\n|upkeep\n|turn|21\n|inactive|MMQZA7 has 120 seconds left.\n|\n|t:|1700212966\n|move|p1a: Meganium|Protect|p1a: Meganium\n|-singleturn|p1a: Meganium|Protect\n|move|p2a: Lopunny|U-turn|p1a: Meganium\n|-activate|p1a: Meganium|move: Protect\n|\n|-heal|p1a: Meganium|59\/100|[from] item: Leftovers\n|-damage|p2a: Lopunny|58\/100 tox|[from] Leech Seed|[of] p1a: Meganium\n|-heal|p1a: Meganium|68\/100|[silent]\n|-damage|p2a: Lopunny|46\/100 tox|[from] psn\n|upkeep\n|turn|22\n|\n|t:|1700212990\n|move|p2a: Lopunny|U-turn|p1a: Meganium\n|-supereffective|p1a: Meganium\n|-damage|p1a: Meganium|37\/100\n|\n|t:|1700212995\n|switch|p2a: Clodsire|Clodsire, M|88\/100|[from] U-turn\n|-activate|p2a: Clodsire|move: Sticky Web\n|-unboost|p2a: Clodsire|spe|1\n|move|p1a: Meganium|Aromatherapy|p1a: Meganium\n|-activate|p1a: Meganium|move: Aromatherapy\n|-curestatus|p1: Heracross|tox|[msg]\n|\n|-heal|p1a: Meganium|43\/100|[from] item: Leftovers\n|-heal|p2a: Clodsire|94\/100|[from] item: Leftovers\n|upkeep\n|turn|23\n|\n|t:|1700213007\n|move|p1a: Meganium|Leech Seed|p2a: Clodsire\n|-start|p2a: Clodsire|move: Leech Seed\n|move|p2a: Clodsire|Stealth Rock|p1a: Meganium\n|-sidestart|p1: sexy metapod|move: Stealth Rock\n|\n|-heal|p1a: Meganium|49\/100|[from] item: Leftovers\n|-heal|p2a: Clodsire|100\/100|[from] item: Leftovers\n|-damage|p2a: Clodsire|88\/100|[from] Leech Seed|[of] p1a: Meganium\n|-heal|p1a: Meganium|65\/100|[silent]\n|upkeep\n|turn|24\n|\n|t:|1700213018\n|move|p1a: Meganium|Protect|p1a: Meganium\n|-singleturn|p1a: Meganium|Protect\n|move|p2a: Clodsire|Toxic|p1a: Meganium\n|-activate|p1a: Meganium|move: Protect\n|\n|-heal|p1a: Meganium|71\/100|[from] item: Leftovers\n|-heal|p2a: Clodsire|94\/100|[from] item: Leftovers\n|-damage|p2a: Clodsire|82\/100|[from] Leech Seed|[of] p1a: Meganium\n|-heal|p1a: Meganium|87\/100|[silent]\n|upkeep\n|turn|25\n|\n|t:|1700213030\n|switch|p1a: Chansey|Chansey, F|76\/100\n|-damage|p1a: Chansey|64\/100|[from] Stealth Rock\n|switch|p2a: Swellow|Swellow, M, tera:Normal|100\/100\n|-activate|p2a: Swellow|move: Sticky Web\n|-unboost|p2a: Swellow|spe|1\n|\n|upkeep\n|turn|26\n|\n|t:|1700213041\n|switch|p2a: Garchomp|Garchomp, M|86\/100\n|-activate|p2a: Garchomp|move: Sticky Web\n|-unboost|p2a: Garchomp|spe|1\n|move|p1a: Chansey|Wish|p1a: Chansey\n|\n|upkeep\n|turn|27\n|\n|t:|1700213055\n|switch|p1a: Meganium|Meganium, M|87\/100\n|-damage|p1a: Meganium|74\/100|[from] Stealth Rock\n|move|p2a: Garchomp|Outrage|p1a: Meganium\n|-crit|p1a: Meganium\n|-damage|p1a: Meganium|9\/100\n|\n|-heal|p1a: Meganium|100\/100|[from] move: Wish|[wisher] Chansey\n|upkeep\n|turn|28\n|\n|t:|1700213069\n|move|p2a: Garchomp|Outrage|p1a: Meganium|[from]lockedmove\n|-damage|p1a: Meganium|57\/100\n|-start|p2a: Garchomp|confusion|[fatigue]\n|move|p1a: Meganium|Toxic|p2a: Garchomp\n|-status|p2a: Garchomp|tox\n|\n|-heal|p1a: Meganium|63\/100|[from] item: Leftovers\n|-damage|p2a: Garchomp|79\/100 tox|[from] psn\n|upkeep\n|turn|29\n|\n|t:|1700213079\n|switch|p2a: Clodsire|Clodsire, M|82\/100\n|-activate|p2a: Clodsire|move: Sticky Web\n|-unboost|p2a: Clodsire|spe|1\n|move|p1a: Meganium|Leech Seed|p2a: Clodsire|[miss]\n|-miss|p1a: Meganium|p2a: Clodsire\n|\n|-heal|p1a: Meganium|69\/100|[from] item: Leftovers\n|-heal|p2a: Clodsire|88\/100|[from] item: Leftovers\n|upkeep\n|turn|30\n|\n|t:|1700213087\n|move|p1a: Meganium|Leech Seed|p2a: Clodsire\n|-start|p2a: Clodsire|move: Leech Seed\n|move|p2a: Clodsire|Toxic|p1a: Meganium\n|-status|p1a: Meganium|tox\n|\n|-heal|p1a: Meganium|75\/100 tox|[from] item: Leftovers\n|-heal|p2a: Clodsire|94\/100|[from] item: Leftovers\n|-damage|p2a: Clodsire|82\/100|[from] Leech Seed|[of] p1a: Meganium\n|-heal|p1a: Meganium|91\/100 tox|[silent]\n|-damage|p1a: Meganium|85\/100 tox|[from] psn\n|upkeep\n|turn|31\n|\n|t:|1700213094\n|switch|p2a: Ogerpon|Ogerpon-Cornerstone, F|100\/100\n|-activate|p2a: Ogerpon|move: Sticky Web\n|-unboost|p2a: Ogerpon|spe|1\n|move|p1a: Meganium|Aromatherapy|p1a: Meganium\n|-activate|p1a: Meganium|move: Aromatherapy\n|-curestatus|p1a: Meganium|tox|[msg]\n|\n|-heal|p1a: Meganium|91\/100|[from] item: Leftovers\n|upkeep\n|turn|32\n|\n|t:|1700213104\n|move|p2a: Ogerpon|Encore|p1a: Meganium\n|-start|p1a: Meganium|Encore\n|move|p1a: Meganium|Aromatherapy||[still]\n|-activate|p1a: Meganium|move: Aromatherapy\n|-fail|p1a: Meganium\n|\n|-heal|p1a: Meganium|97\/100|[from] item: Leftovers\n|upkeep\n|turn|33\n|\n|t:|1700213115\n|switch|p1a: Shuckle|Shuckle, F|32\/100\n|-damage|p1a: Shuckle|7\/100|[from] Stealth Rock\n|move|p2a: Ogerpon|Ivy Cudgel|p1a: Shuckle|[anim] Ivy Cudgel Rock\n|-supereffective|p1a: Shuckle\n|-damage|p1a: Shuckle|0 fnt\n|faint|p1a: Shuckle\n|\n|upkeep\n|\n|t:|1700213125\n|switch|p1a: Heracross|Heracross-Mega, F|45\/100\n|-damage|p1a: Heracross|33\/100|[from] Stealth Rock\n|turn|34\n|inactive|MMQZA7 has 120 seconds left.\n|\n|t:|1700213159\n|move|p1a: Heracross|Trailblaze|p2a: Ogerpon\n|-crit|p2a: Ogerpon\n|-damage|p2a: Ogerpon|51\/100\n|-boost|p1a: Heracross|spe|1\n|move|p2a: Ogerpon|Ivy Cudgel|p1a: Heracross|[anim] Ivy Cudgel Rock\n|-damage|p1a: Heracross|0 fnt\n|faint|p1a: Heracross\n|\n|upkeep\n|inactive|sexy metapod has 120 seconds left.\n|\n|t:|1700213174\n|switch|p1a: Meganium|Meganium, M|97\/100\n|-damage|p1a: Meganium|85\/100|[from] Stealth Rock\n|turn|35\n|\n|t:|1700213182\n|move|p2a: Ogerpon|U-turn|p1a: Meganium\n|-supereffective|p1a: Meganium\n|-damage|p1a: Meganium|44\/100\n|inactive|MMQZA7 has 120 seconds left.\n|\n|t:|1700213204\n|switch|p2a: Lopunny|Lopunny-Mega, F|46\/100 tox|[from] U-turn\n|-activate|p2a: Lopunny|move: Sticky Web\n|-unboost|p2a: Lopunny|spe|1\n|move|p1a: Meganium|Toxic|p2a: Lopunny\n|-fail|p2a: Lopunny|tox\n|\n|-heal|p1a: Meganium|50\/100|[from] item: Leftovers\n|-damage|p2a: Lopunny|40\/100 tox|[from] psn\n|upkeep\n|turn|36\n|inactive|MMQZA7 has 120 seconds left.\n|\n|t:|1700213216\n|move|p1a: Meganium|Protect|p1a: Meganium\n|-singleturn|p1a: Meganium|Protect\n|move|p2a: Lopunny|Fake Out|p1a: Meganium\n|-activate|p1a: Meganium|move: Protect\n|\n|-heal|p1a: Meganium|57\/100|[from] item: Leftovers\n|-damage|p2a: Lopunny|29\/100 tox|[from] psn\n|upkeep\n|turn|37\n|inactive|sexy metapod has 120 seconds left.\n|inactive|MMQZA7 has 120 seconds left.\n|inactive|sexy metapod has 90 seconds left.\n|\n|t:|1700213274\n|move|p1a: Meganium|Protect||[still]\n|-fail|p1a: Meganium\n|move|p2a: Lopunny|Close Combat|p1a: Meganium\n|-damage|p1a: Meganium|13\/100\n|-unboost|p2a: Lopunny|def|1\n|-unboost|p2a: Lopunny|spd|1\n|\n|-heal|p1a: Meganium|19\/100|[from] item: Leftovers\n|-damage|p2a: Lopunny|11\/100 tox|[from] psn\n|upkeep\n|turn|38\n|inactive|sexy metapod has 90 seconds left.\n|\n|t:|1700213292\n|switch|p2a: Ogerpon|Ogerpon-Cornerstone, F|51\/100\n|-activate|p2a: Ogerpon|move: Sticky Web\n|-unboost|p2a: Ogerpon|spe|1\n|move|p1a: Meganium|Protect||[still]\n|-fail|p1a: Meganium\n|\n|-heal|p1a: Meganium|25\/100|[from] item: Leftovers\n|upkeep\n|turn|39\n|inactive|sexy metapod has 90 seconds left.\n|inactive|MMQZA7 has 120 seconds left.\n|\n|t:|1700213315\n|move|p2a: Ogerpon|Ivy Cudgel|p1a: Meganium|[anim] Ivy Cudgel Rock\n|-damage|p1a: Meganium|0 fnt\n|faint|p1a: Meganium\n|\n|upkeep\n|\n|t:|1700213321\n|switch|p1a: Typhlosion|Typhlosion-Hisui, F|71\/100\n|-damage|p1a: Typhlosion|46\/100|[from] Stealth Rock\n|-item|p2a: Ogerpon|Cornerstone Mask|[from] ability: Frisk|[of] p1a: Typhlosion|[identify]\n|turn|40\n|inactive|sexy metapod has 90 seconds left.\n|\n|t:|1700213332\n|switch|p2a: Clodsire|Clodsire, M|82\/100\n|-activate|p2a: Clodsire|move: Sticky Web\n|-unboost|p2a: Clodsire|spe|1\n|move|p1a: Typhlosion|Fire Blast|p2a: Clodsire|[miss]\n|-miss|p1a: Typhlosion|p2a: Clodsire\n|\n|-heal|p2a: Clodsire|88\/100|[from] item: Leftovers\n|upkeep\n|turn|41\n|inactive|sexy metapod has 90 seconds left.\n|\n|t:|1700213340\n|switch|p1a: Chansey|Chansey, F|64\/100\n|-damage|p1a: Chansey|51\/100|[from] Stealth Rock\n|move|p2a: Clodsire|Earthquake|p1a: Chansey\n|-damage|p1a: Chansey|10\/100\n|\n|-heal|p2a: Clodsire|94\/100|[from] item: Leftovers\n|upkeep\n|turn|42\n|\n|t:|1700213345\n|move|p1a: Chansey|Wish|p1a: Chansey\n|move|p2a: Clodsire|Earthquake|p1a: Chansey\n|-damage|p1a: Chansey|0 fnt\n|faint|p1a: Chansey\n|\n|-heal|p2a: Clodsire|100\/100|[from] item: Leftovers\n|upkeep\n|\n|t:|1700213347\n|switch|p1a: Typhlosion|Typhlosion-Hisui, F|46\/100\n|-damage|p1a: Typhlosion|21\/100|[from] Stealth Rock\n|-item|p2a: Clodsire|Leftovers|[from] ability: Frisk|[of] p1a: Typhlosion|[identify]\n|turn|43\n|inactive|sexy metapod has 90 seconds left.\n|\n|t:|1700213370\n|move|p1a: Typhlosion|Fire Blast|p2a: Clodsire\n|-damage|p2a: Clodsire|69\/100\n|move|p2a: Clodsire|Earthquake|p1a: Typhlosion\n|-supereffective|p1a: Typhlosion\n|-damage|p1a: Typhlosion|0 fnt\n|faint|p1a: Typhlosion\n|\n|win|MMQZA7\n|raw|sexy metapod's rating: 1457 &rarr; <strong>1443<\/strong><br \/>(-14 for losing)\n|raw|MMQZA7's rating: 1559 &rarr; <strong>1573<\/strong><br \/>(+14 for winning)\n|l|\u2606sexy metapod\n","uploadtime":1700213383,"views":4,"p1id":"sexymetapod","p2id":"mmqza7","formatid":"gen9nationaldex","rating":1443,"private":0,"password":""}