{"id":"gen9nationaldex-1987260606","p1":"nebulachan","p2":"StormWitch","format":"[Gen 9] National Dex","log":"|j|\u2606nebulachan\n|j|\u2606StormWitch\n|t:|1699570523\n|gametype|singles\n|player|p1|nebulachan|acetrainerf-gen1|\n|player|p2|StormWitch|serena-masters2|\n|teamsize|p1|6\n|teamsize|p2|6\n|gen|9\n|tier|[Gen 9] National Dex\n|rule|HP Percentage Mod: HP is shown in percentages\n|rule|Endless Battle Clause: Forcing endless battles is banned\n|rule|OHKO Clause: OHKO moves are banned\n|rule|Evasion Clause: Evasion abilities, items, and moves are banned\n|rule|Evasion Abilities Clause: Evasion abilities are banned\n|rule|Evasion Items Clause: Evasion items are banned\n|rule|Evasion Moves Clause: Evasion moves are banned\n|rule|Species Clause: Limit one of each Pok\u00e9mon\n|rule|Sleep Clause Mod: Limit one foe put to sleep\n|clearpoke\n|poke|p1|Torterra, F|\n|poke|p1|Araquanid, F|\n|poke|p1|Druddigon, M|\n|poke|p1|Rotom-Fan|\n|poke|p1|Swanna, F|\n|poke|p1|Gourgeist-*, M|\n|poke|p2|Cursola, F|\n|poke|p2|Ribombee, F|\n|poke|p2|Glimmet, M|\n|poke|p2|Porygon2|\n|poke|p2|Bronzong|\n|poke|p2|Toedscruel, M|\n|teampreview\n|c|\u2606StormWitch|glhf part 2!\n|c|\u2606nebulachan|yout oo :3\n|j| BugkeeperBimmy\n|\n|t:|1699570582\n|start\n|switch|p1a: bubble spooder|Araquanid, F|100\/100\n|switch|p2a: Glimmet|Glimmet, M|100\/100\n|turn|1\n|\n|t:|1699570590\n|move|p2a: Glimmet|Power Gem|p1a: bubble spooder\n|-supereffective|p1a: bubble spooder\n|-damage|p1a: bubble spooder|42\/100\n|move|p1a: bubble spooder|Liquidation|p2a: Glimmet\n|-supereffective|p2a: Glimmet\n|-enditem|p2a: Glimmet|Focus Sash\n|-damage|p2a: Glimmet|1\/100\n|-activate|p2a: Glimmet|ability: Toxic Debris\n|-sidestart|p1: nebulachan|move: Toxic Spikes\n|\n|-heal|p1a: bubble spooder|48\/100|[from] item: Leftovers\n|upkeep\n|turn|2\n|\n|t:|1699570603\n|move|p1a: bubble spooder|Protect|p1a: bubble spooder\n|-singleturn|p1a: bubble spooder|Protect\n|move|p2a: Glimmet|Power Gem|p1a: bubble spooder\n|-activate|p1a: bubble spooder|move: Protect\n|\n|-heal|p1a: bubble spooder|54\/100|[from] item: Leftovers\n|upkeep\n|turn|3\n|j| robotjuice\n|j| Pyos\n|\n|t:|1699570619\n|move|p1a: bubble spooder|Protect||[still]\n|-fail|p1a: bubble spooder\n|move|p2a: Glimmet|Power Gem|p1a: bubble spooder\n|-supereffective|p1a: bubble spooder\n|-damage|p1a: bubble spooder|0 fnt\n|faint|p1a: bubble spooder\n|\n|upkeep\n|\n|t:|1699570622\n|switch|p1a: push up specialist|Swanna, F|100\/100\n|turn|4\n|\n|t:|1699570627\n|move|p1a: push up specialist|Flip Turn|p2a: Glimmet\n|-supereffective|p2a: Glimmet\n|-damage|p2a: Glimmet|0 fnt\n|-activate|p2a: Glimmet|ability: Toxic Debris\n|-sidestart|p1: nebulachan|move: Toxic Spikes\n|faint|p2a: Glimmet\n|\n|t:|1699570633\n|switch|p1a: blows me away...|Rotom-Fan|100\/100|[from] Flip Turn\n|\n|upkeep\n|\n|t:|1699570642\n|switch|p2a: Cursola|Cursola, F|100\/100\n|turn|5\n|\n|t:|1699570649\n|move|p1a: blows me away...|Trick|p2a: Cursola\n|-activate|p1a: blows me away...|move: Trick|[of] p2a: Cursola\n|-item|p2a: Cursola|Choice Scarf|[from] move: Trick\n|-item|p1a: blows me away...|Choice Specs|[from] move: Trick\n|move|p2a: Cursola|Shadow Ball|p1a: blows me away...\n|-damage|p1a: blows me away...|38\/100\n|\n|upkeep\n|turn|6\n|\n|t:|1699570661\n|move|p2a: Cursola|Shadow Ball|p1a: blows me away...\n|-damage|p1a: blows me away...|0 fnt\n|faint|p1a: blows me away...\n|\n|upkeep\n|\n|t:|1699570667\n|switch|p1a: push up specialist|Swanna, F|100\/100\n|turn|7\n|\n|t:|1699570672\n|move|p1a: push up specialist|Knock Off|p2a: Cursola\n|-supereffective|p2a: Cursola\n|-damage|p2a: Cursola|0 fnt\n|-enditem|p2a: Cursola|Choice Scarf|[from] move: Knock Off|[of] p1a: push up specialist\n|faint|p2a: Cursola\n|\n|upkeep\n|\n|t:|1699570678\n|switch|p2a: Porygon2|Porygon2|100\/100\n|-ability|p2a: Porygon2|Download|boost\n|-boost|p2a: Porygon2|atk|1\n|turn|8\n|\n|t:|1699570689\n|move|p1a: push up specialist|Knock Off|p2a: Porygon2\n|-damage|p2a: Porygon2|73\/100\n|-enditem|p2a: Porygon2|Leftovers|[from] move: Knock Off|[of] p1a: push up specialist\n|move|p2a: Porygon2|Shadow Ball|p1a: push up specialist\n|-damage|p1a: push up specialist|56\/100\n|-unboost|p1a: push up specialist|spd|1\n|\n|upkeep\n|turn|9\n|\n|t:|1699570696\n|switch|p1a: tortwell M.I.A.|Torterra, F|100\/100\n|-status|p1a: tortwell M.I.A.|tox\n|move|p2a: Porygon2|Shadow Ball|p1a: tortwell M.I.A.\n|-damage|p1a: tortwell M.I.A.|68\/100 tox\n|\n|-damage|p1a: tortwell M.I.A.|62\/100 tox|[from] psn\n|upkeep\n|turn|10\n|\n|t:|1699570704\n|move|p1a: tortwell M.I.A.|Shell Smash|p1a: tortwell M.I.A.\n|-unboost|p1a: tortwell M.I.A.|def|1\n|-unboost|p1a: tortwell M.I.A.|spd|1\n|-boost|p1a: tortwell M.I.A.|atk|2\n|-boost|p1a: tortwell M.I.A.|spa|2\n|-boost|p1a: tortwell M.I.A.|spe|2\n|move|p2a: Porygon2|Shadow Ball|p1a: tortwell M.I.A.\n|-damage|p1a: tortwell M.I.A.|13\/100 tox\n|\n|-damage|p1a: tortwell M.I.A.|1\/100 tox|[from] psn\n|upkeep\n|turn|11\n|\n|t:|1699570709\n|switch|p2a: Toedscruel|Toedscruel, M|100\/100\n|move|p1a: tortwell M.I.A.|Bullet Seed|p2a: Toedscruel\n|-damage|p2a: Toedscruel|40\/100\n|-damage|p2a: Toedscruel|0 fnt\n|faint|p2a: Toedscruel\n|-hitcount|p2: Toedscruel|2\n|\n|-damage|p1a: tortwell M.I.A.|0 fnt|[from] psn\n|faint|p1a: tortwell M.I.A.\n|upkeep\n|\n|t:|1699570718\n|switch|p2a: Bronzong|Bronzong|100\/100\n|switch|p1a: push up specialist|Swanna, F|56\/100\n|turn|12\n|j| Dephe\n|\n|t:|1699570725\n|move|p1a: push up specialist|Knock Off|p2a: Bronzong\n|-supereffective|p2a: Bronzong\n|-damage|p2a: Bronzong|63\/100\n|-enditem|p2a: Bronzong|Light Clay|[from] move: Knock Off|[of] p1a: push up specialist\n|move|p2a: Bronzong|Charge Beam|p1a: push up specialist\n|-supereffective|p1a: push up specialist\n|-damage|p1a: push up specialist|0 fnt\n|-boost|p2a: Bronzong|spa|1\n|faint|p1a: push up specialist\n|\n|upkeep\n|j| Meaperm\n|c|\u2606nebulachan|you're too much of a gamer\n|c|\u2606nebulachan|settle down\n|\n|t:|1699570749\n|switch|p1a: needs lotion|Druddigon, M|100\/100\n|-status|p1a: needs lotion|tox\n|-ability|p1a: needs lotion|Mold Breaker\n|turn|13\n|c|\u2606StormWitch|I was feeling silly ok\n|\n|t:|1699570760\n|move|p1a: needs lotion|Earthquake|p2a: Bronzong\n|-supereffective|p2a: Bronzong\n|-damage|p2a: Bronzong|29\/100\n|move|p2a: Bronzong|Reflect|p2a: Bronzong\n|-sidestart|p2: StormWitch|Reflect\n|\n|-damage|p1a: needs lotion|94\/100 tox|[from] psn\n|upkeep\n|turn|14\n|\n|t:|1699570767\n|move|p1a: needs lotion|Earthquake|p2a: Bronzong\n|-supereffective|p2a: Bronzong\n|-damage|p2a: Bronzong|12\/100\n|move|p2a: Bronzong|Steel Beam|p1a: needs lotion\n|-damage|p1a: needs lotion|34\/100 tox\n|-damage|p2a: Bronzong|0 fnt|[from] steelbeam\n|faint|p2a: Bronzong\n|\n|-damage|p1a: needs lotion|21\/100 tox|[from] psn\n|upkeep\n|\n|t:|1699570857\n|switch|p2a: Porygon2|Porygon2|73\/100\n|-ability|p2a: Porygon2|Download|boost\n|-boost|p2a: Porygon2|spa|1\n|turn|15\n|\n|t:|1699570863\n|move|p2a: Porygon2|Shadow Ball|p1a: needs lotion\n|-damage|p1a: needs lotion|0 fnt\n|faint|p1a: needs lotion\n|\n|upkeep\n|\n|t:|1699570866\n|switch|p1a: too much eyeliner|Gourgeist-Small, M|100\/100\n|-status|p1a: too much eyeliner|tox\n|turn|16\n|\n|t:|1699570870\n|move|p1a: too much eyeliner|Power Whip|p2a: Porygon2\n|-damage|p2a: Porygon2|54\/100\n|move|p2a: Porygon2|Shadow Ball|p1a: too much eyeliner\n|-supereffective|p1a: too much eyeliner\n|-damage|p1a: too much eyeliner|0 fnt\n|faint|p1a: too much eyeliner\n|\n|win|StormWitch\n|c|\u2606nebulachan|gg\n|c|\u2606nebulachan|wp\n|c|\u2606StormWitch|gg wp\n|l| Dephe\n|l| BugkeeperBimmy\n|l| Pyos\n|c|\u2606nebulachan|oh can you grab the replays\n|c|\u2606nebulachan|i left before the first one\n|c|\u2606StormWitch|yeah ofc\n|c|\u2606nebulachan|thank u\n|j| zooki18\n|l|\u2606nebulachan\n|l| Meaperm\n|c|\u2606StormWitch|I'm ngl I did NOT expect steel beam to accomplish tasks\n|l| robotjuice\n","uploadtime":1699570952,"views":44,"p1id":"nebulachan","p2id":"stormwitch","formatid":"gen9nationaldex","rating":0,"private":0,"password":""}