{"id":"gen9nationaldex-1999844048","p1":"RARMolina","p2":"AndrewJM_123","format":"[Gen 9] National Dex","log":"|html|<div class=\"broadcast-blue\"><strong>[Gen 9] National Dex is currently suspecting Sneasler! For information on how to participate check out the <a href=\"https:\/\/www.smogon.com\/forums\/threads\/sv-national-dex-suspect-8-just-dance.3731534\/\">suspect thread<\/a>.<\/strong><\/div>\n|j|\u2606RARMolina\n|j|\u2606AndrewJM_123\n|t:|1701122032\n|gametype|singles\n|player|p1|RARMolina|phorus-unite|1205\n|player|p2|AndrewJM_123|2|1145\n|teamsize|p1|6\n|teamsize|p2|6\n|gen|9\n|tier|[Gen 9] National Dex\n|rated|\n|rule|HP Percentage Mod: HP is shown in percentages\n|rule|Endless Battle Clause: Forcing endless battles is banned\n|rule|OHKO Clause: OHKO moves are banned\n|rule|Evasion Clause: Evasion abilities, items, and moves are banned\n|rule|Evasion Abilities Clause: Evasion abilities are banned\n|rule|Evasion Items Clause: Evasion items are banned\n|rule|Evasion Moves Clause: Evasion moves are banned\n|rule|Species Clause: Limit one of each Pok\u00e9mon\n|rule|Sleep Clause Mod: Limit one foe put to sleep\n|clearpoke\n|poke|p1|Empoleon, M|\n|poke|p1|Garchomp, M|\n|poke|p1|Pelipper, M|\n|poke|p1|Jellicent, F|\n|poke|p1|Golisopod, M|\n|poke|p1|Swampert, F|\n|poke|p2|Ambipom, F|\n|poke|p2|Crawdaunt, F|\n|poke|p2|Pelipper, F|\n|poke|p2|Espeon, F|\n|poke|p2|Metagross|\n|poke|p2|Amoonguss, F|\n|teampreview\n|\n|t:|1701122049\n|start\n|switch|p1a: Bocho|Garchomp, M|100\/100\n|switch|p2a: Ambipom|Ambipom, F|100\/100\n|turn|1\n|\n|t:|1701122057\n|switch|p1a: Srta. Tess|Jellicent, F|100\/100\n|move|p2a: Ambipom|Fake Out|p1a: Srta. Tess\n|-immune|p1a: Srta. Tess\n|\n|upkeep\n|turn|2\n|\n|t:|1701122063\n|move|p2a: Ambipom|U-turn|p1a: Srta. Tess\n|-resisted|p1a: Srta. Tess\n|-damage|p1a: Srta. Tess|91\/100\n|-start|p2a: Ambipom|Disable|U-turn|[from] ability: Cursed Body|[of] p1a: Srta. Tess\n|\n|t:|1701122068\n|switch|p2a: Espeon|Espeon, F|100\/100|[from] U-turn\n|move|p1a: Srta. Tess|Scald|p2a: Espeon\n|-damage|p2a: Espeon|75\/100\n|-status|p2a: Espeon|brn\n|\n|-heal|p1a: Srta. Tess|97\/100|[from] item: Leftovers\n|-damage|p2a: Espeon|69\/100 brn|[from] brn\n|upkeep\n|turn|3\n|\n|t:|1701122077\n|move|p2a: Espeon|Light Screen|p2a: Espeon\n|-sidestart|p2: AndrewJM_123|move: Light Screen\n|move|p1a: Srta. Tess|Shadow Ball|p2a: Espeon\n|-supereffective|p2a: Espeon\n|-damage|p2a: Espeon|45\/100 brn\n|-unboost|p2a: Espeon|spd|1\n|\n|-heal|p1a: Srta. Tess|100\/100|[from] item: Leftovers\n|-damage|p2a: Espeon|39\/100 brn|[from] brn\n|upkeep\n|turn|4\n|\n|t:|1701122092\n|switch|p2a: Crawdaunt|Crawdaunt, F|100\/100\n|move|p1a: Srta. Tess|Scald|p2a: Crawdaunt\n|-resisted|p2a: Crawdaunt\n|-damage|p2a: Crawdaunt|89\/100\n|\n|upkeep\n|turn|5\n|\n|t:|1701122101\n|switch|p1a: Weater report|Pelipper, M|100\/100\n|-weather|RainDance|[from] ability: Drizzle|[of] p1a: Weater report\n|move|p2a: Crawdaunt|Crabhammer|p1a: Weater report\n|-resisted|p1a: Weater report\n|-damage|p1a: Weater report|41\/100\n|\n|-weather|RainDance|[upkeep]\n|upkeep\n|turn|6\n|\n|t:|1701122110\n|switch|p1a: Bocho|Garchomp, M|100\/100\n|move|p2a: Crawdaunt|Crabhammer|p1a: Bocho\n|-crit|p1a: Bocho\n|-damage|p1a: Bocho|0 fnt\n|-damage|p2a: Crawdaunt|77\/100|[from] ability: Rough Skin|[of] p1a: Bocho\n|faint|p1a: Bocho\n|\n|-weather|RainDance|[upkeep]\n|upkeep\n|\n|t:|1701122114\n|switch|p1a: Shredder|Golisopod, M|100\/100\n|turn|7\n|\n|t:|1701122123\n|move|p1a: Shredder|First Impression|p2a: Crawdaunt\n|-supereffective|p2a: Crawdaunt\n|-damage|p2a: Crawdaunt|0 fnt\n|faint|p2a: Crawdaunt\n|\n|-weather|RainDance|[upkeep]\n|upkeep\n|\n|t:|1701122134\n|switch|p2a: Pelipper|Pelipper, F|100\/100\n|turn|8\n|\n|t:|1701122137\n|switch|p1a: Weater report|Pelipper, M|41\/100\n|move|p2a: Pelipper|Hurricane|p1a: Weater report\n|-damage|p1a: Weater report|0 fnt\n|faint|p1a: Weater report\n|\n|-weather|RainDance|[upkeep]\n|upkeep\n|\n|t:|1701122143\n|switch|p1a: Srta. Tess|Jellicent, F|100\/100\n|turn|9\n|\n|t:|1701122147\n|move|p2a: Pelipper|Hurricane|p1a: Srta. Tess\n|-damage|p1a: Srta. Tess|47\/100\n|move|p1a: Srta. Tess|Shadow Ball|p2a: Pelipper\n|-damage|p2a: Pelipper|78\/100\n|\n|-weather|RainDance|[upkeep]\n|-heal|p1a: Srta. Tess|53\/100|[from] item: Leftovers\n|upkeep\n|turn|10\n|\n|t:|1701122156\n|move|p2a: Pelipper|Hurricane|p1a: Srta. Tess\n|-damage|p1a: Srta. Tess|0 fnt\n|-start|p2a: Pelipper|Disable|Hurricane|[from] ability: Cursed Body|[of] p1a: Srta. Tess\n|faint|p1a: Srta. Tess\n|\n|-weather|RainDance|[upkeep]\n|-sideend|p2: AndrewJM_123|move: Light Screen\n|upkeep\n|\n|t:|1701122161\n|switch|p1a: Jatziri|Swampert, F|100\/100\n|turn|11\n|\n|t:|1701122166\n|switch|p2a: Amoonguss|Amoonguss, F|100\/100\n|detailschange|p1a: Jatziri|Swampert-Mega, F\n|-mega|p1a: Jatziri|Swampert|Swampertite\n|move|p1a: Jatziri|Ice Punch|p2a: Amoonguss\n|-supereffective|p2a: Amoonguss\n|-damage|p2a: Amoonguss|55\/100\n|\n|-weather|RainDance|[upkeep]\n|-heal|p2a: Amoonguss|61\/100|[from] item: Black Sludge\n|upkeep\n|turn|12\n|\n|t:|1701122175\n|move|p1a: Jatziri|Earthquake|p2a: Amoonguss\n|-damage|p2a: Amoonguss|16\/100\n|move|p2a: Amoonguss|Giga Drain|p1a: Jatziri\n|-supereffective|p1a: Jatziri\n|-damage|p1a: Jatziri|22\/100\n|-heal|p2a: Amoonguss|48\/100|[from] drain|[of] p1a: Jatziri\n|\n|-weather|none\n|-heal|p2a: Amoonguss|54\/100|[from] item: Black Sludge\n|upkeep\n|turn|13\n|\n|t:|1701122183\n|move|p1a: Jatziri|Earthquake|p2a: Amoonguss\n|-damage|p2a: Amoonguss|15\/100\n|move|p2a: Amoonguss|Giga Drain|p1a: Jatziri\n|-supereffective|p1a: Jatziri\n|-damage|p1a: Jatziri|0 fnt\n|-heal|p2a: Amoonguss|24\/100|[from] drain|[of] p1a: Jatziri\n|faint|p1a: Jatziri\n|\n|-heal|p2a: Amoonguss|30\/100|[from] item: Black Sludge\n|upkeep\n|\n|t:|1701122188\n|switch|p1a: Poseidon|Empoleon, M|100\/100\n|turn|14\n|\n|t:|1701122195\n|switch|p2a: Metagross|Metagross|100\/100\n|move|p1a: Poseidon|Ice Beam|p2a: Metagross\n|-resisted|p2a: Metagross\n|-damage|p2a: Metagross|94\/100\n|\n|upkeep\n|turn|15\n|\n|t:|1701122211\n|switch|p2a: Espeon|Espeon, F|39\/100 brn\n|move|p1a: Poseidon|Hydro Pump|p2a: Espeon\n|-damage|p2a: Espeon|0 fnt\n|faint|p2a: Espeon\n|\n|upkeep\n|\n|t:|1701122222\n|switch|p2a: Ambipom|Ambipom, F|100\/100\n|turn|16\n|\n|t:|1701122227\n|move|p2a: Ambipom|Fake Out|p1a: Poseidon\n|-resisted|p1a: Poseidon\n|-damage|p1a: Poseidon|80\/100\n|cant|p1a: Poseidon|flinch\n|\n|upkeep\n|turn|17\n|\n|t:|1701122232\n|move|p2a: Ambipom|U-turn|p1a: Poseidon\n|-resisted|p1a: Poseidon\n|-damage|p1a: Poseidon|67\/100\n|\n|t:|1701122235\n|switch|p2a: Amoonguss|Amoonguss, F|63\/100|[from] U-turn\n|move|p1a: Poseidon|Hydro Pump|p2a: Amoonguss\n|-resisted|p2a: Amoonguss\n|-damage|p2a: Amoonguss|39\/100\n|\n|-heal|p2a: Amoonguss|45\/100|[from] item: Black Sludge\n|upkeep\n|turn|18\n|\n|t:|1701122243\n|switch|p2a: Metagross|Metagross|94\/100\n|move|p1a: Poseidon|Ice Beam|p2a: Metagross\n|-resisted|p2a: Metagross\n|-damage|p2a: Metagross|86\/100\n|\n|upkeep\n|turn|19\n|\n|t:|1701122254\n|switch|p2a: Pelipper|Pelipper, F|78\/100\n|-weather|RainDance|[from] ability: Drizzle|[of] p2a: Pelipper\n|move|p1a: Poseidon|Hydro Pump|p2a: Pelipper\n|-resisted|p2a: Pelipper\n|-damage|p2a: Pelipper|19\/100\n|\n|-weather|RainDance|[upkeep]\n|upkeep\n|turn|20\n|\n|t:|1701122267\n|move|p2a: Pelipper|Weather Ball|p1a: Poseidon\n|-resisted|p1a: Poseidon\n|-damage|p1a: Poseidon|18\/100\n|move|p1a: Poseidon|Roost|p1a: Poseidon\n|-heal|p1a: Poseidon|68\/100\n|-singleturn|p1a: Poseidon|move: Roost\n|\n|-weather|RainDance|[upkeep]\n|upkeep\n|turn|21\n|\n|t:|1701122276\n|-terastallize|p2a: Pelipper|Water\n|move|p2a: Pelipper|Weather Ball|p1a: Poseidon\n|-resisted|p1a: Poseidon\n|-damage|p1a: Poseidon|10\/100\n|move|p1a: Poseidon|Roost|p1a: Poseidon\n|-heal|p1a: Poseidon|60\/100\n|-singleturn|p1a: Poseidon|move: Roost\n|\n|-weather|RainDance|[upkeep]\n|upkeep\n|turn|22\n|\n|t:|1701122285\n|move|p2a: Pelipper|Weather Ball|p1a: Poseidon\n|-resisted|p1a: Poseidon\n|-damage|p1a: Poseidon|0 fnt\n|faint|p1a: Poseidon\n|\n|-weather|RainDance|[upkeep]\n|upkeep\n|\n|t:|1701122292\n|switch|p1a: Shredder|Golisopod, M|100\/100\n|turn|23\n|\n|t:|1701122299\n|switch|p2a: Amoonguss|Amoonguss, F|79\/100\n|move|p1a: Shredder|First Impression|p2a: Amoonguss\n|-damage|p2a: Amoonguss|43\/100\n|\n|-weather|none\n|-heal|p2a: Amoonguss|50\/100|[from] item: Black Sludge\n|upkeep\n|turn|24\n|\n|t:|1701122306\n|move|p1a: Shredder|Leech Life|p2a: Amoonguss\n|-damage|p2a: Amoonguss|14\/100\n|move|p2a: Amoonguss|Giga Drain|p1a: Shredder\n|-damage|p1a: Shredder|85\/100\n|-heal|p2a: Amoonguss|19\/100|[from] drain|[of] p1a: Shredder\n|\n|-heal|p2a: Amoonguss|25\/100|[from] item: Black Sludge\n|upkeep\n|turn|25\n|\n|t:|1701122314\n|move|p1a: Shredder|Leech Life|p2a: Amoonguss\n|-damage|p2a: Amoonguss|0 fnt\n|-heal|p1a: Shredder|100\/100|[from] drain|[of] p2a: Amoonguss\n|faint|p2a: Amoonguss\n|\n|upkeep\n|\n|t:|1701122320\n|switch|p2a: Ambipom|Ambipom, F|100\/100\n|turn|26\n|\n|t:|1701122330\n|move|p2a: Ambipom|Fake Out|p1a: Shredder\n|-damage|p1a: Shredder|74\/100\n|cant|p1a: Shredder|flinch\n|\n|upkeep\n|turn|27\n|\n|t:|1701122335\n|-terastallize|p1a: Shredder|Steel\n|move|p2a: Ambipom|U-turn|p1a: Shredder\n|-resisted|p1a: Shredder\n|-damage|p1a: Shredder|65\/100\n|\n|t:|1701122339\n|switch|p2a: Metagross|Metagross|86\/100|[from] U-turn\n|move|p1a: Shredder|Leech Life|p2a: Metagross\n|-damage|p2a: Metagross|53\/100\n|-heal|p1a: Shredder|86\/100|[from] drain|[of] p2a: Metagross\n|\n|upkeep\n|turn|28\n|\n|t:|1701122348\n|move|p2a: Metagross|Meteor Mash|p1a: Shredder\n|-resisted|p1a: Shredder\n|-damage|p1a: Shredder|68\/100\n|move|p1a: Shredder|Leech Life|p2a: Metagross\n|-damage|p2a: Metagross|17\/100\n|-heal|p1a: Shredder|91\/100|[from] drain|[of] p2a: Metagross\n|\n|upkeep\n|turn|29\n|\n|t:|1701122357\n|move|p1a: Shredder|Sucker Punch|p2a: Metagross\n|-supereffective|p2a: Metagross\n|-damage|p2a: Metagross|0 fnt\n|faint|p2a: Metagross\n|\n|upkeep\n|\n|t:|1701122364\n|switch|p2a: Pelipper|Pelipper, F, tera:Water|19\/100\n|-weather|RainDance|[from] ability: Drizzle|[of] p2a: Pelipper\n|turn|30\n|\n|t:|1701122369\n|move|p1a: Shredder|Sucker Punch|p2a: Pelipper\n|-damage|p2a: Pelipper|0 fnt\n|faint|p2a: Pelipper\n|\n|-weather|RainDance|[upkeep]\n|upkeep\n|\n|t:|1701122373\n|switch|p2a: Ambipom|Ambipom, F|100\/100\n|turn|31\n|\n|t:|1701122379\n|move|p2a: Ambipom|Fake Out|p1a: Shredder\n|-resisted|p1a: Shredder\n|-damage|p1a: Shredder|79\/100\n|cant|p1a: Shredder|flinch\n|\n|-weather|RainDance|[upkeep]\n|upkeep\n|turn|32\n|\n|t:|1701122385\n|move|p2a: Ambipom|Return|p1a: Shredder\n|-resisted|p1a: Shredder\n|-damage|p1a: Shredder|59\/100\n|move|p1a: Shredder|Leech Life|p2a: Ambipom\n|-damage|p2a: Ambipom|24\/100\n|-heal|p1a: Shredder|97\/100|[from] drain|[of] p2a: Ambipom\n|\n|-weather|RainDance|[upkeep]\n|upkeep\n|turn|33\n|c|\u2606RARMolina|Gg\n|\n|t:|1701122394\n|move|p1a: Shredder|Sucker Punch|p2a: Ambipom\n|-damage|p2a: Ambipom|0 fnt\n|faint|p2a: Ambipom\n|\n|win|RARMolina\n|raw|RARMolina's rating: 1205 &rarr; <strong>1226<\/strong><br \/>(+21 for winning)\n|raw|AndrewJM_123's rating: 1145 &rarr; <strong>1124<\/strong><br \/>(-21 for losing)\n|l|\u2606AndrewJM_123\n","uploadtime":1701122402,"views":2,"p1id":"rarmolina","p2id":"andrewjm123","formatid":"gen9nationaldex","rating":1124,"private":0,"password":""}