{"id":"gen9nationaldex-1996962010","p1":"JayHaro","p2":"zhendixihuann","format":"[Gen 9] National Dex","log":"|html|<div class=\"broadcast-blue\"><strong>[Gen 9] National Dex is currently suspecting Sneasler! For information on how to participate check out the <a href=\"https:\/\/www.smogon.com\/forums\/threads\/sv-national-dex-suspect-8-just-dance.3731534\/\">suspect thread<\/a>.<\/strong><\/div>\n|j|\u2606JayHaro\n|j|\u2606zhendixihuann\n|t:|1700750067\n|gametype|singles\n|player|p1|JayHaro|red|1368\n|player|p2|zhendixihuann|volkner|1425\n|teamsize|p1|6\n|teamsize|p2|6\n|gen|9\n|tier|[Gen 9] National Dex\n|rated|\n|rule|HP Percentage Mod: HP is shown in percentages\n|rule|Endless Battle Clause: Forcing endless battles is banned\n|rule|OHKO Clause: OHKO moves are banned\n|rule|Evasion Clause: Evasion abilities, items, and moves are banned\n|rule|Evasion Abilities Clause: Evasion abilities are banned\n|rule|Evasion Items Clause: Evasion items are banned\n|rule|Evasion Moves Clause: Evasion moves are banned\n|rule|Species Clause: Limit one of each Pok\u00e9mon\n|rule|Sleep Clause Mod: Limit one foe put to sleep\n|clearpoke\n|poke|p1|Victini|\n|poke|p1|Tyranitar, F|\n|poke|p1|Skarmory, F|\n|poke|p1|Garchomp, M|\n|poke|p1|Iron Valiant|\n|poke|p1|Toxapex, M|\n|poke|p2|Heracross, F|\n|poke|p2|Alomomola, F|\n|poke|p2|Landorus-Therian, M|\n|poke|p2|Tapu Lele|\n|poke|p2|Heatran, F|\n|poke|p2|Dragonite, F|\n|teampreview\n|inactive|Battle timer is ON: inactive players will automatically lose when time's up. (requested by JayHaro)\n|\n|t:|1700750076\n|start\n|switch|p1a: Victini|Victini|100\/100\n|switch|p2a: Heatran|Heatran, F|100\/100\n|turn|1\n|\n|t:|1700750085\n|move|p1a: Victini|U-turn|p2a: Heatran\n|-resisted|p2a: Heatran\n|-damage|p2a: Heatran|94\/100\n|\n|t:|1700750095\n|switch|p1a: Tyranitar|Tyranitar, F|100\/100|[from] U-turn\n|-weather|Sandstorm|[from] ability: Sand Stream|[of] p1a: Tyranitar\n|move|p2a: Heatran|Stealth Rock|p1a: Tyranitar\n|-sidestart|p1: JayHaro|move: Stealth Rock\n|\n|-weather|Sandstorm|[upkeep]\n|-heal|p2a: Heatran|99\/100|[from] item: Leftovers\n|upkeep\n|turn|2\n|\n|t:|1700750112\n|switch|p2a: Landorus|Landorus-Therian, M|100\/100\n|-ability|p2a: Landorus|Intimidate|boost\n|-unboost|p1a: Tyranitar|atk|1\n|move|p1a: Tyranitar|Ice Beam|p2a: Landorus\n|-supereffective|p2a: Landorus\n|-damage|p2a: Landorus|35\/100\n|\n|-weather|Sandstorm|[upkeep]\n|-heal|p2a: Landorus|41\/100|[from] item: Leftovers\n|upkeep\n|turn|3\n|\n|t:|1700750129\n|move|p2a: Landorus|U-turn|p1a: Tyranitar\n|-supereffective|p1a: Tyranitar\n|-damage|p1a: Tyranitar|66\/100\n|\n|t:|1700750137\n|switch|p2a: Heracross|Heracross, F|100\/100|[from] U-turn\n|move|p1a: Tyranitar|Ice Beam|p2a: Heracross\n|-crit|p2a: Heracross\n|-damage|p2a: Heracross|64\/100\n|\n|-weather|Sandstorm|[upkeep]\n|-damage|p2a: Heracross|58\/100|[from] Sandstorm\n|upkeep\n|turn|4\n|\n|t:|1700750147\n|switch|p1a: Skarmory|Skarmory, F|100\/100\n|-damage|p1a: Skarmory|88\/100|[from] Stealth Rock\n|detailschange|p2a: Heracross|Heracross-Mega, F\n|-mega|p2a: Heracross|Heracross|Heracronite\n|move|p2a: Heracross|Trailblaze|p1a: Skarmory\n|-resisted|p1a: Skarmory\n|-damage|p1a: Skarmory|85\/100\n|-boost|p2a: Heracross|spe|1\n|-damage|p2a: Heracross|42\/100|[from] item: Rocky Helmet|[of] p1a: Skarmory\n|\n|-weather|Sandstorm|[upkeep]\n|-damage|p2a: Heracross|36\/100|[from] Sandstorm\n|upkeep\n|turn|5\n|\n|t:|1700750171\n|switch|p2a: Alomomola|Alomomola, F|100\/100\n|move|p1a: Skarmory|Counter||[still]\n|-fail|p1a: Skarmory\n|\n|-weather|none\n|upkeep\n|turn|6\n|\n|t:|1700750179\n|move|p1a: Skarmory|Defog|p2a: Alomomola\n|-unboost|p2a: Alomomola|evasion|1\n|-sideend|p1: JayHaro|Stealth Rock|[from] move: Defog|[of] p1a: Skarmory\n|move|p2a: Alomomola|Wish|p2a: Alomomola\n|\n|upkeep\n|turn|7\n|\n|t:|1700750187\n|move|p1a: Skarmory|Brave Bird|p2a: Alomomola\n|-damage|p2a: Alomomola|82\/100\n|-damage|p1a: Skarmory|76\/100|[from] Recoil\n|move|p2a: Alomomola|Flip Turn|p1a: Skarmory\n|-crit|p1a: Skarmory\n|-damage|p1a: Skarmory|62\/100\n|-damage|p2a: Alomomola|65\/100|[from] item: Rocky Helmet|[of] p1a: Skarmory\n|\n|t:|1700750204\n|switch|p2a: Landorus|Landorus-Therian, M|41\/100|[from] Flip Turn\n|-ability|p2a: Landorus|Intimidate|boost\n|-unboost|p1a: Skarmory|atk|1\n|\n|-heal|p2a: Landorus|100\/100|[from] move: Wish|[wisher] Alomomola\n|upkeep\n|turn|8\n|\n|t:|1700750213\n|move|p2a: Landorus|Knock Off|p1a: Skarmory\n|-damage|p1a: Skarmory|43\/100\n|-damage|p2a: Landorus|84\/100|[from] item: Rocky Helmet|[of] p1a: Skarmory\n|-enditem|p1a: Skarmory|Rocky Helmet|[from] move: Knock Off|[of] p2a: Landorus\n|move|p1a: Skarmory|Roost|p1a: Skarmory\n|-heal|p1a: Skarmory|93\/100\n|-singleturn|p1a: Skarmory|move: Roost\n|\n|-heal|p2a: Landorus|90\/100|[from] item: Leftovers\n|upkeep\n|turn|9\n|\n|t:|1700750230\n|move|p2a: Landorus|U-turn|p1a: Skarmory\n|-resisted|p1a: Skarmory\n|-damage|p1a: Skarmory|90\/100\n|\n|t:|1700750234\n|switch|p2a: Dragonite|Dragonite, F|100\/100|[from] U-turn\n|move|p1a: Skarmory|Roost|p1a: Skarmory\n|-heal|p1a: Skarmory|100\/100\n|-singleturn|p1a: Skarmory|move: Roost\n|\n|upkeep\n|turn|10\n|\n|t:|1700750243\n|move|p2a: Dragonite|Dragon Dance|p2a: Dragonite\n|-boost|p2a: Dragonite|atk|1\n|-boost|p2a: Dragonite|spe|1\n|move|p1a: Skarmory|Brave Bird|p2a: Dragonite\n|-damage|p2a: Dragonite|87\/100\n|-damage|p1a: Skarmory|96\/100|[from] Recoil\n|\n|upkeep\n|turn|11\n|\n|t:|1700750251\n|move|p2a: Dragonite|Dragon Dance|p2a: Dragonite\n|-boost|p2a: Dragonite|atk|1\n|-boost|p2a: Dragonite|spe|1\n|move|p1a: Skarmory|Roost|p1a: Skarmory\n|-heal|p1a: Skarmory|100\/100\n|-singleturn|p1a: Skarmory|move: Roost\n|\n|upkeep\n|turn|12\n|\n|t:|1700750262\n|move|p2a: Dragonite|Dragon Dance|p2a: Dragonite\n|-boost|p2a: Dragonite|atk|1\n|-boost|p2a: Dragonite|spe|1\n|move|p1a: Skarmory|Counter||[still]\n|-fail|p1a: Skarmory\n|\n|upkeep\n|turn|13\n|\n|t:|1700750271\n|move|p2a: Dragonite|Fire Punch|p1a: Skarmory\n|-supereffective|p1a: Skarmory\n|-damage|p1a: Skarmory|28\/100\n|move|p1a: Skarmory|Counter|p2a: Dragonite\n|-damage|p2a: Dragonite|0 fnt\n|faint|p2a: Dragonite\n|\n|upkeep\n|inactive|zhendixihuann has 120 seconds left.\n|\n|t:|1700750306\n|switch|p2a: Heatran|Heatran, F|99\/100\n|turn|14\n|\n|t:|1700750313\n|switch|p1a: Tyranitar|Tyranitar, F|66\/100\n|-weather|Sandstorm|[from] ability: Sand Stream|[of] p1a: Tyranitar\n|move|p2a: Heatran|Magma Storm|p1a: Tyranitar|[miss]\n|-miss|p2a: Heatran|p1a: Tyranitar\n|\n|-weather|Sandstorm|[upkeep]\n|-heal|p2a: Heatran|100\/100|[from] item: Leftovers\n|upkeep\n|turn|15\n|\n|t:|1700750331\n|move|p2a: Heatran|Earth Power|p1a: Tyranitar\n|-supereffective|p1a: Tyranitar\n|-damage|p1a: Tyranitar|51\/100\n|move|p1a: Tyranitar|Earthquake|p2a: Heatran\n|-supereffective|p2a: Heatran\n|-damage|p2a: Heatran|0 fnt\n|faint|p2a: Heatran\n|\n|-weather|Sandstorm|[upkeep]\n|upkeep\n|\n|t:|1700750337\n|switch|p2a: Alomomola|Alomomola, F|99\/100\n|turn|16\n|\n|t:|1700750346\n|switch|p1a: Toxapex|Toxapex, M|100\/100\n|move|p2a: Alomomola|Wish|p2a: Alomomola\n|\n|-weather|Sandstorm|[upkeep]\n|-damage|p2a: Alomomola|92\/100|[from] Sandstorm\n|-damage|p1a: Toxapex|94\/100|[from] Sandstorm\n|-heal|p1a: Toxapex|100\/100|[from] item: Black Sludge\n|upkeep\n|turn|17\n|\n|t:|1700750355\n|move|p2a: Alomomola|Flip Turn|p1a: Toxapex\n|-resisted|p1a: Toxapex\n|-damage|p1a: Toxapex|95\/100\n|\n|t:|1700750361\n|switch|p2a: Tapu Lele|Tapu Lele|100\/100|[from] Flip Turn\n|-fieldstart|move: Psychic Terrain|[from] ability: Psychic Surge|[of] p2a: Tapu Lele\n|move|p1a: Toxapex|Toxic|p2a: Tapu Lele\n|-status|p2a: Tapu Lele|tox\n|\n|-weather|Sandstorm|[upkeep]\n|-damage|p2a: Tapu Lele|94\/100 tox|[from] Sandstorm\n|-damage|p1a: Toxapex|88\/100|[from] Sandstorm\n|-heal|p2a: Tapu Lele|100\/100 tox|[from] move: Wish|[wisher] Alomomola\n|-heal|p1a: Toxapex|95\/100|[from] item: Black Sludge\n|-damage|p2a: Tapu Lele|94\/100 tox|[from] psn\n|upkeep\n|turn|18\n|\n|t:|1700750377\n|switch|p1a: Tyranitar|Tyranitar, F|51\/100\n|move|p2a: Tapu Lele|Future Sight|p1a: Tyranitar\n|-start|p2a: Tapu Lele|move: Future Sight\n|\n|-weather|none\n|-damage|p2a: Tapu Lele|82\/100 tox|[from] psn\n|upkeep\n|turn|19\n|\n|t:|1700750391\n|-activate|p2a: Tapu Lele|move: Pursuit\n|move|p1a: Tyranitar|Pursuit|p2a: Tapu Lele|[from]Pursuit\n|-crit|p2a: Tapu Lele\n|-damage|p2a: Tapu Lele|0 fnt\n|faint|p2a: Tapu Lele\n|-hint|A Pokemon can't switch between when it runs out of HP and when it faints\n|\n|upkeep\n|\n|t:|1700750399\n|switch|p2a: Heracross|Heracross-Mega, F|36\/100\n|turn|20\n|\n|t:|1700750403\n|switch|p1a: Skarmory|Skarmory, F|28\/100\n|move|p2a: Heracross|Trailblaze|p1a: Skarmory\n|-resisted|p1a: Skarmory\n|-damage|p1a: Skarmory|25\/100\n|-boost|p2a: Heracross|spe|1\n|\n|-end|p1a: Skarmory|move: Future Sight\n|-resisted|p1a: Skarmory\n|-damage|p1a: Skarmory|0 fnt\n|faint|p1a: Skarmory\n|upkeep\n|\n|t:|1700750430\n|switch|p1a: Iron Valiant|Iron Valiant|100\/100\n|turn|21\n|\n|t:|1700750441\n|move|p2a: Heracross|Rock Blast|p1a: Iron Valiant\n|-resisted|p1a: Iron Valiant\n|-damage|p1a: Iron Valiant|92\/100\n|-resisted|p1a: Iron Valiant\n|-damage|p1a: Iron Valiant|84\/100\n|-resisted|p1a: Iron Valiant\n|-damage|p1a: Iron Valiant|75\/100\n|-resisted|p1a: Iron Valiant\n|-damage|p1a: Iron Valiant|67\/100\n|-resisted|p1a: Iron Valiant\n|-damage|p1a: Iron Valiant|58\/100\n|-hitcount|p1a: Iron Valiant|5\n|move|p1a: Iron Valiant|Moonblast|p2a: Heracross\n|-supereffective|p2a: Heracross\n|-damage|p2a: Heracross|0 fnt\n|faint|p2a: Heracross\n|\n|-fieldend|move: Psychic Terrain\n|upkeep\n|-message|zhendixihuann forfeited.\n|\n|win|JayHaro\n|raw|JayHaro's rating: 1368 &rarr; <strong>1391<\/strong><br \/>(+23 for winning)\n|raw|zhendixihuann's rating: 1425 &rarr; <strong>1402<\/strong><br \/>(-23 for losing)\n|l|\u2606zhendixihuann\n","uploadtime":1700750470,"views":9,"p1id":"jayharo","p2id":"zhendixihuann","formatid":"gen9nationaldex","rating":1391,"private":0,"password":""}