{"id":"gen9nationaldex-1987671512","p1":"Forever1507","p2":"I'm not a singer","format":"[Gen 9] National Dex","log":"|j|\u2606Forever1507\n|j|\u2606I'm not a singer\n|t:|1699626180\n|gametype|singles\n|player|p1|Forever1507|1|\n|player|p2|I'm not a singer|giovanni|\n|teamsize|p1|6\n|teamsize|p2|6\n|gen|9\n|tier|[Gen 9] National Dex\n|rule|HP Percentage Mod: HP is shown in percentages\n|rule|Endless Battle Clause: Forcing endless battles is banned\n|rule|OHKO Clause: OHKO moves are banned\n|rule|Evasion Clause: Evasion abilities, items, and moves are banned\n|rule|Evasion Abilities Clause: Evasion abilities are banned\n|rule|Evasion Items Clause: Evasion items are banned\n|rule|Evasion Moves Clause: Evasion moves are banned\n|rule|Species Clause: Limit one of each Pok\u00e9mon\n|rule|Sleep Clause Mod: Limit one foe put to sleep\n|clearpoke\n|poke|p1|Charizard, F|\n|poke|p1|Corviknight, F|\n|poke|p1|Kommo-o, F|\n|poke|p1|Rillaboom, M|\n|poke|p1|Sneasler, F|\n|poke|p1|Volcarona, M|\n|poke|p2|Torkoal, F|\n|poke|p2|Venusaur, F|\n|poke|p2|Charizard, M|\n|poke|p2|Great Tusk|\n|poke|p2|Lilligant-Hisui, F|\n|poke|p2|Kommo-o, F|\n|teampreview\n|inactive|Battle timer is ON: inactive players will automatically lose when time's up. (requested by I'm not a singer)\n|\n|t:|1699626189\n|start\n|switch|p1a: NO FAIRY PLZ|Kommo-o, F|100\/100\n|switch|p2a: Charizard|Charizard, M|100\/100\n|turn|1\n|\n|t:|1699626194\n|detailschange|p2a: Charizard|Charizard-Mega-Y, M\n|-mega|p2a: Charizard|Charizard|Charizardite Y\n|-weather|SunnyDay|[from] ability: Drought|[of] p2a: Charizard\n|move|p2a: Charizard|Air Slash|p1a: NO FAIRY PLZ\n|-supereffective|p1a: NO FAIRY PLZ\n|-damage|p1a: NO FAIRY PLZ|0 fnt\n|faint|p1a: NO FAIRY PLZ\n|\n|-weather|SunnyDay|[upkeep]\n|upkeep\n|j| hbgzd\n|\n|t:|1699626204\n|switch|p1a: WHY JUST UUBL|Charizard, F|100\/100\n|turn|2\n|\n|t:|1699626217\n|switch|p2a: Great Tusk|Great Tusk|100\/100\n|-activate|p2a: Great Tusk|ability: Protosynthesis\n|-start|p2a: Great Tusk|protosynthesisatk\n|move|p1a: WHY JUST UUBL|Dragon Dance|p1a: WHY JUST UUBL\n|-boost|p1a: WHY JUST UUBL|atk|1\n|-boost|p1a: WHY JUST UUBL|spe|1\n|\n|-weather|SunnyDay|[upkeep]\n|upkeep\n|turn|3\n|c|\u2606I'm not a singer|\u6211\u5c31\u77e5\u9053\u662fx\u55b7\n|\n|t:|1699626234\n|detailschange|p1a: WHY JUST UUBL|Charizard-Mega-X, F\n|-mega|p1a: WHY JUST UUBL|Charizard|Charizardite X\n|move|p1a: WHY JUST UUBL|Flare Blitz|p2a: Great Tusk\n|-damage|p2a: Great Tusk|0 fnt\n|faint|p2a: Great Tusk\n|-end|p2a: Great Tusk|Protosynthesis|[silent]\n|-damage|p1a: WHY JUST UUBL|60\/100|[from] Recoil\n|\n|-weather|SunnyDay|[upkeep]\n|upkeep\n|\n|t:|1699626241\n|switch|p2a: Lilligant|Lilligant-Hisui, F|100\/100\n|turn|4\n|\n|t:|1699626252\n|move|p2a: Lilligant|Victory Dance|p2a: Lilligant\n|-boost|p2a: Lilligant|atk|1\n|-boost|p2a: Lilligant|def|1\n|-boost|p2a: Lilligant|spe|1\n|move|p1a: WHY JUST UUBL|Flare Blitz|p2a: Lilligant\n|-supereffective|p2a: Lilligant\n|-enditem|p2a: Lilligant|Focus Sash\n|-damage|p2a: Lilligant|1\/100\n|-damage|p1a: WHY JUST UUBL|29\/100|[from] Recoil\n|\n|-weather|SunnyDay|[upkeep]\n|upkeep\n|turn|5\n|\n|t:|1699626257\n|move|p2a: Lilligant|Close Combat|p1a: WHY JUST UUBL\n|-damage|p1a: WHY JUST UUBL|0 fnt\n|-unboost|p2a: Lilligant|def|1\n|-unboost|p2a: Lilligant|spd|1\n|faint|p1a: WHY JUST UUBL\n|\n|-weather|none\n|upkeep\n|\n|t:|1699626260\n|switch|p1a: GENSHIN IMPACT|Rillaboom, M|100\/100\n|-fieldstart|move: Grassy Terrain|[from] ability: Grassy Surge|[of] p1a: GENSHIN IMPACT\n|turn|6\n|\n|t:|1699626265\n|move|p2a: Lilligant|Ice Spinner|p1a: GENSHIN IMPACT\n|-supereffective|p1a: GENSHIN IMPACT\n|-crit|p1a: GENSHIN IMPACT\n|-damage|p1a: GENSHIN IMPACT|0 fnt\n|-fieldend|move: Grassy Terrain\n|faint|p1a: GENSHIN IMPACT\n|\n|upkeep\n|c|\u2606I'm not a singer|\u8fd9\u4f60\u5728\u8d2a\u5565\n|inactive|Forever1507 has 270 seconds left.\n|c|\u2606Forever1507|\u6211\u9760\uff0c\u6211\u4e0d\u77e5\u9053\u80fd\u5b66\u51b0\u65cb\n|\n|t:|1699626307\n|switch|p1a: I AM STALL|Corviknight, F|100\/100\n|-ability|p1a: I AM STALL|Pressure\n|turn|7\n|c|\u2606I'm not a singer|6\n|\n|t:|1699626313\n|move|p2a: Lilligant|Close Combat|p1a: I AM STALL\n|-damage|p1a: I AM STALL|47\/100\n|-unboost|p2a: Lilligant|def|1\n|-unboost|p2a: Lilligant|spd|1\n|-damage|p2a: Lilligant|0 fnt|[from] item: Rocky Helmet|[of] p1a: I AM STALL\n|faint|p2a: Lilligant\n|move|p1a: I AM STALL|Brave Bird|p2: Lilligant|[notarget]\n|-fail|p1a: I AM STALL\n|\n|upkeep\n|\n|t:|1699626318\n|switch|p2a: Charizard|Charizard-Mega-Y, M|100\/100\n|-weather|SunnyDay|[from] ability: Drought|[of] p2a: Charizard\n|turn|8\n|inactive|Forever1507 has 270 seconds left.\n|\n|t:|1699626339\n|move|p2a: Charizard|Overheat|p1a: I AM STALL|[miss]\n|-miss|p2a: Charizard|p1a: I AM STALL\n|move|p1a: I AM STALL|Brave Bird|p2a: Charizard\n|-damage|p2a: Charizard|47\/100\n|-damage|p1a: I AM STALL|34\/100|[from] Recoil\n|\n|-weather|SunnyDay|[upkeep]\n|upkeep\n|turn|9\n|c|\u2606I'm not a singer|\u554a\uff1f\n|c|\u2606Forever1507|6\n|\n|t:|1699626347\n|move|p2a: Charizard|Overheat|p1a: I AM STALL\n|-supereffective|p1a: I AM STALL\n|-damage|p1a: I AM STALL|0 fnt\n|-unboost|p2a: Charizard|spa|2\n|faint|p1a: I AM STALL\n|\n|-weather|SunnyDay|[upkeep]\n|upkeep\n|\n|t:|1699626351\n|switch|p1a: I HATE HEATRAN|Volcarona, M|100\/100\n|turn|10\n|\n|t:|1699626354\n|move|p1a: I HATE HEATRAN|Quiver Dance|p1a: I HATE HEATRAN\n|-boost|p1a: I HATE HEATRAN|spa|1\n|-boost|p1a: I HATE HEATRAN|spd|1\n|-boost|p1a: I HATE HEATRAN|spe|1\n|move|p2a: Charizard|Ancient Power|p1a: I HATE HEATRAN\n|-supereffective|p1a: I HATE HEATRAN\n|-damage|p1a: I HATE HEATRAN|67\/100\n|\n|-weather|SunnyDay|[upkeep]\n|upkeep\n|turn|11\n|\n|t:|1699626361\n|move|p1a: I HATE HEATRAN|Quiver Dance|p1a: I HATE HEATRAN\n|-boost|p1a: I HATE HEATRAN|spa|1\n|-boost|p1a: I HATE HEATRAN|spd|1\n|-boost|p1a: I HATE HEATRAN|spe|1\n|move|p2a: Charizard|Ancient Power|p1a: I HATE HEATRAN\n|-supereffective|p1a: I HATE HEATRAN\n|-damage|p1a: I HATE HEATRAN|41\/100\n|\n|-weather|SunnyDay|[upkeep]\n|upkeep\n|turn|12\n|\n|t:|1699626368\n|move|p1a: I HATE HEATRAN|Fiery Dance|p2a: Charizard\n|-resisted|p2a: Charizard\n|-damage|p2a: Charizard|0 fnt\n|faint|p2a: Charizard\n|\n|-weather|none\n|upkeep\n|\n|t:|1699626370\n|switch|p2a: Torkoal|Torkoal, F|100\/100\n|-weather|SunnyDay|[from] ability: Drought|[of] p2a: Torkoal\n|turn|13\n|\n|t:|1699626377\n|-terastallize|p1a: I HATE HEATRAN|Ground\n|move|p1a: I HATE HEATRAN|Tera Blast|p2a: Torkoal|[anim] Tera Blast Ground\n|-supereffective|p2a: Torkoal\n|-damage|p2a: Torkoal|0 fnt\n|faint|p2a: Torkoal\n|\n|-weather|SunnyDay|[upkeep]\n|upkeep\n|\n|t:|1699626381\n|switch|p2a: Venusaur|Venusaur, F|100\/100\n|turn|14\n|c|\u2606I'm not a singer|\u5565\u73a9\u610f\uff1f\n|\n|t:|1699626393\n|-terastallize|p2a: Venusaur|Fire\n|move|p1a: I HATE HEATRAN|Fiery Dance|p2a: Venusaur\n|-resisted|p2a: Venusaur\n|-damage|p2a: Venusaur|27\/100\n|-boost|p1a: I HATE HEATRAN|spa|1\n|move|p2a: Venusaur|Solar Beam||[still]\n|-prepare|p2a: Venusaur|Solar Beam\n|-anim|p2a: Venusaur|Solar Beam|p1a: I HATE HEATRAN\n|-supereffective|p1a: I HATE HEATRAN\n|-damage|p1a: I HATE HEATRAN|0 fnt\n|faint|p1a: I HATE HEATRAN\n|-damage|p2a: Venusaur|17\/100|[from] item: Life Orb\n|\n|-weather|SunnyDay|[upkeep]\n|upkeep\n|inactive|Forever1507 has 270 seconds left.\n|\n|t:|1699626428\n|switch|p1a: R YOU BANNING ME?|Sneasler, F|100\/100\n|turn|15\n|\n|t:|1699626434\n|move|p2a: Venusaur|Weather Ball|p1a: R YOU BANNING ME?\n|-damage|p1a: R YOU BANNING ME?|0 fnt\n|faint|p1a: R YOU BANNING ME?\n|-damage|p2a: Venusaur|7\/100|[from] item: Life Orb\n|\n|win|I'm not a singer\n","uploadtime":1699626445,"views":6,"p1id":"forever1507","p2id":"imnotasinger","formatid":"gen9nationaldex","rating":0,"private":0,"password":""}