{"id":"gen9nationaldex-1993623655","p1":"Randomphoenix","p2":"DeadlyVortez","format":"[Gen 9] National Dex","log":"|j|\u2606Randomphoenix\n|j|\u2606DeadlyVortez\n|t:|1700338669\n|gametype|singles\n|player|p1|Randomphoenix|265|1061\n|player|p2|DeadlyVortez|fisherman-gen4|1153\n|teamsize|p1|6\n|teamsize|p2|6\n|gen|9\n|tier|[Gen 9] National Dex\n|rated|\n|rule|HP Percentage Mod: HP is shown in percentages\n|rule|Endless Battle Clause: Forcing endless battles is banned\n|rule|OHKO Clause: OHKO moves are banned\n|rule|Evasion Clause: Evasion abilities, items, and moves are banned\n|rule|Evasion Abilities Clause: Evasion abilities are banned\n|rule|Evasion Items Clause: Evasion items are banned\n|rule|Evasion Moves Clause: Evasion moves are banned\n|rule|Species Clause: Limit one of each Pok\u00e9mon\n|rule|Sleep Clause Mod: Limit one foe put to sleep\n|clearpoke\n|poke|p1|Dipplin, F|\n|poke|p1|Sinistcha-Masterpiece|\n|poke|p1|Leafeon, F|\n|poke|p1|Lilligant, F|\n|poke|p1|Tsareena, F|\n|poke|p1|Florges, F|\n|poke|p2|Xatu, F|\n|poke|p2|Togekiss, F|\n|poke|p2|Falinks|\n|poke|p2|Silvally-*|\n|poke|p2|Guzzlord|\n|poke|p2|Drapion, F|\n|teampreview\n|\n|t:|1700338693\n|start\n|switch|p1a: Tsareena|Tsareena, F|100\/100\n|switch|p2a: Drapion|Drapion, F|100\/100\n|turn|1\n|\n|t:|1700338701\n|move|p2a: Drapion|Taunt|p1a: Tsareena\n|-start|p1a: Tsareena|move: Taunt\n|move|p1a: Tsareena|High Jump Kick|p2a: Drapion\n|-damage|p2a: Drapion|48\/100\n|\n|upkeep\n|turn|2\n|\n|t:|1700338707\n|switch|p2a: Togekiss|Togekiss, F|100\/100\n|move|p1a: Tsareena|High Jump Kick|p2a: Togekiss\n|-resisted|p2a: Togekiss\n|-damage|p2a: Togekiss|87\/100\n|\n|upkeep\n|turn|3\n|\n|t:|1700338714\n|-terastallize|p1a: Tsareena|Ice\n|move|p2a: Togekiss|Air Slash|p1a: Tsareena\n|-damage|p1a: Tsareena|75\/100\n|move|p1a: Tsareena|Triple Axel|p2a: Togekiss\n|-supereffective|p2a: Togekiss\n|-damage|p2a: Togekiss|62\/100\n|-supereffective|p2a: Togekiss\n|-damage|p2a: Togekiss|14\/100\n|-supereffective|p2a: Togekiss\n|-damage|p2a: Togekiss|0 fnt\n|faint|p2a: Togekiss\n|-hitcount|p2: Togekiss|3\n|\n|-end|p1a: Tsareena|move: Taunt\n|upkeep\n|\n|t:|1700338719\n|switch|p2a: Falinks|Falinks|100\/100\n|turn|4\n|\n|t:|1700338732\n|move|p2a: Falinks|No Retreat|p2a: Falinks\n|-boost|p2a: Falinks|atk|1\n|-boost|p2a: Falinks|def|1\n|-boost|p2a: Falinks|spa|1\n|-boost|p2a: Falinks|spd|1\n|-boost|p2a: Falinks|spe|1\n|-start|p2a: Falinks|move: No Retreat\n|move|p1a: Tsareena|Triple Axel|p2a: Falinks\n|-damage|p2a: Falinks|92\/100\n|-damage|p2a: Falinks|74\/100\n|-damage|p2a: Falinks|48\/100\n|-hitcount|p2a: Falinks|3\n|\n|upkeep\n|turn|5\n|\n|t:|1700338744\n|move|p2a: Falinks|Close Combat|p1a: Tsareena\n|-supereffective|p1a: Tsareena\n|-damage|p1a: Tsareena|0 fnt\n|-unboost|p2a: Falinks|def|1\n|-unboost|p2a: Falinks|spd|1\n|faint|p1a: Tsareena\n|\n|upkeep\n|\n|t:|1700338756\n|switch|p1a: Sinistcha|Sinistcha-Masterpiece|100\/100\n|turn|6\n|\n|t:|1700338761\n|-terastallize|p2a: Falinks|Steel\n|move|p2a: Falinks|Iron Head|p1a: Sinistcha\n|-damage|p1a: Sinistcha|45\/100\n|cant|p1a: Sinistcha|flinch\n|\n|upkeep\n|turn|7\n|\n|t:|1700338767\n|move|p2a: Falinks|Iron Head|p1a: Sinistcha\n|-damage|p1a: Sinistcha|0 fnt\n|faint|p1a: Sinistcha\n|\n|upkeep\n|\n|t:|1700338779\n|switch|p1a: Dipplin|Dipplin, F|100\/100\n|-ability|p1a: Dipplin|Supersweet Syrup\n|-ability|p1a: Dipplin|Supersweet Syrup|boost\n|-unboost|p2a: Falinks|evasion|1\n|-ability|p2a: Falinks|Defiant|boost\n|-boost|p2a: Falinks|atk|2\n|turn|8\n|\n|t:|1700338793\n|move|p2a: Falinks|Close Combat|p1a: Dipplin\n|-damage|p1a: Dipplin|0 fnt\n|-unboost|p2a: Falinks|def|1\n|-unboost|p2a: Falinks|spd|1\n|faint|p1a: Dipplin\n|\n|upkeep\n|\n|t:|1700338797\n|switch|p1a: Leafeon|Leafeon, F, shiny|100\/100\n|turn|9\n|\n|t:|1700338801\n|move|p2a: Falinks|Close Combat|p1a: Leafeon\n|-damage|p1a: Leafeon|0 fnt\n|-unboost|p2a: Falinks|def|1\n|-unboost|p2a: Falinks|spd|1\n|faint|p1a: Leafeon\n|\n|upkeep\n|\n|t:|1700338804\n|switch|p1a: Lilligant|Lilligant, F|100\/100\n|turn|10\n|\n|t:|1700338809\n|move|p2a: Falinks|Close Combat|p1a: Lilligant\n|-damage|p1a: Lilligant|0 fnt\n|-unboost|p2a: Falinks|def|1\n|-unboost|p2a: Falinks|spd|1\n|faint|p1a: Lilligant\n|\n|upkeep\n|\n|t:|1700338813\n|switch|p1a: Florges|Florges, F|100\/100\n|turn|11\n|\n|t:|1700338815\n|move|p2a: Falinks|Iron Head|p1a: Florges\n|-supereffective|p1a: Florges\n|-damage|p1a: Florges|0 fnt\n|faint|p1a: Florges\n|\n|win|DeadlyVortez\n|raw|Randomphoenix's rating: 1061 &rarr; <strong>1047<\/strong><br \/>(-14 for losing)\n|raw|DeadlyVortez's rating: 1153 &rarr; <strong>1172<\/strong><br \/>(+19 for winning)\n|l|\u2606Randomphoenix\n","uploadtime":1700338822,"views":16,"p1id":"randomphoenix","p2id":"deadlyvortez","formatid":"gen9nationaldex","rating":1047,"private":0,"password":""}