{"id":"gen9nationaldex-1990904510","p1":"italianmafia98","p2":"khuhnjkhu","format":"[Gen 9] National Dex","log":"|j|\u2606italianmafia98\n|j|\u2606khuhnjkhu\n|t:|1700013452\n|gametype|singles\n|player|p1|italianmafia98|2|1091\n|player|p2|khuhnjkhu|266|1132\n|teamsize|p1|6\n|teamsize|p2|6\n|gen|9\n|tier|[Gen 9] National Dex\n|rated|\n|rule|HP Percentage Mod: HP is shown in percentages\n|rule|Endless Battle Clause: Forcing endless battles is banned\n|rule|OHKO Clause: OHKO moves are banned\n|rule|Evasion Clause: Evasion abilities, items, and moves are banned\n|rule|Evasion Abilities Clause: Evasion abilities are banned\n|rule|Evasion Items Clause: Evasion items are banned\n|rule|Evasion Moves Clause: Evasion moves are banned\n|rule|Species Clause: Limit one of each Pok\u00e9mon\n|rule|Sleep Clause Mod: Limit one foe put to sleep\n|clearpoke\n|poke|p1|Gliscor, M|\n|poke|p1|Corviknight, M|\n|poke|p1|Gyarados, M|\n|poke|p1|Tornadus-Therian, M|\n|poke|p1|Zapdos|\n|poke|p1|Braviary-Hisui, M|\n|poke|p2|Stakataka|\n|poke|p2|Cofagrigus, F|\n|poke|p2|Mawile, M|\n|poke|p2|Ursaluna, F|\n|poke|p2|Dusclops, F|\n|poke|p2|Reuniclus, F|\n|teampreview\n|inactive|Battle timer is ON: inactive players will automatically lose when time's up. (requested by italianmafia98)\n|inactive|italianmafia98 has 120 seconds left.\n|\n|t:|1700013500\n|start\n|switch|p1a: Gliscor|Gliscor, M|100\/100\n|switch|p2a: Cofagrigus|Cofagrigus, F|100\/100\n|turn|1\n|\n|t:|1700013506\n|move|p1a: Gliscor|Stealth Rock|p2a: Cofagrigus\n|-sidestart|p2: khuhnjkhu|move: Stealth Rock\n|move|p2a: Cofagrigus|Toxic Spikes|p1a: Gliscor\n|-sidestart|p1: italianmafia98|move: Toxic Spikes\n|\n|-status|p1a: Gliscor|tox|[from] item: Toxic Orb\n|upkeep\n|turn|2\n|\n|t:|1700013516\n|move|p1a: Gliscor|Toxic|p2a: Cofagrigus\n|-status|p2a: Cofagrigus|tox\n|move|p2a: Cofagrigus|Toxic Spikes|p1a: Gliscor\n|-sidestart|p1: italianmafia98|move: Toxic Spikes\n|\n|-damage|p2a: Cofagrigus|94\/100 tox|[from] psn\n|upkeep\n|turn|3\n|\n|t:|1700013525\n|move|p1a: Gliscor|Earthquake|p2a: Cofagrigus\n|-damage|p2a: Cofagrigus|70\/100 tox\n|move|p2a: Cofagrigus|Trick Room|p2a: Cofagrigus\n|-fieldstart|move: Trick Room|[of] p2a: Cofagrigus\n|\n|-heal|p2a: Cofagrigus|76\/100 tox|[from] item: Leftovers\n|-damage|p2a: Cofagrigus|64\/100 tox|[from] psn\n|upkeep\n|turn|4\n|\n|t:|1700013533\n|move|p2a: Cofagrigus|Disable|p1a: Gliscor\n|-start|p1a: Gliscor|Disable|Earthquake\n|cant|p1a: Gliscor|Disable|Earthquake\n|\n|-heal|p2a: Cofagrigus|70\/100 tox|[from] item: Leftovers\n|-damage|p2a: Cofagrigus|51\/100 tox|[from] psn\n|upkeep\n|turn|5\n|\n|t:|1700013546\n|move|p1a: Gliscor|Protect|p1a: Gliscor\n|-singleturn|p1a: Gliscor|Protect\n|move|p2a: Cofagrigus|Shadow Ball|p1a: Gliscor\n|-activate|p1a: Gliscor|move: Protect\n|\n|-heal|p2a: Cofagrigus|57\/100 tox|[from] item: Leftovers\n|-damage|p2a: Cofagrigus|32\/100 tox|[from] psn\n|upkeep\n|turn|6\n|\n|t:|1700013559\n|move|p1a: Gliscor|Protect||[still]\n|-fail|p1a: Gliscor\n|move|p2a: Cofagrigus|Shadow Ball|p1a: Gliscor\n|-damage|p1a: Gliscor|70\/100 tox\n|-unboost|p1a: Gliscor|spd|1\n|\n|-heal|p2a: Cofagrigus|39\/100 tox|[from] item: Leftovers\n|-damage|p2a: Cofagrigus|7\/100 tox|[from] psn\n|-heal|p1a: Gliscor|82\/100 tox|[from] ability: Poison Heal\n|upkeep\n|turn|7\n|inactive|khuhnjkhu has 120 seconds left.\n|\n|t:|1700013594\n|switch|p2a: Reuniclus|Reuniclus, F|100\/100\n|move|p1a: Gliscor|Protect||[still]\n|-fail|p1a: Gliscor\n|\n|-heal|p1a: Gliscor|95\/100 tox|[from] ability: Poison Heal\n|-end|p1a: Gliscor|Disable\n|-fieldend|move: Trick Room\n|upkeep\n|turn|8\n|inactive|khuhnjkhu has 120 seconds left.\n|\n|t:|1700013614\n|move|p1a: Gliscor|Toxic|p2a: Reuniclus\n|-status|p2a: Reuniclus|tox\n|move|p2a: Reuniclus|Trick Room|p2a: Reuniclus\n|-fieldstart|move: Trick Room|[of] p2a: Reuniclus\n|\n|-heal|p1a: Gliscor|100\/100 tox|[from] ability: Poison Heal\n|upkeep\n|turn|9\n|\n|t:|1700013636\n|switch|p1a: Corviknight|Corviknight, M|100\/100\n|-ability|p1a: Corviknight|Pressure\n|move|p2a: Reuniclus|Psychic|p1a: Corviknight\n|-resisted|p1a: Corviknight\n|-damage|p1a: Corviknight|82\/100\n|\n|-heal|p1a: Corviknight|88\/100|[from] item: Leftovers\n|upkeep\n|turn|10\n|inactive|khuhnjkhu has 120 seconds left.\n|\n|t:|1700013660\n|switch|p2a: Stakataka|Stakataka|100\/100\n|-damage|p2a: Stakataka|94\/100|[from] Stealth Rock\n|move|p1a: Corviknight|Iron Defense|p1a: Corviknight\n|-boost|p1a: Corviknight|def|2\n|\n|-heal|p1a: Corviknight|94\/100|[from] item: Leftovers\n|upkeep\n|turn|11\n|\n|t:|1700013670\n|move|p2a: Stakataka|Iron Defense|p2a: Stakataka\n|-boost|p2a: Stakataka|def|2\n|move|p1a: Corviknight|Body Press|p2a: Stakataka\n|-supereffective|p2a: Stakataka\n|-damage|p2a: Stakataka|48\/100\n|\n|-heal|p1a: Corviknight|99\/100|[from] item: Leftovers\n|upkeep\n|turn|12\n|\n|t:|1700013693\n|-terastallize|p2a: Stakataka|Fighting\n|move|p2a: Stakataka|Body Press|p1a: Corviknight\n|-damage|p1a: Corviknight|62\/100\n|move|p1a: Corviknight|Body Press|p2a: Stakataka\n|-damage|p2a: Stakataka|37\/100\n|\n|-heal|p1a: Corviknight|68\/100|[from] item: Leftovers\n|-fieldend|move: Trick Room\n|upkeep\n|turn|13\n|\n|t:|1700013704\n|move|p1a: Corviknight|Iron Defense|p1a: Corviknight\n|-boost|p1a: Corviknight|def|2\n|move|p2a: Stakataka|Trick Room|p2a: Stakataka\n|-fieldstart|move: Trick Room|[of] p2a: Stakataka\n|\n|-heal|p1a: Corviknight|74\/100|[from] item: Leftovers\n|upkeep\n|turn|14\n|\n|t:|1700013711\n|move|p2a: Stakataka|Iron Defense|p2a: Stakataka\n|-boost|p2a: Stakataka|def|2\n|move|p1a: Corviknight|Iron Head|p2a: Stakataka\n|-damage|p2a: Stakataka|33\/100\n|\n|-heal|p1a: Corviknight|80\/100|[from] item: Leftovers\n|upkeep\n|turn|15\n|\n|t:|1700013726\n|move|p2a: Stakataka|Body Press|p1a: Corviknight\n|-damage|p1a: Corviknight|39\/100\n|move|p1a: Corviknight|Roost|p1a: Corviknight\n|-heal|p1a: Corviknight|89\/100\n|-singleturn|p1a: Corviknight|move: Roost\n|\n|-heal|p1a: Corviknight|95\/100|[from] item: Leftovers\n|upkeep\n|turn|16\n|inactive|khuhnjkhu has 120 seconds left.\n|inactive|italianmafia98 has 120 seconds left.\n|\n|t:|1700013778\n|move|p2a: Stakataka|Body Press|p1a: Corviknight\n|-damage|p1a: Corviknight|59\/100\n|move|p1a: Corviknight|Iron Head|p2a: Stakataka\n|-damage|p2a: Stakataka|29\/100\n|\n|-heal|p1a: Corviknight|65\/100|[from] item: Leftovers\n|upkeep\n|turn|17\n|inactive|khuhnjkhu has 120 seconds left.\n|inactive|italianmafia98 has 90 seconds left.\n|\n|t:|1700013795\n|switch|p1a: Gyarados|Gyarados, M|100\/100\n|-ability|p1a: Gyarados|Intimidate|boost\n|-unboost|p2a: Stakataka|atk|1\n|move|p2a: Stakataka|Iron Defense|p2a: Stakataka\n|-boost|p2a: Stakataka|def|2\n|\n|-fieldend|move: Trick Room\n|upkeep\n|turn|18\n|inactive|khuhnjkhu has 120 seconds left.\n|\n|t:|1700013806\n|move|p1a: Gyarados|Dragon Dance|p1a: Gyarados\n|-boost|p1a: Gyarados|atk|1\n|-boost|p1a: Gyarados|spe|1\n|move|p2a: Stakataka|Trick Room|p2a: Stakataka\n|-fieldstart|move: Trick Room|[of] p2a: Stakataka\n|\n|upkeep\n|turn|19\n|inactive|khuhnjkhu has 120 seconds left.\n|\n|t:|1700013818\n|move|p2a: Stakataka|Body Press|p1a: Gyarados\n|-resisted|p1a: Gyarados\n|-damage|p1a: Gyarados|0 fnt\n|faint|p1a: Gyarados\n|\n|upkeep\n|\n|t:|1700013825\n|switch|p1a: Gliscor|Gliscor, M|100\/100 tox\n|turn|20\n|inactive|khuhnjkhu has 120 seconds left.\n|\n|t:|1700013867\n|move|p2a: Stakataka|Body Press|p1a: Gliscor\n|-resisted|p1a: Gliscor\n|-damage|p1a: Gliscor|0 fnt\n|faint|p1a: Gliscor\n|\n|upkeep\n|\n|t:|1700013872\n|switch|p1a: Corviknight|Corviknight, M|65\/100\n|-ability|p1a: Corviknight|Pressure\n|turn|21\n|\n|t:|1700013885\n|move|p2a: Stakataka|Body Press|p1a: Corviknight\n|-damage|p1a: Corviknight|0 fnt\n|faint|p1a: Corviknight\n|\n|upkeep\n|inactive|italianmafia98 has 90 seconds left.\n|l|\u2606italianmafia98\n|inactive|italianmafia98 disconnected and has a minute to reconnect!\n|player|p1|\n|j|\u2606italianmafia98\n|inactive|italianmafia98 reconnected and has 65 seconds left.\n|player|p1|italianmafia98|2\n|inactive|italianmafia98 has 60 seconds left.\n|l|\u2606italianmafia98\n|inactive|italianmafia98 disconnected and has a minute to reconnect!\n|player|p1|\n|inactive|italianmafia98 has 30 seconds to reconnect!\n|inactive|italianmafia98 has 20 seconds to reconnect!\n|inactive|italianmafia98 has 15 seconds to reconnect!\n|inactive|italianmafia98 has 10 seconds to reconnect!\n|inactive|italianmafia98 has 5 seconds to reconnect!\n|-message|italianmafia98 lost due to inactivity.\n|\n|win|khuhnjkhu\n|raw|italianmafia98's rating: 1091 &rarr; <strong>1070<\/strong><br \/>(-21 for losing)\n|raw|khuhnjkhu's rating: 1132 &rarr; <strong>1154<\/strong><br \/>(+22 for winning)\n","uploadtime":1700014011,"views":4,"p1id":"italianmafia98","p2id":"khuhnjkhu","formatid":"gen9nationaldex","rating":1070,"private":0,"password":""}