{"id":"gen9nationaldex-1989106803","p1":"savagewolf98420","p2":"rimetrost","format":"[Gen 9] National Dex","log":"|j|\u2606savagewolf98420\n|j|\u2606rimetrost\n|t:|1699812914\n|gametype|singles\n|player|p1|savagewolf98420|koga|1220\n|player|p2|rimetrost|waiter|1204\n|teamsize|p1|6\n|teamsize|p2|6\n|gen|9\n|tier|[Gen 9] National Dex\n|rated|\n|rule|HP Percentage Mod: HP is shown in percentages\n|rule|Endless Battle Clause: Forcing endless battles is banned\n|rule|OHKO Clause: OHKO moves are banned\n|rule|Evasion Clause: Evasion abilities, items, and moves are banned\n|rule|Evasion Abilities Clause: Evasion abilities are banned\n|rule|Evasion Items Clause: Evasion items are banned\n|rule|Evasion Moves Clause: Evasion moves are banned\n|rule|Species Clause: Limit one of each Pok\u00e9mon\n|rule|Sleep Clause Mod: Limit one foe put to sleep\n|clearpoke\n|poke|p1|Reuniclus, F|\n|poke|p1|Jirachi|\n|poke|p1|Serperior, F|\n|poke|p1|Togekiss, M|\n|poke|p1|Deoxys-Defense|\n|poke|p1|Kommo-o, F|\n|poke|p2|Beedrill, M|\n|poke|p2|Gliscor, F|\n|poke|p2|Aegislash, M|\n|poke|p2|Hoopa-Unbound|\n|poke|p2|Tapu Koko|\n|poke|p2|Ferrothorn, M|\n|teampreview\n|c|\u2606rimetrost|glhf!\n|\n|t:|1699812925\n|start\n|switch|p1a: Kommo-o|Kommo-o, F|100\/100\n|switch|p2a: Sparky|Tapu Koko, shiny|100\/100\n|-fieldstart|move: Electric Terrain|[from] ability: Electric Surge|[of] p2a: Sparky\n|turn|1\n|inactive|Battle timer is ON: inactive players will automatically lose when time's up. (requested by savagewolf98420)\n|\n|t:|1699812934\n|move|p2a: Sparky|U-turn|p1a: Kommo-o\n|-resisted|p1a: Kommo-o\n|-damage|p1a: Kommo-o|94\/100\n|-damage|p2a: Sparky|84\/100|[from] item: Rocky Helmet|[of] p1a: Kommo-o\n|\n|t:|1699812938\n|switch|p2a: Dr Strange|Hoopa-Unbound|100\/100|[from] U-turn\n|move|p1a: Kommo-o|Bulk Up|p1a: Kommo-o\n|-boost|p1a: Kommo-o|atk|1\n|-boost|p1a: Kommo-o|def|1\n|\n|upkeep\n|turn|2\n|\n|t:|1699812956\n|move|p2a: Dr Strange|Zen Headbutt|p1a: Kommo-o\n|-supereffective|p1a: Kommo-o\n|-damage|p1a: Kommo-o|10\/100\n|-damage|p2a: Dr Strange|84\/100|[from] item: Rocky Helmet|[of] p1a: Kommo-o\n|move|p1a: Kommo-o|Dragon Claw|p2a: Dr Strange\n|-damage|p2a: Dr Strange|0 fnt\n|faint|p2a: Dr Strange\n|\n|upkeep\n|\n|t:|1699812965\n|switch|p2a: Vesper|Beedrill, M|100\/100\n|turn|3\n|\n|t:|1699812972\n|detailschange|p2a: Vesper|Beedrill-Mega, M\n|-mega|p2a: Vesper|Beedrill|Beedrillite\n|move|p2a: Vesper|Poison Jab|p1a: Kommo-o\n|-damage|p1a: Kommo-o|0 fnt\n|-damage|p2a: Vesper|84\/100|[from] item: Rocky Helmet|[of] p1a: Kommo-o\n|faint|p1a: Kommo-o\n|\n|upkeep\n|\n|t:|1699812986\n|switch|p1a: Jirachi|Jirachi|100\/100\n|turn|4\n|\n|t:|1699812993\n|move|p1a: Jirachi|Fire Punch|p2a: Vesper\n|-supereffective|p2a: Vesper\n|-damage|p2a: Vesper|0 fnt\n|faint|p2a: Vesper\n|\n|upkeep\n|c|\u2606rimetrost|WOAH FAST\n|\n|t:|1699813006\n|switch|p2a: Banned in OU :(|Gliscor, F, shiny|100\/100\n|turn|5\n|\n|t:|1699813016\n|switch|p1a: Deoxys|Deoxys-Defense|100\/100\n|-ability|p1a: Deoxys|Pressure\n|move|p2a: Banned in OU :(|Toxic|p1a: Deoxys\n|-status|p1a: Deoxys|tox\n|\n|-damage|p1a: Deoxys|94\/100 tox|[from] psn\n|-fieldend|move: Electric Terrain\n|-status|p2a: Banned in OU :(|tox|[from] item: Toxic Orb\n|upkeep\n|turn|6\n|\n|t:|1699813027\n|move|p2a: Banned in OU :(|Spikes|p1a: Deoxys\n|-sidestart|p1: savagewolf98420|Spikes\n|move|p1a: Deoxys|Cosmic Power|p1a: Deoxys\n|-boost|p1a: Deoxys|def|1\n|-boost|p1a: Deoxys|spd|1\n|\n|-heal|p1a: Deoxys|100\/100 tox|[from] item: Leftovers\n|-damage|p1a: Deoxys|88\/100 tox|[from] psn\n|upkeep\n|turn|7\n|\n|t:|1699813036\n|move|p2a: Banned in OU :(|Spikes|p1a: Deoxys\n|-sidestart|p1: savagewolf98420|Spikes\n|move|p1a: Deoxys|Cosmic Power|p1a: Deoxys\n|-boost|p1a: Deoxys|def|1\n|-boost|p1a: Deoxys|spd|1\n|\n|-heal|p1a: Deoxys|94\/100 tox|[from] item: Leftovers\n|-damage|p1a: Deoxys|75\/100 tox|[from] psn\n|upkeep\n|turn|8\n|\n|t:|1699813046\n|move|p2a: Banned in OU :(|Spikes|p1a: Deoxys\n|-sidestart|p1: savagewolf98420|Spikes\n|move|p1a: Deoxys|Night Shade|p2a: Banned in OU :(\n|-damage|p2a: Banned in OU :(|72\/100 tox\n|\n|-heal|p1a: Deoxys|82\/100 tox|[from] item: Leftovers\n|-heal|p2a: Banned in OU :(|85\/100 tox|[from] ability: Poison Heal\n|-damage|p1a: Deoxys|57\/100 tox|[from] psn\n|upkeep\n|turn|9\n|\n|t:|1699813056\n|move|p2a: Banned in OU :(|Earthquake|p1a: Deoxys\n|-damage|p1a: Deoxys|45\/100 tox\n|move|p1a: Deoxys|Night Shade|p2a: Banned in OU :(\n|-damage|p2a: Banned in OU :(|56\/100 tox\n|\n|-heal|p1a: Deoxys|51\/100 tox|[from] item: Leftovers\n|-heal|p2a: Banned in OU :(|69\/100 tox|[from] ability: Poison Heal\n|-damage|p1a: Deoxys|20\/100 tox|[from] psn\n|upkeep\n|turn|10\n|\n|t:|1699813068\n|move|p2a: Banned in OU :(|Protect|p2a: Banned in OU :(\n|-singleturn|p2a: Banned in OU :(|Protect\n|move|p1a: Deoxys|Recover|p1a: Deoxys\n|-heal|p1a: Deoxys|70\/100 tox\n|\n|-heal|p1a: Deoxys|76\/100 tox|[from] item: Leftovers\n|-heal|p2a: Banned in OU :(|81\/100 tox|[from] ability: Poison Heal\n|-damage|p1a: Deoxys|39\/100 tox|[from] psn\n|upkeep\n|turn|11\n|\n|t:|1699813079\n|move|p2a: Banned in OU :(|Earthquake|p1a: Deoxys\n|-damage|p1a: Deoxys|27\/100 tox\n|move|p1a: Deoxys|Night Shade|p2a: Banned in OU :(\n|-damage|p2a: Banned in OU :(|53\/100 tox\n|\n|-heal|p1a: Deoxys|33\/100 tox|[from] item: Leftovers\n|-heal|p2a: Banned in OU :(|65\/100 tox|[from] ability: Poison Heal\n|-damage|p1a: Deoxys|0 fnt|[from] psn\n|faint|p1a: Deoxys\n|upkeep\n|\n|t:|1699813095\n|switch|p1a: Jirachi|Jirachi|100\/100\n|-damage|p1a: Jirachi|76\/100|[from] Spikes\n|turn|12\n|\n|t:|1699813102\n|move|p2a: Banned in OU :(|Protect|p2a: Banned in OU :(\n|-singleturn|p2a: Banned in OU :(|Protect\n|move|p1a: Jirachi|Iron Head|p2a: Banned in OU :(\n|-activate|p2a: Banned in OU :(|move: Protect\n|\n|-heal|p2a: Banned in OU :(|78\/100 tox|[from] ability: Poison Heal\n|upkeep\n|turn|13\n|\n|t:|1699813114\n|move|p1a: Jirachi|Iron Head|p2a: Banned in OU :(\n|-damage|p2a: Banned in OU :(|55\/100 tox\n|cant|p2a: Banned in OU :(|flinch\n|\n|-heal|p2a: Banned in OU :(|67\/100 tox|[from] ability: Poison Heal\n|upkeep\n|turn|14\n|\n|t:|1699813124\n|move|p2a: Banned in OU :(|Protect|p2a: Banned in OU :(\n|-singleturn|p2a: Banned in OU :(|Protect\n|move|p1a: Jirachi|Iron Head|p2a: Banned in OU :(\n|-activate|p2a: Banned in OU :(|move: Protect\n|\n|-heal|p2a: Banned in OU :(|80\/100 tox|[from] ability: Poison Heal\n|upkeep\n|turn|15\n|\n|t:|1699813134\n|move|p1a: Jirachi|Iron Head|p2a: Banned in OU :(\n|-damage|p2a: Banned in OU :(|58\/100 tox\n|move|p2a: Banned in OU :(|Earthquake|p1a: Jirachi\n|-supereffective|p1a: Jirachi\n|-damage|p1a: Jirachi|7\/100\n|\n|-heal|p2a: Banned in OU :(|70\/100 tox|[from] ability: Poison Heal\n|upkeep\n|turn|16\n|\n|t:|1699813143\n|move|p2a: Banned in OU :(|Protect|p2a: Banned in OU :(\n|-singleturn|p2a: Banned in OU :(|Protect\n|move|p1a: Jirachi|Iron Head|p2a: Banned in OU :(\n|-activate|p2a: Banned in OU :(|move: Protect\n|\n|-heal|p2a: Banned in OU :(|83\/100 tox|[from] ability: Poison Heal\n|upkeep\n|turn|17\n|\n|t:|1699813164\n|move|p1a: Jirachi|Iron Head|p2a: Banned in OU :(\n|-damage|p2a: Banned in OU :(|62\/100 tox\n|cant|p2a: Banned in OU :(|flinch\n|\n|-heal|p2a: Banned in OU :(|75\/100 tox|[from] ability: Poison Heal\n|upkeep\n|turn|18\n|\n|t:|1699813171\n|switch|p2a: Metal Man|Ferrothorn, M|100\/100\n|move|p1a: Jirachi|Iron Head|p2a: Metal Man\n|-resisted|p2a: Metal Man\n|-damage|p2a: Metal Man|89\/100\n|-damage|p1a: Jirachi|0 fnt|[from] ability: Iron Barbs|[of] p2a: Metal Man\n|faint|p1a: Jirachi\n|\n|-heal|p2a: Metal Man|96\/100|[from] item: Leftovers\n|upkeep\n|\n|t:|1699813183\n|switch|p1a: Reuniclus|Reuniclus, F|100\/100\n|turn|19\n|\n|t:|1699813191\n|move|p1a: Reuniclus|Calm Mind|p1a: Reuniclus\n|-boost|p1a: Reuniclus|spa|1\n|-boost|p1a: Reuniclus|spd|1\n|move|p2a: Metal Man|Stealth Rock|p1a: Reuniclus\n|-sidestart|p1: savagewolf98420|move: Stealth Rock\n|\n|-heal|p2a: Metal Man|100\/100|[from] item: Leftovers\n|upkeep\n|turn|20\n|\n|t:|1699813200\n|switch|p2a: Sparky|Tapu Koko, shiny|84\/100\n|-fieldstart|move: Electric Terrain|[from] ability: Electric Surge|[of] p2a: Sparky\n|move|p1a: Reuniclus|Acid Armor|p1a: Reuniclus\n|-boost|p1a: Reuniclus|def|2\n|\n|upkeep\n|turn|21\n|\n|t:|1699813209\n|move|p2a: Sparky|U-turn|p1a: Reuniclus\n|-supereffective|p1a: Reuniclus\n|-damage|p1a: Reuniclus|84\/100\n|\n|t:|1699813212\n|switch|p2a: Arthur|Aegislash, M, shiny|100\/100|[from] U-turn\n|move|p1a: Reuniclus|Calm Mind|p1a: Reuniclus\n|-boost|p1a: Reuniclus|spa|1\n|-boost|p1a: Reuniclus|spd|1\n|\n|-heal|p1a: Reuniclus|91\/100|[from] item: Leftovers\n|upkeep\n|turn|22\n|\n|t:|1699813222\n|move|p2a: Arthur|Substitute|p2a: Arthur\n|-start|p2a: Arthur|Substitute\n|-damage|p2a: Arthur|75\/100\n|move|p1a: Reuniclus|Acid Armor|p1a: Reuniclus\n|-boost|p1a: Reuniclus|def|2\n|\n|-heal|p2a: Arthur|82\/100|[from] item: Leftovers\n|-heal|p1a: Reuniclus|97\/100|[from] item: Leftovers\n|upkeep\n|turn|23\n|\n|t:|1699813237\n|move|p2a: Arthur|Toxic|p1a: Reuniclus\n|-status|p1a: Reuniclus|tox\n|move|p1a: Reuniclus|Calm Mind|p1a: Reuniclus\n|-boost|p1a: Reuniclus|spa|1\n|-boost|p1a: Reuniclus|spd|1\n|\n|-heal|p2a: Arthur|88\/100|[from] item: Leftovers\n|-heal|p1a: Reuniclus|100\/100 tox|[from] item: Leftovers\n|upkeep\n|turn|24\n|\n|t:|1699813248\n|-formechange|p2a: Arthur|Aegislash-Blade||[from] ability: Stance Change\n|move|p2a: Arthur|Shadow Ball|p1a: Reuniclus\n|-supereffective|p1a: Reuniclus\n|-damage|p1a: Reuniclus|75\/100 tox\n|move|p1a: Reuniclus|Stored Power|p2a: Arthur\n|-resisted|p2a: Arthur\n|-end|p2a: Arthur|Substitute\n|\n|-heal|p2a: Arthur|94\/100|[from] item: Leftovers\n|-heal|p1a: Reuniclus|81\/100 tox|[from] item: Leftovers\n|-fieldend|move: Electric Terrain\n|upkeep\n|turn|25\n|\n|t:|1699813265\n|-formechange|p2a: Arthur|Aegislash||[from] ability: Stance Change\n|move|p2a: Arthur|King's Shield|p2a: Arthur\n|-singleturn|p2a: Arthur|Protect\n|move|p1a: Reuniclus|Stored Power|p2a: Arthur\n|-activate|p2a: Arthur|move: Protect\n|\n|-heal|p2a: Arthur|99\/100|[from] item: Leftovers\n|-heal|p1a: Reuniclus|87\/100 tox|[from] item: Leftovers\n|upkeep\n|turn|26\n|\n|t:|1699813277\n|-formechange|p2a: Arthur|Aegislash-Blade||[from] ability: Stance Change\n|move|p2a: Arthur|Shadow Ball|p1a: Reuniclus\n|-supereffective|p1a: Reuniclus\n|-damage|p1a: Reuniclus|61\/100 tox\n|move|p1a: Reuniclus|Stored Power|p2a: Arthur\n|-resisted|p2a: Arthur\n|-damage|p2a: Arthur|0 fnt\n|faint|p2a: Arthur\n|\n|-heal|p1a: Reuniclus|67\/100 tox|[from] item: Leftovers\n|upkeep\n|\n|t:|1699813292\n|switch|p2a: Metal Man|Ferrothorn, M|100\/100\n|turn|27\n|\n|t:|1699813296\n|move|p1a: Reuniclus|Stored Power|p2a: Metal Man\n|-resisted|p2a: Metal Man\n|-crit|p2a: Metal Man\n|-damage|p2a: Metal Man|0 fnt\n|faint|p2a: Metal Man\n|\n|-heal|p1a: Reuniclus|74\/100 tox|[from] item: Leftovers\n|upkeep\n|-message|rimetrost forfeited.\n|\n|win|savagewolf98420\n|raw|savagewolf98420's rating: 1220 &rarr; <strong>1244<\/strong><br \/>(+24 for winning)\n|raw|rimetrost's rating: 1204 &rarr; <strong>1180<\/strong><br \/>(-24 for losing)\n|l|\u2606rimetrost\n","uploadtime":1699813307,"views":19,"p1id":"savagewolf98420","p2id":"rimetrost","formatid":"gen9nationaldex","rating":1180,"private":0,"password":""}