{"id":"gen9nationaldex-1999609982","p1":"Mr.Green777","p2":"pyro36","format":"[Gen 9] National Dex","log":"|html|<div class=\"broadcast-blue\"><strong>[Gen 9] National Dex is currently suspecting Sneasler! For information on how to participate check out the <a href=\"https:\/\/www.smogon.com\/forums\/threads\/sv-national-dex-suspect-8-just-dance.3731534\/\">suspect thread<\/a>.<\/strong><\/div>\n|j|\u2606Mr.Green777\n|j|\u2606pyro36\n|t:|1701100928\n|gametype|singles\n|player|p1|Mr.Green777|burglar|1147\n|player|p2|pyro36|ghetsis|1128\n|teamsize|p1|6\n|teamsize|p2|6\n|gen|9\n|tier|[Gen 9] National Dex\n|rated|\n|rule|HP Percentage Mod: HP is shown in percentages\n|rule|Endless Battle Clause: Forcing endless battles is banned\n|rule|OHKO Clause: OHKO moves are banned\n|rule|Evasion Clause: Evasion abilities, items, and moves are banned\n|rule|Evasion Abilities Clause: Evasion abilities are banned\n|rule|Evasion Items Clause: Evasion items are banned\n|rule|Evasion Moves Clause: Evasion moves are banned\n|rule|Species Clause: Limit one of each Pok\u00e9mon\n|rule|Sleep Clause Mod: Limit one foe put to sleep\n|clearpoke\n|poke|p1|Ferrothorn, M|\n|poke|p1|Brambleghast, M|\n|poke|p1|Abomasnow, M|\n|poke|p1|Sinistcha|\n|poke|p1|Kartana|\n|poke|p1|Ogerpon-Wellspring, F|\n|poke|p2|Urshifu-*, M|\n|poke|p2|Charizard, F|\n|poke|p2|Hoopa-Unbound|\n|poke|p2|Greninja-*, M|\n|poke|p2|Toxapex, F|\n|poke|p2|Ninetales-Alola, F|\n|teampreview\n|\n|t:|1701100937\n|start\n|switch|p1a: Ferrothorn|Ferrothorn, M|100\/100\n|switch|p2a: Toxapex|Toxapex, F|100\/100\n|turn|1\n|inactive|Battle timer is ON: inactive players will automatically lose when time's up. (requested by Mr.Green777)\n|\n|t:|1701100945\n|move|p2a: Toxapex|Baneful Bunker|p2a: Toxapex\n|-singleturn|p2a: Toxapex|move: Protect\n|move|p1a: Ferrothorn|Stealth Rock|p2a: Toxapex\n|-sidestart|p2: pyro36|move: Stealth Rock\n|\n|upkeep\n|turn|2\n|\n|t:|1701100951\n|move|p2a: Toxapex|Toxic Spikes|p1a: Ferrothorn\n|-sidestart|p1: Mr.Green777|move: Toxic Spikes\n|move|p1a: Ferrothorn|Toxic|p2a: Toxapex\n|-immune|p2a: Toxapex\n|\n|upkeep\n|turn|3\n|\n|t:|1701100956\n|move|p2a: Toxapex|Toxic Spikes|p1a: Ferrothorn\n|-sidestart|p1: Mr.Green777|move: Toxic Spikes\n|move|p1a: Ferrothorn|Spikes|p2a: Toxapex\n|-sidestart|p2: pyro36|Spikes\n|\n|upkeep\n|turn|4\n|\n|t:|1701100960\n|move|p2a: Toxapex|Sludge Bomb|p1a: Ferrothorn\n|-immune|p1a: Ferrothorn\n|move|p1a: Ferrothorn|Toxic|p2a: Toxapex\n|-immune|p2a: Toxapex\n|\n|upkeep\n|turn|5\n|\n|t:|1701100965\n|move|p2a: Toxapex|Toxic Spikes||[still]\n|-fail|p2a: Toxapex\n|move|p1a: Ferrothorn|Toxic|p2a: Toxapex\n|-immune|p2a: Toxapex\n|\n|upkeep\n|turn|6\n|\n|t:|1701100977\n|switch|p2a: Charizard|Charizard, F|100\/100\n|-damage|p2a: Charizard|51\/100|[from] Stealth Rock\n|move|p1a: Ferrothorn|Spikes|p2a: Charizard\n|-sidestart|p2: pyro36|Spikes\n|\n|upkeep\n|turn|7\n|\n|t:|1701100985\n|detailschange|p2a: Charizard|Charizard-Mega-Y, F\n|-mega|p2a: Charizard|Charizard|Charizardite Y\n|-weather|SunnyDay|[from] ability: Drought|[of] p2a: Charizard\n|move|p2a: Charizard|Flamethrower|p1a: Ferrothorn\n|-supereffective|p1a: Ferrothorn\n|-damage|p1a: Ferrothorn|0 fnt\n|faint|p1a: Ferrothorn\n|\n|-weather|SunnyDay|[upkeep]\n|upkeep\n|\n|t:|1701100987\n|switch|p1a: Abomasnow|Abomasnow, M|100\/100\n|-status|p1a: Abomasnow|tox\n|-weather|Snow|[from] ability: Snow Warning|[of] p1a: Abomasnow\n|turn|8\n|\n|t:|1701101000\n|detailschange|p1a: Abomasnow|Abomasnow-Mega, M\n|-mega|p1a: Abomasnow|Abomasnow|Abomasite\n|move|p2a: Charizard|Flamethrower|p1a: Abomasnow\n|-supereffective|p1a: Abomasnow\n|-damage|p1a: Abomasnow|0 fnt\n|faint|p1a: Abomasnow\n|\n|-weather|Snow|[upkeep]\n|upkeep\n|\n|t:|1701101006\n|switch|p1a: Kartana|Kartana|100\/100\n|turn|9\n|\n|t:|1701101015\n|move|p1a: Kartana|Psycho Cut|p2a: Charizard\n|-damage|p2a: Charizard|10\/100\n|move|p2a: Charizard|Flamethrower|p1a: Kartana\n|-supereffective|p1a: Kartana\n|-damage|p1a: Kartana|0 fnt\n|faint|p1a: Kartana\n|\n|-weather|Snow|[upkeep]\n|upkeep\n|\n|t:|1701101018\n|switch|p1a: Brambleghast|Brambleghast, M|100\/100\n|turn|10\n|\n|t:|1701101025\n|move|p1a: Brambleghast|Shadow Sneak|p2a: Charizard\n|-damage|p2a: Charizard|0 fnt\n|faint|p2a: Charizard\n|\n|-weather|Snow|[upkeep]\n|upkeep\n|\n|t:|1701101036\n|switch|p2a: Toxapex|Toxapex, F|100\/100\n|turn|11\n|\n|t:|1701101040\n|move|p1a: Brambleghast|Rapid Spin|p2a: Toxapex\n|-damage|p2a: Toxapex|93\/100\n|-boost|p1a: Brambleghast|spe|1\n|-sideend|p1: Mr.Green777|Toxic Spikes|[from] move: Rapid Spin|[of] p1a: Brambleghast\n|move|p2a: Toxapex|Toxic|p1a: Brambleghast\n|-status|p1a: Brambleghast|tox\n|\n|-weather|Snow|[upkeep]\n|-damage|p1a: Brambleghast|94\/100 tox|[from] psn\n|upkeep\n|turn|12\n|\n|t:|1701101049\n|move|p1a: Brambleghast|Curse|p2a: Toxapex\n|-start|p2a: Toxapex|Curse|[of] p1a: Brambleghast\n|-damage|p1a: Brambleghast|44\/100 tox\n|move|p2a: Toxapex|Sludge Bomb|p1a: Brambleghast\n|-damage|p1a: Brambleghast|19\/100 tox\n|\n|-weather|none\n|-damage|p1a: Brambleghast|7\/100 tox|[from] psn\n|-damage|p2a: Toxapex|68\/100|[from] Curse\n|upkeep\n|turn|13\n|\n|t:|1701101060\n|switch|p1a: Sinistcha|Sinistcha|100\/100\n|move|p2a: Toxapex|Baneful Bunker||[still]\n|-fail|p2a: Toxapex\n|\n|-damage|p2a: Toxapex|43\/100|[from] Curse\n|upkeep\n|turn|14\n|\n|t:|1701101066\n|-terastallize|p1a: Sinistcha|Poison\n|move|p1a: Sinistcha|Calm Mind|p1a: Sinistcha\n|-boost|p1a: Sinistcha|spa|1\n|-boost|p1a: Sinistcha|spd|1\n|move|p2a: Toxapex|Toxic Spikes|p1a: Sinistcha\n|-sidestart|p1: Mr.Green777|move: Toxic Spikes\n|\n|-damage|p2a: Toxapex|18\/100|[from] Curse\n|upkeep\n|turn|15\n|\n|t:|1701101074\n|move|p1a: Sinistcha|Iron Defense|p1a: Sinistcha\n|-boost|p1a: Sinistcha|def|2\n|move|p2a: Toxapex|Toxic Spikes|p1a: Sinistcha\n|-sidestart|p1: Mr.Green777|move: Toxic Spikes\n|\n|-damage|p2a: Toxapex|0 fnt|[from] Curse\n|faint|p2a: Toxapex\n|upkeep\n|\n|t:|1701101082\n|switch|p2a: Hoopa|Hoopa-Unbound|100\/100\n|-damage|p2a: Hoopa|88\/100|[from] Stealth Rock\n|-damage|p2a: Hoopa|72\/100|[from] Spikes\n|turn|16\n|\n|t:|1701101092\n|move|p2a: Hoopa|Hyperspace Fury|p1a: Sinistcha\n|-crit|p1a: Sinistcha\n|-damage|p1a: Sinistcha|14\/100\n|-unboost|p2a: Hoopa|def|1\n|-item|p2a: Hoopa|Leftovers|[from] ability: Magician|[of] p1a: Sinistcha\n|move|p1a: Sinistcha|Giga Drain|p2a: Hoopa\n|-damage|p2a: Hoopa|29\/100\n|-heal|p1a: Sinistcha|33\/100|[from] drain|[of] p2a: Hoopa\n|\n|-heal|p2a: Hoopa|35\/100|[from] item: Leftovers\n|upkeep\n|turn|17\n|\n|t:|1701101103\n|move|p2a: Hoopa|Hyperspace Fury|p1a: Sinistcha\n|-damage|p1a: Sinistcha|5\/100\n|-unboost|p2a: Hoopa|def|1\n|move|p1a: Sinistcha|Giga Drain|p2a: Hoopa\n|-damage|p2a: Hoopa|0 fnt\n|-heal|p1a: Sinistcha|20\/100|[from] drain|[of] p2a: Hoopa\n|faint|p2a: Hoopa\n|\n|upkeep\n|\n|t:|1701101112\n|switch|p2a: Ninetales|Ninetales-Alola, F|100\/100\n|-damage|p2a: Ninetales|76\/100|[from] Stealth Rock\n|-damage|p2a: Ninetales|59\/100|[from] Spikes\n|-weather|Snow|[from] ability: Snow Warning|[of] p2a: Ninetales\n|turn|18\n|\n|t:|1701101119\n|move|p2a: Ninetales|Freeze-Dry|p1a: Sinistcha\n|-damage|p1a: Sinistcha|5\/100\n|move|p1a: Sinistcha|Giga Drain|p2a: Ninetales\n|-damage|p2a: Ninetales|4\/100\n|-heal|p1a: Sinistcha|28\/100|[from] drain|[of] p2a: Ninetales\n|\n|-weather|Snow|[upkeep]\n|-heal|p2a: Ninetales|10\/100|[from] item: Leftovers\n|upkeep\n|turn|19\n|\n|t:|1701101127\n|move|p2a: Ninetales|Freeze-Dry|p1a: Sinistcha\n|-damage|p1a: Sinistcha|10\/100\n|move|p1a: Sinistcha|Giga Drain|p2a: Ninetales\n|-damage|p2a: Ninetales|0 fnt\n|-heal|p1a: Sinistcha|14\/100|[from] drain|[of] p2a: Ninetales\n|faint|p2a: Ninetales\n|\n|-weather|Snow|[upkeep]\n|upkeep\n|\n|t:|1701101134\n|switch|p2a: Greninja|Greninja, M|100\/100\n|-damage|p2a: Greninja|88\/100|[from] Stealth Rock\n|-damage|p2a: Greninja|72\/100|[from] Spikes\n|turn|20\n|\n|t:|1701101139\n|move|p2a: Greninja|Ice Beam|p1a: Sinistcha\n|-damage|p1a: Sinistcha|0 fnt\n|faint|p1a: Sinistcha\n|-ability|p2a: Greninja|Battle Bond|boost\n|-boost|p2a: Greninja|atk|1\n|-boost|p2a: Greninja|spa|1\n|-boost|p2a: Greninja|spe|1\n|-activate|p2a: Greninja|ability: Battle Bond\n|\n|-weather|Snow|[upkeep]\n|-heal|p2a: Greninja|78\/100|[from] item: Leftovers\n|upkeep\n|\n|t:|1701101142\n|switch|p1a: Ogerpon|Ogerpon-Wellspring, F|100\/100\n|-status|p1a: Ogerpon|tox\n|turn|21\n|\n|t:|1701101153\n|move|p2a: Greninja|Ice Beam|p1a: Ogerpon\n|-damage|p1a: Ogerpon|53\/100 tox\n|move|p1a: Ogerpon|Trailblaze|p2a: Greninja\n|-supereffective|p2a: Greninja\n|-damage|p2a: Greninja|0 fnt\n|-boost|p1a: Ogerpon|spe|1\n|faint|p2a: Greninja\n|\n|-weather|Snow|[upkeep]\n|-damage|p1a: Ogerpon|47\/100 tox|[from] psn\n|upkeep\n|\n|t:|1701101162\n|switch|p2a: Urshifu|Urshifu-Rapid-Strike, M|100\/100\n|-damage|p2a: Urshifu|94\/100|[from] Stealth Rock\n|-damage|p2a: Urshifu|78\/100|[from] Spikes\n|turn|22\n|\n|t:|1701101168\n|move|p1a: Ogerpon|Ivy Cudgel|p2a: Urshifu|[anim] Ivy Cudgel Water\n|-resisted|p2a: Urshifu\n|-crit|p2a: Urshifu\n|-damage|p2a: Urshifu|36\/100\n|move|p2a: Urshifu|Thunder Punch|p1a: Ogerpon\n|-damage|p1a: Ogerpon|15\/100 tox\n|\n|-weather|none\n|-heal|p2a: Urshifu|42\/100|[from] item: Leftovers\n|-damage|p1a: Ogerpon|3\/100 tox|[from] psn\n|upkeep\n|turn|23\n|\n|t:|1701101180\n|move|p1a: Ogerpon|Ivy Cudgel|p2a: Urshifu|[anim] Ivy Cudgel Water\n|-resisted|p2a: Urshifu\n|-crit|p2a: Urshifu\n|-damage|p2a: Urshifu|0 fnt\n|faint|p2a: Urshifu\n|\n|win|Mr.Green777\n|raw|Mr.Green777's rating: 1147 &rarr; <strong>1171<\/strong><br \/>(+24 for winning)\n|raw|pyro36's rating: 1128 &rarr; <strong>1104<\/strong><br \/>(-24 for losing)\n|l|\u2606pyro36\n","uploadtime":1701101197,"views":1,"p1id":"mrgreen777","p2id":"pyro36","formatid":"gen9nationaldex","rating":1104,"private":0,"password":""}