{"id":"gen9nationaldex-1998655804","p1":"baigu2","p2":"fly groudon","format":"[Gen 9] National Dex","log":"|html|<div class=\"broadcast-blue\"><strong>[Gen 9] National Dex is currently suspecting Sneasler! For information on how to participate check out the <a href=\"https:\/\/www.smogon.com\/forums\/threads\/sv-national-dex-suspect-8-just-dance.3731534\/\">suspect thread<\/a>.<\/strong><\/div>\n|j|\u2606baigu2\n|j|\u2606fly groudon\n|t:|1700968333\n|gametype|singles\n|player|p1|baigu2|170|1780\n|player|p2|fly groudon|alec-anime|1832\n|teamsize|p1|6\n|teamsize|p2|6\n|gen|9\n|tier|[Gen 9] National Dex\n|rated|\n|rule|HP Percentage Mod: HP is shown in percentages\n|rule|Endless Battle Clause: Forcing endless battles is banned\n|rule|OHKO Clause: OHKO moves are banned\n|rule|Evasion Clause: Evasion abilities, items, and moves are banned\n|rule|Evasion Abilities Clause: Evasion abilities are banned\n|rule|Evasion Items Clause: Evasion items are banned\n|rule|Evasion Moves Clause: Evasion moves are banned\n|rule|Species Clause: Limit one of each Pok\u00e9mon\n|rule|Sleep Clause Mod: Limit one foe put to sleep\n|clearpoke\n|poke|p1|Ursaluna, M|\n|poke|p1|Slowking, F|\n|poke|p1|Corviknight, M|\n|poke|p1|Hoopa-Unbound|\n|poke|p1|Dragonite, F|\n|poke|p1|Tapu Koko|\n|poke|p2|Medicham, M|\n|poke|p2|Heatran, M|\n|poke|p2|Corviknight, M|\n|poke|p2|Tapu Koko|\n|poke|p2|Iron Valiant|\n|poke|p2|Landorus-Therian, M|\n|teampreview\n|inactive|Battle timer is ON: inactive players will automatically lose when time's up. (requested by fly groudon)\n|\n|t:|1700968341\n|start\n|switch|p1a: Tapu Koko|Tapu Koko|100\/100\n|switch|p2a: Medicham|Medicham, M, shiny|100\/100\n|-fieldstart|move: Electric Terrain|[from] ability: Electric Surge|[of] p1a: Tapu Koko\n|turn|1\n|j| NicksRokaya\n|\n|t:|1700968345\n|detailschange|p2a: Medicham|Medicham-Mega, M, shiny\n|-mega|p2a: Medicham|Medicham|Medichamite\n|move|p2a: Medicham|Fake Out|p1a: Tapu Koko\n|-damage|p1a: Tapu Koko|66\/100\n|cant|p1a: Tapu Koko|flinch\n|\n|upkeep\n|turn|2\n|\n|t:|1700968349\n|switch|p2a: Heatran|Heatran, M|100\/100\n|move|p1a: Tapu Koko|U-turn|p2a: Heatran\n|-resisted|p2a: Heatran\n|-damage|p2a: Heatran|97\/100\n|\n|t:|1700968351\n|switch|p1a: Hoopa|Hoopa-Unbound|100\/100|[from] U-turn\n|\n|-heal|p2a: Heatran|100\/100|[from] item: Leftovers\n|upkeep\n|turn|3\n|\n|t:|1700968355\n|-zpower|p1a: Hoopa\n|move|p1a: Hoopa|All-Out Pummeling|p2a: Heatran|[zeffect]\n|-supereffective|p2a: Heatran\n|-damage|p2a: Heatran|0 fnt\n|faint|p2a: Heatran\n|\n|upkeep\n|\n|t:|1700968357\n|switch|p2a: Medicham|Medicham-Mega, M, shiny|100\/100\n|turn|4\n|\n|t:|1700968365\n|move|p2a: Medicham|Close Combat|p1a: Hoopa\n|-damage|p1a: Hoopa|0 fnt\n|-unboost|p2a: Medicham|def|1\n|-unboost|p2a: Medicham|spd|1\n|faint|p1a: Hoopa\n|\n|upkeep\n|\n|t:|1700968373\n|switch|p1a: Slowking|Slowking, F|100\/100\n|turn|5\n|\n|t:|1700968376\n|move|p2a: Medicham|Close Combat|p1a: Slowking\n|-resisted|p1a: Slowking\n|-damage|p1a: Slowking|40\/100\n|-unboost|p2a: Medicham|def|1\n|-unboost|p2a: Medicham|spd|1\n|move|p1a: Slowking|Trick Room|p1a: Slowking\n|-fieldstart|move: Trick Room|[of] p1a: Slowking\n|\n|-fieldend|move: Electric Terrain\n|upkeep\n|turn|6\n|\n|t:|1700968380\n|move|p1a: Slowking|Scald|p2a: Medicham\n|-damage|p2a: Medicham|24\/100\n|move|p2a: Medicham|Close Combat|p1a: Slowking\n|-resisted|p1a: Slowking\n|-damage|p1a: Slowking|0 fnt\n|-unboost|p2a: Medicham|def|1\n|-unboost|p2a: Medicham|spd|1\n|faint|p1a: Slowking\n|\n|upkeep\n|\n|t:|1700968385\n|switch|p1a: \u718a\u5927|Ursaluna, M|100\/100\n|turn|7\n|\n|t:|1700968387\n|switch|p2a: Landorus|Landorus-Therian, M|100\/100\n|-ability|p2a: Landorus|Intimidate|boost\n|-unboost|p1a: \u718a\u5927|atk|1\n|move|p1a: \u718a\u5927|Fire Punch|p2a: Landorus\n|-damage|p2a: Landorus|87\/100\n|-damage|p1a: \u718a\u5927|84\/100|[from] item: Rocky Helmet|[of] p2a: Landorus\n|\n|-status|p1a: \u718a\u5927|brn|[from] item: Flame Orb\n|upkeep\n|turn|8\n|\n|t:|1700968399\n|switch|p2a: Tapu Koko|Tapu Koko, shiny|100\/100\n|-fieldstart|move: Electric Terrain|[from] ability: Electric Surge|[of] p2a: Tapu Koko\n|move|p1a: \u718a\u5927|Facade|p2a: Tapu Koko\n|-damage|p2a: Tapu Koko|0 fnt\n|faint|p2a: Tapu Koko\n|\n|-damage|p1a: \u718a\u5927|78\/100 brn|[from] brn\n|upkeep\n|\n|t:|1700968402\n|switch|p2a: Landorus|Landorus-Therian, M|87\/100\n|-ability|p2a: Landorus|Intimidate|boost\n|-unboost|p1a: \u718a\u5927|atk|1\n|turn|9\n|\n|t:|1700968407\n|switch|p1a: Corviknight|Corviknight, M|100\/100\n|-ability|p1a: Corviknight|Pressure\n|move|p2a: Landorus|Stealth Rock|p1a: Corviknight\n|-sidestart|p1: baigu2|move: Stealth Rock\n|\n|-fieldend|move: Trick Room\n|upkeep\n|turn|10\n|\n|t:|1700968410\n|move|p2a: Landorus|U-turn|p1a: Corviknight\n|-resisted|p1a: Corviknight\n|-damage|p1a: Corviknight|97\/100\n|-damage|p2a: Landorus|71\/100|[from] item: Rocky Helmet|[of] p1a: Corviknight\n|\n|t:|1700968412\n|switch|p2a: Iron Valiant|Iron Valiant|100\/100|[from] U-turn\n|-activate|p2a: Iron Valiant|ability: Quark Drive\n|-start|p2a: Iron Valiant|quarkdrivespe\n|move|p1a: Corviknight|Defog|p2a: Iron Valiant\n|-unboost|p2a: Iron Valiant|evasion|1\n|-sideend|p1: baigu2|Stealth Rock|[from] move: Defog|[of] p1a: Corviknight\n|-fieldend|move: Electric Terrain\n|-end|p2a: Iron Valiant|Quark Drive\n|\n|upkeep\n|turn|11\n|\n|t:|1700968421\n|move|p2a: Iron Valiant|Focus Blast|p1a: Corviknight\n|-damage|p1a: Corviknight|17\/100\n|move|p1a: Corviknight|Brave Bird|p2a: Iron Valiant\n|-supereffective|p2a: Iron Valiant\n|-damage|p2a: Iron Valiant|11\/100\n|-damage|p1a: Corviknight|0 fnt|[from] Recoil\n|faint|p1a: Corviknight\n|\n|upkeep\n|\n|t:|1700968430\n|switch|p1a: Dragonite|Dragonite, F|100\/100\n|turn|12\n|\n|t:|1700968434\n|-end|p2a: Iron Valiant|Quark Drive|[silent]\n|switch|p2a: Landorus|Landorus-Therian, M|71\/100\n|-ability|p2a: Landorus|Intimidate|boost\n|-unboost|p1a: Dragonite|atk|1\n|switch|p1a: Tapu Koko|Tapu Koko|66\/100\n|-fieldstart|move: Electric Terrain|[from] ability: Electric Surge|[of] p1a: Tapu Koko\n|\n|upkeep\n|turn|13\n|\n|t:|1700968438\n|-terastallize|p2a: Landorus|Water\n|move|p1a: Tapu Koko|U-turn|p2a: Landorus\n|-crit|p2a: Landorus\n|-damage|p2a: Landorus|55\/100\n|-damage|p1a: Tapu Koko|49\/100|[from] item: Rocky Helmet|[of] p2a: Landorus\n|\n|t:|1700968444\n|switch|p1a: \u718a\u5927|Ursaluna, M|78\/100 brn|[from] U-turn\n|move|p2a: Landorus|Earthquake|p1a: \u718a\u5927\n|-damage|p1a: \u718a\u5927|40\/100 brn\n|\n|-damage|p1a: \u718a\u5927|34\/100 brn|[from] brn\n|upkeep\n|turn|14\n|\n|t:|1700968450\n|move|p2a: Landorus|Stealth Rock|p1a: \u718a\u5927\n|-sidestart|p1: baigu2|move: Stealth Rock\n|move|p1a: \u718a\u5927|Facade|p2a: Landorus\n|-damage|p2a: Landorus|0 fnt\n|-damage|p1a: \u718a\u5927|17\/100 brn|[from] item: Rocky Helmet|[of] p2a: Landorus\n|faint|p2a: Landorus\n|\n|-damage|p1a: \u718a\u5927|11\/100 brn|[from] brn\n|upkeep\n|\n|t:|1700968457\n|switch|p2a: Iron Valiant|Iron Valiant|11\/100\n|-activate|p2a: Iron Valiant|ability: Quark Drive\n|-start|p2a: Iron Valiant|quarkdrivespe\n|turn|15\n|\n|t:|1700968465\n|move|p2a: Iron Valiant|Moonblast|p1a: \u718a\u5927\n|-damage|p1a: \u718a\u5927|0 fnt\n|faint|p1a: \u718a\u5927\n|\n|upkeep\n|\n|t:|1700968467\n|switch|p1a: Dragonite|Dragonite, F|100\/100\n|-damage|p1a: Dragonite|75\/100|[from] Stealth Rock\n|turn|16\n|\n|t:|1700968469\n|-end|p2a: Iron Valiant|Quark Drive|[silent]\n|switch|p2a: Corviknight|Corviknight, M|100\/100\n|-ability|p2a: Corviknight|Pressure\n|move|p1a: Dragonite|Fire Punch|p2a: Corviknight\n|-supereffective|p2a: Corviknight\n|-damage|p2a: Corviknight|42\/100\n|\n|-fieldend|move: Electric Terrain\n|upkeep\n|turn|17\n|\n|t:|1700968473\n|move|p1a: Dragonite|Fire Punch|p2a: Corviknight\n|-supereffective|p2a: Corviknight\n|-damage|p2a: Corviknight|0 fnt\n|faint|p2a: Corviknight\n|\n|upkeep\n|\n|t:|1700968474\n|switch|p2a: Iron Valiant|Iron Valiant|11\/100\n|turn|18\n|\n|t:|1700968481\n|switch|p1a: Tapu Koko|Tapu Koko|49\/100\n|-damage|p1a: Tapu Koko|37\/100|[from] Stealth Rock\n|-fieldstart|move: Electric Terrain|[from] ability: Electric Surge|[of] p1a: Tapu Koko\n|-activate|p2a: Iron Valiant|ability: Quark Drive\n|-start|p2a: Iron Valiant|quarkdrivespe\n|move|p2a: Iron Valiant|Moonblast|p1a: Tapu Koko\n|-damage|p1a: Tapu Koko|0 fnt\n|faint|p1a: Tapu Koko\n|\n|upkeep\n|\n|t:|1700968482\n|switch|p1a: Dragonite|Dragonite, F|75\/100\n|-damage|p1a: Dragonite|50\/100|[from] Stealth Rock\n|turn|19\n|\n|t:|1700968487\n|move|p1a: Dragonite|Extreme Speed|p2a: Iron Valiant\n|-damage|p2a: Iron Valiant|0 fnt\n|faint|p2a: Iron Valiant\n|-end|p2a: Iron Valiant|Quark Drive|[silent]\n|\n|upkeep\n|\n|t:|1700968489\n|switch|p2a: Medicham|Medicham-Mega, M, shiny|24\/100\n|turn|20\n|\n|t:|1700968492\n|move|p2a: Medicham|Fake Out|p1a: Dragonite\n|-damage|p1a: Dragonite|25\/100\n|cant|p1a: Dragonite|flinch\n|\n|upkeep\n|turn|21\n|\n|t:|1700968494\n|-terastallize|p1a: Dragonite|Normal\n|move|p1a: Dragonite|Extreme Speed|p2a: Medicham\n|-damage|p2a: Medicham|0 fnt\n|faint|p2a: Medicham\n|\n|win|baigu2\n|raw|baigu2's rating: 1780 &rarr; <strong>1803<\/strong><br \/>(+23 for winning)\n|raw|fly groudon's rating: 1832 &rarr; <strong>1809<\/strong><br \/>(-23 for losing)\n","uploadtime":1700968497,"views":1,"p1id":"baigu2","p2id":"flygroudon","formatid":"gen9nationaldex","rating":1803,"private":0,"password":""}