{"id":"gen9nationaldex-1997755857","p1":"Jeery112","p2":"Will55555","format":"[Gen 9] National Dex","log":"|html|<div class=\"broadcast-blue\"><strong>[Gen 9] National Dex is currently suspecting Sneasler! For information on how to participate check out the <a href=\"https:\/\/www.smogon.com\/forums\/threads\/sv-national-dex-suspect-8-just-dance.3731534\/\">suspect thread<\/a>.<\/strong><\/div>\n|j|\u2606Jeery112\n|j|\u2606Will55555\n|t:|1700849276\n|gametype|singles\n|player|p1|Jeery112|n|\n|player|p2|Will55555|169|\n|teamsize|p1|6\n|teamsize|p2|6\n|gen|9\n|tier|[Gen 9] National Dex\n|rule|HP Percentage Mod: HP is shown in percentages\n|rule|Endless Battle Clause: Forcing endless battles is banned\n|rule|OHKO Clause: OHKO moves are banned\n|rule|Evasion Clause: Evasion abilities, items, and moves are banned\n|rule|Evasion Abilities Clause: Evasion abilities are banned\n|rule|Evasion Items Clause: Evasion items are banned\n|rule|Evasion Moves Clause: Evasion moves are banned\n|rule|Species Clause: Limit one of each Pok\u00e9mon\n|rule|Sleep Clause Mod: Limit one foe put to sleep\n|clearpoke\n|poke|p1|Hydreigon, M|\n|poke|p1|Samurott-Hisui, M|\n|poke|p1|Weavile, F|\n|poke|p1|Tyranitar, F|\n|poke|p1|Krookodile, F|\n|poke|p1|Sableye, F|\n|poke|p2|Pawmot, M|\n|poke|p2|Blissey, F|\n|poke|p2|Alomomola, F|\n|poke|p2|Iron Valiant|\n|poke|p2|Landorus-Therian, M|\n|poke|p2|Dragonite, M|\n|teampreview\n|c|\u2606Jeery112|Gl hf :>\n|\n|t:|1700849288\n|start\n|switch|p1a: Sableye|Sableye, F|100\/100\n|switch|p2a: Landorus|Landorus-Therian, M|100\/100\n|-ability|p2a: Landorus|Intimidate|boost\n|-unboost|p1a: Sableye|atk|1\n|turn|1\n|\n|t:|1700849298\n|detailschange|p1a: Sableye|Sableye-Mega, F\n|-mega|p1a: Sableye|Sableye|Sablenite\n|move|p2a: Landorus|Earthquake|p1a: Sableye\n|-damage|p1a: Sableye|61\/100\n|move|p1a: Sableye|Will-O-Wisp|p2a: Landorus\n|-status|p2a: Landorus|brn\n|\n|-damage|p2a: Landorus|94\/100 brn|[from] brn\n|upkeep\n|turn|2\n|\n|t:|1700849312\n|move|p2a: Landorus|U-turn|p1a: Sableye\n|-damage|p1a: Sableye|52\/100\n|\n|t:|1700849348\n|switch|p2a: Pawmot|Pawmot, M|100\/100|[from] U-turn\n|move|p1a: Sableye|Knock Off|p2a: Pawmot\n|-resisted|p2a: Pawmot\n|-damage|p2a: Pawmot|84\/100\n|-enditem|p2a: Pawmot|Leppa Berry|[from] move: Knock Off|[of] p1a: Sableye\n|\n|upkeep\n|turn|3\n|\n|t:|1700849357\n|move|p1a: Sableye|Protect|p1a: Sableye\n|-singleturn|p1a: Sableye|Protect\n|move|p2a: Pawmot|Double Shock|p1a: Sableye\n|-activate|p1a: Sableye|move: Protect\n|\n|upkeep\n|turn|4\n|\n|t:|1700849362\n|switch|p1a: Krookodile|Krookodile, F, shiny|100\/100\n|move|p2a: Pawmot|Double Shock|p1a: Krookodile\n|-immune|p1a: Krookodile\n|\n|upkeep\n|turn|5\n|\n|t:|1700849380\n|move|p1a: Krookodile|Earthquake|p2a: Pawmot\n|-supereffective|p2a: Pawmot\n|-damage|p2a: Pawmot|0 fnt\n|faint|p2a: Pawmot\n|-ability|p1a: Krookodile|Moxie|boost\n|-boost|p1a: Krookodile|atk|1\n|\n|upkeep\n|\n|t:|1700849387\n|switch|p2a: Dragonite|Dragonite, M|100\/100\n|turn|6\n|\n|t:|1700849391\n|switch|p1a: Tyranitar|Tyranitar, F|100\/100\n|-weather|Sandstorm|[from] ability: Sand Stream|[of] p1a: Tyranitar\n|move|p2a: Dragonite|Dragon Dance|p2a: Dragonite\n|-boost|p2a: Dragonite|atk|1\n|-boost|p2a: Dragonite|spe|1\n|\n|-weather|Sandstorm|[upkeep]\n|-damage|p2a: Dragonite|94\/100|[from] Sandstorm\n|upkeep\n|turn|7\n|\n|t:|1700849404\n|move|p2a: Dragonite|Earthquake|p1a: Tyranitar\n|-supereffective|p1a: Tyranitar\n|-crit|p1a: Tyranitar\n|-damage|p1a: Tyranitar|0 fnt\n|faint|p1a: Tyranitar\n|\n|-weather|Sandstorm|[upkeep]\n|-damage|p2a: Dragonite|88\/100|[from] Sandstorm\n|upkeep\n|\n|t:|1700849410\n|switch|p1a: Weavile|Weavile, F|100\/100\n|-ability|p1a: Weavile|Pressure\n|turn|8\n|\n|t:|1700849439\n|-terastallize|p2a: Dragonite|Normal\n|move|p1a: Weavile|Fake Out|p2a: Dragonite\n|-damage|p2a: Dragonite|74\/100\n|cant|p2a: Dragonite|flinch\n|\n|-weather|Sandstorm|[upkeep]\n|-damage|p2a: Dragonite|68\/100|[from] Sandstorm\n|-damage|p1a: Weavile|94\/100|[from] Sandstorm\n|upkeep\n|turn|9\n|\n|t:|1700849446\n|switch|p1a: Sableye|Sableye-Mega, F|52\/100\n|move|p2a: Dragonite|Extreme Speed|p1a: Sableye\n|-immune|p1a: Sableye\n|\n|-weather|Sandstorm|[upkeep]\n|-damage|p2a: Dragonite|62\/100|[from] Sandstorm\n|-damage|p1a: Sableye|46\/100|[from] Sandstorm\n|upkeep\n|turn|10\n|\n|t:|1700849457\n|move|p1a: Sableye|Protect|p1a: Sableye\n|-singleturn|p1a: Sableye|Protect\n|move|p2a: Dragonite|Earthquake|p1a: Sableye\n|-activate|p1a: Sableye|move: Protect\n|\n|-weather|none\n|upkeep\n|turn|11\n|\n|t:|1700849473\n|switch|p1a: Hydreigon|Hydreigon, M|100\/100\n|move|p2a: Dragonite|Outrage|p1a: Hydreigon\n|-supereffective|p1a: Hydreigon\n|-damage|p1a: Hydreigon|0 fnt\n|faint|p1a: Hydreigon\n|\n|upkeep\n|\n|t:|1700849476\n|switch|p1a: Weavile|Weavile, F|94\/100\n|-ability|p1a: Weavile|Pressure\n|turn|12\n|\n|t:|1700849483\n|move|p1a: Weavile|Fake Out|p2a: Dragonite\n|-crit|p2a: Dragonite\n|-damage|p2a: Dragonite|41\/100\n|cant|p2a: Dragonite|flinch\n|\n|-start|p2a: Dragonite|confusion|[fatigue]\n|upkeep\n|turn|13\n|\n|t:|1700849491\n|-activate|p2a: Dragonite|confusion\n|move|p2a: Dragonite|Extreme Speed|p1a: Weavile\n|-damage|p1a: Weavile|0 fnt\n|faint|p1a: Weavile\n|\n|upkeep\n|\n|t:|1700849494\n|switch|p1a: Samurott|Samurott-Hisui, M|100\/100\n|turn|14\n|\n|t:|1700849501\n|-end|p2a: Dragonite|confusion\n|move|p2a: Dragonite|Outrage|p1a: Samurott\n|-damage|p1a: Samurott|0 fnt\n|faint|p1a: Samurott\n|\n|upkeep\n|c|\u2606Jeery112|I think thats it\n|\n|t:|1700849508\n|switch|p1a: Krookodile|Krookodile, F, shiny|100\/100\n|turn|15\n|\n|t:|1700849511\n|move|p1a: Krookodile|Knock Off|p2a: Dragonite\n|-damage|p2a: Dragonite|0 fnt\n|-enditem|p2a: Dragonite|Heavy-Duty Boots|[from] move: Knock Off|[of] p1a: Krookodile\n|faint|p2a: Dragonite\n|-ability|p1a: Krookodile|Moxie|boost\n|-boost|p1a: Krookodile|atk|1\n|\n|upkeep\n|\n|t:|1700849525\n|switch|p2a: Iron Valiant|Iron Valiant|100\/100\n|-enditem|p2a: Iron Valiant|Booster Energy\n|-activate|p2a: Iron Valiant|ability: Quark Drive|[fromitem]\n|-start|p2a: Iron Valiant|quarkdrivespe\n|turn|16\n|\n|t:|1700849533\n|switch|p1a: Sableye|Sableye-Mega, F|46\/100\n|move|p2a: Iron Valiant|Calm Mind|p2a: Iron Valiant\n|-boost|p2a: Iron Valiant|spa|1\n|-boost|p2a: Iron Valiant|spd|1\n|\n|upkeep\n|turn|17\n|\n|t:|1700849546\n|move|p2a: Iron Valiant|Moonblast|p1a: Sableye\n|-supereffective|p1a: Sableye\n|-damage|p1a: Sableye|0 fnt\n|faint|p1a: Sableye\n|\n|upkeep\n|j| TexanFarmersMarket\n|\n|t:|1700849548\n|switch|p1a: Krookodile|Krookodile, F, shiny|100\/100\n|turn|18\n|c|\u2606Will55555|gg\n|c|\u2606Will55555|wp\n|c| TexanFarmersMarket|aw i missed it\n|\n|t:|1700849559\n|-terastallize|p1a: Krookodile|Ground\n|move|p2a: Iron Valiant|Moonblast|p1a: Krookodile\n|-damage|p1a: Krookodile|11\/100\n|move|p1a: Krookodile|Knock Off|p2a: Iron Valiant\n|-resisted|p2a: Iron Valiant\n|-damage|p2a: Iron Valiant|91\/100\n|\n|upkeep\n|turn|19\n|c|\u2606Jeery112|Ggs\n|\n|t:|1700849577\n|move|p2a: Iron Valiant|Moonblast|p1a: Krookodile\n|-damage|p1a: Krookodile|0 fnt\n|faint|p1a: Krookodile\n|\n|win|Will55555\n|c|\u2606Jeery112|Gg wp again\n","uploadtime":1700849587,"views":1,"p1id":"jeery112","p2id":"will55555","formatid":"gen9nationaldex","rating":0,"private":0,"password":""}