{"id":"gen9nationaldex-1996868521","p1":"spylentgoat","p2":"leon lp","format":"[Gen 9] National Dex","log":"|html|<div class=\"broadcast-blue\"><strong>[Gen 9] National Dex is currently suspecting Sneasler! For information on how to participate check out the <a href=\"https:\/\/www.smogon.com\/forums\/threads\/sv-national-dex-suspect-8-just-dance.3731534\/\">suspect thread<\/a>.<\/strong><\/div>\n|j|\u2606spylentgoat\n|j|\u2606leon lp\n|t:|1700737883\n|gametype|singles\n|player|p1|spylentgoat|palmer|1354\n|player|p2|leon lp|101|1281\n|teamsize|p1|6\n|teamsize|p2|6\n|gen|9\n|tier|[Gen 9] National Dex\n|rated|\n|rule|HP Percentage Mod: HP is shown in percentages\n|rule|Endless Battle Clause: Forcing endless battles is banned\n|rule|OHKO Clause: OHKO moves are banned\n|rule|Evasion Clause: Evasion abilities, items, and moves are banned\n|rule|Evasion Abilities Clause: Evasion abilities are banned\n|rule|Evasion Items Clause: Evasion items are banned\n|rule|Evasion Moves Clause: Evasion moves are banned\n|rule|Species Clause: Limit one of each Pok\u00e9mon\n|rule|Sleep Clause Mod: Limit one foe put to sleep\n|clearpoke\n|poke|p1|Hatterene, F|\n|poke|p1|Porygon2|\n|poke|p1|Mawile, F|\n|poke|p1|Crawdaunt, F|\n|poke|p1|Cresselia, F|\n|poke|p1|Dragalge, F|\n|poke|p2|Pinsir, F|\n|poke|p2|Galvantula, M|\n|poke|p2|Greninja-*, M|\n|poke|p2|Sneasler, M|\n|poke|p2|Tapu Lele|\n|poke|p2|Chandelure, M|\n|teampreview\n|inactive|Battle timer is ON: inactive players will automatically lose when time's up. (requested by spylentgoat)\n|\n|t:|1700737892\n|start\n|switch|p1a: Mawile|Mawile, F|100\/100\n|switch|p2a: Chandelure|Chandelure, M, shiny|100\/100\n|-ability|p1a: Mawile|Intimidate|boost\n|-unboost|p2a: Chandelure|atk|1\n|turn|1\n|\n|t:|1700737900\n|detailschange|p1a: Mawile|Mawile-Mega, F\n|-mega|p1a: Mawile|Mawile|Mawilite\n|-terastallize|p2a: Chandelure|Grass\n|move|p1a: Mawile|Sucker Punch|p2a: Chandelure\n|-damage|p2a: Chandelure|29\/100\n|move|p2a: Chandelure|Fire Blast|p1a: Mawile\n|-supereffective|p1a: Mawile\n|-damage|p1a: Mawile|0 fnt\n|faint|p1a: Mawile\n|-damage|p2a: Chandelure|19\/100|[from] item: Life Orb\n|\n|upkeep\n|\n|t:|1700737913\n|switch|p1a: Dragalge|Dragalge, F|100\/100\n|turn|2\n|\n|t:|1700737939\n|switch|p2a: Pinsir|Pinsir, F|100\/100\n|move|p1a: Dragalge|Sludge Bomb|p2a: Pinsir\n|-damage|p2a: Pinsir|0 fnt\n|faint|p2a: Pinsir\n|\n|upkeep\n|inactive|leon lp has 120 seconds left.\n|\n|t:|1700737951\n|switch|p2a: Lelet\u00edcia|Tapu Lele|100\/100\n|-fieldstart|move: Psychic Terrain|[from] ability: Psychic Surge|[of] p2a: Lelet\u00edcia\n|turn|3\n|\n|t:|1700737966\n|move|p2a: Lelet\u00edcia|Psyshock|p1a: Dragalge\n|-supereffective|p1a: Dragalge\n|-damage|p1a: Dragalge|0 fnt\n|faint|p1a: Dragalge\n|\n|upkeep\n|inactive|spylentgoat has 120 seconds left.\n|\n|t:|1700737996\n|switch|p1a: Cresselia|Cresselia, F|100\/100\n|turn|4\n|\n|t:|1700738017\n|move|p2a: Lelet\u00edcia|Psyshock|p1a: Cresselia\n|-resisted|p1a: Cresselia\n|-damage|p1a: Cresselia|87\/100\n|move|p1a: Cresselia|Trick Room|p1a: Cresselia\n|-fieldstart|move: Trick Room|[of] p1a: Cresselia\n|\n|upkeep\n|turn|5\n|\n|t:|1700738027\n|switch|p1a: Crawdaunt|Crawdaunt, F, shiny|100\/100\n|switch|p2a: Greninja|Greninja, M|100\/100\n|\n|upkeep\n|turn|6\n|inactive|spylentgoat has 120 seconds left.\n|inactive|spylentgoat has 90 seconds left.\n|\n|t:|1700738075\n|move|p1a: Crawdaunt|Crabhammer|p2a: Greninja|[miss]\n|-miss|p1a: Crawdaunt|p2a: Greninja\n|move|p2a: Greninja|Hydro Pump|p1a: Crawdaunt\n|-resisted|p1a: Crawdaunt\n|-damage|p1a: Crawdaunt|44\/100\n|-damage|p2a: Greninja|91\/100|[from] item: Life Orb\n|\n|upkeep\n|turn|7\n|\n|t:|1700738085\n|move|p2a: Greninja|Water Shuriken|p1a: Crawdaunt\n|-activate|p1a: Crawdaunt|move: Psychic Terrain\n|move|p1a: Crawdaunt|Crabhammer|p2a: Greninja\n|-resisted|p2a: Greninja\n|-damage|p2a: Greninja|13\/100\n|-damage|p1a: Crawdaunt|34\/100|[from] item: Life Orb\n|\n|-fieldend|move: Psychic Terrain\n|upkeep\n|turn|8\n|c|\u2606leon lp|~~psichic terrain~~\n|inactive|spylentgoat has 90 seconds left.\n|l|\u2606spylentgoat\n|inactive|spylentgoat disconnected and has a minute to reconnect!\n|player|p1|\n|j|\u2606spylentgoat\n|inactive|spylentgoat reconnected and has 65 seconds left.\n|player|p1|spylentgoat|palmer\n|\n|t:|1700738134\n|move|p2a: Greninja|Water Shuriken|p1a: Crawdaunt\n|-resisted|p1a: Crawdaunt\n|-damage|p1a: Crawdaunt|26\/100\n|-resisted|p1a: Crawdaunt\n|-damage|p1a: Crawdaunt|19\/100\n|-resisted|p1a: Crawdaunt\n|-damage|p1a: Crawdaunt|12\/100\n|-hitcount|p1a: Crawdaunt|3\n|-damage|p2a: Greninja|3\/100|[from] item: Life Orb\n|move|p1a: Crawdaunt|Knock Off|p2a: Greninja\n|-resisted|p2a: Greninja\n|-damage|p2a: Greninja|0 fnt\n|-enditem|p2a: Greninja|Life Orb|[from] move: Knock Off|[of] p1a: Crawdaunt\n|faint|p2a: Greninja\n|-damage|p1a: Crawdaunt|2\/100|[from] item: Life Orb\n|\n|-fieldend|move: Trick Room\n|upkeep\n|c|\u2606spylentgoat|\u3002\u3002\n|\n|t:|1700738152\n|switch|p2a: Sneasler|Sneasler, M|100\/100\n|-ability|p2a: Sneasler|Pressure\n|turn|9\n|\n|t:|1700738157\n|switch|p1a: Cresselia|Cresselia, F|87\/100\n|move|p2a: Sneasler|Dire Claw|p1a: Cresselia\n|-damage|p1a: Cresselia|64\/100\n|-status|p1a: Cresselia|psn\n|\n|-damage|p1a: Cresselia|52\/100 psn|[from] psn\n|upkeep\n|turn|10\n|\n|t:|1700738171\n|move|p2a: Sneasler|Swords Dance|p2a: Sneasler\n|-boost|p2a: Sneasler|atk|2\n|move|p1a: Cresselia|Trick Room|p1a: Cresselia\n|-fieldstart|move: Trick Room|[of] p1a: Cresselia\n|\n|-damage|p1a: Cresselia|39\/100 psn|[from] psn\n|upkeep\n|turn|11\n|inactive|spylentgoat has 90 seconds left.\n|\n|t:|1700738179\n|move|p1a: Cresselia|Lunar Dance|p1a: Cresselia\n|faint|p1a: Cresselia\n|move|p2a: Sneasler|Acrobatics|p1: Cresselia|[notarget]\n|-fail|p2a: Sneasler\n|\n|upkeep\n|inactive|spylentgoat has 90 seconds left.\n|\n|t:|1700738186\n|switch|p1a: Crawdaunt|Crawdaunt, F, shiny|2\/100\n|-heal|p1a: Crawdaunt|100\/100|[from] move: Lunar Dance\n|turn|12\n|\n|t:|1700738190\n|move|p1a: Crawdaunt|Crabhammer|p2a: Sneasler\n|-damage|p2a: Sneasler|0 fnt\n|faint|p2a: Sneasler\n|-damage|p1a: Crawdaunt|90\/100|[from] item: Life Orb\n|\n|upkeep\n|\n|t:|1700738196\n|switch|p2a: petter|Galvantula, M|100\/100\n|turn|13\n|\n|t:|1700738207\n|move|p1a: Crawdaunt|Knock Off|p2a: petter\n|-enditem|p2a: petter|Focus Sash\n|-damage|p2a: petter|1\/100\n|-damage|p1a: Crawdaunt|80\/100|[from] item: Life Orb\n|move|p2a: petter|Thunder|p1a: Crawdaunt\n|-supereffective|p1a: Crawdaunt\n|-damage|p1a: Crawdaunt|0 fnt\n|faint|p1a: Crawdaunt\n|\n|upkeep\n|\n|t:|1700738213\n|switch|p1a: Porygon2|Porygon2|100\/100\n|-ability|p1a: Porygon2|Compound Eyes|[from] ability: Trace|[of] p2a: petter\n|turn|14\n|\n|t:|1700738223\n|move|p1a: Porygon2|Ice Beam|p2a: petter\n|-damage|p2a: petter|0 fnt\n|faint|p2a: petter\n|\n|-fieldend|move: Trick Room\n|upkeep\n|\n|t:|1700738227\n|switch|p2a: Lelet\u00edcia|Tapu Lele|100\/100\n|-fieldstart|move: Psychic Terrain|[from] ability: Psychic Surge|[of] p2a: Lelet\u00edcia\n|turn|15\n|\n|t:|1700738232\n|move|p2a: Lelet\u00edcia|Psyshock|p1a: Porygon2\n|-damage|p1a: Porygon2|75\/100\n|move|p1a: Porygon2|Trick Room|p1a: Porygon2\n|-fieldstart|move: Trick Room|[of] p1a: Porygon2\n|\n|upkeep\n|turn|16\n|c|\u2606leon lp|Gay Room:\n|-message|leon lp forfeited.\n|\n|win|spylentgoat\n|raw|spylentgoat's rating: 1354 &rarr; <strong>1370<\/strong><br \/>(+16 for winning)\n|raw|leon lp's rating: 1281 &rarr; <strong>1261<\/strong><br \/>(-20 for losing)\n|l|\u2606leon lp\n","uploadtime":1700738291,"views":6,"p1id":"spylentgoat","p2id":"leonlp","formatid":"gen9nationaldex","rating":1261,"private":0,"password":""}