{"id":"gen9nationaldex-1996667002","p1":"Ryan96t","p2":"Victim19","format":"[Gen 9] National Dex","log":"|html|<div class=\"broadcast-blue\"><strong>[Gen 9] National Dex is currently suspecting Sneasler! For information on how to participate check out the <a href=\"https:\/\/www.smogon.com\/forums\/threads\/sv-national-dex-suspect-8-just-dance.3731534\/\">suspect thread<\/a>.<\/strong><\/div>\n|j|\u2606Ryan96t\n|j|\u2606Victim19\n|t:|1700707222\n|gametype|singles\n|player|p1|Ryan96t|101|1216\n|player|p2|Victim19|riley|1257\n|teamsize|p1|4\n|teamsize|p2|6\n|gen|9\n|tier|[Gen 9] National Dex\n|rated|\n|rule|HP Percentage Mod: HP is shown in percentages\n|rule|Endless Battle Clause: Forcing endless battles is banned\n|rule|OHKO Clause: OHKO moves are banned\n|rule|Evasion Clause: Evasion abilities, items, and moves are banned\n|rule|Evasion Abilities Clause: Evasion abilities are banned\n|rule|Evasion Items Clause: Evasion items are banned\n|rule|Evasion Moves Clause: Evasion moves are banned\n|rule|Species Clause: Limit one of each Pok\u00e9mon\n|rule|Sleep Clause Mod: Limit one foe put to sleep\n|clearpoke\n|poke|p1|Comfey, F|\n|poke|p1|Rillaboom, M|\n|poke|p1|Espeon, F|\n|poke|p1|Ninetales-Alola, M|\n|poke|p2|Grimmsnarl, M|\n|poke|p2|Amoonguss, F|\n|poke|p2|Blaziken, M|\n|poke|p2|Polteageist|\n|poke|p2|Aggron, M|\n|poke|p2|Alakazam, F|\n|teampreview\n|inactive|Battle timer is ON: inactive players will automatically lose when time's up. (requested by Ryan96t)\n|\n|t:|1700707233\n|start\n|switch|p1a: Espeon|Espeon, F|100\/100\n|switch|p2a: Grimmsnarl|Grimmsnarl, M|100\/100\n|turn|1\n|\n|t:|1700707240\n|move|p2a: Grimmsnarl|Taunt|p1a: Espeon\n|move|p1a: Espeon|Taunt|p2a: Grimmsnarl|[from]ability: Magic Bounce\n|-start|p2a: Grimmsnarl|move: Taunt\n|move|p1a: Espeon|Light Screen|p1a: Espeon\n|-sidestart|p1: Ryan96t|move: Light Screen\n|\n|upkeep\n|turn|2\n|\n|t:|1700707252\n|switch|p2a: Amoonguss|Amoonguss, F|100\/100\n|move|p1a: Espeon|Reflect|p1a: Espeon\n|-sidestart|p1: Ryan96t|Reflect\n|\n|upkeep\n|turn|3\n|\n|t:|1700707260\n|switch|p1a: Ninetales|Ninetales-Alola, M|100\/100\n|-weather|Snow|[from] ability: Snow Warning|[of] p1a: Ninetales\n|move|p2a: Amoonguss|Sludge Bomb|p1a: Ninetales\n|-supereffective|p1a: Ninetales\n|-damage|p1a: Ninetales|69\/100\n|\n|-weather|Snow|[upkeep]\n|upkeep\n|turn|4\n|\n|t:|1700707271\n|move|p1a: Ninetales|Aurora Veil|p1a: Ninetales\n|-sidestart|p1: Ryan96t|move: Aurora Veil\n|move|p2a: Amoonguss|Spore|p1a: Ninetales\n|-status|p1a: Ninetales|slp|[from] move: Spore\n|\n|-weather|Snow|[upkeep]\n|upkeep\n|turn|5\n|\n|t:|1700707296\n|switch|p1a: Rillaboom|Rillaboom, M|100\/100\n|-fieldstart|move: Grassy Terrain|[from] ability: Grassy Surge|[of] p1a: Rillaboom\n|switch|p2a: Aggron|Aggron, M|100\/100\n|\n|-weather|Snow|[upkeep]\n|upkeep\n|turn|6\n|\n|t:|1700707306\n|detailschange|p2a: Aggron|Aggron-Mega, M\n|-mega|p2a: Aggron|Aggron|Aggronite\n|move|p1a: Rillaboom|Grassy Glide|p2a: Aggron\n|-resisted|p2a: Aggron\n|-damage|p2a: Aggron|94\/100\n|move|p2a: Aggron|Curse|p2a: Aggron\n|-unboost|p2a: Aggron|spe|1\n|-boost|p2a: Aggron|atk|1\n|-boost|p2a: Aggron|def|1\n|\n|-weather|Snow|[upkeep]\n|-heal|p2a: Aggron|99\/100|[from] Grassy Terrain\n|upkeep\n|turn|7\n|\n|t:|1700707320\n|switch|p1a: Comfey|Comfey, F|100\/100\n|-enditem|p1a: Comfey|Grassy Seed\n|-boost|p1a: Comfey|def|1|[from] item: Grassy Seed\n|move|p2a: Aggron|Curse|p2a: Aggron\n|-unboost|p2a: Aggron|spe|1\n|-boost|p2a: Aggron|atk|1\n|-boost|p2a: Aggron|def|1\n|\n|-weather|none\n|-heal|p2a: Aggron|100\/100|[from] Grassy Terrain\n|upkeep\n|turn|8\n|\n|t:|1700707334\n|-terastallize|p1a: Comfey|Steel\n|move|p1a: Comfey|Calm Mind|p1a: Comfey\n|-boost|p1a: Comfey|spa|1\n|-boost|p1a: Comfey|spd|1\n|move|p2a: Aggron|Earthquake|p1a: Comfey\n|-supereffective|p1a: Comfey\n|-damage|p1a: Comfey|78\/100\n|\n|-heal|p1a: Comfey|84\/100|[from] Grassy Terrain\n|-sideend|p1: Ryan96t|move: Light Screen\n|upkeep\n|turn|9\n|\n|t:|1700707352\n|move|p1a: Comfey|Calm Mind|p1a: Comfey\n|-boost|p1a: Comfey|spa|1\n|-boost|p1a: Comfey|spd|1\n|move|p2a: Aggron|Curse|p2a: Aggron\n|-unboost|p2a: Aggron|spe|1\n|-boost|p2a: Aggron|atk|1\n|-boost|p2a: Aggron|def|1\n|\n|-heal|p1a: Comfey|90\/100|[from] Grassy Terrain\n|-sideend|p1: Ryan96t|Reflect\n|-fieldend|move: Grassy Terrain\n|upkeep\n|turn|10\n|\n|t:|1700707365\n|move|p1a: Comfey|Calm Mind|p1a: Comfey\n|-boost|p1a: Comfey|spa|1\n|-boost|p1a: Comfey|spd|1\n|move|p2a: Aggron|Body Press|p1a: Comfey\n|-supereffective|p1a: Comfey\n|-damage|p1a: Comfey|0 fnt\n|faint|p1a: Comfey\n|\n|upkeep\n|-message|Ryan96t forfeited.\n|\n|win|Victim19\n|raw|Ryan96t's rating: 1216 &rarr; <strong>1194<\/strong><br \/>(-22 for losing)\n|raw|Victim19's rating: 1257 &rarr; <strong>1279<\/strong><br \/>(+22 for winning)\n|l|\u2606Ryan96t\n|c|\u2606Victim19|mampussss\n|l|\u2606Victim19\n|j|\u2606Victim19\n|player|p2|Victim19|riley\n","uploadtime":1700707412,"views":7,"p1id":"ryan96t","p2id":"victim19","formatid":"gen9nationaldex","rating":1194,"private":0,"password":""}