{"id":"gen9nationaldex-1991352122","p1":"losubaby","p2":"HackingIsBad122","format":"[Gen 9] National Dex","log":"|j|\u2606losubaby\n|j|\u2606HackingIsBad122\n|t:|1700069969\n|gametype|singles\n|player|p1|losubaby|iris-gen5bw2|1252\n|player|p2|HackingIsBad122|aetherfoundation|1329\n|teamsize|p1|6\n|teamsize|p2|6\n|gen|9\n|tier|[Gen 9] National Dex\n|rated|\n|rule|HP Percentage Mod: HP is shown in percentages\n|rule|Endless Battle Clause: Forcing endless battles is banned\n|rule|OHKO Clause: OHKO moves are banned\n|rule|Evasion Clause: Evasion abilities, items, and moves are banned\n|rule|Evasion Abilities Clause: Evasion abilities are banned\n|rule|Evasion Items Clause: Evasion items are banned\n|rule|Evasion Moves Clause: Evasion moves are banned\n|rule|Species Clause: Limit one of each Pok\u00e9mon\n|rule|Sleep Clause Mod: Limit one foe put to sleep\n|clearpoke\n|poke|p1|Sneasler, F|\n|poke|p1|Tapu Lele|\n|poke|p1|Chansey, F|\n|poke|p1|Alakazam, M|\n|poke|p1|Cinderace, M|\n|poke|p1|Latias, F|\n|poke|p2|Moltres|\n|poke|p2|Clodsire, M|\n|poke|p2|Hydreigon, M|\n|poke|p2|Scizor, M|\n|poke|p2|Lucario, M|\n|poke|p2|Zoroark-Hisui, M|\n|teampreview\n|inactive|Battle timer is ON: inactive players will automatically lose when time's up. (requested by losubaby)\n|c|\u2606HackingIsBad122|glhf\n|inactive|HackingIsBad122 has 120 seconds left.\n|\n|t:|1700070005\n|start\n|switch|p1a: Chansey|Chansey, F|100\/100\n|switch|p2a: Birb|Moltres|100\/100\n|turn|1\n|\n|t:|1700070018\n|switch|p2a: Scizor Hands|Scizor, M, shiny|100\/100\n|move|p1a: Chansey|Thunder Wave|p2a: Scizor Hands\n|-status|p2a: Scizor Hands|par\n|\n|upkeep\n|turn|2\n|\n|t:|1700070024\n|detailschange|p2a: Scizor Hands|Scizor-Mega, M, shiny\n|-mega|p2a: Scizor Hands|Scizor|Scizorite\n|move|p2a: Scizor Hands|Bug Bite|p1a: Chansey\n|-damage|p1a: Chansey|71\/100\n|move|p1a: Chansey|Counter|p2a: Scizor Hands\n|-damage|p2a: Scizor Hands|0 fnt\n|faint|p2a: Scizor Hands\n|\n|upkeep\n|\n|t:|1700070042\n|switch|p2a: Perfection|Clodsire, M|100\/100\n|turn|3\n|c|\u2606losubaby|glhf\n|\n|t:|1700070052\n|move|p2a: Perfection|Hyper Voice|p1a: Chansey\n|-crit|p1a: Chansey\n|-damage|p1a: Chansey|51\/100\n|-enditem|p2a: Perfection|Throat Spray\n|-boost|p2a: Perfection|spa|1|[from] item: Throat Spray\n|move|p1a: Chansey|Thunder Wave|p2a: Perfection\n|-status|p2a: Perfection|par\n|\n|upkeep\n|turn|4\n|\n|t:|1700070060\n|move|p2a: Perfection|Focus Blast|p1a: Chansey|[miss]\n|-miss|p2a: Perfection|p1a: Chansey\n|move|p1a: Chansey|Counter||[still]\n|-fail|p1a: Chansey\n|\n|upkeep\n|turn|5\n|\n|t:|1700070064\n|move|p2a: Perfection|Bitter Malice|p1a: Chansey\n|-immune|p1a: Chansey\n|move|p1a: Chansey|Counter||[still]\n|-fail|p1a: Chansey\n|\n|upkeep\n|turn|6\n|\n|t:|1700070069\n|move|p2a: Perfection|Focus Blast|p1a: Chansey|[miss]\n|-miss|p2a: Perfection|p1a: Chansey\n|move|p1a: Chansey|Soft-Boiled|p1a: Chansey\n|-heal|p1a: Chansey|100\/100\n|\n|upkeep\n|turn|7\n|\n|t:|1700070074\n|move|p2a: Perfection|Focus Blast|p1a: Chansey\n|-supereffective|p1a: Chansey\n|-damage|p1a: Chansey|61\/100\n|move|p1a: Chansey|Counter||[still]\n|-fail|p1a: Chansey\n|\n|upkeep\n|turn|8\n|\n|t:|1700070081\n|cant|p2a: Perfection|par\n|move|p1a: Chansey|Soft-Boiled|p1a: Chansey\n|-heal|p1a: Chansey|100\/100\n|\n|upkeep\n|turn|9\n|\n|t:|1700070085\n|move|p2a: Perfection|Focus Blast|p1a: Chansey\n|-supereffective|p1a: Chansey\n|-damage|p1a: Chansey|66\/100\n|move|p1a: Chansey|Teleport|p1a: Chansey\n|\n|t:|1700070091\n|switch|p1a: Tapu Lele|Tapu Lele|100\/100|[from] Teleport\n|-fieldstart|move: Psychic Terrain|[from] ability: Psychic Surge|[of] p1a: Tapu Lele\n|\n|upkeep\n|turn|10\n|\n|t:|1700070095\n|move|p1a: Tapu Lele|Psychic|p2a: Perfection\n|-damage|p2a: Perfection|0 fnt\n|replace|p2a: :3|Zoroark-Hisui, M, shiny\n|-end|p2a: :3|Illusion\n|faint|p2a: :3\n|\n|upkeep\n|\n|t:|1700070098\n|switch|p2a: Defying Gravity|Hydreigon, M, shiny|100\/100\n|turn|11\n|\n|t:|1700070103\n|move|p2a: Defying Gravity|Dark Pulse|p1a: Tapu Lele\n|-damage|p1a: Tapu Lele|54\/100\n|move|p1a: Tapu Lele|Moonblast|p2a: Defying Gravity\n|-supereffective|p2a: Defying Gravity\n|-damage|p2a: Defying Gravity|0 fnt\n|faint|p2a: Defying Gravity\n|\n|upkeep\n|-message|HackingIsBad122 forfeited.\n|\n|win|losubaby\n|raw|losubaby's rating: 1252 &rarr; <strong>1282<\/strong><br \/>(+30 for winning)\n|raw|HackingIsBad122's rating: 1329 &rarr; <strong>1305<\/strong><br \/>(-24 for losing)\n|l|\u2606HackingIsBad122\n","uploadtime":1700070120,"views":4,"p1id":"losubaby","p2id":"hackingisbad122","formatid":"gen9nationaldex","rating":1282,"private":0,"password":""}