{"id":"gen9nationaldex-1998876285","p1":"Carlos Wagner","p2":"lawrenceyu","format":"[Gen 9] National Dex","log":"|html|<div class=\"broadcast-blue\"><strong>[Gen 9] National Dex is currently suspecting Sneasler! For information on how to participate check out the <a href=\"https:\/\/www.smogon.com\/forums\/threads\/sv-national-dex-suspect-8-just-dance.3731534\/\">suspect thread<\/a>.<\/strong><\/div>\n|j|\u2606Carlos Wagner\n|j|\u2606lawrenceyu\n|t:|1701007147\n|gametype|singles\n|player|p1|Carlos Wagner|102|1464\n|player|p2|lawrenceyu|1|1588\n|teamsize|p1|6\n|teamsize|p2|6\n|gen|9\n|tier|[Gen 9] National Dex\n|rated|\n|rule|HP Percentage Mod: HP is shown in percentages\n|rule|Endless Battle Clause: Forcing endless battles is banned\n|rule|OHKO Clause: OHKO moves are banned\n|rule|Evasion Clause: Evasion abilities, items, and moves are banned\n|rule|Evasion Abilities Clause: Evasion abilities are banned\n|rule|Evasion Items Clause: Evasion items are banned\n|rule|Evasion Moves Clause: Evasion moves are banned\n|rule|Species Clause: Limit one of each Pok\u00e9mon\n|rule|Sleep Clause Mod: Limit one foe put to sleep\n|clearpoke\n|poke|p1|Weavile, M|\n|poke|p1|Volcarona, F|\n|poke|p1|Gliscor, F|\n|poke|p1|Diancie|\n|poke|p1|Ferrothorn, M|\n|poke|p1|Urshifu-*, M|\n|poke|p2|Toxapex, M|\n|poke|p2|Sirfetch\u2019d, M|\n|poke|p2|Tapu Lele|\n|poke|p2|Ferrothorn, M|\n|poke|p2|Landorus-Therian, M|\n|poke|p2|Diancie|\n|teampreview\n|inactive|Battle timer is ON: inactive players will automatically lose when time's up. (requested by lawrenceyu)\n|\n|t:|1701007163\n|start\n|switch|p1a: Volcarona|Volcarona, F|100\/100\n|switch|p2a: Sirfetch\u2019d|Sirfetch\u2019d, M|100\/100\n|turn|1\n|\n|t:|1701007169\n|switch|p1a: Gliscor|Gliscor, F|100\/100\n|move|p2a: Sirfetch\u2019d|Knock Off|p1a: Gliscor\n|-damage|p1a: Gliscor|69\/100\n|-enditem|p1a: Gliscor|Toxic Orb|[from] move: Knock Off|[of] p2a: Sirfetch\u2019d\n|\n|upkeep\n|turn|2\n|\n|t:|1701007178\n|switch|p2a: Ferrothorn|Ferrothorn, M|100\/100\n|move|p1a: Gliscor|Spikes|p2a: Ferrothorn\n|-sidestart|p2: lawrenceyu|Spikes\n|\n|upkeep\n|turn|3\n|\n|t:|1701007188\n|switch|p2a: Landorus|Landorus-Therian, M|100\/100\n|-ability|p2a: Landorus|Intimidate|boost\n|-unboost|p1a: Gliscor|atk|1\n|move|p1a: Gliscor|U-turn|p2a: Landorus\n|-resisted|p2a: Landorus\n|-damage|p2a: Landorus|95\/100\n|\n|t:|1701007192\n|switch|p1a: Urshifu|Urshifu-Rapid-Strike, M|100\/100|[from] U-turn\n|\n|upkeep\n|turn|4\n|\n|t:|1701007198\n|switch|p2a: Toxapex|Toxapex, M|100\/100\n|-damage|p2a: Toxapex|88\/100|[from] Spikes\n|move|p1a: Urshifu|Surging Strikes|p2a: Toxapex\n|-resisted|p2a: Toxapex\n|-crit|p2a: Toxapex\n|-damage|p2a: Toxapex|81\/100\n|-resisted|p2a: Toxapex\n|-crit|p2a: Toxapex\n|-damage|p2a: Toxapex|74\/100\n|-resisted|p2a: Toxapex\n|-crit|p2a: Toxapex\n|-damage|p2a: Toxapex|66\/100\n|-hitcount|p2a: Toxapex|3\n|\n|upkeep\n|turn|5\n|\n|t:|1701007218\n|switch|p2a: Landorus|Landorus-Therian, M|95\/100\n|-ability|p2a: Landorus|Intimidate|boost\n|-unboost|p1a: Urshifu|atk|1\n|move|p1a: Urshifu|Thunder Punch|p2a: Landorus\n|-immune|p2a: Landorus\n|\n|upkeep\n|turn|6\n|\n|t:|1701007225\n|switch|p2a: Toxapex|Toxapex, M|99\/100\n|-damage|p2a: Toxapex|87\/100|[from] Spikes\n|move|p1a: Urshifu|Surging Strikes|p2a: Toxapex\n|-resisted|p2a: Toxapex\n|-crit|p2a: Toxapex\n|-damage|p2a: Toxapex|80\/100\n|-resisted|p2a: Toxapex\n|-crit|p2a: Toxapex\n|-damage|p2a: Toxapex|73\/100\n|-resisted|p2a: Toxapex\n|-crit|p2a: Toxapex\n|-damage|p2a: Toxapex|66\/100\n|-hitcount|p2a: Toxapex|3\n|\n|upkeep\n|turn|7\n|\n|t:|1701007237\n|move|p1a: Urshifu|U-turn|p2a: Toxapex\n|-resisted|p2a: Toxapex\n|-damage|p2a: Toxapex|61\/100\n|-damage|p1a: Urshifu|84\/100|[from] item: Rocky Helmet|[of] p2a: Toxapex\n|\n|t:|1701007241\n|switch|p1a: Ferrothorn|Ferrothorn, M|100\/100|[from] U-turn\n|move|p2a: Toxapex|Toxic|p1a: Ferrothorn\n|-immune|p1a: Ferrothorn\n|\n|upkeep\n|turn|8\n|\n|t:|1701007247\n|switch|p2a: Landorus|Landorus-Therian, M|95\/100\n|-ability|p2a: Landorus|Intimidate|boost\n|-unboost|p1a: Ferrothorn|atk|1\n|move|p1a: Ferrothorn|Stealth Rock|p2a: Landorus\n|-sidestart|p2: lawrenceyu|move: Stealth Rock\n|\n|upkeep\n|turn|9\n|\n|t:|1701007261\n|move|p2a: Landorus|Defog|p1a: Ferrothorn\n|-unboost|p1a: Ferrothorn|evasion|1\n|-sideend|p2: lawrenceyu|Spikes|[from] move: Defog|[of] p2a: Landorus\n|-sideend|p2: lawrenceyu|Stealth Rock|[from] move: Defog|[of] p2a: Landorus\n|move|p1a: Ferrothorn|Knock Off|p2a: Landorus\n|-damage|p2a: Landorus|85\/100\n|\n|upkeep\n|turn|10\n|\n|t:|1701007267\n|move|p2a: Landorus|Earthquake|p1a: Ferrothorn\n|-damage|p1a: Ferrothorn|62\/100\n|move|p1a: Ferrothorn|Stealth Rock|p2a: Landorus\n|-sidestart|p2: lawrenceyu|move: Stealth Rock\n|\n|-heal|p1a: Ferrothorn|68\/100|[from] item: Leftovers\n|upkeep\n|turn|11\n|\n|t:|1701007273\n|move|p2a: Landorus|Defog|p1a: Ferrothorn\n|-unboost|p1a: Ferrothorn|evasion|1\n|-sideend|p2: lawrenceyu|Stealth Rock|[from] move: Defog|[of] p2a: Landorus\n|move|p1a: Ferrothorn|Leech Seed|p2a: Landorus\n|-start|p2a: Landorus|move: Leech Seed\n|\n|-heal|p1a: Ferrothorn|75\/100|[from] item: Leftovers\n|-damage|p2a: Landorus|72\/100|[from] Leech Seed|[of] p1a: Ferrothorn\n|-heal|p1a: Ferrothorn|86\/100|[silent]\n|upkeep\n|turn|12\n|j| naikui\n|\n|t:|1701007287\n|switch|p2a: Sirfetch\u2019d|Sirfetch\u2019d, M|100\/100\n|move|p1a: Ferrothorn|Stealth Rock|p2a: Sirfetch\u2019d\n|-sidestart|p2: lawrenceyu|move: Stealth Rock\n|\n|-heal|p1a: Ferrothorn|93\/100|[from] item: Leftovers\n|upkeep\n|turn|13\n|\n|t:|1701007293\n|switch|p1a: Gliscor|Gliscor, F|69\/100\n|move|p2a: Sirfetch\u2019d|Close Combat|p1a: Gliscor\n|-resisted|p1a: Gliscor\n|-damage|p1a: Gliscor|44\/100\n|-unboost|p2a: Sirfetch\u2019d|def|1\n|-unboost|p2a: Sirfetch\u2019d|spd|1\n|\n|upkeep\n|turn|14\n|\n|t:|1701007311\n|switch|p2a: Landorus|Landorus-Therian, M|72\/100\n|-damage|p2a: Landorus|60\/100|[from] Stealth Rock\n|-ability|p2a: Landorus|Intimidate|boost\n|-unboost|p1a: Gliscor|atk|1\n|move|p1a: Gliscor|Spikes|p2a: Landorus\n|-sidestart|p2: lawrenceyu|Spikes\n|\n|upkeep\n|turn|15\n|\n|t:|1701007318\n|switch|p1a: Weavile|Weavile, M|100\/100\n|-ability|p1a: Weavile|Pressure\n|move|p2a: Landorus|Defog|p1a: Weavile\n|-unboost|p1a: Weavile|evasion|1\n|-sideend|p2: lawrenceyu|Spikes|[from] move: Defog|[of] p2a: Landorus\n|-sideend|p2: lawrenceyu|Stealth Rock|[from] move: Defog|[of] p2a: Landorus\n|\n|upkeep\n|turn|16\n|\n|t:|1701007345\n|switch|p2a: Toxapex|Toxapex, M|94\/100\n|move|p1a: Weavile|Knock Off|p2a: Toxapex\n|-damage|p2a: Toxapex|64\/100\n|-damage|p1a: Weavile|84\/100|[from] item: Rocky Helmet|[of] p2a: Toxapex\n|-enditem|p2a: Toxapex|Rocky Helmet|[from] move: Knock Off|[of] p1a: Weavile\n|\n|upkeep\n|turn|17\n|\n|t:|1701007352\n|switch|p1a: Gliscor|Gliscor, F|44\/100\n|move|p2a: Toxapex|Scald|p1a: Gliscor\n|-supereffective|p1a: Gliscor\n|-damage|p1a: Gliscor|18\/100\n|-status|p1a: Gliscor|brn\n|\n|-damage|p1a: Gliscor|12\/100 brn|[from] brn\n|upkeep\n|turn|18\n|\n|t:|1701007361\n|switch|p2a: Landorus|Landorus-Therian, M|60\/100\n|-ability|p2a: Landorus|Intimidate|boost\n|-unboost|p1a: Gliscor|atk|1\n|move|p1a: Gliscor|Spikes|p2a: Landorus\n|-sidestart|p2: lawrenceyu|Spikes\n|\n|-damage|p1a: Gliscor|6\/100 brn|[from] brn\n|upkeep\n|turn|19\n|\n|t:|1701007368\n|move|p2a: Landorus|Defog|p1a: Gliscor\n|-unboost|p1a: Gliscor|evasion|1\n|-sideend|p2: lawrenceyu|Spikes|[from] move: Defog|[of] p2a: Landorus\n|move|p1a: Gliscor|Roost|p1a: Gliscor\n|-heal|p1a: Gliscor|56\/100 brn\n|-singleturn|p1a: Gliscor|move: Roost\n|\n|-damage|p1a: Gliscor|49\/100 brn|[from] brn\n|upkeep\n|turn|20\n|\n|t:|1701007377\n|move|p2a: Landorus|Stone Edge|p1a: Gliscor\n|-damage|p1a: Gliscor|16\/100 brn\n|move|p1a: Gliscor|Spikes|p2a: Landorus\n|-sidestart|p2: lawrenceyu|Spikes\n|\n|-damage|p1a: Gliscor|9\/100 brn|[from] brn\n|upkeep\n|turn|21\n|\n|t:|1701007399\n|move|p2a: Landorus|Defog|p1a: Gliscor\n|-unboost|p1a: Gliscor|evasion|1\n|-sideend|p2: lawrenceyu|Spikes|[from] move: Defog|[of] p2a: Landorus\n|move|p1a: Gliscor|Spikes|p2a: Landorus\n|-sidestart|p2: lawrenceyu|Spikes\n|\n|-damage|p1a: Gliscor|3\/100 brn|[from] brn\n|upkeep\n|turn|22\n|\n|t:|1701007406\n|move|p2a: Landorus|Defog|p1a: Gliscor\n|-unboost|p1a: Gliscor|evasion|1\n|-sideend|p2: lawrenceyu|Spikes|[from] move: Defog|[of] p2a: Landorus\n|move|p1a: Gliscor|Roost|p1a: Gliscor\n|-heal|p1a: Gliscor|53\/100 brn\n|-singleturn|p1a: Gliscor|move: Roost\n|\n|-damage|p1a: Gliscor|47\/100 brn|[from] brn\n|upkeep\n|turn|23\n|\n|t:|1701007414\n|move|p2a: Landorus|Stone Edge|p1a: Gliscor\n|-damage|p1a: Gliscor|16\/100 brn\n|move|p1a: Gliscor|Spikes|p2a: Landorus\n|-sidestart|p2: lawrenceyu|Spikes\n|\n|-damage|p1a: Gliscor|9\/100 brn|[from] brn\n|upkeep\n|turn|24\n|\n|t:|1701007421\n|move|p2a: Landorus|Defog|p1a: Gliscor\n|-unboost|p1a: Gliscor|evasion|1\n|-sideend|p2: lawrenceyu|Spikes|[from] move: Defog|[of] p2a: Landorus\n|move|p1a: Gliscor|Roost|p1a: Gliscor\n|-heal|p1a: Gliscor|59\/100 brn\n|-singleturn|p1a: Gliscor|move: Roost\n|\n|-damage|p1a: Gliscor|53\/100 brn|[from] brn\n|upkeep\n|turn|25\n|\n|t:|1701007435\n|move|p2a: Landorus|Stone Edge|p1a: Gliscor\n|-damage|p1a: Gliscor|20\/100 brn\n|move|p1a: Gliscor|Spikes|p2a: Landorus\n|-sidestart|p2: lawrenceyu|Spikes\n|\n|-damage|p1a: Gliscor|14\/100 brn|[from] brn\n|upkeep\n|turn|26\n|\n|t:|1701007449\n|switch|p1a: Diancie|Diancie|100\/100\n|move|p2a: Landorus|Stone Edge|p1a: Diancie\n|-damage|p1a: Diancie|60\/100\n|\n|upkeep\n|turn|27\n|\n|t:|1701007459\n|switch|p2a: Toxapex|Toxapex, M|97\/100\n|-damage|p2a: Toxapex|85\/100|[from] Spikes\n|detailschange|p1a: Diancie|Diancie-Mega\n|-mega|p1a: Diancie|Diancie|Diancite\n|move|p1a: Diancie|Moonblast|p2a: Toxapex\n|-resisted|p2a: Toxapex\n|-damage|p2a: Toxapex|62\/100\n|\n|upkeep\n|turn|28\n|\n|t:|1701007475\n|move|p1a: Diancie|Earth Power|p2a: Toxapex\n|-supereffective|p2a: Toxapex\n|-damage|p2a: Toxapex|0 fnt\n|faint|p2a: Toxapex\n|\n|upkeep\n|\n|t:|1701007481\n|switch|p2a: Tapu Lele|Tapu Lele|100\/100\n|-damage|p2a: Tapu Lele|88\/100|[from] Spikes\n|-fieldstart|move: Psychic Terrain|[from] ability: Psychic Surge|[of] p2a: Tapu Lele\n|turn|29\n|\n|t:|1701007492\n|switch|p2a: Landorus|Landorus-Therian, M|60\/100\n|-ability|p2a: Landorus|Intimidate|boost\n|-unboost|p1a: Diancie|atk|1\n|switch|p1a: Ferrothorn|Ferrothorn, M|93\/100\n|\n|-heal|p1a: Ferrothorn|99\/100|[from] item: Leftovers\n|upkeep\n|turn|30\n|\n|t:|1701007500\n|move|p2a: Landorus|Defog|p1a: Ferrothorn\n|-unboost|p1a: Ferrothorn|evasion|1\n|-sideend|p2: lawrenceyu|Spikes|[from] move: Defog|[of] p2a: Landorus\n|-fieldend|move: Psychic Terrain\n|move|p1a: Ferrothorn|Leech Seed|p2a: Landorus|[miss]\n|-miss|p1a: Ferrothorn|p2a: Landorus\n|\n|-heal|p1a: Ferrothorn|100\/100|[from] item: Leftovers\n|upkeep\n|turn|31\n|\n|t:|1701007510\n|switch|p2a: Diancie|Diancie|100\/100\n|move|p1a: Ferrothorn|Stealth Rock|p2a: Diancie\n|-sidestart|p2: lawrenceyu|move: Stealth Rock\n|\n|upkeep\n|turn|32\n|\n|t:|1701007516\n|detailschange|p2a: Diancie|Diancie-Mega\n|-mega|p2a: Diancie|Diancie|Diancite\n|move|p2a: Diancie|Mystical Fire|p1a: Ferrothorn\n|-supereffective|p1a: Ferrothorn\n|-damage|p1a: Ferrothorn|8\/100\n|-unboost|p1a: Ferrothorn|spa|1\n|move|p1a: Ferrothorn|Gyro Ball|p2a: Diancie\n|-supereffective|p2a: Diancie\n|-damage|p2a: Diancie|0 fnt\n|faint|p2a: Diancie\n|\n|-heal|p1a: Ferrothorn|15\/100|[from] item: Leftovers\n|upkeep\n|\n|t:|1701007527\n|switch|p2a: Tapu Lele|Tapu Lele|88\/100\n|-damage|p2a: Tapu Lele|76\/100|[from] Stealth Rock\n|-fieldstart|move: Psychic Terrain|[from] ability: Psychic Surge|[of] p2a: Tapu Lele\n|turn|33\n|\n|t:|1701007549\n|move|p2a: Tapu Lele|Moonblast|p1a: Ferrothorn\n|-resisted|p1a: Ferrothorn\n|-damage|p1a: Ferrothorn|0 fnt\n|faint|p1a: Ferrothorn\n|\n|upkeep\n|\n|t:|1701007552\n|switch|p1a: Diancie|Diancie-Mega|60\/100\n|turn|34\n|\n|t:|1701007557\n|move|p2a: Tapu Lele|Moonblast|p1a: Diancie\n|-damage|p1a: Diancie|0 fnt\n|faint|p1a: Diancie\n|\n|upkeep\n|\n|t:|1701007564\n|switch|p1a: Volcarona|Volcarona, F|100\/100\n|turn|35\n|\n|t:|1701007571\n|switch|p2a: Landorus|Landorus-Therian, M|60\/100\n|-damage|p2a: Landorus|48\/100|[from] Stealth Rock\n|-ability|p2a: Landorus|Intimidate|boost\n|-unboost|p1a: Volcarona|atk|1\n|move|p1a: Volcarona|Quiver Dance|p1a: Volcarona\n|-boost|p1a: Volcarona|spa|1\n|-boost|p1a: Volcarona|spd|1\n|-boost|p1a: Volcarona|spe|1\n|\n|upkeep\n|turn|36\n|\n|t:|1701007580\n|move|p1a: Volcarona|Flamethrower|p2a: Landorus\n|-damage|p2a: Landorus|0 fnt\n|faint|p2a: Landorus\n|\n|upkeep\n|\n|t:|1701007585\n|switch|p2a: Tapu Lele|Tapu Lele|76\/100\n|-damage|p2a: Tapu Lele|63\/100|[from] Stealth Rock\n|turn|37\n|\n|t:|1701007589\n|-terastallize|p2a: Tapu Lele|Psychic\n|move|p2a: Tapu Lele|Psyshock|p1a: Volcarona\n|-damage|p1a: Volcarona|0 fnt\n|faint|p1a: Volcarona\n|\n|-fieldend|move: Psychic Terrain\n|upkeep\n|\n|t:|1701007593\n|switch|p1a: Weavile|Weavile, M|84\/100\n|-ability|p1a: Weavile|Pressure\n|turn|38\n|\n|t:|1701007600\n|switch|p2a: Ferrothorn|Ferrothorn, M|100\/100\n|-damage|p2a: Ferrothorn|94\/100|[from] Stealth Rock\n|move|p1a: Weavile|Swords Dance|p1a: Weavile\n|-boost|p1a: Weavile|atk|2\n|\n|-heal|p2a: Ferrothorn|100\/100|[from] item: Leftovers\n|upkeep\n|turn|39\n|\n|t:|1701007607\n|-terastallize|p1a: Weavile|Ice\n|move|p1a: Weavile|Triple Axel|p2a: Ferrothorn\n|-damage|p2a: Ferrothorn|79\/100\n|-damage|p1a: Weavile|72\/100|[from] ability: Iron Barbs|[of] p2a: Ferrothorn\n|-damage|p2a: Ferrothorn|37\/100\n|-damage|p1a: Weavile|59\/100|[from] ability: Iron Barbs|[of] p2a: Ferrothorn\n|-damage|p2a: Ferrothorn|0 fnt\n|-damage|p1a: Weavile|47\/100|[from] ability: Iron Barbs|[of] p2a: Ferrothorn\n|faint|p2a: Ferrothorn\n|-hitcount|p2: Ferrothorn|3\n|\n|upkeep\n|c|\u2606Carlos Wagner|modest volc\n|c|\u2606Carlos Wagner|im dumb\n|\n|t:|1701007623\n|switch|p2a: Tapu Lele|Tapu Lele, tera:Psychic|63\/100\n|-damage|p2a: Tapu Lele|51\/100|[from] Stealth Rock\n|-fieldstart|move: Psychic Terrain|[from] ability: Psychic Surge|[of] p2a: Tapu Lele\n|turn|40\n|-message|Carlos Wagner forfeited.\n|\n|win|lawrenceyu\n|raw|Carlos Wagner's rating: 1464 &rarr; <strong>1451<\/strong><br \/>(-13 for losing)\n|raw|lawrenceyu's rating: 1588 &rarr; <strong>1601<\/strong><br \/>(+13 for winning)\n|l|\u2606Carlos Wagner\n","uploadtime":1701007635,"views":2,"p1id":"carloswagner","p2id":"lawrenceyu","formatid":"gen9nationaldex","rating":1451,"private":0,"password":""}