{"id":"gen9nationaldex-1994556782","p1":"PANDODEEEEZ","p2":"Poopinho","format":"[Gen 9] National Dex","log":"|html|<div class=\"broadcast-blue\"><strong>[Gen 9] National Dex is currently suspecting Sneasler! For information on how to participate check out the <a href=\"https:\/\/www.smogon.com\/forums\/threads\/sv-national-dex-suspect-8-just-dance.3731534\/\">suspect thread<\/a>.<\/strong><\/div>\n|j|\u203dPANDODEEEEZ\n|j|\u2606Poopinho\n|t:|1700459373\n|gametype|singles\n|player|p1|PANDODEEEEZ|chef|1086\n|player|p2|Poopinho|dancer|1009\n|teamsize|p1|6\n|teamsize|p2|6\n|gen|9\n|tier|[Gen 9] National Dex\n|rated|\n|rule|HP Percentage Mod: HP is shown in percentages\n|rule|Endless Battle Clause: Forcing endless battles is banned\n|rule|OHKO Clause: OHKO moves are banned\n|rule|Evasion Clause: Evasion abilities, items, and moves are banned\n|rule|Evasion Abilities Clause: Evasion abilities are banned\n|rule|Evasion Items Clause: Evasion items are banned\n|rule|Evasion Moves Clause: Evasion moves are banned\n|rule|Species Clause: Limit one of each Pok\u00e9mon\n|rule|Sleep Clause Mod: Limit one foe put to sleep\n|clearpoke\n|poke|p1|Crabominable, M|\n|poke|p1|Pinsir, F|\n|poke|p1|Alakazam, M|\n|poke|p1|Tyranitar, M|\n|poke|p1|Sinistcha|\n|poke|p1|Arcanine-Hisui, M|\n|poke|p2|Whimsicott, F|\n|poke|p2|Yanmega, F|\n|poke|p2|Volcarona, F|\n|poke|p2|Salamence, M|\n|poke|p2|Gliscor, F|\n|poke|p2|Gigalith, F|\n|teampreview\n|inactive|Battle timer is ON: inactive players will automatically lose when time's up. (requested by PANDODEEEEZ)\n|\n|t:|1700459391\n|start\n|switch|p1a: Crabominable|Crabominable, M|100\/100\n|switch|p2a: Yanmega|Yanmega, F, shiny|100\/100\n|turn|1\n|\n|t:|1700459401\n|move|p2a: Yanmega|Protect|p2a: Yanmega\n|-singleturn|p2a: Yanmega|Protect\n|move|p1a: Crabominable|Ice Hammer|p2a: Yanmega\n|-activate|p2a: Yanmega|move: Protect\n|\n|-ability|p2a: Yanmega|Speed Boost|boost\n|-boost|p2a: Yanmega|spe|1\n|upkeep\n|turn|2\n|\n|t:|1700459413\n|move|p2a: Yanmega|Air Slash|p1a: Crabominable\n|-supereffective|p1a: Crabominable\n|-damage|p1a: Crabominable|0 fnt\n|faint|p1a: Crabominable\n|-damage|p2a: Yanmega|91\/100|[from] item: Life Orb\n|\n|-ability|p2a: Yanmega|Speed Boost|boost\n|-boost|p2a: Yanmega|spe|1\n|upkeep\n|\n|t:|1700459421\n|switch|p1a: Tyranitar|Tyranitar, M|100\/100\n|-weather|Sandstorm|[from] ability: Sand Stream|[of] p1a: Tyranitar\n|turn|3\n|\n|t:|1700459428\n|move|p2a: Yanmega|Protect|p2a: Yanmega\n|-singleturn|p2a: Yanmega|Protect\n|move|p1a: Tyranitar|Stealth Rock|p2a: Yanmega\n|-sidestart|p2: Poopinho|move: Stealth Rock\n|\n|-weather|Sandstorm|[upkeep]\n|-damage|p2a: Yanmega|85\/100|[from] Sandstorm\n|-ability|p2a: Yanmega|Speed Boost|boost\n|-boost|p2a: Yanmega|spe|1\n|upkeep\n|turn|4\n|\n|t:|1700459437\n|-terastallize|p2a: Yanmega|Grass\n|move|p2a: Yanmega|Ancient Power|p1a: Tyranitar\n|-damage|p1a: Tyranitar|88\/100\n|-damage|p2a: Yanmega|75\/100|[from] item: Life Orb\n|move|p1a: Tyranitar|Pursuit|p2a: Yanmega\n|-damage|p2a: Yanmega|52\/100\n|\n|-weather|Sandstorm|[upkeep]\n|-damage|p2a: Yanmega|46\/100|[from] Sandstorm\n|-heal|p1a: Tyranitar|94\/100|[from] item: Leftovers\n|-ability|p2a: Yanmega|Speed Boost|boost\n|-boost|p2a: Yanmega|spe|1\n|upkeep\n|turn|5\n|\n|t:|1700459451\n|move|p2a: Yanmega|Roost|p2a: Yanmega\n|-heal|p2a: Yanmega|96\/100\n|move|p1a: Tyranitar|Toxic|p2a: Yanmega\n|-status|p2a: Yanmega|tox\n|\n|-weather|Sandstorm|[upkeep]\n|-damage|p2a: Yanmega|90\/100 tox|[from] Sandstorm\n|-heal|p1a: Tyranitar|99\/100|[from] item: Leftovers\n|-damage|p2a: Yanmega|84\/100 tox|[from] psn\n|-ability|p2a: Yanmega|Speed Boost|boost\n|-boost|p2a: Yanmega|spe|1\n|upkeep\n|turn|6\n|\n|t:|1700459459\n|switch|p1a: Sinistcha|Sinistcha|100\/100\n|move|p2a: Yanmega|Ancient Power|p1a: Sinistcha\n|-damage|p1a: Sinistcha|68\/100\n|-damage|p2a: Yanmega|74\/100 tox|[from] item: Life Orb\n|\n|-weather|Sandstorm|[upkeep]\n|-damage|p2a: Yanmega|68\/100 tox|[from] Sandstorm\n|-damage|p1a: Sinistcha|62\/100|[from] Sandstorm\n|-heal|p1a: Sinistcha|68\/100|[from] item: Leftovers\n|-damage|p2a: Yanmega|56\/100 tox|[from] psn\n|-ability|p2a: Yanmega|Speed Boost|boost\n|-boost|p2a: Yanmega|spe|1\n|upkeep\n|turn|7\n|\n|t:|1700459467\n|switch|p1a: Tyranitar|Tyranitar, M|99\/100\n|move|p2a: Yanmega|Air Slash|p1a: Tyranitar\n|-resisted|p1a: Tyranitar\n|-damage|p1a: Tyranitar|90\/100\n|-damage|p2a: Yanmega|46\/100 tox|[from] item: Life Orb\n|\n|-weather|none\n|-heal|p1a: Tyranitar|96\/100|[from] item: Leftovers\n|-damage|p2a: Yanmega|28\/100 tox|[from] psn\n|upkeep\n|turn|8\n|\n|t:|1700459474\n|move|p2a: Yanmega|Roost|p2a: Yanmega\n|-heal|p2a: Yanmega|78\/100 tox\n|move|p1a: Tyranitar|Pursuit|p2a: Yanmega\n|-damage|p2a: Yanmega|57\/100 tox\n|\n|-heal|p1a: Tyranitar|100\/100|[from] item: Leftovers\n|-damage|p2a: Yanmega|33\/100 tox|[from] psn\n|upkeep\n|turn|9\n|inactive|PANDODEEEEZ has 120 seconds left.\n|inactive|PANDODEEEEZ has 90 seconds left.\n|inactive|PANDODEEEEZ has 60 seconds left.\n|\n|t:|1700459588\n|move|p2a: Yanmega|Air Slash|p1a: Tyranitar\n|-resisted|p1a: Tyranitar\n|-damage|p1a: Tyranitar|86\/100\n|-damage|p2a: Yanmega|23\/100 tox|[from] item: Life Orb\n|cant|p1a: Tyranitar|flinch\n|\n|-heal|p1a: Tyranitar|92\/100|[from] item: Leftovers\n|-damage|p2a: Yanmega|0 fnt|[from] psn\n|faint|p2a: Yanmega\n|upkeep\n|\n|t:|1700459610\n|switch|p2a: Salamence|Salamence, M|100\/100\n|-damage|p2a: Salamence|75\/100|[from] Stealth Rock\n|-ability|p2a: Salamence|Intimidate|boost\n|-unboost|p1a: Tyranitar|atk|1\n|turn|10\n|\n|t:|1700459632\n|move|p2a: Salamence|Iron Head|p1a: Tyranitar\n|-supereffective|p1a: Tyranitar\n|-damage|p1a: Tyranitar|47\/100\n|cant|p1a: Tyranitar|flinch\n|\n|-heal|p1a: Tyranitar|53\/100|[from] item: Leftovers\n|upkeep\n|turn|11\n|\n|t:|1700459640\n|switch|p1a: Arcanine|Arcanine-Hisui, M|100\/100\n|move|p2a: Salamence|Iron Head|p1a: Arcanine\n|-damage|p1a: Arcanine|68\/100\n|\n|upkeep\n|turn|12\n|\n|t:|1700459654\n|move|p1a: Arcanine|Head Smash|p2a: Salamence\n|-supereffective|p2a: Salamence\n|-damage|p2a: Salamence|0 fnt\n|faint|p2a: Salamence\n|\n|upkeep\n|\n|t:|1700459661\n|switch|p2a: Whimsicott|Whimsicott, F, shiny|100\/100\n|-damage|p2a: Whimsicott|88\/100|[from] Stealth Rock\n|turn|13\n|\n|t:|1700459673\n|move|p2a: Whimsicott|Toxic|p1a: Arcanine\n|-status|p1a: Arcanine|tox\n|move|p1a: Arcanine|Head Smash|p2a: Whimsicott|[miss]\n|-miss|p1a: Arcanine|p2a: Whimsicott\n|\n|-damage|p1a: Arcanine|62\/100 tox|[from] psn\n|upkeep\n|turn|14\n|\n|t:|1700459682\n|move|p2a: Whimsicott|Cotton Guard|p2a: Whimsicott\n|-boost|p2a: Whimsicott|def|3\n|move|p1a: Arcanine|Head Smash|p2a: Whimsicott\n|-damage|p2a: Whimsicott|48\/100\n|\n|-damage|p1a: Arcanine|49\/100 tox|[from] psn\n|upkeep\n|turn|15\n|inactive|PANDODEEEEZ has 60 seconds left.\n|\n|t:|1700459692\n|switch|p1a: Alakazam|Alakazam, M|100\/100\n|move|p2a: Whimsicott|Cotton Guard|p2a: Whimsicott\n|-boost|p2a: Whimsicott|def|3\n|\n|upkeep\n|turn|16\n|\n|t:|1700459700\n|move|p2a: Whimsicott|Taunt|p1a: Alakazam\n|-start|p1a: Alakazam|move: Taunt\n|cant|p1a: Alakazam|move: Taunt|Nasty Plot\n|\n|upkeep\n|turn|17\n|\n|t:|1700459705\n|move|p2a: Whimsicott|Cotton Spore|p1a: Alakazam\n|-unboost|p1a: Alakazam|spe|2\n|move|p1a: Alakazam|Psychic|p2a: Whimsicott\n|-damage|p2a: Whimsicott|0 fnt\n|faint|p2a: Whimsicott\n|\n|upkeep\n|\n|t:|1700459713\n|switch|p2a: Volcarona|Volcarona, F|100\/100\n|turn|18\n|\n|t:|1700459718\n|move|p2a: Volcarona|Bug Buzz|p1a: Alakazam\n|-supereffective|p1a: Alakazam\n|-damage|p1a: Alakazam|0 fnt\n|faint|p1a: Alakazam\n|\n|upkeep\n|\n|t:|1700459723\n|switch|p1a: Arcanine|Arcanine-Hisui, M|49\/100 tox\n|turn|19\n|\n|t:|1700459729\n|switch|p2a: Gigalith|Gigalith, F|100\/100\n|-damage|p2a: Gigalith|88\/100|[from] Stealth Rock\n|-weather|Sandstorm|[from] ability: Sand Stream|[of] p2a: Gigalith\n|move|p1a: Arcanine|Head Smash|p2a: Gigalith|[miss]\n|-miss|p1a: Arcanine|p2a: Gigalith\n|\n|-weather|Sandstorm|[upkeep]\n|-damage|p1a: Arcanine|43\/100 tox|[from] psn\n|upkeep\n|turn|20\n|\n|t:|1700459754\n|switch|p1a: Sinistcha|Sinistcha|68\/100\n|move|p2a: Gigalith|Stealth Rock|p1a: Sinistcha\n|-sidestart|p1: PANDODEEEEZ|move: Stealth Rock\n|\n|-weather|Sandstorm|[upkeep]\n|-damage|p1a: Sinistcha|62\/100|[from] Sandstorm\n|-heal|p1a: Sinistcha|68\/100|[from] item: Leftovers\n|upkeep\n|turn|21\n|\n|t:|1700459767\n|switch|p2a: Gliscor|Gliscor, F|100\/100\n|-damage|p2a: Gliscor|88\/100|[from] Stealth Rock\n|move|p1a: Sinistcha|Matcha Gotcha|p2a: Gliscor\n|-damage|p2a: Gliscor|44\/100\n|-heal|p1a: Sinistcha|88\/100|[from] drain|[of] p2a: Gliscor\n|\n|-weather|Sandstorm|[upkeep]\n|-damage|p1a: Sinistcha|82\/100|[from] Sandstorm\n|-heal|p1a: Sinistcha|88\/100|[from] item: Leftovers\n|-status|p2a: Gliscor|tox|[from] item: Toxic Orb\n|upkeep\n|turn|22\n|\n|t:|1700459783\n|move|p2a: Gliscor|Protect|p2a: Gliscor\n|-singleturn|p2a: Gliscor|Protect\n|move|p1a: Sinistcha|Calm Mind|p1a: Sinistcha\n|-boost|p1a: Sinistcha|spa|1\n|-boost|p1a: Sinistcha|spd|1\n|\n|-weather|Sandstorm|[upkeep]\n|-damage|p1a: Sinistcha|82\/100|[from] Sandstorm\n|-heal|p1a: Sinistcha|88\/100|[from] item: Leftovers\n|-heal|p2a: Gliscor|56\/100 tox|[from] ability: Poison Heal\n|upkeep\n|turn|23\n|\n|t:|1700459788\n|move|p2a: Gliscor|Toxic|p1a: Sinistcha\n|-status|p1a: Sinistcha|tox\n|move|p1a: Sinistcha|Matcha Gotcha|p2a: Gliscor\n|-crit|p2a: Gliscor\n|-damage|p2a: Gliscor|0 fnt\n|-heal|p1a: Sinistcha|100\/100 tox|[from] drain|[of] p2a: Gliscor\n|faint|p2a: Gliscor\n|\n|-weather|none\n|-damage|p1a: Sinistcha|94\/100 tox|[from] psn\n|upkeep\n|\n|t:|1700459800\n|switch|p2a: Volcarona|Volcarona, F|100\/100\n|turn|24\n|\n|t:|1700459806\n|move|p2a: Volcarona|Fiery Dance|p1a: Sinistcha\n|-supereffective|p1a: Sinistcha\n|-damage|p1a: Sinistcha|60\/100 tox\n|move|p1a: Sinistcha|Shadow Ball|p2a: Volcarona\n|-damage|p2a: Volcarona|29\/100\n|\n|-heal|p1a: Sinistcha|66\/100 tox|[from] item: Leftovers\n|-damage|p1a: Sinistcha|54\/100 tox|[from] psn\n|upkeep\n|turn|25\n|\n|t:|1700459815\n|move|p2a: Volcarona|Fiery Dance|p1a: Sinistcha\n|-supereffective|p1a: Sinistcha\n|-damage|p1a: Sinistcha|21\/100 tox\n|-boost|p2a: Volcarona|spa|1\n|move|p1a: Sinistcha|Shadow Ball|p2a: Volcarona\n|-crit|p2a: Volcarona\n|-damage|p2a: Volcarona|0 fnt\n|faint|p2a: Volcarona\n|\n|-heal|p1a: Sinistcha|27\/100 tox|[from] item: Leftovers\n|-damage|p1a: Sinistcha|9\/100 tox|[from] psn\n|upkeep\n|\n|t:|1700459826\n|switch|p2a: Gigalith|Gigalith, F|88\/100\n|-damage|p2a: Gigalith|76\/100|[from] Stealth Rock\n|-weather|Sandstorm|[from] ability: Sand Stream|[of] p2a: Gigalith\n|turn|26\n|\n|t:|1700459832\n|move|p1a: Sinistcha|Giga Drain|p2a: Gigalith\n|-supereffective|p2a: Gigalith\n|-damage|p2a: Gigalith|15\/100\n|-heal|p1a: Sinistcha|42\/100 tox|[from] drain|[of] p2a: Gigalith\n|-enditem|p2a: Gigalith|Red Card|[of] p1a: Sinistcha\n|drag|p1a: Tyranitar|Tyranitar, M|53\/100\n|-damage|p1a: Tyranitar|41\/100|[from] Stealth Rock\n|move|p2a: Gigalith|Heavy Slam|p1a: Tyranitar\n|-supereffective|p1a: Tyranitar\n|-damage|p1a: Tyranitar|21\/100\n|\n|-weather|Sandstorm|[upkeep]\n|-heal|p1a: Tyranitar|27\/100|[from] item: Leftovers\n|upkeep\n|turn|27\n|-message|Poopinho forfeited.\n|\n|win|PANDODEEEEZ\n|raw|PANDODEEEEZ's rating: 1086 &rarr; <strong>1107<\/strong><br \/>(+21 for winning)\n|raw|Poopinho's rating: 1009 &rarr; <strong>1000<\/strong><br \/>(-9 for losing)\n|l|\u2606Poopinho\n","uploadtime":1700459842,"views":6,"p1id":"pandodeeeez","p2id":"poopinho","formatid":"gen9nationaldex","rating":1000,"private":0,"password":""}