{"id":"gen9nationaldex-1999831986","p1":"hideyourpineapples","p2":"Alraakun","format":"[Gen 9] National Dex","log":"|html|<div class=\"broadcast-blue\"><strong>[Gen 9] National Dex is currently suspecting Sneasler! For information on how to participate check out the <a href=\"https:\/\/www.smogon.com\/forums\/threads\/sv-national-dex-suspect-8-just-dance.3731534\/\">suspect thread<\/a>.<\/strong><\/div>\n|j|\u2606hideyourpineapples\n|j|\u2606Alraakun\n|t:|1701120865\n|gametype|singles\n|player|p1|hideyourpineapples|ninjaboy|\n|player|p2|Alraakun|n|\n|teamsize|p1|6\n|teamsize|p2|6\n|gen|9\n|tier|[Gen 9] National Dex\n|rule|HP Percentage Mod: HP is shown in percentages\n|rule|Endless Battle Clause: Forcing endless battles is banned\n|rule|OHKO Clause: OHKO moves are banned\n|rule|Evasion Clause: Evasion abilities, items, and moves are banned\n|rule|Evasion Abilities Clause: Evasion abilities are banned\n|rule|Evasion Items Clause: Evasion items are banned\n|rule|Evasion Moves Clause: Evasion moves are banned\n|rule|Species Clause: Limit one of each Pok\u00e9mon\n|rule|Sleep Clause Mod: Limit one foe put to sleep\n|clearpoke\n|poke|p1|Gastrodon-East, F|\n|poke|p1|Ninetales-Alola, M|\n|poke|p1|Okidogi, M|\n|poke|p1|Tornadus-Therian, M|\n|poke|p1|Manectric, F|\n|poke|p1|Kartana|\n|poke|p2|Landorus-Therian, M|\n|poke|p2|Tapu Koko|\n|poke|p2|Kartana|\n|poke|p2|Volcarona, F|\n|poke|p2|Meowscarada, F|\n|poke|p2|Great Tusk|\n|teampreview\n|j| Guillarco28\n|\n|t:|1701120923\n|start\n|switch|p1a: Gastrodon|Gastrodon-East, F, shiny|100\/100\n|switch|p2a: Kartana|Kartana|100\/100\n|turn|1\n|\n|t:|1701120965\n|switch|p1a: Tornadus|Tornadus-Therian, M, shiny|100\/100\n|move|p2a: Kartana|Leaf Blade|p1a: Tornadus\n|-resisted|p1a: Tornadus\n|-damage|p1a: Tornadus|69\/100\n|\n|upkeep\n|turn|2\n|\n|t:|1701120982\n|switch|p2a: Tapu Koko|Tapu Koko|100\/100\n|-fieldstart|move: Electric Terrain|[from] ability: Electric Surge|[of] p2a: Tapu Koko\n|move|p1a: Tornadus|Heat Wave|p2a: Tapu Koko\n|-damage|p2a: Tapu Koko|55\/100\n|-status|p2a: Tapu Koko|brn\n|\n|-damage|p2a: Tapu Koko|49\/100 brn|[from] brn\n|upkeep\n|turn|3\n|\n|t:|1701120996\n|switch|p1a: Manectric|Manectric, F, shiny|100\/100\n|move|p2a: Tapu Koko|Dazzling Gleam|p1a: Manectric\n|-crit|p1a: Manectric\n|-damage|p1a: Manectric|0 fnt\n|faint|p1a: Manectric\n|-damage|p2a: Tapu Koko|39\/100 brn|[from] item: Life Orb\n|\n|-damage|p2a: Tapu Koko|33\/100 brn|[from] brn\n|upkeep\n|\n|t:|1701121014\n|switch|p1a: Okidogi|Okidogi, M|100\/100\n|turn|4\n|\n|t:|1701121043\n|move|p1a: Okidogi|Ice Punch|p2a: Tapu Koko\n|-damage|p2a: Tapu Koko|0 fnt\n|faint|p2a: Tapu Koko\n|\n|upkeep\n|\n|t:|1701121053\n|switch|p2a: Landorus|Landorus-Therian, M|100\/100\n|-ability|p2a: Landorus|Intimidate|boost\n|-unboost|p1a: Okidogi|atk|1\n|turn|5\n|\n|t:|1701121085\n|switch|p1a: Gastrodon|Gastrodon-East, F, shiny|100\/100\n|move|p2a: Landorus|Earthquake|p1a: Gastrodon\n|-damage|p1a: Gastrodon|33\/100\n|\n|-heal|p1a: Gastrodon|39\/100|[from] item: Leftovers\n|upkeep\n|turn|6\n|\n|t:|1701121116\n|switch|p1a: Tornadus|Tornadus-Therian, M, shiny|100\/100\n|move|p2a: Landorus|Swords Dance|p2a: Landorus\n|-boost|p2a: Landorus|atk|2\n|\n|-fieldend|move: Electric Terrain\n|upkeep\n|turn|7\n|\n|t:|1701121127\n|move|p2a: Landorus|Stone Edge|p1a: Tornadus\n|-supereffective|p1a: Tornadus\n|-damage|p1a: Tornadus|0 fnt\n|faint|p1a: Tornadus\n|\n|upkeep\n|\n|t:|1701121137\n|switch|p1a: Okidogi|Okidogi, M|100\/100\n|turn|8\n|\n|t:|1701121148\n|move|p1a: Okidogi|Ice Punch|p2a: Landorus\n|-supereffective|p2a: Landorus\n|-damage|p2a: Landorus|0 fnt\n|faint|p2a: Landorus\n|\n|upkeep\n|\n|t:|1701121163\n|switch|p2a: Great Tusk|Great Tusk|100\/100\n|-enditem|p2a: Great Tusk|Booster Energy\n|-activate|p2a: Great Tusk|ability: Protosynthesis|[fromitem]\n|-start|p2a: Great Tusk|protosynthesisspe\n|turn|9\n|c|\u2606Alraakun|Ya entiendo como funciona ese bicho, antes no lo sab\u00eda\n|\n|t:|1701121225\n|switch|p1a: Gastrodon|Gastrodon-East, F, shiny|39\/100\n|move|p2a: Great Tusk|Earthquake|p1a: Gastrodon\n|-crit|p1a: Gastrodon\n|-damage|p1a: Gastrodon|0 fnt\n|faint|p1a: Gastrodon\n|\n|upkeep\n|\n|t:|1701121237\n|switch|p1a: Ninetales|Ninetales-Alola, M, shiny|100\/100\n|-weather|Snow|[from] ability: Snow Warning|[of] p1a: Ninetales\n|turn|10\n|j| TheOneAndOnlyVile\n|\n|t:|1701121277\n|-terastallize|p2a: Great Tusk|Ice\n|move|p2a: Great Tusk|Close Combat|p1a: Ninetales\n|-damage|p1a: Ninetales|47\/100\n|-unboost|p2a: Great Tusk|def|1\n|-unboost|p2a: Great Tusk|spd|1\n|move|p1a: Ninetales|Blizzard|p2a: Great Tusk\n|-resisted|p2a: Great Tusk\n|-damage|p2a: Great Tusk|56\/100\n|\n|-weather|Snow|[upkeep]\n|upkeep\n|turn|11\n|\n|t:|1701121289\n|switch|p1a: Okidogi|Okidogi, M|100\/100\n|move|p2a: Great Tusk|Close Combat|p1a: Okidogi\n|-resisted|p1a: Okidogi\n|-damage|p1a: Okidogi|76\/100\n|-unboost|p2a: Great Tusk|def|1\n|-unboost|p2a: Great Tusk|spd|1\n|\n|-weather|Snow|[upkeep]\n|upkeep\n|turn|12\n|\n|t:|1701121409\n|-terastallize|p1a: Okidogi|Dark\n|move|p2a: Great Tusk|Earthquake|p1a: Okidogi\n|-damage|p1a: Okidogi|35\/100\n|move|p1a: Okidogi|Close Combat|p2a: Great Tusk\n|-supereffective|p2a: Great Tusk\n|-damage|p2a: Great Tusk|0 fnt\n|-unboost|p1a: Okidogi|def|1\n|-unboost|p1a: Okidogi|spd|1\n|faint|p2a: Great Tusk\n|-end|p2a: Great Tusk|Protosynthesis|[silent]\n|\n|-weather|Snow|[upkeep]\n|upkeep\n|\n|t:|1701121445\n|switch|p2a: Kartana|Kartana|100\/100\n|turn|13\n|\n|t:|1701121476\n|move|p1a: Okidogi|Close Combat|p2a: Kartana\n|-supereffective|p2a: Kartana\n|-damage|p2a: Kartana|0 fnt\n|-unboost|p1a: Okidogi|def|1\n|-unboost|p1a: Okidogi|spd|1\n|faint|p2a: Kartana\n|\n|-weather|Snow|[upkeep]\n|upkeep\n|c|\u2606Alraakun|Definitivamente no se como funciona ese bicho\n|l| TheOneAndOnlyVile\n|c|\u2606hideyourpineapples|qien co\u00f1o era ese pibe\n|c|\u2606hideyourpineapples|a q si\n|c|\u2606hideyourpineapples|a khe si\n|c|\u2606hideyourpineapples|cawentupotamadreh\n|c|\u2606hideyourpineapples|la tulla khe me se habre\n|\n|t:|1701121587\n|switch|p2a: Volcarona|Volcarona, F|100\/100\n|turn|14\n|\n|t:|1701121672\n|move|p1a: Okidogi|Close Combat|p2a: Volcarona\n|-resisted|p2a: Volcarona\n|-damage|p2a: Volcarona|55\/100\n|-unboost|p1a: Okidogi|def|1\n|-unboost|p1a: Okidogi|spd|1\n|-status|p1a: Okidogi|brn|[from] ability: Flame Body|[of] p2a: Volcarona\n|move|p2a: Volcarona|Fiery Dance|p1a: Okidogi\n|-damage|p1a: Okidogi|0 fnt\n|-boost|p2a: Volcarona|spa|1\n|faint|p1a: Okidogi\n|\n|-weather|none\n|upkeep\n|\n|t:|1701121711\n|switch|p1a: Kartana|Kartana, shiny|100\/100\n|turn|15\n|\n|t:|1701121717\n|move|p1a: Kartana|Aerial Ace|p2a: Volcarona\n|-supereffective|p2a: Volcarona\n|-damage|p2a: Volcarona|0 fnt\n|faint|p2a: Volcarona\n|-ability|p1a: Kartana|Beast Boost|boost\n|-boost|p1a: Kartana|atk|1\n|\n|upkeep\n|\n|t:|1701121722\n|switch|p2a: Meowscarada|Meowscarada, F|100\/100\n|turn|16\n|\n|t:|1701121751\n|move|p2a: Meowscarada|Flower Trick|p1a: Kartana\n|-resisted|p1a: Kartana\n|-crit|p1a: Kartana\n|-damage|p1a: Kartana|87\/100\n|move|p1a: Kartana|Aerial Ace|p2a: Meowscarada\n|-supereffective|p2a: Meowscarada\n|-enditem|p2a: Meowscarada|Focus Sash\n|-damage|p2a: Meowscarada|1\/100\n|\n|upkeep\n|turn|17\n|\n|t:|1701121762\n|move|p2a: Meowscarada|Knock Off|p1a: Kartana\n|-damage|p1a: Kartana|41\/100\n|-enditem|p1a: Kartana|Focus Sash|[from] move: Knock Off|[of] p2a: Meowscarada\n|move|p1a: Kartana|Aerial Ace|p2a: Meowscarada\n|-supereffective|p2a: Meowscarada\n|-damage|p2a: Meowscarada|0 fnt\n|faint|p2a: Meowscarada\n|\n|win|hideyourpineapples\n|c|\u2606Alraakun|gg\n|c|\u2606hideyourpineapples|gg\n","uploadtime":1701121777,"views":8,"p1id":"hideyourpineapples","p2id":"alraakun","formatid":"gen9nationaldex","rating":0,"private":0,"password":""}