{"id":"gen9nationaldex-1997918343","p1":"ruarua3","p2":"NDSNEZ untruwu","format":"[Gen 9] National Dex","log":"|html|<div class=\"broadcast-blue\"><strong>[Gen 9] National Dex is currently suspecting Sneasler! For information on how to participate check out the <a href=\"https:\/\/www.smogon.com\/forums\/threads\/sv-national-dex-suspect-8-just-dance.3731534\/\">suspect thread<\/a>.<\/strong><\/div>\n|j|\u2606ruarua3\n|j|\u2606NDSNEZ untruwu\n|t:|1700867341\n|gametype|singles\n|player|p1|ruarua3|2|1295\n|player|p2|NDSNEZ untruwu|169|1293\n|teamsize|p1|6\n|teamsize|p2|6\n|gen|9\n|tier|[Gen 9] National Dex\n|rated|\n|rule|HP Percentage Mod: HP is shown in percentages\n|rule|Endless Battle Clause: Forcing endless battles is banned\n|rule|OHKO Clause: OHKO moves are banned\n|rule|Evasion Clause: Evasion abilities, items, and moves are banned\n|rule|Evasion Abilities Clause: Evasion abilities are banned\n|rule|Evasion Items Clause: Evasion items are banned\n|rule|Evasion Moves Clause: Evasion moves are banned\n|rule|Species Clause: Limit one of each Pok\u00e9mon\n|rule|Sleep Clause Mod: Limit one foe put to sleep\n|clearpoke\n|poke|p1|Alomomola, F|\n|poke|p1|Corviknight, F|\n|poke|p1|Clodsire, M|\n|poke|p1|Skeledirge, F|\n|poke|p1|Aerodactyl, F|\n|poke|p1|Garganacl, F|\n|poke|p2|Blissey, F|\n|poke|p2|Clodsire, F|\n|poke|p2|Skeledirge, F|\n|poke|p2|Cresselia, F|\n|poke|p2|Dondozo, F|\n|poke|p2|Corviknight, M|\n|teampreview\n|c|\u2606NDSNEZ untruwu|similiar team\n|c|\u2606ruarua3|Lol\n|inactive|Battle timer is ON: inactive players will automatically lose when time's up. (requested by ruarua3)\n|c|\u2606NDSNEZ untruwu|i had amomomola too\n|\n|t:|1700867390\n|start\n|switch|p1a: Garganacl|Garganacl, F|100\/100\n|switch|p2a: Blissey|Blissey, F|100\/100\n|turn|1\n|\n|t:|1700867399\n|switch|p2a: Cresselia|Cresselia, F|100\/100\n|move|p1a: Garganacl|Stealth Rock|p2a: Cresselia\n|-sidestart|p2: NDSNEZ untruwu|move: Stealth Rock\n|\n|upkeep\n|turn|2\n|\n|t:|1700867406\n|move|p2a: Cresselia|Calm Mind|p2a: Cresselia\n|-boost|p2a: Cresselia|spa|1\n|-boost|p2a: Cresselia|spd|1\n|move|p1a: Garganacl|Salt Cure|p2a: Cresselia\n|-damage|p2a: Cresselia|91\/100\n|\n|upkeep\n|turn|3\n|\n|t:|1700867412\n|switch|p1a: Skeledirge|Skeledirge, F|100\/100\n|move|p2a: Cresselia|Stored Power|p1a: Skeledirge\n|-damage|p1a: Skeledirge|88\/100\n|\n|-heal|p1a: Skeledirge|94\/100|[from] item: Leftovers\n|upkeep\n|turn|4\n|\n|t:|1700867419\n|switch|p2a: Clodsire|Clodsire, F|100\/100\n|-damage|p2a: Clodsire|94\/100|[from] Stealth Rock\n|move|p1a: Skeledirge|Will-O-Wisp|p2a: Clodsire\n|-status|p2a: Clodsire|brn\n|\n|-heal|p1a: Skeledirge|99\/100|[from] item: Leftovers\n|-heal|p2a: Clodsire|100\/100 brn|[from] item: Leftovers\n|-damage|p2a: Clodsire|94\/100 brn|[from] brn\n|upkeep\n|turn|5\n|\n|t:|1700867431\n|switch|p1a: Corviknight|Corviknight, F|100\/100\n|-ability|p1a: Corviknight|Pressure\n|move|p2a: Clodsire|Spikes|p1a: Corviknight\n|-sidestart|p1: ruarua3|Spikes\n|\n|-heal|p2a: Clodsire|100\/100 brn|[from] item: Leftovers\n|-damage|p2a: Clodsire|94\/100 brn|[from] brn\n|upkeep\n|turn|6\n|\n|t:|1700867441\n|switch|p2a: Skeledirge|Skeledirge, F|100\/100\n|move|p1a: Corviknight|Defog|p2a: Skeledirge\n|-unboost|p2a: Skeledirge|evasion|1\n|-sideend|p2: NDSNEZ untruwu|Stealth Rock|[from] move: Defog|[of] p1a: Corviknight\n|-sideend|p1: ruarua3|Spikes|[from] move: Defog|[of] p1a: Corviknight\n|\n|upkeep\n|turn|7\n|\n|t:|1700867460\n|switch|p1a: Garganacl|Garganacl, F|100\/100\n|move|p2a: Skeledirge|Torch Song|p1a: Garganacl\n|-resisted|p1a: Garganacl\n|-damage|p1a: Garganacl|90\/100\n|-boost|p2a: Skeledirge|spa|1\n|\n|-heal|p1a: Garganacl|97\/100|[from] item: Leftovers\n|upkeep\n|turn|8\n|\n|t:|1700867472\n|switch|p2a: Cresselia|Cresselia, F|91\/100\n|move|p1a: Garganacl|Salt Cure|p2a: Cresselia\n|-damage|p2a: Cresselia|83\/100\n|\n|-heal|p1a: Garganacl|100\/100|[from] item: Leftovers\n|upkeep\n|turn|9\n|\n|t:|1700867483\n|move|p2a: Cresselia|Calm Mind|p2a: Cresselia\n|-boost|p2a: Cresselia|spa|1\n|-boost|p2a: Cresselia|spd|1\n|move|p1a: Garganacl|Stealth Rock|p2a: Cresselia\n|-sidestart|p2: NDSNEZ untruwu|move: Stealth Rock\n|\n|upkeep\n|turn|10\n|\n|t:|1700867491\n|switch|p1a: Skeledirge|Skeledirge, F|99\/100\n|move|p2a: Cresselia|Calm Mind|p2a: Cresselia\n|-boost|p2a: Cresselia|spa|1\n|-boost|p2a: Cresselia|spd|1\n|\n|-heal|p1a: Skeledirge|100\/100|[from] item: Leftovers\n|upkeep\n|turn|11\n|\n|t:|1700867498\n|switch|p2a: Clodsire|Clodsire, F|94\/100 brn\n|-damage|p2a: Clodsire|88\/100 brn|[from] Stealth Rock\n|move|p1a: Skeledirge|Will-O-Wisp|p2a: Clodsire\n|-fail|p2a: Clodsire|brn\n|\n|-heal|p2a: Clodsire|94\/100 brn|[from] item: Leftovers\n|-damage|p2a: Clodsire|88\/100 brn|[from] brn\n|upkeep\n|turn|12\n|\n|t:|1700867508\n|move|p1a: Skeledirge|Hex|p2a: Clodsire\n|-damage|p2a: Clodsire|63\/100 brn\n|move|p2a: Clodsire|Toxic|p1a: Skeledirge\n|-status|p1a: Skeledirge|tox\n|\n|-heal|p2a: Clodsire|70\/100 brn|[from] item: Leftovers\n|-damage|p1a: Skeledirge|94\/100 tox|[from] psn\n|-damage|p2a: Clodsire|63\/100 brn|[from] brn\n|upkeep\n|turn|13\n|\n|t:|1700867523\n|switch|p1a: Garganacl|Garganacl, F|100\/100\n|move|p2a: Clodsire|Spikes|p1a: Garganacl\n|-sidestart|p1: ruarua3|Spikes\n|\n|-heal|p2a: Clodsire|70\/100 brn|[from] item: Leftovers\n|-damage|p2a: Clodsire|63\/100 brn|[from] brn\n|upkeep\n|turn|14\n|\n|t:|1700867531\n|switch|p2a: Cresselia|Cresselia, F|83\/100\n|-damage|p2a: Cresselia|71\/100|[from] Stealth Rock\n|move|p1a: Garganacl|Salt Cure|p2a: Cresselia\n|-damage|p2a: Cresselia|62\/100\n|\n|upkeep\n|turn|15\n|\n|t:|1700867546\n|switch|p1a: Alomomola|Alomomola, F|100\/100\n|-damage|p1a: Alomomola|88\/100|[from] Spikes\n|move|p2a: Cresselia|Calm Mind|p2a: Cresselia\n|-boost|p2a: Cresselia|spa|1\n|-boost|p2a: Cresselia|spd|1\n|\n|upkeep\n|turn|16\n|\n|t:|1700867553\n|move|p2a: Cresselia|Moonlight|p2a: Cresselia\n|-heal|p2a: Cresselia|100\/100\n|move|p1a: Alomomola|Toxic|p2a: Cresselia|[miss]\n|-miss|p1a: Alomomola|p2a: Cresselia\n|\n|upkeep\n|turn|17\n|\n|t:|1700867561\n|switch|p2a: Blissey|Blissey, F|100\/100\n|move|p1a: Alomomola|Toxic|p2a: Blissey\n|-status|p2a: Blissey|tox\n|\n|-damage|p2a: Blissey|94\/100 tox|[from] psn\n|upkeep\n|turn|18\n|\n|t:|1700867570\n|move|p1a: Alomomola|Wish|p1a: Alomomola\n|move|p2a: Blissey|Stealth Rock|p1a: Alomomola\n|-sidestart|p1: ruarua3|move: Stealth Rock\n|\n|-damage|p2a: Blissey|82\/100 tox|[from] psn\n|upkeep\n|turn|19\n|\n|t:|1700867575\n|move|p1a: Alomomola|Flip Turn|p2a: Blissey\n|-damage|p2a: Blissey|66\/100 tox\n|\n|t:|1700867579\n|switch|p1a: Corviknight|Corviknight, F|100\/100|[from] Flip Turn\n|-damage|p1a: Corviknight|88\/100|[from] Stealth Rock\n|-ability|p1a: Corviknight|Pressure\n|move|p2a: Blissey|Wish|p2a: Blissey\n|\n|-heal|p1a: Corviknight|100\/100|[from] move: Wish|[wisher] Alomomola\n|-damage|p2a: Blissey|48\/100 tox|[from] psn\n|upkeep\n|turn|20\n|\n|t:|1700867590\n|move|p1a: Corviknight|Defog|p2a: Blissey\n|-unboost|p2a: Blissey|evasion|1\n|-sideend|p2: NDSNEZ untruwu|Stealth Rock|[from] move: Defog|[of] p1a: Corviknight\n|-sideend|p1: ruarua3|Spikes|[from] move: Defog|[of] p1a: Corviknight\n|-sideend|p1: ruarua3|Stealth Rock|[from] move: Defog|[of] p1a: Corviknight\n|move|p2a: Blissey|Soft-Boiled|p2a: Blissey\n|-heal|p2a: Blissey|98\/100 tox\n|\n|-heal|p2a: Blissey|100\/100 tox|[from] move: Wish|[wisher] Blissey\n|-damage|p2a: Blissey|76\/100 tox|[from] psn\n|upkeep\n|turn|21\n|\n|t:|1700867600\n|switch|p1a: Garganacl|Garganacl, F|100\/100\n|-curestatus|p2a: Blissey|tox|[from] ability: Natural Cure\n|switch|p2a: Corviknight|Corviknight, M|100\/100\n|-ability|p2a: Corviknight|Pressure\n|\n|upkeep\n|turn|22\n|\n|t:|1700867612\n|move|p2a: Corviknight|U-turn|p1a: Garganacl\n|-damage|p1a: Garganacl|91\/100\n|\n|t:|1700867617\n|switch|p2a: Cresselia|Cresselia, F|100\/100|[from] U-turn\n|move|p1a: Garganacl|Stealth Rock|p2a: Cresselia\n|-sidestart|p2: NDSNEZ untruwu|move: Stealth Rock\n|\n|-heal|p1a: Garganacl|97\/100|[from] item: Leftovers\n|upkeep\n|turn|23\n|\n|t:|1700867629\n|switch|p1a: Skeledirge|Skeledirge, F|94\/100 tox\n|move|p2a: Cresselia|Calm Mind|p2a: Cresselia\n|-boost|p2a: Cresselia|spa|1\n|-boost|p2a: Cresselia|spd|1\n|\n|-heal|p1a: Skeledirge|100\/100 tox|[from] item: Leftovers\n|-damage|p1a: Skeledirge|94\/100 tox|[from] psn\n|upkeep\n|turn|24\n|\n|t:|1700867643\n|switch|p2a: Clodsire|Clodsire, F|63\/100 brn\n|-damage|p2a: Clodsire|57\/100 brn|[from] Stealth Rock\n|move|p1a: Skeledirge|Hex|p2a: Clodsire\n|-damage|p2a: Clodsire|31\/100 brn\n|\n|-heal|p1a: Skeledirge|100\/100 tox|[from] item: Leftovers\n|-heal|p2a: Clodsire|37\/100 brn|[from] item: Leftovers\n|-damage|p1a: Skeledirge|88\/100 tox|[from] psn\n|-damage|p2a: Clodsire|31\/100 brn|[from] brn\n|upkeep\n|turn|25\n|\n|t:|1700867656\n|move|p1a: Skeledirge|Will-O-Wisp|p2a: Clodsire|[miss]\n|-miss|p1a: Skeledirge|p2a: Clodsire\n|move|p2a: Clodsire|Recover|p2a: Clodsire\n|-heal|p2a: Clodsire|81\/100 brn\n|\n|-heal|p1a: Skeledirge|94\/100 tox|[from] item: Leftovers\n|-heal|p2a: Clodsire|87\/100 brn|[from] item: Leftovers\n|-damage|p1a: Skeledirge|76\/100 tox|[from] psn\n|-damage|p2a: Clodsire|81\/100 brn|[from] brn\n|upkeep\n|turn|26\n|\n|t:|1700867677\n|switch|p1a: Corviknight|Corviknight, F|100\/100\n|-ability|p1a: Corviknight|Pressure\n|move|p2a: Clodsire|Earthquake|p1a: Corviknight\n|-immune|p1a: Corviknight\n|\n|-heal|p2a: Clodsire|87\/100 brn|[from] item: Leftovers\n|-damage|p2a: Clodsire|81\/100 brn|[from] brn\n|upkeep\n|turn|27\n|\n|t:|1700867687\n|move|p1a: Corviknight|Iron Defense|p1a: Corviknight\n|-boost|p1a: Corviknight|def|2\n|move|p2a: Clodsire|Spikes|p1a: Corviknight\n|-sidestart|p1: ruarua3|Spikes\n|\n|-heal|p2a: Clodsire|87\/100 brn|[from] item: Leftovers\n|-damage|p2a: Clodsire|81\/100 brn|[from] brn\n|upkeep\n|turn|28\n|\n|t:|1700867694\n|switch|p2a: Skeledirge|Skeledirge, F|100\/100\n|move|p1a: Corviknight|Iron Defense|p1a: Corviknight\n|-boost|p1a: Corviknight|def|2\n|\n|upkeep\n|turn|29\n|\n|t:|1700867701\n|switch|p1a: Clodsire|Clodsire, M|100\/100\n|-damage|p1a: Clodsire|88\/100|[from] Spikes\n|move|p2a: Skeledirge|Torch Song|p1a: Clodsire\n|-damage|p1a: Clodsire|72\/100\n|-boost|p2a: Skeledirge|spa|1\n|\n|-heal|p1a: Clodsire|78\/100|[from] item: Black Sludge\n|upkeep\n|turn|30\n|\n|t:|1700867714\n|move|p2a: Skeledirge|Will-O-Wisp|p1a: Clodsire|[miss]\n|-miss|p2a: Skeledirge|p1a: Clodsire\n|move|p1a: Clodsire|Earthquake|p2a: Skeledirge\n|-supereffective|p2a: Skeledirge\n|-damage|p2a: Skeledirge|65\/100\n|\n|-heal|p1a: Clodsire|84\/100|[from] item: Black Sludge\n|upkeep\n|turn|31\n|\n|t:|1700867723\n|switch|p2a: Corviknight|Corviknight, M|100\/100\n|-damage|p2a: Corviknight|88\/100|[from] Stealth Rock\n|-ability|p2a: Corviknight|Pressure\n|switch|p1a: Garganacl|Garganacl, F|97\/100\n|-damage|p1a: Garganacl|85\/100|[from] Spikes\n|\n|-heal|p1a: Garganacl|91\/100|[from] item: Leftovers\n|upkeep\n|turn|32\n|\n|t:|1700867734\n|move|p2a: Corviknight|U-turn|p1a: Garganacl\n|-damage|p1a: Garganacl|82\/100\n|\n|t:|1700867738\n|switch|p2a: Cresselia|Cresselia, F|100\/100|[from] U-turn\n|-damage|p2a: Cresselia|88\/100|[from] Stealth Rock\n|move|p1a: Garganacl|Salt Cure|p2a: Cresselia\n|-damage|p2a: Cresselia|79\/100\n|\n|-heal|p1a: Garganacl|88\/100|[from] item: Leftovers\n|upkeep\n|turn|33\n|\n|t:|1700867753\n|switch|p1a: Skeledirge|Skeledirge, F|76\/100 tox\n|-damage|p1a: Skeledirge|64\/100 tox|[from] Spikes\n|move|p2a: Cresselia|Calm Mind|p2a: Cresselia\n|-boost|p2a: Cresselia|spa|1\n|-boost|p2a: Cresselia|spd|1\n|\n|-heal|p1a: Skeledirge|70\/100 tox|[from] item: Leftovers\n|-damage|p1a: Skeledirge|64\/100 tox|[from] psn\n|upkeep\n|turn|34\n|inactive|NDSNEZ untruwu has 120 seconds left.\n|\n|t:|1700867793\n|switch|p2a: Blissey|Blissey, F|76\/100\n|move|p1a: Skeledirge|Will-O-Wisp|p2a: Blissey\n|-status|p2a: Blissey|brn\n|\n|-heal|p1a: Skeledirge|70\/100 tox|[from] item: Leftovers\n|-damage|p1a: Skeledirge|58\/100 tox|[from] psn\n|-damage|p2a: Blissey|70\/100 brn|[from] brn\n|upkeep\n|turn|35\n|\n|t:|1700867803\n|switch|p1a: Corviknight|Corviknight, F|100\/100\n|-ability|p1a: Corviknight|Pressure\n|move|p2a: Blissey|Stealth Rock|p1a: Corviknight\n|-sidestart|p1: ruarua3|move: Stealth Rock\n|\n|-damage|p2a: Blissey|64\/100 brn|[from] brn\n|upkeep\n|turn|36\n|\n|t:|1700867811\n|move|p1a: Corviknight|Body Press|p2a: Blissey\n|-supereffective|p2a: Blissey\n|-damage|p2a: Blissey|28\/100 brn\n|move|p2a: Blissey|Wish|p2a: Blissey\n|\n|-damage|p2a: Blissey|22\/100 brn|[from] brn\n|upkeep\n|turn|37\n|\n|t:|1700867820\n|-curestatus|p2a: Blissey|brn|[from] ability: Natural Cure\n|switch|p2a: Skeledirge|Skeledirge, F|65\/100\n|move|p1a: Corviknight|Defog|p2a: Skeledirge\n|-unboost|p2a: Skeledirge|evasion|1\n|-sideend|p2: NDSNEZ untruwu|Stealth Rock|[from] move: Defog|[of] p1a: Corviknight\n|-sideend|p1: ruarua3|Spikes|[from] move: Defog|[of] p1a: Corviknight\n|-sideend|p1: ruarua3|Stealth Rock|[from] move: Defog|[of] p1a: Corviknight\n|\n|-heal|p2a: Skeledirge|100\/100|[from] move: Wish|[wisher] Blissey\n|upkeep\n|turn|38\n|\n|t:|1700867832\n|switch|p1a: Clodsire|Clodsire, M|84\/100\n|move|p2a: Skeledirge|Torch Song|p1a: Clodsire\n|-damage|p1a: Clodsire|69\/100\n|-boost|p2a: Skeledirge|spa|1\n|\n|-heal|p1a: Clodsire|76\/100|[from] item: Black Sludge\n|upkeep\n|turn|39\n|\n|t:|1700867845\n|move|p2a: Skeledirge|Will-O-Wisp|p1a: Clodsire\n|-status|p1a: Clodsire|brn\n|move|p1a: Clodsire|Spikes|p2a: Skeledirge\n|-sidestart|p2: NDSNEZ untruwu|Spikes\n|\n|-heal|p1a: Clodsire|82\/100 brn|[from] item: Black Sludge\n|-damage|p1a: Clodsire|76\/100 brn|[from] brn\n|upkeep\n|turn|40\n|\n|t:|1700867854\n|switch|p2a: Corviknight|Corviknight, M|88\/100\n|-ability|p2a: Corviknight|Pressure\n|move|p1a: Clodsire|Toxic|p2a: Corviknight\n|-immune|p2a: Corviknight\n|\n|-heal|p1a: Clodsire|82\/100 brn|[from] item: Black Sludge\n|-damage|p1a: Clodsire|76\/100 brn|[from] brn\n|upkeep\n|turn|41\n|\n|t:|1700867873\n|switch|p1a: Alomomola|Alomomola, F|100\/100\n|move|p2a: Corviknight|Defog|p1a: Alomomola\n|-unboost|p1a: Alomomola|evasion|1\n|-sideend|p2: NDSNEZ untruwu|Spikes|[from] move: Defog|[of] p2a: Corviknight\n|\n|upkeep\n|turn|42\n|\n|t:|1700867879\n|move|p2a: Corviknight|U-turn|p1a: Alomomola\n|-damage|p1a: Alomomola|93\/100\n|-damage|p2a: Corviknight|71\/100|[from] item: Rocky Helmet|[of] p1a: Alomomola\n|\n|t:|1700867889\n|switch|p2a: Dondozo|Dondozo, F|100\/100|[from] U-turn\n|move|p1a: Alomomola|Wish|p1a: Alomomola\n|\n|upkeep\n|turn|43\n|\n|t:|1700867897\n|move|p1a: Alomomola|Toxic|p2a: Dondozo\n|-status|p2a: Dondozo|tox\n|move|p2a: Dondozo|Curse|p2a: Dondozo\n|-unboost|p2a: Dondozo|spe|1\n|-boost|p2a: Dondozo|atk|1\n|-boost|p2a: Dondozo|def|1\n|\n|-heal|p1a: Alomomola|100\/100|[from] move: Wish|[wisher] Alomomola\n|-damage|p2a: Dondozo|94\/100 tox|[from] psn\n|upkeep\n|turn|44\n|\n|t:|1700867909\n|move|p1a: Alomomola|Wish|p1a: Alomomola\n|move|p2a: Dondozo|Curse|p2a: Dondozo\n|-unboost|p2a: Dondozo|spe|1\n|-boost|p2a: Dondozo|atk|1\n|-boost|p2a: Dondozo|def|1\n|\n|-damage|p2a: Dondozo|82\/100 tox|[from] psn\n|upkeep\n|turn|45\n|\n|t:|1700867916\n|move|p1a: Alomomola|Flip Turn|p2a: Dondozo\n|-resisted|p2a: Dondozo\n|-damage|p2a: Dondozo|80\/100 tox\n|-damage|p1a: Alomomola|84\/100|[from] item: Rocky Helmet|[of] p2a: Dondozo\n|\n|t:|1700867922\n|switch|p1a: Clodsire|Clodsire, M|76\/100 brn|[from] Flip Turn\n|move|p2a: Dondozo|Waterfall|p1a: Clodsire\n|-heal|p1a: Clodsire|100\/100 brn|[from] ability: Water Absorb|[of] p2a: Dondozo\n|\n|-damage|p2a: Dondozo|62\/100 tox|[from] psn\n|-damage|p1a: Clodsire|94\/100 brn|[from] brn\n|upkeep\n|turn|46\n|\n|t:|1700867934\n|switch|p1a: Alomomola|Alomomola, F|100\/100\n|switch|p2a: Blissey|Blissey, F|22\/100\n|\n|upkeep\n|turn|47\n|\n|t:|1700867947\n|move|p1a: Alomomola|Flip Turn|p2a: Blissey\n|-damage|p2a: Blissey|7\/100\n|\n|t:|1700867950\n|switch|p1a: Aerodactyl|Aerodactyl, F|100\/100|[from] Flip Turn\n|move|p2a: Blissey|Soft-Boiled|p2a: Blissey\n|-heal|p2a: Blissey|57\/100\n|\n|upkeep\n|turn|48\n|\n|t:|1700867958\n|switch|p2a: Dondozo|Dondozo, F|62\/100 tox\n|move|p1a: Aerodactyl|Dual Wingbeat|p2a: Dondozo\n|-damage|p2a: Dondozo|53\/100 tox\n|-damage|p1a: Aerodactyl|84\/100|[from] item: Rocky Helmet|[of] p2a: Dondozo\n|-damage|p2a: Dondozo|44\/100 tox\n|-damage|p1a: Aerodactyl|67\/100|[from] item: Rocky Helmet|[of] p2a: Dondozo\n|-hitcount|p2a: Dondozo|2\n|\n|-damage|p2a: Dondozo|38\/100 tox|[from] psn\n|upkeep\n|turn|49\n|\n|t:|1700867970\n|switch|p1a: Alomomola|Alomomola, F|100\/100\n|move|p2a: Dondozo|Rest|p2a: Dondozo\n|-status|p2a: Dondozo|slp|[from] move: Rest\n|-heal|p2a: Dondozo|100\/100 slp|[silent]\n|\n|upkeep\n|turn|50\n|\n|t:|1700867978\n|switch|p2a: Corviknight|Corviknight, M|71\/100\n|-ability|p2a: Corviknight|Pressure\n|move|p1a: Alomomola|Wish|p1a: Alomomola\n|\n|upkeep\n|turn|51\n|\n|t:|1700867986\n|move|p2a: Corviknight|U-turn|p1a: Alomomola\n|-damage|p1a: Alomomola|93\/100\n|-damage|p2a: Corviknight|55\/100|[from] item: Rocky Helmet|[of] p1a: Alomomola\n|\n|t:|1700867991\n|switch|p2a: Dondozo|Dondozo, F|100\/100 slp|[from] U-turn\n|move|p1a: Alomomola|Flip Turn|p2a: Dondozo\n|-resisted|p2a: Dondozo\n|-damage|p2a: Dondozo|97\/100 slp\n|-damage|p1a: Alomomola|76\/100|[from] item: Rocky Helmet|[of] p2a: Dondozo\n|\n|t:|1700868003\n|switch|p1a: Garganacl|Garganacl, F|88\/100|[from] Flip Turn\n|\n|-heal|p1a: Garganacl|100\/100|[from] move: Wish|[wisher] Alomomola\n|upkeep\n|turn|52\n|\n|t:|1700868013\n|switch|p2a: Cresselia|Cresselia, F|79\/100\n|move|p1a: Garganacl|Salt Cure|p2a: Cresselia\n|-damage|p2a: Cresselia|70\/100\n|\n|upkeep\n|turn|53\n|\n|t:|1700868021\n|switch|p1a: Skeledirge|Skeledirge, F|58\/100 tox\n|move|p2a: Cresselia|Calm Mind|p2a: Cresselia\n|-boost|p2a: Cresselia|spa|1\n|-boost|p2a: Cresselia|spd|1\n|\n|-heal|p1a: Skeledirge|64\/100 tox|[from] item: Leftovers\n|-damage|p1a: Skeledirge|58\/100 tox|[from] psn\n|upkeep\n|turn|54\n|\n|t:|1700868031\n|-terastallize|p2a: Cresselia|Fairy\n|move|p2a: Cresselia|Calm Mind|p2a: Cresselia\n|-boost|p2a: Cresselia|spa|1\n|-boost|p2a: Cresselia|spd|1\n|move|p1a: Skeledirge|Slack Off|p1a: Skeledirge\n|-heal|p1a: Skeledirge|100\/100 tox\n|\n|-damage|p1a: Skeledirge|88\/100 tox|[from] psn\n|upkeep\n|turn|55\n|\n|t:|1700868040\n|move|p2a: Cresselia|Moonlight|p2a: Cresselia\n|-heal|p2a: Cresselia|100\/100\n|move|p1a: Skeledirge|Will-O-Wisp|p2a: Cresselia\n|-status|p2a: Cresselia|brn\n|\n|-heal|p1a: Skeledirge|94\/100 tox|[from] item: Leftovers\n|-damage|p1a: Skeledirge|76\/100 tox|[from] psn\n|-damage|p2a: Cresselia|94\/100 brn|[from] brn\n|upkeep\n|turn|56\n|\n|t:|1700868050\n|move|p2a: Cresselia|Calm Mind|p2a: Cresselia\n|-boost|p2a: Cresselia|spa|1\n|-boost|p2a: Cresselia|spd|1\n|move|p1a: Skeledirge|Hex|p2a: Cresselia\n|-damage|p2a: Cresselia|69\/100 brn\n|\n|-heal|p1a: Skeledirge|82\/100 tox|[from] item: Leftovers\n|-damage|p1a: Skeledirge|58\/100 tox|[from] psn\n|-damage|p2a: Cresselia|63\/100 brn|[from] brn\n|upkeep\n|turn|57\n|\n|t:|1700868065\n|move|p2a: Cresselia|Stored Power|p1a: Skeledirge\n|-damage|p1a: Skeledirge|29\/100 tox\n|move|p1a: Skeledirge|Torch Song|p2a: Cresselia\n|-damage|p2a: Cresselia|47\/100 brn\n|-boost|p1a: Skeledirge|spa|1\n|\n|-heal|p1a: Skeledirge|35\/100 tox|[from] item: Leftovers\n|-damage|p1a: Skeledirge|5\/100 tox|[from] psn\n|-damage|p2a: Cresselia|41\/100 brn|[from] brn\n|upkeep\n|turn|58\n|\n|t:|1700868078\n|switch|p1a: Corviknight|Corviknight, F|100\/100\n|-ability|p1a: Corviknight|Pressure\n|move|p2a: Cresselia|Calm Mind|p2a: Cresselia\n|-boost|p2a: Cresselia|spa|1\n|-boost|p2a: Cresselia|spd|1\n|\n|-damage|p2a: Cresselia|35\/100 brn|[from] brn\n|upkeep\n|turn|59\n|\n|t:|1700868087\n|switch|p1a: Clodsire|Clodsire, M|94\/100 brn\n|move|p2a: Cresselia|Moonlight|p2a: Cresselia\n|-heal|p2a: Cresselia|85\/100 brn\n|\n|-heal|p1a: Clodsire|100\/100 brn|[from] item: Black Sludge\n|-damage|p2a: Cresselia|79\/100 brn|[from] brn\n|-damage|p1a: Clodsire|94\/100 brn|[from] brn\n|upkeep\n|turn|60\n|\n|t:|1700868097\n|-terastallize|p1a: Clodsire|Dark\n|move|p2a: Cresselia|Stored Power|p1a: Clodsire\n|-immune|p1a: Clodsire\n|move|p1a: Clodsire|Spikes|p2a: Cresselia\n|-sidestart|p2: NDSNEZ untruwu|Spikes\n|\n|-damage|p1a: Clodsire|82\/100 brn|[from] item: Black Sludge\n|-damage|p2a: Cresselia|73\/100 brn|[from] brn\n|-damage|p1a: Clodsire|75\/100 brn|[from] brn\n|upkeep\n|turn|61\n|\n|t:|1700868107\n|switch|p1a: Corviknight|Corviknight, F|100\/100\n|-ability|p1a: Corviknight|Pressure\n|move|p2a: Cresselia|Moonblast|p1a: Corviknight\n|-resisted|p1a: Corviknight\n|-damage|p1a: Corviknight|73\/100\n|\n|-heal|p1a: Corviknight|79\/100|[from] item: Leftovers\n|-damage|p2a: Cresselia|66\/100 brn|[from] brn\n|upkeep\n|turn|62\n|\n|t:|1700868127\n|move|p2a: Cresselia|Calm Mind|p2a: Cresselia\n|-boost|p2a: Cresselia|spa|1\n|-boost|p2a: Cresselia|spd|1\n|move|p1a: Corviknight|Roost|p1a: Corviknight\n|-heal|p1a: Corviknight|100\/100\n|-singleturn|p1a: Corviknight|move: Roost\n|\n|-damage|p2a: Cresselia|60\/100 brn|[from] brn\n|upkeep\n|turn|63\n|inactive|ruarua3 has 120 seconds left.\n|\n|t:|1700868152\n|switch|p1a: Clodsire|Clodsire, M, tera:Dark|75\/100 brn\n|move|p2a: Cresselia|Moonlight|p2a: Cresselia\n|-heal|p2a: Cresselia|100\/100 brn\n|\n|-damage|p1a: Clodsire|63\/100 brn|[from] item: Black Sludge\n|-damage|p2a: Cresselia|94\/100 brn|[from] brn\n|-damage|p1a: Clodsire|57\/100 brn|[from] brn\n|upkeep\n|turn|64\n|inactive|ruarua3 has 120 seconds left.\n|\n|t:|1700868165\n|move|p2a: Cresselia|Moonblast|p1a: Clodsire\n|-supereffective|p1a: Clodsire\n|-damage|p1a: Clodsire|0 fnt\n|faint|p1a: Clodsire\n|\n|-damage|p2a: Cresselia|88\/100 brn|[from] brn\n|upkeep\n|\n|t:|1700868172\n|switch|p1a: Aerodactyl|Aerodactyl, F|67\/100\n|turn|65\n|\n|t:|1700868176\n|detailschange|p1a: Aerodactyl|Aerodactyl-Mega, F\n|-mega|p1a: Aerodactyl|Aerodactyl|Aerodactylite\n|move|p1a: Aerodactyl|Stone Edge|p2a: Cresselia\n|-crit|p2a: Cresselia\n|-damage|p2a: Cresselia|34\/100 brn\n|move|p2a: Cresselia|Stored Power|p1a: Aerodactyl\n|-damage|p1a: Aerodactyl|0 fnt\n|faint|p1a: Aerodactyl\n|\n|-damage|p2a: Cresselia|28\/100 brn|[from] brn\n|upkeep\n|\n|t:|1700868185\n|switch|p1a: Skeledirge|Skeledirge, F|5\/100 tox\n|turn|66\n|\n|t:|1700868189\n|move|p2a: Cresselia|Stored Power|p1a: Skeledirge\n|-damage|p1a: Skeledirge|0 fnt\n|faint|p1a: Skeledirge\n|\n|-damage|p2a: Cresselia|22\/100 brn|[from] brn\n|upkeep\n|-message|ruarua3 forfeited.\n|\n|win|NDSNEZ untruwu\n|raw|ruarua3's rating: 1295 &rarr; <strong>1270<\/strong><br \/>(-25 for losing)\n|raw|NDSNEZ untruwu's rating: 1293 &rarr; <strong>1318<\/strong><br \/>(+25 for winning)\n|l|\u2606ruarua3\n|c|\u2606NDSNEZ untruwu|gg\n","uploadtime":1700868202,"views":2,"p1id":"ruarua3","p2id":"ndsnezuntruwu","formatid":"gen9nationaldex","rating":1270,"private":0,"password":""}