{"id":"gen9nationaldex-1996089803","p1":"TheSunKing1","p2":"afnkm","format":"[Gen 9] National Dex","log":"|html|<div class=\"broadcast-blue\"><strong>[Gen 9] National Dex is currently suspecting Sneasler! For information on how to participate check out the <a href=\"https:\/\/www.smogon.com\/forums\/threads\/sv-national-dex-suspect-8-just-dance.3731534\/\">suspect thread<\/a>.<\/strong><\/div>\n|j|\u2606TheSunKing1\n|j|\u203dafnkm\n|t:|1700642406\n|gametype|singles\n|player|p1|TheSunKing1|morty-masters2|1729\n|player|p2|afnkm|266|1812\n|teamsize|p1|6\n|teamsize|p2|6\n|gen|9\n|tier|[Gen 9] National Dex\n|rated|\n|rule|HP Percentage Mod: HP is shown in percentages\n|rule|Endless Battle Clause: Forcing endless battles is banned\n|rule|OHKO Clause: OHKO moves are banned\n|rule|Evasion Clause: Evasion abilities, items, and moves are banned\n|rule|Evasion Abilities Clause: Evasion abilities are banned\n|rule|Evasion Items Clause: Evasion items are banned\n|rule|Evasion Moves Clause: Evasion moves are banned\n|rule|Species Clause: Limit one of each Pok\u00e9mon\n|rule|Sleep Clause Mod: Limit one foe put to sleep\n|clearpoke\n|poke|p1|Torkoal, M|\n|poke|p1|Leafeon, M|\n|poke|p1|Landorus-Therian, M|\n|poke|p1|Heatran, F|\n|poke|p1|Scizor, F|\n|poke|p1|Houndoom, M|\n|poke|p2|Charizard, M|\n|poke|p2|Great Tusk|\n|poke|p2|Garganacl, M|\n|poke|p2|Hatterene, F|\n|poke|p2|Rillaboom, M|\n|poke|p2|Sneasler, M|\n|teampreview\n|inactive|Battle timer is ON: inactive players will automatically lose when time's up. (requested by TheSunKing1)\n|\n|t:|1700642443\n|start\n|switch|p1a: Heatran|Heatran, F|100\/100\n|switch|p2a: Great Tusk|Great Tusk|100\/100\n|-item|p1a: Heatran|Air Balloon\n|turn|1\n|\n|t:|1700642460\n|switch|p1a: Landorus|Landorus-Therian, M|100\/100\n|-ability|p1a: Landorus|Intimidate|boost\n|-unboost|p2a: Great Tusk|atk|1\n|move|p2a: Great Tusk|Close Combat|p1a: Landorus\n|-resisted|p1a: Landorus\n|-damage|p1a: Landorus|74\/100\n|-unboost|p2a: Great Tusk|def|1\n|-unboost|p2a: Great Tusk|spd|1\n|-enditem|p1a: Landorus|Eject Button\n|-damage|p2a: Great Tusk|91\/100|[from] item: Life Orb\n|\n|t:|1700642475\n|switch|p1a: Houndoom|Houndoom, M|100\/100\n|\n|upkeep\n|turn|2\n|\n|t:|1700642488\n|-end|p2a: Great Tusk|Protosynthesis|[silent]\n|switch|p2a: Garganacl|Garganacl, M|100\/100\n|detailschange|p1a: Houndoom|Houndoom-Mega, M\n|-mega|p1a: Houndoom|Houndoom|Houndoominite\n|move|p1a: Houndoom|Nasty Plot|p1a: Houndoom\n|-boost|p1a: Houndoom|spa|2\n|\n|upkeep\n|turn|3\n|\n|t:|1700642500\n|move|p2a: Garganacl|Protect|p2a: Garganacl\n|-singleturn|p2a: Garganacl|Protect\n|move|p1a: Houndoom|Dark Pulse|p2a: Garganacl\n|-activate|p2a: Garganacl|move: Protect\n|\n|upkeep\n|turn|4\n|\n|t:|1700642515\n|switch|p2a: Hatterene|Hatterene, F|100\/100\n|move|p1a: Houndoom|Dark Pulse|p2a: Hatterene\n|-damage|p2a: Hatterene|37\/100\n|\n|-heal|p2a: Hatterene|43\/100|[from] item: Leftovers\n|upkeep\n|turn|5\n|\n|t:|1700642522\n|move|p1a: Houndoom|Dark Pulse|p2a: Hatterene\n|-damage|p2a: Hatterene|0 fnt\n|faint|p2a: Hatterene\n|\n|upkeep\n|\n|t:|1700642525\n|switch|p2a: Sneasler|Sneasler, M|100\/100\n|turn|6\n|\n|t:|1700642531\n|switch|p1a: Landorus|Landorus-Therian, M|74\/100\n|-ability|p1a: Landorus|Intimidate|boost\n|-unboost|p2a: Sneasler|atk|1\n|move|p2a: Sneasler|Dire Claw|p1a: Landorus\n|-resisted|p1a: Landorus\n|-damage|p1a: Landorus|61\/100\n|-status|p1a: Landorus|psn\n|\n|-damage|p1a: Landorus|49\/100 psn|[from] psn\n|upkeep\n|turn|7\n|\n|t:|1700642539\n|switch|p2a: Great Tusk|Great Tusk|91\/100\n|move|p1a: Landorus|U-turn|p2a: Great Tusk\n|-resisted|p2a: Great Tusk\n|-damage|p2a: Great Tusk|83\/100\n|\n|t:|1700642552\n|switch|p1a: Houndoom|Houndoom-Mega, M|100\/100|[from] U-turn\n|\n|upkeep\n|turn|8\n|\n|t:|1700642561\n|move|p1a: Houndoom|Fire Blast|p2a: Great Tusk\n|-damage|p2a: Great Tusk|0 fnt\n|faint|p2a: Great Tusk\n|-end|p2a: Great Tusk|Protosynthesis|[silent]\n|\n|upkeep\n|\n|t:|1700642564\n|switch|p2a: Charizard|Charizard, M|100\/100\n|turn|9\n|\n|t:|1700642585\n|move|p1a: Houndoom|Dark Pulse|p2a: Charizard\n|-damage|p2a: Charizard|47\/100\n|move|p2a: Charizard|Air Slash|p1a: Houndoom\n|-damage|p1a: Houndoom|55\/100\n|\n|upkeep\n|turn|10\n|\n|t:|1700642598\n|switch|p2a: Sneasler|Sneasler, M|100\/100\n|move|p1a: Houndoom|Dark Pulse|p2a: Sneasler\n|-resisted|p2a: Sneasler\n|-damage|p2a: Sneasler|68\/100\n|\n|upkeep\n|turn|11\n|\n|t:|1700642607\n|switch|p1a: Scizor|Scizor, F|100\/100\n|move|p2a: Sneasler|Swords Dance|p2a: Sneasler\n|-boost|p2a: Sneasler|atk|2\n|\n|upkeep\n|turn|12\n|inactive|TheSunKing1 has 120 seconds left.\n|\n|t:|1700642636\n|switch|p1a: Landorus|Landorus-Therian, M|49\/100 psn\n|-ability|p1a: Landorus|Intimidate|boost\n|-unboost|p2a: Sneasler|atk|1\n|move|p2a: Sneasler|Close Combat|p1a: Landorus\n|-resisted|p1a: Landorus\n|-damage|p1a: Landorus|5\/100 psn\n|-unboost|p2a: Sneasler|def|1\n|-unboost|p2a: Sneasler|spd|1\n|\n|-damage|p1a: Landorus|0 fnt|[from] psn\n|faint|p1a: Landorus\n|upkeep\n|inactive|TheSunKing1 has 120 seconds left.\n|\n|t:|1700642654\n|switch|p1a: Scizor|Scizor, F|100\/100\n|turn|13\n|\n|t:|1700642657\n|switch|p2a: Charizard|Charizard, M|47\/100\n|move|p1a: Scizor|U-turn|p2a: Charizard\n|-resisted|p2a: Charizard\n|-crit|p2a: Charizard\n|-damage|p2a: Charizard|32\/100\n|inactive|TheSunKing1 has 120 seconds left.\n|\n|t:|1700642682\n|switch|p1a: Houndoom|Houndoom-Mega, M|55\/100|[from] U-turn\n|\n|upkeep\n|turn|14\n|\n|t:|1700642691\n|switch|p2a: Garganacl|Garganacl, M|100\/100\n|move|p1a: Houndoom|Dark Pulse|p2a: Garganacl\n|-damage|p2a: Garganacl|62\/100\n|\n|-heal|p2a: Garganacl|69\/100|[from] item: Leftovers\n|upkeep\n|turn|15\n|\n|t:|1700642711\n|move|p1a: Houndoom|Dark Pulse|p2a: Garganacl\n|-damage|p2a: Garganacl|25\/100\n|move|p2a: Garganacl|Salt Cure|p1a: Houndoom\n|-supereffective|p1a: Houndoom\n|-damage|p1a: Houndoom|21\/100\n|-start|p1a: Houndoom|Salt Cure\n|\n|-heal|p2a: Garganacl|31\/100|[from] item: Leftovers\n|-damage|p1a: Houndoom|9\/100|[from] Salt Cure\n|upkeep\n|turn|16\n|\n|t:|1700642724\n|move|p1a: Houndoom|Dark Pulse|p2a: Garganacl\n|-damage|p2a: Garganacl|0 fnt\n|faint|p2a: Garganacl\n|\n|-damage|p1a: Houndoom|0 fnt|[from] Salt Cure\n|faint|p1a: Houndoom\n|upkeep\n|\n|t:|1700642735\n|switch|p1a: Heatran|Heatran, F|100\/100\n|switch|p2a: Charizard|Charizard, M|32\/100\n|-item|p1a: Heatran|Air Balloon\n|turn|17\n|inactive|TheSunKing1 has 90 seconds left.\n|\n|t:|1700642762\n|move|p1a: Heatran|Toxic|p2a: Charizard\n|-status|p2a: Charizard|tox\n|move|p2a: Charizard|Air Slash|p1a: Heatran|[miss]\n|-miss|p2a: Charizard|p1a: Heatran\n|\n|-damage|p2a: Charizard|26\/100 tox|[from] psn\n|upkeep\n|turn|18\n|\n|t:|1700642772\n|move|p1a: Heatran|Magma Storm|p2a: Charizard\n|-resisted|p2a: Charizard\n|-damage|p2a: Charizard|0 fnt\n|faint|p2a: Charizard\n|\n|upkeep\n|\n|t:|1700642777\n|switch|p2a: Rillaboom|Rillaboom, M|100\/100\n|-fieldstart|move: Grassy Terrain|[from] ability: Grassy Surge|[of] p2a: Rillaboom\n|turn|19\n|\n|t:|1700642790\n|move|p1a: Heatran|Magma Storm|p2a: Rillaboom\n|-supereffective|p2a: Rillaboom\n|-damage|p2a: Rillaboom|0 fnt\n|faint|p2a: Rillaboom\n|\n|upkeep\n|j| ysf test2\n|\n|t:|1700642793\n|switch|p2a: Sneasler|Sneasler, M|68\/100\n|-enditem|p2a: Sneasler|Grassy Seed\n|-boost|p2a: Sneasler|def|1|[from] item: Grassy Seed\n|turn|20\n|\n|t:|1700642801\n|move|p2a: Sneasler|Close Combat|p1a: Heatran\n|-supereffective|p1a: Heatran\n|-damage|p1a: Heatran|0 fnt\n|-unboost|p2a: Sneasler|def|1\n|-unboost|p2a: Sneasler|spd|1\n|-enditem|p1a: Heatran|Air Balloon\n|faint|p1a: Heatran\n|\n|-heal|p2a: Sneasler|74\/100|[from] Grassy Terrain\n|upkeep\n|\n|t:|1700642804\n|switch|p1a: Torkoal|Torkoal, M|100\/100\n|-weather|SunnyDay|[from] ability: Drought|[of] p1a: Torkoal\n|turn|21\n|inactive|TheSunKing1 has 120 seconds left.\n|\n|t:|1700642815\n|move|p2a: Sneasler|Dire Claw|p1a: Torkoal\n|-damage|p1a: Torkoal|73\/100\n|move|p1a: Torkoal|Body Press|p2a: Sneasler\n|-resisted|p2a: Sneasler\n|-damage|p2a: Sneasler|51\/100\n|\n|-weather|SunnyDay|[upkeep]\n|-heal|p2a: Sneasler|57\/100|[from] Grassy Terrain\n|-heal|p1a: Torkoal|79\/100|[from] Grassy Terrain\n|upkeep\n|turn|22\n|inactive|TheSunKing1 has 120 seconds left.\n|\n|t:|1700642825\n|move|p2a: Sneasler|Dire Claw|p1a: Torkoal\n|-damage|p1a: Torkoal|53\/100\n|move|p1a: Torkoal|Overheat|p2a: Sneasler\n|-damage|p2a: Sneasler|0 fnt\n|-unboost|p1a: Torkoal|spa|2\n|faint|p2a: Sneasler\n|\n|win|TheSunKing1\n|raw|TheSunKing1's rating: 1729 &rarr; <strong>1754<\/strong><br \/>(+25 for winning)\n|raw|afnkm's rating: 1812 &rarr; <strong>1787<\/strong><br \/>(-25 for losing)\n|l|\u203dafnkm\n|l| ysf test2\n","uploadtime":1700642852,"views":2,"p1id":"thesunking1","p2id":"afnkm","formatid":"gen9nationaldex","rating":1754,"private":0,"password":""}