{"id":"gen9nationaldex-1997334482","p1":"Tokiwakano","p2":"Alexander90281","format":"[Gen 9] National Dex","log":"|html|<div class=\"broadcast-blue\"><strong>[Gen 9] National Dex is currently suspecting Sneasler! For information on how to participate check out the <a href=\"https:\/\/www.smogon.com\/forums\/threads\/sv-national-dex-suspect-8-just-dance.3731534\/\">suspect thread<\/a>.<\/strong><\/div>\n|j|\u203dTokiwakano\n|j|\u2606Alexander90281\n|t:|1700790776\n|gametype|singles\n|player|p1|Tokiwakano|caitlin|1764\n|player|p2|Alexander90281|tateandliza-gen6|1660\n|teamsize|p1|6\n|teamsize|p2|6\n|gen|9\n|tier|[Gen 9] National Dex\n|rated|\n|rule|HP Percentage Mod: HP is shown in percentages\n|rule|Endless Battle Clause: Forcing endless battles is banned\n|rule|OHKO Clause: OHKO moves are banned\n|rule|Evasion Clause: Evasion abilities, items, and moves are banned\n|rule|Evasion Abilities Clause: Evasion abilities are banned\n|rule|Evasion Items Clause: Evasion items are banned\n|rule|Evasion Moves Clause: Evasion moves are banned\n|rule|Species Clause: Limit one of each Pok\u00e9mon\n|rule|Sleep Clause Mod: Limit one foe put to sleep\n|clearpoke\n|poke|p1|Tapu Koko|\n|poke|p1|Iron Valiant|\n|poke|p1|Garchomp, M|\n|poke|p1|Ferrothorn, M|\n|poke|p1|Scizor, M|\n|poke|p1|Landorus-Therian, M|\n|poke|p2|Mimikyu, M|\n|poke|p2|Hatterene, F|\n|poke|p2|Marowak-Alola, M|\n|poke|p2|Victini|\n|poke|p2|Mawile, M|\n|poke|p2|Keldeo-Resolute|\n|teampreview\n|inactive|Battle timer is ON: inactive players will automatically lose when time's up. (requested by Tokiwakano)\n|inactive|Alexander90281 has 120 seconds left.\n|\n|t:|1700790815\n|start\n|switch|p1a: Tapu Koko|Tapu Koko|100\/100\n|switch|p2a: Victini|Victini|100\/100\n|-fieldstart|move: Electric Terrain|[from] ability: Electric Surge|[of] p1a: Tapu Koko\n|turn|1\n|\n|t:|1700790828\n|switch|p1a: Landorus|Landorus-Therian, M|100\/100\n|-ability|p1a: Landorus|Intimidate|boost\n|-unboost|p2a: Victini|atk|1\n|move|p2a: Victini|Final Gambit|p1a: Landorus\n|-damage|p1a: Landorus|0 fnt\n|faint|p2a: Victini\n|faint|p1a: Landorus\n|\n|upkeep\n|inactive|Alexander90281 has 120 seconds left.\n|j| one eye ding zhen\n|inactive|Alexander90281 has 90 seconds left.\n|\n|t:|1700790904\n|switch|p2a: Hatterene|Hatterene, F|100\/100\n|switch|p1a: Tapu Koko|Tapu Koko|100\/100\n|turn|2\n|\n|t:|1700790912\n|move|p1a: Tapu Koko|Volt Switch|p2a: Hatterene\n|-damage|p2a: Hatterene|58\/100\n|\n|t:|1700790915\n|switch|p1a: Scizor|Scizor, M|100\/100|[from] Volt Switch\n|move|p2a: Hatterene|Trick Room|p2a: Hatterene\n|-fieldstart|move: Trick Room|[of] p2a: Hatterene\n|\n|upkeep\n|turn|3\n|inactive|Alexander90281 has 90 seconds left.\n|inactive|Alexander90281 has 60 seconds left.\n|\n|t:|1700790956\n|switch|p1a: Garchomp|Garchomp, M|100\/100\n|-terastallize|p2a: Hatterene|Steel\n|move|p2a: Hatterene|Mystical Fire|p1a: Garchomp\n|-resisted|p1a: Garchomp\n|-damage|p1a: Garchomp|85\/100\n|-unboost|p1a: Garchomp|spa|1\n|\n|upkeep\n|turn|4\n|\n|t:|1700790965\n|move|p2a: Hatterene|Healing Wish|p2a: Hatterene\n|faint|p2a: Hatterene\n|move|p1a: Garchomp|Earthquake|p2: Hatterene|[notarget]\n|-fail|p1a: Garchomp\n|\n|upkeep\n|\n|t:|1700790971\n|switch|p2a: Mawile|Mawile, M|100\/100\n|-ability|p2a: Mawile|Intimidate|boost\n|-unboost|p1a: Garchomp|atk|1\n|turn|5\n|\n|t:|1700790976\n|switch|p1a: Scizor|Scizor, M|100\/100\n|detailschange|p2a: Mawile|Mawile-Mega, M\n|-mega|p2a: Mawile|Mawile|Mawilite\n|move|p2a: Mawile|Swords Dance|p2a: Mawile\n|-boost|p2a: Mawile|atk|2\n|\n|-fieldend|move: Electric Terrain\n|upkeep\n|turn|6\n|\n|t:|1700790992\n|detailschange|p1a: Scizor|Scizor-Mega, M\n|-mega|p1a: Scizor|Scizor|Scizorite\n|move|p1a: Scizor|Bullet Punch|p2a: Mawile\n|-damage|p2a: Mawile|72\/100\n|move|p2a: Mawile|Brick Break|p1a: Scizor\n|-damage|p1a: Scizor|28\/100\n|\n|-fieldend|move: Trick Room\n|upkeep\n|turn|7\n|\n|t:|1700791002\n|move|p1a: Scizor|Bullet Punch|p2a: Mawile\n|-damage|p2a: Mawile|43\/100\n|move|p2a: Mawile|Play Rough|p1a: Scizor\n|-resisted|p1a: Scizor\n|-damage|p1a: Scizor|0 fnt\n|faint|p1a: Scizor\n|\n|upkeep\n|\n|t:|1700791010\n|switch|p1a: Tapu Koko|Tapu Koko|100\/100\n|-fieldstart|move: Electric Terrain|[from] ability: Electric Surge|[of] p1a: Tapu Koko\n|turn|8\n|inactive|Alexander90281 has 90 seconds left.\n|\n|t:|1700791022\n|switch|p2a: Mimikyu|Mimikyu, M|100\/100\n|move|p1a: Tapu Koko|Volt Switch|p2a: Mimikyu\n|-activate|p2a: Mimikyu|ability: Disguise\n|-damage|p2a: Mimikyu|100\/100\n|detailschange|p2a: Mimikyu|Mimikyu-Busted, M\n|-damage|p2a: Mimikyu|88\/100|[from] pokemon: Mimikyu-Busted\n|\n|t:|1700791027\n|switch|p1a: Iron Valiant|Iron Valiant|100\/100|[from] Volt Switch\n|-activate|p1a: Iron Valiant|ability: Quark Drive\n|-start|p1a: Iron Valiant|quarkdrivespe\n|\n|upkeep\n|turn|9\n|\n|t:|1700791031\n|move|p2a: Mimikyu|Protect|p2a: Mimikyu\n|-singleturn|p2a: Mimikyu|Protect\n|move|p1a: Iron Valiant|Moonblast|p2a: Mimikyu\n|-activate|p2a: Mimikyu|move: Protect\n|\n|upkeep\n|turn|10\n|\n|t:|1700791035\n|move|p1a: Iron Valiant|Moonblast|p2a: Mimikyu\n|-crit|p2a: Mimikyu\n|-damage|p2a: Mimikyu|0 fnt\n|faint|p2a: Mimikyu\n|\n|upkeep\n|inactive|Alexander90281 has 90 seconds left.\n|\n|t:|1700791070\n|switch|p2a: Marowak|Marowak-Alola, M|100\/100\n|turn|11\n|\n|t:|1700791073\n|-end|p1a: Iron Valiant|Quark Drive|[silent]\n|switch|p1a: Ferrothorn|Ferrothorn, M|100\/100\n|move|p2a: Marowak|Flare Blitz|p1a: Ferrothorn\n|-supereffective|p1a: Ferrothorn\n|-damage|p1a: Ferrothorn|0 fnt\n|-damage|p2a: Marowak|88\/100|[from] ability: Iron Barbs|[of] p1a: Ferrothorn\n|faint|p1a: Ferrothorn\n|\n|upkeep\n|\n|t:|1700791078\n|switch|p1a: Garchomp|Garchomp, M|85\/100\n|turn|12\n|\n|t:|1700791081\n|move|p1a: Garchomp|Earthquake|p2a: Marowak\n|-supereffective|p2a: Marowak\n|-damage|p2a: Marowak|0 fnt\n|faint|p2a: Marowak\n|\n|-fieldend|move: Electric Terrain\n|upkeep\n|l| one eye ding zhen\n|\n|t:|1700791096\n|switch|p2a: Mawile|Mawile-Mega, M|43\/100\n|-heal|p2a: Mawile|100\/100|[from] move: Healing Wish\n|turn|13\n|\n|t:|1700791100\n|move|p1a: Garchomp|Earthquake|p2a: Mawile\n|-supereffective|p2a: Mawile\n|-damage|p2a: Mawile|2\/100\n|move|p2a: Mawile|Play Rough|p1a: Garchomp\n|-supereffective|p1a: Garchomp\n|-damage|p1a: Garchomp|0 fnt\n|-damage|p2a: Mawile|0 fnt|[from] ability: Rough Skin|[of] p1a: Garchomp\n|faint|p1a: Garchomp\n|faint|p2a: Mawile\n|\n|upkeep\n|\n|t:|1700791104\n|switch|p1a: Tapu Koko|Tapu Koko|100\/100\n|switch|p2a: Keldeo|Keldeo-Resolute|100\/100\n|-fieldstart|move: Electric Terrain|[from] ability: Electric Surge|[of] p1a: Tapu Koko\n|turn|14\n|\n|t:|1700791109\n|move|p1a: Tapu Koko|Dazzling Gleam|p2a: Keldeo\n|-supereffective|p2a: Keldeo\n|-damage|p2a: Keldeo|30\/100\n|move|p2a: Keldeo|Hydro Pump|p1a: Tapu Koko\n|-damage|p1a: Tapu Koko|6\/100\n|\n|upkeep\n|turn|15\n|\n|t:|1700791114\n|move|p1a: Tapu Koko|Volt Switch|p2a: Keldeo\n|-supereffective|p2a: Keldeo\n|-damage|p2a: Keldeo|0 fnt\n|faint|p2a: Keldeo\n|\n|win|Tokiwakano\n|raw|Tokiwakano's rating: 1764 &rarr; <strong>1778<\/strong><br \/>(+14 for winning)\n|raw|Alexander90281's rating: 1660 &rarr; <strong>1646<\/strong><br \/>(-14 for losing)\n|l|\u2606Alexander90281\n","uploadtime":1700791118,"views":6,"p1id":"tokiwakano","p2id":"alexander90281","formatid":"gen9nationaldex","rating":1646,"private":0,"password":""}