{"id":"gen9nationaldex-1989219420","p1":"SuperKamiMewtwo","p2":"fhjsdkhfjksdfsd","format":"[Gen 9] National Dex","log":"|j|\u2606SuperKamiMewtwo\n|j|\u203dfhjsdkhfjksdfsd\n|t:|1699824727\n|gametype|singles\n|player|p1|SuperKamiMewtwo|brawly|1167\n|player|p2|fhjsdkhfjksdfsd|dawn|1177\n|teamsize|p1|6\n|teamsize|p2|6\n|gen|9\n|tier|[Gen 9] National Dex\n|rated|\n|rule|HP Percentage Mod: HP is shown in percentages\n|rule|Endless Battle Clause: Forcing endless battles is banned\n|rule|OHKO Clause: OHKO moves are banned\n|rule|Evasion Clause: Evasion abilities, items, and moves are banned\n|rule|Evasion Abilities Clause: Evasion abilities are banned\n|rule|Evasion Items Clause: Evasion items are banned\n|rule|Evasion Moves Clause: Evasion moves are banned\n|rule|Species Clause: Limit one of each Pok\u00e9mon\n|rule|Sleep Clause Mod: Limit one foe put to sleep\n|clearpoke\n|poke|p1|Greninja-*, M|\n|poke|p1|Tapu Koko|\n|poke|p1|Iron Moth|\n|poke|p1|Landorus-Therian, M|\n|poke|p1|Iron Valiant|\n|poke|p1|Scizor, F|\n|poke|p2|Scream Tail|\n|poke|p2|Slowking-Galar, M|\n|poke|p2|Meowscarada, M|\n|poke|p2|Rotom-Wash|\n|poke|p2|Maushold|\n|poke|p2|Jirachi|\n|teampreview\n|inactive|Battle timer is ON: inactive players will automatically lose when time's up. (requested by SuperKamiMewtwo)\n|\n|t:|1699824757\n|start\n|switch|p1a: Tapu Koko|Tapu Koko|100\/100\n|switch|p2a: Slowking|Slowking-Galar, M|100\/100\n|-fieldstart|move: Electric Terrain|[from] ability: Electric Surge|[of] p1a: Tapu Koko\n|turn|1\n|\n|t:|1699824763\n|move|p1a: Tapu Koko|U-turn|p2a: Slowking\n|-damage|p2a: Slowking|83\/100\n|\n|t:|1699824765\n|switch|p1a: Landorus|Landorus-Therian, M|100\/100|[from] U-turn\n|-ability|p1a: Landorus|Intimidate|boost\n|-unboost|p2a: Slowking|atk|1\n|move|p2a: Slowking|Trick|p1a: Landorus\n|-activate|p2a: Slowking|move: Trick|[of] p1a: Landorus\n|-item|p1a: Landorus|Choice Scarf|[from] move: Trick\n|-item|p2a: Slowking|Rocky Helmet|[from] move: Trick\n|\n|upkeep\n|turn|2\n|\n|t:|1699824772\n|move|p1a: Landorus|Earthquake|p2a: Slowking\n|-supereffective|p2a: Slowking\n|-damage|p2a: Slowking|0 fnt\n|faint|p2a: Slowking\n|\n|upkeep\n|\n|t:|1699824776\n|switch|p2a: Rotom|Rotom-Wash|100\/100\n|turn|3\n|\n|t:|1699824785\n|switch|p1a: Tapu Koko|Tapu Koko|100\/100\n|move|p2a: Rotom|Will-O-Wisp|p1a: Tapu Koko\n|-status|p1a: Tapu Koko|brn\n|\n|-damage|p1a: Tapu Koko|94\/100 brn|[from] brn\n|upkeep\n|turn|4\n|\n|t:|1699824792\n|switch|p2a: Scream Tail|Scream Tail|100\/100\n|move|p1a: Tapu Koko|Thunderbolt|p2a: Scream Tail\n|-damage|p2a: Scream Tail|68\/100\n|\n|-damage|p1a: Tapu Koko|88\/100 brn|[from] brn\n|upkeep\n|turn|5\n|\n|t:|1699824801\n|move|p2a: Scream Tail|Trick|p1a: Tapu Koko\n|-activate|p2a: Scream Tail|move: Trick|[of] p1a: Tapu Koko\n|-item|p1a: Tapu Koko|Choice Scarf|[from] move: Trick\n|-item|p2a: Scream Tail|Heavy-Duty Boots|[from] move: Trick\n|move|p1a: Tapu Koko|U-turn|p2a: Scream Tail\n|-damage|p2a: Scream Tail|61\/100\n|\n|t:|1699824816\n|switch|p1a: Iron Moth|Iron Moth|100\/100|[from] U-turn\n|-activate|p1a: Iron Moth|ability: Quark Drive\n|-start|p1a: Iron Moth|quarkdrivespe\n|\n|-fieldend|move: Electric Terrain\n|-end|p1a: Iron Moth|Quark Drive\n|upkeep\n|turn|6\n|\n|t:|1699824820\n|-end|p2a: Scream Tail|Protosynthesis|[silent]\n|switch|p2a: Rotom|Rotom-Wash|100\/100\n|move|p1a: Iron Moth|Sludge Wave|p2a: Rotom\n|-damage|p2a: Rotom|45\/100\n|\n|upkeep\n|turn|7\n|\n|t:|1699824830\n|-end|p1a: Iron Moth|Quark Drive|[silent]\n|switch|p1a: Tapu Koko|Tapu Koko|88\/100 brn\n|-fieldstart|move: Electric Terrain|[from] ability: Electric Surge|[of] p1a: Tapu Koko\n|move|p2a: Rotom|Hydro Pump|p1a: Tapu Koko\n|-damage|p1a: Tapu Koko|26\/100 brn\n|\n|-damage|p1a: Tapu Koko|20\/100 brn|[from] brn\n|upkeep\n|turn|8\n|\n|t:|1699824838\n|switch|p2a: Scream Tail|Scream Tail|61\/100\n|move|p1a: Tapu Koko|Thunderbolt|p2a: Scream Tail\n|-damage|p2a: Scream Tail|30\/100\n|\n|-damage|p1a: Tapu Koko|14\/100 brn|[from] brn\n|upkeep\n|turn|9\n|\n|t:|1699824844\n|move|p1a: Tapu Koko|Thunderbolt|p2a: Scream Tail\n|-damage|p2a: Scream Tail|0 fnt\n|faint|p2a: Scream Tail\n|-end|p2a: Scream Tail|Protosynthesis|[silent]\n|\n|-damage|p1a: Tapu Koko|8\/100 brn|[from] brn\n|upkeep\n|\n|t:|1699824852\n|switch|p2a: Jirachi|Jirachi|100\/100\n|turn|10\n|\n|t:|1699824854\n|move|p1a: Tapu Koko|Thunderbolt|p2a: Jirachi\n|-damage|p2a: Jirachi|55\/100\n|move|p2a: Jirachi|U-turn|p1a: Tapu Koko\n|-resisted|p1a: Tapu Koko\n|-damage|p1a: Tapu Koko|0 fnt\n|faint|p1a: Tapu Koko\n|\n|t:|1699824858\n|switch|p2a: Meowscarada|Meowscarada, M|100\/100|[from] U-turn\n|\n|upkeep\n|\n|t:|1699824862\n|switch|p1a: Iron Moth|Iron Moth|100\/100\n|-activate|p1a: Iron Moth|ability: Quark Drive\n|-start|p1a: Iron Moth|quarkdrivespe\n|turn|11\n|\n|t:|1699824868\n|switch|p2a: Jirachi|Jirachi|55\/100\n|move|p1a: Iron Moth|Fiery Dance|p2a: Jirachi\n|-supereffective|p2a: Jirachi\n|-damage|p2a: Jirachi|0 fnt\n|-boost|p1a: Iron Moth|spa|1\n|faint|p2a: Jirachi\n|\n|-fieldend|move: Electric Terrain\n|-end|p1a: Iron Moth|Quark Drive\n|upkeep\n|\n|t:|1699824880\n|switch|p2a: Rotom|Rotom-Wash|45\/100\n|turn|12\n|\n|t:|1699824905\n|-end|p1a: Iron Moth|Quark Drive|[silent]\n|switch|p1a: Landorus|Landorus-Therian, M|100\/100\n|-ability|p1a: Landorus|Intimidate|boost\n|-unboost|p2a: Rotom|atk|1\n|move|p2a: Rotom|Hydro Pump|p1a: Landorus\n|-supereffective|p1a: Landorus\n|-damage|p1a: Landorus|8\/100\n|\n|upkeep\n|turn|13\n|\n|t:|1699824910\n|move|p2a: Rotom|Hydro Pump|p1a: Landorus\n|-supereffective|p1a: Landorus\n|-damage|p1a: Landorus|0 fnt\n|faint|p1a: Landorus\n|\n|upkeep\n|\n|t:|1699824914\n|switch|p1a: Scizor|Scizor, F|100\/100\n|turn|14\n|\n|t:|1699824917\n|switch|p2a: Maushold|Maushold|100\/100\n|detailschange|p1a: Scizor|Scizor-Mega, F\n|-mega|p1a: Scizor|Scizor|Scizorite\n|move|p1a: Scizor|Swords Dance|p1a: Scizor\n|-boost|p1a: Scizor|atk|2\n|\n|upkeep\n|turn|15\n|\n|t:|1699824925\n|move|p2a: Maushold|Encore|p1a: Scizor\n|-start|p1a: Scizor|Encore\n|move|p1a: Scizor|Swords Dance|p1a: Scizor\n|-boost|p1a: Scizor|atk|2\n|\n|upkeep\n|turn|16\n|\n|t:|1699824932\n|move|p2a: Maushold|Population Bomb|p1a: Scizor\n|-resisted|p1a: Scizor\n|-damage|p1a: Scizor|96\/100\n|-resisted|p1a: Scizor\n|-damage|p1a: Scizor|92\/100\n|-resisted|p1a: Scizor\n|-crit|p1a: Scizor\n|-damage|p1a: Scizor|85\/100\n|-resisted|p1a: Scizor\n|-damage|p1a: Scizor|82\/100\n|-resisted|p1a: Scizor\n|-damage|p1a: Scizor|78\/100\n|-resisted|p1a: Scizor\n|-damage|p1a: Scizor|74\/100\n|-resisted|p1a: Scizor\n|-damage|p1a: Scizor|70\/100\n|-resisted|p1a: Scizor\n|-damage|p1a: Scizor|65\/100\n|-resisted|p1a: Scizor\n|-crit|p1a: Scizor\n|-damage|p1a: Scizor|59\/100\n|-resisted|p1a: Scizor\n|-damage|p1a: Scizor|55\/100\n|-hitcount|p1a: Scizor|10\n|move|p1a: Scizor|Swords Dance|p1a: Scizor\n|-boost|p1a: Scizor|atk|2\n|\n|upkeep\n|turn|17\n|\n|t:|1699824935\n|move|p2a: Maushold|Population Bomb|p1a: Scizor\n|-resisted|p1a: Scizor\n|-crit|p1a: Scizor\n|-damage|p1a: Scizor|49\/100\n|-resisted|p1a: Scizor\n|-damage|p1a: Scizor|44\/100\n|-resisted|p1a: Scizor\n|-damage|p1a: Scizor|40\/100\n|-resisted|p1a: Scizor\n|-damage|p1a: Scizor|36\/100\n|-resisted|p1a: Scizor\n|-damage|p1a: Scizor|31\/100\n|-resisted|p1a: Scizor\n|-damage|p1a: Scizor|28\/100\n|-resisted|p1a: Scizor\n|-damage|p1a: Scizor|24\/100\n|-resisted|p1a: Scizor\n|-damage|p1a: Scizor|20\/100\n|-resisted|p1a: Scizor\n|-damage|p1a: Scizor|16\/100\n|-resisted|p1a: Scizor\n|-damage|p1a: Scizor|12\/100\n|-hitcount|p1a: Scizor|10\n|move|p1a: Scizor|Swords Dance|p1a: Scizor\n|-boost|p1a: Scizor|atk|0\n|\n|-end|p1a: Scizor|Encore\n|upkeep\n|turn|18\n|\n|t:|1699824949\n|switch|p2a: Meowscarada|Meowscarada, M|100\/100\n|move|p1a: Scizor|Bullet Punch|p2a: Meowscarada\n|-damage|p2a: Meowscarada|0 fnt\n|faint|p2a: Meowscarada\n|\n|upkeep\n|\n|t:|1699824951\n|switch|p2a: Rotom|Rotom-Wash|45\/100\n|turn|19\n|\n|t:|1699824954\n|move|p1a: Scizor|Bullet Punch|p2a: Rotom\n|-resisted|p2a: Rotom\n|-damage|p2a: Rotom|6\/100\n|move|p2a: Rotom|Volt Switch|p1a: Scizor\n|-damage|p1a: Scizor|0 fnt\n|faint|p1a: Scizor\n|\n|t:|1699824957\n|switch|p2a: Maushold|Maushold|100\/100|[from] Volt Switch\n|\n|upkeep\n|\n|t:|1699824961\n|switch|p1a: Iron Valiant|Iron Valiant|100\/100\n|turn|20\n|\n|t:|1699824963\n|-terastallize|p2a: Maushold|Ghost\n|move|p1a: Iron Valiant|Close Combat|p2a: Maushold\n|-immune|p2a: Maushold\n|move|p2a: Maushold|Tidy Up|p2a: Maushold\n|-boost|p2a: Maushold|atk|1\n|-boost|p2a: Maushold|spe|1\n|\n|upkeep\n|turn|21\n|\n|t:|1699824966\n|move|p2a: Maushold|Population Bomb|p1a: Iron Valiant\n|-damage|p1a: Iron Valiant|80\/100\n|-damage|p1a: Iron Valiant|59\/100\n|-damage|p1a: Iron Valiant|36\/100\n|-damage|p1a: Iron Valiant|15\/100\n|-damage|p1a: Iron Valiant|0 fnt\n|faint|p1a: Iron Valiant\n|-end|p1a: Iron Valiant|Quark Drive|[silent]\n|-hitcount|p1: Iron Valiant|5\n|\n|upkeep\n|c|\u203dfhjsdkhfjksdfsd|\/log fhjsdkhfjksdfsd made this room public.\n|\n|t:|1699824972\n|switch|p1a: Iron Moth|Iron Moth|100\/100\n|turn|22\n|inactive|fhjsdkhfjksdfsd also wants the timer to be on.\n|\n|t:|1699824976\n|move|p2a: Maushold|Population Bomb|p1a: Iron Moth\n|-damage|p1a: Iron Moth|77\/100\n|-damage|p1a: Iron Moth|54\/100\n|-damage|p1a: Iron Moth|32\/100\n|-damage|p1a: Iron Moth|9\/100\n|-damage|p1a: Iron Moth|0 fnt\n|faint|p1a: Iron Moth\n|-end|p1a: Iron Moth|Quark Drive|[silent]\n|-hitcount|p1: Iron Moth|5\n|\n|upkeep\n|\n|t:|1699824983\n|switch|p1a: Greninja|Greninja, M|100\/100\n|turn|23\n|\n|t:|1699824988\n|-terastallize|p1a: Greninja|Water\n|move|p1a: Greninja|Water Shuriken|p2a: Maushold\n|-damage|p2a: Maushold|84\/100\n|-damage|p2a: Maushold|65\/100\n|-hitcount|p2a: Maushold|2\n|-damage|p1a: Greninja|91\/100|[from] item: Life Orb\n|move|p2a: Maushold|Population Bomb|p1a: Greninja\n|-damage|p1a: Greninja|62\/100\n|-damage|p1a: Greninja|35\/100\n|-damage|p1a: Greninja|7\/100\n|-damage|p1a: Greninja|0 fnt\n|faint|p1a: Greninja\n|-hitcount|p1: Greninja|4\n|\n|win|fhjsdkhfjksdfsd\n|raw|SuperKamiMewtwo's rating: 1167 &rarr; <strong>1146<\/strong><br \/>(-21 for losing)\n|raw|fhjsdkhfjksdfsd's rating: 1217 &rarr; <strong>1238<\/strong><br \/>(+21 for winning)\n","uploadtime":1699824995,"views":4,"p1id":"superkamimewtwo","p2id":"fhjsdkhfjksdfsd","formatid":"gen9nationaldex","rating":1146,"private":0,"password":""}