{"id":"gen9nationaldex-1989956523","p1":"Theadonia","p2":"BenjaminDuddy","format":"[Gen 9] National Dex","log":"|j|\u2606Theadonia\n|j|\u2606BenjaminDuddy\n|t:|1699910025\n|gametype|singles\n|player|p1|Theadonia|roxie|1173\n|player|p2|BenjaminDuddy|acetrainer-gen4dp|1174\n|teamsize|p1|6\n|teamsize|p2|6\n|gen|9\n|tier|[Gen 9] National Dex\n|rated|\n|rule|HP Percentage Mod: HP is shown in percentages\n|rule|Endless Battle Clause: Forcing endless battles is banned\n|rule|OHKO Clause: OHKO moves are banned\n|rule|Evasion Clause: Evasion abilities, items, and moves are banned\n|rule|Evasion Abilities Clause: Evasion abilities are banned\n|rule|Evasion Items Clause: Evasion items are banned\n|rule|Evasion Moves Clause: Evasion moves are banned\n|rule|Species Clause: Limit one of each Pok\u00e9mon\n|rule|Sleep Clause Mod: Limit one foe put to sleep\n|clearpoke\n|poke|p1|Torterra, F|\n|poke|p1|Furret, F|\n|poke|p1|Ribombee, F|\n|poke|p1|Arcanine-Hisui, M|\n|poke|p1|Gyarados, F|\n|poke|p1|Muk-Alola, F|\n|poke|p2|Eiscue, M|\n|poke|p2|Arbok, F|\n|poke|p2|Scizor, M|\n|poke|p2|Zoroark-Hisui, F|\n|poke|p2|Mantine, M|\n|poke|p2|Landorus-Therian, M|\n|teampreview\n|inactive|Battle timer is ON: inactive players will automatically lose when time's up. (requested by BenjaminDuddy)\n|\n|t:|1699910032\n|start\n|switch|p1a: Torterra|Torterra, F|100\/100\n|switch|p2a: Landorus|Landorus-Therian, M|100\/100\n|-ability|p2a: Landorus|Intimidate|boost\n|-unboost|p1a: Torterra|atk|1\n|turn|1\n|\n|t:|1699910040\n|switch|p1a: Gyarados|Gyarados, F, shiny|100\/100\n|-ability|p1a: Gyarados|Intimidate|boost\n|-unboost|p2a: Landorus|atk|1\n|move|p2a: Landorus|Knock Off|p1a: Gyarados\n|-damage|p1a: Gyarados|80\/100\n|\n|upkeep\n|turn|2\n|\n|t:|1699910045\n|move|p2a: Landorus|U-turn|p1a: Gyarados\n|-resisted|p1a: Gyarados\n|-crit|p1a: Gyarados\n|-damage|p1a: Gyarados|55\/100\n|\n|t:|1699910049\n|switch|p2a: Eiscue|Eiscue, M|100\/100|[from] U-turn\n|move|p1a: Gyarados|Dragon Dance|p1a: Gyarados\n|-boost|p1a: Gyarados|atk|1\n|-boost|p1a: Gyarados|spe|1\n|\n|upkeep\n|turn|3\n|\n|t:|1699910058\n|switch|p1a: Muk|Muk-Alola, F, shiny|100\/100\n|move|p2a: Eiscue|Substitute|p2a: Eiscue\n|-start|p2a: Eiscue|Substitute\n|-damage|p2a: Eiscue|75\/100\n|\n|upkeep\n|turn|4\n|\n|t:|1699910064\n|move|p2a: Eiscue|Belly Drum|p2a: Eiscue\n|-damage|p2a: Eiscue|25\/100\n|-setboost|p2a: Eiscue|atk|6|[from] move: Belly Drum\n|-enditem|p2a: Eiscue|Salac Berry|[eat]\n|-boost|p2a: Eiscue|spe|1|[from] item: Salac Berry\n|move|p1a: Muk|Acid Armor|p1a: Muk\n|-boost|p1a: Muk|def|2\n|\n|upkeep\n|turn|5\n|\n|t:|1699910071\n|move|p2a: Eiscue|Ice Spinner|p1a: Muk\n|-damage|p1a: Muk|42\/100\n|move|p1a: Muk|Drain Punch|p2a: Eiscue\n|-supereffective|p2a: Eiscue\n|-end|p2a: Eiscue|Substitute\n|-heal|p1a: Muk|51\/100|[from] drain|[of] p2a: Eiscue\n|\n|-heal|p1a: Muk|57\/100|[from] item: Black Sludge\n|upkeep\n|turn|6\n|\n|t:|1699910076\n|move|p2a: Eiscue|Ice Spinner|p1a: Muk\n|-damage|p1a: Muk|0 fnt\n|faint|p1a: Muk\n|\n|upkeep\n|\n|t:|1699910079\n|switch|p1a: Arcanine|Arcanine-Hisui, M, shiny|100\/100\n|turn|7\n|\n|t:|1699910084\n|move|p2a: Eiscue|Liquidation|p1a: Arcanine\n|-supereffective|p1a: Arcanine\n|-damage|p1a: Arcanine|0 fnt\n|faint|p1a: Arcanine\n|\n|upkeep\n|\n|t:|1699910086\n|switch|p1a: Ribombee|Ribombee, F|100\/100\n|turn|8\n|\n|t:|1699910092\n|move|p1a: Ribombee|Pollen Puff|p2a: Eiscue\n|-damage|p2a: Eiscue|0 fnt\n|faint|p2a: Eiscue\n|\n|upkeep\n|\n|t:|1699910096\n|switch|p2a: Scizor|Scizor, M|100\/100\n|turn|9\n|\n|t:|1699910101\n|move|p2a: Scizor|Bullet Punch|p1a: Ribombee\n|-supereffective|p1a: Ribombee\n|-enditem|p1a: Ribombee|Focus Sash\n|-damage|p1a: Ribombee|1\/100\n|move|p1a: Ribombee|Sticky Web|p2a: Scizor\n|-sidestart|p2: BenjaminDuddy|move: Sticky Web\n|\n|upkeep\n|turn|10\n|\n|t:|1699910105\n|move|p2a: Scizor|Bullet Punch|p1a: Ribombee\n|-supereffective|p1a: Ribombee\n|-damage|p1a: Ribombee|0 fnt\n|faint|p1a: Ribombee\n|\n|upkeep\n|\n|t:|1699910109\n|switch|p1a: Gyarados|Gyarados, F, shiny|55\/100\n|-ability|p1a: Gyarados|Intimidate|boost\n|-unboost|p2a: Scizor|atk|1\n|turn|11\n|\n|t:|1699910113\n|move|p1a: Gyarados|Dragon Dance|p1a: Gyarados\n|-boost|p1a: Gyarados|atk|1\n|-boost|p1a: Gyarados|spe|1\n|move|p2a: Scizor|U-turn|p1a: Gyarados\n|-resisted|p1a: Gyarados\n|-damage|p1a: Gyarados|38\/100\n|\n|t:|1699910116\n|switch|p2a: Landorus|Landorus-Therian, M|100\/100|[from] U-turn\n|-ability|p2a: Landorus|Intimidate|boost\n|-unboost|p1a: Gyarados|atk|1\n|\n|upkeep\n|turn|12\n|\n|t:|1699910122\n|move|p1a: Gyarados|Waterfall|p2a: Landorus\n|-supereffective|p2a: Landorus\n|-damage|p2a: Landorus|0 fnt\n|faint|p2a: Landorus\n|\n|upkeep\n|\n|t:|1699910126\n|switch|p2a: Mantine|Mantine, M|100\/100\n|turn|13\n|\n|t:|1699910131\n|detailschange|p1a: Gyarados|Gyarados-Mega, F, shiny\n|-mega|p1a: Gyarados|Gyarados|Gyaradosite\n|-ability|p1a: Gyarados|Mold Breaker\n|move|p1a: Gyarados|Crunch|p2a: Mantine\n|-damage|p2a: Mantine|39\/100\n|-unboost|p2a: Mantine|def|1\n|move|p2a: Mantine|Defog|p1a: Gyarados\n|-unboost|p1a: Gyarados|evasion|1\n|-sideend|p2: BenjaminDuddy|Sticky Web|[from] move: Defog|[of] p2a: Mantine\n|\n|upkeep\n|turn|14\n|\n|t:|1699910138\n|move|p1a: Gyarados|Crunch|p2a: Mantine\n|-damage|p2a: Mantine|0 fnt\n|faint|p2a: Mantine\n|\n|upkeep\n|\n|t:|1699910141\n|switch|p2a: Scizor|Scizor, M|100\/100\n|turn|15\n|\n|t:|1699910144\n|move|p1a: Gyarados|Waterfall|p2a: Scizor\n|-damage|p2a: Scizor|47\/100\n|move|p2a: Scizor|U-turn|p1a: Gyarados\n|-supereffective|p1a: Gyarados\n|-damage|p1a: Gyarados|0 fnt\n|faint|p1a: Gyarados\n|\n|t:|1699910149\n|switch|p2a: Scizor|Scizor, M|100\/100|[from] U-turn\n|\n|upkeep\n|\n|t:|1699910156\n|switch|p1a: Furret|Furret, F|100\/100\n|-item|p2a: Scizor|Focus Sash|[from] ability: Frisk|[of] p1a: Furret|[identify]\n|turn|16\n|\n|t:|1699910162\n|move|p2a: Scizor|Nasty Plot|p2a: Scizor\n|-boost|p2a: Scizor|spa|2\n|move|p1a: Furret|Knock Off|p2a: Scizor\n|-supereffective|p2a: Scizor\n|-damage|p2a: Scizor|7\/100\n|replace|p2a: Zoroark|Zoroark-Hisui, F\n|-end|p2a: Zoroark|Illusion\n|-enditem|p2a: Zoroark|Focus Sash|[from] move: Knock Off|[of] p1a: Furret\n|\n|upkeep\n|turn|17\n|\n|t:|1699910168\n|move|p1a: Furret|Sucker Punch|p2a: Zoroark\n|-supereffective|p2a: Zoroark\n|-damage|p2a: Zoroark|0 fnt\n|faint|p2a: Zoroark\n|\n|upkeep\n|\n|t:|1699910171\n|switch|p2a: Arbok|Arbok, F|100\/100\n|turn|18\n|\n|t:|1699910173\n|move|p1a: Furret|Tidy Up|p1a: Furret\n|-boost|p1a: Furret|atk|1\n|-boost|p1a: Furret|spe|1\n|move|p2a: Arbok|Coil|p2a: Arbok\n|-boost|p2a: Arbok|atk|1\n|-boost|p2a: Arbok|def|1\n|-boost|p2a: Arbok|accuracy|1\n|\n|upkeep\n|turn|19\n|\n|t:|1699910178\n|move|p1a: Furret|Knock Off|p2a: Arbok\n|-damage|p2a: Arbok|69\/100\n|-enditem|p2a: Arbok|Black Sludge|[from] move: Knock Off|[of] p1a: Furret\n|move|p2a: Arbok|Gunk Shot|p1a: Furret\n|-crit|p1a: Furret\n|-damage|p1a: Furret|0 fnt\n|faint|p1a: Furret\n|\n|upkeep\n|\n|t:|1699910181\n|switch|p1a: Torterra|Torterra, F|100\/100\n|turn|20\n|\n|t:|1699910184\n|move|p1a: Torterra|Headlong Rush|p2a: Arbok\n|-supereffective|p2a: Arbok\n|-damage|p2a: Arbok|0 fnt\n|-unboost|p1a: Torterra|def|1\n|-unboost|p1a: Torterra|spd|1\n|faint|p2a: Arbok\n|\n|upkeep\n|\n|t:|1699910188\n|switch|p2a: Scizor|Scizor, M|47\/100\n|turn|21\n|\n|t:|1699910192\n|move|p1a: Torterra|Headlong Rush|p2a: Scizor\n|-damage|p2a: Scizor|0 fnt\n|-unboost|p1a: Torterra|def|1\n|-unboost|p1a: Torterra|spd|1\n|faint|p2a: Scizor\n|\n|win|Theadonia\n|raw|Theadonia's rating: 1173 &rarr; <strong>1198<\/strong><br \/>(+25 for winning)\n|raw|BenjaminDuddy's rating: 1174 &rarr; <strong>1149<\/strong><br \/>(-25 for losing)\n|l|\u2606BenjaminDuddy\n|c|\u2606Theadonia|Ggwp\n","uploadtime":1699910202,"views":4,"p1id":"theadonia","p2id":"benjaminduddy","formatid":"gen9nationaldex","rating":1149,"private":0,"password":""}