{"id":"gen9nationaldex-1990945375","p1":"Sakni","p2":"TrivagoGuy","format":"[Gen 9] National Dex","log":"|j|\u2606Sakni\n|j|\u2606TrivagoGuy\n|t:|1700018172\n|gametype|singles\n|player|p1|Sakni|alec-anime|1446\n|player|p2|TrivagoGuy|ruinmaniac|1512\n|teamsize|p1|6\n|teamsize|p2|6\n|gen|9\n|tier|[Gen 9] National Dex\n|rated|\n|rule|HP Percentage Mod: HP is shown in percentages\n|rule|Endless Battle Clause: Forcing endless battles is banned\n|rule|OHKO Clause: OHKO moves are banned\n|rule|Evasion Clause: Evasion abilities, items, and moves are banned\n|rule|Evasion Abilities Clause: Evasion abilities are banned\n|rule|Evasion Items Clause: Evasion items are banned\n|rule|Evasion Moves Clause: Evasion moves are banned\n|rule|Species Clause: Limit one of each Pok\u00e9mon\n|rule|Sleep Clause Mod: Limit one foe put to sleep\n|clearpoke\n|poke|p1|Tapu Lele|\n|poke|p1|Volcarona, F|\n|poke|p1|Lopunny, F|\n|poke|p1|Tapu Fini|\n|poke|p1|Garganacl, M|\n|poke|p1|Moltres|\n|poke|p2|Golisopod, M|\n|poke|p2|Skarmory, F|\n|poke|p2|Seismitoad, F|\n|poke|p2|Pelipper, M|\n|poke|p2|Volcanion|\n|poke|p2|Diancie|\n|teampreview\n|\n|t:|1700018193\n|start\n|switch|p1a: Garganacl|Garganacl, M|100\/100\n|switch|p2a: Volcanion|Volcanion|100\/100\n|turn|1\n|inactive|Battle timer is ON: inactive players will automatically lose when time's up. (requested by Sakni)\n|\n|t:|1700018196\n|move|p2a: Volcanion|Steam Eruption|p1a: Garganacl\n|-supereffective|p1a: Garganacl\n|-damage|p1a: Garganacl|0 fnt\n|faint|p1a: Garganacl\n|\n|upkeep\n|\n|t:|1700018203\n|switch|p1a: Volcarona|Volcarona, F|100\/100\n|turn|2\n|\n|t:|1700018208\n|switch|p1a: Oshun|Tapu Fini, shiny|100\/100\n|-fieldstart|move: Misty Terrain|[from] ability: Misty Surge|[of] p1a: Oshun\n|switch|p2a: Golisopod|Golisopod, M|100\/100\n|\n|upkeep\n|turn|3\n|\n|t:|1700018233\n|switch|p2a: Volcanion|Volcanion|100\/100\n|move|p1a: Oshun|Calm Mind|p1a: Oshun\n|-boost|p1a: Oshun|spa|1\n|-boost|p1a: Oshun|spd|1\n|\n|upkeep\n|turn|4\n|\n|t:|1700018236\n|move|p1a: Oshun|Calm Mind|p1a: Oshun\n|-boost|p1a: Oshun|spa|1\n|-boost|p1a: Oshun|spd|1\n|move|p2a: Volcanion|Sludge Wave|p1a: Oshun\n|-supereffective|p1a: Oshun\n|-damage|p1a: Oshun|56\/100\n|\n|-heal|p1a: Oshun|62\/100|[from] item: Leftovers\n|upkeep\n|turn|5\n|\n|t:|1700018238\n|move|p1a: Oshun|Calm Mind|p1a: Oshun\n|-boost|p1a: Oshun|spa|1\n|-boost|p1a: Oshun|spd|1\n|move|p2a: Volcanion|Sludge Wave|p1a: Oshun\n|-supereffective|p1a: Oshun\n|-damage|p1a: Oshun|22\/100\n|\n|-heal|p1a: Oshun|29\/100|[from] item: Leftovers\n|upkeep\n|turn|6\n|\n|t:|1700018241\n|move|p1a: Oshun|Draining Kiss|p2a: Volcanion\n|-resisted|p2a: Volcanion\n|-damage|p2a: Volcanion|77\/100\n|-heal|p1a: Oshun|48\/100|[from] drain|[of] p2a: Volcanion\n|move|p2a: Volcanion|Sludge Wave|p1a: Oshun\n|-supereffective|p1a: Oshun\n|-damage|p1a: Oshun|10\/100\n|\n|-heal|p1a: Oshun|16\/100|[from] item: Leftovers\n|-fieldend|Misty Terrain\n|upkeep\n|turn|7\n|\n|t:|1700018248\n|move|p1a: Oshun|Draining Kiss|p2a: Volcanion\n|-resisted|p2a: Volcanion\n|-damage|p2a: Volcanion|53\/100\n|-heal|p1a: Oshun|35\/100|[from] drain|[of] p2a: Volcanion\n|move|p2a: Volcanion|Sludge Wave|p1a: Oshun\n|-supereffective|p1a: Oshun\n|-damage|p1a: Oshun|0 fnt\n|faint|p1a: Oshun\n|\n|upkeep\n|\n|t:|1700018253\n|switch|p1a: Volcarona|Volcarona, F|100\/100\n|turn|8\n|\n|t:|1700018255\n|switch|p2a: Golisopod|Golisopod, M|100\/100\n|move|p1a: Volcarona|Substitute|p1a: Volcarona\n|-start|p1a: Volcarona|Substitute\n|-damage|p1a: Volcarona|76\/100\n|\n|-heal|p1a: Volcarona|82\/100|[from] item: Leftovers\n|upkeep\n|turn|9\n|\n|t:|1700018258\n|move|p2a: Golisopod|Sucker Punch||[still]\n|-fail|p2a: Golisopod\n|move|p1a: Volcarona|Quiver Dance|p1a: Volcarona\n|-boost|p1a: Volcarona|spa|1\n|-boost|p1a: Volcarona|spd|1\n|-boost|p1a: Volcarona|spe|1\n|\n|-heal|p1a: Volcarona|88\/100|[from] item: Leftovers\n|upkeep\n|turn|10\n|\n|t:|1700018261\n|move|p1a: Volcarona|Quiver Dance|p1a: Volcarona\n|-boost|p1a: Volcarona|spa|1\n|-boost|p1a: Volcarona|spd|1\n|-boost|p1a: Volcarona|spe|1\n|move|p2a: Golisopod|Liquidation|p1a: Volcarona\n|-supereffective|p1a: Volcarona\n|-end|p1a: Volcarona|Substitute\n|\n|-heal|p1a: Volcarona|94\/100|[from] item: Leftovers\n|upkeep\n|turn|11\n|\n|t:|1700018264\n|move|p2a: Golisopod|Sucker Punch||[still]\n|-fail|p2a: Golisopod\n|move|p1a: Volcarona|Substitute|p1a: Volcarona\n|-start|p1a: Volcarona|Substitute\n|-damage|p1a: Volcarona|69\/100\n|\n|-heal|p1a: Volcarona|75\/100|[from] item: Leftovers\n|upkeep\n|turn|12\n|\n|t:|1700018266\n|move|p1a: Volcarona|Giga Drain|p2a: Golisopod\n|-damage|p2a: Golisopod|63\/100\n|-heal|p1a: Volcarona|97\/100|[from] drain|[of] p2a: Golisopod\n|move|p2a: Golisopod|Liquidation|p1a: Volcarona\n|-supereffective|p1a: Volcarona\n|-end|p1a: Volcarona|Substitute\n|\n|-heal|p1a: Volcarona|100\/100|[from] item: Leftovers\n|upkeep\n|turn|13\n|\n|t:|1700018275\n|move|p1a: Volcarona|Substitute|p1a: Volcarona\n|-start|p1a: Volcarona|Substitute\n|-damage|p1a: Volcarona|76\/100\n|move|p2a: Golisopod|Liquidation|p1a: Volcarona\n|-supereffective|p1a: Volcarona\n|-end|p1a: Volcarona|Substitute\n|\n|-heal|p1a: Volcarona|82\/100|[from] item: Leftovers\n|upkeep\n|turn|14\n|\n|t:|1700018284\n|-terastallize|p1a: Volcarona|Grass\n|move|p1a: Volcarona|Quiver Dance|p1a: Volcarona\n|-boost|p1a: Volcarona|spa|1\n|-boost|p1a: Volcarona|spd|1\n|-boost|p1a: Volcarona|spe|1\n|move|p2a: Golisopod|Liquidation|p1a: Volcarona\n|-resisted|p1a: Volcarona\n|-damage|p1a: Volcarona|45\/100\n|\n|-heal|p1a: Volcarona|51\/100|[from] item: Leftovers\n|upkeep\n|turn|15\n|\n|t:|1700018288\n|move|p1a: Volcarona|Substitute|p1a: Volcarona\n|-start|p1a: Volcarona|Substitute\n|-damage|p1a: Volcarona|26\/100\n|move|p2a: Golisopod|Liquidation|p1a: Volcarona\n|-resisted|p1a: Volcarona\n|-end|p1a: Volcarona|Substitute\n|\n|-heal|p1a: Volcarona|32\/100|[from] item: Leftovers\n|upkeep\n|turn|16\n|\n|t:|1700018291\n|move|p1a: Volcarona|Giga Drain|p2a: Golisopod\n|-damage|p2a: Golisopod|0 fnt\n|-heal|p1a: Volcarona|68\/100|[from] drain|[of] p2a: Golisopod\n|faint|p2a: Golisopod\n|\n|-heal|p1a: Volcarona|74\/100|[from] item: Leftovers\n|upkeep\n|\n|t:|1700018299\n|switch|p2a: Skarmory|Skarmory, F|100\/100\n|turn|17\n|\n|t:|1700018304\n|-terastallize|p2a: Skarmory|Rock\n|move|p1a: Volcarona|Fiery Dance|p2a: Skarmory\n|-resisted|p2a: Skarmory\n|-damage|p2a: Skarmory|31\/100\n|move|p2a: Skarmory|Drill Peck|p1a: Volcarona\n|-supereffective|p1a: Volcarona\n|-damage|p1a: Volcarona|0 fnt\n|faint|p1a: Volcarona\n|\n|upkeep\n|\n|t:|1700018311\n|switch|p1a: Moltres|Moltres, shiny|100\/100\n|turn|18\n|\n|t:|1700018320\n|move|p1a: Moltres|Burn Up|p2a: Skarmory\n|-resisted|p2a: Skarmory\n|-damage|p2a: Skarmory|0 fnt\n|-start|p1a: Moltres|typechange|???\/Flying|[from] move: Burn Up\n|faint|p2a: Skarmory\n|\n|upkeep\n|\n|t:|1700018328\n|switch|p2a: Diancie|Diancie|100\/100\n|turn|19\n|\n|t:|1700018331\n|move|p1a: Moltres|U-turn|p2a: Diancie\n|-resisted|p2a: Diancie\n|-damage|p2a: Diancie|95\/100\n|\n|t:|1700018333\n|switch|p1a: Oya|Tapu Lele, shiny|100\/100|[from] U-turn\n|-fieldstart|move: Psychic Terrain|[from] ability: Psychic Surge|[of] p1a: Oya\n|move|p2a: Diancie|Trick Room|p2a: Diancie\n|-fieldstart|move: Trick Room|[of] p2a: Diancie\n|\n|upkeep\n|turn|20\n|\n|t:|1700018337\n|move|p2a: Diancie|Diamond Storm|p1a: Oya\n|-damage|p1a: Oya|3\/100\n|-boost|p2a: Diancie|def|2\n|-damage|p2a: Diancie|85\/100|[from] item: Life Orb\n|move|p1a: Oya|Energy Ball|p2a: Diancie\n|-supereffective|p2a: Diancie\n|-damage|p2a: Diancie|36\/100\n|\n|upkeep\n|turn|21\n|\n|t:|1700018341\n|move|p2a: Diancie|Body Press|p1a: Oya\n|-resisted|p1a: Oya\n|-damage|p1a: Oya|0 fnt\n|faint|p1a: Oya\n|-damage|p2a: Diancie|26\/100|[from] item: Life Orb\n|\n|upkeep\n|\n|t:|1700018344\n|switch|p1a: Sakura|Lopunny, F, shiny|100\/100\n|turn|22\n|\n|t:|1700018347\n|detailschange|p1a: Sakura|Lopunny-Mega, F, shiny\n|-mega|p1a: Sakura|Lopunny|Lopunnite\n|move|p1a: Sakura|Fake Out|p2a: Diancie\n|-activate|p2a: Diancie|move: Psychic Terrain\n|move|p2a: Diancie|Body Press|p1a: Sakura\n|-supereffective|p1a: Sakura\n|-damage|p1a: Sakura|0 fnt\n|faint|p1a: Sakura\n|-damage|p2a: Diancie|16\/100|[from] item: Life Orb\n|\n|upkeep\n|-message|Sakni forfeited.\n|\n|win|TrivagoGuy\n|raw|Sakni's rating: 1446 &rarr; <strong>1430<\/strong><br \/>(-16 for losing)\n|raw|TrivagoGuy's rating: 1512 &rarr; <strong>1528<\/strong><br \/>(+16 for winning)\n|l|\u2606Sakni\n","uploadtime":1700018359,"views":4,"p1id":"sakni","p2id":"trivagoguy","formatid":"gen9nationaldex","rating":1430,"private":0,"password":""}