{"id":"gen9nationaldex-1987910222","p1":"SirChewsALot","p2":"slimefish34","format":"[Gen 9] National Dex","log":"|j|\u2606SirChewsALot\n|j|\u2606slimefish34\n|t:|1699648261\n|gametype|singles\n|player|p1|SirChewsALot|acetrainerf|\n|player|p2|slimefish34|hilbert|\n|teamsize|p1|6\n|teamsize|p2|6\n|gen|9\n|tier|[Gen 9] National Dex\n|rule|HP Percentage Mod: HP is shown in percentages\n|rule|Endless Battle Clause: Forcing endless battles is banned\n|rule|OHKO Clause: OHKO moves are banned\n|rule|Evasion Clause: Evasion abilities, items, and moves are banned\n|rule|Evasion Abilities Clause: Evasion abilities are banned\n|rule|Evasion Items Clause: Evasion items are banned\n|rule|Evasion Moves Clause: Evasion moves are banned\n|rule|Species Clause: Limit one of each Pok\u00e9mon\n|rule|Sleep Clause Mod: Limit one foe put to sleep\n|clearpoke\n|poke|p1|Volcarona, M|\n|poke|p1|Ogerpon-Wellspring, F|\n|poke|p1|Lopunny, F|\n|poke|p1|Garganacl, F|\n|poke|p1|Cresselia, F|\n|poke|p1|Kyurem|\n|poke|p2|Ninetales-Alola, F|\n|poke|p2|Froslass, F|\n|poke|p2|Avalugg-Hisui, F|\n|poke|p2|Mamoswine, F|\n|poke|p2|Arctovish|\n|poke|p2|Blaziken, F|\n|teampreview\n|\n|t:|1699648273\n|start\n|switch|p1a: Garganacl|Garganacl, F|100\/100\n|switch|p2a: Ninetales|Ninetales-Alola, F|100\/100\n|-weather|Snow|[from] ability: Snow Warning|[of] p2a: Ninetales\n|turn|1\n|\n|t:|1699648285\n|switch|p2a: Arctovish|Arctovish|100\/100\n|move|p1a: Garganacl|Stealth Rock|p2a: Arctovish\n|-sidestart|p2: slimefish34|move: Stealth Rock\n|\n|-weather|Snow|[upkeep]\n|upkeep\n|turn|2\n|\n|t:|1699648291\n|move|p2a: Arctovish|Fishious Rend|p1a: Garganacl\n|-supereffective|p1a: Garganacl\n|-damage|p1a: Garganacl|38\/100\n|move|p1a: Garganacl|Salt Cure|p2a: Arctovish\n|-supereffective|p2a: Arctovish\n|-damage|p2a: Arctovish|81\/100\n|-start|p2a: Arctovish|Salt Cure\n|\n|-weather|Snow|[upkeep]\n|-damage|p2a: Arctovish|56\/100|[from] Salt Cure\n|upkeep\n|turn|3\n|\n|t:|1699648300\n|switch|p1a: Ogerpon|Ogerpon-Wellspring, F|100\/100\n|move|p2a: Arctovish|Fishious Rend|p1a: Ogerpon\n|-immune|p1a: Ogerpon|[from] ability: Water Absorb\n|\n|-weather|Snow|[upkeep]\n|-damage|p2a: Arctovish|32\/100|[from] Salt Cure\n|upkeep\n|turn|4\n|\n|t:|1699648312\n|switch|p2a: Ninetales|Ninetales-Alola, F|100\/100\n|-damage|p2a: Ninetales|76\/100|[from] Stealth Rock\n|move|p1a: Ogerpon|Ivy Cudgel|p2a: Ninetales\n|-damage|p2a: Ninetales|12\/100\n|\n|-weather|Snow|[upkeep]\n|upkeep\n|turn|5\n|\n|t:|1699648326\n|move|p1a: Ogerpon|Ivy Cudgel|p2a: Ninetales\n|-damage|p2a: Ninetales|0 fnt\n|faint|p2a: Ninetales\n|\n|-weather|Snow|[upkeep]\n|upkeep\n|\n|t:|1699648335\n|switch|p2a: Arctovish|Arctovish|32\/100\n|-damage|p2a: Arctovish|7\/100|[from] Stealth Rock\n|turn|6\n|\n|t:|1699648345\n|move|p1a: Ogerpon|Spiky Shield|p1a: Ogerpon\n|-singleturn|p1a: Ogerpon|move: Protect\n|move|p2a: Arctovish|Freeze-Dry|p1a: Ogerpon\n|-activate|p1a: Ogerpon|move: Protect\n|\n|-weather|Snow|[upkeep]\n|upkeep\n|turn|7\n|\n|t:|1699648373\n|switch|p1a: Volcarona|Volcarona, M|100\/100\n|move|p2a: Arctovish|Freeze-Dry|p1a: Volcarona\n|-resisted|p1a: Volcarona\n|-damage|p1a: Volcarona|80\/100\n|\n|-weather|Snow|[upkeep]\n|upkeep\n|turn|8\n|\n|t:|1699648381\n|move|p2a: Arctovish|Freeze-Dry|p1a: Volcarona\n|-resisted|p1a: Volcarona\n|-damage|p1a: Volcarona|58\/100\n|move|p1a: Volcarona|Quiver Dance|p1a: Volcarona\n|-boost|p1a: Volcarona|spa|1\n|-boost|p1a: Volcarona|spd|1\n|-boost|p1a: Volcarona|spe|1\n|\n|-weather|none\n|upkeep\n|turn|9\n|\n|t:|1699648411\n|switch|p2a: Avalugg|Avalugg-Hisui, F|100\/100\n|-damage|p2a: Avalugg|76\/100|[from] Stealth Rock\n|move|p1a: Volcarona|Quiver Dance|p1a: Volcarona\n|-boost|p1a: Volcarona|spa|1\n|-boost|p1a: Volcarona|spd|1\n|-boost|p1a: Volcarona|spe|1\n|\n|upkeep\n|turn|10\n|\n|t:|1699648419\n|move|p1a: Volcarona|Fiery Dance|p2a: Avalugg\n|-damage|p2a: Avalugg|0 fnt\n|-boost|p1a: Volcarona|spa|1\n|faint|p2a: Avalugg\n|\n|upkeep\n|\n|t:|1699648426\n|switch|p2a: Froslass|Froslass, F|100\/100\n|turn|11\n|\n|t:|1699648431\n|move|p1a: Volcarona|Fiery Dance|p2a: Froslass\n|-supereffective|p2a: Froslass\n|-damage|p2a: Froslass|0 fnt\n|faint|p2a: Froslass\n|\n|upkeep\n|\n|t:|1699648436\n|switch|p2a: Mamoswine|Mamoswine, F|100\/100\n|-damage|p2a: Mamoswine|88\/100|[from] Stealth Rock\n|turn|12\n|c|\u2606slimefish34|uh oh its joever\n|\n|t:|1699648449\n|move|p1a: Volcarona|Fiery Dance|p2a: Mamoswine\n|-supereffective|p2a: Mamoswine\n|-damage|p2a: Mamoswine|7\/100\n|move|p2a: Mamoswine|Earthquake|p1a: Volcarona\n|-damage|p1a: Volcarona|0 fnt\n|faint|p1a: Volcarona\n|\n|upkeep\n|c|\u2606SirChewsALot|oh heavens\n|\n|t:|1699648466\n|switch|p1a: Ogerpon|Ogerpon-Wellspring, F|100\/100\n|turn|13\n|\n|t:|1699648502\n|move|p1a: Ogerpon|Ivy Cudgel|p2a: Mamoswine\n|-supereffective|p2a: Mamoswine\n|-damage|p2a: Mamoswine|0 fnt\n|faint|p2a: Mamoswine\n|\n|upkeep\n|\n|t:|1699648506\n|switch|p2a: Arctovish|Arctovish|7\/100\n|-damage|p2a: Arctovish|0 fnt|[from] Stealth Rock\n|faint|p2a: Arctovish\n|\n|t:|1699648508\n|switch|p2a: Blaziken|Blaziken, F|100\/100\n|-damage|p2a: Blaziken|88\/100|[from] Stealth Rock\n|turn|14\n|\n|t:|1699648517\n|move|p1a: Ogerpon|Ivy Cudgel|p2a: Blaziken\n|-supereffective|p2a: Blaziken\n|-damage|p2a: Blaziken|0 fnt\n|faint|p2a: Blaziken\n|\n|win|SirChewsALot\n|c|\u2606slimefish34|gg\n|c|\u2606SirChewsALot|gg!\n","uploadtime":1699648526,"views":32,"p1id":"sirchewsalot","p2id":"slimefish34","formatid":"gen9nationaldex","rating":0,"private":0,"password":""}