{"id":"gen9nationaldex-1998924581","p1":"FireGym Virgil","p2":"renrenrenrenrenren","format":"[Gen 9] National Dex","log":"|html|<div class=\"broadcast-blue\"><strong>[Gen 9] National Dex is currently suspecting Sneasler! For information on how to participate check out the <a href=\"https:\/\/www.smogon.com\/forums\/threads\/sv-national-dex-suspect-8-just-dance.3731534\/\">suspect thread<\/a>.<\/strong><\/div>\n|j|\u2606FireGym Virgil\n|j|\u2606renrenrenrenrenren\n|t:|1701013726\n|gametype|singles\n|player|p1|FireGym Virgil|blaine|1290\n|player|p2|renrenrenrenrenren|palmer|1326\n|teamsize|p1|6\n|teamsize|p2|6\n|gen|9\n|tier|[Gen 9] National Dex\n|rated|\n|rule|HP Percentage Mod: HP is shown in percentages\n|rule|Endless Battle Clause: Forcing endless battles is banned\n|rule|OHKO Clause: OHKO moves are banned\n|rule|Evasion Clause: Evasion abilities, items, and moves are banned\n|rule|Evasion Abilities Clause: Evasion abilities are banned\n|rule|Evasion Items Clause: Evasion items are banned\n|rule|Evasion Moves Clause: Evasion moves are banned\n|rule|Species Clause: Limit one of each Pok\u00e9mon\n|rule|Sleep Clause Mod: Limit one foe put to sleep\n|clearpoke\n|poke|p1|Charizard, F|\n|poke|p1|Typhlosion, F|\n|poke|p1|Marowak-Alola, F|\n|poke|p1|Arcanine-Hisui, F|\n|poke|p1|Talonflame, F|\n|poke|p1|Blaziken, M|\n|poke|p2|Serperior, M|\n|poke|p2|Beedrill, F|\n|poke|p2|Cloyster, F|\n|poke|p2|Ninetales-Alola, F|\n|poke|p2|Heatran, M|\n|poke|p2|Ribombee, F|\n|teampreview\n|inactive|Battle timer is ON: inactive players will automatically lose when time's up. (requested by renrenrenrenrenren)\n|inactive|renrenrenrenrenren has 120 seconds left.\n|\n|t:|1701013758\n|start\n|switch|p1a: Talonflame|Talonflame, F|100\/100\n|switch|p2a: Heatran|Heatran, M|100\/100\n|turn|1\n|\n|t:|1701013764\n|switch|p1a: Marowak|Marowak-Alola, F|100\/100\n|move|p2a: Heatran|Taunt|p1a: Marowak\n|-start|p1a: Marowak|move: Taunt\n|\n|upkeep\n|turn|2\n|\n|t:|1701013774\n|move|p2a: Heatran|Earth Power|p1a: Marowak\n|-supereffective|p1a: Marowak\n|-damage|p1a: Marowak|36\/100\n|move|p1a: Marowak|Low Kick|p2a: Heatran\n|-supereffective|p2a: Heatran\n|-damage|p2a: Heatran|0 fnt\n|faint|p2a: Heatran\n|\n|upkeep\n|\n|t:|1701013782\n|switch|p2a: Ribombee|Ribombee, F, shiny|100\/100\n|turn|3\n|\n|t:|1701013784\n|move|p2a: Ribombee|Sticky Web|p1a: Marowak\n|-sidestart|p1: FireGym Virgil|move: Sticky Web\n|move|p1a: Marowak|Flare Blitz|p2a: Ribombee\n|-supereffective|p2a: Ribombee\n|-enditem|p2a: Ribombee|Focus Sash\n|-damage|p2a: Ribombee|1\/100\n|\n|-end|p1a: Marowak|move: Taunt\n|upkeep\n|turn|4\n|\n|t:|1701013788\n|move|p2a: Ribombee|Moonblast|p1a: Marowak\n|-resisted|p1a: Marowak\n|-damage|p1a: Marowak|11\/100\n|move|p1a: Marowak|Shadow Bone|p2a: Ribombee\n|-damage|p2a: Ribombee|0 fnt\n|faint|p2a: Ribombee\n|\n|upkeep\n|\n|t:|1701013792\n|switch|p2a: Beedrill|Beedrill, F|100\/100\n|turn|5\n|\n|t:|1701013794\n|detailschange|p2a: Beedrill|Beedrill-Mega, F\n|-mega|p2a: Beedrill|Beedrill|Beedrillite\n|move|p2a: Beedrill|Fell Stinger|p1a: Marowak\n|-resisted|p1a: Marowak\n|-damage|p1a: Marowak|1\/100\n|move|p1a: Marowak|Flare Blitz|p2a: Beedrill\n|-supereffective|p2a: Beedrill\n|-damage|p2a: Beedrill|0 fnt\n|faint|p2a: Beedrill\n|\n|upkeep\n|\n|t:|1701013811\n|switch|p2a: slept on|Cloyster, F|100\/100\n|turn|6\n|\n|t:|1701013817\n|move|p2a: slept on|Shell Smash|p2a: slept on\n|-unboost|p2a: slept on|def|1\n|-unboost|p2a: slept on|spd|1\n|-boost|p2a: slept on|atk|2\n|-boost|p2a: slept on|spa|2\n|-boost|p2a: slept on|spe|2\n|move|p1a: Marowak|Low Kick|p2a: slept on\n|-supereffective|p2a: slept on\n|-enditem|p2a: slept on|Focus Sash\n|-damage|p2a: slept on|1\/100\n|\n|upkeep\n|turn|7\n|\n|t:|1701013826\n|move|p2a: slept on|Liquidation|p1a: Marowak\n|-supereffective|p1a: Marowak\n|-damage|p1a: Marowak|0 fnt\n|faint|p1a: Marowak\n|\n|upkeep\n|\n|t:|1701013829\n|switch|p1a: Talonflame|Talonflame, F|100\/100\n|turn|8\n|\n|t:|1701013831\n|move|p1a: Talonflame|Brave Bird|p2a: slept on\n|-damage|p2a: slept on|0 fnt\n|faint|p2a: slept on\n|-damage|p1a: Talonflame|99\/100|[from] Recoil\n|\n|upkeep\n|\n|t:|1701013838\n|switch|p2a: Ninetales|Ninetales-Alola, F, shiny|100\/100\n|-weather|Snow|[from] ability: Snow Warning|[of] p2a: Ninetales\n|turn|9\n|\n|t:|1701013841\n|move|p1a: Talonflame|Swords Dance|p1a: Talonflame\n|-boost|p1a: Talonflame|atk|2\n|move|p2a: Ninetales|Blizzard|p1a: Talonflame\n|-damage|p1a: Talonflame|38\/100\n|-status|p1a: Talonflame|frz\n|\n|-weather|Snow|[upkeep]\n|upkeep\n|turn|10\n|\n|t:|1701013847\n|-curestatus|p1a: Talonflame|frz|[from] move: Flare Blitz\n|move|p1a: Talonflame|Flare Blitz|p2a: Ninetales\n|-supereffective|p2a: Ninetales\n|-damage|p2a: Ninetales|0 fnt\n|faint|p2a: Ninetales\n|-damage|p1a: Talonflame|6\/100|[from] Recoil\n|\n|-weather|Snow|[upkeep]\n|upkeep\n|\n|t:|1701013851\n|switch|p2a: Murderer|Serperior, M|100\/100\n|turn|11\n|\n|t:|1701013859\n|-terastallize|p2a: Murderer|Ground\n|move|p2a: Murderer|Leaf Storm|p1a: Talonflame\n|-resisted|p1a: Talonflame\n|-damage|p1a: Talonflame|0 fnt\n|-boost|p2a: Murderer|spa|2\n|faint|p1a: Talonflame\n|\n|-weather|Snow|[upkeep]\n|upkeep\n|-message|renrenrenrenrenren forfeited.\n|\n|win|FireGym Virgil\n|raw|FireGym Virgil's rating: 1290 &rarr; <strong>1318<\/strong><br \/>(+28 for winning)\n|raw|renrenrenrenrenren's rating: 1326 &rarr; <strong>1304<\/strong><br \/>(-22 for losing)\n|l|\u2606renrenrenrenrenren\n|l|\u2606FireGym Virgil\n","uploadtime":1701014012,"views":5,"p1id":"firegymvirgil","p2id":"renrenrenrenrenren","formatid":"gen9nationaldex","rating":1304,"private":0,"password":""}