{"id":"gen9nationaldex-1998521917","p1":"LazuIi","p2":"Brianbolical","format":"[Gen 9] National Dex","log":"|html|<div class=\"broadcast-blue\"><strong>[Gen 9] National Dex is currently suspecting Sneasler! For information on how to participate check out the <a href=\"https:\/\/www.smogon.com\/forums\/threads\/sv-national-dex-suspect-8-just-dance.3731534\/\">suspect thread<\/a>.<\/strong><\/div>\n|j|\u2606LazuIi\n|j|\u2606Brianbolical\n|t:|1700951854\n|gametype|singles\n|player|p1|LazuIi|karen|\n|player|p2|Brianbolical|veteran|\n|teamsize|p1|6\n|teamsize|p2|6\n|gen|9\n|tier|[Gen 9] National Dex\n|rule|HP Percentage Mod: HP is shown in percentages\n|rule|Endless Battle Clause: Forcing endless battles is banned\n|rule|OHKO Clause: OHKO moves are banned\n|rule|Evasion Clause: Evasion abilities, items, and moves are banned\n|rule|Evasion Abilities Clause: Evasion abilities are banned\n|rule|Evasion Items Clause: Evasion items are banned\n|rule|Evasion Moves Clause: Evasion moves are banned\n|rule|Species Clause: Limit one of each Pok\u00e9mon\n|rule|Sleep Clause Mod: Limit one foe put to sleep\n|clearpoke\n|poke|p1|Scizor, F|\n|poke|p1|Araquanid, M|\n|poke|p1|Masquerain, F|\n|poke|p1|Heracross, F|\n|poke|p1|Forretress, F|\n|poke|p1|Rabsca, M|\n|poke|p2|Infernape, M|\n|poke|p2|Volcarona, F|\n|poke|p2|Heatran, F|\n|poke|p2|Rotom-Heat|\n|poke|p2|Turtonator, F|\n|poke|p2|Charizard, M|\n|teampreview\n|\n|t:|1700951881\n|start\n|switch|p1a: Flying Spidops|Masquerain, F|100\/100\n|switch|p2a: Volcarona|Volcarona, F|100\/100\n|-ability|p1a: Flying Spidops|Intimidate|boost\n|-unboost|p2a: Volcarona|atk|1\n|turn|1\n|\n|t:|1700951896\n|move|p1a: Flying Spidops|Sticky Web|p2a: Volcarona\n|-sidestart|p2: Brianbolical|move: Sticky Web\n|move|p2a: Volcarona|Quiver Dance|p2a: Volcarona\n|-boost|p2a: Volcarona|spa|1\n|-boost|p2a: Volcarona|spd|1\n|-boost|p2a: Volcarona|spe|1\n|\n|upkeep\n|turn|2\n|\n|t:|1700951913\n|move|p2a: Volcarona|Quiver Dance|p2a: Volcarona\n|-boost|p2a: Volcarona|spa|1\n|-boost|p2a: Volcarona|spd|1\n|-boost|p2a: Volcarona|spe|1\n|move|p1a: Flying Spidops|U-turn|p2a: Volcarona\n|-resisted|p2a: Volcarona\n|-crit|p2a: Volcarona\n|-damage|p2a: Volcarona|89\/100\n|\n|t:|1700951932\n|switch|p1a: Bubbly Spider|Araquanid, M|100\/100|[from] U-turn\n|\n|-heal|p2a: Volcarona|95\/100|[from] item: Leftovers\n|upkeep\n|turn|3\n|\n|t:|1700951954\n|-terastallize|p2a: Volcarona|Grass\n|-terastallize|p1a: Bubbly Spider|Water\n|move|p2a: Volcarona|Giga Drain|p1a: Bubbly Spider\n|-supereffective|p1a: Bubbly Spider\n|-damage|p1a: Bubbly Spider|11\/100\n|-heal|p2a: Volcarona|100\/100|[from] drain|[of] p1a: Bubbly Spider\n|move|p1a: Bubbly Spider|Liquidation|p2a: Volcarona\n|-resisted|p2a: Volcarona\n|-damage|p2a: Volcarona|55\/100\n|\n|-heal|p2a: Volcarona|61\/100|[from] item: Leftovers\n|upkeep\n|turn|4\n|\n|t:|1700951976\n|switch|p1a: Scissor Sister|Scizor, F|100\/100\n|move|p2a: Volcarona|Giga Drain|p1a: Scissor Sister\n|-resisted|p1a: Scissor Sister\n|-crit|p1a: Scissor Sister\n|-damage|p1a: Scissor Sister|58\/100\n|-heal|p2a: Volcarona|77\/100|[from] drain|[of] p1a: Scissor Sister\n|\n|-heal|p2a: Volcarona|83\/100|[from] item: Leftovers\n|upkeep\n|turn|5\n|\n|t:|1700951986\n|move|p1a: Scissor Sister|Bullet Punch|p2a: Volcarona\n|-damage|p2a: Volcarona|42\/100\n|move|p2a: Volcarona|Heat Wave|p1a: Scissor Sister\n|-supereffective|p1a: Scissor Sister\n|-damage|p1a: Scissor Sister|0 fnt\n|faint|p1a: Scissor Sister\n|\n|-heal|p2a: Volcarona|49\/100|[from] item: Leftovers\n|upkeep\n|\n|t:|1700952000\n|switch|p1a: Flying Spidops|Masquerain, F|100\/100\n|-ability|p1a: Flying Spidops|Intimidate|boost\n|-unboost|p2a: Volcarona|atk|1\n|turn|6\n|\n|t:|1700952008\n|move|p2a: Volcarona|Heat Wave|p1a: Flying Spidops\n|-supereffective|p1a: Flying Spidops\n|-enditem|p1a: Flying Spidops|Focus Sash\n|-damage|p1a: Flying Spidops|1\/100\n|move|p1a: Flying Spidops|Bug Buzz|p2a: Volcarona\n|-supereffective|p2a: Volcarona\n|-damage|p2a: Volcarona|17\/100\n|\n|-heal|p2a: Volcarona|23\/100|[from] item: Leftovers\n|upkeep\n|turn|7\n|\n|t:|1700952020\n|move|p2a: Volcarona|Giga Drain|p1a: Flying Spidops\n|-resisted|p1a: Flying Spidops\n|-damage|p1a: Flying Spidops|0 fnt\n|-heal|p2a: Volcarona|23\/100|[from] drain|[of] p1a: Flying Spidops\n|faint|p1a: Flying Spidops\n|\n|-heal|p2a: Volcarona|29\/100|[from] item: Leftovers\n|upkeep\n|\n|t:|1700952042\n|switch|p1a: FORTNITE|Forretress, F|100\/100\n|turn|8\n|\n|t:|1700952048\n|move|p2a: Volcarona|Heat Wave|p1a: FORTNITE\n|-supereffective|p1a: FORTNITE\n|-ability|p1a: FORTNITE|Sturdy\n|-damage|p1a: FORTNITE|1\/100\n|move|p1a: FORTNITE|Body Press|p2a: Volcarona\n|-damage|p2a: Volcarona|0 fnt\n|faint|p2a: Volcarona\n|\n|upkeep\n|\n|t:|1700952058\n|switch|p2a: Infernape|Infernape, M|100\/100\n|-activate|p2a: Infernape|move: Sticky Web\n|-unboost|p2a: Infernape|spe|1\n|turn|9\n|\n|t:|1700952069\n|move|p2a: Infernape|Fire Punch|p1a: FORTNITE\n|-supereffective|p1a: FORTNITE\n|-damage|p1a: FORTNITE|0 fnt\n|-damage|p2a: Infernape|84\/100|[from] item: Rocky Helmet|[of] p1a: FORTNITE\n|faint|p1a: FORTNITE\n|\n|upkeep\n|\n|t:|1700952078\n|switch|p1a: Bubbly Spider|Araquanid, M, tera:Water|11\/100\n|turn|10\n|\n|t:|1700952081\n|move|p2a: Infernape|Thunder Punch|p1a: Bubbly Spider\n|-supereffective|p1a: Bubbly Spider\n|-damage|p1a: Bubbly Spider|0 fnt\n|faint|p1a: Bubbly Spider\n|\n|upkeep\n|\n|t:|1700952087\n|switch|p1a: Grand Father|Rabsca, M|100\/100\n|turn|11\n|\n|t:|1700952101\n|move|p2a: Infernape|Swords Dance|p2a: Infernape\n|-boost|p2a: Infernape|atk|2\n|move|p1a: Grand Father|Revival Blessing|p1a: Grand Father\n|\n|t:|1700952108\n|-heal|p1: Bubbly Spider|50\/100|[from] move: Revival Blessing\n|\n|upkeep\n|turn|12\n|\n|t:|1700952114\n|move|p2a: Infernape|Fire Punch|p1a: Grand Father\n|-supereffective|p1a: Grand Father\n|-damage|p1a: Grand Father|0 fnt\n|faint|p1a: Grand Father\n|\n|upkeep\n|\n|t:|1700952128\n|switch|p1a: Hera from Rebels|Heracross, F|100\/100\n|turn|13\n|\n|t:|1700952149\n|move|p1a: Hera from Rebels|Earthquake|p2a: Infernape\n|-supereffective|p2a: Infernape\n|-damage|p2a: Infernape|0 fnt\n|faint|p2a: Infernape\n|\n|-status|p1a: Hera from Rebels|brn|[from] item: Flame Orb\n|upkeep\n|\n|t:|1700952155\n|switch|p2a: Charizard|Charizard, M, shiny|100\/100\n|turn|14\n|\n|t:|1700952171\n|switch|p1a: Bubbly Spider|Araquanid, M|50\/100\n|move|p2a: Charizard|Fire Blast|p1a: Bubbly Spider|[miss]\n|-miss|p2a: Charizard|p1a: Bubbly Spider\n|\n|upkeep\n|turn|15\n|\n|t:|1700952194\n|move|p2a: Charizard|Fire Blast|p1a: Bubbly Spider\n|-damage|p1a: Bubbly Spider|35\/100\n|move|p1a: Bubbly Spider|Liquidation|p2a: Charizard\n|-supereffective|p2a: Charizard\n|-damage|p2a: Charizard|0 fnt\n|faint|p2a: Charizard\n|\n|upkeep\n|\n|t:|1700952202\n|switch|p2a: Rotom|Rotom-Heat, shiny|100\/100\n|turn|16\n|\n|t:|1700952210\n|move|p2a: Rotom|Thunderbolt|p1a: Bubbly Spider\n|-supereffective|p1a: Bubbly Spider\n|-damage|p1a: Bubbly Spider|0 fnt\n|faint|p1a: Bubbly Spider\n|\n|upkeep\n|\n|t:|1700952214\n|switch|p1a: Hera from Rebels|Heracross, F|100\/100 brn\n|turn|17\n|\n|t:|1700952230\n|move|p1a: Hera from Rebels|Close Combat|p2a: Rotom\n|-damage|p2a: Rotom|0 fnt\n|-unboost|p1a: Hera from Rebels|def|1\n|-unboost|p1a: Hera from Rebels|spd|1\n|faint|p2a: Rotom\n|\n|-damage|p1a: Hera from Rebels|95\/100 brn|[from] brn\n|upkeep\n|\n|t:|1700952240\n|switch|p2a: Turtonator|Turtonator, F|100\/100\n|-activate|p2a: Turtonator|move: Sticky Web\n|-unboost|p2a: Turtonator|spe|1\n|turn|18\n|\n|t:|1700952249\n|move|p1a: Hera from Rebels|Earthquake|p2a: Turtonator\n|-supereffective|p2a: Turtonator\n|-damage|p2a: Turtonator|18\/100\n|move|p2a: Turtonator|Fire Blast|p1a: Hera from Rebels\n|-supereffective|p1a: Hera from Rebels\n|-damage|p1a: Hera from Rebels|0 fnt\n|faint|p1a: Hera from Rebels\n|\n|win|Brianbolical\n","uploadtime":1700952260,"views":2,"p1id":"lazuii","p2id":"brianbolical","formatid":"gen9nationaldex","rating":0,"private":0,"password":""}