{"id":"gen9nationaldex-1999771913","p1":"Sleym","p2":"huntixv","format":"[Gen 9] National Dex","log":"|html|<div class=\"broadcast-blue\"><strong>[Gen 9] National Dex is currently suspecting Sneasler! For information on how to participate check out the <a href=\"https:\/\/www.smogon.com\/forums\/threads\/sv-national-dex-suspect-8-just-dance.3731534\/\">suspect thread<\/a>.<\/strong><\/div>\n|j|\u2606Sleym\n|j|\u2606huntixv\n|t:|1701115259\n|gametype|singles\n|player|p1|Sleym|cynthia|\n|player|p2|huntixv|benga|\n|teamsize|p1|6\n|teamsize|p2|6\n|gen|9\n|tier|[Gen 9] National Dex\n|rule|HP Percentage Mod: HP is shown in percentages\n|rule|Endless Battle Clause: Forcing endless battles is banned\n|rule|OHKO Clause: OHKO moves are banned\n|rule|Evasion Clause: Evasion abilities, items, and moves are banned\n|rule|Evasion Abilities Clause: Evasion abilities are banned\n|rule|Evasion Items Clause: Evasion items are banned\n|rule|Evasion Moves Clause: Evasion moves are banned\n|rule|Species Clause: Limit one of each Pok\u00e9mon\n|rule|Sleep Clause Mod: Limit one foe put to sleep\n|clearpoke\n|poke|p1|Blissey, F|\n|poke|p1|Milotic, M|\n|poke|p1|Rattata, L1, M|\n|poke|p1|Tinkaton, F|\n|poke|p1|Medicham, F|\n|poke|p1|Gastrodon, F|\n|poke|p2|Charizard, M|\n|poke|p2|Corviknight, F|\n|poke|p2|Grimmsnarl, M|\n|poke|p2|Hydreigon, M|\n|poke|p2|Gigalith, M|\n|poke|p2|Marowak-Alola, F|\n|teampreview\n|\n|t:|1701115277\n|start\n|switch|p1a: Begi|Medicham, F|100\/100\n|switch|p2a: Corviknight|Corviknight, F|100\/100\n|-ability|p2a: Corviknight|Pressure\n|turn|1\n|\n|t:|1701115292\n|switch|p1a: Lorry|Milotic, M|100\/100\n|move|p2a: Corviknight|Iron Head|p1a: Lorry\n|-resisted|p1a: Lorry\n|-damage|p1a: Lorry|87\/100\n|\n|-heal|p1a: Lorry|93\/100|[from] item: Leftovers\n|upkeep\n|turn|2\n|\n|t:|1701115305\n|switch|p2a: Grimmsnarl|Grimmsnarl, M|100\/100\n|move|p1a: Lorry|Surf|p2a: Grimmsnarl\n|-damage|p2a: Grimmsnarl|55\/100\n|\n|-heal|p1a: Lorry|99\/100|[from] item: Leftovers\n|-heal|p2a: Grimmsnarl|61\/100|[from] item: Leftovers\n|upkeep\n|turn|3\n|\n|t:|1701115318\n|move|p1a: Lorry|Dragon Dance|p1a: Lorry\n|-boost|p1a: Lorry|atk|1\n|-boost|p1a: Lorry|spe|1\n|move|p2a: Grimmsnarl|Drain Punch|p1a: Lorry\n|-damage|p1a: Lorry|75\/100\n|-heal|p2a: Grimmsnarl|72\/100|[from] drain|[of] p1a: Lorry\n|\n|-heal|p1a: Lorry|81\/100|[from] item: Leftovers\n|-heal|p2a: Grimmsnarl|78\/100|[from] item: Leftovers\n|upkeep\n|turn|4\n|\n|t:|1701115331\n|move|p1a: Lorry|Surf|p2a: Grimmsnarl\n|-crit|p2a: Grimmsnarl\n|-damage|p2a: Grimmsnarl|14\/100\n|move|p2a: Grimmsnarl|Ice Punch|p1a: Lorry\n|-resisted|p1a: Lorry\n|-damage|p1a: Lorry|69\/100\n|\n|-heal|p1a: Lorry|75\/100|[from] item: Leftovers\n|-heal|p2a: Grimmsnarl|20\/100|[from] item: Leftovers\n|upkeep\n|turn|5\n|\n|t:|1701115348\n|switch|p2a: Hydreigon|Hydreigon, M|100\/100\n|move|p1a: Lorry|Surf|p2a: Hydreigon\n|-resisted|p2a: Hydreigon\n|-damage|p2a: Hydreigon|81\/100\n|\n|-heal|p1a: Lorry|81\/100|[from] item: Leftovers\n|-heal|p2a: Hydreigon|88\/100|[from] item: Leftovers\n|upkeep\n|turn|6\n|\n|t:|1701115360\n|move|p1a: Lorry|Ice Beam|p2a: Hydreigon\n|-supereffective|p2a: Hydreigon\n|-damage|p2a: Hydreigon|31\/100\n|-status|p2a: Hydreigon|frz\n|cant|p2a: Hydreigon|frz\n|\n|-heal|p1a: Lorry|87\/100|[from] item: Leftovers\n|-heal|p2a: Hydreigon|37\/100 frz|[from] item: Leftovers\n|upkeep\n|turn|7\n|\n|t:|1701115381\n|switch|p2a: Marowak|Marowak-Alola, F|100\/100\n|move|p1a: Lorry|Surf|p2a: Marowak\n|-supereffective|p2a: Marowak\n|-damage|p2a: Marowak|1\/100\n|-start|p1a: Lorry|Disable|Surf|[from] ability: Cursed Body|[of] p2a: Marowak\n|\n|-heal|p1a: Lorry|93\/100|[from] item: Leftovers\n|-heal|p2a: Marowak|7\/100|[from] item: Leftovers\n|upkeep\n|turn|8\n|\n|t:|1701115400\n|move|p1a: Lorry|Ice Beam|p2a: Marowak\n|-resisted|p2a: Marowak\n|-damage|p2a: Marowak|0 fnt\n|faint|p2a: Marowak\n|\n|-heal|p1a: Lorry|99\/100|[from] item: Leftovers\n|upkeep\n|\n|t:|1701115415\n|switch|p2a: Gigalith|Gigalith, M|100\/100\n|-weather|Sandstorm|[from] ability: Sand Stream|[of] p2a: Gigalith\n|turn|9\n|\n|t:|1701115422\n|switch|p1a: Begi x2|Gastrodon, F|100\/100\n|move|p2a: Gigalith|Superpower|p1a: Begi x2\n|-damage|p1a: Begi x2|59\/100\n|-unboost|p2a: Gigalith|atk|1\n|-unboost|p2a: Gigalith|def|1\n|\n|-weather|Sandstorm|[upkeep]\n|-heal|p1a: Begi x2|66\/100|[from] item: Leftovers\n|upkeep\n|turn|10\n|\n|t:|1701115432\n|move|p1a: Begi x2|Earthquake|p2a: Gigalith\n|-supereffective|p2a: Gigalith\n|-crit|p2a: Gigalith\n|-damage|p2a: Gigalith|8\/100\n|move|p2a: Gigalith|Superpower|p1a: Begi x2\n|-damage|p1a: Begi x2|41\/100\n|-unboost|p2a: Gigalith|atk|1\n|-unboost|p2a: Gigalith|def|1\n|\n|-weather|Sandstorm|[upkeep]\n|-heal|p1a: Begi x2|47\/100|[from] item: Leftovers\n|-heal|p2a: Gigalith|15\/100|[from] item: Leftovers\n|upkeep\n|turn|11\n|\n|t:|1701115450\n|switch|p2a: Corviknight|Corviknight, F|100\/100\n|-ability|p2a: Corviknight|Pressure\n|move|p1a: Begi x2|Earthquake|p2a: Corviknight\n|-immune|p2a: Corviknight\n|\n|-weather|Sandstorm|[upkeep]\n|-heal|p1a: Begi x2|53\/100|[from] item: Leftovers\n|upkeep\n|turn|12\n|\n|t:|1701115463\n|move|p2a: Corviknight|Hyper Beam|p1a: Begi x2\n|-damage|p1a: Begi x2|34\/100\n|-mustrecharge|p2a: Corviknight\n|move|p1a: Begi x2|Recover|p1a: Begi x2\n|-heal|p1a: Begi x2|84\/100\n|\n|-weather|Sandstorm|[upkeep]\n|-heal|p1a: Begi x2|90\/100|[from] item: Leftovers\n|upkeep\n|turn|13\n|\n|t:|1701115475\n|switch|p1a: Lorry|Milotic, M|99\/100\n|cant|p2a: Corviknight|recharge\n|\n|-weather|none\n|-heal|p1a: Lorry|100\/100|[from] item: Leftovers\n|upkeep\n|turn|14\n|\n|t:|1701115485\n|move|p1a: Lorry|Surf|p2a: Corviknight\n|-damage|p2a: Corviknight|59\/100\n|move|p2a: Corviknight|Brave Bird|p1a: Lorry\n|-damage|p1a: Lorry|59\/100\n|-damage|p2a: Corviknight|47\/100|[from] Recoil\n|\n|-heal|p2a: Corviknight|53\/100|[from] item: Leftovers\n|-heal|p1a: Lorry|65\/100|[from] item: Leftovers\n|upkeep\n|turn|15\n|\n|t:|1701115497\n|move|p1a: Lorry|Protect|p1a: Lorry\n|-singleturn|p1a: Lorry|Protect\n|move|p2a: Corviknight|Iron Head|p1a: Lorry\n|-activate|p1a: Lorry|move: Protect\n|\n|-heal|p1a: Lorry|71\/100|[from] item: Leftovers\n|-heal|p2a: Corviknight|59\/100|[from] item: Leftovers\n|upkeep\n|turn|16\n|\n|t:|1701115512\n|switch|p2a: Charizard|Charizard, M|100\/100\n|move|p1a: Lorry|Surf|p2a: Charizard\n|-supereffective|p2a: Charizard\n|-damage|p2a: Charizard|6\/100\n|\n|-heal|p1a: Lorry|77\/100|[from] item: Leftovers\n|upkeep\n|turn|17\n|\n|t:|1701115537\n|switch|p2a: Grimmsnarl|Grimmsnarl, M|20\/100\n|move|p1a: Lorry|Surf|p2a: Grimmsnarl\n|-damage|p2a: Grimmsnarl|0 fnt\n|faint|p2a: Grimmsnarl\n|\n|-heal|p1a: Lorry|83\/100|[from] item: Leftovers\n|upkeep\n|\n|t:|1701115548\n|switch|p2a: Gigalith|Gigalith, M|15\/100\n|-weather|Sandstorm|[from] ability: Sand Stream|[of] p2a: Gigalith\n|turn|18\n|\n|t:|1701115556\n|move|p1a: Lorry|Surf|p2a: Gigalith\n|-supereffective|p2a: Gigalith\n|-damage|p2a: Gigalith|0 fnt\n|faint|p2a: Gigalith\n|\n|-weather|Sandstorm|[upkeep]\n|-damage|p1a: Lorry|77\/100|[from] Sandstorm\n|-heal|p1a: Lorry|83\/100|[from] item: Leftovers\n|upkeep\n|\n|t:|1701115568\n|switch|p2a: Corviknight|Corviknight, F|59\/100\n|-ability|p2a: Corviknight|Pressure\n|turn|19\n|\n|t:|1701115576\n|move|p2a: Corviknight|Body Slam|p1a: Lorry\n|-damage|p1a: Lorry|64\/100\n|move|p1a: Lorry|Surf|p2a: Corviknight\n|-damage|p2a: Corviknight|17\/100\n|\n|-weather|Sandstorm|[upkeep]\n|-damage|p1a: Lorry|58\/100|[from] Sandstorm\n|-heal|p2a: Corviknight|23\/100|[from] item: Leftovers\n|-heal|p1a: Lorry|64\/100|[from] item: Leftovers\n|upkeep\n|turn|20\n|\n|t:|1701115587\n|move|p2a: Corviknight|Iron Head|p1a: Lorry\n|-resisted|p1a: Lorry\n|-damage|p1a: Lorry|49\/100\n|move|p1a: Lorry|Surf|p2a: Corviknight\n|-damage|p2a: Corviknight|0 fnt\n|faint|p2a: Corviknight\n|\n|-weather|Sandstorm|[upkeep]\n|-damage|p1a: Lorry|43\/100|[from] Sandstorm\n|-heal|p1a: Lorry|49\/100|[from] item: Leftovers\n|upkeep\n|\n|t:|1701115600\n|switch|p2a: Hydreigon|Hydreigon, M|37\/100 frz\n|turn|21\n|\n|t:|1701115604\n|cant|p2a: Hydreigon|frz\n|move|p1a: Lorry|Ice Beam|p2a: Hydreigon\n|-supereffective|p2a: Hydreigon\n|-damage|p2a: Hydreigon|0 fnt\n|faint|p2a: Hydreigon\n|\n|-weather|Sandstorm|[upkeep]\n|-damage|p1a: Lorry|43\/100|[from] Sandstorm\n|-heal|p1a: Lorry|49\/100|[from] item: Leftovers\n|upkeep\n|inactive|Battle timer is ON: inactive players will automatically lose when time's up. (requested by Sleym)\n|\n|t:|1701115686\n|switch|p2a: Charizard|Charizard, M|6\/100\n|turn|22\n|\n|t:|1701115693\n|detailschange|p2a: Charizard|Charizard-Mega-X, M\n|-mega|p2a: Charizard|Charizard|Charizardite X\n|move|p2a: Charizard|Air Slash|p1a: Lorry\n|-damage|p1a: Lorry|29\/100\n|move|p1a: Lorry|Dragon Dance|p1a: Lorry\n|-boost|p1a: Lorry|atk|1\n|-boost|p1a: Lorry|spe|1\n|\n|-weather|none\n|-heal|p1a: Lorry|35\/100|[from] item: Leftovers\n|upkeep\n|turn|23\n|\n|t:|1701115705\n|move|p1a: Lorry|Dragon Dance|p1a: Lorry\n|-boost|p1a: Lorry|atk|1\n|-boost|p1a: Lorry|spe|1\n|move|p2a: Charizard|Dual Wingbeat|p1a: Lorry\n|-damage|p1a: Lorry|20\/100\n|-damage|p1a: Lorry|4\/100\n|-hitcount|p1a: Lorry|2\n|\n|-heal|p1a: Lorry|10\/100|[from] item: Leftovers\n|upkeep\n|turn|24\n|\n|t:|1701115716\n|move|p1a: Lorry|Dragon Dance|p1a: Lorry\n|-boost|p1a: Lorry|atk|1\n|-boost|p1a: Lorry|spe|1\n|move|p2a: Charizard|Fire Blast|p1a: Lorry\n|-resisted|p1a: Lorry\n|-damage|p1a: Lorry|0 fnt\n|faint|p1a: Lorry\n|\n|upkeep\n|\n|t:|1701115725\n|switch|p1a: Bog|Rattata, L1, M|100\/100\n|turn|25\n|\n|t:|1701115730\n|move|p2a: Charizard|Dual Wingbeat|p1a: Bog\n|-enditem|p1a: Bog|Focus Sash\n|-damage|p1a: Bog|9\/100\n|-damage|p1a: Bog|0 fnt\n|faint|p1a: Bog\n|-hitcount|p1: Bog|2\n|\n|upkeep\n|\n|t:|1701115739\n|switch|p1a: Ban|Tinkaton, F|100\/100\n|-ability|p1a: Ban|Mold Breaker\n|turn|26\n|\n|t:|1701115757\n|move|p2a: Charizard|Dual Wingbeat|p1a: Ban\n|-resisted|p1a: Ban\n|-damage|p1a: Ban|92\/100\n|-resisted|p1a: Ban\n|-damage|p1a: Ban|83\/100\n|-hitcount|p1a: Ban|2\n|move|p1a: Ban|Play Rough|p2a: Charizard\n|-damage|p2a: Charizard|0 fnt\n|faint|p2a: Charizard\n|\n|win|Sleym\n","uploadtime":1701115770,"views":12,"p1id":"sleym","p2id":"huntixv","formatid":"gen9nationaldex","rating":0,"private":0,"password":""}