{"id":"gen9nationaldex-1990958776","p1":"Hezboysun","p2":"UncannyHavok","format":"[Gen 9] National Dex","log":"|j|\u2606Hezboysun\n|j|\u2606UncannyHavok\n|t:|1700019857\n|gametype|singles\n|player|p1|Hezboysun|bellelba|1067\n|player|p2|UncannyHavok|101|1104\n|teamsize|p1|6\n|teamsize|p2|6\n|gen|9\n|tier|[Gen 9] National Dex\n|rated|\n|rule|HP Percentage Mod: HP is shown in percentages\n|rule|Endless Battle Clause: Forcing endless battles is banned\n|rule|OHKO Clause: OHKO moves are banned\n|rule|Evasion Clause: Evasion abilities, items, and moves are banned\n|rule|Evasion Abilities Clause: Evasion abilities are banned\n|rule|Evasion Items Clause: Evasion items are banned\n|rule|Evasion Moves Clause: Evasion moves are banned\n|rule|Species Clause: Limit one of each Pok\u00e9mon\n|rule|Sleep Clause Mod: Limit one foe put to sleep\n|clearpoke\n|poke|p1|Blastoise, F|\n|poke|p1|Venusaur, F|\n|poke|p1|Braviary, M|\n|poke|p1|Salamence, M|\n|poke|p1|Claydol|\n|poke|p1|Volcarona, M|\n|poke|p2|Heliolisk, M|\n|poke|p2|Espeon, M|\n|poke|p2|Swampert, F|\n|poke|p2|Togekiss, M|\n|poke|p2|Typhlosion-Hisui, F|\n|poke|p2|Bewear, M|\n|teampreview\n|inactive|Battle timer is ON: inactive players will automatically lose when time's up. (requested by Hezboysun)\n|\n|t:|1700019861\n|start\n|switch|p1a: Claydol|Claydol|100\/100\n|switch|p2a: Heliolisk|Heliolisk, M|100\/100\n|turn|1\n|inactive|UncannyHavok has 120 seconds left.\n|\n|t:|1700019900\n|-terastallize|p2a: Heliolisk|Ghost\n|move|p2a: Heliolisk|Grass Knot|p1a: Claydol\n|-supereffective|p1a: Claydol\n|-damage|p1a: Claydol|48\/100\n|-damage|p2a: Heliolisk|84\/100|[from] item: Rocky Helmet|[of] p1a: Claydol\n|move|p1a: Claydol|Stealth Rock|p2a: Heliolisk\n|-sidestart|p2: UncannyHavok|move: Stealth Rock\n|\n|upkeep\n|turn|2\n|inactive|UncannyHavok has 120 seconds left.\n|inactive|Hezboysun has 120 seconds left.\n|\n|t:|1700019936\n|switch|p1a: Venusaur|Venusaur, F|100\/100\n|move|p2a: Heliolisk|Hyper Voice|p1a: Venusaur\n|-damage|p1a: Venusaur|56\/100\n|\n|upkeep\n|turn|3\n|inactive|Hezboysun has 120 seconds left.\n|\n|t:|1700019947\n|detailschange|p1a: Venusaur|Venusaur-Mega, F\n|-mega|p1a: Venusaur|Venusaur|Venusaurite\n|move|p2a: Heliolisk|Hyper Voice|p1a: Venusaur\n|-damage|p1a: Venusaur|16\/100\n|move|p1a: Venusaur|Leech Seed|p2a: Heliolisk\n|-start|p2a: Heliolisk|move: Leech Seed\n|\n|-damage|p2a: Heliolisk|71\/100|[from] Leech Seed|[of] p1a: Venusaur\n|-heal|p1a: Venusaur|27\/100|[silent]\n|upkeep\n|turn|4\n|inactive|Hezboysun has 120 seconds left.\n|\n|t:|1700019959\n|move|p2a: Heliolisk|Hyper Voice|p1a: Venusaur\n|-damage|p1a: Venusaur|0 fnt\n|faint|p1a: Venusaur\n|\n|upkeep\n|\n|t:|1700019971\n|switch|p1a: Salamence|Salamence, M|100\/100\n|turn|5\n|\n|t:|1700020000\n|move|p2a: Heliolisk|Volt Switch|p1a: Salamence\n|-damage|p1a: Salamence|64\/100\n|\n|t:|1700020003\n|switch|p2a: Togekiss|Togekiss, M|100\/100|[from] Volt Switch\n|move|p1a: Salamence|Earthquake|p2a: Togekiss\n|-immune|p2a: Togekiss\n|\n|-heal|p1a: Salamence|70\/100|[from] item: Leftovers\n|upkeep\n|turn|6\n|\n|t:|1700020013\n|-terastallize|p1a: Salamence|Fairy\n|move|p1a: Salamence|Dragon Dance|p1a: Salamence\n|-boost|p1a: Salamence|atk|1\n|-boost|p1a: Salamence|spe|1\n|move|p2a: Togekiss|Dazzling Gleam|p1a: Salamence\n|-damage|p1a: Salamence|36\/100\n|\n|-heal|p1a: Salamence|42\/100|[from] item: Leftovers\n|upkeep\n|turn|7\n|\n|t:|1700020025\n|move|p1a: Salamence|Iron Head|p2a: Togekiss\n|-supereffective|p2a: Togekiss\n|-damage|p2a: Togekiss|41\/100\n|move|p2a: Togekiss|Nasty Plot|p2a: Togekiss\n|-boost|p2a: Togekiss|spa|2\n|\n|-heal|p1a: Salamence|49\/100|[from] item: Leftovers\n|upkeep\n|turn|8\n|\n|t:|1700020034\n|move|p1a: Salamence|Iron Head|p2a: Togekiss\n|-supereffective|p2a: Togekiss\n|-damage|p2a: Togekiss|0 fnt\n|faint|p2a: Togekiss\n|-ability|p1a: Salamence|Moxie|boost\n|-boost|p1a: Salamence|atk|1\n|\n|-heal|p1a: Salamence|55\/100|[from] item: Leftovers\n|upkeep\n|\n|t:|1700020047\n|switch|p2a: Swampert|Swampert, F|100\/100\n|-damage|p2a: Swampert|94\/100|[from] Stealth Rock\n|turn|9\n|inactive|Hezboysun has 120 seconds left.\n|\n|t:|1700020057\n|move|p1a: Salamence|Dual Wingbeat|p2a: Swampert\n|-damage|p2a: Swampert|63\/100\n|-damage|p2a: Swampert|32\/100\n|-hitcount|p2a: Swampert|2\n|move|p2a: Swampert|Yawn|p1a: Salamence\n|-start|p1a: Salamence|move: Yawn|[of] p2a: Swampert\n|\n|-heal|p1a: Salamence|61\/100|[from] item: Leftovers\n|-heal|p2a: Swampert|38\/100|[from] item: Leftovers\n|upkeep\n|turn|10\n|inactive|Hezboysun has 120 seconds left.\n|\n|t:|1700020069\n|move|p1a: Salamence|Dual Wingbeat|p2a: Swampert\n|-damage|p2a: Swampert|6\/100\n|-damage|p2a: Swampert|0 fnt\n|faint|p2a: Swampert\n|-ability|p1a: Salamence|Moxie|boost\n|-boost|p1a: Salamence|atk|1\n|-hitcount|p2: Swampert|2\n|\n|-heal|p1a: Salamence|67\/100|[from] item: Leftovers\n|-end|p1a: Salamence|move: Yawn|[silent]\n|-status|p1a: Salamence|slp\n|upkeep\n|\n|t:|1700020080\n|switch|p2a: Bewear|Bewear, M|100\/100\n|-damage|p2a: Bewear|94\/100|[from] Stealth Rock\n|turn|11\n|\n|t:|1700020085\n|cant|p1a: Salamence|slp\n|move|p2a: Bewear|Swords Dance|p2a: Bewear\n|-boost|p2a: Bewear|atk|2\n|\n|-heal|p1a: Salamence|73\/100 slp|[from] item: Leftovers\n|upkeep\n|turn|12\n|\n|t:|1700020097\n|-curestatus|p1a: Salamence|slp|[msg]\n|move|p1a: Salamence|Dual Wingbeat|p2a: Bewear\n|-supereffective|p2a: Bewear\n|-damage|p2a: Bewear|50\/100\n|-supereffective|p2a: Bewear\n|-damage|p2a: Bewear|3\/100\n|-hitcount|p2a: Bewear|2\n|-zpower|p2a: Bewear\n|move|p2a: Bewear|Breakneck Blitz|p1a: Salamence|[zeffect]\n|-damage|p1a: Salamence|0 fnt\n|faint|p1a: Salamence\n|\n|upkeep\n|inactive|Hezboysun has 120 seconds left.\n|\n|t:|1700020129\n|switch|p1a: Volcarona|Volcarona, M|100\/100\n|turn|13\n|\n|t:|1700020147\n|move|p1a: Volcarona|Fiery Dance|p2a: Bewear\n|-damage|p2a: Bewear|0 fnt\n|-boost|p1a: Volcarona|spa|1\n|faint|p2a: Bewear\n|\n|upkeep\n|\n|t:|1700020153\n|switch|p2a: Typhlosion|Typhlosion-Hisui, F|100\/100\n|-item|p1a: Volcarona|Leftovers|[from] ability: Frisk|[of] p2a: Typhlosion|[identify]\n|turn|14\n|inactive|Hezboysun has 120 seconds left.\n|\n|t:|1700020169\n|switch|p1a: Claydol|Claydol|48\/100\n|move|p2a: Typhlosion|Shadow Ball|p1a: Claydol\n|-supereffective|p1a: Claydol\n|-damage|p1a: Claydol|0 fnt\n|faint|p1a: Claydol\n|\n|upkeep\n|\n|t:|1700020177\n|switch|p1a: Braviary|Braviary, M|100\/100\n|turn|15\n|\n|t:|1700020181\n|move|p2a: Typhlosion|Fire Blast|p1a: Braviary|[miss]\n|-miss|p2a: Typhlosion|p1a: Braviary\n|move|p1a: Braviary|Rock Slide|p2a: Typhlosion|[miss]\n|-miss|p1a: Braviary|p2a: Typhlosion\n|\n|upkeep\n|turn|16\n|\n|t:|1700020189\n|move|p2a: Typhlosion|Fire Blast|p1a: Braviary\n|-damage|p1a: Braviary|28\/100\n|move|p1a: Braviary|Rock Slide|p2a: Typhlosion\n|-supereffective|p2a: Typhlosion\n|-damage|p2a: Typhlosion|0 fnt\n|faint|p2a: Typhlosion\n|\n|upkeep\n|\n|t:|1700020197\n|switch|p2a: Heliolisk|Heliolisk, M, tera:Ghost|71\/100\n|-damage|p2a: Heliolisk|59\/100|[from] Stealth Rock\n|turn|17\n|\n|t:|1700020204\n|move|p2a: Heliolisk|Thunderbolt|p1a: Braviary\n|-supereffective|p1a: Braviary\n|-damage|p1a: Braviary|0 fnt\n|faint|p1a: Braviary\n|\n|upkeep\n|\n|t:|1700020211\n|switch|p1a: Blastoise|Blastoise, F|100\/100\n|turn|18\n|\n|t:|1700020217\n|move|p2a: Heliolisk|Thunderbolt|p1a: Blastoise\n|-supereffective|p1a: Blastoise\n|-damage|p1a: Blastoise|24\/100\n|move|p1a: Blastoise|Shell Smash|p1a: Blastoise\n|-unboost|p1a: Blastoise|def|1\n|-unboost|p1a: Blastoise|spd|1\n|-boost|p1a: Blastoise|atk|2\n|-boost|p1a: Blastoise|spa|2\n|-boost|p1a: Blastoise|spe|2\n|-enditem|p1a: Blastoise|White Herb\n|-clearnegativeboost|p1a: Blastoise|[silent]\n|\n|upkeep\n|turn|19\n|\n|t:|1700020230\n|move|p1a: Blastoise|Ice Beam|p2a: Heliolisk\n|-damage|p2a: Heliolisk|13\/100\n|move|p2a: Heliolisk|Thunderbolt|p1a: Blastoise\n|-supereffective|p1a: Blastoise\n|-damage|p1a: Blastoise|0 fnt\n|faint|p1a: Blastoise\n|\n|upkeep\n|\n|t:|1700020238\n|switch|p1a: Volcarona|Volcarona, M|100\/100\n|turn|20\n|\n|t:|1700020247\n|move|p2a: Heliolisk|Hyper Voice|p1a: Volcarona\n|-crit|p1a: Volcarona\n|-damage|p1a: Volcarona|38\/100\n|move|p1a: Volcarona|Quiver Dance|p1a: Volcarona\n|-boost|p1a: Volcarona|spa|1\n|-boost|p1a: Volcarona|spd|1\n|-boost|p1a: Volcarona|spe|1\n|\n|-heal|p1a: Volcarona|44\/100|[from] item: Leftovers\n|upkeep\n|turn|21\n|\n|t:|1700020258\n|move|p1a: Volcarona|Giga Drain|p2a: Heliolisk\n|-damage|p2a: Heliolisk|0 fnt\n|-heal|p1a: Volcarona|49\/100|[from] drain|[of] p2a: Heliolisk\n|faint|p2a: Heliolisk\n|\n|-heal|p1a: Volcarona|55\/100|[from] item: Leftovers\n|upkeep\n|\n|t:|1700020264\n|switch|p2a: Espeon|Espeon, M|100\/100\n|-damage|p2a: Espeon|88\/100|[from] Stealth Rock\n|turn|22\n|\n|t:|1700020275\n|move|p2a: Espeon|Psychic|p1a: Volcarona\n|-damage|p1a: Volcarona|20\/100\n|move|p1a: Volcarona|Fiery Dance|p2a: Espeon\n|-damage|p2a: Espeon|13\/100\n|\n|-heal|p1a: Volcarona|26\/100|[from] item: Leftovers\n|upkeep\n|turn|23\n|\n|t:|1700020284\n|move|p2a: Espeon|Psychic|p1a: Volcarona\n|-damage|p1a: Volcarona|0 fnt\n|faint|p1a: Volcarona\n|\n|win|UncannyHavok\n|raw|Hezboysun's rating: 1067 &rarr; <strong>1049<\/strong><br \/>(-18 for losing)\n|raw|UncannyHavok's rating: 1104 &rarr; <strong>1126<\/strong><br \/>(+22 for winning)\n|l|\u2606Hezboysun\n","uploadtime":1700020295,"views":7,"p1id":"hezboysun","p2id":"uncannyhavok","formatid":"gen9nationaldex","rating":1049,"private":0,"password":""}