{"id":"gen9nationaldex-1989190484","p1":"Gonizo","p2":"LorGin98","format":"[Gen 9] National Dex","log":"|j|\u2606Gonizo\n|j|\u2606LorGin98\n|t:|1699821712\n|gametype|singles\n|player|p1|Gonizo|1|1143\n|player|p2|LorGin98|clown|1232\n|teamsize|p1|6\n|teamsize|p2|6\n|gen|9\n|tier|[Gen 9] National Dex\n|rated|\n|rule|HP Percentage Mod: HP is shown in percentages\n|rule|Endless Battle Clause: Forcing endless battles is banned\n|rule|OHKO Clause: OHKO moves are banned\n|rule|Evasion Clause: Evasion abilities, items, and moves are banned\n|rule|Evasion Abilities Clause: Evasion abilities are banned\n|rule|Evasion Items Clause: Evasion items are banned\n|rule|Evasion Moves Clause: Evasion moves are banned\n|rule|Species Clause: Limit one of each Pok\u00e9mon\n|rule|Sleep Clause Mod: Limit one foe put to sleep\n|clearpoke\n|poke|p1|Shuckle, M|\n|poke|p1|Arcanine-Hisui, F|\n|poke|p1|Heracross, F|\n|poke|p1|Smeargle, M|\n|poke|p1|Zoroark-Hisui, M|\n|poke|p1|Sliggoo-Hisui, M|\n|poke|p2|Deoxys-Defense|\n|poke|p2|Volcarona, M|\n|poke|p2|Toxapex, M|\n|poke|p2|Corviknight, M|\n|poke|p2|Cofagrigus, M|\n|poke|p2|Volcanion|\n|teampreview\n|j| gimmick273\n|inactive|Battle timer is ON: inactive players will automatically lose when time's up. (requested by LorGin98)\n|l| gimmick273\n|\n|t:|1699821730\n|start\n|switch|p1a: Navarrito|Smeargle, M|100\/100\n|switch|p2a: Volcarona|Volcarona, M|100\/100\n|turn|1\n|\n|t:|1699821738\n|move|p2a: Volcarona|Quiver Dance|p2a: Volcarona\n|-boost|p2a: Volcarona|spa|1\n|-boost|p2a: Volcarona|spd|1\n|-boost|p2a: Volcarona|spe|1\n|move|p1a: Navarrito|Spore|p2a: Volcarona\n|-status|p2a: Volcarona|slp|[from] move: Spore\n|\n|upkeep\n|turn|2\n|\n|t:|1699821747\n|switch|p1a: El deseo de chema|Arcanine-Hisui, F|100\/100\n|cant|p2a: Volcarona|slp\n|\n|upkeep\n|turn|3\n|\n|t:|1699821764\n|switch|p2a: Toxapex|Toxapex, M|100\/100\n|move|p1a: El deseo de chema|Head Smash|p2a: Toxapex\n|-damage|p2a: Toxapex|34\/100\n|\n|-heal|p2a: Toxapex|41\/100|[from] item: Leftovers\n|upkeep\n|turn|4\n|\n|t:|1699821785\n|switch|p1a: Sliggoo|Sliggoo-Hisui, M|100\/100\n|move|p2a: Toxapex|Baneful Bunker||[still]\n|-fail|p2a: Toxapex\n|\n|-heal|p2a: Toxapex|47\/100|[from] item: Leftovers\n|upkeep\n|turn|5\n|\n|t:|1699821795\n|move|p2a: Toxapex|Baneful Bunker|p2a: Toxapex\n|-singleturn|p2a: Toxapex|move: Protect\n|move|p1a: Sliggoo|Dragon Pulse|p2a: Toxapex\n|-activate|p2a: Toxapex|move: Protect\n|\n|-heal|p2a: Toxapex|53\/100|[from] item: Leftovers\n|upkeep\n|turn|6\n|\n|t:|1699821804\n|switch|p2a: Corviknight|Corviknight, M|100\/100\n|-ability|p2a: Corviknight|Pressure\n|move|p1a: Sliggoo|Dragon Pulse|p2a: Corviknight\n|-resisted|p2a: Corviknight\n|-damage|p2a: Corviknight|93\/100\n|\n|-heal|p2a: Corviknight|99\/100|[from] item: Leftovers\n|upkeep\n|turn|7\n|\n|t:|1699821822\n|switch|p2a: Toxapex|Toxapex, M|86\/100\n|move|p1a: Sliggoo|Acid Armor|p1a: Sliggoo\n|-boost|p1a: Sliggoo|def|2\n|\n|-heal|p2a: Toxapex|93\/100|[from] item: Leftovers\n|upkeep\n|turn|8\n|\n|t:|1699821831\n|move|p1a: Sliggoo|Dragon Pulse|p2a: Toxapex\n|-damage|p2a: Toxapex|74\/100\n|move|p2a: Toxapex|Scald|p1a: Sliggoo\n|-resisted|p1a: Sliggoo\n|-damage|p1a: Sliggoo|93\/100\n|-status|p1a: Sliggoo|brn\n|\n|-heal|p1a: Sliggoo|99\/100 brn|[from] item: Leftovers\n|-heal|p2a: Toxapex|80\/100|[from] item: Leftovers\n|-damage|p1a: Sliggoo|93\/100 brn|[from] brn\n|upkeep\n|turn|9\n|\n|t:|1699821847\n|move|p1a: Sliggoo|Dragon Pulse|p2a: Toxapex\n|-damage|p2a: Toxapex|57\/100\n|move|p2a: Toxapex|Haze|p2a: Toxapex\n|-clearallboost\n|\n|-heal|p1a: Sliggoo|99\/100 brn|[from] item: Leftovers\n|-heal|p2a: Toxapex|63\/100|[from] item: Leftovers\n|-damage|p1a: Sliggoo|93\/100 brn|[from] brn\n|upkeep\n|turn|10\n|\n|t:|1699821857\n|switch|p2a: Corviknight|Corviknight, M|99\/100\n|-ability|p2a: Corviknight|Pressure\n|move|p1a: Sliggoo|Dragon Pulse|p2a: Corviknight\n|-resisted|p2a: Corviknight\n|-damage|p2a: Corviknight|91\/100\n|\n|-heal|p2a: Corviknight|97\/100|[from] item: Leftovers\n|-heal|p1a: Sliggoo|99\/100 brn|[from] item: Leftovers\n|-damage|p1a: Sliggoo|93\/100 brn|[from] brn\n|upkeep\n|turn|11\n|\n|t:|1699821870\n|move|p2a: Corviknight|Bulk Up|p2a: Corviknight\n|-boost|p2a: Corviknight|atk|1\n|-boost|p2a: Corviknight|def|1\n|move|p1a: Sliggoo|Dragon Pulse|p2a: Corviknight\n|-resisted|p2a: Corviknight\n|-damage|p2a: Corviknight|88\/100\n|\n|-heal|p2a: Corviknight|94\/100|[from] item: Leftovers\n|-heal|p1a: Sliggoo|99\/100 brn|[from] item: Leftovers\n|-damage|p1a: Sliggoo|93\/100 brn|[from] brn\n|upkeep\n|turn|12\n|\n|t:|1699821895\n|switch|p1a: Heracross|Heracross, F|100\/100\n|move|p2a: Corviknight|Body Press|p1a: Heracross\n|-immune|p1a: Heracross\n|\n|-heal|p2a: Corviknight|100\/100|[from] item: Leftovers\n|upkeep\n|turn|13\n|\n|t:|1699821910\n|switch|p2a: Toxapex|Toxapex, M|97\/100\n|move|p1a: Heracross|Shadow Ball|p2a: Toxapex\n|-damage|p2a: Toxapex|40\/100\n|\n|-heal|p2a: Toxapex|47\/100|[from] item: Leftovers\n|upkeep\n|turn|14\n|\n|t:|1699821919\n|move|p2a: Toxapex|Baneful Bunker|p2a: Toxapex\n|-singleturn|p2a: Toxapex|move: Protect\n|move|p1a: Heracross|Shadow Ball|p2a: Toxapex\n|-activate|p2a: Toxapex|move: Protect\n|\n|-heal|p2a: Toxapex|53\/100|[from] item: Leftovers\n|upkeep\n|turn|15\n|\n|t:|1699821939\n|switch|p2a: Volcarona|Volcarona, M|100\/100 slp\n|move|p1a: Heracross|Shadow Ball|p2a: Volcarona\n|-damage|p2a: Volcarona|29\/100 slp\n|\n|upkeep\n|turn|16\n|\n|t:|1699821946\n|-curestatus|p2a: Volcarona|slp|[msg]\n|move|p2a: Volcarona|Giga Drain|p1a: Heracross\n|-damage|p1a: Heracross|49\/100\n|-heal|p2a: Volcarona|50\/100|[from] drain|[of] p1a: Heracross\n|replace|p1a: Chema|Zoroark-Hisui, M\n|-end|p1a: Chema|Illusion\n|move|p1a: Chema|Shadow Ball|p2a: Volcarona\n|-damage|p2a: Volcarona|0 fnt\n|faint|p2a: Volcarona\n|\n|upkeep\n|\n|t:|1699821956\n|switch|p2a: Cofagrigus|Cofagrigus, M|100\/100\n|turn|17\n|\n|t:|1699821962\n|-terastallize|p2a: Cofagrigus|Normal\n|move|p1a: Chema|Shadow Ball|p2a: Cofagrigus\n|-immune|p2a: Cofagrigus\n|move|p2a: Cofagrigus|Toxic|p1a: Chema\n|-status|p1a: Chema|tox\n|\n|-damage|p1a: Chema|43\/100 tox|[from] psn\n|upkeep\n|turn|18\n|\n|t:|1699821977\n|switch|p1a: Sliggoo|Sliggoo-Hisui, M|93\/100 brn\n|move|p2a: Cofagrigus|Protect||[still]\n|-fail|p2a: Cofagrigus\n|\n|-heal|p1a: Sliggoo|99\/100 brn|[from] item: Leftovers\n|-damage|p1a: Sliggoo|93\/100 brn|[from] brn\n|upkeep\n|turn|19\n|\n|t:|1699821991\n|switch|p1a: El deseo de chema|Arcanine-Hisui, F|100\/100\n|move|p2a: Cofagrigus|Hex|p1a: El deseo de chema\n|-damage|p1a: El deseo de chema|76\/100\n|\n|upkeep\n|turn|20\n|\n|t:|1699822005\n|-terastallize|p1a: El deseo de chema|Rock\n|move|p2a: Cofagrigus|Protect|p2a: Cofagrigus\n|-singleturn|p2a: Cofagrigus|Protect\n|move|p1a: El deseo de chema|Head Smash|p2a: Cofagrigus\n|-activate|p2a: Cofagrigus|move: Protect\n|\n|upkeep\n|turn|21\n|\n|t:|1699822013\n|move|p1a: El deseo de chema|Head Smash|p2a: Cofagrigus\n|-damage|p2a: Cofagrigus|0 fnt\n|-activate|p2a: Cofagrigus|ability: Mummy|Rock Head|[of] p1a: El deseo de chema\n|faint|p2a: Cofagrigus\n|-damage|p1a: El deseo de chema|27\/100|[from] Recoil\n|\n|upkeep\n|\n|t:|1699822021\n|switch|p2a: Toxapex|Toxapex, M|86\/100\n|turn|22\n|inactive|Gonizo has 120 seconds left.\n|\n|t:|1699822059\n|switch|p1a: Sliggoo|Sliggoo-Hisui, M|93\/100 brn\n|move|p2a: Toxapex|Baneful Bunker||[still]\n|-fail|p2a: Toxapex\n|\n|-heal|p1a: Sliggoo|99\/100 brn|[from] item: Leftovers\n|-heal|p2a: Toxapex|92\/100|[from] item: Leftovers\n|-damage|p1a: Sliggoo|93\/100 brn|[from] brn\n|upkeep\n|turn|23\n|inactive|Gonizo has 120 seconds left.\n|\n|t:|1699822078\n|switch|p1a: Heracross|Heracross, F|43\/100 tox\n|switch|p2a: Volcanion|Volcanion|100\/100\n|\n|-damage|p1a: Heracross|37\/100 tox|[from] psn\n|upkeep\n|turn|24\n|inactive|LorGin98 has 120 seconds left.\n|\n|t:|1699822129\n|move|p1a: Heracross|Shadow Ball|p2a: Volcanion\n|-damage|p2a: Volcanion|23\/100\n|move|p2a: Volcanion|Flamethrower|p1a: Heracross\n|-damage|p1a: Heracross|0 fnt\n|replace|p1a: Chema|Zoroark-Hisui, M\n|-end|p1a: Chema|Illusion\n|faint|p1a: Chema\n|\n|upkeep\n|\n|t:|1699822140\n|switch|p1a: Heracross|Heracross, F|100\/100\n|turn|25\n|\n|t:|1699822145\n|move|p1a: Heracross|Earthquake|p2a: Volcanion\n|-supereffective|p2a: Volcanion\n|-damage|p2a: Volcanion|0 fnt\n|faint|p2a: Volcanion\n|-ability|p1a: Heracross|Moxie|boost\n|-boost|p1a: Heracross|atk|1\n|\n|upkeep\n|\n|t:|1699822164\n|switch|p2a: Deoxys|Deoxys-Defense|100\/100\n|-ability|p2a: Deoxys|Pressure\n|turn|26\n|inactive|Gonizo has 120 seconds left.\n|\n|t:|1699822190\n|move|p2a: Deoxys|Protect|p2a: Deoxys\n|-singleturn|p2a: Deoxys|Protect\n|move|p1a: Heracross|Megahorn|p2a: Deoxys\n|-activate|p2a: Deoxys|move: Protect\n|\n|upkeep\n|turn|27\n|\n|t:|1699822200\n|switch|p2a: Corviknight|Corviknight, M|100\/100\n|-ability|p2a: Corviknight|Pressure\n|move|p1a: Heracross|Megahorn|p2a: Corviknight\n|-resisted|p2a: Corviknight\n|-damage|p2a: Corviknight|81\/100\n|\n|-heal|p2a: Corviknight|87\/100|[from] item: Leftovers\n|upkeep\n|turn|28\n|\n|t:|1699822210\n|move|p1a: Heracross|Close Combat|p2a: Corviknight\n|-damage|p2a: Corviknight|17\/100\n|-unboost|p1a: Heracross|def|1\n|-unboost|p1a: Heracross|spd|1\n|move|p2a: Corviknight|Bulk Up|p2a: Corviknight\n|-boost|p2a: Corviknight|atk|1\n|-boost|p2a: Corviknight|def|1\n|\n|-heal|p2a: Corviknight|24\/100|[from] item: Leftovers\n|upkeep\n|turn|29\n|inactive|LorGin98 has 120 seconds left.\n|\n|t:|1699822221\n|switch|p2a: Toxapex|Toxapex, M|100\/100\n|move|p1a: Heracross|Close Combat|p2a: Toxapex\n|-resisted|p2a: Toxapex\n|-damage|p2a: Toxapex|73\/100\n|-unboost|p1a: Heracross|def|1\n|-unboost|p1a: Heracross|spd|1\n|\n|-heal|p2a: Toxapex|79\/100|[from] item: Leftovers\n|upkeep\n|turn|30\n|inactive|LorGin98 has 120 seconds left.\n|\n|t:|1699822247\n|switch|p1a: Con o sin sussano|Shuckle, M|100\/100\n|move|p2a: Toxapex|Baneful Bunker||[still]\n|-fail|p2a: Toxapex\n|\n|-heal|p2a: Toxapex|85\/100|[from] item: Leftovers\n|upkeep\n|turn|31\n|\n|t:|1699822260\n|switch|p2a: Corviknight|Corviknight, M|24\/100\n|-ability|p2a: Corviknight|Pressure\n|move|p1a: Con o sin sussano|Infestation|p2a: Corviknight\n|-resisted|p2a: Corviknight\n|-damage|p2a: Corviknight|23\/100\n|-activate|p2a: Corviknight|move: Infestation|[of] p1a: Con o sin sussano\n|\n|-heal|p2a: Corviknight|30\/100|[from] item: Leftovers\n|-damage|p2a: Corviknight|17\/100|[from] move: Infestation|[partiallytrapped]\n|upkeep\n|turn|32\n|inactive|Gonizo has 90 seconds left.\n|\n|t:|1699822276\n|switch|p1a: Heracross|Heracross, F|100\/100\n|move|p2a: Corviknight|Roost|p2a: Corviknight\n|-heal|p2a: Corviknight|67\/100\n|-singleturn|p2a: Corviknight|move: Roost\n|\n|-heal|p2a: Corviknight|73\/100|[from] item: Leftovers\n|-end|p2a: Corviknight|Infestation|[partiallytrapped]|[silent]\n|upkeep\n|turn|33\n|inactive|Gonizo has 90 seconds left.\n|\n|t:|1699822293\n|switch|p2a: Toxapex|Toxapex, M|100\/100\n|move|p1a: Heracross|Close Combat|p2a: Toxapex\n|-resisted|p2a: Toxapex\n|-crit|p2a: Toxapex\n|-damage|p2a: Toxapex|72\/100\n|-unboost|p1a: Heracross|def|1\n|-unboost|p1a: Heracross|spd|1\n|\n|-heal|p2a: Toxapex|78\/100|[from] item: Leftovers\n|upkeep\n|turn|34\n|inactive|Gonizo has 90 seconds left.\n|\n|t:|1699822306\n|switch|p1a: El deseo de chema|Arcanine-Hisui, F, tera:Rock|27\/100\n|move|p2a: Toxapex|Baneful Bunker||[still]\n|-fail|p2a: Toxapex\n|\n|-heal|p2a: Toxapex|84\/100|[from] item: Leftovers\n|upkeep\n|turn|35\n|inactive|Gonizo has 90 seconds left.\n|\n|t:|1699822320\n|switch|p1a: Navarrito|Smeargle, M|100\/100\n|move|p2a: Toxapex|Scald|p1a: Navarrito\n|-damage|p1a: Navarrito|64\/100\n|\n|-heal|p2a: Toxapex|90\/100|[from] item: Leftovers\n|upkeep\n|turn|36\n|inactive|Gonizo has 90 seconds left.\n|\n|t:|1699822332\n|move|p2a: Toxapex|Baneful Bunker|p2a: Toxapex\n|-singleturn|p2a: Toxapex|move: Protect\n|move|p1a: Navarrito|Stealth Rock|p2a: Toxapex\n|-sidestart|p2: LorGin98|move: Stealth Rock\n|\n|-heal|p2a: Toxapex|97\/100|[from] item: Leftovers\n|upkeep\n|turn|37\n|inactive|Gonizo has 90 seconds left.\n|\n|t:|1699822344\n|move|p1a: Navarrito|Taunt|p2a: Toxapex\n|-start|p2a: Toxapex|move: Taunt\n|move|p2a: Toxapex|Scald|p1a: Navarrito\n|-damage|p1a: Navarrito|29\/100\n|\n|-heal|p2a: Toxapex|100\/100|[from] item: Leftovers\n|upkeep\n|turn|38\n|inactive|Gonizo has 90 seconds left.\n|\n|t:|1699822360\n|switch|p1a: Sliggoo|Sliggoo-Hisui, M|93\/100 brn\n|move|p2a: Toxapex|Scald|p1a: Sliggoo\n|-resisted|p1a: Sliggoo\n|-damage|p1a: Sliggoo|85\/100 brn\n|\n|-heal|p1a: Sliggoo|92\/100 brn|[from] item: Leftovers\n|-damage|p1a: Sliggoo|85\/100 brn|[from] brn\n|upkeep\n|turn|39\n|\n|t:|1699822374\n|switch|p1a: El deseo de chema|Arcanine-Hisui, F, tera:Rock|27\/100\n|switch|p2a: Corviknight|Corviknight, M|73\/100\n|-damage|p2a: Corviknight|61\/100|[from] Stealth Rock\n|-ability|p2a: Corviknight|Pressure\n|\n|-heal|p2a: Corviknight|67\/100|[from] item: Leftovers\n|upkeep\n|turn|40\n|\n|t:|1699822384\n|move|p1a: El deseo de chema|Wild Charge|p2a: Corviknight\n|-supereffective|p2a: Corviknight\n|-damage|p2a: Corviknight|0 fnt\n|faint|p2a: Corviknight\n|\n|upkeep\n|\n|t:|1699822394\n|switch|p2a: Toxapex|Toxapex, M|100\/100\n|-damage|p2a: Toxapex|88\/100|[from] Stealth Rock\n|turn|41\n|\n|t:|1699822399\n|move|p2a: Toxapex|Baneful Bunker|p2a: Toxapex\n|-singleturn|p2a: Toxapex|move: Protect\n|move|p1a: El deseo de chema|Wild Charge|p2a: Toxapex\n|-activate|p2a: Toxapex|move: Protect\n|-status|p1a: El deseo de chema|psn\n|\n|-heal|p2a: Toxapex|94\/100|[from] item: Leftovers\n|-damage|p1a: El deseo de chema|15\/100 psn|[from] psn\n|upkeep\n|turn|42\n|\n|t:|1699822413\n|switch|p1a: Sliggoo|Sliggoo-Hisui, M|85\/100 brn\n|switch|p2a: Deoxys|Deoxys-Defense|100\/100\n|-damage|p2a: Deoxys|88\/100|[from] Stealth Rock\n|-ability|p2a: Deoxys|Pressure\n|\n|-heal|p2a: Deoxys|94\/100|[from] item: Leftovers\n|-heal|p1a: Sliggoo|92\/100 brn|[from] item: Leftovers\n|-damage|p1a: Sliggoo|85\/100 brn|[from] brn\n|upkeep\n|turn|43\n|\n|t:|1699822429\n|move|p2a: Deoxys|Substitute|p2a: Deoxys\n|-start|p2a: Deoxys|Substitute\n|-damage|p2a: Deoxys|69\/100\n|move|p1a: Sliggoo|Toxic||[still]\n|-fail|p1a: Sliggoo\n|\n|-heal|p2a: Deoxys|75\/100|[from] item: Leftovers\n|-heal|p1a: Sliggoo|92\/100 brn|[from] item: Leftovers\n|-damage|p1a: Sliggoo|85\/100 brn|[from] brn\n|upkeep\n|turn|44\n|\n|t:|1699822439\n|move|p2a: Deoxys|Calm Mind|p2a: Deoxys\n|-boost|p2a: Deoxys|spa|1\n|-boost|p2a: Deoxys|spd|1\n|move|p1a: Sliggoo|Dragon Pulse|p2a: Deoxys\n|-activate|p2a: Deoxys|move: Substitute|[damage]\n|\n|-heal|p2a: Deoxys|82\/100|[from] item: Leftovers\n|-heal|p1a: Sliggoo|92\/100 brn|[from] item: Leftovers\n|-damage|p1a: Sliggoo|85\/100 brn|[from] brn\n|upkeep\n|turn|45\n|\n|t:|1699822452\n|move|p2a: Deoxys|Calm Mind|p2a: Deoxys\n|-boost|p2a: Deoxys|spa|1\n|-boost|p2a: Deoxys|spd|1\n|move|p1a: Sliggoo|Dragon Pulse|p2a: Deoxys\n|-activate|p2a: Deoxys|move: Substitute|[damage]\n|\n|-heal|p2a: Deoxys|88\/100|[from] item: Leftovers\n|-heal|p1a: Sliggoo|92\/100 brn|[from] item: Leftovers\n|-damage|p1a: Sliggoo|85\/100 brn|[from] brn\n|upkeep\n|turn|46\n|\n|t:|1699822463\n|move|p2a: Deoxys|Calm Mind|p2a: Deoxys\n|-boost|p2a: Deoxys|spa|1\n|-boost|p2a: Deoxys|spd|1\n|move|p1a: Sliggoo|Dragon Pulse|p2a: Deoxys\n|-end|p2a: Deoxys|Substitute\n|\n|-heal|p2a: Deoxys|94\/100|[from] item: Leftovers\n|-heal|p1a: Sliggoo|92\/100 brn|[from] item: Leftovers\n|-damage|p1a: Sliggoo|85\/100 brn|[from] brn\n|upkeep\n|turn|47\n|inactive|Gonizo has 90 seconds left.\n|\n|t:|1699822479\n|switch|p1a: El deseo de chema|Arcanine-Hisui, F, tera:Rock|15\/100 psn\n|move|p2a: Deoxys|Substitute|p2a: Deoxys\n|-start|p2a: Deoxys|Substitute\n|-damage|p2a: Deoxys|69\/100\n|\n|-heal|p2a: Deoxys|75\/100|[from] item: Leftovers\n|-damage|p1a: El deseo de chema|3\/100 psn|[from] psn\n|upkeep\n|turn|48\n|\n|t:|1699822489\n|move|p2a: Deoxys|Protect|p2a: Deoxys\n|-singleturn|p2a: Deoxys|Protect\n|move|p1a: El deseo de chema|Head Smash|p2a: Deoxys\n|-activate|p2a: Deoxys|move: Protect\n|\n|-heal|p2a: Deoxys|82\/100|[from] item: Leftovers\n|-damage|p1a: El deseo de chema|0 fnt|[from] psn\n|faint|p1a: El deseo de chema\n|upkeep\n|inactive|Gonizo has 90 seconds left.\n|c|\u2606Gonizo|I really love this Battle\n|c|\u2606Gonizo|Gg\n|c|\u2606LorGin98|gg!\n|\n|t:|1699822512\n|switch|p1a: Heracross|Heracross, F|100\/100\n|turn|49\n|\n|t:|1699822519\n|move|p1a: Heracross|Megahorn|p2a: Deoxys\n|-supereffective|p2a: Deoxys\n|-end|p2a: Deoxys|Substitute\n|move|p2a: Deoxys|Psychic|p1a: Heracross\n|-supereffective|p1a: Heracross\n|-crit|p1a: Heracross\n|-damage|p1a: Heracross|0 fnt\n|faint|p1a: Heracross\n|\n|-heal|p2a: Deoxys|88\/100|[from] item: Leftovers\n|upkeep\n|inactive|Gonizo has 90 seconds left.\n|\n|t:|1699822531\n|switch|p1a: Navarrito|Smeargle, M|29\/100\n|turn|50\n|\n|t:|1699822534\n|move|p1a: Navarrito|Spore|p2a: Deoxys\n|-status|p2a: Deoxys|slp|[from] move: Spore\n|cant|p2a: Deoxys|slp\n|\n|-heal|p2a: Deoxys|94\/100 slp|[from] item: Leftovers\n|upkeep\n|turn|51\n|inactive|Gonizo has 90 seconds left.\n|\n|t:|1699822551\n|cant|p2a: Deoxys|slp\n|move|p1a: Navarrito|Taunt|p2a: Deoxys\n|-start|p2a: Deoxys|move: Taunt\n|\n|-heal|p2a: Deoxys|100\/100 slp|[from] item: Leftovers\n|upkeep\n|turn|52\n|inactive|Gonizo has 90 seconds left.\n|\n|t:|1699822566\n|switch|p1a: Con o sin sussano|Shuckle, M|100\/100\n|-curestatus|p2a: Deoxys|slp|[msg]\n|move|p2a: Deoxys|Psychic|p1a: Con o sin sussano\n|-damage|p1a: Con o sin sussano|54\/100\n|-boost|p1a: Con o sin sussano|spd|1\n|\n|upkeep\n|turn|53\n|inactive|Gonizo has 90 seconds left.\n|\n|t:|1699822579\n|move|p2a: Deoxys|Psychic|p1a: Con o sin sussano\n|-damage|p1a: Con o sin sussano|26\/100\n|move|p1a: Con o sin sussano|Rest|p1a: Con o sin sussano\n|-status|p1a: Con o sin sussano|slp|[from] move: Rest\n|-heal|p1a: Con o sin sussano|100\/100 slp|[silent]\n|-enditem|p1a: Con o sin sussano|Chesto Berry|[eat]\n|-curestatus|p1a: Con o sin sussano|slp|[msg]\n|\n|upkeep\n|turn|54\n|inactive|Gonizo has 90 seconds left.\n|\n|t:|1699822588\n|move|p2a: Deoxys|Psychic|p1a: Con o sin sussano\n|-damage|p1a: Con o sin sussano|74\/100\n|move|p1a: Con o sin sussano|Toxic|p2a: Deoxys\n|-status|p2a: Deoxys|tox\n|\n|-damage|p2a: Deoxys|94\/100 tox|[from] psn\n|-end|p2a: Deoxys|move: Taunt\n|upkeep\n|turn|55\n|\n|t:|1699822605\n|move|p2a: Deoxys|Substitute|p2a: Deoxys\n|-start|p2a: Deoxys|Substitute\n|-damage|p2a: Deoxys|69\/100 tox\n|move|p1a: Con o sin sussano|Shell Smash|p1a: Con o sin sussano\n|-boost|p1a: Con o sin sussano|def|1\n|-boost|p1a: Con o sin sussano|spd|1\n|-unboost|p1a: Con o sin sussano|atk|2\n|-unboost|p1a: Con o sin sussano|spa|2\n|-unboost|p1a: Con o sin sussano|spe|2\n|\n|-heal|p2a: Deoxys|75\/100 tox|[from] item: Leftovers\n|-damage|p2a: Deoxys|63\/100 tox|[from] psn\n|upkeep\n|turn|56\n|\n|t:|1699822617\n|move|p2a: Deoxys|Psychic|p1a: Con o sin sussano\n|-damage|p1a: Con o sin sussano|51\/100\n|move|p1a: Con o sin sussano|Shell Smash|p1a: Con o sin sussano\n|-boost|p1a: Con o sin sussano|def|1\n|-boost|p1a: Con o sin sussano|spd|1\n|-unboost|p1a: Con o sin sussano|atk|2\n|-unboost|p1a: Con o sin sussano|spa|2\n|-unboost|p1a: Con o sin sussano|spe|2\n|\n|-heal|p2a: Deoxys|69\/100 tox|[from] item: Leftovers\n|-damage|p2a: Deoxys|50\/100 tox|[from] psn\n|upkeep\n|turn|57\n|\n|t:|1699822631\n|switch|p2a: Toxapex|Toxapex, M|100\/100\n|-damage|p2a: Toxapex|88\/100|[from] Stealth Rock\n|move|p1a: Con o sin sussano|Shell Smash|p1a: Con o sin sussano\n|-boost|p1a: Con o sin sussano|def|1\n|-boost|p1a: Con o sin sussano|spd|1\n|-unboost|p1a: Con o sin sussano|atk|2\n|-unboost|p1a: Con o sin sussano|spa|2\n|-unboost|p1a: Con o sin sussano|spe|2\n|\n|-heal|p2a: Toxapex|94\/100|[from] item: Leftovers\n|upkeep\n|turn|58\n|inactive|Gonizo has 90 seconds left.\n|\n|t:|1699822652\n|switch|p1a: Navarrito|Smeargle, M|29\/100\n|move|p2a: Toxapex|Haze|p2a: Toxapex\n|-clearallboost\n|\n|-heal|p2a: Toxapex|100\/100|[from] item: Leftovers\n|upkeep\n|turn|59\n|inactive|Gonizo has 90 seconds left.\n|\n|t:|1699822664\n|switch|p2a: Deoxys|Deoxys-Defense|50\/100 tox\n|-damage|p2a: Deoxys|38\/100 tox|[from] Stealth Rock\n|-ability|p2a: Deoxys|Pressure\n|move|p1a: Navarrito|Taunt|p2a: Deoxys\n|-start|p2a: Deoxys|move: Taunt\n|\n|-heal|p2a: Deoxys|44\/100 tox|[from] item: Leftovers\n|-damage|p2a: Deoxys|38\/100 tox|[from] psn\n|upkeep\n|turn|60\n|inactive|Gonizo has 90 seconds left.\n|\n|t:|1699822679\n|switch|p1a: Con o sin sussano|Shuckle, M|51\/100\n|move|p2a: Deoxys|Psychic|p1a: Con o sin sussano\n|-damage|p1a: Con o sin sussano|35\/100\n|-boost|p1a: Con o sin sussano|spd|1\n|\n|-heal|p2a: Deoxys|44\/100 tox|[from] item: Leftovers\n|-damage|p2a: Deoxys|32\/100 tox|[from] psn\n|upkeep\n|turn|61\n|inactive|Gonizo has 90 seconds left.\n|\n|t:|1699822695\n|switch|p2a: Toxapex|Toxapex, M|100\/100\n|-damage|p2a: Toxapex|88\/100|[from] Stealth Rock\n|move|p1a: Con o sin sussano|Rest|p1a: Con o sin sussano\n|-status|p1a: Con o sin sussano|slp|[from] move: Rest\n|-heal|p1a: Con o sin sussano|100\/100 slp|[silent]\n|\n|-heal|p2a: Toxapex|94\/100|[from] item: Leftovers\n|upkeep\n|turn|62\n|inactive|Gonizo has 90 seconds left.\n|\n|t:|1699822708\n|move|p2a: Toxapex|Scald|p1a: Con o sin sussano\n|-supereffective|p1a: Con o sin sussano\n|-damage|p1a: Con o sin sussano|83\/100 slp\n|cant|p1a: Con o sin sussano|slp\n|\n|-heal|p2a: Toxapex|100\/100|[from] item: Leftovers\n|upkeep\n|turn|63\n|inactive|Gonizo has 90 seconds left.\n|\n|t:|1699822717\n|move|p2a: Toxapex|Haze|p2a: Toxapex\n|-clearallboost\n|cant|p1a: Con o sin sussano|slp\n|\n|upkeep\n|turn|64\n|\n|t:|1699822728\n|move|p2a: Toxapex|Scald|p1a: Con o sin sussano\n|-supereffective|p1a: Con o sin sussano\n|-damage|p1a: Con o sin sussano|59\/100 slp\n|-curestatus|p1a: Con o sin sussano|slp|[msg]\n|move|p1a: Con o sin sussano|Infestation|p2a: Toxapex\n|-resisted|p2a: Toxapex\n|-damage|p2a: Toxapex|99\/100\n|-activate|p2a: Toxapex|move: Infestation|[of] p1a: Con o sin sussano\n|\n|-heal|p2a: Toxapex|100\/100|[from] item: Leftovers\n|-damage|p2a: Toxapex|88\/100|[from] move: Infestation|[partiallytrapped]\n|upkeep\n|turn|65\n|inactive|Gonizo has 90 seconds left.\n|\n|t:|1699822749\n|move|p2a: Toxapex|Scald|p1a: Con o sin sussano\n|-supereffective|p1a: Con o sin sussano\n|-damage|p1a: Con o sin sussano|32\/100\n|move|p1a: Con o sin sussano|Infestation|p2a: Toxapex\n|-resisted|p2a: Toxapex\n|-damage|p2a: Toxapex|87\/100\n|\n|-heal|p2a: Toxapex|94\/100|[from] item: Leftovers\n|-damage|p2a: Toxapex|81\/100|[from] move: Infestation|[partiallytrapped]\n|upkeep\n|turn|66\n|inactive|Gonizo has 90 seconds left.\n|\n|t:|1699822761\n|move|p2a: Toxapex|Scald|p1a: Con o sin sussano\n|-supereffective|p1a: Con o sin sussano\n|-damage|p1a: Con o sin sussano|9\/100\n|move|p1a: Con o sin sussano|Rest|p1a: Con o sin sussano\n|-status|p1a: Con o sin sussano|slp|[from] move: Rest\n|-heal|p1a: Con o sin sussano|100\/100 slp|[silent]\n|\n|-heal|p2a: Toxapex|87\/100|[from] item: Leftovers\n|-damage|p2a: Toxapex|75\/100|[from] move: Infestation|[partiallytrapped]\n|upkeep\n|turn|67\n|inactive|Gonizo has 90 seconds left.\n|\n|t:|1699822772\n|move|p2a: Toxapex|Haze|p2a: Toxapex\n|-clearallboost\n|cant|p1a: Con o sin sussano|slp\n|\n|-heal|p2a: Toxapex|81\/100|[from] item: Leftovers\n|-damage|p2a: Toxapex|69\/100|[from] move: Infestation|[partiallytrapped]\n|upkeep\n|turn|68\n|inactive|Gonizo has 90 seconds left.\n|\n|t:|1699822781\n|move|p2a: Toxapex|Haze|p2a: Toxapex\n|-clearallboost\n|cant|p1a: Con o sin sussano|slp\n|\n|-heal|p2a: Toxapex|75\/100|[from] item: Leftovers\n|-end|p2a: Toxapex|Infestation|[partiallytrapped]\n|upkeep\n|turn|69\n|\n|t:|1699822790\n|move|p2a: Toxapex|Scald|p1a: Con o sin sussano\n|-supereffective|p1a: Con o sin sussano\n|-damage|p1a: Con o sin sussano|73\/100 slp\n|-curestatus|p1a: Con o sin sussano|slp|[msg]\n|move|p1a: Con o sin sussano|Infestation|p2a: Toxapex\n|-resisted|p2a: Toxapex\n|-damage|p2a: Toxapex|74\/100\n|-activate|p2a: Toxapex|move: Infestation|[of] p1a: Con o sin sussano\n|\n|-heal|p2a: Toxapex|80\/100|[from] item: Leftovers\n|-damage|p2a: Toxapex|68\/100|[from] move: Infestation|[partiallytrapped]\n|upkeep\n|turn|70\n|inactive|Gonizo has 90 seconds left.\n|\n|t:|1699822806\n|move|p2a: Toxapex|Scald|p1a: Con o sin sussano\n|-supereffective|p1a: Con o sin sussano\n|-damage|p1a: Con o sin sussano|49\/100\n|move|p1a: Con o sin sussano|Infestation|p2a: Toxapex\n|-resisted|p2a: Toxapex\n|-damage|p2a: Toxapex|67\/100\n|\n|-heal|p2a: Toxapex|74\/100|[from] item: Leftovers\n|-damage|p2a: Toxapex|61\/100|[from] move: Infestation|[partiallytrapped]\n|upkeep\n|turn|71\n|inactive|Gonizo has 90 seconds left.\n|\n|t:|1699822818\n|move|p2a: Toxapex|Recover|p2a: Toxapex\n|-heal|p2a: Toxapex|100\/100\n|move|p1a: Con o sin sussano|Infestation|p2a: Toxapex\n|-resisted|p2a: Toxapex\n|-damage|p2a: Toxapex|99\/100\n|\n|-heal|p2a: Toxapex|100\/100|[from] item: Leftovers\n|-damage|p2a: Toxapex|88\/100|[from] move: Infestation|[partiallytrapped]\n|upkeep\n|turn|72\n|inactive|Gonizo has 90 seconds left.\n|\n|t:|1699822849\n|move|p2a: Toxapex|Scald|p1a: Con o sin sussano\n|-supereffective|p1a: Con o sin sussano\n|-damage|p1a: Con o sin sussano|22\/100\n|-status|p1a: Con o sin sussano|brn\n|move|p1a: Con o sin sussano|Rest|p1a: Con o sin sussano\n|-status|p1a: Con o sin sussano|slp|[from] move: Rest\n|-heal|p1a: Con o sin sussano|100\/100 slp|[silent]\n|\n|-heal|p2a: Toxapex|94\/100|[from] item: Leftovers\n|-damage|p2a: Toxapex|82\/100|[from] move: Infestation|[partiallytrapped]\n|upkeep\n|turn|73\n|\n|t:|1699822863\n|switch|p1a: Sliggoo|Sliggoo-Hisui, M|85\/100 brn\n|move|p2a: Toxapex|Haze|p2a: Toxapex\n|-clearallboost\n|\n|-heal|p1a: Sliggoo|92\/100 brn|[from] item: Leftovers\n|-heal|p2a: Toxapex|88\/100|[from] item: Leftovers\n|-damage|p1a: Sliggoo|85\/100 brn|[from] brn\n|-end|p2a: Toxapex|Infestation|[partiallytrapped]|[silent]\n|upkeep\n|turn|74\n|\n|t:|1699822882\n|switch|p2a: Deoxys|Deoxys-Defense|32\/100 tox\n|-damage|p2a: Deoxys|19\/100 tox|[from] Stealth Rock\n|-ability|p2a: Deoxys|Pressure\n|move|p1a: Sliggoo|Dragon Pulse|p2a: Deoxys\n|-damage|p2a: Deoxys|0 fnt\n|faint|p2a: Deoxys\n|\n|-heal|p1a: Sliggoo|92\/100 brn|[from] item: Leftovers\n|-damage|p1a: Sliggoo|85\/100 brn|[from] brn\n|upkeep\n|\n|t:|1699822890\n|switch|p2a: Toxapex|Toxapex, M|100\/100\n|-damage|p2a: Toxapex|88\/100|[from] Stealth Rock\n|turn|75\n|c|\u2606LorGin98|gg\n|c|\u2606LorGin98|bye\n|inactive|Gonizo has 60 seconds left.\n|inactive|LorGin98 has 120 seconds left.\n|-message|LorGin98 forfeited.\n|\n|win|Gonizo\n|raw|Gonizo's rating: 1143 &rarr; <strong>1174<\/strong><br \/>(+31 for winning)\n|raw|LorGin98's rating: 1232 &rarr; <strong>1201<\/strong><br \/>(-31 for losing)\n|c|\u2606Gonizo|Gg\n|l|\u2606LorGin98\n","uploadtime":1699822928,"views":18,"p1id":"gonizo","p2id":"lorgin98","formatid":"gen9nationaldex","rating":1174,"private":0,"password":""}