{"id":"gen9nationaldex-1999834988","p1":"Misa Misa sz","p2":"archiezero","format":"[Gen 9] National Dex","log":"|html|<div class=\"broadcast-blue\"><strong>[Gen 9] National Dex is currently suspecting Sneasler! For information on how to participate check out the <a href=\"https:\/\/www.smogon.com\/forums\/threads\/sv-national-dex-suspect-8-just-dance.3731534\/\">suspect thread<\/a>.<\/strong><\/div>\n|j|\u2606Misa Misa sz\n|j|\u2606archiezero\n|t:|1701121156\n|gametype|singles\n|player|p1|Misa Misa sz|bellelba|\n|player|p2|archiezero|plasmagrunt-gen5bw|\n|teamsize|p1|6\n|teamsize|p2|6\n|gen|9\n|tier|[Gen 9] National Dex\n|rule|HP Percentage Mod: HP is shown in percentages\n|rule|Endless Battle Clause: Forcing endless battles is banned\n|rule|OHKO Clause: OHKO moves are banned\n|rule|Evasion Clause: Evasion abilities, items, and moves are banned\n|rule|Evasion Abilities Clause: Evasion abilities are banned\n|rule|Evasion Items Clause: Evasion items are banned\n|rule|Evasion Moves Clause: Evasion moves are banned\n|rule|Species Clause: Limit one of each Pok\u00e9mon\n|rule|Sleep Clause Mod: Limit one foe put to sleep\n|clearpoke\n|poke|p1|Salazzle, F|\n|poke|p1|Toxapex, F|\n|poke|p1|Lurantis, F|\n|poke|p1|Golisopod, M|\n|poke|p1|Gengar, F|\n|poke|p1|Muk-Alola, F|\n|poke|p2|Krookodile, M|\n|poke|p2|Hydreigon, F|\n|poke|p2|Scolipede, M|\n|poke|p2|Magnezone|\n|poke|p2|Bisharp, M|\n|poke|p2|Seismitoad, M|\n|teampreview\n|\n|t:|1701121174\n|start\n|switch|p1a: Bruskiah|Golisopod, M|100\/100\n|switch|p2a: El Sapo|Seismitoad, M, shiny|100\/100\n|turn|1\n|c|\u2606Misa Misa sz|agora a fotinha combina\n|c|\u2606Misa Misa sz|com o time\n|c|\u2606Misa Misa sz|bem condesa das trevas\n|\n|t:|1701121196\n|move|p1a: Bruskiah|First Impression|p2a: El Sapo\n|-damage|p2a: El Sapo|19\/100\n|-damage|p1a: Bruskiah|91\/100|[from] item: Life Orb\n|move|p2a: El Sapo|Knock Off|p1a: Bruskiah\n|-damage|p1a: Bruskiah|60\/100\n|-enditem|p1a: Bruskiah|Life Orb|[from] move: Knock Off|[of] p2a: El Sapo\n|\n|upkeep\n|turn|2\n|\n|t:|1701121205\n|move|p2a: El Sapo|Knock Off|p1a: Bruskiah\n|-damage|p1a: Bruskiah|40\/100\n|-activate|p1a: Bruskiah|ability: Emergency Exit\n|\n|t:|1701121216\n|switch|p1a: Gigi (Gilete)|Lurantis, F|100\/100\n|\n|upkeep\n|turn|3\n|\n|t:|1701121219\n|move|p2a: El Sapo|Knock Off|p1a: Gigi (Gilete)\n|-damage|p1a: Gigi (Gilete)|70\/100\n|-enditem|p1a: Gigi (Gilete)|Life Orb|[from] move: Knock Off|[of] p2a: El Sapo\n|move|p1a: Gigi (Gilete)|Leaf Storm|p2a: El Sapo\n|-supereffective|p2a: El Sapo\n|-damage|p2a: El Sapo|0 fnt\n|-boost|p1a: Gigi (Gilete)|spa|2\n|faint|p2a: El Sapo\n|\n|upkeep\n|\n|t:|1701121222\n|switch|p2a: Bate forte morre|Scolipede, M, shiny|100\/100\n|turn|4\n|\n|t:|1701121231\n|-terastallize|p1a: Gigi (Gilete)|Electric\n|move|p2a: Bate forte morre|Megahorn|p1a: Gigi (Gilete)\n|-damage|p1a: Gigi (Gilete)|0 fnt\n|faint|p1a: Gigi (Gilete)\n|\n|-ability|p2a: Bate forte morre|Speed Boost|boost\n|-boost|p2a: Bate forte morre|spe|1\n|upkeep\n|\n|t:|1701121243\n|switch|p1a: Beyonc\u00e9|Gengar, F|100\/100\n|turn|5\n|\n|t:|1701121246\n|move|p1a: Beyonc\u00e9|Psychic|p2a: Bate forte morre\n|-supereffective|p2a: Bate forte morre\n|-damage|p2a: Bate forte morre|0 fnt\n|faint|p2a: Bate forte morre\n|\n|upkeep\n|c|\u2606Misa Misa sz|Bufo\n|\n|t:|1701121256\n|switch|p2a: Grogodilo|Krookodile, M|100\/100\n|-ability|p2a: Grogodilo|Intimidate|boost\n|-unboost|p1a: Beyonc\u00e9|atk|1\n|turn|6\n|\n|t:|1701121264\n|switch|p1a: Cl\u00e1udia Fusca|Toxapex, F, shiny|100\/100\n|move|p2a: Grogodilo|Knock Off|p1a: Cl\u00e1udia Fusca\n|-damage|p1a: Cl\u00e1udia Fusca|76\/100\n|-damage|p2a: Grogodilo|84\/100|[from] item: Rocky Helmet|[of] p1a: Cl\u00e1udia Fusca\n|-enditem|p1a: Cl\u00e1udia Fusca|Rocky Helmet|[from] move: Knock Off|[of] p2a: Grogodilo\n|\n|-heal|p2a: Grogodilo|90\/100|[from] item: Leftovers\n|upkeep\n|turn|7\n|\n|t:|1701121270\n|move|p2a: Grogodilo|Taunt|p1a: Cl\u00e1udia Fusca\n|-start|p1a: Cl\u00e1udia Fusca|move: Taunt\n|move|p1a: Cl\u00e1udia Fusca|Infestation|p2a: Grogodilo\n|-supereffective|p2a: Grogodilo\n|-damage|p2a: Grogodilo|83\/100\n|-activate|p2a: Grogodilo|move: Infestation|[of] p1a: Cl\u00e1udia Fusca\n|\n|-heal|p2a: Grogodilo|89\/100|[from] item: Leftovers\n|-damage|p2a: Grogodilo|76\/100|[from] move: Infestation|[partiallytrapped]\n|upkeep\n|turn|8\n|\n|t:|1701121282\n|move|p2a: Grogodilo|Earthquake|p1a: Cl\u00e1udia Fusca\n|-supereffective|p1a: Cl\u00e1udia Fusca\n|-damage|p1a: Cl\u00e1udia Fusca|24\/100\n|move|p1a: Cl\u00e1udia Fusca|Infestation|p2a: Grogodilo\n|-supereffective|p2a: Grogodilo\n|-damage|p2a: Grogodilo|69\/100\n|\n|-heal|p2a: Grogodilo|75\/100|[from] item: Leftovers\n|-damage|p2a: Grogodilo|63\/100|[from] move: Infestation|[partiallytrapped]\n|upkeep\n|turn|9\n|\n|t:|1701121292\n|move|p2a: Grogodilo|Knock Off|p1a: Cl\u00e1udia Fusca\n|-damage|p1a: Cl\u00e1udia Fusca|8\/100\n|move|p1a: Cl\u00e1udia Fusca|Infestation|p2a: Grogodilo\n|-supereffective|p2a: Grogodilo\n|-damage|p2a: Grogodilo|55\/100\n|\n|-heal|p2a: Grogodilo|61\/100|[from] item: Leftovers\n|-damage|p2a: Grogodilo|49\/100|[from] move: Infestation|[partiallytrapped]\n|-end|p1a: Cl\u00e1udia Fusca|move: Taunt\n|upkeep\n|turn|10\n|c|\u2606Misa Misa sz|CLAUDIA FUSCA SERA VINGADA\n|\n|t:|1701121308\n|switch|p1a: Bruskiah|Golisopod, M|40\/100\n|move|p2a: Grogodilo|Stealth Rock|p1a: Bruskiah\n|-sidestart|p1: Misa Misa sz|move: Stealth Rock\n|\n|-heal|p2a: Grogodilo|55\/100|[from] item: Leftovers\n|-end|p2a: Grogodilo|Infestation|[partiallytrapped]|[silent]\n|upkeep\n|turn|11\n|\n|t:|1701121318\n|move|p1a: Bruskiah|First Impression|p2a: Grogodilo\n|-supereffective|p2a: Grogodilo\n|-damage|p2a: Grogodilo|0 fnt\n|faint|p2a: Grogodilo\n|\n|upkeep\n|\n|t:|1701121324\n|switch|p2a: Disco voador|Magnezone, shiny|100\/100\n|turn|12\n|\n|t:|1701121330\n|move|p1a: Bruskiah|Sucker Punch|p2a: Disco voador\n|-damage|p2a: Disco voador|71\/100\n|move|p2a: Disco voador|Volt Switch|p1a: Bruskiah\n|-supereffective|p1a: Bruskiah\n|-damage|p1a: Bruskiah|0 fnt\n|faint|p1a: Bruskiah\n|\n|t:|1701121335\n|switch|p2a: Captain Falcon|Bisharp, M|100\/100|[from] Volt Switch\n|\n|upkeep\n|\n|t:|1701121343\n|switch|p1a: Soraya|Salazzle, F, shiny|100\/100\n|-damage|p1a: Soraya|76\/100|[from] Stealth Rock\n|turn|13\n|\n|t:|1701121351\n|-terastallize|p2a: Captain Falcon|Dark\n|move|p1a: Soraya|Flamethrower|p2a: Captain Falcon\n|-damage|p2a: Captain Falcon|59\/100\n|-status|p2a: Captain Falcon|brn\n|move|p2a: Captain Falcon|Knock Off|p1a: Soraya\n|-damage|p1a: Soraya|6\/100\n|-enditem|p1a: Soraya|Black Sludge|[from] move: Knock Off|[of] p2a: Captain Falcon\n|\n|-damage|p2a: Captain Falcon|52\/100 brn|[from] brn\n|upkeep\n|turn|14\n|c|\u2606Misa Misa sz|KKKK XEREKA\n|\n|t:|1701121374\n|move|p2a: Captain Falcon|Sucker Punch|p1a: Soraya\n|-damage|p1a: Soraya|0 fnt\n|faint|p1a: Soraya\n|\n|-damage|p2a: Captain Falcon|46\/100 brn|[from] brn\n|upkeep\n|c|\u2606Misa Misa sz|Os humilhados\n|c|\u2606Misa Misa sz|serao exaltados\n|\n|t:|1701121391\n|switch|p1a: Cl\u00e1udia Fusca|Toxapex, F, shiny|42\/100\n|-damage|p1a: Cl\u00e1udia Fusca|30\/100|[from] Stealth Rock\n|turn|15\n|\n|t:|1701121400\n|switch|p1a: Mademoiselle YGona|Muk-Alola, F, shiny|100\/100\n|-damage|p1a: Mademoiselle YGona|88\/100|[from] Stealth Rock\n|move|p2a: Captain Falcon|Sucker Punch||[still]\n|-fail|p2a: Captain Falcon\n|\n|-damage|p2a: Captain Falcon|40\/100 brn|[from] brn\n|upkeep\n|turn|16\n|\n|t:|1701121414\n|move|p2a: Captain Falcon|Knock Off|p1a: Mademoiselle YGona\n|-resisted|p1a: Mademoiselle YGona\n|-damage|p1a: Mademoiselle YGona|69\/100\n|-enditem|p1a: Mademoiselle YGona|Assault Vest|[from] move: Knock Off|[of] p2a: Captain Falcon\n|move|p1a: Mademoiselle YGona|Knock Off|p2a: Captain Falcon\n|-resisted|p2a: Captain Falcon\n|-damage|p2a: Captain Falcon|25\/100 brn\n|-enditem|p2a: Captain Falcon|Eviolite|[from] move: Knock Off|[of] p1a: Mademoiselle YGona\n|\n|-damage|p2a: Captain Falcon|18\/100 brn|[from] brn\n|upkeep\n|turn|17\n|\n|t:|1701121426\n|move|p2a: Captain Falcon|Iron Head|p1a: Mademoiselle YGona\n|-damage|p1a: Mademoiselle YGona|44\/100\n|move|p1a: Mademoiselle YGona|Poison Jab|p2a: Captain Falcon\n|-damage|p2a: Captain Falcon|0 fnt\n|faint|p2a: Captain Falcon\n|\n|upkeep\n|\n|t:|1701121429\n|switch|p2a: Disco voador|Magnezone, shiny|71\/100\n|turn|18\n|\n|t:|1701121433\n|move|p2a: Disco voador|Flash Cannon|p1a: Mademoiselle YGona\n|-damage|p1a: Mademoiselle YGona|2\/100\n|move|p1a: Mademoiselle YGona|Knock Off|p2a: Disco voador\n|-damage|p2a: Disco voador|31\/100\n|-enditem|p2a: Disco voador|Choice Specs|[from] move: Knock Off|[of] p1a: Mademoiselle YGona\n|\n|upkeep\n|turn|19\n|c|\u2606Misa Misa sz|BORA YGONA\n|\n|t:|1701121450\n|move|p2a: Disco voador|Thunderbolt|p1a: Mademoiselle YGona\n|-damage|p1a: Mademoiselle YGona|0 fnt\n|faint|p1a: Mademoiselle YGona\n|\n|upkeep\n|\n|t:|1701121456\n|switch|p1a: Beyonc\u00e9|Gengar, F|100\/100\n|-damage|p1a: Beyonc\u00e9|88\/100|[from] Stealth Rock\n|turn|20\n|\n|t:|1701121468\n|move|p1a: Beyonc\u00e9|Shadow Ball|p2a: Disco voador\n|-damage|p2a: Disco voador|0 fnt\n|faint|p2a: Disco voador\n|\n|upkeep\n|\n|t:|1701121471\n|switch|p2a: Essa porra aqui|Hydreigon, F|100\/100\n|turn|21\n|\n|t:|1701121476\n|switch|p1a: Cl\u00e1udia Fusca|Toxapex, F, shiny|63\/100\n|-damage|p1a: Cl\u00e1udia Fusca|51\/100|[from] Stealth Rock\n|move|p2a: Essa porra aqui|Dark Pulse|p1a: Cl\u00e1udia Fusca\n|-damage|p1a: Cl\u00e1udia Fusca|19\/100\n|\n|upkeep\n|turn|22\n|\n|t:|1701121483\n|move|p2a: Essa porra aqui|Dark Pulse|p1a: Cl\u00e1udia Fusca\n|-damage|p1a: Cl\u00e1udia Fusca|0 fnt\n|faint|p1a: Cl\u00e1udia Fusca\n|\n|upkeep\n|\n|t:|1701121485\n|switch|p1a: Beyonc\u00e9|Gengar, F|88\/100\n|-damage|p1a: Beyonc\u00e9|76\/100|[from] Stealth Rock\n|turn|23\n|\n|t:|1701121490\n|move|p1a: Beyonc\u00e9|Sludge Bomb|p2a: Essa porra aqui\n|-damage|p2a: Essa porra aqui|48\/100\n|move|p2a: Essa porra aqui|Dark Pulse|p1a: Beyonc\u00e9\n|-supereffective|p1a: Beyonc\u00e9\n|-damage|p1a: Beyonc\u00e9|0 fnt\n|-start|p2a: Essa porra aqui|Disable|Dark Pulse|[from] ability: Cursed Body|[of] p1a: Beyonc\u00e9\n|faint|p1a: Beyonc\u00e9\n|\n|win|archiezero\n|c|\u2606Misa Misa sz|Fui comido\n","uploadtime":1701121508,"views":2,"p1id":"misamisasz","p2id":"archiezero","formatid":"gen9nationaldex","rating":0,"private":0,"password":""}