{"id":"gen9nationaldex-1988144449","p1":"HeirEhm","p2":"PapaPena","format":"[Gen 9] National Dex","log":"|j|\u2606HeirEhm\n|j|\u2606PapaPena\n|t:|1699675204\n|gametype|singles\n|player|p1|HeirEhm|cynthia-gen7|\n|player|p2|PapaPena|roughneck|\n|teamsize|p1|6\n|teamsize|p2|6\n|gen|9\n|tier|[Gen 9] National Dex\n|rule|HP Percentage Mod: HP is shown in percentages\n|rule|Endless Battle Clause: Forcing endless battles is banned\n|rule|OHKO Clause: OHKO moves are banned\n|rule|Evasion Clause: Evasion abilities, items, and moves are banned\n|rule|Evasion Abilities Clause: Evasion abilities are banned\n|rule|Evasion Items Clause: Evasion items are banned\n|rule|Evasion Moves Clause: Evasion moves are banned\n|rule|Species Clause: Limit one of each Pok\u00e9mon\n|rule|Sleep Clause Mod: Limit one foe put to sleep\n|clearpoke\n|poke|p1|Garganacl, F|\n|poke|p1|Ceruledge, F|\n|poke|p1|Klefki, F|\n|poke|p1|Electrode-Hisui|\n|poke|p1|Chansey, F|\n|poke|p1|Murkrow, F|\n|poke|p2|Moltres|\n|poke|p2|Tornadus-Therian, M|\n|poke|p2|Klefki, F|\n|poke|p2|Eelektross, F|\n|poke|p2|Lycanroc-Midnight, F|\n|poke|p2|Toedscool, F|\n|teampreview\n|j| Jam20Jam\n|\n|t:|1699675224\n|start\n|switch|p1a: Wambulance|Chansey, F|100\/100\n|switch|p2a: what dat mouth do|Eelektross, F|100\/100\n|turn|1\n|j| Dono_XD\n|\n|t:|1699675238\n|move|p1a: Wambulance|Tri Attack|p2a: what dat mouth do\n|-crit|p2a: what dat mouth do\n|-damage|p2a: what dat mouth do|67\/100\n|move|p2a: what dat mouth do|Close Combat|p1a: Wambulance\n|-supereffective|p1a: Wambulance\n|-damage|p1a: Wambulance|0 fnt\n|-unboost|p2a: what dat mouth do|def|1\n|-unboost|p2a: what dat mouth do|spd|1\n|faint|p1a: Wambulance\n|\n|upkeep\n|\n|t:|1699675264\n|switch|p1a: SWORDSFORHANDS|Ceruledge, F|100\/100\n|turn|2\n|\n|t:|1699675307\n|switch|p2a: Klefki|Klefki, F|100\/100\n|move|p1a: SWORDSFORHANDS|Bitter Blade|p2a: Klefki\n|-supereffective|p2a: Klefki\n|-damage|p2a: Klefki|32\/100\n|\n|upkeep\n|turn|3\n|\n|t:|1699675318\n|move|p2a: Klefki|Light Screen|p2a: Klefki\n|-sidestart|p2: PapaPena|move: Light Screen\n|move|p1a: SWORDSFORHANDS|Bitter Blade|p2a: Klefki\n|-supereffective|p2a: Klefki\n|-damage|p2a: Klefki|0 fnt\n|faint|p2a: Klefki\n|\n|upkeep\n|\n|t:|1699675342\n|switch|p2a: Lycanroc|Lycanroc-Midnight, F|100\/100\n|turn|4\n|\n|t:|1699675369\n|switch|p1a: Beyblade beyblade|Electrode-Hisui|100\/100\n|move|p2a: Lycanroc|Shadow Claw|p1a: Beyblade beyblade\n|-damage|p1a: Beyblade beyblade|64\/100\n|-status|p2a: Lycanroc|par|[from] ability: Static|[of] p1a: Beyblade beyblade\n|\n|upkeep\n|turn|5\n|\n|t:|1699675383\n|switch|p2a: squeeward|Toedscool, F|100\/100\n|move|p1a: Beyblade beyblade|Energy Ball|p2a: squeeward\n|-damage|p2a: squeeward|89\/100\n|-damage|p1a: Beyblade beyblade|55\/100|[from] item: Life Orb\n|\n|upkeep\n|turn|6\n|\n|t:|1699675403\n|switch|p1a: Rowkrum|Murkrow, F|100\/100\n|move|p2a: squeeward|Knock Off|p1a: Rowkrum\n|-resisted|p1a: Rowkrum\n|-damage|p1a: Rowkrum|91\/100\n|-enditem|p1a: Rowkrum|Eviolite|[from] move: Knock Off|[of] p2a: squeeward\n|\n|upkeep\n|turn|7\n|\n|t:|1699675417\n|move|p1a: Rowkrum|Air Slash|p2a: squeeward\n|-supereffective|p2a: squeeward\n|-damage|p2a: squeeward|69\/100\n|cant|p2a: squeeward|flinch\n|\n|upkeep\n|turn|8\n|\n|t:|1699675425\n|move|p1a: Rowkrum|Air Slash|p2a: squeeward\n|-supereffective|p2a: squeeward\n|-damage|p2a: squeeward|50\/100\n|move|p2a: squeeward|Leech Seed|p1a: Rowkrum\n|-start|p1a: Rowkrum|move: Leech Seed\n|\n|-damage|p1a: Rowkrum|78\/100|[from] Leech Seed|[of] p2a: squeeward\n|-heal|p2a: squeeward|61\/100|[silent]\n|upkeep\n|turn|9\n|\n|t:|1699675433\n|switch|p1a: Beyblade beyblade|Electrode-Hisui|55\/100\n|move|p2a: squeeward|Protect||[still]\n|-fail|p2a: squeeward\n|\n|upkeep\n|turn|10\n|\n|t:|1699675440\n|switch|p1a: Rowkrum|Murkrow, F|78\/100\n|move|p2a: squeeward|Toxic|p1a: Rowkrum|[miss]\n|-miss|p2a: squeeward|p1a: Rowkrum\n|\n|-sideend|p2: PapaPena|move: Light Screen\n|upkeep\n|turn|11\n|\n|t:|1699675461\n|move|p1a: Rowkrum|Air Slash|p2a: squeeward\n|-supereffective|p2a: squeeward\n|-damage|p2a: squeeward|22\/100\n|move|p2a: squeeward|Leech Seed|p1a: Rowkrum\n|-start|p1a: Rowkrum|move: Leech Seed\n|\n|-damage|p1a: Rowkrum|66\/100|[from] Leech Seed|[of] p2a: squeeward\n|-heal|p2a: squeeward|34\/100|[silent]\n|upkeep\n|turn|12\n|\n|t:|1699675476\n|move|p2a: squeeward|Protect|p2a: squeeward\n|-singleturn|p2a: squeeward|Protect\n|move|p1a: Rowkrum|Air Slash|p2a: squeeward\n|-activate|p2a: squeeward|move: Protect\n|\n|-damage|p1a: Rowkrum|54\/100|[from] Leech Seed|[of] p2a: squeeward\n|-heal|p2a: squeeward|45\/100|[silent]\n|upkeep\n|turn|13\n|\n|t:|1699675521\n|switch|p2a: Tornadus|Tornadus-Therian, M|100\/100\n|move|p1a: Rowkrum|Air Slash|p2a: Tornadus\n|-damage|p2a: Tornadus|63\/100\n|\n|-heal|p2a: Tornadus|69\/100|[from] item: Leftovers\n|-damage|p1a: Rowkrum|42\/100|[from] Leech Seed|[of] p2a: Tornadus\n|-heal|p2a: Tornadus|80\/100|[silent]\n|upkeep\n|turn|14\n|\n|t:|1699675545\n|move|p2a: Tornadus|Grass Knot|p1a: Rowkrum\n|-resisted|p1a: Rowkrum\n|-damage|p1a: Rowkrum|36\/100\n|move|p1a: Rowkrum|Air Slash|p2a: Tornadus\n|-damage|p2a: Tornadus|40\/100\n|\n|-heal|p2a: Tornadus|46\/100|[from] item: Leftovers\n|-damage|p1a: Rowkrum|24\/100|[from] Leech Seed|[of] p2a: Tornadus\n|-heal|p2a: Tornadus|56\/100|[silent]\n|upkeep\n|turn|15\n|\n|t:|1699675554\n|move|p2a: Tornadus|Bleakwind Storm|p1a: Rowkrum\n|-damage|p1a: Rowkrum|0 fnt\n|faint|p1a: Rowkrum\n|\n|-heal|p2a: Tornadus|62\/100|[from] item: Leftovers\n|upkeep\n|\n|t:|1699675557\n|switch|p1a: Beyblade beyblade|Electrode-Hisui|55\/100\n|turn|16\n|\n|t:|1699675570\n|switch|p2a: squeeward|Toedscool, F|45\/100\n|-terastallize|p1a: Beyblade beyblade|Ice\n|move|p1a: Beyblade beyblade|Tera Blast|p2a: squeeward|[anim] Tera Blast Ice\n|-supereffective|p2a: squeeward\n|-damage|p2a: squeeward|0 fnt\n|faint|p2a: squeeward\n|-damage|p1a: Beyblade beyblade|45\/100|[from] item: Life Orb\n|\n|upkeep\n|\n|t:|1699675578\n|switch|p2a: flame-ingo|Moltres, shiny|100\/100\n|turn|17\n|\n|t:|1699675592\n|move|p1a: Beyblade beyblade|Thunderbolt|p2a: flame-ingo\n|-supereffective|p2a: flame-ingo\n|-damage|p2a: flame-ingo|39\/100\n|-damage|p1a: Beyblade beyblade|35\/100|[from] item: Life Orb\n|move|p2a: flame-ingo|Flamethrower|p1a: Beyblade beyblade\n|-supereffective|p1a: Beyblade beyblade\n|-damage|p1a: Beyblade beyblade|0 fnt\n|faint|p1a: Beyblade beyblade\n|\n|upkeep\n|\n|t:|1699675606\n|switch|p1a: Jingle Jingle|Klefki, F|100\/100\n|turn|18\n|\n|t:|1699675610\n|move|p1a: Jingle Jingle|Light Screen|p1a: Jingle Jingle\n|-sidestart|p1: HeirEhm|move: Light Screen\n|move|p2a: flame-ingo|Roost|p2a: flame-ingo\n|-heal|p2a: flame-ingo|89\/100\n|-singleturn|p2a: flame-ingo|move: Roost\n|\n|upkeep\n|turn|19\n|\n|t:|1699675616\n|switch|p2a: Lycanroc|Lycanroc-Midnight, F|100\/100 par\n|move|p1a: Jingle Jingle|Reflect|p1a: Jingle Jingle\n|-sidestart|p1: HeirEhm|Reflect\n|\n|upkeep\n|turn|20\n|\n|t:|1699675623\n|switch|p1a: SWORDSFORHANDS|Ceruledge, F|100\/100\n|move|p2a: Lycanroc|Brick Break|p1a: SWORDSFORHANDS\n|-immune|p1a: SWORDSFORHANDS\n|\n|upkeep\n|turn|21\n|\n|t:|1699675669\n|move|p1a: SWORDSFORHANDS|Bulk Up|p1a: SWORDSFORHANDS\n|-boost|p1a: SWORDSFORHANDS|atk|1\n|-boost|p1a: SWORDSFORHANDS|def|1\n|cant|p2a: Lycanroc|par\n|\n|upkeep\n|turn|22\n|\n|t:|1699675678\n|move|p1a: SWORDSFORHANDS|Brick Break|p2a: Lycanroc\n|-supereffective|p2a: Lycanroc\n|-damage|p2a: Lycanroc|0 fnt\n|faint|p2a: Lycanroc\n|\n|upkeep\n|\n|t:|1699675689\n|switch|p2a: flame-ingo|Moltres, shiny|89\/100\n|turn|23\n|\n|t:|1699675702\n|move|p1a: SWORDSFORHANDS|Shadow Sneak|p2a: flame-ingo\n|-damage|p2a: flame-ingo|60\/100\n|move|p2a: flame-ingo|Scorching Sands|p1a: SWORDSFORHANDS\n|-supereffective|p1a: SWORDSFORHANDS\n|-crit|p1a: SWORDSFORHANDS\n|-damage|p1a: SWORDSFORHANDS|30\/100\n|\n|upkeep\n|turn|24\n|\n|t:|1699675717\n|-terastallize|p2a: flame-ingo|Fairy\n|move|p1a: SWORDSFORHANDS|Bitter Blade|p2a: flame-ingo\n|-damage|p2a: flame-ingo|0 fnt\n|-heal|p1a: SWORDSFORHANDS|69\/100|[from] drain|[of] p2a: flame-ingo\n|faint|p2a: flame-ingo\n|\n|upkeep\n|\n|t:|1699675724\n|switch|p2a: Tornadus|Tornadus-Therian, M|95\/100\n|turn|25\n|\n|t:|1699675732\n|move|p2a: Tornadus|Dark Pulse|p1a: SWORDSFORHANDS\n|-supereffective|p1a: SWORDSFORHANDS\n|-damage|p1a: SWORDSFORHANDS|40\/100\n|move|p1a: SWORDSFORHANDS|Bitter Blade|p2a: Tornadus\n|-damage|p2a: Tornadus|5\/100\n|-heal|p1a: SWORDSFORHANDS|87\/100|[from] drain|[of] p2a: Tornadus\n|\n|-heal|p2a: Tornadus|11\/100|[from] item: Leftovers\n|-sideend|p1: HeirEhm|move: Light Screen\n|upkeep\n|turn|26\n|\n|t:|1699675741\n|move|p1a: SWORDSFORHANDS|Shadow Sneak|p2a: Tornadus\n|-damage|p2a: Tornadus|0 fnt\n|faint|p2a: Tornadus\n|\n|-sideend|p1: HeirEhm|Reflect\n|upkeep\n|\n|t:|1699675745\n|switch|p2a: what dat mouth do|Eelektross, F|67\/100\n|turn|27\n|\n|t:|1699675755\n|move|p1a: SWORDSFORHANDS|Bitter Blade|p2a: what dat mouth do\n|-damage|p2a: what dat mouth do|0 fnt\n|-heal|p1a: SWORDSFORHANDS|100\/100|[from] drain|[of] p2a: what dat mouth do\n|faint|p2a: what dat mouth do\n|\n|win|HeirEhm\n","uploadtime":1699675761,"views":4,"p1id":"heirehm","p2id":"papapena","formatid":"gen9nationaldex","rating":0,"private":0,"password":""}