{"id":"gen9nationaldex-1990438561","p1":"jzhuc1841","p2":"qhjm1","format":"[Gen 9] National Dex","log":"|j|\u2606jzhuc1841\n|j|\u2606qhjm1\n|t:|1699971021\n|gametype|singles\n|player|p1|jzhuc1841|hilbert-wonderlauncher|\n|player|p2|qhjm1|2|\n|teamsize|p1|6\n|teamsize|p2|6\n|gen|9\n|tier|[Gen 9] National Dex\n|rule|HP Percentage Mod: HP is shown in percentages\n|rule|Endless Battle Clause: Forcing endless battles is banned\n|rule|OHKO Clause: OHKO moves are banned\n|rule|Evasion Clause: Evasion abilities, items, and moves are banned\n|rule|Evasion Abilities Clause: Evasion abilities are banned\n|rule|Evasion Items Clause: Evasion items are banned\n|rule|Evasion Moves Clause: Evasion moves are banned\n|rule|Species Clause: Limit one of each Pok\u00e9mon\n|rule|Sleep Clause Mod: Limit one foe put to sleep\n|clearpoke\n|poke|p1|Tapu Koko|\n|poke|p1|Iron Hands|\n|poke|p1|Iron Jugulis|\n|poke|p1|Iron Moth|\n|poke|p1|Iron Treads|\n|poke|p1|Iron Valiant|\n|poke|p2|Tapu Koko|\n|poke|p2|Iron Treads|\n|poke|p2|Iron Leaves|\n|poke|p2|Iron Moth|\n|poke|p2|Iron Hands|\n|poke|p2|Iron Jugulis|\n|teampreview\n|c|\u2606qhjm1|\u554a\u8fd9\n|inactive|Battle timer is ON: inactive players will automatically lose when time's up. (requested by qhjm1)\n|\n|t:|1699971052\n|start\n|switch|p1a: Iron Moth|Iron Moth|100\/100\n|switch|p2a: Iron Leaves|Iron Leaves|100\/100\n|-enditem|p2a: Iron Leaves|Booster Energy\n|-activate|p2a: Iron Leaves|ability: Quark Drive|[fromitem]\n|-start|p2a: Iron Leaves|quarkdrivespe\n|turn|1\n|inactiveoff|Battle timer is now OFF.\n|\n|t:|1699971070\n|move|p2a: Iron Leaves|Psyblade|p1a: Iron Moth\n|-supereffective|p1a: Iron Moth\n|-enditem|p1a: Iron Moth|Focus Sash\n|-damage|p1a: Iron Moth|1\/100\n|move|p1a: Iron Moth|Agility|p1a: Iron Moth\n|-boost|p1a: Iron Moth|spe|2\n|\n|upkeep\n|turn|2\n|\n|t:|1699971075\n|-terastallize|p2a: Iron Leaves|Steel\n|move|p1a: Iron Moth|Fiery Dance|p2a: Iron Leaves\n|-supereffective|p2a: Iron Leaves\n|-damage|p2a: Iron Leaves|11\/100\n|-boost|p1a: Iron Moth|spa|1\n|move|p2a: Iron Leaves|Psyblade|p1a: Iron Moth\n|-supereffective|p1a: Iron Moth\n|-damage|p1a: Iron Moth|0 fnt\n|faint|p1a: Iron Moth\n|-end|p1a: Iron Moth|Quark Drive|[silent]\n|\n|upkeep\n|\n|t:|1699971086\n|switch|p1a: Iron Treads|Iron Treads|100\/100\n|turn|3\n|\n|t:|1699971090\n|move|p2a: Iron Leaves|Sacred Sword|p1a: Iron Treads\n|-supereffective|p1a: Iron Treads\n|-damage|p1a: Iron Treads|32\/100\n|move|p1a: Iron Treads|Iron Head|p2a: Iron Leaves\n|-resisted|p2a: Iron Leaves\n|-damage|p2a: Iron Leaves|0 fnt\n|faint|p2a: Iron Leaves\n|-end|p2a: Iron Leaves|Quark Drive|[silent]\n|\n|upkeep\n|\n|t:|1699971099\n|switch|p2a: Iron Treads|Iron Treads|100\/100\n|-item|p2a: Iron Treads|Air Balloon\n|turn|4\n|\n|t:|1699971103\n|move|p1a: Iron Treads|Endeavor|p2a: Iron Treads\n|-damage|p2a: Iron Treads|29\/100\n|-enditem|p2a: Iron Treads|Air Balloon\n|move|p2a: Iron Treads|Rapid Spin|p1a: Iron Treads\n|-resisted|p1a: Iron Treads\n|-damage|p1a: Iron Treads|22\/100\n|-boost|p2a: Iron Treads|spe|1\n|\n|upkeep\n|turn|5\n|\n|t:|1699971111\n|move|p2a: Iron Treads|Earthquake|p1a: Iron Treads\n|-supereffective|p1a: Iron Treads\n|-damage|p1a: Iron Treads|0 fnt\n|faint|p1a: Iron Treads\n|-end|p1a: Iron Treads|Quark Drive|[silent]\n|\n|upkeep\n|\n|t:|1699971118\n|switch|p1a: Iron Jugulis|Iron Jugulis|100\/100\n|turn|6\n|\n|t:|1699971122\n|move|p2a: Iron Treads|Stone Edge|p1a: Iron Jugulis\n|-supereffective|p1a: Iron Jugulis\n|-damage|p1a: Iron Jugulis|30\/100\n|move|p1a: Iron Jugulis|Flamethrower|p2a: Iron Treads\n|-supereffective|p2a: Iron Treads\n|-damage|p2a: Iron Treads|0 fnt\n|faint|p2a: Iron Treads\n|-end|p2a: Iron Treads|Quark Drive|[silent]\n|-damage|p1a: Iron Jugulis|20\/100|[from] item: Life Orb\n|\n|upkeep\n|\n|t:|1699971128\n|switch|p2a: Iron Moth|Iron Moth|100\/100\n|turn|7\n|\n|t:|1699971131\n|move|p2a: Iron Moth|Sludge Wave|p1a: Iron Jugulis\n|-damage|p1a: Iron Jugulis|0 fnt\n|faint|p1a: Iron Jugulis\n|-end|p1a: Iron Jugulis|Quark Drive|[silent]\n|\n|upkeep\n|\n|t:|1699971135\n|switch|p1a: Iron Valiant|Iron Valiant|100\/100\n|turn|8\n|\n|t:|1699971138\n|move|p2a: Iron Moth|Sludge Wave|p1a: Iron Valiant\n|-supereffective|p1a: Iron Valiant\n|-damage|p1a: Iron Valiant|0 fnt\n|faint|p1a: Iron Valiant\n|-end|p1a: Iron Valiant|Quark Drive|[silent]\n|\n|upkeep\n|\n|t:|1699971144\n|switch|p1a: Iron Hands|Iron Hands|100\/100\n|turn|9\n|\n|t:|1699971149\n|-end|p2a: Iron Moth|Quark Drive|[silent]\n|switch|p2a: Iron Hands|Iron Hands|100\/100\n|move|p1a: Iron Hands|Earthquake|p2a: Iron Hands\n|-supereffective|p2a: Iron Hands\n|-damage|p2a: Iron Hands|51\/100\n|\n|-heal|p2a: Iron Hands|57\/100|[from] item: Leftovers\n|upkeep\n|turn|10\n|\n|t:|1699971156\n|move|p2a: Iron Hands|Fake Out|p1a: Iron Hands\n|-damage|p1a: Iron Hands|89\/100\n|cant|p1a: Iron Hands|flinch\n|\n|-heal|p1a: Iron Hands|95\/100|[from] item: Leftovers\n|-heal|p2a: Iron Hands|63\/100|[from] item: Leftovers\n|upkeep\n|turn|11\n|c|\u2606qhjm1|\u7535\u573a\u961f\u6ca1\u6709\u7535\u573a\n|\n|t:|1699971174\n|-end|p2a: Iron Hands|Quark Drive|[silent]\n|switch|p2a: Iron Jugulis|Iron Jugulis|100\/100\n|move|p1a: Iron Hands|Swords Dance|p1a: Iron Hands\n|-boost|p1a: Iron Hands|atk|2\n|\n|-heal|p1a: Iron Hands|100\/100|[from] item: Leftovers\n|upkeep\n|turn|12\n|\n|t:|1699971180\n|-zpower|p2a: Iron Jugulis\n|move|p2a: Iron Jugulis|Tectonic Rage|p1a: Iron Hands|[zeffect]\n|-supereffective|p1a: Iron Hands\n|-damage|p1a: Iron Hands|15\/100\n|move|p1a: Iron Hands|Drain Punch|p2a: Iron Jugulis\n|-damage|p2a: Iron Jugulis|0 fnt\n|-heal|p1a: Iron Hands|51\/100|[from] drain|[of] p2a: Iron Jugulis\n|faint|p2a: Iron Jugulis\n|-end|p2a: Iron Jugulis|Quark Drive|[silent]\n|\n|-heal|p1a: Iron Hands|57\/100|[from] item: Leftovers\n|upkeep\n|\n|t:|1699971190\n|switch|p2a: Tapu Koko|Tapu Koko|100\/100\n|-fieldstart|move: Electric Terrain|[from] ability: Electric Surge|[of] p2a: Tapu Koko\n|-activate|p1a: Iron Hands|ability: Quark Drive\n|-start|p1a: Iron Hands|quarkdriveatk\n|turn|13\n|\n|t:|1699971196\n|move|p2a: Tapu Koko|Dazzling Gleam|p1a: Iron Hands\n|-supereffective|p1a: Iron Hands\n|-damage|p1a: Iron Hands|1\/100\n|move|p1a: Iron Hands|Earthquake|p2a: Tapu Koko\n|-supereffective|p2a: Tapu Koko\n|-damage|p2a: Tapu Koko|0 fnt\n|faint|p2a: Tapu Koko\n|\n|-heal|p1a: Iron Hands|7\/100|[from] item: Leftovers\n|upkeep\n|\n|t:|1699971200\n|switch|p2a: Iron Hands|Iron Hands|63\/100\n|-activate|p2a: Iron Hands|ability: Quark Drive\n|-start|p2a: Iron Hands|quarkdriveatk\n|turn|14\n|\n|t:|1699971209\n|move|p2a: Iron Hands|Fake Out|p1a: Iron Hands\n|-damage|p1a: Iron Hands|0 fnt\n|faint|p1a: Iron Hands\n|-end|p1a: Iron Hands|Quark Drive|[silent]\n|\n|-heal|p2a: Iron Hands|69\/100|[from] item: Leftovers\n|upkeep\n|\n|t:|1699971212\n|switch|p1a: Tapu Koko|Tapu Koko, shiny|100\/100\n|turn|15\n|\n|t:|1699971217\n|move|p1a: Tapu Koko|Thunderbolt|p2a: Iron Hands\n|-resisted|p2a: Iron Hands\n|-damage|p2a: Iron Hands|44\/100\n|move|p2a: Iron Hands|Ice Punch|p1a: Tapu Koko\n|-damage|p1a: Tapu Koko|43\/100\n|-status|p1a: Tapu Koko|frz\n|\n|-heal|p2a: Iron Hands|50\/100|[from] item: Leftovers\n|upkeep\n|turn|16\n|\n|t:|1699971222\n|cant|p1a: Tapu Koko|frz\n|move|p2a: Iron Hands|Ice Punch|p1a: Tapu Koko\n|-damage|p1a: Tapu Koko|0 fnt\n|faint|p1a: Tapu Koko\n|\n|win|qhjm1\n|l|\u2606qhjm1\n|l|\u2606jzhuc1841\n|j|\u2606qhjm1\n|player|p2|qhjm1|2\n","uploadtime":1699971466,"views":5,"p1id":"jzhuc1841","p2id":"qhjm1","formatid":"gen9nationaldex","rating":0,"private":0,"password":""}