{"id":"gen9nationaldex-1989783686","p1":"DestroyPhoenixGuy","p2":"turbochargeds2000","format":"[Gen 9] National Dex","log":"|j|\u2606turbochargeds2000\n|t:|1699895415\n|gametype|singles\n|player|p1|DestroyPhoenixGuy|cynthia-masters3|1534\n|player|p2|turbochargeds2000|n|1397\n|teamsize|p1|6\n|teamsize|p2|6\n|gen|9\n|tier|[Gen 9] National Dex\n|rated|\n|rule|HP Percentage Mod: HP is shown in percentages\n|rule|Endless Battle Clause: Forcing endless battles is banned\n|rule|OHKO Clause: OHKO moves are banned\n|rule|Evasion Clause: Evasion abilities, items, and moves are banned\n|rule|Evasion Abilities Clause: Evasion abilities are banned\n|rule|Evasion Items Clause: Evasion items are banned\n|rule|Evasion Moves Clause: Evasion moves are banned\n|rule|Species Clause: Limit one of each Pok\u00e9mon\n|rule|Sleep Clause Mod: Limit one foe put to sleep\n|clearpoke\n|poke|p1|Urshifu-*, M|\n|poke|p1|Slowking-Galar, M|\n|poke|p1|Scizor, M|\n|poke|p1|Iron Valiant|\n|poke|p1|Ting-Lu|\n|poke|p1|Zapdos|\n|poke|p2|Gallade, M|\n|poke|p2|Haxorus, F|\n|poke|p2|Mandibuzz, F|\n|poke|p2|Excadrill, F|\n|poke|p2|Skeledirge, M|\n|poke|p2|Vikavolt, M|\n|teampreview\n|inactive|Battle timer is ON: inactive players will automatically lose when time's up. (requested by turbochargeds2000)\n|j|\u2606DestroyPhoenixGuy\n|inactive|DestroyPhoenixGuy has 120 seconds left.\n|\n|t:|1699895449\n|start\n|switch|p1a: Ting-Lu|Ting-Lu|100\/100\n|switch|p2a: Vikavolt|Vikavolt, M|100\/100\n|-ability|p1a: Ting-Lu|Vessel of Ruin\n|turn|1\n|\n|t:|1699895460\n|move|p1a: Ting-Lu|Stealth Rock|p2a: Vikavolt\n|-sidestart|p2: turbochargeds2000|move: Stealth Rock\n|move|p2a: Vikavolt|Sticky Web|p1a: Ting-Lu\n|-sidestart|p1: DestroyPhoenixGuy|move: Sticky Web\n|\n|upkeep\n|turn|2\n|\n|t:|1699895471\n|move|p2a: Vikavolt|Bug Buzz|p1a: Ting-Lu\n|-supereffective|p1a: Ting-Lu\n|-damage|p1a: Ting-Lu|53\/100\n|move|p1a: Ting-Lu|Whirlwind|p2a: Vikavolt\n|drag|p2a: Gallade|Gallade, M|100\/100\n|-damage|p2a: Gallade|94\/100|[from] Stealth Rock\n|\n|-heal|p1a: Ting-Lu|60\/100|[from] item: Leftovers\n|upkeep\n|turn|3\n|\n|t:|1699895488\n|switch|p1a: Zapdos|Zapdos|100\/100\n|detailschange|p2a: Gallade|Gallade-Mega, M\n|-mega|p2a: Gallade|Gallade|Galladite\n|move|p2a: Gallade|Knock Off|p1a: Zapdos\n|-damage|p1a: Zapdos|55\/100\n|-enditem|p1a: Zapdos|Heavy-Duty Boots|[from] move: Knock Off|[of] p2a: Gallade\n|\n|upkeep\n|turn|4\n|\n|t:|1699895501\n|move|p2a: Gallade|Triple Axel|p1a: Zapdos\n|-supereffective|p1a: Zapdos\n|-damage|p1a: Zapdos|37\/100\n|-supereffective|p1a: Zapdos\n|-damage|p1a: Zapdos|0 fnt\n|-status|p2a: Gallade|par|[from] ability: Static|[of] p1a: Zapdos\n|faint|p1a: Zapdos\n|-hitcount|p1: Zapdos|2\n|\n|upkeep\n|\n|t:|1699895517\n|switch|p1a: Iron Valiant|Iron Valiant|100\/100\n|-activate|p1a: Iron Valiant|move: Sticky Web\n|-unboost|p1a: Iron Valiant|spe|1\n|turn|5\n|\n|t:|1699895532\n|switch|p2a: Skeledirge|Skeledirge, M|100\/100\n|move|p1a: Iron Valiant|Trick|p2a: Skeledirge\n|-activate|p1a: Iron Valiant|move: Trick|[of] p2a: Skeledirge\n|-item|p2a: Skeledirge|Choice Specs|[from] move: Trick\n|-item|p1a: Iron Valiant|Heavy-Duty Boots|[from] move: Trick\n|\n|upkeep\n|turn|6\n|inactive|DestroyPhoenixGuy has 120 seconds left.\n|\n|t:|1699895552\n|-end|p1a: Iron Valiant|Quark Drive|[silent]\n|switch|p1a: Slowking|Slowking-Galar, M|100\/100\n|switch|p2a: Excadrill|Excadrill, F|100\/100\n|-damage|p2a: Excadrill|97\/100|[from] Stealth Rock\n|-ability|p2a: Excadrill|Mold Breaker\n|\n|upkeep\n|turn|7\n|inactive|DestroyPhoenixGuy has 120 seconds left.\n|\n|t:|1699895562\n|switch|p1a: Ting-Lu|Ting-Lu|60\/100\n|-activate|p1a: Ting-Lu|move: Sticky Web\n|-unboost|p1a: Ting-Lu|spe|1\n|-ability|p1a: Ting-Lu|Vessel of Ruin\n|move|p2a: Excadrill|Rapid Spin|p1a: Ting-Lu\n|-damage|p1a: Ting-Lu|50\/100\n|-boost|p2a: Excadrill|spe|1\n|-sideend|p2: turbochargeds2000|Stealth Rock|[from] move: Rapid Spin|[of] p2a: Excadrill\n|\n|-heal|p1a: Ting-Lu|57\/100|[from] item: Leftovers\n|upkeep\n|turn|8\n|inactive|DestroyPhoenixGuy has 120 seconds left.\n|\n|t:|1699895576\n|move|p2a: Excadrill|Stealth Rock|p1a: Ting-Lu\n|-sidestart|p1: DestroyPhoenixGuy|move: Stealth Rock\n|move|p1a: Ting-Lu|Stealth Rock|p2a: Excadrill\n|-sidestart|p2: turbochargeds2000|move: Stealth Rock\n|\n|-heal|p1a: Ting-Lu|63\/100|[from] item: Leftovers\n|upkeep\n|turn|9\n|\n|t:|1699895583\n|move|p2a: Excadrill|Rapid Spin|p1a: Ting-Lu\n|-damage|p1a: Ting-Lu|52\/100\n|-boost|p2a: Excadrill|spe|1\n|-sideend|p2: turbochargeds2000|Stealth Rock|[from] move: Rapid Spin|[of] p2a: Excadrill\n|move|p1a: Ting-Lu|Spikes|p2a: Excadrill\n|-sidestart|p2: turbochargeds2000|Spikes\n|\n|-heal|p1a: Ting-Lu|58\/100|[from] item: Leftovers\n|upkeep\n|turn|10\n|\n|t:|1699895593\n|move|p2a: Excadrill|Earthquake|p1a: Ting-Lu\n|-damage|p1a: Ting-Lu|31\/100\n|move|p1a: Ting-Lu|Earthquake|p2a: Excadrill\n|-supereffective|p2a: Excadrill\n|-damage|p2a: Excadrill|0 fnt\n|faint|p2a: Excadrill\n|\n|-heal|p1a: Ting-Lu|37\/100|[from] item: Leftovers\n|upkeep\n|\n|t:|1699895603\n|switch|p2a: Haxorus|Haxorus, F|100\/100\n|-damage|p2a: Haxorus|88\/100|[from] Spikes\n|-ability|p2a: Haxorus|Mold Breaker\n|turn|11\n|\n|t:|1699895610\n|move|p2a: Haxorus|Dragon Dance|p2a: Haxorus\n|-boost|p2a: Haxorus|atk|1\n|-boost|p2a: Haxorus|spe|1\n|move|p1a: Ting-Lu|Whirlwind|p2a: Haxorus\n|drag|p2a: Skeledirge|Skeledirge, M|100\/100\n|-damage|p2a: Skeledirge|88\/100|[from] Spikes\n|\n|-heal|p1a: Ting-Lu|43\/100|[from] item: Leftovers\n|upkeep\n|turn|12\n|c|\u2606turbochargeds2000|Wow ok\n|\n|t:|1699895628\n|move|p2a: Skeledirge|Torch Song|p1a: Ting-Lu\n|-damage|p1a: Ting-Lu|25\/100\n|-boost|p2a: Skeledirge|spa|1\n|move|p1a: Ting-Lu|Earthquake|p2a: Skeledirge\n|-supereffective|p2a: Skeledirge\n|-damage|p2a: Skeledirge|44\/100\n|\n|-heal|p1a: Ting-Lu|31\/100|[from] item: Leftovers\n|upkeep\n|turn|13\n|\n|t:|1699895638\n|move|p2a: Skeledirge|Torch Song|p1a: Ting-Lu\n|-damage|p1a: Ting-Lu|5\/100\n|-boost|p2a: Skeledirge|spa|1\n|move|p1a: Ting-Lu|Earthquake|p2a: Skeledirge\n|-supereffective|p2a: Skeledirge\n|-damage|p2a: Skeledirge|0 fnt\n|faint|p2a: Skeledirge\n|\n|-heal|p1a: Ting-Lu|11\/100|[from] item: Leftovers\n|upkeep\n|\n|t:|1699895648\n|switch|p2a: Haxorus|Haxorus, F|88\/100\n|-damage|p2a: Haxorus|76\/100|[from] Spikes\n|-ability|p2a: Haxorus|Mold Breaker\n|turn|14\n|\n|t:|1699895659\n|move|p2a: Haxorus|Iron Head|p1a: Ting-Lu\n|-damage|p1a: Ting-Lu|0 fnt\n|faint|p1a: Ting-Lu\n|\n|upkeep\n|\n|t:|1699895666\n|switch|p1a: Scizor|Scizor, M|100\/100\n|-activate|p1a: Scizor|move: Sticky Web\n|-unboost|p1a: Scizor|spe|1\n|-damage|p1a: Scizor|88\/100|[from] Stealth Rock\n|turn|15\n|\n|t:|1699895674\n|detailschange|p1a: Scizor|Scizor-Mega, M\n|-mega|p1a: Scizor|Scizor|Scizorite\n|-terastallize|p2a: Haxorus|Steel\n|move|p2a: Haxorus|Dragon Dance|p2a: Haxorus\n|-boost|p2a: Haxorus|atk|1\n|-boost|p2a: Haxorus|spe|1\n|move|p1a: Scizor|Defog|p2a: Haxorus\n|-unboost|p2a: Haxorus|evasion|1\n|-sideend|p2: turbochargeds2000|Spikes|[from] move: Defog|[of] p1a: Scizor\n|-sideend|p1: DestroyPhoenixGuy|Stealth Rock|[from] move: Defog|[of] p1a: Scizor\n|-sideend|p1: DestroyPhoenixGuy|Sticky Web|[from] move: Defog|[of] p1a: Scizor\n|\n|upkeep\n|turn|16\n|\n|t:|1699895686\n|move|p2a: Haxorus|Earthquake|p1a: Scizor\n|-damage|p1a: Scizor|52\/100\n|move|p1a: Scizor|U-turn|p2a: Haxorus\n|-resisted|p2a: Haxorus\n|-damage|p2a: Haxorus|53\/100\n|\n|t:|1699895695\n|switch|p1a: Urshifu|Urshifu-Rapid-Strike, M|100\/100|[from] U-turn\n|\n|upkeep\n|turn|17\n|\n|t:|1699895710\n|-terastallize|p1a: Urshifu|Water\n|move|p1a: Urshifu|Aqua Jet|p2a: Haxorus\n|-damage|p2a: Haxorus|0 fnt\n|faint|p2a: Haxorus\n|\n|upkeep\n|c|\u2606turbochargeds2000|Weel played\n|-message|turbochargeds2000 forfeited.\n|\n|win|DestroyPhoenixGuy\n|raw|DestroyPhoenixGuy's rating: 1534 &rarr; <strong>1546<\/strong><br \/>(+12 for winning)\n|raw|turbochargeds2000's rating: 1397 &rarr; <strong>1385<\/strong><br \/>(-12 for losing)\n|l|\u2606turbochargeds2000\n","uploadtime":1699895753,"views":3,"p1id":"destroyphoenixguy","p2id":"turbochargeds2000","formatid":"gen9nationaldex","rating":1385,"private":0,"password":""}