{"id":"gen9nationaldex-1998082092","p1":"2665xg","p2":"hei_longcec","format":"[Gen 9] National Dex","log":"|html|<div class=\"broadcast-blue\"><strong>[Gen 9] National Dex is currently suspecting Sneasler! For information on how to participate check out the <a href=\"https:\/\/www.smogon.com\/forums\/threads\/sv-national-dex-suspect-8-just-dance.3731534\/\">suspect thread<\/a>.<\/strong><\/div>\n|j|\u26062665xg\n|j|\u2606hei_longcec\n|t:|1700888361\n|gametype|singles\n|player|p1|2665xg|elesa-masters|1329\n|player|p2|hei_longcec|iris-gen5bw2|1412\n|teamsize|p1|6\n|teamsize|p2|6\n|gen|9\n|tier|[Gen 9] National Dex\n|rated|\n|rule|HP Percentage Mod: HP is shown in percentages\n|rule|Endless Battle Clause: Forcing endless battles is banned\n|rule|OHKO Clause: OHKO moves are banned\n|rule|Evasion Clause: Evasion abilities, items, and moves are banned\n|rule|Evasion Abilities Clause: Evasion abilities are banned\n|rule|Evasion Items Clause: Evasion items are banned\n|rule|Evasion Moves Clause: Evasion moves are banned\n|rule|Species Clause: Limit one of each Pok\u00e9mon\n|rule|Sleep Clause Mod: Limit one foe put to sleep\n|clearpoke\n|poke|p1|Tapu Fini|\n|poke|p1|Garganacl, M|\n|poke|p1|Zapdos|\n|poke|p1|Great Tusk|\n|poke|p1|Aegislash, F|\n|poke|p1|Greninja-*, M|\n|poke|p2|Garchomp, M|\n|poke|p2|Torterra, M|\n|poke|p2|Infernape, M|\n|poke|p2|Empoleon, M|\n|poke|p2|Shaymin|\n|poke|p2|Cresselia, F|\n|teampreview\n|inactive|Battle timer is ON: inactive players will automatically lose when time's up. (requested by hei_longcec)\n|\n|t:|1700888368\n|start\n|switch|p1a: Greninja|Greninja, M|100\/100\n|switch|p2a: Torterra|Torterra, M|100\/100\n|turn|1\n|\n|t:|1700888378\n|switch|p2a: Empoleon|Empoleon, M|100\/100\n|move|p1a: Greninja|Ice Beam|p2a: Empoleon\n|-start|p1a: Greninja|typechange|Ice|[from] ability: Protean\n|-resisted|p2a: Empoleon\n|-damage|p2a: Empoleon|94\/100\n|\n|-heal|p2a: Empoleon|99\/100|[from] item: Leftovers\n|upkeep\n|turn|2\n|\n|t:|1700888383\n|switch|p1a: Great Tusk|Great Tusk|100\/100\n|move|p2a: Empoleon|Toxic|p1a: Great Tusk\n|-status|p1a: Great Tusk|tox\n|\n|-heal|p2a: Empoleon|100\/100|[from] item: Leftovers\n|-damage|p1a: Great Tusk|94\/100 tox|[from] psn\n|upkeep\n|turn|3\n|\n|t:|1700888388\n|move|p1a: Great Tusk|Headlong Rush|p2a: Empoleon\n|-supereffective|p2a: Empoleon\n|-damage|p2a: Empoleon|0 fnt\n|-unboost|p1a: Great Tusk|def|1\n|-unboost|p1a: Great Tusk|spd|1\n|faint|p2a: Empoleon\n|\n|-damage|p1a: Great Tusk|82\/100 tox|[from] psn\n|upkeep\n|\n|t:|1700888392\n|switch|p2a: Torterra|Torterra, M|100\/100\n|turn|4\n|\n|t:|1700888395\n|-zpower|p1a: Great Tusk\n|move|p1a: Great Tusk|Subzero Slammer|p2a: Torterra|[zeffect]\n|-supereffective|p2a: Torterra\n|-damage|p2a: Torterra|0 fnt\n|faint|p2a: Torterra\n|\n|-damage|p1a: Great Tusk|63\/100 tox|[from] psn\n|upkeep\n|\n|t:|1700888407\n|switch|p2a: Shaymin|Shaymin|100\/100\n|turn|5\n|\n|t:|1700888411\n|-zpower|p2a: Shaymin\n|move|p2a: Shaymin|Z-Celebrate|p2a: Shaymin|[anim]Celebrate\n|-boost|p2a: Shaymin|atk|1|[zeffect]\n|-boost|p2a: Shaymin|def|1|[zeffect]\n|-boost|p2a: Shaymin|spa|1|[zeffect]\n|-boost|p2a: Shaymin|spd|1|[zeffect]\n|-boost|p2a: Shaymin|spe|1|[zeffect]\n|-activate|p2a: Shaymin|move: Celebrate\n|move|p1a: Great Tusk|Ice Spinner|p2a: Shaymin\n|-supereffective|p2a: Shaymin\n|-damage|p2a: Shaymin|65\/100\n|\n|-damage|p1a: Great Tusk|39\/100 tox|[from] psn\n|upkeep\n|turn|6\n|\n|t:|1700888419\n|move|p2a: Shaymin|Earth Power|p1a: Great Tusk\n|-damage|p1a: Great Tusk|0 fnt\n|faint|p1a: Great Tusk\n|-end|p1a: Great Tusk|Protosynthesis|[silent]\n|\n|upkeep\n|\n|t:|1700888422\n|switch|p1a: Greninja|Greninja, M|100\/100\n|turn|7\n|\n|t:|1700888424\n|move|p1a: Greninja|Ice Beam|p2a: Shaymin\n|-start|p1a: Greninja|typechange|Ice|[from] ability: Protean\n|-supereffective|p2a: Shaymin\n|-damage|p2a: Shaymin|14\/100\n|move|p2a: Shaymin|Seed Flare|p1a: Greninja|[miss]\n|-miss|p2a: Shaymin|p1a: Greninja\n|\n|upkeep\n|turn|8\n|\n|t:|1700888432\n|move|p1a: Greninja|Ice Beam|p2a: Shaymin\n|-supereffective|p2a: Shaymin\n|-damage|p2a: Shaymin|0 fnt\n|faint|p2a: Shaymin\n|\n|upkeep\n|\n|t:|1700888434\n|switch|p2a: Infernape|Infernape, M|100\/100\n|turn|9\n|\n|t:|1700888438\n|switch|p1a: Tapu Fini|Tapu Fini|100\/100\n|-fieldstart|move: Misty Terrain|[from] ability: Misty Surge|[of] p1a: Tapu Fini\n|move|p2a: Infernape|Close Combat|p1a: Tapu Fini\n|-resisted|p1a: Tapu Fini\n|-damage|p1a: Tapu Fini|76\/100\n|-unboost|p2a: Infernape|def|1\n|-unboost|p2a: Infernape|spd|1\n|-damage|p2a: Infernape|91\/100|[from] item: Life Orb\n|\n|-heal|p1a: Tapu Fini|82\/100|[from] item: Leftovers\n|upkeep\n|turn|10\n|\n|t:|1700888442\n|move|p2a: Infernape|Grass Knot|p1a: Tapu Fini\n|-supereffective|p1a: Tapu Fini\n|-damage|p1a: Tapu Fini|64\/100\n|-damage|p2a: Infernape|81\/100|[from] item: Life Orb\n|move|p1a: Tapu Fini|Iron Defense|p1a: Tapu Fini\n|-boost|p1a: Tapu Fini|def|2\n|\n|-heal|p1a: Tapu Fini|70\/100|[from] item: Leftovers\n|upkeep\n|turn|11\n|-message|hei_longcec forfeited.\n|\n|win|2665xg\n|raw|2665xg's rating: 1329 &rarr; <strong>1354<\/strong><br \/>(+25 for winning)\n|raw|hei_longcec's rating: 1412 &rarr; <strong>1387<\/strong><br \/>(-25 for losing)\n|l|\u2606hei_longcec\n","uploadtime":1700888454,"views":1,"p1id":"2665xg","p2id":"heilongcec","formatid":"gen9nationaldex","rating":1354,"private":0,"password":""}