{"id":"gen9nationaldex-1993027984","p1":"Cashdatrox1236","p2":"darwindelillo","format":"[Gen 9] National Dex","log":"|j|\u2606Cashdatrox1236\n|j|\u2606darwindelillo\n|t:|1700256932\n|gametype|singles\n|player|p1|Cashdatrox1236|riley|1065\n|player|p2|darwindelillo|blue|1130\n|teamsize|p1|6\n|teamsize|p2|6\n|gen|9\n|tier|[Gen 9] National Dex\n|rated|\n|rule|HP Percentage Mod: HP is shown in percentages\n|rule|Endless Battle Clause: Forcing endless battles is banned\n|rule|OHKO Clause: OHKO moves are banned\n|rule|Evasion Clause: Evasion abilities, items, and moves are banned\n|rule|Evasion Abilities Clause: Evasion abilities are banned\n|rule|Evasion Items Clause: Evasion items are banned\n|rule|Evasion Moves Clause: Evasion moves are banned\n|rule|Species Clause: Limit one of each Pok\u00e9mon\n|rule|Sleep Clause Mod: Limit one foe put to sleep\n|clearpoke\n|poke|p1|Gliscor, M|\n|poke|p1|Samurott-Hisui, M|\n|poke|p1|Xurkitree|\n|poke|p1|Scizor, F|\n|poke|p1|Blaziken, F|\n|poke|p1|Serperior, F|\n|poke|p2|Vileplume, F|\n|poke|p2|Golurk|\n|poke|p2|Dondozo, M|\n|poke|p2|Clefable, F|\n|poke|p2|Togekiss, M|\n|poke|p2|Vanilluxe, M|\n|teampreview\n|inactive|Battle timer is ON: inactive players will automatically lose when time's up. (requested by darwindelillo)\n|\n|t:|1700256938\n|start\n|switch|p1a: Samurott|Samurott-Hisui, M|100\/100\n|switch|p2a: Vanilluxe|Vanilluxe, M|100\/100\n|-weather|Snow|[from] ability: Snow Warning|[of] p2a: Vanilluxe\n|turn|1\n|\n|t:|1700256948\n|move|p1a: Samurott|Drill Run|p2a: Vanilluxe\n|-damage|p2a: Vanilluxe|84\/100\n|move|p2a: Vanilluxe|Toxic|p1a: Samurott\n|-status|p1a: Samurott|tox\n|\n|-weather|Snow|[upkeep]\n|-damage|p1a: Samurott|94\/100 tox|[from] psn\n|upkeep\n|turn|2\n|\n|t:|1700256958\n|move|p1a: Samurott|Ceaseless Edge|p2a: Vanilluxe\n|-crit|p2a: Vanilluxe\n|-damage|p2a: Vanilluxe|40\/100\n|-sidestart|p2: darwindelillo|Spikes\n|move|p2a: Vanilluxe|Aurora Veil|p2a: Vanilluxe\n|-sidestart|p2: darwindelillo|move: Aurora Veil\n|\n|-weather|Snow|[upkeep]\n|-damage|p1a: Samurott|82\/100 tox|[from] psn\n|upkeep\n|turn|3\n|\n|t:|1700256967\n|move|p1a: Samurott|Ceaseless Edge|p2a: Vanilluxe\n|-damage|p2a: Vanilluxe|25\/100\n|-sidestart|p2: darwindelillo|Spikes\n|move|p2a: Vanilluxe|Hyper Voice|p1a: Samurott\n|-damage|p1a: Samurott|47\/100 tox\n|\n|-weather|Snow|[upkeep]\n|-damage|p1a: Samurott|29\/100 tox|[from] psn\n|upkeep\n|turn|4\n|\n|t:|1700256977\n|move|p1a: Samurott|Ceaseless Edge|p2a: Vanilluxe|[miss]\n|-miss|p1a: Samurott|p2a: Vanilluxe\n|move|p2a: Vanilluxe|Hyper Voice|p1a: Samurott\n|-damage|p1a: Samurott|0 fnt\n|faint|p1a: Samurott\n|\n|-weather|Snow|[upkeep]\n|upkeep\n|\n|t:|1700256986\n|switch|p1a: Blaziken|Blaziken, F, shiny|100\/100\n|turn|5\n|\n|t:|1700256990\n|move|p2a: Vanilluxe|Toxic|p1a: Blaziken\n|-status|p1a: Blaziken|tox\n|move|p1a: Blaziken|Brick Break|p2a: Vanilluxe\n|-sideend|p2: darwindelillo|move: Aurora Veil\n|-supereffective|p2a: Vanilluxe\n|-damage|p2a: Vanilluxe|0 fnt\n|faint|p2a: Vanilluxe\n|\n|-weather|none\n|-damage|p1a: Blaziken|94\/100 tox|[from] psn\n|-ability|p1a: Blaziken|Speed Boost|boost\n|-boost|p1a: Blaziken|spe|1\n|upkeep\n|\n|t:|1700257000\n|switch|p2a: Golurk|Golurk|100\/100\n|-damage|p2a: Golurk|84\/100|[from] Spikes\n|turn|6\n|\n|t:|1700257014\n|switch|p1a: Serperior|Serperior, F|100\/100\n|move|p2a: Golurk|Dynamic Punch|p1a: Serperior\n|-damage|p1a: Serperior|63\/100\n|-start|p1a: Serperior|confusion\n|\n|upkeep\n|turn|7\n|\n|t:|1700257024\n|-terastallize|p2a: Golurk|Dragon\n|-activate|p1a: Serperior|confusion\n|move|p1a: Serperior|Knock Off|p2a: Golurk\n|-damage|p2a: Golurk|63\/100\n|-enditem|p2a: Golurk|Muscle Band|[from] move: Knock Off|[of] p1a: Serperior\n|move|p2a: Golurk|Toxic|p1a: Serperior\n|-status|p1a: Serperior|tox\n|\n|-damage|p1a: Serperior|57\/100 tox|[from] psn\n|upkeep\n|turn|8\n|\n|t:|1700257036\n|-activate|p1a: Serperior|confusion\n|-damage|p1a: Serperior|45\/100 tox|[from] confusion\n|move|p2a: Golurk|Dynamic Punch|p1a: Serperior\n|-damage|p1a: Serperior|9\/100 tox\n|\n|-damage|p1a: Serperior|0 fnt|[from] psn\n|faint|p1a: Serperior\n|upkeep\n|\n|t:|1700257050\n|switch|p1a: Gliscor|Gliscor, M|100\/100\n|turn|9\n|\n|t:|1700257056\n|-terastallize|p1a: Gliscor|Flying\n|move|p1a: Gliscor|Dual Wingbeat|p2a: Golurk\n|-damage|p2a: Golurk|42\/100\n|-damage|p2a: Golurk|21\/100\n|-hitcount|p2a: Golurk|2\n|move|p2a: Golurk|Dynamic Punch|p1a: Gliscor\n|-resisted|p1a: Gliscor\n|-damage|p1a: Gliscor|86\/100\n|-start|p1a: Gliscor|confusion\n|\n|-status|p1a: Gliscor|tox|[from] item: Toxic Orb\n|upkeep\n|turn|10\n|\n|t:|1700257071\n|-activate|p1a: Gliscor|confusion\n|move|p1a: Gliscor|Dual Wingbeat|p2a: Golurk\n|-damage|p2a: Golurk|0 fnt\n|faint|p2a: Golurk\n|-hitcount|p2: Golurk|1\n|\n|-heal|p1a: Gliscor|99\/100 tox|[from] ability: Poison Heal\n|upkeep\n|\n|t:|1700257080\n|switch|p2a: Bonanza|Dondozo, M|100\/100\n|-damage|p2a: Bonanza|84\/100|[from] Spikes\n|turn|11\n|\n|t:|1700257087\n|-activate|p1a: Gliscor|confusion\n|move|p1a: Gliscor|Dual Wingbeat|p2a: Bonanza\n|-damage|p2a: Bonanza|69\/100\n|-damage|p2a: Bonanza|55\/100\n|-hitcount|p2a: Bonanza|2\n|move|p2a: Bonanza|Liquidation|p1a: Gliscor\n|-damage|p1a: Gliscor|65\/100 tox\n|-unboost|p1a: Gliscor|def|1\n|\n|-heal|p1a: Gliscor|78\/100 tox|[from] ability: Poison Heal\n|upkeep\n|turn|12\n|\n|t:|1700257098\n|-activate|p1a: Gliscor|confusion\n|-damage|p1a: Gliscor|61\/100 tox|[from] confusion\n|move|p2a: Bonanza|Liquidation|p1a: Gliscor\n|-damage|p1a: Gliscor|26\/100 tox\n|\n|-heal|p1a: Gliscor|38\/100 tox|[from] ability: Poison Heal\n|upkeep\n|turn|13\n|\n|t:|1700257107\n|-end|p1a: Gliscor|confusion\n|move|p1a: Gliscor|Dual Wingbeat|p2a: Bonanza\n|-damage|p2a: Bonanza|41\/100\n|-damage|p2a: Bonanza|27\/100\n|-hitcount|p2a: Bonanza|2\n|move|p2a: Bonanza|Liquidation|p1a: Gliscor\n|-damage|p1a: Gliscor|7\/100 tox\n|\n|-heal|p1a: Gliscor|19\/100 tox|[from] ability: Poison Heal\n|upkeep\n|turn|14\n|\n|t:|1700257119\n|move|p1a: Gliscor|Dual Wingbeat|p2a: Bonanza\n|-damage|p2a: Bonanza|13\/100\n|-damage|p2a: Bonanza|0 fnt\n|faint|p2a: Bonanza\n|-hitcount|p2: Bonanza|2\n|\n|-heal|p1a: Gliscor|31\/100 tox|[from] ability: Poison Heal\n|upkeep\n|\n|t:|1700257128\n|switch|p2a: Togekiss|Togekiss, M|100\/100\n|turn|15\n|\n|t:|1700257134\n|move|p1a: Gliscor|Dual Wingbeat|p2a: Togekiss\n|-damage|p2a: Togekiss|82\/100\n|-damage|p2a: Togekiss|64\/100\n|-hitcount|p2a: Togekiss|2\n|move|p2a: Togekiss|Air Slash|p1a: Gliscor\n|-damage|p1a: Gliscor|0 fnt\n|faint|p1a: Gliscor\n|\n|upkeep\n|\n|t:|1700257143\n|switch|p1a: Xurkitree|Xurkitree|100\/100\n|turn|16\n|\n|t:|1700257147\n|switch|p2a: Florlita|Vileplume, F|100\/100\n|-damage|p2a: Florlita|84\/100|[from] Spikes\n|move|p1a: Xurkitree|Discharge|p2a: Florlita\n|-resisted|p2a: Florlita\n|-damage|p2a: Florlita|58\/100\n|-status|p2a: Florlita|par\n|\n|-heal|p2a: Florlita|64\/100 par|[from] item: Leftovers\n|upkeep\n|turn|17\n|\n|t:|1700257159\n|move|p1a: Xurkitree|Signal Beam|p2a: Florlita\n|-damage|p2a: Florlita|32\/100 par\n|cant|p2a: Florlita|par\n|\n|-heal|p2a: Florlita|38\/100 par|[from] item: Leftovers\n|upkeep\n|turn|18\n|\n|t:|1700257168\n|move|p1a: Xurkitree|Signal Beam|p2a: Florlita\n|-damage|p2a: Florlita|9\/100 par\n|cant|p2a: Florlita|par\n|\n|-heal|p2a: Florlita|15\/100 par|[from] item: Leftovers\n|upkeep\n|turn|19\n|\n|t:|1700257176\n|switch|p2a: PinkFable|Clefable, F|100\/100\n|-damage|p2a: PinkFable|84\/100|[from] Spikes\n|move|p1a: Xurkitree|Signal Beam|p2a: PinkFable\n|-resisted|p2a: PinkFable\n|-damage|p2a: PinkFable|70\/100\n|\n|upkeep\n|turn|20\n|\n|t:|1700257184\n|move|p1a: Xurkitree|Discharge|p2a: PinkFable\n|-damage|p2a: PinkFable|25\/100\n|move|p2a: PinkFable|Cosmic Power|p2a: PinkFable\n|-boost|p2a: PinkFable|def|1\n|-boost|p2a: PinkFable|spd|1\n|\n|upkeep\n|turn|21\n|\n|t:|1700257192\n|move|p1a: Xurkitree|Discharge|p2a: PinkFable\n|-damage|p2a: PinkFable|0 fnt\n|faint|p2a: PinkFable\n|-ability|p1a: Xurkitree|Beast Boost|boost\n|-boost|p1a: Xurkitree|spa|1\n|\n|upkeep\n|\n|t:|1700257198\n|switch|p2a: Florlita|Vileplume, F|15\/100 par\n|-damage|p2a: Florlita|0 fnt|[from] Spikes\n|faint|p2a: Florlita\n|\n|t:|1700257202\n|switch|p2a: Togekiss|Togekiss, M|64\/100\n|turn|22\n|\n|t:|1700257206\n|move|p2a: Togekiss|Air Slash|p1a: Xurkitree\n|-resisted|p1a: Xurkitree\n|-damage|p1a: Xurkitree|89\/100\n|cant|p1a: Xurkitree|flinch\n|\n|upkeep\n|turn|23\n|\n|t:|1700257212\n|move|p2a: Togekiss|Air Slash|p1a: Xurkitree\n|-resisted|p1a: Xurkitree\n|-damage|p1a: Xurkitree|76\/100\n|cant|p1a: Xurkitree|flinch\n|\n|upkeep\n|turn|24\n|\n|t:|1700257219\n|move|p2a: Togekiss|Air Slash|p1a: Xurkitree\n|-resisted|p1a: Xurkitree\n|-crit|p1a: Xurkitree\n|-damage|p1a: Xurkitree|56\/100\n|move|p1a: Xurkitree|Discharge|p2a: Togekiss\n|-supereffective|p2a: Togekiss\n|-damage|p2a: Togekiss|0 fnt\n|faint|p2a: Togekiss\n|\n|win|Cashdatrox1236\n|raw|Cashdatrox1236's rating: 1065 &rarr; <strong>1101<\/strong><br \/>(+36 for winning)\n|raw|darwindelillo's rating: 1130 &rarr; <strong>1100<\/strong><br \/>(-30 for losing)\n|l|\u2606darwindelillo\n|c|\u2606Cashdatrox1236|Gg\n","uploadtime":1700257233,"views":15,"p1id":"cashdatrox1236","p2id":"darwindelillo","formatid":"gen9nationaldex","rating":1100,"private":0,"password":""}