{"id":"gen9nationaldex-1998653326","p1":"MMQZA10","p2":"abbyboob","format":"[Gen 9] National Dex","log":"|html|<div class=\"broadcast-blue\"><strong>[Gen 9] National Dex is currently suspecting Sneasler! For information on how to participate check out the <a href=\"https:\/\/www.smogon.com\/forums\/threads\/sv-national-dex-suspect-8-just-dance.3731534\/\">suspect thread<\/a>.<\/strong><\/div>\n|j|\u2606MMQZA10\n|j|\u2606abbyboob\n|t:|1700968014\n|gametype|singles\n|player|p1|MMQZA10|265|1444\n|player|p2|abbyboob|clerkf|1334\n|teamsize|p1|6\n|teamsize|p2|6\n|gen|9\n|tier|[Gen 9] National Dex\n|rated|\n|rule|HP Percentage Mod: HP is shown in percentages\n|rule|Endless Battle Clause: Forcing endless battles is banned\n|rule|OHKO Clause: OHKO moves are banned\n|rule|Evasion Clause: Evasion abilities, items, and moves are banned\n|rule|Evasion Abilities Clause: Evasion abilities are banned\n|rule|Evasion Items Clause: Evasion items are banned\n|rule|Evasion Moves Clause: Evasion moves are banned\n|rule|Species Clause: Limit one of each Pok\u00e9mon\n|rule|Sleep Clause Mod: Limit one foe put to sleep\n|clearpoke\n|poke|p1|Hoopa-Unbound|\n|poke|p1|Corviknight, M|\n|poke|p1|Clodsire, F|\n|poke|p1|Serperior, M|\n|poke|p1|Zapdos|\n|poke|p1|Slowking, M|\n|poke|p2|Swampert, F|\n|poke|p2|Pelipper, F|\n|poke|p2|Greninja-*, F|\n|poke|p2|Ferrothorn, F|\n|poke|p2|Clefable, F|\n|poke|p2|Manaphy|\n|teampreview\n|\n|t:|1700968051\n|start\n|switch|p1a: Zapdos|Zapdos|100\/100\n|switch|p2a: Pelipper|Pelipper, F|100\/100\n|-weather|RainDance|[from] ability: Drizzle|[of] p2a: Pelipper\n|turn|1\n|\n|t:|1700968056\n|switch|p1a: Corviknight|Corviknight, M|100\/100\n|-ability|p1a: Corviknight|Pressure\n|switch|p2a: Swampert|Swampert, F, shiny|100\/100\n|\n|-weather|RainDance|[upkeep]\n|upkeep\n|turn|2\n|\n|t:|1700968063\n|detailschange|p2a: Swampert|Swampert-Mega, F, shiny\n|-mega|p2a: Swampert|Swampert|Swampertite\n|move|p2a: Swampert|Flip Turn|p1a: Corviknight\n|-damage|p1a: Corviknight|64\/100\n|-damage|p2a: Swampert|84\/100|[from] item: Rocky Helmet|[of] p1a: Corviknight\n|\n|t:|1700968067\n|switch|p2a: Ferrothorn|Ferrothorn, F|100\/100|[from] Flip Turn\n|move|p1a: Corviknight|Iron Defense|p1a: Corviknight\n|-boost|p1a: Corviknight|def|2\n|\n|-weather|RainDance|[upkeep]\n|upkeep\n|turn|3\n|\n|t:|1700968072\n|move|p1a: Corviknight|Roost|p1a: Corviknight\n|-heal|p1a: Corviknight|100\/100\n|-singleturn|p1a: Corviknight|move: Roost\n|move|p2a: Ferrothorn|Leech Seed|p1a: Corviknight\n|-start|p1a: Corviknight|move: Leech Seed\n|\n|-weather|RainDance|[upkeep]\n|-damage|p1a: Corviknight|88\/100|[from] Leech Seed|[of] p2a: Ferrothorn\n|upkeep\n|turn|4\n|\n|t:|1700968081\n|switch|p2a: Clefable|Clefable, F, shiny|100\/100\n|move|p1a: Corviknight|Iron Defense|p1a: Corviknight\n|-boost|p1a: Corviknight|def|2\n|\n|-weather|RainDance|[upkeep]\n|-damage|p1a: Corviknight|76\/100|[from] Leech Seed|[of] p2a: Clefable\n|upkeep\n|turn|5\n|\n|t:|1700968087\n|move|p1a: Corviknight|U-turn|p2a: Clefable\n|-resisted|p2a: Clefable\n|-damage|p2a: Clefable|94\/100\n|\n|t:|1700968096\n|switch|p1a: Clodsire|Clodsire, F|100\/100|[from] U-turn\n|move|p2a: Clefable|Moonblast|p1a: Clodsire\n|-resisted|p1a: Clodsire\n|-damage|p1a: Clodsire|93\/100\n|\n|-weather|RainDance|[upkeep]\n|-heal|p2a: Clefable|99\/100|[from] item: Leftovers\n|-heal|p1a: Clodsire|99\/100|[from] item: Leftovers\n|upkeep\n|turn|6\n|\n|t:|1700968107\n|switch|p2a: Ferrothorn|Ferrothorn, F|100\/100\n|move|p1a: Clodsire|Stealth Rock|p2a: Ferrothorn\n|-sidestart|p2: abbyboob|move: Stealth Rock\n|\n|-weather|RainDance|[upkeep]\n|-heal|p1a: Clodsire|100\/100|[from] item: Leftovers\n|upkeep\n|turn|7\n|\n|t:|1700968120\n|switch|p1a: Serperior|Serperior, M|100\/100\n|move|p2a: Ferrothorn|Leech Seed|p1a: Serperior\n|-immune|p1a: Serperior\n|\n|-weather|RainDance|[upkeep]\n|upkeep\n|turn|8\n|\n|t:|1700968128\n|switch|p2a: Clefable|Clefable, F, shiny|99\/100\n|-damage|p2a: Clefable|87\/100|[from] Stealth Rock\n|move|p1a: Serperior|Substitute|p1a: Serperior\n|-start|p1a: Serperior|Substitute\n|-damage|p1a: Serperior|76\/100\n|\n|-weather|none\n|-heal|p1a: Serperior|82\/100|[from] item: Leftovers\n|-heal|p2a: Clefable|93\/100|[from] item: Leftovers\n|upkeep\n|turn|9\n|\n|t:|1700968131\n|move|p1a: Serperior|Leaf Storm|p2a: Clefable\n|-damage|p2a: Clefable|57\/100\n|-boost|p1a: Serperior|spa|2\n|move|p2a: Clefable|Moonblast|p1a: Serperior\n|-end|p1a: Serperior|Substitute\n|\n|-heal|p1a: Serperior|88\/100|[from] item: Leftovers\n|-heal|p2a: Clefable|63\/100|[from] item: Leftovers\n|upkeep\n|turn|10\n|l|\u2606MMQZA10\n|player|p1|\n|j|\u2606MMQZA10\n|player|p1|MMQZA10|265\n|l|\u2606MMQZA10\n|player|p1|\n|inactive|Battle timer is ON: inactive players will automatically lose when time's up. (requested by abbyboob)\n|j|\u2606MMQZA10\n|inactive|MMQZA10 reconnected and has 150 seconds left.\n|player|p1|MMQZA10|265\n|\n|t:|1700968200\n|switch|p1a: Slowking|Slowking, M|100\/100\n|move|p2a: Clefable|Wish|p2a: Clefable\n|\n|-heal|p2a: Clefable|69\/100|[from] item: Leftovers\n|upkeep\n|turn|11\n|\n|t:|1700968211\n|switch|p2a: Pelipper|Pelipper, F|100\/100\n|-damage|p2a: Pelipper|76\/100|[from] Stealth Rock\n|-weather|RainDance|[from] ability: Drizzle|[of] p2a: Pelipper\n|move|p1a: Slowking|Thunder Wave|p2a: Pelipper\n|-status|p2a: Pelipper|par\n|\n|-weather|RainDance|[upkeep]\n|-heal|p2a: Pelipper|100\/100 par|[from] move: Wish|[wisher] Clefable\n|upkeep\n|turn|12\n|\n|t:|1700968219\n|move|p2a: Pelipper|Defog|p1a: Slowking\n|-unboost|p1a: Slowking|evasion|1\n|-sideend|p2: abbyboob|Stealth Rock|[from] move: Defog|[of] p2a: Pelipper\n|move|p1a: Slowking|Teleport|p1a: Slowking\n|\n|t:|1700968231\n|switch|p1a: Clodsire|Clodsire, F|100\/100|[from] Teleport\n|\n|-weather|RainDance|[upkeep]\n|upkeep\n|turn|13\n|\n|t:|1700968243\n|move|p2a: Pelipper|Scald|p1a: Clodsire\n|-supereffective|p1a: Clodsire\n|-damage|p1a: Clodsire|58\/100\n|move|p1a: Clodsire|Toxic||[still]\n|-fail|p1a: Clodsire\n|\n|-weather|RainDance|[upkeep]\n|-heal|p1a: Clodsire|64\/100|[from] item: Leftovers\n|upkeep\n|turn|14\n|\n|t:|1700968247\n|move|p2a: Pelipper|Scald|p1a: Clodsire\n|-supereffective|p1a: Clodsire\n|-damage|p1a: Clodsire|20\/100\n|move|p1a: Clodsire|Recover|p1a: Clodsire\n|-heal|p1a: Clodsire|70\/100\n|\n|-weather|RainDance|[upkeep]\n|-heal|p1a: Clodsire|76\/100|[from] item: Leftovers\n|upkeep\n|turn|15\n|\n|t:|1700968252\n|move|p2a: Pelipper|U-turn|p1a: Clodsire\n|-resisted|p1a: Clodsire\n|-damage|p1a: Clodsire|72\/100\n|\n|t:|1700968255\n|switch|p2a: Manaphy|Manaphy, shiny|100\/100|[from] U-turn\n|move|p1a: Clodsire|Recover|p1a: Clodsire\n|-heal|p1a: Clodsire|100\/100\n|\n|-weather|RainDance|[upkeep]\n|upkeep\n|turn|16\n|\n|t:|1700968275\n|switch|p1a: Slowking|Slowking, M|100\/100\n|move|p2a: Manaphy|Surf|p1a: Slowking\n|-resisted|p1a: Slowking\n|-damage|p1a: Slowking|84\/100\n|\n|-weather|RainDance|[upkeep]\n|upkeep\n|turn|17\n|\n|t:|1700968282\n|move|p2a: Manaphy|Tail Glow|p2a: Manaphy\n|-boost|p2a: Manaphy|spa|3\n|move|p1a: Slowking|Future Sight|p2a: Manaphy\n|-start|p1a: Slowking|move: Future Sight\n|\n|-weather|RainDance|[upkeep]\n|upkeep\n|turn|18\n|\n|t:|1700968287\n|move|p2a: Manaphy|Tail Glow|p2a: Manaphy\n|-boost|p2a: Manaphy|spa|3\n|move|p1a: Slowking|Teleport|p1a: Slowking\n|\n|t:|1700968289\n|switch|p1a: Clodsire|Clodsire, F|100\/100|[from] Teleport\n|\n|-weather|none\n|upkeep\n|turn|19\n|\n|t:|1700968291\n|move|p2a: Manaphy|Surf|p1a: Clodsire\n|-supereffective|p1a: Clodsire\n|-damage|p1a: Clodsire|66\/100\n|move|p1a: Clodsire|Toxic|p2a: Manaphy\n|-status|p2a: Manaphy|tox\n|\n|-end|p2a: Manaphy|move: Future Sight\n|-damage|p2a: Manaphy|65\/100 tox\n|-heal|p1a: Clodsire|73\/100|[from] item: Leftovers\n|-damage|p2a: Manaphy|59\/100 tox|[from] psn\n|upkeep\n|turn|20\n|\n|t:|1700968297\n|switch|p2a: Pelipper|Pelipper, F|100\/100 par\n|-weather|RainDance|[from] ability: Drizzle|[of] p2a: Pelipper\n|move|p1a: Clodsire|Stealth Rock|p2a: Pelipper\n|-sidestart|p2: abbyboob|move: Stealth Rock\n|\n|-weather|RainDance|[upkeep]\n|-heal|p1a: Clodsire|79\/100|[from] item: Leftovers\n|upkeep\n|turn|21\n|\n|t:|1700968309\n|switch|p1a: Hoopa|Hoopa-Unbound|100\/100\n|cant|p2a: Pelipper|par\n|\n|-weather|RainDance|[upkeep]\n|upkeep\n|turn|22\n|\n|t:|1700968314\n|switch|p2a: Ferrothorn|Ferrothorn, F|100\/100\n|-damage|p2a: Ferrothorn|94\/100|[from] Stealth Rock\n|-terastallize|p1a: Hoopa|Dark\n|move|p1a: Hoopa|Hyperspace Fury|p2a: Ferrothorn\n|-damage|p2a: Ferrothorn|8\/100\n|-unboost|p1a: Hoopa|def|1\n|\n|-weather|RainDance|[upkeep]\n|-heal|p2a: Ferrothorn|14\/100|[from] item: Leftovers\n|upkeep\n|turn|23\n|\n|t:|1700968322\n|move|p1a: Hoopa|Hyperspace Fury|p2a: Ferrothorn\n|-damage|p2a: Ferrothorn|0 fnt\n|-unboost|p1a: Hoopa|def|1\n|faint|p2a: Ferrothorn\n|\n|-weather|RainDance|[upkeep]\n|upkeep\n|\n|t:|1700968324\n|switch|p2a: Swampert|Swampert-Mega, F, shiny|84\/100\n|-damage|p2a: Swampert|78\/100|[from] Stealth Rock\n|turn|24\n|\n|t:|1700968338\n|switch|p1a: Corviknight|Corviknight, M|76\/100\n|-ability|p1a: Corviknight|Pressure\n|move|p2a: Swampert|Waterfall|p1a: Corviknight\n|-damage|p1a: Corviknight|34\/100\n|-damage|p2a: Swampert|61\/100|[from] item: Rocky Helmet|[of] p1a: Corviknight\n|\n|-weather|RainDance|[upkeep]\n|upkeep\n|turn|25\n|\n|t:|1700968347\n|move|p2a: Swampert|Waterfall|p1a: Corviknight\n|-damage|p1a: Corviknight|0 fnt\n|-damage|p2a: Swampert|45\/100|[from] item: Rocky Helmet|[of] p1a: Corviknight\n|faint|p1a: Corviknight\n|\n|-weather|RainDance|[upkeep]\n|upkeep\n|\n|t:|1700968364\n|switch|p1a: Slowking|Slowking, M|100\/100\n|turn|26\n|\n|t:|1700968372\n|move|p2a: Swampert|Flip Turn|p1a: Slowking\n|-resisted|p1a: Slowking\n|-damage|p1a: Slowking|72\/100\n|\n|t:|1700968378\n|switch|p2a: Manaphy|Manaphy, shiny|59\/100 tox|[from] Flip Turn\n|-damage|p2a: Manaphy|47\/100 tox|[from] Stealth Rock\n|move|p1a: Slowking|Teleport|p1a: Slowking\n|\n|t:|1700968385\n|switch|p1a: Serperior|Serperior, M|88\/100|[from] Teleport\n|\n|-weather|RainDance|[upkeep]\n|-heal|p1a: Serperior|94\/100|[from] item: Leftovers\n|-activate|p2a: Manaphy|ability: Hydration\n|-curestatus|p2a: Manaphy|tox|[msg]\n|upkeep\n|turn|27\n|\n|t:|1700968390\n|switch|p2a: Clefable|Clefable, F, shiny|69\/100\n|-damage|p2a: Clefable|57\/100|[from] Stealth Rock\n|move|p1a: Serperior|Leaf Storm|p2a: Clefable\n|-damage|p2a: Clefable|22\/100\n|-boost|p1a: Serperior|spa|2\n|\n|-weather|none\n|-heal|p1a: Serperior|100\/100|[from] item: Leftovers\n|-heal|p2a: Clefable|28\/100|[from] item: Leftovers\n|upkeep\n|turn|28\n|\n|t:|1700968394\n|move|p2a: Clefable|Protect|p2a: Clefable\n|-singleturn|p2a: Clefable|Protect\n|move|p1a: Serperior|Leaf Storm|p2a: Clefable\n|-activate|p2a: Clefable|move: Protect\n|\n|-heal|p2a: Clefable|35\/100|[from] item: Leftovers\n|upkeep\n|turn|29\n|\n|t:|1700968401\n|-terastallize|p2a: Clefable|Steel\n|move|p1a: Serperior|Leaf Storm|p2a: Clefable\n|-resisted|p2a: Clefable\n|-damage|p2a: Clefable|18\/100\n|-boost|p1a: Serperior|spa|2\n|move|p2a: Clefable|Wish|p2a: Clefable\n|\n|-heal|p2a: Clefable|24\/100|[from] item: Leftovers\n|upkeep\n|turn|30\n|\n|t:|1700968408\n|move|p2a: Clefable|Protect|p2a: Clefable\n|-singleturn|p2a: Clefable|Protect\n|move|p1a: Serperior|Hidden Power|p2a: Clefable\n|-activate|p2a: Clefable|move: Protect\n|\n|-heal|p2a: Clefable|74\/100|[from] move: Wish|[wisher] Clefable\n|-heal|p2a: Clefable|80\/100|[from] item: Leftovers\n|upkeep\n|turn|31\n|\n|t:|1700968414\n|switch|p1a: Clodsire|Clodsire, F|79\/100\n|switch|p2a: Pelipper|Pelipper, F|100\/100 par\n|-damage|p2a: Pelipper|76\/100 par|[from] Stealth Rock\n|-weather|RainDance|[from] ability: Drizzle|[of] p2a: Pelipper\n|\n|-weather|RainDance|[upkeep]\n|-heal|p1a: Clodsire|85\/100|[from] item: Leftovers\n|upkeep\n|turn|32\n|\n|t:|1700968419\n|switch|p1a: Hoopa|Hoopa-Unbound, tera:Dark|100\/100\n|move|p2a: Pelipper|Defog|p1a: Hoopa\n|-unboost|p1a: Hoopa|evasion|1\n|-sideend|p2: abbyboob|Stealth Rock|[from] move: Defog|[of] p2a: Pelipper\n|\n|-weather|RainDance|[upkeep]\n|upkeep\n|turn|33\n|\n|t:|1700968424\n|move|p1a: Hoopa|Hyperspace Fury|p2a: Pelipper\n|-damage|p2a: Pelipper|0 fnt\n|-unboost|p1a: Hoopa|def|1\n|faint|p2a: Pelipper\n|\n|-weather|RainDance|[upkeep]\n|upkeep\n|\n|t:|1700968426\n|switch|p2a: Swampert|Swampert-Mega, F, shiny|45\/100\n|turn|34\n|inactive|MMQZA10 has 120 seconds left.\n|\n|t:|1700968470\n|move|p2a: Swampert|Waterfall|p1a: Hoopa\n|-damage|p1a: Hoopa|0 fnt\n|faint|p1a: Hoopa\n|\n|-weather|RainDance|[upkeep]\n|upkeep\n|\n|t:|1700968479\n|switch|p1a: Zapdos|Zapdos|100\/100\n|turn|35\n|\n|t:|1700968482\n|move|p2a: Swampert|Ice Punch|p1a: Zapdos\n|-supereffective|p1a: Zapdos\n|-damage|p1a: Zapdos|56\/100\n|-status|p2a: Swampert|par|[from] ability: Static|[of] p1a: Zapdos\n|move|p1a: Zapdos|Roost|p1a: Zapdos\n|-heal|p1a: Zapdos|100\/100\n|-singleturn|p1a: Zapdos|move: Roost\n|\n|-weather|RainDance|[upkeep]\n|upkeep\n|turn|36\n|inactive|MMQZA10 has 120 seconds left.\n|\n|t:|1700968493\n|move|p2a: Swampert|Ice Punch|p1a: Zapdos\n|-supereffective|p1a: Zapdos\n|-damage|p1a: Zapdos|54\/100\n|move|p1a: Zapdos|Hidden Power|p2a: Swampert\n|-damage|p2a: Swampert|30\/100 par\n|\n|-weather|RainDance|[upkeep]\n|upkeep\n|turn|37\n|\n|t:|1700968498\n|move|p2a: Swampert|Ice Punch|p1a: Zapdos\n|-supereffective|p1a: Zapdos\n|-damage|p1a: Zapdos|9\/100\n|move|p1a: Zapdos|Roost|p1a: Zapdos\n|-heal|p1a: Zapdos|59\/100\n|-singleturn|p1a: Zapdos|move: Roost\n|\n|-weather|RainDance|[upkeep]\n|upkeep\n|turn|38\n|\n|t:|1700968504\n|move|p2a: Swampert|Ice Punch|p1a: Zapdos\n|-supereffective|p1a: Zapdos\n|-damage|p1a: Zapdos|12\/100\n|move|p1a: Zapdos|Hidden Power|p2a: Swampert\n|-damage|p2a: Swampert|13\/100 par\n|\n|-weather|none\n|upkeep\n|turn|39\n|\n|t:|1700968508\n|move|p1a: Zapdos|Roost|p1a: Zapdos\n|-heal|p1a: Zapdos|62\/100\n|-singleturn|p1a: Zapdos|move: Roost\n|cant|p2a: Swampert|par\n|\n|upkeep\n|turn|40\n|\n|t:|1700968514\n|move|p1a: Zapdos|Hidden Power|p2a: Swampert\n|-damage|p2a: Swampert|0 fnt\n|faint|p2a: Swampert\n|\n|upkeep\n|\n|t:|1700968516\n|switch|p2a: Greninja|Greninja, F|100\/100\n|turn|41\n|l|\u2606MMQZA10\n|inactive|MMQZA10 disconnected and has a minute to reconnect!\n|player|p1|\n|j|\u2606MMQZA10\n|inactive|MMQZA10 reconnected and has 125 seconds left.\n|player|p1|MMQZA10|265\n|inactive|MMQZA10 has 120 seconds left.\n|\n|t:|1700968558\n|move|p2a: Greninja|Ice Beam|p1a: Zapdos\n|-start|p2a: Greninja|typechange|Ice|[from] ability: Protean\n|-supereffective|p1a: Zapdos\n|-damage|p1a: Zapdos|0 fnt\n|faint|p1a: Zapdos\n|\n|upkeep\n|\n|t:|1700968577\n|switch|p1a: Slowking|Slowking, M|100\/100\n|turn|42\n|\n|t:|1700968583\n|switch|p2a: Manaphy|Manaphy, shiny|47\/100\n|move|p1a: Slowking|Thunder Wave|p2a: Manaphy\n|-status|p2a: Manaphy|par\n|\n|upkeep\n|turn|43\n|\n|t:|1700968588\n|move|p2a: Manaphy|Tail Glow|p2a: Manaphy\n|-boost|p2a: Manaphy|spa|3\n|move|p1a: Slowking|Teleport|p1a: Slowking\n|\n|t:|1700968591\n|switch|p1a: Serperior|Serperior, M|100\/100|[from] Teleport\n|\n|upkeep\n|turn|44\n|\n|t:|1700968595\n|switch|p2a: Clefable|Clefable, F, shiny, tera:Steel|80\/100\n|move|p1a: Serperior|Leaf Storm|p2a: Clefable\n|-resisted|p2a: Clefable\n|-damage|p2a: Clefable|63\/100\n|-boost|p1a: Serperior|spa|2\n|\n|-heal|p2a: Clefable|69\/100|[from] item: Leftovers\n|upkeep\n|turn|45\n|\n|t:|1700968606\n|switch|p1a: Slowking|Slowking, M|100\/100\n|move|p2a: Clefable|Wish|p2a: Clefable\n|\n|-heal|p2a: Clefable|75\/100|[from] item: Leftovers\n|upkeep\n|turn|46\n|\n|t:|1700968609\n|move|p2a: Clefable|Aromatherapy|p2a: Clefable\n|-activate|p2a: Clefable|move: Aromatherapy\n|-curestatus|p2: Manaphy|par|[msg]\n|move|p1a: Slowking|Thunder Wave|p2a: Clefable|[miss]\n|-miss|p1a: Slowking|p2a: Clefable\n|\n|-heal|p2a: Clefable|100\/100|[from] move: Wish|[wisher] Clefable\n|upkeep\n|turn|47\n|\n|t:|1700968623\n|move|p2a: Clefable|Wish|p2a: Clefable\n|move|p1a: Slowking|Teleport|p1a: Slowking\n|\n|t:|1700968642\n|switch|p1a: Clodsire|Clodsire, F|85\/100|[from] Teleport\n|\n|-heal|p1a: Clodsire|91\/100|[from] item: Leftovers\n|upkeep\n|turn|48\n|\n|t:|1700968657\n|switch|p2a: Manaphy|Manaphy, shiny|47\/100\n|move|p1a: Clodsire|Toxic|p2a: Manaphy\n|-status|p2a: Manaphy|tox\n|\n|-heal|p2a: Manaphy|96\/100 tox|[from] move: Wish|[wisher] Clefable\n|-heal|p1a: Clodsire|98\/100|[from] item: Leftovers\n|-damage|p2a: Manaphy|89\/100 tox|[from] psn\n|upkeep\n|turn|49\n|\n|t:|1700968666\n|move|p2a: Manaphy|Surf|p1a: Clodsire\n|-supereffective|p1a: Clodsire\n|-damage|p1a: Clodsire|65\/100\n|move|p1a: Clodsire|Stealth Rock|p2a: Manaphy\n|-sidestart|p2: abbyboob|move: Stealth Rock\n|\n|-heal|p1a: Clodsire|72\/100|[from] item: Leftovers\n|-damage|p2a: Manaphy|77\/100 tox|[from] psn\n|upkeep\n|turn|50\n|\n|t:|1700968672\n|-zpower|p2a: Manaphy\n|move|p2a: Manaphy|Hydro Vortex|p1a: Clodsire|[zeffect]\n|-supereffective|p1a: Clodsire\n|-damage|p1a: Clodsire|6\/100\n|move|p1a: Clodsire|Earthquake|p2a: Manaphy\n|-damage|p2a: Manaphy|53\/100 tox\n|\n|-heal|p1a: Clodsire|12\/100|[from] item: Leftovers\n|-damage|p2a: Manaphy|34\/100 tox|[from] psn\n|upkeep\n|turn|51\n|\n|t:|1700968693\n|switch|p1a: Slowking|Slowking, M|100\/100\n|move|p2a: Manaphy|Psychic|p1a: Slowking\n|-resisted|p1a: Slowking\n|-damage|p1a: Slowking|94\/100\n|\n|-damage|p2a: Manaphy|10\/100 tox|[from] psn\n|upkeep\n|turn|52\n|\n|t:|1700968700\n|move|p2a: Manaphy|Rest|p2a: Manaphy\n|-status|p2a: Manaphy|slp|[from] move: Rest\n|-heal|p2a: Manaphy|100\/100 slp|[silent]\n|move|p1a: Slowking|Teleport|p1a: Slowking\n|\n|t:|1700968703\n|switch|p1a: Clodsire|Clodsire, F|12\/100|[from] Teleport\n|\n|-heal|p1a: Clodsire|18\/100|[from] item: Leftovers\n|upkeep\n|turn|53\n|\n|t:|1700968709\n|cant|p2a: Manaphy|slp\n|move|p1a: Clodsire|Recover|p1a: Clodsire\n|-heal|p1a: Clodsire|68\/100\n|\n|-heal|p1a: Clodsire|74\/100|[from] item: Leftovers\n|upkeep\n|turn|54\n|\n|t:|1700968716\n|switch|p2a: Clefable|Clefable, F, shiny, tera:Steel|100\/100\n|-damage|p2a: Clefable|94\/100|[from] Stealth Rock\n|move|p1a: Clodsire|Earthquake|p2a: Clefable\n|-supereffective|p2a: Clefable\n|-crit|p2a: Clefable\n|-damage|p2a: Clefable|18\/100\n|\n|-heal|p2a: Clefable|24\/100|[from] item: Leftovers\n|-heal|p1a: Clodsire|81\/100|[from] item: Leftovers\n|upkeep\n|turn|55\n|\n|t:|1700968721\n|move|p2a: Clefable|Protect|p2a: Clefable\n|-singleturn|p2a: Clefable|Protect\n|move|p1a: Clodsire|Earthquake|p2a: Clefable\n|-activate|p2a: Clefable|move: Protect\n|\n|-heal|p2a: Clefable|30\/100|[from] item: Leftovers\n|-heal|p1a: Clodsire|87\/100|[from] item: Leftovers\n|upkeep\n|turn|56\n|\n|t:|1700968725\n|switch|p2a: Greninja|Greninja, F|100\/100\n|-damage|p2a: Greninja|88\/100|[from] Stealth Rock\n|move|p1a: Clodsire|Earthquake|p2a: Greninja\n|-damage|p2a: Greninja|36\/100\n|\n|-heal|p1a: Clodsire|93\/100|[from] item: Leftovers\n|upkeep\n|turn|57\n|\n|t:|1700968729\n|move|p2a: Greninja|Ice Beam|p1a: Clodsire\n|-start|p2a: Greninja|typechange|Ice|[from] ability: Protean\n|-supereffective|p1a: Clodsire\n|-damage|p1a: Clodsire|60\/100\n|move|p1a: Clodsire|Earthquake|p2a: Greninja\n|-damage|p2a: Greninja|0 fnt\n|faint|p2a: Greninja\n|\n|-heal|p1a: Clodsire|67\/100|[from] item: Leftovers\n|upkeep\n|-message|abbyboob forfeited.\n|\n|win|MMQZA10\n|raw|MMQZA10's rating: 1444 &rarr; <strong>1458<\/strong><br \/>(+14 for winning)\n|raw|abbyboob's rating: 1334 &rarr; <strong>1320<\/strong><br \/>(-14 for losing)\n|l|\u2606abbyboob\n","uploadtime":1700968749,"views":5,"p1id":"mmqza10","p2id":"abbyboob","formatid":"gen9nationaldex","rating":1320,"private":0,"password":""}