{"id":"gen9nationaldex-1998342951","p1":"K. Repola","p2":"vlpraca","format":"[Gen 9] National Dex","log":"|html|<div class=\"broadcast-blue\"><strong>[Gen 9] National Dex is currently suspecting Sneasler! For information on how to participate check out the <a href=\"https:\/\/www.smogon.com\/forums\/threads\/sv-national-dex-suspect-8-just-dance.3731534\/\">suspect thread<\/a>.<\/strong><\/div>\n|j|\u2606K. Repola\n|j|\u2606vlpraca\n|t:|1700931659\n|gametype|singles\n|player|p1|K. Repola|gentleman|1419\n|player|p2|vlpraca|266|1396\n|teamsize|p1|6\n|teamsize|p2|6\n|gen|9\n|tier|[Gen 9] National Dex\n|rated|\n|rule|HP Percentage Mod: HP is shown in percentages\n|rule|Endless Battle Clause: Forcing endless battles is banned\n|rule|OHKO Clause: OHKO moves are banned\n|rule|Evasion Clause: Evasion abilities, items, and moves are banned\n|rule|Evasion Abilities Clause: Evasion abilities are banned\n|rule|Evasion Items Clause: Evasion items are banned\n|rule|Evasion Moves Clause: Evasion moves are banned\n|rule|Species Clause: Limit one of each Pok\u00e9mon\n|rule|Sleep Clause Mod: Limit one foe put to sleep\n|clearpoke\n|poke|p1|Koffing, F|\n|poke|p1|Ninjask, M|\n|poke|p1|Glimmora, F|\n|poke|p1|Toxapex, M|\n|poke|p1|Gliscor, M|\n|poke|p1|Blissey, F|\n|poke|p2|Togekiss, M|\n|poke|p2|Ferrothorn, F|\n|poke|p2|Slowking, F|\n|poke|p2|Tyranitar, F|\n|poke|p2|Lucario, M|\n|poke|p2|Serperior, F|\n|teampreview\n|c|\u2606K. Repola|greetings\n|\n|t:|1700931668\n|start\n|switch|p1a: \u0160\u00f6k\u00f6|Koffing, F, shiny|100\/100\n|switch|p2a: Slowking|Slowking, F|100\/100\n|-ability|p1a: \u0160\u00f6k\u00f6|Neutralizing Gas\n|turn|1\n|inactive|Battle timer is ON: inactive players will automatically lose when time's up. (requested by vlpraca)\n|\n|t:|1700931674\n|move|p1a: \u0160\u00f6k\u00f6|Toxic|p2a: Slowking\n|-status|p2a: Slowking|tox\n|move|p2a: Slowking|Psychic|p1a: \u0160\u00f6k\u00f6\n|-supereffective|p1a: \u0160\u00f6k\u00f6\n|-damage|p1a: \u0160\u00f6k\u00f6|5\/100\n|\n|-damage|p2a: Slowking|94\/100 tox|[from] psn\n|upkeep\n|turn|2\n|\n|t:|1700931681\n|move|p1a: \u0160\u00f6k\u00f6|Pain Split|p2a: Slowking\n|-sethp|p2a: Slowking|49\/100 tox|[from] move: Pain Split|[silent]\n|-sethp|p1a: \u0160\u00f6k\u00f6|68\/100|[from] move: Pain Split\n|move|p2a: Slowking|Psychic|p1a: \u0160\u00f6k\u00f6\n|-supereffective|p1a: \u0160\u00f6k\u00f6\n|-crit|p1a: \u0160\u00f6k\u00f6\n|-damage|p1a: \u0160\u00f6k\u00f6|0 fnt\n|faint|p1a: \u0160\u00f6k\u00f6\n|-end|p1a: \u0160\u00f6k\u00f6|ability: Neutralizing Gas\n|\n|-heal|p2a: Slowking|55\/100 tox|[from] item: Leftovers\n|-damage|p2a: Slowking|43\/100 tox|[from] psn\n|upkeep\n|\n|t:|1700931691\n|switch|p1a: J\u00f6rri|Ninjask, M|100\/100\n|turn|3\n|\n|t:|1700931694\n|switch|p2a: Ferrothorn|Ferrothorn, F|100\/100\n|move|p1a: J\u00f6rri|U-turn|p2a: Ferrothorn\n|-damage|p2a: Ferrothorn|81\/100\n|-damage|p1a: J\u00f6rri|88\/100|[from] ability: Iron Barbs|[of] p2a: Ferrothorn\n|\n|t:|1700931701\n|switch|p1a: Kimalle|Glimmora, F|100\/100|[from] U-turn\n|\n|-heal|p2a: Ferrothorn|87\/100|[from] item: Leftovers\n|upkeep\n|turn|4\n|\n|t:|1700931705\n|move|p1a: Kimalle|Toxic|p2a: Ferrothorn\n|-status|p2a: Ferrothorn|tox\n|move|p2a: Ferrothorn|Leech Seed|p1a: Kimalle\n|-start|p1a: Kimalle|move: Leech Seed\n|\n|-heal|p2a: Ferrothorn|93\/100 tox|[from] item: Leftovers\n|-damage|p1a: Kimalle|88\/100|[from] Leech Seed|[of] p2a: Ferrothorn\n|-heal|p2a: Ferrothorn|100\/100 tox|[silent]\n|-damage|p2a: Ferrothorn|94\/100 tox|[from] psn\n|upkeep\n|turn|5\n|\n|t:|1700931728\n|switch|p1a: T\u00e4ht\u00f6|Toxapex, M|100\/100\n|switch|p2a: Slowking|Slowking, F|76\/100 tox\n|\n|-heal|p2a: Slowking|82\/100 tox|[from] item: Leftovers\n|-damage|p2a: Slowking|76\/100 tox|[from] psn\n|upkeep\n|turn|6\n|\n|t:|1700931737\n|switch|p1a: Emmi|Blissey, F|100\/100\n|move|p2a: Slowking|Psychic|p1a: Emmi\n|-damage|p1a: Emmi|85\/100\n|\n|-heal|p1a: Emmi|91\/100|[from] item: Leftovers\n|-heal|p2a: Slowking|82\/100 tox|[from] item: Leftovers\n|-damage|p2a: Slowking|70\/100 tox|[from] psn\n|upkeep\n|turn|7\n|\n|t:|1700931746\n|switch|p2a: Serperior|Serperior, F|100\/100\n|move|p1a: Emmi|Teleport|p1a: Emmi\n|\n|t:|1700931769\n|switch|p1a: T\u00e4ht\u00f6|Toxapex, M|100\/100|[from] Teleport\n|\n|upkeep\n|turn|8\n|\n|t:|1700931774\n|move|p2a: Serperior|Substitute|p2a: Serperior\n|-start|p2a: Serperior|Substitute\n|-damage|p2a: Serperior|76\/100\n|move|p1a: T\u00e4ht\u00f6|Poison Jab|p2a: Serperior\n|-supereffective|p2a: Serperior\n|-crit|p2a: Serperior\n|-end|p2a: Serperior|Substitute\n|\n|-heal|p2a: Serperior|82\/100|[from] item: Leftovers\n|upkeep\n|turn|9\n|\n|t:|1700931784\n|switch|p2a: Ferrothorn|Ferrothorn, F|94\/100 tox\n|move|p1a: T\u00e4ht\u00f6|Poison Jab|p2a: Ferrothorn\n|-immune|p2a: Ferrothorn\n|\n|-heal|p2a: Ferrothorn|100\/100 tox|[from] item: Leftovers\n|-damage|p2a: Ferrothorn|94\/100 tox|[from] psn\n|upkeep\n|turn|10\n|\n|t:|1700931793\n|switch|p1a: Emmi|Blissey, F|91\/100\n|move|p2a: Ferrothorn|Stealth Rock|p1a: Emmi\n|-sidestart|p1: K. Repola|move: Stealth Rock\n|\n|-heal|p1a: Emmi|97\/100|[from] item: Leftovers\n|-heal|p2a: Ferrothorn|100\/100 tox|[from] item: Leftovers\n|-damage|p2a: Ferrothorn|88\/100 tox|[from] psn\n|upkeep\n|turn|11\n|\n|t:|1700931800\n|move|p2a: Ferrothorn|Leech Seed|p1a: Emmi\n|-start|p1a: Emmi|move: Leech Seed\n|move|p1a: Emmi|Teleport|p1a: Emmi\n|\n|t:|1700931803\n|switch|p1a: Slepe|Gliscor, M|100\/100|[from] Teleport\n|-damage|p1a: Slepe|88\/100|[from] Stealth Rock\n|\n|-heal|p2a: Ferrothorn|94\/100 tox|[from] item: Leftovers\n|-damage|p2a: Ferrothorn|75\/100 tox|[from] psn\n|-status|p1a: Slepe|tox|[from] item: Toxic Orb\n|upkeep\n|turn|12\n|\n|t:|1700931811\n|move|p1a: Slepe|Defog|p2a: Ferrothorn\n|-unboost|p2a: Ferrothorn|evasion|1\n|-sideend|p1: K. Repola|Stealth Rock|[from] move: Defog|[of] p1a: Slepe\n|move|p2a: Ferrothorn|Leech Seed|p1a: Slepe\n|-start|p1a: Slepe|move: Leech Seed\n|\n|-heal|p2a: Ferrothorn|82\/100 tox|[from] item: Leftovers\n|-damage|p1a: Slepe|76\/100 tox|[from] Leech Seed|[of] p2a: Ferrothorn\n|-heal|p2a: Ferrothorn|94\/100 tox|[silent]\n|-heal|p1a: Slepe|88\/100 tox|[from] ability: Poison Heal\n|-damage|p2a: Ferrothorn|69\/100 tox|[from] psn\n|upkeep\n|turn|13\n|\n|t:|1700931830\n|switch|p1a: Emmi|Blissey, F|97\/100\n|switch|p2a: Serperior|Serperior, F|82\/100\n|\n|-heal|p2a: Serperior|88\/100|[from] item: Leftovers\n|-heal|p1a: Emmi|100\/100|[from] item: Leftovers\n|upkeep\n|turn|14\n|\n|t:|1700931839\n|move|p2a: Serperior|Substitute|p2a: Serperior\n|-start|p2a: Serperior|Substitute\n|-damage|p2a: Serperior|63\/100\n|move|p1a: Emmi|Seismic Toss|p2a: Serperior\n|-end|p2a: Serperior|Substitute\n|\n|-heal|p2a: Serperior|69\/100|[from] item: Leftovers\n|upkeep\n|turn|15\n|\n|t:|1700931850\n|move|p2a: Serperior|Leech Seed|p1a: Emmi\n|-start|p1a: Emmi|move: Leech Seed\n|move|p1a: Emmi|Seismic Toss|p2a: Serperior\n|-damage|p2a: Serperior|41\/100\n|\n|-heal|p2a: Serperior|47\/100|[from] item: Leftovers\n|-damage|p1a: Emmi|88\/100|[from] Leech Seed|[of] p2a: Serperior\n|-heal|p2a: Serperior|73\/100|[silent]\n|upkeep\n|turn|16\n|\n|t:|1700931858\n|move|p2a: Serperior|Substitute|p2a: Serperior\n|-start|p2a: Serperior|Substitute\n|-damage|p2a: Serperior|48\/100\n|move|p1a: Emmi|Teleport|p1a: Emmi\n|\n|t:|1700931866\n|switch|p1a: J\u00f6rri|Ninjask, M|88\/100|[from] Teleport\n|\n|-heal|p2a: Serperior|54\/100|[from] item: Leftovers\n|upkeep\n|turn|17\n|\n|t:|1700931871\n|move|p1a: J\u00f6rri|Dual Wingbeat|p2a: Serperior\n|-supereffective|p2a: Serperior\n|-end|p2a: Serperior|Substitute\n|-supereffective|p2a: Serperior\n|-damage|p2a: Serperior|18\/100\n|-hitcount|p2a: Serperior|2\n|move|p2a: Serperior|Hidden Power|p1a: J\u00f6rri\n|-supereffective|p1a: J\u00f6rri\n|-damage|p1a: J\u00f6rri|0 fnt\n|faint|p1a: J\u00f6rri\n|\n|-heal|p2a: Serperior|25\/100|[from] item: Leftovers\n|upkeep\n|\n|t:|1700931881\n|switch|p1a: Kimalle|Glimmora, F|88\/100\n|turn|18\n|\n|t:|1700931894\n|switch|p2a: Slowking|Slowking, F|100\/100 tox\n|move|p1a: Kimalle|Power Gem|p2a: Slowking\n|-damage|p2a: Slowking|64\/100 tox\n|\n|-heal|p2a: Slowking|71\/100 tox|[from] item: Leftovers\n|-damage|p2a: Slowking|64\/100 tox|[from] psn\n|upkeep\n|turn|19\n|\n|t:|1700931903\n|switch|p1a: Emmi|Blissey, F|88\/100\n|move|p2a: Slowking|Scald|p1a: Emmi\n|-damage|p1a: Emmi|74\/100\n|\n|-heal|p1a: Emmi|80\/100|[from] item: Leftovers\n|-heal|p2a: Slowking|71\/100 tox|[from] item: Leftovers\n|-damage|p2a: Slowking|58\/100 tox|[from] psn\n|upkeep\n|turn|20\n|\n|t:|1700931912\n|switch|p2a: Ferrothorn|Ferrothorn, F|69\/100 tox\n|move|p1a: Emmi|Teleport|p1a: Emmi\n|\n|t:|1700931917\n|switch|p1a: Slepe|Gliscor, M|88\/100 tox|[from] Teleport\n|\n|-heal|p2a: Ferrothorn|75\/100 tox|[from] item: Leftovers\n|-heal|p1a: Slepe|100\/100 tox|[from] ability: Poison Heal\n|-damage|p2a: Ferrothorn|69\/100 tox|[from] psn\n|upkeep\n|turn|21\n|\n|t:|1700931924\n|move|p1a: Slepe|Swords Dance|p1a: Slepe\n|-boost|p1a: Slepe|atk|2\n|move|p2a: Ferrothorn|Leech Seed|p1a: Slepe\n|-start|p1a: Slepe|move: Leech Seed\n|\n|-heal|p2a: Ferrothorn|75\/100 tox|[from] item: Leftovers\n|-damage|p1a: Slepe|88\/100 tox|[from] Leech Seed|[of] p2a: Ferrothorn\n|-heal|p2a: Ferrothorn|88\/100 tox|[silent]\n|-heal|p1a: Slepe|100\/100 tox|[from] ability: Poison Heal\n|-damage|p2a: Ferrothorn|75\/100 tox|[from] psn\n|upkeep\n|turn|22\n|\n|t:|1700931934\n|switch|p2a: Togekiss|Togekiss, M|100\/100\n|move|p1a: Slepe|Swords Dance|p1a: Slepe\n|-boost|p1a: Slepe|atk|2\n|\n|-damage|p1a: Slepe|88\/100 tox|[from] Leech Seed|[of] p2a: Togekiss\n|-heal|p1a: Slepe|100\/100 tox|[from] ability: Poison Heal\n|upkeep\n|turn|23\n|\n|t:|1700931942\n|move|p1a: Slepe|Dual Wingbeat|p2a: Togekiss\n|-damage|p2a: Togekiss|62\/100\n|-damage|p2a: Togekiss|25\/100\n|-hitcount|p2a: Togekiss|2\n|move|p2a: Togekiss|Dazzling Gleam|p1a: Slepe\n|-damage|p1a: Slepe|50\/100 tox\n|\n|-heal|p2a: Togekiss|32\/100|[from] item: Leftovers\n|-damage|p1a: Slepe|38\/100 tox|[from] Leech Seed|[of] p2a: Togekiss\n|-heal|p2a: Togekiss|43\/100|[silent]\n|-heal|p1a: Slepe|50\/100 tox|[from] ability: Poison Heal\n|upkeep\n|turn|24\n|\n|t:|1700931958\n|move|p1a: Slepe|Dual Wingbeat|p2a: Togekiss\n|-damage|p2a: Togekiss|2\/100\n|-damage|p2a: Togekiss|0 fnt\n|faint|p2a: Togekiss\n|-hitcount|p2: Togekiss|2\n|\n|-heal|p1a: Slepe|63\/100 tox|[from] ability: Poison Heal\n|upkeep\n|\n|t:|1700931963\n|switch|p2a: Serperior|Serperior, F|25\/100\n|turn|25\n|\n|t:|1700931972\n|move|p2a: Serperior|Leaf Storm|p1a: Slepe\n|-damage|p1a: Slepe|21\/100 tox\n|-boost|p2a: Serperior|spa|2\n|move|p1a: Slepe|Dual Wingbeat|p2a: Serperior\n|-supereffective|p2a: Serperior\n|-damage|p2a: Serperior|0 fnt\n|faint|p2a: Serperior\n|-hitcount|p2: Serperior|1\n|\n|-heal|p1a: Slepe|34\/100 tox|[from] ability: Poison Heal\n|upkeep\n|\n|t:|1700931975\n|switch|p2a: Lucario|Lucario, M|100\/100\n|turn|26\n|\n|t:|1700931985\n|move|p2a: Lucario|Extreme Speed|p1a: Slepe\n|-damage|p1a: Slepe|12\/100 tox\n|-damage|p2a: Lucario|91\/100|[from] item: Life Orb\n|move|p1a: Slepe|Earthquake|p2a: Lucario\n|-supereffective|p2a: Lucario\n|-damage|p2a: Lucario|0 fnt\n|faint|p2a: Lucario\n|\n|-heal|p1a: Slepe|24\/100 tox|[from] ability: Poison Heal\n|upkeep\n|\n|t:|1700931993\n|switch|p2a: Tyranitar|Tyranitar, F|100\/100\n|-weather|Sandstorm|[from] ability: Sand Stream|[of] p2a: Tyranitar\n|turn|27\n|\n|t:|1700932000\n|switch|p2a: Ferrothorn|Ferrothorn, F|75\/100 tox\n|move|p1a: Slepe|Earthquake|p2a: Ferrothorn\n|-damage|p2a: Ferrothorn|22\/100 tox\n|\n|-weather|Sandstorm|[upkeep]\n|-heal|p2a: Ferrothorn|28\/100 tox|[from] item: Leftovers\n|-damage|p1a: Slepe|12\/100 tox|[from] Leech Seed|[of] p2a: Ferrothorn\n|-heal|p2a: Ferrothorn|40\/100 tox|[silent]\n|-heal|p1a: Slepe|24\/100 tox|[from] ability: Poison Heal\n|-damage|p2a: Ferrothorn|34\/100 tox|[from] psn\n|upkeep\n|turn|28\n|-message|vlpraca forfeited.\n|\n|win|K. Repola\n|raw|K. Repola's rating: 1419 &rarr; <strong>1438<\/strong><br \/>(+19 for winning)\n|raw|vlpraca's rating: 1396 &rarr; <strong>1377<\/strong><br \/>(-19 for losing)\n|l|\u2606vlpraca\n|c|\u2606K. Repola|gg\n","uploadtime":1700932016,"views":12,"p1id":"krepola","p2id":"vlpraca","formatid":"gen9nationaldex","rating":1377,"private":0,"password":""}