{"id":"gen9nationaldex-1995442607","p1":"Vvbttij","p2":"LcsDragon","format":"[Gen 9] National Dex","log":"|html|<div class=\"broadcast-blue\"><strong>[Gen 9] National Dex is currently suspecting Sneasler! For information on how to participate check out the <a href=\"https:\/\/www.smogon.com\/forums\/threads\/sv-national-dex-suspect-8-just-dance.3731534\/\">suspect thread<\/a>.<\/strong><\/div>\n|j|\u2606Vvbttij\n|j|\u2606LcsDragon\n|t:|1700571313\n|gametype|singles\n|player|p1|Vvbttij|red|1052\n|player|p2|LcsDragon|flint|1079\n|teamsize|p1|6\n|teamsize|p2|6\n|gen|9\n|tier|[Gen 9] National Dex\n|rated|\n|rule|HP Percentage Mod: HP is shown in percentages\n|rule|Endless Battle Clause: Forcing endless battles is banned\n|rule|OHKO Clause: OHKO moves are banned\n|rule|Evasion Clause: Evasion abilities, items, and moves are banned\n|rule|Evasion Abilities Clause: Evasion abilities are banned\n|rule|Evasion Items Clause: Evasion items are banned\n|rule|Evasion Moves Clause: Evasion moves are banned\n|rule|Species Clause: Limit one of each Pok\u00e9mon\n|rule|Sleep Clause Mod: Limit one foe put to sleep\n|clearpoke\n|poke|p1|Charizard, M|\n|poke|p1|Blastoise, F|\n|poke|p1|Venusaur, F|\n|poke|p1|Snorlax, F|\n|poke|p1|Lapras, F|\n|poke|p1|Pikachu, F|\n|poke|p2|Infernape, M|\n|poke|p2|Ceruledge, M|\n|poke|p2|Magcargo, M|\n|poke|p2|Camerupt, M|\n|poke|p2|Rotom-Heat|\n|poke|p2|Incineroar, M|\n|teampreview\n|\n|t:|1700571325\n|start\n|switch|p1a: Charizard|Charizard, M|100\/100\n|switch|p2a: Arno|Rotom-Heat|100\/100\n|turn|1\n|inactive|Battle timer is ON: inactive players will automatically lose when time's up. (requested by LcsDragon)\n|\n|t:|1700571333\n|-terastallize|p1a: Charizard|Ground\n|move|p1a: Charizard|Belly Drum|p1a: Charizard\n|-damage|p1a: Charizard|50\/100\n|-setboost|p1a: Charizard|atk|6|[from] move: Belly Drum\n|move|p2a: Arno|Light Screen|p2a: Arno\n|-sidestart|p2: LcsDragon|move: Light Screen\n|\n|upkeep\n|turn|2\n|\n|t:|1700571345\n|move|p1a: Charizard|Dual Wingbeat|p2a: Arno\n|-resisted|p2a: Arno\n|-damage|p2a: Arno|69\/100\n|-resisted|p2a: Arno\n|-damage|p2a: Arno|34\/100\n|-hitcount|p2a: Arno|2\n|move|p2a: Arno|Reflect|p2a: Arno\n|-sidestart|p2: LcsDragon|Reflect\n|\n|upkeep\n|turn|3\n|\n|t:|1700571362\n|switch|p2a: Akainu|Magcargo, M|100\/100\n|move|p1a: Charizard|Dual Wingbeat|p2a: Akainu\n|-resisted|p2a: Akainu\n|-damage|p2a: Akainu|82\/100\n|-resisted|p2a: Akainu\n|-damage|p2a: Akainu|66\/100\n|-hitcount|p2a: Akainu|2\n|\n|upkeep\n|turn|4\n|\n|t:|1700571373\n|move|p1a: Charizard|Dual Wingbeat|p2a: Akainu\n|-resisted|p2a: Akainu\n|-damage|p2a: Akainu|48\/100\n|-resisted|p2a: Akainu\n|-damage|p2a: Akainu|31\/100\n|-hitcount|p2a: Akainu|2\n|move|p2a: Akainu|Shell Smash|p2a: Akainu\n|-unboost|p2a: Akainu|def|1\n|-unboost|p2a: Akainu|spd|1\n|-boost|p2a: Akainu|atk|2\n|-boost|p2a: Akainu|spa|2\n|-boost|p2a: Akainu|spe|2\n|-enditem|p2a: Akainu|White Herb\n|-clearnegativeboost|p2a: Akainu|[silent]\n|\n|upkeep\n|turn|5\n|\n|t:|1700571388\n|move|p1a: Charizard|Dual Wingbeat|p2a: Akainu\n|-resisted|p2a: Akainu\n|-damage|p2a: Akainu|15\/100\n|-resisted|p2a: Akainu\n|-crit|p2a: Akainu\n|-damage|p2a: Akainu|0 fnt\n|faint|p2a: Akainu\n|-hitcount|p2: Akainu|2\n|\n|upkeep\n|\n|t:|1700571404\n|switch|p2a: Gon|Infernape, M|100\/100\n|turn|6\n|\n|t:|1700571408\n|move|p2a: Gon|Close Combat|p1a: Charizard\n|-damage|p1a: Charizard|0 fnt\n|-unboost|p2a: Gon|def|1\n|-unboost|p2a: Gon|spd|1\n|faint|p1a: Charizard\n|\n|upkeep\n|\n|t:|1700571412\n|switch|p1a: Blastoise|Blastoise, F|100\/100\n|turn|7\n|\n|t:|1700571417\n|move|p2a: Gon|Thunder Punch|p1a: Blastoise\n|-supereffective|p1a: Blastoise\n|-damage|p1a: Blastoise|41\/100\n|move|p1a: Blastoise|Shell Smash|p1a: Blastoise\n|-unboost|p1a: Blastoise|def|1\n|-unboost|p1a: Blastoise|spd|1\n|-boost|p1a: Blastoise|atk|2\n|-boost|p1a: Blastoise|spa|2\n|-boost|p1a: Blastoise|spe|2\n|\n|upkeep\n|turn|8\n|\n|t:|1700571426\n|move|p1a: Blastoise|Scald|p2a: Gon\n|-supereffective|p2a: Gon\n|-enditem|p2a: Gon|Focus Sash\n|-damage|p2a: Gon|1\/100\n|move|p2a: Gon|Thunder Punch|p1a: Blastoise\n|-supereffective|p1a: Blastoise\n|-damage|p1a: Blastoise|0 fnt\n|faint|p1a: Blastoise\n|\n|-sideend|p2: LcsDragon|move: Light Screen\n|upkeep\n|\n|t:|1700571433\n|switch|p1a: Pikachu|Pikachu, F|100\/100\n|turn|9\n|\n|t:|1700571447\n|switch|p2a: Tigr\u00e3o|Incineroar, M|100\/100\n|-ability|p2a: Tigr\u00e3o|Intimidate|boost\n|-unboost|p1a: Pikachu|atk|1\n|move|p1a: Pikachu|Endure||[still]\n|-fail|p1a: Pikachu\n|\n|-sideend|p2: LcsDragon|Reflect\n|upkeep\n|turn|10\n|\n|t:|1700571456\n|move|p1a: Pikachu|Nuzzle|p2a: Tigr\u00e3o\n|-damage|p2a: Tigr\u00e3o|97\/100\n|-status|p2a: Tigr\u00e3o|par\n|move|p2a: Tigr\u00e3o|Knock Off|p1a: Pikachu\n|-damage|p1a: Pikachu|0 fnt\n|-enditem|p1a: Pikachu|Salac Berry|[from] move: Knock Off|[of] p2a: Tigr\u00e3o\n|faint|p1a: Pikachu\n|\n|upkeep\n|\n|t:|1700571459\n|switch|p1a: Lapras|Lapras, F|100\/100\n|turn|11\n|\n|t:|1700571470\n|move|p1a: Lapras|Dragon Dance|p1a: Lapras\n|-boost|p1a: Lapras|atk|1\n|-boost|p1a: Lapras|spe|1\n|cant|p2a: Tigr\u00e3o|par\n|\n|upkeep\n|turn|12\n|\n|t:|1700571477\n|move|p1a: Lapras|Waterfall|p2a: Tigr\u00e3o\n|-supereffective|p2a: Tigr\u00e3o\n|-damage|p2a: Tigr\u00e3o|0 fnt\n|faint|p2a: Tigr\u00e3o\n|\n|upkeep\n|\n|t:|1700571483\n|switch|p2a: Gon|Infernape, M|1\/100\n|turn|13\n|\n|t:|1700571486\n|move|p2a: Gon|Mach Punch|p1a: Lapras\n|-supereffective|p1a: Lapras\n|-damage|p1a: Lapras|54\/100\n|move|p1a: Lapras|Ice Shard|p2a: Gon\n|-resisted|p2a: Gon\n|-damage|p2a: Gon|0 fnt\n|faint|p2a: Gon\n|\n|upkeep\n|\n|t:|1700571494\n|switch|p2a: Arno|Rotom-Heat|34\/100\n|turn|14\n|\n|t:|1700571499\n|move|p1a: Lapras|Waterfall|p2a: Arno\n|-supereffective|p2a: Arno\n|-damage|p2a: Arno|0 fnt\n|faint|p2a: Arno\n|\n|upkeep\n|\n|t:|1700571514\n|switch|p2a: Aho Ushi|Camerupt, M|100\/100\n|turn|15\n|\n|t:|1700571521\n|-terastallize|p2a: Aho Ushi|Fire\n|move|p1a: Lapras|Waterfall|p2a: Aho Ushi\n|-supereffective|p2a: Aho Ushi\n|-damage|p2a: Aho Ushi|0 fnt\n|faint|p2a: Aho Ushi\n|\n|upkeep\n|\n|t:|1700571528\n|switch|p2a: Killer|Ceruledge, M|100\/100\n|turn|16\n|\n|t:|1700571557\n|move|p2a: Killer|Shadow Sneak|p1a: Lapras\n|-damage|p1a: Lapras|33\/100\n|move|p1a: Lapras|Waterfall|p2a: Killer\n|-supereffective|p2a: Killer\n|-damage|p2a: Killer|0 fnt\n|faint|p2a: Killer\n|\n|win|Vvbttij\n|raw|Vvbttij's rating: 1052 &rarr; <strong>1087<\/strong><br \/>(+35 for winning)\n|raw|LcsDragon's rating: 1079 &rarr; <strong>1055<\/strong><br \/>(-24 for losing)\n|c|\u2606Vvbttij|Gg\n|l|\u2606LcsDragon\n","uploadtime":1700571566,"views":0,"p1id":"vvbttij","p2id":"lcsdragon","formatid":"gen9nationaldex","rating":1055,"private":0,"password":""}