{"id":"gen9nationaldex-1993373131","p1":"Angryjoejoe4","p2":"shiyvee","format":"[Gen 9] National Dex","log":"|j|\u2606Angryjoejoe4\n|j|\u2606shiyvee\n|t:|1700308080\n|gametype|singles\n|player|p1|Angryjoejoe4|elesa|1210\n|player|p2|shiyvee|wallace|1334\n|teamsize|p1|6\n|teamsize|p2|6\n|gen|9\n|tier|[Gen 9] National Dex\n|rated|\n|rule|HP Percentage Mod: HP is shown in percentages\n|rule|Endless Battle Clause: Forcing endless battles is banned\n|rule|OHKO Clause: OHKO moves are banned\n|rule|Evasion Clause: Evasion abilities, items, and moves are banned\n|rule|Evasion Abilities Clause: Evasion abilities are banned\n|rule|Evasion Items Clause: Evasion items are banned\n|rule|Evasion Moves Clause: Evasion moves are banned\n|rule|Species Clause: Limit one of each Pok\u00e9mon\n|rule|Sleep Clause Mod: Limit one foe put to sleep\n|clearpoke\n|poke|p1|Tapu Lele|\n|poke|p1|Sneasler, F|\n|poke|p1|Alomomola, M|\n|poke|p1|Magnezone|\n|poke|p1|Landorus-Therian, M|\n|poke|p1|Umbreon, M|\n|poke|p2|Garchomp, M|\n|poke|p2|Slowbro, M|\n|poke|p2|Zapdos|\n|poke|p2|Urshifu-*, F|\n|poke|p2|Chansey, F|\n|poke|p2|Arcanine, F|\n|teampreview\n|inactive|Battle timer is ON: inactive players will automatically lose when time's up. (requested by shiyvee)\n|\n|t:|1700308092\n|start\n|switch|p1a: Tapu Lele|Tapu Lele|100\/100\n|switch|p2a: Garchomp|Garchomp, M|100\/100\n|-fieldstart|move: Psychic Terrain|[from] ability: Psychic Surge|[of] p1a: Tapu Lele\n|turn|1\n|\n|t:|1700308118\n|switch|p2a: Slowbro|Slowbro, M|100\/100\n|move|p1a: Tapu Lele|Psychic|p2a: Slowbro\n|-resisted|p2a: Slowbro\n|-damage|p2a: Slowbro|49\/100\n|\n|upkeep\n|turn|2\n|\n|t:|1700308129\n|move|p1a: Tapu Lele|Psychic|p2a: Slowbro\n|-resisted|p2a: Slowbro\n|-damage|p2a: Slowbro|0 fnt\n|faint|p2a: Slowbro\n|\n|upkeep\n|inactive|shiyvee has 120 seconds left.\n|\n|t:|1700308141\n|switch|p2a: Chansey|Chansey, F|100\/100\n|turn|3\n|\n|t:|1700308165\n|switch|p1a: Alomomola|Alomomola, M|100\/100\n|move|p2a: Chansey|Stealth Rock|p1a: Alomomola\n|-sidestart|p1: Angryjoejoe4|move: Stealth Rock\n|\n|upkeep\n|turn|4\n|\n|t:|1700308168\n|move|p1a: Alomomola|Flip Turn|p2a: Chansey\n|-damage|p2a: Chansey|90\/100\n|\n|t:|1700308172\n|switch|p1a: Tapu Lele|Tapu Lele|100\/100|[from] Flip Turn\n|-damage|p1a: Tapu Lele|88\/100|[from] Stealth Rock\n|move|p2a: Chansey|Teleport|p2a: Chansey\n|\n|t:|1700308179\n|switch|p2a: Urshifu|Urshifu-Rapid-Strike, F|100\/100|[from] Teleport\n|\n|upkeep\n|turn|5\n|\n|t:|1700308187\n|switch|p1a: Alomomola|Alomomola, M|100\/100\n|-damage|p1a: Alomomola|88\/100|[from] Stealth Rock\n|move|p2a: Urshifu|U-turn|p1a: Alomomola\n|-damage|p1a: Alomomola|73\/100\n|-damage|p2a: Urshifu|84\/100|[from] item: Rocky Helmet|[of] p1a: Alomomola\n|\n|t:|1700308191\n|switch|p2a: Garchomp|Garchomp, M|100\/100|[from] U-turn\n|\n|-fieldend|move: Psychic Terrain\n|upkeep\n|turn|6\n|\n|t:|1700308218\n|detailschange|p2a: Garchomp|Garchomp-Mega, M\n|-mega|p2a: Garchomp|Garchomp|Garchompite\n|move|p2a: Garchomp|Draco Meteor|p1a: Alomomola\n|-damage|p1a: Alomomola|10\/100\n|-unboost|p2a: Garchomp|spa|2\n|move|p1a: Alomomola|Scald|p2a: Garchomp\n|-damage|p2a: Garchomp|86\/100\n|\n|upkeep\n|turn|7\n|\n|t:|1700308229\n|switch|p1a: Magnezone|Magnezone|100\/100\n|-damage|p1a: Magnezone|94\/100|[from] Stealth Rock\n|move|p2a: Garchomp|Earthquake|p1a: Magnezone\n|-supereffective|p1a: Magnezone\n|-damage|p1a: Magnezone|0 fnt\n|faint|p1a: Magnezone\n|\n|upkeep\n|c|\u2606Angryjoejoe4|Damn\n|inactive|Angryjoejoe4 has 120 seconds left.\n|\n|t:|1700308252\n|switch|p1a: Landorus|Landorus-Therian, M|100\/100\n|-damage|p1a: Landorus|88\/100|[from] Stealth Rock\n|-ability|p1a: Landorus|Intimidate|boost\n|-unboost|p2a: Garchomp|atk|1\n|turn|8\n|\n|t:|1700308257\n|move|p2a: Garchomp|Hidden Power|p1a: Landorus\n|-supereffective|p1a: Landorus\n|-damage|p1a: Landorus|40\/100\n|move|p1a: Landorus|Defog|p2a: Garchomp\n|-unboost|p2a: Garchomp|evasion|1\n|-sideend|p1: Angryjoejoe4|Stealth Rock|[from] move: Defog|[of] p1a: Landorus\n|\n|upkeep\n|turn|9\n|inactive|Angryjoejoe4 has 120 seconds left.\n|\n|t:|1700308270\n|switch|p1a: Umbreon|Umbreon, M|100\/100\n|move|p2a: Garchomp|Earthquake|p1a: Umbreon\n|-damage|p1a: Umbreon|71\/100\n|\n|-heal|p1a: Umbreon|77\/100|[from] item: Leftovers\n|upkeep\n|turn|10\n|inactive|Angryjoejoe4 has 120 seconds left.\n|\n|t:|1700308280\n|switch|p2a: Chansey|Chansey, F|90\/100\n|move|p1a: Umbreon|Yawn|p2a: Chansey\n|-start|p2a: Chansey|move: Yawn|[of] p1a: Umbreon\n|\n|-heal|p1a: Umbreon|83\/100|[from] item: Leftovers\n|upkeep\n|turn|11\n|inactive|Angryjoejoe4 has 120 seconds left.\n|\n|t:|1700308296\n|switch|p1a: Alomomola|Alomomola, M|44\/100\n|move|p2a: Chansey|Teleport|p2a: Chansey\n|\n|t:|1700308304\n|switch|p2a: Garchomp|Garchomp-Mega, M|86\/100|[from] Teleport\n|\n|upkeep\n|turn|12\n|\n|t:|1700308315\n|switch|p1a: Umbreon|Umbreon, M|83\/100\n|move|p2a: Garchomp|Earthquake|p1a: Umbreon\n|-damage|p1a: Umbreon|41\/100\n|\n|-heal|p1a: Umbreon|47\/100|[from] item: Leftovers\n|upkeep\n|turn|13\n|inactive|Angryjoejoe4 has 120 seconds left.\n|\n|t:|1700308335\n|move|p2a: Garchomp|Draco Meteor|p1a: Umbreon\n|-damage|p1a: Umbreon|12\/100\n|-unboost|p2a: Garchomp|spa|2\n|move|p1a: Umbreon|Yawn|p2a: Garchomp\n|-start|p2a: Garchomp|move: Yawn|[of] p1a: Umbreon\n|\n|-heal|p1a: Umbreon|18\/100|[from] item: Leftovers\n|upkeep\n|turn|14\n|inactive|Angryjoejoe4 has 120 seconds left.\n|\n|t:|1700308348\n|switch|p1a: Tapu Lele|Tapu Lele|88\/100\n|-fieldstart|move: Psychic Terrain|[from] ability: Psychic Surge|[of] p1a: Tapu Lele\n|move|p2a: Garchomp|Earthquake|p1a: Tapu Lele\n|-damage|p1a: Tapu Lele|0 fnt\n|faint|p1a: Tapu Lele\n|\n|-end|p2a: Garchomp|move: Yawn|[silent]\n|-status|p2a: Garchomp|slp\n|upkeep\n|inactive|Angryjoejoe4 has 120 seconds left.\n|\n|t:|1700308355\n|switch|p1a: Sneasler|Sneasler, F|100\/100\n|-enditem|p1a: Sneasler|Psychic Seed\n|-boost|p1a: Sneasler|spd|1|[from] item: Psychic Seed\n|turn|15\n|\n|t:|1700308364\n|switch|p2a: Zapdos|Zapdos|100\/100\n|move|p1a: Sneasler|Swords Dance|p1a: Sneasler\n|-boost|p1a: Sneasler|atk|2\n|\n|upkeep\n|turn|16\n|\n|t:|1700308378\n|-terastallize|p1a: Sneasler|Flying\n|move|p1a: Sneasler|Acrobatics|p2a: Zapdos\n|-resisted|p2a: Zapdos\n|-damage|p2a: Zapdos|54\/100\n|move|p2a: Zapdos|Volt Switch|p1a: Sneasler\n|-supereffective|p1a: Sneasler\n|-damage|p1a: Sneasler|42\/100\n|\n|t:|1700308403\n|switch|p2a: Garchomp|Garchomp-Mega, M|86\/100 slp|[from] Volt Switch\n|\n|upkeep\n|turn|17\n|inactive|shiyvee has 120 seconds left.\n|\n|t:|1700308423\n|switch|p2a: Chansey|Chansey, F|90\/100\n|move|p1a: Sneasler|Swords Dance|p1a: Sneasler\n|-boost|p1a: Sneasler|atk|2\n|\n|upkeep\n|turn|18\n|\n|t:|1700308431\n|-terastallize|p2a: Chansey|Ghost\n|move|p1a: Sneasler|Close Combat|p2a: Chansey\n|-immune|p2a: Chansey\n|move|p2a: Chansey|Teleport|p2a: Chansey\n|\n|t:|1700308435\n|switch|p2a: Arcanine|Arcanine, F|100\/100|[from] Teleport\n|-ability|p2a: Arcanine|Intimidate|boost\n|-unboost|p1a: Sneasler|atk|1\n|\n|-fieldend|move: Psychic Terrain\n|upkeep\n|turn|19\n|\n|t:|1700308446\n|move|p2a: Arcanine|Extreme Speed|p1a: Sneasler\n|-damage|p1a: Sneasler|0 fnt\n|faint|p1a: Sneasler\n|\n|upkeep\n|-message|Angryjoejoe4 forfeited.\n|\n|win|shiyvee\n|raw|Angryjoejoe4's rating: 1210 &rarr; <strong>1194<\/strong><br \/>(-16 for losing)\n|raw|shiyvee's rating: 1334 &rarr; <strong>1347<\/strong><br \/>(+13 for winning)\n|l|\u2606Angryjoejoe4\n","uploadtime":1700308467,"views":6,"p1id":"angryjoejoe4","p2id":"shiyvee","formatid":"gen9nationaldex","rating":1194,"private":0,"password":""}