{"id":"gen9nationaldex-1989039260","p1":"Ricardo2221","p2":"Rubile17","format":"[Gen 9] National Dex","log":"|j|\u2606Ricardo2221\n|j|\u2606Rubile17\n|t:|1699805330\n|gametype|singles\n|player|p1|Ricardo2221|benga|\n|player|p2|Rubile17|silver|\n|teamsize|p1|6\n|teamsize|p2|6\n|gen|9\n|tier|[Gen 9] National Dex\n|rule|HP Percentage Mod: HP is shown in percentages\n|rule|Endless Battle Clause: Forcing endless battles is banned\n|rule|OHKO Clause: OHKO moves are banned\n|rule|Evasion Clause: Evasion abilities, items, and moves are banned\n|rule|Evasion Abilities Clause: Evasion abilities are banned\n|rule|Evasion Items Clause: Evasion items are banned\n|rule|Evasion Moves Clause: Evasion moves are banned\n|rule|Species Clause: Limit one of each Pok\u00e9mon\n|rule|Sleep Clause Mod: Limit one foe put to sleep\n|clearpoke\n|poke|p1|Pinsir, M|\n|poke|p1|Golisopod, M|\n|poke|p1|Scizor, M|\n|poke|p1|Masquerain, F|\n|poke|p1|Araquanid, M|\n|poke|p1|Vikavolt, F|\n|poke|p2|Feraligatr, F|\n|poke|p2|Crobat, M|\n|poke|p2|Umbreon, M|\n|poke|p2|Gengar, F|\n|poke|p2|Scizor, F|\n|poke|p2|Entei|\n|teampreview\n|inactive|Battle timer is ON: inactive players will automatically lose when time's up. (requested by Ricardo2221)\n|\n|t:|1699805347\n|start\n|switch|p1a: Araquanid|Araquanid, M|100\/100\n|switch|p2a: Scizor|Scizor, F|100\/100\n|turn|1\n|\n|t:|1699805358\n|move|p2a: Scizor|U-turn|p1a: Araquanid\n|-damage|p1a: Araquanid|64\/100\n|\n|t:|1699805363\n|switch|p2a: Gengar|Gengar, F|100\/100|[from] U-turn\n|move|p1a: Araquanid|Sticky Web|p2a: Gengar\n|-sidestart|p2: Rubile17|move: Sticky Web\n|\n|-heal|p1a: Araquanid|70\/100|[from] item: Leftovers\n|upkeep\n|turn|2\n|\n|t:|1699805373\n|-terastallize|p2a: Gengar|Ghost\n|move|p2a: Gengar|Shadow Ball|p1a: Araquanid\n|-damage|p1a: Araquanid|40\/100\n|move|p1a: Araquanid|Liquidation|p2a: Gengar\n|-damage|p2a: Gengar|17\/100\n|\n|-heal|p1a: Araquanid|46\/100|[from] item: Leftovers\n|upkeep\n|turn|3\n|\n|t:|1699805385\n|move|p2a: Gengar|Shadow Ball|p1a: Araquanid\n|-damage|p1a: Araquanid|15\/100\n|move|p1a: Araquanid|Liquidation|p2a: Gengar\n|-damage|p2a: Gengar|0 fnt\n|faint|p2a: Gengar\n|\n|-heal|p1a: Araquanid|21\/100|[from] item: Leftovers\n|upkeep\n|\n|t:|1699805396\n|switch|p2a: Scizor|Scizor, F|100\/100\n|-activate|p2a: Scizor|move: Sticky Web\n|-unboost|p2a: Scizor|spe|1\n|turn|4\n|\n|t:|1699805407\n|detailschange|p2a: Scizor|Scizor-Mega, F\n|-mega|p2a: Scizor|Scizor|Scizorite\n|move|p2a: Scizor|U-turn|p1a: Araquanid\n|-crit|p1a: Araquanid\n|-damage|p1a: Araquanid|0 fnt\n|faint|p1a: Araquanid\n|\n|t:|1699805416\n|switch|p2a: Entei|Entei|100\/100|[from] U-turn\n|-activate|p2a: Entei|move: Sticky Web\n|-unboost|p2a: Entei|spe|1\n|-ability|p2a: Entei|Pressure\n|\n|upkeep\n|\n|t:|1699805428\n|switch|p1a: Golisopod|Golisopod, M|100\/100\n|turn|5\n|\n|t:|1699805437\n|switch|p2a: Crobat|Crobat, M|100\/100\n|move|p1a: Golisopod|Liquidation|p2a: Crobat\n|-damage|p2a: Crobat|42\/100\n|\n|upkeep\n|turn|6\n|\n|t:|1699805450\n|switch|p1a: Scizor|Scizor, M|100\/100\n|move|p2a: Crobat|Acrobatics|p1a: Scizor\n|-damage|p1a: Scizor|53\/100\n|\n|upkeep\n|turn|7\n|\n|t:|1699805461\n|move|p1a: Scizor|Bullet Punch|p2a: Crobat\n|-damage|p2a: Crobat|0 fnt\n|faint|p2a: Crobat\n|-damage|p1a: Scizor|43\/100|[from] item: Life Orb\n|\n|upkeep\n|\n|t:|1699805469\n|switch|p2a: Umbreon|Umbreon, M|100\/100\n|-activate|p2a: Umbreon|move: Sticky Web\n|-unboost|p2a: Umbreon|spe|1\n|turn|8\n|\n|t:|1699805484\n|move|p2a: Umbreon|Protect|p2a: Umbreon\n|-singleturn|p2a: Umbreon|Protect\n|move|p1a: Scizor|Bullet Punch|p2a: Umbreon\n|-activate|p2a: Umbreon|move: Protect\n|\n|upkeep\n|turn|9\n|\n|t:|1699805491\n|move|p1a: Scizor|Roost|p1a: Scizor\n|-heal|p1a: Scizor|93\/100\n|-singleturn|p1a: Scizor|move: Roost\n|move|p2a: Umbreon|Toxic|p1a: Scizor\n|-immune|p1a: Scizor\n|\n|upkeep\n|turn|10\n|l|\u2606Rubile17\n|inactive|Rubile17 disconnected and has 300 seconds to reconnect!\n|player|p2|\n|j|\u2606Rubile17\n|inactive|Rubile17 reconnected and has 300 seconds left.\n|player|p2|Rubile17|silver\n|\n|t:|1699805505\n|move|p2a: Umbreon|Protect|p2a: Umbreon\n|-singleturn|p2a: Umbreon|Protect\n|move|p1a: Scizor|Swords Dance|p1a: Scizor\n|-boost|p1a: Scizor|atk|2\n|\n|upkeep\n|turn|11\n|\n|t:|1699805512\n|move|p1a: Scizor|Bullet Punch|p2a: Umbreon\n|-damage|p2a: Umbreon|24\/100\n|-damage|p1a: Scizor|83\/100|[from] item: Life Orb\n|move|p2a: Umbreon|Wish|p2a: Umbreon\n|\n|-heal|p2a: Umbreon|30\/100|[from] item: Leftovers\n|upkeep\n|turn|12\n|\n|t:|1699805520\n|move|p2a: Umbreon|Protect|p2a: Umbreon\n|-singleturn|p2a: Umbreon|Protect\n|move|p1a: Scizor|Bullet Punch|p2a: Umbreon\n|-activate|p2a: Umbreon|move: Protect\n|\n|-heal|p2a: Umbreon|80\/100|[from] move: Wish|[wisher] Umbreon\n|-heal|p2a: Umbreon|86\/100|[from] item: Leftovers\n|upkeep\n|turn|13\n|\n|t:|1699805539\n|move|p1a: Scizor|Bullet Punch|p2a: Umbreon\n|-damage|p2a: Umbreon|16\/100\n|-damage|p1a: Scizor|73\/100|[from] item: Life Orb\n|move|p2a: Umbreon|Payback|p1a: Scizor\n|-damage|p1a: Scizor|48\/100\n|\n|-heal|p2a: Umbreon|22\/100|[from] item: Leftovers\n|upkeep\n|turn|14\n|\n|t:|1699805550\n|move|p1a: Scizor|Roost|p1a: Scizor\n|-heal|p1a: Scizor|98\/100\n|-singleturn|p1a: Scizor|move: Roost\n|move|p2a: Umbreon|Wish|p2a: Umbreon\n|\n|-heal|p2a: Umbreon|28\/100|[from] item: Leftovers\n|upkeep\n|turn|15\n|\n|t:|1699805557\n|move|p2a: Umbreon|Protect|p2a: Umbreon\n|-singleturn|p2a: Umbreon|Protect\n|move|p1a: Scizor|Swords Dance|p1a: Scizor\n|-boost|p1a: Scizor|atk|2\n|\n|-heal|p2a: Umbreon|78\/100|[from] move: Wish|[wisher] Umbreon\n|-heal|p2a: Umbreon|84\/100|[from] item: Leftovers\n|upkeep\n|turn|16\n|\n|t:|1699805567\n|move|p1a: Scizor|Bullet Punch|p2a: Umbreon\n|-damage|p2a: Umbreon|0 fnt\n|faint|p2a: Umbreon\n|-damage|p1a: Scizor|88\/100|[from] item: Life Orb\n|\n|upkeep\n|\n|t:|1699805574\n|switch|p2a: Entei|Entei|100\/100\n|-activate|p2a: Entei|move: Sticky Web\n|-unboost|p2a: Entei|spe|1\n|-ability|p2a: Entei|Pressure\n|turn|17\n|\n|t:|1699805590\n|move|p1a: Scizor|Bullet Punch|p2a: Entei\n|-resisted|p2a: Entei\n|-damage|p2a: Entei|29\/100\n|-damage|p1a: Scizor|78\/100|[from] item: Life Orb\n|move|p2a: Entei|Sacred Fire|p1a: Scizor\n|-supereffective|p1a: Scizor\n|-damage|p1a: Scizor|0 fnt\n|faint|p1a: Scizor\n|\n|upkeep\n|\n|t:|1699805600\n|switch|p1a: Pinsir|Pinsir, M|100\/100\n|turn|18\n|\n|t:|1699805604\n|detailschange|p1a: Pinsir|Pinsir-Mega, M\n|-mega|p1a: Pinsir|Pinsir|Pinsirite\n|move|p1a: Pinsir|Return|p2a: Entei\n|-damage|p2a: Entei|0 fnt\n|faint|p2a: Entei\n|\n|upkeep\n|\n|t:|1699805620\n|switch|p2a: Feraligatr|Feraligatr, F|100\/100\n|-activate|p2a: Feraligatr|move: Sticky Web\n|-unboost|p2a: Feraligatr|spe|1\n|turn|19\n|\n|t:|1699805629\n|move|p1a: Pinsir|Swords Dance|p1a: Pinsir\n|-boost|p1a: Pinsir|atk|2\n|move|p2a: Feraligatr|Dragon Dance|p2a: Feraligatr\n|-boost|p2a: Feraligatr|atk|1\n|-boost|p2a: Feraligatr|spe|1\n|\n|upkeep\n|turn|20\n|\n|t:|1699805654\n|move|p1a: Pinsir|Return|p2a: Feraligatr\n|-damage|p2a: Feraligatr|0 fnt\n|faint|p2a: Feraligatr\n|\n|upkeep\n|\n|t:|1699805659\n|switch|p2a: Scizor|Scizor-Mega, F|100\/100\n|-activate|p2a: Scizor|move: Sticky Web\n|-unboost|p2a: Scizor|spe|1\n|turn|21\n|\n|t:|1699805671\n|move|p2a: Scizor|Bullet Punch|p1a: Pinsir\n|-damage|p1a: Pinsir|64\/100\n|move|p1a: Pinsir|Return|p2a: Scizor\n|-damage|p2a: Scizor|0 fnt\n|faint|p2a: Scizor\n|\n|win|Ricardo2221\n","uploadtime":1699805674,"views":5,"p1id":"ricardo2221","p2id":"rubile17","formatid":"gen9nationaldex","rating":0,"private":0,"password":""}