{"id":"gen9nationaldex-1998998937","p1":"untrue_reality","p2":"ghostkinggengar","format":"[Gen 9] National Dex","log":"|html|<div class=\"broadcast-blue\"><strong>[Gen 9] National Dex is currently suspecting Sneasler! For information on how to participate check out the <a href=\"https:\/\/www.smogon.com\/forums\/threads\/sv-national-dex-suspect-8-just-dance.3731534\/\">suspect thread<\/a>.<\/strong><\/div>\n|j|\u2606untrue_reality\n|j|\u2606ghostkinggengar\n|t:|1701022336\n|gametype|singles\n|player|p1|untrue_reality|266|1666\n|player|p2|ghostkinggengar|swimmerf|1691\n|teamsize|p1|6\n|teamsize|p2|6\n|gen|9\n|tier|[Gen 9] National Dex\n|rated|\n|rule|HP Percentage Mod: HP is shown in percentages\n|rule|Endless Battle Clause: Forcing endless battles is banned\n|rule|OHKO Clause: OHKO moves are banned\n|rule|Evasion Clause: Evasion abilities, items, and moves are banned\n|rule|Evasion Abilities Clause: Evasion abilities are banned\n|rule|Evasion Items Clause: Evasion items are banned\n|rule|Evasion Moves Clause: Evasion moves are banned\n|rule|Species Clause: Limit one of each Pok\u00e9mon\n|rule|Sleep Clause Mod: Limit one foe put to sleep\n|clearpoke\n|poke|p1|Blissey, F|\n|poke|p1|Clodsire, M|\n|poke|p1|Skeledirge, M|\n|poke|p1|Cresselia, F|\n|poke|p1|Dondozo, F|\n|poke|p1|Corviknight, F|\n|poke|p2|Slowbro, F|\n|poke|p2|Ursaluna, F|\n|poke|p2|Blacephalon|\n|poke|p2|Garchomp, M|\n|poke|p2|Goodra-Hisui, M|\n|poke|p2|Moltres|\n|teampreview\n|inactive|Battle timer is ON: inactive players will automatically lose when time's up. (requested by ghostkinggengar)\n|c|\u2606untrue_reality|everything but that stupid bear omg\n|\n|t:|1701022368\n|start\n|switch|p1a: Skeledirge|Skeledirge, M|100\/100\n|switch|p2a: Garchomp|Garchomp, M|100\/100\n|turn|1\n|\n|t:|1701022391\n|-terastallize|p1a: Skeledirge|Fairy\n|move|p2a: Garchomp|Earthquake|p1a: Skeledirge\n|-damage|p1a: Skeledirge|70\/100\n|move|p1a: Skeledirge|Will-O-Wisp|p2a: Garchomp\n|-status|p2a: Garchomp|brn\n|\n|-damage|p2a: Garchomp|94\/100 brn|[from] brn\n|upkeep\n|turn|2\n|j| BurritoSave\n|l| BurritoSave\n|\n|t:|1701022399\n|move|p2a: Garchomp|Stealth Rock|p1a: Skeledirge\n|-sidestart|p1: untrue_reality|move: Stealth Rock\n|move|p1a: Skeledirge|Slack Off|p1a: Skeledirge\n|-heal|p1a: Skeledirge|100\/100\n|\n|-damage|p2a: Garchomp|88\/100 brn|[from] brn\n|upkeep\n|turn|3\n|\n|t:|1701022411\n|switch|p2a: Moltres|Moltres|100\/100\n|move|p1a: Skeledirge|Torch Song|p2a: Moltres\n|-resisted|p2a: Moltres\n|-damage|p2a: Moltres|88\/100\n|-boost|p1a: Skeledirge|spa|1\n|\n|upkeep\n|turn|4\n|\n|t:|1701022424\n|move|p2a: Moltres|Flamethrower|p1a: Skeledirge\n|-damage|p1a: Skeledirge|62\/100\n|move|p1a: Skeledirge|Torch Song|p2a: Moltres\n|-resisted|p2a: Moltres\n|-damage|p2a: Moltres|70\/100\n|-boost|p1a: Skeledirge|spa|1\n|\n|upkeep\n|turn|5\n|inactive|ghostkinggengar has 120 seconds left.\n|\n|t:|1701022472\n|switch|p1a: Blissey|Blissey, F|100\/100\n|move|p2a: Moltres|U-turn|p1a: Blissey\n|-damage|p1a: Blissey|87\/100\n|\n|t:|1701022483\n|switch|p2a: Ursaluna|Ursaluna, F|100\/100|[from] U-turn\n|\n|-status|p2a: Ursaluna|brn|[from] item: Flame Orb\n|upkeep\n|turn|6\n|\n|t:|1701022491\n|switch|p1a: Corviknight|Corviknight, F|100\/100\n|-damage|p1a: Corviknight|88\/100|[from] Stealth Rock\n|-ability|p1a: Corviknight|Pressure\n|-terastallize|p2a: Ursaluna|Normal\n|move|p2a: Ursaluna|Facade|p1a: Corviknight\n|-resisted|p1a: Corviknight\n|-damage|p1a: Corviknight|38\/100\n|-damage|p2a: Ursaluna|84\/100 brn|[from] item: Rocky Helmet|[of] p1a: Corviknight\n|\n|-damage|p2a: Ursaluna|78\/100 brn|[from] brn\n|upkeep\n|turn|7\n|\n|t:|1701022515\n|switch|p2a: Moltres|Moltres|70\/100\n|move|p1a: Corviknight|Brave Bird|p2a: Moltres\n|-damage|p2a: Moltres|40\/100\n|-damage|p1a: Corviknight|29\/100|[from] Recoil\n|\n|upkeep\n|turn|8\n|\n|t:|1701022520\n|move|p2a: Moltres|Flamethrower|p1a: Corviknight\n|-supereffective|p1a: Corviknight\n|-damage|p1a: Corviknight|0 fnt\n|faint|p1a: Corviknight\n|\n|upkeep\n|\n|t:|1701022524\n|switch|p1a: Blissey|Blissey, F|87\/100\n|turn|9\n|\n|t:|1701022529\n|move|p2a: Moltres|Roost|p2a: Moltres\n|-heal|p2a: Moltres|91\/100\n|-singleturn|p2a: Moltres|move: Roost\n|move|p1a: Blissey|Wish|p1a: Blissey\n|\n|upkeep\n|turn|10\n|inactive|ghostkinggengar has 120 seconds left.\n|\n|t:|1701022536\n|move|p2a: Moltres|U-turn|p1a: Blissey\n|-damage|p1a: Blissey|74\/100\n|inactive|ghostkinggengar has 120 seconds left.\n|\n|t:|1701022542\n|switch|p2a: Ursaluna|Ursaluna, F, tera:Normal|78\/100 brn|[from] U-turn\n|move|p1a: Blissey|Stealth Rock|p2a: Ursaluna\n|-sidestart|p2: ghostkinggengar|move: Stealth Rock\n|\n|-heal|p1a: Blissey|100\/100|[from] move: Wish|[wisher] Blissey\n|-damage|p2a: Ursaluna|72\/100 brn|[from] brn\n|upkeep\n|turn|11\n|\n|t:|1701022547\n|move|p1a: Blissey|Wish|p1a: Blissey\n|move|p2a: Ursaluna|Facade|p1a: Blissey\n|-damage|p1a: Blissey|0 fnt\n|faint|p1a: Blissey\n|\n|-damage|p2a: Ursaluna|66\/100 brn|[from] brn\n|upkeep\n|\n|t:|1701022551\n|switch|p1a: Skeledirge|Skeledirge, M, tera:Fairy|62\/100\n|turn|12\n|\n|t:|1701022559\n|move|p1a: Skeledirge|Torch Song|p2a: Ursaluna\n|-damage|p2a: Ursaluna|40\/100 brn\n|-boost|p1a: Skeledirge|spa|1\n|move|p2a: Ursaluna|Facade|p1a: Skeledirge\n|-damage|p1a: Skeledirge|0 fnt\n|faint|p1a: Skeledirge\n|\n|-damage|p2a: Ursaluna|34\/100 brn|[from] brn\n|upkeep\n|\n|t:|1701022566\n|switch|p1a: Dondozo|Dondozo, F|100\/100\n|-damage|p1a: Dondozo|88\/100|[from] Stealth Rock\n|turn|13\n|\n|t:|1701022595\n|switch|p2a: Moltres|Moltres|91\/100\n|move|p1a: Dondozo|Curse|p1a: Dondozo\n|-unboost|p1a: Dondozo|spe|1\n|-boost|p1a: Dondozo|atk|1\n|-boost|p1a: Dondozo|def|1\n|\n|upkeep\n|turn|14\n|\n|t:|1701022614\n|move|p2a: Moltres|Defog|p1a: Dondozo\n|-unboost|p1a: Dondozo|evasion|1\n|-sideend|p1: untrue_reality|Stealth Rock|[from] move: Defog|[of] p2a: Moltres\n|-sideend|p2: ghostkinggengar|Stealth Rock|[from] move: Defog|[of] p2a: Moltres\n|move|p1a: Dondozo|Waterfall|p2a: Moltres\n|-supereffective|p2a: Moltres\n|-crit|p2a: Moltres\n|-damage|p2a: Moltres|0 fnt\n|faint|p2a: Moltres\n|\n|upkeep\n|\n|t:|1701022622\n|switch|p2a: Blacephalon|Blacephalon|100\/100\n|turn|15\n|\n|t:|1701022626\n|switch|p1a: Clodsire|Clodsire, M|100\/100\n|move|p2a: Blacephalon|Trick|p1a: Clodsire\n|-activate|p2a: Blacephalon|move: Trick|[of] p1a: Clodsire\n|-item|p1a: Clodsire|Choice Scarf|[from] move: Trick\n|-item|p2a: Blacephalon|Leftovers|[from] move: Trick\n|\n|upkeep\n|turn|16\n|\n|t:|1701022637\n|switch|p2a: Garchomp|Garchomp, M|88\/100 brn\n|move|p1a: Clodsire|Earthquake|p2a: Garchomp\n|-damage|p2a: Garchomp|60\/100 brn\n|\n|-damage|p2a: Garchomp|53\/100 brn|[from] brn\n|upkeep\n|turn|17\n|\n|t:|1701022644\n|switch|p1a: Dondozo|Dondozo, F|88\/100\n|move|p2a: Garchomp|Stealth Rock|p1a: Dondozo\n|-sidestart|p1: untrue_reality|move: Stealth Rock\n|\n|-damage|p2a: Garchomp|47\/100 brn|[from] brn\n|upkeep\n|turn|18\n|\n|t:|1701022648\n|switch|p2a: Slowbro|Slowbro, F|100\/100\n|move|p1a: Dondozo|Curse|p1a: Dondozo\n|-unboost|p1a: Dondozo|spe|1\n|-boost|p1a: Dondozo|atk|1\n|-boost|p1a: Dondozo|def|1\n|\n|upkeep\n|turn|19\n|\n|t:|1701022655\n|switch|p1a: Clodsire|Clodsire, M|100\/100\n|-damage|p1a: Clodsire|94\/100|[from] Stealth Rock\n|move|p2a: Slowbro|Future Sight|p1a: Clodsire\n|-start|p2a: Slowbro|move: Future Sight\n|\n|upkeep\n|turn|20\n|\n|t:|1701022660\n|move|p1a: Clodsire|Spikes|p2a: Slowbro\n|-sidestart|p2: ghostkinggengar|Spikes\n|move|p2a: Slowbro|Teleport|p2a: Slowbro\n|\n|t:|1701022663\n|switch|p2a: Ursaluna|Ursaluna, F, tera:Normal|34\/100 brn|[from] Teleport\n|-damage|p2a: Ursaluna|22\/100 brn|[from] Spikes\n|\n|-damage|p2a: Ursaluna|16\/100 brn|[from] brn\n|upkeep\n|turn|21\n|\n|t:|1701022687\n|switch|p1a: Cresselia|Cresselia, F|100\/100\n|-damage|p1a: Cresselia|88\/100|[from] Stealth Rock\n|move|p2a: Ursaluna|Facade|p1a: Cresselia\n|-damage|p1a: Cresselia|0 fnt\n|faint|p1a: Cresselia\n|\n|-hint|Future Sight did not hit because the target is fainted.\n|-damage|p2a: Ursaluna|10\/100 brn|[from] brn\n|upkeep\n|\n|t:|1701022692\n|switch|p1a: Clodsire|Clodsire, M|94\/100\n|-damage|p1a: Clodsire|88\/100|[from] Stealth Rock\n|turn|22\n|\n|t:|1701022711\n|move|p2a: Ursaluna|Headlong Rush|p1a: Clodsire\n|-supereffective|p1a: Clodsire\n|-damage|p1a: Clodsire|0 fnt\n|-unboost|p2a: Ursaluna|def|1\n|-unboost|p2a: Ursaluna|spd|1\n|faint|p1a: Clodsire\n|\n|-damage|p2a: Ursaluna|4\/100 brn|[from] brn\n|upkeep\n|-message|untrue_reality forfeited.\n|\n|win|ghostkinggengar\n|raw|untrue_reality's rating: 1666 &rarr; <strong>1647<\/strong><br \/>(-19 for losing)\n|raw|ghostkinggengar's rating: 1691 &rarr; <strong>1710<\/strong><br \/>(+19 for winning)\n|l|\u2606untrue_reality\n","uploadtime":1701022722,"views":1,"p1id":"untruereality","p2id":"ghostkinggengar","formatid":"gen9nationaldex","rating":1647,"private":0,"password":""}