{"id":"gen9nationaldex-1994531213","p1":"BigG5","p2":"csb1123","format":"[Gen 9] National Dex","log":"|j|\u2606BigG5\n|j|\u2606csb1123\n|t:|1700455394\n|gametype|singles\n|player|p1|BigG5|169|1615\n|player|p2|csb1123|102|1700\n|teamsize|p1|6\n|teamsize|p2|6\n|gen|9\n|tier|[Gen 9] National Dex\n|rated|\n|rule|HP Percentage Mod: HP is shown in percentages\n|rule|Endless Battle Clause: Forcing endless battles is banned\n|rule|OHKO Clause: OHKO moves are banned\n|rule|Evasion Clause: Evasion abilities, items, and moves are banned\n|rule|Evasion Abilities Clause: Evasion abilities are banned\n|rule|Evasion Items Clause: Evasion items are banned\n|rule|Evasion Moves Clause: Evasion moves are banned\n|rule|Species Clause: Limit one of each Pok\u00e9mon\n|rule|Sleep Clause Mod: Limit one foe put to sleep\n|clearpoke\n|poke|p1|Tyranitar, F|\n|poke|p1|Lopunny, F|\n|poke|p1|Alomomola, F|\n|poke|p1|Landorus-Therian, M|\n|poke|p1|Dracozolt|\n|poke|p1|Tapu Lele|\n|poke|p2|Ogerpon, F|\n|poke|p2|Corviknight, F|\n|poke|p2|Clodsire, M|\n|poke|p2|Tyranitar, M|\n|poke|p2|Tapu Fini|\n|poke|p2|Banette, M|\n|teampreview\n|inactive|Battle timer is ON: inactive players will automatically lose when time's up. (requested by csb1123)\n|\n|t:|1700455411\n|start\n|switch|p1a: Lopunny|Lopunny, F|100\/100\n|switch|p2a: Tapu Fini|Tapu Fini|100\/100\n|-fieldstart|move: Misty Terrain|[from] ability: Misty Surge|[of] p2a: Tapu Fini\n|turn|1\n|\n|t:|1700455418\n|detailschange|p1a: Lopunny|Lopunny-Mega, F\n|-mega|p1a: Lopunny|Lopunny|Lopunnite\n|move|p1a: Lopunny|Fake Out|p2a: Tapu Fini\n|-damage|p2a: Tapu Fini|87\/100\n|cant|p2a: Tapu Fini|flinch\n|\n|-heal|p2a: Tapu Fini|93\/100|[from] item: Leftovers\n|upkeep\n|turn|2\n|\n|t:|1700455430\n|move|p1a: Lopunny|U-turn|p2a: Tapu Fini\n|-resisted|p2a: Tapu Fini\n|-damage|p2a: Tapu Fini|85\/100\n|\n|t:|1700455437\n|switch|p1a: Tapu Lele|Tapu Lele|100\/100|[from] U-turn\n|-fieldstart|move: Psychic Terrain|[from] ability: Psychic Surge|[of] p1a: Tapu Lele\n|move|p2a: Tapu Fini|Calm Mind|p2a: Tapu Fini\n|-boost|p2a: Tapu Fini|spa|1\n|-boost|p2a: Tapu Fini|spd|1\n|\n|-heal|p2a: Tapu Fini|91\/100|[from] item: Leftovers\n|upkeep\n|turn|3\n|\n|t:|1700455447\n|switch|p2a: Tyranitar|Tyranitar, M|100\/100\n|-weather|Sandstorm|[from] ability: Sand Stream|[of] p2a: Tyranitar\n|move|p1a: Tapu Lele|Psyshock|p2a: Tyranitar\n|-immune|p2a: Tyranitar\n|\n|-weather|Sandstorm|[upkeep]\n|-damage|p1a: Tapu Lele|94\/100|[from] Sandstorm\n|upkeep\n|turn|4\n|\n|t:|1700455458\n|-activate|p1a: Tapu Lele|move: Pursuit\n|move|p2a: Tyranitar|Pursuit|p1a: Tapu Lele|[from]Pursuit\n|-damage|p1a: Tapu Lele|38\/100\n|switch|p1a: Landorus|Landorus-Therian, M|100\/100\n|-ability|p1a: Landorus|Intimidate|boost\n|-unboost|p2a: Tyranitar|atk|1\n|\n|-weather|Sandstorm|[upkeep]\n|upkeep\n|turn|5\n|\n|t:|1700455467\n|move|p2a: Tyranitar|Ice Beam|p1a: Landorus\n|-supereffective|p1a: Landorus\n|-damage|p1a: Landorus|0 fnt\n|faint|p1a: Landorus\n|\n|-weather|Sandstorm|[upkeep]\n|upkeep\n|\n|t:|1700455473\n|switch|p1a: Dracozolt|Dracozolt, shiny|100\/100\n|turn|6\n|\n|t:|1700455478\n|switch|p2a: Clodsire|Clodsire, M|100\/100\n|move|p1a: Dracozolt|Earthquake|p2a: Clodsire\n|-supereffective|p2a: Clodsire\n|-damage|p2a: Clodsire|17\/100\n|-damage|p1a: Dracozolt|91\/100|[from] item: Life Orb\n|\n|-weather|Sandstorm|[upkeep]\n|-heal|p2a: Clodsire|23\/100|[from] item: Leftovers\n|-fieldend|move: Psychic Terrain\n|upkeep\n|turn|7\n|\n|t:|1700455497\n|switch|p2a: Corviknight|Corviknight, F|100\/100\n|-ability|p2a: Corviknight|Pressure\n|move|p1a: Dracozolt|Substitute|p1a: Dracozolt\n|-start|p1a: Dracozolt|Substitute\n|-damage|p1a: Dracozolt|66\/100\n|\n|-weather|none\n|upkeep\n|turn|8\n|\n|t:|1700455516\n|switch|p2a: Clodsire|Clodsire, M|23\/100\n|move|p1a: Dracozolt|Bolt Beak|p2a: Clodsire\n|-immune|p2a: Clodsire\n|\n|-heal|p2a: Clodsire|29\/100|[from] item: Leftovers\n|upkeep\n|turn|9\n|inactive|csb1123 has 120 seconds left.\n|\n|t:|1700455563\n|switch|p2a: Banette|Banette, M|100\/100\n|move|p1a: Dracozolt|Earthquake|p2a: Banette\n|-damage|p2a: Banette|36\/100\n|-damage|p1a: Dracozolt|56\/100|[from] item: Life Orb\n|\n|upkeep\n|turn|10\n|\n|t:|1700455571\n|switch|p1a: Alomomola|Alomomola, F|100\/100\n|detailschange|p2a: Banette|Banette-Mega, M\n|-mega|p2a: Banette|Banette|Banettite\n|move|p2a: Banette|Destiny Bond|p2a: Banette\n|-singlemove|p2a: Banette|Destiny Bond\n|\n|upkeep\n|turn|11\n|\n|t:|1700455579\n|switch|p2a: Clodsire|Clodsire, M|29\/100\n|move|p1a: Alomomola|Wish|p1a: Alomomola\n|\n|-heal|p2a: Clodsire|35\/100|[from] item: Leftovers\n|upkeep\n|turn|12\n|inactive|csb1123 has 120 seconds left.\n|\n|t:|1700455585\n|switch|p1a: Tapu Lele|Tapu Lele|38\/100\n|-fieldstart|move: Psychic Terrain|[from] ability: Psychic Surge|[of] p1a: Tapu Lele\n|move|p2a: Clodsire|Stealth Rock|p1a: Tapu Lele\n|-sidestart|p1: BigG5|move: Stealth Rock\n|\n|-heal|p1a: Tapu Lele|100\/100|[from] move: Wish|[wisher] Alomomola\n|-heal|p2a: Clodsire|42\/100|[from] item: Leftovers\n|upkeep\n|turn|13\n|inactive|csb1123 has 120 seconds left.\n|\n|t:|1700455602\n|switch|p1a: Lopunny|Lopunny-Mega, F|100\/100\n|-damage|p1a: Lopunny|95\/100|[from] Stealth Rock\n|switch|p2a: Corviknight|Corviknight, F|100\/100\n|-ability|p2a: Corviknight|Pressure\n|\n|upkeep\n|turn|14\n|\n|t:|1700455619\n|switch|p1a: Alomomola|Alomomola, F|100\/100\n|move|p2a: Corviknight|U-turn|p1a: Alomomola\n|-damage|p1a: Alomomola|91\/100\n|\n|t:|1700455623\n|switch|p2a: Ogerpon|Ogerpon, F|100\/100|[from] U-turn\n|\n|upkeep\n|turn|15\n|\n|t:|1700455630\n|-terastallize|p1a: Alomomola|Dragon\n|move|p2a: Ogerpon|Swords Dance|p2a: Ogerpon\n|-boost|p2a: Ogerpon|atk|2\n|move|p1a: Alomomola|Toxic|p2a: Ogerpon\n|-status|p2a: Ogerpon|tox\n|\n|-damage|p2a: Ogerpon|95\/100 tox|[from] psn\n|upkeep\n|turn|16\n|\n|t:|1700455641\n|move|p2a: Ogerpon|Swords Dance|p2a: Ogerpon\n|-boost|p2a: Ogerpon|atk|2\n|move|p1a: Alomomola|Wish|p1a: Alomomola\n|\n|-damage|p2a: Ogerpon|83\/100 tox|[from] psn\n|-fieldend|move: Psychic Terrain\n|upkeep\n|turn|17\n|\n|t:|1700455649\n|move|p1a: Alomomola|Protect|p1a: Alomomola\n|-singleturn|p1a: Alomomola|Protect\n|move|p2a: Ogerpon|Ivy Cudgel|p1a: Alomomola\n|-activate|p1a: Alomomola|move: Protect\n|\n|-heal|p1a: Alomomola|100\/100|[from] move: Wish|[wisher] Alomomola\n|-damage|p2a: Ogerpon|65\/100 tox|[from] psn\n|upkeep\n|turn|18\n|\n|t:|1700455658\n|move|p2a: Ogerpon|Superpower|p1a: Alomomola\n|-damage|p1a: Alomomola|35\/100\n|-unboost|p2a: Ogerpon|atk|1\n|-unboost|p2a: Ogerpon|def|1\n|move|p1a: Alomomola|Wish|p1a: Alomomola\n|\n|-damage|p2a: Ogerpon|41\/100 tox|[from] psn\n|upkeep\n|turn|19\n|\n|t:|1700455672\n|switch|p2a: Clodsire|Clodsire, M|42\/100\n|move|p1a: Alomomola|Protect||[still]\n|-fail|p1a: Alomomola\n|\n|-heal|p1a: Alomomola|85\/100|[from] move: Wish|[wisher] Alomomola\n|-heal|p2a: Clodsire|48\/100|[from] item: Leftovers\n|upkeep\n|turn|20\n|\n|t:|1700455695\n|move|p1a: Alomomola|Wish|p1a: Alomomola\n|move|p2a: Clodsire|Toxic|p1a: Alomomola\n|-status|p1a: Alomomola|tox\n|\n|-heal|p2a: Clodsire|54\/100|[from] item: Leftovers\n|-damage|p1a: Alomomola|79\/100 tox|[from] psn\n|upkeep\n|turn|21\n|\n|t:|1700455706\n|switch|p1a: Dracozolt|Dracozolt, shiny|56\/100\n|-damage|p1a: Dracozolt|43\/100|[from] Stealth Rock\n|move|p2a: Clodsire|Recover|p2a: Clodsire\n|-heal|p2a: Clodsire|100\/100\n|\n|-heal|p1a: Dracozolt|100\/100|[from] move: Wish|[wisher] Alomomola\n|upkeep\n|turn|22\n|\n|t:|1700455722\n|move|p1a: Dracozolt|Substitute|p1a: Dracozolt\n|-start|p1a: Dracozolt|Substitute\n|-damage|p1a: Dracozolt|76\/100\n|move|p2a: Clodsire|Earthquake|p1a: Dracozolt\n|-supereffective|p1a: Dracozolt\n|-end|p1a: Dracozolt|Substitute\n|\n|upkeep\n|turn|23\n|\n|t:|1700455729\n|move|p1a: Dracozolt|Earthquake|p2a: Clodsire\n|-supereffective|p2a: Clodsire\n|-damage|p2a: Clodsire|15\/100\n|-damage|p1a: Dracozolt|66\/100|[from] item: Life Orb\n|move|p2a: Clodsire|Earthquake|p1a: Dracozolt\n|-supereffective|p1a: Dracozolt\n|-damage|p1a: Dracozolt|0 fnt\n|faint|p1a: Dracozolt\n|\n|-heal|p2a: Clodsire|21\/100|[from] item: Leftovers\n|upkeep\n|\n|t:|1700455742\n|switch|p1a: Tapu Lele|Tapu Lele|100\/100\n|-damage|p1a: Tapu Lele|88\/100|[from] Stealth Rock\n|-fieldstart|move: Psychic Terrain|[from] ability: Psychic Surge|[of] p1a: Tapu Lele\n|turn|24\n|\n|t:|1700455748\n|switch|p2a: Tyranitar|Tyranitar, M|100\/100\n|-weather|Sandstorm|[from] ability: Sand Stream|[of] p2a: Tyranitar\n|move|p1a: Tapu Lele|Hidden Power|p2a: Tyranitar\n|-resisted|p2a: Tyranitar\n|-damage|p2a: Tyranitar|94\/100\n|\n|-weather|Sandstorm|[upkeep]\n|-damage|p1a: Tapu Lele|82\/100|[from] Sandstorm\n|upkeep\n|turn|25\n|\n|t:|1700455757\n|-activate|p1a: Tapu Lele|move: Pursuit\n|move|p2a: Tyranitar|Pursuit|p1a: Tapu Lele|[from]Pursuit\n|-damage|p1a: Tapu Lele|24\/100\n|switch|p1a: Lopunny|Lopunny-Mega, F|95\/100\n|-damage|p1a: Lopunny|89\/100|[from] Stealth Rock\n|\n|-weather|Sandstorm|[upkeep]\n|-damage|p1a: Lopunny|83\/100|[from] Sandstorm\n|upkeep\n|turn|26\n|\n|t:|1700455769\n|switch|p1a: Alomomola|Alomomola, F, tera:Dragon|100\/100 tox\n|switch|p2a: Corviknight|Corviknight, F|100\/100\n|-ability|p2a: Corviknight|Pressure\n|\n|-weather|Sandstorm|[upkeep]\n|-damage|p1a: Alomomola|94\/100 tox|[from] Sandstorm\n|-damage|p1a: Alomomola|88\/100 tox|[from] psn\n|upkeep\n|turn|27\n|inactive|csb1123 has 120 seconds left.\n|\n|t:|1700455803\n|switch|p2a: Clodsire|Clodsire, M|21\/100\n|move|p1a: Alomomola|Wish|p1a: Alomomola\n|\n|-weather|Sandstorm|[upkeep]\n|-damage|p1a: Alomomola|82\/100 tox|[from] Sandstorm\n|-heal|p2a: Clodsire|27\/100|[from] item: Leftovers\n|-damage|p1a: Alomomola|70\/100 tox|[from] psn\n|upkeep\n|turn|28\n|inactive|csb1123 has 120 seconds left.\n|\n|t:|1700455818\n|switch|p1a: Tyranitar|Tyranitar, F, shiny|100\/100\n|-damage|p1a: Tyranitar|88\/100|[from] Stealth Rock\n|move|p2a: Clodsire|Toxic|p1a: Tyranitar\n|-status|p1a: Tyranitar|tox\n|\n|-weather|none\n|-heal|p1a: Tyranitar|100\/100 tox|[from] move: Wish|[wisher] Alomomola\n|-heal|p2a: Clodsire|33\/100|[from] item: Leftovers\n|-damage|p1a: Tyranitar|94\/100 tox|[from] psn\n|-fieldend|move: Psychic Terrain\n|upkeep\n|turn|29\n|\n|t:|1700455828\n|switch|p2a: Tapu Fini|Tapu Fini|91\/100\n|-fieldstart|move: Misty Terrain|[from] ability: Misty Surge|[of] p2a: Tapu Fini\n|move|p1a: Tyranitar|Knock Off|p2a: Tapu Fini\n|-resisted|p2a: Tapu Fini\n|-damage|p2a: Tapu Fini|73\/100\n|-enditem|p2a: Tapu Fini|Leftovers|[from] move: Knock Off|[of] p1a: Tyranitar\n|\n|-damage|p1a: Tyranitar|82\/100 tox|[from] psn\n|upkeep\n|turn|30\n|\n|t:|1700455843\n|switch|p1a: Alomomola|Alomomola, F, tera:Dragon|100\/100 tox\n|move|p2a: Tapu Fini|Calm Mind|p2a: Tapu Fini\n|-boost|p2a: Tapu Fini|spa|1\n|-boost|p2a: Tapu Fini|spd|1\n|\n|-damage|p1a: Alomomola|94\/100 tox|[from] psn\n|upkeep\n|turn|31\n|\n|t:|1700455851\n|move|p2a: Tapu Fini|Calm Mind|p2a: Tapu Fini\n|-boost|p2a: Tapu Fini|spa|1\n|-boost|p2a: Tapu Fini|spd|1\n|move|p1a: Alomomola|Wish|p1a: Alomomola\n|\n|-damage|p1a: Alomomola|82\/100 tox|[from] psn\n|upkeep\n|turn|32\n|\n|t:|1700455860\n|move|p2a: Tapu Fini|Calm Mind|p2a: Tapu Fini\n|-boost|p2a: Tapu Fini|spa|1\n|-boost|p2a: Tapu Fini|spd|1\n|move|p1a: Alomomola|Flip Turn|p2a: Tapu Fini\n|-resisted|p2a: Tapu Fini\n|-damage|p2a: Tapu Fini|67\/100\n|\n|t:|1700455865\n|switch|p1a: Tapu Lele|Tapu Lele|24\/100|[from] Flip Turn\n|-damage|p1a: Tapu Lele|12\/100|[from] Stealth Rock\n|-fieldstart|move: Psychic Terrain|[from] ability: Psychic Surge|[of] p1a: Tapu Lele\n|\n|-heal|p1a: Tapu Lele|96\/100|[from] move: Wish|[wisher] Alomomola\n|upkeep\n|turn|33\n|\n|t:|1700455878\n|switch|p1a: Lopunny|Lopunny-Mega, F|83\/100\n|-damage|p1a: Lopunny|77\/100|[from] Stealth Rock\n|move|p2a: Tapu Fini|Draining Kiss|p1a: Lopunny\n|-supereffective|p1a: Lopunny\n|-damage|p1a: Lopunny|0 fnt\n|-heal|p2a: Tapu Fini|100\/100|[from] drain|[of] p1a: Lopunny\n|faint|p1a: Lopunny\n|\n|upkeep\n|\n|t:|1700455887\n|switch|p1a: Tapu Lele|Tapu Lele|96\/100\n|-damage|p1a: Tapu Lele|83\/100|[from] Stealth Rock\n|turn|34\n|-message|BigG5 forfeited.\n|\n|win|csb1123\n|raw|BigG5's rating: 1615 &rarr; <strong>1600<\/strong><br \/>(-15 for losing)\n|raw|csb1123's rating: 1700 &rarr; <strong>1715<\/strong><br \/>(+15 for winning)\n|l|\u2606BigG5\n","uploadtime":1700455896,"views":34,"p1id":"bigg5","p2id":"csb1123","formatid":"gen9nationaldex","rating":1600,"private":0,"password":""}