{"id":"gen9nationaldex-1990317409","p1":"wohuaweida","p2":"Tomolive502","format":"[Gen 9] National Dex","log":"|j|\u2606wohuaweida\n|j|\u2606Tomolive502\n|t:|1699955810\n|gametype|singles\n|player|p1|wohuaweida|170|1443\n|player|p2|Tomolive502|baker|1560\n|teamsize|p1|6\n|teamsize|p2|6\n|gen|9\n|tier|[Gen 9] National Dex\n|rated|\n|rule|HP Percentage Mod: HP is shown in percentages\n|rule|Endless Battle Clause: Forcing endless battles is banned\n|rule|OHKO Clause: OHKO moves are banned\n|rule|Evasion Clause: Evasion abilities, items, and moves are banned\n|rule|Evasion Abilities Clause: Evasion abilities are banned\n|rule|Evasion Items Clause: Evasion items are banned\n|rule|Evasion Moves Clause: Evasion moves are banned\n|rule|Species Clause: Limit one of each Pok\u00e9mon\n|rule|Sleep Clause Mod: Limit one foe put to sleep\n|clearpoke\n|poke|p1|Pelipper, F|\n|poke|p1|Greninja-*, M|\n|poke|p1|Swampert, F|\n|poke|p1|Talonflame, M|\n|poke|p1|Zapdos|\n|poke|p1|Ogerpon-Wellspring, F|\n|poke|p2|Scizor, F|\n|poke|p2|Volcarona, M|\n|poke|p2|Urshifu-*, M|\n|poke|p2|Glimmora, F|\n|poke|p2|Dragonite, M|\n|poke|p2|Tapu Lele|\n|teampreview\n|\n|t:|1699955815\n|start\n|switch|p1a: Pelipper|Pelipper, F|100\/100\n|switch|p2a: Glimmora|Glimmora, F|100\/100\n|-weather|RainDance|[from] ability: Drizzle|[of] p1a: Pelipper\n|turn|1\n|\n|t:|1699955819\n|move|p2a: Glimmora|Stealth Rock|p1a: Pelipper\n|-sidestart|p1: wohuaweida|move: Stealth Rock\n|move|p1a: Pelipper|Scald|p2a: Glimmora\n|-supereffective|p2a: Glimmora\n|-enditem|p2a: Glimmora|Focus Sash\n|-damage|p2a: Glimmora|1\/100\n|\n|-weather|RainDance|[upkeep]\n|upkeep\n|turn|2\n|\n|t:|1699955827\n|move|p2a: Glimmora|Spikes|p1a: Pelipper\n|-sidestart|p1: wohuaweida|Spikes\n|move|p1a: Pelipper|Scald|p2a: Glimmora\n|-supereffective|p2a: Glimmora\n|-damage|p2a: Glimmora|0 fnt\n|faint|p2a: Glimmora\n|\n|-weather|RainDance|[upkeep]\n|upkeep\n|\n|t:|1699955833\n|switch|p2a: Tapu Lele|Tapu Lele|100\/100\n|-fieldstart|move: Psychic Terrain|[from] ability: Psychic Surge|[of] p2a: Tapu Lele\n|turn|3\n|\n|t:|1699955838\n|-zpower|p2a: Tapu Lele\n|move|p2a: Tapu Lele|Shattered Psyche|p1a: Pelipper|[zeffect]\n|-damage|p1a: Pelipper|0 fnt\n|faint|p1a: Pelipper\n|\n|-weather|RainDance|[upkeep]\n|upkeep\n|\n|t:|1699955846\n|switch|p1a: Zapdos|Zapdos|100\/100\n|turn|4\n|\n|t:|1699955852\n|move|p1a: Zapdos|Defog|p2a: Tapu Lele\n|-unboost|p2a: Tapu Lele|evasion|1\n|-sideend|p1: wohuaweida|Spikes|[from] move: Defog|[of] p1a: Zapdos\n|-sideend|p1: wohuaweida|Stealth Rock|[from] move: Defog|[of] p1a: Zapdos\n|-fieldend|move: Psychic Terrain\n|move|p2a: Tapu Lele|Psychic|p1a: Zapdos\n|-damage|p1a: Zapdos|51\/100\n|\n|-weather|RainDance|[upkeep]\n|upkeep\n|turn|5\n|\n|t:|1699955859\n|move|p1a: Zapdos|Thunder|p2a: Tapu Lele\n|-damage|p2a: Tapu Lele|48\/100\n|move|p2a: Tapu Lele|Moonblast|p1a: Zapdos\n|-damage|p1a: Zapdos|5\/100\n|\n|-weather|RainDance|[upkeep]\n|upkeep\n|turn|6\n|\n|t:|1699955868\n|move|p1a: Zapdos|Thunder|p2a: Tapu Lele\n|-damage|p2a: Tapu Lele|0 fnt\n|faint|p2a: Tapu Lele\n|\n|-weather|RainDance|[upkeep]\n|upkeep\n|\n|t:|1699955882\n|switch|p2a: Urshifu|Urshifu-Rapid-Strike, M|100\/100\n|turn|7\n|\n|t:|1699955895\n|switch|p1a: Ogerpon|Ogerpon-Wellspring, F|100\/100\n|move|p2a: Urshifu|Aqua Jet|p1a: Ogerpon\n|-immune|p1a: Ogerpon|[from] ability: Water Absorb\n|\n|-weather|RainDance|[upkeep]\n|upkeep\n|turn|8\n|\n|t:|1699955904\n|switch|p2a: Dragonite|Dragonite, M|100\/100\n|move|p1a: Ogerpon|Substitute|p1a: Ogerpon\n|-start|p1a: Ogerpon|Substitute\n|-damage|p1a: Ogerpon|75\/100\n|\n|-weather|none\n|upkeep\n|turn|9\n|\n|t:|1699955909\n|move|p2a: Dragonite|Extreme Speed|p1a: Ogerpon\n|-end|p1a: Ogerpon|Substitute\n|move|p1a: Ogerpon|Leech Seed|p2a: Dragonite\n|-start|p2a: Dragonite|move: Leech Seed\n|\n|-damage|p2a: Dragonite|88\/100|[from] Leech Seed|[of] p1a: Ogerpon\n|-heal|p1a: Ogerpon|88\/100|[silent]\n|upkeep\n|turn|10\n|\n|t:|1699955915\n|move|p1a: Ogerpon|Spiky Shield|p1a: Ogerpon\n|-singleturn|p1a: Ogerpon|move: Protect\n|move|p2a: Dragonite|Extreme Speed|p1a: Ogerpon\n|-activate|p1a: Ogerpon|move: Protect\n|-damage|p2a: Dragonite|75\/100|[from] Spiky Shield|[of] p1a: Ogerpon\n|\n|-damage|p2a: Dragonite|63\/100|[from] Leech Seed|[of] p1a: Ogerpon\n|-heal|p1a: Ogerpon|99\/100|[silent]\n|upkeep\n|turn|11\n|\n|t:|1699955921\n|switch|p2a: Scizor|Scizor, F|100\/100\n|move|p1a: Ogerpon|Substitute|p1a: Ogerpon\n|-start|p1a: Ogerpon|Substitute\n|-damage|p1a: Ogerpon|75\/100\n|\n|upkeep\n|turn|12\n|\n|t:|1699955925\n|detailschange|p2a: Scizor|Scizor-Mega, F\n|-mega|p2a: Scizor|Scizor|Scizorite\n|move|p1a: Ogerpon|Leech Seed|p2a: Scizor\n|-start|p2a: Scizor|move: Leech Seed\n|move|p2a: Scizor|Bug Bite|p1a: Ogerpon\n|-supereffective|p1a: Ogerpon\n|-end|p1a: Ogerpon|Substitute\n|\n|-damage|p2a: Scizor|88\/100|[from] Leech Seed|[of] p1a: Ogerpon\n|-heal|p1a: Ogerpon|84\/100|[silent]\n|upkeep\n|turn|13\n|\n|t:|1699955931\n|switch|p2a: Dragonite|Dragonite, M|63\/100\n|move|p1a: Ogerpon|Spiky Shield||[still]\n|-fail|p1a: Ogerpon\n|\n|upkeep\n|turn|14\n|\n|t:|1699955937\n|move|p1a: Ogerpon|Spiky Shield|p1a: Ogerpon\n|-singleturn|p1a: Ogerpon|move: Protect\n|move|p2a: Dragonite|Extreme Speed|p1a: Ogerpon\n|-activate|p1a: Ogerpon|move: Protect\n|-damage|p2a: Dragonite|50\/100|[from] Spiky Shield|[of] p1a: Ogerpon\n|\n|upkeep\n|turn|15\n|\n|t:|1699955944\n|move|p2a: Dragonite|Extreme Speed|p1a: Ogerpon\n|-damage|p1a: Ogerpon|52\/100\n|move|p1a: Ogerpon|Leech Seed|p2a: Dragonite\n|-start|p2a: Dragonite|move: Leech Seed\n|\n|-damage|p2a: Dragonite|38\/100|[from] Leech Seed|[of] p1a: Ogerpon\n|-heal|p1a: Ogerpon|64\/100|[silent]\n|upkeep\n|turn|16\n|\n|t:|1699955951\n|switch|p2a: Scizor|Scizor-Mega, F|88\/100\n|move|p1a: Ogerpon|Substitute|p1a: Ogerpon\n|-start|p1a: Ogerpon|Substitute\n|-damage|p1a: Ogerpon|39\/100\n|\n|upkeep\n|turn|17\n|\n|t:|1699955955\n|move|p1a: Ogerpon|Spiky Shield|p1a: Ogerpon\n|-singleturn|p1a: Ogerpon|move: Protect\n|move|p2a: Scizor|Bug Bite|p1a: Ogerpon\n|-activate|p1a: Ogerpon|move: Protect\n|-damage|p2a: Scizor|76\/100|[from] Spiky Shield|[of] p1a: Ogerpon\n|\n|upkeep\n|turn|18\n|\n|t:|1699955957\n|move|p1a: Ogerpon|Leech Seed|p2a: Scizor\n|-start|p2a: Scizor|move: Leech Seed\n|move|p2a: Scizor|Bug Bite|p1a: Ogerpon\n|-supereffective|p1a: Ogerpon\n|-end|p1a: Ogerpon|Substitute\n|\n|-damage|p2a: Scizor|63\/100|[from] Leech Seed|[of] p1a: Ogerpon\n|-heal|p1a: Ogerpon|49\/100|[silent]\n|upkeep\n|turn|19\n|\n|t:|1699955963\n|move|p1a: Ogerpon|Substitute|p1a: Ogerpon\n|-start|p1a: Ogerpon|Substitute\n|-damage|p1a: Ogerpon|24\/100\n|move|p2a: Scizor|Roost|p2a: Scizor\n|-heal|p2a: Scizor|100\/100\n|-singleturn|p2a: Scizor|move: Roost\n|\n|-damage|p2a: Scizor|88\/100|[from] Leech Seed|[of] p1a: Ogerpon\n|-heal|p1a: Ogerpon|33\/100|[silent]\n|upkeep\n|turn|20\n|\n|t:|1699955968\n|move|p1a: Ogerpon|Spiky Shield|p1a: Ogerpon\n|-singleturn|p1a: Ogerpon|move: Protect\n|move|p2a: Scizor|Bug Bite|p1a: Ogerpon\n|-activate|p1a: Ogerpon|move: Protect\n|-damage|p2a: Scizor|76\/100|[from] Spiky Shield|[of] p1a: Ogerpon\n|\n|-damage|p2a: Scizor|63\/100|[from] Leech Seed|[of] p1a: Ogerpon\n|-heal|p1a: Ogerpon|43\/100|[silent]\n|upkeep\n|turn|21\n|\n|t:|1699955971\n|move|p1a: Ogerpon|Ivy Cudgel|p2a: Scizor|[anim] Ivy Cudgel Water\n|-damage|p2a: Scizor|23\/100\n|move|p2a: Scizor|Bug Bite|p1a: Ogerpon\n|-supereffective|p1a: Ogerpon\n|-end|p1a: Ogerpon|Substitute\n|\n|-damage|p2a: Scizor|10\/100|[from] Leech Seed|[of] p1a: Ogerpon\n|-heal|p1a: Ogerpon|53\/100|[silent]\n|upkeep\n|turn|22\n|\n|t:|1699955985\n|move|p1a: Ogerpon|Substitute|p1a: Ogerpon\n|-start|p1a: Ogerpon|Substitute\n|-damage|p1a: Ogerpon|28\/100\n|move|p2a: Scizor|Roost|p2a: Scizor\n|-heal|p2a: Scizor|60\/100\n|-singleturn|p2a: Scizor|move: Roost\n|\n|-damage|p2a: Scizor|48\/100|[from] Leech Seed|[of] p1a: Ogerpon\n|-heal|p1a: Ogerpon|37\/100|[silent]\n|upkeep\n|turn|23\n|\n|t:|1699955990\n|move|p1a: Ogerpon|Ivy Cudgel|p2a: Scizor|[anim] Ivy Cudgel Water\n|-crit|p2a: Scizor\n|-damage|p2a: Scizor|0 fnt\n|faint|p2a: Scizor\n|\n|upkeep\n|\n|t:|1699955997\n|switch|p2a: Dragonite|Dragonite, M|38\/100\n|turn|24\n|\n|t:|1699956006\n|move|p1a: Ogerpon|Spiky Shield|p1a: Ogerpon\n|-singleturn|p1a: Ogerpon|move: Protect\n|move|p2a: Dragonite|Extreme Speed|p1a: Ogerpon\n|-activate|p1a: Ogerpon|move: Protect\n|-damage|p2a: Dragonite|25\/100|[from] Spiky Shield|[of] p1a: Ogerpon\n|\n|upkeep\n|turn|25\n|\n|t:|1699956016\n|move|p2a: Dragonite|Extreme Speed|p1a: Ogerpon\n|-end|p1a: Ogerpon|Substitute\n|move|p1a: Ogerpon|Leech Seed|p2a: Dragonite\n|-start|p2a: Dragonite|move: Leech Seed\n|\n|-damage|p2a: Dragonite|13\/100|[from] Leech Seed|[of] p1a: Ogerpon\n|-heal|p1a: Ogerpon|49\/100|[silent]\n|upkeep\n|turn|26\n|\n|t:|1699956020\n|move|p1a: Ogerpon|Spiky Shield|p1a: Ogerpon\n|-singleturn|p1a: Ogerpon|move: Protect\n|move|p2a: Dragonite|Dragon Dance|p2a: Dragonite\n|-boost|p2a: Dragonite|atk|1\n|-boost|p2a: Dragonite|spe|1\n|\n|-damage|p2a: Dragonite|0 fnt|[from] Leech Seed|[of] p1a: Ogerpon\n|-heal|p1a: Ogerpon|61\/100|[silent]\n|faint|p2a: Dragonite\n|upkeep\n|\n|t:|1699956030\n|switch|p2a: Urshifu|Urshifu-Rapid-Strike, M|100\/100\n|turn|27\n|\n|t:|1699956064\n|switch|p1a: Zapdos|Zapdos|5\/100\n|move|p2a: Urshifu|Close Combat|p1a: Zapdos\n|-resisted|p1a: Zapdos\n|-damage|p1a: Zapdos|0 fnt\n|-unboost|p2a: Urshifu|def|1\n|-unboost|p2a: Urshifu|spd|1\n|faint|p1a: Zapdos\n|\n|upkeep\n|\n|t:|1699956079\n|switch|p1a: Talonflame|Talonflame, M|100\/100\n|turn|28\n|\n|t:|1699956085\n|switch|p2a: Volcarona|Volcarona, M|100\/100\n|move|p1a: Talonflame|Hurricane|p2a: Volcarona\n|-supereffective|p2a: Volcarona\n|-damage|p2a: Volcarona|0 fnt\n|faint|p2a: Volcarona\n|\n|upkeep\n|\n|t:|1699956088\n|switch|p2a: Urshifu|Urshifu-Rapid-Strike, M|100\/100\n|turn|29\n|\n|t:|1699956095\n|-terastallize|p2a: Urshifu|Water\n|move|p1a: Talonflame|Hurricane|p2a: Urshifu\n|-damage|p2a: Urshifu|7\/100\n|move|p2a: Urshifu|Swords Dance|p2a: Urshifu\n|-boost|p2a: Urshifu|atk|2\n|\n|upkeep\n|turn|30\n|\n|t:|1699956105\n|switch|p1a: Ogerpon|Ogerpon-Wellspring, F|61\/100\n|move|p2a: Urshifu|Aqua Jet|p1a: Ogerpon\n|-heal|p1a: Ogerpon|86\/100|[from] ability: Water Absorb|[of] p2a: Urshifu\n|\n|upkeep\n|turn|31\n|\n|t:|1699956108\n|move|p1a: Ogerpon|Ivy Cudgel|p2a: Urshifu|[anim] Ivy Cudgel Water\n|-resisted|p2a: Urshifu\n|-crit|p2a: Urshifu\n|-damage|p2a: Urshifu|0 fnt\n|faint|p2a: Urshifu\n|\n|win|wohuaweida\n|raw|wohuaweida's rating: 1443 &rarr; <strong>1469<\/strong><br \/>(+26 for winning)\n|raw|Tomolive502's rating: 1560 &rarr; <strong>1534<\/strong><br \/>(-26 for losing)\n|l|\u2606Tomolive502\n","uploadtime":1699956112,"views":16,"p1id":"wohuaweida","p2id":"tomolive502","formatid":"gen9nationaldex","rating":1469,"private":0,"password":""}