{"id":"gen9nationaldex-1988849614","p1":"Elec-ant1234($.$)","p2":"roberticochamp1","format":"[Gen 9] National Dex","log":"|j|\u2606Elec-ant1234($.$)\n|j|\u2606roberticochamp1\n|t:|1699773446\n|gametype|singles\n|player|p1|Elec-ant1234($.$)|carmine-festival|1136\n|player|p2|roberticochamp1|lucas|1297\n|teamsize|p1|6\n|teamsize|p2|6\n|gen|9\n|tier|[Gen 9] National Dex\n|rated|\n|rule|HP Percentage Mod: HP is shown in percentages\n|rule|Endless Battle Clause: Forcing endless battles is banned\n|rule|OHKO Clause: OHKO moves are banned\n|rule|Evasion Clause: Evasion abilities, items, and moves are banned\n|rule|Evasion Abilities Clause: Evasion abilities are banned\n|rule|Evasion Items Clause: Evasion items are banned\n|rule|Evasion Moves Clause: Evasion moves are banned\n|rule|Species Clause: Limit one of each Pok\u00e9mon\n|rule|Sleep Clause Mod: Limit one foe put to sleep\n|clearpoke\n|poke|p1|Charizard, M|\n|poke|p1|Heatran, M|\n|poke|p1|Gliscor, F|\n|poke|p1|Tornadus-Therian, M|\n|poke|p1|Iron Valiant|\n|poke|p1|Toxapex, F|\n|poke|p2|Hariyama, M|\n|poke|p2|Machamp, F|\n|poke|p2|Mienshao, M|\n|poke|p2|Scrafty, F|\n|poke|p2|Hitmontop, M|\n|poke|p2|Medicham, M|\n|teampreview\n|inactive|Battle timer is ON: inactive players will automatically lose when time's up. (requested by Elec-ant1234($.$))\n|j| EclipseWave\n|j| xKatatsvmix\n|j| TheeBasher\n|j| Repeater211\n|c| EclipseWave|oo mono fighting\n|j| Basestatchallenge\n|inactive|Elec-ant1234($.$) has 120 seconds left.\n|inactive|roberticochamp1 has 120 seconds left.\n|\n|t:|1699773485\n|start\n|switch|p1a: X\ud835\udc1atu|Tornadus-Therian, M|100\/100\n|switch|p2a: Scrafty|Scrafty, F|100\/100\n|turn|1\n|\n|t:|1699773495\n|move|p1a: X\ud835\udc1atu|Bleakwind Storm|p2a: Scrafty\n|-supereffective|p2a: Scrafty\n|-damage|p2a: Scrafty|62\/100\n|move|p2a: Scrafty|Knock Off|p1a: X\ud835\udc1atu\n|-damage|p1a: X\ud835\udc1atu|54\/100\n|-enditem|p1a: X\ud835\udc1atu|Heavy-Duty Boots|[from] move: Knock Off|[of] p2a: Scrafty\n|\n|upkeep\n|turn|2\n|j| delimasterer\n|\n|t:|1699773505\n|move|p1a: X\ud835\udc1atu|U-turn|p2a: Scrafty\n|-damage|p2a: Scrafty|46\/100\n|c| EclipseWave|X\ud835\udc1atu\n|\n|t:|1699773535\n|switch|p1a: Gliscor|Gliscor, F, shiny|100\/100|[from] U-turn\n|move|p2a: Scrafty|Knock Off|p1a: Gliscor\n|-damage|p1a: Gliscor|75\/100\n|-enditem|p1a: Gliscor|Toxic Orb|[from] move: Knock Off|[of] p2a: Scrafty\n|\n|upkeep\n|turn|3\n|\n|t:|1699773549\n|switch|p2a: Machamp|Machamp, F|100\/100\n|move|p1a: Gliscor|Earthquake|p2a: Machamp\n|-damage|p2a: Machamp|67\/100\n|\n|-status|p2a: Machamp|brn|[from] item: Flame Orb\n|upkeep\n|turn|4\n|inactive|Elec-ant1234($.$) has 120 seconds left.\n|l| Basestatchallenge\n|\n|t:|1699773574\n|move|p1a: Gliscor|U-turn|p2a: Machamp\n|-resisted|p2a: Machamp\n|-damage|p2a: Machamp|60\/100 brn\n|\n|t:|1699773585\n|switch|p1a: Am\ud83c\uddf4onguss|Toxapex, F|100\/100|[from] U-turn\n|move|p2a: Machamp|Facade|p1a: Am\ud83c\uddf4onguss\n|-damage|p1a: Am\ud83c\uddf4onguss|39\/100\n|\n|-damage|p2a: Machamp|54\/100 brn|[from] brn\n|upkeep\n|turn|5\n|\n|t:|1699773599\n|move|p2a: Machamp|Facade|p1a: Am\ud83c\uddf4onguss\n|-damage|p1a: Am\ud83c\uddf4onguss|0 fnt\n|faint|p1a: Am\ud83c\uddf4onguss\n|\n|-damage|p2a: Machamp|47\/100 brn|[from] brn\n|upkeep\n|c| EclipseWave|nicee\n|\n|t:|1699773611\n|switch|p1a: X\ud835\udc1atu|Tornadus-Therian, M|87\/100\n|turn|6\n|c| EclipseWave|wait shit nooo not Am\ud83c\uddf4onguss\n|\n|t:|1699773617\n|switch|p2a: Scrafty|Scrafty, F|46\/100\n|move|p1a: X\ud835\udc1atu|Bleakwind Storm|p2a: Scrafty\n|-supereffective|p2a: Scrafty\n|-damage|p2a: Scrafty|2\/100\n|\n|upkeep\n|turn|7\n|inactive|Elec-ant1234($.$) has 120 seconds left.\n|c|\u2606Elec-ant1234($.$)|it will forever be remembered\n|\n|t:|1699773627\n|move|p1a: X\ud835\udc1atu|Bleakwind Storm|p2a: Scrafty\n|-supereffective|p2a: Scrafty\n|-damage|p2a: Scrafty|0 fnt\n|faint|p2a: Scrafty\n|\n|upkeep\n|\n|t:|1699773634\n|switch|p2a: Hariyama|Hariyama, M|100\/100\n|turn|8\n|inactive|Elec-ant1234($.$) has 120 seconds left.\n|\n|t:|1699773657\n|-terastallize|p2a: Hariyama|Steel\n|move|p1a: X\ud835\udc1atu|Taunt|p2a: Hariyama\n|-start|p2a: Hariyama|move: Taunt\n|cant|p2a: Hariyama|move: Taunt|Belly Drum\n|\n|upkeep\n|turn|9\n|inactive|Elec-ant1234($.$) has 120 seconds left.\n|\n|t:|1699773678\n|switch|p1a: Gliscor|Gliscor, F, shiny|75\/100\n|switch|p2a: Hitmontop|Hitmontop, M|100\/100\n|-ability|p2a: Hitmontop|Intimidate|boost\n|-unboost|p1a: Gliscor|atk|1\n|\n|upkeep\n|turn|10\n|inactive|Elec-ant1234($.$) has 90 seconds left.\n|\n|t:|1699773716\n|move|p2a: Hitmontop|Fake Out|p1a: Gliscor\n|-damage|p1a: Gliscor|69\/100\n|cant|p1a: Gliscor|flinch\n|\n|upkeep\n|turn|11\n|c| EclipseWave|it has t. axel\n|inactive|Elec-ant1234($.$) has 90 seconds left.\n|\n|t:|1699773723\n|switch|p2a: Mienshao|Mienshao, M|100\/100\n|move|p1a: Gliscor|U-turn|p2a: Mienshao\n|-resisted|p2a: Mienshao\n|-damage|p2a: Mienshao|91\/100\n|inactive|Elec-ant1234($.$) has 90 seconds left.\n|\n|t:|1699773740\n|switch|p1a: X\ud835\udc1atu|Tornadus-Therian, M|100\/100|[from] U-turn\n|\n|upkeep\n|turn|12\n|\n|t:|1699773744\n|move|p2a: Mienshao|Ice Spinner|p1a: X\ud835\udc1atu\n|-supereffective|p1a: X\ud835\udc1atu\n|-damage|p1a: X\ud835\udc1atu|40\/100\n|move|p1a: X\ud835\udc1atu|Bleakwind Storm|p2a: Mienshao\n|-supereffective|p2a: Mienshao\n|-damage|p2a: Mienshao|0 fnt\n|faint|p2a: Mienshao\n|\n|upkeep\n|\n|t:|1699773760\n|switch|p2a: Medicham|Medicham, M|100\/100\n|turn|13\n|\n|t:|1699773769\n|detailschange|p2a: Medicham|Medicham-Mega, M\n|-mega|p2a: Medicham|Medicham|Medichamite\n|move|p1a: X\ud835\udc1atu|Bleakwind Storm|p2a: Medicham\n|-supereffective|p2a: Medicham\n|-damage|p2a: Medicham|0 fnt\n|faint|p2a: Medicham\n|\n|upkeep\n|\n|t:|1699773777\n|switch|p2a: Hariyama|Hariyama, M, tera:Steel|100\/100\n|turn|14\n|c| TheeBasher|so we have A. mono fighting or B. a guy with 2 legends, and a paradox\n|\n|t:|1699773781\n|move|p1a: X\ud835\udc1atu|Taunt|p2a: Hariyama\n|-start|p2a: Hariyama|move: Taunt\n|move|p2a: Hariyama|Knock Off|p1a: X\ud835\udc1atu\n|-damage|p1a: X\ud835\udc1atu|12\/100\n|\n|upkeep\n|turn|15\n|\n|t:|1699773787\n|move|p2a: Hariyama|Bullet Punch|p1a: X\ud835\udc1atu\n|-crit|p1a: X\ud835\udc1atu\n|-damage|p1a: X\ud835\udc1atu|0 fnt\n|faint|p1a: X\ud835\udc1atu\n|\n|upkeep\n|\n|t:|1699773790\n|switch|p1a: Heatran|Heatran, M|100\/100\n|turn|16\n|c| Repeater211|it's time for the funny\n|\n|t:|1699773795\n|switch|p2a: Hitmontop|Hitmontop, M|100\/100\n|-ability|p2a: Hitmontop|Intimidate|boost\n|-unboost|p1a: Heatran|atk|1\n|move|p1a: Heatran|Eruption|p2a: Hitmontop\n|-damage|p2a: Hitmontop|0 fnt\n|faint|p2a: Hitmontop\n|\n|upkeep\n|c| EclipseWave|B\n|\n|t:|1699773804\n|switch|p2a: Machamp|Machamp, F|47\/100 brn\n|turn|17\n|\n|t:|1699773809\n|move|p1a: Heatran|Eruption|p2a: Machamp\n|-damage|p2a: Machamp|0 fnt\n|faint|p2a: Machamp\n|\n|upkeep\n|\n|t:|1699773815\n|switch|p2a: Hariyama|Hariyama, M, tera:Steel|100\/100\n|turn|18\n|c| Repeater211|man i love gen 8 mints\n|l| EclipseWave\n|\n|t:|1699773818\n|move|p1a: Heatran|Eruption|p2a: Hariyama\n|-supereffective|p2a: Hariyama\n|-damage|p2a: Hariyama|0 fnt\n|faint|p2a: Hariyama\n|\n|win|Elec-ant1234($.$)\n|raw|Elec-ant1234($.$)'s rating: 1136 &rarr; <strong>1172<\/strong><br \/>(+36 for winning)\n|raw|roberticochamp1's rating: 1297 &rarr; <strong>1261<\/strong><br \/>(-36 for losing)\n|l|\u2606roberticochamp1\n|c|\u2606Elec-ant1234($.$)|gaming\n|c|\u2606Elec-ant1234($.$)|gg\n|l| xKatatsvmix\n|l|\u2606Elec-ant1234($.$)\n","uploadtime":1699773834,"views":4,"p1id":"elecant1234","p2id":"roberticochamp1","formatid":"gen9nationaldex","rating":1172,"private":0,"password":""}