{"id":"gen9nationaldex-1990834970","p1":"hackilla15","p2":"SegaSunnyD","format":"[Gen 9] National Dex","log":"|j|\u2606hackilla15\n|j|\u2606SegaSunnyD\n|t:|1700005751\n|gametype|singles\n|player|p1|hackilla15|ethan|1200\n|player|p2|SegaSunnyD|caitlin|1230\n|teamsize|p1|6\n|teamsize|p2|6\n|gen|9\n|tier|[Gen 9] National Dex\n|rated|\n|rule|HP Percentage Mod: HP is shown in percentages\n|rule|Endless Battle Clause: Forcing endless battles is banned\n|rule|OHKO Clause: OHKO moves are banned\n|rule|Evasion Clause: Evasion abilities, items, and moves are banned\n|rule|Evasion Abilities Clause: Evasion abilities are banned\n|rule|Evasion Items Clause: Evasion items are banned\n|rule|Evasion Moves Clause: Evasion moves are banned\n|rule|Species Clause: Limit one of each Pok\u00e9mon\n|rule|Sleep Clause Mod: Limit one foe put to sleep\n|clearpoke\n|poke|p1|Clodsire, F|\n|poke|p1|Poliwrath, M|\n|poke|p1|Volcarona, F|\n|poke|p1|Rillaboom, M|\n|poke|p1|Venusaur, M|\n|poke|p1|Krookodile, M|\n|poke|p2|Gardevoir, F|\n|poke|p2|Venomoth, F|\n|poke|p2|Gengar, M|\n|poke|p2|Araquanid, M|\n|poke|p2|Lucario, F|\n|poke|p2|Greninja-*, M|\n|teampreview\n|inactive|Battle timer is ON: inactive players will automatically lose when time's up. (requested by hackilla15)\n|\n|t:|1700005778\n|start\n|switch|p1a: M\u00f6th|Volcarona, F, shiny|100\/100\n|switch|p2a: Araquanid|Araquanid, M, shiny|100\/100\n|turn|1\n|\n|t:|1700005787\n|-terastallize|p1a: M\u00f6th|Grass\n|move|p1a: M\u00f6th|Quiver Dance|p1a: M\u00f6th\n|-boost|p1a: M\u00f6th|spa|1\n|-boost|p1a: M\u00f6th|spd|1\n|-boost|p1a: M\u00f6th|spe|1\n|move|p2a: Araquanid|Liquidation|p1a: M\u00f6th\n|-resisted|p1a: M\u00f6th\n|-damage|p1a: M\u00f6th|62\/100\n|-unboost|p1a: M\u00f6th|def|1\n|\n|upkeep\n|turn|2\n|\n|t:|1700005798\n|move|p1a: M\u00f6th|Giga Drain|p2a: Araquanid\n|-damage|p2a: Araquanid|57\/100\n|-heal|p1a: M\u00f6th|86\/100|[from] drain|[of] p2a: Araquanid\n|move|p2a: Araquanid|Leech Life|p1a: M\u00f6th\n|-supereffective|p1a: M\u00f6th\n|-damage|p1a: M\u00f6th|0 fnt\n|-heal|p2a: Araquanid|96\/100|[from] drain|[of] p1a: M\u00f6th\n|faint|p1a: M\u00f6th\n|\n|upkeep\n|\n|t:|1700005810\n|switch|p1a: F.R.O.G.|Poliwrath, M, shiny|100\/100\n|turn|3\n|\n|t:|1700005814\n|move|p1a: F.R.O.G.|Knock Off|p2a: Araquanid\n|-damage|p2a: Araquanid|66\/100\n|-enditem|p2a: Araquanid|Focus Sash|[from] move: Knock Off|[of] p1a: F.R.O.G.\n|move|p2a: Araquanid|Sticky Web|p1a: F.R.O.G.\n|-sidestart|p1: hackilla15|move: Sticky Web\n|\n|upkeep\n|turn|4\n|\n|t:|1700005820\n|move|p1a: F.R.O.G.|Poison Jab|p2a: Araquanid\n|-damage|p2a: Araquanid|43\/100\n|-status|p2a: Araquanid|psn\n|move|p2a: Araquanid|Liquidation|p1a: F.R.O.G.\n|-immune|p1a: F.R.O.G.|[from] ability: Water Absorb\n|\n|-damage|p2a: Araquanid|31\/100 psn|[from] psn\n|upkeep\n|turn|5\n|\n|t:|1700005836\n|move|p1a: F.R.O.G.|Poison Jab|p2a: Araquanid\n|-damage|p2a: Araquanid|6\/100 psn\n|move|p2a: Araquanid|Leech Life|p1a: F.R.O.G.\n|-resisted|p1a: F.R.O.G.\n|-damage|p1a: F.R.O.G.|86\/100\n|-heal|p2a: Araquanid|13\/100 psn|[from] drain|[of] p1a: F.R.O.G.\n|\n|-damage|p2a: Araquanid|1\/100 psn|[from] psn\n|upkeep\n|turn|6\n|\n|t:|1700005847\n|move|p1a: F.R.O.G.|Poison Jab|p2a: Araquanid\n|-damage|p2a: Araquanid|0 fnt\n|faint|p2a: Araquanid\n|\n|upkeep\n|inactive|SegaSunnyD has 120 seconds left.\n|\n|t:|1700005901\n|switch|p2a: Gardevoir|Gardevoir, F, shiny|100\/100\n|turn|7\n|\n|t:|1700005906\n|detailschange|p2a: Gardevoir|Gardevoir-Mega, F, shiny\n|-mega|p2a: Gardevoir|Gardevoir|Gardevoirite\n|move|p2a: Gardevoir|Hyper Voice|p1a: F.R.O.G.\n|-supereffective|p1a: F.R.O.G.\n|-damage|p1a: F.R.O.G.|5\/100\n|move|p1a: F.R.O.G.|Poison Jab|p2a: Gardevoir\n|-supereffective|p2a: Gardevoir\n|-damage|p2a: Gardevoir|15\/100\n|\n|upkeep\n|turn|8\n|\n|t:|1700005912\n|switch|p1a: Sir Clod|Clodsire, F, shiny|100\/100\n|-activate|p1a: Sir Clod|move: Sticky Web\n|-unboost|p1a: Sir Clod|spe|1\n|move|p2a: Gardevoir|Psyshock|p1a: Sir Clod\n|-supereffective|p1a: Sir Clod\n|-damage|p1a: Sir Clod|0 fnt\n|faint|p1a: Sir Clod\n|\n|upkeep\n|\n|t:|1700005917\n|switch|p1a: Boomin' Bangers|Rillaboom, M|100\/100\n|-activate|p1a: Boomin' Bangers|move: Sticky Web\n|-unboost|p1a: Boomin' Bangers|spe|1\n|-fieldstart|move: Grassy Terrain|[from] ability: Grassy Surge|[of] p1a: Boomin' Bangers\n|-enditem|p1a: Boomin' Bangers|Grassy Seed\n|-boost|p1a: Boomin' Bangers|def|1|[from] item: Grassy Seed\n|turn|9\n|\n|t:|1700005926\n|move|p1a: Boomin' Bangers|Grassy Glide|p2a: Gardevoir\n|-damage|p2a: Gardevoir|0 fnt\n|faint|p2a: Gardevoir\n|\n|upkeep\n|\n|t:|1700005939\n|switch|p2a: Venomoth|Venomoth, F, shiny|100\/100\n|turn|10\n|\n|t:|1700005959\n|switch|p1a: F.R.O.G.?|Venusaur, M, shiny|100\/100\n|-activate|p1a: F.R.O.G.?|move: Sticky Web\n|-unboost|p1a: F.R.O.G.?|spe|1\n|move|p2a: Venomoth|Bug Buzz|p1a: F.R.O.G.?\n|-damage|p1a: F.R.O.G.?|63\/100\n|\n|-heal|p1a: F.R.O.G.?|69\/100|[from] Grassy Terrain\n|upkeep\n|turn|11\n|\n|t:|1700005969\n|detailschange|p1a: F.R.O.G.?|Venusaur-Mega, M, shiny\n|-mega|p1a: F.R.O.G.?|Venusaur|Venusaurite\n|move|p2a: Venomoth|Quiver Dance|p2a: Venomoth\n|-boost|p2a: Venomoth|spa|1\n|-boost|p2a: Venomoth|spd|1\n|-boost|p2a: Venomoth|spe|1\n|move|p1a: F.R.O.G.?|Earth Power|p2a: Venomoth\n|-damage|p2a: Venomoth|75\/100\n|\n|-heal|p2a: Venomoth|81\/100|[from] Grassy Terrain\n|-heal|p1a: F.R.O.G.?|75\/100|[from] Grassy Terrain\n|upkeep\n|turn|12\n|\n|t:|1700005978\n|move|p2a: Venomoth|Quiver Dance|p2a: Venomoth\n|-boost|p2a: Venomoth|spa|1\n|-boost|p2a: Venomoth|spd|1\n|-boost|p2a: Venomoth|spe|1\n|move|p1a: F.R.O.G.?|Leech Seed|p2a: Venomoth\n|-start|p2a: Venomoth|move: Leech Seed\n|\n|-heal|p2a: Venomoth|87\/100|[from] Grassy Terrain\n|-heal|p1a: F.R.O.G.?|81\/100|[from] Grassy Terrain\n|-damage|p2a: Venomoth|74\/100|[from] Leech Seed|[of] p1a: F.R.O.G.?\n|-heal|p1a: F.R.O.G.?|92\/100|[silent]\n|upkeep\n|turn|13\n|\n|t:|1700005983\n|move|p2a: Venomoth|Bug Buzz|p1a: F.R.O.G.?\n|-damage|p1a: F.R.O.G.?|36\/100\n|move|p1a: F.R.O.G.?|Earth Power|p2a: Venomoth\n|-damage|p2a: Venomoth|55\/100\n|\n|-heal|p2a: Venomoth|61\/100|[from] Grassy Terrain\n|-heal|p1a: F.R.O.G.?|42\/100|[from] Grassy Terrain\n|-damage|p2a: Venomoth|48\/100|[from] Leech Seed|[of] p1a: F.R.O.G.?\n|-heal|p1a: F.R.O.G.?|53\/100|[silent]\n|-fieldend|move: Grassy Terrain\n|upkeep\n|turn|14\n|\n|t:|1700005998\n|move|p2a: Venomoth|Bug Buzz|p1a: F.R.O.G.?\n|-damage|p1a: F.R.O.G.?|0 fnt\n|faint|p1a: F.R.O.G.?\n|\n|upkeep\n|\n|t:|1700006002\n|switch|p1a: Boomin' Bangers|Rillaboom, M|100\/100\n|-activate|p1a: Boomin' Bangers|move: Sticky Web\n|-unboost|p1a: Boomin' Bangers|spe|1\n|-fieldstart|move: Grassy Terrain|[from] ability: Grassy Surge|[of] p1a: Boomin' Bangers\n|turn|15\n|\n|t:|1700006010\n|move|p1a: Boomin' Bangers|Grassy Glide|p2a: Venomoth\n|-resisted|p2a: Venomoth\n|-damage|p2a: Venomoth|32\/100\n|move|p2a: Venomoth|Bug Buzz|p1a: Boomin' Bangers\n|-supereffective|p1a: Boomin' Bangers\n|-damage|p1a: Boomin' Bangers|0 fnt\n|faint|p1a: Boomin' Bangers\n|\n|-heal|p2a: Venomoth|38\/100|[from] Grassy Terrain\n|upkeep\n|\n|t:|1700006014\n|switch|p1a: Mr. Jitters|Krookodile, M|100\/100\n|-activate|p1a: Mr. Jitters|move: Sticky Web\n|-unboost|p1a: Mr. Jitters|spe|1\n|turn|16\n|\n|t:|1700006018\n|move|p2a: Venomoth|Bug Buzz|p1a: Mr. Jitters\n|-supereffective|p1a: Mr. Jitters\n|-damage|p1a: Mr. Jitters|0 fnt\n|faint|p1a: Mr. Jitters\n|\n|-heal|p2a: Venomoth|44\/100|[from] Grassy Terrain\n|upkeep\n|\n|t:|1700006020\n|switch|p1a: F.R.O.G.|Poliwrath, M, shiny|5\/100\n|-activate|p1a: F.R.O.G.|move: Sticky Web\n|-unboost|p1a: F.R.O.G.|spe|1\n|turn|17\n|\n|t:|1700006022\n|move|p2a: Venomoth|Bug Buzz|p1a: F.R.O.G.\n|-resisted|p1a: F.R.O.G.\n|-damage|p1a: F.R.O.G.|0 fnt\n|faint|p1a: F.R.O.G.\n|\n|win|SegaSunnyD\n|raw|hackilla15's rating: 1200 &rarr; <strong>1177<\/strong><br \/>(-23 for losing)\n|raw|SegaSunnyD's rating: 1230 &rarr; <strong>1253<\/strong><br \/>(+23 for winning)\n|l|\u2606hackilla15\n","uploadtime":1700006037,"views":4,"p1id":"hackilla15","p2id":"segasunnyd","formatid":"gen9nationaldex","rating":1177,"private":0,"password":""}