{"id":"gen9nationaldex-1995791257","p1":"221savage","p2":"zhangsangua","format":"[Gen 9] National Dex","log":"|html|<div class=\"broadcast-blue\"><strong>[Gen 9] National Dex is currently suspecting Sneasler! For information on how to participate check out the <a href=\"https:\/\/www.smogon.com\/forums\/threads\/sv-national-dex-suspect-8-just-dance.3731534\/\">suspect thread<\/a>.<\/strong><\/div>\n|j|\u2606221savage\n|j|\u2606zhangsangua\n|t:|1700603513\n|gametype|singles\n|player|p1|221savage|101|1391\n|player|p2|zhangsangua|rocketgrunt|1408\n|teamsize|p1|6\n|teamsize|p2|6\n|gen|9\n|tier|[Gen 9] National Dex\n|rated|\n|rule|HP Percentage Mod: HP is shown in percentages\n|rule|Endless Battle Clause: Forcing endless battles is banned\n|rule|OHKO Clause: OHKO moves are banned\n|rule|Evasion Clause: Evasion abilities, items, and moves are banned\n|rule|Evasion Abilities Clause: Evasion abilities are banned\n|rule|Evasion Items Clause: Evasion items are banned\n|rule|Evasion Moves Clause: Evasion moves are banned\n|rule|Species Clause: Limit one of each Pok\u00e9mon\n|rule|Sleep Clause Mod: Limit one foe put to sleep\n|clearpoke\n|poke|p1|Blastoise, F|\n|poke|p1|Banette, M|\n|poke|p1|Machamp, M|\n|poke|p1|Darmanitan, M|\n|poke|p1|Tsareena, F|\n|poke|p1|Toxtricity, F|\n|poke|p2|Banette, M|\n|poke|p2|Ribombee, M|\n|poke|p2|Victini|\n|poke|p2|Sneasler, M|\n|poke|p2|Garchomp, F|\n|poke|p2|Ditto|\n|teampreview\n|c|\u2606221savage|gl\n|\n|t:|1700603523\n|start\n|switch|p1a: Banette|Banette, M|100\/100\n|switch|p2a: Ribombee|Ribombee, M|100\/100\n|turn|1\n|inactive|Battle timer is ON: inactive players will automatically lose when time's up. (requested by zhangsangua)\n|\n|t:|1700603529\n|detailschange|p1a: Banette|Banette-Mega, M\n|-mega|p1a: Banette|Banette|Banettite\n|move|p1a: Banette|Taunt|p2a: Ribombee\n|-start|p2a: Ribombee|move: Taunt\n|move|p2a: Ribombee|Moonblast|p1a: Banette\n|-damage|p1a: Banette|50\/100\n|\n|upkeep\n|turn|2\n|\n|t:|1700603536\n|move|p1a: Banette|Destiny Bond|p1a: Banette\n|-singlemove|p1a: Banette|Destiny Bond\n|move|p2a: Ribombee|Moonblast|p1a: Banette\n|-damage|p1a: Banette|0 fnt\n|faint|p1a: Banette\n|-activate|p1a: Banette|move: Destiny Bond\n|faint|p2a: Ribombee\n|\n|upkeep\n|\n|t:|1700603552\n|switch|p2a: Banette|Banette, M|100\/100\n|switch|p1a: Machamp|Machamp, M|100\/100\n|-item|p1a: Machamp|Life Orb|[from] ability: Frisk|[of] p2a: Banette|[identify]\n|turn|3\n|\n|t:|1700603559\n|detailschange|p2a: Banette|Banette-Mega, M\n|-mega|p2a: Banette|Banette|Banettite\n|move|p2a: Banette|Destiny Bond|p2a: Banette\n|-singlemove|p2a: Banette|Destiny Bond\n|move|p1a: Machamp|Stone Edge|p2a: Banette\n|-damage|p2a: Banette|39\/100\n|-damage|p1a: Machamp|91\/100|[from] item: Life Orb\n|\n|upkeep\n|turn|4\n|\n|t:|1700603570\n|move|p2a: Banette|Shadow Claw|p1a: Machamp\n|-crit|p1a: Machamp\n|-damage|p1a: Machamp|12\/100\n|move|p1a: Machamp|Dynamic Punch|p2a: Banette\n|-immune|p2a: Banette\n|\n|upkeep\n|turn|5\n|\n|t:|1700603577\n|move|p1a: Machamp|Bullet Punch|p2a: Banette\n|-crit|p2a: Banette\n|-damage|p2a: Banette|0 fnt\n|faint|p2a: Banette\n|-damage|p1a: Machamp|3\/100|[from] item: Life Orb\n|\n|upkeep\n|c|\u2606221savage|oops\n|\n|t:|1700603584\n|switch|p2a: Sneasler|Sneasler, M|100\/100\n|turn|6\n|\n|t:|1700603588\n|-terastallize|p2a: Sneasler|Flying\n|move|p2a: Sneasler|Fake Out|p1a: Machamp\n|-enditem|p2a: Sneasler|Normal Gem|[from] gem\n|-damage|p1a: Machamp|0 fnt\n|faint|p1a: Machamp\n|\n|upkeep\n|\n|t:|1700603594\n|switch|p1a: Toxtricity|Toxtricity, F|100\/100\n|turn|7\n|\n|t:|1700603606\n|move|p2a: Sneasler|Dire Claw|p1a: Toxtricity\n|-resisted|p1a: Toxtricity\n|-damage|p1a: Toxtricity|75\/100\n|-status|p1a: Toxtricity|slp\n|cant|p1a: Toxtricity|slp\n|\n|upkeep\n|turn|8\n|c|\u2606221savage|wtf\n|\n|t:|1700603613\n|switch|p2a: Garchomp|Garchomp, F|100\/100\n|cant|p1a: Toxtricity|slp\n|\n|upkeep\n|turn|9\n|\n|t:|1700603634\n|switch|p1a: Tsareena|Tsareena, F|100\/100\n|move|p2a: Garchomp|Swords Dance|p2a: Garchomp\n|-boost|p2a: Garchomp|atk|2\n|\n|upkeep\n|turn|10\n|\n|t:|1700603642\n|move|p2a: Garchomp|Dragon Claw|p1a: Tsareena\n|-crit|p1a: Tsareena\n|-damage|p1a: Tsareena|0 fnt\n|faint|p1a: Tsareena\n|\n|upkeep\n|\n|t:|1700603650\n|switch|p1a: Blastoise|Blastoise, F|100\/100\n|turn|11\n|\n|t:|1700603656\n|move|p2a: Garchomp|Dragon Claw|p1a: Blastoise\n|-damage|p1a: Blastoise|13\/100\n|move|p1a: Blastoise|Shell Smash|p1a: Blastoise\n|-unboost|p1a: Blastoise|def|1\n|-unboost|p1a: Blastoise|spd|1\n|-boost|p1a: Blastoise|atk|2\n|-boost|p1a: Blastoise|spa|2\n|-boost|p1a: Blastoise|spe|2\n|\n|upkeep\n|turn|12\n|\n|t:|1700603661\n|switch|p2a: Ditto|Ditto|100\/100\n|-transform|p2a: Ditto|p1a: Blastoise|[from] ability: Imposter\n|move|p1a: Blastoise|Ice Beam|p2a: Ditto\n|-resisted|p2a: Ditto\n|-damage|p2a: Ditto|61\/100\n|\n|upkeep\n|turn|13\n|\n|t:|1700603671\n|move|p1a: Blastoise|Focus Blast|p2a: Ditto\n|-damage|p2a: Ditto|0 fnt\n|faint|p2a: Ditto\n|\n|upkeep\n|\n|t:|1700603674\n|switch|p2a: Sneasler|Sneasler, M, tera:Flying|100\/100\n|turn|14\n|\n|t:|1700603685\n|move|p2a: Sneasler|Fake Out|p1a: Blastoise\n|-damage|p1a: Blastoise|0 fnt\n|faint|p1a: Blastoise\n|\n|upkeep\n|\n|t:|1700603708\n|switch|p1a: Darmanitan|Darmanitan, M|100\/100\n|turn|15\n|\n|t:|1700603718\n|move|p1a: Darmanitan|Flare Blitz|p2a: Sneasler\n|-damage|p2a: Sneasler|0 fnt\n|faint|p2a: Sneasler\n|-damage|p1a: Darmanitan|72\/100|[from] Recoil\n|\n|upkeep\n|\n|t:|1700603721\n|switch|p2a: Victini|Victini|100\/100\n|turn|16\n|\n|t:|1700603727\n|move|p2a: Victini|Final Gambit|p1a: Darmanitan\n|-damage|p1a: Darmanitan|0 fnt\n|faint|p2a: Victini\n|faint|p1a: Darmanitan\n|\n|upkeep\n|\n|t:|1700603730\n|switch|p2a: Garchomp|Garchomp, F|100\/100\n|switch|p1a: Toxtricity|Toxtricity, F|75\/100 slp\n|turn|17\n|\n|t:|1700603733\n|-terastallize|p1a: Toxtricity|Normal\n|move|p2a: Garchomp|Earthquake|p1a: Toxtricity\n|-damage|p1a: Toxtricity|7\/100 slp\n|-curestatus|p1a: Toxtricity|slp|[msg]\n|move|p1a: Toxtricity|Boomburst|p2a: Garchomp\n|-damage|p2a: Garchomp|0 fnt\n|faint|p2a: Garchomp\n|\n|win|221savage\n|raw|221savage's rating: 1391 &rarr; <strong>1412<\/strong><br \/>(+21 for winning)\n|raw|zhangsangua's rating: 1408 &rarr; <strong>1387<\/strong><br \/>(-21 for losing)\n|c|\u2606221savage|ok\n|c|\u2606221savage|that was easy\n|l|\u2606zhangsangua\n","uploadtime":1700603764,"views":1,"p1id":"221savage","p2id":"zhangsangua","formatid":"gen9nationaldex","rating":1387,"private":0,"password":""}