{"id":"gen9nationaldex-1992879858","p1":"Kinglyknown","p2":"andresr18000","format":"[Gen 9] National Dex","log":"|j|\u2606Kinglyknown\n|j|\u2606andresr18000\n|t:|1700243387\n|gametype|singles\n|player|p1|Kinglyknown|cyrus|1101\n|player|p2|andresr18000|richboy|1033\n|teamsize|p1|6\n|teamsize|p2|6\n|gen|9\n|tier|[Gen 9] National Dex\n|rated|\n|rule|HP Percentage Mod: HP is shown in percentages\n|rule|Endless Battle Clause: Forcing endless battles is banned\n|rule|OHKO Clause: OHKO moves are banned\n|rule|Evasion Clause: Evasion abilities, items, and moves are banned\n|rule|Evasion Abilities Clause: Evasion abilities are banned\n|rule|Evasion Items Clause: Evasion items are banned\n|rule|Evasion Moves Clause: Evasion moves are banned\n|rule|Species Clause: Limit one of each Pok\u00e9mon\n|rule|Sleep Clause Mod: Limit one foe put to sleep\n|clearpoke\n|poke|p1|Meowscarada, M|\n|poke|p1|Barbaracle, M|\n|poke|p1|Togekiss, M|\n|poke|p1|Rotom-Wash|\n|poke|p1|Blaziken, M|\n|poke|p1|Dusknoir, F|\n|poke|p2|Kingdra, M|\n|poke|p2|Florges-White, F|\n|poke|p2|Sawsbuck-Winter, M|\n|poke|p2|Swanna, F|\n|poke|p2|Vanilluxe, M|\n|poke|p2|Weavile, F|\n|teampreview\n|inactive|Battle timer is ON: inactive players will automatically lose when time's up. (requested by Kinglyknown)\n|inactive|Kinglyknown has 120 seconds left.\n|\n|t:|1700243434\n|start\n|switch|p1a: Rotom|Rotom-Wash|100\/100\n|switch|p2a: Sawsbuck|Sawsbuck-Winter, M|100\/100\n|turn|1\n|\n|t:|1700243443\n|move|p2a: Sawsbuck|Seed Bomb|p1a: Rotom\n|-supereffective|p1a: Rotom\n|-damage|p1a: Rotom|6\/100\n|move|p1a: Rotom|Volt Switch|p2a: Sawsbuck\n|-resisted|p2a: Sawsbuck\n|-damage|p2a: Sawsbuck|67\/100\n|\n|t:|1700243455\n|switch|p1a: Blaziken|Blaziken, M|100\/100|[from] Volt Switch\n|\n|upkeep\n|turn|2\n|\n|t:|1700243460\n|move|p2a: Sawsbuck|Play Rough|p1a: Blaziken\n|-damage|p1a: Blaziken|63\/100\n|-unboost|p1a: Blaziken|atk|1\n|move|p1a: Blaziken|Curse|p1a: Blaziken\n|-unboost|p1a: Blaziken|spe|1\n|-boost|p1a: Blaziken|atk|1\n|-boost|p1a: Blaziken|def|1\n|\n|-ability|p1a: Blaziken|Speed Boost|boost\n|-boost|p1a: Blaziken|spe|1\n|upkeep\n|turn|3\n|\n|t:|1700243470\n|move|p2a: Sawsbuck|Body Slam|p1a: Blaziken\n|-damage|p1a: Blaziken|28\/100\n|-status|p1a: Blaziken|par\n|move|p1a: Blaziken|Curse|p1a: Blaziken\n|-unboost|p1a: Blaziken|spe|1\n|-boost|p1a: Blaziken|atk|1\n|-boost|p1a: Blaziken|def|1\n|\n|-ability|p1a: Blaziken|Speed Boost|boost\n|-boost|p1a: Blaziken|spe|1\n|upkeep\n|turn|4\n|\n|t:|1700243479\n|move|p1a: Blaziken|Protect|p1a: Blaziken\n|-singleturn|p1a: Blaziken|Protect\n|move|p2a: Sawsbuck|Play Rough|p1a: Blaziken\n|-activate|p1a: Blaziken|move: Protect\n|\n|-ability|p1a: Blaziken|Speed Boost|boost\n|-boost|p1a: Blaziken|spe|1\n|upkeep\n|turn|5\n|\n|t:|1700243491\n|move|p2a: Sawsbuck|Play Rough|p1a: Blaziken\n|-damage|p1a: Blaziken|6\/100 par\n|move|p1a: Blaziken|Close Combat|p2a: Sawsbuck\n|-supereffective|p2a: Sawsbuck\n|-damage|p2a: Sawsbuck|0 fnt\n|-unboost|p1a: Blaziken|def|1\n|-unboost|p1a: Blaziken|spd|1\n|faint|p2a: Sawsbuck\n|\n|-ability|p1a: Blaziken|Speed Boost|boost\n|-boost|p1a: Blaziken|spe|1\n|upkeep\n|\n|t:|1700243502\n|switch|p2a: Weavile|Weavile, F|100\/100\n|turn|6\n|\n|t:|1700243508\n|move|p2a: Weavile|Knock Off|p1a: Blaziken\n|-resisted|p1a: Blaziken\n|-damage|p1a: Blaziken|0 fnt\n|-enditem|p1a: Blaziken|Expert Belt|[from] move: Knock Off|[of] p2a: Weavile\n|faint|p1a: Blaziken\n|\n|upkeep\n|\n|t:|1700243525\n|switch|p1a: Barbaracle|Barbaracle, M|100\/100\n|turn|7\n|\n|t:|1700243531\n|move|p2a: Weavile|Brick Break|p1a: Barbaracle\n|-supereffective|p1a: Barbaracle\n|-damage|p1a: Barbaracle|51\/100\n|move|p1a: Barbaracle|Shell Smash|p1a: Barbaracle\n|-unboost|p1a: Barbaracle|def|1\n|-unboost|p1a: Barbaracle|spd|1\n|-boost|p1a: Barbaracle|atk|2\n|-boost|p1a: Barbaracle|spa|2\n|-boost|p1a: Barbaracle|spe|2\n|-enditem|p1a: Barbaracle|White Herb\n|-clearnegativeboost|p1a: Barbaracle|[silent]\n|\n|upkeep\n|turn|8\n|\n|t:|1700243545\n|move|p1a: Barbaracle|Liquidation|p2a: Weavile\n|-enditem|p2a: Weavile|Focus Sash\n|-damage|p2a: Weavile|1\/100\n|move|p2a: Weavile|Brick Break|p1a: Barbaracle\n|-supereffective|p1a: Barbaracle\n|-damage|p1a: Barbaracle|0 fnt\n|faint|p1a: Barbaracle\n|\n|upkeep\n|\n|t:|1700243553\n|switch|p1a: Rotom|Rotom-Wash|6\/100\n|turn|9\n|\n|t:|1700243555\n|move|p2a: Weavile|Ice Shard|p1a: Rotom\n|-resisted|p1a: Rotom\n|-damage|p1a: Rotom|0 fnt\n|faint|p1a: Rotom\n|\n|upkeep\n|\n|t:|1700243558\n|switch|p1a: Dusknoir|Dusknoir, F|100\/100\n|turn|10\n|\n|t:|1700243561\n|move|p2a: Weavile|Knock Off|p1a: Dusknoir\n|-supereffective|p1a: Dusknoir\n|-damage|p1a: Dusknoir|20\/100\n|-enditem|p1a: Dusknoir|Eviolite|[from] move: Knock Off|[of] p2a: Weavile\n|move|p1a: Dusknoir|Darkest Lariat|p2a: Weavile\n|-resisted|p2a: Weavile\n|-damage|p2a: Weavile|0 fnt\n|faint|p2a: Weavile\n|\n|upkeep\n|\n|t:|1700243570\n|switch|p2a: Swanna|Swanna, F|100\/100\n|turn|11\n|\n|t:|1700243574\n|move|p2a: Swanna|Air Slash|p1a: Dusknoir\n|-damage|p1a: Dusknoir|0 fnt\n|faint|p1a: Dusknoir\n|\n|upkeep\n|\n|t:|1700243580\n|switch|p1a: Togekiss|Togekiss, M|100\/100\n|turn|12\n|\n|t:|1700243585\n|switch|p2a: Kingdra|Kingdra, M|100\/100\n|move|p1a: Togekiss|Thunder Wave|p2a: Kingdra\n|-status|p2a: Kingdra|par\n|\n|upkeep\n|turn|13\n|\n|t:|1700243591\n|move|p1a: Togekiss|Ancient Power|p2a: Kingdra\n|-damage|p2a: Kingdra|76\/100 par\n|move|p2a: Kingdra|Iron Head|p1a: Togekiss\n|-supereffective|p1a: Togekiss\n|-damage|p1a: Togekiss|48\/100\n|\n|upkeep\n|turn|14\n|\n|t:|1700243596\n|move|p1a: Togekiss|Ancient Power|p2a: Kingdra\n|-damage|p2a: Kingdra|52\/100 par\n|-boost|p1a: Togekiss|atk|1\n|-boost|p1a: Togekiss|def|1\n|-boost|p1a: Togekiss|spa|1\n|-boost|p1a: Togekiss|spd|1\n|-boost|p1a: Togekiss|spe|1\n|move|p2a: Kingdra|Iron Head|p1a: Togekiss\n|-supereffective|p1a: Togekiss\n|-damage|p1a: Togekiss|9\/100\n|\n|upkeep\n|turn|15\n|\n|t:|1700243605\n|move|p1a: Togekiss|Air Slash|p2a: Kingdra\n|-damage|p2a: Kingdra|0 fnt\n|faint|p2a: Kingdra\n|\n|upkeep\n|\n|t:|1700243609\n|switch|p2a: Swanna|Swanna, F|100\/100\n|turn|16\n|\n|t:|1700243614\n|move|p2a: Swanna|Air Slash|p1a: Togekiss\n|-damage|p1a: Togekiss|0 fnt\n|faint|p1a: Togekiss\n|\n|upkeep\n|\n|t:|1700243616\n|switch|p1a: Meowscarada|Meowscarada, M|100\/100\n|turn|17\n|\n|t:|1700243624\n|-terastallize|p1a: Meowscarada|Grass\n|move|p2a: Swanna|Air Slash|p1a: Meowscarada\n|-supereffective|p1a: Meowscarada\n|-damage|p1a: Meowscarada|10\/100\n|cant|p1a: Meowscarada|flinch\n|\n|upkeep\n|turn|18\n|\n|t:|1700243631\n|move|p2a: Swanna|Air Slash|p1a: Meowscarada\n|-supereffective|p1a: Meowscarada\n|-damage|p1a: Meowscarada|0 fnt\n|faint|p1a: Meowscarada\n|\n|win|andresr18000\n|raw|Kinglyknown's rating: 1101 &rarr; <strong>1071<\/strong><br \/>(-30 for losing)\n|raw|andresr18000's rating: 1033 &rarr; <strong>1075<\/strong><br \/>(+42 for winning)\n","uploadtime":1700243636,"views":6,"p1id":"kinglyknown","p2id":"andresr18000","formatid":"gen9nationaldex","rating":1071,"private":0,"password":""}