{"id":"gen9nationaldex-1996014144","p1":"mochinokatakuri","p2":"LNewsom88","format":"[Gen 9] National Dex","log":"|html|<div class=\"broadcast-blue\"><strong>[Gen 9] National Dex is currently suspecting Sneasler! For information on how to participate check out the <a href=\"https:\/\/www.smogon.com\/forums\/threads\/sv-national-dex-suspect-8-just-dance.3731534\/\">suspect thread<\/a>.<\/strong><\/div>\n|j|\u2606mochinokatakuri\n|j|\u2606LNewsom88\n|t:|1700629489\n|gametype|singles\n|player|p1|mochinokatakuri|swimmerf-gen4|1074\n|player|p2|LNewsom88|dawn|1063\n|teamsize|p1|6\n|teamsize|p2|6\n|gen|9\n|tier|[Gen 9] National Dex\n|rated|\n|rule|HP Percentage Mod: HP is shown in percentages\n|rule|Endless Battle Clause: Forcing endless battles is banned\n|rule|OHKO Clause: OHKO moves are banned\n|rule|Evasion Clause: Evasion abilities, items, and moves are banned\n|rule|Evasion Abilities Clause: Evasion abilities are banned\n|rule|Evasion Items Clause: Evasion items are banned\n|rule|Evasion Moves Clause: Evasion moves are banned\n|rule|Species Clause: Limit one of each Pok\u00e9mon\n|rule|Sleep Clause Mod: Limit one foe put to sleep\n|clearpoke\n|poke|p1|Urshifu-*, M|\n|poke|p1|Rillaboom, F|\n|poke|p1|Hatterene, F|\n|poke|p1|Garganacl, F|\n|poke|p1|Scizor, M|\n|poke|p1|Volcanion|\n|poke|p2|Ferrothorn, F|\n|poke|p2|Sharpedo, M|\n|poke|p2|Skeledirge, F|\n|poke|p2|Iron Hands|\n|poke|p2|Alakazam, M|\n|poke|p2|Salamence, M|\n|teampreview\n|\n|t:|1700629510\n|start\n|switch|p1a: Volcanion|Volcanion|100\/100\n|switch|p2a: Ferrothorn|Ferrothorn, F|100\/100\n|turn|1\n|\n|t:|1700629519\n|switch|p2a: Sharpedo|Sharpedo, M|100\/100\n|move|p1a: Volcanion|Flare Blitz|p2a: Sharpedo\n|-resisted|p2a: Sharpedo\n|-damage|p2a: Sharpedo|33\/100\n|-damage|p1a: Volcanion|80\/100|[from] Recoil\n|\n|upkeep\n|turn|2\n|\n|t:|1700629529\n|move|p2a: Sharpedo|Protect|p2a: Sharpedo\n|-singleturn|p2a: Sharpedo|Protect\n|move|p1a: Volcanion|Flare Blitz|p2a: Sharpedo\n|-activate|p2a: Sharpedo|move: Protect\n|\n|-ability|p2a: Sharpedo|Speed Boost|boost\n|-boost|p2a: Sharpedo|spe|1\n|upkeep\n|turn|3\n|\n|t:|1700629537\n|detailschange|p2a: Sharpedo|Sharpedo-Mega, M\n|-mega|p2a: Sharpedo|Sharpedo|Sharpedonite\n|move|p2a: Sharpedo|Crunch|p1a: Volcanion\n|-damage|p1a: Volcanion|11\/100\n|move|p1a: Volcanion|Flare Blitz|p2a: Sharpedo\n|-resisted|p2a: Sharpedo\n|-damage|p2a: Sharpedo|0 fnt\n|faint|p2a: Sharpedo\n|-damage|p1a: Volcanion|1\/100|[from] Recoil\n|\n|upkeep\n|\n|t:|1700629546\n|switch|p2a: Skeledirge|Skeledirge, F|100\/100\n|turn|4\n|\n|t:|1700629552\n|move|p1a: Volcanion|Steam Eruption|p2a: Skeledirge\n|-supereffective|p2a: Skeledirge\n|-damage|p2a: Skeledirge|12\/100\n|move|p2a: Skeledirge|Torch Song|p1a: Volcanion\n|-resisted|p1a: Volcanion\n|-damage|p1a: Volcanion|0 fnt\n|-boost|p2a: Skeledirge|spa|1\n|faint|p1a: Volcanion\n|\n|upkeep\n|\n|t:|1700629563\n|switch|p1a: Urshifu|Urshifu-Rapid-Strike, M|100\/100\n|turn|5\n|\n|t:|1700629566\n|move|p1a: Urshifu|Aqua Jet|p2a: Skeledirge\n|-supereffective|p2a: Skeledirge\n|-damage|p2a: Skeledirge|0 fnt\n|faint|p2a: Skeledirge\n|\n|upkeep\n|\n|t:|1700629573\n|switch|p2a: Iron Hands|Iron Hands, shiny|100\/100\n|-enditem|p2a: Iron Hands|Booster Energy\n|-activate|p2a: Iron Hands|ability: Quark Drive|[fromitem]\n|-start|p2a: Iron Hands|quarkdriveatk\n|turn|6\n|\n|t:|1700629588\n|switch|p1a: Rillaboom|Rillaboom, F|100\/100\n|move|p2a: Iron Hands|Belly Drum|p2a: Iron Hands\n|-damage|p2a: Iron Hands|51\/100\n|-setboost|p2a: Iron Hands|atk|6|[from] move: Belly Drum\n|\n|upkeep\n|turn|7\n|\n|t:|1700629607\n|move|p1a: Rillaboom|Darkest Lariat|p2a: Iron Hands\n|-resisted|p2a: Iron Hands\n|-damage|p2a: Iron Hands|43\/100\n|move|p2a: Iron Hands|Drain Punch|p1a: Rillaboom\n|-damage|p1a: Rillaboom|0 fnt\n|-heal|p2a: Iron Hands|81\/100|[from] drain|[of] p1a: Rillaboom\n|faint|p1a: Rillaboom\n|\n|upkeep\n|\n|t:|1700629616\n|switch|p1a: Urshifu|Urshifu-Rapid-Strike, M|100\/100\n|turn|8\n|\n|t:|1700629627\n|move|p1a: Urshifu|Aqua Jet|p2a: Iron Hands\n|-damage|p2a: Iron Hands|68\/100\n|move|p2a: Iron Hands|Wild Charge|p1a: Urshifu\n|-supereffective|p1a: Urshifu\n|-damage|p1a: Urshifu|0 fnt\n|faint|p1a: Urshifu\n|-damage|p2a: Iron Hands|49\/100|[from] Recoil\n|\n|upkeep\n|\n|t:|1700629645\n|switch|p1a: Garganacl|Garganacl, F|100\/100\n|turn|9\n|\n|t:|1700629651\n|move|p2a: Iron Hands|Drain Punch|p1a: Garganacl\n|-supereffective|p1a: Garganacl\n|-damage|p1a: Garganacl|0 fnt\n|-heal|p2a: Iron Hands|86\/100|[from] drain|[of] p1a: Garganacl\n|faint|p1a: Garganacl\n|\n|upkeep\n|-message|mochinokatakuri forfeited.\n|\n|win|LNewsom88\n|raw|mochinokatakuri's rating: 1074 &rarr; <strong>1052<\/strong><br \/>(-22 for losing)\n|raw|LNewsom88's rating: 1063 &rarr; <strong>1095<\/strong><br \/>(+32 for winning)\n|l|\u2606mochinokatakuri\n","uploadtime":1700629668,"views":15,"p1id":"mochinokatakuri","p2id":"lnewsom88","formatid":"gen9nationaldex","rating":1052,"private":0,"password":""}