{"id":"gen9nationaldex-1988862497","p1":"chensheng25800","p2":"cyqy06210703","format":"[Gen 9] National Dex","log":"|j|\u2606chensheng25800\n|j|\u2606cyqy06210703\n|t:|1699776107\n|gametype|singles\n|player|p1|chensheng25800|preschooler|1106\n|player|p2|cyqy06210703|marnie|1111\n|teamsize|p1|6\n|teamsize|p2|6\n|gen|9\n|tier|[Gen 9] National Dex\n|rated|\n|rule|HP Percentage Mod: HP is shown in percentages\n|rule|Endless Battle Clause: Forcing endless battles is banned\n|rule|OHKO Clause: OHKO moves are banned\n|rule|Evasion Clause: Evasion abilities, items, and moves are banned\n|rule|Evasion Abilities Clause: Evasion abilities are banned\n|rule|Evasion Items Clause: Evasion items are banned\n|rule|Evasion Moves Clause: Evasion moves are banned\n|rule|Species Clause: Limit one of each Pok\u00e9mon\n|rule|Sleep Clause Mod: Limit one foe put to sleep\n|clearpoke\n|poke|p1|Salazzle, F|\n|poke|p1|Delphox, F|\n|poke|p1|Zoroark-Hisui, F|\n|poke|p1|Inteleon, M|\n|poke|p1|Diancie|\n|poke|p1|Raichu-Alola, F|\n|poke|p2|Tapu Lele|\n|poke|p2|Grimmsnarl, M|\n|poke|p2|Garchomp, F|\n|poke|p2|Morpeko, M|\n|poke|p2|Scizor, F|\n|poke|p2|Sneasler, M|\n|teampreview\n|inactive|Battle timer is ON: inactive players will automatically lose when time's up. (requested by chensheng25800)\n|\n|t:|1699776117\n|start\n|switch|p1a: Inteleon|Inteleon, M|100\/100\n|switch|p2a: Grimmsnarl|Grimmsnarl, M|100\/100\n|turn|1\n|\n|t:|1699776132\n|switch|p2a: Scizor|Scizor, F|100\/100\n|move|p1a: Inteleon|Focus Energy|p1a: Inteleon\n|-start|p1a: Inteleon|move: Focus Energy\n|\n|upkeep\n|turn|2\n|\n|t:|1699776138\n|detailschange|p2a: Scizor|Scizor-Mega, F\n|-mega|p2a: Scizor|Scizor|Scizorite\n|move|p2a: Scizor|Bullet Punch|p1a: Inteleon\n|-resisted|p1a: Inteleon\n|-damage|p1a: Inteleon|65\/100\n|move|p1a: Inteleon|Surf|p2a: Scizor\n|-crit|p2a: Scizor\n|-damage|p2a: Scizor|0 fnt\n|faint|p2a: Scizor\n|\n|upkeep\n|\n|t:|1699776147\n|switch|p2a: Morpeko|Morpeko, M|100\/100\n|turn|3\n|\n|t:|1699776151\n|move|p1a: Inteleon|Surf|p2a: Morpeko\n|-crit|p2a: Morpeko\n|-enditem|p2a: Morpeko|Focus Sash\n|-damage|p2a: Morpeko|1\/100\n|move|p2a: Morpeko|Aura Wheel|p1a: Inteleon\n|-supereffective|p1a: Inteleon\n|-damage|p1a: Inteleon|0 fnt\n|-boost|p2a: Morpeko|spe|1\n|faint|p1a: Inteleon\n|\n|-formechange|p2a: Morpeko|Morpeko-Hangry||[from] ability: Hunger Switch\n|upkeep\n|\n|t:|1699776160\n|switch|p1a: Diancie|Diancie|100\/100\n|turn|4\n|\n|t:|1699776166\n|detailschange|p1a: Diancie|Diancie-Mega\n|-mega|p1a: Diancie|Diancie|Diancite\n|move|p2a: Morpeko|Protect|p2a: Morpeko\n|-singleturn|p2a: Morpeko|Protect\n|move|p1a: Diancie|Diamond Storm|p2a: Morpeko\n|-activate|p2a: Morpeko|move: Protect\n|\n|-formechange|p2a: Morpeko|Morpeko||[from] ability: Hunger Switch\n|upkeep\n|turn|5\n|\n|t:|1699776178\n|move|p2a: Morpeko|Aura Wheel|p1a: Diancie\n|-damage|p1a: Diancie|25\/100\n|-boost|p2a: Morpeko|spe|1\n|move|p1a: Diancie|Diamond Storm|p2a: Morpeko\n|-damage|p2a: Morpeko|0 fnt\n|faint|p2a: Morpeko\n|\n|upkeep\n|\n|t:|1699776186\n|switch|p2a: Tapu Lele|Tapu Lele|100\/100\n|-fieldstart|move: Psychic Terrain|[from] ability: Psychic Surge|[of] p2a: Tapu Lele\n|turn|6\n|\n|t:|1699776194\n|-terastallize|p2a: Tapu Lele|Psychic\n|move|p2a: Tapu Lele|Psychic|p1a: Diancie\n|-damage|p1a: Diancie|0 fnt\n|faint|p1a: Diancie\n|\n|upkeep\n|\n|t:|1699776203\n|switch|p1a: Delphox|Delphox, F|100\/100\n|turn|7\n|\n|t:|1699776207\n|switch|p2a: Grimmsnarl|Grimmsnarl, M|100\/100\n|move|p1a: Delphox|Flamethrower|p2a: Grimmsnarl\n|-damage|p2a: Grimmsnarl|56\/100\n|\n|upkeep\n|turn|8\n|\n|t:|1699776213\n|move|p1a: Delphox|Nasty Plot|p1a: Delphox\n|-boost|p1a: Delphox|spa|2\n|move|p2a: Grimmsnarl|Darkest Lariat|p1a: Delphox\n|-supereffective|p1a: Delphox\n|-damage|p1a: Delphox|0 fnt\n|faint|p1a: Delphox\n|\n|upkeep\n|\n|t:|1699776222\n|switch|p1a: Salazzle|Salazzle, F|100\/100\n|turn|9\n|\n|t:|1699776228\n|switch|p2a: Garchomp|Garchomp, F|100\/100\n|move|p1a: Salazzle|Sludge Wave|p2a: Garchomp\n|-resisted|p2a: Garchomp\n|-damage|p2a: Garchomp|76\/100\n|\n|upkeep\n|turn|10\n|\n|t:|1699776235\n|-terastallize|p1a: Salazzle|Ground\n|move|p1a: Salazzle|Tera Blast|p2a: Garchomp|[anim] Tera Blast Ground\n|-damage|p2a: Garchomp|37\/100\n|move|p2a: Garchomp|Earthquake|p1a: Salazzle\n|-damage|p1a: Salazzle|0 fnt\n|faint|p1a: Salazzle\n|\n|-fieldend|move: Psychic Terrain\n|upkeep\n|l|\u2606chensheng25800\n|inactive|chensheng25800 disconnected and has a minute to reconnect!\n|player|p1|\n|inactive|chensheng25800 has 30 seconds to reconnect!\n|inactive|chensheng25800 has 20 seconds to reconnect!\n|inactive|chensheng25800 has 15 seconds to reconnect!\n|inactive|chensheng25800 has 10 seconds to reconnect!\n|inactive|chensheng25800 has 5 seconds to reconnect!\n|-message|chensheng25800 lost due to inactivity.\n|\n|win|cyqy06210703\n|raw|chensheng25800's rating: 1106 &rarr; <strong>1081<\/strong><br \/>(-25 for losing)\n|raw|cyqy06210703's rating: 1111 &rarr; <strong>1136<\/strong><br \/>(+25 for winning)\n","uploadtime":1699776316,"views":4,"p1id":"chensheng25800","p2id":"cyqy06210703","formatid":"gen9nationaldex","rating":1081,"private":0,"password":""}