{"id":"gen9nationaldex-1988783219","p1":"Vraptor249","p2":"Oakin64","format":"[Gen 9] National Dex","log":"|j|\u2606Vraptor249\n|j|\u2606Oakin64\n|t:|1699762581\n|gametype|singles\n|player|p1|Vraptor249|benga|\n|player|p2|Oakin64|265|\n|teamsize|p1|6\n|teamsize|p2|6\n|gen|9\n|tier|[Gen 9] National Dex\n|rule|HP Percentage Mod: HP is shown in percentages\n|rule|Endless Battle Clause: Forcing endless battles is banned\n|rule|OHKO Clause: OHKO moves are banned\n|rule|Evasion Clause: Evasion abilities, items, and moves are banned\n|rule|Evasion Abilities Clause: Evasion abilities are banned\n|rule|Evasion Items Clause: Evasion items are banned\n|rule|Evasion Moves Clause: Evasion moves are banned\n|rule|Species Clause: Limit one of each Pok\u00e9mon\n|rule|Sleep Clause Mod: Limit one foe put to sleep\n|clearpoke\n|poke|p1|Heliolisk, M|\n|poke|p1|Tentacruel, M|\n|poke|p1|Victini|\n|poke|p1|Iron Treads|\n|poke|p1|Necrozma|\n|poke|p1|Runerigus, M|\n|poke|p2|Heracross, M|\n|poke|p2|Walrein, M|\n|poke|p2|Houndstone, M|\n|poke|p2|Probopass, M|\n|poke|p2|Scovillain, M|\n|poke|p2|Bombirdier, F|\n|teampreview\n|j| VantaZack\n|j| Saradominphat\n|j| dcmrulz\n|c| VantaZack|Stroke that thing Cuzoooo\n|\n|t:|1699762622\n|start\n|switch|p1a: Circe|Victini|100\/100\n|switch|p2a: Big Canine|Walrein, M|100\/100\n|turn|1\n|c| VantaZack|*Cafe Enters the match*\n|c| VantaZack|DJ: wow\n|\n|t:|1699762640\n|move|p1a: Circe|U-turn|p2a: Big Canine\n|-damage|p2a: Big Canine|81\/100\n|\n|t:|1699762648\n|switch|p1a: Ford F150|Iron Treads|100\/100|[from] U-turn\n|move|p2a: Big Canine|Surf|p1a: Ford F150\n|-supereffective|p1a: Ford F150\n|-damage|p1a: Ford F150|20\/100\n|\n|upkeep\n|turn|2\n|c| VantaZack|DJ: I cant believe Marcus and Mengle are throwing hands\n|c| VantaZack|DJ:Insane\n|\n|t:|1699762656\n|switch|p2a: Spooky-Doo|Houndstone, M|100\/100\n|move|p1a: Ford F150|Heavy Slam|p2a: Spooky-Doo\n|-damage|p2a: Spooky-Doo|70\/100\n|\n|upkeep\n|turn|3\n|j| NiceAsMike\n|\n|t:|1699762666\n|-end|p1a: Ford F150|Quark Drive|[silent]\n|switch|p1a: Sigma|Runerigus, M|100\/100\n|move|p2a: Spooky-Doo|Poltergeist||[still]\n|-fail|p2a: Spooky-Doo\n|\n|upkeep\n|turn|4\n|c| VantaZack|DJ: Oh there you are nice\n|c| NiceAsMike|Nice: I knew the couple had to fight at some point.\n|\n|t:|1699762688\n|switch|p2a: Big Canine|Walrein, M|81\/100\n|move|p1a: Sigma|Stealth Rock|p2a: Big Canine\n|-sidestart|p2: Oakin64|move: Stealth Rock\n|\n|upkeep\n|turn|5\n|c| VantaZack|DJ: Im placing no bets\n|\n|t:|1699762702\n|switch|p1a: Dagon|Tentacruel, M|100\/100\n|move|p2a: Big Canine|Bulldoze|p1a: Dagon\n|-supereffective|p1a: Dagon\n|-enditem|p1a: Dagon|Shuca Berry|[eat]\n|-enditem|p1a: Dagon|Shuca Berry|[weaken]\n|-damage|p1a: Dagon|83\/100\n|\n|upkeep\n|turn|6\n|c| VantaZack|DJ: Yooo\n|\n|t:|1699762716\n|switch|p2a: Francesca|Bombirdier, F|100\/100\n|-damage|p2a: Francesca|76\/100|[from] Stealth Rock\n|move|p1a: Dagon|Hidden Power|p2a: Francesca\n|-immune|p2a: Francesca\n|\n|upkeep\n|turn|7\n|c| VantaZack|DJ: that Walrien kinda nasty\n|\n|t:|1699762728\n|move|p1a: Dagon|Sludge Wave|p2a: Francesca\n|-damage|p2a: Francesca|26\/100\n|move|p2a: Francesca|U-turn|p1a: Dagon\n|-resisted|p1a: Dagon\n|-damage|p1a: Dagon|57\/100\n|c| NiceAsMike|Nice: Sorry but I gotta support a fellow Goon Cave :tm: mamber\n|c| VantaZack|DJ: Understandeble \\\n|\n|t:|1699762742\n|switch|p2a: Gum|Heracross, M|100\/100|[from] U-turn\n|-damage|p2a: Gum|88\/100|[from] Stealth Rock\n|\n|upkeep\n|turn|8\n|c| VantaZack|DJ: But Mengles goated too\n|c| NiceAsMike|Nice: That and I bet money on Marcus to win.\n|c| VantaZack|DJ: HOW MUCH\n|\n|t:|1699762759\n|detailschange|p2a: Gum|Heracross-Mega, M\n|-mega|p2a: Gum|Heracross|Heracronite\n|move|p1a: Dagon|Sludge Wave|p2a: Gum\n|-damage|p2a: Gum|61\/100\n|move|p2a: Gum|Trailblaze|p1a: Dagon\n|-damage|p1a: Dagon|23\/100\n|-boost|p2a: Gum|spe|1\n|\n|upkeep\n|turn|9\n|\n|t:|1699762770\n|move|p1a: Dagon|Dazzling Gleam|p2a: Gum\n|-supereffective|p2a: Gum\n|-damage|p2a: Gum|26\/100\n|move|p2a: Gum|Bulk Up|p2a: Gum\n|-boost|p2a: Gum|atk|1\n|-boost|p2a: Gum|def|1\n|\n|upkeep\n|turn|10\n|c| NiceAsMike|Nice: IDK I found some leftover from Pistachio's account\n|\n|t:|1699762778\n|move|p1a: Dagon|Dazzling Gleam|p2a: Gum\n|-supereffective|p2a: Gum\n|-damage|p2a: Gum|0 fnt\n|faint|p2a: Gum\n|\n|upkeep\n|c| VantaZack|DJ: Dude hes gonna kill you\n|\n|t:|1699762789\n|switch|p2a: Francesca|Bombirdier, F|26\/100\n|-damage|p2a: Francesca|2\/100|[from] Stealth Rock\n|turn|11\n|c| NiceAsMike|Nice: We'll be fine.\n|\n|t:|1699762809\n|move|p2a: Francesca|Sucker Punch|p1a: Dagon\n|-damage|p1a: Dagon|0 fnt\n|faint|p1a: Dagon\n|\n|upkeep\n|c| VantaZack|DJ: Dude Marcus is going unhinged\n|c| NiceAsMike|Nice: Have faith in Marcus\n|c| VantaZack|DJ: Almost like the shrek 3 incident\n|c| VantaZack|DJ: In the goon cave\n|\n|t:|1699762829\n|switch|p1a: Circe|Victini|100\/100\n|turn|12\n|c| NiceAsMike|Nice: Why was he a horse?\n|\n|t:|1699762842\n|move|p2a: Francesca|Sucker Punch|p1a: Circe\n|-supereffective|p1a: Circe\n|-damage|p1a: Circe|11\/100\n|move|p1a: Circe|U-turn|p2a: Francesca\n|-damage|p2a: Francesca|0 fnt\n|faint|p2a: Francesca\n|c| VantaZack|DJ: I dont know\n|c| VantaZack|DJ: Think It was Igs idea\n|c| VantaZack|DJ: Dude that orange thing is kicking ass\n|c| VantaZack|DJ: What does it even do\n|\n|t:|1699762869\n|switch|p1a: Ford F150|Iron Treads|20\/100|[from] U-turn\n|\n|upkeep\n|\n|t:|1699762876\n|switch|p2a: Bob|Probopass, M|100\/100\n|-damage|p2a: Bob|94\/100|[from] Stealth Rock\n|-item|p2a: Bob|Air Balloon\n|turn|13\n|\n|t:|1699762886\n|move|p1a: Ford F150|Knock Off|p2a: Bob\n|-damage|p2a: Bob|67\/100\n|-enditem|p2a: Bob|Air Balloon\n|move|p2a: Bob|Stealth Rock|p1a: Ford F150\n|-sidestart|p1: Vraptor249|move: Stealth Rock\n|\n|upkeep\n|turn|14\n|c| VantaZack|DJ: YOWY ZOWIEE\n|c| NiceAsMike|Nice: Oh crap... That's gonna hurt the prange thing later\n|\n|t:|1699762909\n|move|p1a: Ford F150|Knock Off|p2a: Bob\n|-damage|p2a: Bob|49\/100\n|move|p2a: Bob|Earth Power|p1a: Ford F150\n|-supereffective|p1a: Ford F150\n|-crit|p1a: Ford F150\n|-damage|p1a: Ford F150|0 fnt\n|faint|p1a: Ford F150\n|-end|p1a: Ford F150|Quark Drive|[silent]\n|\n|upkeep\n|c| VantaZack|DJ: That robo thing looks cool\n|\n|t:|1699762922\n|switch|p1a: Sigma|Runerigus, M|100\/100\n|-damage|p1a: Sigma|95\/100|[from] Stealth Rock\n|turn|15\n|\n|t:|1699762932\n|move|p2a: Bob|Earth Power|p1a: Sigma\n|-damage|p1a: Sigma|79\/100\n|move|p1a: Sigma|Earthquake|p2a: Bob\n|-supereffective|p2a: Bob\n|-damage|p2a: Bob|0 fnt\n|faint|p2a: Bob\n|\n|upkeep\n|c| VantaZack|DJ: WOOOW\n|\n|t:|1699762942\n|switch|p2a: TJ|Scovillain, M|100\/100\n|-damage|p2a: TJ|76\/100|[from] Stealth Rock\n|turn|16\n|c| VantaZack|DJ: the stone thing hurts\n|c| VantaZack|DJ: yooo thats TJ\n|c| NiceAsMike|Nice: Hey look that's Mengle's star mon\n|c| VantaZack|DJ: STROKE THAT THING CUZOO\n|\n|t:|1699762978\n|move|p2a: TJ|Energy Ball|p1a: Sigma\n|-supereffective|p1a: Sigma\n|-damage|p1a: Sigma|0 fnt\n|faint|p1a: Sigma\n|\n|upkeep\n|c| NiceAsMike|Nice: Nice: Oh fuck...\n|c| VantaZack|DJ: LETS GOOOO\n|\n|t:|1699762990\n|switch|p1a: Aeon|Necrozma|100\/100\n|-damage|p1a: Aeon|88\/100|[from] Stealth Rock\n|turn|17\n|\n|t:|1699762999\n|move|p2a: TJ|Overheat|p1a: Aeon|[miss]\n|-miss|p2a: TJ|p1a: Aeon\n|move|p1a: Aeon|Heat Wave|p2a: TJ\n|-damage|p2a: TJ|17\/100\n|\n|upkeep\n|turn|18\n|c| VantaZack|DJ: NOOOO\n|c| VantaZack|DJ: CUZZZOO GET EMM\n|\n|t:|1699763016\n|switch|p1a: Circe|Victini|11\/100\n|-damage|p1a: Circe|0 fnt|[from] Stealth Rock\n|faint|p1a: Circe\n|move|p2a: TJ|Overheat|p1: Circe|[notarget]\n|-fail|p2a: TJ\n|\n|upkeep\n|\n|t:|1699763025\n|switch|p1a: Amphere|Heliolisk, M|100\/100\n|-damage|p1a: Amphere|88\/100|[from] Stealth Rock\n|turn|19\n|c| VantaZack|DJ: TJ LETS GET IT\n|c| NiceAsMike|Nice: FUUUUUCK! COME ON MARCUS!\n|\n|t:|1699763033\n|move|p1a: Amphere|Thunderbolt|p2a: TJ\n|-resisted|p2a: TJ\n|-damage|p2a: TJ|0 fnt\n|faint|p2a: TJ\n|\n|upkeep\n|\n|t:|1699763037\n|switch|p2a: Spooky-Doo|Houndstone, M|70\/100\n|-damage|p2a: Spooky-Doo|58\/100|[from] Stealth Rock\n|turn|20\n|c| VantaZack|DJ: NOOOOO\n|c| VantaZack|DJ: MENGLE YOU GOT THIS\n|c| VantaZack|DJ: I BELIEVE IN YOU SIS\n|c| VantaZack|DJ: SLAY SLAY SLAY SLAY\n|c| NiceAsMike|Nice: Goons before poon! Goons before poon!\n|c| VantaZack|DJ: Dude they are thinking hard\n|\n|t:|1699763117\n|move|p1a: Amphere|Thunderbolt|p2a: Spooky-Doo\n|-damage|p2a: Spooky-Doo|13\/100\n|move|p2a: Spooky-Doo|Body Press|p1a: Amphere\n|-supereffective|p1a: Amphere\n|-damage|p1a: Amphere|0 fnt\n|faint|p1a: Amphere\n|\n|upkeep\n|c| VantaZack|DJ: LETS GO MENGLE\n|\n|t:|1699763127\n|switch|p1a: Aeon|Necrozma|88\/100\n|-damage|p1a: Aeon|76\/100|[from] Stealth Rock\n|turn|21\n|c| VantaZack|DJ: SERVE\n|c| NiceAsMike|Nice: NO NO!!! AHHHHHHH!!!\n|c| VantaZack|DJ: SERRRRRRRVVEEEEEEEE\n|\n|t:|1699763133\n|move|p1a: Aeon|Photon Geyser|p2a: Spooky-Doo\n|-damage|p2a: Spooky-Doo|0 fnt\n|faint|p2a: Spooky-Doo\n|\n|upkeep\n|\n|t:|1699763136\n|switch|p2a: Big Canine|Walrein, M|81\/100\n|-damage|p2a: Big Canine|56\/100|[from] Stealth Rock\n|turn|22\n|c| VantaZack|DJ: NO NO NO\n|\n|t:|1699763145\n|move|p1a: Aeon|Photon Geyser|p2a: Big Canine\n|-damage|p2a: Big Canine|22\/100\n|move|p2a: Big Canine|Bulldoze|p1a: Aeon\n|-damage|p1a: Aeon|67\/100\n|-unboost|p1a: Aeon|spe|1\n|\n|upkeep\n|turn|23\n|c| VantaZack|DJ: MENGLE SERVE IT\n|c| NiceAsMike|Nice: FUCK FUCK FUCK!!!!\n|\n|t:|1699763154\n|move|p2a: Big Canine|Ice Beam|p1a: Aeon\n|-damage|p1a: Aeon|38\/100\n|move|p1a: Aeon|Photon Geyser|p2a: Big Canine\n|-damage|p2a: Big Canine|0 fnt\n|faint|p2a: Big Canine\n|\n|win|Vraptor249\n|c| NiceAsMike|Nice: MARUUUUUUUUUUUUUUCCCSSSS\n|c| VantaZack|DJ: NOOOOOOOOOOOOOOOOOOOOOOOOOOOOOOOOOOOOOOOO\n|c| NiceAsMike|Nice: YEAAAAAAAAHHH!!!!!\n|c| VantaZack|DJ: MENGLEEE!!\n|l| VantaZack\n|j| VantaZack\n|l|\u2606Vraptor249\n|player|p2|Oakin64|265\n","uploadtime":1699763194,"views":5,"p1id":"vraptor249","p2id":"oakin64","formatid":"gen9nationaldex","rating":0,"private":0,"password":""}