{"id":"gen9nationaldex-1993385596","p1":"IceBerryCoffee","p2":"sgzf","format":"[Gen 9] National Dex","log":"|j|\u2606IceBerryCoffee\n|j|\u2606sgzf\n|t:|1700310213\n|gametype|singles\n|player|p1|IceBerryCoffee|266|1278\n|player|p2|sgzf|rosa|1176\n|teamsize|p1|6\n|teamsize|p2|6\n|gen|9\n|tier|[Gen 9] National Dex\n|rated|\n|rule|HP Percentage Mod: HP is shown in percentages\n|rule|Endless Battle Clause: Forcing endless battles is banned\n|rule|OHKO Clause: OHKO moves are banned\n|rule|Evasion Clause: Evasion abilities, items, and moves are banned\n|rule|Evasion Abilities Clause: Evasion abilities are banned\n|rule|Evasion Items Clause: Evasion items are banned\n|rule|Evasion Moves Clause: Evasion moves are banned\n|rule|Species Clause: Limit one of each Pok\u00e9mon\n|rule|Sleep Clause Mod: Limit one foe put to sleep\n|clearpoke\n|poke|p1|Torkoal, M|\n|poke|p1|Buzzwole|\n|poke|p1|Kartana|\n|poke|p1|Blacephalon|\n|poke|p1|Lopunny, M|\n|poke|p1|Arcanine-Hisui, F|\n|poke|p2|Garchomp, F|\n|poke|p2|Ferrothorn, F|\n|poke|p2|Lopunny, M|\n|poke|p2|Moltres|\n|poke|p2|Slowking-Galar, M|\n|poke|p2|Kyurem|\n|teampreview\n|inactive|Battle timer is ON: inactive players will automatically lose when time's up. (requested by IceBerryCoffee)\n|\n|t:|1700310230\n|start\n|switch|p1a: Torkoal|Torkoal, M|100\/100\n|switch|p2a: Garchomp|Garchomp, F|100\/100\n|-weather|SunnyDay|[from] ability: Drought|[of] p1a: Torkoal\n|turn|1\n|\n|t:|1700310256\n|move|p2a: Garchomp|Earthquake|p1a: Torkoal\n|-supereffective|p1a: Torkoal\n|-damage|p1a: Torkoal|19\/100\n|move|p1a: Torkoal|Shell Smash|p1a: Torkoal\n|-unboost|p1a: Torkoal|def|1\n|-unboost|p1a: Torkoal|spd|1\n|-boost|p1a: Torkoal|atk|2\n|-boost|p1a: Torkoal|spa|2\n|-boost|p1a: Torkoal|spe|2\n|-enditem|p1a: Torkoal|Eject Pack\n|\n|t:|1700310264\n|switch|p1a: Lopunny|Lopunny, M|100\/100\n|\n|-weather|SunnyDay|[upkeep]\n|upkeep\n|turn|2\n|\n|t:|1700310274\n|switch|p2a: Ferrothorn|Ferrothorn, F|100\/100\n|detailschange|p1a: Lopunny|Lopunny-Mega, M\n|-mega|p1a: Lopunny|Lopunny|Lopunnite\n|move|p1a: Lopunny|Copycat|p1a: Lopunny\n|move|p1a: Lopunny|Shell Smash|p1a: Lopunny|[from]move: Copycat\n|-unboost|p1a: Lopunny|def|1\n|-unboost|p1a: Lopunny|spd|1\n|-boost|p1a: Lopunny|atk|2\n|-boost|p1a: Lopunny|spa|2\n|-boost|p1a: Lopunny|spe|2\n|\n|-weather|SunnyDay|[upkeep]\n|upkeep\n|turn|3\n|\n|t:|1700310285\n|move|p1a: Lopunny|Close Combat|p2a: Ferrothorn\n|-supereffective|p2a: Ferrothorn\n|-damage|p2a: Ferrothorn|0 fnt\n|-unboost|p1a: Lopunny|def|1\n|-unboost|p1a: Lopunny|spd|1\n|-damage|p1a: Lopunny|88\/100|[from] ability: Iron Barbs|[of] p2a: Ferrothorn\n|faint|p2a: Ferrothorn\n|\n|-weather|SunnyDay|[upkeep]\n|upkeep\n|\n|t:|1700310303\n|switch|p2a: Lopunny|Lopunny, M|100\/100\n|turn|4\n|\n|t:|1700310307\n|detailschange|p2a: Lopunny|Lopunny-Mega, M\n|-mega|p2a: Lopunny|Lopunny|Lopunnite\n|move|p2a: Lopunny|Fake Out|p1a: Lopunny\n|-damage|p1a: Lopunny|33\/100\n|cant|p1a: Lopunny|flinch\n|\n|-weather|SunnyDay|[upkeep]\n|upkeep\n|turn|5\n|\n|t:|1700310313\n|move|p1a: Lopunny|Return|p2a: Lopunny\n|-damage|p2a: Lopunny|0 fnt\n|faint|p2a: Lopunny\n|\n|-weather|none\n|upkeep\n|\n|t:|1700310321\n|switch|p2a: Garchomp|Garchomp, F|100\/100\n|turn|6\n|\n|t:|1700310328\n|move|p1a: Lopunny|Triple Axel|p2a: Garchomp\n|-supereffective|p2a: Garchomp\n|-damage|p2a: Garchomp|39\/100\n|-damage|p1a: Lopunny|20\/100|[from] ability: Rough Skin|[of] p2a: Garchomp\n|-supereffective|p2a: Garchomp\n|-damage|p2a: Garchomp|0 fnt\n|-damage|p1a: Lopunny|8\/100|[from] ability: Rough Skin|[of] p2a: Garchomp\n|faint|p2a: Garchomp\n|-hitcount|p2: Garchomp|2\n|\n|upkeep\n|\n|t:|1700310332\n|switch|p2a: Moltres|Moltres|100\/100\n|turn|7\n|\n|t:|1700310339\n|move|p1a: Lopunny|Return|p2a: Moltres\n|-damage|p2a: Moltres|28\/100\n|move|p2a: Moltres|Scorching Sands|p1a: Lopunny\n|-damage|p1a: Lopunny|0 fnt\n|faint|p1a: Lopunny\n|\n|upkeep\n|\n|t:|1700310349\n|switch|p1a: Arcanine|Arcanine-Hisui, F|100\/100\n|turn|8\n|\n|t:|1700310354\n|-terastallize|p2a: Moltres|Water\n|move|p1a: Arcanine|Head Smash|p2a: Moltres\n|-damage|p2a: Moltres|0 fnt\n|faint|p2a: Moltres\n|\n|upkeep\n|\n|t:|1700310359\n|switch|p2a: Kyurem|Kyurem|100\/100\n|-ability|p2a: Kyurem|Pressure\n|turn|9\n|\n|t:|1700310362\n|move|p1a: Arcanine|Head Smash|p2a: Kyurem|[miss]\n|-miss|p1a: Arcanine|p2a: Kyurem\n|move|p2a: Kyurem|Earth Power|p1a: Arcanine\n|-supereffective|p1a: Arcanine\n|-damage|p1a: Arcanine|0 fnt\n|faint|p1a: Arcanine\n|\n|upkeep\n|\n|t:|1700310379\n|switch|p1a: Torkoal|Torkoal, M|19\/100\n|-weather|SunnyDay|[from] ability: Drought|[of] p1a: Torkoal\n|turn|10\n|\n|t:|1700310383\n|move|p2a: Kyurem|Earth Power|p1a: Torkoal\n|-supereffective|p1a: Torkoal\n|-damage|p1a: Torkoal|0 fnt\n|faint|p1a: Torkoal\n|\n|-weather|SunnyDay|[upkeep]\n|upkeep\n|\n|t:|1700310389\n|switch|p1a: Blacephalon|Blacephalon|100\/100\n|turn|11\n|\n|t:|1700310394\n|-terastallize|p1a: Blacephalon|Fire\n|move|p1a: Blacephalon|Flamethrower|p2a: Kyurem\n|-damage|p2a: Kyurem|6\/100\n|move|p2a: Kyurem|Earth Power|p1a: Blacephalon\n|-supereffective|p1a: Blacephalon\n|-damage|p1a: Blacephalon|0 fnt\n|faint|p1a: Blacephalon\n|\n|-weather|SunnyDay|[upkeep]\n|upkeep\n|\n|t:|1700310406\n|switch|p1a: Buzzwole|Buzzwole|100\/100\n|turn|12\n|\n|t:|1700310413\n|switch|p2a: Slowking|Slowking-Galar, M|100\/100\n|move|p1a: Buzzwole|Earthquake|p2a: Slowking\n|-supereffective|p2a: Slowking\n|-damage|p2a: Slowking|11\/100\n|\n|-weather|SunnyDay|[upkeep]\n|upkeep\n|turn|13\n|\n|t:|1700310421\n|move|p1a: Buzzwole|Earthquake|p2a: Slowking\n|-supereffective|p2a: Slowking\n|-damage|p2a: Slowking|0 fnt\n|faint|p2a: Slowking\n|-ability|p1a: Buzzwole|Beast Boost|boost\n|-boost|p1a: Buzzwole|atk|1\n|\n|-weather|SunnyDay|[upkeep]\n|upkeep\n|\n|t:|1700310423\n|switch|p2a: Kyurem|Kyurem|6\/100\n|-ability|p2a: Kyurem|Pressure\n|turn|14\n|\n|t:|1700310430\n|move|p1a: Buzzwole|Earthquake|p2a: Kyurem\n|-damage|p2a: Kyurem|0 fnt\n|faint|p2a: Kyurem\n|\n|win|IceBerryCoffee\n|raw|IceBerryCoffee's rating: 1278 &rarr; <strong>1296<\/strong><br \/>(+18 for winning)\n|raw|sgzf's rating: 1176 &rarr; <strong>1158<\/strong><br \/>(-18 for losing)\n|l|\u2606sgzf\n","uploadtime":1700310436,"views":8,"p1id":"iceberrycoffee","p2id":"sgzf","formatid":"gen9nationaldex","rating":1158,"private":0,"password":""}