{"id":"gen9nationaldex-1987016917","p1":"PingusFingusPingas","p2":"h8for3v","format":"[Gen 9] National Dex","log":"|j|\u2606PingusFingusPingas\n|j|\u2606h8for3v\n|t:|1699549299\n|gametype|singles\n|player|p1|PingusFingusPingas|boarder|1082\n|player|p2|h8for3v|alec-anime|1045\n|teamsize|p1|6\n|teamsize|p2|6\n|gen|9\n|tier|[Gen 9] National Dex\n|rated|\n|rule|HP Percentage Mod: HP is shown in percentages\n|rule|Endless Battle Clause: Forcing endless battles is banned\n|rule|OHKO Clause: OHKO moves are banned\n|rule|Evasion Clause: Evasion abilities, items, and moves are banned\n|rule|Evasion Abilities Clause: Evasion abilities are banned\n|rule|Evasion Items Clause: Evasion items are banned\n|rule|Evasion Moves Clause: Evasion moves are banned\n|rule|Species Clause: Limit one of each Pok\u00e9mon\n|rule|Sleep Clause Mod: Limit one foe put to sleep\n|clearpoke\n|poke|p1|Drifblim, M|\n|poke|p1|Falinks|\n|poke|p1|Beedrill, M|\n|poke|p1|Avalugg, M|\n|poke|p1|Chandelure, M|\n|poke|p1|Klefki, M|\n|poke|p2|Miltank, F|\n|poke|p2|Dragonite, M|\n|poke|p2|Maushold|\n|poke|p2|Tyrantrum, M|\n|poke|p2|Gengar, M|\n|poke|p2|Blastoise, M|\n|teampreview\n|inactive|Battle timer is ON: inactive players will automatically lose when time's up. (requested by PingusFingusPingas)\n|\n|t:|1699549316\n|start\n|switch|p1a: Ringer|Klefki, M|100\/100\n|switch|p2a: Gengar|Gengar, M, shiny|100\/100\n|turn|1\n|c|\u2606h8for3v|?\n|\n|t:|1699549321\n|move|p1a: Ringer|Reflect|p1a: Ringer\n|-sidestart|p1: PingusFingusPingas|Reflect\n|move|p2a: Gengar|Trick|p1a: Ringer\n|-activate|p2a: Gengar|move: Trick|[of] p1a: Ringer\n|-item|p1a: Ringer|Choice Specs|[from] move: Trick\n|-item|p2a: Gengar|Heavy-Duty Boots|[from] move: Trick\n|\n|upkeep\n|turn|2\n|\n|t:|1699549337\n|move|p1a: Ringer|Light Screen|p1a: Ringer\n|-sidestart|p1: PingusFingusPingas|move: Light Screen\n|move|p2a: Gengar|Focus Blast|p1a: Ringer\n|-damage|p1a: Ringer|73\/100\n|\n|upkeep\n|turn|3\n|\n|t:|1699549348\n|switch|p1a: California's Bane|Chandelure, M|100\/100\n|move|p2a: Gengar|Shadow Ball|p1a: California's Bane\n|-supereffective|p1a: California's Bane\n|-damage|p1a: California's Bane|36\/100\n|\n|upkeep\n|turn|4\n|\n|t:|1699549354\n|move|p2a: Gengar|Shadow Ball|p1a: California's Bane\n|-supereffective|p1a: California's Bane\n|-damage|p1a: California's Bane|0 fnt\n|faint|p1a: California's Bane\n|\n|upkeep\n|\n|t:|1699549358\n|switch|p1a: Trigger Discipline|Drifblim, M|100\/100\n|turn|5\n|\n|t:|1699549360\n|move|p2a: Gengar|Shadow Ball|p1a: Trigger Discipline\n|-supereffective|p1a: Trigger Discipline\n|-damage|p1a: Trigger Discipline|50\/100\n|move|p1a: Trigger Discipline|Tailwind|p1a: Trigger Discipline\n|-sidestart|p1: PingusFingusPingas|move: Tailwind\n|\n|-sideend|p1: PingusFingusPingas|Reflect\n|upkeep\n|turn|6\n|\n|t:|1699549368\n|move|p1a: Trigger Discipline|Destiny Bond|p1a: Trigger Discipline\n|-singlemove|p1a: Trigger Discipline|Destiny Bond\n|move|p2a: Gengar|Shadow Ball|p1a: Trigger Discipline\n|-supereffective|p1a: Trigger Discipline\n|-damage|p1a: Trigger Discipline|0 fnt\n|faint|p1a: Trigger Discipline\n|-activate|p1a: Trigger Discipline|move: Destiny Bond\n|faint|p2a: Gengar\n|\n|-sideend|p1: PingusFingusPingas|move: Light Screen\n|upkeep\n|\n|t:|1699549380\n|switch|p2a: BLUEBERRYMILKSHAKE|Miltank, F, shiny|100\/100\n|switch|p1a: Ringer|Klefki, M|73\/100\n|turn|7\n|\n|t:|1699549385\n|move|p1a: Ringer|Light Screen|p1a: Ringer\n|-sidestart|p1: PingusFingusPingas|move: Light Screen\n|move|p2a: BLUEBERRYMILKSHAKE|Body Slam|p1a: Ringer\n|-resisted|p1a: Ringer\n|-damage|p1a: Ringer|64\/100\n|\n|upkeep\n|turn|8\n|\n|t:|1699549390\n|switch|p1a: Day in Denali|Avalugg, M, shiny|100\/100\n|move|p2a: BLUEBERRYMILKSHAKE|Body Slam|p1a: Day in Denali\n|-crit|p1a: Day in Denali\n|-damage|p1a: Day in Denali|82\/100\n|\n|-heal|p1a: Day in Denali|88\/100|[from] item: Leftovers\n|-sideend|p1: PingusFingusPingas|move: Tailwind\n|upkeep\n|turn|9\n|\n|t:|1699549397\n|move|p2a: BLUEBERRYMILKSHAKE|Toxic|p1a: Day in Denali|[miss]\n|-miss|p2a: BLUEBERRYMILKSHAKE|p1a: Day in Denali\n|move|p1a: Day in Denali|Snowscape|p1a: Day in Denali\n|-weather|Snow\n|\n|-weather|Snow|[upkeep]\n|-heal|p1a: Day in Denali|94\/100|[from] ability: Ice Body\n|-heal|p1a: Day in Denali|99\/100|[from] item: Leftovers\n|upkeep\n|turn|10\n|\n|t:|1699549407\n|switch|p1a: Bugger|Beedrill, M|100\/100\n|move|p2a: BLUEBERRYMILKSHAKE|Body Slam|p1a: Bugger\n|-damage|p1a: Bugger|41\/100\n|-status|p1a: Bugger|par\n|\n|-weather|Snow|[upkeep]\n|upkeep\n|turn|11\n|c|\u2606h8for3v|?\n|\n|t:|1699549418\n|detailschange|p1a: Bugger|Beedrill-Mega, M\n|-mega|p1a: Bugger|Beedrill|Beedrillite\n|move|p2a: BLUEBERRYMILKSHAKE|Body Slam|p1a: Bugger\n|-damage|p1a: Bugger|0 fnt\n|faint|p1a: Bugger\n|\n|-weather|Snow|[upkeep]\n|-sideend|p1: PingusFingusPingas|move: Light Screen\n|upkeep\n|c|\u2606PingusFingusPingas|I play like absolute shit\n|\n|t:|1699549431\n|switch|p1a: Day in Denali|Avalugg, M, shiny|99\/100\n|turn|12\n|c|\u2606h8for3v|lolol i got the better opener it happens\n|\n|t:|1699549443\n|move|p2a: BLUEBERRYMILKSHAKE|Body Slam|p1a: Day in Denali\n|-damage|p1a: Day in Denali|93\/100\n|-status|p1a: Day in Denali|par\n|cant|p1a: Day in Denali|par\n|\n|-weather|Snow|[upkeep]\n|-heal|p1a: Day in Denali|99\/100 par|[from] ability: Ice Body\n|-heal|p1a: Day in Denali|100\/100 par|[from] item: Leftovers\n|upkeep\n|turn|13\n|c|\u2606PingusFingusPingas|FUCKING PARALYSIS\n|\n|t:|1699549455\n|switch|p2a: Big boye|Tyrantrum, M, shiny|100\/100\n|move|p1a: Day in Denali|Aurora Veil|p1a: Day in Denali\n|-sidestart|p1: PingusFingusPingas|move: Aurora Veil\n|\n|-weather|none\n|upkeep\n|turn|14\n|c|\u2606h8for3v|body slam spam\n|\n|t:|1699549464\n|cant|p1a: Day in Denali|par\n|move|p2a: Big boye|Dragon Tail|p1a: Day in Denali\n|-damage|p1a: Day in Denali|92\/100 par\n|drag|p1a: Hexet|Falinks|100\/100\n|\n|upkeep\n|turn|15\n|\n|t:|1699549473\n|move|p1a: Hexet|No Retreat|p1a: Hexet\n|-boost|p1a: Hexet|atk|1\n|-boost|p1a: Hexet|def|1\n|-boost|p1a: Hexet|spa|1\n|-boost|p1a: Hexet|spd|1\n|-boost|p1a: Hexet|spe|1\n|-start|p1a: Hexet|move: No Retreat\n|move|p2a: Big boye|Outrage|p1a: Hexet\n|-damage|p1a: Hexet|80\/100\n|\n|upkeep\n|turn|16\n|\n|t:|1699549482\n|move|p1a: Hexet|Close Combat|p2a: Big boye\n|-supereffective|p2a: Big boye\n|-crit|p2a: Big boye\n|-damage|p2a: Big boye|0 fnt\n|-unboost|p1a: Hexet|def|1\n|-unboost|p1a: Hexet|spd|1\n|faint|p2a: Big boye\n|\n|upkeep\n|\n|t:|1699549488\n|switch|p2a: god|Maushold|100\/100\n|turn|17\n|\n|t:|1699549491\n|-terastallize|p2a: god|Ghost\n|move|p2a: god|Tidy Up|p2a: god\n|-boost|p2a: god|atk|1\n|-boost|p2a: god|spe|1\n|move|p1a: Hexet|Close Combat|p2a: god\n|-immune|p2a: god\n|\n|-sideend|p1: PingusFingusPingas|move: Aurora Veil\n|upkeep\n|turn|18\n|\n|t:|1699549500\n|move|p2a: god|Population Bomb|p1a: Hexet\n|-damage|p1a: Hexet|68\/100\n|-damage|p1a: Hexet|56\/100\n|-damage|p1a: Hexet|44\/100\n|-damage|p1a: Hexet|32\/100\n|-damage|p1a: Hexet|20\/100\n|-damage|p1a: Hexet|10\/100\n|-damage|p1a: Hexet|0 fnt\n|faint|p1a: Hexet\n|-hitcount|p1: Hexet|7\n|\n|upkeep\n|\n|t:|1699549503\n|switch|p1a: Day in Denali|Avalugg, M, shiny|92\/100 par\n|turn|19\n|\n|t:|1699549512\n|move|p2a: god|Tidy Up|p2a: god\n|-boost|p2a: god|atk|1\n|-boost|p2a: god|spe|1\n|move|p1a: Day in Denali|Snowscape|p1a: Day in Denali\n|-weather|Snow\n|\n|-weather|Snow|[upkeep]\n|-heal|p1a: Day in Denali|98\/100 par|[from] ability: Ice Body\n|-heal|p1a: Day in Denali|100\/100 par|[from] item: Leftovers\n|upkeep\n|turn|20\n|\n|t:|1699549520\n|move|p2a: god|Population Bomb|p1a: Day in Denali\n|-damage|p1a: Day in Denali|96\/100 par\n|-damage|p1a: Day in Denali|90\/100 par\n|-damage|p1a: Day in Denali|86\/100 par\n|-damage|p1a: Day in Denali|81\/100 par\n|-damage|p1a: Day in Denali|76\/100 par\n|-damage|p1a: Day in Denali|71\/100 par\n|-damage|p1a: Day in Denali|65\/100 par\n|-damage|p1a: Day in Denali|60\/100 par\n|-damage|p1a: Day in Denali|55\/100 par\n|-damage|p1a: Day in Denali|50\/100 par\n|-hitcount|p1a: Day in Denali|10\n|move|p1a: Day in Denali|Aurora Veil|p1a: Day in Denali\n|-sidestart|p1: PingusFingusPingas|move: Aurora Veil\n|\n|-weather|Snow|[upkeep]\n|-heal|p1a: Day in Denali|56\/100 par|[from] ability: Ice Body\n|-heal|p1a: Day in Denali|62\/100 par|[from] item: Leftovers\n|upkeep\n|turn|21\n|\n|t:|1699549537\n|move|p2a: god|Tidy Up|p2a: god\n|-boost|p2a: god|atk|1\n|-boost|p2a: god|spe|1\n|move|p1a: Day in Denali|Avalanche|p2a: god\n|-damage|p2a: god|48\/100\n|\n|-weather|Snow|[upkeep]\n|-heal|p1a: Day in Denali|68\/100 par|[from] ability: Ice Body\n|-heal|p1a: Day in Denali|74\/100 par|[from] item: Leftovers\n|upkeep\n|turn|22\n|\n|t:|1699549551\n|move|p2a: god|Bite|p1a: Day in Denali\n|-damage|p1a: Day in Denali|69\/100 par\n|move|p1a: Day in Denali|Avalanche|p2a: god\n|-damage|p2a: god|0 fnt\n|faint|p2a: god\n|\n|-weather|Snow|[upkeep]\n|-heal|p1a: Day in Denali|75\/100 par|[from] ability: Ice Body\n|-heal|p1a: Day in Denali|81\/100 par|[from] item: Leftovers\n|upkeep\n|\n|t:|1699549563\n|switch|p2a: George|Dragonite, M|100\/100\n|turn|23\n|\n|t:|1699549566\n|move|p2a: George|Dragon Dance|p2a: George\n|-boost|p2a: George|atk|1\n|-boost|p2a: George|spe|1\n|move|p1a: Day in Denali|Avalanche|p2a: George\n|-supereffective|p2a: George\n|-damage|p2a: George|31\/100\n|\n|-weather|none\n|-heal|p2a: George|37\/100|[from] item: Leftovers\n|-heal|p1a: Day in Denali|87\/100 par|[from] item: Leftovers\n|upkeep\n|turn|24\n|\n|t:|1699549591\n|move|p2a: George|Extreme Speed|p1a: Day in Denali\n|-damage|p1a: Day in Denali|75\/100 par\n|cant|p1a: Day in Denali|par\n|\n|-heal|p2a: George|44\/100|[from] item: Leftovers\n|-heal|p1a: Day in Denali|81\/100 par|[from] item: Leftovers\n|-sideend|p1: PingusFingusPingas|move: Aurora Veil\n|upkeep\n|turn|25\n|\n|t:|1699549598\n|switch|p2a: Blastoise|Blastoise, M|100\/100\n|move|p1a: Day in Denali|Snowscape|p1a: Day in Denali\n|-weather|Snow\n|\n|-weather|Snow|[upkeep]\n|-heal|p1a: Day in Denali|87\/100 par|[from] ability: Ice Body\n|-heal|p1a: Day in Denali|93\/100 par|[from] item: Leftovers\n|upkeep\n|turn|26\n|\n|t:|1699549608\n|move|p2a: Blastoise|Weather Ball|p1a: Day in Denali\n|-resisted|p1a: Day in Denali\n|-damage|p1a: Day in Denali|73\/100 par\n|move|p1a: Day in Denali|Aurora Veil|p1a: Day in Denali\n|-sidestart|p1: PingusFingusPingas|move: Aurora Veil\n|\n|-weather|Snow|[upkeep]\n|-heal|p1a: Day in Denali|79\/100 par|[from] ability: Ice Body\n|-heal|p1a: Day in Denali|86\/100 par|[from] item: Leftovers\n|upkeep\n|turn|27\n|\n|t:|1699549618\n|move|p2a: Blastoise|Dark Pulse|p1a: Day in Denali\n|-damage|p1a: Day in Denali|70\/100 par\n|move|p1a: Day in Denali|Body Press|p2a: Blastoise\n|-damage|p2a: Blastoise|70\/100\n|\n|-weather|Snow|[upkeep]\n|-heal|p1a: Day in Denali|76\/100 par|[from] ability: Ice Body\n|-heal|p1a: Day in Denali|82\/100 par|[from] item: Leftovers\n|upkeep\n|turn|28\n|\n|t:|1699549626\n|move|p2a: Blastoise|Dark Pulse|p1a: Day in Denali\n|-damage|p1a: Day in Denali|65\/100 par\n|cant|p1a: Day in Denali|par\n|\n|-weather|Snow|[upkeep]\n|-heal|p1a: Day in Denali|71\/100 par|[from] ability: Ice Body\n|-heal|p1a: Day in Denali|77\/100 par|[from] item: Leftovers\n|upkeep\n|turn|29\n|\n|t:|1699549633\n|move|p2a: Blastoise|Dark Pulse|p1a: Day in Denali\n|-damage|p1a: Day in Denali|60\/100 par\n|move|p1a: Day in Denali|Body Press|p2a: Blastoise\n|-damage|p2a: Blastoise|35\/100\n|\n|-weather|none\n|-heal|p1a: Day in Denali|66\/100 par|[from] item: Leftovers\n|upkeep\n|turn|30\n|\n|t:|1699549641\n|move|p2a: Blastoise|Dark Pulse|p1a: Day in Denali\n|-damage|p1a: Day in Denali|50\/100 par\n|move|p1a: Day in Denali|Snowscape|p1a: Day in Denali\n|-weather|Snow\n|\n|-weather|Snow|[upkeep]\n|-heal|p1a: Day in Denali|56\/100 par|[from] ability: Ice Body\n|-heal|p1a: Day in Denali|62\/100 par|[from] item: Leftovers\n|-sideend|p1: PingusFingusPingas|move: Aurora Veil\n|upkeep\n|turn|31\n|\n|t:|1699549649\n|switch|p2a: BLUEBERRYMILKSHAKE|Miltank, F, shiny|100\/100\n|move|p1a: Day in Denali|Aurora Veil|p1a: Day in Denali\n|-sidestart|p1: PingusFingusPingas|move: Aurora Veil\n|\n|-weather|Snow|[upkeep]\n|-heal|p1a: Day in Denali|68\/100 par|[from] ability: Ice Body\n|-heal|p1a: Day in Denali|74\/100 par|[from] item: Leftovers\n|upkeep\n|turn|32\n|\n|t:|1699549656\n|move|p2a: BLUEBERRYMILKSHAKE|Toxic||[still]\n|-fail|p2a: BLUEBERRYMILKSHAKE\n|cant|p1a: Day in Denali|par\n|\n|-weather|Snow|[upkeep]\n|-heal|p1a: Day in Denali|80\/100 par|[from] ability: Ice Body\n|-heal|p1a: Day in Denali|86\/100 par|[from] item: Leftovers\n|upkeep\n|turn|33\n|c|\u2606h8for3v|well i fucked up lol\n|c|\u2606PingusFingusPingas|HAH, 1 STATUS CLAUSE\n|c|\u2606h8for3v|can't toxic you\n|\n|t:|1699549678\n|switch|p2a: George|Dragonite, M|44\/100\n|cant|p1a: Day in Denali|par\n|\n|-weather|Snow|[upkeep]\n|-heal|p1a: Day in Denali|92\/100 par|[from] ability: Ice Body\n|-heal|p2a: George|50\/100|[from] item: Leftovers\n|-heal|p1a: Day in Denali|98\/100 par|[from] item: Leftovers\n|upkeep\n|turn|34\n|\n|t:|1699549686\n|move|p2a: George|Dragon Dance|p2a: George\n|-boost|p2a: George|atk|1\n|-boost|p2a: George|spe|1\n|move|p1a: Day in Denali|Avalanche|p2a: George\n|-supereffective|p2a: George\n|-damage|p2a: George|0 fnt\n|faint|p2a: George\n|\n|-weather|none\n|-heal|p1a: Day in Denali|100\/100 par|[from] item: Leftovers\n|upkeep\n|c|\u2606PingusFingusPingas|AVALUGG SWEEP?\n|\n|t:|1699549694\n|switch|p2a: BLUEBERRYMILKSHAKE|Miltank, F, shiny|100\/100\n|turn|35\n|\n|t:|1699549699\n|move|p2a: BLUEBERRYMILKSHAKE|Body Slam|p1a: Day in Denali\n|-damage|p1a: Day in Denali|94\/100 par\n|move|p1a: Day in Denali|Snowscape|p1a: Day in Denali\n|-weather|Snow\n|\n|-weather|Snow|[upkeep]\n|-heal|p1a: Day in Denali|100\/100 par|[from] ability: Ice Body\n|-sideend|p1: PingusFingusPingas|move: Aurora Veil\n|upkeep\n|turn|36\n|\n|t:|1699549709\n|move|p2a: BLUEBERRYMILKSHAKE|Body Slam|p1a: Day in Denali\n|-damage|p1a: Day in Denali|93\/100 par\n|move|p1a: Day in Denali|Aurora Veil|p1a: Day in Denali\n|-sidestart|p1: PingusFingusPingas|move: Aurora Veil\n|\n|-weather|Snow|[upkeep]\n|-heal|p1a: Day in Denali|99\/100 par|[from] ability: Ice Body\n|-heal|p1a: Day in Denali|100\/100 par|[from] item: Leftovers\n|upkeep\n|turn|37\n|c|\u2606PingusFingusPingas|Honestly,this is broken if it doesnt get oneshotted by fire special\n|c|\u2606h8for3v|one last drink of milk before i admit defeat\n|\n|t:|1699549734\n|move|p2a: BLUEBERRYMILKSHAKE|Milk Drink||[still]\n|-fail|p2a: BLUEBERRYMILKSHAKE|heal\n|cant|p1a: Day in Denali|par\n|\n|-weather|Snow|[upkeep]\n|upkeep\n|turn|38\n|c|\u2606h8for3v|gg\n|-message|h8for3v forfeited.\n|\n|win|PingusFingusPingas\n|raw|PingusFingusPingas's rating: 1082 &rarr; <strong>1107<\/strong><br \/>(+25 for winning)\n|raw|h8for3v's rating: 1045 &rarr; <strong>1030<\/strong><br \/>(-15 for losing)\n","uploadtime":1699549747,"views":4,"p1id":"pingusfinguspingas","p2id":"h8for3v","formatid":"gen9nationaldex","rating":1030,"private":0,"password":""}