{"id":"gen9nationaldex-1992425511","p1":"Ezael_Stormblood","p2":"Sophie847","format":"[Gen 9] National Dex","log":"|j|\u2606Ezael_Stormblood\n|j|\u2606Sophie847\n|t:|1700186083\n|gametype|singles\n|player|p1|Ezael_Stormblood|hiker-gen4|1139\n|player|p2|Sophie847|1|1048\n|teamsize|p1|6\n|teamsize|p2|6\n|gen|9\n|tier|[Gen 9] National Dex\n|rated|\n|rule|HP Percentage Mod: HP is shown in percentages\n|rule|Endless Battle Clause: Forcing endless battles is banned\n|rule|OHKO Clause: OHKO moves are banned\n|rule|Evasion Clause: Evasion abilities, items, and moves are banned\n|rule|Evasion Abilities Clause: Evasion abilities are banned\n|rule|Evasion Items Clause: Evasion items are banned\n|rule|Evasion Moves Clause: Evasion moves are banned\n|rule|Species Clause: Limit one of each Pok\u00e9mon\n|rule|Sleep Clause Mod: Limit one foe put to sleep\n|clearpoke\n|poke|p1|Spiritomb, M|\n|poke|p1|Milotic, F|\n|poke|p1|Lucario, F|\n|poke|p1|Absol, F|\n|poke|p1|Garchomp, F|\n|poke|p1|Togekiss, F|\n|poke|p2|Blissey, F|\n|poke|p2|Zoroark-Hisui, F|\n|poke|p2|Ursaluna, M|\n|poke|p2|Volcanion|\n|poke|p2|Blacephalon|\n|poke|p2|Arcanine-Hisui, M|\n|teampreview\n|\n|t:|1700186099\n|start\n|switch|p1a: Spiritomb|Spiritomb, M|100\/100\n|switch|p2a: Blissey|Blissey, F|100\/100\n|turn|1\n|\n|t:|1700186108\n|move|p2a: Blissey|Nasty Plot|p2a: Blissey\n|-boost|p2a: Blissey|spa|2\n|move|p1a: Spiritomb|Will-O-Wisp|p2a: Blissey\n|-status|p2a: Blissey|brn\n|\n|-damage|p2a: Blissey|95\/100 brn|[from] brn\n|upkeep\n|turn|2\n|\n|t:|1700186116\n|switch|p1a: Milotic|Milotic, F|100\/100\n|move|p2a: Blissey|Shadow Ball|p1a: Milotic\n|-damage|p1a: Milotic|51\/100\n|\n|-damage|p2a: Blissey|89\/100 brn|[from] brn\n|-status|p1a: Milotic|brn|[from] item: Flame Orb\n|upkeep\n|turn|3\n|\n|t:|1700186130\n|move|p2a: Blissey|Shadow Ball|p1a: Milotic\n|-damage|p1a: Milotic|3\/100 brn\n|move|p1a: Milotic|Mirror Coat|p2a: Blissey\n|-damage|p2a: Blissey|0 fnt\n|replace|p2a: Zoroark|Zoroark-Hisui, F\n|-end|p2a: Zoroark|Illusion\n|faint|p2a: Zoroark\n|\n|-damage|p1a: Milotic|0 fnt|[from] brn\n|faint|p1a: Milotic\n|upkeep\n|\n|t:|1700186147\n|switch|p2a: Arcanine|Arcanine-Hisui, M|100\/100\n|switch|p1a: Spiritomb|Spiritomb, M|100\/100\n|turn|4\n|c|\u2606Ezael_Stormblood|weak arcanine-hisui\n|c|\u2606Ezael_Stormblood|whoops\n|\n|t:|1700186187\n|move|p2a: Arcanine|Flare Blitz|p1a: Spiritomb\n|-damage|p1a: Spiritomb|7\/100\n|-status|p1a: Spiritomb|brn\n|-enditem|p1a: Spiritomb|Mago Berry|[eat]\n|-heal|p1a: Spiritomb|40\/100 brn|[from] item: Mago Berry\n|move|p1a: Spiritomb|Will-O-Wisp|p2a: Arcanine\n|-immune|p2a: Arcanine\n|\n|-damage|p1a: Spiritomb|34\/100 brn|[from] brn\n|upkeep\n|turn|5\n|\n|t:|1700186207\n|switch|p1a: Garchomp|Garchomp, F|100\/100\n|move|p2a: Arcanine|Flare Blitz|p1a: Garchomp\n|-resisted|p1a: Garchomp\n|-damage|p1a: Garchomp|55\/100\n|-damage|p2a: Arcanine|88\/100|[from] ability: Rough Skin|[of] p1a: Garchomp\n|\n|upkeep\n|turn|6\n|\n|t:|1700186217\n|switch|p2a: Ursaluna|Ursaluna, M|100\/100\n|move|p1a: Garchomp|Earthquake|p2a: Ursaluna\n|-damage|p2a: Ursaluna|63\/100\n|\n|-status|p2a: Ursaluna|brn|[from] item: Flame Orb\n|upkeep\n|turn|7\n|\n|t:|1700186224\n|move|p1a: Garchomp|Swords Dance|p1a: Garchomp\n|-boost|p1a: Garchomp|atk|2\n|move|p2a: Ursaluna|Facade|p1a: Garchomp\n|-damage|p1a: Garchomp|0 fnt\n|-damage|p2a: Ursaluna|51\/100 brn|[from] ability: Rough Skin|[of] p1a: Garchomp\n|faint|p1a: Garchomp\n|\n|-damage|p2a: Ursaluna|45\/100 brn|[from] brn\n|upkeep\n|\n|t:|1700186232\n|switch|p1a: Spiritomb|Spiritomb, M|34\/100 brn\n|turn|8\n|\n|t:|1700186245\n|move|p2a: Ursaluna|Fire Punch|p1a: Spiritomb\n|-damage|p1a: Spiritomb|0 fnt\n|faint|p1a: Spiritomb\n|\n|-damage|p2a: Ursaluna|39\/100 brn|[from] brn\n|upkeep\n|\n|t:|1700186248\n|switch|p1a: Absol|Absol, F|100\/100\n|turn|9\n|\n|t:|1700186253\n|detailschange|p1a: Absol|Absol-Mega, F\n|-mega|p1a: Absol|Absol|Absolite\n|move|p1a: Absol|Close Combat|p2a: Ursaluna\n|-supereffective|p2a: Ursaluna\n|-damage|p2a: Ursaluna|0 fnt\n|-unboost|p1a: Absol|def|1\n|-unboost|p1a: Absol|spd|1\n|faint|p2a: Ursaluna\n|\n|upkeep\n|\n|t:|1700186277\n|switch|p2a: Volcanion|Volcanion|100\/100\n|turn|10\n|\n|t:|1700186296\n|move|p1a: Absol|Knock Off|p2a: Volcanion\n|-damage|p2a: Volcanion|56\/100\n|-enditem|p2a: Volcanion|Heavy-Duty Boots|[from] move: Knock Off|[of] p1a: Absol\n|move|p2a: Volcanion|Steam Eruption|p1a: Absol\n|-damage|p1a: Absol|0 fnt\n|faint|p1a: Absol\n|\n|upkeep\n|\n|t:|1700186302\n|switch|p1a: Togekiss|Togekiss, F|100\/100\n|turn|11\n|\n|t:|1700186316\n|move|p1a: Togekiss|Air Slash|p2a: Volcanion\n|-damage|p2a: Volcanion|23\/100\n|cant|p2a: Volcanion|flinch\n|\n|upkeep\n|turn|12\n|\n|t:|1700186326\n|move|p1a: Togekiss|Air Slash|p2a: Volcanion\n|-damage|p2a: Volcanion|0 fnt\n|faint|p2a: Volcanion\n|\n|upkeep\n|\n|t:|1700186335\n|switch|p2a: Blacephalon|Blacephalon|100\/100\n|turn|13\n|\n|t:|1700186345\n|move|p2a: Blacephalon|Hidden Power|p1a: Togekiss\n|-supereffective|p1a: Togekiss\n|-damage|p1a: Togekiss|56\/100\n|move|p1a: Togekiss|Ancient Power|p2a: Blacephalon\n|-supereffective|p2a: Blacephalon\n|-damage|p2a: Blacephalon|28\/100\n|\n|upkeep\n|turn|14\n|\n|t:|1700186368\n|move|p2a: Blacephalon|Hidden Power|p1a: Togekiss\n|-supereffective|p1a: Togekiss\n|-damage|p1a: Togekiss|8\/100\n|move|p1a: Togekiss|Ancient Power|p2a: Blacephalon\n|-supereffective|p2a: Blacephalon\n|-damage|p2a: Blacephalon|0 fnt\n|faint|p2a: Blacephalon\n|\n|upkeep\n|\n|t:|1700186378\n|switch|p2a: Blissey|Blissey, F|100\/100\n|turn|15\n|\n|t:|1700186382\n|move|p1a: Togekiss|Air Slash|p2a: Blissey\n|-damage|p2a: Blissey|83\/100\n|cant|p2a: Blissey|flinch\n|\n|upkeep\n|turn|16\n|\n|t:|1700186391\n|move|p1a: Togekiss|Air Slash|p2a: Blissey\n|-damage|p2a: Blissey|68\/100\n|cant|p2a: Blissey|flinch\n|\n|upkeep\n|turn|17\n|\n|t:|1700186399\n|move|p1a: Togekiss|Air Slash|p2a: Blissey\n|-damage|p2a: Blissey|50\/100\n|cant|p2a: Blissey|flinch\n|\n|upkeep\n|turn|18\n|c|\u2606Ezael_Stormblood|gotta love the flinch abuse\n|\n|t:|1700186410\n|move|p1a: Togekiss|Air Slash|p2a: Blissey\n|-damage|p2a: Blissey|33\/100\n|move|p2a: Blissey|Seismic Toss|p1a: Togekiss\n|-damage|p1a: Togekiss|0 fnt\n|faint|p1a: Togekiss\n|\n|upkeep\n|\n|t:|1700186415\n|switch|p1a: Lucario|Lucario, F|100\/100\n|turn|19\n|\n|t:|1700186420\n|move|p1a: Lucario|Close Combat|p2a: Blissey\n|-supereffective|p2a: Blissey\n|-damage|p2a: Blissey|0 fnt\n|-unboost|p1a: Lucario|def|1\n|-unboost|p1a: Lucario|spd|1\n|faint|p2a: Blissey\n|\n|upkeep\n|\n|t:|1700186427\n|switch|p2a: Arcanine|Arcanine-Hisui, M|88\/100\n|turn|20\n|\n|t:|1700186434\n|-terastallize|p1a: Lucario|Fighting\n|move|p1a: Lucario|Earthquake|p2a: Arcanine\n|-supereffective|p2a: Arcanine\n|-crit|p2a: Arcanine\n|-damage|p2a: Arcanine|0 fnt\n|faint|p2a: Arcanine\n|\n|win|Ezael_Stormblood\n|raw|Ezael_Stormblood's rating: 1139 &rarr; <strong>1158<\/strong><br \/>(+19 for winning)\n|raw|Sophie847's rating: 1048 &rarr; <strong>1035<\/strong><br \/>(-13 for losing)\n|c|\u2606Ezael_Stormblood|ggs\n","uploadtime":1700186441,"views":5,"p1id":"ezaelstormblood","p2id":"sophie847","formatid":"gen9nationaldex","rating":1035,"private":0,"password":""}