{"id":"gen9nationaldex-1999356389","p1":"Chips du 43","p2":"sumperkenny","format":"[Gen 9] National Dex","log":"|html|<div class=\"broadcast-blue\"><strong>[Gen 9] National Dex is currently suspecting Sneasler! For information on how to participate check out the <a href=\"https:\/\/www.smogon.com\/forums\/threads\/sv-national-dex-suspect-8-just-dance.3731534\/\">suspect thread<\/a>.<\/strong><\/div>\n|j|\u2606Chips du 43\n|j|\u2606sumperkenny\n|t:|1701065863\n|gametype|singles\n|player|p1|Chips du 43|waiter-gen4|1120\n|player|p2|sumperkenny|fisherman-gen4|1176\n|teamsize|p1|6\n|teamsize|p2|6\n|gen|9\n|tier|[Gen 9] National Dex\n|rated|\n|rule|HP Percentage Mod: HP is shown in percentages\n|rule|Endless Battle Clause: Forcing endless battles is banned\n|rule|OHKO Clause: OHKO moves are banned\n|rule|Evasion Clause: Evasion abilities, items, and moves are banned\n|rule|Evasion Abilities Clause: Evasion abilities are banned\n|rule|Evasion Items Clause: Evasion items are banned\n|rule|Evasion Moves Clause: Evasion moves are banned\n|rule|Species Clause: Limit one of each Pok\u00e9mon\n|rule|Sleep Clause Mod: Limit one foe put to sleep\n|clearpoke\n|poke|p1|Azelf|\n|poke|p1|Kartana|\n|poke|p1|Great Tusk|\n|poke|p1|Rotom-Wash|\n|poke|p1|Gliscor, F|\n|poke|p1|Weavile, F|\n|poke|p2|Latias, F|\n|poke|p2|Skeledirge, F|\n|poke|p2|Clefable, M|\n|poke|p2|Ferrothorn, M|\n|poke|p2|Gliscor, F|\n|poke|p2|Tornadus-Therian, M|\n|teampreview\n|inactive|Battle timer is ON: inactive players will automatically lose when time's up. (requested by sumperkenny)\n|\n|t:|1701065872\n|start\n|switch|p1a: Azelf|Azelf|100\/100\n|switch|p2a: Ferrothorn|Ferrothorn, M|100\/100\n|turn|1\n|\n|t:|1701065876\n|move|p1a: Azelf|Taunt|p2a: Ferrothorn\n|-start|p2a: Ferrothorn|move: Taunt\n|move|p2a: Ferrothorn|Knock Off|p1a: Azelf\n|-supereffective|p1a: Azelf\n|-damage|p1a: Azelf|48\/100\n|-enditem|p1a: Azelf|Focus Sash|[from] move: Knock Off|[of] p2a: Ferrothorn\n|\n|upkeep\n|turn|2\n|\n|t:|1701065880\n|switch|p2a: Clefable|Clefable, M|100\/100\n|move|p1a: Azelf|Stealth Rock|p2a: Clefable\n|-sidestart|p2: sumperkenny|move: Stealth Rock\n|\n|upkeep\n|turn|3\n|\n|t:|1701065888\n|move|p1a: Azelf|Taunt|p2a: Clefable\n|-start|p2a: Clefable|move: Taunt\n|cant|p2a: Clefable|move: Taunt|Calm Mind\n|\n|upkeep\n|turn|4\n|\n|t:|1701065896\n|switch|p2a: Skeledirge|Skeledirge, F|100\/100\n|move|p1a: Azelf|Thunder Wave|p2a: Skeledirge\n|-status|p2a: Skeledirge|par\n|\n|upkeep\n|turn|5\n|\n|t:|1701065903\n|move|p1a: Azelf|Taunt|p2a: Skeledirge\n|-start|p2a: Skeledirge|move: Taunt\n|move|p2a: Skeledirge|Torch Song|p1a: Azelf\n|-damage|p1a: Azelf|7\/100\n|-boost|p2a: Skeledirge|spa|1\n|\n|upkeep\n|turn|6\n|\n|t:|1701065907\n|move|p1a: Azelf|Explosion|p2a: Skeledirge\n|-immune|p2a: Skeledirge\n|faint|p1a: Azelf\n|move|p2a: Skeledirge|Torch Song|p1: Azelf|[notarget]\n|-fail|p2a: Skeledirge\n|\n|upkeep\n|\n|t:|1701065915\n|switch|p1a: Weavile|Weavile, F|100\/100\n|turn|7\n|\n|t:|1701065918\n|move|p1a: Weavile|Knock Off|p2a: Skeledirge\n|-supereffective|p2a: Skeledirge\n|-damage|p2a: Skeledirge|28\/100 par\n|-enditem|p2a: Skeledirge|Heavy-Duty Boots|[from] move: Knock Off|[of] p1a: Weavile\n|move|p2a: Skeledirge|Torch Song|p1a: Weavile\n|-supereffective|p1a: Weavile\n|-enditem|p1a: Weavile|Focus Sash\n|-damage|p1a: Weavile|1\/100\n|-boost|p2a: Skeledirge|spa|1\n|\n|-end|p2a: Skeledirge|move: Taunt\n|upkeep\n|turn|8\n|\n|t:|1701065927\n|move|p1a: Weavile|Knock Off|p2a: Skeledirge\n|-supereffective|p2a: Skeledirge\n|-damage|p2a: Skeledirge|0 fnt\n|faint|p2a: Skeledirge\n|\n|upkeep\n|\n|t:|1701065932\n|switch|p2a: Ferrothorn|Ferrothorn, M|100\/100\n|-damage|p2a: Ferrothorn|95\/100|[from] Stealth Rock\n|turn|9\n|\n|t:|1701065944\n|move|p1a: Weavile|Low Kick|p2a: Ferrothorn\n|-supereffective|p2a: Ferrothorn\n|-damage|p2a: Ferrothorn|40\/100\n|-damage|p1a: Weavile|0 fnt|[from] ability: Iron Barbs|[of] p2a: Ferrothorn\n|faint|p1a: Weavile\n|move|p2a: Ferrothorn|Stealth Rock|p1: Weavile\n|-sidestart|p1: Chips du 43|move: Stealth Rock\n|\n|-heal|p2a: Ferrothorn|46\/100|[from] item: Leftovers\n|upkeep\n|\n|t:|1701065949\n|switch|p1a: Great Tusk|Great Tusk, shiny|100\/100\n|turn|10\n|\n|t:|1701065959\n|switch|p2a: Latias|Latias, F|100\/100\n|-damage|p2a: Latias|88\/100|[from] Stealth Rock\n|move|p1a: Great Tusk|Rapid Spin|p2a: Latias\n|-damage|p2a: Latias|69\/100\n|-boost|p1a: Great Tusk|spe|1\n|-sideend|p1: Chips du 43|Stealth Rock|[from] move: Rapid Spin|[of] p1a: Great Tusk\n|\n|upkeep\n|turn|11\n|\n|t:|1701065971\n|detailschange|p2a: Latias|Latias-Mega, F\n|-mega|p2a: Latias|Latias|Latiasite\n|move|p1a: Great Tusk|Ice Spinner|p2a: Latias\n|-supereffective|p2a: Latias\n|-damage|p2a: Latias|23\/100\n|move|p2a: Latias|Roost|p2a: Latias\n|-heal|p2a: Latias|74\/100\n|-singleturn|p2a: Latias|move: Roost\n|\n|upkeep\n|turn|12\n|\n|t:|1701065986\n|-end|p1a: Great Tusk|Protosynthesis|[silent]\n|switch|p1a: Rotom|Rotom-Wash|100\/100\n|switch|p2a: Clefable|Clefable, M|100\/100\n|\n|upkeep\n|turn|13\n|\n|t:|1701065992\n|move|p1a: Rotom|Trick|p2a: Clefable\n|-activate|p1a: Rotom|move: Trick|[of] p2a: Clefable\n|-item|p2a: Clefable|Choice Scarf|[from] move: Trick\n|-item|p1a: Rotom|Rocky Helmet|[from] move: Trick\n|move|p2a: Clefable|Calm Mind|p2a: Clefable\n|-boost|p2a: Clefable|spa|1\n|-boost|p2a: Clefable|spd|1\n|\n|upkeep\n|turn|14\n|\n|t:|1701066013\n|switch|p2a: Ferrothorn|Ferrothorn, M|46\/100\n|-damage|p2a: Ferrothorn|40\/100|[from] Stealth Rock\n|move|p1a: Rotom|Volt Switch|p2a: Ferrothorn\n|-resisted|p2a: Ferrothorn\n|-damage|p2a: Ferrothorn|33\/100\n|\n|t:|1701066020\n|switch|p1a: Great Tusk|Great Tusk, shiny|100\/100|[from] Volt Switch\n|\n|-heal|p2a: Ferrothorn|39\/100|[from] item: Leftovers\n|upkeep\n|turn|15\n|\n|t:|1701066025\n|move|p1a: Great Tusk|Rapid Spin|p2a: Ferrothorn\n|-resisted|p2a: Ferrothorn\n|-damage|p2a: Ferrothorn|32\/100\n|-boost|p1a: Great Tusk|spe|1\n|-damage|p1a: Great Tusk|88\/100|[from] ability: Iron Barbs|[of] p2a: Ferrothorn\n|move|p2a: Ferrothorn|Power Whip|p1a: Great Tusk\n|-supereffective|p1a: Great Tusk\n|-damage|p1a: Great Tusk|30\/100\n|\n|-heal|p2a: Ferrothorn|38\/100|[from] item: Leftovers\n|upkeep\n|turn|16\n|\n|t:|1701066033\n|move|p1a: Great Tusk|Close Combat|p2a: Ferrothorn\n|-supereffective|p2a: Ferrothorn\n|-damage|p2a: Ferrothorn|0 fnt\n|-unboost|p1a: Great Tusk|def|1\n|-unboost|p1a: Great Tusk|spd|1\n|-damage|p1a: Great Tusk|17\/100|[from] ability: Iron Barbs|[of] p2a: Ferrothorn\n|faint|p2a: Ferrothorn\n|\n|upkeep\n|\n|t:|1701066036\n|switch|p2a: Clefable|Clefable, M|100\/100\n|turn|17\n|\n|t:|1701066040\n|move|p1a: Great Tusk|Ice Spinner|p2a: Clefable\n|-damage|p2a: Clefable|78\/100\n|move|p2a: Clefable|Moonblast|p1a: Great Tusk\n|-supereffective|p1a: Great Tusk\n|-damage|p1a: Great Tusk|0 fnt\n|faint|p1a: Great Tusk\n|-end|p1a: Great Tusk|Protosynthesis|[silent]\n|\n|upkeep\n|\n|t:|1701066043\n|switch|p1a: Kartana|Kartana|100\/100\n|turn|18\n|\n|t:|1701066051\n|switch|p2a: Tornadus|Tornadus-Therian, M|100\/100\n|-damage|p2a: Tornadus|76\/100|[from] Stealth Rock\n|move|p1a: Kartana|Swords Dance|p1a: Kartana\n|-boost|p1a: Kartana|atk|2\n|\n|upkeep\n|turn|19\n|\n|t:|1701066060\n|-zpower|p2a: Tornadus\n|move|p2a: Tornadus|Supersonic Skystrike|p1a: Kartana|[zeffect]\n|-damage|p1a: Kartana|0 fnt\n|faint|p1a: Kartana\n|\n|upkeep\n|\n|t:|1701066065\n|switch|p1a: Rotom|Rotom-Wash|100\/100\n|turn|20\n|\n|t:|1701066075\n|switch|p2a: Latias|Latias-Mega, F|74\/100\n|-damage|p2a: Latias|61\/100|[from] Stealth Rock\n|move|p1a: Rotom|Volt Switch|p2a: Latias\n|-resisted|p2a: Latias\n|-damage|p2a: Latias|53\/100\n|\n|t:|1701066082\n|switch|p1a: Gliscor|Gliscor, F|100\/100|[from] Volt Switch\n|\n|-status|p1a: Gliscor|tox|[from] item: Toxic Orb\n|upkeep\n|turn|21\n|\n|t:|1701066084\n|move|p2a: Latias|Roost|p2a: Latias\n|-heal|p2a: Latias|100\/100\n|-singleturn|p2a: Latias|move: Roost\n|move|p1a: Gliscor|Toxic|p2a: Latias\n|-status|p2a: Latias|tox\n|\n|-damage|p2a: Latias|94\/100 tox|[from] psn\n|upkeep\n|turn|22\n|\n|t:|1701066088\n|move|p2a: Latias|Calm Mind|p2a: Latias\n|-boost|p2a: Latias|spa|1\n|-boost|p2a: Latias|spd|1\n|move|p1a: Gliscor|U-turn|p2a: Latias\n|-supereffective|p2a: Latias\n|-damage|p2a: Latias|60\/100 tox\n|\n|t:|1701066090\n|switch|p1a: Rotom|Rotom-Wash|100\/100|[from] U-turn\n|\n|-damage|p2a: Latias|48\/100 tox|[from] psn\n|upkeep\n|turn|23\n|\n|t:|1701066092\n|move|p2a: Latias|Roost|p2a: Latias\n|-heal|p2a: Latias|98\/100 tox\n|-singleturn|p2a: Latias|move: Roost\n|move|p1a: Rotom|Hydro Pump|p2a: Latias\n|-resisted|p2a: Latias\n|-damage|p2a: Latias|89\/100 tox\n|\n|-damage|p2a: Latias|71\/100 tox|[from] psn\n|upkeep\n|turn|24\n|\n|t:|1701066102\n|switch|p2a: Tornadus|Tornadus-Therian, M|100\/100\n|-damage|p2a: Tornadus|76\/100|[from] Stealth Rock\n|move|p1a: Rotom|Hydro Pump|p2a: Tornadus|[miss]\n|-miss|p1a: Rotom|p2a: Tornadus\n|\n|upkeep\n|turn|25\n|\n|t:|1701066108\n|switch|p1a: Gliscor|Gliscor, F|100\/100 tox\n|move|p2a: Tornadus|Defog|p1a: Gliscor\n|-unboost|p1a: Gliscor|evasion|1\n|-sideend|p2: sumperkenny|Stealth Rock|[from] move: Defog|[of] p2a: Tornadus\n|\n|upkeep\n|turn|26\n|\n|t:|1701066114\n|move|p2a: Tornadus|Hurricane|p1a: Gliscor\n|-damage|p1a: Gliscor|33\/100 tox\n|move|p1a: Gliscor|Toxic|p2a: Tornadus\n|-status|p2a: Tornadus|tox\n|\n|-damage|p2a: Tornadus|70\/100 tox|[from] psn\n|-heal|p1a: Gliscor|46\/100 tox|[from] ability: Poison Heal\n|upkeep\n|turn|27\n|\n|t:|1701066116\n|switch|p1a: Rotom|Rotom-Wash|100\/100\n|move|p2a: Tornadus|Hurricane|p1a: Rotom\n|-resisted|p1a: Rotom\n|-damage|p1a: Rotom|77\/100\n|\n|-damage|p2a: Tornadus|57\/100 tox|[from] psn\n|upkeep\n|turn|28\n|\n|t:|1701066125\n|move|p2a: Tornadus|Knock Off|p1a: Rotom\n|-damage|p1a: Rotom|55\/100\n|-damage|p2a: Tornadus|41\/100 tox|[from] item: Rocky Helmet|[of] p1a: Rotom\n|-enditem|p1a: Rotom|Rocky Helmet|[from] move: Knock Off|[of] p2a: Tornadus\n|move|p1a: Rotom|Volt Switch|p2a: Tornadus\n|-supereffective|p2a: Tornadus\n|-damage|p2a: Tornadus|0 fnt\n|faint|p2a: Tornadus\n|\n|t:|1701066128\n|switch|p1a: Gliscor|Gliscor, F|46\/100 tox|[from] Volt Switch\n|\n|-heal|p1a: Gliscor|58\/100 tox|[from] ability: Poison Heal\n|upkeep\n|\n|t:|1701066133\n|switch|p2a: Clefable|Clefable, M|78\/100\n|turn|29\n|\n|t:|1701066142\n|-terastallize|p2a: Clefable|Water\n|move|p1a: Gliscor|U-turn|p2a: Clefable\n|-damage|p2a: Clefable|63\/100\n|\n|t:|1701066144\n|switch|p1a: Rotom|Rotom-Wash|55\/100|[from] U-turn\n|move|p2a: Clefable|Moonblast|p1a: Rotom\n|-damage|p1a: Rotom|22\/100\n|\n|upkeep\n|turn|30\n|\n|t:|1701066150\n|move|p1a: Rotom|Volt Switch|p2a: Clefable\n|-supereffective|p2a: Clefable\n|-damage|p2a: Clefable|18\/100\n|\n|t:|1701066152\n|switch|p1a: Gliscor|Gliscor, F|58\/100 tox|[from] Volt Switch\n|move|p2a: Clefable|Moonblast|p1a: Gliscor\n|-damage|p1a: Gliscor|14\/100 tox\n|-unboost|p1a: Gliscor|spa|1\n|\n|-heal|p1a: Gliscor|26\/100 tox|[from] ability: Poison Heal\n|upkeep\n|turn|31\n|\n|t:|1701066156\n|move|p1a: Gliscor|Earthquake|p2a: Clefable\n|-damage|p2a: Clefable|0 fnt\n|faint|p2a: Clefable\n|\n|-heal|p1a: Gliscor|38\/100 tox|[from] ability: Poison Heal\n|upkeep\n|\n|t:|1701066161\n|switch|p2a: Latias|Latias-Mega, F|71\/100 tox\n|turn|32\n|\n|t:|1701066169\n|move|p2a: Latias|Aura Sphere|p1a: Gliscor\n|-resisted|p1a: Gliscor\n|-damage|p1a: Gliscor|22\/100 tox\n|move|p1a: Gliscor|U-turn|p2a: Latias\n|-supereffective|p2a: Latias\n|-damage|p2a: Latias|40\/100 tox\n|\n|t:|1701066171\n|switch|p1a: Rotom|Rotom-Wash|22\/100|[from] U-turn\n|\n|-damage|p2a: Latias|34\/100 tox|[from] psn\n|upkeep\n|turn|33\n|\n|t:|1701066178\n|move|p2a: Latias|Roost|p2a: Latias\n|-heal|p2a: Latias|85\/100 tox\n|-singleturn|p2a: Latias|move: Roost\n|move|p1a: Rotom|Hydro Pump|p2a: Latias\n|-resisted|p2a: Latias\n|-damage|p2a: Latias|72\/100 tox\n|\n|-damage|p2a: Latias|60\/100 tox|[from] psn\n|upkeep\n|turn|34\n|\n|t:|1701066182\n|move|p2a: Latias|Calm Mind|p2a: Latias\n|-boost|p2a: Latias|spa|1\n|-boost|p2a: Latias|spd|1\n|move|p1a: Rotom|Hydro Pump|p2a: Latias\n|-resisted|p2a: Latias\n|-damage|p2a: Latias|51\/100 tox\n|\n|-damage|p2a: Latias|32\/100 tox|[from] psn\n|upkeep\n|turn|35\n|\n|t:|1701066194\n|move|p2a: Latias|Roost|p2a: Latias\n|-heal|p2a: Latias|83\/100 tox\n|-singleturn|p2a: Latias|move: Roost\n|move|p1a: Rotom|Hydro Pump|p2a: Latias\n|-resisted|p2a: Latias\n|-damage|p2a: Latias|74\/100 tox\n|\n|-damage|p2a: Latias|50\/100 tox|[from] psn\n|upkeep\n|turn|36\n|\n|t:|1701066199\n|move|p2a: Latias|Calm Mind|p2a: Latias\n|-boost|p2a: Latias|spa|1\n|-boost|p2a: Latias|spd|1\n|move|p1a: Rotom|Hydro Pump|p2a: Latias\n|-resisted|p2a: Latias\n|-damage|p2a: Latias|43\/100 tox\n|\n|-damage|p2a: Latias|13\/100 tox|[from] psn\n|upkeep\n|turn|37\n|\n|t:|1701066205\n|switch|p1a: Gliscor|Gliscor, F|22\/100 tox\n|move|p2a: Latias|Stored Power|p1a: Gliscor\n|-damage|p1a: Gliscor|0 fnt\n|faint|p1a: Gliscor\n|\n|-damage|p2a: Latias|0 fnt|[from] psn\n|faint|p2a: Latias\n|upkeep\n|\n|t:|1701066209\n|switch|p2a: Gliscor|Gliscor, F|100\/100\n|switch|p1a: Rotom|Rotom-Wash|22\/100\n|turn|38\n|\n|t:|1701066214\n|move|p1a: Rotom|Hydro Pump|p2a: Gliscor\n|-supereffective|p2a: Gliscor\n|-damage|p2a: Gliscor|34\/100\n|move|p2a: Gliscor|Toxic|p1a: Rotom\n|-status|p1a: Rotom|tox\n|\n|-damage|p1a: Rotom|16\/100 tox|[from] psn\n|-status|p2a: Gliscor|tox|[from] item: Toxic Orb\n|upkeep\n|turn|39\n|\n|t:|1701066219\n|move|p1a: Rotom|Hydro Pump|p2a: Gliscor\n|-supereffective|p2a: Gliscor\n|-damage|p2a: Gliscor|0 fnt\n|faint|p2a: Gliscor\n|\n|win|Chips du 43\n|raw|Chips du 43's rating: 1120 &rarr; <strong>1149<\/strong><br \/>(+29 for winning)\n|raw|sumperkenny's rating: 1176 &rarr; <strong>1147<\/strong><br \/>(-29 for losing)\n|l|\u2606sumperkenny\n|c|\u2606Chips du 43|Gg\n","uploadtime":1701066231,"views":8,"p1id":"chipsdu43","p2id":"sumperkenny","formatid":"gen9nationaldex","rating":1147,"private":0,"password":""}