{"id":"gen9nationaldex-1989714230","p1":"Zoru desu","p2":"Chidipa\u7535\u9f99\u9a91\u58eb","format":"[Gen 9] National Dex","log":"|j|\u2606Zoru desu\n|j|\u2606Chidipa\u7535\u9f99\u9a91\u58eb\n|t:|1699889390\n|gametype|singles\n|player|p1|Zoru desu|roxie|1431\n|player|p2|Chidipa\u7535\u9f99\u9a91\u58eb|preschooler|1329\n|teamsize|p1|6\n|teamsize|p2|6\n|gen|9\n|tier|[Gen 9] National Dex\n|rated|\n|rule|HP Percentage Mod: HP is shown in percentages\n|rule|Endless Battle Clause: Forcing endless battles is banned\n|rule|OHKO Clause: OHKO moves are banned\n|rule|Evasion Clause: Evasion abilities, items, and moves are banned\n|rule|Evasion Abilities Clause: Evasion abilities are banned\n|rule|Evasion Items Clause: Evasion items are banned\n|rule|Evasion Moves Clause: Evasion moves are banned\n|rule|Species Clause: Limit one of each Pok\u00e9mon\n|rule|Sleep Clause Mod: Limit one foe put to sleep\n|clearpoke\n|poke|p1|Hoopa-Unbound|\n|poke|p1|Glimmora, F|\n|poke|p1|Clodsire, M|\n|poke|p1|Lopunny, F|\n|poke|p1|Tapu Koko|\n|poke|p1|Iron Valiant|\n|poke|p2|Crabominable, M|\n|poke|p2|Hoopa-Unbound|\n|poke|p2|Cresselia, F|\n|poke|p2|Torkoal, M|\n|poke|p2|Camerupt, M|\n|poke|p2|Marowak-Alola, M|\n|teampreview\n|inactive|Battle timer is ON: inactive players will automatically lose when time's up. (requested by Chidipa\u7535\u9f99\u9a91\u58eb)\n|\n|t:|1699889403\n|start\n|switch|p1a: Clodsire|Clodsire, M|100\/100\n|switch|p2a: Hoopa|Hoopa-Unbound|100\/100\n|turn|1\n|\n|t:|1699889411\n|move|p1a: Clodsire|Yawn|p2a: Hoopa\n|-start|p2a: Hoopa|move: Yawn|[of] p1a: Clodsire\n|move|p2a: Hoopa|Trick Room|p2a: Hoopa\n|-fieldstart|move: Trick Room|[of] p2a: Hoopa\n|\n|upkeep\n|turn|2\n|\n|t:|1699889427\n|switch|p2a: Crabominable|Crabominable, M|100\/100\n|move|p1a: Clodsire|Spikes|p2a: Crabominable\n|-sidestart|p2: Chidipa\u7535\u9f99\u9a91\u58eb|Spikes\n|\n|upkeep\n|turn|3\n|inactive|Zoru desu has 120 seconds left.\n|\n|t:|1699889458\n|-terastallize|p1a: Clodsire|Fairy\n|move|p1a: Clodsire|Spikes|p2a: Crabominable\n|-sidestart|p2: Chidipa\u7535\u9f99\u9a91\u58eb|Spikes\n|move|p2a: Crabominable|Ice Hammer|p1a: Clodsire\n|-damage|p1a: Clodsire|21\/100\n|-unboost|p2a: Crabominable|spe|1\n|\n|-heal|p1a: Clodsire|28\/100|[from] item: Leftovers\n|upkeep\n|turn|4\n|inactive|Zoru desu has 120 seconds left.\n|inactive|Zoru desu has 90 seconds left.\n|\n|t:|1699889515\n|move|p1a: Clodsire|Recover|p1a: Clodsire\n|-heal|p1a: Clodsire|78\/100\n|move|p2a: Crabominable|Earthquake|p1a: Clodsire\n|-damage|p1a: Clodsire|33\/100\n|\n|-heal|p1a: Clodsire|40\/100|[from] item: Leftovers\n|upkeep\n|turn|5\n|\n|t:|1699889523\n|move|p1a: Clodsire|Recover|p1a: Clodsire\n|-heal|p1a: Clodsire|90\/100\n|move|p2a: Crabominable|Ice Hammer|p1a: Clodsire\n|-damage|p1a: Clodsire|15\/100\n|-unboost|p2a: Crabominable|spe|1\n|\n|-heal|p1a: Clodsire|21\/100|[from] item: Leftovers\n|-fieldend|move: Trick Room\n|upkeep\n|turn|6\n|\n|t:|1699889540\n|switch|p1a: Tapu Koko|Tapu Koko|100\/100\n|-fieldstart|move: Electric Terrain|[from] ability: Electric Surge|[of] p1a: Tapu Koko\n|-item|p1a: Tapu Koko|Air Balloon\n|move|p2a: Crabominable|Ice Hammer|p1a: Tapu Koko\n|-damage|p1a: Tapu Koko|10\/100\n|-unboost|p2a: Crabominable|spe|1\n|-enditem|p1a: Tapu Koko|Air Balloon\n|\n|upkeep\n|turn|7\n|inactive|Zoru desu has 60 seconds left.\n|inactive|Chidipa\u7535\u9f99\u9a91\u58eb has 120 seconds left.\n|\n|t:|1699889584\n|-terastallize|p2a: Crabominable|Ground\n|move|p1a: Tapu Koko|Volt Switch|p2a: Crabominable\n|-immune|p2a: Crabominable\n|move|p2a: Crabominable|Drain Punch|p1a: Tapu Koko\n|-resisted|p1a: Tapu Koko\n|-damage|p1a: Tapu Koko|0 fnt\n|faint|p1a: Tapu Koko\n|\n|upkeep\n|\n|t:|1699889600\n|switch|p1a: Iron Valiant|Iron Valiant|100\/100\n|-activate|p1a: Iron Valiant|ability: Quark Drive\n|-start|p1a: Iron Valiant|quarkdrivespe\n|turn|8\n|\n|t:|1699889611\n|switch|p2a: Marowak|Marowak-Alola, M|100\/100\n|-damage|p2a: Marowak|84\/100|[from] Spikes\n|move|p1a: Iron Valiant|Spirit Break|p2a: Marowak\n|-resisted|p2a: Marowak\n|-damage|p2a: Marowak|59\/100\n|-unboost|p2a: Marowak|spa|1\n|-damage|p1a: Iron Valiant|91\/100|[from] item: Life Orb\n|\n|upkeep\n|turn|9\n|\n|t:|1699889621\n|move|p1a: Iron Valiant|Shadow Sneak|p2a: Marowak\n|-supereffective|p2a: Marowak\n|-damage|p2a: Marowak|23\/100\n|-damage|p1a: Iron Valiant|81\/100|[from] item: Life Orb\n|move|p2a: Marowak|Flare Blitz|p1a: Iron Valiant\n|-crit|p1a: Iron Valiant\n|-damage|p1a: Iron Valiant|0 fnt\n|faint|p1a: Iron Valiant\n|-end|p1a: Iron Valiant|Quark Drive|[silent]\n|\n|upkeep\n|\n|t:|1699889635\n|switch|p1a: Glimmora|Glimmora, F|100\/100\n|turn|10\n|\n|t:|1699889642\n|move|p1a: Glimmora|Stealth Rock|p2a: Marowak\n|-sidestart|p2: Chidipa\u7535\u9f99\u9a91\u58eb|move: Stealth Rock\n|move|p2a: Marowak|Bonemerang|p1a: Glimmora\n|-supereffective|p1a: Glimmora\n|-enditem|p1a: Glimmora|Focus Sash\n|-damage|p1a: Glimmora|1\/100\n|-activate|p1a: Glimmora|ability: Toxic Debris\n|-sidestart|p2: Chidipa\u7535\u9f99\u9a91\u58eb|move: Toxic Spikes\n|-supereffective|p1a: Glimmora\n|-damage|p1a: Glimmora|0 fnt\n|-activate|p1a: Glimmora|ability: Toxic Debris\n|-sidestart|p2: Chidipa\u7535\u9f99\u9a91\u58eb|move: Toxic Spikes\n|faint|p1a: Glimmora\n|-hitcount|p1: Glimmora|2\n|\n|-fieldend|move: Electric Terrain\n|upkeep\n|\n|t:|1699889651\n|switch|p1a: Lopunny|Lopunny, F, shiny|100\/100\n|turn|11\n|\n|t:|1699889654\n|detailschange|p1a: Lopunny|Lopunny-Mega, F, shiny\n|-mega|p1a: Lopunny|Lopunny|Lopunnite\n|move|p1a: Lopunny|Fake Out|p2a: Marowak\n|-damage|p2a: Marowak|2\/100\n|cant|p2a: Marowak|flinch\n|\n|upkeep\n|turn|12\n|\n|t:|1699889661\n|move|p1a: Lopunny|Frustration|p2a: Marowak\n|-damage|p2a: Marowak|0 fnt\n|faint|p2a: Marowak\n|\n|upkeep\n|\n|t:|1699889670\n|switch|p2a: Cresselia|Cresselia, F|100\/100\n|-damage|p2a: Cresselia|88\/100|[from] Stealth Rock\n|turn|13\n|\n|t:|1699889675\n|move|p1a: Lopunny|Frustration|p2a: Cresselia\n|-damage|p2a: Cresselia|59\/100\n|move|p2a: Cresselia|Trick Room|p2a: Cresselia\n|-fieldstart|move: Trick Room|[of] p2a: Cresselia\n|\n|-heal|p2a: Cresselia|65\/100|[from] item: Leftovers\n|upkeep\n|turn|14\n|\n|t:|1699889682\n|switch|p1a: Hoopa|Hoopa-Unbound|100\/100\n|move|p2a: Cresselia|Lunar Dance|p2a: Cresselia\n|faint|p2a: Cresselia\n|\n|upkeep\n|\n|t:|1699889689\n|switch|p2a: Crabominable|Crabominable, M, tera:Ground|100\/100\n|-heal|p2a: Crabominable|100\/100|[from] move: Lunar Dance\n|turn|15\n|\n|t:|1699889700\n|move|p2a: Crabominable|Ice Hammer|p1a: Hoopa\n|-damage|p1a: Hoopa|0 fnt\n|-unboost|p2a: Crabominable|spe|1\n|faint|p1a: Hoopa\n|\n|upkeep\n|\n|t:|1699889704\n|switch|p1a: Clodsire|Clodsire, M, tera:Fairy|21\/100\n|turn|16\n|\n|t:|1699889714\n|move|p1a: Clodsire|Recover|p1a: Clodsire\n|-heal|p1a: Clodsire|71\/100\n|move|p2a: Crabominable|Ice Hammer|p1a: Clodsire\n|-damage|p1a: Clodsire|0 fnt\n|-unboost|p2a: Crabominable|spe|1\n|faint|p1a: Clodsire\n|\n|upkeep\n|\n|t:|1699889716\n|switch|p1a: Lopunny|Lopunny-Mega, F, shiny|100\/100\n|turn|17\n|\n|t:|1699889720\n|move|p1a: Lopunny|Fake Out|p2a: Crabominable\n|-damage|p2a: Crabominable|76\/100\n|cant|p2a: Crabominable|flinch\n|\n|-fieldend|move: Trick Room\n|upkeep\n|turn|18\n|\n|t:|1699889728\n|move|p1a: Lopunny|Frustration|p2a: Crabominable\n|-damage|p2a: Crabominable|15\/100\n|move|p2a: Crabominable|Drain Punch|p1a: Lopunny\n|-supereffective|p1a: Lopunny\n|-damage|p1a: Lopunny|0 fnt\n|-heal|p2a: Crabominable|49\/100|[from] drain|[of] p1a: Lopunny\n|faint|p1a: Lopunny\n|\n|win|Chidipa\u7535\u9f99\u9a91\u58eb\n|raw|Zoru desu's rating: 1431 &rarr; <strong>1405<\/strong><br \/>(-26 for losing)\n|raw|Chidipa\u7535\u9f99\u9a91\u58eb's rating: 1329 &rarr; <strong>1355<\/strong><br \/>(+26 for winning)\n|l|\u2606Zoru desu\n","uploadtime":1699889923,"views":6,"p1id":"zorudesu","p2id":"chidipa","formatid":"gen9nationaldex","rating":1355,"private":0,"password":""}