{"id":"gen9nationaldex-1997921638","p1":"justjoshjosh","p2":"Jhswagdog","format":"[Gen 9] National Dex","log":"|html|<div class=\"broadcast-blue\"><strong>[Gen 9] National Dex is currently suspecting Sneasler! For information on how to participate check out the <a href=\"https:\/\/www.smogon.com\/forums\/threads\/sv-national-dex-suspect-8-just-dance.3731534\/\">suspect thread<\/a>.<\/strong><\/div>\n|j|\u2606justjoshjosh\n|j|\u2606Jhswagdog\n|t:|1700867724\n|gametype|singles\n|player|p1|justjoshjosh|102|\n|player|p2|Jhswagdog|2|\n|teamsize|p1|6\n|teamsize|p2|6\n|gen|9\n|tier|[Gen 9] National Dex\n|rule|HP Percentage Mod: HP is shown in percentages\n|rule|Endless Battle Clause: Forcing endless battles is banned\n|rule|OHKO Clause: OHKO moves are banned\n|rule|Evasion Clause: Evasion abilities, items, and moves are banned\n|rule|Evasion Abilities Clause: Evasion abilities are banned\n|rule|Evasion Items Clause: Evasion items are banned\n|rule|Evasion Moves Clause: Evasion moves are banned\n|rule|Species Clause: Limit one of each Pok\u00e9mon\n|rule|Sleep Clause Mod: Limit one foe put to sleep\n|clearpoke\n|poke|p1|Mamoswine, F|\n|poke|p1|Tapu Koko|\n|poke|p1|Aerodactyl, M|\n|poke|p1|Cresselia, F|\n|poke|p1|Toxapex, M|\n|poke|p1|Metagross|\n|poke|p2|Landorus-Therian, M|\n|poke|p2|Blaziken, M|\n|poke|p2|Clefable, M|\n|poke|p2|Gourgeist-*, F|\n|poke|p2|Mismagius, M|\n|poke|p2|Gyarados, M|\n|teampreview\n|\n|t:|1700867761\n|start\n|switch|p1a: Anthony Richardson|Tapu Koko, shiny|100\/100\n|switch|p2a: Landorus|Landorus-Therian, M|100\/100\n|-fieldstart|move: Electric Terrain|[from] ability: Electric Surge|[of] p1a: Anthony Richardson\n|-ability|p2a: Landorus|Intimidate|boost\n|-unboost|p1a: Anthony Richardson|atk|1\n|turn|1\n|\n|t:|1700867790\n|move|p1a: Anthony Richardson|Hidden Power|p2a: Landorus\n|-supereffective|p2a: Landorus\n|-damage|p2a: Landorus|13\/100\n|move|p2a: Landorus|Earthquake|p1a: Anthony Richardson\n|-supereffective|p1a: Anthony Richardson\n|-damage|p1a: Anthony Richardson|0 fnt\n|faint|p1a: Anthony Richardson\n|\n|upkeep\n|\n|t:|1700867800\n|switch|p1a: Mei|Mamoswine, F|100\/100\n|turn|2\n|\n|t:|1700867815\n|switch|p2a: Blaziken|Blaziken, M|100\/100\n|move|p1a: Mei|Ice Shard|p2a: Blaziken\n|-resisted|p2a: Blaziken\n|-damage|p2a: Blaziken|72\/100\n|\n|upkeep\n|turn|3\n|\n|t:|1700867833\n|switch|p1a: Sasori|Toxapex, M, shiny|100\/100\n|move|p2a: Blaziken|Protect||[still]\n|-fail|p2a: Blaziken\n|\n|-ability|p2a: Blaziken|Speed Boost|boost\n|-boost|p2a: Blaziken|spe|1\n|upkeep\n|turn|4\n|\n|t:|1700867883\n|switch|p2a: Clefable|Clefable, M|100\/100\n|move|p1a: Sasori|Liquidation|p2a: Clefable\n|-damage|p2a: Clefable|65\/100\n|\n|-heal|p2a: Clefable|71\/100|[from] item: Leftovers\n|upkeep\n|turn|5\n|\n|t:|1700867894\n|move|p2a: Clefable|Thunderbolt|p1a: Sasori\n|-supereffective|p1a: Sasori\n|-crit|p1a: Sasori\n|-damage|p1a: Sasori|4\/100\n|move|p1a: Sasori|Gunk Shot|p2a: Clefable\n|-supereffective|p2a: Clefable\n|-damage|p2a: Clefable|0 fnt\n|faint|p2a: Clefable\n|\n|-heal|p1a: Sasori|11\/100|[from] item: Black Sludge\n|-fieldend|move: Electric Terrain\n|upkeep\n|\n|t:|1700867905\n|switch|p2a: Gyarados|Gyarados, M|100\/100\n|turn|6\n|\n|t:|1700867921\n|move|p2a: Gyarados|Earthquake|p1a: Sasori\n|-supereffective|p1a: Sasori\n|-damage|p1a: Sasori|0 fnt\n|faint|p1a: Sasori\n|-ability|p2a: Gyarados|Moxie|boost\n|-boost|p2a: Gyarados|atk|1\n|\n|upkeep\n|\n|t:|1700867928\n|switch|p1a: Hermione|Cresselia, F|100\/100\n|turn|7\n|\n|t:|1700867983\n|switch|p2a: Mismagius|Mismagius, M|100\/100\n|move|p1a: Hermione|Thunderbolt|p2a: Mismagius\n|-crit|p2a: Mismagius\n|-damage|p2a: Mismagius|57\/100\n|-status|p2a: Mismagius|par\n|\n|upkeep\n|turn|8\n|\n|t:|1700868019\n|move|p1a: Hermione|Psychic|p2a: Mismagius\n|-damage|p2a: Mismagius|13\/100 par\n|-unboost|p2a: Mismagius|spd|1\n|move|p2a: Mismagius|Shadow Ball|p1a: Hermione\n|-supereffective|p1a: Hermione\n|-damage|p1a: Hermione|54\/100\n|\n|-heal|p1a: Hermione|60\/100|[from] item: Leftovers\n|upkeep\n|turn|9\n|\n|t:|1700868035\n|switch|p2a: Gourgeist|Gourgeist-Large, F|100\/100\n|move|p1a: Hermione|Psychic|p2a: Gourgeist\n|-crit|p2a: Gourgeist\n|-damage|p2a: Gourgeist|34\/100\n|\n|-heal|p1a: Hermione|66\/100|[from] item: Leftovers\n|upkeep\n|turn|10\n|\n|t:|1700868054\n|move|p1a: Hermione|Ice Beam|p2a: Gourgeist\n|-supereffective|p2a: Gourgeist\n|-damage|p2a: Gourgeist|0 fnt\n|faint|p2a: Gourgeist\n|\n|-heal|p1a: Hermione|72\/100|[from] item: Leftovers\n|upkeep\n|\n|t:|1700868063\n|switch|p2a: Mismagius|Mismagius, M|13\/100 par\n|turn|11\n|\n|t:|1700868073\n|move|p1a: Hermione|Psychic|p2a: Mismagius\n|-damage|p2a: Mismagius|0 fnt\n|faint|p2a: Mismagius\n|\n|-heal|p1a: Hermione|78\/100|[from] item: Leftovers\n|upkeep\n|\n|t:|1700868087\n|switch|p2a: Gyarados|Gyarados, M|100\/100\n|turn|12\n|\n|t:|1700868093\n|move|p2a: Gyarados|Crunch|p1a: Hermione\n|-supereffective|p1a: Hermione\n|-damage|p1a: Hermione|32\/100\n|move|p1a: Hermione|Thunderbolt|p2a: Gyarados\n|-supereffective|p2a: Gyarados\n|-damage|p2a: Gyarados|0 fnt\n|faint|p2a: Gyarados\n|\n|-heal|p1a: Hermione|38\/100|[from] item: Leftovers\n|upkeep\n|\n|t:|1700868109\n|switch|p2a: Landorus|Landorus-Therian, M|13\/100\n|-ability|p2a: Landorus|Intimidate|boost\n|-unboost|p1a: Hermione|atk|1\n|turn|13\n|\n|t:|1700868117\n|move|p2a: Landorus|Psychic|p1a: Hermione\n|-resisted|p1a: Hermione\n|-damage|p1a: Hermione|30\/100\n|move|p1a: Hermione|Moonlight|p1a: Hermione\n|-heal|p1a: Hermione|80\/100\n|\n|-heal|p1a: Hermione|86\/100|[from] item: Leftovers\n|upkeep\n|turn|14\n|\n|t:|1700868131\n|move|p2a: Landorus|Smack Down|p1a: Hermione\n|-damage|p1a: Hermione|73\/100\n|-start|p1a: Hermione|Smack Down\n|move|p1a: Hermione|Ice Beam|p2a: Landorus\n|-supereffective|p2a: Landorus\n|-damage|p2a: Landorus|0 fnt\n|faint|p2a: Landorus\n|\n|-heal|p1a: Hermione|79\/100|[from] item: Leftovers\n|upkeep\n|\n|t:|1700868142\n|switch|p2a: Blaziken|Blaziken, M|72\/100\n|turn|15\n|\n|t:|1700868158\n|-singleturn|p2a: Blaziken|move: Focus Punch\n|move|p1a: Hermione|Psychic|p2a: Blaziken\n|-supereffective|p2a: Blaziken\n|-damage|p2a: Blaziken|0 fnt\n|faint|p2a: Blaziken\n|\n|win|justjoshjosh\n","uploadtime":1700868175,"views":19,"p1id":"justjoshjosh","p2id":"jhswagdog","formatid":"gen9nationaldex","rating":0,"private":0,"password":""}