{"id":"gen9nationaldex-1997018769","p1":"Glass101","p2":"Cloakedbymist","format":"[Gen 9] National Dex","log":"|html|<div class=\"broadcast-blue\"><strong>[Gen 9] National Dex is currently suspecting Sneasler! For information on how to participate check out the <a href=\"https:\/\/www.smogon.com\/forums\/threads\/sv-national-dex-suspect-8-just-dance.3731534\/\">suspect thread<\/a>.<\/strong><\/div>\n|j|\u2606Glass101\n|j|\u2606Cloakedbymist\n|t:|1700756251\n|gametype|singles\n|player|p1|Glass101|rocketgruntf|1308\n|player|p2|Cloakedbymist|giovanni|1415\n|teamsize|p1|6\n|teamsize|p2|6\n|gen|9\n|tier|[Gen 9] National Dex\n|rated|\n|rule|HP Percentage Mod: HP is shown in percentages\n|rule|Endless Battle Clause: Forcing endless battles is banned\n|rule|OHKO Clause: OHKO moves are banned\n|rule|Evasion Clause: Evasion abilities, items, and moves are banned\n|rule|Evasion Abilities Clause: Evasion abilities are banned\n|rule|Evasion Items Clause: Evasion items are banned\n|rule|Evasion Moves Clause: Evasion moves are banned\n|rule|Species Clause: Limit one of each Pok\u00e9mon\n|rule|Sleep Clause Mod: Limit one foe put to sleep\n|clearpoke\n|poke|p1|Kyurem|\n|poke|p1|Galvantula, M|\n|poke|p1|Cresselia, F|\n|poke|p1|Ceruledge, F|\n|poke|p1|Espeon, M|\n|poke|p1|Clodsire, F|\n|poke|p2|Garganacl, F|\n|poke|p2|Dragonite, M|\n|poke|p2|Kommo-o, M|\n|poke|p2|Glimmora, F|\n|poke|p2|Charizard, M|\n|poke|p2|Rillaboom, F|\n|teampreview\n|c|\u2606Cloakedbymist|glhf\n|\n|t:|1700756258\n|start\n|switch|p1a: Espeon|Espeon, M|100\/100\n|switch|p2a: Fesh Boy|Glimmora, F, shiny|100\/100\n|turn|1\n|inactive|Battle timer is ON: inactive players will automatically lose when time's up. (requested by Glass101)\n|c|\u2606Glass101|you as well\n|\n|t:|1700756266\n|-zpower|p1a: Espeon\n|move|p1a: Espeon|Z-Celebrate|p1a: Espeon|[anim]Celebrate\n|-boost|p1a: Espeon|atk|1|[zeffect]\n|-boost|p1a: Espeon|def|1|[zeffect]\n|-boost|p1a: Espeon|spa|1|[zeffect]\n|-boost|p1a: Espeon|spd|1|[zeffect]\n|-boost|p1a: Espeon|spe|1|[zeffect]\n|-activate|p1a: Espeon|move: Celebrate\n|move|p2a: Fesh Boy|Sludge Bomb|p1a: Espeon\n|-damage|p1a: Espeon|58\/100\n|\n|upkeep\n|turn|2\n|\n|t:|1700756270\n|move|p1a: Espeon|Stored Power|p2a: Fesh Boy\n|-supereffective|p2a: Fesh Boy\n|-enditem|p2a: Fesh Boy|Focus Sash\n|-damage|p2a: Fesh Boy|1\/100\n|move|p2a: Fesh Boy|Sludge Bomb|p1a: Espeon\n|-damage|p1a: Espeon|17\/100\n|\n|upkeep\n|turn|3\n|\n|t:|1700756278\n|move|p1a: Espeon|Draining Kiss|p2a: Fesh Boy\n|-resisted|p2a: Fesh Boy\n|-damage|p2a: Fesh Boy|0 fnt\n|-heal|p1a: Espeon|18\/100|[from] drain|[of] p2a: Fesh Boy\n|faint|p2a: Fesh Boy\n|\n|upkeep\n|\n|t:|1700756283\n|switch|p2a: Monke|Rillaboom, F, shiny|100\/100\n|-fieldstart|move: Grassy Terrain|[from] ability: Grassy Surge|[of] p2a: Monke\n|turn|4\n|\n|t:|1700756289\n|switch|p1a: Ceruledge|Ceruledge, F|100\/100\n|move|p2a: Monke|Grassy Glide|p1a: Ceruledge\n|-resisted|p1a: Ceruledge\n|-damage|p1a: Ceruledge|63\/100\n|\n|-heal|p1a: Ceruledge|69\/100|[from] Grassy Terrain\n|upkeep\n|turn|5\n|\n|t:|1700756308\n|switch|p2a: The Rock|Garganacl, F, shiny|100\/100\n|move|p1a: Ceruledge|Bitter Blade|p2a: The Rock\n|-resisted|p2a: The Rock\n|-damage|p2a: The Rock|86\/100\n|-heal|p1a: Ceruledge|78\/100|[from] drain|[of] p2a: The Rock\n|\n|-heal|p1a: Ceruledge|84\/100|[from] Grassy Terrain\n|-heal|p2a: The Rock|93\/100|[from] Grassy Terrain\n|-heal|p2a: The Rock|99\/100|[from] item: Leftovers\n|upkeep\n|turn|6\n|\n|t:|1700756316\n|switch|p1a: Espeon|Espeon, M|18\/100\n|move|p2a: The Rock|Salt Cure|p1a: Espeon\n|-damage|p1a: Espeon|0 fnt\n|faint|p1a: Espeon\n|\n|-heal|p2a: The Rock|100\/100|[from] Grassy Terrain\n|upkeep\n|\n|t:|1700756321\n|switch|p1a: Cresselia|Cresselia, F|100\/100\n|turn|7\n|\n|t:|1700756329\n|switch|p2a: Goku|Kommo-o, M|100\/100\n|move|p1a: Cresselia|Calm Mind|p1a: Cresselia\n|-boost|p1a: Cresselia|spa|1\n|-boost|p1a: Cresselia|spd|1\n|\n|upkeep\n|turn|8\n|\n|t:|1700756332\n|-zpower|p2a: Goku\n|move|p2a: Goku|Clangorous Soulblaze|p1a: Cresselia|[zeffect]\n|-damage|p1a: Cresselia|67\/100\n|-boost|p2a: Goku|atk|1\n|-boost|p2a: Goku|def|1\n|-boost|p2a: Goku|spa|1\n|-boost|p2a: Goku|spd|1\n|-boost|p2a: Goku|spe|1\n|move|p1a: Cresselia|Calm Mind|p1a: Cresselia\n|-boost|p1a: Cresselia|spa|1\n|-boost|p1a: Cresselia|spd|1\n|\n|-fieldend|move: Grassy Terrain\n|upkeep\n|turn|9\n|\n|t:|1700756340\n|move|p2a: Goku|Boomburst|p1a: Cresselia\n|-damage|p1a: Cresselia|46\/100\n|move|p1a: Cresselia|Moonlight|p1a: Cresselia\n|-heal|p1a: Cresselia|96\/100\n|\n|upkeep\n|turn|10\n|\n|t:|1700756346\n|switch|p2a: Monke|Rillaboom, F, shiny|100\/100\n|-fieldstart|move: Grassy Terrain|[from] ability: Grassy Surge|[of] p2a: Monke\n|move|p1a: Cresselia|Calm Mind|p1a: Cresselia\n|-boost|p1a: Cresselia|spa|1\n|-boost|p1a: Cresselia|spd|1\n|\n|upkeep\n|turn|11\n|\n|t:|1700756348\n|-terastallize|p1a: Cresselia|Poison\n|move|p2a: Monke|Wood Hammer|p1a: Cresselia\n|-resisted|p1a: Cresselia\n|-damage|p1a: Cresselia|62\/100\n|-damage|p2a: Monke|86\/100|[from] Recoil\n|move|p1a: Cresselia|Calm Mind|p1a: Cresselia\n|-boost|p1a: Cresselia|spa|1\n|-boost|p1a: Cresselia|spd|1\n|\n|-heal|p2a: Monke|92\/100|[from] Grassy Terrain\n|upkeep\n|turn|12\n|\n|t:|1700756355\n|switch|p2a: The Rock|Garganacl, F, shiny|100\/100\n|move|p1a: Cresselia|Moonlight|p1a: Cresselia\n|-heal|p1a: Cresselia|100\/100\n|\n|upkeep\n|turn|13\n|\n|t:|1700756357\n|move|p1a: Cresselia|Calm Mind|p1a: Cresselia\n|-boost|p1a: Cresselia|spa|1\n|-boost|p1a: Cresselia|spd|1\n|move|p2a: The Rock|Salt Cure|p1a: Cresselia\n|-damage|p1a: Cresselia|92\/100\n|\n|upkeep\n|turn|14\n|\n|t:|1700756366\n|switch|p2a: Monke|Rillaboom, F, shiny|92\/100\n|move|p1a: Cresselia|Calm Mind|p1a: Cresselia\n|-boost|p1a: Cresselia|spa|1\n|-boost|p1a: Cresselia|spd|1\n|\n|-heal|p2a: Monke|98\/100|[from] Grassy Terrain\n|-fieldend|move: Grassy Terrain\n|upkeep\n|turn|15\n|inactive|Glass101 has 120 seconds left.\n|\n|t:|1700756405\n|move|p2a: Monke|Knock Off|p1a: Cresselia\n|-damage|p1a: Cresselia|62\/100\n|-enditem|p1a: Cresselia|Covert Cloak|[from] move: Knock Off|[of] p2a: Monke\n|move|p1a: Cresselia|Stored Power|p2a: Monke\n|-damage|p2a: Monke|0 fnt\n|faint|p2a: Monke\n|\n|upkeep\n|\n|t:|1700756418\n|switch|p2a: Shrek|Dragonite, M, shiny|100\/100\n|turn|16\n|c|\u2606Glass101|Now we wait for the crit lol\n|\n|t:|1700756426\n|-terastallize|p2a: Shrek|Normal\n|move|p2a: Shrek|Extreme Speed|p1a: Cresselia\n|-damage|p1a: Cresselia|29\/100\n|move|p1a: Cresselia|Moonlight|p1a: Cresselia\n|-heal|p1a: Cresselia|79\/100\n|\n|upkeep\n|turn|17\n|\n|t:|1700756430\n|move|p2a: Shrek|Dragon Dance|p2a: Shrek\n|-boost|p2a: Shrek|atk|1\n|-boost|p2a: Shrek|spe|1\n|move|p1a: Cresselia|Stored Power|p2a: Shrek\n|-damage|p2a: Shrek|0 fnt\n|faint|p2a: Shrek\n|\n|upkeep\n|\n|t:|1700756438\n|switch|p2a: The Rock|Garganacl, F, shiny|100\/100\n|turn|18\n|\n|t:|1700756440\n|move|p1a: Cresselia|Stored Power|p2a: The Rock\n|-damage|p2a: The Rock|0 fnt\n|faint|p2a: The Rock\n|\n|upkeep\n|\n|t:|1700756443\n|switch|p2a: Inferno|Charizard, M, shiny|100\/100\n|turn|19\n|\n|t:|1700756446\n|detailschange|p2a: Inferno|Charizard-Mega-Y, M, shiny\n|-mega|p2a: Inferno|Charizard|Charizardite Y\n|-weather|SunnyDay|[from] ability: Drought|[of] p2a: Inferno\n|move|p2a: Inferno|Flamethrower|p1a: Cresselia\n|-damage|p1a: Cresselia|65\/100\n|move|p1a: Cresselia|Stored Power|p2a: Inferno\n|-crit|p2a: Inferno\n|-damage|p2a: Inferno|0 fnt\n|faint|p2a: Inferno\n|\n|-weather|SunnyDay|[upkeep]\n|upkeep\n|c|\u2606Cloakedbymist|rip\n|\n|t:|1700756453\n|switch|p2a: Goku|Kommo-o, M|100\/100\n|turn|20\n|\n|t:|1700756456\n|move|p2a: Goku|Boomburst|p1a: Cresselia\n|-damage|p1a: Cresselia|59\/100\n|move|p1a: Cresselia|Stored Power|p2a: Goku\n|-supereffective|p2a: Goku\n|-damage|p2a: Goku|0 fnt\n|faint|p2a: Goku\n|\n|win|Glass101\n|raw|Glass101's rating: 1329 &rarr; <strong>1354<\/strong><br \/>(+25 for winning)\n|raw|Cloakedbymist's rating: 1415 &rarr; <strong>1390<\/strong><br \/>(-25 for losing)\n|c|\u2606Glass101|gg xd\n|l|\u2606Cloakedbymist\n|c|\u2606Glass101|90% of the time that gets critted\n","uploadtime":1700756473,"views":1,"p1id":"glass101","p2id":"cloakedbymist","formatid":"gen9nationaldex","rating":1354,"private":0,"password":""}