{"id":"gen9nationaldex-1995272254","p1":"FlyingSudowoodo","p2":"fhruihvruiva","format":"[Gen 9] National Dex","log":"|html|<div class=\"broadcast-blue\"><strong>[Gen 9] National Dex is currently suspecting Sneasler! For information on how to participate check out the <a href=\"https:\/\/www.smogon.com\/forums\/threads\/sv-national-dex-suspect-8-just-dance.3731534\/\">suspect thread<\/a>.<\/strong><\/div>\n|j|\u2606FlyingSudowoodo\n|j|\u2606fhruihvruiva\n|t:|1700544708\n|gametype|singles\n|player|p1|FlyingSudowoodo|brock|1462\n|player|p2|fhruihvruiva|hiker|1421\n|teamsize|p1|6\n|teamsize|p2|6\n|gen|9\n|tier|[Gen 9] National Dex\n|rated|\n|rule|HP Percentage Mod: HP is shown in percentages\n|rule|Endless Battle Clause: Forcing endless battles is banned\n|rule|OHKO Clause: OHKO moves are banned\n|rule|Evasion Clause: Evasion abilities, items, and moves are banned\n|rule|Evasion Abilities Clause: Evasion abilities are banned\n|rule|Evasion Items Clause: Evasion items are banned\n|rule|Evasion Moves Clause: Evasion moves are banned\n|rule|Species Clause: Limit one of each Pok\u00e9mon\n|rule|Sleep Clause Mod: Limit one foe put to sleep\n|clearpoke\n|poke|p1|Garganacl, M|\n|poke|p1|Diancie|\n|poke|p1|Glimmora, M|\n|poke|p1|Ogerpon-Cornerstone, F|\n|poke|p1|Golem-Alola, F|\n|poke|p1|Tyranitar, M|\n|poke|p2|Greninja-*, M|\n|poke|p2|Aegislash, M|\n|poke|p2|Iron Treads|\n|poke|p2|Blaziken, M|\n|poke|p2|Zeraora|\n|poke|p2|Charizard, F|\n|teampreview\n|inactive|Battle timer is ON: inactive players will automatically lose when time's up. (requested by fhruihvruiva)\n|c|\u2606fhruihvruiva|nice mono-rock team\n|\n|t:|1700544731\n|start\n|switch|p1a: Golem|Golem-Alola, F|100\/100\n|switch|p2a: Iron Treads|Iron Treads|100\/100\n|-enditem|p2a: Iron Treads|Booster Energy\n|-activate|p2a: Iron Treads|ability: Quark Drive|[fromitem]\n|-start|p2a: Iron Treads|quarkdrivespe\n|turn|1\n|\n|t:|1700544741\n|move|p2a: Iron Treads|Earthquake|p1a: Golem\n|-supereffective|p1a: Golem\n|-damage|p1a: Golem|0 fnt\n|faint|p1a: Golem\n|\n|upkeep\n|\n|t:|1700544754\n|switch|p1a: Garganacl|Garganacl, M|100\/100\n|turn|2\n|\n|t:|1700544763\n|move|p2a: Iron Treads|Earthquake|p1a: Garganacl\n|-supereffective|p1a: Garganacl\n|-damage|p1a: Garganacl|33\/100\n|move|p1a: Garganacl|Salt Cure|p2a: Iron Treads\n|-resisted|p2a: Iron Treads\n|-damage|p2a: Iron Treads|97\/100\n|-start|p2a: Iron Treads|Salt Cure\n|\n|-heal|p1a: Garganacl|39\/100|[from] item: Leftovers\n|-damage|p2a: Iron Treads|72\/100|[from] Salt Cure\n|upkeep\n|turn|3\n|\n|t:|1700544789\n|move|p1a: Garganacl|Protect|p1a: Garganacl\n|-singleturn|p1a: Garganacl|Protect\n|move|p2a: Iron Treads|Earthquake|p1a: Garganacl\n|-activate|p1a: Garganacl|move: Protect\n|\n|-heal|p1a: Garganacl|45\/100|[from] item: Leftovers\n|-damage|p2a: Iron Treads|48\/100|[from] Salt Cure\n|upkeep\n|turn|4\n|\n|t:|1700544799\n|switch|p1a: Glimmora|Glimmora, M|100\/100\n|-item|p1a: Glimmora|Air Balloon\n|move|p2a: Iron Treads|Earthquake|p1a: Glimmora\n|-immune|p1a: Glimmora\n|\n|-damage|p2a: Iron Treads|23\/100|[from] Salt Cure\n|upkeep\n|turn|5\n|\n|t:|1700544811\n|-end|p2a: Iron Treads|Quark Drive|[silent]\n|switch|p2a: Aegislash|Aegislash, M|100\/100\n|move|p1a: Glimmora|Power Gem|p2a: Aegislash\n|-resisted|p2a: Aegislash\n|-damage|p2a: Aegislash|83\/100\n|\n|upkeep\n|turn|6\n|\n|t:|1700544818\n|switch|p1a: Garganacl|Garganacl, M|45\/100\n|-zpower|p2a: Aegislash\n|-formechange|p2a: Aegislash|Aegislash-Blade||[from] ability: Stance Change\n|move|p2a: Aegislash|Corkscrew Crash|p1a: Garganacl|[zeffect]\n|-supereffective|p1a: Garganacl\n|-damage|p1a: Garganacl|0 fnt\n|faint|p1a: Garganacl\n|\n|upkeep\n|\n|t:|1700544828\n|switch|p1a: Ogerpon|Ogerpon-Cornerstone, F|100\/100\n|turn|7\n|\n|t:|1700544840\n|-terastallize|p1a: Ogerpon|Rock\n|detailschange|p1a: Ogerpon|Ogerpon-Cornerstone-Tera, F, tera:Rock\n|-ability|p1a: Ogerpon|Embody Aspect (Cornerstone)|boost\n|-boost|p1a: Ogerpon|def|1\n|-formechange|p2a: Aegislash|Aegislash||[from] ability: Stance Change\n|move|p2a: Aegislash|King's Shield|p2a: Aegislash\n|-singleturn|p2a: Aegislash|Protect\n|move|p1a: Ogerpon|Swords Dance|p1a: Ogerpon\n|-boost|p1a: Ogerpon|atk|2\n|\n|upkeep\n|turn|8\n|\n|t:|1700544851\n|move|p1a: Ogerpon|Encore|p2a: Aegislash\n|-start|p2a: Aegislash|Encore\n|move|p2a: Aegislash|King's Shield||[still]\n|-fail|p2a: Aegislash\n|\n|upkeep\n|turn|9\n|\n|t:|1700544861\n|switch|p2a: Iron Treads|Iron Treads|23\/100\n|move|p1a: Ogerpon|Swords Dance|p1a: Ogerpon\n|-boost|p1a: Ogerpon|atk|2\n|\n|upkeep\n|turn|10\n|\n|t:|1700544868\n|move|p1a: Ogerpon|Ivy Cudgel|p2a: Iron Treads|[anim] Ivy Cudgel Rock\n|-resisted|p2a: Iron Treads\n|-damage|p2a: Iron Treads|0 fnt\n|faint|p2a: Iron Treads\n|-end|p2a: Iron Treads|Quark Drive|[silent]\n|\n|upkeep\n|\n|t:|1700544873\n|switch|p2a: Greninja|Greninja, M|100\/100\n|turn|11\n|\n|t:|1700544879\n|move|p2a: Greninja|Surf|p1a: Ogerpon\n|-supereffective|p1a: Ogerpon\n|-damage|p1a: Ogerpon|14\/100\n|move|p1a: Ogerpon|Horn Leech|p2a: Greninja\n|-supereffective|p2a: Greninja\n|-enditem|p2a: Greninja|Focus Sash\n|-damage|p2a: Greninja|1\/100\n|-heal|p1a: Ogerpon|61\/100|[from] drain|[of] p2a: Greninja\n|\n|upkeep\n|turn|12\n|\n|t:|1700544890\n|switch|p1a: Tyranitar|Tyranitar, M|100\/100\n|-weather|Sandstorm|[from] ability: Sand Stream|[of] p1a: Tyranitar\n|move|p2a: Greninja|Surf|p1a: Tyranitar\n|-supereffective|p1a: Tyranitar\n|-damage|p1a: Tyranitar|72\/100\n|\n|-weather|Sandstorm|[upkeep]\n|-damage|p2a: Greninja|0 fnt|[from] Sandstorm\n|faint|p2a: Greninja\n|upkeep\n|\n|t:|1700544896\n|switch|p2a: Blaziken|Blaziken, M|100\/100\n|turn|13\n|\n|t:|1700544902\n|move|p2a: Blaziken|Close Combat|p1a: Tyranitar\n|-supereffective|p1a: Tyranitar\n|-damage|p1a: Tyranitar|0 fnt\n|-unboost|p2a: Blaziken|def|1\n|-unboost|p2a: Blaziken|spd|1\n|faint|p1a: Tyranitar\n|\n|-weather|Sandstorm|[upkeep]\n|-damage|p2a: Blaziken|95\/100|[from] Sandstorm\n|-ability|p2a: Blaziken|Speed Boost|boost\n|-boost|p2a: Blaziken|spe|1\n|upkeep\n|\n|t:|1700544911\n|switch|p1a: Diancie|Diancie|100\/100\n|turn|14\n|\n|t:|1700544921\n|switch|p2a: Aegislash|Aegislash, M|83\/100\n|move|p1a: Diancie|Diamond Storm|p2a: Aegislash\n|-resisted|p2a: Aegislash\n|-damage|p2a: Aegislash|70\/100\n|\n|-weather|Sandstorm|[upkeep]\n|upkeep\n|turn|15\n|\n|t:|1700544931\n|switch|p1a: Glimmora|Glimmora, M|100\/100\n|-item|p1a: Glimmora|Air Balloon\n|-formechange|p2a: Aegislash|Aegislash-Blade||[from] ability: Stance Change\n|move|p2a: Aegislash|Flash Cannon|p1a: Glimmora\n|-supereffective|p1a: Glimmora\n|-damage|p1a: Glimmora|14\/100\n|-enditem|p1a: Glimmora|Air Balloon\n|\n|-weather|Sandstorm|[upkeep]\n|upkeep\n|turn|16\n|\n|t:|1700544941\n|move|p1a: Glimmora|Power Gem|p2a: Aegislash\n|-resisted|p2a: Aegislash\n|-damage|p2a: Aegislash|32\/100\n|move|p2a: Aegislash|Flash Cannon|p1a: Glimmora\n|-supereffective|p1a: Glimmora\n|-damage|p1a: Glimmora|0 fnt\n|faint|p1a: Glimmora\n|\n|-weather|none\n|upkeep\n|l|\u2606FlyingSudowoodo\n|inactive|FlyingSudowoodo disconnected and has a minute to reconnect!\n|player|p1|\n|j|\u2606FlyingSudowoodo\n|inactive|FlyingSudowoodo reconnected and has 120 seconds left.\n|player|p1|FlyingSudowoodo|brock\n|\n|t:|1700544974\n|switch|p1a: Diancie|Diancie|100\/100\n|turn|17\n|\n|t:|1700544977\n|-formechange|p2a: Aegislash|Aegislash||[from] ability: Stance Change\n|move|p2a: Aegislash|King's Shield|p2a: Aegislash\n|-singleturn|p2a: Aegislash|Protect\n|move|p1a: Diancie|Mystical Fire|p2a: Aegislash\n|-activate|p2a: Aegislash|move: Protect\n|\n|upkeep\n|turn|18\n|\n|t:|1700544984\n|move|p1a: Diancie|Earth Power|p2a: Aegislash\n|-supereffective|p2a: Aegislash\n|-damage|p2a: Aegislash|0 fnt\n|faint|p2a: Aegislash\n|\n|upkeep\n|\n|t:|1700544992\n|switch|p2a: Charizard|Charizard, F|100\/100\n|turn|19\n|\n|t:|1700544996\n|detailschange|p1a: Diancie|Diancie-Mega\n|-mega|p1a: Diancie|Diancie|Diancite\n|move|p1a: Diancie|Diamond Storm|p2a: Charizard\n|-supereffective|p2a: Charizard\n|-damage|p2a: Charizard|0 fnt\n|-boost|p1a: Diancie|def|2\n|faint|p2a: Charizard\n|\n|upkeep\n|c|\u2606fhruihvruiva|misclick\n|\n|t:|1700545022\n|switch|p2a: Zeraora|Zeraora|100\/100\n|turn|20\n|\n|t:|1700545028\n|move|p2a: Zeraora|Fake Out|p1a: Diancie\n|-resisted|p1a: Diancie\n|-crit|p1a: Diancie\n|-damage|p1a: Diancie|89\/100\n|cant|p1a: Diancie|flinch\n|\n|upkeep\n|turn|21\n|\n|t:|1700545038\n|-terastallize|p2a: Zeraora|Electric\n|move|p2a: Zeraora|Plasma Fists|p1a: Diancie\n|-damage|p1a: Diancie|44\/100\n|-fieldactivate|move: Ion Deluge\n|-hint|Normal-type moves become Electric-type after using Plasma Fists.\n|move|p1a: Diancie|Earth Power|p2a: Zeraora\n|-supereffective|p2a: Zeraora\n|-damage|p2a: Zeraora|12\/100\n|-unboost|p2a: Zeraora|spd|1\n|\n|upkeep\n|turn|22\n|\n|t:|1700545052\n|move|p2a: Zeraora|Plasma Fists|p1a: Diancie\n|-damage|p1a: Diancie|1\/100\n|-fieldactivate|move: Ion Deluge\n|-hint|Normal-type moves become Electric-type after using Plasma Fists.\n|move|p1a: Diancie|Moonblast|p2a: Zeraora\n|-damage|p2a: Zeraora|0 fnt\n|faint|p2a: Zeraora\n|\n|upkeep\n|\n|t:|1700545056\n|switch|p2a: Blaziken|Blaziken, M|95\/100\n|turn|23\n|\n|t:|1700545062\n|move|p1a: Diancie|Earth Power|p2a: Blaziken\n|-supereffective|p2a: Blaziken\n|-damage|p2a: Blaziken|0 fnt\n|faint|p2a: Blaziken\n|\n|win|FlyingSudowoodo\n|raw|FlyingSudowoodo's rating: 1462 &rarr; <strong>1480<\/strong><br \/>(+18 for winning)\n|raw|fhruihvruiva's rating: 1421 &rarr; <strong>1403<\/strong><br \/>(-18 for losing)\n","uploadtime":1700545068,"views":5,"p1id":"flyingsudowoodo","p2id":"fhruihvruiva","formatid":"gen9nationaldex","rating":1403,"private":0,"password":""}