{"id":"gen9nationaldex-1995478540","p1":"SirNekoLeo","p2":"sgzf","format":"[Gen 9] National Dex","log":"|html|<div class=\"broadcast-blue\"><strong>[Gen 9] National Dex is currently suspecting Sneasler! For information on how to participate check out the <a href=\"https:\/\/www.smogon.com\/forums\/threads\/sv-national-dex-suspect-8-just-dance.3731534\/\">suspect thread<\/a>.<\/strong><\/div>\n|j|\u2606SirNekoLeo\n|j|\u2606sgzf\n|t:|1700575290\n|gametype|singles\n|player|p1|SirNekoLeo|flint|1216\n|player|p2|sgzf|dawn-gen4pt|1160\n|teamsize|p1|6\n|teamsize|p2|6\n|gen|9\n|tier|[Gen 9] National Dex\n|rated|\n|rule|HP Percentage Mod: HP is shown in percentages\n|rule|Endless Battle Clause: Forcing endless battles is banned\n|rule|OHKO Clause: OHKO moves are banned\n|rule|Evasion Clause: Evasion abilities, items, and moves are banned\n|rule|Evasion Abilities Clause: Evasion abilities are banned\n|rule|Evasion Items Clause: Evasion items are banned\n|rule|Evasion Moves Clause: Evasion moves are banned\n|rule|Species Clause: Limit one of each Pok\u00e9mon\n|rule|Sleep Clause Mod: Limit one foe put to sleep\n|clearpoke\n|poke|p1|Marowak-Alola, M|\n|poke|p1|Tapu Lele|\n|poke|p1|Gogoat, F|\n|poke|p1|Bellossom, M|\n|poke|p1|Gyarados, M|\n|poke|p1|Iron Valiant|\n|poke|p2|Garchomp, F|\n|poke|p2|Ferrothorn, F|\n|poke|p2|Lopunny, F|\n|poke|p2|Moltres|\n|poke|p2|Slowking-Galar, F|\n|poke|p2|Corviknight, F|\n|teampreview\n|inactive|Battle timer is ON: inactive players will automatically lose when time's up. (requested by SirNekoLeo)\n|\n|t:|1700575302\n|start\n|switch|p1a: The Undying|Gyarados, M|100\/100\n|switch|p2a: Ferrothorn|Ferrothorn, F|100\/100\n|-ability|p1a: The Undying|Intimidate|boost\n|-unboost|p2a: Ferrothorn|atk|1\n|turn|1\n|\n|t:|1700575310\n|switch|p1a: Sans|Marowak-Alola, M|100\/100\n|move|p2a: Ferrothorn|Thunder Wave|p1a: Sans\n|-status|p1a: Sans|par\n|\n|upkeep\n|turn|2\n|\n|t:|1700575317\n|switch|p2a: Garchomp|Garchomp, F|100\/100\n|move|p1a: Sans|Flare Blitz|p2a: Garchomp\n|-resisted|p2a: Garchomp\n|-damage|p2a: Garchomp|53\/100\n|-status|p2a: Garchomp|brn\n|-damage|p1a: Sans|88\/100 par|[from] ability: Rough Skin|[of] p2a: Garchomp\n|\n|-damage|p2a: Garchomp|46\/100 brn|[from] brn\n|upkeep\n|turn|3\n|\n|t:|1700575336\n|move|p2a: Garchomp|Earthquake|p1a: Sans\n|-supereffective|p1a: Sans\n|-damage|p1a: Sans|36\/100 par\n|move|p1a: Sans|Flare Blitz|p2a: Garchomp\n|-resisted|p2a: Garchomp\n|-damage|p2a: Garchomp|0 fnt\n|-damage|p1a: Sans|24\/100 par|[from] ability: Rough Skin|[of] p2a: Garchomp\n|faint|p2a: Garchomp\n|\n|upkeep\n|\n|t:|1700575347\n|switch|p2a: Moltres|Moltres|100\/100\n|turn|4\n|\n|t:|1700575350\n|move|p2a: Moltres|Scorching Sands|p1a: Sans\n|-supereffective|p1a: Sans\n|-damage|p1a: Sans|0 fnt\n|faint|p1a: Sans\n|\n|upkeep\n|\n|t:|1700575356\n|switch|p1a: The Undying|Gyarados, M|100\/100\n|-ability|p1a: The Undying|Intimidate|boost\n|-unboost|p2a: Moltres|atk|1\n|turn|5\n|\n|t:|1700575361\n|switch|p2a: Ferrothorn|Ferrothorn, F|100\/100\n|move|p1a: The Undying|Dragon Dance|p1a: The Undying\n|-boost|p1a: The Undying|atk|1\n|-boost|p1a: The Undying|spe|1\n|\n|upkeep\n|turn|6\n|\n|t:|1700575374\n|move|p1a: The Undying|Earthquake|p2a: Ferrothorn\n|-damage|p2a: Ferrothorn|68\/100\n|move|p2a: Ferrothorn|Thunder Wave|p1a: The Undying\n|-status|p1a: The Undying|par\n|\n|-heal|p2a: Ferrothorn|74\/100|[from] item: Leftovers\n|upkeep\n|turn|7\n|\n|t:|1700575379\n|move|p1a: The Undying|Dragon Dance|p1a: The Undying\n|-boost|p1a: The Undying|atk|1\n|-boost|p1a: The Undying|spe|1\n|move|p2a: Ferrothorn|Leech Seed|p1a: The Undying\n|-start|p1a: The Undying|move: Leech Seed\n|\n|-heal|p2a: Ferrothorn|80\/100|[from] item: Leftovers\n|-damage|p1a: The Undying|88\/100 par|[from] Leech Seed|[of] p2a: Ferrothorn\n|-heal|p2a: Ferrothorn|91\/100|[silent]\n|upkeep\n|turn|8\n|\n|t:|1700575384\n|move|p1a: The Undying|Dragon Dance|p1a: The Undying\n|-boost|p1a: The Undying|atk|1\n|-boost|p1a: The Undying|spe|1\n|move|p2a: Ferrothorn|Knock Off|p1a: The Undying\n|-damage|p1a: The Undying|70\/100 par\n|\n|-heal|p2a: Ferrothorn|97\/100|[from] item: Leftovers\n|-damage|p1a: The Undying|58\/100 par|[from] Leech Seed|[of] p2a: Ferrothorn\n|-heal|p2a: Ferrothorn|100\/100|[silent]\n|upkeep\n|turn|9\n|\n|t:|1700575391\n|detailschange|p1a: The Undying|Gyarados-Mega, M\n|-mega|p1a: The Undying|Gyarados|Gyaradosite\n|-ability|p1a: The Undying|Mold Breaker\n|move|p1a: The Undying|Earthquake|p2a: Ferrothorn\n|-damage|p2a: Ferrothorn|35\/100\n|move|p2a: Ferrothorn|Spikes|p1a: The Undying\n|-sidestart|p1: SirNekoLeo|Spikes\n|\n|-heal|p2a: Ferrothorn|41\/100|[from] item: Leftovers\n|-damage|p1a: The Undying|46\/100 par|[from] Leech Seed|[of] p2a: Ferrothorn\n|-heal|p2a: Ferrothorn|52\/100|[silent]\n|upkeep\n|turn|10\n|\n|t:|1700575407\n|switch|p2a: Corviknight|Corviknight, F|100\/100\n|-ability|p2a: Corviknight|Pressure\n|cant|p1a: The Undying|par\n|\n|-damage|p1a: The Undying|33\/100 par|[from] Leech Seed|[of] p2a: Corviknight\n|upkeep\n|turn|11\n|\n|t:|1700575412\n|move|p1a: The Undying|Crunch|p2a: Corviknight\n|-damage|p2a: Corviknight|23\/100\n|move|p2a: Corviknight|Iron Defense|p2a: Corviknight\n|-boost|p2a: Corviknight|def|2\n|\n|-heal|p2a: Corviknight|29\/100|[from] item: Leftovers\n|-damage|p1a: The Undying|21\/100 par|[from] Leech Seed|[of] p2a: Corviknight\n|-heal|p2a: Corviknight|39\/100|[silent]\n|upkeep\n|turn|12\n|\n|t:|1700575431\n|move|p1a: The Undying|Crunch|p2a: Corviknight\n|-damage|p2a: Corviknight|0 fnt\n|faint|p2a: Corviknight\n|\n|upkeep\n|\n|t:|1700575435\n|switch|p2a: Ferrothorn|Ferrothorn, F|52\/100\n|turn|13\n|\n|t:|1700575445\n|move|p1a: The Undying|Earthquake|p2a: Ferrothorn\n|-damage|p2a: Ferrothorn|0 fnt\n|faint|p2a: Ferrothorn\n|\n|upkeep\n|\n|t:|1700575453\n|switch|p2a: Lopunny|Lopunny, F, shiny|100\/100\n|turn|14\n|\n|t:|1700575457\n|detailschange|p2a: Lopunny|Lopunny-Mega, F, shiny\n|-mega|p2a: Lopunny|Lopunny|Lopunnite\n|move|p2a: Lopunny|Fake Out|p1a: The Undying\n|-damage|p1a: The Undying|0 fnt\n|faint|p1a: The Undying\n|\n|upkeep\n|\n|t:|1700575462\n|switch|p1a: Mettaton EX|Iron Valiant|100\/100\n|-damage|p1a: Mettaton EX|88\/100|[from] Spikes\n|-enditem|p1a: Mettaton EX|Booster Energy\n|-activate|p1a: Mettaton EX|ability: Quark Drive|[fromitem]\n|-start|p1a: Mettaton EX|quarkdrivespe\n|turn|15\n|\n|t:|1700575468\n|move|p1a: Mettaton EX|Spirit Break|p2a: Lopunny\n|-supereffective|p2a: Lopunny\n|-damage|p2a: Lopunny|0 fnt\n|faint|p2a: Lopunny\n|\n|upkeep\n|\n|t:|1700575474\n|switch|p2a: Slowking|Slowking-Galar, F|100\/100\n|turn|16\n|\n|t:|1700575484\n|-terastallize|p2a: Slowking|Water\n|move|p1a: Mettaton EX|Swords Dance|p1a: Mettaton EX\n|-boost|p1a: Mettaton EX|atk|2\n|move|p2a: Slowking|Sludge Bomb|p1a: Mettaton EX\n|-supereffective|p1a: Mettaton EX\n|-damage|p1a: Mettaton EX|0 fnt\n|faint|p1a: Mettaton EX\n|-end|p1a: Mettaton EX|Quark Drive|[silent]\n|\n|upkeep\n|\n|t:|1700575490\n|switch|p1a: Asriel|Gogoat, F, shiny|100\/100\n|-damage|p1a: Asriel|88\/100|[from] Spikes\n|turn|17\n|\n|t:|1700575494\n|switch|p2a: Moltres|Moltres|100\/100\n|-terastallize|p1a: Asriel|Rock\n|move|p1a: Asriel|Horn Leech|p2a: Moltres\n|-resisted|p2a: Moltres\n|-damage|p2a: Moltres|94\/100\n|-heal|p1a: Asriel|91\/100|[from] drain|[of] p2a: Moltres\n|-status|p1a: Asriel|brn|[from] ability: Flame Body|[of] p2a: Moltres\n|\n|-heal|p1a: Asriel|97\/100 brn|[from] item: Leftovers\n|-damage|p1a: Asriel|91\/100 brn|[from] brn\n|upkeep\n|turn|18\n|\n|t:|1700575503\n|move|p2a: Moltres|Flamethrower|p1a: Asriel\n|-resisted|p1a: Asriel\n|-damage|p1a: Asriel|74\/100 brn\n|move|p1a: Asriel|Rock Slide|p2a: Moltres\n|-supereffective|p2a: Moltres\n|-damage|p2a: Moltres|46\/100\n|\n|-heal|p1a: Asriel|80\/100 brn|[from] item: Leftovers\n|-damage|p1a: Asriel|74\/100 brn|[from] brn\n|upkeep\n|turn|19\n|\n|t:|1700575512\n|move|p2a: Moltres|Roost|p2a: Moltres\n|-heal|p2a: Moltres|96\/100\n|-singleturn|p2a: Moltres|move: Roost\n|move|p1a: Asriel|Rock Slide|p2a: Moltres\n|-supereffective|p2a: Moltres\n|-damage|p2a: Moltres|71\/100\n|\n|-heal|p1a: Asriel|80\/100 brn|[from] item: Leftovers\n|-damage|p1a: Asriel|74\/100 brn|[from] brn\n|upkeep\n|turn|20\n|\n|t:|1700575519\n|move|p2a: Moltres|Scorching Sands|p1a: Asriel\n|-supereffective|p1a: Asriel\n|-damage|p1a: Asriel|37\/100 brn\n|move|p1a: Asriel|Rock Slide|p2a: Moltres\n|-supereffective|p2a: Moltres\n|-damage|p2a: Moltres|17\/100\n|\n|-heal|p1a: Asriel|43\/100 brn|[from] item: Leftovers\n|-damage|p1a: Asriel|37\/100 brn|[from] brn\n|upkeep\n|turn|21\n|\n|t:|1700575522\n|move|p2a: Moltres|Roost|p2a: Moltres\n|-heal|p2a: Moltres|68\/100\n|-singleturn|p2a: Moltres|move: Roost\n|move|p1a: Asriel|Rock Slide|p2a: Moltres\n|-supereffective|p2a: Moltres\n|-damage|p2a: Moltres|45\/100\n|\n|-heal|p1a: Asriel|43\/100 brn|[from] item: Leftovers\n|-damage|p1a: Asriel|37\/100 brn|[from] brn\n|upkeep\n|turn|22\n|\n|t:|1700575528\n|move|p2a: Moltres|Roost|p2a: Moltres\n|-heal|p2a: Moltres|95\/100\n|-singleturn|p2a: Moltres|move: Roost\n|move|p1a: Asriel|Rock Slide|p2a: Moltres\n|-supereffective|p2a: Moltres\n|-damage|p2a: Moltres|69\/100\n|\n|-heal|p1a: Asriel|43\/100 brn|[from] item: Leftovers\n|-damage|p1a: Asriel|37\/100 brn|[from] brn\n|upkeep\n|turn|23\n|\n|t:|1700575531\n|move|p2a: Moltres|Roost|p2a: Moltres\n|-heal|p2a: Moltres|100\/100\n|-singleturn|p2a: Moltres|move: Roost\n|move|p1a: Asriel|Rock Slide|p2a: Moltres\n|-supereffective|p2a: Moltres\n|-damage|p2a: Moltres|75\/100\n|\n|-heal|p1a: Asriel|43\/100 brn|[from] item: Leftovers\n|-damage|p1a: Asriel|37\/100 brn|[from] brn\n|upkeep\n|turn|24\n|\n|t:|1700575538\n|move|p2a: Moltres|Scorching Sands|p1a: Asriel\n|-supereffective|p1a: Asriel\n|-damage|p1a: Asriel|0 fnt\n|faint|p1a: Asriel\n|\n|upkeep\n|\n|t:|1700575543\n|switch|p1a: Chara|Tapu Lele|100\/100\n|-damage|p1a: Chara|88\/100|[from] Spikes\n|-fieldstart|move: Psychic Terrain|[from] ability: Psychic Surge|[of] p1a: Chara\n|turn|25\n|\n|t:|1700575551\n|move|p1a: Chara|Psychic|p2a: Moltres\n|-damage|p2a: Moltres|10\/100\n|move|p2a: Moltres|Flamethrower|p1a: Chara\n|-damage|p1a: Chara|50\/100\n|\n|upkeep\n|turn|26\n|\n|t:|1700575560\n|switch|p2a: Slowking|Slowking-Galar, F, tera:Water|100\/100\n|move|p1a: Chara|Psychic|p2a: Slowking\n|-damage|p2a: Slowking|66\/100\n|-unboost|p2a: Slowking|spd|1\n|\n|upkeep\n|turn|27\n|\n|t:|1700575564\n|move|p1a: Chara|Psychic|p2a: Slowking\n|-damage|p2a: Slowking|11\/100\n|move|p2a: Slowking|Sludge Bomb|p1a: Chara\n|-supereffective|p1a: Chara\n|-damage|p1a: Chara|0 fnt\n|faint|p1a: Chara\n|\n|upkeep\n|\n|t:|1700575568\n|switch|p1a: Flowey|Bellossom, M|100\/100\n|-damage|p1a: Flowey|88\/100|[from] Spikes\n|turn|28\n|\n|t:|1700575572\n|move|p1a: Flowey|Giga Drain|p2a: Slowking\n|-supereffective|p2a: Slowking\n|-damage|p2a: Slowking|0 fnt\n|-heal|p1a: Flowey|94\/100|[from] drain|[of] p2a: Slowking\n|faint|p2a: Slowking\n|\n|-heal|p1a: Flowey|99\/100|[from] item: Leftovers\n|upkeep\n|\n|t:|1700575575\n|switch|p2a: Moltres|Moltres|10\/100\n|turn|29\n|\n|t:|1700575580\n|move|p2a: Moltres|Flamethrower|p1a: Flowey\n|-supereffective|p1a: Flowey\n|-damage|p1a: Flowey|45\/100\n|move|p1a: Flowey|Giga Drain|p2a: Moltres\n|-resisted|p2a: Moltres\n|-damage|p2a: Moltres|5\/100\n|-heal|p1a: Flowey|48\/100|[from] drain|[of] p2a: Moltres\n|\n|-heal|p1a: Flowey|54\/100|[from] item: Leftovers\n|-fieldend|move: Psychic Terrain\n|upkeep\n|turn|30\n|\n|t:|1700575588\n|move|p2a: Moltres|Roost|p2a: Moltres\n|-heal|p2a: Moltres|55\/100\n|-singleturn|p2a: Moltres|move: Roost\n|move|p1a: Flowey|Giga Drain|p2a: Moltres\n|-resisted|p2a: Moltres\n|-damage|p2a: Moltres|42\/100\n|-heal|p1a: Flowey|61\/100|[from] drain|[of] p2a: Moltres\n|\n|-heal|p1a: Flowey|67\/100|[from] item: Leftovers\n|upkeep\n|turn|31\n|\n|t:|1700575591\n|move|p2a: Moltres|Roost|p2a: Moltres\n|-heal|p2a: Moltres|92\/100\n|-singleturn|p2a: Moltres|move: Roost\n|move|p1a: Flowey|Leech Seed|p2a: Moltres\n|-start|p2a: Moltres|move: Leech Seed\n|\n|-heal|p1a: Flowey|73\/100|[from] item: Leftovers\n|-damage|p2a: Moltres|80\/100|[from] Leech Seed|[of] p1a: Flowey\n|-heal|p1a: Flowey|86\/100|[silent]\n|upkeep\n|turn|32\n|\n|t:|1700575594\n|move|p2a: Moltres|Flamethrower|p1a: Flowey\n|-supereffective|p1a: Flowey\n|-damage|p1a: Flowey|38\/100\n|move|p1a: Flowey|Giga Drain|p2a: Moltres\n|-resisted|p2a: Moltres\n|-damage|p2a: Moltres|74\/100\n|-heal|p1a: Flowey|42\/100|[from] drain|[of] p2a: Moltres\n|\n|-heal|p1a: Flowey|48\/100|[from] item: Leftovers\n|-damage|p2a: Moltres|62\/100|[from] Leech Seed|[of] p1a: Flowey\n|-heal|p1a: Flowey|61\/100|[silent]\n|upkeep\n|turn|33\n|\n|t:|1700575597\n|move|p2a: Moltres|Flamethrower|p1a: Flowey\n|-supereffective|p1a: Flowey\n|-damage|p1a: Flowey|4\/100\n|-status|p1a: Flowey|brn\n|move|p1a: Flowey|Giga Drain|p2a: Moltres\n|-resisted|p2a: Moltres\n|-damage|p2a: Moltres|56\/100\n|-heal|p1a: Flowey|8\/100 brn|[from] drain|[of] p2a: Moltres\n|\n|-heal|p1a: Flowey|14\/100 brn|[from] item: Leftovers\n|-damage|p2a: Moltres|43\/100|[from] Leech Seed|[of] p1a: Flowey\n|-heal|p1a: Flowey|27\/100 brn|[silent]\n|-damage|p1a: Flowey|21\/100 brn|[from] brn\n|upkeep\n|turn|34\n|\n|t:|1700575602\n|move|p1a: Flowey|Protect|p1a: Flowey\n|-singleturn|p1a: Flowey|Protect\n|move|p2a: Moltres|Roost|p2a: Moltres\n|-heal|p2a: Moltres|93\/100\n|-singleturn|p2a: Moltres|move: Roost\n|\n|-heal|p1a: Flowey|27\/100 brn|[from] item: Leftovers\n|-damage|p2a: Moltres|81\/100|[from] Leech Seed|[of] p1a: Flowey\n|-heal|p1a: Flowey|40\/100 brn|[silent]\n|-damage|p1a: Flowey|34\/100 brn|[from] brn\n|upkeep\n|turn|35\n|\n|t:|1700575617\n|move|p2a: Moltres|Flamethrower|p1a: Flowey\n|-supereffective|p1a: Flowey\n|-damage|p1a: Flowey|0 fnt\n|faint|p1a: Flowey\n|\n|win|sgzf\n|raw|SirNekoLeo's rating: 1216 &rarr; <strong>1187<\/strong><br \/>(-29 for losing)\n|raw|sgzf's rating: 1160 &rarr; <strong>1189<\/strong><br \/>(+29 for winning)\n|l|\u2606SirNekoLeo\n","uploadtime":1700575626,"views":7,"p1id":"sirnekoleo","p2id":"sgzf","formatid":"gen9nationaldex","rating":1187,"private":0,"password":""}