{"id":"gen9nationaldex-1988966966","p1":"ericmont","p2":"Void280","format":"[Gen 9] National Dex","log":"|j|\u2606ericmont\n|j|\u2606Void280\n|t:|1699795870\n|gametype|singles\n|player|p1|ericmont|bertha|\n|player|p2|Void280|cynthia-masters|\n|teamsize|p1|6\n|teamsize|p2|6\n|gen|9\n|tier|[Gen 9] National Dex\n|rule|HP Percentage Mod: HP is shown in percentages\n|rule|Endless Battle Clause: Forcing endless battles is banned\n|rule|OHKO Clause: OHKO moves are banned\n|rule|Evasion Clause: Evasion abilities, items, and moves are banned\n|rule|Evasion Abilities Clause: Evasion abilities are banned\n|rule|Evasion Items Clause: Evasion items are banned\n|rule|Evasion Moves Clause: Evasion moves are banned\n|rule|Species Clause: Limit one of each Pok\u00e9mon\n|rule|Sleep Clause Mod: Limit one foe put to sleep\n|clearpoke\n|poke|p1|Hippowdon, F|\n|poke|p1|Gastrodon, M|\n|poke|p1|Iron Moth|\n|poke|p1|Sandy Shocks|\n|poke|p1|Great Tusk|\n|poke|p1|Garchomp, F|\n|poke|p2|Great Tusk|\n|poke|p2|Ogerpon-Wellspring, F|\n|poke|p2|Lopunny, M|\n|poke|p2|Haxorus, M|\n|poke|p2|Skeledirge, M|\n|poke|p2|Espeon, F|\n|teampreview\n|c|\u2606ericmont|Glhf\n|c|\u2606Void280|glhf\n|\n|t:|1699795902\n|start\n|switch|p1a: Hippowdon|Hippowdon, F|100\/100\n|switch|p2a: Rose|Espeon, F|100\/100\n|-weather|Sandstorm|[from] ability: Sand Stream|[of] p1a: Hippowdon\n|turn|1\n|\n|t:|1699795917\n|-zpower|p2a: Rose\n|move|p2a: Rose|Z-Celebrate|p2a: Rose|[anim]Celebrate\n|-boost|p2a: Rose|atk|1|[zeffect]\n|-boost|p2a: Rose|def|1|[zeffect]\n|-boost|p2a: Rose|spa|1|[zeffect]\n|-boost|p2a: Rose|spd|1|[zeffect]\n|-boost|p2a: Rose|spe|1|[zeffect]\n|-activate|p2a: Rose|move: Celebrate\n|move|p1a: Hippowdon|Whirlwind|p2a: Rose\n|move|p2a: Rose|Whirlwind|p1a: Hippowdon|[from]ability: Magic Bounce\n|drag|p1a: Iron Moth|Iron Moth|100\/100\n|\n|-weather|Sandstorm|[upkeep]\n|-damage|p2a: Rose|95\/100|[from] Sandstorm\n|-damage|p1a: Iron Moth|95\/100|[from] Sandstorm\n|upkeep\n|turn|2\n|c|\u2606ericmont|Justo a este debia ser\n|c|\u2606ericmont|Me cago en la puta\n|c|\u2606ericmont|XD\n|c|\u2606Void280|XD\n|\n|t:|1699795987\n|-end|p1a: Iron Moth|Quark Drive|[silent]\n|switch|p1a: Gastrodon|Gastrodon, M|100\/100\n|move|p2a: Rose|Stored Power|p1a: Gastrodon\n|-damage|p1a: Gastrodon|16\/100\n|\n|-weather|Sandstorm|[upkeep]\n|-damage|p2a: Rose|89\/100|[from] Sandstorm\n|upkeep\n|turn|3\n|c|\u2606ericmont|Quee\n|c|\u2606ericmont|Puto movil\n|\n|t:|1699795998\n|move|p2a: Rose|Stored Power|p1a: Gastrodon\n|-damage|p1a: Gastrodon|0 fnt\n|faint|p1a: Gastrodon\n|\n|-weather|Sandstorm|[upkeep]\n|-damage|p2a: Rose|83\/100|[from] Sandstorm\n|upkeep\n|c|\u2606Void280|Miss click?\n|\n|t:|1699796016\n|switch|p1a: Great Tusk|Great Tusk|100\/100\n|turn|4\n|c|\u2606ericmont|No bueno\n|c|\u2606ericmont|No\n|c|\u2606ericmont|Es el lag\n|c|\u2606ericmont|Le doy para mirar la vel\n|c|\u2606ericmont|Y me lo saca\n|c|\u2606Void280|Aaaa ya, entiendo\n|\n|t:|1699796048\n|-terastallize|p1a: Great Tusk|Ground\n|move|p2a: Rose|Stored Power|p1a: Great Tusk\n|-damage|p1a: Great Tusk|0 fnt\n|faint|p1a: Great Tusk\n|-end|p1a: Great Tusk|Protosynthesis|[silent]\n|\n|-weather|Sandstorm|[upkeep]\n|-damage|p2a: Rose|77\/100|[from] Sandstorm\n|upkeep\n|c|\u2606Void280|Por eso no me gusta jugar en cel\n|c|\u2606ericmont|Nada\n|c|\u2606ericmont|Ya esta\n|\n|t:|1699796067\n|switch|p1a: Garchomp|Garchomp, F|100\/100\n|turn|5\n|\n|t:|1699796075\n|move|p2a: Rose|Stored Power|p1a: Garchomp\n|-damage|p1a: Garchomp|0 fnt\n|faint|p1a: Garchomp\n|\n|-weather|none\n|upkeep\n|c|\u2606Void280|Tengo fe en Rose\n|c|\u2606Void280|Espero me ayude de aqui en adelante\n|c|\u2606ericmont|Nisiquiera me deja tirar mega\n|\n|t:|1699796093\n|switch|p1a: Hippowdon|Hippowdon, F|100\/100\n|-weather|Sandstorm|[from] ability: Sand Stream|[of] p1a: Hippowdon\n|turn|6\n|\n|t:|1699796098\n|move|p2a: Rose|Stored Power|p1a: Hippowdon\n|-damage|p1a: Hippowdon|7\/100\n|move|p1a: Hippowdon|Earthquake|p2a: Rose\n|-damage|p2a: Rose|32\/100\n|\n|-weather|Sandstorm|[upkeep]\n|-damage|p2a: Rose|26\/100|[from] Sandstorm\n|-heal|p1a: Hippowdon|14\/100|[from] item: Leftovers\n|upkeep\n|turn|7\n|\n|t:|1699796102\n|move|p2a: Rose|Stored Power|p1a: Hippowdon\n|-damage|p1a: Hippowdon|0 fnt\n|faint|p1a: Hippowdon\n|\n|-weather|Sandstorm|[upkeep]\n|-damage|p2a: Rose|20\/100|[from] Sandstorm\n|upkeep\n|\n|t:|1699796105\n|switch|p1a: Sandy Shocks|Sandy Shocks|100\/100\n|turn|8\n|\n|t:|1699796111\n|move|p2a: Rose|Stored Power|p1a: Sandy Shocks\n|-damage|p1a: Sandy Shocks|0 fnt\n|faint|p1a: Sandy Shocks\n|-end|p1a: Sandy Shocks|Protosynthesis|[silent]\n|\n|-weather|Sandstorm|[upkeep]\n|-damage|p2a: Rose|15\/100|[from] Sandstorm\n|upkeep\n|\n|t:|1699796113\n|switch|p1a: Iron Moth|Iron Moth|95\/100\n|turn|9\n|\n|t:|1699796119\n|move|p2a: Rose|Stored Power|p1a: Iron Moth\n|-supereffective|p1a: Iron Moth\n|-damage|p1a: Iron Moth|0 fnt\n|faint|p1a: Iron Moth\n|-end|p1a: Iron Moth|Quark Drive|[silent]\n|\n|win|Void280\n|l|\u2606ericmont\n","uploadtime":1699796129,"views":15,"p1id":"ericmont","p2id":"void280","formatid":"gen9nationaldex","rating":0,"private":0,"password":""}