{"id":"gen9nationaldex-1989743408","p1":"AesirEcho","p2":"ttheus","format":"[Gen 9] National Dex","log":"|j|\u2606AesirEcho\n|j|\u2606ttheus\n|t:|1699891978\n|gametype|singles\n|player|p1|AesirEcho|ethan-masters|\n|player|p2|ttheus|169|\n|teamsize|p1|6\n|teamsize|p2|6\n|gen|9\n|tier|[Gen 9] National Dex\n|rule|HP Percentage Mod: HP is shown in percentages\n|rule|Endless Battle Clause: Forcing endless battles is banned\n|rule|OHKO Clause: OHKO moves are banned\n|rule|Evasion Clause: Evasion abilities, items, and moves are banned\n|rule|Evasion Abilities Clause: Evasion abilities are banned\n|rule|Evasion Items Clause: Evasion items are banned\n|rule|Evasion Moves Clause: Evasion moves are banned\n|rule|Species Clause: Limit one of each Pok\u00e9mon\n|rule|Sleep Clause Mod: Limit one foe put to sleep\n|clearpoke\n|poke|p1|Garchomp, M|\n|poke|p1|Kyurem|\n|poke|p1|Salamence, F|\n|poke|p1|Gyarados, F|\n|poke|p1|Zamazenta-*|\n|poke|p1|Ninetales-Alola, M|\n|poke|p2|Cinderace, M|\n|poke|p2|Comfey, M|\n|poke|p2|Grimmsnarl, M|\n|poke|p2|Aegislash, M|\n|poke|p2|Obstagoon, M|\n|poke|p2|Banette, F|\n|teampreview\n|c|\u2606ttheus|to em um free for all\n|\n|t:|1699891985\n|start\n|switch|p1a: Ninetales|Ninetales-Alola, M|100\/100\n|switch|p2a: Nezha|Grimmsnarl, M|100\/100\n|-weather|Snow|[from] ability: Snow Warning|[of] p1a: Ninetales\n|turn|1\n|c|\u2606AesirEcho|blz\n|c|\u2606AesirEcho|faz aqui quando terminar\n|\n|t:|1699891993\n|move|p2a: Nezha|Taunt|p1a: Ninetales\n|-start|p1a: Ninetales|move: Taunt\n|cant|p1a: Ninetales|move: Taunt|Aurora Veil\n|\n|-weather|Snow|[upkeep]\n|upkeep\n|turn|2\n|\n|t:|1699891999\n|move|p2a: Nezha|Light Screen|p2a: Nezha\n|-sidestart|p2: ttheus|move: Light Screen\n|move|p1a: Ninetales|Freeze-Dry|p2a: Nezha\n|-damage|p2a: Nezha|90\/100\n|\n|-weather|Snow|[upkeep]\n|upkeep\n|turn|3\n|\n|t:|1699892010\n|switch|p1a: Gyarados|Gyarados, F|100\/100\n|-ability|p1a: Gyarados|Intimidate|boost\n|-unboost|p2a: Nezha|atk|1\n|move|p2a: Nezha|Reflect|p2a: Nezha\n|-sidestart|p2: ttheus|Reflect\n|\n|-weather|Snow|[upkeep]\n|upkeep\n|turn|4\n|\n|t:|1699892015\n|switch|p2a: Ares|Aegislash, M|100\/100\n|detailschange|p1a: Gyarados|Gyarados-Mega, F\n|-mega|p1a: Gyarados|Gyarados|Gyaradosite\n|-ability|p1a: Gyarados|Mold Breaker\n|move|p1a: Gyarados|Substitute|p1a: Gyarados\n|-start|p1a: Gyarados|Substitute\n|-damage|p1a: Gyarados|76\/100\n|\n|-weather|Snow|[upkeep]\n|upkeep\n|turn|5\n|\n|t:|1699892022\n|move|p1a: Gyarados|Dragon Dance|p1a: Gyarados\n|-boost|p1a: Gyarados|atk|1\n|-boost|p1a: Gyarados|spe|1\n|move|p2a: Ares|Swords Dance|p2a: Ares\n|-boost|p2a: Ares|atk|2\n|\n|-weather|none\n|upkeep\n|turn|6\n|\n|t:|1699892025\n|move|p1a: Gyarados|Dragon Dance|p1a: Gyarados\n|-boost|p1a: Gyarados|atk|1\n|-boost|p1a: Gyarados|spe|1\n|-formechange|p2a: Ares|Aegislash-Blade||[from] ability: Stance Change\n|move|p2a: Ares|Brick Break|p1a: Gyarados\n|-supereffective|p1a: Gyarados\n|-end|p1a: Gyarados|Substitute\n|\n|upkeep\n|turn|7\n|\n|t:|1699892034\n|move|p1a: Gyarados|Earthquake|p2a: Ares\n|-supereffective|p2a: Ares\n|-crit|p2a: Ares\n|-damage|p2a: Ares|0 fnt\n|faint|p2a: Ares\n|\n|upkeep\n|\n|t:|1699892039\n|switch|p2a: Apolo|Obstagoon, M|100\/100\n|turn|8\n|\n|t:|1699892044\n|-terastallize|p2a: Apolo|Normal\n|move|p2a: Apolo|Obstruct|p2a: Apolo\n|-singleturn|p2a: Apolo|Protect\n|move|p1a: Gyarados|Substitute|p1a: Gyarados\n|-start|p1a: Gyarados|Substitute\n|-damage|p1a: Gyarados|51\/100\n|\n|-status|p2a: Apolo|brn|[from] item: Flame Orb\n|upkeep\n|turn|9\n|\n|t:|1699892054\n|move|p1a: Gyarados|Waterfall|p2a: Apolo\n|-damage|p2a: Apolo|53\/100 brn\n|move|p2a: Apolo|Close Combat|p1a: Gyarados\n|-supereffective|p1a: Gyarados\n|-end|p1a: Gyarados|Substitute\n|-unboost|p2a: Apolo|def|1\n|-unboost|p2a: Apolo|spd|1\n|\n|-damage|p2a: Apolo|47\/100 brn|[from] brn\n|-sideend|p2: ttheus|move: Light Screen\n|upkeep\n|turn|10\n|\n|t:|1699892059\n|move|p2a: Apolo|Obstruct|p2a: Apolo\n|-singleturn|p2a: Apolo|Protect\n|move|p1a: Gyarados|Waterfall|p2a: Apolo\n|-activate|p2a: Apolo|move: Protect\n|-unboost|p1a: Gyarados|def|2\n|\n|-damage|p2a: Apolo|41\/100 brn|[from] brn\n|-sideend|p2: ttheus|Reflect\n|upkeep\n|turn|11\n|\n|t:|1699892063\n|move|p1a: Gyarados|Waterfall|p2a: Apolo\n|-damage|p2a: Apolo|0 fnt\n|faint|p2a: Apolo\n|\n|upkeep\n|\n|t:|1699892068\n|switch|p2a: Melinoe|Banette, F|100\/100\n|turn|12\n|\n|t:|1699892073\n|detailschange|p2a: Melinoe|Banette-Mega, F\n|-mega|p2a: Melinoe|Banette|Banettite\n|move|p2a: Melinoe|Sucker Punch|p1a: Gyarados\n|-resisted|p1a: Gyarados\n|-damage|p1a: Gyarados|19\/100\n|move|p1a: Gyarados|Waterfall|p2a: Melinoe\n|-damage|p2a: Melinoe|0 fnt\n|faint|p2a: Melinoe\n|\n|upkeep\n|\n|t:|1699892078\n|switch|p2a: Lono|Comfey, M, shiny|100\/100\n|turn|13\n|\n|t:|1699892081\n|move|p2a: Lono|Draining Kiss|p1a: Gyarados\n|-supereffective|p1a: Gyarados\n|-damage|p1a: Gyarados|0 fnt\n|faint|p1a: Gyarados\n|\n|upkeep\n|\n|t:|1699892084\n|switch|p1a: Ninetales|Ninetales-Alola, M|100\/100\n|-weather|Snow|[from] ability: Snow Warning|[of] p1a: Ninetales\n|turn|14\n|\n|t:|1699892100\n|move|p1a: Ninetales|Aurora Veil|p1a: Ninetales\n|-sidestart|p1: AesirEcho|move: Aurora Veil\n|move|p2a: Lono|Grassy Terrain|p2a: Lono\n|-fieldstart|move: Grassy Terrain\n|\n|-weather|Snow|[upkeep]\n|upkeep\n|turn|15\n|\n|t:|1699892105\n|move|p1a: Ninetales|Encore|p2a: Lono\n|-start|p2a: Lono|Encore\n|move|p2a: Lono|Grassy Terrain||[still]\n|-fail|p2a: Lono\n|\n|-weather|Snow|[upkeep]\n|upkeep\n|turn|16\n|\n|t:|1699892111\n|switch|p1a: Salamence|Salamence, F|100\/100\n|switch|p2a: Nezha|Grimmsnarl, M|90\/100\n|\n|-weather|Snow|[upkeep]\n|-heal|p2a: Nezha|96\/100|[from] Grassy Terrain\n|upkeep\n|turn|17\n|\n|t:|1699892116\n|move|p1a: Salamence|Dragon Dance|p1a: Salamence\n|-boost|p1a: Salamence|atk|1\n|-boost|p1a: Salamence|spe|1\n|move|p2a: Nezha|Play Rough|p1a: Salamence\n|-supereffective|p1a: Salamence\n|-damage|p1a: Salamence|57\/100\n|\n|-weather|Snow|[upkeep]\n|-heal|p2a: Nezha|100\/100|[from] Grassy Terrain\n|upkeep\n|turn|18\n|\n|t:|1699892119\n|-terastallize|p1a: Salamence|Fire\n|move|p1a: Salamence|Dragon Dance|p1a: Salamence\n|-boost|p1a: Salamence|atk|1\n|-boost|p1a: Salamence|spe|1\n|move|p2a: Nezha|Play Rough|p1a: Salamence\n|-resisted|p1a: Salamence\n|-damage|p1a: Salamence|46\/100\n|\n|-weather|none\n|-heal|p1a: Salamence|52\/100|[from] Grassy Terrain\n|-fieldend|move: Grassy Terrain\n|upkeep\n|turn|19\n|\n|t:|1699892123\n|move|p2a: Nezha|Taunt|p1a: Salamence\n|-start|p1a: Salamence|move: Taunt\n|move|p1a: Salamence|Iron Head|p2a: Nezha\n|-supereffective|p2a: Nezha\n|-damage|p2a: Nezha|13\/100\n|\n|upkeep\n|turn|20\n|\n|t:|1699892128\n|move|p1a: Salamence|Iron Head|p2a: Nezha\n|-supereffective|p2a: Nezha\n|-damage|p2a: Nezha|0 fnt\n|faint|p2a: Nezha\n|-ability|p1a: Salamence|Moxie|boost\n|-boost|p1a: Salamence|atk|1\n|\n|upkeep\n|c|\u2606ttheus|quitei\n|-message|ttheus forfeited.\n|\n|win|AesirEcho\n|l|\u2606ttheus\n","uploadtime":1699892140,"views":6,"p1id":"aesirecho","p2id":"ttheus","formatid":"gen9nationaldex","rating":0,"private":0,"password":""}