{"id":"gen9nationaldex-1995589221","p1":"Tanner2008boi","p2":"sgzf","format":"[Gen 9] National Dex","log":"|html|<div class=\"broadcast-blue\"><strong>[Gen 9] National Dex is currently suspecting Sneasler! For information on how to participate check out the <a href=\"https:\/\/www.smogon.com\/forums\/threads\/sv-national-dex-suspect-8-just-dance.3731534\/\">suspect thread<\/a>.<\/strong><\/div>\n|j|\u2606Tanner2008boi\n|j|\u2606sgzf\n|t:|1700585421\n|gametype|singles\n|player|p1|Tanner2008boi|brock|1228\n|player|p2|sgzf|dawn-gen4pt|1237\n|teamsize|p1|6\n|teamsize|p2|6\n|gen|9\n|tier|[Gen 9] National Dex\n|rated|\n|rule|HP Percentage Mod: HP is shown in percentages\n|rule|Endless Battle Clause: Forcing endless battles is banned\n|rule|OHKO Clause: OHKO moves are banned\n|rule|Evasion Clause: Evasion abilities, items, and moves are banned\n|rule|Evasion Abilities Clause: Evasion abilities are banned\n|rule|Evasion Items Clause: Evasion items are banned\n|rule|Evasion Moves Clause: Evasion moves are banned\n|rule|Species Clause: Limit one of each Pok\u00e9mon\n|rule|Sleep Clause Mod: Limit one foe put to sleep\n|clearpoke\n|poke|p1|Flygon, F|\n|poke|p1|Aggron, M|\n|poke|p1|Raichu, F|\n|poke|p1|Nidoqueen, F|\n|poke|p1|Mimikyu, M|\n|poke|p1|Serperior, F|\n|poke|p2|Garchomp, F|\n|poke|p2|Ferrothorn, F|\n|poke|p2|Lopunny, F|\n|poke|p2|Moltres|\n|poke|p2|Slowking-Galar, M|\n|poke|p2|Corviknight, F|\n|teampreview\n|\n|t:|1700585424\n|start\n|switch|p1a: Serperior|Serperior, F|100\/100\n|switch|p2a: Ferrothorn|Ferrothorn, F|100\/100\n|turn|1\n|\n|t:|1700585427\n|move|p1a: Serperior|Glare|p2a: Ferrothorn\n|-status|p2a: Ferrothorn|par\n|move|p2a: Ferrothorn|Thunder Wave|p1a: Serperior\n|-status|p1a: Serperior|par\n|\n|upkeep\n|turn|2\n|\n|t:|1700585436\n|move|p1a: Serperior|Leaf Storm|p2a: Ferrothorn\n|-resisted|p2a: Ferrothorn\n|-damage|p2a: Ferrothorn|90\/100 par\n|-boost|p1a: Serperior|spa|2\n|move|p2a: Ferrothorn|Knock Off|p1a: Serperior\n|-damage|p1a: Serperior|72\/100 par\n|-enditem|p1a: Serperior|Salac Berry|[from] move: Knock Off|[of] p2a: Ferrothorn\n|\n|-heal|p2a: Ferrothorn|96\/100 par|[from] item: Leftovers\n|upkeep\n|turn|3\n|\n|t:|1700585442\n|move|p1a: Serperior|Leaf Storm|p2a: Ferrothorn\n|-resisted|p2a: Ferrothorn\n|-damage|p2a: Ferrothorn|75\/100 par\n|-boost|p1a: Serperior|spa|2\n|move|p2a: Ferrothorn|Spikes|p1a: Serperior\n|-sidestart|p1: Tanner2008boi|Spikes\n|\n|-heal|p2a: Ferrothorn|81\/100 par|[from] item: Leftovers\n|upkeep\n|turn|4\n|\n|t:|1700585453\n|switch|p2a: Moltres|Moltres|100\/100\n|move|p1a: Serperior|Leaf Storm|p2a: Moltres\n|-resisted|p2a: Moltres\n|-damage|p2a: Moltres|63\/100\n|-boost|p1a: Serperior|spa|2\n|\n|upkeep\n|turn|5\n|\n|t:|1700585458\n|move|p2a: Moltres|Flamethrower|p1a: Serperior\n|-supereffective|p1a: Serperior\n|-damage|p1a: Serperior|0 fnt\n|faint|p1a: Serperior\n|\n|upkeep\n|\n|t:|1700585464\n|switch|p1a: Aggron|Aggron, M|100\/100\n|-damage|p1a: Aggron|88\/100|[from] Spikes\n|turn|6\n|inactive|Battle timer is ON: inactive players will automatically lose when time's up. (requested by sgzf)\n|\n|t:|1700585479\n|switch|p2a: Ferrothorn|Ferrothorn, F|81\/100 par\n|move|p1a: Aggron|Aqua Tail|p2a: Ferrothorn\n|-resisted|p2a: Ferrothorn\n|-damage|p2a: Ferrothorn|72\/100 par\n|-damage|p1a: Aggron|76\/100|[from] ability: Iron Barbs|[of] p2a: Ferrothorn\n|\n|-heal|p2a: Ferrothorn|78\/100 par|[from] item: Leftovers\n|upkeep\n|turn|7\n|\n|t:|1700585493\n|move|p2a: Ferrothorn|Thunder Wave|p1a: Aggron\n|-status|p1a: Aggron|par\n|move|p1a: Aggron|Dragon Tail|p2a: Ferrothorn\n|-resisted|p2a: Ferrothorn\n|-damage|p2a: Ferrothorn|72\/100 par\n|-damage|p1a: Aggron|64\/100 par|[from] ability: Iron Barbs|[of] p2a: Ferrothorn\n|drag|p2a: Moltres|Moltres|63\/100\n|\n|upkeep\n|turn|8\n|\n|t:|1700585507\n|switch|p2a: Ferrothorn|Ferrothorn, F|72\/100 par\n|cant|p1a: Aggron|par\n|\n|-heal|p2a: Ferrothorn|78\/100 par|[from] item: Leftovers\n|upkeep\n|turn|9\n|\n|t:|1700585512\n|move|p2a: Ferrothorn|Leech Seed|p1a: Aggron\n|-start|p1a: Aggron|move: Leech Seed\n|move|p1a: Aggron|Dragon Tail|p2a: Ferrothorn\n|-resisted|p2a: Ferrothorn\n|-damage|p2a: Ferrothorn|71\/100 par\n|-damage|p1a: Aggron|52\/100 par|[from] ability: Iron Barbs|[of] p2a: Ferrothorn\n|drag|p2a: Moltres|Moltres|63\/100\n|\n|-damage|p1a: Aggron|39\/100 par|[from] Leech Seed|[of] p2a: Moltres\n|-heal|p2a: Moltres|74\/100|[silent]\n|upkeep\n|turn|10\n|\n|t:|1700585523\n|switch|p2a: Ferrothorn|Ferrothorn, F|71\/100 par\n|move|p1a: Aggron|Heavy Slam|p2a: Ferrothorn\n|-resisted|p2a: Ferrothorn\n|-damage|p2a: Ferrothorn|59\/100 par\n|-damage|p1a: Aggron|27\/100 par|[from] ability: Iron Barbs|[of] p2a: Ferrothorn\n|\n|-heal|p2a: Ferrothorn|65\/100 par|[from] item: Leftovers\n|-damage|p1a: Aggron|15\/100 par|[from] Leech Seed|[of] p2a: Ferrothorn\n|-heal|p2a: Ferrothorn|77\/100 par|[silent]\n|upkeep\n|turn|11\n|\n|t:|1700585533\n|cant|p2a: Ferrothorn|par\n|cant|p1a: Aggron|par\n|\n|-heal|p2a: Ferrothorn|83\/100 par|[from] item: Leftovers\n|-damage|p1a: Aggron|3\/100 par|[from] Leech Seed|[of] p2a: Ferrothorn\n|-heal|p2a: Ferrothorn|95\/100 par|[silent]\n|upkeep\n|turn|12\n|\n|t:|1700585539\n|move|p2a: Ferrothorn|Spikes|p1a: Aggron\n|-sidestart|p1: Tanner2008boi|Spikes\n|cant|p1a: Aggron|par\n|\n|-heal|p2a: Ferrothorn|100\/100 par|[from] item: Leftovers\n|-damage|p1a: Aggron|0 fnt|[from] Leech Seed|[of] p2a: Ferrothorn\n|faint|p1a: Aggron\n|upkeep\n|\n|t:|1700585546\n|switch|p1a: Flygon|Flygon, F|100\/100\n|turn|13\n|\n|t:|1700585552\n|move|p1a: Flygon|Dragon Dance|p1a: Flygon\n|-boost|p1a: Flygon|atk|1\n|-boost|p1a: Flygon|spe|1\n|cant|p2a: Ferrothorn|par\n|\n|upkeep\n|turn|14\n|\n|t:|1700585571\n|move|p1a: Flygon|Dragon Dance|p1a: Flygon\n|-boost|p1a: Flygon|atk|1\n|-boost|p1a: Flygon|spe|1\n|move|p2a: Ferrothorn|Knock Off|p1a: Flygon\n|-damage|p1a: Flygon|72\/100\n|-enditem|p1a: Flygon|Expert Belt|[from] move: Knock Off|[of] p2a: Ferrothorn\n|\n|upkeep\n|turn|15\n|\n|t:|1700585580\n|switch|p2a: Corviknight|Corviknight, F|100\/100\n|-ability|p2a: Corviknight|Pressure\n|move|p1a: Flygon|Earthquake|p2a: Corviknight\n|-immune|p2a: Corviknight\n|\n|upkeep\n|turn|16\n|\n|t:|1700585587\n|move|p1a: Flygon|Dragon Claw|p2a: Corviknight\n|-resisted|p2a: Corviknight\n|-damage|p2a: Corviknight|76\/100\n|move|p2a: Corviknight|Iron Defense|p2a: Corviknight\n|-boost|p2a: Corviknight|def|2\n|\n|-heal|p2a: Corviknight|82\/100|[from] item: Leftovers\n|upkeep\n|turn|17\n|\n|t:|1700585593\n|switch|p1a: Raichu|Raichu, F|100\/100\n|-damage|p1a: Raichu|84\/100|[from] Spikes\n|move|p2a: Corviknight|Iron Defense|p2a: Corviknight\n|-boost|p2a: Corviknight|def|2\n|\n|-heal|p1a: Raichu|90\/100|[from] item: Leftovers\n|-heal|p2a: Corviknight|88\/100|[from] item: Leftovers\n|upkeep\n|turn|18\n|\n|t:|1700585605\n|switch|p2a: Garchomp|Garchomp, F|100\/100\n|move|p1a: Raichu|Discharge|p2a: Garchomp\n|-immune|p2a: Garchomp\n|\n|-heal|p1a: Raichu|96\/100|[from] item: Leftovers\n|upkeep\n|turn|19\n|\n|t:|1700585611\n|move|p1a: Raichu|Hidden Power|p2a: Garchomp\n|-supereffective|p2a: Garchomp\n|-damage|p2a: Garchomp|36\/100\n|move|p2a: Garchomp|Swords Dance|p2a: Garchomp\n|-boost|p2a: Garchomp|atk|2\n|\n|-heal|p1a: Raichu|100\/100|[from] item: Leftovers\n|upkeep\n|turn|20\n|\n|t:|1700585624\n|switch|p2a: Ferrothorn|Ferrothorn, F|100\/100 par\n|move|p1a: Raichu|Hidden Power|p2a: Ferrothorn\n|-damage|p2a: Ferrothorn|87\/100 par\n|\n|-heal|p2a: Ferrothorn|93\/100 par|[from] item: Leftovers\n|upkeep\n|turn|21\n|\n|t:|1700585629\n|move|p1a: Raichu|Nasty Plot|p1a: Raichu\n|-boost|p1a: Raichu|spa|2\n|move|p2a: Ferrothorn|Leech Seed|p1a: Raichu\n|-start|p1a: Raichu|move: Leech Seed\n|\n|-heal|p2a: Ferrothorn|99\/100 par|[from] item: Leftovers\n|-damage|p1a: Raichu|88\/100|[from] Leech Seed|[of] p2a: Ferrothorn\n|-heal|p2a: Ferrothorn|100\/100 par|[silent]\n|upkeep\n|turn|22\n|\n|t:|1700585635\n|move|p1a: Raichu|Hidden Power|p2a: Ferrothorn\n|-damage|p2a: Ferrothorn|71\/100 par\n|move|p2a: Ferrothorn|Knock Off|p1a: Raichu\n|-damage|p1a: Raichu|39\/100\n|-enditem|p1a: Raichu|Leftovers|[from] move: Knock Off|[of] p2a: Ferrothorn\n|\n|-heal|p2a: Ferrothorn|77\/100 par|[from] item: Leftovers\n|-damage|p1a: Raichu|27\/100|[from] Leech Seed|[of] p2a: Ferrothorn\n|-heal|p2a: Ferrothorn|87\/100 par|[silent]\n|upkeep\n|turn|23\n|\n|t:|1700585641\n|move|p1a: Raichu|Discharge|p2a: Ferrothorn\n|-resisted|p2a: Ferrothorn\n|-damage|p2a: Ferrothorn|59\/100 par\n|move|p2a: Ferrothorn|Spikes|p1a: Raichu\n|-sidestart|p1: Tanner2008boi|Spikes\n|\n|-heal|p2a: Ferrothorn|65\/100 par|[from] item: Leftovers\n|-damage|p1a: Raichu|15\/100|[from] Leech Seed|[of] p2a: Ferrothorn\n|-heal|p2a: Ferrothorn|74\/100 par|[silent]\n|upkeep\n|turn|24\n|\n|t:|1700585649\n|move|p1a: Raichu|Discharge|p2a: Ferrothorn\n|-resisted|p2a: Ferrothorn\n|-damage|p2a: Ferrothorn|46\/100 par\n|cant|p2a: Ferrothorn|par\n|\n|-heal|p2a: Ferrothorn|52\/100 par|[from] item: Leftovers\n|-damage|p1a: Raichu|2\/100|[from] Leech Seed|[of] p2a: Ferrothorn\n|-heal|p2a: Ferrothorn|61\/100 par|[silent]\n|upkeep\n|turn|25\n|\n|t:|1700585653\n|move|p1a: Raichu|Discharge|p2a: Ferrothorn\n|-resisted|p2a: Ferrothorn\n|-damage|p2a: Ferrothorn|33\/100 par\n|move|p2a: Ferrothorn|Knock Off|p1a: Raichu\n|-damage|p1a: Raichu|0 fnt\n|faint|p1a: Raichu\n|\n|-heal|p2a: Ferrothorn|39\/100 par|[from] item: Leftovers\n|upkeep\n|\n|t:|1700585667\n|switch|p1a: Nidoqueen|Nidoqueen, F|100\/100\n|-damage|p1a: Nidoqueen|76\/100|[from] Spikes\n|turn|26\n|\n|t:|1700585674\n|move|p2a: Ferrothorn|Leech Seed|p1a: Nidoqueen\n|-start|p1a: Nidoqueen|move: Leech Seed\n|move|p1a: Nidoqueen|Avalanche|p2a: Ferrothorn\n|-damage|p2a: Ferrothorn|30\/100 par\n|-damage|p1a: Nidoqueen|63\/100|[from] ability: Iron Barbs|[of] p2a: Ferrothorn\n|\n|-heal|p2a: Ferrothorn|36\/100 par|[from] item: Leftovers\n|-damage|p1a: Nidoqueen|51\/100|[from] Leech Seed|[of] p2a: Ferrothorn\n|-heal|p2a: Ferrothorn|48\/100 par|[silent]\n|upkeep\n|turn|27\n|\n|t:|1700585684\n|move|p2a: Ferrothorn|Knock Off|p1a: Nidoqueen\n|-damage|p1a: Nidoqueen|26\/100\n|-enditem|p1a: Nidoqueen|Choice Scarf|[from] move: Knock Off|[of] p2a: Ferrothorn\n|move|p1a: Nidoqueen|Avalanche|p2a: Ferrothorn\n|-crit|p2a: Ferrothorn\n|-damage|p2a: Ferrothorn|18\/100 par\n|-damage|p1a: Nidoqueen|13\/100|[from] ability: Iron Barbs|[of] p2a: Ferrothorn\n|\n|-heal|p2a: Ferrothorn|24\/100 par|[from] item: Leftovers\n|-damage|p1a: Nidoqueen|1\/100|[from] Leech Seed|[of] p2a: Ferrothorn\n|-heal|p2a: Ferrothorn|36\/100 par|[silent]\n|upkeep\n|turn|28\n|-message|Tanner2008boi forfeited.\n|\n|win|sgzf\n|raw|Tanner2008boi's rating: 1228 &rarr; <strong>1204<\/strong><br \/>(-24 for losing)\n|raw|sgzf's rating: 1237 &rarr; <strong>1261<\/strong><br \/>(+24 for winning)\n|l|\u2606Tanner2008boi\n","uploadtime":1700585701,"views":0,"p1id":"tanner2008boi","p2id":"sgzf","formatid":"gen9nationaldex","rating":1204,"private":0,"password":""}