{"id":"gen9nationaldex-1997993569","p1":"Mr300Milesof","p2":"cb der","format":"[Gen 9] National Dex","log":"|html|<div class=\"broadcast-blue\"><strong>[Gen 9] National Dex is currently suspecting Sneasler! For information on how to participate check out the <a href=\"https:\/\/www.smogon.com\/forums\/threads\/sv-national-dex-suspect-8-just-dance.3731534\/\">suspect thread<\/a>.<\/strong><\/div>\n|j|\u2606Mr300Milesof\n|j|\u2606cb der\n|t:|1700876504\n|gametype|singles\n|player|p1|Mr300Milesof|acerola|1341\n|player|p2|cb der|iono|1451\n|teamsize|p1|6\n|teamsize|p2|6\n|gen|9\n|tier|[Gen 9] National Dex\n|rated|\n|rule|HP Percentage Mod: HP is shown in percentages\n|rule|Endless Battle Clause: Forcing endless battles is banned\n|rule|OHKO Clause: OHKO moves are banned\n|rule|Evasion Clause: Evasion abilities, items, and moves are banned\n|rule|Evasion Abilities Clause: Evasion abilities are banned\n|rule|Evasion Items Clause: Evasion items are banned\n|rule|Evasion Moves Clause: Evasion moves are banned\n|rule|Species Clause: Limit one of each Pok\u00e9mon\n|rule|Sleep Clause Mod: Limit one foe put to sleep\n|clearpoke\n|poke|p1|Vileplume, F|\n|poke|p1|Tapu Fini|\n|poke|p1|Mew|\n|poke|p1|Gliscor, M|\n|poke|p1|Galvantula, M|\n|poke|p1|Ogerpon-Cornerstone, F|\n|poke|p2|Lopunny, F|\n|poke|p2|Shuckle, F|\n|poke|p2|Meowscarada, F|\n|poke|p2|Kartana|\n|poke|p2|Nidoking, M|\n|poke|p2|Sneasler, F|\n|teampreview\n|\n|t:|1700876521\n|start\n|switch|p1a: Tapu Fini|Tapu Fini|100\/100\n|switch|p2a: Sneasler|Sneasler, F|100\/100\n|-fieldstart|move: Misty Terrain|[from] ability: Misty Surge|[of] p1a: Tapu Fini\n|turn|1\n|\n|t:|1700876528\n|switch|p1a: Vileplume|Vileplume, F|100\/100\n|move|p2a: Sneasler|Swords Dance|p2a: Sneasler\n|-boost|p2a: Sneasler|atk|2\n|\n|upkeep\n|turn|2\n|\n|t:|1700876538\n|move|p2a: Sneasler|Dire Claw|p1a: Vileplume\n|-damage|p1a: Vileplume|33\/100\n|-damage|p2a: Sneasler|84\/100|[from] item: Rocky Helmet|[of] p1a: Vileplume\n|move|p1a: Vileplume|Strength Sap|p2a: Sneasler\n|-unboost|p2a: Sneasler|atk|1\n|-heal|p1a: Vileplume|100\/100\n|\n|upkeep\n|turn|3\n|\n|t:|1700876549\n|move|p2a: Sneasler|Swords Dance|p2a: Sneasler\n|-boost|p2a: Sneasler|atk|2\n|move|p1a: Vileplume|Strength Sap|p2a: Sneasler\n|-unboost|p2a: Sneasler|atk|1\n|\n|upkeep\n|turn|4\n|\n|t:|1700876553\n|move|p2a: Sneasler|Close Combat|p1a: Vileplume\n|-resisted|p1a: Vileplume\n|-damage|p1a: Vileplume|48\/100\n|-unboost|p2a: Sneasler|def|1\n|-unboost|p2a: Sneasler|spd|1\n|-damage|p2a: Sneasler|67\/100|[from] item: Rocky Helmet|[of] p1a: Vileplume\n|-enditem|p2a: Sneasler|White Herb\n|-clearnegativeboost|p2a: Sneasler|[silent]\n|move|p1a: Vileplume|Sludge Bomb|p2a: Sneasler\n|-resisted|p2a: Sneasler\n|-damage|p2a: Sneasler|45\/100\n|\n|upkeep\n|turn|5\n|\n|t:|1700876562\n|switch|p1a: Gliscor|Gliscor, M|100\/100\n|move|p2a: Sneasler|Acrobatics|p1a: Gliscor\n|-damage|p1a: Gliscor|36\/100\n|\n|-fieldend|Misty Terrain\n|-status|p1a: Gliscor|tox|[from] item: Toxic Orb\n|upkeep\n|turn|6\n|\n|t:|1700876570\n|move|p1a: Gliscor|Protect|p1a: Gliscor\n|-singleturn|p1a: Gliscor|Protect\n|move|p2a: Sneasler|Acrobatics|p1a: Gliscor\n|-activate|p1a: Gliscor|move: Protect\n|\n|-heal|p1a: Gliscor|48\/100 tox|[from] ability: Poison Heal\n|upkeep\n|turn|7\n|\n|t:|1700876581\n|switch|p1a: fetus|Mew|100\/100\n|move|p2a: Sneasler|Acrobatics|p1a: fetus\n|-damage|p1a: fetus|40\/100\n|\n|upkeep\n|turn|8\n|\n|t:|1700876588\n|move|p2a: Sneasler|Dire Claw|p1a: fetus\n|-damage|p1a: fetus|0 fnt\n|faint|p1a: fetus\n|\n|upkeep\n|\n|t:|1700876594\n|switch|p1a: Galvantula|Galvantula, M|100\/100\n|turn|9\n|\n|t:|1700876597\n|move|p2a: Sneasler|Dire Claw|p1a: Galvantula\n|-enditem|p1a: Galvantula|Focus Sash\n|-damage|p1a: Galvantula|1\/100\n|move|p1a: Galvantula|Thunder|p2a: Sneasler|[miss]\n|-miss|p1a: Galvantula|p2a: Sneasler\n|\n|upkeep\n|turn|10\n|\n|t:|1700876603\n|move|p2a: Sneasler|Dire Claw|p1a: Galvantula\n|-damage|p1a: Galvantula|0 fnt\n|faint|p1a: Galvantula\n|\n|upkeep\n|\n|t:|1700876606\n|switch|p1a: Tapu Fini|Tapu Fini|100\/100\n|-fieldstart|move: Misty Terrain|[from] ability: Misty Surge|[of] p1a: Tapu Fini\n|turn|11\n|\n|t:|1700876610\n|-terastallize|p1a: Tapu Fini|Fire\n|move|p2a: Sneasler|Dire Claw|p1a: Tapu Fini\n|-damage|p1a: Tapu Fini|11\/100\n|move|p1a: Tapu Fini|Moonblast|p2a: Sneasler\n|-damage|p2a: Sneasler|0 fnt\n|faint|p2a: Sneasler\n|\n|upkeep\n|\n|t:|1700876638\n|switch|p2a: Nidoking|Nidoking, M|100\/100\n|turn|12\n|\n|t:|1700876643\n|switch|p1a: Vileplume|Vileplume, F|48\/100\n|move|p2a: Nidoking|Earth Power|p1a: Vileplume\n|-damage|p1a: Vileplume|0 fnt\n|faint|p1a: Vileplume\n|\n|upkeep\n|\n|t:|1700876651\n|switch|p1a: Tapu Fini|Tapu Fini, tera:Fire|11\/100\n|turn|13\n|\n|t:|1700876655\n|move|p1a: Tapu Fini|Surf|p2a: Nidoking\n|-supereffective|p2a: Nidoking\n|-damage|p2a: Nidoking|0 fnt\n|faint|p2a: Nidoking\n|\n|upkeep\n|\n|t:|1700876661\n|switch|p2a: Meowscarada|Meowscarada, F|100\/100\n|turn|14\n|\n|t:|1700876666\n|switch|p1a: Gliscor|Gliscor, M|48\/100 tox\n|move|p2a: Meowscarada|Knock Off|p1a: Gliscor\n|-damage|p1a: Gliscor|12\/100 tox\n|-enditem|p1a: Gliscor|Toxic Orb|[from] move: Knock Off|[of] p2a: Meowscarada\n|\n|-heal|p1a: Gliscor|24\/100 tox|[from] ability: Poison Heal\n|upkeep\n|turn|15\n|\n|t:|1700876676\n|move|p1a: Gliscor|Protect|p1a: Gliscor\n|-singleturn|p1a: Gliscor|Protect\n|move|p2a: Meowscarada|Flower Trick|p1a: Gliscor\n|-activate|p1a: Gliscor|move: Protect\n|\n|-heal|p1a: Gliscor|36\/100 tox|[from] ability: Poison Heal\n|-fieldend|Misty Terrain\n|upkeep\n|turn|16\n|\n|t:|1700876682\n|move|p2a: Meowscarada|Flower Trick|p1a: Gliscor\n|-crit|p1a: Gliscor\n|-damage|p1a: Gliscor|0 fnt\n|faint|p1a: Gliscor\n|\n|upkeep\n|\n|t:|1700876684\n|switch|p1a: Tapu Fini|Tapu Fini, tera:Fire|11\/100\n|-fieldstart|move: Misty Terrain|[from] ability: Misty Surge|[of] p1a: Tapu Fini\n|turn|17\n|\n|t:|1700876689\n|move|p2a: Meowscarada|Sucker Punch|p1a: Tapu Fini\n|-damage|p1a: Tapu Fini|0 fnt\n|faint|p1a: Tapu Fini\n|\n|upkeep\n|-message|Mr300Milesof forfeited.\n|\n|win|cb der\n|raw|Mr300Milesof's rating: 1341 &rarr; <strong>1327<\/strong><br \/>(-14 for losing)\n|raw|cb der's rating: 1451 &rarr; <strong>1465<\/strong><br \/>(+14 for winning)\n|l|\u2606Mr300Milesof\n","uploadtime":1700876739,"views":6,"p1id":"mr300milesof","p2id":"cbder","formatid":"gen9nationaldex","rating":1327,"private":0,"password":""}