{"id":"gen9nationaldex-1993408404","p1":"ShinyScarfy","p2":"Graved","format":"[Gen 9] National Dex","log":"|j|\u2606ShinyScarfy\n|j|\u2606Graved\n|t:|1700313847\n|gametype|singles\n|player|p1|ShinyScarfy|alec-anime|1290\n|player|p2|Graved|cheryl|1316\n|teamsize|p1|6\n|teamsize|p2|6\n|gen|9\n|tier|[Gen 9] National Dex\n|rated|\n|rule|HP Percentage Mod: HP is shown in percentages\n|rule|Endless Battle Clause: Forcing endless battles is banned\n|rule|OHKO Clause: OHKO moves are banned\n|rule|Evasion Clause: Evasion abilities, items, and moves are banned\n|rule|Evasion Abilities Clause: Evasion abilities are banned\n|rule|Evasion Items Clause: Evasion items are banned\n|rule|Evasion Moves Clause: Evasion moves are banned\n|rule|Species Clause: Limit one of each Pok\u00e9mon\n|rule|Sleep Clause Mod: Limit one foe put to sleep\n|clearpoke\n|poke|p1|Zoroark-Hisui, M|\n|poke|p1|Togekiss, F|\n|poke|p1|Samurott-Hisui, M|\n|poke|p1|Gliscor, M|\n|poke|p1|Lopunny, F|\n|poke|p1|Goodra-Hisui, F|\n|poke|p2|Roserade, F|\n|poke|p2|Darmanitan, F|\n|poke|p2|Jellicent, F|\n|poke|p2|Bombirdier, M|\n|poke|p2|Landorus-Therian, M|\n|poke|p2|Scizor, M|\n|teampreview\n|inactive|Battle timer is ON: inactive players will automatically lose when time's up. (requested by ShinyScarfy)\n|inactive|Graved also wants the timer to be on.\n|inactive|ShinyScarfy has 120 seconds left.\n|\n|t:|1700313881\n|start\n|switch|p1a: Samurott|Samurott-Hisui, M|100\/100\n|switch|p2a: Roserade|Roserade, F, shiny|100\/100\n|turn|1\n|\n|t:|1700313894\n|move|p1a: Samurott|Ceaseless Edge|p2a: Roserade|[miss]\n|-miss|p1a: Samurott|p2a: Roserade\n|move|p2a: Roserade|Giga Drain|p1a: Samurott\n|-supereffective|p1a: Samurott\n|-damage|p1a: Samurott|0 fnt\n|faint|p1a: Samurott\n|\n|upkeep\n|\n|t:|1700313903\n|switch|p1a: Togekiss|Togekiss, F|100\/100\n|turn|2\n|\n|t:|1700313907\n|move|p2a: Roserade|Sludge Bomb|p1a: Togekiss\n|-supereffective|p1a: Togekiss\n|-damage|p1a: Togekiss|40\/100\n|move|p1a: Togekiss|Air Slash|p2a: Roserade\n|-supereffective|p2a: Roserade\n|-damage|p2a: Roserade|29\/100\n|\n|upkeep\n|turn|3\n|\n|t:|1700313915\n|switch|p1a: Goodra|Goodra-Hisui, F|100\/100\n|move|p2a: Roserade|Sludge Bomb|p1a: Goodra\n|-immune|p1a: Goodra\n|\n|upkeep\n|turn|4\n|\n|t:|1700313921\n|switch|p2a: Landorus|Landorus-Therian, M|100\/100\n|-ability|p2a: Landorus|Intimidate|boost\n|-unboost|p1a: Goodra|atk|1\n|move|p1a: Goodra|Flash Cannon|p2a: Landorus\n|-damage|p2a: Landorus|53\/100\n|-unboost|p2a: Landorus|spd|1\n|\n|upkeep\n|turn|5\n|\n|t:|1700313935\n|move|p2a: Landorus|Stealth Rock|p1a: Goodra\n|-sidestart|p1: ShinyScarfy|move: Stealth Rock\n|move|p1a: Goodra|Surf|p2a: Landorus\n|-supereffective|p2a: Landorus\n|-damage|p2a: Landorus|0 fnt\n|faint|p2a: Landorus\n|\n|upkeep\n|\n|t:|1700313942\n|switch|p2a: Darmanitan|Darmanitan, F, shiny|100\/100\n|turn|6\n|\n|t:|1700313951\n|-terastallize|p2a: Darmanitan|Fire\n|-terastallize|p1a: Goodra|Water\n|move|p2a: Darmanitan|Flare Blitz|p1a: Goodra\n|-resisted|p1a: Goodra\n|-damage|p1a: Goodra|56\/100\n|-damage|p2a: Darmanitan|88\/100|[from] Recoil\n|move|p1a: Goodra|Surf|p2a: Darmanitan\n|-supereffective|p2a: Darmanitan\n|-crit|p2a: Darmanitan\n|-damage|p2a: Darmanitan|0 fnt\n|faint|p2a: Darmanitan\n|\n|upkeep\n|\n|t:|1700313962\n|switch|p2a: Roserade|Roserade, F, shiny|29\/100\n|turn|7\n|\n|t:|1700313965\n|move|p2a: Roserade|Giga Drain|p1a: Goodra\n|-ability|p1a: Goodra|Sap Sipper|boost\n|-boost|p1a: Goodra|atk|1\n|move|p1a: Goodra|Flash Cannon|p2a: Roserade\n|-damage|p2a: Roserade|0 fnt\n|faint|p2a: Roserade\n|\n|upkeep\n|\n|t:|1700313973\n|switch|p2a: Scizor|Scizor, M|100\/100\n|turn|8\n|\n|t:|1700313979\n|detailschange|p2a: Scizor|Scizor-Mega, M\n|-mega|p2a: Scizor|Scizor|Scizorite\n|move|p2a: Scizor|Swords Dance|p2a: Scizor\n|-boost|p2a: Scizor|atk|2\n|move|p1a: Goodra|Surf|p2a: Scizor\n|-damage|p2a: Scizor|60\/100\n|\n|upkeep\n|turn|9\n|\n|t:|1700313987\n|move|p2a: Scizor|Close Combat|p1a: Goodra\n|-damage|p1a: Goodra|0 fnt\n|-unboost|p2a: Scizor|def|1\n|-unboost|p2a: Scizor|spd|1\n|faint|p1a: Goodra\n|\n|upkeep\n|\n|t:|1700314006\n|switch|p1a: Gliscor|Gliscor, M|100\/100\n|-damage|p1a: Gliscor|88\/100|[from] Stealth Rock\n|turn|10\n|\n|t:|1700314011\n|switch|p2a: Bombirdier|Bombirdier, M|100\/100\n|move|p1a: Gliscor|Earthquake|p2a: Bombirdier\n|-immune|p2a: Bombirdier\n|\n|-status|p1a: Gliscor|tox|[from] item: Toxic Orb\n|upkeep\n|turn|11\n|\n|t:|1700314021\n|move|p1a: Gliscor|Swords Dance|p1a: Gliscor\n|-boost|p1a: Gliscor|atk|2\n|move|p2a: Bombirdier|Knock Off|p1a: Gliscor\n|-damage|p1a: Gliscor|50\/100 tox\n|-enditem|p1a: Gliscor|Toxic Orb|[from] move: Knock Off|[of] p2a: Bombirdier\n|\n|-heal|p1a: Gliscor|62\/100 tox|[from] ability: Poison Heal\n|upkeep\n|turn|12\n|\n|t:|1700314032\n|move|p1a: Gliscor|Dual Wingbeat|p2a: Bombirdier|[miss]\n|-miss|p1a: Gliscor|p2a: Bombirdier\n|move|p2a: Bombirdier|Stone Edge|p1a: Gliscor\n|-damage|p1a: Gliscor|16\/100 tox\n|\n|-heal|p1a: Gliscor|28\/100 tox|[from] ability: Poison Heal\n|upkeep\n|turn|13\n|\n|t:|1700314039\n|move|p1a: Gliscor|Rock Slide|p2a: Bombirdier\n|-supereffective|p2a: Bombirdier\n|-damage|p2a: Bombirdier|0 fnt\n|faint|p2a: Bombirdier\n|\n|-heal|p1a: Gliscor|40\/100 tox|[from] ability: Poison Heal\n|upkeep\n|\n|t:|1700314047\n|switch|p2a: Jellicent|Jellicent, F, shiny|100\/100\n|turn|14\n|c|\u2606Graved|that misclick made me lose\n|\n|t:|1700314060\n|move|p1a: Gliscor|Earthquake|p2a: Jellicent\n|-crit|p2a: Jellicent\n|-damage|p2a: Jellicent|0 fnt\n|faint|p2a: Jellicent\n|\n|-heal|p1a: Gliscor|53\/100 tox|[from] ability: Poison Heal\n|upkeep\n|-message|Graved forfeited.\n|\n|win|ShinyScarfy\n|raw|ShinyScarfy's rating: 1290 &rarr; <strong>1317<\/strong><br \/>(+27 for winning)\n|raw|Graved's rating: 1316 &rarr; <strong>1295<\/strong><br \/>(-21 for losing)\n|l|\u2606Graved\n","uploadtime":1700314119,"views":6,"p1id":"shinyscarfy","p2id":"graved","formatid":"gen9nationaldex","rating":1295,"private":0,"password":""}