{"id":"gen9nationaldex-1987636192","p1":"fengfengzuikeai","p2":"TheZilla07","format":"[Gen 9] National Dex","log":"|j|\u2606fengfengzuikeai\n|j|\u2606TheZilla07\n|t:|1699622414\n|gametype|singles\n|player|p1|fengfengzuikeai|2|1669\n|player|p2|TheZilla07|petrel|1627\n|teamsize|p1|6\n|teamsize|p2|6\n|gen|9\n|tier|[Gen 9] National Dex\n|rated|\n|rule|HP Percentage Mod: HP is shown in percentages\n|rule|Endless Battle Clause: Forcing endless battles is banned\n|rule|OHKO Clause: OHKO moves are banned\n|rule|Evasion Clause: Evasion abilities, items, and moves are banned\n|rule|Evasion Abilities Clause: Evasion abilities are banned\n|rule|Evasion Items Clause: Evasion items are banned\n|rule|Evasion Moves Clause: Evasion moves are banned\n|rule|Species Clause: Limit one of each Pok\u00e9mon\n|rule|Sleep Clause Mod: Limit one foe put to sleep\n|clearpoke\n|poke|p1|Urshifu-*, M|\n|poke|p1|Garchomp, M|\n|poke|p1|Zapdos|\n|poke|p1|Blaziken, F|\n|poke|p1|Rillaboom, F|\n|poke|p1|Slowking, M|\n|poke|p2|Mandibuzz, F|\n|poke|p2|Slowking, M|\n|poke|p2|Beedrill, F|\n|poke|p2|Skeledirge, F|\n|poke|p2|Tapu Koko|\n|poke|p2|Kyurem|\n|teampreview\n|c|\u2606TheZilla07|Glhf\n|\n|t:|1699622445\n|start\n|switch|p1a: Urshifu|Urshifu-Rapid-Strike, M|100\/100\n|switch|p2a: Beenis|Beedrill, F|100\/100\n|turn|1\n|\n|t:|1699622450\n|detailschange|p2a: Beenis|Beedrill-Mega, F\n|-mega|p2a: Beenis|Beedrill|Beedrillite\n|move|p1a: Urshifu|U-turn|p2a: Beenis\n|-resisted|p2a: Beenis\n|-damage|p2a: Beenis|69\/100\n|\n|t:|1699622454\n|switch|p1a: Zapdos|Zapdos|100\/100|[from] U-turn\n|move|p2a: Beenis|U-turn|p1a: Zapdos\n|-resisted|p1a: Zapdos\n|-damage|p1a: Zapdos|72\/100\n|\n|t:|1699622460\n|switch|p2a: The Middle Child|Kyurem|100\/100|[from] U-turn\n|-ability|p2a: The Middle Child|Pressure\n|\n|upkeep\n|turn|2\n|\n|t:|1699622468\n|move|p2a: The Middle Child|Substitute|p2a: The Middle Child\n|-start|p2a: The Middle Child|Substitute\n|-damage|p2a: The Middle Child|76\/100\n|move|p1a: Zapdos|Volt Switch|p2a: The Middle Child\n|-resisted|p2a: The Middle Child\n|-activate|p2a: The Middle Child|move: Substitute|[damage]\n|\n|t:|1699622473\n|switch|p1a: Urshifu|Urshifu-Rapid-Strike, M|100\/100|[from] Volt Switch\n|\n|-heal|p2a: The Middle Child|82\/100|[from] item: Leftovers\n|upkeep\n|turn|3\n|\n|t:|1699622478\n|-terastallize|p1a: Urshifu|Water\n|move|p1a: Urshifu|Surging Strikes|p2a: The Middle Child\n|-resisted|p2a: The Middle Child\n|-crit|p2a: The Middle Child\n|-end|p2a: The Middle Child|Substitute\n|-resisted|p2a: The Middle Child\n|-crit|p2a: The Middle Child\n|-damage|p2a: The Middle Child|68\/100\n|-resisted|p2a: The Middle Child\n|-crit|p2a: The Middle Child\n|-damage|p2a: The Middle Child|57\/100\n|-hitcount|p2a: The Middle Child|3\n|move|p2a: The Middle Child|Substitute|p2a: The Middle Child\n|-start|p2a: The Middle Child|Substitute\n|-damage|p2a: The Middle Child|32\/100\n|\n|-heal|p2a: The Middle Child|38\/100|[from] item: Leftovers\n|upkeep\n|turn|4\n|\n|t:|1699622487\n|move|p1a: Urshifu|Surging Strikes|p2a: The Middle Child\n|-resisted|p2a: The Middle Child\n|-crit|p2a: The Middle Child\n|-activate|p2a: The Middle Child|move: Substitute|[damage]\n|-resisted|p2a: The Middle Child\n|-crit|p2a: The Middle Child\n|-end|p2a: The Middle Child|Substitute\n|-resisted|p2a: The Middle Child\n|-crit|p2a: The Middle Child\n|-damage|p2a: The Middle Child|25\/100\n|-hitcount|p2a: The Middle Child|3\n|move|p2a: The Middle Child|Dragon Dance|p2a: The Middle Child\n|-boost|p2a: The Middle Child|atk|1\n|-boost|p2a: The Middle Child|spe|1\n|\n|-heal|p2a: The Middle Child|31\/100|[from] item: Leftovers\n|upkeep\n|turn|5\n|\n|t:|1699622509\n|move|p1a: Urshifu|Surging Strikes|p2a: The Middle Child\n|-resisted|p2a: The Middle Child\n|-crit|p2a: The Middle Child\n|-damage|p2a: The Middle Child|19\/100\n|-resisted|p2a: The Middle Child\n|-crit|p2a: The Middle Child\n|-damage|p2a: The Middle Child|8\/100\n|-resisted|p2a: The Middle Child\n|-crit|p2a: The Middle Child\n|-damage|p2a: The Middle Child|0 fnt\n|faint|p2a: The Middle Child\n|-hitcount|p2: The Middle Child|3\n|\n|upkeep\n|\n|t:|1699622513\n|switch|p2a: Comedian|Slowking, M|100\/100\n|turn|6\n|\n|t:|1699622518\n|switch|p1a: Slowking|Slowking, M|100\/100\n|move|p2a: Comedian|Scald|p1a: Slowking\n|-resisted|p1a: Slowking\n|-damage|p1a: Slowking|93\/100\n|\n|upkeep\n|turn|7\n|\n|t:|1699622527\n|move|p1a: Slowking|Toxic|p2a: Comedian\n|-status|p2a: Comedian|tox\n|move|p2a: Comedian|Chilly Reception|p2a: Comedian\n|-weather|Snow\n|\n|t:|1699622531\n|switch|p2a: Beenis|Beedrill-Mega, F|69\/100|[from] Chilly Reception\n|\n|-weather|Snow|[upkeep]\n|upkeep\n|turn|8\n|\n|t:|1699622539\n|switch|p1a: Zapdos|Zapdos|72\/100\n|move|p2a: Beenis|Poison Jab|p1a: Zapdos\n|-damage|p1a: Zapdos|13\/100\n|\n|-weather|Snow|[upkeep]\n|upkeep\n|turn|9\n|\n|t:|1699622553\n|move|p2a: Beenis|Fell Stinger|p1a: Zapdos\n|-resisted|p1a: Zapdos\n|-damage|p1a: Zapdos|0 fnt\n|faint|p1a: Zapdos\n|-boost|p2a: Beenis|atk|3\n|\n|-weather|Snow|[upkeep]\n|upkeep\n|\n|t:|1699622557\n|switch|p1a: Urshifu|Urshifu-Rapid-Strike, M, tera:Water|100\/100\n|turn|10\n|\n|t:|1699622560\n|switch|p2a: Comedian|Slowking, M|100\/100 tox\n|move|p1a: Urshifu|Surging Strikes|p2a: Comedian\n|-resisted|p2a: Comedian\n|-crit|p2a: Comedian\n|-damage|p2a: Comedian|88\/100 tox\n|-resisted|p2a: Comedian\n|-crit|p2a: Comedian\n|-damage|p2a: Comedian|75\/100 tox\n|-resisted|p2a: Comedian\n|-crit|p2a: Comedian\n|-damage|p2a: Comedian|63\/100 tox\n|-hitcount|p2a: Comedian|3\n|\n|-weather|Snow|[upkeep]\n|-damage|p2a: Comedian|57\/100 tox|[from] psn\n|upkeep\n|turn|11\n|\n|t:|1699622565\n|move|p1a: Urshifu|Surging Strikes|p2a: Comedian\n|-resisted|p2a: Comedian\n|-crit|p2a: Comedian\n|-damage|p2a: Comedian|44\/100 tox\n|-resisted|p2a: Comedian\n|-crit|p2a: Comedian\n|-damage|p2a: Comedian|31\/100 tox\n|-resisted|p2a: Comedian\n|-crit|p2a: Comedian\n|-damage|p2a: Comedian|19\/100 tox\n|-hitcount|p2a: Comedian|3\n|move|p2a: Comedian|Chilly Reception|p2a: Comedian\n|\n|t:|1699622568\n|switch|p2a: Florida Man|Skeledirge, F|100\/100|[from] Chilly Reception\n|\n|-weather|none\n|upkeep\n|turn|12\n|\n|t:|1699622575\n|switch|p1a: Slowking|Slowking, M|100\/100\n|-terastallize|p2a: Florida Man|Fairy\n|move|p2a: Florida Man|Will-O-Wisp|p1a: Slowking\n|-status|p1a: Slowking|brn\n|\n|-damage|p1a: Slowking|94\/100 brn|[from] brn\n|upkeep\n|turn|13\n|\n|t:|1699622580\n|switch|p2a: Comedian|Slowking, M|52\/100 tox\n|move|p1a: Slowking|Chilly Reception|p1a: Slowking\n|-weather|Snow\n|\n|t:|1699622583\n|switch|p1a: Rillaboom|Rillaboom, F|100\/100|[from] Chilly Reception\n|-fieldstart|move: Grassy Terrain|[from] ability: Grassy Surge|[of] p1a: Rillaboom\n|\n|-weather|Snow|[upkeep]\n|-heal|p2a: Comedian|58\/100 tox|[from] Grassy Terrain\n|-damage|p2a: Comedian|52\/100 tox|[from] psn\n|upkeep\n|turn|14\n|\n|t:|1699622587\n|switch|p2a: The End Of Time|Mandibuzz, F|100\/100\n|move|p1a: Rillaboom|U-turn|p2a: The End Of Time\n|-damage|p2a: The End Of Time|86\/100\n|\n|t:|1699622590\n|switch|p1a: Garchomp|Garchomp, M|100\/100|[from] U-turn\n|\n|-weather|Snow|[upkeep]\n|upkeep\n|turn|15\n|\n|t:|1699622594\n|detailschange|p1a: Garchomp|Garchomp-Mega, M\n|-mega|p1a: Garchomp|Garchomp|Garchompite\n|move|p1a: Garchomp|Draco Meteor|p2a: The End Of Time\n|-damage|p2a: The End Of Time|33\/100\n|-unboost|p1a: Garchomp|spa|2\n|move|p2a: The End Of Time|Foul Play|p1a: Garchomp\n|-damage|p1a: Garchomp|75\/100\n|\n|-weather|Snow|[upkeep]\n|-heal|p1a: Garchomp|81\/100|[from] Grassy Terrain\n|upkeep\n|turn|16\n|\n|t:|1699622602\n|move|p1a: Garchomp|Draco Meteor|p2a: The End Of Time\n|-damage|p2a: The End Of Time|9\/100\n|-unboost|p1a: Garchomp|spa|2\n|move|p2a: The End Of Time|Roost|p2a: The End Of Time\n|-heal|p2a: The End Of Time|59\/100\n|-singleturn|p2a: The End Of Time|move: Roost\n|\n|-weather|Snow|[upkeep]\n|-heal|p1a: Garchomp|87\/100|[from] Grassy Terrain\n|-heal|p2a: The End Of Time|65\/100|[from] Grassy Terrain\n|upkeep\n|turn|17\n|\n|t:|1699622606\n|move|p1a: Garchomp|Stealth Rock|p2a: The End Of Time\n|-sidestart|p2: TheZilla07|move: Stealth Rock\n|move|p2a: The End Of Time|Foul Play|p1a: Garchomp\n|-damage|p1a: Garchomp|64\/100\n|\n|-weather|none\n|-heal|p1a: Garchomp|70\/100|[from] Grassy Terrain\n|-fieldend|move: Grassy Terrain\n|upkeep\n|turn|18\n|\n|t:|1699622609\n|switch|p1a: Urshifu|Urshifu-Rapid-Strike, M, tera:Water|100\/100\n|move|p2a: The End Of Time|Defog|p1a: Urshifu\n|-unboost|p1a: Urshifu|evasion|1\n|-sideend|p2: TheZilla07|Stealth Rock|[from] move: Defog|[of] p2a: The End Of Time\n|\n|upkeep\n|turn|19\n|\n|t:|1699622614\n|switch|p2a: Comedian|Slowking, M|85\/100 tox\n|move|p1a: Urshifu|U-turn|p2a: Comedian\n|-supereffective|p2a: Comedian\n|-damage|p2a: Comedian|38\/100 tox\n|\n|t:|1699622621\n|switch|p1a: Garchomp|Garchomp-Mega, M|70\/100|[from] U-turn\n|\n|-damage|p2a: Comedian|32\/100 tox|[from] psn\n|upkeep\n|turn|20\n|\n|t:|1699622627\n|move|p1a: Garchomp|Draco Meteor|p2a: Comedian\n|-damage|p2a: Comedian|0 fnt\n|-unboost|p1a: Garchomp|spa|2\n|faint|p2a: Comedian\n|\n|upkeep\n|\n|t:|1699622637\n|switch|p2a: Beenis|Beedrill-Mega, F|69\/100\n|turn|21\n|\n|t:|1699622642\n|move|p2a: Beenis|U-turn|p1a: Garchomp\n|-damage|p1a: Garchomp|39\/100\n|\n|t:|1699622644\n|switch|p2a: The End Of Time|Mandibuzz, F|65\/100|[from] U-turn\n|move|p1a: Garchomp|Fire Blast|p2a: The End Of Time\n|-damage|p2a: The End Of Time|50\/100\n|\n|upkeep\n|turn|22\n|\n|t:|1699622651\n|switch|p1a: Urshifu|Urshifu-Rapid-Strike, M, tera:Water|100\/100\n|move|p2a: The End Of Time|U-turn|p1a: Urshifu\n|-damage|p1a: Urshifu|89\/100\n|\n|t:|1699622654\n|switch|p2a: Florida Man|Skeledirge, F, tera:Fairy|100\/100|[from] U-turn\n|\n|upkeep\n|turn|23\n|\n|t:|1699622658\n|move|p1a: Urshifu|U-turn|p2a: Florida Man\n|-resisted|p2a: Florida Man\n|-damage|p2a: Florida Man|94\/100\n|\n|t:|1699622660\n|switch|p1a: Slowking|Slowking, M|100\/100 brn|[from] U-turn\n|move|p2a: Florida Man|Shadow Ball|p1a: Slowking\n|-supereffective|p1a: Slowking\n|-damage|p1a: Slowking|68\/100 brn\n|-unboost|p1a: Slowking|spd|1\n|\n|-damage|p1a: Slowking|62\/100 brn|[from] brn\n|upkeep\n|turn|24\n|\n|t:|1699622668\n|switch|p2a: Beenis|Beedrill-Mega, F|69\/100\n|move|p1a: Slowking|Chilly Reception|p1a: Slowking\n|-weather|Snow\n|\n|t:|1699622680\n|switch|p1a: Urshifu|Urshifu-Rapid-Strike, M, tera:Water|89\/100|[from] Chilly Reception\n|\n|-weather|Snow|[upkeep]\n|upkeep\n|turn|25\n|\n|t:|1699622683\n|switch|p2a: The End Of Time|Mandibuzz, F|50\/100\n|move|p1a: Urshifu|Ice Spinner|p2a: The End Of Time\n|-supereffective|p2a: The End Of Time\n|-damage|p2a: The End Of Time|20\/100\n|\n|-weather|Snow|[upkeep]\n|upkeep\n|turn|26\n|\n|t:|1699622689\n|switch|p2a: Florida Man|Skeledirge, F, tera:Fairy|94\/100\n|move|p1a: Urshifu|Ice Spinner|p2a: Florida Man\n|-crit|p2a: Florida Man\n|-damage|p2a: Florida Man|70\/100\n|\n|-weather|Snow|[upkeep]\n|upkeep\n|turn|27\n|\n|t:|1699622693\n|switch|p1a: Slowking|Slowking, M|95\/100 brn\n|move|p2a: Florida Man|Shadow Ball|p1a: Slowking\n|-supereffective|p1a: Slowking\n|-damage|p1a: Slowking|59\/100 brn\n|\n|-weather|Snow|[upkeep]\n|-damage|p1a: Slowking|53\/100 brn|[from] brn\n|upkeep\n|turn|28\n|\n|t:|1699622699\n|move|p2a: Florida Man|Shadow Ball|p1a: Slowking\n|-supereffective|p1a: Slowking\n|-damage|p1a: Slowking|20\/100 brn\n|-unboost|p1a: Slowking|spd|1\n|move|p1a: Slowking|Chilly Reception|p1a: Slowking\n|\n|t:|1699622707\n|switch|p1a: Garchomp|Garchomp-Mega, M|39\/100|[from] Chilly Reception\n|\n|-weather|none\n|upkeep\n|turn|29\n|j| spidercookie\n|\n|t:|1699622710\n|switch|p2a: The End Of Time|Mandibuzz, F|20\/100\n|move|p1a: Garchomp|Earth Power|p2a: The End Of Time\n|-immune|p2a: The End Of Time\n|\n|upkeep\n|turn|30\n|\n|t:|1699622714\n|move|p1a: Garchomp|Fire Blast|p2a: The End Of Time\n|-damage|p2a: The End Of Time|0 fnt\n|faint|p2a: The End Of Time\n|\n|upkeep\n|\n|t:|1699622719\n|switch|p2a: KOKO KRAZY|Tapu Koko|100\/100\n|-fieldstart|move: Electric Terrain|[from] ability: Electric Surge|[of] p2a: KOKO KRAZY\n|turn|31\n|\n|t:|1699622724\n|switch|p1a: Rillaboom|Rillaboom, F|100\/100\n|-fieldstart|move: Grassy Terrain|[from] ability: Grassy Surge|[of] p1a: Rillaboom\n|move|p2a: KOKO KRAZY|Dazzling Gleam|p1a: Rillaboom\n|-damage|p1a: Rillaboom|39\/100\n|\n|-heal|p1a: Rillaboom|46\/100|[from] Grassy Terrain\n|-heal|p1a: Rillaboom|52\/100|[from] item: Leftovers\n|upkeep\n|turn|32\n|\n|t:|1699622736\n|switch|p2a: Beenis|Beedrill-Mega, F|69\/100\n|move|p1a: Rillaboom|Grassy Glide|p2a: Beenis\n|-resisted|p2a: Beenis\n|-damage|p2a: Beenis|43\/100\n|\n|-heal|p2a: Beenis|49\/100|[from] Grassy Terrain\n|-heal|p1a: Rillaboom|58\/100|[from] Grassy Terrain\n|-heal|p1a: Rillaboom|64\/100|[from] item: Leftovers\n|upkeep\n|turn|33\n|\n|t:|1699622743\n|switch|p1a: Slowking|Slowking, M|53\/100 brn\n|move|p2a: Beenis|U-turn|p1a: Slowking\n|-supereffective|p1a: Slowking\n|-damage|p1a: Slowking|0 fnt\n|faint|p1a: Slowking\n|\n|t:|1699622745\n|switch|p2a: KOKO KRAZY|Tapu Koko|100\/100|[from] U-turn\n|-fieldstart|move: Electric Terrain|[from] ability: Electric Surge|[of] p2a: KOKO KRAZY\n|\n|upkeep\n|\n|t:|1699622758\n|switch|p1a: Blaziken|Blaziken, F|100\/100\n|turn|34\n|\n|t:|1699622763\n|switch|p2a: Florida Man|Skeledirge, F, tera:Fairy|70\/100\n|move|p1a: Blaziken|Protect||[still]\n|-fail|p1a: Blaziken\n|\n|-ability|p1a: Blaziken|Speed Boost|boost\n|-boost|p1a: Blaziken|spe|1\n|upkeep\n|turn|35\n|\n|t:|1699622772\n|move|p1a: Blaziken|Flare Blitz|p2a: Florida Man\n|-damage|p2a: Florida Man|33\/100\n|-damage|p1a: Blaziken|84\/100|[from] Recoil\n|move|p2a: Florida Man|Slack Off|p2a: Florida Man\n|-heal|p2a: Florida Man|83\/100\n|\n|-ability|p1a: Blaziken|Speed Boost|boost\n|-boost|p1a: Blaziken|spe|1\n|upkeep\n|turn|36\n|\n|t:|1699622776\n|move|p1a: Blaziken|Flare Blitz|p2a: Florida Man\n|-damage|p2a: Florida Man|46\/100\n|-damage|p1a: Blaziken|67\/100|[from] Recoil\n|move|p2a: Florida Man|Shadow Ball|p1a: Blaziken\n|-damage|p1a: Blaziken|19\/100\n|\n|-ability|p1a: Blaziken|Speed Boost|boost\n|-boost|p1a: Blaziken|spe|1\n|upkeep\n|turn|37\n|\n|t:|1699622780\n|-zpower|p1a: Blaziken\n|move|p1a: Blaziken|Inferno Overdrive|p2a: Florida Man|[zeffect]\n|-damage|p2a: Florida Man|0 fnt\n|faint|p2a: Florida Man\n|\n|-fieldend|move: Electric Terrain\n|-ability|p1a: Blaziken|Speed Boost|boost\n|-boost|p1a: Blaziken|spe|1\n|upkeep\n|\n|t:|1699622784\n|switch|p2a: KOKO KRAZY|Tapu Koko|100\/100\n|-fieldstart|move: Electric Terrain|[from] ability: Electric Surge|[of] p2a: KOKO KRAZY\n|turn|38\n|\n|t:|1699622789\n|move|p1a: Blaziken|Flare Blitz|p2a: KOKO KRAZY\n|-damage|p2a: KOKO KRAZY|2\/100\n|-damage|p1a: Blaziken|0 fnt|[from] Recoil\n|faint|p1a: Blaziken\n|move|p2a: KOKO KRAZY|Volt Switch|p1: Blaziken|[notarget]\n|-fail|p2a: KOKO KRAZY\n|\n|upkeep\n|\n|t:|1699622794\n|switch|p1a: Urshifu|Urshifu-Rapid-Strike, M, tera:Water|89\/100\n|turn|39\n|\n|t:|1699622801\n|move|p1a: Urshifu|U-turn|p2a: KOKO KRAZY\n|-resisted|p2a: KOKO KRAZY\n|-damage|p2a: KOKO KRAZY|0 fnt\n|faint|p2a: KOKO KRAZY\n|\n|t:|1699622803\n|switch|p1a: Garchomp|Garchomp-Mega, M|39\/100|[from] U-turn\n|\n|upkeep\n|\n|t:|1699622806\n|switch|p2a: Beenis|Beedrill-Mega, F|49\/100\n|turn|40\n|\n|t:|1699622810\n|move|p2a: Beenis|U-turn|p1a: Garchomp\n|-damage|p1a: Garchomp|8\/100\n|move|p1a: Garchomp|Earth Power|p2a: Beenis\n|-damage|p2a: Beenis|0 fnt\n|faint|p2a: Beenis\n|\n|win|fengfengzuikeai\n|raw|fengfengzuikeai's rating: 1669 &rarr; <strong>1687<\/strong><br \/>(+18 for winning)\n|raw|TheZilla07's rating: 1627 &rarr; <strong>1609<\/strong><br \/>(-18 for losing)\n","uploadtime":1699622815,"views":4,"p1id":"fengfengzuikeai","p2id":"thezilla07","formatid":"gen9nationaldex","rating":1609,"private":0,"password":""}