{"id":"gen9nationaldex-1988055348","p1":"eatmorerocks","p2":"Naissanlolz","format":"[Gen 9] National Dex","log":"|j|\u2606eatmorerocks\n|j|\u2606Naissanlolz\n|t:|1699664067\n|gametype|singles\n|player|p1|eatmorerocks|ghetsis-gen5bw|1146\n|player|p2|Naissanlolz|169|1235\n|teamsize|p1|6\n|teamsize|p2|6\n|gen|9\n|tier|[Gen 9] National Dex\n|rated|\n|rule|HP Percentage Mod: HP is shown in percentages\n|rule|Endless Battle Clause: Forcing endless battles is banned\n|rule|OHKO Clause: OHKO moves are banned\n|rule|Evasion Clause: Evasion abilities, items, and moves are banned\n|rule|Evasion Abilities Clause: Evasion abilities are banned\n|rule|Evasion Items Clause: Evasion items are banned\n|rule|Evasion Moves Clause: Evasion moves are banned\n|rule|Species Clause: Limit one of each Pok\u00e9mon\n|rule|Sleep Clause Mod: Limit one foe put to sleep\n|clearpoke\n|poke|p1|Jirachi|\n|poke|p1|Gliscor, M|\n|poke|p1|Blaziken, M|\n|poke|p1|Muk-Alola, M|\n|poke|p1|Primarina, F|\n|poke|p1|Rotom-Mow|\n|poke|p2|Sableye, F|\n|poke|p2|Ferrothorn, M|\n|poke|p2|Goodra-Hisui, F|\n|poke|p2|Gliscor, M|\n|poke|p2|Alakazam, M|\n|poke|p2|Rillaboom, F|\n|teampreview\n|inactive|Battle timer is ON: inactive players will automatically lose when time's up. (requested by Naissanlolz)\n|\n|t:|1699664079\n|start\n|switch|p1a: Rotom|Rotom-Mow|100\/100\n|switch|p2a: Sableye|Sableye, F|100\/100\n|turn|1\n|\n|t:|1699664085\n|detailschange|p2a: Sableye|Sableye-Mega, F\n|-mega|p2a: Sableye|Sableye|Sablenite\n|move|p1a: Rotom|Volt Switch|p2a: Sableye\n|-damage|p2a: Sableye|72\/100\n|\n|t:|1699664091\n|switch|p1a: Primarina|Primarina, F|100\/100|[from] Volt Switch\n|move|p2a: Sableye|Knock Off|p1a: Primarina\n|-resisted|p1a: Primarina\n|-damage|p1a: Primarina|82\/100\n|-enditem|p1a: Primarina|Leftovers|[from] move: Knock Off|[of] p2a: Sableye\n|\n|upkeep\n|turn|2\n|\n|t:|1699664098\n|switch|p2a: Ferrothorn|Ferrothorn, M|100\/100\n|move|p1a: Primarina|Ice Beam|p2a: Ferrothorn\n|-damage|p2a: Ferrothorn|75\/100\n|\n|-heal|p2a: Ferrothorn|81\/100|[from] item: Leftovers\n|upkeep\n|turn|3\n|\n|t:|1699664105\n|switch|p1a: Rotom|Rotom-Mow|100\/100\n|move|p2a: Ferrothorn|Stealth Rock|p1a: Rotom\n|-sidestart|p1: eatmorerocks|move: Stealth Rock\n|\n|-heal|p2a: Ferrothorn|87\/100|[from] item: Leftovers\n|upkeep\n|turn|4\n|\n|t:|1699664112\n|move|p1a: Rotom|Trick|p2a: Ferrothorn\n|-activate|p1a: Rotom|move: Trick|[of] p2a: Ferrothorn\n|-item|p2a: Ferrothorn|Choice Scarf|[from] move: Trick\n|-item|p1a: Rotom|Leftovers|[from] move: Trick\n|move|p2a: Ferrothorn|Spikes|p1a: Rotom\n|-sidestart|p1: eatmorerocks|Spikes\n|\n|upkeep\n|turn|5\n|\n|t:|1699664119\n|move|p1a: Rotom|Volt Switch|p2a: Ferrothorn\n|-resisted|p2a: Ferrothorn\n|-damage|p2a: Ferrothorn|76\/100\n|\n|t:|1699664122\n|switch|p1a: Gliscor|Gliscor, M|100\/100|[from] Volt Switch\n|-damage|p1a: Gliscor|88\/100|[from] Stealth Rock\n|move|p2a: Ferrothorn|Spikes|p1a: Gliscor\n|-sidestart|p1: eatmorerocks|Spikes\n|\n|-status|p1a: Gliscor|tox|[from] item: Toxic Orb\n|upkeep\n|turn|6\n|\n|t:|1699664138\n|switch|p2a: Sableye|Sableye-Mega, F|72\/100\n|move|p1a: Gliscor|Defog|p2a: Sableye\n|move|p2a: Sableye|Defog|p1a: Gliscor|[from]ability: Magic Bounce\n|-unboost|p1a: Gliscor|evasion|1\n|-sideend|p1: eatmorerocks|Spikes|[from] move: Defog|[of] p2a: Sableye\n|-sideend|p1: eatmorerocks|Stealth Rock|[from] move: Defog|[of] p2a: Sableye\n|\n|-heal|p1a: Gliscor|100\/100 tox|[from] ability: Poison Heal\n|upkeep\n|turn|7\n|\n|t:|1699664149\n|move|p1a: Gliscor|Earthquake|p2a: Sableye\n|-damage|p2a: Sableye|46\/100\n|move|p2a: Sableye|Will-O-Wisp||[still]\n|-fail|p2a: Sableye\n|\n|upkeep\n|turn|8\n|\n|t:|1699664155\n|move|p1a: Gliscor|Earthquake|p2a: Sableye\n|-damage|p2a: Sableye|21\/100\n|move|p2a: Sableye|Recover|p2a: Sableye\n|-heal|p2a: Sableye|71\/100\n|\n|upkeep\n|turn|9\n|\n|t:|1699664160\n|switch|p1a: Primarina|Primarina, F|82\/100\n|move|p2a: Sableye|Protect||[still]\n|-fail|p2a: Sableye\n|\n|upkeep\n|turn|10\n|\n|t:|1699664167\n|switch|p2a: Ferrothorn|Ferrothorn, M|76\/100\n|move|p1a: Primarina|Moonblast|p2a: Ferrothorn\n|-resisted|p2a: Ferrothorn\n|-damage|p2a: Ferrothorn|56\/100\n|\n|upkeep\n|turn|11\n|\n|t:|1699664171\n|switch|p1a: Jirachi|Jirachi, shiny|100\/100\n|move|p2a: Ferrothorn|Gyro Ball|p1a: Jirachi\n|-resisted|p1a: Jirachi\n|-damage|p1a: Jirachi|79\/100\n|\n|upkeep\n|turn|12\n|\n|t:|1699664176\n|switch|p2a: Gliscor|Gliscor, M|100\/100\n|move|p1a: Jirachi|Doom Desire|p2a: Gliscor\n|-start|p1a: Jirachi|Doom Desire\n|\n|-status|p2a: Gliscor|tox|[from] item: Toxic Orb\n|upkeep\n|turn|13\n|\n|t:|1699664187\n|switch|p1a: Gliscor|Gliscor, M|100\/100 tox\n|move|p2a: Gliscor|Earthquake|p1a: Gliscor\n|-immune|p1a: Gliscor\n|\n|upkeep\n|turn|14\n|\n|t:|1699664192\n|move|p1a: Gliscor|Knock Off|p2a: Gliscor\n|-damage|p2a: Gliscor|87\/100 tox\n|-enditem|p2a: Gliscor|Toxic Orb|[from] move: Knock Off|[of] p1a: Gliscor\n|move|p2a: Gliscor|Swords Dance|p2a: Gliscor\n|-boost|p2a: Gliscor|atk|2\n|\n|-end|p2a: Gliscor|move: Doom Desire\n|-damage|p2a: Gliscor|7\/100 tox\n|-heal|p2a: Gliscor|19\/100 tox|[from] ability: Poison Heal\n|upkeep\n|turn|15\n|\n|t:|1699664203\n|move|p1a: Gliscor|Knock Off|p2a: Gliscor\n|-damage|p2a: Gliscor|10\/100 tox\n|move|p2a: Gliscor|Knock Off|p1a: Gliscor\n|-damage|p1a: Gliscor|68\/100 tox\n|-enditem|p1a: Gliscor|Toxic Orb|[from] move: Knock Off|[of] p2a: Gliscor\n|\n|-heal|p1a: Gliscor|81\/100 tox|[from] ability: Poison Heal\n|-heal|p2a: Gliscor|22\/100 tox|[from] ability: Poison Heal\n|upkeep\n|turn|16\n|\n|t:|1699664209\n|switch|p1a: Blaziken|Blaziken, M|100\/100\n|move|p2a: Gliscor|Knock Off|p1a: Blaziken\n|-resisted|p1a: Blaziken\n|-damage|p1a: Blaziken|71\/100\n|-enditem|p1a: Blaziken|Focus Sash|[from] move: Knock Off|[of] p2a: Gliscor\n|\n|-heal|p2a: Gliscor|34\/100 tox|[from] ability: Poison Heal\n|upkeep\n|turn|17\n|\n|t:|1699664215\n|move|p1a: Blaziken|Blaze Kick|p2a: Gliscor|[miss]\n|-miss|p1a: Blaziken|p2a: Gliscor\n|move|p2a: Gliscor|Earthquake|p1a: Blaziken\n|-supereffective|p1a: Blaziken\n|-damage|p1a: Blaziken|0 fnt\n|faint|p1a: Blaziken\n|\n|-heal|p2a: Gliscor|47\/100 tox|[from] ability: Poison Heal\n|upkeep\n|-message|eatmorerocks forfeited.\n|\n|win|Naissanlolz\n|raw|eatmorerocks's rating: 1146 &rarr; <strong>1127<\/strong><br \/>(-19 for losing)\n|raw|Naissanlolz's rating: 1235 &rarr; <strong>1254<\/strong><br \/>(+19 for winning)\n|l|\u2606eatmorerocks\n|c|\u2606Naissanlolz|LOL\n","uploadtime":1699664232,"views":14,"p1id":"eatmorerocks","p2id":"naissanlolz","formatid":"gen9nationaldex","rating":1127,"private":0,"password":""}