{"id":"gen9nationaldex-1991511485","p1":"jgjvg","p2":"SwiftyTheStaraptor","format":"[Gen 9] National Dex","log":"|j|\u2606jgjvg\n|j|\u2606SwiftyTheStaraptor\n|t:|1700083662\n|gametype|singles\n|player|p1|jgjvg|veteran|1024\n|player|p2|SwiftyTheStaraptor|1|1000\n|teamsize|p1|6\n|teamsize|p2|6\n|gen|9\n|tier|[Gen 9] National Dex\n|rated|\n|rule|HP Percentage Mod: HP is shown in percentages\n|rule|Endless Battle Clause: Forcing endless battles is banned\n|rule|OHKO Clause: OHKO moves are banned\n|rule|Evasion Clause: Evasion abilities, items, and moves are banned\n|rule|Evasion Abilities Clause: Evasion abilities are banned\n|rule|Evasion Items Clause: Evasion items are banned\n|rule|Evasion Moves Clause: Evasion moves are banned\n|rule|Species Clause: Limit one of each Pok\u00e9mon\n|rule|Sleep Clause Mod: Limit one foe put to sleep\n|clearpoke\n|poke|p1|Slurpuff, M|\n|poke|p1|Pikachu, F|\n|poke|p1|Flareon, F|\n|poke|p1|Cottonee, L1, M|\n|poke|p1|Bidoof, F|\n|poke|p1|Golisopod, F|\n|poke|p2|Roserade, F|\n|poke|p2|Spiritomb, M|\n|poke|p2|Togekiss, F|\n|poke|p2|Lucario, F|\n|poke|p2|Milotic, F|\n|poke|p2|Garchomp, F|\n|teampreview\n|\n|t:|1700083673\n|start\n|switch|p1a: Slurpuff|Slurpuff, M|100\/100\n|switch|p2a: Roserade|Roserade, F|100\/100\n|turn|1\n|inactive|Battle timer is ON: inactive players will automatically lose when time's up. (requested by SwiftyTheStaraptor)\n|\n|t:|1700083682\n|move|p1a: Slurpuff|Yawn|p2a: Roserade\n|-start|p2a: Roserade|move: Yawn|[of] p1a: Slurpuff\n|move|p2a: Roserade|Sleep Powder|p1a: Slurpuff\n|-status|p1a: Slurpuff|slp|[from] move: Sleep Powder\n|\n|upkeep\n|turn|2\n|\n|t:|1700083692\n|switch|p2a: Lucario|Lucario, F|100\/100\n|cant|p1a: Slurpuff|slp\n|\n|upkeep\n|turn|3\n|\n|t:|1700083700\n|move|p2a: Lucario|Meteor Mash|p1a: Slurpuff|[miss]\n|-miss|p2a: Lucario|p1a: Slurpuff\n|cant|p1a: Slurpuff|slp\n|\n|upkeep\n|turn|4\n|\n|t:|1700083706\n|move|p2a: Lucario|Meteor Mash|p1a: Slurpuff\n|-supereffective|p1a: Slurpuff\n|-enditem|p1a: Slurpuff|Focus Sash\n|-damage|p1a: Slurpuff|1\/100 slp\n|-damage|p2a: Lucario|91\/100|[from] item: Life Orb\n|-curestatus|p1a: Slurpuff|slp|[msg]\n|move|p1a: Slurpuff|Sticky Web|p2a: Lucario\n|-sidestart|p2: SwiftyTheStaraptor|move: Sticky Web\n|\n|upkeep\n|turn|5\n|\n|t:|1700083715\n|move|p2a: Lucario|Extreme Speed|p1a: Slurpuff\n|-damage|p1a: Slurpuff|0 fnt\n|faint|p1a: Slurpuff\n|-damage|p2a: Lucario|81\/100|[from] item: Life Orb\n|\n|upkeep\n|\n|t:|1700083724\n|switch|p1a: Pikachu|Pikachu, F|100\/100\n|turn|6\n|\n|t:|1700083730\n|move|p1a: Pikachu|Nasty Plot|p1a: Pikachu\n|-boost|p1a: Pikachu|spa|2\n|move|p2a: Lucario|Swords Dance|p2a: Lucario\n|-boost|p2a: Lucario|atk|2\n|\n|upkeep\n|turn|7\n|\n|t:|1700083738\n|move|p1a: Pikachu|Thunderbolt|p2a: Lucario\n|-damage|p2a: Lucario|0 fnt\n|faint|p2a: Lucario\n|\n|upkeep\n|\n|t:|1700083754\n|switch|p2a: Garchomp|Garchomp, F|100\/100\n|-activate|p2a: Garchomp|move: Sticky Web\n|-unboost|p2a: Garchomp|spe|1\n|turn|8\n|\n|t:|1700083763\n|move|p1a: Pikachu|Hidden Power|p2a: Garchomp\n|-supereffective|p2a: Garchomp\n|-damage|p2a: Garchomp|0 fnt\n|faint|p2a: Garchomp\n|\n|upkeep\n|\n|t:|1700083768\n|switch|p2a: Roserade|Roserade, F|100\/100\n|-activate|p2a: Roserade|move: Sticky Web\n|-unboost|p2a: Roserade|spe|1\n|turn|9\n|\n|t:|1700083774\n|move|p1a: Pikachu|Hidden Power|p2a: Roserade\n|-supereffective|p2a: Roserade\n|-damage|p2a: Roserade|31\/100\n|move|p2a: Roserade|Toxic|p1a: Pikachu\n|-status|p1a: Pikachu|tox\n|\n|-heal|p2a: Roserade|38\/100|[from] item: Black Sludge\n|-damage|p1a: Pikachu|94\/100 tox|[from] psn\n|upkeep\n|turn|10\n|\n|t:|1700083785\n|switch|p2a: Milotic|Milotic, F|100\/100\n|-activate|p2a: Milotic|move: Sticky Web\n|-unboost|p2a: Milotic|spe|1\n|move|p1a: Pikachu|Hidden Power|p2a: Milotic\n|-resisted|p2a: Milotic\n|-damage|p2a: Milotic|89\/100\n|\n|-damage|p1a: Pikachu|82\/100 tox|[from] psn\n|upkeep\n|turn|11\n|\n|t:|1700083802\n|move|p1a: Pikachu|Thunderbolt|p2a: Milotic\n|-supereffective|p2a: Milotic\n|-damage|p2a: Milotic|0 fnt\n|faint|p2a: Milotic\n|\n|-damage|p1a: Pikachu|64\/100 tox|[from] psn\n|upkeep\n|\n|t:|1700083808\n|switch|p2a: Spiritomb|Spiritomb, M|100\/100\n|-activate|p2a: Spiritomb|move: Sticky Web\n|-unboost|p2a: Spiritomb|spe|1\n|turn|12\n|\n|t:|1700083814\n|move|p2a: Spiritomb|Sucker Punch|p1a: Pikachu\n|-damage|p1a: Pikachu|0 fnt\n|faint|p1a: Pikachu\n|\n|upkeep\n|\n|t:|1700083831\n|switch|p1a: Golisopod|Golisopod, F|100\/100\n|turn|13\n|\n|t:|1700083845\n|move|p1a: Golisopod|Waterfall|p2a: Spiritomb\n|-crit|p2a: Spiritomb\n|-damage|p2a: Spiritomb|3\/100\n|move|p2a: Spiritomb|Will-O-Wisp|p1a: Golisopod\n|-status|p1a: Golisopod|brn\n|\n|-heal|p2a: Spiritomb|9\/100|[from] item: Leftovers\n|-damage|p1a: Golisopod|94\/100 brn|[from] brn\n|upkeep\n|turn|14\n|\n|t:|1700083858\n|switch|p2a: Roserade|Roserade, F|38\/100\n|-activate|p2a: Roserade|move: Sticky Web\n|-unboost|p2a: Roserade|spe|1\n|move|p1a: Golisopod|Waterfall|p2a: Roserade\n|-resisted|p2a: Roserade\n|-damage|p2a: Roserade|14\/100\n|\n|-heal|p2a: Roserade|20\/100|[from] item: Black Sludge\n|-damage|p1a: Golisopod|88\/100 brn|[from] brn\n|upkeep\n|turn|15\n|\n|t:|1700083871\n|move|p2a: Roserade|Leech Seed|p1a: Golisopod\n|-start|p1a: Golisopod|move: Leech Seed\n|move|p1a: Golisopod|Waterfall|p2a: Roserade\n|-resisted|p2a: Roserade\n|-damage|p2a: Roserade|0 fnt\n|faint|p2a: Roserade\n|\n|-damage|p1a: Golisopod|82\/100 brn|[from] brn\n|upkeep\n|\n|t:|1700083879\n|switch|p2a: Spiritomb|Spiritomb, M|9\/100\n|-activate|p2a: Spiritomb|move: Sticky Web\n|-unboost|p2a: Spiritomb|spe|1\n|turn|16\n|\n|t:|1700083885\n|move|p2a: Spiritomb|Sucker Punch|p1a: Golisopod\n|-damage|p1a: Golisopod|58\/100 brn\n|move|p1a: Golisopod|Waterfall|p2a: Spiritomb\n|-damage|p2a: Spiritomb|0 fnt\n|faint|p2a: Spiritomb\n|\n|-damage|p1a: Golisopod|51\/100 brn|[from] brn\n|upkeep\n|\n|t:|1700083893\n|switch|p2a: Togekiss|Togekiss, F|100\/100\n|turn|17\n|\n|t:|1700083906\n|move|p2a: Togekiss|Air Slash|p1a: Golisopod\n|-supereffective|p1a: Golisopod\n|-damage|p1a: Golisopod|0 fnt\n|faint|p1a: Golisopod\n|\n|upkeep\n|c|\u2606jgjvg|Gg\n|\n|t:|1700083912\n|switch|p1a: Cottonee|Cottonee, L1, M|100\/100\n|turn|18\n|\n|t:|1700083916\n|move|p1a: Cottonee|Leech Seed|p2a: Togekiss\n|-start|p2a: Togekiss|move: Leech Seed\n|move|p2a: Togekiss|Thunder Wave|p1a: Cottonee|[miss]\n|-miss|p2a: Togekiss|p1a: Cottonee\n|\n|-damage|p2a: Togekiss|88\/100|[from] Leech Seed|[of] p1a: Cottonee\n|upkeep\n|turn|19\n|\n|t:|1700083923\n|move|p1a: Cottonee|Substitute|p1a: Cottonee\n|-start|p1a: Cottonee|Substitute\n|-damage|p1a: Cottonee|75\/100\n|move|p2a: Togekiss|Thunder Wave||[still]\n|-fail|p2a: Togekiss\n|\n|-damage|p2a: Togekiss|76\/100|[from] Leech Seed|[of] p1a: Cottonee\n|-heal|p1a: Cottonee|100\/100|[silent]\n|upkeep\n|turn|20\n|-message|SwiftyTheStaraptor forfeited.\n|\n|win|jgjvg\n|raw|jgjvg's rating: 1024 &rarr; <strong>1058<\/strong><br \/>(+34 for winning)\n|raw|SwiftyTheStaraptor's rating: 1000 &rarr; <strong>1000<\/strong><br \/>(+0 for losing)\n|l|\u2606SwiftyTheStaraptor\n","uploadtime":1700083939,"views":4,"p1id":"jgjvg","p2id":"swiftythestaraptor","formatid":"gen9nationaldex","rating":1000,"private":0,"password":""}