{"id":"gen9nationaldex-1988582319","p1":"AlastorMorningstar","p2":"female charizard","format":"[Gen 9] National Dex","log":"|j|\u2606AlastorMorningstar\n|j|\u2606female charizard\n|t:|1699738578\n|gametype|singles\n|player|p1|AlastorMorningstar|unknown|1194\n|player|p2|female charizard|170|1157\n|teamsize|p1|6\n|teamsize|p2|6\n|gen|9\n|tier|[Gen 9] National Dex\n|rated|\n|rule|HP Percentage Mod: HP is shown in percentages\n|rule|Endless Battle Clause: Forcing endless battles is banned\n|rule|OHKO Clause: OHKO moves are banned\n|rule|Evasion Clause: Evasion abilities, items, and moves are banned\n|rule|Evasion Abilities Clause: Evasion abilities are banned\n|rule|Evasion Items Clause: Evasion items are banned\n|rule|Evasion Moves Clause: Evasion moves are banned\n|rule|Species Clause: Limit one of each Pok\u00e9mon\n|rule|Sleep Clause Mod: Limit one foe put to sleep\n|clearpoke\n|poke|p1|Goodra-Hisui, M|\n|poke|p1|Great Tusk|\n|poke|p1|Thundurus-Therian, M|\n|poke|p1|Arcanine-Hisui, M|\n|poke|p1|Venusaur, M|\n|poke|p1|Samurott-Hisui, M|\n|poke|p2|Kyurem|\n|poke|p2|Abomasnow, M|\n|poke|p2|Breloom, F|\n|poke|p2|Rhyperior, M|\n|poke|p2|Ogerpon-Wellspring, F|\n|poke|p2|Ekans, F|\n|teampreview\n|\n|t:|1699738592\n|start\n|switch|p1a: Arcanine|Arcanine-Hisui, M|100\/100\n|switch|p2a: thanks|Ekans, F|100\/100\n|-ability|p2a: thanks|Intimidate|boost\n|-unboost|p1a: Arcanine|atk|1\n|turn|1\n|\n|t:|1699738600\n|move|p1a: Arcanine|Stealth Rock|p2a: thanks\n|-sidestart|p2: female charizard|move: Stealth Rock\n|move|p2a: thanks|Glare|p1a: Arcanine\n|-status|p1a: Arcanine|par\n|\n|upkeep\n|turn|2\n|\n|t:|1699738640\n|move|p1a: Arcanine|Flare Blitz|p2a: thanks\n|-damage|p2a: thanks|3\/100\n|move|p2a: thanks|Toxic Spikes|p1a: Arcanine\n|-sidestart|p1: AlastorMorningstar|move: Toxic Spikes\n|\n|upkeep\n|turn|3\n|\n|t:|1699738645\n|move|p1a: Arcanine|Extreme Speed|p2a: thanks\n|-damage|p2a: thanks|0 fnt\n|faint|p2a: thanks\n|\n|upkeep\n|\n|t:|1699738664\n|switch|p2a: mods annoy me|Ogerpon-Wellspring, F|100\/100\n|-damage|p2a: mods annoy me|88\/100|[from] Stealth Rock\n|turn|4\n|\n|t:|1699738674\n|switch|p2a: A subtle joke|Abomasnow, M|100\/100\n|-damage|p2a: A subtle joke|75\/100|[from] Stealth Rock\n|-weather|Snow|[from] ability: Snow Warning|[of] p2a: A subtle joke\n|cant|p1a: Arcanine|par\n|\n|-weather|Snow|[upkeep]\n|upkeep\n|turn|5\n|\n|t:|1699738682\n|-terastallize|p2a: A subtle joke|Water\n|move|p2a: A subtle joke|Aurora Veil|p2a: A subtle joke\n|-sidestart|p2: female charizard|move: Aurora Veil\n|move|p1a: Arcanine|Flare Blitz|p2a: A subtle joke\n|-resisted|p2a: A subtle joke\n|-damage|p2a: A subtle joke|64\/100\n|\n|-weather|Snow|[upkeep]\n|upkeep\n|turn|6\n|\n|t:|1699738690\n|-terastallize|p1a: Arcanine|Normal\n|move|p2a: A subtle joke|Giga Drain|p1a: Arcanine\n|-damage|p1a: Arcanine|66\/100 par\n|-heal|p2a: A subtle joke|79\/100|[from] drain|[of] p1a: Arcanine\n|move|p1a: Arcanine|Head Smash|p2a: A subtle joke\n|-damage|p2a: A subtle joke|54\/100\n|\n|-weather|Snow|[upkeep]\n|upkeep\n|turn|7\n|\n|t:|1699738702\n|move|p2a: A subtle joke|Giga Drain|p1a: Arcanine\n|-damage|p1a: Arcanine|25\/100 par\n|-heal|p2a: A subtle joke|72\/100|[from] drain|[of] p1a: Arcanine\n|move|p1a: Arcanine|Head Smash|p2a: A subtle joke\n|-damage|p2a: A subtle joke|43\/100\n|\n|-weather|Snow|[upkeep]\n|upkeep\n|turn|8\n|j| snugglesnfluff\n|j| it's ogrepon\n|j| imbleach\n|\n|t:|1699738712\n|move|p1a: Arcanine|Extreme Speed|p2a: A subtle joke\n|-damage|p2a: A subtle joke|28\/100\n|move|p2a: A subtle joke|Giga Drain|p1a: Arcanine\n|-damage|p1a: Arcanine|0 fnt\n|-heal|p2a: A subtle joke|39\/100|[from] drain|[of] p1a: Arcanine\n|faint|p1a: Arcanine\n|\n|-weather|none\n|upkeep\n|j| kung fu pokechu\n|\n|t:|1699738720\n|switch|p1a: Samurott|Samurott-Hisui, M|100\/100\n|-status|p1a: Samurott|psn\n|turn|9\n|\n|t:|1699738727\n|switch|p2a: bisexual|Breloom, F|100\/100\n|-damage|p2a: bisexual|94\/100|[from] Stealth Rock\n|move|p1a: Samurott|Ceaseless Edge|p2a: bisexual\n|-resisted|p2a: bisexual\n|-damage|p2a: bisexual|83\/100\n|-sidestart|p2: female charizard|Spikes\n|\n|-damage|p1a: Samurott|88\/100 psn|[from] psn\n|upkeep\n|turn|10\n|\n|t:|1699738735\n|move|p1a: Samurott|Ceaseless Edge|p2a: bisexual\n|-resisted|p2a: bisexual\n|-damage|p2a: bisexual|71\/100\n|-sidestart|p2: female charizard|Spikes\n|move|p2a: bisexual|Dynamic Punch|p1a: Samurott|[miss]\n|-miss|p2a: bisexual|p1a: Samurott\n|-enditem|p2a: bisexual|Blunder Policy\n|-boost|p2a: bisexual|spe|2\n|\n|-heal|p1a: Samurott|94\/100 psn|[from] item: Leftovers\n|-damage|p1a: Samurott|82\/100 psn|[from] psn\n|upkeep\n|turn|11\n|\n|t:|1699738746\n|move|p2a: bisexual|Bullet Seed|p1a: Samurott\n|-supereffective|p1a: Samurott\n|-damage|p1a: Samurott|31\/100 psn\n|-supereffective|p1a: Samurott\n|-damage|p1a: Samurott|0 fnt\n|faint|p1a: Samurott\n|-hitcount|p1: Samurott|2\n|\n|upkeep\n|\n|t:|1699738756\n|switch|p1a: Thundurus|Thundurus-Therian, M|100\/100\n|turn|12\n|\n|t:|1699738769\n|move|p2a: bisexual|Spore|p1a: Thundurus\n|-status|p1a: Thundurus|slp|[from] move: Spore\n|cant|p1a: Thundurus|slp\n|\n|-sideend|p2: female charizard|move: Aurora Veil\n|upkeep\n|turn|13\n|\n|t:|1699738776\n|move|p2a: bisexual|Dynamic Punch|p1a: Thundurus\n|-resisted|p1a: Thundurus\n|-damage|p1a: Thundurus|60\/100 slp\n|-start|p1a: Thundurus|confusion\n|cant|p1a: Thundurus|slp\n|\n|-heal|p1a: Thundurus|66\/100 slp|[from] item: Leftovers\n|upkeep\n|turn|14\n|\n|t:|1699738784\n|move|p2a: bisexual|Bullet Seed|p1a: Thundurus\n|-resisted|p1a: Thundurus\n|-damage|p1a: Thundurus|51\/100 slp\n|-resisted|p1a: Thundurus\n|-damage|p1a: Thundurus|36\/100 slp\n|-hitcount|p1a: Thundurus|2\n|cant|p1a: Thundurus|slp\n|\n|-heal|p1a: Thundurus|42\/100 slp|[from] item: Leftovers\n|upkeep\n|turn|15\n|\n|t:|1699738793\n|-curestatus|p1a: Thundurus|slp|[msg]\n|-activate|p1a: Thundurus|confusion\n|move|p1a: Thundurus|Protect|p1a: Thundurus\n|-singleturn|p1a: Thundurus|Protect\n|move|p2a: bisexual|Bullet Seed|p1a: Thundurus\n|-activate|p1a: Thundurus|move: Protect\n|\n|-heal|p1a: Thundurus|48\/100|[from] item: Leftovers\n|upkeep\n|turn|16\n|\n|t:|1699738801\n|move|p2a: bisexual|Spore|p1a: Thundurus\n|-status|p1a: Thundurus|slp|[from] move: Spore\n|cant|p1a: Thundurus|slp\n|\n|-heal|p1a: Thundurus|54\/100 slp|[from] item: Leftovers\n|upkeep\n|turn|17\n|\n|t:|1699738807\n|-curestatus|p1a: Thundurus|slp|[msg]\n|-activate|p1a: Thundurus|confusion\n|-damage|p1a: Thundurus|39\/100|[from] confusion\n|move|p2a: bisexual|Bullet Seed|p1a: Thundurus\n|-resisted|p1a: Thundurus\n|-damage|p1a: Thundurus|25\/100\n|-resisted|p1a: Thundurus\n|-damage|p1a: Thundurus|9\/100\n|-resisted|p1a: Thundurus\n|-damage|p1a: Thundurus|0 fnt\n|faint|p1a: Thundurus\n|-hitcount|p1: Thundurus|3\n|\n|upkeep\n|\n|t:|1699738818\n|switch|p1a: Great Tusk|Great Tusk|100\/100\n|-status|p1a: Great Tusk|psn\n|-enditem|p1a: Great Tusk|Booster Energy\n|-activate|p1a: Great Tusk|ability: Protosynthesis|[fromitem]\n|-start|p1a: Great Tusk|protosynthesisspe\n|turn|18\n|\n|t:|1699738827\n|move|p2a: bisexual|Bullet Seed|p1a: Great Tusk\n|-supereffective|p1a: Great Tusk\n|-damage|p1a: Great Tusk|78\/100 psn\n|-supereffective|p1a: Great Tusk\n|-damage|p1a: Great Tusk|53\/100 psn\n|-hitcount|p1a: Great Tusk|2\n|move|p1a: Great Tusk|Stone Edge|p2a: bisexual\n|-resisted|p2a: bisexual\n|-damage|p2a: bisexual|46\/100\n|\n|-damage|p1a: Great Tusk|41\/100 psn|[from] psn\n|upkeep\n|turn|19\n|\n|t:|1699738836\n|move|p2a: bisexual|Bullet Seed|p1a: Great Tusk\n|-supereffective|p1a: Great Tusk\n|-damage|p1a: Great Tusk|17\/100 psn\n|-supereffective|p1a: Great Tusk\n|-damage|p1a: Great Tusk|0 fnt\n|faint|p1a: Great Tusk\n|-end|p1a: Great Tusk|Protosynthesis|[silent]\n|-hitcount|p1: Great Tusk|2\n|\n|upkeep\n|\n|t:|1699738844\n|switch|p1a: Goodra|Goodra-Hisui, M|100\/100\n|turn|20\n|\n|t:|1699738850\n|move|p2a: bisexual|Spore|p1a: Goodra\n|-status|p1a: Goodra|slp|[from] move: Spore\n|cant|p1a: Goodra|slp\n|\n|upkeep\n|turn|21\n|\n|t:|1699738855\n|move|p2a: bisexual|Dynamic Punch|p1a: Goodra|[miss]\n|-miss|p2a: bisexual|p1a: Goodra\n|-curestatus|p1a: Goodra|slp|[msg]\n|move|p1a: Goodra|Flamethrower|p2a: bisexual\n|-supereffective|p2a: bisexual\n|-damage|p2a: bisexual|0 fnt\n|faint|p2a: bisexual\n|\n|upkeep\n|\n|t:|1699738863\n|switch|p2a: SOLID SUGGESTER|Rhyperior, M|100\/100\n|-damage|p2a: SOLID SUGGESTER|94\/100|[from] Stealth Rock\n|-damage|p2a: SOLID SUGGESTER|78\/100|[from] Spikes\n|turn|22\n|\n|t:|1699738867\n|move|p2a: SOLID SUGGESTER|Earthquake|p1a: Goodra\n|-supereffective|p1a: Goodra\n|-damage|p1a: Goodra|15\/100\n|move|p1a: Goodra|Flash Cannon|p2a: SOLID SUGGESTER\n|-supereffective|p2a: SOLID SUGGESTER\n|-damage|p2a: SOLID SUGGESTER|11\/100\n|-enditem|p2a: SOLID SUGGESTER|Weakness Policy\n|-boost|p2a: SOLID SUGGESTER|atk|2|[from] item: Weakness Policy\n|-boost|p2a: SOLID SUGGESTER|spa|2|[from] item: Weakness Policy\n|\n|-heal|p1a: Goodra|21\/100|[from] item: Leftovers\n|upkeep\n|turn|23\n|\n|t:|1699738877\n|move|p2a: SOLID SUGGESTER|Earthquake|p1a: Goodra\n|-supereffective|p1a: Goodra\n|-damage|p1a: Goodra|0 fnt\n|faint|p1a: Goodra\n|\n|upkeep\n|\n|t:|1699738882\n|switch|p1a: Venusaur|Venusaur, M|100\/100\n|-sideend|p1: AlastorMorningstar|move: Toxic Spikes|[of] p1a: Venusaur\n|turn|24\n|\n|t:|1699738886\n|detailschange|p1a: Venusaur|Venusaur-Mega, M\n|-mega|p1a: Venusaur|Venusaur|Venusaurite\n|move|p1a: Venusaur|Giga Drain|p2a: SOLID SUGGESTER\n|-supereffective|p2a: SOLID SUGGESTER\n|-damage|p2a: SOLID SUGGESTER|0 fnt\n|faint|p2a: SOLID SUGGESTER\n|\n|upkeep\n|\n|t:|1699738897\n|switch|p2a: mods annoy me|Ogerpon-Wellspring, F|88\/100\n|-damage|p2a: mods annoy me|76\/100|[from] Stealth Rock\n|-damage|p2a: mods annoy me|59\/100|[from] Spikes\n|turn|25\n|\n|t:|1699738904\n|move|p2a: mods annoy me|Encore|p1a: Venusaur\n|-start|p1a: Venusaur|Encore\n|move|p1a: Venusaur|Giga Drain|p2a: mods annoy me\n|-damage|p2a: mods annoy me|14\/100\n|\n|upkeep\n|turn|26\n|\n|t:|1699738913\n|move|p2a: mods annoy me|Ivy Cudgel|p1a: Venusaur\n|-resisted|p1a: Venusaur\n|-damage|p1a: Venusaur|70\/100\n|move|p1a: Venusaur|Giga Drain|p2a: mods annoy me\n|-damage|p2a: mods annoy me|0 fnt\n|-heal|p1a: Venusaur|77\/100|[from] drain|[of] p2a: mods annoy me\n|faint|p2a: mods annoy me\n|\n|upkeep\n|\n|t:|1699738916\n|switch|p2a: pressure friends|Kyurem|100\/100\n|-damage|p2a: pressure friends|76\/100|[from] Stealth Rock\n|-damage|p2a: pressure friends|59\/100|[from] Spikes\n|-ability|p2a: pressure friends|Pressure\n|turn|27\n|\n|t:|1699738926\n|move|p2a: pressure friends|Substitute|p2a: pressure friends\n|-start|p2a: pressure friends|Substitute\n|-damage|p2a: pressure friends|34\/100\n|move|p1a: Venusaur|Giga Drain|p2a: pressure friends\n|-resisted|p2a: pressure friends\n|-activate|p2a: pressure friends|move: Substitute|[damage]\n|-heal|p1a: Venusaur|88\/100|[from] drain|[of] p2a: pressure friends\n|\n|-heal|p2a: pressure friends|40\/100|[from] item: Leftovers\n|-end|p1a: Venusaur|Encore\n|upkeep\n|turn|28\n|\n|t:|1699738938\n|move|p2a: pressure friends|Roost|p2a: pressure friends\n|-heal|p2a: pressure friends|90\/100\n|-singleturn|p2a: pressure friends|move: Roost\n|move|p1a: Venusaur|Body Slam|p2a: pressure friends\n|-end|p2a: pressure friends|Substitute\n|\n|-heal|p2a: pressure friends|97\/100|[from] item: Leftovers\n|upkeep\n|turn|29\n|\n|t:|1699738951\n|move|p2a: pressure friends|Substitute|p2a: pressure friends\n|-start|p2a: pressure friends|Substitute\n|-damage|p2a: pressure friends|72\/100\n|move|p1a: Venusaur|Giga Drain|p2a: pressure friends\n|-resisted|p2a: pressure friends\n|-activate|p2a: pressure friends|move: Substitute|[damage]\n|-heal|p1a: Venusaur|99\/100|[from] drain|[of] p2a: pressure friends\n|\n|-heal|p2a: pressure friends|78\/100|[from] item: Leftovers\n|upkeep\n|turn|30\n|\n|t:|1699738966\n|move|p2a: pressure friends|Protect|p2a: pressure friends\n|-singleturn|p2a: pressure friends|Protect\n|move|p1a: Venusaur|Body Slam|p2a: pressure friends\n|-activate|p2a: pressure friends|move: Protect\n|\n|-heal|p2a: pressure friends|84\/100|[from] item: Leftovers\n|upkeep\n|turn|31\n|\n|t:|1699738973\n|move|p2a: pressure friends|Freeze-Dry|p1a: Venusaur\n|-supereffective|p1a: Venusaur\n|-damage|p1a: Venusaur|71\/100\n|move|p1a: Venusaur|Leech Seed||[still]\n|-fail|p1a: Venusaur\n|\n|-heal|p2a: pressure friends|90\/100|[from] item: Leftovers\n|upkeep\n|turn|32\n|\n|t:|1699738980\n|move|p2a: pressure friends|Freeze-Dry|p1a: Venusaur\n|-supereffective|p1a: Venusaur\n|-damage|p1a: Venusaur|39\/100\n|move|p1a: Venusaur|Leech Seed||[still]\n|-fail|p1a: Venusaur\n|\n|-heal|p2a: pressure friends|96\/100|[from] item: Leftovers\n|upkeep\n|turn|33\n|\n|t:|1699739031\n|move|p2a: pressure friends|Freeze-Dry|p1a: Venusaur\n|-supereffective|p1a: Venusaur\n|-damage|p1a: Venusaur|7\/100\n|move|p1a: Venusaur|Giga Drain|p2a: pressure friends\n|-resisted|p2a: pressure friends\n|-end|p2a: pressure friends|Substitute\n|-heal|p1a: Venusaur|14\/100|[from] drain|[of] p2a: pressure friends\n|\n|-heal|p2a: pressure friends|100\/100|[from] item: Leftovers\n|upkeep\n|turn|34\n|\n|t:|1699739040\n|move|p2a: pressure friends|Freeze-Dry|p1a: Venusaur\n|-supereffective|p1a: Venusaur\n|-damage|p1a: Venusaur|0 fnt\n|faint|p1a: Venusaur\n|\n|win|female charizard\n|raw|AlastorMorningstar's rating: 1194 &rarr; <strong>1164<\/strong><br \/>(-30 for losing)\n|raw|female charizard's rating: 1130 &rarr; <strong>1160<\/strong><br \/>(+30 for winning)\n|l|\u2606AlastorMorningstar\n","uploadtime":1699739047,"views":4,"p1id":"alastormorningstar","p2id":"femalecharizard","formatid":"gen9nationaldex","rating":1160,"private":0,"password":""}