{"id":"gen9nationaldex-1994977861","p1":"johngaming","p2":"beetlejuggler","format":"[Gen 9] National Dex","log":"|html|<div class=\"broadcast-blue\"><strong>[Gen 9] National Dex is currently suspecting Sneasler! For information on how to participate check out the <a href=\"https:\/\/www.smogon.com\/forums\/threads\/sv-national-dex-suspect-8-just-dance.3731534\/\">suspect thread<\/a>.<\/strong><\/div>\n|j|\u2606johngaming\n|j|\u2606beetlejuggler\n|t:|1700509874\n|gametype|singles\n|player|p1|johngaming|266|1214\n|player|p2|beetlejuggler|102|1132\n|teamsize|p1|6\n|teamsize|p2|6\n|gen|9\n|tier|[Gen 9] National Dex\n|rated|\n|rule|HP Percentage Mod: HP is shown in percentages\n|rule|Endless Battle Clause: Forcing endless battles is banned\n|rule|OHKO Clause: OHKO moves are banned\n|rule|Evasion Clause: Evasion abilities, items, and moves are banned\n|rule|Evasion Abilities Clause: Evasion abilities are banned\n|rule|Evasion Items Clause: Evasion items are banned\n|rule|Evasion Moves Clause: Evasion moves are banned\n|rule|Species Clause: Limit one of each Pok\u00e9mon\n|rule|Sleep Clause Mod: Limit one foe put to sleep\n|clearpoke\n|poke|p1|Gyarados, F|\n|poke|p1|Grimmsnarl, M|\n|poke|p1|Absol, F|\n|poke|p1|Aegislash, M|\n|poke|p1|Emolga, M|\n|poke|p1|Salazzle, F|\n|poke|p2|Ogerpon-Wellspring, F|\n|poke|p2|Corviknight, M|\n|poke|p2|Great Tusk|\n|poke|p2|Ribombee, M|\n|poke|p2|Hydreigon, M|\n|poke|p2|Rotom-Heat|\n|teampreview\n|inactive|Battle timer is ON: inactive players will automatically lose when time's up. (requested by johngaming)\n|\n|t:|1700509890\n|start\n|switch|p1a: Salazzle|Salazzle, F|100\/100\n|switch|p2a: Rotom|Rotom-Heat|100\/100\n|turn|1\n|\n|t:|1700509905\n|switch|p1a: Emolga|Emolga, M|100\/100\n|move|p2a: Rotom|Trick|p1a: Emolga\n|-activate|p2a: Rotom|move: Trick|[of] p1a: Emolga\n|-item|p1a: Emolga|Choice Scarf|[from] move: Trick\n|-item|p2a: Rotom|Heavy-Duty Boots|[from] move: Trick\n|\n|upkeep\n|turn|2\n|\n|t:|1700509920\n|move|p1a: Emolga|Volt Switch|p2a: Rotom\n|-resisted|p2a: Rotom\n|-crit|p2a: Rotom\n|-damage|p2a: Rotom|87\/100\n|\n|t:|1700509931\n|switch|p1a: Grimmsnarl|Grimmsnarl, M|100\/100|[from] Volt Switch\n|move|p2a: Rotom|Overheat|p1a: Grimmsnarl\n|-damage|p1a: Grimmsnarl|46\/100\n|-unboost|p2a: Rotom|spa|2\n|\n|-heal|p1a: Grimmsnarl|52\/100|[from] item: Leftovers\n|upkeep\n|turn|3\n|\n|t:|1700509943\n|move|p1a: Grimmsnarl|Bulk Up|p1a: Grimmsnarl\n|-boost|p1a: Grimmsnarl|atk|1\n|-boost|p1a: Grimmsnarl|def|1\n|move|p2a: Rotom|Trick|p1a: Grimmsnarl\n|-activate|p2a: Rotom|move: Trick|[of] p1a: Grimmsnarl\n|-item|p1a: Grimmsnarl|Heavy-Duty Boots|[from] move: Trick\n|-item|p2a: Rotom|Leftovers|[from] move: Trick\n|\n|-heal|p2a: Rotom|93\/100|[from] item: Leftovers\n|upkeep\n|turn|4\n|\n|t:|1700509953\n|move|p2a: Rotom|Will-O-Wisp|p1a: Grimmsnarl\n|-status|p1a: Grimmsnarl|brn\n|move|p1a: Grimmsnarl|Crunch|p2a: Rotom\n|-damage|p2a: Rotom|48\/100\n|\n|-heal|p2a: Rotom|54\/100|[from] item: Leftovers\n|-damage|p1a: Grimmsnarl|46\/100 brn|[from] brn\n|upkeep\n|turn|5\n|\n|t:|1700509967\n|move|p1a: Grimmsnarl|Parting Shot|p2a: Rotom\n|-unboost|p2a: Rotom|atk|1\n|-unboost|p2a: Rotom|spa|1\n|\n|t:|1700509973\n|switch|p1a: Salazzle|Salazzle, F|100\/100|[from] Parting Shot\n|move|p2a: Rotom|Volt Switch|p1a: Salazzle\n|-damage|p1a: Salazzle|78\/100\n|\n|t:|1700509984\n|switch|p2a: Ribombee|Ribombee, M|100\/100|[from] Volt Switch\n|\n|upkeep\n|turn|6\n|\n|t:|1700509996\n|move|p2a: Ribombee|Stun Spore|p1a: Salazzle\n|-status|p1a: Salazzle|par\n|cant|p1a: Salazzle|par\n|\n|upkeep\n|turn|7\n|\n|t:|1700510002\n|move|p2a: Ribombee|Sticky Web|p1a: Salazzle\n|-sidestart|p1: johngaming|move: Sticky Web\n|move|p1a: Salazzle|Sludge Bomb|p2a: Ribombee\n|-supereffective|p2a: Ribombee\n|-enditem|p2a: Ribombee|Focus Sash\n|-damage|p2a: Ribombee|1\/100\n|-damage|p1a: Salazzle|69\/100 par|[from] item: Life Orb\n|\n|upkeep\n|turn|8\n|\n|t:|1700510021\n|move|p2a: Ribombee|Moonblast|p1a: Salazzle\n|-resisted|p1a: Salazzle\n|-damage|p1a: Salazzle|53\/100 par\n|-unboost|p1a: Salazzle|spa|1\n|move|p1a: Salazzle|Flamethrower|p2a: Ribombee\n|-supereffective|p2a: Ribombee\n|-damage|p2a: Ribombee|0 fnt\n|faint|p2a: Ribombee\n|-damage|p1a: Salazzle|43\/100 par|[from] item: Life Orb\n|\n|upkeep\n|inactive|beetlejuggler has 120 seconds left.\n|\n|t:|1700510054\n|switch|p2a: Ogerpon|Ogerpon-Wellspring, F|100\/100\n|turn|9\n|\n|t:|1700510066\n|switch|p1a: Emolga|Emolga, M|100\/100\n|move|p2a: Ogerpon|Ivy Cudgel|p1a: Emolga|[anim] Ivy Cudgel Water\n|-damage|p1a: Emolga|10\/100\n|\n|upkeep\n|turn|10\n|inactive|beetlejuggler has 120 seconds left.\n|\n|t:|1700510079\n|switch|p2a: Rotom|Rotom-Heat|54\/100\n|move|p1a: Emolga|Volt Switch|p2a: Rotom\n|-resisted|p2a: Rotom\n|-damage|p2a: Rotom|44\/100\n|\n|t:|1700510096\n|switch|p1a: Aegislash|Aegislash, M|100\/100|[from] Volt Switch\n|-activate|p1a: Aegislash|move: Sticky Web\n|-unboost|p1a: Aegislash|spe|1\n|\n|-heal|p2a: Rotom|51\/100|[from] item: Leftovers\n|upkeep\n|turn|11\n|\n|t:|1700510106\n|-formechange|p1a: Aegislash|Aegislash-Blade||[from] ability: Stance Change\n|move|p1a: Aegislash|Shadow Sneak|p2a: Rotom\n|-damage|p2a: Rotom|20\/100\n|move|p2a: Rotom|Will-O-Wisp|p1a: Aegislash\n|-status|p1a: Aegislash|brn\n|\n|-heal|p2a: Rotom|26\/100|[from] item: Leftovers\n|-damage|p1a: Aegislash|94\/100 brn|[from] brn\n|upkeep\n|turn|12\n|inactive|beetlejuggler has 120 seconds left.\n|\n|t:|1700510123\n|move|p1a: Aegislash|Shadow Sneak|p2a: Rotom\n|-damage|p2a: Rotom|9\/100\n|move|p2a: Rotom|Overheat|p1a: Aegislash|[miss]\n|-miss|p2a: Rotom|p1a: Aegislash\n|\n|-heal|p2a: Rotom|15\/100|[from] item: Leftovers\n|-heal|p1a: Aegislash|100\/100 brn|[from] item: Leftovers\n|-damage|p1a: Aegislash|94\/100 brn|[from] brn\n|upkeep\n|turn|13\n|\n|t:|1700510133\n|move|p1a: Aegislash|Shadow Sneak|p2a: Rotom\n|-damage|p2a: Rotom|0 fnt\n|faint|p2a: Rotom\n|\n|-heal|p1a: Aegislash|100\/100 brn|[from] item: Leftovers\n|-damage|p1a: Aegislash|94\/100 brn|[from] brn\n|upkeep\n|inactive|beetlejuggler has 120 seconds left.\n|\n|t:|1700510153\n|switch|p2a: Hydreigon|Hydreigon, M|100\/100\n|turn|14\n|inactive|beetlejuggler has 120 seconds left.\n|\n|t:|1700510161\n|-formechange|p1a: Aegislash|Aegislash||[from] ability: Stance Change\n|move|p1a: Aegislash|King's Shield|p1a: Aegislash\n|-singleturn|p1a: Aegislash|Protect\n|move|p2a: Hydreigon|Flash Cannon|p1a: Aegislash\n|-activate|p1a: Aegislash|move: Protect\n|\n|-heal|p1a: Aegislash|100\/100 brn|[from] item: Leftovers\n|-damage|p1a: Aegislash|94\/100 brn|[from] brn\n|upkeep\n|turn|15\n|\n|t:|1700510179\n|move|p2a: Hydreigon|Flash Cannon|p1a: Aegislash\n|-resisted|p1a: Aegislash\n|-crit|p1a: Aegislash\n|-damage|p1a: Aegislash|72\/100 brn\n|move|p1a: Aegislash|Swords Dance|p1a: Aegislash\n|-boost|p1a: Aegislash|atk|2\n|\n|-heal|p1a: Aegislash|78\/100 brn|[from] item: Leftovers\n|-damage|p1a: Aegislash|72\/100 brn|[from] brn\n|upkeep\n|turn|16\n|\n|t:|1700510189\n|switch|p2a: Great Tusk|Great Tusk|100\/100\n|move|p1a: Aegislash|King's Shield||[still]\n|-fail|p1a: Aegislash\n|\n|-heal|p1a: Aegislash|78\/100 brn|[from] item: Leftovers\n|-damage|p1a: Aegislash|72\/100 brn|[from] brn\n|upkeep\n|turn|17\n|\n|t:|1700510197\n|move|p1a: Aegislash|King's Shield|p1a: Aegislash\n|-singleturn|p1a: Aegislash|Protect\n|move|p2a: Great Tusk|Rapid Spin|p1a: Aegislash\n|-activate|p1a: Aegislash|move: Protect\n|-unboost|p2a: Great Tusk|atk|1\n|\n|-heal|p1a: Aegislash|78\/100 brn|[from] item: Leftovers\n|-damage|p1a: Aegislash|72\/100 brn|[from] brn\n|upkeep\n|turn|18\n|\n|t:|1700510209\n|move|p2a: Great Tusk|Headlong Rush|p1a: Aegislash\n|-supereffective|p1a: Aegislash\n|-damage|p1a: Aegislash|0 fnt\n|-unboost|p2a: Great Tusk|def|1\n|-unboost|p2a: Great Tusk|spd|1\n|faint|p1a: Aegislash\n|\n|upkeep\n|\n|t:|1700510221\n|switch|p1a: Emolga|Emolga, M|10\/100\n|turn|19\n|\n|t:|1700510247\n|-end|p2a: Great Tusk|Protosynthesis|[silent]\n|switch|p2a: Hydreigon|Hydreigon, M|100\/100\n|move|p1a: Emolga|Defog|p2a: Hydreigon\n|-unboost|p2a: Hydreigon|evasion|1\n|-sideend|p1: johngaming|Sticky Web|[from] move: Defog|[of] p1a: Emolga\n|\n|upkeep\n|turn|20\n|\n|t:|1700510268\n|move|p1a: Emolga|Defog|p2a: Hydreigon\n|-unboost|p2a: Hydreigon|evasion|1\n|move|p2a: Hydreigon|Draco Meteor|p1a: Emolga\n|-damage|p1a: Emolga|0 fnt\n|-unboost|p2a: Hydreigon|spa|2\n|faint|p1a: Emolga\n|\n|upkeep\n|\n|t:|1700510279\n|switch|p1a: Grimmsnarl|Grimmsnarl, M|46\/100 brn\n|turn|21\n|\n|t:|1700510284\n|switch|p2a: Corviknight|Corviknight, M|100\/100\n|-ability|p2a: Corviknight|Pressure\n|move|p1a: Grimmsnarl|Bulk Up|p1a: Grimmsnarl\n|-boost|p1a: Grimmsnarl|atk|1\n|-boost|p1a: Grimmsnarl|def|1\n|\n|-damage|p1a: Grimmsnarl|40\/100 brn|[from] brn\n|upkeep\n|turn|22\n|\n|t:|1700510295\n|move|p1a: Grimmsnarl|Parting Shot|p2a: Corviknight\n|-unboost|p2a: Corviknight|atk|1\n|-unboost|p2a: Corviknight|spa|1\n|inactive|johngaming has 120 seconds left.\n|\n|t:|1700510349\n|switch|p1a: Salazzle|Salazzle, F|43\/100 par|[from] Parting Shot\n|move|p2a: Corviknight|Brave Bird|p1a: Salazzle\n|-damage|p1a: Salazzle|0 fnt\n|faint|p1a: Salazzle\n|-damage|p2a: Corviknight|91\/100|[from] Recoil\n|\n|upkeep\n|inactive|johngaming has 90 seconds left.\n|\n|t:|1700510361\n|switch|p1a: Absol|Absol, F|100\/100\n|-ability|p1a: Absol|Pressure\n|turn|23\n|\n|t:|1700510371\n|detailschange|p1a: Absol|Absol-Mega, F\n|-mega|p1a: Absol|Absol|Absolite\n|move|p1a: Absol|Knock Off|p2a: Corviknight\n|-damage|p2a: Corviknight|56\/100\n|-damage|p1a: Absol|84\/100|[from] item: Rocky Helmet|[of] p2a: Corviknight\n|-enditem|p2a: Corviknight|Rocky Helmet|[from] move: Knock Off|[of] p1a: Absol\n|move|p2a: Corviknight|U-turn|p1a: Absol\n|-supereffective|p1a: Absol\n|-damage|p1a: Absol|51\/100\n|\n|t:|1700510400\n|switch|p2a: Great Tusk|Great Tusk|100\/100|[from] U-turn\n|\n|upkeep\n|turn|24\n|\n|t:|1700510408\n|move|p1a: Absol|Play Rough|p2a: Great Tusk\n|-supereffective|p2a: Great Tusk\n|-damage|p2a: Great Tusk|50\/100\n|-unboost|p2a: Great Tusk|atk|1\n|move|p2a: Great Tusk|Rapid Spin|p1a: Absol\n|-damage|p1a: Absol|29\/100\n|-boost|p2a: Great Tusk|spe|1\n|\n|upkeep\n|turn|25\n|\n|t:|1700510420\n|move|p2a: Great Tusk|Ice Spinner|p1a: Absol\n|-damage|p1a: Absol|0 fnt\n|faint|p1a: Absol\n|\n|upkeep\n|\n|t:|1700510429\n|switch|p1a: Gyarados|Gyarados, F, shiny|100\/100\n|-ability|p1a: Gyarados|Intimidate|boost\n|-unboost|p2a: Great Tusk|atk|1\n|turn|26\n|\n|t:|1700510460\n|move|p2a: Great Tusk|Ice Spinner|p1a: Gyarados\n|-damage|p1a: Gyarados|82\/100\n|move|p1a: Gyarados|Waterfall|p2a: Great Tusk\n|-supereffective|p2a: Great Tusk\n|-damage|p2a: Great Tusk|0 fnt\n|faint|p2a: Great Tusk\n|-end|p2a: Great Tusk|Protosynthesis|[silent]\n|-damage|p1a: Gyarados|72\/100|[from] item: Life Orb\n|\n|upkeep\n|inactive|beetlejuggler has 120 seconds left.\n|\n|t:|1700510472\n|switch|p2a: Hydreigon|Hydreigon, M|100\/100\n|turn|27\n|\n|t:|1700510488\n|move|p2a: Hydreigon|Dark Pulse|p1a: Gyarados\n|-damage|p1a: Gyarados|11\/100\n|move|p1a: Gyarados|Dragon Dance|p1a: Gyarados\n|-boost|p1a: Gyarados|atk|1\n|-boost|p1a: Gyarados|spe|1\n|\n|upkeep\n|turn|28\n|\n|t:|1700510500\n|move|p1a: Gyarados|Ice Fang|p2a: Hydreigon\n|-supereffective|p2a: Hydreigon\n|-damage|p2a: Hydreigon|0 fnt\n|faint|p2a: Hydreigon\n|-damage|p1a: Gyarados|1\/100|[from] item: Life Orb\n|\n|upkeep\n|\n|t:|1700510505\n|switch|p2a: Corviknight|Corviknight, M|56\/100\n|-ability|p2a: Corviknight|Pressure\n|turn|29\n|inactive|johngaming has 120 seconds left.\n|\n|t:|1700510514\n|-terastallize|p2a: Corviknight|Dragon\n|move|p1a: Gyarados|Waterfall|p2a: Corviknight\n|-resisted|p2a: Corviknight\n|-damage|p2a: Corviknight|33\/100\n|-damage|p1a: Gyarados|0 fnt|[from] item: Life Orb\n|faint|p1a: Gyarados\n|move|p2a: Corviknight|U-turn|p1: Gyarados|[notarget]\n|-fail|p2a: Corviknight\n|\n|upkeep\n|inactive|johngaming has 120 seconds left.\n|\n|t:|1700510524\n|switch|p1a: Grimmsnarl|Grimmsnarl, M|40\/100 brn\n|turn|30\n|\n|t:|1700510539\n|move|p2a: Corviknight|Brave Bird|p1a: Grimmsnarl\n|-damage|p1a: Grimmsnarl|0 fnt\n|faint|p1a: Grimmsnarl\n|-damage|p2a: Corviknight|20\/100|[from] Recoil\n|\n|win|beetlejuggler\n|raw|johngaming's rating: 1214 &rarr; <strong>1183<\/strong><br \/>(-31 for losing)\n|raw|beetlejuggler's rating: 1132 &rarr; <strong>1163<\/strong><br \/>(+31 for winning)\n|c|\u2606johngaming|gg\n|c|\u2606beetlejuggler|gg\n|l|\u2606johngaming\n","uploadtime":1700510555,"views":13,"p1id":"johngaming","p2id":"beetlejuggler","formatid":"gen9nationaldex","rating":1163,"private":0,"password":""}