{"id":"gen9nationaldex-1989942778","p1":"wobens613","p2":"A Ira de Deus","format":"[Gen 9] National Dex","log":"|j|\u2606wobens613\n|j|\u2606A Ira de Deus\n|t:|1699908777\n|gametype|singles\n|player|p1|wobens613|hilda-masters|1547\n|player|p2|A Ira de Deus|unknown|1848\n|teamsize|p1|6\n|teamsize|p2|6\n|gen|9\n|tier|[Gen 9] National Dex\n|rated|\n|rule|HP Percentage Mod: HP is shown in percentages\n|rule|Endless Battle Clause: Forcing endless battles is banned\n|rule|OHKO Clause: OHKO moves are banned\n|rule|Evasion Clause: Evasion abilities, items, and moves are banned\n|rule|Evasion Abilities Clause: Evasion abilities are banned\n|rule|Evasion Items Clause: Evasion items are banned\n|rule|Evasion Moves Clause: Evasion moves are banned\n|rule|Species Clause: Limit one of each Pok\u00e9mon\n|rule|Sleep Clause Mod: Limit one foe put to sleep\n|clearpoke\n|poke|p1|Gardevoir, M|\n|poke|p1|Blaziken, F|\n|poke|p1|Ting-Lu|\n|poke|p1|Nihilego|\n|poke|p1|Zapdos|\n|poke|p1|Kartana|\n|poke|p2|Charizard, M|\n|poke|p2|Kyurem|\n|poke|p2|Clefable, M|\n|poke|p2|Toxapex, M|\n|poke|p2|Chansey, F|\n|poke|p2|Gliscor, M|\n|teampreview\n|inactive|Battle timer is ON: inactive players will automatically lose when time's up. (requested by wobens613)\n|\n|t:|1699908795\n|start\n|switch|p1a: Ting-Lu|Ting-Lu|100\/100\n|switch|p2a: Hover on Water|Toxapex, M|100\/100\n|-ability|p1a: Ting-Lu|Vessel of Ruin\n|turn|1\n|\n|t:|1699908800\n|-terastallize|p1a: Ting-Lu|Poison\n|move|p1a: Ting-Lu|Stealth Rock|p2a: Hover on Water\n|-sidestart|p2: A Ira de Deus|move: Stealth Rock\n|move|p2a: Hover on Water|Toxic Spikes|p1a: Ting-Lu\n|-sidestart|p1: wobens613|move: Toxic Spikes\n|\n|upkeep\n|turn|2\n|j| YJLF2\n|\n|t:|1699908808\n|move|p1a: Ting-Lu|Spikes|p2a: Hover on Water\n|-sidestart|p2: A Ira de Deus|Spikes\n|move|p2a: Hover on Water|Scald|p1a: Ting-Lu\n|-damage|p1a: Ting-Lu|93\/100\n|\n|-heal|p1a: Ting-Lu|99\/100|[from] item: Leftovers\n|upkeep\n|turn|3\n|\n|t:|1699908812\n|switch|p2a: Flat Earth|Gliscor, M, shiny|100\/100\n|-damage|p2a: Flat Earth|88\/100|[from] Stealth Rock\n|move|p1a: Ting-Lu|Earthquake|p2a: Flat Earth\n|-immune|p2a: Flat Earth\n|\n|-heal|p1a: Ting-Lu|100\/100|[from] item: Leftovers\n|-status|p2a: Flat Earth|tox|[from] item: Toxic Orb\n|upkeep\n|turn|4\n|\n|t:|1699908817\n|move|p2a: Flat Earth|Knock Off|p1a: Ting-Lu\n|-damage|p1a: Ting-Lu|88\/100\n|-enditem|p1a: Ting-Lu|Leftovers|[from] move: Knock Off|[of] p2a: Flat Earth\n|move|p1a: Ting-Lu|Stealth Rock||[still]\n|-fail|p1a: Ting-Lu\n|\n|-heal|p2a: Flat Earth|100\/100 tox|[from] ability: Poison Heal\n|upkeep\n|turn|5\n|\n|t:|1699908823\n|move|p2a: Flat Earth|Earthquake|p1a: Ting-Lu\n|-supereffective|p1a: Ting-Lu\n|-damage|p1a: Ting-Lu|53\/100\n|move|p1a: Ting-Lu|Stealth Rock||[still]\n|-fail|p1a: Ting-Lu\n|\n|upkeep\n|turn|6\n|\n|t:|1699908831\n|move|p2a: Flat Earth|Earthquake|p1a: Ting-Lu\n|-supereffective|p1a: Ting-Lu\n|-damage|p1a: Ting-Lu|18\/100\n|move|p1a: Ting-Lu|Whirlwind|p2a: Flat Earth\n|drag|p2a: Antarctic circle|Kyurem|100\/100\n|-damage|p2a: Antarctic circle|76\/100|[from] Stealth Rock\n|-damage|p2a: Antarctic circle|63\/100|[from] Spikes\n|-ability|p2a: Antarctic circle|Pressure\n|\n|upkeep\n|turn|7\n|\n|t:|1699908836\n|move|p2a: Antarctic circle|Ice Beam|p1a: Ting-Lu\n|-damage|p1a: Ting-Lu|0 fnt\n|faint|p1a: Ting-Lu\n|\n|upkeep\n|\n|t:|1699908841\n|switch|p1a: Nihilego|Nihilego|100\/100\n|-sideend|p1: wobens613|move: Toxic Spikes|[of] p1a: Nihilego\n|turn|8\n|inactive|A Ira de Deus has 120 seconds left.\n|\n|t:|1699908872\n|switch|p1a: Kartana|Kartana|100\/100\n|switch|p2a: Tree of Life|Chansey, F|100\/100\n|-damage|p2a: Tree of Life|88\/100|[from] Stealth Rock\n|-damage|p2a: Tree of Life|75\/100|[from] Spikes\n|\n|upkeep\n|turn|9\n|\n|t:|1699908879\n|move|p1a: Kartana|Knock Off|p2a: Tree of Life\n|-damage|p2a: Tree of Life|45\/100\n|-enditem|p2a: Tree of Life|Eviolite|[from] move: Knock Off|[of] p1a: Kartana\n|move|p2a: Tree of Life|Thunder Wave|p1a: Kartana\n|-status|p1a: Kartana|par\n|\n|upkeep\n|turn|10\n|\n|t:|1699908890\n|switch|p1a: Blaziken|Blaziken, F|100\/100\n|move|p2a: Tree of Life|Soft-Boiled|p2a: Tree of Life\n|-heal|p2a: Tree of Life|95\/100\n|\n|upkeep\n|turn|11\n|\n|t:|1699908895\n|switch|p2a: Hover on Water|Toxapex, M|100\/100\n|-damage|p2a: Hover on Water|88\/100|[from] Stealth Rock\n|-damage|p2a: Hover on Water|75\/100|[from] Spikes\n|move|p1a: Blaziken|Protect||[still]\n|-fail|p1a: Blaziken\n|\n|-ability|p1a: Blaziken|Speed Boost|boost\n|-boost|p1a: Blaziken|spe|1\n|upkeep\n|turn|12\n|\n|t:|1699908901\n|switch|p1a: Kartana|Kartana|100\/100 par\n|move|p2a: Hover on Water|Scald|p1a: Kartana\n|-resisted|p1a: Kartana\n|-damage|p1a: Kartana|74\/100 par\n|\n|upkeep\n|turn|13\n|\n|t:|1699908908\n|move|p1a: Kartana|Leaf Blade|p2a: Hover on Water\n|-damage|p2a: Hover on Water|41\/100\n|-damage|p1a: Kartana|57\/100 par|[from] item: Rocky Helmet|[of] p2a: Hover on Water\n|move|p2a: Hover on Water|Toxic Spikes|p1a: Kartana\n|-sidestart|p1: wobens613|move: Toxic Spikes\n|\n|upkeep\n|turn|14\n|\n|t:|1699908919\n|switch|p1a: Nihilego|Nihilego|100\/100\n|-sideend|p1: wobens613|move: Toxic Spikes|[of] p1a: Nihilego\n|switch|p2a: Consuming Fire|Charizard, M|100\/100\n|-damage|p2a: Consuming Fire|51\/100|[from] Stealth Rock\n|\n|upkeep\n|turn|15\n|\n|t:|1699908945\n|switch|p2a: Tree of Life|Chansey, F|95\/100\n|-damage|p2a: Tree of Life|83\/100|[from] Stealth Rock\n|-damage|p2a: Tree of Life|70\/100|[from] Spikes\n|move|p1a: Nihilego|Power Gem|p2a: Tree of Life\n|-damage|p2a: Tree of Life|53\/100\n|\n|upkeep\n|turn|16\n|\n|t:|1699908951\n|switch|p1a: Kartana|Kartana|57\/100 par\n|move|p2a: Tree of Life|Soft-Boiled|p2a: Tree of Life\n|-heal|p2a: Tree of Life|100\/100\n|\n|upkeep\n|turn|17\n|\n|t:|1699908959\n|switch|p1a: Zapdos|Zapdos|100\/100\n|move|p2a: Tree of Life|Teleport|p2a: Tree of Life\n|\n|t:|1699908961\n|switch|p2a: Flat Earth|Gliscor, M, shiny|100\/100 tox|[from] Teleport\n|-damage|p2a: Flat Earth|88\/100 tox|[from] Stealth Rock\n|\n|-heal|p2a: Flat Earth|100\/100 tox|[from] ability: Poison Heal\n|upkeep\n|turn|18\n|\n|t:|1699908963\n|move|p2a: Flat Earth|Defog|p1a: Zapdos\n|-unboost|p1a: Zapdos|evasion|1\n|-sideend|p2: A Ira de Deus|Spikes|[from] move: Defog|[of] p2a: Flat Earth\n|-sideend|p2: A Ira de Deus|Stealth Rock|[from] move: Defog|[of] p2a: Flat Earth\n|move|p1a: Zapdos|Hidden Power|p2a: Flat Earth\n|-supereffective|p2a: Flat Earth\n|-damage|p2a: Flat Earth|44\/100 tox\n|\n|-heal|p2a: Flat Earth|56\/100 tox|[from] ability: Poison Heal\n|upkeep\n|turn|19\n|\n|t:|1699908970\n|switch|p2a: Tree of Life|Chansey, F|100\/100\n|move|p1a: Zapdos|Hidden Power|p2a: Tree of Life\n|-damage|p2a: Tree of Life|93\/100\n|\n|upkeep\n|turn|20\n|\n|t:|1699908973\n|move|p1a: Zapdos|Volt Switch|p2a: Tree of Life\n|-damage|p2a: Tree of Life|80\/100\n|\n|t:|1699908976\n|switch|p1a: Kartana|Kartana|57\/100 par|[from] Volt Switch\n|move|p2a: Tree of Life|Teleport|p2a: Tree of Life\n|\n|t:|1699908979\n|switch|p2a: Antarctic circle|Kyurem|63\/100|[from] Teleport\n|-ability|p2a: Antarctic circle|Pressure\n|\n|upkeep\n|turn|21\n|\n|t:|1699908987\n|switch|p1a: Gardevoir|Gardevoir, M|100\/100\n|-ability|p1a: Gardevoir|Pressure\n|-ability|p1a: Gardevoir|Pressure|[from] ability: Trace|[of] p2a: Antarctic circle\n|move|p2a: Antarctic circle|Ice Beam|p1a: Gardevoir\n|-damage|p1a: Gardevoir|21\/100\n|\n|upkeep\n|turn|22\n|\n|t:|1699908998\n|switch|p2a: Forbidden Fruit|Clefable, M|100\/100\n|detailschange|p1a: Gardevoir|Gardevoir-Mega, M\n|-mega|p1a: Gardevoir|Gardevoir|Gardevoirite\n|move|p1a: Gardevoir|Focus Blast|p2a: Forbidden Fruit|[miss]\n|-miss|p1a: Gardevoir|p2a: Forbidden Fruit\n|\n|upkeep\n|turn|23\n|\n|t:|1699909010\n|switch|p1a: Nihilego|Nihilego|100\/100\n|move|p2a: Forbidden Fruit|Moonblast|p1a: Nihilego\n|-resisted|p1a: Nihilego\n|-damage|p1a: Nihilego|90\/100\n|\n|upkeep\n|turn|24\n|\n|t:|1699909016\n|switch|p2a: Tree of Life|Chansey, F|80\/100\n|move|p1a: Nihilego|Sludge Wave|p2a: Tree of Life\n|-damage|p2a: Tree of Life|57\/100\n|\n|upkeep\n|turn|25\n|\n|t:|1699909024\n|move|p1a: Nihilego|Meteor Beam||[still]\n|-prepare|p1a: Nihilego|Meteor Beam\n|-boost|p1a: Nihilego|spa|1\n|-enditem|p1a: Nihilego|Power Herb\n|-anim|p1a: Nihilego|Meteor Beam|p2a: Tree of Life\n|-damage|p2a: Tree of Life|17\/100\n|move|p2a: Tree of Life|Soft-Boiled|p2a: Tree of Life\n|-heal|p2a: Tree of Life|67\/100\n|\n|upkeep\n|turn|26\n|\n|t:|1699909032\n|move|p1a: Nihilego|Sludge Wave|p2a: Tree of Life\n|-damage|p2a: Tree of Life|35\/100\n|move|p2a: Tree of Life|Thunder Wave|p1a: Nihilego|[miss]\n|-miss|p2a: Tree of Life|p1a: Nihilego\n|\n|upkeep\n|turn|27\n|\n|t:|1699909036\n|move|p1a: Nihilego|Sludge Wave|p2a: Tree of Life\n|-damage|p2a: Tree of Life|0 fnt\n|faint|p2a: Tree of Life\n|-ability|p1a: Nihilego|Beast Boost|boost\n|-boost|p1a: Nihilego|spe|1\n|\n|upkeep\n|\n|t:|1699909046\n|switch|p2a: Hover on Water|Toxapex, M|74\/100\n|turn|28\n|\n|t:|1699909052\n|switch|p2a: Flat Earth|Gliscor, M, shiny|56\/100 tox\n|move|p1a: Nihilego|Power Gem|p2a: Flat Earth\n|-damage|p2a: Flat Earth|4\/100 tox\n|\n|-heal|p2a: Flat Earth|16\/100 tox|[from] ability: Poison Heal\n|upkeep\n|turn|29\n|\n|t:|1699909057\n|switch|p2a: Hover on Water|Toxapex, M|100\/100\n|move|p1a: Nihilego|Power Gem|p2a: Hover on Water\n|-damage|p2a: Hover on Water|51\/100\n|\n|upkeep\n|turn|30\n|\n|t:|1699909066\n|move|p2a: Hover on Water|Baneful Bunker|p2a: Hover on Water\n|-singleturn|p2a: Hover on Water|move: Protect\n|move|p1a: Nihilego|Power Gem|p2a: Hover on Water\n|-activate|p2a: Hover on Water|move: Protect\n|\n|upkeep\n|turn|31\n|\n|t:|1699909070\n|move|p1a: Nihilego|Power Gem|p2a: Hover on Water\n|-damage|p2a: Hover on Water|7\/100\n|move|p2a: Hover on Water|Scald|p1a: Nihilego\n|-supereffective|p1a: Nihilego\n|-damage|p1a: Nihilego|64\/100\n|-status|p1a: Nihilego|brn\n|\n|-damage|p1a: Nihilego|58\/100 brn|[from] brn\n|upkeep\n|turn|32\n|\n|t:|1699909078\n|move|p2a: Hover on Water|Baneful Bunker|p2a: Hover on Water\n|-singleturn|p2a: Hover on Water|move: Protect\n|move|p1a: Nihilego|Power Gem|p2a: Hover on Water\n|-activate|p2a: Hover on Water|move: Protect\n|\n|-damage|p1a: Nihilego|52\/100 brn|[from] brn\n|upkeep\n|turn|33\n|\n|t:|1699909087\n|switch|p2a: Flat Earth|Gliscor, M, shiny|16\/100 tox\n|move|p1a: Nihilego|Sludge Wave|p2a: Flat Earth\n|-resisted|p2a: Flat Earth\n|-damage|p2a: Flat Earth|0 fnt\n|faint|p2a: Flat Earth\n|-ability|p1a: Nihilego|Beast Boost|boost\n|-boost|p1a: Nihilego|spe|1\n|\n|-damage|p1a: Nihilego|46\/100 brn|[from] brn\n|upkeep\n|\n|t:|1699909089\n|switch|p2a: Hover on Water|Toxapex, M|40\/100\n|turn|34\n|\n|t:|1699909096\n|switch|p1a: Zapdos|Zapdos|100\/100\n|move|p2a: Hover on Water|Baneful Bunker||[still]\n|-fail|p2a: Hover on Water\n|\n|upkeep\n|turn|35\n|\n|t:|1699909102\n|move|p2a: Hover on Water|Baneful Bunker|p2a: Hover on Water\n|-singleturn|p2a: Hover on Water|move: Protect\n|move|p1a: Zapdos|Volt Switch|p2a: Hover on Water\n|-activate|p2a: Hover on Water|move: Protect\n|\n|upkeep\n|turn|36\n|\n|t:|1699909109\n|switch|p2a: Forbidden Fruit|Clefable, M|100\/100\n|move|p1a: Zapdos|Volt Switch|p2a: Forbidden Fruit\n|-damage|p2a: Forbidden Fruit|73\/100\n|\n|t:|1699909114\n|switch|p1a: Nihilego|Nihilego|46\/100 brn|[from] Volt Switch\n|\n|-heal|p2a: Forbidden Fruit|79\/100|[from] item: Leftovers\n|-damage|p1a: Nihilego|40\/100 brn|[from] brn\n|upkeep\n|turn|37\n|\n|t:|1699909119\n|move|p2a: Forbidden Fruit|Protect|p2a: Forbidden Fruit\n|-singleturn|p2a: Forbidden Fruit|Protect\n|move|p1a: Nihilego|Sludge Wave|p2a: Forbidden Fruit\n|-activate|p2a: Forbidden Fruit|move: Protect\n|\n|-heal|p2a: Forbidden Fruit|85\/100|[from] item: Leftovers\n|-damage|p1a: Nihilego|34\/100 brn|[from] brn\n|upkeep\n|turn|38\n|\n|t:|1699909123\n|switch|p1a: Zapdos|Zapdos|100\/100\n|switch|p2a: Hover on Water|Toxapex, M|73\/100\n|\n|upkeep\n|turn|39\n|\n|t:|1699909129\n|move|p2a: Hover on Water|Baneful Bunker|p2a: Hover on Water\n|-singleturn|p2a: Hover on Water|move: Protect\n|move|p1a: Zapdos|Volt Switch|p2a: Hover on Water\n|-activate|p2a: Hover on Water|move: Protect\n|\n|upkeep\n|turn|40\n|\n|t:|1699909139\n|-terastallize|p2a: Hover on Water|Dark\n|move|p1a: Zapdos|Volt Switch|p2a: Hover on Water\n|-damage|p2a: Hover on Water|47\/100\n|\n|t:|1699909144\n|switch|p1a: Gardevoir|Gardevoir-Mega, M|21\/100|[from] Volt Switch\n|move|p2a: Hover on Water|Toxic Spikes|p1a: Gardevoir\n|-sidestart|p1: wobens613|move: Toxic Spikes\n|\n|upkeep\n|turn|41\n|\n|t:|1699909151\n|switch|p2a: Forbidden Fruit|Clefable, M|85\/100\n|move|p1a: Gardevoir|Hyper Voice|p2a: Forbidden Fruit\n|-damage|p2a: Forbidden Fruit|16\/100\n|\n|-heal|p2a: Forbidden Fruit|22\/100|[from] item: Leftovers\n|upkeep\n|turn|42\n|\n|t:|1699909158\n|move|p2a: Forbidden Fruit|Protect|p2a: Forbidden Fruit\n|-singleturn|p2a: Forbidden Fruit|Protect\n|move|p1a: Gardevoir|Hyper Voice|p2a: Forbidden Fruit\n|-activate|p2a: Forbidden Fruit|move: Protect\n|\n|-heal|p2a: Forbidden Fruit|28\/100|[from] item: Leftovers\n|upkeep\n|turn|43\n|\n|t:|1699909162\n|move|p1a: Gardevoir|Psychic|p2a: Forbidden Fruit\n|-damage|p2a: Forbidden Fruit|0 fnt\n|faint|p2a: Forbidden Fruit\n|\n|upkeep\n|\n|t:|1699909167\n|switch|p2a: Antarctic circle|Kyurem|63\/100\n|-ability|p2a: Antarctic circle|Pressure\n|turn|44\n|\n|t:|1699909170\n|move|p1a: Gardevoir|Hyper Voice|p2a: Antarctic circle\n|-supereffective|p2a: Antarctic circle\n|-damage|p2a: Antarctic circle|0 fnt\n|faint|p2a: Antarctic circle\n|\n|upkeep\n|-message|A Ira de Deus forfeited.\n|\n|win|wobens613\n|raw|wobens613's rating: 1547 &rarr; <strong>1581<\/strong><br \/>(+34 for winning)\n|raw|A Ira de Deus's rating: 1848 &rarr; <strong>1814<\/strong><br \/>(-34 for losing)\n|l|\u2606A Ira de Deus\n","uploadtime":1699909180,"views":4,"p1id":"wobens613","p2id":"airadedeus","formatid":"gen9nationaldex","rating":1581,"private":0,"password":""}