{"id":"gen9nationaldex-1998399799","p1":"ordja2","p2":"jkljlkh","format":"[Gen 9] National Dex","log":"|html|<div class=\"broadcast-blue\"><strong>[Gen 9] National Dex is currently suspecting Sneasler! For information on how to participate check out the <a href=\"https:\/\/www.smogon.com\/forums\/threads\/sv-national-dex-suspect-8-just-dance.3731534\/\">suspect thread<\/a>.<\/strong><\/div>\n|j|\u2606ordja2\n|j|\u2606jkljlkh\n|t:|1700938037\n|gametype|singles\n|player|p1|ordja2|102|1744\n|player|p2|jkljlkh|266|1867\n|teamsize|p1|6\n|teamsize|p2|6\n|gen|9\n|tier|[Gen 9] National Dex\n|rated|\n|rule|HP Percentage Mod: HP is shown in percentages\n|rule|Endless Battle Clause: Forcing endless battles is banned\n|rule|OHKO Clause: OHKO moves are banned\n|rule|Evasion Clause: Evasion abilities, items, and moves are banned\n|rule|Evasion Abilities Clause: Evasion abilities are banned\n|rule|Evasion Items Clause: Evasion items are banned\n|rule|Evasion Moves Clause: Evasion moves are banned\n|rule|Species Clause: Limit one of each Pok\u00e9mon\n|rule|Sleep Clause Mod: Limit one foe put to sleep\n|clearpoke\n|poke|p1|Garchomp, M|\n|poke|p1|Ogerpon-Wellspring, F|\n|poke|p1|Dondozo, M|\n|poke|p1|Charizard, F|\n|poke|p1|Zapdos|\n|poke|p1|Chansey, F|\n|poke|p2|Toxapex, F|\n|poke|p2|Dondozo, M|\n|poke|p2|Gliscor, F|\n|poke|p2|Blissey, F|\n|poke|p2|Corviknight, F|\n|poke|p2|Tyranitar, F|\n|teampreview\n|inactive|Battle timer is ON: inactive players will automatically lose when time's up. (requested by ordja2)\n|\n|t:|1700938054\n|start\n|switch|p1a: Ogerpon|Ogerpon-Wellspring, F|100\/100\n|switch|p2a: Gliscor|Gliscor, F|100\/100\n|turn|1\n|\n|t:|1700938064\n|switch|p2a: Dondozo|Dondozo, M|100\/100\n|move|p1a: Ogerpon|Substitute|p1a: Ogerpon\n|-start|p1a: Ogerpon|Substitute\n|-damage|p1a: Ogerpon|76\/100\n|\n|upkeep\n|turn|2\n|\n|t:|1700938070\n|move|p1a: Ogerpon|Horn Leech|p2a: Dondozo\n|-supereffective|p2a: Dondozo\n|-damage|p2a: Dondozo|62\/100\n|-heal|p1a: Ogerpon|100\/100|[from] drain|[of] p2a: Dondozo\n|move|p2a: Dondozo|Curse|p2a: Dondozo\n|-unboost|p2a: Dondozo|spe|1\n|-boost|p2a: Dondozo|atk|1\n|-boost|p2a: Dondozo|def|1\n|\n|upkeep\n|turn|3\n|\n|t:|1700938078\n|move|p1a: Ogerpon|Horn Leech|p2a: Dondozo\n|-supereffective|p2a: Dondozo\n|-damage|p2a: Dondozo|34\/100\n|move|p2a: Dondozo|Curse|p2a: Dondozo\n|-unboost|p2a: Dondozo|spe|1\n|-boost|p2a: Dondozo|atk|1\n|-boost|p2a: Dondozo|def|1\n|\n|upkeep\n|turn|4\n|\n|t:|1700938086\n|move|p1a: Ogerpon|Horn Leech|p2a: Dondozo\n|-supereffective|p2a: Dondozo\n|-damage|p2a: Dondozo|13\/100\n|move|p2a: Dondozo|Rest|p2a: Dondozo\n|-status|p2a: Dondozo|slp|[from] move: Rest\n|-heal|p2a: Dondozo|100\/100 slp|[silent]\n|\n|upkeep\n|turn|5\n|\n|t:|1700938094\n|switch|p1a: Zapdos|Zapdos|100\/100\n|cant|p2a: Dondozo|slp\n|move|p2a: Dondozo|Sleep Talk|p2a: Dondozo\n|move|p2a: Dondozo|Body Press|p1a: Zapdos|[from]move: Sleep Talk\n|-resisted|p1a: Zapdos\n|-damage|p1a: Zapdos|67\/100\n|\n|upkeep\n|turn|6\n|\n|t:|1700938102\n|switch|p2a: Gliscor|Gliscor, F|100\/100\n|move|p1a: Zapdos|Hidden Power|p2a: Gliscor\n|-supereffective|p2a: Gliscor\n|-damage|p2a: Gliscor|8\/100\n|\n|-status|p2a: Gliscor|tox|[from] item: Toxic Orb\n|upkeep\n|turn|7\n|\n|t:|1700938110\n|move|p2a: Gliscor|Protect|p2a: Gliscor\n|-singleturn|p2a: Gliscor|Protect\n|move|p1a: Zapdos|Volt Switch|p2a: Gliscor\n|-activate|p2a: Gliscor|move: Protect\n|\n|-heal|p2a: Gliscor|20\/100 tox|[from] ability: Poison Heal\n|upkeep\n|turn|8\n|\n|t:|1700938117\n|switch|p2a: Tyranitar|Tyranitar, F|100\/100\n|-weather|Sandstorm|[from] ability: Sand Stream|[of] p2a: Tyranitar\n|move|p1a: Zapdos|Hurricane|p2a: Tyranitar\n|-resisted|p2a: Tyranitar\n|-damage|p2a: Tyranitar|88\/100\n|-start|p2a: Tyranitar|confusion\n|\n|-weather|Sandstorm|[upkeep]\n|-damage|p1a: Zapdos|60\/100|[from] Sandstorm\n|upkeep\n|turn|9\n|\n|t:|1700938127\n|-activate|p1a: Zapdos|move: Pursuit\n|detailschange|p2a: Tyranitar|Tyranitar-Mega, F\n|-mega|p2a: Tyranitar|Tyranitar|Tyranitarite\n|-activate|p2a: Tyranitar|confusion\n|move|p2a: Tyranitar|Pursuit|p1a: Zapdos|[from]Pursuit\n|-damage|p1a: Zapdos|0 fnt\n|-status|p2a: Tyranitar|par|[from] ability: Static|[of] p1a: Zapdos\n|faint|p1a: Zapdos\n|-hint|A Pokemon can't switch between when it runs out of HP and when it faints\n|\n|-weather|Sandstorm|[upkeep]\n|upkeep\n|\n|t:|1700938137\n|switch|p1a: Ogerpon|Ogerpon-Wellspring, F|100\/100\n|turn|10\n|\n|t:|1700938142\n|switch|p2a: Gliscor|Gliscor, F|20\/100 tox\n|move|p1a: Ogerpon|Horn Leech|p2a: Gliscor\n|-damage|p2a: Gliscor|0 fnt\n|faint|p2a: Gliscor\n|\n|-weather|Sandstorm|[upkeep]\n|-damage|p1a: Ogerpon|95\/100|[from] Sandstorm\n|upkeep\n|\n|t:|1700938144\n|switch|p2a: Toxapex|Toxapex, F|100\/100\n|turn|11\n|\n|t:|1700938152\n|move|p1a: Ogerpon|Substitute|p1a: Ogerpon\n|-start|p1a: Ogerpon|Substitute\n|-damage|p1a: Ogerpon|70\/100\n|move|p2a: Toxapex|Knock Off|p1a: Ogerpon\n|-activate|p1a: Ogerpon|move: Substitute|[damage]\n|\n|-weather|Sandstorm|[upkeep]\n|-damage|p1a: Ogerpon|64\/100|[from] Sandstorm\n|-damage|p2a: Toxapex|95\/100|[from] Sandstorm\n|upkeep\n|turn|12\n|\n|t:|1700938159\n|move|p1a: Ogerpon|Swords Dance|p1a: Ogerpon\n|-boost|p1a: Ogerpon|atk|2\n|move|p2a: Toxapex|Knock Off|p1a: Ogerpon\n|-end|p1a: Ogerpon|Substitute\n|\n|-weather|none\n|upkeep\n|turn|13\n|l|\u2606jkljlkh\n|inactive|jkljlkh disconnected and has a minute to reconnect!\n|player|p2|\n|j|\u2606jkljlkh\n|inactive|jkljlkh reconnected and has 125 seconds left.\n|player|p2|jkljlkh|266\n|inactive|jkljlkh has 120 seconds left.\n|\n|t:|1700938191\n|move|p1a: Ogerpon|Substitute|p1a: Ogerpon\n|-start|p1a: Ogerpon|Substitute\n|-damage|p1a: Ogerpon|39\/100\n|move|p2a: Toxapex|Knock Off|p1a: Ogerpon\n|-activate|p1a: Ogerpon|move: Substitute|[damage]\n|\n|upkeep\n|turn|14\n|\n|t:|1700938198\n|-terastallize|p1a: Ogerpon|Water\n|detailschange|p1a: Ogerpon|Ogerpon-Wellspring-Tera, F, tera:Water\n|-ability|p1a: Ogerpon|Embody Aspect (Wellspring)|boost\n|-boost|p1a: Ogerpon|spd|1\n|move|p1a: Ogerpon|Ivy Cudgel|p2a: Toxapex|[anim] Ivy Cudgel Water\n|-resisted|p2a: Toxapex\n|-damage|p2a: Toxapex|42\/100\n|move|p2a: Toxapex|Knock Off|p1a: Ogerpon\n|-end|p1a: Ogerpon|Substitute\n|\n|upkeep\n|turn|15\n|\n|t:|1700938212\n|move|p2a: Toxapex|Baneful Bunker|p2a: Toxapex\n|-singleturn|p2a: Toxapex|move: Protect\n|move|p1a: Ogerpon|Ivy Cudgel|p2a: Toxapex|[anim] Ivy Cudgel Water\n|-activate|p2a: Toxapex|move: Protect\n|\n|upkeep\n|turn|16\n|\n|t:|1700938219\n|switch|p2a: Dondozo|Dondozo, M|100\/100 slp\n|move|p1a: Ogerpon|Horn Leech|p2a: Dondozo\n|-supereffective|p2a: Dondozo\n|-damage|p2a: Dondozo|63\/100 slp\n|-heal|p1a: Ogerpon|70\/100|[from] drain|[of] p2a: Dondozo\n|\n|upkeep\n|turn|17\n|\n|t:|1700938227\n|move|p1a: Ogerpon|Horn Leech|p2a: Dondozo\n|-supereffective|p2a: Dondozo\n|-damage|p2a: Dondozo|20\/100 slp\n|-heal|p1a: Ogerpon|100\/100|[from] drain|[of] p2a: Dondozo\n|cant|p2a: Dondozo|slp\n|move|p2a: Dondozo|Sleep Talk|p2a: Dondozo\n|move|p2a: Dondozo|Curse|p2a: Dondozo|[from]move: Sleep Talk\n|-unboost|p2a: Dondozo|spe|1\n|-boost|p2a: Dondozo|atk|1\n|-boost|p2a: Dondozo|def|1\n|\n|upkeep\n|turn|18\n|\n|t:|1700938237\n|-terastallize|p2a: Dondozo|Poison\n|move|p1a: Ogerpon|Horn Leech|p2a: Dondozo\n|-resisted|p2a: Dondozo\n|-damage|p2a: Dondozo|13\/100 slp\n|-curestatus|p2a: Dondozo|slp|[msg]\n|move|p2a: Dondozo|Rest|p2a: Dondozo\n|-status|p2a: Dondozo|slp|[from] move: Rest\n|-heal|p2a: Dondozo|100\/100 slp|[silent]\n|\n|upkeep\n|turn|19\n|\n|t:|1700938246\n|move|p1a: Ogerpon|Ivy Cudgel|p2a: Dondozo|[anim] Ivy Cudgel Water\n|-damage|p2a: Dondozo|76\/100 slp\n|cant|p2a: Dondozo|slp\n|move|p2a: Dondozo|Sleep Talk|p2a: Dondozo\n|move|p2a: Dondozo|Body Press|p1a: Ogerpon|[from]move: Sleep Talk\n|-damage|p1a: Ogerpon|46\/100\n|\n|upkeep\n|turn|20\n|\n|t:|1700938259\n|switch|p1a: Dondozo|Dondozo, M|100\/100\n|cant|p2a: Dondozo|slp\n|move|p2a: Dondozo|Sleep Talk|p2a: Dondozo\n|move|p2a: Dondozo|Curse|p2a: Dondozo|[from]move: Sleep Talk\n|-unboost|p2a: Dondozo|spe|1\n|-boost|p2a: Dondozo|atk|1\n|-boost|p2a: Dondozo|def|1\n|\n|upkeep\n|turn|21\n|\n|t:|1700938269\n|switch|p2a: Toxapex|Toxapex, F|75\/100\n|move|p1a: Dondozo|Curse|p1a: Dondozo\n|-unboost|p1a: Dondozo|spe|1\n|-boost|p1a: Dondozo|atk|1\n|-boost|p1a: Dondozo|def|1\n|\n|upkeep\n|turn|22\n|\n|t:|1700938275\n|switch|p1a: Charizard|Charizard, F|100\/100\n|move|p2a: Toxapex|Toxic|p1a: Charizard\n|-status|p1a: Charizard|tox\n|\n|-damage|p1a: Charizard|94\/100 tox|[from] psn\n|upkeep\n|turn|23\n|\n|t:|1700938285\n|detailschange|p1a: Charizard|Charizard-Mega-X, F\n|-mega|p1a: Charizard|Charizard|Charizardite X\n|move|p1a: Charizard|Dragon Dance|p1a: Charizard\n|-boost|p1a: Charizard|atk|1\n|-boost|p1a: Charizard|spe|1\n|move|p2a: Toxapex|Knock Off|p1a: Charizard\n|-damage|p1a: Charizard|83\/100 tox\n|\n|-damage|p1a: Charizard|71\/100 tox|[from] psn\n|upkeep\n|turn|24\n|\n|t:|1700938294\n|move|p2a: Toxapex|Baneful Bunker|p2a: Toxapex\n|-singleturn|p2a: Toxapex|move: Protect\n|move|p1a: Charizard|Earthquake|p2a: Toxapex\n|-activate|p2a: Toxapex|move: Protect\n|\n|-damage|p1a: Charizard|53\/100 tox|[from] psn\n|upkeep\n|turn|25\n|\n|t:|1700938301\n|switch|p2a: Blissey|Blissey, F|100\/100\n|move|p1a: Charizard|Flare Blitz|p2a: Blissey\n|-damage|p2a: Blissey|0 fnt\n|faint|p2a: Blissey\n|-damage|p1a: Charizard|0 fnt|[from] Recoil\n|faint|p1a: Charizard\n|\n|upkeep\n|\n|t:|1700938314\n|switch|p1a: Ogerpon|Ogerpon-Wellspring-Tera, F, tera:Water|46\/100\n|switch|p2a: Dondozo|Dondozo, M, tera:Poison|76\/100 slp\n|-ability|p1a: Ogerpon|Embody Aspect (Wellspring)|boost\n|-boost|p1a: Ogerpon|spd|1\n|turn|26\n|\n|t:|1700938328\n|move|p1a: Ogerpon|Ivy Cudgel|p2a: Dondozo|[anim] Ivy Cudgel Water\n|-damage|p2a: Dondozo|43\/100 slp\n|-curestatus|p2a: Dondozo|slp|[msg]\n|move|p2a: Dondozo|Sleep Talk||[still]\n|-fail|p2a: Dondozo\n|\n|upkeep\n|turn|27\n|l|\u2606jkljlkh\n|inactive|jkljlkh disconnected and has a minute to reconnect!\n|player|p2|\n|inactive|jkljlkh has 30 seconds to reconnect!\n|inactive|jkljlkh has 20 seconds to reconnect!\n|inactive|jkljlkh has 15 seconds to reconnect!\n|j|\u2606jkljlkh\n|inactive|jkljlkh reconnected and has 95 seconds left.\n|player|p2|jkljlkh|266\n|inactive|jkljlkh has 90 seconds left.\n|\n|t:|1700938390\n|move|p1a: Ogerpon|Ivy Cudgel|p2a: Dondozo|[anim] Ivy Cudgel Water\n|-damage|p2a: Dondozo|10\/100\n|move|p2a: Dondozo|Rest|p2a: Dondozo\n|-status|p2a: Dondozo|slp|[from] move: Rest\n|-heal|p2a: Dondozo|100\/100 slp|[silent]\n|\n|upkeep\n|turn|28\n|\n|t:|1700938397\n|move|p1a: Ogerpon|Ivy Cudgel|p2a: Dondozo|[anim] Ivy Cudgel Water\n|-damage|p2a: Dondozo|64\/100 slp\n|cant|p2a: Dondozo|slp\n|move|p2a: Dondozo|Sleep Talk|p2a: Dondozo\n|move|p2a: Dondozo|Body Press|p1a: Ogerpon|[from]move: Sleep Talk\n|-damage|p1a: Ogerpon|11\/100\n|\n|upkeep\n|turn|29\n|\n|t:|1700938405\n|move|p1a: Ogerpon|Ivy Cudgel|p2a: Dondozo|[anim] Ivy Cudgel Water\n|-damage|p2a: Dondozo|31\/100 slp\n|cant|p2a: Dondozo|slp\n|move|p2a: Dondozo|Sleep Talk|p2a: Dondozo\n|move|p2a: Dondozo|Body Press|p1a: Ogerpon|[from]move: Sleep Talk\n|-damage|p1a: Ogerpon|0 fnt\n|faint|p1a: Ogerpon\n|\n|upkeep\n|c|\u2606jkljlkh|sorry\n|\n|t:|1700938417\n|switch|p1a: Garchomp|Garchomp, M|100\/100\n|turn|30\n|c|\u2606jkljlkh|my wifi is goofy\n|\n|t:|1700938434\n|move|p1a: Garchomp|Stealth Rock|p2a: Dondozo\n|-sidestart|p2: jkljlkh|move: Stealth Rock\n|-curestatus|p2a: Dondozo|slp|[msg]\n|move|p2a: Dondozo|Rest|p2a: Dondozo\n|-status|p2a: Dondozo|slp|[from] move: Rest\n|-heal|p2a: Dondozo|100\/100 slp|[silent]\n|\n|upkeep\n|turn|31\n|\n|t:|1700938444\n|switch|p1a: Dondozo|Dondozo, M|100\/100\n|cant|p2a: Dondozo|slp\n|move|p2a: Dondozo|Sleep Talk|p2a: Dondozo\n|move|p2a: Dondozo|Curse|p2a: Dondozo|[from]move: Sleep Talk\n|-unboost|p2a: Dondozo|spe|1\n|-boost|p2a: Dondozo|atk|1\n|-boost|p2a: Dondozo|def|1\n|\n|upkeep\n|turn|32\n|\n|t:|1700938452\n|move|p1a: Dondozo|Curse|p1a: Dondozo\n|-unboost|p1a: Dondozo|spe|1\n|-boost|p1a: Dondozo|atk|1\n|-boost|p1a: Dondozo|def|1\n|cant|p2a: Dondozo|slp\n|move|p2a: Dondozo|Sleep Talk|p2a: Dondozo\n|move|p2a: Dondozo|Rest||[from]move: Sleep Talk|[still]\n|-fail|p2a: Dondozo\n|\n|upkeep\n|turn|33\n|\n|t:|1700938460\n|-curestatus|p2a: Dondozo|slp|[msg]\n|move|p2a: Dondozo|Sleep Talk||[still]\n|-fail|p2a: Dondozo\n|move|p1a: Dondozo|Curse|p1a: Dondozo\n|-unboost|p1a: Dondozo|spe|1\n|-boost|p1a: Dondozo|atk|1\n|-boost|p1a: Dondozo|def|1\n|\n|upkeep\n|turn|34\n|\n|t:|1700938467\n|switch|p2a: Toxapex|Toxapex, F|100\/100\n|move|p1a: Dondozo|Curse|p1a: Dondozo\n|-unboost|p1a: Dondozo|spe|1\n|-boost|p1a: Dondozo|atk|1\n|-boost|p1a: Dondozo|def|1\n|\n|upkeep\n|turn|35\n|\n|t:|1700938473\n|move|p2a: Toxapex|Toxic|p1a: Dondozo\n|-status|p1a: Dondozo|tox\n|move|p1a: Dondozo|Curse|p1a: Dondozo\n|-unboost|p1a: Dondozo|spe|1\n|-boost|p1a: Dondozo|atk|1\n|-boost|p1a: Dondozo|def|1\n|\n|-damage|p1a: Dondozo|94\/100 tox|[from] psn\n|upkeep\n|turn|36\n|\n|t:|1700938482\n|move|p2a: Toxapex|Knock Off|p1a: Dondozo\n|-damage|p1a: Dondozo|92\/100 tox\n|-enditem|p1a: Dondozo|Leftovers|[from] move: Knock Off|[of] p2a: Toxapex\n|move|p1a: Dondozo|Curse|p1a: Dondozo\n|-unboost|p1a: Dondozo|spe|1\n|-boost|p1a: Dondozo|atk|1\n|-boost|p1a: Dondozo|def|1\n|\n|-damage|p1a: Dondozo|80\/100 tox|[from] psn\n|upkeep\n|turn|37\n|\n|t:|1700938491\n|switch|p2a: Dondozo|Dondozo, M, tera:Poison|100\/100\n|move|p1a: Dondozo|Rest|p1a: Dondozo\n|-status|p1a: Dondozo|slp|[from] move: Rest\n|-heal|p1a: Dondozo|100\/100 slp|[silent]\n|\n|upkeep\n|turn|38\n|\n|t:|1700938498\n|switch|p2a: Toxapex|Toxapex, F|100\/100\n|cant|p1a: Dondozo|slp\n|\n|upkeep\n|turn|39\n|\n|t:|1700938502\n|move|p2a: Toxapex|Knock Off|p1a: Dondozo\n|-damage|p1a: Dondozo|99\/100 slp\n|cant|p1a: Dondozo|slp\n|\n|upkeep\n|turn|40\n|\n|t:|1700938508\n|move|p2a: Toxapex|Baneful Bunker|p2a: Toxapex\n|-singleturn|p2a: Toxapex|move: Protect\n|-curestatus|p1a: Dondozo|slp|[msg]\n|move|p1a: Dondozo|Curse|p1a: Dondozo\n|-unboost|p1a: Dondozo|spe|1\n|-boost|p1a: Dondozo|atk|1\n|-boost|p1a: Dondozo|def|1\n|\n|upkeep\n|turn|41\n|\n|t:|1700938523\n|move|p2a: Toxapex|Toxic|p1a: Dondozo\n|-status|p1a: Dondozo|tox\n|move|p1a: Dondozo|Wave Crash|p2a: Toxapex\n|-resisted|p2a: Toxapex\n|-damage|p2a: Toxapex|46\/100\n|-damage|p1a: Dondozo|88\/100 tox|[from] Recoil\n|\n|-damage|p1a: Dondozo|82\/100 tox|[from] psn\n|upkeep\n|turn|42\n|\n|t:|1700938532\n|move|p2a: Toxapex|Recover|p2a: Toxapex\n|-heal|p2a: Toxapex|97\/100\n|move|p1a: Dondozo|Body Press|p2a: Toxapex\n|-resisted|p2a: Toxapex\n|-damage|p2a: Toxapex|62\/100\n|\n|-damage|p1a: Dondozo|70\/100 tox|[from] psn\n|upkeep\n|turn|43\n|\n|t:|1700938539\n|move|p2a: Toxapex|Baneful Bunker|p2a: Toxapex\n|-singleturn|p2a: Toxapex|move: Protect\n|move|p1a: Dondozo|Body Press|p2a: Toxapex\n|-activate|p2a: Toxapex|move: Protect\n|\n|-damage|p1a: Dondozo|51\/100 tox|[from] psn\n|upkeep\n|turn|44\n|\n|t:|1700938551\n|move|p2a: Toxapex|Knock Off|p1a: Dondozo\n|-damage|p1a: Dondozo|50\/100 tox\n|move|p1a: Dondozo|Rest|p1a: Dondozo\n|-status|p1a: Dondozo|slp|[from] move: Rest\n|-heal|p1a: Dondozo|100\/100 slp|[silent]\n|\n|upkeep\n|turn|45\n|\n|t:|1700938557\n|switch|p2a: Dondozo|Dondozo, M, tera:Poison|100\/100\n|cant|p1a: Dondozo|slp\n|\n|upkeep\n|turn|46\n|\n|t:|1700938562\n|switch|p2a: Toxapex|Toxapex, F|95\/100\n|cant|p1a: Dondozo|slp\n|\n|upkeep\n|turn|47\n|\n|t:|1700938567\n|move|p2a: Toxapex|Baneful Bunker|p2a: Toxapex\n|-singleturn|p2a: Toxapex|move: Protect\n|-curestatus|p1a: Dondozo|slp|[msg]\n|move|p1a: Dondozo|Curse|p1a: Dondozo\n|\n|upkeep\n|turn|48\n|\n|t:|1700938573\n|move|p2a: Toxapex|Toxic|p1a: Dondozo\n|-status|p1a: Dondozo|tox\n|move|p1a: Dondozo|Wave Crash|p2a: Toxapex\n|-resisted|p2a: Toxapex\n|-damage|p2a: Toxapex|45\/100\n|-damage|p1a: Dondozo|91\/100 tox|[from] Recoil\n|\n|-damage|p1a: Dondozo|84\/100 tox|[from] psn\n|upkeep\n|turn|49\n|\n|t:|1700938581\n|move|p2a: Toxapex|Baneful Bunker|p2a: Toxapex\n|-singleturn|p2a: Toxapex|move: Protect\n|move|p1a: Dondozo|Wave Crash|p2a: Toxapex\n|-activate|p2a: Toxapex|move: Protect\n|\n|-damage|p1a: Dondozo|72\/100 tox|[from] psn\n|upkeep\n|turn|50\n|\n|t:|1700938587\n|move|p2a: Toxapex|Recover|p2a: Toxapex\n|-heal|p2a: Toxapex|95\/100\n|move|p1a: Dondozo|Wave Crash|p2a: Toxapex\n|-resisted|p2a: Toxapex\n|-damage|p2a: Toxapex|43\/100\n|-damage|p1a: Dondozo|62\/100 tox|[from] Recoil\n|\n|-damage|p1a: Dondozo|43\/100 tox|[from] psn\n|upkeep\n|turn|51\n|\n|t:|1700938595\n|move|p2a: Toxapex|Baneful Bunker|p2a: Toxapex\n|-singleturn|p2a: Toxapex|move: Protect\n|move|p1a: Dondozo|Rest|p1a: Dondozo\n|-status|p1a: Dondozo|slp|[from] move: Rest\n|-heal|p1a: Dondozo|100\/100 slp|[silent]\n|\n|upkeep\n|turn|52\n|\n|t:|1700938602\n|switch|p2a: Dondozo|Dondozo, M, tera:Poison|100\/100\n|cant|p1a: Dondozo|slp\n|\n|upkeep\n|turn|53\n|\n|t:|1700938618\n|switch|p2a: Toxapex|Toxapex, F|76\/100\n|cant|p1a: Dondozo|slp\n|\n|upkeep\n|turn|54\n|\n|t:|1700938622\n|switch|p2a: Dondozo|Dondozo, M, tera:Poison|100\/100\n|-curestatus|p1a: Dondozo|slp|[msg]\n|move|p1a: Dondozo|Curse|p1a: Dondozo\n|\n|upkeep\n|turn|55\n|\n|t:|1700938628\n|switch|p2a: Toxapex|Toxapex, F|100\/100\n|move|p1a: Dondozo|Wave Crash|p2a: Toxapex\n|-resisted|p2a: Toxapex\n|-damage|p2a: Toxapex|49\/100\n|-damage|p1a: Dondozo|90\/100|[from] Recoil\n|\n|upkeep\n|turn|56\n|\n|t:|1700938636\n|move|p2a: Toxapex|Recover|p2a: Toxapex\n|-heal|p2a: Toxapex|99\/100\n|move|p1a: Dondozo|Curse|p1a: Dondozo\n|\n|upkeep\n|turn|57\n|\n|t:|1700938640\n|move|p2a: Toxapex|Toxic|p1a: Dondozo\n|-status|p1a: Dondozo|tox\n|move|p1a: Dondozo|Curse|p1a: Dondozo\n|\n|-damage|p1a: Dondozo|84\/100 tox|[from] psn\n|upkeep\n|turn|58\n|\n|t:|1700938646\n|switch|p2a: Dondozo|Dondozo, M, tera:Poison|100\/100\n|move|p1a: Dondozo|Wave Crash|p2a: Dondozo\n|-damage|p2a: Dondozo|81\/100\n|-damage|p1a: Dondozo|78\/100 tox|[from] Recoil\n|\n|-damage|p1a: Dondozo|66\/100 tox|[from] psn\n|upkeep\n|turn|59\n|\n|t:|1700938653\n|switch|p2a: Toxapex|Toxapex, F|100\/100\n|move|p1a: Dondozo|Wave Crash|p2a: Toxapex\n|-resisted|p2a: Toxapex\n|-damage|p2a: Toxapex|46\/100\n|-damage|p1a: Dondozo|55\/100 tox|[from] Recoil\n|\n|-damage|p1a: Dondozo|36\/100 tox|[from] psn\n|upkeep\n|turn|60\n|\n|t:|1700938664\n|switch|p2a: Dondozo|Dondozo, M, tera:Poison|81\/100\n|switch|p1a: Chansey|Chansey, F|100\/100\n|\n|upkeep\n|turn|61\n|\n|t:|1700938669\n|switch|p2a: Corviknight|Corviknight, F|100\/100\n|-damage|p2a: Corviknight|88\/100|[from] Stealth Rock\n|-ability|p2a: Corviknight|Pressure\n|move|p1a: Chansey|Wish|p1a: Chansey\n|\n|-heal|p2a: Corviknight|94\/100|[from] item: Leftovers\n|upkeep\n|turn|62\n|\n|t:|1700938680\n|switch|p1a: Dondozo|Dondozo, M|36\/100 tox\n|move|p2a: Corviknight|Defog|p1a: Dondozo\n|-unboost|p1a: Dondozo|evasion|1\n|-sideend|p2: jkljlkh|Stealth Rock|[from] move: Defog|[of] p2a: Corviknight\n|\n|-heal|p1a: Dondozo|100\/100 tox|[from] move: Wish|[wisher] Chansey\n|-heal|p2a: Corviknight|100\/100|[from] item: Leftovers\n|-damage|p1a: Dondozo|94\/100 tox|[from] psn\n|upkeep\n|turn|63\n|\n|t:|1700938690\n|switch|p2a: Toxapex|Toxapex, F|80\/100\n|switch|p1a: Garchomp|Garchomp, M|100\/100\n|\n|upkeep\n|turn|64\n|\n|t:|1700938697\n|move|p1a: Garchomp|Earthquake|p2a: Toxapex\n|-supereffective|p2a: Toxapex\n|-damage|p2a: Toxapex|10\/100\n|move|p2a: Toxapex|Toxic|p1a: Garchomp\n|-status|p1a: Garchomp|tox\n|\n|-damage|p1a: Garchomp|94\/100 tox|[from] psn\n|upkeep\n|turn|65\n|\n|t:|1700938704\n|switch|p1a: Chansey|Chansey, F|100\/100\n|switch|p2a: Corviknight|Corviknight, F|100\/100\n|-ability|p2a: Corviknight|Pressure\n|\n|upkeep\n|turn|66\n|\n|t:|1700938711\n|switch|p2a: Tyranitar|Tyranitar-Mega, F|88\/100 par\n|-weather|Sandstorm|[from] ability: Sand Stream|[of] p2a: Tyranitar\n|move|p1a: Chansey|Seismic Toss|p2a: Tyranitar\n|-damage|p2a: Tyranitar|63\/100 par\n|\n|-weather|Sandstorm|[upkeep]\n|-damage|p1a: Chansey|94\/100|[from] Sandstorm\n|upkeep\n|turn|67\n|\n|t:|1700938720\n|switch|p1a: Dondozo|Dondozo, M|94\/100 tox\n|move|p2a: Tyranitar|Rest|p2a: Tyranitar\n|-status|p2a: Tyranitar|slp|[from] move: Rest\n|-heal|p2a: Tyranitar|100\/100 slp|[silent]\n|\n|-weather|Sandstorm|[upkeep]\n|-damage|p1a: Dondozo|88\/100 tox|[from] Sandstorm\n|-damage|p1a: Dondozo|82\/100 tox|[from] psn\n|upkeep\n|turn|68\n|\n|t:|1700938732\n|switch|p2a: Toxapex|Toxapex, F|43\/100\n|switch|p1a: Garchomp|Garchomp, M|94\/100 tox\n|\n|-weather|Sandstorm|[upkeep]\n|-damage|p2a: Toxapex|37\/100|[from] Sandstorm\n|-damage|p1a: Garchomp|88\/100 tox|[from] psn\n|upkeep\n|turn|69\n|\n|t:|1700938740\n|switch|p2a: Corviknight|Corviknight, F|100\/100\n|-ability|p2a: Corviknight|Pressure\n|move|p1a: Garchomp|Stone Edge|p2a: Corviknight\n|-damage|p2a: Corviknight|70\/100\n|\n|-weather|Sandstorm|[upkeep]\n|-heal|p2a: Corviknight|76\/100|[from] item: Leftovers\n|-damage|p1a: Garchomp|76\/100 tox|[from] psn\n|upkeep\n|turn|70\n|\n|t:|1700938754\n|switch|p1a: Chansey|Chansey, F|94\/100\n|move|p2a: Corviknight|Protect||[still]\n|-fail|p2a: Corviknight\n|\n|-weather|none\n|-heal|p2a: Corviknight|82\/100|[from] item: Leftovers\n|upkeep\n|turn|71\n|\n|t:|1700938761\n|switch|p2a: Tyranitar|Tyranitar-Mega, F|100\/100 slp\n|-weather|Sandstorm|[from] ability: Sand Stream|[of] p2a: Tyranitar\n|move|p1a: Chansey|Wish|p1a: Chansey\n|\n|-weather|Sandstorm|[upkeep]\n|-damage|p1a: Chansey|88\/100|[from] Sandstorm\n|upkeep\n|turn|72\n|\n|t:|1700938772\n|cant|p2a: Tyranitar|slp\n|move|p1a: Chansey|Seismic Toss|p2a: Tyranitar\n|-damage|p2a: Tyranitar|76\/100 slp\n|\n|-weather|Sandstorm|[upkeep]\n|-damage|p1a: Chansey|82\/100|[from] Sandstorm\n|-heal|p1a: Chansey|100\/100|[from] move: Wish|[wisher] Chansey\n|upkeep\n|turn|73\n|\n|t:|1700938780\n|cant|p2a: Tyranitar|slp\n|move|p1a: Chansey|Wish|p1a: Chansey\n|\n|-weather|Sandstorm|[upkeep]\n|-damage|p1a: Chansey|94\/100|[from] Sandstorm\n|upkeep\n|turn|74\n|\n|t:|1700938785\n|switch|p1a: Garchomp|Garchomp, M|76\/100 tox\n|-curestatus|p2a: Tyranitar|slp|[msg]\n|move|p2a: Tyranitar|Knock Off|p1a: Garchomp\n|-damage|p1a: Garchomp|25\/100 tox\n|-damage|p2a: Tyranitar|63\/100|[from] ability: Rough Skin|[of] p1a: Garchomp\n|-enditem|p1a: Garchomp|Choice Scarf|[from] move: Knock Off|[of] p2a: Tyranitar\n|\n|-weather|Sandstorm|[upkeep]\n|-heal|p1a: Garchomp|100\/100 tox|[from] move: Wish|[wisher] Chansey\n|-damage|p1a: Garchomp|94\/100 tox|[from] psn\n|upkeep\n|turn|75\n|\n|t:|1700938798\n|switch|p2a: Corviknight|Corviknight, F|82\/100\n|-ability|p2a: Corviknight|Pressure\n|move|p1a: Garchomp|Earthquake|p2a: Corviknight\n|-immune|p2a: Corviknight\n|\n|-weather|none\n|-heal|p2a: Corviknight|88\/100|[from] item: Leftovers\n|-damage|p1a: Garchomp|82\/100 tox|[from] psn\n|upkeep\n|turn|76\n|\n|t:|1700938807\n|move|p2a: Corviknight|Protect|p2a: Corviknight\n|-singleturn|p2a: Corviknight|Protect\n|move|p1a: Garchomp|Stealth Rock|p2a: Corviknight\n|-sidestart|p2: jkljlkh|move: Stealth Rock\n|\n|-heal|p2a: Corviknight|95\/100|[from] item: Leftovers\n|-damage|p1a: Garchomp|64\/100 tox|[from] psn\n|upkeep\n|turn|77\n|\n|t:|1700938819\n|switch|p1a: Chansey|Chansey, F|94\/100\n|move|p2a: Corviknight|Defog|p1a: Chansey\n|-unboost|p1a: Chansey|evasion|1\n|-sideend|p2: jkljlkh|Stealth Rock|[from] move: Defog|[of] p2a: Corviknight\n|\n|-heal|p2a: Corviknight|100\/100|[from] item: Leftovers\n|upkeep\n|turn|78\n|j| nemohimself\n|\n|t:|1700938836\n|switch|p2a: Tyranitar|Tyranitar-Mega, F|63\/100\n|-weather|Sandstorm|[from] ability: Sand Stream|[of] p2a: Tyranitar\n|move|p1a: Chansey|Toxic|p2a: Tyranitar\n|-status|p2a: Tyranitar|tox\n|\n|-weather|Sandstorm|[upkeep]\n|-damage|p1a: Chansey|88\/100|[from] Sandstorm\n|-damage|p2a: Tyranitar|57\/100 tox|[from] psn\n|upkeep\n|turn|79\n|\n|t:|1700938845\n|switch|p1a: Dondozo|Dondozo, M|82\/100 tox\n|move|p2a: Tyranitar|Knock Off|p1a: Dondozo\n|-damage|p1a: Dondozo|65\/100 tox\n|\n|-weather|Sandstorm|[upkeep]\n|-damage|p1a: Dondozo|59\/100 tox|[from] Sandstorm\n|-damage|p2a: Tyranitar|45\/100 tox|[from] psn\n|-damage|p1a: Dondozo|53\/100 tox|[from] psn\n|upkeep\n|turn|80\n|c| nemohimself|damn thats a lot of turns\n|c|\u2606jkljlkh|he'lll just loose\n|\n|t:|1700938856\n|move|p2a: Tyranitar|Rest|p2a: Tyranitar\n|-status|p2a: Tyranitar|slp|[from] move: Rest\n|-heal|p2a: Tyranitar|100\/100 slp|[silent]\n|move|p1a: Dondozo|Rest|p1a: Dondozo\n|-status|p1a: Dondozo|slp|[from] move: Rest\n|-heal|p1a: Dondozo|100\/100 slp|[silent]\n|\n|-weather|Sandstorm|[upkeep]\n|-damage|p1a: Dondozo|94\/100 slp|[from] Sandstorm\n|upkeep\n|turn|81\n|c|\u2606jkljlkh|bc pp stall\n|c| nemohimself|you sure you dont wanna just forfeit\n|\n|t:|1700938866\n|switch|p2a: Toxapex|Toxapex, F|70\/100\n|switch|p1a: Chansey|Chansey, F|88\/100\n|\n|-weather|Sandstorm|[upkeep]\n|-damage|p1a: Chansey|82\/100|[from] Sandstorm\n|-damage|p2a: Toxapex|65\/100|[from] Sandstorm\n|upkeep\n|turn|82\n|\n|t:|1700938877\n|switch|p1a: Garchomp|Garchomp, M|64\/100 tox\n|switch|p2a: Tyranitar|Tyranitar-Mega, F|100\/100 slp\n|\n|-weather|none\n|-damage|p1a: Garchomp|57\/100 tox|[from] psn\n|upkeep\n|turn|83\n|\n|t:|1700938885\n|switch|p2a: Corviknight|Corviknight, F|100\/100\n|-ability|p2a: Corviknight|Pressure\n|move|p1a: Garchomp|Stealth Rock|p2a: Corviknight\n|-sidestart|p2: jkljlkh|move: Stealth Rock\n|\n|-damage|p1a: Garchomp|45\/100 tox|[from] psn\n|upkeep\n|turn|84\n|\n|t:|1700938891\n|switch|p1a: Chansey|Chansey, F|82\/100\n|move|p2a: Corviknight|Defog|p1a: Chansey\n|-unboost|p1a: Chansey|evasion|1\n|-sideend|p2: jkljlkh|Stealth Rock|[from] move: Defog|[of] p2a: Corviknight\n|\n|upkeep\n|turn|85\n|\n|t:|1700938898\n|switch|p2a: Tyranitar|Tyranitar-Mega, F|100\/100 slp\n|-weather|Sandstorm|[from] ability: Sand Stream|[of] p2a: Tyranitar\n|move|p1a: Chansey|Wish|p1a: Chansey\n|\n|-weather|Sandstorm|[upkeep]\n|-damage|p1a: Chansey|76\/100|[from] Sandstorm\n|upkeep\n|turn|86\n|\n|t:|1700938905\n|switch|p1a: Garchomp|Garchomp, M|45\/100 tox\n|cant|p2a: Tyranitar|slp\n|\n|-weather|Sandstorm|[upkeep]\n|-heal|p1a: Garchomp|100\/100 tox|[from] move: Wish|[wisher] Chansey\n|-damage|p1a: Garchomp|94\/100 tox|[from] psn\n|upkeep\n|turn|87\n|\n|t:|1700938913\n|switch|p2a: Corviknight|Corviknight, F|100\/100\n|-ability|p2a: Corviknight|Pressure\n|move|p1a: Garchomp|Stealth Rock|p2a: Corviknight\n|-sidestart|p2: jkljlkh|move: Stealth Rock\n|\n|-weather|Sandstorm|[upkeep]\n|-damage|p1a: Garchomp|82\/100 tox|[from] psn\n|upkeep\n|turn|88\n|c| nemohimself|pp going\n|c|\u2606jkljlkh|i pp stall the rocks\n|c|\u2606jkljlkh|and wish\n|c|\u2606jkljlkh|and rest\n|c|\u2606jkljlkh|and everything\n|\n|t:|1700938925\n|switch|p1a: Dondozo|Dondozo, M|94\/100 slp\n|move|p2a: Corviknight|Defog|p1a: Dondozo\n|-unboost|p1a: Dondozo|evasion|1\n|-sideend|p2: jkljlkh|Stealth Rock|[from] move: Defog|[of] p2a: Corviknight\n|\n|-weather|Sandstorm|[upkeep]\n|-damage|p1a: Dondozo|88\/100 slp|[from] Sandstorm\n|upkeep\n|turn|89\n|\n|t:|1700938932\n|switch|p2a: Toxapex|Toxapex, F|98\/100\n|switch|p1a: Garchomp|Garchomp, M|82\/100 tox\n|\n|-weather|none\n|-damage|p1a: Garchomp|76\/100 tox|[from] psn\n|upkeep\n|turn|90\n|\n|t:|1700938944\n|switch|p2a: Corviknight|Corviknight, F|100\/100\n|-ability|p2a: Corviknight|Pressure\n|move|p1a: Garchomp|Stealth Rock|p2a: Corviknight\n|-sidestart|p2: jkljlkh|move: Stealth Rock\n|\n|-damage|p1a: Garchomp|64\/100 tox|[from] psn\n|upkeep\n|turn|91\n|\n|t:|1700938951\n|switch|p1a: Chansey|Chansey, F|76\/100\n|move|p2a: Corviknight|Defog|p1a: Chansey\n|-unboost|p1a: Chansey|evasion|1\n|-sideend|p2: jkljlkh|Stealth Rock|[from] move: Defog|[of] p2a: Corviknight\n|\n|upkeep\n|turn|92\n|\n|t:|1700938958\n|switch|p2a: Tyranitar|Tyranitar-Mega, F|100\/100 slp\n|-weather|Sandstorm|[from] ability: Sand Stream|[of] p2a: Tyranitar\n|move|p1a: Chansey|Wish|p1a: Chansey\n|\n|-weather|Sandstorm|[upkeep]\n|-damage|p1a: Chansey|70\/100|[from] Sandstorm\n|upkeep\n|turn|93\n|j| puzaifan01\n|\n|t:|1700938966\n|-activate|p1a: Chansey|move: Pursuit\n|cant|p2a: Tyranitar|slp\n|switch|p1a: Garchomp|Garchomp, M|64\/100 tox\n|\n|-weather|Sandstorm|[upkeep]\n|-heal|p1a: Garchomp|100\/100 tox|[from] move: Wish|[wisher] Chansey\n|-damage|p1a: Garchomp|94\/100 tox|[from] psn\n|upkeep\n|turn|94\n|\n|t:|1700938975\n|move|p1a: Garchomp|Stealth Rock|p2a: Tyranitar\n|-sidestart|p2: jkljlkh|move: Stealth Rock\n|-curestatus|p2a: Tyranitar|slp|[msg]\n|move|p2a: Tyranitar|Ice Punch|p1a: Garchomp\n|-supereffective|p1a: Garchomp\n|-damage|p1a: Garchomp|0 fnt\n|-damage|p2a: Tyranitar|88\/100|[from] ability: Rough Skin|[of] p1a: Garchomp\n|faint|p1a: Garchomp\n|\n|-weather|Sandstorm|[upkeep]\n|upkeep\n|c|\u2606jkljlkh|lol now its jover\n|c| nemohimself|o shit\n|\n|t:|1700938987\n|switch|p1a: Dondozo|Dondozo, M|88\/100 slp\n|turn|95\n|\n|t:|1700938994\n|switch|p2a: Corviknight|Corviknight, F|100\/100\n|-damage|p2a: Corviknight|88\/100|[from] Stealth Rock\n|-ability|p2a: Corviknight|Pressure\n|cant|p1a: Dondozo|slp\n|\n|-weather|Sandstorm|[upkeep]\n|-damage|p1a: Dondozo|82\/100 slp|[from] Sandstorm\n|-heal|p2a: Corviknight|94\/100|[from] item: Leftovers\n|upkeep\n|turn|96\n|-message|ordja2 forfeited.\n|\n|win|jkljlkh\n|raw|ordja2's rating: 1754 &rarr; <strong>1740<\/strong><br \/>(-14 for losing)\n|raw|jkljlkh's rating: 1867 &rarr; <strong>1881<\/strong><br \/>(+14 for winning)\n|l|\u2606ordja2\n|c|\u2606jkljlkh|ty\n|l|\u2606jkljlkh\n|c| nemohimself|np\n|j|\u2606jkljlkh\n|player|p2|jkljlkh|266\n|l| nemohimself\n","uploadtime":1700939028,"views":4,"p1id":"ordja2","p2id":"jkljlkh","formatid":"gen9nationaldex","rating":1740,"private":0,"password":""}