{"id":"gen9nationaldex-1988558265","p1":"MAS0CHIST","p2":"RandoTestAccount","format":"[Gen 9] National Dex","log":"|j|\u2606MAS0CHIST\n|j|\u2606RandoTestAccount\n|t:|1699735946\n|gametype|singles\n|player|p1|MAS0CHIST|grimsley|1079\n|player|p2|RandoTestAccount|pokemonrangerf|1158\n|teamsize|p1|3\n|teamsize|p2|6\n|gen|9\n|tier|[Gen 9] National Dex\n|rated|\n|rule|HP Percentage Mod: HP is shown in percentages\n|rule|Endless Battle Clause: Forcing endless battles is banned\n|rule|OHKO Clause: OHKO moves are banned\n|rule|Evasion Clause: Evasion abilities, items, and moves are banned\n|rule|Evasion Abilities Clause: Evasion abilities are banned\n|rule|Evasion Items Clause: Evasion items are banned\n|rule|Evasion Moves Clause: Evasion moves are banned\n|rule|Species Clause: Limit one of each Pok\u00e9mon\n|rule|Sleep Clause Mod: Limit one foe put to sleep\n|clearpoke\n|poke|p1|Gyarados, F|\n|poke|p1|Weezing-Galar, M|\n|poke|p1|Ninetales-Alola, F|\n|poke|p2|Umbreon, F|\n|poke|p2|Excadrill, F|\n|poke|p2|Corviknight, F|\n|poke|p2|Tapu Fini|\n|poke|p2|Sableye, F|\n|poke|p2|Dragalge, F|\n|teampreview\n|inactive|Battle timer is ON: inactive players will automatically lose when time's up. (requested by RandoTestAccount)\n|\n|t:|1699735952\n|start\n|switch|p1a: Ninetales|Ninetales-Alola, F|100\/100\n|switch|p2a: Agony Steelheart|Dragalge, F, shiny|100\/100\n|-weather|Snow|[from] ability: Snow Warning|[of] p1a: Ninetales\n|turn|1\n|\n|t:|1699735963\n|move|p1a: Ninetales|Aurora Veil|p1a: Ninetales\n|-sidestart|p1: MAS0CHIST|move: Aurora Veil\n|move|p2a: Agony Steelheart|Acid Spray|p1a: Ninetales\n|-supereffective|p1a: Ninetales\n|-damage|p1a: Ninetales|78\/100\n|-unboost|p1a: Ninetales|spd|2\n|\n|-weather|Snow|[upkeep]\n|upkeep\n|turn|2\n|\n|t:|1699735969\n|move|p1a: Ninetales|Freeze-Dry|p2a: Agony Steelheart\n|-supereffective|p2a: Agony Steelheart\n|-damage|p2a: Agony Steelheart|68\/100\n|move|p2a: Agony Steelheart|Acid Spray|p1a: Ninetales\n|-supereffective|p1a: Ninetales\n|-damage|p1a: Ninetales|35\/100\n|-unboost|p1a: Ninetales|spd|2\n|\n|-weather|Snow|[upkeep]\n|-heal|p2a: Agony Steelheart|74\/100|[from] item: Black Sludge\n|upkeep\n|turn|3\n|\n|t:|1699735988\n|move|p1a: Ninetales|Blizzard|p2a: Agony Steelheart\n|-supereffective|p2a: Agony Steelheart\n|-damage|p2a: Agony Steelheart|17\/100\n|move|p2a: Agony Steelheart|Hidden Power|p1a: Ninetales\n|-supereffective|p1a: Ninetales\n|-damage|p1a: Ninetales|0 fnt\n|faint|p1a: Ninetales\n|\n|-weather|Snow|[upkeep]\n|-heal|p2a: Agony Steelheart|23\/100|[from] item: Black Sludge\n|upkeep\n|\n|t:|1699735997\n|switch|p1a: Weezing|Weezing-Galar, M|100\/100\n|-fieldstart|move: Misty Terrain|[from] ability: Misty Surge|[of] p1a: Weezing\n|turn|4\n|\n|t:|1699736012\n|move|p1a: Weezing|Memento|p2a: Agony Steelheart\n|-unboost|p2a: Agony Steelheart|atk|2\n|-unboost|p2a: Agony Steelheart|spa|2\n|faint|p1a: Weezing\n|move|p2a: Agony Steelheart|Acid Spray|p1: Weezing|[notarget]\n|-fail|p2a: Agony Steelheart\n|\n|-weather|Snow|[upkeep]\n|-heal|p2a: Agony Steelheart|29\/100|[from] item: Black Sludge\n|upkeep\n|\n|t:|1699736014\n|switch|p1a: Gyarados|Gyarados, F|100\/100\n|turn|5\n|\n|t:|1699736036\n|switch|p2a: Ephialtes Keeper|Corviknight, F, shiny|100\/100\n|-ability|p2a: Ephialtes Keeper|Pressure\n|move|p1a: Gyarados|Dragon Dance|p1a: Gyarados\n|-boost|p1a: Gyarados|atk|1\n|-boost|p1a: Gyarados|spe|1\n|\n|-weather|none\n|upkeep\n|turn|6\n|\n|t:|1699736043\n|move|p1a: Gyarados|Dragon Dance|p1a: Gyarados\n|-boost|p1a: Gyarados|atk|1\n|-boost|p1a: Gyarados|spe|1\n|move|p2a: Ephialtes Keeper|Defog|p1a: Gyarados\n|-unboost|p1a: Gyarados|evasion|1\n|-sideend|p1: MAS0CHIST|move: Aurora Veil\n|-fieldend|Misty Terrain\n|\n|upkeep\n|turn|7\n|\n|t:|1699736048\n|move|p1a: Gyarados|Waterfall|p2a: Ephialtes Keeper\n|-damage|p2a: Ephialtes Keeper|31\/100\n|-damage|p1a: Gyarados|84\/100|[from] item: Rocky Helmet|[of] p2a: Ephialtes Keeper\n|move|p2a: Ephialtes Keeper|U-turn|p1a: Gyarados\n|-resisted|p1a: Gyarados\n|-damage|p1a: Gyarados|76\/100\n|\n|t:|1699736052\n|switch|p2a: Spectre of Emerald|Sableye, F, shiny|100\/100|[from] U-turn\n|\n|upkeep\n|turn|8\n|\n|t:|1699736059\n|detailschange|p1a: Gyarados|Gyarados-Mega, F\n|-mega|p1a: Gyarados|Gyarados|Gyaradosite\n|-ability|p1a: Gyarados|Mold Breaker\n|detailschange|p2a: Spectre of Emerald|Sableye-Mega, F, shiny\n|-mega|p2a: Spectre of Emerald|Sableye|Sablenite\n|move|p1a: Gyarados|Dragon Dance|p1a: Gyarados\n|-boost|p1a: Gyarados|atk|1\n|-boost|p1a: Gyarados|spe|1\n|move|p2a: Spectre of Emerald|Will-O-Wisp|p1a: Gyarados\n|-status|p1a: Gyarados|brn\n|\n|-damage|p1a: Gyarados|70\/100 brn|[from] brn\n|upkeep\n|turn|9\n|\n|t:|1699736069\n|switch|p2a: The Droplet Tear|Tapu Fini, shiny|100\/100\n|-fieldstart|move: Misty Terrain|[from] ability: Misty Surge|[of] p2a: The Droplet Tear\n|move|p1a: Gyarados|Waterfall|p2a: The Droplet Tear\n|-resisted|p2a: The Droplet Tear\n|-damage|p2a: The Droplet Tear|76\/100\n|\n|-heal|p2a: The Droplet Tear|82\/100|[from] item: Leftovers\n|-damage|p1a: Gyarados|64\/100 brn|[from] brn\n|upkeep\n|turn|10\n|\n|t:|1699736072\n|move|p1a: Gyarados|Earthquake|p2a: The Droplet Tear\n|-damage|p2a: The Droplet Tear|42\/100\n|move|p2a: The Droplet Tear|Moonblast|p1a: Gyarados\n|-supereffective|p1a: Gyarados\n|-damage|p1a: Gyarados|12\/100 brn\n|\n|-heal|p2a: The Droplet Tear|48\/100|[from] item: Leftovers\n|-damage|p1a: Gyarados|6\/100 brn|[from] brn\n|upkeep\n|turn|11\n|-message|MAS0CHIST forfeited.\n|\n|win|RandoTestAccount\n|raw|MAS0CHIST's rating: 1079 &rarr; <strong>1062<\/strong><br \/>(-17 for losing)\n|raw|RandoTestAccount's rating: 1158 &rarr; <strong>1177<\/strong><br \/>(+19 for winning)\n|l|\u2606MAS0CHIST\n","uploadtime":1699736082,"views":4,"p1id":"mas0chist","p2id":"randotestaccount","formatid":"gen9nationaldex","rating":1062,"private":0,"password":""}