{"id":"gen9nationaldex-1993344968","p1":"Ghha","p2":"Mekita willy","format":"[Gen 9] National Dex","log":"|j|\u2606Ghha\n|j|\u2606Mekita willy\n|t:|1700302751\n|gametype|singles\n|player|p1|Ghha|266|1703\n|player|p2|Mekita willy|teacher|1621\n|teamsize|p1|6\n|teamsize|p2|6\n|gen|9\n|tier|[Gen 9] National Dex\n|rated|\n|rule|HP Percentage Mod: HP is shown in percentages\n|rule|Endless Battle Clause: Forcing endless battles is banned\n|rule|OHKO Clause: OHKO moves are banned\n|rule|Evasion Clause: Evasion abilities, items, and moves are banned\n|rule|Evasion Abilities Clause: Evasion abilities are banned\n|rule|Evasion Items Clause: Evasion items are banned\n|rule|Evasion Moves Clause: Evasion moves are banned\n|rule|Species Clause: Limit one of each Pok\u00e9mon\n|rule|Sleep Clause Mod: Limit one foe put to sleep\n|clearpoke\n|poke|p1|Landorus-Therian, M|\n|poke|p1|Mawile, F|\n|poke|p1|Weezing-Galar, F|\n|poke|p1|Heatran, M|\n|poke|p1|Keldeo-Resolute|\n|poke|p1|Tapu Lele|\n|poke|p2|Accelgor, M|\n|poke|p2|Indeedee, M|\n|poke|p2|Sneasler, F|\n|poke|p2|Aurorus, F|\n|poke|p2|Arctozolt|\n|poke|p2|Aegislash, M|\n|teampreview\n|inactive|Battle timer is ON: inactive players will automatically lose when time's up. (requested by Mekita willy)\n|\n|t:|1700302767\n|start\n|switch|p1a: Tapu Lele|Tapu Lele|100\/100\n|switch|p2a: SAHIDI|Accelgor, M, shiny|100\/100\n|-fieldstart|move: Psychic Terrain|[from] ability: Psychic Surge|[of] p1a: Tapu Lele\n|turn|1\n|\n|t:|1700302774\n|move|p2a: SAHIDI|Final Gambit|p1a: Tapu Lele\n|-damage|p1a: Tapu Lele|0 fnt\n|faint|p2a: SAHIDI\n|faint|p1a: Tapu Lele\n|\n|upkeep\n|\n|t:|1700302784\n|switch|p2a: BRONTOSAURUS|Aurorus, F|100\/100\n|switch|p1a: Mawile|Mawile, F, shiny|100\/100\n|-weather|Snow|[from] ability: Snow Warning|[of] p2a: BRONTOSAURUS\n|-ability|p1a: Mawile|Intimidate|boost\n|-unboost|p2a: BRONTOSAURUS|atk|1\n|turn|2\n|\n|t:|1700302811\n|switch|p1a: Keldeo|Keldeo-Resolute|100\/100\n|move|p2a: BRONTOSAURUS|Stealth Rock|p1a: Keldeo\n|-sidestart|p1: Ghha|move: Stealth Rock\n|\n|-weather|Snow|[upkeep]\n|upkeep\n|turn|3\n|inactive|Mekita willy has 120 seconds left.\n|\n|t:|1700302836\n|-terastallize|p2a: BRONTOSAURUS|Ghost\n|move|p1a: Keldeo|Scald|p2a: BRONTOSAURUS\n|-damage|p2a: BRONTOSAURUS|76\/100\n|-status|p2a: BRONTOSAURUS|brn\n|move|p2a: BRONTOSAURUS|Freeze-Dry|p1a: Keldeo\n|-supereffective|p1a: Keldeo\n|-damage|p1a: Keldeo|46\/100\n|\n|-weather|Snow|[upkeep]\n|-heal|p1a: Keldeo|52\/100|[from] item: Leftovers\n|-damage|p2a: BRONTOSAURUS|70\/100 brn|[from] brn\n|upkeep\n|turn|4\n|inactive|Mekita willy has 120 seconds left.\n|\n|t:|1700302851\n|switch|p2a: KFC|Arctozolt|100\/100\n|move|p1a: Keldeo|Calm Mind|p1a: Keldeo\n|-boost|p1a: Keldeo|spa|1\n|-boost|p1a: Keldeo|spd|1\n|\n|-weather|Snow|[upkeep]\n|-heal|p1a: Keldeo|58\/100|[from] item: Leftovers\n|upkeep\n|turn|5\n|inactive|Mekita willy has 120 seconds left.\n|\n|t:|1700302865\n|switch|p1a: Landorus|Landorus-Therian, M|100\/100\n|-damage|p1a: Landorus|88\/100|[from] Stealth Rock\n|-ability|p1a: Landorus|Intimidate|boost\n|-unboost|p2a: KFC|atk|1\n|move|p2a: KFC|Bolt Beak|p1a: Landorus\n|-immune|p1a: Landorus\n|\n|-weather|Snow|[upkeep]\n|-fieldend|move: Psychic Terrain\n|upkeep\n|turn|6\n|inactive|Mekita willy has 120 seconds left.\n|\n|t:|1700302877\n|move|p2a: KFC|Freeze-Dry|p1a: Landorus\n|-supereffective|p1a: Landorus\n|-damage|p1a: Landorus|0 fnt\n|faint|p1a: Landorus\n|-damage|p2a: KFC|91\/100|[from] item: Life Orb\n|\n|-weather|Snow|[upkeep]\n|upkeep\n|\n|t:|1700302881\n|switch|p1a: Weezing|Weezing-Galar, F|100\/100\n|-ability|p1a: Weezing|Neutralizing Gas\n|-damage|p1a: Weezing|88\/100|[from] Stealth Rock\n|turn|7\n|\n|t:|1700302890\n|switch|p2a: BRONTOSAURUS|Aurorus, F, tera:Ghost|70\/100 brn\n|move|p1a: Weezing|Will-O-Wisp|p2a: BRONTOSAURUS\n|-fail|p2a: BRONTOSAURUS|brn\n|\n|-weather|Snow|[upkeep]\n|-heal|p1a: Weezing|94\/100|[from] item: Leftovers\n|-damage|p2a: BRONTOSAURUS|64\/100 brn|[from] brn\n|upkeep\n|turn|8\n|-message|Ghha forfeited.\n|\n|win|Mekita willy\n|raw|Ghha's rating: 1703 &rarr; <strong>1678<\/strong><br \/>(-25 for losing)\n|raw|Mekita willy's rating: 1621 &rarr; <strong>1646<\/strong><br \/>(+25 for winning)\n|l|\u2606Ghha\n","uploadtime":1700302912,"views":9,"p1id":"ghha","p2id":"mekitawilly","formatid":"gen9nationaldex","rating":1646,"private":0,"password":""}