{"id":"gen9nationaldex-1997450784","p1":"madien","p2":"Nate_Dog2010","format":"[Gen 9] National Dex","log":"|html|<div class=\"broadcast-blue\"><strong>[Gen 9] National Dex is currently suspecting Sneasler! For information on how to participate check out the <a href=\"https:\/\/www.smogon.com\/forums\/threads\/sv-national-dex-suspect-8-just-dance.3731534\/\">suspect thread<\/a>.<\/strong><\/div>\n|j|\u2606madien\n|j|\u2606Nate_Dog2010\n|t:|1700807454\n|gametype|singles\n|player|p1|madien|169|1044\n|player|p2|Nate_Dog2010|nate|1092\n|teamsize|p1|6\n|teamsize|p2|6\n|gen|9\n|tier|[Gen 9] National Dex\n|rated|\n|rule|HP Percentage Mod: HP is shown in percentages\n|rule|Endless Battle Clause: Forcing endless battles is banned\n|rule|OHKO Clause: OHKO moves are banned\n|rule|Evasion Clause: Evasion abilities, items, and moves are banned\n|rule|Evasion Abilities Clause: Evasion abilities are banned\n|rule|Evasion Items Clause: Evasion items are banned\n|rule|Evasion Moves Clause: Evasion moves are banned\n|rule|Species Clause: Limit one of each Pok\u00e9mon\n|rule|Sleep Clause Mod: Limit one foe put to sleep\n|clearpoke\n|poke|p1|Roserade, F|\n|poke|p1|Muk-Alola, M|\n|poke|p1|Crobat, M|\n|poke|p1|Ariados, M|\n|poke|p1|Clodsire, F|\n|poke|p1|Toxicroak, M|\n|poke|p2|Decidueye, M|\n|poke|p2|Feraligatr, M|\n|poke|p2|Sceptile, M|\n|poke|p2|Chesnaught, M|\n|poke|p2|Blastoise, M|\n|poke|p2|Emboar, M|\n|teampreview\n|inactive|Battle timer is ON: inactive players will automatically lose when time's up. (requested by Nate_Dog2010)\n|\n|t:|1700807460\n|start\n|switch|p1a: Muk|Muk-Alola, M|100\/100\n|switch|p2a: Feraligatr|Feraligatr, M, shiny|100\/100\n|turn|1\n|\n|t:|1700807464\n|move|p2a: Feraligatr|Dragon Dance|p2a: Feraligatr\n|-boost|p2a: Feraligatr|atk|1\n|-boost|p2a: Feraligatr|spe|1\n|move|p1a: Muk|Mean Look|p2a: Feraligatr\n|-activate|p2a: Feraligatr|trapped\n|\n|upkeep\n|turn|2\n|\n|t:|1700807470\n|move|p2a: Feraligatr|Dragon Dance|p2a: Feraligatr\n|-boost|p2a: Feraligatr|atk|1\n|-boost|p2a: Feraligatr|spe|1\n|move|p1a: Muk|Knock Off|p2a: Feraligatr\n|-damage|p2a: Feraligatr|68\/100\n|-enditem|p2a: Feraligatr|Life Orb|[from] move: Knock Off|[of] p1a: Muk\n|\n|upkeep\n|turn|3\n|\n|t:|1700807478\n|move|p2a: Feraligatr|Dragon Dance|p2a: Feraligatr\n|-boost|p2a: Feraligatr|atk|1\n|-boost|p2a: Feraligatr|spe|1\n|move|p1a: Muk|Memento|p2a: Feraligatr\n|-unboost|p2a: Feraligatr|atk|2\n|-unboost|p2a: Feraligatr|spa|2\n|faint|p1a: Muk\n|\n|upkeep\n|\n|t:|1700807483\n|switch|p1a: Ariados|Ariados, M|100\/100\n|turn|4\n|\n|t:|1700807488\n|move|p2a: Feraligatr|Aqua Tail|p1a: Ariados\n|-damage|p1a: Ariados|16\/100\n|move|p1a: Ariados|Scary Face|p2a: Feraligatr\n|-unboost|p2a: Feraligatr|spe|2\n|\n|upkeep\n|turn|5\n|\n|t:|1700807497\n|move|p2a: Feraligatr|Dragon Dance|p2a: Feraligatr\n|-boost|p2a: Feraligatr|atk|1\n|-boost|p2a: Feraligatr|spe|1\n|move|p1a: Ariados|Foul Play|p2a: Feraligatr\n|-damage|p2a: Feraligatr|12\/100\n|\n|upkeep\n|turn|6\n|\n|t:|1700807506\n|move|p2a: Feraligatr|Earthquake|p1a: Ariados\n|-damage|p1a: Ariados|0 fnt\n|faint|p1a: Ariados\n|\n|upkeep\n|\n|t:|1700807511\n|switch|p1a: Toxicroak|Toxicroak, M|100\/100\n|turn|7\n|\n|t:|1700807515\n|move|p1a: Toxicroak|Sucker Punch|p2a: Feraligatr\n|-damage|p2a: Feraligatr|0 fnt\n|faint|p2a: Feraligatr\n|\n|upkeep\n|\n|t:|1700807521\n|switch|p2a: Blastoise|Blastoise, M|100\/100\n|turn|8\n|\n|t:|1700807525\n|move|p1a: Toxicroak|Swords Dance|p1a: Toxicroak\n|-boost|p1a: Toxicroak|atk|2\n|move|p2a: Blastoise|Hydro Pump|p1a: Toxicroak|[miss]\n|-miss|p2a: Blastoise|p1a: Toxicroak\n|\n|upkeep\n|turn|9\n|\n|t:|1700807532\n|-terastallize|p1a: Toxicroak|Poison\n|move|p1a: Toxicroak|Poison Jab|p2a: Blastoise\n|-damage|p2a: Blastoise|0 fnt\n|faint|p2a: Blastoise\n|\n|upkeep\n|\n|t:|1700807537\n|switch|p2a: Emboar|Emboar, M, shiny|100\/100\n|turn|10\n|\n|t:|1700807542\n|move|p1a: Toxicroak|Poison Jab|p2a: Emboar\n|-damage|p2a: Emboar|1\/100\n|-status|p2a: Emboar|psn|[from] ability: Poison Touch|[of] p1a: Toxicroak\n|move|p2a: Emboar|Earthquake|p1a: Toxicroak\n|-supereffective|p1a: Toxicroak\n|-enditem|p1a: Toxicroak|Focus Sash\n|-damage|p1a: Toxicroak|1\/100\n|\n|-heal|p2a: Emboar|7\/100 psn|[from] item: Leftovers\n|-damage|p2a: Emboar|0 fnt|[from] psn\n|faint|p2a: Emboar\n|upkeep\n|\n|t:|1700807548\n|switch|p2a: Decidueye|Decidueye, M, shiny|100\/100\n|turn|11\n|\n|t:|1700807552\n|move|p1a: Toxicroak|Sucker Punch|p2a: Decidueye\n|-supereffective|p2a: Decidueye\n|-damage|p2a: Decidueye|0 fnt\n|faint|p2a: Decidueye\n|\n|upkeep\n|-message|Nate_Dog2010 forfeited.\n|\n|win|madien\n|raw|madien's rating: 1044 &rarr; <strong>1082<\/strong><br \/>(+38 for winning)\n|raw|Nate_Dog2010's rating: 1092 &rarr; <strong>1065<\/strong><br \/>(-27 for losing)\n|l|\u2606Nate_Dog2010\n","uploadtime":1700807567,"views":15,"p1id":"madien","p2id":"natedog2010","formatid":"gen9nationaldex","rating":1065,"private":0,"password":""}