{"id":"gen9nationaldex-1991914494","p1":"llampis98","p2":"minipokeneuron","format":"[Gen 9] National Dex","log":"|j|\u2606llampis98\n|j|\u2606minipokeneuron\n|t:|1700137563\n|gametype|singles\n|player|p1|llampis98|aromalady|1587\n|player|p2|minipokeneuron|265|1598\n|teamsize|p1|6\n|teamsize|p2|6\n|gen|9\n|tier|[Gen 9] National Dex\n|rated|\n|rule|HP Percentage Mod: HP is shown in percentages\n|rule|Endless Battle Clause: Forcing endless battles is banned\n|rule|OHKO Clause: OHKO moves are banned\n|rule|Evasion Clause: Evasion abilities, items, and moves are banned\n|rule|Evasion Abilities Clause: Evasion abilities are banned\n|rule|Evasion Items Clause: Evasion items are banned\n|rule|Evasion Moves Clause: Evasion moves are banned\n|rule|Species Clause: Limit one of each Pok\u00e9mon\n|rule|Sleep Clause Mod: Limit one foe put to sleep\n|clearpoke\n|poke|p1|Pelipper, F|\n|poke|p1|Basculegion-F, F|\n|poke|p1|Urshifu-*, M|\n|poke|p1|Kilowattrel, F|\n|poke|p1|Ferrothorn, F|\n|poke|p1|Swampert, F|\n|poke|p2|Weezing-Galar, F|\n|poke|p2|Medicham, M|\n|poke|p2|Samurott-Hisui, M|\n|poke|p2|Torterra, M|\n|poke|p2|Alomomola, M|\n|poke|p2|Moltres|\n|teampreview\n|\n|t:|1700137572\n|start\n|switch|p1a: Pelipper|Pelipper, F|100\/100\n|switch|p2a: Weezing|Weezing-Galar, F|100\/100\n|-ability|p2a: Weezing|Neutralizing Gas\n|turn|1\n|\n|t:|1700137579\n|move|p1a: Pelipper|U-turn|p2a: Weezing\n|-resisted|p2a: Weezing\n|-damage|p2a: Weezing|99\/100\n|-damage|p1a: Pelipper|84\/100|[from] item: Rocky Helmet|[of] p2a: Weezing\n|\n|t:|1700137585\n|switch|p1a: Ferrothorn|Ferrothorn, F|100\/100|[from] U-turn\n|move|p2a: Weezing|Will-O-Wisp|p1a: Ferrothorn\n|-status|p1a: Ferrothorn|brn\n|\n|-damage|p1a: Ferrothorn|94\/100 brn|[from] brn\n|upkeep\n|turn|2\n|\n|t:|1700137590\n|move|p2a: Weezing|Flamethrower|p1a: Ferrothorn\n|-supereffective|p1a: Ferrothorn\n|-damage|p1a: Ferrothorn|42\/100 brn\n|move|p1a: Ferrothorn|Leech Seed|p2a: Weezing\n|-start|p2a: Weezing|move: Leech Seed\n|\n|-heal|p1a: Ferrothorn|48\/100 brn|[from] item: Leftovers\n|-damage|p2a: Weezing|87\/100|[from] Leech Seed|[of] p1a: Ferrothorn\n|-heal|p1a: Ferrothorn|60\/100 brn|[silent]\n|-damage|p1a: Ferrothorn|54\/100 brn|[from] brn\n|upkeep\n|turn|3\n|\n|t:|1700137599\n|-end|p2a: Weezing|ability: Neutralizing Gas\n|switch|p2a: Samurott|Samurott-Hisui, M, shiny|100\/100\n|move|p1a: Ferrothorn|Protect||[still]\n|-fail|p1a: Ferrothorn\n|\n|-heal|p1a: Ferrothorn|60\/100 brn|[from] item: Leftovers\n|-damage|p1a: Ferrothorn|54\/100 brn|[from] brn\n|upkeep\n|turn|4\n|\n|t:|1700137605\n|switch|p1a: Pelipper|Pelipper, F|84\/100\n|-weather|RainDance|[from] ability: Drizzle|[of] p1a: Pelipper\n|move|p2a: Samurott|Ceaseless Edge|p1a: Pelipper\n|-damage|p1a: Pelipper|49\/100\n|-sidestart|p1: llampis98|Spikes\n|\n|-weather|RainDance|[upkeep]\n|upkeep\n|turn|5\n|\n|t:|1700137611\n|move|p2a: Samurott|Ceaseless Edge|p1a: Pelipper\n|-damage|p1a: Pelipper|15\/100\n|-sidestart|p1: llampis98|Spikes\n|move|p1a: Pelipper|Defog|p2a: Samurott\n|-unboost|p2a: Samurott|evasion|1\n|-sideend|p1: llampis98|Spikes|[from] move: Defog|[of] p1a: Pelipper\n|\n|-weather|RainDance|[upkeep]\n|upkeep\n|turn|6\n|\n|t:|1700137617\n|switch|p1a: Urshifu|Urshifu-Rapid-Strike, M|100\/100\n|move|p2a: Samurott|Ceaseless Edge|p1a: Urshifu\n|-resisted|p1a: Urshifu\n|-damage|p1a: Urshifu|79\/100\n|-sidestart|p1: llampis98|Spikes\n|\n|-weather|RainDance|[upkeep]\n|upkeep\n|turn|7\n|\n|t:|1700137632\n|-terastallize|p2a: Samurott|Ghost\n|move|p1a: Urshifu|Surging Strikes|p2a: Samurott\n|-crit|p2a: Samurott\n|-damage|p2a: Samurott|52\/100\n|-crit|p2a: Samurott\n|-damage|p2a: Samurott|7\/100\n|-crit|p2a: Samurott\n|-damage|p2a: Samurott|0 fnt\n|faint|p2a: Samurott\n|-hitcount|p2: Samurott|3\n|\n|-weather|RainDance|[upkeep]\n|upkeep\n|\n|t:|1700137640\n|switch|p2a: Medicham|Medicham, M|100\/100\n|turn|8\n|\n|t:|1700137647\n|detailschange|p2a: Medicham|Medicham-Mega, M\n|-mega|p2a: Medicham|Medicham|Medichamite\n|move|p2a: Medicham|Zen Headbutt|p1a: Urshifu\n|-supereffective|p1a: Urshifu\n|-crit|p1a: Urshifu\n|-damage|p1a: Urshifu|0 fnt\n|faint|p1a: Urshifu\n|\n|-weather|RainDance|[upkeep]\n|upkeep\n|\n|t:|1700137660\n|switch|p1a: Basculegion|Basculegion-F, F|100\/100\n|-damage|p1a: Basculegion|88\/100|[from] Spikes\n|turn|9\n|\n|t:|1700137666\n|switch|p2a: Alomomola|Alomomola, M|100\/100\n|move|p1a: Basculegion|Ice Beam|p2a: Alomomola\n|-resisted|p2a: Alomomola\n|-damage|p2a: Alomomola|85\/100\n|-enditem|p2a: Alomomola|Red Card|[of] p1a: Basculegion\n|drag|p1a: Swampert|Swampert, F|100\/100\n|-damage|p1a: Swampert|88\/100|[from] Spikes\n|\n|-weather|RainDance|[upkeep]\n|upkeep\n|turn|10\n|\n|t:|1700137676\n|detailschange|p1a: Swampert|Swampert-Mega, F\n|-mega|p1a: Swampert|Swampert|Swampertite\n|move|p1a: Swampert|Power-Up Punch|p2a: Alomomola\n|-damage|p2a: Alomomola|71\/100\n|-boost|p1a: Swampert|atk|1\n|move|p2a: Alomomola|Toxic|p1a: Swampert\n|-status|p1a: Swampert|tox\n|\n|-weather|RainDance|[upkeep]\n|-damage|p1a: Swampert|82\/100 tox|[from] psn\n|upkeep\n|turn|11\n|\n|t:|1700137682\n|move|p1a: Swampert|Power-Up Punch|p2a: Alomomola\n|-damage|p2a: Alomomola|52\/100\n|-boost|p1a: Swampert|atk|1\n|move|p2a: Alomomola|Flip Turn|p1a: Swampert\n|-damage|p1a: Swampert|59\/100 tox\n|inactive|Battle timer is ON: inactive players will automatically lose when time's up. (requested by llampis98)\n|\n|t:|1700137715\n|switch|p2a: Medicham|Medicham-Mega, M|100\/100|[from] Flip Turn\n|\n|-weather|none\n|-damage|p1a: Swampert|47\/100 tox|[from] psn\n|upkeep\n|turn|12\n|\n|t:|1700137725\n|move|p2a: Medicham|Zen Headbutt|p1a: Swampert\n|-damage|p1a: Swampert|0 fnt\n|faint|p1a: Swampert\n|\n|upkeep\n|\n|t:|1700137734\n|switch|p1a: Kilowattrel|Kilowattrel, F|100\/100\n|turn|13\n|\n|t:|1700137739\n|switch|p2a: Weezing|Weezing-Galar, F|87\/100\n|-ability|p2a: Weezing|Neutralizing Gas\n|move|p1a: Kilowattrel|Volt Switch|p2a: Weezing\n|-damage|p2a: Weezing|36\/100\n|\n|t:|1700137748\n|switch|p1a: Pelipper|Pelipper, F|15\/100|[from] Volt Switch\n|\n|upkeep\n|turn|14\n|\n|t:|1700137750\n|move|p1a: Pelipper|Defog|p2a: Weezing\n|-unboost|p2a: Weezing|evasion|1\n|-sideend|p1: llampis98|Spikes|[from] move: Defog|[of] p1a: Pelipper\n|move|p2a: Weezing|Sludge Bomb|p1a: Pelipper\n|-damage|p1a: Pelipper|0 fnt\n|faint|p1a: Pelipper\n|\n|upkeep\n|\n|t:|1700137753\n|switch|p1a: Basculegion|Basculegion-F, F|88\/100\n|turn|15\n|\n|t:|1700137758\n|-end|p2a: Weezing|ability: Neutralizing Gas\n|switch|p2a: Alomomola|Alomomola, M|86\/100\n|move|p1a: Basculegion|Shadow Ball|p2a: Alomomola\n|-damage|p2a: Alomomola|42\/100\n|\n|upkeep\n|turn|16\n|\n|t:|1700137768\n|move|p1a: Basculegion|Shadow Ball|p2a: Alomomola\n|-damage|p2a: Alomomola|0 fnt\n|faint|p2a: Alomomola\n|\n|upkeep\n|\n|t:|1700137772\n|switch|p2a: Medicham|Medicham-Mega, M|100\/100\n|turn|17\n|\n|t:|1700137780\n|move|p2a: Medicham|Zen Headbutt|p1a: Basculegion\n|-damage|p1a: Basculegion|0 fnt\n|faint|p1a: Basculegion\n|\n|upkeep\n|\n|t:|1700137782\n|switch|p1a: Ferrothorn|Ferrothorn, F|54\/100 brn\n|turn|18\n|\n|t:|1700137786\n|move|p2a: Medicham|Close Combat|p1a: Ferrothorn\n|-supereffective|p1a: Ferrothorn\n|-damage|p1a: Ferrothorn|0 fnt\n|-unboost|p2a: Medicham|def|1\n|-unboost|p2a: Medicham|spd|1\n|-damage|p2a: Medicham|88\/100|[from] ability: Iron Barbs|[of] p1a: Ferrothorn\n|faint|p1a: Ferrothorn\n|\n|upkeep\n|\n|t:|1700137788\n|switch|p1a: Kilowattrel|Kilowattrel, F|100\/100\n|turn|19\n|\n|t:|1700137791\n|switch|p2a: Weezing|Weezing-Galar, F|36\/100\n|-ability|p2a: Weezing|Neutralizing Gas\n|move|p1a: Kilowattrel|Hurricane|p2a: Weezing\n|-damage|p2a: Weezing|0 fnt\n|faint|p2a: Weezing\n|-end|p2a: Weezing|ability: Neutralizing Gas\n|\n|upkeep\n|\n|t:|1700137798\n|switch|p2a: Moltres|Moltres|100\/100\n|turn|20\n|\n|t:|1700137802\n|move|p1a: Kilowattrel|Thunder|p2a: Moltres\n|-supereffective|p2a: Moltres\n|-damage|p2a: Moltres|0 fnt\n|faint|p2a: Moltres\n|\n|upkeep\n|\n|t:|1700137806\n|switch|p2a: Medicham|Medicham-Mega, M|88\/100\n|turn|21\n|\n|t:|1700137813\n|-terastallize|p1a: Kilowattrel|Steel\n|move|p2a: Medicham|Fake Out|p1a: Kilowattrel\n|-resisted|p1a: Kilowattrel\n|-damage|p1a: Kilowattrel|80\/100\n|cant|p1a: Kilowattrel|flinch\n|\n|upkeep\n|turn|22\n|\n|t:|1700137820\n|move|p1a: Kilowattrel|Hurricane|p2a: Medicham\n|-supereffective|p2a: Medicham\n|-crit|p2a: Medicham\n|-damage|p2a: Medicham|0 fnt\n|faint|p2a: Medicham\n|\n|upkeep\n|\n|t:|1700137822\n|switch|p2a: Torterra|Torterra, M|100\/100\n|turn|23\n|\n|t:|1700137824\n|move|p1a: Kilowattrel|Hurricane|p2a: Torterra\n|-supereffective|p2a: Torterra\n|-damage|p2a: Torterra|0 fnt\n|faint|p2a: Torterra\n|\n|win|llampis98\n|raw|llampis98's rating: 1587 &rarr; <strong>1608<\/strong><br \/>(+21 for winning)\n|raw|minipokeneuron's rating: 1598 &rarr; <strong>1577<\/strong><br \/>(-21 for losing)\n|c|\u2606llampis98|damn\n","uploadtime":1700137878,"views":22,"p1id":"llampis98","p2id":"minipokeneuron","formatid":"gen9nationaldex","rating":1577,"private":0,"password":""}