{"id":"gen9nationaldex-1995239011","p1":"DIOderent","p2":"Alice_The_W!tch","format":"[Gen 9] National Dex","log":"|html|<div class=\"broadcast-blue\"><strong>[Gen 9] National Dex is currently suspecting Sneasler! For information on how to participate check out the <a href=\"https:\/\/www.smogon.com\/forums\/threads\/sv-national-dex-suspect-8-just-dance.3731534\/\">suspect thread<\/a>.<\/strong><\/div>\n|j|\u2606DIOderent\n|j|\u2606Alice_The_W!tch\n|t:|1700538588\n|gametype|singles\n|player|p1|DIOderent|youngster-gen2|\n|player|p2|Alice_The_W!tch|pokekid|\n|teamsize|p1|6\n|teamsize|p2|6\n|gen|9\n|tier|[Gen 9] National Dex\n|rule|HP Percentage Mod: HP is shown in percentages\n|rule|Endless Battle Clause: Forcing endless battles is banned\n|rule|OHKO Clause: OHKO moves are banned\n|rule|Evasion Clause: Evasion abilities, items, and moves are banned\n|rule|Evasion Abilities Clause: Evasion abilities are banned\n|rule|Evasion Items Clause: Evasion items are banned\n|rule|Evasion Moves Clause: Evasion moves are banned\n|rule|Species Clause: Limit one of each Pok\u00e9mon\n|rule|Sleep Clause Mod: Limit one foe put to sleep\n|clearpoke\n|poke|p1|Banette, L26, F|\n|poke|p1|Spiritomb, M|\n|poke|p1|Mimikyu, M|\n|poke|p1|Gengar, M|\n|poke|p1|Dusclops, M|\n|poke|p1|Mismagius, F|\n|poke|p2|Vileplume, M|\n|poke|p2|Ninetales, M|\n|poke|p2|Absol, M|\n|poke|p2|Runerigus, M|\n|poke|p2|Altaria, M|\n|poke|p2|Armarouge, F|\n|teampreview\n|inactive|Battle timer is ON: inactive players will automatically lose when time's up. (requested by Alice_The_W!tch)\n|c|\u2606Alice_The_W!tch|glhf!\n|c|\u2606DIOderent|u too\n|\n|t:|1700538605\n|start\n|switch|p1a: edgy|Banette, L26, F|100\/100\n|switch|p2a: Ninetales|Ninetales, M|100\/100\n|-weather|SunnyDay|[from] ability: Drought|[of] p2a: Ninetales\n|turn|1\n|\n|t:|1700538616\n|detailschange|p1a: edgy|Banette-Mega, L26, F\n|-mega|p1a: edgy|Banette|Banettite\n|move|p1a: edgy|Destiny Bond|p1a: edgy\n|-singlemove|p1a: edgy|Destiny Bond\n|move|p2a: Ninetales|Flamethrower|p1a: edgy\n|-damage|p1a: edgy|0 fnt\n|faint|p1a: edgy\n|-activate|p1a: edgy|move: Destiny Bond\n|faint|p2a: Ninetales\n|\n|-weather|SunnyDay|[upkeep]\n|upkeep\n|\n|t:|1700538629\n|switch|p2a: Vileplume|Vileplume, M|100\/100\n|switch|p1a: spooooooookyyy!!!|Gengar, M, shiny|100\/100\n|turn|2\n|\n|t:|1700538637\n|move|p1a: spooooooookyyy!!!|Curse|p2a: Vileplume\n|-start|p2a: Vileplume|Curse|[of] p1a: spooooooookyyy!!!\n|-damage|p1a: spooooooookyyy!!!|50\/100\n|move|p2a: Vileplume|Sleep Powder|p1a: spooooooookyyy!!!|[miss]\n|-miss|p2a: Vileplume|p1a: spooooooookyyy!!!\n|\n|-weather|SunnyDay|[upkeep]\n|-heal|p1a: spooooooookyyy!!!|57\/100|[from] item: Black Sludge\n|-damage|p2a: Vileplume|76\/100|[from] Curse\n|upkeep\n|turn|3\n|\n|t:|1700538645\n|move|p1a: spooooooookyyy!!!|Protect|p1a: spooooooookyyy!!!\n|-singleturn|p1a: spooooooookyyy!!!|Protect\n|move|p2a: Vileplume|Sleep Powder|p1a: spooooooookyyy!!!\n|-activate|p1a: spooooooookyyy!!!|move: Protect\n|\n|-weather|SunnyDay|[upkeep]\n|-heal|p1a: spooooooookyyy!!!|63\/100|[from] item: Black Sludge\n|-heal|p2a: Vileplume|82\/100|[from] item: Leftovers\n|-damage|p2a: Vileplume|57\/100|[from] Curse\n|upkeep\n|turn|4\n|\n|t:|1700538658\n|move|p1a: spooooooookyyy!!!|Curse||[still]\n|-fail|p1a: spooooooookyyy!!!\n|move|p2a: Vileplume|Sleep Powder|p1a: spooooooookyyy!!!\n|-status|p1a: spooooooookyyy!!!|slp|[from] move: Sleep Powder\n|\n|-weather|SunnyDay|[upkeep]\n|-heal|p1a: spooooooookyyy!!!|69\/100 slp|[from] item: Black Sludge\n|-heal|p2a: Vileplume|63\/100|[from] item: Leftovers\n|-damage|p2a: Vileplume|38\/100|[from] Curse\n|upkeep\n|turn|5\n|\n|t:|1700538667\n|cant|p1a: spooooooookyyy!!!|slp\n|move|p2a: Vileplume|Moonblast|p1a: spooooooookyyy!!!\n|-resisted|p1a: spooooooookyyy!!!\n|-damage|p1a: spooooooookyyy!!!|47\/100 slp\n|-start|p2a: Vileplume|Disable|Moonblast|[from] ability: Cursed Body|[of] p1a: spooooooookyyy!!!\n|\n|-weather|none\n|-heal|p1a: spooooooookyyy!!!|53\/100 slp|[from] item: Black Sludge\n|-heal|p2a: Vileplume|45\/100|[from] item: Leftovers\n|-damage|p2a: Vileplume|20\/100|[from] Curse\n|upkeep\n|turn|6\n|\n|t:|1700538675\n|-curestatus|p1a: spooooooookyyy!!!|slp|[msg]\n|move|p1a: spooooooookyyy!!!|Destiny Bond|p1a: spooooooookyyy!!!\n|-singlemove|p1a: spooooooookyyy!!!|Destiny Bond\n|move|p2a: Vileplume|Petal Blizzard|p1a: spooooooookyyy!!!\n|-resisted|p1a: spooooooookyyy!!!\n|-damage|p1a: spooooooookyyy!!!|31\/100\n|\n|-heal|p1a: spooooooookyyy!!!|38\/100|[from] item: Black Sludge\n|-heal|p2a: Vileplume|26\/100|[from] item: Leftovers\n|-damage|p2a: Vileplume|1\/100|[from] Curse\n|upkeep\n|turn|7\n|\n|t:|1700538686\n|move|p1a: spooooooookyyy!!!|Protect|p1a: spooooooookyyy!!!\n|-singleturn|p1a: spooooooookyyy!!!|Protect\n|move|p2a: Vileplume|Sleep Powder|p1a: spooooooookyyy!!!\n|-activate|p1a: spooooooookyyy!!!|move: Protect\n|\n|-heal|p1a: spooooooookyyy!!!|44\/100|[from] item: Black Sludge\n|-heal|p2a: Vileplume|7\/100|[from] item: Leftovers\n|-damage|p2a: Vileplume|0 fnt|[from] Curse\n|faint|p2a: Vileplume\n|upkeep\n|\n|t:|1700538698\n|switch|p2a: Runerigus|Runerigus, M|100\/100\n|turn|8\n|\n|t:|1700538704\n|move|p2a: Runerigus|Protect|p2a: Runerigus\n|-singleturn|p2a: Runerigus|Protect\n|move|p1a: spooooooookyyy!!!|Destiny Bond|p1a: spooooooookyyy!!!\n|-singlemove|p1a: spooooooookyyy!!!|Destiny Bond\n|\n|-heal|p1a: spooooooookyyy!!!|50\/100|[from] item: Black Sludge\n|upkeep\n|turn|9\n|\n|t:|1700538709\n|move|p1a: spooooooookyyy!!!|Curse|p2a: Runerigus\n|-start|p2a: Runerigus|Curse|[of] p1a: spooooooookyyy!!!\n|-damage|p1a: spooooooookyyy!!!|0 fnt\n|faint|p1a: spooooooookyyy!!!\n|move|p2a: Runerigus|Will-O-Wisp|p1: spooooooookyyy!!!|[notarget]\n|-fail|p2a: Runerigus\n|\n|-damage|p2a: Runerigus|75\/100|[from] Curse\n|upkeep\n|\n|t:|1700538714\n|switch|p1a: cool|Spiritomb, M, shiny|100\/100\n|-ability|p1a: cool|Pressure\n|turn|10\n|\n|t:|1700538718\n|move|p1a: cool|Substitute|p1a: cool\n|-start|p1a: cool|Substitute\n|-damage|p1a: cool|76\/100\n|move|p2a: Runerigus|Will-O-Wisp||[still]\n|-fail|p2a: Runerigus\n|\n|-heal|p1a: cool|82\/100|[from] item: Leftovers\n|-heal|p2a: Runerigus|82\/100|[from] item: Leftovers\n|-damage|p2a: Runerigus|57\/100|[from] Curse\n|upkeep\n|turn|11\n|\n|t:|1700538726\n|move|p1a: cool|Protect|p1a: cool\n|-singleturn|p1a: cool|Protect\n|move|p2a: Runerigus|Poltergeist|p1a: cool\n|-activate|p1a: cool|move: Protect\n|\n|-heal|p1a: cool|88\/100|[from] item: Leftovers\n|-heal|p2a: Runerigus|63\/100|[from] item: Leftovers\n|-damage|p2a: Runerigus|38\/100|[from] Curse\n|upkeep\n|turn|12\n|\n|t:|1700538745\n|move|p1a: cool|Substitute|p1a: cool\n|-fail|p1a: cool|move: Substitute\n|move|p2a: Runerigus|Poltergeist|p1a: cool\n|-activate|p1a: cool|move: Poltergeist|Leftovers\n|-end|p1a: cool|Substitute\n|\n|-heal|p1a: cool|94\/100|[from] item: Leftovers\n|-heal|p2a: Runerigus|44\/100|[from] item: Leftovers\n|-damage|p2a: Runerigus|19\/100|[from] Curse\n|upkeep\n|turn|13\n|\n|t:|1700538753\n|move|p1a: cool|Substitute|p1a: cool\n|-start|p1a: cool|Substitute\n|-damage|p1a: cool|69\/100\n|move|p2a: Runerigus|Poltergeist|p1a: cool\n|-activate|p1a: cool|move: Poltergeist|Leftovers\n|-end|p1a: cool|Substitute\n|\n|-heal|p1a: cool|75\/100|[from] item: Leftovers\n|-heal|p2a: Runerigus|25\/100|[from] item: Leftovers\n|-damage|p2a: Runerigus|0 fnt|[from] Curse\n|faint|p2a: Runerigus\n|upkeep\n|c|\u2606DIOderent|oh i outspeed\n|c|\u2606DIOderent|weird\n|\n|t:|1700538761\n|switch|p2a: Altaria|Altaria, M|100\/100\n|turn|14\n|\n|t:|1700538766\n|detailschange|p2a: Altaria|Altaria-Mega, M\n|-mega|p2a: Altaria|Altaria|Altarianite\n|move|p2a: Altaria|Dragon Dance|p2a: Altaria\n|-boost|p2a: Altaria|atk|1\n|-boost|p2a: Altaria|spe|1\n|move|p1a: cool|Substitute|p1a: cool\n|-start|p1a: cool|Substitute\n|-damage|p1a: cool|50\/100\n|\n|-heal|p1a: cool|56\/100|[from] item: Leftovers\n|upkeep\n|turn|15\n|\n|t:|1700538771\n|move|p2a: Altaria|Dragon Dance|p2a: Altaria\n|-boost|p2a: Altaria|atk|1\n|-boost|p2a: Altaria|spe|1\n|move|p1a: cool|Pain Split|p2a: Altaria\n|-sethp|p2a: Altaria|79\/100|[from] move: Pain Split|[silent]\n|-sethp|p1a: cool|76\/100|[from] move: Pain Split\n|\n|-heal|p1a: cool|82\/100|[from] item: Leftovers\n|upkeep\n|turn|16\n|\n|t:|1700538776\n|move|p2a: Altaria|Dragon Dance|p2a: Altaria\n|-boost|p2a: Altaria|atk|1\n|-boost|p2a: Altaria|spe|1\n|move|p1a: cool|Curse|p2a: Altaria\n|-start|p2a: Altaria|Curse|[of] p1a: cool\n|-damage|p1a: cool|32\/100\n|\n|-heal|p1a: cool|38\/100|[from] item: Leftovers\n|-damage|p2a: Altaria|54\/100|[from] Curse\n|upkeep\n|turn|17\n|\n|t:|1700538778\n|move|p2a: Altaria|Return|p1a: cool\n|-supereffective|p1a: cool\n|-end|p1a: cool|Substitute\n|move|p1a: cool|Pain Split|p2a: Altaria\n|-sethp|p2a: Altaria|47\/100|[from] move: Pain Split|[silent]\n|-sethp|p1a: cool|45\/100|[from] move: Pain Split\n|\n|-heal|p1a: cool|51\/100|[from] item: Leftovers\n|-damage|p2a: Altaria|22\/100|[from] Curse\n|upkeep\n|turn|18\n|\n|t:|1700538781\n|move|p1a: cool|Protect|p1a: cool\n|-singleturn|p1a: cool|Protect\n|move|p2a: Altaria|Return|p1a: cool\n|-activate|p1a: cool|move: Protect\n|\n|-heal|p1a: cool|57\/100|[from] item: Leftovers\n|-damage|p2a: Altaria|0 fnt|[from] Curse\n|faint|p2a: Altaria\n|upkeep\n|\n|t:|1700538799\n|switch|p2a: Absol|Absol, M|100\/100\n|turn|19\n|\n|t:|1700538819\n|move|p2a: Absol|Knock Off|p1a: cool\n|-crit|p1a: cool\n|-damage|p1a: cool|0 fnt\n|-enditem|p1a: cool|Leftovers|[from] move: Knock Off|[of] p2a: Absol\n|faint|p1a: cool\n|\n|upkeep\n|\n|t:|1700538824\n|switch|p1a: traffic cone|Mismagius, F, shiny|100\/100\n|turn|20\n|\n|t:|1700538831\n|-terastallize|p1a: traffic cone|Electric\n|move|p1a: traffic cone|Destiny Bond|p1a: traffic cone\n|-singlemove|p1a: traffic cone|Destiny Bond\n|move|p2a: Absol|Knock Off|p1a: traffic cone\n|-crit|p1a: traffic cone\n|-damage|p1a: traffic cone|0 fnt\n|-enditem|p1a: traffic cone|Rowap Berry|[from] move: Knock Off|[of] p2a: Absol\n|faint|p1a: traffic cone\n|-activate|p1a: traffic cone|move: Destiny Bond\n|faint|p2a: Absol\n|\n|upkeep\n|\n|t:|1700538836\n|switch|p1a: HANDS|Dusclops, M, shiny|100\/100\n|switch|p2a: Armarouge|Armarouge, F|100\/100\n|-ability|p1a: HANDS|Pressure\n|turn|21\n|inactive|Alice_The_W!tch has 270 seconds left.\n|\n|t:|1700538868\n|move|p2a: Armarouge|Psyshock|p1a: HANDS\n|-damage|p1a: HANDS|55\/100\n|move|p1a: HANDS|Destiny Bond|p1a: HANDS\n|-singlemove|p1a: HANDS|Destiny Bond\n|\n|upkeep\n|turn|22\n|\n|t:|1700538873\n|move|p2a: Armarouge|Psyshock|p1a: HANDS\n|-damage|p1a: HANDS|10\/100\n|move|p1a: HANDS|Pain Split|p2a: Armarouge\n|-sethp|p2a: Armarouge|54\/100|[from] move: Pain Split|[silent]\n|-sethp|p1a: HANDS|71\/100|[from] move: Pain Split\n|\n|upkeep\n|turn|23\n|\n|t:|1700538882\n|move|p2a: Armarouge|Psyshock|p1a: HANDS\n|-damage|p1a: HANDS|29\/100\n|move|p1a: HANDS|Destiny Bond|p1a: HANDS\n|-singlemove|p1a: HANDS|Destiny Bond\n|\n|upkeep\n|turn|24\n|\n|t:|1700538889\n|move|p2a: Armarouge|Psyshock|p1a: HANDS\n|-damage|p1a: HANDS|0 fnt\n|faint|p1a: HANDS\n|-activate|p1a: HANDS|move: Destiny Bond\n|faint|p2a: Armarouge\n|\n|win|DIOderent\n|c|\u2606Alice_The_W!tch|ggs!\n|c|\u2606DIOderent|gg wp\n","uploadtime":1700538901,"views":2,"p1id":"dioderent","p2id":"alicethewtch","formatid":"gen9nationaldex","rating":0,"private":0,"password":""}