{"id":"gen9nationaldex-1992537047","p1":"Poopinho","p2":"Raccooner775","format":"[Gen 9] National Dex","log":"|j|\u2606Poopinho\n|j|\u2606Raccooner775\n|t:|1700201611\n|gametype|singles\n|player|p1|Poopinho|dancer|1095\n|player|p2|Raccooner775|2|1000\n|teamsize|p1|6\n|teamsize|p2|6\n|gen|9\n|tier|[Gen 9] National Dex\n|rated|\n|rule|HP Percentage Mod: HP is shown in percentages\n|rule|Endless Battle Clause: Forcing endless battles is banned\n|rule|OHKO Clause: OHKO moves are banned\n|rule|Evasion Clause: Evasion abilities, items, and moves are banned\n|rule|Evasion Abilities Clause: Evasion abilities are banned\n|rule|Evasion Items Clause: Evasion items are banned\n|rule|Evasion Moves Clause: Evasion moves are banned\n|rule|Species Clause: Limit one of each Pok\u00e9mon\n|rule|Sleep Clause Mod: Limit one foe put to sleep\n|clearpoke\n|poke|p1|Houndoom, M|\n|poke|p1|Zygarde-10%|\n|poke|p1|Boltund, F|\n|poke|p1|Granbull, F|\n|poke|p1|Stoutland, F|\n|poke|p1|Suicune|\n|poke|p2|Sneasler, M|\n|poke|p2|Krookodile, M|\n|poke|p2|Ceruledge, M|\n|poke|p2|Latios, M|\n|poke|p2|Bombirdier, F|\n|poke|p2|Aggron, M|\n|teampreview\n|\n|t:|1700201631\n|start\n|switch|p1a: Zygarde|Zygarde-10%, shiny|100\/100\n|switch|p2a: Sneasler|Sneasler, M|100\/100\n|-ability|p1a: Zygarde|Aura Break\n|turn|1\n|\n|t:|1700201645\n|move|p1a: Zygarde|Extreme Speed|p2a: Sneasler\n|-damage|p2a: Sneasler|74\/100\n|move|p2a: Sneasler|Acrobatics|p1a: Zygarde\n|-damage|p1a: Zygarde|43\/100\n|\n|upkeep\n|turn|2\n|\n|t:|1700201655\n|move|p1a: Zygarde|Extreme Speed|p2a: Sneasler\n|-damage|p2a: Sneasler|45\/100\n|move|p2a: Sneasler|Night Slash|p1a: Zygarde\n|-damage|p1a: Zygarde|6\/100\n|-status|p1a: Zygarde|psn|[from] ability: Poison Touch|[of] p2a: Sneasler\n|\n|-damage|p1a: Zygarde|0 fnt|[from] psn\n|faint|p1a: Zygarde\n|upkeep\n|\n|t:|1700201674\n|switch|p1a: Boltund|Boltund, F|100\/100\n|turn|3\n|\n|t:|1700201678\n|move|p1a: Boltund|Psychic Fangs|p2a: Sneasler\n|-supereffective|p2a: Sneasler\n|-damage|p2a: Sneasler|0 fnt\n|faint|p2a: Sneasler\n|\n|upkeep\n|\n|t:|1700201685\n|switch|p2a: Krookodile|Krookodile, M|100\/100\n|turn|4\n|\n|t:|1700201698\n|-terastallize|p1a: Boltund|Flying\n|move|p1a: Boltund|Fire Fang|p2a: Krookodile\n|-damage|p2a: Krookodile|76\/100\n|move|p2a: Krookodile|Grass Knot|p1a: Boltund\n|-resisted|p1a: Boltund\n|-damage|p1a: Boltund|92\/100\n|\n|upkeep\n|turn|5\n|\n|t:|1700201706\n|move|p1a: Boltund|Fire Fang|p2a: Krookodile\n|-damage|p2a: Krookodile|51\/100\n|cant|p2a: Krookodile|flinch\n|\n|upkeep\n|turn|6\n|\n|t:|1700201712\n|move|p1a: Boltund|Fire Fang|p2a: Krookodile\n|-damage|p2a: Krookodile|24\/100\n|cant|p2a: Krookodile|flinch\n|\n|upkeep\n|turn|7\n|\n|t:|1700201718\n|move|p1a: Boltund|Fire Fang|p2a: Krookodile\n|-crit|p2a: Krookodile\n|-damage|p2a: Krookodile|0 fnt\n|faint|p2a: Krookodile\n|\n|upkeep\n|\n|t:|1700201726\n|switch|p2a: Latios|Latios, M|100\/100\n|turn|8\n|\n|t:|1700201741\n|move|p1a: Boltund|Crunch|p2a: Latios\n|-supereffective|p2a: Latios\n|-damage|p2a: Latios|13\/100\n|move|p2a: Latios|Draco Meteor|p1a: Boltund\n|-damage|p1a: Boltund|0 fnt\n|-unboost|p2a: Latios|spa|2\n|faint|p1a: Boltund\n|\n|upkeep\n|\n|t:|1700201752\n|switch|p1a: Houndoom|Houndoom, M|100\/100\n|turn|9\n|\n|t:|1700201758\n|detailschange|p1a: Houndoom|Houndoom-Mega, M\n|-mega|p1a: Houndoom|Houndoom|Houndoominite\n|move|p1a: Houndoom|Dark Pulse|p2a: Latios\n|-supereffective|p2a: Latios\n|-damage|p2a: Latios|0 fnt\n|faint|p2a: Latios\n|\n|upkeep\n|\n|t:|1700201768\n|switch|p2a: Aggron|Aggron, M|100\/100\n|turn|10\n|\n|t:|1700201779\n|move|p1a: Houndoom|Will-O-Wisp|p2a: Aggron|[miss]\n|-miss|p1a: Houndoom|p2a: Aggron\n|move|p2a: Aggron|Power-Up Punch|p1a: Houndoom\n|-supereffective|p1a: Houndoom\n|-damage|p1a: Houndoom|64\/100\n|-boost|p2a: Aggron|atk|1\n|\n|upkeep\n|turn|11\n|\n|t:|1700201789\n|move|p1a: Houndoom|Will-O-Wisp|p2a: Aggron\n|-status|p2a: Aggron|brn\n|move|p2a: Aggron|Power-Up Punch|p1a: Houndoom\n|-supereffective|p1a: Houndoom\n|-damage|p1a: Houndoom|37\/100\n|-boost|p2a: Aggron|atk|1\n|\n|-damage|p2a: Aggron|94\/100 brn|[from] brn\n|upkeep\n|turn|12\n|c|\u2606Poopinho|What the dog doin \ud83d\udc15 \ud83d\ude33\n|\n|t:|1700201799\n|move|p1a: Houndoom|Flamethrower|p2a: Aggron\n|-damage|p2a: Aggron|22\/100 brn\n|move|p2a: Aggron|Power-Up Punch|p1a: Houndoom\n|-supereffective|p1a: Houndoom\n|-damage|p1a: Houndoom|4\/100\n|-boost|p2a: Aggron|atk|1\n|\n|-damage|p2a: Aggron|16\/100 brn|[from] brn\n|upkeep\n|turn|13\n|inactive|Battle timer is ON: inactive players will automatically lose when time's up. (requested by Poopinho)\n|\n|t:|1700201816\n|move|p1a: Houndoom|Flamethrower|p2a: Aggron\n|-damage|p2a: Aggron|0 fnt\n|faint|p2a: Aggron\n|\n|upkeep\n|\n|t:|1700201821\n|switch|p2a: Bombirdier|Bombirdier, F|100\/100\n|turn|14\n|\n|t:|1700201830\n|move|p1a: Houndoom|Flamethrower|p2a: Bombirdier\n|-damage|p2a: Bombirdier|41\/100\n|-status|p2a: Bombirdier|brn\n|move|p2a: Bombirdier|Drill Run|p1a: Houndoom\n|-supereffective|p1a: Houndoom\n|-crit|p1a: Houndoom\n|-damage|p1a: Houndoom|0 fnt\n|faint|p1a: Houndoom\n|\n|-damage|p2a: Bombirdier|35\/100 brn|[from] brn\n|upkeep\n|\n|t:|1700201841\n|switch|p1a: Granbull|Granbull, F, shiny|100\/100\n|-ability|p1a: Granbull|Intimidate|boost\n|-unboost|p2a: Bombirdier|atk|1\n|turn|15\n|\n|t:|1700201847\n|move|p2a: Bombirdier|Dual Wingbeat|p1a: Granbull\n|-damage|p1a: Granbull|95\/100\n|-damage|p1a: Granbull|90\/100\n|-hitcount|p1a: Granbull|2\n|move|p1a: Granbull|Play Rough|p2a: Bombirdier\n|-supereffective|p2a: Bombirdier\n|-damage|p2a: Bombirdier|0 fnt\n|faint|p2a: Bombirdier\n|-damage|p1a: Granbull|80\/100|[from] item: Life Orb\n|\n|upkeep\n|\n|t:|1700201857\n|switch|p2a: Ceruledge|Ceruledge, M|100\/100\n|turn|16\n|\n|t:|1700201864\n|move|p2a: Ceruledge|Bitter Blade|p1a: Granbull\n|-damage|p1a: Granbull|39\/100\n|move|p1a: Granbull|Toxic|p2a: Ceruledge\n|-status|p2a: Ceruledge|tox\n|\n|-damage|p2a: Ceruledge|94\/100 tox|[from] psn\n|upkeep\n|turn|17\n|\n|t:|1700201872\n|move|p1a: Granbull|Protect|p1a: Granbull\n|-singleturn|p1a: Granbull|Protect\n|move|p2a: Ceruledge|Bitter Blade|p1a: Granbull\n|-activate|p1a: Granbull|move: Protect\n|\n|-damage|p2a: Ceruledge|82\/100 tox|[from] psn\n|upkeep\n|turn|18\n|c|\u2606Poopinho|!dt bitter blade\n|raw|<ul class=\"utilichart\"><li class=\"result\"><span class=\"col movenamecol\"><a href=\"https:\/\/dex.pokemonshowdown.com\/moves\/bitterblade\">Bitter Blade<\/a><\/span> <span class=\"col typecol\"><img src=\"\/\/play.pokemonshowdown.com\/sprites\/types\/Fire.png\" alt=\"Fire\" width=\"32\" height=\"14\"><img src=\"\/\/play.pokemonshowdown.com\/sprites\/categories\/Physical.png\" alt=\"Physical\" width=\"32\" height=\"14\"><\/span> <span class=\"col labelcol\"><em>Power<\/em><br>90<\/span> <span class=\"col widelabelcol\"><em>Accuracy<\/em><br>100%<\/span> <span class=\"col pplabelcol\"><em>PP<\/em><br>16<\/span> <span class=\"col movedesccol\">User recovers 50% of the damage dealt.<\/span> <\/li><li style=\"clear:both\"><\/li><\/ul>\n|raw|<font size=\"1\"><font color=\"#686868\">Priority:<\/font> 0&nbsp;|&ThickSpace;<font color=\"#686868\">Gen:<\/font> 9&nbsp;|&ThickSpace;&#10003; Contact&nbsp;|&ThickSpace;&#10003; Slicing move&nbsp;|&ThickSpace;<font color=\"#686868\">Z-Power:<\/font> 175&nbsp;|&ThickSpace;<font color=\"#686868\">Dynamax Power:<\/font> 130&nbsp;|&ThickSpace;<font color=\"#686868\">Target:<\/font> One Adjacent Pok\u00e9mon<\/font>\n\n|\n|t:|1700201889\n|switch|p1a: Suicune|Suicune, shiny|100\/100\n|move|p2a: Ceruledge|Bitter Blade|p1a: Suicune\n|-resisted|p1a: Suicune\n|-damage|p1a: Suicune|87\/100\n|-heal|p2a: Ceruledge|89\/100 tox|[from] drain|[of] p1a: Suicune\n|\n|-damage|p2a: Ceruledge|71\/100 tox|[from] psn\n|upkeep\n|turn|19\n|\n|t:|1700201902\n|move|p1a: Suicune|Scald|p2a: Ceruledge\n|-supereffective|p2a: Ceruledge\n|-damage|p2a: Ceruledge|0 fnt\n|faint|p2a: Ceruledge\n|\n|win|Poopinho\n|raw|Poopinho's rating: 1095 &rarr; <strong>1114<\/strong><br \/>(+19 for winning)\n|raw|Raccooner775's rating: 1000 &rarr; <strong>1000<\/strong><br \/>(+0 for losing)\n|l|\u2606Raccooner775\n|c|\u2606Poopinho|\ud83d\udc15\n","uploadtime":1700203950,"views":4,"p1id":"poopinho","p2id":"raccooner775","formatid":"gen9nationaldex","rating":1000,"private":0,"password":""}