{"id":"gen9nationaldex-1993053512","p1":"mixco","p2":"OnlyPyper","format":"[Gen 9] National Dex","log":"|j|\u2606mixco\n|j|\u2606OnlyPyper\n|t:|1700259591\n|gametype|singles\n|player|p1|mixco|penny|\n|player|p2|OnlyPyper|shauntal|\n|teamsize|p1|6\n|teamsize|p2|6\n|gen|9\n|tier|[Gen 9] National Dex\n|rule|HP Percentage Mod: HP is shown in percentages\n|rule|Endless Battle Clause: Forcing endless battles is banned\n|rule|OHKO Clause: OHKO moves are banned\n|rule|Evasion Clause: Evasion abilities, items, and moves are banned\n|rule|Evasion Abilities Clause: Evasion abilities are banned\n|rule|Evasion Items Clause: Evasion items are banned\n|rule|Evasion Moves Clause: Evasion moves are banned\n|rule|Species Clause: Limit one of each Pok\u00e9mon\n|rule|Sleep Clause Mod: Limit one foe put to sleep\n|clearpoke\n|poke|p1|Infernape, M|\n|poke|p1|Staraptor, M|\n|poke|p1|Luxray, M|\n|poke|p1|Kricketune, M|\n|poke|p1|Roserade, F|\n|poke|p1|Mamoswine, M|\n|poke|p2|Kangaskhan, F|\n|poke|p2|Charizard, F|\n|poke|p2|Nidoqueen, F|\n|poke|p2|Wigglytuff, F|\n|poke|p2|Marowak, F|\n|poke|p2|Flareon, F|\n|teampreview\n|\n|t:|1700259623\n|start\n|switch|p1a: Reven|Kricketune, M|100\/100\n|switch|p2a: Sugar|Kangaskhan, F|100\/100\n|turn|1\n|c|\u2606OnlyPyper|Suerte ekisde\n|\n|t:|1700259631\n|move|p1a: Reven|Sticky Web|p2a: Sugar\n|-sidestart|p2: OnlyPyper|move: Sticky Web\n|move|p2a: Sugar|Power-Up Punch|p1a: Reven\n|-resisted|p1a: Reven\n|-damage|p1a: Reven|88\/100\n|-boost|p2a: Sugar|atk|1\n|\n|upkeep\n|turn|2\n|c|\u2606mixco|Suerte\n|\n|t:|1700259640\n|move|p1a: Reven|Knock Off|p2a: Sugar\n|-damage|p2a: Sugar|73\/100\n|-enditem|p2a: Sugar|Assault Vest|[from] move: Knock Off|[of] p1a: Reven\n|move|p2a: Sugar|Return|p1a: Reven\n|-damage|p1a: Reven|0 fnt\n|faint|p1a: Reven\n|\n|upkeep\n|c|\u2606OnlyPyper|Max speed, que loca\n|c|\u2606mixco|jiji\n|\n|t:|1700259683\n|switch|p1a: Silvina|Roserade, F|100\/100\n|turn|3\n|\n|t:|1700259692\n|move|p2a: Sugar|Sucker Punch|p1a: Silvina\n|-damage|p1a: Silvina|44\/100\n|move|p1a: Silvina|Sludge Bomb|p2a: Sugar\n|-damage|p2a: Sugar|14\/100\n|\n|upkeep\n|turn|4\n|\n|t:|1700259704\n|switch|p1a: Inferno|Infernape, M|100\/100\n|move|p2a: Sugar|Sucker Punch||[still]\n|-fail|p2a: Sugar\n|\n|upkeep\n|turn|5\n|\n|t:|1700259712\n|move|p1a: Inferno|Aura Sphere|p2a: Sugar\n|-supereffective|p2a: Sugar\n|-damage|p2a: Sugar|0 fnt\n|faint|p2a: Sugar\n|-damage|p1a: Inferno|91\/100|[from] item: Life Orb\n|\n|upkeep\n|\n|t:|1700259721\n|switch|p2a: Kashu|Wigglytuff, F|100\/100\n|-activate|p2a: Kashu|move: Sticky Web\n|-unboost|p2a: Kashu|spe|1\n|-ability|p2a: Kashu|Competitive|boost\n|-boost|p2a: Kashu|spa|2\n|turn|6\n|c|\u2606OnlyPyper|UwU\n|\n|t:|1700259741\n|move|p1a: Inferno|Nasty Plot|p1a: Inferno\n|-boost|p1a: Inferno|spa|2\n|move|p2a: Kashu|Dazzling Gleam|p1a: Inferno\n|-damage|p1a: Inferno|12\/100\n|\n|upkeep\n|turn|7\n|\n|t:|1700259753\n|move|p1a: Inferno|Fire Blast|p2a: Kashu\n|-damage|p2a: Kashu|0 fnt\n|faint|p2a: Kashu\n|-damage|p1a: Inferno|2\/100|[from] item: Life Orb\n|\n|upkeep\n|c|\u2606OnlyPyper|Y muri\u00f3\n|c|\u2606OnlyPyper|Ekisde\n|\n|t:|1700259775\n|switch|p2a: Ignis|Charizard, F|100\/100\n|turn|8\n|\n|t:|1700259780\n|move|p1a: Inferno|Fire Blast|p2a: Ignis\n|-resisted|p2a: Ignis\n|-damage|p2a: Ignis|0 fnt\n|faint|p2a: Ignis\n|-damage|p1a: Inferno|0 fnt|[from] item: Life Orb\n|faint|p1a: Inferno\n|\n|upkeep\n|c|\u2606OnlyPyper|Dios\n|c|\u2606mixco|Jsjduwjf\n|c|\u2606mixco|poco efectivo mis ovarios\n|c|\u2606OnlyPyper|Duro\n|\n|t:|1700259814\n|switch|p1a: Arctic|Mamoswine, M|100\/100\n|switch|p2a: Tekina|Nidoqueen, F|100\/100\n|-activate|p2a: Tekina|move: Sticky Web\n|-unboost|p2a: Tekina|spe|1\n|turn|9\n|\n|t:|1700259846\n|move|p1a: Arctic|Earthquake|p2a: Tekina\n|-supereffective|p2a: Tekina\n|-damage|p2a: Tekina|0 fnt\n|faint|p2a: Tekina\n|\n|upkeep\n|\n|t:|1700259854\n|switch|p2a: Furea|Flareon, F|100\/100\n|-activate|p2a: Furea|move: Sticky Web\n|-unboost|p2a: Furea|spe|1\n|turn|10\n|\n|t:|1700259865\n|move|p1a: Arctic|Earthquake|p2a: Furea\n|-supereffective|p2a: Furea\n|-damage|p2a: Furea|0 fnt\n|faint|p2a: Furea\n|\n|upkeep\n|\n|t:|1700259869\n|switch|p2a: Sami|Marowak, F|100\/100\n|-activate|p2a: Sami|move: Sticky Web\n|-unboost|p2a: Sami|spe|1\n|turn|11\n|\n|t:|1700259875\n|-terastallize|p1a: Arctic|Grass\n|-terastallize|p2a: Sami|Ground\n|move|p1a: Arctic|Trailblaze|p2a: Sami\n|-supereffective|p2a: Sami\n|-damage|p2a: Sami|42\/100\n|-boost|p1a: Arctic|spe|1\n|move|p2a: Sami|Bonemerang|p1a: Arctic\n|-resisted|p1a: Arctic\n|-damage|p1a: Arctic|67\/100\n|-resisted|p1a: Arctic\n|-damage|p1a: Arctic|38\/100\n|-hitcount|p1a: Arctic|2\n|\n|upkeep\n|turn|12\n|c|\u2606OnlyPyper|Duro\n|\n|t:|1700259893\n|move|p1a: Arctic|Trailblaze|p2a: Sami\n|-supereffective|p2a: Sami\n|-damage|p2a: Sami|0 fnt\n|-boost|p1a: Arctic|spe|1\n|faint|p2a: Sami\n|\n|win|mixco\n|c|\u2606mixco|gg\n|c|\u2606OnlyPyper|Gg\n|c|\u2606mixco|Dios inferno\n|c|\u2606OnlyPyper|Dur\u00edsimo xd\n","uploadtime":1700259919,"views":12,"p1id":"mixco","p2id":"onlypyper","formatid":"gen9nationaldex","rating":0,"private":0,"password":""}