{"id":"gen9nationaldex-1988822459","p1":"female charizard","p2":"Brick_Enjoyer_144","format":"[Gen 9] National Dex","log":"|j|\u2606female charizard\n|j|\u2606Brick_Enjoyer_144\n|t:|1699768390\n|gametype|singles\n|player|p1|female charizard|170|1094\n|player|p2|Brick_Enjoyer_144|shauntal|1026\n|teamsize|p1|6\n|teamsize|p2|6\n|gen|9\n|tier|[Gen 9] National Dex\n|rated|\n|rule|HP Percentage Mod: HP is shown in percentages\n|rule|Endless Battle Clause: Forcing endless battles is banned\n|rule|OHKO Clause: OHKO moves are banned\n|rule|Evasion Clause: Evasion abilities, items, and moves are banned\n|rule|Evasion Abilities Clause: Evasion abilities are banned\n|rule|Evasion Items Clause: Evasion items are banned\n|rule|Evasion Moves Clause: Evasion moves are banned\n|rule|Species Clause: Limit one of each Pok\u00e9mon\n|rule|Sleep Clause Mod: Limit one foe put to sleep\n|clearpoke\n|poke|p1|Victini|\n|poke|p1|Grafaiai, F|\n|poke|p1|Gigalith, F|\n|poke|p1|Tyranitar, M|\n|poke|p1|Shuckle, L1, F|\n|poke|p1|Heatran, F|\n|poke|p2|Iron Valiant|\n|poke|p2|Medicham, F|\n|poke|p2|Durant, F|\n|poke|p2|Urshifu-*, M|\n|poke|p2|Hydreigon, F|\n|poke|p2|Maushold|\n|teampreview\n|inactive|Battle timer is ON: inactive players will automatically lose when time's up. (requested by Brick_Enjoyer_144)\n|\n|t:|1699768398\n|start\n|switch|p1a: gaston|Victini|100\/100\n|switch|p2a: Durant|Durant, F|100\/100\n|turn|1\n|\n|t:|1699768416\n|move|p1a: gaston|V-create|p2a: Durant\n|-supereffective|p2a: Durant\n|-enditem|p2a: Durant|Focus Sash\n|-damage|p2a: Durant|1\/100\n|-unboost|p1a: gaston|spe|1\n|-unboost|p1a: gaston|def|1\n|-unboost|p1a: gaston|spd|1\n|move|p2a: Durant|Hone Claws|p2a: Durant\n|-boost|p2a: Durant|atk|1\n|-boost|p2a: Durant|accuracy|1\n|\n|upkeep\n|turn|2\n|\n|t:|1699768428\n|move|p2a: Durant|Crunch|p1a: gaston\n|-supereffective|p1a: gaston\n|-damage|p1a: gaston|0 fnt\n|faint|p1a: gaston\n|\n|upkeep\n|\n|t:|1699768440\n|switch|p1a: funny monkey|Grafaiai, F|100\/100\n|turn|3\n|\n|t:|1699768449\n|move|p1a: funny monkey|Copycat|p1a: funny monkey\n|move|p1a: funny monkey|Crunch|p2a: Durant|[from]move: Copycat\n|-damage|p2a: Durant|0 fnt\n|faint|p2a: Durant\n|\n|-status|p1a: funny monkey|brn|[from] item: Flame Orb\n|upkeep\n|\n|t:|1699768470\n|switch|p2a: Medicham|Medicham, F|100\/100\n|turn|4\n|\n|t:|1699768478\n|detailschange|p2a: Medicham|Medicham-Mega, F\n|-mega|p2a: Medicham|Medicham|Medichamite\n|move|p1a: funny monkey|Substitute|p1a: funny monkey\n|-start|p1a: funny monkey|Substitute\n|-damage|p1a: funny monkey|76\/100 brn\n|move|p2a: Medicham|Zen Headbutt|p1a: funny monkey\n|-supereffective|p1a: funny monkey\n|-end|p1a: funny monkey|Substitute\n|\n|-damage|p1a: funny monkey|70\/100 brn|[from] brn\n|upkeep\n|turn|5\n|\n|t:|1699768492\n|move|p2a: Medicham|Close Combat|p1a: funny monkey\n|-damage|p1a: funny monkey|0 fnt\n|-unboost|p2a: Medicham|def|1\n|-unboost|p2a: Medicham|spd|1\n|faint|p1a: funny monkey\n|\n|upkeep\n|\n|t:|1699768505\n|switch|p1a: remove scary|Tyranitar, M|100\/100\n|-weather|Sandstorm|[from] ability: Sand Stream|[of] p1a: remove scary\n|turn|6\n|\n|t:|1699768510\n|move|p1a: remove scary|Knock Off|p2a: Medicham\n|-damage|p2a: Medicham|27\/100\n|move|p2a: Medicham|Close Combat|p1a: remove scary\n|-supereffective|p1a: remove scary\n|-damage|p1a: remove scary|0 fnt\n|-unboost|p2a: Medicham|def|1\n|-unboost|p2a: Medicham|spd|1\n|faint|p1a: remove scary\n|\n|-weather|Sandstorm|[upkeep]\n|-damage|p2a: Medicham|21\/100|[from] Sandstorm\n|upkeep\n|-message|female charizard forfeited.\n|\n|win|Brick_Enjoyer_144\n|raw|female charizard's rating: 1075 &rarr; <strong>1051<\/strong><br \/>(-24 for losing)\n|raw|Brick_Enjoyer_144's rating: 1026 &rarr; <strong>1067<\/strong><br \/>(+41 for winning)\n|l|\u2606female charizard\n","uploadtime":1699768532,"views":5,"p1id":"femalecharizard","p2id":"brickenjoyer144","formatid":"gen9nationaldex","rating":1051,"private":0,"password":""}