{"id":"gen9nationaldex-1998510422","p1":"kaiot-adventure509","p2":"vestkid27","format":"[Gen 9] National Dex","log":"|html|<div class=\"broadcast-blue\"><strong>[Gen 9] National Dex is currently suspecting Sneasler! For information on how to participate check out the <a href=\"https:\/\/www.smogon.com\/forums\/threads\/sv-national-dex-suspect-8-just-dance.3731534\/\">suspect thread<\/a>.<\/strong><\/div>\n|j|\u2606kaiot-adventure509\n|j|\u2606vestkid27\n|t:|1700950526\n|gametype|singles\n|player|p1|kaiot-adventure509|nate|1426\n|player|p2|vestkid27|janitor|1527\n|teamsize|p1|6\n|teamsize|p2|6\n|gen|9\n|tier|[Gen 9] National Dex\n|rated|\n|rule|HP Percentage Mod: HP is shown in percentages\n|rule|Endless Battle Clause: Forcing endless battles is banned\n|rule|OHKO Clause: OHKO moves are banned\n|rule|Evasion Clause: Evasion abilities, items, and moves are banned\n|rule|Evasion Abilities Clause: Evasion abilities are banned\n|rule|Evasion Items Clause: Evasion items are banned\n|rule|Evasion Moves Clause: Evasion moves are banned\n|rule|Species Clause: Limit one of each Pok\u00e9mon\n|rule|Sleep Clause Mod: Limit one foe put to sleep\n|clearpoke\n|poke|p1|Mamoswine, F|\n|poke|p1|Tyrantrum, M|\n|poke|p1|Aegislash, M|\n|poke|p1|Venusaur, M|\n|poke|p1|Zapdos|\n|poke|p1|Volcarona, F|\n|poke|p2|Steelix, M|\n|poke|p2|Pinsir, F|\n|poke|p2|Victini|\n|poke|p2|Brambleghast, M|\n|poke|p2|Umbreon, M|\n|poke|p2|Araquanid, F|\n|teampreview\n|c|\u2606vestkid27|Glhf\n|\n|t:|1700950547\n|start\n|switch|p1a: Zapdos|Zapdos|100\/100\n|switch|p2a: Victini|Victini|100\/100\n|turn|1\n|\n|t:|1700950569\n|move|p2a: Victini|Blue Flare|p1a: Zapdos\n|-damage|p1a: Zapdos|22\/100\n|move|p1a: Zapdos|Volt Switch|p2a: Victini\n|-damage|p2a: Victini|64\/100\n|\n|t:|1700950573\n|switch|p1a: ryder|Tyrantrum, M|100\/100|[from] Volt Switch\n|\n|upkeep\n|turn|2\n|\n|t:|1700950590\n|switch|p2a: Steelix|Steelix, M|100\/100\n|move|p1a: ryder|Earthquake|p2a: Steelix\n|-supereffective|p2a: Steelix\n|-damage|p2a: Steelix|70\/100\n|\n|upkeep\n|turn|3\n|\n|t:|1700950613\n|switch|p1a: Volcarona|Volcarona, F|100\/100\n|move|p2a: Steelix|Earthquake|p1a: Volcarona\n|-damage|p1a: Volcarona|38\/100\n|\n|upkeep\n|turn|4\n|\n|t:|1700950619\n|switch|p2a: Araquanid|Araquanid, F|100\/100\n|move|p1a: Volcarona|Flamethrower|p2a: Araquanid\n|-damage|p2a: Araquanid|81\/100\n|\n|-heal|p2a: Araquanid|87\/100|[from] item: Leftovers\n|upkeep\n|turn|5\n|\n|t:|1700950643\n|move|p1a: Volcarona|Giga Drain|p2a: Araquanid\n|-damage|p2a: Araquanid|64\/100\n|-heal|p1a: Volcarona|51\/100|[from] drain|[of] p2a: Araquanid\n|move|p2a: Araquanid|Liquidation|p1a: Volcarona\n|-supereffective|p1a: Volcarona\n|-damage|p1a: Volcarona|0 fnt\n|faint|p1a: Volcarona\n|\n|-heal|p2a: Araquanid|70\/100|[from] item: Leftovers\n|upkeep\n|\n|t:|1700950665\n|switch|p1a: Zapdos|Zapdos|22\/100\n|turn|6\n|\n|t:|1700950672\n|switch|p2a: Steelix|Steelix, M|70\/100\n|move|p1a: Zapdos|Roost|p1a: Zapdos\n|-heal|p1a: Zapdos|72\/100\n|-singleturn|p1a: Zapdos|move: Roost\n|\n|upkeep\n|turn|7\n|\n|t:|1700950681\n|switch|p2a: Brambleghast|Brambleghast, M|100\/100\n|move|p1a: Zapdos|Heat Wave|p2a: Brambleghast\n|-ability|p2a: Brambleghast|Wind Rider|boost\n|-boost|p2a: Brambleghast|atk|1\n|\n|upkeep\n|turn|8\n|\n|t:|1700950693\n|move|p2a: Brambleghast|Spikes|p1a: Zapdos\n|-sidestart|p1: kaiot-adventure509|Spikes\n|move|p1a: Zapdos|Heat Wave|p2a: Brambleghast\n|-ability|p2a: Brambleghast|Wind Rider|boost\n|-boost|p2a: Brambleghast|atk|1\n|\n|upkeep\n|turn|9\n|\n|t:|1700950702\n|move|p2a: Brambleghast|Poltergeist|p1a: Zapdos\n|-activate|p1a: Zapdos|move: Poltergeist|Heavy-Duty Boots\n|-damage|p1a: Zapdos|0 fnt\n|faint|p1a: Zapdos\n|\n|upkeep\n|\n|t:|1700950711\n|switch|p1a: Venusaur|Venusaur, M|100\/100\n|-damage|p1a: Venusaur|88\/100|[from] Spikes\n|turn|10\n|\n|t:|1700950716\n|detailschange|p1a: Venusaur|Venusaur-Mega, M\n|-mega|p1a: Venusaur|Venusaur|Venusaurite\n|move|p2a: Brambleghast|Poltergeist|p1a: Venusaur\n|-activate|p1a: Venusaur|move: Poltergeist|Venusaurite\n|-damage|p1a: Venusaur|23\/100\n|move|p1a: Venusaur|Sludge Bomb|p2a: Brambleghast\n|-damage|p2a: Brambleghast|29\/100\n|\n|upkeep\n|turn|11\n|\n|t:|1700950726\n|move|p2a: Brambleghast|Poltergeist|p1a: Venusaur\n|-activate|p1a: Venusaur|move: Poltergeist|Venusaurite\n|-damage|p1a: Venusaur|0 fnt\n|faint|p1a: Venusaur\n|\n|upkeep\n|\n|t:|1700950733\n|switch|p1a: Mamoswine|Mamoswine, F|100\/100\n|-damage|p1a: Mamoswine|88\/100|[from] Spikes\n|turn|12\n|\n|t:|1700950739\n|move|p1a: Mamoswine|Ice Shard|p2a: Brambleghast\n|-supereffective|p2a: Brambleghast\n|-damage|p2a: Brambleghast|0 fnt\n|faint|p2a: Brambleghast\n|\n|-heal|p1a: Mamoswine|94\/100|[from] item: Leftovers\n|upkeep\n|\n|t:|1700950751\n|switch|p2a: Victini|Victini|64\/100\n|turn|13\n|\n|t:|1700950761\n|move|p2a: Victini|Blue Flare|p1a: Mamoswine\n|-supereffective|p1a: Mamoswine\n|-damage|p1a: Mamoswine|0 fnt\n|faint|p1a: Mamoswine\n|\n|upkeep\n|\n|t:|1700950804\n|switch|p1a: ryder|Tyrantrum, M|100\/100\n|-damage|p1a: ryder|88\/100|[from] Spikes\n|turn|14\n|\n|t:|1700950808\n|switch|p2a: Umbreon|Umbreon, M|100\/100\n|move|p1a: ryder|Dragon Dance|p1a: ryder\n|-boost|p1a: ryder|atk|1\n|-boost|p1a: ryder|spe|1\n|\n|upkeep\n|turn|15\n|\n|t:|1700950832\n|move|p1a: ryder|Head Smash|p2a: Umbreon\n|-damage|p2a: Umbreon|43\/100\n|move|p2a: Umbreon|Foul Play|p1a: ryder\n|-damage|p1a: ryder|37\/100\n|\n|-heal|p2a: Umbreon|49\/100|[from] item: Leftovers\n|upkeep\n|turn|16\n|\n|t:|1700950843\n|move|p2a: Umbreon|Protect|p2a: Umbreon\n|-singleturn|p2a: Umbreon|Protect\n|move|p1a: ryder|Head Smash|p2a: Umbreon\n|-activate|p2a: Umbreon|move: Protect\n|\n|-heal|p2a: Umbreon|56\/100|[from] item: Leftovers\n|upkeep\n|turn|17\n|\n|t:|1700950853\n|switch|p2a: Steelix|Steelix, M|70\/100\n|move|p1a: ryder|Head Smash|p2a: Steelix\n|-resisted|p2a: Steelix\n|-damage|p2a: Steelix|58\/100\n|\n|upkeep\n|turn|18\n|\n|t:|1700950859\n|move|p1a: ryder|Earthquake|p2a: Steelix\n|-supereffective|p2a: Steelix\n|-damage|p2a: Steelix|16\/100\n|move|p2a: Steelix|Earthquake|p1a: ryder\n|-supereffective|p1a: ryder\n|-damage|p1a: ryder|0 fnt\n|faint|p1a: ryder\n|\n|upkeep\n|\n|t:|1700950866\n|switch|p1a: Aegislash|Aegislash, M|100\/100\n|-damage|p1a: Aegislash|88\/100|[from] Spikes\n|turn|19\n|\n|t:|1700950871\n|move|p1a: Aegislash|Swords Dance|p1a: Aegislash\n|-boost|p1a: Aegislash|atk|2\n|move|p2a: Steelix|Earthquake|p1a: Aegislash\n|-supereffective|p1a: Aegislash\n|-damage|p1a: Aegislash|20\/100\n|\n|-heal|p1a: Aegislash|26\/100|[from] item: Leftovers\n|upkeep\n|turn|20\n|\n|t:|1700950884\n|-formechange|p1a: Aegislash|Aegislash-Blade||[from] ability: Stance Change\n|move|p1a: Aegislash|Shadow Sneak|p2a: Steelix\n|-damage|p2a: Steelix|0 fnt\n|faint|p2a: Steelix\n|\n|-heal|p1a: Aegislash|32\/100|[from] item: Leftovers\n|upkeep\n|\n|t:|1700950892\n|switch|p2a: Umbreon|Umbreon, M|56\/100\n|turn|21\n|\n|t:|1700950913\n|move|p2a: Umbreon|Foul Play|p1a: Aegislash\n|-supereffective|p1a: Aegislash\n|-damage|p1a: Aegislash|0 fnt\n|faint|p1a: Aegislash\n|\n|win|vestkid27\n|raw|kaiot-adventure509's rating: 1426 &rarr; <strong>1412<\/strong><br \/>(-14 for losing)\n|raw|vestkid27's rating: 1527 &rarr; <strong>1541<\/strong><br \/>(+14 for winning)\n|l|\u2606kaiot-adventure509\n|c|\u2606vestkid27|GG\n","uploadtime":1700950928,"views":1,"p1id":"kaiotadventure509","p2id":"vestkid27","formatid":"gen9nationaldex","rating":1412,"private":0,"password":""}