{"id":"gen9nationaldex-1991224061","p1":"Ursustesemiliax","p2":"ur_granny","format":"[Gen 9] National Dex","log":"|j|\u2606Ursustesemiliax\n|j|\u2606ur_granny\n|t:|1700058837\n|gametype|singles\n|player|p1|Ursustesemiliax|worker|1352\n|player|p2|ur_granny|bruno|1262\n|teamsize|p1|6\n|teamsize|p2|6\n|gen|9\n|tier|[Gen 9] National Dex\n|rated|\n|rule|HP Percentage Mod: HP is shown in percentages\n|rule|Endless Battle Clause: Forcing endless battles is banned\n|rule|OHKO Clause: OHKO moves are banned\n|rule|Evasion Clause: Evasion abilities, items, and moves are banned\n|rule|Evasion Abilities Clause: Evasion abilities are banned\n|rule|Evasion Items Clause: Evasion items are banned\n|rule|Evasion Moves Clause: Evasion moves are banned\n|rule|Species Clause: Limit one of each Pok\u00e9mon\n|rule|Sleep Clause Mod: Limit one foe put to sleep\n|clearpoke\n|poke|p1|Scizor, M|\n|poke|p1|Thundurus-Therian, M|\n|poke|p1|Great Tusk|\n|poke|p1|Skeledirge, M|\n|poke|p1|Ting-Lu|\n|poke|p1|Kyurem|\n|poke|p2|Kommo-o, M|\n|poke|p2|Machamp, F|\n|poke|p2|Medicham, M|\n|poke|p2|Tapu Fini|\n|poke|p2|Steelix, F|\n|poke|p2|Urshifu-*, M|\n|teampreview\n|\n|t:|1700058844\n|start\n|switch|p1a: Garre|Thundurus-Therian, M|100\/100\n|switch|p2a: Tapu Fini|Tapu Fini|100\/100\n|-fieldstart|move: Misty Terrain|[from] ability: Misty Surge|[of] p2a: Tapu Fini\n|turn|1\n|\n|t:|1700058849\n|move|p1a: Garre|Volt Switch|p2a: Tapu Fini\n|-supereffective|p2a: Tapu Fini\n|-damage|p2a: Tapu Fini|41\/100\n|\n|t:|1700058851\n|switch|p1a: Zan|Scizor, M|100\/100|[from] Volt Switch\n|move|p2a: Tapu Fini|Light Screen|p2a: Tapu Fini\n|-sidestart|p2: ur_granny|move: Light Screen\n|\n|upkeep\n|turn|2\n|\n|t:|1700058856\n|switch|p2a: Steelix|Steelix, F|100\/100\n|detailschange|p1a: Zan|Scizor-Mega, M\n|-mega|p1a: Zan|Scizor|Scizorite\n|move|p1a: Zan|Defog|p2a: Steelix\n|-unboost|p2a: Steelix|evasion|1\n|-sideend|p2: ur_granny|move: Light Screen\n|-fieldend|Misty Terrain\n|\n|upkeep\n|turn|3\n|\n|t:|1700058865\n|move|p1a: Zan|U-turn|p2a: Steelix\n|-resisted|p2a: Steelix\n|-damage|p2a: Steelix|91\/100\n|\n|t:|1700058869\n|switch|p1a: Mastossal|Great Tusk|100\/100|[from] U-turn\n|move|p2a: Steelix|Earthquake|p1a: Mastossal\n|-damage|p1a: Mastossal|76\/100\n|\n|-heal|p2a: Steelix|98\/100|[from] item: Leftovers\n|upkeep\n|turn|4\n|\n|t:|1700058888\n|switch|p2a: Machamp|Machamp, F|100\/100\n|move|p1a: Mastossal|Headlong Rush|p2a: Machamp\n|-damage|p2a: Machamp|0 fnt\n|-unboost|p1a: Mastossal|def|1\n|-unboost|p1a: Mastossal|spd|1\n|faint|p2a: Machamp\n|\n|upkeep\n|\n|t:|1700058898\n|switch|p2a: Urshifu|Urshifu-Rapid-Strike, M|100\/100\n|turn|5\n|\n|t:|1700058934\n|-end|p1a: Mastossal|Protosynthesis|[silent]\n|switch|p1a: Zan|Scizor-Mega, M|100\/100\n|move|p2a: Urshifu|Surging Strikes|p1a: Zan\n|-crit|p1a: Zan\n|-damage|p1a: Zan|86\/100\n|-crit|p1a: Zan\n|-damage|p1a: Zan|71\/100\n|-crit|p1a: Zan\n|-damage|p1a: Zan|56\/100\n|-hitcount|p1a: Zan|3\n|\n|upkeep\n|turn|6\n|\n|t:|1700058953\n|switch|p2a: Steelix|Steelix, F|98\/100\n|move|p1a: Zan|U-turn|p2a: Steelix\n|-resisted|p2a: Steelix\n|-damage|p2a: Steelix|89\/100\n|\n|t:|1700058957\n|switch|p1a: Mastossal|Great Tusk|76\/100|[from] U-turn\n|\n|-heal|p2a: Steelix|96\/100|[from] item: Leftovers\n|upkeep\n|turn|7\n|\n|t:|1700058962\n|move|p1a: Mastossal|Headlong Rush|p2a: Steelix\n|-supereffective|p2a: Steelix\n|-damage|p2a: Steelix|2\/100\n|-unboost|p1a: Mastossal|def|1\n|-unboost|p1a: Mastossal|spd|1\n|move|p2a: Steelix|Psychic Fangs|p1a: Mastossal\n|-supereffective|p1a: Mastossal\n|-damage|p1a: Mastossal|36\/100\n|\n|-heal|p2a: Steelix|9\/100|[from] item: Leftovers\n|upkeep\n|turn|8\n|\n|t:|1700058970\n|move|p1a: Mastossal|Headlong Rush|p2a: Steelix\n|-supereffective|p2a: Steelix\n|-damage|p2a: Steelix|0 fnt\n|-unboost|p1a: Mastossal|def|1\n|-unboost|p1a: Mastossal|spd|1\n|faint|p2a: Steelix\n|\n|upkeep\n|\n|t:|1700058973\n|switch|p2a: Urshifu|Urshifu-Rapid-Strike, M|100\/100\n|turn|9\n|\n|t:|1700058979\n|-end|p1a: Mastossal|Protosynthesis|[silent]\n|switch|p1a: Zan|Scizor-Mega, M|56\/100\n|move|p2a: Urshifu|Surging Strikes|p1a: Zan\n|-crit|p1a: Zan\n|-damage|p1a: Zan|43\/100\n|-crit|p1a: Zan\n|-damage|p1a: Zan|28\/100\n|-crit|p1a: Zan\n|-damage|p1a: Zan|14\/100\n|-hitcount|p1a: Zan|3\n|\n|upkeep\n|turn|10\n|\n|t:|1700058983\n|move|p1a: Zan|Bullet Punch|p2a: Urshifu\n|-resisted|p2a: Urshifu\n|-damage|p2a: Urshifu|86\/100\n|move|p2a: Urshifu|Surging Strikes|p1a: Zan\n|-crit|p1a: Zan\n|-damage|p1a: Zan|0 fnt\n|faint|p1a: Zan\n|-hitcount|p1: Zan|1\n|\n|upkeep\n|\n|t:|1700058986\n|switch|p1a: Garre|Thundurus-Therian, M|100\/100\n|turn|11\n|\n|t:|1700058990\n|switch|p2a: Kommo-o|Kommo-o, M|100\/100\n|move|p1a: Garre|Grass Knot|p2a: Kommo-o\n|-resisted|p2a: Kommo-o\n|-damage|p2a: Kommo-o|87\/100\n|\n|upkeep\n|turn|12\n|\n|t:|1700058996\n|switch|p1a: Beckhem|Ting-Lu|100\/100\n|-ability|p1a: Beckhem|Vessel of Ruin\n|-zpower|p2a: Kommo-o\n|move|p2a: Kommo-o|Clangorous Soulblaze|p1a: Beckhem|[zeffect]\n|-damage|p1a: Beckhem|63\/100\n|-boost|p2a: Kommo-o|atk|1\n|-boost|p2a: Kommo-o|def|1\n|-boost|p2a: Kommo-o|spa|1\n|-boost|p2a: Kommo-o|spd|1\n|-boost|p2a: Kommo-o|spe|1\n|\n|-heal|p1a: Beckhem|69\/100|[from] item: Leftovers\n|upkeep\n|turn|13\n|\n|t:|1700059007\n|move|p2a: Kommo-o|Aura Sphere|p1a: Beckhem\n|-supereffective|p1a: Beckhem\n|-damage|p1a: Beckhem|25\/100\n|move|p1a: Beckhem|Whirlwind|p2a: Kommo-o\n|drag|p2a: Urshifu|Urshifu-Rapid-Strike, M|86\/100\n|\n|-heal|p1a: Beckhem|31\/100|[from] item: Leftovers\n|upkeep\n|turn|14\n|\n|t:|1700059014\n|move|p2a: Urshifu|Surging Strikes|p1a: Beckhem\n|-supereffective|p1a: Beckhem\n|-crit|p1a: Beckhem\n|-damage|p1a: Beckhem|10\/100\n|-supereffective|p1a: Beckhem\n|-crit|p1a: Beckhem\n|-damage|p1a: Beckhem|0 fnt\n|faint|p1a: Beckhem\n|-hitcount|p1: Beckhem|2\n|\n|upkeep\n|\n|t:|1700059017\n|switch|p1a: Garre|Thundurus-Therian, M|100\/100\n|turn|15\n|\n|t:|1700059024\n|switch|p2a: Tapu Fini|Tapu Fini|41\/100\n|-fieldstart|move: Misty Terrain|[from] ability: Misty Surge|[of] p2a: Tapu Fini\n|move|p1a: Garre|Volt Switch|p2a: Tapu Fini\n|-supereffective|p2a: Tapu Fini\n|-damage|p2a: Tapu Fini|0 fnt\n|faint|p2a: Tapu Fini\n|\n|t:|1700059030\n|switch|p1a: Sariel|Skeledirge, M|100\/100|[from] Volt Switch\n|\n|upkeep\n|\n|t:|1700059041\n|switch|p2a: Urshifu|Urshifu-Rapid-Strike, M|86\/100\n|turn|16\n|\n|t:|1700059045\n|move|p2a: Urshifu|Surging Strikes|p1a: Sariel\n|-supereffective|p1a: Sariel\n|-crit|p1a: Sariel\n|-damage|p1a: Sariel|74\/100\n|-supereffective|p1a: Sariel\n|-crit|p1a: Sariel\n|-damage|p1a: Sariel|50\/100\n|-supereffective|p1a: Sariel\n|-crit|p1a: Sariel\n|-damage|p1a: Sariel|25\/100\n|-hitcount|p1a: Sariel|3\n|move|p1a: Sariel|Will-O-Wisp|p2a: Urshifu\n|-activate|p2a: Urshifu|move: Misty Terrain\n|\n|-heal|p1a: Sariel|31\/100|[from] item: Leftovers\n|upkeep\n|turn|17\n|\n|t:|1700059051\n|move|p2a: Urshifu|Surging Strikes|p1a: Sariel\n|-supereffective|p1a: Sariel\n|-crit|p1a: Sariel\n|-damage|p1a: Sariel|7\/100\n|-supereffective|p1a: Sariel\n|-crit|p1a: Sariel\n|-damage|p1a: Sariel|0 fnt\n|faint|p1a: Sariel\n|-hitcount|p1: Sariel|2\n|\n|upkeep\n|\n|t:|1700059056\n|switch|p1a: Garre|Thundurus-Therian, M|100\/100\n|turn|18\n|\n|t:|1700059062\n|move|p1a: Garre|Volt Switch|p2a: Urshifu\n|-supereffective|p2a: Urshifu\n|-damage|p2a: Urshifu|0 fnt\n|faint|p2a: Urshifu\n|\n|t:|1700059072\n|switch|p1a: Tahelyon|Kyurem, shiny|100\/100|[from] Volt Switch\n|-ability|p1a: Tahelyon|Pressure\n|\n|upkeep\n|\n|t:|1700059076\n|switch|p2a: Medicham|Medicham, M|100\/100\n|turn|19\n|\n|t:|1700059081\n|switch|p1a: Mastossal|Great Tusk|36\/100\n|detailschange|p2a: Medicham|Medicham-Mega, M\n|-mega|p2a: Medicham|Medicham|Medichamite\n|move|p2a: Medicham|Bulk Up|p2a: Medicham\n|-boost|p2a: Medicham|atk|1\n|-boost|p2a: Medicham|def|1\n|\n|-fieldend|Misty Terrain\n|upkeep\n|turn|20\n|\n|t:|1700059086\n|move|p1a: Mastossal|Headlong Rush|p2a: Medicham\n|-damage|p2a: Medicham|21\/100\n|-unboost|p1a: Mastossal|def|1\n|-unboost|p1a: Mastossal|spd|1\n|move|p2a: Medicham|Psycho Cut|p1a: Mastossal\n|-supereffective|p1a: Mastossal\n|-damage|p1a: Mastossal|0 fnt\n|faint|p1a: Mastossal\n|-end|p1a: Mastossal|Protosynthesis|[silent]\n|\n|upkeep\n|\n|t:|1700059092\n|switch|p1a: Garre|Thundurus-Therian, M|100\/100\n|turn|21\n|\n|t:|1700059095\n|move|p2a: Medicham|Bullet Punch|p1a: Garre\n|-resisted|p1a: Garre\n|-damage|p1a: Garre|71\/100\n|move|p1a: Garre|Volt Switch|p2a: Medicham\n|-damage|p2a: Medicham|0 fnt\n|faint|p2a: Medicham\n|\n|t:|1700059098\n|switch|p1a: Tahelyon|Kyurem, shiny|100\/100|[from] Volt Switch\n|-ability|p1a: Tahelyon|Pressure\n|\n|upkeep\n|\n|t:|1700059100\n|switch|p2a: Kommo-o|Kommo-o, M|87\/100\n|turn|22\n|\n|t:|1700059104\n|move|p1a: Tahelyon|Ice Beam|p2a: Kommo-o\n|-supereffective|p2a: Kommo-o\n|-damage|p2a: Kommo-o|0 fnt\n|faint|p2a: Kommo-o\n|\n|win|Ursustesemiliax\n|raw|Ursustesemiliax's rating: 1352 &rarr; <strong>1367<\/strong><br \/>(+15 for winning)\n|raw|ur_granny's rating: 1262 &rarr; <strong>1243<\/strong><br \/>(-19 for losing)\n|l|\u2606ur_granny\n","uploadtime":1700059136,"views":4,"p1id":"ursustesemiliax","p2id":"urgranny","formatid":"gen9nationaldex","rating":1243,"private":0,"password":""}