{"id":"gen9nationaldex-1990941980","p1":"lemmybro87","p2":"TheAzulKiwi","format":"[Gen 9] National Dex","log":"|j|\u2606lemmybro87\n|j|\u2606TheAzulKiwi\n|t:|1700017763\n|gametype|singles\n|player|p1|lemmybro87|acerola|1122\n|player|p2|TheAzulKiwi|clown|1214\n|teamsize|p1|6\n|teamsize|p2|6\n|gen|9\n|tier|[Gen 9] National Dex\n|rated|\n|rule|HP Percentage Mod: HP is shown in percentages\n|rule|Endless Battle Clause: Forcing endless battles is banned\n|rule|OHKO Clause: OHKO moves are banned\n|rule|Evasion Clause: Evasion abilities, items, and moves are banned\n|rule|Evasion Abilities Clause: Evasion abilities are banned\n|rule|Evasion Items Clause: Evasion items are banned\n|rule|Evasion Moves Clause: Evasion moves are banned\n|rule|Species Clause: Limit one of each Pok\u00e9mon\n|rule|Sleep Clause Mod: Limit one foe put to sleep\n|clearpoke\n|poke|p1|Feraligatr, M|\n|poke|p1|Victini|\n|poke|p1|Tapu Lele|\n|poke|p1|Rhyperior, M|\n|poke|p1|Tinkaton, F|\n|poke|p1|Serperior, F|\n|poke|p2|Ogerpon-Wellspring, F|\n|poke|p2|Iron Valiant|\n|poke|p2|Kartana|\n|poke|p2|Blacephalon|\n|poke|p2|Lopunny, F|\n|poke|p2|Hoopa-Unbound|\n|teampreview\n|\n|t:|1700017819\n|start\n|switch|p1a: smik smash|Tinkaton, F|100\/100\n|switch|p2a: Lopunny|Lopunny, F|100\/100\n|-ability|p1a: smik smash|Mold Breaker\n|turn|1\n|\n|t:|1700017844\n|detailschange|p2a: Lopunny|Lopunny-Mega, F\n|-mega|p2a: Lopunny|Lopunny|Lopunnite\n|move|p2a: Lopunny|Fake Out|p1a: smik smash\n|-resisted|p1a: smik smash\n|-damage|p1a: smik smash|87\/100\n|cant|p1a: smik smash|flinch\n|\n|upkeep\n|turn|2\n|\n|t:|1700017852\n|move|p2a: Lopunny|U-turn|p1a: smik smash\n|-resisted|p1a: smik smash\n|-damage|p1a: smik smash|77\/100\n|\n|t:|1700017854\n|switch|p2a: Kartana|Kartana|100\/100|[from] U-turn\n|move|p1a: smik smash|Stealth Rock|p2a: Kartana\n|-sidestart|p2: TheAzulKiwi|move: Stealth Rock\n|\n|upkeep\n|turn|3\n|\n|t:|1700017859\n|move|p2a: Kartana|Swords Dance|p2a: Kartana\n|-boost|p2a: Kartana|atk|2\n|move|p1a: smik smash|Knock Off|p2a: Kartana\n|-damage|p2a: Kartana|87\/100\n|\n|upkeep\n|turn|4\n|\n|t:|1700017863\n|-zpower|p2a: Kartana\n|move|p2a: Kartana|All-Out Pummeling|p1a: smik smash|[zeffect]\n|-damage|p1a: smik smash|0 fnt\n|faint|p1a: smik smash\n|-ability|p2a: Kartana|Beast Boost|boost\n|-boost|p2a: Kartana|spe|1\n|\n|upkeep\n|inactive|Battle timer is ON: inactive players will automatically lose when time's up. (requested by TheAzulKiwi)\n|\n|t:|1700017895\n|switch|p1a: Bismark|Rhyperior, M|100\/100\n|turn|5\n|\n|t:|1700017902\n|-terastallize|p1a: Bismark|Fairy\n|move|p2a: Kartana|Sacred Sword|p1a: Bismark\n|-resisted|p1a: Bismark\n|-damage|p1a: Bismark|81\/100\n|move|p1a: Bismark|Brick Break|p2a: Kartana\n|-supereffective|p2a: Kartana\n|-damage|p2a: Kartana|40\/100\n|\n|upkeep\n|turn|6\n|\n|t:|1700017907\n|move|p2a: Kartana|Leaf Blade|p1a: Bismark\n|-damage|p1a: Bismark|28\/100\n|move|p1a: Bismark|Brick Break|p2a: Kartana\n|-supereffective|p2a: Kartana\n|-damage|p2a: Kartana|0 fnt\n|faint|p2a: Kartana\n|\n|upkeep\n|\n|t:|1700017921\n|switch|p2a: Blacephalon|Blacephalon|100\/100\n|-damage|p2a: Blacephalon|76\/100|[from] Stealth Rock\n|turn|7\n|\n|t:|1700017947\n|move|p2a: Blacephalon|Shadow Ball|p1a: Bismark\n|-damage|p1a: Bismark|0 fnt\n|faint|p1a: Bismark\n|-ability|p2a: Blacephalon|Beast Boost|boost\n|-boost|p2a: Blacephalon|spa|1\n|\n|upkeep\n|\n|t:|1700017951\n|switch|p1a: Serperior|Serperior, F|100\/100\n|turn|8\n|inactive|TheAzulKiwi has 120 seconds left.\n|\n|t:|1700018010\n|move|p2a: Blacephalon|Shadow Ball|p1a: Serperior\n|-damage|p1a: Serperior|13\/100\n|move|p1a: Serperior|Glare|p2a: Blacephalon\n|-status|p2a: Blacephalon|par\n|\n|-heal|p1a: Serperior|19\/100|[from] item: Leftovers\n|upkeep\n|turn|9\n|\n|t:|1700018023\n|move|p1a: Serperior|Dragon Pulse|p2a: Blacephalon\n|-damage|p2a: Blacephalon|40\/100 par\n|cant|p2a: Blacephalon|par\n|\n|-heal|p1a: Serperior|25\/100|[from] item: Leftovers\n|upkeep\n|turn|10\n|inactive|TheAzulKiwi has 90 seconds left.\n|\n|t:|1700018067\n|move|p1a: Serperior|Leaf Storm|p2a: Blacephalon\n|-resisted|p2a: Blacephalon\n|-damage|p2a: Blacephalon|1\/100 par\n|-boost|p1a: Serperior|spa|2\n|move|p2a: Blacephalon|Shadow Ball|p1a: Serperior\n|-damage|p1a: Serperior|0 fnt\n|faint|p1a: Serperior\n|-ability|p2a: Blacephalon|Beast Boost|boost\n|-boost|p2a: Blacephalon|spa|1\n|\n|upkeep\n|\n|t:|1700018071\n|switch|p1a: Victory|Victini|100\/100\n|turn|11\n|inactive|TheAzulKiwi has 60 seconds left.\n|\n|t:|1700018119\n|move|p1a: Victory|Flame Charge|p2a: Blacephalon\n|-resisted|p2a: Blacephalon\n|-damage|p2a: Blacephalon|0 fnt\n|-boost|p1a: Victory|spe|1\n|faint|p2a: Blacephalon\n|\n|upkeep\n|\n|t:|1700018126\n|switch|p2a: Ogerpon|Ogerpon-Wellspring, F|100\/100\n|-damage|p2a: Ogerpon|88\/100|[from] Stealth Rock\n|turn|12\n|\n|t:|1700018129\n|-terastallize|p2a: Ogerpon|Water\n|detailschange|p2a: Ogerpon|Ogerpon-Wellspring-Tera, F, tera:Water\n|-ability|p2a: Ogerpon|Embody Aspect (Wellspring)|boost\n|-boost|p2a: Ogerpon|spd|1\n|move|p1a: Victory|Fusion Bolt|p2a: Ogerpon\n|-supereffective|p2a: Ogerpon\n|-damage|p2a: Ogerpon|0 fnt\n|faint|p2a: Ogerpon\n|\n|upkeep\n|\n|t:|1700018137\n|switch|p2a: Lopunny|Lopunny-Mega, F|100\/100\n|-damage|p2a: Lopunny|95\/100|[from] Stealth Rock\n|turn|13\n|\n|t:|1700018140\n|move|p2a: Lopunny|Fake Out|p1a: Victory\n|-crit|p1a: Victory\n|-damage|p1a: Victory|69\/100\n|cant|p1a: Victory|flinch\n|\n|upkeep\n|turn|14\n|\n|t:|1700018145\n|move|p1a: Victory|Flame Charge|p2a: Lopunny\n|-damage|p2a: Lopunny|64\/100\n|-boost|p1a: Victory|spe|1\n|move|p2a: Lopunny|U-turn|p1a: Victory\n|-damage|p1a: Victory|43\/100\n|\n|t:|1700018154\n|switch|p2a: Hoopa|Hoopa-Unbound|100\/100|[from] U-turn\n|-damage|p2a: Hoopa|88\/100|[from] Stealth Rock\n|\n|upkeep\n|turn|15\n|\n|t:|1700018158\n|move|p1a: Victory|V-create|p2a: Hoopa\n|-damage|p2a: Hoopa|0 fnt\n|-unboost|p1a: Victory|spe|1\n|-unboost|p1a: Victory|def|1\n|-unboost|p1a: Victory|spd|1\n|faint|p2a: Hoopa\n|\n|upkeep\n|\n|t:|1700018161\n|switch|p2a: Iron Valiant|Iron Valiant|100\/100\n|-damage|p2a: Iron Valiant|94\/100|[from] Stealth Rock\n|-enditem|p2a: Iron Valiant|Booster Energy\n|-activate|p2a: Iron Valiant|ability: Quark Drive|[fromitem]\n|-start|p2a: Iron Valiant|quarkdrivespe\n|turn|16\n|\n|t:|1700018165\n|move|p2a: Iron Valiant|Shadow Ball|p1a: Victory\n|-supereffective|p1a: Victory\n|-damage|p1a: Victory|0 fnt\n|faint|p1a: Victory\n|\n|upkeep\n|\n|t:|1700018168\n|switch|p1a: spirit|Tapu Lele, shiny|100\/100\n|-fieldstart|move: Psychic Terrain|[from] ability: Psychic Surge|[of] p1a: spirit\n|turn|17\n|\n|t:|1700018193\n|move|p2a: Iron Valiant|Shadow Ball|p1a: spirit\n|-supereffective|p1a: spirit\n|-damage|p1a: spirit|41\/100\n|move|p1a: spirit|Psyshock|p2a: Iron Valiant\n|-supereffective|p2a: Iron Valiant\n|-damage|p2a: Iron Valiant|0 fnt\n|faint|p2a: Iron Valiant\n|-end|p2a: Iron Valiant|Quark Drive|[silent]\n|-damage|p1a: spirit|31\/100|[from] item: Life Orb\n|\n|upkeep\n|\n|t:|1700018195\n|switch|p2a: Lopunny|Lopunny-Mega, F|64\/100\n|-damage|p2a: Lopunny|58\/100|[from] Stealth Rock\n|turn|18\n|\n|t:|1700018199\n|move|p2a: Lopunny|Fake Out|p1a: spirit\n|-activate|p1a: spirit|move: Psychic Terrain\n|move|p1a: spirit|Psyshock|p2a: Lopunny\n|-supereffective|p2a: Lopunny\n|-damage|p2a: Lopunny|0 fnt\n|faint|p2a: Lopunny\n|-damage|p1a: spirit|21\/100|[from] item: Life Orb\n|\n|win|lemmybro87\n|raw|lemmybro87's rating: 1122 &rarr; <strong>1153<\/strong><br \/>(+31 for winning)\n|raw|TheAzulKiwi's rating: 1214 &rarr; <strong>1183<\/strong><br \/>(-31 for losing)\n|c|\u2606lemmybro87|gg\n|c|\u2606TheAzulKiwi|gg\n","uploadtime":1700018208,"views":4,"p1id":"lemmybro87","p2id":"theazulkiwi","formatid":"gen9nationaldex","rating":1153,"private":0,"password":""}