{"id":"gen9nationaldex-1997549756","p1":"ridersoko","p2":"craftfirst","format":"[Gen 9] National Dex","log":"|html|<div class=\"broadcast-blue\"><strong>[Gen 9] National Dex is currently suspecting Sneasler! For information on how to participate check out the <a href=\"https:\/\/www.smogon.com\/forums\/threads\/sv-national-dex-suspect-8-just-dance.3731534\/\">suspect thread<\/a>.<\/strong><\/div>\n|j|\u2606ridersoko\n|j|\u2606craftfirst\n|t:|1700823961\n|gametype|singles\n|player|p1|ridersoko|lucas|1432\n|player|p2|craftfirst|cynthia|1343\n|teamsize|p1|6\n|teamsize|p2|6\n|gen|9\n|tier|[Gen 9] National Dex\n|rated|\n|rule|HP Percentage Mod: HP is shown in percentages\n|rule|Endless Battle Clause: Forcing endless battles is banned\n|rule|OHKO Clause: OHKO moves are banned\n|rule|Evasion Clause: Evasion abilities, items, and moves are banned\n|rule|Evasion Abilities Clause: Evasion abilities are banned\n|rule|Evasion Items Clause: Evasion items are banned\n|rule|Evasion Moves Clause: Evasion moves are banned\n|rule|Species Clause: Limit one of each Pok\u00e9mon\n|rule|Sleep Clause Mod: Limit one foe put to sleep\n|clearpoke\n|poke|p1|Banette, M|\n|poke|p1|Alomomola, F|\n|poke|p1|Landorus-Therian, M|\n|poke|p1|Heatran, M|\n|poke|p1|Aegislash, F|\n|poke|p1|Tapu Lele|\n|poke|p2|Mawile, M|\n|poke|p2|Marowak-Alola, F|\n|poke|p2|Hatterene, F|\n|poke|p2|Cresselia, F|\n|poke|p2|Porygon2|\n|poke|p2|Ursaluna, M|\n|teampreview\n|inactive|Battle timer is ON: inactive players will automatically lose when time's up. (requested by craftfirst)\n|inactive|ridersoko also wants the timer to be on.\n|\n|t:|1700823971\n|start\n|switch|p1a: Landorus|Landorus-Therian, M|100\/100\n|switch|p2a: Hatterene|Hatterene, F|100\/100\n|-ability|p1a: Landorus|Intimidate|boost\n|-unboost|p2a: Hatterene|atk|1\n|turn|1\n|\n|t:|1700823979\n|move|p1a: Landorus|Earthquake|p2a: Hatterene\n|-damage|p2a: Hatterene|38\/100\n|move|p2a: Hatterene|Trick Room|p2a: Hatterene\n|-fieldstart|move: Trick Room|[of] p2a: Hatterene\n|\n|upkeep\n|turn|2\n|\n|t:|1700823990\n|switch|p1a: Heatran|Heatran, M|100\/100\n|move|p2a: Hatterene|Misty Explosion|p1a: Heatran\n|-resisted|p1a: Heatran\n|-damage|p1a: Heatran|91\/100\n|faint|p2a: Hatterene\n|\n|-heal|p1a: Heatran|97\/100|[from] item: Leftovers\n|upkeep\n|\n|t:|1700824000\n|switch|p2a: Ursaluna|Ursaluna, M|100\/100\n|turn|3\n|\n|t:|1700824006\n|-terastallize|p2a: Ursaluna|Normal\n|move|p1a: Heatran|Protect|p1a: Heatran\n|-singleturn|p1a: Heatran|Protect\n|move|p2a: Ursaluna|Swords Dance|p2a: Ursaluna\n|-boost|p2a: Ursaluna|atk|2\n|\n|-heal|p1a: Heatran|100\/100|[from] item: Leftovers\n|-status|p2a: Ursaluna|brn|[from] item: Flame Orb\n|upkeep\n|turn|4\n|\n|t:|1700824024\n|switch|p1a: Aegislash|Aegislash, F|100\/100\n|-item|p1a: Aegislash|Air Balloon\n|move|p2a: Ursaluna|Facade|p1a: Aegislash\n|-immune|p1a: Aegislash\n|\n|-damage|p2a: Ursaluna|94\/100 brn|[from] brn\n|upkeep\n|turn|5\n|\n|t:|1700824034\n|move|p2a: Ursaluna|Fire Punch|p1a: Aegislash\n|-supereffective|p1a: Aegislash\n|-damage|p1a: Aegislash|0 fnt\n|-enditem|p1a: Aegislash|Air Balloon\n|faint|p1a: Aegislash\n|\n|-damage|p2a: Ursaluna|88\/100 brn|[from] brn\n|-fieldend|move: Trick Room\n|upkeep\n|inactive|ridersoko has 120 seconds left.\n|\n|t:|1700824075\n|switch|p1a: Banette|Banette, M|100\/100\n|-item|p2a: Ursaluna|Flame Orb|[from] ability: Frisk|[of] p1a: Banette|[identify]\n|turn|6\n|\n|t:|1700824082\n|switch|p2a: Cresselia|Cresselia, F|100\/100\n|detailschange|p1a: Banette|Banette-Mega, M\n|-mega|p1a: Banette|Banette|Banettite\n|move|p1a: Banette|Destiny Bond|p1a: Banette\n|-singlemove|p1a: Banette|Destiny Bond\n|\n|upkeep\n|turn|7\n|inactive|ridersoko has 120 seconds left.\n|\n|t:|1700824091\n|move|p1a: Banette|Poltergeist|p2a: Cresselia\n|-activate|p2a: Cresselia|move: Poltergeist|Colbur Berry\n|-supereffective|p2a: Cresselia\n|-damage|p2a: Cresselia|23\/100\n|move|p2a: Cresselia|Trick Room|p2a: Cresselia\n|-fieldstart|move: Trick Room|[of] p2a: Cresselia\n|\n|upkeep\n|turn|8\n|\n|t:|1700824100\n|move|p1a: Banette|Encore|p2a: Cresselia\n|-start|p2a: Cresselia|Encore\n|move|p2a: Cresselia|Trick Room|p2a: Cresselia\n|-fieldend|move: Trick Room\n|\n|upkeep\n|turn|9\n|\n|t:|1700824108\n|move|p1a: Banette|Poltergeist|p2a: Cresselia\n|-activate|p2a: Cresselia|move: Poltergeist|Colbur Berry\n|-supereffective|p2a: Cresselia\n|-damage|p2a: Cresselia|0 fnt\n|faint|p2a: Cresselia\n|\n|upkeep\n|\n|t:|1700824116\n|switch|p2a: Porygon2|Porygon2|100\/100\n|-ability|p2a: Porygon2|Prankster|[from] ability: Trace|[of] p1a: Banette\n|turn|10\n|\n|t:|1700824140\n|move|p1a: Banette|Infestation|p2a: Porygon2\n|-damage|p2a: Porygon2|98\/100\n|-activate|p2a: Porygon2|move: Infestation|[of] p1a: Banette\n|move|p2a: Porygon2|Teleport|p2a: Porygon2\n|\n|t:|1700824148\n|switch|p2a: Ursaluna|Ursaluna, M, tera:Normal|88\/100 brn|[from] Teleport\n|\n|-damage|p2a: Ursaluna|82\/100 brn|[from] brn\n|upkeep\n|turn|11\n|inactive|craftfirst has 120 seconds left.\n|\n|t:|1700824171\n|move|p1a: Banette|Destiny Bond|p1a: Banette\n|-singlemove|p1a: Banette|Destiny Bond\n|move|p2a: Ursaluna|Swords Dance|p2a: Ursaluna\n|-boost|p2a: Ursaluna|atk|2\n|\n|-damage|p2a: Ursaluna|76\/100 brn|[from] brn\n|upkeep\n|turn|12\n|\n|t:|1700824180\n|move|p1a: Banette|Encore|p2a: Ursaluna\n|-start|p2a: Ursaluna|Encore\n|move|p2a: Ursaluna|Swords Dance|p2a: Ursaluna\n|-boost|p2a: Ursaluna|atk|2\n|\n|-damage|p2a: Ursaluna|70\/100 brn|[from] brn\n|upkeep\n|turn|13\n|\n|t:|1700824183\n|move|p1a: Banette|Infestation|p2a: Ursaluna\n|-damage|p2a: Ursaluna|67\/100 brn\n|-activate|p2a: Ursaluna|move: Infestation|[of] p1a: Banette\n|move|p2a: Ursaluna|Swords Dance|p2a: Ursaluna\n|-boost|p2a: Ursaluna|atk|2\n|\n|-damage|p2a: Ursaluna|61\/100 brn|[from] brn\n|-damage|p2a: Ursaluna|48\/100 brn|[from] move: Infestation|[partiallytrapped]\n|upkeep\n|turn|14\n|\n|t:|1700824195\n|move|p1a: Banette|Infestation|p2a: Ursaluna\n|-damage|p2a: Ursaluna|45\/100 brn\n|move|p2a: Ursaluna|Swords Dance|p2a: Ursaluna\n|-boost|p2a: Ursaluna|atk|0\n|\n|-damage|p2a: Ursaluna|39\/100 brn|[from] brn\n|-damage|p2a: Ursaluna|26\/100 brn|[from] move: Infestation|[partiallytrapped]\n|-end|p2a: Ursaluna|Encore\n|upkeep\n|turn|15\n|\n|t:|1700824207\n|move|p1a: Banette|Encore|p2a: Ursaluna\n|-start|p2a: Ursaluna|Encore\n|move|p2a: Ursaluna|Swords Dance|p2a: Ursaluna\n|-boost|p2a: Ursaluna|atk|0\n|\n|-damage|p2a: Ursaluna|20\/100 brn|[from] brn\n|-damage|p2a: Ursaluna|8\/100 brn|[from] move: Infestation|[partiallytrapped]\n|upkeep\n|turn|16\n|\n|t:|1700824221\n|move|p1a: Banette|Infestation|p2a: Ursaluna\n|-damage|p2a: Ursaluna|4\/100 brn\n|move|p2a: Ursaluna|Swords Dance|p2a: Ursaluna\n|-boost|p2a: Ursaluna|atk|0\n|\n|-damage|p2a: Ursaluna|0 fnt|[from] brn\n|faint|p2a: Ursaluna\n|upkeep\n|\n|t:|1700824233\n|switch|p2a: Porygon2|Porygon2|98\/100\n|-ability|p2a: Porygon2|Prankster|[from] ability: Trace|[of] p1a: Banette\n|turn|17\n|\n|t:|1700824247\n|move|p1a: Banette|Infestation|p2a: Porygon2\n|-damage|p2a: Porygon2|95\/100\n|-activate|p2a: Porygon2|move: Infestation|[of] p1a: Banette\n|move|p2a: Porygon2|Trick Room|p2a: Porygon2\n|-fieldstart|move: Trick Room|[of] p2a: Porygon2\n|\n|-damage|p2a: Porygon2|83\/100|[from] move: Infestation|[partiallytrapped]\n|upkeep\n|turn|18\n|\n|t:|1700824255\n|move|p1a: Banette|Encore|p2a: Porygon2\n|-start|p2a: Porygon2|Encore\n|move|p2a: Porygon2|Trick Room|p2a: Porygon2\n|-fieldend|move: Trick Room\n|\n|-damage|p2a: Porygon2|71\/100|[from] move: Infestation|[partiallytrapped]\n|upkeep\n|turn|19\n|\n|t:|1700824263\n|move|p1a: Banette|Infestation|p2a: Porygon2\n|-damage|p2a: Porygon2|68\/100\n|move|p2a: Porygon2|Trick Room|p2a: Porygon2\n|-fieldstart|move: Trick Room|[of] p2a: Porygon2\n|\n|-damage|p2a: Porygon2|56\/100|[from] move: Infestation|[partiallytrapped]\n|upkeep\n|turn|20\n|\n|t:|1700824271\n|move|p1a: Banette|Infestation|p2a: Porygon2\n|-damage|p2a: Porygon2|53\/100\n|move|p2a: Porygon2|Trick Room|p2a: Porygon2\n|-fieldend|move: Trick Room\n|\n|-damage|p2a: Porygon2|41\/100|[from] move: Infestation|[partiallytrapped]\n|-end|p2a: Porygon2|Encore\n|upkeep\n|turn|21\n|-message|craftfirst forfeited.\n|\n|win|ridersoko\n|raw|ridersoko's rating: 1432 &rarr; <strong>1447<\/strong><br \/>(+15 for winning)\n|raw|craftfirst's rating: 1343 &rarr; <strong>1328<\/strong><br \/>(-15 for losing)\n|l|\u2606craftfirst\n","uploadtime":1700824283,"views":1,"p1id":"ridersoko","p2id":"craftfirst","formatid":"gen9nationaldex","rating":1328,"private":0,"password":""}