{"id":"gen9nationaldex-1995922679","p1":"AlastorTheOverlord","p2":"herobrinennn","format":"[Gen 9] National Dex","log":"|html|<div class=\"broadcast-blue\"><strong>[Gen 9] National Dex is currently suspecting Sneasler! For information on how to participate check out the <a href=\"https:\/\/www.smogon.com\/forums\/threads\/sv-national-dex-suspect-8-just-dance.3731534\/\">suspect thread<\/a>.<\/strong><\/div>\n|j|\u2606AlastorTheOverlord\n|j|\u2606herobrinennn\n|t:|1700617797\n|gametype|singles\n|player|p1|AlastorTheOverlord|n|1155\n|player|p2|herobrinennn|swimmer-gen4dp|1226\n|teamsize|p1|6\n|teamsize|p2|6\n|gen|9\n|tier|[Gen 9] National Dex\n|rated|\n|rule|HP Percentage Mod: HP is shown in percentages\n|rule|Endless Battle Clause: Forcing endless battles is banned\n|rule|OHKO Clause: OHKO moves are banned\n|rule|Evasion Clause: Evasion abilities, items, and moves are banned\n|rule|Evasion Abilities Clause: Evasion abilities are banned\n|rule|Evasion Items Clause: Evasion items are banned\n|rule|Evasion Moves Clause: Evasion moves are banned\n|rule|Species Clause: Limit one of each Pok\u00e9mon\n|rule|Sleep Clause Mod: Limit one foe put to sleep\n|clearpoke\n|poke|p1|Greninja-*, M|\n|poke|p1|Garchomp, M|\n|poke|p1|Chandelure, M|\n|poke|p1|Azumarill, M|\n|poke|p1|Aegislash, F|\n|poke|p1|Talonflame, M|\n|poke|p2|Aegislash, F|\n|poke|p2|Hydreigon, M|\n|poke|p2|Ogerpon-Cornerstone, F|\n|poke|p2|Corviknight, M|\n|poke|p2|Lokix, F|\n|poke|p2|Gastrodon, M|\n|teampreview\n|inactive|Battle timer is ON: inactive players will automatically lose when time's up. (requested by AlastorTheOverlord)\n|\n|t:|1700617815\n|start\n|switch|p1a: Chandelure|Chandelure, M|100\/100\n|switch|p2a: \u5251\u95e8|Aegislash, F, shiny|100\/100\n|turn|1\n|\n|t:|1700617825\n|switch|p2a: Hydreigon|Hydreigon, M|100\/100\n|move|p1a: Chandelure|Flamethrower|p2a: Hydreigon\n|-resisted|p2a: Hydreigon\n|-damage|p2a: Hydreigon|73\/100\n|\n|upkeep\n|turn|2\n|\n|t:|1700617844\n|move|p1a: Chandelure|Flamethrower|p2a: Hydreigon\n|-resisted|p2a: Hydreigon\n|-damage|p2a: Hydreigon|41\/100\n|move|p2a: Hydreigon|Draco Meteor|p1a: Chandelure\n|-crit|p1a: Chandelure\n|-damage|p1a: Chandelure|0 fnt\n|-unboost|p2a: Hydreigon|spa|2\n|faint|p1a: Chandelure\n|\n|upkeep\n|\n|t:|1700617856\n|switch|p1a: Talonflame|Talonflame, M|100\/100\n|turn|3\n|inactive|herobrinennn has 120 seconds left.\n|\n|t:|1700617887\n|switch|p2a: Corviknight|Corviknight, M|100\/100\n|-ability|p2a: Corviknight|Pressure\n|move|p1a: Talonflame|Brave Bird|p2a: Corviknight\n|-resisted|p2a: Corviknight\n|-damage|p2a: Corviknight|87\/100\n|-damage|p1a: Talonflame|84\/100|[from] item: Rocky Helmet|[of] p2a: Corviknight\n|-damage|p1a: Talonflame|78\/100|[from] Recoil\n|\n|upkeep\n|turn|4\n|inactive|herobrinennn has 120 seconds left.\n|\n|t:|1700617912\n|move|p1a: Talonflame|Flare Blitz|p2a: Corviknight\n|-supereffective|p2a: Corviknight\n|-damage|p2a: Corviknight|34\/100\n|-damage|p1a: Talonflame|62\/100|[from] item: Rocky Helmet|[of] p2a: Corviknight\n|-damage|p1a: Talonflame|38\/100|[from] Recoil\n|move|p2a: Corviknight|Roost|p2a: Corviknight\n|-heal|p2a: Corviknight|84\/100\n|-singleturn|p2a: Corviknight|move: Roost\n|\n|upkeep\n|turn|5\n|inactive|AlastorTheOverlord has 120 seconds left.\n|c|\u2606herobrinennn|\u5feb\u70b9\u901f\u5ea6\n|inactive|AlastorTheOverlord has 90 seconds left.\n|\n|t:|1700617971\n|move|p1a: Talonflame|U-turn|p2a: Corviknight\n|-resisted|p2a: Corviknight\n|-damage|p2a: Corviknight|81\/100\n|-damage|p1a: Talonflame|22\/100|[from] item: Rocky Helmet|[of] p2a: Corviknight\n|\n|t:|1700617984\n|switch|p1a: Greninja|Greninja, M|100\/100|[from] U-turn\n|move|p2a: Corviknight|U-turn|p1a: Greninja\n|-supereffective|p1a: Greninja\n|-damage|p1a: Greninja|55\/100\n|\n|t:|1700617995\n|switch|p2a: Lokix|Lokix, F|100\/100|[from] U-turn\n|\n|upkeep\n|turn|6\n|\n|t:|1700618021\n|switch|p1a: Aegislash|Aegislash, F|100\/100\n|-terastallize|p2a: Lokix|Bug\n|move|p2a: Lokix|First Impression|p1a: Aegislash\n|-resisted|p1a: Aegislash\n|-damage|p1a: Aegislash|86\/100\n|-damage|p2a: Lokix|91\/100|[from] item: Life Orb\n|\n|-heal|p1a: Aegislash|92\/100|[from] item: Leftovers\n|upkeep\n|turn|7\n|inactive|herobrinennn has 120 seconds left.\n|\n|t:|1700618035\n|move|p2a: Lokix|Sucker Punch||[still]\n|-fail|p2a: Lokix\n|move|p1a: Aegislash|Swords Dance|p1a: Aegislash\n|-boost|p1a: Aegislash|atk|2\n|\n|-heal|p1a: Aegislash|98\/100|[from] item: Leftovers\n|upkeep\n|turn|8\n|inactive|herobrinennn has 120 seconds left.\n|\n|t:|1700618044\n|switch|p2a: Corviknight|Corviknight, M|81\/100\n|-ability|p2a: Corviknight|Pressure\n|move|p1a: Aegislash|Swords Dance|p1a: Aegislash\n|-boost|p1a: Aegislash|atk|2\n|\n|-heal|p1a: Aegislash|100\/100|[from] item: Leftovers\n|upkeep\n|turn|9\n|inactive|herobrinennn has 120 seconds left.\n|\n|t:|1700618055\n|-formechange|p1a: Aegislash|Aegislash-Blade||[from] ability: Stance Change\n|move|p1a: Aegislash|Shadow Sneak|p2a: Corviknight\n|-crit|p2a: Corviknight\n|-damage|p2a: Corviknight|17\/100\n|-damage|p1a: Aegislash|84\/100|[from] item: Rocky Helmet|[of] p2a: Corviknight\n|move|p2a: Corviknight|Roost|p2a: Corviknight\n|-heal|p2a: Corviknight|67\/100\n|-singleturn|p2a: Corviknight|move: Roost\n|\n|-heal|p1a: Aegislash|90\/100|[from] item: Leftovers\n|upkeep\n|turn|10\n|inactive|herobrinennn has 120 seconds left.\n|\n|t:|1700618070\n|move|p2a: Corviknight|Roost|p2a: Corviknight\n|-heal|p2a: Corviknight|100\/100\n|-singleturn|p2a: Corviknight|move: Roost\n|move|p1a: Aegislash|Swords Dance|p1a: Aegislash\n|-boost|p1a: Aegislash|atk|2\n|\n|-heal|p1a: Aegislash|96\/100|[from] item: Leftovers\n|upkeep\n|turn|11\n|inactive|AlastorTheOverlord has 90 seconds left.\n|inactive|herobrinennn has 120 seconds left.\n|\n|t:|1700618083\n|move|p2a: Corviknight|Roost||[still]\n|-fail|p2a: Corviknight|heal\n|move|p1a: Aegislash|Sacred Sword|p2a: Corviknight\n|-damage|p2a: Corviknight|15\/100\n|-damage|p1a: Aegislash|80\/100|[from] item: Rocky Helmet|[of] p2a: Corviknight\n|\n|-heal|p1a: Aegislash|86\/100|[from] item: Leftovers\n|upkeep\n|turn|12\n|inactive|AlastorTheOverlord has 90 seconds left.\n|inactive|herobrinennn has 120 seconds left.\n|\n|t:|1700618106\n|move|p1a: Aegislash|Shadow Sneak|p2a: Corviknight\n|-damage|p2a: Corviknight|0 fnt\n|-damage|p1a: Aegislash|70\/100|[from] item: Rocky Helmet|[of] p2a: Corviknight\n|faint|p2a: Corviknight\n|\n|-heal|p1a: Aegislash|76\/100|[from] item: Leftovers\n|upkeep\n|\n|t:|1700618114\n|switch|p2a: Hydreigon|Hydreigon, M|41\/100\n|turn|13\n|\n|t:|1700618118\n|move|p1a: Aegislash|Shadow Sneak|p2a: Hydreigon\n|-resisted|p2a: Hydreigon\n|-damage|p2a: Hydreigon|0 fnt\n|faint|p2a: Hydreigon\n|\n|-heal|p1a: Aegislash|82\/100|[from] item: Leftovers\n|upkeep\n|inactive|herobrinennn has 120 seconds left.\n|\n|t:|1700618128\n|switch|p2a: Ogerpon|Ogerpon-Cornerstone, F|100\/100\n|turn|14\n|inactive|herobrinennn has 120 seconds left.\n|\n|t:|1700618140\n|move|p2a: Ogerpon|Ivy Cudgel|p1a: Aegislash|[anim] Ivy Cudgel Rock\n|-resisted|p1a: Aegislash\n|-damage|p1a: Aegislash|33\/100\n|move|p1a: Aegislash|Iron Head|p2a: Ogerpon\n|-supereffective|p2a: Ogerpon\n|-ability|p2a: Ogerpon|Sturdy\n|-damage|p2a: Ogerpon|1\/100\n|\n|-heal|p1a: Aegislash|39\/100|[from] item: Leftovers\n|upkeep\n|turn|15\n|inactive|AlastorTheOverlord has 120 seconds left.\n|inactive|herobrinennn has 120 seconds left.\n|\n|t:|1700618152\n|move|p1a: Aegislash|Shadow Sneak|p2a: Ogerpon\n|-damage|p2a: Ogerpon|0 fnt\n|faint|p2a: Ogerpon\n|\n|-heal|p1a: Aegislash|45\/100|[from] item: Leftovers\n|upkeep\n|inactive|herobrinennn has 120 seconds left.\n|-message|herobrinennn forfeited.\n|\n|win|AlastorTheOverlord\n|raw|AlastorTheOverlord's rating: 1155 &rarr; <strong>1185<\/strong><br \/>(+30 for winning)\n|raw|herobrinennn's rating: 1226 &rarr; <strong>1196<\/strong><br \/>(-30 for losing)\n|l|\u2606herobrinennn\n","uploadtime":1700618161,"views":1,"p1id":"alastortheoverlord","p2id":"herobrinennn","formatid":"gen9nationaldex","rating":1185,"private":0,"password":""}