{"id":"gen9nationaldex-1987731775","p1":"snorlax20060418","p2":"tprip13","format":"[Gen 9] National Dex","log":"|j|\u2606snorlax20060418\n|j|\u2606tprip13\n|t:|1699631827\n|gametype|singles\n|player|p1|snorlax20060418|barry|1235\n|player|p2|tprip13|flint|1291\n|teamsize|p1|6\n|teamsize|p2|6\n|gen|9\n|tier|[Gen 9] National Dex\n|rated|\n|rule|HP Percentage Mod: HP is shown in percentages\n|rule|Endless Battle Clause: Forcing endless battles is banned\n|rule|OHKO Clause: OHKO moves are banned\n|rule|Evasion Clause: Evasion abilities, items, and moves are banned\n|rule|Evasion Abilities Clause: Evasion abilities are banned\n|rule|Evasion Items Clause: Evasion items are banned\n|rule|Evasion Moves Clause: Evasion moves are banned\n|rule|Species Clause: Limit one of each Pok\u00e9mon\n|rule|Sleep Clause Mod: Limit one foe put to sleep\n|clearpoke\n|poke|p1|Pelipper, F|\n|poke|p1|Swampert, M|\n|poke|p1|Ferrothorn, M|\n|poke|p1|Zapdos|\n|poke|p1|Greninja-*, M|\n|poke|p1|Toxapex, F|\n|poke|p2|Heracross, F|\n|poke|p2|Garganacl, F|\n|poke|p2|Zapdos|\n|poke|p2|Greninja-*, M|\n|poke|p2|Garchomp, M|\n|poke|p2|Heatran, F|\n|teampreview\n|inactive|Battle timer is ON: inactive players will automatically lose when time's up. (requested by tprip13)\n|\n|t:|1699631836\n|start\n|switch|p1a: \u94c1\u76d8\u575a\u679c|Ferrothorn, M|100\/100\n|switch|p2a: Garganacl|Garganacl, F|100\/100\n|turn|1\n|\n|t:|1699631846\n|move|p2a: Garganacl|Salt Cure|p1a: \u94c1\u76d8\u575a\u679c\n|-resisted|p1a: \u94c1\u76d8\u575a\u679c\n|-damage|p1a: \u94c1\u76d8\u575a\u679c|96\/100\n|-start|p1a: \u94c1\u76d8\u575a\u679c|Salt Cure\n|move|p1a: \u94c1\u76d8\u575a\u679c|Knock Off|p2a: Garganacl\n|-damage|p2a: Garganacl|91\/100\n|-enditem|p2a: Garganacl|Leftovers|[from] move: Knock Off|[of] p1a: \u94c1\u76d8\u575a\u679c\n|\n|-heal|p1a: \u94c1\u76d8\u575a\u679c|100\/100|[from] item: Leftovers\n|-damage|p1a: \u94c1\u76d8\u575a\u679c|75\/100|[from] Salt Cure\n|upkeep\n|turn|2\n|\n|t:|1699631859\n|move|p2a: Garganacl|Stealth Rock|p1a: \u94c1\u76d8\u575a\u679c\n|-sidestart|p1: snorlax20060418|move: Stealth Rock\n|move|p1a: \u94c1\u76d8\u575a\u679c|Leech Seed|p2a: Garganacl\n|-start|p2a: Garganacl|move: Leech Seed\n|\n|-heal|p1a: \u94c1\u76d8\u575a\u679c|82\/100|[from] item: Leftovers\n|-damage|p2a: Garganacl|78\/100|[from] Leech Seed|[of] p1a: \u94c1\u76d8\u575a\u679c\n|-heal|p1a: \u94c1\u76d8\u575a\u679c|96\/100|[silent]\n|-damage|p1a: \u94c1\u76d8\u575a\u679c|71\/100|[from] Salt Cure\n|upkeep\n|turn|3\n|\n|t:|1699631872\n|switch|p2a: Heatran|Heatran, F|100\/100\n|switch|p1a: \u95ea\u7535\u53ea\u56e0|Zapdos|100\/100\n|\n|upkeep\n|turn|4\n|\n|t:|1699631887\n|move|p1a: \u95ea\u7535\u53ea\u56e0|Defog|p2a: Heatran\n|-unboost|p2a: Heatran|evasion|1\n|-sideend|p1: snorlax20060418|Stealth Rock|[from] move: Defog|[of] p1a: \u95ea\u7535\u53ea\u56e0\n|move|p2a: Heatran|Magma Storm|p1a: \u95ea\u7535\u53ea\u56e0\n|-damage|p1a: \u95ea\u7535\u53ea\u56e0|53\/100\n|-activate|p1a: \u95ea\u7535\u53ea\u56e0|move: Magma Storm|[of] p2a: Heatran\n|\n|-damage|p1a: \u95ea\u7535\u53ea\u56e0|41\/100|[from] move: Magma Storm|[partiallytrapped]\n|upkeep\n|turn|5\n|\n|t:|1699631897\n|move|p1a: \u95ea\u7535\u53ea\u56e0|Roost|p1a: \u95ea\u7535\u53ea\u56e0\n|-heal|p1a: \u95ea\u7535\u53ea\u56e0|91\/100\n|-singleturn|p1a: \u95ea\u7535\u53ea\u56e0|move: Roost\n|move|p2a: Heatran|Toxic|p1a: \u95ea\u7535\u53ea\u56e0\n|-status|p1a: \u95ea\u7535\u53ea\u56e0|tox\n|\n|-damage|p1a: \u95ea\u7535\u53ea\u56e0|85\/100 tox|[from] psn\n|-damage|p1a: \u95ea\u7535\u53ea\u56e0|73\/100 tox|[from] move: Magma Storm|[partiallytrapped]\n|upkeep\n|turn|6\n|\n|t:|1699631910\n|move|p2a: Heatran|Protect|p2a: Heatran\n|-singleturn|p2a: Heatran|Protect\n|move|p1a: \u95ea\u7535\u53ea\u56e0|Thunder|p2a: Heatran\n|-activate|p2a: Heatran|move: Protect\n|\n|-damage|p1a: \u95ea\u7535\u53ea\u56e0|61\/100 tox|[from] psn\n|-damage|p1a: \u95ea\u7535\u53ea\u56e0|48\/100 tox|[from] move: Magma Storm|[partiallytrapped]\n|upkeep\n|turn|7\n|\n|t:|1699631920\n|move|p1a: \u95ea\u7535\u53ea\u56e0|Roost|p1a: \u95ea\u7535\u53ea\u56e0\n|-heal|p1a: \u95ea\u7535\u53ea\u56e0|98\/100 tox\n|-singleturn|p1a: \u95ea\u7535\u53ea\u56e0|move: Roost\n|move|p2a: Heatran|Earth Power|p1a: \u95ea\u7535\u53ea\u56e0\n|-supereffective|p1a: \u95ea\u7535\u53ea\u56e0\n|-damage|p1a: \u95ea\u7535\u53ea\u56e0|39\/100 tox\n|\n|-damage|p1a: \u95ea\u7535\u53ea\u56e0|21\/100 tox|[from] psn\n|-damage|p1a: \u95ea\u7535\u53ea\u56e0|8\/100 tox|[from] move: Magma Storm|[partiallytrapped]\n|upkeep\n|turn|8\n|\n|t:|1699631935\n|move|p1a: \u95ea\u7535\u53ea\u56e0|Roost|p1a: \u95ea\u7535\u53ea\u56e0\n|-heal|p1a: \u95ea\u7535\u53ea\u56e0|59\/100 tox\n|-singleturn|p1a: \u95ea\u7535\u53ea\u56e0|move: Roost\n|move|p2a: Heatran|Magma Storm|p1a: \u95ea\u7535\u53ea\u56e0\n|-damage|p1a: \u95ea\u7535\u53ea\u56e0|9\/100 tox\n|\n|-damage|p1a: \u95ea\u7535\u53ea\u56e0|0 fnt|[from] psn\n|faint|p1a: \u95ea\u7535\u53ea\u56e0\n|upkeep\n|\n|t:|1699631948\n|switch|p1a: \u76d6\u9e25\u5361|Pelipper, F|100\/100\n|-weather|RainDance|[from] ability: Drizzle|[of] p1a: \u76d6\u9e25\u5361\n|turn|9\n|\n|t:|1699631959\n|move|p2a: Heatran|Protect|p2a: Heatran\n|-singleturn|p2a: Heatran|Protect\n|move|p1a: \u76d6\u9e25\u5361|Scald|p2a: Heatran\n|-activate|p2a: Heatran|move: Protect\n|\n|-weather|RainDance|[upkeep]\n|upkeep\n|turn|10\n|\n|t:|1699631968\n|switch|p1a: \u5de8\u6cbc|Swampert, M|100\/100\n|switch|p2a: Zapdos|Zapdos|100\/100\n|\n|-weather|RainDance|[upkeep]\n|upkeep\n|turn|11\n|\n|t:|1699631977\n|detailschange|p1a: \u5de8\u6cbc|Swampert-Mega, M\n|-mega|p1a: \u5de8\u6cbc|Swampert|Swampertite\n|move|p1a: \u5de8\u6cbc|Ice Punch|p2a: Zapdos\n|-supereffective|p2a: Zapdos\n|-damage|p2a: Zapdos|58\/100\n|-status|p1a: \u5de8\u6cbc|par|[from] ability: Static|[of] p2a: Zapdos\n|move|p2a: Zapdos|Hurricane|p1a: \u5de8\u6cbc\n|-damage|p1a: \u5de8\u6cbc|59\/100 par\n|\n|-weather|RainDance|[upkeep]\n|upkeep\n|turn|12\n|\n|t:|1699631990\n|move|p1a: \u5de8\u6cbc|Stealth Rock|p2a: Zapdos\n|-sidestart|p2: tprip13|move: Stealth Rock\n|move|p2a: Zapdos|Roost|p2a: Zapdos\n|-heal|p2a: Zapdos|100\/100\n|-singleturn|p2a: Zapdos|move: Roost\n|\n|-weather|RainDance|[upkeep]\n|upkeep\n|turn|13\n|\n|t:|1699632002\n|cant|p1a: \u5de8\u6cbc|par\n|move|p2a: Zapdos|Defog|p1a: \u5de8\u6cbc\n|-unboost|p1a: \u5de8\u6cbc|evasion|1\n|-sideend|p2: tprip13|Stealth Rock|[from] move: Defog|[of] p2a: Zapdos\n|\n|-weather|RainDance|[upkeep]\n|upkeep\n|turn|14\n|\n|t:|1699632010\n|move|p1a: \u5de8\u6cbc|Waterfall|p2a: Zapdos\n|-damage|p2a: Zapdos|51\/100\n|cant|p2a: Zapdos|flinch\n|\n|-weather|RainDance|[upkeep]\n|upkeep\n|turn|15\n|\n|t:|1699632018\n|move|p1a: \u5de8\u6cbc|Waterfall|p2a: Zapdos\n|-damage|p2a: Zapdos|3\/100\n|move|p2a: Zapdos|Roost|p2a: Zapdos\n|-heal|p2a: Zapdos|53\/100\n|-singleturn|p2a: Zapdos|move: Roost\n|\n|-weather|RainDance|[upkeep]\n|upkeep\n|turn|16\n|\n|t:|1699632026\n|cant|p1a: \u5de8\u6cbc|par\n|move|p2a: Zapdos|Roost|p2a: Zapdos\n|-heal|p2a: Zapdos|100\/100\n|-singleturn|p2a: Zapdos|move: Roost\n|\n|-weather|none\n|upkeep\n|turn|17\n|\n|t:|1699632037\n|move|p2a: Zapdos|Hurricane|p1a: \u5de8\u6cbc\n|-damage|p1a: \u5de8\u6cbc|16\/100 par\n|move|p1a: \u5de8\u6cbc|Ice Punch|p2a: Zapdos\n|-supereffective|p2a: Zapdos\n|-damage|p2a: Zapdos|61\/100\n|\n|upkeep\n|turn|18\n|\n|t:|1699632045\n|move|p2a: Zapdos|Roost|p2a: Zapdos\n|-heal|p2a: Zapdos|100\/100\n|-singleturn|p2a: Zapdos|move: Roost\n|move|p1a: \u5de8\u6cbc|Ice Punch|p2a: Zapdos\n|-crit|p2a: Zapdos\n|-damage|p2a: Zapdos|69\/100\n|\n|upkeep\n|turn|19\n|\n|t:|1699632055\n|switch|p2a: Heracross|Heracross, F|100\/100\n|cant|p1a: \u5de8\u6cbc|par\n|\n|upkeep\n|turn|20\n|\n|t:|1699632062\n|move|p2a: Heracross|Trailblaze|p1a: \u5de8\u6cbc\n|-supereffective|p1a: \u5de8\u6cbc\n|-damage|p1a: \u5de8\u6cbc|0 fnt\n|-boost|p2a: Heracross|spe|1\n|faint|p1a: \u5de8\u6cbc\n|-ability|p2a: Heracross|Moxie|boost\n|-boost|p2a: Heracross|atk|1\n|\n|upkeep\n|\n|t:|1699632077\n|switch|p1a: \u574f\u574f|Toxapex, F|100\/100\n|turn|21\n|\n|t:|1699632090\n|detailschange|p2a: Heracross|Heracross-Mega, F\n|-mega|p2a: Heracross|Heracross|Heracronite\n|move|p2a: Heracross|Rock Blast|p1a: \u574f\u574f\n|-damage|p1a: \u574f\u574f|87\/100\n|-crit|p1a: \u574f\u574f\n|-damage|p1a: \u574f\u574f|66\/100\n|-damage|p1a: \u574f\u574f|53\/100\n|-damage|p1a: \u574f\u574f|39\/100\n|-damage|p1a: \u574f\u574f|25\/100\n|-hitcount|p1a: \u574f\u574f|5\n|move|p1a: \u574f\u574f|Haze|p1a: \u574f\u574f\n|-clearallboost\n|\n|-heal|p1a: \u574f\u574f|31\/100|[from] item: Leftovers\n|upkeep\n|turn|22\n|\n|t:|1699632108\n|switch|p1a: \u94c1\u76d8\u575a\u679c|Ferrothorn, M|71\/100\n|move|p2a: Heracross|Rock Blast|p1a: \u94c1\u76d8\u575a\u679c\n|-resisted|p1a: \u94c1\u76d8\u575a\u679c\n|-damage|p1a: \u94c1\u76d8\u575a\u679c|67\/100\n|-resisted|p1a: \u94c1\u76d8\u575a\u679c\n|-crit|p1a: \u94c1\u76d8\u575a\u679c\n|-damage|p1a: \u94c1\u76d8\u575a\u679c|60\/100\n|-resisted|p1a: \u94c1\u76d8\u575a\u679c\n|-damage|p1a: \u94c1\u76d8\u575a\u679c|56\/100\n|-resisted|p1a: \u94c1\u76d8\u575a\u679c\n|-damage|p1a: \u94c1\u76d8\u575a\u679c|52\/100\n|-resisted|p1a: \u94c1\u76d8\u575a\u679c\n|-damage|p1a: \u94c1\u76d8\u575a\u679c|47\/100\n|-hitcount|p1a: \u94c1\u76d8\u575a\u679c|5\n|\n|-heal|p1a: \u94c1\u76d8\u575a\u679c|54\/100|[from] item: Leftovers\n|upkeep\n|turn|23\n|\n|t:|1699632127\n|switch|p1a: \u574f\u574f|Toxapex, F|64\/100\n|move|p2a: Heracross|Close Combat|p1a: \u574f\u574f\n|-resisted|p1a: \u574f\u574f\n|-damage|p1a: \u574f\u574f|32\/100\n|-unboost|p2a: Heracross|def|1\n|-unboost|p2a: Heracross|spd|1\n|\n|-heal|p1a: \u574f\u574f|38\/100|[from] item: Leftovers\n|upkeep\n|turn|24\n|\n|t:|1699632139\n|move|p1a: \u574f\u574f|Baneful Bunker|p1a: \u574f\u574f\n|-singleturn|p1a: \u574f\u574f|move: Protect\n|move|p2a: Heracross|Rock Blast|p1a: \u574f\u574f\n|-activate|p1a: \u574f\u574f|move: Protect\n|\n|-heal|p1a: \u574f\u574f|44\/100|[from] item: Leftovers\n|upkeep\n|turn|25\n|\n|t:|1699632151\n|move|p2a: Heracross|Rock Blast|p1a: \u574f\u574f\n|-damage|p1a: \u574f\u574f|35\/100\n|-damage|p1a: \u574f\u574f|25\/100\n|-crit|p1a: \u574f\u574f\n|-damage|p1a: \u574f\u574f|12\/100\n|-damage|p1a: \u574f\u574f|2\/100\n|-damage|p1a: \u574f\u574f|0 fnt\n|faint|p1a: \u574f\u574f\n|-hitcount|p1: \u574f\u574f|5\n|\n|upkeep\n|inactive|snorlax20060418 has 120 seconds left.\n|\n|t:|1699632166\n|switch|p1a: \u76d6\u9e25\u5361|Pelipper, F|100\/100\n|-weather|RainDance|[from] ability: Drizzle|[of] p1a: \u76d6\u9e25\u5361\n|turn|26\n|\n|t:|1699632175\n|move|p2a: Heracross|Rock Blast|p1a: \u76d6\u9e25\u5361|[miss]\n|-miss|p2a: Heracross|p1a: \u76d6\u9e25\u5361\n|move|p1a: \u76d6\u9e25\u5361|U-turn|p2a: Heracross\n|-resisted|p2a: Heracross\n|-damage|p2a: Heracross|95\/100\n|\n|t:|1699632181\n|switch|p1a: \u6ca1\u6709\u7f81\u7eca|Greninja, M|100\/100|[from] U-turn\n|\n|-weather|RainDance|[upkeep]\n|upkeep\n|turn|27\n|\n|t:|1699632203\n|switch|p2a: Greninja|Greninja, M|100\/100\n|-terastallize|p1a: \u6ca1\u6709\u7f81\u7eca|Water\n|move|p1a: \u6ca1\u6709\u7f81\u7eca|Hydro Pump|p2a: Greninja\n|-resisted|p2a: Greninja\n|-damage|p2a: Greninja|0 fnt\n|faint|p2a: Greninja\n|-ability|p1a: \u6ca1\u6709\u7f81\u7eca|Battle Bond|boost\n|-boost|p1a: \u6ca1\u6709\u7f81\u7eca|atk|1\n|-boost|p1a: \u6ca1\u6709\u7f81\u7eca|spa|1\n|-boost|p1a: \u6ca1\u6709\u7f81\u7eca|spe|1\n|-activate|p1a: \u6ca1\u6709\u7f81\u7eca|ability: Battle Bond\n|-damage|p1a: \u6ca1\u6709\u7f81\u7eca|91\/100|[from] item: Life Orb\n|\n|-weather|RainDance|[upkeep]\n|upkeep\n|\n|t:|1699632211\n|switch|p2a: Heatran|Heatran, F|100\/100\n|turn|28\n|\n|t:|1699632222\n|move|p2a: Heatran|Protect|p2a: Heatran\n|-singleturn|p2a: Heatran|Protect\n|move|p1a: \u6ca1\u6709\u7f81\u7eca|Ice Beam|p2a: Heatran\n|-activate|p2a: Heatran|move: Protect\n|\n|-weather|RainDance|[upkeep]\n|upkeep\n|turn|29\n|\n|t:|1699632230\n|-terastallize|p2a: Heatran|Bug\n|move|p1a: \u6ca1\u6709\u7f81\u7eca|Hydro Pump|p2a: Heatran\n|-damage|p2a: Heatran|0 fnt\n|faint|p2a: Heatran\n|-damage|p1a: \u6ca1\u6709\u7f81\u7eca|81\/100|[from] item: Life Orb\n|\n|-weather|RainDance|[upkeep]\n|upkeep\n|\n|t:|1699632246\n|switch|p2a: Garchomp|Garchomp, M|100\/100\n|turn|30\n|\n|t:|1699632252\n|move|p1a: \u6ca1\u6709\u7f81\u7eca|Ice Beam|p2a: Garchomp\n|-supereffective|p2a: Garchomp\n|-damage|p2a: Garchomp|0 fnt\n|faint|p2a: Garchomp\n|-damage|p1a: \u6ca1\u6709\u7f81\u7eca|71\/100|[from] item: Life Orb\n|\n|-weather|RainDance|[upkeep]\n|upkeep\n|\n|t:|1699632256\n|switch|p2a: Garganacl|Garganacl, F|78\/100\n|turn|31\n|\n|t:|1699632263\n|move|p2a: Garganacl|Protect|p2a: Garganacl\n|-singleturn|p2a: Garganacl|Protect\n|move|p1a: \u6ca1\u6709\u7f81\u7eca|Hydro Pump|p2a: Garganacl\n|-activate|p2a: Garganacl|move: Protect\n|\n|-weather|RainDance|[upkeep]\n|upkeep\n|turn|32\n|\n|t:|1699632274\n|switch|p2a: Zapdos|Zapdos|69\/100\n|move|p1a: \u6ca1\u6709\u7f81\u7eca|Hydro Pump|p2a: Zapdos\n|-damage|p2a: Zapdos|0 fnt\n|faint|p2a: Zapdos\n|-damage|p1a: \u6ca1\u6709\u7f81\u7eca|61\/100|[from] item: Life Orb\n|\n|-weather|RainDance|[upkeep]\n|upkeep\n|\n|t:|1699632279\n|switch|p2a: Garganacl|Garganacl, F|78\/100\n|turn|33\n|\n|t:|1699632288\n|switch|p1a: \u94c1\u76d8\u575a\u679c|Ferrothorn, M|54\/100\n|move|p2a: Garganacl|Protect||[still]\n|-fail|p2a: Garganacl\n|\n|-weather|none\n|-heal|p1a: \u94c1\u76d8\u575a\u679c|60\/100|[from] item: Leftovers\n|upkeep\n|turn|34\n|\n|t:|1699632299\n|move|p2a: Garganacl|Salt Cure|p1a: \u94c1\u76d8\u575a\u679c\n|-resisted|p1a: \u94c1\u76d8\u575a\u679c\n|-damage|p1a: \u94c1\u76d8\u575a\u679c|55\/100\n|-start|p1a: \u94c1\u76d8\u575a\u679c|Salt Cure\n|move|p1a: \u94c1\u76d8\u575a\u679c|Leech Seed|p2a: Garganacl\n|-start|p2a: Garganacl|move: Leech Seed\n|\n|-heal|p1a: \u94c1\u76d8\u575a\u679c|62\/100|[from] item: Leftovers\n|-damage|p2a: Garganacl|66\/100|[from] Leech Seed|[of] p1a: \u94c1\u76d8\u575a\u679c\n|-heal|p1a: \u94c1\u76d8\u575a\u679c|76\/100|[silent]\n|-damage|p1a: \u94c1\u76d8\u575a\u679c|51\/100|[from] Salt Cure\n|upkeep\n|turn|35\n|\n|t:|1699632312\n|switch|p2a: Heracross|Heracross-Mega, F|95\/100\n|move|p1a: \u94c1\u76d8\u575a\u679c|Spikes|p2a: Heracross\n|-sidestart|p2: tprip13|Spikes\n|\n|-heal|p1a: \u94c1\u76d8\u575a\u679c|57\/100|[from] item: Leftovers\n|-damage|p1a: \u94c1\u76d8\u575a\u679c|32\/100|[from] Salt Cure\n|upkeep\n|turn|36\n|\n|t:|1699632322\n|move|p2a: Heracross|Trailblaze|p1a: \u94c1\u76d8\u575a\u679c\n|-resisted|p1a: \u94c1\u76d8\u575a\u679c\n|-damage|p1a: \u94c1\u76d8\u575a\u679c|28\/100\n|-boost|p2a: Heracross|spe|1\n|-damage|p2a: Heracross|83\/100|[from] ability: Iron Barbs|[of] p1a: \u94c1\u76d8\u575a\u679c\n|move|p1a: \u94c1\u76d8\u575a\u679c|Spikes|p2a: Heracross\n|-sidestart|p2: tprip13|Spikes\n|\n|-heal|p1a: \u94c1\u76d8\u575a\u679c|34\/100|[from] item: Leftovers\n|-damage|p1a: \u94c1\u76d8\u575a\u679c|9\/100|[from] Salt Cure\n|upkeep\n|turn|37\n|\n|t:|1699632331\n|move|p2a: Heracross|Trailblaze|p1a: \u94c1\u76d8\u575a\u679c\n|-resisted|p1a: \u94c1\u76d8\u575a\u679c\n|-crit|p1a: \u94c1\u76d8\u575a\u679c\n|-damage|p1a: \u94c1\u76d8\u575a\u679c|2\/100\n|-boost|p2a: Heracross|spe|1\n|-damage|p2a: Heracross|70\/100|[from] ability: Iron Barbs|[of] p1a: \u94c1\u76d8\u575a\u679c\n|move|p1a: \u94c1\u76d8\u575a\u679c|Leech Seed|p2a: Heracross\n|-start|p2a: Heracross|move: Leech Seed\n|\n|-heal|p1a: \u94c1\u76d8\u575a\u679c|9\/100|[from] item: Leftovers\n|-damage|p2a: Heracross|58\/100|[from] Leech Seed|[of] p1a: \u94c1\u76d8\u575a\u679c\n|-heal|p1a: \u94c1\u76d8\u575a\u679c|19\/100|[silent]\n|-damage|p1a: \u94c1\u76d8\u575a\u679c|0 fnt|[from] Salt Cure\n|faint|p1a: \u94c1\u76d8\u575a\u679c\n|upkeep\n|\n|t:|1699632347\n|switch|p1a: \u76d6\u9e25\u5361|Pelipper, F|100\/100\n|-weather|RainDance|[from] ability: Drizzle|[of] p1a: \u76d6\u9e25\u5361\n|turn|38\n|\n|t:|1699632353\n|move|p2a: Heracross|Rock Blast|p1a: \u76d6\u9e25\u5361\n|-supereffective|p1a: \u76d6\u9e25\u5361\n|-damage|p1a: \u76d6\u9e25\u5361|74\/100\n|-supereffective|p1a: \u76d6\u9e25\u5361\n|-damage|p1a: \u76d6\u9e25\u5361|46\/100\n|-supereffective|p1a: \u76d6\u9e25\u5361\n|-damage|p1a: \u76d6\u9e25\u5361|19\/100\n|-supereffective|p1a: \u76d6\u9e25\u5361\n|-damage|p1a: \u76d6\u9e25\u5361|0 fnt\n|faint|p1a: \u76d6\u9e25\u5361\n|-hitcount|p1: \u76d6\u9e25\u5361|4\n|\n|-weather|RainDance|[upkeep]\n|upkeep\n|\n|t:|1699632366\n|switch|p1a: \u6ca1\u6709\u7f81\u7eca|Greninja, M, tera:Water|61\/100\n|turn|39\n|\n|t:|1699632370\n|move|p1a: \u6ca1\u6709\u7f81\u7eca|Water Shuriken|p2a: Heracross\n|-damage|p2a: Heracross|37\/100\n|-damage|p2a: Heracross|16\/100\n|-damage|p2a: Heracross|0 fnt\n|faint|p2a: Heracross\n|-hitcount|p2: Heracross|3\n|-damage|p1a: \u6ca1\u6709\u7f81\u7eca|51\/100|[from] item: Life Orb\n|\n|-weather|RainDance|[upkeep]\n|upkeep\n|\n|t:|1699632375\n|switch|p2a: Garganacl|Garganacl, F|66\/100\n|-damage|p2a: Garganacl|49\/100|[from] Spikes\n|turn|40\n|\n|t:|1699632384\n|move|p2a: Garganacl|Protect|p2a: Garganacl\n|-singleturn|p2a: Garganacl|Protect\n|move|p1a: \u6ca1\u6709\u7f81\u7eca|Hydro Pump|p2a: Garganacl\n|-activate|p2a: Garganacl|move: Protect\n|\n|-weather|RainDance|[upkeep]\n|upkeep\n|turn|41\n|\n|t:|1699632395\n|move|p1a: \u6ca1\u6709\u7f81\u7eca|Hydro Pump|p2a: Garganacl\n|-supereffective|p2a: Garganacl\n|-damage|p2a: Garganacl|0 fnt\n|faint|p2a: Garganacl\n|-damage|p1a: \u6ca1\u6709\u7f81\u7eca|42\/100|[from] item: Life Orb\n|\n|win|snorlax20060418\n|raw|snorlax20060418's rating: 1235 &rarr; <strong>1264<\/strong><br \/>(+29 for winning)\n|raw|tprip13's rating: 1291 &rarr; <strong>1262<\/strong><br \/>(-29 for losing)\n","uploadtime":1699632419,"views":6,"p1id":"snorlax20060418","p2id":"tprip13","formatid":"gen9nationaldex","rating":1262,"private":0,"password":""}