{"id":"gen9nationaldex-1992585830","p1":"xiezhouqun","p2":"wwaaa","format":"[Gen 9] National Dex","log":"|j|\u2606xiezhouqun\n|j|\u2606wwaaa\n|t:|1700210309\n|gametype|singles\n|player|p1|xiezhouqun|fisherman-gen4|1685\n|player|p2|wwaaa|lillie-masters|1604\n|teamsize|p1|6\n|teamsize|p2|6\n|gen|9\n|tier|[Gen 9] National Dex\n|rated|\n|rule|HP Percentage Mod: HP is shown in percentages\n|rule|Endless Battle Clause: Forcing endless battles is banned\n|rule|OHKO Clause: OHKO moves are banned\n|rule|Evasion Clause: Evasion abilities, items, and moves are banned\n|rule|Evasion Abilities Clause: Evasion abilities are banned\n|rule|Evasion Items Clause: Evasion items are banned\n|rule|Evasion Moves Clause: Evasion moves are banned\n|rule|Species Clause: Limit one of each Pok\u00e9mon\n|rule|Sleep Clause Mod: Limit one foe put to sleep\n|clearpoke\n|poke|p1|Kyurem|\n|poke|p1|Rillaboom, F|\n|poke|p1|Banette, F|\n|poke|p1|Sneasler, M|\n|poke|p1|Jirachi|\n|poke|p1|Alomomola, M|\n|poke|p2|Weavile, M|\n|poke|p2|Zamazenta-*|\n|poke|p2|Banette, F|\n|poke|p2|Dragonite, F|\n|poke|p2|Slowking-Galar, M|\n|poke|p2|Ferrothorn, F|\n|teampreview\n|\n|t:|1700210329\n|start\n|switch|p1a: Banette|Banette, F|100\/100\n|switch|p2a: Ferrothorn|Ferrothorn, F|100\/100\n|turn|1\n|\n|t:|1700210338\n|detailschange|p1a: Banette|Banette-Mega, F\n|-mega|p1a: Banette|Banette|Banettite\n|move|p1a: Banette|Poltergeist|p2a: Ferrothorn\n|-activate|p2a: Ferrothorn|move: Poltergeist|Leftovers\n|-damage|p2a: Ferrothorn|48\/100\n|move|p2a: Ferrothorn|Stealth Rock|p1a: Banette\n|-sidestart|p1: xiezhouqun|move: Stealth Rock\n|\n|-heal|p2a: Ferrothorn|54\/100|[from] item: Leftovers\n|upkeep\n|turn|2\n|\n|t:|1700210354\n|switch|p2a: Weavile|Weavile, M|100\/100\n|-ability|p2a: Weavile|Pressure\n|move|p1a: Banette|Encore|p2a: Weavile\n|-hint|Since gen 7, Dark is immune to Prankster moves.\n|-immune|p2a: Weavile\n|\n|upkeep\n|turn|3\n|\n|t:|1700210362\n|move|p1a: Banette|Destiny Bond|p1a: Banette\n|-singlemove|p1a: Banette|Destiny Bond\n|move|p2a: Weavile|Pursuit|p1a: Banette\n|-supereffective|p1a: Banette\n|-damage|p1a: Banette|13\/100\n|\n|upkeep\n|turn|4\n|\n|t:|1700210369\n|move|p2a: Weavile|Pursuit|p1a: Banette\n|-supereffective|p1a: Banette\n|-damage|p1a: Banette|0 fnt\n|faint|p1a: Banette\n|-activate|p1a: Banette|move: Destiny Bond\n|faint|p2a: Weavile\n|\n|upkeep\n|\n|t:|1700210388\n|switch|p2a: Banette|Banette, F|100\/100\n|switch|p1a: Kyurem|Kyurem|100\/100\n|-damage|p1a: Kyurem|75\/100|[from] Stealth Rock\n|-ability|p1a: Kyurem|Pressure\n|-item|p1a: Kyurem|Leftovers|[from] ability: Frisk|[of] p2a: Banette|[identify]\n|turn|5\n|\n|t:|1700210398\n|detailschange|p2a: Banette|Banette-Mega, F\n|-mega|p2a: Banette|Banette|Banettite\n|move|p1a: Kyurem|Ice Beam|p2a: Banette\n|-damage|p2a: Banette|39\/100\n|move|p2a: Banette|Poltergeist|p1a: Kyurem\n|-activate|p1a: Kyurem|move: Poltergeist|Leftovers\n|-damage|p1a: Kyurem|7\/100\n|\n|-heal|p1a: Kyurem|14\/100|[from] item: Leftovers\n|upkeep\n|turn|6\n|\n|t:|1700210409\n|move|p2a: Banette|Shadow Sneak|p1a: Kyurem\n|-damage|p1a: Kyurem|0 fnt\n|faint|p1a: Kyurem\n|\n|upkeep\n|\n|t:|1700210417\n|switch|p1a: Rillaboom|Rillaboom, F|100\/100\n|-damage|p1a: Rillaboom|88\/100|[from] Stealth Rock\n|-fieldstart|move: Grassy Terrain|[from] ability: Grassy Surge|[of] p1a: Rillaboom\n|turn|7\n|\n|t:|1700210423\n|switch|p2a: Ferrothorn|Ferrothorn, F|54\/100\n|move|p1a: Rillaboom|Grassy Glide|p2a: Ferrothorn\n|-resisted|p2a: Ferrothorn\n|-damage|p2a: Ferrothorn|47\/100\n|-damage|p1a: Rillaboom|76\/100|[from] ability: Iron Barbs|[of] p2a: Ferrothorn\n|\n|-heal|p1a: Rillaboom|82\/100|[from] Grassy Terrain\n|-heal|p1a: Rillaboom|88\/100|[from] item: Leftovers\n|-heal|p2a: Ferrothorn|54\/100|[from] Grassy Terrain\n|-heal|p2a: Ferrothorn|60\/100|[from] item: Leftovers\n|upkeep\n|turn|8\n|\n|t:|1700210436\n|move|p1a: Rillaboom|Swords Dance|p1a: Rillaboom\n|-boost|p1a: Rillaboom|atk|2\n|move|p2a: Ferrothorn|Gyro Ball|p1a: Rillaboom\n|-damage|p1a: Rillaboom|48\/100\n|\n|-heal|p1a: Rillaboom|54\/100|[from] Grassy Terrain\n|-heal|p1a: Rillaboom|60\/100|[from] item: Leftovers\n|-heal|p2a: Ferrothorn|66\/100|[from] Grassy Terrain\n|-heal|p2a: Ferrothorn|72\/100|[from] item: Leftovers\n|upkeep\n|turn|9\n|\n|t:|1700210448\n|move|p1a: Rillaboom|Drain Punch|p2a: Ferrothorn\n|-supereffective|p2a: Ferrothorn\n|-crit|p2a: Ferrothorn\n|-damage|p2a: Ferrothorn|0 fnt\n|-heal|p1a: Rillaboom|93\/100|[from] drain|[of] p2a: Ferrothorn\n|-damage|p1a: Rillaboom|80\/100|[from] ability: Iron Barbs|[of] p2a: Ferrothorn\n|faint|p2a: Ferrothorn\n|\n|-heal|p1a: Rillaboom|86\/100|[from] Grassy Terrain\n|-heal|p1a: Rillaboom|92\/100|[from] item: Leftovers\n|upkeep\n|\n|t:|1700210459\n|switch|p2a: Dragonite|Dragonite, F|100\/100\n|turn|10\n|\n|t:|1700210478\n|move|p2a: Dragonite|Dragon Dance|p2a: Dragonite\n|-boost|p2a: Dragonite|atk|1\n|-boost|p2a: Dragonite|spe|1\n|move|p1a: Rillaboom|U-turn|p2a: Dragonite\n|-resisted|p2a: Dragonite\n|-damage|p2a: Dragonite|87\/100\n|\n|t:|1700210499\n|switch|p1a: Jirachi|Jirachi|100\/100|[from] U-turn\n|-damage|p1a: Jirachi|94\/100|[from] Stealth Rock\n|\n|-heal|p1a: Jirachi|100\/100|[from] Grassy Terrain\n|upkeep\n|turn|11\n|\n|t:|1700210513\n|move|p2a: Dragonite|Dragon Dance|p2a: Dragonite\n|-boost|p2a: Dragonite|atk|1\n|-boost|p2a: Dragonite|spe|1\n|-zpower|p1a: Jirachi\n|move|p1a: Jirachi|Z-Refresh||[anim]Refresh|[still]\n|-fail|p1a: Jirachi\n|\n|-fieldend|move: Grassy Terrain\n|upkeep\n|turn|12\n|\n|t:|1700210528\n|move|p2a: Dragonite|Earthquake|p1a: Jirachi\n|-supereffective|p1a: Jirachi\n|-damage|p1a: Jirachi|0 fnt\n|faint|p1a: Jirachi\n|\n|upkeep\n|\n|t:|1700210535\n|switch|p1a: Alomomola|Alomomola, M|100\/100\n|-damage|p1a: Alomomola|88\/100|[from] Stealth Rock\n|turn|13\n|\n|t:|1700210558\n|move|p2a: Dragonite|Earthquake|p1a: Alomomola\n|-damage|p1a: Alomomola|44\/100\n|move|p1a: Alomomola|Toxic|p2a: Dragonite\n|-status|p2a: Dragonite|tox\n|\n|-damage|p2a: Dragonite|81\/100 tox|[from] psn\n|upkeep\n|turn|14\n|c|\u2606wwaaa|\u4e3a\u5565\u5931\u8d25\u4e86\n|\n|t:|1700210575\n|switch|p1a: Rillaboom|Rillaboom, F|92\/100\n|-damage|p1a: Rillaboom|80\/100|[from] Stealth Rock\n|-fieldstart|move: Grassy Terrain|[from] ability: Grassy Surge|[of] p1a: Rillaboom\n|move|p2a: Dragonite|Earthquake|p1a: Rillaboom\n|-resisted|p1a: Rillaboom\n|-damage|p1a: Rillaboom|61\/100\n|\n|-heal|p1a: Rillaboom|67\/100|[from] Grassy Terrain\n|-heal|p1a: Rillaboom|73\/100|[from] item: Leftovers\n|-damage|p2a: Dragonite|69\/100 tox|[from] psn\n|upkeep\n|turn|15\n|\n|t:|1700210590\n|switch|p1a: Alomomola|Alomomola, M|77\/100\n|-damage|p1a: Alomomola|65\/100|[from] Stealth Rock\n|move|p2a: Dragonite|Extreme Speed|p1a: Alomomola\n|-damage|p1a: Alomomola|32\/100\n|-damage|p2a: Dragonite|52\/100 tox|[from] item: Rocky Helmet|[of] p1a: Alomomola\n|\n|-heal|p1a: Alomomola|38\/100|[from] Grassy Terrain\n|-damage|p2a: Dragonite|34\/100 tox|[from] psn\n|upkeep\n|turn|16\n|\n|t:|1700210605\n|-terastallize|p2a: Dragonite|Normal\n|move|p2a: Dragonite|Extreme Speed|p1a: Alomomola\n|-damage|p1a: Alomomola|0 fnt\n|-damage|p2a: Dragonite|17\/100 tox|[from] item: Rocky Helmet|[of] p1a: Alomomola\n|faint|p1a: Alomomola\n|\n|-heal|p2a: Dragonite|23\/100 tox|[from] Grassy Terrain\n|-damage|p2a: Dragonite|0 fnt|[from] psn\n|faint|p2a: Dragonite\n|upkeep\n|\n|t:|1700210620\n|switch|p2a: Zamazenta|Zamazenta|100\/100\n|switch|p1a: Sneasler|Sneasler, M|100\/100\n|-ability|p2a: Zamazenta|Dauntless Shield|boost\n|-boost|p2a: Zamazenta|def|1\n|-damage|p1a: Sneasler|95\/100|[from] Stealth Rock\n|-enditem|p1a: Sneasler|Grassy Seed\n|-boost|p1a: Sneasler|def|1|[from] item: Grassy Seed\n|turn|17\n|\n|t:|1700210632\n|move|p1a: Sneasler|Swords Dance|p1a: Sneasler\n|-boost|p1a: Sneasler|atk|2\n|move|p2a: Zamazenta|Iron Defense|p2a: Zamazenta\n|-boost|p2a: Zamazenta|def|2\n|\n|-heal|p1a: Sneasler|100\/100|[from] Grassy Terrain\n|upkeep\n|turn|18\n|\n|t:|1700210651\n|-terastallize|p1a: Sneasler|Flying\n|move|p1a: Sneasler|Acrobatics|p2a: Zamazenta\n|-supereffective|p2a: Zamazenta\n|-damage|p2a: Zamazenta|21\/100\n|move|p2a: Zamazenta|Heavy Slam|p1a: Sneasler\n|-damage|p1a: Sneasler|72\/100\n|\n|-heal|p2a: Zamazenta|27\/100|[from] Grassy Terrain\n|-fieldend|move: Grassy Terrain\n|upkeep\n|turn|19\n|\n|t:|1700210691\n|move|p1a: Sneasler|Acrobatics|p2a: Zamazenta\n|-supereffective|p2a: Zamazenta\n|-damage|p2a: Zamazenta|0 fnt\n|faint|p2a: Zamazenta\n|\n|upkeep\n|\n|t:|1700210693\n|switch|p2a: Banette|Banette-Mega, F|39\/100\n|turn|20\n|\n|t:|1700210699\n|move|p2a: Banette|Destiny Bond|p2a: Banette\n|-singlemove|p2a: Banette|Destiny Bond\n|move|p1a: Sneasler|Acrobatics|p2a: Banette\n|-damage|p2a: Banette|0 fnt\n|faint|p2a: Banette\n|-activate|p2a: Banette|move: Destiny Bond\n|faint|p1a: Sneasler\n|\n|upkeep\n|\n|t:|1700210708\n|switch|p1a: Rillaboom|Rillaboom, F|73\/100\n|switch|p2a: Slowking|Slowking-Galar, M|100\/100\n|-damage|p1a: Rillaboom|61\/100|[from] Stealth Rock\n|-fieldstart|move: Grassy Terrain|[from] ability: Grassy Surge|[of] p1a: Rillaboom\n|turn|21\n|\n|t:|1700210726\n|move|p1a: Rillaboom|U-turn|p2a: Slowking\n|-damage|p2a: Slowking|73\/100\n|move|p2a: Slowking|Sludge Bomb|p1a: Rillaboom\n|-supereffective|p1a: Rillaboom\n|-damage|p1a: Rillaboom|0 fnt\n|faint|p1a: Rillaboom\n|\n|win|wwaaa\n|raw|xiezhouqun's rating: 1685 &rarr; <strong>1660<\/strong><br \/>(-25 for losing)\n|raw|wwaaa's rating: 1604 &rarr; <strong>1629<\/strong><br \/>(+25 for winning)\n","uploadtime":1700210736,"views":6,"p1id":"xiezhouqun","p2id":"wwaaa","formatid":"gen9nationaldex","rating":1629,"private":0,"password":""}