{"id":"gen9nationaldex-1990946843","p1":"ouvt ziva","p2":"doomguy1994","format":"[Gen 9] National Dex","log":"|j|\u2606ouvt ziva\n|j|\u2606doomguy1994\n|t:|1700018346\n|gametype|singles\n|player|p1|ouvt ziva|may-masters|1211\n|player|p2|doomguy1994|170|1160\n|teamsize|p1|6\n|teamsize|p2|6\n|gen|9\n|tier|[Gen 9] National Dex\n|rated|\n|rule|HP Percentage Mod: HP is shown in percentages\n|rule|Endless Battle Clause: Forcing endless battles is banned\n|rule|OHKO Clause: OHKO moves are banned\n|rule|Evasion Clause: Evasion abilities, items, and moves are banned\n|rule|Evasion Abilities Clause: Evasion abilities are banned\n|rule|Evasion Items Clause: Evasion items are banned\n|rule|Evasion Moves Clause: Evasion moves are banned\n|rule|Species Clause: Limit one of each Pok\u00e9mon\n|rule|Sleep Clause Mod: Limit one foe put to sleep\n|clearpoke\n|poke|p1|Pelipper, F|\n|poke|p1|Floatzel, M|\n|poke|p1|Golduck, M|\n|poke|p1|Ogerpon-Wellspring, F|\n|poke|p1|Pawmot, F|\n|poke|p1|Toedscruel, F|\n|poke|p2|Tyranitar, F|\n|poke|p2|Kartana|\n|poke|p2|Drapion, F|\n|poke|p2|Electrode-Hisui|\n|poke|p2|Malamar, M|\n|poke|p2|Garchomp, M|\n|teampreview\n|j| Lonsol\n|j| Adamanzane\n|\n|t:|1700018363\n|start\n|switch|p1a: Ghoti carrier|Pelipper, F|100\/100\n|switch|p2a: Squidward|Malamar, M|100\/100\n|-weather|RainDance|[from] ability: Drizzle|[of] p1a: Ghoti carrier\n|turn|1\n|inactive|Battle timer is ON: inactive players will automatically lose when time's up. (requested by ouvt ziva)\n|\n|t:|1700018369\n|move|p2a: Squidward|Switcheroo|p1a: Ghoti carrier\n|-activate|p2a: Squidward|move: Trick|[of] p1a: Ghoti carrier\n|-item|p1a: Ghoti carrier|Choice Scarf|[from] move: Switcheroo\n|-item|p2a: Squidward|Damp Rock|[from] move: Switcheroo\n|move|p1a: Ghoti carrier|U-turn|p2a: Squidward\n|-supereffective|p2a: Squidward\n|-damage|p2a: Squidward|70\/100\n|\n|t:|1700018377\n|switch|p1a: BandedSkewda|Floatzel, M|100\/100|[from] U-turn\n|\n|-weather|RainDance|[upkeep]\n|upkeep\n|turn|2\n|\n|t:|1700018387\n|move|p1a: BandedSkewda|Liquidation|p2a: Squidward\n|-damage|p2a: Squidward|0 fnt\n|faint|p2a: Squidward\n|\n|-weather|RainDance|[upkeep]\n|upkeep\n|\n|t:|1700018396\n|switch|p2a: Dragon?|Tyranitar, F|100\/100\n|-weather|Sandstorm|[from] ability: Sand Stream|[of] p2a: Dragon?\n|turn|3\n|\n|t:|1700018404\n|switch|p2a: Ball|Electrode-Hisui|100\/100\n|move|p1a: BandedSkewda|Liquidation|p2a: Ball\n|-resisted|p2a: Ball\n|-damage|p2a: Ball|50\/100\n|-unboost|p2a: Ball|def|1\n|\n|-weather|Sandstorm|[upkeep]\n|-damage|p2a: Ball|44\/100|[from] Sandstorm\n|-damage|p1a: BandedSkewda|94\/100|[from] Sandstorm\n|upkeep\n|turn|4\n|\n|t:|1700018409\n|switch|p1a: Spaghetti Memory|Toedscruel, F|100\/100\n|move|p2a: Ball|Thunderbolt|p1a: Spaghetti Memory\n|-immune|p1a: Spaghetti Memory\n|\n|-weather|Sandstorm|[upkeep]\n|-damage|p2a: Ball|38\/100|[from] Sandstorm\n|upkeep\n|turn|5\n|\n|t:|1700018418\n|switch|p2a: GOTTA GO FAST|Kartana|100\/100\n|move|p1a: Spaghetti Memory|Knock Off|p2a: GOTTA GO FAST\n|-damage|p2a: GOTTA GO FAST|89\/100\n|\n|-weather|Sandstorm|[upkeep]\n|upkeep\n|turn|6\n|\n|t:|1700018433\n|switch|p1a: Ghoti carrier|Pelipper, F|100\/100\n|-weather|RainDance|[from] ability: Drizzle|[of] p1a: Ghoti carrier\n|move|p2a: GOTTA GO FAST|Leaf Blade|p1a: Ghoti carrier\n|-crit|p1a: Ghoti carrier\n|-damage|p1a: Ghoti carrier|27\/100\n|\n|-weather|RainDance|[upkeep]\n|upkeep\n|turn|7\n|\n|t:|1700018451\n|switch|p2a: Dragon?|Tyranitar, F|100\/100\n|-weather|Sandstorm|[from] ability: Sand Stream|[of] p2a: Dragon?\n|switch|p1a: Really want eject|Pawmot, F|100\/100\n|\n|-weather|Sandstorm|[upkeep]\n|-damage|p1a: Really want eject|94\/100|[from] Sandstorm\n|upkeep\n|turn|8\n|j| 5cat\n|\n|t:|1700018458\n|switch|p2a: Power Crept|Garchomp, M|100\/100\n|move|p1a: Really want eject|Close Combat|p2a: Power Crept\n|-damage|p2a: Power Crept|56\/100\n|-unboost|p1a: Really want eject|def|1\n|-unboost|p1a: Really want eject|spd|1\n|-damage|p1a: Really want eject|82\/100|[from] ability: Rough Skin|[of] p2a: Power Crept\n|\n|-weather|Sandstorm|[upkeep]\n|-damage|p1a: Really want eject|76\/100|[from] Sandstorm\n|upkeep\n|turn|9\n|\n|t:|1700018470\n|switch|p1a: Ghoti carrier|Pelipper, F|27\/100\n|-weather|RainDance|[from] ability: Drizzle|[of] p1a: Ghoti carrier\n|move|p2a: Power Crept|Earthquake|p1a: Ghoti carrier\n|-immune|p1a: Ghoti carrier\n|\n|-weather|RainDance|[upkeep]\n|upkeep\n|turn|10\n|\n|t:|1700018477\n|switch|p2a: Dragon?|Tyranitar, F|100\/100\n|-weather|Sandstorm|[from] ability: Sand Stream|[of] p2a: Dragon?\n|switch|p1a: On (HI!!!)-atus|Ogerpon-Wellspring, F|100\/100\n|\n|-weather|Sandstorm|[upkeep]\n|-damage|p1a: On (HI!!!)-atus|95\/100|[from] Sandstorm\n|upkeep\n|turn|11\n|\n|t:|1700018491\n|switch|p2a: Ball|Electrode-Hisui|38\/100\n|move|p1a: On (HI!!!)-atus|Power Whip|p2a: Ball\n|-resisted|p2a: Ball\n|-damage|p2a: Ball|0 fnt\n|faint|p2a: Ball\n|\n|-weather|Sandstorm|[upkeep]\n|-damage|p1a: On (HI!!!)-atus|89\/100|[from] Sandstorm\n|upkeep\n|\n|t:|1700018498\n|switch|p2a: GOTTA GO FAST|Kartana|89\/100\n|turn|12\n|\n|t:|1700018512\n|move|p1a: On (HI!!!)-atus|Swords Dance|p1a: On (HI!!!)-atus\n|-boost|p1a: On (HI!!!)-atus|atk|2\n|-zpower|p2a: GOTTA GO FAST\n|move|p2a: GOTTA GO FAST|Z-Tailwind|p2a: GOTTA GO FAST|[anim]Tailwind\n|-start|p2a: GOTTA GO FAST|move: Focus Energy|[zeffect]\n|-sidestart|p2: doomguy1994|move: Tailwind\n|\n|-weather|Sandstorm|[upkeep]\n|-damage|p1a: On (HI!!!)-atus|83\/100|[from] Sandstorm\n|upkeep\n|turn|13\n|\n|t:|1700018532\n|-terastallize|p1a: On (HI!!!)-atus|Water\n|detailschange|p1a: On (HI!!!)-atus|Ogerpon-Wellspring-Tera, F, tera:Water\n|-ability|p1a: On (HI!!!)-atus|Embody Aspect (Wellspring)|boost\n|-boost|p1a: On (HI!!!)-atus|spd|1\n|move|p2a: GOTTA GO FAST|Leaf Blade|p1a: On (HI!!!)-atus\n|-supereffective|p1a: On (HI!!!)-atus\n|-crit|p1a: On (HI!!!)-atus\n|-damage|p1a: On (HI!!!)-atus|0 fnt\n|faint|p1a: On (HI!!!)-atus\n|-ability|p2a: GOTTA GO FAST|Beast Boost|boost\n|-boost|p2a: GOTTA GO FAST|atk|1\n|\n|-weather|Sandstorm|[upkeep]\n|upkeep\n|inactive|ouvt ziva has 120 seconds left.\n|\n|t:|1700018553\n|switch|p1a: Seaking Duck|Golduck, M|100\/100\n|turn|14\n|\n|t:|1700018556\n|move|p1a: Seaking Duck|Vacuum Wave|p2a: GOTTA GO FAST\n|-supereffective|p2a: GOTTA GO FAST\n|-damage|p2a: GOTTA GO FAST|0 fnt\n|faint|p2a: GOTTA GO FAST\n|-damage|p1a: Seaking Duck|91\/100|[from] item: Life Orb\n|\n|-weather|none\n|upkeep\n|\n|t:|1700018572\n|switch|p2a: Power Crept|Garchomp, M|56\/100\n|turn|15\n|inactive|ouvt ziva has 120 seconds left.\n|\n|t:|1700018604\n|switch|p1a: Ghoti carrier|Pelipper, F|27\/100\n|-weather|RainDance|[from] ability: Drizzle|[of] p1a: Ghoti carrier\n|detailschange|p2a: Power Crept|Garchomp-Mega, M\n|-mega|p2a: Power Crept|Garchomp|Garchompite\n|move|p2a: Power Crept|Scale Shot|p1a: Ghoti carrier\n|-damage|p1a: Ghoti carrier|15\/100\n|-damage|p1a: Ghoti carrier|2\/100\n|-hitcount|p1a: Ghoti carrier|2\n|-unboost|p2a: Power Crept|def|1\n|-boost|p2a: Power Crept|spe|1\n|\n|-weather|RainDance|[upkeep]\n|-sideend|p2: doomguy1994|move: Tailwind\n|upkeep\n|turn|16\n|\n|t:|1700018619\n|switch|p1a: BandedSkewda|Floatzel, M|94\/100\n|move|p2a: Power Crept|Scale Shot|p1a: BandedSkewda\n|-damage|p1a: BandedSkewda|70\/100\n|-damage|p1a: BandedSkewda|42\/100\n|-damage|p1a: BandedSkewda|14\/100\n|-damage|p1a: BandedSkewda|0 fnt\n|faint|p1a: BandedSkewda\n|-hitcount|p1: BandedSkewda|4\n|-unboost|p2a: Power Crept|def|1\n|-boost|p2a: Power Crept|spe|1\n|\n|-weather|RainDance|[upkeep]\n|upkeep\n|\n|t:|1700018637\n|switch|p1a: Spaghetti Memory|Toedscruel, F|100\/100\n|turn|17\n|\n|t:|1700018642\n|move|p2a: Power Crept|Scale Shot|p1a: Spaghetti Memory\n|-damage|p1a: Spaghetti Memory|80\/100\n|-damage|p1a: Spaghetti Memory|59\/100\n|-damage|p1a: Spaghetti Memory|37\/100\n|-damage|p1a: Spaghetti Memory|15\/100\n|-hitcount|p1a: Spaghetti Memory|4\n|-unboost|p2a: Power Crept|def|1\n|-boost|p2a: Power Crept|spe|1\n|move|p1a: Spaghetti Memory|Spore|p2a: Power Crept\n|-status|p2a: Power Crept|slp|[from] move: Spore\n|\n|-weather|RainDance|[upkeep]\n|upkeep\n|turn|18\n|\n|t:|1700018651\n|switch|p1a: Seaking Duck|Golduck, M|91\/100\n|cant|p2a: Power Crept|slp\n|\n|-weather|RainDance|[upkeep]\n|upkeep\n|turn|19\n|\n|t:|1700018659\n|cant|p2a: Power Crept|slp\n|move|p1a: Seaking Duck|Ice Beam|p2a: Power Crept\n|-supereffective|p2a: Power Crept\n|-damage|p2a: Power Crept|0 fnt\n|faint|p2a: Power Crept\n|-damage|p1a: Seaking Duck|81\/100|[from] item: Life Orb\n|\n|-weather|none\n|upkeep\n|\n|t:|1700018666\n|switch|p2a: citizen snips|Drapion, F|100\/100\n|turn|20\n|\n|t:|1700018677\n|move|p1a: Seaking Duck|Surf|p2a: citizen snips\n|-damage|p2a: citizen snips|36\/100\n|-damage|p1a: Seaking Duck|71\/100|[from] item: Life Orb\n|move|p2a: citizen snips|Acupressure|p2a: citizen snips\n|-boost|p2a: citizen snips|spd|2\n|\n|-heal|p2a: citizen snips|42\/100|[from] item: Leftovers\n|upkeep\n|turn|21\n|\n|t:|1700018688\n|switch|p1a: Ghoti carrier|Pelipper, F|2\/100\n|-weather|RainDance|[from] ability: Drizzle|[of] p1a: Ghoti carrier\n|move|p2a: citizen snips|Rest|p2a: citizen snips\n|-status|p2a: citizen snips|slp|[from] move: Rest\n|-heal|p2a: citizen snips|100\/100 slp|[silent]\n|\n|-weather|RainDance|[upkeep]\n|upkeep\n|turn|22\n|\n|t:|1700018696\n|cant|p2a: citizen snips|slp\n|move|p2a: citizen snips|Sleep Talk|p2a: citizen snips\n|move|p2a: citizen snips|Acupressure|p2a: citizen snips|[from]move: Sleep Talk\n|-boost|p2a: citizen snips|spd|2\n|move|p1a: Ghoti carrier|U-turn|p2a: citizen snips\n|-damage|p2a: citizen snips|94\/100 slp\n|\n|t:|1700018701\n|switch|p1a: Seaking Duck|Golduck, M|71\/100|[from] U-turn\n|\n|-weather|RainDance|[upkeep]\n|-heal|p2a: citizen snips|99\/100 slp|[from] item: Leftovers\n|upkeep\n|turn|23\n|\n|t:|1700018707\n|move|p1a: Seaking Duck|Surf|p2a: citizen snips\n|-damage|p2a: citizen snips|70\/100 slp\n|-damage|p1a: Seaking Duck|61\/100|[from] item: Life Orb\n|cant|p2a: citizen snips|slp\n|move|p2a: citizen snips|Sleep Talk|p2a: citizen snips\n|move|p2a: citizen snips|Acupressure|p2a: citizen snips|[from]move: Sleep Talk\n|-boost|p2a: citizen snips|spe|2\n|\n|-weather|RainDance|[upkeep]\n|-heal|p2a: citizen snips|76\/100 slp|[from] item: Leftovers\n|upkeep\n|turn|24\n|\n|t:|1700018721\n|move|p1a: Seaking Duck|Nasty Plot|p1a: Seaking Duck\n|-boost|p1a: Seaking Duck|spa|2\n|-curestatus|p2a: citizen snips|slp|[msg]\n|move|p2a: citizen snips|Knock Off|p1a: Seaking Duck\n|-damage|p1a: Seaking Duck|20\/100\n|-enditem|p1a: Seaking Duck|Life Orb|[from] move: Knock Off|[of] p2a: citizen snips\n|\n|-weather|RainDance|[upkeep]\n|-heal|p2a: citizen snips|82\/100|[from] item: Leftovers\n|upkeep\n|turn|25\n|\n|t:|1700018734\n|move|p1a: Seaking Duck|Surf|p2a: citizen snips\n|-damage|p2a: citizen snips|38\/100\n|move|p2a: citizen snips|Knock Off|p1a: Seaking Duck\n|-damage|p1a: Seaking Duck|0 fnt\n|faint|p1a: Seaking Duck\n|\n|-weather|none\n|-heal|p2a: citizen snips|44\/100|[from] item: Leftovers\n|upkeep\n|\n|t:|1700018741\n|switch|p1a: Really want eject|Pawmot, F|76\/100\n|turn|26\n|\n|t:|1700018745\n|move|p2a: citizen snips|Rest|p2a: citizen snips\n|-status|p2a: citizen snips|slp|[from] move: Rest\n|-heal|p2a: citizen snips|100\/100 slp|[silent]\n|move|p1a: Really want eject|Close Combat|p2a: citizen snips\n|-damage|p2a: citizen snips|67\/100 slp\n|-unboost|p1a: Really want eject|def|1\n|-unboost|p1a: Really want eject|spd|1\n|\n|-heal|p2a: citizen snips|73\/100 slp|[from] item: Leftovers\n|upkeep\n|turn|27\n|\n|t:|1700018749\n|cant|p2a: citizen snips|slp\n|move|p2a: citizen snips|Sleep Talk|p2a: citizen snips\n|move|p2a: citizen snips|Acupressure|p2a: citizen snips|[from]move: Sleep Talk\n|-boost|p2a: citizen snips|spe|2\n|move|p1a: Really want eject|Encore||[still]\n|-fail|p1a: Really want eject\n|\n|-heal|p2a: citizen snips|79\/100 slp|[from] item: Leftovers\n|upkeep\n|turn|28\n|\n|t:|1700018755\n|cant|p2a: citizen snips|slp\n|move|p2a: citizen snips|Sleep Talk|p2a: citizen snips\n|move|p2a: citizen snips|Knock Off|p1a: Really want eject|[from]move: Sleep Talk\n|-resisted|p1a: Really want eject\n|-damage|p1a: Really want eject|44\/100\n|-enditem|p1a: Really want eject|Leppa Berry|[from] move: Knock Off|[of] p2a: citizen snips\n|move|p1a: Really want eject|Close Combat|p2a: citizen snips\n|-damage|p2a: citizen snips|42\/100 slp\n|-unboost|p1a: Really want eject|def|1\n|-unboost|p1a: Really want eject|spd|1\n|\n|-heal|p2a: citizen snips|49\/100 slp|[from] item: Leftovers\n|upkeep\n|turn|29\n|\n|t:|1700018762\n|-curestatus|p2a: citizen snips|slp|[msg]\n|move|p2a: citizen snips|Rest|p2a: citizen snips\n|-status|p2a: citizen snips|slp|[from] move: Rest\n|-heal|p2a: citizen snips|100\/100 slp|[silent]\n|move|p1a: Really want eject|Revival Blessing|p1a: Really want eject\n|\n|t:|1700018777\n|-heal|p1: BandedSkewda|50\/100|[from] move: Revival Blessing\n|\n|upkeep\n|turn|30\n|\n|t:|1700018784\n|switch|p1a: Spaghetti Memory|Toedscruel, F|15\/100\n|cant|p2a: citizen snips|slp\n|move|p2a: citizen snips|Sleep Talk|p2a: citizen snips\n|move|p2a: citizen snips|Rest||[from]move: Sleep Talk|[still]\n|-fail|p2a: citizen snips\n|\n|upkeep\n|turn|31\n|\n|t:|1700018791\n|cant|p2a: citizen snips|slp\n|move|p2a: citizen snips|Sleep Talk|p2a: citizen snips\n|move|p2a: citizen snips|Rest||[from]move: Sleep Talk|[still]\n|-fail|p2a: citizen snips\n|move|p1a: Spaghetti Memory|Knock Off|p2a: citizen snips\n|-resisted|p2a: citizen snips\n|-damage|p2a: citizen snips|95\/100 slp\n|-enditem|p2a: citizen snips|Leftovers|[from] move: Knock Off|[of] p1a: Spaghetti Memory\n|\n|upkeep\n|turn|32\n|\n|t:|1700018796\n|-curestatus|p2a: citizen snips|slp|[msg]\n|move|p2a: citizen snips|Acupressure|p2a: citizen snips\n|-boost|p2a: citizen snips|evasion|2\n|move|p1a: Spaghetti Memory|Spikes|p2a: citizen snips\n|-sidestart|p2: doomguy1994|Spikes\n|\n|upkeep\n|turn|33\n|\n|t:|1700018800\n|move|p2a: citizen snips|Acupressure|p2a: citizen snips\n|-boost|p2a: citizen snips|def|2\n|move|p1a: Spaghetti Memory|Spore|p2a: citizen snips\n|-status|p2a: citizen snips|slp|[from] move: Spore\n|\n|upkeep\n|turn|34\n|\n|t:|1700018806\n|switch|p1a: Ghoti carrier|Pelipper, F|2\/100\n|-weather|RainDance|[from] ability: Drizzle|[of] p1a: Ghoti carrier\n|cant|p2a: citizen snips|slp\n|move|p2a: citizen snips|Sleep Talk|p2a: citizen snips\n|move|p2a: citizen snips|Knock Off|p1a: Ghoti carrier|[from]move: Sleep Talk\n|-damage|p1a: Ghoti carrier|0 fnt\n|-enditem|p1a: Ghoti carrier|Choice Scarf|[from] move: Knock Off|[of] p2a: citizen snips\n|faint|p1a: Ghoti carrier\n|\n|-weather|RainDance|[upkeep]\n|upkeep\n|\n|t:|1700018809\n|switch|p1a: BandedSkewda|Floatzel, M|50\/100\n|turn|35\n|\n|t:|1700018817\n|cant|p2a: citizen snips|slp\n|move|p2a: citizen snips|Sleep Talk|p2a: citizen snips\n|move|p2a: citizen snips|Acupressure|p2a: citizen snips|[from]move: Sleep Talk\n|-boost|p2a: citizen snips|atk|2\n|move|p1a: BandedSkewda|Wave Crash|p2a: citizen snips\n|-damage|p2a: citizen snips|45\/100 slp\n|-damage|p1a: BandedSkewda|34\/100|[from] Recoil\n|\n|-weather|RainDance|[upkeep]\n|upkeep\n|turn|36\n|\n|t:|1700018824\n|-curestatus|p2a: citizen snips|slp|[msg]\n|move|p2a: citizen snips|Rest|p2a: citizen snips\n|-status|p2a: citizen snips|slp|[from] move: Rest\n|-heal|p2a: citizen snips|100\/100 slp|[silent]\n|move|p1a: BandedSkewda|Wave Crash|p2a: citizen snips\n|-damage|p2a: citizen snips|46\/100 slp\n|-damage|p1a: BandedSkewda|16\/100|[from] Recoil\n|\n|-weather|RainDance|[upkeep]\n|upkeep\n|turn|37\n|\n|t:|1700018830\n|cant|p2a: citizen snips|slp\n|move|p2a: citizen snips|Sleep Talk|p2a: citizen snips\n|move|p2a: citizen snips|Acupressure|p2a: citizen snips|[from]move: Sleep Talk\n|-boost|p2a: citizen snips|def|2\n|move|p1a: BandedSkewda|Wave Crash|p2a: citizen snips\n|-damage|p2a: citizen snips|13\/100 slp\n|-damage|p1a: BandedSkewda|5\/100|[from] Recoil\n|\n|-weather|RainDance|[upkeep]\n|upkeep\n|turn|38\n|\n|t:|1700018836\n|cant|p2a: citizen snips|slp\n|move|p1a: BandedSkewda|Wave Crash|p2a: citizen snips\n|-damage|p2a: citizen snips|0 fnt\n|faint|p2a: citizen snips\n|-damage|p1a: BandedSkewda|0 fnt|[from] Recoil\n|faint|p1a: BandedSkewda\n|\n|-weather|none\n|upkeep\n|\n|t:|1700018842\n|switch|p1a: Really want eject|Pawmot, F|44\/100\n|switch|p2a: Dragon?|Tyranitar, F|100\/100\n|-damage|p2a: Dragon?|88\/100|[from] Spikes\n|-weather|Sandstorm|[from] ability: Sand Stream|[of] p2a: Dragon?\n|turn|39\n|c|\u2606ouvt ziva|gg\n|\n|t:|1700018851\n|-terastallize|p2a: Dragon?|Ghost\n|move|p1a: Really want eject|Close Combat|p2a: Dragon?\n|-immune|p2a: Dragon?\n|move|p2a: Dragon?|Earthquake|p1a: Really want eject\n|-supereffective|p1a: Really want eject\n|-damage|p1a: Really want eject|0 fnt\n|faint|p1a: Really want eject\n|-damage|p2a: Dragon?|78\/100|[from] item: Life Orb\n|\n|-weather|Sandstorm|[upkeep]\n|-damage|p2a: Dragon?|72\/100|[from] Sandstorm\n|upkeep\n|c|\u2606ouvt ziva|O\n|c|\u2606ouvt ziva|WOW\n|\n|t:|1700018859\n|switch|p1a: Spaghetti Memory|Toedscruel, F|15\/100\n|turn|40\n|\n|t:|1700018862\n|move|p2a: Dragon?|Knock Off|p1a: Spaghetti Memory\n|-damage|p1a: Spaghetti Memory|0 fnt\n|-damage|p2a: Dragon?|56\/100|[from] item: Rocky Helmet|[of] p1a: Spaghetti Memory\n|-enditem|p1a: Spaghetti Memory|Rocky Helmet|[from] move: Knock Off|[of] p2a: Dragon?\n|faint|p1a: Spaghetti Memory\n|-damage|p2a: Dragon?|46\/100|[from] item: Life Orb\n|\n|win|doomguy1994\n|raw|ouvt ziva's rating: 1211 &rarr; <strong>1182<\/strong><br \/>(-29 for losing)\n|raw|doomguy1994's rating: 1160 &rarr; <strong>1189<\/strong><br \/>(+29 for winning)\n|l|\u2606ouvt ziva\n","uploadtime":1700018882,"views":7,"p1id":"ouvtziva","p2id":"doomguy1994","formatid":"gen9nationaldex","rating":1182,"private":0,"password":""}