{"id":"gen9nationaldex-1989409226","p1":"InsBAPlayer","p2":"kgamer549","format":"[Gen 9] National Dex","log":"|j|\u2606InsBAPlayer\n|j|\u2606kgamer549\n|t:|1699846527\n|gametype|singles\n|player|p1|InsBAPlayer|265|1101\n|player|p2|kgamer549|flint|1000\n|teamsize|p1|2\n|teamsize|p2|6\n|gen|9\n|tier|[Gen 9] National Dex\n|rated|\n|rule|HP Percentage Mod: HP is shown in percentages\n|rule|Endless Battle Clause: Forcing endless battles is banned\n|rule|OHKO Clause: OHKO moves are banned\n|rule|Evasion Clause: Evasion abilities, items, and moves are banned\n|rule|Evasion Abilities Clause: Evasion abilities are banned\n|rule|Evasion Items Clause: Evasion items are banned\n|rule|Evasion Moves Clause: Evasion moves are banned\n|rule|Species Clause: Limit one of each Pok\u00e9mon\n|rule|Sleep Clause Mod: Limit one foe put to sleep\n|clearpoke\n|poke|p1|Ariados, M|\n|poke|p1|Yanmega, M|\n|poke|p2|Metagross|\n|poke|p2|Sinistcha-Masterpiece|\n|poke|p2|Iron Hands|\n|poke|p2|Hitmontop, M|\n|poke|p2|Ogerpon-Wellspring, F|\n|poke|p2|Blaziken, F|\n|teampreview\n|inactive|Battle timer is ON: inactive players will automatically lose when time's up. (requested by InsBAPlayer)\n|\n|t:|1699846536\n|start\n|switch|p1a: Ariados|Ariados, M|100\/100\n|switch|p2a: Hitmontop|Hitmontop, M, shiny|100\/100\n|-ability|p2a: Hitmontop|Intimidate|boost\n|-unboost|p1a: Ariados|atk|1\n|turn|1\n|\n|t:|1699846546\n|move|p2a: Hitmontop|Fake Out|p1a: Ariados\n|-damage|p1a: Ariados|87\/100\n|cant|p1a: Ariados|flinch\n|\n|upkeep\n|turn|2\n|\n|t:|1699846566\n|move|p2a: Hitmontop|Close Combat|p1a: Ariados\n|-resisted|p1a: Ariados\n|-damage|p1a: Ariados|70\/100\n|-unboost|p2a: Hitmontop|def|1\n|-unboost|p2a: Hitmontop|spd|1\n|move|p1a: Ariados|Sticky Web|p2a: Hitmontop\n|-sidestart|p2: kgamer549|move: Sticky Web\n|\n|upkeep\n|turn|3\n|inactive|kgamer549 has 120 seconds left.\n|\n|t:|1699846596\n|switch|p2a: Iron Hands|Iron Hands, shiny|100\/100\n|-activate|p2a: Iron Hands|move: Sticky Web\n|-unboost|p2a: Iron Hands|spe|1\n|move|p1a: Ariados|Swords Dance|p1a: Ariados\n|-boost|p1a: Ariados|atk|2\n|\n|upkeep\n|turn|4\n|inactive|kgamer549 has 120 seconds left.\n|\n|t:|1699846623\n|move|p2a: Iron Hands|Fake Out|p1a: Ariados\n|-damage|p1a: Ariados|50\/100\n|cant|p1a: Ariados|flinch\n|\n|upkeep\n|turn|5\n|\n|t:|1699846628\n|move|p1a: Ariados|Foul Play|p2a: Iron Hands\n|-resisted|p2a: Iron Hands\n|-damage|p2a: Iron Hands|91\/100\n|move|p2a: Iron Hands|Heavy Slam|p1a: Ariados\n|-crit|p1a: Ariados\n|-damage|p1a: Ariados|0 fnt\n|faint|p1a: Ariados\n|\n|upkeep\n|\n|t:|1699846638\n|switch|p1a: Yanmega|Yanmega, M|100\/100\n|turn|6\n|\n|t:|1699846645\n|-terastallize|p1a: Yanmega|Bug\n|move|p1a: Yanmega|Bug Buzz|p2a: Iron Hands\n|-resisted|p2a: Iron Hands\n|-damage|p2a: Iron Hands|43\/100\n|-unboost|p2a: Iron Hands|spd|1\n|move|p2a: Iron Hands|Wild Charge|p1a: Yanmega\n|-damage|p1a: Yanmega|42\/100\n|-damage|p2a: Iron Hands|33\/100|[from] Recoil\n|\n|upkeep\n|turn|7\n|\n|t:|1699846656\n|move|p1a: Yanmega|Bug Buzz|p2a: Iron Hands\n|-resisted|p2a: Iron Hands\n|-damage|p2a: Iron Hands|0 fnt\n|faint|p2a: Iron Hands\n|-end|p2a: Iron Hands|Quark Drive|[silent]\n|\n|upkeep\n|\n|t:|1699846662\n|switch|p2a: Blaziken|Blaziken, F|100\/100\n|-activate|p2a: Blaziken|move: Sticky Web\n|-unboost|p2a: Blaziken|spe|1\n|turn|8\n|\n|t:|1699846677\n|-terastallize|p2a: Blaziken|Flying\n|move|p1a: Yanmega|Bug Buzz|p2a: Blaziken\n|-resisted|p2a: Blaziken\n|-damage|p2a: Blaziken|0 fnt\n|faint|p2a: Blaziken\n|\n|upkeep\n|\n|t:|1699846683\n|switch|p2a: Metagross|Metagross|100\/100\n|-activate|p2a: Metagross|move: Sticky Web\n|-fail|p2a: Metagross|unboost|[from] ability: Clear Body|[of] p2a: Metagross\n|turn|9\n|\n|t:|1699846693\n|move|p2a: Metagross|Bullet Punch|p1a: Yanmega\n|-damage|p1a: Yanmega|17\/100\n|move|p1a: Yanmega|Bug Buzz|p2a: Metagross\n|-crit|p2a: Metagross\n|-damage|p2a: Metagross|0 fnt\n|faint|p2a: Metagross\n|\n|upkeep\n|\n|t:|1699846703\n|switch|p2a: Hitmontop|Hitmontop, M, shiny|100\/100\n|-activate|p2a: Hitmontop|move: Sticky Web\n|-unboost|p2a: Hitmontop|spe|1\n|-ability|p2a: Hitmontop|Intimidate|boost\n|-unboost|p1a: Yanmega|atk|1\n|turn|10\n|\n|t:|1699846709\n|move|p2a: Hitmontop|Fake Out|p1a: Yanmega\n|-damage|p1a: Yanmega|4\/100\n|cant|p1a: Yanmega|flinch\n|\n|upkeep\n|turn|11\n|\n|t:|1699846718\n|move|p1a: Yanmega|Bug Buzz|p2a: Hitmontop\n|-resisted|p2a: Hitmontop\n|-damage|p2a: Hitmontop|0 fnt\n|faint|p2a: Hitmontop\n|\n|upkeep\n|\n|t:|1699846728\n|switch|p2a: Sinistcha|Sinistcha-Masterpiece, shiny|100\/100\n|-activate|p2a: Sinistcha|move: Sticky Web\n|-unboost|p2a: Sinistcha|spe|1\n|turn|12\n|\n|t:|1699846742\n|move|p1a: Yanmega|Bug Buzz|p2a: Sinistcha\n|-damage|p2a: Sinistcha|0 fnt\n|faint|p2a: Sinistcha\n|\n|upkeep\n|\n|t:|1699846747\n|switch|p2a: Ogerpon|Ogerpon-Wellspring, F|100\/100\n|-activate|p2a: Ogerpon|move: Sticky Web\n|-unboost|p2a: Ogerpon|spe|1\n|turn|13\n|\n|t:|1699846753\n|move|p2a: Ogerpon|Spiky Shield|p2a: Ogerpon\n|-singleturn|p2a: Ogerpon|move: Protect\n|move|p1a: Yanmega|Bug Buzz|p2a: Ogerpon\n|-activate|p2a: Ogerpon|move: Protect\n|\n|upkeep\n|turn|14\n|\n|t:|1699846760\n|move|p1a: Yanmega|Bug Buzz|p2a: Ogerpon\n|-supereffective|p2a: Ogerpon\n|-damage|p2a: Ogerpon|0 fnt\n|faint|p2a: Ogerpon\n|\n|win|InsBAPlayer\n|raw|InsBAPlayer's rating: 1101 &rarr; <strong>1119<\/strong><br \/>(+18 for winning)\n|raw|kgamer549's rating: 1000 &rarr; <strong>1000<\/strong><br \/>(+0 for losing)\n|l|\u2606kgamer549\n","uploadtime":1699846771,"views":16,"p1id":"insbaplayer","p2id":"kgamer549","formatid":"gen9nationaldex","rating":1000,"private":0,"password":""}