{"id":"gen9nationaldex-1994442114","p1":"yiming8917","p2":"Garry97","format":"[Gen 9] National Dex","log":"|j|\u2606yiming8917\n|j|\u2606Garry97\n|t:|1700444393\n|gametype|singles\n|player|p1|yiming8917|rosa|1562\n|player|p2|Garry97|eri|1671\n|teamsize|p1|6\n|teamsize|p2|6\n|gen|9\n|tier|[Gen 9] National Dex\n|rated|\n|rule|HP Percentage Mod: HP is shown in percentages\n|rule|Endless Battle Clause: Forcing endless battles is banned\n|rule|OHKO Clause: OHKO moves are banned\n|rule|Evasion Clause: Evasion abilities, items, and moves are banned\n|rule|Evasion Abilities Clause: Evasion abilities are banned\n|rule|Evasion Items Clause: Evasion items are banned\n|rule|Evasion Moves Clause: Evasion moves are banned\n|rule|Species Clause: Limit one of each Pok\u00e9mon\n|rule|Sleep Clause Mod: Limit one foe put to sleep\n|clearpoke\n|poke|p1|Ogerpon-Cornerstone, F|\n|poke|p1|Urshifu-*, M|\n|poke|p1|Zapdos|\n|poke|p1|Heatran, F|\n|poke|p1|Garganacl, M|\n|poke|p1|Banette, M|\n|poke|p2|Volcarona, F|\n|poke|p2|Lucario, M|\n|poke|p2|Aggron, M|\n|poke|p2|Gardevoir, F|\n|poke|p2|Milotic, F|\n|poke|p2|Salamence, M|\n|teampreview\n|inactive|Battle timer is ON: inactive players will automatically lose when time's up. (requested by yiming8917)\n|\n|t:|1700444424\n|start\n|switch|p1a: Banette|Banette, M|100\/100\n|switch|p2a: Dracule Mihawk|Salamence, M|100\/100\n|-ability|p2a: Dracule Mihawk|Intimidate|boost\n|-unboost|p1a: Banette|atk|1\n|-item|p2a: Dracule Mihawk|Life Orb|[from] ability: Frisk|[of] p1a: Banette|[identify]\n|turn|1\n|\n|t:|1700444438\n|detailschange|p1a: Banette|Banette-Mega, M\n|-mega|p1a: Banette|Banette|Banettite\n|move|p2a: Dracule Mihawk|Dragon Claw|p1a: Banette\n|-damage|p1a: Banette|22\/100\n|-damage|p2a: Dracule Mihawk|91\/100|[from] item: Life Orb\n|move|p1a: Banette|Poltergeist|p2a: Dracule Mihawk\n|-activate|p2a: Dracule Mihawk|move: Poltergeist|Life Orb\n|-damage|p2a: Dracule Mihawk|28\/100\n|\n|upkeep\n|turn|2\n|\n|t:|1700444450\n|move|p1a: Banette|Destiny Bond|p1a: Banette\n|-singlemove|p1a: Banette|Destiny Bond\n|move|p2a: Dracule Mihawk|Dragon Claw|p1a: Banette\n|-damage|p1a: Banette|0 fnt\n|faint|p1a: Banette\n|-activate|p1a: Banette|move: Destiny Bond\n|faint|p2a: Dracule Mihawk\n|\n|upkeep\n|\n|t:|1700444466\n|switch|p2a: Elena FDEZ|Gardevoir, F|100\/100\n|switch|p1a: Zapdos|Zapdos, shiny|100\/100\n|-ability|p2a: Elena FDEZ|Static|[from] ability: Trace|[of] p1a: Zapdos\n|turn|3\n|\n|t:|1700444477\n|move|p2a: Elena FDEZ|Psychic|p1a: Zapdos\n|-damage|p1a: Zapdos|55\/100\n|move|p1a: Zapdos|Volt Switch|p2a: Elena FDEZ\n|-damage|p2a: Elena FDEZ|68\/100\n|\n|t:|1700444483\n|switch|p1a: Urshifu|Urshifu-Rapid-Strike, M|100\/100|[from] Volt Switch\n|\n|upkeep\n|turn|4\n|\n|t:|1700444492\n|switch|p2a: Ogopogo|Milotic, F|100\/100\n|move|p1a: Urshifu|U-turn|p2a: Ogopogo\n|-damage|p2a: Ogopogo|74\/100\n|\n|t:|1700444500\n|switch|p1a: Zapdos|Zapdos, shiny|55\/100|[from] U-turn\n|\n|-heal|p2a: Ogopogo|80\/100|[from] item: Leftovers\n|upkeep\n|turn|5\n|\n|t:|1700444514\n|move|p1a: Zapdos|Volt Switch|p2a: Ogopogo\n|-supereffective|p2a: Ogopogo\n|-damage|p2a: Ogopogo|51\/100\n|\n|t:|1700444522\n|switch|p1a: Urshifu|Urshifu-Rapid-Strike, M|100\/100|[from] Volt Switch\n|move|p2a: Ogopogo|Surf|p1a: Urshifu\n|-resisted|p1a: Urshifu\n|-damage|p1a: Urshifu|78\/100\n|\n|-heal|p2a: Ogopogo|57\/100|[from] item: Leftovers\n|upkeep\n|turn|6\n|inactive|yiming8917 has 120 seconds left.\n|\n|t:|1700444558\n|switch|p2a: Elena FDEZ|Gardevoir, F|68\/100\n|-ability|p2a: Elena FDEZ|Unseen Fist|[from] ability: Trace|[of] p1a: Urshifu\n|-terastallize|p1a: Urshifu|Water\n|move|p1a: Urshifu|Surging Strikes|p2a: Elena FDEZ\n|-crit|p2a: Elena FDEZ\n|-damage|p2a: Elena FDEZ|21\/100\n|-crit|p2a: Elena FDEZ\n|-damage|p2a: Elena FDEZ|0 fnt\n|faint|p2a: Elena FDEZ\n|-hitcount|p2: Elena FDEZ|2\n|\n|upkeep\n|\n|t:|1700444571\n|switch|p2a: Reinhardt|Aggron, M|100\/100\n|turn|7\n|\n|t:|1700444587\n|detailschange|p2a: Reinhardt|Aggron-Mega, M\n|-mega|p2a: Reinhardt|Aggron|Aggronite\n|move|p1a: Urshifu|Surging Strikes|p2a: Reinhardt\n|-crit|p2a: Reinhardt\n|-damage|p2a: Reinhardt|90\/100\n|-crit|p2a: Reinhardt\n|-damage|p2a: Reinhardt|80\/100\n|-crit|p2a: Reinhardt\n|-damage|p2a: Reinhardt|70\/100\n|-hitcount|p2a: Reinhardt|3\n|move|p2a: Reinhardt|Stealth Rock|p1a: Urshifu\n|-sidestart|p1: yiming8917|move: Stealth Rock\n|\n|upkeep\n|turn|8\n|inactive|yiming8917 has 120 seconds left.\n|\n|t:|1700444602\n|switch|p1a: Heatran|Heatran, F, shiny|100\/100\n|-damage|p1a: Heatran|88\/100|[from] Stealth Rock\n|move|p2a: Reinhardt|Body Press|p1a: Heatran\n|-supereffective|p1a: Heatran\n|-damage|p1a: Heatran|7\/100\n|\n|-heal|p1a: Heatran|13\/100|[from] item: Leftovers\n|upkeep\n|turn|9\n|\n|t:|1700444612\n|switch|p2a: Ogopogo|Milotic, F|57\/100\n|move|p1a: Heatran|Protect||[still]\n|-fail|p1a: Heatran\n|\n|-heal|p2a: Ogopogo|63\/100|[from] item: Leftovers\n|-heal|p1a: Heatran|19\/100|[from] item: Leftovers\n|upkeep\n|turn|10\n|\n|t:|1700444621\n|move|p2a: Ogopogo|Surf|p1a: Heatran\n|-supereffective|p1a: Heatran\n|-damage|p1a: Heatran|0 fnt\n|faint|p1a: Heatran\n|\n|-heal|p2a: Ogopogo|69\/100|[from] item: Leftovers\n|upkeep\n|\n|t:|1700444624\n|switch|p1a: Zapdos|Zapdos, shiny|55\/100\n|turn|11\n|\n|t:|1700444632\n|move|p1a: Zapdos|Defog|p2a: Ogopogo\n|-unboost|p2a: Ogopogo|evasion|1\n|-ability|p2a: Ogopogo|Competitive|boost\n|-boost|p2a: Ogopogo|spa|2\n|-sideend|p1: yiming8917|Stealth Rock|[from] move: Defog|[of] p1a: Zapdos\n|move|p2a: Ogopogo|Surf|p1a: Zapdos\n|-damage|p1a: Zapdos|0 fnt\n|faint|p1a: Zapdos\n|\n|-heal|p2a: Ogopogo|75\/100|[from] item: Leftovers\n|upkeep\n|\n|t:|1700444649\n|switch|p1a: Urshifu|Urshifu-Rapid-Strike, M, tera:Water|78\/100\n|turn|12\n|\n|t:|1700444654\n|move|p1a: Urshifu|Close Combat|p2a: Ogopogo\n|-damage|p2a: Ogopogo|12\/100\n|-unboost|p1a: Urshifu|def|1\n|-unboost|p1a: Urshifu|spd|1\n|move|p2a: Ogopogo|Surf|p1a: Urshifu\n|-resisted|p1a: Urshifu\n|-damage|p1a: Urshifu|7\/100\n|\n|-heal|p2a: Ogopogo|18\/100|[from] item: Leftovers\n|upkeep\n|turn|13\n|\n|t:|1700444687\n|switch|p1a: Ogerpon|Ogerpon-Cornerstone, F|100\/100\n|move|p2a: Ogopogo|Surf|p1a: Ogerpon\n|-damage|p1a: Ogerpon|23\/100\n|\n|-heal|p2a: Ogopogo|24\/100|[from] item: Leftovers\n|upkeep\n|turn|14\n|\n|t:|1700444696\n|move|p1a: Ogerpon|Trailblaze|p2a: Ogopogo\n|-supereffective|p2a: Ogopogo\n|-damage|p2a: Ogopogo|0 fnt\n|-boost|p1a: Ogerpon|spe|1\n|faint|p2a: Ogopogo\n|\n|upkeep\n|\n|t:|1700444703\n|switch|p2a: Lord Beerus|Lucario, M|100\/100\n|turn|15\n|\n|t:|1700444710\n|-terastallize|p2a: Lord Beerus|Normal\n|move|p2a: Lord Beerus|Extreme Speed|p1a: Ogerpon\n|-resisted|p1a: Ogerpon\n|-damage|p1a: Ogerpon|0 fnt\n|faint|p1a: Ogerpon\n|\n|upkeep\n|\n|t:|1700444714\n|switch|p1a: Garganacl|Garganacl, M, shiny|100\/100\n|turn|16\n|\n|t:|1700444721\n|switch|p2a: Mothra|Volcarona, F|100\/100\n|move|p1a: Garganacl|Salt Cure|p2a: Mothra\n|-supereffective|p2a: Mothra\n|-damage|p2a: Mothra|19\/100\n|-start|p2a: Mothra|Salt Cure\n|\n|-damage|p2a: Mothra|7\/100|[from] Salt Cure\n|upkeep\n|turn|17\n|\n|t:|1700444732\n|move|p1a: Garganacl|Protect|p1a: Garganacl\n|-singleturn|p1a: Garganacl|Protect\n|move|p2a: Mothra|Bug Buzz|p1a: Garganacl\n|-activate|p1a: Garganacl|move: Protect\n|\n|-damage|p2a: Mothra|0 fnt|[from] Salt Cure\n|faint|p2a: Mothra\n|upkeep\n|\n|t:|1700444743\n|switch|p2a: Lord Beerus|Lucario, M, tera:Normal|100\/100\n|turn|18\n|\n|t:|1700444748\n|move|p2a: Lord Beerus|Close Combat|p1a: Garganacl\n|-supereffective|p1a: Garganacl\n|-damage|p1a: Garganacl|15\/100\n|-unboost|p2a: Lord Beerus|def|1\n|-unboost|p2a: Lord Beerus|spd|1\n|move|p1a: Garganacl|Salt Cure|p2a: Lord Beerus\n|-damage|p2a: Lord Beerus|68\/100\n|-start|p2a: Lord Beerus|Salt Cure\n|\n|-heal|p1a: Garganacl|22\/100|[from] item: Leftovers\n|-damage|p2a: Lord Beerus|56\/100|[from] Salt Cure\n|upkeep\n|turn|19\n|\n|t:|1700444759\n|move|p1a: Garganacl|Protect|p1a: Garganacl\n|-singleturn|p1a: Garganacl|Protect\n|move|p2a: Lord Beerus|Close Combat|p1a: Garganacl\n|-activate|p1a: Garganacl|move: Protect\n|\n|-heal|p1a: Garganacl|28\/100|[from] item: Leftovers\n|-damage|p2a: Lord Beerus|44\/100|[from] Salt Cure\n|upkeep\n|turn|20\n|\n|t:|1700444768\n|switch|p1a: Urshifu|Urshifu-Rapid-Strike, M, tera:Water|7\/100\n|move|p2a: Lord Beerus|Close Combat|p1a: Urshifu\n|-damage|p1a: Urshifu|0 fnt\n|-unboost|p2a: Lord Beerus|def|1\n|-unboost|p2a: Lord Beerus|spd|1\n|faint|p1a: Urshifu\n|\n|-damage|p2a: Lord Beerus|31\/100|[from] Salt Cure\n|upkeep\n|\n|t:|1700444773\n|switch|p1a: Garganacl|Garganacl, M, shiny|28\/100\n|turn|21\n|\n|t:|1700444782\n|switch|p2a: Reinhardt|Aggron-Mega, M|70\/100\n|move|p1a: Garganacl|Protect||[still]\n|-fail|p1a: Garganacl\n|\n|-heal|p1a: Garganacl|34\/100|[from] item: Leftovers\n|upkeep\n|turn|22\n|\n|t:|1700444789\n|move|p2a: Reinhardt|Body Press|p1a: Garganacl\n|-supereffective|p1a: Garganacl\n|-damage|p1a: Garganacl|0 fnt\n|faint|p1a: Garganacl\n|\n|win|Garry97\n|raw|yiming8917's rating: 1562 &rarr; <strong>1548<\/strong><br \/>(-14 for losing)\n|raw|Garry97's rating: 1671 &rarr; <strong>1685<\/strong><br \/>(+14 for winning)\n|l|\u2606yiming8917\n|c|\u2606Garry97|gg\n","uploadtime":1700444806,"views":17,"p1id":"yiming8917","p2id":"garry97","formatid":"gen9nationaldex","rating":1548,"private":0,"password":""}