{"id":"gen9nationaldex-1998900518","p1":"lawrenceyu","p2":"Ackesh","format":"[Gen 9] National Dex","log":"|html|<div class=\"broadcast-blue\"><strong>[Gen 9] National Dex is currently suspecting Sneasler! For information on how to participate check out the <a href=\"https:\/\/www.smogon.com\/forums\/threads\/sv-national-dex-suspect-8-just-dance.3731534\/\">suspect thread<\/a>.<\/strong><\/div>\n|j|\u2606lawrenceyu\n|j|\u2606Ackesh\n|t:|1701010631\n|gametype|singles\n|player|p1|lawrenceyu|1|1676\n|player|p2|Ackesh|silver|1692\n|teamsize|p1|6\n|teamsize|p2|6\n|gen|9\n|tier|[Gen 9] National Dex\n|rated|\n|rule|HP Percentage Mod: HP is shown in percentages\n|rule|Endless Battle Clause: Forcing endless battles is banned\n|rule|OHKO Clause: OHKO moves are banned\n|rule|Evasion Clause: Evasion abilities, items, and moves are banned\n|rule|Evasion Abilities Clause: Evasion abilities are banned\n|rule|Evasion Items Clause: Evasion items are banned\n|rule|Evasion Moves Clause: Evasion moves are banned\n|rule|Species Clause: Limit one of each Pok\u00e9mon\n|rule|Sleep Clause Mod: Limit one foe put to sleep\n|clearpoke\n|poke|p1|Toxapex, F|\n|poke|p1|Sirfetch\u2019d, F|\n|poke|p1|Tapu Lele|\n|poke|p1|Ferrothorn, F|\n|poke|p1|Landorus-Therian, M|\n|poke|p1|Diancie|\n|poke|p2|Venusaur, M|\n|poke|p2|Kyurem|\n|poke|p2|Torkoal, M|\n|poke|p2|Landorus-Therian, M|\n|poke|p2|Heatran, M|\n|poke|p2|Victini|\n|teampreview\n|inactive|Battle timer is ON: inactive players will automatically lose when time's up. (requested by lawrenceyu)\n|\n|t:|1701010638\n|start\n|switch|p1a: Landorus|Landorus-Therian, M|100\/100\n|switch|p2a: Landorus|Landorus-Therian, M|100\/100\n|-ability|p1a: Landorus|Intimidate|boost\n|-unboost|p2a: Landorus|atk|1\n|-ability|p2a: Landorus|Intimidate|boost\n|-unboost|p1a: Landorus|atk|1\n|turn|1\n|\n|t:|1701010645\n|switch|p2a: Torkoal|Torkoal, M|100\/100\n|-weather|SunnyDay|[from] ability: Drought|[of] p2a: Torkoal\n|move|p1a: Landorus|Stone Edge|p2a: Torkoal\n|-supereffective|p2a: Torkoal\n|-damage|p2a: Torkoal|70\/100\n|\n|-weather|SunnyDay|[upkeep]\n|upkeep\n|turn|2\n|j| NicksRokaya\n|\n|t:|1701010653\n|move|p1a: Landorus|Earthquake|p2a: Torkoal\n|-supereffective|p2a: Torkoal\n|-damage|p2a: Torkoal|21\/100\n|move|p2a: Torkoal|Stealth Rock|p1a: Landorus\n|-sidestart|p1: lawrenceyu|move: Stealth Rock\n|\n|-weather|SunnyDay|[upkeep]\n|upkeep\n|turn|3\n|\n|t:|1701010658\n|switch|p2a: Kyurem|Kyurem|100\/100\n|-ability|p2a: Kyurem|Pressure\n|move|p1a: Landorus|Defog|p2a: Kyurem\n|-unboost|p2a: Kyurem|evasion|1\n|-sideend|p1: lawrenceyu|Stealth Rock|[from] move: Defog|[of] p1a: Landorus\n|\n|-weather|SunnyDay|[upkeep]\n|upkeep\n|turn|4\n|\n|t:|1701010666\n|move|p2a: Kyurem|Ice Beam|p1a: Landorus\n|-supereffective|p1a: Landorus\n|-damage|p1a: Landorus|0 fnt\n|faint|p1a: Landorus\n|-damage|p2a: Kyurem|91\/100|[from] item: Life Orb\n|\n|-weather|SunnyDay|[upkeep]\n|upkeep\n|\n|t:|1701010673\n|switch|p1a: Diancie|Diancie|100\/100\n|turn|5\n|\n|t:|1701010677\n|switch|p2a: Venusaur|Venusaur, M|100\/100\n|detailschange|p1a: Diancie|Diancie-Mega\n|-mega|p1a: Diancie|Diancie|Diancite\n|move|p1a: Diancie|Mystical Fire|p2a: Venusaur\n|-supereffective|p2a: Venusaur\n|-damage|p2a: Venusaur|1\/100\n|-unboost|p2a: Venusaur|spa|1\n|\n|-weather|SunnyDay|[upkeep]\n|upkeep\n|turn|6\n|\n|t:|1701010688\n|move|p2a: Venusaur|Earth Power|p1a: Diancie\n|-supereffective|p1a: Diancie\n|-damage|p1a: Diancie|44\/100\n|-damage|p2a: Venusaur|0 fnt|[from] item: Life Orb\n|faint|p2a: Venusaur\n|move|p1a: Diancie|Earth Power|p2: Venusaur|[notarget]\n|-fail|p1a: Diancie\n|\n|-weather|SunnyDay|[upkeep]\n|upkeep\n|\n|t:|1701010694\n|switch|p2a: Victini|Victini|100\/100\n|turn|7\n|\n|t:|1701010698\n|switch|p1a: Toxapex|Toxapex, F|100\/100\n|move|p2a: Victini|V-create|p1a: Toxapex\n|-resisted|p1a: Toxapex\n|-damage|p1a: Toxapex|65\/100\n|-unboost|p2a: Victini|spe|1\n|-unboost|p2a: Victini|def|1\n|-unboost|p2a: Victini|spd|1\n|-damage|p2a: Victini|84\/100|[from] item: Rocky Helmet|[of] p1a: Toxapex\n|\n|-weather|SunnyDay|[upkeep]\n|upkeep\n|turn|8\n|\n|t:|1701010708\n|switch|p2a: Heatran|Heatran, M|100\/100\n|switch|p1a: Diancie|Diancie-Mega|44\/100\n|\n|-weather|none\n|upkeep\n|turn|9\n|\n|t:|1701010714\n|switch|p2a: Landorus|Landorus-Therian, M|100\/100\n|-ability|p2a: Landorus|Intimidate|boost\n|-unboost|p1a: Diancie|atk|1\n|move|p1a: Diancie|Earth Power|p2a: Landorus\n|-immune|p2a: Landorus\n|\n|upkeep\n|turn|10\n|\n|t:|1701010727\n|switch|p1a: Ferrothorn|Ferrothorn, F|100\/100\n|-terastallize|p2a: Landorus|Ground\n|move|p2a: Landorus|Earthquake|p1a: Ferrothorn\n|-damage|p1a: Ferrothorn|37\/100\n|\n|-heal|p1a: Ferrothorn|43\/100|[from] item: Leftovers\n|upkeep\n|turn|11\n|\n|t:|1701010735\n|move|p1a: Ferrothorn|Protect|p1a: Ferrothorn\n|-singleturn|p1a: Ferrothorn|Protect\n|move|p2a: Landorus|Earthquake|p1a: Ferrothorn\n|-activate|p1a: Ferrothorn|move: Protect\n|\n|-heal|p1a: Ferrothorn|49\/100|[from] item: Leftovers\n|upkeep\n|turn|12\n|\n|t:|1701010748\n|move|p2a: Landorus|Earthquake|p1a: Ferrothorn\n|-damage|p1a: Ferrothorn|0 fnt\n|faint|p1a: Ferrothorn\n|\n|upkeep\n|\n|t:|1701010752\n|switch|p1a: Tapu Lele|Tapu Lele|100\/100\n|-fieldstart|move: Psychic Terrain|[from] ability: Psychic Surge|[of] p1a: Tapu Lele\n|turn|13\n|inactive|Ackesh has 120 seconds left.\n|j| Nomer16\n|inactive|Ackesh has 90 seconds left.\n|c|\u2606lawrenceyu|\u3002\n|\n|t:|1701010817\n|switch|p2a: Heatran|Heatran, M|100\/100\n|-terastallize|p1a: Tapu Lele|Psychic\n|move|p1a: Tapu Lele|Psyshock|p2a: Heatran\n|-resisted|p2a: Heatran\n|-damage|p2a: Heatran|66\/100\n|\n|upkeep\n|turn|14\n|\n|t:|1701010825\n|move|p1a: Tapu Lele|Psyshock|p2a: Heatran\n|-resisted|p2a: Heatran\n|-damage|p2a: Heatran|28\/100\n|move|p2a: Heatran|Flamethrower|p1a: Tapu Lele\n|-damage|p1a: Tapu Lele|20\/100\n|\n|upkeep\n|turn|15\n|inactive|Ackesh has 90 seconds left.\n|\n|t:|1701010841\n|switch|p2a: Torkoal|Torkoal, M|21\/100\n|-weather|SunnyDay|[from] ability: Drought|[of] p2a: Torkoal\n|move|p1a: Tapu Lele|Psyshock|p2a: Torkoal\n|-damage|p2a: Torkoal|0 fnt\n|faint|p2a: Torkoal\n|\n|-weather|SunnyDay|[upkeep]\n|upkeep\n|\n|t:|1701010842\n|switch|p2a: Victini|Victini|84\/100\n|turn|16\n|\n|t:|1701010851\n|switch|p1a: Toxapex|Toxapex, F|98\/100\n|move|p2a: Victini|U-turn|p1a: Toxapex\n|-resisted|p1a: Toxapex\n|-damage|p1a: Toxapex|91\/100\n|-damage|p2a: Victini|68\/100|[from] item: Rocky Helmet|[of] p1a: Toxapex\n|inactive|Ackesh has 90 seconds left.\n|\n|t:|1701010871\n|switch|p2a: Landorus|Landorus-Therian, M, tera:Ground|100\/100|[from] U-turn\n|-ability|p2a: Landorus|Intimidate|boost\n|-unboost|p1a: Toxapex|atk|1\n|\n|-weather|SunnyDay|[upkeep]\n|upkeep\n|turn|17\n|\n|t:|1701010877\n|move|p2a: Landorus|Earthquake|p1a: Toxapex\n|-supereffective|p1a: Toxapex\n|-damage|p1a: Toxapex|0 fnt\n|faint|p1a: Toxapex\n|\n|-weather|SunnyDay|[upkeep]\n|-fieldend|move: Psychic Terrain\n|upkeep\n|\n|t:|1701010886\n|switch|p1a: Tapu Lele|Tapu Lele, tera:Psychic|20\/100\n|-fieldstart|move: Psychic Terrain|[from] ability: Psychic Surge|[of] p1a: Tapu Lele\n|turn|18\n|\n|t:|1701010907\n|switch|p2a: Heatran|Heatran, M|28\/100\n|move|p1a: Tapu Lele|Psyshock|p2a: Heatran\n|-resisted|p2a: Heatran\n|-damage|p2a: Heatran|0 fnt\n|faint|p2a: Heatran\n|\n|-weather|SunnyDay|[upkeep]\n|upkeep\n|\n|t:|1701010910\n|switch|p2a: Victini|Victini|68\/100\n|turn|19\n|\n|t:|1701010917\n|move|p2a: Victini|V-create|p1a: Tapu Lele\n|-damage|p1a: Tapu Lele|0 fnt\n|-unboost|p2a: Victini|spe|1\n|-unboost|p2a: Victini|def|1\n|-unboost|p2a: Victini|spd|1\n|faint|p1a: Tapu Lele\n|\n|-weather|SunnyDay|[upkeep]\n|upkeep\n|\n|t:|1701010923\n|switch|p1a: Sirfetch\u2019d|Sirfetch\u2019d, F|100\/100\n|turn|20\n|j| BurritoSave\n|\n|t:|1701010929\n|switch|p2a: Kyurem|Kyurem|91\/100\n|-ability|p2a: Kyurem|Pressure\n|move|p1a: Sirfetch\u2019d|Leaf Blade|p2a: Kyurem\n|-resisted|p2a: Kyurem\n|-crit|p2a: Kyurem\n|-damage|p2a: Kyurem|67\/100\n|\n|-weather|SunnyDay|[upkeep]\n|upkeep\n|turn|21\n|\n|t:|1701010937\n|move|p2a: Kyurem|Ice Beam|p1a: Sirfetch\u2019d\n|-damage|p1a: Sirfetch\u2019d|15\/100\n|-damage|p2a: Kyurem|57\/100|[from] item: Life Orb\n|move|p1a: Sirfetch\u2019d|Close Combat|p2a: Kyurem\n|-supereffective|p2a: Kyurem\n|-crit|p2a: Kyurem\n|-damage|p2a: Kyurem|0 fnt\n|-unboost|p1a: Sirfetch\u2019d|def|1\n|-unboost|p1a: Sirfetch\u2019d|spd|1\n|faint|p2a: Kyurem\n|\n|-weather|SunnyDay|[upkeep]\n|upkeep\n|l| BurritoSave\n|\n|t:|1701010941\n|switch|p2a: Victini|Victini|68\/100\n|turn|22\n|\n|t:|1701010950\n|move|p2a: Victini|Bolt Strike|p1a: Sirfetch\u2019d\n|-damage|p1a: Sirfetch\u2019d|0 fnt\n|faint|p1a: Sirfetch\u2019d\n|\n|-weather|none\n|-fieldend|move: Psychic Terrain\n|upkeep\n|\n|t:|1701010955\n|switch|p1a: Diancie|Diancie-Mega|44\/100\n|turn|23\n|\n|t:|1701010959\n|move|p2a: Victini|Bolt Strike|p1a: Diancie\n|-damage|p1a: Diancie|0 fnt\n|faint|p1a: Diancie\n|\n|win|Ackesh\n|raw|lawrenceyu's rating: 1676 &rarr; <strong>1659<\/strong><br \/>(-17 for losing)\n|raw|Ackesh's rating: 1724 &rarr; <strong>1741<\/strong><br \/>(+17 for winning)\n","uploadtime":1701010961,"views":1,"p1id":"lawrenceyu","p2id":"ackesh","formatid":"gen9nationaldex","rating":1659,"private":0,"password":""}