{"id":"gen9nationaldex-1988487802","p1":"AjoFC","p2":"Danihml5","format":"[Gen 9] National Dex","log":"|j|\u2606AjoFC\n|j|\u2606Danihml5\n|t:|1699728263\n|gametype|singles\n|player|p1|AjoFC|juggler|\n|player|p2|Danihml5|nate|\n|teamsize|p1|6\n|teamsize|p2|6\n|gen|9\n|tier|[Gen 9] National Dex\n|rule|HP Percentage Mod: HP is shown in percentages\n|rule|Endless Battle Clause: Forcing endless battles is banned\n|rule|OHKO Clause: OHKO moves are banned\n|rule|Evasion Clause: Evasion abilities, items, and moves are banned\n|rule|Evasion Abilities Clause: Evasion abilities are banned\n|rule|Evasion Items Clause: Evasion items are banned\n|rule|Evasion Moves Clause: Evasion moves are banned\n|rule|Species Clause: Limit one of each Pok\u00e9mon\n|rule|Sleep Clause Mod: Limit one foe put to sleep\n|clearpoke\n|poke|p1|Dondozo, F|\n|poke|p1|Maushold-Four|\n|poke|p1|Iron Valiant|\n|poke|p1|Iron Moth|\n|poke|p1|Sinistcha|\n|poke|p1|Garganacl, F|\n|poke|p2|Clefairy, F|\n|poke|p2|Alakazam, F|\n|poke|p2|Dragonite, M|\n|poke|p2|Gengar, M|\n|poke|p2|Gyarados, M|\n|poke|p2|Ditto|\n|teampreview\n|inactive|Battle timer is ON: inactive players will automatically lose when time's up. (requested by AjoFC)\n|j| Sylveon(404)\n|j| el p4n4\n|\n|t:|1699728286\n|start\n|switch|p1a: Poli Cibernetica|Iron Moth|100\/100\n|switch|p2a: Clefairy|Clefairy, F|100\/100\n|-enditem|p1a: Poli Cibernetica|Booster Energy\n|-activate|p1a: Poli Cibernetica|ability: Quark Drive|[fromitem]\n|-start|p1a: Poli Cibernetica|quarkdrivespa\n|turn|1\n|j| WSoldat\n|j| Fabrizio8\n|j| PeppsiAsiEs\n|\n|t:|1699728296\n|move|p1a: Poli Cibernetica|Fiery Dance|p2a: Clefairy\n|-damage|p2a: Clefairy|62\/100\n|move|p2a: Clefairy|Thunder Wave|p1a: Poli Cibernetica\n|-status|p1a: Poli Cibernetica|par\n|\n|upkeep\n|turn|2\n|c| el p4n4|vamoos ajoooo\n|j| Void280\n|c| PeppsiAsiEs|SUERTE A AMBOS\n|\n|t:|1699728305\n|move|p1a: Poli Cibernetica|Discharge|p2a: Clefairy\n|-damage|p2a: Clefairy|38\/100\n|-status|p2a: Clefairy|par\n|move|p2a: Clefairy|Stealth Rock|p1a: Poli Cibernetica\n|-sidestart|p1: AjoFC|move: Stealth Rock\n|\n|upkeep\n|turn|3\n|\n|t:|1699728314\n|move|p1a: Poli Cibernetica|Fiery Dance|p2a: Clefairy\n|-damage|p2a: Clefairy|0 fnt\n|-boost|p1a: Poli Cibernetica|spa|1\n|faint|p2a: Clefairy\n|\n|upkeep\n|c| Fabrizio8|PEGALE CON EL CLEFAIRY\n|j| lolowtf09\n|\n|t:|1699728336\n|switch|p2a: Alakazam|Alakazam, F|100\/100\n|turn|4\n|\n|t:|1699728342\n|move|p2a: Alakazam|Psychic|p1a: Poli Cibernetica\n|-supereffective|p1a: Poli Cibernetica\n|-damage|p1a: Poli Cibernetica|0 fnt\n|faint|p1a: Poli Cibernetica\n|-end|p1a: Poli Cibernetica|Quark Drive|[silent]\n|\n|upkeep\n|\n|t:|1699728351\n|switch|p1a: DonValiente|Iron Valiant|100\/100\n|-damage|p1a: DonValiente|94\/100|[from] Stealth Rock\n|-enditem|p1a: DonValiente|Booster Energy\n|-activate|p1a: DonValiente|ability: Quark Drive|[fromitem]\n|-start|p1a: DonValiente|quarkdrivespe\n|turn|5\n|\n|t:|1699728368\n|switch|p2a: Gyarados|Gyarados, M|100\/100\n|-ability|p2a: Gyarados|Intimidate|boost\n|-unboost|p1a: DonValiente|atk|1\n|-terastallize|p1a: DonValiente|Ghost\n|move|p1a: DonValiente|Shadow Sneak|p2a: Gyarados\n|-damage|p2a: Gyarados|82\/100\n|\n|-heal|p2a: Gyarados|88\/100|[from] item: Leftovers\n|upkeep\n|turn|6\n|\n|t:|1699728381\n|move|p1a: DonValiente|Swords Dance|p1a: DonValiente\n|-boost|p1a: DonValiente|atk|2\n|move|p2a: Gyarados|Dragon Dance|p2a: Gyarados\n|-boost|p2a: Gyarados|atk|1\n|-boost|p2a: Gyarados|spe|1\n|\n|-heal|p2a: Gyarados|94\/100|[from] item: Leftovers\n|upkeep\n|turn|7\n|j| ericmont\n|\n|t:|1699728405\n|move|p1a: DonValiente|Spirit Break|p2a: Gyarados\n|-damage|p2a: Gyarados|18\/100\n|-unboost|p2a: Gyarados|spa|1\n|move|p2a: Gyarados|Waterfall|p1a: DonValiente\n|-damage|p1a: DonValiente|16\/100\n|\n|-heal|p2a: Gyarados|24\/100|[from] item: Leftovers\n|upkeep\n|turn|8\n|inactive|Danihml5 has 270 seconds left.\n|\n|t:|1699728425\n|switch|p2a: Ditto|Ditto, shiny|100\/100\n|-transform|p2a: Ditto|p1a: DonValiente|[from] ability: Imposter\n|move|p1a: DonValiente|Spirit Break|p2a: Ditto\n|-supereffective|p2a: Ditto\n|-damage|p2a: Ditto|0 fnt\n|faint|p2a: Ditto\n|-end|p2a: Ditto|Quark Drive|[silent]\n|\n|upkeep\n|inactive|Danihml5 has 240 seconds left.\n|c|\u2606Danihml5|Has repetido objeto con los del futuro, eso se puede?\n|\n|t:|1699728462\n|switch|p2a: Gengar|Gengar, M|100\/100\n|turn|9\n|inactive|Danihml5 has 240 seconds left.\n|\n|t:|1699728467\n|move|p1a: DonValiente|Shadow Sneak|p2a: Gengar\n|-supereffective|p2a: Gengar\n|-enditem|p2a: Gengar|Focus Sash\n|-damage|p2a: Gengar|1\/100\n|move|p2a: Gengar|Shadow Ball|p1a: DonValiente\n|-supereffective|p1a: DonValiente\n|-damage|p1a: DonValiente|0 fnt\n|faint|p1a: DonValiente\n|-end|p1a: DonValiente|Quark Drive|[silent]\n|\n|upkeep\n|c| PeppsiAsiEs|si\n|c| lolowtf09|si\n|\n|t:|1699728477\n|switch|p1a: Reproducci\u00f3n|Maushold-Four|100\/100\n|-damage|p1a: Reproducci\u00f3n|88\/100|[from] Stealth Rock\n|turn|10\n|c|\u2606Danihml5|vale\n|\n|t:|1699728487\n|move|p1a: Reproducci\u00f3n|Encore|p2a: Gengar\n|-start|p2a: Gengar|Encore\n|move|p2a: Gengar|Shadow Ball|p1a: Reproducci\u00f3n\n|-immune|p1a: Reproducci\u00f3n\n|\n|upkeep\n|turn|11\n|j| Sai4rr\n|\n|t:|1699728495\n|switch|p2a: Gyarados|Gyarados, M|24\/100\n|-ability|p2a: Gyarados|Intimidate|boost\n|-unboost|p1a: Reproducci\u00f3n|atk|1\n|move|p1a: Reproducci\u00f3n|Tidy Up|p1a: Reproducci\u00f3n\n|-sideend|p1: AjoFC|Stealth Rock\n|-activate|p1a: Reproducci\u00f3n|move: Tidy Up\n|-boost|p1a: Reproducci\u00f3n|atk|1\n|-boost|p1a: Reproducci\u00f3n|spe|1\n|\n|-heal|p2a: Gyarados|30\/100|[from] item: Leftovers\n|upkeep\n|turn|12\n|l| Sai4rr\n|j| Sai4rr\n|\n|t:|1699728507\n|move|p1a: Reproducci\u00f3n|Population Bomb|p2a: Gyarados\n|-crit|p2a: Gyarados\n|-damage|p2a: Gyarados|10\/100\n|-crit|p2a: Gyarados\n|-damage|p2a: Gyarados|0 fnt\n|faint|p2a: Gyarados\n|-hitcount|p2: Gyarados|2\n|\n|upkeep\n|\n|t:|1699728515\n|switch|p2a: Dragonite|Dragonite, M|100\/100\n|turn|13\n|\n|t:|1699728525\n|-terastallize|p2a: Dragonite|Normal\n|move|p2a: Dragonite|Extreme Speed|p1a: Reproducci\u00f3n\n|-damage|p1a: Reproducci\u00f3n|9\/100\n|move|p1a: Reproducci\u00f3n|Population Bomb|p2a: Dragonite\n|-damage|p2a: Dragonite|95\/100\n|-damage|p2a: Dragonite|85\/100\n|-damage|p2a: Dragonite|74\/100\n|-damage|p2a: Dragonite|63\/100\n|-damage|p2a: Dragonite|52\/100\n|-damage|p2a: Dragonite|41\/100\n|-damage|p2a: Dragonite|31\/100\n|-damage|p2a: Dragonite|20\/100\n|-damage|p2a: Dragonite|10\/100\n|-damage|p2a: Dragonite|0 fnt\n|faint|p2a: Dragonite\n|-hitcount|p2: Dragonite|10\n|\n|upkeep\n|l| Sai4rr\n|\n|t:|1699728547\n|switch|p2a: Gengar|Gengar, M|1\/100\n|turn|14\n|c| lolowtf09|maushold tu patron\n|\n|t:|1699728551\n|move|p1a: Reproducci\u00f3n|Bite|p2a: Gengar\n|-supereffective|p2a: Gengar\n|-damage|p2a: Gengar|0 fnt\n|faint|p2a: Gengar\n|\n|upkeep\n|\n|t:|1699728556\n|switch|p2a: Alakazam|Alakazam, F|100\/100\n|turn|15\n|\n|t:|1699728561\n|move|p1a: Reproducci\u00f3n|Population Bomb|p2a: Alakazam\n|-damage|p2a: Alakazam|75\/100\n|-damage|p2a: Alakazam|47\/100\n|-damage|p2a: Alakazam|18\/100\n|-damage|p2a: Alakazam|0 fnt\n|faint|p2a: Alakazam\n|-hitcount|p2: Alakazam|4\n|\n|win|AjoFC\n|c| lolowtf09|gg\n|c| Void280|ggs\n|c| el p4n4|GG\n|c| PeppsiAsiEs|gg\n|c| el p4n4|buena ajo\n","uploadtime":1699728571,"views":6,"p1id":"ajofc","p2id":"danihml5","formatid":"gen9nationaldex","rating":0,"private":0,"password":""}