{"id":"gen9nationaldex-1996631659","p1":"alooop4","p2":"Maxer59","format":"[Gen 9] National Dex","log":"|html|<div class=\"broadcast-blue\"><strong>[Gen 9] National Dex is currently suspecting Sneasler! For information on how to participate check out the <a href=\"https:\/\/www.smogon.com\/forums\/threads\/sv-national-dex-suspect-8-just-dance.3731534\/\">suspect thread<\/a>.<\/strong><\/div>\n|j|\u2606alooop4\n|j|\u2606Maxer59\n|t:|1700702891\n|gametype|singles\n|player|p1|alooop4|lucas|1087\n|player|p2|Maxer59|lucas|1180\n|teamsize|p1|6\n|teamsize|p2|6\n|gen|9\n|tier|[Gen 9] National Dex\n|rated|\n|rule|HP Percentage Mod: HP is shown in percentages\n|rule|Endless Battle Clause: Forcing endless battles is banned\n|rule|OHKO Clause: OHKO moves are banned\n|rule|Evasion Clause: Evasion abilities, items, and moves are banned\n|rule|Evasion Abilities Clause: Evasion abilities are banned\n|rule|Evasion Items Clause: Evasion items are banned\n|rule|Evasion Moves Clause: Evasion moves are banned\n|rule|Species Clause: Limit one of each Pok\u00e9mon\n|rule|Sleep Clause Mod: Limit one foe put to sleep\n|clearpoke\n|poke|p1|Alakazam, M|\n|poke|p1|Infernape, F|\n|poke|p1|Exploud, F|\n|poke|p1|Steelix, F|\n|poke|p1|Heracross, M|\n|poke|p1|Zapdos|\n|poke|p2|Torkoal, F|\n|poke|p2|Charizard, F|\n|poke|p2|Lilligant, F|\n|poke|p2|Leafeon, M|\n|poke|p2|Whimsicott, F|\n|poke|p2|Darmanitan, F|\n|teampreview\n|inactive|Battle timer is ON: inactive players will automatically lose when time's up. (requested by Maxer59)\n|\n|t:|1700702903\n|start\n|switch|p1a: Zapdos|Zapdos|100\/100\n|switch|p2a: Whimsicott|Whimsicott, F|100\/100\n|-ability|p1a: Zapdos|Pressure\n|turn|1\n|\n|t:|1700702920\n|move|p2a: Whimsicott|Tailwind|p2a: Whimsicott\n|-sidestart|p2: Maxer59|move: Tailwind\n|move|p1a: Zapdos|Heat Wave|p2a: Whimsicott\n|-supereffective|p2a: Whimsicott\n|-crit|p2a: Whimsicott\n|-enditem|p2a: Whimsicott|Focus Sash\n|-damage|p2a: Whimsicott|1\/100\n|-damage|p1a: Zapdos|91\/100|[from] item: Life Orb\n|\n|upkeep\n|turn|2\n|\n|t:|1700702936\n|switch|p2a: Torkoal|Torkoal, F|100\/100\n|-weather|SunnyDay|[from] ability: Drought|[of] p2a: Torkoal\n|move|p1a: Zapdos|Thunderbolt|p2a: Torkoal\n|-damage|p2a: Torkoal|33\/100\n|-damage|p1a: Zapdos|81\/100|[from] item: Life Orb\n|\n|-weather|SunnyDay|[upkeep]\n|upkeep\n|turn|3\n|\n|t:|1700702951\n|-terastallize|p1a: Zapdos|Electric\n|move|p1a: Zapdos|Thunderbolt|p2a: Torkoal\n|-damage|p2a: Torkoal|0 fnt\n|faint|p2a: Torkoal\n|-damage|p1a: Zapdos|71\/100|[from] item: Life Orb\n|\n|-weather|SunnyDay|[upkeep]\n|upkeep\n|\n|t:|1700702966\n|switch|p2a: Darmanitan|Darmanitan, F|100\/100\n|turn|4\n|\n|t:|1700702972\n|move|p2a: Darmanitan|Earthquake|p1a: Zapdos\n|-supereffective|p1a: Zapdos\n|-damage|p1a: Zapdos|0 fnt\n|faint|p1a: Zapdos\n|\n|-weather|SunnyDay|[upkeep]\n|-sideend|p2: Maxer59|move: Tailwind\n|upkeep\n|\n|t:|1700702983\n|switch|p1a: Exploud|Exploud, F|100\/100\n|turn|5\n|\n|t:|1700702988\n|move|p2a: Darmanitan|Earthquake|p1a: Exploud\n|-damage|p1a: Exploud|45\/100\n|move|p1a: Exploud|Surf|p2a: Darmanitan\n|-supereffective|p2a: Darmanitan\n|-damage|p2a: Darmanitan|47\/100\n|\n|-weather|SunnyDay|[upkeep]\n|upkeep\n|turn|6\n|\n|t:|1700702996\n|move|p2a: Darmanitan|Earthquake|p1a: Exploud\n|-damage|p1a: Exploud|0 fnt\n|faint|p1a: Exploud\n|\n|-weather|SunnyDay|[upkeep]\n|upkeep\n|\n|t:|1700703002\n|switch|p1a: Infernape|Infernape, F|100\/100\n|turn|7\n|\n|t:|1700703014\n|move|p2a: Darmanitan|Earthquake|p1a: Infernape\n|-supereffective|p1a: Infernape\n|-damage|p1a: Infernape|0 fnt\n|faint|p1a: Infernape\n|\n|-weather|SunnyDay|[upkeep]\n|upkeep\n|\n|t:|1700703021\n|switch|p1a: Alakazam|Alakazam, M|100\/100\n|turn|8\n|\n|t:|1700703039\n|move|p2a: Darmanitan|Earthquake|p1a: Alakazam\n|-crit|p1a: Alakazam\n|-enditem|p1a: Alakazam|Focus Sash\n|-damage|p1a: Alakazam|1\/100\n|move|p1a: Alakazam|Psychic|p2a: Darmanitan\n|-damage|p2a: Darmanitan|0 fnt\n|faint|p2a: Darmanitan\n|\n|-weather|SunnyDay|[upkeep]\n|upkeep\n|\n|t:|1700703044\n|switch|p2a: Whimsicott|Whimsicott, F|1\/100\n|turn|9\n|\n|t:|1700703051\n|move|p2a: Whimsicott|Tailwind|p2a: Whimsicott\n|-sidestart|p2: Maxer59|move: Tailwind\n|move|p1a: Alakazam|Shadow Ball|p2a: Whimsicott\n|-damage|p2a: Whimsicott|0 fnt\n|faint|p2a: Whimsicott\n|\n|-weather|none\n|upkeep\n|\n|t:|1700703054\n|switch|p2a: Charizard|Charizard, F|100\/100\n|turn|10\n|\n|t:|1700703065\n|detailschange|p2a: Charizard|Charizard-Mega-Y, F\n|-mega|p2a: Charizard|Charizard|Charizardite Y\n|-weather|SunnyDay|[from] ability: Drought|[of] p2a: Charizard\n|move|p2a: Charizard|Weather Ball|p1a: Alakazam\n|-damage|p1a: Alakazam|0 fnt\n|faint|p1a: Alakazam\n|\n|-weather|SunnyDay|[upkeep]\n|upkeep\n|\n|t:|1700703076\n|switch|p1a: Heracross|Heracross, M|100\/100\n|turn|11\n|\n|t:|1700703102\n|detailschange|p1a: Heracross|Heracross-Mega, M\n|-mega|p1a: Heracross|Heracross|Heracronite\n|move|p2a: Charizard|Weather Ball|p1a: Heracross\n|-supereffective|p1a: Heracross\n|-damage|p1a: Heracross|0 fnt\n|faint|p1a: Heracross\n|\n|-weather|SunnyDay|[upkeep]\n|upkeep\n|\n|t:|1700703110\n|switch|p1a: Steelix|Steelix, F|100\/100\n|turn|12\n|\n|t:|1700703114\n|move|p2a: Charizard|Weather Ball|p1a: Steelix\n|-supereffective|p1a: Steelix\n|-ability|p1a: Steelix|Sturdy\n|-damage|p1a: Steelix|1\/100\n|move|p1a: Steelix|Earthquake|p2a: Charizard\n|-immune|p2a: Charizard\n|\n|-weather|SunnyDay|[upkeep]\n|-heal|p1a: Steelix|7\/100|[from] item: Leftovers\n|-sideend|p2: Maxer59|move: Tailwind\n|upkeep\n|turn|13\n|-message|alooop4 forfeited.\n|\n|win|Maxer59\n|raw|alooop4's rating: 1087 &rarr; <strong>1070<\/strong><br \/>(-17 for losing)\n|raw|Maxer59's rating: 1180 &rarr; <strong>1198<\/strong><br \/>(+18 for winning)\n|l|\u2606alooop4\n","uploadtime":1700703136,"views":6,"p1id":"alooop4","p2id":"maxer59","formatid":"gen9nationaldex","rating":1070,"private":0,"password":""}