{"id":"gen9nationaldex-1990739662","p1":"Rafal1133","p2":"Quik_pl","format":"[Gen 9] National Dex","log":"|j|\u2606Rafal1133\n|j|\u2606Quik_pl\n|t:|1699996354\n|gametype|singles\n|player|p1|Rafal1133|169|\n|player|p2|Quik_pl|guitarist-gen4|\n|teamsize|p1|6\n|teamsize|p2|6\n|gen|9\n|tier|[Gen 9] National Dex\n|rule|HP Percentage Mod: HP is shown in percentages\n|rule|Endless Battle Clause: Forcing endless battles is banned\n|rule|OHKO Clause: OHKO moves are banned\n|rule|Evasion Clause: Evasion abilities, items, and moves are banned\n|rule|Evasion Abilities Clause: Evasion abilities are banned\n|rule|Evasion Items Clause: Evasion items are banned\n|rule|Evasion Moves Clause: Evasion moves are banned\n|rule|Species Clause: Limit one of each Pok\u00e9mon\n|rule|Sleep Clause Mod: Limit one foe put to sleep\n|clearpoke\n|poke|p1|Camerupt, M|\n|poke|p1|Conkeldurr, F|\n|poke|p1|Cresselia, F|\n|poke|p1|Audino, F|\n|poke|p1|Iron Valiant|\n|poke|p1|Muk, F|\n|poke|p2|Altaria, F|\n|poke|p2|Muk, F|\n|poke|p2|Rotom-Frost|\n|poke|p2|Fezandipiti, M|\n|poke|p2|Lumineon, M|\n|poke|p2|Audino, F|\n|teampreview\n|c|\u2606Rafal1133|glgl\n|c|\u2606Quik_pl|glhf\n|\n|t:|1699996374\n|start\n|switch|p1a: Audino|Audino, F|100\/100\n|switch|p2a: Rotom|Rotom-Frost|100\/100\n|turn|1\n|\n|t:|1699996384\n|move|p2a: Rotom|Volt Switch|p1a: Audino\n|-damage|p1a: Audino|81\/100\n|\n|t:|1699996393\n|switch|p2a: Muk|Muk, F|100\/100|[from] Volt Switch\n|move|p1a: Audino|Wish|p1a: Audino\n|\n|-heal|p1a: Audino|87\/100|[from] item: Leftovers\n|upkeep\n|turn|2\n|\n|t:|1699996406\n|move|p2a: Muk|Acid Armor|p2a: Muk\n|-boost|p2a: Muk|def|2\n|move|p1a: Audino|Trick Room|p1a: Audino\n|-fieldstart|move: Trick Room|[of] p1a: Audino\n|\n|-heal|p1a: Audino|100\/100|[from] move: Wish|[wisher] Audino\n|upkeep\n|turn|3\n|\n|t:|1699996416\n|switch|p1a: Camerupt|Camerupt, M|100\/100\n|move|p2a: Muk|Acid Armor|p2a: Muk\n|-boost|p2a: Muk|def|2\n|\n|upkeep\n|turn|4\n|\n|t:|1699996427\n|switch|p2a: Altaria|Altaria, F|100\/100\n|detailschange|p1a: Camerupt|Camerupt-Mega, M\n|-mega|p1a: Camerupt|Camerupt|Cameruptite\n|move|p1a: Camerupt|Earth Power|p2a: Altaria\n|-immune|p2a: Altaria\n|\n|upkeep\n|turn|5\n|j| Elite four lai\n|\n|t:|1699996444\n|switch|p1a: Audino|Audino, F|100\/100\n|move|p2a: Altaria|Dragon Dance|p2a: Altaria\n|-boost|p2a: Altaria|atk|1\n|-boost|p2a: Altaria|spe|1\n|\n|upkeep\n|turn|6\n|\n|t:|1699996452\n|move|p1a: Audino|Toxic|p2a: Altaria\n|-status|p2a: Altaria|tox\n|move|p2a: Altaria|Dragon Dance|p2a: Altaria\n|-boost|p2a: Altaria|atk|1\n|-boost|p2a: Altaria|spe|1\n|\n|-damage|p2a: Altaria|94\/100 tox|[from] psn\n|-fieldend|move: Trick Room\n|upkeep\n|turn|7\n|\n|t:|1699996462\n|move|p2a: Altaria|Dragon Claw|p1a: Audino\n|-damage|p1a: Audino|47\/100\n|move|p1a: Audino|Trick Room|p1a: Audino\n|-fieldstart|move: Trick Room|[of] p1a: Audino\n|\n|-heal|p1a: Audino|53\/100|[from] item: Leftovers\n|-heal|p2a: Altaria|100\/100 tox|[from] item: Leftovers\n|-damage|p2a: Altaria|88\/100 tox|[from] psn\n|upkeep\n|turn|8\n|\n|t:|1699996480\n|move|p1a: Audino|Protect|p1a: Audino\n|-singleturn|p1a: Audino|Protect\n|move|p2a: Altaria|Dragon Claw|p1a: Audino\n|-activate|p1a: Audino|move: Protect\n|\n|-heal|p1a: Audino|59\/100|[from] item: Leftovers\n|-heal|p2a: Altaria|94\/100 tox|[from] item: Leftovers\n|-damage|p2a: Altaria|76\/100 tox|[from] psn\n|upkeep\n|turn|9\n|\n|t:|1699996491\n|-curestatus|p2a: Altaria|tox|[from] ability: Natural Cure\n|switch|p2a: Rotom|Rotom-Frost|100\/100\n|move|p1a: Audino|Wish|p1a: Audino\n|\n|-heal|p1a: Audino|65\/100|[from] item: Leftovers\n|upkeep\n|turn|10\n|\n|t:|1699996500\n|switch|p2a: Muk|Muk, F|100\/100\n|move|p1a: Audino|Toxic|p2a: Muk\n|-immune|p2a: Muk\n|\n|-heal|p1a: Audino|100\/100|[from] move: Wish|[wisher] Audino\n|upkeep\n|turn|11\n|\n|t:|1699996508\n|move|p1a: Audino|Wish|p1a: Audino\n|move|p2a: Muk|Toxic|p1a: Audino\n|-status|p1a: Audino|tox\n|\n|-damage|p1a: Audino|94\/100 tox|[from] psn\n|-fieldend|move: Trick Room\n|upkeep\n|turn|12\n|\n|t:|1699996517\n|move|p2a: Muk|Acid Armor|p2a: Muk\n|-boost|p2a: Muk|def|2\n|move|p1a: Audino|Trick Room|p1a: Audino\n|-fieldstart|move: Trick Room|[of] p1a: Audino\n|\n|-heal|p1a: Audino|100\/100 tox|[from] move: Wish|[wisher] Audino\n|-damage|p1a: Audino|88\/100 tox|[from] psn\n|upkeep\n|turn|13\n|c|\u2606Quik_pl|w takim tempie to ten trickroom ci si\u0119 zaraz sko\u0144czy\n|c|\u2606Rafal1133|xd\n|\n|t:|1699996549\n|switch|p1a: Conkeldurr|Conkeldurr, F|100\/100\n|move|p2a: Muk|Acid Armor|p2a: Muk\n|-boost|p2a: Muk|def|2\n|\n|-status|p1a: Conkeldurr|brn|[from] item: Flame Orb\n|upkeep\n|turn|14\n|\n|t:|1699996559\n|move|p1a: Conkeldurr|Earthquake|p2a: Muk\n|-supereffective|p2a: Muk\n|-crit|p2a: Muk\n|-damage|p2a: Muk|0 fnt\n|faint|p2a: Muk\n|\n|-damage|p1a: Conkeldurr|94\/100 brn|[from] brn\n|upkeep\n|c|\u2606Rafal1133|Im sorry\n|c| Elite four lai|HAHQHAHAHAHAH\n|\n|t:|1699996577\n|switch|p2a: Audino|Audino, F|100\/100\n|turn|15\n|\n|t:|1699996616\n|move|p2a: Audino|Protect|p2a: Audino\n|-singleturn|p2a: Audino|Protect\n|move|p1a: Conkeldurr|Close Combat|p2a: Audino\n|-activate|p2a: Audino|move: Protect\n|\n|-damage|p1a: Conkeldurr|88\/100 brn|[from] brn\n|upkeep\n|turn|16\n|c|\u2606Rafal1133|To powinno byc 34% xd\n|\n|t:|1699996648\n|switch|p2a: Rotom|Rotom-Frost|100\/100\n|move|p1a: Conkeldurr|Facade|p2a: Rotom\n|-damage|p2a: Rotom|0 fnt\n|faint|p2a: Rotom\n|\n|-damage|p1a: Conkeldurr|82\/100 brn|[from] brn\n|-fieldend|move: Trick Room\n|upkeep\n|\n|t:|1699996654\n|switch|p2a: Lumineon|Lumineon, M|100\/100\n|turn|17\n|\n|t:|1699996661\n|switch|p1a: Audino|Audino, F|100\/100 tox\n|move|p2a: Lumineon|Dazzling Gleam|p1a: Audino\n|-damage|p1a: Audino|84\/100 tox\n|\n|-heal|p1a: Audino|90\/100 tox|[from] item: Leftovers\n|-damage|p1a: Audino|84\/100 tox|[from] psn\n|upkeep\n|turn|18\n|\n|t:|1699996667\n|switch|p2a: Fezandipiti|Fezandipiti, M|100\/100\n|move|p1a: Audino|Trick Room|p1a: Audino\n|-fieldstart|move: Trick Room|[of] p1a: Audino\n|\n|-heal|p1a: Audino|90\/100 tox|[from] item: Leftovers\n|-damage|p1a: Audino|78\/100 tox|[from] psn\n|upkeep\n|turn|19\n|\n|t:|1699996683\n|switch|p1a: Camerupt|Camerupt-Mega, M|100\/100\n|move|p2a: Fezandipiti|Play Rough|p1a: Camerupt\n|-resisted|p1a: Camerupt\n|-damage|p1a: Camerupt|77\/100\n|-damage|p2a: Fezandipiti|91\/100|[from] item: Life Orb\n|\n|upkeep\n|turn|20\n|\n|t:|1699996695\n|switch|p2a: Altaria|Altaria, F|76\/100\n|move|p1a: Camerupt|Flash Cannon|p2a: Altaria\n|-damage|p2a: Altaria|30\/100\n|\n|-heal|p2a: Altaria|36\/100|[from] item: Leftovers\n|upkeep\n|turn|21\n|\n|t:|1699996705\n|switch|p2a: Audino|Audino, F|100\/100\n|move|p1a: Camerupt|Flash Cannon|p2a: Audino\n|-damage|p2a: Audino|62\/100\n|\n|-heal|p2a: Audino|68\/100|[from] item: Leftovers\n|upkeep\n|turn|22\n|\n|t:|1699996714\n|switch|p1a: Audino|Audino, F|100\/100 tox\n|move|p2a: Audino|Toxic|p1a: Audino\n|-fail|p1a: Audino|tox\n|\n|-heal|p2a: Audino|74\/100|[from] item: Leftovers\n|-damage|p1a: Audino|94\/100 tox|[from] psn\n|-fieldend|move: Trick Room\n|upkeep\n|turn|23\n|\n|t:|1699996722\n|move|p2a: Audino|Protect|p2a: Audino\n|-singleturn|p2a: Audino|Protect\n|move|p1a: Audino|Trick Room|p1a: Audino\n|-fieldstart|move: Trick Room|[of] p1a: Audino\n|\n|-heal|p1a: Audino|100\/100 tox|[from] item: Leftovers\n|-heal|p2a: Audino|80\/100|[from] item: Leftovers\n|-damage|p1a: Audino|88\/100 tox|[from] psn\n|upkeep\n|turn|24\n|\n|t:|1699996735\n|switch|p1a: Conkeldurr|Conkeldurr, F|82\/100 brn\n|switch|p2a: Fezandipiti|Fezandipiti, M|91\/100\n|\n|-damage|p1a: Conkeldurr|76\/100 brn|[from] brn\n|upkeep\n|turn|25\n|\n|t:|1699996750\n|switch|p2a: Altaria|Altaria, F|36\/100\n|move|p1a: Conkeldurr|Earthquake|p2a: Altaria\n|-immune|p2a: Altaria\n|\n|-heal|p2a: Altaria|43\/100|[from] item: Leftovers\n|-damage|p1a: Conkeldurr|70\/100 brn|[from] brn\n|upkeep\n|turn|26\n|\n|t:|1699996763\n|switch|p2a: Audino|Audino, F|100\/100\n|move|p1a: Conkeldurr|Facade|p2a: Audino\n|-damage|p2a: Audino|42\/100\n|\n|-heal|p2a: Audino|48\/100|[from] item: Leftovers\n|-damage|p1a: Conkeldurr|64\/100 brn|[from] brn\n|upkeep\n|turn|27\n|\n|t:|1699996788\n|move|p2a: Audino|Protect|p2a: Audino\n|-singleturn|p2a: Audino|Protect\n|move|p1a: Conkeldurr|Facade|p2a: Audino\n|-activate|p2a: Audino|move: Protect\n|\n|-heal|p2a: Audino|54\/100|[from] item: Leftovers\n|-damage|p1a: Conkeldurr|58\/100 brn|[from] brn\n|-fieldend|move: Trick Room\n|upkeep\n|turn|28\n|\n|t:|1699996807\n|switch|p2a: Fezandipiti|Fezandipiti, M|91\/100\n|switch|p1a: Audino|Audino, F|100\/100 tox\n|\n|-damage|p1a: Audino|94\/100 tox|[from] psn\n|upkeep\n|turn|29\n|\n|t:|1699996819\n|-terastallize|p2a: Fezandipiti|Poison\n|move|p2a: Fezandipiti|Poison Tail|p1a: Audino\n|-damage|p1a: Audino|40\/100 tox\n|-damage|p2a: Fezandipiti|81\/100|[from] item: Life Orb\n|move|p1a: Audino|Trick Room|p1a: Audino\n|-fieldstart|move: Trick Room|[of] p1a: Audino\n|\n|-heal|p1a: Audino|47\/100 tox|[from] item: Leftovers\n|-damage|p1a: Audino|34\/100 tox|[from] psn\n|upkeep\n|turn|30\n|\n|t:|1699996831\n|switch|p1a: Camerupt|Camerupt-Mega, M|77\/100\n|move|p2a: Fezandipiti|Poison Tail|p1a: Camerupt\n|-resisted|p1a: Camerupt\n|-damage|p1a: Camerupt|48\/100\n|-damage|p2a: Fezandipiti|71\/100|[from] item: Life Orb\n|\n|upkeep\n|turn|31\n|\n|t:|1699996839\n|switch|p2a: Altaria|Altaria, F|43\/100\n|move|p1a: Camerupt|Fire Blast|p2a: Altaria\n|-resisted|p2a: Altaria\n|-damage|p2a: Altaria|0 fnt\n|faint|p2a: Altaria\n|\n|upkeep\n|\n|t:|1699996848\n|switch|p2a: Audino|Audino, F|87\/100\n|turn|32\n|\n|t:|1699996854\n|move|p1a: Camerupt|Fire Blast|p2a: Audino\n|-damage|p2a: Audino|6\/100\n|move|p2a: Audino|Toxic|p1a: Camerupt\n|-status|p1a: Camerupt|tox\n|\n|-heal|p2a: Audino|12\/100|[from] item: Leftovers\n|-damage|p1a: Camerupt|42\/100 tox|[from] psn\n|upkeep\n|turn|33\n|\n|t:|1699996867\n|switch|p1a: Iron Valiant|Iron Valiant|100\/100\n|move|p2a: Audino|Protect||[still]\n|-fail|p2a: Audino\n|\n|-heal|p2a: Audino|18\/100|[from] item: Leftovers\n|-fieldend|move: Trick Room\n|upkeep\n|turn|34\n|\n|t:|1699996877\n|move|p2a: Audino|Protect|p2a: Audino\n|-singleturn|p2a: Audino|Protect\n|move|p1a: Iron Valiant|Knock Off|p2a: Audino\n|-activate|p2a: Audino|move: Protect\n|\n|-heal|p2a: Audino|24\/100|[from] item: Leftovers\n|upkeep\n|turn|35\n|\n|t:|1699996902\n|move|p1a: Iron Valiant|Knock Off|p2a: Audino\n|-damage|p2a: Audino|0 fnt\n|-enditem|p2a: Audino|Leftovers|[from] move: Knock Off|[of] p1a: Iron Valiant\n|faint|p2a: Audino\n|-damage|p1a: Iron Valiant|91\/100|[from] item: Life Orb\n|\n|upkeep\n|\n|t:|1699996913\n|switch|p2a: Fezandipiti|Fezandipiti, M, tera:Poison|71\/100\n|turn|36\n|\n|t:|1699996923\n|-end|p1a: Iron Valiant|Quark Drive|[silent]\n|switch|p1a: Cresselia|Cresselia, F|100\/100\n|move|p2a: Fezandipiti|Thief|p1a: Cresselia\n|-supereffective|p1a: Cresselia\n|-damage|p1a: Cresselia|62\/100\n|-damage|p2a: Fezandipiti|61\/100|[from] item: Life Orb\n|\n|-heal|p1a: Cresselia|68\/100|[from] item: Leftovers\n|upkeep\n|turn|37\n|\n|t:|1699996937\n|switch|p2a: Lumineon|Lumineon, M|100\/100\n|move|p1a: Cresselia|Moonlight|p1a: Cresselia\n|-heal|p1a: Cresselia|100\/100\n|\n|upkeep\n|turn|38\n|\n|t:|1699996942\n|move|p2a: Lumineon|Signal Beam|p1a: Cresselia\n|-supereffective|p1a: Cresselia\n|-damage|p1a: Cresselia|69\/100\n|move|p1a: Cresselia|Calm Mind|p1a: Cresselia\n|-boost|p1a: Cresselia|spa|1\n|-boost|p1a: Cresselia|spd|1\n|\n|-heal|p1a: Cresselia|75\/100|[from] item: Leftovers\n|upkeep\n|turn|39\n|\n|t:|1699996949\n|move|p2a: Lumineon|Signal Beam|p1a: Cresselia\n|-supereffective|p1a: Cresselia\n|-damage|p1a: Cresselia|52\/100\n|move|p1a: Cresselia|Moonlight|p1a: Cresselia\n|-heal|p1a: Cresselia|100\/100\n|\n|upkeep\n|turn|40\n|\n|t:|1699996955\n|switch|p2a: Fezandipiti|Fezandipiti, M, tera:Poison|61\/100\n|move|p1a: Cresselia|Calm Mind|p1a: Cresselia\n|-boost|p1a: Cresselia|spa|1\n|-boost|p1a: Cresselia|spd|1\n|\n|upkeep\n|turn|41\n|\n|t:|1699996959\n|move|p2a: Fezandipiti|Thief|p1a: Cresselia\n|-supereffective|p1a: Cresselia\n|-damage|p1a: Cresselia|67\/100\n|-damage|p2a: Fezandipiti|52\/100|[from] item: Life Orb\n|move|p1a: Cresselia|Psyshock|p2a: Fezandipiti\n|-supereffective|p2a: Fezandipiti\n|-damage|p2a: Fezandipiti|0 fnt\n|faint|p2a: Fezandipiti\n|\n|-heal|p1a: Cresselia|73\/100|[from] item: Leftovers\n|upkeep\n|\n|t:|1699996963\n|switch|p2a: Lumineon|Lumineon, M|100\/100\n|turn|42\n|\n|t:|1699996967\n|move|p2a: Lumineon|Signal Beam|p1a: Cresselia\n|-supereffective|p1a: Cresselia\n|-damage|p1a: Cresselia|55\/100\n|move|p1a: Cresselia|Moonlight|p1a: Cresselia\n|-heal|p1a: Cresselia|100\/100\n|\n|upkeep\n|turn|43\n|\n|t:|1699996977\n|move|p2a: Lumineon|Signal Beam|p1a: Cresselia\n|-supereffective|p1a: Cresselia\n|-damage|p1a: Cresselia|83\/100\n|-start|p1a: Cresselia|confusion\n|-activate|p1a: Cresselia|confusion\n|-damage|p1a: Cresselia|80\/100|[from] confusion\n|\n|-heal|p1a: Cresselia|86\/100|[from] item: Leftovers\n|upkeep\n|turn|44\n|\n|t:|1699996985\n|move|p2a: Lumineon|Signal Beam|p1a: Cresselia\n|-supereffective|p1a: Cresselia\n|-damage|p1a: Cresselia|71\/100\n|-activate|p1a: Cresselia|confusion\n|move|p1a: Cresselia|Psyshock|p2a: Lumineon\n|-damage|p2a: Lumineon|29\/100\n|\n|-heal|p1a: Cresselia|77\/100|[from] item: Leftovers\n|upkeep\n|turn|45\n|c|\u2606Quik_pl|kurwa pierdolony trickroom\n|\n|t:|1699997008\n|move|p2a: Lumineon|Signal Beam|p1a: Cresselia\n|-supereffective|p1a: Cresselia\n|-damage|p1a: Cresselia|60\/100\n|-end|p1a: Cresselia|confusion\n|move|p1a: Cresselia|Psyshock|p2a: Lumineon\n|-crit|p2a: Lumineon\n|-damage|p2a: Lumineon|0 fnt\n|faint|p2a: Lumineon\n|\n|win|Rafal1133\n|l| Elite four lai\n|c|\u2606Rafal1133|gg\n","uploadtime":1699997016,"views":26,"p1id":"rafal1133","p2id":"quikpl","formatid":"gen9nationaldex","rating":0,"private":0,"password":""}