{"id":"gen9nationaldex-1991269926","p1":"Zabanya-Z","p2":"TheUtmostMcToast","format":"[Gen 9] National Dex","log":"|j|\u203dZabanya-Z\n|j|\u2606TheUtmostMcToast\n|t:|1700062981\n|gametype|singles\n|player|p1|Zabanya-Z|proton|1613\n|player|p2|TheUtmostMcToast|skyla|1568\n|teamsize|p1|6\n|teamsize|p2|6\n|gen|9\n|tier|[Gen 9] National Dex\n|rated|\n|rule|HP Percentage Mod: HP is shown in percentages\n|rule|Endless Battle Clause: Forcing endless battles is banned\n|rule|OHKO Clause: OHKO moves are banned\n|rule|Evasion Clause: Evasion abilities, items, and moves are banned\n|rule|Evasion Abilities Clause: Evasion abilities are banned\n|rule|Evasion Items Clause: Evasion items are banned\n|rule|Evasion Moves Clause: Evasion moves are banned\n|rule|Species Clause: Limit one of each Pok\u00e9mon\n|rule|Sleep Clause Mod: Limit one foe put to sleep\n|clearpoke\n|poke|p1|Rillaboom, M|\n|poke|p1|Heatran, F|\n|poke|p1|Urshifu-*, M|\n|poke|p1|Slowking-Galar, F|\n|poke|p1|Thundurus-Therian, M|\n|poke|p1|Weezing-Galar, M|\n|poke|p2|Venusaur, M|\n|poke|p2|Nihilego|\n|poke|p2|Muk-Alola, M|\n|poke|p2|Toxicroak, M|\n|poke|p2|Grafaiai, M|\n|poke|p2|Garbodor, F|\n|teampreview\n|inactive|Battle timer is ON: inactive players will automatically lose when time's up. (requested by TheUtmostMcToast)\n|inactive|Zabanya-Z also wants the timer to be on.\n|j| Dark Umbreon 08\n|l| Dark Umbreon 08\n|\n|t:|1700063004\n|start\n|switch|p1a: Thundurus|Thundurus-Therian, M, shiny|100\/100\n|switch|p2a: Garbodor|Garbodor, F|100\/100\n|turn|1\n|\n|t:|1700063012\n|move|p1a: Thundurus|Volt Switch|p2a: Garbodor\n|-damage|p2a: Garbodor|43\/100\n|j| KoKohs\n|\n|t:|1700063019\n|switch|p1a: Urshifu|Urshifu-Rapid-Strike, M|100\/100|[from] Volt Switch\n|move|p2a: Garbodor|Explosion|p1a: Urshifu\n|-damage|p1a: Urshifu|17\/100\n|faint|p2a: Garbodor\n|\n|upkeep\n|\n|t:|1700063033\n|switch|p2a: Venusaur|Venusaur, M|100\/100\n|turn|2\n|\n|t:|1700063038\n|switch|p1a: Slowking|Slowking-Galar, F, shiny|100\/100\n|detailschange|p2a: Venusaur|Venusaur-Mega, M\n|-mega|p2a: Venusaur|Venusaur|Venusaurite\n|move|p2a: Venusaur|Sludge Bomb|p1a: Slowking\n|-resisted|p1a: Slowking\n|-damage|p1a: Slowking|83\/100\n|\n|upkeep\n|turn|3\n|\n|t:|1700063041\n|move|p2a: Venusaur|Earth Power|p1a: Slowking\n|-supereffective|p1a: Slowking\n|-damage|p1a: Slowking|32\/100\n|move|p1a: Slowking|Thunder Wave|p2a: Venusaur\n|-status|p2a: Venusaur|par\n|\n|upkeep\n|turn|4\n|\n|t:|1700063044\n|switch|p2a: Muk|Muk-Alola, M|100\/100\n|switch|p1a: Thundurus|Thundurus-Therian, M, shiny|100\/100\n|\n|upkeep\n|turn|5\n|j| givrifier\n|\n|t:|1700063048\n|move|p1a: Thundurus|Volt Switch|p2a: Muk\n|-damage|p2a: Muk|80\/100\n|\n|t:|1700063054\n|switch|p1a: Weezing|Weezing-Galar, M, shiny|100\/100|[from] Volt Switch\n|-ability|p1a: Weezing|Neutralizing Gas\n|move|p2a: Muk|Infestation|p1a: Weezing\n|-resisted|p1a: Weezing\n|-damage|p1a: Weezing|99\/100\n|-activate|p1a: Weezing|move: Infestation|[of] p2a: Muk\n|\n|-heal|p1a: Weezing|100\/100|[from] item: Leftovers\n|-damage|p1a: Weezing|88\/100|[from] move: Infestation|[partiallytrapped]\n|upkeep\n|turn|6\n|\n|t:|1700063059\n|move|p1a: Weezing|Will-O-Wisp|p2a: Muk|[miss]\n|-miss|p1a: Weezing|p2a: Muk\n|move|p2a: Muk|Knock Off|p1a: Weezing\n|-resisted|p1a: Weezing\n|-damage|p1a: Weezing|76\/100\n|-enditem|p1a: Weezing|Leftovers|[from] move: Knock Off|[of] p2a: Muk\n|\n|-damage|p1a: Weezing|64\/100|[from] move: Infestation|[partiallytrapped]\n|upkeep\n|turn|7\n|\n|t:|1700063064\n|move|p1a: Weezing|Toxic Spikes|p2a: Muk\n|-sidestart|p2: TheUtmostMcToast|move: Toxic Spikes\n|move|p2a: Muk|Clear Smog|p1a: Weezing\n|-damage|p1a: Weezing|49\/100\n|-clearboost|p1a: Weezing\n|\n|-damage|p1a: Weezing|37\/100|[from] move: Infestation|[partiallytrapped]\n|upkeep\n|turn|8\n|\n|t:|1700063067\n|move|p1a: Weezing|Strange Steam|p2a: Muk\n|-damage|p2a: Muk|64\/100\n|move|p2a: Muk|Clear Smog|p1a: Weezing\n|-damage|p1a: Weezing|23\/100\n|-clearboost|p1a: Weezing\n|\n|-damage|p1a: Weezing|10\/100|[from] move: Infestation|[partiallytrapped]\n|upkeep\n|turn|9\n|\n|t:|1700063069\n|move|p1a: Weezing|Strange Steam|p2a: Muk\n|-damage|p2a: Muk|48\/100\n|move|p2a: Muk|Clear Smog|p1a: Weezing\n|-damage|p1a: Weezing|0 fnt\n|-clearboost|p1a: Weezing\n|faint|p1a: Weezing\n|-end|p1a: Weezing|ability: Neutralizing Gas\n|\n|upkeep\n|\n|t:|1700063073\n|switch|p1a: Urshifu|Urshifu-Rapid-Strike, M|17\/100\n|turn|10\n|\n|t:|1700063079\n|move|p2a: Muk|Shadow Sneak|p1a: Urshifu\n|-damage|p1a: Urshifu|8\/100\n|move|p1a: Urshifu|Close Combat|p2a: Muk\n|-damage|p2a: Muk|0 fnt\n|-unboost|p1a: Urshifu|def|1\n|-unboost|p1a: Urshifu|spd|1\n|faint|p2a: Muk\n|\n|upkeep\n|\n|t:|1700063083\n|switch|p2a: Grafaiai|Grafaiai, M|100\/100\n|-sideend|p2: TheUtmostMcToast|move: Toxic Spikes|[of] p2a: Grafaiai\n|turn|11\n|\n|t:|1700063087\n|move|p2a: Grafaiai|Copycat|p2a: Grafaiai\n|move|p2a: Grafaiai|Close Combat|p1a: Urshifu|[from]move: Copycat\n|-damage|p1a: Urshifu|0 fnt\n|-unboost|p2a: Grafaiai|def|1\n|-unboost|p2a: Grafaiai|spd|1\n|faint|p1a: Urshifu\n|\n|upkeep\n|\n|t:|1700063092\n|switch|p1a: Thundurus|Thundurus-Therian, M, shiny|100\/100\n|turn|12\n|\n|t:|1700063097\n|switch|p2a: Venusaur|Venusaur-Mega, M|100\/100 par\n|move|p1a: Thundurus|Volt Switch|p2a: Venusaur\n|-resisted|p2a: Venusaur\n|-damage|p2a: Venusaur|84\/100 par\n|\n|t:|1700063102\n|switch|p1a: Heatran|Heatran, F, shiny|100\/100|[from] Volt Switch\n|\n|upkeep\n|turn|13\n|\n|t:|1700063108\n|move|p1a: Heatran|Magma Storm|p2a: Venusaur|[miss]\n|-miss|p1a: Heatran|p2a: Venusaur\n|move|p2a: Venusaur|Earth Power|p1a: Heatran\n|-supereffective|p1a: Heatran\n|-damage|p1a: Heatran|24\/100\n|\n|-heal|p1a: Heatran|30\/100|[from] item: Leftovers\n|upkeep\n|turn|14\n|l| givrifier\n|\n|t:|1700063112\n|move|p1a: Heatran|Magma Storm|p2a: Venusaur\n|-supereffective|p2a: Venusaur\n|-damage|p2a: Venusaur|52\/100 par\n|-activate|p2a: Venusaur|move: Magma Storm|[of] p1a: Heatran\n|move|p2a: Venusaur|Earth Power|p1a: Heatran\n|-supereffective|p1a: Heatran\n|-damage|p1a: Heatran|0 fnt\n|faint|p1a: Heatran\n|\n|-end|p2a: Venusaur|Magma Storm|[partiallytrapped]|[silent]\n|upkeep\n|\n|t:|1700063118\n|switch|p1a: Thundurus|Thundurus-Therian, M, shiny|100\/100\n|turn|15\n|\n|t:|1700063120\n|-terastallize|p1a: Thundurus|Flying\n|move|p1a: Thundurus|Tera Blast|p2a: Venusaur|[anim] Tera Blast Flying\n|-supereffective|p2a: Venusaur\n|-damage|p2a: Venusaur|0 fnt\n|faint|p2a: Venusaur\n|\n|upkeep\n|\n|t:|1700063126\n|switch|p2a: Nihilego|Nihilego|100\/100\n|turn|16\n|\n|t:|1700063130\n|switch|p1a: Slowking|Slowking-Galar, F, shiny|65\/100\n|move|p2a: Nihilego|Meteor Beam||[still]\n|-prepare|p2a: Nihilego|Meteor Beam\n|-boost|p2a: Nihilego|spa|1\n|-enditem|p2a: Nihilego|Power Herb\n|-anim|p2a: Nihilego|Meteor Beam|p1a: Slowking\n|-damage|p1a: Slowking|7\/100\n|\n|upkeep\n|turn|17\n|\n|t:|1700063134\n|move|p2a: Nihilego|Sludge Wave|p1a: Slowking\n|-resisted|p1a: Slowking\n|-damage|p1a: Slowking|0 fnt\n|faint|p1a: Slowking\n|-ability|p2a: Nihilego|Beast Boost|boost\n|-boost|p2a: Nihilego|spe|1\n|\n|upkeep\n|\n|t:|1700063137\n|switch|p1a: Rillaboom|Rillaboom, M, shiny|100\/100\n|-fieldstart|move: Grassy Terrain|[from] ability: Grassy Surge|[of] p1a: Rillaboom\n|turn|18\n|\n|t:|1700063140\n|-terastallize|p2a: Nihilego|Flying\n|move|p1a: Rillaboom|Grassy Glide|p2a: Nihilego\n|-resisted|p2a: Nihilego\n|-damage|p2a: Nihilego|53\/100\n|move|p2a: Nihilego|Sludge Wave|p1a: Rillaboom\n|-supereffective|p1a: Rillaboom\n|-damage|p1a: Rillaboom|0 fnt\n|faint|p1a: Rillaboom\n|-ability|p2a: Nihilego|Beast Boost|boost\n|-boost|p2a: Nihilego|spe|1\n|\n|upkeep\n|\n|t:|1700063142\n|switch|p1a: Thundurus|Thundurus-Therian, M, shiny, tera:Flying|100\/100\n|turn|19\n|\n|t:|1700063145\n|move|p2a: Nihilego|Power Gem|p1a: Thundurus\n|-supereffective|p1a: Thundurus\n|-damage|p1a: Thundurus|0 fnt\n|faint|p1a: Thundurus\n|\n|win|TheUtmostMcToast\n|raw|Zabanya-Z's rating: 1613 &rarr; <strong>1590<\/strong><br \/>(-23 for losing)\n|raw|TheUtmostMcToast's rating: 1568 &rarr; <strong>1591<\/strong><br \/>(+23 for winning)\n|c|\u2606TheUtmostMcToast|gg\n|l|\u203dZabanya-Z\n|l| KoKohs\n","uploadtime":1700063236,"views":15,"p1id":"zabanyaz","p2id":"theutmostmctoast","formatid":"gen9nationaldex","rating":1590,"private":0,"password":""}