{"id":"gen9nationaldex-1993269186","p1":"BrotherBlazin","p2":"mtyqjltz6","format":"[Gen 9] National Dex","log":"|j|\u2606BrotherBlazin\n|j|\u2606mtyqjltz6\n|t:|1700287386\n|gametype|singles\n|player|p1|BrotherBlazin|skier|1089\n|player|p2|mtyqjltz6|elesa|1117\n|teamsize|p1|6\n|teamsize|p2|6\n|gen|9\n|tier|[Gen 9] National Dex\n|rated|\n|rule|HP Percentage Mod: HP is shown in percentages\n|rule|Endless Battle Clause: Forcing endless battles is banned\n|rule|OHKO Clause: OHKO moves are banned\n|rule|Evasion Clause: Evasion abilities, items, and moves are banned\n|rule|Evasion Abilities Clause: Evasion abilities are banned\n|rule|Evasion Items Clause: Evasion items are banned\n|rule|Evasion Moves Clause: Evasion moves are banned\n|rule|Species Clause: Limit one of each Pok\u00e9mon\n|rule|Sleep Clause Mod: Limit one foe put to sleep\n|clearpoke\n|poke|p1|Pikachu, F|\n|poke|p1|Swellow, M|\n|poke|p1|Sceptile, M|\n|poke|p1|Torkoal, F|\n|poke|p1|Ambipom, F|\n|poke|p1|Crawdaunt, F|\n|poke|p2|Raticate, M|\n|poke|p2|Slowking-Galar, M|\n|poke|p2|Diancie|\n|poke|p2|Rillaboom, M|\n|poke|p2|Zapdos|\n|poke|p2|Blacephalon|\n|teampreview\n|inactive|Battle timer is ON: inactive players will automatically lose when time's up. (requested by BrotherBlazin)\n|inactive|BrotherBlazin has 120 seconds left.\n|\n|t:|1700287422\n|start\n|switch|p1a: do do do dododo do|Crawdaunt, F|100\/100\n|switch|p2a: Diancie|Diancie, shiny|100\/100\n|turn|1\n|\n|t:|1700287443\n|switch|p2a: Zapdos|Zapdos|100\/100\n|-terastallize|p1a: do do do dododo do|Water\n|move|p1a: do do do dododo do|Crabhammer|p2a: Zapdos|[miss]\n|-miss|p1a: do do do dododo do|p2a: Zapdos\n|\n|upkeep\n|turn|2\n|c|\u2606BrotherBlazin|bruh\n|\n|t:|1700287455\n|switch|p1a: Pikachu|Pikachu, F|100\/100\n|move|p2a: Zapdos|Volt Switch|p1a: Pikachu\n|-ability|p1a: Pikachu|Lightning Rod|boost\n|-boost|p1a: Pikachu|spa|1\n|\n|upkeep\n|turn|3\n|\n|t:|1700287462\n|switch|p2a: Slowking|Slowking-Galar, M, shiny|100\/100\n|move|p1a: Pikachu|Iron Tail|p2a: Slowking|[miss]\n|-miss|p1a: Pikachu|p2a: Slowking\n|\n|upkeep\n|turn|4\n|\n|t:|1700287467\n|switch|p2a: Zapdos|Zapdos|100\/100\n|move|p1a: Pikachu|Iron Tail|p2a: Zapdos|[miss]\n|-miss|p1a: Pikachu|p2a: Zapdos\n|\n|upkeep\n|turn|5\n|c|\u2606mtyqjltz6|\u2026\u2026\n|\n|t:|1700287480\n|move|p1a: Pikachu|Iron Tail|p2a: Zapdos|[miss]\n|-miss|p1a: Pikachu|p2a: Zapdos\n|move|p2a: Zapdos|Hurricane|p1a: Pikachu|[miss]\n|-miss|p2a: Zapdos|p1a: Pikachu\n|\n|upkeep\n|turn|6\n|c|\u2606BrotherBlazin|i am fucking begging to hit one move lmao\n|c|\u2606BrotherBlazin|BRUHHHH\n|c|\u2606mtyqjltz6|dont use this move again\uff0chh\n|inactive|mtyqjltz6 has 120 seconds left.\n|\n|t:|1700287512\n|move|p1a: Pikachu|Play Rough|p2a: Zapdos\n|-crit|p2a: Zapdos\n|-damage|p2a: Zapdos|64\/100\n|-unboost|p2a: Zapdos|atk|1\n|move|p2a: Zapdos|Hurricane|p1a: Pikachu\n|-resisted|p1a: Pikachu\n|-damage|p1a: Pikachu|35\/100\n|-start|p1a: Pikachu|confusion\n|\n|upkeep\n|turn|7\n|\n|t:|1700287526\n|switch|p1a: Tortera but fire|Torkoal, F|100\/100\n|-weather|SunnyDay|[from] ability: Drought|[of] p1a: Tortera but fire\n|move|p2a: Zapdos|Roost|p2a: Zapdos\n|-heal|p2a: Zapdos|100\/100\n|-singleturn|p2a: Zapdos|move: Roost\n|\n|-weather|SunnyDay|[upkeep]\n|upkeep\n|turn|8\n|\n|t:|1700287532\n|move|p2a: Zapdos|Volt Switch|p1a: Tortera but fire\n|-damage|p1a: Tortera but fire|64\/100\n|\n|t:|1700287539\n|switch|p2a: Diancie|Diancie, shiny|100\/100|[from] Volt Switch\n|move|p1a: Tortera but fire|Stealth Rock|p2a: Diancie\n|-sidestart|p2: mtyqjltz6|move: Stealth Rock\n|\n|-weather|SunnyDay|[upkeep]\n|upkeep\n|turn|9\n|\n|t:|1700287558\n|switch|p1a: ChristmasTree Tail|Sceptile, M|100\/100\n|detailschange|p2a: Diancie|Diancie-Mega, shiny\n|-mega|p2a: Diancie|Diancie|Diancite\n|move|p2a: Diancie|Diamond Storm|p1a: ChristmasTree Tail\n|-damage|p1a: ChristmasTree Tail|14\/100\n|-boost|p2a: Diancie|def|2\n|-enditem|p1a: ChristmasTree Tail|Sitrus Berry|[eat]\n|-heal|p1a: ChristmasTree Tail|39\/100|[from] item: Sitrus Berry\n|\n|-weather|SunnyDay|[upkeep]\n|upkeep\n|turn|10\n|\n|t:|1700287582\n|move|p1a: ChristmasTree Tail|Solar Beam||[still]\n|-prepare|p1a: ChristmasTree Tail|Solar Beam\n|-anim|p1a: ChristmasTree Tail|Solar Beam|p2a: Diancie\n|-supereffective|p2a: Diancie\n|-damage|p2a: Diancie|0 fnt\n|faint|p2a: Diancie\n|\n|-weather|SunnyDay|[upkeep]\n|upkeep\n|inactive|mtyqjltz6 has 120 seconds left.\n|\n|t:|1700287620\n|switch|p2a: Raticate|Raticate, M|100\/100\n|-damage|p2a: Raticate|88\/100|[from] Stealth Rock\n|turn|11\n|\n|t:|1700287630\n|move|p2a: Raticate|Sucker Punch||[still]\n|-fail|p2a: Raticate\n|move|p1a: ChristmasTree Tail|Synthesis|p1a: ChristmasTree Tail\n|-heal|p1a: ChristmasTree Tail|100\/100\n|\n|-weather|SunnyDay|[upkeep]\n|-status|p2a: Raticate|brn|[from] item: Flame Orb\n|upkeep\n|turn|12\n|\n|t:|1700287639\n|switch|p2a: Slowking|Slowking-Galar, M, shiny|100\/100\n|move|p1a: ChristmasTree Tail|Leech Seed|p2a: Slowking\n|-start|p2a: Slowking|move: Leech Seed\n|\n|-weather|SunnyDay|[upkeep]\n|-damage|p2a: Slowking|88\/100|[from] Leech Seed|[of] p1a: ChristmasTree Tail\n|upkeep\n|turn|13\n|\n|t:|1700287648\n|move|p1a: ChristmasTree Tail|Dragon Pulse|p2a: Slowking\n|-crit|p2a: Slowking\n|-damage|p2a: Slowking|64\/100\n|move|p2a: Slowking|Thunder Wave|p1a: ChristmasTree Tail\n|-status|p1a: ChristmasTree Tail|par\n|\n|-weather|SunnyDay|[upkeep]\n|-damage|p2a: Slowking|51\/100|[from] Leech Seed|[of] p1a: ChristmasTree Tail\n|upkeep\n|turn|14\n|\n|t:|1700287653\n|move|p1a: ChristmasTree Tail|Dragon Pulse|p2a: Slowking\n|-damage|p2a: Slowking|37\/100\n|move|p2a: Slowking|Chilly Reception|p2a: Slowking\n|-weather|Snow\n|inactive|mtyqjltz6 has 120 seconds left.\n|\n|t:|1700287671\n|switch|p2a: Blacephalon|Blacephalon|100\/100|[from] Chilly Reception\n|-damage|p2a: Blacephalon|76\/100|[from] Stealth Rock\n|\n|-weather|Snow|[upkeep]\n|upkeep\n|turn|15\n|\n|t:|1700287679\n|move|p2a: Blacephalon|Flamethrower|p1a: ChristmasTree Tail\n|-supereffective|p1a: ChristmasTree Tail\n|-damage|p1a: ChristmasTree Tail|0 fnt\n|faint|p1a: ChristmasTree Tail\n|-ability|p2a: Blacephalon|Beast Boost|boost\n|-boost|p2a: Blacephalon|spa|1\n|\n|-weather|Snow|[upkeep]\n|upkeep\n|\n|t:|1700287685\n|switch|p1a: do do do dododo do|Crawdaunt, F, tera:Water|100\/100\n|turn|16\n|inactive|mtyqjltz6 has 120 seconds left.\n|\n|t:|1700287710\n|switch|p2a: Rillaboom|Rillaboom, M|100\/100\n|-damage|p2a: Rillaboom|88\/100|[from] Stealth Rock\n|-fieldstart|move: Grassy Terrain|[from] ability: Grassy Surge|[of] p2a: Rillaboom\n|move|p1a: do do do dododo do|Aqua Jet|p2a: Rillaboom\n|-resisted|p2a: Rillaboom\n|-damage|p2a: Rillaboom|63\/100\n|-damage|p1a: do do do dododo do|90\/100|[from] item: Life Orb\n|\n|-weather|Snow|[upkeep]\n|-heal|p2a: Rillaboom|69\/100|[from] Grassy Terrain\n|-heal|p1a: do do do dododo do|97\/100|[from] Grassy Terrain\n|upkeep\n|turn|17\n|\n|t:|1700287730\n|switch|p1a: hehe monkey pt2|Ambipom, F|100\/100\n|move|p2a: Rillaboom|Knock Off|p1a: hehe monkey pt2\n|-damage|p1a: hehe monkey pt2|16\/100\n|-enditem|p1a: hehe monkey pt2|Silk Scarf|[from] move: Knock Off|[of] p2a: Rillaboom\n|\n|-weather|Snow|[upkeep]\n|-heal|p1a: hehe monkey pt2|22\/100|[from] Grassy Terrain\n|-heal|p2a: Rillaboom|75\/100|[from] Grassy Terrain\n|upkeep\n|turn|18\n|\n|t:|1700287741\n|switch|p2a: Zapdos|Zapdos|100\/100\n|move|p1a: hehe monkey pt2|Fake Out|p2a: Zapdos\n|-damage|p2a: Zapdos|82\/100\n|-status|p1a: hehe monkey pt2|par|[from] ability: Static|[of] p2a: Zapdos\n|\n|-weather|none\n|-heal|p1a: hehe monkey pt2|28\/100 par|[from] Grassy Terrain\n|upkeep\n|turn|19\n|\n|t:|1700287752\n|switch|p1a: Pikachu|Pikachu, F|35\/100\n|move|p2a: Zapdos|Defog|p1a: Pikachu\n|-unboost|p1a: Pikachu|evasion|1\n|-sideend|p2: mtyqjltz6|Stealth Rock|[from] move: Defog|[of] p2a: Zapdos\n|-fieldend|move: Grassy Terrain\n|\n|upkeep\n|turn|20\n|\n|t:|1700287762\n|move|p1a: Pikachu|Extreme Speed|p2a: Zapdos\n|-damage|p2a: Zapdos|58\/100\n|move|p2a: Zapdos|Roost|p2a: Zapdos\n|-heal|p2a: Zapdos|100\/100\n|-singleturn|p2a: Zapdos|move: Roost\n|\n|upkeep\n|turn|21\n|\n|t:|1700287768\n|move|p1a: Pikachu|Extreme Speed|p2a: Zapdos\n|-damage|p2a: Zapdos|77\/100\n|move|p2a: Zapdos|Hurricane|p1a: Pikachu\n|-resisted|p1a: Pikachu\n|-damage|p1a: Pikachu|0 fnt\n|faint|p1a: Pikachu\n|\n|upkeep\n|\n|t:|1700287773\n|switch|p1a: Tortera but fire|Torkoal, F|64\/100\n|-weather|SunnyDay|[from] ability: Drought|[of] p1a: Tortera but fire\n|turn|22\n|\n|t:|1700287779\n|move|p2a: Zapdos|Volt Switch|p1a: Tortera but fire\n|-damage|p1a: Tortera but fire|24\/100\n|\n|t:|1700287792\n|switch|p2a: Blacephalon|Blacephalon|76\/100|[from] Volt Switch\n|move|p1a: Tortera but fire|Toxic|p2a: Blacephalon\n|-status|p2a: Blacephalon|tox\n|\n|-weather|SunnyDay|[upkeep]\n|-damage|p2a: Blacephalon|70\/100 tox|[from] psn\n|upkeep\n|turn|23\n|\n|t:|1700287803\n|move|p2a: Blacephalon|Psyshock|p1a: Tortera but fire\n|-damage|p1a: Tortera but fire|8\/100\n|move|p1a: Tortera but fire|Stealth Rock|p2a: Blacephalon\n|-sidestart|p2: mtyqjltz6|move: Stealth Rock\n|\n|-weather|SunnyDay|[upkeep]\n|-damage|p2a: Blacephalon|58\/100 tox|[from] psn\n|upkeep\n|turn|24\n|\n|t:|1700287808\n|move|p2a: Blacephalon|Psyshock|p1a: Tortera but fire\n|-damage|p1a: Tortera but fire|0 fnt\n|faint|p1a: Tortera but fire\n|-ability|p2a: Blacephalon|Beast Boost|boost\n|-boost|p2a: Blacephalon|spa|1\n|\n|-weather|SunnyDay|[upkeep]\n|-damage|p2a: Blacephalon|39\/100 tox|[from] psn\n|upkeep\n|\n|t:|1700287819\n|switch|p1a: Bird go AAAAAAA|Swellow, M|100\/100\n|turn|25\n|\n|t:|1700287832\n|move|p1a: Bird go AAAAAAA|Boomburst|p2a: Blacephalon\n|-damage|p2a: Blacephalon|0 fnt\n|faint|p2a: Blacephalon\n|\n|-weather|SunnyDay|[upkeep]\n|upkeep\n|\n|t:|1700287844\n|switch|p2a: Slowking|Slowking-Galar, M, shiny|70\/100\n|turn|26\n|\n|t:|1700287858\n|move|p1a: Bird go AAAAAAA|Boomburst|p2a: Slowking\n|-damage|p2a: Slowking|40\/100\n|move|p2a: Slowking|Future Sight|p1a: Bird go AAAAAAA\n|-start|p2a: Slowking|move: Future Sight\n|\n|-weather|SunnyDay|[upkeep]\n|upkeep\n|turn|27\n|\n|t:|1700287866\n|move|p1a: Bird go AAAAAAA|Boomburst|p2a: Slowking\n|-damage|p2a: Slowking|8\/100\n|move|p2a: Slowking|Chilly Reception|p2a: Slowking\n|-weather|Snow\n|\n|t:|1700287875\n|switch|p2a: Rillaboom|Rillaboom, M|75\/100|[from] Chilly Reception\n|-damage|p2a: Rillaboom|63\/100|[from] Stealth Rock\n|-fieldstart|move: Grassy Terrain|[from] ability: Grassy Surge|[of] p2a: Rillaboom\n|\n|-weather|Snow|[upkeep]\n|-heal|p2a: Rillaboom|69\/100|[from] Grassy Terrain\n|upkeep\n|turn|28\n|\n|t:|1700287891\n|switch|p2a: Slowking|Slowking-Galar, M, shiny|41\/100\n|move|p1a: Bird go AAAAAAA|Boomburst|p2a: Slowking\n|-damage|p2a: Slowking|11\/100\n|\n|-weather|Snow|[upkeep]\n|-end|p1a: Bird go AAAAAAA|move: Future Sight\n|-damage|p1a: Bird go AAAAAAA|0 fnt\n|faint|p1a: Bird go AAAAAAA\n|-heal|p2a: Slowking|17\/100|[from] Grassy Terrain\n|upkeep\n|\n|t:|1700287899\n|switch|p1a: hehe monkey pt2|Ambipom, F|28\/100 par\n|turn|29\n|\n|t:|1700287904\n|move|p1a: hehe monkey pt2|Fake Out|p2a: Slowking\n|-damage|p2a: Slowking|0 fnt\n|faint|p2a: Slowking\n|\n|-weather|Snow|[upkeep]\n|-heal|p1a: hehe monkey pt2|35\/100 par|[from] Grassy Terrain\n|upkeep\n|\n|t:|1700287907\n|switch|p2a: Rillaboom|Rillaboom, M|69\/100\n|-damage|p2a: Rillaboom|57\/100|[from] Stealth Rock\n|turn|30\n|\n|t:|1700287914\n|move|p2a: Rillaboom|Grassy Glide|p1a: hehe monkey pt2\n|-damage|p1a: hehe monkey pt2|0 fnt\n|faint|p1a: hehe monkey pt2\n|\n|-weather|Snow|[upkeep]\n|-heal|p2a: Rillaboom|63\/100|[from] Grassy Terrain\n|upkeep\n|\n|t:|1700287916\n|switch|p1a: do do do dododo do|Crawdaunt, F, tera:Water|97\/100\n|turn|31\n|\n|t:|1700287918\n|move|p2a: Rillaboom|Grassy Glide|p1a: do do do dododo do\n|-supereffective|p1a: do do do dododo do\n|-damage|p1a: do do do dododo do|0 fnt\n|faint|p1a: do do do dododo do\n|\n|win|mtyqjltz6\n|raw|BrotherBlazin's rating: 1089 &rarr; <strong>1068<\/strong><br \/>(-21 for losing)\n|raw|mtyqjltz6's rating: 1117 &rarr; <strong>1140<\/strong><br \/>(+23 for winning)\n|l|\u2606BrotherBlazin\n","uploadtime":1700287929,"views":6,"p1id":"brotherblazin","p2id":"mtyqjltz6","formatid":"gen9nationaldex","rating":1068,"private":0,"password":""}