{"id":"gen9nationaldex-1994753204","p1":"Alan Folder","p2":"RUMYMOME","format":"[Gen 9] National Dex","log":"|j|\u2606Alan Folder\n|j|\u2606RUMYMOME\n|inactive|Battle timer is ON: inactive players will automatically lose when time's up.\n|t:|1700489277\n|gametype|singles\n|player|p1|Alan Folder|2|\n|player|p2|RUMYMOME|marshal|\n|teamsize|p1|6\n|teamsize|p2|6\n|gen|9\n|tier|[Gen 9] National Dex\n|rated|Tournament battle\n|rule|HP Percentage Mod: HP is shown in percentages\n|rule|Endless Battle Clause: Forcing endless battles is banned\n|rule|OHKO Clause: OHKO moves are banned\n|rule|Evasion Clause: Evasion abilities, items, and moves are banned\n|rule|Evasion Abilities Clause: Evasion abilities are banned\n|rule|Evasion Items Clause: Evasion items are banned\n|rule|Evasion Moves Clause: Evasion moves are banned\n|rule|Species Clause: Limit one of each Pok\u00e9mon\n|rule|Sleep Clause Mod: Limit one foe put to sleep\n|rule|No Switching: All Pok\u00e9mon are trapped\n|clearpoke\n|poke|p1|Cresselia, F|\n|poke|p1|Skarmory, F|\n|poke|p1|Toxapex, F|\n|poke|p1|Garganacl, M|\n|poke|p1|Gliscor, F|\n|poke|p1|Lopunny, F|\n|poke|p2|Tapu Koko|\n|poke|p2|Dragonite, M|\n|poke|p2|Polteageist|\n|poke|p2|Indeedee, M|\n|poke|p2|Gyarados, F|\n|poke|p2|Smeargle, M|\n|teampreview\n|j|*Lady Monita \u2746\n|inactive|Alan Folder also wants the timer to be on.\n|inactive|Alan Folder has 120 seconds left.\n|\n|t:|1700489311\n|start\n|switch|p1a: Garganacl|Garganacl, M|100\/100\n|switch|p2a: Smeargle|Smeargle, M|100\/100\n|turn|1\n|\n|t:|1700489321\n|move|p2a: Smeargle|Trick|p1a: Garganacl\n|-activate|p2a: Smeargle|move: Trick|[of] p1a: Garganacl\n|-item|p1a: Garganacl|Choice Scarf|[from] move: Trick\n|-item|p2a: Smeargle|Leftovers|[from] move: Trick\n|move|p1a: Garganacl|Curse|p1a: Garganacl\n|-unboost|p1a: Garganacl|spe|1\n|-boost|p1a: Garganacl|atk|1\n|-boost|p1a: Garganacl|def|1\n|\n|upkeep\n|turn|2\n|\n|t:|1700489331\n|move|p2a: Smeargle|Stealth Rock|p1a: Garganacl\n|-sidestart|p1: Alan Folder|move: Stealth Rock\n|move|p1a: Garganacl|Curse|p1a: Garganacl\n|-unboost|p1a: Garganacl|spe|1\n|-boost|p1a: Garganacl|atk|1\n|-boost|p1a: Garganacl|def|1\n|\n|upkeep\n|turn|3\n|j| Cupcake Collector\n|l| Cupcake Collector\n|\n|t:|1700489345\n|move|p2a: Smeargle|Memento|p1a: Garganacl\n|-unboost|p1a: Garganacl|atk|2\n|-unboost|p1a: Garganacl|spa|2\n|faint|p2a: Smeargle\n|move|p1a: Garganacl|Curse|p1a: Garganacl\n|-unboost|p1a: Garganacl|spe|1\n|-boost|p1a: Garganacl|atk|1\n|-boost|p1a: Garganacl|def|1\n|\n|upkeep\n|\n|t:|1700489361\n|switch|p2a: Polteageist|Polteageist|100\/100\n|turn|4\n|\n|t:|1700489370\n|move|p2a: Polteageist|Shell Smash|p2a: Polteageist\n|-unboost|p2a: Polteageist|def|1\n|-unboost|p2a: Polteageist|spd|1\n|-boost|p2a: Polteageist|atk|2\n|-boost|p2a: Polteageist|spa|2\n|-boost|p2a: Polteageist|spe|2\n|move|p1a: Garganacl|Curse|p1a: Garganacl\n|-unboost|p1a: Garganacl|spe|1\n|-boost|p1a: Garganacl|atk|1\n|-boost|p1a: Garganacl|def|1\n|\n|upkeep\n|turn|5\n|\n|t:|1700489374\n|move|p2a: Polteageist|Shell Smash|p2a: Polteageist\n|-unboost|p2a: Polteageist|def|1\n|-unboost|p2a: Polteageist|spd|1\n|-boost|p2a: Polteageist|atk|2\n|-boost|p2a: Polteageist|spa|2\n|-boost|p2a: Polteageist|spe|2\n|move|p1a: Garganacl|Curse|p1a: Garganacl\n|-unboost|p1a: Garganacl|spe|1\n|-boost|p1a: Garganacl|atk|1\n|-boost|p1a: Garganacl|def|1\n|\n|upkeep\n|turn|6\n|\n|t:|1700489377\n|move|p2a: Polteageist|Shell Smash|p2a: Polteageist\n|-unboost|p2a: Polteageist|def|1\n|-unboost|p2a: Polteageist|spd|1\n|-boost|p2a: Polteageist|atk|2\n|-boost|p2a: Polteageist|spa|2\n|-boost|p2a: Polteageist|spe|2\n|move|p1a: Garganacl|Curse|p1a: Garganacl\n|-unboost|p1a: Garganacl|spe|1\n|-boost|p1a: Garganacl|atk|1\n|-boost|p1a: Garganacl|def|1\n|\n|upkeep\n|turn|7\n|c|\u2606Alan Folder|this sounds like a gg\n|c|\u2606Alan Folder|gg\n|\n|t:|1700489389\n|move|p2a: Polteageist|Stored Power|p1a: Garganacl\n|-damage|p1a: Garganacl|0 fnt\n|faint|p1a: Garganacl\n|\n|upkeep\n|\n|t:|1700489394\n|switch|p1a: Skarmory|Skarmory, F|100\/100\n|-damage|p1a: Skarmory|88\/100|[from] Stealth Rock\n|turn|8\n|\n|t:|1700489398\n|move|p2a: Polteageist|Shadow Ball|p1a: Skarmory\n|-damage|p1a: Skarmory|0 fnt\n|faint|p1a: Skarmory\n|\n|upkeep\n|\n|t:|1700489400\n|switch|p1a: Lopunny|Lopunny, F|100\/100\n|-damage|p1a: Lopunny|88\/100|[from] Stealth Rock\n|turn|9\n|\n|t:|1700489408\n|detailschange|p1a: Lopunny|Lopunny-Mega, F\n|-mega|p1a: Lopunny|Lopunny|Lopunnite\n|move|p1a: Lopunny|Fake Out|p2a: Polteageist\n|-enditem|p2a: Polteageist|Focus Sash\n|-damage|p2a: Polteageist|1\/100\n|-ability|p2a: Polteageist|Weak Armor|boost\n|-unboost|p2a: Polteageist|def|1\n|cant|p2a: Polteageist|flinch\n|\n|upkeep\n|turn|10\n|\n|t:|1700489413\n|move|p1a: Lopunny|Quick Attack|p2a: Polteageist\n|-damage|p2a: Polteageist|0 fnt\n|faint|p2a: Polteageist\n|\n|upkeep\n|inactive|RUMYMOME has 120 seconds left.\n|\n|t:|1700489444\n|switch|p2a: Dragonite|Dragonite, M|100\/100\n|turn|11\n|\n|t:|1700489451\n|move|p1a: Lopunny|Return|p2a: Dragonite\n|-damage|p2a: Dragonite|71\/100\n|move|p2a: Dragonite|Dragon Dance|p2a: Dragonite\n|-boost|p2a: Dragonite|atk|1\n|-boost|p2a: Dragonite|spe|1\n|\n|upkeep\n|turn|12\n|\n|t:|1700489471\n|-terastallize|p2a: Dragonite|Normal\n|move|p2a: Dragonite|Extreme Speed|p1a: Lopunny\n|-damage|p1a: Lopunny|0 fnt\n|faint|p1a: Lopunny\n|\n|upkeep\n|\n|t:|1700489478\n|switch|p1a: Toxapex|Toxapex, F|100\/100\n|turn|13\n|\n|t:|1700489482\n|move|p2a: Dragonite|Earthquake|p1a: Toxapex\n|-supereffective|p1a: Toxapex\n|-damage|p1a: Toxapex|40\/100\n|move|p1a: Toxapex|Haze|p1a: Toxapex\n|-clearallboost\n|\n|upkeep\n|turn|14\n|\n|t:|1700489489\n|move|p2a: Dragonite|Earthquake|p1a: Toxapex\n|-supereffective|p1a: Toxapex\n|-damage|p1a: Toxapex|0 fnt\n|faint|p1a: Toxapex\n|\n|upkeep\n|\n|t:|1700489493\n|switch|p1a: Cresselia|Cresselia, F|100\/100\n|-damage|p1a: Cresselia|88\/100|[from] Stealth Rock\n|turn|15\n|\n|t:|1700489496\n|move|p1a: Cresselia|Calm Mind|p1a: Cresselia\n|-boost|p1a: Cresselia|spa|1\n|-boost|p1a: Cresselia|spd|1\n|move|p2a: Dragonite|Dragon Dance|p2a: Dragonite\n|-boost|p2a: Dragonite|atk|1\n|-boost|p2a: Dragonite|spe|1\n|\n|upkeep\n|turn|16\n|\n|t:|1700489501\n|move|p2a: Dragonite|Extreme Speed|p1a: Cresselia\n|-damage|p1a: Cresselia|44\/100\n|move|p1a: Cresselia|Calm Mind|p1a: Cresselia\n|-boost|p1a: Cresselia|spa|1\n|-boost|p1a: Cresselia|spd|1\n|\n|upkeep\n|turn|17\n|\n|t:|1700489505\n|move|p2a: Dragonite|Extreme Speed|p1a: Cresselia\n|-damage|p1a: Cresselia|2\/100\n|move|p1a: Cresselia|Hidden Power|p2a: Dragonite\n|-supereffective|p2a: Dragonite\n|-damage|p2a: Dragonite|26\/100\n|-enditem|p2a: Dragonite|Weakness Policy\n|-boost|p2a: Dragonite|atk|2|[from] item: Weakness Policy\n|-boost|p2a: Dragonite|spa|2|[from] item: Weakness Policy\n|\n|upkeep\n|turn|18\n|\n|t:|1700489509\n|move|p2a: Dragonite|Extreme Speed|p1a: Cresselia\n|-damage|p1a: Cresselia|0 fnt\n|faint|p1a: Cresselia\n|\n|upkeep\n|\n|t:|1700489515\n|switch|p1a: Gliscor|Gliscor, F|100\/100\n|-damage|p1a: Gliscor|88\/100|[from] Stealth Rock\n|turn|19\n|\n|t:|1700489518\n|move|p2a: Dragonite|Extreme Speed|p1a: Gliscor\n|-damage|p1a: Gliscor|2\/100\n|move|p1a: Gliscor|Earthquake|p2a: Dragonite\n|-damage|p2a: Dragonite|0 fnt\n|faint|p2a: Dragonite\n|\n|-status|p1a: Gliscor|tox|[from] item: Toxic Orb\n|upkeep\n|\n|t:|1700489530\n|switch|p2a: Gyarados|Gyarados, F|100\/100\n|turn|20\n|\n|t:|1700489542\n|move|p1a: Gliscor|Knock Off|p2a: Gyarados\n|-damage|p2a: Gyarados|81\/100\n|move|p2a: Gyarados|Dragon Dance|p2a: Gyarados\n|-boost|p2a: Gyarados|atk|1\n|-boost|p2a: Gyarados|spe|1\n|\n|-heal|p1a: Gliscor|14\/100 tox|[from] ability: Poison Heal\n|upkeep\n|turn|21\n|\n|t:|1700489544\n|move|p2a: Gyarados|Waterfall|p1a: Gliscor\n|-supereffective|p1a: Gliscor\n|-damage|p1a: Gliscor|0 fnt\n|faint|p1a: Gliscor\n|\n|win|RUMYMOME\n|n|\u2606Alan Folder|alanfolder\n|n|\u2606RUMYMOME|rumymome\n|n|*Lady Monita \u2746|ladymonita\n","uploadtime":1700489545,"views":2,"p1id":"alanfolder","p2id":"rumymome","formatid":"gen9nationaldex","rating":0,"private":0,"password":""}