{"id":"gen9nationaldex-1988340449","p1":"miebaso11","p2":"reyanthefish","format":"[Gen 9] National Dex","log":"|j|\u2606miebaso11\n|j|\u2606reyanthefish\n|t:|1699711036\n|gametype|singles\n|player|p1|miebaso11|hilda-wonderlauncher|1047\n|player|p2|reyanthefish|cynthia-gen4|1037\n|teamsize|p1|3\n|teamsize|p2|6\n|gen|9\n|tier|[Gen 9] National Dex\n|rated|\n|rule|HP Percentage Mod: HP is shown in percentages\n|rule|Endless Battle Clause: Forcing endless battles is banned\n|rule|OHKO Clause: OHKO moves are banned\n|rule|Evasion Clause: Evasion abilities, items, and moves are banned\n|rule|Evasion Abilities Clause: Evasion abilities are banned\n|rule|Evasion Items Clause: Evasion items are banned\n|rule|Evasion Moves Clause: Evasion moves are banned\n|rule|Species Clause: Limit one of each Pok\u00e9mon\n|rule|Sleep Clause Mod: Limit one foe put to sleep\n|clearpoke\n|poke|p1|Aggron, M|\n|poke|p1|Zeraora|\n|poke|p1|Celesteela|\n|poke|p2|Pikachu-Alola, M|\n|poke|p2|Xurkitree|\n|poke|p2|Moltres-Galar|\n|poke|p2|Serperior, M|\n|poke|p2|Greninja-*, M|\n|poke|p2|Lopunny, M|\n|teampreview\n|inactive|Battle timer is ON: inactive players will automatically lose when time's up. (requested by miebaso11)\n|\n|t:|1699711056\n|start\n|switch|p1a: Celesteela|Celesteela|100\/100\n|switch|p2a: Pikachu|Pikachu-Alola, M|100\/100\n|turn|1\n|\n|t:|1699711064\n|-terastallize|p1a: Celesteela|Electric\n|move|p2a: Pikachu|Substitute|p2a: Pikachu\n|-start|p2a: Pikachu|Substitute\n|-damage|p2a: Pikachu|76\/100\n|move|p1a: Celesteela|Autotomize|p1a: Celesteela\n|-boost|p1a: Celesteela|spe|2\n|-start|p1a: Celesteela|Autotomize\n|\n|upkeep\n|turn|2\n|\n|t:|1699711075\n|move|p1a: Celesteela|Meteor Beam||[still]\n|-prepare|p1a: Celesteela|Meteor Beam\n|-boost|p1a: Celesteela|spa|1\n|-enditem|p1a: Celesteela|Power Herb\n|-anim|p1a: Celesteela|Meteor Beam|p2a: Pikachu\n|-end|p2a: Pikachu|Substitute\n|move|p2a: Pikachu|Grass Knot|p1a: Celesteela\n|-damage|p1a: Celesteela|52\/100\n|\n|upkeep\n|turn|3\n|\n|t:|1699711098\n|move|p1a: Celesteela|Flash Cannon|p2a: Pikachu\n|-resisted|p2a: Pikachu\n|-damage|p2a: Pikachu|0 fnt\n|faint|p2a: Pikachu\n|-ability|p1a: Celesteela|Beast Boost|boost\n|-boost|p1a: Celesteela|spa|1\n|\n|upkeep\n|\n|t:|1699711104\n|switch|p2a: Moltres-Kanto|Moltres-Galar, shiny|100\/100\n|turn|4\n|\n|t:|1699711116\n|move|p1a: Celesteela|Flash Cannon|p2a: Moltres-Kanto\n|-damage|p2a: Moltres-Kanto|41\/100\n|-ability|p2a: Moltres-Kanto|Berserk|boost\n|-boost|p2a: Moltres-Kanto|spa|1\n|move|p2a: Moltres-Kanto|Air Slash|p1a: Celesteela\n|-resisted|p1a: Celesteela\n|-damage|p1a: Celesteela|14\/100\n|-damage|p2a: Moltres-Kanto|31\/100|[from] item: Life Orb\n|\n|upkeep\n|turn|5\n|\n|t:|1699711130\n|-terastallize|p2a: Moltres-Kanto|Dark\n|move|p1a: Celesteela|Flash Cannon|p2a: Moltres-Kanto\n|-damage|p2a: Moltres-Kanto|0 fnt\n|faint|p2a: Moltres-Kanto\n|-ability|p1a: Celesteela|Beast Boost|boost\n|-boost|p1a: Celesteela|spa|1\n|\n|upkeep\n|\n|t:|1699711137\n|switch|p2a: Serperior|Serperior, M|100\/100\n|turn|6\n|\n|t:|1699711143\n|move|p1a: Celesteela|Flash Cannon|p2a: Serperior\n|-damage|p2a: Serperior|0 fnt\n|faint|p2a: Serperior\n|-ability|p1a: Celesteela|Beast Boost|boost\n|-boost|p1a: Celesteela|spa|1\n|\n|upkeep\n|\n|t:|1699711151\n|switch|p2a: Lopunny|Lopunny, M|100\/100\n|turn|7\n|\n|t:|1699711158\n|detailschange|p2a: Lopunny|Lopunny-Mega, M\n|-mega|p2a: Lopunny|Lopunny|Lopunnite\n|move|p1a: Celesteela|Flash Cannon|p2a: Lopunny\n|-damage|p2a: Lopunny|0 fnt\n|faint|p2a: Lopunny\n|-ability|p1a: Celesteela|Beast Boost|boost\n|-boost|p1a: Celesteela|spa|1\n|\n|upkeep\n|\n|t:|1699711186\n|switch|p2a: Xurkitree|Xurkitree|100\/100\n|turn|8\n|inactive|reyanthefish has 120 seconds left.\n|\n|t:|1699711225\n|move|p1a: Celesteela|Flash Cannon|p2a: Xurkitree\n|-resisted|p2a: Xurkitree\n|-damage|p2a: Xurkitree|13\/100\n|-zpower|p2a: Xurkitree\n|move|p2a: Xurkitree|Z-Hypnosis|p1a: Celesteela|[anim]Hypnosis\n|-boost|p2a: Xurkitree|spe|1|[zeffect]\n|-status|p1a: Celesteela|slp|[from] move: Hypnosis\n|\n|upkeep\n|turn|9\n|\n|t:|1699711236\n|cant|p1a: Celesteela|slp\n|move|p2a: Xurkitree|Tail Glow|p2a: Xurkitree\n|-boost|p2a: Xurkitree|spa|3\n|\n|upkeep\n|turn|10\n|\n|t:|1699711241\n|cant|p1a: Celesteela|slp\n|move|p2a: Xurkitree|Energy Ball|p1a: Celesteela\n|-damage|p1a: Celesteela|0 fnt\n|faint|p1a: Celesteela\n|-ability|p2a: Xurkitree|Beast Boost|boost\n|-boost|p2a: Xurkitree|spa|1\n|\n|upkeep\n|\n|t:|1699711248\n|switch|p1a: Zeraora|Zeraora|100\/100\n|turn|11\n|\n|t:|1699711254\n|move|p1a: Zeraora|Fake Out|p2a: Xurkitree\n|-damage|p2a: Xurkitree|0 fnt\n|faint|p2a: Xurkitree\n|\n|upkeep\n|\n|t:|1699711257\n|switch|p2a: Greninja|Greninja, M|100\/100\n|turn|12\n|\n|t:|1699711266\n|move|p1a: Zeraora|Plasma Fists|p2a: Greninja\n|-supereffective|p2a: Greninja\n|-damage|p2a: Greninja|0 fnt\n|-fieldactivate|move: Ion Deluge\n|-hint|Normal-type moves become Electric-type after using Plasma Fists.\n|faint|p2a: Greninja\n|\n|win|miebaso11\n|raw|miebaso11's rating: 1047 &rarr; <strong>1079<\/strong><br \/>(+32 for winning)\n|raw|reyanthefish's rating: 1037 &rarr; <strong>1022<\/strong><br \/>(-15 for losing)\n","uploadtime":1699711274,"views":4,"p1id":"miebaso11","p2id":"reyanthefish","formatid":"gen9nationaldex","rating":1022,"private":0,"password":""}