{"id":"gen9nationaldex-1993413944","p1":"kaminuo","p2":"Wehoo12000","format":"[Gen 9] National Dex","log":"|j|\u2606kaminuo\n|j|\u2606Wehoo12000\n|t:|1700314646\n|gametype|singles\n|player|p1|kaminuo|elesa|1187\n|player|p2|Wehoo12000|pokemaniac|1216\n|teamsize|p1|6\n|teamsize|p2|6\n|gen|9\n|tier|[Gen 9] National Dex\n|rated|\n|rule|HP Percentage Mod: HP is shown in percentages\n|rule|Endless Battle Clause: Forcing endless battles is banned\n|rule|OHKO Clause: OHKO moves are banned\n|rule|Evasion Clause: Evasion abilities, items, and moves are banned\n|rule|Evasion Abilities Clause: Evasion abilities are banned\n|rule|Evasion Items Clause: Evasion items are banned\n|rule|Evasion Moves Clause: Evasion moves are banned\n|rule|Species Clause: Limit one of each Pok\u00e9mon\n|rule|Sleep Clause Mod: Limit one foe put to sleep\n|clearpoke\n|poke|p1|Lopunny, M|\n|poke|p1|Tornadus-Therian, M|\n|poke|p1|Blaziken, F|\n|poke|p1|Great Tusk|\n|poke|p1|Gliscor, F|\n|poke|p1|Toxapex, M|\n|poke|p2|Meowscarada, F|\n|poke|p2|Porygon-Z|\n|poke|p2|Jirachi|\n|poke|p2|Great Tusk|\n|poke|p2|Diancie|\n|poke|p2|Dondozo, M|\n|teampreview\n|\n|t:|1700314651\n|start\n|switch|p1a: Great Tusk|Great Tusk|100\/100\n|switch|p2a: Pink diamond|Diancie|100\/100\n|turn|1\n|inactive|Battle timer is ON: inactive players will automatically lose when time's up. (requested by kaminuo)\n|\n|t:|1700314662\n|detailschange|p2a: Pink diamond|Diancie-Mega\n|-mega|p2a: Pink diamond|Diancie|Diancite\n|move|p2a: Pink diamond|Stealth Rock|p1a: Great Tusk\n|-sidestart|p1: kaminuo|move: Stealth Rock\n|move|p1a: Great Tusk|Headlong Rush|p2a: Pink diamond\n|-supereffective|p2a: Pink diamond\n|-damage|p2a: Pink diamond|0 fnt\n|-unboost|p1a: Great Tusk|def|1\n|-unboost|p1a: Great Tusk|spd|1\n|faint|p2a: Pink diamond\n|\n|upkeep\n|\n|t:|1700314670\n|switch|p2a: Green catulon|Meowscarada, F, shiny|100\/100\n|turn|2\n|\n|t:|1700314675\n|move|p2a: Green catulon|Flower Trick|p1a: Great Tusk\n|-start|p2a: Green catulon|typechange|Grass|[from] ability: Protean\n|-supereffective|p1a: Great Tusk\n|-crit|p1a: Great Tusk\n|-damage|p1a: Great Tusk|0 fnt\n|faint|p1a: Great Tusk\n|-end|p1a: Great Tusk|Protosynthesis|[silent]\n|-damage|p2a: Green catulon|91\/100|[from] item: Life Orb\n|\n|upkeep\n|\n|t:|1700314685\n|switch|p1a: Blaziken|Blaziken, F|100\/100\n|-damage|p1a: Blaziken|88\/100|[from] Stealth Rock\n|turn|3\n|\n|t:|1700314690\n|switch|p2a: Piss fish|Dondozo, M, shiny|100\/100\n|move|p1a: Blaziken|Swords Dance|p1a: Blaziken\n|-boost|p1a: Blaziken|atk|2\n|\n|-ability|p1a: Blaziken|Speed Boost|boost\n|-boost|p1a: Blaziken|spe|1\n|upkeep\n|turn|4\n|\n|t:|1700314700\n|move|p1a: Blaziken|Earthquake|p2a: Piss fish\n|-damage|p2a: Piss fish|82\/100\n|-damage|p1a: Blaziken|78\/100|[from] item: Life Orb\n|move|p2a: Piss fish|Curse|p2a: Piss fish\n|-unboost|p2a: Piss fish|spe|1\n|-boost|p2a: Piss fish|atk|1\n|-boost|p2a: Piss fish|def|1\n|\n|-heal|p2a: Piss fish|88\/100|[from] item: Leftovers\n|-ability|p1a: Blaziken|Speed Boost|boost\n|-boost|p1a: Blaziken|spe|1\n|upkeep\n|turn|5\n|\n|t:|1700314708\n|switch|p1a: Toxapex|Toxapex, M|100\/100\n|-damage|p1a: Toxapex|88\/100|[from] Stealth Rock\n|move|p2a: Piss fish|Wave Crash|p1a: Toxapex\n|-resisted|p1a: Toxapex\n|-damage|p1a: Toxapex|68\/100\n|-damage|p2a: Piss fish|84\/100|[from] Recoil\n|\n|-heal|p1a: Toxapex|74\/100|[from] item: Black Sludge\n|-heal|p2a: Piss fish|90\/100|[from] item: Leftovers\n|upkeep\n|turn|6\n|\n|t:|1700314714\n|switch|p2a: Stewie Griffin|Jirachi|100\/100\n|move|p1a: Toxapex|Toxic|p2a: Stewie Griffin\n|-immune|p2a: Stewie Griffin\n|\n|-heal|p1a: Toxapex|80\/100|[from] item: Black Sludge\n|upkeep\n|turn|7\n|\n|t:|1700314723\n|switch|p1a: Tornadus|Tornadus-Therian, M|100\/100\n|move|p2a: Stewie Griffin|Iron Defense|p2a: Stewie Griffin\n|-boost|p2a: Stewie Griffin|def|2\n|\n|upkeep\n|turn|8\n|\n|t:|1700314730\n|move|p1a: Tornadus|Heat Wave|p2a: Stewie Griffin\n|-supereffective|p2a: Stewie Griffin\n|-damage|p2a: Stewie Griffin|64\/100\n|-enditem|p2a: Stewie Griffin|Weakness Policy\n|-boost|p2a: Stewie Griffin|atk|2|[from] item: Weakness Policy\n|-boost|p2a: Stewie Griffin|spa|2|[from] item: Weakness Policy\n|move|p2a: Stewie Griffin|Thunder Wave|p1a: Tornadus\n|-status|p1a: Tornadus|par\n|\n|upkeep\n|turn|9\n|\n|t:|1700314741\n|move|p2a: Stewie Griffin|Ancient Power|p1a: Tornadus\n|-supereffective|p1a: Tornadus\n|-damage|p1a: Tornadus|42\/100 par\n|cant|p1a: Tornadus|par\n|\n|upkeep\n|turn|10\n|\n|t:|1700314748\n|move|p2a: Stewie Griffin|Ancient Power|p1a: Tornadus\n|-supereffective|p1a: Tornadus\n|-damage|p1a: Tornadus|0 fnt\n|-boost|p2a: Stewie Griffin|atk|1\n|-boost|p2a: Stewie Griffin|def|1\n|-boost|p2a: Stewie Griffin|spa|1\n|-boost|p2a: Stewie Griffin|spd|1\n|-boost|p2a: Stewie Griffin|spe|1\n|faint|p1a: Tornadus\n|\n|upkeep\n|\n|t:|1700314753\n|switch|p1a: Gliscor|Gliscor, F|100\/100\n|-damage|p1a: Gliscor|88\/100|[from] Stealth Rock\n|turn|11\n|\n|t:|1700314760\n|move|p1a: Gliscor|Protect|p1a: Gliscor\n|-singleturn|p1a: Gliscor|Protect\n|move|p2a: Stewie Griffin|Iron Head|p1a: Gliscor\n|-activate|p1a: Gliscor|move: Protect\n|\n|-status|p1a: Gliscor|tox|[from] item: Toxic Orb\n|upkeep\n|turn|12\n|\n|t:|1700314768\n|move|p2a: Stewie Griffin|Iron Head|p1a: Gliscor\n|-damage|p1a: Gliscor|27\/100 tox\n|cant|p1a: Gliscor|flinch\n|\n|-heal|p1a: Gliscor|40\/100 tox|[from] ability: Poison Heal\n|upkeep\n|turn|13\n|\n|t:|1700314773\n|move|p2a: Stewie Griffin|Iron Head|p1a: Gliscor\n|-damage|p1a: Gliscor|0 fnt\n|faint|p1a: Gliscor\n|\n|upkeep\n|-message|kaminuo forfeited.\n|\n|win|Wehoo12000\n|raw|kaminuo's rating: 1187 &rarr; <strong>1164<\/strong><br \/>(-23 for losing)\n|raw|Wehoo12000's rating: 1216 &rarr; <strong>1239<\/strong><br \/>(+23 for winning)\n|l|\u2606kaminuo\n|c|\u2606Wehoo12000|Let me cook\n|c|\u2606Wehoo12000|???\n","uploadtime":1700314792,"views":7,"p1id":"kaminuo","p2id":"wehoo12000","formatid":"gen9nationaldex","rating":1164,"private":0,"password":""}