{"id":"gen9nationaldex-1993917379","p1":"Gaurav Charizard x","p2":"DDDPalkiaOrigin\u5c31\u4e94\u53ea","format":"[Gen 9] National Dex","log":"|j|\u2606Gaurav Charizard x\n|j|\u2606DDDPalkiaOrigin\u5c31\u4e94\u53ea\n|t:|1700375101\n|gametype|singles\n|player|p1|Gaurav Charizard x|brycenman|1506\n|player|p2|DDDPalkiaOrigin\u5c31\u4e94\u53ea|furisodegirl-black|1465\n|teamsize|p1|6\n|teamsize|p2|5\n|gen|9\n|tier|[Gen 9] National Dex\n|rated|\n|rule|HP Percentage Mod: HP is shown in percentages\n|rule|Endless Battle Clause: Forcing endless battles is banned\n|rule|OHKO Clause: OHKO moves are banned\n|rule|Evasion Clause: Evasion abilities, items, and moves are banned\n|rule|Evasion Abilities Clause: Evasion abilities are banned\n|rule|Evasion Items Clause: Evasion items are banned\n|rule|Evasion Moves Clause: Evasion moves are banned\n|rule|Species Clause: Limit one of each Pok\u00e9mon\n|rule|Sleep Clause Mod: Limit one foe put to sleep\n|clearpoke\n|poke|p1|Kommo-o, F|\n|poke|p1|Rillaboom, M|\n|poke|p1|Porygon-Z|\n|poke|p1|Tapu Koko|\n|poke|p1|Mawile, F|\n|poke|p1|Garganacl, F|\n|poke|p2|Rillaboom, M|\n|poke|p2|Scizor, F|\n|poke|p2|Tapu Lele|\n|poke|p2|Urshifu-*, F|\n|poke|p2|Samurott-Hisui, F|\n|teampreview\n|l|\u2606DDDPalkiaOrigin\u5c31\u4e94\u53ea\n|player|p2|\n|inactive|Battle timer is ON: inactive players will automatically lose when time's up. (requested by Gaurav Charizard x)\n|j|\u2606DDDPalkiaOrigin\u5c31\u4e94\u53ea\n|inactive|DDDPalkiaOrigin\u5c31\u4e94\u53ea reconnected and has 130 seconds left.\n|player|p2|DDDPalkiaOrigin\u5c31\u4e94\u53ea|furisodegirl-black\n|\n|t:|1700375154\n|start\n|switch|p1a: Tapu Koko|Tapu Koko|100\/100\n|switch|p2a: \u5148\u5236\u90fd\u53ef\u4ee5\u5148\u5236|Tapu Lele|100\/100\n|-fieldstart|move: Electric Terrain|[from] ability: Electric Surge|[of] p1a: Tapu Koko\n|-fieldstart|move: Psychic Terrain|[from] ability: Psychic Surge|[of] p2a: \u5148\u5236\u90fd\u53ef\u4ee5\u5148\u5236\n|turn|1\n|\n|t:|1700375161\n|move|p1a: Tapu Koko|Thunderbolt|p2a: \u5148\u5236\u90fd\u53ef\u4ee5\u5148\u5236\n|-damage|p2a: \u5148\u5236\u90fd\u53ef\u4ee5\u5148\u5236|48\/100\n|-zpower|p2a: \u5148\u5236\u90fd\u53ef\u4ee5\u5148\u5236\n|move|p2a: \u5148\u5236\u90fd\u53ef\u4ee5\u5148\u5236|Shattered Psyche|p1a: Tapu Koko|[zeffect]\n|-damage|p1a: Tapu Koko|0 fnt\n|faint|p1a: Tapu Koko\n|\n|upkeep\n|\n|t:|1700375168\n|switch|p1a: Rillaboom|Rillaboom, M|100\/100\n|-fieldstart|move: Grassy Terrain|[from] ability: Grassy Surge|[of] p1a: Rillaboom\n|turn|2\n|\n|t:|1700375172\n|switch|p2a: \u8106\u7684\u4e00\u6279|Scizor, F|100\/100\n|move|p1a: Rillaboom|Swords Dance|p1a: Rillaboom\n|-boost|p1a: Rillaboom|atk|2\n|\n|upkeep\n|turn|3\n|\n|t:|1700375176\n|detailschange|p2a: \u8106\u7684\u4e00\u6279|Scizor-Mega, F\n|-mega|p2a: \u8106\u7684\u4e00\u6279|Scizor|Scizorite\n|move|p1a: Rillaboom|Superpower|p2a: \u8106\u7684\u4e00\u6279\n|-damage|p2a: \u8106\u7684\u4e00\u6279|50\/100\n|-unboost|p1a: Rillaboom|atk|1\n|-unboost|p1a: Rillaboom|def|1\n|move|p2a: \u8106\u7684\u4e00\u6279|Counter|p1a: Rillaboom\n|-damage|p1a: Rillaboom|15\/100\n|\n|-heal|p1a: Rillaboom|21\/100|[from] Grassy Terrain\n|-heal|p2a: \u8106\u7684\u4e00\u6279|56\/100|[from] Grassy Terrain\n|upkeep\n|turn|4\n|\n|t:|1700375190\n|switch|p1a: Chaccha|Kommo-o, F|100\/100\n|move|p2a: \u8106\u7684\u4e00\u6279|Roost|p2a: \u8106\u7684\u4e00\u6279\n|-heal|p2a: \u8106\u7684\u4e00\u6279|100\/100\n|-singleturn|p2a: \u8106\u7684\u4e00\u6279|move: Roost\n|\n|upkeep\n|turn|5\n|\n|t:|1700375194\n|move|p1a: Chaccha|Iron Head|p2a: \u8106\u7684\u4e00\u6279\n|-resisted|p2a: \u8106\u7684\u4e00\u6279\n|-damage|p2a: \u8106\u7684\u4e00\u6279|93\/100\n|move|p2a: \u8106\u7684\u4e00\u6279|U-turn|p1a: Chaccha\n|-resisted|p1a: Chaccha\n|-damage|p1a: Chaccha|84\/100\n|\n|t:|1700375198\n|switch|p2a: \u5148\u5236\u90fd\u53ef\u4ee5\u5148\u5236|Tapu Lele|48\/100|[from] U-turn\n|-fieldstart|move: Psychic Terrain|[from] ability: Psychic Surge|[of] p2a: \u5148\u5236\u90fd\u53ef\u4ee5\u5148\u5236\n|\n|upkeep\n|turn|6\n|\n|t:|1700375205\n|switch|p1a: Garganacl|Garganacl, F|100\/100\n|move|p2a: \u5148\u5236\u90fd\u53ef\u4ee5\u5148\u5236|Future Sight|p1a: Garganacl\n|-start|p2a: \u5148\u5236\u90fd\u53ef\u4ee5\u5148\u5236|move: Future Sight\n|\n|upkeep\n|turn|7\n|\n|t:|1700375210\n|switch|p2a: Tapu Bulu-Mega|Rillaboom, M|100\/100\n|-fieldstart|move: Grassy Terrain|[from] ability: Grassy Surge|[of] p2a: Tapu Bulu-Mega\n|move|p1a: Garganacl|Salt Cure|p2a: Tapu Bulu-Mega\n|-crit|p2a: Tapu Bulu-Mega\n|-damage|p2a: Tapu Bulu-Mega|81\/100\n|-start|p2a: Tapu Bulu-Mega|Salt Cure\n|\n|-heal|p2a: Tapu Bulu-Mega|87\/100|[from] Grassy Terrain\n|-damage|p2a: Tapu Bulu-Mega|75\/100|[from] Salt Cure\n|upkeep\n|turn|8\n|\n|t:|1700375228\n|switch|p1a: Rillaboom|Rillaboom, M|21\/100\n|move|p2a: Tapu Bulu-Mega|Wood Hammer|p1a: Rillaboom\n|-resisted|p1a: Rillaboom\n|-damage|p1a: Rillaboom|0 fnt\n|faint|p1a: Rillaboom\n|-damage|p2a: Tapu Bulu-Mega|68\/100|[from] Recoil\n|-damage|p2a: Tapu Bulu-Mega|58\/100|[from] item: Life Orb\n|\n|-hint|Future Sight did not hit because the target is fainted.\n|-heal|p2a: Tapu Bulu-Mega|64\/100|[from] Grassy Terrain\n|-damage|p2a: Tapu Bulu-Mega|52\/100|[from] Salt Cure\n|upkeep\n|\n|t:|1700375235\n|switch|p1a: Mawile|Mawile, F|100\/100\n|-ability|p1a: Mawile|Intimidate|boost\n|-unboost|p2a: Tapu Bulu-Mega|atk|1\n|turn|9\n|\n|t:|1700375239\n|switch|p2a: \u8106\u7684\u4e00\u6279|Scizor-Mega, F|93\/100\n|detailschange|p1a: Mawile|Mawile-Mega, F\n|-mega|p1a: Mawile|Mawile|Mawilite\n|move|p1a: Mawile|Play Rough|p2a: \u8106\u7684\u4e00\u6279\n|-resisted|p2a: \u8106\u7684\u4e00\u6279\n|-damage|p2a: \u8106\u7684\u4e00\u6279|67\/100\n|\n|-heal|p2a: \u8106\u7684\u4e00\u6279|73\/100|[from] Grassy Terrain\n|upkeep\n|turn|10\n|\n|t:|1700375245\n|switch|p1a: Porygon-Z|Porygon-Z|100\/100\n|move|p2a: \u8106\u7684\u4e00\u6279|U-turn|p1a: Porygon-Z\n|-damage|p1a: Porygon-Z|54\/100\n|\n|t:|1700375253\n|switch|p2a: Only five|Samurott-Hisui, F|100\/100|[from] U-turn\n|\n|-heal|p1a: Porygon-Z|60\/100|[from] Grassy Terrain\n|upkeep\n|turn|11\n|\n|t:|1700375269\n|move|p1a: Porygon-Z|Tri Attack|p2a: Only five\n|-damage|p2a: Only five|28\/100\n|move|p2a: Only five|Ceaseless Edge|p1a: Porygon-Z\n|-damage|p1a: Porygon-Z|0 fnt\n|-sidestart|p1: Gaurav Charizard x|Spikes\n|faint|p1a: Porygon-Z\n|\n|-heal|p2a: Only five|34\/100|[from] Grassy Terrain\n|-fieldend|move: Grassy Terrain\n|upkeep\n|\n|t:|1700375277\n|switch|p1a: Mawile|Mawile-Mega, F|100\/100\n|-damage|p1a: Mawile|88\/100|[from] Spikes\n|turn|12\n|\n|t:|1700375281\n|move|p2a: Only five|Razor Shell|p1a: Mawile\n|-damage|p1a: Mawile|33\/100\n|-unboost|p1a: Mawile|def|1\n|move|p1a: Mawile|Swords Dance|p1a: Mawile\n|-boost|p1a: Mawile|atk|2\n|\n|upkeep\n|turn|13\n|\n|t:|1700375289\n|move|p2a: Only five|Sucker Punch|p1a: Mawile\n|-resisted|p1a: Mawile\n|-damage|p1a: Mawile|7\/100\n|move|p1a: Mawile|Sucker Punch||[still]\n|-fail|p1a: Mawile\n|\n|upkeep\n|turn|14\n|\n|t:|1700375295\n|move|p2a: Only five|Ceaseless Edge|p1a: Mawile\n|-resisted|p1a: Mawile\n|-damage|p1a: Mawile|0 fnt\n|-sidestart|p1: Gaurav Charizard x|Spikes\n|faint|p1a: Mawile\n|\n|upkeep\n|\n|t:|1700375299\n|switch|p1a: Chaccha|Kommo-o, F|84\/100\n|-damage|p1a: Chaccha|67\/100|[from] Spikes\n|turn|15\n|\n|t:|1700375303\n|switch|p2a: \u5148\u5236\u90fd\u53ef\u4ee5\u5148\u5236|Tapu Lele|48\/100\n|-fieldstart|move: Psychic Terrain|[from] ability: Psychic Surge|[of] p2a: \u5148\u5236\u90fd\u53ef\u4ee5\u5148\u5236\n|-zpower|p1a: Chaccha\n|move|p1a: Chaccha|Clangorous Soulblaze|p2a: \u5148\u5236\u90fd\u53ef\u4ee5\u5148\u5236|[zeffect]\n|-immune|p2a: \u5148\u5236\u90fd\u53ef\u4ee5\u5148\u5236\n|\n|upkeep\n|turn|16\n|\n|t:|1700375310\n|move|p1a: Chaccha|Iron Head|p2a: \u5148\u5236\u90fd\u53ef\u4ee5\u5148\u5236\n|-supereffective|p2a: \u5148\u5236\u90fd\u53ef\u4ee5\u5148\u5236\n|-damage|p2a: \u5148\u5236\u90fd\u53ef\u4ee5\u5148\u5236|0 fnt\n|faint|p2a: \u5148\u5236\u90fd\u53ef\u4ee5\u5148\u5236\n|\n|upkeep\n|\n|t:|1700375315\n|switch|p2a: The goal is ladder|Urshifu-Rapid-Strike, F|100\/100\n|turn|17\n|\n|t:|1700375319\n|-terastallize|p2a: The goal is ladder|Water\n|move|p2a: The goal is ladder|Surging Strikes|p1a: Chaccha\n|-resisted|p1a: Chaccha\n|-crit|p1a: Chaccha\n|-damage|p1a: Chaccha|54\/100\n|-resisted|p1a: Chaccha\n|-crit|p1a: Chaccha\n|-damage|p1a: Chaccha|41\/100\n|-resisted|p1a: Chaccha\n|-crit|p1a: Chaccha\n|-damage|p1a: Chaccha|28\/100\n|-hitcount|p1a: Chaccha|3\n|move|p1a: Chaccha|Clanging Scales|p2a: The goal is ladder\n|-damage|p2a: The goal is ladder|47\/100\n|-unboost|p1a: Chaccha|def|1\n|\n|upkeep\n|turn|18\n|\n|t:|1700375325\n|move|p2a: The goal is ladder|Surging Strikes|p1a: Chaccha\n|-resisted|p1a: Chaccha\n|-crit|p1a: Chaccha\n|-damage|p1a: Chaccha|8\/100\n|-resisted|p1a: Chaccha\n|-crit|p1a: Chaccha\n|-damage|p1a: Chaccha|0 fnt\n|faint|p1a: Chaccha\n|-hitcount|p1: Chaccha|2\n|\n|upkeep\n|\n|t:|1700375328\n|switch|p1a: Garganacl|Garganacl, F|100\/100\n|-damage|p1a: Garganacl|84\/100|[from] Spikes\n|turn|19\n|\n|t:|1700375331\n|-terastallize|p1a: Garganacl|Fairy\n|move|p2a: The goal is ladder|Surging Strikes|p1a: Garganacl\n|-crit|p1a: Garganacl\n|-damage|p1a: Garganacl|70\/100\n|-crit|p1a: Garganacl\n|-damage|p1a: Garganacl|57\/100\n|-crit|p1a: Garganacl\n|-damage|p1a: Garganacl|42\/100\n|-hitcount|p1a: Garganacl|3\n|move|p1a: Garganacl|Curse|p1a: Garganacl\n|-unboost|p1a: Garganacl|spe|1\n|-boost|p1a: Garganacl|atk|1\n|-boost|p1a: Garganacl|def|1\n|\n|-heal|p1a: Garganacl|48\/100|[from] item: Leftovers\n|-fieldend|move: Psychic Terrain\n|upkeep\n|turn|20\n|\n|t:|1700375337\n|move|p2a: The goal is ladder|Surging Strikes|p1a: Garganacl\n|-crit|p1a: Garganacl\n|-damage|p1a: Garganacl|33\/100\n|-crit|p1a: Garganacl\n|-damage|p1a: Garganacl|18\/100\n|-crit|p1a: Garganacl\n|-damage|p1a: Garganacl|3\/100\n|-hitcount|p1a: Garganacl|3\n|move|p1a: Garganacl|Recover|p1a: Garganacl\n|-heal|p1a: Garganacl|53\/100\n|\n|-heal|p1a: Garganacl|59\/100|[from] item: Leftovers\n|upkeep\n|turn|21\n|\n|t:|1700375346\n|move|p2a: The goal is ladder|Surging Strikes|p1a: Garganacl\n|-crit|p1a: Garganacl\n|-damage|p1a: Garganacl|44\/100\n|-crit|p1a: Garganacl\n|-damage|p1a: Garganacl|29\/100\n|-crit|p1a: Garganacl\n|-damage|p1a: Garganacl|17\/100\n|-hitcount|p1a: Garganacl|3\n|move|p1a: Garganacl|Recover|p1a: Garganacl\n|-heal|p1a: Garganacl|67\/100\n|\n|-heal|p1a: Garganacl|73\/100|[from] item: Leftovers\n|upkeep\n|turn|22\n|\n|t:|1700375352\n|switch|p2a: Only five|Samurott-Hisui, F|34\/100\n|move|p1a: Garganacl|Recover|p1a: Garganacl\n|-heal|p1a: Garganacl|100\/100\n|\n|upkeep\n|turn|23\n|\n|t:|1700375356\n|move|p2a: Only five|Razor Shell|p1a: Garganacl\n|-damage|p1a: Garganacl|82\/100\n|move|p1a: Garganacl|Curse|p1a: Garganacl\n|-unboost|p1a: Garganacl|spe|1\n|-boost|p1a: Garganacl|atk|1\n|-boost|p1a: Garganacl|def|1\n|\n|-heal|p1a: Garganacl|88\/100|[from] item: Leftovers\n|upkeep\n|turn|24\n|\n|t:|1700375361\n|move|p2a: Only five|Sacred Sword|p1a: Garganacl\n|-resisted|p1a: Garganacl\n|-damage|p1a: Garganacl|76\/100\n|move|p1a: Garganacl|Curse|p1a: Garganacl\n|-unboost|p1a: Garganacl|spe|1\n|-boost|p1a: Garganacl|atk|1\n|-boost|p1a: Garganacl|def|1\n|\n|-heal|p1a: Garganacl|83\/100|[from] item: Leftovers\n|upkeep\n|turn|25\n|\n|t:|1700375365\n|move|p2a: Only five|Razor Shell|p1a: Garganacl\n|-damage|p1a: Garganacl|70\/100\n|move|p1a: Garganacl|Curse|p1a: Garganacl\n|-unboost|p1a: Garganacl|spe|1\n|-boost|p1a: Garganacl|atk|1\n|-boost|p1a: Garganacl|def|1\n|\n|-heal|p1a: Garganacl|76\/100|[from] item: Leftovers\n|upkeep\n|turn|26\n|\n|t:|1700375369\n|move|p2a: Only five|Razor Shell|p1a: Garganacl\n|-damage|p1a: Garganacl|67\/100\n|move|p1a: Garganacl|Salt Cure|p2a: Only five\n|-damage|p2a: Only five|0 fnt\n|faint|p2a: Only five\n|\n|-heal|p1a: Garganacl|73\/100|[from] item: Leftovers\n|upkeep\n|\n|t:|1700375375\n|switch|p2a: \u8106\u7684\u4e00\u6279|Scizor-Mega, F|73\/100\n|turn|27\n|\n|t:|1700375378\n|move|p2a: \u8106\u7684\u4e00\u6279|Roost|p2a: \u8106\u7684\u4e00\u6279\n|-heal|p2a: \u8106\u7684\u4e00\u6279|100\/100\n|-singleturn|p2a: \u8106\u7684\u4e00\u6279|move: Roost\n|move|p1a: Garganacl|Salt Cure|p2a: \u8106\u7684\u4e00\u6279\n|-crit|p2a: \u8106\u7684\u4e00\u6279\n|-damage|p2a: \u8106\u7684\u4e00\u6279|65\/100\n|-start|p2a: \u8106\u7684\u4e00\u6279|Salt Cure\n|\n|-heal|p1a: Garganacl|79\/100|[from] item: Leftovers\n|-damage|p2a: \u8106\u7684\u4e00\u6279|40\/100|[from] Salt Cure\n|upkeep\n|turn|28\n|\n|t:|1700375386\n|move|p1a: Garganacl|Salt Cure|p2a: \u8106\u7684\u4e00\u6279\n|-damage|p2a: \u8106\u7684\u4e00\u6279|17\/100\n|move|p2a: \u8106\u7684\u4e00\u6279|Counter|p1a: Garganacl\n|-damage|p1a: Garganacl|40\/100\n|\n|-heal|p1a: Garganacl|47\/100|[from] item: Leftovers\n|-damage|p2a: \u8106\u7684\u4e00\u6279|0 fnt|[from] Salt Cure\n|faint|p2a: \u8106\u7684\u4e00\u6279\n|upkeep\n|\n|t:|1700375395\n|switch|p2a: Tapu Bulu-Mega|Rillaboom, M|52\/100\n|-fieldstart|move: Grassy Terrain|[from] ability: Grassy Surge|[of] p2a: Tapu Bulu-Mega\n|turn|29\n|\n|t:|1700375398\n|move|p2a: Tapu Bulu-Mega|Wood Hammer|p1a: Garganacl\n|-damage|p1a: Garganacl|28\/100\n|-damage|p2a: Tapu Bulu-Mega|46\/100|[from] Recoil\n|-damage|p2a: Tapu Bulu-Mega|36\/100|[from] item: Life Orb\n|move|p1a: Garganacl|Salt Cure|p2a: Tapu Bulu-Mega\n|-damage|p2a: Tapu Bulu-Mega|0 fnt\n|faint|p2a: Tapu Bulu-Mega\n|\n|-heal|p1a: Garganacl|34\/100|[from] Grassy Terrain\n|-heal|p1a: Garganacl|41\/100|[from] item: Leftovers\n|upkeep\n|\n|t:|1700375402\n|switch|p2a: The goal is ladder|Urshifu-Rapid-Strike, F, tera:Water|47\/100\n|turn|30\n|\n|t:|1700375404\n|move|p2a: The goal is ladder|Surging Strikes|p1a: Garganacl\n|-crit|p1a: Garganacl\n|-damage|p1a: Garganacl|26\/100\n|-crit|p1a: Garganacl\n|-damage|p1a: Garganacl|11\/100\n|-crit|p1a: Garganacl\n|-damage|p1a: Garganacl|0 fnt\n|faint|p1a: Garganacl\n|-hitcount|p1: Garganacl|3\n|\n|win|DDDPalkiaOrigin\u5c31\u4e94\u53ea\n|raw|Gaurav Charizard x's rating: 1506 &rarr; <strong>1484<\/strong><br \/>(-22 for losing)\n|raw|DDDPalkiaOrigin\u5c31\u4e94\u53ea's rating: 1465 &rarr; <strong>1487<\/strong><br \/>(+22 for winning)\n","uploadtime":1700375418,"views":28,"p1id":"gauravcharizardx","p2id":"dddpalkiaorigin","formatid":"gen9nationaldex","rating":1484,"private":0,"password":""}