{"id":"gen9nationaldex-1993865451","p1":"PapayaStupid","p2":"ElektraFunk","format":"[Gen 9] National Dex","log":"|j|\u2606PapayaStupid\n|j|\u2606ElektraFunk\n|t:|1700367170\n|gametype|singles\n|player|p1|PapayaStupid|dawn-gen4pt|1382\n|player|p2|ElektraFunk|266|1296\n|teamsize|p1|6\n|teamsize|p2|6\n|gen|9\n|tier|[Gen 9] National Dex\n|rated|\n|rule|HP Percentage Mod: HP is shown in percentages\n|rule|Endless Battle Clause: Forcing endless battles is banned\n|rule|OHKO Clause: OHKO moves are banned\n|rule|Evasion Clause: Evasion abilities, items, and moves are banned\n|rule|Evasion Abilities Clause: Evasion abilities are banned\n|rule|Evasion Items Clause: Evasion items are banned\n|rule|Evasion Moves Clause: Evasion moves are banned\n|rule|Species Clause: Limit one of each Pok\u00e9mon\n|rule|Sleep Clause Mod: Limit one foe put to sleep\n|clearpoke\n|poke|p1|Tyranitar, M|\n|poke|p1|Garchomp, F|\n|poke|p1|Alomomola, F|\n|poke|p1|Zapdos|\n|poke|p1|Landorus-Therian, M|\n|poke|p1|Iron Moth|\n|poke|p2|Mudsdale, M|\n|poke|p2|Blissey, F|\n|poke|p2|Toxapex, F|\n|poke|p2|Obstagoon, M|\n|poke|p2|Braviary-Hisui, M|\n|poke|p2|Venusaur, M|\n|teampreview\n|\n|t:|1700367186\n|start\n|switch|p1a: Tyranitar|Tyranitar, M, shiny|100\/100\n|switch|p2a: Venusaur|Venusaur, M|100\/100\n|-weather|Sandstorm|[from] ability: Sand Stream|[of] p1a: Tyranitar\n|turn|1\n|\n|t:|1700367209\n|detailschange|p2a: Venusaur|Venusaur-Mega, M\n|-mega|p2a: Venusaur|Venusaur|Venusaurite\n|detailschange|p1a: Tyranitar|Tyranitar-Mega, M, shiny\n|-mega|p1a: Tyranitar|Tyranitar|Tyranitarite\n|move|p2a: Venusaur|Leech Seed|p1a: Tyranitar\n|-start|p1a: Tyranitar|move: Leech Seed\n|move|p1a: Tyranitar|Ice Beam|p2a: Venusaur\n|-supereffective|p2a: Venusaur\n|-crit|p2a: Venusaur\n|-damage|p2a: Venusaur|72\/100\n|\n|-weather|Sandstorm|[upkeep]\n|-damage|p2a: Venusaur|66\/100|[from] Sandstorm\n|-damage|p1a: Tyranitar|88\/100|[from] Leech Seed|[of] p2a: Venusaur\n|-heal|p2a: Venusaur|80\/100|[silent]\n|upkeep\n|turn|2\n|\n|t:|1700367238\n|switch|p1a: Zapdos|Zapdos|100\/100\n|move|p2a: Venusaur|Toxic|p1a: Zapdos\n|-status|p1a: Zapdos|tox\n|\n|-weather|Sandstorm|[upkeep]\n|-damage|p1a: Zapdos|94\/100 tox|[from] Sandstorm\n|-damage|p2a: Venusaur|74\/100|[from] Sandstorm\n|-damage|p1a: Zapdos|88\/100 tox|[from] psn\n|upkeep\n|turn|3\n|\n|t:|1700367248\n|switch|p2a: Blissey|Blissey, F|100\/100\n|move|p1a: Zapdos|Volt Switch|p2a: Blissey\n|-damage|p2a: Blissey|89\/100\n|\n|t:|1700367259\n|switch|p1a: Alomomola|Alomomola, F|100\/100|[from] Volt Switch\n|\n|-weather|Sandstorm|[upkeep]\n|-damage|p1a: Alomomola|94\/100|[from] Sandstorm\n|-damage|p2a: Blissey|83\/100|[from] Sandstorm\n|-heal|p1a: Alomomola|100\/100|[from] item: Leftovers\n|-heal|p2a: Blissey|89\/100|[from] item: Leftovers\n|upkeep\n|turn|4\n|\n|t:|1700367285\n|-terastallize|p1a: Alomomola|Poison\n|move|p1a: Alomomola|Whirlpool|p2a: Blissey\n|-damage|p2a: Blissey|87\/100\n|-activate|p2a: Blissey|move: Whirlpool|[of] p1a: Alomomola\n|move|p2a: Blissey|Wish|p2a: Blissey\n|\n|-weather|Sandstorm|[upkeep]\n|-damage|p1a: Alomomola|94\/100|[from] Sandstorm\n|-damage|p2a: Blissey|81\/100|[from] Sandstorm\n|-heal|p1a: Alomomola|100\/100|[from] item: Leftovers\n|-heal|p2a: Blissey|87\/100|[from] item: Leftovers\n|-damage|p2a: Blissey|75\/100|[from] move: Whirlpool|[partiallytrapped]\n|upkeep\n|turn|5\n|l|\u2606PapayaStupid\n|player|p1|\n|j|\u2606PapayaStupid\n|player|p1|PapayaStupid|dawn-gen4pt\n|\n|t:|1700367326\n|move|p1a: Alomomola|Wish|p1a: Alomomola\n|move|p2a: Blissey|Seismic Toss|p1a: Alomomola\n|-damage|p1a: Alomomola|82\/100\n|\n|-weather|none\n|-heal|p2a: Blissey|100\/100|[from] move: Wish|[wisher] Blissey\n|-heal|p1a: Alomomola|88\/100|[from] item: Leftovers\n|-damage|p2a: Blissey|88\/100|[from] move: Whirlpool|[partiallytrapped]\n|upkeep\n|turn|6\n|\n|t:|1700367337\n|move|p1a: Alomomola|Waterfall|p2a: Blissey\n|-damage|p2a: Blissey|69\/100\n|move|p2a: Blissey|Seismic Toss|p1a: Alomomola\n|-damage|p1a: Alomomola|69\/100\n|\n|-heal|p1a: Alomomola|100\/100|[from] move: Wish|[wisher] Alomomola\n|-heal|p2a: Blissey|76\/100|[from] item: Leftovers\n|-damage|p2a: Blissey|63\/100|[from] move: Whirlpool|[partiallytrapped]\n|upkeep\n|turn|7\n|\n|t:|1700367351\n|move|p1a: Alomomola|Wish|p1a: Alomomola\n|move|p2a: Blissey|Wish|p2a: Blissey\n|\n|-heal|p2a: Blissey|69\/100|[from] item: Leftovers\n|-damage|p2a: Blissey|57\/100|[from] move: Whirlpool|[partiallytrapped]\n|upkeep\n|turn|8\n|\n|t:|1700367359\n|move|p2a: Blissey|Protect|p2a: Blissey\n|-singleturn|p2a: Blissey|Protect\n|move|p1a: Alomomola|Waterfall|p2a: Blissey\n|-activate|p2a: Blissey|move: Protect\n|\n|-heal|p2a: Blissey|100\/100|[from] move: Wish|[wisher] Blissey\n|-damage|p2a: Blissey|88\/100|[from] move: Whirlpool|[partiallytrapped]\n|upkeep\n|turn|9\n|\n|t:|1700367370\n|move|p1a: Alomomola|Waterfall|p2a: Blissey\n|-damage|p2a: Blissey|70\/100\n|move|p2a: Blissey|Seismic Toss|p1a: Alomomola\n|-damage|p1a: Alomomola|82\/100\n|\n|-heal|p1a: Alomomola|88\/100|[from] item: Leftovers\n|-heal|p2a: Blissey|76\/100|[from] item: Leftovers\n|-end|p2a: Blissey|Whirlpool|[partiallytrapped]\n|upkeep\n|turn|10\n|\n|t:|1700367385\n|move|p1a: Alomomola|Whirlpool|p2a: Blissey\n|-damage|p2a: Blissey|74\/100\n|-activate|p2a: Blissey|move: Whirlpool|[of] p1a: Alomomola\n|move|p2a: Blissey|Seismic Toss|p1a: Alomomola\n|-damage|p1a: Alomomola|69\/100\n|\n|-heal|p1a: Alomomola|75\/100|[from] item: Leftovers\n|-heal|p2a: Blissey|80\/100|[from] item: Leftovers\n|-damage|p2a: Blissey|67\/100|[from] move: Whirlpool|[partiallytrapped]\n|upkeep\n|turn|11\n|\n|t:|1700367398\n|move|p1a: Alomomola|Wish|p1a: Alomomola\n|move|p2a: Blissey|Seismic Toss|p1a: Alomomola\n|-damage|p1a: Alomomola|57\/100\n|\n|-heal|p1a: Alomomola|63\/100|[from] item: Leftovers\n|-heal|p2a: Blissey|73\/100|[from] item: Leftovers\n|-damage|p2a: Blissey|61\/100|[from] move: Whirlpool|[partiallytrapped]\n|upkeep\n|turn|12\n|\n|t:|1700367414\n|move|p1a: Alomomola|Waterfall|p2a: Blissey\n|-damage|p2a: Blissey|42\/100\n|move|p2a: Blissey|Wish|p2a: Blissey\n|\n|-heal|p1a: Alomomola|100\/100|[from] move: Wish|[wisher] Alomomola\n|-heal|p2a: Blissey|48\/100|[from] item: Leftovers\n|-damage|p2a: Blissey|35\/100|[from] move: Whirlpool|[partiallytrapped]\n|upkeep\n|turn|13\n|\n|t:|1700367425\n|move|p2a: Blissey|Protect|p2a: Blissey\n|-singleturn|p2a: Blissey|Protect\n|move|p1a: Alomomola|Wish|p1a: Alomomola\n|\n|-heal|p2a: Blissey|85\/100|[from] move: Wish|[wisher] Blissey\n|-heal|p2a: Blissey|92\/100|[from] item: Leftovers\n|-damage|p2a: Blissey|79\/100|[from] move: Whirlpool|[partiallytrapped]\n|upkeep\n|turn|14\n|\n|t:|1700367435\n|move|p1a: Alomomola|Waterfall|p2a: Blissey\n|-damage|p2a: Blissey|61\/100\n|move|p2a: Blissey|Seismic Toss|p1a: Alomomola\n|-damage|p1a: Alomomola|82\/100\n|\n|-heal|p1a: Alomomola|100\/100|[from] move: Wish|[wisher] Alomomola\n|-heal|p2a: Blissey|67\/100|[from] item: Leftovers\n|-damage|p2a: Blissey|55\/100|[from] move: Whirlpool|[partiallytrapped]\n|upkeep\n|turn|15\n|\n|t:|1700367450\n|move|p1a: Alomomola|Waterfall|p2a: Blissey\n|-damage|p2a: Blissey|34\/100\n|move|p2a: Blissey|Seismic Toss|p1a: Alomomola\n|-damage|p1a: Alomomola|82\/100\n|\n|-heal|p1a: Alomomola|88\/100|[from] item: Leftovers\n|-heal|p2a: Blissey|40\/100|[from] item: Leftovers\n|-end|p2a: Blissey|Whirlpool|[partiallytrapped]\n|upkeep\n|turn|16\n|\n|t:|1700367461\n|switch|p2a: Venusaur|Venusaur-Mega, M|74\/100\n|move|p1a: Alomomola|Whirlpool|p2a: Venusaur\n|-resisted|p2a: Venusaur\n|-crit|p2a: Venusaur\n|-damage|p2a: Venusaur|70\/100\n|-activate|p2a: Venusaur|move: Whirlpool|[of] p1a: Alomomola\n|\n|-heal|p1a: Alomomola|94\/100|[from] item: Leftovers\n|-damage|p2a: Venusaur|58\/100|[from] move: Whirlpool|[partiallytrapped]\n|upkeep\n|turn|17\n|\n|t:|1700367473\n|move|p1a: Alomomola|Protect|p1a: Alomomola\n|-singleturn|p1a: Alomomola|Protect\n|move|p2a: Venusaur|Leech Seed|p1a: Alomomola\n|-activate|p1a: Alomomola|move: Protect\n|\n|-heal|p1a: Alomomola|99\/100|[from] item: Leftovers\n|-damage|p2a: Venusaur|45\/100|[from] move: Whirlpool|[partiallytrapped]\n|upkeep\n|turn|18\n|\n|t:|1700367488\n|switch|p1a: Zapdos|Zapdos|88\/100 tox\n|move|p2a: Venusaur|Leech Seed|p1a: Zapdos\n|-start|p1a: Zapdos|move: Leech Seed\n|\n|-damage|p1a: Zapdos|75\/100 tox|[from] Leech Seed|[of] p2a: Venusaur\n|-heal|p2a: Venusaur|58\/100|[silent]\n|-damage|p1a: Zapdos|69\/100 tox|[from] psn\n|-end|p2a: Venusaur|Whirlpool|[partiallytrapped]|[silent]\n|upkeep\n|turn|19\n|\n|t:|1700367498\n|switch|p2a: Blissey|Blissey, F|40\/100\n|move|p1a: Zapdos|Roost|p1a: Zapdos\n|-heal|p1a: Zapdos|100\/100 tox\n|-singleturn|p1a: Zapdos|move: Roost\n|\n|-heal|p2a: Blissey|46\/100|[from] item: Leftovers\n|-damage|p1a: Zapdos|88\/100 tox|[from] Leech Seed|[of] p2a: Blissey\n|-heal|p2a: Blissey|53\/100|[silent]\n|-damage|p1a: Zapdos|75\/100 tox|[from] psn\n|upkeep\n|turn|20\n|\n|t:|1700367512\n|move|p1a: Zapdos|Volt Switch|p2a: Blissey\n|-damage|p2a: Blissey|43\/100\n|\n|t:|1700367516\n|switch|p1a: Alomomola|Alomomola, F, tera:Poison|100\/100|[from] Volt Switch\n|move|p2a: Blissey|Wish|p2a: Blissey\n|\n|-heal|p2a: Blissey|49\/100|[from] item: Leftovers\n|upkeep\n|turn|21\n|\n|t:|1700367528\n|switch|p1a: Zapdos|Zapdos|75\/100 tox\n|switch|p2a: Venusaur|Venusaur-Mega, M|58\/100\n|\n|-heal|p2a: Venusaur|100\/100|[from] move: Wish|[wisher] Blissey\n|-damage|p1a: Zapdos|69\/100 tox|[from] psn\n|upkeep\n|turn|22\n|\n|t:|1700367539\n|switch|p2a: Blissey|Blissey, F|49\/100\n|move|p1a: Zapdos|Volt Switch|p2a: Blissey\n|-damage|p2a: Blissey|38\/100\n|\n|t:|1700367546\n|switch|p1a: Garchomp|Garchomp, F, shiny|100\/100|[from] Volt Switch\n|\n|-heal|p2a: Blissey|45\/100|[from] item: Leftovers\n|upkeep\n|turn|23\n|\n|t:|1700367567\n|switch|p2a: Mudsdale|Mudsdale, M|100\/100\n|move|p1a: Garchomp|Swords Dance|p1a: Garchomp\n|-boost|p1a: Garchomp|atk|2\n|\n|upkeep\n|turn|24\n|\n|t:|1700367582\n|move|p1a: Garchomp|Earthquake|p2a: Mudsdale\n|-damage|p2a: Mudsdale|15\/100\n|-ability|p2a: Mudsdale|Stamina|boost\n|-boost|p2a: Mudsdale|def|1\n|-enditem|p2a: Mudsdale|Red Card|[of] p1a: Garchomp\n|drag|p1a: Alomomola|Alomomola, F, tera:Poison|100\/100\n|move|p2a: Mudsdale|Earthquake|p1a: Alomomola\n|-supereffective|p1a: Alomomola\n|-damage|p1a: Alomomola|54\/100\n|\n|-heal|p1a: Alomomola|61\/100|[from] item: Leftovers\n|upkeep\n|turn|25\n|\n|t:|1700367599\n|switch|p2a: Braviary|Braviary-Hisui, M|100\/100\n|move|p1a: Alomomola|Waterfall|p2a: Braviary\n|-damage|p2a: Braviary|75\/100\n|\n|-heal|p1a: Alomomola|67\/100|[from] item: Leftovers\n|upkeep\n|turn|26\n|\n|t:|1700367608\n|switch|p1a: Tyranitar|Tyranitar-Mega, M, shiny|88\/100\n|-weather|Sandstorm|[from] ability: Sand Stream|[of] p1a: Tyranitar\n|move|p2a: Braviary|Esper Wing|p1a: Tyranitar\n|-immune|p1a: Tyranitar\n|\n|-weather|Sandstorm|[upkeep]\n|-damage|p2a: Braviary|69\/100|[from] Sandstorm\n|upkeep\n|turn|27\n|\n|t:|1700367639\n|switch|p2a: Venusaur|Venusaur-Mega, M|100\/100\n|move|p1a: Tyranitar|Stealth Rock|p2a: Venusaur\n|-sidestart|p2: ElektraFunk|move: Stealth Rock\n|\n|-weather|Sandstorm|[upkeep]\n|-damage|p2a: Venusaur|94\/100|[from] Sandstorm\n|upkeep\n|turn|28\n|\n|t:|1700367656\n|switch|p1a: Zapdos|Zapdos|69\/100 tox\n|move|p2a: Venusaur|Leech Seed|p1a: Zapdos\n|-start|p1a: Zapdos|move: Leech Seed\n|\n|-weather|Sandstorm|[upkeep]\n|-damage|p1a: Zapdos|63\/100 tox|[from] Sandstorm\n|-damage|p2a: Venusaur|88\/100|[from] Sandstorm\n|-damage|p1a: Zapdos|50\/100 tox|[from] Leech Seed|[of] p2a: Venusaur\n|-heal|p2a: Venusaur|100\/100|[silent]\n|-damage|p1a: Zapdos|44\/100 tox|[from] psn\n|upkeep\n|turn|29\n|\n|t:|1700367667\n|switch|p2a: Blissey|Blissey, F|45\/100\n|-damage|p2a: Blissey|32\/100|[from] Stealth Rock\n|move|p1a: Zapdos|Roost|p1a: Zapdos\n|-heal|p1a: Zapdos|94\/100 tox\n|-singleturn|p1a: Zapdos|move: Roost\n|\n|-weather|Sandstorm|[upkeep]\n|-damage|p1a: Zapdos|88\/100 tox|[from] Sandstorm\n|-damage|p2a: Blissey|26\/100|[from] Sandstorm\n|-heal|p2a: Blissey|32\/100|[from] item: Leftovers\n|-damage|p1a: Zapdos|75\/100 tox|[from] Leech Seed|[of] p2a: Blissey\n|-heal|p2a: Blissey|39\/100|[silent]\n|-damage|p1a: Zapdos|63\/100 tox|[from] psn\n|upkeep\n|turn|30\n|\n|t:|1700367682\n|move|p1a: Zapdos|Volt Switch|p2a: Blissey\n|-damage|p2a: Blissey|29\/100\n|\n|t:|1700367686\n|switch|p1a: Alomomola|Alomomola, F, tera:Poison|99\/100|[from] Volt Switch\n|move|p2a: Blissey|Wish|p2a: Blissey\n|\n|-weather|none\n|-heal|p1a: Alomomola|100\/100|[from] item: Leftovers\n|-heal|p2a: Blissey|35\/100|[from] item: Leftovers\n|upkeep\n|turn|31\n|\n|t:|1700367699\n|move|p2a: Blissey|Protect|p2a: Blissey\n|-singleturn|p2a: Blissey|Protect\n|move|p1a: Alomomola|Whirlpool|p2a: Blissey\n|-activate|p2a: Blissey|move: Protect\n|\n|-heal|p2a: Blissey|85\/100|[from] move: Wish|[wisher] Blissey\n|-heal|p2a: Blissey|91\/100|[from] item: Leftovers\n|upkeep\n|turn|32\n|\n|t:|1700367711\n|switch|p1a: Landorus|Landorus-Therian, M|100\/100\n|-ability|p1a: Landorus|Intimidate|boost\n|-unboost|p2a: Blissey|atk|1\n|switch|p2a: Venusaur|Venusaur-Mega, M|100\/100\n|-damage|p2a: Venusaur|88\/100|[from] Stealth Rock\n|\n|upkeep\n|turn|33\n|\n|t:|1700367720\n|move|p1a: Landorus|Substitute|p1a: Landorus\n|-start|p1a: Landorus|Substitute\n|-damage|p1a: Landorus|76\/100\n|move|p2a: Venusaur|Toxic||[still]\n|-fail|p2a: Venusaur\n|\n|upkeep\n|turn|34\n|\n|t:|1700367740\n|switch|p2a: Blissey|Blissey, F|91\/100\n|-damage|p2a: Blissey|79\/100|[from] Stealth Rock\n|move|p1a: Landorus|Swords Dance|p1a: Landorus\n|-boost|p1a: Landorus|atk|2\n|\n|-heal|p2a: Blissey|85\/100|[from] item: Leftovers\n|upkeep\n|turn|35\n|\n|t:|1700367784\n|move|p1a: Landorus|Earthquake|p2a: Blissey\n|-damage|p2a: Blissey|0 fnt\n|faint|p2a: Blissey\n|\n|upkeep\n|\n|t:|1700367791\n|switch|p2a: Braviary|Braviary-Hisui, M|69\/100\n|turn|36\n|\n|t:|1700367800\n|move|p1a: Landorus|Fly||[still]\n|-prepare|p1a: Landorus|Fly\n|move|p2a: Braviary|Esper Wing|p1a: Landorus|[miss]\n|-miss|p2a: Braviary|p1a: Landorus\n|\n|upkeep\n|turn|37\n|\n|t:|1700367809\n|move|p1a: Landorus|Fly|p2a: Braviary|[from]lockedmove\n|-damage|p2a: Braviary|0 fnt\n|faint|p2a: Braviary\n|\n|upkeep\n|-message|ElektraFunk forfeited.\n|\n|win|PapayaStupid\n|raw|PapayaStupid's rating: 1382 &rarr; <strong>1397<\/strong><br \/>(+15 for winning)\n|raw|ElektraFunk's rating: 1296 &rarr; <strong>1277<\/strong><br \/>(-19 for losing)\n|l|\u2606ElektraFunk\n","uploadtime":1700368201,"views":10,"p1id":"papayastupid","p2id":"elektrafunk","formatid":"gen9nationaldex","rating":1277,"private":0,"password":""}