{"id":"gen9nationaldex-1992453859","p1":"hackilla15","p2":"RemAndUrabeEnjoyer","format":"[Gen 9] National Dex","log":"|j|\u2606hackilla15\n|j|\u2606RemAndUrabeEnjoyer\n|t:|1700189487\n|gametype|singles\n|player|p1|hackilla15|ethan|1200\n|player|p2|RemAndUrabeEnjoyer|waitress|1336\n|teamsize|p1|6\n|teamsize|p2|6\n|gen|9\n|tier|[Gen 9] National Dex\n|rated|\n|rule|HP Percentage Mod: HP is shown in percentages\n|rule|Endless Battle Clause: Forcing endless battles is banned\n|rule|OHKO Clause: OHKO moves are banned\n|rule|Evasion Clause: Evasion abilities, items, and moves are banned\n|rule|Evasion Abilities Clause: Evasion abilities are banned\n|rule|Evasion Items Clause: Evasion items are banned\n|rule|Evasion Moves Clause: Evasion moves are banned\n|rule|Species Clause: Limit one of each Pok\u00e9mon\n|rule|Sleep Clause Mod: Limit one foe put to sleep\n|clearpoke\n|poke|p1|Zoroark-Hisui, F|\n|poke|p1|Venusaur, F|\n|poke|p1|Ceruledge, M|\n|poke|p1|Krookodile, M|\n|poke|p1|Corviknight, F|\n|poke|p1|Dragonite, M|\n|poke|p2|Diancie|\n|poke|p2|Goodra-Hisui, M|\n|poke|p2|Glimmora, M|\n|poke|p2|Toxapex, F|\n|poke|p2|Corviknight, M|\n|poke|p2|Ceruledge, F|\n|teampreview\n|inactive|Battle timer is ON: inactive players will automatically lose when time's up. (requested by RemAndUrabeEnjoyer)\n|\n|t:|1700189506\n|start\n|switch|p1a: Ceruledge|Ceruledge, M, shiny|100\/100\n|switch|p2a: Glimmora|Glimmora, M|100\/100\n|turn|1\n|\n|t:|1700189512\n|switch|p1a: Venusaur|Venusaur, F, shiny|100\/100\n|move|p2a: Glimmora|Power Gem|p1a: Venusaur\n|-damage|p1a: Venusaur|62\/100\n|\n|upkeep\n|turn|2\n|\n|t:|1700189515\n|detailschange|p1a: Venusaur|Venusaur-Mega, F, shiny\n|-mega|p1a: Venusaur|Venusaur|Venusaurite\n|move|p2a: Glimmora|Stealth Rock|p1a: Venusaur\n|-sidestart|p1: hackilla15|move: Stealth Rock\n|move|p1a: Venusaur|Earth Power|p2a: Glimmora\n|-supereffective|p2a: Glimmora\n|-enditem|p2a: Glimmora|Focus Sash\n|-damage|p2a: Glimmora|1\/100\n|-unboost|p2a: Glimmora|spd|1\n|\n|upkeep\n|turn|3\n|\n|t:|1700189521\n|move|p2a: Glimmora|Power Gem|p1a: Venusaur\n|-damage|p1a: Venusaur|30\/100\n|move|p1a: Venusaur|Giga Drain|p2a: Glimmora\n|-damage|p2a: Glimmora|0 fnt\n|-heal|p1a: Venusaur|30\/100|[from] drain|[of] p2a: Glimmora\n|faint|p2a: Glimmora\n|\n|upkeep\n|\n|t:|1700189525\n|switch|p2a: Diancie|Diancie, shiny|100\/100\n|turn|4\n|\n|t:|1700189529\n|detailschange|p2a: Diancie|Diancie-Mega, shiny\n|-mega|p2a: Diancie|Diancie|Diancite\n|move|p2a: Diancie|Diamond Storm|p1a: Venusaur\n|-damage|p1a: Venusaur|0 fnt\n|faint|p1a: Venusaur\n|\n|upkeep\n|\n|t:|1700189540\n|switch|p1a: Corviknight|Corviknight, F, shiny|100\/100\n|-damage|p1a: Corviknight|88\/100|[from] Stealth Rock\n|turn|5\n|\n|t:|1700189547\n|switch|p2a: Ceruledge|Ceruledge, F|100\/100\n|move|p1a: Corviknight|Defog|p2a: Ceruledge\n|-unboost|p2a: Ceruledge|evasion|1\n|-sideend|p1: hackilla15|Stealth Rock|[from] move: Defog|[of] p1a: Corviknight\n|\n|upkeep\n|turn|6\n|\n|t:|1700189553\n|switch|p1a: Ceruledge|Ceruledge, M, shiny|100\/100\n|move|p2a: Ceruledge|Flame Charge|p1a: Ceruledge\n|-damage|p1a: Ceruledge|52\/100\n|-boost|p2a: Ceruledge|spe|1\n|replace|p1a: Zoroark|Zoroark-Hisui, F, shiny\n|-end|p1a: Zoroark|Illusion\n|\n|upkeep\n|turn|7\n|\n|t:|1700189561\n|switch|p2a: Goodra|Goodra-Hisui, M, shiny|100\/100\n|move|p1a: Zoroark|Bitter Malice|p2a: Goodra\n|-damage|p2a: Goodra|83\/100\n|-unboost|p2a: Goodra|atk|1\n|\n|upkeep\n|turn|8\n|\n|t:|1700189571\n|switch|p1a: Corviknight|Corviknight, F, shiny|88\/100\n|move|p2a: Goodra|Draco Meteor|p1a: Corviknight\n|-resisted|p1a: Corviknight\n|-damage|p1a: Corviknight|51\/100\n|-unboost|p2a: Goodra|spa|2\n|\n|upkeep\n|turn|9\n|\n|t:|1700189574\n|move|p1a: Corviknight|Light Screen|p1a: Corviknight\n|-sidestart|p1: hackilla15|move: Light Screen\n|move|p2a: Goodra|Flamethrower|p1a: Corviknight\n|-supereffective|p1a: Corviknight\n|-damage|p1a: Corviknight|34\/100\n|\n|upkeep\n|turn|10\n|\n|t:|1700189581\n|switch|p1a: Dragonite|Dragonite, M|100\/100\n|move|p2a: Goodra|Flamethrower|p1a: Dragonite\n|-resisted|p1a: Dragonite\n|-damage|p1a: Dragonite|99\/100\n|\n|upkeep\n|turn|11\n|\n|t:|1700189587\n|switch|p2a: Diancie|Diancie-Mega, shiny|100\/100\n|move|p1a: Dragonite|Curse|p1a: Dragonite\n|-unboost|p1a: Dragonite|spe|1\n|-boost|p1a: Dragonite|atk|1\n|-boost|p1a: Dragonite|def|1\n|\n|upkeep\n|turn|12\n|\n|t:|1700189591\n|-terastallize|p1a: Dragonite|Normal\n|move|p2a: Diancie|Moonblast|p1a: Dragonite\n|-damage|p1a: Dragonite|79\/100\n|move|p1a: Dragonite|Earthquake|p2a: Diancie\n|-supereffective|p2a: Diancie\n|-damage|p2a: Diancie|0 fnt\n|faint|p2a: Diancie\n|\n|upkeep\n|\n|t:|1700189598\n|switch|p2a: Corviknight|Corviknight, M, shiny|100\/100\n|turn|13\n|\n|t:|1700189605\n|switch|p1a: Corviknight|Corviknight, F, shiny|34\/100\n|move|p2a: Corviknight|Body Press|p1a: Corviknight\n|-damage|p1a: Corviknight|14\/100\n|\n|upkeep\n|turn|14\n|\n|t:|1700189609\n|move|p2a: Corviknight|Body Press|p1a: Corviknight\n|-damage|p1a: Corviknight|0 fnt\n|faint|p1a: Corviknight\n|\n|upkeep\n|\n|t:|1700189612\n|switch|p1a: Ceruledge|Ceruledge, M, shiny|100\/100\n|turn|15\n|\n|t:|1700189616\n|switch|p2a: Toxapex|Toxapex, F, shiny|100\/100\n|move|p1a: Ceruledge|Swords Dance|p1a: Ceruledge\n|-boost|p1a: Ceruledge|atk|2\n|\n|upkeep\n|turn|16\n|\n|t:|1700189624\n|move|p1a: Ceruledge|Shadow Claw|p2a: Toxapex\n|-damage|p2a: Toxapex|38\/100\n|-damage|p1a: Ceruledge|84\/100|[from] item: Rocky Helmet|[of] p2a: Toxapex\n|move|p2a: Toxapex|Scald|p1a: Ceruledge\n|-supereffective|p1a: Ceruledge\n|-damage|p1a: Ceruledge|55\/100\n|\n|-sideend|p1: hackilla15|move: Light Screen\n|upkeep\n|turn|17\n|\n|t:|1700189628\n|move|p1a: Ceruledge|Shadow Claw|p2a: Toxapex\n|-damage|p2a: Toxapex|0 fnt\n|-damage|p1a: Ceruledge|39\/100|[from] item: Rocky Helmet|[of] p2a: Toxapex\n|faint|p2a: Toxapex\n|\n|upkeep\n|\n|t:|1700189632\n|switch|p2a: Ceruledge|Ceruledge, F|100\/100\n|turn|18\n|\n|t:|1700189635\n|move|p2a: Ceruledge|Shadow Sneak|p1a: Ceruledge\n|-supereffective|p1a: Ceruledge\n|-damage|p1a: Ceruledge|0 fnt\n|faint|p1a: Ceruledge\n|\n|upkeep\n|\n|t:|1700189637\n|switch|p1a: Krookodile|Krookodile, M, shiny|100\/100\n|turn|19\n|\n|t:|1700189643\n|switch|p2a: Corviknight|Corviknight, M, shiny|100\/100\n|move|p1a: Krookodile|Hone Claws|p1a: Krookodile\n|-boost|p1a: Krookodile|atk|1\n|-boost|p1a: Krookodile|accuracy|1\n|\n|upkeep\n|turn|20\n|\n|t:|1700189648\n|switch|p1a: Dragonite|Dragonite, M|52\/100\n|move|p2a: Corviknight|Body Press|p1a: Dragonite\n|-immune|p1a: Dragonite\n|\n|upkeep\n|-start|p1a: Dragonite|typechange|Normal|[silent]\n|turn|21\n|\n|t:|1700189658\n|move|p1a: Dragonite|Flamethrower|p2a: Corviknight\n|-supereffective|p2a: Corviknight\n|-damage|p2a: Corviknight|37\/100\n|move|p2a: Corviknight|Body Press|p1a: Dragonite\n|-immune|p1a: Dragonite\n|\n|upkeep\n|turn|22\n|\n|t:|1700189662\n|switch|p2a: Goodra|Goodra-Hisui, M, shiny|83\/100\n|move|p1a: Dragonite|Flamethrower|p2a: Goodra\n|-damage|p2a: Goodra|69\/100\n|\n|upkeep\n|turn|23\n|\n|t:|1700189670\n|switch|p1a: Dragonite|Dragonite, M, tera:Normal|79\/100\n|move|p2a: Goodra|Draco Meteor|p1a: Dragonite\n|-damage|p1a: Dragonite|25\/100\n|-unboost|p2a: Goodra|spa|2\n|\n|upkeep\n|turn|24\n|\n|t:|1700189673\n|switch|p2a: Corviknight|Corviknight, M, shiny|37\/100\n|move|p1a: Dragonite|Roost|p1a: Dragonite\n|-heal|p1a: Dragonite|75\/100\n|\n|upkeep\n|turn|25\n|\n|t:|1700189678\n|move|p1a: Dragonite|Roost|p1a: Dragonite\n|-heal|p1a: Dragonite|100\/100\n|move|p2a: Corviknight|Roost|p2a: Corviknight\n|-heal|p2a: Corviknight|87\/100\n|-singleturn|p2a: Corviknight|move: Roost\n|\n|upkeep\n|turn|26\n|\n|t:|1700189682\n|move|p1a: Dragonite|Curse|p1a: Dragonite\n|-unboost|p1a: Dragonite|spe|1\n|-boost|p1a: Dragonite|atk|1\n|-boost|p1a: Dragonite|def|1\n|move|p2a: Corviknight|Body Press|p1a: Dragonite\n|-supereffective|p1a: Dragonite\n|-crit|p1a: Dragonite\n|-damage|p1a: Dragonite|63\/100\n|-enditem|p1a: Dragonite|Weakness Policy\n|-boost|p1a: Dragonite|atk|2|[from] item: Weakness Policy\n|-boost|p1a: Dragonite|spa|2|[from] item: Weakness Policy\n|\n|upkeep\n|turn|27\n|\n|t:|1700189685\n|move|p2a: Corviknight|Body Press|p1a: Dragonite\n|-supereffective|p1a: Dragonite\n|-damage|p1a: Dragonite|32\/100\n|move|p1a: Dragonite|Roost|p1a: Dragonite\n|-heal|p1a: Dragonite|82\/100\n|\n|upkeep\n|turn|28\n|\n|t:|1700189689\n|move|p1a: Dragonite|Extreme Speed|p2a: Corviknight\n|-resisted|p2a: Corviknight\n|-damage|p2a: Corviknight|59\/100\n|-damage|p1a: Dragonite|66\/100|[from] item: Rocky Helmet|[of] p2a: Corviknight\n|move|p2a: Corviknight|Body Press|p1a: Dragonite\n|-supereffective|p1a: Dragonite\n|-damage|p1a: Dragonite|35\/100\n|\n|upkeep\n|turn|29\n|\n|t:|1700189692\n|move|p2a: Corviknight|Body Press|p1a: Dragonite\n|-supereffective|p1a: Dragonite\n|-damage|p1a: Dragonite|2\/100\n|move|p1a: Dragonite|Roost|p1a: Dragonite\n|-heal|p1a: Dragonite|52\/100\n|\n|upkeep\n|turn|30\n|\n|t:|1700189695\n|move|p2a: Corviknight|Roost|p2a: Corviknight\n|-heal|p2a: Corviknight|100\/100\n|-singleturn|p2a: Corviknight|move: Roost\n|move|p1a: Dragonite|Roost|p1a: Dragonite\n|-heal|p1a: Dragonite|100\/100\n|\n|upkeep\n|turn|31\n|\n|t:|1700189697\n|move|p2a: Corviknight|Body Press|p1a: Dragonite\n|-supereffective|p1a: Dragonite\n|-damage|p1a: Dragonite|85\/100\n|move|p1a: Dragonite|Curse|p1a: Dragonite\n|-unboost|p1a: Dragonite|spe|1\n|-boost|p1a: Dragonite|atk|1\n|-boost|p1a: Dragonite|def|1\n|\n|upkeep\n|turn|32\n|\n|t:|1700189703\n|move|p1a: Dragonite|Extreme Speed|p2a: Corviknight\n|-resisted|p2a: Corviknight\n|-damage|p2a: Corviknight|63\/100\n|-damage|p1a: Dragonite|68\/100|[from] item: Rocky Helmet|[of] p2a: Corviknight\n|move|p2a: Corviknight|Body Press|p1a: Dragonite\n|-supereffective|p1a: Dragonite\n|-damage|p1a: Dragonite|43\/100\n|\n|upkeep\n|turn|33\n|\n|t:|1700189705\n|move|p2a: Corviknight|Body Press|p1a: Dragonite\n|-supereffective|p1a: Dragonite\n|-damage|p1a: Dragonite|21\/100\n|move|p1a: Dragonite|Roost|p1a: Dragonite\n|-heal|p1a: Dragonite|71\/100\n|\n|upkeep\n|turn|34\n|\n|t:|1700189708\n|move|p2a: Corviknight|Body Press|p1a: Dragonite\n|-supereffective|p1a: Dragonite\n|-damage|p1a: Dragonite|46\/100\n|move|p1a: Dragonite|Curse|p1a: Dragonite\n|-unboost|p1a: Dragonite|spe|1\n|-boost|p1a: Dragonite|atk|1\n|-boost|p1a: Dragonite|def|1\n|\n|upkeep\n|turn|35\n|\n|t:|1700189712\n|move|p2a: Corviknight|Body Press|p1a: Dragonite\n|-supereffective|p1a: Dragonite\n|-damage|p1a: Dragonite|28\/100\n|move|p1a: Dragonite|Roost|p1a: Dragonite\n|-heal|p1a: Dragonite|78\/100\n|\n|upkeep\n|turn|36\n|\n|t:|1700189717\n|move|p1a: Dragonite|Extreme Speed|p2a: Corviknight\n|-resisted|p2a: Corviknight\n|-damage|p2a: Corviknight|22\/100\n|-damage|p1a: Dragonite|61\/100|[from] item: Rocky Helmet|[of] p2a: Corviknight\n|move|p2a: Corviknight|Body Press|p1a: Dragonite\n|-supereffective|p1a: Dragonite\n|-damage|p1a: Dragonite|42\/100\n|\n|upkeep\n|turn|37\n|\n|t:|1700189718\n|move|p1a: Dragonite|Extreme Speed|p2a: Corviknight\n|-resisted|p2a: Corviknight\n|-damage|p2a: Corviknight|0 fnt\n|-damage|p1a: Dragonite|25\/100|[from] item: Rocky Helmet|[of] p2a: Corviknight\n|faint|p2a: Corviknight\n|\n|upkeep\n|\n|t:|1700189722\n|switch|p2a: Ceruledge|Ceruledge, F|100\/100\n|turn|38\n|\n|t:|1700189729\n|move|p2a: Ceruledge|Flame Charge|p1a: Dragonite\n|-damage|p1a: Dragonite|17\/100\n|-boost|p2a: Ceruledge|spe|1\n|move|p1a: Dragonite|Roost|p1a: Dragonite\n|-heal|p1a: Dragonite|67\/100\n|\n|upkeep\n|turn|39\n|\n|t:|1700189740\n|move|p2a: Ceruledge|Flame Charge|p1a: Dragonite\n|-damage|p1a: Dragonite|59\/100\n|-boost|p2a: Ceruledge|spe|1\n|move|p1a: Dragonite|Earthquake|p2a: Ceruledge\n|-supereffective|p2a: Ceruledge\n|-damage|p2a: Ceruledge|0 fnt\n|faint|p2a: Ceruledge\n|\n|upkeep\n|\n|t:|1700189743\n|switch|p2a: Goodra|Goodra-Hisui, M, shiny|69\/100\n|turn|40\n|\n|t:|1700189746\n|move|p2a: Goodra|Flash Cannon|p1a: Dragonite\n|-damage|p1a: Dragonite|27\/100\n|-unboost|p1a: Dragonite|spd|1\n|move|p1a: Dragonite|Earthquake|p2a: Goodra\n|-supereffective|p2a: Goodra\n|-damage|p2a: Goodra|0 fnt\n|faint|p2a: Goodra\n|\n|win|hackilla15\n|raw|hackilla15's rating: 1200 &rarr; <strong>1234<\/strong><br \/>(+34 for winning)\n|raw|RemAndUrabeEnjoyer's rating: 1336 &rarr; <strong>1309<\/strong><br \/>(-27 for losing)\n|l|\u2606RemAndUrabeEnjoyer\n","uploadtime":1700189752,"views":11,"p1id":"hackilla15","p2id":"remandurabeenjoyer","formatid":"gen9nationaldex","rating":1234,"private":0,"password":""}