{"id":"gen9nationaldex-1989750232","p1":"FMRMPL","p2":"mcantando","format":"[Gen 9] National Dex","log":"|j|\u2606FMRMPL\n|j|\u2606mcantando\n|t:|1699892561\n|gametype|singles\n|player|p1|FMRMPL|169|1346\n|player|p2|mcantando|170|1403\n|teamsize|p1|6\n|teamsize|p2|6\n|gen|9\n|tier|[Gen 9] National Dex\n|rated|\n|rule|HP Percentage Mod: HP is shown in percentages\n|rule|Endless Battle Clause: Forcing endless battles is banned\n|rule|OHKO Clause: OHKO moves are banned\n|rule|Evasion Clause: Evasion abilities, items, and moves are banned\n|rule|Evasion Abilities Clause: Evasion abilities are banned\n|rule|Evasion Items Clause: Evasion items are banned\n|rule|Evasion Moves Clause: Evasion moves are banned\n|rule|Species Clause: Limit one of each Pok\u00e9mon\n|rule|Sleep Clause Mod: Limit one foe put to sleep\n|clearpoke\n|poke|p1|Toxapex, F|\n|poke|p1|Blissey, F|\n|poke|p1|Garganacl, M|\n|poke|p1|Clefable, F|\n|poke|p1|Venusaur, M|\n|poke|p1|Alomomola, F|\n|poke|p2|Skeledirge, F|\n|poke|p2|Toxapex, M|\n|poke|p2|Eldegoss, F|\n|poke|p2|Goodra, F|\n|poke|p2|Pawmot, F|\n|poke|p2|Sableye, M|\n|teampreview\n|inactive|Battle timer is ON: inactive players will automatically lose when time's up. (requested by FMRMPL)\n|inactive|mcantando has 120 seconds left.\n|\n|t:|1699892641\n|start\n|switch|p1a: Garganacl|Garganacl, M|100\/100\n|switch|p2a: Sableye|Sableye, M|100\/100\n|turn|1\n|\n|t:|1699892661\n|detailschange|p2a: Sableye|Sableye-Mega, M\n|-mega|p2a: Sableye|Sableye|Sablenite\n|move|p1a: Garganacl|Substitute|p1a: Garganacl\n|-start|p1a: Garganacl|Substitute\n|-damage|p1a: Garganacl|76\/100\n|move|p2a: Sableye|Knock Off|p1a: Garganacl\n|-activate|p1a: Garganacl|move: Substitute|[damage]\n|\n|-heal|p1a: Garganacl|82\/100|[from] item: Leftovers\n|upkeep\n|turn|2\n|\n|t:|1699892672\n|move|p1a: Garganacl|Salt Cure|p2a: Sableye\n|-damage|p2a: Sableye|89\/100\n|-start|p2a: Sableye|Salt Cure\n|move|p2a: Sableye|Knock Off|p1a: Garganacl\n|-end|p1a: Garganacl|Substitute\n|\n|-heal|p1a: Garganacl|88\/100|[from] item: Leftovers\n|-damage|p2a: Sableye|76\/100|[from] Salt Cure\n|upkeep\n|turn|3\n|\n|t:|1699892682\n|move|p1a: Garganacl|Substitute|p1a: Garganacl\n|-start|p1a: Garganacl|Substitute\n|-damage|p1a: Garganacl|63\/100\n|move|p2a: Sableye|Knock Off|p1a: Garganacl\n|-activate|p1a: Garganacl|move: Substitute|[damage]\n|\n|-heal|p1a: Garganacl|69\/100|[from] item: Leftovers\n|-damage|p2a: Sableye|64\/100|[from] Salt Cure\n|upkeep\n|turn|4\n|\n|t:|1699892689\n|move|p1a: Garganacl|Recover|p1a: Garganacl\n|-heal|p1a: Garganacl|100\/100\n|move|p2a: Sableye|Knock Off|p1a: Garganacl\n|-end|p1a: Garganacl|Substitute\n|\n|-damage|p2a: Sableye|52\/100|[from] Salt Cure\n|upkeep\n|turn|5\n|\n|t:|1699892696\n|move|p1a: Garganacl|Substitute|p1a: Garganacl\n|-start|p1a: Garganacl|Substitute\n|-damage|p1a: Garganacl|76\/100\n|move|p2a: Sableye|Recover|p2a: Sableye\n|-heal|p2a: Sableye|100\/100\n|\n|-heal|p1a: Garganacl|82\/100|[from] item: Leftovers\n|-damage|p2a: Sableye|88\/100|[from] Salt Cure\n|upkeep\n|turn|6\n|\n|t:|1699892705\n|switch|p2a: Skeledirge|Skeledirge, F, shiny|100\/100\n|move|p1a: Garganacl|Salt Cure|p2a: Skeledirge\n|-supereffective|p2a: Skeledirge\n|-damage|p2a: Skeledirge|80\/100\n|-start|p2a: Skeledirge|Salt Cure\n|\n|-heal|p2a: Skeledirge|86\/100|[from] item: Leftovers\n|-heal|p1a: Garganacl|88\/100|[from] item: Leftovers\n|-damage|p2a: Skeledirge|73\/100|[from] Salt Cure\n|upkeep\n|turn|7\n|\n|t:|1699892729\n|-terastallize|p2a: Skeledirge|Ghost\n|move|p1a: Garganacl|Protect|p1a: Garganacl\n|-singleturn|p1a: Garganacl|Protect\n|move|p2a: Skeledirge|Torch Song|p1a: Garganacl\n|-activate|p1a: Garganacl|move: Protect\n|\n|-heal|p2a: Skeledirge|79\/100|[from] item: Leftovers\n|-heal|p1a: Garganacl|94\/100|[from] item: Leftovers\n|-damage|p2a: Skeledirge|67\/100|[from] Salt Cure\n|upkeep\n|turn|8\n|\n|t:|1699892743\n|move|p2a: Skeledirge|Torch Song|p1a: Garganacl\n|-resisted|p1a: Garganacl\n|-damage|p1a: Garganacl|82\/100\n|-boost|p2a: Skeledirge|spa|1\n|move|p1a: Garganacl|Salt Cure|p2a: Skeledirge\n|-damage|p2a: Skeledirge|56\/100\n|\n|-heal|p2a: Skeledirge|62\/100|[from] item: Leftovers\n|-heal|p1a: Garganacl|88\/100|[from] item: Leftovers\n|-damage|p2a: Skeledirge|49\/100|[from] Salt Cure\n|upkeep\n|turn|9\n|\n|t:|1699892755\n|move|p1a: Garganacl|Protect|p1a: Garganacl\n|-singleturn|p1a: Garganacl|Protect\n|move|p2a: Skeledirge|Slack Off|p2a: Skeledirge\n|-heal|p2a: Skeledirge|99\/100\n|\n|-heal|p2a: Skeledirge|100\/100|[from] item: Leftovers\n|-heal|p1a: Garganacl|94\/100|[from] item: Leftovers\n|-damage|p2a: Skeledirge|88\/100|[from] Salt Cure\n|upkeep\n|turn|10\n|\n|t:|1699892765\n|move|p2a: Skeledirge|Torch Song|p1a: Garganacl\n|-resisted|p1a: Garganacl\n|-damage|p1a: Garganacl|76\/100\n|-boost|p2a: Skeledirge|spa|1\n|move|p1a: Garganacl|Salt Cure|p2a: Skeledirge\n|-damage|p2a: Skeledirge|77\/100\n|\n|-heal|p2a: Skeledirge|83\/100|[from] item: Leftovers\n|-heal|p1a: Garganacl|83\/100|[from] item: Leftovers\n|-damage|p2a: Skeledirge|71\/100|[from] Salt Cure\n|upkeep\n|turn|11\n|\n|t:|1699892776\n|switch|p1a: Toxapex|Toxapex, F|100\/100\n|move|p2a: Skeledirge|Torch Song|p1a: Toxapex\n|-resisted|p1a: Toxapex\n|-damage|p1a: Toxapex|78\/100\n|-boost|p2a: Skeledirge|spa|1\n|\n|-heal|p2a: Skeledirge|77\/100|[from] item: Leftovers\n|-heal|p1a: Toxapex|84\/100|[from] item: Black Sludge\n|-damage|p2a: Skeledirge|64\/100|[from] Salt Cure\n|upkeep\n|turn|12\n|\n|t:|1699892787\n|switch|p2a: Toxapex|Toxapex, M, shiny|100\/100\n|move|p1a: Toxapex|Toxic|p2a: Toxapex\n|-immune|p2a: Toxapex\n|\n|-heal|p1a: Toxapex|90\/100|[from] item: Black Sludge\n|upkeep\n|turn|13\n|\n|t:|1699892793\n|switch|p1a: Garganacl|Garganacl, M|83\/100\n|move|p2a: Toxapex|Scald|p1a: Garganacl\n|-supereffective|p1a: Garganacl\n|-damage|p1a: Garganacl|55\/100\n|\n|-heal|p1a: Garganacl|61\/100|[from] item: Leftovers\n|upkeep\n|turn|14\n|\n|t:|1699892807\n|move|p1a: Garganacl|Salt Cure|p2a: Toxapex\n|-crit|p2a: Toxapex\n|-damage|p2a: Toxapex|83\/100\n|-start|p2a: Toxapex|Salt Cure\n|move|p2a: Toxapex|Scald|p1a: Garganacl\n|-supereffective|p1a: Garganacl\n|-damage|p1a: Garganacl|35\/100\n|\n|-heal|p1a: Garganacl|41\/100|[from] item: Leftovers\n|-heal|p2a: Toxapex|89\/100|[from] item: Leftovers\n|-damage|p2a: Toxapex|64\/100|[from] Salt Cure\n|upkeep\n|turn|15\n|\n|t:|1699892818\n|move|p1a: Garganacl|Recover|p1a: Garganacl\n|-heal|p1a: Garganacl|91\/100\n|move|p2a: Toxapex|Infestation|p1a: Garganacl\n|-damage|p1a: Garganacl|89\/100\n|-activate|p1a: Garganacl|move: Infestation|[of] p2a: Toxapex\n|\n|-heal|p1a: Garganacl|95\/100|[from] item: Leftovers\n|-heal|p2a: Toxapex|70\/100|[from] item: Leftovers\n|-damage|p2a: Toxapex|45\/100|[from] Salt Cure\n|-damage|p1a: Garganacl|83\/100|[from] move: Infestation|[partiallytrapped]\n|upkeep\n|turn|16\n|\n|t:|1699892828\n|move|p2a: Toxapex|Scald|p1a: Garganacl\n|-supereffective|p1a: Garganacl\n|-damage|p1a: Garganacl|57\/100\n|move|p1a: Garganacl|Substitute|p1a: Garganacl\n|-start|p1a: Garganacl|Substitute\n|-end|p1a: Garganacl|Infestation|[partiallytrapped]|[silent]\n|-damage|p1a: Garganacl|33\/100\n|\n|-heal|p1a: Garganacl|39\/100|[from] item: Leftovers\n|-heal|p2a: Toxapex|51\/100|[from] item: Leftovers\n|-damage|p2a: Toxapex|26\/100|[from] Salt Cure\n|upkeep\n|turn|17\n|\n|t:|1699892838\n|switch|p2a: Eldegoss|Eldegoss, F|100\/100\n|move|p1a: Garganacl|Recover|p1a: Garganacl\n|-heal|p1a: Garganacl|89\/100\n|\n|-heal|p1a: Garganacl|95\/100|[from] item: Leftovers\n|upkeep\n|turn|18\n|\n|t:|1699892859\n|move|p2a: Eldegoss|Energy Ball|p1a: Garganacl\n|-supereffective|p1a: Garganacl\n|-end|p1a: Garganacl|Substitute\n|move|p1a: Garganacl|Salt Cure|p2a: Eldegoss\n|-damage|p2a: Eldegoss|90\/100\n|-start|p2a: Eldegoss|Salt Cure\n|\n|-heal|p1a: Garganacl|100\/100|[from] item: Leftovers\n|-damage|p2a: Eldegoss|78\/100|[from] Salt Cure\n|upkeep\n|turn|19\n|\n|t:|1699892876\n|move|p1a: Garganacl|Protect|p1a: Garganacl\n|-singleturn|p1a: Garganacl|Protect\n|move|p2a: Eldegoss|Energy Ball|p1a: Garganacl\n|-activate|p1a: Garganacl|move: Protect\n|\n|-damage|p2a: Eldegoss|65\/100|[from] Salt Cure\n|upkeep\n|turn|20\n|inactive|mcantando has 120 seconds left.\n|\n|t:|1699892905\n|switch|p1a: Venusaur|Venusaur, M|100\/100\n|move|p2a: Eldegoss|Energy Ball|p1a: Venusaur\n|-resisted|p1a: Venusaur\n|-damage|p1a: Venusaur|95\/100\n|\n|-damage|p2a: Eldegoss|53\/100|[from] Salt Cure\n|upkeep\n|turn|21\n|\n|t:|1699892916\n|switch|p2a: Toxapex|Toxapex, M, shiny|60\/100\n|detailschange|p1a: Venusaur|Venusaur-Mega, M\n|-mega|p1a: Venusaur|Venusaur|Venusaurite\n|move|p1a: Venusaur|Hidden Power|p2a: Toxapex\n|-resisted|p2a: Toxapex\n|-damage|p2a: Toxapex|54\/100\n|\n|-heal|p2a: Toxapex|60\/100|[from] item: Leftovers\n|upkeep\n|turn|22\n|inactive|mcantando has 120 seconds left.\n|\n|t:|1699892937\n|move|p1a: Venusaur|Earth Power|p2a: Toxapex\n|-supereffective|p2a: Toxapex\n|-damage|p2a: Toxapex|25\/100\n|move|p2a: Toxapex|Scald|p1a: Venusaur\n|-resisted|p1a: Venusaur\n|-damage|p1a: Venusaur|90\/100\n|-status|p1a: Venusaur|brn\n|\n|-heal|p2a: Toxapex|31\/100|[from] item: Leftovers\n|-damage|p1a: Venusaur|84\/100 brn|[from] brn\n|upkeep\n|turn|23\n|inactive|mcantando has 120 seconds left.\n|\n|t:|1699892952\n|switch|p1a: Garganacl|Garganacl, M|100\/100\n|switch|p2a: Eldegoss|Eldegoss, F|86\/100\n|\n|upkeep\n|turn|24\n|inactive|mcantando has 120 seconds left.\n|\n|t:|1699892976\n|switch|p1a: Blisse|Blissey, F|100\/100\n|move|p2a: Eldegoss|Energy Ball|p1a: Blisse\n|-damage|p1a: Blisse|94\/100\n|\n|-heal|p1a: Blisse|99\/100|[from] item: Leftovers\n|upkeep\n|turn|25\n|\n|t:|1699892996\n|switch|p2a: Toxapex|Toxapex, M, shiny|65\/100\n|move|p1a: Blisse|Stealth Rock|p2a: Toxapex\n|-sidestart|p2: mcantando|move: Stealth Rock\n|\n|-heal|p1a: Blisse|100\/100|[from] item: Leftovers\n|-heal|p2a: Toxapex|71\/100|[from] item: Leftovers\n|upkeep\n|turn|26\n|\n|t:|1699893015\n|switch|p1a: Garganacl|Garganacl, M|100\/100\n|move|p2a: Toxapex|Infestation|p1a: Garganacl\n|-damage|p1a: Garganacl|98\/100\n|-activate|p1a: Garganacl|move: Infestation|[of] p2a: Toxapex\n|\n|-heal|p1a: Garganacl|100\/100|[from] item: Leftovers\n|-heal|p2a: Toxapex|77\/100|[from] item: Leftovers\n|-damage|p1a: Garganacl|88\/100|[from] move: Infestation|[partiallytrapped]\n|upkeep\n|turn|27\n|\n|t:|1699893024\n|move|p2a: Toxapex|Scald|p1a: Garganacl\n|-supereffective|p1a: Garganacl\n|-damage|p1a: Garganacl|60\/100\n|move|p1a: Garganacl|Salt Cure|p2a: Toxapex\n|-damage|p2a: Toxapex|66\/100\n|-start|p2a: Toxapex|Salt Cure\n|\n|-heal|p2a: Toxapex|73\/100|[from] item: Leftovers\n|-heal|p1a: Garganacl|67\/100|[from] item: Leftovers\n|-damage|p2a: Toxapex|48\/100|[from] Salt Cure\n|-damage|p1a: Garganacl|54\/100|[from] move: Infestation|[partiallytrapped]\n|upkeep\n|turn|28\n|\n|t:|1699893035\n|switch|p2a: Eldegoss|Eldegoss, F|100\/100\n|-damage|p2a: Eldegoss|88\/100|[from] Stealth Rock\n|move|p1a: Garganacl|Substitute|p1a: Garganacl\n|-start|p1a: Garganacl|Substitute\n|-end|p1a: Garganacl|Infestation|[partiallytrapped]|[silent]\n|-damage|p1a: Garganacl|29\/100\n|\n|-heal|p1a: Garganacl|36\/100|[from] item: Leftovers\n|upkeep\n|turn|29\n|\n|t:|1699893055\n|move|p2a: Eldegoss|Energy Ball|p1a: Garganacl\n|-supereffective|p1a: Garganacl\n|-end|p1a: Garganacl|Substitute\n|move|p1a: Garganacl|Recover|p1a: Garganacl\n|-heal|p1a: Garganacl|86\/100\n|\n|-heal|p1a: Garganacl|92\/100|[from] item: Leftovers\n|upkeep\n|turn|30\n|inactive|FMRMPL has 120 seconds left.\n|\n|t:|1699893092\n|switch|p1a: Venusaur|Venusaur-Mega, M|84\/100 brn\n|move|p2a: Eldegoss|Rapid Spin|p1a: Venusaur\n|-damage|p1a: Venusaur|79\/100 brn\n|-boost|p2a: Eldegoss|spe|1\n|-sideend|p2: mcantando|Stealth Rock|[from] move: Rapid Spin|[of] p2a: Eldegoss\n|\n|-damage|p1a: Venusaur|73\/100 brn|[from] brn\n|upkeep\n|turn|31\n|\n|t:|1699893101\n|switch|p2a: Toxapex|Toxapex, M, shiny|81\/100\n|move|p1a: Venusaur|Earth Power|p2a: Toxapex\n|-supereffective|p2a: Toxapex\n|-damage|p2a: Toxapex|43\/100\n|\n|-heal|p2a: Toxapex|49\/100|[from] item: Leftovers\n|-damage|p1a: Venusaur|67\/100 brn|[from] brn\n|upkeep\n|turn|32\n|inactive|mcantando has 120 seconds left.\n|\n|t:|1699893110\n|move|p2a: Toxapex|Baneful Bunker|p2a: Toxapex\n|-singleturn|p2a: Toxapex|move: Protect\n|move|p1a: Venusaur|Earth Power|p2a: Toxapex\n|-activate|p2a: Toxapex|move: Protect\n|\n|-heal|p2a: Toxapex|55\/100|[from] item: Leftovers\n|-damage|p1a: Venusaur|61\/100 brn|[from] brn\n|upkeep\n|turn|33\n|\n|t:|1699893118\n|move|p1a: Venusaur|Synthesis|p1a: Venusaur\n|-heal|p1a: Venusaur|100\/100 brn\n|move|p2a: Toxapex|Infestation|p1a: Venusaur\n|-damage|p1a: Venusaur|99\/100 brn\n|-activate|p1a: Venusaur|move: Infestation|[of] p2a: Toxapex\n|\n|-heal|p2a: Toxapex|61\/100|[from] item: Leftovers\n|-damage|p1a: Venusaur|93\/100 brn|[from] brn\n|-damage|p1a: Venusaur|80\/100 brn|[from] move: Infestation|[partiallytrapped]\n|upkeep\n|turn|34\n|\n|t:|1699893129\n|move|p2a: Toxapex|Baneful Bunker|p2a: Toxapex\n|-singleturn|p2a: Toxapex|move: Protect\n|move|p1a: Venusaur|Earth Power|p2a: Toxapex\n|-activate|p2a: Toxapex|move: Protect\n|\n|-heal|p2a: Toxapex|68\/100|[from] item: Leftovers\n|-damage|p1a: Venusaur|74\/100 brn|[from] brn\n|-damage|p1a: Venusaur|62\/100 brn|[from] move: Infestation|[partiallytrapped]\n|upkeep\n|turn|35\n|\n|t:|1699893139\n|switch|p2a: Skeledirge|Skeledirge, F, shiny, tera:Ghost|64\/100\n|move|p1a: Venusaur|Earth Power|p2a: Skeledirge\n|-damage|p2a: Skeledirge|44\/100\n|\n|-heal|p2a: Skeledirge|50\/100|[from] item: Leftovers\n|-damage|p1a: Venusaur|56\/100 brn|[from] brn\n|-end|p1a: Venusaur|Infestation|[partiallytrapped]|[silent]\n|upkeep\n|turn|36\n|\n|t:|1699893148\n|move|p1a: Venusaur|Synthesis|p1a: Venusaur\n|-heal|p1a: Venusaur|100\/100 brn\n|move|p2a: Skeledirge|Slack Off|p2a: Skeledirge\n|-heal|p2a: Skeledirge|99\/100\n|\n|-heal|p2a: Skeledirge|100\/100|[from] item: Leftovers\n|-damage|p1a: Venusaur|94\/100 brn|[from] brn\n|upkeep\n|turn|37\n|\n|t:|1699893160\n|switch|p1a: Blisse|Blissey, F|100\/100\n|move|p2a: Skeledirge|Torch Song|p1a: Blisse\n|-damage|p1a: Blisse|91\/100\n|-boost|p2a: Skeledirge|spa|1\n|\n|-heal|p1a: Blisse|97\/100|[from] item: Leftovers\n|upkeep\n|turn|38\n|\n|t:|1699893171\n|switch|p2a: Toxapex|Toxapex, M, shiny|100\/100\n|move|p1a: Blisse|Toxic|p2a: Toxapex\n|-immune|p2a: Toxapex\n|\n|-heal|p1a: Blisse|100\/100|[from] item: Leftovers\n|upkeep\n|turn|39\n|\n|t:|1699893178\n|switch|p1a: Garganacl|Garganacl, M|92\/100\n|move|p2a: Toxapex|Infestation|p1a: Garganacl\n|-damage|p1a: Garganacl|90\/100\n|-activate|p1a: Garganacl|move: Infestation|[of] p2a: Toxapex\n|\n|-heal|p1a: Garganacl|96\/100|[from] item: Leftovers\n|-damage|p1a: Garganacl|84\/100|[from] move: Infestation|[partiallytrapped]\n|upkeep\n|turn|40\n|\n|t:|1699893203\n|move|p2a: Toxapex|Scald|p1a: Garganacl\n|-supereffective|p1a: Garganacl\n|-damage|p1a: Garganacl|58\/100\n|move|p1a: Garganacl|Salt Cure|p2a: Toxapex\n|-damage|p2a: Toxapex|90\/100\n|-start|p2a: Toxapex|Salt Cure\n|\n|-heal|p1a: Garganacl|65\/100|[from] item: Leftovers\n|-heal|p2a: Toxapex|96\/100|[from] item: Leftovers\n|-damage|p1a: Garganacl|52\/100|[from] move: Infestation|[partiallytrapped]\n|-damage|p2a: Toxapex|71\/100|[from] Salt Cure\n|upkeep\n|turn|41\n|\n|t:|1699893232\n|move|p1a: Garganacl|Substitute|p1a: Garganacl\n|-start|p1a: Garganacl|Substitute\n|-end|p1a: Garganacl|Infestation|[partiallytrapped]|[silent]\n|-damage|p1a: Garganacl|27\/100\n|move|p2a: Toxapex|Scald|p1a: Garganacl\n|-supereffective|p1a: Garganacl\n|-end|p1a: Garganacl|Substitute\n|\n|-heal|p2a: Toxapex|77\/100|[from] item: Leftovers\n|-heal|p1a: Garganacl|34\/100|[from] item: Leftovers\n|-damage|p2a: Toxapex|52\/100|[from] Salt Cure\n|upkeep\n|turn|42\n|inactive|FMRMPL has 120 seconds left.\n|\n|t:|1699893249\n|move|p1a: Garganacl|Protect|p1a: Garganacl\n|-singleturn|p1a: Garganacl|Protect\n|move|p2a: Toxapex|Scald|p1a: Garganacl\n|-activate|p1a: Garganacl|move: Protect\n|\n|-heal|p1a: Garganacl|40\/100|[from] item: Leftovers\n|-heal|p2a: Toxapex|58\/100|[from] item: Leftovers\n|-damage|p2a: Toxapex|33\/100|[from] Salt Cure\n|upkeep\n|turn|43\n|inactive|mcantando has 120 seconds left.\n|\n|t:|1699893272\n|switch|p2a: Eldegoss|Eldegoss, F|100\/100\n|move|p1a: Garganacl|Recover|p1a: Garganacl\n|-heal|p1a: Garganacl|90\/100\n|\n|-heal|p1a: Garganacl|96\/100|[from] item: Leftovers\n|upkeep\n|turn|44\n|inactive|mcantando has 120 seconds left.\n|inactive|FMRMPL has 120 seconds left.\n|\n|t:|1699893296\n|switch|p1a: Venusaur|Venusaur-Mega, M|94\/100 brn\n|move|p2a: Eldegoss|Energy Ball|p1a: Venusaur\n|-resisted|p1a: Venusaur\n|-damage|p1a: Venusaur|90\/100 brn\n|\n|-damage|p1a: Venusaur|84\/100 brn|[from] brn\n|upkeep\n|turn|45\n|inactive|FMRMPL has 120 seconds left.\n|inactive|mcantando has 120 seconds left.\n|\n|t:|1699893325\n|switch|p1a: Garganacl|Garganacl, M|96\/100\n|switch|p2a: Toxapex|Toxapex, M, shiny|67\/100\n|\n|-heal|p2a: Toxapex|73\/100|[from] item: Leftovers\n|-heal|p1a: Garganacl|100\/100|[from] item: Leftovers\n|upkeep\n|turn|46\n|inactive|FMRMPL has 120 seconds left.\n|\n|t:|1699893336\n|move|p2a: Toxapex|Scald|p1a: Garganacl\n|-supereffective|p1a: Garganacl\n|-crit|p1a: Garganacl\n|-damage|p1a: Garganacl|62\/100\n|move|p1a: Garganacl|Substitute|p1a: Garganacl\n|-start|p1a: Garganacl|Substitute\n|-damage|p1a: Garganacl|37\/100\n|\n|-heal|p2a: Toxapex|79\/100|[from] item: Leftovers\n|-heal|p1a: Garganacl|43\/100|[from] item: Leftovers\n|upkeep\n|turn|47\n|inactive|FMRMPL has 120 seconds left.\n|\n|t:|1699893346\n|move|p2a: Toxapex|Scald|p1a: Garganacl\n|-supereffective|p1a: Garganacl\n|-activate|p1a: Garganacl|move: Substitute|[damage]\n|move|p1a: Garganacl|Salt Cure|p2a: Toxapex\n|-damage|p2a: Toxapex|68\/100\n|-start|p2a: Toxapex|Salt Cure\n|\n|-heal|p2a: Toxapex|74\/100|[from] item: Leftovers\n|-heal|p1a: Garganacl|49\/100|[from] item: Leftovers\n|-damage|p2a: Toxapex|49\/100|[from] Salt Cure\n|upkeep\n|turn|48\n|inactive|FMRMPL has 120 seconds left.\n|\n|t:|1699893357\n|switch|p2a: Eldegoss|Eldegoss, F|100\/100\n|move|p1a: Garganacl|Protect||[still]\n|-fail|p1a: Garganacl\n|\n|-heal|p1a: Garganacl|55\/100|[from] item: Leftovers\n|upkeep\n|turn|49\n|inactive|FMRMPL has 120 seconds left.\n|\n|t:|1699893369\n|move|p1a: Garganacl|Protect|p1a: Garganacl\n|-singleturn|p1a: Garganacl|Protect\n|move|p2a: Eldegoss|Energy Ball|p1a: Garganacl\n|-activate|p1a: Garganacl|move: Protect\n|\n|-heal|p1a: Garganacl|61\/100|[from] item: Leftovers\n|upkeep\n|turn|50\n|inactive|mcantando has 120 seconds left.\n|\n|t:|1699893377\n|move|p2a: Eldegoss|Energy Ball|p1a: Garganacl\n|-supereffective|p1a: Garganacl\n|-end|p1a: Garganacl|Substitute\n|move|p1a: Garganacl|Recover|p1a: Garganacl\n|-heal|p1a: Garganacl|100\/100\n|\n|upkeep\n|turn|51\n|\n|t:|1699893389\n|switch|p1a: Blisse|Blissey, F|100\/100\n|move|p2a: Eldegoss|Energy Ball|p1a: Blisse\n|-damage|p1a: Blisse|93\/100\n|\n|-heal|p1a: Blisse|99\/100|[from] item: Leftovers\n|upkeep\n|turn|52\n|inactive|mcantando has 120 seconds left.\n|\n|t:|1699893409\n|switch|p2a: Toxapex|Toxapex, M, shiny|82\/100\n|switch|p1a: Toxapex|Toxapex, F|100\/100\n|\n|-heal|p2a: Toxapex|89\/100|[from] item: Leftovers\n|upkeep\n|turn|53\n|inactive|mcantando has 120 seconds left.\n|\n|t:|1699893428\n|move|p1a: Toxapex|Baneful Bunker|p1a: Toxapex\n|-singleturn|p1a: Toxapex|move: Protect\n|move|p2a: Toxapex|Scald|p1a: Toxapex\n|-activate|p1a: Toxapex|move: Protect\n|\n|-heal|p2a: Toxapex|95\/100|[from] item: Leftovers\n|upkeep\n|turn|54\n|\n|t:|1699893441\n|switch|p1a: Venusaur|Venusaur-Mega, M|84\/100 brn\n|move|p2a: Toxapex|Infestation|p1a: Venusaur\n|-damage|p1a: Venusaur|82\/100 brn\n|-activate|p1a: Venusaur|move: Infestation|[of] p2a: Toxapex\n|\n|-heal|p2a: Toxapex|100\/100|[from] item: Leftovers\n|-damage|p1a: Venusaur|76\/100 brn|[from] brn\n|-damage|p1a: Venusaur|64\/100 brn|[from] move: Infestation|[partiallytrapped]\n|upkeep\n|turn|55\n|\n|t:|1699893450\n|move|p2a: Toxapex|Baneful Bunker|p2a: Toxapex\n|-singleturn|p2a: Toxapex|move: Protect\n|move|p1a: Venusaur|Earth Power|p2a: Toxapex\n|-activate|p2a: Toxapex|move: Protect\n|\n|-damage|p1a: Venusaur|58\/100 brn|[from] brn\n|-damage|p1a: Venusaur|45\/100 brn|[from] move: Infestation|[partiallytrapped]\n|upkeep\n|turn|56\n|\n|t:|1699893459\n|move|p1a: Venusaur|Synthesis|p1a: Venusaur\n|-heal|p1a: Venusaur|95\/100 brn\n|move|p2a: Toxapex|Scald|p1a: Venusaur\n|-resisted|p1a: Venusaur\n|-damage|p1a: Venusaur|90\/100 brn\n|\n|-damage|p1a: Venusaur|84\/100 brn|[from] brn\n|-damage|p1a: Venusaur|72\/100 brn|[from] move: Infestation|[partiallytrapped]\n|upkeep\n|turn|57\n|\n|t:|1699893468\n|move|p2a: Toxapex|Baneful Bunker|p2a: Toxapex\n|-singleturn|p2a: Toxapex|move: Protect\n|move|p1a: Venusaur|Earth Power|p2a: Toxapex\n|-activate|p2a: Toxapex|move: Protect\n|\n|-damage|p1a: Venusaur|66\/100 brn|[from] brn\n|-damage|p1a: Venusaur|53\/100 brn|[from] move: Infestation|[partiallytrapped]\n|upkeep\n|turn|58\n|\n|t:|1699893478\n|move|p1a: Venusaur|Earth Power|p2a: Toxapex\n|-supereffective|p2a: Toxapex\n|-damage|p2a: Toxapex|67\/100\n|move|p2a: Toxapex|Scald|p1a: Venusaur\n|-resisted|p1a: Venusaur\n|-damage|p1a: Venusaur|47\/100 brn\n|\n|-heal|p2a: Toxapex|73\/100|[from] item: Leftovers\n|-damage|p1a: Venusaur|41\/100 brn|[from] brn\n|-damage|p1a: Venusaur|29\/100 brn|[from] move: Infestation|[partiallytrapped]\n|upkeep\n|turn|59\n|\n|t:|1699893494\n|switch|p2a: Skeledirge|Skeledirge, F, shiny, tera:Ghost|100\/100\n|move|p1a: Venusaur|Synthesis|p1a: Venusaur\n|-heal|p1a: Venusaur|79\/100 brn\n|\n|-damage|p1a: Venusaur|73\/100 brn|[from] brn\n|-end|p1a: Venusaur|Infestation|[partiallytrapped]\n|upkeep\n|turn|60\n|inactive|FMRMPL has 120 seconds left.\n|\n|t:|1699893537\n|switch|p1a: Toxapex|Toxapex, F|100\/100\n|move|p2a: Skeledirge|Will-O-Wisp|p1a: Toxapex\n|-status|p1a: Toxapex|brn\n|\n|-damage|p1a: Toxapex|94\/100 brn|[from] brn\n|upkeep\n|turn|61\n|\n|t:|1699893565\n|switch|p2a: Toxapex|Toxapex, M, shiny|100\/100\n|move|p1a: Toxapex|Toxic|p2a: Toxapex\n|-immune|p2a: Toxapex\n|\n|-heal|p1a: Toxapex|100\/100 brn|[from] item: Black Sludge\n|-damage|p1a: Toxapex|94\/100 brn|[from] brn\n|upkeep\n|turn|62\n|\n|t:|1699893574\n|switch|p1a: Alomomola|Alomomola, F|100\/100\n|move|p2a: Toxapex|Infestation|p1a: Alomomola\n|-damage|p1a: Alomomola|98\/100\n|-activate|p1a: Alomomola|move: Infestation|[of] p2a: Toxapex\n|-damage|p2a: Toxapex|84\/100|[from] item: Rocky Helmet|[of] p1a: Alomomola\n|\n|-heal|p2a: Toxapex|90\/100|[from] item: Leftovers\n|-damage|p1a: Alomomola|85\/100|[from] move: Infestation|[partiallytrapped]\n|upkeep\n|turn|63\n|\n|t:|1699893583\n|move|p1a: Alomomola|Knock Off|p2a: Toxapex\n|-damage|p2a: Toxapex|77\/100\n|-enditem|p2a: Toxapex|Leftovers|[from] move: Knock Off|[of] p1a: Alomomola\n|move|p2a: Toxapex|Toxic|p1a: Alomomola\n|-status|p1a: Alomomola|tox\n|\n|-damage|p1a: Alomomola|79\/100 tox|[from] psn\n|-damage|p1a: Alomomola|67\/100 tox|[from] move: Infestation|[partiallytrapped]\n|upkeep\n|turn|64\n|inactive|FMRMPL has 120 seconds left.\n|\n|t:|1699893606\n|move|p2a: Toxapex|Baneful Bunker|p2a: Toxapex\n|-singleturn|p2a: Toxapex|move: Protect\n|move|p1a: Alomomola|Wish|p1a: Alomomola\n|\n|-damage|p1a: Alomomola|54\/100 tox|[from] psn\n|-damage|p1a: Alomomola|42\/100 tox|[from] move: Infestation|[partiallytrapped]\n|upkeep\n|turn|65\n|inactive|mcantando has 120 seconds left.\n|\n|t:|1699893644\n|move|p1a: Alomomola|Flip Turn|p2a: Toxapex\n|-resisted|p2a: Toxapex\n|-damage|p2a: Toxapex|71\/100\n|\n|t:|1699893650\n|switch|p1a: Venusaur|Venusaur-Mega, M|73\/100 brn|[from] Flip Turn\n|move|p2a: Toxapex|Scald|p1a: Venusaur\n|-resisted|p1a: Venusaur\n|-damage|p1a: Venusaur|68\/100 brn\n|\n|-heal|p1a: Venusaur|100\/100 brn|[from] move: Wish|[wisher] Alomomola\n|-damage|p1a: Venusaur|94\/100 brn|[from] brn\n|upkeep\n|turn|66\n|inactive|mcantando has 120 seconds left.\n|\n|t:|1699893662\n|switch|p1a: Garganacl|Garganacl, M|100\/100\n|move|p2a: Toxapex|Infestation|p1a: Garganacl\n|-damage|p1a: Garganacl|98\/100\n|-activate|p1a: Garganacl|move: Infestation|[of] p2a: Toxapex\n|\n|-heal|p1a: Garganacl|100\/100|[from] item: Leftovers\n|-damage|p1a: Garganacl|88\/100|[from] move: Infestation|[partiallytrapped]\n|upkeep\n|turn|67\n|\n|t:|1699893670\n|move|p2a: Toxapex|Scald|p1a: Garganacl\n|-supereffective|p1a: Garganacl\n|-damage|p1a: Garganacl|62\/100\n|move|p1a: Garganacl|Substitute|p1a: Garganacl\n|-start|p1a: Garganacl|Substitute\n|-end|p1a: Garganacl|Infestation|[partiallytrapped]|[silent]\n|-damage|p1a: Garganacl|37\/100\n|\n|-heal|p1a: Garganacl|43\/100|[from] item: Leftovers\n|upkeep\n|turn|68\n|inactive|FMRMPL has 120 seconds left.\n|\n|t:|1699893710\n|move|p1a: Garganacl|Recover|p1a: Garganacl\n|-heal|p1a: Garganacl|93\/100\n|move|p2a: Toxapex|Scald|p1a: Garganacl\n|-supereffective|p1a: Garganacl\n|-end|p1a: Garganacl|Substitute\n|\n|-heal|p1a: Garganacl|99\/100|[from] item: Leftovers\n|upkeep\n|turn|69\n|\n|t:|1699893724\n|move|p1a: Garganacl|Salt Cure|p2a: Toxapex\n|-damage|p2a: Toxapex|60\/100\n|-start|p2a: Toxapex|Salt Cure\n|move|p2a: Toxapex|Scald|p1a: Garganacl\n|-supereffective|p1a: Garganacl\n|-damage|p1a: Garganacl|72\/100\n|\n|-heal|p1a: Garganacl|78\/100|[from] item: Leftovers\n|-damage|p2a: Toxapex|35\/100|[from] Salt Cure\n|upkeep\n|turn|70\n|inactive|FMRMPL has 120 seconds left.\n|\n|t:|1699893746\n|switch|p2a: Eldegoss|Eldegoss, F|100\/100\n|move|p1a: Garganacl|Protect||[still]\n|-fail|p1a: Garganacl\n|\n|-heal|p1a: Garganacl|85\/100|[from] item: Leftovers\n|upkeep\n|turn|71\n|inactive|FMRMPL has 90 seconds left.\n|\n|t:|1699893788\n|switch|p1a: Venusaur|Venusaur-Mega, M|94\/100 brn\n|move|p2a: Eldegoss|Energy Ball|p1a: Venusaur\n|-resisted|p1a: Venusaur\n|-crit|p1a: Venusaur\n|-damage|p1a: Venusaur|87\/100 brn\n|\n|-damage|p1a: Venusaur|81\/100 brn|[from] brn\n|upkeep\n|turn|72\n|inactive|mcantando has 120 seconds left.\n|\n|t:|1699893817\n|switch|p2a: Toxapex|Toxapex, M, shiny|69\/100\n|move|p1a: Venusaur|Hidden Power|p2a: Toxapex\n|-resisted|p2a: Toxapex\n|-damage|p2a: Toxapex|63\/100\n|\n|-damage|p1a: Venusaur|75\/100 brn|[from] brn\n|upkeep\n|turn|73\n|\n|t:|1699893844\n|switch|p2a: Eldegoss|Eldegoss, F|100\/100\n|move|p1a: Venusaur|Hidden Power|p2a: Eldegoss\n|-supereffective|p2a: Eldegoss\n|-damage|p2a: Eldegoss|76\/100\n|\n|-damage|p1a: Venusaur|69\/100 brn|[from] brn\n|upkeep\n|turn|74\n|inactive|mcantando has 120 seconds left.\n|\n|t:|1699893864\n|switch|p2a: Toxapex|Toxapex, M, shiny|96\/100\n|move|p1a: Venusaur|Hidden Power|p2a: Toxapex\n|-resisted|p2a: Toxapex\n|-damage|p2a: Toxapex|90\/100\n|\n|-damage|p1a: Venusaur|63\/100 brn|[from] brn\n|upkeep\n|turn|75\n|inactive|mcantando has 120 seconds left.\n|inactive|FMRMPL has 60 seconds left.\n|\n|t:|1699893889\n|switch|p1a: Garganacl|Garganacl, M|85\/100\n|switch|p2a: Eldegoss|Eldegoss, F|100\/100\n|\n|-heal|p1a: Garganacl|91\/100|[from] item: Leftovers\n|upkeep\n|turn|76\n|\n|t:|1699893899\n|switch|p1a: Blisse|Blissey, F|99\/100\n|move|p2a: Eldegoss|Energy Ball|p1a: Blisse\n|-damage|p1a: Blisse|93\/100\n|\n|-heal|p1a: Blisse|99\/100|[from] item: Leftovers\n|upkeep\n|turn|77\n|j| AGisgood\u82cd\u54cd\u4fa0\n|inactive|mcantando has 120 seconds left.\n|\n|t:|1699893929\n|switch|p2a: Toxapex|Toxapex, M, shiny|100\/100\n|move|p1a: Blisse|Stealth Rock|p2a: Toxapex\n|-sidestart|p2: mcantando|move: Stealth Rock\n|\n|-heal|p1a: Blisse|100\/100|[from] item: Leftovers\n|upkeep\n|turn|78\n|\n|t:|1699893940\n|switch|p1a: Venusaur|Venusaur-Mega, M|63\/100 brn\n|move|p2a: Toxapex|Infestation|p1a: Venusaur\n|-damage|p1a: Venusaur|61\/100 brn\n|-activate|p1a: Venusaur|move: Infestation|[of] p2a: Toxapex\n|\n|-damage|p1a: Venusaur|55\/100 brn|[from] brn\n|-damage|p1a: Venusaur|43\/100 brn|[from] move: Infestation|[partiallytrapped]\n|upkeep\n|turn|79\n|inactive|mcantando has 120 seconds left.\n|\n|t:|1699893963\n|switch|p2a: Eldegoss|Eldegoss, F|100\/100\n|-damage|p2a: Eldegoss|88\/100|[from] Stealth Rock\n|move|p1a: Venusaur|Synthesis|p1a: Venusaur\n|-heal|p1a: Venusaur|93\/100 brn\n|\n|-damage|p1a: Venusaur|87\/100 brn|[from] brn\n|-end|p1a: Venusaur|Infestation|[partiallytrapped]|[silent]\n|upkeep\n|turn|80\n|\n|t:|1699893974\n|switch|p1a: Blisse|Blissey, F|100\/100\n|move|p2a: Eldegoss|Rapid Spin|p1a: Blisse\n|-damage|p1a: Blisse|89\/100\n|-boost|p2a: Eldegoss|spe|1\n|-sideend|p2: mcantando|Stealth Rock|[from] move: Rapid Spin|[of] p2a: Eldegoss\n|\n|-heal|p1a: Blisse|96\/100|[from] item: Leftovers\n|upkeep\n|turn|81\n|\n|t:|1699894004\n|switch|p2a: Toxapex|Toxapex, M, shiny|100\/100\n|move|p1a: Blisse|Stealth Rock|p2a: Toxapex\n|-sidestart|p2: mcantando|move: Stealth Rock\n|\n|-heal|p1a: Blisse|100\/100|[from] item: Leftovers\n|upkeep\n|turn|82\n|inactive|FMRMPL has 90 seconds left.\n|\n|t:|1699894014\n|switch|p1a: Clefable|Clefable, F|100\/100\n|move|p2a: Toxapex|Infestation|p1a: Clefable\n|-resisted|p1a: Clefable\n|-damage|p1a: Clefable|99\/100\n|-activate|p1a: Clefable|move: Infestation|[of] p2a: Toxapex\n|\n|-status|p1a: Clefable|brn|[from] item: Flame Orb\n|upkeep\n|turn|83\n|inactive|FMRMPL has 90 seconds left.\n|\n|t:|1699894025\n|move|p1a: Clefable|Trick|p2a: Toxapex\n|-activate|p1a: Clefable|move: Trick|[of] p2a: Toxapex\n|-item|p2a: Toxapex|Flame Orb|[from] move: Trick\n|-enditem|p1a: Clefable|Flame Orb|[silent]|[from] move: Trick\n|move|p2a: Toxapex|Infestation|p1a: Clefable\n|-resisted|p1a: Clefable\n|-damage|p1a: Clefable|98\/100 brn\n|\n|-status|p2a: Toxapex|brn|[from] item: Flame Orb\n|upkeep\n|turn|84\n|inactive|FMRMPL has 90 seconds left.\n|inactive|mcantando has 90 seconds left.\n|\n|t:|1699894053\n|switch|p2a: Skeledirge|Skeledirge, F, shiny, tera:Ghost|100\/100\n|-damage|p2a: Skeledirge|88\/100|[from] Stealth Rock\n|move|p1a: Clefable|Wish|p1a: Clefable\n|\n|-heal|p2a: Skeledirge|94\/100|[from] item: Leftovers\n|-end|p1a: Clefable|Infestation|[partiallytrapped]|[silent]\n|upkeep\n|turn|85\n|inactive|mcantando has 90 seconds left.\n|inactive|FMRMPL has 90 seconds left.\n|\n|t:|1699894068\n|switch|p2a: Toxapex|Toxapex, M, shiny|100\/100 brn\n|-damage|p2a: Toxapex|88\/100 brn|[from] Stealth Rock\n|move|p1a: Clefable|Toxic||[still]\n|-fail|p1a: Clefable\n|\n|-heal|p1a: Clefable|100\/100 brn|[from] move: Wish|[wisher] Clefable\n|-damage|p2a: Toxapex|82\/100 brn|[from] brn\n|upkeep\n|turn|86\n|j| cgrtier\n|inactive|FMRMPL has 90 seconds left.\n|inactive|mcantando has 90 seconds left.\n|\n|t:|1699894084\n|switch|p1a: Garganacl|Garganacl, M|91\/100\n|move|p2a: Toxapex|Infestation|p1a: Garganacl\n|-damage|p1a: Garganacl|88\/100\n|-activate|p1a: Garganacl|move: Infestation|[of] p2a: Toxapex\n|\n|-heal|p1a: Garganacl|95\/100|[from] item: Leftovers\n|-damage|p2a: Toxapex|75\/100 brn|[from] brn\n|-damage|p1a: Garganacl|82\/100|[from] move: Infestation|[partiallytrapped]\n|upkeep\n|turn|87\n|inactive|FMRMPL has 90 seconds left.\n|inactive|mcantando has 90 seconds left.\n|\n|t:|1699894102\n|switch|p2a: Eldegoss|Eldegoss, F|100\/100\n|-damage|p2a: Eldegoss|88\/100|[from] Stealth Rock\n|move|p1a: Garganacl|Substitute|p1a: Garganacl\n|-start|p1a: Garganacl|Substitute\n|-end|p1a: Garganacl|Infestation|[partiallytrapped]|[silent]\n|-damage|p1a: Garganacl|57\/100\n|\n|-heal|p1a: Garganacl|64\/100|[from] item: Leftovers\n|upkeep\n|turn|88\n|inactive|FMRMPL has 90 seconds left.\n|inactive|mcantando has 90 seconds left.\n|\n|t:|1699894135\n|move|p2a: Eldegoss|Energy Ball|p1a: Garganacl\n|-supereffective|p1a: Garganacl\n|-end|p1a: Garganacl|Substitute\n|move|p1a: Garganacl|Recover|p1a: Garganacl\n|-heal|p1a: Garganacl|100\/100\n|\n|upkeep\n|turn|89\n|\n|t:|1699894145\n|switch|p1a: Blisse|Blissey, F|100\/100\n|move|p2a: Eldegoss|Energy Ball|p1a: Blisse\n|-damage|p1a: Blisse|93\/100\n|\n|-heal|p1a: Blisse|99\/100|[from] item: Leftovers\n|upkeep\n|turn|90\n|\n|t:|1699894156\n|switch|p2a: Toxapex|Toxapex, M, shiny|100\/100 brn\n|-damage|p2a: Toxapex|88\/100 brn|[from] Stealth Rock\n|move|p1a: Blisse|Stealth Rock||[still]\n|-fail|p1a: Blisse\n|\n|-heal|p1a: Blisse|100\/100|[from] item: Leftovers\n|-damage|p2a: Toxapex|82\/100 brn|[from] brn\n|upkeep\n|turn|91\n|\n|t:|1699894166\n|switch|p1a: Clefable|Clefable, F|100\/100 brn\n|switch|p2a: Eldegoss|Eldegoss, F|100\/100\n|-damage|p2a: Eldegoss|88\/100|[from] Stealth Rock\n|\n|upkeep\n|turn|92\n|\n|t:|1699894173\n|switch|p2a: Toxapex|Toxapex, M, shiny|100\/100 brn\n|-damage|p2a: Toxapex|88\/100 brn|[from] Stealth Rock\n|move|p1a: Clefable|Wish|p1a: Clefable\n|\n|-damage|p2a: Toxapex|82\/100 brn|[from] brn\n|upkeep\n|turn|93\n|inactive|mcantando has 90 seconds left.\n|\n|t:|1699894182\n|switch|p2a: Sableye|Sableye-Mega, M|88\/100\n|-damage|p2a: Sableye|76\/100|[from] Stealth Rock\n|move|p1a: Clefable|Toxic|p2a: Sableye\n|move|p2a: Sableye|Toxic|p1a: Clefable|[from]ability: Magic Bounce|[miss]\n|-miss|p2a: Sableye|p1a: Clefable\n|\n|upkeep\n|turn|94\n|inactive|FMRMPL has 120 seconds left.\n|l| cgrtier\n|\n|t:|1699894202\n|switch|p1a: Venusaur|Venusaur-Mega, M|87\/100 brn\n|move|p2a: Sableye|Protect||[still]\n|-fail|p2a: Sableye\n|\n|-damage|p1a: Venusaur|81\/100 brn|[from] brn\n|upkeep\n|turn|95\n|inactive|mcantando has 90 seconds left.\n|\n|t:|1699894237\n|switch|p2a: Toxapex|Toxapex, M, shiny|100\/100 brn\n|-damage|p2a: Toxapex|88\/100 brn|[from] Stealth Rock\n|move|p1a: Venusaur|Earth Power|p2a: Toxapex\n|-supereffective|p2a: Toxapex\n|-damage|p2a: Toxapex|54\/100 brn\n|\n|-damage|p1a: Venusaur|75\/100 brn|[from] brn\n|-damage|p2a: Toxapex|48\/100 brn|[from] brn\n|upkeep\n|turn|96\n|inactive|FMRMPL has 120 seconds left.\n|\n|t:|1699894247\n|switch|p1a: Clefable|Clefable, F|100\/100 brn\n|switch|p2a: Eldegoss|Eldegoss, F|100\/100\n|-damage|p2a: Eldegoss|88\/100|[from] Stealth Rock\n|\n|upkeep\n|turn|97\n|j| qingche\n|\n|t:|1699894254\n|switch|p2a: Toxapex|Toxapex, M, shiny|81\/100 brn\n|-damage|p2a: Toxapex|68\/100 brn|[from] Stealth Rock\n|move|p1a: Clefable|Toxic||[still]\n|-fail|p1a: Clefable\n|\n|-damage|p2a: Toxapex|62\/100 brn|[from] brn\n|upkeep\n|turn|98\n|inactive|FMRMPL has 120 seconds left.\n|\n|t:|1699894274\n|move|p1a: Clefable|Wish|p1a: Clefable\n|move|p2a: Toxapex|Scald|p1a: Clefable\n|-damage|p1a: Clefable|90\/100 brn\n|\n|-damage|p2a: Toxapex|56\/100 brn|[from] brn\n|upkeep\n|turn|99\n|inactive|FMRMPL has 120 seconds left.\n|inactive|mcantando has 60 seconds left.\n|\n|t:|1699894304\n|switch|p1a: Venusaur|Venusaur-Mega, M|75\/100 brn\n|switch|p2a: Eldegoss|Eldegoss, F|100\/100\n|-damage|p2a: Eldegoss|88\/100|[from] Stealth Rock\n|\n|-heal|p1a: Venusaur|100\/100 brn|[from] move: Wish|[wisher] Clefable\n|-damage|p1a: Venusaur|94\/100 brn|[from] brn\n|upkeep\n|turn|100\n|\n|t:|1699894329\n|move|p1a: Venusaur|Sludge Bomb|p2a: Eldegoss\n|-supereffective|p2a: Eldegoss\n|-damage|p2a: Eldegoss|39\/100\n|-status|p2a: Eldegoss|psn\n|move|p2a: Eldegoss|Rapid Spin|p1a: Venusaur\n|-damage|p1a: Venusaur|90\/100 brn\n|-boost|p2a: Eldegoss|spe|1\n|-sideend|p2: mcantando|Stealth Rock|[from] move: Rapid Spin|[of] p2a: Eldegoss\n|\n|-damage|p2a: Eldegoss|27\/100 psn|[from] psn\n|-damage|p1a: Venusaur|84\/100 brn|[from] brn\n|upkeep\n|turn|101\n|inactive|FMRMPL has 90 seconds left.\n|\n|t:|1699894348\n|switch|p2a: Toxapex|Toxapex, M, shiny|89\/100 brn\n|move|p1a: Venusaur|Earth Power|p2a: Toxapex\n|-supereffective|p2a: Toxapex\n|-damage|p2a: Toxapex|55\/100 brn\n|\n|-damage|p1a: Venusaur|78\/100 brn|[from] brn\n|-damage|p2a: Toxapex|49\/100 brn|[from] brn\n|upkeep\n|turn|102\n|c|\u2606FMRMPL|\u6709\u8f6c\u673a\u4e86\u5bb6\u4eba\u4eec\n|c|\u2606FMRMPL|\u7ec8\u4e8e\u8981\u7ed3\u675f\u4e86\n|\n|t:|1699894367\n|switch|p1a: Garganacl|Garganacl, M|100\/100\n|switch|p2a: Eldegoss|Eldegoss, F|60\/100 psn\n|\n|-damage|p2a: Eldegoss|48\/100 psn|[from] psn\n|upkeep\n|turn|103\n|\n|t:|1699894374\n|switch|p2a: Toxapex|Toxapex, M, shiny|82\/100 brn\n|move|p1a: Garganacl|Protect||[still]\n|-fail|p1a: Garganacl\n|\n|-damage|p2a: Toxapex|76\/100 brn|[from] brn\n|upkeep\n|turn|104\n|l| qingche\n|c|\u2606FMRMPL|\u6211\u76d0\u7684\u81ea\u6211\u518d\u751f\u7528\u5b8c\u4e86\u8036\n|inactive|FMRMPL has 60 seconds left.\n|\n|t:|1699894396\n|switch|p2a: Eldegoss|Eldegoss, F|81\/100 psn\n|move|p1a: Garganacl|Salt Cure|p2a: Eldegoss\n|-damage|p2a: Eldegoss|69\/100 psn\n|-start|p2a: Eldegoss|Salt Cure\n|\n|-damage|p2a: Eldegoss|57\/100 psn|[from] psn\n|-damage|p2a: Eldegoss|45\/100 psn|[from] Salt Cure\n|upkeep\n|turn|105\n|inactive|FMRMPL has 60 seconds left.\n|inactive|mcantando has 30 seconds left.\n|inactive|mcantando has 20 seconds left.\n|\n|t:|1699894429\n|switch|p2a: Toxapex|Toxapex, M, shiny|100\/100 brn\n|move|p1a: Garganacl|Salt Cure|p2a: Toxapex\n|-damage|p2a: Toxapex|88\/100 brn\n|-start|p2a: Toxapex|Salt Cure\n|\n|-damage|p2a: Toxapex|82\/100 brn|[from] brn\n|-damage|p2a: Toxapex|57\/100 brn|[from] Salt Cure\n|upkeep\n|turn|106\n|inactive|mcantando has 25 seconds left this turn.\n|inactive|FMRMPL has 60 seconds left.\n|inactive|mcantando has 20 seconds left.\n|inactive|mcantando has 15 seconds left.\n|inactive|mcantando has 10 seconds left.\n|\n|t:|1699894449\n|switch|p2a: Eldegoss|Eldegoss, F|78\/100 psn\n|move|p1a: Garganacl|Protect||[still]\n|-fail|p1a: Garganacl\n|\n|-damage|p2a: Eldegoss|66\/100 psn|[from] psn\n|upkeep\n|turn|107\n|inactive|mcantando has 15 seconds left this turn.\n|inactive|mcantando has 10 seconds left.\n|\n|t:|1699894464\n|switch|p2a: Toxapex|Toxapex, M, shiny|90\/100 brn\n|move|p1a: Garganacl|Protect||[still]\n|-fail|p1a: Garganacl\n|\n|-damage|p2a: Toxapex|84\/100 brn|[from] brn\n|upkeep\n|turn|108\n|inactive|mcantando has 15 seconds left this turn.\n|inactive|mcantando has 10 seconds left.\n|inactive|mcantando has 5 seconds left.\n|-message|mcantando lost due to inactivity.\n|\n|win|FMRMPL\n|raw|FMRMPL's rating: 1346 &rarr; <strong>1369<\/strong><br \/>(+23 for winning)\n|raw|mcantando's rating: 1403 &rarr; <strong>1380<\/strong><br \/>(-23 for losing)\n|l|\u2606mcantando\n","uploadtime":1699894493,"views":26,"p1id":"fmrmpl","p2id":"mcantando","formatid":"gen9nationaldex","rating":1369,"private":0,"password":""}