{"id":"gen9nationaldex-1999303872","p1":"dontbeapussss","p2":"Joonyim","format":"[Gen 9] National Dex","log":"|html|<div class=\"broadcast-blue\"><strong>[Gen 9] National Dex is currently suspecting Sneasler! For information on how to participate check out the <a href=\"https:\/\/www.smogon.com\/forums\/threads\/sv-national-dex-suspect-8-just-dance.3731534\/\">suspect thread<\/a>.<\/strong><\/div>\n|j|\u2606dontbeapussss\n|j|\u2606Joonyim\n|t:|1701057497\n|gametype|singles\n|player|p1|dontbeapussss|102|1074\n|player|p2|Joonyim|266|1072\n|teamsize|p1|6\n|teamsize|p2|6\n|gen|9\n|tier|[Gen 9] National Dex\n|rated|\n|rule|HP Percentage Mod: HP is shown in percentages\n|rule|Endless Battle Clause: Forcing endless battles is banned\n|rule|OHKO Clause: OHKO moves are banned\n|rule|Evasion Clause: Evasion abilities, items, and moves are banned\n|rule|Evasion Abilities Clause: Evasion abilities are banned\n|rule|Evasion Items Clause: Evasion items are banned\n|rule|Evasion Moves Clause: Evasion moves are banned\n|rule|Species Clause: Limit one of each Pok\u00e9mon\n|rule|Sleep Clause Mod: Limit one foe put to sleep\n|clearpoke\n|poke|p1|Spidops, M|\n|poke|p1|Banette, F|\n|poke|p1|Hoopa-Unbound|\n|poke|p1|Overqwil, M|\n|poke|p1|Dragonite, M|\n|poke|p1|Azumarill, F|\n|poke|p2|Charizard, M|\n|poke|p2|Corviknight, M|\n|poke|p2|Azumarill, M|\n|poke|p2|Ursaluna, F|\n|poke|p2|Kommo-o, M|\n|poke|p2|Hatterene, F|\n|teampreview\n|\n|t:|1701057511\n|start\n|switch|p1a: Voyage|Hoopa-Unbound|100\/100\n|switch|p2a: Charizard|Charizard, M|100\/100\n|turn|1\n|\n|t:|1701057535\n|detailschange|p2a: Charizard|Charizard-Mega-Y, M\n|-mega|p2a: Charizard|Charizard|Charizardite Y\n|-weather|SunnyDay|[from] ability: Drought|[of] p2a: Charizard\n|move|p2a: Charizard|Heat Wave|p1a: Voyage\n|-damage|p1a: Voyage|24\/100\n|move|p1a: Voyage|Psychic|p2a: Charizard\n|-damage|p2a: Charizard|2\/100\n|\n|-weather|SunnyDay|[upkeep]\n|upkeep\n|turn|2\n|\n|t:|1701057546\n|switch|p1a: Flower|Azumarill, F|100\/100\n|move|p2a: Charizard|Flamethrower|p1a: Flower\n|-resisted|p1a: Flower\n|-damage|p1a: Flower|59\/100\n|\n|-weather|SunnyDay|[upkeep]\n|upkeep\n|turn|3\n|\n|t:|1701057555\n|move|p1a: Flower|Aqua Jet|p2a: Charizard\n|-supereffective|p2a: Charizard\n|-damage|p2a: Charizard|0 fnt\n|faint|p2a: Charizard\n|\n|-weather|SunnyDay|[upkeep]\n|upkeep\n|\n|t:|1701057562\n|switch|p2a: Hatterene|Hatterene, F|100\/100\n|turn|4\n|\n|t:|1701057567\n|-terastallize|p1a: Flower|Water\n|move|p1a: Flower|Waterfall|p2a: Hatterene\n|-damage|p2a: Hatterene|64\/100\n|cant|p2a: Hatterene|flinch\n|\n|-weather|SunnyDay|[upkeep]\n|upkeep\n|turn|5\n|\n|t:|1701057577\n|move|p1a: Flower|Waterfall|p2a: Hatterene\n|-damage|p2a: Hatterene|26\/100\n|move|p2a: Hatterene|Thunder Wave|p1a: Flower\n|-status|p1a: Flower|par\n|\n|-weather|none\n|upkeep\n|turn|6\n|\n|t:|1701057586\n|move|p2a: Hatterene|Light Screen|p2a: Hatterene\n|-sidestart|p2: Joonyim|move: Light Screen\n|move|p1a: Flower|Waterfall|p2a: Hatterene\n|-damage|p2a: Hatterene|0 fnt\n|faint|p2a: Hatterene\n|\n|upkeep\n|\n|t:|1701057597\n|switch|p2a: Corviknight|Corviknight, M|100\/100\n|turn|7\n|\n|t:|1701057603\n|move|p2a: Corviknight|Substitute|p2a: Corviknight\n|-start|p2a: Corviknight|Substitute\n|-damage|p2a: Corviknight|76\/100\n|move|p1a: Flower|Belly Drum|p1a: Flower\n|-damage|p1a: Flower|9\/100 par\n|-setboost|p1a: Flower|atk|6|[from] move: Belly Drum\n|\n|upkeep\n|turn|8\n|\n|t:|1701057611\n|cant|p1a: Flower|par\n|move|p2a: Corviknight|Bulk Up|p2a: Corviknight\n|-boost|p2a: Corviknight|atk|1\n|-boost|p2a: Corviknight|def|1\n|\n|upkeep\n|turn|9\n|\n|t:|1701057618\n|move|p1a: Flower|Aqua Jet|p2a: Corviknight\n|-end|p2a: Corviknight|Substitute\n|move|p2a: Corviknight|Bulk Up|p2a: Corviknight\n|-boost|p2a: Corviknight|atk|1\n|-boost|p2a: Corviknight|def|1\n|\n|upkeep\n|turn|10\n|\n|t:|1701057627\n|move|p2a: Corviknight|Flash Cannon|p1a: Flower\n|-resisted|p1a: Flower\n|-damage|p1a: Flower|1\/100 par\n|move|p1a: Flower|Waterfall|p2a: Corviknight\n|-damage|p2a: Corviknight|0 fnt\n|faint|p2a: Corviknight\n|\n|-sideend|p2: Joonyim|move: Light Screen\n|upkeep\n|\n|t:|1701057647\n|switch|p2a: Azumarill|Azumarill, M|100\/100\n|turn|11\n|\n|t:|1701057666\n|switch|p1a: Banette|Banette, F|100\/100\n|move|p2a: Azumarill|Aqua Jet|p1a: Banette\n|-damage|p1a: Banette|83\/100\n|\n|upkeep\n|turn|12\n|\n|t:|1701057676\n|detailschange|p1a: Banette|Banette-Mega, F\n|-mega|p1a: Banette|Banette|Banettite\n|move|p1a: Banette|Poltergeist|p2a: Azumarill\n|-activate|p2a: Azumarill|move: Poltergeist|Leftovers\n|-damage|p2a: Azumarill|33\/100\n|move|p2a: Azumarill|Aqua Ring|p2a: Azumarill\n|-start|p2a: Azumarill|Aqua Ring\n|\n|-heal|p2a: Azumarill|40\/100|[from] item: Leftovers\n|-heal|p2a: Azumarill|46\/100|[from] Aqua Ring\n|upkeep\n|turn|13\n|\n|t:|1701057702\n|move|p1a: Banette|Poltergeist|p2a: Azumarill\n|-activate|p2a: Azumarill|move: Poltergeist|Leftovers\n|-damage|p2a: Azumarill|0 fnt\n|faint|p2a: Azumarill\n|\n|upkeep\n|\n|t:|1701057710\n|switch|p2a: Kommo-o|Kommo-o, M|100\/100\n|turn|14\n|\n|t:|1701057719\n|-zpower|p2a: Kommo-o\n|move|p2a: Kommo-o|Clangorous Soulblaze|p1a: Banette|[zeffect]\n|-damage|p1a: Banette|9\/100\n|-boost|p2a: Kommo-o|atk|1\n|-boost|p2a: Kommo-o|def|1\n|-boost|p2a: Kommo-o|spa|1\n|-boost|p2a: Kommo-o|spd|1\n|-boost|p2a: Kommo-o|spe|1\n|move|p1a: Banette|Poltergeist|p2a: Kommo-o\n|-activate|p2a: Kommo-o|move: Poltergeist|Kommonium Z\n|-damage|p2a: Kommo-o|56\/100\n|\n|upkeep\n|turn|15\n|\n|t:|1701057749\n|move|p1a: Banette|Sucker Punch|p2a: Kommo-o\n|-resisted|p2a: Kommo-o\n|-damage|p2a: Kommo-o|46\/100\n|move|p2a: Kommo-o|Poison Jab|p1a: Banette\n|-resisted|p1a: Banette\n|-damage|p1a: Banette|0 fnt\n|faint|p1a: Banette\n|\n|upkeep\n|\n|t:|1701057763\n|switch|p1a: Birsh|Overqwil, M, shiny|100\/100\n|-ability|p1a: Birsh|Intimidate|boost\n|-unboost|p2a: Kommo-o|atk|1\n|turn|16\n|\n|t:|1701057772\n|move|p2a: Kommo-o|Drain Punch|p1a: Birsh\n|-damage|p1a: Birsh|63\/100\n|-heal|p2a: Kommo-o|66\/100|[from] drain|[of] p1a: Birsh\n|move|p1a: Birsh|Toxic|p2a: Kommo-o\n|-status|p2a: Kommo-o|tox\n|\n|-damage|p2a: Kommo-o|60\/100 tox|[from] psn\n|upkeep\n|turn|17\n|\n|t:|1701057784\n|switch|p1a: Hellus Mortus|Dragonite, M|100\/100\n|move|p2a: Kommo-o|Clanging Scales|p1a: Hellus Mortus\n|-supereffective|p1a: Hellus Mortus\n|-damage|p1a: Hellus Mortus|38\/100\n|-unboost|p2a: Kommo-o|def|1\n|\n|-damage|p2a: Kommo-o|48\/100 tox|[from] psn\n|upkeep\n|turn|18\n|\n|t:|1701057795\n|move|p1a: Hellus Mortus|Extreme Speed|p2a: Kommo-o\n|-damage|p2a: Kommo-o|15\/100 tox\n|move|p2a: Kommo-o|Drain Punch|p1a: Hellus Mortus\n|-resisted|p1a: Hellus Mortus\n|-damage|p1a: Hellus Mortus|21\/100\n|-heal|p2a: Kommo-o|25\/100 tox|[from] drain|[of] p1a: Hellus Mortus\n|\n|-damage|p2a: Kommo-o|6\/100 tox|[from] psn\n|upkeep\n|turn|19\n|\n|t:|1701057806\n|move|p1a: Hellus Mortus|Extreme Speed|p2a: Kommo-o\n|-damage|p2a: Kommo-o|0 fnt\n|faint|p2a: Kommo-o\n|\n|upkeep\n|\n|t:|1701057812\n|switch|p2a: Ursaluna|Ursaluna, F|100\/100\n|turn|20\n|\n|t:|1701057822\n|switch|p1a: Spidops|Spidops, M|100\/100\n|move|p2a: Ursaluna|Power-Up Punch|p1a: Spidops\n|-resisted|p1a: Spidops\n|-damage|p1a: Spidops|90\/100\n|-boost|p2a: Ursaluna|atk|1\n|\n|-status|p2a: Ursaluna|brn|[from] item: Flame Orb\n|upkeep\n|turn|21\n|\n|t:|1701057838\n|move|p2a: Ursaluna|Facade|p1a: Spidops\n|-damage|p1a: Spidops|0 fnt\n|faint|p1a: Spidops\n|\n|-damage|p2a: Ursaluna|94\/100 brn|[from] brn\n|upkeep\n|\n|t:|1701057847\n|switch|p1a: Birsh|Overqwil, M, shiny|63\/100\n|-ability|p1a: Birsh|Intimidate|boost\n|-unboost|p2a: Ursaluna|atk|1\n|turn|22\n|\n|t:|1701057859\n|move|p1a: Birsh|Liquidation|p2a: Ursaluna\n|-supereffective|p2a: Ursaluna\n|-damage|p2a: Ursaluna|55\/100 brn\n|-unboost|p2a: Ursaluna|def|1\n|move|p2a: Ursaluna|Facade|p1a: Birsh\n|-damage|p1a: Birsh|0 fnt\n|faint|p1a: Birsh\n|\n|-damage|p2a: Ursaluna|49\/100 brn|[from] brn\n|upkeep\n|\n|t:|1701057872\n|switch|p1a: Voyage|Hoopa-Unbound|24\/100\n|turn|23\n|\n|t:|1701057877\n|move|p1a: Voyage|Psychic|p2a: Ursaluna\n|-damage|p2a: Ursaluna|0 fnt\n|faint|p2a: Ursaluna\n|\n|win|dontbeapussss\n|raw|dontbeapussss's rating: 1051 &rarr; <strong>1085<\/strong><br \/>(+34 for winning)\n|raw|Joonyim's rating: 1072 &rarr; <strong>1050<\/strong><br \/>(-22 for losing)\n","uploadtime":1701057887,"views":1,"p1id":"dontbeapussss","p2id":"joonyim","formatid":"gen9nationaldex","rating":1050,"private":0,"password":""}