{"id":"gen9nationaldex-1998586237","p1":"Forever1507","p2":"jkljlkh","format":"[Gen 9] National Dex","log":"|html|<div class=\"broadcast-blue\"><strong>[Gen 9] National Dex is currently suspecting Sneasler! For information on how to participate check out the <a href=\"https:\/\/www.smogon.com\/forums\/threads\/sv-national-dex-suspect-8-just-dance.3731534\/\">suspect thread<\/a>.<\/strong><\/div>\n|j|\u2606Forever1507\n|j|\u2606jkljlkh\n|t:|1700959639\n|gametype|singles\n|player|p1|Forever1507|101|1628\n|player|p2|jkljlkh|169|1871\n|teamsize|p1|6\n|teamsize|p2|6\n|gen|9\n|tier|[Gen 9] National Dex\n|rated|\n|rule|HP Percentage Mod: HP is shown in percentages\n|rule|Endless Battle Clause: Forcing endless battles is banned\n|rule|OHKO Clause: OHKO moves are banned\n|rule|Evasion Clause: Evasion abilities, items, and moves are banned\n|rule|Evasion Abilities Clause: Evasion abilities are banned\n|rule|Evasion Items Clause: Evasion items are banned\n|rule|Evasion Moves Clause: Evasion moves are banned\n|rule|Species Clause: Limit one of each Pok\u00e9mon\n|rule|Sleep Clause Mod: Limit one foe put to sleep\n|clearpoke\n|poke|p1|Charizard, M|\n|poke|p1|Rotom-Wash|\n|poke|p1|Kommo-o, M|\n|poke|p1|Rillaboom, M|\n|poke|p1|Sneasler, F|\n|poke|p1|Volcarona, M|\n|poke|p2|Toxapex, M|\n|poke|p2|Dondozo, M|\n|poke|p2|Gliscor, M|\n|poke|p2|Blissey, F|\n|poke|p2|Corviknight, F|\n|poke|p2|Tyranitar, F|\n|teampreview\n|\n|t:|1700959651\n|start\n|switch|p1a: Rotom|Rotom-Wash|100\/100\n|switch|p2a: Gliscor|Gliscor, M|100\/100\n|turn|1\n|\n|t:|1700959657\n|move|p2a: Gliscor|Protect|p2a: Gliscor\n|-singleturn|p2a: Gliscor|Protect\n|move|p1a: Rotom|Will-O-Wisp|p2a: Gliscor\n|-activate|p2a: Gliscor|move: Protect\n|\n|-status|p2a: Gliscor|tox|[from] item: Toxic Orb\n|upkeep\n|turn|2\n|\n|t:|1700959666\n|move|p2a: Gliscor|Toxic|p1a: Rotom\n|-status|p1a: Rotom|tox\n|move|p1a: Rotom|Pain Split|p2a: Gliscor\n|-sethp|p2a: Gliscor|93\/100 tox|[from] move: Pain Split|[silent]\n|-sethp|p1a: Rotom|100\/100 tox|[from] move: Pain Split\n|\n|-heal|p2a: Gliscor|100\/100 tox|[from] ability: Poison Heal\n|-damage|p1a: Rotom|94\/100 tox|[from] psn\n|upkeep\n|turn|3\n|\n|t:|1700959670\n|move|p2a: Gliscor|Spikes|p1a: Rotom\n|-sidestart|p1: Forever1507|Spikes\n|move|p1a: Rotom|Pain Split|p2a: Gliscor\n|-sethp|p2a: Gliscor|91\/100 tox|[from] move: Pain Split|[silent]\n|-sethp|p1a: Rotom|100\/100 tox|[from] move: Pain Split\n|\n|-heal|p2a: Gliscor|100\/100 tox|[from] ability: Poison Heal\n|-damage|p1a: Rotom|88\/100 tox|[from] psn\n|upkeep\n|turn|4\n|\n|t:|1700959674\n|move|p2a: Gliscor|Spikes|p1a: Rotom\n|-sidestart|p1: Forever1507|Spikes\n|move|p1a: Rotom|Pain Split|p2a: Gliscor\n|-sethp|p2a: Gliscor|88\/100 tox|[from] move: Pain Split|[silent]\n|-sethp|p1a: Rotom|100\/100 tox|[from] move: Pain Split\n|\n|-heal|p2a: Gliscor|100\/100 tox|[from] ability: Poison Heal\n|-damage|p1a: Rotom|82\/100 tox|[from] psn\n|upkeep\n|turn|5\n|\n|t:|1700959679\n|switch|p2a: Toxapex|Toxapex, M|100\/100\n|move|p1a: Rotom|Pain Split|p2a: Toxapex\n|-sethp|p2a: Toxapex|91\/100|[from] move: Pain Split|[silent]\n|-sethp|p1a: Rotom|91\/100 tox|[from] move: Pain Split\n|\n|-heal|p1a: Rotom|97\/100 tox|[from] item: Leftovers\n|-damage|p1a: Rotom|72\/100 tox|[from] psn\n|upkeep\n|turn|6\n|\n|t:|1700959682\n|move|p1a: Rotom|Defog|p2a: Toxapex\n|-unboost|p2a: Toxapex|evasion|1\n|-sideend|p1: Forever1507|Spikes|[from] move: Defog|[of] p1a: Rotom\n|move|p2a: Toxapex|Knock Off|p1a: Rotom\n|-damage|p1a: Rotom|61\/100 tox\n|-enditem|p1a: Rotom|Leftovers|[from] move: Knock Off|[of] p2a: Toxapex\n|\n|-damage|p1a: Rotom|30\/100 tox|[from] psn\n|upkeep\n|turn|7\n|\n|t:|1700959686\n|move|p2a: Toxapex|Baneful Bunker|p2a: Toxapex\n|-singleturn|p2a: Toxapex|move: Protect\n|move|p1a: Rotom|Volt Switch|p2a: Toxapex\n|-activate|p2a: Toxapex|move: Protect\n|\n|-damage|p1a: Rotom|0 fnt|[from] psn\n|faint|p1a: Rotom\n|upkeep\n|\n|t:|1700959693\n|switch|p1a: Rillaboom|Rillaboom, M|100\/100\n|-fieldstart|move: Grassy Terrain|[from] ability: Grassy Surge|[of] p1a: Rillaboom\n|turn|8\n|\n|t:|1700959696\n|move|p1a: Rillaboom|U-turn|p2a: Toxapex\n|-resisted|p2a: Toxapex\n|-damage|p2a: Toxapex|78\/100\n|\n|t:|1700959701\n|switch|p1a: Sneasler|Sneasler, F|100\/100|[from] U-turn\n|-enditem|p1a: Sneasler|Grassy Seed\n|-boost|p1a: Sneasler|def|1|[from] item: Grassy Seed\n|move|p2a: Toxapex|Toxic|p1a: Sneasler\n|-immune|p1a: Sneasler\n|\n|-heal|p2a: Toxapex|84\/100|[from] Grassy Terrain\n|upkeep\n|turn|9\n|\n|t:|1700959704\n|switch|p2a: Dondozo|Dondozo, M|100\/100\n|move|p1a: Sneasler|Swords Dance|p1a: Sneasler\n|-boost|p1a: Sneasler|atk|2\n|\n|upkeep\n|turn|10\n|\n|t:|1700959706\n|move|p1a: Sneasler|Dire Claw|p2a: Dondozo\n|-damage|p2a: Dondozo|80\/100\n|move|p2a: Dondozo|Curse|p2a: Dondozo\n|-unboost|p2a: Dondozo|spe|1\n|-boost|p2a: Dondozo|atk|1\n|-boost|p2a: Dondozo|def|1\n|\n|-heal|p2a: Dondozo|86\/100|[from] Grassy Terrain\n|upkeep\n|turn|11\n|\n|t:|1700959712\n|move|p1a: Sneasler|Dire Claw|p2a: Dondozo\n|-crit|p2a: Dondozo\n|-damage|p2a: Dondozo|57\/100\n|-status|p2a: Dondozo|par\n|move|p2a: Dondozo|Curse|p2a: Dondozo\n|-unboost|p2a: Dondozo|spe|1\n|-boost|p2a: Dondozo|atk|1\n|-boost|p2a: Dondozo|def|1\n|\n|-heal|p2a: Dondozo|64\/100 par|[from] Grassy Terrain\n|upkeep\n|turn|12\n|\n|t:|1700959719\n|move|p1a: Sneasler|Close Combat|p2a: Dondozo\n|-damage|p2a: Dondozo|47\/100 par\n|-unboost|p1a: Sneasler|def|1\n|-unboost|p1a: Sneasler|spd|1\n|cant|p2a: Dondozo|par\n|\n|-heal|p2a: Dondozo|53\/100 par|[from] Grassy Terrain\n|-fieldend|move: Grassy Terrain\n|upkeep\n|turn|13\n|\n|t:|1700959726\n|move|p1a: Sneasler|Close Combat|p2a: Dondozo\n|-damage|p2a: Dondozo|39\/100 par\n|-unboost|p1a: Sneasler|def|1\n|-unboost|p1a: Sneasler|spd|1\n|move|p2a: Dondozo|Body Press|p1a: Sneasler\n|-resisted|p1a: Sneasler\n|-damage|p1a: Sneasler|50\/100\n|\n|upkeep\n|turn|14\n|\n|t:|1700959734\n|move|p1a: Sneasler|Close Combat|p2a: Dondozo\n|-damage|p2a: Dondozo|23\/100 par\n|-unboost|p1a: Sneasler|def|1\n|-unboost|p1a: Sneasler|spd|1\n|cant|p2a: Dondozo|par\n|\n|upkeep\n|turn|15\n|\n|t:|1700959741\n|move|p1a: Sneasler|Close Combat|p2a: Dondozo\n|-damage|p2a: Dondozo|9\/100 par\n|-unboost|p1a: Sneasler|def|1\n|-unboost|p1a: Sneasler|spd|1\n|move|p2a: Dondozo|Rest|p2a: Dondozo\n|-status|p2a: Dondozo|slp|[from] move: Rest\n|-heal|p2a: Dondozo|100\/100 slp|[silent]\n|\n|upkeep\n|turn|16\n|\n|t:|1700959750\n|switch|p1a: Kommo-o|Kommo-o, M|100\/100\n|cant|p2a: Dondozo|slp\n|move|p2a: Dondozo|Sleep Talk|p2a: Dondozo\n|move|p2a: Dondozo|Rest||[from]move: Sleep Talk|[still]\n|-fail|p2a: Dondozo\n|\n|upkeep\n|turn|17\n|\n|t:|1700959753\n|switch|p2a: Toxapex|Toxapex, M|100\/100\n|-zpower|p1a: Kommo-o\n|move|p1a: Kommo-o|Clangorous Soulblaze|p2a: Toxapex|[zeffect]\n|-damage|p2a: Toxapex|40\/100\n|-boost|p1a: Kommo-o|atk|1\n|-boost|p1a: Kommo-o|def|1\n|-boost|p1a: Kommo-o|spa|1\n|-boost|p1a: Kommo-o|spd|1\n|-boost|p1a: Kommo-o|spe|1\n|\n|upkeep\n|turn|18\n|\n|t:|1700959758\n|switch|p2a: Corviknight|Corviknight, F|100\/100\n|-ability|p2a: Corviknight|Pressure\n|move|p1a: Kommo-o|Clanging Scales|p2a: Corviknight\n|-resisted|p2a: Corviknight\n|-damage|p2a: Corviknight|77\/100\n|-unboost|p1a: Kommo-o|def|1\n|\n|-heal|p2a: Corviknight|83\/100|[from] item: Leftovers\n|upkeep\n|turn|19\n|\n|t:|1700959761\n|move|p2a: Corviknight|Protect|p2a: Corviknight\n|-singleturn|p2a: Corviknight|Protect\n|move|p1a: Kommo-o|Flamethrower|p2a: Corviknight\n|-activate|p2a: Corviknight|move: Protect\n|\n|-heal|p2a: Corviknight|89\/100|[from] item: Leftovers\n|upkeep\n|turn|20\n|\n|t:|1700959764\n|switch|p2a: Tyranitar|Tyranitar, F|100\/100\n|-weather|Sandstorm|[from] ability: Sand Stream|[of] p2a: Tyranitar\n|move|p1a: Kommo-o|Flamethrower|p2a: Tyranitar\n|-resisted|p2a: Tyranitar\n|-damage|p2a: Tyranitar|91\/100\n|\n|-weather|Sandstorm|[upkeep]\n|-damage|p1a: Kommo-o|94\/100|[from] Sandstorm\n|upkeep\n|turn|21\n|\n|t:|1700959767\n|switch|p2a: Toxapex|Toxapex, M|73\/100\n|move|p1a: Kommo-o|Close Combat|p2a: Toxapex\n|-resisted|p2a: Toxapex\n|-damage|p2a: Toxapex|51\/100\n|-unboost|p1a: Kommo-o|def|1\n|-unboost|p1a: Kommo-o|spd|1\n|\n|-weather|Sandstorm|[upkeep]\n|-damage|p1a: Kommo-o|88\/100|[from] Sandstorm\n|-damage|p2a: Toxapex|45\/100|[from] Sandstorm\n|upkeep\n|turn|22\n|\n|t:|1700959775\n|switch|p2a: Gliscor|Gliscor, M|100\/100 tox\n|move|p1a: Kommo-o|Clanging Scales|p2a: Gliscor\n|-damage|p2a: Gliscor|18\/100 tox\n|-unboost|p1a: Kommo-o|def|1\n|\n|-weather|Sandstorm|[upkeep]\n|-damage|p1a: Kommo-o|82\/100|[from] Sandstorm\n|-heal|p2a: Gliscor|30\/100 tox|[from] ability: Poison Heal\n|upkeep\n|turn|23\n|\n|t:|1700959779\n|move|p2a: Gliscor|Protect|p2a: Gliscor\n|-singleturn|p2a: Gliscor|Protect\n|move|p1a: Kommo-o|Boomburst|p2a: Gliscor\n|-activate|p2a: Gliscor|move: Protect\n|\n|-weather|Sandstorm|[upkeep]\n|-damage|p1a: Kommo-o|76\/100|[from] Sandstorm\n|-heal|p2a: Gliscor|43\/100 tox|[from] ability: Poison Heal\n|upkeep\n|turn|24\n|\n|t:|1700959784\n|switch|p2a: Corviknight|Corviknight, F|89\/100\n|-ability|p2a: Corviknight|Pressure\n|move|p1a: Kommo-o|Boomburst|p2a: Corviknight\n|-resisted|p2a: Corviknight\n|-damage|p2a: Corviknight|68\/100\n|\n|-weather|none\n|-heal|p2a: Corviknight|74\/100|[from] item: Leftovers\n|upkeep\n|turn|25\n|\n|t:|1700959787\n|move|p2a: Corviknight|Protect|p2a: Corviknight\n|-singleturn|p2a: Corviknight|Protect\n|move|p1a: Kommo-o|Flamethrower|p2a: Corviknight\n|-activate|p2a: Corviknight|move: Protect\n|\n|-heal|p2a: Corviknight|80\/100|[from] item: Leftovers\n|upkeep\n|turn|26\n|\n|t:|1700959790\n|move|p1a: Kommo-o|Clanging Scales|p2a: Corviknight\n|-resisted|p2a: Corviknight\n|-damage|p2a: Corviknight|54\/100\n|-unboost|p1a: Kommo-o|def|1\n|move|p2a: Corviknight|Iron Head|p1a: Kommo-o\n|-crit|p1a: Kommo-o\n|-damage|p1a: Kommo-o|0 fnt\n|faint|p1a: Kommo-o\n|\n|-heal|p2a: Corviknight|60\/100|[from] item: Leftovers\n|upkeep\n|\n|t:|1700959795\n|switch|p1a: Charizard|Charizard, M|100\/100\n|turn|27\n|\n|t:|1700959800\n|detailschange|p1a: Charizard|Charizard-Mega-X, M\n|-mega|p1a: Charizard|Charizard|Charizardite X\n|move|p2a: Corviknight|Protect|p2a: Corviknight\n|-singleturn|p2a: Corviknight|Protect\n|move|p1a: Charizard|Flare Blitz|p2a: Corviknight\n|-activate|p2a: Corviknight|move: Protect\n|\n|-heal|p2a: Corviknight|66\/100|[from] item: Leftovers\n|upkeep\n|turn|28\n|\n|t:|1700959803\n|switch|p2a: Toxapex|Toxapex, M|78\/100\n|move|p1a: Charizard|Flare Blitz|p2a: Toxapex\n|-resisted|p2a: Toxapex\n|-damage|p2a: Toxapex|53\/100\n|-status|p2a: Toxapex|brn\n|-damage|p1a: Charizard|92\/100|[from] Recoil\n|\n|-damage|p2a: Toxapex|47\/100 brn|[from] brn\n|upkeep\n|turn|29\n|\n|t:|1700959807\n|move|p1a: Charizard|Earthquake|p2a: Toxapex\n|-supereffective|p2a: Toxapex\n|-damage|p2a: Toxapex|6\/100 brn\n|move|p2a: Toxapex|Toxic|p1a: Charizard\n|-status|p1a: Charizard|tox\n|\n|-damage|p1a: Charizard|86\/100 tox|[from] psn\n|-damage|p2a: Toxapex|0 fnt|[from] brn\n|faint|p2a: Toxapex\n|upkeep\n|\n|t:|1700959811\n|switch|p2a: Gliscor|Gliscor, M|43\/100 tox\n|turn|30\n|\n|t:|1700959814\n|move|p2a: Gliscor|Protect|p2a: Gliscor\n|-singleturn|p2a: Gliscor|Protect\n|move|p1a: Charizard|Dragon Dance|p1a: Charizard\n|-boost|p1a: Charizard|atk|1\n|-boost|p1a: Charizard|spe|1\n|\n|-damage|p1a: Charizard|74\/100 tox|[from] psn\n|-heal|p2a: Gliscor|55\/100 tox|[from] ability: Poison Heal\n|upkeep\n|turn|31\n|\n|t:|1700959817\n|switch|p2a: Dondozo|Dondozo, M|100\/100 slp\n|move|p1a: Charizard|Flare Blitz|p2a: Dondozo\n|-resisted|p2a: Dondozo\n|-damage|p2a: Dondozo|81\/100 slp\n|-damage|p1a: Charizard|63\/100 tox|[from] Recoil\n|\n|-damage|p1a: Charizard|45\/100 tox|[from] psn\n|upkeep\n|turn|32\n|\n|t:|1700959820\n|move|p1a: Charizard|Dragon Claw|p2a: Dondozo\n|-damage|p2a: Dondozo|57\/100 slp\n|cant|p2a: Dondozo|slp\n|move|p2a: Dondozo|Sleep Talk|p2a: Dondozo\n|move|p2a: Dondozo|Body Press|p1a: Charizard|[from]move: Sleep Talk\n|-damage|p1a: Charizard|18\/100 tox\n|\n|-damage|p1a: Charizard|0 fnt|[from] psn\n|faint|p1a: Charizard\n|upkeep\n|\n|t:|1700959823\n|switch|p1a: Rillaboom|Rillaboom, M|100\/100\n|-fieldstart|move: Grassy Terrain|[from] ability: Grassy Surge|[of] p1a: Rillaboom\n|turn|33\n|\n|t:|1700959826\n|switch|p2a: Corviknight|Corviknight, F|66\/100\n|-ability|p2a: Corviknight|Pressure\n|move|p1a: Rillaboom|U-turn|p2a: Corviknight\n|-resisted|p2a: Corviknight\n|-damage|p2a: Corviknight|58\/100\n|\n|t:|1700959835\n|switch|p1a: Volcarona|Volcarona, M|100\/100|[from] U-turn\n|\n|-heal|p2a: Corviknight|64\/100|[from] item: Leftovers\n|upkeep\n|turn|34\n|\n|t:|1700959838\n|switch|p2a: Blissey|Blissey, F|100\/100\n|move|p1a: Volcarona|Quiver Dance|p1a: Volcarona\n|-boost|p1a: Volcarona|spa|1\n|-boost|p1a: Volcarona|spd|1\n|-boost|p1a: Volcarona|spe|1\n|\n|upkeep\n|turn|35\n|\n|t:|1700959841\n|move|p1a: Volcarona|Fiery Dance|p2a: Blissey\n|-damage|p2a: Blissey|82\/100\n|-boost|p1a: Volcarona|spa|1\n|move|p2a: Blissey|Calm Mind|p2a: Blissey\n|-boost|p2a: Blissey|spa|1\n|-boost|p2a: Blissey|spd|1\n|\n|-heal|p2a: Blissey|88\/100|[from] Grassy Terrain\n|upkeep\n|turn|36\n|\n|t:|1700959848\n|move|p1a: Volcarona|Fiery Dance|p2a: Blissey\n|-damage|p2a: Blissey|72\/100\n|-boost|p1a: Volcarona|spa|1\n|move|p2a: Blissey|Seismic Toss|p1a: Volcarona\n|-damage|p1a: Volcarona|68\/100\n|\n|-heal|p1a: Volcarona|74\/100|[from] Grassy Terrain\n|-heal|p2a: Blissey|78\/100|[from] Grassy Terrain\n|upkeep\n|turn|37\n|\n|t:|1700959850\n|move|p1a: Volcarona|Fiery Dance|p2a: Blissey\n|-damage|p2a: Blissey|58\/100\n|move|p2a: Blissey|Calm Mind|p2a: Blissey\n|-boost|p2a: Blissey|spa|1\n|-boost|p2a: Blissey|spd|1\n|\n|-heal|p1a: Volcarona|81\/100|[from] Grassy Terrain\n|-heal|p2a: Blissey|64\/100|[from] Grassy Terrain\n|-fieldend|move: Grassy Terrain\n|upkeep\n|turn|38\n|\n|t:|1700959853\n|move|p1a: Volcarona|Fiery Dance|p2a: Blissey\n|-damage|p2a: Blissey|49\/100\n|move|p2a: Blissey|Calm Mind|p2a: Blissey\n|-boost|p2a: Blissey|spa|1\n|-boost|p2a: Blissey|spd|1\n|\n|upkeep\n|turn|39\n|\n|t:|1700959856\n|move|p1a: Volcarona|Quiver Dance|p1a: Volcarona\n|-boost|p1a: Volcarona|spa|1\n|-boost|p1a: Volcarona|spd|1\n|-boost|p1a: Volcarona|spe|1\n|move|p2a: Blissey|Soft-Boiled|p2a: Blissey\n|-heal|p2a: Blissey|99\/100\n|\n|upkeep\n|turn|40\n|\n|t:|1700959860\n|move|p1a: Volcarona|Fiery Dance|p2a: Blissey\n|-damage|p2a: Blissey|85\/100\n|-boost|p1a: Volcarona|spa|1\n|move|p2a: Blissey|Calm Mind|p2a: Blissey\n|-boost|p2a: Blissey|spa|1\n|-boost|p2a: Blissey|spd|1\n|\n|upkeep\n|turn|41\n|\n|t:|1700959862\n|move|p1a: Volcarona|Fiery Dance|p2a: Blissey\n|-damage|p2a: Blissey|70\/100\n|move|p2a: Blissey|Seismic Toss|p1a: Volcarona\n|-damage|p1a: Volcarona|48\/100\n|-status|p2a: Blissey|brn|[from] ability: Flame Body|[of] p1a: Volcarona\n|\n|-damage|p2a: Blissey|64\/100 brn|[from] brn\n|upkeep\n|turn|42\n|\n|t:|1700959865\n|move|p1a: Volcarona|Fiery Dance|p2a: Blissey\n|-damage|p2a: Blissey|50\/100 brn\n|-boost|p1a: Volcarona|spa|1\n|move|p2a: Blissey|Soft-Boiled|p2a: Blissey\n|-heal|p2a: Blissey|99\/100 brn\n|\n|-damage|p2a: Blissey|94\/100 brn|[from] brn\n|upkeep\n|turn|43\n|\n|t:|1700959871\n|move|p1a: Volcarona|Fiery Dance|p2a: Blissey\n|-damage|p2a: Blissey|79\/100 brn\n|move|p2a: Blissey|Seismic Toss|p1a: Volcarona\n|-damage|p1a: Volcarona|16\/100\n|\n|-damage|p2a: Blissey|73\/100 brn|[from] brn\n|upkeep\n|turn|44\n|\n|t:|1700959874\n|move|p1a: Volcarona|Fiery Dance|p2a: Blissey\n|-damage|p2a: Blissey|58\/100 brn\n|move|p2a: Blissey|Seismic Toss|p1a: Volcarona\n|-damage|p1a: Volcarona|0 fnt\n|faint|p1a: Volcarona\n|\n|-damage|p2a: Blissey|51\/100 brn|[from] brn\n|upkeep\n|\n|t:|1700959877\n|switch|p1a: Sneasler|Sneasler, F|50\/100\n|turn|45\n|\n|t:|1700959879\n|move|p1a: Sneasler|Dire Claw|p2a: Blissey\n|-damage|p2a: Blissey|0 fnt\n|faint|p2a: Blissey\n|\n|upkeep\n|\n|t:|1700959882\n|switch|p2a: Gliscor|Gliscor, M|55\/100 tox\n|turn|46\n|\n|t:|1700959887\n|-terastallize|p1a: Sneasler|Flying\n|move|p2a: Gliscor|Protect|p2a: Gliscor\n|-singleturn|p2a: Gliscor|Protect\n|move|p1a: Sneasler|Acrobatics|p2a: Gliscor\n|-activate|p2a: Gliscor|move: Protect\n|\n|-heal|p2a: Gliscor|68\/100 tox|[from] ability: Poison Heal\n|upkeep\n|turn|47\n|\n|t:|1700959892\n|move|p1a: Sneasler|Acrobatics|p2a: Gliscor\n|-damage|p2a: Gliscor|28\/100 tox\n|move|p2a: Gliscor|Toxic|p1a: Sneasler\n|-status|p1a: Sneasler|tox\n|\n|-damage|p1a: Sneasler|44\/100 tox|[from] psn\n|-heal|p2a: Gliscor|40\/100 tox|[from] ability: Poison Heal\n|upkeep\n|turn|48\n|\n|t:|1700959897\n|move|p2a: Gliscor|Protect|p2a: Gliscor\n|-singleturn|p2a: Gliscor|Protect\n|move|p1a: Sneasler|Acrobatics|p2a: Gliscor\n|-activate|p2a: Gliscor|move: Protect\n|\n|-damage|p1a: Sneasler|32\/100 tox|[from] psn\n|-heal|p2a: Gliscor|52\/100 tox|[from] ability: Poison Heal\n|upkeep\n|turn|49\n|\n|t:|1700959900\n|switch|p2a: Corviknight|Corviknight, F|64\/100\n|-ability|p2a: Corviknight|Pressure\n|move|p1a: Sneasler|Acrobatics|p2a: Corviknight\n|-resisted|p2a: Corviknight\n|-damage|p2a: Corviknight|37\/100\n|\n|-heal|p2a: Corviknight|44\/100|[from] item: Leftovers\n|-damage|p1a: Sneasler|14\/100 tox|[from] psn\n|upkeep\n|turn|50\n|\n|t:|1700959903\n|move|p2a: Corviknight|Protect|p2a: Corviknight\n|-singleturn|p2a: Corviknight|Protect\n|move|p1a: Sneasler|Swords Dance|p1a: Sneasler\n|-boost|p1a: Sneasler|atk|2\n|\n|-heal|p2a: Corviknight|50\/100|[from] item: Leftovers\n|-damage|p1a: Sneasler|0 fnt|[from] psn\n|faint|p1a: Sneasler\n|upkeep\n|\n|t:|1700959905\n|switch|p1a: Rillaboom|Rillaboom, M|100\/100\n|-fieldstart|move: Grassy Terrain|[from] ability: Grassy Surge|[of] p1a: Rillaboom\n|turn|51\n|\n|t:|1700959908\n|move|p1a: Rillaboom|Wood Hammer|p2a: Corviknight\n|-resisted|p2a: Corviknight\n|-damage|p2a: Corviknight|22\/100\n|-damage|p1a: Rillaboom|90\/100|[from] Recoil\n|move|p2a: Corviknight|Roost|p2a: Corviknight\n|-heal|p2a: Corviknight|72\/100\n|-singleturn|p2a: Corviknight|move: Roost\n|\n|-heal|p1a: Rillaboom|96\/100|[from] Grassy Terrain\n|-heal|p2a: Corviknight|78\/100|[from] Grassy Terrain\n|-heal|p2a: Corviknight|85\/100|[from] item: Leftovers\n|upkeep\n|turn|52\n|\n|t:|1700959912\n|move|p2a: Corviknight|Protect|p2a: Corviknight\n|-singleturn|p2a: Corviknight|Protect\n|move|p1a: Rillaboom|Wood Hammer|p2a: Corviknight\n|-activate|p2a: Corviknight|move: Protect\n|\n|-heal|p1a: Rillaboom|100\/100|[from] Grassy Terrain\n|-heal|p2a: Corviknight|91\/100|[from] item: Leftovers\n|upkeep\n|turn|53\n|\n|t:|1700959915\n|move|p1a: Rillaboom|Wood Hammer|p2a: Corviknight\n|-resisted|p2a: Corviknight\n|-damage|p2a: Corviknight|66\/100\n|-damage|p1a: Rillaboom|91\/100|[from] Recoil\n|move|p2a: Corviknight|Defog|p1a: Rillaboom\n|-unboost|p1a: Rillaboom|evasion|1\n|-fieldend|move: Grassy Terrain\n|\n|-heal|p2a: Corviknight|72\/100|[from] item: Leftovers\n|upkeep\n|turn|54\n|\n|t:|1700959918\n|move|p2a: Corviknight|Protect|p2a: Corviknight\n|-singleturn|p2a: Corviknight|Protect\n|move|p1a: Rillaboom|Wood Hammer|p2a: Corviknight\n|-activate|p2a: Corviknight|move: Protect\n|\n|-heal|p2a: Corviknight|79\/100|[from] item: Leftovers\n|upkeep\n|turn|55\n|\n|t:|1700959922\n|move|p1a: Rillaboom|Wood Hammer|p2a: Corviknight\n|-resisted|p2a: Corviknight\n|-damage|p2a: Corviknight|57\/100\n|-damage|p1a: Rillaboom|83\/100|[from] Recoil\n|move|p2a: Corviknight|Defog|p1a: Rillaboom\n|-unboost|p1a: Rillaboom|evasion|1\n|\n|-heal|p2a: Corviknight|63\/100|[from] item: Leftovers\n|upkeep\n|turn|56\n|-message|Forever1507 forfeited.\n|\n|win|jkljlkh\n|raw|Forever1507's rating: 1628 &rarr; <strong>1620<\/strong><br \/>(-8 for losing)\n|raw|jkljlkh's rating: 1871 &rarr; <strong>1879<\/strong><br \/>(+8 for winning)\n|l|\u2606Forever1507\n","uploadtime":1700959928,"views":5,"p1id":"forever1507","p2id":"jkljlkh","formatid":"gen9nationaldex","rating":1620,"private":0,"password":""}