{"id":"gen9nationaldex-1995174939","p1":"LanceDeSalamence","p2":"The Brocha","format":"[Gen 9] National Dex","log":"|html|<div class=\"broadcast-blue\"><strong>[Gen 9] National Dex is currently suspecting Sneasler! For information on how to participate check out the <a href=\"https:\/\/www.smogon.com\/forums\/threads\/sv-national-dex-suspect-8-just-dance.3731534\/\">suspect thread<\/a>.<\/strong><\/div>\n|j|\u2606LanceDeSalamence\n|j|\u2606The Brocha\n|t:|1700530979\n|gametype|singles\n|player|p1|LanceDeSalamence|veteran|1341\n|player|p2|The Brocha|ninjaboy|1412\n|teamsize|p1|6\n|teamsize|p2|6\n|gen|9\n|tier|[Gen 9] National Dex\n|rated|\n|rule|HP Percentage Mod: HP is shown in percentages\n|rule|Endless Battle Clause: Forcing endless battles is banned\n|rule|OHKO Clause: OHKO moves are banned\n|rule|Evasion Clause: Evasion abilities, items, and moves are banned\n|rule|Evasion Abilities Clause: Evasion abilities are banned\n|rule|Evasion Items Clause: Evasion items are banned\n|rule|Evasion Moves Clause: Evasion moves are banned\n|rule|Species Clause: Limit one of each Pok\u00e9mon\n|rule|Sleep Clause Mod: Limit one foe put to sleep\n|clearpoke\n|poke|p1|Alomomola, F|\n|poke|p1|Banette, F|\n|poke|p1|Cinderace, M|\n|poke|p1|Gliscor, F|\n|poke|p1|Iron Jugulis|\n|poke|p1|Tapu Koko|\n|poke|p2|Rillaboom, F|\n|poke|p2|Aegislash, M|\n|poke|p2|Alomomola, F|\n|poke|p2|Hawlucha, M|\n|poke|p2|Nidoking, M|\n|poke|p2|Kleavor, M|\n|teampreview\n|inactive|Battle timer is ON: inactive players will automatically lose when time's up. (requested by LanceDeSalamence)\n|\n|t:|1700530993\n|start\n|switch|p1a: Tapu Koko|Tapu Koko|100\/100\n|switch|p2a: Rillaboom|Rillaboom, F|100\/100\n|-fieldstart|move: Electric Terrain|[from] ability: Electric Surge|[of] p1a: Tapu Koko\n|-fieldstart|move: Grassy Terrain|[from] ability: Grassy Surge|[of] p2a: Rillaboom\n|turn|1\n|\n|t:|1700531002\n|move|p1a: Tapu Koko|U-turn|p2a: Rillaboom\n|-supereffective|p2a: Rillaboom\n|-damage|p2a: Rillaboom|65\/100\n|\n|t:|1700531016\n|switch|p1a: Iron Jugulis|Iron Jugulis|100\/100|[from] U-turn\n|move|p2a: Rillaboom|Wood Hammer|p1a: Iron Jugulis\n|-resisted|p1a: Iron Jugulis\n|-damage|p1a: Iron Jugulis|29\/100\n|-damage|p2a: Rillaboom|42\/100|[from] Recoil\n|\n|-heal|p2a: Rillaboom|48\/100|[from] Grassy Terrain\n|upkeep\n|turn|2\n|\n|t:|1700531025\n|-end|p1a: Iron Jugulis|Quark Drive|[silent]\n|switch|p1a: Tapu Koko|Tapu Koko|100\/100\n|-fieldstart|move: Electric Terrain|[from] ability: Electric Surge|[of] p1a: Tapu Koko\n|switch|p2a: Alomomola|Alomomola, F|100\/100\n|\n|upkeep\n|turn|3\n|\n|t:|1700531035\n|switch|p2a: Nidoking|Nidoking, M, shiny|100\/100\n|move|p1a: Tapu Koko|U-turn|p2a: Nidoking\n|-resisted|p2a: Nidoking\n|-damage|p2a: Nidoking|90\/100\n|\n|t:|1700531040\n|switch|p1a: Gliscor|Gliscor, F|100\/100|[from] U-turn\n|\n|-status|p1a: Gliscor|tox|[from] item: Toxic Orb\n|upkeep\n|turn|4\n|\n|t:|1700531045\n|move|p1a: Gliscor|Protect|p1a: Gliscor\n|-singleturn|p1a: Gliscor|Protect\n|move|p2a: Nidoking|Ice Beam|p1a: Gliscor\n|-activate|p1a: Gliscor|move: Protect\n|\n|upkeep\n|turn|5\n|\n|t:|1700531050\n|switch|p1a: Alomomola|Alomomola, F|100\/100\n|move|p2a: Nidoking|Ice Beam|p1a: Alomomola\n|-resisted|p1a: Alomomola\n|-damage|p1a: Alomomola|78\/100\n|\n|upkeep\n|turn|6\n|\n|t:|1700531057\n|move|p2a: Nidoking|Thunderbolt|p1a: Alomomola\n|-supereffective|p1a: Alomomola\n|-damage|p1a: Alomomola|0 fnt\n|faint|p1a: Alomomola\n|\n|-fieldend|move: Electric Terrain\n|upkeep\n|\n|t:|1700531067\n|switch|p1a: Gliscor|Gliscor, F|100\/100 tox\n|turn|7\n|\n|t:|1700531074\n|switch|p2a: Alomomola|Alomomola, F|100\/100\n|-terastallize|p1a: Gliscor|Normal\n|move|p1a: Gliscor|Swords Dance|p1a: Gliscor\n|-boost|p1a: Gliscor|atk|2\n|\n|upkeep\n|turn|8\n|\n|t:|1700531082\n|move|p1a: Gliscor|Swords Dance|p1a: Gliscor\n|-boost|p1a: Gliscor|atk|2\n|move|p2a: Alomomola|Flip Turn|p1a: Gliscor\n|-damage|p1a: Gliscor|85\/100 tox\n|inactive|The Brocha has 120 seconds left.\n|\n|t:|1700531129\n|switch|p2a: Kleavor|Kleavor, M|100\/100|[from] Flip Turn\n|\n|-heal|p1a: Gliscor|97\/100 tox|[from] ability: Poison Heal\n|upkeep\n|turn|9\n|\n|t:|1700531136\n|move|p2a: Kleavor|Stone Axe|p1a: Gliscor\n|-damage|p1a: Gliscor|48\/100 tox\n|-sidestart|p1: LanceDeSalamence|move: Stealth Rock\n|move|p1a: Gliscor|Earthquake|p2a: Kleavor\n|-damage|p2a: Kleavor|0 fnt\n|faint|p2a: Kleavor\n|\n|-heal|p1a: Gliscor|61\/100 tox|[from] ability: Poison Heal\n|upkeep\n|inactive|The Brocha has 90 seconds left.\n|\n|t:|1700531173\n|switch|p2a: Rillaboom|Rillaboom, F|48\/100\n|-fieldstart|move: Grassy Terrain|[from] ability: Grassy Surge|[of] p2a: Rillaboom\n|turn|10\n|inactive|The Brocha has 90 seconds left.\n|\n|t:|1700531181\n|-terastallize|p2a: Rillaboom|Grass\n|move|p1a: Gliscor|Protect|p1a: Gliscor\n|-singleturn|p1a: Gliscor|Protect\n|move|p2a: Rillaboom|Grassy Glide|p1a: Gliscor\n|-activate|p1a: Gliscor|move: Protect\n|\n|-heal|p1a: Gliscor|67\/100 tox|[from] Grassy Terrain\n|-heal|p2a: Rillaboom|54\/100|[from] Grassy Terrain\n|-heal|p1a: Gliscor|79\/100 tox|[from] ability: Poison Heal\n|upkeep\n|turn|11\n|\n|t:|1700531189\n|move|p2a: Rillaboom|Grassy Glide|p1a: Gliscor\n|-damage|p1a: Gliscor|4\/100 tox\n|move|p1a: Gliscor|Facade|p2a: Rillaboom\n|-damage|p2a: Rillaboom|0 fnt\n|faint|p2a: Rillaboom\n|\n|-heal|p1a: Gliscor|10\/100 tox|[from] Grassy Terrain\n|-heal|p1a: Gliscor|23\/100 tox|[from] ability: Poison Heal\n|upkeep\n|\n|t:|1700531194\n|switch|p2a: Hawlucha|Hawlucha, M|100\/100\n|-enditem|p2a: Hawlucha|Grassy Seed\n|-boost|p2a: Hawlucha|def|1|[from] item: Grassy Seed\n|turn|12\n|\n|t:|1700531199\n|move|p2a: Hawlucha|Acrobatics|p1a: Gliscor\n|-damage|p1a: Gliscor|0 fnt\n|faint|p1a: Gliscor\n|\n|upkeep\n|\n|t:|1700531204\n|switch|p1a: Tapu Koko|Tapu Koko|100\/100\n|-damage|p1a: Tapu Koko|88\/100|[from] Stealth Rock\n|-fieldstart|move: Electric Terrain|[from] ability: Electric Surge|[of] p1a: Tapu Koko\n|turn|13\n|inactive|The Brocha has 120 seconds left.\n|\n|t:|1700531211\n|move|p2a: Hawlucha|Acrobatics|p1a: Tapu Koko\n|-resisted|p1a: Tapu Koko\n|-damage|p1a: Tapu Koko|51\/100\n|move|p1a: Tapu Koko|Hidden Power|p2a: Hawlucha\n|-supereffective|p2a: Hawlucha\n|-damage|p2a: Hawlucha|28\/100\n|\n|upkeep\n|turn|14\n|\n|t:|1700531221\n|move|p2a: Hawlucha|Close Combat|p1a: Tapu Koko\n|-resisted|p1a: Tapu Koko\n|-damage|p1a: Tapu Koko|16\/100\n|-unboost|p2a: Hawlucha|def|1\n|-unboost|p2a: Hawlucha|spd|1\n|move|p1a: Tapu Koko|Hidden Power|p2a: Hawlucha\n|-supereffective|p2a: Hawlucha\n|-damage|p2a: Hawlucha|0 fnt\n|faint|p2a: Hawlucha\n|\n|upkeep\n|\n|t:|1700531227\n|switch|p2a: Aegislash|Aegislash, M, shiny|100\/100\n|turn|15\n|\n|t:|1700531232\n|switch|p1a: Cinderace|Cinderace, M|100\/100\n|-formechange|p2a: Aegislash|Aegislash-Blade||[from] ability: Stance Change\n|move|p2a: Aegislash|Shadow Ball|p1a: Cinderace\n|-damage|p1a: Cinderace|35\/100\n|\n|upkeep\n|turn|16\n|\n|t:|1700531240\n|switch|p2a: Alomomola|Alomomola, F|100\/100\n|move|p1a: Cinderace|Pyro Ball|p2a: Alomomola|[miss]\n|-miss|p1a: Cinderace|p2a: Alomomola\n|\n|upkeep\n|turn|17\n|\n|t:|1700531246\n|move|p1a: Cinderace|Court Change|p1a: Cinderace\n|-start|p1a: Cinderace|typechange|Normal|[from] ability: Libero\n|-swapsideconditions\n|-activate|p1a: Cinderace|move: Court Change\n|move|p2a: Alomomola|Flip Turn|p1a: Cinderace\n|-damage|p1a: Cinderace|11\/100\n|\n|t:|1700531254\n|switch|p2a: Aegislash|Aegislash, M, shiny|100\/100|[from] Flip Turn\n|-damage|p2a: Aegislash|94\/100|[from] Stealth Rock\n|\n|-heal|p2a: Aegislash|100\/100|[from] item: Leftovers\n|-fieldend|move: Electric Terrain\n|upkeep\n|turn|18\n|\n|t:|1700531263\n|move|p1a: Cinderace|Pyro Ball|p2a: Aegislash\n|-supereffective|p2a: Aegislash\n|-damage|p2a: Aegislash|40\/100\n|-formechange|p2a: Aegislash|Aegislash-Blade||[from] ability: Stance Change\n|move|p2a: Aegislash|Flash Cannon|p1a: Cinderace\n|-damage|p1a: Cinderace|0 fnt\n|faint|p1a: Cinderace\n|\n|-heal|p2a: Aegislash|46\/100|[from] item: Leftovers\n|upkeep\n|\n|t:|1700531271\n|switch|p1a: Tapu Koko|Tapu Koko|16\/100\n|-fieldstart|move: Electric Terrain|[from] ability: Electric Surge|[of] p1a: Tapu Koko\n|turn|19\n|\n|t:|1700531280\n|-formechange|p2a: Aegislash|Aegislash||[from] ability: Stance Change\n|move|p2a: Aegislash|King's Shield|p2a: Aegislash\n|-singleturn|p2a: Aegislash|Protect\n|move|p1a: Tapu Koko|U-turn|p2a: Aegislash\n|-activate|p2a: Aegislash|move: Protect\n|-unboost|p1a: Tapu Koko|atk|1\n|\n|-heal|p2a: Aegislash|52\/100|[from] item: Leftovers\n|upkeep\n|turn|20\n|l|\u2606LanceDeSalamence\n|inactive|LanceDeSalamence disconnected and has a minute to reconnect!\n|player|p1|\n|j|\u2606LanceDeSalamence\n|inactive|LanceDeSalamence reconnected and has 130 seconds left.\n|player|p1|LanceDeSalamence|veteran\n|\n|t:|1700531310\n|move|p1a: Tapu Koko|U-turn|p2a: Aegislash\n|-resisted|p2a: Aegislash\n|-damage|p2a: Aegislash|50\/100\n|\n|t:|1700531313\n|switch|p1a: Iron Jugulis|Iron Jugulis|29\/100|[from] U-turn\n|-activate|p1a: Iron Jugulis|ability: Quark Drive\n|-start|p1a: Iron Jugulis|quarkdrivespe\n|-formechange|p2a: Aegislash|Aegislash-Blade||[from] ability: Stance Change\n|move|p2a: Aegislash|Flash Cannon|p1a: Iron Jugulis\n|-damage|p1a: Iron Jugulis|0 fnt\n|faint|p1a: Iron Jugulis\n|-end|p1a: Iron Jugulis|Quark Drive|[silent]\n|\n|-heal|p2a: Aegislash|56\/100|[from] item: Leftovers\n|upkeep\n|\n|t:|1700531322\n|switch|p1a: Banette|Banette, F|100\/100\n|turn|21\n|\n|t:|1700531335\n|detailschange|p1a: Banette|Banette-Mega, F\n|-mega|p1a: Banette|Banette|Banettite\n|move|p1a: Banette|Poltergeist|p2a: Aegislash\n|-activate|p2a: Aegislash|move: Poltergeist|Leftovers\n|-supereffective|p2a: Aegislash\n|-damage|p2a: Aegislash|0 fnt\n|faint|p2a: Aegislash\n|\n|upkeep\n|inactive|The Brocha has 120 seconds left.\n|\n|t:|1700531363\n|switch|p2a: Alomomola|Alomomola, F|100\/100\n|-damage|p2a: Alomomola|88\/100|[from] Stealth Rock\n|turn|22\n|\n|t:|1700531369\n|move|p1a: Banette|Poltergeist|p2a: Alomomola\n|-activate|p2a: Alomomola|move: Poltergeist|Eject Button\n|-damage|p2a: Alomomola|57\/100\n|-enditem|p2a: Alomomola|Eject Button\n|\n|t:|1700531374\n|switch|p2a: Nidoking|Nidoking, M, shiny|90\/100\n|-damage|p2a: Nidoking|84\/100|[from] Stealth Rock\n|\n|upkeep\n|turn|23\n|\n|t:|1700531379\n|switch|p2a: Alomomola|Alomomola, F|90\/100\n|-damage|p2a: Alomomola|78\/100|[from] Stealth Rock\n|move|p1a: Banette|Poltergeist||[still]\n|-fail|p1a: Banette\n|\n|-fieldend|move: Electric Terrain\n|upkeep\n|turn|24\n|\n|t:|1700531391\n|move|p1a: Banette|Will-O-Wisp|p2a: Alomomola\n|-status|p2a: Alomomola|brn\n|move|p2a: Alomomola|Flip Turn|p1a: Banette\n|-damage|p1a: Banette|90\/100\n|\n|t:|1700531395\n|switch|p2a: Nidoking|Nidoking, M, shiny|84\/100|[from] Flip Turn\n|-damage|p2a: Nidoking|78\/100|[from] Stealth Rock\n|\n|upkeep\n|turn|25\n|\n|t:|1700531398\n|switch|p2a: Alomomola|Alomomola, F|100\/100 brn\n|-damage|p2a: Alomomola|88\/100 brn|[from] Stealth Rock\n|move|p1a: Banette|Shadow Sneak|p2a: Alomomola\n|-damage|p2a: Alomomola|77\/100 brn\n|\n|-damage|p2a: Alomomola|71\/100 brn|[from] brn\n|upkeep\n|turn|26\n|\n|t:|1700531402\n|move|p1a: Banette|Shadow Sneak|p2a: Alomomola\n|-damage|p2a: Alomomola|59\/100 brn\n|move|p2a: Alomomola|Knock Off|p1a: Banette\n|-supereffective|p1a: Banette\n|-damage|p1a: Banette|73\/100\n|\n|-damage|p2a: Alomomola|53\/100 brn|[from] brn\n|upkeep\n|turn|27\n|\n|t:|1700531407\n|move|p1a: Banette|Shadow Sneak|p2a: Alomomola\n|-damage|p2a: Alomomola|42\/100 brn\n|move|p2a: Alomomola|Toxic|p1a: Banette\n|-status|p1a: Banette|tox\n|\n|-damage|p1a: Banette|67\/100 tox|[from] psn\n|-damage|p2a: Alomomola|36\/100 brn|[from] brn\n|upkeep\n|turn|28\n|\n|t:|1700531410\n|move|p1a: Banette|Shadow Sneak|p2a: Alomomola\n|-damage|p2a: Alomomola|24\/100 brn\n|move|p2a: Alomomola|Flip Turn|p1a: Banette\n|-damage|p1a: Banette|56\/100 tox\n|\n|t:|1700531413\n|switch|p2a: Nidoking|Nidoking, M, shiny|78\/100|[from] Flip Turn\n|-damage|p2a: Nidoking|72\/100|[from] Stealth Rock\n|\n|-damage|p1a: Banette|44\/100 tox|[from] psn\n|upkeep\n|turn|29\n|\n|t:|1700531417\n|switch|p2a: Alomomola|Alomomola, F|57\/100 brn\n|-damage|p2a: Alomomola|45\/100 brn|[from] Stealth Rock\n|move|p1a: Banette|Shadow Sneak|p2a: Alomomola\n|-damage|p2a: Alomomola|34\/100 brn\n|\n|-damage|p1a: Banette|26\/100 tox|[from] psn\n|-damage|p2a: Alomomola|27\/100 brn|[from] brn\n|upkeep\n|turn|30\n|\n|t:|1700531421\n|move|p1a: Banette|Shadow Sneak|p2a: Alomomola\n|-damage|p2a: Alomomola|16\/100 brn\n|move|p2a: Alomomola|Flip Turn|p1a: Banette\n|-damage|p1a: Banette|15\/100 tox\n|\n|t:|1700531429\n|switch|p2a: Nidoking|Nidoking, M, shiny|72\/100|[from] Flip Turn\n|-damage|p2a: Nidoking|66\/100|[from] Stealth Rock\n|\n|-damage|p1a: Banette|0 fnt|[from] psn\n|faint|p1a: Banette\n|upkeep\n|\n|t:|1700531431\n|switch|p1a: Tapu Koko|Tapu Koko|16\/100\n|-fieldstart|move: Electric Terrain|[from] ability: Electric Surge|[of] p1a: Tapu Koko\n|turn|31\n|\n|t:|1700531444\n|move|p1a: Tapu Koko|Hidden Power|p2a: Nidoking\n|-supereffective|p2a: Nidoking\n|-damage|p2a: Nidoking|0 fnt\n|faint|p2a: Nidoking\n|\n|upkeep\n|\n|t:|1700531448\n|switch|p2a: Alomomola|Alomomola, F|49\/100 brn\n|-damage|p2a: Alomomola|37\/100 brn|[from] Stealth Rock\n|turn|32\n|\n|t:|1700531460\n|move|p1a: Tapu Koko|Hidden Power|p2a: Alomomola\n|-resisted|p2a: Alomomola\n|-damage|p2a: Alomomola|22\/100 brn\n|move|p2a: Alomomola|Flip Turn|p1a: Tapu Koko\n|-damage|p1a: Tapu Koko|5\/100\n|\n|-damage|p2a: Alomomola|16\/100 brn|[from] brn\n|upkeep\n|turn|33\n|\n|t:|1700531466\n|move|p1a: Tapu Koko|Hidden Power|p2a: Alomomola\n|-resisted|p2a: Alomomola\n|-damage|p2a: Alomomola|1\/100 brn\n|move|p2a: Alomomola|Flip Turn|p1a: Tapu Koko\n|-damage|p1a: Tapu Koko|0 fnt\n|faint|p1a: Tapu Koko\n|\n|win|The Brocha\n|raw|LanceDeSalamence's rating: 1341 &rarr; <strong>1325<\/strong><br \/>(-16 for losing)\n|raw|The Brocha's rating: 1412 &rarr; <strong>1428<\/strong><br \/>(+16 for winning)\n|c|\u2606The Brocha|ggwp\n|c|\u2606LanceDeSalamence|gg\n|c|\u2606LanceDeSalamence|What an epic battle\n|l|\u2606LanceDeSalamence\n","uploadtime":1700531949,"views":2,"p1id":"lancedesalamence","p2id":"thebrocha","formatid":"gen9nationaldex","rating":1325,"private":0,"password":""}