{"id":"gen9nationaldex-1993242195","p1":"csb1123","p2":"wwaaa","format":"[Gen 9] National Dex","log":"|j|\u2606csb1123\n|j|\u2606wwaaa\n|t:|1700283002\n|gametype|singles\n|player|p1|csb1123|265|1725\n|player|p2|wwaaa|lillie-masters|1726\n|teamsize|p1|6\n|teamsize|p2|6\n|gen|9\n|tier|[Gen 9] National Dex\n|rated|\n|rule|HP Percentage Mod: HP is shown in percentages\n|rule|Endless Battle Clause: Forcing endless battles is banned\n|rule|OHKO Clause: OHKO moves are banned\n|rule|Evasion Clause: Evasion abilities, items, and moves are banned\n|rule|Evasion Abilities Clause: Evasion abilities are banned\n|rule|Evasion Items Clause: Evasion items are banned\n|rule|Evasion Moves Clause: Evasion moves are banned\n|rule|Species Clause: Limit one of each Pok\u00e9mon\n|rule|Sleep Clause Mod: Limit one foe put to sleep\n|clearpoke\n|poke|p1|Ogerpon, F|\n|poke|p1|Corviknight, F|\n|poke|p1|Clodsire, F|\n|poke|p1|Tyranitar, F|\n|poke|p1|Tapu Fini|\n|poke|p1|Banette, M|\n|poke|p2|Weavile, F|\n|poke|p2|Zamazenta-*|\n|poke|p2|Banette, F|\n|poke|p2|Dragonite, M|\n|poke|p2|Slowking-Galar, F|\n|poke|p2|Ferrothorn, M|\n|teampreview\n|inactive|Battle timer is ON: inactive players will automatically lose when time's up. (requested by csb1123)\n|j| zgiatq\u8d85\u7ea7\u53ef\u7231\u4e4b\u795e\n|\n|t:|1700283026\n|start\n|switch|p1a: Ogerpon|Ogerpon, F|100\/100\n|switch|p2a: Ferrothorn|Ferrothorn, M|100\/100\n|turn|1\n|\n|t:|1700283031\n|move|p1a: Ogerpon|Superpower|p2a: Ferrothorn\n|-supereffective|p2a: Ferrothorn\n|-damage|p2a: Ferrothorn|47\/100\n|-unboost|p1a: Ogerpon|atk|1\n|-unboost|p1a: Ogerpon|def|1\n|-damage|p1a: Ogerpon|88\/100|[from] ability: Iron Barbs|[of] p2a: Ferrothorn\n|move|p2a: Ferrothorn|Stealth Rock|p1a: Ogerpon\n|-sidestart|p1: csb1123|move: Stealth Rock\n|\n|-heal|p2a: Ferrothorn|53\/100|[from] item: Leftovers\n|upkeep\n|turn|2\n|\n|t:|1700283057\n|switch|p1a: Tyranitar|Tyranitar, F|100\/100\n|-damage|p1a: Tyranitar|88\/100|[from] Stealth Rock\n|-weather|Sandstorm|[from] ability: Sand Stream|[of] p1a: Tyranitar\n|move|p2a: Ferrothorn|Gyro Ball|p1a: Tyranitar\n|-supereffective|p1a: Tyranitar\n|-damage|p1a: Tyranitar|0 fnt\n|faint|p1a: Tyranitar\n|\n|-weather|Sandstorm|[upkeep]\n|-heal|p2a: Ferrothorn|59\/100|[from] item: Leftovers\n|upkeep\n|\n|t:|1700283067\n|switch|p1a: Banette|Banette, M|100\/100\n|-damage|p1a: Banette|88\/100|[from] Stealth Rock\n|turn|3\n|\n|t:|1700283078\n|switch|p2a: Weavile|Weavile, F|100\/100\n|-ability|p2a: Weavile|Pressure\n|detailschange|p1a: Banette|Banette-Mega, M\n|-mega|p1a: Banette|Banette|Banettite\n|move|p1a: Banette|Poltergeist|p2a: Weavile\n|-activate|p2a: Weavile|move: Poltergeist|Heavy-Duty Boots\n|-resisted|p2a: Weavile\n|-damage|p2a: Weavile|36\/100\n|\n|-weather|Sandstorm|[upkeep]\n|-damage|p2a: Weavile|30\/100|[from] Sandstorm\n|-damage|p1a: Banette|82\/100|[from] Sandstorm\n|upkeep\n|turn|4\n|\n|t:|1700283088\n|move|p1a: Banette|Destiny Bond|p1a: Banette\n|-singlemove|p1a: Banette|Destiny Bond\n|move|p2a: Weavile|Knock Off|p1a: Banette\n|-supereffective|p1a: Banette\n|-damage|p1a: Banette|0 fnt\n|faint|p1a: Banette\n|-activate|p1a: Banette|move: Destiny Bond\n|faint|p2a: Weavile\n|\n|-weather|Sandstorm|[upkeep]\n|upkeep\n|inactive|wwaaa has 120 seconds left.\n|\n|t:|1700283109\n|switch|p2a: Slowking|Slowking-Galar, F|100\/100\n|switch|p1a: Tapu Fini|Tapu Fini|100\/100\n|-fieldstart|move: Misty Terrain|[from] ability: Misty Surge|[of] p1a: Tapu Fini\n|turn|5\n|\n|t:|1700283117\n|-terastallize|p1a: Tapu Fini|Poison\n|move|p1a: Tapu Fini|Calm Mind|p1a: Tapu Fini\n|-boost|p1a: Tapu Fini|spa|1\n|-boost|p1a: Tapu Fini|spd|1\n|move|p2a: Slowking|Future Sight|p1a: Tapu Fini\n|-start|p2a: Slowking|move: Future Sight\n|\n|-weather|Sandstorm|[upkeep]\n|-damage|p1a: Tapu Fini|94\/100|[from] Sandstorm\n|-damage|p2a: Slowking|94\/100|[from] Sandstorm\n|upkeep\n|turn|6\n|\n|t:|1700283125\n|move|p1a: Tapu Fini|Calm Mind|p1a: Tapu Fini\n|-boost|p1a: Tapu Fini|spa|1\n|-boost|p1a: Tapu Fini|spd|1\n|move|p2a: Slowking|Chilly Reception|p2a: Slowking\n|-weather|Snow\n|\n|t:|1700283135\n|switch|p2a: Banette|Banette, F|100\/100|[from] Chilly Reception\n|-item|p1a: Tapu Fini|Heavy-Duty Boots|[from] ability: Frisk|[of] p2a: Banette|[identify]\n|\n|-weather|Snow|[upkeep]\n|upkeep\n|turn|7\n|\n|t:|1700283140\n|detailschange|p2a: Banette|Banette-Mega, F\n|-mega|p2a: Banette|Banette|Banettite\n|move|p2a: Banette|Encore|p1a: Tapu Fini\n|-start|p1a: Tapu Fini|Encore\n|move|p1a: Tapu Fini|Calm Mind|p1a: Tapu Fini\n|-boost|p1a: Tapu Fini|spa|1\n|-boost|p1a: Tapu Fini|spd|1\n|\n|-weather|Snow|[upkeep]\n|-end|p1a: Tapu Fini|move: Future Sight\n|-supereffective|p1a: Tapu Fini\n|-damage|p1a: Tapu Fini|68\/100\n|upkeep\n|turn|8\n|\n|t:|1700283147\n|switch|p1a: Ogerpon|Ogerpon, F|88\/100\n|move|p2a: Banette|Poltergeist|p1a: Ogerpon|[miss]\n|-miss|p2a: Banette|p1a: Ogerpon\n|\n|-weather|Snow|[upkeep]\n|upkeep\n|turn|9\n|\n|t:|1700283155\n|switch|p2a: Ferrothorn|Ferrothorn, M|59\/100\n|move|p1a: Ogerpon|Swords Dance|p1a: Ogerpon\n|-boost|p1a: Ogerpon|atk|2\n|\n|-weather|Snow|[upkeep]\n|-heal|p2a: Ferrothorn|65\/100|[from] item: Leftovers\n|-fieldend|Misty Terrain\n|upkeep\n|turn|10\n|\n|t:|1700283176\n|move|p1a: Ogerpon|Ivy Cudgel|p2a: Ferrothorn\n|-resisted|p2a: Ferrothorn\n|-damage|p2a: Ferrothorn|47\/100\n|move|p2a: Ferrothorn|Gyro Ball|p1a: Ogerpon\n|-damage|p1a: Ogerpon|26\/100\n|\n|-weather|none\n|-heal|p2a: Ferrothorn|54\/100|[from] item: Leftovers\n|upkeep\n|turn|11\n|\n|t:|1700283189\n|switch|p2a: Dragonite|Dragonite, M|100\/100\n|move|p1a: Ogerpon|Ivy Cudgel|p2a: Dragonite\n|-resisted|p2a: Dragonite\n|-damage|p2a: Dragonite|87\/100\n|\n|upkeep\n|turn|12\n|\n|t:|1700283197\n|switch|p1a: Corviknight|Corviknight, F|100\/100\n|-damage|p1a: Corviknight|88\/100|[from] Stealth Rock\n|-ability|p1a: Corviknight|Pressure\n|move|p2a: Dragonite|Extreme Speed|p1a: Corviknight\n|-resisted|p1a: Corviknight\n|-damage|p1a: Corviknight|79\/100\n|\n|upkeep\n|turn|13\n|\n|t:|1700283203\n|switch|p2a: Ferrothorn|Ferrothorn, M|54\/100\n|move|p1a: Corviknight|Iron Defense|p1a: Corviknight\n|-boost|p1a: Corviknight|def|2\n|\n|-heal|p2a: Ferrothorn|60\/100|[from] item: Leftovers\n|upkeep\n|turn|14\n|\n|t:|1700283210\n|switch|p2a: Banette|Banette-Mega, F|100\/100\n|move|p1a: Corviknight|Body Press|p2a: Banette\n|-immune|p2a: Banette\n|\n|upkeep\n|turn|15\n|-message|csb1123 forfeited.\n|\n|win|wwaaa\n|raw|csb1123's rating: 1725 &rarr; <strong>1705<\/strong><br \/>(-20 for losing)\n|raw|wwaaa's rating: 1726 &rarr; <strong>1746<\/strong><br \/>(+20 for winning)\n|l|\u2606csb1123\n","uploadtime":1700283223,"views":6,"p1id":"csb1123","p2id":"wwaaa","formatid":"gen9nationaldex","rating":1705,"private":0,"password":""}