{"id":"gen9nationaldex-1996204272","p1":"runeatest","p2":"allthewaytoheaven","format":"[Gen 9] National Dex","log":"|html|<div class=\"broadcast-blue\"><strong>[Gen 9] National Dex is currently suspecting Sneasler! For information on how to participate check out the <a href=\"https:\/\/www.smogon.com\/forums\/threads\/sv-national-dex-suspect-8-just-dance.3731534\/\">suspect thread<\/a>.<\/strong><\/div>\n|j|\u2606runeatest\n|j|\u203dallthewaytoheaven\n|t:|1700658812\n|gametype|singles\n|player|p1|runeatest|fisherman-gen4|1066\n|player|p2|allthewaytoheaven|ghetsis|1048\n|teamsize|p1|6\n|teamsize|p2|6\n|gen|9\n|tier|[Gen 9] National Dex\n|rated|\n|rule|HP Percentage Mod: HP is shown in percentages\n|rule|Endless Battle Clause: Forcing endless battles is banned\n|rule|OHKO Clause: OHKO moves are banned\n|rule|Evasion Clause: Evasion abilities, items, and moves are banned\n|rule|Evasion Abilities Clause: Evasion abilities are banned\n|rule|Evasion Items Clause: Evasion items are banned\n|rule|Evasion Moves Clause: Evasion moves are banned\n|rule|Species Clause: Limit one of each Pok\u00e9mon\n|rule|Sleep Clause Mod: Limit one foe put to sleep\n|clearpoke\n|poke|p1|Vaporeon, M|\n|poke|p1|Salamence, M|\n|poke|p1|Hitmontop, M|\n|poke|p1|Electivire, M|\n|poke|p1|Togekiss, M|\n|poke|p1|Houndoom, M|\n|poke|p2|Pelipper, F|\n|poke|p2|Swampert, F|\n|poke|p2|Greninja-*, M|\n|poke|p2|Zapdos|\n|poke|p2|Tapu Lele|\n|poke|p2|Ferrothorn, F|\n|teampreview\n|\n|t:|1700658837\n|start\n|switch|p1a: Salamence|Salamence, M|100\/100\n|switch|p2a: Pelipper|Pelipper, F|100\/100\n|-ability|p1a: Salamence|Intimidate|boost\n|-unboost|p2a: Pelipper|atk|1\n|-weather|RainDance|[from] ability: Drizzle|[of] p2a: Pelipper\n|turn|1\n|inactive|Battle timer is ON: inactive players will automatically lose when time's up. (requested by runeatest)\n|\n|t:|1700658850\n|move|p1a: Salamence|Draco Meteor|p2a: Pelipper\n|-damage|p2a: Pelipper|0 fnt\n|-unboost|p1a: Salamence|spa|2\n|faint|p2a: Pelipper\n|\n|-weather|RainDance|[upkeep]\n|upkeep\n|\n|t:|1700658856\n|switch|p2a: Swampert|Swampert, F|100\/100\n|turn|2\n|\n|t:|1700658859\n|switch|p1a: Vaporeon|Vaporeon, M|100\/100\n|detailschange|p2a: Swampert|Swampert-Mega, F\n|-mega|p2a: Swampert|Swampert|Swampertite\n|move|p2a: Swampert|Ice Punch|p1a: Vaporeon\n|-resisted|p1a: Vaporeon\n|-damage|p1a: Vaporeon|88\/100\n|\n|-weather|RainDance|[upkeep]\n|-heal|p1a: Vaporeon|95\/100|[from] item: Leftovers\n|upkeep\n|turn|3\n|\n|t:|1700658868\n|move|p2a: Swampert|Flip Turn|p1a: Vaporeon\n|-heal|p1a: Vaporeon|100\/100|[from] ability: Water Absorb|[of] p2a: Swampert\n|move|p1a: Vaporeon|Hydro Pump|p2a: Swampert\n|-damage|p2a: Swampert|22\/100\n|\n|-weather|RainDance|[upkeep]\n|upkeep\n|turn|4\n|\n|t:|1700658874\n|switch|p2a: Zapdos|Zapdos|100\/100\n|move|p1a: Vaporeon|Ice Beam|p2a: Zapdos\n|-supereffective|p2a: Zapdos\n|-damage|p2a: Zapdos|29\/100\n|\n|-weather|RainDance|[upkeep]\n|upkeep\n|turn|5\n|\n|t:|1700658881\n|switch|p1a: Electivire|Electivire, M, shiny|100\/100\n|-item|p1a: Electivire|Air Balloon\n|move|p2a: Zapdos|Thunder|p1a: Electivire\n|-ability|p1a: Electivire|Motor Drive|boost\n|-boost|p1a: Electivire|spe|1\n|\n|-weather|RainDance|[upkeep]\n|upkeep\n|turn|6\n|\n|t:|1700658889\n|move|p1a: Electivire|Ice Punch|p2a: Zapdos\n|-supereffective|p2a: Zapdos\n|-crit|p2a: Zapdos\n|-damage|p2a: Zapdos|0 fnt\n|faint|p2a: Zapdos\n|\n|-weather|RainDance|[upkeep]\n|upkeep\n|\n|t:|1700658897\n|switch|p2a: Greninja|Greninja, M|100\/100\n|turn|7\n|\n|t:|1700658900\n|switch|p1a: Vaporeon|Vaporeon, M|100\/100\n|-terastallize|p2a: Greninja|Water\n|move|p2a: Greninja|Surf|p1a: Vaporeon\n|-immune|p1a: Vaporeon|[from] ability: Water Absorb\n|\n|-weather|RainDance|[upkeep]\n|upkeep\n|turn|8\n|\n|t:|1700658907\n|move|p2a: Greninja|Grass Knot|p1a: Vaporeon\n|-supereffective|p1a: Vaporeon\n|-damage|p1a: Vaporeon|57\/100\n|-damage|p2a: Greninja|91\/100|[from] item: Life Orb\n|move|p1a: Vaporeon|Hidden Power|p2a: Greninja\n|-supereffective|p2a: Greninja\n|-damage|p2a: Greninja|27\/100\n|\n|-weather|none\n|-heal|p1a: Vaporeon|63\/100|[from] item: Leftovers\n|upkeep\n|turn|9\n|\n|t:|1700658916\n|move|p2a: Greninja|Grass Knot|p1a: Vaporeon\n|-supereffective|p1a: Vaporeon\n|-damage|p1a: Vaporeon|25\/100\n|-damage|p2a: Greninja|17\/100|[from] item: Life Orb\n|move|p1a: Vaporeon|Hidden Power|p2a: Greninja\n|-supereffective|p2a: Greninja\n|-damage|p2a: Greninja|0 fnt\n|faint|p2a: Greninja\n|\n|-heal|p1a: Vaporeon|32\/100|[from] item: Leftovers\n|upkeep\n|\n|t:|1700658920\n|switch|p2a: Tapu Lele|Tapu Lele|100\/100\n|-fieldstart|move: Psychic Terrain|[from] ability: Psychic Surge|[of] p2a: Tapu Lele\n|turn|10\n|\n|t:|1700658928\n|switch|p1a: Togekiss|Togekiss, M, shiny|100\/100\n|move|p2a: Tapu Lele|Moonblast|p1a: Togekiss\n|-damage|p1a: Togekiss|55\/100\n|\n|upkeep\n|turn|11\n|\n|t:|1700658935\n|switch|p2a: Ferrothorn|Ferrothorn, F|100\/100\n|move|p1a: Togekiss|Air Slash|p2a: Ferrothorn\n|-damage|p2a: Ferrothorn|66\/100\n|\n|-heal|p2a: Ferrothorn|73\/100|[from] item: Leftovers\n|upkeep\n|turn|12\n|\n|t:|1700658942\n|move|p1a: Togekiss|Air Slash|p2a: Ferrothorn\n|-damage|p2a: Ferrothorn|39\/100\n|cant|p2a: Ferrothorn|flinch\n|\n|-heal|p2a: Ferrothorn|46\/100|[from] item: Leftovers\n|upkeep\n|turn|13\n|\n|t:|1700658948\n|move|p1a: Togekiss|Air Slash|p2a: Ferrothorn\n|-damage|p2a: Ferrothorn|15\/100\n|cant|p2a: Ferrothorn|flinch\n|\n|-heal|p2a: Ferrothorn|21\/100|[from] item: Leftovers\n|upkeep\n|turn|14\n|\n|t:|1700658957\n|move|p1a: Togekiss|Air Slash|p2a: Ferrothorn\n|-damage|p2a: Ferrothorn|0 fnt\n|faint|p2a: Ferrothorn\n|\n|-fieldend|move: Psychic Terrain\n|upkeep\n|\n|t:|1700658959\n|switch|p2a: Tapu Lele|Tapu Lele|100\/100\n|-fieldstart|move: Psychic Terrain|[from] ability: Psychic Surge|[of] p2a: Tapu Lele\n|turn|15\n|\n|t:|1700658964\n|move|p2a: Tapu Lele|Moonblast|p1a: Togekiss\n|-damage|p1a: Togekiss|7\/100\n|move|p1a: Togekiss|Air Slash|p2a: Tapu Lele\n|-damage|p2a: Tapu Lele|64\/100\n|\n|upkeep\n|turn|16\n|\n|t:|1700658970\n|move|p2a: Tapu Lele|Moonblast|p1a: Togekiss\n|-damage|p1a: Togekiss|0 fnt\n|faint|p1a: Togekiss\n|\n|upkeep\n|\n|t:|1700658974\n|switch|p1a: Houndoom|Houndoom, M|100\/100\n|turn|17\n|\n|t:|1700658982\n|move|p2a: Tapu Lele|Moonblast|p1a: Houndoom\n|-damage|p1a: Houndoom|27\/100\n|move|p1a: Houndoom|Sludge Bomb|p2a: Tapu Lele\n|-supereffective|p2a: Tapu Lele\n|-damage|p2a: Tapu Lele|7\/100\n|\n|upkeep\n|turn|18\n|\n|t:|1700658990\n|move|p2a: Tapu Lele|Moonblast|p1a: Houndoom\n|-damage|p1a: Houndoom|0 fnt\n|faint|p1a: Houndoom\n|\n|upkeep\n|\n|t:|1700659001\n|switch|p1a: Salamence|Salamence, M|100\/100\n|-ability|p1a: Salamence|Intimidate|boost\n|-unboost|p2a: Tapu Lele|atk|1\n|turn|19\n|\n|t:|1700659005\n|-terastallize|p1a: Salamence|Fire\n|move|p2a: Tapu Lele|Moonblast|p1a: Salamence\n|-resisted|p1a: Salamence\n|-damage|p1a: Salamence|72\/100\n|move|p1a: Salamence|Flamethrower|p2a: Tapu Lele\n|-damage|p2a: Tapu Lele|0 fnt\n|faint|p2a: Tapu Lele\n|\n|-fieldend|move: Psychic Terrain\n|upkeep\n|\n|t:|1700659008\n|switch|p2a: Swampert|Swampert-Mega, F|22\/100\n|turn|20\n|\n|t:|1700659016\n|switch|p1a: Vaporeon|Vaporeon, M|32\/100\n|move|p2a: Swampert|Waterfall|p1a: Vaporeon\n|-heal|p1a: Vaporeon|56\/100|[from] ability: Water Absorb|[of] p2a: Swampert\n|\n|-heal|p1a: Vaporeon|63\/100|[from] item: Leftovers\n|upkeep\n|turn|21\n|\n|t:|1700659023\n|move|p2a: Swampert|Earthquake|p1a: Vaporeon\n|-damage|p1a: Vaporeon|13\/100\n|move|p1a: Vaporeon|Hydro Pump|p2a: Swampert\n|-damage|p2a: Swampert|0 fnt\n|faint|p2a: Swampert\n|\n|win|runeatest\n|raw|runeatest's rating: 1066 &rarr; <strong>1095<\/strong><br \/>(+29 for winning)\n|raw|allthewaytoheaven's rating: 1048 &rarr; <strong>1032<\/strong><br \/>(-16 for losing)\n|l|\u203dallthewaytoheaven\n","uploadtime":1700659035,"views":0,"p1id":"runeatest","p2id":"allthewaytoheaven","formatid":"gen9nationaldex","rating":1032,"private":0,"password":""}