{"id":"gen9nationaldex-1991588564","p1":"Yami Tayori","p2":"biro biru","format":"[Gen 9] National Dex","log":"|j|\u2606Yami Tayori\n|j|\u2606biro biru\n|t:|1700091482\n|gametype|singles\n|player|p1|Yami Tayori|steven|1094\n|player|p2|biro biru|1|1033\n|teamsize|p1|6\n|teamsize|p2|6\n|gen|9\n|tier|[Gen 9] National Dex\n|rated|\n|rule|HP Percentage Mod: HP is shown in percentages\n|rule|Endless Battle Clause: Forcing endless battles is banned\n|rule|OHKO Clause: OHKO moves are banned\n|rule|Evasion Clause: Evasion abilities, items, and moves are banned\n|rule|Evasion Abilities Clause: Evasion abilities are banned\n|rule|Evasion Items Clause: Evasion items are banned\n|rule|Evasion Moves Clause: Evasion moves are banned\n|rule|Species Clause: Limit one of each Pok\u00e9mon\n|rule|Sleep Clause Mod: Limit one foe put to sleep\n|clearpoke\n|poke|p1|Flygon, F|\n|poke|p1|Mimikyu, F|\n|poke|p1|Aegislash, F|\n|poke|p1|Corviknight, F|\n|poke|p1|Sylveon, F|\n|poke|p1|Rotom-Heat|\n|poke|p2|Nosepass, L1, M|\n|poke|p2|Probopass, L1, M|\n|poke|p2|Ceruledge, M|\n|poke|p2|Pikachu, F|\n|poke|p2|Corviknight, F|\n|poke|p2|Great Tusk|\n|teampreview\n|inactive|Battle timer is ON: inactive players will automatically lose when time's up. (requested by biro biru)\n|\n|t:|1700091502\n|start\n|switch|p1a: Flygon|Flygon, F|100\/100\n|switch|p2a: Great Tusk|Great Tusk, shiny|100\/100\n|turn|1\n|\n|t:|1700091513\n|move|p1a: Flygon|U-turn|p2a: Great Tusk\n|-resisted|p2a: Great Tusk\n|-damage|p2a: Great Tusk|95\/100\n|\n|t:|1700091521\n|switch|p1a: Aegislash|Aegislash, F|100\/100|[from] U-turn\n|move|p2a: Great Tusk|Stealth Rock|p1a: Aegislash\n|-sidestart|p1: Yami Tayori|move: Stealth Rock\n|\n|upkeep\n|turn|2\n|\n|t:|1700091540\n|-end|p2a: Great Tusk|Protosynthesis|[silent]\n|switch|p2a: Corviknight|Corviknight, F|100\/100\n|-ability|p2a: Corviknight|Pressure\n|-formechange|p1a: Aegislash|Aegislash-Blade||[from] ability: Stance Change\n|move|p1a: Aegislash|Shadow Claw|p2a: Corviknight\n|-damage|p2a: Corviknight|76\/100\n|-damage|p1a: Aegislash|84\/100|[from] item: Rocky Helmet|[of] p2a: Corviknight\n|\n|upkeep\n|turn|3\n|\n|t:|1700091550\n|-formechange|p1a: Aegislash|Aegislash||[from] ability: Stance Change\n|move|p1a: Aegislash|King's Shield|p1a: Aegislash\n|-singleturn|p1a: Aegislash|Protect\n|move|p2a: Corviknight|Iron Defense|p2a: Corviknight\n|-boost|p2a: Corviknight|def|2\n|\n|upkeep\n|turn|4\n|\n|t:|1700091561\n|switch|p1a: Rotom|Rotom-Heat|100\/100\n|-damage|p1a: Rotom|76\/100|[from] Stealth Rock\n|move|p2a: Corviknight|Brave Bird|p1a: Rotom\n|-resisted|p1a: Rotom\n|-damage|p1a: Rotom|60\/100\n|-damage|p2a: Corviknight|72\/100|[from] Recoil\n|\n|-heal|p1a: Rotom|66\/100|[from] item: Leftovers\n|upkeep\n|turn|5\n|\n|t:|1700091575\n|switch|p2a: Great Tusk|Great Tusk, shiny|95\/100\n|move|p1a: Rotom|Will-O-Wisp|p2a: Great Tusk\n|-status|p2a: Great Tusk|brn\n|\n|-heal|p1a: Rotom|72\/100|[from] item: Leftovers\n|-damage|p2a: Great Tusk|88\/100 brn|[from] brn\n|upkeep\n|turn|6\n|\n|t:|1700091588\n|switch|p1a: Flygon|Flygon, F|100\/100\n|-damage|p1a: Flygon|95\/100|[from] Stealth Rock\n|move|p2a: Great Tusk|Earthquake|p1a: Flygon\n|-immune|p1a: Flygon|[from] ability: Levitate\n|\n|-damage|p2a: Great Tusk|82\/100 brn|[from] brn\n|upkeep\n|turn|7\n|\n|t:|1700091601\n|move|p1a: Flygon|U-turn|p2a: Great Tusk\n|-resisted|p2a: Great Tusk\n|-damage|p2a: Great Tusk|75\/100 brn\n|\n|t:|1700091609\n|switch|p1a: Aegislash|Aegislash, F|84\/100|[from] U-turn\n|-damage|p1a: Aegislash|78\/100|[from] Stealth Rock\n|move|p2a: Great Tusk|Knock Off|p1a: Aegislash\n|-supereffective|p1a: Aegislash\n|-damage|p1a: Aegislash|49\/100\n|-enditem|p1a: Aegislash|Weakness Policy\n|-boost|p1a: Aegislash|atk|2|[from] item: Weakness Policy\n|-boost|p1a: Aegislash|spa|2|[from] item: Weakness Policy\n|\n|-damage|p2a: Great Tusk|69\/100 brn|[from] brn\n|upkeep\n|turn|8\n|\n|t:|1700091621\n|move|p2a: Great Tusk|Knock Off|p1a: Aegislash\n|-supereffective|p1a: Aegislash\n|-damage|p1a: Aegislash|29\/100\n|-formechange|p1a: Aegislash|Aegislash-Blade||[from] ability: Stance Change\n|move|p1a: Aegislash|Shadow Claw|p2a: Great Tusk\n|-damage|p2a: Great Tusk|13\/100 brn\n|-enditem|p2a: Great Tusk|Berry Juice\n|-heal|p2a: Great Tusk|18\/100 brn|[from] item: Berry Juice\n|\n|-damage|p2a: Great Tusk|11\/100 brn|[from] brn\n|upkeep\n|turn|9\n|\n|t:|1700091632\n|-formechange|p1a: Aegislash|Aegislash||[from] ability: Stance Change\n|move|p1a: Aegislash|King's Shield|p1a: Aegislash\n|-singleturn|p1a: Aegislash|Protect\n|move|p2a: Great Tusk|Knock Off|p1a: Aegislash\n|-activate|p1a: Aegislash|move: Protect\n|-unboost|p2a: Great Tusk|atk|1\n|\n|-damage|p2a: Great Tusk|5\/100 brn|[from] brn\n|upkeep\n|turn|10\n|\n|t:|1700091642\n|move|p2a: Great Tusk|Knock Off|p1a: Aegislash\n|-supereffective|p1a: Aegislash\n|-damage|p1a: Aegislash|17\/100\n|-formechange|p1a: Aegislash|Aegislash-Blade||[from] ability: Stance Change\n|move|p1a: Aegislash|Sacred Sword|p2a: Great Tusk\n|-damage|p2a: Great Tusk|0 fnt\n|faint|p2a: Great Tusk\n|-end|p2a: Great Tusk|Protosynthesis|[silent]\n|\n|upkeep\n|\n|t:|1700091653\n|switch|p2a: Ceruledge|Ceruledge, M, shiny|100\/100\n|turn|11\n|\n|t:|1700091659\n|-formechange|p1a: Aegislash|Aegislash||[from] ability: Stance Change\n|move|p1a: Aegislash|King's Shield|p1a: Aegislash\n|-singleturn|p1a: Aegislash|Protect\n|move|p2a: Ceruledge|Swords Dance|p2a: Ceruledge\n|-boost|p2a: Ceruledge|atk|2\n|\n|upkeep\n|turn|12\n|\n|t:|1700091666\n|move|p2a: Ceruledge|Swords Dance|p2a: Ceruledge\n|-boost|p2a: Ceruledge|atk|2\n|-formechange|p1a: Aegislash|Aegislash-Blade||[from] ability: Stance Change\n|move|p1a: Aegislash|Shadow Claw|p2a: Ceruledge\n|-supereffective|p2a: Ceruledge\n|-enditem|p2a: Ceruledge|Focus Sash\n|-damage|p2a: Ceruledge|1\/100\n|-ability|p2a: Ceruledge|Weak Armor|boost\n|-unboost|p2a: Ceruledge|def|1\n|-boost|p2a: Ceruledge|spe|2\n|\n|upkeep\n|turn|13\n|\n|t:|1700091682\n|-formechange|p1a: Aegislash|Aegislash||[from] ability: Stance Change\n|move|p1a: Aegislash|King's Shield|p1a: Aegislash\n|-singleturn|p1a: Aegislash|Protect\n|move|p2a: Ceruledge|Bitter Blade|p1a: Aegislash\n|-activate|p1a: Aegislash|move: Protect\n|-unboost|p2a: Ceruledge|atk|1\n|\n|upkeep\n|turn|14\n|\n|t:|1700091690\n|move|p2a: Ceruledge|Bitter Blade|p1a: Aegislash\n|-supereffective|p1a: Aegislash\n|-damage|p1a: Aegislash|0 fnt\n|-heal|p2a: Ceruledge|10\/100|[from] drain|[of] p1a: Aegislash\n|faint|p1a: Aegislash\n|\n|upkeep\n|\n|t:|1700091696\n|switch|p1a: Sweety|Mimikyu, F|100\/100\n|-damage|p1a: Sweety|88\/100|[from] Stealth Rock\n|turn|15\n|inactive|biro biru has 120 seconds left.\n|\n|t:|1700091730\n|move|p2a: Ceruledge|Poltergeist|p1a: Sweety\n|-activate|p1a: Sweety|move: Poltergeist|Mimikium Z\n|-activate|p1a: Sweety|ability: Disguise\n|-damage|p1a: Sweety|88\/100\n|detailschange|p1a: Sweety|Mimikyu-Busted, F\n|-damage|p1a: Sweety|76\/100|[from] pokemon: Mimikyu-Busted\n|move|p1a: Sweety|Swords Dance|p1a: Sweety\n|-boost|p1a: Sweety|atk|2\n|\n|upkeep\n|turn|16\n|\n|t:|1700091740\n|move|p1a: Sweety|Shadow Sneak|p2a: Ceruledge\n|-supereffective|p2a: Ceruledge\n|-damage|p2a: Ceruledge|0 fnt\n|faint|p2a: Ceruledge\n|\n|upkeep\n|inactive|biro biru has 120 seconds left.\n|\n|t:|1700091752\n|switch|p2a: Lvl 1|Nosepass, L1, M, shiny|100\/100\n|turn|17\n|inactive|biro biru has 120 seconds left.\n|\n|t:|1700091765\n|move|p1a: Sweety|Shadow Sneak|p2a: Lvl 1\n|-ability|p2a: Lvl 1|Sturdy\n|-damage|p2a: Lvl 1|10\/100\n|-enditem|p2a: Lvl 1|Berry Juice\n|-heal|p2a: Lvl 1|100\/100|[from] item: Berry Juice\n|move|p2a: Lvl 1|Toxic|p1a: Sweety\n|-status|p1a: Sweety|tox\n|\n|-damage|p1a: Sweety|70\/100 tox|[from] psn\n|upkeep\n|turn|18\n|inactive|biro biru has 120 seconds left.\n|\n|t:|1700091775\n|move|p1a: Sweety|Shadow Sneak|p2a: Lvl 1\n|-ability|p2a: Lvl 1|Sturdy\n|-damage|p2a: Lvl 1|10\/100\n|move|p2a: Lvl 1|Pain Split|p1a: Sweety\n|-sethp|p1a: Sweety|35\/100 tox|[from] move: Pain Split|[silent]\n|-sethp|p2a: Lvl 1|100\/100|[from] move: Pain Split\n|\n|-damage|p1a: Sweety|24\/100 tox|[from] psn\n|upkeep\n|turn|19\n|\n|t:|1700091784\n|move|p1a: Sweety|Shadow Sneak|p2a: Lvl 1\n|-ability|p2a: Lvl 1|Sturdy\n|-damage|p2a: Lvl 1|10\/100\n|move|p2a: Lvl 1|Pain Split|p1a: Sweety\n|-sethp|p1a: Sweety|12\/100 tox|[from] move: Pain Split|[silent]\n|-sethp|p2a: Lvl 1|100\/100|[from] move: Pain Split\n|\n|-damage|p1a: Sweety|0 fnt|[from] psn\n|faint|p1a: Sweety\n|upkeep\n|\n|t:|1700091805\n|switch|p1a: Corviknight|Corviknight, F|100\/100\n|-damage|p1a: Corviknight|88\/100|[from] Stealth Rock\n|turn|20\n|\n|t:|1700091814\n|move|p1a: Corviknight|U-turn|p2a: Lvl 1\n|-ability|p2a: Lvl 1|Sturdy\n|-damage|p2a: Lvl 1|10\/100\n|\n|t:|1700091817\n|switch|p1a: Rotom|Rotom-Heat|72\/100|[from] U-turn\n|-damage|p1a: Rotom|47\/100|[from] Stealth Rock\n|move|p2a: Lvl 1|Pain Split|p1a: Rotom\n|-sethp|p1a: Rotom|24\/100|[from] move: Pain Split|[silent]\n|-sethp|p2a: Lvl 1|100\/100|[from] move: Pain Split\n|\n|-heal|p1a: Rotom|30\/100|[from] item: Leftovers\n|upkeep\n|turn|21\n|\n|t:|1700091827\n|move|p1a: Rotom|Defog|p2a: Lvl 1\n|-unboost|p2a: Lvl 1|evasion|1\n|-sideend|p1: Yami Tayori|Stealth Rock|[from] move: Defog|[of] p1a: Rotom\n|move|p2a: Lvl 1|Pain Split|p1a: Rotom\n|-sethp|p1a: Rotom|17\/100|[from] move: Pain Split|[silent]\n|-sethp|p2a: Lvl 1|100\/100|[from] move: Pain Split\n|\n|-heal|p1a: Rotom|23\/100|[from] item: Leftovers\n|upkeep\n|turn|22\n|\n|t:|1700091836\n|move|p1a: Rotom|Will-O-Wisp|p2a: Lvl 1\n|-status|p2a: Lvl 1|brn\n|move|p2a: Lvl 1|Pain Split|p1a: Rotom\n|-sethp|p1a: Rotom|14\/100|[from] move: Pain Split|[silent]\n|-sethp|p2a: Lvl 1|100\/100 brn|[from] move: Pain Split\n|\n|-heal|p1a: Rotom|20\/100|[from] item: Leftovers\n|-damage|p2a: Lvl 1|91\/100 brn|[from] brn\n|upkeep\n|turn|23\n|\n|t:|1700091857\n|switch|p1a: Corviknight|Corviknight, F|88\/100\n|move|p2a: Lvl 1|Pain Split|p1a: Corviknight\n|-sethp|p1a: Corviknight|45\/100|[from] move: Pain Split|[silent]\n|-sethp|p2a: Lvl 1|100\/100 brn|[from] move: Pain Split\n|\n|-damage|p2a: Lvl 1|91\/100 brn|[from] brn\n|upkeep\n|turn|24\n|\n|t:|1700091869\n|move|p1a: Corviknight|Body Press|p2a: Lvl 1\n|-supereffective|p2a: Lvl 1\n|-damage|p2a: Lvl 1|0 fnt\n|faint|p2a: Lvl 1\n|\n|upkeep\n|\n|t:|1700091872\n|switch|p2a: Pikachu|Pikachu, F|100\/100\n|turn|25\n|\n|t:|1700091880\n|switch|p1a: Rotom|Rotom-Heat|20\/100\n|move|p2a: Pikachu|Knock Off|p1a: Rotom\n|-damage|p1a: Rotom|0 fnt\n|-enditem|p1a: Rotom|Leftovers|[from] move: Knock Off|[of] p2a: Pikachu\n|faint|p1a: Rotom\n|\n|upkeep\n|\n|t:|1700091885\n|switch|p1a: Sylveon|Sylveon, F|100\/100\n|turn|26\n|\n|t:|1700091891\n|-terastallize|p2a: Pikachu|Normal\n|move|p2a: Pikachu|Fake Out||[still]\n|-hint|Fake Out only works on your first turn out.\n|-fail|p2a: Pikachu\n|move|p1a: Sylveon|Hyper Voice|p2a: Pikachu\n|-damage|p2a: Pikachu|0 fnt\n|faint|p2a: Pikachu\n|-enditem|p1a: Sylveon|Throat Spray\n|-boost|p1a: Sylveon|spa|1|[from] item: Throat Spray\n|\n|upkeep\n|\n|t:|1700091902\n|switch|p2a: Lvl 100|Probopass, L1, M, shiny|100\/100\n|turn|27\n|\n|t:|1700091912\n|move|p1a: Sylveon|Mystical Fire|p2a: Lvl 100\n|-crit|p2a: Lvl 100\n|-ability|p2a: Lvl 100|Sturdy\n|-damage|p2a: Lvl 100|9\/100\n|-unboost|p2a: Lvl 100|spa|1\n|-enditem|p2a: Lvl 100|Berry Juice\n|-heal|p2a: Lvl 100|100\/100|[from] item: Berry Juice\n|move|p2a: Lvl 100|Toxic|p1a: Sylveon\n|-status|p1a: Sylveon|tox\n|\n|-damage|p1a: Sylveon|94\/100 tox|[from] psn\n|upkeep\n|turn|28\n|\n|t:|1700091929\n|switch|p1a: Corviknight|Corviknight, F|45\/100\n|move|p2a: Lvl 100|Pain Split|p1a: Corviknight\n|-sethp|p1a: Corviknight|24\/100|[from] move: Pain Split|[silent]\n|-sethp|p2a: Lvl 100|100\/100|[from] move: Pain Split\n|\n|upkeep\n|turn|29\n|\n|t:|1700091940\n|move|p1a: Corviknight|U-turn|p2a: Lvl 100\n|-resisted|p2a: Lvl 100\n|-ability|p2a: Lvl 100|Sturdy\n|-damage|p2a: Lvl 100|9\/100\n|\n|t:|1700091945\n|switch|p1a: Flygon|Flygon, F|95\/100|[from] U-turn\n|move|p2a: Lvl 100|Pain Split|p1a: Flygon\n|-sethp|p1a: Flygon|48\/100|[from] move: Pain Split|[silent]\n|-sethp|p2a: Lvl 100|100\/100|[from] move: Pain Split\n|\n|upkeep\n|turn|30\n|\n|t:|1700091967\n|move|p1a: Flygon|U-turn|p2a: Lvl 100\n|-resisted|p2a: Lvl 100\n|-ability|p2a: Lvl 100|Sturdy\n|-damage|p2a: Lvl 100|9\/100\n|\n|t:|1700091970\n|switch|p1a: Corviknight|Corviknight, F|24\/100|[from] U-turn\n|move|p2a: Lvl 100|Pain Split|p1a: Corviknight\n|-sethp|p1a: Corviknight|12\/100|[from] move: Pain Split|[silent]\n|-sethp|p2a: Lvl 100|100\/100|[from] move: Pain Split\n|\n|upkeep\n|turn|31\n|\n|t:|1700091979\n|move|p1a: Corviknight|Iron Defense|p1a: Corviknight\n|-boost|p1a: Corviknight|def|2\n|move|p2a: Lvl 100|Pain Split|p1a: Corviknight\n|-sethp|p1a: Corviknight|8\/100|[from] move: Pain Split|[silent]\n|-sethp|p2a: Lvl 100|100\/100|[from] move: Pain Split\n|\n|upkeep\n|turn|32\n|\n|t:|1700091986\n|move|p1a: Corviknight|Body Press|p2a: Lvl 100\n|-supereffective|p2a: Lvl 100\n|-ability|p2a: Lvl 100|Sturdy\n|-damage|p2a: Lvl 100|9\/100\n|move|p2a: Lvl 100|Pain Split|p1a: Corviknight\n|-sethp|p1a: Corviknight|4\/100|[from] move: Pain Split|[silent]\n|-sethp|p2a: Lvl 100|100\/100|[from] move: Pain Split\n|\n|upkeep\n|turn|33\n|\n|t:|1700091995\n|move|p1a: Corviknight|Body Press|p2a: Lvl 100\n|-supereffective|p2a: Lvl 100\n|-ability|p2a: Lvl 100|Sturdy\n|-damage|p2a: Lvl 100|9\/100\n|move|p2a: Lvl 100|Pain Split|p1a: Corviknight\n|-sethp|p1a: Corviknight|2\/100|[from] move: Pain Split|[silent]\n|-sethp|p2a: Lvl 100|67\/100|[from] move: Pain Split\n|\n|upkeep\n|turn|34\n|\n|t:|1700092015\n|move|p2a: Lvl 100|Magic Coat|p2a: Lvl 100\n|-singleturn|p2a: Lvl 100|move: Magic Coat\n|move|p1a: Corviknight|Body Press|p2a: Lvl 100\n|-supereffective|p2a: Lvl 100\n|-damage|p2a: Lvl 100|0 fnt\n|faint|p2a: Lvl 100\n|\n|upkeep\n|\n|t:|1700092020\n|switch|p2a: Corviknight|Corviknight, F|72\/100\n|-ability|p2a: Corviknight|Pressure\n|turn|35\n|\n|t:|1700092025\n|move|p2a: Corviknight|Body Press|p1a: Corviknight\n|-damage|p1a: Corviknight|0 fnt\n|-damage|p2a: Corviknight|56\/100|[from] item: Rocky Helmet|[of] p1a: Corviknight\n|faint|p1a: Corviknight\n|\n|upkeep\n|\n|t:|1700092028\n|switch|p1a: Sylveon|Sylveon, F|94\/100 tox\n|turn|36\n|\n|t:|1700092057\n|move|p2a: Corviknight|Brave Bird|p1a: Sylveon\n|-damage|p1a: Sylveon|46\/100 tox\n|-damage|p2a: Corviknight|40\/100|[from] Recoil\n|move|p1a: Sylveon|Mystical Fire|p2a: Corviknight\n|-supereffective|p2a: Corviknight\n|-damage|p2a: Corviknight|0 fnt\n|faint|p2a: Corviknight\n|\n|win|Yami Tayori\n|raw|Yami Tayori's rating: 1094 &rarr; <strong>1115<\/strong><br \/>(+21 for winning)\n|raw|biro biru's rating: 1033 &rarr; <strong>1021<\/strong><br \/>(-12 for losing)\n|l|\u2606biro biru\n","uploadtime":1700092083,"views":9,"p1id":"yamitayori","p2id":"birobiru","formatid":"gen9nationaldex","rating":1021,"private":0,"password":""}