{"id":"gen9nationaldex-1995668445","p1":"TeaBooker","p2":"DaddyDaveV2","format":"[Gen 9] National Dex","log":"|html|<div class=\"broadcast-blue\"><strong>[Gen 9] National Dex is currently suspecting Sneasler! For information on how to participate check out the <a href=\"https:\/\/www.smogon.com\/forums\/threads\/sv-national-dex-suspect-8-just-dance.3731534\/\">suspect thread<\/a>.<\/strong><\/div>\n|j|\u2606TeaBooker\n|j|\u2606DaddyDaveV2\n|t:|1700592347\n|gametype|singles\n|player|p1|TeaBooker|ash-kalos|1336\n|player|p2|DaddyDaveV2|2|1285\n|teamsize|p1|6\n|teamsize|p2|6\n|gen|9\n|tier|[Gen 9] National Dex\n|rated|\n|rule|HP Percentage Mod: HP is shown in percentages\n|rule|Endless Battle Clause: Forcing endless battles is banned\n|rule|OHKO Clause: OHKO moves are banned\n|rule|Evasion Clause: Evasion abilities, items, and moves are banned\n|rule|Evasion Abilities Clause: Evasion abilities are banned\n|rule|Evasion Items Clause: Evasion items are banned\n|rule|Evasion Moves Clause: Evasion moves are banned\n|rule|Species Clause: Limit one of each Pok\u00e9mon\n|rule|Sleep Clause Mod: Limit one foe put to sleep\n|clearpoke\n|poke|p1|Golisopod, M|\n|poke|p1|Xurkitree|\n|poke|p1|Nihilego|\n|poke|p1|Gliscor, F|\n|poke|p1|Deoxys-Defense|\n|poke|p1|Bisharp, M|\n|poke|p2|Galvantula, M|\n|poke|p2|Klefki, M|\n|poke|p2|Kartana|\n|poke|p2|Iron Moth|\n|poke|p2|Regice|\n|poke|p2|Garchomp, F|\n|teampreview\n|inactive|Battle timer is ON: inactive players will automatically lose when time's up. (requested by TeaBooker)\n|\n|t:|1700592363\n|start\n|switch|p1a: Gliscor|Gliscor, F, shiny|100\/100\n|switch|p2a: Galvantula|Galvantula, M|100\/100\n|turn|1\n|\n|t:|1700592366\n|move|p2a: Galvantula|Sticky Web|p1a: Gliscor\n|-sidestart|p1: TeaBooker|move: Sticky Web\n|move|p1a: Gliscor|Earthquake|p2a: Galvantula\n|-damage|p2a: Galvantula|38\/100\n|\n|-status|p1a: Gliscor|tox|[from] item: Toxic Orb\n|upkeep\n|turn|2\n|\n|t:|1700592372\n|move|p2a: Galvantula|Hidden Power|p1a: Gliscor\n|-supereffective|p1a: Gliscor\n|-damage|p1a: Gliscor|21\/100 tox\n|move|p1a: Gliscor|Earthquake|p2a: Galvantula\n|-damage|p2a: Galvantula|0 fnt\n|faint|p2a: Galvantula\n|\n|-heal|p1a: Gliscor|34\/100 tox|[from] ability: Poison Heal\n|upkeep\n|\n|t:|1700592377\n|switch|p2a: Kartana|Kartana|100\/100\n|turn|3\n|l|\u2606TeaBooker\n|inactive|TeaBooker disconnected and has a minute to reconnect!\n|player|p1|\n|j|\u2606TeaBooker\n|inactive|TeaBooker reconnected and has 130 seconds left.\n|player|p1|TeaBooker|ash-kalos\n|inactive|TeaBooker has 120 seconds left.\n|\n|t:|1700592409\n|switch|p1a: Deoxys|Deoxys-Defense, shiny|100\/100\n|-activate|p1a: Deoxys|move: Sticky Web\n|-unboost|p1a: Deoxys|spe|1\n|-ability|p1a: Deoxys|Pressure\n|move|p2a: Kartana|Leaf Blade|p1a: Deoxys\n|-damage|p1a: Deoxys|38\/100\n|-damage|p2a: Kartana|84\/100|[from] item: Rocky Helmet|[of] p1a: Deoxys\n|-damage|p2a: Kartana|74\/100|[from] item: Life Orb\n|\n|upkeep\n|turn|4\n|inactive|TeaBooker has 120 seconds left.\n|\n|t:|1700592420\n|move|p2a: Kartana|Knock Off|p1a: Deoxys\n|-supereffective|p1a: Deoxys\n|-damage|p1a: Deoxys|0 fnt\n|-damage|p2a: Kartana|57\/100|[from] item: Rocky Helmet|[of] p1a: Deoxys\n|-enditem|p1a: Deoxys|Rocky Helmet|[from] move: Knock Off|[of] p2a: Kartana\n|faint|p1a: Deoxys\n|-ability|p2a: Kartana|Beast Boost|boost\n|-boost|p2a: Kartana|atk|1\n|-damage|p2a: Kartana|47\/100|[from] item: Life Orb\n|\n|upkeep\n|inactive|TeaBooker has 120 seconds left.\n|\n|t:|1700592433\n|switch|p1a: Golisopod|Golisopod, M, shiny|100\/100\n|turn|5\n|inactive|TeaBooker has 120 seconds left.\n|\n|t:|1700592458\n|-terastallize|p2a: Kartana|Fighting\n|-terastallize|p1a: Golisopod|Bug\n|move|p1a: Golisopod|First Impression|p2a: Kartana\n|-resisted|p2a: Kartana\n|-damage|p2a: Kartana|14\/100\n|move|p2a: Kartana|Leaf Blade|p1a: Golisopod\n|-resisted|p1a: Golisopod\n|-damage|p1a: Golisopod|55\/100\n|-damage|p2a: Kartana|4\/100|[from] item: Life Orb\n|\n|upkeep\n|turn|6\n|\n|t:|1700592471\n|move|p1a: Golisopod|Aqua Jet|p2a: Kartana\n|-damage|p2a: Kartana|0 fnt\n|faint|p2a: Kartana\n|\n|upkeep\n|\n|t:|1700592478\n|switch|p2a: Regice|Regice|100\/100\n|turn|7\n|\n|t:|1700592483\n|move|p2a: Regice|Ancient Power|p1a: Golisopod\n|-supereffective|p1a: Golisopod\n|-damage|p1a: Golisopod|28\/100\n|-activate|p1a: Golisopod|ability: Emergency Exit\n|inactive|TeaBooker has 120 seconds left.\n|\n|t:|1700592497\n|switch|p1a: Bisharp|Bisharp, M, shiny|100\/100\n|-activate|p1a: Bisharp|move: Sticky Web\n|-unboost|p1a: Bisharp|spe|1\n|-ability|p1a: Bisharp|Defiant|boost\n|-boost|p1a: Bisharp|atk|2\n|\n|upkeep\n|turn|8\n|\n|t:|1700592504\n|move|p2a: Regice|Thunderbolt|p1a: Bisharp\n|-damage|p1a: Bisharp|80\/100\n|move|p1a: Bisharp|Iron Head|p2a: Regice\n|-supereffective|p2a: Regice\n|-damage|p2a: Regice|0 fnt\n|faint|p2a: Regice\n|\n|upkeep\n|\n|t:|1700592511\n|switch|p2a: Garchomp|Garchomp, F|100\/100\n|turn|9\n|\n|t:|1700592520\n|detailschange|p2a: Garchomp|Garchomp-Mega, F\n|-mega|p2a: Garchomp|Garchomp|Garchompite\n|move|p2a: Garchomp|Earthquake|p1a: Bisharp\n|-supereffective|p1a: Bisharp\n|-damage|p1a: Bisharp|0 fnt\n|faint|p1a: Bisharp\n|\n|upkeep\n|\n|t:|1700592545\n|switch|p1a: Gliscor|Gliscor, F, shiny|34\/100 tox\n|turn|10\n|\n|t:|1700592549\n|move|p2a: Garchomp|Swords Dance|p2a: Garchomp\n|-boost|p2a: Garchomp|atk|2\n|move|p1a: Gliscor|Toxic|p2a: Garchomp\n|-status|p2a: Garchomp|tox\n|\n|-damage|p2a: Garchomp|94\/100 tox|[from] psn\n|-heal|p1a: Gliscor|46\/100 tox|[from] ability: Poison Heal\n|upkeep\n|turn|11\n|\n|t:|1700592554\n|move|p2a: Garchomp|Scale Shot|p1a: Gliscor\n|-damage|p1a: Gliscor|25\/100 tox\n|-damage|p1a: Gliscor|4\/100 tox\n|-hitcount|p1a: Gliscor|2\n|-unboost|p2a: Garchomp|def|1\n|-boost|p2a: Garchomp|spe|1\n|move|p1a: Gliscor|Earthquake|p2a: Garchomp\n|-damage|p2a: Garchomp|49\/100 tox\n|\n|-damage|p2a: Garchomp|37\/100 tox|[from] psn\n|-heal|p1a: Gliscor|16\/100 tox|[from] ability: Poison Heal\n|upkeep\n|turn|12\n|\n|t:|1700592565\n|move|p2a: Garchomp|Fire Fang|p1a: Gliscor\n|-damage|p1a: Gliscor|0 fnt\n|faint|p1a: Gliscor\n|\n|-damage|p2a: Garchomp|18\/100 tox|[from] psn\n|upkeep\n|\n|t:|1700592569\n|switch|p1a: Golisopod|Golisopod, M, shiny, tera:Bug|28\/100\n|turn|13\n|\n|t:|1700592573\n|move|p1a: Golisopod|First Impression|p2a: Garchomp\n|-damage|p2a: Garchomp|0 fnt\n|faint|p2a: Garchomp\n|\n|upkeep\n|\n|t:|1700592579\n|switch|p2a: Iron Moth|Iron Moth|100\/100\n|turn|14\n|\n|t:|1700592584\n|move|p1a: Golisopod|Aqua Jet|p2a: Iron Moth\n|-supereffective|p2a: Iron Moth\n|-damage|p2a: Iron Moth|20\/100\n|move|p2a: Iron Moth|Fiery Dance|p1a: Golisopod\n|-supereffective|p1a: Golisopod\n|-damage|p1a: Golisopod|0 fnt\n|-boost|p2a: Iron Moth|spa|1\n|faint|p1a: Golisopod\n|\n|upkeep\n|\n|t:|1700592595\n|switch|p1a: Nihilego|Nihilego, shiny|100\/100\n|-item|p1a: Nihilego|Air Balloon\n|turn|15\n|\n|t:|1700592600\n|move|p2a: Iron Moth|Fiery Dance|p1a: Nihilego\n|-resisted|p1a: Nihilego\n|-damage|p1a: Nihilego|76\/100\n|-boost|p2a: Iron Moth|spa|1\n|-enditem|p1a: Nihilego|Air Balloon\n|move|p1a: Nihilego|Power Gem|p2a: Iron Moth\n|-supereffective|p2a: Iron Moth\n|-damage|p2a: Iron Moth|0 fnt\n|faint|p2a: Iron Moth\n|-end|p2a: Iron Moth|Quark Drive|[silent]\n|-ability|p1a: Nihilego|Beast Boost|boost\n|-boost|p1a: Nihilego|spa|1\n|\n|upkeep\n|\n|t:|1700592605\n|switch|p2a: Klefki|Klefki, M|100\/100\n|turn|16\n|\n|t:|1700592608\n|move|p2a: Klefki|Thunder Wave|p1a: Nihilego\n|-status|p1a: Nihilego|par\n|move|p1a: Nihilego|Hidden Power|p2a: Klefki\n|-supereffective|p2a: Klefki\n|-damage|p2a: Klefki|23\/100\n|\n|upkeep\n|turn|17\n|\n|t:|1700592615\n|move|p1a: Nihilego|Hidden Power|p2a: Klefki\n|-supereffective|p2a: Klefki\n|-damage|p2a: Klefki|0 fnt\n|faint|p2a: Klefki\n|\n|win|TeaBooker\n|raw|TeaBooker's rating: 1336 &rarr; <strong>1353<\/strong><br \/>(+17 for winning)\n|raw|DaddyDaveV2's rating: 1285 &rarr; <strong>1264<\/strong><br \/>(-21 for losing)\n|l|\u2606DaddyDaveV2\n|l|\u2606TeaBooker\n|j|\u2606TeaBooker\n|player|p1|TeaBooker|ash-kalos\n|l|\u2606TeaBooker\n|player|p1|\n|j|\u2606TeaBooker\n|player|p1|TeaBooker|ash-kalos\n","uploadtime":1700593292,"views":2,"p1id":"teabooker","p2id":"daddydavev2","formatid":"gen9nationaldex","rating":1264,"private":0,"password":""}