{"id":"gen9nationaldex-1992514218","p1":"tdd20070515\u5179\u4f0f\u5947\u5927\u543e","p2":"shakang","format":"[Gen 9] National Dex","log":"|j|\u2606tdd20070515\u5179\u4f0f\u5947\u5927\u543e\n|j|\u2606shakang\n|t:|1700197745\n|gametype|singles\n|player|p1|tdd20070515\u5179\u4f0f\u5947\u5927\u543e|steven|1318\n|player|p2|shakang|youngster-gen4dp|1437\n|teamsize|p1|6\n|teamsize|p2|6\n|gen|9\n|tier|[Gen 9] National Dex\n|rated|\n|rule|HP Percentage Mod: HP is shown in percentages\n|rule|Endless Battle Clause: Forcing endless battles is banned\n|rule|OHKO Clause: OHKO moves are banned\n|rule|Evasion Clause: Evasion abilities, items, and moves are banned\n|rule|Evasion Abilities Clause: Evasion abilities are banned\n|rule|Evasion Items Clause: Evasion items are banned\n|rule|Evasion Moves Clause: Evasion moves are banned\n|rule|Species Clause: Limit one of each Pok\u00e9mon\n|rule|Sleep Clause Mod: Limit one foe put to sleep\n|clearpoke\n|poke|p1|Tapu Lele|\n|poke|p1|Hawlucha, F|\n|poke|p1|Chansey, F|\n|poke|p1|Cinderace, M|\n|poke|p1|Polteageist-Antique|\n|poke|p1|Armarouge, F|\n|poke|p2|Greninja-*, M|\n|poke|p2|Pelipper, M|\n|poke|p2|Moltres|\n|poke|p2|Celesteela|\n|poke|p2|Ogerpon-Wellspring, F|\n|poke|p2|Diancie|\n|teampreview\n|inactive|Battle timer is ON: inactive players will automatically lose when time's up. (requested by shakang)\n|\n|t:|1700197753\n|start\n|switch|p1a: Tapu Lele|Tapu Lele|100\/100\n|switch|p2a: Diancie|Diancie|100\/100\n|-fieldstart|move: Psychic Terrain|[from] ability: Psychic Surge|[of] p1a: Tapu Lele\n|turn|1\n|\n|t:|1700197760\n|detailschange|p2a: Diancie|Diancie-Mega\n|-mega|p2a: Diancie|Diancie|Diancite\n|move|p2a: Diancie|Stealth Rock|p1a: Tapu Lele\n|-sidestart|p1: tdd20070515\u5179\u4f0f\u5947\u5927\u543e|move: Stealth Rock\n|move|p1a: Tapu Lele|Taunt|p2a: Diancie\n|move|p2a: Diancie|Taunt|p1a: Tapu Lele|[from]ability: Magic Bounce\n|-start|p1a: Tapu Lele|move: Taunt\n|\n|upkeep\n|turn|2\n|\n|t:|1700197773\n|move|p2a: Diancie|Diamond Storm|p1a: Tapu Lele\n|-damage|p1a: Tapu Lele|37\/100\n|move|p1a: Tapu Lele|Future Sight|p2a: Diancie\n|-start|p1a: Tapu Lele|move: Future Sight\n|\n|upkeep\n|turn|3\n|\n|t:|1700197794\n|-terastallize|p1a: Tapu Lele|Grass\n|move|p2a: Diancie|Diamond Storm|p1a: Tapu Lele\n|-damage|p1a: Tapu Lele|0 fnt\n|-boost|p2a: Diancie|def|2\n|faint|p1a: Tapu Lele\n|\n|upkeep\n|\n|t:|1700197805\n|switch|p1a: Cinderace|Cinderace, M|100\/100\n|turn|4\n|\n|t:|1700197815\n|move|p1a: Cinderace|Court Change|p1a: Cinderace\n|-start|p1a: Cinderace|typechange|Normal|[from] ability: Libero\n|-swapsideconditions\n|-activate|p1a: Cinderace|move: Court Change\n|move|p2a: Diancie|Diamond Storm|p1a: Cinderace\n|-damage|p1a: Cinderace|38\/100\n|-boost|p2a: Diancie|def|2\n|\n|-end|p2a: Diancie|move: Future Sight\n|-damage|p2a: Diancie|0 fnt\n|faint|p2a: Diancie\n|upkeep\n|\n|t:|1700197831\n|switch|p2a: Moltres|Moltres, shiny|100\/100\n|turn|5\n|\n|t:|1700197836\n|move|p1a: Cinderace|U-turn|p2a: Moltres\n|-resisted|p2a: Moltres\n|-damage|p2a: Moltres|97\/100\n|-status|p1a: Cinderace|brn|[from] ability: Flame Body|[of] p2a: Moltres\n|\n|t:|1700197839\n|switch|p1a: Polteageist|Polteageist-Antique|100\/100|[from] U-turn\n|move|p2a: Moltres|Defog|p1a: Polteageist\n|-unboost|p1a: Polteageist|evasion|1\n|-sideend|p2: shakang|Stealth Rock|[from] move: Defog|[of] p2a: Moltres\n|-fieldend|move: Psychic Terrain\n|\n|upkeep\n|turn|6\n|\n|t:|1700197865\n|move|p1a: Polteageist|Shell Smash|p1a: Polteageist\n|-unboost|p1a: Polteageist|def|1\n|-unboost|p1a: Polteageist|spd|1\n|-boost|p1a: Polteageist|atk|2\n|-boost|p1a: Polteageist|spa|2\n|-boost|p1a: Polteageist|spe|2\n|move|p2a: Moltres|Hurricane|p1a: Polteageist\n|-damage|p1a: Polteageist|19\/100\n|\n|upkeep\n|turn|7\n|\n|t:|1700197869\n|move|p1a: Polteageist|Stored Power|p2a: Moltres\n|-damage|p2a: Moltres|0 fnt\n|faint|p2a: Moltres\n|\n|upkeep\n|\n|t:|1700197877\n|switch|p2a: \u767d\u8272\u7af9\u7b0b|Celesteela, shiny|100\/100\n|turn|8\n|\n|t:|1700197882\n|move|p1a: Polteageist|Stored Power|p2a: \u767d\u8272\u7af9\u7b0b\n|-resisted|p2a: \u767d\u8272\u7af9\u7b0b\n|-damage|p2a: \u767d\u8272\u7af9\u7b0b|45\/100\n|move|p2a: \u767d\u8272\u7af9\u7b0b|Flamethrower|p1a: Polteageist\n|-damage|p1a: Polteageist|0 fnt\n|faint|p1a: Polteageist\n|-ability|p2a: \u767d\u8272\u7af9\u7b0b|Beast Boost|boost\n|-boost|p2a: \u767d\u8272\u7af9\u7b0b|spa|1\n|\n|upkeep\n|\n|t:|1700197889\n|switch|p1a: Armarouge|Armarouge, F|100\/100\n|turn|9\n|\n|t:|1700197902\n|switch|p2a: \u76d6\u9e25\u5361|Pelipper, M, shiny|100\/100\n|-weather|RainDance|[from] ability: Drizzle|[of] p2a: \u76d6\u9e25\u5361\n|move|p1a: Armarouge|Expanding Force|p2a: \u76d6\u9e25\u5361\n|-damage|p2a: \u76d6\u9e25\u5361|39\/100\n|\n|-weather|RainDance|[upkeep]\n|upkeep\n|turn|10\n|\n|t:|1700197911\n|move|p1a: Armarouge|Expanding Force|p2a: \u76d6\u9e25\u5361\n|-damage|p2a: \u76d6\u9e25\u5361|0 fnt\n|faint|p2a: \u76d6\u9e25\u5361\n|\n|-weather|RainDance|[upkeep]\n|upkeep\n|\n|t:|1700197915\n|switch|p2a: Greninja|Greninja, M|100\/100\n|turn|11\n|\n|t:|1700197918\n|move|p2a: Greninja|Dark Pulse|p1a: Armarouge\n|-supereffective|p1a: Armarouge\n|-damage|p1a: Armarouge|0 fnt\n|faint|p1a: Armarouge\n|-ability|p2a: Greninja|Battle Bond|boost\n|-boost|p2a: Greninja|atk|1\n|-boost|p2a: Greninja|spa|1\n|-boost|p2a: Greninja|spe|1\n|-activate|p2a: Greninja|ability: Battle Bond\n|-damage|p2a: Greninja|91\/100|[from] item: Life Orb\n|\n|-weather|RainDance|[upkeep]\n|upkeep\n|\n|t:|1700197928\n|switch|p1a: Chansey|Chansey, F|100\/100\n|turn|12\n|\n|t:|1700197931\n|switch|p2a: \u5384\u8f68\u692a\u771f\u662f\u840c\u840c\u54d2|Ogerpon-Wellspring, F|100\/100\n|move|p1a: Chansey|Thunder Wave|p2a: \u5384\u8f68\u692a\u771f\u662f\u840c\u840c\u54d2\n|-status|p2a: \u5384\u8f68\u692a\u771f\u662f\u840c\u840c\u54d2|par\n|\n|-weather|RainDance|[upkeep]\n|upkeep\n|turn|13\n|c|\u2606tdd20070515\u5179\u4f0f\u5947\u5927\u543e|\u8bb0\u6210\u6279\u5e26\u4e86\n|c|\u2606tdd20070515\u5179\u4f0f\u5947\u5927\u543e|\u5bc4\n|\n|t:|1700197948\n|cant|p2a: \u5384\u8f68\u692a\u771f\u662f\u840c\u840c\u54d2|par\n|move|p1a: Chansey|Counter||[still]\n|-fail|p1a: Chansey\n|\n|-weather|RainDance|[upkeep]\n|upkeep\n|turn|14\n|\n|t:|1700197951\n|move|p2a: \u5384\u8f68\u692a\u771f\u662f\u840c\u840c\u54d2|Swords Dance|p2a: \u5384\u8f68\u692a\u771f\u662f\u840c\u840c\u54d2\n|-boost|p2a: \u5384\u8f68\u692a\u771f\u662f\u840c\u840c\u54d2|atk|2\n|move|p1a: Chansey|Teleport|p1a: Chansey\n|\n|t:|1700197956\n|switch|p1a: Hawlucha|Hawlucha, F, shiny|100\/100|[from] Teleport\n|\n|-weather|RainDance|[upkeep]\n|upkeep\n|turn|15\n|\n|t:|1700197960\n|-terastallize|p2a: \u5384\u8f68\u692a\u771f\u662f\u840c\u840c\u54d2|Water\n|detailschange|p2a: \u5384\u8f68\u692a\u771f\u662f\u840c\u840c\u54d2|Ogerpon-Wellspring-Tera, F, tera:Water\n|-ability|p2a: \u5384\u8f68\u692a\u771f\u662f\u840c\u840c\u54d2|Embody Aspect (Wellspring)|boost\n|-boost|p2a: \u5384\u8f68\u692a\u771f\u662f\u840c\u840c\u54d2|spd|1\n|move|p1a: Hawlucha|Encore|p2a: \u5384\u8f68\u692a\u771f\u662f\u840c\u840c\u54d2\n|-start|p2a: \u5384\u8f68\u692a\u771f\u662f\u840c\u840c\u54d2|Encore\n|move|p2a: \u5384\u8f68\u692a\u771f\u662f\u840c\u840c\u54d2|Swords Dance|p2a: \u5384\u8f68\u692a\u771f\u662f\u840c\u840c\u54d2\n|-boost|p2a: \u5384\u8f68\u692a\u771f\u662f\u840c\u840c\u54d2|atk|2\n|\n|-weather|RainDance|[upkeep]\n|upkeep\n|turn|16\n|\n|t:|1700197970\n|switch|p2a: \u767d\u8272\u7af9\u7b0b|Celesteela, shiny|45\/100\n|move|p1a: Hawlucha|Swords Dance|p1a: Hawlucha\n|-boost|p1a: Hawlucha|atk|2\n|\n|-weather|none\n|upkeep\n|turn|17\n|\n|t:|1700197981\n|move|p1a: Hawlucha|Close Combat|p2a: \u767d\u8272\u7af9\u7b0b\n|-damage|p2a: \u767d\u8272\u7af9\u7b0b|0 fnt\n|-unboost|p1a: Hawlucha|def|1\n|-unboost|p1a: Hawlucha|spd|1\n|faint|p2a: \u767d\u8272\u7af9\u7b0b\n|\n|upkeep\n|\n|t:|1700197987\n|switch|p2a: Greninja|Greninja, M|91\/100\n|turn|18\n|\n|t:|1700197994\n|switch|p1a: Chansey|Chansey, F|100\/100\n|move|p2a: Greninja|Ice Beam|p1a: Chansey\n|-damage|p1a: Chansey|90\/100\n|-damage|p2a: Greninja|81\/100|[from] item: Life Orb\n|\n|upkeep\n|turn|19\n|\n|t:|1700197998\n|switch|p2a: \u5384\u8f68\u692a\u771f\u662f\u840c\u840c\u54d2|Ogerpon-Wellspring-Tera, F, tera:Water|100\/100 par\n|-ability|p2a: \u5384\u8f68\u692a\u771f\u662f\u840c\u840c\u54d2|Embody Aspect (Wellspring)|boost\n|-boost|p2a: \u5384\u8f68\u692a\u771f\u662f\u840c\u840c\u54d2|spd|1\n|move|p1a: Chansey|Teleport|p1a: Chansey\n|\n|t:|1700198008\n|switch|p1a: Hawlucha|Hawlucha, F, shiny|100\/100|[from] Teleport\n|\n|upkeep\n|turn|20\n|\n|t:|1700198012\n|move|p1a: Hawlucha|Acrobatics|p2a: \u5384\u8f68\u692a\u771f\u662f\u840c\u840c\u54d2\n|-damage|p2a: \u5384\u8f68\u692a\u771f\u662f\u840c\u840c\u54d2|65\/100 par\n|cant|p2a: \u5384\u8f68\u692a\u771f\u662f\u840c\u840c\u54d2|par\n|\n|upkeep\n|turn|21\n|\n|t:|1700198018\n|move|p1a: Hawlucha|Swords Dance|p1a: Hawlucha\n|-boost|p1a: Hawlucha|atk|2\n|move|p2a: \u5384\u8f68\u692a\u771f\u662f\u840c\u840c\u54d2|Play Rough|p1a: Hawlucha\n|-supereffective|p1a: Hawlucha\n|-damage|p1a: Hawlucha|0 fnt\n|faint|p1a: Hawlucha\n|\n|upkeep\n|\n|t:|1700198020\n|switch|p1a: Chansey|Chansey, F|90\/100\n|turn|22\n|\n|t:|1700198030\n|move|p2a: \u5384\u8f68\u692a\u771f\u662f\u840c\u840c\u54d2|Ivy Cudgel|p1a: Chansey|[anim] Ivy Cudgel Water\n|-damage|p1a: Chansey|39\/100\n|move|p1a: Chansey|Counter|p2a: \u5384\u8f68\u692a\u771f\u662f\u840c\u840c\u54d2\n|-damage|p2a: \u5384\u8f68\u692a\u771f\u662f\u840c\u840c\u54d2|0 fnt\n|faint|p2a: \u5384\u8f68\u692a\u771f\u662f\u840c\u840c\u54d2\n|\n|upkeep\n|\n|t:|1700198037\n|switch|p2a: Greninja|Greninja, M|81\/100\n|turn|23\n|\n|t:|1700198042\n|move|p2a: Greninja|Surf|p1a: Chansey\n|-damage|p1a: Chansey|24\/100\n|-damage|p2a: Greninja|71\/100|[from] item: Life Orb\n|move|p1a: Chansey|Soft-Boiled|p1a: Chansey\n|-heal|p1a: Chansey|74\/100\n|\n|upkeep\n|turn|24\n|-message|shakang forfeited.\n|\n|win|tdd20070515\u5179\u4f0f\u5947\u5927\u543e\n|raw|tdd20070515\u5179\u4f0f\u5947\u5927\u543e's rating: 1318 &rarr; <strong>1345<\/strong><br \/>(+27 for winning)\n|raw|shakang's rating: 1437 &rarr; <strong>1410<\/strong><br \/>(-27 for losing)\n|c|\u2606tdd20070515\u5179\u4f0f\u5947\u5927\u543e|\u8d62\u4e86\n|l|\u2606shakang\n","uploadtime":1700198067,"views":9,"p1id":"tdd20070515","p2id":"shakang","formatid":"gen9nationaldex","rating":1345,"private":0,"password":""}