{"id":"gen9nationaldex-1997000643","p1":"Reivya","p2":"gjgud7rxhv","format":"[Gen 9] National Dex","log":"|html|<div class=\"broadcast-blue\"><strong>[Gen 9] National Dex is currently suspecting Sneasler! For information on how to participate check out the <a href=\"https:\/\/www.smogon.com\/forums\/threads\/sv-national-dex-suspect-8-just-dance.3731534\/\">suspect thread<\/a>.<\/strong><\/div>\n|j|\u2606Reivya\n|j|\u2606gjgud7rxhv\n|t:|1700754301\n|gametype|singles\n|player|p1|Reivya|acetrainerf-gen4dp|1005\n|player|p2|gjgud7rxhv|lucas|1086\n|teamsize|p1|6\n|teamsize|p2|6\n|gen|9\n|tier|[Gen 9] National Dex\n|rated|\n|rule|HP Percentage Mod: HP is shown in percentages\n|rule|Endless Battle Clause: Forcing endless battles is banned\n|rule|OHKO Clause: OHKO moves are banned\n|rule|Evasion Clause: Evasion abilities, items, and moves are banned\n|rule|Evasion Abilities Clause: Evasion abilities are banned\n|rule|Evasion Items Clause: Evasion items are banned\n|rule|Evasion Moves Clause: Evasion moves are banned\n|rule|Species Clause: Limit one of each Pok\u00e9mon\n|rule|Sleep Clause Mod: Limit one foe put to sleep\n|clearpoke\n|poke|p1|Ribombee, F|\n|poke|p1|Skarmory, M|\n|poke|p1|Gardevoir, F|\n|poke|p1|Drapion, M|\n|poke|p1|Starmie|\n|poke|p1|Gigalith, F|\n|poke|p2|Empoleon, M|\n|poke|p2|Garchomp, M|\n|poke|p2|Magnezone|\n|poke|p2|Cofagrigus, M|\n|poke|p2|Lucario, F|\n|poke|p2|Claydol|\n|teampreview\n|c|\u2606Reivya|glhf\n|\n|t:|1700754315\n|start\n|switch|p1a: subarashii|Gigalith, F|100\/100\n|switch|p2a: Empoleon|Empoleon, M|100\/100\n|turn|1\n|\n|t:|1700754322\n|move|p2a: Empoleon|Surf|p1a: subarashii\n|-supereffective|p1a: subarashii\n|-damage|p1a: subarashii|5\/100\n|move|p1a: subarashii|Stealth Rock|p2a: Empoleon\n|-sidestart|p2: gjgud7rxhv|move: Stealth Rock\n|\n|upkeep\n|turn|2\n|-enditem|p1a: subarashii|Custap Berry|[eat]\n|-activate|p1a: subarashii|item: Custap Berry|[consumed]\n|\n|t:|1700754329\n|move|p1a: subarashii|Explosion|p2a: Empoleon\n|-resisted|p2a: Empoleon\n|-damage|p2a: Empoleon|53\/100\n|faint|p1a: subarashii\n|move|p2a: Empoleon|Surf|p1: subarashii|[notarget]\n|-fail|p2a: Empoleon\n|\n|upkeep\n|\n|t:|1700754341\n|switch|p1a: mr. hugs|Drapion, M|100\/100\n|turn|3\n|\n|t:|1700754356\n|switch|p2a: Trunks|Lucario, F|100\/100\n|-damage|p2a: Trunks|98\/100|[from] Stealth Rock\n|move|p1a: mr. hugs|Earthquake|p2a: Trunks\n|-supereffective|p2a: Trunks\n|-damage|p2a: Trunks|3\/100\n|\n|upkeep\n|turn|4\n|\n|t:|1700754368\n|-terastallize|p2a: Trunks|Fighting\n|move|p2a: Trunks|Aura Sphere|p1a: mr. hugs\n|-damage|p1a: mr. hugs|25\/100\n|move|p1a: mr. hugs|Roar|p2a: Trunks\n|drag|p2a: Magnezone|Magnezone|100\/100\n|-damage|p2a: Magnezone|94\/100|[from] Stealth Rock\n|-item|p2a: Magnezone|Air Balloon\n|\n|-heal|p1a: mr. hugs|31\/100|[from] item: Leftovers\n|upkeep\n|turn|5\n|\n|t:|1700754382\n|move|p1a: mr. hugs|Toxic Spikes|p2a: Magnezone\n|-sidestart|p2: gjgud7rxhv|move: Toxic Spikes\n|move|p2a: Magnezone|Magnet Rise|p2a: Magnezone\n|-start|p2a: Magnezone|Magnet Rise\n|\n|-heal|p1a: mr. hugs|37\/100|[from] item: Leftovers\n|upkeep\n|turn|6\n|\n|t:|1700754390\n|move|p1a: mr. hugs|Toxic Spikes|p2a: Magnezone\n|-sidestart|p2: gjgud7rxhv|move: Toxic Spikes\n|move|p2a: Magnezone|Flash Cannon|p1a: mr. hugs\n|-damage|p1a: mr. hugs|0 fnt\n|faint|p1a: mr. hugs\n|\n|upkeep\n|\n|t:|1700754400\n|switch|p1a: it's hip|Ribombee, F|100\/100\n|turn|7\n|\n|t:|1700754405\n|move|p1a: it's hip|Switcheroo|p2a: Magnezone\n|-activate|p1a: it's hip|move: Trick|[of] p2a: Magnezone\n|-item|p2a: Magnezone|Choice Specs|[from] move: Switcheroo\n|-item|p1a: it's hip|Air Balloon\n|-item|p1a: it's hip|Air Balloon|[from] move: Switcheroo\n|move|p2a: Magnezone|Flash Cannon|p1a: it's hip\n|-supereffective|p1a: it's hip\n|-damage|p1a: it's hip|0 fnt\n|-enditem|p1a: it's hip|Air Balloon\n|faint|p1a: it's hip\n|\n|upkeep\n|\n|t:|1700754418\n|switch|p1a: skra|Skarmory, M|100\/100\n|turn|8\n|\n|t:|1700754439\n|switch|p2a: Claydol|Claydol|100\/100\n|-damage|p2a: Claydol|94\/100|[from] Stealth Rock\n|move|p1a: skra|Spikes|p2a: Claydol\n|-sidestart|p2: gjgud7rxhv|Spikes\n|\n|upkeep\n|turn|9\n|\n|t:|1700754451\n|move|p2a: Claydol|Shadow Ball|p1a: skra\n|-damage|p1a: skra|85\/100\n|move|p1a: skra|Whirlwind|p2a: Claydol\n|drag|p2a: Trunks|Lucario, F, tera:Fighting|3\/100\n|-damage|p2a: Trunks|0 fnt|[from] Stealth Rock\n|faint|p2a: Trunks\n|\n|-heal|p1a: skra|91\/100|[from] item: Leftovers\n|upkeep\n|\n|t:|1700754468\n|switch|p2a: Magnezone|Magnezone|94\/100\n|-damage|p2a: Magnezone|88\/100|[from] Stealth Rock\n|-damage|p2a: Magnezone|76\/100|[from] Spikes\n|turn|10\n|\n|t:|1700754476\n|move|p2a: Magnezone|Thunderbolt|p1a: skra\n|-supereffective|p1a: skra\n|-damage|p1a: skra|0 fnt\n|faint|p1a: skra\n|\n|upkeep\n|\n|t:|1700754483\n|switch|p1a: ayy lmao|Gardevoir, F|100\/100\n|turn|11\n|\n|t:|1700754488\n|switch|p2a: Claydol|Claydol|94\/100\n|-damage|p2a: Claydol|88\/100|[from] Stealth Rock\n|move|p1a: ayy lmao|Calm Mind|p1a: ayy lmao\n|-boost|p1a: ayy lmao|spa|1\n|-boost|p1a: ayy lmao|spd|1\n|\n|upkeep\n|turn|12\n|\n|t:|1700754497\n|move|p1a: ayy lmao|Calm Mind|p1a: ayy lmao\n|-boost|p1a: ayy lmao|spa|1\n|-boost|p1a: ayy lmao|spd|1\n|move|p2a: Claydol|Shadow Ball|p1a: ayy lmao\n|-supereffective|p1a: ayy lmao\n|-crit|p1a: ayy lmao\n|-damage|p1a: ayy lmao|45\/100\n|\n|upkeep\n|turn|13\n|\n|t:|1700754505\n|move|p1a: ayy lmao|Calm Mind|p1a: ayy lmao\n|-boost|p1a: ayy lmao|spa|1\n|-boost|p1a: ayy lmao|spd|1\n|move|p2a: Claydol|Shadow Ball|p1a: ayy lmao\n|-supereffective|p1a: ayy lmao\n|-damage|p1a: ayy lmao|29\/100\n|\n|upkeep\n|turn|14\n|\n|t:|1700754512\n|move|p1a: ayy lmao|Calm Mind|p1a: ayy lmao\n|-boost|p1a: ayy lmao|spa|1\n|-boost|p1a: ayy lmao|spd|1\n|move|p2a: Claydol|Shadow Ball|p1a: ayy lmao\n|-supereffective|p1a: ayy lmao\n|-damage|p1a: ayy lmao|17\/100\n|-enditem|p1a: ayy lmao|Salac Berry|[eat]\n|-boost|p1a: ayy lmao|spe|1|[from] item: Salac Berry\n|\n|upkeep\n|turn|15\n|\n|t:|1700754525\n|move|p1a: ayy lmao|Calm Mind|p1a: ayy lmao\n|-boost|p1a: ayy lmao|spa|1\n|-boost|p1a: ayy lmao|spd|1\n|move|p2a: Claydol|Shadow Ball|p1a: ayy lmao\n|-supereffective|p1a: ayy lmao\n|-damage|p1a: ayy lmao|6\/100\n|\n|upkeep\n|turn|16\n|\n|t:|1700754535\n|move|p1a: ayy lmao|Draining Kiss|p2a: Claydol\n|-damage|p2a: Claydol|0 fnt\n|-heal|p1a: ayy lmao|68\/100|[from] drain|[of] p2a: Claydol\n|faint|p2a: Claydol\n|\n|upkeep\n|\n|t:|1700754547\n|switch|p2a: Cofagrigus|Cofagrigus, M|100\/100\n|-damage|p2a: Cofagrigus|88\/100|[from] Stealth Rock\n|-status|p2a: Cofagrigus|tox\n|-damage|p2a: Cofagrigus|76\/100 tox|[from] Spikes\n|turn|17\n|\n|t:|1700754556\n|move|p1a: ayy lmao|Calm Mind|p1a: ayy lmao\n|-boost|p1a: ayy lmao|spa|1\n|-boost|p1a: ayy lmao|spd|1\n|move|p2a: Cofagrigus|Destiny Bond|p2a: Cofagrigus\n|-singlemove|p2a: Cofagrigus|Destiny Bond\n|\n|-heal|p2a: Cofagrigus|82\/100 tox|[from] item: Leftovers\n|-damage|p2a: Cofagrigus|76\/100 tox|[from] psn\n|upkeep\n|turn|18\n|\n|t:|1700754568\n|move|p1a: ayy lmao|Calm Mind|p1a: ayy lmao\n|-boost|p1a: ayy lmao|spa|0\n|-boost|p1a: ayy lmao|spd|0\n|move|p2a: Cofagrigus|Shadow Ball|p1a: ayy lmao\n|-supereffective|p1a: ayy lmao\n|-damage|p1a: ayy lmao|48\/100\n|\n|-heal|p2a: Cofagrigus|82\/100 tox|[from] item: Leftovers\n|-damage|p2a: Cofagrigus|70\/100 tox|[from] psn\n|upkeep\n|turn|19\n|\n|t:|1700754578\n|move|p1a: ayy lmao|Draining Kiss|p2a: Cofagrigus\n|-damage|p2a: Cofagrigus|0 fnt\n|-heal|p1a: ayy lmao|100\/100|[from] drain|[of] p2a: Cofagrigus\n|-activate|p2a: Cofagrigus|ability: Mummy|Synchronize|[of] p1a: ayy lmao\n|faint|p2a: Cofagrigus\n|\n|upkeep\n|\n|t:|1700754586\n|switch|p2a: Magnezone|Magnezone|76\/100\n|-damage|p2a: Magnezone|70\/100|[from] Stealth Rock\n|-damage|p2a: Magnezone|57\/100|[from] Spikes\n|turn|20\n|\n|t:|1700754610\n|-terastallize|p1a: ayy lmao|Electric\n|move|p1a: ayy lmao|Draining Kiss|p2a: Magnezone\n|-resisted|p2a: Magnezone\n|-damage|p2a: Magnezone|4\/100\n|move|p2a: Magnezone|Flash Cannon|p1a: ayy lmao\n|-resisted|p1a: ayy lmao\n|-damage|p1a: ayy lmao|93\/100\n|\n|upkeep\n|turn|21\n|\n|t:|1700754619\n|move|p1a: ayy lmao|Draining Kiss|p2a: Magnezone\n|-resisted|p2a: Magnezone\n|-damage|p2a: Magnezone|0 fnt\n|-heal|p1a: ayy lmao|95\/100|[from] drain|[of] p2a: Magnezone\n|faint|p2a: Magnezone\n|\n|upkeep\n|\n|t:|1700754625\n|switch|p2a: Empoleon|Empoleon, M|53\/100\n|-damage|p2a: Empoleon|47\/100|[from] Stealth Rock\n|-damage|p2a: Empoleon|34\/100|[from] Spikes\n|turn|22\n|\n|t:|1700754634\n|move|p1a: ayy lmao|Thunderbolt|p2a: Empoleon\n|-supereffective|p2a: Empoleon\n|-damage|p2a: Empoleon|0 fnt\n|faint|p2a: Empoleon\n|\n|upkeep\n|\n|t:|1700754639\n|switch|p2a: Omega|Garchomp, M|100\/100\n|-damage|p2a: Omega|94\/100|[from] Stealth Rock\n|-status|p2a: Omega|tox\n|-damage|p2a: Omega|82\/100 tox|[from] Spikes\n|turn|23\n|\n|t:|1700754647\n|move|p1a: ayy lmao|Draining Kiss|p2a: Omega\n|-supereffective|p2a: Omega\n|-crit|p2a: Omega\n|-damage|p2a: Omega|0 fnt\n|-heal|p1a: ayy lmao|100\/100|[from] drain|[of] p2a: Omega\n|-damage|p1a: ayy lmao|88\/100|[from] ability: Rough Skin|[of] p2a: Omega\n|faint|p2a: Omega\n|\n|win|Reivya\n|raw|Reivya's rating: 1005 &rarr; <strong>1053<\/strong><br \/>(+48 for winning)\n|raw|gjgud7rxhv's rating: 1086 &rarr; <strong>1058<\/strong><br \/>(-28 for losing)\n|c|\u2606Reivya|ggwp\n","uploadtime":1700754656,"views":1,"p1id":"reivya","p2id":"gjgud7rxhv","formatid":"gen9nationaldex","rating":1053,"private":0,"password":""}