{"id":"gen9nationaldex-2000429499","p1":"DaddyDaveV2","p2":"NahImtheotherguy","format":"[Gen 9] National Dex","log":"|html|<div class=\"broadcast-blue\"><strong>[Gen 9] National Dex is currently suspecting Sneasler! For information on how to participate check out the <a href=\"https:\/\/www.smogon.com\/forums\/threads\/sv-national-dex-suspect-8-just-dance.3731534\/\">suspect thread<\/a>.<\/strong><\/div>\n|j|\u2606DaddyDaveV2\n|j|\u203dNahImtheotherguy\n|t:|1701194076\n|gametype|singles\n|player|p1|DaddyDaveV2|169|1465\n|player|p2|NahImtheotherguy|bea|1406\n|teamsize|p1|6\n|teamsize|p2|6\n|gen|9\n|tier|[Gen 9] National Dex\n|rated|\n|rule|HP Percentage Mod: HP is shown in percentages\n|rule|Endless Battle Clause: Forcing endless battles is banned\n|rule|OHKO Clause: OHKO moves are banned\n|rule|Evasion Clause: Evasion abilities, items, and moves are banned\n|rule|Evasion Abilities Clause: Evasion abilities are banned\n|rule|Evasion Items Clause: Evasion items are banned\n|rule|Evasion Moves Clause: Evasion moves are banned\n|rule|Species Clause: Limit one of each Pok\u00e9mon\n|rule|Sleep Clause Mod: Limit one foe put to sleep\n|clearpoke\n|poke|p1|Galvantula, F|\n|poke|p1|Klefki, F|\n|poke|p1|Kartana|\n|poke|p1|Iron Moth|\n|poke|p1|Avalugg-Hisui, M|\n|poke|p1|Garchomp, F|\n|poke|p2|Ninetales-Alola, F|\n|poke|p2|Tapu Lele|\n|poke|p2|Diancie|\n|poke|p2|Sneasler, F|\n|poke|p2|Tapu Koko|\n|poke|p2|Great Tusk|\n|teampreview\n|\n|t:|1701194085\n|start\n|switch|p1a: Kartana|Kartana|100\/100\n|switch|p2a: Diancie|Diancie|100\/100\n|turn|1\n|\n|t:|1701194095\n|switch|p2a: Ninetales|Ninetales-Alola, F|100\/100\n|-weather|Snow|[from] ability: Snow Warning|[of] p2a: Ninetales\n|move|p1a: Kartana|Smart Strike|p2a: Ninetales\n|-supereffective|p2a: Ninetales\n|-damage|p2a: Ninetales|0 fnt\n|faint|p2a: Ninetales\n|-ability|p1a: Kartana|Beast Boost|boost\n|-boost|p1a: Kartana|atk|1\n|-damage|p1a: Kartana|90\/100|[from] item: Life Orb\n|\n|-weather|Snow|[upkeep]\n|upkeep\n|\n|t:|1701194100\n|switch|p2a: Tapu Lele|Tapu Lele|100\/100\n|-fieldstart|move: Psychic Terrain|[from] ability: Psychic Surge|[of] p2a: Tapu Lele\n|turn|2\n|\n|t:|1701194106\n|move|p1a: Kartana|Smart Strike|p2a: Tapu Lele\n|-supereffective|p2a: Tapu Lele\n|-damage|p2a: Tapu Lele|0 fnt\n|faint|p2a: Tapu Lele\n|-ability|p1a: Kartana|Beast Boost|boost\n|-boost|p1a: Kartana|atk|1\n|-damage|p1a: Kartana|80\/100|[from] item: Life Orb\n|\n|-weather|Snow|[upkeep]\n|upkeep\n|\n|t:|1701194110\n|switch|p2a: Sneasler|Sneasler, F|100\/100\n|-enditem|p2a: Sneasler|Psychic Seed\n|-boost|p2a: Sneasler|spd|1|[from] item: Psychic Seed\n|turn|3\n|\n|t:|1701194120\n|switch|p1a: Klefki|Klefki, F|100\/100\n|move|p2a: Sneasler|Close Combat|p1a: Klefki\n|-damage|p1a: Klefki|40\/100\n|-unboost|p2a: Sneasler|def|1\n|-unboost|p2a: Sneasler|spd|1\n|\n|-weather|Snow|[upkeep]\n|upkeep\n|turn|4\n|\n|t:|1701194125\n|-terastallize|p2a: Sneasler|Dark\n|move|p2a: Sneasler|Swords Dance|p2a: Sneasler\n|-boost|p2a: Sneasler|atk|2\n|move|p1a: Klefki|Dazzling Gleam|p2a: Sneasler\n|-supereffective|p2a: Sneasler\n|-crit|p2a: Sneasler\n|-damage|p2a: Sneasler|14\/100\n|\n|-weather|Snow|[upkeep]\n|upkeep\n|turn|5\n|\n|t:|1701194130\n|move|p2a: Sneasler|Close Combat|p1a: Klefki\n|-damage|p1a: Klefki|0 fnt\n|-unboost|p2a: Sneasler|def|1\n|-unboost|p2a: Sneasler|spd|1\n|faint|p1a: Klefki\n|\n|-weather|none\n|upkeep\n|\n|t:|1701194135\n|switch|p1a: Avalugg|Avalugg-Hisui, M|100\/100\n|turn|6\n|\n|t:|1701194140\n|move|p2a: Sneasler|Tera Blast|p1a: Avalugg|[anim] Tera Blast Dark\n|-damage|p1a: Avalugg|58\/100\n|move|p1a: Avalugg|Ice Spinner|p2a: Sneasler\n|-damage|p2a: Sneasler|0 fnt\n|-fieldend|move: Psychic Terrain\n|faint|p2a: Sneasler\n|\n|upkeep\n|\n|t:|1701194144\n|switch|p2a: Diancie|Diancie|100\/100\n|turn|7\n|\n|t:|1701194149\n|detailschange|p2a: Diancie|Diancie-Mega\n|-mega|p2a: Diancie|Diancie|Diancite\n|move|p2a: Diancie|Earth Power|p1a: Avalugg\n|-supereffective|p1a: Avalugg\n|-damage|p1a: Avalugg|0 fnt\n|faint|p1a: Avalugg\n|\n|upkeep\n|inactive|Battle timer is ON: inactive players will automatically lose when time's up. (requested by NahImtheotherguy)\n|\n|t:|1701194163\n|switch|p1a: Galvantula|Galvantula, F|100\/100\n|turn|8\n|\n|t:|1701194165\n|move|p2a: Diancie|Mystical Fire|p1a: Galvantula\n|-supereffective|p1a: Galvantula\n|-enditem|p1a: Galvantula|Focus Sash\n|-damage|p1a: Galvantula|1\/100\n|-unboost|p1a: Galvantula|spa|1\n|move|p1a: Galvantula|Sticky Web|p2a: Diancie\n|move|p2a: Diancie|Sticky Web|p1a: Galvantula|[from]ability: Magic Bounce\n|-sidestart|p1: DaddyDaveV2|move: Sticky Web\n|\n|upkeep\n|turn|9\n|\n|t:|1701194172\n|move|p2a: Diancie|Earth Power|p1a: Galvantula\n|-damage|p1a: Galvantula|0 fnt\n|faint|p1a: Galvantula\n|\n|upkeep\n|\n|t:|1701194180\n|switch|p1a: Garchomp|Garchomp, F|100\/100\n|-activate|p1a: Garchomp|move: Sticky Web\n|-unboost|p1a: Garchomp|spe|1\n|turn|10\n|\n|t:|1701194182\n|detailschange|p1a: Garchomp|Garchomp-Mega, F\n|-mega|p1a: Garchomp|Garchomp|Garchompite\n|move|p2a: Diancie|Moonblast|p1a: Garchomp\n|-supereffective|p1a: Garchomp\n|-damage|p1a: Garchomp|0 fnt\n|faint|p1a: Garchomp\n|\n|upkeep\n|\n|t:|1701194186\n|switch|p1a: Kartana|Kartana|80\/100\n|-activate|p1a: Kartana|move: Sticky Web\n|-unboost|p1a: Kartana|spe|1\n|turn|11\n|\n|t:|1701194189\n|move|p2a: Diancie|Mystical Fire|p1a: Kartana\n|-supereffective|p1a: Kartana\n|-damage|p1a: Kartana|0 fnt\n|faint|p1a: Kartana\n|\n|upkeep\n|\n|t:|1701194191\n|switch|p1a: Iron Moth|Iron Moth|100\/100\n|-activate|p1a: Iron Moth|move: Sticky Web\n|-unboost|p1a: Iron Moth|spe|1\n|turn|12\n|\n|t:|1701194193\n|move|p2a: Diancie|Earth Power|p1a: Iron Moth\n|-supereffective|p1a: Iron Moth\n|-damage|p1a: Iron Moth|0 fnt\n|faint|p1a: Iron Moth\n|-end|p1a: Iron Moth|Quark Drive|[silent]\n|\n|win|NahImtheotherguy\n|raw|DaddyDaveV2's rating: 1465 &rarr; <strong>1442<\/strong><br \/>(-23 for losing)\n|raw|NahImtheotherguy's rating: 1406 &rarr; <strong>1429<\/strong><br \/>(+23 for winning)\n|l|\u2606DaddyDaveV2\n","uploadtime":1701194198,"views":1,"p1id":"daddydavev2","p2id":"nahimtheotherguy","formatid":"gen9nationaldex","rating":1429,"private":0,"password":""}