{"id":"gen9nationaldex-1999499766","p1":"kapukokokikokiko","p2":"shuiyibu123","format":"[Gen 9] National Dex","log":"|html|<div class=\"broadcast-blue\"><strong>[Gen 9] National Dex is currently suspecting Sneasler! For information on how to participate check out the <a href=\"https:\/\/www.smogon.com\/forums\/threads\/sv-national-dex-suspect-8-just-dance.3731534\/\">suspect thread<\/a>.<\/strong><\/div>\n|j|\u2606kapukokokikokiko\n|j|\u2606shuiyibu123\n|t:|1701089469\n|gametype|singles\n|player|p1|kapukokokikokiko|roxie|1100\n|player|p2|shuiyibu123|hilda-wonderlauncher|1000\n|teamsize|p1|6\n|teamsize|p2|6\n|gen|9\n|tier|[Gen 9] National Dex\n|rated|\n|rule|HP Percentage Mod: HP is shown in percentages\n|rule|Endless Battle Clause: Forcing endless battles is banned\n|rule|OHKO Clause: OHKO moves are banned\n|rule|Evasion Clause: Evasion abilities, items, and moves are banned\n|rule|Evasion Abilities Clause: Evasion abilities are banned\n|rule|Evasion Items Clause: Evasion items are banned\n|rule|Evasion Moves Clause: Evasion moves are banned\n|rule|Species Clause: Limit one of each Pok\u00e9mon\n|rule|Sleep Clause Mod: Limit one foe put to sleep\n|clearpoke\n|poke|p1|Ampharos, M|\n|poke|p1|Gogoat, M|\n|poke|p1|Dubwool, F|\n|poke|p1|Whimsicott, M|\n|poke|p1|Cobalion|\n|poke|p1|Houndstone, M|\n|poke|p2|Vaporeon, F|\n|poke|p2|Flareon, M|\n|poke|p2|Jolteon, M|\n|poke|p2|Umbreon, M|\n|poke|p2|Sylveon, F|\n|poke|p2|Espeon, F|\n|teampreview\n|inactive|Battle timer is ON: inactive players will automatically lose when time's up. (requested by kapukokokikokiko)\n|inactive|shuiyibu123 has 120 seconds left.\n|\n|t:|1701089507\n|start\n|switch|p1a: \u767d\u7f8a\u5bab|Whimsicott, M, shiny|100\/100\n|switch|p2a: \u6781\u901f|Jolteon, M|100\/100\n|turn|1\n|\n|t:|1701089515\n|switch|p2a: \u73c0\u513f|Espeon, F|100\/100\n|move|p1a: \u767d\u7f8a\u5bab|Toxic|p2a: \u73c0\u513f\n|move|p2a: \u73c0\u513f|Toxic|p1a: \u767d\u7f8a\u5bab|[from]ability: Magic Bounce\n|-status|p1a: \u767d\u7f8a\u5bab|tox\n|\n|-damage|p1a: \u767d\u7f8a\u5bab|94\/100 tox|[from] psn\n|upkeep\n|turn|2\n|\n|t:|1701089526\n|move|p1a: \u767d\u7f8a\u5bab|Light Screen|p1a: \u767d\u7f8a\u5bab\n|-sidestart|p1: kapukokokikokiko|move: Light Screen\n|move|p2a: \u73c0\u513f|Trick|p1a: \u767d\u7f8a\u5bab\n|-activate|p2a: \u73c0\u513f|move: Trick|[of] p1a: \u767d\u7f8a\u5bab\n|-item|p1a: \u767d\u7f8a\u5bab|Choice Scarf|[from] move: Trick\n|-item|p2a: \u73c0\u513f|Focus Sash|[from] move: Trick\n|\n|-damage|p1a: \u767d\u7f8a\u5bab|82\/100 tox|[from] psn\n|upkeep\n|turn|3\n|\n|t:|1701089536\n|move|p1a: \u767d\u7f8a\u5bab|Encore|p2a: \u73c0\u513f\n|move|p2a: \u73c0\u513f|Encore||[from]ability: Magic Bounce|[still]\n|-fail|p2a: \u73c0\u513f\n|move|p2a: \u73c0\u513f|Psyshock|p1a: \u767d\u7f8a\u5bab\n|-damage|p1a: \u767d\u7f8a\u5bab|44\/100 tox\n|\n|-damage|p1a: \u767d\u7f8a\u5bab|26\/100 tox|[from] psn\n|upkeep\n|turn|4\n|\n|t:|1701089553\n|switch|p1a: \u7267\u7f8a\u72ac(\u94c1\u5934\u58f3\u6ca1\u843d\u5730\u7684\u6837\u5b50)|Houndstone, M|100\/100\n|move|p2a: \u73c0\u513f|Psyshock|p1a: \u7267\u7f8a\u72ac(\u94c1\u5934\u58f3\u6ca1\u843d\u5730\u7684\u6837\u5b50)\n|-crit|p1a: \u7267\u7f8a\u72ac(\u94c1\u5934\u58f3\u6ca1\u843d\u5730\u7684\u6837\u5b50)\n|-damage|p1a: \u7267\u7f8a\u72ac(\u94c1\u5934\u58f3\u6ca1\u843d\u5730\u7684\u6837\u5b50)|42\/100\n|\n|upkeep\n|turn|5\n|\n|t:|1701089569\n|switch|p2a: \u5e03\u83b1\u514b|Umbreon, M|100\/100\n|move|p1a: \u7267\u7f8a\u72ac(\u94c1\u5934\u58f3\u6ca1\u843d\u5730\u7684\u6837\u5b50)|Crunch|p2a: \u5e03\u83b1\u514b\n|-resisted|p2a: \u5e03\u83b1\u514b\n|-damage|p2a: \u5e03\u83b1\u514b|95\/100\n|-damage|p1a: \u7267\u7f8a\u72ac(\u94c1\u5934\u58f3\u6ca1\u843d\u5730\u7684\u6837\u5b50)|26\/100|[from] item: Rocky Helmet|[of] p2a: \u5e03\u83b1\u514b\n|\n|upkeep\n|turn|6\n|\n|t:|1701089591\n|switch|p1a: \u7535\u7f8a|Ampharos, M|100\/100\n|move|p2a: \u5e03\u83b1\u514b|Foul Play|p1a: \u7535\u7f8a\n|-damage|p1a: \u7535\u7f8a|82\/100\n|-status|p2a: \u5e03\u83b1\u514b|par|[from] ability: Static|[of] p1a: \u7535\u7f8a\n|-activate|p2a: \u5e03\u83b1\u514b|ability: Synchronize\n|-immune|p1a: \u7535\u7f8a\n|\n|-sideend|p1: kapukokokikokiko|move: Light Screen\n|upkeep\n|turn|7\n|\n|t:|1701089605\n|switch|p2a: \u897f\u5c14\u8587\u5a05|Sylveon, F|100\/100\n|detailschange|p1a: \u7535\u7f8a|Ampharos-Mega, M\n|-mega|p1a: \u7535\u7f8a|Ampharos|Ampharosite\n|-ability|p1a: \u7535\u7f8a|Mold Breaker\n|move|p1a: \u7535\u7f8a|Cotton Guard|p1a: \u7535\u7f8a\n|-boost|p1a: \u7535\u7f8a|def|3\n|\n|upkeep\n|turn|8\n|inactive|shuiyibu123 has 120 seconds left.\n|n|\u2606shuiyibu123|shuiyibu123\n|\n|t:|1701089628\n|move|p2a: \u897f\u5c14\u8587\u5a05|Echoed Voice|p1a: \u7535\u7f8a\n|-supereffective|p1a: \u7535\u7f8a\n|-damage|p1a: \u7535\u7f8a|54\/100\n|move|p1a: \u7535\u7f8a|Thunderbolt|p2a: \u897f\u5c14\u8587\u5a05\n|-damage|p2a: \u897f\u5c14\u8587\u5a05|64\/100\n|\n|upkeep\n|turn|9\n|\n|t:|1701089641\n|move|p2a: \u897f\u5c14\u8587\u5a05|Echoed Voice|p1a: \u7535\u7f8a\n|-supereffective|p1a: \u7535\u7f8a\n|-damage|p1a: \u7535\u7f8a|0 fnt\n|faint|p1a: \u7535\u7f8a\n|\n|upkeep\n|\n|t:|1701089651\n|switch|p1a: \u94a2\u7f8a|Cobalion, shiny|100\/100\n|turn|10\n|\n|t:|1701089659\n|-terastallize|p2a: \u897f\u5c14\u8587\u5a05|Steel\n|move|p1a: \u94a2\u7f8a|Iron Head|p2a: \u897f\u5c14\u8587\u5a05\n|-resisted|p2a: \u897f\u5c14\u8587\u5a05\n|-damage|p2a: \u897f\u5c14\u8587\u5a05|41\/100\n|-damage|p1a: \u94a2\u7f8a|91\/100|[from] item: Life Orb\n|move|p2a: \u897f\u5c14\u8587\u5a05|Echoed Voice|p1a: \u94a2\u7f8a\n|-damage|p1a: \u94a2\u7f8a|0 fnt\n|faint|p1a: \u94a2\u7f8a\n|\n|upkeep\n|\n|t:|1701089673\n|switch|p1a: \u767d\u7f8a\u5bab|Whimsicott, M, shiny|26\/100 tox\n|turn|11\n|\n|t:|1701089682\n|move|p1a: \u767d\u7f8a\u5bab|Endeavor|p2a: \u897f\u5c14\u8587\u5a05\n|-damage|p2a: \u897f\u5c14\u8587\u5a05|17\/100\n|move|p2a: \u897f\u5c14\u8587\u5a05|Echoed Voice|p1a: \u767d\u7f8a\u5bab\n|-damage|p1a: \u767d\u7f8a\u5bab|0 fnt\n|faint|p1a: \u767d\u7f8a\u5bab\n|\n|upkeep\n|\n|t:|1701089694\n|switch|p1a: \u7267\u7f8a\u72ac(\u94c1\u5934\u58f3\u6ca1\u843d\u5730\u7684\u6837\u5b50)|Houndstone, M|26\/100\n|turn|12\n|\n|t:|1701089702\n|switch|p2a: \u5e03\u83b1\u514b|Umbreon, M|95\/100 par\n|move|p1a: \u7267\u7f8a\u72ac(\u94c1\u5934\u58f3\u6ca1\u843d\u5730\u7684\u6837\u5b50)|Shadow Sneak|p2a: \u5e03\u83b1\u514b\n|-resisted|p2a: \u5e03\u83b1\u514b\n|-damage|p2a: \u5e03\u83b1\u514b|90\/100 par\n|-damage|p1a: \u7267\u7f8a\u72ac(\u94c1\u5934\u58f3\u6ca1\u843d\u5730\u7684\u6837\u5b50)|9\/100|[from] item: Rocky Helmet|[of] p2a: \u5e03\u83b1\u514b\n|\n|upkeep\n|turn|13\n|\n|t:|1701089713\n|move|p1a: \u7267\u7f8a\u72ac(\u94c1\u5934\u58f3\u6ca1\u843d\u5730\u7684\u6837\u5b50)|Body Press|p2a: \u5e03\u83b1\u514b\n|-supereffective|p2a: \u5e03\u83b1\u514b\n|-damage|p2a: \u5e03\u83b1\u514b|59\/100 par\n|-damage|p1a: \u7267\u7f8a\u72ac(\u94c1\u5934\u58f3\u6ca1\u843d\u5730\u7684\u6837\u5b50)|0 fnt|[from] item: Rocky Helmet|[of] p2a: \u5e03\u83b1\u514b\n|faint|p1a: \u7267\u7f8a\u72ac(\u94c1\u5934\u58f3\u6ca1\u843d\u5730\u7684\u6837\u5b50)\n|move|p2a: \u5e03\u83b1\u514b|Taunt|p1: \u7267\u7f8a\u72ac(\u94c1\u5934\u58f3\u6ca1\u843d\u5730\u7684\u6837\u5b50)|[notarget]\n|-fail|p2a: \u5e03\u83b1\u514b\n|\n|upkeep\n|\n|t:|1701089726\n|switch|p1a: \u8089\u7f8a|Dubwool, F|100\/100\n|turn|14\n|\n|t:|1701089737\n|move|p1a: \u8089\u7f8a|Substitute|p1a: \u8089\u7f8a\n|-start|p1a: \u8089\u7f8a|Substitute\n|-damage|p1a: \u8089\u7f8a|75\/100\n|move|p2a: \u5e03\u83b1\u514b|Wish|p2a: \u5e03\u83b1\u514b\n|\n|-heal|p1a: \u8089\u7f8a|82\/100|[from] item: Leftovers\n|upkeep\n|turn|15\n|\n|t:|1701089745\n|switch|p2a: \u897f\u5c14\u8587\u5a05|Sylveon, F, tera:Steel|17\/100\n|move|p1a: \u8089\u7f8a|Cotton Guard|p1a: \u8089\u7f8a\n|-boost|p1a: \u8089\u7f8a|def|3\n|\n|-heal|p2a: \u897f\u5c14\u8587\u5a05|74\/100|[from] move: Wish|[wisher] \u5e03\u83b1\u514b\n|-heal|p1a: \u8089\u7f8a|88\/100|[from] item: Leftovers\n|upkeep\n|turn|16\n|\n|t:|1701089758\n|move|p1a: \u8089\u7f8a|Body Press|p2a: \u897f\u5c14\u8587\u5a05\n|-supereffective|p2a: \u897f\u5c14\u8587\u5a05\n|-damage|p2a: \u897f\u5c14\u8587\u5a05|0 fnt\n|faint|p2a: \u897f\u5c14\u8587\u5a05\n|\n|-heal|p1a: \u8089\u7f8a|94\/100|[from] item: Leftovers\n|upkeep\n|\n|t:|1701089770\n|switch|p2a: \u6781\u901f|Jolteon, M|100\/100\n|turn|17\n|\n|t:|1701089787\n|move|p2a: \u6781\u901f|Volt Switch|p1a: \u8089\u7f8a\n|-end|p1a: \u8089\u7f8a|Substitute\n|-damage|p2a: \u6781\u901f|91\/100|[from] item: Life Orb\n|\n|t:|1701089792\n|switch|p2a: \u73c0\u513f|Espeon, F|100\/100|[from] Volt Switch\n|move|p1a: \u8089\u7f8a|Body Press|p2a: \u73c0\u513f\n|-resisted|p2a: \u73c0\u513f\n|-damage|p2a: \u73c0\u513f|46\/100\n|\n|-heal|p1a: \u8089\u7f8a|99\/100|[from] item: Leftovers\n|upkeep\n|turn|18\n|\n|t:|1701089810\n|move|p2a: \u73c0\u513f|Trick|p1a: \u8089\u7f8a\n|-activate|p2a: \u73c0\u513f|move: Trick|[of] p1a: \u8089\u7f8a\n|-item|p1a: \u8089\u7f8a|Focus Sash|[from] move: Trick\n|-item|p2a: \u73c0\u513f|Leftovers|[from] move: Trick\n|move|p1a: \u8089\u7f8a|Body Press|p2a: \u73c0\u513f\n|-resisted|p2a: \u73c0\u513f\n|-damage|p2a: \u73c0\u513f|0 fnt\n|faint|p2a: \u73c0\u513f\n|\n|upkeep\n|\n|t:|1701089821\n|switch|p2a: \u5e03\u83b1\u514b|Umbreon, M|59\/100 par\n|turn|19\n|\n|t:|1701089831\n|move|p1a: \u8089\u7f8a|Substitute|p1a: \u8089\u7f8a\n|-start|p1a: \u8089\u7f8a|Substitute\n|-damage|p1a: \u8089\u7f8a|75\/100\n|move|p2a: \u5e03\u83b1\u514b|Thunder Wave||[still]\n|-fail|p2a: \u5e03\u83b1\u514b\n|\n|upkeep\n|turn|20\n|\n|t:|1701089846\n|move|p1a: \u8089\u7f8a|Cotton Guard|p1a: \u8089\u7f8a\n|-boost|p1a: \u8089\u7f8a|def|3\n|move|p2a: \u5e03\u83b1\u514b|Foul Play|p1a: \u8089\u7f8a\n|-activate|p1a: \u8089\u7f8a|move: Substitute|[damage]\n|\n|upkeep\n|turn|21\n|\n|t:|1701089856\n|move|p1a: \u8089\u7f8a|Body Press|p2a: \u5e03\u83b1\u514b\n|-supereffective|p2a: \u5e03\u83b1\u514b\n|-damage|p2a: \u5e03\u83b1\u514b|0 fnt\n|-damage|p1a: \u8089\u7f8a|58\/100|[from] item: Rocky Helmet|[of] p2a: \u5e03\u83b1\u514b\n|faint|p2a: \u5e03\u83b1\u514b\n|\n|upkeep\n|\n|t:|1701089863\n|switch|p2a: \u6781\u901f|Jolteon, M|91\/100\n|turn|22\n|\n|t:|1701089867\n|move|p2a: \u6781\u901f|Volt Switch|p1a: \u8089\u7f8a\n|-crit|p1a: \u8089\u7f8a\n|-end|p1a: \u8089\u7f8a|Substitute\n|-damage|p2a: \u6781\u901f|81\/100|[from] item: Life Orb\n|\n|t:|1701089874\n|switch|p2a: \u592a\u9633\u70c8\u7130|Flareon, M|100\/100|[from] Volt Switch\n|move|p1a: \u8089\u7f8a|Body Press|p2a: \u592a\u9633\u70c8\u7130\n|-damage|p2a: \u592a\u9633\u70c8\u7130|0 fnt\n|faint|p2a: \u592a\u9633\u70c8\u7130\n|\n|upkeep\n|\n|t:|1701089878\n|switch|p2a: \u6c34\u6676|Vaporeon, F|100\/100\n|turn|23\n|\n|t:|1701089889\n|move|p1a: \u8089\u7f8a|Substitute|p1a: \u8089\u7f8a\n|-start|p1a: \u8089\u7f8a|Substitute\n|-damage|p1a: \u8089\u7f8a|33\/100\n|move|p2a: \u6c34\u6676|Hydro Pump|p1a: \u8089\u7f8a\n|-end|p1a: \u8089\u7f8a|Substitute\n|\n|upkeep\n|turn|24\n|\n|t:|1701089897\n|move|p1a: \u8089\u7f8a|Body Press|p2a: \u6c34\u6676\n|-damage|p2a: \u6c34\u6676|5\/100\n|move|p2a: \u6c34\u6676|Hydro Pump|p1a: \u8089\u7f8a\n|-damage|p1a: \u8089\u7f8a|0 fnt\n|faint|p1a: \u8089\u7f8a\n|\n|upkeep\n|\n|t:|1701089906\n|switch|p1a: \u8349\u7f8a|Gogoat, M, shiny|100\/100\n|turn|25\n|\n|t:|1701089912\n|move|p2a: \u6c34\u6676|Hydro Pump|p1a: \u8349\u7f8a\n|-resisted|p1a: \u8349\u7f8a\n|-damage|p1a: \u8349\u7f8a|74\/100\n|move|p1a: \u8349\u7f8a|Horn Leech|p2a: \u6c34\u6676\n|-supereffective|p2a: \u6c34\u6676\n|-damage|p2a: \u6c34\u6676|0 fnt\n|-heal|p1a: \u8349\u7f8a|76\/100|[from] drain|[of] p2a: \u6c34\u6676\n|faint|p2a: \u6c34\u6676\n|\n|-heal|p1a: \u8349\u7f8a|82\/100|[from] item: Leftovers\n|upkeep\n|\n|t:|1701089919\n|switch|p2a: \u6781\u901f|Jolteon, M|81\/100\n|turn|26\n|\n|t:|1701089928\n|move|p2a: \u6781\u901f|Calm Mind|p2a: \u6781\u901f\n|-boost|p2a: \u6781\u901f|spa|1\n|-boost|p2a: \u6781\u901f|spd|1\n|move|p1a: \u8349\u7f8a|Horn Leech|p2a: \u6781\u901f\n|-damage|p2a: \u6781\u901f|29\/100\n|-heal|p1a: \u8349\u7f8a|98\/100|[from] drain|[of] p2a: \u6781\u901f\n|\n|-heal|p1a: \u8349\u7f8a|100\/100|[from] item: Leftovers\n|upkeep\n|turn|27\n|\n|t:|1701089938\n|move|p2a: \u6781\u901f|Hidden Power|p1a: \u8349\u7f8a\n|-supereffective|p1a: \u8349\u7f8a\n|-damage|p1a: \u8349\u7f8a|52\/100\n|-damage|p2a: \u6781\u901f|19\/100|[from] item: Life Orb\n|move|p1a: \u8349\u7f8a|Horn Leech|p2a: \u6781\u901f\n|-crit|p2a: \u6781\u901f\n|-damage|p2a: \u6781\u901f|0 fnt\n|-heal|p1a: \u8349\u7f8a|58\/100|[from] drain|[of] p2a: \u6781\u901f\n|faint|p2a: \u6781\u901f\n|\n|win|kapukokokikokiko\n|raw|kapukokokikokiko's rating: 1100 &rarr; <strong>1118<\/strong><br \/>(+18 for winning)\n|raw|shuiyibu123's rating: 1000 &rarr; <strong>1000<\/strong><br \/>(+0 for losing)\n","uploadtime":1701089952,"views":2,"p1id":"kapukokokikokiko","p2id":"shuiyibu123","formatid":"gen9nationaldex","rating":1000,"private":0,"password":""}