{"id":"gen9nationaldex-1996349975","p1":"Ruinous Tusk","p2":"bbgzz","format":"[Gen 9] National Dex","log":"|html|<div class=\"broadcast-blue\"><strong>[Gen 9] National Dex is currently suspecting Sneasler! For information on how to participate check out the <a href=\"https:\/\/www.smogon.com\/forums\/threads\/sv-national-dex-suspect-8-just-dance.3731534\/\">suspect thread<\/a>.<\/strong><\/div>\n|j|\u2606Ruinous Tusk\n|j|\u2606bbgzz\n|t:|1700673656\n|gametype|singles\n|player|p1|Ruinous Tusk|hilbert|1219\n|player|p2|bbgzz|pokekid|1189\n|teamsize|p1|6\n|teamsize|p2|6\n|gen|9\n|tier|[Gen 9] National Dex\n|rated|\n|rule|HP Percentage Mod: HP is shown in percentages\n|rule|Endless Battle Clause: Forcing endless battles is banned\n|rule|OHKO Clause: OHKO moves are banned\n|rule|Evasion Clause: Evasion abilities, items, and moves are banned\n|rule|Evasion Abilities Clause: Evasion abilities are banned\n|rule|Evasion Items Clause: Evasion items are banned\n|rule|Evasion Moves Clause: Evasion moves are banned\n|rule|Species Clause: Limit one of each Pok\u00e9mon\n|rule|Sleep Clause Mod: Limit one foe put to sleep\n|clearpoke\n|poke|p1|Tapu Koko|\n|poke|p1|Iron Valiant|\n|poke|p1|Sneasler, M|\n|poke|p1|Charizard, M|\n|poke|p1|Hatterene, F|\n|poke|p1|Victini|\n|poke|p2|Chandelure, M|\n|poke|p2|Chansey, F|\n|poke|p2|Dondozo, F|\n|poke|p2|Scizor, F|\n|poke|p2|Rillaboom, M|\n|poke|p2|Sneasler, F|\n|teampreview\n|inactive|Battle timer is ON: inactive players will automatically lose when time's up. (requested by Ruinous Tusk)\n|\n|t:|1700673664\n|start\n|switch|p1a: Tapu Koko|Tapu Koko|100\/100\n|switch|p2a: Scizor|Scizor, F, shiny|100\/100\n|-fieldstart|move: Electric Terrain|[from] ability: Electric Surge|[of] p1a: Tapu Koko\n|turn|1\n|\n|t:|1700673680\n|detailschange|p2a: Scizor|Scizor-Mega, F, shiny\n|-mega|p2a: Scizor|Scizor|Scizorite\n|move|p1a: Tapu Koko|U-turn|p2a: Scizor\n|-resisted|p2a: Scizor\n|-damage|p2a: Scizor|95\/100\n|\n|t:|1700673684\n|switch|p1a: Charizard|Charizard, M|100\/100|[from] U-turn\n|move|p2a: Scizor|Knock Off|p1a: Charizard\n|-damage|p1a: Charizard|61\/100\n|\n|upkeep\n|turn|2\n|\n|t:|1700673694\n|switch|p2a: Chansey|Chansey, F, shiny|100\/100\n|detailschange|p1a: Charizard|Charizard-Mega-Y, M\n|-mega|p1a: Charizard|Charizard|Charizardite Y\n|-weather|SunnyDay|[from] ability: Drought|[of] p1a: Charizard\n|move|p1a: Charizard|Roost|p1a: Charizard\n|-heal|p1a: Charizard|100\/100\n|-singleturn|p1a: Charizard|move: Roost\n|\n|-weather|SunnyDay|[upkeep]\n|upkeep\n|turn|3\n|\n|t:|1700673706\n|switch|p1a: Hatterene|Hatterene, F|100\/100\n|move|p2a: Chansey|Teleport|p2a: Chansey\n|\n|t:|1700673719\n|switch|p2a: Scizor|Scizor-Mega, F, shiny|95\/100|[from] Teleport\n|\n|-weather|SunnyDay|[upkeep]\n|upkeep\n|turn|4\n|\n|t:|1700673733\n|move|p2a: Scizor|Bullet Punch|p1a: Hatterene\n|-supereffective|p1a: Hatterene\n|-damage|p1a: Hatterene|38\/100\n|-enditem|p1a: Hatterene|Eject Button\n|\n|t:|1700673740\n|switch|p1a: Victini|Victini|100\/100\n|\n|-weather|SunnyDay|[upkeep]\n|upkeep\n|turn|5\n|\n|t:|1700673749\n|switch|p2a: Chansey|Chansey, F, shiny|100\/100\n|move|p1a: Victini|Bolt Strike|p2a: Chansey|[miss]\n|-miss|p1a: Victini|p2a: Chansey\n|\n|-weather|SunnyDay|[upkeep]\n|upkeep\n|turn|6\n|\n|t:|1700673755\n|switch|p1a: Hatterene|Hatterene, F|38\/100\n|move|p2a: Chansey|Toxic|p1a: Hatterene\n|move|p1a: Hatterene|Toxic|p2a: Chansey|[from]ability: Magic Bounce\n|-status|p2a: Chansey|tox\n|\n|-weather|none\n|-damage|p2a: Chansey|94\/100 tox|[from] psn\n|upkeep\n|turn|7\n|\n|t:|1700673765\n|move|p2a: Chansey|Toxic|p1a: Hatterene\n|move|p1a: Hatterene|Toxic|p2a: Chansey|[from]ability: Magic Bounce\n|-fail|p2a: Chansey|tox\n|move|p1a: Hatterene|Draining Kiss|p2a: Chansey\n|-damage|p2a: Chansey|87\/100 tox\n|-heal|p1a: Hatterene|50\/100|[from] drain|[of] p2a: Chansey\n|\n|-damage|p2a: Chansey|75\/100 tox|[from] psn\n|upkeep\n|turn|8\n|\n|t:|1700673774\n|move|p1a: Hatterene|Psyshock|p2a: Chansey\n|-damage|p2a: Chansey|50\/100 tox\n|move|p2a: Chansey|Teleport|p2a: Chansey\n|\n|t:|1700673780\n|-curestatus|p2a: Chansey|tox|[from] ability: Natural Cure\n|switch|p2a: Rillaboom|Rillaboom, M, shiny|100\/100|[from] Teleport\n|-fieldstart|move: Grassy Terrain|[from] ability: Grassy Surge|[of] p2a: Rillaboom\n|\n|-heal|p1a: Hatterene|56\/100|[from] Grassy Terrain\n|upkeep\n|turn|9\n|\n|t:|1700673790\n|switch|p1a: Charizard|Charizard-Mega-Y, M|100\/100\n|-weather|SunnyDay|[from] ability: Drought|[of] p1a: Charizard\n|move|p2a: Rillaboom|Wood Hammer|p1a: Charizard\n|-resisted|p1a: Charizard\n|-damage|p1a: Charizard|56\/100\n|-damage|p2a: Rillaboom|88\/100|[from] Recoil\n|\n|-weather|SunnyDay|[upkeep]\n|-heal|p2a: Rillaboom|94\/100|[from] Grassy Terrain\n|upkeep\n|turn|10\n|l|\u2606bbgzz\n|inactive|bbgzz disconnected and has a minute to reconnect!\n|player|p2|\n|inactive|bbgzz has 30 seconds to reconnect!\n|inactive|bbgzz has 20 seconds to reconnect!\n|inactive|bbgzz has 15 seconds to reconnect!\n|inactive|bbgzz has 10 seconds to reconnect!\n|inactive|bbgzz has 5 seconds to reconnect!\n|-message|bbgzz lost due to inactivity.\n|\n|win|Ruinous Tusk\n|raw|Ruinous Tusk's rating: 1219 &rarr; <strong>1242<\/strong><br \/>(+23 for winning)\n|raw|bbgzz's rating: 1189 &rarr; <strong>1166<\/strong><br \/>(-23 for losing)\n","uploadtime":1700673869,"views":1,"p1id":"ruinoustusk","p2id":"bbgzz","formatid":"gen9nationaldex","rating":1166,"private":0,"password":""}