{"id":"gen9nationaldex-1998257265","p1":"kjead","p2":"Herbal caddy","format":"[Gen 9] National Dex","log":"|html|<div class=\"broadcast-blue\"><strong>[Gen 9] National Dex is currently suspecting Sneasler! For information on how to participate check out the <a href=\"https:\/\/www.smogon.com\/forums\/threads\/sv-national-dex-suspect-8-just-dance.3731534\/\">suspect thread<\/a>.<\/strong><\/div>\n|j|\u2606kjead\n|j|\u2606Herbal caddy\n|t:|1700920870\n|gametype|singles\n|player|p1|kjead|n|1137\n|player|p2|Herbal caddy|170|1094\n|teamsize|p1|6\n|teamsize|p2|6\n|gen|9\n|tier|[Gen 9] National Dex\n|rated|\n|rule|HP Percentage Mod: HP is shown in percentages\n|rule|Endless Battle Clause: Forcing endless battles is banned\n|rule|OHKO Clause: OHKO moves are banned\n|rule|Evasion Clause: Evasion abilities, items, and moves are banned\n|rule|Evasion Abilities Clause: Evasion abilities are banned\n|rule|Evasion Items Clause: Evasion items are banned\n|rule|Evasion Moves Clause: Evasion moves are banned\n|rule|Species Clause: Limit one of each Pok\u00e9mon\n|rule|Sleep Clause Mod: Limit one foe put to sleep\n|clearpoke\n|poke|p1|Charizard, M|\n|poke|p1|Infernape, M|\n|poke|p1|Cinderace, F|\n|poke|p1|Skeledirge, F|\n|poke|p1|Torkoal, F|\n|poke|p1|Rotom-Heat|\n|poke|p2|Meganium, F|\n|poke|p2|Torkoal, M|\n|poke|p2|Samurott-Hisui, M|\n|poke|p2|Great Tusk|\n|poke|p2|Venusaur, F|\n|poke|p2|Charizard, F|\n|teampreview\n|\n|t:|1700920896\n|start\n|switch|p1a: Rotom|Rotom-Heat|100\/100\n|switch|p2a: Torkoal|Torkoal, M|100\/100\n|-weather|SunnyDay|[from] ability: Drought|[of] p2a: Torkoal\n|turn|1\n|\n|t:|1700920912\n|move|p1a: Rotom|Overheat|p2a: Torkoal\n|-resisted|p2a: Torkoal\n|-damage|p2a: Torkoal|55\/100\n|-unboost|p1a: Rotom|spa|2\n|move|p2a: Torkoal|Stealth Rock|p1a: Rotom\n|-sidestart|p1: kjead|move: Stealth Rock\n|\n|-weather|SunnyDay|[upkeep]\n|upkeep\n|turn|2\n|\n|t:|1700920921\n|move|p1a: Rotom|Defog|p2a: Torkoal\n|-unboost|p2a: Torkoal|evasion|1\n|-sideend|p1: kjead|Stealth Rock|[from] move: Defog|[of] p1a: Rotom\n|move|p2a: Torkoal|Yawn|p1a: Rotom\n|-start|p1a: Rotom|move: Yawn|[of] p2a: Torkoal\n|\n|-weather|SunnyDay|[upkeep]\n|upkeep\n|turn|3\n|\n|t:|1700920935\n|switch|p1a: Torkoal|Torkoal, F|100\/100\n|move|p2a: Torkoal|Stealth Rock|p1a: Torkoal\n|-sidestart|p1: kjead|move: Stealth Rock\n|\n|-weather|SunnyDay|[upkeep]\n|upkeep\n|turn|4\n|\n|t:|1700920945\n|move|p1a: Torkoal|Stealth Rock|p2a: Torkoal\n|-sidestart|p2: Herbal caddy|move: Stealth Rock\n|move|p2a: Torkoal|Yawn|p1a: Torkoal\n|-start|p1a: Torkoal|move: Yawn|[of] p2a: Torkoal\n|\n|-weather|SunnyDay|[upkeep]\n|upkeep\n|turn|5\n|\n|t:|1700920959\n|switch|p1a: Rotom|Rotom-Heat|100\/100\n|-damage|p1a: Rotom|75\/100|[from] Stealth Rock\n|move|p2a: Torkoal|Rapid Spin|p1a: Rotom\n|-damage|p1a: Rotom|65\/100\n|-boost|p2a: Torkoal|spe|1\n|-sideend|p2: Herbal caddy|Stealth Rock|[from] move: Rapid Spin|[of] p2a: Torkoal\n|\n|-weather|SunnyDay|[upkeep]\n|-heal|p1a: Rotom|72\/100|[from] item: Leftovers\n|upkeep\n|turn|6\n|\n|t:|1700920971\n|move|p1a: Rotom|Toxic|p2a: Torkoal\n|-status|p2a: Torkoal|tox\n|move|p2a: Torkoal|Yawn|p1a: Rotom\n|-start|p1a: Rotom|move: Yawn|[of] p2a: Torkoal\n|\n|-weather|SunnyDay|[upkeep]\n|-heal|p1a: Rotom|78\/100|[from] item: Leftovers\n|-damage|p2a: Torkoal|49\/100 tox|[from] psn\n|upkeep\n|turn|7\n|\n|t:|1700920987\n|switch|p1a: Torkoal|Torkoal, F|100\/100\n|-damage|p1a: Torkoal|75\/100|[from] Stealth Rock\n|move|p2a: Torkoal|Stealth Rock||[still]\n|-fail|p2a: Torkoal\n|\n|-weather|SunnyDay|[upkeep]\n|-heal|p1a: Torkoal|82\/100|[from] item: Leftovers\n|-damage|p2a: Torkoal|37\/100 tox|[from] psn\n|upkeep\n|turn|8\n|\n|t:|1700921001\n|move|p2a: Torkoal|Yawn|p1a: Torkoal\n|-start|p1a: Torkoal|move: Yawn|[of] p2a: Torkoal\n|move|p1a: Torkoal|Stealth Rock|p2a: Torkoal\n|-sidestart|p2: Herbal caddy|move: Stealth Rock\n|\n|-weather|none\n|-heal|p1a: Torkoal|88\/100|[from] item: Leftovers\n|-damage|p2a: Torkoal|19\/100 tox|[from] psn\n|upkeep\n|turn|9\n|\n|t:|1700921042\n|move|p2a: Torkoal|Rapid Spin|p1a: Torkoal\n|-crit|p1a: Torkoal\n|-damage|p1a: Torkoal|79\/100\n|-boost|p2a: Torkoal|spe|1\n|-sideend|p2: Herbal caddy|Stealth Rock|[from] move: Rapid Spin|[of] p2a: Torkoal\n|move|p1a: Torkoal|Rapid Spin|p2a: Torkoal\n|-damage|p2a: Torkoal|13\/100 tox\n|-boost|p1a: Torkoal|spe|1\n|-sideend|p1: kjead|Stealth Rock|[from] move: Rapid Spin|[of] p1a: Torkoal\n|\n|-heal|p1a: Torkoal|85\/100|[from] item: Leftovers\n|-damage|p2a: Torkoal|0 fnt|[from] psn\n|faint|p2a: Torkoal\n|-end|p1a: Torkoal|move: Yawn|[silent]\n|-status|p1a: Torkoal|slp\n|upkeep\n|\n|t:|1700921070\n|switch|p2a: Samurott|Samurott-Hisui, M|100\/100\n|turn|10\n|\n|t:|1700921082\n|move|p2a: Samurott|Razor Shell|p1a: Torkoal\n|-supereffective|p1a: Torkoal\n|-damage|p1a: Torkoal|21\/100 slp\n|cant|p1a: Torkoal|slp\n|\n|-heal|p1a: Torkoal|28\/100 slp|[from] item: Leftovers\n|upkeep\n|turn|11\n|\n|t:|1700921093\n|move|p2a: Samurott|Razor Shell|p1a: Torkoal\n|-supereffective|p1a: Torkoal\n|-damage|p1a: Torkoal|0 fnt\n|faint|p1a: Torkoal\n|\n|upkeep\n|\n|t:|1700921101\n|switch|p1a: Rotom|Rotom-Heat|78\/100\n|turn|12\n|\n|t:|1700921108\n|move|p2a: Samurott|Razor Shell|p1a: Rotom\n|-supereffective|p1a: Rotom\n|-damage|p1a: Rotom|0 fnt\n|faint|p1a: Rotom\n|\n|upkeep\n|\n|t:|1700921126\n|switch|p1a: Skeledirge|Skeledirge, F|100\/100\n|turn|13\n|\n|t:|1700921157\n|move|p2a: Samurott|Ceaseless Edge|p1a: Skeledirge\n|-supereffective|p1a: Skeledirge\n|-damage|p1a: Skeledirge|20\/100\n|-sidestart|p1: kjead|Spikes\n|move|p1a: Skeledirge|Will-O-Wisp|p2a: Samurott|[miss]\n|-miss|p1a: Skeledirge|p2a: Samurott\n|\n|-heal|p1a: Skeledirge|26\/100|[from] item: Leftovers\n|upkeep\n|turn|14\n|\n|t:|1700921171\n|switch|p1a: Infernape|Infernape, M|100\/100\n|-damage|p1a: Infernape|88\/100|[from] Spikes\n|move|p2a: Samurott|Ceaseless Edge|p1a: Infernape\n|-resisted|p1a: Infernape\n|-damage|p1a: Infernape|49\/100\n|-sidestart|p1: kjead|Spikes\n|\n|upkeep\n|turn|15\n|\n|t:|1700921185\n|switch|p2a: Charizard|Charizard, F|100\/100\n|move|p1a: Infernape|Thunder Punch|p2a: Charizard\n|-supereffective|p2a: Charizard\n|-damage|p2a: Charizard|0 fnt\n|faint|p2a: Charizard\n|\n|upkeep\n|\n|t:|1700921217\n|switch|p2a: Great Tusk|Great Tusk|100\/100\n|turn|16\n|\n|t:|1700921237\n|switch|p1a: Charizard|Charizard, M|100\/100\n|move|p2a: Great Tusk|Headlong Rush|p1a: Charizard\n|-immune|p1a: Charizard\n|\n|upkeep\n|turn|17\n|\n|t:|1700921257\n|detailschange|p1a: Charizard|Charizard-Mega-Y, M\n|-mega|p1a: Charizard|Charizard|Charizardite Y\n|-weather|SunnyDay|[from] ability: Drought|[of] p1a: Charizard\n|-activate|p2a: Great Tusk|ability: Protosynthesis\n|-start|p2a: Great Tusk|protosynthesisatk\n|move|p1a: Charizard|Flamethrower|p2a: Great Tusk\n|-damage|p2a: Great Tusk|0 fnt\n|faint|p2a: Great Tusk\n|-end|p2a: Great Tusk|Protosynthesis|[silent]\n|\n|-weather|SunnyDay|[upkeep]\n|upkeep\n|\n|t:|1700921263\n|switch|p2a: Venusaur|Venusaur, F|100\/100\n|turn|18\n|\n|t:|1700921277\n|-terastallize|p2a: Venusaur|Fire\n|move|p2a: Venusaur|Growth|p2a: Venusaur\n|-boost|p2a: Venusaur|atk|2\n|-boost|p2a: Venusaur|spa|2\n|move|p1a: Charizard|Air Slash|p2a: Venusaur\n|-damage|p2a: Venusaur|49\/100\n|\n|-weather|SunnyDay|[upkeep]\n|upkeep\n|turn|19\n|\n|t:|1700921305\n|move|p2a: Venusaur|Sludge Bomb|p1a: Charizard\n|-damage|p1a: Charizard|0 fnt\n|faint|p1a: Charizard\n|-damage|p2a: Venusaur|39\/100|[from] item: Life Orb\n|\n|-weather|SunnyDay|[upkeep]\n|upkeep\n|\n|t:|1700921323\n|switch|p1a: Skeledirge|Skeledirge, F|26\/100\n|-damage|p1a: Skeledirge|10\/100|[from] Spikes\n|turn|20\n|\n|t:|1700921329\n|move|p2a: Venusaur|Giga Drain|p1a: Skeledirge\n|-resisted|p1a: Skeledirge\n|-damage|p1a: Skeledirge|0 fnt\n|-heal|p2a: Venusaur|45\/100|[from] drain|[of] p1a: Skeledirge\n|faint|p1a: Skeledirge\n|-damage|p2a: Venusaur|35\/100|[from] item: Life Orb\n|\n|-weather|SunnyDay|[upkeep]\n|upkeep\n|\n|t:|1700921337\n|switch|p1a: Infernape|Infernape, M|49\/100\n|-damage|p1a: Infernape|33\/100|[from] Spikes\n|turn|21\n|\n|t:|1700921348\n|move|p1a: Infernape|Mach Punch|p2a: Venusaur\n|-damage|p2a: Venusaur|0 fnt\n|faint|p2a: Venusaur\n|\n|-weather|none\n|upkeep\n|\n|t:|1700921361\n|switch|p2a: Samurott|Samurott-Hisui, M|100\/100\n|turn|22\n|\n|t:|1700921374\n|move|p1a: Infernape|Mach Punch|p2a: Samurott\n|-supereffective|p2a: Samurott\n|-damage|p2a: Samurott|23\/100\n|move|p2a: Samurott|Sucker Punch||[still]\n|-fail|p2a: Samurott\n|\n|upkeep\n|turn|23\n|-message|Herbal caddy forfeited.\n|\n|win|kjead\n|raw|kjead's rating: 1137 &rarr; <strong>1162<\/strong><br \/>(+25 for winning)\n|raw|Herbal caddy's rating: 1134 &rarr; <strong>1109<\/strong><br \/>(-25 for losing)\n|l|\u2606Herbal caddy\n","uploadtime":1700921383,"views":1,"p1id":"kjead","p2id":"herbalcaddy","formatid":"gen9nationaldex","rating":1109,"private":0,"password":""}