{"id":"gen9nationaldex-1992894693","p1":"Narr3sh","p2":"RealDoctorBox","format":"[Gen 9] National Dex","log":"|j|\u2606Narr3sh\n|j|\u2606RealDoctorBox\n|t:|1700244674\n|gametype|singles\n|player|p1|Narr3sh|steven|1041\n|player|p2|RealDoctorBox|266|1034\n|teamsize|p1|6\n|teamsize|p2|6\n|gen|9\n|tier|[Gen 9] National Dex\n|rated|\n|rule|HP Percentage Mod: HP is shown in percentages\n|rule|Endless Battle Clause: Forcing endless battles is banned\n|rule|OHKO Clause: OHKO moves are banned\n|rule|Evasion Clause: Evasion abilities, items, and moves are banned\n|rule|Evasion Abilities Clause: Evasion abilities are banned\n|rule|Evasion Items Clause: Evasion items are banned\n|rule|Evasion Moves Clause: Evasion moves are banned\n|rule|Species Clause: Limit one of each Pok\u00e9mon\n|rule|Sleep Clause Mod: Limit one foe put to sleep\n|clearpoke\n|poke|p1|Gliscor, F|\n|poke|p1|Volcarona, F|\n|poke|p1|Glimmora, F|\n|poke|p1|Scizor, F|\n|poke|p1|Samurott-Hisui, F|\n|poke|p1|Kartana|\n|poke|p2|Blaziken, M|\n|poke|p2|Garchomp, M|\n|poke|p2|Stakataka|\n|poke|p2|Dragonite, F|\n|poke|p2|Hoopa-Unbound|\n|poke|p2|Wobbuffet, F|\n|teampreview\n|\n|t:|1700244684\n|start\n|switch|p1a: Glimmora|Glimmora, F, shiny|100\/100\n|switch|p2a: Stakataka|Stakataka|100\/100\n|turn|1\n|\n|t:|1700244695\n|move|p1a: Glimmora|Stealth Rock|p2a: Stakataka\n|-sidestart|p2: RealDoctorBox|move: Stealth Rock\n|move|p2a: Stakataka|Stealth Rock|p1a: Glimmora\n|-sidestart|p1: Narr3sh|move: Stealth Rock\n|\n|upkeep\n|turn|2\n|\n|t:|1700244701\n|move|p1a: Glimmora|Earth Power|p2a: Stakataka\n|-supereffective|p2a: Stakataka\n|-damage|p2a: Stakataka|5\/100\n|move|p2a: Stakataka|Gyro Ball|p1a: Glimmora\n|-supereffective|p1a: Glimmora\n|-enditem|p1a: Glimmora|Focus Sash\n|-damage|p1a: Glimmora|1\/100\n|-activate|p1a: Glimmora|ability: Toxic Debris\n|-sidestart|p2: RealDoctorBox|move: Toxic Spikes\n|\n|-heal|p2a: Stakataka|11\/100|[from] item: Leftovers\n|upkeep\n|turn|3\n|\n|t:|1700244713\n|move|p2a: Stakataka|Protect|p2a: Stakataka\n|-singleturn|p2a: Stakataka|Protect\n|move|p1a: Glimmora|Earth Power|p2a: Stakataka\n|-activate|p2a: Stakataka|move: Protect\n|\n|-heal|p2a: Stakataka|17\/100|[from] item: Leftovers\n|upkeep\n|turn|4\n|inactive|Battle timer is ON: inactive players will automatically lose when time's up. (requested by Narr3sh)\n|\n|t:|1700244737\n|move|p1a: Glimmora|Earth Power|p2a: Stakataka\n|-supereffective|p2a: Stakataka\n|-damage|p2a: Stakataka|0 fnt\n|faint|p2a: Stakataka\n|\n|upkeep\n|\n|t:|1700244743\n|switch|p2a: Blaziken|Blaziken, M, shiny|100\/100\n|-damage|p2a: Blaziken|88\/100|[from] Stealth Rock\n|-status|p2a: Blaziken|psn\n|turn|5\n|\n|t:|1700244762\n|move|p2a: Blaziken|Quick Attack|p1a: Glimmora\n|-resisted|p1a: Glimmora\n|-damage|p1a: Glimmora|0 fnt\n|-activate|p1a: Glimmora|ability: Toxic Debris\n|-sidestart|p2: RealDoctorBox|move: Toxic Spikes\n|faint|p1a: Glimmora\n|\n|-damage|p2a: Blaziken|76\/100 psn|[from] psn\n|-ability|p2a: Blaziken|Speed Boost|boost\n|-boost|p2a: Blaziken|spe|1\n|upkeep\n|\n|t:|1700244767\n|switch|p1a: Samurott|Samurott-Hisui, F, shiny|100\/100\n|-damage|p1a: Samurott|88\/100|[from] Stealth Rock\n|turn|6\n|\n|t:|1700244779\n|move|p2a: Blaziken|Reversal|p1a: Samurott\n|-supereffective|p1a: Samurott\n|-damage|p1a: Samurott|60\/100\n|move|p1a: Samurott|Aqua Cutter|p2a: Blaziken\n|-supereffective|p2a: Blaziken\n|-damage|p2a: Blaziken|0 fnt\n|faint|p2a: Blaziken\n|\n|upkeep\n|\n|t:|1700244787\n|switch|p2a: Wobbuffet|Wobbuffet, F, shiny|100\/100\n|-damage|p2a: Wobbuffet|88\/100|[from] Stealth Rock\n|-status|p2a: Wobbuffet|tox\n|turn|7\n|\n|t:|1700244794\n|move|p1a: Samurott|Swords Dance|p1a: Samurott\n|-boost|p1a: Samurott|atk|2\n|move|p2a: Wobbuffet|Destiny Bond|p2a: Wobbuffet\n|-singlemove|p2a: Wobbuffet|Destiny Bond\n|\n|-damage|p2a: Wobbuffet|82\/100 tox|[from] psn\n|upkeep\n|turn|8\n|\n|t:|1700244804\n|-terastallize|p2a: Wobbuffet|Psychic\n|move|p1a: Samurott|Ceaseless Edge|p2a: Wobbuffet\n|-supereffective|p2a: Wobbuffet\n|-damage|p2a: Wobbuffet|0 fnt\n|-sidestart|p2: RealDoctorBox|Spikes\n|faint|p2a: Wobbuffet\n|-activate|p2a: Wobbuffet|move: Destiny Bond\n|faint|p1a: Samurott\n|\n|upkeep\n|\n|t:|1700244813\n|switch|p1a: Scizor|Scizor, F|100\/100\n|switch|p2a: Garchomp|Garchomp, M, shiny|100\/100\n|-damage|p2a: Garchomp|94\/100|[from] Stealth Rock\n|-status|p2a: Garchomp|tox\n|-damage|p2a: Garchomp|82\/100 tox|[from] Spikes\n|-damage|p1a: Scizor|88\/100|[from] Stealth Rock\n|turn|9\n|\n|t:|1700244827\n|detailschange|p2a: Garchomp|Garchomp-Mega, M, shiny\n|-mega|p2a: Garchomp|Garchomp|Garchompite\n|detailschange|p1a: Scizor|Scizor-Mega, F\n|-mega|p1a: Scizor|Scizor|Scizorite\n|move|p2a: Garchomp|Earthquake|p1a: Scizor\n|-damage|p1a: Scizor|28\/100\n|move|p1a: Scizor|Swords Dance|p1a: Scizor\n|-boost|p1a: Scizor|atk|2\n|\n|-damage|p2a: Garchomp|76\/100 tox|[from] psn\n|upkeep\n|turn|10\n|\n|t:|1700244841\n|move|p1a: Scizor|Bullet Punch|p2a: Garchomp\n|-damage|p2a: Garchomp|17\/100 tox\n|move|p2a: Garchomp|Earthquake|p1a: Scizor\n|-damage|p1a: Scizor|0 fnt\n|faint|p1a: Scizor\n|\n|-damage|p2a: Garchomp|4\/100 tox|[from] psn\n|upkeep\n|\n|t:|1700244848\n|switch|p1a: Kartana|Kartana, shiny|100\/100\n|-damage|p1a: Kartana|94\/100|[from] Stealth Rock\n|turn|11\n|\n|t:|1700244860\n|move|p1a: Kartana|Knock Off|p2a: Garchomp\n|-crit|p2a: Garchomp\n|-damage|p2a: Garchomp|0 fnt\n|faint|p2a: Garchomp\n|-ability|p1a: Kartana|Beast Boost|boost\n|-boost|p1a: Kartana|atk|1\n|\n|upkeep\n|\n|t:|1700244866\n|switch|p2a: Dragonite|Dragonite, F|100\/100\n|-damage|p2a: Dragonite|75\/100|[from] Stealth Rock\n|turn|12\n|\n|t:|1700244873\n|move|p1a: Kartana|Knock Off|p2a: Dragonite\n|-damage|p2a: Dragonite|0 fnt\n|-enditem|p2a: Dragonite|Weakness Policy|[from] move: Knock Off|[of] p1a: Kartana\n|faint|p2a: Dragonite\n|-ability|p1a: Kartana|Beast Boost|boost\n|-boost|p1a: Kartana|atk|1\n|\n|upkeep\n|\n|t:|1700244880\n|switch|p2a: Hoopa|Hoopa-Unbound|100\/100\n|-damage|p2a: Hoopa|88\/100|[from] Stealth Rock\n|-status|p2a: Hoopa|tox\n|-damage|p2a: Hoopa|76\/100 tox|[from] Spikes\n|turn|13\n|\n|t:|1700244887\n|move|p1a: Kartana|Knock Off|p2a: Hoopa\n|-damage|p2a: Hoopa|0 fnt\n|faint|p2a: Hoopa\n|\n|win|Narr3sh\n|raw|Narr3sh's rating: 1041 &rarr; <strong>1074<\/strong><br \/>(+33 for winning)\n|raw|RealDoctorBox's rating: 1034 &rarr; <strong>1019<\/strong><br \/>(-15 for losing)\n|c|\u2606RealDoctorBox|gg\n|l|\u2606RealDoctorBox\n","uploadtime":1700244901,"views":6,"p1id":"narr3sh","p2id":"realdoctorbox","formatid":"gen9nationaldex","rating":1019,"private":0,"password":""}