{"id":"gen9nationaldex-1997597482","p1":"weirdnomad","p2":"xidandedie","format":"[Gen 9] National Dex","log":"|html|<div class=\"broadcast-blue\"><strong>[Gen 9] National Dex is currently suspecting Sneasler! For information on how to participate check out the <a href=\"https:\/\/www.smogon.com\/forums\/threads\/sv-national-dex-suspect-8-just-dance.3731534\/\">suspect thread<\/a>.<\/strong><\/div>\n|j|\u203dweirdnomad\n|j|\u2606xidandedie\n|t:|1700830943\n|gametype|singles\n|player|p1|weirdnomad|hiker-gen4|1500\n|player|p2|xidandedie|cynthia|1463\n|teamsize|p1|6\n|teamsize|p2|6\n|gen|9\n|tier|[Gen 9] National Dex\n|rated|\n|rule|HP Percentage Mod: HP is shown in percentages\n|rule|Endless Battle Clause: Forcing endless battles is banned\n|rule|OHKO Clause: OHKO moves are banned\n|rule|Evasion Clause: Evasion abilities, items, and moves are banned\n|rule|Evasion Abilities Clause: Evasion abilities are banned\n|rule|Evasion Items Clause: Evasion items are banned\n|rule|Evasion Moves Clause: Evasion moves are banned\n|rule|Species Clause: Limit one of each Pok\u00e9mon\n|rule|Sleep Clause Mod: Limit one foe put to sleep\n|clearpoke\n|poke|p1|Corviknight, M|\n|poke|p1|Mamoswine, M|\n|poke|p1|Azumarill, F|\n|poke|p1|Gengar, M|\n|poke|p1|Blaziken, M|\n|poke|p1|Hydreigon, F|\n|poke|p2|Pelipper, M|\n|poke|p2|Kingdra, F|\n|poke|p2|Swampert, F|\n|poke|p2|Dragonite, M|\n|poke|p2|Barraskewda, M|\n|poke|p2|Alomomola, M|\n|teampreview\n|inactive|Battle timer is ON: inactive players will automatically lose when time's up. (requested by xidandedie)\n|\n|t:|1700830955\n|start\n|switch|p1a: Gengar|Gengar, M|100\/100\n|switch|p2a: \ud83d\udc20|Barraskewda, M|100\/100\n|turn|1\n|\n|t:|1700830965\n|switch|p1a: Corviknight|Corviknight, M, shiny|100\/100\n|-ability|p1a: Corviknight|Pressure\n|move|p2a: \ud83d\udc20|Flip Turn|p1a: Corviknight\n|-damage|p1a: Corviknight|71\/100\n|-damage|p2a: \ud83d\udc20|84\/100|[from] item: Rocky Helmet|[of] p1a: Corviknight\n|\n|t:|1700830975\n|switch|p2a: \ud83d\udc2c|Kingdra, F, shiny|100\/100|[from] Flip Turn\n|\n|upkeep\n|turn|2\n|\n|t:|1700830980\n|switch|p1a: Azumarill|Azumarill, F|100\/100\n|move|p2a: \ud83d\udc2c|Surf|p1a: Azumarill\n|-resisted|p1a: Azumarill\n|-damage|p1a: Azumarill|69\/100\n|\n|upkeep\n|turn|3\n|\n|t:|1700830987\n|switch|p2a: \ud83e\udd85|Pelipper, M, shiny|100\/100\n|-weather|RainDance|[from] ability: Drizzle|[of] p2a: \ud83e\udd85\n|move|p1a: Azumarill|Play Rough|p2a: \ud83e\udd85\n|-damage|p2a: \ud83e\udd85|6\/100\n|-unboost|p2a: \ud83e\udd85|atk|1\n|\n|-weather|RainDance|[upkeep]\n|upkeep\n|turn|4\n|\n|t:|1700831001\n|switch|p2a: \ud83d\udc19|Alomomola, M|100\/100\n|move|p1a: Azumarill|Play Rough|p2a: \ud83d\udc19\n|-damage|p2a: \ud83d\udc19|56\/100\n|-damage|p1a: Azumarill|53\/100|[from] item: Rocky Helmet|[of] p2a: \ud83d\udc19\n|\n|-weather|RainDance|[upkeep]\n|upkeep\n|turn|5\n|\n|t:|1700831016\n|move|p1a: Azumarill|Play Rough|p2a: \ud83d\udc19|[miss]\n|-miss|p1a: Azumarill|p2a: \ud83d\udc19\n|move|p2a: \ud83d\udc19|Flip Turn|p1a: Azumarill\n|-resisted|p1a: Azumarill\n|-damage|p1a: Azumarill|40\/100\n|\n|t:|1700831022\n|switch|p2a: \ud83d\udc2c|Kingdra, F, shiny|100\/100|[from] Flip Turn\n|\n|-weather|RainDance|[upkeep]\n|upkeep\n|turn|6\n|\n|t:|1700831031\n|switch|p1a: Mamoswine|Mamoswine, M|100\/100\n|-terastallize|p2a: \ud83d\udc2c|Water\n|move|p2a: \ud83d\udc2c|Surf|p1a: Mamoswine\n|-supereffective|p1a: Mamoswine\n|-damage|p1a: Mamoswine|0 fnt\n|faint|p1a: Mamoswine\n|\n|-weather|RainDance|[upkeep]\n|upkeep\n|\n|t:|1700831057\n|switch|p1a: Hydreigon|Hydreigon, F, shiny|100\/100\n|turn|7\n|\n|t:|1700831067\n|move|p2a: \ud83d\udc2c|Surf|p1a: Hydreigon\n|-resisted|p1a: Hydreigon\n|-damage|p1a: Hydreigon|56\/100\n|move|p1a: Hydreigon|Stealth Rock|p2a: \ud83d\udc2c\n|-sidestart|p2: xidandedie|move: Stealth Rock\n|\n|-weather|RainDance|[upkeep]\n|-heal|p1a: Hydreigon|62\/100|[from] item: Leftovers\n|upkeep\n|turn|8\n|\n|t:|1700831075\n|switch|p2a: \ud83e\udd85|Pelipper, M, shiny|6\/100\n|-damage|p2a: \ud83e\udd85|0 fnt|[from] Stealth Rock\n|faint|p2a: \ud83e\udd85\n|move|p1a: Hydreigon|Thunder Wave|p2: \ud83e\udd85|[notarget]\n|-fail|p1a: Hydreigon\n|\n|-weather|RainDance|[upkeep]\n|-heal|p1a: Hydreigon|68\/100|[from] item: Leftovers\n|upkeep\n|\n|t:|1700831085\n|switch|p2a: \ud83d\udc0a|Swampert, F|100\/100\n|-damage|p2a: \ud83d\udc0a|94\/100|[from] Stealth Rock\n|turn|9\n|\n|t:|1700831097\n|switch|p1a: Corviknight|Corviknight, M, shiny|71\/100\n|-ability|p1a: Corviknight|Pressure\n|detailschange|p2a: \ud83d\udc0a|Swampert-Mega, F\n|-mega|p2a: \ud83d\udc0a|Swampert|Swampertite\n|move|p2a: \ud83d\udc0a|Waterfall|p1a: Corviknight\n|-damage|p1a: Corviknight|26\/100\n|-damage|p2a: \ud83d\udc0a|78\/100|[from] item: Rocky Helmet|[of] p1a: Corviknight\n|\n|-weather|RainDance|[upkeep]\n|upkeep\n|turn|10\n|\n|t:|1700831112\n|move|p2a: \ud83d\udc0a|Waterfall|p1a: Corviknight\n|-damage|p1a: Corviknight|0 fnt\n|-damage|p2a: \ud83d\udc0a|61\/100|[from] item: Rocky Helmet|[of] p1a: Corviknight\n|faint|p1a: Corviknight\n|\n|-weather|none\n|upkeep\n|\n|t:|1700831119\n|switch|p1a: Gengar|Gengar, M|100\/100\n|turn|11\n|\n|t:|1700831124\n|move|p1a: Gengar|Giga Drain|p2a: \ud83d\udc0a\n|-supereffective|p2a: \ud83d\udc0a\n|-damage|p2a: \ud83d\udc0a|0 fnt\n|faint|p2a: \ud83d\udc0a\n|\n|upkeep\n|\n|t:|1700831130\n|switch|p2a: \ud83d\udc20|Barraskewda, M|84\/100\n|-damage|p2a: \ud83d\udc20|72\/100|[from] Stealth Rock\n|turn|12\n|\n|t:|1700831137\n|-terastallize|p1a: Gengar|Grass\n|move|p2a: \ud83d\udc20|Flip Turn|p1a: Gengar\n|-resisted|p1a: Gengar\n|-damage|p1a: Gengar|59\/100\n|\n|t:|1700831144\n|switch|p2a: \ud83e\udd96|Dragonite, M|100\/100|[from] Flip Turn\n|move|p1a: Gengar|Giga Drain|p2a: \ud83e\udd96\n|-resisted|p2a: \ud83e\udd96\n|-damage|p2a: \ud83e\udd96|94\/100\n|-heal|p1a: Gengar|63\/100|[from] drain|[of] p2a: \ud83e\udd96\n|\n|upkeep\n|turn|13\n|\n|t:|1700831159\n|switch|p1a: Hydreigon|Hydreigon, F, shiny|68\/100\n|move|p2a: \ud83e\udd96|Extreme Speed|p1a: Hydreigon\n|-damage|p1a: Hydreigon|37\/100\n|\n|-heal|p1a: Hydreigon|44\/100|[from] item: Leftovers\n|upkeep\n|turn|14\n|\n|t:|1700831168\n|move|p2a: \ud83e\udd96|Extreme Speed|p1a: Hydreigon\n|-damage|p1a: Hydreigon|13\/100\n|move|p1a: Hydreigon|Thunder Wave|p2a: \ud83e\udd96|[miss]\n|-miss|p1a: Hydreigon|p2a: \ud83e\udd96\n|\n|-heal|p1a: Hydreigon|20\/100|[from] item: Leftovers\n|upkeep\n|turn|15\n|\n|t:|1700831177\n|move|p2a: \ud83e\udd96|Extreme Speed|p1a: Hydreigon\n|-damage|p1a: Hydreigon|0 fnt\n|faint|p1a: Hydreigon\n|\n|upkeep\n|\n|t:|1700831186\n|switch|p1a: Azumarill|Azumarill, F|40\/100\n|turn|16\n|\n|t:|1700831192\n|move|p2a: \ud83e\udd96|Earthquake|p1a: Azumarill\n|-damage|p1a: Azumarill|3\/100\n|move|p1a: Azumarill|Play Rough|p2a: \ud83e\udd96\n|-supereffective|p2a: \ud83e\udd96\n|-damage|p2a: \ud83e\udd96|0 fnt\n|faint|p2a: \ud83e\udd96\n|\n|upkeep\n|\n|t:|1700831198\n|switch|p2a: \ud83d\udc20|Barraskewda, M|72\/100\n|-damage|p2a: \ud83d\udc20|60\/100|[from] Stealth Rock\n|turn|17\n|\n|t:|1700831211\n|move|p2a: \ud83d\udc20|Flip Turn|p1a: Azumarill\n|-resisted|p1a: Azumarill\n|-damage|p1a: Azumarill|0 fnt\n|faint|p1a: Azumarill\n|\n|t:|1700831219\n|switch|p2a: \ud83d\udc2c|Kingdra, F, shiny, tera:Water|100\/100|[from] Flip Turn\n|-damage|p2a: \ud83d\udc2c|88\/100|[from] Stealth Rock\n|\n|upkeep\n|\n|t:|1700831225\n|switch|p1a: Gengar|Gengar, M, tera:Grass|63\/100\n|turn|18\n|\n|t:|1700831229\n|move|p1a: Gengar|Giga Drain|p2a: \ud83d\udc2c\n|-supereffective|p2a: \ud83d\udc2c\n|-damage|p2a: \ud83d\udc2c|0 fnt\n|-heal|p1a: Gengar|100\/100|[from] drain|[of] p2a: \ud83d\udc2c\n|faint|p2a: \ud83d\udc2c\n|\n|upkeep\n|\n|t:|1700831232\n|switch|p2a: \ud83d\udc20|Barraskewda, M|60\/100\n|-damage|p2a: \ud83d\udc20|48\/100|[from] Stealth Rock\n|turn|19\n|\n|t:|1700831239\n|move|p2a: \ud83d\udc20|Close Combat|p1a: Gengar\n|-damage|p1a: Gengar|0 fnt\n|-unboost|p2a: \ud83d\udc20|def|1\n|-unboost|p2a: \ud83d\udc20|spd|1\n|faint|p1a: Gengar\n|\n|upkeep\n|\n|t:|1700831245\n|switch|p1a: Blaziken|Blaziken, M|100\/100\n|turn|20\n|\n|t:|1700831250\n|move|p1a: Blaziken|Protect|p1a: Blaziken\n|-singleturn|p1a: Blaziken|Protect\n|move|p2a: \ud83d\udc20|Close Combat|p1a: Blaziken\n|-activate|p1a: Blaziken|move: Protect\n|\n|-ability|p1a: Blaziken|Speed Boost|boost\n|-boost|p1a: Blaziken|spe|1\n|upkeep\n|turn|21\n|\n|t:|1700831261\n|move|p1a: Blaziken|Close Combat|p2a: \ud83d\udc20\n|-damage|p2a: \ud83d\udc20|0 fnt\n|-unboost|p1a: Blaziken|def|1\n|-unboost|p1a: Blaziken|spd|1\n|faint|p2a: \ud83d\udc20\n|\n|-ability|p1a: Blaziken|Speed Boost|boost\n|-boost|p1a: Blaziken|spe|1\n|upkeep\n|\n|t:|1700831266\n|switch|p2a: \ud83d\udc19|Alomomola, M|89\/100\n|-damage|p2a: \ud83d\udc19|77\/100|[from] Stealth Rock\n|turn|22\n|\n|t:|1700831273\n|move|p1a: Blaziken|Swords Dance|p1a: Blaziken\n|-boost|p1a: Blaziken|atk|2\n|move|p2a: \ud83d\udc19|Wish|p2a: \ud83d\udc19\n|\n|-ability|p1a: Blaziken|Speed Boost|boost\n|-boost|p1a: Blaziken|spe|1\n|upkeep\n|turn|23\n|\n|t:|1700831284\n|move|p1a: Blaziken|Swords Dance|p1a: Blaziken\n|-boost|p1a: Blaziken|atk|2\n|move|p2a: \ud83d\udc19|Scald|p1a: Blaziken\n|-supereffective|p1a: Blaziken\n|-damage|p1a: Blaziken|42\/100\n|\n|-heal|p2a: \ud83d\udc19|100\/100|[from] move: Wish|[wisher] \ud83d\udc19\n|-ability|p1a: Blaziken|Speed Boost|boost\n|-boost|p1a: Blaziken|spe|1\n|upkeep\n|turn|24\n|\n|t:|1700831295\n|move|p1a: Blaziken|Close Combat|p2a: \ud83d\udc19\n|-damage|p2a: \ud83d\udc19|4\/100\n|-unboost|p1a: Blaziken|def|1\n|-unboost|p1a: Blaziken|spd|1\n|-damage|p1a: Blaziken|26\/100|[from] item: Rocky Helmet|[of] p2a: \ud83d\udc19\n|move|p2a: \ud83d\udc19|Scald|p1a: Blaziken\n|-supereffective|p1a: Blaziken\n|-damage|p1a: Blaziken|0 fnt\n|faint|p1a: Blaziken\n|\n|win|xidandedie\n|raw|weirdnomad's rating: 1500 &rarr; <strong>1478<\/strong><br \/>(-22 for losing)\n|raw|xidandedie's rating: 1463 &rarr; <strong>1485<\/strong><br \/>(+22 for winning)\n|l|\u2606xidandedie\n","uploadtime":1700831319,"views":1,"p1id":"weirdnomad","p2id":"xidandedie","formatid":"gen9nationaldex","rating":1478,"private":0,"password":""}