{"id":"gen9nationaldex-1988618379","p1":"Lukas Dahmann","p2":"MT pear","format":"[Gen 9] National Dex","log":"|j|\u2606Lukas Dahmann\n|j|\u2606MT pear\n|t:|1699742584\n|gametype|singles\n|player|p1|Lukas Dahmann|fisherman|1114\n|player|p2|MT pear|caitlin-masters|1194\n|teamsize|p1|6\n|teamsize|p2|6\n|gen|9\n|tier|[Gen 9] National Dex\n|rated|\n|rule|HP Percentage Mod: HP is shown in percentages\n|rule|Endless Battle Clause: Forcing endless battles is banned\n|rule|OHKO Clause: OHKO moves are banned\n|rule|Evasion Clause: Evasion abilities, items, and moves are banned\n|rule|Evasion Abilities Clause: Evasion abilities are banned\n|rule|Evasion Items Clause: Evasion items are banned\n|rule|Evasion Moves Clause: Evasion moves are banned\n|rule|Species Clause: Limit one of each Pok\u00e9mon\n|rule|Sleep Clause Mod: Limit one foe put to sleep\n|clearpoke\n|poke|p1|Terrakion|\n|poke|p1|Sneasler, M|\n|poke|p1|Thundurus, M|\n|poke|p1|Wishiwashi, F|\n|poke|p1|Pinsir, M|\n|poke|p1|Jirachi|\n|poke|p2|Magnezone|\n|poke|p2|Chandelure, F|\n|poke|p2|Greninja-*, M|\n|poke|p2|Salamence, M|\n|poke|p2|Great Tusk|\n|poke|p2|Hatterene, F|\n|teampreview\n|\n|t:|1699742590\n|start\n|switch|p1a: Wishiwashi|Wishiwashi, F|100\/100\n|switch|p2a: Lampiette|Chandelure, F|100\/100\n|-formechange|p1a: Wishiwashi|Wishiwashi-School||[from] ability: Schooling\n|turn|1\n|\n|t:|1699742601\n|move|p2a: Lampiette|Trick|p1a: Wishiwashi\n|-activate|p2a: Lampiette|move: Trick|[of] p1a: Wishiwashi\n|-item|p1a: Wishiwashi|Choice Scarf|[from] move: Trick\n|-item|p2a: Lampiette|Aguav Berry|[from] move: Trick\n|move|p1a: Wishiwashi|Flip Turn|p2a: Lampiette\n|-supereffective|p2a: Lampiette\n|-damage|p2a: Lampiette|3\/100\n|-enditem|p2a: Lampiette|Aguav Berry|[eat]\n|-heal|p2a: Lampiette|37\/100|[from] item: Aguav Berry\n|\n|t:|1699742615\n|switch|p1a: Jirachi|Jirachi|100\/100|[from] Flip Turn\n|\n|upkeep\n|turn|2\n|\n|t:|1699742625\n|move|p1a: Jirachi|Iron Head|p2a: Lampiette\n|-resisted|p2a: Lampiette\n|-damage|p2a: Lampiette|9\/100\n|cant|p2a: Lampiette|flinch\n|\n|upkeep\n|turn|3\n|\n|t:|1699742631\n|move|p1a: Jirachi|Iron Head|p2a: Lampiette\n|-resisted|p2a: Lampiette\n|-damage|p2a: Lampiette|0 fnt\n|faint|p2a: Lampiette\n|\n|upkeep\n|\n|t:|1699742636\n|switch|p2a: Galactric|Magnezone|100\/100\n|turn|4\n|inactive|Battle timer is ON: inactive players will automatically lose when time's up. (requested by MT pear)\n|\n|t:|1699742655\n|move|p1a: Jirachi|Iron Head|p2a: Galactric\n|-resisted|p2a: Galactric\n|-damage|p2a: Galactric|92\/100\n|move|p2a: Galactric|Hidden Power|p1a: Jirachi\n|-supereffective|p1a: Jirachi\n|-damage|p1a: Jirachi|60\/100\n|\n|-heal|p2a: Galactric|98\/100|[from] item: Leftovers\n|upkeep\n|turn|5\n|\n|t:|1699742664\n|move|p1a: Jirachi|Iron Head|p2a: Galactric\n|-resisted|p2a: Galactric\n|-damage|p2a: Galactric|91\/100\n|cant|p2a: Galactric|flinch\n|\n|-heal|p2a: Galactric|97\/100|[from] item: Leftovers\n|upkeep\n|turn|6\n|\n|t:|1699742673\n|move|p1a: Jirachi|Iron Head|p2a: Galactric\n|-resisted|p2a: Galactric\n|-damage|p2a: Galactric|89\/100\n|cant|p2a: Galactric|flinch\n|\n|-heal|p2a: Galactric|95\/100|[from] item: Leftovers\n|upkeep\n|turn|7\n|\n|t:|1699742681\n|move|p1a: Jirachi|Iron Head|p2a: Galactric\n|-resisted|p2a: Galactric\n|-damage|p2a: Galactric|88\/100\n|cant|p2a: Galactric|flinch\n|\n|-heal|p2a: Galactric|94\/100|[from] item: Leftovers\n|upkeep\n|turn|8\n|\n|t:|1699742689\n|move|p1a: Jirachi|Iron Head|p2a: Galactric\n|-resisted|p2a: Galactric\n|-damage|p2a: Galactric|87\/100\n|move|p2a: Galactric|Thunderbolt|p1a: Jirachi\n|-damage|p1a: Jirachi|18\/100\n|\n|-heal|p2a: Galactric|93\/100|[from] item: Leftovers\n|upkeep\n|turn|9\n|\n|t:|1699742699\n|move|p1a: Jirachi|Iron Head|p2a: Galactric\n|-resisted|p2a: Galactric\n|-damage|p2a: Galactric|86\/100\n|cant|p2a: Galactric|flinch\n|\n|-heal|p2a: Galactric|92\/100|[from] item: Leftovers\n|upkeep\n|turn|10\n|\n|t:|1699742710\n|move|p1a: Jirachi|Iron Head|p2a: Galactric\n|-resisted|p2a: Galactric\n|-damage|p2a: Galactric|84\/100\n|move|p2a: Galactric|Hidden Power|p1a: Jirachi\n|-supereffective|p1a: Jirachi\n|-damage|p1a: Jirachi|0 fnt\n|faint|p1a: Jirachi\n|\n|-heal|p2a: Galactric|90\/100|[from] item: Leftovers\n|upkeep\n|\n|t:|1699742718\n|switch|p1a: Terrakion|Terrakion|100\/100\n|turn|11\n|\n|t:|1699742739\n|switch|p2a: Jet|Salamence, M|100\/100\n|-ability|p2a: Jet|Intimidate|boost\n|-unboost|p1a: Terrakion|atk|1\n|move|p1a: Terrakion|Stone Edge|p2a: Jet\n|-supereffective|p2a: Jet\n|-damage|p2a: Jet|0 fnt\n|faint|p2a: Jet\n|-damage|p1a: Terrakion|91\/100|[from] item: Life Orb\n|\n|upkeep\n|\n|t:|1699742750\n|switch|p2a: Gobby|Greninja, M, shiny|100\/100\n|turn|12\n|\n|t:|1699742755\n|switch|p1a: Wishiwashi|Wishiwashi, F|100\/100\n|-formechange|p1a: Wishiwashi|Wishiwashi-School||[from] ability: Schooling\n|move|p2a: Gobby|Scald|p1a: Wishiwashi\n|-start|p2a: Gobby|typechange|Water|[from] ability: Protean\n|-resisted|p1a: Wishiwashi\n|-damage|p1a: Wishiwashi|85\/100\n|\n|upkeep\n|turn|13\n|\n|t:|1699742770\n|switch|p2a: Lisa|Hatterene, F|100\/100\n|move|p1a: Wishiwashi|Flip Turn|p2a: Lisa\n|-damage|p2a: Lisa|70\/100\n|\n|t:|1699742775\n|switch|p1a: Sneasler|Sneasler, M|100\/100|[from] Flip Turn\n|\n|upkeep\n|turn|14\n|\n|t:|1699742783\n|-terastallize|p2a: Lisa|Water\n|move|p1a: Sneasler|Dire Claw|p2a: Lisa\n|-damage|p2a: Lisa|12\/100\n|move|p2a: Lisa|Draining Kiss|p1a: Sneasler\n|-damage|p1a: Sneasler|71\/100\n|-heal|p2a: Lisa|33\/100|[from] drain|[of] p1a: Sneasler\n|\n|upkeep\n|turn|15\n|\n|t:|1699742792\n|move|p1a: Sneasler|Dire Claw|p2a: Lisa\n|-damage|p2a: Lisa|0 fnt\n|faint|p2a: Lisa\n|\n|upkeep\n|\n|t:|1699742799\n|switch|p2a: Badou jr|Great Tusk|100\/100\n|turn|16\n|\n|t:|1699742803\n|move|p1a: Sneasler|Dire Claw|p2a: Badou jr\n|-resisted|p2a: Badou jr\n|-damage|p2a: Badou jr|77\/100\n|-status|p2a: Badou jr|psn\n|move|p2a: Badou jr|Rapid Spin|p1a: Sneasler\n|-damage|p1a: Sneasler|41\/100\n|-boost|p2a: Badou jr|spe|1\n|\n|-damage|p2a: Badou jr|65\/100 psn|[from] psn\n|upkeep\n|turn|17\n|\n|t:|1699742815\n|switch|p1a: Thundurus|Thundurus, M|100\/100\n|move|p2a: Badou jr|Earthquake|p1a: Thundurus\n|-immune|p1a: Thundurus\n|\n|-damage|p2a: Badou jr|52\/100 psn|[from] psn\n|upkeep\n|turn|18\n|\n|t:|1699742824\n|move|p2a: Badou jr|Ice Spinner|p1a: Thundurus\n|-supereffective|p1a: Thundurus\n|-damage|p1a: Thundurus|31\/100\n|move|p1a: Thundurus|Knock Off|p2a: Badou jr\n|-resisted|p2a: Badou jr\n|-damage|p2a: Badou jr|43\/100 psn\n|-enditem|p2a: Badou jr|Heavy-Duty Boots|[from] move: Knock Off|[of] p1a: Thundurus\n|\n|-heal|p1a: Thundurus|38\/100|[from] item: Leftovers\n|-damage|p2a: Badou jr|31\/100 psn|[from] psn\n|upkeep\n|turn|19\n|\n|t:|1699742835\n|switch|p1a: Wishiwashi|Wishiwashi, F|85\/100\n|-formechange|p1a: Wishiwashi|Wishiwashi-School||[from] ability: Schooling\n|move|p2a: Badou jr|Ice Spinner|p1a: Wishiwashi\n|-resisted|p1a: Wishiwashi\n|-damage|p1a: Wishiwashi|72\/100\n|\n|-damage|p2a: Badou jr|19\/100 psn|[from] psn\n|upkeep\n|turn|20\n|\n|t:|1699742846\n|switch|p1a: Thundurus|Thundurus, M|38\/100\n|move|p2a: Badou jr|Close Combat|p1a: Thundurus\n|-resisted|p1a: Thundurus\n|-damage|p1a: Thundurus|1\/100\n|-unboost|p2a: Badou jr|def|1\n|-unboost|p2a: Badou jr|spd|1\n|\n|-heal|p1a: Thundurus|7\/100|[from] item: Leftovers\n|-damage|p2a: Badou jr|6\/100 psn|[from] psn\n|upkeep\n|turn|21\n|\n|t:|1699742861\n|switch|p1a: Wishiwashi|Wishiwashi, F|72\/100\n|-formechange|p1a: Wishiwashi|Wishiwashi-School||[from] ability: Schooling\n|move|p2a: Badou jr|Rapid Spin|p1a: Wishiwashi\n|-damage|p1a: Wishiwashi|55\/100\n|-boost|p2a: Badou jr|spe|1\n|\n|-damage|p2a: Badou jr|0 fnt|[from] psn\n|faint|p2a: Badou jr\n|-end|p2a: Badou jr|Protosynthesis|[silent]\n|upkeep\n|\n|t:|1699742876\n|switch|p2a: Galactric|Magnezone|90\/100\n|turn|22\n|\n|t:|1699742883\n|switch|p1a: Thundurus|Thundurus, M|7\/100\n|move|p2a: Galactric|Thunderbolt|p1a: Thundurus\n|-damage|p1a: Thundurus|0 fnt\n|faint|p1a: Thundurus\n|\n|-heal|p2a: Galactric|96\/100|[from] item: Leftovers\n|upkeep\n|\n|t:|1699742891\n|switch|p1a: Terrakion|Terrakion|91\/100\n|turn|23\n|\n|t:|1699742904\n|switch|p2a: Gobby|Greninja, M, shiny|100\/100\n|move|p1a: Terrakion|Earthquake|p2a: Gobby\n|-damage|p2a: Gobby|9\/100\n|-damage|p1a: Terrakion|81\/100|[from] item: Life Orb\n|\n|upkeep\n|turn|24\n|\n|t:|1699742913\n|switch|p1a: Wishiwashi|Wishiwashi, F|55\/100\n|-formechange|p1a: Wishiwashi|Wishiwashi-School||[from] ability: Schooling\n|move|p2a: Gobby|Scald|p1a: Wishiwashi\n|-start|p2a: Gobby|typechange|Water|[from] ability: Protean\n|-resisted|p1a: Wishiwashi\n|-damage|p1a: Wishiwashi|40\/100\n|\n|upkeep\n|turn|25\n|\n|t:|1699742925\n|move|p2a: Gobby|Spikes|p1a: Wishiwashi\n|-sidestart|p1: Lukas Dahmann|Spikes\n|move|p1a: Wishiwashi|Flip Turn|p2a: Gobby\n|-resisted|p2a: Gobby\n|-damage|p2a: Gobby|0 fnt\n|faint|p2a: Gobby\n|\n|t:|1699742932\n|switch|p1a: Terrakion|Terrakion|81\/100|[from] Flip Turn\n|-damage|p1a: Terrakion|68\/100|[from] Spikes\n|\n|upkeep\n|\n|t:|1699742937\n|switch|p2a: Galactric|Magnezone|96\/100\n|turn|26\n|\n|t:|1699742941\n|move|p1a: Terrakion|Earthquake|p2a: Galactric\n|-supereffective|p2a: Galactric\n|-damage|p2a: Galactric|0 fnt\n|faint|p2a: Galactric\n|-damage|p1a: Terrakion|59\/100|[from] item: Life Orb\n|\n|win|Lukas Dahmann\n|raw|Lukas Dahmann's rating: 1114 &rarr; <strong>1145<\/strong><br \/>(+31 for winning)\n|raw|MT pear's rating: 1194 &rarr; <strong>1163<\/strong><br \/>(-31 for losing)\n|l|\u2606MT pear\n","uploadtime":1699742963,"views":5,"p1id":"lukasdahmann","p2id":"mtpear","formatid":"gen9nationaldex","rating":1145,"private":0,"password":""}