{"id":"gen9nationaldex-1988733797","p1":"Accelerater01","p2":"Red Vs Showdown","format":"[Gen 9] National Dex","log":"|j|\u2606Accelerater01\n|j|\u2606Red Vs Showdown\n|t:|1699756299\n|gametype|singles\n|player|p1|Accelerater01|101|1656\n|player|p2|Red Vs Showdown|red-gen2|1845\n|teamsize|p1|6\n|teamsize|p2|6\n|gen|9\n|tier|[Gen 9] National Dex\n|rated|\n|rule|HP Percentage Mod: HP is shown in percentages\n|rule|Endless Battle Clause: Forcing endless battles is banned\n|rule|OHKO Clause: OHKO moves are banned\n|rule|Evasion Clause: Evasion abilities, items, and moves are banned\n|rule|Evasion Abilities Clause: Evasion abilities are banned\n|rule|Evasion Items Clause: Evasion items are banned\n|rule|Evasion Moves Clause: Evasion moves are banned\n|rule|Species Clause: Limit one of each Pok\u00e9mon\n|rule|Sleep Clause Mod: Limit one foe put to sleep\n|clearpoke\n|poke|p1|Lopunny, F|\n|poke|p1|Hoopa-Unbound|\n|poke|p1|Braviary-Hisui, M|\n|poke|p1|Tapu Lele|\n|poke|p1|Iron Treads|\n|poke|p1|Clodsire, M|\n|poke|p2|Pikachu, F|\n|poke|p2|Charizard, M|\n|poke|p2|Blastoise, M|\n|poke|p2|Venusaur, F|\n|poke|p2|Snorlax, M|\n|poke|p2|Espeon, F|\n|teampreview\n|inactive|Battle timer is ON: inactive players will automatically lose when time's up. (requested by Accelerater01)\n|c|\u2606Red Vs Showdown|...\n|\n|t:|1699756313\n|start\n|switch|p1a: Braviary|Braviary-Hisui, M, shiny|100\/100\n|switch|p2a: Blastoise|Blastoise, M|100\/100\n|turn|1\n|\n|t:|1699756330\n|-zpower|p1a: Braviary\n|move|p1a: Braviary|Supersonic Skystrike|p2a: Blastoise|[zeffect]\n|-damage|p2a: Blastoise|24\/100\n|move|p2a: Blastoise|Flip Turn|p1a: Braviary\n|-damage|p1a: Braviary|66\/100\n|\n|t:|1699756333\n|switch|p2a: Charizard|Charizard, M|100\/100|[from] Flip Turn\n|\n|upkeep\n|turn|2\n|\n|t:|1699756341\n|switch|p1a: Clodsire|Clodsire, M, shiny|100\/100\n|detailschange|p2a: Charizard|Charizard-Mega-Y, M\n|-mega|p2a: Charizard|Charizard|Charizardite Y\n|-weather|SunnyDay|[from] ability: Drought|[of] p2a: Charizard\n|move|p2a: Charizard|Fire Blast|p1a: Clodsire\n|-damage|p1a: Clodsire|47\/100\n|\n|-weather|SunnyDay|[upkeep]\n|-heal|p1a: Clodsire|54\/100|[from] item: Leftovers\n|upkeep\n|turn|3\n|\n|t:|1699756355\n|move|p2a: Charizard|Fire Blast|p1a: Clodsire\n|-damage|p1a: Clodsire|0 fnt\n|faint|p1a: Clodsire\n|\n|-weather|SunnyDay|[upkeep]\n|upkeep\n|\n|t:|1699756364\n|switch|p1a: Lopunny|Lopunny, F|100\/100\n|turn|4\n|\n|t:|1699756376\n|switch|p2a: Espeon|Espeon, F|100\/100\n|detailschange|p1a: Lopunny|Lopunny-Mega, F\n|-mega|p1a: Lopunny|Lopunny|Lopunnite\n|move|p1a: Lopunny|Fake Out|p2a: Espeon\n|-damage|p2a: Espeon|57\/100\n|\n|-weather|SunnyDay|[upkeep]\n|upkeep\n|turn|5\n|\n|t:|1699756385\n|move|p2a: Espeon|Weather Ball|p1a: Lopunny\n|-damage|p1a: Lopunny|31\/100\n|move|p1a: Lopunny|Return|p2a: Espeon\n|-damage|p2a: Espeon|0 fnt\n|faint|p2a: Espeon\n|\n|-weather|SunnyDay|[upkeep]\n|upkeep\n|\n|t:|1699756388\n|switch|p2a: Venusaur|Venusaur, F|100\/100\n|turn|6\n|\n|t:|1699756403\n|switch|p1a: Braviary|Braviary-Hisui, M, shiny|66\/100\n|move|p2a: Venusaur|Weather Ball|p1a: Braviary\n|-damage|p1a: Braviary|13\/100\n|\n|-weather|none\n|upkeep\n|turn|7\n|\n|t:|1699756414\n|move|p2a: Venusaur|Sludge Bomb|p1a: Braviary\n|-damage|p1a: Braviary|0 fnt\n|faint|p1a: Braviary\n|\n|upkeep\n|\n|t:|1699756421\n|switch|p1a: Tapu Lele|Tapu Lele, shiny|100\/100\n|-fieldstart|move: Psychic Terrain|[from] ability: Psychic Surge|[of] p1a: Tapu Lele\n|turn|8\n|\n|t:|1699756425\n|switch|p2a: Blastoise|Blastoise, M|24\/100\n|-terastallize|p1a: Tapu Lele|Psychic\n|move|p1a: Tapu Lele|Psychic|p2a: Blastoise\n|-damage|p2a: Blastoise|0 fnt\n|faint|p2a: Blastoise\n|\n|upkeep\n|\n|t:|1699756427\n|switch|p2a: Snorlax|Snorlax, M|100\/100\n|turn|9\n|\n|t:|1699756435\n|move|p1a: Tapu Lele|Psychic|p2a: Snorlax\n|-damage|p2a: Snorlax|55\/100\n|move|p2a: Snorlax|Pursuit|p1a: Tapu Lele\n|-supereffective|p1a: Tapu Lele\n|-damage|p1a: Tapu Lele|43\/100\n|\n|upkeep\n|turn|10\n|\n|t:|1699756445\n|-activate|p1a: Tapu Lele|move: Pursuit\n|move|p2a: Snorlax|Pursuit|p1a: Tapu Lele|[from]Pursuit\n|-supereffective|p1a: Tapu Lele\n|-damage|p1a: Tapu Lele|0 fnt\n|faint|p1a: Tapu Lele\n|-hint|A Pokemon can't switch between when it runs out of HP and when it faints\n|\n|upkeep\n|\n|t:|1699756450\n|switch|p1a: Lopunny|Lopunny-Mega, F|31\/100\n|turn|11\n|\n|t:|1699756457\n|move|p1a: Lopunny|Close Combat|p2a: Snorlax\n|-supereffective|p2a: Snorlax\n|-damage|p2a: Snorlax|0 fnt\n|-unboost|p1a: Lopunny|def|1\n|-unboost|p1a: Lopunny|spd|1\n|faint|p2a: Snorlax\n|\n|upkeep\n|\n|t:|1699756459\n|switch|p2a: Charizard|Charizard-Mega-Y, M|100\/100\n|-weather|SunnyDay|[from] ability: Drought|[of] p2a: Charizard\n|turn|12\n|\n|t:|1699756469\n|switch|p1a: Hoopa|Hoopa-Unbound|100\/100\n|move|p2a: Charizard|Fire Blast|p1a: Hoopa\n|-damage|p1a: Hoopa|13\/100\n|-status|p1a: Hoopa|brn\n|\n|-weather|SunnyDay|[upkeep]\n|-damage|p1a: Hoopa|7\/100 brn|[from] brn\n|-fieldend|move: Psychic Terrain\n|upkeep\n|turn|13\n|\n|t:|1699756475\n|move|p2a: Charizard|Air Slash|p1a: Hoopa\n|-damage|p1a: Hoopa|0 fnt\n|faint|p1a: Hoopa\n|\n|-weather|SunnyDay|[upkeep]\n|upkeep\n|\n|t:|1699756479\n|switch|p1a: Lopunny|Lopunny-Mega, F|31\/100\n|turn|14\n|\n|t:|1699756487\n|switch|p2a: Pikachu|Pikachu, F|100\/100\n|move|p1a: Lopunny|Fake Out|p2a: Pikachu\n|-damage|p2a: Pikachu|25\/100\n|\n|-weather|SunnyDay|[upkeep]\n|upkeep\n|turn|15\n|\n|t:|1699756491\n|move|p2a: Pikachu|Extreme Speed|p1a: Lopunny\n|-damage|p1a: Lopunny|0 fnt\n|faint|p1a: Lopunny\n|\n|-weather|SunnyDay|[upkeep]\n|upkeep\n|\n|t:|1699756495\n|switch|p1a: Iron Treads|Iron Treads, shiny|100\/100\n|-enditem|p1a: Iron Treads|Booster Energy\n|-activate|p1a: Iron Treads|ability: Quark Drive|[fromitem]\n|-start|p1a: Iron Treads|quarkdrivespe\n|turn|16\n|\n|t:|1699756503\n|move|p1a: Iron Treads|Ice Spinner|p2a: Pikachu\n|-damage|p2a: Pikachu|0 fnt\n|faint|p2a: Pikachu\n|\n|-weather|none\n|upkeep\n|\n|t:|1699756505\n|switch|p2a: Charizard|Charizard-Mega-Y, M|100\/100\n|-weather|SunnyDay|[from] ability: Drought|[of] p2a: Charizard\n|turn|17\n|\n|t:|1699756509\n|move|p1a: Iron Treads|Ice Spinner|p2a: Charizard\n|-damage|p2a: Charizard|67\/100\n|move|p2a: Charizard|Fire Blast|p1a: Iron Treads\n|-supereffective|p1a: Iron Treads\n|-damage|p1a: Iron Treads|0 fnt\n|faint|p1a: Iron Treads\n|-end|p1a: Iron Treads|Quark Drive|[silent]\n|\n|win|Red Vs Showdown\n|raw|Accelerater01's rating: 1656 &rarr; <strong>1646<\/strong><br \/>(-10 for losing)\n|raw|Red Vs Showdown's rating: 1845 &rarr; <strong>1855<\/strong><br \/>(+10 for winning)\n|c|\u2606Red Vs Showdown|...\n","uploadtime":1699756517,"views":12,"p1id":"accelerater01","p2id":"redvsshowdown","formatid":"gen9nationaldex","rating":1646,"private":0,"password":""}