{"id":"gen9nationaldex-1999481592","p1":"bluenecdream","p2":"congpizza","format":"[Gen 9] National Dex","log":"|html|<div class=\"broadcast-blue\"><strong>[Gen 9] National Dex is currently suspecting Sneasler! For information on how to participate check out the <a href=\"https:\/\/www.smogon.com\/forums\/threads\/sv-national-dex-suspect-8-just-dance.3731534\/\">suspect thread<\/a>.<\/strong><\/div>\n|j|\u2606bluenecdream\n|j|\u2606congpizza\n|t:|1701087102\n|gametype|singles\n|player|p1|bluenecdream|idol|1310\n|player|p2|congpizza|dawn|1389\n|teamsize|p1|6\n|teamsize|p2|6\n|gen|9\n|tier|[Gen 9] National Dex\n|rated|\n|rule|HP Percentage Mod: HP is shown in percentages\n|rule|Endless Battle Clause: Forcing endless battles is banned\n|rule|OHKO Clause: OHKO moves are banned\n|rule|Evasion Clause: Evasion abilities, items, and moves are banned\n|rule|Evasion Abilities Clause: Evasion abilities are banned\n|rule|Evasion Items Clause: Evasion items are banned\n|rule|Evasion Moves Clause: Evasion moves are banned\n|rule|Species Clause: Limit one of each Pok\u00e9mon\n|rule|Sleep Clause Mod: Limit one foe put to sleep\n|clearpoke\n|poke|p1|Avalugg-Hisui, F|\n|poke|p1|Gardevoir, F|\n|poke|p1|Kyurem|\n|poke|p1|Gliscor, F|\n|poke|p1|Slowking, M|\n|poke|p1|Sinistcha-Masterpiece|\n|poke|p2|Pelipper, F|\n|poke|p2|Greninja-*, M|\n|poke|p2|Swampert, F|\n|poke|p2|Ferrothorn, M|\n|poke|p2|Overqwil, M|\n|poke|p2|Zapdos|\n|teampreview\n|inactive|Battle timer is ON: inactive players will automatically lose when time's up. (requested by congpizza)\n|\n|t:|1701087116\n|start\n|switch|p1a: Kyurem|Kyurem|100\/100\n|switch|p2a: \u4f60\u600e\u4e48\u7761\u5f97\u7740\u7684|Ferrothorn, M|100\/100\n|-ability|p1a: Kyurem|Pressure\n|turn|1\n|\n|t:|1701087129\n|switch|p1a: Sinistcha|Sinistcha-Masterpiece|100\/100\n|move|p2a: \u4f60\u600e\u4e48\u7761\u5f97\u7740\u7684|Stealth Rock|p1a: Sinistcha\n|-sidestart|p1: bluenecdream|move: Stealth Rock\n|\n|upkeep\n|turn|2\n|\n|t:|1701087140\n|switch|p2a: \u76d6\u9e25\u5361|Pelipper, F|100\/100\n|-weather|RainDance|[from] ability: Drizzle|[of] p2a: \u76d6\u9e25\u5361\n|move|p1a: Sinistcha|Substitute|p1a: Sinistcha\n|-start|p1a: Sinistcha|Substitute\n|-damage|p1a: Sinistcha|76\/100\n|\n|-weather|RainDance|[upkeep]\n|upkeep\n|turn|3\n|\n|t:|1701087155\n|move|p1a: Sinistcha|Calm Mind|p1a: Sinistcha\n|-boost|p1a: Sinistcha|spa|1\n|-boost|p1a: Sinistcha|spd|1\n|move|p2a: \u76d6\u9e25\u5361|U-turn|p1a: Sinistcha\n|-activate|p1a: Sinistcha|move: Substitute|[damage]\n|\n|t:|1701087162\n|switch|p2a: \u4efb\u4f55\u7329\u7329\uff0c\u7ec8\u5c06\u7ef3\u4e4b\u4ee5\u6cd5\uff01|Overqwil, M|100\/100|[from] U-turn\n|\n|-weather|RainDance|[upkeep]\n|upkeep\n|turn|4\n|\n|t:|1701087169\n|move|p2a: \u4efb\u4f55\u7329\u7329\uff0c\u7ec8\u5c06\u7ef3\u4e4b\u4ee5\u6cd5\uff01|Crunch|p1a: Sinistcha\n|-supereffective|p1a: Sinistcha\n|-end|p1a: Sinistcha|Substitute\n|move|p1a: Sinistcha|Matcha Gotcha|p2a: \u4efb\u4f55\u7329\u7329\uff0c\u7ec8\u5c06\u7ef3\u4e4b\u4ee5\u6cd5\uff01\n|-resisted|p2a: \u4efb\u4f55\u7329\u7329\uff0c\u7ec8\u5c06\u7ef3\u4e4b\u4ee5\u6cd5\uff01\n|-damage|p2a: \u4efb\u4f55\u7329\u7329\uff0c\u7ec8\u5c06\u7ef3\u4e4b\u4ee5\u6cd5\uff01|47\/100\n|-heal|p1a: Sinistcha|99\/100|[from] drain|[of] p2a: \u4efb\u4f55\u7329\u7329\uff0c\u7ec8\u5c06\u7ef3\u4e4b\u4ee5\u6cd5\uff01\n|\n|-weather|RainDance|[upkeep]\n|upkeep\n|turn|5\n|\n|t:|1701087180\n|switch|p1a: Gliscor|Gliscor, F|100\/100\n|-damage|p1a: Gliscor|88\/100|[from] Stealth Rock\n|-zpower|p2a: \u4efb\u4f55\u7329\u7329\uff0c\u7ec8\u5c06\u7ef3\u4e4b\u4ee5\u6cd5\uff01\n|move|p2a: \u4efb\u4f55\u7329\u7329\uff0c\u7ec8\u5c06\u7ef3\u4e4b\u4ee5\u6cd5\uff01|Black Hole Eclipse|p1a: Gliscor|[zeffect]\n|-damage|p1a: Gliscor|31\/100\n|\n|-weather|RainDance|[upkeep]\n|-status|p1a: Gliscor|tox|[from] item: Toxic Orb\n|upkeep\n|turn|6\n|inactive|bluenecdream has 120 seconds left.\n|\n|t:|1701087217\n|move|p2a: \u4efb\u4f55\u7329\u7329\uff0c\u7ec8\u5c06\u7ef3\u4e4b\u4ee5\u6cd5\uff01|Liquidation|p1a: Gliscor\n|-supereffective|p1a: Gliscor\n|-damage|p1a: Gliscor|0 fnt\n|faint|p1a: Gliscor\n|\n|-weather|RainDance|[upkeep]\n|upkeep\n|\n|t:|1701087228\n|switch|p1a: Kyurem|Kyurem|100\/100\n|-damage|p1a: Kyurem|76\/100|[from] Stealth Rock\n|-ability|p1a: Kyurem|Pressure\n|turn|7\n|\n|t:|1701087241\n|switch|p2a: \u4f60\u600e\u4e48\u7761\u5f97\u7740\u7684|Ferrothorn, M|100\/100\n|move|p1a: Kyurem|Draco Meteor|p2a: \u4f60\u600e\u4e48\u7761\u5f97\u7740\u7684\n|-resisted|p2a: \u4f60\u600e\u4e48\u7761\u5f97\u7740\u7684\n|-damage|p2a: \u4f60\u600e\u4e48\u7761\u5f97\u7740\u7684|77\/100\n|-unboost|p1a: Kyurem|spa|2\n|\n|-weather|RainDance|[upkeep]\n|upkeep\n|turn|8\n|\n|t:|1701087253\n|switch|p1a: Avalugg|Avalugg-Hisui, F|100\/100\n|move|p2a: \u4f60\u600e\u4e48\u7761\u5f97\u7740\u7684|Gyro Ball|p1a: Avalugg\n|-supereffective|p1a: Avalugg\n|-damage|p1a: Avalugg|52\/100\n|\n|-weather|RainDance|[upkeep]\n|upkeep\n|turn|9\n|\n|t:|1701087263\n|move|p1a: Avalugg|Earthquake|p2a: \u4f60\u600e\u4e48\u7761\u5f97\u7740\u7684\n|-damage|p2a: \u4f60\u600e\u4e48\u7761\u5f97\u7740\u7684|47\/100\n|move|p2a: \u4f60\u600e\u4e48\u7761\u5f97\u7740\u7684|Gyro Ball|p1a: Avalugg\n|-supereffective|p1a: Avalugg\n|-damage|p1a: Avalugg|3\/100\n|\n|-weather|none\n|upkeep\n|turn|10\n|inactive|bluenecdream has 120 seconds left.\n|\n|t:|1701087276\n|move|p1a: Avalugg|Body Press|p2a: \u4f60\u600e\u4e48\u7761\u5f97\u7740\u7684\n|-supereffective|p2a: \u4f60\u600e\u4e48\u7761\u5f97\u7740\u7684\n|-enditem|p2a: \u4f60\u600e\u4e48\u7761\u5f97\u7740\u7684|Chople Berry|[eat]\n|-enditem|p2a: \u4f60\u600e\u4e48\u7761\u5f97\u7740\u7684|Chople Berry|[weaken]\n|-damage|p2a: \u4f60\u600e\u4e48\u7761\u5f97\u7740\u7684|25\/100\n|-damage|p1a: Avalugg|0 fnt|[from] ability: Iron Barbs|[of] p2a: \u4f60\u600e\u4e48\u7761\u5f97\u7740\u7684\n|faint|p1a: Avalugg\n|move|p2a: \u4f60\u600e\u4e48\u7761\u5f97\u7740\u7684|Gyro Ball|p1: Avalugg|[notarget]\n|-fail|p2a: \u4f60\u600e\u4e48\u7761\u5f97\u7740\u7684\n|\n|upkeep\n|\n|t:|1701087292\n|switch|p1a: Kyurem|Kyurem|76\/100\n|-damage|p1a: Kyurem|51\/100|[from] Stealth Rock\n|-ability|p1a: Kyurem|Pressure\n|turn|11\n|\n|t:|1701087304\n|-zpower|p1a: Kyurem\n|move|p1a: Kyurem|All-Out Pummeling|p2a: \u4f60\u600e\u4e48\u7761\u5f97\u7740\u7684|[zeffect]\n|-supereffective|p2a: \u4f60\u600e\u4e48\u7761\u5f97\u7740\u7684\n|-damage|p2a: \u4f60\u600e\u4e48\u7761\u5f97\u7740\u7684|0 fnt\n|faint|p2a: \u4f60\u600e\u4e48\u7761\u5f97\u7740\u7684\n|\n|upkeep\n|\n|t:|1701087313\n|switch|p2a: \u76d6\u9e25\u5361|Pelipper, F|100\/100\n|-weather|RainDance|[from] ability: Drizzle|[of] p2a: \u76d6\u9e25\u5361\n|turn|12\n|\n|t:|1701087338\n|switch|p2a: \u65e0\u654c\u7684\u516d\u8fb9\u5f62|Swampert, F|100\/100\n|move|p1a: Kyurem|Freeze-Dry|p2a: \u65e0\u654c\u7684\u516d\u8fb9\u5f62\n|-supereffective|p2a: \u65e0\u654c\u7684\u516d\u8fb9\u5f62\n|-damage|p2a: \u65e0\u654c\u7684\u516d\u8fb9\u5f62|0 fnt\n|faint|p2a: \u65e0\u654c\u7684\u516d\u8fb9\u5f62\n|\n|-weather|RainDance|[upkeep]\n|upkeep\n|\n|t:|1701087347\n|switch|p2a: \u4f60\u9e1f\u54e5\u8fd8\u662f\u4f60\u9e1f\u54e5|Zapdos|100\/100\n|turn|13\n|\n|t:|1701087352\n|move|p2a: \u4f60\u9e1f\u54e5\u8fd8\u662f\u4f60\u9e1f\u54e5|Thunderbolt|p1a: Kyurem\n|-resisted|p1a: Kyurem\n|-damage|p1a: Kyurem|30\/100\n|move|p1a: Kyurem|Freeze-Dry|p2a: \u4f60\u9e1f\u54e5\u8fd8\u662f\u4f60\u9e1f\u54e5\n|-supereffective|p2a: \u4f60\u9e1f\u54e5\u8fd8\u662f\u4f60\u9e1f\u54e5\n|-damage|p2a: \u4f60\u9e1f\u54e5\u8fd8\u662f\u4f60\u9e1f\u54e5|22\/100\n|-status|p2a: \u4f60\u9e1f\u54e5\u8fd8\u662f\u4f60\u9e1f\u54e5|frz\n|\n|-weather|RainDance|[upkeep]\n|upkeep\n|turn|14\n|inactive|bluenecdream has 120 seconds left.\n|\n|t:|1701087374\n|switch|p1a: Slowking|Slowking, M|100\/100\n|-curestatus|p2a: \u4f60\u9e1f\u54e5\u8fd8\u662f\u4f60\u9e1f\u54e5|frz|[msg]\n|move|p2a: \u4f60\u9e1f\u54e5\u8fd8\u662f\u4f60\u9e1f\u54e5|Thunderbolt|p1a: Slowking\n|-supereffective|p1a: Slowking\n|-damage|p1a: Slowking|50\/100\n|\n|-weather|RainDance|[upkeep]\n|upkeep\n|turn|15\n|inactive|bluenecdream has 120 seconds left.\n|\n|t:|1701087388\n|move|p2a: \u4f60\u9e1f\u54e5\u8fd8\u662f\u4f60\u9e1f\u54e5|Hurricane|p1a: Slowking\n|-damage|p1a: Slowking|19\/100\n|-start|p1a: Slowking|confusion\n|-activate|p1a: Slowking|confusion\n|move|p1a: Slowking|Scald|p2a: \u4f60\u9e1f\u54e5\u8fd8\u662f\u4f60\u9e1f\u54e5\n|-damage|p2a: \u4f60\u9e1f\u54e5\u8fd8\u662f\u4f60\u9e1f\u54e5|0 fnt\n|faint|p2a: \u4f60\u9e1f\u54e5\u8fd8\u662f\u4f60\u9e1f\u54e5\n|\n|-weather|RainDance|[upkeep]\n|upkeep\n|\n|t:|1701087397\n|switch|p2a: \u4efb\u4f55\u7329\u7329\uff0c\u7ec8\u5c06\u7ef3\u4e4b\u4ee5\u6cd5\uff01|Overqwil, M|47\/100\n|turn|16\n|inactive|bluenecdream has 120 seconds left.\n|\n|t:|1701087409\n|switch|p1a: Sinistcha|Sinistcha-Masterpiece|99\/100\n|-damage|p1a: Sinistcha|87\/100|[from] Stealth Rock\n|move|p2a: \u4efb\u4f55\u7329\u7329\uff0c\u7ec8\u5c06\u7ef3\u4e4b\u4ee5\u6cd5\uff01|Crunch|p1a: Sinistcha\n|-supereffective|p1a: Sinistcha\n|-crit|p1a: Sinistcha\n|-damage|p1a: Sinistcha|0 fnt\n|faint|p1a: Sinistcha\n|\n|-weather|RainDance|[upkeep]\n|upkeep\n|inactive|bluenecdream has 120 seconds left.\n|\n|t:|1701087426\n|switch|p1a: Slowking|Slowking, M|53\/100\n|turn|17\n|\n|t:|1701087443\n|move|p2a: \u4efb\u4f55\u7329\u7329\uff0c\u7ec8\u5c06\u7ef3\u4e4b\u4ee5\u6cd5\uff01|Crunch|p1a: Slowking\n|-supereffective|p1a: Slowking\n|-damage|p1a: Slowking|0 fnt\n|faint|p1a: Slowking\n|\n|-weather|RainDance|[upkeep]\n|upkeep\n|\n|t:|1701087452\n|switch|p1a: Kyurem|Kyurem|30\/100\n|-damage|p1a: Kyurem|5\/100|[from] Stealth Rock\n|-ability|p1a: Kyurem|Pressure\n|turn|18\n|\n|t:|1701087458\n|move|p2a: \u4efb\u4f55\u7329\u7329\uff0c\u7ec8\u5c06\u7ef3\u4e4b\u4ee5\u6cd5\uff01|Crunch|p1a: Kyurem\n|-damage|p1a: Kyurem|0 fnt\n|faint|p1a: Kyurem\n|\n|-weather|RainDance|[upkeep]\n|upkeep\n|\n|t:|1701087463\n|switch|p1a: Gardevoir|Gardevoir, F|100\/100\n|-damage|p1a: Gardevoir|88\/100|[from] Stealth Rock\n|-ability|p1a: Gardevoir|Swift Swim|[from] ability: Trace|[of] p2a: \u4efb\u4f55\u7329\u7329\uff0c\u7ec8\u5c06\u7ef3\u4e4b\u4ee5\u6cd5\uff01\n|turn|19\n|\n|t:|1701087493\n|detailschange|p1a: Gardevoir|Gardevoir-Mega, F\n|-mega|p1a: Gardevoir|Gardevoir|Gardevoirite\n|move|p2a: \u4efb\u4f55\u7329\u7329\uff0c\u7ec8\u5c06\u7ef3\u4e4b\u4ee5\u6cd5\uff01|Destiny Bond|p2a: \u4efb\u4f55\u7329\u7329\uff0c\u7ec8\u5c06\u7ef3\u4e4b\u4ee5\u6cd5\uff01\n|-singlemove|p2a: \u4efb\u4f55\u7329\u7329\uff0c\u7ec8\u5c06\u7ef3\u4e4b\u4ee5\u6cd5\uff01|Destiny Bond\n|move|p1a: Gardevoir|Hyper Voice|p2a: \u4efb\u4f55\u7329\u7329\uff0c\u7ec8\u5c06\u7ef3\u4e4b\u4ee5\u6cd5\uff01\n|-damage|p2a: \u4efb\u4f55\u7329\u7329\uff0c\u7ec8\u5c06\u7ef3\u4e4b\u4ee5\u6cd5\uff01|0 fnt\n|faint|p2a: \u4efb\u4f55\u7329\u7329\uff0c\u7ec8\u5c06\u7ef3\u4e4b\u4ee5\u6cd5\uff01\n|-activate|p2a: \u4efb\u4f55\u7329\u7329\uff0c\u7ec8\u5c06\u7ef3\u4e4b\u4ee5\u6cd5\uff01|move: Destiny Bond\n|faint|p1a: Gardevoir\n|\n|win|congpizza\n|raw|bluenecdream's rating: 1310 &rarr; <strong>1294<\/strong><br \/>(-16 for losing)\n|raw|congpizza's rating: 1389 &rarr; <strong>1405<\/strong><br \/>(+16 for winning)\n","uploadtime":1701087505,"views":7,"p1id":"bluenecdream","p2id":"congpizza","formatid":"gen9nationaldex","rating":1294,"private":0,"password":""}