{"id":"gen9nationaldex-1992510769","p1":"testless","p2":"FlyingSudowoodo","format":"[Gen 9] National Dex","log":"|j|\u2606testless\n|j|\u2606FlyingSudowoodo\n|t:|1700197203\n|gametype|singles\n|player|p1|testless|pokemonrangerf|1413\n|player|p2|FlyingSudowoodo|cheren|1382\n|teamsize|p1|6\n|teamsize|p2|6\n|gen|9\n|tier|[Gen 9] National Dex\n|rated|\n|rule|HP Percentage Mod: HP is shown in percentages\n|rule|Endless Battle Clause: Forcing endless battles is banned\n|rule|OHKO Clause: OHKO moves are banned\n|rule|Evasion Clause: Evasion abilities, items, and moves are banned\n|rule|Evasion Abilities Clause: Evasion abilities are banned\n|rule|Evasion Items Clause: Evasion items are banned\n|rule|Evasion Moves Clause: Evasion moves are banned\n|rule|Species Clause: Limit one of each Pok\u00e9mon\n|rule|Sleep Clause Mod: Limit one foe put to sleep\n|clearpoke\n|poke|p1|Scizor, F|\n|poke|p1|Garganacl, M|\n|poke|p1|Serperior, F|\n|poke|p1|Kyurem|\n|poke|p1|Tapu Fini|\n|poke|p1|Cinderace, F|\n|poke|p2|Banette, F|\n|poke|p2|Alomomola, M|\n|poke|p2|Clodsire, M|\n|poke|p2|Glimmora, M|\n|poke|p2|Tapu Lele|\n|poke|p2|Hawlucha, M|\n|teampreview\n|inactive|Battle timer is ON: inactive players will automatically lose when time's up. (requested by testless)\n|\n|t:|1700197211\n|start\n|switch|p1a: Serperior|Serperior, F|100\/100\n|switch|p2a: Banette|Banette, F|100\/100\n|turn|1\n|\n|t:|1700197217\n|detailschange|p2a: Banette|Banette-Mega, F\n|-mega|p2a: Banette|Banette|Banettite\n|move|p1a: Serperior|Substitute|p1a: Serperior\n|-start|p1a: Serperior|Substitute\n|-damage|p1a: Serperior|76\/100\n|move|p2a: Banette|Poltergeist|p1a: Serperior\n|-activate|p1a: Serperior|move: Poltergeist|Leftovers\n|-end|p1a: Serperior|Substitute\n|\n|-heal|p1a: Serperior|82\/100|[from] item: Leftovers\n|upkeep\n|turn|2\n|\n|t:|1700197226\n|move|p2a: Banette|Encore|p1a: Serperior\n|-start|p1a: Serperior|Encore\n|move|p1a: Serperior|Substitute|p1a: Serperior\n|-start|p1a: Serperior|Substitute\n|-damage|p1a: Serperior|57\/100\n|\n|-heal|p1a: Serperior|63\/100|[from] item: Leftovers\n|upkeep\n|turn|3\n|\n|t:|1700197234\n|-activate|p1a: Serperior|move: Pursuit\n|move|p2a: Banette|Pursuit|p1a: Serperior|[from]Pursuit\n|-end|p1a: Serperior|Substitute\n|switch|p1a: Garganacl|Garganacl, M|100\/100\n|\n|upkeep\n|turn|4\n|\n|t:|1700197243\n|switch|p2a: Glimmora|Glimmora, M|100\/100\n|-item|p2a: Glimmora|Air Balloon\n|move|p1a: Garganacl|Salt Cure|p2a: Glimmora\n|-damage|p2a: Glimmora|83\/100\n|-start|p2a: Glimmora|Salt Cure\n|-activate|p2a: Glimmora|ability: Toxic Debris\n|-sidestart|p1: testless|move: Toxic Spikes\n|-enditem|p2a: Glimmora|Air Balloon\n|\n|-damage|p2a: Glimmora|71\/100|[from] Salt Cure\n|upkeep\n|turn|5\n|\n|t:|1700197259\n|move|p2a: Glimmora|Flash Cannon|p1a: Garganacl\n|-supereffective|p1a: Garganacl\n|-damage|p1a: Garganacl|56\/100\n|move|p1a: Garganacl|Earthquake|p2a: Glimmora\n|-supereffective|p2a: Glimmora\n|-damage|p2a: Glimmora|0 fnt\n|-activate|p2a: Glimmora|ability: Toxic Debris\n|-sidestart|p1: testless|move: Toxic Spikes\n|faint|p2a: Glimmora\n|\n|-heal|p1a: Garganacl|63\/100|[from] item: Leftovers\n|upkeep\n|\n|t:|1700197276\n|switch|p2a: Tapu Lele|Tapu Lele|100\/100\n|-fieldstart|move: Psychic Terrain|[from] ability: Psychic Surge|[of] p2a: Tapu Lele\n|turn|6\n|\n|t:|1700197282\n|switch|p1a: Cinderace|Cinderace, F|100\/100\n|-terastallize|p2a: Tapu Lele|Psychic\n|move|p2a: Tapu Lele|Psychic|p1a: Cinderace\n|-damage|p1a: Cinderace|0 fnt\n|faint|p1a: Cinderace\n|\n|upkeep\n|\n|t:|1700197291\n|switch|p1a: Tapu Fini|Tapu Fini|100\/100\n|-status|p1a: Tapu Fini|tox\n|-fieldstart|move: Misty Terrain|[from] ability: Misty Surge|[of] p1a: Tapu Fini\n|turn|7\n|\n|t:|1700197297\n|switch|p2a: Clodsire|Clodsire, M|100\/100\n|switch|p1a: Kyurem|Kyurem|100\/100\n|-ability|p1a: Kyurem|Pressure\n|\n|upkeep\n|turn|8\n|\n|t:|1700197305\n|move|p1a: Kyurem|Ice Beam|p2a: Clodsire\n|-supereffective|p2a: Clodsire\n|-damage|p2a: Clodsire|49\/100\n|move|p2a: Clodsire|Stealth Rock|p1a: Kyurem\n|-sidestart|p1: testless|move: Stealth Rock\n|\n|-heal|p2a: Clodsire|55\/100|[from] item: Leftovers\n|upkeep\n|turn|9\n|\n|t:|1700197313\n|switch|p2a: Alomomola|Alomomola, M|100\/100\n|move|p1a: Kyurem|Ice Beam|p2a: Alomomola\n|-resisted|p2a: Alomomola\n|-damage|p2a: Alomomola|77\/100\n|\n|upkeep\n|turn|10\n|\n|t:|1700197319\n|move|p1a: Kyurem|Freeze-Dry|p2a: Alomomola\n|-supereffective|p2a: Alomomola\n|-damage|p2a: Alomomola|10\/100\n|move|p2a: Alomomola|Toxic|p1a: Kyurem\n|-activate|p1a: Kyurem|move: Misty Terrain\n|\n|upkeep\n|turn|11\n|\n|t:|1700197326\n|switch|p2a: Banette|Banette-Mega, F|100\/100\n|move|p1a: Kyurem|Ice Beam|p2a: Banette\n|-damage|p2a: Banette|19\/100\n|\n|-fieldend|Misty Terrain\n|upkeep\n|turn|12\n|\n|t:|1700197333\n|move|p2a: Banette|Destiny Bond|p2a: Banette\n|-singlemove|p2a: Banette|Destiny Bond\n|move|p1a: Kyurem|Ice Beam|p2a: Banette\n|-damage|p2a: Banette|0 fnt\n|faint|p2a: Banette\n|-activate|p2a: Banette|move: Destiny Bond\n|faint|p1a: Kyurem\n|\n|upkeep\n|\n|t:|1700197341\n|switch|p1a: Tapu Fini|Tapu Fini|100\/100 tox\n|switch|p2a: Alomomola|Alomomola, M|43\/100\n|-damage|p1a: Tapu Fini|88\/100 tox|[from] Stealth Rock\n|-fieldstart|move: Misty Terrain|[from] ability: Misty Surge|[of] p1a: Tapu Fini\n|turn|13\n|\n|t:|1700197349\n|move|p1a: Tapu Fini|Draining Kiss|p2a: Alomomola\n|-damage|p2a: Alomomola|28\/100\n|-heal|p1a: Tapu Fini|100\/100 tox|[from] drain|[of] p2a: Alomomola\n|move|p2a: Alomomola|Flip Turn|p1a: Tapu Fini\n|-resisted|p1a: Tapu Fini\n|-damage|p1a: Tapu Fini|94\/100 tox\n|\n|t:|1700197355\n|switch|p2a: Tapu Lele|Tapu Lele, tera:Psychic|100\/100|[from] Flip Turn\n|-fieldstart|move: Psychic Terrain|[from] ability: Psychic Surge|[of] p2a: Tapu Lele\n|\n|-heal|p1a: Tapu Fini|100\/100 tox|[from] item: Leftovers\n|-damage|p1a: Tapu Fini|94\/100 tox|[from] psn\n|upkeep\n|turn|14\n|\n|t:|1700197374\n|move|p2a: Tapu Lele|Psychic|p1a: Tapu Fini\n|-damage|p1a: Tapu Fini|33\/100 tox\n|move|p1a: Tapu Fini|Scald|p2a: Tapu Lele\n|-damage|p2a: Tapu Lele|71\/100\n|-status|p2a: Tapu Lele|brn\n|\n|-heal|p1a: Tapu Fini|39\/100 tox|[from] item: Leftovers\n|-damage|p1a: Tapu Fini|26\/100 tox|[from] psn\n|-damage|p2a: Tapu Lele|65\/100 brn|[from] brn\n|upkeep\n|turn|15\n|\n|t:|1700197385\n|move|p2a: Tapu Lele|Psychic|p1a: Tapu Fini\n|-damage|p1a: Tapu Fini|0 fnt\n|faint|p1a: Tapu Fini\n|\n|-damage|p2a: Tapu Lele|59\/100 brn|[from] brn\n|upkeep\n|\n|t:|1700197391\n|switch|p1a: Garganacl|Garganacl, M|63\/100\n|-damage|p1a: Garganacl|50\/100|[from] Stealth Rock\n|turn|16\n|\n|t:|1700197395\n|move|p1a: Garganacl|Protect|p1a: Garganacl\n|-singleturn|p1a: Garganacl|Protect\n|move|p2a: Tapu Lele|Psychic|p1a: Garganacl\n|-activate|p1a: Garganacl|move: Protect\n|\n|-heal|p1a: Garganacl|56\/100|[from] item: Leftovers\n|-damage|p2a: Tapu Lele|52\/100 brn|[from] brn\n|upkeep\n|turn|17\n|\n|t:|1700197410\n|move|p2a: Tapu Lele|Psychic|p1a: Garganacl\n|-damage|p1a: Garganacl|0 fnt\n|faint|p1a: Garganacl\n|\n|-damage|p2a: Tapu Lele|46\/100 brn|[from] brn\n|-fieldend|move: Psychic Terrain\n|upkeep\n|\n|t:|1700197414\n|switch|p1a: Scizor|Scizor, F|100\/100\n|-damage|p1a: Scizor|88\/100|[from] Stealth Rock\n|turn|18\n|\n|t:|1700197419\n|switch|p2a: Alomomola|Alomomola, M|62\/100\n|move|p1a: Scizor|Trailblaze|p2a: Alomomola\n|-supereffective|p2a: Alomomola\n|-damage|p2a: Alomomola|5\/100\n|-boost|p1a: Scizor|spe|1\n|\n|upkeep\n|turn|19\n|\n|t:|1700197427\n|switch|p2a: Clodsire|Clodsire, M|55\/100\n|move|p1a: Scizor|Trailblaze|p2a: Clodsire\n|-damage|p2a: Clodsire|5\/100\n|-boost|p1a: Scizor|spe|1\n|\n|-heal|p2a: Clodsire|12\/100|[from] item: Leftovers\n|upkeep\n|turn|20\n|\n|t:|1700197438\n|move|p1a: Scizor|Trailblaze|p2a: Clodsire\n|-crit|p2a: Clodsire\n|-damage|p2a: Clodsire|0 fnt\n|-boost|p1a: Scizor|spe|1\n|faint|p2a: Clodsire\n|\n|upkeep\n|\n|t:|1700197444\n|switch|p2a: Tapu Lele|Tapu Lele, tera:Psychic|46\/100 brn\n|-fieldstart|move: Psychic Terrain|[from] ability: Psychic Surge|[of] p2a: Tapu Lele\n|turn|21\n|\n|t:|1700197450\n|move|p2a: Tapu Lele|Psychic|p1a: Scizor\n|-resisted|p1a: Scizor\n|-damage|p1a: Scizor|37\/100\n|move|p1a: Scizor|Trailblaze|p2a: Tapu Lele\n|-damage|p2a: Tapu Lele|0 fnt\n|-boost|p1a: Scizor|spe|1\n|faint|p2a: Tapu Lele\n|\n|upkeep\n|\n|t:|1700197457\n|switch|p2a: Hawlucha|Hawlucha, M|100\/100\n|-enditem|p2a: Hawlucha|Psychic Seed\n|-boost|p2a: Hawlucha|spd|1|[from] item: Psychic Seed\n|turn|22\n|\n|t:|1700197465\n|move|p2a: Hawlucha|Acrobatics|p1a: Scizor\n|-damage|p1a: Scizor|0 fnt\n|faint|p1a: Scizor\n|\n|upkeep\n|\n|t:|1700197469\n|switch|p1a: Serperior|Serperior, F|63\/100\n|-status|p1a: Serperior|tox\n|-damage|p1a: Serperior|51\/100 tox|[from] Stealth Rock\n|turn|23\n|\n|t:|1700197476\n|-terastallize|p1a: Serperior|Fire\n|move|p2a: Hawlucha|Acrobatics|p1a: Serperior\n|-damage|p1a: Serperior|0 fnt\n|faint|p1a: Serperior\n|\n|win|FlyingSudowoodo\n|raw|testless's rating: 1413 &rarr; <strong>1391<\/strong><br \/>(-22 for losing)\n|raw|FlyingSudowoodo's rating: 1382 &rarr; <strong>1404<\/strong><br \/>(+22 for winning)\n","uploadtime":1700197483,"views":4,"p1id":"testless","p2id":"flyingsudowoodo","formatid":"gen9nationaldex","rating":1391,"private":0,"password":""}