{"id":"gen9nationaldex-1997987614","p1":"insipido","p2":"RARMolina","format":"[Gen 9] National Dex","log":"|html|<div class=\"broadcast-blue\"><strong>[Gen 9] National Dex is currently suspecting Sneasler! For information on how to participate check out the <a href=\"https:\/\/www.smogon.com\/forums\/threads\/sv-national-dex-suspect-8-just-dance.3731534\/\">suspect thread<\/a>.<\/strong><\/div>\n|j|\u2606insipido\n|j|\u2606RARMolina\n|t:|1700875767\n|gametype|singles\n|player|p1|insipido|n|\n|player|p2|RARMolina|phorus-unite|\n|teamsize|p1|6\n|teamsize|p2|6\n|gen|9\n|tier|[Gen 9] National Dex\n|rule|HP Percentage Mod: HP is shown in percentages\n|rule|Endless Battle Clause: Forcing endless battles is banned\n|rule|OHKO Clause: OHKO moves are banned\n|rule|Evasion Clause: Evasion abilities, items, and moves are banned\n|rule|Evasion Abilities Clause: Evasion abilities are banned\n|rule|Evasion Items Clause: Evasion items are banned\n|rule|Evasion Moves Clause: Evasion moves are banned\n|rule|Species Clause: Limit one of each Pok\u00e9mon\n|rule|Sleep Clause Mod: Limit one foe put to sleep\n|clearpoke\n|poke|p1|Pelipper, F|\n|poke|p1|Swampert, M|\n|poke|p1|Zapdos|\n|poke|p1|Barraskewda, M|\n|poke|p1|Dragonite, F|\n|poke|p1|Greninja-*, M|\n|poke|p2|Empoleon, M|\n|poke|p2|Garchomp, M|\n|poke|p2|Pelipper, M|\n|poke|p2|Jellicent, F|\n|poke|p2|Golisopod, M|\n|poke|p2|Swampert, F|\n|teampreview\n|c|\u2606RARMolina|>:0\n|c|\u2606RARMolina|COPION\n|\n|t:|1700875798\n|start\n|switch|p1a: Diego Maradona|Barraskewda, M|100\/100\n|switch|p2a: Jatziri|Swampert, F|100\/100\n|turn|1\n|\n|t:|1700875805\n|detailschange|p2a: Jatziri|Swampert-Mega, F\n|-mega|p2a: Jatziri|Swampert|Swampertite\n|move|p1a: Diego Maradona|Flip Turn|p2a: Jatziri\n|-damage|p2a: Jatziri|57\/100\n|\n|t:|1700875819\n|switch|p1a: WC|Pelipper, F|100\/100|[from] Flip Turn\n|-weather|RainDance|[from] ability: Drizzle|[of] p1a: WC\n|move|p2a: Jatziri|Flip Turn|p1a: WC\n|-resisted|p1a: WC\n|-crit|p1a: WC\n|-damage|p1a: WC|71\/100\n|\n|t:|1700875826\n|switch|p2a: Bocho|Garchomp, M|100\/100|[from] Flip Turn\n|\n|-weather|RainDance|[upkeep]\n|upkeep\n|turn|2\n|\n|t:|1700875834\n|move|p2a: Bocho|Swords Dance|p2a: Bocho\n|-boost|p2a: Bocho|atk|2\n|move|p1a: WC|Scald|p2a: Bocho\n|-damage|p2a: Bocho|57\/100\n|\n|-weather|RainDance|[upkeep]\n|upkeep\n|turn|3\n|\n|t:|1700875839\n|move|p2a: Bocho|Scale Shot|p1a: WC\n|-damage|p1a: WC|52\/100\n|-damage|p1a: WC|32\/100\n|-damage|p1a: WC|10\/100\n|-damage|p1a: WC|0 fnt\n|faint|p1a: WC\n|-hitcount|p1: WC|4\n|-unboost|p2a: Bocho|def|1\n|-boost|p2a: Bocho|spe|1\n|\n|-weather|RainDance|[upkeep]\n|upkeep\n|\n|t:|1700875846\n|switch|p1a: Diego Maradona|Barraskewda, M|100\/100\n|turn|4\n|\n|t:|1700875855\n|switch|p2a: Srta. Tess|Jellicent, F|100\/100\n|move|p1a: Diego Maradona|Liquidation|p2a: Srta. Tess\n|-resisted|p2a: Srta. Tess\n|-damage|p2a: Srta. Tess|49\/100\n|\n|-weather|RainDance|[upkeep]\n|-heal|p2a: Srta. Tess|55\/100|[from] item: Leftovers\n|upkeep\n|turn|5\n|\n|t:|1700875860\n|move|p1a: Diego Maradona|Liquidation|p2a: Srta. Tess\n|-resisted|p2a: Srta. Tess\n|-damage|p2a: Srta. Tess|5\/100\n|-unboost|p2a: Srta. Tess|def|1\n|move|p2a: Srta. Tess|Shadow Ball|p1a: Diego Maradona\n|-damage|p1a: Diego Maradona|49\/100\n|\n|-weather|RainDance|[upkeep]\n|-heal|p2a: Srta. Tess|11\/100|[from] item: Leftovers\n|upkeep\n|turn|6\n|c|\u2606insipido|Sjjsjs\n|\n|t:|1700875871\n|move|p1a: Diego Maradona|Liquidation|p2a: Srta. Tess\n|-resisted|p2a: Srta. Tess\n|-damage|p2a: Srta. Tess|0 fnt\n|-start|p1a: Diego Maradona|Disable|Liquidation|[from] ability: Cursed Body|[of] p2a: Srta. Tess\n|faint|p2a: Srta. Tess\n|\n|-weather|RainDance|[upkeep]\n|upkeep\n|\n|t:|1700875879\n|switch|p2a: Bocho|Garchomp, M|57\/100\n|turn|7\n|\n|t:|1700875882\n|switch|p1a: Zapato|Zapdos|100\/100\n|move|p2a: Bocho|Scale Shot|p1a: Zapato\n|-damage|p1a: Zapato|83\/100\n|-crit|p1a: Zapato\n|-damage|p1a: Zapato|60\/100\n|-damage|p1a: Zapato|43\/100\n|-damage|p1a: Zapato|28\/100\n|-hitcount|p1a: Zapato|4\n|-unboost|p2a: Bocho|def|1\n|-boost|p2a: Bocho|spe|1\n|\n|-weather|RainDance|[upkeep]\n|upkeep\n|turn|8\n|\n|t:|1700875893\n|move|p2a: Bocho|Scale Shot|p1a: Zapato\n|-damage|p1a: Zapato|13\/100\n|-damage|p1a: Zapato|0 fnt\n|faint|p1a: Zapato\n|-hitcount|p1: Zapato|2\n|-unboost|p2a: Bocho|def|1\n|-boost|p2a: Bocho|spe|1\n|\n|-weather|none\n|upkeep\n|\n|t:|1700875896\n|switch|p1a: Mucha paja|Dragonite, F|100\/100\n|turn|9\n|\n|t:|1700875912\n|switch|p2a: Poseidon|Empoleon, M|100\/100\n|-terastallize|p1a: Mucha paja|Normal\n|move|p1a: Mucha paja|Extreme Speed|p2a: Poseidon\n|-resisted|p2a: Poseidon\n|-damage|p2a: Poseidon|67\/100\n|\n|upkeep\n|turn|10\n|\n|t:|1700875917\n|move|p1a: Mucha paja|Dragon Dance|p1a: Mucha paja\n|-boost|p1a: Mucha paja|atk|1\n|-boost|p1a: Mucha paja|spe|1\n|move|p2a: Poseidon|Surf|p1a: Mucha paja\n|-damage|p1a: Mucha paja|80\/100\n|\n|upkeep\n|turn|11\n|\n|t:|1700875920\n|move|p1a: Mucha paja|Earthquake|p2a: Poseidon\n|-supereffective|p2a: Poseidon\n|-damage|p2a: Poseidon|0 fnt\n|faint|p2a: Poseidon\n|\n|upkeep\n|\n|t:|1700875926\n|switch|p2a: Shredder|Golisopod, M|100\/100\n|turn|12\n|j| Sylveon(404)\n|\n|t:|1700875939\n|-terastallize|p2a: Shredder|Steel\n|move|p1a: Mucha paja|Extreme Speed|p2a: Shredder\n|-resisted|p2a: Shredder\n|-damage|p2a: Shredder|66\/100\n|move|p2a: Shredder|First Impression|p1a: Mucha paja\n|-damage|p1a: Mucha paja|25\/100\n|\n|upkeep\n|turn|13\n|\n|t:|1700875953\n|move|p1a: Mucha paja|Earthquake|p2a: Shredder\n|-supereffective|p2a: Shredder\n|-damage|p2a: Shredder|0 fnt\n|faint|p2a: Shredder\n|\n|upkeep\n|j| WSoldat\n|\n|t:|1700875959\n|switch|p2a: Weater report|Pelipper, M|100\/100\n|-weather|RainDance|[from] ability: Drizzle|[of] p2a: Weater report\n|turn|14\n|\n|t:|1700875964\n|move|p1a: Mucha paja|Extreme Speed|p2a: Weater report\n|-damage|p2a: Weater report|40\/100\n|move|p2a: Weater report|Knock Off|p1a: Mucha paja\n|-damage|p1a: Mucha paja|12\/100\n|-enditem|p1a: Mucha paja|Silk Scarf|[from] move: Knock Off|[of] p2a: Weater report\n|\n|-weather|RainDance|[upkeep]\n|upkeep\n|turn|15\n|j| Void280\n|\n|t:|1700875971\n|move|p1a: Mucha paja|Extreme Speed|p2a: Weater report\n|-damage|p2a: Weater report|0 fnt\n|faint|p2a: Weater report\n|\n|-weather|RainDance|[upkeep]\n|upkeep\n|\n|t:|1700875974\n|switch|p2a: Bocho|Garchomp, M|57\/100\n|turn|16\n|j| Arlo Ghost\n|\n|t:|1700875981\n|move|p1a: Mucha paja|Ice Spinner|p2a: Bocho\n|-supereffective|p2a: Bocho\n|-damage|p2a: Bocho|0 fnt\n|-damage|p1a: Mucha paja|0 fnt|[from] ability: Rough Skin|[of] p2a: Bocho\n|faint|p2a: Bocho\n|faint|p1a: Mucha paja\n|\n|-weather|RainDance|[upkeep]\n|upkeep\n|\n|t:|1700875986\n|switch|p2a: Jatziri|Swampert-Mega, F|57\/100\n|switch|p1a: Diego Maradona|Barraskewda, M|49\/100\n|turn|17\n|\n|t:|1700875990\n|move|p1a: Diego Maradona|Liquidation|p2a: Jatziri\n|-damage|p2a: Jatziri|0 fnt\n|faint|p2a: Jatziri\n|\n|win|insipido\n|c| Arlo Ghost|agua contra agua\n|c|\u2606insipido|GG\n|c|\u2606RARMolina|Gg\n|c| Sylveon(404)|pf\n|c| Arlo Ghost|me mojo\n|l|\u2606RARMolina\n|c| Sylveon(404)|gg\n|l| Sylveon(404)\n|c|\u2606insipido|Awa de uwu\n|l| Arlo Ghost\n|l| Void280\n|c| WSoldat|Increible\n|c|\u2606insipido|Solo queda el Furro\n|l| WSoldat\n","uploadtime":1700876010,"views":21,"p1id":"insipido","p2id":"rarmolina","formatid":"gen9nationaldex","rating":0,"private":0,"password":""}