{"id":"gen9nationaldex-1993086529","p1":"StormFox2004","p2":"Maxer59","format":"[Gen 9] National Dex","log":"|j|\u2606StormFox2004\n|j|\u2606Maxer59\n|t:|1700263170\n|gametype|singles\n|player|p1|StormFox2004|pokemonbreeder|1173\n|player|p2|Maxer59|lucas|1113\n|teamsize|p1|6\n|teamsize|p2|6\n|gen|9\n|tier|[Gen 9] National Dex\n|rated|\n|rule|HP Percentage Mod: HP is shown in percentages\n|rule|Endless Battle Clause: Forcing endless battles is banned\n|rule|OHKO Clause: OHKO moves are banned\n|rule|Evasion Clause: Evasion abilities, items, and moves are banned\n|rule|Evasion Abilities Clause: Evasion abilities are banned\n|rule|Evasion Items Clause: Evasion items are banned\n|rule|Evasion Moves Clause: Evasion moves are banned\n|rule|Species Clause: Limit one of each Pok\u00e9mon\n|rule|Sleep Clause Mod: Limit one foe put to sleep\n|clearpoke\n|poke|p1|Sceptile, M|\n|poke|p1|Golisopod, M|\n|poke|p1|Heatran, F|\n|poke|p1|Togekiss, F|\n|poke|p1|Runerigus, M|\n|poke|p1|Armaldo, M|\n|poke|p2|Politoed, F|\n|poke|p2|Floatzel, F|\n|poke|p2|Indeedee, M|\n|poke|p2|Espeon, M|\n|poke|p2|Salamence, F|\n|poke|p2|Hydreigon, F|\n|teampreview\n|inactive|Battle timer is ON: inactive players will automatically lose when time's up. (requested by Maxer59)\n|\n|t:|1700263178\n|start\n|switch|p1a: Armaldo|Armaldo, M|100\/100\n|switch|p2a: Politoed|Politoed, F|100\/100\n|-weather|RainDance|[from] ability: Drizzle|[of] p2a: Politoed\n|turn|1\n|\n|t:|1700263186\n|move|p1a: Armaldo|Knock Off|p2a: Politoed\n|-damage|p2a: Politoed|58\/100\n|-enditem|p2a: Politoed|Damp Rock|[from] move: Knock Off|[of] p1a: Armaldo\n|move|p2a: Politoed|Weather Ball|p1a: Armaldo\n|-supereffective|p1a: Armaldo\n|-damage|p1a: Armaldo|0 fnt\n|faint|p1a: Armaldo\n|\n|-weather|RainDance|[upkeep]\n|upkeep\n|\n|t:|1700263197\n|switch|p1a: Sceptile|Sceptile, M|100\/100\n|turn|2\n|\n|t:|1700263204\n|switch|p2a: Indeedee|Indeedee, M|100\/100\n|-fieldstart|move: Psychic Terrain|[from] ability: Psychic Surge|[of] p2a: Indeedee\n|detailschange|p1a: Sceptile|Sceptile-Mega, M\n|-mega|p1a: Sceptile|Sceptile|Sceptilite\n|move|p1a: Sceptile|Leaf Blade|p2a: Indeedee\n|-damage|p2a: Indeedee|0 fnt\n|faint|p2a: Indeedee\n|\n|-weather|RainDance|[upkeep]\n|upkeep\n|\n|t:|1700263215\n|switch|p2a: Espeon|Espeon, M|100\/100\n|turn|3\n|\n|t:|1700263222\n|switch|p1a: Runerigus|Runerigus, M|100\/100\n|move|p2a: Espeon|Expanding Force|p1a: Runerigus\n|-damage|p1a: Runerigus|2\/100\n|\n|-weather|RainDance|[upkeep]\n|-heal|p1a: Runerigus|8\/100|[from] item: Leftovers\n|upkeep\n|turn|4\n|\n|t:|1700263230\n|move|p2a: Espeon|Expanding Force|p1a: Runerigus\n|-damage|p1a: Runerigus|0 fnt\n|faint|p1a: Runerigus\n|\n|-weather|RainDance|[upkeep]\n|upkeep\n|\n|t:|1700263239\n|switch|p1a: Golisopod|Golisopod, M|100\/100\n|turn|5\n|\n|t:|1700263246\n|move|p2a: Espeon|Expanding Force|p1a: Golisopod\n|-damage|p1a: Golisopod|1\/100\n|-enditem|p1a: Golisopod|Sitrus Berry|[eat]\n|-heal|p1a: Golisopod|26\/100|[from] item: Sitrus Berry\n|-activate|p1a: Golisopod|ability: Emergency Exit\n|\n|t:|1700263254\n|switch|p1a: Heatran|Heatran, F|100\/100\n|\n|-weather|RainDance|[upkeep]\n|upkeep\n|turn|6\n|\n|t:|1700263274\n|switch|p2a: Politoed|Politoed, F|58\/100\n|move|p1a: Heatran|Magma Storm|p2a: Politoed\n|-resisted|p2a: Politoed\n|-damage|p2a: Politoed|49\/100\n|-activate|p2a: Politoed|move: Magma Storm|[of] p1a: Heatran\n|\n|-weather|RainDance|[upkeep]\n|-damage|p2a: Politoed|37\/100|[from] move: Magma Storm|[partiallytrapped]\n|upkeep\n|turn|7\n|\n|t:|1700263283\n|-terastallize|p1a: Heatran|Grass\n|move|p1a: Heatran|Taunt|p2a: Politoed\n|-start|p2a: Politoed|move: Taunt\n|move|p2a: Politoed|Earth Power|p1a: Heatran\n|-resisted|p1a: Heatran\n|-damage|p1a: Heatran|92\/100\n|\n|-weather|RainDance|[upkeep]\n|-heal|p1a: Heatran|98\/100|[from] item: Leftovers\n|-damage|p2a: Politoed|24\/100|[from] move: Magma Storm|[partiallytrapped]\n|upkeep\n|turn|8\n|\n|t:|1700263293\n|move|p1a: Heatran|Earth Power|p2a: Politoed\n|-damage|p2a: Politoed|0 fnt\n|faint|p2a: Politoed\n|\n|-weather|none\n|-heal|p1a: Heatran|100\/100|[from] item: Leftovers\n|upkeep\n|\n|t:|1700263300\n|switch|p2a: Salamence|Salamence, F|100\/100\n|turn|9\n|\n|t:|1700263304\n|move|p2a: Salamence|Dual Wingbeat|p1a: Heatran\n|-supereffective|p1a: Heatran\n|-damage|p1a: Heatran|64\/100\n|-supereffective|p1a: Heatran\n|-damage|p1a: Heatran|28\/100\n|-hitcount|p1a: Heatran|2\n|move|p1a: Heatran|Magma Storm|p2a: Salamence|[miss]\n|-miss|p1a: Heatran|p2a: Salamence\n|\n|-heal|p1a: Heatran|34\/100|[from] item: Leftovers\n|-fieldend|move: Psychic Terrain\n|upkeep\n|turn|10\n|\n|t:|1700263311\n|move|p2a: Salamence|Dual Wingbeat|p1a: Heatran\n|-supereffective|p1a: Heatran\n|-damage|p1a: Heatran|0 fnt\n|faint|p1a: Heatran\n|-ability|p2a: Salamence|Moxie|boost\n|-boost|p2a: Salamence|atk|1\n|-hitcount|p1: Heatran|1\n|\n|upkeep\n|\n|t:|1700263319\n|switch|p1a: Togekiss|Togekiss, F|100\/100\n|turn|11\n|\n|t:|1700263328\n|switch|p2a: Hydreigon|Hydreigon, F|100\/100\n|move|p1a: Togekiss|Thunder Wave|p2a: Hydreigon\n|-status|p2a: Hydreigon|par\n|\n|upkeep\n|turn|12\n|\n|t:|1700263338\n|-terastallize|p2a: Hydreigon|Poison\n|move|p1a: Togekiss|Aura Sphere|p2a: Hydreigon\n|-resisted|p2a: Hydreigon\n|-damage|p2a: Hydreigon|90\/100 par\n|move|p2a: Hydreigon|Tera Blast|p1a: Togekiss|[anim] Tera Blast Poison\n|-supereffective|p1a: Togekiss\n|-damage|p1a: Togekiss|33\/100\n|\n|upkeep\n|turn|13\n|\n|t:|1700263346\n|move|p1a: Togekiss|Roost|p1a: Togekiss\n|-heal|p1a: Togekiss|83\/100\n|-singleturn|p1a: Togekiss|move: Roost\n|move|p2a: Hydreigon|Tera Blast|p1a: Togekiss|[anim] Tera Blast Poison\n|-supereffective|p1a: Togekiss\n|-damage|p1a: Togekiss|9\/100\n|\n|upkeep\n|turn|14\n|\n|t:|1700263353\n|move|p1a: Togekiss|Roost|p1a: Togekiss\n|-heal|p1a: Togekiss|59\/100\n|-singleturn|p1a: Togekiss|move: Roost\n|move|p2a: Hydreigon|Tera Blast|p1a: Togekiss|[anim] Tera Blast Poison\n|-supereffective|p1a: Togekiss\n|-damage|p1a: Togekiss|0 fnt\n|faint|p1a: Togekiss\n|\n|upkeep\n|\n|t:|1700263364\n|switch|p1a: Golisopod|Golisopod, M|26\/100\n|turn|15\n|\n|t:|1700263375\n|move|p1a: Golisopod|Leech Life|p2a: Hydreigon\n|-resisted|p2a: Hydreigon\n|-damage|p2a: Hydreigon|68\/100 par\n|-heal|p1a: Golisopod|39\/100|[from] drain|[of] p2a: Hydreigon\n|move|p2a: Hydreigon|Tera Blast|p1a: Golisopod|[anim] Tera Blast Poison\n|-damage|p1a: Golisopod|0 fnt\n|faint|p1a: Golisopod\n|\n|upkeep\n|\n|t:|1700263382\n|switch|p1a: Sceptile|Sceptile-Mega, M|100\/100\n|turn|16\n|\n|t:|1700263390\n|move|p1a: Sceptile|Dragon Claw|p2a: Hydreigon\n|-damage|p2a: Hydreigon|29\/100 par\n|move|p2a: Hydreigon|Dragon Pulse|p1a: Sceptile\n|-supereffective|p1a: Sceptile\n|-damage|p1a: Sceptile|0 fnt\n|faint|p1a: Sceptile\n|\n|win|Maxer59\n|raw|StormFox2004's rating: 1173 &rarr; <strong>1144<\/strong><br \/>(-29 for losing)\n|raw|Maxer59's rating: 1113 &rarr; <strong>1142<\/strong><br \/>(+29 for winning)\n|c|\u2606StormFox2004|gg\n","uploadtime":1700263397,"views":7,"p1id":"stormfox2004","p2id":"maxer59","formatid":"gen9nationaldex","rating":1142,"private":0,"password":""}