{"id":"gen9nationaldex-1992812934","p1":"Accelerater03","p2":"Nomer16","format":"[Gen 9] National Dex","log":"|j|\u2606Accelerater03\n|j|\u2606Nomer16\n|t:|1700237656\n|gametype|singles\n|player|p1|Accelerater03|1|1630\n|player|p2|Nomer16|gentleman-gen4|1664\n|teamsize|p1|6\n|teamsize|p2|6\n|gen|9\n|tier|[Gen 9] National Dex\n|rated|\n|rule|HP Percentage Mod: HP is shown in percentages\n|rule|Endless Battle Clause: Forcing endless battles is banned\n|rule|OHKO Clause: OHKO moves are banned\n|rule|Evasion Clause: Evasion abilities, items, and moves are banned\n|rule|Evasion Abilities Clause: Evasion abilities are banned\n|rule|Evasion Items Clause: Evasion items are banned\n|rule|Evasion Moves Clause: Evasion moves are banned\n|rule|Species Clause: Limit one of each Pok\u00e9mon\n|rule|Sleep Clause Mod: Limit one foe put to sleep\n|clearpoke\n|poke|p1|Dragonite, M|\n|poke|p1|Sneasler, M|\n|poke|p1|Tapu Lele|\n|poke|p1|Gardevoir, F|\n|poke|p1|Urshifu-*, M|\n|poke|p1|Clodsire, M|\n|poke|p2|Umbreon, F|\n|poke|p2|Volcarona, F|\n|poke|p2|Serperior, F|\n|poke|p2|Lopunny, M|\n|poke|p2|Corviknight, M|\n|poke|p2|Gliscor, M|\n|teampreview\n|inactive|Battle timer is ON: inactive players will automatically lose when time's up. (requested by Accelerater03)\n|\n|t:|1700237677\n|start\n|switch|p1a: Tapu Lele|Tapu Lele|100\/100\n|switch|p2a: Evangelyna|Umbreon, F|100\/100\n|-fieldstart|move: Psychic Terrain|[from] ability: Psychic Surge|[of] p1a: Tapu Lele\n|turn|1\n|\n|t:|1700237698\n|switch|p1a: Urshifu|Urshifu-Rapid-Strike, M|100\/100\n|move|p2a: Evangelyna|Protect||[still]\n|-fail|p2a: Evangelyna\n|\n|upkeep\n|turn|2\n|\n|t:|1700237708\n|switch|p2a: Silver|Corviknight, M|100\/100\n|-ability|p2a: Silver|Pressure\n|move|p1a: Urshifu|Close Combat|p2a: Silver\n|-damage|p2a: Silver|36\/100\n|-unboost|p1a: Urshifu|def|1\n|-unboost|p1a: Urshifu|spd|1\n|-damage|p1a: Urshifu|84\/100|[from] item: Rocky Helmet|[of] p2a: Silver\n|\n|upkeep\n|turn|3\n|\n|t:|1700237715\n|move|p1a: Urshifu|Close Combat|p2a: Silver\n|-damage|p2a: Silver|0 fnt\n|-unboost|p1a: Urshifu|def|1\n|-unboost|p1a: Urshifu|spd|1\n|-damage|p1a: Urshifu|67\/100|[from] item: Rocky Helmet|[of] p2a: Silver\n|faint|p2a: Silver\n|\n|upkeep\n|\n|t:|1700237719\n|switch|p2a: Joker|Gliscor, M|100\/100\n|turn|4\n|\n|t:|1700237732\n|switch|p1a: Gardevoir|Gardevoir, F, shiny|100\/100\n|move|p2a: Joker|Toxic|p1a: Gardevoir\n|-status|p1a: Gardevoir|tox\n|-activate|p1a: Gardevoir|ability: Synchronize\n|-status|p2a: Joker|tox\n|\n|-damage|p1a: Gardevoir|94\/100 tox|[from] psn\n|upkeep\n|turn|5\n|\n|t:|1700237744\n|switch|p1a: Sneasler|Sneasler, M|100\/100\n|-enditem|p1a: Sneasler|Psychic Seed\n|-boost|p1a: Sneasler|spd|1|[from] item: Psychic Seed\n|switch|p2a: Sunny|Volcarona, F|100\/100\n|\n|-fieldend|move: Psychic Terrain\n|upkeep\n|turn|6\n|\n|t:|1700237760\n|-terastallize|p1a: Sneasler|Flying\n|move|p1a: Sneasler|Swords Dance|p1a: Sneasler\n|-boost|p1a: Sneasler|atk|2\n|move|p2a: Sunny|Flamethrower|p1a: Sneasler\n|-damage|p1a: Sneasler|56\/100\n|\n|upkeep\n|turn|7\n|\n|t:|1700237767\n|move|p1a: Sneasler|Acrobatics|p2a: Sunny\n|-supereffective|p2a: Sunny\n|-damage|p2a: Sunny|0 fnt\n|faint|p2a: Sunny\n|\n|upkeep\n|\n|t:|1700237776\n|switch|p2a: Bonnie|Lopunny, M|100\/100\n|turn|8\n|\n|t:|1700237780\n|detailschange|p2a: Bonnie|Lopunny-Mega, M\n|-mega|p2a: Bonnie|Lopunny|Lopunnite\n|move|p2a: Bonnie|Fake Out|p1a: Sneasler\n|-damage|p1a: Sneasler|21\/100\n|cant|p1a: Sneasler|flinch\n|\n|upkeep\n|turn|9\n|\n|t:|1700237783\n|move|p2a: Bonnie|Quick Attack|p1a: Sneasler\n|-damage|p1a: Sneasler|0 fnt\n|faint|p1a: Sneasler\n|\n|upkeep\n|\n|t:|1700237789\n|switch|p1a: Tapu Lele|Tapu Lele|100\/100\n|-fieldstart|move: Psychic Terrain|[from] ability: Psychic Surge|[of] p1a: Tapu Lele\n|turn|10\n|\n|t:|1700237795\n|move|p1a: Tapu Lele|Moonblast|p2a: Bonnie\n|-supereffective|p2a: Bonnie\n|-damage|p2a: Bonnie|0 fnt\n|faint|p2a: Bonnie\n|\n|upkeep\n|\n|t:|1700237798\n|switch|p2a: Evangelyna|Umbreon, F|100\/100\n|turn|11\n|\n|t:|1700237802\n|-terastallize|p2a: Evangelyna|Ghost\n|move|p1a: Tapu Lele|Moonblast|p2a: Evangelyna\n|-damage|p2a: Evangelyna|72\/100\n|move|p2a: Evangelyna|Toxic|p1a: Tapu Lele\n|-status|p1a: Tapu Lele|tox\n|\n|-heal|p2a: Evangelyna|78\/100|[from] item: Leftovers\n|-damage|p1a: Tapu Lele|94\/100 tox|[from] psn\n|upkeep\n|turn|12\n|\n|t:|1700237815\n|switch|p1a: Gardevoir|Gardevoir, F, shiny|94\/100 tox\n|move|p2a: Evangelyna|Wish|p2a: Evangelyna\n|\n|-heal|p2a: Evangelyna|84\/100|[from] item: Leftovers\n|-damage|p1a: Gardevoir|88\/100 tox|[from] psn\n|upkeep\n|turn|13\n|j| xsk123\n|\n|t:|1700237827\n|detailschange|p1a: Gardevoir|Gardevoir-Mega, F, shiny\n|-mega|p1a: Gardevoir|Gardevoir|Gardevoirite\n|move|p1a: Gardevoir|Hyper Voice|p2a: Evangelyna\n|-damage|p2a: Evangelyna|44\/100\n|move|p2a: Evangelyna|Foul Play|p1a: Gardevoir\n|-crit|p1a: Gardevoir\n|-damage|p1a: Gardevoir|33\/100 tox\n|\n|-heal|p2a: Evangelyna|94\/100|[from] move: Wish|[wisher] Evangelyna\n|-heal|p2a: Evangelyna|99\/100|[from] item: Leftovers\n|-damage|p1a: Gardevoir|20\/100 tox|[from] psn\n|upkeep\n|turn|14\n|\n|t:|1700237845\n|move|p1a: Gardevoir|Pain Split|p2a: Evangelyna\n|-sethp|p2a: Evangelyna|57\/100|[from] move: Pain Split|[silent]\n|-sethp|p1a: Gardevoir|81\/100 tox|[from] move: Pain Split\n|move|p2a: Evangelyna|Wish|p2a: Evangelyna\n|\n|-heal|p2a: Evangelyna|63\/100|[from] item: Leftovers\n|-damage|p1a: Gardevoir|63\/100 tox|[from] psn\n|-fieldend|move: Psychic Terrain\n|upkeep\n|turn|15\n|\n|t:|1700237856\n|switch|p1a: Urshifu|Urshifu-Rapid-Strike, M|67\/100\n|move|p2a: Evangelyna|Foul Play|p1a: Urshifu\n|-resisted|p1a: Urshifu\n|-damage|p1a: Urshifu|44\/100\n|\n|-heal|p2a: Evangelyna|100\/100|[from] move: Wish|[wisher] Evangelyna\n|upkeep\n|turn|16\n|\n|t:|1700237864\n|switch|p2a: Charlotte|Serperior, F|100\/100\n|move|p1a: Urshifu|Surging Strikes|p2a: Charlotte\n|-resisted|p2a: Charlotte\n|-crit|p2a: Charlotte\n|-damage|p2a: Charlotte|82\/100\n|-resisted|p2a: Charlotte\n|-crit|p2a: Charlotte\n|-damage|p2a: Charlotte|61\/100\n|-resisted|p2a: Charlotte\n|-crit|p2a: Charlotte\n|-damage|p2a: Charlotte|44\/100\n|-hitcount|p2a: Charlotte|3\n|\n|-heal|p2a: Charlotte|50\/100|[from] item: Leftovers\n|upkeep\n|turn|17\n|\n|t:|1700237883\n|switch|p1a: Tapu Lele|Tapu Lele|94\/100 tox\n|-fieldstart|move: Psychic Terrain|[from] ability: Psychic Surge|[of] p1a: Tapu Lele\n|move|p2a: Charlotte|Leaf Storm|p1a: Tapu Lele\n|-damage|p1a: Tapu Lele|46\/100 tox\n|-boost|p2a: Charlotte|spa|2\n|\n|-heal|p2a: Charlotte|57\/100|[from] item: Leftovers\n|-damage|p1a: Tapu Lele|40\/100 tox|[from] psn\n|upkeep\n|turn|18\n|\n|t:|1700237892\n|switch|p2a: Evangelyna|Umbreon, F, tera:Ghost|100\/100\n|move|p1a: Tapu Lele|Psychic|p2a: Evangelyna\n|-damage|p2a: Evangelyna|63\/100\n|\n|-heal|p2a: Evangelyna|69\/100|[from] item: Leftovers\n|-damage|p1a: Tapu Lele|28\/100 tox|[from] psn\n|upkeep\n|turn|19\n|\n|t:|1700237919\n|switch|p1a: Dragonite|Dragonite, M|100\/100\n|move|p2a: Evangelyna|Wish|p2a: Evangelyna\n|\n|-heal|p2a: Evangelyna|75\/100|[from] item: Leftovers\n|upkeep\n|turn|20\n|\n|t:|1700237926\n|move|p1a: Dragonite|Dragon Dance|p1a: Dragonite\n|-boost|p1a: Dragonite|atk|1\n|-boost|p1a: Dragonite|spe|1\n|move|p2a: Evangelyna|Toxic|p1a: Dragonite\n|-status|p1a: Dragonite|tox\n|\n|-heal|p2a: Evangelyna|100\/100|[from] move: Wish|[wisher] Evangelyna\n|-damage|p1a: Dragonite|94\/100 tox|[from] psn\n|upkeep\n|turn|21\n|\n|t:|1700237935\n|move|p1a: Dragonite|Dragon Dance|p1a: Dragonite\n|-boost|p1a: Dragonite|atk|1\n|-boost|p1a: Dragonite|spe|1\n|move|p2a: Evangelyna|Foul Play|p1a: Dragonite\n|-damage|p1a: Dragonite|0 fnt\n|faint|p1a: Dragonite\n|\n|-fieldend|move: Psychic Terrain\n|upkeep\n|\n|t:|1700237943\n|switch|p1a: Urshifu|Urshifu-Rapid-Strike, M|44\/100\n|turn|22\n|\n|t:|1700237951\n|switch|p2a: Charlotte|Serperior, F|57\/100\n|move|p1a: Urshifu|Surging Strikes|p2a: Charlotte\n|-resisted|p2a: Charlotte\n|-crit|p2a: Charlotte\n|-damage|p2a: Charlotte|38\/100\n|-resisted|p2a: Charlotte\n|-crit|p2a: Charlotte\n|-damage|p2a: Charlotte|18\/100\n|-resisted|p2a: Charlotte\n|-crit|p2a: Charlotte\n|-damage|p2a: Charlotte|0 fnt\n|faint|p2a: Charlotte\n|-hitcount|p2: Charlotte|3\n|\n|upkeep\n|\n|t:|1700237958\n|switch|p2a: Evangelyna|Umbreon, F, tera:Ghost|100\/100\n|turn|23\n|\n|t:|1700237965\n|move|p1a: Urshifu|Surging Strikes|p2a: Evangelyna\n|-crit|p2a: Evangelyna\n|-damage|p2a: Evangelyna|78\/100\n|-crit|p2a: Evangelyna\n|-damage|p2a: Evangelyna|56\/100\n|-crit|p2a: Evangelyna\n|-damage|p2a: Evangelyna|36\/100\n|-hitcount|p2a: Evangelyna|3\n|move|p2a: Evangelyna|Toxic|p1a: Urshifu\n|-status|p1a: Urshifu|tox\n|\n|-heal|p2a: Evangelyna|42\/100|[from] item: Leftovers\n|-damage|p1a: Urshifu|38\/100 tox|[from] psn\n|upkeep\n|turn|24\n|-message|Nomer16 forfeited.\n|\n|win|Accelerater03\n|raw|Accelerater03's rating: 1630 &rarr; <strong>1652<\/strong><br \/>(+22 for winning)\n|raw|Nomer16's rating: 1664 &rarr; <strong>1642<\/strong><br \/>(-22 for losing)\n|l|\u2606Nomer16\n|l| xsk123\n","uploadtime":1700238199,"views":10,"p1id":"accelerater03","p2id":"nomer16","formatid":"gen9nationaldex","rating":1642,"private":0,"password":""}