{"id":"gen9nationaldex-1998423643","p1":"Luna's Bann3d Now","p2":"The power of ROCK","format":"[Gen 9] National Dex","log":"|html|<div class=\"broadcast-blue\"><strong>[Gen 9] National Dex is currently suspecting Sneasler! For information on how to participate check out the <a href=\"https:\/\/www.smogon.com\/forums\/threads\/sv-national-dex-suspect-8-just-dance.3731534\/\">suspect thread<\/a>.<\/strong><\/div>\n|j|\u2606Luna's Bann3d Now\n|j|\u2606The power of ROCK\n|inactive|Battle timer is ON: inactive players will automatically lose when time's up.\n|t:|1700940705\n|gametype|singles\n|player|p1|Luna's Bann3d Now|#agplvivoryimpalers|\n|player|p2|The power of ROCK|roark|\n|teamsize|p1|6\n|teamsize|p2|6\n|gen|9\n|tier|[Gen 9] National Dex\n|rated|Tournament battle\n|rule|HP Percentage Mod: HP is shown in percentages\n|rule|Endless Battle Clause: Forcing endless battles is banned\n|rule|OHKO Clause: OHKO moves are banned\n|rule|Evasion Clause: Evasion abilities, items, and moves are banned\n|rule|Evasion Abilities Clause: Evasion abilities are banned\n|rule|Evasion Items Clause: Evasion items are banned\n|rule|Evasion Moves Clause: Evasion moves are banned\n|rule|Species Clause: Limit one of each Pok\u00e9mon\n|rule|Sleep Clause Mod: Limit one foe put to sleep\n|clearpoke\n|poke|p1|Scizor, M|\n|poke|p1|Samurott-Hisui, M|\n|poke|p1|Swellow, F|\n|poke|p1|Clefable, F|\n|poke|p1|Great Tusk|\n|poke|p1|Ogerpon-Cornerstone, F|\n|poke|p2|Tyranitar, F|\n|poke|p2|Garganacl, F|\n|poke|p2|Aggron, F|\n|poke|p2|Glimmora, F|\n|poke|p2|Stakataka|\n|poke|p2|Rampardos, M|\n|teampreview\n|j| XXMurdrXX\n|c|\u2606The power of ROCK|Welcome to the ROCK gym\n|j| Aesiro13\n|inactive|Luna's Bann3d Now has 120 seconds left.\n|j|@hidin\n|\n|t:|1700940760\n|start\n|switch|p1a: Samurott|Samurott-Hisui, M|100\/100\n|switch|p2a: Aggron|Aggron, F|100\/100\n|turn|1\n|\n|t:|1700940768\n|detailschange|p2a: Aggron|Aggron-Mega, F\n|-mega|p2a: Aggron|Aggron|Aggronite\n|move|p1a: Samurott|Flip Turn|p2a: Aggron\n|-damage|p2a: Aggron|90\/100\n|\n|t:|1700940772\n|switch|p1a: Great Tusk|Great Tusk|100\/100|[from] Flip Turn\n|move|p2a: Aggron|Body Press|p1a: Great Tusk\n|-damage|p1a: Great Tusk|68\/100\n|\n|upkeep\n|turn|2\n|\n|t:|1700940778\n|move|p1a: Great Tusk|Headlong Rush|p2a: Aggron\n|-supereffective|p2a: Aggron\n|-damage|p2a: Aggron|56\/100\n|-unboost|p1a: Great Tusk|def|1\n|-unboost|p1a: Great Tusk|spd|1\n|-enditem|p1a: Great Tusk|Eject Pack\n|j| loch2009\n|\n|t:|1700940785\n|-end|p1a: Great Tusk|Protosynthesis|[silent]\n|switch|p1a: Scizor|Scizor, M|100\/100\n|move|p2a: Aggron|Iron Defense|p2a: Aggron\n|-boost|p2a: Aggron|def|2\n|\n|upkeep\n|turn|3\n|c| loch2009|rocks\n|c|\u2606The power of ROCK|what am i seeing\n|\n|t:|1700940790\n|detailschange|p1a: Scizor|Scizor-Mega, M\n|-mega|p1a: Scizor|Scizor|Scizorite\n|move|p1a: Scizor|U-turn|p2a: Aggron\n|-resisted|p2a: Aggron\n|-damage|p2a: Aggron|52\/100\n|\n|t:|1700940793\n|switch|p1a: Clefable|Clefable, F|100\/100|[from] U-turn\n|move|p2a: Aggron|Body Press|p1a: Clefable\n|-resisted|p1a: Clefable\n|-damage|p1a: Clefable|61\/100\n|-damage|p2a: Aggron|36\/100|[from] item: Rocky Helmet|[of] p1a: Clefable\n|\n|upkeep\n|turn|4\n|c| loch2009|i love mega aggron\n|\n|t:|1700940801\n|switch|p1a: Samurott|Samurott-Hisui, M|100\/100\n|move|p2a: Aggron|Rest|p2a: Aggron\n|-status|p2a: Aggron|slp|[from] move: Rest\n|-heal|p2a: Aggron|100\/100 slp|[silent]\n|\n|upkeep\n|turn|5\n|\n|t:|1700940803\n|move|p1a: Samurott|Flip Turn|p2a: Aggron\n|-damage|p2a: Aggron|95\/100 slp\n|\n|t:|1700940806\n|switch|p1a: Swellow|Swellow, F|100\/100|[from] Flip Turn\n|cant|p2a: Aggron|slp\n|move|p2a: Aggron|Sleep Talk|p2a: Aggron\n|move|p2a: Aggron|Rest||[from]move: Sleep Talk|[still]\n|-fail|p2a: Aggron\n|\n|upkeep\n|turn|6\n|\n|t:|1700940813\n|switch|p2a: Tyranitar|Tyranitar, F|100\/100\n|-weather|Sandstorm|[from] ability: Sand Stream|[of] p2a: Tyranitar\n|move|p1a: Swellow|Heat Wave|p2a: Tyranitar|[miss]\n|-miss|p1a: Swellow|p2a: Tyranitar\n|\n|-weather|Sandstorm|[upkeep]\n|-damage|p1a: Swellow|94\/100|[from] Sandstorm\n|upkeep\n|turn|7\n|\n|t:|1700940815\n|-activate|p1a: Swellow|move: Pursuit\n|move|p2a: Tyranitar|Pursuit|p1a: Swellow|[from]Pursuit\n|-crit|p1a: Swellow\n|-damage|p1a: Swellow|0 fnt\n|faint|p1a: Swellow\n|-hint|A Pokemon can't switch between when it runs out of HP and when it faints\n|\n|-weather|Sandstorm|[upkeep]\n|upkeep\n|\n|t:|1700940818\n|switch|p1a: Scizor|Scizor-Mega, M|100\/100\n|turn|8\n|\n|t:|1700940824\n|switch|p2a: Stakataka|Stakataka|100\/100\n|move|p1a: Scizor|U-turn|p2a: Stakataka\n|-resisted|p2a: Stakataka\n|-damage|p2a: Stakataka|89\/100\n|\n|t:|1700940828\n|switch|p1a: Great Tusk|Great Tusk|68\/100|[from] U-turn\n|\n|-weather|Sandstorm|[upkeep]\n|upkeep\n|turn|9\n|c| loch2009|ripp\n|c| Aesiro13|ooooofff\n|c| loch2009|rip\n|\n|t:|1700940833\n|-terastallize|p2a: Stakataka|Flying\n|move|p1a: Great Tusk|Headlong Rush|p2a: Stakataka\n|-immune|p2a: Stakataka\n|move|p2a: Stakataka|Trick Room|p2a: Stakataka\n|-fieldstart|move: Trick Room|[of] p2a: Stakataka\n|\n|-weather|Sandstorm|[upkeep]\n|-damage|p2a: Stakataka|83\/100|[from] Sandstorm\n|upkeep\n|turn|10\n|\n|t:|1700940837\n|-end|p1a: Great Tusk|Protosynthesis|[silent]\n|switch|p1a: Scizor|Scizor-Mega, M|100\/100\n|move|p2a: Stakataka|Gyro Ball|p1a: Scizor\n|-resisted|p1a: Scizor\n|-damage|p1a: Scizor|72\/100\n|\n|-weather|none\n|upkeep\n|turn|11\n|c| Aesiro13|crit pursuit\n|\n|t:|1700940842\n|switch|p1a: Samurott|Samurott-Hisui, M|100\/100\n|move|p2a: Stakataka|Heat Crash|p1a: Samurott\n|-resisted|p1a: Samurott\n|-damage|p1a: Samurott|71\/100\n|\n|upkeep\n|turn|12\n|\n|t:|1700940846\n|move|p2a: Stakataka|Gyro Ball|p1a: Samurott\n|-resisted|p1a: Samurott\n|-damage|p1a: Samurott|13\/100\n|move|p1a: Samurott|Ceaseless Edge|p2a: Stakataka\n|-damage|p2a: Stakataka|56\/100\n|-sidestart|p2: The power of ROCK|Spikes\n|\n|upkeep\n|turn|13\n|\n|t:|1700940857\n|switch|p1a: Ogerpon|Ogerpon-Cornerstone, F|100\/100\n|move|p2a: Stakataka|Heat Crash|p1a: Ogerpon\n|-damage|p1a: Ogerpon|40\/100\n|\n|-fieldend|move: Trick Room\n|upkeep\n|turn|14\n|c| Aesiro13|no body press?\n|\n|t:|1700940867\n|switch|p2a: Glimmora|Glimmora, F|100\/100\n|-damage|p2a: Glimmora|88\/100|[from] Spikes\n|move|p1a: Ogerpon|Ivy Cudgel|p2a: Glimmora|[anim] Ivy Cudgel Rock\n|-damage|p2a: Glimmora|21\/100\n|-activate|p2a: Glimmora|ability: Toxic Debris\n|-sidestart|p1: Luna's Bann3d Now|move: Toxic Spikes\n|\n|upkeep\n|turn|15\n|\n|t:|1700940876\n|move|p2a: Glimmora|Spikes|p1a: Ogerpon\n|-sidestart|p1: Luna's Bann3d Now|Spikes\n|move|p1a: Ogerpon|Horn Leech|p2a: Glimmora\n|-damage|p2a: Glimmora|0 fnt\n|-heal|p1a: Ogerpon|50\/100|[from] drain|[of] p2a: Glimmora\n|-activate|p2a: Glimmora|ability: Toxic Debris\n|-sidestart|p1: Luna's Bann3d Now|move: Toxic Spikes\n|faint|p2a: Glimmora\n|\n|upkeep\n|\n|t:|1700940878\n|switch|p2a: Aggron|Aggron-Mega, F|95\/100 slp\n|-damage|p2a: Aggron|83\/100 slp|[from] Spikes\n|turn|16\n|\n|t:|1700940883\n|switch|p1a: Great Tusk|Great Tusk|68\/100\n|-status|p1a: Great Tusk|tox\n|-damage|p1a: Great Tusk|55\/100 tox|[from] Spikes\n|cant|p2a: Aggron|slp\n|move|p2a: Aggron|Sleep Talk|p2a: Aggron\n|move|p2a: Aggron|Body Press|p1a: Great Tusk|[from]move: Sleep Talk\n|-damage|p1a: Great Tusk|20\/100 tox\n|\n|-damage|p1a: Great Tusk|14\/100 tox|[from] psn\n|upkeep\n|turn|17\n|\n|t:|1700940887\n|move|p1a: Great Tusk|Rapid Spin|p2a: Aggron\n|-resisted|p2a: Aggron\n|-damage|p2a: Aggron|79\/100 slp\n|-boost|p1a: Great Tusk|spe|1\n|-sideend|p1: Luna's Bann3d Now|Spikes|[from] move: Rapid Spin|[of] p1a: Great Tusk\n|-sideend|p1: Luna's Bann3d Now|Toxic Spikes|[from] move: Rapid Spin|[of] p1a: Great Tusk\n|-curestatus|p2a: Aggron|slp|[msg]\n|move|p2a: Aggron|Iron Defense|p2a: Aggron\n|-boost|p2a: Aggron|def|2\n|\n|-damage|p1a: Great Tusk|2\/100 tox|[from] psn\n|upkeep\n|turn|18\n|\n|t:|1700940891\n|move|p1a: Great Tusk|Headlong Rush|p2a: Aggron\n|-supereffective|p2a: Aggron\n|-damage|p2a: Aggron|61\/100\n|-unboost|p1a: Great Tusk|def|1\n|-unboost|p1a: Great Tusk|spd|1\n|move|p2a: Aggron|Iron Defense|p2a: Aggron\n|-boost|p2a: Aggron|def|2\n|\n|-damage|p1a: Great Tusk|0 fnt|[from] psn\n|faint|p1a: Great Tusk\n|-end|p1a: Great Tusk|Protosynthesis|[silent]\n|upkeep\n|\n|t:|1700940894\n|switch|p1a: Clefable|Clefable, F|61\/100\n|turn|19\n|\n|t:|1700940897\n|move|p1a: Clefable|Stealth Rock|p2a: Aggron\n|-sidestart|p2: The power of ROCK|move: Stealth Rock\n|move|p2a: Aggron|Body Press|p1a: Clefable\n|-resisted|p1a: Clefable\n|-damage|p1a: Clefable|7\/100\n|-damage|p2a: Aggron|44\/100|[from] item: Rocky Helmet|[of] p1a: Clefable\n|\n|upkeep\n|turn|20\n|\n|t:|1700940899\n|move|p1a: Clefable|Moonlight|p1a: Clefable\n|-heal|p1a: Clefable|57\/100\n|move|p2a: Aggron|Rest|p2a: Aggron\n|-status|p2a: Aggron|slp|[from] move: Rest\n|-heal|p2a: Aggron|100\/100 slp|[silent]\n|\n|upkeep\n|turn|21\n|\n|t:|1700940902\n|move|p1a: Clefable|Moonblast|p2a: Aggron\n|-resisted|p2a: Aggron\n|-damage|p2a: Aggron|83\/100 slp\n|-unboost|p2a: Aggron|spa|1\n|cant|p2a: Aggron|slp\n|move|p2a: Aggron|Sleep Talk|p2a: Aggron\n|move|p2a: Aggron|Iron Defense|p2a: Aggron|[from]move: Sleep Talk\n|-boost|p2a: Aggron|def|2\n|\n|upkeep\n|turn|22\n|\n|t:|1700940905\n|move|p1a: Clefable|Moonlight|p1a: Clefable\n|-heal|p1a: Clefable|100\/100\n|cant|p2a: Aggron|slp\n|move|p2a: Aggron|Sleep Talk|p2a: Aggron\n|move|p2a: Aggron|Rest||[from]move: Sleep Talk|[still]\n|-fail|p2a: Aggron\n|\n|upkeep\n|turn|23\n|\n|t:|1700940908\n|move|p1a: Clefable|Moonblast|p2a: Aggron\n|-resisted|p2a: Aggron\n|-damage|p2a: Aggron|65\/100 slp\n|-curestatus|p2a: Aggron|slp|[msg]\n|move|p2a: Aggron|Body Press|p1a: Clefable\n|-resisted|p1a: Clefable\n|-damage|p1a: Clefable|30\/100\n|-damage|p2a: Aggron|48\/100|[from] item: Rocky Helmet|[of] p1a: Clefable\n|\n|upkeep\n|turn|24\n|\n|t:|1700940915\n|move|p1a: Clefable|Moonlight|p1a: Clefable\n|-heal|p1a: Clefable|79\/100\n|move|p2a: Aggron|Rest|p2a: Aggron\n|-status|p2a: Aggron|slp|[from] move: Rest\n|-heal|p2a: Aggron|100\/100 slp|[silent]\n|\n|upkeep\n|turn|25\n|j| tntkaching\u2605\n|\n|t:|1700940921\n|move|p1a: Clefable|Moonblast|p2a: Aggron\n|-resisted|p2a: Aggron\n|-damage|p2a: Aggron|81\/100 slp\n|cant|p2a: Aggron|slp\n|move|p2a: Aggron|Sleep Talk|p2a: Aggron\n|move|p2a: Aggron|Body Press|p1a: Clefable|[from]move: Sleep Talk\n|-resisted|p1a: Clefable\n|-damage|p1a: Clefable|13\/100\n|-damage|p2a: Aggron|65\/100 slp|[from] item: Rocky Helmet|[of] p1a: Clefable\n|\n|upkeep\n|turn|26\n|\n|t:|1700940924\n|move|p1a: Clefable|Moonlight|p1a: Clefable\n|-heal|p1a: Clefable|63\/100\n|cant|p2a: Aggron|slp\n|move|p2a: Aggron|Sleep Talk|p2a: Aggron\n|move|p2a: Aggron|Iron Defense|p2a: Aggron|[from]move: Sleep Talk\n|-boost|p2a: Aggron|def|0\n|\n|upkeep\n|turn|27\n|\n|t:|1700940931\n|move|p1a: Clefable|Moonlight|p1a: Clefable\n|-heal|p1a: Clefable|100\/100\n|-curestatus|p2a: Aggron|slp|[msg]\n|move|p2a: Aggron|Body Press|p1a: Clefable\n|-resisted|p1a: Clefable\n|-damage|p1a: Clefable|34\/100\n|-damage|p2a: Aggron|48\/100|[from] item: Rocky Helmet|[of] p1a: Clefable\n|\n|upkeep\n|turn|28\n|\n|t:|1700940934\n|move|p1a: Clefable|Moonlight|p1a: Clefable\n|-heal|p1a: Clefable|84\/100\n|move|p2a: Aggron|Rest|p2a: Aggron\n|-status|p2a: Aggron|slp|[from] move: Rest\n|-heal|p2a: Aggron|100\/100 slp|[silent]\n|\n|upkeep\n|turn|29\n|\n|t:|1700940937\n|move|p1a: Clefable|Moonblast|p2a: Aggron\n|-resisted|p2a: Aggron\n|-damage|p2a: Aggron|83\/100 slp\n|cant|p2a: Aggron|slp\n|move|p2a: Aggron|Sleep Talk|p2a: Aggron\n|move|p2a: Aggron|Rest||[from]move: Sleep Talk|[still]\n|-fail|p2a: Aggron\n|\n|upkeep\n|turn|30\n|\n|t:|1700940940\n|move|p1a: Clefable|Moonblast|p2a: Aggron\n|-resisted|p2a: Aggron\n|-damage|p2a: Aggron|64\/100 slp\n|-unboost|p2a: Aggron|spa|1\n|cant|p2a: Aggron|slp\n|move|p2a: Aggron|Sleep Talk|p2a: Aggron\n|move|p2a: Aggron|Body Press|p1a: Clefable|[from]move: Sleep Talk\n|-resisted|p1a: Clefable\n|-damage|p1a: Clefable|10\/100\n|-damage|p2a: Aggron|48\/100 slp|[from] item: Rocky Helmet|[of] p1a: Clefable\n|\n|upkeep\n|turn|31\n|\n|t:|1700940943\n|move|p1a: Clefable|Moonlight|p1a: Clefable\n|-heal|p1a: Clefable|60\/100\n|-curestatus|p2a: Aggron|slp|[msg]\n|move|p2a: Aggron|Rest|p2a: Aggron\n|-status|p2a: Aggron|slp|[from] move: Rest\n|-heal|p2a: Aggron|100\/100 slp|[silent]\n|\n|upkeep\n|turn|32\n|\n|t:|1700940946\n|move|p1a: Clefable|Moonlight|p1a: Clefable\n|-heal|p1a: Clefable|100\/100\n|cant|p2a: Aggron|slp\n|move|p2a: Aggron|Sleep Talk|p2a: Aggron\n|move|p2a: Aggron|Body Press|p1a: Clefable|[from]move: Sleep Talk\n|-resisted|p1a: Clefable\n|-damage|p1a: Clefable|30\/100\n|-damage|p2a: Aggron|84\/100 slp|[from] item: Rocky Helmet|[of] p1a: Clefable\n|\n|upkeep\n|turn|33\n|\n|t:|1700940949\n|move|p1a: Clefable|Moonblast|p2a: Aggron\n|-resisted|p2a: Aggron\n|-damage|p2a: Aggron|66\/100 slp\n|cant|p2a: Aggron|slp\n|move|p2a: Aggron|Sleep Talk|p2a: Aggron\n|move|p2a: Aggron|Rest||[from]move: Sleep Talk|[still]\n|-fail|p2a: Aggron\n|\n|upkeep\n|turn|34\n|\n|t:|1700940954\n|move|p1a: Clefable|Moonblast|p2a: Aggron\n|-resisted|p2a: Aggron\n|-damage|p2a: Aggron|48\/100 slp\n|-curestatus|p2a: Aggron|slp|[msg]\n|move|p2a: Aggron|Rest|p2a: Aggron\n|-status|p2a: Aggron|slp|[from] move: Rest\n|-heal|p2a: Aggron|100\/100 slp|[silent]\n|\n|upkeep\n|turn|35\n|\n|t:|1700940957\n|move|p1a: Clefable|Moonblast|p2a: Aggron\n|-resisted|p2a: Aggron\n|-damage|p2a: Aggron|81\/100 slp\n|cant|p2a: Aggron|slp\n|move|p2a: Aggron|Sleep Talk|p2a: Aggron\n|move|p2a: Aggron|Body Press|p1a: Clefable|[from]move: Sleep Talk\n|-resisted|p1a: Clefable\n|-damage|p1a: Clefable|0 fnt\n|-damage|p2a: Aggron|64\/100 slp|[from] item: Rocky Helmet|[of] p1a: Clefable\n|faint|p1a: Clefable\n|\n|upkeep\n|\n|t:|1700940960\n|switch|p1a: Samurott|Samurott-Hisui, M|13\/100\n|turn|36\n|j| Istillliketemp\n|\n|t:|1700940963\n|move|p1a: Samurott|Aqua Cutter|p2a: Aggron\n|-damage|p2a: Aggron|59\/100 slp\n|cant|p2a: Aggron|slp\n|move|p2a: Aggron|Sleep Talk|p2a: Aggron\n|move|p2a: Aggron|Iron Defense|p2a: Aggron|[from]move: Sleep Talk\n|-boost|p2a: Aggron|def|0\n|\n|upkeep\n|turn|37\n|\n|t:|1700940966\n|move|p1a: Samurott|Aqua Cutter|p2a: Aggron\n|-damage|p2a: Aggron|54\/100 slp\n|-curestatus|p2a: Aggron|slp|[msg]\n|move|p2a: Aggron|Body Press|p1a: Samurott\n|-supereffective|p1a: Samurott\n|-damage|p1a: Samurott|0 fnt\n|faint|p1a: Samurott\n|\n|upkeep\n|-message|Luna's Bann3d Now forfeited.\n|\n|win|The power of ROCK\n|n|\u2606Luna's Bann3d Now|lunasbann3dnow\n|n|\u2606The power of ROCK|thepowerofrock\n|n| XXMurdrXX|xxmurdrxx\n|n| Aesiro13|aesiro13\n|n|+hidin|hidin\n|n| loch2009|loch2009\n|n| tntkaching\u2605|tntkaching\n|n| Istillliketemp|istillliketemp\n|l|\u2606Luna's Bann3d Now\n|c|\u2606The power of ROCK|gg : )\n|j| promasterXX\n|l| tntkaching\u2605\n|l|+hidin\n|c| Istillliketemp|Good job roarkk\n|c|\u2606The power of ROCK|thx xD\n|j|\u2606Luna's Bann3d Now\n|player|p1|Luna's Bann3d Now|#agplvivoryimpalers\n|l|\u2606Luna's Bann3d Now\n|player|p1|\n|n| Thepowerofteamskt|istillliketemp\n|n| Thepowerofteamsky|thepowerofteamskt\n|j| Spookycooke\n|l| loch2009\n|l| Aesiro13\n|l| promasterXX\n|l| Thepowerofteamsky\n|j| jkljlkh\n|j| Ineros\n|l| jkljlkh\n|l| Ineros\n|l| XXMurdrXX\n|j| ohboiArson\n|l| ohboiArson\n","uploadtime":1700940970,"views":31,"p1id":"lunasbann3dnow","p2id":"thepowerofrock","formatid":"gen9nationaldex","rating":0,"private":0,"password":""}