{"id":"gen9nationaldex-1990617314","p1":"Pawelko","p2":"LeocarioZ","format":"[Gen 9] National Dex","log":"|j|\u2606Pawelko\n|j|\u2606LeocarioZ\n|t:|1699986077\n|gametype|singles\n|player|p1|Pawelko|brawly|1069\n|player|p2|LeocarioZ|ash-sinnoh|1166\n|teamsize|p1|6\n|teamsize|p2|6\n|gen|9\n|tier|[Gen 9] National Dex\n|rated|\n|rule|HP Percentage Mod: HP is shown in percentages\n|rule|Endless Battle Clause: Forcing endless battles is banned\n|rule|OHKO Clause: OHKO moves are banned\n|rule|Evasion Clause: Evasion abilities, items, and moves are banned\n|rule|Evasion Abilities Clause: Evasion abilities are banned\n|rule|Evasion Items Clause: Evasion items are banned\n|rule|Evasion Moves Clause: Evasion moves are banned\n|rule|Species Clause: Limit one of each Pok\u00e9mon\n|rule|Sleep Clause Mod: Limit one foe put to sleep\n|clearpoke\n|poke|p1|Riolu, L70, F|\n|poke|p1|Glimmora, M|\n|poke|p1|Ferrothorn, F|\n|poke|p1|Dragonite, M|\n|poke|p1|Poliwrath, F|\n|poke|p1|Regidrago|\n|poke|p2|Torkoal, M|\n|poke|p2|Charizard, F|\n|poke|p2|Great Tusk|\n|poke|p2|Ceruledge, F|\n|poke|p2|Landorus-Therian, M|\n|poke|p2|Scream Tail|\n|teampreview\n|\n|t:|1699986083\n|start\n|switch|p1a: Regidrago|Regidrago|100\/100\n|switch|p2a: Landorus|Landorus-Therian, M|100\/100\n|-ability|p2a: Landorus|Intimidate|boost\n|-unboost|p1a: Regidrago|atk|1\n|turn|1\n|\n|t:|1699986089\n|switch|p1a: Riolu|Riolu, L70, F|100\/100\n|move|p2a: Landorus|Swords Dance|p2a: Landorus\n|-boost|p2a: Landorus|atk|2\n|\n|upkeep\n|turn|2\n|\n|t:|1699986097\n|move|p2a: Landorus|Earthquake|p1a: Riolu\n|-enditem|p1a: Riolu|Focus Sash\n|-damage|p1a: Riolu|1\/100\n|move|p1a: Riolu|Roar|p2a: Landorus\n|drag|p2a: Torkoal|Torkoal, M|100\/100\n|-weather|SunnyDay|[from] ability: Drought|[of] p2a: Torkoal\n|\n|-weather|SunnyDay|[upkeep]\n|upkeep\n|turn|3\n|\n|t:|1699986106\n|move|p1a: Riolu|Rest|p1a: Riolu\n|-status|p1a: Riolu|slp|[from] move: Rest\n|-heal|p1a: Riolu|100\/100 slp|[silent]\n|move|p2a: Torkoal|Lava Plume|p1a: Riolu\n|-damage|p1a: Riolu|1\/100 slp\n|\n|-weather|SunnyDay|[upkeep]\n|upkeep\n|turn|4\n|\n|t:|1699986115\n|cant|p1a: Riolu|slp\n|move|p1a: Riolu|Sleep Talk|p1a: Riolu\n|move|p1a: Riolu|Rest||[from]move: Sleep Talk|[still]\n|-fail|p1a: Riolu\n|move|p2a: Torkoal|Lava Plume|p1a: Riolu\n|-damage|p1a: Riolu|0 fnt\n|faint|p1a: Riolu\n|\n|-weather|SunnyDay|[upkeep]\n|upkeep\n|\n|t:|1699986125\n|switch|p1a: Regidrago|Regidrago|100\/100\n|turn|5\n|\n|t:|1699986133\n|switch|p2a: Scream Tail|Scream Tail|100\/100\n|-activate|p2a: Scream Tail|ability: Protosynthesis\n|-start|p2a: Scream Tail|protosynthesisdef\n|move|p1a: Regidrago|Dragon Dance|p1a: Regidrago\n|-boost|p1a: Regidrago|atk|1\n|-boost|p1a: Regidrago|spe|1\n|\n|-weather|SunnyDay|[upkeep]\n|upkeep\n|turn|6\n|\n|t:|1699986141\n|-terastallize|p1a: Regidrago|Steel\n|move|p1a: Regidrago|Dragon Dance|p1a: Regidrago\n|-boost|p1a: Regidrago|atk|1\n|-boost|p1a: Regidrago|spe|1\n|move|p2a: Scream Tail|Dazzling Gleam|p1a: Regidrago\n|-resisted|p1a: Regidrago\n|-damage|p1a: Regidrago|89\/100\n|\n|-weather|SunnyDay|[upkeep]\n|upkeep\n|turn|7\n|\n|t:|1699986152\n|-end|p2a: Scream Tail|Protosynthesis|[silent]\n|switch|p2a: Torkoal|Torkoal, M|100\/100\n|move|p1a: Regidrago|Tera Blast|p2a: Torkoal|[anim] Tera Blast Steel\n|-resisted|p2a: Torkoal\n|-damage|p2a: Torkoal|66\/100\n|-damage|p1a: Regidrago|79\/100|[from] item: Life Orb\n|\n|-weather|SunnyDay|[upkeep]\n|upkeep\n|turn|8\n|\n|t:|1699986159\n|move|p1a: Regidrago|Earthquake|p2a: Torkoal\n|-supereffective|p2a: Torkoal\n|-damage|p2a: Torkoal|0 fnt\n|faint|p2a: Torkoal\n|-damage|p1a: Regidrago|69\/100|[from] item: Life Orb\n|\n|-weather|SunnyDay|[upkeep]\n|upkeep\n|\n|t:|1699986166\n|switch|p2a: Charizard|Charizard, F|100\/100\n|turn|9\n|\n|t:|1699986170\n|detailschange|p2a: Charizard|Charizard-Mega-Y, F\n|-mega|p2a: Charizard|Charizard|Charizardite Y\n|move|p1a: Regidrago|Dragon Claw|p2a: Charizard\n|-damage|p2a: Charizard|0 fnt\n|faint|p2a: Charizard\n|-damage|p1a: Regidrago|59\/100|[from] item: Life Orb\n|\n|-weather|none\n|upkeep\n|\n|t:|1699986178\n|switch|p2a: Ceruledge|Ceruledge, F|100\/100\n|turn|10\n|\n|t:|1699986182\n|move|p1a: Regidrago|Dragon Claw|p2a: Ceruledge\n|-enditem|p2a: Ceruledge|Focus Sash\n|-damage|p2a: Ceruledge|1\/100\n|-ability|p2a: Ceruledge|Weak Armor|boost\n|-unboost|p2a: Ceruledge|def|1\n|-boost|p2a: Ceruledge|spe|2\n|-damage|p1a: Regidrago|49\/100|[from] item: Life Orb\n|move|p2a: Ceruledge|Swords Dance|p2a: Ceruledge\n|-boost|p2a: Ceruledge|atk|2\n|\n|upkeep\n|turn|11\n|\n|t:|1699986192\n|move|p1a: Regidrago|Earthquake|p2a: Ceruledge\n|-supereffective|p2a: Ceruledge\n|-damage|p2a: Ceruledge|0 fnt\n|faint|p2a: Ceruledge\n|-damage|p1a: Regidrago|39\/100|[from] item: Life Orb\n|\n|upkeep\n|\n|t:|1699986203\n|switch|p2a: Landorus|Landorus-Therian, M|100\/100\n|-ability|p2a: Landorus|Intimidate|boost\n|-unboost|p1a: Regidrago|atk|1\n|turn|12\n|\n|t:|1699986207\n|move|p1a: Regidrago|Dragon Claw|p2a: Landorus\n|-damage|p2a: Landorus|0 fnt\n|faint|p2a: Landorus\n|-damage|p1a: Regidrago|29\/100|[from] item: Life Orb\n|\n|upkeep\n|-message|LeocarioZ forfeited.\n|\n|win|Pawelko\n|raw|Pawelko's rating: 1069 &rarr; <strong>1107<\/strong><br \/>(+38 for winning)\n|raw|LeocarioZ's rating: 1166 &rarr; <strong>1134<\/strong><br \/>(-32 for losing)\n|l|\u2606LeocarioZ\n","uploadtime":1699986215,"views":4,"p1id":"pawelko","p2id":"leocarioz","formatid":"gen9nationaldex","rating":1107,"private":0,"password":""}