{"id":"gen9nationaldex-1987945415","p1":"imbleed","p2":"Toxic Ariados","format":"[Gen 9] National Dex","log":"|j|\u2606imbleed\n|j|\u2606Toxic Ariados\n|t:|1699651809\n|gametype|singles\n|player|p1|imbleed|poppy|1551\n|player|p2|Toxic Ariados|lucas|1591\n|teamsize|p1|6\n|teamsize|p2|6\n|gen|9\n|tier|[Gen 9] National Dex\n|rated|\n|rule|HP Percentage Mod: HP is shown in percentages\n|rule|Endless Battle Clause: Forcing endless battles is banned\n|rule|OHKO Clause: OHKO moves are banned\n|rule|Evasion Clause: Evasion abilities, items, and moves are banned\n|rule|Evasion Abilities Clause: Evasion abilities are banned\n|rule|Evasion Items Clause: Evasion items are banned\n|rule|Evasion Moves Clause: Evasion moves are banned\n|rule|Species Clause: Limit one of each Pok\u00e9mon\n|rule|Sleep Clause Mod: Limit one foe put to sleep\n|clearpoke\n|poke|p1|Necrozma|\n|poke|p1|Gyarados, F|\n|poke|p1|Starmie|\n|poke|p1|Scizor, M|\n|poke|p1|Great Tusk|\n|poke|p1|Entei|\n|poke|p2|Grimmsnarl, M|\n|poke|p2|Okidogi, M|\n|poke|p2|Volcarona, F|\n|poke|p2|Great Tusk|\n|poke|p2|Ogerpon-Cornerstone, F|\n|poke|p2|Jirachi|\n|teampreview\n|j| less might be more\n|j| kung fu pokechu\n|l| less might be more\n|j| bigglygrande\n|j| less might be more\n|inactive|Battle timer is ON: inactive players will automatically lose when time's up. (requested by Toxic Ariados)\n|j| Lonsol\n|inactive|imbleed has 120 seconds left.\n|\n|t:|1699651875\n|start\n|switch|p1a: member|Gyarados, F|100\/100\n|switch|p2a: Solstice|Volcarona, F|100\/100\n|-ability|p1a: member|Intimidate|boost\n|-unboost|p2a: Solstice|atk|1\n|turn|1\n|\n|t:|1699651898\n|switch|p2a: Diablo|Grimmsnarl, M|100\/100\n|move|p1a: member|Dragon Dance|p1a: member\n|-boost|p1a: member|atk|1\n|-boost|p1a: member|spe|1\n|\n|upkeep\n|turn|2\n|j| Gaza Stripper\n|\n|t:|1699651908\n|detailschange|p1a: member|Gyarados-Mega, F\n|-mega|p1a: member|Gyarados|Gyaradosite\n|-ability|p1a: member|Mold Breaker\n|move|p2a: Diablo|Reflect|p2a: Diablo\n|-sidestart|p2: Toxic Ariados|Reflect\n|move|p1a: member|Substitute|p1a: member\n|-start|p1a: member|Substitute\n|-damage|p1a: member|76\/100\n|\n|upkeep\n|turn|3\n|inactive|Toxic Ariados has 120 seconds left.\n|\n|t:|1699651940\n|move|p1a: member|Dragon Dance|p1a: member\n|-boost|p1a: member|atk|1\n|-boost|p1a: member|spe|1\n|move|p2a: Diablo|Spirit Break|p1a: member\n|-supereffective|p1a: member\n|-end|p1a: member|Substitute\n|\n|upkeep\n|turn|4\n|\n|t:|1699651949\n|move|p1a: member|Waterfall|p2a: Diablo\n|-damage|p2a: Diablo|53\/100\n|move|p2a: Diablo|Spirit Break|p1a: member\n|-supereffective|p1a: member\n|-damage|p1a: member|15\/100\n|-unboost|p1a: member|spa|1\n|\n|upkeep\n|turn|5\n|\n|t:|1699651961\n|move|p1a: member|Waterfall|p2a: Diablo\n|-damage|p2a: Diablo|1\/100\n|move|p2a: Diablo|Spirit Break|p1a: member\n|-supereffective|p1a: member\n|-damage|p1a: member|0 fnt\n|faint|p1a: member\n|\n|upkeep\n|j| mistahmerrikuu\n|\n|t:|1699651973\n|switch|p1a: yes i am a cat|Entei|100\/100\n|turn|6\n|inactive|Toxic Ariados has 120 seconds left.\n|\n|t:|1699652002\n|switch|p2a: Ogerpon|Ogerpon-Cornerstone, F|100\/100\n|move|p1a: yes i am a cat|Extreme Speed|p2a: Ogerpon\n|-resisted|p2a: Ogerpon\n|-damage|p2a: Ogerpon|89\/100\n|\n|upkeep\n|turn|7\n|\n|t:|1699652009\n|switch|p1a: red chud|Scizor, M|100\/100\n|move|p2a: Ogerpon|Swords Dance|p2a: Ogerpon\n|-boost|p2a: Ogerpon|atk|2\n|\n|upkeep\n|turn|8\n|\n|t:|1699652021\n|move|p1a: red chud|Bullet Punch|p2a: Ogerpon\n|-supereffective|p2a: Ogerpon\n|-damage|p2a: Ogerpon|34\/100\n|-damage|p1a: red chud|91\/100|[from] item: Life Orb\n|move|p2a: Ogerpon|Ivy Cudgel|p1a: red chud\n|-damage|p1a: red chud|0 fnt\n|faint|p1a: red chud\n|\n|upkeep\n|\n|t:|1699652035\n|switch|p1a: PRISMED|Necrozma|100\/100\n|turn|9\n|\n|t:|1699652039\n|move|p2a: Ogerpon|Horn Leech|p1a: PRISMED\n|-damage|p1a: PRISMED|46\/100\n|-heal|p2a: Ogerpon|71\/100|[from] drain|[of] p1a: PRISMED\n|move|p1a: PRISMED|Signal Beam|p2a: Ogerpon\n|-supereffective|p2a: Ogerpon\n|-damage|p2a: Ogerpon|19\/100\n|\n|-sideend|p2: Toxic Ariados|Reflect\n|upkeep\n|turn|10\n|\n|t:|1699652052\n|switch|p1a: yes i am a cat|Entei|100\/100\n|move|p2a: Ogerpon|Horn Leech|p1a: yes i am a cat\n|-resisted|p1a: yes i am a cat\n|-damage|p1a: yes i am a cat|50\/100\n|-heal|p2a: Ogerpon|51\/100|[from] drain|[of] p1a: yes i am a cat\n|\n|upkeep\n|turn|11\n|\n|t:|1699652069\n|move|p2a: Ogerpon|Ivy Cudgel|p1a: yes i am a cat\n|-supereffective|p1a: yes i am a cat\n|-damage|p1a: yes i am a cat|0 fnt\n|faint|p1a: yes i am a cat\n|\n|upkeep\n|\n|t:|1699652075\n|switch|p1a: gonna hit|Starmie|100\/100\n|turn|12\n|\n|t:|1699652081\n|move|p1a: gonna hit|Hydro Pump|p2a: Ogerpon\n|-crit|p2a: Ogerpon\n|-damage|p2a: Ogerpon|0 fnt\n|faint|p2a: Ogerpon\n|\n|upkeep\n|\n|t:|1699652086\n|switch|p2a: Diablo|Grimmsnarl, M|1\/100\n|turn|13\n|\n|t:|1699652095\n|switch|p1a: wowie zowie|Great Tusk|100\/100\n|move|p2a: Diablo|Light Screen|p2a: Diablo\n|-sidestart|p2: Toxic Ariados|move: Light Screen\n|\n|upkeep\n|turn|14\n|\n|t:|1699652111\n|move|p2a: Diablo|Reflect|p2a: Diablo\n|-sidestart|p2: Toxic Ariados|Reflect\n|move|p1a: wowie zowie|Rapid Spin|p2a: Diablo\n|-damage|p2a: Diablo|0 fnt\n|-boost|p1a: wowie zowie|spe|1\n|faint|p2a: Diablo\n|\n|upkeep\n|\n|t:|1699652117\n|switch|p2a: Stardust|Jirachi, shiny|100\/100\n|turn|15\n|\n|t:|1699652120\n|move|p1a: wowie zowie|Headlong Rush|p2a: Stardust\n|-supereffective|p2a: Stardust\n|-damage|p2a: Stardust|38\/100\n|-unboost|p1a: wowie zowie|def|1\n|-unboost|p1a: wowie zowie|spd|1\n|-zpower|p2a: Stardust\n|move|p2a: Stardust|Z-Happy Hour|p2a: Stardust|[anim]Happy Hour\n|-boost|p2a: Stardust|atk|1|[zeffect]\n|-boost|p2a: Stardust|def|1|[zeffect]\n|-boost|p2a: Stardust|spa|1|[zeffect]\n|-boost|p2a: Stardust|spd|1|[zeffect]\n|-boost|p2a: Stardust|spe|1|[zeffect]\n|\n|upkeep\n|turn|16\n|\n|t:|1699652144\n|move|p2a: Stardust|Stored Power|p1a: wowie zowie\n|-supereffective|p1a: wowie zowie\n|-damage|p1a: wowie zowie|0 fnt\n|faint|p1a: wowie zowie\n|-end|p1a: wowie zowie|Protosynthesis|[silent]\n|\n|upkeep\n|\n|t:|1699652147\n|switch|p1a: gonna hit|Starmie|100\/100\n|turn|17\n|\n|t:|1699652152\n|move|p2a: Stardust|Calm Mind|p2a: Stardust\n|-boost|p2a: Stardust|spa|1\n|-boost|p2a: Stardust|spd|1\n|move|p1a: gonna hit|Hydro Pump|p2a: Stardust\n|-damage|p2a: Stardust|20\/100\n|\n|upkeep\n|turn|18\n|\n|t:|1699652162\n|move|p2a: Stardust|Iron Head|p1a: gonna hit\n|-resisted|p1a: gonna hit\n|-damage|p1a: gonna hit|72\/100\n|cant|p1a: gonna hit|flinch\n|\n|upkeep\n|turn|19\n|\n|t:|1699652165\n|move|p2a: Stardust|Stored Power|p1a: gonna hit\n|-resisted|p1a: gonna hit\n|-damage|p1a: gonna hit|0 fnt\n|faint|p1a: gonna hit\n|\n|upkeep\n|\n|t:|1699652168\n|switch|p1a: PRISMED|Necrozma|46\/100\n|turn|20\n|\n|t:|1699652170\n|move|p2a: Stardust|Stored Power|p1a: PRISMED\n|-resisted|p1a: PRISMED\n|-damage|p1a: PRISMED|0 fnt\n|faint|p1a: PRISMED\n|\n|win|Toxic Ariados\n|raw|imbleed's rating: 1551 &rarr; <strong>1533<\/strong><br \/>(-18 for losing)\n|raw|Toxic Ariados's rating: 1591 &rarr; <strong>1609<\/strong><br \/>(+18 for winning)\n|c|\u2606Toxic Ariados|gg\n|l|\u2606Toxic Ariados\n|j| XXMurdrXX\n","uploadtime":1699652179,"views":5,"p1id":"imbleed","p2id":"toxicariados","formatid":"gen9nationaldex","rating":1533,"private":0,"password":""}