{"id":"gen9nationaldex-1991112516","p1":"CapnTophat","p2":"zgynumber","format":"[Gen 9] National Dex","log":"|j|\u2606CapnTophat\n|j|\u2606zgynumber\n|t:|1700044833\n|gametype|singles\n|player|p1|CapnTophat|wallace|1598\n|player|p2|zgynumber|101|1599\n|teamsize|p1|6\n|teamsize|p2|6\n|gen|9\n|tier|[Gen 9] National Dex\n|rated|\n|rule|HP Percentage Mod: HP is shown in percentages\n|rule|Endless Battle Clause: Forcing endless battles is banned\n|rule|OHKO Clause: OHKO moves are banned\n|rule|Evasion Clause: Evasion abilities, items, and moves are banned\n|rule|Evasion Abilities Clause: Evasion abilities are banned\n|rule|Evasion Items Clause: Evasion items are banned\n|rule|Evasion Moves Clause: Evasion moves are banned\n|rule|Species Clause: Limit one of each Pok\u00e9mon\n|rule|Sleep Clause Mod: Limit one foe put to sleep\n|clearpoke\n|poke|p1|Heracross, M|\n|poke|p1|Sneasler, M|\n|poke|p1|Rillaboom, F|\n|poke|p1|Heatran, M|\n|poke|p1|Alomomola, F|\n|poke|p1|Gliscor, F|\n|poke|p2|Golisopod, F|\n|poke|p2|Hoopa-Unbound|\n|poke|p2|Zapdos|\n|poke|p2|Landorus-Therian, M|\n|poke|p2|Heatran, M|\n|poke|p2|Scizor, M|\n|teampreview\n|inactive|Battle timer is ON: inactive players will automatically lose when time's up. (requested by CapnTophat)\n|\n|t:|1700044842\n|start\n|switch|p1a: Heracross|Heracross, M|100\/100\n|switch|p2a: Zapdos|Zapdos|100\/100\n|turn|1\n|\n|t:|1700044855\n|switch|p1a: Heatran|Heatran, M|100\/100\n|switch|p2a: Landorus|Landorus-Therian, M, shiny|100\/100\n|-ability|p2a: Landorus|Intimidate|boost\n|-unboost|p1a: Heatran|atk|1\n|\n|upkeep\n|turn|2\n|\n|t:|1700044862\n|switch|p1a: Gliscor|Gliscor, F|100\/100\n|move|p2a: Landorus|Earthquake|p1a: Gliscor\n|-immune|p1a: Gliscor\n|\n|-status|p1a: Gliscor|tox|[from] item: Toxic Orb\n|upkeep\n|turn|3\n|\n|t:|1700044875\n|move|p1a: Gliscor|Toxic|p2a: Landorus\n|-status|p2a: Landorus|tox\n|move|p2a: Landorus|Smack Down|p1a: Gliscor\n|-damage|p1a: Gliscor|89\/100 tox\n|-start|p1a: Gliscor|Smack Down\n|\n|-heal|p1a: Gliscor|100\/100 tox|[from] ability: Poison Heal\n|-damage|p2a: Landorus|94\/100 tox|[from] psn\n|upkeep\n|turn|4\n|\n|t:|1700044887\n|switch|p1a: Rillaboom|Rillaboom, F|100\/100\n|-fieldstart|move: Grassy Terrain|[from] ability: Grassy Surge|[of] p1a: Rillaboom\n|move|p2a: Landorus|Earthquake|p1a: Rillaboom\n|-resisted|p1a: Rillaboom\n|-damage|p1a: Rillaboom|85\/100\n|\n|-heal|p1a: Rillaboom|91\/100|[from] Grassy Terrain\n|-damage|p2a: Landorus|82\/100 tox|[from] psn\n|upkeep\n|turn|5\n|\n|t:|1700044898\n|switch|p2a: Zapdos|Zapdos|100\/100\n|move|p1a: Rillaboom|U-turn|p2a: Zapdos\n|-resisted|p2a: Zapdos\n|-damage|p2a: Zapdos|87\/100\n|-status|p1a: Rillaboom|par|[from] ability: Static|[of] p2a: Zapdos\n|\n|t:|1700044902\n|switch|p1a: Heatran|Heatran, M|100\/100|[from] U-turn\n|\n|upkeep\n|turn|6\n|\n|t:|1700044908\n|move|p2a: Zapdos|Volt Switch|p1a: Heatran\n|-damage|p1a: Heatran|82\/100\n|\n|t:|1700044913\n|switch|p2a: Heatran|Heatran, M|100\/100|[from] Volt Switch\n|move|p1a: Heatran|Stealth Rock|p2a: Heatran\n|-sidestart|p2: zgynumber|move: Stealth Rock\n|\n|-heal|p1a: Heatran|88\/100|[from] Grassy Terrain\n|-heal|p1a: Heatran|94\/100|[from] item: Leftovers\n|upkeep\n|turn|7\n|\n|t:|1700044921\n|move|p1a: Heatran|Earth Power|p2a: Heatran\n|-supereffective|p2a: Heatran\n|-crit|p2a: Heatran\n|-damage|p2a: Heatran|12\/100\n|-unboost|p2a: Heatran|spd|1\n|move|p2a: Heatran|Stealth Rock|p1a: Heatran\n|-sidestart|p1: CapnTophat|move: Stealth Rock\n|\n|-heal|p1a: Heatran|99\/100|[from] Grassy Terrain\n|-heal|p1a: Heatran|100\/100|[from] item: Leftovers\n|-heal|p2a: Heatran|18\/100|[from] Grassy Terrain\n|-heal|p2a: Heatran|25\/100|[from] item: Leftovers\n|upkeep\n|turn|8\n|\n|t:|1700044936\n|move|p1a: Heatran|Earth Power|p2a: Heatran\n|-supereffective|p2a: Heatran\n|-damage|p2a: Heatran|0 fnt\n|faint|p2a: Heatran\n|\n|-fieldend|move: Grassy Terrain\n|upkeep\n|\n|t:|1700044945\n|switch|p2a: Landorus|Landorus-Therian, M, shiny|82\/100 tox\n|-damage|p2a: Landorus|70\/100 tox|[from] Stealth Rock\n|-ability|p2a: Landorus|Intimidate|boost\n|-unboost|p1a: Heatran|atk|1\n|turn|9\n|\n|t:|1700044951\n|switch|p1a: Gliscor|Gliscor, F|100\/100 tox\n|-damage|p1a: Gliscor|88\/100 tox|[from] Stealth Rock\n|move|p2a: Landorus|U-turn|p1a: Gliscor\n|-resisted|p1a: Gliscor\n|-damage|p1a: Gliscor|81\/100 tox\n|\n|t:|1700044967\n|switch|p2a: Golisopod|Golisopod, F, shiny|100\/100|[from] U-turn\n|\n|-heal|p1a: Gliscor|93\/100 tox|[from] ability: Poison Heal\n|upkeep\n|turn|10\n|\n|t:|1700044976\n|switch|p1a: Alomomola|Alomomola, F|100\/100\n|-damage|p1a: Alomomola|88\/100|[from] Stealth Rock\n|switch|p2a: Hoopa|Hoopa-Unbound|100\/100\n|-damage|p2a: Hoopa|88\/100|[from] Stealth Rock\n|\n|upkeep\n|turn|11\n|\n|t:|1700044984\n|-terastallize|p2a: Hoopa|Dark\n|move|p1a: Alomomola|Protect|p1a: Alomomola\n|-singleturn|p1a: Alomomola|Protect\n|move|p2a: Hoopa|Hyperspace Fury|p1a: Alomomola\n|-activate|p1a: Alomomola|move: Hyperspace Fury|[broken]\n|-damage|p1a: Alomomola|11\/100\n|-unboost|p2a: Hoopa|def|1\n|-enditem|p1a: Alomomola|Red Card|[of] p2a: Hoopa\n|drag|p2a: Zapdos|Zapdos|87\/100\n|\n|upkeep\n|turn|12\n|\n|t:|1700044995\n|switch|p1a: Rillaboom|Rillaboom, F|91\/100 par\n|-damage|p1a: Rillaboom|79\/100 par|[from] Stealth Rock\n|-fieldstart|move: Grassy Terrain|[from] ability: Grassy Surge|[of] p1a: Rillaboom\n|move|p2a: Zapdos|Volt Switch|p1a: Rillaboom\n|-resisted|p1a: Rillaboom\n|-damage|p1a: Rillaboom|60\/100 par\n|\n|t:|1700045004\n|switch|p2a: Scizor|Scizor, M|100\/100|[from] Volt Switch\n|-damage|p2a: Scizor|88\/100|[from] Stealth Rock\n|\n|-heal|p2a: Scizor|94\/100|[from] Grassy Terrain\n|-heal|p1a: Rillaboom|66\/100 par|[from] Grassy Terrain\n|upkeep\n|turn|13\n|\n|t:|1700045012\n|detailschange|p2a: Scizor|Scizor-Mega, M\n|-mega|p2a: Scizor|Scizor|Scizorite\n|move|p2a: Scizor|U-turn|p1a: Rillaboom\n|-supereffective|p1a: Rillaboom\n|-damage|p1a: Rillaboom|0 fnt\n|faint|p1a: Rillaboom\n|\n|t:|1700045031\n|switch|p2a: Zapdos|Zapdos|87\/100|[from] U-turn\n|\n|upkeep\n|\n|t:|1700045042\n|switch|p1a: Sneasler|Sneasler, M|100\/100\n|-damage|p1a: Sneasler|94\/100|[from] Stealth Rock\n|-enditem|p1a: Sneasler|Grassy Seed\n|-boost|p1a: Sneasler|def|1|[from] item: Grassy Seed\n|turn|14\n|\n|t:|1700045050\n|-terastallize|p1a: Sneasler|Flying\n|move|p1a: Sneasler|Swords Dance|p1a: Sneasler\n|-boost|p1a: Sneasler|atk|2\n|move|p2a: Zapdos|Volt Switch|p1a: Sneasler\n|-supereffective|p1a: Sneasler\n|-damage|p1a: Sneasler|18\/100\n|\n|t:|1700045058\n|switch|p2a: Scizor|Scizor-Mega, M|94\/100|[from] Volt Switch\n|-damage|p2a: Scizor|82\/100|[from] Stealth Rock\n|\n|-heal|p2a: Scizor|88\/100|[from] Grassy Terrain\n|upkeep\n|turn|15\n|\n|t:|1700045065\n|move|p2a: Scizor|Bullet Punch|p1a: Sneasler\n|-damage|p1a: Sneasler|0 fnt\n|faint|p1a: Sneasler\n|\n|-heal|p2a: Scizor|94\/100|[from] Grassy Terrain\n|upkeep\n|\n|t:|1700045068\n|switch|p1a: Heracross|Heracross, M|100\/100\n|-damage|p1a: Heracross|88\/100|[from] Stealth Rock\n|turn|16\n|\n|t:|1700045078\n|detailschange|p1a: Heracross|Heracross-Mega, M\n|-mega|p1a: Heracross|Heracross|Heracronite\n|move|p2a: Scizor|Bullet Punch|p1a: Heracross\n|-damage|p1a: Heracross|54\/100\n|move|p1a: Heracross|Swords Dance|p1a: Heracross\n|-boost|p1a: Heracross|atk|2\n|\n|-heal|p1a: Heracross|60\/100|[from] Grassy Terrain\n|-heal|p2a: Scizor|100\/100|[from] Grassy Terrain\n|-fieldend|move: Grassy Terrain\n|upkeep\n|turn|17\n|j| EpicGamer069420\n|\n|t:|1700045088\n|move|p2a: Scizor|Bullet Punch|p1a: Heracross\n|-damage|p1a: Heracross|23\/100\n|move|p1a: Heracross|Close Combat|p2a: Scizor\n|-damage|p2a: Scizor|0 fnt\n|-unboost|p1a: Heracross|def|1\n|-unboost|p1a: Heracross|spd|1\n|faint|p2a: Scizor\n|\n|upkeep\n|\n|t:|1700045099\n|switch|p2a: Golisopod|Golisopod, F, shiny|100\/100\n|turn|18\n|\n|t:|1700045111\n|switch|p1a: Alomomola|Alomomola, F|44\/100\n|-damage|p1a: Alomomola|32\/100|[from] Stealth Rock\n|move|p2a: Golisopod|Aqua Jet|p1a: Alomomola\n|-resisted|p1a: Alomomola\n|-damage|p1a: Alomomola|25\/100\n|\n|upkeep\n|turn|19\n|\n|t:|1700045119\n|move|p1a: Alomomola|Wish|p1a: Alomomola\n|move|p2a: Golisopod|Liquidation|p1a: Alomomola\n|-resisted|p1a: Alomomola\n|-damage|p1a: Alomomola|12\/100\n|-unboost|p1a: Alomomola|def|1\n|\n|upkeep\n|turn|20\n|\n|t:|1700045147\n|switch|p2a: Hoopa|Hoopa-Unbound, tera:Dark|88\/100\n|-damage|p2a: Hoopa|76\/100|[from] Stealth Rock\n|move|p1a: Alomomola|Flip Turn|p2a: Hoopa\n|-damage|p2a: Hoopa|47\/100\n|\n|t:|1700045150\n|switch|p1a: Heracross|Heracross-Mega, M|23\/100|[from] Flip Turn\n|-damage|p1a: Heracross|11\/100|[from] Stealth Rock\n|\n|-heal|p1a: Heracross|99\/100|[from] move: Wish|[wisher] Alomomola\n|upkeep\n|turn|21\n|\n|t:|1700045168\n|move|p1a: Heracross|Rock Blast|p2a: Hoopa\n|-damage|p2a: Hoopa|27\/100\n|-damage|p2a: Hoopa|8\/100\n|-damage|p2a: Hoopa|0 fnt\n|faint|p2a: Hoopa\n|-hitcount|p2: Hoopa|3\n|\n|upkeep\n|\n|t:|1700045175\n|switch|p2a: Landorus|Landorus-Therian, M, shiny|70\/100 tox\n|-damage|p2a: Landorus|58\/100 tox|[from] Stealth Rock\n|-ability|p2a: Landorus|Intimidate|boost\n|-unboost|p1a: Heracross|atk|1\n|turn|22\n|\n|t:|1700045192\n|switch|p1a: Gliscor|Gliscor, F|93\/100 tox\n|-damage|p1a: Gliscor|81\/100 tox|[from] Stealth Rock\n|move|p2a: Landorus|Earthquake|p1a: Gliscor\n|-immune|p1a: Gliscor\n|\n|-heal|p1a: Gliscor|93\/100 tox|[from] ability: Poison Heal\n|-damage|p2a: Landorus|52\/100 tox|[from] psn\n|upkeep\n|turn|23\n|\n|t:|1700045202\n|move|p1a: Gliscor|Defog|p2a: Landorus\n|-unboost|p2a: Landorus|evasion|1\n|-sideend|p2: zgynumber|Stealth Rock|[from] move: Defog|[of] p1a: Gliscor\n|-sideend|p1: CapnTophat|Stealth Rock|[from] move: Defog|[of] p1a: Gliscor\n|move|p2a: Landorus|U-turn|p1a: Gliscor\n|-resisted|p1a: Gliscor\n|-damage|p1a: Gliscor|85\/100 tox\n|\n|t:|1700045209\n|switch|p2a: Zapdos|Zapdos|87\/100|[from] U-turn\n|\n|-heal|p1a: Gliscor|97\/100 tox|[from] ability: Poison Heal\n|upkeep\n|turn|24\n|\n|t:|1700045214\n|move|p2a: Zapdos|Hidden Power|p1a: Gliscor\n|-supereffective|p1a: Gliscor\n|-damage|p1a: Gliscor|12\/100 tox\n|move|p1a: Gliscor|Toxic|p2a: Zapdos\n|-status|p2a: Zapdos|tox\n|\n|-damage|p2a: Zapdos|81\/100 tox|[from] psn\n|-heal|p1a: Gliscor|24\/100 tox|[from] ability: Poison Heal\n|upkeep\n|turn|25\n|\n|t:|1700045224\n|switch|p1a: Heatran|Heatran, M|100\/100\n|move|p2a: Zapdos|Volt Switch|p1a: Heatran\n|-damage|p1a: Heatran|81\/100\n|\n|t:|1700045229\n|switch|p2a: Golisopod|Golisopod, F, shiny|100\/100|[from] Volt Switch\n|\n|-heal|p1a: Heatran|87\/100|[from] item: Leftovers\n|upkeep\n|turn|26\n|\n|t:|1700045235\n|switch|p1a: Alomomola|Alomomola, F|45\/100\n|move|p2a: Golisopod|Liquidation|p1a: Alomomola\n|-resisted|p1a: Alomomola\n|-damage|p1a: Alomomola|32\/100\n|\n|upkeep\n|turn|27\n|\n|t:|1700045246\n|switch|p2a: Zapdos|Zapdos|81\/100 tox\n|move|p1a: Alomomola|Flip Turn|p2a: Zapdos\n|-damage|p2a: Zapdos|70\/100 tox\n|\n|t:|1700045249\n|switch|p1a: Heatran|Heatran, M|87\/100|[from] Flip Turn\n|\n|-heal|p1a: Heatran|93\/100|[from] item: Leftovers\n|-damage|p2a: Zapdos|64\/100 tox|[from] psn\n|upkeep\n|turn|28\n|j| slobadd\n|\n|t:|1700045257\n|switch|p2a: Landorus|Landorus-Therian, M, shiny|52\/100 tox\n|-ability|p2a: Landorus|Intimidate|boost\n|-unboost|p1a: Heatran|atk|1\n|move|p1a: Heatran|Magma Storm|p2a: Landorus\n|-damage|p2a: Landorus|26\/100 tox\n|-activate|p2a: Landorus|move: Magma Storm|[of] p1a: Heatran\n|\n|-heal|p1a: Heatran|99\/100|[from] item: Leftovers\n|-damage|p2a: Landorus|20\/100 tox|[from] psn\n|-damage|p2a: Landorus|8\/100 tox|[from] move: Magma Storm|[partiallytrapped]\n|upkeep\n|turn|29\n|\n|t:|1700045272\n|switch|p1a: Gliscor|Gliscor, F|24\/100 tox\n|move|p2a: Landorus|U-turn|p1a: Gliscor\n|-resisted|p1a: Gliscor\n|-damage|p1a: Gliscor|16\/100 tox\n|\n|t:|1700045278\n|switch|p2a: Golisopod|Golisopod, F, shiny|100\/100|[from] U-turn\n|\n|-heal|p1a: Gliscor|29\/100 tox|[from] ability: Poison Heal\n|upkeep\n|turn|30\n|\n|t:|1700045284\n|switch|p1a: Alomomola|Alomomola, F|66\/100\n|switch|p2a: Zapdos|Zapdos|64\/100 tox\n|\n|-damage|p2a: Zapdos|58\/100 tox|[from] psn\n|upkeep\n|turn|31\n|\n|t:|1700045293\n|switch|p1a: Heatran|Heatran, M|99\/100\n|move|p2a: Zapdos|Hidden Power|p1a: Heatran\n|-resisted|p1a: Heatran\n|-damage|p1a: Heatran|97\/100\n|\n|-heal|p1a: Heatran|100\/100|[from] item: Leftovers\n|-damage|p2a: Zapdos|45\/100 tox|[from] psn\n|upkeep\n|turn|32\n|l| EpicGamer069420\n|-message|zgynumber forfeited.\n|\n|win|CapnTophat\n|raw|CapnTophat's rating: 1598 &rarr; <strong>1618<\/strong><br \/>(+20 for winning)\n|raw|zgynumber's rating: 1599 &rarr; <strong>1579<\/strong><br \/>(-20 for losing)\n|l|\u2606zgynumber\n","uploadtime":1700045380,"views":3,"p1id":"capntophat","p2id":"zgynumber","formatid":"gen9nationaldex","rating":1579,"private":0,"password":""}