{"id":"gen9nationaldex-1996020159","p1":"bunniiiiiis","p2":"IceBerryCoffee","format":"[Gen 9] National Dex","log":"|html|<div class=\"broadcast-blue\"><strong>[Gen 9] National Dex is currently suspecting Sneasler! For information on how to participate check out the <a href=\"https:\/\/www.smogon.com\/forums\/threads\/sv-national-dex-suspect-8-just-dance.3731534\/\">suspect thread<\/a>.<\/strong><\/div>\n|j|\u2606bunniiiiiis\n|j|\u2606IceBerryCoffee\n|t:|1700630414\n|gametype|singles\n|player|p1|bunniiiiiis|lady|1204\n|player|p2|IceBerryCoffee|265|1293\n|teamsize|p1|6\n|teamsize|p2|6\n|gen|9\n|tier|[Gen 9] National Dex\n|rated|\n|rule|HP Percentage Mod: HP is shown in percentages\n|rule|Endless Battle Clause: Forcing endless battles is banned\n|rule|OHKO Clause: OHKO moves are banned\n|rule|Evasion Clause: Evasion abilities, items, and moves are banned\n|rule|Evasion Abilities Clause: Evasion abilities are banned\n|rule|Evasion Items Clause: Evasion items are banned\n|rule|Evasion Moves Clause: Evasion moves are banned\n|rule|Species Clause: Limit one of each Pok\u00e9mon\n|rule|Sleep Clause Mod: Limit one foe put to sleep\n|clearpoke\n|poke|p1|Lopunny, M|\n|poke|p1|Garganacl, F|\n|poke|p1|Victini|\n|poke|p1|Ninetales-Alola, F|\n|poke|p1|Tapu Lele|\n|poke|p1|Meowscarada, M|\n|poke|p2|Maushold-Four|\n|poke|p2|Empoleon, M|\n|poke|p2|Conkeldurr, F|\n|poke|p2|Typhlosion-Hisui, M|\n|poke|p2|Gyarados, M|\n|poke|p2|Hydreigon, M|\n|teampreview\n|inactive|Battle timer is ON: inactive players will automatically lose when time's up. (requested by IceBerryCoffee)\n|\n|t:|1700630434\n|start\n|switch|p1a: fruit punch|Lopunny, M, shiny|100\/100\n|switch|p2a: Hydreigon|Hydreigon, M|100\/100\n|turn|1\n|\n|t:|1700630447\n|switch|p1a: candy|Garganacl, F|100\/100\n|switch|p2a: Empoleon|Empoleon, M|100\/100\n|\n|upkeep\n|turn|2\n|\n|t:|1700630455\n|move|p2a: Empoleon|Knock Off|p1a: candy\n|-damage|p1a: candy|87\/100\n|-enditem|p1a: candy|Leftovers|[from] move: Knock Off|[of] p2a: Empoleon\n|move|p1a: candy|Stealth Rock|p2a: Empoleon\n|-sidestart|p2: IceBerryCoffee|move: Stealth Rock\n|\n|upkeep\n|turn|3\n|\n|t:|1700630460\n|move|p2a: Empoleon|Surf|p1a: candy\n|-supereffective|p1a: candy\n|-damage|p1a: candy|45\/100\n|move|p1a: candy|Curse|p1a: candy\n|-unboost|p1a: candy|spe|1\n|-boost|p1a: candy|atk|1\n|-boost|p1a: candy|def|1\n|\n|upkeep\n|turn|4\n|\n|t:|1700630467\n|switch|p1a: icee|Ninetales-Alola, F|100\/100\n|-weather|Snow|[from] ability: Snow Warning|[of] p1a: icee\n|move|p2a: Empoleon|Surf|p1a: icee\n|-damage|p1a: icee|57\/100\n|\n|-weather|Snow|[upkeep]\n|upkeep\n|turn|5\n|\n|t:|1700630474\n|move|p1a: icee|Aurora Veil|p1a: icee\n|-sidestart|p1: bunniiiiiis|move: Aurora Veil\n|move|p2a: Empoleon|Flip Turn|p1a: icee\n|-damage|p1a: icee|48\/100\n|\n|t:|1700630478\n|switch|p2a: Maushold|Maushold-Four|100\/100|[from] Flip Turn\n|-damage|p2a: Maushold|88\/100|[from] Stealth Rock\n|\n|-weather|Snow|[upkeep]\n|upkeep\n|turn|6\n|\n|t:|1700630484\n|move|p2a: Maushold|Tidy Up|p2a: Maushold\n|-sideend|p2: IceBerryCoffee|Stealth Rock\n|-activate|p2a: Maushold|move: Tidy Up\n|-boost|p2a: Maushold|atk|1\n|-boost|p2a: Maushold|spe|1\n|move|p1a: icee|Moonblast|p2a: Maushold\n|-damage|p2a: Maushold|36\/100\n|-unboost|p2a: Maushold|spa|1\n|\n|-weather|Snow|[upkeep]\n|upkeep\n|turn|7\n|\n|t:|1700630493\n|switch|p1a: candy|Garganacl, F|45\/100\n|move|p2a: Maushold|Population Bomb|p1a: candy\n|-resisted|p1a: candy\n|-damage|p1a: candy|42\/100\n|-resisted|p1a: candy\n|-damage|p1a: candy|39\/100\n|-resisted|p1a: candy\n|-damage|p1a: candy|37\/100\n|-resisted|p1a: candy\n|-damage|p1a: candy|34\/100\n|-resisted|p1a: candy\n|-damage|p1a: candy|31\/100\n|-resisted|p1a: candy\n|-damage|p1a: candy|29\/100\n|-hitcount|p1a: candy|6\n|\n|-weather|Snow|[upkeep]\n|upkeep\n|turn|8\n|\n|t:|1700630509\n|move|p2a: Maushold|Population Bomb|p1a: candy\n|-resisted|p1a: candy\n|-damage|p1a: candy|26\/100\n|-resisted|p1a: candy\n|-damage|p1a: candy|23\/100\n|-resisted|p1a: candy\n|-damage|p1a: candy|20\/100\n|-hitcount|p1a: candy|3\n|move|p1a: candy|Recover|p1a: candy\n|-heal|p1a: candy|70\/100\n|\n|-weather|none\n|upkeep\n|turn|9\n|\n|t:|1700630520\n|move|p2a: Maushold|Encore|p1a: candy\n|-start|p1a: candy|Encore\n|move|p1a: candy|Recover|p1a: candy\n|-heal|p1a: candy|100\/100\n|\n|upkeep\n|turn|10\n|\n|t:|1700630525\n|switch|p1a: boots|Meowscarada, M|100\/100\n|move|p2a: Maushold|Tidy Up|p2a: Maushold\n|-boost|p2a: Maushold|atk|1\n|-boost|p2a: Maushold|spe|1\n|\n|upkeep\n|turn|11\n|\n|t:|1700630534\n|move|p2a: Maushold|Population Bomb|p1a: boots\n|-damage|p1a: boots|85\/100\n|-damage|p1a: boots|67\/100\n|-damage|p1a: boots|50\/100\n|-crit|p1a: boots\n|-damage|p1a: boots|0 fnt\n|faint|p1a: boots\n|-hitcount|p1: boots|4\n|\n|upkeep\n|\n|t:|1700630542\n|switch|p1a: fruit punch|Lopunny, M, shiny|100\/100\n|turn|12\n|\n|t:|1700630558\n|detailschange|p1a: fruit punch|Lopunny-Mega, M, shiny\n|-mega|p1a: fruit punch|Lopunny|Lopunnite\n|move|p1a: fruit punch|Fake Out|p2a: Maushold\n|-damage|p2a: Maushold|0 fnt\n|faint|p2a: Maushold\n|\n|-sideend|p1: bunniiiiiis|move: Aurora Veil\n|upkeep\n|\n|t:|1700630566\n|switch|p2a: Typhlosion|Typhlosion-Hisui, M|100\/100\n|-item|p1a: fruit punch|Lopunnite|[from] ability: Frisk|[of] p2a: Typhlosion|[identify]\n|turn|13\n|inactive|bunniiiiiis has 120 seconds left.\n|inactive|bunniiiiiis has 90 seconds left.\n|\n|t:|1700630630\n|switch|p1a: candy|Garganacl, F|100\/100\n|-terastallize|p2a: Typhlosion|Fire\n|move|p2a: Typhlosion|Eruption|p1a: candy\n|-resisted|p1a: candy\n|-damage|p1a: candy|69\/100\n|\n|upkeep\n|turn|14\n|\n|t:|1700630640\n|switch|p2a: Empoleon|Empoleon, M|100\/100\n|move|p1a: candy|Salt Cure|p2a: Empoleon\n|-resisted|p2a: Empoleon\n|-damage|p2a: Empoleon|95\/100\n|-start|p2a: Empoleon|Salt Cure\n|\n|-heal|p2a: Empoleon|100\/100|[from] item: Leftovers\n|-damage|p2a: Empoleon|75\/100|[from] Salt Cure\n|upkeep\n|turn|15\n|\n|t:|1700630652\n|move|p2a: Empoleon|Flip Turn|p1a: candy\n|-supereffective|p1a: candy\n|-damage|p1a: candy|44\/100\n|\n|t:|1700630656\n|switch|p2a: Gyarados|Gyarados, M|100\/100|[from] Flip Turn\n|-ability|p2a: Gyarados|Intimidate|boost\n|-unboost|p1a: candy|atk|1\n|move|p1a: candy|Stealth Rock|p2a: Gyarados\n|-sidestart|p2: IceBerryCoffee|move: Stealth Rock\n|\n|upkeep\n|turn|16\n|inactive|bunniiiiiis has 90 seconds left.\n|inactive|IceBerryCoffee has 120 seconds left.\n|\n|t:|1700630690\n|switch|p1a: Tapu Lele|Tapu Lele|100\/100\n|-fieldstart|move: Psychic Terrain|[from] ability: Psychic Surge|[of] p1a: Tapu Lele\n|detailschange|p2a: Gyarados|Gyarados-Mega, M\n|-mega|p2a: Gyarados|Gyarados|Gyaradosite\n|-ability|p2a: Gyarados|Mold Breaker\n|move|p2a: Gyarados|Dragon Dance|p2a: Gyarados\n|-boost|p2a: Gyarados|atk|1\n|-boost|p2a: Gyarados|spe|1\n|\n|upkeep\n|turn|17\n|inactive|bunniiiiiis has 90 seconds left.\n|inactive|IceBerryCoffee has 120 seconds left.\n|\n|t:|1700630703\n|move|p1a: Tapu Lele|Moonblast|p2a: Gyarados\n|-supereffective|p2a: Gyarados\n|-damage|p2a: Gyarados|24\/100\n|-unboost|p2a: Gyarados|spa|1\n|move|p2a: Gyarados|Waterfall|p1a: Tapu Lele\n|-damage|p1a: Tapu Lele|0 fnt\n|faint|p1a: Tapu Lele\n|\n|upkeep\n|\n|t:|1700630711\n|switch|p1a: candy|Garganacl, F|44\/100\n|turn|18\n|\n|t:|1700630713\n|move|p2a: Gyarados|Waterfall|p1a: candy\n|-supereffective|p1a: candy\n|-damage|p1a: candy|0 fnt\n|faint|p1a: candy\n|\n|upkeep\n|\n|t:|1700630721\n|switch|p1a: icee|Ninetales-Alola, F|48\/100\n|-weather|Snow|[from] ability: Snow Warning|[of] p1a: icee\n|turn|19\n|\n|t:|1700630725\n|move|p2a: Gyarados|Waterfall|p1a: icee\n|-damage|p1a: icee|0 fnt\n|faint|p1a: icee\n|\n|-weather|Snow|[upkeep]\n|upkeep\n|-message|bunniiiiiis forfeited.\n|\n|win|IceBerryCoffee\n|raw|bunniiiiiis's rating: 1204 &rarr; <strong>1185<\/strong><br \/>(-19 for losing)\n|raw|IceBerryCoffee's rating: 1293 &rarr; <strong>1312<\/strong><br \/>(+19 for winning)\n|l|\u2606bunniiiiiis\n","uploadtime":1700630745,"views":0,"p1id":"bunniiiiiis","p2id":"iceberrycoffee","formatid":"gen9nationaldex","rating":1185,"private":0,"password":""}