{"id":"gen9nationaldex-1987496634","p1":"Vibe Checks","p2":"cq\u7956\u5b89\u541f\u6e38\u8bd7\u4ebaxxxxxxxx","format":"[Gen 9] National Dex","log":"|j|\u2606Vibe Checks\n|j|\u2606cq\u7956\u5b89\u541f\u6e38\u8bd7\u4ebaxxxxxxxx\n|t:|1699601592\n|gametype|singles\n|player|p1|Vibe Checks|102|1291\n|player|p2|cq\u7956\u5b89\u541f\u6e38\u8bd7\u4ebaxxxxxxxx|265|1216\n|teamsize|p1|6\n|teamsize|p2|6\n|gen|9\n|tier|[Gen 9] National Dex\n|rated|\n|rule|HP Percentage Mod: HP is shown in percentages\n|rule|Endless Battle Clause: Forcing endless battles is banned\n|rule|OHKO Clause: OHKO moves are banned\n|rule|Evasion Clause: Evasion abilities, items, and moves are banned\n|rule|Evasion Abilities Clause: Evasion abilities are banned\n|rule|Evasion Items Clause: Evasion items are banned\n|rule|Evasion Moves Clause: Evasion moves are banned\n|rule|Species Clause: Limit one of each Pok\u00e9mon\n|rule|Sleep Clause Mod: Limit one foe put to sleep\n|clearpoke\n|poke|p1|Stakataka|\n|poke|p1|Florges-Blue, F|\n|poke|p1|Landorus-Therian, M|\n|poke|p1|Skeledirge, M|\n|poke|p1|Dragonite, F|\n|poke|p1|Sceptile, F|\n|poke|p2|Charizard, F|\n|poke|p2|Serperior, F|\n|poke|p2|Tyranitar, M|\n|poke|p2|Great Tusk|\n|poke|p2|Doublade, M|\n|poke|p2|Alomomola, M|\n|teampreview\n|inactive|Battle timer is ON: inactive players will automatically lose when time's up. (requested by Vibe Checks)\n|inactive|Vibe Checks has 120 seconds left.\n|\n|t:|1699601632\n|start\n|switch|p1a: Landorus|Landorus-Therian, M|100\/100\n|switch|p2a: Tyranitar|Tyranitar, M|100\/100\n|-ability|p1a: Landorus|Intimidate|boost\n|-unboost|p2a: Tyranitar|atk|1\n|-weather|Sandstorm|[from] ability: Sand Stream|[of] p2a: Tyranitar\n|turn|1\n|\n|t:|1699601642\n|move|p1a: Landorus|Substitute|p1a: Landorus\n|-start|p1a: Landorus|Substitute\n|-damage|p1a: Landorus|76\/100\n|move|p2a: Tyranitar|Ice Beam|p1a: Landorus\n|-supereffective|p1a: Landorus\n|-crit|p1a: Landorus\n|-end|p1a: Landorus|Substitute\n|\n|-weather|Sandstorm|[upkeep]\n|-heal|p1a: Landorus|82\/100|[from] item: Leftovers\n|upkeep\n|turn|2\n|\n|t:|1699601653\n|switch|p1a: Florges|Florges-Blue, F, shiny|100\/100\n|move|p2a: Tyranitar|Ice Beam|p1a: Florges\n|-damage|p1a: Florges|86\/100\n|\n|-weather|Sandstorm|[upkeep]\n|-damage|p1a: Florges|80\/100|[from] Sandstorm\n|-heal|p1a: Florges|86\/100|[from] item: Leftovers\n|upkeep\n|turn|3\n|\n|t:|1699601666\n|move|p1a: Florges|Moonblast|p2a: Tyranitar\n|-supereffective|p2a: Tyranitar\n|-damage|p2a: Tyranitar|58\/100\n|move|p2a: Tyranitar|Stealth Rock|p1a: Florges\n|-sidestart|p1: Vibe Checks|move: Stealth Rock\n|\n|-weather|Sandstorm|[upkeep]\n|-damage|p1a: Florges|80\/100|[from] Sandstorm\n|-heal|p1a: Florges|86\/100|[from] item: Leftovers\n|upkeep\n|turn|4\n|\n|t:|1699601682\n|switch|p2a: Doublade|Doublade, M|100\/100\n|move|p1a: Florges|Defog|p2a: Doublade\n|-unboost|p2a: Doublade|evasion|1\n|-sideend|p1: Vibe Checks|Stealth Rock|[from] move: Defog|[of] p1a: Florges\n|\n|-weather|Sandstorm|[upkeep]\n|-damage|p1a: Florges|80\/100|[from] Sandstorm\n|-heal|p1a: Florges|86\/100|[from] item: Leftovers\n|upkeep\n|turn|5\n|\n|t:|1699601695\n|switch|p1a: Skeledirge|Skeledirge, M|100\/100\n|move|p2a: Doublade|Gyro Ball|p1a: Skeledirge\n|-resisted|p1a: Skeledirge\n|-damage|p1a: Skeledirge|91\/100\n|\n|-weather|none\n|-heal|p1a: Skeledirge|97\/100|[from] item: Leftovers\n|upkeep\n|turn|6\n|\n|t:|1699601714\n|switch|p2a: Charizard|Charizard, F|100\/100\n|move|p1a: Skeledirge|Will-O-Wisp|p2a: Charizard\n|-immune|p2a: Charizard\n|\n|-heal|p1a: Skeledirge|100\/100|[from] item: Leftovers\n|upkeep\n|turn|7\n|inactive|Vibe Checks has 120 seconds left.\n|\n|t:|1699601753\n|switch|p1a: Florges|Florges-Blue, F, shiny|86\/100\n|detailschange|p2a: Charizard|Charizard-Mega-Y, F\n|-mega|p2a: Charizard|Charizard|Charizardite Y\n|-weather|SunnyDay|[from] ability: Drought|[of] p2a: Charizard\n|move|p2a: Charizard|Scorching Sands|p1a: Florges\n|-damage|p1a: Florges|72\/100\n|-status|p1a: Florges|brn\n|\n|-weather|SunnyDay|[upkeep]\n|-heal|p1a: Florges|78\/100 brn|[from] item: Leftovers\n|-damage|p1a: Florges|72\/100 brn|[from] brn\n|upkeep\n|turn|8\n|inactive|Vibe Checks has 120 seconds left.\n|\n|t:|1699601774\n|switch|p2a: Doublade|Doublade, M|100\/100\n|move|p1a: Florges|Wish|p1a: Florges\n|\n|-weather|SunnyDay|[upkeep]\n|-heal|p1a: Florges|78\/100 brn|[from] item: Leftovers\n|-damage|p1a: Florges|72\/100 brn|[from] brn\n|upkeep\n|turn|9\n|inactive|cq\u7956\u5b89\u541f\u6e38\u8bd7\u4ebaxxxxxxxx has 120 seconds left.\n|\n|t:|1699601796\n|switch|p1a: Landorus|Landorus-Therian, M|82\/100\n|-ability|p1a: Landorus|Intimidate|boost\n|-unboost|p2a: Doublade|atk|1\n|move|p2a: Doublade|Gyro Ball|p1a: Landorus\n|-damage|p1a: Landorus|36\/100\n|\n|-weather|SunnyDay|[upkeep]\n|-heal|p1a: Landorus|92\/100|[from] move: Wish|[wisher] Florges\n|-heal|p1a: Landorus|98\/100|[from] item: Leftovers\n|upkeep\n|turn|10\n|inactive|Vibe Checks has 120 seconds left.\n|inactive|cq\u7956\u5b89\u541f\u6e38\u8bd7\u4ebaxxxxxxxx has 120 seconds left.\n|\n|t:|1699601826\n|switch|p2a: Alomomola|Alomomola, M, shiny|100\/100\n|move|p1a: Landorus|Smack Down|p2a: Alomomola\n|-damage|p2a: Alomomola|89\/100\n|\n|-weather|SunnyDay|[upkeep]\n|-heal|p1a: Landorus|100\/100|[from] item: Leftovers\n|upkeep\n|turn|11\n|\n|t:|1699601838\n|move|p1a: Landorus|Substitute|p1a: Landorus\n|-start|p1a: Landorus|Substitute\n|-damage|p1a: Landorus|76\/100\n|move|p2a: Alomomola|Toxic||[still]\n|-fail|p2a: Alomomola\n|\n|-weather|none\n|-heal|p1a: Landorus|82\/100|[from] item: Leftovers\n|upkeep\n|turn|12\n|\n|t:|1699601847\n|move|p1a: Landorus|Swords Dance|p1a: Landorus\n|-boost|p1a: Landorus|atk|2\n|move|p2a: Alomomola|Wish|p2a: Alomomola\n|\n|-heal|p1a: Landorus|88\/100|[from] item: Leftovers\n|upkeep\n|turn|13\n|inactive|Vibe Checks has 120 seconds left.\n|\n|t:|1699601854\n|move|p1a: Landorus|Earthquake|p2a: Alomomola\n|-damage|p2a: Alomomola|32\/100\n|move|p2a: Alomomola|Flip Turn|p1a: Landorus\n|-supereffective|p1a: Landorus\n|-end|p1a: Landorus|Substitute\n|\n|t:|1699601860\n|switch|p2a: Tyranitar|Tyranitar, M|58\/100|[from] Flip Turn\n|-weather|Sandstorm|[from] ability: Sand Stream|[of] p2a: Tyranitar\n|\n|-weather|Sandstorm|[upkeep]\n|-heal|p2a: Tyranitar|100\/100|[from] move: Wish|[wisher] Alomomola\n|-heal|p1a: Landorus|94\/100|[from] item: Leftovers\n|upkeep\n|turn|14\n|inactive|cq\u7956\u5b89\u541f\u6e38\u8bd7\u4ebaxxxxxxxx has 120 seconds left.\n|inactive|Vibe Checks has 120 seconds left.\n|inactive|Vibe Checks has 90 seconds left.\n|inactive|Vibe Checks has 60 seconds left.\n|\n|t:|1699601948\n|move|p1a: Landorus|Earthquake|p2a: Tyranitar\n|-supereffective|p2a: Tyranitar\n|-enditem|p2a: Tyranitar|Shuca Berry|[eat]\n|-enditem|p2a: Tyranitar|Shuca Berry|[weaken]\n|-damage|p2a: Tyranitar|8\/100\n|move|p2a: Tyranitar|Knock Off|p1a: Landorus\n|-damage|p1a: Landorus|43\/100\n|-enditem|p1a: Landorus|Leftovers|[from] move: Knock Off|[of] p2a: Tyranitar\n|\n|-weather|Sandstorm|[upkeep]\n|upkeep\n|turn|15\n|inactive|cq\u7956\u5b89\u541f\u6e38\u8bd7\u4ebaxxxxxxxx has 120 seconds left.\n|\n|t:|1699601961\n|-terastallize|p2a: Tyranitar|Flying\n|move|p1a: Landorus|Earthquake|p2a: Tyranitar\n|-immune|p2a: Tyranitar\n|move|p2a: Tyranitar|Stealth Rock|p1a: Landorus\n|-sidestart|p1: Vibe Checks|move: Stealth Rock\n|\n|-weather|Sandstorm|[upkeep]\n|-damage|p2a: Tyranitar|2\/100|[from] Sandstorm\n|upkeep\n|turn|16\n|inactive|cq\u7956\u5b89\u541f\u6e38\u8bd7\u4ebaxxxxxxxx has 120 seconds left.\n|c|\u2606Vibe Checks|What are you smoking\n|c|\u2606Vibe Checks|shuca berry with tera flying\n|inactive|Vibe Checks has 30 seconds left.\n|\n|t:|1699601993\n|switch|p2a: Charizard|Charizard-Mega-Y, F|100\/100\n|-weather|SunnyDay|[from] ability: Drought|[of] p2a: Charizard\n|move|p1a: Landorus|Smack Down|p2a: Charizard\n|-supereffective|p2a: Charizard\n|-damage|p2a: Charizard|0 fnt\n|faint|p2a: Charizard\n|\n|-weather|SunnyDay|[upkeep]\n|upkeep\n|\n|t:|1699602007\n|switch|p2a: Alomomola|Alomomola, M, shiny|65\/100\n|turn|17\n|\n|t:|1699602013\n|move|p1a: Landorus|Substitute|p1a: Landorus\n|-start|p1a: Landorus|Substitute\n|-damage|p1a: Landorus|18\/100\n|move|p2a: Alomomola|Flip Turn|p1a: Landorus\n|-supereffective|p1a: Landorus\n|-activate|p1a: Landorus|move: Substitute|[damage]\n|\n|t:|1699602024\n|switch|p2a: Great Tusk|Great Tusk|100\/100|[from] Flip Turn\n|-activate|p2a: Great Tusk|ability: Protosynthesis\n|-start|p2a: Great Tusk|protosynthesisatk\n|\n|-weather|SunnyDay|[upkeep]\n|upkeep\n|turn|18\n|inactive|Vibe Checks has 30 seconds left.\n|inactive|Vibe Checks has 20 seconds left.\n|\n|t:|1699602067\n|-terastallize|p1a: Landorus|Ground\n|move|p1a: Landorus|Earthquake|p2a: Great Tusk\n|-damage|p2a: Great Tusk|0 fnt\n|faint|p2a: Great Tusk\n|-end|p2a: Great Tusk|Protosynthesis|[silent]\n|\n|-weather|SunnyDay|[upkeep]\n|upkeep\n|inactive|Vibe Checks has 25 seconds left this turn.\n|-message|cq\u7956\u5b89\u541f\u6e38\u8bd7\u4ebaxxxxxxxx forfeited.\n|\n|win|Vibe Checks\n|inactive|Vibe Checks has 30 seconds left this turn.\n|raw|Vibe Checks's rating: 1291 &rarr; <strong>1311<\/strong><br \/>(+20 for winning)\n|raw|cq\u7956\u5b89\u541f\u6e38\u8bd7\u4ebaxxxxxxxx's rating: 1216 &rarr; <strong>1196<\/strong><br \/>(-20 for losing)\n|l|\u2606cq\u7956\u5b89\u541f\u6e38\u8bd7\u4ebaxxxxxxxx\n","uploadtime":1699602121,"views":14,"p1id":"vibechecks","p2id":"cqxxxxxxxx","formatid":"gen9nationaldex","rating":1196,"private":0,"password":""}