{"id":"gen9nationaldex-1998537600","p1":"RARMolina","p2":"Void280","format":"[Gen 9] National Dex","log":"|html|<div class=\"broadcast-blue\"><strong>[Gen 9] National Dex is currently suspecting Sneasler! For information on how to participate check out the <a href=\"https:\/\/www.smogon.com\/forums\/threads\/sv-national-dex-suspect-8-just-dance.3731534\/\">suspect thread<\/a>.<\/strong><\/div>\n|j|\u2606RARMolina\n|j|\u2606Void280\n|t:|1700953692\n|gametype|singles\n|player|p1|RARMolina|phorus-unite|\n|player|p2|Void280|hilbert|\n|teamsize|p1|6\n|teamsize|p2|6\n|gen|9\n|tier|[Gen 9] National Dex\n|rule|HP Percentage Mod: HP is shown in percentages\n|rule|Endless Battle Clause: Forcing endless battles is banned\n|rule|OHKO Clause: OHKO moves are banned\n|rule|Evasion Clause: Evasion abilities, items, and moves are banned\n|rule|Evasion Abilities Clause: Evasion abilities are banned\n|rule|Evasion Items Clause: Evasion items are banned\n|rule|Evasion Moves Clause: Evasion moves are banned\n|rule|Species Clause: Limit one of each Pok\u00e9mon\n|rule|Sleep Clause Mod: Limit one foe put to sleep\n|clearpoke\n|poke|p1|Empoleon, M|\n|poke|p1|Garchomp, M|\n|poke|p1|Pelipper, M|\n|poke|p1|Jellicent, F|\n|poke|p1|Golisopod, M|\n|poke|p1|Swampert, F|\n|poke|p2|Landorus-Therian, M|\n|poke|p2|Ogerpon-Wellspring, F|\n|poke|p2|Lopunny, M|\n|poke|p2|Hydreigon, M|\n|poke|p2|Togekiss, F|\n|poke|p2|Goodra-Hisui, F|\n|teampreview\n|j| Sylveon(404)\n|c|\u2606RARMolina|Es hora de la gran ola \ud83c\udf0a\n|c|\u2606Void280|Aqui vamos de vuelta\n|\n|t:|1700953723\n|start\n|switch|p1a: Weater report|Pelipper, M|100\/100\n|switch|p2a: Hydra|Hydreigon, M|100\/100\n|-weather|RainDance|[from] ability: Drizzle|[of] p1a: Weater report\n|turn|1\n|c| Sylveon(404)|no se por quien incnahr\n|c| Sylveon(404)|*inchar\n|\n|t:|1700953731\n|switch|p1a: Srta. Tess|Jellicent, F|100\/100\n|move|p2a: Hydra|Dark Pulse|p1a: Srta. Tess\n|-supereffective|p1a: Srta. Tess\n|-damage|p1a: Srta. Tess|15\/100\n|-start|p2a: Hydra|Disable|Dark Pulse|[from] ability: Cursed Body|[of] p1a: Srta. Tess\n|\n|-weather|RainDance|[upkeep]\n|-heal|p1a: Srta. Tess|22\/100|[from] item: Leftovers\n|upkeep\n|turn|2\n|c| Sylveon(404)|los 2 me caen bien\n|c| Sylveon(404)|:'v\n|j| Sai4rr\n|j| WSoldat\n|\n|t:|1700953750\n|switch|p2a: Sui|Goodra-Hisui, F|100\/100\n|switch|p1a: Poseidon|Empoleon, M|100\/100\n|\n|-weather|RainDance|[upkeep]\n|upkeep\n|turn|3\n|\n|t:|1700953762\n|switch|p1a: Jatziri|Swampert, F|100\/100\n|move|p2a: Sui|Body Press|p1a: Jatziri\n|-damage|p1a: Jatziri|81\/100\n|\n|-weather|RainDance|[upkeep]\n|upkeep\n|turn|4\n|c| Sai4rr|Le voy a los 2\n|c| Sai4rr|Uno es mi novio y otro mi pana\n|c| Sylveon(404)|jatziri vo podes\n|\n|t:|1700953797\n|switch|p2a: Yuna|Ogerpon-Wellspring, F|100\/100\n|detailschange|p1a: Jatziri|Swampert-Mega, F\n|-mega|p1a: Jatziri|Swampert|Swampertite\n|move|p1a: Jatziri|Ice Punch|p2a: Yuna\n|-damage|p2a: Yuna|65\/100\n|-status|p2a: Yuna|frz\n|\n|-weather|RainDance|[upkeep]\n|upkeep\n|turn|5\n|\n|t:|1700953811\n|switch|p1a: Shredder|Golisopod, M|100\/100\n|cant|p2a: Yuna|frz\n|\n|-weather|RainDance|[upkeep]\n|upkeep\n|turn|6\n|c| Sylveon(404)|y esa haxeada jatziri?\n|\n|t:|1700953822\n|switch|p2a: Sui|Goodra-Hisui, F|100\/100\n|move|p1a: Shredder|First Impression|p2a: Sui\n|-resisted|p2a: Sui\n|-damage|p2a: Sui|77\/100\n|-ability|p2a: Sui|Gooey\n|-unboost|p1a: Shredder|spe|1\n|\n|-weather|RainDance|[upkeep]\n|upkeep\n|turn|7\n|\n|t:|1700953833\n|move|p2a: Sui|Draco Meteor|p1a: Shredder\n|-damage|p1a: Shredder|48\/100\n|-unboost|p2a: Sui|spa|2\n|-activate|p1a: Shredder|ability: Emergency Exit\n|c|\u2606RARMolina|As\u00ed que baj\u00e1s la velocidad eh?\n|\n|t:|1700953855\n|switch|p1a: Bocho|Garchomp, M|100\/100\n|\n|-weather|RainDance|[upkeep]\n|upkeep\n|turn|8\n|c| Sylveon(404)|oh no hermano\n|\n|t:|1700953870\n|switch|p2a: Bless|Togekiss, F|100\/100\n|move|p1a: Bocho|Scale Shot|p2a: Bless\n|-immune|p2a: Bless\n|\n|-weather|none\n|upkeep\n|turn|9\n|j| lolowtf09\n|\n|t:|1700953882\n|switch|p2a: Yuna|Ogerpon-Wellspring, F|65\/100 frz\n|-terastallize|p1a: Bocho|Water\n|move|p1a: Bocho|Swords Dance|p1a: Bocho\n|-boost|p1a: Bocho|atk|2\n|\n|upkeep\n|turn|10\n|c| lolowtf09|es el bocho es real\n|\n|t:|1700953889\n|cant|p2a: Yuna|frz\n|move|p1a: Bocho|Scale Shot|p2a: Yuna\n|-damage|p2a: Yuna|29\/100 frz\n|-damage|p2a: Yuna|0 fnt\n|faint|p2a: Yuna\n|-hitcount|p2: Yuna|2\n|-unboost|p1a: Bocho|def|1\n|-boost|p1a: Bocho|spe|1\n|\n|upkeep\n|c|\u2606RARMolina|Alfin\n|c| Sylveon(404)|bocho carry\n|c|\u2606Void280|Como detesto congelado\n|c|\u2606RARMolina|Ya puedo atacar\n|c| Sai4rr|Que hiciste\n|c| lolowtf09|el bocho se va hacer el 6-0\n|\n|t:|1700953922\n|switch|p2a: Hydra|Hydreigon, M|100\/100\n|turn|11\n|\n|t:|1700953931\n|-terastallize|p2a: Hydra|Steel\n|move|p1a: Bocho|Liquidation|p2a: Hydra\n|-damage|p2a: Hydra|4\/100\n|move|p2a: Hydra|Dark Pulse|p1a: Bocho\n|-damage|p1a: Bocho|37\/100\n|\n|upkeep\n|turn|12\n|c| Sai4rr|Bocho carry\n|c| Sylveon(404)|PFFFFFFF\n|\n|t:|1700953939\n|move|p1a: Bocho|Scale Shot|p2a: Hydra\n|-resisted|p2a: Hydra\n|-damage|p2a: Hydra|0 fnt\n|faint|p2a: Hydra\n|-hitcount|p2: Hydra|1\n|-unboost|p1a: Bocho|def|1\n|-boost|p1a: Bocho|spe|1\n|\n|upkeep\n|c|\u2606Void280|Nada gg\n|\n|t:|1700953946\n|switch|p2a: Ansel|Lopunny, M, shiny|100\/100\n|turn|13\n|\n|t:|1700953950\n|switch|p1a: Weater report|Pelipper, M|100\/100\n|-weather|RainDance|[from] ability: Drizzle|[of] p1a: Weater report\n|detailschange|p2a: Ansel|Lopunny-Mega, M, shiny\n|-mega|p2a: Ansel|Lopunny|Lopunnite\n|move|p2a: Ansel|Fake Out|p1a: Weater report\n|-damage|p1a: Weater report|85\/100\n|\n|-weather|RainDance|[upkeep]\n|upkeep\n|turn|14\n|c| Sylveon(404)|molina no te confien tanto con scale shot\n|c| Sylveon(404)|ese conejo del diablo existe\n|c|\u2606RARMolina|Lo s\u00e9\n|\n|t:|1700953981\n|switch|p1a: Jatziri|Swampert-Mega, F|81\/100\n|move|p2a: Ansel|Close Combat|p1a: Jatziri\n|-damage|p1a: Jatziri|20\/100\n|-unboost|p2a: Ansel|def|1\n|-unboost|p2a: Ansel|spd|1\n|\n|-weather|RainDance|[upkeep]\n|upkeep\n|turn|15\n|c| Sylveon(404)|waos\n|c| Sylveon(404)|como pega ansel\n|\n|t:|1700953994\n|switch|p2a: Sui|Goodra-Hisui, F|77\/100\n|move|p1a: Jatziri|Flip Turn|p2a: Sui\n|-resisted|p2a: Sui\n|-damage|p2a: Sui|52\/100\n|-ability|p2a: Sui|Gooey\n|-unboost|p1a: Jatziri|spe|1\n|\n|t:|1700954001\n|switch|p1a: Bocho|Garchomp, M, tera:Water|37\/100|[from] Flip Turn\n|\n|-weather|RainDance|[upkeep]\n|upkeep\n|turn|16\n|\n|t:|1700954007\n|move|p1a: Bocho|Scale Shot|p2a: Sui\n|-damage|p2a: Sui|41\/100\n|-damage|p2a: Sui|28\/100\n|-damage|p2a: Sui|16\/100\n|-damage|p2a: Sui|2\/100\n|-damage|p2a: Sui|0 fnt\n|faint|p2a: Sui\n|-hitcount|p2: Sui|5\n|-unboost|p1a: Bocho|def|1\n|-boost|p1a: Bocho|spe|1\n|\n|-weather|RainDance|[upkeep]\n|upkeep\n|c| lolowtf09|el nombre del swampert me recuerda a un meme muy malo xd\n|\n|t:|1700954020\n|switch|p2a: Ansel|Lopunny-Mega, M, shiny|100\/100\n|turn|17\n|\n|t:|1700954033\n|move|p2a: Ansel|Fake Out|p1a: Bocho\n|-damage|p1a: Bocho|4\/100\n|-damage|p2a: Ansel|88\/100|[from] ability: Rough Skin|[of] p1a: Bocho\n|cant|p1a: Bocho|flinch\n|\n|-weather|RainDance|[upkeep]\n|upkeep\n|turn|18\n|c| Sylveon(404)|bocho besto agua\n|\n|t:|1700954046\n|switch|p2a: El Paria|Landorus-Therian, M|100\/100\n|-ability|p2a: El Paria|Intimidate|boost\n|-unboost|p1a: Bocho|atk|1\n|move|p1a: Bocho|Liquidation|p2a: El Paria\n|-supereffective|p2a: El Paria\n|-damage|p2a: El Paria|3\/100\n|-unboost|p2a: El Paria|def|1\n|\n|-weather|RainDance|[upkeep]\n|upkeep\n|turn|19\n|c| Sylveon(404)|el paria XDDDDDDDDDDDD\n|c|\u2606Void280|Me jodi\u00f3 el 10%\n|c| lolowtf09|bocho con nado rapido sisisis\n|\n|t:|1700954057\n|move|p1a: Bocho|Liquidation|p2a: El Paria\n|-supereffective|p2a: El Paria\n|-damage|p2a: El Paria|0 fnt\n|faint|p2a: El Paria\n|\n|-weather|RainDance|[upkeep]\n|upkeep\n|\n|t:|1700954063\n|switch|p2a: Ansel|Lopunny-Mega, M, shiny|88\/100\n|turn|20\n|\n|t:|1700954067\n|switch|p1a: Weater report|Pelipper, M|85\/100\n|move|p2a: Ansel|Fake Out|p1a: Weater report\n|-damage|p1a: Weater report|69\/100\n|\n|-weather|none\n|upkeep\n|turn|21\n|c| Sylveon(404)|molina busca ese 6-0\n|\n|t:|1700954078\n|move|p2a: Ansel|Triple Axel|p1a: Weater report\n|-damage|p1a: Weater report|63\/100\n|-damage|p1a: Weater report|52\/100\n|-damage|p1a: Weater report|35\/100\n|-hitcount|p1a: Weater report|3\n|move|p1a: Weater report|Hurricane|p2a: Ansel\n|-supereffective|p2a: Ansel\n|-damage|p2a: Ansel|0 fnt\n|faint|p2a: Ansel\n|\n|upkeep\n|c| Sylveon(404)|a la mrd\n|c| WSoldat|Tendria senrido, es un puto tiburon\n|c| Sai4rr|Se viene\n|\n|t:|1700954088\n|switch|p2a: Bless|Togekiss, F|100\/100\n|turn|22\n|c| WSoldat|Aunqur por tipo le vendria mejor sand rush\n|c| lolowtf09|ahora mata a todo con paraflinch\n|c| Sylveon(404)|es un tiburon jet dragon de arena garchomp\n|\n|t:|1700954106\n|switch|p1a: Poseidon|Empoleon, M|100\/100\n|move|p2a: Bless|Air Slash|p1a: Poseidon\n|-resisted|p1a: Poseidon\n|-damage|p1a: Poseidon|82\/100\n|\n|upkeep\n|turn|23\n|\n|t:|1700954118\n|move|p2a: Bless|Air Slash|p1a: Poseidon\n|-resisted|p1a: Poseidon\n|-damage|p1a: Poseidon|63\/100\n|cant|p1a: Poseidon|flinch\n|\n|upkeep\n|turn|24\n|\n|t:|1700954123\n|move|p2a: Bless|Air Slash|p1a: Poseidon\n|-resisted|p1a: Poseidon\n|-damage|p1a: Poseidon|46\/100\n|cant|p1a: Poseidon|flinch\n|\n|upkeep\n|turn|25\n|\n|t:|1700954128\n|move|p2a: Bless|Air Slash|p1a: Poseidon\n|-resisted|p1a: Poseidon\n|-damage|p1a: Poseidon|26\/100\n|move|p1a: Poseidon|Surf|p2a: Bless\n|-damage|p2a: Bless|63\/100\n|\n|-heal|p2a: Bless|69\/100|[from] item: Leftovers\n|upkeep\n|turn|26\n|c| lolowtf09|lo va hacer\n|\n|t:|1700954139\n|switch|p1a: Weater report|Pelipper, M|35\/100\n|-weather|RainDance|[from] ability: Drizzle|[of] p1a: Weater report\n|move|p2a: Bless|Air Slash|p1a: Weater report\n|-damage|p1a: Weater report|0 fnt\n|faint|p1a: Weater report\n|\n|-weather|RainDance|[upkeep]\n|-heal|p2a: Bless|75\/100|[from] item: Leftovers\n|upkeep\n|\n|t:|1700954142\n|switch|p1a: Jatziri|Swampert-Mega, F|20\/100\n|turn|27\n|c|\u2606Void280|Bueno, no hubo 6 - 0\n|c| lolowtf09|ya no es 6-0\n|c| lolowtf09|algo es algo\n|\n|t:|1700954159\n|move|p1a: Jatziri|Waterfall|p2a: Bless\n|-damage|p2a: Bless|0 fnt\n|faint|p2a: Bless\n|\n|win|RARMolina\n|c|\u2606Void280|gg igual\n|c|\u2606RARMolina|Gg\n","uploadtime":1700954166,"views":5,"p1id":"rarmolina","p2id":"void280","formatid":"gen9nationaldex","rating":0,"private":0,"password":""}