{"id":"gen9nationaldex-1992976156","p1":"josepoggg","p2":"AshKetchumnotfake","format":"[Gen 9] National Dex","log":"|j|\u2606josepoggg\n|j|\u2606AshKetchumnotfake\n|t:|1700251948\n|gametype|singles\n|player|p1|josepoggg|nate|1107\n|player|p2|AshKetchumnotfake|ash|1000\n|teamsize|p1|6\n|teamsize|p2|6\n|gen|9\n|tier|[Gen 9] National Dex\n|rated|\n|rule|HP Percentage Mod: HP is shown in percentages\n|rule|Endless Battle Clause: Forcing endless battles is banned\n|rule|OHKO Clause: OHKO moves are banned\n|rule|Evasion Clause: Evasion abilities, items, and moves are banned\n|rule|Evasion Abilities Clause: Evasion abilities are banned\n|rule|Evasion Items Clause: Evasion items are banned\n|rule|Evasion Moves Clause: Evasion moves are banned\n|rule|Species Clause: Limit one of each Pok\u00e9mon\n|rule|Sleep Clause Mod: Limit one foe put to sleep\n|clearpoke\n|poke|p1|Typhlosion-Hisui, M|\n|poke|p1|Torterra, F|\n|poke|p1|Samurott-Hisui, F|\n|poke|p1|Empoleon, M|\n|poke|p1|Rillaboom, F|\n|poke|p1|Blaziken, F|\n|poke|p2|Pikachu-Original, M|\n|poke|p2|Talonflame, F|\n|poke|p2|Greninja-*, M|\n|poke|p2|Hawlucha, M|\n|poke|p2|Noivern, M|\n|poke|p2|Goodra, F|\n|teampreview\n|inactive|Battle timer is ON: inactive players will automatically lose when time's up. (requested by josepoggg)\n|c|\u2606AshKetchumnotfake|Pikachu, I choose you!\n|\n|t:|1700251974\n|start\n|switch|p1a: Torterra|Torterra, F|100\/100\n|switch|p2a: Pikachu|Pikachu-Original, M|100\/100\n|turn|1\n|\n|t:|1700251983\n|move|p2a: Pikachu|Iron Tail|p1a: Torterra\n|-damage|p1a: Torterra|68\/100\n|move|p1a: Torterra|Shell Smash|p1a: Torterra\n|-unboost|p1a: Torterra|def|1\n|-unboost|p1a: Torterra|spd|1\n|-boost|p1a: Torterra|atk|2\n|-boost|p1a: Torterra|spa|2\n|-boost|p1a: Torterra|spe|2\n|-enditem|p1a: Torterra|White Herb\n|-clearnegativeboost|p1a: Torterra|[silent]\n|\n|upkeep\n|turn|2\n|\n|t:|1700251995\n|move|p1a: Torterra|Rock Slide|p2a: Pikachu\n|-crit|p2a: Pikachu\n|-damage|p2a: Pikachu|0 fnt\n|faint|p2a: Pikachu\n|\n|upkeep\n|\n|t:|1700252000\n|switch|p2a: Talonflame|Talonflame, F|100\/100\n|turn|3\n|\n|t:|1700252006\n|move|p1a: Torterra|Rock Slide|p2a: Talonflame\n|-supereffective|p2a: Talonflame\n|-damage|p2a: Talonflame|0 fnt\n|faint|p2a: Talonflame\n|\n|upkeep\n|\n|t:|1700252012\n|switch|p2a: Hawlucha|Hawlucha, M|100\/100\n|turn|4\n|\n|t:|1700252019\n|move|p1a: Torterra|Seed Bomb|p2a: Hawlucha\n|-resisted|p2a: Hawlucha\n|-damage|p2a: Hawlucha|57\/100\n|move|p2a: Hawlucha|Acrobatics|p1a: Torterra\n|-supereffective|p1a: Torterra\n|-damage|p1a: Torterra|24\/100\n|\n|upkeep\n|turn|5\n|\n|t:|1700252027\n|move|p1a: Torterra|Rock Slide|p2a: Hawlucha\n|-damage|p2a: Hawlucha|3\/100\n|move|p2a: Hawlucha|Roost|p2a: Hawlucha\n|-heal|p2a: Hawlucha|53\/100\n|-singleturn|p2a: Hawlucha|move: Roost\n|\n|upkeep\n|turn|6\n|\n|t:|1700252038\n|move|p1a: Torterra|Seed Bomb|p2a: Hawlucha\n|-resisted|p2a: Hawlucha\n|-damage|p2a: Hawlucha|15\/100\n|move|p2a: Hawlucha|Drain Punch|p1a: Torterra\n|-damage|p1a: Torterra|0 fnt\n|-heal|p2a: Hawlucha|28\/100|[from] drain|[of] p1a: Torterra\n|faint|p1a: Torterra\n|\n|upkeep\n|\n|t:|1700252051\n|switch|p1a: Typhlosion|Typhlosion-Hisui, M|100\/100\n|-item|p2a: Hawlucha|Weakness Policy|[from] ability: Frisk|[of] p1a: Typhlosion|[identify]\n|turn|7\n|\n|t:|1700252059\n|move|p1a: Typhlosion|Flamethrower|p2a: Hawlucha\n|-damage|p2a: Hawlucha|0 fnt\n|faint|p2a: Hawlucha\n|\n|upkeep\n|\n|t:|1700252064\n|switch|p2a: Greninja|Greninja, M|100\/100\n|turn|8\n|\n|t:|1700252071\n|switch|p1a: Samurott|Samurott-Hisui, F|100\/100\n|move|p2a: Greninja|Water Shuriken|p1a: Samurott\n|-resisted|p1a: Samurott\n|-damage|p1a: Samurott|97\/100\n|-resisted|p1a: Samurott\n|-damage|p1a: Samurott|94\/100\n|-resisted|p1a: Samurott\n|-damage|p1a: Samurott|91\/100\n|-resisted|p1a: Samurott\n|-damage|p1a: Samurott|87\/100\n|-hitcount|p1a: Samurott|4\n|\n|upkeep\n|turn|9\n|\n|t:|1700252090\n|switch|p2a: Noivern|Noivern, M|100\/100\n|move|p1a: Samurott|Ceaseless Edge|p2a: Noivern|[miss]\n|-miss|p1a: Samurott|p2a: Noivern\n|\n|upkeep\n|turn|10\n|\n|t:|1700252101\n|move|p2a: Noivern|Flamethrower|p1a: Samurott\n|-resisted|p1a: Samurott\n|-damage|p1a: Samurott|72\/100\n|-damage|p2a: Noivern|91\/100|[from] item: Life Orb\n|move|p1a: Samurott|Ceaseless Edge|p2a: Noivern\n|-damage|p2a: Noivern|34\/100\n|-sidestart|p2: AshKetchumnotfake|Spikes\n|\n|upkeep\n|turn|11\n|\n|t:|1700252111\n|move|p2a: Noivern|Hurricane|p1a: Samurott\n|-damage|p1a: Samurott|20\/100\n|-start|p1a: Samurott|confusion\n|-damage|p2a: Noivern|24\/100|[from] item: Life Orb\n|-activate|p1a: Samurott|confusion\n|move|p1a: Samurott|Ceaseless Edge|p2a: Noivern\n|-damage|p2a: Noivern|0 fnt\n|-sidestart|p2: AshKetchumnotfake|Spikes\n|faint|p2a: Noivern\n|\n|upkeep\n|\n|t:|1700252122\n|switch|p2a: Goodra|Goodra, F|100\/100\n|-damage|p2a: Goodra|84\/100|[from] Spikes\n|turn|12\n|\n|t:|1700252129\n|-end|p1a: Samurott|confusion\n|move|p1a: Samurott|Sacred Sword|p2a: Goodra\n|-damage|p2a: Goodra|36\/100\n|-ability|p2a: Goodra|Gooey\n|-unboost|p1a: Samurott|spe|1\n|move|p2a: Goodra|Sludge Wave|p1a: Samurott\n|-crit|p1a: Samurott\n|-damage|p1a: Samurott|0 fnt\n|faint|p1a: Samurott\n|\n|upkeep\n|\n|t:|1700252144\n|switch|p1a: Empoleon|Empoleon, M|100\/100\n|turn|13\n|\n|t:|1700252174\n|move|p2a: Goodra|Thunderbolt|p1a: Empoleon\n|-supereffective|p1a: Empoleon\n|-damage|p1a: Empoleon|47\/100\n|move|p1a: Empoleon|Flash Cannon|p2a: Goodra\n|-damage|p2a: Goodra|21\/100\n|-unboost|p2a: Goodra|spd|1\n|\n|-heal|p1a: Empoleon|53\/100|[from] item: Leftovers\n|upkeep\n|turn|14\n|\n|t:|1700252185\n|move|p2a: Goodra|Thunderbolt|p1a: Empoleon\n|-supereffective|p1a: Empoleon\n|-damage|p1a: Empoleon|0 fnt\n|faint|p1a: Empoleon\n|\n|upkeep\n|\n|t:|1700252193\n|switch|p1a: Typhlosion|Typhlosion-Hisui, M|100\/100\n|-item|p2a: Goodra|Assault Vest|[from] ability: Frisk|[of] p1a: Typhlosion|[identify]\n|turn|15\n|\n|t:|1700252212\n|move|p1a: Typhlosion|Eruption|p2a: Goodra\n|-resisted|p2a: Goodra\n|-damage|p2a: Goodra|0 fnt\n|faint|p2a: Goodra\n|\n|upkeep\n|\n|t:|1700252217\n|switch|p2a: Greninja|Greninja, M|100\/100\n|-damage|p2a: Greninja|84\/100|[from] Spikes\n|turn|16\n|\n|t:|1700252222\n|-terastallize|p1a: Typhlosion|Fire\n|move|p2a: Greninja|Water Shuriken|p1a: Typhlosion\n|-supereffective|p1a: Typhlosion\n|-damage|p1a: Typhlosion|81\/100\n|-supereffective|p1a: Typhlosion\n|-damage|p1a: Typhlosion|59\/100\n|-supereffective|p1a: Typhlosion\n|-crit|p1a: Typhlosion\n|-damage|p1a: Typhlosion|27\/100\n|-supereffective|p1a: Typhlosion\n|-crit|p1a: Typhlosion\n|-damage|p1a: Typhlosion|0 fnt\n|faint|p1a: Typhlosion\n|-ability|p2a: Greninja|Battle Bond|boost\n|-boost|p2a: Greninja|atk|1\n|-boost|p2a: Greninja|spa|1\n|-boost|p2a: Greninja|spe|1\n|-activate|p2a: Greninja|ability: Battle Bond\n|-hitcount|p1: Typhlosion|4\n|\n|upkeep\n|\n|t:|1700252229\n|switch|p1a: Rillaboom|Rillaboom, F|100\/100\n|-fieldstart|move: Grassy Terrain|[from] ability: Grassy Surge|[of] p1a: Rillaboom\n|turn|17\n|\n|t:|1700252240\n|move|p1a: Rillaboom|Grassy Glide|p2a: Greninja\n|-supereffective|p2a: Greninja\n|-damage|p2a: Greninja|0 fnt\n|faint|p2a: Greninja\n|\n|win|josepoggg\n|raw|josepoggg's rating: 1107 &rarr; <strong>1125<\/strong><br \/>(+18 for winning)\n|raw|AshKetchumnotfake's rating: 1000 &rarr; <strong>1000<\/strong><br \/>(+0 for losing)\n|c|\u2606AshKetchumnotfake|gg\n|c|\u2606josepoggg|Gg\n","uploadtime":1700252262,"views":7,"p1id":"josepoggg","p2id":"ashketchumnotfake","formatid":"gen9nationaldex","rating":1000,"private":0,"password":""}