{"id":"gen9nationaldex-1993711564","p1":"Sai4rr","p2":"Leviatan4","format":"[Gen 9] National Dex","log":"|j|\u2606Sai4rr\n|j|\u2606Leviatan4\n|t:|1700348307\n|gametype|singles\n|player|p1|Sai4rr|elesa|\n|player|p2|Leviatan4|scientist-gen4dp|\n|teamsize|p1|6\n|teamsize|p2|6\n|gen|9\n|tier|[Gen 9] National Dex\n|rule|HP Percentage Mod: HP is shown in percentages\n|rule|Endless Battle Clause: Forcing endless battles is banned\n|rule|OHKO Clause: OHKO moves are banned\n|rule|Evasion Clause: Evasion abilities, items, and moves are banned\n|rule|Evasion Abilities Clause: Evasion abilities are banned\n|rule|Evasion Items Clause: Evasion items are banned\n|rule|Evasion Moves Clause: Evasion moves are banned\n|rule|Species Clause: Limit one of each Pok\u00e9mon\n|rule|Sleep Clause Mod: Limit one foe put to sleep\n|clearpoke\n|poke|p1|Sneasler, F|\n|poke|p1|Medicham, M|\n|poke|p1|Greninja-*, M|\n|poke|p1|Espeon, F|\n|poke|p1|Dragonite, M|\n|poke|p1|Cetitan, F|\n|poke|p2|Scizor, F|\n|poke|p2|Lokix, M|\n|poke|p2|Volcarona, F|\n|poke|p2|Forretress, M|\n|poke|p2|Heracross, M|\n|poke|p2|Yanmega, M|\n|teampreview\n|c|\u2606Leviatan4|Hola :)\n|\n|t:|1700348340\n|start\n|switch|p1a: Cetitan|Cetitan, F, shiny|100\/100\n|switch|p2a: Cannonball|Forretress, M|100\/100\n|turn|1\n|c|\u2606Sai4rr|Ola\n|\n|t:|1700348359\n|move|p1a: Cetitan|Belly Drum|p1a: Cetitan\n|-damage|p1a: Cetitan|50\/100\n|-setboost|p1a: Cetitan|atk|6|[from] move: Belly Drum\n|-enditem|p1a: Cetitan|Sitrus Berry|[eat]\n|-heal|p1a: Cetitan|75\/100|[from] item: Sitrus Berry\n|move|p2a: Cannonball|Spikes|p1a: Cetitan\n|-sidestart|p1: Sai4rr|Spikes\n|\n|upkeep\n|turn|2\n|\n|t:|1700348370\n|move|p1a: Cetitan|Ice Shard|p2a: Cannonball\n|-resisted|p2a: Cannonball\n|-damage|p2a: Cannonball|76\/100\n|move|p2a: Cannonball|Gyro Ball|p1a: Cetitan\n|-supereffective|p1a: Cetitan\n|-damage|p1a: Cetitan|48\/100\n|\n|upkeep\n|turn|3\n|\n|t:|1700348383\n|move|p1a: Cetitan|Earthquake|p2a: Cannonball\n|-damage|p2a: Cannonball|0 fnt\n|faint|p2a: Cannonball\n|\n|upkeep\n|\n|t:|1700348388\n|switch|p2a: Flash|Lokix, M|100\/100\n|turn|4\n|j| Arlo Ghost\n|\n|t:|1700348395\n|move|p2a: Flash|First Impression|p1a: Cetitan\n|-damage|p1a: Cetitan|0 fnt\n|faint|p1a: Cetitan\n|-damage|p2a: Flash|91\/100|[from] item: Life Orb\n|\n|upkeep\n|\n|t:|1700348416\n|switch|p1a: ArribaEspa\u00f1a|Dragonite, M, shiny|100\/100\n|turn|5\n|\n|t:|1700348420\n|move|p2a: Flash|U-turn|p1a: ArribaEspa\u00f1a\n|-resisted|p1a: ArribaEspa\u00f1a\n|-damage|p1a: ArribaEspa\u00f1a|78\/100\n|-damage|p2a: Flash|81\/100|[from] item: Life Orb\n|\n|t:|1700348429\n|switch|p2a: Yanmega|Yanmega, M|100\/100|[from] U-turn\n|move|p1a: ArribaEspa\u00f1a|Dragon Dance|p1a: ArribaEspa\u00f1a\n|-boost|p1a: ArribaEspa\u00f1a|atk|1\n|-boost|p1a: ArribaEspa\u00f1a|spe|1\n|\n|upkeep\n|turn|6\n|\n|t:|1700348439\n|move|p1a: ArribaEspa\u00f1a|Earthquake|p2a: Yanmega\n|-immune|p2a: Yanmega\n|move|p2a: Yanmega|Ancient Power|p1a: ArribaEspa\u00f1a\n|-supereffective|p1a: ArribaEspa\u00f1a\n|-crit|p1a: ArribaEspa\u00f1a\n|-damage|p1a: ArribaEspa\u00f1a|11\/100\n|\n|-ability|p2a: Yanmega|Speed Boost|boost\n|-boost|p2a: Yanmega|spe|1\n|upkeep\n|turn|7\n|c| Arlo Ghost|\u00bf\n|c| Arlo Ghost|ese terremoto gratis\n|\n|t:|1700348452\n|move|p1a: ArribaEspa\u00f1a|Extreme Speed|p2a: Yanmega\n|-damage|p2a: Yanmega|39\/100\n|move|p2a: Yanmega|Giga Drain|p1a: ArribaEspa\u00f1a\n|-resisted|p1a: ArribaEspa\u00f1a\n|-damage|p1a: ArribaEspa\u00f1a|3\/100\n|-heal|p2a: Yanmega|43\/100|[from] drain|[of] p1a: ArribaEspa\u00f1a\n|\n|-heal|p2a: Yanmega|49\/100|[from] item: Leftovers\n|-ability|p2a: Yanmega|Speed Boost|boost\n|-boost|p2a: Yanmega|spe|1\n|upkeep\n|turn|8\n|\n|t:|1700348464\n|move|p1a: ArribaEspa\u00f1a|Extreme Speed|p2a: Yanmega\n|-damage|p2a: Yanmega|0 fnt\n|faint|p2a: Yanmega\n|\n|upkeep\n|l| Arlo Ghost\n|\n|t:|1700348480\n|switch|p2a: Flash|Lokix, M|81\/100\n|turn|9\n|\n|t:|1700348491\n|move|p1a: ArribaEspa\u00f1a|Extreme Speed|p2a: Flash\n|-damage|p2a: Flash|7\/100\n|move|p2a: Flash|First Impression|p1a: ArribaEspa\u00f1a\n|-resisted|p1a: ArribaEspa\u00f1a\n|-crit|p1a: ArribaEspa\u00f1a\n|-damage|p1a: ArribaEspa\u00f1a|0 fnt\n|faint|p1a: ArribaEspa\u00f1a\n|-damage|p2a: Flash|0 fnt|[from] item: Life Orb\n|faint|p2a: Flash\n|\n|upkeep\n|c|\u2606Leviatan4|:o\n|\n|t:|1700348519\n|switch|p2a: Strength|Heracross, M|100\/100\n|switch|p1a: Mediputas|Medicham, M, shiny|100\/100\n|-damage|p1a: Mediputas|88\/100|[from] Spikes\n|turn|10\n|\n|t:|1700348534\n|detailschange|p1a: Mediputas|Medicham-Mega, M, shiny\n|-mega|p1a: Mediputas|Medicham|Medichamite\n|move|p1a: Mediputas|Fake Out|p2a: Strength\n|-damage|p2a: Strength|67\/100\n|cant|p2a: Strength|flinch\n|\n|upkeep\n|turn|11\n|\n|t:|1700348546\n|move|p2a: Strength|Megahorn|p1a: Mediputas\n|-damage|p1a: Mediputas|4\/100\n|move|p1a: Mediputas|Zen Headbutt|p2a: Strength\n|-supereffective|p2a: Strength\n|-damage|p2a: Strength|0 fnt\n|faint|p2a: Strength\n|\n|upkeep\n|\n|t:|1700348556\n|switch|p2a: Ra|Volcarona, F, shiny|100\/100\n|turn|12\n|j| PeppsiAsiEs\n|\n|t:|1700348572\n|move|p1a: Mediputas|Close Combat|p2a: Ra\n|-resisted|p2a: Ra\n|-damage|p2a: Ra|8\/100\n|-unboost|p1a: Mediputas|def|1\n|-unboost|p1a: Mediputas|spd|1\n|-status|p1a: Mediputas|brn|[from] ability: Flame Body|[of] p2a: Ra\n|move|p2a: Ra|Quiver Dance|p2a: Ra\n|-boost|p2a: Ra|spa|1\n|-boost|p2a: Ra|spd|1\n|-boost|p2a: Ra|spe|1\n|\n|-damage|p1a: Mediputas|0 fnt|[from] brn\n|faint|p1a: Mediputas\n|upkeep\n|c| PeppsiAsiEs|santas cachuchas\n|c| PeppsiAsiEs|lo que quita esa puta\n|c|\u2606Leviatan4|:o\n|\n|t:|1700348594\n|switch|p1a: Yosuke|Greninja, M|100\/100\n|-damage|p1a: Yosuke|88\/100|[from] Spikes\n|turn|13\n|\n|t:|1700348607\n|move|p2a: Ra|Bug Buzz|p1a: Yosuke\n|-supereffective|p1a: Yosuke\n|-damage|p1a: Yosuke|0 fnt\n|faint|p1a: Yosuke\n|\n|upkeep\n|\n|t:|1700348614\n|switch|p1a: La veneno|Sneasler, F, shiny|100\/100\n|-damage|p1a: La veneno|88\/100|[from] Spikes\n|turn|14\n|\n|t:|1700348620\n|move|p2a: Ra|Fiery Dance|p1a: La veneno\n|-damage|p1a: La veneno|0 fnt\n|faint|p1a: La veneno\n|\n|upkeep\n|\n|t:|1700348626\n|switch|p1a: Psique|Espeon, F|100\/100\n|-damage|p1a: Psique|88\/100|[from] Spikes\n|turn|15\n|\n|t:|1700348631\n|move|p2a: Ra|Bug Buzz|p1a: Psique\n|-supereffective|p1a: Psique\n|-damage|p1a: Psique|0 fnt\n|faint|p1a: Psique\n|\n|win|Leviatan4\n|c|\u2606Sai4rr|Gg\n|c|\u2606Leviatan4|gg\n|l|\u2606Sai4rr\n","uploadtime":1700348649,"views":7,"p1id":"sai4rr","p2id":"leviatan4","formatid":"gen9nationaldex","rating":0,"private":0,"password":""}