{"id":"gen9nationaldex-2000313229","p1":"boi in the back","p2":"PlaySnootgame","format":"[Gen 9] National Dex","log":"|html|<div class=\"broadcast-blue\"><strong>[Gen 9] National Dex is currently suspecting Sneasler! For information on how to participate check out the <a href=\"https:\/\/www.smogon.com\/forums\/threads\/sv-national-dex-suspect-8-just-dance.3731534\/\">suspect thread<\/a>.<\/strong><\/div>\n|j|\u2606boi in the back\n|j|\u2606PlaySnootgame\n|t:|1701184026\n|gametype|singles\n|player|p1|boi in the back|penny|1173\n|player|p2|PlaySnootgame|101|1068\n|teamsize|p1|6\n|teamsize|p2|6\n|gen|9\n|tier|[Gen 9] National Dex\n|rated|\n|rule|HP Percentage Mod: HP is shown in percentages\n|rule|Endless Battle Clause: Forcing endless battles is banned\n|rule|OHKO Clause: OHKO moves are banned\n|rule|Evasion Clause: Evasion abilities, items, and moves are banned\n|rule|Evasion Abilities Clause: Evasion abilities are banned\n|rule|Evasion Items Clause: Evasion items are banned\n|rule|Evasion Moves Clause: Evasion moves are banned\n|rule|Species Clause: Limit one of each Pok\u00e9mon\n|rule|Sleep Clause Mod: Limit one foe put to sleep\n|clearpoke\n|poke|p1|Victini|\n|poke|p1|Charizard, F|\n|poke|p1|Tornadus-Therian, M|\n|poke|p1|Aegislash, F|\n|poke|p1|Gliscor, F|\n|poke|p1|Toxapex, F|\n|poke|p2|Meowscarada, F|\n|poke|p2|Gardevoir, F|\n|poke|p2|Vaporeon, F|\n|poke|p2|Delphox, F|\n|poke|p2|Lopunny, F|\n|poke|p2|Salazzle, F|\n|teampreview\n|inactive|Battle timer is ON: inactive players will automatically lose when time's up. (requested by boi in the back)\n|c|\u2606boi in the back|hmm\n|c|\u2606PlaySnootgame|hmm indeed\n|inactive|boi in the back has 120 seconds left.\n|\n|t:|1701184065\n|start\n|switch|p1a: Charizard|Charizard, F|100\/100\n|switch|p2a: Weed bro|Meowscarada, F, shiny|100\/100\n|turn|1\n|\n|t:|1701184069\n|detailschange|p1a: Charizard|Charizard-Mega-Y, F\n|-mega|p1a: Charizard|Charizard|Charizardite Y\n|-weather|SunnyDay|[from] ability: Drought|[of] p1a: Charizard\n|move|p2a: Weed bro|Thunder Punch|p1a: Charizard\n|-start|p2a: Weed bro|typechange|Electric|[from] ability: Protean\n|-supereffective|p1a: Charizard\n|-damage|p1a: Charizard|0 fnt\n|faint|p1a: Charizard\n|-damage|p2a: Weed bro|91\/100|[from] item: Life Orb\n|\n|-weather|SunnyDay|[upkeep]\n|upkeep\n|\n|t:|1701184077\n|switch|p1a: Victini|Victini|100\/100\n|turn|2\n|\n|t:|1701184081\n|move|p2a: Weed bro|U-turn|p1a: Victini\n|-damage|p1a: Victini|71\/100\n|-damage|p2a: Weed bro|81\/100|[from] item: Life Orb\n|\n|t:|1701184085\n|switch|p2a: Joker DONT|Lopunny, F, shiny|100\/100|[from] U-turn\n|-zpower|p1a: Victini\n|move|p1a: Victini|Z-Celebrate|p1a: Victini|[anim]Celebrate\n|-boost|p1a: Victini|atk|1|[zeffect]\n|-boost|p1a: Victini|def|1|[zeffect]\n|-boost|p1a: Victini|spa|1|[zeffect]\n|-boost|p1a: Victini|spd|1|[zeffect]\n|-boost|p1a: Victini|spe|1|[zeffect]\n|-activate|p1a: Victini|move: Celebrate\n|\n|-weather|SunnyDay|[upkeep]\n|upkeep\n|turn|3\n|\n|t:|1701184097\n|detailschange|p2a: Joker DONT|Lopunny-Mega, F, shiny\n|-mega|p2a: Joker DONT|Lopunny|Lopunnite\n|move|p2a: Joker DONT|Fake Out|p1a: Victini\n|-damage|p1a: Victini|56\/100\n|cant|p1a: Victini|flinch\n|\n|-weather|SunnyDay|[upkeep]\n|upkeep\n|turn|4\n|\n|t:|1701184111\n|move|p1a: Victini|Searing Shot|p2a: Joker DONT\n|-crit|p2a: Joker DONT\n|-damage|p2a: Joker DONT|0 fnt\n|faint|p2a: Joker DONT\n|\n|-weather|SunnyDay|[upkeep]\n|upkeep\n|\n|t:|1701184114\n|switch|p2a: Scalie|Salazzle, F|100\/100\n|turn|5\n|\n|t:|1701184117\n|move|p1a: Victini|Psyshock|p2a: Scalie\n|-supereffective|p2a: Scalie\n|-damage|p2a: Scalie|0 fnt\n|faint|p2a: Scalie\n|\n|-weather|none\n|upkeep\n|\n|t:|1701184123\n|switch|p2a: Yes I do know|Vaporeon, F|100\/100\n|turn|6\n|\n|t:|1701184126\n|move|p1a: Victini|Thunderbolt|p2a: Yes I do know\n|-supereffective|p2a: Yes I do know\n|-damage|p2a: Yes I do know|54\/100\n|-status|p2a: Yes I do know|par\n|move|p2a: Yes I do know|Hydro Pump|p1a: Victini|[miss]\n|-miss|p2a: Yes I do know|p1a: Victini\n|\n|-heal|p2a: Yes I do know|60\/100 par|[from] item: Leftovers\n|upkeep\n|turn|7\n|c|\u2606PlaySnootgame|...\n|c|\u2606PlaySnootgame|no wat+\n|c|\u2606PlaySnootgame|like nah\n|\n|t:|1701184141\n|move|p1a: Victini|Thunderbolt|p2a: Yes I do know\n|-supereffective|p2a: Yes I do know\n|-damage|p2a: Yes I do know|19\/100 par\n|move|p2a: Yes I do know|Hydro Pump|p1a: Victini|[miss]\n|-miss|p2a: Yes I do know|p1a: Victini\n|\n|-heal|p2a: Yes I do know|25\/100 par|[from] item: Leftovers\n|upkeep\n|turn|8\n|c|\u2606PlaySnootgame|NAH\n|c|\u2606boi in the back|unfortunate\n|\n|t:|1701184160\n|switch|p2a: Storytime|Gardevoir, F, shiny|100\/100\n|-ability|p2a: Storytime|Victory Star|[from] ability: Trace|[of] p1a: Victini\n|move|p1a: Victini|Psyshock|p2a: Storytime\n|-resisted|p2a: Storytime\n|-damage|p2a: Storytime|61\/100\n|\n|-heal|p2a: Storytime|67\/100|[from] item: Leftovers\n|upkeep\n|turn|9\n|\n|t:|1701184169\n|move|p1a: Victini|Searing Shot|p2a: Storytime\n|-damage|p2a: Storytime|13\/100\n|move|p2a: Storytime|Wish|p2a: Storytime\n|\n|-heal|p2a: Storytime|19\/100|[from] item: Leftovers\n|upkeep\n|turn|10\n|\n|t:|1701184176\n|switch|p2a: Yes I do know|Vaporeon, F|25\/100 par\n|move|p1a: Victini|Thunderbolt|p2a: Yes I do know\n|-supereffective|p2a: Yes I do know\n|-damage|p2a: Yes I do know|0 fnt\n|faint|p2a: Yes I do know\n|\n|upkeep\n|\n|t:|1701184181\n|switch|p2a: Furry|Delphox, F|100\/100\n|turn|11\n|\n|t:|1701184186\n|move|p1a: Victini|Thunderbolt|p2a: Furry\n|-damage|p2a: Furry|52\/100\n|move|p2a: Furry|Flamethrower|p1a: Victini\n|-resisted|p1a: Victini\n|-damage|p1a: Victini|42\/100\n|\n|upkeep\n|turn|12\n|\n|t:|1701184194\n|move|p1a: Victini|Thunderbolt|p2a: Furry\n|-crit|p2a: Furry\n|-damage|p2a: Furry|0 fnt\n|faint|p2a: Furry\n|\n|upkeep\n|\n|t:|1701184197\n|switch|p2a: Storytime|Gardevoir, F, shiny|19\/100\n|-ability|p2a: Storytime|Victory Star|[from] ability: Trace|[of] p1a: Victini\n|turn|13\n|\n|t:|1701184199\n|move|p1a: Victini|Thunderbolt|p2a: Storytime\n|-damage|p2a: Storytime|0 fnt\n|faint|p2a: Storytime\n|\n|upkeep\n|c|\u2606PlaySnootgame|nah\n|c|\u2606PlaySnootgame|gg\n|c|\u2606boi in the back|gg\n|\n|t:|1701184205\n|switch|p2a: Weed bro|Meowscarada, F, shiny|81\/100\n|turn|14\n|\n|t:|1701184208\n|move|p1a: Victini|Searing Shot|p2a: Weed bro\n|-supereffective|p2a: Weed bro\n|-damage|p2a: Weed bro|0 fnt\n|faint|p2a: Weed bro\n|\n|win|boi in the back\n|raw|boi in the back's rating: 1173 &rarr; <strong>1191<\/strong><br \/>(+18 for winning)\n|raw|PlaySnootgame's rating: 1068 &rarr; <strong>1054<\/strong><br \/>(-14 for losing)\n|l|\u2606PlaySnootgame\n","uploadtime":1701184211,"views":10,"p1id":"boiintheback","p2id":"playsnootgame","formatid":"gen9nationaldex","rating":1054,"private":0,"password":""}