{"id":"gen9nationaldex-1999238274","p1":"Shade Tatsu","p2":"sestroso","format":"[Gen 9] National Dex","log":"|html|<div class=\"broadcast-blue\"><strong>[Gen 9] National Dex is currently suspecting Sneasler! For information on how to participate check out the <a href=\"https:\/\/www.smogon.com\/forums\/threads\/sv-national-dex-suspect-8-just-dance.3731534\/\">suspect thread<\/a>.<\/strong><\/div>\n|j|\u2606Shade Tatsu\n|j|\u2606sestroso\n|t:|1701049277\n|gametype|singles\n|player|p1|Shade Tatsu|169|1118\n|player|p2|sestroso|hilbert|1011\n|teamsize|p1|6\n|teamsize|p2|6\n|gen|9\n|tier|[Gen 9] National Dex\n|rated|\n|rule|HP Percentage Mod: HP is shown in percentages\n|rule|Endless Battle Clause: Forcing endless battles is banned\n|rule|OHKO Clause: OHKO moves are banned\n|rule|Evasion Clause: Evasion abilities, items, and moves are banned\n|rule|Evasion Abilities Clause: Evasion abilities are banned\n|rule|Evasion Items Clause: Evasion items are banned\n|rule|Evasion Moves Clause: Evasion moves are banned\n|rule|Species Clause: Limit one of each Pok\u00e9mon\n|rule|Sleep Clause Mod: Limit one foe put to sleep\n|clearpoke\n|poke|p1|Torkoal, M|\n|poke|p1|Moltres|\n|poke|p1|Leafeon, F|\n|poke|p1|Heliolisk, F|\n|poke|p1|Charizard, F|\n|poke|p1|Incineroar, M|\n|poke|p2|Krookodile, M|\n|poke|p2|Charizard, M|\n|poke|p2|Empoleon, F|\n|poke|p2|Tauros-Paldea-Blaze, M|\n|poke|p2|Scizor, F|\n|poke|p2|Torterra, F|\n|teampreview\n|\n|t:|1701049282\n|start\n|switch|p1a: Torkoal|Torkoal, M|100\/100\n|switch|p2a: Empoleon|Empoleon, F|100\/100\n|-weather|SunnyDay|[from] ability: Drought|[of] p1a: Torkoal\n|turn|1\n|\n|t:|1701049296\n|move|p2a: Empoleon|Stealth Rock|p1a: Torkoal\n|-sidestart|p1: Shade Tatsu|move: Stealth Rock\n|move|p1a: Torkoal|Yawn|p2a: Empoleon\n|-start|p2a: Empoleon|move: Yawn|[of] p1a: Torkoal\n|\n|-weather|SunnyDay|[upkeep]\n|upkeep\n|turn|2\n|\n|t:|1701049303\n|move|p2a: Empoleon|Scald|p1a: Torkoal\n|-supereffective|p1a: Torkoal\n|-damage|p1a: Torkoal|74\/100\n|move|p1a: Torkoal|Rapid Spin|p2a: Empoleon\n|-resisted|p2a: Empoleon\n|-damage|p2a: Empoleon|96\/100\n|-boost|p1a: Torkoal|spe|1\n|-sideend|p1: Shade Tatsu|Stealth Rock|[from] move: Rapid Spin|[of] p1a: Torkoal\n|\n|-weather|SunnyDay|[upkeep]\n|-heal|p2a: Empoleon|100\/100|[from] item: Leftovers\n|-end|p2a: Empoleon|move: Yawn|[silent]\n|-status|p2a: Empoleon|slp\n|upkeep\n|turn|3\n|\n|t:|1701049313\n|switch|p1a: Moltres|Moltres|100\/100\n|-ability|p1a: Moltres|Pressure\n|cant|p2a: Empoleon|slp\n|\n|-weather|SunnyDay|[upkeep]\n|upkeep\n|turn|4\n|\n|t:|1701049320\n|-terastallize|p1a: Moltres|Fire\n|move|p1a: Moltres|Burn Up|p2a: Empoleon\n|-damage|p2a: Empoleon|0 fnt\n|-start|p1a: Moltres|typechange|Fire|[from] move: Burn Up\n|faint|p2a: Empoleon\n|\n|-weather|SunnyDay|[upkeep]\n|upkeep\n|\n|t:|1701049328\n|switch|p2a: Krookodile|Krookodile, M, shiny|100\/100\n|-ability|p2a: Krookodile|Intimidate|boost\n|-unboost|p1a: Moltres|atk|1\n|turn|5\n|\n|t:|1701049333\n|switch|p1a: Leafeon|Leafeon, F|100\/100\n|move|p2a: Krookodile|Stone Edge|p1a: Leafeon\n|-damage|p1a: Leafeon|69\/100\n|\n|-weather|SunnyDay|[upkeep]\n|upkeep\n|turn|6\n|\n|t:|1701049341\n|switch|p2a: Tauros|Tauros-Paldea-Blaze, M|100\/100\n|-ability|p2a: Tauros|Intimidate|boost\n|-unboost|p1a: Leafeon|atk|1\n|move|p1a: Leafeon|Solar Blade||[still]\n|-prepare|p1a: Leafeon|Solar Blade\n|-anim|p1a: Leafeon|Solar Blade|p2a: Tauros\n|-resisted|p2a: Tauros\n|-damage|p2a: Tauros|68\/100\n|\n|-weather|SunnyDay|[upkeep]\n|upkeep\n|turn|7\n|\n|t:|1701049352\n|switch|p1a: Incineroar|Incineroar, M|100\/100\n|-ability|p1a: Incineroar|Intimidate|boost\n|-unboost|p2a: Tauros|atk|1\n|move|p2a: Tauros|Raging Bull|p1a: Incineroar\n|-resisted|p1a: Incineroar\n|-damage|p1a: Incineroar|80\/100\n|\n|-weather|SunnyDay|[upkeep]\n|upkeep\n|turn|8\n|\n|t:|1701049360\n|move|p1a: Incineroar|Fake Out|p2a: Tauros\n|-damage|p2a: Tauros|51\/100\n|cant|p2a: Tauros|flinch\n|\n|-weather|none\n|upkeep\n|turn|9\n|\n|t:|1701049365\n|switch|p1a: Torkoal|Torkoal, M|74\/100\n|-weather|SunnyDay|[from] ability: Drought|[of] p1a: Torkoal\n|move|p2a: Tauros|Close Combat|p1a: Torkoal\n|-damage|p1a: Torkoal|45\/100\n|-unboost|p2a: Tauros|def|1\n|-unboost|p2a: Tauros|spd|1\n|\n|-weather|SunnyDay|[upkeep]\n|upkeep\n|turn|10\n|\n|t:|1701049374\n|move|p2a: Tauros|Bulk Up|p2a: Tauros\n|-boost|p2a: Tauros|atk|1\n|-boost|p2a: Tauros|def|1\n|move|p1a: Torkoal|Stealth Rock|p2a: Tauros\n|-sidestart|p2: sestroso|move: Stealth Rock\n|\n|-weather|SunnyDay|[upkeep]\n|upkeep\n|turn|11\n|\n|t:|1701049379\n|move|p2a: Tauros|Bulk Up|p2a: Tauros\n|-boost|p2a: Tauros|atk|1\n|-boost|p2a: Tauros|def|1\n|move|p1a: Torkoal|Yawn|p2a: Tauros\n|-start|p2a: Tauros|move: Yawn|[of] p1a: Torkoal\n|\n|-weather|SunnyDay|[upkeep]\n|upkeep\n|turn|12\n|\n|t:|1701049386\n|switch|p1a: Incineroar|Incineroar, M|80\/100\n|-ability|p1a: Incineroar|Intimidate|boost\n|-unboost|p2a: Tauros|atk|1\n|move|p2a: Tauros|Close Combat|p1a: Incineroar\n|-supereffective|p1a: Incineroar\n|-damage|p1a: Incineroar|0 fnt\n|-unboost|p2a: Tauros|def|1\n|-unboost|p2a: Tauros|spd|1\n|faint|p1a: Incineroar\n|\n|-weather|SunnyDay|[upkeep]\n|-end|p2a: Tauros|move: Yawn|[silent]\n|-status|p2a: Tauros|slp\n|upkeep\n|\n|t:|1701049389\n|switch|p1a: Moltres|Moltres, tera:Fire|100\/100\n|-ability|p1a: Moltres|Pressure\n|turn|13\n|\n|t:|1701049401\n|switch|p2a: Krookodile|Krookodile, M, shiny|100\/100\n|-damage|p2a: Krookodile|94\/100|[from] Stealth Rock\n|-ability|p2a: Krookodile|Intimidate|boost\n|-unboost|p1a: Moltres|atk|1\n|move|p1a: Moltres|Burn Up|p2a: Krookodile\n|-damage|p2a: Krookodile|0 fnt\n|-start|p1a: Moltres|typechange|Fire|[from] move: Burn Up\n|faint|p2a: Krookodile\n|\n|-weather|SunnyDay|[upkeep]\n|upkeep\n|\n|t:|1701049412\n|switch|p2a: Charizard|Charizard, M|100\/100\n|-damage|p2a: Charizard|51\/100|[from] Stealth Rock\n|turn|14\n|\n|t:|1701049420\n|detailschange|p2a: Charizard|Charizard-Mega-X, M\n|-mega|p2a: Charizard|Charizard|Charizardite X\n|move|p1a: Moltres|Burn Up|p2a: Charizard\n|-resisted|p2a: Charizard\n|-damage|p2a: Charizard|0 fnt\n|-start|p1a: Moltres|typechange|Fire|[from] move: Burn Up\n|faint|p2a: Charizard\n|\n|-weather|SunnyDay|[upkeep]\n|upkeep\n|\n|t:|1701049432\n|switch|p2a: Torterra|Torterra, F|100\/100\n|-damage|p2a: Torterra|94\/100|[from] Stealth Rock\n|turn|15\n|\n|t:|1701049437\n|move|p1a: Moltres|Burn Up|p2a: Torterra\n|-supereffective|p2a: Torterra\n|-damage|p2a: Torterra|0 fnt\n|-start|p1a: Moltres|typechange|Fire|[from] move: Burn Up\n|faint|p2a: Torterra\n|\n|-weather|SunnyDay|[upkeep]\n|upkeep\n|-message|sestroso forfeited.\n|\n|win|Shade Tatsu\n|raw|Shade Tatsu's rating: 1118 &rarr; <strong>1136<\/strong><br \/>(+18 for winning)\n|raw|sestroso's rating: 1011 &rarr; <strong>1003<\/strong><br \/>(-8 for losing)\n|l|\u2606sestroso\n","uploadtime":1701049453,"views":1,"p1id":"shadetatsu","p2id":"sestroso","formatid":"gen9nationaldex","rating":1003,"private":0,"password":""}