{"id":"gen9nationaldex-1996284291","p1":"TheGhostofSparta13","p2":"Tiago zei","format":"[Gen 9] National Dex","log":"|html|<div class=\"broadcast-blue\"><strong>[Gen 9] National Dex is currently suspecting Sneasler! For information on how to participate check out the <a href=\"https:\/\/www.smogon.com\/forums\/threads\/sv-national-dex-suspect-8-just-dance.3731534\/\">suspect thread<\/a>.<\/strong><\/div>\n|j|\u2606TheGhostofSparta13\n|j|\u203dTiago zei\n|t:|1700667419\n|gametype|singles\n|player|p1|TheGhostofSparta13|steven|1113\n|player|p2|Tiago zei|102|1083\n|teamsize|p1|6\n|teamsize|p2|6\n|gen|9\n|tier|[Gen 9] National Dex\n|rated|\n|rule|HP Percentage Mod: HP is shown in percentages\n|rule|Endless Battle Clause: Forcing endless battles is banned\n|rule|OHKO Clause: OHKO moves are banned\n|rule|Evasion Clause: Evasion abilities, items, and moves are banned\n|rule|Evasion Abilities Clause: Evasion abilities are banned\n|rule|Evasion Items Clause: Evasion items are banned\n|rule|Evasion Moves Clause: Evasion moves are banned\n|rule|Species Clause: Limit one of each Pok\u00e9mon\n|rule|Sleep Clause Mod: Limit one foe put to sleep\n|clearpoke\n|poke|p1|Haxorus, M|\n|poke|p1|Iron Valiant|\n|poke|p1|Ceruledge, F|\n|poke|p1|Gyarados, M|\n|poke|p1|Corviknight, F|\n|poke|p1|Crobat, M|\n|poke|p2|Ninetales-Alola, M|\n|poke|p2|Garganacl, M|\n|poke|p2|Heatran, F|\n|poke|p2|Gyarados, M|\n|poke|p2|Rillaboom, F|\n|poke|p2|Volcarona, M|\n|teampreview\n|inactive|Battle timer is ON: inactive players will automatically lose when time's up. (requested by Tiago zei)\n|\n|t:|1700667428\n|start\n|switch|p1a: Ceruledge|Ceruledge, F, shiny|100\/100\n|switch|p2a: Ninetales|Ninetales-Alola, M|100\/100\n|-weather|Snow|[from] ability: Snow Warning|[of] p2a: Ninetales\n|turn|1\n|\n|t:|1700667436\n|move|p2a: Ninetales|Aurora Veil|p2a: Ninetales\n|-sidestart|p2: Tiago zei|move: Aurora Veil\n|move|p1a: Ceruledge|Bitter Blade|p2a: Ninetales\n|-supereffective|p2a: Ninetales\n|-crit|p2a: Ninetales\n|-damage|p2a: Ninetales|0 fnt\n|faint|p2a: Ninetales\n|\n|-weather|Snow|[upkeep]\n|upkeep\n|\n|t:|1700667448\n|switch|p2a: Gyarados|Gyarados, M|100\/100\n|-ability|p2a: Gyarados|Intimidate|boost\n|-unboost|p1a: Ceruledge|atk|1\n|turn|2\n|\n|t:|1700667455\n|switch|p1a: Crobat|Crobat, M|100\/100\n|move|p2a: Gyarados|Dragon Dance|p2a: Gyarados\n|-boost|p2a: Gyarados|atk|1\n|-boost|p2a: Gyarados|spe|1\n|\n|-weather|Snow|[upkeep]\n|upkeep\n|turn|3\n|\n|t:|1700667480\n|detailschange|p2a: Gyarados|Gyarados-Mega, M\n|-mega|p2a: Gyarados|Gyarados|Gyaradosite\n|-ability|p2a: Gyarados|Mold Breaker\n|move|p2a: Gyarados|Crunch|p1a: Crobat\n|-damage|p1a: Crobat|5\/100\n|move|p1a: Crobat|Haze|p1a: Crobat\n|-clearallboost\n|\n|-weather|Snow|[upkeep]\n|upkeep\n|turn|4\n|\n|t:|1700667496\n|move|p1a: Crobat|Defog|p2a: Gyarados\n|-unboost|p2a: Gyarados|evasion|1\n|-sideend|p2: Tiago zei|move: Aurora Veil\n|move|p2a: Gyarados|Dragon Dance|p2a: Gyarados\n|-boost|p2a: Gyarados|atk|1\n|-boost|p2a: Gyarados|spe|1\n|\n|-weather|Snow|[upkeep]\n|upkeep\n|turn|5\n|\n|t:|1700667507\n|move|p2a: Gyarados|Crunch|p1a: Crobat\n|-damage|p1a: Crobat|0 fnt\n|faint|p1a: Crobat\n|\n|-weather|none\n|upkeep\n|\n|t:|1700667518\n|switch|p1a: Gyarados|Gyarados, M, shiny|100\/100\n|-ability|p1a: Gyarados|Intimidate|boost\n|-unboost|p2a: Gyarados|atk|1\n|turn|6\n|\n|t:|1700667537\n|move|p2a: Gyarados|Crunch|p1a: Gyarados\n|-damage|p1a: Gyarados|40\/100\n|-unboost|p1a: Gyarados|def|1\n|move|p1a: Gyarados|Power Whip|p2a: Gyarados\n|-supereffective|p2a: Gyarados\n|-damage|p2a: Gyarados|28\/100\n|\n|upkeep\n|turn|7\n|\n|t:|1700667552\n|move|p2a: Gyarados|Crunch|p1a: Gyarados\n|-damage|p1a: Gyarados|0 fnt\n|faint|p1a: Gyarados\n|\n|upkeep\n|\n|t:|1700667569\n|switch|p1a: Iron Valiant|Iron Valiant|100\/100\n|-enditem|p1a: Iron Valiant|Booster Energy\n|-activate|p1a: Iron Valiant|ability: Quark Drive|[fromitem]\n|-start|p1a: Iron Valiant|quarkdrivespe\n|turn|8\n|inactive|Tiago zei has 120 seconds left.\n|\n|t:|1700667610\n|switch|p2a: Rillaboom|Rillaboom, F|100\/100\n|-fieldstart|move: Grassy Terrain|[from] ability: Grassy Surge|[of] p2a: Rillaboom\n|move|p1a: Iron Valiant|Drain Punch|p2a: Rillaboom\n|-damage|p2a: Rillaboom|59\/100\n|\n|-heal|p2a: Rillaboom|65\/100|[from] Grassy Terrain\n|upkeep\n|turn|9\n|\n|t:|1700667621\n|move|p1a: Iron Valiant|Drain Punch|p2a: Rillaboom\n|-damage|p2a: Rillaboom|24\/100\n|move|p2a: Rillaboom|U-turn|p1a: Iron Valiant\n|-resisted|p1a: Iron Valiant\n|-damage|p1a: Iron Valiant|88\/100\n|\n|t:|1700667624\n|switch|p2a: Volcarona|Volcarona, M|100\/100|[from] U-turn\n|\n|-heal|p1a: Iron Valiant|95\/100|[from] Grassy Terrain\n|upkeep\n|turn|10\n|\n|t:|1700667634\n|-terastallize|p1a: Iron Valiant|Water\n|-terastallize|p2a: Volcarona|Grass\n|move|p1a: Iron Valiant|Liquidation|p2a: Volcarona\n|-resisted|p2a: Volcarona\n|-damage|p2a: Volcarona|68\/100\n|move|p2a: Volcarona|Quiver Dance|p2a: Volcarona\n|-boost|p2a: Volcarona|spa|1\n|-boost|p2a: Volcarona|spd|1\n|-boost|p2a: Volcarona|spe|1\n|\n|-heal|p1a: Iron Valiant|100\/100|[from] Grassy Terrain\n|-heal|p2a: Volcarona|74\/100|[from] Grassy Terrain\n|upkeep\n|turn|11\n|inactive|Tiago zei has 120 seconds left.\n|\n|t:|1700667650\n|move|p1a: Iron Valiant|Drain Punch|p2a: Volcarona\n|-damage|p2a: Volcarona|18\/100\n|move|p2a: Volcarona|Giga Drain|p1a: Iron Valiant\n|-supereffective|p1a: Iron Valiant\n|-damage|p1a: Iron Valiant|0 fnt\n|-heal|p2a: Volcarona|64\/100|[from] drain|[of] p1a: Iron Valiant\n|faint|p1a: Iron Valiant\n|-end|p1a: Iron Valiant|Quark Drive|[silent]\n|\n|-heal|p2a: Volcarona|70\/100|[from] Grassy Terrain\n|upkeep\n|\n|t:|1700667659\n|switch|p1a: Haxorus|Haxorus, M, shiny|100\/100\n|turn|12\n|inactive|Tiago zei has 120 seconds left.\n|\n|t:|1700667686\n|move|p2a: Volcarona|Giga Drain|p1a: Haxorus\n|-resisted|p1a: Haxorus\n|-damage|p1a: Haxorus|41\/100\n|-heal|p2a: Volcarona|98\/100|[from] drain|[of] p1a: Haxorus\n|move|p1a: Haxorus|Dragon Claw|p2a: Volcarona\n|-damage|p2a: Volcarona|0 fnt\n|faint|p2a: Volcarona\n|\n|-heal|p1a: Haxorus|48\/100|[from] Grassy Terrain\n|-fieldend|move: Grassy Terrain\n|upkeep\n|inactive|Tiago zei has 90 seconds left.\n|\n|t:|1700667703\n|switch|p2a: Garganacl|Garganacl, M|100\/100\n|turn|13\n|inactive|Tiago zei has 90 seconds left.\n|inactive|TheGhostofSparta13 has 120 seconds left.\n|\n|t:|1700667759\n|move|p1a: Haxorus|Dragon Claw|p2a: Garganacl\n|-damage|p2a: Garganacl|56\/100\n|move|p2a: Garganacl|Iron Defense|p2a: Garganacl\n|-boost|p2a: Garganacl|def|2\n|\n|-heal|p2a: Garganacl|63\/100|[from] item: Leftovers\n|upkeep\n|turn|14\n|inactive|Tiago zei has 90 seconds left.\n|\n|t:|1700667769\n|switch|p1a: Corviknight|Corviknight, F|100\/100\n|move|p2a: Garganacl|Recover|p2a: Garganacl\n|-heal|p2a: Garganacl|100\/100\n|\n|upkeep\n|turn|15\n|\n|t:|1700667777\n|move|p1a: Corviknight|Iron Defense|p1a: Corviknight\n|-boost|p1a: Corviknight|def|2\n|move|p2a: Garganacl|Body Press|p1a: Corviknight\n|-damage|p1a: Corviknight|84\/100\n|\n|-heal|p1a: Corviknight|90\/100|[from] item: Leftovers\n|upkeep\n|turn|16\n|\n|t:|1700667785\n|move|p1a: Corviknight|Iron Defense|p1a: Corviknight\n|-boost|p1a: Corviknight|def|2\n|move|p2a: Garganacl|Salt Cure|p1a: Corviknight\n|-damage|p1a: Corviknight|86\/100\n|-start|p1a: Corviknight|Salt Cure\n|\n|-heal|p1a: Corviknight|93\/100|[from] item: Leftovers\n|-damage|p1a: Corviknight|68\/100|[from] Salt Cure\n|upkeep\n|turn|17\n|\n|t:|1700667794\n|move|p1a: Corviknight|Iron Defense|p1a: Corviknight\n|-boost|p1a: Corviknight|def|2\n|move|p2a: Garganacl|Iron Defense|p2a: Garganacl\n|-boost|p2a: Garganacl|def|2\n|\n|-heal|p1a: Corviknight|74\/100|[from] item: Leftovers\n|-damage|p1a: Corviknight|49\/100|[from] Salt Cure\n|upkeep\n|turn|18\n|inactive|TheGhostofSparta13 has 120 seconds left.\n|\n|t:|1700667801\n|move|p1a: Corviknight|Body Press|p2a: Garganacl\n|-supereffective|p2a: Garganacl\n|-damage|p2a: Garganacl|58\/100\n|move|p2a: Garganacl|Iron Defense|p2a: Garganacl\n|-boost|p2a: Garganacl|def|2\n|\n|-heal|p1a: Corviknight|55\/100|[from] item: Leftovers\n|-heal|p2a: Garganacl|64\/100|[from] item: Leftovers\n|-damage|p1a: Corviknight|30\/100|[from] Salt Cure\n|upkeep\n|turn|19\n|\n|t:|1700667810\n|move|p1a: Corviknight|Body Press|p2a: Garganacl\n|-supereffective|p2a: Garganacl\n|-damage|p2a: Garganacl|32\/100\n|move|p2a: Garganacl|Recover|p2a: Garganacl\n|-heal|p2a: Garganacl|82\/100\n|\n|-heal|p1a: Corviknight|37\/100|[from] item: Leftovers\n|-heal|p2a: Garganacl|88\/100|[from] item: Leftovers\n|-damage|p1a: Corviknight|12\/100|[from] Salt Cure\n|upkeep\n|turn|20\n|inactive|TheGhostofSparta13 has 120 seconds left.\n|\n|t:|1700667828\n|move|p1a: Corviknight|Body Press|p2a: Garganacl\n|-supereffective|p2a: Garganacl\n|-damage|p2a: Garganacl|54\/100\n|move|p2a: Garganacl|Body Press|p1a: Corviknight\n|-crit|p1a: Corviknight\n|-damage|p1a: Corviknight|0 fnt\n|faint|p1a: Corviknight\n|\n|-heal|p2a: Garganacl|61\/100|[from] item: Leftovers\n|upkeep\n|inactive|TheGhostofSparta13 has 120 seconds left.\n|inactive|TheGhostofSparta13 has 90 seconds left.\n|\n|t:|1700667872\n|switch|p1a: Haxorus|Haxorus, M, shiny|48\/100\n|turn|21\n|inactive|TheGhostofSparta13 has 90 seconds left.\n|\n|t:|1700667879\n|move|p1a: Haxorus|Earthquake|p2a: Garganacl\n|-supereffective|p2a: Garganacl\n|-damage|p2a: Garganacl|43\/100\n|move|p2a: Garganacl|Recover|p2a: Garganacl\n|-heal|p2a: Garganacl|93\/100\n|\n|-heal|p2a: Garganacl|99\/100|[from] item: Leftovers\n|upkeep\n|turn|22\n|\n|t:|1700667889\n|move|p1a: Haxorus|Earthquake|p2a: Garganacl\n|-supereffective|p2a: Garganacl\n|-damage|p2a: Garganacl|82\/100\n|move|p2a: Garganacl|Body Press|p1a: Haxorus\n|-damage|p1a: Haxorus|0 fnt\n|faint|p1a: Haxorus\n|\n|-heal|p2a: Garganacl|88\/100|[from] item: Leftovers\n|upkeep\n|\n|t:|1700667896\n|switch|p1a: Ceruledge|Ceruledge, F, shiny|100\/100\n|turn|23\n|\n|t:|1700667906\n|move|p1a: Ceruledge|Reflect|p1a: Ceruledge\n|-sidestart|p1: TheGhostofSparta13|Reflect\n|move|p2a: Garganacl|Salt Cure|p1a: Ceruledge\n|-supereffective|p1a: Ceruledge\n|-damage|p1a: Ceruledge|82\/100\n|-start|p1a: Ceruledge|Salt Cure\n|-ability|p1a: Ceruledge|Weak Armor|boost\n|-unboost|p1a: Ceruledge|def|1\n|-boost|p1a: Ceruledge|spe|2\n|-enditem|p1a: Ceruledge|Weakness Policy\n|-boost|p1a: Ceruledge|atk|2|[from] item: Weakness Policy\n|-boost|p1a: Ceruledge|spa|2|[from] item: Weakness Policy\n|\n|-heal|p2a: Garganacl|94\/100|[from] item: Leftovers\n|-damage|p1a: Ceruledge|70\/100|[from] Salt Cure\n|upkeep\n|turn|24\n|\n|t:|1700667918\n|move|p1a: Ceruledge|Bulk Up|p1a: Ceruledge\n|-boost|p1a: Ceruledge|atk|1\n|-boost|p1a: Ceruledge|def|1\n|move|p2a: Garganacl|Body Press|p1a: Ceruledge\n|-immune|p1a: Ceruledge\n|\n|-heal|p2a: Garganacl|99\/100|[from] item: Leftovers\n|-damage|p1a: Ceruledge|57\/100|[from] Salt Cure\n|upkeep\n|turn|25\n|\n|t:|1700667931\n|move|p1a: Ceruledge|Bulk Up|p1a: Ceruledge\n|-boost|p1a: Ceruledge|atk|1\n|-boost|p1a: Ceruledge|def|1\n|move|p2a: Garganacl|Body Press|p1a: Ceruledge\n|-immune|p1a: Ceruledge\n|\n|-heal|p2a: Garganacl|100\/100|[from] item: Leftovers\n|-damage|p1a: Ceruledge|45\/100|[from] Salt Cure\n|upkeep\n|turn|26\n|\n|t:|1700667943\n|move|p1a: Ceruledge|Close Combat|p2a: Garganacl\n|-supereffective|p2a: Garganacl\n|-damage|p2a: Garganacl|59\/100\n|-unboost|p1a: Ceruledge|def|1\n|-unboost|p1a: Ceruledge|spd|1\n|move|p2a: Garganacl|Body Press|p1a: Ceruledge\n|-immune|p1a: Ceruledge\n|\n|-heal|p2a: Garganacl|65\/100|[from] item: Leftovers\n|-damage|p1a: Ceruledge|32\/100|[from] Salt Cure\n|upkeep\n|turn|27\n|\n|t:|1700667953\n|move|p1a: Ceruledge|Bitter Blade|p2a: Garganacl\n|-resisted|p2a: Garganacl\n|-damage|p2a: Garganacl|53\/100\n|-heal|p1a: Ceruledge|41\/100|[from] drain|[of] p2a: Garganacl\n|move|p2a: Garganacl|Recover|p2a: Garganacl\n|-heal|p2a: Garganacl|100\/100\n|\n|-damage|p1a: Ceruledge|28\/100|[from] Salt Cure\n|-sideend|p1: TheGhostofSparta13|Reflect\n|upkeep\n|turn|28\n|\n|t:|1700667968\n|move|p1a: Ceruledge|Bulk Up|p1a: Ceruledge\n|-boost|p1a: Ceruledge|atk|1\n|-boost|p1a: Ceruledge|def|1\n|move|p2a: Garganacl|Body Press|p1a: Ceruledge\n|-immune|p1a: Ceruledge\n|\n|-damage|p1a: Ceruledge|16\/100|[from] Salt Cure\n|upkeep\n|turn|29\n|inactive|TheGhostofSparta13 has 120 seconds left.\n|\n|t:|1700667975\n|move|p1a: Ceruledge|Bulk Up|p1a: Ceruledge\n|-boost|p1a: Ceruledge|atk|1\n|-boost|p1a: Ceruledge|def|1\n|move|p2a: Garganacl|Body Press|p1a: Ceruledge\n|-immune|p1a: Ceruledge\n|\n|-damage|p1a: Ceruledge|4\/100|[from] Salt Cure\n|upkeep\n|turn|30\n|\n|t:|1700667983\n|move|p1a: Ceruledge|Bitter Blade|p2a: Garganacl\n|-resisted|p2a: Garganacl\n|-damage|p2a: Garganacl|85\/100\n|-heal|p1a: Ceruledge|15\/100|[from] drain|[of] p2a: Garganacl\n|move|p2a: Garganacl|Salt Cure|p1a: Ceruledge\n|-supereffective|p1a: Ceruledge\n|-damage|p1a: Ceruledge|0 fnt\n|faint|p1a: Ceruledge\n|\n|win|Tiago zei\n|raw|TheGhostofSparta13's rating: 1113 &rarr; <strong>1086<\/strong><br \/>(-27 for losing)\n|raw|Tiago zei's rating: 1083 &rarr; <strong>1113<\/strong><br \/>(+30 for winning)\n|l|\u2606TheGhostofSparta13\n","uploadtime":1700668032,"views":0,"p1id":"theghostofsparta13","p2id":"tiagozei","formatid":"gen9nationaldex","rating":1086,"private":0,"password":""}