{"id":"gen9nationaldex-1993552910","p1":"DTRXD","p2":"Anakima","format":"[Gen 9] National Dex","log":"|j|\u2606DTRXD\n|j|\u2606Anakima\n|t:|1700331002\n|gametype|singles\n|player|p1|DTRXD|blue|1189\n|player|p2|Anakima|sabrina|1293\n|teamsize|p1|6\n|teamsize|p2|6\n|gen|9\n|tier|[Gen 9] National Dex\n|rated|\n|rule|HP Percentage Mod: HP is shown in percentages\n|rule|Endless Battle Clause: Forcing endless battles is banned\n|rule|OHKO Clause: OHKO moves are banned\n|rule|Evasion Clause: Evasion abilities, items, and moves are banned\n|rule|Evasion Abilities Clause: Evasion abilities are banned\n|rule|Evasion Items Clause: Evasion items are banned\n|rule|Evasion Moves Clause: Evasion moves are banned\n|rule|Species Clause: Limit one of each Pok\u00e9mon\n|rule|Sleep Clause Mod: Limit one foe put to sleep\n|clearpoke\n|poke|p1|Dragonite, M|\n|poke|p1|Mimikyu, F|\n|poke|p1|Volcarona, F|\n|poke|p1|Xurkitree|\n|poke|p1|Gardevoir, F|\n|poke|p1|Kartana|\n|poke|p2|Tyranitar, F|\n|poke|p2|Excadrill, F|\n|poke|p2|Ting-Lu|\n|poke|p2|Diancie|\n|poke|p2|Ogerpon-Wellspring, F|\n|poke|p2|Mandibuzz, F|\n|teampreview\n|\n|t:|1700331022\n|start\n|switch|p1a: Kartana|Kartana|100\/100\n|switch|p2a: Ting-Lu|Ting-Lu|100\/100\n|-ability|p2a: Ting-Lu|Vessel of Ruin\n|turn|1\n|\n|t:|1700331037\n|move|p1a: Kartana|Sacred Sword|p2a: Ting-Lu\n|-supereffective|p2a: Ting-Lu\n|-damage|p2a: Ting-Lu|61\/100\n|move|p2a: Ting-Lu|Stealth Rock|p1a: Kartana\n|-sidestart|p1: DTRXD|move: Stealth Rock\n|\n|-heal|p2a: Ting-Lu|67\/100|[from] item: Leftovers\n|upkeep\n|turn|2\n|\n|t:|1700331049\n|move|p1a: Kartana|Swords Dance|p1a: Kartana\n|-boost|p1a: Kartana|atk|2\n|move|p2a: Ting-Lu|Spikes|p1a: Kartana\n|-sidestart|p1: DTRXD|Spikes\n|\n|-heal|p2a: Ting-Lu|73\/100|[from] item: Leftovers\n|upkeep\n|turn|3\n|\n|t:|1700331056\n|move|p1a: Kartana|Sacred Sword|p2a: Ting-Lu\n|-supereffective|p2a: Ting-Lu\n|-damage|p2a: Ting-Lu|0 fnt\n|faint|p2a: Ting-Lu\n|-ability|p1a: Kartana|Beast Boost|boost\n|-boost|p1a: Kartana|atk|1\n|\n|upkeep\n|\n|t:|1700331065\n|switch|p2a: Diancie|Diancie, shiny|100\/100\n|turn|4\n|\n|t:|1700331070\n|detailschange|p2a: Diancie|Diancie-Mega, shiny\n|-mega|p2a: Diancie|Diancie|Diancite\n|move|p2a: Diancie|Mystical Fire|p1a: Kartana\n|-supereffective|p1a: Kartana\n|-damage|p1a: Kartana|0 fnt\n|faint|p1a: Kartana\n|\n|upkeep\n|\n|t:|1700331080\n|switch|p1a: Dragonite|Dragonite, M|100\/100\n|-damage|p1a: Dragonite|76\/100|[from] Stealth Rock\n|turn|5\n|\n|t:|1700331086\n|move|p2a: Diancie|Moonblast|p1a: Dragonite\n|-supereffective|p1a: Dragonite\n|-damage|p1a: Dragonite|0 fnt\n|faint|p1a: Dragonite\n|\n|upkeep\n|\n|t:|1700331117\n|switch|p1a: Mimikyu|Mimikyu, F|100\/100\n|-damage|p1a: Mimikyu|88\/100|[from] Stealth Rock\n|-damage|p1a: Mimikyu|76\/100|[from] Spikes\n|turn|6\n|\n|t:|1700331128\n|move|p2a: Diancie|Earth Power|p1a: Mimikyu\n|-activate|p1a: Mimikyu|ability: Disguise\n|-damage|p1a: Mimikyu|76\/100\n|detailschange|p1a: Mimikyu|Mimikyu-Busted, F\n|-damage|p1a: Mimikyu|63\/100|[from] pokemon: Mimikyu-Busted\n|move|p1a: Mimikyu|Bulk Up|p1a: Mimikyu\n|-boost|p1a: Mimikyu|atk|1\n|-boost|p1a: Mimikyu|def|1\n|\n|upkeep\n|turn|7\n|\n|t:|1700331164\n|move|p2a: Diancie|Earth Power|p1a: Mimikyu\n|-damage|p1a: Mimikyu|13\/100\n|move|p1a: Mimikyu|Drain Punch|p2a: Diancie\n|-damage|p2a: Diancie|44\/100\n|-heal|p1a: Mimikyu|40\/100|[from] drain|[of] p2a: Diancie\n|-damage|p1a: Mimikyu|30\/100|[from] item: Life Orb\n|\n|upkeep\n|turn|8\n|\n|t:|1700331179\n|move|p2a: Diancie|Earth Power|p1a: Mimikyu\n|-damage|p1a: Mimikyu|0 fnt\n|faint|p1a: Mimikyu\n|\n|upkeep\n|\n|t:|1700331216\n|switch|p1a: Gardevoir|Gardevoir, F|100\/100\n|-damage|p1a: Gardevoir|88\/100|[from] Stealth Rock\n|-damage|p1a: Gardevoir|76\/100|[from] Spikes\n|-ability|p1a: Gardevoir|Magic Bounce|[from] ability: Trace|[of] p2a: Diancie\n|turn|9\n|\n|t:|1700331234\n|move|p1a: Gardevoir|Psychic|p2a: Diancie\n|-damage|p2a: Diancie|0 fnt\n|faint|p2a: Diancie\n|\n|upkeep\n|\n|t:|1700331240\n|switch|p2a: Tyranitar|Tyranitar, F|100\/100\n|-weather|Sandstorm|[from] ability: Sand Stream|[of] p2a: Tyranitar\n|turn|10\n|\n|t:|1700331316\n|move|p1a: Gardevoir|Psychic|p2a: Tyranitar\n|-immune|p2a: Tyranitar\n|move|p2a: Tyranitar|Knock Off|p1a: Gardevoir\n|-damage|p1a: Gardevoir|0 fnt\n|-enditem|p1a: Gardevoir|Choice Scarf|[from] move: Knock Off|[of] p2a: Tyranitar\n|faint|p1a: Gardevoir\n|\n|-weather|Sandstorm|[upkeep]\n|upkeep\n|\n|t:|1700331322\n|switch|p1a: Xurkitree|Xurkitree|100\/100\n|-damage|p1a: Xurkitree|88\/100|[from] Stealth Rock\n|-damage|p1a: Xurkitree|76\/100|[from] Spikes\n|turn|11\n|\n|t:|1700331331\n|move|p1a: Xurkitree|Dazzling Gleam|p2a: Tyranitar\n|-supereffective|p2a: Tyranitar\n|-damage|p2a: Tyranitar|54\/100\n|move|p2a: Tyranitar|Earthquake|p1a: Xurkitree\n|-supereffective|p1a: Xurkitree\n|-damage|p1a: Xurkitree|0 fnt\n|faint|p1a: Xurkitree\n|\n|-weather|Sandstorm|[upkeep]\n|upkeep\n|\n|t:|1700331356\n|switch|p1a: Volcarona|Volcarona, F|100\/100\n|-damage|p1a: Volcarona|51\/100|[from] Stealth Rock\n|-damage|p1a: Volcarona|38\/100|[from] Spikes\n|turn|12\n|\n|t:|1700331363\n|-terastallize|p1a: Volcarona|Bug\n|move|p1a: Volcarona|Quiver Dance|p1a: Volcarona\n|-boost|p1a: Volcarona|spa|1\n|-boost|p1a: Volcarona|spd|1\n|-boost|p1a: Volcarona|spe|1\n|move|p2a: Tyranitar|Stone Edge|p1a: Volcarona\n|-supereffective|p1a: Volcarona\n|-damage|p1a: Volcarona|0 fnt\n|faint|p1a: Volcarona\n|\n|win|Anakima\n|raw|DTRXD's rating: 1189 &rarr; <strong>1171<\/strong><br \/>(-18 for losing)\n|raw|Anakima's rating: 1293 &rarr; <strong>1311<\/strong><br \/>(+18 for winning)\n|l|\u2606DTRXD\n","uploadtime":1700331380,"views":18,"p1id":"dtrxd","p2id":"anakima","formatid":"gen9nationaldex","rating":1171,"private":0,"password":""}