{"id":"gen9nationaldex-1992987611","p1":"Rsggcxd","p2":"unified_bigmamn","format":"[Gen 9] National Dex","log":"|j|\u2606Rsggcxd\n|j|\u2606unified_bigmamn\n|t:|1700253027\n|gametype|singles\n|player|p1|Rsggcxd|266|1000\n|player|p2|unified_bigmamn|265|1022\n|teamsize|p1|4\n|teamsize|p2|6\n|gen|9\n|tier|[Gen 9] National Dex\n|rated|\n|rule|HP Percentage Mod: HP is shown in percentages\n|rule|Endless Battle Clause: Forcing endless battles is banned\n|rule|OHKO Clause: OHKO moves are banned\n|rule|Evasion Clause: Evasion abilities, items, and moves are banned\n|rule|Evasion Abilities Clause: Evasion abilities are banned\n|rule|Evasion Items Clause: Evasion items are banned\n|rule|Evasion Moves Clause: Evasion moves are banned\n|rule|Species Clause: Limit one of each Pok\u00e9mon\n|rule|Sleep Clause Mod: Limit one foe put to sleep\n|clearpoke\n|poke|p1|Breloom, F|\n|poke|p1|Scizor, M|\n|poke|p1|Gyarados, F|\n|poke|p1|Ceruledge, F|\n|poke|p2|Mandibuzz, F|\n|poke|p2|Lycanroc-Dusk, M|\n|poke|p2|Ferrothorn, F|\n|poke|p2|Armarouge, F|\n|poke|p2|Sirfetch\u2019d, F|\n|poke|p2|Slowking, F|\n|teampreview\n|j| TeamLeafter\n|\n|t:|1700253057\n|start\n|switch|p1a: Ceruledge|Ceruledge, F|100\/100\n|switch|p2a: Pepper Man|Ferrothorn, F|100\/100\n|turn|1\n|l| TeamLeafter\n|\n|t:|1700253071\n|switch|p2a: BIG MANDY|Mandibuzz, F|100\/100\n|move|p1a: Ceruledge|Swords Dance|p1a: Ceruledge\n|-boost|p1a: Ceruledge|atk|2\n|\n|upkeep\n|turn|2\n|\n|t:|1700253083\n|move|p1a: Ceruledge|Bitter Blade|p2a: BIG MANDY\n|-damage|p2a: BIG MANDY|45\/100\n|move|p2a: BIG MANDY|Foul Play|p1a: Ceruledge\n|-supereffective|p1a: Ceruledge\n|-damage|p1a: Ceruledge|0 fnt\n|faint|p1a: Ceruledge\n|\n|upkeep\n|\n|t:|1700253094\n|switch|p1a: Gyarados|Gyarados, F|100\/100\n|-ability|p1a: Gyarados|Intimidate|boost\n|-unboost|p2a: BIG MANDY|atk|1\n|turn|3\n|\n|t:|1700253102\n|move|p1a: Gyarados|Dragon Dance|p1a: Gyarados\n|-boost|p1a: Gyarados|atk|1\n|-boost|p1a: Gyarados|spe|1\n|move|p2a: BIG MANDY|Roost|p2a: BIG MANDY\n|-heal|p2a: BIG MANDY|95\/100\n|-singleturn|p2a: BIG MANDY|move: Roost\n|\n|upkeep\n|turn|4\n|\n|t:|1700253112\n|move|p1a: Gyarados|Ice Fang|p2a: BIG MANDY\n|-supereffective|p2a: BIG MANDY\n|-damage|p2a: BIG MANDY|57\/100\n|move|p2a: BIG MANDY|Foul Play|p1a: Gyarados\n|-damage|p1a: Gyarados|10\/100\n|\n|-heal|p1a: Gyarados|17\/100|[from] item: Leftovers\n|upkeep\n|turn|5\n|\n|t:|1700253126\n|move|p1a: Gyarados|Ice Fang|p2a: BIG MANDY\n|-supereffective|p2a: BIG MANDY\n|-damage|p2a: BIG MANDY|22\/100\n|move|p2a: BIG MANDY|Roost|p2a: BIG MANDY\n|-heal|p2a: BIG MANDY|72\/100\n|-singleturn|p2a: BIG MANDY|move: Roost\n|\n|-heal|p1a: Gyarados|23\/100|[from] item: Leftovers\n|upkeep\n|turn|6\n|\n|t:|1700253140\n|switch|p2a: The Noise|Lycanroc-Dusk, M|100\/100\n|move|p1a: Gyarados|Ice Fang|p2a: The Noise\n|-damage|p2a: The Noise|42\/100\n|\n|-heal|p1a: Gyarados|29\/100|[from] item: Leftovers\n|upkeep\n|turn|7\n|\n|t:|1700253149\n|move|p2a: The Noise|Accelerock|p1a: Gyarados\n|-supereffective|p1a: Gyarados\n|-damage|p1a: Gyarados|0 fnt\n|faint|p1a: Gyarados\n|-damage|p2a: The Noise|32\/100|[from] item: Life Orb\n|\n|upkeep\n|\n|t:|1700253156\n|switch|p1a: Breloom|Breloom, F|100\/100\n|turn|8\n|\n|t:|1700253161\n|switch|p2a: BIG MANDY|Mandibuzz, F|72\/100\n|move|p1a: Breloom|Swords Dance|p1a: Breloom\n|-boost|p1a: Breloom|atk|2\n|\n|upkeep\n|turn|9\n|\n|t:|1700253172\n|move|p1a: Breloom|Thunder Punch|p2a: BIG MANDY\n|-supereffective|p2a: BIG MANDY\n|-damage|p2a: BIG MANDY|13\/100\n|move|p2a: BIG MANDY|Roost|p2a: BIG MANDY\n|-heal|p2a: BIG MANDY|63\/100\n|-singleturn|p2a: BIG MANDY|move: Roost\n|\n|upkeep\n|turn|10\n|\n|t:|1700253188\n|move|p1a: Breloom|Thunder Punch|p2a: BIG MANDY\n|-supereffective|p2a: BIG MANDY\n|-damage|p2a: BIG MANDY|5\/100\n|move|p2a: BIG MANDY|U-turn|p1a: Breloom\n|-damage|p1a: Breloom|83\/100\n|\n|t:|1700253194\n|switch|p2a: King Duncan|Sirfetch\u2019d, F|100\/100|[from] U-turn\n|\n|-heal|p1a: Breloom|89\/100|[from] item: Leftovers\n|upkeep\n|turn|11\n|\n|t:|1700253205\n|move|p2a: King Duncan|First Impression|p1a: Breloom\n|-damage|p1a: Breloom|12\/100\n|move|p1a: Breloom|Close Combat|p2a: King Duncan\n|-damage|p2a: King Duncan|0 fnt\n|-unboost|p1a: Breloom|def|1\n|-unboost|p1a: Breloom|spd|1\n|faint|p2a: King Duncan\n|\n|-heal|p1a: Breloom|18\/100|[from] item: Leftovers\n|upkeep\n|\n|t:|1700253212\n|switch|p2a: The Noise|Lycanroc-Dusk, M|32\/100\n|turn|12\n|\n|t:|1700253219\n|move|p2a: The Noise|Accelerock|p1a: Breloom\n|-resisted|p1a: Breloom\n|-damage|p1a: Breloom|0 fnt\n|faint|p1a: Breloom\n|-damage|p2a: The Noise|22\/100|[from] item: Life Orb\n|\n|upkeep\n|\n|t:|1700253226\n|switch|p1a: Scizor|Scizor, M|100\/100\n|turn|13\n|\n|t:|1700253232\n|move|p2a: The Noise|Close Combat|p1a: Scizor\n|-damage|p1a: Scizor|12\/100\n|-unboost|p2a: The Noise|def|1\n|-unboost|p2a: The Noise|spd|1\n|-damage|p2a: The Noise|12\/100|[from] item: Life Orb\n|move|p1a: Scizor|Swords Dance|p1a: Scizor\n|-boost|p1a: Scizor|atk|2\n|\n|upkeep\n|turn|14\n|\n|t:|1700253241\n|move|p2a: The Noise|Accelerock|p1a: Scizor\n|-damage|p1a: Scizor|0 fnt\n|faint|p1a: Scizor\n|-damage|p2a: The Noise|2\/100|[from] item: Life Orb\n|\n|win|unified_bigmamn\n|raw|Rsggcxd's rating: 1000 &rarr; <strong>1000<\/strong><br \/>(+0 for losing)\n|raw|unified_bigmamn's rating: 1022 &rarr; <strong>1056<\/strong><br \/>(+34 for winning)\n","uploadtime":1700253249,"views":11,"p1id":"rsggcxd","p2id":"unifiedbigmamn","formatid":"gen9nationaldex","rating":1000,"private":0,"password":""}