{"id":"gen9nationaldex-1998985918","p1":"KyosukeKamijou","p2":"FuturisticFlash","format":"[Gen 9] National Dex","log":"|html|<div class=\"broadcast-blue\"><strong>[Gen 9] National Dex is currently suspecting Sneasler! For information on how to participate check out the <a href=\"https:\/\/www.smogon.com\/forums\/threads\/sv-national-dex-suspect-8-just-dance.3731534\/\">suspect thread<\/a>.<\/strong><\/div>\n|j|\u2606KyosukeKamijou\n|j|\u2606FuturisticFlash\n|t:|1701020909\n|gametype|singles\n|player|p1|KyosukeKamijou|ghetsis|1334\n|player|p2|FuturisticFlash|265|1287\n|teamsize|p1|6\n|teamsize|p2|6\n|gen|9\n|tier|[Gen 9] National Dex\n|rated|\n|rule|HP Percentage Mod: HP is shown in percentages\n|rule|Endless Battle Clause: Forcing endless battles is banned\n|rule|OHKO Clause: OHKO moves are banned\n|rule|Evasion Clause: Evasion abilities, items, and moves are banned\n|rule|Evasion Abilities Clause: Evasion abilities are banned\n|rule|Evasion Items Clause: Evasion items are banned\n|rule|Evasion Moves Clause: Evasion moves are banned\n|rule|Species Clause: Limit one of each Pok\u00e9mon\n|rule|Sleep Clause Mod: Limit one foe put to sleep\n|clearpoke\n|poke|p1|Kommo-o, M|\n|poke|p1|Great Tusk|\n|poke|p1|Ogerpon-Cornerstone, F|\n|poke|p1|Charizard, M|\n|poke|p1|Greninja-*, M|\n|poke|p1|Volcarona, F|\n|poke|p2|Dubwool, M|\n|poke|p2|Corsola-Galar, M|\n|poke|p2|Doublade, M|\n|poke|p2|Toxapex, M|\n|poke|p2|Lopunny, M|\n|poke|p2|Regice|\n|teampreview\n|inactive|Battle timer is ON: inactive players will automatically lose when time's up. (requested by FuturisticFlash)\n|\n|t:|1701020933\n|start\n|switch|p1a: Onisister|Ogerpon-Cornerstone, F|100\/100\n|switch|p2a: Toxapex|Toxapex, M|100\/100\n|turn|1\n|\n|t:|1701020961\n|move|p1a: Onisister|Spiky Shield|p1a: Onisister\n|-singleturn|p1a: Onisister|move: Protect\n|move|p2a: Toxapex|Scald|p1a: Onisister\n|-activate|p1a: Onisister|move: Protect\n|\n|upkeep\n|turn|2\n|\n|t:|1701020972\n|switch|p1a: Ninja Black|Greninja, M, shiny|100\/100\n|move|p2a: Toxapex|Scald|p1a: Ninja Black\n|-resisted|p1a: Ninja Black\n|-damage|p1a: Ninja Black|69\/100\n|-status|p1a: Ninja Black|brn\n|\n|-damage|p1a: Ninja Black|63\/100 brn|[from] brn\n|upkeep\n|turn|3\n|inactive|FuturisticFlash has 120 seconds left.\n|\n|t:|1701021006\n|switch|p2a: Regice|Regice, shiny|100\/100\n|move|p1a: Ninja Black|Grass Knot|p2a: Regice\n|-start|p1a: Ninja Black|typechange|Grass|[from] ability: Protean\n|-damage|p2a: Regice|82\/100\n|\n|-damage|p1a: Ninja Black|57\/100 brn|[from] brn\n|upkeep\n|turn|4\n|inactive|FuturisticFlash has 120 seconds left.\n|\n|t:|1701021016\n|switch|p1a: PapillonOhger|Volcarona, F, shiny|100\/100\n|move|p2a: Regice|Ice Beam|p1a: PapillonOhger\n|-resisted|p1a: PapillonOhger\n|-damage|p1a: PapillonOhger|83\/100\n|\n|upkeep\n|turn|5\n|inactive|FuturisticFlash has 120 seconds left.\n|\n|t:|1701021026\n|switch|p2a: Toxapex|Toxapex, M|100\/100\n|move|p1a: PapillonOhger|Quiver Dance|p1a: PapillonOhger\n|-boost|p1a: PapillonOhger|spa|1\n|-boost|p1a: PapillonOhger|spd|1\n|-boost|p1a: PapillonOhger|spe|1\n|\n|upkeep\n|turn|6\n|\n|t:|1701021034\n|-terastallize|p1a: PapillonOhger|Grass\n|move|p1a: PapillonOhger|Giga Drain|p2a: Toxapex\n|-damage|p2a: Toxapex|43\/100\n|-heal|p1a: PapillonOhger|100\/100|[from] drain|[of] p2a: Toxapex\n|move|p2a: Toxapex|Scald|p1a: PapillonOhger\n|-resisted|p1a: PapillonOhger\n|-damage|p1a: PapillonOhger|86\/100\n|-status|p1a: PapillonOhger|brn\n|\n|-damage|p1a: PapillonOhger|80\/100 brn|[from] brn\n|upkeep\n|turn|7\n|inactive|FuturisticFlash has 120 seconds left.\n|\n|t:|1701021051\n|switch|p2a: Corsola|Corsola-Galar, M|100\/100\n|move|p1a: PapillonOhger|Giga Drain|p2a: Corsola\n|-damage|p2a: Corsola|55\/100\n|-heal|p1a: PapillonOhger|100\/100 brn|[from] drain|[of] p2a: Corsola\n|\n|-damage|p1a: PapillonOhger|94\/100 brn|[from] brn\n|upkeep\n|turn|8\n|\n|t:|1701021061\n|move|p1a: PapillonOhger|Quiver Dance|p1a: PapillonOhger\n|-boost|p1a: PapillonOhger|spa|1\n|-boost|p1a: PapillonOhger|spd|1\n|-boost|p1a: PapillonOhger|spe|1\n|move|p2a: Corsola|Strength Sap|p1a: PapillonOhger\n|-unboost|p1a: PapillonOhger|atk|1\n|-heal|p2a: Corsola|89\/100\n|\n|-damage|p1a: PapillonOhger|88\/100 brn|[from] brn\n|upkeep\n|turn|9\n|\n|t:|1701021072\n|move|p1a: PapillonOhger|Giga Drain|p2a: Corsola\n|-crit|p2a: Corsola\n|-damage|p2a: Corsola|0 fnt\n|-heal|p1a: PapillonOhger|100\/100 brn|[from] drain|[of] p2a: Corsola\n|faint|p2a: Corsola\n|\n|-damage|p1a: PapillonOhger|94\/100 brn|[from] brn\n|upkeep\n|\n|t:|1701021079\n|switch|p2a: Lopunny|Lopunny, M|100\/100\n|turn|10\n|\n|t:|1701021082\n|detailschange|p2a: Lopunny|Lopunny-Mega, M\n|-mega|p2a: Lopunny|Lopunny|Lopunnite\n|move|p2a: Lopunny|Fake Out|p1a: PapillonOhger\n|-damage|p1a: PapillonOhger|57\/100 brn\n|cant|p1a: PapillonOhger|flinch\n|\n|-damage|p1a: PapillonOhger|51\/100 brn|[from] brn\n|upkeep\n|turn|11\n|\n|t:|1701021097\n|switch|p2a: Regice|Regice, shiny|82\/100\n|move|p1a: PapillonOhger|Giga Drain|p2a: Regice\n|-damage|p2a: Regice|58\/100\n|-heal|p1a: PapillonOhger|65\/100 brn|[from] drain|[of] p2a: Regice\n|\n|-damage|p1a: PapillonOhger|59\/100 brn|[from] brn\n|upkeep\n|turn|12\n|\n|t:|1701021107\n|move|p1a: PapillonOhger|Flamethrower|p2a: Regice\n|-supereffective|p2a: Regice\n|-damage|p2a: Regice|0 fnt\n|faint|p2a: Regice\n|\n|-damage|p1a: PapillonOhger|53\/100 brn|[from] brn\n|upkeep\n|\n|t:|1701021109\n|switch|p2a: Lopunny|Lopunny-Mega, M|100\/100\n|turn|13\n|\n|t:|1701021115\n|move|p2a: Lopunny|Fake Out|p1a: PapillonOhger\n|-damage|p1a: PapillonOhger|19\/100 brn\n|cant|p1a: PapillonOhger|flinch\n|\n|-damage|p1a: PapillonOhger|13\/100 brn|[from] brn\n|upkeep\n|turn|14\n|\n|t:|1701021122\n|switch|p2a: Doublade|Doublade, M|100\/100\n|move|p1a: PapillonOhger|Giga Drain|p2a: Doublade\n|-resisted|p2a: Doublade\n|-damage|p2a: Doublade|41\/100\n|-heal|p1a: PapillonOhger|44\/100 brn|[from] drain|[of] p2a: Doublade\n|\n|-damage|p1a: PapillonOhger|38\/100 brn|[from] brn\n|upkeep\n|turn|15\n|\n|t:|1701021131\n|move|p1a: PapillonOhger|Giga Drain|p2a: Doublade\n|-resisted|p2a: Doublade\n|-damage|p2a: Doublade|0 fnt\n|-heal|p1a: PapillonOhger|59\/100 brn|[from] drain|[of] p2a: Doublade\n|faint|p2a: Doublade\n|\n|-damage|p1a: PapillonOhger|53\/100 brn|[from] brn\n|upkeep\n|\n|t:|1701021134\n|switch|p2a: Lopunny|Lopunny-Mega, M|100\/100\n|turn|16\n|\n|t:|1701021139\n|move|p2a: Lopunny|Fake Out|p1a: PapillonOhger\n|-damage|p1a: PapillonOhger|19\/100 brn\n|cant|p1a: PapillonOhger|flinch\n|\n|-damage|p1a: PapillonOhger|13\/100 brn|[from] brn\n|upkeep\n|turn|17\n|\n|t:|1701021145\n|move|p1a: PapillonOhger|Giga Drain|p2a: Lopunny\n|-damage|p2a: Lopunny|0 fnt\n|-heal|p1a: PapillonOhger|57\/100 brn|[from] drain|[of] p2a: Lopunny\n|faint|p2a: Lopunny\n|\n|-damage|p1a: PapillonOhger|51\/100 brn|[from] brn\n|upkeep\n|\n|t:|1701021153\n|switch|p2a: Toxapex|Toxapex, M|76\/100\n|turn|18\n|\n|t:|1701021157\n|-terastallize|p2a: Toxapex|Steel\n|move|p1a: PapillonOhger|Giga Drain|p2a: Toxapex\n|-resisted|p2a: Toxapex\n|-damage|p2a: Toxapex|43\/100\n|-heal|p1a: PapillonOhger|67\/100 brn|[from] drain|[of] p2a: Toxapex\n|move|p2a: Toxapex|Sludge Bomb|p1a: PapillonOhger\n|-supereffective|p1a: PapillonOhger\n|-damage|p1a: PapillonOhger|24\/100 brn\n|\n|-damage|p1a: PapillonOhger|18\/100 brn|[from] brn\n|upkeep\n|turn|19\n|-message|FuturisticFlash forfeited.\n|\n|win|KyosukeKamijou\n|raw|KyosukeKamijou's rating: 1334 &rarr; <strong>1351<\/strong><br \/>(+17 for winning)\n|raw|FuturisticFlash's rating: 1287 &rarr; <strong>1265<\/strong><br \/>(-22 for losing)\n|l|\u2606FuturisticFlash\n","uploadtime":1701021186,"views":2,"p1id":"kyosukekamijou","p2id":"futuristicflash","formatid":"gen9nationaldex","rating":1265,"private":0,"password":""}