{"id":"gen9nationaldex-1987442335","p1":"buttbuiscut","p2":"Nemasilla","format":"[Gen 9] National Dex","log":"|j|\u2606buttbuiscut\n|j|\u2606Nemasilla\n|t:|1699592161\n|gametype|singles\n|player|p1|buttbuiscut|fisherman-gen4|1121\n|player|p2|Nemasilla|irida|1207\n|teamsize|p1|6\n|teamsize|p2|6\n|gen|9\n|tier|[Gen 9] National Dex\n|rated|\n|rule|HP Percentage Mod: HP is shown in percentages\n|rule|Endless Battle Clause: Forcing endless battles is banned\n|rule|OHKO Clause: OHKO moves are banned\n|rule|Evasion Clause: Evasion abilities, items, and moves are banned\n|rule|Evasion Abilities Clause: Evasion abilities are banned\n|rule|Evasion Items Clause: Evasion items are banned\n|rule|Evasion Moves Clause: Evasion moves are banned\n|rule|Species Clause: Limit one of each Pok\u00e9mon\n|rule|Sleep Clause Mod: Limit one foe put to sleep\n|clearpoke\n|poke|p1|Ceruledge, M|\n|poke|p1|Scizor, M|\n|poke|p1|Salamence, M|\n|poke|p1|Ferrothorn, M|\n|poke|p1|Crobat, M|\n|poke|p1|Aegislash, M|\n|poke|p2|Miltank, F|\n|poke|p2|Dubwool, M|\n|poke|p2|Appletun, F|\n|poke|p2|Brute Bonnet|\n|poke|p2|Rotom-Mow|\n|poke|p2|Beedrill, F|\n|teampreview\n|inactive|Battle timer is ON: inactive players will automatically lose when time's up. (requested by Nemasilla)\n|\n|t:|1699592179\n|start\n|switch|p1a: T H I G H S|Ceruledge, M, shiny|100\/100\n|switch|p2a: Dubwool|Dubwool, M|100\/100\n|turn|1\n|\n|t:|1699592186\n|-terastallize|p2a: Dubwool|Water\n|move|p2a: Dubwool|Cotton Guard|p2a: Dubwool\n|-boost|p2a: Dubwool|def|3\n|move|p1a: T H I G H S|Swords Dance|p1a: T H I G H S\n|-boost|p1a: T H I G H S|atk|2\n|\n|upkeep\n|turn|2\n|\n|t:|1699592197\n|move|p1a: T H I G H S|Shadow Sneak|p2a: Dubwool\n|-damage|p2a: Dubwool|92\/100\n|-damage|p1a: T H I G H S|84\/100|[from] item: Rocky Helmet|[of] p2a: Dubwool\n|move|p2a: Dubwool|Cotton Guard|p2a: Dubwool\n|-boost|p2a: Dubwool|def|3\n|\n|upkeep\n|turn|3\n|\n|t:|1699592211\n|move|p2a: Dubwool|Body Press|p1a: T H I G H S\n|-immune|p1a: T H I G H S\n|move|p1a: T H I G H S|Bitter Blade|p2a: Dubwool\n|-resisted|p2a: Dubwool\n|-damage|p2a: Dubwool|82\/100\n|-heal|p1a: T H I G H S|91\/100|[from] drain|[of] p2a: Dubwool\n|-damage|p1a: T H I G H S|74\/100|[from] item: Rocky Helmet|[of] p2a: Dubwool\n|\n|upkeep\n|turn|4\n|\n|t:|1699592226\n|move|p2a: Dubwool|Body Press|p1a: T H I G H S\n|-immune|p1a: T H I G H S\n|move|p1a: T H I G H S|Bitter Blade|p2a: Dubwool\n|-resisted|p2a: Dubwool\n|-damage|p2a: Dubwool|69\/100\n|-heal|p1a: T H I G H S|81\/100|[from] drain|[of] p2a: Dubwool\n|-damage|p1a: T H I G H S|65\/100|[from] item: Rocky Helmet|[of] p2a: Dubwool\n|\n|upkeep\n|turn|5\n|\n|t:|1699592237\n|move|p2a: Dubwool|Cotton Guard|p2a: Dubwool\n|-boost|p2a: Dubwool|def|0\n|move|p1a: T H I G H S|Close Combat|p2a: Dubwool\n|-damage|p2a: Dubwool|60\/100\n|-unboost|p1a: T H I G H S|def|1\n|-unboost|p1a: T H I G H S|spd|1\n|-damage|p1a: T H I G H S|48\/100|[from] item: Rocky Helmet|[of] p2a: Dubwool\n|\n|upkeep\n|turn|6\n|\n|t:|1699592250\n|move|p1a: T H I G H S|Shadow Sneak|p2a: Dubwool\n|-damage|p2a: Dubwool|55\/100\n|-damage|p1a: T H I G H S|32\/100|[from] item: Rocky Helmet|[of] p2a: Dubwool\n|move|p2a: Dubwool|Cotton Guard|p2a: Dubwool\n|-boost|p2a: Dubwool|def|0\n|\n|upkeep\n|turn|7\n|\n|t:|1699592257\n|move|p2a: Dubwool|Cotton Guard|p2a: Dubwool\n|-boost|p2a: Dubwool|def|0\n|move|p1a: T H I G H S|Bitter Blade|p2a: Dubwool\n|-resisted|p2a: Dubwool\n|-damage|p2a: Dubwool|43\/100\n|-heal|p1a: T H I G H S|39\/100|[from] drain|[of] p2a: Dubwool\n|-damage|p1a: T H I G H S|22\/100|[from] item: Rocky Helmet|[of] p2a: Dubwool\n|\n|upkeep\n|turn|8\n|\n|t:|1699592272\n|move|p2a: Dubwool|Cotton Guard|p2a: Dubwool\n|-boost|p2a: Dubwool|def|0\n|move|p1a: T H I G H S|Bitter Blade|p2a: Dubwool\n|-resisted|p2a: Dubwool\n|-damage|p2a: Dubwool|32\/100\n|-heal|p1a: T H I G H S|29\/100|[from] drain|[of] p2a: Dubwool\n|-damage|p1a: T H I G H S|13\/100|[from] item: Rocky Helmet|[of] p2a: Dubwool\n|\n|upkeep\n|turn|9\n|\n|t:|1699592286\n|move|p2a: Dubwool|Cotton Guard|p2a: Dubwool\n|-boost|p2a: Dubwool|def|0\n|move|p1a: T H I G H S|Close Combat|p2a: Dubwool\n|-damage|p2a: Dubwool|22\/100\n|-unboost|p1a: T H I G H S|def|1\n|-unboost|p1a: T H I G H S|spd|1\n|-damage|p1a: T H I G H S|0 fnt|[from] item: Rocky Helmet|[of] p2a: Dubwool\n|faint|p1a: T H I G H S\n|\n|upkeep\n|\n|t:|1699592305\n|switch|p1a: Swordn't|Aegislash, M, shiny|100\/100\n|turn|10\n|\n|t:|1699592317\n|move|p2a: Dubwool|Rest|p2a: Dubwool\n|-status|p2a: Dubwool|slp|[from] move: Rest\n|-heal|p2a: Dubwool|100\/100 slp|[silent]\n|move|p1a: Swordn't|Swords Dance|p1a: Swordn't\n|-boost|p1a: Swordn't|atk|2\n|\n|upkeep\n|turn|11\n|\n|t:|1699592329\n|switch|p1a: Spooder|Ferrothorn, M, shiny|100\/100\n|cant|p2a: Dubwool|slp\n|\n|upkeep\n|turn|12\n|\n|t:|1699592340\n|cant|p2a: Dubwool|slp\n|move|p1a: Spooder|Curse|p1a: Spooder\n|-unboost|p1a: Spooder|spe|1\n|-boost|p1a: Spooder|atk|1\n|-boost|p1a: Spooder|def|1\n|\n|upkeep\n|turn|13\n|\n|t:|1699592347\n|-curestatus|p2a: Dubwool|slp|[msg]\n|move|p2a: Dubwool|Body Press|p1a: Spooder\n|-supereffective|p1a: Spooder\n|-damage|p1a: Spooder|29\/100\n|-damage|p2a: Dubwool|88\/100|[from] ability: Iron Barbs|[of] p1a: Spooder\n|move|p1a: Spooder|Gyro Ball|p2a: Dubwool\n|-resisted|p2a: Dubwool\n|-damage|p2a: Dubwool|84\/100\n|-damage|p1a: Spooder|12\/100|[from] item: Rocky Helmet|[of] p2a: Dubwool\n|\n|-heal|p1a: Spooder|18\/100|[from] item: Leftovers\n|upkeep\n|turn|14\n|\n|t:|1699592361\n|move|p2a: Dubwool|Body Press|p1a: Spooder\n|-supereffective|p1a: Spooder\n|-damage|p1a: Spooder|0 fnt\n|-damage|p2a: Dubwool|71\/100|[from] ability: Iron Barbs|[of] p1a: Spooder\n|faint|p1a: Spooder\n|\n|upkeep\n|\n|t:|1699592370\n|switch|p1a: Crobat|Crobat, M|100\/100\n|turn|15\n|\n|t:|1699592376\n|move|p1a: Crobat|Haze|p1a: Crobat\n|-clearallboost\n|move|p2a: Dubwool|Body Press|p1a: Crobat\n|-resisted|p1a: Crobat\n|-damage|p1a: Crobat|95\/100\n|\n|-heal|p1a: Crobat|100\/100|[from] item: Leftovers\n|upkeep\n|turn|16\n|\n|t:|1699592385\n|switch|p2a: Miltank|Miltank, F|100\/100\n|move|p1a: Crobat|Dual Wingbeat|p2a: Miltank|[miss]\n|-miss|p1a: Crobat|p2a: Miltank\n|\n|upkeep\n|turn|17\n|\n|t:|1699592393\n|move|p1a: Crobat|Dual Wingbeat|p2a: Miltank|[miss]\n|-miss|p1a: Crobat|p2a: Miltank\n|move|p2a: Miltank|Seismic Toss|p1a: Crobat\n|-damage|p1a: Crobat|74\/100\n|\n|-heal|p1a: Crobat|80\/100|[from] item: Leftovers\n|upkeep\n|turn|18\n|\n|t:|1699592405\n|switch|p1a: Yoshi?|Salamence, M, shiny|100\/100\n|move|p2a: Miltank|Seismic Toss|p1a: Yoshi?\n|-damage|p1a: Yoshi?|70\/100\n|\n|upkeep\n|turn|19\n|\n|t:|1699592418\n|move|p2a: Miltank|Toxic|p1a: Yoshi?\n|-status|p1a: Yoshi?|tox\n|move|p1a: Yoshi?|Outrage|p2a: Miltank\n|-damage|p2a: Miltank|27\/100\n|-damage|p1a: Yoshi?|60\/100 tox|[from] item: Life Orb\n|\n|-heal|p2a: Miltank|33\/100|[from] item: Leftovers\n|-damage|p1a: Yoshi?|54\/100 tox|[from] psn\n|upkeep\n|turn|20\n|\n|t:|1699592430\n|move|p2a: Miltank|Milk Drink|p2a: Miltank\n|-heal|p2a: Miltank|83\/100\n|move|p1a: Yoshi?|Outrage|p2a: Miltank|[from]lockedmove\n|-damage|p2a: Miltank|8\/100\n|-damage|p1a: Yoshi?|44\/100 tox|[from] item: Life Orb\n|-start|p1a: Yoshi?|confusion|[fatigue]\n|\n|-heal|p2a: Miltank|14\/100|[from] item: Leftovers\n|-damage|p1a: Yoshi?|32\/100 tox|[from] psn\n|upkeep\n|turn|21\n|\n|t:|1699592443\n|switch|p2a: Dubwool|Dubwool, M, tera:Water|71\/100\n|-activate|p1a: Yoshi?|confusion\n|-damage|p1a: Yoshi?|12\/100 tox|[from] confusion\n|\n|-damage|p1a: Yoshi?|0 fnt|[from] psn\n|faint|p1a: Yoshi?\n|upkeep\n|\n|t:|1699592453\n|switch|p1a: Ironclad|Scizor, M, shiny|100\/100\n|turn|22\n|\n|t:|1699592461\n|move|p2a: Dubwool|Cotton Guard|p2a: Dubwool\n|-boost|p2a: Dubwool|def|3\n|move|p1a: Ironclad|Swords Dance|p1a: Ironclad\n|-boost|p1a: Ironclad|atk|2\n|\n|upkeep\n|turn|23\n|\n|t:|1699592474\n|move|p2a: Dubwool|Cotton Guard|p2a: Dubwool\n|-boost|p2a: Dubwool|def|3\n|move|p1a: Ironclad|Dual Wingbeat|p2a: Dubwool\n|-damage|p2a: Dubwool|65\/100\n|-damage|p1a: Ironclad|84\/100|[from] item: Rocky Helmet|[of] p2a: Dubwool\n|-damage|p2a: Dubwool|59\/100\n|-damage|p1a: Ironclad|67\/100|[from] item: Rocky Helmet|[of] p2a: Dubwool\n|-hitcount|p2a: Dubwool|2\n|\n|upkeep\n|turn|24\n|\n|t:|1699592491\n|-terastallize|p1a: Ironclad|Steel\n|move|p1a: Ironclad|Bullet Punch|p2a: Dubwool\n|-resisted|p2a: Dubwool\n|-damage|p2a: Dubwool|54\/100\n|-damage|p1a: Ironclad|50\/100|[from] item: Rocky Helmet|[of] p2a: Dubwool\n|move|p2a: Dubwool|Body Press|p1a: Ironclad\n|-supereffective|p1a: Ironclad\n|-damage|p1a: Ironclad|0 fnt\n|faint|p1a: Ironclad\n|\n|upkeep\n|\n|t:|1699592504\n|switch|p1a: Crobat|Crobat, M|80\/100\n|turn|25\n|\n|t:|1699592517\n|move|p1a: Crobat|Haze|p1a: Crobat\n|-clearallboost\n|move|p2a: Dubwool|Body Press|p1a: Crobat\n|-resisted|p1a: Crobat\n|-damage|p1a: Crobat|75\/100\n|\n|-heal|p1a: Crobat|81\/100|[from] item: Leftovers\n|upkeep\n|turn|26\n|\n|t:|1699592529\n|move|p1a: Crobat|Dual Wingbeat|p2a: Dubwool\n|-damage|p2a: Dubwool|48\/100\n|-damage|p1a: Crobat|64\/100|[from] item: Rocky Helmet|[of] p2a: Dubwool\n|-damage|p2a: Dubwool|42\/100\n|-damage|p1a: Crobat|48\/100|[from] item: Rocky Helmet|[of] p2a: Dubwool\n|-hitcount|p2a: Dubwool|2\n|move|p2a: Dubwool|Body Press|p1a: Crobat\n|-resisted|p1a: Crobat\n|-damage|p1a: Crobat|42\/100\n|\n|-heal|p1a: Crobat|49\/100|[from] item: Leftovers\n|upkeep\n|turn|27\n|-message|buttbuiscut forfeited.\n|\n|win|Nemasilla\n|raw|buttbuiscut's rating: 1121 &rarr; <strong>1102<\/strong><br \/>(-19 for losing)\n|raw|Nemasilla's rating: 1207 &rarr; <strong>1226<\/strong><br \/>(+19 for winning)\n|l|\u2606buttbuiscut\n","uploadtime":1699592544,"views":5,"p1id":"buttbuiscut","p2id":"nemasilla","formatid":"gen9nationaldex","rating":1102,"private":0,"password":""}