{"id":"gen9nationaldex-1996080049","p1":"Balazs1102","p2":"Hittite Jumpscare","format":"[Gen 9] National Dex","log":"|html|<div class=\"broadcast-blue\"><strong>[Gen 9] National Dex is currently suspecting Sneasler! For information on how to participate check out the <a href=\"https:\/\/www.smogon.com\/forums\/threads\/sv-national-dex-suspect-8-just-dance.3731534\/\">suspect thread<\/a>.<\/strong><\/div>\n|j|\u2606Balazs1102\n|j|\u2606Hittite Jumpscare\n|inactive|Battle timer is ON: inactive players will automatically lose when time's up.\n|t:|1700640801\n|gametype|singles\n|player|p1|Balazs1102|jogger|\n|player|p2|Hittite Jumpscare|nate|\n|teamsize|p1|6\n|teamsize|p2|6\n|gen|9\n|tier|[Gen 9] National Dex\n|rated|Tournament battle\n|rule|HP Percentage Mod: HP is shown in percentages\n|rule|Endless Battle Clause: Forcing endless battles is banned\n|rule|OHKO Clause: OHKO moves are banned\n|rule|Evasion Clause: Evasion abilities, items, and moves are banned\n|rule|Evasion Abilities Clause: Evasion abilities are banned\n|rule|Evasion Items Clause: Evasion items are banned\n|rule|Evasion Moves Clause: Evasion moves are banned\n|rule|Species Clause: Limit one of each Pok\u00e9mon\n|rule|Sleep Clause Mod: Limit one foe put to sleep\n|clearpoke\n|poke|p1|Galvantula, M|\n|poke|p1|Mawile, F|\n|poke|p1|Goodra-Hisui, M|\n|poke|p1|Articuno-Galar|\n|poke|p1|Tsareena, F|\n|poke|p1|Arcanine-Hisui, M|\n|poke|p2|Moltres|\n|poke|p2|Ribombee, F|\n|poke|p2|Gyarados, M|\n|poke|p2|Gliscor, F|\n|poke|p2|Volcarona, F|\n|poke|p2|Xurkitree|\n|teampreview\n|inactive|Balazs1102 also wants the timer to be on.\n|inactive|Hittite Jumpscare also wants the timer to be on.\n|c|\u2606Balazs1102|gl\n|c|\u2606Balazs1102|hello\n|c|\u2606Hittite Jumpscare|gl\n|\n|t:|1700640813\n|start\n|switch|p1a: Sibyl|Articuno-Galar|100\/100\n|switch|p2a: Ribombee|Ribombee, F|100\/100\n|turn|1\n|\n|t:|1700640820\n|move|p2a: Ribombee|Sticky Web|p1a: Sibyl\n|-sidestart|p1: Balazs1102|move: Sticky Web\n|move|p1a: Sibyl|Freezing Glare|p2a: Ribombee\n|-enditem|p2a: Ribombee|Focus Sash\n|-damage|p2a: Ribombee|1\/100\n|\n|upkeep\n|turn|2\n|\n|t:|1700640826\n|move|p2a: Ribombee|Stun Spore|p1a: Sibyl\n|-status|p1a: Sibyl|par\n|move|p1a: Sibyl|Freezing Glare|p2a: Ribombee\n|-damage|p2a: Ribombee|0 fnt\n|faint|p2a: Ribombee\n|\n|upkeep\n|j| batmanga\n|j| someone94828\n|\n|t:|1700640837\n|switch|p2a: Volcarona|Volcarona, F|100\/100\n|turn|3\n|\n|t:|1700640840\n|move|p2a: Volcarona|Quiver Dance|p2a: Volcarona\n|-boost|p2a: Volcarona|spa|1\n|-boost|p2a: Volcarona|spd|1\n|-boost|p2a: Volcarona|spe|1\n|move|p1a: Sibyl|Freezing Glare|p2a: Volcarona\n|-crit|p2a: Volcarona\n|-damage|p2a: Volcarona|0 fnt\n|faint|p2a: Volcarona\n|\n|upkeep\n|c|\u2606Balazs1102|wow\n|c|\u2606Hittite Jumpscare|specs?\n|c|\u2606Balazs1102|yepp\n|\n|t:|1700640855\n|switch|p2a: Gyarados|Gyarados, M|100\/100\n|-ability|p2a: Gyarados|Intimidate|boost\n|-unboost|p1a: Sibyl|atk|1\n|-ability|p1a: Sibyl|Competitive|boost\n|-boost|p1a: Sibyl|spa|2\n|turn|4\n|\n|t:|1700640863\n|switch|p1a: Alactria|Mawile, F|100\/100\n|-activate|p1a: Alactria|move: Sticky Web\n|-unboost|p1a: Alactria|spe|1\n|-ability|p1a: Alactria|Intimidate|boost\n|-unboost|p2a: Gyarados|atk|1\n|detailschange|p2a: Gyarados|Gyarados-Mega, M\n|-mega|p2a: Gyarados|Gyarados|Gyaradosite\n|-ability|p2a: Gyarados|Mold Breaker\n|move|p2a: Gyarados|Dragon Dance|p2a: Gyarados\n|-boost|p2a: Gyarados|atk|1\n|-boost|p2a: Gyarados|spe|1\n|\n|upkeep\n|turn|5\n|\n|t:|1700640874\n|detailschange|p1a: Alactria|Mawile-Mega, F\n|-mega|p1a: Alactria|Mawile|Mawilite\n|move|p2a: Gyarados|Earthquake|p1a: Alactria\n|-supereffective|p1a: Alactria\n|-damage|p1a: Alactria|20\/100\n|move|p1a: Alactria|Brick Break|p2a: Gyarados\n|-supereffective|p2a: Gyarados\n|-crit|p2a: Gyarados\n|-damage|p2a: Gyarados|0 fnt\n|faint|p2a: Gyarados\n|\n|upkeep\n|j| hatsir\n|c|\u2606Balazs1102|max attacck\n|c|\u2606Balazs1102|and max hp\n|c|\u2606Hittite Jumpscare|that is so brutal\n|\n|t:|1700640897\n|switch|p2a: Moltres|Moltres|100\/100\n|turn|6\n|c|\u2606Balazs1102|I suppose\n|c|\u2606Balazs1102|but it does make sense\n|\n|t:|1700640908\n|switch|p1a: Azure|Goodra-Hisui, M|100\/100\n|-activate|p1a: Azure|move: Sticky Web\n|-unboost|p1a: Azure|spe|1\n|move|p2a: Moltres|Flamethrower|p1a: Azure\n|-damage|p1a: Azure|83\/100\n|\n|-heal|p1a: Azure|89\/100|[from] item: Leftovers\n|upkeep\n|turn|7\n|c|\u2606Balazs1102|since maws won't outspeed anything anyway\n|\n|t:|1700640919\n|move|p2a: Moltres|U-turn|p1a: Azure\n|-resisted|p1a: Azure\n|-damage|p1a: Azure|83\/100\n|-ability|p1a: Azure|Gooey\n|-unboost|p2a: Moltres|spe|1\n|\n|t:|1700640925\n|switch|p2a: Gliscor|Gliscor, F|100\/100|[from] U-turn\n|move|p1a: Azure|Toxic|p2a: Gliscor|[miss]\n|-miss|p1a: Azure|p2a: Gliscor\n|\n|-heal|p1a: Azure|89\/100|[from] item: Leftovers\n|-status|p2a: Gliscor|tox|[from] item: Toxic Orb\n|upkeep\n|turn|8\n|c|\u2606Balazs1102|so I might as well make my gal thicc\n|\n|t:|1700640940\n|switch|p1a: Charlotte|Tsareena, F|100\/100\n|-activate|p1a: Charlotte|move: Sticky Web\n|-unboost|p1a: Charlotte|spe|1\n|move|p2a: Gliscor|Knock Off|p1a: Charlotte\n|-damage|p1a: Charlotte|80\/100\n|-enditem|p1a: Charlotte|Assault Vest|[from] move: Knock Off|[of] p2a: Gliscor\n|\n|upkeep\n|turn|9\n|c|\u2606Balazs1102|okay that was a little weird\n|l| someone94828\n|c|\u2606Hittite Jumpscare|lol\n|\n|t:|1700640954\n|switch|p2a: Moltres|Moltres|100\/100\n|move|p1a: Charlotte|Rapid Spin|p2a: Moltres\n|-damage|p2a: Moltres|86\/100\n|-boost|p1a: Charlotte|spe|1\n|-sideend|p1: Balazs1102|Sticky Web|[from] move: Rapid Spin|[of] p1a: Charlotte\n|\n|upkeep\n|turn|10\n|\n|t:|1700640961\n|switch|p1a: Smolder|Arcanine-Hisui, M|100\/100\n|move|p2a: Moltres|Flamethrower|p1a: Smolder\n|-resisted|p1a: Smolder\n|-damage|p1a: Smolder|91\/100\n|\n|upkeep\n|turn|11\n|\n|t:|1700640975\n|switch|p2a: Gliscor|Gliscor, F|100\/100 tox\n|move|p1a: Smolder|Head Smash|p2a: Gliscor\n|-damage|p2a: Gliscor|35\/100 tox\n|\n|-heal|p2a: Gliscor|47\/100 tox|[from] ability: Poison Heal\n|upkeep\n|turn|12\n|c|\u2606Balazs1102|glisc is still a tank\n|c|\u2606Balazs1102|an absolute unit\n|\n|t:|1700640997\n|-terastallize|p1a: Smolder|Normal\n|move|p1a: Smolder|Head Smash|p2a: Gliscor\n|-damage|p2a: Gliscor|0 fnt\n|faint|p2a: Gliscor\n|\n|upkeep\n|c|\u2606Hittite Jumpscare|I think I'm dead\n|j| Isza\n|\n|t:|1700641007\n|switch|p2a: Xurkitree|Xurkitree|100\/100\n|turn|13\n|\n|t:|1700641020\n|switch|p1a: Charlotte|Tsareena, F|80\/100\n|-zpower|p2a: Xurkitree\n|move|p2a: Xurkitree|Z-Hypnosis|p1a: Charlotte|[anim]Hypnosis\n|-boost|p2a: Xurkitree|spe|1|[zeffect]\n|-status|p1a: Charlotte|slp|[from] move: Hypnosis\n|\n|upkeep\n|turn|14\n|\n|t:|1700641028\n|move|p2a: Xurkitree|Tail Glow|p2a: Xurkitree\n|-boost|p2a: Xurkitree|spa|3\n|cant|p1a: Charlotte|slp\n|\n|upkeep\n|turn|15\n|\n|t:|1700641033\n|move|p2a: Xurkitree|Hidden Power|p1a: Charlotte\n|-supereffective|p1a: Charlotte\n|-damage|p1a: Charlotte|0 fnt\n|faint|p1a: Charlotte\n|-ability|p2a: Xurkitree|Beast Boost|boost\n|-boost|p2a: Xurkitree|spa|1\n|\n|upkeep\n|\n|t:|1700641040\n|switch|p1a: Smolder|Arcanine-Hisui, M, tera:Normal|91\/100\n|turn|16\n|\n|t:|1700641043\n|move|p1a: Smolder|Extreme Speed|p2a: Xurkitree\n|-damage|p2a: Xurkitree|15\/100\n|move|p2a: Xurkitree|Thunderbolt|p1a: Smolder\n|-damage|p1a: Smolder|0 fnt\n|faint|p1a: Smolder\n|-ability|p2a: Xurkitree|Beast Boost|boost\n|-boost|p2a: Xurkitree|spa|1\n|\n|upkeep\n|\n|t:|1700641050\n|switch|p1a: Galvan|Galvantula, M|100\/100\n|turn|17\n|\n|t:|1700641053\n|move|p2a: Xurkitree|Hidden Power|p1a: Galvan\n|-enditem|p1a: Galvan|Focus Sash\n|-damage|p1a: Galvan|1\/100\n|move|p1a: Galvan|Bug Buzz|p2a: Xurkitree\n|-damage|p2a: Xurkitree|0 fnt\n|faint|p2a: Xurkitree\n|\n|upkeep\n|\n|t:|1700641061\n|switch|p2a: Moltres|Moltres|86\/100\n|turn|18\n|c|\u2606Balazs1102|the sash coming in clutch\n|c|\u2606Hittite Jumpscare|noooo\n|l| hatsir\n|\n|t:|1700641071\n|move|p1a: Galvan|Thunder|p2a: Moltres\n|-supereffective|p2a: Moltres\n|-damage|p2a: Moltres|14\/100\n|move|p2a: Moltres|Flamethrower|p1a: Galvan\n|-supereffective|p1a: Galvan\n|-damage|p1a: Galvan|0 fnt\n|faint|p1a: Galvan\n|\n|upkeep\n|c|\u2606Balazs1102|i had sucker punch too\n|\n|t:|1700641081\n|switch|p1a: Azure|Goodra-Hisui, M|89\/100\n|turn|19\n|c|\u2606Balazs1102|gg wp\n|c|\u2606Hittite Jumpscare|gg\n|\n|t:|1700641090\n|move|p2a: Moltres|Flamethrower|p1a: Azure\n|-damage|p1a: Azure|69\/100\n|move|p1a: Azure|Toxic|p2a: Moltres\n|-status|p2a: Moltres|tox\n|\n|-heal|p1a: Azure|75\/100|[from] item: Leftovers\n|-damage|p2a: Moltres|8\/100 tox|[from] psn\n|upkeep\n|turn|20\n|\n|t:|1700641098\n|move|p2a: Moltres|Flamethrower|p1a: Azure\n|-damage|p1a: Azure|57\/100\n|-status|p1a: Azure|brn\n|move|p1a: Azure|Dragon Pulse|p2a: Moltres\n|-damage|p2a: Moltres|0 fnt\n|faint|p2a: Moltres\n|\n|win|Balazs1102\n|n|\u2606Balazs1102|balazs1102\n|n|\u2606Hittite Jumpscare|hittitejumpscare\n|n| batmanga|batmanga\n|n| Isza|isza\n","uploadtime":1700641099,"views":0,"p1id":"balazs1102","p2id":"hittitejumpscare","formatid":"gen9nationaldex","rating":0,"private":0,"password":""}