{"id":"gen9nationaldex-1988127371","p1":"megakeen","p2":"Monkedog","format":"[Gen 9] National Dex","log":"|j|\u2606megakeen\n|j|\u2606Monkedog\n|t:|1699672951\n|gametype|singles\n|player|p1|megakeen|cheryl|1078\n|player|p2|Monkedog|teamrocket|1149\n|teamsize|p1|6\n|teamsize|p2|6\n|gen|9\n|tier|[Gen 9] National Dex\n|rated|\n|rule|HP Percentage Mod: HP is shown in percentages\n|rule|Endless Battle Clause: Forcing endless battles is banned\n|rule|OHKO Clause: OHKO moves are banned\n|rule|Evasion Clause: Evasion abilities, items, and moves are banned\n|rule|Evasion Abilities Clause: Evasion abilities are banned\n|rule|Evasion Items Clause: Evasion items are banned\n|rule|Evasion Moves Clause: Evasion moves are banned\n|rule|Species Clause: Limit one of each Pok\u00e9mon\n|rule|Sleep Clause Mod: Limit one foe put to sleep\n|clearpoke\n|poke|p1|Milotic, M|\n|poke|p1|Aggron, F|\n|poke|p1|Relicanth, M|\n|poke|p1|Electivire, F|\n|poke|p1|Lunatone|\n|poke|p1|Metagross|\n|poke|p2|Banette, M|\n|poke|p2|Iron Valiant|\n|poke|p2|Hoopa-Unbound|\n|poke|p2|Gliscor, M|\n|poke|p2|Ferrothorn, M|\n|poke|p2|Heatran, M|\n|teampreview\n|\n|t:|1699672955\n|start\n|switch|p1a: fimplmire|Lunatone|100\/100\n|switch|p2a: Ferrothorn|Ferrothorn, M|100\/100\n|turn|1\n|\n|t:|1699672969\n|move|p1a: fimplmire|Meteor Beam||[still]\n|-prepare|p1a: fimplmire|Meteor Beam\n|-boost|p1a: fimplmire|spa|1\n|-enditem|p1a: fimplmire|Power Herb\n|-anim|p1a: fimplmire|Meteor Beam|p2a: Ferrothorn\n|-resisted|p2a: Ferrothorn\n|-damage|p2a: Ferrothorn|73\/100\n|move|p2a: Ferrothorn|Stealth Rock|p1a: fimplmire\n|-sidestart|p1: megakeen|move: Stealth Rock\n|\n|-heal|p2a: Ferrothorn|79\/100|[from] item: Leftovers\n|upkeep\n|turn|2\n|\n|t:|1699672980\n|move|p1a: fimplmire|Ice Beam|p2a: Ferrothorn\n|-damage|p2a: Ferrothorn|52\/100\n|move|p2a: Ferrothorn|Gyro Ball|p1a: fimplmire\n|-supereffective|p1a: fimplmire\n|-damage|p1a: fimplmire|0 fnt\n|faint|p1a: fimplmire\n|\n|-heal|p2a: Ferrothorn|58\/100|[from] item: Leftovers\n|upkeep\n|\n|t:|1699672989\n|switch|p1a: wigmund|Electivire, F|100\/100\n|-damage|p1a: wigmund|88\/100|[from] Stealth Rock\n|turn|3\n|\n|t:|1699672993\n|move|p1a: wigmund|Flamethrower|p2a: Ferrothorn\n|-supereffective|p2a: Ferrothorn\n|-damage|p2a: Ferrothorn|0 fnt\n|faint|p2a: Ferrothorn\n|-damage|p1a: wigmund|78\/100|[from] item: Life Orb\n|\n|upkeep\n|\n|t:|1699673003\n|switch|p2a: Heatran|Heatran, M|100\/100\n|turn|4\n|\n|t:|1699673009\n|move|p1a: wigmund|Earthquake|p2a: Heatran\n|-supereffective|p2a: Heatran\n|-damage|p2a: Heatran|0 fnt\n|faint|p2a: Heatran\n|-damage|p1a: wigmund|68\/100|[from] item: Life Orb\n|\n|upkeep\n|\n|t:|1699673020\n|switch|p2a: Gliscor|Gliscor, M|100\/100\n|turn|5\n|\n|t:|1699673031\n|switch|p1a: milochad|Milotic, M|100\/100\n|-damage|p1a: milochad|88\/100|[from] Stealth Rock\n|move|p2a: Gliscor|Earthquake|p1a: milochad\n|-damage|p1a: milochad|52\/100\n|\n|-status|p2a: Gliscor|tox|[from] item: Toxic Orb\n|-status|p1a: milochad|brn|[from] item: Flame Orb\n|upkeep\n|turn|6\n|\n|t:|1699673044\n|switch|p2a: Hoopa|Hoopa-Unbound|100\/100\n|move|p1a: milochad|Recover|p1a: milochad\n|-heal|p1a: milochad|100\/100 brn\n|\n|-damage|p1a: milochad|94\/100 brn|[from] brn\n|upkeep\n|turn|7\n|\n|t:|1699673053\n|move|p2a: Hoopa|Hyperspace Fury|p1a: milochad\n|-damage|p1a: milochad|58\/100 brn\n|-unboost|p2a: Hoopa|def|1\n|-enditem|p2a: Hoopa|Eject Pack\n|\n|t:|1699673070\n|switch|p2a: Banette|Banette, M|100\/100\n|move|p1a: milochad|Scald|p2a: Banette\n|-damage|p2a: Banette|49\/100\n|-status|p2a: Banette|brn\n|\n|-damage|p1a: milochad|52\/100 brn|[from] brn\n|-damage|p2a: Banette|43\/100 brn|[from] brn\n|upkeep\n|turn|8\n|\n|t:|1699673081\n|detailschange|p2a: Banette|Banette-Mega, M\n|-mega|p2a: Banette|Banette|Banettite\n|move|p2a: Banette|Destiny Bond|p2a: Banette\n|-singlemove|p2a: Banette|Destiny Bond\n|move|p1a: milochad|Recover|p1a: milochad\n|-heal|p1a: milochad|100\/100 brn\n|\n|-damage|p1a: milochad|94\/100 brn|[from] brn\n|-damage|p2a: Banette|37\/100 brn|[from] brn\n|upkeep\n|turn|9\n|-message|Monkedog forfeited.\n|\n|win|megakeen\n|raw|megakeen's rating: 1078 &rarr; <strong>1112<\/strong><br \/>(+34 for winning)\n|raw|Monkedog's rating: 1149 &rarr; <strong>1119<\/strong><br \/>(-30 for losing)\n|l|\u2606Monkedog\n","uploadtime":1699673099,"views":16,"p1id":"megakeen","p2id":"monkedog","formatid":"gen9nationaldex","rating":1112,"private":0,"password":""}