{"id":"gen9nationaldex-1996370519","p1":"zonaidevicesss","p2":"feed store","format":"[Gen 9] National Dex","log":"|html|<div class=\"broadcast-blue\"><strong>[Gen 9] National Dex is currently suspecting Sneasler! For information on how to participate check out the <a href=\"https:\/\/www.smogon.com\/forums\/threads\/sv-national-dex-suspect-8-just-dance.3731534\/\">suspect thread<\/a>.<\/strong><\/div>\n|j|\u2606zonaidevicesss\n|j|\u2606feed store\n|t:|1700675581\n|gametype|singles\n|player|p1|zonaidevicesss|ltsurge|1134\n|player|p2|feed store|clay|1079\n|teamsize|p1|6\n|teamsize|p2|6\n|gen|9\n|tier|[Gen 9] National Dex\n|rated|\n|rule|HP Percentage Mod: HP is shown in percentages\n|rule|Endless Battle Clause: Forcing endless battles is banned\n|rule|OHKO Clause: OHKO moves are banned\n|rule|Evasion Clause: Evasion abilities, items, and moves are banned\n|rule|Evasion Abilities Clause: Evasion abilities are banned\n|rule|Evasion Items Clause: Evasion items are banned\n|rule|Evasion Moves Clause: Evasion moves are banned\n|rule|Species Clause: Limit one of each Pok\u00e9mon\n|rule|Sleep Clause Mod: Limit one foe put to sleep\n|clearpoke\n|poke|p1|Beedrill, M|\n|poke|p1|Salazzle, F|\n|poke|p1|Weezing-Galar, M|\n|poke|p1|Toxicroak, F|\n|poke|p1|Glimmora, F|\n|poke|p1|Crobat, F|\n|poke|p2|Zoroark-Hisui, F|\n|poke|p2|Nidoking, M|\n|poke|p2|Sinistcha|\n|poke|p2|Cobalion|\n|poke|p2|Rapidash-Galar, M|\n|poke|p2|Krookodile, F|\n|teampreview\n|j| 5cat\n|inactive|Battle timer is ON: inactive players will automatically lose when time's up. (requested by zonaidevicesss)\n|j| less might be more\n|j| kung fu pokechu\n|j| Lonsol\n|\n|t:|1700675606\n|start\n|switch|p1a: Beedrill|Beedrill, M|100\/100\n|switch|p2a: Krokodil|Krookodile, F|100\/100\n|turn|1\n|\n|t:|1700675627\n|switch|p2a: Cobson|Cobalion|100\/100\n|detailschange|p1a: Beedrill|Beedrill-Mega, M\n|-mega|p1a: Beedrill|Beedrill|Beedrillite\n|move|p1a: Beedrill|U-turn|p2a: Cobson\n|-resisted|p2a: Cobson\n|-damage|p2a: Cobson|89\/100\n|inactive|zonaidevicesss has 120 seconds left.\n|\n|t:|1700675651\n|switch|p1a: Glimmora|Glimmora, F|100\/100|[from] U-turn\n|\n|upkeep\n|turn|2\n|inactive|zonaidevicesss has 120 seconds left.\n|\n|t:|1700675675\n|move|p2a: Cobson|Flash Cannon|p1a: Glimmora\n|-supereffective|p1a: Glimmora\n|-damage|p1a: Glimmora|8\/100\n|move|p1a: Glimmora|Energy Ball|p2a: Cobson\n|-resisted|p2a: Cobson\n|-damage|p2a: Cobson|69\/100\n|\n|upkeep\n|turn|3\n|\n|t:|1700675685\n|move|p2a: Cobson|Flash Cannon|p1a: Glimmora\n|-supereffective|p1a: Glimmora\n|-damage|p1a: Glimmora|0 fnt\n|faint|p1a: Glimmora\n|\n|upkeep\n|\n|t:|1700675691\n|switch|p1a: Salazzle|Salazzle, F|100\/100\n|turn|4\n|\n|t:|1700675710\n|move|p1a: Salazzle|Burning Jealousy|p2a: Cobson\n|-supereffective|p2a: Cobson\n|-damage|p2a: Cobson|0 fnt\n|faint|p2a: Cobson\n|\n|upkeep\n|\n|t:|1700675728\n|switch|p2a: Krokodil|Krookodile, F|100\/100\n|turn|5\n|inactive|zonaidevicesss has 120 seconds left.\n|\n|t:|1700675744\n|-terastallize|p1a: Salazzle|Flying\n|-terastallize|p2a: Krokodil|Dragon\n|move|p1a: Salazzle|Toxic|p2a: Krokodil\n|-status|p2a: Krokodil|tox\n|move|p2a: Krokodil|Scale Shot|p1a: Salazzle\n|-damage|p1a: Salazzle|80\/100\n|-damage|p1a: Salazzle|58\/100\n|-damage|p1a: Salazzle|34\/100\n|-damage|p1a: Salazzle|10\/100\n|-damage|p1a: Salazzle|0 fnt\n|faint|p1a: Salazzle\n|-ability|p2a: Krokodil|Moxie|boost\n|-boost|p2a: Krokodil|atk|1\n|-hitcount|p1: Salazzle|5\n|-unboost|p2a: Krokodil|def|1\n|-boost|p2a: Krokodil|spe|1\n|\n|-damage|p2a: Krokodil|94\/100 tox|[from] psn\n|upkeep\n|\n|t:|1700675753\n|switch|p1a: Weezing|Weezing-Galar, M|100\/100\n|turn|6\n|inactive|feed store has 120 seconds left.\n|\n|t:|1700675788\n|move|p2a: Krokodil|Knock Off|p1a: Weezing\n|-resisted|p1a: Weezing\n|-damage|p1a: Weezing|68\/100\n|-enditem|p1a: Weezing|Leftovers|[from] move: Knock Off|[of] p2a: Krokodil\n|move|p1a: Weezing|Strange Steam|p2a: Krokodil\n|-supereffective|p2a: Krokodil\n|-crit|p2a: Krokodil\n|-damage|p2a: Krokodil|0 fnt\n|faint|p2a: Krokodil\n|\n|upkeep\n|\n|t:|1700675798\n|switch|p2a: shellphone|Sinistcha, shiny|100\/100\n|turn|7\n|inactive|zonaidevicesss has 120 seconds left.\n|\n|t:|1700675826\n|move|p2a: shellphone|Calm Mind|p2a: shellphone\n|-boost|p2a: shellphone|spa|1\n|-boost|p2a: shellphone|spd|1\n|move|p1a: Weezing|Thunderbolt|p2a: shellphone\n|-resisted|p2a: shellphone\n|-damage|p2a: shellphone|90\/100\n|\n|-heal|p2a: shellphone|96\/100|[from] item: Leftovers\n|upkeep\n|turn|8\n|inactive|zonaidevicesss has 120 seconds left.\n|\n|t:|1700675842\n|move|p2a: shellphone|Calm Mind|p2a: shellphone\n|-boost|p2a: shellphone|spa|1\n|-boost|p2a: shellphone|spd|1\n|move|p1a: Weezing|Flamethrower|p2a: shellphone\n|-supereffective|p2a: shellphone\n|-crit|p2a: shellphone\n|-damage|p2a: shellphone|52\/100\n|\n|-heal|p2a: shellphone|58\/100|[from] item: Leftovers\n|upkeep\n|turn|9\n|\n|t:|1700675851\n|move|p2a: shellphone|Matcha Gotcha|p1a: Weezing\n|-resisted|p1a: Weezing\n|-damage|p1a: Weezing|23\/100\n|-heal|p2a: shellphone|80\/100|[from] drain|[of] p1a: Weezing\n|move|p1a: Weezing|Flamethrower|p2a: shellphone\n|-supereffective|p2a: shellphone\n|-damage|p2a: shellphone|66\/100\n|\n|-heal|p2a: shellphone|72\/100|[from] item: Leftovers\n|upkeep\n|turn|10\n|inactive|zonaidevicesss has 120 seconds left.\n|inactive|feed store has 120 seconds left.\n|\n|t:|1700675860\n|switch|p1a: Beedrill|Beedrill-Mega, M|100\/100\n|move|p2a: shellphone|Matcha Gotcha|p1a: Beedrill\n|-resisted|p1a: Beedrill\n|-damage|p1a: Beedrill|75\/100\n|-heal|p2a: shellphone|82\/100|[from] drain|[of] p1a: Beedrill\n|\n|-heal|p2a: shellphone|88\/100|[from] item: Leftovers\n|upkeep\n|turn|11\n|\n|t:|1700675869\n|move|p1a: Beedrill|Poison Jab|p2a: shellphone\n|-damage|p2a: shellphone|39\/100\n|-status|p2a: shellphone|psn\n|move|p2a: shellphone|Strength Sap|p1a: Beedrill\n|-unboost|p1a: Beedrill|atk|1\n|-heal|p2a: shellphone|100\/100 psn\n|\n|-damage|p2a: shellphone|88\/100 psn|[from] psn\n|upkeep\n|turn|12\n|\n|t:|1700675877\n|move|p1a: Beedrill|U-turn|p2a: shellphone\n|-damage|p2a: shellphone|63\/100 psn\n|\n|t:|1700675880\n|switch|p1a: Crobat|Crobat, F|100\/100|[from] U-turn\n|move|p2a: shellphone|Shadow Ball|p1a: Crobat\n|-damage|p1a: Crobat|22\/100\n|\n|-heal|p1a: Crobat|28\/100|[from] item: Black Sludge\n|-heal|p2a: shellphone|69\/100 psn|[from] item: Leftovers\n|-damage|p2a: shellphone|56\/100 psn|[from] psn\n|upkeep\n|turn|13\n|\n|t:|1700675887\n|move|p1a: Crobat|Brave Bird|p2a: shellphone\n|-supereffective|p2a: shellphone\n|-damage|p2a: shellphone|0 fnt\n|faint|p2a: shellphone\n|-damage|p1a: Crobat|8\/100|[from] Recoil\n|\n|-heal|p1a: Crobat|14\/100|[from] item: Black Sludge\n|upkeep\n|\n|t:|1700675903\n|switch|p2a: Need a King?|Nidoking, M|100\/100\n|turn|14\n|\n|t:|1700675910\n|move|p1a: Crobat|Brave Bird|p2a: Need a King?\n|-damage|p2a: Need a King?|36\/100\n|-damage|p1a: Crobat|0 fnt|[from] Recoil\n|faint|p1a: Crobat\n|move|p2a: Need a King?|Stealth Rock|p1: Crobat\n|-sidestart|p1: zonaidevicesss|move: Stealth Rock\n|\n|upkeep\n|\n|t:|1700675916\n|switch|p1a: Beedrill|Beedrill-Mega, M|75\/100\n|-damage|p1a: Beedrill|51\/100|[from] Stealth Rock\n|turn|15\n|\n|t:|1700675922\n|move|p1a: Beedrill|Drill Run|p2a: Need a King?\n|-supereffective|p2a: Need a King?\n|-damage|p2a: Need a King?|0 fnt\n|faint|p2a: Need a King?\n|\n|upkeep\n|\n|t:|1700675926\n|switch|p2a: Rapid Ash|Rapidash-Galar, M|100\/100\n|turn|16\n|\n|t:|1700675933\n|move|p1a: Beedrill|Defog|p2a: Rapid Ash\n|-unboost|p2a: Rapid Ash|evasion|1\n|-sideend|p1: zonaidevicesss|Stealth Rock|[from] move: Defog|[of] p1a: Beedrill\n|move|p2a: Rapid Ash|Flamethrower|p1a: Beedrill\n|-supereffective|p1a: Beedrill\n|-damage|p1a: Beedrill|0 fnt\n|faint|p1a: Beedrill\n|\n|upkeep\n|\n|t:|1700675941\n|switch|p1a: Toxicroak|Toxicroak, F|100\/100\n|turn|17\n|\n|t:|1700675948\n|move|p2a: Rapid Ash|Shadow Ball|p1a: Toxicroak\n|-damage|p1a: Toxicroak|39\/100\n|move|p1a: Toxicroak|Gunk Shot|p2a: Rapid Ash\n|-resisted|p2a: Rapid Ash\n|-damage|p2a: Rapid Ash|49\/100\n|-status|p2a: Rapid Ash|psn\n|replace|p2a: 7\ud83d\udd34Up|Zoroark-Hisui, F\n|-end|p2a: 7\ud83d\udd34Up|Illusion\n|\n|-damage|p2a: 7\ud83d\udd34Up|37\/100 psn|[from] psn\n|upkeep\n|turn|18\n|\n|t:|1700675971\n|move|p1a: Toxicroak|Bullet Punch|p2a: 7\ud83d\udd34Up\n|-damage|p2a: 7\ud83d\udd34Up|11\/100 psn\n|move|p2a: 7\ud83d\udd34Up|Shadow Ball|p1a: Toxicroak\n|-damage|p1a: Toxicroak|0 fnt\n|faint|p1a: Toxicroak\n|\n|-damage|p2a: 7\ud83d\udd34Up|0 fnt|[from] psn\n|faint|p2a: 7\ud83d\udd34Up\n|upkeep\n|\n|t:|1700675980\n|switch|p2a: Rapid Ash|Rapidash-Galar, M|100\/100\n|switch|p1a: Weezing|Weezing-Galar, M|23\/100\n|turn|19\n|\n|t:|1700675985\n|move|p2a: Rapid Ash|Stored Power|p1a: Weezing\n|-supereffective|p1a: Weezing\n|-damage|p1a: Weezing|5\/100\n|move|p1a: Weezing|Strange Steam|p2a: Rapid Ash\n|-damage|p2a: Rapid Ash|51\/100\n|\n|upkeep\n|turn|20\n|\n|t:|1700675989\n|move|p2a: Rapid Ash|Stored Power|p1a: Weezing\n|-supereffective|p1a: Weezing\n|-damage|p1a: Weezing|0 fnt\n|faint|p1a: Weezing\n|\n|win|feed store\n|raw|zonaidevicesss's rating: 1134 &rarr; <strong>1105<\/strong><br \/>(-29 for losing)\n|raw|feed store's rating: 1079 &rarr; <strong>1112<\/strong><br \/>(+33 for winning)\n","uploadtime":1700675998,"views":1,"p1id":"zonaidevicesss","p2id":"feedstore","formatid":"gen9nationaldex","rating":1105,"private":0,"password":""}