{"id":"gen9nationaldex-1994723577","p1":"Autistic_Rabbit","p2":"L1ghten1ng","format":"[Gen 9] National Dex","log":"|html|<div class=\"broadcast-blue\"><strong>[Gen 9] National Dex is currently suspecting Sneasler! For information on how to participate check out the <a href=\"https:\/\/www.smogon.com\/forums\/threads\/sv-national-dex-suspect-8-just-dance.3731534\/\">suspect thread<\/a>.<\/strong><\/div>\n|j|\u2606Autistic_Rabbit\n|j|\u2606L1ghten1ng\n|t:|1700485900\n|gametype|singles\n|player|p1|Autistic_Rabbit|dawn|1495\n|player|p2|L1ghten1ng|2|1496\n|teamsize|p1|6\n|teamsize|p2|6\n|gen|9\n|tier|[Gen 9] National Dex\n|rated|\n|rule|HP Percentage Mod: HP is shown in percentages\n|rule|Endless Battle Clause: Forcing endless battles is banned\n|rule|OHKO Clause: OHKO moves are banned\n|rule|Evasion Clause: Evasion abilities, items, and moves are banned\n|rule|Evasion Abilities Clause: Evasion abilities are banned\n|rule|Evasion Items Clause: Evasion items are banned\n|rule|Evasion Moves Clause: Evasion moves are banned\n|rule|Species Clause: Limit one of each Pok\u00e9mon\n|rule|Sleep Clause Mod: Limit one foe put to sleep\n|clearpoke\n|poke|p1|Rillaboom, M|\n|poke|p1|Heatran, M|\n|poke|p1|Urshifu-*, F|\n|poke|p1|Slowking-Galar, F|\n|poke|p1|Thundurus-Therian, M|\n|poke|p1|Weezing-Galar, F|\n|poke|p2|Tapu Lele|\n|poke|p2|Ferrothorn, F|\n|poke|p2|Maushold|\n|poke|p2|Slowking-Galar, M|\n|poke|p2|Rotom-Wash|\n|poke|p2|Sneasler, F|\n|teampreview\n|\n|t:|1700485916\n|start\n|switch|p1a: Heatran|Heatran, M|100\/100\n|switch|p2a: Rotom|Rotom-Wash|100\/100\n|turn|1\n|\n|t:|1700485924\n|switch|p1a: Thundurus|Thundurus-Therian, M|100\/100\n|move|p2a: Rotom|Volt Switch|p1a: Thundurus\n|-immune|p1a: Thundurus|[from] ability: Volt Absorb\n|\n|upkeep\n|turn|2\n|\n|t:|1700485933\n|switch|p2a: Slowking|Slowking-Galar, M|100\/100\n|move|p1a: Thundurus|Volt Switch|p2a: Slowking\n|-damage|p2a: Slowking|78\/100\n|\n|t:|1700485941\n|switch|p1a: Heatran|Heatran, M|100\/100|[from] Volt Switch\n|\n|upkeep\n|turn|3\n|inactive|Battle timer is ON: inactive players will automatically lose when time's up. (requested by Autistic_Rabbit)\n|l|\u2606Autistic_Rabbit\n|inactive|Autistic_Rabbit disconnected and has a minute to reconnect!\n|player|p1|\n|j|\u2606Autistic_Rabbit\n|inactive|Autistic_Rabbit reconnected and has 140 seconds left.\n|player|p1|Autistic_Rabbit|dawn\n|\n|t:|1700485968\n|move|p1a: Heatran|Magma Storm|p2a: Slowking\n|-damage|p2a: Slowking|53\/100\n|-activate|p2a: Slowking|move: Magma Storm|[of] p1a: Heatran\n|move|p2a: Slowking|Chilly Reception|p2a: Slowking\n|-weather|Snow\n|\n|t:|1700485978\n|switch|p2a: Rotom|Rotom-Wash|100\/100|[from] Chilly Reception\n|\n|-weather|Snow|[upkeep]\n|upkeep\n|turn|4\n|\n|t:|1700485987\n|move|p2a: Rotom|Hydro Pump|p1a: Heatran\n|-supereffective|p1a: Heatran\n|-damage|p1a: Heatran|55\/100\n|move|p1a: Heatran|Stealth Rock|p2a: Rotom\n|-sidestart|p2: L1ghten1ng|move: Stealth Rock\n|\n|-weather|Snow|[upkeep]\n|-heal|p1a: Heatran|61\/100|[from] item: Leftovers\n|upkeep\n|turn|5\n|\n|t:|1700485999\n|switch|p2a: Slowking|Slowking-Galar, M|86\/100\n|switch|p1a: Rillaboom|Rillaboom, M|100\/100\n|-fieldstart|move: Grassy Terrain|[from] ability: Grassy Surge|[of] p1a: Rillaboom\n|\n|-weather|Snow|[upkeep]\n|-heal|p2a: Slowking|92\/100|[from] Grassy Terrain\n|upkeep\n|turn|6\n|\n|t:|1700486017\n|move|p1a: Rillaboom|Knock Off|p2a: Slowking\n|-supereffective|p2a: Slowking\n|-damage|p2a: Slowking|0 fnt\n|-enditem|p2a: Slowking|Heavy-Duty Boots|[from] move: Knock Off|[of] p1a: Rillaboom\n|faint|p2a: Slowking\n|\n|-weather|Snow|[upkeep]\n|upkeep\n|inactive|L1ghten1ng has 120 seconds left.\n|\n|t:|1700486038\n|switch|p2a: Tapu Lele|Tapu Lele|100\/100\n|-damage|p2a: Tapu Lele|88\/100|[from] Stealth Rock\n|-fieldstart|move: Psychic Terrain|[from] ability: Psychic Surge|[of] p2a: Tapu Lele\n|turn|7\n|inactive|L1ghten1ng has 120 seconds left.\n|\n|t:|1700486048\n|move|p2a: Tapu Lele|Calm Mind|p2a: Tapu Lele\n|-boost|p2a: Tapu Lele|spa|1\n|-boost|p2a: Tapu Lele|spd|1\n|move|p1a: Rillaboom|Knock Off|p2a: Tapu Lele\n|-damage|p2a: Tapu Lele|33\/100\n|\n|-weather|none\n|upkeep\n|turn|8\n|\n|t:|1700486064\n|switch|p1a: Thundurus|Thundurus-Therian, M|100\/100\n|move|p2a: Tapu Lele|Psychic|p1a: Thundurus\n|-damage|p1a: Thundurus|0 fnt\n|faint|p1a: Thundurus\n|\n|upkeep\n|\n|t:|1700486080\n|switch|p1a: Urshifu|Urshifu-Rapid-Strike, F|100\/100\n|turn|9\n|\n|t:|1700486094\n|switch|p2a: Ferrothorn|Ferrothorn, F|100\/100\n|-damage|p2a: Ferrothorn|94\/100|[from] Stealth Rock\n|move|p1a: Urshifu|U-turn|p2a: Ferrothorn\n|-damage|p2a: Ferrothorn|68\/100\n|-damage|p1a: Urshifu|88\/100|[from] ability: Iron Barbs|[of] p2a: Ferrothorn\n|\n|t:|1700486099\n|switch|p1a: Heatran|Heatran, M|61\/100|[from] U-turn\n|\n|-heal|p1a: Heatran|67\/100|[from] item: Leftovers\n|-heal|p2a: Ferrothorn|75\/100|[from] item: Leftovers\n|upkeep\n|turn|10\n|\n|t:|1700486118\n|switch|p2a: Rotom|Rotom-Wash|100\/100\n|-damage|p2a: Rotom|88\/100|[from] Stealth Rock\n|move|p1a: Heatran|Magma Storm|p2a: Rotom\n|-resisted|p2a: Rotom\n|-damage|p2a: Rotom|66\/100\n|-activate|p2a: Rotom|move: Magma Storm|[of] p1a: Heatran\n|\n|-heal|p1a: Heatran|74\/100|[from] item: Leftovers\n|-damage|p2a: Rotom|54\/100|[from] move: Magma Storm|[partiallytrapped]\n|upkeep\n|turn|11\n|\n|t:|1700486136\n|switch|p1a: Slowking|Slowking-Galar, F|100\/100\n|move|p2a: Rotom|Volt Switch|p1a: Slowking\n|-damage|p1a: Slowking|83\/100\n|\n|t:|1700486149\n|switch|p2a: Maushold|Maushold|100\/100|[from] Volt Switch\n|-damage|p2a: Maushold|88\/100|[from] Stealth Rock\n|\n|-fieldend|move: Psychic Terrain\n|upkeep\n|turn|12\n|\n|t:|1700486164\n|switch|p1a: Urshifu|Urshifu-Rapid-Strike, F|88\/100\n|move|p2a: Maushold|Tidy Up|p2a: Maushold\n|-sideend|p2: L1ghten1ng|Stealth Rock\n|-activate|p2a: Maushold|move: Tidy Up\n|-boost|p2a: Maushold|atk|1\n|-boost|p2a: Maushold|spe|1\n|\n|upkeep\n|turn|13\n|\n|t:|1700486176\n|-terastallize|p2a: Maushold|Normal\n|move|p1a: Urshifu|Aqua Jet|p2a: Maushold\n|-damage|p2a: Maushold|41\/100\n|move|p2a: Maushold|Population Bomb|p1a: Urshifu\n|-damage|p1a: Urshifu|68\/100\n|-damage|p1a: Urshifu|46\/100\n|-damage|p1a: Urshifu|22\/100\n|-damage|p1a: Urshifu|1\/100\n|-damage|p1a: Urshifu|0 fnt\n|faint|p1a: Urshifu\n|-hitcount|p1: Urshifu|5\n|\n|upkeep\n|\n|t:|1700486183\n|switch|p1a: Rillaboom|Rillaboom, M|100\/100\n|-fieldstart|move: Grassy Terrain|[from] ability: Grassy Surge|[of] p1a: Rillaboom\n|turn|14\n|\n|t:|1700486194\n|switch|p2a: Tapu Lele|Tapu Lele|33\/100\n|-fieldstart|move: Psychic Terrain|[from] ability: Psychic Surge|[of] p2a: Tapu Lele\n|move|p1a: Rillaboom|Grassy Glide|p2a: Tapu Lele\n|-damage|p2a: Tapu Lele|0 fnt\n|faint|p2a: Tapu Lele\n|\n|upkeep\n|\n|t:|1700486203\n|switch|p2a: Sneasler|Sneasler, F|100\/100\n|-enditem|p2a: Sneasler|Psychic Seed\n|-boost|p2a: Sneasler|spd|1|[from] item: Psychic Seed\n|turn|15\n|inactive|L1ghten1ng has 120 seconds left.\n|\n|t:|1700486234\n|switch|p1a: Slowking|Slowking-Galar, F|100\/100\n|move|p2a: Sneasler|Swords Dance|p2a: Sneasler\n|-boost|p2a: Sneasler|atk|2\n|\n|upkeep\n|turn|16\n|inactive|L1ghten1ng has 120 seconds left.\n|\n|t:|1700486241\n|move|p2a: Sneasler|Acrobatics|p1a: Slowking\n|-damage|p1a: Slowking|28\/100\n|move|p1a: Slowking|Future Sight|p2a: Sneasler\n|-start|p1a: Slowking|move: Future Sight\n|\n|upkeep\n|turn|17\n|\n|t:|1700486253\n|move|p2a: Sneasler|Acrobatics|p1a: Slowking\n|-damage|p1a: Slowking|0 fnt\n|faint|p1a: Slowking\n|\n|upkeep\n|\n|t:|1700486259\n|switch|p1a: Heatran|Heatran, M|74\/100\n|turn|18\n|inactive|L1ghten1ng has 120 seconds left.\n|\n|t:|1700486280\n|switch|p1a: Weezing|Weezing-Galar, F|100\/100\n|-ability|p1a: Weezing|Neutralizing Gas\n|move|p2a: Sneasler|Close Combat|p1a: Weezing\n|-resisted|p1a: Weezing\n|-crit|p1a: Weezing\n|-damage|p1a: Weezing|67\/100\n|-unboost|p2a: Sneasler|def|1\n|-unboost|p2a: Sneasler|spd|1\n|\n|-end|p2a: Sneasler|move: Future Sight\n|-supereffective|p2a: Sneasler\n|-damage|p2a: Sneasler|0 fnt\n|faint|p2a: Sneasler\n|-heal|p1a: Weezing|73\/100|[from] item: Leftovers\n|-fieldend|move: Psychic Terrain\n|upkeep\n|inactive|L1ghten1ng has 120 seconds left.\n|\n|t:|1700486304\n|switch|p2a: Rotom|Rotom-Wash|54\/100\n|turn|19\n|\n|t:|1700486323\n|move|p2a: Rotom|Volt Switch|p1a: Weezing\n|-damage|p1a: Weezing|37\/100\n|\n|t:|1700486326\n|switch|p2a: Ferrothorn|Ferrothorn, F|75\/100|[from] Volt Switch\n|move|p1a: Weezing|Strange Steam|p2a: Ferrothorn\n|-resisted|p2a: Ferrothorn\n|-damage|p2a: Ferrothorn|65\/100\n|\n|-heal|p1a: Weezing|43\/100|[from] item: Leftovers\n|-heal|p2a: Ferrothorn|71\/100|[from] item: Leftovers\n|upkeep\n|turn|20\n|\n|t:|1700486341\n|move|p1a: Weezing|Will-O-Wisp|p2a: Ferrothorn\n|-status|p2a: Ferrothorn|brn\n|move|p2a: Ferrothorn|Thunder Wave|p1a: Weezing\n|-status|p1a: Weezing|par\n|\n|-heal|p1a: Weezing|49\/100 par|[from] item: Leftovers\n|-heal|p2a: Ferrothorn|77\/100 brn|[from] item: Leftovers\n|-damage|p2a: Ferrothorn|71\/100 brn|[from] brn\n|upkeep\n|turn|21\n|\n|t:|1700486352\n|move|p1a: Weezing|Toxic Spikes|p2a: Ferrothorn\n|-sidestart|p2: L1ghten1ng|move: Toxic Spikes\n|move|p2a: Ferrothorn|Stealth Rock|p1a: Weezing\n|-sidestart|p1: Autistic_Rabbit|move: Stealth Rock\n|\n|-heal|p1a: Weezing|55\/100 par|[from] item: Leftovers\n|-heal|p2a: Ferrothorn|77\/100 brn|[from] item: Leftovers\n|-damage|p2a: Ferrothorn|71\/100 brn|[from] brn\n|upkeep\n|turn|22\n|\n|t:|1700486362\n|cant|p1a: Weezing|par\n|move|p2a: Ferrothorn|Leech Seed|p1a: Weezing\n|-start|p1a: Weezing|move: Leech Seed\n|\n|-heal|p1a: Weezing|61\/100 par|[from] item: Leftovers\n|-heal|p2a: Ferrothorn|77\/100 brn|[from] item: Leftovers\n|-damage|p1a: Weezing|48\/100 par|[from] Leech Seed|[of] p2a: Ferrothorn\n|-heal|p2a: Ferrothorn|89\/100 brn|[silent]\n|-damage|p2a: Ferrothorn|83\/100 brn|[from] brn\n|upkeep\n|turn|23\n|\n|t:|1700486374\n|-end|p1a: Weezing|ability: Neutralizing Gas\n|switch|p1a: Heatran|Heatran, M|74\/100\n|-damage|p1a: Heatran|61\/100|[from] Stealth Rock\n|move|p2a: Ferrothorn|Knock Off|p1a: Heatran\n|-damage|p1a: Heatran|52\/100\n|-enditem|p1a: Heatran|Leftovers|[from] move: Knock Off|[of] p2a: Ferrothorn\n|\n|-heal|p2a: Ferrothorn|89\/100 brn|[from] item: Leftovers\n|-damage|p2a: Ferrothorn|83\/100 brn|[from] brn\n|upkeep\n|turn|24\n|\n|t:|1700486398\n|switch|p2a: Rotom|Rotom-Wash|54\/100\n|move|p1a: Heatran|Magma Storm|p2a: Rotom\n|-resisted|p2a: Rotom\n|-damage|p2a: Rotom|30\/100\n|-activate|p2a: Rotom|move: Magma Storm|[of] p1a: Heatran\n|\n|-damage|p2a: Rotom|18\/100|[from] move: Magma Storm|[partiallytrapped]\n|upkeep\n|turn|25\n|inactive|L1ghten1ng has 90 seconds left.\n|\n|t:|1700486413\n|-terastallize|p1a: Heatran|Dragon\n|move|p2a: Rotom|Hydro Pump|p1a: Heatran\n|-resisted|p1a: Heatran\n|-crit|p1a: Heatran\n|-damage|p1a: Heatran|35\/100\n|move|p1a: Heatran|Magma Storm|p2a: Rotom\n|-resisted|p2a: Rotom\n|-damage|p2a: Rotom|0 fnt\n|faint|p2a: Rotom\n|\n|upkeep\n|inactive|L1ghten1ng has 90 seconds left.\n|\n|t:|1700486426\n|switch|p2a: Maushold|Maushold, tera:Normal|41\/100\n|-status|p2a: Maushold|psn\n|turn|26\n|inactive|L1ghten1ng has 90 seconds left.\n|\n|t:|1700486432\n|switch|p1a: Weezing|Weezing-Galar, F|48\/100 par\n|-ability|p1a: Weezing|Neutralizing Gas\n|-damage|p1a: Weezing|36\/100 par|[from] Stealth Rock\n|move|p2a: Maushold|Population Bomb|p1a: Weezing\n|-damage|p1a: Weezing|29\/100 par\n|-damage|p1a: Weezing|22\/100 par\n|-damage|p1a: Weezing|15\/100 par\n|-damage|p1a: Weezing|8\/100 par\n|-damage|p1a: Weezing|1\/100 par\n|-damage|p1a: Weezing|0 fnt\n|faint|p1a: Weezing\n|-end|p1a: Weezing|ability: Neutralizing Gas\n|-hitcount|p1: Weezing|6\n|\n|-damage|p2a: Maushold|29\/100 psn|[from] psn\n|upkeep\n|\n|t:|1700486441\n|switch|p1a: Rillaboom|Rillaboom, M|100\/100\n|-damage|p1a: Rillaboom|88\/100|[from] Stealth Rock\n|-fieldstart|move: Grassy Terrain|[from] ability: Grassy Surge|[of] p1a: Rillaboom\n|turn|27\n|\n|t:|1700486470\n|switch|p2a: Ferrothorn|Ferrothorn, F|83\/100 brn\n|move|p1a: Rillaboom|Grassy Glide|p2a: Ferrothorn\n|-resisted|p2a: Ferrothorn\n|-damage|p2a: Ferrothorn|72\/100 brn\n|-damage|p1a: Rillaboom|76\/100|[from] ability: Iron Barbs|[of] p2a: Ferrothorn\n|\n|-heal|p1a: Rillaboom|82\/100|[from] Grassy Terrain\n|-heal|p2a: Ferrothorn|78\/100 brn|[from] Grassy Terrain\n|-heal|p2a: Ferrothorn|85\/100 brn|[from] item: Leftovers\n|-damage|p2a: Ferrothorn|78\/100 brn|[from] brn\n|upkeep\n|turn|28\n|inactive|L1ghten1ng has 90 seconds left.\n|\n|t:|1700486497\n|switch|p2a: Maushold|Maushold, tera:Normal|29\/100 psn\n|move|p1a: Rillaboom|Grassy Glide|p2a: Maushold\n|-damage|p2a: Maushold|0 fnt\n|faint|p2a: Maushold\n|\n|-heal|p1a: Rillaboom|88\/100|[from] Grassy Terrain\n|upkeep\n|\n|t:|1700486505\n|switch|p2a: Ferrothorn|Ferrothorn, F|78\/100 brn\n|turn|29\n|\n|t:|1700486514\n|move|p1a: Rillaboom|Grassy Glide|p2a: Ferrothorn\n|-resisted|p2a: Ferrothorn\n|-damage|p2a: Ferrothorn|67\/100 brn\n|-damage|p1a: Rillaboom|76\/100|[from] ability: Iron Barbs|[of] p2a: Ferrothorn\n|move|p2a: Ferrothorn|Thunder Wave|p1a: Rillaboom\n|-status|p1a: Rillaboom|par\n|\n|-heal|p1a: Rillaboom|82\/100 par|[from] Grassy Terrain\n|-heal|p2a: Ferrothorn|74\/100 brn|[from] Grassy Terrain\n|-heal|p2a: Ferrothorn|80\/100 brn|[from] item: Leftovers\n|-damage|p2a: Ferrothorn|74\/100 brn|[from] brn\n|upkeep\n|turn|30\n|inactive|L1ghten1ng has 90 seconds left.\n|\n|t:|1700486534\n|switch|p1a: Heatran|Heatran, M, tera:Dragon|35\/100\n|-damage|p1a: Heatran|22\/100|[from] Stealth Rock\n|move|p2a: Ferrothorn|Thunder Wave|p1a: Heatran\n|-status|p1a: Heatran|par\n|\n|-heal|p1a: Heatran|28\/100 par|[from] Grassy Terrain\n|-heal|p2a: Ferrothorn|80\/100 brn|[from] Grassy Terrain\n|-heal|p2a: Ferrothorn|86\/100 brn|[from] item: Leftovers\n|-damage|p2a: Ferrothorn|80\/100 brn|[from] brn\n|upkeep\n|turn|31\n|inactive|L1ghten1ng has 60 seconds left.\n|\n|t:|1700486559\n|move|p1a: Heatran|Magma Storm|p2a: Ferrothorn\n|-supereffective|p2a: Ferrothorn\n|-damage|p2a: Ferrothorn|0 fnt\n|faint|p2a: Ferrothorn\n|\n|win|Autistic_Rabbit\n|raw|Autistic_Rabbit's rating: 1495 &rarr; <strong>1515<\/strong><br \/>(+20 for winning)\n|raw|L1ghten1ng's rating: 1496 &rarr; <strong>1476<\/strong><br \/>(-20 for losing)\n|l|\u2606L1ghten1ng\n","uploadtime":1700486567,"views":7,"p1id":"autisticrabbit","p2id":"l1ghten1ng","formatid":"gen9nationaldex","rating":1476,"private":0,"password":""}