{"id":"gen9nationaldex-1998261133","p1":"bianpao\u8fb9\u70ae","p2":"kjead","format":"[Gen 9] National Dex","log":"|html|<div class=\"broadcast-blue\"><strong>[Gen 9] National Dex is currently suspecting Sneasler! For information on how to participate check out the <a href=\"https:\/\/www.smogon.com\/forums\/threads\/sv-national-dex-suspect-8-just-dance.3731534\/\">suspect thread<\/a>.<\/strong><\/div>\n|j|\u2606bianpao\u8fb9\u70ae\n|j|\u2606kjead\n|t:|1700921429\n|gametype|singles\n|player|p1|bianpao\u8fb9\u70ae|sabrina|1258\n|player|p2|kjead|n|1162\n|teamsize|p1|6\n|teamsize|p2|6\n|gen|9\n|tier|[Gen 9] National Dex\n|rated|\n|rule|HP Percentage Mod: HP is shown in percentages\n|rule|Endless Battle Clause: Forcing endless battles is banned\n|rule|OHKO Clause: OHKO moves are banned\n|rule|Evasion Clause: Evasion abilities, items, and moves are banned\n|rule|Evasion Abilities Clause: Evasion abilities are banned\n|rule|Evasion Items Clause: Evasion items are banned\n|rule|Evasion Moves Clause: Evasion moves are banned\n|rule|Species Clause: Limit one of each Pok\u00e9mon\n|rule|Sleep Clause Mod: Limit one foe put to sleep\n|clearpoke\n|poke|p1|Celesteela|\n|poke|p1|Serperior, F|\n|poke|p1|Ceruledge, M|\n|poke|p1|Porygon-Z|\n|poke|p1|Quaquaval, F|\n|poke|p1|Aerodactyl, M|\n|poke|p2|Charizard, M|\n|poke|p2|Infernape, F|\n|poke|p2|Cinderace, F|\n|poke|p2|Skeledirge, F|\n|poke|p2|Torkoal, F|\n|poke|p2|Rotom-Heat|\n|teampreview\n|inactive|Battle timer is ON: inactive players will automatically lose when time's up. (requested by bianpao\u8fb9\u70ae)\n|\n|t:|1700921451\n|start\n|switch|p1a: \u5b54\u96c0|Quaquaval, F|100\/100\n|switch|p2a: Torkoal|Torkoal, F|100\/100\n|-weather|SunnyDay|[from] ability: Drought|[of] p2a: Torkoal\n|turn|1\n|\n|t:|1700921461\n|move|p1a: \u5b54\u96c0|Aqua Step|p2a: Torkoal\n|-supereffective|p2a: Torkoal\n|-damage|p2a: Torkoal|69\/100\n|-boost|p1a: \u5b54\u96c0|spe|1\n|move|p2a: Torkoal|Solar Beam||[still]\n|-prepare|p2a: Torkoal|Solar Beam\n|-anim|p2a: Torkoal|Solar Beam|p1a: \u5b54\u96c0\n|-supereffective|p1a: \u5b54\u96c0\n|-damage|p1a: \u5b54\u96c0|23\/100\n|\n|-weather|SunnyDay|[upkeep]\n|-heal|p2a: Torkoal|75\/100|[from] item: Leftovers\n|upkeep\n|turn|2\n|\n|t:|1700921477\n|move|p1a: \u5b54\u96c0|Aqua Step|p2a: Torkoal\n|-supereffective|p2a: Torkoal\n|-damage|p2a: Torkoal|46\/100\n|-boost|p1a: \u5b54\u96c0|spe|1\n|move|p2a: Torkoal|Stealth Rock|p1a: \u5b54\u96c0\n|-sidestart|p1: bianpao\u8fb9\u70ae|move: Stealth Rock\n|\n|-weather|SunnyDay|[upkeep]\n|-heal|p2a: Torkoal|52\/100|[from] item: Leftovers\n|upkeep\n|turn|3\n|\n|t:|1700921487\n|move|p1a: \u5b54\u96c0|Close Combat|p2a: Torkoal\n|-damage|p2a: Torkoal|17\/100\n|-unboost|p1a: \u5b54\u96c0|def|1\n|-unboost|p1a: \u5b54\u96c0|spd|1\n|move|p2a: Torkoal|Solar Beam||[still]\n|-prepare|p2a: Torkoal|Solar Beam\n|-anim|p2a: Torkoal|Solar Beam|p1a: \u5b54\u96c0\n|-supereffective|p1a: \u5b54\u96c0\n|-damage|p1a: \u5b54\u96c0|0 fnt\n|faint|p1a: \u5b54\u96c0\n|\n|-weather|SunnyDay|[upkeep]\n|-heal|p2a: Torkoal|23\/100|[from] item: Leftovers\n|upkeep\n|\n|t:|1700921507\n|switch|p1a: \u8f89\u591c\u5927\u5c0f\u59d0|Celesteela|100\/100\n|-damage|p1a: \u8f89\u591c\u5927\u5c0f\u59d0|88\/100|[from] Stealth Rock\n|turn|4\n|\n|t:|1700921525\n|-terastallize|p1a: \u8f89\u591c\u5927\u5c0f\u59d0|Dragon\n|-terastallize|p2a: Torkoal|Fire\n|move|p1a: \u8f89\u591c\u5927\u5c0f\u59d0|Autotomize|p1a: \u8f89\u591c\u5927\u5c0f\u59d0\n|-boost|p1a: \u8f89\u591c\u5927\u5c0f\u59d0|spe|2\n|-start|p1a: \u8f89\u591c\u5927\u5c0f\u59d0|Autotomize\n|move|p2a: Torkoal|Lava Plume|p1a: \u8f89\u591c\u5927\u5c0f\u59d0\n|-resisted|p1a: \u8f89\u591c\u5927\u5c0f\u59d0\n|-damage|p1a: \u8f89\u591c\u5927\u5c0f\u59d0|59\/100\n|\n|-weather|SunnyDay|[upkeep]\n|-heal|p2a: Torkoal|29\/100|[from] item: Leftovers\n|upkeep\n|turn|5\n|\n|t:|1700921550\n|move|p1a: \u8f89\u591c\u5927\u5c0f\u59d0|Air Slash|p2a: Torkoal\n|-damage|p2a: Torkoal|0 fnt\n|faint|p2a: Torkoal\n|-ability|p1a: \u8f89\u591c\u5927\u5c0f\u59d0|Beast Boost|boost\n|-boost|p1a: \u8f89\u591c\u5927\u5c0f\u59d0|spa|1\n|\n|-weather|none\n|upkeep\n|inactive|kjead has 120 seconds left.\n|\n|t:|1700921579\n|switch|p2a: Cinderace|Cinderace, F|100\/100\n|turn|6\n|\n|t:|1700921587\n|move|p2a: Cinderace|U-turn|p1a: \u8f89\u591c\u5927\u5c0f\u59d0\n|-start|p2a: Cinderace|typechange|Bug|[from] ability: Libero\n|-damage|p1a: \u8f89\u591c\u5927\u5c0f\u59d0|19\/100\n|\n|t:|1700921593\n|switch|p2a: Skeledirge|Skeledirge, F|100\/100|[from] U-turn\n|move|p1a: \u8f89\u591c\u5927\u5c0f\u59d0|Air Slash|p2a: Skeledirge\n|-damage|p2a: Skeledirge|76\/100\n|\n|-heal|p2a: Skeledirge|82\/100|[from] item: Leftovers\n|upkeep\n|turn|7\n|\n|t:|1700921605\n|move|p1a: \u8f89\u591c\u5927\u5c0f\u59d0|Meteor Beam||[still]\n|-prepare|p1a: \u8f89\u591c\u5927\u5c0f\u59d0|Meteor Beam\n|-boost|p1a: \u8f89\u591c\u5927\u5c0f\u59d0|spa|1\n|-enditem|p1a: \u8f89\u591c\u5927\u5c0f\u59d0|Power Herb\n|-anim|p1a: \u8f89\u591c\u5927\u5c0f\u59d0|Meteor Beam|p2a: Skeledirge|[miss]\n|-miss|p1a: \u8f89\u591c\u5927\u5c0f\u59d0|p2a: Skeledirge\n|move|p2a: Skeledirge|Torch Song|p1a: \u8f89\u591c\u5927\u5c0f\u59d0\n|-resisted|p1a: \u8f89\u591c\u5927\u5c0f\u59d0\n|-damage|p1a: \u8f89\u591c\u5927\u5c0f\u59d0|4\/100\n|-boost|p2a: Skeledirge|spa|1\n|\n|-heal|p2a: Skeledirge|88\/100|[from] item: Leftovers\n|upkeep\n|turn|8\n|-message|bianpao\u8fb9\u70ae forfeited.\n|\n|win|kjead\n|raw|bianpao\u8fb9\u70ae's rating: 1258 &rarr; <strong>1226<\/strong><br \/>(-32 for losing)\n|raw|kjead's rating: 1162 &rarr; <strong>1194<\/strong><br \/>(+32 for winning)\n|l|\u2606bianpao\u8fb9\u70ae\n","uploadtime":1700921628,"views":1,"p1id":"bianpao","p2id":"kjead","formatid":"gen9nationaldex","rating":1194,"private":0,"password":""}