{"id":"gen9nationaldex-1994372975","p1":"Vento d'argento","p2":"vertigou","format":"[Gen 9] National Dex","log":"|j|\u2606Vento d'argento\n|j|\u2606vertigou\n|t:|1700436477\n|gametype|singles\n|player|p1|Vento d'argento|cheren-gen5bw2|\n|player|p2|vertigou|gambler|\n|teamsize|p1|6\n|teamsize|p2|6\n|gen|9\n|tier|[Gen 9] National Dex\n|rule|HP Percentage Mod: HP is shown in percentages\n|rule|Endless Battle Clause: Forcing endless battles is banned\n|rule|OHKO Clause: OHKO moves are banned\n|rule|Evasion Clause: Evasion abilities, items, and moves are banned\n|rule|Evasion Abilities Clause: Evasion abilities are banned\n|rule|Evasion Items Clause: Evasion items are banned\n|rule|Evasion Moves Clause: Evasion moves are banned\n|rule|Species Clause: Limit one of each Pok\u00e9mon\n|rule|Sleep Clause Mod: Limit one foe put to sleep\n|clearpoke\n|poke|p1|Pelipper, F|\n|poke|p1|Sharpedo, M|\n|poke|p1|Muk, F|\n|poke|p1|Walrein, M|\n|poke|p1|Crawdaunt, M|\n|poke|p1|Swampert, M|\n|poke|p2|Meowscarada, F|\n|poke|p2|Lycanroc, M|\n|poke|p2|Pawmot, M|\n|poke|p2|Dudunsparce-*, F|\n|poke|p2|Goodra, M|\n|poke|p2|Orthworm, M|\n|teampreview\n|c|\u2606vertigou|olaa\n|c|\u2606Vento d'argento|Buenas\n|c|\u2606Vento d'argento|Hf\n|j| newluka\n|c|\u2606vertigou|gl\n|\n|t:|1700436509\n|start\n|switch|p1a: Muk|Muk, F|100\/100\n|switch|p2a: Meowscarada|Meowscarada, F, shiny|100\/100\n|turn|1\n|inactive|Battle timer is ON: inactive players will automatically lose when time's up. (requested by vertigou)\n|\n|t:|1700436516\n|move|p2a: Meowscarada|U-turn|p1a: Muk\n|-start|p2a: Meowscarada|typechange|Bug|[from] ability: Protean\n|-resisted|p1a: Muk\n|-damage|p1a: Muk|79\/100\n|-damage|p2a: Meowscarada|91\/100|[from] item: Life Orb\n|j| Obiw\n|\n|t:|1700436526\n|switch|p2a: Lycanroc|Lycanroc, M|100\/100|[from] U-turn\n|move|p1a: Muk|Curse|p1a: Muk\n|-unboost|p1a: Muk|spe|1\n|-boost|p1a: Muk|atk|1\n|-boost|p1a: Muk|def|1\n|\n|-heal|p1a: Muk|85\/100|[from] item: Leftovers\n|upkeep\n|turn|2\n|\n|t:|1700436541\n|move|p2a: Lycanroc|Drill Run|p1a: Muk\n|-supereffective|p1a: Muk\n|-crit|p1a: Muk\n|-damage|p1a: Muk|0 fnt\n|faint|p1a: Muk\n|-damage|p2a: Lycanroc|91\/100|[from] item: Life Orb\n|\n|upkeep\n|c|\u2606Vento d'argento|Bueno\n|c|\u2606Vento d'argento|Perdi\n|c|\u2606Vento d'argento|Jaja\n|c| newluka|Jajaja\n|c|\u2606Vento d'argento|Que epico\n|\n|t:|1700436567\n|switch|p1a: Sharpedo|Sharpedo, M|100\/100\n|turn|3\n|\n|t:|1700436596\n|move|p1a: Sharpedo|Protect|p1a: Sharpedo\n|-singleturn|p1a: Sharpedo|Protect\n|move|p2a: Lycanroc|Swords Dance|p2a: Lycanroc\n|-boost|p2a: Lycanroc|atk|2\n|\n|-ability|p1a: Sharpedo|Speed Boost|boost\n|-boost|p1a: Sharpedo|spe|1\n|upkeep\n|turn|4\n|\n|t:|1700436604\n|move|p2a: Lycanroc|Accelerock|p1a: Sharpedo\n|-damage|p1a: Sharpedo|0 fnt\n|faint|p1a: Sharpedo\n|-damage|p2a: Lycanroc|81\/100|[from] item: Life Orb\n|\n|upkeep\n|\n|t:|1700436614\n|switch|p1a: Pelipper|Pelipper, F|100\/100\n|-weather|RainDance|[from] ability: Drizzle|[of] p1a: Pelipper\n|turn|5\n|\n|t:|1700436629\n|-terastallize|p1a: Pelipper|Ground\n|move|p2a: Lycanroc|Stone Edge|p1a: Pelipper\n|-resisted|p1a: Pelipper\n|-damage|p1a: Pelipper|57\/100\n|-damage|p2a: Lycanroc|71\/100|[from] item: Life Orb\n|move|p1a: Pelipper|U-turn|p2a: Lycanroc\n|-damage|p2a: Lycanroc|58\/100\n|\n|t:|1700436633\n|switch|p1a: Swampert|Swampert, M|100\/100|[from] U-turn\n|\n|-weather|RainDance|[upkeep]\n|upkeep\n|turn|6\n|j| Fedepoketrainer\n|l|\u2606Vento d'argento\n|inactive|Vento d'argento disconnected and has 300 seconds to reconnect!\n|player|p1|\n|inactive|vertigou has 270 seconds left.\n|j|\u2606Vento d'argento\n|inactive|Vento d'argento reconnected.\n|player|p1|Vento d'argento|cheren-gen5bw2\n|\n|t:|1700436671\n|detailschange|p1a: Swampert|Swampert-Mega, M\n|-mega|p1a: Swampert|Swampert|Swampertite\n|move|p2a: Lycanroc|Accelerock|p1a: Swampert\n|-resisted|p1a: Swampert\n|-damage|p1a: Swampert|78\/100\n|-damage|p2a: Lycanroc|48\/100|[from] item: Life Orb\n|move|p1a: Swampert|Flip Turn|p2a: Lycanroc\n|-supereffective|p2a: Lycanroc\n|-damage|p2a: Lycanroc|0 fnt\n|faint|p2a: Lycanroc\n|inactive|Vento d'argento has 270 seconds left.\n|\n|t:|1700436708\n|switch|p1a: Crawdaunt|Crawdaunt, M|100\/100|[from] Flip Turn\n|\n|-weather|RainDance|[upkeep]\n|upkeep\n|inactive|vertigou has 270 seconds left.\n|\n|t:|1700436735\n|switch|p2a: Pawmot|Pawmot, M|100\/100\n|turn|7\n|\n|t:|1700436744\n|switch|p1a: Swampert|Swampert-Mega, M|78\/100\n|-terastallize|p2a: Pawmot|Grass\n|move|p2a: Pawmot|Tera Blast|p1a: Swampert|[anim] Tera Blast Grass\n|-supereffective|p1a: Swampert\n|-damage|p1a: Swampert|0 fnt\n|faint|p1a: Swampert\n|\n|-weather|RainDance|[upkeep]\n|upkeep\n|inactive|Vento d'argento has 270 seconds left.\n|\n|t:|1700436756\n|switch|p1a: Walrein|Walrein, M|100\/100\n|turn|8\n|inactive|vertigou has 270 seconds left.\n|c|\u2606Vento d'argento|Oof\n|\n|t:|1700436770\n|switch|p2a: Goodra|Goodra, M|100\/100\n|move|p1a: Walrein|Ice Beam|p2a: Goodra\n|-supereffective|p2a: Goodra\n|-damage|p2a: Goodra|76\/100\n|\n|-weather|RainDance|[upkeep]\n|upkeep\n|turn|9\n|l| Obiw\n|inactive|vertigou has 270 seconds left.\n|\n|t:|1700436778\n|switch|p1a: Crawdaunt|Crawdaunt, M|100\/100\n|move|p2a: Goodra|Thunderbolt|p1a: Crawdaunt\n|-supereffective|p1a: Crawdaunt\n|-damage|p1a: Crawdaunt|21\/100\n|\n|-weather|RainDance|[upkeep]\n|upkeep\n|turn|10\n|inactive|vertigou has 270 seconds left.\n|\n|t:|1700436793\n|switch|p2a: Orthworm|Orthworm, M|100\/100\n|switch|p1a: Pelipper|Pelipper, F, tera:Ground|57\/100\n|\n|-weather|RainDance|[upkeep]\n|upkeep\n|turn|11\n|inactive|vertigou has 270 seconds left.\n|\n|t:|1700436813\n|switch|p2a: Goodra|Goodra, M|76\/100\n|move|p1a: Pelipper|Roost|p1a: Pelipper\n|-heal|p1a: Pelipper|100\/100\n|\n|-weather|RainDance|[upkeep]\n|upkeep\n|turn|12\n|inactive|vertigou has 270 seconds left.\n|\n|t:|1700436833\n|move|p2a: Goodra|Acid Spray|p1a: Pelipper\n|-resisted|p1a: Pelipper\n|-damage|p1a: Pelipper|93\/100\n|-unboost|p1a: Pelipper|spd|2\n|move|p1a: Pelipper|Scald|p2a: Goodra\n|-resisted|p2a: Goodra\n|-damage|p2a: Goodra|70\/100\n|-status|p2a: Goodra|brn\n|\n|-weather|none\n|-damage|p2a: Goodra|64\/100 brn|[from] brn\n|upkeep\n|turn|13\n|\n|t:|1700436848\n|switch|p1a: Walrein|Walrein, M|100\/100\n|move|p2a: Goodra|Draco Meteor|p1a: Walrein\n|-damage|p1a: Walrein|51\/100\n|-unboost|p2a: Goodra|spa|2\n|\n|-damage|p2a: Goodra|58\/100 brn|[from] brn\n|upkeep\n|turn|14\n|\n|t:|1700436861\n|switch|p2a: Orthworm|Orthworm, M|100\/100\n|move|p1a: Walrein|Super Fang|p2a: Orthworm\n|-damage|p2a: Orthworm|51\/100\n|\n|upkeep\n|turn|15\n|\n|t:|1700436871\n|switch|p1a: Pelipper|Pelipper, F, tera:Ground|93\/100\n|-weather|RainDance|[from] ability: Drizzle|[of] p1a: Pelipper\n|move|p2a: Orthworm|Body Press|p1a: Pelipper\n|-damage|p1a: Pelipper|67\/100\n|\n|-weather|RainDance|[upkeep]\n|upkeep\n|turn|16\n|inactive|Vento d'argento has 270 seconds left.\n|l|\u2606Vento d'argento\n|inactive|Vento d'argento disconnected and has 300 seconds to reconnect!\n|player|p1|\n|inactive|Vento d'argento has 270 seconds to reconnect!\n|c|\u2606vertigou|se fue\n|j|\u2606Vento d'argento\n|inactive|Vento d'argento reconnected and has 270 seconds left.\n|player|p1|Vento d'argento|cheren-gen5bw2\n|\n|t:|1700436948\n|move|p1a: Pelipper|Scald|p2a: Orthworm\n|-damage|p2a: Orthworm|0 fnt\n|faint|p2a: Orthworm\n|\n|-weather|RainDance|[upkeep]\n|upkeep\n|\n|t:|1700436955\n|switch|p2a: Pawmot|Pawmot, M, tera:Grass|100\/100\n|turn|17\n|\n|t:|1700436962\n|move|p2a: Pawmot|Tera Blast|p1a: Pelipper|[anim] Tera Blast Grass\n|-supereffective|p1a: Pelipper\n|-damage|p1a: Pelipper|13\/100\n|move|p1a: Pelipper|U-turn|p2a: Pawmot\n|-supereffective|p2a: Pawmot\n|-damage|p2a: Pawmot|75\/100\n|\n|t:|1700436967\n|switch|p1a: Walrein|Walrein, M|51\/100|[from] U-turn\n|\n|-weather|RainDance|[upkeep]\n|upkeep\n|turn|18\n|inactive|vertigou has 270 seconds left.\n|\n|t:|1700436972\n|move|p2a: Pawmot|Tera Blast|p1a: Walrein|[anim] Tera Blast Grass\n|-supereffective|p1a: Walrein\n|-damage|p1a: Walrein|0 fnt\n|faint|p1a: Walrein\n|\n|-weather|RainDance|[upkeep]\n|upkeep\n|\n|t:|1700436975\n|switch|p1a: Crawdaunt|Crawdaunt, M|21\/100\n|turn|19\n|\n|t:|1700436978\n|move|p1a: Crawdaunt|Aqua Jet|p2a: Pawmot\n|-resisted|p2a: Pawmot\n|-damage|p2a: Pawmot|21\/100\n|move|p2a: Pawmot|Tera Blast|p1a: Crawdaunt|[anim] Tera Blast Grass\n|-supereffective|p1a: Crawdaunt\n|-damage|p1a: Crawdaunt|0 fnt\n|faint|p1a: Crawdaunt\n|\n|-weather|RainDance|[upkeep]\n|upkeep\n|\n|t:|1700436981\n|switch|p1a: Pelipper|Pelipper, F, tera:Ground|13\/100\n|turn|20\n|c|\u2606Vento d'argento|Wp\n|c|\u2606vertigou|gg\n|\n|t:|1700436992\n|move|p2a: Pawmot|Tera Blast|p1a: Pelipper|[anim] Tera Blast Grass\n|-supereffective|p1a: Pelipper\n|-damage|p1a: Pelipper|0 fnt\n|faint|p1a: Pelipper\n|\n|win|vertigou\n|l| Fedepoketrainer\n","uploadtime":1700436995,"views":13,"p1id":"ventodargento","p2id":"vertigou","formatid":"gen9nationaldex","rating":0,"private":0,"password":""}