{"id":"gen9nationaldex-1989288358","p1":"dinglemanschmidt","p2":"downfall18","format":"[Gen 9] National Dex","log":"|j|\u2606dinglemanschmidt\n|j|\u2606downfall18\n|t:|1699832252\n|gametype|singles\n|player|p1|dinglemanschmidt|265|\n|player|p2|downfall18|cyrus|\n|teamsize|p1|6\n|teamsize|p2|6\n|gen|9\n|tier|[Gen 9] National Dex\n|rule|HP Percentage Mod: HP is shown in percentages\n|rule|Endless Battle Clause: Forcing endless battles is banned\n|rule|OHKO Clause: OHKO moves are banned\n|rule|Evasion Clause: Evasion abilities, items, and moves are banned\n|rule|Evasion Abilities Clause: Evasion abilities are banned\n|rule|Evasion Items Clause: Evasion items are banned\n|rule|Evasion Moves Clause: Evasion moves are banned\n|rule|Species Clause: Limit one of each Pok\u00e9mon\n|rule|Sleep Clause Mod: Limit one foe put to sleep\n|clearpoke\n|poke|p1|Meowscarada, M|\n|poke|p1|Rhyperior, F|\n|poke|p1|Okidogi, M|\n|poke|p1|Mandibuzz, F|\n|poke|p1|Ursaring, F|\n|poke|p1|Tangela, F|\n|poke|p2|Rapidash-Galar, M|\n|poke|p2|Glimmora, M|\n|poke|p2|Lycanroc, F|\n|poke|p2|Banette, M|\n|poke|p2|Ogerpon-Wellspring, F|\n|poke|p2|Pawmot, F|\n|teampreview\n|c|\u2606downfall18|glhf\n|c|\u2606dinglemanschmidt|have fun!\n|\n|t:|1699832283\n|start\n|switch|p1a: Rhyperior|Rhyperior, F|100\/100\n|switch|p2a: Glimmora|Glimmora, M|100\/100\n|turn|1\n|\n|t:|1699832296\n|-terastallize|p1a: Rhyperior|Steel\n|move|p2a: Glimmora|Earth Power|p1a: Rhyperior\n|-supereffective|p1a: Rhyperior\n|-damage|p1a: Rhyperior|41\/100\n|move|p1a: Rhyperior|Stealth Rock|p2a: Glimmora\n|-sidestart|p2: downfall18|move: Stealth Rock\n|\n|-heal|p1a: Rhyperior|47\/100|[from] item: Leftovers\n|upkeep\n|turn|2\n|\n|t:|1699832317\n|switch|p1a: Mandibuzz|Mandibuzz, F|100\/100\n|move|p2a: Glimmora|Earth Power|p1a: Mandibuzz\n|-immune|p1a: Mandibuzz\n|\n|upkeep\n|turn|3\n|\n|t:|1699832326\n|switch|p2a: Lycanroc|Lycanroc, F|100\/100\n|-damage|p2a: Lycanroc|88\/100|[from] Stealth Rock\n|move|p1a: Mandibuzz|U-turn|p2a: Lycanroc\n|-damage|p2a: Lycanroc|69\/100\n|\n|t:|1699832368\n|switch|p1a: Meowscarada|Meowscarada, M|100\/100|[from] U-turn\n|\n|upkeep\n|turn|4\n|\n|t:|1699832404\n|move|p2a: Lycanroc|Accelerock|p1a: Meowscarada\n|-damage|p1a: Meowscarada|53\/100\n|move|p1a: Meowscarada|Flower Trick|p2a: Lycanroc\n|-supereffective|p2a: Lycanroc\n|-crit|p2a: Lycanroc\n|-damage|p2a: Lycanroc|0 fnt\n|faint|p2a: Lycanroc\n|\n|upkeep\n|\n|t:|1699832409\n|switch|p2a: Banette|Banette, M|100\/100\n|-damage|p2a: Banette|88\/100|[from] Stealth Rock\n|-item|p1a: Meowscarada|Choice Band|[from] ability: Frisk|[of] p2a: Banette|[identify]\n|turn|5\n|\n|t:|1699832416\n|detailschange|p2a: Banette|Banette-Mega, M\n|-mega|p2a: Banette|Banette|Banettite\n|move|p1a: Meowscarada|Flower Trick|p2a: Banette\n|-crit|p2a: Banette\n|-damage|p2a: Banette|26\/100\n|move|p2a: Banette|Knock Off|p1a: Meowscarada\n|-resisted|p1a: Meowscarada\n|-damage|p1a: Meowscarada|25\/100\n|-enditem|p1a: Meowscarada|Choice Band|[from] move: Knock Off|[of] p2a: Banette\n|\n|upkeep\n|turn|6\n|\n|t:|1699832425\n|move|p2a: Banette|Rain Dance|p2a: Banette\n|-weather|RainDance\n|move|p1a: Meowscarada|Flower Trick|p2a: Banette\n|-crit|p2a: Banette\n|-damage|p2a: Banette|0 fnt\n|faint|p2a: Banette\n|\n|-weather|RainDance|[upkeep]\n|upkeep\n|\n|t:|1699832449\n|switch|p2a: Glimmora|Glimmora, M|100\/100\n|-damage|p2a: Glimmora|88\/100|[from] Stealth Rock\n|turn|7\n|\n|t:|1699832467\n|switch|p1a: Rhyperior|Rhyperior, F, tera:Steel|47\/100\n|move|p2a: Glimmora|Power Gem|p1a: Rhyperior\n|-resisted|p1a: Rhyperior\n|-damage|p1a: Rhyperior|20\/100\n|\n|-weather|RainDance|[upkeep]\n|-heal|p1a: Rhyperior|27\/100|[from] item: Leftovers\n|upkeep\n|turn|8\n|\n|t:|1699832481\n|switch|p2a: Ogerpon|Ogerpon-Wellspring, F|100\/100\n|-damage|p2a: Ogerpon|88\/100|[from] Stealth Rock\n|switch|p1a: Okidogi|Okidogi, M|100\/100\n|\n|-weather|RainDance|[upkeep]\n|upkeep\n|turn|9\n|\n|t:|1699832494\n|switch|p2a: Glimmora|Glimmora, M|88\/100\n|-damage|p2a: Glimmora|76\/100|[from] Stealth Rock\n|move|p1a: Okidogi|Poison Jab|p2a: Glimmora\n|-resisted|p2a: Glimmora\n|-damage|p2a: Glimmora|62\/100\n|-activate|p2a: Glimmora|ability: Toxic Debris\n|-sidestart|p1: dinglemanschmidt|move: Toxic Spikes\n|\n|-weather|RainDance|[upkeep]\n|upkeep\n|turn|10\n|\n|t:|1699832513\n|switch|p1a: Mandibuzz|Mandibuzz, F|100\/100\n|move|p2a: Glimmora|Power Gem|p1a: Mandibuzz\n|-supereffective|p1a: Mandibuzz\n|-damage|p1a: Mandibuzz|37\/100\n|\n|-weather|none\n|upkeep\n|turn|11\n|\n|t:|1699832570\n|switch|p1a: Rhyperior|Rhyperior, F, tera:Steel|27\/100\n|move|p2a: Glimmora|Power Gem|p1a: Rhyperior\n|-resisted|p1a: Rhyperior\n|-damage|p1a: Rhyperior|0 fnt\n|faint|p1a: Rhyperior\n|\n|upkeep\n|\n|t:|1699832585\n|switch|p1a: Okidogi|Okidogi, M|100\/100\n|-sideend|p1: dinglemanschmidt|move: Toxic Spikes|[of] p1a: Okidogi\n|turn|12\n|\n|t:|1699832647\n|switch|p2a: Rapidash|Rapidash-Galar, M|100\/100\n|-damage|p2a: Rapidash|88\/100|[from] Stealth Rock\n|move|p1a: Okidogi|Drain Punch|p2a: Rapidash\n|-resisted|p2a: Rapidash\n|-damage|p2a: Rapidash|69\/100\n|\n|upkeep\n|turn|13\n|\n|t:|1699832657\n|switch|p1a: Mandibuzz|Mandibuzz, F|37\/100\n|move|p2a: Rapidash|Swords Dance|p2a: Rapidash\n|-boost|p2a: Rapidash|atk|2\n|\n|upkeep\n|turn|14\n|\n|t:|1699832667\n|move|p2a: Rapidash|Play Rough|p1a: Mandibuzz\n|-supereffective|p1a: Mandibuzz\n|-damage|p1a: Mandibuzz|0 fnt\n|-damage|p2a: Rapidash|53\/100|[from] item: Rocky Helmet|[of] p1a: Mandibuzz\n|faint|p1a: Mandibuzz\n|-damage|p2a: Rapidash|43\/100|[from] item: Life Orb\n|\n|upkeep\n|\n|t:|1699832675\n|switch|p1a: Okidogi|Okidogi, M|100\/100\n|turn|15\n|\n|t:|1699832713\n|-terastallize|p2a: Rapidash|Fighting\n|move|p1a: Okidogi|High Horsepower|p2a: Rapidash\n|-damage|p2a: Rapidash|0 fnt\n|faint|p2a: Rapidash\n|\n|upkeep\n|\n|t:|1699832724\n|switch|p2a: Glimmora|Glimmora, M|62\/100\n|-damage|p2a: Glimmora|50\/100|[from] Stealth Rock\n|turn|16\n|\n|t:|1699832730\n|move|p2a: Glimmora|Sludge Wave|p1a: Okidogi\n|-resisted|p1a: Okidogi\n|-damage|p1a: Okidogi|72\/100\n|move|p1a: Okidogi|High Horsepower|p2a: Glimmora\n|-supereffective|p2a: Glimmora\n|-damage|p2a: Glimmora|0 fnt\n|-activate|p2a: Glimmora|ability: Toxic Debris\n|-sidestart|p1: dinglemanschmidt|move: Toxic Spikes\n|faint|p2a: Glimmora\n|\n|upkeep\n|c|\u2606downfall18|gg\n|\n|t:|1699832736\n|switch|p2a: Ogerpon|Ogerpon-Wellspring, F|88\/100\n|-damage|p2a: Ogerpon|76\/100|[from] Stealth Rock\n|turn|17\n|\n|t:|1699832749\n|switch|p1a: Ursaring|Ursaring, F|100\/100\n|-status|p1a: Ursaring|psn\n|move|p2a: Ogerpon|Swords Dance|p2a: Ogerpon\n|-boost|p2a: Ogerpon|atk|2\n|\n|-damage|p1a: Ursaring|88\/100 psn|[from] psn\n|upkeep\n|turn|18\n|\n|t:|1699832762\n|move|p2a: Ogerpon|Horn Leech|p1a: Ursaring\n|-damage|p1a: Ursaring|11\/100 psn\n|-heal|p2a: Ogerpon|100\/100|[from] drain|[of] p1a: Ursaring\n|move|p1a: Ursaring|Facade|p2a: Ogerpon\n|-damage|p2a: Ogerpon|0 fnt\n|faint|p2a: Ogerpon\n|\n|-damage|p1a: Ursaring|0 fnt|[from] psn\n|faint|p1a: Ursaring\n|upkeep\n|\n|t:|1699832799\n|switch|p2a: Pawmot|Pawmot, F|100\/100\n|switch|p1a: Okidogi|Okidogi, M|72\/100\n|-sideend|p1: dinglemanschmidt|move: Toxic Spikes|[of] p1a: Okidogi\n|-damage|p2a: Pawmot|94\/100|[from] Stealth Rock\n|turn|19\n|\n|t:|1699832813\n|move|p1a: Okidogi|High Horsepower|p2a: Pawmot\n|-supereffective|p2a: Pawmot\n|-damage|p2a: Pawmot|0 fnt\n|faint|p2a: Pawmot\n|\n|win|dinglemanschmidt\n|c|\u2606dinglemanschmidt|ggs\n|l|\u2606downfall18\n","uploadtime":1699832830,"views":10,"p1id":"dinglemanschmidt","p2id":"downfall18","formatid":"gen9nationaldex","rating":0,"private":0,"password":""}