{"id":"gen9nationaldex-1995498023","p1":"RoadPizza","p2":"Generation why?","format":"[Gen 9] National Dex","log":"|html|<div class=\"broadcast-blue\"><strong>[Gen 9] National Dex is currently suspecting Sneasler! For information on how to participate check out the <a href=\"https:\/\/www.smogon.com\/forums\/threads\/sv-national-dex-suspect-8-just-dance.3731534\/\">suspect thread<\/a>.<\/strong><\/div>\n|j|\u2606RoadPizza\n|j|\u2606Generation why?\n|t:|1700577255\n|gametype|singles\n|player|p1|RoadPizza|gambler|1331\n|player|p2|Generation why?|102|1227\n|teamsize|p1|6\n|teamsize|p2|6\n|gen|9\n|tier|[Gen 9] National Dex\n|rated|\n|rule|HP Percentage Mod: HP is shown in percentages\n|rule|Endless Battle Clause: Forcing endless battles is banned\n|rule|OHKO Clause: OHKO moves are banned\n|rule|Evasion Clause: Evasion abilities, items, and moves are banned\n|rule|Evasion Abilities Clause: Evasion abilities are banned\n|rule|Evasion Items Clause: Evasion items are banned\n|rule|Evasion Moves Clause: Evasion moves are banned\n|rule|Species Clause: Limit one of each Pok\u00e9mon\n|rule|Sleep Clause Mod: Limit one foe put to sleep\n|clearpoke\n|poke|p1|Hatterene, F|\n|poke|p1|Scizor, M|\n|poke|p1|Typhlosion, F|\n|poke|p1|Landorus-Therian, M|\n|poke|p1|Ogerpon-Wellspring, F|\n|poke|p1|Glimmora, M|\n|poke|p2|Gastrodon-East, F|\n|poke|p2|Torterra, F|\n|poke|p2|Talonflame, M|\n|poke|p2|Articuno-Galar|\n|poke|p2|Glimmora, M|\n|poke|p2|Aegislash, M|\n|teampreview\n|inactive|Battle timer is ON: inactive players will automatically lose when time's up. (requested by RoadPizza)\n|c|\u2606Generation why?|glhf\n|\n|t:|1700577269\n|start\n|switch|p1a: Hatterene|Hatterene, F|100\/100\n|switch|p2a: Aegislash|Aegislash, M|100\/100\n|turn|1\n|\n|t:|1700577290\n|switch|p1a: Landorus|Landorus-Therian, M|100\/100\n|-ability|p1a: Landorus|Intimidate|boost\n|-unboost|p2a: Aegislash|atk|1\n|-formechange|p2a: Aegislash|Aegislash-Blade||[from] ability: Stance Change\n|move|p2a: Aegislash|Gyro Ball|p1a: Landorus\n|-damage|p1a: Landorus|55\/100\n|\n|-heal|p1a: Landorus|61\/100|[from] item: Leftovers\n|upkeep\n|turn|2\n|\n|t:|1700577301\n|-formechange|p2a: Aegislash|Aegislash||[from] ability: Stance Change\n|move|p2a: Aegislash|King's Shield|p2a: Aegislash\n|-singleturn|p2a: Aegislash|Protect\n|move|p1a: Landorus|Knock Off|p2a: Aegislash\n|-activate|p2a: Aegislash|move: Protect\n|-unboost|p1a: Landorus|atk|1\n|\n|-heal|p1a: Landorus|68\/100|[from] item: Leftovers\n|upkeep\n|turn|3\n|\n|t:|1700577327\n|switch|p2a: Firebirb|Talonflame, M|100\/100\n|move|p1a: Landorus|Knock Off|p2a: Firebirb\n|-damage|p2a: Firebirb|68\/100\n|-enditem|p2a: Firebirb|Heavy-Duty Boots|[from] move: Knock Off|[of] p1a: Landorus\n|\n|-heal|p1a: Landorus|74\/100|[from] item: Leftovers\n|upkeep\n|turn|4\n|\n|t:|1700577334\n|move|p2a: Firebirb|Swords Dance|p2a: Firebirb\n|-boost|p2a: Firebirb|atk|2\n|move|p1a: Landorus|Stealth Rock|p2a: Firebirb\n|-sidestart|p2: Generation why?|move: Stealth Rock\n|\n|-heal|p1a: Landorus|80\/100|[from] item: Leftovers\n|upkeep\n|turn|5\n|\n|t:|1700577340\n|move|p2a: Firebirb|Defog|p1a: Landorus\n|-unboost|p1a: Landorus|evasion|1\n|-sideend|p2: Generation why?|Stealth Rock|[from] move: Defog|[of] p2a: Firebirb\n|move|p1a: Landorus|U-turn|p2a: Firebirb\n|-resisted|p2a: Firebirb\n|-damage|p2a: Firebirb|62\/100\n|\n|t:|1700577349\n|switch|p1a: Typhlosion|Typhlosion, F|100\/100|[from] U-turn\n|\n|upkeep\n|turn|6\n|\n|t:|1700577351\n|move|p1a: Typhlosion|Eruption|p2a: Firebirb\n|-resisted|p2a: Firebirb\n|-damage|p2a: Firebirb|9\/100\n|move|p2a: Firebirb|Dual Wingbeat|p1a: Typhlosion\n|-damage|p1a: Typhlosion|57\/100\n|-damage|p1a: Typhlosion|14\/100\n|-hitcount|p1a: Typhlosion|2\n|\n|upkeep\n|turn|7\n|\n|t:|1700577359\n|move|p1a: Typhlosion|Eruption|p2a: Firebirb\n|-resisted|p2a: Firebirb\n|-damage|p2a: Firebirb|2\/100\n|move|p2a: Firebirb|Dual Wingbeat|p1a: Typhlosion\n|-damage|p1a: Typhlosion|0 fnt\n|faint|p1a: Typhlosion\n|-hitcount|p1: Typhlosion|1\n|\n|upkeep\n|\n|t:|1700577368\n|switch|p1a: Hatterene|Hatterene, F|100\/100\n|turn|8\n|l|\u2606RoadPizza\n|inactive|RoadPizza disconnected and has a minute to reconnect!\n|player|p1|\n|j|\u2606RoadPizza\n|inactive|RoadPizza reconnected and has 140 seconds left.\n|player|p1|RoadPizza|gambler\n|\n|t:|1700577382\n|move|p2a: Firebirb|Flare Blitz|p1a: Hatterene\n|-damage|p1a: Hatterene|26\/100\n|-status|p1a: Hatterene|brn\n|-damage|p2a: Firebirb|0 fnt|[from] Recoil\n|faint|p2a: Firebirb\n|move|p1a: Hatterene|Draining Kiss|p2: Firebirb|[notarget]\n|-fail|p1a: Hatterene\n|\n|-heal|p1a: Hatterene|32\/100 brn|[from] item: Leftovers\n|-damage|p1a: Hatterene|26\/100 brn|[from] brn\n|upkeep\n|\n|t:|1700577408\n|switch|p2a: Pet Rock|Glimmora, M|100\/100\n|turn|9\n|\n|t:|1700577412\n|move|p2a: Pet Rock|Power Gem|p1a: Hatterene\n|-damage|p1a: Hatterene|0 fnt\n|faint|p1a: Hatterene\n|\n|upkeep\n|\n|t:|1700577437\n|switch|p1a: Glimmora|Glimmora, M|100\/100\n|turn|10\n|\n|t:|1700577449\n|move|p2a: Pet Rock|Stealth Rock|p1a: Glimmora\n|-sidestart|p1: RoadPizza|move: Stealth Rock\n|move|p1a: Glimmora|Earth Power|p2a: Pet Rock\n|-supereffective|p2a: Pet Rock\n|-enditem|p2a: Pet Rock|Focus Sash\n|-damage|p2a: Pet Rock|1\/100\n|\n|upkeep\n|turn|11\n|\n|t:|1700577456\n|move|p2a: Pet Rock|Power Gem|p1a: Glimmora\n|-damage|p1a: Glimmora|43\/100\n|move|p1a: Glimmora|Mortal Spin|p2a: Pet Rock\n|-resisted|p2a: Pet Rock\n|-damage|p2a: Pet Rock|0 fnt\n|-activate|p2a: Pet Rock|ability: Toxic Debris\n|-sidestart|p1: RoadPizza|move: Toxic Spikes\n|-sideend|p1: RoadPizza|Toxic Spikes|[from] move: Mortal Spin|[of] p1a: Glimmora\n|-sideend|p1: RoadPizza|Stealth Rock|[from] move: Mortal Spin|[of] p1a: Glimmora\n|faint|p2a: Pet Rock\n|\n|-heal|p1a: Glimmora|49\/100|[from] item: Black Sludge\n|upkeep\n|\n|t:|1700577462\n|switch|p2a: Aegislash|Aegislash, M|100\/100\n|turn|12\n|\n|t:|1700577471\n|move|p1a: Glimmora|Earth Power|p2a: Aegislash\n|-supereffective|p2a: Aegislash\n|-damage|p2a: Aegislash|62\/100\n|-unboost|p2a: Aegislash|spd|1\n|-formechange|p2a: Aegislash|Aegislash-Blade||[from] ability: Stance Change\n|move|p2a: Aegislash|Gyro Ball|p1a: Glimmora\n|-supereffective|p1a: Glimmora\n|-damage|p1a: Glimmora|0 fnt\n|-activate|p1a: Glimmora|ability: Toxic Debris\n|-sidestart|p2: Generation why?|move: Toxic Spikes\n|faint|p1a: Glimmora\n|\n|upkeep\n|\n|t:|1700577484\n|switch|p1a: Ogerpon|Ogerpon-Wellspring, F|100\/100\n|turn|13\n|\n|t:|1700577489\n|move|p1a: Ogerpon|Swords Dance|p1a: Ogerpon\n|-boost|p1a: Ogerpon|atk|2\n|move|p2a: Aegislash|Toxic|p1a: Ogerpon\n|-status|p1a: Ogerpon|tox\n|\n|-damage|p1a: Ogerpon|95\/100 tox|[from] psn\n|upkeep\n|turn|14\n|\n|t:|1700577497\n|-formechange|p2a: Aegislash|Aegislash||[from] ability: Stance Change\n|move|p2a: Aegislash|King's Shield|p2a: Aegislash\n|-singleturn|p2a: Aegislash|Protect\n|move|p1a: Ogerpon|Ivy Cudgel|p2a: Aegislash|[anim] Ivy Cudgel Water\n|-activate|p2a: Aegislash|move: Protect\n|\n|-damage|p1a: Ogerpon|83\/100 tox|[from] psn\n|upkeep\n|turn|15\n|\n|t:|1700577505\n|-formechange|p2a: Aegislash|Aegislash-Blade||[from] ability: Stance Change\n|move|p2a: Aegislash|Shadow Sneak|p1a: Ogerpon\n|-damage|p1a: Ogerpon|56\/100 tox\n|move|p1a: Ogerpon|Ivy Cudgel|p2a: Aegislash|[anim] Ivy Cudgel Water\n|-damage|p2a: Aegislash|0 fnt\n|faint|p2a: Aegislash\n|\n|-damage|p1a: Ogerpon|38\/100 tox|[from] psn\n|upkeep\n|\n|t:|1700577511\n|switch|p2a: Prozac Bird|Articuno-Galar, shiny|100\/100\n|turn|16\n|\n|t:|1700577521\n|switch|p2a: Despair Slug|Gastrodon-East, F, shiny|100\/100\n|-status|p2a: Despair Slug|psn\n|move|p1a: Ogerpon|Ivy Cudgel|p2a: Despair Slug|[anim] Ivy Cudgel Water\n|-ability|p2a: Despair Slug|Storm Drain|boost\n|-boost|p2a: Despair Slug|spa|1\n|\n|-damage|p1a: Ogerpon|14\/100 tox|[from] psn\n|-damage|p2a: Despair Slug|88\/100 psn|[from] psn\n|upkeep\n|turn|17\n|\n|t:|1700577533\n|-terastallize|p2a: Despair Slug|Poison\n|move|p1a: Ogerpon|Horn Leech|p2a: Despair Slug\n|-resisted|p2a: Despair Slug\n|-damage|p2a: Despair Slug|56\/100 psn\n|-heal|p1a: Ogerpon|37\/100 tox|[from] drain|[of] p2a: Despair Slug\n|move|p2a: Despair Slug|Recover|p2a: Despair Slug\n|-heal|p2a: Despair Slug|100\/100 psn\n|\n|-damage|p1a: Ogerpon|7\/100 tox|[from] psn\n|-damage|p2a: Despair Slug|88\/100 psn|[from] psn\n|upkeep\n|turn|18\n|\n|t:|1700577543\n|move|p1a: Ogerpon|U-turn|p2a: Despair Slug\n|-resisted|p2a: Despair Slug\n|-damage|p2a: Despair Slug|69\/100 psn\n|\n|t:|1700577548\n|switch|p1a: Landorus|Landorus-Therian, M|80\/100|[from] U-turn\n|-ability|p1a: Landorus|Intimidate|boost\n|-unboost|p2a: Despair Slug|atk|1\n|move|p2a: Despair Slug|Scald|p1a: Landorus\n|-supereffective|p1a: Landorus\n|-damage|p1a: Landorus|0 fnt\n|faint|p1a: Landorus\n|\n|-heal|p2a: Despair Slug|75\/100 psn|[from] item: Leftovers\n|-damage|p2a: Despair Slug|62\/100 psn|[from] psn\n|upkeep\n|\n|t:|1700577558\n|switch|p1a: Ogerpon|Ogerpon-Wellspring, F|7\/100 tox\n|turn|19\n|\n|t:|1700577563\n|switch|p2a: Prozac Bird|Articuno-Galar, shiny|100\/100\n|move|p1a: Ogerpon|Horn Leech|p2a: Prozac Bird\n|-resisted|p2a: Prozac Bird\n|-damage|p2a: Prozac Bird|72\/100\n|-heal|p1a: Ogerpon|22\/100 tox|[from] drain|[of] p2a: Prozac Bird\n|\n|-damage|p1a: Ogerpon|16\/100 tox|[from] psn\n|upkeep\n|turn|20\n|\n|t:|1700577576\n|switch|p2a: Despair Slug|Gastrodon-East, F, shiny, tera:Poison|62\/100 psn\n|-sideend|p2: Generation why?|move: Toxic Spikes|[of] p2a: Despair Slug\n|move|p1a: Ogerpon|Horn Leech|p2a: Despair Slug\n|-resisted|p2a: Despair Slug\n|-crit|p2a: Despair Slug\n|-damage|p2a: Despair Slug|38\/100 psn\n|-heal|p1a: Ogerpon|34\/100 tox|[from] drain|[of] p2a: Despair Slug\n|\n|-heal|p2a: Despair Slug|44\/100 psn|[from] item: Leftovers\n|-damage|p1a: Ogerpon|22\/100 tox|[from] psn\n|-damage|p2a: Despair Slug|31\/100 psn|[from] psn\n|upkeep\n|turn|21\n|\n|t:|1700577592\n|move|p1a: Ogerpon|U-turn|p2a: Despair Slug\n|-resisted|p2a: Despair Slug\n|-damage|p2a: Despair Slug|21\/100 psn\n|\n|t:|1700577595\n|switch|p1a: Scizor|Scizor, M|100\/100|[from] U-turn\n|move|p2a: Despair Slug|Recover|p2a: Despair Slug\n|-heal|p2a: Despair Slug|71\/100 psn\n|\n|-heal|p2a: Despair Slug|77\/100 psn|[from] item: Leftovers\n|-damage|p2a: Despair Slug|65\/100 psn|[from] psn\n|upkeep\n|turn|22\n|\n|t:|1700577603\n|detailschange|p1a: Scizor|Scizor-Mega, M\n|-mega|p1a: Scizor|Scizor|Scizorite\n|move|p1a: Scizor|Swords Dance|p1a: Scizor\n|-boost|p1a: Scizor|atk|2\n|move|p2a: Despair Slug|Scald|p1a: Scizor\n|-damage|p1a: Scizor|84\/100\n|\n|-heal|p2a: Despair Slug|71\/100 psn|[from] item: Leftovers\n|-damage|p2a: Despair Slug|59\/100 psn|[from] psn\n|upkeep\n|turn|23\n|\n|t:|1700577610\n|move|p1a: Scizor|Bullet Punch|p2a: Despair Slug\n|-damage|p2a: Despair Slug|17\/100 psn\n|move|p2a: Despair Slug|Scald|p1a: Scizor\n|-damage|p1a: Scizor|67\/100\n|\n|-heal|p2a: Despair Slug|23\/100 psn|[from] item: Leftovers\n|-damage|p2a: Despair Slug|11\/100 psn|[from] psn\n|upkeep\n|turn|24\n|\n|t:|1700577618\n|move|p1a: Scizor|Bullet Punch|p2a: Despair Slug\n|-damage|p2a: Despair Slug|0 fnt\n|faint|p2a: Despair Slug\n|\n|upkeep\n|\n|t:|1700577620\n|switch|p2a: Prozac Bird|Articuno-Galar, shiny|72\/100\n|turn|25\n|\n|t:|1700577624\n|move|p1a: Scizor|Bullet Punch|p2a: Prozac Bird\n|-damage|p2a: Prozac Bird|1\/100\n|move|p2a: Prozac Bird|Hurricane|p1a: Scizor\n|-damage|p1a: Scizor|19\/100\n|\n|upkeep\n|turn|26\n|\n|t:|1700577633\n|move|p2a: Prozac Bird|Freezing Glare|p1a: Scizor\n|-resisted|p1a: Scizor\n|-damage|p1a: Scizor|3\/100\n|move|p1a: Scizor|Roost|p1a: Scizor\n|-heal|p1a: Scizor|53\/100\n|-singleturn|p1a: Scizor|move: Roost\n|\n|upkeep\n|turn|27\n|\n|t:|1700577639\n|move|p2a: Prozac Bird|Hurricane|p1a: Scizor\n|-damage|p1a: Scizor|9\/100\n|move|p1a: Scizor|Roost|p1a: Scizor\n|-heal|p1a: Scizor|59\/100\n|-singleturn|p1a: Scizor|move: Roost\n|\n|upkeep\n|turn|28\n|\n|t:|1700577645\n|move|p2a: Prozac Bird|Hurricane|p1a: Scizor|[miss]\n|-miss|p2a: Prozac Bird|p1a: Scizor\n|move|p1a: Scizor|Roost|p1a: Scizor\n|-heal|p1a: Scizor|100\/100\n|-singleturn|p1a: Scizor|move: Roost\n|\n|upkeep\n|turn|29\n|\n|t:|1700577649\n|move|p1a: Scizor|Bullet Punch|p2a: Prozac Bird\n|-crit|p2a: Prozac Bird\n|-damage|p2a: Prozac Bird|0 fnt\n|faint|p2a: Prozac Bird\n|\n|upkeep\n|\n|t:|1700577651\n|switch|p2a: The Cleaner|Torterra, F|100\/100\n|turn|30\n|\n|t:|1700577656\n|move|p1a: Scizor|Bullet Punch|p2a: The Cleaner\n|-damage|p2a: The Cleaner|42\/100\n|move|p2a: The Cleaner|Shell Smash|p2a: The Cleaner\n|-unboost|p2a: The Cleaner|def|1\n|-unboost|p2a: The Cleaner|spd|1\n|-boost|p2a: The Cleaner|atk|2\n|-boost|p2a: The Cleaner|spa|2\n|-boost|p2a: The Cleaner|spe|2\n|-enditem|p2a: The Cleaner|White Herb\n|-clearnegativeboost|p2a: The Cleaner|[silent]\n|\n|upkeep\n|turn|31\n|\n|t:|1700577661\n|move|p1a: Scizor|Bullet Punch|p2a: The Cleaner\n|-damage|p2a: The Cleaner|0 fnt\n|faint|p2a: The Cleaner\n|\n|win|RoadPizza\n|raw|RoadPizza's rating: 1331 &rarr; <strong>1345<\/strong><br \/>(+14 for winning)\n|raw|Generation why?'s rating: 1227 &rarr; <strong>1209<\/strong><br \/>(-18 for losing)\n|c|\u2606Generation why?|gg\n|l|\u2606Generation why?\n","uploadtime":1700577666,"views":5,"p1id":"roadpizza","p2id":"generationwhy","formatid":"gen9nationaldex","rating":1209,"private":0,"password":""}