{"id":"gen9nationaldex-1998563875","p1":"stevethebees","p2":"Turtwigstacos","format":"[Gen 9] National Dex","log":"|html|<div class=\"broadcast-blue\"><strong>[Gen 9] National Dex is currently suspecting Sneasler! For information on how to participate check out the <a href=\"https:\/\/www.smogon.com\/forums\/threads\/sv-national-dex-suspect-8-just-dance.3731534\/\">suspect thread<\/a>.<\/strong><\/div>\n|j|\u2606stevethebees\n|j|\u2606Turtwigstacos\n|t:|1700956856\n|gametype|singles\n|player|p1|stevethebees|101|\n|player|p2|Turtwigstacos|clown|\n|teamsize|p1|6\n|teamsize|p2|6\n|gen|9\n|tier|[Gen 9] National Dex\n|rule|HP Percentage Mod: HP is shown in percentages\n|rule|Endless Battle Clause: Forcing endless battles is banned\n|rule|OHKO Clause: OHKO moves are banned\n|rule|Evasion Clause: Evasion abilities, items, and moves are banned\n|rule|Evasion Abilities Clause: Evasion abilities are banned\n|rule|Evasion Items Clause: Evasion items are banned\n|rule|Evasion Moves Clause: Evasion moves are banned\n|rule|Species Clause: Limit one of each Pok\u00e9mon\n|rule|Sleep Clause Mod: Limit one foe put to sleep\n|clearpoke\n|poke|p1|Espeon, M|\n|poke|p1|Tyranitar, M|\n|poke|p1|Skarmory, M|\n|poke|p1|Mesprit|\n|poke|p1|Garchomp, F|\n|poke|p1|Clefable, F|\n|poke|p2|Politoed, F|\n|poke|p2|Zapdos|\n|poke|p2|Volcanion|\n|poke|p2|Aggron, F|\n|poke|p2|Torterra, F|\n|poke|p2|Poliwrath, F|\n|teampreview\n|j| vuvu42\n|\n|t:|1700957039\n|start\n|switch|p1a: Espeon|Espeon, M|100\/100\n|switch|p2a: Poly|Politoed, F, shiny|100\/100\n|-weather|RainDance|[from] ability: Drizzle|[of] p2a: Poly\n|turn|1\n|\n|t:|1700957073\n|switch|p2a: MntnDewSpark|Zapdos, shiny|100\/100\n|move|p1a: Espeon|Psyshock|p2a: MntnDewSpark\n|-damage|p2a: MntnDewSpark|59\/100\n|\n|-weather|RainDance|[upkeep]\n|upkeep\n|turn|2\n|\n|t:|1700957083\n|switch|p1a: Oatchi|Garchomp, F|100\/100\n|move|p2a: MntnDewSpark|Thunder|p1a: Oatchi\n|-immune|p1a: Oatchi\n|\n|-weather|RainDance|[upkeep]\n|upkeep\n|turn|3\n|\n|t:|1700957090\n|switch|p2a: Frog Mario|Poliwrath, F, shiny|100\/100\n|move|p1a: Oatchi|Swords Dance|p1a: Oatchi\n|-boost|p1a: Oatchi|atk|2\n|\n|-weather|RainDance|[upkeep]\n|upkeep\n|turn|4\n|\n|t:|1700957117\n|move|p2a: Frog Mario|Ice Punch|p1a: Oatchi\n|-supereffective|p1a: Oatchi\n|-damage|p1a: Oatchi|8\/100\n|-damage|p2a: Frog Mario|88\/100|[from] ability: Rough Skin|[of] p1a: Oatchi\n|move|p1a: Oatchi|Scale Shot|p2a: Frog Mario\n|-damage|p2a: Frog Mario|55\/100\n|-damage|p2a: Frog Mario|22\/100\n|-enditem|p2a: Frog Mario|Sitrus Berry|[eat]\n|-heal|p2a: Frog Mario|46\/100|[from] item: Sitrus Berry\n|-damage|p2a: Frog Mario|15\/100\n|-damage|p2a: Frog Mario|0 fnt\n|faint|p2a: Frog Mario\n|-hitcount|p2: Frog Mario|4\n|-unboost|p1a: Oatchi|def|1\n|-boost|p1a: Oatchi|spe|1\n|\n|-weather|RainDance|[upkeep]\n|upkeep\n|\n|t:|1700957163\n|switch|p2a: Hot Donkey|Volcanion|100\/100\n|turn|5\n|\n|t:|1700957179\n|move|p1a: Oatchi|Earthquake|p2a: Hot Donkey\n|-supereffective|p2a: Hot Donkey\n|-damage|p2a: Hot Donkey|0 fnt\n|faint|p2a: Hot Donkey\n|\n|-weather|none\n|upkeep\n|\n|t:|1700957188\n|switch|p2a: Big Lime|Torterra, F, shiny|100\/100\n|turn|6\n|\n|t:|1700957197\n|move|p1a: Oatchi|Scale Shot|p2a: Big Lime\n|-damage|p2a: Big Lime|71\/100\n|-damage|p2a: Big Lime|43\/100\n|-damage|p2a: Big Lime|13\/100\n|-damage|p2a: Big Lime|0 fnt\n|faint|p2a: Big Lime\n|-hitcount|p2: Big Lime|4\n|-unboost|p1a: Oatchi|def|1\n|-boost|p1a: Oatchi|spe|1\n|\n|upkeep\n|\n|t:|1700957207\n|switch|p2a: BONESAW|Aggron, F, shiny|100\/100\n|turn|7\n|\n|t:|1700957216\n|detailschange|p2a: BONESAW|Aggron-Mega, F, shiny\n|-mega|p2a: BONESAW|Aggron|Aggronite\n|move|p1a: Oatchi|Earthquake|p2a: BONESAW\n|-supereffective|p2a: BONESAW\n|-damage|p2a: BONESAW|37\/100\n|move|p2a: BONESAW|Counter|p1a: Oatchi\n|-damage|p1a: Oatchi|0 fnt\n|-damage|p2a: BONESAW|25\/100|[from] ability: Rough Skin|[of] p1a: Oatchi\n|faint|p1a: Oatchi\n|\n|upkeep\n|\n|t:|1700957243\n|switch|p1a: Espeon|Espeon, M|100\/100\n|turn|8\n|\n|t:|1700957275\n|move|p1a: Espeon|Shadow Ball|p2a: BONESAW\n|-damage|p2a: BONESAW|0 fnt\n|faint|p2a: BONESAW\n|\n|upkeep\n|\n|t:|1700957281\n|switch|p2a: Poly|Politoed, F, shiny|100\/100\n|-weather|RainDance|[from] ability: Drizzle|[of] p2a: Poly\n|turn|9\n|\n|t:|1700957288\n|switch|p2a: MntnDewSpark|Zapdos, shiny|59\/100\n|move|p1a: Espeon|Shadow Ball|p2a: MntnDewSpark\n|-damage|p2a: MntnDewSpark|34\/100\n|-unboost|p2a: MntnDewSpark|spd|1\n|\n|-weather|RainDance|[upkeep]\n|upkeep\n|turn|10\n|\n|t:|1700957300\n|move|p1a: Espeon|Shadow Ball|p2a: MntnDewSpark\n|-damage|p2a: MntnDewSpark|0 fnt\n|faint|p2a: MntnDewSpark\n|\n|-weather|RainDance|[upkeep]\n|upkeep\n|j| jhkehbajkgfrb\n|\n|t:|1700957306\n|switch|p2a: Poly|Politoed, F, shiny|100\/100\n|turn|11\n|\n|t:|1700957311\n|move|p1a: Espeon|Shadow Ball|p2a: Poly\n|-damage|p2a: Poly|82\/100\n|move|p2a: Poly|Weather Ball|p1a: Espeon\n|-damage|p1a: Espeon|32\/100\n|\n|-weather|RainDance|[upkeep]\n|upkeep\n|turn|12\n|\n|t:|1700957341\n|switch|p1a: Shepherd|Mesprit|100\/100\n|move|p2a: Poly|Weather Ball|p1a: Shepherd\n|-damage|p1a: Shepherd|56\/100\n|\n|-weather|RainDance|[upkeep]\n|upkeep\n|turn|13\n|\n|t:|1700957376\n|move|p1a: Shepherd|Light Screen|p1a: Shepherd\n|-sidestart|p1: stevethebees|move: Light Screen\n|move|p2a: Poly|Weather Ball|p1a: Shepherd\n|-crit|p1a: Shepherd\n|-damage|p1a: Shepherd|0 fnt\n|faint|p1a: Shepherd\n|\n|-weather|none\n|upkeep\n|\n|t:|1700957407\n|switch|p1a: Clefable|Clefable, F|100\/100\n|turn|14\n|\n|t:|1700957424\n|move|p2a: Poly|Weather Ball|p1a: Clefable\n|-damage|p1a: Clefable|97\/100\n|move|p1a: Clefable|Moonblast|p2a: Poly\n|-damage|p2a: Poly|62\/100\n|\n|-heal|p1a: Clefable|100\/100|[from] item: Leftovers\n|upkeep\n|turn|15\n|\n|t:|1700957431\n|move|p2a: Poly|Weather Ball|p1a: Clefable\n|-crit|p1a: Clefable\n|-damage|p1a: Clefable|89\/100\n|move|p1a: Clefable|Moonblast|p2a: Poly\n|-damage|p2a: Poly|41\/100\n|\n|-heal|p1a: Clefable|95\/100|[from] item: Leftovers\n|upkeep\n|turn|16\n|\n|t:|1700957439\n|move|p2a: Poly|Weather Ball|p1a: Clefable\n|-damage|p1a: Clefable|92\/100\n|move|p1a: Clefable|Moonblast|p2a: Poly\n|-damage|p2a: Poly|21\/100\n|-unboost|p2a: Poly|spa|1\n|\n|-heal|p1a: Clefable|98\/100|[from] item: Leftovers\n|upkeep\n|turn|17\n|\n|t:|1700957449\n|move|p2a: Poly|Rest|p2a: Poly\n|-status|p2a: Poly|slp|[from] move: Rest\n|-heal|p2a: Poly|100\/100 slp|[silent]\n|move|p1a: Clefable|Moonblast|p2a: Poly\n|-damage|p2a: Poly|81\/100 slp\n|-unboost|p2a: Poly|spa|1\n|\n|-heal|p1a: Clefable|100\/100|[from] item: Leftovers\n|upkeep\n|turn|18\n|\n|t:|1700957458\n|cant|p2a: Poly|slp\n|move|p1a: Clefable|Moonblast|p2a: Poly\n|-damage|p2a: Poly|59\/100 slp\n|\n|upkeep\n|turn|19\n|\n|t:|1700957464\n|cant|p2a: Poly|slp\n|move|p1a: Clefable|Moonblast|p2a: Poly\n|-damage|p2a: Poly|39\/100 slp\n|\n|upkeep\n|turn|20\n|\n|t:|1700957469\n|-curestatus|p2a: Poly|slp|[msg]\n|move|p2a: Poly|Rest|p2a: Poly\n|-status|p2a: Poly|slp|[from] move: Rest\n|-heal|p2a: Poly|100\/100 slp|[silent]\n|move|p1a: Clefable|Moonblast|p2a: Poly\n|-damage|p2a: Poly|81\/100 slp\n|-unboost|p2a: Poly|spa|1\n|\n|-sideend|p1: stevethebees|move: Light Screen\n|upkeep\n|turn|21\n|\n|t:|1700957482\n|switch|p1a: Olimar|Tyranitar, M|100\/100\n|-weather|Sandstorm|[from] ability: Sand Stream|[of] p1a: Olimar\n|cant|p2a: Poly|slp\n|\n|-weather|Sandstorm|[upkeep]\n|-damage|p2a: Poly|75\/100 slp|[from] Sandstorm\n|upkeep\n|turn|22\n|\n|t:|1700957492\n|move|p1a: Olimar|Dragon Dance|p1a: Olimar\n|-boost|p1a: Olimar|atk|1\n|-boost|p1a: Olimar|spe|1\n|cant|p2a: Poly|slp\n|\n|-weather|Sandstorm|[upkeep]\n|-damage|p2a: Poly|69\/100 slp|[from] Sandstorm\n|upkeep\n|turn|23\n|\n|t:|1700957504\n|detailschange|p1a: Olimar|Tyranitar-Mega, M\n|-mega|p1a: Olimar|Tyranitar|Tyranitarite\n|move|p1a: Olimar|Stone Edge|p2a: Poly\n|-damage|p2a: Poly|0 fnt\n|faint|p2a: Poly\n|\n|win|stevethebees\n|c|\u2606Turtwigstacos|gg lol\n|c|\u2606stevethebees|gg\n","uploadtime":1700957518,"views":2,"p1id":"stevethebees","p2id":"turtwigstacos","formatid":"gen9nationaldex","rating":0,"private":0,"password":""}