{"id":"gen9nationaldex-2000513081","p1":"kraydel5","p2":"Bluemigma","format":"[Gen 9] National Dex","log":"|html|<div class=\"broadcast-blue\"><strong>[Gen 9] National Dex is currently suspecting Sneasler! For information on how to participate check out the <a href=\"https:\/\/www.smogon.com\/forums\/threads\/sv-national-dex-suspect-8-just-dance.3731534\/\">suspect thread<\/a>.<\/strong><\/div>\n|j|\u2606kraydel5\n|j|\u2606Bluemigma\n|t:|1701201102\n|gametype|singles\n|player|p1|kraydel5|n|1076\n|player|p2|Bluemigma|pokekid|1077\n|teamsize|p1|6\n|teamsize|p2|6\n|gen|9\n|tier|[Gen 9] National Dex\n|rated|\n|rule|HP Percentage Mod: HP is shown in percentages\n|rule|Endless Battle Clause: Forcing endless battles is banned\n|rule|OHKO Clause: OHKO moves are banned\n|rule|Evasion Clause: Evasion abilities, items, and moves are banned\n|rule|Evasion Abilities Clause: Evasion abilities are banned\n|rule|Evasion Items Clause: Evasion items are banned\n|rule|Evasion Moves Clause: Evasion moves are banned\n|rule|Species Clause: Limit one of each Pok\u00e9mon\n|rule|Sleep Clause Mod: Limit one foe put to sleep\n|clearpoke\n|poke|p1|Togekiss, M|\n|poke|p1|Incineroar, F|\n|poke|p1|Celesteela|\n|poke|p1|Torterra, F|\n|poke|p1|Diancie|\n|poke|p1|Lopunny, M|\n|poke|p2|Samurott-Hisui, M|\n|poke|p2|Kartana|\n|poke|p2|Zoroark-Hisui, M|\n|poke|p2|Golisopod, M|\n|poke|p2|Slowking-Galar, F|\n|poke|p2|Umbreon, M|\n|teampreview\n|\n|t:|1701201127\n|start\n|switch|p1a: Diancie|Diancie|100\/100\n|switch|p2a: Samurott|Samurott-Hisui, M|100\/100\n|turn|1\n|\n|t:|1701201141\n|detailschange|p1a: Diancie|Diancie-Mega\n|-mega|p1a: Diancie|Diancie|Diancite\n|move|p1a: Diancie|Rock Polish|p1a: Diancie\n|-boost|p1a: Diancie|spe|2\n|move|p2a: Samurott|Sacred Sword|p1a: Diancie\n|-damage|p1a: Diancie|51\/100\n|\n|upkeep\n|turn|2\n|\n|t:|1701201185\n|switch|p2a: Slowking|Slowking-Galar, F, shiny|100\/100\n|move|p1a: Diancie|Psychic|p2a: Slowking\n|-damage|p2a: Slowking|84\/100\n|\n|upkeep\n|turn|3\n|\n|t:|1701201197\n|move|p1a: Diancie|Meteor Beam||[still]\n|-prepare|p1a: Diancie|Meteor Beam\n|-boost|p1a: Diancie|spa|1\n|move|p2a: Slowking|Sludge Bomb|p1a: Diancie\n|-damage|p1a: Diancie|5\/100\n|\n|upkeep\n|turn|4\n|\n|t:|1701201207\n|move|p1a: Diancie|Meteor Beam|p2a: Slowking|[from]lockedmove\n|-damage|p2a: Slowking|36\/100\n|move|p2a: Slowking|Scald|p1a: Diancie\n|-supereffective|p1a: Diancie\n|-damage|p1a: Diancie|0 fnt\n|faint|p1a: Diancie\n|\n|upkeep\n|\n|t:|1701201215\n|switch|p1a: Torterra|Torterra, F|100\/100\n|turn|5\n|\n|t:|1701201253\n|switch|p2a: Kartana|Kartana, shiny|100\/100\n|-terastallize|p1a: Torterra|Grass\n|move|p1a: Torterra|Shell Smash|p1a: Torterra\n|-unboost|p1a: Torterra|def|1\n|-unboost|p1a: Torterra|spd|1\n|-boost|p1a: Torterra|atk|2\n|-boost|p1a: Torterra|spa|2\n|-boost|p1a: Torterra|spe|2\n|\n|upkeep\n|turn|6\n|\n|t:|1701201273\n|move|p1a: Torterra|Rock Blast|p2a: Kartana\n|-resisted|p2a: Kartana\n|-damage|p2a: Kartana|93\/100\n|-resisted|p2a: Kartana\n|-damage|p2a: Kartana|86\/100\n|-hitcount|p2a: Kartana|2\n|move|p2a: Kartana|Knock Off|p1a: Torterra\n|-damage|p1a: Torterra|42\/100\n|-enditem|p1a: Torterra|Focus Sash|[from] move: Knock Off|[of] p2a: Kartana\n|\n|upkeep\n|turn|7\n|\n|t:|1701201302\n|move|p1a: Torterra|Earthquake|p2a: Kartana\n|-damage|p2a: Kartana|0 fnt\n|faint|p2a: Kartana\n|\n|upkeep\n|\n|t:|1701201313\n|switch|p2a: Golisopod|Golisopod, M, shiny|100\/100\n|turn|8\n|\n|t:|1701201335\n|move|p2a: Golisopod|First Impression|p1a: Torterra\n|-supereffective|p1a: Torterra\n|-damage|p1a: Torterra|0 fnt\n|faint|p1a: Torterra\n|\n|upkeep\n|\n|t:|1701201339\n|switch|p1a: Incineroar|Incineroar, F|100\/100\n|-ability|p1a: Incineroar|Intimidate|boost\n|-unboost|p2a: Golisopod|atk|1\n|turn|9\n|\n|t:|1701201354\n|move|p1a: Incineroar|Bulk Up|p1a: Incineroar\n|-boost|p1a: Incineroar|atk|1\n|-boost|p1a: Incineroar|def|1\n|move|p2a: Golisopod|Leech Life|p1a: Incineroar\n|-damage|p1a: Incineroar|81\/100\n|\n|upkeep\n|turn|10\n|\n|t:|1701201363\n|move|p1a: Incineroar|Bulk Up|p1a: Incineroar\n|-boost|p1a: Incineroar|atk|1\n|-boost|p1a: Incineroar|def|1\n|move|p2a: Golisopod|Liquidation|p1a: Incineroar\n|-supereffective|p1a: Incineroar\n|-damage|p1a: Incineroar|52\/100\n|-unboost|p1a: Incineroar|def|1\n|-enditem|p1a: Incineroar|Weakness Policy\n|-boost|p1a: Incineroar|atk|2|[from] item: Weakness Policy\n|-boost|p1a: Incineroar|spa|2|[from] item: Weakness Policy\n|\n|upkeep\n|turn|11\n|\n|t:|1701201391\n|move|p1a: Incineroar|Power Trip|p2a: Golisopod\n|-damage|p2a: Golisopod|0 fnt\n|faint|p2a: Golisopod\n|\n|upkeep\n|\n|t:|1701201405\n|switch|p2a: Umbreon|Umbreon, M, shiny|100\/100\n|turn|12\n|\n|t:|1701201413\n|move|p2a: Umbreon|Hyper Voice|p1a: Incineroar\n|-damage|p1a: Incineroar|0 fnt\n|faint|p1a: Incineroar\n|\n|upkeep\n|\n|t:|1701201420\n|switch|p1a: Celesteela|Celesteela|100\/100\n|turn|13\n|\n|t:|1701201436\n|switch|p2a: Slowking|Slowking-Galar, F, shiny|70\/100\n|move|p1a: Celesteela|Leech Seed|p2a: Slowking\n|-start|p2a: Slowking|move: Leech Seed\n|\n|-damage|p2a: Slowking|57\/100|[from] Leech Seed|[of] p1a: Celesteela\n|upkeep\n|turn|14\n|\n|t:|1701201446\n|move|p1a: Celesteela|Substitute|p1a: Celesteela\n|-start|p1a: Celesteela|Substitute\n|-damage|p1a: Celesteela|76\/100\n|move|p2a: Slowking|Flamethrower|p1a: Celesteela\n|-supereffective|p1a: Celesteela\n|-end|p1a: Celesteela|Substitute\n|\n|-heal|p1a: Celesteela|82\/100|[from] item: Leftovers\n|-damage|p2a: Slowking|45\/100|[from] Leech Seed|[of] p1a: Celesteela\n|-heal|p1a: Celesteela|96\/100|[silent]\n|upkeep\n|turn|15\n|\n|t:|1701201460\n|switch|p2a: Umbreon|Umbreon, M, shiny|100\/100\n|move|p1a: Celesteela|Fly||[still]\n|-prepare|p1a: Celesteela|Fly\n|\n|-heal|p1a: Celesteela|100\/100|[from] item: Leftovers\n|upkeep\n|turn|16\n|\n|t:|1701201483\n|move|p2a: Umbreon|Protect|p2a: Umbreon\n|-singleturn|p2a: Umbreon|Protect\n|move|p1a: Celesteela|Fly|p2a: Umbreon|[from]lockedmove\n|-activate|p2a: Umbreon|move: Protect\n|\n|upkeep\n|turn|17\n|\n|t:|1701201511\n|switch|p2a: Slowking|Slowking-Galar, F, shiny|78\/100\n|move|p1a: Celesteela|Leech Seed|p2a: Slowking\n|-start|p2a: Slowking|move: Leech Seed\n|\n|-damage|p2a: Slowking|65\/100|[from] Leech Seed|[of] p1a: Celesteela\n|upkeep\n|turn|18\n|\n|t:|1701201539\n|move|p1a: Celesteela|Substitute|p1a: Celesteela\n|-start|p1a: Celesteela|Substitute\n|-damage|p1a: Celesteela|76\/100\n|move|p2a: Slowking|Flamethrower|p1a: Celesteela\n|-supereffective|p1a: Celesteela\n|-end|p1a: Celesteela|Substitute\n|\n|-heal|p1a: Celesteela|82\/100|[from] item: Leftovers\n|-damage|p2a: Slowking|53\/100|[from] Leech Seed|[of] p1a: Celesteela\n|-heal|p1a: Celesteela|96\/100|[silent]\n|upkeep\n|turn|19\n|\n|t:|1701201556\n|move|p1a: Celesteela|Leech Seed||[still]\n|-fail|p1a: Celesteela\n|move|p2a: Slowking|Flamethrower|p1a: Celesteela\n|-supereffective|p1a: Celesteela\n|-damage|p1a: Celesteela|58\/100\n|-status|p1a: Celesteela|brn\n|\n|-heal|p1a: Celesteela|63\/100 brn|[from] item: Leftovers\n|-damage|p2a: Slowking|41\/100|[from] Leech Seed|[of] p1a: Celesteela\n|-heal|p1a: Celesteela|78\/100 brn|[silent]\n|-damage|p1a: Celesteela|72\/100 brn|[from] brn\n|upkeep\n|turn|20\n|c|\u2606kraydel5|neiger\n|c|\u2606kraydel5|Give up man\n|\n|t:|1701201636\n|move|p1a: Celesteela|Substitute|p1a: Celesteela\n|-start|p1a: Celesteela|Substitute\n|-damage|p1a: Celesteela|47\/100 brn\n|move|p2a: Slowking|Flamethrower|p1a: Celesteela\n|-supereffective|p1a: Celesteela\n|-end|p1a: Celesteela|Substitute\n|\n|-heal|p1a: Celesteela|53\/100 brn|[from] item: Leftovers\n|-damage|p2a: Slowking|28\/100|[from] Leech Seed|[of] p1a: Celesteela\n|-heal|p1a: Celesteela|68\/100 brn|[silent]\n|-damage|p1a: Celesteela|62\/100 brn|[from] brn\n|upkeep\n|turn|21\n|inactive|Battle timer is ON: inactive players will automatically lose when time's up. (requested by kraydel5)\n|\n|t:|1701201666\n|switch|p2a: Samurott|Samurott-Hisui, M|100\/100\n|move|p1a: Celesteela|Protect||[still]\n|-fail|p1a: Celesteela\n|\n|-heal|p1a: Celesteela|68\/100 brn|[from] item: Leftovers\n|-damage|p1a: Celesteela|62\/100 brn|[from] brn\n|upkeep\n|turn|22\n|\n|t:|1701201692\n|move|p2a: Samurott|Knock Off|p1a: Celesteela\n|-damage|p1a: Celesteela|25\/100 brn\n|-enditem|p1a: Celesteela|Leftovers|[from] move: Knock Off|[of] p2a: Samurott\n|move|p1a: Celesteela|Leech Seed|p2a: Samurott\n|-start|p2a: Samurott|move: Leech Seed\n|\n|-damage|p2a: Samurott|88\/100|[from] Leech Seed|[of] p1a: Celesteela\n|-heal|p1a: Celesteela|37\/100 brn|[silent]\n|-damage|p1a: Celesteela|31\/100 brn|[from] brn\n|upkeep\n|turn|23\n|c|\u2606kraydel5|Give up dawg\n|inactive|Bluemigma has 120 seconds left.\n|inactive|kraydel5 has 120 seconds left.\n|\n|t:|1701201756\n|move|p1a: Celesteela|Protect|p1a: Celesteela\n|-singleturn|p1a: Celesteela|Protect\n|move|p2a: Samurott|Ceaseless Edge|p1a: Celesteela\n|-activate|p1a: Celesteela|move: Protect\n|\n|-damage|p2a: Samurott|76\/100|[from] Leech Seed|[of] p1a: Celesteela\n|-heal|p1a: Celesteela|43\/100 brn|[silent]\n|-damage|p1a: Celesteela|37\/100 brn|[from] brn\n|upkeep\n|turn|24\n|\n|t:|1701201773\n|move|p2a: Samurott|Ceaseless Edge|p1a: Celesteela\n|-damage|p1a: Celesteela|2\/100 brn\n|-sidestart|p1: kraydel5|Spikes\n|move|p1a: Celesteela|Substitute|p1a: Celesteela\n|-fail|p1a: Celesteela|move: Substitute|[weak]\n|\n|-damage|p2a: Samurott|63\/100|[from] Leech Seed|[of] p1a: Celesteela\n|-heal|p1a: Celesteela|14\/100 brn|[silent]\n|-damage|p1a: Celesteela|8\/100 brn|[from] brn\n|upkeep\n|turn|25\n|\n|t:|1701201794\n|switch|p2a: Slowking|Slowking-Galar, F, shiny|61\/100\n|switch|p1a: Lopunny|Lopunny, M|100\/100\n|-damage|p1a: Lopunny|88\/100|[from] Spikes\n|\n|upkeep\n|turn|26\n|\n|t:|1701201805\n|move|p1a: Lopunny|Fake Out|p2a: Slowking\n|-damage|p2a: Slowking|47\/100\n|cant|p2a: Slowking|flinch\n|\n|upkeep\n|turn|27\n|\n|t:|1701201818\n|move|p1a: Lopunny|High Jump Kick|p2a: Slowking\n|-resisted|p2a: Slowking\n|-damage|p2a: Slowking|40\/100\n|move|p2a: Slowking|Future Sight|p1a: Lopunny\n|-start|p2a: Slowking|move: Future Sight\n|\n|upkeep\n|turn|28\n|\n|t:|1701201836\n|move|p1a: Lopunny|Quick Attack|p2a: Slowking\n|-damage|p2a: Slowking|24\/100\n|move|p2a: Slowking|Sludge Bomb|p1a: Lopunny\n|-damage|p1a: Lopunny|49\/100\n|\n|upkeep\n|turn|29\n|inactive|kraydel5 has 120 seconds left.\n|\n|t:|1701201849\n|move|p1a: Lopunny|Return|p2a: Slowking\n|-damage|p2a: Slowking|0 fnt\n|faint|p2a: Slowking\n|\n|-end|p1a: Lopunny|move: Future Sight\n|-damage|p1a: Lopunny|0 fnt\n|faint|p1a: Lopunny\n|upkeep\n|inactive|kraydel5 has 120 seconds left.\n|\n|t:|1701201859\n|switch|p1a: Togekiss|Togekiss, M|100\/100\n|switch|p2a: Umbreon|Umbreon, M, shiny|100\/100\n|turn|30\n|inactive|Bluemigma has 120 seconds left.\n|\n|t:|1701201871\n|move|p2a: Umbreon|Shadow Ball|p1a: Togekiss\n|-damage|p1a: Togekiss|41\/100\n|move|p1a: Togekiss|Aura Sphere|p2a: Umbreon\n|-immune|p2a: Umbreon\n|\n|upkeep\n|turn|31\n|inactive|Bluemigma has 120 seconds left.\n|\n|t:|1701201879\n|move|p2a: Umbreon|Shadow Ball|p1a: Togekiss\n|-damage|p1a: Togekiss|0 fnt\n|faint|p1a: Togekiss\n|\n|upkeep\n|n|!kraydel5|kraydel5\n|\n|t:|1701201893\n|switch|p1a: Celesteela|Celesteela|8\/100 brn\n|turn|32\n|\n|t:|1701201897\n|move|p2a: Umbreon|Shadow Ball|p1a: Celesteela\n|-damage|p1a: Celesteela|0 fnt\n|faint|p1a: Celesteela\n|\n|win|Bluemigma\n|raw|kraydel5's rating: 1076 &rarr; <strong>1055<\/strong><br \/>(-21 for losing)\n|raw|Bluemigma's rating: 1077 &rarr; <strong>1105<\/strong><br \/>(+28 for winning)\n|l|!kraydel5\n","uploadtime":1701201886,"views":4,"p1id":"kraydel5","p2id":"bluemigma","formatid":"gen9nationaldex","rating":1055,"private":0,"password":""}