{"id":"gen9nationaldex-1999146316","p1":"bronze odyssey fan","p2":"Manteiga_v","format":"[Gen 9] National Dex","log":"|html|<div class=\"broadcast-blue\"><strong>[Gen 9] National Dex is currently suspecting Sneasler! For information on how to participate check out the <a href=\"https:\/\/www.smogon.com\/forums\/threads\/sv-national-dex-suspect-8-just-dance.3731534\/\">suspect thread<\/a>.<\/strong><\/div>\n|j|\u2606bronze odyssey fan\n|j|\u2606Manteiga_v\n|t:|1701038210\n|gametype|singles\n|player|p1|bronze odyssey fan|clown|1108\n|player|p2|Manteiga_v|clerk|1215\n|teamsize|p1|5\n|teamsize|p2|6\n|gen|9\n|tier|[Gen 9] National Dex\n|rated|\n|rule|HP Percentage Mod: HP is shown in percentages\n|rule|Endless Battle Clause: Forcing endless battles is banned\n|rule|OHKO Clause: OHKO moves are banned\n|rule|Evasion Clause: Evasion abilities, items, and moves are banned\n|rule|Evasion Abilities Clause: Evasion abilities are banned\n|rule|Evasion Items Clause: Evasion items are banned\n|rule|Evasion Moves Clause: Evasion moves are banned\n|rule|Species Clause: Limit one of each Pok\u00e9mon\n|rule|Sleep Clause Mod: Limit one foe put to sleep\n|clearpoke\n|poke|p1|Dachsbun, M|\n|poke|p1|Urshifu-*, M|\n|poke|p1|Necrozma|\n|poke|p1|Jirachi|\n|poke|p1|Altaria, M|\n|poke|p2|Lopunny, F|\n|poke|p2|Skarmory, F|\n|poke|p2|Heatran, M|\n|poke|p2|Articuno-Galar|\n|poke|p2|Toxicroak, F|\n|poke|p2|Tyranitar, M|\n|teampreview\n|inactive|Battle timer is ON: inactive players will automatically lose when time's up. (requested by bronze odyssey fan)\n|\n|t:|1701038219\n|start\n|switch|p1a: D|Dachsbun, M|100\/100\n|switch|p2a: Toxicroak|Toxicroak, F|100\/100\n|turn|1\n|c|\u2606bronze odyssey fan|Special note\n|c|\u2606Manteiga_v|I dont speak english\n|c|\u2606bronze odyssey fan|This is only recorded to send to my gf\n|inactive|bronze odyssey fan has 120 seconds left.\n|c|\u2606bronze odyssey fan|This team is made of mons with letters in order of her namd\n|\n|t:|1701038269\n|switch|p1a: J|Jirachi|100\/100\n|move|p2a: Toxicroak|Fake Out|p1a: J\n|-resisted|p1a: J\n|-damage|p1a: J|94\/100\n|\n|upkeep\n|turn|2\n|c|\u2606Manteiga_v|N\u00e3o falo ingl\u00eas\n|c|\u2606Manteiga_v|I dont speak english\n|\n|t:|1701038286\n|switch|p2a: Tyranitar|Tyranitar, M|100\/100\n|-weather|Sandstorm|[from] ability: Sand Stream|[of] p2a: Tyranitar\n|move|p1a: J|Iron Head|p2a: Tyranitar\n|-supereffective|p2a: Tyranitar\n|-damage|p2a: Tyranitar|43\/100\n|-damage|p1a: J|77\/100|[from] item: Rocky Helmet|[of] p2a: Tyranitar\n|\n|-weather|Sandstorm|[upkeep]\n|upkeep\n|turn|3\n|c|\u2606bronze odyssey fan|Ok\n|\n|t:|1701038299\n|move|p1a: J|Iron Head|p2a: Tyranitar\n|-supereffective|p2a: Tyranitar\n|-damage|p2a: Tyranitar|0 fnt\n|-damage|p1a: J|61\/100|[from] item: Rocky Helmet|[of] p2a: Tyranitar\n|faint|p2a: Tyranitar\n|\n|-weather|Sandstorm|[upkeep]\n|upkeep\n|\n|t:|1701038311\n|switch|p2a: Articuno|Articuno-Galar|100\/100\n|turn|4\n|\n|t:|1701038316\n|-terastallize|p1a: J|Steel\n|move|p1a: J|Iron Head|p2a: Articuno\n|-damage|p2a: Articuno|48\/100\n|move|p2a: Articuno|Shadow Ball|p1a: J\n|-damage|p1a: J|31\/100\n|\n|-weather|Sandstorm|[upkeep]\n|-damage|p2a: Articuno|42\/100|[from] Sandstorm\n|upkeep\n|turn|5\n|inactive|bronze odyssey fan has 120 seconds left.\n|\n|t:|1701038330\n|move|p1a: J|Iron Head|p2a: Articuno\n|-damage|p2a: Articuno|0 fnt\n|faint|p2a: Articuno\n|\n|-weather|Sandstorm|[upkeep]\n|upkeep\n|\n|t:|1701038336\n|switch|p2a: Heatran|Heatran, M|100\/100\n|turn|6\n|\n|t:|1701038340\n|switch|p1a: U|Urshifu-Rapid-Strike, M|100\/100\n|move|p2a: Heatran|Magma Storm|p1a: U\n|-resisted|p1a: U\n|-damage|p1a: U|55\/100\n|-activate|p1a: U|move: Magma Storm|[of] p2a: Heatran\n|\n|-weather|none\n|-damage|p1a: U|43\/100|[from] move: Magma Storm|[partiallytrapped]\n|upkeep\n|turn|7\n|\n|t:|1701038356\n|switch|p2a: Skarmory|Skarmory, F|100\/100\n|move|p1a: U|Surging Strikes|p2a: Skarmory\n|-crit|p2a: Skarmory\n|-damage|p2a: Skarmory|76\/100\n|-crit|p2a: Skarmory\n|-damage|p2a: Skarmory|54\/100\n|-crit|p2a: Skarmory\n|-damage|p2a: Skarmory|29\/100\n|-hitcount|p2a: Skarmory|3\n|\n|-heal|p2a: Skarmory|35\/100|[from] item: Leftovers\n|-end|p1a: U|Magma Storm|[partiallytrapped]|[silent]\n|upkeep\n|turn|8\n|\n|t:|1701038367\n|move|p1a: U|Surging Strikes|p2a: Skarmory\n|-crit|p2a: Skarmory\n|-damage|p2a: Skarmory|12\/100\n|-crit|p2a: Skarmory\n|-damage|p2a: Skarmory|0 fnt\n|faint|p2a: Skarmory\n|-hitcount|p2: Skarmory|2\n|\n|upkeep\n|\n|t:|1701038374\n|switch|p2a: Lopunny|Lopunny, F|100\/100\n|turn|9\n|inactive|bronze odyssey fan has 120 seconds left.\n|\n|t:|1701038395\n|switch|p1a: N|Necrozma|100\/100\n|move|p2a: Lopunny|Fake Out|p1a: N\n|-damage|p1a: N|84\/100\n|\n|-heal|p1a: N|91\/100|[from] item: Leftovers\n|upkeep\n|turn|10\n|inactive|bronze odyssey fan has 120 seconds left.\n|\n|t:|1701038407\n|move|p2a: Lopunny|Frustration|p1a: N\n|-damage|p1a: N|53\/100\n|move|p1a: N|Dragon Dance|p1a: N\n|-boost|p1a: N|atk|1\n|-boost|p1a: N|spe|1\n|\n|-heal|p1a: N|59\/100|[from] item: Leftovers\n|upkeep\n|turn|11\n|inactive|bronze odyssey fan has 120 seconds left.\n|\n|t:|1701038424\n|switch|p2a: Heatran|Heatran, M|100\/100\n|move|p1a: N|Photon Geyser|p2a: Heatran\n|-resisted|p2a: Heatran\n|-damage|p2a: Heatran|73\/100\n|\n|-heal|p1a: N|66\/100|[from] item: Leftovers\n|-heal|p2a: Heatran|79\/100|[from] item: Leftovers\n|upkeep\n|turn|12\n|inactive|bronze odyssey fan has 120 seconds left.\n|\n|t:|1701038442\n|move|p1a: N|Outrage|p2a: Heatran\n|-resisted|p2a: Heatran\n|-damage|p2a: Heatran|58\/100\n|move|p2a: Heatran|Magma Storm|p1a: N\n|-damage|p1a: N|6\/100\n|-activate|p1a: N|move: Magma Storm|[of] p2a: Heatran\n|\n|-heal|p1a: N|12\/100|[from] item: Leftovers\n|-heal|p2a: Heatran|64\/100|[from] item: Leftovers\n|-damage|p1a: N|0 fnt|[from] move: Magma Storm|[partiallytrapped]\n|faint|p1a: N\n|upkeep\n|\n|t:|1701038457\n|switch|p1a: U|Urshifu-Rapid-Strike, M|43\/100\n|turn|13\n|\n|t:|1701038463\n|-terastallize|p2a: Heatran|Water\n|move|p1a: U|Close Combat|p2a: Heatran\n|-damage|p2a: Heatran|0 fnt\n|-unboost|p1a: U|def|1\n|-unboost|p1a: U|spd|1\n|faint|p2a: Heatran\n|\n|upkeep\n|\n|t:|1701038470\n|switch|p2a: Lopunny|Lopunny, F|100\/100\n|turn|14\n|inactive|bronze odyssey fan has 120 seconds left.\n|\n|t:|1701038476\n|detailschange|p2a: Lopunny|Lopunny-Mega, F\n|-mega|p2a: Lopunny|Lopunny|Lopunnite\n|move|p2a: Lopunny|Fake Out|p1a: U\n|-damage|p1a: U|8\/100\n|cant|p1a: U|flinch\n|\n|upkeep\n|turn|15\n|\n|t:|1701038483\n|move|p2a: Lopunny|Frustration|p1a: U\n|-damage|p1a: U|0 fnt\n|faint|p1a: U\n|\n|upkeep\n|\n|t:|1701038489\n|switch|p1a: A|Altaria, M|100\/100\n|turn|16\n|\n|t:|1701038504\n|detailschange|p1a: A|Altaria-Mega, M\n|-mega|p1a: A|Altaria|Altarianite\n|move|p2a: Lopunny|Triple Axel|p1a: A|[miss]\n|-miss|p2a: Lopunny|p1a: A\n|move|p1a: A|Dragon Dance|p1a: A\n|-boost|p1a: A|atk|1\n|-boost|p1a: A|spe|1\n|\n|upkeep\n|turn|17\n|c|\u2606Manteiga_v|Bruh\n|\n|t:|1701038514\n|move|p1a: A|Dual Wingbeat|p2a: Lopunny\n|-supereffective|p2a: Lopunny\n|-damage|p2a: Lopunny|57\/100\n|-supereffective|p2a: Lopunny\n|-damage|p2a: Lopunny|11\/100\n|-hitcount|p2a: Lopunny|2\n|move|p2a: Lopunny|Triple Axel|p1a: A|[miss]\n|-miss|p2a: Lopunny|p1a: A\n|\n|upkeep\n|turn|18\n|c|\u2606bronze odyssey fan|I got lucky\n|c|\u2606Manteiga_v|\ud83d\ude10\n|inactive|bronze odyssey fan has 120 seconds left.\n|c|\u2606bronze odyssey fan|This is for my gf after all\n|\n|t:|1701038539\n|move|p1a: A|Dual Wingbeat|p2a: Lopunny\n|-supereffective|p2a: Lopunny\n|-damage|p2a: Lopunny|0 fnt\n|faint|p2a: Lopunny\n|-hitcount|p2: Lopunny|1\n|\n|upkeep\n|\n|t:|1701038544\n|switch|p2a: Toxicroak|Toxicroak, F|100\/100\n|turn|19\n|\n|t:|1701038549\n|move|p1a: A|Dual Wingbeat|p2a: Toxicroak\n|-supereffective|p2a: Toxicroak\n|-damage|p2a: Toxicroak|49\/100\n|-supereffective|p2a: Toxicroak\n|-damage|p2a: Toxicroak|0 fnt\n|faint|p2a: Toxicroak\n|-hitcount|p2: Toxicroak|2\n|\n|win|bronze odyssey fan\n|raw|bronze odyssey fan's rating: 1108 &rarr; <strong>1140<\/strong><br \/>(+32 for winning)\n|raw|Manteiga_v's rating: 1215 &rarr; <strong>1183<\/strong><br \/>(-32 for losing)\n|c|\u2606bronze odyssey fan|Gg wp\n|c|\u2606Manteiga_v|Gg ep\n|c|\u2606Manteiga_v|Wp*\n","uploadtime":1701038566,"views":8,"p1id":"bronzeodysseyfan","p2id":"manteigav","formatid":"gen9nationaldex","rating":1140,"private":0,"password":""}