{"id":"gen9nationaldex-1999990249","p1":"eileenr","p2":"Samcanman","format":"[Gen 9] National Dex","log":"|html|<div class=\"broadcast-blue\"><strong>[Gen 9] National Dex is currently suspecting Sneasler! For information on how to participate check out the <a href=\"https:\/\/www.smogon.com\/forums\/threads\/sv-national-dex-suspect-8-just-dance.3731534\/\">suspect thread<\/a>.<\/strong><\/div>\n|j|\u2606eileenr\n|j|\u2606Samcanman\n|t:|1701138373\n|gametype|singles\n|player|p1|eileenr|maid|1168\n|player|p2|Samcanman|acetrainer-gen4dp|1138\n|teamsize|p1|6\n|teamsize|p2|6\n|gen|9\n|tier|[Gen 9] National Dex\n|rated|\n|rule|HP Percentage Mod: HP is shown in percentages\n|rule|Endless Battle Clause: Forcing endless battles is banned\n|rule|OHKO Clause: OHKO moves are banned\n|rule|Evasion Clause: Evasion abilities, items, and moves are banned\n|rule|Evasion Abilities Clause: Evasion abilities are banned\n|rule|Evasion Items Clause: Evasion items are banned\n|rule|Evasion Moves Clause: Evasion moves are banned\n|rule|Species Clause: Limit one of each Pok\u00e9mon\n|rule|Sleep Clause Mod: Limit one foe put to sleep\n|clearpoke\n|poke|p1|Dhelmise|\n|poke|p1|Druddigon, F|\n|poke|p1|Stunfisk, F|\n|poke|p1|Crawdaunt, F|\n|poke|p1|Espeon, M|\n|poke|p1|Noivern, F|\n|poke|p2|Iron Moth|\n|poke|p2|Ninetales-Alola, M|\n|poke|p2|Urshifu-*, F|\n|poke|p2|Aerodactyl, M|\n|poke|p2|Bellibolt, M|\n|poke|p2|Krookodile, F|\n|teampreview\n|inactive|Battle timer is ON: inactive players will automatically lose when time's up. (requested by eileenr)\n|\n|t:|1701138377\n|start\n|switch|p1a: Druddigon|Druddigon, F|100\/100\n|switch|p2a: Urshifu|Urshifu-Rapid-Strike, F|100\/100\n|turn|1\n|\n|t:|1701138385\n|move|p2a: Urshifu|U-turn|p1a: Druddigon\n|-damage|p1a: Druddigon|73\/100\n|\n|t:|1701138389\n|switch|p2a: Aerodactyl|Aerodactyl, M|100\/100|[from] U-turn\n|move|p1a: Druddigon|Stealth Rock|p2a: Aerodactyl\n|-sidestart|p2: Samcanman|move: Stealth Rock\n|\n|upkeep\n|turn|2\n|\n|t:|1701138395\n|detailschange|p2a: Aerodactyl|Aerodactyl-Mega, M\n|-mega|p2a: Aerodactyl|Aerodactyl|Aerodactylite\n|move|p2a: Aerodactyl|Ice Fang|p1a: Druddigon\n|-supereffective|p1a: Druddigon\n|-damage|p1a: Druddigon|5\/100\n|-damage|p2a: Aerodactyl|84\/100|[from] item: Rocky Helmet|[of] p1a: Druddigon\n|move|p1a: Druddigon|Dragon Tail|p2a: Aerodactyl\n|-damage|p2a: Aerodactyl|47\/100\n|drag|p2a: Krookodile|Krookodile, F|100\/100\n|-damage|p2a: Krookodile|94\/100|[from] Stealth Rock\n|\n|upkeep\n|turn|3\n|\n|t:|1701138405\n|move|p2a: Krookodile|Earthquake|p1a: Druddigon\n|-damage|p1a: Druddigon|0 fnt\n|faint|p1a: Druddigon\n|\n|upkeep\n|\n|t:|1701138421\n|switch|p1a: Crawdaunt|Crawdaunt, F|100\/100\n|turn|4\n|\n|t:|1701138425\n|-terastallize|p2a: Krookodile|Dark\n|move|p2a: Krookodile|Earthquake|p1a: Crawdaunt\n|-damage|p1a: Crawdaunt|27\/100\n|move|p1a: Crawdaunt|Swords Dance|p1a: Crawdaunt\n|-boost|p1a: Crawdaunt|atk|2\n|\n|upkeep\n|turn|5\n|\n|t:|1701138436\n|move|p2a: Krookodile|Earthquake|p1a: Crawdaunt\n|-damage|p1a: Crawdaunt|0 fnt\n|faint|p1a: Crawdaunt\n|\n|upkeep\n|\n|t:|1701138445\n|switch|p1a: Noivern|Noivern, F|100\/100\n|turn|6\n|\n|t:|1701138458\n|-terastallize|p1a: Noivern|Normal\n|move|p1a: Noivern|Boomburst|p2a: Krookodile\n|-damage|p2a: Krookodile|0 fnt\n|faint|p2a: Krookodile\n|\n|upkeep\n|\n|t:|1701138472\n|switch|p2a: Bellibolt|Bellibolt, M|100\/100\n|turn|7\n|\n|t:|1701138477\n|move|p1a: Noivern|Boomburst|p2a: Bellibolt\n|-damage|p2a: Bellibolt|0 fnt\n|faint|p2a: Bellibolt\n|\n|upkeep\n|\n|t:|1701138484\n|switch|p2a: Ninetales|Ninetales-Alola, M|100\/100\n|-damage|p2a: Ninetales|75\/100|[from] Stealth Rock\n|-weather|Snow|[from] ability: Snow Warning|[of] p2a: Ninetales\n|turn|8\n|\n|t:|1701138490\n|move|p1a: Noivern|Boomburst|p2a: Ninetales\n|-damage|p2a: Ninetales|0 fnt\n|faint|p2a: Ninetales\n|\n|-weather|Snow|[upkeep]\n|upkeep\n|\n|t:|1701138495\n|switch|p2a: Iron Moth|Iron Moth|100\/100\n|-damage|p2a: Iron Moth|76\/100|[from] Stealth Rock\n|-enditem|p2a: Iron Moth|Booster Energy\n|-activate|p2a: Iron Moth|ability: Quark Drive|[fromitem]\n|-start|p2a: Iron Moth|quarkdrivespa\n|turn|9\n|\n|t:|1701138502\n|move|p1a: Noivern|Boomburst|p2a: Iron Moth\n|-damage|p2a: Iron Moth|0 fnt\n|faint|p2a: Iron Moth\n|-end|p2a: Iron Moth|Quark Drive|[silent]\n|\n|-weather|Snow|[upkeep]\n|upkeep\n|\n|t:|1701138507\n|switch|p2a: Urshifu|Urshifu-Rapid-Strike, F|100\/100\n|-damage|p2a: Urshifu|94\/100|[from] Stealth Rock\n|turn|10\n|\n|t:|1701138511\n|move|p2a: Urshifu|Aqua Jet|p1a: Noivern\n|-damage|p1a: Noivern|70\/100\n|move|p1a: Noivern|Boomburst|p2a: Urshifu\n|-damage|p2a: Urshifu|0 fnt\n|faint|p2a: Urshifu\n|\n|-weather|Snow|[upkeep]\n|upkeep\n|\n|t:|1701138518\n|switch|p2a: Aerodactyl|Aerodactyl-Mega, M|47\/100\n|-damage|p2a: Aerodactyl|22\/100|[from] Stealth Rock\n|turn|11\n|\n|t:|1701138522\n|move|p2a: Aerodactyl|Ice Fang|p1a: Noivern\n|-damage|p1a: Noivern|31\/100\n|move|p1a: Noivern|Boomburst|p2a: Aerodactyl\n|-resisted|p2a: Aerodactyl\n|-damage|p2a: Aerodactyl|0 fnt\n|faint|p2a: Aerodactyl\n|\n|win|eileenr\n|raw|eileenr's rating: 1168 &rarr; <strong>1191<\/strong><br \/>(+23 for winning)\n|raw|Samcanman's rating: 1138 &rarr; <strong>1115<\/strong><br \/>(-23 for losing)\n","uploadtime":1701138532,"views":1,"p1id":"eileenr","p2id":"samcanman","formatid":"gen9nationaldex","rating":1115,"private":0,"password":""}