{"id":"gen9nationaldex-1998262425","p1":"YaBoiCrim","p2":"eris52","format":"[Gen 9] National Dex","log":"|html|<div class=\"broadcast-blue\"><strong>[Gen 9] National Dex is currently suspecting Sneasler! For information on how to participate check out the <a href=\"https:\/\/www.smogon.com\/forums\/threads\/sv-national-dex-suspect-8-just-dance.3731534\/\">suspect thread<\/a>.<\/strong><\/div>\n|j|\u2606YaBoiCrim\n|j|\u2606eris52\n|t:|1700921614\n|gametype|singles\n|player|p1|YaBoiCrim|riley|\n|player|p2|eris52|170|\n|teamsize|p1|6\n|teamsize|p2|6\n|gen|9\n|tier|[Gen 9] National Dex\n|rule|HP Percentage Mod: HP is shown in percentages\n|rule|Endless Battle Clause: Forcing endless battles is banned\n|rule|OHKO Clause: OHKO moves are banned\n|rule|Evasion Clause: Evasion abilities, items, and moves are banned\n|rule|Evasion Abilities Clause: Evasion abilities are banned\n|rule|Evasion Items Clause: Evasion items are banned\n|rule|Evasion Moves Clause: Evasion moves are banned\n|rule|Species Clause: Limit one of each Pok\u00e9mon\n|rule|Sleep Clause Mod: Limit one foe put to sleep\n|clearpoke\n|poke|p1|Sableye, M|\n|poke|p1|Froslass, F|\n|poke|p1|Oricorio-Sensu, F|\n|poke|p1|Gengar, M|\n|poke|p1|Zoroark-Hisui, M|\n|poke|p1|Banette, F|\n|poke|p2|Scovillain, F|\n|poke|p2|Torkoal, M|\n|poke|p2|Great Tusk|\n|poke|p2|Houndoom, M|\n|poke|p2|Tapu Lele|\n|poke|p2|Rotom-Wash|\n|teampreview\n|c|\u2606YaBoiCrim|gl\n|c|\u2606YaBoiCrim|hf\n|c|\u2606eris52|you yoo\n|c|\u2606eris52|You too\n|j| TexanFarmersMarket\n|\n|t:|1700921641\n|start\n|switch|p1a: Froslass|Froslass, F|100\/100\n|switch|p2a: Torkoal|Torkoal, M|100\/100\n|-weather|SunnyDay|[from] ability: Drought|[of] p2a: Torkoal\n|turn|1\n|\n|t:|1700921647\n|move|p1a: Froslass|Taunt|p2a: Torkoal\n|-start|p2a: Torkoal|move: Taunt\n|cant|p2a: Torkoal|move: Taunt|Yawn\n|\n|-weather|SunnyDay|[upkeep]\n|upkeep\n|turn|2\n|\n|t:|1700921654\n|move|p1a: Froslass|Spikes|p2a: Torkoal\n|-sidestart|p2: eris52|Spikes\n|move|p2a: Torkoal|Lava Plume|p1a: Froslass\n|-supereffective|p1a: Froslass\n|-enditem|p1a: Froslass|Focus Sash\n|-damage|p1a: Froslass|1\/100\n|\n|-weather|SunnyDay|[upkeep]\n|upkeep\n|turn|3\n|\n|t:|1700921659\n|move|p1a: Froslass|Destiny Bond|p1a: Froslass\n|-singlemove|p1a: Froslass|Destiny Bond\n|move|p2a: Torkoal|Lava Plume|p1a: Froslass\n|-supereffective|p1a: Froslass\n|-damage|p1a: Froslass|0 fnt\n|faint|p1a: Froslass\n|-activate|p1a: Froslass|move: Destiny Bond\n|faint|p2a: Torkoal\n|\n|-weather|SunnyDay|[upkeep]\n|upkeep\n|\n|t:|1700921693\n|switch|p1a: Banette|Banette, F, shiny|100\/100\n|switch|p2a: Scovillain|Scovillain, F|100\/100\n|-damage|p2a: Scovillain|88\/100|[from] Spikes\n|-item|p2a: Scovillain|Life Orb|[from] ability: Frisk|[of] p1a: Banette|[identify]\n|turn|4\n|c|\u2606eris52|I sure this is my first time seeing this shit\n|\n|t:|1700921702\n|detailschange|p1a: Banette|Banette-Mega, F, shiny\n|-mega|p1a: Banette|Banette|Banettite\n|move|p1a: Banette|Destiny Bond|p1a: Banette\n|-singlemove|p1a: Banette|Destiny Bond\n|move|p2a: Scovillain|Fire Blast|p1a: Banette\n|-damage|p1a: Banette|0 fnt\n|faint|p1a: Banette\n|-activate|p1a: Banette|move: Destiny Bond\n|faint|p2a: Scovillain\n|\n|-weather|SunnyDay|[upkeep]\n|upkeep\n|\n|t:|1700921711\n|switch|p2a: Tapu Lele|Tapu Lele|100\/100\n|switch|p1a: Oricorio|Oricorio-Sensu, F, shiny|100\/100\n|-damage|p2a: Tapu Lele|88\/100|[from] Spikes\n|-fieldstart|move: Psychic Terrain|[from] ability: Psychic Surge|[of] p2a: Tapu Lele\n|turn|5\n|c|\u2606eris52|Can i use tera\n|c|\u2606eris52|I was wondering\n|c|\u2606YaBoiCrim|yes\n|\n|t:|1700921741\n|-terastallize|p2a: Tapu Lele|Psychic\n|move|p2a: Tapu Lele|Psyshock|p1a: Oricorio\n|-enditem|p1a: Oricorio|Focus Sash\n|-damage|p1a: Oricorio|1\/100\n|move|p1a: Oricorio|Quiver Dance|p1a: Oricorio\n|-boost|p1a: Oricorio|spa|1\n|-boost|p1a: Oricorio|spd|1\n|-boost|p1a: Oricorio|spe|1\n|\n|-weather|SunnyDay|[upkeep]\n|upkeep\n|turn|6\n|\n|t:|1700921746\n|move|p2a: Tapu Lele|Psyshock|p1a: Oricorio\n|-damage|p1a: Oricorio|0 fnt\n|faint|p1a: Oricorio\n|\n|-weather|SunnyDay|[upkeep]\n|upkeep\n|c|\u2606YaBoiCrim|dang ight mr sash\n|\n|t:|1700921758\n|switch|p1a: Gengar|Gengar, M, shiny|100\/100\n|turn|7\n|\n|t:|1700921761\n|move|p1a: Gengar|Shadow Ball|p2a: Tapu Lele\n|-supereffective|p2a: Tapu Lele\n|-damage|p2a: Tapu Lele|2\/100\n|move|p2a: Tapu Lele|Psyshock|p1a: Gengar\n|-supereffective|p1a: Gengar\n|-damage|p1a: Gengar|0 fnt\n|-start|p2a: Tapu Lele|Disable|Psyshock|[from] ability: Cursed Body|[of] p1a: Gengar\n|faint|p1a: Gengar\n|\n|-weather|SunnyDay|[upkeep]\n|upkeep\n|\n|t:|1700921768\n|switch|p1a: Sableye|Sableye, M, shiny|100\/100\n|turn|8\n|\n|t:|1700921780\n|move|p1a: Sableye|Will-O-Wisp|p2a: Tapu Lele\n|-activate|p2a: Tapu Lele|move: Psychic Terrain\n|-activate|p2a: Tapu Lele|move: Struggle\n|move|p2a: Tapu Lele|Struggle|p1a: Sableye\n|-damage|p1a: Sableye|91\/100\n|-damage|p2a: Tapu Lele|0 fnt|[from] recoil\n|faint|p2a: Tapu Lele\n|\n|-weather|none\n|upkeep\n|\n|t:|1700921786\n|switch|p2a: Houndoom|Houndoom, M|100\/100\n|-damage|p2a: Houndoom|88\/100|[from] Spikes\n|turn|9\n|\n|t:|1700921792\n|detailschange|p2a: Houndoom|Houndoom-Mega, M\n|-mega|p2a: Houndoom|Houndoom|Houndoominite\n|move|p1a: Sableye|Thunder Wave|p2a: Houndoom\n|-activate|p2a: Houndoom|move: Psychic Terrain\n|move|p2a: Houndoom|Nasty Plot|p2a: Houndoom\n|-boost|p2a: Houndoom|spa|2\n|\n|-fieldend|move: Psychic Terrain\n|upkeep\n|turn|10\n|\n|t:|1700921799\n|move|p1a: Sableye|Encore|p2a: Houndoom\n|-hint|Since gen 7, Dark is immune to Prankster moves.\n|-immune|p2a: Houndoom\n|move|p2a: Houndoom|Flamethrower|p1a: Sableye\n|-damage|p1a: Sableye|0 fnt\n|faint|p1a: Sableye\n|\n|upkeep\n|c|\u2606YaBoiCrim|i hate my life\n|\n|t:|1700921807\n|switch|p1a: Zoroark|Zoroark-Hisui, M, shiny|100\/100\n|turn|11\n|\n|t:|1700921814\n|move|p2a: Houndoom|Flamethrower|p1a: Zoroark\n|-damage|p1a: Zoroark|0 fnt\n|faint|p1a: Zoroark\n|\n|win|eris52\n|c|\u2606YaBoiCrim|gg\n|c|\u2606eris52|Gg\n","uploadtime":1700921824,"views":1,"p1id":"yaboicrim","p2id":"eris52","formatid":"gen9nationaldex","rating":0,"private":0,"password":""}