{"id":"gen9nationaldex-1988060423","p1":"BriefStar","p2":"PyroGaleZX","format":"[Gen 9] National Dex","log":"|j|\u2606BriefStar\n|j|\u2606PyroGaleZX\n|t:|1699664690\n|gametype|singles\n|player|p1|BriefStar|benga|\n|player|p2|PyroGaleZX|grusha|\n|teamsize|p1|6\n|teamsize|p2|6\n|gen|9\n|tier|[Gen 9] National Dex\n|rule|HP Percentage Mod: HP is shown in percentages\n|rule|Endless Battle Clause: Forcing endless battles is banned\n|rule|OHKO Clause: OHKO moves are banned\n|rule|Evasion Clause: Evasion abilities, items, and moves are banned\n|rule|Evasion Abilities Clause: Evasion abilities are banned\n|rule|Evasion Items Clause: Evasion items are banned\n|rule|Evasion Moves Clause: Evasion moves are banned\n|rule|Species Clause: Limit one of each Pok\u00e9mon\n|rule|Sleep Clause Mod: Limit one foe put to sleep\n|clearpoke\n|poke|p1|Torkoal, F|\n|poke|p1|Tinkaton, F|\n|poke|p1|Bellibolt, M|\n|poke|p1|Mismagius, M|\n|poke|p1|Charizard, F|\n|poke|p1|Fraxure, F|\n|poke|p2|Samurott-Hisui, M|\n|poke|p2|Enamorus-Therian, F|\n|poke|p2|Arcanine, F|\n|poke|p2|Umbreon, M|\n|poke|p2|Spiritomb, M|\n|poke|p2|Pawmo, M|\n|teampreview\n|\n|t:|1699664732\n|start\n|switch|p1a: Donny|Torkoal, F|100\/100\n|switch|p2a: Samurott|Samurott-Hisui, M|100\/100\n|-weather|SunnyDay|[from] ability: Drought|[of] p1a: Donny\n|turn|1\n|\n|t:|1699664743\n|-terastallize|p1a: Donny|Water\n|move|p2a: Samurott|Ceaseless Edge|p1a: Donny\n|-damage|p1a: Donny|66\/100\n|-sidestart|p1: BriefStar|Spikes\n|move|p1a: Donny|Stealth Rock|p2a: Samurott\n|-sidestart|p2: PyroGaleZX|move: Stealth Rock\n|\n|-weather|SunnyDay|[upkeep]\n|upkeep\n|turn|2\n|\n|t:|1699664750\n|move|p2a: Samurott|Ceaseless Edge|p1a: Donny\n|-damage|p1a: Donny|30\/100\n|-sidestart|p1: BriefStar|Spikes\n|move|p1a: Donny|Rapid Spin|p2a: Samurott\n|-damage|p2a: Samurott|90\/100\n|-boost|p1a: Donny|spe|1\n|-sideend|p1: BriefStar|Spikes|[from] move: Rapid Spin|[of] p1a: Donny\n|\n|-weather|SunnyDay|[upkeep]\n|upkeep\n|turn|3\n|\n|t:|1699664771\n|switch|p1a: Get in MY BELLY|Bellibolt, M|100\/100\n|move|p2a: Samurott|Ceaseless Edge|p1a: Get in MY BELLY\n|-damage|p1a: Get in MY BELLY|62\/100\n|-start|p1a: Get in MY BELLY|Charge|Ceaseless Edge|[from] ability: Electromorphosis\n|-sidestart|p1: BriefStar|Spikes\n|\n|-weather|SunnyDay|[upkeep]\n|upkeep\n|turn|4\n|\n|t:|1699664782\n|move|p2a: Samurott|Ceaseless Edge|p1a: Get in MY BELLY\n|-damage|p1a: Get in MY BELLY|18\/100\n|-start|p1a: Get in MY BELLY|Charge|Ceaseless Edge|[from] ability: Electromorphosis\n|-sidestart|p1: BriefStar|Spikes\n|move|p1a: Get in MY BELLY|Volt Switch|p2a: Samurott\n|-supereffective|p2a: Samurott\n|-damage|p2a: Samurott|0 fnt\n|faint|p2a: Samurott\n|-end|p1a: Get in MY BELLY|Charge|[silent]\n|\n|t:|1699664791\n|switch|p1a: Donny|Torkoal, F, tera:Water|30\/100|[from] Volt Switch\n|-damage|p1a: Donny|13\/100|[from] Spikes\n|\n|-weather|SunnyDay|[upkeep]\n|upkeep\n|\n|t:|1699664802\n|switch|p2a: Pawmo|Pawmo, M|100\/100\n|-damage|p2a: Pawmo|94\/100|[from] Stealth Rock\n|turn|5\n|\n|t:|1699664809\n|switch|p1a: Magic|Mismagius, M|100\/100\n|move|p2a: Pawmo|Fake Out|p1a: Magic\n|-immune|p1a: Magic\n|\n|-weather|SunnyDay|[upkeep]\n|upkeep\n|turn|6\n|\n|t:|1699664818\n|move|p1a: Magic|Nasty Plot|p1a: Magic\n|-boost|p1a: Magic|spa|2\n|move|p2a: Pawmo|Volt Switch|p1a: Magic\n|-damage|p1a: Magic|85\/100\n|\n|t:|1699664826\n|switch|p2a: Arcanine|Arcanine, F|100\/100|[from] Volt Switch\n|-ability|p2a: Arcanine|Intimidate|boost\n|-unboost|p1a: Magic|atk|1\n|\n|-weather|SunnyDay|[upkeep]\n|upkeep\n|turn|7\n|\n|t:|1699664835\n|move|p1a: Magic|Shadow Ball|p2a: Arcanine\n|-damage|p2a: Arcanine|0 fnt\n|faint|p2a: Arcanine\n|-damage|p1a: Magic|75\/100|[from] item: Life Orb\n|\n|-weather|SunnyDay|[upkeep]\n|upkeep\n|\n|t:|1699664876\n|switch|p2a: Enamorus|Enamorus-Therian, F|100\/100\n|-damage|p2a: Enamorus|76\/100|[from] Stealth Rock\n|turn|8\n|\n|t:|1699664881\n|move|p1a: Magic|Shadow Ball|p2a: Enamorus\n|-damage|p2a: Enamorus|0 fnt\n|faint|p2a: Enamorus\n|-damage|p1a: Magic|65\/100|[from] item: Life Orb\n|\n|-weather|none\n|upkeep\n|\n|t:|1699664884\n|switch|p2a: Umbreon|Umbreon, M|100\/100\n|-damage|p2a: Umbreon|88\/100|[from] Stealth Rock\n|turn|9\n|\n|t:|1699664890\n|move|p1a: Magic|Dazzling Gleam|p2a: Umbreon\n|-supereffective|p2a: Umbreon\n|-damage|p2a: Umbreon|24\/100\n|-damage|p1a: Magic|55\/100|[from] item: Life Orb\n|move|p2a: Umbreon|Foul Play|p1a: Magic\n|-supereffective|p1a: Magic\n|-damage|p1a: Magic|18\/100\n|\n|-heal|p2a: Umbreon|30\/100|[from] item: Leftovers\n|upkeep\n|turn|10\n|\n|t:|1699664898\n|move|p1a: Magic|Dazzling Gleam|p2a: Umbreon\n|-supereffective|p2a: Umbreon\n|-damage|p2a: Umbreon|0 fnt\n|faint|p2a: Umbreon\n|-damage|p1a: Magic|8\/100|[from] item: Life Orb\n|\n|upkeep\n|\n|t:|1699664901\n|switch|p2a: Spiritomb|Spiritomb, M, shiny|100\/100\n|turn|11\n|\n|t:|1699664907\n|switch|p2a: Pawmo|Pawmo, M|94\/100\n|-damage|p2a: Pawmo|88\/100|[from] Stealth Rock\n|move|p1a: Magic|Dazzling Gleam|p2a: Pawmo\n|-supereffective|p2a: Pawmo\n|-damage|p2a: Pawmo|0 fnt\n|faint|p2a: Pawmo\n|-damage|p1a: Magic|0 fnt|[from] item: Life Orb\n|faint|p1a: Magic\n|\n|upkeep\n|\n|t:|1699664917\n|switch|p1a: Donny|Torkoal, F, tera:Water|13\/100\n|switch|p2a: Spiritomb|Spiritomb, M, shiny|100\/100\n|-damage|p1a: Donny|0 fnt|[from] Spikes\n|faint|p1a: Donny\n|\n|t:|1699664929\n|switch|p1a: Charizard|Charizard, F, shiny|100\/100\n|turn|12\n|\n|t:|1699664940\n|move|p1a: Charizard|Flamethrower|p2a: Spiritomb\n|-damage|p2a: Spiritomb|35\/100\n|move|p2a: Spiritomb|Calm Mind|p2a: Spiritomb\n|-boost|p2a: Spiritomb|spa|1\n|-boost|p2a: Spiritomb|spd|1\n|\n|upkeep\n|turn|13\n|\n|t:|1699664946\n|move|p1a: Charizard|Flamethrower|p2a: Spiritomb\n|-damage|p2a: Spiritomb|0 fnt\n|faint|p2a: Spiritomb\n|\n|win|BriefStar\n","uploadtime":1699664952,"views":4,"p1id":"briefstar","p2id":"pyrogalezx","formatid":"gen9nationaldex","rating":0,"private":0,"password":""}