{"id":"gen9nationaldex-1998517414","p1":"imbwc","p2":"Keanmon","format":"[Gen 9] National Dex","log":"|html|<div class=\"broadcast-blue\"><strong>[Gen 9] National Dex is currently suspecting Sneasler! For information on how to participate check out the <a href=\"https:\/\/www.smogon.com\/forums\/threads\/sv-national-dex-suspect-8-just-dance.3731534\/\">suspect thread<\/a>.<\/strong><\/div>\n|j|\u2606imbwc\n|j|\u2606Keanmon\n|t:|1700951329\n|gametype|singles\n|player|p1|imbwc|poppy|1162\n|player|p2|Keanmon|rood|1140\n|teamsize|p1|6\n|teamsize|p2|6\n|gen|9\n|tier|[Gen 9] National Dex\n|rated|\n|rule|HP Percentage Mod: HP is shown in percentages\n|rule|Endless Battle Clause: Forcing endless battles is banned\n|rule|OHKO Clause: OHKO moves are banned\n|rule|Evasion Clause: Evasion abilities, items, and moves are banned\n|rule|Evasion Abilities Clause: Evasion abilities are banned\n|rule|Evasion Items Clause: Evasion items are banned\n|rule|Evasion Moves Clause: Evasion moves are banned\n|rule|Species Clause: Limit one of each Pok\u00e9mon\n|rule|Sleep Clause Mod: Limit one foe put to sleep\n|clearpoke\n|poke|p1|Moltres|\n|poke|p1|Necrozma|\n|poke|p1|Zamazenta-*|\n|poke|p1|Zangoose, F|\n|poke|p1|Ribombee, F|\n|poke|p1|Zoroark-Hisui, M|\n|poke|p2|Cloyster, M|\n|poke|p2|Forretress, M|\n|poke|p2|Solrock|\n|poke|p2|Glalie, M|\n|poke|p2|Ferrothorn, M|\n|poke|p2|Carbink|\n|teampreview\n|j| TheStroker\n|j| kung fu pokechu\n|c|\u2606Keanmon|Glhf\n|c| TheStroker|thanks\n|\n|t:|1700951377\n|start\n|switch|p1a: Miss|Zamazenta|100\/100\n|switch|p2a: Geoshine|Solrock|100\/100\n|turn|1\n|inactive|Battle timer is ON: inactive players will automatically lose when time's up. (requested by Keanmon)\n|\n|t:|1700951385\n|move|p2a: Geoshine|Zen Headbutt|p1a: Miss\n|-damage|p1a: Miss|41\/100\n|replace|p1a: Mangriff at home|Zoroark-Hisui, M\n|-end|p1a: Mangriff at home|Illusion\n|move|p1a: Mangriff at home|Nasty Plot|p1a: Mangriff at home\n|-boost|p1a: Mangriff at home|spa|2\n|\n|upkeep\n|turn|2\n|\n|t:|1700951393\n|move|p2a: Geoshine|Zen Headbutt|p1a: Mangriff at home\n|-damage|p1a: Mangriff at home|0 fnt\n|faint|p1a: Mangriff at home\n|\n|upkeep\n|\n|t:|1700951407\n|switch|p1a: PRISMED|Necrozma|100\/100\n|turn|3\n|\n|t:|1700951412\n|switch|p2a: Comastone|Carbink|100\/100\n|move|p1a: PRISMED|Dragon Dance|p1a: PRISMED\n|-boost|p1a: PRISMED|atk|1\n|-boost|p1a: PRISMED|spe|1\n|\n|upkeep\n|turn|4\n|\n|t:|1700951423\n|move|p1a: PRISMED|Earthquake|p2a: Comastone\n|-supereffective|p2a: Comastone\n|-damage|p2a: Comastone|23\/100\n|-enditem|p2a: Comastone|Sitrus Berry|[eat]\n|-heal|p2a: Comastone|48\/100|[from] item: Sitrus Berry\n|move|p2a: Comastone|Calm Mind|p2a: Comastone\n|-boost|p2a: Comastone|spa|1\n|-boost|p2a: Comastone|spd|1\n|\n|upkeep\n|turn|5\n|\n|t:|1700951434\n|switch|p2a: Geoshine|Solrock|100\/100\n|move|p1a: PRISMED|Dragon Dance|p1a: PRISMED\n|-boost|p1a: PRISMED|atk|1\n|-boost|p1a: PRISMED|spe|1\n|\n|upkeep\n|turn|6\n|\n|t:|1700951439\n|move|p1a: PRISMED|Dragon Dance|p1a: PRISMED\n|-boost|p1a: PRISMED|atk|1\n|-boost|p1a: PRISMED|spe|1\n|move|p2a: Geoshine|Rock Slide|p1a: PRISMED\n|-damage|p1a: PRISMED|73\/100\n|\n|upkeep\n|turn|7\n|\n|t:|1700951448\n|switch|p2a: Comastone|Carbink|48\/100\n|move|p1a: PRISMED|Earthquake|p2a: Comastone\n|-supereffective|p2a: Comastone\n|-damage|p2a: Comastone|0 fnt\n|faint|p2a: Comastone\n|\n|upkeep\n|\n|t:|1700951451\n|switch|p2a: Ironut|Forretress, M|100\/100\n|turn|8\n|\n|t:|1700951456\n|move|p1a: PRISMED|Earthquake|p2a: Ironut\n|-crit|p2a: Ironut\n|-damage|p2a: Ironut|22\/100\n|move|p2a: Ironut|Zap Cannon|p1a: PRISMED\n|-damage|p1a: PRISMED|52\/100\n|-status|p1a: PRISMED|par\n|\n|-heal|p2a: Ironut|28\/100|[from] item: Leftovers\n|upkeep\n|turn|9\n|\n|t:|1700951465\n|cant|p1a: PRISMED|par\n|move|p2a: Ironut|Stealth Rock|p1a: PRISMED\n|-sidestart|p1: imbwc|move: Stealth Rock\n|\n|-heal|p2a: Ironut|34\/100|[from] item: Leftovers\n|upkeep\n|turn|10\n|\n|t:|1700951468\n|cant|p1a: PRISMED|par\n|move|p2a: Ironut|Toxic Spikes|p1a: PRISMED\n|-sidestart|p1: imbwc|move: Toxic Spikes\n|\n|-heal|p2a: Ironut|40\/100|[from] item: Leftovers\n|upkeep\n|turn|11\n|\n|t:|1700951471\n|move|p1a: PRISMED|Earthquake|p2a: Ironut\n|-damage|p2a: Ironut|0 fnt\n|faint|p2a: Ironut\n|\n|upkeep\n|\n|t:|1700951475\n|switch|p2a: Shellshocker|Cloyster, M|100\/100\n|turn|12\n|l| kung fu pokechu\n|\n|t:|1700951485\n|move|p1a: PRISMED|Brick Break|p2a: Shellshocker\n|-supereffective|p2a: Shellshocker\n|-enditem|p2a: Shellshocker|Focus Sash\n|-damage|p2a: Shellshocker|1\/100\n|move|p2a: Shellshocker|Shell Smash|p2a: Shellshocker\n|-unboost|p2a: Shellshocker|def|1\n|-unboost|p2a: Shellshocker|spd|1\n|-boost|p2a: Shellshocker|atk|2\n|-boost|p2a: Shellshocker|spa|2\n|-boost|p2a: Shellshocker|spe|2\n|\n|upkeep\n|turn|13\n|j| kung fu pokechu\n|\n|t:|1700951494\n|move|p2a: Shellshocker|Icicle Spear|p1a: PRISMED\n|-damage|p1a: PRISMED|32\/100 par\n|-damage|p1a: PRISMED|10\/100 par\n|-damage|p1a: PRISMED|0 fnt\n|faint|p1a: PRISMED\n|-hitcount|p1: PRISMED|3\n|\n|upkeep\n|\n|t:|1700951498\n|switch|p1a: champ|Zangoose, F|100\/100\n|-damage|p1a: champ|88\/100|[from] Stealth Rock\n|-status|p1a: champ|psn\n|turn|14\n|\n|t:|1700951501\n|move|p1a: champ|Quick Attack|p2a: Shellshocker\n|-damage|p2a: Shellshocker|0 fnt\n|faint|p2a: Shellshocker\n|\n|-damage|p1a: champ|76\/100 psn|[from] psn\n|upkeep\n|\n|t:|1700951508\n|switch|p2a: Geoshine|Solrock|100\/100\n|turn|15\n|\n|t:|1700951513\n|switch|p1a: Miss|Zamazenta|100\/100\n|-damage|p1a: Miss|94\/100|[from] Stealth Rock\n|-status|p1a: Miss|psn\n|-ability|p1a: Miss|Dauntless Shield|boost\n|-boost|p1a: Miss|def|1\n|move|p2a: Geoshine|Rock Slide|p1a: Miss\n|-resisted|p1a: Miss\n|-damage|p1a: Miss|87\/100 psn\n|\n|-heal|p1a: Miss|93\/100 psn|[from] item: Leftovers\n|-damage|p1a: Miss|81\/100 psn|[from] psn\n|upkeep\n|turn|16\n|\n|t:|1700951524\n|switch|p2a: Whiplash|Ferrothorn, M|100\/100\n|move|p1a: Miss|Iron Defense|p1a: Miss\n|-boost|p1a: Miss|def|2\n|\n|-heal|p1a: Miss|87\/100 psn|[from] item: Leftovers\n|-damage|p1a: Miss|75\/100 psn|[from] psn\n|upkeep\n|turn|17\n|\n|t:|1700951529\n|move|p1a: Miss|Substitute|p1a: Miss\n|-start|p1a: Miss|Substitute\n|-damage|p1a: Miss|50\/100 psn\n|move|p2a: Whiplash|Leech Seed||[still]\n|-fail|p2a: Whiplash\n|\n|-heal|p1a: Miss|56\/100 psn|[from] item: Leftovers\n|-damage|p1a: Miss|44\/100 psn|[from] psn\n|upkeep\n|turn|18\n|\n|t:|1700951534\n|move|p1a: Miss|Body Press|p2a: Whiplash\n|-supereffective|p2a: Whiplash\n|-damage|p2a: Whiplash|0 fnt\n|-damage|p1a: Miss|31\/100 psn|[from] ability: Iron Barbs|[of] p2a: Whiplash\n|-damage|p1a: Miss|15\/100 psn|[from] item: Rocky Helmet|[of] p2a: Whiplash\n|faint|p2a: Whiplash\n|\n|-heal|p1a: Miss|21\/100 psn|[from] item: Leftovers\n|-damage|p1a: Miss|8\/100 psn|[from] psn\n|upkeep\n|\n|t:|1700951548\n|switch|p2a: Cryosion|Glalie, M|100\/100\n|turn|19\n|\n|t:|1700951553\n|detailschange|p2a: Cryosion|Glalie-Mega, M\n|-mega|p2a: Cryosion|Glalie|Glalitite\n|move|p2a: Cryosion|Ice Shard|p1a: Miss\n|-activate|p1a: Miss|move: Substitute|[damage]\n|move|p1a: Miss|Body Press|p2a: Cryosion\n|-supereffective|p2a: Cryosion\n|-damage|p2a: Cryosion|0 fnt\n|faint|p2a: Cryosion\n|\n|-heal|p1a: Miss|15\/100 psn|[from] item: Leftovers\n|-damage|p1a: Miss|2\/100 psn|[from] psn\n|upkeep\n|\n|t:|1700951557\n|switch|p2a: Geoshine|Solrock|100\/100\n|turn|20\n|\n|t:|1700951559\n|move|p1a: Miss|Body Press|p2a: Geoshine\n|-crit|p2a: Geoshine\n|-damage|p2a: Geoshine|0 fnt\n|faint|p2a: Geoshine\n|\n|win|imbwc\n|raw|imbwc's rating: 1162 &rarr; <strong>1185<\/strong><br \/>(+23 for winning)\n|raw|Keanmon's rating: 1140 &rarr; <strong>1117<\/strong><br \/>(-23 for losing)\n|c|\u2606Keanmon|damn, gg\n|l|\u2606Keanmon\n","uploadtime":1700951573,"views":1,"p1id":"imbwc","p2id":"keanmon","formatid":"gen9nationaldex","rating":1117,"private":0,"password":""}