{"id":"gen9nationaldex-1991158242","p1":"xinxinguangcan","p2":"Htari","format":"[Gen 9] National Dex","log":"|j|\u2606xinxinguangcan\n|j|\u2606Htari\n|t:|1700051544\n|gametype|singles\n|player|p1|xinxinguangcan|wallace|1103\n|player|p2|Htari|265|1000\n|teamsize|p1|6\n|teamsize|p2|6\n|gen|9\n|tier|[Gen 9] National Dex\n|rated|\n|rule|HP Percentage Mod: HP is shown in percentages\n|rule|Endless Battle Clause: Forcing endless battles is banned\n|rule|OHKO Clause: OHKO moves are banned\n|rule|Evasion Clause: Evasion abilities, items, and moves are banned\n|rule|Evasion Abilities Clause: Evasion abilities are banned\n|rule|Evasion Items Clause: Evasion items are banned\n|rule|Evasion Moves Clause: Evasion moves are banned\n|rule|Species Clause: Limit one of each Pok\u00e9mon\n|rule|Sleep Clause Mod: Limit one foe put to sleep\n|clearpoke\n|poke|p1|Tapu Koko|\n|poke|p1|Garchomp, M|\n|poke|p1|Heatran, M|\n|poke|p1|Clodsire, M|\n|poke|p1|Gliscor, M|\n|poke|p1|Charizard, M|\n|poke|p2|Hitmonchan, M|\n|poke|p2|Umbreon, M|\n|poke|p2|Emolga, M|\n|poke|p2|Lurantis, F|\n|poke|p2|Ribombee, F|\n|poke|p2|Toxapex, F|\n|teampreview\n|\n|t:|1700051550\n|start\n|switch|p1a: \u5de5\u5177\u4eba|Tapu Koko|100\/100\n|switch|p2a: Toxapex|Toxapex, F|100\/100\n|-fieldstart|move: Electric Terrain|[from] ability: Electric Surge|[of] p1a: \u5de5\u5177\u4eba\n|turn|1\n|\n|t:|1700051559\n|-terastallize|p1a: \u5de5\u5177\u4eba|Electric\n|move|p2a: Toxapex|Baneful Bunker|p2a: Toxapex\n|-singleturn|p2a: Toxapex|move: Protect\n|move|p1a: \u5de5\u5177\u4eba|Volt Switch|p2a: Toxapex\n|-activate|p2a: Toxapex|move: Protect\n|\n|upkeep\n|turn|2\n|\n|t:|1700051568\n|switch|p2a: Emolga|Emolga, M|100\/100\n|move|p1a: \u5de5\u5177\u4eba|Volt Switch|p2a: Emolga\n|-ability|p2a: Emolga|Motor Drive|boost\n|-boost|p2a: Emolga|spe|1\n|\n|upkeep\n|turn|3\n|inactive|Battle timer is ON: inactive players will automatically lose when time's up. (requested by xinxinguangcan)\n|\n|t:|1700051577\n|switch|p1a: Garchomp|Garchomp, M|100\/100\n|move|p2a: Emolga|Air Slash|p1a: Garchomp|[miss]\n|-miss|p2a: Emolga|p1a: Garchomp\n|\n|upkeep\n|turn|4\n|\n|t:|1700051586\n|move|p2a: Emolga|Thunder Wave|p1a: Garchomp\n|-immune|p1a: Garchomp\n|move|p1a: Garchomp|Scale Shot|p2a: Emolga\n|-damage|p2a: Emolga|73\/100\n|-damage|p2a: Emolga|47\/100\n|-damage|p2a: Emolga|18\/100\n|-damage|p2a: Emolga|0 fnt\n|faint|p2a: Emolga\n|-hitcount|p2: Emolga|4\n|-unboost|p1a: Garchomp|def|1\n|-boost|p1a: Garchomp|spe|1\n|\n|upkeep\n|\n|t:|1700051602\n|switch|p2a: Toxapex|Toxapex, F|100\/100\n|turn|5\n|\n|t:|1700051607\n|move|p1a: Garchomp|Swords Dance|p1a: Garchomp\n|-boost|p1a: Garchomp|atk|2\n|move|p2a: Toxapex|Toxic Spikes|p1a: Garchomp\n|-sidestart|p1: xinxinguangcan|move: Toxic Spikes\n|\n|-fieldend|move: Electric Terrain\n|upkeep\n|turn|6\n|\n|t:|1700051617\n|move|p1a: Garchomp|Scale Shot|p2a: Toxapex\n|-damage|p2a: Toxapex|79\/100\n|-damage|p2a: Toxapex|58\/100\n|-damage|p2a: Toxapex|38\/100\n|-damage|p2a: Toxapex|18\/100\n|-damage|p2a: Toxapex|0 fnt\n|faint|p2a: Toxapex\n|-hitcount|p2: Toxapex|5\n|-unboost|p1a: Garchomp|def|1\n|-boost|p1a: Garchomp|spe|1\n|\n|upkeep\n|\n|t:|1700051637\n|switch|p2a: Ribombee|Ribombee, F|100\/100\n|turn|7\n|\n|t:|1700051641\n|move|p1a: Garchomp|Poison Jab|p2a: Ribombee\n|-supereffective|p2a: Ribombee\n|-damage|p2a: Ribombee|0 fnt\n|faint|p2a: Ribombee\n|\n|upkeep\n|\n|t:|1700051647\n|switch|p2a: Hitmonchan|Hitmonchan, M|100\/100\n|turn|8\n|\n|t:|1700051654\n|move|p1a: Garchomp|Scale Shot|p2a: Hitmonchan\n|-damage|p2a: Hitmonchan|67\/100\n|-damage|p2a: Hitmonchan|35\/100\n|-damage|p2a: Hitmonchan|3\/100\n|-damage|p2a: Hitmonchan|0 fnt\n|faint|p2a: Hitmonchan\n|-hitcount|p2: Hitmonchan|4\n|-unboost|p1a: Garchomp|def|1\n|-boost|p1a: Garchomp|spe|1\n|\n|upkeep\n|-message|Htari forfeited.\n|\n|win|xinxinguangcan\n|raw|xinxinguangcan's rating: 1103 &rarr; <strong>1121<\/strong><br \/>(+18 for winning)\n|raw|Htari's rating: 1000 &rarr; <strong>1000<\/strong><br \/>(+0 for losing)\n|l|\u2606Htari\n","uploadtime":1700051672,"views":6,"p1id":"xinxinguangcan","p2id":"htari","formatid":"gen9nationaldex","rating":1000,"private":0,"password":""}