{"id":"gen9nationaldex-1991746057","p1":"Kiwibeast65","p2":"newaccount69lol","format":"[Gen 9] National Dex","log":"|j|\u2606Kiwibeast65\n|j|\u2606newaccount69lol\n|t:|1700110233\n|gametype|singles\n|player|p1|Kiwibeast65|lucas|1098\n|player|p2|newaccount69lol|lucas|1091\n|teamsize|p1|6\n|teamsize|p2|6\n|gen|9\n|tier|[Gen 9] National Dex\n|rated|\n|rule|HP Percentage Mod: HP is shown in percentages\n|rule|Endless Battle Clause: Forcing endless battles is banned\n|rule|OHKO Clause: OHKO moves are banned\n|rule|Evasion Clause: Evasion abilities, items, and moves are banned\n|rule|Evasion Abilities Clause: Evasion abilities are banned\n|rule|Evasion Items Clause: Evasion items are banned\n|rule|Evasion Moves Clause: Evasion moves are banned\n|rule|Species Clause: Limit one of each Pok\u00e9mon\n|rule|Sleep Clause Mod: Limit one foe put to sleep\n|clearpoke\n|poke|p1|Samurott-Hisui, M|\n|poke|p1|Blaziken, F|\n|poke|p1|Serperior, F|\n|poke|p1|Incineroar, F|\n|poke|p1|Decidueye, F|\n|poke|p1|Blastoise, F|\n|poke|p2|Gliscor, F|\n|poke|p2|Mimikyu, M|\n|poke|p2|Flareon, M|\n|poke|p2|Kommo-o, F|\n|poke|p2|Raichu, M|\n|poke|p2|Inteleon, F|\n|teampreview\n|inactive|Battle timer is ON: inactive players will automatically lose when time's up. (requested by newaccount69lol)\n|\n|t:|1700110251\n|start\n|switch|p1a: Samurott|Samurott-Hisui, M, shiny|100\/100\n|switch|p2a: Ghost boi|Mimikyu, M|100\/100\n|turn|1\n|\n|t:|1700110258\n|move|p1a: Samurott|Ceaseless Edge|p2a: Ghost boi\n|-activate|p2a: Ghost boi|ability: Disguise\n|-damage|p2a: Ghost boi|100\/100\n|-sidestart|p2: newaccount69lol|Spikes\n|detailschange|p2a: Ghost boi|Mimikyu-Busted, M\n|-damage|p2a: Ghost boi|88\/100|[from] pokemon: Mimikyu-Busted\n|move|p2a: Ghost boi|Bulk Up|p2a: Ghost boi\n|-boost|p2a: Ghost boi|atk|1\n|-boost|p2a: Ghost boi|def|1\n|\n|upkeep\n|turn|2\n|\n|t:|1700110269\n|move|p1a: Samurott|Ceaseless Edge|p2a: Ghost boi\n|-damage|p2a: Ghost boi|39\/100\n|-sidestart|p2: newaccount69lol|Spikes\n|-enditem|p2a: Ghost boi|Sitrus Berry|[eat]\n|-heal|p2a: Ghost boi|64\/100|[from] item: Sitrus Berry\n|move|p2a: Ghost boi|Play Rough|p1a: Samurott\n|-supereffective|p1a: Samurott\n|-damage|p1a: Samurott|0 fnt\n|faint|p1a: Samurott\n|\n|upkeep\n|\n|t:|1700110282\n|switch|p1a: Incineroar|Incineroar, F, shiny|100\/100\n|-ability|p1a: Incineroar|Intimidate|boost\n|-unboost|p2a: Ghost boi|atk|1\n|turn|3\n|\n|t:|1700110291\n|move|p2a: Ghost boi|Play Rough|p1a: Incineroar\n|-damage|p1a: Incineroar|68\/100\n|move|p1a: Incineroar|Parting Shot|p2a: Ghost boi\n|-unboost|p2a: Ghost boi|atk|1\n|-unboost|p2a: Ghost boi|spa|1\n|\n|t:|1700110303\n|switch|p1a: Decidueye|Decidueye, F, shiny|100\/100|[from] Parting Shot\n|\n|upkeep\n|turn|4\n|\n|t:|1700110308\n|move|p2a: Ghost boi|Shadow Sneak|p1a: Decidueye\n|-supereffective|p1a: Decidueye\n|-damage|p1a: Decidueye|77\/100\n|move|p1a: Decidueye|Swords Dance|p1a: Decidueye\n|-boost|p1a: Decidueye|atk|2\n|\n|-heal|p1a: Decidueye|83\/100|[from] item: Leftovers\n|upkeep\n|turn|5\n|\n|t:|1700110318\n|move|p2a: Ghost boi|Bulk Up|p2a: Ghost boi\n|-boost|p2a: Ghost boi|atk|1\n|-boost|p2a: Ghost boi|def|1\n|move|p1a: Decidueye|Spirit Shackle|p2a: Ghost boi\n|-supereffective|p2a: Ghost boi\n|-damage|p2a: Ghost boi|0 fnt\n|faint|p2a: Ghost boi\n|\n|-heal|p1a: Decidueye|89\/100|[from] item: Leftovers\n|upkeep\n|\n|t:|1700110329\n|switch|p2a: Kevin|Inteleon, F|100\/100\n|-damage|p2a: Kevin|84\/100|[from] Spikes\n|turn|6\n|\n|t:|1700110336\n|move|p2a: Kevin|Ice Beam|p1a: Decidueye\n|-supereffective|p1a: Decidueye\n|-damage|p1a: Decidueye|34\/100\n|move|p1a: Decidueye|Leaf Blade|p2a: Kevin\n|-supereffective|p2a: Kevin\n|-damage|p2a: Kevin|0 fnt\n|faint|p2a: Kevin\n|\n|-heal|p1a: Decidueye|40\/100|[from] item: Leftovers\n|upkeep\n|\n|t:|1700110346\n|switch|p2a: Totally not guts|Flareon, M|100\/100\n|-damage|p2a: Totally not guts|84\/100|[from] Spikes\n|turn|7\n|\n|t:|1700110356\n|-terastallize|p1a: Decidueye|Dark\n|move|p2a: Totally not guts|Flare Blitz|p1a: Decidueye\n|-damage|p1a: Decidueye|0 fnt\n|faint|p1a: Decidueye\n|-damage|p2a: Totally not guts|67\/100|[from] Recoil\n|\n|-status|p2a: Totally not guts|tox|[from] item: Toxic Orb\n|upkeep\n|\n|t:|1700110371\n|switch|p1a: Incineroar|Incineroar, F, shiny|68\/100\n|-ability|p1a: Incineroar|Intimidate|boost\n|-unboost|p2a: Totally not guts|atk|1\n|turn|8\n|\n|t:|1700110377\n|move|p1a: Incineroar|Fake Out|p2a: Totally not guts\n|-damage|p2a: Totally not guts|38\/100 tox\n|cant|p2a: Totally not guts|flinch\n|\n|-heal|p1a: Incineroar|74\/100|[from] item: Leftovers\n|-damage|p2a: Totally not guts|32\/100 tox|[from] psn\n|upkeep\n|turn|9\n|\n|t:|1700110387\n|move|p2a: Totally not guts|Facade|p1a: Incineroar\n|-damage|p1a: Incineroar|25\/100\n|move|p1a: Incineroar|Darkest Lariat|p2a: Totally not guts\n|-damage|p2a: Totally not guts|0 fnt\n|faint|p2a: Totally not guts\n|\n|-heal|p1a: Incineroar|31\/100|[from] item: Leftovers\n|upkeep\n|\n|t:|1700110397\n|switch|p2a: Healer|Gliscor, F|100\/100\n|turn|10\n|\n|t:|1700110413\n|move|p2a: Healer|Crabhammer|p1a: Incineroar\n|-supereffective|p1a: Incineroar\n|-damage|p1a: Incineroar|0 fnt\n|faint|p1a: Incineroar\n|\n|-status|p2a: Healer|tox|[from] item: Toxic Orb\n|upkeep\n|\n|t:|1700110422\n|switch|p1a: Blastoise|Blastoise, F|100\/100\n|turn|11\n|\n|t:|1700110430\n|move|p2a: Healer|Acrobatics|p1a: Blastoise\n|-damage|p1a: Blastoise|76\/100\n|move|p1a: Blastoise|Liquidation|p2a: Healer\n|-supereffective|p2a: Healer\n|-damage|p2a: Healer|53\/100 tox\n|\n|-heal|p1a: Blastoise|83\/100|[from] item: Leftovers\n|-heal|p2a: Healer|65\/100 tox|[from] ability: Poison Heal\n|upkeep\n|turn|12\n|\n|t:|1700110440\n|move|p2a: Healer|Acrobatics|p1a: Blastoise\n|-damage|p1a: Blastoise|62\/100\n|move|p1a: Blastoise|Power-Up Punch|p2a: Healer\n|-resisted|p2a: Healer\n|-crit|p2a: Healer\n|-damage|p2a: Healer|59\/100 tox\n|-boost|p1a: Blastoise|atk|1\n|\n|-heal|p1a: Blastoise|68\/100|[from] item: Leftovers\n|-heal|p2a: Healer|72\/100 tox|[from] ability: Poison Heal\n|upkeep\n|turn|13\n|\n|t:|1700110453\n|move|p2a: Healer|Acrobatics|p1a: Blastoise\n|-damage|p1a: Blastoise|46\/100\n|move|p1a: Blastoise|Liquidation|p2a: Healer\n|-supereffective|p2a: Healer\n|-damage|p2a: Healer|0 fnt\n|faint|p2a: Healer\n|\n|-heal|p1a: Blastoise|52\/100|[from] item: Leftovers\n|upkeep\n|\n|t:|1700110463\n|switch|p2a: Help me|Raichu, M|100\/100\n|-damage|p2a: Help me|84\/100|[from] Spikes\n|turn|14\n|\n|t:|1700110470\n|move|p1a: Blastoise|Protect|p1a: Blastoise\n|-singleturn|p1a: Blastoise|Protect\n|move|p2a: Help me|Discharge|p1a: Blastoise\n|-activate|p1a: Blastoise|move: Protect\n|\n|-heal|p2a: Help me|90\/100|[from] item: Leftovers\n|-heal|p1a: Blastoise|58\/100|[from] item: Leftovers\n|upkeep\n|turn|15\n|\n|t:|1700110481\n|switch|p1a: Serperior|Serperior, F, shiny|100\/100\n|-terastallize|p2a: Help me|Electric\n|move|p2a: Help me|Discharge|p1a: Serperior\n|-resisted|p1a: Serperior\n|-damage|p1a: Serperior|76\/100\n|-status|p1a: Serperior|par\n|\n|-heal|p2a: Help me|96\/100|[from] item: Leftovers\n|upkeep\n|turn|16\n|\n|t:|1700110497\n|move|p2a: Help me|Agility|p2a: Help me\n|-boost|p2a: Help me|spe|2\n|cant|p1a: Serperior|par\n|\n|-heal|p2a: Help me|100\/100|[from] item: Leftovers\n|upkeep\n|turn|17\n|\n|t:|1700110508\n|move|p2a: Help me|Agility|p2a: Help me\n|-boost|p2a: Help me|spe|2\n|move|p1a: Serperior|Leaf Storm|p2a: Help me|[miss]\n|-miss|p1a: Serperior|p2a: Help me\n|\n|upkeep\n|turn|18\n|\n|t:|1700110517\n|move|p2a: Help me|Draining Kiss|p1a: Serperior\n|-damage|p1a: Serperior|60\/100 par\n|move|p1a: Serperior|Leaf Storm|p2a: Help me\n|-damage|p2a: Help me|28\/100\n|-boost|p1a: Serperior|spa|2\n|-heal|p1a: Serperior|68\/100 par|[from] item: Shell Bell|[of] p2a: Help me\n|\n|-heal|p2a: Help me|34\/100|[from] item: Leftovers\n|upkeep\n|turn|19\n|\n|t:|1700110527\n|move|p2a: Help me|Draining Kiss|p1a: Serperior\n|-damage|p1a: Serperior|53\/100 par\n|-heal|p2a: Help me|46\/100|[from] drain|[of] p1a: Serperior\n|move|p1a: Serperior|Leaf Storm|p2a: Help me\n|-damage|p2a: Help me|0 fnt\n|-boost|p1a: Serperior|spa|2\n|faint|p2a: Help me\n|-heal|p1a: Serperior|58\/100 par|[from] item: Shell Bell|[of] p2: Help me\n|\n|upkeep\n|\n|t:|1700110538\n|switch|p2a: Kommo here son|Kommo-o, F|100\/100\n|-damage|p2a: Kommo here son|84\/100|[from] Spikes\n|turn|20\n|\n|t:|1700110548\n|move|p2a: Kommo here son|Autotomize|p2a: Kommo here son\n|-boost|p2a: Kommo here son|spe|2\n|-start|p2a: Kommo here son|Autotomize\n|move|p1a: Serperior|Leaf Storm|p2a: Kommo here son|[miss]\n|-miss|p1a: Serperior|p2a: Kommo here son\n|\n|upkeep\n|turn|21\n|\n|t:|1700110557\n|move|p2a: Kommo here son|Earthquake|p1a: Serperior\n|-resisted|p1a: Serperior\n|-damage|p1a: Serperior|41\/100 par\n|cant|p1a: Serperior|par\n|\n|upkeep\n|turn|22\n|\n|t:|1700110564\n|move|p2a: Kommo here son|Headbutt|p1a: Serperior\n|-damage|p1a: Serperior|14\/100 par\n|cant|p1a: Serperior|flinch\n|\n|upkeep\n|turn|23\n|\n|t:|1700110570\n|move|p2a: Kommo here son|Headbutt|p1a: Serperior\n|-damage|p1a: Serperior|0 fnt\n|faint|p1a: Serperior\n|\n|upkeep\n|\n|t:|1700110576\n|switch|p1a: Blastoise|Blastoise, F|58\/100\n|turn|24\n|\n|t:|1700110580\n|move|p1a: Blastoise|Protect|p1a: Blastoise\n|-singleturn|p1a: Blastoise|Protect\n|move|p2a: Kommo here son|Earthquake|p1a: Blastoise\n|-activate|p1a: Blastoise|move: Protect\n|\n|-heal|p1a: Blastoise|64\/100|[from] item: Leftovers\n|upkeep\n|turn|25\n|\n|t:|1700110590\n|move|p2a: Kommo here son|Earthquake|p1a: Blastoise\n|-crit|p1a: Blastoise\n|-damage|p1a: Blastoise|24\/100\n|move|p1a: Blastoise|Power-Up Punch|p2a: Kommo here son\n|-damage|p2a: Kommo here son|76\/100\n|-boost|p1a: Blastoise|atk|1\n|-damage|p1a: Blastoise|7\/100|[from] item: Rocky Helmet|[of] p2a: Kommo here son\n|\n|-heal|p1a: Blastoise|13\/100|[from] item: Leftovers\n|upkeep\n|turn|26\n|\n|t:|1700110608\n|move|p1a: Blastoise|Protect|p1a: Blastoise\n|-singleturn|p1a: Blastoise|Protect\n|move|p2a: Kommo here son|Earthquake|p1a: Blastoise\n|-activate|p1a: Blastoise|move: Protect\n|\n|-heal|p1a: Blastoise|19\/100|[from] item: Leftovers\n|upkeep\n|turn|27\n|\n|t:|1700110621\n|move|p2a: Kommo here son|Autotomize|p2a: Kommo here son\n|-boost|p2a: Kommo here son|spe|2\n|move|p1a: Blastoise|Liquidation|p2a: Kommo here son\n|-resisted|p2a: Kommo here son\n|-damage|p2a: Kommo here son|47\/100\n|-unboost|p2a: Kommo here son|def|1\n|-damage|p1a: Blastoise|3\/100|[from] item: Rocky Helmet|[of] p2a: Kommo here son\n|\n|-heal|p1a: Blastoise|9\/100|[from] item: Leftovers\n|upkeep\n|turn|28\n|\n|t:|1700110635\n|move|p2a: Kommo here son|Earthquake|p1a: Blastoise\n|-damage|p1a: Blastoise|0 fnt\n|faint|p1a: Blastoise\n|\n|upkeep\n|\n|t:|1700110640\n|switch|p1a: Blaziken|Blaziken, F, shiny|100\/100\n|turn|29\n|\n|t:|1700110647\n|move|p2a: Kommo here son|Earthquake|p1a: Blaziken\n|-supereffective|p1a: Blaziken\n|-damage|p1a: Blaziken|3\/100\n|move|p1a: Blaziken|Acrobatics|p2a: Kommo here son\n|-supereffective|p2a: Kommo here son\n|-damage|p2a: Kommo here son|0 fnt\n|-damage|p1a: Blaziken|0 fnt|[from] item: Rocky Helmet|[of] p2a: Kommo here son\n|faint|p2a: Kommo here son\n|faint|p1a: Blaziken\n|\n|win|Kiwibeast65\n|raw|Kiwibeast65's rating: 1098 &rarr; <strong>1123<\/strong><br \/>(+25 for winning)\n|raw|newaccount69lol's rating: 1091 &rarr; <strong>1068<\/strong><br \/>(-23 for losing)\n|c|\u2606newaccount69lol|Gg that was close\n|c|\u2606Kiwibeast65|Ye! Gg\n|l|\u2606newaccount69lol\n","uploadtime":1700110682,"views":28,"p1id":"kiwibeast65","p2id":"newaccount69lol","formatid":"gen9nationaldex","rating":1068,"private":0,"password":""}