{"id":"gen9nationaldex-1994116536","p1":"FernandaCoxta","p2":"Waddle Ds","format":"[Gen 9] National Dex","log":"|j|\u2606FernandaCoxta\n|j|\u2606Waddle Ds\n|t:|1700408822\n|gametype|singles\n|player|p1|FernandaCoxta|misty|\n|player|p2|Waddle Ds|marshal|\n|teamsize|p1|6\n|teamsize|p2|6\n|gen|9\n|tier|[Gen 9] National Dex\n|rule|HP Percentage Mod: HP is shown in percentages\n|rule|Endless Battle Clause: Forcing endless battles is banned\n|rule|OHKO Clause: OHKO moves are banned\n|rule|Evasion Clause: Evasion abilities, items, and moves are banned\n|rule|Evasion Abilities Clause: Evasion abilities are banned\n|rule|Evasion Items Clause: Evasion items are banned\n|rule|Evasion Moves Clause: Evasion moves are banned\n|rule|Species Clause: Limit one of each Pok\u00e9mon\n|rule|Sleep Clause Mod: Limit one foe put to sleep\n|clearpoke\n|poke|p1|Ninetales, M|\n|poke|p1|Armarouge, M|\n|poke|p1|Volcarona, M|\n|poke|p1|Heatmor, M|\n|poke|p1|Chandelure, F|\n|poke|p1|Infernape, F|\n|poke|p2|Tauros-Paldea-Blaze, M|\n|poke|p2|Rotom-Heat|\n|poke|p2|Torkoal, M|\n|poke|p2|Marowak-Alola, M|\n|poke|p2|Delphox, F|\n|poke|p2|Camerupt, M|\n|teampreview\n|\n|t:|1700408832\n|start\n|switch|p1a: Esperando UBER|Chandelure, F|100\/100\n|switch|p2a: Charizard-F|Marowak-Alola, M|100\/100\n|turn|1\n|\n|t:|1700408839\n|switch|p2a: O mito tava certo|Tauros-Paldea-Blaze, M|100\/100\n|-ability|p2a: O mito tava certo|Intimidate|boost\n|-unboost|p1a: Esperando UBER|atk|1\n|move|p1a: Esperando UBER|Trick|p2a: O mito tava certo\n|-activate|p1a: Esperando UBER|move: Trick|[of] p2a: O mito tava certo\n|-item|p2a: O mito tava certo|Black Sludge|[from] move: Trick\n|-item|p1a: Esperando UBER|Choice Scarf|[from] move: Trick\n|\n|-damage|p2a: O mito tava certo|88\/100|[from] item: Black Sludge\n|upkeep\n|turn|2\n|\n|t:|1700408856\n|switch|p1a: R$ 100|Armarouge, M|100\/100\n|move|p2a: O mito tava certo|Rock Slide|p1a: R$ 100\n|-supereffective|p1a: R$ 100\n|-damage|p1a: R$ 100|56\/100\n|-ability|p1a: R$ 100|Weak Armor|boost\n|-unboost|p1a: R$ 100|def|1\n|-boost|p1a: R$ 100|spe|2\n|-enditem|p1a: R$ 100|Weakness Policy\n|-boost|p1a: R$ 100|atk|2|[from] item: Weakness Policy\n|-boost|p1a: R$ 100|spa|2|[from] item: Weakness Policy\n|\n|-damage|p2a: O mito tava certo|76\/100|[from] item: Black Sludge\n|upkeep\n|turn|3\n|\n|t:|1700408872\n|switch|p2a: Moltress|Rotom-Heat|100\/100\n|move|p1a: R$ 100|Psychic|p2a: Moltress\n|-damage|p2a: Moltress|0 fnt\n|faint|p2a: Moltress\n|\n|upkeep\n|\n|t:|1700408879\n|switch|p2a: K-Victiny|Delphox, F|100\/100\n|turn|4\n|\n|t:|1700408895\n|move|p1a: R$ 100|Psychic|p2a: K-Victiny\n|-resisted|p2a: K-Victiny\n|-damage|p2a: K-Victiny|55\/100\n|move|p2a: K-Victiny|Trick Room|p2a: K-Victiny\n|-fieldstart|move: Trick Room|[of] p2a: K-Victiny\n|\n|upkeep\n|turn|5\n|\n|t:|1700408908\n|move|p2a: K-Victiny|Psychic|p1a: R$ 100\n|-resisted|p1a: R$ 100\n|-damage|p1a: R$ 100|39\/100\n|move|p1a: R$ 100|Psychic|p2a: K-Victiny\n|-resisted|p2a: K-Victiny\n|-damage|p2a: K-Victiny|7\/100\n|\n|upkeep\n|turn|6\n|\n|t:|1700408915\n|move|p2a: K-Victiny|Psychic|p1a: R$ 100\n|-resisted|p1a: R$ 100\n|-damage|p1a: R$ 100|21\/100\n|-unboost|p1a: R$ 100|spd|1\n|move|p1a: R$ 100|Psychic|p2a: K-Victiny\n|-resisted|p2a: K-Victiny\n|-damage|p2a: K-Victiny|0 fnt\n|faint|p2a: K-Victiny\n|\n|upkeep\n|\n|t:|1700408919\n|switch|p2a: Mega-Camerupt|Camerupt, M|100\/100\n|turn|7\n|\n|t:|1700408925\n|move|p2a: Mega-Camerupt|Ancient Power|p1a: R$ 100\n|-supereffective|p1a: R$ 100\n|-damage|p1a: R$ 100|0 fnt\n|faint|p1a: R$ 100\n|\n|upkeep\n|\n|t:|1700408934\n|switch|p1a: 25 de Mar\u00e7o|Heatmor, M|100\/100\n|turn|8\n|\n|t:|1700408938\n|move|p2a: Mega-Camerupt|Earth Power|p1a: 25 de Mar\u00e7o\n|-supereffective|p1a: 25 de Mar\u00e7o\n|-damage|p1a: 25 de Mar\u00e7o|0 fnt\n|faint|p1a: 25 de Mar\u00e7o\n|\n|-fieldend|move: Trick Room\n|upkeep\n|\n|t:|1700408944\n|switch|p1a: COXTMAS|Volcarona, M|100\/100\n|turn|9\n|\n|t:|1700408947\n|move|p1a: COXTMAS|Quiver Dance|p1a: COXTMAS\n|-boost|p1a: COXTMAS|spa|1\n|-boost|p1a: COXTMAS|spd|1\n|-boost|p1a: COXTMAS|spe|1\n|move|p2a: Mega-Camerupt|Ancient Power|p1a: COXTMAS\n|-supereffective|p1a: COXTMAS\n|-damage|p1a: COXTMAS|49\/100\n|\n|upkeep\n|turn|10\n|\n|t:|1700408954\n|switch|p2a: Cameruptt|Torkoal, M|100\/100\n|move|p1a: COXTMAS|Hidden Power|p2a: Cameruptt\n|-supereffective|p2a: Cameruptt\n|-damage|p2a: Cameruptt|0 fnt\n|faint|p2a: Cameruptt\n|\n|upkeep\n|\n|t:|1700408959\n|switch|p2a: Mega-Camerupt|Camerupt, M|100\/100\n|turn|11\n|\n|t:|1700408964\n|move|p1a: COXTMAS|Hidden Power|p2a: Mega-Camerupt\n|-supereffective|p2a: Mega-Camerupt\n|-damage|p2a: Mega-Camerupt|0 fnt\n|faint|p2a: Mega-Camerupt\n|\n|upkeep\n|\n|t:|1700408969\n|switch|p2a: O mito tava certo|Tauros-Paldea-Blaze, M|76\/100\n|-ability|p2a: O mito tava certo|Intimidate|boost\n|-unboost|p1a: COXTMAS|atk|1\n|turn|12\n|\n|t:|1700408974\n|move|p1a: COXTMAS|Hidden Power|p2a: O mito tava certo\n|-supereffective|p2a: O mito tava certo\n|-damage|p2a: O mito tava certo|0 fnt\n|faint|p2a: O mito tava certo\n|\n|upkeep\n|\n|t:|1700408978\n|switch|p2a: Charizard-F|Marowak-Alola, M|100\/100\n|turn|13\n|\n|t:|1700408981\n|move|p1a: COXTMAS|Hidden Power|p2a: Charizard-F\n|-supereffective|p2a: Charizard-F\n|-damage|p2a: Charizard-F|18\/100\n|-start|p1a: COXTMAS|Disable|Hidden Power|[from] ability: Cursed Body|[of] p2a: Charizard-F\n|move|p2a: Charizard-F|Stone Edge|p1a: COXTMAS|[miss]\n|-miss|p2a: Charizard-F|p1a: COXTMAS\n|\n|upkeep\n|turn|14\n|\n|t:|1700408989\n|move|p1a: COXTMAS|Giga Drain|p2a: Charizard-F\n|-resisted|p2a: Charizard-F\n|-damage|p2a: Charizard-F|0 fnt\n|-heal|p1a: COXTMAS|58\/100|[from] drain|[of] p2a: Charizard-F\n|faint|p2a: Charizard-F\n|\n|win|FernandaCoxta\n|l|\u2606Waddle Ds\n","uploadtime":1700409005,"views":6,"p1id":"fernandacoxta","p2id":"waddleds","formatid":"gen9nationaldex","rating":0,"private":0,"password":""}