{"id":"gen9nationaldex-1993017285","p1":"HeirEhm","p2":"lunchbox5536","format":"[Gen 9] National Dex","log":"|j|\u2606HeirEhm\n|j|\u2606lunchbox5536\n|t:|1700255866\n|gametype|singles\n|player|p1|HeirEhm|cynthia-gen7|\n|player|p2|lunchbox5536|ghetsis|\n|teamsize|p1|6\n|teamsize|p2|6\n|gen|9\n|tier|[Gen 9] National Dex\n|rule|HP Percentage Mod: HP is shown in percentages\n|rule|Endless Battle Clause: Forcing endless battles is banned\n|rule|OHKO Clause: OHKO moves are banned\n|rule|Evasion Clause: Evasion abilities, items, and moves are banned\n|rule|Evasion Abilities Clause: Evasion abilities are banned\n|rule|Evasion Items Clause: Evasion items are banned\n|rule|Evasion Moves Clause: Evasion moves are banned\n|rule|Species Clause: Limit one of each Pok\u00e9mon\n|rule|Sleep Clause Mod: Limit one foe put to sleep\n|clearpoke\n|poke|p1|Clodsire, F|\n|poke|p1|Ceruledge, F|\n|poke|p1|Klefki, M|\n|poke|p1|Orthworm, M|\n|poke|p1|Chansey, F|\n|poke|p1|Murkrow, F|\n|poke|p2|Lilligant-Hisui, F|\n|poke|p2|Zoroark-Hisui, F|\n|poke|p2|Grimmsnarl, M|\n|poke|p2|Sableye, F|\n|poke|p2|Klawf, F|\n|poke|p2|Shelgon, F|\n|teampreview\n|\n|t:|1700255890\n|start\n|switch|p1a: Murder|Murkrow, F|100\/100\n|switch|p2a: AAAAAAAAAAAA|Klawf, F|100\/100\n|turn|1\n|\n|t:|1700255915\n|switch|p1a: GirthWorm|Orthworm, M|100\/100\n|move|p2a: AAAAAAAAAAAA|Stealth Rock|p1a: GirthWorm\n|-sidestart|p1: HeirEhm|move: Stealth Rock\n|\n|-status|p1a: GirthWorm|brn|[from] item: Flame Orb\n|upkeep\n|turn|2\n|\n|t:|1700255961\n|move|p2a: AAAAAAAAAAAA|High Horsepower|p1a: GirthWorm\n|-immune|p1a: GirthWorm|[from] ability: Earth Eater\n|move|p1a: GirthWorm|Facade|p2a: AAAAAAAAAAAA\n|-resisted|p2a: AAAAAAAAAAAA\n|-damage|p2a: AAAAAAAAAAAA|83\/100\n|\n|-damage|p1a: GirthWorm|94\/100 brn|[from] brn\n|upkeep\n|turn|3\n|\n|t:|1700255985\n|move|p2a: AAAAAAAAAAAA|Rock Blast|p1a: GirthWorm\n|-resisted|p1a: GirthWorm\n|-damage|p1a: GirthWorm|90\/100 brn\n|-resisted|p1a: GirthWorm\n|-damage|p1a: GirthWorm|86\/100 brn\n|-resisted|p1a: GirthWorm\n|-damage|p1a: GirthWorm|81\/100 brn\n|-resisted|p1a: GirthWorm\n|-damage|p1a: GirthWorm|77\/100 brn\n|-hitcount|p1a: GirthWorm|4\n|move|p1a: GirthWorm|Heavy Slam|p2a: AAAAAAAAAAAA\n|-supereffective|p2a: AAAAAAAAAAAA\n|-damage|p2a: AAAAAAAAAAAA|53\/100\n|\n|-damage|p1a: GirthWorm|71\/100 brn|[from] brn\n|upkeep\n|turn|4\n|\n|t:|1700256006\n|switch|p2a: Hello and Goodbye|Shelgon, F|100\/100\n|move|p1a: GirthWorm|Heavy Slam|p2a: Hello and Goodbye\n|-damage|p2a: Hello and Goodbye|94\/100\n|\n|-damage|p1a: GirthWorm|65\/100 brn|[from] brn\n|upkeep\n|turn|5\n|\n|t:|1700256017\n|move|p1a: GirthWorm|Facade|p2a: Hello and Goodbye\n|-damage|p2a: Hello and Goodbye|75\/100\n|move|p2a: Hello and Goodbye|Crunch|p1a: GirthWorm\n|-damage|p1a: GirthWorm|52\/100 brn\n|-unboost|p1a: GirthWorm|def|1\n|\n|-damage|p1a: GirthWorm|45\/100 brn|[from] brn\n|upkeep\n|turn|6\n|\n|t:|1700256033\n|move|p1a: GirthWorm|Sandstorm|p1a: GirthWorm\n|-weather|Sandstorm\n|move|p2a: Hello and Goodbye|Crunch|p1a: GirthWorm\n|-damage|p1a: GirthWorm|26\/100 brn\n|-unboost|p1a: GirthWorm|def|1\n|\n|-weather|Sandstorm|[upkeep]\n|-damage|p1a: GirthWorm|20\/100 brn|[from] brn\n|upkeep\n|turn|7\n|\n|t:|1700256045\n|switch|p1a: Jingle Jingle|Klefki, M|100\/100\n|-damage|p1a: Jingle Jingle|95\/100|[from] Stealth Rock\n|move|p2a: Hello and Goodbye|Sunny Day|p2a: Hello and Goodbye\n|-weather|SunnyDay\n|\n|-weather|SunnyDay|[upkeep]\n|upkeep\n|turn|8\n|\n|t:|1700256088\n|switch|p2a: AAAAAAAAAAAA|Klawf, F|87\/100\n|move|p1a: Jingle Jingle|Draining Kiss|p2a: AAAAAAAAAAAA\n|-damage|p2a: AAAAAAAAAAAA|68\/100\n|-heal|p1a: Jingle Jingle|100\/100|[from] drain|[of] p2a: AAAAAAAAAAAA\n|\n|-weather|SunnyDay|[upkeep]\n|upkeep\n|turn|9\n|\n|t:|1700256110\n|switch|p1a: GirthWorm|Orthworm, M|20\/100 brn\n|-damage|p1a: GirthWorm|14\/100 brn|[from] Stealth Rock\n|move|p2a: AAAAAAAAAAAA|Knock Off|p1a: GirthWorm\n|-damage|p1a: GirthWorm|0 fnt\n|-enditem|p1a: GirthWorm|Flame Orb|[from] move: Knock Off|[of] p2a: AAAAAAAAAAAA\n|faint|p1a: GirthWorm\n|\n|-weather|SunnyDay|[upkeep]\n|upkeep\n|\n|t:|1700256131\n|switch|p1a: Murder|Murkrow, F|100\/100\n|-damage|p1a: Murder|76\/100|[from] Stealth Rock\n|turn|10\n|\n|t:|1700256138\n|move|p1a: Murder|Steel Wing|p2a: AAAAAAAAAAAA\n|-supereffective|p2a: AAAAAAAAAAAA\n|-damage|p2a: AAAAAAAAAAAA|33\/100\n|move|p2a: AAAAAAAAAAAA|Rock Blast|p1a: Murder\n|-supereffective|p1a: Murder\n|-damage|p1a: Murder|10\/100\n|-supereffective|p1a: Murder\n|-damage|p1a: Murder|0 fnt\n|faint|p1a: Murder\n|-hitcount|p1: Murder|2\n|\n|-weather|SunnyDay|[upkeep]\n|upkeep\n|\n|t:|1700256149\n|switch|p1a: Jingle Jingle|Klefki, M|100\/100\n|-damage|p1a: Jingle Jingle|95\/100|[from] Stealth Rock\n|turn|11\n|\n|t:|1700256165\n|switch|p2a: Sableye|Sableye, F|100\/100\n|move|p1a: Jingle Jingle|Spikes|p2a: Sableye\n|-sidestart|p2: lunchbox5536|Spikes\n|\n|-weather|none\n|upkeep\n|turn|12\n|\n|t:|1700256202\n|move|p2a: Sableye|Will-O-Wisp|p1a: Jingle Jingle\n|-status|p1a: Jingle Jingle|brn\n|move|p1a: Jingle Jingle|Draining Kiss|p2a: Sableye\n|-supereffective|p2a: Sableye\n|-damage|p2a: Sableye|75\/100\n|-heal|p1a: Jingle Jingle|100\/100 brn|[from] drain|[of] p2a: Sableye\n|-damage|p1a: Jingle Jingle|84\/100 brn|[from] item: Rocky Helmet|[of] p2a: Sableye\n|\n|-damage|p1a: Jingle Jingle|78\/100 brn|[from] brn\n|upkeep\n|turn|13\n|\n|t:|1700256216\n|move|p1a: Jingle Jingle|Spikes|p2a: Sableye\n|-sidestart|p2: lunchbox5536|Spikes\n|move|p2a: Sableye|Encore|p1a: Jingle Jingle\n|-start|p1a: Jingle Jingle|Encore\n|\n|-damage|p1a: Jingle Jingle|72\/100 brn|[from] brn\n|upkeep\n|turn|14\n|\n|t:|1700256230\n|switch|p1a: Angy Boi|Clodsire, F|100\/100\n|-damage|p1a: Angy Boi|94\/100|[from] Stealth Rock\n|move|p2a: Sableye|Sunny Day|p2a: Sableye\n|-weather|SunnyDay\n|\n|-weather|SunnyDay|[upkeep]\n|upkeep\n|turn|15\n|\n|t:|1700256269\n|switch|p2a: AAAAAAAAAAAA|Klawf, F|67\/100\n|-damage|p2a: AAAAAAAAAAAA|50\/100|[from] Spikes\n|move|p1a: Angy Boi|Gunk Shot|p2a: AAAAAAAAAAAA\n|-resisted|p2a: AAAAAAAAAAAA\n|-damage|p2a: AAAAAAAAAAAA|29\/100\n|\n|-weather|SunnyDay|[upkeep]\n|upkeep\n|turn|16\n|\n|t:|1700256279\n|move|p2a: AAAAAAAAAAAA|Knock Off|p1a: Angy Boi\n|-damage|p1a: Angy Boi|59\/100\n|-damage|p2a: AAAAAAAAAAAA|13\/100|[from] item: Rocky Helmet|[of] p1a: Angy Boi\n|-enditem|p1a: Angy Boi|Rocky Helmet|[from] move: Knock Off|[of] p2a: AAAAAAAAAAAA\n|move|p1a: Angy Boi|Earthquake|p2a: AAAAAAAAAAAA\n|-supereffective|p2a: AAAAAAAAAAAA\n|-damage|p2a: AAAAAAAAAAAA|0 fnt\n|faint|p2a: AAAAAAAAAAAA\n|\n|-weather|SunnyDay|[upkeep]\n|upkeep\n|\n|t:|1700256293\n|switch|p2a: Lilligant|Lilligant-Hisui, F, shiny|100\/100\n|-damage|p2a: Lilligant|84\/100|[from] Spikes\n|turn|17\n|\n|t:|1700256306\n|move|p2a: Lilligant|Ice Spinner|p1a: Angy Boi\n|-supereffective|p1a: Angy Boi\n|-damage|p1a: Angy Boi|0 fnt\n|faint|p1a: Angy Boi\n|-damage|p2a: Lilligant|74\/100|[from] item: Life Orb\n|\n|-weather|SunnyDay|[upkeep]\n|upkeep\n|\n|t:|1700256317\n|switch|p1a: SWORDSFORHANDS|Ceruledge, F|100\/100\n|turn|18\n|\n|t:|1700256330\n|move|p2a: Lilligant|Solar Blade||[still]\n|-prepare|p2a: Lilligant|Solar Blade\n|-anim|p2a: Lilligant|Solar Blade|p1a: SWORDSFORHANDS\n|-resisted|p1a: SWORDSFORHANDS\n|-damage|p1a: SWORDSFORHANDS|46\/100\n|-ability|p1a: SWORDSFORHANDS|Weak Armor|boost\n|-unboost|p1a: SWORDSFORHANDS|def|1\n|-boost|p1a: SWORDSFORHANDS|spe|2\n|-damage|p2a: Lilligant|64\/100|[from] item: Life Orb\n|move|p1a: SWORDSFORHANDS|Bulk Up|p1a: SWORDSFORHANDS\n|-boost|p1a: SWORDSFORHANDS|atk|1\n|-boost|p1a: SWORDSFORHANDS|def|1\n|\n|-weather|none\n|upkeep\n|turn|19\n|j| Jam20Jam\n|\n|t:|1700256352\n|switch|p2a: Hello and Goodbye|Shelgon, F|75\/100\n|-damage|p2a: Hello and Goodbye|58\/100|[from] Spikes\n|move|p1a: SWORDSFORHANDS|Bitter Blade|p2a: Hello and Goodbye\n|-resisted|p2a: Hello and Goodbye\n|-damage|p2a: Hello and Goodbye|42\/100\n|-heal|p1a: SWORDSFORHANDS|55\/100|[from] drain|[of] p2a: Hello and Goodbye\n|\n|upkeep\n|turn|20\n|\n|t:|1700256367\n|-terastallize|p1a: SWORDSFORHANDS|Dark\n|move|p1a: SWORDSFORHANDS|Night Slash|p2a: Hello and Goodbye\n|-damage|p2a: Hello and Goodbye|16\/100\n|move|p2a: Hello and Goodbye|Crunch|p1a: SWORDSFORHANDS\n|-resisted|p1a: SWORDSFORHANDS\n|-damage|p1a: SWORDSFORHANDS|43\/100\n|-unboost|p1a: SWORDSFORHANDS|def|1\n|-ability|p1a: SWORDSFORHANDS|Weak Armor|boost\n|-unboost|p1a: SWORDSFORHANDS|def|1\n|-boost|p1a: SWORDSFORHANDS|spe|2\n|\n|upkeep\n|turn|21\n|\n|t:|1700256384\n|move|p1a: SWORDSFORHANDS|Night Slash|p2a: Hello and Goodbye\n|-damage|p2a: Hello and Goodbye|0 fnt\n|faint|p2a: Hello and Goodbye\n|\n|upkeep\n|\n|t:|1700256412\n|switch|p2a: Krampus|Grimmsnarl, M|100\/100\n|-damage|p2a: Krampus|84\/100|[from] Spikes\n|turn|22\n|\n|t:|1700256437\n|move|p1a: SWORDSFORHANDS|Bitter Blade|p2a: Krampus\n|-damage|p2a: Krampus|3\/100\n|-heal|p1a: SWORDSFORHANDS|98\/100|[from] drain|[of] p2a: Krampus\n|move|p2a: Krampus|Play Rough|p1a: SWORDSFORHANDS\n|-supereffective|p1a: SWORDSFORHANDS\n|-damage|p1a: SWORDSFORHANDS|0 fnt\n|faint|p1a: SWORDSFORHANDS\n|\n|upkeep\n|\n|t:|1700256445\n|switch|p1a: Wambulance|Chansey, F|100\/100\n|-damage|p1a: Wambulance|88\/100|[from] Stealth Rock\n|turn|23\n|-enditem|p2a: Krampus|Custap Berry|[eat]\n|-activate|p2a: Krampus|item: Custap Berry|[consumed]\n|\n|t:|1700256456\n|move|p2a: Krampus|Superpower|p1a: Wambulance\n|-supereffective|p1a: Wambulance\n|-damage|p1a: Wambulance|0 fnt\n|-unboost|p2a: Krampus|atk|1\n|-unboost|p2a: Krampus|def|1\n|faint|p1a: Wambulance\n|\n|upkeep\n|\n|t:|1700256459\n|switch|p1a: Jingle Jingle|Klefki, M|72\/100 brn\n|-damage|p1a: Jingle Jingle|66\/100 brn|[from] Stealth Rock\n|turn|24\n|\n|t:|1700256472\n|move|p1a: Jingle Jingle|Draining Kiss|p2a: Krampus\n|-supereffective|p2a: Krampus\n|-damage|p2a: Krampus|0 fnt\n|-heal|p1a: Jingle Jingle|68\/100 brn|[from] drain|[of] p2a: Krampus\n|faint|p2a: Krampus\n|\n|-damage|p1a: Jingle Jingle|62\/100 brn|[from] brn\n|upkeep\n|\n|t:|1700256486\n|switch|p2a: Sableye|Sableye, F|100\/100\n|-damage|p2a: Sableye|84\/100|[from] Spikes\n|turn|25\n|\n|t:|1700256492\n|move|p2a: Sableye|Flamethrower|p1a: Jingle Jingle\n|-supereffective|p1a: Jingle Jingle\n|-damage|p1a: Jingle Jingle|0 fnt\n|faint|p1a: Jingle Jingle\n|\n|win|lunchbox5536\n|l|\u2606HeirEhm\n|l| Jam20Jam\n","uploadtime":1700256893,"views":6,"p1id":"heirehm","p2id":"lunchbox5536","formatid":"gen9nationaldex","rating":0,"private":0,"password":""}