{"id":"gen9nationaldex-1995519948","p1":"steals many wives","p2":"LilMamaRebecca","format":"[Gen 9] National Dex","log":"|html|<div class=\"broadcast-blue\"><strong>[Gen 9] National Dex is currently suspecting Sneasler! For information on how to participate check out the <a href=\"https:\/\/www.smogon.com\/forums\/threads\/sv-national-dex-suspect-8-just-dance.3731534\/\">suspect thread<\/a>.<\/strong><\/div>\n|j|\u2606steals many wives\n|j|\u2606LilMamaRebecca\n|t:|1700579318\n|gametype|singles\n|player|p1|steals many wives|waitress|1157\n|player|p2|LilMamaRebecca|wallace|1088\n|teamsize|p1|6\n|teamsize|p2|6\n|gen|9\n|tier|[Gen 9] National Dex\n|rated|\n|rule|HP Percentage Mod: HP is shown in percentages\n|rule|Endless Battle Clause: Forcing endless battles is banned\n|rule|OHKO Clause: OHKO moves are banned\n|rule|Evasion Clause: Evasion abilities, items, and moves are banned\n|rule|Evasion Abilities Clause: Evasion abilities are banned\n|rule|Evasion Items Clause: Evasion items are banned\n|rule|Evasion Moves Clause: Evasion moves are banned\n|rule|Species Clause: Limit one of each Pok\u00e9mon\n|rule|Sleep Clause Mod: Limit one foe put to sleep\n|clearpoke\n|poke|p1|Torterra, F|\n|poke|p1|Excadrill, M|\n|poke|p1|Clodsire, M|\n|poke|p1|Gastrodon, F|\n|poke|p1|Mudsdale, F|\n|poke|p1|Camerupt, M|\n|poke|p2|Kecleon, M|\n|poke|p2|Glalie, F|\n|poke|p2|Mimikyu, F|\n|poke|p2|Minior-Violet|\n|poke|p2|Turtonator, M|\n|poke|p2|Liepard, M|\n|teampreview\n|\n|t:|1700579326\n|start\n|switch|p1a: Vesuvius|Camerupt, M|100\/100\n|switch|p2a: Liepard|Liepard, M|100\/100\n|turn|1\n|\n|t:|1700579333\n|detailschange|p1a: Vesuvius|Camerupt-Mega, M\n|-mega|p1a: Vesuvius|Camerupt|Cameruptite\n|move|p2a: Liepard|Fake Out|p1a: Vesuvius\n|-damage|p1a: Vesuvius|86\/100\n|-damage|p2a: Liepard|91\/100|[from] item: Life Orb\n|cant|p1a: Vesuvius|flinch\n|\n|upkeep\n|turn|2\n|\n|t:|1700579347\n|switch|p2a: Minior|Minior-Violet|100\/100\n|-formechange|p2a: Minior|Minior-Meteor||[from] ability: Shields Down\n|move|p1a: Vesuvius|Yawn|p2a: Minior\n|-immune|p2a: Minior|[from] ability: Shields Down\n|\n|upkeep\n|turn|3\n|\n|t:|1700579357\n|move|p2a: Minior|Stealth Rock|p1a: Vesuvius\n|-sidestart|p1: steals many wives|move: Stealth Rock\n|move|p1a: Vesuvius|Ancient Power|p2a: Minior\n|-supereffective|p2a: Minior\n|-damage|p2a: Minior|25\/100\n|\n|-formechange|p2a: Minior|Minior-Violet||[from] ability: Shields Down\n|upkeep\n|turn|4\n|\n|t:|1700579367\n|move|p2a: Minior|Rock Slide|p1a: Vesuvius\n|-damage|p1a: Vesuvius|55\/100\n|move|p1a: Vesuvius|Ancient Power|p2a: Minior\n|-supereffective|p2a: Minior\n|-damage|p2a: Minior|0 fnt\n|faint|p2a: Minior\n|\n|upkeep\n|\n|t:|1700579378\n|switch|p2a: Kecleon|Kecleon, M|100\/100\n|turn|5\n|\n|t:|1700579382\n|move|p2a: Kecleon|Aqua Tail|p1a: Vesuvius\n|-start|p2a: Kecleon|typechange|Water|[from] ability: Protean\n|-supereffective|p1a: Vesuvius\n|-damage|p1a: Vesuvius|0 fnt\n|faint|p1a: Vesuvius\n|\n|upkeep\n|\n|t:|1700579397\n|switch|p1a: Thicc|Mudsdale, F|100\/100\n|-damage|p1a: Thicc|94\/100|[from] Stealth Rock\n|turn|6\n|\n|t:|1700579403\n|move|p2a: Kecleon|Aqua Tail|p1a: Thicc\n|-supereffective|p1a: Thicc\n|-damage|p1a: Thicc|47\/100\n|-ability|p1a: Thicc|Stamina|boost\n|-boost|p1a: Thicc|def|1\n|move|p1a: Thicc|Iron Defense|p1a: Thicc\n|-boost|p1a: Thicc|def|2\n|\n|-heal|p1a: Thicc|53\/100|[from] item: Leftovers\n|upkeep\n|turn|7\n|\n|t:|1700579419\n|switch|p2a: Glalie|Glalie, F|100\/100\n|move|p1a: Thicc|Body Press|p2a: Glalie\n|-supereffective|p2a: Glalie\n|-damage|p2a: Glalie|0 fnt\n|faint|p2a: Glalie\n|\n|-heal|p1a: Thicc|59\/100|[from] item: Leftovers\n|upkeep\n|c|\u2606LilMamaRebecca|he thicc\n|c|\u2606steals many wives|indeed\n|\n|t:|1700579438\n|switch|p2a: Kecleon|Kecleon, M|100\/100\n|turn|8\n|\n|t:|1700579446\n|move|p2a: Kecleon|Aqua Tail|p1a: Thicc\n|-start|p2a: Kecleon|typechange|Water|[from] ability: Protean\n|-supereffective|p1a: Thicc\n|-damage|p1a: Thicc|38\/100\n|-ability|p1a: Thicc|Stamina|boost\n|-boost|p1a: Thicc|def|1\n|move|p1a: Thicc|Body Press|p2a: Kecleon\n|-damage|p2a: Kecleon|0 fnt\n|faint|p2a: Kecleon\n|\n|-heal|p1a: Thicc|44\/100|[from] item: Leftovers\n|upkeep\n|\n|t:|1700579456\n|switch|p2a: Turtonator|Turtonator, M|100\/100\n|turn|9\n|c|\u2606steals many wives|The ultimate physical tank\n|\n|t:|1700579470\n|move|p2a: Turtonator|Dragon Pulse|p1a: Thicc\n|-damage|p1a: Thicc|17\/100\n|-ability|p1a: Thicc|Stamina|boost\n|-boost|p1a: Thicc|def|1\n|move|p1a: Thicc|Body Press|p2a: Turtonator\n|-damage|p2a: Turtonator|29\/100\n|\n|-heal|p2a: Turtonator|35\/100|[from] item: Leftovers\n|-heal|p1a: Thicc|23\/100|[from] item: Leftovers\n|upkeep\n|turn|10\n|c|\u2606steals many wives|Avalugg wishes it could be this good at tanking\n|\n|t:|1700579496\n|move|p2a: Turtonator|Dragon Pulse|p1a: Thicc\n|-damage|p1a: Thicc|0 fnt\n|faint|p1a: Thicc\n|\n|-heal|p2a: Turtonator|41\/100|[from] item: Leftovers\n|upkeep\n|c|\u2606LilMamaRebecca|hahahaha\n|\n|t:|1700579509\n|switch|p1a: Drilliam Wallace|Excadrill, M|100\/100\n|-damage|p1a: Drilliam Wallace|97\/100|[from] Stealth Rock\n|-ability|p1a: Drilliam Wallace|Mold Breaker\n|turn|11\n|\n|t:|1700579527\n|switch|p2a: Liepard|Liepard, M|91\/100\n|move|p1a: Drilliam Wallace|Rapid Spin|p2a: Liepard\n|-damage|p2a: Liepard|55\/100\n|-boost|p1a: Drilliam Wallace|spe|1\n|-sideend|p1: steals many wives|Stealth Rock|[from] move: Rapid Spin|[of] p1a: Drilliam Wallace\n|\n|upkeep\n|turn|12\n|\n|t:|1700579535\n|move|p2a: Liepard|Encore|p1a: Drilliam Wallace\n|-start|p1a: Drilliam Wallace|Encore\n|move|p1a: Drilliam Wallace|Rapid Spin|p2a: Liepard\n|-damage|p2a: Liepard|16\/100\n|-boost|p1a: Drilliam Wallace|spe|1\n|\n|upkeep\n|turn|13\n|\n|t:|1700579542\n|switch|p1a: Tortellini|Torterra, F|100\/100\n|move|p2a: Liepard|Knock Off|p1a: Tortellini\n|-damage|p1a: Tortellini|46\/100\n|-enditem|p1a: Tortellini|Loaded Dice|[from] move: Knock Off|[of] p2a: Liepard\n|-damage|p2a: Liepard|7\/100|[from] item: Life Orb\n|\n|upkeep\n|turn|14\n|c|\u2606steals many wives|oh no\n|c|\u2606steals many wives|this was poorly executed\n|\n|t:|1700579557\n|move|p2a: Liepard|Knock Off|p1a: Tortellini\n|-damage|p1a: Tortellini|14\/100\n|-damage|p2a: Liepard|0 fnt|[from] item: Life Orb\n|faint|p2a: Liepard\n|move|p1a: Tortellini|Bullet Seed|p2: Liepard|[notarget]\n|-fail|p1a: Tortellini\n|\n|upkeep\n|\n|t:|1700579565\n|switch|p2a: Mimikyu|Mimikyu, F|100\/100\n|turn|15\n|\n|t:|1700579567\n|move|p2a: Mimikyu|Bulk Up|p2a: Mimikyu\n|-boost|p2a: Mimikyu|atk|1\n|-boost|p2a: Mimikyu|def|1\n|move|p1a: Tortellini|Bullet Seed|p2a: Mimikyu\n|-activate|p2a: Mimikyu|ability: Disguise\n|-damage|p2a: Mimikyu|100\/100\n|detailschange|p2a: Mimikyu|Mimikyu-Busted, F\n|-damage|p2a: Mimikyu|88\/100|[from] pokemon: Mimikyu-Busted\n|-damage|p2a: Mimikyu|75\/100\n|-hitcount|p2a: Mimikyu|2\n|\n|upkeep\n|turn|16\n|\n|t:|1700579579\n|move|p2a: Mimikyu|Trailblaze|p1a: Tortellini\n|-damage|p1a: Tortellini|0 fnt\n|-boost|p2a: Mimikyu|spe|1\n|faint|p1a: Tortellini\n|\n|upkeep\n|\n|t:|1700579584\n|switch|p1a: Land Blimp|Clodsire, M|100\/100\n|turn|17\n|\n|t:|1700579593\n|move|p2a: Mimikyu|Shadow Claw|p1a: Land Blimp\n|-damage|p1a: Land Blimp|68\/100\n|move|p1a: Land Blimp|Poison Jab|p2a: Mimikyu\n|-damage|p2a: Mimikyu|27\/100\n|-enditem|p2a: Mimikyu|Sitrus Berry|[eat]\n|-heal|p2a: Mimikyu|51\/100|[from] item: Sitrus Berry\n|\n|upkeep\n|turn|18\n|\n|t:|1700579605\n|move|p2a: Mimikyu|Bulk Up|p2a: Mimikyu\n|-boost|p2a: Mimikyu|atk|1\n|-boost|p2a: Mimikyu|def|1\n|move|p1a: Land Blimp|Poison Jab|p2a: Mimikyu\n|-damage|p2a: Mimikyu|2\/100\n|-status|p2a: Mimikyu|psn\n|\n|-damage|p2a: Mimikyu|0 fnt|[from] psn\n|faint|p2a: Mimikyu\n|upkeep\n|c|\u2606steals many wives|haha\n|c|\u2606LilMamaRebecca|fk\n|\n|t:|1700579614\n|switch|p2a: Turtonator|Turtonator, M|41\/100\n|turn|19\n|c|\u2606steals many wives|i'm unaware\n|c|\u2606LilMamaRebecca|ofc\n|\n|t:|1700579629\n|-terastallize|p2a: Turtonator|Steel\n|-singleturn|p2a: Turtonator|move: Shell Trap\n|move|p1a: Land Blimp|Earthquake|p2a: Turtonator\n|-supereffective|p2a: Turtonator\n|-damage|p2a: Turtonator|0 fnt\n|faint|p2a: Turtonator\n|\n|win|steals many wives\n|raw|steals many wives's rating: 1157 &rarr; <strong>1177<\/strong><br \/>(+20 for winning)\n|raw|LilMamaRebecca's rating: 1088 &rarr; <strong>1069<\/strong><br \/>(-19 for losing)\n|c|\u2606steals many wives|you are unaware that i am unaware\n|c|\u2606LilMamaRebecca|xD\n|c|\u2606LilMamaRebecca|treu\n|c|\u2606LilMamaRebecca|gg\n|c|\u2606steals many wives|gg\n|l|\u2606LilMamaRebecca\n","uploadtime":1700579661,"views":0,"p1id":"stealsmanywives","p2id":"lilmamarebecca","formatid":"gen9nationaldex","rating":1069,"private":0,"password":""}