{"id":"gen9nationaldex-1989975191","p1":"Orange J 15","p2":"Th3K1ng123","format":"[Gen 9] National Dex","log":"|j|\u2606Orange J 15\n|j|\u2606Th3K1ng123\n|t:|1699911711\n|gametype|singles\n|player|p1|Orange J 15|n|1161\n|player|p2|Th3K1ng123|turo|1243\n|teamsize|p1|6\n|teamsize|p2|6\n|gen|9\n|tier|[Gen 9] National Dex\n|rated|\n|rule|HP Percentage Mod: HP is shown in percentages\n|rule|Endless Battle Clause: Forcing endless battles is banned\n|rule|OHKO Clause: OHKO moves are banned\n|rule|Evasion Clause: Evasion abilities, items, and moves are banned\n|rule|Evasion Abilities Clause: Evasion abilities are banned\n|rule|Evasion Items Clause: Evasion items are banned\n|rule|Evasion Moves Clause: Evasion moves are banned\n|rule|Species Clause: Limit one of each Pok\u00e9mon\n|rule|Sleep Clause Mod: Limit one foe put to sleep\n|clearpoke\n|poke|p1|Hippowdon, M|\n|poke|p1|Gastrodon-East, M|\n|poke|p1|Corviknight, M|\n|poke|p1|Sandaconda, F|\n|poke|p1|Camerupt, M|\n|poke|p1|Diancie|\n|poke|p2|Dragonite, M|\n|poke|p2|Excadrill, M|\n|poke|p2|Mamoswine, M|\n|poke|p2|Volcarona, F|\n|poke|p2|Serperior, F|\n|poke|p2|Alakazam, M|\n|teampreview\n|inactive|Battle timer is ON: inactive players will automatically lose when time's up. (requested by Th3K1ng123)\n|inactive|Orange J 15 also wants the timer to be on.\n|\n|t:|1699911723\n|start\n|switch|p1a: Hippowdon|Hippowdon, M|100\/100\n|switch|p2a: Noodler|Serperior, F, shiny|100\/100\n|-weather|Sandstorm|[from] ability: Sand Stream|[of] p1a: Hippowdon\n|turn|1\n|\n|t:|1699911733\n|switch|p1a: Camerupt|Camerupt, M|100\/100\n|move|p2a: Noodler|Leaf Storm|p1a: Camerupt\n|-damage|p1a: Camerupt|43\/100\n|-boost|p2a: Noodler|spa|2\n|\n|-weather|Sandstorm|[upkeep]\n|-damage|p2a: Noodler|94\/100|[from] Sandstorm\n|upkeep\n|turn|2\n|\n|t:|1699911750\n|detailschange|p1a: Camerupt|Camerupt-Mega, M\n|-mega|p1a: Camerupt|Camerupt|Cameruptite\n|move|p2a: Noodler|Leaf Storm|p1a: Camerupt\n|-damage|p1a: Camerupt|0 fnt\n|-boost|p2a: Noodler|spa|2\n|faint|p1a: Camerupt\n|\n|-weather|Sandstorm|[upkeep]\n|-damage|p2a: Noodler|88\/100|[from] Sandstorm\n|upkeep\n|\n|t:|1699911754\n|switch|p1a: Corviknight|Corviknight, M, shiny|100\/100\n|turn|3\n|\n|t:|1699911763\n|move|p2a: Noodler|Hidden Power|p1a: Corviknight\n|-supereffective|p1a: Corviknight\n|-damage|p1a: Corviknight|13\/100\n|move|p1a: Corviknight|Brave Bird|p2a: Noodler\n|-supereffective|p2a: Noodler\n|-damage|p2a: Noodler|0 fnt\n|faint|p2a: Noodler\n|-damage|p1a: Corviknight|0 fnt|[from] Recoil\n|faint|p1a: Corviknight\n|\n|-weather|Sandstorm|[upkeep]\n|upkeep\n|\n|t:|1699911778\n|switch|p2a: Thiccems|Mamoswine, M, shiny|100\/100\n|switch|p1a: Sandaconda|Sandaconda, F|100\/100\n|turn|4\n|\n|t:|1699911804\n|move|p1a: Sandaconda|Coil|p1a: Sandaconda\n|-boost|p1a: Sandaconda|atk|1\n|-boost|p1a: Sandaconda|def|1\n|-boost|p1a: Sandaconda|accuracy|1\n|move|p2a: Thiccems|Knock Off|p1a: Sandaconda\n|-damage|p1a: Sandaconda|89\/100\n|\n|-weather|Sandstorm|[upkeep]\n|upkeep\n|turn|5\n|\n|t:|1699911814\n|move|p1a: Sandaconda|Rock Slide|p2a: Thiccems\n|-damage|p2a: Thiccems|76\/100\n|move|p2a: Thiccems|Avalanche|p1a: Sandaconda\n|-supereffective|p1a: Sandaconda\n|-damage|p1a: Sandaconda|25\/100\n|\n|-weather|Sandstorm|[upkeep]\n|upkeep\n|turn|6\n|\n|t:|1699911822\n|-zpower|p1a: Sandaconda\n|move|p1a: Sandaconda|Tectonic Rage|p2a: Thiccems|[zeffect]\n|-damage|p2a: Thiccems|0 fnt\n|faint|p2a: Thiccems\n|\n|-weather|Sandstorm|[upkeep]\n|upkeep\n|\n|t:|1699911830\n|switch|p2a: Polilla|Volcarona, F, shiny|100\/100\n|turn|7\n|\n|t:|1699911835\n|move|p2a: Polilla|Giga Drain|p1a: Sandaconda\n|-supereffective|p1a: Sandaconda\n|-damage|p1a: Sandaconda|0 fnt\n|faint|p1a: Sandaconda\n|\n|-weather|Sandstorm|[upkeep]\n|-damage|p2a: Polilla|94\/100|[from] Sandstorm\n|upkeep\n|\n|t:|1699911841\n|switch|p1a: Diancie|Diancie, shiny|100\/100\n|turn|8\n|\n|t:|1699911844\n|-terastallize|p2a: Polilla|Grass\n|move|p2a: Polilla|Quiver Dance|p2a: Polilla\n|-boost|p2a: Polilla|spa|1\n|-boost|p2a: Polilla|spd|1\n|-boost|p2a: Polilla|spe|1\n|move|p1a: Diancie|Diamond Storm|p2a: Polilla\n|-damage|p2a: Polilla|36\/100\n|-boost|p1a: Diancie|def|2\n|\n|-weather|none\n|upkeep\n|turn|9\n|\n|t:|1699911855\n|move|p2a: Polilla|Giga Drain|p1a: Diancie\n|-supereffective|p1a: Diancie\n|-damage|p1a: Diancie|29\/100\n|-heal|p2a: Polilla|66\/100|[from] drain|[of] p1a: Diancie\n|move|p1a: Diancie|Diamond Storm|p2a: Polilla\n|-damage|p2a: Polilla|9\/100\n|-boost|p1a: Diancie|def|2\n|\n|upkeep\n|turn|10\n|\n|t:|1699911863\n|move|p2a: Polilla|Giga Drain|p1a: Diancie\n|-supereffective|p1a: Diancie\n|-damage|p1a: Diancie|0 fnt\n|-heal|p2a: Polilla|20\/100|[from] drain|[of] p1a: Diancie\n|faint|p1a: Diancie\n|\n|upkeep\n|\n|t:|1699911867\n|switch|p1a: Hippowdon|Hippowdon, M|100\/100\n|-weather|Sandstorm|[from] ability: Sand Stream|[of] p1a: Hippowdon\n|turn|11\n|\n|t:|1699911879\n|-terastallize|p1a: Hippowdon|Steel\n|move|p2a: Polilla|Giga Drain|p1a: Hippowdon\n|-resisted|p1a: Hippowdon\n|-damage|p1a: Hippowdon|72\/100\n|-heal|p2a: Polilla|38\/100|[from] drain|[of] p1a: Hippowdon\n|move|p1a: Hippowdon|Ice Fang|p2a: Polilla\n|-supereffective|p2a: Polilla\n|-damage|p2a: Polilla|0 fnt\n|faint|p2a: Polilla\n|\n|-weather|Sandstorm|[upkeep]\n|upkeep\n|\n|t:|1699911889\n|switch|p2a: Damage|Excadrill, M, shiny|100\/100\n|-ability|p2a: Damage|Mold Breaker\n|turn|12\n|\n|t:|1699911893\n|switch|p1a: Gastrodon|Gastrodon-East, M, shiny|100\/100\n|move|p2a: Damage|Earthquake|p1a: Gastrodon\n|-damage|p1a: Gastrodon|39\/100\n|\n|-weather|Sandstorm|[upkeep]\n|-heal|p1a: Gastrodon|45\/100|[from] item: Leftovers\n|upkeep\n|turn|13\n|\n|t:|1699911901\n|move|p2a: Damage|Earthquake|p1a: Gastrodon\n|-damage|p1a: Gastrodon|0 fnt\n|faint|p1a: Gastrodon\n|\n|-weather|Sandstorm|[upkeep]\n|upkeep\n|-message|Orange J 15 forfeited.\n|\n|win|Th3K1ng123\n|raw|Orange J 15's rating: 1161 &rarr; <strong>1142<\/strong><br \/>(-19 for losing)\n|raw|Th3K1ng123's rating: 1243 &rarr; <strong>1262<\/strong><br \/>(+19 for winning)\n|l|\u2606Orange J 15\n","uploadtime":1699911908,"views":4,"p1id":"orangej15","p2id":"th3k1ng123","formatid":"gen9nationaldex","rating":1142,"private":0,"password":""}