{"id":"gen9nationaldex-1993539539","p1":"Mandanos","p2":"runeatest","format":"[Gen 9] National Dex","log":"|j|\u2606Mandanos\n|j|\u2606runeatest\n|t:|1700329553\n|gametype|singles\n|player|p1|Mandanos|266|1225\n|player|p2|runeatest|fisherman-gen4|1231\n|teamsize|p1|6\n|teamsize|p2|6\n|gen|9\n|tier|[Gen 9] National Dex\n|rated|\n|rule|HP Percentage Mod: HP is shown in percentages\n|rule|Endless Battle Clause: Forcing endless battles is banned\n|rule|OHKO Clause: OHKO moves are banned\n|rule|Evasion Clause: Evasion abilities, items, and moves are banned\n|rule|Evasion Abilities Clause: Evasion abilities are banned\n|rule|Evasion Items Clause: Evasion items are banned\n|rule|Evasion Moves Clause: Evasion moves are banned\n|rule|Species Clause: Limit one of each Pok\u00e9mon\n|rule|Sleep Clause Mod: Limit one foe put to sleep\n|clearpoke\n|poke|p1|Lycanroc-Dusk, F|\n|poke|p1|Dragonite, F|\n|poke|p1|Volcarona, F|\n|poke|p1|Aegislash, M|\n|poke|p1|Beedrill, M|\n|poke|p1|Tornadus-Therian, M|\n|poke|p2|Sylveon, M|\n|poke|p2|Haxorus, M|\n|poke|p2|Linoone, M|\n|poke|p2|Manectric, M|\n|poke|p2|Krookodile, M|\n|poke|p2|Mantine, M|\n|teampreview\n|inactive|Battle timer is ON: inactive players will automatically lose when time's up. (requested by runeatest)\n|\n|t:|1700329565\n|start\n|switch|p1a: Beedrill|Beedrill, M|100\/100\n|switch|p2a: Krookodile|Krookodile, M|100\/100\n|-ability|p2a: Krookodile|Intimidate|boost\n|-unboost|p1a: Beedrill|atk|1\n|turn|1\n|\n|t:|1700329573\n|detailschange|p1a: Beedrill|Beedrill-Mega, M\n|-mega|p1a: Beedrill|Beedrill|Beedrillite\n|move|p1a: Beedrill|U-turn|p2a: Krookodile\n|-supereffective|p2a: Krookodile\n|-damage|p2a: Krookodile|42\/100\n|-damage|p1a: Beedrill|84\/100|[from] item: Rocky Helmet|[of] p2a: Krookodile\n|\n|t:|1700329583\n|switch|p1a: Lycanroc|Lycanroc-Dusk, F|100\/100|[from] U-turn\n|move|p2a: Krookodile|Taunt|p1a: Lycanroc\n|-start|p1a: Lycanroc|move: Taunt\n|\n|upkeep\n|turn|2\n|\n|t:|1700329591\n|move|p1a: Lycanroc|Close Combat|p2a: Krookodile\n|-supereffective|p2a: Krookodile\n|-damage|p2a: Krookodile|0 fnt\n|-unboost|p1a: Lycanroc|def|1\n|-unboost|p1a: Lycanroc|spd|1\n|-damage|p1a: Lycanroc|84\/100|[from] item: Rocky Helmet|[of] p2a: Krookodile\n|faint|p2a: Krookodile\n|\n|upkeep\n|\n|t:|1700329600\n|switch|p2a: Mantine|Mantine, M|100\/100\n|turn|3\n|\n|t:|1700329606\n|move|p1a: Lycanroc|Accelerock|p2a: Mantine\n|-supereffective|p2a: Mantine\n|-damage|p2a: Mantine|59\/100\n|move|p2a: Mantine|Hydro Pump|p1a: Lycanroc\n|-supereffective|p1a: Lycanroc\n|-damage|p1a: Lycanroc|0 fnt\n|faint|p1a: Lycanroc\n|\n|-heal|p2a: Mantine|65\/100|[from] item: Leftovers\n|upkeep\n|\n|t:|1700329615\n|switch|p1a: Beedrill|Beedrill-Mega, M|84\/100\n|turn|4\n|\n|t:|1700329620\n|move|p1a: Beedrill|Poison Jab|p2a: Mantine\n|-damage|p2a: Mantine|8\/100\n|move|p2a: Mantine|Air Slash|p1a: Beedrill\n|-supereffective|p1a: Beedrill\n|-damage|p1a: Beedrill|19\/100\n|\n|-heal|p2a: Mantine|14\/100|[from] item: Leftovers\n|upkeep\n|turn|5\n|\n|t:|1700329627\n|move|p1a: Beedrill|Fell Stinger|p2a: Mantine\n|-resisted|p2a: Mantine\n|-damage|p2a: Mantine|0 fnt\n|faint|p2a: Mantine\n|-boost|p1a: Beedrill|atk|3\n|\n|upkeep\n|\n|t:|1700329632\n|switch|p2a: Lionel Messi|Linoone, M|100\/100\n|turn|6\n|\n|t:|1700329635\n|switch|p1a: Aegislash|Aegislash, M|100\/100\n|move|p2a: Lionel Messi|Extreme Speed|p1a: Aegislash\n|-immune|p1a: Aegislash\n|\n|upkeep\n|turn|7\n|\n|t:|1700329640\n|move|p2a: Lionel Messi|Belly Drum|p2a: Lionel Messi\n|-damage|p2a: Lionel Messi|50\/100\n|-setboost|p2a: Lionel Messi|atk|6|[from] move: Belly Drum\n|-enditem|p2a: Lionel Messi|Mago Berry|[eat]\n|-heal|p2a: Lionel Messi|84\/100|[from] item: Mago Berry\n|move|p1a: Aegislash|Swords Dance|p1a: Aegislash\n|-boost|p1a: Aegislash|atk|2\n|\n|upkeep\n|turn|8\n|\n|t:|1700329649\n|move|p2a: Lionel Messi|Stomping Tantrum|p1a: Aegislash\n|-supereffective|p1a: Aegislash\n|-damage|p1a: Aegislash|0 fnt\n|faint|p1a: Aegislash\n|\n|upkeep\n|\n|t:|1700329651\n|switch|p1a: Dragonite|Dragonite, F|100\/100\n|turn|9\n|\n|t:|1700329654\n|-terastallize|p1a: Dragonite|Normal\n|move|p2a: Lionel Messi|Extreme Speed|p1a: Dragonite\n|-damage|p1a: Dragonite|37\/100\n|move|p1a: Dragonite|Extreme Speed|p2a: Lionel Messi\n|-damage|p2a: Lionel Messi|2\/100\n|\n|upkeep\n|turn|10\n|\n|t:|1700329662\n|move|p2a: Lionel Messi|Extreme Speed|p1a: Dragonite\n|-damage|p1a: Dragonite|0 fnt\n|faint|p1a: Dragonite\n|\n|upkeep\n|c|\u2606runeatest|LOL\n|inactive|Mandanos has 120 seconds left.\n|c|\u2606runeatest|STUPID!\n|inactive|Mandanos has 90 seconds left.\n|inactive|Mandanos has 60 seconds left.\n|inactive|Mandanos has 30 seconds left.\n|inactive|Mandanos has 20 seconds left.\n|inactive|Mandanos has 15 seconds left.\n|inactive|Mandanos has 10 seconds left.\n|inactive|Mandanos has 5 seconds left.\n|-message|Mandanos lost due to inactivity.\n|\n|win|runeatest\n|raw|Mandanos's rating: 1225 &rarr; <strong>1200<\/strong><br \/>(-25 for losing)\n|raw|runeatest's rating: 1231 &rarr; <strong>1256<\/strong><br \/>(+25 for winning)\n","uploadtime":1700329817,"views":6,"p1id":"mandanos","p2id":"runeatest","formatid":"gen9nationaldex","rating":1200,"private":0,"password":""}