{"id":"gen9nationaldex-1993852534","p1":"daybreak wave2","p2":"AIZHIDAO","format":"[Gen 9] National Dex","log":"|j|\u2606daybreak wave2\n|j|\u2606AIZHIDAO\n|t:|1700365433\n|gametype|singles\n|player|p1|daybreak wave2|lillie-masters2|1264\n|player|p2|AIZHIDAO|roxanne|1322\n|teamsize|p1|6\n|teamsize|p2|6\n|gen|9\n|tier|[Gen 9] National Dex\n|rated|\n|rule|HP Percentage Mod: HP is shown in percentages\n|rule|Endless Battle Clause: Forcing endless battles is banned\n|rule|OHKO Clause: OHKO moves are banned\n|rule|Evasion Clause: Evasion abilities, items, and moves are banned\n|rule|Evasion Abilities Clause: Evasion abilities are banned\n|rule|Evasion Items Clause: Evasion items are banned\n|rule|Evasion Moves Clause: Evasion moves are banned\n|rule|Species Clause: Limit one of each Pok\u00e9mon\n|rule|Sleep Clause Mod: Limit one foe put to sleep\n|clearpoke\n|poke|p1|Pinsir, M|\n|poke|p1|Aegislash, M|\n|poke|p1|Ogerpon-Wellspring, F|\n|poke|p1|Moltres|\n|poke|p1|Electrode-Hisui|\n|poke|p1|Clodsire, F|\n|poke|p2|Absol, F|\n|poke|p2|Rillaboom, F|\n|poke|p2|Urshifu-*, M|\n|poke|p2|Sneasler, F|\n|poke|p2|Zapdos|\n|poke|p2|Ogerpon-Cornerstone, F|\n|teampreview\n|\n|t:|1700365460\n|start\n|switch|p1a: Electrode|Electrode-Hisui|100\/100\n|switch|p2a: \u707e\u517d\u7a81\u7a81\u7a81|Absol, F|100\/100\n|turn|1\n|\n|t:|1700365484\n|detailschange|p2a: \u707e\u517d\u7a81\u7a81\u7a81|Absol-Mega, F\n|-mega|p2a: \u707e\u517d\u7a81\u7a81\u7a81|Absol|Absolite\n|move|p2a: \u707e\u517d\u7a81\u7a81\u7a81|Sucker Punch|p1a: Electrode\n|-damage|p1a: Electrode|33\/100\n|move|p1a: Electrode|Leaf Storm|p2a: \u707e\u517d\u7a81\u7a81\u7a81\n|-damage|p2a: \u707e\u517d\u7a81\u7a81\u7a81|0 fnt\n|-unboost|p1a: Electrode|spa|2\n|faint|p2a: \u707e\u517d\u7a81\u7a81\u7a81\n|\n|upkeep\n|\n|t:|1700365508\n|switch|p2a: \u7329\u7329\u6ed1\u6ed1\u6ed1|Rillaboom, F|100\/100\n|-fieldstart|move: Grassy Terrain|[from] ability: Grassy Surge|[of] p2a: \u7329\u7329\u6ed1\u6ed1\u6ed1\n|turn|2\n|\n|t:|1700365512\n|switch|p1a: Moltres|Moltres|100\/100\n|move|p2a: \u7329\u7329\u6ed1\u6ed1\u6ed1|U-turn|p1a: Moltres\n|-resisted|p1a: Moltres\n|-damage|p1a: Moltres|97\/100\n|\n|t:|1700365520\n|switch|p2a: \u718a\u5e08\u5085\u6253\u6253\u6253|Urshifu-Rapid-Strike, M|100\/100|[from] U-turn\n|\n|upkeep\n|turn|3\n|inactive|Battle timer is ON: inactive players will automatically lose when time's up. (requested by AIZHIDAO)\n|\n|t:|1700365555\n|switch|p1a: Clodsire|Clodsire, F|100\/100\n|-terastallize|p2a: \u718a\u5e08\u5085\u6253\u6253\u6253|Water\n|move|p2a: \u718a\u5e08\u5085\u6253\u6253\u6253|Surging Strikes|p1a: Clodsire\n|-supereffective|p1a: Clodsire\n|-crit|p1a: Clodsire\n|-damage|p1a: Clodsire|44\/100\n|-supereffective|p1a: Clodsire\n|-crit|p1a: Clodsire\n|-damage|p1a: Clodsire|0 fnt\n|faint|p1a: Clodsire\n|-hitcount|p1: Clodsire|2\n|\n|upkeep\n|\n|t:|1700365569\n|switch|p1a: Ogerpon|Ogerpon-Wellspring, F|100\/100\n|turn|4\n|\n|t:|1700365583\n|switch|p2a: \u7329\u7329\u6ed1\u6ed1\u6ed1|Rillaboom, F|100\/100\n|move|p1a: Ogerpon|Horn Leech|p2a: \u7329\u7329\u6ed1\u6ed1\u6ed1\n|-resisted|p2a: \u7329\u7329\u6ed1\u6ed1\u6ed1\n|-damage|p2a: \u7329\u7329\u6ed1\u6ed1\u6ed1|70\/100\n|\n|-heal|p2a: \u7329\u7329\u6ed1\u6ed1\u6ed1|76\/100|[from] Grassy Terrain\n|upkeep\n|turn|5\n|\n|t:|1700365592\n|switch|p1a: Moltres|Moltres|97\/100\n|move|p2a: \u7329\u7329\u6ed1\u6ed1\u6ed1|Drain Punch|p1a: Moltres\n|-resisted|p1a: Moltres\n|-damage|p1a: Moltres|87\/100\n|-heal|p2a: \u7329\u7329\u6ed1\u6ed1\u6ed1|81\/100|[from] drain|[of] p1a: Moltres\n|-status|p2a: \u7329\u7329\u6ed1\u6ed1\u6ed1|brn|[from] ability: Flame Body|[of] p1a: Moltres\n|\n|-heal|p2a: \u7329\u7329\u6ed1\u6ed1\u6ed1|88\/100 brn|[from] Grassy Terrain\n|-damage|p2a: \u7329\u7329\u6ed1\u6ed1\u6ed1|81\/100 brn|[from] brn\n|upkeep\n|turn|6\n|\n|t:|1700365607\n|switch|p2a: \u5403\u4ffa\u8001\u692a\u4e00\u68d2|Ogerpon-Cornerstone, F|100\/100\n|move|p1a: Moltres|U-turn|p2a: \u5403\u4ffa\u8001\u692a\u4e00\u68d2\n|-supereffective|p2a: \u5403\u4ffa\u8001\u692a\u4e00\u68d2\n|-damage|p2a: \u5403\u4ffa\u8001\u692a\u4e00\u68d2|65\/100\n|\n|t:|1700365621\n|switch|p1a: Ogerpon|Ogerpon-Wellspring, F|100\/100|[from] U-turn\n|\n|-heal|p2a: \u5403\u4ffa\u8001\u692a\u4e00\u68d2|71\/100|[from] Grassy Terrain\n|-fieldend|move: Grassy Terrain\n|upkeep\n|turn|7\n|\n|t:|1700365636\n|switch|p2a: \u7329\u7329\u6ed1\u6ed1\u6ed1|Rillaboom, F|81\/100 brn\n|-fieldstart|move: Grassy Terrain|[from] ability: Grassy Surge|[of] p2a: \u7329\u7329\u6ed1\u6ed1\u6ed1\n|move|p1a: Ogerpon|Ivy Cudgel|p2a: \u7329\u7329\u6ed1\u6ed1\u6ed1|[anim] Ivy Cudgel Water\n|-resisted|p2a: \u7329\u7329\u6ed1\u6ed1\u6ed1\n|-damage|p2a: \u7329\u7329\u6ed1\u6ed1\u6ed1|49\/100 brn\n|\n|-heal|p2a: \u7329\u7329\u6ed1\u6ed1\u6ed1|55\/100 brn|[from] Grassy Terrain\n|-damage|p2a: \u7329\u7329\u6ed1\u6ed1\u6ed1|49\/100 brn|[from] brn\n|upkeep\n|turn|8\n|\n|t:|1700365648\n|move|p1a: Ogerpon|Swords Dance|p1a: Ogerpon\n|-boost|p1a: Ogerpon|atk|2\n|move|p2a: \u7329\u7329\u6ed1\u6ed1\u6ed1|U-turn|p1a: Ogerpon\n|-supereffective|p1a: Ogerpon\n|-damage|p1a: Ogerpon|70\/100\n|\n|t:|1700365653\n|switch|p2a: \u5927\u72c3\u62c9\u6742\u6742\u6742|Sneasler, F|100\/100|[from] U-turn\n|-enditem|p2a: \u5927\u72c3\u62c9\u6742\u6742\u6742|Grassy Seed\n|-boost|p2a: \u5927\u72c3\u62c9\u6742\u6742\u6742|def|1|[from] item: Grassy Seed\n|\n|-heal|p1a: Ogerpon|76\/100|[from] Grassy Terrain\n|upkeep\n|turn|9\n|\n|t:|1700365661\n|move|p2a: \u5927\u72c3\u62c9\u6742\u6742\u6742|Acrobatics|p1a: Ogerpon\n|-supereffective|p1a: Ogerpon\n|-damage|p1a: Ogerpon|0 fnt\n|faint|p1a: Ogerpon\n|\n|upkeep\n|\n|t:|1700365666\n|switch|p1a: Aegislash|Aegislash, M, shiny|100\/100\n|turn|10\n|\n|t:|1700365676\n|switch|p2a: \u718a\u5e08\u5085\u6253\u6253\u6253|Urshifu-Rapid-Strike, M, tera:Water|100\/100\n|-zpower|p1a: Aegislash\n|-formechange|p1a: Aegislash|Aegislash-Blade||[from] ability: Stance Change\n|move|p1a: Aegislash|Never-Ending Nightmare|p2a: \u718a\u5e08\u5085\u6253\u6253\u6253|[zeffect]\n|-damage|p2a: \u718a\u5e08\u5085\u6253\u6253\u6253|0 fnt\n|faint|p2a: \u718a\u5e08\u5085\u6253\u6253\u6253\n|\n|upkeep\n|\n|t:|1700365690\n|switch|p2a: \u7ecf\u5178\u7535\u51b0\u6253\u51fb|Zapdos|100\/100\n|turn|11\n|\n|t:|1700365712\n|-formechange|p1a: Aegislash|Aegislash||[from] ability: Stance Change\n|move|p1a: Aegislash|King's Shield|p1a: Aegislash\n|-singleturn|p1a: Aegislash|Protect\n|-zpower|p2a: \u7ecf\u5178\u7535\u51b0\u6253\u51fb\n|move|p2a: \u7ecf\u5178\u7535\u51b0\u6253\u51fb|Gigavolt Havoc|p1a: Aegislash|[zeffect]\n|-zbroken|p1a: Aegislash\n|-damage|p1a: Aegislash|81\/100\n|\n|-heal|p1a: Aegislash|87\/100|[from] Grassy Terrain\n|-fieldend|move: Grassy Terrain\n|upkeep\n|turn|12\n|\n|t:|1700365724\n|move|p2a: \u7ecf\u5178\u7535\u51b0\u6253\u51fb|Thunderbolt|p1a: Aegislash\n|-damage|p1a: Aegislash|51\/100\n|-formechange|p1a: Aegislash|Aegislash-Blade||[from] ability: Stance Change\n|move|p1a: Aegislash|Shadow Ball|p2a: \u7ecf\u5178\u7535\u51b0\u6253\u51fb\n|-damage|p2a: \u7ecf\u5178\u7535\u51b0\u6253\u51fb|52\/100\n|-unboost|p2a: \u7ecf\u5178\u7535\u51b0\u6253\u51fb|spd|1\n|\n|upkeep\n|turn|13\n|\n|t:|1700365734\n|switch|p2a: \u7329\u7329\u6ed1\u6ed1\u6ed1|Rillaboom, F|49\/100 brn\n|-fieldstart|move: Grassy Terrain|[from] ability: Grassy Surge|[of] p2a: \u7329\u7329\u6ed1\u6ed1\u6ed1\n|move|p1a: Aegislash|Shadow Ball|p2a: \u7329\u7329\u6ed1\u6ed1\u6ed1\n|-crit|p2a: \u7329\u7329\u6ed1\u6ed1\u6ed1\n|-damage|p2a: \u7329\u7329\u6ed1\u6ed1\u6ed1|0 fnt\n|faint|p2a: \u7329\u7329\u6ed1\u6ed1\u6ed1\n|\n|-heal|p1a: Aegislash|57\/100|[from] Grassy Terrain\n|upkeep\n|\n|t:|1700365747\n|switch|p2a: \u7ecf\u5178\u7535\u51b0\u6253\u51fb|Zapdos|52\/100\n|turn|14\n|\n|t:|1700365754\n|move|p2a: \u7ecf\u5178\u7535\u51b0\u6253\u51fb|Thunderbolt|p1a: Aegislash\n|-damage|p1a: Aegislash|0 fnt\n|faint|p1a: Aegislash\n|\n|upkeep\n|\n|t:|1700365759\n|switch|p1a: Electrode|Electrode-Hisui|33\/100\n|turn|15\n|\n|t:|1700365775\n|-terastallize|p1a: Electrode|Ice\n|move|p1a: Electrode|Tera Blast|p2a: \u7ecf\u5178\u7535\u51b0\u6253\u51fb|[anim] Tera Blast Ice\n|-supereffective|p2a: \u7ecf\u5178\u7535\u51b0\u6253\u51fb\n|-damage|p2a: \u7ecf\u5178\u7535\u51b0\u6253\u51fb|0 fnt\n|faint|p2a: \u7ecf\u5178\u7535\u51b0\u6253\u51fb\n|\n|-heal|p1a: Electrode|39\/100|[from] Grassy Terrain\n|upkeep\n|\n|t:|1700365804\n|switch|p2a: \u5927\u72c3\u62c9\u6742\u6742\u6742|Sneasler, F|100\/100\n|turn|16\n|\n|t:|1700365812\n|switch|p1a: Moltres|Moltres|87\/100\n|move|p2a: \u5927\u72c3\u62c9\u6742\u6742\u6742|Close Combat|p1a: Moltres\n|-resisted|p1a: Moltres\n|-damage|p1a: Moltres|64\/100\n|-unboost|p2a: \u5927\u72c3\u62c9\u6742\u6742\u6742|def|1\n|-unboost|p2a: \u5927\u72c3\u62c9\u6742\u6742\u6742|spd|1\n|\n|upkeep\n|turn|17\n|\n|t:|1700365820\n|switch|p2a: \u5403\u4ffa\u8001\u692a\u4e00\u68d2|Ogerpon-Cornerstone, F|71\/100\n|move|p1a: Moltres|Flamethrower|p2a: \u5403\u4ffa\u8001\u692a\u4e00\u68d2\n|-damage|p2a: \u5403\u4ffa\u8001\u692a\u4e00\u68d2|24\/100\n|\n|-heal|p2a: \u5403\u4ffa\u8001\u692a\u4e00\u68d2|30\/100|[from] Grassy Terrain\n|-fieldend|move: Grassy Terrain\n|upkeep\n|turn|18\n|\n|t:|1700365833\n|switch|p1a: Pinsir|Pinsir, M, shiny|100\/100\n|move|p2a: \u5403\u4ffa\u8001\u692a\u4e00\u68d2|Ivy Cudgel|p1a: Pinsir|[anim] Ivy Cudgel Rock\n|-supereffective|p1a: Pinsir\n|-damage|p1a: Pinsir|0 fnt\n|faint|p1a: Pinsir\n|\n|upkeep\n|\n|t:|1700365839\n|switch|p1a: Electrode|Electrode-Hisui, tera:Ice|39\/100\n|turn|19\n|\n|t:|1700365848\n|switch|p2a: \u5927\u72c3\u62c9\u6742\u6742\u6742|Sneasler, F|100\/100\n|move|p1a: Electrode|Tera Blast|p2a: \u5927\u72c3\u62c9\u6742\u6742\u6742|[anim] Tera Blast Ice\n|-damage|p2a: \u5927\u72c3\u62c9\u6742\u6742\u6742|43\/100\n|\n|upkeep\n|turn|20\n|\n|t:|1700365862\n|move|p1a: Electrode|Tera Blast|p2a: \u5927\u72c3\u62c9\u6742\u6742\u6742|[anim] Tera Blast Ice\n|-damage|p2a: \u5927\u72c3\u62c9\u6742\u6742\u6742|0 fnt\n|faint|p2a: \u5927\u72c3\u62c9\u6742\u6742\u6742\n|\n|upkeep\n|\n|t:|1700365872\n|switch|p2a: \u5403\u4ffa\u8001\u692a\u4e00\u68d2|Ogerpon-Cornerstone, F|30\/100\n|turn|21\n|\n|t:|1700365876\n|move|p1a: Electrode|Tera Blast|p2a: \u5403\u4ffa\u8001\u692a\u4e00\u68d2|[anim] Tera Blast Ice\n|-supereffective|p2a: \u5403\u4ffa\u8001\u692a\u4e00\u68d2\n|-crit|p2a: \u5403\u4ffa\u8001\u692a\u4e00\u68d2\n|-damage|p2a: \u5403\u4ffa\u8001\u692a\u4e00\u68d2|0 fnt\n|faint|p2a: \u5403\u4ffa\u8001\u692a\u4e00\u68d2\n|\n|win|daybreak wave2\n|raw|daybreak wave2's rating: 1264 &rarr; <strong>1293<\/strong><br \/>(+29 for winning)\n|raw|AIZHIDAO's rating: 1322 &rarr; <strong>1299<\/strong><br \/>(-23 for losing)\n|l|\u2606AIZHIDAO\n","uploadtime":1700365883,"views":8,"p1id":"daybreakwave2","p2id":"aizhidao","formatid":"gen9nationaldex","rating":1293,"private":0,"password":""}