{"id":"gen9nationaldex-1992463521","p1":"Fallout 3 Enjoyer","p2":"SorinhaBrando","format":"[Gen 9] National Dex","log":"|j|\u2606Fallout 3 Enjoyer\n|j|\u2606SorinhaBrando\n|t:|1700190671\n|gametype|singles\n|player|p1|Fallout 3 Enjoyer|acetrainerf|1120\n|player|p2|SorinhaBrando|alec-anime|1165\n|teamsize|p1|6\n|teamsize|p2|6\n|gen|9\n|tier|[Gen 9] National Dex\n|rated|\n|rule|HP Percentage Mod: HP is shown in percentages\n|rule|Endless Battle Clause: Forcing endless battles is banned\n|rule|OHKO Clause: OHKO moves are banned\n|rule|Evasion Clause: Evasion abilities, items, and moves are banned\n|rule|Evasion Abilities Clause: Evasion abilities are banned\n|rule|Evasion Items Clause: Evasion items are banned\n|rule|Evasion Moves Clause: Evasion moves are banned\n|rule|Species Clause: Limit one of each Pok\u00e9mon\n|rule|Sleep Clause Mod: Limit one foe put to sleep\n|clearpoke\n|poke|p1|Clodsire, F|\n|poke|p1|Bellibolt, F|\n|poke|p1|Politoed, F|\n|poke|p1|Poliwrath, F|\n|poke|p1|Swampert, F|\n|poke|p1|Toxicroak, F|\n|poke|p2|Pangoro, M|\n|poke|p2|Emolga, F|\n|poke|p2|Aegislash, F|\n|poke|p2|Slowbro, M|\n|poke|p2|Ambipom, M|\n|poke|p2|Rhyperior, M|\n|teampreview\n|inactive|Battle timer is ON: inactive players will automatically lose when time's up. (requested by Fallout 3 Enjoyer)\n|\n|t:|1700190680\n|start\n|switch|p1a: Damp Frog|Politoed, F, shiny|100\/100\n|switch|p2a: Perion|Rhyperior, M|100\/100\n|-weather|RainDance|[from] ability: Drizzle|[of] p1a: Damp Frog\n|turn|1\n|\n|t:|1700190690\n|-terastallize|p2a: Perion|Dragon\n|move|p1a: Damp Frog|Scald|p2a: Perion\n|-resisted|p2a: Perion\n|-damage|p2a: Perion|76\/100\n|-status|p2a: Perion|brn\n|move|p2a: Perion|Stealth Rock|p1a: Damp Frog\n|-sidestart|p1: Fallout 3 Enjoyer|move: Stealth Rock\n|\n|-weather|RainDance|[upkeep]\n|-damage|p2a: Perion|70\/100 brn|[from] brn\n|upkeep\n|turn|2\n|\n|t:|1700190703\n|move|p1a: Damp Frog|Ice Beam|p2a: Perion\n|-supereffective|p2a: Perion\n|-damage|p2a: Perion|33\/100 brn\n|move|p2a: Perion|Rock Wrecker|p1a: Damp Frog\n|-crit|p1a: Damp Frog\n|-damage|p1a: Damp Frog|29\/100\n|-mustrecharge|p2a: Perion\n|\n|-weather|RainDance|[upkeep]\n|-damage|p2a: Perion|27\/100 brn|[from] brn\n|upkeep\n|turn|3\n|\n|t:|1700190713\n|move|p1a: Damp Frog|Ice Beam|p2a: Perion\n|-supereffective|p2a: Perion\n|-damage|p2a: Perion|0 fnt\n|faint|p2a: Perion\n|\n|-weather|RainDance|[upkeep]\n|upkeep\n|\n|t:|1700190718\n|switch|p2a: Poom|Pangoro, M|100\/100\n|turn|4\n|\n|t:|1700190724\n|switch|p1a: Poison Frog|Toxicroak, F|100\/100\n|move|p2a: Poom|Bulk Up|p2a: Poom\n|-boost|p2a: Poom|atk|1\n|-boost|p2a: Poom|def|1\n|\n|-weather|RainDance|[upkeep]\n|upkeep\n|turn|5\n|\n|t:|1700190737\n|move|p1a: Poison Frog|Fake Out|p2a: Poom\n|-damage|p2a: Poom|90\/100\n|cant|p2a: Poom|flinch\n|\n|-weather|RainDance|[upkeep]\n|upkeep\n|turn|6\n|\n|t:|1700190742\n|move|p1a: Poison Frog|Brick Break|p2a: Poom\n|-supereffective|p2a: Poom\n|-damage|p2a: Poom|37\/100\n|move|p2a: Poom|Drain Punch|p1a: Poison Frog\n|-resisted|p1a: Poison Frog\n|-damage|p1a: Poison Frog|20\/100\n|-heal|p2a: Poom|68\/100|[from] drain|[of] p1a: Poison Frog\n|-damage|p2a: Poom|58\/100|[from] item: Life Orb\n|\n|-weather|RainDance|[upkeep]\n|-heal|p1a: Poison Frog|32\/100|[from] ability: Dry Skin\n|upkeep\n|turn|7\n|\n|t:|1700190752\n|move|p2a: Poom|Bullet Punch|p1a: Poison Frog\n|-damage|p1a: Poison Frog|0 fnt\n|faint|p1a: Poison Frog\n|-damage|p2a: Poom|48\/100|[from] item: Life Orb\n|\n|-weather|RainDance|[upkeep]\n|upkeep\n|\n|t:|1700190758\n|switch|p1a: Roid Frog|Swampert, F|100\/100\n|-damage|p1a: Roid Frog|94\/100|[from] Stealth Rock\n|turn|8\n|\n|t:|1700190762\n|detailschange|p1a: Roid Frog|Swampert-Mega, F\n|-mega|p1a: Roid Frog|Swampert|Swampertite\n|move|p1a: Roid Frog|Earthquake|p2a: Poom\n|-damage|p2a: Poom|3\/100\n|move|p2a: Poom|Drain Punch|p1a: Roid Frog\n|-damage|p1a: Roid Frog|0 fnt\n|-heal|p2a: Poom|44\/100|[from] drain|[of] p1a: Roid Frog\n|faint|p1a: Roid Frog\n|-damage|p2a: Poom|34\/100|[from] item: Life Orb\n|\n|-weather|none\n|upkeep\n|\n|t:|1700190775\n|switch|p1a: Damp Frog|Politoed, F, shiny|29\/100\n|-damage|p1a: Damp Frog|16\/100|[from] Stealth Rock\n|-weather|RainDance|[from] ability: Drizzle|[of] p1a: Damp Frog\n|turn|9\n|\n|t:|1700190790\n|move|p2a: Poom|Bullet Punch|p1a: Damp Frog\n|-resisted|p1a: Damp Frog\n|-damage|p1a: Damp Frog|0 fnt\n|faint|p1a: Damp Frog\n|-damage|p2a: Poom|24\/100|[from] item: Life Orb\n|\n|-weather|RainDance|[upkeep]\n|upkeep\n|\n|t:|1700190796\n|switch|p1a: Fisty Frog|Poliwrath, F|100\/100\n|-damage|p1a: Fisty Frog|94\/100|[from] Stealth Rock\n|turn|10\n|\n|t:|1700190803\n|switch|p2a: Joana|Aegislash, F|100\/100\n|move|p1a: Fisty Frog|Drain Punch|p2a: Joana\n|-immune|p2a: Joana\n|\n|-weather|RainDance|[upkeep]\n|upkeep\n|turn|11\n|\n|t:|1700190818\n|-terastallize|p1a: Fisty Frog|Dark\n|move|p2a: Joana|King's Shield|p2a: Joana\n|-singleturn|p2a: Joana|Protect\n|move|p1a: Fisty Frog|Darkest Lariat|p2a: Joana\n|-activate|p2a: Joana|move: Protect\n|-unboost|p1a: Fisty Frog|atk|1\n|\n|-weather|RainDance|[upkeep]\n|upkeep\n|turn|12\n|\n|t:|1700190836\n|move|p1a: Fisty Frog|Darkest Lariat|p2a: Joana\n|-supereffective|p2a: Joana\n|-damage|p2a: Joana|59\/100\n|-formechange|p2a: Joana|Aegislash-Blade||[from] ability: Stance Change\n|move|p2a: Joana|Sacred Sword|p1a: Fisty Frog\n|-supereffective|p1a: Fisty Frog\n|-damage|p1a: Fisty Frog|16\/100\n|\n|-weather|RainDance|[upkeep]\n|-heal|p2a: Joana|65\/100|[from] item: Leftovers\n|upkeep\n|turn|13\n|\n|t:|1700190845\n|switch|p1a: Clodsire|Clodsire, F|100\/100\n|-damage|p1a: Clodsire|94\/100|[from] Stealth Rock\n|-formechange|p2a: Joana|Aegislash||[from] ability: Stance Change\n|move|p2a: Joana|King's Shield||[still]\n|-fail|p2a: Joana\n|\n|-weather|RainDance|[upkeep]\n|-heal|p2a: Joana|71\/100|[from] item: Leftovers\n|-heal|p1a: Clodsire|100\/100|[from] item: Black Sludge\n|upkeep\n|turn|14\n|\n|t:|1700190856\n|-formechange|p2a: Joana|Aegislash-Blade||[from] ability: Stance Change\n|move|p2a: Joana|Shadow Sneak|p1a: Clodsire\n|-damage|p1a: Clodsire|82\/100\n|move|p1a: Clodsire|Bulldoze|p2a: Joana\n|-supereffective|p2a: Joana\n|-damage|p2a: Joana|14\/100\n|-unboost|p2a: Joana|spe|1\n|\n|-weather|RainDance|[upkeep]\n|-heal|p2a: Joana|20\/100|[from] item: Leftovers\n|-heal|p1a: Clodsire|88\/100|[from] item: Black Sludge\n|upkeep\n|turn|15\n|\n|t:|1700190867\n|switch|p2a: Mana|Emolga, F|100\/100\n|move|p1a: Clodsire|Stealth Rock|p2a: Mana\n|-sidestart|p2: SorinhaBrando|move: Stealth Rock\n|\n|-weather|RainDance|[upkeep]\n|-heal|p1a: Clodsire|94\/100|[from] item: Black Sludge\n|upkeep\n|turn|16\n|\n|t:|1700190876\n|move|p2a: Mana|Energy Ball|p1a: Clodsire\n|-damage|p1a: Clodsire|79\/100\n|move|p1a: Clodsire|Poison Jab|p2a: Mana\n|-damage|p2a: Mana|53\/100\n|-status|p1a: Clodsire|par|[from] ability: Static|[of] p2a: Mana\n|\n|-weather|none\n|-heal|p1a: Clodsire|85\/100 par|[from] item: Black Sludge\n|upkeep\n|turn|17\n|\n|t:|1700190886\n|move|p2a: Mana|Energy Ball|p1a: Clodsire\n|-damage|p1a: Clodsire|70\/100 par\n|move|p1a: Clodsire|Poison Jab|p2a: Mana\n|-crit|p2a: Mana\n|-damage|p2a: Mana|0 fnt\n|faint|p2a: Mana\n|\n|-heal|p1a: Clodsire|76\/100 par|[from] item: Black Sludge\n|upkeep\n|\n|t:|1700190896\n|switch|p2a: Loow|Slowbro, M|100\/100\n|-damage|p2a: Loow|88\/100|[from] Stealth Rock\n|turn|18\n|\n|t:|1700190920\n|move|p2a: Loow|Calm Mind|p2a: Loow\n|-boost|p2a: Loow|spa|1\n|-boost|p2a: Loow|spd|1\n|move|p1a: Clodsire|Poison Jab|p2a: Loow\n|-damage|p2a: Loow|70\/100\n|\n|-heal|p2a: Loow|76\/100|[from] item: Leftovers\n|-heal|p1a: Clodsire|82\/100 par|[from] item: Black Sludge\n|upkeep\n|turn|19\n|\n|t:|1700190928\n|move|p2a: Loow|Surf|p1a: Clodsire\n|-supereffective|p1a: Clodsire\n|-damage|p1a: Clodsire|24\/100 par\n|cant|p1a: Clodsire|par\n|\n|-heal|p2a: Loow|82\/100|[from] item: Leftovers\n|-heal|p1a: Clodsire|30\/100 par|[from] item: Black Sludge\n|upkeep\n|turn|20\n|\n|t:|1700190935\n|move|p2a: Loow|Psychic|p1a: Clodsire\n|-supereffective|p1a: Clodsire\n|-damage|p1a: Clodsire|0 fnt\n|faint|p1a: Clodsire\n|\n|-heal|p2a: Loow|89\/100|[from] item: Leftovers\n|upkeep\n|\n|t:|1700190940\n|switch|p1a: Fisty Frog|Poliwrath, F, tera:Dark|16\/100\n|-damage|p1a: Fisty Frog|4\/100|[from] Stealth Rock\n|turn|21\n|\n|t:|1700190945\n|move|p1a: Fisty Frog|Darkest Lariat|p2a: Loow\n|-supereffective|p2a: Loow\n|-damage|p2a: Loow|23\/100\n|move|p2a: Loow|Yawn|p1a: Fisty Frog\n|-start|p1a: Fisty Frog|move: Yawn|[of] p2a: Loow\n|\n|-heal|p2a: Loow|29\/100|[from] item: Leftovers\n|upkeep\n|turn|22\n|\n|t:|1700190954\n|move|p1a: Fisty Frog|Drain Punch|p2a: Loow\n|-resisted|p2a: Loow\n|-damage|p2a: Loow|14\/100\n|-heal|p1a: Fisty Frog|13\/100|[from] drain|[of] p2a: Loow\n|move|p2a: Loow|Psychic|p1a: Fisty Frog\n|-immune|p1a: Fisty Frog\n|\n|-heal|p2a: Loow|21\/100|[from] item: Leftovers\n|-end|p1a: Fisty Frog|move: Yawn|[silent]\n|-status|p1a: Fisty Frog|slp\n|-enditem|p1a: Fisty Frog|Lum Berry|[eat]\n|-curestatus|p1a: Fisty Frog|slp|[msg]\n|upkeep\n|turn|23\n|\n|t:|1700190965\n|move|p1a: Fisty Frog|Darkest Lariat|p2a: Loow\n|-supereffective|p2a: Loow\n|-damage|p2a: Loow|0 fnt\n|faint|p2a: Loow\n|\n|upkeep\n|\n|t:|1700190969\n|switch|p2a: Poom|Pangoro, M|24\/100\n|-damage|p2a: Poom|18\/100|[from] Stealth Rock\n|turn|24\n|\n|t:|1700190988\n|move|p2a: Poom|Bullet Punch|p1a: Fisty Frog\n|-damage|p1a: Fisty Frog|0 fnt\n|faint|p1a: Fisty Frog\n|-damage|p2a: Poom|8\/100|[from] item: Life Orb\n|\n|upkeep\n|\n|t:|1700190990\n|switch|p1a: Charge Frog|Bellibolt, F|100\/100\n|-damage|p1a: Charge Frog|88\/100|[from] Stealth Rock\n|turn|25\n|\n|t:|1700190996\n|move|p2a: Poom|Drain Punch|p1a: Charge Frog\n|-damage|p1a: Charge Frog|48\/100\n|-heal|p2a: Poom|30\/100|[from] drain|[of] p1a: Charge Frog\n|-start|p1a: Charge Frog|Charge|Drain Punch|[from] ability: Electromorphosis\n|-damage|p2a: Poom|20\/100|[from] item: Life Orb\n|move|p1a: Charge Frog|Charge Beam|p2a: Poom\n|-damage|p2a: Poom|0 fnt\n|-boost|p1a: Charge Frog|spa|1\n|faint|p2a: Poom\n|-end|p1a: Charge Frog|Charge|[silent]\n|\n|-heal|p1a: Charge Frog|54\/100|[from] item: Leftovers\n|upkeep\n|\n|t:|1700191008\n|switch|p2a: PomPo|Ambipom, M|100\/100\n|-damage|p2a: PomPo|88\/100|[from] Stealth Rock\n|turn|26\n|\n|t:|1700191014\n|move|p2a: PomPo|Fake Out|p1a: Charge Frog\n|-damage|p1a: Charge Frog|37\/100\n|-start|p1a: Charge Frog|Charge|Fake Out|[from] ability: Electromorphosis\n|cant|p1a: Charge Frog|flinch\n|-end|p1a: Charge Frog|Charge|[silent]\n|\n|-heal|p1a: Charge Frog|43\/100|[from] item: Leftovers\n|upkeep\n|turn|27\n|\n|t:|1700191022\n|move|p2a: PomPo|Tail Slap|p1a: Charge Frog\n|-damage|p1a: Charge Frog|33\/100\n|-start|p1a: Charge Frog|Charge|Tail Slap|[from] ability: Electromorphosis\n|-damage|p1a: Charge Frog|23\/100\n|-start|p1a: Charge Frog|Charge|Tail Slap|[from] ability: Electromorphosis\n|-damage|p1a: Charge Frog|13\/100\n|-start|p1a: Charge Frog|Charge|Tail Slap|[from] ability: Electromorphosis\n|-hitcount|p1a: Charge Frog|3\n|move|p1a: Charge Frog|Parabolic Charge|p2a: PomPo\n|-damage|p2a: PomPo|0 fnt\n|-heal|p1a: Charge Frog|43\/100|[from] drain|[of] p2a: PomPo\n|faint|p2a: PomPo\n|-end|p1a: Charge Frog|Charge|[silent]\n|\n|-heal|p1a: Charge Frog|50\/100|[from] item: Leftovers\n|upkeep\n|\n|t:|1700191037\n|switch|p2a: Joana|Aegislash, F|20\/100\n|-damage|p2a: Joana|14\/100|[from] Stealth Rock\n|turn|28\n|\n|t:|1700191045\n|-formechange|p2a: Joana|Aegislash-Blade||[from] ability: Stance Change\n|move|p2a: Joana|Iron Head|p1a: Charge Frog\n|-resisted|p1a: Charge Frog\n|-damage|p1a: Charge Frog|34\/100\n|-start|p1a: Charge Frog|Charge|Iron Head|[from] ability: Electromorphosis\n|cant|p1a: Charge Frog|flinch\n|-end|p1a: Charge Frog|Charge|[silent]\n|\n|-heal|p2a: Joana|20\/100|[from] item: Leftovers\n|-heal|p1a: Charge Frog|40\/100|[from] item: Leftovers\n|upkeep\n|turn|29\n|\n|t:|1700191055\n|-formechange|p2a: Joana|Aegislash||[from] ability: Stance Change\n|move|p2a: Joana|King's Shield|p2a: Joana\n|-singleturn|p2a: Joana|Protect\n|move|p1a: Charge Frog|Parabolic Charge|p2a: Joana\n|-activate|p2a: Joana|move: Protect\n|\n|-heal|p2a: Joana|26\/100|[from] item: Leftovers\n|-heal|p1a: Charge Frog|46\/100|[from] item: Leftovers\n|upkeep\n|turn|30\n|\n|t:|1700191067\n|-formechange|p2a: Joana|Aegislash-Blade||[from] ability: Stance Change\n|move|p2a: Joana|Iron Head|p1a: Charge Frog\n|-resisted|p1a: Charge Frog\n|-damage|p1a: Charge Frog|32\/100\n|-start|p1a: Charge Frog|Charge|Iron Head|[from] ability: Electromorphosis\n|cant|p1a: Charge Frog|flinch\n|-end|p1a: Charge Frog|Charge|[silent]\n|\n|-heal|p2a: Joana|33\/100|[from] item: Leftovers\n|-heal|p1a: Charge Frog|38\/100|[from] item: Leftovers\n|upkeep\n|turn|31\n|\n|t:|1700191077\n|move|p2a: Joana|Iron Head|p1a: Charge Frog\n|-resisted|p1a: Charge Frog\n|-damage|p1a: Charge Frog|23\/100\n|-start|p1a: Charge Frog|Charge|Iron Head|[from] ability: Electromorphosis\n|move|p1a: Charge Frog|Parabolic Charge|p2a: Joana\n|-damage|p2a: Joana|0 fnt\n|-heal|p1a: Charge Frog|35\/100|[from] drain|[of] p2a: Joana\n|faint|p2a: Joana\n|-end|p1a: Charge Frog|Charge|[silent]\n|\n|win|Fallout 3 Enjoyer\n|raw|Fallout 3 Enjoyer's rating: 1120 &rarr; <strong>1148<\/strong><br \/>(+28 for winning)\n|raw|SorinhaBrando's rating: 1165 &rarr; <strong>1137<\/strong><br \/>(-28 for losing)\n|c|\u2606Fallout 3 Enjoyer|gg\n","uploadtime":1700191083,"views":6,"p1id":"fallout3enjoyer","p2id":"sorinhabrando","formatid":"gen9nationaldex","rating":1137,"private":0,"password":""}