{"id":"gen9nationaldex-1987524587","p1":"rex9623","p2":"qingxiaoqin","format":"[Gen 9] National Dex","log":"|j|\u2606rex9623\n|j|\u2606qingxiaoqin\n|t:|1699606422\n|gametype|singles\n|player|p1|rex9623|169|1564\n|player|p2|qingxiaoqin|102|1619\n|teamsize|p1|6\n|teamsize|p2|6\n|gen|9\n|tier|[Gen 9] National Dex\n|rated|\n|rule|HP Percentage Mod: HP is shown in percentages\n|rule|Endless Battle Clause: Forcing endless battles is banned\n|rule|OHKO Clause: OHKO moves are banned\n|rule|Evasion Clause: Evasion abilities, items, and moves are banned\n|rule|Evasion Abilities Clause: Evasion abilities are banned\n|rule|Evasion Items Clause: Evasion items are banned\n|rule|Evasion Moves Clause: Evasion moves are banned\n|rule|Species Clause: Limit one of each Pok\u00e9mon\n|rule|Sleep Clause Mod: Limit one foe put to sleep\n|clearpoke\n|poke|p1|Alomomola, F|\n|poke|p1|Tapu Koko|\n|poke|p1|Iron Hands|\n|poke|p1|Moltres|\n|poke|p1|Ursaluna, M|\n|poke|p1|Chansey, F|\n|poke|p2|Swampert, M|\n|poke|p2|Bisharp, F|\n|poke|p2|Tyranitar, F|\n|poke|p2|Clodsire, M|\n|poke|p2|Zoroark-Hisui, M|\n|poke|p2|Corviknight, F|\n|teampreview\n|inactive|Battle timer is ON: inactive players will automatically lose when time's up. (requested by qingxiaoqin)\n|\n|t:|1699606451\n|start\n|switch|p1a: Tapu Koko|Tapu Koko|100\/100\n|switch|p2a: Corviknight|Corviknight, F|100\/100\n|-fieldstart|move: Electric Terrain|[from] ability: Electric Surge|[of] p1a: Tapu Koko\n|-ability|p2a: Corviknight|Pressure\n|turn|1\n|\n|t:|1699606463\n|switch|p1a: Iron Hands|Iron Hands|100\/100\n|-activate|p1a: Iron Hands|ability: Quark Drive\n|-start|p1a: Iron Hands|quarkdriveatk\n|switch|p2a: Clodsire|Clodsire, M|100\/100\n|\n|upkeep\n|turn|2\n|\n|t:|1699606472\n|switch|p2a: Bisharp|Bisharp, F|100\/100\n|move|p1a: Iron Hands|Earthquake|p2a: Bisharp\n|-enditem|p2a: Bisharp|Focus Sash\n|-damage|p2a: Bisharp|1\/100\n|replace|p2a: Zoroark|Zoroark-Hisui, M\n|-end|p2a: Zoroark|Illusion\n|\n|upkeep\n|turn|3\n|\n|t:|1699606483\n|move|p2a: Zoroark|Memento|p1a: Iron Hands\n|-unboost|p1a: Iron Hands|atk|2\n|-unboost|p1a: Iron Hands|spa|2\n|faint|p2a: Zoroark\n|move|p1a: Iron Hands|Earthquake|p2: Zoroark|[notarget]\n|-fail|p1a: Iron Hands\n|\n|upkeep\n|inactive|qingxiaoqin has 120 seconds left.\n|\n|t:|1699606515\n|switch|p2a: Swampert|Swampert, M|100\/100\n|turn|4\n|\n|t:|1699606528\n|-end|p1a: Iron Hands|Quark Drive|[silent]\n|switch|p1a: Alomomola|Alomomola, F|100\/100\n|detailschange|p2a: Swampert|Swampert-Mega, M\n|-mega|p2a: Swampert|Swampert|Swampertite\n|move|p2a: Swampert|Rain Dance|p2a: Swampert\n|-weather|RainDance\n|\n|-weather|RainDance|[upkeep]\n|upkeep\n|turn|5\n|\n|t:|1699606538\n|switch|p2a: Clodsire|Clodsire, M|100\/100\n|move|p1a: Alomomola|Toxic|p2a: Clodsire\n|-immune|p2a: Clodsire\n|\n|-weather|RainDance|[upkeep]\n|-fieldend|move: Electric Terrain\n|upkeep\n|turn|6\n|\n|t:|1699606556\n|move|p1a: Alomomola|Protect|p1a: Alomomola\n|-singleturn|p1a: Alomomola|Protect\n|move|p2a: Clodsire|Toxic|p1a: Alomomola\n|-activate|p1a: Alomomola|move: Protect\n|\n|-weather|RainDance|[upkeep]\n|upkeep\n|turn|7\n|\n|t:|1699606569\n|switch|p1a: Chansey|Chansey, F|100\/100\n|move|p2a: Clodsire|Toxic|p1a: Chansey\n|-status|p1a: Chansey|tox\n|\n|-weather|RainDance|[upkeep]\n|-damage|p1a: Chansey|94\/100 tox|[from] psn\n|upkeep\n|turn|8\n|j| nxish\n|\n|t:|1699606576\n|move|p2a: Clodsire|Spikes|p1a: Chansey\n|-sidestart|p1: rex9623|Spikes\n|move|p1a: Chansey|Teleport|p1a: Chansey\n|\n|t:|1699606581\n|-curestatus|p1a: Chansey|tox|[from] ability: Natural Cure\n|switch|p1a: Ursaluna|Ursaluna, M|100\/100|[from] Teleport\n|-damage|p1a: Ursaluna|88\/100|[from] Spikes\n|\n|-weather|none\n|-status|p1a: Ursaluna|brn|[from] item: Flame Orb\n|upkeep\n|turn|9\n|\n|t:|1699606594\n|switch|p2a: Corviknight|Corviknight, F|100\/100\n|-ability|p2a: Corviknight|Pressure\n|move|p1a: Ursaluna|Facade|p2a: Corviknight\n|-resisted|p2a: Corviknight\n|-damage|p2a: Corviknight|60\/100\n|\n|-heal|p2a: Corviknight|66\/100|[from] item: Leftovers\n|-damage|p1a: Ursaluna|82\/100 brn|[from] brn\n|upkeep\n|turn|10\n|\n|t:|1699606619\n|switch|p1a: Iron Hands|Iron Hands|100\/100\n|-damage|p1a: Iron Hands|88\/100|[from] Spikes\n|move|p2a: Corviknight|Iron Defense|p2a: Corviknight\n|-boost|p2a: Corviknight|def|2\n|\n|-heal|p2a: Corviknight|72\/100|[from] item: Leftovers\n|upkeep\n|turn|11\n|\n|t:|1699606636\n|-end|p1a: Iron Hands|Quark Drive|[silent]\n|switch|p1a: Tapu Koko|Tapu Koko|100\/100\n|-damage|p1a: Tapu Koko|88\/100|[from] Spikes\n|-fieldstart|move: Electric Terrain|[from] ability: Electric Surge|[of] p1a: Tapu Koko\n|-terastallize|p2a: Corviknight|Fairy\n|move|p2a: Corviknight|Body Press|p1a: Tapu Koko\n|-resisted|p1a: Tapu Koko\n|-damage|p1a: Tapu Koko|56\/100\n|\n|-heal|p2a: Corviknight|78\/100|[from] item: Leftovers\n|upkeep\n|turn|12\n|\n|t:|1699606649\n|move|p1a: Tapu Koko|Volt Switch|p2a: Corviknight\n|-damage|p2a: Corviknight|30\/100\n|\n|t:|1699606653\n|switch|p1a: Alomomola|Alomomola, F|100\/100|[from] Volt Switch\n|-damage|p1a: Alomomola|88\/100|[from] Spikes\n|move|p2a: Corviknight|Iron Defense|p2a: Corviknight\n|-boost|p2a: Corviknight|def|2\n|\n|-heal|p2a: Corviknight|36\/100|[from] item: Leftovers\n|-heal|p1a: Alomomola|94\/100|[from] item: Leftovers\n|upkeep\n|turn|13\n|\n|t:|1699606665\n|switch|p2a: Clodsire|Clodsire, M|100\/100\n|move|p1a: Alomomola|Toxic|p2a: Clodsire\n|-immune|p2a: Clodsire\n|\n|-heal|p1a: Alomomola|100\/100|[from] item: Leftovers\n|upkeep\n|turn|14\n|\n|t:|1699606682\n|switch|p1a: Ursaluna|Ursaluna, M|82\/100 brn\n|-damage|p1a: Ursaluna|69\/100 brn|[from] Spikes\n|move|p2a: Clodsire|Spikes|p1a: Ursaluna\n|-sidestart|p1: rex9623|Spikes\n|\n|-damage|p1a: Ursaluna|63\/100 brn|[from] brn\n|upkeep\n|turn|15\n|\n|t:|1699606697\n|switch|p2a: Corviknight|Corviknight, F, tera:Fairy|36\/100\n|-ability|p2a: Corviknight|Pressure\n|move|p1a: Ursaluna|Headlong Rush|p2a: Corviknight\n|-damage|p2a: Corviknight|0 fnt\n|-unboost|p1a: Ursaluna|def|1\n|-unboost|p1a: Ursaluna|spd|1\n|faint|p2a: Corviknight\n|\n|-damage|p1a: Ursaluna|57\/100 brn|[from] brn\n|-fieldend|move: Electric Terrain\n|upkeep\n|\n|t:|1699606705\n|switch|p2a: Swampert|Swampert-Mega, M|100\/100\n|turn|16\n|\n|t:|1699606713\n|switch|p1a: Alomomola|Alomomola, F|100\/100\n|-damage|p1a: Alomomola|84\/100|[from] Spikes\n|move|p2a: Swampert|Earthquake|p1a: Alomomola\n|-damage|p1a: Alomomola|53\/100\n|\n|-heal|p1a: Alomomola|59\/100|[from] item: Leftovers\n|upkeep\n|turn|17\n|\n|t:|1699606726\n|move|p2a: Swampert|Earthquake|p1a: Alomomola\n|-crit|p1a: Alomomola\n|-damage|p1a: Alomomola|11\/100\n|move|p1a: Alomomola|Wish|p1a: Alomomola\n|\n|-heal|p1a: Alomomola|17\/100|[from] item: Leftovers\n|upkeep\n|turn|18\n|\n|t:|1699606750\n|switch|p2a: Bisharp|Bisharp, F|100\/100\n|move|p1a: Alomomola|Protect||[still]\n|-fail|p1a: Alomomola\n|\n|-heal|p1a: Alomomola|67\/100|[from] move: Wish|[wisher] Alomomola\n|-heal|p1a: Alomomola|74\/100|[from] item: Leftovers\n|upkeep\n|turn|19\n|\n|t:|1699606767\n|move|p2a: Bisharp|Knock Off|p1a: Alomomola\n|-damage|p1a: Alomomola|44\/100\n|-enditem|p1a: Alomomola|Leftovers|[from] move: Knock Off|[of] p2a: Bisharp\n|move|p1a: Alomomola|Wish|p1a: Alomomola\n|\n|upkeep\n|turn|20\n|\n|t:|1699606777\n|switch|p2a: Swampert|Swampert-Mega, M|100\/100\n|move|p1a: Alomomola|Flip Turn|p2a: Swampert\n|-damage|p2a: Swampert|87\/100\n|\n|t:|1699606783\n|switch|p1a: Tapu Koko|Tapu Koko|56\/100|[from] Flip Turn\n|-damage|p1a: Tapu Koko|40\/100|[from] Spikes\n|-fieldstart|move: Electric Terrain|[from] ability: Electric Surge|[of] p1a: Tapu Koko\n|\n|-heal|p1a: Tapu Koko|100\/100|[from] move: Wish|[wisher] Alomomola\n|upkeep\n|turn|21\n|\n|t:|1699606798\n|switch|p2a: Bisharp|Bisharp, F|100\/100\n|move|p1a: Tapu Koko|Grass Knot|p2a: Bisharp\n|-resisted|p2a: Bisharp\n|-damage|p2a: Bisharp|85\/100\n|\n|upkeep\n|turn|22\n|\n|t:|1699606807\n|switch|p1a: Moltres|Moltres|100\/100\n|switch|p2a: Clodsire|Clodsire, M|100\/100\n|\n|upkeep\n|turn|23\n|\n|t:|1699606814\n|switch|p2a: Bisharp|Bisharp, F|85\/100\n|move|p1a: Moltres|Defog|p2a: Bisharp\n|-unboost|p2a: Bisharp|evasion|1\n|-ability|p2a: Bisharp|Defiant|boost\n|-boost|p2a: Bisharp|atk|2\n|-sideend|p1: rex9623|Spikes|[from] move: Defog|[of] p1a: Moltres\n|-fieldend|move: Electric Terrain\n|\n|upkeep\n|turn|24\n|\n|t:|1699606822\n|move|p2a: Bisharp|Sucker Punch|p1a: Moltres\n|-damage|p1a: Moltres|46\/100\n|move|p1a: Moltres|Flamethrower|p2a: Bisharp\n|-supereffective|p2a: Bisharp\n|-damage|p2a: Bisharp|13\/100\n|\n|upkeep\n|turn|25\n|\n|t:|1699606830\n|move|p2a: Bisharp|Sucker Punch||[still]\n|-fail|p2a: Bisharp\n|move|p1a: Moltres|Roost|p1a: Moltres\n|-heal|p1a: Moltres|96\/100\n|-singleturn|p1a: Moltres|move: Roost\n|\n|upkeep\n|turn|26\n|\n|t:|1699606841\n|switch|p2a: Tyranitar|Tyranitar, F|100\/100\n|-weather|Sandstorm|[from] ability: Sand Stream|[of] p2a: Tyranitar\n|move|p1a: Moltres|Flamethrower|p2a: Tyranitar\n|-resisted|p2a: Tyranitar\n|-damage|p2a: Tyranitar|92\/100\n|\n|-weather|Sandstorm|[upkeep]\n|-damage|p1a: Moltres|90\/100|[from] Sandstorm\n|upkeep\n|turn|27\n|\n|t:|1699606865\n|switch|p1a: Iron Hands|Iron Hands|88\/100\n|move|p2a: Tyranitar|Stealth Rock|p1a: Iron Hands\n|-sidestart|p1: rex9623|move: Stealth Rock\n|\n|-weather|Sandstorm|[upkeep]\n|-damage|p1a: Iron Hands|82\/100|[from] Sandstorm\n|upkeep\n|turn|28\n|inactive|qingxiaoqin has 120 seconds left.\n|\n|t:|1699606910\n|move|p2a: Tyranitar|Toxic|p1a: Iron Hands\n|-status|p1a: Iron Hands|tox\n|move|p1a: Iron Hands|Drain Punch|p2a: Tyranitar\n|-supereffective|p2a: Tyranitar\n|-damage|p2a: Tyranitar|0 fnt\n|-heal|p1a: Iron Hands|100\/100 tox|[from] drain|[of] p2a: Tyranitar\n|faint|p2a: Tyranitar\n|\n|-weather|Sandstorm|[upkeep]\n|-damage|p1a: Iron Hands|94\/100 tox|[from] Sandstorm\n|-damage|p1a: Iron Hands|88\/100 tox|[from] psn\n|upkeep\n|\n|t:|1699606913\n|switch|p2a: Swampert|Swampert-Mega, M|87\/100\n|turn|29\n|\n|t:|1699606931\n|-end|p1a: Iron Hands|Quark Drive|[silent]\n|switch|p1a: Alomomola|Alomomola, F|77\/100\n|-damage|p1a: Alomomola|65\/100|[from] Stealth Rock\n|move|p2a: Swampert|Earthquake|p1a: Alomomola\n|-damage|p1a: Alomomola|32\/100\n|\n|-weather|Sandstorm|[upkeep]\n|-damage|p1a: Alomomola|26\/100|[from] Sandstorm\n|upkeep\n|turn|30\n|\n|t:|1699606947\n|switch|p1a: Moltres|Moltres|90\/100\n|move|p2a: Swampert|Earthquake|p1a: Moltres\n|-immune|p1a: Moltres\n|\n|-weather|none\n|upkeep\n|turn|31\n|\n|t:|1699606959\n|move|p1a: Moltres|Defog|p2a: Swampert\n|-unboost|p2a: Swampert|evasion|1\n|-sideend|p1: rex9623|Stealth Rock|[from] move: Defog|[of] p1a: Moltres\n|move|p2a: Swampert|Rain Dance|p2a: Swampert\n|-weather|RainDance\n|\n|-weather|RainDance|[upkeep]\n|upkeep\n|turn|32\n|\n|t:|1699606973\n|switch|p1a: Alomomola|Alomomola, F|59\/100\n|move|p2a: Swampert|Earthquake|p1a: Alomomola\n|-damage|p1a: Alomomola|23\/100\n|\n|-weather|RainDance|[upkeep]\n|upkeep\n|turn|33\n|\n|t:|1699606984\n|switch|p1a: Chansey|Chansey, F|94\/100\n|move|p2a: Swampert|Waterfall|p1a: Chansey\n|-damage|p1a: Chansey|43\/100\n|\n|-weather|RainDance|[upkeep]\n|upkeep\n|turn|34\n|\n|t:|1699606996\n|move|p2a: Swampert|Waterfall|p1a: Chansey\n|-damage|p1a: Chansey|0 fnt\n|faint|p1a: Chansey\n|\n|-weather|RainDance|[upkeep]\n|upkeep\n|\n|t:|1699607003\n|switch|p1a: Alomomola|Alomomola, F|56\/100\n|turn|35\n|\n|t:|1699607007\n|switch|p2a: Clodsire|Clodsire, M|100\/100\n|move|p1a: Alomomola|Flip Turn|p2a: Clodsire\n|-immune|p2a: Clodsire|[from] ability: Water Absorb\n|\n|-weather|none\n|upkeep\n|turn|36\n|\n|t:|1699607023\n|move|p1a: Alomomola|Wish|p1a: Alomomola\n|move|p2a: Clodsire|Toxic|p1a: Alomomola\n|-status|p1a: Alomomola|tox\n|\n|-damage|p1a: Alomomola|50\/100 tox|[from] psn\n|upkeep\n|turn|37\n|\n|t:|1699607030\n|switch|p1a: Ursaluna|Ursaluna, M|57\/100 brn\n|move|p2a: Clodsire|Spikes|p1a: Ursaluna\n|-sidestart|p1: rex9623|Spikes\n|\n|-heal|p1a: Ursaluna|100\/100 brn|[from] move: Wish|[wisher] Alomomola\n|-damage|p1a: Ursaluna|94\/100 brn|[from] brn\n|upkeep\n|turn|38\n|\n|t:|1699607042\n|switch|p2a: Bisharp|Bisharp, F|13\/100\n|move|p1a: Ursaluna|Facade|p2a: Bisharp\n|-resisted|p2a: Bisharp\n|-damage|p2a: Bisharp|0 fnt\n|faint|p2a: Bisharp\n|\n|-damage|p1a: Ursaluna|88\/100 brn|[from] brn\n|upkeep\n|\n|t:|1699607044\n|switch|p2a: Swampert|Swampert-Mega, M|87\/100\n|turn|39\n|\n|t:|1699607052\n|-terastallize|p1a: Ursaluna|Fairy\n|move|p2a: Swampert|Waterfall|p1a: Ursaluna\n|-crit|p1a: Ursaluna\n|-damage|p1a: Ursaluna|33\/100 brn\n|move|p1a: Ursaluna|Facade|p2a: Swampert\n|-damage|p2a: Swampert|0 fnt\n|faint|p2a: Swampert\n|\n|-damage|p1a: Ursaluna|26\/100 brn|[from] brn\n|upkeep\n|-message|qingxiaoqin forfeited.\n|\n|win|rex9623\n|raw|rex9623's rating: 1564 &rarr; <strong>1587<\/strong><br \/>(+23 for winning)\n|raw|qingxiaoqin's rating: 1619 &rarr; <strong>1596<\/strong><br \/>(-23 for losing)\n|l|\u2606qingxiaoqin\n","uploadtime":1699607071,"views":13,"p1id":"rex9623","p2id":"qingxiaoqin","formatid":"gen9nationaldex","rating":1587,"private":0,"password":""}