{"id":"gen9nationaldex-1989029215","p1":"sgsegesgeah","p2":"Tpd le Spew","format":"[Gen 9] National Dex","log":"|j|\u2606sgsegesgeah\n|j|\u2606Tpd le Spew\n|t:|1699804132\n|gametype|singles\n|player|p1|sgsegesgeah|roark|1575\n|player|p2|Tpd le Spew|drayden|1629\n|teamsize|p1|6\n|teamsize|p2|6\n|gen|9\n|tier|[Gen 9] National Dex\n|rated|\n|rule|HP Percentage Mod: HP is shown in percentages\n|rule|Endless Battle Clause: Forcing endless battles is banned\n|rule|OHKO Clause: OHKO moves are banned\n|rule|Evasion Clause: Evasion abilities, items, and moves are banned\n|rule|Evasion Abilities Clause: Evasion abilities are banned\n|rule|Evasion Items Clause: Evasion items are banned\n|rule|Evasion Moves Clause: Evasion moves are banned\n|rule|Species Clause: Limit one of each Pok\u00e9mon\n|rule|Sleep Clause Mod: Limit one foe put to sleep\n|clearpoke\n|poke|p1|Tyranitar, M|\n|poke|p1|Garganacl, M|\n|poke|p1|Aggron, M|\n|poke|p1|Cradily, M|\n|poke|p1|Glimmora, M|\n|poke|p1|Solrock|\n|poke|p2|Raikou|\n|poke|p2|Entei|\n|poke|p2|Suicune|\n|poke|p2|Celebi|\n|poke|p2|Tyranitar, M|\n|poke|p2|Skarmory, F|\n|teampreview\n|c|\u2606Tpd le Spew|Nice rocks\n|c|\u2606Tpd le Spew|Glhf\n|inactive|Battle timer is ON: inactive players will automatically lose when time's up. (requested by sgsegesgeah)\n|\n|t:|1699804171\n|start\n|switch|p1a: Aggron|Aggron, M|100\/100\n|switch|p2a: Kubo|Raikou, shiny|100\/100\n|-ability|p2a: Kubo|Pressure\n|turn|1\n|\n|t:|1699804190\n|switch|p1a: Tyranitar|Tyranitar, M|100\/100\n|-weather|Sandstorm|[from] ability: Sand Stream|[of] p1a: Tyranitar\n|move|p2a: Kubo|Scald|p1a: Tyranitar\n|-supereffective|p1a: Tyranitar\n|-damage|p1a: Tyranitar|88\/100\n|\n|-weather|Sandstorm|[upkeep]\n|-damage|p2a: Kubo|94\/100|[from] Sandstorm\n|-heal|p2a: Kubo|100\/100|[from] item: Leftovers\n|upkeep\n|turn|2\n|\n|t:|1699804194\n|switch|p2a: Scissors|Skarmory, F, shiny|100\/100\n|move|p1a: Tyranitar|Knock Off|p2a: Scissors\n|-damage|p2a: Scissors|75\/100\n|-damage|p1a: Tyranitar|72\/100|[from] item: Rocky Helmet|[of] p2a: Scissors\n|-enditem|p2a: Scissors|Rocky Helmet|[from] move: Knock Off|[of] p1a: Tyranitar\n|\n|-weather|Sandstorm|[upkeep]\n|upkeep\n|turn|3\n|\n|t:|1699804200\n|switch|p1a: Glimmora|Glimmora, M|100\/100\n|move|p2a: Scissors|Spikes|p1a: Glimmora\n|-sidestart|p1: sgsegesgeah|Spikes\n|\n|-weather|Sandstorm|[upkeep]\n|upkeep\n|turn|4\n|\n|t:|1699804208\n|switch|p2a: Paper|Celebi|100\/100\n|move|p1a: Glimmora|Spikes|p2a: Paper\n|-sidestart|p2: Tpd le Spew|Spikes\n|\n|-weather|Sandstorm|[upkeep]\n|-damage|p2a: Paper|94\/100|[from] Sandstorm\n|-heal|p2a: Paper|100\/100|[from] item: Leftovers\n|upkeep\n|turn|5\n|\n|t:|1699804217\n|switch|p1a: Tyranitar|Tyranitar, M|72\/100\n|-damage|p1a: Tyranitar|59\/100|[from] Spikes\n|move|p2a: Paper|Giga Drain|p1a: Tyranitar\n|-supereffective|p1a: Tyranitar\n|-damage|p1a: Tyranitar|44\/100\n|\n|-weather|none\n|upkeep\n|turn|6\n|\n|t:|1699804229\n|move|p2a: Paper|Giga Drain|p1a: Tyranitar\n|-supereffective|p1a: Tyranitar\n|-damage|p1a: Tyranitar|22\/100\n|move|p1a: Tyranitar|Knock Off|p2a: Paper\n|-supereffective|p2a: Paper\n|-damage|p2a: Paper|44\/100\n|-enditem|p2a: Paper|Leftovers|[from] move: Knock Off|[of] p1a: Tyranitar\n|\n|upkeep\n|turn|7\n|\n|t:|1699804244\n|switch|p1a: Garganacl|Garganacl, M|100\/100\n|-damage|p1a: Garganacl|88\/100|[from] Spikes\n|move|p2a: Paper|Giga Drain|p1a: Garganacl\n|-supereffective|p1a: Garganacl\n|-damage|p1a: Garganacl|51\/100\n|-heal|p2a: Paper|62\/100|[from] drain|[of] p1a: Garganacl\n|-enditem|p1a: Garganacl|Maranga Berry|[eat]\n|-boost|p1a: Garganacl|spd|1|[from] item: Maranga Berry\n|\n|upkeep\n|turn|8\n|\n|t:|1699804256\n|-terastallize|p1a: Garganacl|Ghost\n|move|p2a: Paper|Giga Drain|p1a: Garganacl\n|-damage|p1a: Garganacl|39\/100\n|-heal|p2a: Paper|68\/100|[from] drain|[of] p1a: Garganacl\n|move|p1a: Garganacl|Recover|p1a: Garganacl\n|-heal|p1a: Garganacl|89\/100\n|\n|upkeep\n|turn|9\n|\n|t:|1699804265\n|switch|p2a: Rock|Tyranitar, M, shiny|100\/100\n|-damage|p2a: Rock|88\/100|[from] Spikes\n|-weather|Sandstorm|[from] ability: Sand Stream|[of] p2a: Rock\n|move|p1a: Garganacl|Salt Cure|p2a: Rock\n|-damage|p2a: Rock|77\/100\n|-start|p2a: Rock|Salt Cure\n|\n|-weather|Sandstorm|[upkeep]\n|-damage|p1a: Garganacl|83\/100|[from] Sandstorm\n|-heal|p2a: Rock|84\/100|[from] item: Leftovers\n|-damage|p2a: Rock|71\/100|[from] Salt Cure\n|upkeep\n|turn|10\n|\n|t:|1699804270\n|-activate|p1a: Garganacl|move: Pursuit\n|move|p2a: Rock|Pursuit|p1a: Garganacl|[from]Pursuit\n|-supereffective|p1a: Garganacl\n|-damage|p1a: Garganacl|36\/100\n|switch|p1a: Solrock|Solrock|100\/100\n|\n|-weather|Sandstorm|[upkeep]\n|-heal|p2a: Rock|77\/100|[from] item: Leftovers\n|-damage|p2a: Rock|65\/100|[from] Salt Cure\n|upkeep\n|turn|11\n|\n|t:|1699804281\n|switch|p2a: Moose|Suicune, shiny|100\/100\n|-damage|p2a: Moose|88\/100|[from] Spikes\n|-ability|p2a: Moose|Pressure\n|move|p1a: Solrock|Will-O-Wisp|p2a: Moose|[miss]\n|-miss|p1a: Solrock|p2a: Moose\n|\n|-weather|Sandstorm|[upkeep]\n|-damage|p2a: Moose|82\/100|[from] Sandstorm\n|-heal|p2a: Moose|88\/100|[from] item: Leftovers\n|upkeep\n|turn|12\n|\n|t:|1699804288\n|move|p2a: Moose|Substitute|p2a: Moose\n|-start|p2a: Moose|Substitute\n|-damage|p2a: Moose|63\/100\n|move|p1a: Solrock|Will-O-Wisp||[still]\n|-fail|p1a: Solrock\n|\n|-weather|Sandstorm|[upkeep]\n|-damage|p2a: Moose|57\/100|[from] Sandstorm\n|-heal|p2a: Moose|63\/100|[from] item: Leftovers\n|upkeep\n|turn|13\n|\n|t:|1699804313\n|move|p2a: Moose|Calm Mind|p2a: Moose\n|-boost|p2a: Moose|spa|1\n|-boost|p2a: Moose|spd|1\n|move|p1a: Solrock|Cosmic Power|p1a: Solrock\n|-boost|p1a: Solrock|def|1\n|-boost|p1a: Solrock|spd|1\n|\n|-weather|none\n|-heal|p2a: Moose|69\/100|[from] item: Leftovers\n|upkeep\n|turn|14\n|\n|t:|1699804320\n|move|p2a: Moose|Scald|p1a: Solrock\n|-supereffective|p1a: Solrock\n|-crit|p1a: Solrock\n|-damage|p1a: Solrock|0 fnt\n|faint|p1a: Solrock\n|\n|-heal|p2a: Moose|75\/100|[from] item: Leftovers\n|upkeep\n|\n|t:|1699804327\n|switch|p1a: Cradily|Cradily, M|100\/100\n|-damage|p1a: Cradily|88\/100|[from] Spikes\n|turn|15\n|\n|t:|1699804338\n|move|p2a: Moose|Calm Mind|p2a: Moose\n|-boost|p2a: Moose|spa|1\n|-boost|p2a: Moose|spd|1\n|move|p1a: Cradily|Infestation|p2a: Moose\n|-activate|p2a: Moose|move: Substitute|[damage]\n|\n|-heal|p2a: Moose|82\/100|[from] item: Leftovers\n|upkeep\n|turn|16\n|\n|t:|1699804344\n|move|p2a: Moose|Calm Mind|p2a: Moose\n|-boost|p2a: Moose|spa|1\n|-boost|p2a: Moose|spd|1\n|move|p1a: Cradily|Infestation|p2a: Moose\n|-activate|p2a: Moose|move: Substitute|[damage]\n|\n|-heal|p2a: Moose|88\/100|[from] item: Leftovers\n|upkeep\n|turn|17\n|j| hypno#1\n|\n|t:|1699804350\n|move|p2a: Moose|Calm Mind|p2a: Moose\n|-boost|p2a: Moose|spa|1\n|-boost|p2a: Moose|spd|1\n|move|p1a: Cradily|Infestation|p2a: Moose\n|-activate|p2a: Moose|move: Substitute|[damage]\n|\n|-heal|p2a: Moose|94\/100|[from] item: Leftovers\n|upkeep\n|turn|18\n|-message|sgsegesgeah forfeited.\n|\n|win|Tpd le Spew\n|raw|sgsegesgeah's rating: 1575 &rarr; <strong>1558<\/strong><br \/>(-17 for losing)\n|raw|Tpd le Spew's rating: 1629 &rarr; <strong>1646<\/strong><br \/>(+17 for winning)\n|l|\u2606sgsegesgeah\n","uploadtime":1699804380,"views":20,"p1id":"sgsegesgeah","p2id":"tpdlespew","formatid":"gen9nationaldex","rating":1558,"private":0,"password":""}