{"id":"gen9nationaldex-1998047150","p1":"sighz 0-0","p2":"hcff","format":"[Gen 9] National Dex","log":"|html|<div class=\"broadcast-blue\"><strong>[Gen 9] National Dex is currently suspecting Sneasler! For information on how to participate check out the <a href=\"https:\/\/www.smogon.com\/forums\/threads\/sv-national-dex-suspect-8-just-dance.3731534\/\">suspect thread<\/a>.<\/strong><\/div>\n|j|\u2606sighz 0-0\n|j|\u2606hcff\n|t:|1700883385\n|gametype|singles\n|player|p1|sighz 0-0|may-contest|1276\n|player|p2|hcff|ingo|1260\n|teamsize|p1|6\n|teamsize|p2|6\n|gen|9\n|tier|[Gen 9] National Dex\n|rated|\n|rule|HP Percentage Mod: HP is shown in percentages\n|rule|Endless Battle Clause: Forcing endless battles is banned\n|rule|OHKO Clause: OHKO moves are banned\n|rule|Evasion Clause: Evasion abilities, items, and moves are banned\n|rule|Evasion Abilities Clause: Evasion abilities are banned\n|rule|Evasion Items Clause: Evasion items are banned\n|rule|Evasion Moves Clause: Evasion moves are banned\n|rule|Species Clause: Limit one of each Pok\u00e9mon\n|rule|Sleep Clause Mod: Limit one foe put to sleep\n|clearpoke\n|poke|p1|Blacephalon|\n|poke|p1|Snorlax, F|\n|poke|p1|Landorus-Therian, M|\n|poke|p1|Victini|\n|poke|p1|Bisharp, M|\n|poke|p1|Diancie|\n|poke|p2|Latias, F|\n|poke|p2|Virizion|\n|poke|p2|Heatran, F|\n|poke|p2|Salamence, F|\n|poke|p2|Barraskewda, F|\n|poke|p2|Hatterene, F|\n|teampreview\n|inactive|Battle timer is ON: inactive players will automatically lose when time's up. (requested by hcff)\n|\n|t:|1700883409\n|start\n|switch|p1a: Diancie|Diancie|100\/100\n|switch|p2a: Barraskewda|Barraskewda, F|100\/100\n|turn|1\n|\n|t:|1700883415\n|switch|p1a: Snorlax|Snorlax, F, shiny|100\/100\n|move|p2a: Barraskewda|Liquidation|p1a: Snorlax\n|-damage|p1a: Snorlax|41\/100\n|\n|upkeep\n|turn|2\n|-enditem|p1a: Snorlax|Custap Berry|[eat]\n|-activate|p1a: Snorlax|item: Custap Berry|[consumed]\n|\n|t:|1700883420\n|move|p1a: Snorlax|Self-Destruct|p2a: Barraskewda\n|-damage|p2a: Barraskewda|0 fnt\n|faint|p1a: Snorlax\n|faint|p2a: Barraskewda\n|\n|upkeep\n|\n|t:|1700883435\n|switch|p2a: Latias|Latias, F|100\/100\n|switch|p1a: Victini|Victini|100\/100\n|turn|3\n|\n|t:|1700883441\n|move|p1a: Victini|U-turn|p2a: Latias\n|-supereffective|p2a: Latias\n|-damage|p2a: Latias|64\/100\n|\n|t:|1700883443\n|switch|p1a: Diancie|Diancie|100\/100|[from] U-turn\n|move|p2a: Latias|Substitute|p2a: Latias\n|-start|p2a: Latias|Substitute\n|-damage|p2a: Latias|39\/100\n|\n|-heal|p2a: Latias|45\/100|[from] item: Leftovers\n|upkeep\n|turn|4\n|\n|t:|1700883447\n|detailschange|p1a: Diancie|Diancie-Mega\n|-mega|p1a: Diancie|Diancie|Diancite\n|-terastallize|p2a: Latias|Steel\n|move|p1a: Diancie|Diamond Storm|p2a: Latias\n|-resisted|p2a: Latias\n|-end|p2a: Latias|Substitute\n|-boost|p1a: Diancie|def|2\n|move|p2a: Latias|Calm Mind|p2a: Latias\n|-boost|p2a: Latias|spa|1\n|-boost|p2a: Latias|spd|1\n|\n|-heal|p2a: Latias|51\/100|[from] item: Leftovers\n|upkeep\n|turn|5\n|\n|t:|1700883456\n|move|p2a: Latias|Substitute|p2a: Latias\n|-start|p2a: Latias|Substitute\n|-damage|p2a: Latias|26\/100\n|move|p1a: Diancie|Earth Power|p2a: Latias\n|-immune|p2a: Latias|[from] ability: Levitate\n|\n|-heal|p2a: Latias|32\/100|[from] item: Leftovers\n|upkeep\n|turn|6\n|\n|t:|1700883467\n|move|p1a: Diancie|Misty Explosion|p2a: Latias\n|-resisted|p2a: Latias\n|-activate|p2a: Latias|move: Substitute|[damage]\n|faint|p1a: Diancie\n|move|p2a: Latias|Psyshock|p1: Diancie|[notarget]\n|-fail|p2a: Latias\n|\n|-heal|p2a: Latias|38\/100|[from] item: Leftovers\n|upkeep\n|\n|t:|1700883475\n|switch|p1a: Landorus|Landorus-Therian, M|100\/100\n|-ability|p1a: Landorus|Intimidate|boost\n|-immune|p2a: Latias\n|turn|7\n|\n|t:|1700883481\n|move|p2a: Latias|Substitute|p2a: Latias\n|-fail|p2a: Latias|move: Substitute\n|move|p1a: Landorus|U-turn|p2a: Latias\n|-resisted|p2a: Latias\n|-end|p2a: Latias|Substitute\n|\n|t:|1700883483\n|switch|p1a: Victini|Victini|100\/100|[from] U-turn\n|\n|-heal|p2a: Latias|44\/100|[from] item: Leftovers\n|upkeep\n|turn|8\n|\n|t:|1700883487\n|switch|p2a: Salamence|Salamence, F|100\/100\n|-ability|p2a: Salamence|Intimidate|boost\n|-unboost|p1a: Victini|atk|1\n|move|p1a: Victini|V-create|p2a: Salamence\n|-resisted|p2a: Salamence\n|-damage|p2a: Salamence|78\/100\n|-unboost|p1a: Victini|spe|1\n|-unboost|p1a: Victini|def|1\n|-unboost|p1a: Victini|spd|1\n|\n|upkeep\n|turn|9\n|\n|t:|1700883494\n|switch|p1a: Landorus|Landorus-Therian, M|100\/100\n|-ability|p1a: Landorus|Intimidate|boost\n|-unboost|p2a: Salamence|atk|1\n|move|p2a: Salamence|Fire Blast|p1a: Landorus|[miss]\n|-miss|p2a: Salamence|p1a: Landorus\n|\n|upkeep\n|turn|10\n|\n|t:|1700883498\n|move|p2a: Salamence|Draco Meteor|p1a: Landorus\n|-damage|p1a: Landorus|48\/100\n|-unboost|p2a: Salamence|spa|2\n|move|p1a: Landorus|Stealth Rock|p2a: Salamence\n|-sidestart|p2: hcff|move: Stealth Rock\n|\n|upkeep\n|turn|11\n|\n|t:|1700883504\n|move|p2a: Salamence|Defog|p1a: Landorus\n|-unboost|p1a: Landorus|evasion|1\n|-sideend|p2: hcff|Stealth Rock|[from] move: Defog|[of] p2a: Salamence\n|move|p1a: Landorus|Explosion|p2a: Salamence\n|-enditem|p1a: Landorus|Normal Gem|[from] gem\n|-damage|p2a: Salamence|0 fnt\n|faint|p1a: Landorus\n|faint|p2a: Salamence\n|\n|upkeep\n|\n|t:|1700883512\n|switch|p2a: Heatran|Heatran, F|100\/100\n|switch|p1a: Victini|Victini|100\/100\n|turn|12\n|\n|t:|1700883515\n|move|p1a: Victini|Final Gambit|p2a: Heatran\n|-damage|p2a: Heatran|0 fnt\n|faint|p1a: Victini\n|faint|p2a: Heatran\n|\n|upkeep\n|\n|t:|1700883521\n|switch|p1a: Blacephalon|Blacephalon|100\/100\n|switch|p2a: Virizion|Virizion|100\/100\n|turn|13\n|\n|t:|1700883529\n|switch|p2a: Latias|Latias, F, tera:Steel|44\/100\n|move|p1a: Blacephalon|Mind Blown|p2a: Latias\n|-supereffective|p2a: Latias\n|-damage|p2a: Latias|0 fnt\n|-damage|p1a: Blacephalon|50\/100|[from] mindblown\n|faint|p2a: Latias\n|-ability|p1a: Blacephalon|Beast Boost|boost\n|-boost|p1a: Blacephalon|spa|1\n|\n|upkeep\n|\n|t:|1700883535\n|switch|p2a: Virizion|Virizion|100\/100\n|turn|14\n|\n|t:|1700883538\n|move|p1a: Blacephalon|Mind Blown|p2a: Virizion\n|-supereffective|p2a: Virizion\n|-damage|p2a: Virizion|0 fnt\n|-damage|p1a: Blacephalon|0 fnt|[from] mindblown\n|faint|p1a: Blacephalon\n|faint|p2a: Virizion\n|\n|upkeep\n|\n|t:|1700883540\n|switch|p2a: Hatterene|Hatterene, F|100\/100\n|switch|p1a: Bisharp|Bisharp, M|100\/100\n|turn|15\n|\n|t:|1700883542\n|move|p1a: Bisharp|Iron Head|p2a: Hatterene\n|-supereffective|p2a: Hatterene\n|-damage|p2a: Hatterene|12\/100\n|-damage|p1a: Bisharp|91\/100|[from] item: Life Orb\n|move|p2a: Hatterene|Mystical Fire|p1a: Bisharp\n|-supereffective|p1a: Bisharp\n|-damage|p1a: Bisharp|18\/100\n|-unboost|p1a: Bisharp|spa|1\n|-ability|p1a: Bisharp|Defiant|boost\n|-boost|p1a: Bisharp|atk|2\n|\n|-heal|p2a: Hatterene|17\/100|[from] item: Leftovers\n|upkeep\n|turn|16\n|\n|t:|1700883550\n|move|p1a: Bisharp|Iron Head|p2a: Hatterene\n|-supereffective|p2a: Hatterene\n|-damage|p2a: Hatterene|0 fnt\n|faint|p2a: Hatterene\n|-damage|p1a: Bisharp|8\/100|[from] item: Life Orb\n|\n|win|sighz 0-0\n|raw|sighz 0-0's rating: 1276 &rarr; <strong>1300<\/strong><br \/>(+24 for winning)\n|raw|hcff's rating: 1260 &rarr; <strong>1236<\/strong><br \/>(-24 for losing)\n|l|\u2606hcff\n","uploadtime":1700883554,"views":1,"p1id":"sighz00","p2id":"hcff","formatid":"gen9nationaldex","rating":1236,"private":0,"password":""}