{"id":"gen9nationaldex-1989159006","p1":"AdvilPills","p2":"mops2002","format":"[Gen 9] National Dex","log":"|j|\u2606AdvilPills\n|j|\u2606mops2002\n|t:|1699818482\n|gametype|singles\n|player|p1|AdvilPills|1|\n|player|p2|mops2002|169|\n|teamsize|p1|6\n|teamsize|p2|6\n|gen|9\n|tier|[Gen 9] National Dex\n|rule|HP Percentage Mod: HP is shown in percentages\n|rule|Endless Battle Clause: Forcing endless battles is banned\n|rule|OHKO Clause: OHKO moves are banned\n|rule|Evasion Clause: Evasion abilities, items, and moves are banned\n|rule|Evasion Abilities Clause: Evasion abilities are banned\n|rule|Evasion Items Clause: Evasion items are banned\n|rule|Evasion Moves Clause: Evasion moves are banned\n|rule|Species Clause: Limit one of each Pok\u00e9mon\n|rule|Sleep Clause Mod: Limit one foe put to sleep\n|clearpoke\n|poke|p1|Murkrow, F|\n|poke|p1|Landorus-Therian, M|\n|poke|p1|Heatran, M|\n|poke|p1|Clefable, F|\n|poke|p1|Rillaboom, F|\n|poke|p1|Goodra-Hisui, M|\n|poke|p2|Venusaur, F|\n|poke|p2|Rotom-Mow|\n|poke|p2|Ferrothorn, F|\n|poke|p2|Toedscruel, F|\n|poke|p2|Sinistcha|\n|poke|p2|Meowscarada, M|\n|teampreview\n|inactive|Battle timer is ON: inactive players will automatically lose when time's up. (requested by mops2002)\n|inactiveoff|Battle timer is now OFF.\n|\n|t:|1699818503\n|start\n|switch|p1a: Goodra|Goodra-Hisui, M|100\/100\n|switch|p2a: Toedscruel|Toedscruel, F|100\/100\n|turn|1\n|\n|t:|1699818515\n|move|p1a: Goodra|Ice Beam|p2a: Toedscruel\n|-supereffective|p2a: Toedscruel\n|-damage|p2a: Toedscruel|0 fnt\n|faint|p2a: Toedscruel\n|\n|upkeep\n|\n|t:|1699818520\n|switch|p2a: Meowscarada|Meowscarada, M|100\/100\n|turn|2\n|\n|t:|1699818528\n|move|p2a: Meowscarada|U-turn|p1a: Goodra\n|-start|p2a: Meowscarada|typechange|Bug|[from] ability: Protean\n|-resisted|p1a: Goodra\n|-damage|p1a: Goodra|79\/100\n|j| zoxin55\n|\n|t:|1699818535\n|switch|p2a: Ferrothorn|Ferrothorn, F|100\/100|[from] U-turn\n|move|p1a: Goodra|Acid Spray|p2a: Ferrothorn\n|-immune|p2a: Ferrothorn\n|\n|-heal|p1a: Goodra|85\/100|[from] item: Leftovers\n|upkeep\n|turn|3\n|\n|t:|1699818545\n|switch|p1a: Heatran|Heatran, M|100\/100\n|move|p2a: Ferrothorn|Body Press|p1a: Heatran\n|-supereffective|p1a: Heatran\n|-damage|p1a: Heatran|47\/100\n|\n|-heal|p1a: Heatran|53\/100|[from] item: Leftovers\n|upkeep\n|turn|4\n|\n|t:|1699818557\n|switch|p2a: Sinistcha|Sinistcha|100\/100\n|move|p1a: Heatran|Lava Plume|p2a: Sinistcha\n|-supereffective|p2a: Sinistcha\n|-crit|p2a: Sinistcha\n|-damage|p2a: Sinistcha|16\/100\n|\n|-heal|p1a: Heatran|59\/100|[from] item: Leftovers\n|-heal|p2a: Sinistcha|22\/100|[from] item: Leftovers\n|upkeep\n|turn|5\n|\n|t:|1699818586\n|move|p1a: Heatran|Lava Plume|p2a: Sinistcha\n|-supereffective|p2a: Sinistcha\n|-damage|p2a: Sinistcha|0 fnt\n|faint|p2a: Sinistcha\n|\n|-heal|p1a: Heatran|65\/100|[from] item: Leftovers\n|upkeep\n|\n|t:|1699818596\n|switch|p2a: Rotom|Rotom-Mow|100\/100\n|turn|6\n|\n|t:|1699818614\n|switch|p1a: Clefable|Clefable, F|100\/100\n|move|p2a: Rotom|Volt Switch|p1a: Clefable\n|-damage|p1a: Clefable|73\/100\n|\n|t:|1699818622\n|switch|p2a: Meowscarada|Meowscarada, M|100\/100|[from] Volt Switch\n|\n|-heal|p1a: Clefable|79\/100|[from] item: Leftovers\n|upkeep\n|turn|7\n|\n|t:|1699818641\n|move|p2a: Meowscarada|Knock Off|p1a: Clefable\n|-start|p2a: Meowscarada|typechange|Dark|[from] ability: Protean\n|-resisted|p1a: Clefable\n|-damage|p1a: Clefable|42\/100\n|-enditem|p1a: Clefable|Leftovers|[from] move: Knock Off|[of] p2a: Meowscarada\n|move|p1a: Clefable|Fire Blast|p2a: Meowscarada\n|-damage|p2a: Meowscarada|45\/100\n|\n|upkeep\n|turn|8\n|\n|t:|1699818668\n|switch|p2a: Venusaur|Venusaur, F|100\/100\n|move|p1a: Clefable|Fire Blast|p2a: Venusaur\n|-supereffective|p2a: Venusaur\n|-damage|p2a: Venusaur|54\/100\n|-status|p2a: Venusaur|brn\n|\n|-damage|p2a: Venusaur|48\/100 brn|[from] brn\n|upkeep\n|turn|9\n|\n|t:|1699818685\n|switch|p1a: Goodra|Goodra-Hisui, M|85\/100\n|detailschange|p2a: Venusaur|Venusaur-Mega, F\n|-mega|p2a: Venusaur|Venusaur|Venusaurite\n|move|p2a: Venusaur|Earth Power|p1a: Goodra\n|-supereffective|p1a: Goodra\n|-damage|p1a: Goodra|49\/100\n|\n|-heal|p1a: Goodra|55\/100|[from] item: Leftovers\n|-damage|p2a: Venusaur|42\/100 brn|[from] brn\n|upkeep\n|turn|10\n|\n|t:|1699818704\n|switch|p2a: Ferrothorn|Ferrothorn, F|100\/100\n|move|p1a: Goodra|Ice Beam|p2a: Ferrothorn\n|-damage|p2a: Ferrothorn|74\/100\n|\n|-heal|p1a: Goodra|61\/100|[from] item: Leftovers\n|upkeep\n|turn|11\n|\n|t:|1699818721\n|switch|p1a: Heatran|Heatran, M|65\/100\n|move|p2a: Ferrothorn|Stealth Rock|p1a: Heatran\n|-sidestart|p1: AdvilPills|move: Stealth Rock\n|\n|-heal|p1a: Heatran|71\/100|[from] item: Leftovers\n|upkeep\n|turn|12\n|\n|t:|1699818731\n|-terastallize|p2a: Ferrothorn|Fairy\n|move|p1a: Heatran|Lava Plume|p2a: Ferrothorn\n|-damage|p2a: Ferrothorn|32\/100\n|move|p2a: Ferrothorn|Body Press|p1a: Heatran\n|-supereffective|p1a: Heatran\n|-damage|p1a: Heatran|17\/100\n|\n|-heal|p1a: Heatran|23\/100|[from] item: Leftovers\n|upkeep\n|turn|13\n|\n|t:|1699818746\n|switch|p2a: Rotom|Rotom-Mow|100\/100\n|move|p1a: Heatran|Lava Plume|p2a: Rotom\n|-supereffective|p2a: Rotom\n|-damage|p2a: Rotom|0 fnt\n|faint|p2a: Rotom\n|\n|-heal|p1a: Heatran|29\/100|[from] item: Leftovers\n|upkeep\n|\n|t:|1699818756\n|switch|p2a: Meowscarada|Meowscarada, M|45\/100\n|turn|14\n|\n|t:|1699818767\n|move|p2a: Meowscarada|Knock Off|p1a: Heatran\n|-start|p2a: Meowscarada|typechange|Dark|[from] ability: Protean\n|-damage|p1a: Heatran|0 fnt\n|-enditem|p1a: Heatran|Leftovers|[from] move: Knock Off|[of] p2a: Meowscarada\n|faint|p1a: Heatran\n|\n|upkeep\n|\n|t:|1699818776\n|switch|p1a: Rillaboom|Rillaboom, F|100\/100\n|-damage|p1a: Rillaboom|88\/100|[from] Stealth Rock\n|-fieldstart|move: Grassy Terrain|[from] ability: Grassy Surge|[of] p1a: Rillaboom\n|-enditem|p1a: Rillaboom|Grassy Seed\n|-boost|p1a: Rillaboom|def|1|[from] item: Grassy Seed\n|turn|15\n|\n|t:|1699818794\n|switch|p2a: Venusaur|Venusaur-Mega, F|42\/100 brn\n|-terastallize|p1a: Rillaboom|Flying\n|move|p1a: Rillaboom|Acrobatics|p2a: Venusaur\n|-supereffective|p2a: Venusaur\n|-damage|p2a: Venusaur|0 fnt\n|faint|p2a: Venusaur\n|\n|upkeep\n|\n|t:|1699818803\n|switch|p2a: Meowscarada|Meowscarada, M|45\/100\n|turn|16\n|\n|t:|1699818806\n|move|p2a: Meowscarada|Flower Trick|p1a: Rillaboom\n|-start|p2a: Meowscarada|typechange|Grass|[from] ability: Protean\n|-resisted|p1a: Rillaboom\n|-crit|p1a: Rillaboom\n|-damage|p1a: Rillaboom|38\/100\n|move|p1a: Rillaboom|Acrobatics|p2a: Meowscarada\n|-supereffective|p2a: Meowscarada\n|-damage|p2a: Meowscarada|0 fnt\n|faint|p2a: Meowscarada\n|\n|upkeep\n|\n|t:|1699818816\n|switch|p2a: Ferrothorn|Ferrothorn, F, tera:Fairy|32\/100\n|turn|17\n|\n|t:|1699818819\n|move|p1a: Rillaboom|Wood Hammer|p2a: Ferrothorn\n|-damage|p2a: Ferrothorn|0 fnt\n|-damage|p1a: Rillaboom|26\/100|[from] ability: Iron Barbs|[of] p2a: Ferrothorn\n|-damage|p1a: Rillaboom|10\/100|[from] item: Rocky Helmet|[of] p2a: Ferrothorn\n|faint|p2a: Ferrothorn\n|-damage|p1a: Rillaboom|0 fnt|[from] Recoil\n|faint|p1a: Rillaboom\n|\n|win|AdvilPills\n|c|\u2606AdvilPills|gg\n|c|\u2606mops2002|gg\n|l| zoxin55\n|l|\u2606AdvilPills\n","uploadtime":1699818831,"views":18,"p1id":"advilpills","p2id":"mops2002","formatid":"gen9nationaldex","rating":0,"private":0,"password":""}