{"id":"gen9nationaldex-1988803094","p1":"ResidentCraft","p2":"YinGsJ","format":"[Gen 9] National Dex","log":"|j|\u2606ResidentCraft\n|j|\u2606YinGsJ\n|t:|1699765370\n|gametype|singles\n|player|p1|ResidentCraft|red|\n|player|p2|YinGsJ|red-masters|\n|teamsize|p1|6\n|teamsize|p2|6\n|gen|9\n|tier|[Gen 9] National Dex\n|rule|HP Percentage Mod: HP is shown in percentages\n|rule|Endless Battle Clause: Forcing endless battles is banned\n|rule|OHKO Clause: OHKO moves are banned\n|rule|Evasion Clause: Evasion abilities, items, and moves are banned\n|rule|Evasion Abilities Clause: Evasion abilities are banned\n|rule|Evasion Items Clause: Evasion items are banned\n|rule|Evasion Moves Clause: Evasion moves are banned\n|rule|Species Clause: Limit one of each Pok\u00e9mon\n|rule|Sleep Clause Mod: Limit one foe put to sleep\n|clearpoke\n|poke|p1|Corsola-Galar, F|\n|poke|p1|Garchomp, M|\n|poke|p1|Chansey, F|\n|poke|p1|Scizor, M|\n|poke|p1|Tapu Koko|\n|poke|p1|Rotom-Wash|\n|poke|p2|Gyarados, M|\n|poke|p2|Tapu Koko|\n|poke|p2|Sneasler, F|\n|poke|p2|Iron Valiant|\n|poke|p2|Celesteela|\n|poke|p2|Ting-Lu|\n|teampreview\n|inactive|Battle timer is ON: inactive players will automatically lose when time's up. (requested by ResidentCraft)\n|\n|t:|1699765376\n|start\n|switch|p1a: Rotom|Rotom-Wash|100\/100\n|switch|p2a: el warzone|Celesteela|100\/100\n|turn|1\n|\n|t:|1699765381\n|move|p2a: el warzone|Protect|p2a: el warzone\n|-singleturn|p2a: el warzone|Protect\n|move|p1a: Rotom|Volt Switch|p2a: el warzone\n|-activate|p2a: el warzone|move: Protect\n|\n|upkeep\n|turn|2\n|\n|t:|1699765387\n|move|p1a: Rotom|Volt Switch|p2a: el warzone\n|-supereffective|p2a: el warzone\n|-damage|p2a: el warzone|53\/100\n|\n|t:|1699765391\n|switch|p1a: Chansey|Chansey, F|100\/100|[from] Volt Switch\n|move|p2a: el warzone|Leech Seed|p1a: Chansey\n|-start|p1a: Chansey|move: Leech Seed\n|\n|-heal|p2a: el warzone|59\/100|[from] item: Leftovers\n|-damage|p1a: Chansey|88\/100|[from] Leech Seed|[of] p2a: el warzone\n|-heal|p2a: el warzone|81\/100|[silent]\n|upkeep\n|turn|3\n|c|\u2606ResidentCraft|!dt celeste la\nNo Pok\u00e9mon, item, move, ability or nature named 'celeste la' was found. Showing the data of 'Celesteela' instead.\n|raw|<div class=\"message\"><ul class=\"utilichart\"><li class=\"result\"><span class=\"col numcol\">UU<\/span> <span class=\"col iconcol\"><psicon pokemon=\"celesteela\"\/><\/span> <span class=\"col pokemonnamecol\" style=\"white-space:nowrap\"><a href=\"https:\/\/dex.pokemonshowdown.com\/pokemon\/celesteela\" target=\"_blank\">Celesteela<\/a><\/span> <span class=\"col typecol\"><img src=\"https:\/\/play.pokemonshowdown.com\/sprites\/types\/Steel.png\" alt=\"Steel\" height=\"14\" width=\"32\"><img src=\"https:\/\/play.pokemonshowdown.com\/sprites\/types\/Flying.png\" alt=\"Flying\" height=\"14\" width=\"32\"><\/span> <span style=\"float:left;min-height:26px\"><span class=\"col abilitycol\">Beast Boost<\/span><span class=\"col abilitycol\"><\/span><\/span><span style=\"float:left;min-height:26px\"><span class=\"col statcol\"><em>HP<\/em><br \/>97<\/span> <span class=\"col statcol\"><em>Atk<\/em><br \/>101<\/span> <span class=\"col statcol\"><em>Def<\/em><br \/>103<\/span> <span class=\"col statcol\"><em>SpA<\/em><br \/>107<\/span> <span class=\"col statcol\"><em>SpD<\/em><br \/>101<\/span> <span class=\"col statcol\"><em>Spe<\/em><br \/>61<\/span> <span class=\"col bstcol\"><em>BST<br \/>570<\/em><\/span> <\/span><\/li><li style=\"clear:both\"><\/li><\/ul><\/div>\n|raw|<font size=\"1\"><font color=\"#686868\">Dex#:<\/font> 797&nbsp;|&ThickSpace;<font color=\"#686868\">Gen:<\/font> 7&nbsp;|&ThickSpace;<font color=\"#686868\">Height:<\/font> 9.2 m&nbsp;|&ThickSpace;<font color=\"#686868\">Weight:<\/font> 999.9 kg <em>(120 BP)<\/em>&nbsp;|&ThickSpace;<font color=\"#686868\">Dex Colour:<\/font> Green&nbsp;|&ThickSpace;<font color=\"#686868\">Egg Group(s):<\/font> Undiscovered&nbsp;|&ThickSpace;<font color=\"#686868\">Does Not Evolve<\/font><\/font>\n\n|inactive|YinGsJ has 270 seconds left.\n|l|\u2606YinGsJ\n|inactive|YinGsJ disconnected and has 300 seconds to reconnect!\n|player|p2|\n|inactive|YinGsJ has 270 seconds to reconnect!\n|inactive|YinGsJ has 240 seconds to reconnect!\n|inactive|YinGsJ has 210 seconds to reconnect!\n|j|\u2606YinGsJ\n|inactive|YinGsJ reconnected and has 270 seconds left.\n|player|p2|YinGsJ|red-masters\n|\n|t:|1699765525\n|move|p2a: el warzone|Heavy Slam|p1a: Chansey\n|-damage|p1a: Chansey|61\/100\n|move|p1a: Chansey|Teleport|p1a: Chansey\n|\n|t:|1699765532\n|switch|p1a: Tapu Koko|Tapu Koko, shiny|100\/100|[from] Teleport\n|-fieldstart|move: Electric Terrain|[from] ability: Electric Surge|[of] p1a: Tapu Koko\n|\n|-heal|p2a: el warzone|87\/100|[from] item: Leftovers\n|upkeep\n|turn|4\n|\n|t:|1699765539\n|move|p1a: Tapu Koko|Volt Switch|p2a: el warzone\n|-supereffective|p2a: el warzone\n|-damage|p2a: el warzone|5\/100\n|-damage|p1a: Tapu Koko|91\/100|[from] item: Life Orb\n|\n|t:|1699765544\n|switch|p1a: Rotom|Rotom-Wash|100\/100|[from] Volt Switch\n|move|p2a: el warzone|Leech Seed|p1a: Rotom\n|-start|p1a: Rotom|move: Leech Seed\n|\n|-heal|p2a: el warzone|11\/100|[from] item: Leftovers\n|-damage|p1a: Rotom|88\/100|[from] Leech Seed|[of] p2a: el warzone\n|-heal|p2a: el warzone|18\/100|[silent]\n|upkeep\n|turn|5\n|\n|t:|1699765549\n|move|p2a: el warzone|Protect|p2a: el warzone\n|-singleturn|p2a: el warzone|Protect\n|move|p1a: Rotom|Hydro Pump|p2a: el warzone\n|-activate|p2a: el warzone|move: Protect\n|\n|-heal|p2a: el warzone|24\/100|[from] item: Leftovers\n|-damage|p1a: Rotom|76\/100|[from] Leech Seed|[of] p2a: el warzone\n|-heal|p2a: el warzone|32\/100|[silent]\n|upkeep\n|turn|6\n|\n|t:|1699765557\n|switch|p2a: bing chilling|Ting-Lu|100\/100\n|-ability|p2a: bing chilling|Vessel of Ruin\n|move|p1a: Rotom|Hydro Pump|p2a: bing chilling\n|-supereffective|p2a: bing chilling\n|-damage|p2a: bing chilling|36\/100\n|\n|-heal|p2a: bing chilling|42\/100|[from] item: Leftovers\n|-damage|p1a: Rotom|63\/100|[from] Leech Seed|[of] p2a: bing chilling\n|-heal|p2a: bing chilling|48\/100|[silent]\n|upkeep\n|turn|7\n|\n|t:|1699765582\n|move|p1a: Rotom|Hydro Pump|p2a: bing chilling|[miss]\n|-miss|p1a: Rotom|p2a: bing chilling\n|move|p2a: bing chilling|Stealth Rock|p1a: Rotom\n|-sidestart|p1: ResidentCraft|move: Stealth Rock\n|\n|-heal|p2a: bing chilling|54\/100|[from] item: Leftovers\n|-damage|p1a: Rotom|51\/100|[from] Leech Seed|[of] p2a: bing chilling\n|-heal|p2a: bing chilling|60\/100|[silent]\n|-fieldend|move: Electric Terrain\n|upkeep\n|turn|8\n|\n|t:|1699765592\n|switch|p1a: Corsola|Corsola-Galar, F|100\/100\n|-damage|p1a: Corsola|88\/100|[from] Stealth Rock\n|move|p2a: bing chilling|Ruination|p1a: Corsola\n|-damage|p1a: Corsola|44\/100\n|\n|-heal|p2a: bing chilling|66\/100|[from] item: Leftovers\n|upkeep\n|turn|9\n|\n|t:|1699765600\n|switch|p2a: Koko|Tapu Koko|100\/100\n|-fieldstart|move: Electric Terrain|[from] ability: Electric Surge|[of] p2a: Koko\n|move|p1a: Corsola|Strength Sap|p2a: Koko\n|-unboost|p2a: Koko|atk|1\n|-heal|p1a: Corsola|100\/100\n|\n|upkeep\n|turn|10\n|\n|t:|1699765607\n|move|p2a: Koko|Thunderbolt|p1a: Corsola\n|-damage|p1a: Corsola|63\/100\n|-start|p2a: Koko|Disable|Thunderbolt|[from] ability: Cursed Body|[of] p1a: Corsola\n|move|p1a: Corsola|Strength Sap|p2a: Koko\n|-unboost|p2a: Koko|atk|1\n|-heal|p1a: Corsola|100\/100\n|\n|upkeep\n|turn|11\n|\n|t:|1699765612\n|move|p2a: Koko|Volt Switch|p1a: Corsola\n|-damage|p1a: Corsola|73\/100\n|\n|t:|1699765616\n|switch|p2a: el warzone|Celesteela|32\/100|[from] Volt Switch\n|move|p1a: Corsola|Whirlpool|p2a: el warzone\n|-damage|p2a: el warzone|27\/100\n|-activate|p2a: el warzone|move: Whirlpool|[of] p1a: Corsola\n|\n|-heal|p2a: el warzone|33\/100|[from] item: Leftovers\n|-damage|p2a: el warzone|21\/100|[from] move: Whirlpool|[partiallytrapped]\n|upkeep\n|turn|12\n|\n|t:|1699765625\n|move|p2a: el warzone|Leech Seed|p1a: Corsola\n|-start|p1a: Corsola|move: Leech Seed\n|move|p1a: Corsola|Will-O-Wisp|p2a: el warzone|[miss]\n|-miss|p1a: Corsola|p2a: el warzone\n|\n|-heal|p2a: el warzone|27\/100|[from] item: Leftovers\n|-damage|p1a: Corsola|60\/100|[from] Leech Seed|[of] p2a: el warzone\n|-heal|p2a: el warzone|37\/100|[silent]\n|-damage|p2a: el warzone|24\/100|[from] move: Whirlpool|[partiallytrapped]\n|upkeep\n|turn|13\n|\n|t:|1699765632\n|move|p2a: el warzone|Protect|p2a: el warzone\n|-singleturn|p2a: el warzone|Protect\n|move|p1a: Corsola|Strength Sap|p2a: el warzone\n|-activate|p2a: el warzone|move: Protect\n|\n|-heal|p2a: el warzone|30\/100|[from] item: Leftovers\n|-damage|p1a: Corsola|48\/100|[from] Leech Seed|[of] p2a: el warzone\n|-heal|p2a: el warzone|40\/100|[silent]\n|-damage|p2a: el warzone|28\/100|[from] move: Whirlpool|[partiallytrapped]\n|upkeep\n|turn|14\n|\n|t:|1699765634\n|move|p2a: el warzone|Heavy Slam|p1a: Corsola\n|-damage|p1a: Corsola|26\/100\n|move|p1a: Corsola|Strength Sap|p2a: el warzone\n|-unboost|p2a: el warzone|atk|1\n|-heal|p1a: Corsola|99\/100\n|\n|-heal|p2a: el warzone|34\/100|[from] item: Leftovers\n|-damage|p1a: Corsola|87\/100|[from] Leech Seed|[of] p2a: el warzone\n|-heal|p2a: el warzone|44\/100|[silent]\n|-damage|p2a: el warzone|32\/100|[from] move: Whirlpool|[partiallytrapped]\n|upkeep\n|turn|15\n|\n|t:|1699765642\n|move|p2a: el warzone|Protect|p2a: el warzone\n|-singleturn|p2a: el warzone|Protect\n|move|p1a: Corsola|Will-O-Wisp|p2a: el warzone\n|-activate|p2a: el warzone|move: Protect\n|\n|-heal|p2a: el warzone|38\/100|[from] item: Leftovers\n|-damage|p1a: Corsola|75\/100|[from] Leech Seed|[of] p2a: el warzone\n|-heal|p2a: el warzone|48\/100|[silent]\n|-damage|p2a: el warzone|36\/100|[from] move: Whirlpool|[partiallytrapped]\n|upkeep\n|turn|16\n|\n|t:|1699765645\n|move|p2a: el warzone|Flamethrower|p1a: Corsola\n|-damage|p1a: Corsola|60\/100\n|move|p1a: Corsola|Night Shade|p2a: el warzone\n|-damage|p2a: el warzone|11\/100\n|\n|-heal|p2a: el warzone|17\/100|[from] item: Leftovers\n|-damage|p1a: Corsola|47\/100|[from] Leech Seed|[of] p2a: el warzone\n|-heal|p2a: el warzone|27\/100|[silent]\n|-end|p2a: el warzone|Whirlpool|[partiallytrapped]\n|-fieldend|move: Electric Terrain\n|upkeep\n|turn|17\n|\n|t:|1699765649\n|move|p2a: el warzone|Flamethrower|p1a: Corsola\n|-damage|p1a: Corsola|30\/100\n|-start|p2a: el warzone|Disable|Flamethrower|[from] ability: Cursed Body|[of] p1a: Corsola\n|move|p1a: Corsola|Strength Sap|p2a: el warzone\n|-unboost|p2a: el warzone|atk|1\n|-heal|p1a: Corsola|80\/100\n|\n|-heal|p2a: el warzone|33\/100|[from] item: Leftovers\n|-damage|p1a: Corsola|67\/100|[from] Leech Seed|[of] p2a: el warzone\n|-heal|p2a: el warzone|43\/100|[silent]\n|upkeep\n|turn|18\n|\n|t:|1699765657\n|move|p2a: el warzone|Heavy Slam|p1a: Corsola\n|-damage|p1a: Corsola|56\/100\n|move|p1a: Corsola|Will-O-Wisp|p2a: el warzone\n|-status|p2a: el warzone|brn\n|\n|-heal|p2a: el warzone|49\/100 brn|[from] item: Leftovers\n|-damage|p1a: Corsola|44\/100|[from] Leech Seed|[of] p2a: el warzone\n|-heal|p2a: el warzone|59\/100 brn|[silent]\n|-damage|p2a: el warzone|53\/100 brn|[from] brn\n|upkeep\n|turn|19\n|\n|t:|1699765664\n|switch|p1a: Chansey|Chansey, F|61\/100\n|-damage|p1a: Chansey|49\/100|[from] Stealth Rock\n|move|p2a: el warzone|Heavy Slam|p1a: Chansey\n|-damage|p1a: Chansey|42\/100\n|\n|-heal|p2a: el warzone|59\/100 brn|[from] item: Leftovers\n|-damage|p2a: el warzone|53\/100 brn|[from] brn\n|upkeep\n|turn|20\n|\n|t:|1699765669\n|move|p2a: el warzone|Heavy Slam|p1a: Chansey\n|-damage|p1a: Chansey|35\/100\n|move|p1a: Chansey|Soft-Boiled|p1a: Chansey\n|-heal|p1a: Chansey|85\/100\n|\n|-heal|p2a: el warzone|59\/100 brn|[from] item: Leftovers\n|-damage|p2a: el warzone|53\/100 brn|[from] brn\n|-end|p2a: el warzone|Disable\n|upkeep\n|turn|21\n|\n|t:|1699765672\n|move|p2a: el warzone|Leech Seed|p1a: Chansey\n|-start|p1a: Chansey|move: Leech Seed\n|move|p1a: Chansey|Teleport|p1a: Chansey\n|\n|t:|1699765674\n|switch|p1a: Corsola|Corsola-Galar, F|44\/100|[from] Teleport\n|-damage|p1a: Corsola|31\/100|[from] Stealth Rock\n|\n|-heal|p2a: el warzone|59\/100 brn|[from] item: Leftovers\n|-damage|p2a: el warzone|53\/100 brn|[from] brn\n|upkeep\n|turn|22\n|\n|t:|1699765678\n|move|p2a: el warzone|Leech Seed|p1a: Corsola\n|-start|p1a: Corsola|move: Leech Seed\n|move|p1a: Corsola|Strength Sap|p2a: el warzone\n|-unboost|p2a: el warzone|atk|1\n|-heal|p1a: Corsola|68\/100\n|\n|-heal|p2a: el warzone|59\/100 brn|[from] item: Leftovers\n|-damage|p1a: Corsola|56\/100|[from] Leech Seed|[of] p2a: el warzone\n|-heal|p2a: el warzone|69\/100 brn|[silent]\n|-damage|p2a: el warzone|63\/100 brn|[from] brn\n|upkeep\n|turn|23\n|\n|t:|1699765681\n|switch|p1a: Tapu Koko|Tapu Koko, shiny|91\/100\n|-damage|p1a: Tapu Koko|78\/100|[from] Stealth Rock\n|-fieldstart|move: Electric Terrain|[from] ability: Electric Surge|[of] p1a: Tapu Koko\n|move|p2a: el warzone|Flamethrower|p1a: Tapu Koko\n|-damage|p1a: Tapu Koko|46\/100\n|\n|-heal|p2a: el warzone|69\/100 brn|[from] item: Leftovers\n|-damage|p2a: el warzone|63\/100 brn|[from] brn\n|upkeep\n|turn|24\n|\n|t:|1699765683\n|move|p1a: Tapu Koko|Volt Switch|p2a: el warzone\n|-supereffective|p2a: el warzone\n|-crit|p2a: el warzone\n|-damage|p2a: el warzone|0 fnt\n|faint|p2a: el warzone\n|-damage|p1a: Tapu Koko|36\/100|[from] item: Life Orb\n|\n|t:|1699765686\n|switch|p1a: Rotom|Rotom-Wash|51\/100|[from] Volt Switch\n|-damage|p1a: Rotom|39\/100|[from] Stealth Rock\n|\n|upkeep\n|\n|t:|1699765695\n|switch|p2a: iz|Iron Valiant|100\/100\n|-activate|p2a: iz|ability: Quark Drive\n|-start|p2a: iz|quarkdrivespe\n|turn|25\n|\n|t:|1699765701\n|move|p2a: iz|Spirit Break|p1a: Rotom\n|-damage|p1a: Rotom|0 fnt\n|faint|p1a: Rotom\n|-damage|p2a: iz|91\/100|[from] item: Life Orb\n|\n|upkeep\n|\n|t:|1699765704\n|switch|p1a: Corsola|Corsola-Galar, F|56\/100\n|-damage|p1a: Corsola|43\/100|[from] Stealth Rock\n|turn|26\n|\n|t:|1699765707\n|-terastallize|p1a: Corsola|Steel\n|move|p2a: iz|Spirit Break|p1a: Corsola\n|-resisted|p1a: Corsola\n|-damage|p1a: Corsola|31\/100\n|-unboost|p1a: Corsola|spa|1\n|-damage|p2a: iz|81\/100|[from] item: Life Orb\n|move|p1a: Corsola|Whirlpool|p2a: iz|[miss]\n|-miss|p1a: Corsola|p2a: iz\n|\n|upkeep\n|turn|27\n|\n|t:|1699765716\n|move|p2a: iz|Close Combat|p1a: Corsola\n|-supereffective|p1a: Corsola\n|-damage|p1a: Corsola|0 fnt\n|-unboost|p2a: iz|def|1\n|-unboost|p2a: iz|spd|1\n|faint|p1a: Corsola\n|-damage|p2a: iz|71\/100|[from] item: Life Orb\n|\n|-fieldend|move: Electric Terrain\n|-end|p2a: iz|Quark Drive\n|upkeep\n|\n|t:|1699765723\n|switch|p1a: Scizor|Scizor, M|100\/100\n|-damage|p1a: Scizor|88\/100|[from] Stealth Rock\n|turn|28\n|\n|t:|1699765727\n|-end|p2a: iz|Quark Drive|[silent]\n|switch|p2a: bing chilling|Ting-Lu|66\/100\n|-ability|p2a: bing chilling|Vessel of Ruin\n|detailschange|p1a: Scizor|Scizor-Mega, M\n|-mega|p1a: Scizor|Scizor|Scizorite\n|move|p1a: Scizor|Swords Dance|p1a: Scizor\n|-boost|p1a: Scizor|atk|2\n|\n|-heal|p2a: bing chilling|72\/100|[from] item: Leftovers\n|upkeep\n|turn|29\n|\n|t:|1699765731\n|move|p1a: Scizor|Close Combat|p2a: bing chilling\n|-supereffective|p2a: bing chilling\n|-damage|p2a: bing chilling|0 fnt\n|-unboost|p1a: Scizor|def|1\n|-unboost|p1a: Scizor|spd|1\n|faint|p2a: bing chilling\n|\n|upkeep\n|\n|t:|1699765736\n|switch|p2a: Koko|Tapu Koko|100\/100\n|-fieldstart|move: Electric Terrain|[from] ability: Electric Surge|[of] p2a: Koko\n|turn|30\n|\n|t:|1699765739\n|move|p1a: Scizor|Bullet Punch|p2a: Koko\n|-damage|p2a: Koko|0 fnt\n|faint|p2a: Koko\n|\n|upkeep\n|\n|t:|1699765742\n|switch|p2a: iz|Iron Valiant|71\/100\n|-activate|p2a: iz|ability: Quark Drive\n|-start|p2a: iz|quarkdrivespe\n|turn|31\n|\n|t:|1699765745\n|move|p1a: Scizor|Bullet Punch|p2a: iz\n|-supereffective|p2a: iz\n|-damage|p2a: iz|0 fnt\n|faint|p2a: iz\n|-end|p2a: iz|Quark Drive|[silent]\n|\n|upkeep\n|\n|t:|1699765748\n|switch|p2a: el de la droga|Sneasler, F|100\/100\n|-enditem|p2a: el de la droga|Electric Seed\n|-boost|p2a: el de la droga|def|1|[from] item: Electric Seed\n|turn|32\n|\n|t:|1699765761\n|move|p1a: Scizor|Bullet Punch|p2a: el de la droga\n|-damage|p2a: el de la droga|9\/100\n|move|p2a: el de la droga|Close Combat|p1a: Scizor\n|-damage|p1a: Scizor|5\/100\n|-unboost|p2a: el de la droga|def|1\n|-unboost|p2a: el de la droga|spd|1\n|\n|upkeep\n|turn|33\n|\n|t:|1699765769\n|move|p1a: Scizor|Bullet Punch|p2a: el de la droga\n|-crit|p2a: el de la droga\n|-damage|p2a: el de la droga|0 fnt\n|faint|p2a: el de la droga\n|\n|upkeep\n|\n|t:|1699765771\n|switch|p2a: mi pichula|Gyarados, M|100\/100\n|-ability|p2a: mi pichula|Intimidate|boost\n|-unboost|p1a: Scizor|atk|1\n|turn|34\n|\n|t:|1699765780\n|detailschange|p2a: mi pichula|Gyarados-Mega, M\n|-mega|p2a: mi pichula|Gyarados|Gyaradosite\n|-ability|p2a: mi pichula|Mold Breaker\n|move|p2a: mi pichula|Dragon Dance|p2a: mi pichula\n|-boost|p2a: mi pichula|atk|1\n|-boost|p2a: mi pichula|spe|1\n|move|p1a: Scizor|Close Combat|p2a: mi pichula\n|-supereffective|p2a: mi pichula\n|-damage|p2a: mi pichula|0 fnt\n|-unboost|p1a: Scizor|def|1\n|-unboost|p1a: Scizor|spd|1\n|faint|p2a: mi pichula\n|\n|win|ResidentCraft\n","uploadtime":1699765795,"views":4,"p1id":"residentcraft","p2id":"yingsj","formatid":"gen9nationaldex","rating":0,"private":0,"password":""}