{"id":"gen9nationaldex-1995832305","p1":"zetreker","p2":"gglao2","format":"[Gen 9] National Dex","log":"|html|<div class=\"broadcast-blue\"><strong>[Gen 9] National Dex is currently suspecting Sneasler! For information on how to participate check out the <a href=\"https:\/\/www.smogon.com\/forums\/threads\/sv-national-dex-suspect-8-just-dance.3731534\/\">suspect thread<\/a>.<\/strong><\/div>\n|j|\u2606zetreker\n|j|\u2606gglao2\n|t:|1700607594\n|gametype|singles\n|player|p1|zetreker|2|1522\n|player|p2|gglao2|fisherman-gen4|1605\n|teamsize|p1|6\n|teamsize|p2|6\n|gen|9\n|tier|[Gen 9] National Dex\n|rated|\n|rule|HP Percentage Mod: HP is shown in percentages\n|rule|Endless Battle Clause: Forcing endless battles is banned\n|rule|OHKO Clause: OHKO moves are banned\n|rule|Evasion Clause: Evasion abilities, items, and moves are banned\n|rule|Evasion Abilities Clause: Evasion abilities are banned\n|rule|Evasion Items Clause: Evasion items are banned\n|rule|Evasion Moves Clause: Evasion moves are banned\n|rule|Species Clause: Limit one of each Pok\u00e9mon\n|rule|Sleep Clause Mod: Limit one foe put to sleep\n|clearpoke\n|poke|p1|Latias, F|\n|poke|p1|Urshifu-*, F|\n|poke|p1|Rotom-Wash|\n|poke|p1|Zamazenta-*|\n|poke|p1|Heatran, M|\n|poke|p1|Gardevoir, M|\n|poke|p2|Alomomola, M|\n|poke|p2|Ditto|\n|poke|p2|Zamazenta-*|\n|poke|p2|Gliscor, M|\n|poke|p2|Victini|\n|poke|p2|Goodra-Hisui, M|\n|teampreview\n|inactive|Battle timer is ON: inactive players will automatically lose when time's up. (requested by gglao2)\n|\n|t:|1700607610\n|start\n|switch|p1a: Heatran|Heatran, M|100\/100\n|switch|p2a: Victini|Victini|100\/100\n|turn|1\n|\n|t:|1700607616\n|move|p2a: Victini|U-turn|p1a: Heatran\n|-resisted|p1a: Heatran\n|-damage|p1a: Heatran|96\/100\n|\n|t:|1700607619\n|switch|p2a: Alomomola|Alomomola, M|100\/100|[from] U-turn\n|move|p1a: Heatran|Stealth Rock|p2a: Alomomola\n|-sidestart|p2: gglao2|move: Stealth Rock\n|\n|upkeep\n|turn|2\n|\n|t:|1700607630\n|move|p2a: Alomomola|Knock Off|p1a: Heatran\n|-damage|p1a: Heatran|77\/100\n|-enditem|p1a: Heatran|Binding Band|[from] move: Knock Off|[of] p2a: Alomomola\n|move|p1a: Heatran|Roar|p2a: Alomomola\n|drag|p2a: Victini|Victini|100\/100\n|-damage|p2a: Victini|76\/100|[from] Stealth Rock\n|\n|upkeep\n|turn|3\n|\n|t:|1700607639\n|move|p2a: Victini|U-turn|p1a: Heatran\n|-resisted|p1a: Heatran\n|-crit|p1a: Heatran\n|-damage|p1a: Heatran|70\/100\n|\n|t:|1700607641\n|switch|p2a: Alomomola|Alomomola, M|100\/100|[from] U-turn\n|-damage|p2a: Alomomola|88\/100|[from] Stealth Rock\n|move|p1a: Heatran|Earth Power|p2a: Alomomola\n|-damage|p2a: Alomomola|45\/100\n|-unboost|p2a: Alomomola|spd|1\n|\n|upkeep\n|turn|4\n|\n|t:|1700607650\n|switch|p2a: Gliscor|Gliscor, M|100\/100\n|-damage|p2a: Gliscor|88\/100|[from] Stealth Rock\n|move|p1a: Heatran|Roar|p2a: Gliscor\n|drag|p2a: Ditto|Ditto|100\/100\n|-damage|p2a: Ditto|88\/100|[from] Stealth Rock\n|-transform|p2a: Ditto|p1a: Heatran|[from] ability: Imposter\n|\n|upkeep\n|turn|5\n|\n|t:|1700607658\n|switch|p1a: Rotom|Rotom-Wash|100\/100\n|move|p2a: Ditto|Earth Power|p1a: Rotom\n|-immune|p1a: Rotom|[from] ability: Levitate\n|\n|upkeep\n|turn|6\n|\n|t:|1700607662\n|switch|p2a: Goodra|Goodra-Hisui, M|100\/100\n|-damage|p2a: Goodra|94\/100|[from] Stealth Rock\n|move|p1a: Rotom|Will-O-Wisp|p2a: Goodra\n|-status|p2a: Goodra|brn\n|\n|-damage|p2a: Goodra|88\/100 brn|[from] brn\n|upkeep\n|turn|7\n|\n|t:|1700607672\n|move|p1a: Rotom|Volt Switch|p2a: Goodra\n|-resisted|p2a: Goodra\n|-damage|p2a: Goodra|83\/100 brn\n|\n|t:|1700607677\n|switch|p1a: Urshifu|Urshifu-Rapid-Strike, F|100\/100|[from] Volt Switch\n|move|p2a: Goodra|Thunderbolt|p1a: Urshifu\n|-supereffective|p1a: Urshifu\n|-damage|p1a: Urshifu|38\/100\n|\n|-damage|p2a: Goodra|77\/100 brn|[from] brn\n|upkeep\n|turn|8\n|\n|t:|1700607689\n|switch|p2a: Alomomola|Alomomola, M|78\/100\n|-damage|p2a: Alomomola|65\/100|[from] Stealth Rock\n|move|p1a: Urshifu|Surging Strikes|p2a: Alomomola\n|-resisted|p2a: Alomomola\n|-crit|p2a: Alomomola\n|-damage|p2a: Alomomola|60\/100\n|-damage|p1a: Urshifu|21\/100|[from] item: Rocky Helmet|[of] p2a: Alomomola\n|-resisted|p2a: Alomomola\n|-crit|p2a: Alomomola\n|-damage|p2a: Alomomola|55\/100\n|-damage|p1a: Urshifu|5\/100|[from] item: Rocky Helmet|[of] p2a: Alomomola\n|-resisted|p2a: Alomomola\n|-crit|p2a: Alomomola\n|-damage|p2a: Alomomola|49\/100\n|-damage|p1a: Urshifu|0 fnt|[from] item: Rocky Helmet|[of] p2a: Alomomola\n|faint|p1a: Urshifu\n|-hitcount|p2a: Alomomola|3\n|\n|upkeep\n|\n|t:|1700607697\n|switch|p1a: Rotom|Rotom-Wash|100\/100\n|turn|9\n|\n|t:|1700607704\n|switch|p2a: Goodra|Goodra-Hisui, M|77\/100 brn\n|-damage|p2a: Goodra|71\/100 brn|[from] Stealth Rock\n|move|p1a: Rotom|Will-O-Wisp|p2a: Goodra\n|-fail|p2a: Goodra|brn\n|\n|-damage|p2a: Goodra|65\/100 brn|[from] brn\n|upkeep\n|turn|10\n|\n|t:|1700607714\n|switch|p2a: Gliscor|Gliscor, M|88\/100\n|-damage|p2a: Gliscor|76\/100|[from] Stealth Rock\n|move|p1a: Rotom|Hydro Pump|p2a: Gliscor\n|-supereffective|p2a: Gliscor\n|-damage|p2a: Gliscor|4\/100\n|\n|-status|p2a: Gliscor|tox|[from] item: Toxic Orb\n|upkeep\n|turn|11\n|\n|t:|1700607725\n|switch|p2a: Goodra|Goodra-Hisui, M|65\/100 brn\n|-damage|p2a: Goodra|58\/100 brn|[from] Stealth Rock\n|move|p1a: Rotom|Hydro Pump|p2a: Goodra\n|-resisted|p2a: Goodra\n|-damage|p2a: Goodra|49\/100 brn\n|\n|-damage|p2a: Goodra|43\/100 brn|[from] brn\n|upkeep\n|turn|12\n|\n|t:|1700607739\n|move|p1a: Rotom|Hydro Pump|p2a: Goodra\n|-resisted|p2a: Goodra\n|-damage|p2a: Goodra|34\/100 brn\n|move|p2a: Goodra|Draco Meteor|p1a: Rotom\n|-damage|p1a: Rotom|53\/100\n|-unboost|p2a: Goodra|spa|2\n|\n|-heal|p1a: Rotom|59\/100|[from] item: Leftovers\n|-damage|p2a: Goodra|28\/100 brn|[from] brn\n|upkeep\n|turn|13\n|\n|t:|1700607748\n|move|p1a: Rotom|Volt Switch|p2a: Goodra\n|-resisted|p2a: Goodra\n|-damage|p2a: Goodra|22\/100 brn\n|\n|t:|1700607751\n|switch|p1a: Gardevoir|Gardevoir, M, shiny|100\/100|[from] Volt Switch\n|-ability|p1a: Gardevoir|Sap Sipper|[from] ability: Trace|[of] p2a: Goodra\n|move|p2a: Goodra|Thunderbolt|p1a: Gardevoir\n|-damage|p1a: Gardevoir|82\/100\n|\n|-damage|p2a: Goodra|16\/100 brn|[from] brn\n|upkeep\n|turn|14\n|\n|t:|1700607764\n|move|p1a: Gardevoir|Mystical Fire|p2a: Goodra\n|-damage|p2a: Goodra|4\/100 brn\n|-unboost|p2a: Goodra|spa|1\n|move|p2a: Goodra|Flash Cannon|p1a: Gardevoir\n|-supereffective|p1a: Gardevoir\n|-damage|p1a: Gardevoir|47\/100\n|\n|-damage|p2a: Goodra|0 fnt|[from] brn\n|faint|p2a: Goodra\n|upkeep\n|\n|t:|1700607782\n|switch|p2a: Victini|Victini|76\/100\n|-damage|p2a: Victini|51\/100|[from] Stealth Rock\n|turn|15\n|\n|t:|1700607789\n|switch|p1a: Rotom|Rotom-Wash|59\/100\n|move|p2a: Victini|U-turn|p1a: Rotom\n|-damage|p1a: Rotom|38\/100\n|\n|t:|1700607796\n|switch|p2a: Zamazenta|Zamazenta|100\/100|[from] U-turn\n|-damage|p2a: Zamazenta|94\/100|[from] Stealth Rock\n|-ability|p2a: Zamazenta|Dauntless Shield|boost\n|-boost|p2a: Zamazenta|def|1\n|\n|-heal|p1a: Rotom|45\/100|[from] item: Leftovers\n|upkeep\n|turn|16\n|\n|t:|1700607803\n|move|p2a: Zamazenta|Close Combat|p1a: Rotom\n|-damage|p1a: Rotom|0 fnt\n|-unboost|p2a: Zamazenta|def|1\n|-unboost|p2a: Zamazenta|spd|1\n|faint|p1a: Rotom\n|\n|upkeep\n|\n|t:|1700607813\n|switch|p1a: Zamazenta|Zamazenta|100\/100\n|-ability|p1a: Zamazenta|Dauntless Shield|boost\n|-boost|p1a: Zamazenta|def|1\n|turn|17\n|\n|t:|1700607816\n|switch|p2a: Alomomola|Alomomola, M|83\/100\n|-damage|p2a: Alomomola|70\/100|[from] Stealth Rock\n|move|p1a: Zamazenta|Substitute|p1a: Zamazenta\n|-start|p1a: Zamazenta|Substitute\n|-damage|p1a: Zamazenta|76\/100\n|\n|-heal|p1a: Zamazenta|82\/100|[from] item: Leftovers\n|upkeep\n|turn|18\n|\n|t:|1700607828\n|move|p1a: Zamazenta|Iron Defense|p1a: Zamazenta\n|-boost|p1a: Zamazenta|def|2\n|move|p2a: Alomomola|Flip Turn|p1a: Zamazenta\n|-activate|p1a: Zamazenta|move: Substitute|[damage]\n|\n|t:|1700607830\n|switch|p2a: Victini|Victini|51\/100|[from] Flip Turn\n|-damage|p2a: Victini|26\/100|[from] Stealth Rock\n|\n|-heal|p1a: Zamazenta|88\/100|[from] item: Leftovers\n|upkeep\n|turn|19\n|\n|t:|1700607835\n|move|p2a: Victini|V-create|p1a: Zamazenta\n|-end|p1a: Zamazenta|Substitute\n|-unboost|p2a: Victini|spe|1\n|-unboost|p2a: Victini|def|1\n|-unboost|p2a: Victini|spd|1\n|move|p1a: Zamazenta|Substitute|p1a: Zamazenta\n|-start|p1a: Zamazenta|Substitute\n|-damage|p1a: Zamazenta|63\/100\n|\n|-heal|p1a: Zamazenta|69\/100|[from] item: Leftovers\n|upkeep\n|turn|20\n|\n|t:|1700607842\n|move|p1a: Zamazenta|Body Press|p2a: Victini\n|-resisted|p2a: Victini\n|-damage|p2a: Victini|0 fnt\n|faint|p2a: Victini\n|\n|-heal|p1a: Zamazenta|75\/100|[from] item: Leftovers\n|upkeep\n|c|\u2606gglao2|\u5783\u573e\u73a9\u50bb\u903c\n|-message|gglao2 forfeited.\n|\n|win|zetreker\n|raw|zetreker's rating: 1522 &rarr; <strong>1547<\/strong><br \/>(+25 for winning)\n|raw|gglao2's rating: 1605 &rarr; <strong>1580<\/strong><br \/>(-25 for losing)\n|l|\u2606gglao2\n","uploadtime":1700607858,"views":1,"p1id":"zetreker","p2id":"gglao2","formatid":"gen9nationaldex","rating":1547,"private":0,"password":""}