{"id":"gen9nationaldex-1989664151","p1":"SirNekoLeo","p2":"Dark Umbreon 08","format":"[Gen 9] National Dex","log":"|j|\u2606SirNekoLeo\n|j|\u2606Dark Umbreon 08\n|t:|1699884654\n|gametype|singles\n|player|p1|SirNekoLeo|flint|1131\n|player|p2|Dark Umbreon 08|lass-gen4dp|1124\n|teamsize|p1|6\n|teamsize|p2|6\n|gen|9\n|tier|[Gen 9] National Dex\n|rated|\n|rule|HP Percentage Mod: HP is shown in percentages\n|rule|Endless Battle Clause: Forcing endless battles is banned\n|rule|OHKO Clause: OHKO moves are banned\n|rule|Evasion Clause: Evasion abilities, items, and moves are banned\n|rule|Evasion Abilities Clause: Evasion abilities are banned\n|rule|Evasion Items Clause: Evasion items are banned\n|rule|Evasion Moves Clause: Evasion moves are banned\n|rule|Species Clause: Limit one of each Pok\u00e9mon\n|rule|Sleep Clause Mod: Limit one foe put to sleep\n|clearpoke\n|poke|p1|Marowak-Alola, M|\n|poke|p1|Tapu Lele|\n|poke|p1|Gogoat, M|\n|poke|p1|Bellossom, F|\n|poke|p1|Gyarados, F|\n|poke|p1|Iron Valiant|\n|poke|p2|Xurkitree|\n|poke|p2|Blaziken, F|\n|poke|p2|Medicham, F|\n|poke|p2|Zamazenta-*|\n|poke|p2|Kartana|\n|poke|p2|Manaphy|\n|teampreview\n|inactive|Battle timer is ON: inactive players will automatically lose when time's up. (requested by Dark Umbreon 08)\n|\n|t:|1699884675\n|start\n|switch|p1a: Asriel|Gogoat, M, shiny|100\/100\n|switch|p2a: Kartana|Kartana|100\/100\n|turn|1\n|\n|t:|1699884686\n|move|p2a: Kartana|Swords Dance|p2a: Kartana\n|-boost|p2a: Kartana|atk|2\n|move|p1a: Asriel|Bulk Up|p1a: Asriel\n|-boost|p1a: Asriel|atk|1\n|-boost|p1a: Asriel|def|1\n|\n|upkeep\n|turn|2\n|\n|t:|1699884689\n|move|p2a: Kartana|Sacred Sword|p1a: Asriel\n|-damage|p1a: Asriel|11\/100\n|move|p1a: Asriel|Bulk Up|p1a: Asriel\n|-boost|p1a: Asriel|atk|1\n|-boost|p1a: Asriel|def|1\n|\n|-heal|p1a: Asriel|17\/100|[from] item: Leftovers\n|upkeep\n|turn|3\n|\n|t:|1699884696\n|move|p2a: Kartana|Sacred Sword|p1a: Asriel\n|-damage|p1a: Asriel|0 fnt\n|faint|p1a: Asriel\n|-ability|p2a: Kartana|Beast Boost|boost\n|-boost|p2a: Kartana|atk|1\n|\n|upkeep\n|\n|t:|1699884703\n|switch|p1a: Mettaton EX|Iron Valiant|100\/100\n|-enditem|p1a: Mettaton EX|Booster Energy\n|-activate|p1a: Mettaton EX|ability: Quark Drive|[fromitem]\n|-start|p1a: Mettaton EX|quarkdrivespe\n|turn|4\n|\n|t:|1699884707\n|move|p1a: Mettaton EX|Close Combat|p2a: Kartana\n|-supereffective|p2a: Kartana\n|-enditem|p2a: Kartana|Focus Sash\n|-damage|p2a: Kartana|1\/100\n|-unboost|p1a: Mettaton EX|def|1\n|-unboost|p1a: Mettaton EX|spd|1\n|move|p2a: Kartana|Leaf Blade|p1a: Mettaton EX\n|-crit|p1a: Mettaton EX\n|-damage|p1a: Mettaton EX|0 fnt\n|faint|p1a: Mettaton EX\n|-end|p1a: Mettaton EX|Quark Drive|[silent]\n|-ability|p2a: Kartana|Beast Boost|boost\n|-boost|p2a: Kartana|atk|1\n|\n|upkeep\n|\n|t:|1699884726\n|switch|p1a: The Undying|Gyarados, F|100\/100\n|-ability|p1a: The Undying|Intimidate|boost\n|-unboost|p2a: Kartana|atk|1\n|turn|5\n|\n|t:|1699884747\n|switch|p1a: Flowey|Bellossom, F|100\/100\n|move|p2a: Kartana|Leaf Blade|p1a: Flowey\n|-resisted|p1a: Flowey\n|-damage|p1a: Flowey|31\/100\n|\n|-heal|p1a: Flowey|37\/100|[from] item: Leftovers\n|upkeep\n|turn|6\n|\n|t:|1699884756\n|move|p1a: Flowey|Protect|p1a: Flowey\n|-singleturn|p1a: Flowey|Protect\n|move|p2a: Kartana|Knock Off|p1a: Flowey\n|-activate|p1a: Flowey|move: Protect\n|\n|-heal|p1a: Flowey|43\/100|[from] item: Leftovers\n|upkeep\n|turn|7\n|\n|t:|1699884771\n|switch|p1a: The Undying|Gyarados, F|100\/100\n|-ability|p1a: The Undying|Intimidate|boost\n|-unboost|p2a: Kartana|atk|1\n|move|p2a: Kartana|Knock Off|p1a: The Undying\n|-damage|p1a: The Undying|30\/100\n|\n|upkeep\n|turn|8\n|\n|t:|1699884785\n|switch|p1a: Flowey|Bellossom, F|43\/100\n|move|p2a: Kartana|Knock Off|p1a: Flowey\n|-damage|p1a: Flowey|0 fnt\n|-enditem|p1a: Flowey|Leftovers|[from] move: Knock Off|[of] p2a: Kartana\n|faint|p1a: Flowey\n|-ability|p2a: Kartana|Beast Boost|boost\n|-boost|p2a: Kartana|atk|1\n|\n|upkeep\n|\n|t:|1699884796\n|switch|p1a: The Undying|Gyarados, F|30\/100\n|-ability|p1a: The Undying|Intimidate|boost\n|-unboost|p2a: Kartana|atk|1\n|turn|9\n|\n|t:|1699884799\n|switch|p1a: Chara|Tapu Lele|100\/100\n|-fieldstart|move: Psychic Terrain|[from] ability: Psychic Surge|[of] p1a: Chara\n|move|p2a: Kartana|Knock Off|p1a: Chara\n|-damage|p1a: Chara|0 fnt\n|-enditem|p1a: Chara|Choice Scarf|[from] move: Knock Off|[of] p2a: Kartana\n|faint|p1a: Chara\n|-ability|p2a: Kartana|Beast Boost|boost\n|-boost|p2a: Kartana|atk|1\n|\n|upkeep\n|\n|t:|1699884803\n|switch|p1a: The Undying|Gyarados, F|30\/100\n|-ability|p1a: The Undying|Intimidate|boost\n|-unboost|p2a: Kartana|atk|1\n|turn|10\n|\n|t:|1699884807\n|move|p2a: Kartana|Knock Off|p1a: The Undying\n|-damage|p1a: The Undying|0 fnt\n|faint|p1a: The Undying\n|-ability|p2a: Kartana|Beast Boost|boost\n|-boost|p2a: Kartana|atk|1\n|\n|upkeep\n|\n|t:|1699884809\n|switch|p1a: Sans|Marowak-Alola, M|100\/100\n|turn|11\n|\n|t:|1699884822\n|-terastallize|p1a: Sans|Electric\n|move|p2a: Kartana|Knock Off|p1a: Sans\n|-damage|p1a: Sans|0 fnt\n|-enditem|p1a: Sans|Thick Club|[from] move: Knock Off|[of] p2a: Kartana\n|faint|p1a: Sans\n|\n|win|Dark Umbreon 08\n|raw|SirNekoLeo's rating: 1131 &rarr; <strong>1105<\/strong><br \/>(-26 for losing)\n|raw|Dark Umbreon 08's rating: 1124 &rarr; <strong>1150<\/strong><br \/>(+26 for winning)\n|l|\u2606SirNekoLeo\n|c|\u2606Dark Umbreon 08|Gg\n","uploadtime":1699884939,"views":4,"p1id":"sirnekoleo","p2id":"darkumbreon08","formatid":"gen9nationaldex","rating":1105,"private":0,"password":""}