{"id":"gen9nationaldex-1992004938","p1":"The power of ROCK","p2":"Gyattebayo","format":"[Gen 9] National Dex","log":"|j|\u2606The power of ROCK\n|j|\u2606Gyattebayo\n|t:|1700146988\n|gametype|singles\n|player|p1|The power of ROCK|roark|\n|player|p2|Gyattebayo|169|\n|teamsize|p1|6\n|teamsize|p2|6\n|gen|9\n|tier|[Gen 9] National Dex\n|rule|HP Percentage Mod: HP is shown in percentages\n|rule|Endless Battle Clause: Forcing endless battles is banned\n|rule|OHKO Clause: OHKO moves are banned\n|rule|Evasion Clause: Evasion abilities, items, and moves are banned\n|rule|Evasion Abilities Clause: Evasion abilities are banned\n|rule|Evasion Items Clause: Evasion items are banned\n|rule|Evasion Moves Clause: Evasion moves are banned\n|rule|Species Clause: Limit one of each Pok\u00e9mon\n|rule|Sleep Clause Mod: Limit one foe put to sleep\n|clearpoke\n|poke|p1|Tyranitar, M|\n|poke|p1|Garganacl, M|\n|poke|p1|Aggron, M|\n|poke|p1|Cradily, F|\n|poke|p1|Glimmora, F|\n|poke|p1|Avalugg-Hisui, M|\n|poke|p2|Lopunny, M|\n|poke|p2|Urshifu-*, F|\n|poke|p2|Great Tusk|\n|poke|p2|Kommo-o, F|\n|poke|p2|Iron Valiant|\n|poke|p2|Buzzwole|\n|teampreview\n|c|\u2606The power of ROCK|Welcome to the ROCK gym\n|c|\u2606The power of ROCK|sorry give me a few mins xD\n|c|\u2606Gyattebayo|ok\n|c|\u2606The power of ROCK|Ready\n|\n|t:|1700147226\n|start\n|switch|p1a: Garganacl|Garganacl, M|100\/100\n|switch|p2a: Great Tusk|Great Tusk|100\/100\n|turn|1\n|\n|t:|1700147239\n|-terastallize|p1a: Garganacl|Ghost\n|move|p2a: Great Tusk|Stealth Rock|p1a: Garganacl\n|-sidestart|p1: The power of ROCK|move: Stealth Rock\n|move|p1a: Garganacl|Iron Defense|p1a: Garganacl\n|-boost|p1a: Garganacl|def|2\n|\n|upkeep\n|turn|2\n|\n|t:|1700147255\n|-end|p2a: Great Tusk|Protosynthesis|[silent]\n|switch|p2a: Iron Valiant|Iron Valiant|100\/100\n|-enditem|p2a: Iron Valiant|Booster Energy\n|-activate|p2a: Iron Valiant|ability: Quark Drive|[fromitem]\n|-start|p2a: Iron Valiant|quarkdrivespe\n|move|p1a: Garganacl|Salt Cure|p2a: Iron Valiant\n|-resisted|p2a: Iron Valiant\n|-damage|p2a: Iron Valiant|91\/100\n|-start|p2a: Iron Valiant|Salt Cure\n|\n|-damage|p2a: Iron Valiant|79\/100|[from] Salt Cure\n|upkeep\n|turn|3\n|\n|t:|1700147264\n|move|p2a: Iron Valiant|Knock Off|p1a: Garganacl\n|-supereffective|p1a: Garganacl\n|-damage|p1a: Garganacl|79\/100\n|-enditem|p1a: Garganacl|Maranga Berry|[from] move: Knock Off|[of] p2a: Iron Valiant\n|move|p1a: Garganacl|Iron Defense|p1a: Garganacl\n|-boost|p1a: Garganacl|def|2\n|\n|-damage|p2a: Iron Valiant|66\/100|[from] Salt Cure\n|upkeep\n|turn|4\n|\n|t:|1700147274\n|move|p2a: Iron Valiant|Spirit Break|p1a: Garganacl\n|-damage|p1a: Garganacl|70\/100\n|-unboost|p1a: Garganacl|spa|1\n|move|p1a: Garganacl|Recover|p1a: Garganacl\n|-heal|p1a: Garganacl|100\/100\n|\n|-damage|p2a: Iron Valiant|54\/100|[from] Salt Cure\n|upkeep\n|turn|5\n|\n|t:|1700147277\n|move|p2a: Iron Valiant|Leaf Blade|p1a: Garganacl\n|-damage|p1a: Garganacl|94\/100\n|move|p1a: Garganacl|Salt Cure|p2a: Iron Valiant\n|-resisted|p2a: Iron Valiant\n|-crit|p2a: Iron Valiant\n|-damage|p2a: Iron Valiant|40\/100\n|\n|-damage|p2a: Iron Valiant|28\/100|[from] Salt Cure\n|upkeep\n|turn|6\n|\n|t:|1700147280\n|move|p2a: Iron Valiant|Leaf Blade|p1a: Garganacl\n|-damage|p1a: Garganacl|86\/100\n|move|p1a: Garganacl|Iron Defense|p1a: Garganacl\n|-boost|p1a: Garganacl|def|2\n|\n|-damage|p2a: Iron Valiant|15\/100|[from] Salt Cure\n|upkeep\n|turn|7\n|\n|t:|1700147287\n|move|p2a: Iron Valiant|Leaf Blade|p1a: Garganacl\n|-damage|p1a: Garganacl|80\/100\n|move|p1a: Garganacl|Iron Defense|p1a: Garganacl\n|-boost|p1a: Garganacl|def|0\n|\n|-damage|p2a: Iron Valiant|3\/100|[from] Salt Cure\n|upkeep\n|turn|8\n|\n|t:|1700147291\n|move|p2a: Iron Valiant|Leaf Blade|p1a: Garganacl\n|-damage|p1a: Garganacl|75\/100\n|move|p1a: Garganacl|Recover|p1a: Garganacl\n|-heal|p1a: Garganacl|100\/100\n|\n|-damage|p2a: Iron Valiant|0 fnt|[from] Salt Cure\n|faint|p2a: Iron Valiant\n|-end|p2a: Iron Valiant|Quark Drive|[silent]\n|upkeep\n|\n|t:|1700147303\n|switch|p2a: Urshifu|Urshifu-Rapid-Strike, F|100\/100\n|turn|9\n|\n|t:|1700147312\n|move|p2a: Urshifu|Surging Strikes|p1a: Garganacl\n|-crit|p1a: Garganacl\n|-damage|p1a: Garganacl|87\/100\n|-crit|p1a: Garganacl\n|-damage|p1a: Garganacl|75\/100\n|-crit|p1a: Garganacl\n|-damage|p1a: Garganacl|60\/100\n|-hitcount|p1a: Garganacl|3\n|move|p1a: Garganacl|Recover|p1a: Garganacl\n|-heal|p1a: Garganacl|100\/100\n|\n|upkeep\n|turn|10\n|\n|t:|1700147321\n|move|p2a: Urshifu|Surging Strikes|p1a: Garganacl\n|-crit|p1a: Garganacl\n|-damage|p1a: Garganacl|88\/100\n|-crit|p1a: Garganacl\n|-damage|p1a: Garganacl|74\/100\n|-crit|p1a: Garganacl\n|-damage|p1a: Garganacl|60\/100\n|-hitcount|p1a: Garganacl|3\n|move|p1a: Garganacl|Salt Cure|p2a: Urshifu\n|-resisted|p2a: Urshifu\n|-damage|p2a: Urshifu|93\/100\n|-start|p2a: Urshifu|Salt Cure\n|\n|-damage|p2a: Urshifu|68\/100|[from] Salt Cure\n|upkeep\n|turn|11\n|\n|t:|1700147338\n|switch|p2a: Kommo-o|Kommo-o, F|100\/100\n|move|p1a: Garganacl|Recover|p1a: Garganacl\n|-heal|p1a: Garganacl|100\/100\n|\n|upkeep\n|turn|12\n|\n|t:|1700147342\n|move|p2a: Kommo-o|Swords Dance|p2a: Kommo-o\n|-boost|p2a: Kommo-o|atk|2\n|move|p1a: Garganacl|Salt Cure|p2a: Kommo-o\n|-resisted|p2a: Kommo-o\n|-damage|p2a: Kommo-o|93\/100\n|-start|p2a: Kommo-o|Salt Cure\n|\n|-damage|p2a: Kommo-o|81\/100|[from] Salt Cure\n|upkeep\n|turn|13\n|\n|t:|1700147347\n|move|p2a: Kommo-o|Swords Dance|p2a: Kommo-o\n|-boost|p2a: Kommo-o|atk|2\n|move|p1a: Garganacl|Body Press|p2a: Kommo-o\n|-damage|p2a: Kommo-o|0 fnt\n|faint|p2a: Kommo-o\n|\n|upkeep\n|\n|t:|1700147352\n|switch|p2a: Buzzwole|Buzzwole|100\/100\n|turn|14\n|\n|t:|1700147359\n|move|p2a: Buzzwole|Dual Wingbeat|p1a: Garganacl\n|-damage|p1a: Garganacl|98\/100\n|-damage|p1a: Garganacl|95\/100\n|-hitcount|p1a: Garganacl|2\n|move|p1a: Garganacl|Salt Cure|p2a: Buzzwole\n|-damage|p2a: Buzzwole|92\/100\n|-start|p2a: Buzzwole|Salt Cure\n|\n|-damage|p2a: Buzzwole|79\/100|[from] Salt Cure\n|upkeep\n|turn|15\n|\n|t:|1700147367\n|switch|p2a: Urshifu|Urshifu-Rapid-Strike, F|68\/100\n|move|p1a: Garganacl|Body Press|p2a: Urshifu\n|-damage|p2a: Urshifu|0 fnt\n|faint|p2a: Urshifu\n|\n|upkeep\n|\n|t:|1700147369\n|switch|p2a: Great Tusk|Great Tusk|100\/100\n|turn|16\n|c|\u2606Gyattebayo|lol gg\n|c|\u2606Gyattebayo|it sjoever\n|c|\u2606The power of ROCK|lol gg\n|-message|Gyattebayo forfeited.\n|\n|win|The power of ROCK\n|l|\u2606Gyattebayo\n","uploadtime":1700147390,"views":4,"p1id":"thepowerofrock","p2id":"gyattebayo","formatid":"gen9nationaldex","rating":0,"private":0,"password":""}