{"id":"gen9nationaldex-1998172634","p1":"maple_syrup689hoe","p2":"baigu2","format":"[Gen 9] National Dex","log":"|html|<div class=\"broadcast-blue\"><strong>[Gen 9] National Dex is currently suspecting Sneasler! For information on how to participate check out the <a href=\"https:\/\/www.smogon.com\/forums\/threads\/sv-national-dex-suspect-8-just-dance.3731534\/\">suspect thread<\/a>.<\/strong><\/div>\n|j|\u2606maple_syrup689hoe\n|j|\u2606baigu2\n|t:|1700905933\n|gametype|singles\n|player|p1|maple_syrup689hoe|266|1706\n|player|p2|baigu2|265|1856\n|teamsize|p1|6\n|teamsize|p2|6\n|gen|9\n|tier|[Gen 9] National Dex\n|rated|\n|rule|HP Percentage Mod: HP is shown in percentages\n|rule|Endless Battle Clause: Forcing endless battles is banned\n|rule|OHKO Clause: OHKO moves are banned\n|rule|Evasion Clause: Evasion abilities, items, and moves are banned\n|rule|Evasion Abilities Clause: Evasion abilities are banned\n|rule|Evasion Items Clause: Evasion items are banned\n|rule|Evasion Moves Clause: Evasion moves are banned\n|rule|Species Clause: Limit one of each Pok\u00e9mon\n|rule|Sleep Clause Mod: Limit one foe put to sleep\n|clearpoke\n|poke|p1|Gliscor, M|\n|poke|p1|Suicune|\n|poke|p1|Tangrowth, F|\n|poke|p1|Volcarona, M|\n|poke|p1|Tyranitar, F|\n|poke|p1|Kyurem|\n|poke|p2|Ursaluna, M|\n|poke|p2|Slowking, F|\n|poke|p2|Corviknight, M|\n|poke|p2|Hoopa-Unbound|\n|poke|p2|Dragonite, M|\n|poke|p2|Tapu Koko|\n|teampreview\n|inactive|Battle timer is ON: inactive players will automatically lose when time's up. (requested by maple_syrup689hoe)\n|\n|t:|1700905945\n|start\n|switch|p1a: Tyranitar|Tyranitar, F|100\/100\n|switch|p2a: Tapu Koko|Tapu Koko|100\/100\n|-fieldstart|move: Electric Terrain|[from] ability: Electric Surge|[of] p2a: Tapu Koko\n|-weather|Sandstorm|[from] ability: Sand Stream|[of] p1a: Tyranitar\n|turn|1\n|\n|t:|1700905967\n|detailschange|p1a: Tyranitar|Tyranitar-Mega, F\n|-mega|p1a: Tyranitar|Tyranitar|Tyranitarite\n|move|p2a: Tapu Koko|U-turn|p1a: Tyranitar\n|-supereffective|p1a: Tyranitar\n|-damage|p1a: Tyranitar|80\/100\n|\n|t:|1700905973\n|switch|p2a: Corviknight|Corviknight, M|100\/100|[from] U-turn\n|-ability|p2a: Corviknight|Pressure\n|move|p1a: Tyranitar|Stealth Rock|p2a: Corviknight\n|-sidestart|p2: baigu2|move: Stealth Rock\n|\n|-weather|Sandstorm|[upkeep]\n|upkeep\n|turn|2\n|\n|t:|1700905977\n|move|p1a: Tyranitar|Knock Off|p2a: Corviknight\n|-crit|p2a: Corviknight\n|-damage|p2a: Corviknight|52\/100\n|-damage|p1a: Tyranitar|64\/100|[from] item: Rocky Helmet|[of] p2a: Corviknight\n|-enditem|p2a: Corviknight|Rocky Helmet|[from] move: Knock Off|[of] p1a: Tyranitar\n|move|p2a: Corviknight|Defog|p1a: Tyranitar\n|-unboost|p1a: Tyranitar|evasion|1\n|-sideend|p2: baigu2|Stealth Rock|[from] move: Defog|[of] p2a: Corviknight\n|-fieldend|move: Electric Terrain\n|\n|-weather|Sandstorm|[upkeep]\n|upkeep\n|turn|3\n|\n|t:|1700905981\n|move|p1a: Tyranitar|Stealth Rock|p2a: Corviknight\n|-sidestart|p2: baigu2|move: Stealth Rock\n|move|p2a: Corviknight|U-turn|p1a: Tyranitar\n|-supereffective|p1a: Tyranitar\n|-damage|p1a: Tyranitar|45\/100\n|\n|t:|1700905990\n|switch|p2a: \u718a\u5927|Ursaluna, M|100\/100|[from] U-turn\n|-damage|p2a: \u718a\u5927|94\/100|[from] Stealth Rock\n|\n|-weather|Sandstorm|[upkeep]\n|-status|p2a: \u718a\u5927|brn|[from] item: Flame Orb\n|upkeep\n|turn|4\n|\n|t:|1700905998\n|switch|p1a: Tangrowth|Tangrowth, F|100\/100\n|move|p2a: \u718a\u5927|Headlong Rush|p1a: Tangrowth\n|-resisted|p1a: Tangrowth\n|-damage|p1a: Tangrowth|72\/100\n|-unboost|p2a: \u718a\u5927|def|1\n|-unboost|p2a: \u718a\u5927|spd|1\n|-damage|p2a: \u718a\u5927|78\/100 brn|[from] item: Rocky Helmet|[of] p1a: Tangrowth\n|\n|-weather|Sandstorm|[upkeep]\n|-damage|p1a: Tangrowth|65\/100|[from] Sandstorm\n|-damage|p2a: \u718a\u5927|71\/100 brn|[from] brn\n|upkeep\n|turn|5\n|\n|t:|1700906004\n|switch|p2a: Corviknight|Corviknight, M|52\/100\n|-damage|p2a: Corviknight|39\/100|[from] Stealth Rock\n|-ability|p2a: Corviknight|Pressure\n|move|p1a: Tangrowth|Giga Drain|p2a: Corviknight\n|-resisted|p2a: Corviknight\n|-damage|p2a: Corviknight|32\/100\n|-heal|p1a: Tangrowth|69\/100|[from] drain|[of] p2a: Corviknight\n|\n|-weather|none\n|upkeep\n|turn|6\n|\n|t:|1700906008\n|move|p2a: Corviknight|Roost|p2a: Corviknight\n|-heal|p2a: Corviknight|82\/100\n|-singleturn|p2a: Corviknight|move: Roost\n|move|p1a: Tangrowth|Leech Seed|p2a: Corviknight|[miss]\n|-miss|p1a: Tangrowth|p2a: Corviknight\n|\n|upkeep\n|turn|7\n|\n|t:|1700906010\n|move|p2a: Corviknight|Defog|p1a: Tangrowth\n|-unboost|p1a: Tangrowth|evasion|1\n|-sideend|p2: baigu2|Stealth Rock|[from] move: Defog|[of] p2a: Corviknight\n|move|p1a: Tangrowth|Leech Seed|p2a: Corviknight\n|-start|p2a: Corviknight|move: Leech Seed\n|\n|-damage|p2a: Corviknight|69\/100|[from] Leech Seed|[of] p1a: Tangrowth\n|-heal|p1a: Tangrowth|81\/100|[silent]\n|upkeep\n|turn|8\n|\n|t:|1700906021\n|switch|p2a: Dragonite|Dragonite, M|100\/100\n|move|p1a: Tangrowth|Leech Seed|p2a: Dragonite\n|-start|p2a: Dragonite|move: Leech Seed\n|\n|-damage|p2a: Dragonite|88\/100|[from] Leech Seed|[of] p1a: Tangrowth\n|-heal|p1a: Tangrowth|92\/100|[silent]\n|upkeep\n|turn|9\n|\n|t:|1700906025\n|switch|p1a: Gliscor|Gliscor, M|100\/100\n|move|p2a: Dragonite|Dual Wingbeat|p1a: Gliscor\n|-damage|p1a: Gliscor|71\/100\n|-damage|p1a: Gliscor|45\/100\n|-hitcount|p1a: Gliscor|2\n|\n|-damage|p2a: Dragonite|76\/100|[from] Leech Seed|[of] p1a: Gliscor\n|-heal|p1a: Gliscor|57\/100|[silent]\n|-status|p1a: Gliscor|tox|[from] item: Toxic Orb\n|upkeep\n|turn|10\n|\n|t:|1700906032\n|switch|p2a: Slowking|Slowking, F|100\/100\n|move|p1a: Gliscor|Protect||[still]\n|-fail|p1a: Gliscor\n|\n|-heal|p1a: Gliscor|70\/100 tox|[from] ability: Poison Heal\n|upkeep\n|turn|11\n|\n|t:|1700906036\n|move|p1a: Gliscor|Toxic|p2a: Slowking\n|-status|p2a: Slowking|tox\n|move|p2a: Slowking|Trick Room|p2a: Slowking\n|-fieldstart|move: Trick Room|[of] p2a: Slowking\n|\n|-damage|p2a: Slowking|94\/100 tox|[from] psn\n|-heal|p1a: Gliscor|82\/100 tox|[from] ability: Poison Heal\n|upkeep\n|turn|12\n|\n|t:|1700906039\n|move|p1a: Gliscor|Spikes|p2a: Slowking\n|-sidestart|p2: baigu2|Spikes\n|move|p2a: Slowking|Teleport|p2a: Slowking\n|\n|t:|1700906042\n|switch|p2a: \u718a\u5927|Ursaluna, M|71\/100 brn|[from] Teleport\n|-damage|p2a: \u718a\u5927|59\/100 brn|[from] Spikes\n|\n|-heal|p1a: Gliscor|95\/100 tox|[from] ability: Poison Heal\n|-damage|p2a: \u718a\u5927|53\/100 brn|[from] brn\n|upkeep\n|turn|13\n|\n|t:|1700906047\n|move|p2a: \u718a\u5927|Facade|p1a: Gliscor\n|-damage|p1a: Gliscor|0 fnt\n|faint|p1a: Gliscor\n|\n|-damage|p2a: \u718a\u5927|46\/100 brn|[from] brn\n|upkeep\n|\n|t:|1700906050\n|switch|p1a: Tangrowth|Tangrowth, F|100\/100\n|turn|14\n|\n|t:|1700906054\n|-terastallize|p2a: \u718a\u5927|Normal\n|move|p2a: \u718a\u5927|Facade|p1a: Tangrowth\n|-damage|p1a: Tangrowth|8\/100\n|-damage|p2a: \u718a\u5927|30\/100 brn|[from] item: Rocky Helmet|[of] p1a: Tangrowth\n|move|p1a: Tangrowth|Giga Drain|p2a: \u718a\u5927\n|-crit|p2a: \u718a\u5927\n|-damage|p2a: \u718a\u5927|0 fnt\n|-heal|p1a: Tangrowth|25\/100|[from] drain|[of] p2a: \u718a\u5927\n|faint|p2a: \u718a\u5927\n|\n|upkeep\n|\n|t:|1700906059\n|switch|p2a: Dragonite|Dragonite, M|76\/100\n|turn|15\n|\n|t:|1700906064\n|switch|p1a: Suicune|Suicune|100\/100\n|-ability|p1a: Suicune|Pressure\n|move|p2a: Dragonite|Dual Wingbeat|p1a: Suicune\n|-damage|p1a: Suicune|80\/100\n|-damage|p1a: Suicune|60\/100\n|-hitcount|p1a: Suicune|2\n|\n|-heal|p1a: Suicune|66\/100|[from] item: Leftovers\n|-fieldend|move: Trick Room\n|upkeep\n|turn|16\n|\n|t:|1700906072\n|move|p2a: Dragonite|Dual Wingbeat|p1a: Suicune\n|-damage|p1a: Suicune|48\/100\n|-damage|p1a: Suicune|28\/100\n|-hitcount|p1a: Suicune|2\n|move|p1a: Suicune|Scald|p2a: Dragonite\n|-resisted|p2a: Dragonite\n|-damage|p2a: Dragonite|64\/100\n|\n|-heal|p1a: Suicune|34\/100|[from] item: Leftovers\n|upkeep\n|turn|17\n|\n|t:|1700906075\n|switch|p1a: Tyranitar|Tyranitar-Mega, F|45\/100\n|-weather|Sandstorm|[from] ability: Sand Stream|[of] p1a: Tyranitar\n|move|p2a: Dragonite|Dual Wingbeat|p1a: Tyranitar\n|-resisted|p1a: Tyranitar\n|-damage|p1a: Tyranitar|35\/100\n|-resisted|p1a: Tyranitar\n|-damage|p1a: Tyranitar|25\/100\n|-hitcount|p1a: Tyranitar|2\n|\n|-weather|Sandstorm|[upkeep]\n|-damage|p2a: Dragonite|58\/100|[from] Sandstorm\n|upkeep\n|turn|18\n|\n|t:|1700906087\n|-activate|p2a: Dragonite|move: Pursuit\n|move|p1a: Tyranitar|Pursuit|p2a: Dragonite|[from]Pursuit\n|-damage|p2a: Dragonite|18\/100\n|switch|p2a: Corviknight|Corviknight, M|69\/100\n|-ability|p2a: Corviknight|Pressure\n|\n|-weather|Sandstorm|[upkeep]\n|upkeep\n|turn|19\n|\n|t:|1700906096\n|switch|p1a: Suicune|Suicune|34\/100\n|-ability|p1a: Suicune|Pressure\n|move|p2a: Corviknight|U-turn|p1a: Suicune\n|-damage|p1a: Suicune|26\/100\n|\n|t:|1700906098\n|switch|p2a: Tapu Koko|Tapu Koko|100\/100|[from] U-turn\n|-damage|p2a: Tapu Koko|88\/100|[from] Spikes\n|-fieldstart|move: Electric Terrain|[from] ability: Electric Surge|[of] p2a: Tapu Koko\n|\n|-weather|Sandstorm|[upkeep]\n|-damage|p2a: Tapu Koko|82\/100|[from] Sandstorm\n|-damage|p1a: Suicune|20\/100|[from] Sandstorm\n|-heal|p1a: Suicune|26\/100|[from] item: Leftovers\n|upkeep\n|turn|20\n|\n|t:|1700906105\n|move|p2a: Tapu Koko|Dazzling Gleam|p1a: Suicune\n|-damage|p1a: Suicune|0 fnt\n|faint|p1a: Suicune\n|\n|-weather|Sandstorm|[upkeep]\n|-damage|p2a: Tapu Koko|76\/100|[from] Sandstorm\n|upkeep\n|\n|t:|1700906109\n|switch|p1a: Volcarona|Volcarona, M|100\/100\n|turn|21\n|\n|t:|1700906113\n|switch|p2a: Slowking|Slowking, F|100\/100 tox\n|move|p1a: Volcarona|Quiver Dance|p1a: Volcarona\n|-boost|p1a: Volcarona|spa|1\n|-boost|p1a: Volcarona|spd|1\n|-boost|p1a: Volcarona|spe|1\n|\n|-weather|none\n|-damage|p2a: Slowking|94\/100 tox|[from] psn\n|upkeep\n|turn|22\n|\n|t:|1700906116\n|move|p1a: Volcarona|Bug Buzz|p2a: Slowking\n|-supereffective|p2a: Slowking\n|-damage|p2a: Slowking|21\/100 tox\n|move|p2a: Slowking|Trick Room|p2a: Slowking\n|-fieldstart|move: Trick Room|[of] p2a: Slowking\n|\n|-damage|p2a: Slowking|9\/100 tox|[from] psn\n|upkeep\n|turn|23\n|\n|t:|1700906122\n|move|p1a: Volcarona|Quiver Dance|p1a: Volcarona\n|-boost|p1a: Volcarona|spa|1\n|-boost|p1a: Volcarona|spd|1\n|-boost|p1a: Volcarona|spe|1\n|move|p2a: Slowking|Teleport|p2a: Slowking\n|\n|t:|1700906124\n|switch|p2a: Dragonite|Dragonite, M|18\/100|[from] Teleport\n|\n|-fieldend|move: Electric Terrain\n|upkeep\n|turn|24\n|\n|t:|1700906135\n|-terastallize|p1a: Volcarona|Water\n|move|p2a: Dragonite|Outrage|p1a: Volcarona\n|-damage|p1a: Volcarona|10\/100\n|-status|p2a: Dragonite|brn|[from] ability: Flame Body|[of] p1a: Volcarona\n|move|p1a: Volcarona|Flamethrower|p2a: Dragonite\n|-resisted|p2a: Dragonite\n|-damage|p2a: Dragonite|0 fnt\n|faint|p2a: Dragonite\n|\n|upkeep\n|\n|t:|1700906140\n|switch|p2a: Hoopa|Hoopa-Unbound|100\/100\n|-damage|p2a: Hoopa|88\/100|[from] Spikes\n|turn|25\n|\n|t:|1700906150\n|move|p2a: Hoopa|Dark Pulse|p1a: Volcarona\n|-damage|p1a: Volcarona|0 fnt\n|faint|p1a: Volcarona\n|\n|upkeep\n|\n|t:|1700906152\n|switch|p1a: Tyranitar|Tyranitar-Mega, F|25\/100\n|-weather|Sandstorm|[from] ability: Sand Stream|[of] p1a: Tyranitar\n|turn|26\n|\n|t:|1700906155\n|move|p1a: Tyranitar|Pursuit|p2a: Hoopa\n|-damage|p2a: Hoopa|47\/100\n|-zpower|p2a: Hoopa\n|move|p2a: Hoopa|All-Out Pummeling|p1a: Tyranitar|[zeffect]\n|-supereffective|p1a: Tyranitar\n|-damage|p1a: Tyranitar|0 fnt\n|faint|p1a: Tyranitar\n|\n|-weather|Sandstorm|[upkeep]\n|-damage|p2a: Hoopa|41\/100|[from] Sandstorm\n|-fieldend|move: Trick Room\n|upkeep\n|\n|t:|1700906164\n|switch|p1a: Kyurem|Kyurem|100\/100\n|-ability|p1a: Kyurem|Pressure\n|turn|27\n|\n|t:|1700906166\n|move|p1a: Kyurem|Substitute|p1a: Kyurem\n|-start|p1a: Kyurem|Substitute\n|-damage|p1a: Kyurem|75\/100\n|move|p2a: Hoopa|Focus Blast|p1a: Kyurem\n|-supereffective|p1a: Kyurem\n|-end|p1a: Kyurem|Substitute\n|\n|-weather|Sandstorm|[upkeep]\n|-damage|p1a: Kyurem|69\/100|[from] Sandstorm\n|-damage|p2a: Hoopa|35\/100|[from] Sandstorm\n|upkeep\n|turn|28\n|\n|t:|1700906171\n|move|p1a: Kyurem|Substitute|p1a: Kyurem\n|-start|p1a: Kyurem|Substitute\n|-damage|p1a: Kyurem|44\/100\n|move|p2a: Hoopa|Psychic|p1a: Kyurem\n|-end|p1a: Kyurem|Substitute\n|\n|-weather|Sandstorm|[upkeep]\n|-damage|p1a: Kyurem|38\/100|[from] Sandstorm\n|-damage|p2a: Hoopa|29\/100|[from] Sandstorm\n|upkeep\n|turn|29\n|\n|t:|1700906177\n|move|p1a: Kyurem|Freeze-Dry|p2a: Hoopa\n|-damage|p2a: Hoopa|0 fnt\n|faint|p2a: Hoopa\n|\n|-weather|Sandstorm|[upkeep]\n|-damage|p1a: Kyurem|32\/100|[from] Sandstorm\n|upkeep\n|\n|t:|1700906180\n|switch|p2a: Tapu Koko|Tapu Koko|76\/100\n|-damage|p2a: Tapu Koko|64\/100|[from] Spikes\n|-fieldstart|move: Electric Terrain|[from] ability: Electric Surge|[of] p2a: Tapu Koko\n|turn|30\n|\n|t:|1700906182\n|switch|p1a: Tangrowth|Tangrowth, F|58\/100\n|move|p2a: Tapu Koko|Dazzling Gleam|p1a: Tangrowth\n|-damage|p1a: Tangrowth|0 fnt\n|faint|p1a: Tangrowth\n|\n|-weather|none\n|upkeep\n|-message|maple_syrup689hoe forfeited.\n|\n|win|baigu2\n|raw|maple_syrup689hoe's rating: 1706 &rarr; <strong>1694<\/strong><br \/>(-12 for losing)\n|raw|baigu2's rating: 1856 &rarr; <strong>1868<\/strong><br \/>(+12 for winning)\n|l|\u2606maple_syrup689hoe\n","uploadtime":1700906189,"views":4,"p1id":"maplesyrup689hoe","p2id":"baigu2","formatid":"gen9nationaldex","rating":1694,"private":0,"password":""}