{"id":"gen9nationaldex-1998223922","p1":"runeatest","p2":"SatoTheFifth","format":"[Gen 9] National Dex","log":"|html|<div class=\"broadcast-blue\"><strong>[Gen 9] National Dex is currently suspecting Sneasler! For information on how to participate check out the <a href=\"https:\/\/www.smogon.com\/forums\/threads\/sv-national-dex-suspect-8-just-dance.3731534\/\">suspect thread<\/a>.<\/strong><\/div>\n|j|\u2606runeatest\n|j|\u2606SatoTheFifth\n|t:|1700915605\n|gametype|singles\n|player|p1|runeatest|fisherman-gen4|1242\n|player|p2|SatoTheFifth|clown|1328\n|teamsize|p1|6\n|teamsize|p2|6\n|gen|9\n|tier|[Gen 9] National Dex\n|rated|\n|rule|HP Percentage Mod: HP is shown in percentages\n|rule|Endless Battle Clause: Forcing endless battles is banned\n|rule|OHKO Clause: OHKO moves are banned\n|rule|Evasion Clause: Evasion abilities, items, and moves are banned\n|rule|Evasion Abilities Clause: Evasion abilities are banned\n|rule|Evasion Items Clause: Evasion items are banned\n|rule|Evasion Moves Clause: Evasion moves are banned\n|rule|Species Clause: Limit one of each Pok\u00e9mon\n|rule|Sleep Clause Mod: Limit one foe put to sleep\n|clearpoke\n|poke|p1|Vaporeon, M|\n|poke|p1|Salamence, M|\n|poke|p1|Hitmontop, M|\n|poke|p1|Electivire, M|\n|poke|p1|Togekiss, M|\n|poke|p1|Houndoom, M|\n|poke|p2|Toxicroak, F|\n|poke|p2|Glimmora, M|\n|poke|p2|Druddigon, F|\n|poke|p2|Ferrothorn, M|\n|poke|p2|Araquanid, F|\n|poke|p2|Nihilego|\n|teampreview\n|inactive|Battle timer is ON: inactive players will automatically lose when time's up. (requested by SatoTheFifth)\n|\n|t:|1700915622\n|start\n|switch|p1a: Salamence|Salamence, M|100\/100\n|switch|p2a: Seed|Ferrothorn, M|100\/100\n|-ability|p1a: Salamence|Intimidate|boost\n|-unboost|p2a: Seed|atk|1\n|turn|1\n|\n|t:|1700915630\n|move|p1a: Salamence|Flamethrower|p2a: Seed\n|-supereffective|p2a: Seed\n|-damage|p2a: Seed|0 fnt\n|faint|p2a: Seed\n|\n|upkeep\n|\n|t:|1700915637\n|switch|p2a: Formerly|Araquanid, F|100\/100\n|turn|2\n|\n|t:|1700915641\n|switch|p1a: Togekiss|Togekiss, M, shiny|100\/100\n|move|p2a: Formerly|Sticky Web|p1a: Togekiss\n|-sidestart|p1: runeatest|move: Sticky Web\n|\n|upkeep\n|turn|3\n|\n|t:|1700915647\n|switch|p2a: Feed|Glimmora, M|100\/100\n|move|p1a: Togekiss|Thunder Wave|p2a: Feed|[miss]\n|-miss|p1a: Togekiss|p2a: Feed\n|\n|upkeep\n|turn|4\n|\n|t:|1700915655\n|switch|p1a: Hitmontop|Hitmontop, M|100\/100\n|-activate|p1a: Hitmontop|move: Sticky Web\n|-unboost|p1a: Hitmontop|spe|1\n|move|p2a: Feed|Mortal Spin|p1a: Hitmontop\n|-damage|p1a: Hitmontop|92\/100\n|-status|p1a: Hitmontop|psn\n|\n|-damage|p1a: Hitmontop|79\/100 psn|[from] psn\n|upkeep\n|turn|5\n|\n|t:|1700915666\n|move|p2a: Feed|Reflect|p2a: Feed\n|-sidestart|p2: SatoTheFifth|Reflect\n|move|p1a: Hitmontop|Rapid Spin|p2a: Feed\n|-resisted|p2a: Feed\n|-crit|p2a: Feed\n|-damage|p2a: Feed|88\/100\n|-boost|p1a: Hitmontop|spe|1\n|-activate|p2a: Feed|ability: Toxic Debris\n|-sidestart|p1: runeatest|move: Toxic Spikes\n|-sideend|p1: runeatest|Toxic Spikes|[from] move: Rapid Spin|[of] p1a: Hitmontop\n|-sideend|p1: runeatest|Sticky Web|[from] move: Rapid Spin|[of] p1a: Hitmontop\n|\n|-heal|p2a: Feed|94\/100|[from] item: Leftovers\n|-damage|p1a: Hitmontop|67\/100 psn|[from] psn\n|upkeep\n|turn|6\n|\n|t:|1700915678\n|switch|p2a: and|Druddigon, F|100\/100\n|move|p1a: Hitmontop|Rapid Spin|p2a: and\n|-damage|p2a: and|91\/100\n|-boost|p1a: Hitmontop|spe|1\n|-damage|p1a: Hitmontop|55\/100 psn|[from] ability: Rough Skin|[of] p2a: and\n|\n|-heal|p2a: and|97\/100|[from] item: Leftovers\n|-damage|p1a: Hitmontop|42\/100 psn|[from] psn\n|upkeep\n|turn|7\n|\n|t:|1700915690\n|switch|p1a: Vaporeon|Vaporeon, M|100\/100\n|move|p2a: and|Substitute|p2a: and\n|-start|p2a: and|Substitute\n|-damage|p2a: and|73\/100\n|\n|-heal|p2a: and|79\/100|[from] item: Leftovers\n|upkeep\n|turn|8\n|\n|t:|1700915696\n|move|p1a: Vaporeon|Ice Beam|p2a: and\n|-supereffective|p2a: and\n|-end|p2a: and|Substitute\n|move|p2a: and|Glare|p1a: Vaporeon\n|-status|p1a: Vaporeon|par\n|\n|-heal|p2a: and|85\/100|[from] item: Leftovers\n|upkeep\n|turn|9\n|\n|t:|1700915704\n|move|p2a: and|Stealth Rock|p1a: Vaporeon\n|-sidestart|p1: runeatest|move: Stealth Rock\n|move|p1a: Vaporeon|Ice Beam|p2a: and\n|-supereffective|p2a: and\n|-damage|p2a: and|18\/100\n|\n|-heal|p2a: and|24\/100|[from] item: Leftovers\n|-sideend|p2: SatoTheFifth|Reflect\n|upkeep\n|turn|10\n|\n|t:|1700915712\n|switch|p2a: Formerly|Araquanid, F|100\/100\n|move|p1a: Vaporeon|Heal Bell|p1a: Vaporeon\n|-activate|p1a: Vaporeon|move: Heal Bell\n|-curestatus|p1a: Vaporeon|par|[msg]\n|-curestatus|p1: Hitmontop|psn|[msg]\n|\n|upkeep\n|turn|11\n|\n|t:|1700915720\n|switch|p1a: Hitmontop|Hitmontop, M|42\/100\n|-damage|p1a: Hitmontop|36\/100|[from] Stealth Rock\n|move|p2a: Formerly|Sticky Web|p1a: Hitmontop\n|-sidestart|p1: runeatest|move: Sticky Web\n|\n|upkeep\n|turn|12\n|\n|t:|1700915726\n|move|p1a: Hitmontop|Rapid Spin|p2a: Formerly\n|-damage|p2a: Formerly|73\/100\n|-boost|p1a: Hitmontop|spe|1\n|-sideend|p1: runeatest|Stealth Rock|[from] move: Rapid Spin|[of] p1a: Hitmontop\n|-sideend|p1: runeatest|Sticky Web|[from] move: Rapid Spin|[of] p1a: Hitmontop\n|move|p2a: Formerly|Liquidation|p1a: Hitmontop\n|-damage|p1a: Hitmontop|0 fnt\n|faint|p1a: Hitmontop\n|\n|-heal|p2a: Formerly|80\/100|[from] item: Leftovers\n|upkeep\n|\n|t:|1700915748\n|switch|p1a: Salamence|Salamence, M|100\/100\n|-ability|p1a: Salamence|Intimidate|boost\n|-unboost|p2a: Formerly|atk|1\n|turn|13\n|\n|t:|1700915755\n|move|p1a: Salamence|Draco Meteor|p2a: Formerly|[miss]\n|-miss|p1a: Salamence|p2a: Formerly\n|move|p2a: Formerly|Sticky Web|p1a: Salamence\n|-sidestart|p1: runeatest|move: Sticky Web\n|\n|-heal|p2a: Formerly|86\/100|[from] item: Leftovers\n|upkeep\n|turn|14\n|\n|t:|1700915761\n|move|p1a: Salamence|Draco Meteor|p2a: Formerly\n|-damage|p2a: Formerly|28\/100\n|-unboost|p1a: Salamence|spa|2\n|move|p2a: Formerly|Liquidation|p1a: Salamence\n|-resisted|p1a: Salamence\n|-damage|p1a: Salamence|84\/100\n|\n|-heal|p2a: Formerly|35\/100|[from] item: Leftovers\n|upkeep\n|turn|15\n|\n|t:|1700915770\n|switch|p1a: Vaporeon|Vaporeon, M|100\/100\n|-activate|p1a: Vaporeon|move: Sticky Web\n|-unboost|p1a: Vaporeon|spe|1\n|switch|p2a: Feed|Glimmora, M|94\/100\n|\n|-heal|p2a: Feed|99\/100|[from] item: Leftovers\n|upkeep\n|turn|16\n|\n|t:|1700915779\n|move|p2a: Feed|Acid Spray|p1a: Vaporeon\n|-crit|p1a: Vaporeon\n|-damage|p1a: Vaporeon|78\/100\n|-unboost|p1a: Vaporeon|spd|2\n|move|p1a: Vaporeon|Hydro Pump|p2a: Feed|[miss]\n|-miss|p1a: Vaporeon|p2a: Feed\n|\n|-heal|p2a: Feed|100\/100|[from] item: Leftovers\n|-heal|p1a: Vaporeon|84\/100|[from] item: Leftovers\n|upkeep\n|turn|17\n|\n|t:|1700915789\n|switch|p2a: Sneed's|Toxicroak, F|100\/100\n|move|p1a: Vaporeon|Hydro Pump|p2a: Sneed's\n|-immune|p2a: Sneed's|[from] ability: Dry Skin\n|\n|-heal|p1a: Vaporeon|90\/100|[from] item: Leftovers\n|upkeep\n|turn|18\n|\n|t:|1700915796\n|switch|p1a: Salamence|Salamence, M|84\/100\n|-ability|p1a: Salamence|Intimidate|boost\n|-unboost|p2a: Sneed's|atk|1\n|move|p2a: Sneed's|Substitute|p2a: Sneed's\n|-start|p2a: Sneed's|Substitute\n|-damage|p2a: Sneed's|76\/100\n|\n|-heal|p2a: Sneed's|82\/100|[from] item: Leftovers\n|upkeep\n|turn|19\n|\n|t:|1700915804\n|move|p1a: Salamence|Air Slash|p2a: Sneed's\n|-supereffective|p2a: Sneed's\n|-end|p2a: Sneed's|Substitute\n|move|p2a: Sneed's|Bulk Up|p2a: Sneed's\n|-boost|p2a: Sneed's|atk|1\n|-boost|p2a: Sneed's|def|1\n|\n|-heal|p2a: Sneed's|88\/100|[from] item: Leftovers\n|upkeep\n|turn|20\n|\n|t:|1700915811\n|move|p2a: Sneed's|Sucker Punch|p1a: Salamence\n|-damage|p1a: Salamence|62\/100\n|move|p1a: Salamence|Air Slash|p2a: Sneed's\n|-supereffective|p2a: Sneed's\n|-damage|p2a: Sneed's|0 fnt\n|faint|p2a: Sneed's\n|\n|upkeep\n|\n|t:|1700915820\n|switch|p2a: Feed|Glimmora, M|100\/100\n|turn|21\n|\n|t:|1700915824\n|move|p1a: Salamence|Air Slash|p2a: Feed\n|-resisted|p2a: Feed\n|-damage|p2a: Feed|72\/100\n|cant|p2a: Feed|flinch\n|\n|-heal|p2a: Feed|78\/100|[from] item: Leftovers\n|upkeep\n|turn|22\n|\n|t:|1700915832\n|switch|p1a: Vaporeon|Vaporeon, M|90\/100\n|-activate|p1a: Vaporeon|move: Sticky Web\n|-unboost|p1a: Vaporeon|spe|1\n|move|p2a: Feed|Mortal Spin|p1a: Vaporeon\n|-damage|p1a: Vaporeon|85\/100\n|-status|p1a: Vaporeon|psn\n|\n|-heal|p2a: Feed|84\/100|[from] item: Leftovers\n|-heal|p1a: Vaporeon|91\/100 psn|[from] item: Leftovers\n|-damage|p1a: Vaporeon|79\/100 psn|[from] psn\n|upkeep\n|turn|23\n|\n|t:|1700915846\n|switch|p2a: Formerly|Araquanid, F|35\/100\n|move|p1a: Vaporeon|Heal Bell|p1a: Vaporeon\n|-activate|p1a: Vaporeon|move: Heal Bell\n|-curestatus|p1a: Vaporeon|psn|[msg]\n|\n|-heal|p2a: Formerly|41\/100|[from] item: Leftovers\n|-heal|p1a: Vaporeon|85\/100|[from] item: Leftovers\n|upkeep\n|turn|24\n|\n|t:|1700915854\n|move|p2a: Formerly|Lunge|p1a: Vaporeon\n|-damage|p1a: Vaporeon|65\/100\n|-unboost|p1a: Vaporeon|atk|1\n|move|p1a: Vaporeon|Hidden Power|p2a: Formerly\n|-supereffective|p2a: Formerly\n|-damage|p2a: Formerly|18\/100\n|\n|-heal|p2a: Formerly|24\/100|[from] item: Leftovers\n|-heal|p1a: Vaporeon|71\/100|[from] item: Leftovers\n|upkeep\n|turn|25\n|\n|t:|1700915863\n|move|p2a: Formerly|Lunge|p1a: Vaporeon\n|-damage|p1a: Vaporeon|51\/100\n|-unboost|p1a: Vaporeon|atk|1\n|move|p1a: Vaporeon|Hidden Power|p2a: Formerly\n|-supereffective|p2a: Formerly\n|-damage|p2a: Formerly|0 fnt\n|faint|p2a: Formerly\n|\n|-heal|p1a: Vaporeon|58\/100|[from] item: Leftovers\n|upkeep\n|\n|t:|1700915872\n|switch|p2a: and|Druddigon, F|24\/100\n|turn|26\n|\n|t:|1700915878\n|move|p2a: and|Stealth Rock|p1a: Vaporeon\n|-sidestart|p1: runeatest|move: Stealth Rock\n|move|p1a: Vaporeon|Ice Beam|p2a: and\n|-supereffective|p2a: and\n|-damage|p2a: and|0 fnt\n|faint|p2a: and\n|\n|-heal|p1a: Vaporeon|64\/100|[from] item: Leftovers\n|upkeep\n|\n|t:|1700915893\n|switch|p2a: Feed|Glimmora, M|84\/100\n|turn|27\n|\n|t:|1700915899\n|move|p2a: Feed|Acid Spray|p1a: Vaporeon\n|-damage|p1a: Vaporeon|48\/100\n|-unboost|p1a: Vaporeon|spd|2\n|move|p1a: Vaporeon|Hydro Pump|p2a: Feed\n|-supereffective|p2a: Feed\n|-damage|p2a: Feed|0 fnt\n|faint|p2a: Feed\n|\n|-heal|p1a: Vaporeon|54\/100|[from] item: Leftovers\n|upkeep\n|\n|t:|1700915907\n|switch|p2a: Chuck's|Nihilego, shiny|100\/100\n|turn|28\n|\n|t:|1700915916\n|move|p2a: Chuck's|Thunderbolt|p1a: Vaporeon\n|-supereffective|p1a: Vaporeon\n|-damage|p1a: Vaporeon|0 fnt\n|faint|p1a: Vaporeon\n|-ability|p2a: Chuck's|Beast Boost|boost\n|-boost|p2a: Chuck's|spa|1\n|\n|upkeep\n|\n|t:|1700915923\n|switch|p1a: Electivire|Electivire, M, shiny|100\/100\n|-damage|p1a: Electivire|88\/100|[from] Stealth Rock\n|-item|p1a: Electivire|Air Balloon\n|turn|29\n|\n|t:|1700915929\n|-terastallize|p1a: Electivire|Ground\n|move|p2a: Chuck's|Sludge Wave|p1a: Electivire\n|-resisted|p1a: Electivire\n|-damage|p1a: Electivire|43\/100\n|-enditem|p1a: Electivire|Air Balloon\n|move|p1a: Electivire|Earthquake|p2a: Chuck's\n|-supereffective|p2a: Chuck's\n|-damage|p2a: Chuck's|0 fnt\n|faint|p2a: Chuck's\n|\n|win|runeatest\n|raw|runeatest's rating: 1242 &rarr; <strong>1273<\/strong><br \/>(+31 for winning)\n|raw|SatoTheFifth's rating: 1328 &rarr; <strong>1303<\/strong><br \/>(-25 for losing)\n|c|\u2606SatoTheFifth|gg\n|l|\u2606SatoTheFifth\n","uploadtime":1700915941,"views":6,"p1id":"runeatest","p2id":"satothefifth","formatid":"gen9nationaldex","rating":1273,"private":0,"password":""}