{"id":"gen9nationaldex-1990383775","p1":"Poppop1212","p2":"pheromosa's wig","format":"[Gen 9] National Dex","log":"|j|\u2606Poppop1212\n|j|\u2606pheromosa's wig\n|t:|1699965089\n|gametype|singles\n|player|p1|Poppop1212|265|\n|player|p2|pheromosa's wig|tulip|\n|teamsize|p1|6\n|teamsize|p2|6\n|gen|9\n|tier|[Gen 9] National Dex\n|rule|HP Percentage Mod: HP is shown in percentages\n|rule|Endless Battle Clause: Forcing endless battles is banned\n|rule|OHKO Clause: OHKO moves are banned\n|rule|Evasion Clause: Evasion abilities, items, and moves are banned\n|rule|Evasion Abilities Clause: Evasion abilities are banned\n|rule|Evasion Items Clause: Evasion items are banned\n|rule|Evasion Moves Clause: Evasion moves are banned\n|rule|Species Clause: Limit one of each Pok\u00e9mon\n|rule|Sleep Clause Mod: Limit one foe put to sleep\n|clearpoke\n|poke|p1|Honchkrow, F|\n|poke|p1|Garbodor, M|\n|poke|p1|Tyrantrum, F|\n|poke|p1|Kartana|\n|poke|p1|Infernape, F|\n|poke|p1|Runerigus, F|\n|poke|p2|Xatu, F|\n|poke|p2|Victini|\n|poke|p2|Skarmory, F|\n|poke|p2|Sinistcha|\n|poke|p2|Decidueye-Hisui, F|\n|poke|p2|Meloetta|\n|teampreview\n|\n|t:|1699965109\n|start\n|switch|p1a: Tyrantrum|Tyrantrum, F|100\/100\n|switch|p2a: zazatu|Xatu, F, shiny|100\/100\n|turn|1\n|\n|t:|1699965125\n|switch|p2a: toenail infection|Skarmory, F, shiny|100\/100\n|move|p1a: Tyrantrum|Dragon Dance|p1a: Tyrantrum\n|-boost|p1a: Tyrantrum|atk|1\n|-boost|p1a: Tyrantrum|spe|1\n|\n|upkeep\n|turn|2\n|\n|t:|1699965132\n|-terastallize|p1a: Tyrantrum|Fire\n|move|p1a: Tyrantrum|Dragon Dance|p1a: Tyrantrum\n|-boost|p1a: Tyrantrum|atk|1\n|-boost|p1a: Tyrantrum|spe|1\n|move|p2a: toenail infection|Iron Defense|p2a: toenail infection\n|-boost|p2a: toenail infection|def|2\n|\n|upkeep\n|turn|3\n|\n|t:|1699965139\n|move|p1a: Tyrantrum|Fire Fang|p2a: toenail infection\n|-supereffective|p2a: toenail infection\n|-damage|p2a: toenail infection|16\/100\n|-damage|p1a: Tyrantrum|84\/100|[from] item: Rocky Helmet|[of] p2a: toenail infection\n|move|p2a: toenail infection|Body Press|p1a: Tyrantrum\n|-damage|p1a: Tyrantrum|35\/100\n|\n|upkeep\n|turn|4\n|\n|t:|1699965167\n|move|p1a: Tyrantrum|Crunch|p2a: toenail infection\n|-damage|p2a: toenail infection|0 fnt\n|-damage|p1a: Tyrantrum|19\/100|[from] item: Rocky Helmet|[of] p2a: toenail infection\n|faint|p2a: toenail infection\n|\n|upkeep\n|\n|t:|1699965172\n|switch|p2a: ROSE TOY \ud83c\udf39|Decidueye-Hisui, F|100\/100\n|turn|5\n|\n|t:|1699965197\n|-terastallize|p2a: ROSE TOY \ud83c\udf39|Water\n|move|p2a: ROSE TOY \ud83c\udf39|Sucker Punch|p1a: Tyrantrum\n|-damage|p1a: Tyrantrum|0 fnt\n|faint|p1a: Tyrantrum\n|\n|upkeep\n|\n|t:|1699965207\n|switch|p1a: Kartana|Kartana|100\/100\n|turn|6\n|\n|t:|1699965231\n|switch|p2a: thicktini \ud83d\ude0d|Victini|100\/100\n|move|p1a: Kartana|Air Slash|p2a: thicktini \ud83d\ude0d|[miss]\n|-miss|p1a: Kartana|p2a: thicktini \ud83d\ude0d\n|\n|upkeep\n|turn|7\n|\n|t:|1699965248\n|switch|p1a: Runerigus|Runerigus, F|100\/100\n|move|p2a: thicktini \ud83d\ude0d|Zen Headbutt|p1a: Runerigus\n|-damage|p1a: Runerigus|61\/100\n|-activate|p1a: Runerigus|ability: Wandering Spirit|Victory Star|Wandering Spirit|[of] p2a: thicktini \ud83d\ude0d\n|\n|upkeep\n|turn|8\n|\n|t:|1699965260\n|switch|p2a: TAYLOR SWIFT \u2728|Meloetta|100\/100\n|move|p1a: Runerigus|Poltergeist|p2a: TAYLOR SWIFT \u2728\n|-immune|p2a: TAYLOR SWIFT \u2728\n|\n|upkeep\n|turn|9\n|\n|t:|1699965269\n|switch|p1a: Honchkrow|Honchkrow, F|100\/100\n|move|p2a: TAYLOR SWIFT \u2728|Shadow Ball|p1a: Honchkrow\n|-resisted|p1a: Honchkrow\n|-damage|p1a: Honchkrow|74\/100\n|\n|upkeep\n|turn|10\n|\n|t:|1699965278\n|move|p1a: Honchkrow|Thunder Wave|p2a: TAYLOR SWIFT \u2728\n|-status|p2a: TAYLOR SWIFT \u2728|par\n|move|p2a: TAYLOR SWIFT \u2728|Charge Beam|p1a: Honchkrow\n|-supereffective|p1a: Honchkrow\n|-damage|p1a: Honchkrow|6\/100\n|-boost|p2a: TAYLOR SWIFT \u2728|spa|1\n|\n|upkeep\n|turn|11\n|\n|t:|1699965288\n|switch|p1a: Garbodor|Garbodor, M|100\/100\n|move|p2a: TAYLOR SWIFT \u2728|Dazzling Gleam|p1a: Garbodor\n|-resisted|p1a: Garbodor\n|-damage|p1a: Garbodor|78\/100\n|\n|upkeep\n|turn|12\n|\n|t:|1699965295\n|move|p1a: Garbodor|Stockpile|p1a: Garbodor\n|-start|p1a: Garbodor|stockpile1\n|-boost|p1a: Garbodor|def|1\n|-boost|p1a: Garbodor|spd|1\n|cant|p2a: TAYLOR SWIFT \u2728|par\n|\n|upkeep\n|turn|13\n|\n|t:|1699965302\n|move|p1a: Garbodor|Stockpile|p1a: Garbodor\n|-start|p1a: Garbodor|stockpile2\n|-boost|p1a: Garbodor|def|1\n|-boost|p1a: Garbodor|spd|1\n|cant|p2a: TAYLOR SWIFT \u2728|par\n|\n|upkeep\n|turn|14\n|\n|t:|1699965315\n|move|p1a: Garbodor|Gunk Shot|p2a: TAYLOR SWIFT \u2728\n|-damage|p2a: TAYLOR SWIFT \u2728|66\/100 par\n|move|p2a: TAYLOR SWIFT \u2728|Charge Beam|p1a: Garbodor\n|-damage|p1a: Garbodor|64\/100\n|-boost|p2a: TAYLOR SWIFT \u2728|spa|1\n|\n|upkeep\n|turn|15\n|\n|t:|1699965322\n|move|p1a: Garbodor|Body Slam|p2a: TAYLOR SWIFT \u2728\n|-damage|p2a: TAYLOR SWIFT \u2728|50\/100 par\n|cant|p2a: TAYLOR SWIFT \u2728|par\n|\n|upkeep\n|turn|16\n|\n|t:|1699965328\n|move|p1a: Garbodor|Gunk Shot|p2a: TAYLOR SWIFT \u2728\n|-damage|p2a: TAYLOR SWIFT \u2728|15\/100 par\n|move|p2a: TAYLOR SWIFT \u2728|Psychic|p1a: Garbodor\n|-supereffective|p1a: Garbodor\n|-damage|p1a: Garbodor|0 fnt\n|faint|p1a: Garbodor\n|\n|upkeep\n|\n|t:|1699965337\n|switch|p1a: Kartana|Kartana|100\/100\n|turn|17\n|\n|t:|1699965356\n|move|p1a: Kartana|Smart Strike|p2a: TAYLOR SWIFT \u2728\n|-damage|p2a: TAYLOR SWIFT \u2728|0 fnt\n|faint|p2a: TAYLOR SWIFT \u2728\n|-ability|p1a: Kartana|Beast Boost|boost\n|-boost|p1a: Kartana|atk|1\n|\n|upkeep\n|\n|t:|1699965360\n|switch|p2a: thicktini \ud83d\ude0d|Victini|100\/100\n|turn|18\n|\n|t:|1699965372\n|switch|p1a: Infernape|Infernape, F|100\/100\n|move|p2a: thicktini \ud83d\ude0d|V-create|p1a: Infernape\n|-resisted|p1a: Infernape\n|-damage|p1a: Infernape|12\/100\n|-unboost|p2a: thicktini \ud83d\ude0d|spe|1\n|-unboost|p2a: thicktini \ud83d\ude0d|def|1\n|-unboost|p2a: thicktini \ud83d\ude0d|spd|1\n|\n|upkeep\n|turn|19\n|\n|t:|1699965384\n|switch|p2a: ROSE TOY \ud83c\udf39|Decidueye-Hisui, F, tera:Water|100\/100\n|move|p1a: Infernape|Knock Off|p2a: ROSE TOY \ud83c\udf39\n|-damage|p2a: ROSE TOY \ud83c\udf39|67\/100\n|-enditem|p2a: ROSE TOY \ud83c\udf39|Expert Belt|[from] move: Knock Off|[of] p1a: Infernape\n|\n|upkeep\n|turn|20\n|\n|t:|1699965397\n|switch|p1a: Honchkrow|Honchkrow, F|6\/100\n|move|p2a: ROSE TOY \ud83c\udf39|Triple Arrows|p1a: Honchkrow\n|-crit|p1a: Honchkrow\n|-damage|p1a: Honchkrow|0 fnt\n|faint|p1a: Honchkrow\n|\n|upkeep\n|\n|t:|1699965412\n|switch|p1a: Kartana|Kartana|100\/100\n|turn|21\n|\n|t:|1699965424\n|switch|p2a: zazatu|Xatu, F, shiny|100\/100\n|move|p1a: Kartana|Air Slash|p2a: zazatu\n|-damage|p2a: zazatu|87\/100\n|\n|upkeep\n|turn|22\n|\n|t:|1699965435\n|switch|p1a: Infernape|Infernape, F|12\/100\n|move|p2a: zazatu|Reflect|p2a: zazatu\n|-sidestart|p2: pheromosa's wig|Reflect\n|\n|upkeep\n|turn|23\n|\n|t:|1699965440\n|move|p1a: Infernape|Knock Off|p2a: zazatu\n|-supereffective|p2a: zazatu\n|-damage|p2a: zazatu|53\/100\n|-enditem|p2a: zazatu|Light Clay|[from] move: Knock Off|[of] p1a: Infernape\n|move|p2a: zazatu|Light Screen|p2a: zazatu\n|-sidestart|p2: pheromosa's wig|move: Light Screen\n|\n|upkeep\n|turn|24\n|\n|t:|1699965445\n|move|p1a: Infernape|Knock Off|p2a: zazatu\n|-supereffective|p2a: zazatu\n|-damage|p2a: zazatu|28\/100\n|move|p2a: zazatu|Night Shade|p1a: Infernape\n|-damage|p1a: Infernape|0 fnt\n|faint|p1a: Infernape\n|\n|upkeep\n|\n|t:|1699965455\n|switch|p1a: Runerigus|Runerigus, F|61\/100\n|turn|25\n|\n|t:|1699965461\n|move|p2a: zazatu|Night Shade|p1a: Runerigus\n|-damage|p1a: Runerigus|22\/100\n|move|p1a: Runerigus|Poltergeist||[still]\n|-fail|p1a: Runerigus\n|\n|upkeep\n|turn|26\n|\n|t:|1699965470\n|move|p2a: zazatu|Night Shade|p1a: Runerigus\n|-damage|p1a: Runerigus|0 fnt\n|faint|p1a: Runerigus\n|\n|upkeep\n|\n|t:|1699965473\n|switch|p1a: Kartana|Kartana|100\/100\n|turn|27\n|\n|t:|1699965489\n|move|p1a: Kartana|Psycho Cut|p2a: zazatu\n|-resisted|p2a: zazatu\n|-damage|p2a: zazatu|18\/100\n|move|p2a: zazatu|Trick Room|p2a: zazatu\n|-fieldstart|move: Trick Room|[of] p2a: zazatu\n|\n|-sideend|p2: pheromosa's wig|move: Light Screen\n|upkeep\n|turn|28\n|\n|t:|1699965495\n|move|p2a: zazatu|Night Shade|p1a: Kartana\n|-damage|p1a: Kartana|62\/100\n|move|p1a: Kartana|Psycho Cut|p2a: zazatu\n|-resisted|p2a: zazatu\n|-damage|p2a: zazatu|9\/100\n|\n|upkeep\n|turn|29\n|\n|t:|1699965501\n|move|p2a: zazatu|Night Shade|p1a: Kartana\n|-damage|p1a: Kartana|23\/100\n|move|p1a: Kartana|Psycho Cut|p2a: zazatu\n|-resisted|p2a: zazatu\n|-damage|p2a: zazatu|0 fnt\n|faint|p2a: zazatu\n|-ability|p1a: Kartana|Beast Boost|boost\n|-boost|p1a: Kartana|atk|1\n|\n|-sideend|p2: pheromosa's wig|Reflect\n|upkeep\n|\n|t:|1699965506\n|switch|p2a: thicktini \ud83d\ude0d|Victini|100\/100\n|turn|30\n|\n|t:|1699965510\n|move|p2a: thicktini \ud83d\ude0d|V-create|p1a: Kartana\n|-supereffective|p1a: Kartana\n|-damage|p1a: Kartana|0 fnt\n|-unboost|p2a: thicktini \ud83d\ude0d|spe|1\n|-unboost|p2a: thicktini \ud83d\ude0d|def|1\n|-unboost|p2a: thicktini \ud83d\ude0d|spd|1\n|faint|p1a: Kartana\n|\n|win|pheromosa's wig\n|c|\u2606pheromosa's wig|gg\n|l|\u2606Poppop1212\n","uploadtime":1699965537,"views":4,"p1id":"poppop1212","p2id":"pheromosaswig","formatid":"gen9nationaldex","rating":0,"private":0,"password":""}