{"id":"gen9nationaldex-1995952659","p1":"IceBerryCoffee","p2":"Kingofpharaoh","format":"[Gen 9] National Dex","log":"|html|<div class=\"broadcast-blue\"><strong>[Gen 9] National Dex is currently suspecting Sneasler! For information on how to participate check out the <a href=\"https:\/\/www.smogon.com\/forums\/threads\/sv-national-dex-suspect-8-just-dance.3731534\/\">suspect thread<\/a>.<\/strong><\/div>\n|j|\u2606IceBerryCoffee\n|j|\u2606Kingofpharaoh\n|t:|1700621350\n|gametype|singles\n|player|p1|IceBerryCoffee|265|1172\n|player|p2|Kingofpharaoh|silver|1279\n|teamsize|p1|6\n|teamsize|p2|6\n|gen|9\n|tier|[Gen 9] National Dex\n|rated|\n|rule|HP Percentage Mod: HP is shown in percentages\n|rule|Endless Battle Clause: Forcing endless battles is banned\n|rule|OHKO Clause: OHKO moves are banned\n|rule|Evasion Clause: Evasion abilities, items, and moves are banned\n|rule|Evasion Abilities Clause: Evasion abilities are banned\n|rule|Evasion Items Clause: Evasion items are banned\n|rule|Evasion Moves Clause: Evasion moves are banned\n|rule|Species Clause: Limit one of each Pok\u00e9mon\n|rule|Sleep Clause Mod: Limit one foe put to sleep\n|clearpoke\n|poke|p1|Maushold-Four|\n|poke|p1|Empoleon, M|\n|poke|p1|Conkeldurr, M|\n|poke|p1|Typhlosion-Hisui, F|\n|poke|p1|Gyarados, F|\n|poke|p1|Hydreigon, M|\n|poke|p2|Amoonguss, M|\n|poke|p2|Salamence, F|\n|poke|p2|Blastoise, F|\n|poke|p2|Toxapex, F|\n|poke|p2|Zamazenta-*|\n|poke|p2|Garganacl, M|\n|teampreview\n|inactive|Battle timer is ON: inactive players will automatically lose when time's up. (requested by Kingofpharaoh)\n|\n|t:|1700621361\n|start\n|switch|p1a: Conkeldurr|Conkeldurr, M|100\/100\n|switch|p2a: Toxapex|Toxapex, F|100\/100\n|turn|1\n|\n|t:|1700621373\n|switch|p1a: Empoleon|Empoleon, M|100\/100\n|move|p2a: Toxapex|Toxic|p1a: Empoleon\n|-immune|p1a: Empoleon\n|\n|upkeep\n|turn|2\n|\n|t:|1700621379\n|move|p1a: Empoleon|Knock Off|p2a: Toxapex\n|-crit|p2a: Toxapex\n|-damage|p2a: Toxapex|81\/100\n|-enditem|p2a: Toxapex|Heavy-Duty Boots|[from] move: Knock Off|[of] p1a: Empoleon\n|move|p2a: Toxapex|Infestation|p1a: Empoleon\n|-resisted|p1a: Empoleon\n|-damage|p1a: Empoleon|99\/100\n|-activate|p1a: Empoleon|move: Infestation|[of] p2a: Toxapex\n|\n|-heal|p1a: Empoleon|100\/100|[from] item: Leftovers\n|-damage|p1a: Empoleon|88\/100|[from] move: Infestation|[partiallytrapped]\n|upkeep\n|turn|3\n|\n|t:|1700621390\n|move|p1a: Empoleon|Flip Turn|p2a: Toxapex\n|-resisted|p2a: Toxapex\n|-damage|p2a: Toxapex|75\/100\n|\n|t:|1700621408\n|switch|p1a: Gyarados|Gyarados, F|100\/100|[from] Flip Turn\n|-ability|p1a: Gyarados|Intimidate|boost\n|-unboost|p2a: Toxapex|atk|1\n|move|p2a: Toxapex|Infestation|p1a: Gyarados\n|-resisted|p1a: Gyarados\n|-damage|p1a: Gyarados|99\/100\n|-activate|p1a: Gyarados|move: Infestation|[of] p2a: Toxapex\n|\n|-damage|p1a: Gyarados|87\/100|[from] move: Infestation|[partiallytrapped]\n|upkeep\n|turn|4\n|\n|t:|1700621419\n|detailschange|p1a: Gyarados|Gyarados-Mega, F\n|-mega|p1a: Gyarados|Gyarados|Gyaradosite\n|-ability|p1a: Gyarados|Mold Breaker\n|move|p1a: Gyarados|Substitute|p1a: Gyarados\n|-start|p1a: Gyarados|Substitute\n|-end|p1a: Gyarados|Infestation|[partiallytrapped]|[silent]\n|-damage|p1a: Gyarados|62\/100\n|move|p2a: Toxapex|Toxic||[still]\n|-fail|p2a: Toxapex\n|\n|upkeep\n|turn|5\n|\n|t:|1700621428\n|move|p1a: Gyarados|Dragon Dance|p1a: Gyarados\n|-boost|p1a: Gyarados|atk|1\n|-boost|p1a: Gyarados|spe|1\n|move|p2a: Toxapex|Haze|p2a: Toxapex\n|-clearallboost\n|\n|upkeep\n|turn|6\n|\n|t:|1700621436\n|move|p1a: Gyarados|Crunch|p2a: Toxapex\n|-damage|p2a: Toxapex|44\/100\n|move|p2a: Toxapex|Haze|p2a: Toxapex\n|-clearallboost\n|\n|upkeep\n|turn|7\n|\n|t:|1700621443\n|switch|p2a: Amoonguss|Amoonguss, M|100\/100\n|move|p1a: Gyarados|Dragon Dance|p1a: Gyarados\n|-boost|p1a: Gyarados|atk|1\n|-boost|p1a: Gyarados|spe|1\n|\n|upkeep\n|turn|8\n|\n|t:|1700621450\n|move|p1a: Gyarados|Crunch|p2a: Amoonguss\n|-damage|p2a: Amoonguss|50\/100\n|-unboost|p2a: Amoonguss|def|1\n|-damage|p1a: Gyarados|45\/100|[from] item: Rocky Helmet|[of] p2a: Amoonguss\n|move|p2a: Amoonguss|Giga Drain|p1a: Gyarados\n|-supereffective|p1a: Gyarados\n|-end|p1a: Gyarados|Substitute\n|-heal|p2a: Amoonguss|59\/100|[from] drain|[of] p1a: Gyarados\n|\n|upkeep\n|turn|9\n|\n|t:|1700621461\n|move|p1a: Gyarados|Crunch|p2a: Amoonguss\n|-damage|p2a: Amoonguss|0 fnt\n|-damage|p1a: Gyarados|29\/100|[from] item: Rocky Helmet|[of] p2a: Amoonguss\n|faint|p2a: Amoonguss\n|\n|upkeep\n|\n|t:|1700621470\n|switch|p2a: Salamence|Salamence, F|100\/100\n|turn|10\n|\n|t:|1700621482\n|-terastallize|p2a: Salamence|Steel\n|move|p1a: Gyarados|Crunch|p2a: Salamence\n|-damage|p2a: Salamence|16\/100\n|move|p2a: Salamence|Dragon Dance|p2a: Salamence\n|-boost|p2a: Salamence|atk|1\n|-boost|p2a: Salamence|spe|1\n|\n|upkeep\n|turn|11\n|\n|t:|1700621491\n|move|p2a: Salamence|Dragon Dance|p2a: Salamence\n|-boost|p2a: Salamence|atk|1\n|-boost|p2a: Salamence|spe|1\n|move|p1a: Gyarados|Crunch|p2a: Salamence\n|-damage|p2a: Salamence|0 fnt\n|faint|p2a: Salamence\n|\n|upkeep\n|-message|Kingofpharaoh forfeited.\n|\n|win|IceBerryCoffee\n|raw|IceBerryCoffee's rating: 1172 &rarr; <strong>1204<\/strong><br \/>(+32 for winning)\n|raw|Kingofpharaoh's rating: 1279 &rarr; <strong>1247<\/strong><br \/>(-32 for losing)\n|l|\u2606Kingofpharaoh\n","uploadtime":1700621502,"views":0,"p1id":"iceberrycoffee","p2id":"kingofpharaoh","formatid":"gen9nationaldex","rating":1204,"private":0,"password":""}