{"id":"gen9nationaldex-1995373554","p1":"tensaiindustries","p2":"csb1123","format":"[Gen 9] National Dex","log":"|html|<div class=\"broadcast-blue\"><strong>[Gen 9] National Dex is currently suspecting Sneasler! For information on how to participate check out the <a href=\"https:\/\/www.smogon.com\/forums\/threads\/sv-national-dex-suspect-8-just-dance.3731534\/\">suspect thread<\/a>.<\/strong><\/div>\n|j|\u2606tensaiindustries\n|j|\u2606csb1123\n|t:|1700561818\n|gametype|singles\n|player|p1|tensaiindustries|lance|1608\n|player|p2|csb1123|265|1732\n|teamsize|p1|6\n|teamsize|p2|6\n|gen|9\n|tier|[Gen 9] National Dex\n|rated|\n|rule|HP Percentage Mod: HP is shown in percentages\n|rule|Endless Battle Clause: Forcing endless battles is banned\n|rule|OHKO Clause: OHKO moves are banned\n|rule|Evasion Clause: Evasion abilities, items, and moves are banned\n|rule|Evasion Abilities Clause: Evasion abilities are banned\n|rule|Evasion Items Clause: Evasion items are banned\n|rule|Evasion Moves Clause: Evasion moves are banned\n|rule|Species Clause: Limit one of each Pok\u00e9mon\n|rule|Sleep Clause Mod: Limit one foe put to sleep\n|clearpoke\n|poke|p1|Dragonite, M|\n|poke|p1|Chandelure, F|\n|poke|p1|Cresselia, F|\n|poke|p1|Tyranitar, M|\n|poke|p1|Landorus-Therian, M|\n|poke|p1|Rotom-Wash|\n|poke|p2|Ogerpon, F|\n|poke|p2|Corviknight, M|\n|poke|p2|Clodsire, M|\n|poke|p2|Tyranitar, M|\n|poke|p2|Tapu Fini|\n|poke|p2|Banette, M|\n|teampreview\n|inactive|Battle timer is ON: inactive players will automatically lose when time's up. (requested by csb1123)\n|j| xuxiansheng\n|\n|t:|1700561844\n|start\n|switch|p1a: Landorus|Landorus-Therian, M|100\/100\n|switch|p2a: Tyranitar|Tyranitar, M|100\/100\n|-ability|p1a: Landorus|Intimidate|boost\n|-unboost|p2a: Tyranitar|atk|1\n|-weather|Sandstorm|[from] ability: Sand Stream|[of] p2a: Tyranitar\n|turn|1\n|\n|t:|1700561849\n|move|p1a: Landorus|Toxic|p2a: Tyranitar\n|-status|p2a: Tyranitar|tox\n|move|p2a: Tyranitar|Ice Beam|p1a: Landorus\n|-supereffective|p1a: Landorus\n|-damage|p1a: Landorus|0 fnt\n|faint|p1a: Landorus\n|\n|-weather|Sandstorm|[upkeep]\n|-damage|p2a: Tyranitar|94\/100 tox|[from] psn\n|upkeep\n|\n|t:|1700561856\n|switch|p1a: Tyranitar|Tyranitar, M|100\/100\n|turn|2\n|\n|t:|1700561864\n|switch|p2a: Corviknight|Corviknight, M|100\/100\n|-ability|p2a: Corviknight|Pressure\n|move|p1a: Tyranitar|Dragon Dance|p1a: Tyranitar\n|-boost|p1a: Tyranitar|atk|1\n|-boost|p1a: Tyranitar|spe|1\n|\n|-weather|Sandstorm|[upkeep]\n|upkeep\n|turn|3\n|\n|t:|1700561873\n|move|p1a: Tyranitar|Fire Punch|p2a: Corviknight\n|-supereffective|p2a: Corviknight\n|-damage|p2a: Corviknight|57\/100\n|move|p2a: Corviknight|Iron Defense|p2a: Corviknight\n|-boost|p2a: Corviknight|def|2\n|\n|-weather|Sandstorm|[upkeep]\n|upkeep\n|turn|4\n|\n|t:|1700561882\n|switch|p1a: Rotom|Rotom-Wash|100\/100\n|move|p2a: Corviknight|Roost|p2a: Corviknight\n|-heal|p2a: Corviknight|100\/100\n|-singleturn|p2a: Corviknight|move: Roost\n|\n|-weather|Sandstorm|[upkeep]\n|-damage|p1a: Rotom|94\/100|[from] Sandstorm\n|upkeep\n|turn|5\n|\n|t:|1700561885\n|switch|p2a: Clodsire|Clodsire, M|100\/100\n|move|p1a: Rotom|Trick|p2a: Clodsire\n|-activate|p1a: Rotom|move: Trick|[of] p2a: Clodsire\n|-item|p2a: Clodsire|Choice Scarf|[from] move: Trick\n|-item|p1a: Rotom|Leftovers|[from] move: Trick\n|\n|-weather|none\n|-heal|p1a: Rotom|100\/100|[from] item: Leftovers\n|upkeep\n|turn|6\n|\n|t:|1700561894\n|move|p1a: Rotom|Hydro Pump|p2a: Clodsire\n|-immune|p2a: Clodsire|[from] ability: Water Absorb\n|move|p2a: Clodsire|Stealth Rock|p1a: Rotom\n|-sidestart|p1: tensaiindustries|move: Stealth Rock\n|\n|upkeep\n|turn|7\n|\n|t:|1700561902\n|move|p1a: Rotom|Volt Switch|p2a: Clodsire\n|-immune|p2a: Clodsire\n|move|p2a: Clodsire|Stealth Rock||[still]\n|-fail|p2a: Clodsire\n|\n|upkeep\n|turn|8\n|\n|t:|1700561905\n|move|p1a: Rotom|Volt Switch|p2a: Clodsire\n|-immune|p2a: Clodsire\n|move|p2a: Clodsire|Stealth Rock||[still]\n|-fail|p2a: Clodsire\n|\n|upkeep\n|turn|9\n|\n|t:|1700561908\n|move|p1a: Rotom|Will-O-Wisp|p2a: Clodsire\n|-status|p2a: Clodsire|brn\n|move|p2a: Clodsire|Stealth Rock||[still]\n|-fail|p2a: Clodsire\n|\n|-damage|p2a: Clodsire|94\/100 brn|[from] brn\n|upkeep\n|turn|10\n|\n|t:|1700561914\n|move|p1a: Rotom|Volt Switch|p2a: Clodsire\n|-immune|p2a: Clodsire\n|move|p2a: Clodsire|Stealth Rock||[still]\n|-fail|p2a: Clodsire\n|\n|-damage|p2a: Clodsire|88\/100 brn|[from] brn\n|upkeep\n|turn|11\n|\n|t:|1700561925\n|switch|p2a: Ogerpon|Ogerpon, F|100\/100\n|move|p1a: Rotom|Volt Switch|p2a: Ogerpon\n|-resisted|p2a: Ogerpon\n|-damage|p2a: Ogerpon|84\/100\n|\n|t:|1700561930\n|switch|p1a: Chandelure|Chandelure, F|100\/100|[from] Volt Switch\n|-damage|p1a: Chandelure|76\/100|[from] Stealth Rock\n|\n|upkeep\n|turn|12\n|\n|t:|1700561939\n|switch|p2a: Tyranitar|Tyranitar, M|94\/100 tox\n|-weather|Sandstorm|[from] ability: Sand Stream|[of] p2a: Tyranitar\n|move|p1a: Chandelure|Overheat|p2a: Tyranitar\n|-resisted|p2a: Tyranitar\n|-damage|p2a: Tyranitar|75\/100 tox\n|-unboost|p1a: Chandelure|spa|2\n|\n|-weather|Sandstorm|[upkeep]\n|-damage|p1a: Chandelure|69\/100|[from] Sandstorm\n|-damage|p2a: Tyranitar|69\/100 tox|[from] psn\n|upkeep\n|turn|13\n|\n|t:|1700561946\n|-activate|p1a: Chandelure|move: Pursuit\n|move|p2a: Tyranitar|Pursuit|p1a: Chandelure|[from]Pursuit\n|-supereffective|p1a: Chandelure\n|-damage|p1a: Chandelure|0 fnt\n|faint|p1a: Chandelure\n|-hint|A Pokemon can't switch between when it runs out of HP and when it faints\n|\n|-weather|Sandstorm|[upkeep]\n|-damage|p2a: Tyranitar|57\/100 tox|[from] psn\n|upkeep\n|\n|t:|1700561959\n|switch|p1a: Cresselia|Cresselia, F|100\/100\n|-damage|p1a: Cresselia|88\/100|[from] Stealth Rock\n|turn|14\n|\n|t:|1700561964\n|switch|p2a: Banette|Banette, M|100\/100\n|-item|p1a: Cresselia|Leftovers|[from] ability: Frisk|[of] p2a: Banette|[identify]\n|move|p1a: Cresselia|Calm Mind|p1a: Cresselia\n|-boost|p1a: Cresselia|spa|1\n|-boost|p1a: Cresselia|spd|1\n|\n|-weather|Sandstorm|[upkeep]\n|-damage|p2a: Banette|95\/100|[from] Sandstorm\n|-damage|p1a: Cresselia|82\/100|[from] Sandstorm\n|-heal|p1a: Cresselia|88\/100|[from] item: Leftovers\n|upkeep\n|turn|15\n|\n|t:|1700561971\n|switch|p1a: Rotom|Rotom-Wash|100\/100\n|-damage|p1a: Rotom|88\/100|[from] Stealth Rock\n|detailschange|p2a: Banette|Banette-Mega, M\n|-mega|p2a: Banette|Banette|Banettite\n|move|p2a: Banette|Encore||[still]\n|-fail|p2a: Banette\n|\n|-weather|Sandstorm|[upkeep]\n|-damage|p1a: Rotom|82\/100|[from] Sandstorm\n|-damage|p2a: Banette|89\/100|[from] Sandstorm\n|-heal|p1a: Rotom|88\/100|[from] item: Leftovers\n|upkeep\n|turn|16\n|\n|t:|1700561979\n|switch|p2a: Clodsire|Clodsire, M|88\/100 brn\n|move|p1a: Rotom|Will-O-Wisp|p2a: Clodsire\n|-fail|p2a: Clodsire|brn\n|\n|-weather|none\n|-heal|p1a: Rotom|94\/100|[from] item: Leftovers\n|-damage|p2a: Clodsire|82\/100 brn|[from] brn\n|upkeep\n|turn|17\n|\n|t:|1700561989\n|switch|p1a: Tyranitar|Tyranitar, M|100\/100\n|-damage|p1a: Tyranitar|88\/100|[from] Stealth Rock\n|-weather|Sandstorm|[from] ability: Sand Stream|[of] p1a: Tyranitar\n|move|p2a: Clodsire|Toxic|p1a: Tyranitar\n|-status|p1a: Tyranitar|tox\n|\n|-weather|Sandstorm|[upkeep]\n|-damage|p1a: Tyranitar|82\/100 tox|[from] psn\n|-damage|p2a: Clodsire|76\/100 brn|[from] brn\n|upkeep\n|turn|18\n|\n|t:|1700561995\n|switch|p2a: Corviknight|Corviknight, M|100\/100\n|-ability|p2a: Corviknight|Pressure\n|move|p1a: Tyranitar|Ice Punch|p2a: Corviknight\n|-damage|p2a: Corviknight|85\/100\n|\n|-weather|Sandstorm|[upkeep]\n|-damage|p1a: Tyranitar|69\/100 tox|[from] psn\n|upkeep\n|turn|19\n|\n|t:|1700562003\n|move|p1a: Tyranitar|Knock Off|p2a: Corviknight\n|-damage|p2a: Corviknight|53\/100\n|-enditem|p2a: Corviknight|Covert Cloak|[from] move: Knock Off|[of] p1a: Tyranitar\n|move|p2a: Corviknight|U-turn|p1a: Tyranitar\n|-supereffective|p1a: Tyranitar\n|-damage|p1a: Tyranitar|45\/100 tox\n|-enditem|p1a: Tyranitar|Weakness Policy\n|-boost|p1a: Tyranitar|atk|2|[from] item: Weakness Policy\n|-boost|p1a: Tyranitar|spa|2|[from] item: Weakness Policy\n|\n|t:|1700562010\n|switch|p2a: Ogerpon|Ogerpon, F|84\/100|[from] U-turn\n|\n|-weather|Sandstorm|[upkeep]\n|-damage|p2a: Ogerpon|78\/100|[from] Sandstorm\n|-damage|p1a: Tyranitar|26\/100 tox|[from] psn\n|upkeep\n|turn|20\n|\n|t:|1700562019\n|move|p2a: Ogerpon|Ivy Cudgel|p1a: Tyranitar\n|-supereffective|p1a: Tyranitar\n|-damage|p1a: Tyranitar|0 fnt\n|faint|p1a: Tyranitar\n|\n|-weather|Sandstorm|[upkeep]\n|-damage|p2a: Ogerpon|72\/100|[from] Sandstorm\n|upkeep\n|\n|t:|1700562030\n|switch|p1a: Dragonite|Dragonite, M|100\/100\n|-damage|p1a: Dragonite|76\/100|[from] Stealth Rock\n|turn|21\n|\n|t:|1700562034\n|move|p2a: Ogerpon|Rock Tomb|p1a: Dragonite\n|-supereffective|p1a: Dragonite\n|-damage|p1a: Dragonite|42\/100\n|-unboost|p1a: Dragonite|spe|1\n|move|p1a: Dragonite|Roost|p1a: Dragonite\n|-heal|p1a: Dragonite|92\/100\n|-singleturn|p1a: Dragonite|move: Roost\n|\n|-weather|none\n|-heal|p1a: Dragonite|98\/100|[from] item: Leftovers\n|upkeep\n|turn|22\n|\n|t:|1700562041\n|switch|p2a: Banette|Banette-Mega, M|89\/100\n|move|p1a: Dragonite|Iron Head|p2a: Banette\n|-damage|p2a: Banette|41\/100\n|\n|-heal|p1a: Dragonite|100\/100|[from] item: Leftovers\n|upkeep\n|turn|23\n|\n|t:|1700562048\n|switch|p1a: Rotom|Rotom-Wash|94\/100\n|-damage|p1a: Rotom|82\/100|[from] Stealth Rock\n|move|p2a: Banette|Destiny Bond|p2a: Banette\n|-singlemove|p2a: Banette|Destiny Bond\n|\n|-heal|p1a: Rotom|88\/100|[from] item: Leftovers\n|upkeep\n|turn|24\n|\n|t:|1700562056\n|switch|p2a: Clodsire|Clodsire, M|76\/100 brn\n|move|p1a: Rotom|Volt Switch|p2a: Clodsire\n|-immune|p2a: Clodsire\n|\n|-heal|p1a: Rotom|94\/100|[from] item: Leftovers\n|-damage|p2a: Clodsire|70\/100 brn|[from] brn\n|upkeep\n|turn|25\n|c|\u2606tensaiindustries|annoying bitch\n|\n|t:|1700562076\n|switch|p1a: Cresselia|Cresselia, F|88\/100\n|-damage|p1a: Cresselia|76\/100|[from] Stealth Rock\n|move|p2a: Clodsire|Toxic|p1a: Cresselia\n|-status|p1a: Cresselia|tox\n|\n|-heal|p1a: Cresselia|82\/100 tox|[from] item: Leftovers\n|-damage|p1a: Cresselia|76\/100 tox|[from] psn\n|-damage|p2a: Clodsire|64\/100 brn|[from] brn\n|upkeep\n|turn|26\n|\n|t:|1700562084\n|switch|p2a: Tyranitar|Tyranitar, M|57\/100 tox\n|-weather|Sandstorm|[from] ability: Sand Stream|[of] p2a: Tyranitar\n|move|p1a: Cresselia|Moonblast|p2a: Tyranitar\n|-supereffective|p2a: Tyranitar\n|-damage|p2a: Tyranitar|32\/100 tox\n|-unboost|p2a: Tyranitar|spa|1\n|\n|-weather|Sandstorm|[upkeep]\n|-damage|p1a: Cresselia|70\/100 tox|[from] Sandstorm\n|-heal|p1a: Cresselia|76\/100 tox|[from] item: Leftovers\n|-damage|p2a: Tyranitar|26\/100 tox|[from] psn\n|-damage|p1a: Cresselia|64\/100 tox|[from] psn\n|upkeep\n|turn|27\n|\n|t:|1700562090\n|move|p2a: Tyranitar|Pursuit|p1a: Cresselia\n|-supereffective|p1a: Cresselia\n|-damage|p1a: Cresselia|38\/100 tox\n|move|p1a: Cresselia|Moonblast|p2a: Tyranitar\n|-supereffective|p2a: Tyranitar\n|-damage|p2a: Tyranitar|3\/100 tox\n|\n|-weather|Sandstorm|[upkeep]\n|-damage|p1a: Cresselia|32\/100 tox|[from] Sandstorm\n|-heal|p1a: Cresselia|38\/100 tox|[from] item: Leftovers\n|-damage|p2a: Tyranitar|0 fnt|[from] psn\n|faint|p2a: Tyranitar\n|-damage|p1a: Cresselia|20\/100 tox|[from] psn\n|upkeep\n|\n|t:|1700562101\n|switch|p2a: Ogerpon|Ogerpon, F|72\/100\n|turn|28\n|\n|t:|1700562106\n|move|p2a: Ogerpon|Ivy Cudgel|p1a: Cresselia\n|-damage|p1a: Cresselia|0 fnt\n|faint|p1a: Cresselia\n|\n|-weather|Sandstorm|[upkeep]\n|-damage|p2a: Ogerpon|66\/100|[from] Sandstorm\n|upkeep\n|\n|t:|1700562112\n|switch|p1a: Dragonite|Dragonite, M|100\/100\n|-damage|p1a: Dragonite|76\/100|[from] Stealth Rock\n|turn|29\n|\n|t:|1700562121\n|switch|p2a: Clodsire|Clodsire, M|64\/100 brn\n|move|p1a: Dragonite|Roost|p1a: Dragonite\n|-heal|p1a: Dragonite|100\/100\n|-singleturn|p1a: Dragonite|move: Roost\n|\n|-weather|Sandstorm|[upkeep]\n|-damage|p1a: Dragonite|94\/100|[from] Sandstorm\n|-heal|p1a: Dragonite|100\/100|[from] item: Leftovers\n|-damage|p2a: Clodsire|58\/100 brn|[from] brn\n|upkeep\n|turn|30\n|\n|t:|1700562131\n|-terastallize|p1a: Dragonite|Steel\n|move|p1a: Dragonite|Curse|p1a: Dragonite\n|-unboost|p1a: Dragonite|spe|1\n|-boost|p1a: Dragonite|atk|1\n|-boost|p1a: Dragonite|def|1\n|move|p2a: Clodsire|Toxic|p1a: Dragonite\n|-immune|p1a: Dragonite\n|\n|-weather|none\n|-damage|p2a: Clodsire|52\/100 brn|[from] brn\n|upkeep\n|turn|31\n|\n|t:|1700562144\n|move|p1a: Dragonite|Iron Head|p2a: Clodsire\n|-damage|p2a: Clodsire|0 fnt\n|faint|p2a: Clodsire\n|\n|upkeep\n|\n|t:|1700562150\n|switch|p2a: Banette|Banette-Mega, M|41\/100\n|turn|32\n|\n|t:|1700562154\n|switch|p1a: Rotom|Rotom-Wash|94\/100\n|-damage|p1a: Rotom|82\/100|[from] Stealth Rock\n|move|p2a: Banette|Destiny Bond|p2a: Banette\n|-singlemove|p2a: Banette|Destiny Bond\n|\n|-heal|p1a: Rotom|88\/100|[from] item: Leftovers\n|upkeep\n|turn|33\n|\n|t:|1700562168\n|switch|p2a: Tapu Fini|Tapu Fini|100\/100\n|-fieldstart|move: Misty Terrain|[from] ability: Misty Surge|[of] p2a: Tapu Fini\n|move|p1a: Rotom|Volt Switch|p2a: Tapu Fini\n|-supereffective|p2a: Tapu Fini\n|-damage|p2a: Tapu Fini|57\/100\n|\n|t:|1700562171\n|switch|p1a: Dragonite|Dragonite, M, tera:Steel|100\/100|[from] Volt Switch\n|-damage|p1a: Dragonite|94\/100|[from] Stealth Rock\n|\n|-heal|p2a: Tapu Fini|63\/100|[from] item: Leftovers\n|-heal|p1a: Dragonite|100\/100|[from] item: Leftovers\n|upkeep\n|turn|34\n|\n|t:|1700562177\n|move|p2a: Tapu Fini|Taunt|p1a: Dragonite\n|-start|p1a: Dragonite|move: Taunt\n|move|p1a: Dragonite|Iron Head|p2a: Tapu Fini\n|-damage|p2a: Tapu Fini|30\/100\n|\n|-heal|p2a: Tapu Fini|36\/100|[from] item: Leftovers\n|upkeep\n|turn|35\n|\n|t:|1700562187\n|move|p2a: Tapu Fini|Draining Kiss|p1a: Dragonite\n|-resisted|p1a: Dragonite\n|-damage|p1a: Dragonite|97\/100\n|-heal|p2a: Tapu Fini|39\/100|[from] drain|[of] p1a: Dragonite\n|move|p1a: Dragonite|Iron Head|p2a: Tapu Fini\n|-damage|p2a: Tapu Fini|7\/100\n|\n|-heal|p2a: Tapu Fini|13\/100|[from] item: Leftovers\n|-heal|p1a: Dragonite|100\/100|[from] item: Leftovers\n|upkeep\n|turn|36\n|\n|t:|1700562192\n|move|p1a: Dragonite|Extreme Speed|p2a: Tapu Fini\n|-damage|p2a: Tapu Fini|0 fnt\n|faint|p2a: Tapu Fini\n|\n|-end|p1a: Dragonite|move: Taunt\n|upkeep\n|\n|t:|1700562196\n|switch|p2a: Banette|Banette-Mega, M|41\/100\n|turn|37\n|\n|t:|1700562202\n|switch|p2a: Ogerpon|Ogerpon, F|66\/100\n|switch|p1a: Rotom|Rotom-Wash|88\/100\n|-damage|p1a: Rotom|75\/100|[from] Stealth Rock\n|\n|-heal|p1a: Rotom|82\/100|[from] item: Leftovers\n|-fieldend|Misty Terrain\n|upkeep\n|turn|38\n|\n|t:|1700562209\n|switch|p1a: Dragonite|Dragonite, M, tera:Steel|100\/100\n|-damage|p1a: Dragonite|94\/100|[from] Stealth Rock\n|-terastallize|p2a: Ogerpon|Grass\n|detailschange|p2a: Ogerpon|Ogerpon-Teal-Tera, F, tera:Grass\n|-ability|p2a: Ogerpon|Embody Aspect (Teal)|boost\n|-boost|p2a: Ogerpon|spe|1\n|move|p2a: Ogerpon|Ivy Cudgel|p1a: Dragonite\n|-resisted|p1a: Dragonite\n|-damage|p1a: Dragonite|64\/100\n|\n|-heal|p1a: Dragonite|71\/100|[from] item: Leftovers\n|upkeep\n|turn|39\n|\n|t:|1700562215\n|move|p2a: Ogerpon|Superpower|p1a: Dragonite\n|-supereffective|p1a: Dragonite\n|-damage|p1a: Dragonite|0 fnt\n|-unboost|p2a: Ogerpon|atk|1\n|-unboost|p2a: Ogerpon|def|1\n|faint|p1a: Dragonite\n|\n|upkeep\n|\n|t:|1700562217\n|switch|p1a: Rotom|Rotom-Wash|82\/100\n|-damage|p1a: Rotom|69\/100|[from] Stealth Rock\n|turn|40\n|c|\u2606tensaiindustries|son of a bitch\n|\n|t:|1700562227\n|move|p2a: Ogerpon|Ivy Cudgel|p1a: Rotom\n|-supereffective|p1a: Rotom\n|-damage|p1a: Rotom|0 fnt\n|faint|p1a: Rotom\n|\n|win|csb1123\n|raw|tensaiindustries's rating: 1608 &rarr; <strong>1595<\/strong><br \/>(-13 for losing)\n|raw|csb1123's rating: 1732 &rarr; <strong>1745<\/strong><br \/>(+13 for winning)\n|l|\u2606tensaiindustries\n|l|\u2606csb1123\n|j|\u2606csb1123\n|player|p2|csb1123|265\n","uploadtime":1700562073,"views":7,"p1id":"tensaiindustries","p2id":"csb1123","formatid":"gen9nationaldex","rating":1595,"private":0,"password":""}