{"id":"gen9nationaldex-1996263972","p1":"bazhujiadenvfen","p2":"tensaiindustries","format":"[Gen 9] National Dex","log":"|html|<div class=\"broadcast-blue\"><strong>[Gen 9] National Dex is currently suspecting Sneasler! For information on how to participate check out the <a href=\"https:\/\/www.smogon.com\/forums\/threads\/sv-national-dex-suspect-8-just-dance.3731534\/\">suspect thread<\/a>.<\/strong><\/div>\n|j|\u2606bazhujiadenvfen\n|j|\u2606tensaiindustries\n|t:|1700665377\n|gametype|singles\n|player|p1|bazhujiadenvfen|266|1643\n|player|p2|tensaiindustries|lance|1752\n|teamsize|p1|6\n|teamsize|p2|6\n|gen|9\n|tier|[Gen 9] National Dex\n|rated|\n|rule|HP Percentage Mod: HP is shown in percentages\n|rule|Endless Battle Clause: Forcing endless battles is banned\n|rule|OHKO Clause: OHKO moves are banned\n|rule|Evasion Clause: Evasion abilities, items, and moves are banned\n|rule|Evasion Abilities Clause: Evasion abilities are banned\n|rule|Evasion Items Clause: Evasion items are banned\n|rule|Evasion Moves Clause: Evasion moves are banned\n|rule|Species Clause: Limit one of each Pok\u00e9mon\n|rule|Sleep Clause Mod: Limit one foe put to sleep\n|clearpoke\n|poke|p1|Slowbro-Galar, M|\n|poke|p1|Zamazenta-*|\n|poke|p1|Rillaboom, F|\n|poke|p1|Torterra, F|\n|poke|p1|Samurott-Hisui, F|\n|poke|p1|Kommo-o, F|\n|poke|p2|Dragonite, M|\n|poke|p2|Chandelure, F|\n|poke|p2|Cresselia, F|\n|poke|p2|Iron Hands|\n|poke|p2|Landorus-Therian, M|\n|poke|p2|Scizor, M|\n|teampreview\n|\n|t:|1700665394\n|start\n|switch|p1a: Kommo-o|Kommo-o, F|100\/100\n|switch|p2a: Iron Hands|Iron Hands|100\/100\n|-enditem|p2a: Iron Hands|Booster Energy\n|-activate|p2a: Iron Hands|ability: Quark Drive|[fromitem]\n|-start|p2a: Iron Hands|quarkdriveatk\n|turn|1\n|inactive|Battle timer is ON: inactive players will automatically lose when time's up. (requested by tensaiindustries)\n|\n|t:|1700665401\n|-zpower|p1a: Kommo-o\n|move|p1a: Kommo-o|Clangorous Soulblaze|p2a: Iron Hands|[zeffect]\n|-damage|p2a: Iron Hands|25\/100\n|-boost|p1a: Kommo-o|atk|1\n|-boost|p1a: Kommo-o|def|1\n|-boost|p1a: Kommo-o|spa|1\n|-boost|p1a: Kommo-o|spd|1\n|-boost|p1a: Kommo-o|spe|1\n|move|p2a: Iron Hands|Ice Punch|p1a: Kommo-o\n|-supereffective|p1a: Kommo-o\n|-damage|p1a: Kommo-o|51\/100\n|\n|upkeep\n|turn|2\n|\n|t:|1700665415\n|move|p1a: Kommo-o|Boomburst|p2a: Iron Hands\n|-damage|p2a: Iron Hands|0 fnt\n|faint|p2a: Iron Hands\n|-end|p2a: Iron Hands|Quark Drive|[silent]\n|\n|upkeep\n|inactive|tensaiindustries has 120 seconds left.\n|\n|t:|1700665446\n|switch|p2a: Landorus|Landorus-Therian, M|100\/100\n|-ability|p2a: Landorus|Intimidate|boost\n|-unboost|p1a: Kommo-o|atk|1\n|turn|3\n|inactive|tensaiindustries has 120 seconds left.\n|\n|t:|1700665453\n|move|p1a: Kommo-o|Boomburst|p2a: Landorus\n|-damage|p2a: Landorus|32\/100\n|move|p2a: Landorus|Rock Tomb|p1a: Kommo-o\n|-resisted|p1a: Kommo-o\n|-damage|p1a: Kommo-o|44\/100\n|-unboost|p1a: Kommo-o|spe|1\n|\n|upkeep\n|turn|4\n|inactive|tensaiindustries has 120 seconds left.\n|\n|t:|1700665463\n|move|p1a: Kommo-o|Boomburst|p2a: Landorus\n|-damage|p2a: Landorus|0 fnt\n|faint|p2a: Landorus\n|\n|upkeep\n|inactive|tensaiindustries has 120 seconds left.\n|\n|t:|1700665470\n|switch|p2a: Chandelure|Chandelure, F|100\/100\n|turn|5\n|\n|t:|1700665474\n|move|p2a: Chandelure|Overheat|p1a: Kommo-o\n|-resisted|p1a: Kommo-o\n|-damage|p1a: Kommo-o|12\/100\n|-unboost|p2a: Chandelure|spa|2\n|move|p1a: Kommo-o|Clanging Scales|p2a: Chandelure\n|-damage|p2a: Chandelure|0 fnt\n|faint|p2a: Chandelure\n|-unboost|p1a: Kommo-o|def|1\n|\n|upkeep\n|\n|t:|1700665484\n|switch|p2a: Scizor|Scizor, M|100\/100\n|turn|6\n|\n|t:|1700665488\n|move|p2a: Scizor|Bullet Punch|p1a: Kommo-o\n|-damage|p1a: Kommo-o|0 fnt\n|faint|p1a: Kommo-o\n|\n|upkeep\n|\n|t:|1700665493\n|switch|p1a: Samurott|Samurott-Hisui, F|100\/100\n|turn|7\n|\n|t:|1700665504\n|detailschange|p2a: Scizor|Scizor-Mega, M\n|-mega|p2a: Scizor|Scizor|Scizorite\n|move|p1a: Samurott|Ceaseless Edge|p2a: Scizor\n|-damage|p2a: Scizor|42\/100\n|-sidestart|p2: tensaiindustries|Spikes\n|move|p2a: Scizor|Swords Dance|p2a: Scizor\n|-boost|p2a: Scizor|atk|2\n|\n|upkeep\n|turn|8\n|\n|t:|1700665512\n|move|p2a: Scizor|Bullet Punch|p1a: Samurott\n|-resisted|p1a: Samurott\n|-damage|p1a: Samurott|56\/100\n|move|p1a: Samurott|Ceaseless Edge|p2a: Scizor\n|-damage|p2a: Scizor|0 fnt\n|-sidestart|p2: tensaiindustries|Spikes\n|faint|p2a: Scizor\n|\n|upkeep\n|\n|t:|1700665516\n|switch|p2a: Dragonite|Dragonite, M|100\/100\n|turn|9\n|\n|t:|1700665521\n|move|p1a: Samurott|Ceaseless Edge|p2a: Dragonite\n|-damage|p2a: Dragonite|68\/100\n|-sidestart|p2: tensaiindustries|Spikes\n|move|p2a: Dragonite|Curse|p2a: Dragonite\n|-unboost|p2a: Dragonite|spe|1\n|-boost|p2a: Dragonite|atk|1\n|-boost|p2a: Dragonite|def|1\n|\n|-heal|p2a: Dragonite|74\/100|[from] item: Leftovers\n|upkeep\n|turn|10\n|\n|t:|1700665532\n|switch|p1a: Slowbro|Slowbro-Galar, M|100\/100\n|move|p2a: Dragonite|Roost|p2a: Dragonite\n|-heal|p2a: Dragonite|100\/100\n|-singleturn|p2a: Dragonite|move: Roost\n|\n|upkeep\n|turn|11\n|\n|t:|1700665540\n|detailschange|p1a: Slowbro|Slowbro-Mega, M\n|-mega|p1a: Slowbro|Slowbro|Slowbronite\n|move|p2a: Dragonite|Curse|p2a: Dragonite\n|-unboost|p2a: Dragonite|spe|1\n|-boost|p2a: Dragonite|atk|1\n|-boost|p2a: Dragonite|def|1\n|move|p1a: Slowbro|Iron Defense|p1a: Slowbro\n|-boost|p1a: Slowbro|def|2\n|\n|upkeep\n|turn|12\n|\n|t:|1700665550\n|switch|p2a: Cresselia|Cresselia, F|100\/100\n|move|p1a: Slowbro|Iron Defense|p1a: Slowbro\n|-boost|p1a: Slowbro|def|2\n|\n|upkeep\n|turn|13\n|\n|t:|1700665557\n|move|p2a: Cresselia|Calm Mind|p2a: Cresselia\n|-boost|p2a: Cresselia|spa|1\n|-boost|p2a: Cresselia|spd|1\n|move|p1a: Slowbro|Scald|p2a: Cresselia\n|-damage|p2a: Cresselia|84\/100\n|\n|-heal|p2a: Cresselia|90\/100|[from] item: Leftovers\n|upkeep\n|turn|14\n|\n|t:|1700665565\n|move|p2a: Cresselia|Calm Mind|p2a: Cresselia\n|-boost|p2a: Cresselia|spa|1\n|-boost|p2a: Cresselia|spd|1\n|move|p1a: Slowbro|Iron Defense|p1a: Slowbro\n|-boost|p1a: Slowbro|def|2\n|\n|-heal|p2a: Cresselia|96\/100|[from] item: Leftovers\n|upkeep\n|turn|15\n|\n|t:|1700665572\n|move|p2a: Cresselia|Calm Mind|p2a: Cresselia\n|-boost|p2a: Cresselia|spa|1\n|-boost|p2a: Cresselia|spd|1\n|move|p1a: Slowbro|Body Press|p2a: Cresselia\n|-resisted|p2a: Cresselia\n|-damage|p2a: Cresselia|55\/100\n|\n|-heal|p2a: Cresselia|62\/100|[from] item: Leftovers\n|upkeep\n|turn|16\n|\n|t:|1700665582\n|move|p2a: Cresselia|Moonlight|p2a: Cresselia\n|-heal|p2a: Cresselia|100\/100\n|move|p1a: Slowbro|Body Press|p2a: Cresselia\n|-resisted|p2a: Cresselia\n|-damage|p2a: Cresselia|59\/100\n|\n|-heal|p2a: Cresselia|65\/100|[from] item: Leftovers\n|upkeep\n|turn|17\n|\n|t:|1700665590\n|move|p2a: Cresselia|Moonblast|p1a: Slowbro\n|-damage|p1a: Slowbro|55\/100\n|move|p1a: Slowbro|Body Press|p2a: Cresselia\n|-resisted|p2a: Cresselia\n|-damage|p2a: Cresselia|25\/100\n|\n|-heal|p2a: Cresselia|31\/100|[from] item: Leftovers\n|upkeep\n|turn|18\n|\n|t:|1700665598\n|switch|p1a: Samurott|Samurott-Hisui, F|56\/100\n|move|p2a: Cresselia|Moonlight|p2a: Cresselia\n|-heal|p2a: Cresselia|81\/100\n|\n|-heal|p2a: Cresselia|87\/100|[from] item: Leftovers\n|upkeep\n|turn|19\n|\n|t:|1700665608\n|-terastallize|p2a: Cresselia|Poison\n|move|p1a: Samurott|Ceaseless Edge|p2a: Cresselia|[miss]\n|-miss|p1a: Samurott|p2a: Cresselia\n|move|p2a: Cresselia|Moonblast|p1a: Samurott\n|-supereffective|p1a: Samurott\n|-damage|p1a: Samurott|0 fnt\n|faint|p1a: Samurott\n|\n|-heal|p2a: Cresselia|93\/100|[from] item: Leftovers\n|upkeep\n|\n|t:|1700665623\n|switch|p1a: Zamazenta|Zamazenta|100\/100\n|-ability|p1a: Zamazenta|Dauntless Shield|boost\n|-boost|p1a: Zamazenta|def|1\n|turn|20\n|\n|t:|1700665639\n|move|p1a: Zamazenta|Stone Edge|p2a: Cresselia\n|-damage|p2a: Cresselia|66\/100\n|move|p2a: Cresselia|Stored Power|p1a: Zamazenta\n|-supereffective|p1a: Zamazenta\n|-damage|p1a: Zamazenta|0 fnt\n|faint|p1a: Zamazenta\n|\n|-heal|p2a: Cresselia|72\/100|[from] item: Leftovers\n|upkeep\n|\n|t:|1700665663\n|switch|p1a: Rillaboom|Rillaboom, F|100\/100\n|-fieldstart|move: Grassy Terrain|[from] ability: Grassy Surge|[of] p1a: Rillaboom\n|turn|21\n|j| Floppy_Bananas\n|\n|t:|1700665686\n|move|p1a: Rillaboom|Knock Off|p2a: Cresselia\n|-damage|p2a: Cresselia|52\/100\n|-enditem|p2a: Cresselia|Leftovers|[from] move: Knock Off|[of] p1a: Rillaboom\n|move|p2a: Cresselia|Stored Power|p1a: Rillaboom\n|-damage|p1a: Rillaboom|0 fnt\n|faint|p1a: Rillaboom\n|\n|upkeep\n|\n|t:|1700665694\n|switch|p1a: Torterra|Torterra, F|100\/100\n|turn|22\n|\n|t:|1700665705\n|move|p2a: Cresselia|Stored Power|p1a: Torterra\n|-damage|p1a: Torterra|2\/100\n|move|p1a: Torterra|Shell Smash|p1a: Torterra\n|-unboost|p1a: Torterra|def|1\n|-unboost|p1a: Torterra|spd|1\n|-boost|p1a: Torterra|atk|2\n|-boost|p1a: Torterra|spa|2\n|-boost|p1a: Torterra|spe|2\n|\n|-heal|p1a: Torterra|8\/100|[from] Grassy Terrain\n|upkeep\n|turn|23\n|\n|t:|1700665715\n|-terastallize|p1a: Torterra|Grass\n|move|p1a: Torterra|Wood Hammer|p2a: Cresselia\n|-resisted|p2a: Cresselia\n|-damage|p2a: Cresselia|0 fnt\n|faint|p2a: Cresselia\n|-damage|p1a: Torterra|0 fnt|[from] Recoil\n|faint|p1a: Torterra\n|\n|upkeep\n|\n|t:|1700665728\n|switch|p2a: Dragonite|Dragonite, M|100\/100\n|switch|p1a: Slowbro|Slowbro-Mega, M|55\/100\n|turn|24\n|c|\u2606tensaiindustries|won by 2%...\n|\n|t:|1700665752\n|move|p2a: Dragonite|Curse|p2a: Dragonite\n|-unboost|p2a: Dragonite|spe|1\n|-boost|p2a: Dragonite|atk|1\n|-boost|p2a: Dragonite|def|1\n|move|p1a: Slowbro|Iron Defense|p1a: Slowbro\n|-boost|p1a: Slowbro|def|2\n|\n|-heal|p1a: Slowbro|61\/100|[from] Grassy Terrain\n|upkeep\n|turn|25\n|\n|t:|1700665759\n|move|p2a: Dragonite|Iron Head|p1a: Slowbro\n|-resisted|p1a: Slowbro\n|-damage|p1a: Slowbro|57\/100\n|cant|p1a: Slowbro|flinch\n|\n|-heal|p1a: Slowbro|63\/100|[from] Grassy Terrain\n|upkeep\n|turn|26\n|\n|t:|1700665766\n|move|p2a: Dragonite|Extreme Speed|p1a: Slowbro\n|-damage|p1a: Slowbro|53\/100\n|move|p1a: Slowbro|Iron Defense|p1a: Slowbro\n|-boost|p1a: Slowbro|def|2\n|\n|-heal|p1a: Slowbro|59\/100|[from] Grassy Terrain\n|upkeep\n|turn|27\n|\n|t:|1700665773\n|move|p2a: Dragonite|Curse|p2a: Dragonite\n|-unboost|p2a: Dragonite|spe|1\n|-boost|p2a: Dragonite|atk|1\n|-boost|p2a: Dragonite|def|1\n|move|p1a: Slowbro|Iron Defense|p1a: Slowbro\n|-boost|p1a: Slowbro|def|2\n|\n|-heal|p1a: Slowbro|65\/100|[from] Grassy Terrain\n|upkeep\n|turn|28\n|\n|t:|1700665782\n|move|p2a: Dragonite|Curse|p2a: Dragonite\n|-unboost|p2a: Dragonite|spe|1\n|-boost|p2a: Dragonite|atk|1\n|-boost|p2a: Dragonite|def|1\n|move|p1a: Slowbro|Scald|p2a: Dragonite\n|-resisted|p2a: Dragonite\n|-damage|p2a: Dragonite|93\/100\n|-status|p2a: Dragonite|brn\n|\n|-heal|p1a: Slowbro|71\/100|[from] Grassy Terrain\n|-heal|p2a: Dragonite|99\/100 brn|[from] item: Leftovers\n|-damage|p2a: Dragonite|93\/100 brn|[from] brn\n|-fieldend|move: Grassy Terrain\n|upkeep\n|turn|29\n|\n|t:|1700665795\n|move|p1a: Slowbro|Body Press|p2a: Dragonite\n|-resisted|p2a: Dragonite\n|-crit|p2a: Dragonite\n|-damage|p2a: Dragonite|0 fnt\n|faint|p2a: Dragonite\n|\n|win|bazhujiadenvfen\n|raw|bazhujiadenvfen's rating: 1643 &rarr; <strong>1669<\/strong><br \/>(+26 for winning)\n|raw|tensaiindustries's rating: 1752 &rarr; <strong>1726<\/strong><br \/>(-26 for losing)\n|c|\u2606tensaiindustries|lmao\n|c|\u2606tensaiindustries|nice\n|c|\u2606tensaiindustries|go play the lottery\n|l|\u2606tensaiindustries\n","uploadtime":1700665833,"views":5,"p1id":"bazhujiadenvfen","p2id":"tensaiindustries","formatid":"gen9nationaldex","rating":1669,"private":0,"password":""}