{"id":"gen9nationaldex-1987623953","p1":"rnadom bullshit go","p2":"steals many wives","format":"[Gen 9] National Dex","log":"|j|\u2606rnadom bullshit go\n|j|\u2606steals many wives\n|t:|1699620963\n|gametype|singles\n|player|p1|rnadom bullshit go|wallace|1087\n|player|p2|steals many wives|waitress|1042\n|teamsize|p1|6\n|teamsize|p2|6\n|gen|9\n|tier|[Gen 9] National Dex\n|rated|\n|rule|HP Percentage Mod: HP is shown in percentages\n|rule|Endless Battle Clause: Forcing endless battles is banned\n|rule|OHKO Clause: OHKO moves are banned\n|rule|Evasion Clause: Evasion abilities, items, and moves are banned\n|rule|Evasion Abilities Clause: Evasion abilities are banned\n|rule|Evasion Items Clause: Evasion items are banned\n|rule|Evasion Moves Clause: Evasion moves are banned\n|rule|Species Clause: Limit one of each Pok\u00e9mon\n|rule|Sleep Clause Mod: Limit one foe put to sleep\n|clearpoke\n|poke|p1|Aegislash, M|\n|poke|p1|Xurkitree|\n|poke|p1|Corviknight, F|\n|poke|p1|Clodsire, F|\n|poke|p1|Kartana|\n|poke|p1|Rotom-Wash|\n|poke|p2|Torterra, F|\n|poke|p2|Excadrill, M|\n|poke|p2|Clodsire, M|\n|poke|p2|Gastrodon, F|\n|poke|p2|Mudsdale, F|\n|poke|p2|Camerupt, M|\n|teampreview\n|\n|t:|1699620971\n|start\n|switch|p1a: Aegislash|Aegislash, M|100\/100\n|switch|p2a: Vesuvius|Camerupt, M|100\/100\n|turn|1\n|\n|t:|1699620988\n|detailschange|p2a: Vesuvius|Camerupt-Mega, M\n|-mega|p2a: Vesuvius|Camerupt|Cameruptite\n|move|p1a: Aegislash|Protect|p1a: Aegislash\n|-singleturn|p1a: Aegislash|Protect\n|move|p2a: Vesuvius|Flamethrower|p1a: Aegislash\n|-activate|p1a: Aegislash|move: Protect\n|\n|upkeep\n|turn|2\n|\n|t:|1699621000\n|switch|p1a: Rotom|Rotom-Wash|100\/100\n|move|p2a: Vesuvius|Yawn|p1a: Rotom\n|-start|p1a: Rotom|move: Yawn|[of] p2a: Vesuvius\n|\n|upkeep\n|turn|3\n|\n|t:|1699621009\n|switch|p2a: The Slimy One|Gastrodon, F|100\/100\n|move|p1a: Rotom|Trick|p2a: The Slimy One\n|-activate|p1a: Rotom|move: Trick|[of] p2a: The Slimy One\n|-item|p2a: The Slimy One|Choice Scarf|[from] move: Trick\n|-item|p1a: Rotom|Leftovers|[from] move: Trick\n|\n|-end|p1a: Rotom|move: Yawn|[silent]\n|-status|p1a: Rotom|slp\n|upkeep\n|turn|4\n|c|\u2606steals many wives|oh, that's clever\n|\n|t:|1699621023\n|switch|p1a: Daisy|Corviknight, F|100\/100\n|switch|p2a: Tortellini|Torterra, F|100\/100\n|\n|upkeep\n|turn|5\n|\n|t:|1699621034\n|switch|p2a: Vesuvius|Camerupt-Mega, M|100\/100\n|move|p1a: Daisy|Taunt|p2a: Vesuvius\n|-start|p2a: Vesuvius|move: Taunt\n|\n|upkeep\n|turn|6\n|\n|t:|1699621045\n|switch|p1a: Destroyer|Clodsire, F|100\/100\n|move|p2a: Vesuvius|Flamethrower|p1a: Destroyer\n|-damage|p1a: Destroyer|70\/100\n|\n|-heal|p1a: Destroyer|77\/100|[from] item: Leftovers\n|upkeep\n|turn|7\n|\n|t:|1699621058\n|move|p1a: Destroyer|Earthquake|p2a: Vesuvius\n|-supereffective|p2a: Vesuvius\n|-damage|p2a: Vesuvius|46\/100\n|move|p2a: Vesuvius|Earth Power|p1a: Destroyer\n|-supereffective|p1a: Destroyer\n|-damage|p1a: Destroyer|16\/100\n|\n|-heal|p1a: Destroyer|23\/100|[from] item: Leftovers\n|-end|p2a: Vesuvius|move: Taunt\n|upkeep\n|turn|8\n|\n|t:|1699621069\n|move|p1a: Destroyer|Earthquake|p2a: Vesuvius\n|-supereffective|p2a: Vesuvius\n|-damage|p2a: Vesuvius|0 fnt\n|faint|p2a: Vesuvius\n|\n|-heal|p1a: Destroyer|29\/100|[from] item: Leftovers\n|upkeep\n|\n|t:|1699621081\n|switch|p2a: Drilliam Wallace|Excadrill, M|100\/100\n|-ability|p2a: Drilliam Wallace|Mold Breaker\n|turn|9\n|inactive|Battle timer is ON: inactive players will automatically lose when time's up. (requested by steals many wives)\n|c|\u2606rnadom bullshit go|i actually didnt mean to predict that rotom trick on gastrodon ngl ..\n|\n|t:|1699621114\n|switch|p1a: Daisy|Corviknight, F|100\/100\n|move|p2a: Drilliam Wallace|Earthquake|p1a: Daisy\n|-immune|p1a: Daisy\n|\n|upkeep\n|turn|10\n|c|\u2606steals many wives|man, corviknight is annoying\n|\n|t:|1699621139\n|switch|p2a: Thicc|Mudsdale, F|100\/100\n|switch|p1a: Aegislash|Aegislash, M|100\/100\n|\n|upkeep\n|turn|11\n|\n|t:|1699621146\n|move|p1a: Aegislash|Swagger|p2a: Thicc\n|-boost|p2a: Thicc|atk|2\n|-start|p2a: Thicc|confusion\n|-activate|p2a: Thicc|confusion\n|-damage|p2a: Thicc|88\/100|[from] confusion\n|\n|-heal|p2a: Thicc|94\/100|[from] item: Leftovers\n|upkeep\n|turn|12\n|\n|t:|1699621164\n|move|p1a: Aegislash|Protect|p1a: Aegislash\n|-singleturn|p1a: Aegislash|Protect\n|-activate|p2a: Thicc|confusion\n|move|p2a: Thicc|Iron Defense|p2a: Thicc\n|-boost|p2a: Thicc|def|2\n|\n|-heal|p2a: Thicc|99\/100|[from] item: Leftovers\n|upkeep\n|turn|13\n|\n|t:|1699621181\n|switch|p1a: Xurkitree|Xurkitree|100\/100\n|-activate|p2a: Thicc|confusion\n|move|p2a: Thicc|Earthquake|p1a: Xurkitree\n|-supereffective|p1a: Xurkitree\n|-damage|p1a: Xurkitree|0 fnt\n|faint|p1a: Xurkitree\n|\n|-heal|p2a: Thicc|100\/100|[from] item: Leftovers\n|upkeep\n|c|\u2606rnadom bullshit go|c r a p\n|inactive|rnadom bullshit go has 120 seconds left.\n|c|\u2606steals many wives|LETS GO MUDSDALE\n|\n|t:|1699621199\n|switch|p1a: Rotom|Rotom-Wash|100\/100 slp\n|turn|14\n|inactive|rnadom bullshit go has 120 seconds left.\n|\n|t:|1699621217\n|switch|p1a: Kartana|Kartana|100\/100\n|-activate|p2a: Thicc|confusion\n|move|p2a: Thicc|Smack Down|p1a: Kartana\n|-resisted|p1a: Kartana\n|-damage|p1a: Kartana|88\/100\n|\n|upkeep\n|turn|15\n|inactive|rnadom bullshit go has 120 seconds left.\n|\n|t:|1699621229\n|move|p1a: Kartana|Knock Off|p2a: Thicc\n|-damage|p2a: Thicc|91\/100\n|-ability|p2a: Thicc|Stamina|boost\n|-boost|p2a: Thicc|def|1\n|-enditem|p2a: Thicc|Leftovers|[from] move: Knock Off|[of] p1a: Kartana\n|-end|p2a: Thicc|confusion\n|move|p2a: Thicc|Body Press|p1a: Kartana\n|-supereffective|p1a: Kartana\n|-damage|p1a: Kartana|0 fnt\n|faint|p1a: Kartana\n|\n|upkeep\n|c|\u2606steals many wives|I came prepared for fliers\n|\n|t:|1699621248\n|switch|p1a: Aegislash|Aegislash, M|100\/100\n|turn|16\n|\n|t:|1699621275\n|-formechange|p1a: Aegislash|Aegislash-Blade||[from] ability: Stance Change\n|move|p1a: Aegislash|Air Slash|p2a: Thicc\n|-damage|p2a: Thicc|67\/100\n|-ability|p2a: Thicc|Stamina|boost\n|-boost|p2a: Thicc|def|1\n|cant|p2a: Thicc|flinch\n|\n|upkeep\n|turn|17\n|inactive|rnadom bullshit go has 120 seconds left.\n|\n|t:|1699621290\n|move|p1a: Aegislash|Air Slash|p2a: Thicc\n|-damage|p2a: Thicc|45\/100\n|-ability|p2a: Thicc|Stamina|boost\n|-boost|p2a: Thicc|def|1\n|cant|p2a: Thicc|flinch\n|\n|upkeep\n|turn|18\n|c|\u2606steals many wives|bruh\n|c|\u2606rnadom bullshit go|oh my god\n|\n|t:|1699621308\n|move|p1a: Aegislash|Protect|p1a: Aegislash\n|-singleturn|p1a: Aegislash|Protect\n|move|p2a: Thicc|Earthquake|p1a: Aegislash\n|-activate|p1a: Aegislash|move: Protect\n|\n|upkeep\n|turn|19\n|\n|t:|1699621316\n|switch|p1a: Rotom|Rotom-Wash|100\/100 slp\n|move|p2a: Thicc|Earthquake|p1a: Rotom\n|-immune|p1a: Rotom|[from] ability: Levitate\n|\n|upkeep\n|turn|20\n|\n|t:|1699621327\n|cant|p1a: Rotom|slp\n|move|p2a: Thicc|Smack Down|p1a: Rotom\n|-damage|p1a: Rotom|61\/100 slp\n|-start|p1a: Rotom|Smack Down\n|\n|-heal|p1a: Rotom|67\/100 slp|[from] item: Leftovers\n|upkeep\n|turn|21\n|\n|t:|1699621340\n|switch|p1a: Daisy|Corviknight, F|100\/100\n|move|p2a: Thicc|Body Press|p1a: Daisy\n|-damage|p1a: Daisy|52\/100\n|\n|-heal|p1a: Daisy|58\/100|[from] item: Leftovers\n|upkeep\n|turn|22\n|\n|t:|1699621349\n|move|p1a: Daisy|Brave Bird|p2a: Thicc\n|-damage|p2a: Thicc|39\/100\n|-ability|p2a: Thicc|Stamina|boost\n|-boost|p2a: Thicc|def|1\n|-damage|p1a: Daisy|56\/100|[from] Recoil\n|move|p2a: Thicc|Body Press|p1a: Daisy\n|-damage|p1a: Daisy|0 fnt\n|faint|p1a: Daisy\n|\n|upkeep\n|\n|t:|1699621359\n|switch|p1a: Aegislash|Aegislash, M|100\/100\n|turn|23\n|c|\u2606steals many wives|MUDSDALE FROM THE TOP ROPES\n|\n|t:|1699621364\n|-formechange|p1a: Aegislash|Aegislash-Blade||[from] ability: Stance Change\n|move|p1a: Aegislash|Air Slash|p2a: Thicc\n|-crit|p2a: Thicc\n|-damage|p2a: Thicc|3\/100\n|move|p2a: Thicc|Earthquake|p1a: Aegislash\n|-supereffective|p1a: Aegislash\n|-damage|p1a: Aegislash|0 fnt\n|faint|p1a: Aegislash\n|\n|upkeep\n|inactive|rnadom bullshit go has 120 seconds left.\n|\n|t:|1699621376\n|switch|p1a: Destroyer|Clodsire, F|29\/100\n|turn|24\n|inactive|rnadom bullshit go has 120 seconds left.\n|\n|t:|1699621385\n|move|p2a: Thicc|Earthquake|p1a: Destroyer\n|-supereffective|p1a: Destroyer\n|-damage|p1a: Destroyer|0 fnt\n|faint|p1a: Destroyer\n|\n|upkeep\n|inactive|rnadom bullshit go has 120 seconds left.\n|\n|t:|1699621390\n|switch|p1a: Rotom|Rotom-Wash|67\/100 slp\n|turn|25\n|inactive|rnadom bullshit go has 120 seconds left.\n|c|\u2606steals many wives|I almost feel bad\n|c|\u2606rnadom bullshit go|nothig i can do here\n|c|\u2606steals many wives|Almost\n|c|\u2606rnadom bullshit go|i was hoping muds would get confused so i can hidden power ice ,,\n|c|\u2606steals many wives|Ah\n|inactive|rnadom bullshit go has 90 seconds left.\n|\n|t:|1699621432\n|-terastallize|p1a: Rotom|Ghost\n|-curestatus|p1a: Rotom|slp|[msg]\n|move|p1a: Rotom|Volt Switch|p2a: Thicc\n|-immune|p2a: Thicc\n|move|p2a: Thicc|Smack Down|p1a: Rotom\n|-damage|p1a: Rotom|30\/100\n|-start|p1a: Rotom|Smack Down\n|\n|-heal|p1a: Rotom|36\/100|[from] item: Leftovers\n|upkeep\n|turn|26\n|inactive|rnadom bullshit go has 90 seconds left.\n|c|\u2606rnadom bullshit go|ggs\n|\n|t:|1699621448\n|move|p1a: Rotom|Volt Switch|p2a: Thicc\n|-immune|p2a: Thicc\n|move|p2a: Thicc|Earthquake|p1a: Rotom\n|-damage|p1a: Rotom|0 fnt\n|faint|p1a: Rotom\n|\n|win|steals many wives\n|raw|rnadom bullshit go's rating: 1087 &rarr; <strong>1061<\/strong><br \/>(-26 for losing)\n|raw|steals many wives's rating: 1042 &rarr; <strong>1080<\/strong><br \/>(+38 for winning)\n|l|\u2606rnadom bullshit go\n|c|\u2606steals many wives|I didn't even get to show off Torterra\n","uploadtime":1699621464,"views":4,"p1id":"rnadombullshitgo","p2id":"stealsmanywives","formatid":"gen9nationaldex","rating":1061,"private":0,"password":""}