{"id":"gen9nationaldex-1995751169","p1":"renrenrenrenrenren","p2":"Arzur23","format":"[Gen 9] National Dex","log":"|html|<div class=\"broadcast-blue\"><strong>[Gen 9] National Dex is currently suspecting Sneasler! For information on how to participate check out the <a href=\"https:\/\/www.smogon.com\/forums\/threads\/sv-national-dex-suspect-8-just-dance.3731534\/\">suspect thread<\/a>.<\/strong><\/div>\n|j|\u2606renrenrenrenrenren\n|j|\u2606Arzur23\n|t:|1700599735\n|gametype|singles\n|player|p1|renrenrenrenrenren|lady|1361\n|player|p2|Arzur23|steven|1249\n|teamsize|p1|6\n|teamsize|p2|6\n|gen|9\n|tier|[Gen 9] National Dex\n|rated|\n|rule|HP Percentage Mod: HP is shown in percentages\n|rule|Endless Battle Clause: Forcing endless battles is banned\n|rule|OHKO Clause: OHKO moves are banned\n|rule|Evasion Clause: Evasion abilities, items, and moves are banned\n|rule|Evasion Abilities Clause: Evasion abilities are banned\n|rule|Evasion Items Clause: Evasion items are banned\n|rule|Evasion Moves Clause: Evasion moves are banned\n|rule|Species Clause: Limit one of each Pok\u00e9mon\n|rule|Sleep Clause Mod: Limit one foe put to sleep\n|clearpoke\n|poke|p1|Serperior, F|\n|poke|p1|Beedrill, M|\n|poke|p1|Cloyster, M|\n|poke|p1|Ninetales-Alola, F|\n|poke|p1|Heatran, M|\n|poke|p1|Doublade, F|\n|poke|p2|Goodra-Hisui, F|\n|poke|p2|Ceruledge, F|\n|poke|p2|Garganacl, F|\n|poke|p2|Dragonite, M|\n|poke|p2|Ogerpon-Wellspring, F|\n|poke|p2|Polteageist|\n|teampreview\n|inactive|Battle timer is ON: inactive players will automatically lose when time's up. (requested by renrenrenrenrenren)\n|\n|t:|1700599746\n|start\n|switch|p1a: Ninetales|Ninetales-Alola, F, shiny|100\/100\n|switch|p2a: Polteageist|Polteageist|100\/100\n|-weather|Snow|[from] ability: Snow Warning|[of] p1a: Ninetales\n|turn|1\n|\n|t:|1700599751\n|move|p1a: Ninetales|Aurora Veil|p1a: Ninetales\n|-sidestart|p1: renrenrenrenrenren|move: Aurora Veil\n|move|p2a: Polteageist|Shell Smash|p2a: Polteageist\n|-unboost|p2a: Polteageist|def|1\n|-unboost|p2a: Polteageist|spd|1\n|-boost|p2a: Polteageist|atk|2\n|-boost|p2a: Polteageist|spa|2\n|-boost|p2a: Polteageist|spe|2\n|\n|-weather|Snow|[upkeep]\n|upkeep\n|turn|2\n|\n|t:|1700599757\n|move|p2a: Polteageist|Shell Smash|p2a: Polteageist\n|-unboost|p2a: Polteageist|def|1\n|-unboost|p2a: Polteageist|spd|1\n|-boost|p2a: Polteageist|atk|2\n|-boost|p2a: Polteageist|spa|2\n|-boost|p2a: Polteageist|spe|2\n|move|p1a: Ninetales|Blizzard|p2a: Polteageist\n|-damage|p2a: Polteageist|2\/100\n|\n|-weather|Snow|[upkeep]\n|upkeep\n|turn|3\n|\n|t:|1700599770\n|move|p2a: Polteageist|Stored Power|p1a: Ninetales\n|-damage|p1a: Ninetales|0 fnt\n|faint|p1a: Ninetales\n|\n|-weather|Snow|[upkeep]\n|upkeep\n|\n|t:|1700599774\n|switch|p1a: Doublade|Doublade, F, shiny|100\/100\n|turn|4\n|\n|t:|1700599780\n|move|p1a: Doublade|Shadow Sneak|p2a: Polteageist\n|-supereffective|p2a: Polteageist\n|-damage|p2a: Polteageist|0 fnt\n|faint|p2a: Polteageist\n|\n|-weather|Snow|[upkeep]\n|upkeep\n|\n|t:|1700599784\n|switch|p2a: Ceruledge|Ceruledge, F|100\/100\n|turn|5\n|\n|t:|1700599788\n|move|p2a: Ceruledge|Bitter Blade|p1a: Doublade\n|-supereffective|p1a: Doublade\n|-damage|p1a: Doublade|77\/100\n|move|p1a: Doublade|Swords Dance|p1a: Doublade\n|-boost|p1a: Doublade|atk|2\n|\n|-weather|none\n|upkeep\n|turn|6\n|\n|t:|1700599796\n|switch|p2a: Garganacl|Garganacl, F|100\/100\n|move|p1a: Doublade|Shadow Sneak|p2a: Garganacl\n|-damage|p2a: Garganacl|88\/100\n|\n|-heal|p2a: Garganacl|95\/100|[from] item: Leftovers\n|upkeep\n|turn|7\n|\n|t:|1700599801\n|move|p2a: Garganacl|Salt Cure|p1a: Doublade\n|-resisted|p1a: Doublade\n|-damage|p1a: Doublade|75\/100\n|-start|p1a: Doublade|Salt Cure\n|move|p1a: Doublade|Gyro Ball|p2a: Garganacl\n|-supereffective|p2a: Garganacl\n|-crit|p2a: Garganacl\n|-damage|p2a: Garganacl|25\/100\n|\n|-heal|p2a: Garganacl|31\/100|[from] item: Leftovers\n|-damage|p1a: Doublade|50\/100|[from] Salt Cure\n|upkeep\n|turn|8\n|\n|t:|1700599812\n|move|p2a: Garganacl|Recover|p2a: Garganacl\n|-heal|p2a: Garganacl|81\/100\n|move|p1a: Doublade|Sacred Sword|p2a: Garganacl\n|-supereffective|p2a: Garganacl\n|-damage|p2a: Garganacl|10\/100\n|\n|-heal|p2a: Garganacl|16\/100|[from] item: Leftovers\n|-damage|p1a: Doublade|25\/100|[from] Salt Cure\n|-sideend|p1: renrenrenrenrenren|move: Aurora Veil\n|upkeep\n|turn|9\n|\n|t:|1700599818\n|move|p1a: Doublade|Shadow Sneak|p2a: Garganacl\n|-damage|p2a: Garganacl|4\/100\n|move|p2a: Garganacl|Recover|p2a: Garganacl\n|-heal|p2a: Garganacl|54\/100\n|\n|-heal|p2a: Garganacl|61\/100|[from] item: Leftovers\n|-damage|p1a: Doublade|0 fnt|[from] Salt Cure\n|faint|p1a: Doublade\n|upkeep\n|\n|t:|1700599822\n|switch|p1a: Murderer|Serperior, F|100\/100\n|turn|10\n|\n|t:|1700599832\n|switch|p2a: Ceruledge|Ceruledge, F|100\/100\n|move|p1a: Murderer|Leaf Storm|p2a: Ceruledge\n|-resisted|p2a: Ceruledge\n|-damage|p2a: Ceruledge|74\/100\n|-boost|p1a: Murderer|spa|2\n|\n|upkeep\n|turn|11\n|\n|t:|1700599839\n|switch|p1a: Heatran|Heatran, M|100\/100\n|move|p2a: Ceruledge|Bitter Blade|p1a: Heatran\n|-start|p1a: Heatran|ability: Flash Fire\n|\n|upkeep\n|turn|12\n|\n|t:|1700599847\n|move|p2a: Ceruledge|Swords Dance|p2a: Ceruledge\n|-boost|p2a: Ceruledge|atk|2\n|move|p1a: Heatran|Earth Power|p2a: Ceruledge\n|-supereffective|p2a: Ceruledge\n|-damage|p2a: Ceruledge|17\/100\n|\n|upkeep\n|turn|13\n|\n|t:|1700599854\n|move|p2a: Ceruledge|Close Combat|p1a: Heatran\n|-supereffective|p1a: Heatran\n|-damage|p1a: Heatran|0 fnt\n|-unboost|p2a: Ceruledge|def|1\n|-unboost|p2a: Ceruledge|spd|1\n|faint|p1a: Heatran\n|\n|upkeep\n|\n|t:|1700599861\n|switch|p1a: slept on|Cloyster, M|100\/100\n|turn|14\n|\n|t:|1700599866\n|move|p2a: Ceruledge|Close Combat|p1a: slept on\n|-supereffective|p1a: slept on\n|-enditem|p1a: slept on|Focus Sash\n|-damage|p1a: slept on|1\/100\n|-unboost|p2a: Ceruledge|def|1\n|-unboost|p2a: Ceruledge|spd|1\n|move|p1a: slept on|Shell Smash|p1a: slept on\n|-unboost|p1a: slept on|def|1\n|-unboost|p1a: slept on|spd|1\n|-boost|p1a: slept on|atk|2\n|-boost|p1a: slept on|spa|2\n|-boost|p1a: slept on|spe|2\n|\n|upkeep\n|turn|15\n|\n|t:|1700599874\n|move|p2a: Ceruledge|Shadow Sneak|p1a: slept on\n|-damage|p1a: slept on|0 fnt\n|faint|p1a: slept on\n|\n|upkeep\n|\n|t:|1700599877\n|switch|p1a: Murderer|Serperior, F|100\/100\n|turn|16\n|\n|t:|1700599887\n|-terastallize|p1a: Murderer|Ground\n|move|p1a: Murderer|Leaf Storm|p2a: Ceruledge\n|-resisted|p2a: Ceruledge\n|-damage|p2a: Ceruledge|0 fnt\n|-boost|p1a: Murderer|spa|2\n|faint|p2a: Ceruledge\n|\n|upkeep\n|\n|t:|1700599891\n|switch|p2a: Ogerpon|Ogerpon-Wellspring, F|100\/100\n|turn|17\n|\n|t:|1700599899\n|move|p1a: Murderer|Leaf Storm|p2a: Ogerpon\n|-damage|p2a: Ogerpon|0 fnt\n|-boost|p1a: Murderer|spa|2\n|faint|p2a: Ogerpon\n|\n|upkeep\n|\n|t:|1700599907\n|switch|p2a: Goodra|Goodra-Hisui, F|100\/100\n|turn|18\n|\n|t:|1700599912\n|move|p1a: Murderer|Leaf Storm|p2a: Goodra\n|-resisted|p2a: Goodra\n|-damage|p2a: Goodra|82\/100\n|-boost|p1a: Murderer|spa|2\n|move|p2a: Goodra|Flash Cannon|p1a: Murderer\n|-damage|p1a: Murderer|61\/100\n|\n|-heal|p2a: Goodra|88\/100|[from] item: Leftovers\n|upkeep\n|turn|19\n|\n|t:|1700599915\n|move|p1a: Murderer|Leaf Storm|p2a: Goodra\n|-resisted|p2a: Goodra\n|-damage|p2a: Goodra|62\/100\n|move|p2a: Goodra|Flash Cannon|p1a: Murderer\n|-damage|p1a: Murderer|22\/100\n|\n|-heal|p2a: Goodra|68\/100|[from] item: Leftovers\n|upkeep\n|turn|20\n|\n|t:|1700599917\n|move|p1a: Murderer|Leaf Storm|p2a: Goodra\n|-resisted|p2a: Goodra\n|-damage|p2a: Goodra|43\/100\n|move|p2a: Goodra|Flash Cannon|p1a: Murderer\n|-damage|p1a: Murderer|0 fnt\n|faint|p1a: Murderer\n|\n|-heal|p2a: Goodra|49\/100|[from] item: Leftovers\n|upkeep\n|\n|t:|1700599923\n|switch|p1a: Beedrill|Beedrill, M|100\/100\n|turn|21\n|\n|t:|1700599928\n|detailschange|p1a: Beedrill|Beedrill-Mega, M\n|-mega|p1a: Beedrill|Beedrill|Beedrillite\n|move|p1a: Beedrill|Drill Run|p2a: Goodra\n|-supereffective|p2a: Goodra\n|-damage|p2a: Goodra|1\/100\n|move|p2a: Goodra|Flamethrower|p1a: Beedrill\n|-supereffective|p1a: Beedrill\n|-damage|p1a: Beedrill|34\/100\n|\n|-heal|p2a: Goodra|7\/100|[from] item: Leftovers\n|upkeep\n|turn|22\n|\n|t:|1700599936\n|move|p1a: Beedrill|Fell Stinger|p2a: Goodra\n|-resisted|p2a: Goodra\n|-damage|p2a: Goodra|0 fnt\n|faint|p2a: Goodra\n|-boost|p1a: Beedrill|atk|3\n|\n|upkeep\n|\n|t:|1700599939\n|switch|p2a: Garganacl|Garganacl, F|61\/100\n|turn|23\n|\n|t:|1700599942\n|move|p1a: Beedrill|Drill Run|p2a: Garganacl\n|-supereffective|p2a: Garganacl\n|-damage|p2a: Garganacl|0 fnt\n|faint|p2a: Garganacl\n|\n|upkeep\n|\n|t:|1700599945\n|switch|p2a: Dragonite|Dragonite, M|100\/100\n|turn|24\n|\n|t:|1700599950\n|move|p1a: Beedrill|Knock Off|p2a: Dragonite\n|-damage|p2a: Dragonite|48\/100\n|-enditem|p2a: Dragonite|Heavy-Duty Boots|[from] move: Knock Off|[of] p1a: Beedrill\n|move|p2a: Dragonite|Earthquake|p1a: Beedrill\n|-damage|p1a: Beedrill|0 fnt\n|faint|p1a: Beedrill\n|\n|win|Arzur23\n|raw|renrenrenrenrenren's rating: 1361 &rarr; <strong>1335<\/strong><br \/>(-26 for losing)\n|raw|Arzur23's rating: 1249 &rarr; <strong>1282<\/strong><br \/>(+33 for winning)\n|l|\u2606renrenrenrenrenren\n","uploadtime":1700599959,"views":0,"p1id":"renrenrenrenrenren","p2id":"arzur23","formatid":"gen9nationaldex","rating":1282,"private":0,"password":""}