{"id":"gen9nationaldex-1991498423","p1":"llamakin15","p2":"ansariboss","format":"[Gen 9] National Dex","log":"|j|\u2606llamakin15\n|j|\u2606ansariboss\n|t:|1700082454\n|gametype|singles\n|player|p1|llamakin15|lyra|\n|player|p2|ansariboss|1|\n|teamsize|p1|6\n|teamsize|p2|6\n|gen|9\n|tier|[Gen 9] National Dex\n|rule|HP Percentage Mod: HP is shown in percentages\n|rule|Endless Battle Clause: Forcing endless battles is banned\n|rule|OHKO Clause: OHKO moves are banned\n|rule|Evasion Clause: Evasion abilities, items, and moves are banned\n|rule|Evasion Abilities Clause: Evasion abilities are banned\n|rule|Evasion Items Clause: Evasion items are banned\n|rule|Evasion Moves Clause: Evasion moves are banned\n|rule|Species Clause: Limit one of each Pok\u00e9mon\n|rule|Sleep Clause Mod: Limit one foe put to sleep\n|clearpoke\n|poke|p1|Lopunny, M|\n|poke|p1|Arcanine-Hisui, M|\n|poke|p1|Landorus-Therian, M|\n|poke|p1|Samurott-Hisui, M|\n|poke|p1|Iron Jugulis|\n|poke|p1|Tapu Fini|\n|poke|p2|Corsola-Galar, F|\n|poke|p2|Sableye, M|\n|poke|p2|Aegislash, M|\n|poke|p2|Jellicent, F|\n|poke|p2|Mimikyu, M|\n|poke|p2|Gengar, M|\n|teampreview\n|c|\u2606llamakin15|good luck :D\n|c|\u2606ansariboss|ill need it xd\n|c|\u2606ansariboss|u2 tho\n|\n|t:|1700082474\n|start\n|switch|p1a: Lopunny|Lopunny, M|100\/100\n|switch|p2a: Corsola|Corsola-Galar, F, shiny|100\/100\n|turn|1\n|\n|t:|1700082488\n|detailschange|p1a: Lopunny|Lopunny-Mega, M\n|-mega|p1a: Lopunny|Lopunny|Lopunnite\n|move|p1a: Lopunny|Fake Out|p2a: Corsola\n|-damage|p2a: Corsola|90\/100\n|cant|p2a: Corsola|flinch\n|\n|upkeep\n|turn|2\n|\n|t:|1700082496\n|switch|p1a: A Good Boy|Arcanine-Hisui, M|100\/100\n|move|p2a: Corsola|Stealth Rock|p1a: A Good Boy\n|-sidestart|p1: llamakin15|move: Stealth Rock\n|\n|upkeep\n|turn|3\n|\n|t:|1700082509\n|switch|p2a: Jellicent|Jellicent, F, shiny|100\/100\n|move|p1a: A Good Boy|Head Smash|p2a: Jellicent\n|-damage|p2a: Jellicent|0 fnt\n|faint|p2a: Jellicent\n|\n|upkeep\n|\n|t:|1700082537\n|switch|p2a: Mimikyu|Mimikyu, M, shiny|100\/100\n|turn|4\n|\n|t:|1700082550\n|move|p2a: Mimikyu|Swords Dance|p2a: Mimikyu\n|-boost|p2a: Mimikyu|atk|2\n|move|p1a: A Good Boy|Head Smash|p2a: Mimikyu\n|-activate|p2a: Mimikyu|ability: Disguise\n|-damage|p2a: Mimikyu|100\/100\n|detailschange|p2a: Mimikyu|Mimikyu-Busted, M, shiny\n|-damage|p2a: Mimikyu|88\/100|[from] pokemon: Mimikyu-Busted\n|\n|upkeep\n|turn|5\n|\n|t:|1700082581\n|switch|p1a: Tapu Fini|Tapu Fini|100\/100\n|-damage|p1a: Tapu Fini|88\/100|[from] Stealth Rock\n|-fieldstart|move: Misty Terrain|[from] ability: Misty Surge|[of] p1a: Tapu Fini\n|move|p2a: Mimikyu|Play Rough|p1a: Tapu Fini\n|-damage|p1a: Tapu Fini|11\/100\n|-damage|p2a: Mimikyu|78\/100|[from] item: Life Orb\n|\n|-heal|p1a: Tapu Fini|17\/100|[from] item: Leftovers\n|upkeep\n|turn|6\n|\n|t:|1700082598\n|move|p2a: Mimikyu|Shadow Sneak|p1a: Tapu Fini\n|-damage|p1a: Tapu Fini|0 fnt\n|faint|p1a: Tapu Fini\n|-damage|p2a: Mimikyu|68\/100|[from] item: Life Orb\n|\n|upkeep\n|\n|t:|1700082607\n|switch|p1a: Samurott|Samurott-Hisui, M|100\/100\n|-damage|p1a: Samurott|88\/100|[from] Stealth Rock\n|turn|7\n|\n|t:|1700082631\n|switch|p2a: Corsola|Corsola-Galar, F, shiny|90\/100\n|move|p1a: Samurott|Razor Shell|p2a: Corsola\n|-damage|p2a: Corsola|63\/100\n|-unboost|p2a: Corsola|def|1\n|-start|p1a: Samurott|Disable|Razor Shell|[from] ability: Cursed Body|[of] p2a: Corsola\n|\n|upkeep\n|turn|8\n|\n|t:|1700082664\n|switch|p1a: Landorus|Landorus-Therian, M|100\/100\n|-damage|p1a: Landorus|88\/100|[from] Stealth Rock\n|-ability|p1a: Landorus|Intimidate|boost\n|-unboost|p2a: Corsola|atk|1\n|move|p2a: Corsola|Will-O-Wisp|p1a: Landorus\n|-status|p1a: Landorus|brn\n|\n|-heal|p1a: Landorus|94\/100 brn|[from] item: Leftovers\n|-damage|p1a: Landorus|88\/100 brn|[from] brn\n|upkeep\n|turn|9\n|\n|t:|1700082676\n|move|p1a: Landorus|Defog|p2a: Corsola\n|-unboost|p2a: Corsola|evasion|1\n|-sideend|p1: llamakin15|Stealth Rock|[from] move: Defog|[of] p1a: Landorus\n|-fieldend|Misty Terrain\n|move|p2a: Corsola|Strength Sap|p1a: Landorus\n|-unboost|p1a: Landorus|atk|1\n|-heal|p2a: Corsola|100\/100\n|\n|-heal|p1a: Landorus|94\/100 brn|[from] item: Leftovers\n|-damage|p1a: Landorus|88\/100 brn|[from] brn\n|upkeep\n|turn|10\n|\n|t:|1700082688\n|switch|p1a: Iron Jugulis|Iron Jugulis|100\/100\n|move|p2a: Corsola|Night Shade|p1a: Iron Jugulis\n|-damage|p1a: Iron Jugulis|70\/100\n|\n|upkeep\n|turn|11\n|\n|t:|1700082695\n|move|p1a: Iron Jugulis|Dark Pulse|p2a: Corsola\n|-supereffective|p2a: Corsola\n|-damage|p2a: Corsola|12\/100\n|-start|p1a: Iron Jugulis|Disable|Dark Pulse|[from] ability: Cursed Body|[of] p2a: Corsola\n|cant|p2a: Corsola|flinch\n|\n|upkeep\n|turn|12\n|\n|t:|1700082719\n|-activate|p1a: Iron Jugulis|move: Struggle\n|move|p1a: Iron Jugulis|Struggle|p2a: Corsola\n|-damage|p2a: Corsola|5\/100\n|-damage|p1a: Iron Jugulis|45\/100|[from] recoil\n|move|p2a: Corsola|Stealth Rock|p1a: Iron Jugulis\n|-sidestart|p1: llamakin15|move: Stealth Rock\n|\n|upkeep\n|turn|13\n|\n|t:|1700082733\n|-activate|p1a: Iron Jugulis|move: Struggle\n|move|p1a: Iron Jugulis|Struggle|p2a: Corsola\n|-damage|p2a: Corsola|0 fnt\n|faint|p2a: Corsola\n|-damage|p1a: Iron Jugulis|20\/100|[from] recoil\n|\n|upkeep\n|\n|t:|1700082749\n|switch|p2a: Mimikyu|Mimikyu-Busted, M, shiny|68\/100\n|turn|14\n|\n|t:|1700082768\n|-end|p1a: Iron Jugulis|Quark Drive|[silent]\n|switch|p1a: Landorus|Landorus-Therian, M|88\/100 brn\n|-damage|p1a: Landorus|76\/100 brn|[from] Stealth Rock\n|-ability|p1a: Landorus|Intimidate|boost\n|-unboost|p2a: Mimikyu|atk|1\n|move|p2a: Mimikyu|Swords Dance|p2a: Mimikyu\n|-boost|p2a: Mimikyu|atk|2\n|\n|-heal|p1a: Landorus|82\/100 brn|[from] item: Leftovers\n|-damage|p1a: Landorus|76\/100 brn|[from] brn\n|upkeep\n|turn|15\n|\n|t:|1700082790\n|move|p2a: Mimikyu|Shadow Claw|p1a: Landorus\n|-damage|p1a: Landorus|38\/100 brn\n|-damage|p2a: Mimikyu|58\/100|[from] item: Life Orb\n|move|p1a: Landorus|Knock Off|p2a: Mimikyu\n|-damage|p2a: Mimikyu|33\/100\n|-enditem|p2a: Mimikyu|Life Orb|[from] move: Knock Off|[of] p1a: Landorus\n|\n|-heal|p1a: Landorus|44\/100 brn|[from] item: Leftovers\n|-damage|p1a: Landorus|38\/100 brn|[from] brn\n|upkeep\n|turn|16\n|\n|t:|1700082805\n|switch|p1a: Samurott|Samurott-Hisui, M|88\/100\n|-damage|p1a: Samurott|76\/100|[from] Stealth Rock\n|move|p2a: Mimikyu|Play Rough|p1a: Samurott\n|-supereffective|p1a: Samurott\n|-damage|p1a: Samurott|0 fnt\n|faint|p1a: Samurott\n|\n|upkeep\n|\n|t:|1700082823\n|switch|p1a: Lopunny|Lopunny-Mega, M|100\/100\n|-damage|p1a: Lopunny|95\/100|[from] Stealth Rock\n|turn|17\n|c|\u2606llamakin15|ok ignore that play i thaught i clicked u turn not to swap XD\n|\n|t:|1700082844\n|move|p1a: Lopunny|Fake Out|p2a: Mimikyu\n|-damage|p2a: Mimikyu|0 fnt\n|faint|p2a: Mimikyu\n|\n|upkeep\n|c|\u2606ansariboss|XD\n|\n|t:|1700082863\n|switch|p2a: Sableye|Sableye, M, shiny|100\/100\n|turn|18\n|\n|t:|1700082868\n|detailschange|p2a: Sableye|Sableye-Mega, M, shiny\n|-mega|p2a: Sableye|Sableye|Sablenite\n|move|p1a: Lopunny|Close Combat|p2a: Sableye\n|-supereffective|p2a: Sableye\n|-damage|p2a: Sableye|0 fnt\n|-unboost|p1a: Lopunny|def|1\n|-unboost|p1a: Lopunny|spd|1\n|faint|p2a: Sableye\n|\n|upkeep\n|\n|t:|1700082882\n|switch|p2a: Aegislash|Aegislash, M, shiny|100\/100\n|turn|19\n|\n|t:|1700082889\n|switch|p1a: Landorus|Landorus-Therian, M|38\/100 brn\n|-damage|p1a: Landorus|26\/100 brn|[from] Stealth Rock\n|-ability|p1a: Landorus|Intimidate|boost\n|-unboost|p2a: Aegislash|atk|1\n|move|p2a: Aegislash|King's Shield||[still]\n|-fail|p2a: Aegislash\n|\n|-heal|p1a: Landorus|32\/100 brn|[from] item: Leftovers\n|-damage|p1a: Landorus|26\/100 brn|[from] brn\n|upkeep\n|turn|20\n|\n|t:|1700082913\n|-formechange|p2a: Aegislash|Aegislash-Blade||[from] ability: Stance Change\n|move|p2a: Aegislash|Shadow Sneak|p1a: Landorus\n|-damage|p1a: Landorus|12\/100 brn\n|move|p1a: Landorus|Defog|p2a: Aegislash\n|-unboost|p2a: Aegislash|evasion|1\n|-sideend|p1: llamakin15|Stealth Rock|[from] move: Defog|[of] p1a: Landorus\n|\n|-heal|p1a: Landorus|18\/100 brn|[from] item: Leftovers\n|-damage|p1a: Landorus|12\/100 brn|[from] brn\n|upkeep\n|turn|21\n|\n|t:|1700082932\n|move|p1a: Landorus|Earthquake|p2a: Aegislash\n|-supereffective|p2a: Aegislash\n|-damage|p2a: Aegislash|18\/100\n|move|p2a: Aegislash|Swords Dance|p2a: Aegislash\n|-boost|p2a: Aegislash|atk|2\n|\n|-heal|p1a: Landorus|18\/100 brn|[from] item: Leftovers\n|-damage|p1a: Landorus|12\/100 brn|[from] brn\n|upkeep\n|turn|22\n|\n|t:|1700082951\n|move|p1a: Landorus|Knock Off|p2a: Aegislash\n|-supereffective|p2a: Aegislash\n|-damage|p2a: Aegislash|0 fnt\n|-enditem|p2a: Aegislash|Spell Tag|[from] move: Knock Off|[of] p1a: Landorus\n|faint|p2a: Aegislash\n|\n|-heal|p1a: Landorus|18\/100 brn|[from] item: Leftovers\n|-damage|p1a: Landorus|12\/100 brn|[from] brn\n|upkeep\n|\n|t:|1700082959\n|switch|p2a: Gengar|Gengar, M, shiny|100\/100\n|turn|23\n|\n|t:|1700082977\n|move|p2a: Gengar|Shadow Ball|p1a: Landorus\n|-damage|p1a: Landorus|0 fnt\n|faint|p1a: Landorus\n|\n|upkeep\n|\n|t:|1700082988\n|switch|p1a: Lopunny|Lopunny-Mega, M|95\/100\n|turn|24\n|\n|t:|1700082994\n|move|p1a: Lopunny|Fake Out|p2a: Gengar\n|-damage|p2a: Gengar|59\/100\n|-start|p1a: Lopunny|Disable|Fake Out|[from] ability: Cursed Body|[of] p2a: Gengar\n|cant|p2a: Gengar|flinch\n|\n|upkeep\n|turn|25\n|\n|t:|1700083004\n|move|p2a: Gengar|Shadow Ball|p1a: Lopunny\n|-immune|p1a: Lopunny\n|move|p1a: Lopunny|Return|p2a: Gengar\n|-damage|p2a: Gengar|0 fnt\n|faint|p2a: Gengar\n|\n|win|llamakin15\n|c|\u2606llamakin15|ggs, feel free to change anything for round 2\n","uploadtime":1700083014,"views":36,"p1id":"llamakin15","p2id":"ansariboss","formatid":"gen9nationaldex","rating":0,"private":0,"password":""}