{"id":"gen9nationaldex-1999990892","p1":"mannmilk","p2":"KingoftheTitans","format":"[Gen 9] National Dex","log":"|html|<div class=\"broadcast-blue\"><strong>[Gen 9] National Dex is currently suspecting Sneasler! For information on how to participate check out the <a href=\"https:\/\/www.smogon.com\/forums\/threads\/sv-national-dex-suspect-8-just-dance.3731534\/\">suspect thread<\/a>.<\/strong><\/div>\n|j|\u2606mannmilk\n|j|\u2606KingoftheTitans\n|t:|1701138450\n|gametype|singles\n|player|p1|mannmilk|clown|1276\n|player|p2|KingoftheTitans|101|1256\n|teamsize|p1|6\n|teamsize|p2|6\n|gen|9\n|tier|[Gen 9] National Dex\n|rated|\n|rule|HP Percentage Mod: HP is shown in percentages\n|rule|Endless Battle Clause: Forcing endless battles is banned\n|rule|OHKO Clause: OHKO moves are banned\n|rule|Evasion Clause: Evasion abilities, items, and moves are banned\n|rule|Evasion Abilities Clause: Evasion abilities are banned\n|rule|Evasion Items Clause: Evasion items are banned\n|rule|Evasion Moves Clause: Evasion moves are banned\n|rule|Species Clause: Limit one of each Pok\u00e9mon\n|rule|Sleep Clause Mod: Limit one foe put to sleep\n|clearpoke\n|poke|p1|Claydol|\n|poke|p1|Cofagrigus, M|\n|poke|p1|Regigigas|\n|poke|p1|Reuniclus, M|\n|poke|p1|Mimikyu, F|\n|poke|p1|Stakataka|\n|poke|p2|Togekiss, M|\n|poke|p2|Magnezone|\n|poke|p2|Garchomp, F|\n|poke|p2|Torterra, M|\n|poke|p2|Scizor, M|\n|poke|p2|Quagsire, F|\n|teampreview\n|\n|t:|1701138462\n|start\n|switch|p1a: xD|Cofagrigus, M|100\/100\n|switch|p2a: Torterra|Torterra, M|100\/100\n|turn|1\n|\n|t:|1701138470\n|switch|p2a: Togekiss|Togekiss, M|100\/100\n|move|p1a: xD|Trick Room|p1a: xD\n|-fieldstart|move: Trick Room|[of] p1a: xD\n|\n|upkeep\n|turn|2\n|\n|t:|1701138480\n|switch|p2a: Quagsire|Quagsire, F|100\/100\n|move|p1a: xD|Skill Swap|p2a: Quagsire\n|-activate|p1a: xD|move: Skill Swap|Unaware|Mummy|[of] p2a: Quagsire\n|\n|upkeep\n|turn|3\n|\n|t:|1701138489\n|switch|p1a: regi swag ass|Regigigas|100\/100\n|-start|p1a: regi swag ass|ability: Slow Start\n|move|p2a: Quagsire|Toxic|p1a: regi swag ass\n|-status|p1a: regi swag ass|tox\n|\n|-damage|p1a: regi swag ass|94\/100 tox|[from] psn\n|upkeep\n|turn|4\n|\n|t:|1701138498\n|move|p2a: Quagsire|Earthquake|p1a: regi swag ass\n|-damage|p1a: regi swag ass|71\/100 tox\n|move|p1a: regi swag ass|Power-Up Punch|p2a: Quagsire\n|-damage|p2a: Quagsire|94\/100\n|-boost|p1a: regi swag ass|atk|1\n|-end|p1a: regi swag ass|Slow Start|[silent]\n|-activate|p2a: Quagsire|ability: Mummy|Slow Start|[of] p1a: regi swag ass\n|\n|-heal|p2a: Quagsire|99\/100|[from] item: Leftovers\n|-heal|p1a: regi swag ass|77\/100 tox|[from] item: Leftovers\n|-damage|p1a: regi swag ass|65\/100 tox|[from] psn\n|upkeep\n|turn|5\n|\n|t:|1701138513\n|switch|p2a: Garchomp|Garchomp, F|100\/100\n|move|p1a: regi swag ass|Rock Polish|p1a: regi swag ass\n|-boost|p1a: regi swag ass|spe|2\n|\n|-heal|p1a: regi swag ass|71\/100 tox|[from] item: Leftovers\n|-damage|p1a: regi swag ass|53\/100 tox|[from] psn\n|-fieldend|move: Trick Room\n|upkeep\n|turn|6\n|\n|t:|1701138522\n|move|p1a: regi swag ass|Facade|p2a: Garchomp\n|-enditem|p2a: Garchomp|Focus Sash\n|-damage|p2a: Garchomp|1\/100\n|-damage|p1a: regi swag ass|40\/100 tox|[from] ability: Rough Skin|[of] p2a: Garchomp\n|move|p2a: Garchomp|Earthquake|p1a: regi swag ass\n|-damage|p1a: regi swag ass|2\/100 tox\n|\n|-heal|p1a: regi swag ass|8\/100 tox|[from] item: Leftovers\n|-damage|p1a: regi swag ass|0 fnt|[from] psn\n|faint|p1a: regi swag ass\n|upkeep\n|\n|t:|1701138535\n|switch|p1a: gaydoll\ud83d\udc85|Claydol|100\/100\n|turn|7\n|\n|t:|1701138549\n|switch|p2a: Quagsire|Quagsire, F|99\/100\n|move|p1a: gaydoll\ud83d\udc85|Reflect|p1a: gaydoll\ud83d\udc85\n|-sidestart|p1: mannmilk|Reflect\n|\n|-heal|p2a: Quagsire|100\/100|[from] item: Leftovers\n|upkeep\n|turn|8\n|\n|t:|1701138555\n|move|p1a: gaydoll\ud83d\udc85|Light Screen|p1a: gaydoll\ud83d\udc85\n|-sidestart|p1: mannmilk|move: Light Screen\n|move|p2a: Quagsire|Scald|p1a: gaydoll\ud83d\udc85\n|-supereffective|p1a: gaydoll\ud83d\udc85\n|-damage|p1a: gaydoll\ud83d\udc85|85\/100\n|\n|upkeep\n|turn|9\n|\n|t:|1701138566\n|switch|p1a: jelly baby|Reuniclus, M|100\/100\n|switch|p2a: Togekiss|Togekiss, M|100\/100\n|\n|upkeep\n|turn|10\n|\n|t:|1701138572\n|move|p2a: Togekiss|Defog|p1a: jelly baby\n|-unboost|p1a: jelly baby|evasion|1\n|-sideend|p1: mannmilk|Reflect\n|-sideend|p1: mannmilk|move: Light Screen\n|move|p1a: jelly baby|Trick Room|p1a: jelly baby\n|-fieldstart|move: Trick Room|[of] p1a: jelly baby\n|\n|upkeep\n|turn|11\n|\n|t:|1701138581\n|switch|p2a: Quagsire|Quagsire, F|100\/100\n|move|p1a: jelly baby|Psychic|p2a: Quagsire\n|-damage|p2a: Quagsire|40\/100\n|\n|-heal|p2a: Quagsire|46\/100|[from] item: Leftovers\n|upkeep\n|turn|12\n|\n|t:|1701138592\n|switch|p2a: Magnezone|Magnezone|100\/100\n|move|p1a: jelly baby|Psychic|p2a: Magnezone\n|-resisted|p2a: Magnezone\n|-damage|p2a: Magnezone|75\/100\n|\n|upkeep\n|turn|13\n|\n|t:|1701138600\n|move|p1a: jelly baby|Focus Blast|p2a: Magnezone\n|-supereffective|p2a: Magnezone\n|-damage|p2a: Magnezone|0 fnt\n|faint|p2a: Magnezone\n|\n|upkeep\n|c|\u2606mannmilk|lol\n|c|\u2606KingoftheTitans|...\n|inactive|Battle timer is ON: inactive players will automatically lose when time's up. (requested by mannmilk)\n|\n|t:|1701138625\n|switch|p2a: Torterra|Torterra, M|100\/100\n|turn|14\n|\n|t:|1701138628\n|move|p1a: jelly baby|Psychic|p2a: Torterra\n|-damage|p2a: Torterra|44\/100\n|move|p2a: Torterra|Headlong Rush|p1a: jelly baby\n|-damage|p1a: jelly baby|45\/100\n|-unboost|p2a: Torterra|def|1\n|-unboost|p2a: Torterra|spd|1\n|\n|-heal|p1a: jelly baby|51\/100|[from] item: Leftovers\n|-fieldend|move: Trick Room\n|upkeep\n|turn|15\n|c|\u2606KingoftheTitans|WAIT\n|c|\u2606KingoftheTitans|I MISCLICKED\n|c|\u2606KingoftheTitans|WHOOPS\n|\n|t:|1701138640\n|move|p2a: Torterra|Bullet Seed|p1a: jelly baby\n|-damage|p1a: jelly baby|39\/100\n|-damage|p1a: jelly baby|27\/100\n|-damage|p1a: jelly baby|16\/100\n|-damage|p1a: jelly baby|4\/100\n|-damage|p1a: jelly baby|0 fnt\n|faint|p1a: jelly baby\n|-hitcount|p1: jelly baby|5\n|\n|upkeep\n|c|\u2606mannmilk|its okey\n|\n|t:|1701138651\n|switch|p1a: fartwipe\ud83e\udea4|Mimikyu, F|100\/100\n|turn|16\n|\n|t:|1701138656\n|move|p2a: Torterra|Bullet Seed|p1a: fartwipe\ud83e\udea4\n|-activate|p1a: fartwipe\ud83e\udea4|ability: Disguise\n|-damage|p1a: fartwipe\ud83e\udea4|100\/100\n|detailschange|p1a: fartwipe\ud83e\udea4|Mimikyu-Busted, F\n|-damage|p1a: fartwipe\ud83e\udea4|88\/100|[from] pokemon: Mimikyu-Busted\n|-damage|p1a: fartwipe\ud83e\udea4|73\/100\n|-damage|p1a: fartwipe\ud83e\udea4|58\/100\n|-damage|p1a: fartwipe\ud83e\udea4|44\/100\n|-damage|p1a: fartwipe\ud83e\udea4|29\/100\n|-hitcount|p1a: fartwipe\ud83e\udea4|5\n|move|p1a: fartwipe\ud83e\udea4|Shadow Claw|p2a: Torterra\n|-damage|p2a: Torterra|0 fnt\n|faint|p2a: Torterra\n|\n|upkeep\n|\n|t:|1701138671\n|switch|p2a: Scizor|Scizor, M|100\/100\n|turn|17\n|\n|t:|1701138676\n|switch|p1a: xD|Cofagrigus, M|100\/100\n|detailschange|p2a: Scizor|Scizor-Mega, M\n|-mega|p2a: Scizor|Scizor|Scizorite\n|move|p2a: Scizor|Bullet Punch|p1a: xD\n|-damage|p1a: xD|74\/100\n|-activate|p1a: xD|ability: Mummy|Technician|[of] p2a: Scizor\n|\n|upkeep\n|turn|18\n|\n|t:|1701138685\n|switch|p2a: Togekiss|Togekiss, M|100\/100\n|move|p1a: xD|Trick Room|p1a: xD\n|-fieldstart|move: Trick Room|[of] p1a: xD\n|\n|upkeep\n|turn|19\n|\n|t:|1701138691\n|move|p1a: xD|Skill Swap|p2a: Togekiss\n|-activate|p1a: xD|move: Skill Swap|Serene Grace|Mummy|[of] p2a: Togekiss\n|move|p2a: Togekiss|Thunder Wave|p1a: xD\n|-status|p1a: xD|par\n|\n|upkeep\n|turn|20\n|\n|t:|1701138698\n|switch|p1a: gaydoll\ud83d\udc85|Claydol|85\/100\n|switch|p2a: Quagsire|Quagsire, F|46\/100\n|\n|-heal|p2a: Quagsire|52\/100|[from] item: Leftovers\n|upkeep\n|turn|21\n|\n|t:|1701138704\n|move|p2a: Quagsire|Toxic|p1a: gaydoll\ud83d\udc85\n|-status|p1a: gaydoll\ud83d\udc85|tox\n|move|p1a: gaydoll\ud83d\udc85|Light Screen|p1a: gaydoll\ud83d\udc85\n|-sidestart|p1: mannmilk|move: Light Screen\n|\n|-heal|p2a: Quagsire|58\/100|[from] item: Leftovers\n|-damage|p1a: gaydoll\ud83d\udc85|79\/100 tox|[from] psn\n|upkeep\n|turn|22\n|\n|t:|1701138712\n|move|p2a: Quagsire|Scald|p1a: gaydoll\ud83d\udc85\n|-supereffective|p1a: gaydoll\ud83d\udc85\n|-damage|p1a: gaydoll\ud83d\udc85|65\/100 tox\n|move|p1a: gaydoll\ud83d\udc85|Reflect|p1a: gaydoll\ud83d\udc85\n|-sidestart|p1: mannmilk|Reflect\n|\n|-heal|p2a: Quagsire|64\/100|[from] item: Leftovers\n|-damage|p1a: gaydoll\ud83d\udc85|53\/100 tox|[from] psn\n|-fieldend|move: Trick Room\n|upkeep\n|turn|23\n|\n|t:|1701138720\n|switch|p2a: Togekiss|Togekiss, M|100\/100\n|move|p1a: gaydoll\ud83d\udc85|Trick Room|p1a: gaydoll\ud83d\udc85\n|-fieldstart|move: Trick Room|[of] p1a: gaydoll\ud83d\udc85\n|\n|-damage|p1a: gaydoll\ud83d\udc85|34\/100 tox|[from] psn\n|upkeep\n|turn|24\n|\n|t:|1701138725\n|switch|p1a: fartwipe\ud83e\udea4|Mimikyu-Busted, F|29\/100\n|move|p2a: Togekiss|Defog|p1a: fartwipe\ud83e\udea4\n|-unboost|p1a: fartwipe\ud83e\udea4|evasion|1\n|-sideend|p1: mannmilk|Reflect\n|-sideend|p1: mannmilk|move: Light Screen\n|\n|upkeep\n|turn|25\n|\n|t:|1701138732\n|-zpower|p1a: fartwipe\ud83e\udea4\n|move|p1a: fartwipe\ud83e\udea4|Let's Snuggle Forever|p2a: Togekiss|[zeffect]\n|-damage|p2a: Togekiss|0 fnt\n|faint|p2a: Togekiss\n|\n|upkeep\n|\n|t:|1701138741\n|switch|p2a: Scizor|Scizor-Mega, M|100\/100\n|turn|26\n|\n|t:|1701138744\n|switch|p1a: xD|Cofagrigus, M|74\/100 par\n|move|p2a: Scizor|Swords Dance|p2a: Scizor\n|-boost|p2a: Scizor|atk|2\n|\n|upkeep\n|turn|27\n|\n|t:|1701138753\n|move|p1a: xD|Body Press|p2a: Scizor\n|-damage|p2a: Scizor|62\/100\n|-damage|p1a: xD|65\/100 par|[from] item: Life Orb\n|move|p2a: Scizor|Swords Dance|p2a: Scizor\n|-boost|p2a: Scizor|atk|2\n|\n|-fieldend|move: Trick Room\n|upkeep\n|turn|28\n|\n|t:|1701138764\n|-terastallize|p1a: xD|Fighting\n|move|p2a: Scizor|Bullet Punch|p1a: xD\n|-damage|p1a: xD|0 fnt\n|-activate|p1a: xD|ability: Mummy|Technician|[of] p2a: Scizor\n|faint|p1a: xD\n|\n|upkeep\n|c|\u2606mannmilk|welp\n|c|\u2606mannmilk|gg\n|\n|t:|1701138782\n|switch|p1a: gaydoll\ud83d\udc85|Claydol|34\/100 tox\n|turn|29\n|c|\u2606KingoftheTitans|Yeah gg\n|\n|t:|1701138785\n|move|p2a: Scizor|Trailblaze|p1a: gaydoll\ud83d\udc85\n|-supereffective|p1a: gaydoll\ud83d\udc85\n|-damage|p1a: gaydoll\ud83d\udc85|0 fnt\n|-boost|p2a: Scizor|spe|1\n|faint|p1a: gaydoll\ud83d\udc85\n|\n|upkeep\n|\n|t:|1701138790\n|switch|p1a: fartwipe\ud83e\udea4|Mimikyu-Busted, F|29\/100\n|turn|30\n|\n|t:|1701138794\n|move|p2a: Scizor|Bullet Punch|p1a: fartwipe\ud83e\udea4\n|-supereffective|p1a: fartwipe\ud83e\udea4\n|-damage|p1a: fartwipe\ud83e\udea4|0 fnt\n|faint|p1a: fartwipe\ud83e\udea4\n|\n|upkeep\n|\n|t:|1701138797\n|switch|p1a: immovable\ud83d\udd4bobject|Stakataka, shiny|100\/100\n|turn|31\n|\n|t:|1701138800\n|move|p2a: Scizor|Close Combat|p1a: immovable\ud83d\udd4bobject\n|-supereffective|p1a: immovable\ud83d\udd4bobject\n|-damage|p1a: immovable\ud83d\udd4bobject|0 fnt\n|-unboost|p2a: Scizor|def|1\n|-unboost|p2a: Scizor|spd|1\n|faint|p1a: immovable\ud83d\udd4bobject\n|\n|win|KingoftheTitans\n|raw|mannmilk's rating: 1276 &rarr; <strong>1250<\/strong><br \/>(-26 for losing)\n|raw|KingoftheTitans's rating: 1256 &rarr; <strong>1282<\/strong><br \/>(+26 for winning)\n|l|\u2606mannmilk\n","uploadtime":1701138809,"views":1,"p1id":"mannmilk","p2id":"kingofthetitans","formatid":"gen9nationaldex","rating":1250,"private":0,"password":""}