{"id":"gen9nationaldex-1995519504","p1":"SrPorquet","p2":"olee64","format":"[Gen 9] National Dex","log":"|html|<div class=\"broadcast-blue\"><strong>[Gen 9] National Dex is currently suspecting Sneasler! For information on how to participate check out the <a href=\"https:\/\/www.smogon.com\/forums\/threads\/sv-national-dex-suspect-8-just-dance.3731534\/\">suspect thread<\/a>.<\/strong><\/div>\n|j|\u203dSrPorquet\n|j|\u2606olee64\n|t:|1700579278\n|gametype|singles\n|player|p1|SrPorquet|falkner|1245\n|player|p2|olee64|lucas-gen4pt|1187\n|teamsize|p1|6\n|teamsize|p2|6\n|gen|9\n|tier|[Gen 9] National Dex\n|rated|\n|rule|HP Percentage Mod: HP is shown in percentages\n|rule|Endless Battle Clause: Forcing endless battles is banned\n|rule|OHKO Clause: OHKO moves are banned\n|rule|Evasion Clause: Evasion abilities, items, and moves are banned\n|rule|Evasion Abilities Clause: Evasion abilities are banned\n|rule|Evasion Items Clause: Evasion items are banned\n|rule|Evasion Moves Clause: Evasion moves are banned\n|rule|Species Clause: Limit one of each Pok\u00e9mon\n|rule|Sleep Clause Mod: Limit one foe put to sleep\n|clearpoke\n|poke|p1|Pidgeot, M|\n|poke|p1|Magmortar, M|\n|poke|p1|Raichu, F|\n|poke|p1|Clefable, M|\n|poke|p1|Vileplume, M|\n|poke|p1|Politoed, M|\n|poke|p2|Heracross, F|\n|poke|p2|Butterfree, M|\n|poke|p2|Scizor, F|\n|poke|p2|Araquanid, F|\n|poke|p2|Galvantula, F|\n|poke|p2|Forretress, F|\n|teampreview\n|\n|t:|1700579300\n|start\n|switch|p1a: Raichu|Raichu, F|100\/100\n|switch|p2a: Galvantula|Galvantula, F|100\/100\n|-ability|p2a: Galvantula|Unnerve\n|turn|1\n|\n|t:|1700579305\n|move|p1a: Raichu|Play Rough|p2a: Galvantula|[miss]\n|-miss|p1a: Raichu|p2a: Galvantula\n|move|p2a: Galvantula|Sticky Web|p1a: Raichu\n|-sidestart|p1: SrPorquet|move: Sticky Web\n|\n|upkeep\n|turn|2\n|\n|t:|1700579310\n|move|p1a: Raichu|Volt Tackle|p2a: Galvantula\n|-resisted|p2a: Galvantula\n|-damage|p2a: Galvantula|39\/100\n|-damage|p1a: Raichu|79\/100|[from] Recoil\n|-damage|p1a: Raichu|69\/100|[from] item: Life Orb\n|move|p2a: Galvantula|Bug Buzz|p1a: Raichu\n|-damage|p1a: Raichu|9\/100\n|\n|upkeep\n|turn|3\n|\n|t:|1700579320\n|move|p1a: Raichu|Extreme Speed|p2a: Galvantula\n|-damage|p2a: Galvantula|0 fnt\n|faint|p2a: Galvantula\n|-damage|p1a: Raichu|0 fnt|[from] item: Life Orb\n|faint|p1a: Raichu\n|\n|upkeep\n|\n|t:|1700579327\n|switch|p1a: Pidgeot|Pidgeot, M|100\/100\n|switch|p2a: Forretress|Forretress, F|100\/100\n|turn|4\n|\n|t:|1700579334\n|detailschange|p1a: Pidgeot|Pidgeot-Mega, M\n|-mega|p1a: Pidgeot|Pidgeot|Pidgeotite\n|move|p1a: Pidgeot|Heat Wave|p2a: Forretress\n|-supereffective|p2a: Forretress\n|-ability|p2a: Forretress|Sturdy\n|-damage|p2a: Forretress|1\/100\n|move|p2a: Forretress|Explosion|p1a: Pidgeot\n|-damage|p1a: Pidgeot|9\/100\n|faint|p2a: Forretress\n|\n|upkeep\n|\n|t:|1700579345\n|switch|p2a: Scizor|Scizor, F|100\/100\n|turn|5\n|\n|t:|1700579348\n|switch|p1a: Magmortar|Magmortar, M|100\/100\n|-activate|p1a: Magmortar|move: Sticky Web\n|-unboost|p1a: Magmortar|spe|1\n|-terastallize|p2a: Scizor|Water\n|move|p2a: Scizor|Swords Dance|p2a: Scizor\n|-boost|p2a: Scizor|atk|2\n|\n|upkeep\n|turn|6\n|\n|t:|1700579362\n|move|p1a: Magmortar|Thunderbolt|p2a: Scizor\n|-supereffective|p2a: Scizor\n|-damage|p2a: Scizor|29\/100\n|-enditem|p2a: Scizor|Sitrus Berry|[eat]\n|-heal|p2a: Scizor|54\/100|[from] item: Sitrus Berry\n|move|p2a: Scizor|Brick Break|p1a: Magmortar\n|-damage|p1a: Magmortar|20\/100\n|-enditem|p1a: Magmortar|Aguav Berry|[eat]\n|-heal|p1a: Magmortar|53\/100|[from] item: Aguav Berry\n|\n|upkeep\n|turn|7\n|\n|t:|1700579369\n|move|p2a: Scizor|Bullet Punch|p1a: Magmortar\n|-resisted|p1a: Magmortar\n|-damage|p1a: Magmortar|8\/100\n|move|p1a: Magmortar|Thunderbolt|p2a: Scizor\n|-supereffective|p2a: Scizor\n|-damage|p2a: Scizor|0 fnt\n|faint|p2a: Scizor\n|\n|upkeep\n|\n|t:|1700579374\n|switch|p2a: Butterfree|Butterfree, M|100\/100\n|turn|8\n|\n|t:|1700579379\n|move|p2a: Butterfree|Sleep Powder|p1a: Magmortar\n|-immune|p1a: Magmortar|[from] ability: Vital Spirit\n|move|p1a: Magmortar|Thunderbolt|p2a: Butterfree\n|-supereffective|p2a: Butterfree\n|-damage|p2a: Butterfree|9\/100\n|\n|upkeep\n|turn|9\n|\n|t:|1700579384\n|move|p2a: Butterfree|Air Slash|p1a: Magmortar\n|-damage|p1a: Magmortar|0 fnt\n|faint|p1a: Magmortar\n|\n|upkeep\n|\n|t:|1700579386\n|switch|p1a: Pidgeot|Pidgeot-Mega, M|9\/100\n|turn|10\n|\n|t:|1700579394\n|move|p1a: Pidgeot|Ominous Wind|p2a: Butterfree\n|-damage|p2a: Butterfree|0 fnt\n|faint|p2a: Butterfree\n|\n|upkeep\n|\n|t:|1700579399\n|switch|p2a: Araquanid|Araquanid, F|100\/100\n|turn|11\n|\n|t:|1700579402\n|move|p1a: Pidgeot|Hurricane|p2a: Araquanid\n|-supereffective|p2a: Araquanid\n|-damage|p2a: Araquanid|10\/100\n|move|p2a: Araquanid|Liquidation|p1a: Pidgeot\n|-damage|p1a: Pidgeot|0 fnt\n|faint|p1a: Pidgeot\n|-damage|p2a: Araquanid|0 fnt|[from] item: Life Orb\n|faint|p2a: Araquanid\n|\n|upkeep\n|\n|t:|1700579411\n|switch|p1a: Clefable|Clefable, M|100\/100\n|switch|p2a: Heracross|Heracross, F|100\/100\n|-activate|p1a: Clefable|move: Sticky Web\n|-unboost|p1a: Clefable|spe|1\n|turn|12\n|\n|t:|1700579418\n|move|p2a: Heracross|Swords Dance|p2a: Heracross\n|-boost|p2a: Heracross|atk|2\n|move|p1a: Clefable|Moonblast|p2a: Heracross\n|-supereffective|p2a: Heracross\n|-damage|p2a: Heracross|0 fnt\n|faint|p2a: Heracross\n|\n|win|SrPorquet\n|raw|SrPorquet's rating: 1245 &rarr; <strong>1266<\/strong><br \/>(+21 for winning)\n|raw|olee64's rating: 1187 &rarr; <strong>1166<\/strong><br \/>(-21 for losing)\n|l|\u2606olee64\n","uploadtime":1700579432,"views":0,"p1id":"srporquet","p2id":"olee64","formatid":"gen9nationaldex","rating":1166,"private":0,"password":""}