{"id":"gen9nationaldex-1995092239","p1":"ssssour","p2":"Lex_88","format":"[Gen 9] National Dex","log":"|html|<div class=\"broadcast-blue\"><strong>[Gen 9] National Dex is currently suspecting Sneasler! For information on how to participate check out the <a href=\"https:\/\/www.smogon.com\/forums\/threads\/sv-national-dex-suspect-8-just-dance.3731534\/\">suspect thread<\/a>.<\/strong><\/div>\n|j|\u2606ssssour\n|j|\u2606Lex_88\n|t:|1700521666\n|gametype|singles\n|player|p1|ssssour|pokemaniac|1121\n|player|p2|Lex_88|acetrainer-gen4|1156\n|teamsize|p1|6\n|teamsize|p2|6\n|gen|9\n|tier|[Gen 9] National Dex\n|rated|\n|rule|HP Percentage Mod: HP is shown in percentages\n|rule|Endless Battle Clause: Forcing endless battles is banned\n|rule|OHKO Clause: OHKO moves are banned\n|rule|Evasion Clause: Evasion abilities, items, and moves are banned\n|rule|Evasion Abilities Clause: Evasion abilities are banned\n|rule|Evasion Items Clause: Evasion items are banned\n|rule|Evasion Moves Clause: Evasion moves are banned\n|rule|Species Clause: Limit one of each Pok\u00e9mon\n|rule|Sleep Clause Mod: Limit one foe put to sleep\n|clearpoke\n|poke|p1|Muk, M|\n|poke|p1|Raticate, F|\n|poke|p1|Magneton|\n|poke|p1|Venusaur, F|\n|poke|p1|Kingler, F|\n|poke|p1|Arcanine, F|\n|poke|p2|Iron Moth|\n|poke|p2|Glimmora, M|\n|poke|p2|Crobat, M|\n|poke|p2|Venusaur, M|\n|poke|p2|Toxapex, M|\n|poke|p2|Muk-Alola, M|\n|teampreview\n|inactive|Battle timer is ON: inactive players will automatically lose when time's up. (requested by Lex_88)\n|\n|t:|1700521675\n|start\n|switch|p1a: Muk|Muk, M|100\/100\n|switch|p2a: Crobat|Crobat, M|100\/100\n|turn|1\n|\n|t:|1700521685\n|move|p2a: Crobat|Taunt|p1a: Muk\n|-start|p1a: Muk|move: Taunt\n|cant|p1a: Muk|move: Taunt|Curse\n|\n|upkeep\n|turn|2\n|\n|t:|1700521693\n|switch|p1a: Magneton|Magneton|100\/100\n|move|p2a: Crobat|Dual Wingbeat|p1a: Magneton\n|-resisted|p1a: Magneton\n|-damage|p1a: Magneton|95\/100\n|-resisted|p1a: Magneton\n|-damage|p1a: Magneton|90\/100\n|-hitcount|p1a: Magneton|2\n|\n|upkeep\n|turn|3\n|\n|t:|1700521705\n|move|p2a: Crobat|U-turn|p1a: Magneton\n|-resisted|p1a: Magneton\n|-damage|p1a: Magneton|76\/100\n|\n|t:|1700521712\n|switch|p2a: Venusaur|Venusaur, M|100\/100|[from] U-turn\n|move|p1a: Magneton|Thunderbolt|p2a: Venusaur\n|-resisted|p2a: Venusaur\n|-damage|p2a: Venusaur|68\/100\n|\n|upkeep\n|turn|4\n|\n|t:|1700521721\n|switch|p1a: Venusaur|Venusaur, F|100\/100\n|detailschange|p2a: Venusaur|Venusaur-Mega, M\n|-mega|p2a: Venusaur|Venusaur|Venusaurite\n|move|p2a: Venusaur|Earth Power|p1a: Venusaur\n|-damage|p1a: Venusaur|65\/100\n|\n|upkeep\n|turn|5\n|\n|t:|1700521732\n|move|p1a: Venusaur|Growth|p1a: Venusaur\n|-boost|p1a: Venusaur|atk|1\n|-boost|p1a: Venusaur|spa|1\n|move|p2a: Venusaur|Sludge Bomb|p1a: Venusaur\n|-damage|p1a: Venusaur|6\/100\n|\n|upkeep\n|turn|6\n|\n|t:|1700521739\n|move|p1a: Venusaur|Hidden Power|p2a: Venusaur\n|-supereffective|p2a: Venusaur\n|-damage|p2a: Venusaur|40\/100\n|-damage|p1a: Venusaur|0 fnt|[from] item: Life Orb\n|faint|p1a: Venusaur\n|move|p2a: Venusaur|Sludge Bomb|p1: Venusaur|[notarget]\n|-fail|p2a: Venusaur\n|\n|upkeep\n|\n|t:|1700521745\n|switch|p1a: Arcanine|Arcanine, F|100\/100\n|turn|7\n|\n|t:|1700521753\n|move|p1a: Arcanine|Flare Blitz|p2a: Venusaur\n|-supereffective|p2a: Venusaur\n|-damage|p2a: Venusaur|0 fnt\n|faint|p2a: Venusaur\n|-damage|p1a: Arcanine|86\/100|[from] Recoil\n|-damage|p1a: Arcanine|76\/100|[from] item: Life Orb\n|\n|upkeep\n|\n|t:|1700521770\n|switch|p2a: Toxapex|Toxapex, M, shiny|100\/100\n|turn|8\n|\n|t:|1700521776\n|move|p1a: Arcanine|Wild Charge|p2a: Toxapex\n|-supereffective|p2a: Toxapex\n|-damage|p2a: Toxapex|53\/100\n|-damage|p1a: Arcanine|65\/100|[from] Recoil\n|-damage|p1a: Arcanine|55\/100|[from] item: Life Orb\n|move|p2a: Toxapex|Surf|p1a: Arcanine\n|-supereffective|p1a: Arcanine\n|-damage|p1a: Arcanine|6\/100\n|\n|upkeep\n|turn|9\n|\n|t:|1700521788\n|switch|p1a: Kingler|Kingler, F|100\/100\n|move|p2a: Toxapex|Recover|p2a: Toxapex\n|-heal|p2a: Toxapex|100\/100\n|\n|upkeep\n|turn|10\n|\n|t:|1700521805\n|move|p1a: Kingler|Agility|p1a: Kingler\n|-boost|p1a: Kingler|spe|2\n|move|p2a: Toxapex|Toxic|p1a: Kingler\n|-status|p1a: Kingler|tox\n|\n|-damage|p1a: Kingler|95\/100 tox|[from] psn\n|upkeep\n|turn|11\n|\n|t:|1700521825\n|move|p1a: Kingler|Swords Dance|p1a: Kingler\n|-boost|p1a: Kingler|atk|2\n|move|p2a: Toxapex|Haze|p2a: Toxapex\n|-clearallboost\n|\n|-damage|p1a: Kingler|83\/100 tox|[from] psn\n|upkeep\n|turn|12\n|\n|t:|1700521836\n|move|p1a: Kingler|Knock Off|p2a: Toxapex\n|-damage|p2a: Toxapex|70\/100\n|-enditem|p2a: Toxapex|Covert Cloak|[from] move: Knock Off|[of] p1a: Kingler\n|-damage|p1a: Kingler|73\/100 tox|[from] item: Life Orb\n|move|p2a: Toxapex|Surf|p1a: Kingler\n|-resisted|p1a: Kingler\n|-damage|p1a: Kingler|49\/100 tox\n|\n|-damage|p1a: Kingler|31\/100 tox|[from] psn\n|upkeep\n|turn|13\n|\n|t:|1700521848\n|move|p1a: Kingler|Knock Off|p2a: Toxapex\n|-damage|p2a: Toxapex|50\/100\n|-damage|p1a: Kingler|21\/100 tox|[from] item: Life Orb\n|move|p2a: Toxapex|Recover|p2a: Toxapex\n|-heal|p2a: Toxapex|99\/100\n|\n|-damage|p1a: Kingler|0 fnt|[from] psn\n|faint|p1a: Kingler\n|upkeep\n|\n|t:|1700521852\n|switch|p1a: Raticate|Raticate, F|100\/100\n|turn|14\n|\n|t:|1700521861\n|-terastallize|p1a: Raticate|Ground\n|move|p1a: Raticate|Stomping Tantrum|p2a: Toxapex\n|-supereffective|p2a: Toxapex\n|-damage|p2a: Toxapex|64\/100\n|move|p2a: Toxapex|Toxic|p1a: Raticate\n|-status|p1a: Raticate|tox\n|\n|-damage|p1a: Raticate|95\/100 tox|[from] psn\n|upkeep\n|turn|15\n|\n|t:|1700521873\n|-terastallize|p2a: Toxapex|Flying\n|move|p1a: Raticate|U-turn|p2a: Toxapex\n|-resisted|p2a: Toxapex\n|-crit|p2a: Toxapex\n|-damage|p2a: Toxapex|52\/100\n|\n|t:|1700521876\n|switch|p1a: Magneton|Magneton|76\/100|[from] U-turn\n|move|p2a: Toxapex|Recover|p2a: Toxapex\n|-heal|p2a: Toxapex|100\/100\n|\n|upkeep\n|turn|16\n|\n|t:|1700521887\n|move|p1a: Magneton|Thunderbolt|p2a: Toxapex\n|-supereffective|p2a: Toxapex\n|-damage|p2a: Toxapex|0 fnt\n|faint|p2a: Toxapex\n|\n|upkeep\n|\n|t:|1700521895\n|switch|p2a: Iron Moth|Iron Moth|100\/100\n|-enditem|p2a: Iron Moth|Booster Energy\n|-activate|p2a: Iron Moth|ability: Quark Drive|[fromitem]\n|-start|p2a: Iron Moth|quarkdrivespe\n|turn|17\n|\n|t:|1700521901\n|move|p2a: Iron Moth|Fiery Dance|p1a: Magneton\n|-supereffective|p1a: Magneton\n|-damage|p1a: Magneton|0 fnt\n|-boost|p2a: Iron Moth|spa|1\n|faint|p1a: Magneton\n|\n|upkeep\n|n|!ssssour|ssssour\n|\n|t:|1700521912\n|switch|p1a: Muk|Muk, M|100\/100\n|turn|18\n|\n|t:|1700521916\n|move|p2a: Iron Moth|Fiery Dance|p1a: Muk\n|-damage|p1a: Muk|65\/100\n|-boost|p2a: Iron Moth|spa|1\n|move|p1a: Muk|Curse|p1a: Muk\n|-unboost|p1a: Muk|spe|1\n|-boost|p1a: Muk|atk|1\n|-boost|p1a: Muk|def|1\n|\n|-heal|p1a: Muk|71\/100|[from] item: Leftovers\n|upkeep\n|turn|19\n|\n|t:|1700521927\n|move|p2a: Iron Moth|Fiery Dance|p1a: Muk\n|-crit|p1a: Muk\n|-damage|p1a: Muk|0 fnt\n|-boost|p2a: Iron Moth|spa|1\n|faint|p1a: Muk\n|\n|upkeep\n|-message|ssssour forfeited.\n|\n|win|Lex_88\n|raw|ssssour's rating: 1121 &rarr; <strong>1099<\/strong><br \/>(-22 for losing)\n|raw|Lex_88's rating: 1156 &rarr; <strong>1178<\/strong><br \/>(+22 for winning)\n|l|!ssssour\n","uploadtime":1700521909,"views":1,"p1id":"ssssour","p2id":"lex88","formatid":"gen9nationaldex","rating":1099,"private":0,"password":""}