{"id":"gen9nationaldex-1998477818","p1":"PhantomYakuza","p2":"D1770s","format":"[Gen 9] National Dex","log":"|html|<div class=\"broadcast-blue\"><strong>[Gen 9] National Dex is currently suspecting Sneasler! For information on how to participate check out the <a href=\"https:\/\/www.smogon.com\/forums\/threads\/sv-national-dex-suspect-8-just-dance.3731534\/\">suspect thread<\/a>.<\/strong><\/div>\n|j|\u2606PhantomYakuza\n|j|\u2606D1770s\n|t:|1700946799\n|gametype|singles\n|player|p1|PhantomYakuza|170|\n|player|p2|D1770s|170|\n|teamsize|p1|6\n|teamsize|p2|6\n|gen|9\n|tier|[Gen 9] National Dex\n|rule|HP Percentage Mod: HP is shown in percentages\n|rule|Endless Battle Clause: Forcing endless battles is banned\n|rule|OHKO Clause: OHKO moves are banned\n|rule|Evasion Clause: Evasion abilities, items, and moves are banned\n|rule|Evasion Abilities Clause: Evasion abilities are banned\n|rule|Evasion Items Clause: Evasion items are banned\n|rule|Evasion Moves Clause: Evasion moves are banned\n|rule|Species Clause: Limit one of each Pok\u00e9mon\n|rule|Sleep Clause Mod: Limit one foe put to sleep\n|clearpoke\n|poke|p1|Garchomp, F|\n|poke|p1|Iron Moth|\n|poke|p1|Gallade, M|\n|poke|p1|Overqwil, M|\n|poke|p1|Tapu Lele|\n|poke|p1|Shuckle, M|\n|poke|p2|Tyranitar, M|\n|poke|p2|Iron Valiant|\n|poke|p2|Gastrodon-East, M|\n|poke|p2|Houndstone, M|\n|poke|p2|Tapu Koko|\n|poke|p2|Skarmory, M|\n|teampreview\n|c|\u2606PhantomYakuza|Glhf!\n|c|\u2606PhantomYakuza|can you ping?\n|c|\u2606D1770s|Uhhh lemme see if mesp can\n|c|\u2606D1770s|Am mobiling\n|c|\u2606PhantomYakuza|lol I hope these games are entertaining at the least but I\u2019m mega distracted irl lol\n|c|\u2606PhantomYakuza|same on mobile lol\n|j| Mesp\n|c| Mesp|lazy bums\n|c|\u2606D1770s|Rude\n|c|\u2606D1770s|also, glhf\n|c|\u2606PhantomYakuza|Thanks Mesp lol\n|j| Seesawbirdie\n|j| delicousfalcon\n|c|\u2606PhantomYakuza|glhf! Let\u2019s make this a fun match\n|c| Seesawbirdie|let's go\n|\n|t:|1700946883\n|start\n|switch|p1a: Megan\u2019s Meat|Gallade, M|100\/100\n|switch|p2a: One Bird|Skarmory, M|100\/100\n|turn|1\n|j| crobatoh\n|\n|t:|1700946931\n|switch|p1a: Is this shiny?|Garchomp, F|100\/100\n|move|p2a: One Bird|Taunt|p1a: Is this shiny?\n|-start|p1a: Is this shiny?|move: Taunt\n|\n|upkeep\n|turn|2\n|c| crobatoh|i\u2019m on break at work i can watch for like 6 minutes\n|l| crobatoh\n|\n|t:|1700946942\n|move|p1a: Is this shiny?|Flamethrower|p2a: One Bird\n|-supereffective|p2a: One Bird\n|-damage|p2a: One Bird|69\/100\n|move|p2a: One Bird|Stealth Rock|p1a: Is this shiny?\n|-sidestart|p1: PhantomYakuza|move: Stealth Rock\n|\n|-heal|p2a: One Bird|75\/100|[from] item: Leftovers\n|upkeep\n|turn|3\n|j| crobatoh\n|c|\u2606PhantomYakuza|Burn baby burn\n|c| Mesp|CHAIN CHOMP???\n|c|\u2606PhantomYakuza|Just for you Mesp\n|c|\u2606PhantomYakuza|i know how you like it\n|c| Mesp|<3\n|c|\u2606PhantomYakuza|But guys, is it shiny?\n|\n|t:|1700947000\n|move|p1a: Is this shiny?|Flamethrower|p2a: One Bird\n|-supereffective|p2a: One Bird\n|-damage|p2a: One Bird|42\/100\n|-status|p2a: One Bird|brn\n|move|p2a: One Bird|Roost|p2a: One Bird\n|-heal|p2a: One Bird|92\/100 brn\n|-singleturn|p2a: One Bird|move: Roost\n|\n|-heal|p2a: One Bird|98\/100 brn|[from] item: Leftovers\n|-damage|p2a: One Bird|92\/100 brn|[from] brn\n|-end|p1a: Is this shiny?|move: Taunt\n|upkeep\n|turn|4\n|c| Seesawbirdie|dont think it is\n|c|\u2606PhantomYakuza|There\u2019s the burn baby burn\n|\n|t:|1700947049\n|switch|p2a: Gastrodon-Ascend|Gastrodon-East, M|100\/100\n|move|p1a: Is this shiny?|Stealth Rock|p2a: Gastrodon-Ascend\n|-sidestart|p2: D1770s|move: Stealth Rock\n|\n|upkeep\n|turn|5\n|\n|t:|1700947057\n|move|p1a: Is this shiny?|Toxic|p2a: Gastrodon-Ascend\n|-status|p2a: Gastrodon-Ascend|tox\n|move|p2a: Gastrodon-Ascend|Ice Beam|p1a: Is this shiny?\n|-supereffective|p1a: Is this shiny?\n|-damage|p1a: Is this shiny?|23\/100\n|\n|-heal|p1a: Is this shiny?|30\/100|[from] item: Leftovers\n|-damage|p2a: Gastrodon-Ascend|94\/100 tox|[from] psn\n|upkeep\n|turn|6\n|\n|t:|1700947086\n|move|p1a: Is this shiny?|Brick Break|p2a: Gastrodon-Ascend\n|-damage|p2a: Gastrodon-Ascend|74\/100 tox\n|move|p2a: Gastrodon-Ascend|Earth Power|p1a: Is this shiny?\n|-damage|p1a: Is this shiny?|0 fnt\n|faint|p1a: Is this shiny?\n|\n|-heal|p2a: Gastrodon-Ascend|80\/100 tox|[from] item: Leftovers\n|-damage|p2a: Gastrodon-Ascend|67\/100 tox|[from] psn\n|upkeep\n|\n|t:|1700947109\n|switch|p1a: Megan\u2019s Meat|Gallade, M|100\/100\n|-damage|p1a: Megan\u2019s Meat|94\/100|[from] Stealth Rock\n|turn|7\n|\n|t:|1700947199\n|switch|p2a: Two Bird|Tapu Koko|100\/100\n|-damage|p2a: Two Bird|88\/100|[from] Stealth Rock\n|-fieldstart|move: Electric Terrain|[from] ability: Electric Surge|[of] p2a: Two Bird\n|detailschange|p1a: Megan\u2019s Meat|Gallade-Mega, M\n|-mega|p1a: Megan\u2019s Meat|Gallade|Galladite\n|move|p1a: Megan\u2019s Meat|Knock Off|p2a: Two Bird\n|-resisted|p2a: Two Bird\n|-damage|p2a: Two Bird|63\/100\n|-enditem|p2a: Two Bird|Light Clay|[from] move: Knock Off|[of] p1a: Megan\u2019s Meat\n|\n|upkeep\n|turn|8\n|c|\u2606PhantomYakuza|Light clay???\n|c|\u2606PhantomYakuza|oop\n|\n|t:|1700947235\n|switch|p1a: Scarlet Overqwil|Overqwil, M, shiny|100\/100\n|-damage|p1a: Scarlet Overqwil|88\/100|[from] Stealth Rock\n|move|p2a: Two Bird|Taunt|p1a: Scarlet Overqwil\n|-start|p1a: Scarlet Overqwil|move: Taunt\n|\n|upkeep\n|turn|9\n|\n|t:|1700947258\n|switch|p1a: Yeah Shuckle!|Shuckle, M|100\/100\n|-damage|p1a: Yeah Shuckle!|76\/100|[from] Stealth Rock\n|move|p2a: Two Bird|Reflect|p2a: Two Bird\n|-sidestart|p2: D1770s|Reflect\n|\n|-heal|p1a: Yeah Shuckle!|82\/100|[from] item: Leftovers\n|upkeep\n|turn|10\n|\n|t:|1700947265\n|move|p2a: Two Bird|Taunt|p1a: Yeah Shuckle!\n|-start|p1a: Yeah Shuckle!|move: Taunt\n|move|p1a: Yeah Shuckle!|Infestation|p2a: Two Bird\n|-resisted|p2a: Two Bird\n|-damage|p2a: Two Bird|62\/100\n|-activate|p2a: Two Bird|move: Infestation|[of] p1a: Yeah Shuckle!\n|\n|-heal|p1a: Yeah Shuckle!|88\/100|[from] item: Leftovers\n|-damage|p2a: Two Bird|50\/100|[from] move: Infestation|[partiallytrapped]\n|upkeep\n|turn|11\n|\n|t:|1700947280\n|move|p2a: Two Bird|Light Screen|p2a: Two Bird\n|-sidestart|p2: D1770s|move: Light Screen\n|move|p1a: Yeah Shuckle!|Infestation|p2a: Two Bird\n|-resisted|p2a: Two Bird\n|-crit|p2a: Two Bird\n|-damage|p2a: Two Bird|48\/100\n|\n|-heal|p1a: Yeah Shuckle!|94\/100|[from] item: Leftovers\n|-damage|p2a: Two Bird|36\/100|[from] move: Infestation|[partiallytrapped]\n|-fieldend|move: Electric Terrain\n|upkeep\n|turn|12\n|c|\u2606PhantomYakuza|Crit mattered\n|j| mattyp347\n|c| mattyp347|Skill crit\n|\n|t:|1700947302\n|move|p2a: Two Bird|U-turn|p1a: Yeah Shuckle!\n|-damage|p1a: Yeah Shuckle!|79\/100\n|c|\u2606PhantomYakuza|Wait u turn let\u2019s you escape infestation?\n|\n|t:|1700947319\n|switch|p2a: One Bird|Skarmory, M|92\/100 brn|[from] U-turn\n|-damage|p2a: One Bird|80\/100 brn|[from] Stealth Rock\n|move|p1a: Yeah Shuckle!|Infestation|p2a: One Bird\n|-resisted|p2a: One Bird\n|-damage|p2a: One Bird|80\/100 brn\n|-activate|p2a: One Bird|move: Infestation|[of] p1a: Yeah Shuckle!\n|\n|-heal|p2a: One Bird|86\/100 brn|[from] item: Leftovers\n|-heal|p1a: Yeah Shuckle!|85\/100|[from] item: Leftovers\n|-damage|p2a: One Bird|80\/100 brn|[from] brn\n|-damage|p2a: One Bird|68\/100 brn|[from] move: Infestation|[partiallytrapped]\n|-end|p1a: Yeah Shuckle!|move: Taunt\n|upkeep\n|turn|13\n|\n|t:|1700947334\n|move|p2a: One Bird|Taunt|p1a: Yeah Shuckle!\n|-start|p1a: Yeah Shuckle!|move: Taunt\n|move|p1a: Yeah Shuckle!|Knock Off|p2a: One Bird\n|-damage|p2a: One Bird|66\/100 brn\n|-enditem|p2a: One Bird|Leftovers|[from] move: Knock Off|[of] p1a: Yeah Shuckle!\n|\n|-heal|p1a: Yeah Shuckle!|91\/100|[from] item: Leftovers\n|-damage|p2a: One Bird|60\/100 brn|[from] brn\n|-damage|p2a: One Bird|48\/100 brn|[from] move: Infestation|[partiallytrapped]\n|-sideend|p2: D1770s|Reflect\n|upkeep\n|turn|14\n|l| crobatoh\n|c|\u2606PhantomYakuza|I don\u2019t like that very much\n|\n|t:|1700947349\n|move|p2a: One Bird|Roost|p2a: One Bird\n|-heal|p2a: One Bird|98\/100 brn\n|-singleturn|p2a: One Bird|move: Roost\n|move|p1a: Yeah Shuckle!|Knock Off|p2a: One Bird\n|-damage|p2a: One Bird|95\/100 brn\n|\n|-heal|p1a: Yeah Shuckle!|97\/100|[from] item: Leftovers\n|-damage|p2a: One Bird|89\/100 brn|[from] brn\n|-damage|p2a: One Bird|77\/100 brn|[from] move: Infestation|[partiallytrapped]\n|upkeep\n|turn|15\n|\n|t:|1700947363\n|move|p2a: One Bird|Iron Head|p1a: Yeah Shuckle!\n|-supereffective|p1a: Yeah Shuckle!\n|-damage|p1a: Yeah Shuckle!|80\/100\n|move|p1a: Yeah Shuckle!|Knock Off|p2a: One Bird\n|-damage|p2a: One Bird|74\/100 brn\n|\n|-heal|p1a: Yeah Shuckle!|86\/100|[from] item: Leftovers\n|-damage|p2a: One Bird|68\/100 brn|[from] brn\n|-damage|p2a: One Bird|56\/100 brn|[from] move: Infestation|[partiallytrapped]\n|-end|p1a: Yeah Shuckle!|move: Taunt\n|-sideend|p2: D1770s|move: Light Screen\n|upkeep\n|turn|16\n|\n|t:|1700947384\n|move|p2a: One Bird|Taunt|p1a: Yeah Shuckle!\n|-start|p1a: Yeah Shuckle!|move: Taunt\n|move|p1a: Yeah Shuckle!|Knock Off|p2a: One Bird\n|-damage|p2a: One Bird|53\/100 brn\n|\n|-heal|p1a: Yeah Shuckle!|92\/100|[from] item: Leftovers\n|-damage|p2a: One Bird|48\/100 brn|[from] brn\n|-end|p2a: One Bird|Infestation|[partiallytrapped]\n|upkeep\n|turn|17\n|\n|t:|1700947399\n|move|p2a: One Bird|Roost|p2a: One Bird\n|-heal|p2a: One Bird|98\/100 brn\n|-singleturn|p2a: One Bird|move: Roost\n|move|p1a: Yeah Shuckle!|Infestation|p2a: One Bird\n|-resisted|p2a: One Bird\n|-damage|p2a: One Bird|97\/100 brn\n|-activate|p2a: One Bird|move: Infestation|[of] p1a: Yeah Shuckle!\n|\n|-heal|p1a: Yeah Shuckle!|98\/100|[from] item: Leftovers\n|-damage|p2a: One Bird|91\/100 brn|[from] brn\n|-damage|p2a: One Bird|78\/100 brn|[from] move: Infestation|[partiallytrapped]\n|upkeep\n|turn|18\n|c| mattyp347|This is gonna be one of those games isn't it\n|c|\u2606PhantomYakuza|Maybe\n|\n|t:|1700947422\n|move|p2a: One Bird|Iron Head|p1a: Yeah Shuckle!\n|-supereffective|p1a: Yeah Shuckle!\n|-crit|p1a: Yeah Shuckle!\n|-damage|p1a: Yeah Shuckle!|70\/100\n|move|p1a: Yeah Shuckle!|Knock Off|p2a: One Bird\n|-damage|p2a: One Bird|76\/100 brn\n|\n|-heal|p1a: Yeah Shuckle!|76\/100|[from] item: Leftovers\n|-damage|p2a: One Bird|70\/100 brn|[from] brn\n|-damage|p2a: One Bird|58\/100 brn|[from] move: Infestation|[partiallytrapped]\n|-end|p1a: Yeah Shuckle!|move: Taunt\n|upkeep\n|turn|19\n|c|\u2606PhantomYakuza|just don\u2019t taunt next time okay\n|c|\u2606PhantomYakuza|Crit mattered\n|\n|t:|1700947434\n|move|p2a: One Bird|Taunt|p1a: Yeah Shuckle!\n|-start|p1a: Yeah Shuckle!|move: Taunt\n|cant|p1a: Yeah Shuckle!|move: Taunt|Shell Smash\n|\n|-heal|p1a: Yeah Shuckle!|82\/100|[from] item: Leftovers\n|-damage|p2a: One Bird|52\/100 brn|[from] brn\n|-damage|p2a: One Bird|39\/100 brn|[from] move: Infestation|[partiallytrapped]\n|upkeep\n|turn|20\n|c|\u2606PhantomYakuza|I asked nicely risa\n|c|\u2606PhantomYakuza|Lol\n|c| mattyp347|Lmfao\n|\n|t:|1700947447\n|move|p2a: One Bird|Roost|p2a: One Bird\n|-heal|p2a: One Bird|89\/100 brn\n|-singleturn|p2a: One Bird|move: Roost\n|move|p1a: Yeah Shuckle!|Knock Off|p2a: One Bird\n|-damage|p2a: One Bird|87\/100 brn\n|\n|-heal|p1a: Yeah Shuckle!|88\/100|[from] item: Leftovers\n|-damage|p2a: One Bird|81\/100 brn|[from] brn\n|-damage|p2a: One Bird|69\/100 brn|[from] move: Infestation|[partiallytrapped]\n|upkeep\n|turn|21\n|\n|t:|1700947460\n|move|p2a: One Bird|Iron Head|p1a: Yeah Shuckle!\n|-supereffective|p1a: Yeah Shuckle!\n|-damage|p1a: Yeah Shuckle!|69\/100\n|move|p1a: Yeah Shuckle!|Infestation|p2a: One Bird\n|-resisted|p2a: One Bird\n|-damage|p2a: One Bird|68\/100 brn\n|\n|-heal|p1a: Yeah Shuckle!|75\/100|[from] item: Leftovers\n|-damage|p2a: One Bird|62\/100 brn|[from] brn\n|-end|p2a: One Bird|Infestation|[partiallytrapped]\n|-end|p1a: Yeah Shuckle!|move: Taunt\n|upkeep\n|turn|22\n|c| mattyp347|Those roosts are going quick\n|c| Seesawbirdie|how long is this gonna take now?\n|l| mattyp347\n|\n|t:|1700947473\n|move|p2a: One Bird|Taunt|p1a: Yeah Shuckle!\n|-start|p1a: Yeah Shuckle!|move: Taunt\n|cant|p1a: Yeah Shuckle!|move: Taunt|Shell Smash\n|\n|-heal|p1a: Yeah Shuckle!|81\/100|[from] item: Leftovers\n|-damage|p2a: One Bird|56\/100 brn|[from] brn\n|upkeep\n|turn|23\n|j| mattyp347\n|l| delicousfalcon\n|j| delicousfalcon\n|c|\u2606PhantomYakuza|The roosts go quick but the taunt doesn\u2019t \ud83d\ude2d\n|\n|t:|1700947554\n|switch|p2a: Many Stone|Tyranitar, M|100\/100\n|-damage|p2a: Many Stone|88\/100|[from] Stealth Rock\n|-weather|Sandstorm|[from] ability: Sand Stream|[of] p2a: Many Stone\n|move|p1a: Yeah Shuckle!|Infestation|p2a: Many Stone\n|-supereffective|p2a: Many Stone\n|-damage|p2a: Many Stone|86\/100\n|-activate|p2a: Many Stone|move: Infestation|[of] p1a: Yeah Shuckle!\n|\n|-weather|Sandstorm|[upkeep]\n|-heal|p1a: Yeah Shuckle!|87\/100|[from] item: Leftovers\n|-damage|p2a: Many Stone|74\/100|[from] move: Infestation|[partiallytrapped]\n|upkeep\n|turn|24\n|\n|t:|1700947566\n|move|p2a: Many Stone|Iron Head|p1a: Yeah Shuckle!\n|-supereffective|p1a: Yeah Shuckle!\n|-damage|p1a: Yeah Shuckle!|34\/100\n|move|p1a: Yeah Shuckle!|Knock Off|p2a: Many Stone\n|-resisted|p2a: Many Stone\n|-damage|p2a: Many Stone|72\/100\n|-enditem|p2a: Many Stone|Smooth Rock|[from] move: Knock Off|[of] p1a: Yeah Shuckle!\n|\n|-weather|Sandstorm|[upkeep]\n|-heal|p1a: Yeah Shuckle!|40\/100|[from] item: Leftovers\n|-damage|p2a: Many Stone|59\/100|[from] move: Infestation|[partiallytrapped]\n|-end|p1a: Yeah Shuckle!|move: Taunt\n|upkeep\n|turn|25\n|\n|t:|1700947589\n|move|p2a: Many Stone|Iron Head|p1a: Yeah Shuckle!\n|-supereffective|p1a: Yeah Shuckle!\n|-damage|p1a: Yeah Shuckle!|0 fnt\n|faint|p1a: Yeah Shuckle!\n|\n|-weather|Sandstorm|[upkeep]\n|-end|p2a: Many Stone|Infestation|[partiallytrapped]|[silent]\n|upkeep\n|\n|t:|1700947602\n|switch|p1a: Megan\u2019s Meat|Gallade-Mega, M|94\/100\n|-damage|p1a: Megan\u2019s Meat|88\/100|[from] Stealth Rock\n|turn|26\n|\n|t:|1700947621\n|switch|p2a: One Stone|Houndstone, M|100\/100\n|-damage|p2a: One Stone|88\/100|[from] Stealth Rock\n|move|p1a: Megan\u2019s Meat|Leaf Blade|p2a: One Stone\n|-damage|p2a: One Stone|39\/100\n|\n|-weather|Sandstorm|[upkeep]\n|-damage|p1a: Megan\u2019s Meat|82\/100|[from] Sandstorm\n|upkeep\n|turn|27\n|c| mattyp347|Ooh\n|c| mattyp347|Good call\n|\n|t:|1700947651\n|switch|p1a: Scarlet Overqwil|Overqwil, M, shiny|88\/100\n|-damage|p1a: Scarlet Overqwil|75\/100|[from] Stealth Rock\n|move|p2a: One Stone|Poltergeist|p1a: Scarlet Overqwil\n|-activate|p1a: Scarlet Overqwil|move: Poltergeist|Choice Scarf\n|-resisted|p1a: Scarlet Overqwil\n|-damage|p1a: Scarlet Overqwil|19\/100\n|-damage|p2a: One Stone|29\/100|[from] item: Life Orb\n|\n|-weather|Sandstorm|[upkeep]\n|-damage|p1a: Scarlet Overqwil|13\/100|[from] Sandstorm\n|upkeep\n|turn|28\n|c| mattyp347|Lmao\n|c| mattyp347|I wonder what item it has\n|\n|t:|1700947670\n|move|p1a: Scarlet Overqwil|Destiny Bond|p1a: Scarlet Overqwil\n|-singlemove|p1a: Scarlet Overqwil|Destiny Bond\n|move|p2a: One Stone|Stomping Tantrum|p1a: Scarlet Overqwil\n|-supereffective|p1a: Scarlet Overqwil\n|-damage|p1a: Scarlet Overqwil|0 fnt\n|-status|p2a: One Stone|psn|[from] ability: Poison Point|[of] p1a: Scarlet Overqwil\n|faint|p1a: Scarlet Overqwil\n|-activate|p1a: Scarlet Overqwil|move: Destiny Bond\n|faint|p2a: One Stone\n|\n|-weather|Sandstorm|[upkeep]\n|upkeep\n|c| Seesawbirdie|wait, are ghosts types not affected by sand storm?\n|l| mattyp347\n|c|\u2606PhantomYakuza|No more\n|c|\u2606D1770s|Lol fair\n|j| mattyp347\n|c|\u2606PhantomYakuza|It has sand rush which removes sandstorm damage\n|c| Seesawbirdie|oh\n|c| Seesawbirdie|i didnt know greavard has sand stream\n|c| Seesawbirdie|or sand rush\n|c|\u2606PhantomYakuza|Anyway NOT A 6-0 LETS GOOOOO\n|\n|t:|1700947748\n|switch|p1a: Tapu Hehe|Tapu Lele|100\/100\n|switch|p2a: Gastrodon-Ascend|Gastrodon-East, M|67\/100 tox\n|-damage|p1a: Tapu Hehe|88\/100|[from] Stealth Rock\n|-fieldstart|move: Psychic Terrain|[from] ability: Psychic Surge|[of] p1a: Tapu Hehe\n|-damage|p2a: Gastrodon-Ascend|61\/100 tox|[from] Stealth Rock\n|turn|29\n|c| mattyp347|WOOOOO\n|c| mattyp347|I wonder which of 2 moves ghostly is gonna click\n|c|\u2606PhantomYakuza|Stored power\n|c|\u2606PhantomYakuza|you know it\n|c| mattyp347|Tapu lele laughs in the face of coverage moves\n|\n|t:|1700947829\n|-terastallize|p2a: Gastrodon-Ascend|Flying\n|move|p1a: Tapu Hehe|Psyshock|p2a: Gastrodon-Ascend\n|-damage|p2a: Gastrodon-Ascend|6\/100 tox\n|move|p2a: Gastrodon-Ascend|Earth Power|p1a: Tapu Hehe\n|-damage|p1a: Tapu Hehe|57\/100\n|\n|-weather|Sandstorm|[upkeep]\n|-damage|p1a: Tapu Hehe|51\/100|[from] Sandstorm\n|-heal|p2a: Gastrodon-Ascend|12\/100 tox|[from] item: Leftovers\n|-damage|p2a: Gastrodon-Ascend|6\/100 tox|[from] psn\n|upkeep\n|turn|30\n|l| mattyp347\n|j| mattyp347\n|c| Seesawbirdie|thats why its called tapu hehe\n|c| mattyp347|That was\n|c| mattyp347|A decision\n|c|\u2606PhantomYakuza|Man\n|c|\u2606PhantomYakuza|thats racially motivated\n|c| mattyp347|LOL\n|\n|t:|1700947856\n|move|p1a: Tapu Hehe|Moonblast|p2a: Gastrodon-Ascend\n|-damage|p2a: Gastrodon-Ascend|0 fnt\n|faint|p2a: Gastrodon-Ascend\n|\n|-weather|none\n|upkeep\n|c|\u2606D1770s|Lol\n|\n|t:|1700947868\n|switch|p2a: Two Bird|Tapu Koko|36\/100\n|-damage|p2a: Two Bird|24\/100|[from] Stealth Rock\n|-fieldstart|move: Electric Terrain|[from] ability: Electric Surge|[of] p2a: Two Bird\n|turn|31\n|c| mattyp347|Not choiced \ud83e\udd14\n|j| SerpySerper56\n|\n|t:|1700947896\n|move|p2a: Two Bird|Light Screen|p2a: Two Bird\n|-sidestart|p2: D1770s|move: Light Screen\n|move|p1a: Tapu Hehe|Psychic|p2a: Two Bird\n|-damage|p2a: Two Bird|0 fnt\n|faint|p2a: Two Bird\n|\n|upkeep\n|c|\u2606PhantomYakuza|Everyone has a choice matthew\n|c|\u2606PhantomYakuza|whats yours\n|\n|t:|1700947903\n|switch|p2a: One Blade|Iron Valiant|100\/100\n|-damage|p2a: One Blade|94\/100|[from] Stealth Rock\n|-activate|p2a: One Blade|ability: Quark Drive\n|-start|p2a: One Blade|quarkdrivespe\n|turn|32\n|c| mattyp347|Aight I gotta go work gl you two\n|l| mattyp347\n|c| Seesawbirdie|see ya matty\n|c|\u2606D1770s|Bye\n|\n|t:|1700947921\n|switch|p1a: Megan\u2019s Meat|Gallade-Mega, M|82\/100\n|-damage|p1a: Megan\u2019s Meat|76\/100|[from] Stealth Rock\n|move|p2a: One Blade|Poison Jab|p1a: Megan\u2019s Meat\n|-damage|p1a: Megan\u2019s Meat|34\/100\n|-damage|p2a: One Blade|85\/100|[from] item: Life Orb\n|\n|upkeep\n|turn|33\n|\n|t:|1700947935\n|move|p2a: One Blade|Spirit Break|p1a: Megan\u2019s Meat\n|-supereffective|p1a: Megan\u2019s Meat\n|-damage|p1a: Megan\u2019s Meat|0 fnt\n|faint|p1a: Megan\u2019s Meat\n|-damage|p2a: One Blade|75\/100|[from] item: Life Orb\n|\n|upkeep\n|\n|t:|1700947942\n|switch|p1a: Tapu Hehe|Tapu Lele|51\/100\n|-damage|p1a: Tapu Hehe|39\/100|[from] Stealth Rock\n|-fieldstart|move: Psychic Terrain|[from] ability: Psychic Surge|[of] p1a: Tapu Hehe\n|-end|p2a: One Blade|Quark Drive\n|turn|34\n|c| SerpySerper56|I can't believe new gallade defeated old gallade\n|\n|t:|1700947963\n|move|p2a: One Blade|Poison Jab|p1a: Tapu Hehe\n|-supereffective|p1a: Tapu Hehe\n|-crit|p1a: Tapu Hehe\n|-damage|p1a: Tapu Hehe|0 fnt\n|faint|p1a: Tapu Hehe\n|-damage|p2a: One Blade|65\/100|[from] item: Life Orb\n|\n|upkeep\n|\n|t:|1700947965\n|switch|p1a: Netherite Moth|Iron Moth|100\/100\n|-damage|p1a: Netherite Moth|76\/100|[from] Stealth Rock\n|turn|35\n|c|\u2606PhantomYakuza|Crit mattered?\n|c|\u2606D1770s|Hehe, serpy\n|\n|t:|1700947986\n|move|p1a: Netherite Moth|Fiery Dance|p2a: One Blade\n|-damage|p2a: One Blade|28\/100\n|move|p2a: One Blade|Zen Headbutt|p1a: Netherite Moth\n|-supereffective|p1a: Netherite Moth\n|-damage|p1a: Netherite Moth|0 fnt\n|faint|p1a: Netherite Moth\n|-end|p1a: Netherite Moth|Quark Drive|[silent]\n|-damage|p2a: One Blade|18\/100|[from] item: Life Orb\n|\n|win|D1770s\n|c|\u2606PhantomYakuza|That is a lot of crits this fight lol\n|c| Seesawbirdie|gg\n|c|\u2606PhantomYakuza|Gg\n|c|\u2606D1770s|Phew\n|c| SerpySerper56|Ggs\n|c|\u2606D1770s|gg\n|c| Seesawbirdie|times 1\n|l| SerpySerper56\n|c|\u2606D1770s|Gimme a sec\n|c|\u2606PhantomYakuza|Game 2\n|c|\u2606D1770s|then 2\n|c|\u2606PhantomYakuza|aight\n|l|\u2606PhantomYakuza\n","uploadtime":1700948015,"views":6,"p1id":"phantomyakuza","p2id":"d1770s","formatid":"gen9nationaldex","rating":0,"private":0,"password":""}