{"id":"gen9nationaldex-1990439759","p1":"ido1234567890","p2":"itay80771","format":"[Gen 9] National Dex","log":"|j|\u2606ido1234567890\n|j|\u2606itay80771\n|t:|1699971134\n|gametype|singles\n|player|p1|ido1234567890|lucas|\n|player|p2|itay80771|alder|\n|teamsize|p1|6\n|teamsize|p2|6\n|gen|9\n|tier|[Gen 9] National Dex\n|rule|HP Percentage Mod: HP is shown in percentages\n|rule|Endless Battle Clause: Forcing endless battles is banned\n|rule|OHKO Clause: OHKO moves are banned\n|rule|Evasion Clause: Evasion abilities, items, and moves are banned\n|rule|Evasion Abilities Clause: Evasion abilities are banned\n|rule|Evasion Items Clause: Evasion items are banned\n|rule|Evasion Moves Clause: Evasion moves are banned\n|rule|Species Clause: Limit one of each Pok\u00e9mon\n|rule|Sleep Clause Mod: Limit one foe put to sleep\n|clearpoke\n|poke|p1|Sneasler, M|\n|poke|p1|Charizard, M|\n|poke|p1|Greninja-*, M|\n|poke|p1|Excadrill, F|\n|poke|p1|Tapu Koko|\n|poke|p1|Iron Valiant|\n|poke|p2|Landorus-Therian, M|\n|poke|p2|Clodsire, M|\n|poke|p2|Excadrill, F|\n|poke|p2|Hippowdon, M|\n|poke|p2|Garchomp, F|\n|poke|p2|Torterra, F|\n|teampreview\n|inactive|Battle timer is ON: inactive players will automatically lose when time's up. (requested by itay80771)\n|\n|t:|1699971157\n|start\n|switch|p1a: Charizard|Charizard, M|100\/100\n|switch|p2a: Behemoth|Landorus-Therian, M, shiny|100\/100\n|-ability|p2a: Behemoth|Intimidate|boost\n|-unboost|p1a: Charizard|atk|1\n|turn|1\n|\n|t:|1699971163\n|detailschange|p1a: Charizard|Charizard-Mega-Y, M\n|-mega|p1a: Charizard|Charizard|Charizardite Y\n|-weather|SunnyDay|[from] ability: Drought|[of] p1a: Charizard\n|move|p1a: Charizard|Weather Ball|p2a: Behemoth\n|-damage|p2a: Behemoth|0 fnt\n|faint|p2a: Behemoth\n|\n|-weather|SunnyDay|[upkeep]\n|upkeep\n|\n|t:|1699971174\n|switch|p2a: Madara|Garchomp, F|100\/100\n|turn|2\n|\n|t:|1699971179\n|detailschange|p2a: Madara|Garchomp-Mega, F\n|-mega|p2a: Madara|Garchomp|Garchompite\n|move|p1a: Charizard|Dragon Pulse|p2a: Madara\n|-supereffective|p2a: Madara\n|-damage|p2a: Madara|30\/100\n|move|p2a: Madara|Scale Shot|p1a: Charizard\n|-damage|p1a: Charizard|77\/100\n|-damage|p1a: Charizard|53\/100\n|-hitcount|p1a: Charizard|2\n|-unboost|p2a: Madara|def|1\n|-boost|p2a: Madara|spe|1\n|\n|-weather|SunnyDay|[upkeep]\n|upkeep\n|turn|3\n|\n|t:|1699971189\n|move|p2a: Madara|Stone Edge|p1a: Charizard|[miss]\n|-miss|p2a: Madara|p1a: Charizard\n|move|p1a: Charizard|Dragon Pulse|p2a: Madara\n|-supereffective|p2a: Madara\n|-damage|p2a: Madara|0 fnt\n|faint|p2a: Madara\n|\n|-weather|SunnyDay|[upkeep]\n|upkeep\n|\n|t:|1699971198\n|switch|p2a: Happy Hippo|Hippowdon, M|100\/100\n|-weather|Sandstorm|[from] ability: Sand Stream|[of] p2a: Happy Hippo\n|turn|4\n|\n|t:|1699971205\n|switch|p1a: Tapu Koko|Tapu Koko|100\/100\n|-fieldstart|move: Electric Terrain|[from] ability: Electric Surge|[of] p1a: Tapu Koko\n|move|p2a: Happy Hippo|Curse|p2a: Happy Hippo\n|-unboost|p2a: Happy Hippo|spe|1\n|-boost|p2a: Happy Hippo|atk|1\n|-boost|p2a: Happy Hippo|def|1\n|\n|-weather|Sandstorm|[upkeep]\n|-damage|p1a: Tapu Koko|94\/100|[from] Sandstorm\n|upkeep\n|turn|5\n|\n|t:|1699971213\n|move|p1a: Tapu Koko|Reflect|p1a: Tapu Koko\n|-sidestart|p1: ido1234567890|Reflect\n|move|p2a: Happy Hippo|Earthquake|p1a: Tapu Koko\n|-supereffective|p1a: Tapu Koko\n|-damage|p1a: Tapu Koko|0 fnt\n|faint|p1a: Tapu Koko\n|\n|-weather|Sandstorm|[upkeep]\n|upkeep\n|\n|t:|1699971220\n|switch|p1a: Charizard|Charizard-Mega-Y, M|53\/100\n|-weather|SunnyDay|[from] ability: Drought|[of] p1a: Charizard\n|turn|6\n|\n|t:|1699971231\n|switch|p2a: Pooper 2.0|Clodsire, M, shiny|100\/100\n|move|p1a: Charizard|Solar Beam||[still]\n|-prepare|p1a: Charizard|Solar Beam\n|-anim|p1a: Charizard|Solar Beam|p2a: Pooper 2.0\n|-damage|p2a: Pooper 2.0|74\/100\n|\n|-weather|SunnyDay|[upkeep]\n|upkeep\n|turn|7\n|\n|t:|1699971237\n|move|p1a: Charizard|Weather Ball|p2a: Pooper 2.0\n|-damage|p2a: Pooper 2.0|25\/100\n|move|p2a: Pooper 2.0|Toxic|p1a: Charizard\n|-status|p1a: Charizard|tox\n|\n|-weather|SunnyDay|[upkeep]\n|-damage|p1a: Charizard|47\/100 tox|[from] psn\n|upkeep\n|turn|8\n|\n|t:|1699971244\n|move|p1a: Charizard|Weather Ball|p2a: Pooper 2.0\n|-damage|p2a: Pooper 2.0|0 fnt\n|faint|p2a: Pooper 2.0\n|\n|-weather|SunnyDay|[upkeep]\n|-damage|p1a: Charizard|35\/100 tox|[from] psn\n|upkeep\n|\n|t:|1699971255\n|switch|p2a: Broccoli|Torterra, F|100\/100\n|turn|9\n|\n|t:|1699971263\n|-terastallize|p2a: Broccoli|Water\n|move|p1a: Charizard|Weather Ball|p2a: Broccoli\n|-resisted|p2a: Broccoli\n|-damage|p2a: Broccoli|47\/100\n|move|p2a: Broccoli|Shell Smash|p2a: Broccoli\n|-unboost|p2a: Broccoli|def|1\n|-unboost|p2a: Broccoli|spd|1\n|-boost|p2a: Broccoli|atk|2\n|-boost|p2a: Broccoli|spa|2\n|-boost|p2a: Broccoli|spe|2\n|\n|-weather|SunnyDay|[upkeep]\n|-damage|p1a: Charizard|16\/100 tox|[from] psn\n|-sideend|p1: ido1234567890|Reflect\n|upkeep\n|turn|10\n|j| bidoofol\n|\n|t:|1699971276\n|move|p2a: Broccoli|Rock Blast|p1a: Charizard\n|-supereffective|p1a: Charizard\n|-damage|p1a: Charizard|0 fnt\n|faint|p1a: Charizard\n|-hitcount|p1: Charizard|1\n|\n|-weather|none\n|upkeep\n|\n|t:|1699971281\n|switch|p1a: Sneasler|Sneasler, M|100\/100\n|-enditem|p1a: Sneasler|Electric Seed\n|-boost|p1a: Sneasler|def|1|[from] item: Electric Seed\n|turn|11\n|c| bidoofol|\u05d1\u05e8\u05d5 \u05e9\u05d9\u05e0\u05d4 \u05e9\u05e0\u05d9 \u05e4\u05d5\u05e7\u05d9\u05de\u05d5\u05e0\u05d9\u05dd \u05d1\u05d8\u05d9\u05dd \u05d5\u05e7\u05d5\u05e8\u05d0 \u05dc\u05d6\u05d4 \u05d8\u05d9\u05dd \u05d7\u05d3\u05e9?\n|c|\u2606ido1234567890|\u05db\u05df\n|\n|t:|1699971309\n|switch|p2a: Happy Hippo|Hippowdon, M|100\/100\n|-weather|Sandstorm|[from] ability: Sand Stream|[of] p2a: Happy Hippo\n|-terastallize|p1a: Sneasler|Flying\n|move|p1a: Sneasler|Acrobatics|p2a: Happy Hippo\n|-damage|p2a: Happy Hippo|62\/100\n|\n|-weather|Sandstorm|[upkeep]\n|-damage|p1a: Sneasler|95\/100|[from] Sandstorm\n|-fieldend|move: Electric Terrain\n|upkeep\n|turn|12\n|c|\u2606ido1234567890|\u05e1\u05e0\u05d9\u05d6\u05dc\u05e8 \u05d4\u05d9\u05e9\u05df \u05d5\u05d4\u05d8\u05d5\u05d1\n|c| bidoofol|\u05de\u05e8\u05e9\u05d9\u05dd \u05de\u05d4 \u05d0\u05e0\u05d9 \u05d0\u05d2\u05d9\u05d3\n|j| Ryoko87\n|\n|t:|1699971318\n|move|p1a: Sneasler|Taunt|p2a: Happy Hippo\n|-start|p2a: Happy Hippo|move: Taunt\n|cant|p2a: Happy Hippo|move: Taunt|Slack Off\n|\n|-weather|Sandstorm|[upkeep]\n|-damage|p1a: Sneasler|89\/100|[from] Sandstorm\n|upkeep\n|turn|13\n|\n|t:|1699971332\n|move|p1a: Sneasler|Dire Claw|p2a: Happy Hippo\n|-resisted|p2a: Happy Hippo\n|-damage|p2a: Happy Hippo|48\/100\n|-status|p2a: Happy Hippo|par\n|cant|p2a: Happy Hippo|par\n|\n|-weather|Sandstorm|[upkeep]\n|-damage|p1a: Sneasler|83\/100|[from] Sandstorm\n|upkeep\n|turn|14\n|\n|t:|1699971340\n|switch|p2a: Moldera|Excadrill, F, shiny|100\/100\n|move|p1a: Sneasler|Close Combat|p2a: Moldera\n|-supereffective|p2a: Moldera\n|-enditem|p2a: Moldera|Focus Sash\n|-damage|p2a: Moldera|1\/100\n|-unboost|p1a: Sneasler|def|1\n|-unboost|p1a: Sneasler|spd|1\n|\n|-weather|Sandstorm|[upkeep]\n|-damage|p1a: Sneasler|77\/100|[from] Sandstorm\n|upkeep\n|turn|15\n|\n|t:|1699971351\n|move|p1a: Sneasler|Acrobatics|p2a: Moldera\n|-resisted|p2a: Moldera\n|-damage|p2a: Moldera|0 fnt\n|faint|p2a: Moldera\n|\n|-weather|Sandstorm|[upkeep]\n|-damage|p1a: Sneasler|71\/100|[from] Sandstorm\n|upkeep\n|\n|t:|1699971354\n|switch|p2a: Happy Hippo|Hippowdon, M|48\/100 par\n|turn|16\n|\n|t:|1699971358\n|move|p1a: Sneasler|Close Combat|p2a: Happy Hippo\n|-damage|p2a: Happy Hippo|3\/100 par\n|-unboost|p1a: Sneasler|def|1\n|-unboost|p1a: Sneasler|spd|1\n|cant|p2a: Happy Hippo|par\n|\n|-weather|Sandstorm|[upkeep]\n|-damage|p1a: Sneasler|65\/100|[from] Sandstorm\n|upkeep\n|turn|17\n|l| bidoofol\n|\n|t:|1699971367\n|move|p1a: Sneasler|Acrobatics|p2a: Happy Hippo\n|-crit|p2a: Happy Hippo\n|-damage|p2a: Happy Hippo|0 fnt\n|faint|p2a: Happy Hippo\n|\n|-weather|Sandstorm|[upkeep]\n|-damage|p1a: Sneasler|59\/100|[from] Sandstorm\n|upkeep\n|\n|t:|1699971371\n|switch|p2a: Broccoli|Torterra, F, tera:Water|47\/100\n|turn|18\n|\n|t:|1699971374\n|move|p1a: Sneasler|Acrobatics|p2a: Broccoli\n|-damage|p2a: Broccoli|0 fnt\n|faint|p2a: Broccoli\n|\n|win|ido1234567890\n","uploadtime":1699971378,"views":14,"p1id":"ido1234567890","p2id":"itay80771","formatid":"gen9nationaldex","rating":0,"private":0,"password":""}