{"id":"gen9nationaldex-1994098913","p1":"Garry97","p2":"Spookycooke","format":"[Gen 9] National Dex","log":"|j|\u2606Garry97\n|j|\u2606Spookycooke\n|t:|1700406667\n|gametype|singles\n|player|p1|Garry97|eri|1614\n|player|p2|Spookycooke|allister|1780\n|teamsize|p1|6\n|teamsize|p2|6\n|gen|9\n|tier|[Gen 9] National Dex\n|rated|\n|rule|HP Percentage Mod: HP is shown in percentages\n|rule|Endless Battle Clause: Forcing endless battles is banned\n|rule|OHKO Clause: OHKO moves are banned\n|rule|Evasion Clause: Evasion abilities, items, and moves are banned\n|rule|Evasion Abilities Clause: Evasion abilities are banned\n|rule|Evasion Items Clause: Evasion items are banned\n|rule|Evasion Moves Clause: Evasion moves are banned\n|rule|Species Clause: Limit one of each Pok\u00e9mon\n|rule|Sleep Clause Mod: Limit one foe put to sleep\n|clearpoke\n|poke|p1|Volcarona, F|\n|poke|p1|Lucario, M|\n|poke|p1|Aggron, M|\n|poke|p1|Gardevoir, F|\n|poke|p1|Milotic, F|\n|poke|p1|Salamence, M|\n|poke|p2|Ribombee, F|\n|poke|p2|Nihilego|\n|poke|p2|Kartana|\n|poke|p2|Great Tusk|\n|poke|p2|Banette, M|\n|poke|p2|Skeledirge, M|\n|teampreview\n|inactive|Battle timer is ON: inactive players will automatically lose when time's up. (requested by Spookycooke)\n|\n|t:|1700406686\n|start\n|switch|p1a: Dracule Mihawk|Salamence, M|100\/100\n|switch|p2a: Ribombee|Ribombee, F|100\/100\n|-ability|p1a: Dracule Mihawk|Intimidate|boost\n|-unboost|p2a: Ribombee|atk|1\n|turn|1\n|\n|t:|1700406693\n|switch|p2a: Banette|Banette, M|100\/100\n|-item|p1a: Dracule Mihawk|Life Orb|[from] ability: Frisk|[of] p2a: Banette|[identify]\n|move|p1a: Dracule Mihawk|Dual Wingbeat|p2a: Banette|[miss]\n|-miss|p1a: Dracule Mihawk|p2a: Banette\n|\n|upkeep\n|turn|2\n|\n|t:|1700406715\n|switch|p1a: Ogopogo|Milotic, F|100\/100\n|detailschange|p2a: Banette|Banette-Mega, M\n|-mega|p2a: Banette|Banette|Banettite\n|move|p2a: Banette|Will-O-Wisp|p1a: Ogopogo|[miss]\n|-miss|p2a: Banette|p1a: Ogopogo\n|\n|upkeep\n|turn|3\n|\n|t:|1700406728\n|switch|p2a: Ribombee|Ribombee, F|100\/100\n|move|p1a: Ogopogo|Toxic|p2a: Ribombee\n|-status|p2a: Ribombee|tox\n|\n|-damage|p2a: Ribombee|94\/100 tox|[from] psn\n|upkeep\n|turn|4\n|\n|t:|1700406737\n|switch|p1a: Elena FDEZ|Gardevoir, F|100\/100\n|-ability|p1a: Elena FDEZ|Shield Dust|[from] ability: Trace|[of] p2a: Ribombee\n|move|p2a: Ribombee|Sticky Web|p1a: Elena FDEZ\n|-sidestart|p1: Garry97|move: Sticky Web\n|\n|-damage|p2a: Ribombee|82\/100 tox|[from] psn\n|upkeep\n|turn|5\n|j| zhao\u2740jinmai\n|\n|t:|1700406749\n|move|p1a: Elena FDEZ|Psychic|p2a: Ribombee\n|-damage|p2a: Ribombee|0 fnt\n|faint|p2a: Ribombee\n|\n|upkeep\n|\n|t:|1700406753\n|switch|p2a: Skeledirge|Skeledirge, M|100\/100\n|turn|6\n|\n|t:|1700406760\n|switch|p1a: Dracule Mihawk|Salamence, M|100\/100\n|-ability|p1a: Dracule Mihawk|Intimidate|boost\n|-unboost|p2a: Skeledirge|atk|1\n|move|p2a: Skeledirge|Torch Song|p1a: Dracule Mihawk\n|-resisted|p1a: Dracule Mihawk\n|-damage|p1a: Dracule Mihawk|82\/100\n|-boost|p2a: Skeledirge|spa|1\n|\n|upkeep\n|turn|7\n|\n|t:|1700406769\n|move|p1a: Dracule Mihawk|Defog|p2a: Skeledirge\n|-unboost|p2a: Skeledirge|evasion|1\n|-sideend|p1: Garry97|Sticky Web|[from] move: Defog|[of] p1a: Dracule Mihawk\n|move|p2a: Skeledirge|Will-O-Wisp|p1a: Dracule Mihawk\n|-status|p1a: Dracule Mihawk|brn\n|\n|-damage|p1a: Dracule Mihawk|76\/100 brn|[from] brn\n|upkeep\n|turn|8\n|\n|t:|1700406783\n|switch|p1a: Ogopogo|Milotic, F|100\/100\n|move|p2a: Skeledirge|Torch Song|p1a: Ogopogo\n|-resisted|p1a: Ogopogo\n|-damage|p1a: Ogopogo|89\/100\n|-boost|p2a: Skeledirge|spa|1\n|\n|-heal|p1a: Ogopogo|95\/100|[from] item: Leftovers\n|upkeep\n|turn|9\n|\n|t:|1700406793\n|switch|p2a: Nihilego|Nihilego|100\/100\n|move|p1a: Ogopogo|Toxic|p2a: Nihilego|[miss]\n|-miss|p1a: Ogopogo|p2a: Nihilego\n|\n|-heal|p1a: Ogopogo|100\/100|[from] item: Leftovers\n|upkeep\n|turn|10\n|j| KoKohs\n|\n|t:|1700406803\n|move|p2a: Nihilego|Meteor Beam||[still]\n|-prepare|p2a: Nihilego|Meteor Beam\n|-boost|p2a: Nihilego|spa|1\n|-enditem|p2a: Nihilego|Power Herb\n|-anim|p2a: Nihilego|Meteor Beam|p1a: Ogopogo\n|-damage|p1a: Ogopogo|48\/100\n|move|p1a: Ogopogo|Surf|p2a: Nihilego\n|-supereffective|p2a: Nihilego\n|-damage|p2a: Nihilego|55\/100\n|\n|-heal|p1a: Ogopogo|54\/100|[from] item: Leftovers\n|upkeep\n|turn|11\n|\n|t:|1700406818\n|move|p2a: Nihilego|Grass Knot|p1a: Ogopogo\n|-supereffective|p1a: Ogopogo\n|-damage|p1a: Ogopogo|2\/100\n|move|p1a: Ogopogo|Haze|p1a: Ogopogo\n|-clearallboost\n|\n|-heal|p1a: Ogopogo|8\/100|[from] item: Leftovers\n|upkeep\n|turn|12\n|\n|t:|1700406829\n|switch|p1a: Dracule Mihawk|Salamence, M|76\/100 brn\n|-ability|p1a: Dracule Mihawk|Intimidate|boost\n|-unboost|p2a: Nihilego|atk|1\n|move|p2a: Nihilego|Sludge Wave|p1a: Dracule Mihawk\n|-damage|p1a: Dracule Mihawk|13\/100 brn\n|\n|-damage|p1a: Dracule Mihawk|7\/100 brn|[from] brn\n|upkeep\n|turn|13\n|\n|t:|1700406839\n|switch|p1a: Reinhardt|Aggron, M|100\/100\n|move|p2a: Nihilego|Sludge Wave|p1a: Reinhardt\n|-immune|p1a: Reinhardt\n|\n|upkeep\n|turn|14\n|\n|t:|1700406850\n|switch|p2a: Banette|Banette-Mega, M|100\/100\n|switch|p1a: Elena FDEZ|Gardevoir, F|100\/100\n|-ability|p1a: Elena FDEZ|Prankster|[from] ability: Trace|[of] p2a: Banette\n|\n|upkeep\n|turn|15\n|\n|t:|1700406864\n|switch|p1a: Dracule Mihawk|Salamence, M|7\/100 brn\n|-ability|p1a: Dracule Mihawk|Intimidate|boost\n|-unboost|p2a: Banette|atk|1\n|switch|p2a: Nihilego|Nihilego|55\/100\n|\n|-damage|p1a: Dracule Mihawk|1\/100 brn|[from] brn\n|upkeep\n|turn|16\n|\n|t:|1700406887\n|switch|p1a: Reinhardt|Aggron, M|100\/100\n|move|p2a: Nihilego|Sludge Wave|p1a: Reinhardt\n|-immune|p1a: Reinhardt\n|\n|upkeep\n|turn|17\n|\n|t:|1700406894\n|detailschange|p1a: Reinhardt|Aggron-Mega, M\n|-mega|p1a: Reinhardt|Aggron|Aggronite\n|move|p2a: Nihilego|Hidden Power|p1a: Reinhardt\n|-supereffective|p1a: Reinhardt\n|-damage|p1a: Reinhardt|60\/100\n|move|p1a: Reinhardt|Heavy Slam|p2a: Nihilego\n|-supereffective|p2a: Nihilego\n|-damage|p2a: Nihilego|0 fnt\n|faint|p2a: Nihilego\n|\n|upkeep\n|\n|t:|1700406898\n|switch|p2a: Skeledirge|Skeledirge, M|100\/100\n|turn|18\n|\n|t:|1700406912\n|switch|p1a: Dracule Mihawk|Salamence, M|1\/100 brn\n|-ability|p1a: Dracule Mihawk|Intimidate|boost\n|-unboost|p2a: Skeledirge|atk|1\n|move|p2a: Skeledirge|Torch Song|p1a: Dracule Mihawk\n|-resisted|p1a: Dracule Mihawk\n|-damage|p1a: Dracule Mihawk|0 fnt\n|-boost|p2a: Skeledirge|spa|1\n|faint|p1a: Dracule Mihawk\n|\n|upkeep\n|\n|t:|1700406929\n|switch|p1a: Ogopogo|Milotic, F|8\/100\n|turn|19\n|\n|t:|1700406937\n|move|p1a: Ogopogo|Recover|p1a: Ogopogo\n|-heal|p1a: Ogopogo|59\/100\n|move|p2a: Skeledirge|Torch Song|p1a: Ogopogo\n|-resisted|p1a: Ogopogo\n|-damage|p1a: Ogopogo|47\/100\n|-boost|p2a: Skeledirge|spa|1\n|\n|-heal|p1a: Ogopogo|53\/100|[from] item: Leftovers\n|upkeep\n|turn|20\n|\n|t:|1700406947\n|switch|p2a: Kartana|Kartana|100\/100\n|move|p1a: Ogopogo|Haze|p1a: Ogopogo\n|-clearallboost\n|\n|-heal|p1a: Ogopogo|59\/100|[from] item: Leftovers\n|upkeep\n|turn|21\n|\n|t:|1700406956\n|switch|p1a: Reinhardt|Aggron-Mega, M|60\/100\n|move|p2a: Kartana|Knock Off|p1a: Reinhardt\n|-damage|p1a: Reinhardt|50\/100\n|\n|upkeep\n|turn|22\n|\n|t:|1700406968\n|switch|p2a: Banette|Banette-Mega, M|100\/100\n|move|p1a: Reinhardt|Stealth Rock|p2a: Banette\n|-sidestart|p2: Spookycooke|move: Stealth Rock\n|\n|upkeep\n|turn|23\n|\n|t:|1700406976\n|switch|p1a: Mothra|Volcarona, F|100\/100\n|move|p2a: Banette|Will-O-Wisp|p1a: Mothra\n|-immune|p1a: Mothra\n|\n|upkeep\n|turn|24\n|\n|t:|1700406984\n|move|p2a: Banette|Taunt|p1a: Mothra\n|-start|p1a: Mothra|move: Taunt\n|move|p1a: Mothra|Fiery Dance|p2a: Banette\n|-damage|p2a: Banette|49\/100\n|\n|upkeep\n|turn|25\n|j| ND9GD GOLDCHAINS\n|\n|t:|1700406991\n|move|p2a: Banette|Destiny Bond|p2a: Banette\n|-singlemove|p2a: Banette|Destiny Bond\n|move|p1a: Mothra|Fiery Dance|p2a: Banette\n|-damage|p2a: Banette|0 fnt\n|-boost|p1a: Mothra|spa|1\n|faint|p2a: Banette\n|-activate|p2a: Banette|move: Destiny Bond\n|faint|p1a: Mothra\n|\n|upkeep\n|\n|t:|1700407010\n|switch|p1a: Elena FDEZ|Gardevoir, F|100\/100\n|switch|p2a: Great Tusk|Great Tusk|100\/100\n|-damage|p2a: Great Tusk|98\/100|[from] Stealth Rock\n|turn|26\n|\n|t:|1700407025\n|-terastallize|p2a: Great Tusk|Ice\n|move|p1a: Elena FDEZ|Psychic|p2a: Great Tusk\n|-damage|p2a: Great Tusk|28\/100\n|-unboost|p2a: Great Tusk|spd|1\n|move|p2a: Great Tusk|Headlong Rush|p1a: Elena FDEZ\n|-damage|p1a: Elena FDEZ|0 fnt\n|-unboost|p2a: Great Tusk|def|1\n|-unboost|p2a: Great Tusk|spd|1\n|faint|p1a: Elena FDEZ\n|\n|-heal|p2a: Great Tusk|34\/100|[from] item: Leftovers\n|upkeep\n|\n|t:|1700407039\n|switch|p1a: Lord Beerus|Lucario, M|100\/100\n|turn|27\n|\n|t:|1700407049\n|-end|p2a: Great Tusk|Protosynthesis|[silent]\n|switch|p2a: Skeledirge|Skeledirge, M|100\/100\n|-damage|p2a: Skeledirge|75\/100|[from] Stealth Rock\n|move|p1a: Lord Beerus|Extreme Speed|p2a: Skeledirge\n|-immune|p2a: Skeledirge\n|\n|-heal|p2a: Skeledirge|82\/100|[from] item: Leftovers\n|upkeep\n|turn|28\n|\n|t:|1700407063\n|switch|p1a: Ogopogo|Milotic, F|59\/100\n|move|p2a: Skeledirge|Will-O-Wisp|p1a: Ogopogo\n|-status|p1a: Ogopogo|brn\n|\n|-heal|p1a: Ogopogo|65\/100 brn|[from] item: Leftovers\n|-heal|p2a: Skeledirge|88\/100|[from] item: Leftovers\n|-damage|p1a: Ogopogo|59\/100 brn|[from] brn\n|upkeep\n|turn|29\n|\n|t:|1700407076\n|switch|p2a: Kartana|Kartana|100\/100\n|-damage|p2a: Kartana|94\/100|[from] Stealth Rock\n|move|p1a: Ogopogo|Surf|p2a: Kartana\n|-resisted|p2a: Kartana\n|-damage|p2a: Kartana|49\/100\n|\n|-heal|p1a: Ogopogo|65\/100 brn|[from] item: Leftovers\n|-damage|p1a: Ogopogo|59\/100 brn|[from] brn\n|upkeep\n|turn|30\n|\n|t:|1700407091\n|switch|p2a: Great Tusk|Great Tusk, tera:Ice|34\/100\n|-damage|p2a: Great Tusk|9\/100|[from] Stealth Rock\n|-terastallize|p1a: Ogopogo|Dragon\n|move|p1a: Ogopogo|Surf|p2a: Great Tusk\n|-damage|p2a: Great Tusk|0 fnt\n|faint|p2a: Great Tusk\n|-end|p2a: Great Tusk|Protosynthesis|[silent]\n|\n|-heal|p1a: Ogopogo|65\/100 brn|[from] item: Leftovers\n|-damage|p1a: Ogopogo|59\/100 brn|[from] brn\n|upkeep\n|\n|t:|1700407100\n|switch|p2a: Kartana|Kartana|49\/100\n|-damage|p2a: Kartana|43\/100|[from] Stealth Rock\n|turn|31\n|\n|t:|1700407108\n|switch|p1a: Lord Beerus|Lucario, M|100\/100\n|-zpower|p2a: Kartana\n|move|p2a: Kartana|Breakneck Blitz|p1a: Lord Beerus|[zeffect]\n|-resisted|p1a: Lord Beerus\n|-damage|p1a: Lord Beerus|31\/100\n|\n|upkeep\n|turn|32\n|\n|t:|1700407119\n|switch|p2a: Skeledirge|Skeledirge, M|88\/100\n|-damage|p2a: Skeledirge|63\/100|[from] Stealth Rock\n|move|p1a: Lord Beerus|Blaze Kick|p2a: Skeledirge\n|-resisted|p2a: Skeledirge\n|-damage|p2a: Skeledirge|49\/100\n|\n|-heal|p2a: Skeledirge|55\/100|[from] item: Leftovers\n|upkeep\n|turn|33\n|\n|t:|1700407132\n|move|p1a: Lord Beerus|Blaze Kick|p2a: Skeledirge|[miss]\n|-miss|p1a: Lord Beerus|p2a: Skeledirge\n|move|p2a: Skeledirge|Torch Song|p1a: Lord Beerus\n|-supereffective|p1a: Lord Beerus\n|-damage|p1a: Lord Beerus|0 fnt\n|-boost|p2a: Skeledirge|spa|1\n|faint|p1a: Lord Beerus\n|\n|-heal|p2a: Skeledirge|61\/100|[from] item: Leftovers\n|upkeep\n|\n|t:|1700407143\n|switch|p1a: Ogopogo|Milotic, F, tera:Dragon|59\/100 brn\n|turn|34\n|\n|t:|1700407146\n|move|p1a: Ogopogo|Surf|p2a: Skeledirge\n|-supereffective|p2a: Skeledirge\n|-damage|p2a: Skeledirge|0 fnt\n|faint|p2a: Skeledirge\n|\n|-heal|p1a: Ogopogo|65\/100 brn|[from] item: Leftovers\n|-damage|p1a: Ogopogo|59\/100 brn|[from] brn\n|upkeep\n|l| zhao\u2740jinmai\n|\n|t:|1700407150\n|switch|p2a: Kartana|Kartana|43\/100\n|-damage|p2a: Kartana|37\/100|[from] Stealth Rock\n|turn|35\n|-message|Spookycooke forfeited.\n|\n|win|Garry97\n|raw|Garry97's rating: 1614 &rarr; <strong>1643<\/strong><br \/>(+29 for winning)\n|raw|Spookycooke's rating: 1780 &rarr; <strong>1751<\/strong><br \/>(-29 for losing)\n|l|\u2606Spookycooke\n","uploadtime":1700407167,"views":29,"p1id":"garry97","p2id":"spookycooke","formatid":"gen9nationaldex","rating":1643,"private":0,"password":""}