{"id":"gen9nationaldex-1999073361","p1":"bczyeslol","p2":"Vvbttij","format":"[Gen 9] National Dex","log":"|html|<div class=\"broadcast-blue\"><strong>[Gen 9] National Dex is currently suspecting Sneasler! For information on how to participate check out the <a href=\"https:\/\/www.smogon.com\/forums\/threads\/sv-national-dex-suspect-8-just-dance.3731534\/\">suspect thread<\/a>.<\/strong><\/div>\n|j|\u2606bczyeslol\n|j|\u2606Vvbttij\n|t:|1701030299\n|gametype|singles\n|player|p1|bczyeslol|dawn-gen4pt|1266\n|player|p2|Vvbttij|red|1178\n|teamsize|p1|6\n|teamsize|p2|6\n|gen|9\n|tier|[Gen 9] National Dex\n|rated|\n|rule|HP Percentage Mod: HP is shown in percentages\n|rule|Endless Battle Clause: Forcing endless battles is banned\n|rule|OHKO Clause: OHKO moves are banned\n|rule|Evasion Clause: Evasion abilities, items, and moves are banned\n|rule|Evasion Abilities Clause: Evasion abilities are banned\n|rule|Evasion Items Clause: Evasion items are banned\n|rule|Evasion Moves Clause: Evasion moves are banned\n|rule|Species Clause: Limit one of each Pok\u00e9mon\n|rule|Sleep Clause Mod: Limit one foe put to sleep\n|clearpoke\n|poke|p1|Weavile, M|\n|poke|p1|Kartana|\n|poke|p1|Landorus-Therian, M|\n|poke|p1|Dragonite, M|\n|poke|p1|Gardevoir, F|\n|poke|p1|Wobbuffet, F|\n|poke|p2|Charizard, M|\n|poke|p2|Blastoise, M|\n|poke|p2|Venusaur, F|\n|poke|p2|Snorlax, M|\n|poke|p2|Lapras, M|\n|poke|p2|Pikachu, M|\n|teampreview\n|inactive|Battle timer is ON: inactive players will automatically lose when time's up. (requested by bczyeslol)\n|inactive|bczyeslol has 120 seconds left.\n|inactive|Vvbttij has 120 seconds left.\n|\n|t:|1701030334\n|start\n|switch|p1a: Weavile|Weavile, M, shiny|100\/100\n|switch|p2a: Blastoise|Blastoise, M|100\/100\n|turn|1\n|\n|t:|1701030344\n|move|p1a: Weavile|Beat Up|p2a: Blastoise\n|-damage|p2a: Blastoise|85\/100\n|-damage|p2a: Blastoise|63\/100\n|-crit|p2a: Blastoise\n|-damage|p2a: Blastoise|36\/100\n|-damage|p2a: Blastoise|19\/100\n|-damage|p2a: Blastoise|8\/100\n|-damage|p2a: Blastoise|0 fnt\n|faint|p2a: Blastoise\n|-hitcount|p2: Blastoise|6\n|\n|upkeep\n|\n|t:|1701030352\n|switch|p2a: Charizard|Charizard, M|100\/100\n|turn|2\n|\n|t:|1701030355\n|move|p1a: Weavile|Beat Up|p2a: Charizard\n|-damage|p2a: Charizard|80\/100\n|-damage|p2a: Charizard|54\/100\n|-damage|p2a: Charizard|30\/100\n|-damage|p2a: Charizard|9\/100\n|-enditem|p2a: Charizard|Salac Berry|[eat]\n|-boost|p2a: Charizard|spe|1|[from] item: Salac Berry\n|-damage|p2a: Charizard|0 fnt\n|faint|p2a: Charizard\n|-hitcount|p2: Charizard|5\n|\n|upkeep\n|\n|t:|1701030364\n|switch|p2a: Snorlax|Snorlax, M, shiny|100\/100\n|turn|3\n|\n|t:|1701030371\n|switch|p1a: Gardevoir|Gardevoir, F, shiny|100\/100\n|-ability|p1a: Gardevoir|Immunity|[from] ability: Trace|[of] p2a: Snorlax\n|-terastallize|p2a: Snorlax|Ghost\n|move|p2a: Snorlax|Power-Up Punch|p1a: Gardevoir\n|-resisted|p1a: Gardevoir\n|-damage|p1a: Gardevoir|94\/100\n|-boost|p2a: Snorlax|atk|1\n|-damage|p2a: Snorlax|91\/100|[from] item: Life Orb\n|\n|upkeep\n|turn|4\n|\n|t:|1701030375\n|detailschange|p1a: Gardevoir|Gardevoir-Mega, F, shiny\n|-mega|p1a: Gardevoir|Gardevoir|Gardevoirite\n|move|p1a: Gardevoir|Psyshock|p2a: Snorlax\n|-damage|p2a: Snorlax|41\/100\n|move|p2a: Snorlax|Crunch|p1a: Gardevoir\n|-damage|p1a: Gardevoir|9\/100\n|-unboost|p1a: Gardevoir|def|1\n|-damage|p2a: Snorlax|31\/100|[from] item: Life Orb\n|\n|upkeep\n|turn|5\n|\n|t:|1701030380\n|move|p1a: Gardevoir|Psyshock|p2a: Snorlax\n|-damage|p2a: Snorlax|0 fnt\n|faint|p2a: Snorlax\n|\n|upkeep\n|\n|t:|1701030381\n|switch|p2a: Lapras|Lapras, M|100\/100\n|turn|6\n|\n|t:|1701030385\n|move|p1a: Gardevoir|Focus Blast|p2a: Lapras\n|-supereffective|p2a: Lapras\n|-damage|p2a: Lapras|18\/100\n|move|p2a: Lapras|Dragon Dance|p2a: Lapras\n|-boost|p2a: Lapras|atk|1\n|-boost|p2a: Lapras|spe|1\n|\n|upkeep\n|turn|7\n|\n|t:|1701030394\n|move|p2a: Lapras|Ice Shard|p1a: Gardevoir\n|-damage|p1a: Gardevoir|0 fnt\n|faint|p1a: Gardevoir\n|\n|upkeep\n|\n|t:|1701030399\n|switch|p1a: Dragonite|Dragonite, M, shiny|100\/100\n|turn|8\n|\n|t:|1701030404\n|move|p2a: Lapras|Ice Shard|p1a: Dragonite\n|-supereffective|p1a: Dragonite\n|-damage|p1a: Dragonite|42\/100\n|move|p1a: Dragonite|Dragon Dance|p1a: Dragonite\n|-boost|p1a: Dragonite|atk|1\n|-boost|p1a: Dragonite|spe|1\n|\n|upkeep\n|turn|9\n|\n|t:|1701030407\n|move|p1a: Dragonite|Extreme Speed|p2a: Lapras\n|-damage|p2a: Lapras|0 fnt\n|faint|p2a: Lapras\n|\n|upkeep\n|\n|t:|1701030409\n|switch|p2a: Pikachu|Pikachu, M|100\/100\n|turn|10\n|\n|t:|1701030412\n|move|p1a: Dragonite|Earthquake|p2a: Pikachu\n|-supereffective|p2a: Pikachu\n|-damage|p2a: Pikachu|0 fnt\n|faint|p2a: Pikachu\n|\n|upkeep\n|\n|t:|1701030413\n|switch|p2a: Venusaur|Venusaur, F|100\/100\n|turn|11\n|\n|t:|1701030418\n|detailschange|p2a: Venusaur|Venusaur-Mega, F\n|-mega|p2a: Venusaur|Venusaur|Venusaurite\n|-zpower|p1a: Dragonite\n|move|p1a: Dragonite|Subzero Slammer|p2a: Venusaur|[zeffect]\n|-supereffective|p2a: Venusaur\n|-damage|p2a: Venusaur|48\/100\n|move|p2a: Venusaur|Curse|p2a: Venusaur\n|-unboost|p2a: Venusaur|spe|1\n|-boost|p2a: Venusaur|atk|1\n|-boost|p2a: Venusaur|def|1\n|\n|upkeep\n|turn|12\n|\n|t:|1701030423\n|move|p1a: Dragonite|Ice Spinner|p2a: Venusaur\n|-supereffective|p2a: Venusaur\n|-damage|p2a: Venusaur|31\/100\n|move|p2a: Venusaur|Synthesis|p2a: Venusaur\n|-heal|p2a: Venusaur|81\/100\n|\n|upkeep\n|turn|13\n|\n|t:|1701030427\n|move|p1a: Dragonite|Ice Spinner|p2a: Venusaur\n|-supereffective|p2a: Venusaur\n|-damage|p2a: Venusaur|64\/100\n|move|p2a: Venusaur|Leech Seed|p1a: Dragonite\n|-start|p1a: Dragonite|move: Leech Seed\n|\n|-damage|p1a: Dragonite|30\/100|[from] Leech Seed|[of] p2a: Venusaur\n|-heal|p2a: Venusaur|75\/100|[silent]\n|upkeep\n|turn|14\n|\n|t:|1701030429\n|move|p1a: Dragonite|Ice Spinner|p2a: Venusaur\n|-supereffective|p2a: Venusaur\n|-crit|p2a: Venusaur\n|-damage|p2a: Venusaur|33\/100\n|move|p2a: Venusaur|Curse|p2a: Venusaur\n|-unboost|p2a: Venusaur|spe|1\n|-boost|p2a: Venusaur|atk|1\n|-boost|p2a: Venusaur|def|1\n|\n|-damage|p1a: Dragonite|18\/100|[from] Leech Seed|[of] p2a: Venusaur\n|-heal|p2a: Venusaur|44\/100|[silent]\n|upkeep\n|turn|15\n|\n|t:|1701030433\n|move|p1a: Dragonite|Ice Spinner|p2a: Venusaur\n|-supereffective|p2a: Venusaur\n|-damage|p2a: Venusaur|30\/100\n|move|p2a: Venusaur|Synthesis|p2a: Venusaur\n|-heal|p2a: Venusaur|80\/100\n|\n|-damage|p1a: Dragonite|5\/100|[from] Leech Seed|[of] p2a: Venusaur\n|-heal|p2a: Venusaur|91\/100|[silent]\n|upkeep\n|turn|16\n|\n|t:|1701030437\n|move|p1a: Dragonite|Ice Spinner|p2a: Venusaur\n|-supereffective|p2a: Venusaur\n|-damage|p2a: Venusaur|77\/100\n|move|p2a: Venusaur|Curse|p2a: Venusaur\n|-unboost|p2a: Venusaur|spe|1\n|-boost|p2a: Venusaur|atk|1\n|-boost|p2a: Venusaur|def|1\n|\n|-damage|p1a: Dragonite|0 fnt|[from] Leech Seed|[of] p2a: Venusaur\n|-heal|p2a: Venusaur|82\/100|[silent]\n|faint|p1a: Dragonite\n|upkeep\n|\n|t:|1701030438\n|switch|p1a: Weavile|Weavile, M, shiny|100\/100\n|turn|17\n|\n|t:|1701030445\n|move|p1a: Weavile|Icicle Crash|p2a: Venusaur\n|-supereffective|p2a: Venusaur\n|-damage|p2a: Venusaur|65\/100\n|cant|p2a: Venusaur|flinch\n|\n|upkeep\n|turn|18\n|\n|t:|1701030449\n|move|p1a: Weavile|Icicle Crash|p2a: Venusaur\n|-supereffective|p2a: Venusaur\n|-damage|p2a: Venusaur|48\/100\n|move|p2a: Venusaur|Leech Seed|p1a: Weavile\n|-start|p1a: Weavile|move: Leech Seed\n|\n|-damage|p1a: Weavile|88\/100|[from] Leech Seed|[of] p2a: Venusaur\n|-heal|p2a: Venusaur|58\/100|[silent]\n|upkeep\n|turn|19\n|\n|t:|1701030454\n|move|p1a: Weavile|Icicle Crash|p2a: Venusaur\n|-supereffective|p2a: Venusaur\n|-damage|p2a: Venusaur|42\/100\n|move|p2a: Venusaur|Curse|p2a: Venusaur\n|-unboost|p2a: Venusaur|spe|1\n|-boost|p2a: Venusaur|atk|1\n|-boost|p2a: Venusaur|def|1\n|\n|-damage|p1a: Weavile|76\/100|[from] Leech Seed|[of] p2a: Venusaur\n|-heal|p2a: Venusaur|52\/100|[silent]\n|upkeep\n|turn|20\n|\n|t:|1701030459\n|switch|p1a: Wobbuffet|Wobbuffet, F, shiny|100\/100\n|move|p2a: Venusaur|Synthesis|p2a: Venusaur\n|-heal|p2a: Venusaur|100\/100\n|\n|upkeep\n|turn|21\n|\n|t:|1701030463\n|move|p1a: Wobbuffet|Encore|p2a: Venusaur\n|-start|p2a: Venusaur|Encore\n|move|p2a: Venusaur|Synthesis|p2a: Venusaur\n|-fail|p2a: Venusaur|heal\n|\n|upkeep\n|turn|22\n|\n|t:|1701030471\n|switch|p1a: Kartana|Kartana, shiny|100\/100\n|move|p2a: Venusaur|Synthesis|p2a: Venusaur\n|-fail|p2a: Venusaur|heal\n|\n|upkeep\n|turn|23\n|\n|t:|1701030476\n|move|p1a: Kartana|Smart Strike|p2a: Venusaur\n|-damage|p2a: Venusaur|91\/100\n|move|p2a: Venusaur|Synthesis|p2a: Venusaur\n|-heal|p2a: Venusaur|100\/100\n|\n|-end|p2a: Venusaur|Encore\n|upkeep\n|turn|24\n|\n|t:|1701030481\n|move|p1a: Kartana|Smart Strike|p2a: Venusaur\n|-damage|p2a: Venusaur|91\/100\n|move|p2a: Venusaur|Leech Seed|p1a: Kartana\n|-immune|p1a: Kartana\n|\n|upkeep\n|turn|25\n|\n|t:|1701030486\n|move|p1a: Kartana|Smart Strike|p2a: Venusaur\n|-damage|p2a: Venusaur|81\/100\n|move|p2a: Venusaur|Toxic|p1a: Kartana\n|-immune|p1a: Kartana\n|\n|upkeep\n|turn|26\n|-message|Vvbttij forfeited.\n|\n|win|bczyeslol\n|raw|bczyeslol's rating: 1266 &rarr; <strong>1285<\/strong><br \/>(+19 for winning)\n|raw|Vvbttij's rating: 1178 &rarr; <strong>1159<\/strong><br \/>(-19 for losing)\n|l|\u2606Vvbttij\n|c|\u2606bczyeslol|lol\n","uploadtime":1701030498,"views":3,"p1id":"bczyeslol","p2id":"vvbttij","formatid":"gen9nationaldex","rating":1159,"private":0,"password":""}