{"id":"gen9nationaldex-1995976246","p1":"lsj111","p2":"VinnyTheRose","format":"[Gen 9] National Dex","log":"|html|<div class=\"broadcast-blue\"><strong>[Gen 9] National Dex is currently suspecting Sneasler! For information on how to participate check out the <a href=\"https:\/\/www.smogon.com\/forums\/threads\/sv-national-dex-suspect-8-just-dance.3731534\/\">suspect thread<\/a>.<\/strong><\/div>\n|j|\u2606lsj111\n|j|\u2606VinnyTheRose\n|t:|1700624280\n|gametype|singles\n|player|p1|lsj111|102|1380\n|player|p2|VinnyTheRose|doubleteam|1397\n|teamsize|p1|6\n|teamsize|p2|6\n|gen|9\n|tier|[Gen 9] National Dex\n|rated|\n|rule|HP Percentage Mod: HP is shown in percentages\n|rule|Endless Battle Clause: Forcing endless battles is banned\n|rule|OHKO Clause: OHKO moves are banned\n|rule|Evasion Clause: Evasion abilities, items, and moves are banned\n|rule|Evasion Abilities Clause: Evasion abilities are banned\n|rule|Evasion Items Clause: Evasion items are banned\n|rule|Evasion Moves Clause: Evasion moves are banned\n|rule|Species Clause: Limit one of each Pok\u00e9mon\n|rule|Sleep Clause Mod: Limit one foe put to sleep\n|clearpoke\n|poke|p1|Heatran, F|\n|poke|p1|Greninja-*, M|\n|poke|p1|Landorus-Therian, M|\n|poke|p1|Medicham, M|\n|poke|p1|Rillaboom, F|\n|poke|p1|Slowking-Galar, M|\n|poke|p2|Rillaboom, F|\n|poke|p2|Skeledirge, F|\n|poke|p2|Rotom-Wash|\n|poke|p2|Jirachi|\n|poke|p2|Gardevoir, M|\n|poke|p2|Volcarona, M|\n|teampreview\n|inactive|Battle timer is ON: inactive players will automatically lose when time's up. (requested by VinnyTheRose)\n|inactive|lsj111 also wants the timer to be on.\n|\n|t:|1700624289\n|start\n|switch|p1a: Heatran|Heatran, F|100\/100\n|switch|p2a: Jirachi|Jirachi|100\/100\n|turn|1\n|\n|t:|1700624310\n|move|p2a: Jirachi|U-turn|p1a: Heatran\n|-resisted|p1a: Heatran\n|-damage|p1a: Heatran|96\/100\n|\n|t:|1700624323\n|switch|p2a: Rotom|Rotom-Wash|100\/100|[from] U-turn\n|move|p1a: Heatran|Stealth Rock|p2a: Rotom\n|-sidestart|p2: VinnyTheRose|move: Stealth Rock\n|\n|-heal|p1a: Heatran|100\/100|[from] item: Leftovers\n|upkeep\n|turn|2\n|\n|t:|1700624333\n|move|p2a: Rotom|Thunder Wave|p1a: Heatran\n|-status|p1a: Heatran|par\n|move|p1a: Heatran|Taunt|p2a: Rotom\n|-start|p2a: Rotom|move: Taunt\n|\n|upkeep\n|turn|3\n|\n|t:|1700624348\n|switch|p1a: Greninja|Greninja, M|100\/100\n|move|p2a: Rotom|Hydro Pump|p1a: Greninja|[miss]\n|-miss|p2a: Rotom|p1a: Greninja\n|\n|upkeep\n|turn|4\n|\n|t:|1700624358\n|move|p1a: Greninja|Dark Pulse|p2a: Rotom\n|-damage|p2a: Rotom|65\/100\n|-damage|p1a: Greninja|91\/100|[from] item: Life Orb\n|move|p2a: Rotom|Volt Switch|p1a: Greninja\n|-supereffective|p1a: Greninja\n|-damage|p1a: Greninja|8\/100\n|\n|t:|1700624382\n|switch|p2a: Gardevoir|Gardevoir, M|100\/100|[from] Volt Switch\n|-damage|p2a: Gardevoir|88\/100|[from] Stealth Rock\n|\n|upkeep\n|turn|5\n|inactive|VinnyTheRose has 120 seconds left.\n|\n|t:|1700624403\n|move|p1a: Greninja|Hydro Pump|p2a: Gardevoir\n|-damage|p2a: Gardevoir|15\/100\n|-damage|p1a: Greninja|0 fnt|[from] item: Life Orb\n|faint|p1a: Greninja\n|move|p2a: Gardevoir|Hyper Voice|p1: Greninja|[notarget]\n|-fail|p2a: Gardevoir\n|\n|upkeep\n|\n|t:|1700624412\n|switch|p1a: Medicham|Medicham, M|100\/100\n|-ability|p2a: Gardevoir|Pure Power|[from] ability: Trace|[of] p1a: Medicham\n|turn|6\n|\n|t:|1700624424\n|detailschange|p1a: Medicham|Medicham-Mega, M\n|-mega|p1a: Medicham|Medicham|Medichamite\n|detailschange|p2a: Gardevoir|Gardevoir-Mega, M\n|-mega|p2a: Gardevoir|Gardevoir|Gardevoirite\n|move|p1a: Medicham|Fake Out|p2a: Gardevoir\n|-damage|p2a: Gardevoir|0 fnt\n|faint|p2a: Gardevoir\n|\n|upkeep\n|inactive|VinnyTheRose has 120 seconds left.\n|\n|t:|1700624440\n|switch|p2a: Skeledirge|Skeledirge, F|100\/100\n|turn|7\n|\n|t:|1700624448\n|switch|p1a: Heatran|Heatran, F|100\/100 par\n|move|p2a: Skeledirge|Will-O-Wisp|p1a: Heatran\n|-start|p1a: Heatran|ability: Flash Fire\n|\n|upkeep\n|turn|8\n|\n|t:|1700624462\n|move|p2a: Skeledirge|Hex|p1a: Heatran\n|-damage|p1a: Heatran|71\/100 par\n|move|p1a: Heatran|Magma Storm|p2a: Skeledirge\n|-resisted|p2a: Skeledirge\n|-damage|p2a: Skeledirge|67\/100\n|-activate|p2a: Skeledirge|move: Magma Storm|[of] p1a: Heatran\n|\n|-heal|p1a: Heatran|78\/100 par|[from] item: Leftovers\n|-damage|p2a: Skeledirge|55\/100|[from] move: Magma Storm|[partiallytrapped]\n|upkeep\n|turn|9\n|\n|t:|1700624478\n|switch|p2a: Rotom|Rotom-Wash|65\/100\n|-damage|p2a: Rotom|52\/100|[from] Stealth Rock\n|cant|p1a: Heatran|par\n|\n|-heal|p2a: Rotom|58\/100|[from] item: Leftovers\n|-heal|p1a: Heatran|84\/100 par|[from] item: Leftovers\n|upkeep\n|turn|10\n|\n|t:|1700624496\n|-end|p1a: Heatran|ability: Flash Fire|[silent]\n|switch|p1a: Rillaboom|Rillaboom, F|100\/100\n|-fieldstart|move: Grassy Terrain|[from] ability: Grassy Surge|[of] p1a: Rillaboom\n|move|p2a: Rotom|Defog|p1a: Rillaboom\n|-unboost|p1a: Rillaboom|evasion|1\n|-sideend|p2: VinnyTheRose|Stealth Rock|[from] move: Defog|[of] p2a: Rotom\n|-fieldend|move: Grassy Terrain\n|\n|-heal|p2a: Rotom|65\/100|[from] item: Leftovers\n|upkeep\n|turn|11\n|\n|t:|1700624518\n|switch|p2a: Skeledirge|Skeledirge, F|55\/100\n|move|p1a: Rillaboom|Knock Off|p2a: Skeledirge\n|-supereffective|p2a: Skeledirge\n|-damage|p2a: Skeledirge|0 fnt\n|-enditem|p2a: Skeledirge|Heavy-Duty Boots|[from] move: Knock Off|[of] p1a: Rillaboom\n|faint|p2a: Skeledirge\n|\n|upkeep\n|inactive|VinnyTheRose has 120 seconds left.\n|\n|t:|1700624531\n|switch|p2a: Volcarona|Volcarona, M|100\/100\n|turn|12\n|\n|t:|1700624551\n|switch|p1a: Medicham|Medicham-Mega, M|100\/100\n|move|p2a: Volcarona|Quiver Dance|p2a: Volcarona\n|-boost|p2a: Volcarona|spa|1\n|-boost|p2a: Volcarona|spd|1\n|-boost|p2a: Volcarona|spe|1\n|\n|upkeep\n|turn|13\n|inactive|VinnyTheRose has 120 seconds left.\n|\n|t:|1700624575\n|move|p1a: Medicham|Fake Out|p2a: Volcarona\n|-damage|p2a: Volcarona|66\/100\n|cant|p2a: Volcarona|flinch\n|\n|upkeep\n|turn|14\n|\n|t:|1700624586\n|move|p2a: Volcarona|Flamethrower|p1a: Medicham\n|-damage|p1a: Medicham|0 fnt\n|faint|p1a: Medicham\n|\n|upkeep\n|\n|t:|1700624593\n|switch|p1a: Landorus|Landorus-Therian, M|100\/100\n|-ability|p1a: Landorus|Intimidate|boost\n|-unboost|p2a: Volcarona|atk|1\n|turn|15\n|\n|t:|1700624607\n|-terastallize|p2a: Volcarona|Ground\n|move|p2a: Volcarona|Flamethrower|p1a: Landorus\n|-damage|p1a: Landorus|11\/100\n|move|p1a: Landorus|Earthquake|p2a: Volcarona\n|-damage|p2a: Volcarona|0 fnt\n|faint|p2a: Volcarona\n|\n|upkeep\n|\n|t:|1700624616\n|switch|p2a: Jirachi|Jirachi|100\/100\n|turn|16\n|\n|t:|1700624623\n|switch|p1a: Heatran|Heatran, F|84\/100 par\n|move|p2a: Jirachi|U-turn|p1a: Heatran\n|-resisted|p1a: Heatran\n|-crit|p1a: Heatran\n|-damage|p1a: Heatran|77\/100 par\n|\n|t:|1700624632\n|switch|p2a: Rotom|Rotom-Wash|65\/100|[from] U-turn\n|\n|-heal|p2a: Rotom|71\/100|[from] item: Leftovers\n|-heal|p1a: Heatran|84\/100 par|[from] item: Leftovers\n|upkeep\n|turn|17\n|\n|t:|1700624641\n|move|p2a: Rotom|Hydro Pump|p1a: Heatran\n|-supereffective|p1a: Heatran\n|-damage|p1a: Heatran|38\/100 par\n|move|p1a: Heatran|Magma Storm|p2a: Rotom|[miss]\n|-miss|p1a: Heatran|p2a: Rotom\n|\n|-heal|p2a: Rotom|77\/100|[from] item: Leftovers\n|-heal|p1a: Heatran|44\/100 par|[from] item: Leftovers\n|upkeep\n|turn|18\n|\n|t:|1700624655\n|move|p2a: Rotom|Hydro Pump|p1a: Heatran\n|-supereffective|p1a: Heatran\n|-damage|p1a: Heatran|0 fnt\n|faint|p1a: Heatran\n|\n|-heal|p2a: Rotom|83\/100|[from] item: Leftovers\n|upkeep\n|\n|t:|1700624665\n|switch|p1a: Slowking|Slowking-Galar, M|100\/100\n|turn|19\n|\n|t:|1700624669\n|move|p2a: Rotom|Thunder Wave|p1a: Slowking\n|-status|p1a: Slowking|par\n|cant|p1a: Slowking|par\n|\n|-heal|p2a: Rotom|90\/100|[from] item: Leftovers\n|upkeep\n|turn|20\n|\n|t:|1700624680\n|move|p2a: Rotom|Volt Switch|p1a: Slowking\n|-damage|p1a: Slowking|81\/100 par\n|\n|t:|1700624694\n|switch|p2a: Rillaboom|Rillaboom, F|100\/100|[from] Volt Switch\n|-fieldstart|move: Grassy Terrain|[from] ability: Grassy Surge|[of] p2a: Rillaboom\n|cant|p1a: Slowking|par\n|\n|-heal|p1a: Slowking|87\/100 par|[from] Grassy Terrain\n|upkeep\n|turn|21\n|\n|t:|1700624709\n|switch|p1a: Landorus|Landorus-Therian, M|11\/100\n|-ability|p1a: Landorus|Intimidate|boost\n|-unboost|p2a: Rillaboom|atk|1\n|move|p2a: Rillaboom|Knock Off|p1a: Landorus\n|-damage|p1a: Landorus|0 fnt\n|-enditem|p1a: Landorus|Choice Scarf|[from] move: Knock Off|[of] p2a: Rillaboom\n|faint|p1a: Landorus\n|\n|upkeep\n|\n|t:|1700624719\n|switch|p1a: Rillaboom|Rillaboom, F|100\/100\n|turn|22\n|\n|t:|1700624724\n|move|p1a: Rillaboom|U-turn|p2a: Rillaboom\n|-supereffective|p2a: Rillaboom\n|-damage|p2a: Rillaboom|18\/100\n|\n|t:|1700624728\n|switch|p1a: Slowking|Slowking-Galar, M|100\/100 par|[from] U-turn\n|move|p2a: Rillaboom|Knock Off|p1a: Slowking\n|-supereffective|p1a: Slowking\n|-damage|p1a: Slowking|46\/100 par\n|-damage|p2a: Rillaboom|2\/100|[from] item: Rocky Helmet|[of] p1a: Slowking\n|-enditem|p1a: Slowking|Rocky Helmet|[from] move: Knock Off|[of] p2a: Rillaboom\n|\n|-heal|p2a: Rillaboom|8\/100|[from] Grassy Terrain\n|-heal|p1a: Slowking|52\/100 par|[from] Grassy Terrain\n|upkeep\n|turn|23\n|\n|t:|1700624741\n|switch|p2a: Jirachi|Jirachi|100\/100\n|move|p1a: Slowking|Chilly Reception|p1a: Slowking\n|-weather|Snow\n|\n|t:|1700624747\n|switch|p1a: Rillaboom|Rillaboom, F|100\/100|[from] Chilly Reception\n|\n|-weather|Snow|[upkeep]\n|upkeep\n|turn|24\n|\n|t:|1700624762\n|move|p2a: Jirachi|U-turn|p1a: Rillaboom\n|-supereffective|p1a: Rillaboom\n|-damage|p1a: Rillaboom|55\/100\n|\n|t:|1700624764\n|switch|p2a: Rotom|Rotom-Wash|90\/100|[from] U-turn\n|move|p1a: Rillaboom|Knock Off|p2a: Rotom\n|-damage|p2a: Rotom|37\/100\n|-enditem|p2a: Rotom|Leftovers|[from] move: Knock Off|[of] p1a: Rillaboom\n|\n|-weather|Snow|[upkeep]\n|-heal|p1a: Rillaboom|61\/100|[from] Grassy Terrain\n|-fieldend|move: Grassy Terrain\n|upkeep\n|turn|25\n|\n|t:|1700624776\n|switch|p1a: Slowking|Slowking-Galar, M|86\/100 par\n|move|p2a: Rotom|Thunder Wave|p1a: Slowking|[miss]\n|-miss|p2a: Rotom|p1a: Slowking\n|\n|-weather|Snow|[upkeep]\n|upkeep\n|turn|26\n|\n|t:|1700624784\n|move|p2a: Rotom|Volt Switch|p1a: Slowking\n|-damage|p1a: Slowking|63\/100 par\n|\n|t:|1700624789\n|switch|p2a: Jirachi|Jirachi|100\/100|[from] Volt Switch\n|move|p1a: Slowking|Future Sight|p2a: Jirachi\n|-start|p1a: Slowking|move: Future Sight\n|\n|-weather|Snow|[upkeep]\n|upkeep\n|turn|27\n|\n|t:|1700624804\n|move|p2a: Jirachi|Iron Head|p1a: Slowking\n|-damage|p1a: Slowking|37\/100 par\n|cant|p1a: Slowking|par\n|\n|-weather|none\n|upkeep\n|turn|28\n|\n|t:|1700624812\n|move|p2a: Jirachi|Iron Head|p1a: Slowking\n|-damage|p1a: Slowking|11\/100 par\n|cant|p1a: Slowking|flinch\n|\n|-end|p2a: Jirachi|move: Future Sight\n|-resisted|p2a: Jirachi\n|-damage|p2a: Jirachi|89\/100\n|upkeep\n|turn|29\n|\n|t:|1700624822\n|switch|p1a: Rillaboom|Rillaboom, F|61\/100\n|-fieldstart|move: Grassy Terrain|[from] ability: Grassy Surge|[of] p1a: Rillaboom\n|move|p2a: Jirachi|Iron Head|p1a: Rillaboom\n|-damage|p1a: Rillaboom|20\/100\n|\n|-heal|p2a: Jirachi|96\/100|[from] Grassy Terrain\n|-heal|p1a: Rillaboom|26\/100|[from] Grassy Terrain\n|upkeep\n|turn|30\n|\n|t:|1700624834\n|move|p2a: Jirachi|Iron Head|p1a: Rillaboom\n|-damage|p1a: Rillaboom|0 fnt\n|faint|p1a: Rillaboom\n|\n|-heal|p2a: Jirachi|100\/100|[from] Grassy Terrain\n|upkeep\n|-message|lsj111 forfeited.\n|\n|win|VinnyTheRose\n|raw|lsj111's rating: 1380 &rarr; <strong>1361<\/strong><br \/>(-19 for losing)\n|raw|VinnyTheRose's rating: 1397 &rarr; <strong>1416<\/strong><br \/>(+19 for winning)\n|l|\u2606lsj111\n","uploadtime":1700624847,"views":2,"p1id":"lsj111","p2id":"vinnytherose","formatid":"gen9nationaldex","rating":1361,"private":0,"password":""}