{"id":"gen9nationaldex-1988799174","p1":"law s fun","p2":"bananasinpajamas7","format":"[Gen 9] National Dex","log":"|j|\u2606law s fun\n|j|\u2606bananasinpajamas7\n|t:|1699764804\n|gametype|singles\n|player|p1|law s fun|102|1290\n|player|p2|bananasinpajamas7|brendan-gen3|1261\n|teamsize|p1|6\n|teamsize|p2|6\n|gen|9\n|tier|[Gen 9] National Dex\n|rated|\n|rule|HP Percentage Mod: HP is shown in percentages\n|rule|Endless Battle Clause: Forcing endless battles is banned\n|rule|OHKO Clause: OHKO moves are banned\n|rule|Evasion Clause: Evasion abilities, items, and moves are banned\n|rule|Evasion Abilities Clause: Evasion abilities are banned\n|rule|Evasion Items Clause: Evasion items are banned\n|rule|Evasion Moves Clause: Evasion moves are banned\n|rule|Species Clause: Limit one of each Pok\u00e9mon\n|rule|Sleep Clause Mod: Limit one foe put to sleep\n|clearpoke\n|poke|p1|Zamazenta-*|\n|poke|p1|Cresselia, F|\n|poke|p1|Alomomola, F|\n|poke|p1|Clodsire, F|\n|poke|p1|Tapu Lele|\n|poke|p1|Sneasler, F|\n|poke|p2|Sableye, M|\n|poke|p2|Ferrothorn, M|\n|poke|p2|Clefable, F|\n|poke|p2|Toxapex, F|\n|poke|p2|Moltres|\n|poke|p2|Great Tusk|\n|teampreview\n|inactive|Battle timer is ON: inactive players will automatically lose when time's up. (requested by law s fun)\n|\n|t:|1699764821\n|start\n|switch|p1a: Sneasler|Sneasler, F|100\/100\n|switch|p2a: Sableye|Sableye, M|100\/100\n|turn|1\n|\n|t:|1699764834\n|switch|p1a: Clodsire|Clodsire, F|100\/100\n|move|p2a: Sableye|Will-O-Wisp|p1a: Clodsire\n|-status|p1a: Clodsire|brn\n|\n|-damage|p1a: Clodsire|94\/100 brn|[from] brn\n|upkeep\n|turn|2\n|\n|t:|1699764840\n|detailschange|p2a: Sableye|Sableye-Mega, M\n|-mega|p2a: Sableye|Sableye|Sablenite\n|move|p2a: Sableye|Taunt|p1a: Clodsire\n|-start|p1a: Clodsire|move: Taunt\n|cant|p1a: Clodsire|move: Taunt|Toxic\n|\n|-heal|p1a: Clodsire|100\/100 brn|[from] item: Black Sludge\n|-damage|p1a: Clodsire|94\/100 brn|[from] brn\n|upkeep\n|turn|3\n|\n|t:|1699764848\n|move|p2a: Sableye|Knock Off|p1a: Clodsire\n|-damage|p1a: Clodsire|60\/100 brn\n|-enditem|p1a: Clodsire|Black Sludge|[from] move: Knock Off|[of] p2a: Sableye\n|move|p1a: Clodsire|Earthquake|p2a: Sableye\n|-damage|p2a: Sableye|90\/100\n|\n|-damage|p1a: Clodsire|54\/100 brn|[from] brn\n|upkeep\n|turn|4\n|\n|t:|1699764873\n|switch|p2a: Moltres|Moltres|100\/100\n|switch|p1a: Alomomola|Alomomola, F|100\/100\n|\n|upkeep\n|turn|5\n|\n|t:|1699764878\n|move|p2a: Moltres|U-turn|p1a: Alomomola\n|-damage|p1a: Alomomola|93\/100\n|-damage|p2a: Moltres|84\/100|[from] item: Rocky Helmet|[of] p1a: Alomomola\n|\n|t:|1699764891\n|switch|p2a: Clefable|Clefable, F|100\/100|[from] U-turn\n|move|p1a: Alomomola|Wish|p1a: Alomomola\n|\n|upkeep\n|turn|6\n|\n|t:|1699764894\n|move|p2a: Clefable|Toxic|p1a: Alomomola|[miss]\n|-miss|p2a: Clefable|p1a: Alomomola\n|move|p1a: Alomomola|Flip Turn|p2a: Clefable\n|-damage|p2a: Clefable|85\/100\n|\n|t:|1699764896\n|switch|p1a: Clodsire|Clodsire, F|54\/100 brn|[from] Flip Turn\n|\n|-heal|p1a: Clodsire|100\/100 brn|[from] move: Wish|[wisher] Alomomola\n|-heal|p2a: Clefable|91\/100|[from] item: Leftovers\n|-damage|p1a: Clodsire|94\/100 brn|[from] brn\n|upkeep\n|turn|7\n|\n|t:|1699764904\n|switch|p2a: Sableye|Sableye-Mega, M|90\/100\n|move|p1a: Clodsire|Earthquake|p2a: Sableye\n|-crit|p2a: Sableye\n|-damage|p2a: Sableye|73\/100\n|\n|-damage|p1a: Clodsire|88\/100 brn|[from] brn\n|upkeep\n|turn|8\n|\n|t:|1699764922\n|switch|p1a: Alomomola|Alomomola, F|100\/100\n|move|p2a: Sableye|Taunt|p1a: Alomomola\n|-start|p1a: Alomomola|move: Taunt\n|\n|upkeep\n|turn|9\n|\n|t:|1699764925\n|switch|p1a: Clodsire|Clodsire, F|88\/100 brn\n|move|p2a: Sableye|Knock Off|p1a: Clodsire\n|-damage|p1a: Clodsire|66\/100 brn\n|\n|-damage|p1a: Clodsire|60\/100 brn|[from] brn\n|upkeep\n|turn|10\n|\n|t:|1699764935\n|switch|p2a: Ferrothorn|Ferrothorn, M|100\/100\n|switch|p1a: Alomomola|Alomomola, F|100\/100\n|\n|upkeep\n|turn|11\n|\n|t:|1699764944\n|move|p1a: Alomomola|Knock Off|p2a: Ferrothorn\n|-damage|p2a: Ferrothorn|89\/100\n|-damage|p1a: Alomomola|88\/100|[from] ability: Iron Barbs|[of] p2a: Ferrothorn\n|-damage|p1a: Alomomola|71\/100|[from] item: Rocky Helmet|[of] p2a: Ferrothorn\n|-enditem|p2a: Ferrothorn|Rocky Helmet|[from] move: Knock Off|[of] p1a: Alomomola\n|move|p2a: Ferrothorn|Leech Seed|p1a: Alomomola\n|-start|p1a: Alomomola|move: Leech Seed\n|\n|-damage|p1a: Alomomola|59\/100|[from] Leech Seed|[of] p2a: Ferrothorn\n|-heal|p2a: Ferrothorn|100\/100|[silent]\n|upkeep\n|turn|12\n|\n|t:|1699764948\n|switch|p1a: Clodsire|Clodsire, F|60\/100 brn\n|move|p2a: Ferrothorn|Spikes|p1a: Clodsire\n|-sidestart|p1: law s fun|Spikes\n|\n|-damage|p1a: Clodsire|54\/100 brn|[from] brn\n|upkeep\n|turn|13\n|\n|t:|1699764955\n|switch|p2a: Sableye|Sableye-Mega, M|73\/100\n|move|p1a: Clodsire|Stealth Rock|p2a: Sableye\n|move|p2a: Sableye|Stealth Rock|p1a: Clodsire|[from]ability: Magic Bounce\n|-sidestart|p1: law s fun|move: Stealth Rock\n|\n|-damage|p1a: Clodsire|48\/100 brn|[from] brn\n|upkeep\n|turn|14\n|\n|t:|1699764962\n|move|p2a: Sableye|Knock Off|p1a: Clodsire\n|-damage|p1a: Clodsire|27\/100 brn\n|move|p1a: Clodsire|Recover|p1a: Clodsire\n|-heal|p1a: Clodsire|77\/100 brn\n|\n|-damage|p1a: Clodsire|71\/100 brn|[from] brn\n|upkeep\n|turn|15\n|\n|t:|1699764965\n|switch|p1a: Zamazenta|Zamazenta|100\/100\n|-damage|p1a: Zamazenta|88\/100|[from] Spikes\n|-damage|p1a: Zamazenta|82\/100|[from] Stealth Rock\n|-ability|p1a: Zamazenta|Dauntless Shield|boost\n|-boost|p1a: Zamazenta|def|1\n|move|p2a: Sableye|Taunt|p1a: Zamazenta\n|-start|p1a: Zamazenta|move: Taunt\n|\n|-heal|p1a: Zamazenta|88\/100|[from] item: Leftovers\n|upkeep\n|turn|16\n|\n|t:|1699764973\n|switch|p1a: Clodsire|Clodsire, F|71\/100 brn\n|-damage|p1a: Clodsire|58\/100 brn|[from] Spikes\n|-damage|p1a: Clodsire|52\/100 brn|[from] Stealth Rock\n|move|p2a: Sableye|Will-O-Wisp|p1a: Clodsire|[miss]\n|-miss|p2a: Sableye|p1a: Clodsire\n|\n|-damage|p1a: Clodsire|46\/100 brn|[from] brn\n|upkeep\n|turn|17\n|\n|t:|1699764999\n|move|p2a: Sableye|Knock Off|p1a: Clodsire\n|-damage|p1a: Clodsire|25\/100 brn\n|move|p1a: Clodsire|Recover|p1a: Clodsire\n|-heal|p1a: Clodsire|75\/100 brn\n|\n|-damage|p1a: Clodsire|69\/100 brn|[from] brn\n|upkeep\n|turn|18\n|\n|t:|1699765021\n|switch|p2a: Great Tusk|Great Tusk|100\/100\n|switch|p1a: Alomomola|Alomomola, F|92\/100\n|-damage|p1a: Alomomola|80\/100|[from] Spikes\n|-damage|p1a: Alomomola|68\/100|[from] Stealth Rock\n|\n|upkeep\n|turn|19\n|\n|t:|1699765032\n|-end|p2a: Great Tusk|Protosynthesis|[silent]\n|switch|p2a: Ferrothorn|Ferrothorn, M|100\/100\n|move|p1a: Alomomola|Scald|p2a: Ferrothorn\n|-resisted|p2a: Ferrothorn\n|-damage|p2a: Ferrothorn|94\/100\n|\n|upkeep\n|turn|20\n|\n|t:|1699765042\n|move|p1a: Alomomola|Flip Turn|p2a: Ferrothorn\n|-resisted|p2a: Ferrothorn\n|-damage|p2a: Ferrothorn|90\/100\n|-damage|p1a: Alomomola|55\/100|[from] ability: Iron Barbs|[of] p2a: Ferrothorn\n|\n|t:|1699765044\n|switch|p1a: Clodsire|Clodsire, F|69\/100 brn|[from] Flip Turn\n|-damage|p1a: Clodsire|57\/100 brn|[from] Spikes\n|-damage|p1a: Clodsire|50\/100 brn|[from] Stealth Rock\n|move|p2a: Ferrothorn|Spikes|p1a: Clodsire\n|-sidestart|p1: law s fun|Spikes\n|\n|-damage|p1a: Clodsire|44\/100 brn|[from] brn\n|upkeep\n|turn|21\n|\n|t:|1699765050\n|move|p1a: Clodsire|Earthquake|p2a: Ferrothorn\n|-damage|p2a: Ferrothorn|82\/100\n|move|p2a: Ferrothorn|Spikes|p1a: Clodsire\n|-sidestart|p1: law s fun|Spikes\n|\n|-damage|p1a: Clodsire|38\/100 brn|[from] brn\n|upkeep\n|turn|22\n|inactive|law s fun has 120 seconds left.\n|\n|t:|1699765103\n|switch|p1a: Zamazenta|Zamazenta|88\/100\n|-damage|p1a: Zamazenta|63\/100|[from] Spikes\n|-damage|p1a: Zamazenta|57\/100|[from] Stealth Rock\n|move|p2a: Ferrothorn|Leech Seed|p1a: Zamazenta\n|-start|p1a: Zamazenta|move: Leech Seed\n|\n|-heal|p1a: Zamazenta|63\/100|[from] item: Leftovers\n|-damage|p1a: Zamazenta|51\/100|[from] Leech Seed|[of] p2a: Ferrothorn\n|-heal|p2a: Ferrothorn|96\/100|[silent]\n|upkeep\n|turn|23\n|\n|t:|1699765117\n|switch|p1a: Alomomola|Alomomola, F|89\/100\n|-damage|p1a: Alomomola|64\/100|[from] Spikes\n|-damage|p1a: Alomomola|51\/100|[from] Stealth Rock\n|switch|p2a: Toxapex|Toxapex, F|100\/100\n|\n|upkeep\n|turn|24\n|\n|t:|1699765127\n|move|p2a: Toxapex|Baneful Bunker|p2a: Toxapex\n|-singleturn|p2a: Toxapex|move: Protect\n|move|p1a: Alomomola|Knock Off|p2a: Toxapex\n|-activate|p2a: Toxapex|move: Protect\n|-status|p1a: Alomomola|psn\n|\n|-damage|p1a: Alomomola|39\/100 psn|[from] psn\n|upkeep\n|turn|25\n|\n|t:|1699765134\n|switch|p2a: Ferrothorn|Ferrothorn, M|96\/100\n|move|p1a: Alomomola|Wish|p1a: Alomomola\n|\n|-damage|p1a: Alomomola|27\/100 psn|[from] psn\n|upkeep\n|turn|26\n|\n|t:|1699765142\n|move|p1a: Alomomola|Scald|p2a: Ferrothorn\n|-resisted|p2a: Ferrothorn\n|-damage|p2a: Ferrothorn|90\/100\n|-status|p2a: Ferrothorn|brn\n|move|p2a: Ferrothorn|Power Whip|p1a: Alomomola\n|-supereffective|p1a: Alomomola\n|-damage|p1a: Alomomola|7\/100 psn\n|-damage|p2a: Ferrothorn|74\/100 brn|[from] item: Rocky Helmet|[of] p1a: Alomomola\n|\n|-heal|p1a: Alomomola|57\/100 psn|[from] move: Wish|[wisher] Alomomola\n|-damage|p1a: Alomomola|45\/100 psn|[from] psn\n|-damage|p2a: Ferrothorn|68\/100 brn|[from] brn\n|upkeep\n|turn|27\n|inactive|law s fun has 120 seconds left.\n|\n|t:|1699765161\n|move|p1a: Alomomola|Wish|p1a: Alomomola\n|move|p2a: Ferrothorn|Leech Seed|p1a: Alomomola\n|-start|p1a: Alomomola|move: Leech Seed\n|\n|-damage|p1a: Alomomola|32\/100 psn|[from] Leech Seed|[of] p2a: Ferrothorn\n|-heal|p2a: Ferrothorn|87\/100 brn|[silent]\n|-damage|p1a: Alomomola|20\/100 psn|[from] psn\n|-damage|p2a: Ferrothorn|81\/100 brn|[from] brn\n|upkeep\n|turn|28\n|\n|t:|1699765170\n|switch|p1a: Zamazenta|Zamazenta|51\/100\n|-damage|p1a: Zamazenta|26\/100|[from] Spikes\n|-damage|p1a: Zamazenta|20\/100|[from] Stealth Rock\n|move|p2a: Ferrothorn|Power Whip|p1a: Zamazenta\n|-damage|p1a: Zamazenta|3\/100\n|\n|-heal|p1a: Zamazenta|72\/100|[from] move: Wish|[wisher] Alomomola\n|-heal|p1a: Zamazenta|78\/100|[from] item: Leftovers\n|-damage|p2a: Ferrothorn|75\/100 brn|[from] brn\n|upkeep\n|turn|29\n|\n|t:|1699765174\n|switch|p2a: Sableye|Sableye-Mega, M|73\/100\n|move|p1a: Zamazenta|Substitute|p1a: Zamazenta\n|-start|p1a: Zamazenta|Substitute\n|-damage|p1a: Zamazenta|53\/100\n|\n|-heal|p1a: Zamazenta|59\/100|[from] item: Leftovers\n|upkeep\n|turn|30\n|\n|t:|1699765182\n|move|p1a: Zamazenta|Iron Defense|p1a: Zamazenta\n|-boost|p1a: Zamazenta|def|2\n|move|p2a: Sableye|Taunt|p1a: Zamazenta\n|-start|p1a: Zamazenta|move: Taunt\n|\n|-heal|p1a: Zamazenta|65\/100|[from] item: Leftovers\n|upkeep\n|turn|31\n|\n|t:|1699765187\n|move|p1a: Zamazenta|Crunch|p2a: Sableye\n|-damage|p2a: Sableye|56\/100\n|move|p2a: Sableye|Knock Off|p1a: Zamazenta\n|-resisted|p1a: Zamazenta\n|-activate|p1a: Zamazenta|move: Substitute|[damage]\n|\n|-heal|p1a: Zamazenta|71\/100|[from] item: Leftovers\n|upkeep\n|turn|32\n|\n|t:|1699765192\n|move|p1a: Zamazenta|Crunch|p2a: Sableye\n|-damage|p2a: Sableye|38\/100\n|move|p2a: Sableye|Knock Off|p1a: Zamazenta\n|-resisted|p1a: Zamazenta\n|-activate|p1a: Zamazenta|move: Substitute|[damage]\n|\n|-heal|p1a: Zamazenta|78\/100|[from] item: Leftovers\n|upkeep\n|turn|33\n|\n|t:|1699765197\n|move|p1a: Zamazenta|Crunch|p2a: Sableye\n|-damage|p2a: Sableye|19\/100\n|move|p2a: Sableye|Recover|p2a: Sableye\n|-heal|p2a: Sableye|69\/100\n|\n|-heal|p1a: Zamazenta|84\/100|[from] item: Leftovers\n|-end|p1a: Zamazenta|move: Taunt\n|upkeep\n|turn|34\n|\n|t:|1699765203\n|switch|p2a: Moltres|Moltres|84\/100\n|move|p1a: Zamazenta|Iron Defense|p1a: Zamazenta\n|-boost|p1a: Zamazenta|def|2\n|\n|-heal|p1a: Zamazenta|90\/100|[from] item: Leftovers\n|upkeep\n|turn|35\n|\n|t:|1699765214\n|-terastallize|p1a: Zamazenta|Electric\n|move|p1a: Zamazenta|Iron Defense|p1a: Zamazenta\n|-boost|p1a: Zamazenta|def|2\n|move|p2a: Moltres|Flamethrower|p1a: Zamazenta\n|-end|p1a: Zamazenta|Substitute\n|\n|-heal|p1a: Zamazenta|96\/100|[from] item: Leftovers\n|upkeep\n|turn|36\n|\n|t:|1699765221\n|move|p1a: Zamazenta|Substitute|p1a: Zamazenta\n|-start|p1a: Zamazenta|Substitute\n|-damage|p1a: Zamazenta|71\/100\n|move|p2a: Moltres|Flamethrower|p1a: Zamazenta\n|-activate|p1a: Zamazenta|move: Substitute|[damage]\n|\n|-heal|p1a: Zamazenta|77\/100|[from] item: Leftovers\n|upkeep\n|turn|37\n|\n|t:|1699765223\n|move|p1a: Zamazenta|Body Press|p2a: Moltres\n|-resisted|p2a: Moltres\n|-damage|p2a: Moltres|41\/100\n|move|p2a: Moltres|Flamethrower|p1a: Zamazenta\n|-end|p1a: Zamazenta|Substitute\n|\n|-heal|p1a: Zamazenta|83\/100|[from] item: Leftovers\n|upkeep\n|turn|38\n|\n|t:|1699765228\n|move|p1a: Zamazenta|Substitute|p1a: Zamazenta\n|-start|p1a: Zamazenta|Substitute\n|-damage|p1a: Zamazenta|58\/100\n|move|p2a: Moltres|Roost|p2a: Moltres\n|-heal|p2a: Moltres|91\/100\n|-singleturn|p2a: Moltres|move: Roost\n|\n|-heal|p1a: Zamazenta|65\/100|[from] item: Leftovers\n|upkeep\n|turn|39\n|\n|t:|1699765234\n|move|p1a: Zamazenta|Body Press|p2a: Moltres\n|-resisted|p2a: Moltres\n|-damage|p2a: Moltres|48\/100\n|move|p2a: Moltres|Flamethrower|p1a: Zamazenta\n|-activate|p1a: Zamazenta|move: Substitute|[damage]\n|\n|-heal|p1a: Zamazenta|71\/100|[from] item: Leftovers\n|upkeep\n|turn|40\n|\n|t:|1699765243\n|move|p1a: Zamazenta|Body Press|p2a: Moltres\n|-resisted|p2a: Moltres\n|-damage|p2a: Moltres|0 fnt\n|-status|p1a: Zamazenta|brn|[from] ability: Flame Body|[of] p2a: Moltres\n|faint|p2a: Moltres\n|\n|-heal|p1a: Zamazenta|77\/100 brn|[from] item: Leftovers\n|-damage|p1a: Zamazenta|71\/100 brn|[from] brn\n|upkeep\n|\n|t:|1699765253\n|switch|p2a: Clefable|Clefable, F|91\/100\n|turn|41\n|\n|t:|1699765257\n|move|p1a: Zamazenta|Body Press|p2a: Clefable\n|-resisted|p2a: Clefable\n|-damage|p2a: Clefable|84\/100\n|move|p2a: Clefable|Moonblast|p1a: Zamazenta\n|-end|p1a: Zamazenta|Substitute\n|\n|-heal|p1a: Zamazenta|77\/100 brn|[from] item: Leftovers\n|-heal|p2a: Clefable|90\/100|[from] item: Leftovers\n|-damage|p1a: Zamazenta|71\/100 brn|[from] brn\n|upkeep\n|turn|42\n|\n|t:|1699765264\n|switch|p1a: Cresselia|Cresselia, F|100\/100\n|-damage|p1a: Cresselia|88\/100|[from] Stealth Rock\n|move|p2a: Clefable|Moonblast|p1a: Cresselia\n|-crit|p1a: Cresselia\n|-damage|p1a: Cresselia|55\/100\n|\n|-heal|p1a: Cresselia|62\/100|[from] item: Leftovers\n|-heal|p2a: Clefable|96\/100|[from] item: Leftovers\n|upkeep\n|turn|43\n|-message|law s fun forfeited.\n|\n|win|bananasinpajamas7\n|raw|law s fun's rating: 1290 &rarr; <strong>1263<\/strong><br \/>(-27 for losing)\n|raw|bananasinpajamas7's rating: 1261 &rarr; <strong>1288<\/strong><br \/>(+27 for winning)\n|l|\u2606law s fun\n","uploadtime":1699765276,"views":9,"p1id":"lawsfun","p2id":"bananasinpajamas7","formatid":"gen9nationaldex","rating":1263,"private":0,"password":""}