{"id":"gen9nationaldex-1996629019","p1":"Poopinho","p2":"Brick_Enjoyer_144","format":"[Gen 9] National Dex","log":"|html|<div class=\"broadcast-blue\"><strong>[Gen 9] National Dex is currently suspecting Sneasler! For information on how to participate check out the <a href=\"https:\/\/www.smogon.com\/forums\/threads\/sv-national-dex-suspect-8-just-dance.3731534\/\">suspect thread<\/a>.<\/strong><\/div>\n|j|\u2606Poopinho\n|j|\u2606Brick_Enjoyer_144\n|t:|1700702567\n|gametype|singles\n|player|p1|Poopinho|dancer|1042\n|player|p2|Brick_Enjoyer_144|shauntal|1114\n|teamsize|p1|6\n|teamsize|p2|6\n|gen|9\n|tier|[Gen 9] National Dex\n|rated|\n|rule|HP Percentage Mod: HP is shown in percentages\n|rule|Endless Battle Clause: Forcing endless battles is banned\n|rule|OHKO Clause: OHKO moves are banned\n|rule|Evasion Clause: Evasion abilities, items, and moves are banned\n|rule|Evasion Abilities Clause: Evasion abilities are banned\n|rule|Evasion Items Clause: Evasion items are banned\n|rule|Evasion Moves Clause: Evasion moves are banned\n|rule|Species Clause: Limit one of each Pok\u00e9mon\n|rule|Sleep Clause Mod: Limit one foe put to sleep\n|clearpoke\n|poke|p1|Snorlax, F|\n|poke|p1|Hippowdon, F|\n|poke|p1|Garbodor, F|\n|poke|p1|Wailord, F|\n|poke|p1|Emboar, F|\n|poke|p1|Kangaskhan, F|\n|poke|p2|Banette, F|\n|poke|p2|Ogerpon-Wellspring, F|\n|poke|p2|Lucario, F|\n|poke|p2|Greninja-*, F|\n|poke|p2|Volcarona, F|\n|poke|p2|Hydreigon, F|\n|teampreview\n|inactive|Battle timer is ON: inactive players will automatically lose when time's up. (requested by Brick_Enjoyer_144)\n|\n|t:|1700702574\n|start\n|switch|p1a: Ur mom|Hippowdon, F|100\/100\n|switch|p2a: Lucario|Lucario, F, shiny|100\/100\n|-weather|Sandstorm|[from] ability: Sand Stream|[of] p1a: Ur mom\n|turn|1\n|\n|t:|1700702582\n|move|p2a: Lucario|Swords Dance|p2a: Lucario\n|-boost|p2a: Lucario|atk|2\n|-enditem|p1a: Ur mom|Mirror Herb\n|-boost|p1a: Ur mom|atk|2|[from] item: Mirror Herb\n|move|p1a: Ur mom|Earthquake|p2a: Lucario\n|-supereffective|p2a: Lucario\n|-damage|p2a: Lucario|0 fnt\n|faint|p2a: Lucario\n|\n|-weather|Sandstorm|[upkeep]\n|upkeep\n|\n|t:|1700702592\n|switch|p2a: Ogerpon|Ogerpon-Wellspring, F|100\/100\n|turn|2\n|\n|t:|1700702606\n|move|p2a: Ogerpon|Ivy Cudgel|p1a: Ur mom|[anim] Ivy Cudgel Water\n|-supereffective|p1a: Ur mom\n|-damage|p1a: Ur mom|10\/100\n|move|p1a: Ur mom|Facade|p2a: Ogerpon\n|-damage|p2a: Ogerpon|52\/100\n|\n|-weather|Sandstorm|[upkeep]\n|-damage|p2a: Ogerpon|46\/100|[from] Sandstorm\n|upkeep\n|turn|3\n|\n|t:|1700702618\n|switch|p1a: Your mom \ud83d\udc33|Wailord, F|100\/100\n|move|p2a: Ogerpon|Ivy Cudgel|p1a: Your mom \ud83d\udc33|[anim] Ivy Cudgel Water\n|-resisted|p1a: Your mom \ud83d\udc33\n|-damage|p1a: Your mom \ud83d\udc33|75\/100\n|\n|-weather|Sandstorm|[upkeep]\n|-damage|p2a: Ogerpon|40\/100|[from] Sandstorm\n|-damage|p1a: Your mom \ud83d\udc33|69\/100|[from] Sandstorm\n|-heal|p1a: Your mom \ud83d\udc33|75\/100|[from] item: Leftovers\n|upkeep\n|turn|4\n|\n|t:|1700702630\n|move|p2a: Ogerpon|Horn Leech|p1a: Your mom \ud83d\udc33\n|-supereffective|p1a: Your mom \ud83d\udc33\n|-damage|p1a: Your mom \ud83d\udc33|4\/100\n|-heal|p2a: Ogerpon|100\/100|[from] drain|[of] p1a: Your mom \ud83d\udc33\n|move|p1a: Your mom \ud83d\udc33|Toxic|p2a: Ogerpon\n|-status|p2a: Ogerpon|tox\n|\n|-weather|Sandstorm|[upkeep]\n|-damage|p2a: Ogerpon|95\/100 tox|[from] Sandstorm\n|-damage|p1a: Your mom \ud83d\udc33|0 fnt|[from] Sandstorm\n|faint|p1a: Your mom \ud83d\udc33\n|-damage|p2a: Ogerpon|89\/100 tox|[from] psn\n|upkeep\n|\n|t:|1700702639\n|switch|p1a: U and ur mom|Kangaskhan, F|100\/100\n|turn|5\n|\n|t:|1700702648\n|move|p1a: U and ur mom|Fake Out|p2a: Ogerpon\n|-damage|p2a: Ogerpon|68\/100 tox\n|cant|p2a: Ogerpon|flinch\n|\n|-weather|none\n|-damage|p2a: Ogerpon|56\/100 tox|[from] psn\n|upkeep\n|turn|6\n|\n|t:|1700702659\n|move|p2a: Ogerpon|Horn Leech|p1a: U and ur mom\n|-damage|p1a: U and ur mom|60\/100\n|-heal|p2a: Ogerpon|84\/100 tox|[from] drain|[of] p1a: U and ur mom\n|move|p1a: U and ur mom|Return|p2a: Ogerpon\n|-damage|p2a: Ogerpon|25\/100 tox\n|\n|-damage|p2a: Ogerpon|7\/100 tox|[from] psn\n|upkeep\n|turn|7\n|\n|t:|1700702673\n|move|p1a: U and ur mom|Sucker Punch|p2a: Ogerpon\n|-damage|p2a: Ogerpon|0 fnt\n|faint|p2a: Ogerpon\n|\n|upkeep\n|\n|t:|1700702684\n|switch|p2a: Greninja|Greninja, F, shiny|100\/100\n|turn|8\n|\n|t:|1700702689\n|move|p2a: Greninja|Hydro Pump|p1a: U and ur mom\n|-start|p2a: Greninja|typechange|Water|[from] ability: Protean\n|-damage|p1a: U and ur mom|0 fnt\n|faint|p1a: U and ur mom\n|\n|upkeep\n|\n|t:|1700702699\n|switch|p1a: Your mom|Snorlax, F|100\/100\n|turn|9\n|\n|t:|1700702715\n|move|p2a: Greninja|Hydro Pump|p1a: Your mom\n|-damage|p1a: Your mom|52\/100\n|move|p1a: Your mom|Darkest Lariat|p2a: Greninja\n|-damage|p2a: Greninja|49\/100\n|\n|upkeep\n|turn|10\n|\n|t:|1700702724\n|move|p2a: Greninja|Hydro Pump|p1a: Your mom\n|-damage|p1a: Your mom|5\/100\n|move|p1a: Your mom|Darkest Lariat|p2a: Greninja\n|-damage|p2a: Greninja|1\/100\n|\n|upkeep\n|turn|11\n|\n|t:|1700702736\n|switch|p1a: You're mom|Garbodor, F|100\/100\n|move|p2a: Greninja|Hydro Pump|p1a: You're mom\n|-damage|p1a: You're mom|7\/100\n|\n|upkeep\n|turn|12\n|\n|t:|1700702751\n|move|p1a: You're mom|Protect|p1a: You're mom\n|-singleturn|p1a: You're mom|Protect\n|move|p2a: Greninja|Hydro Pump|p1a: You're mom\n|-activate|p1a: You're mom|move: Protect\n|\n|upkeep\n|turn|13\n|\n|t:|1700702760\n|switch|p1a: Ur mom|Hippowdon, F|10\/100\n|-weather|Sandstorm|[from] ability: Sand Stream|[of] p1a: Ur mom\n|move|p2a: Greninja|Hydro Pump|p1a: Ur mom\n|-supereffective|p1a: Ur mom\n|-damage|p1a: Ur mom|0 fnt\n|faint|p1a: Ur mom\n|\n|-weather|Sandstorm|[upkeep]\n|-damage|p2a: Greninja|0 fnt|[from] Sandstorm\n|faint|p2a: Greninja\n|upkeep\n|c|\u2606Poopinho|Not a single miss\n|c|\u2606Poopinho|Wth\n|\n|t:|1700702772\n|switch|p2a: Hydreigon|Hydreigon, F, shiny|100\/100\n|switch|p1a: Your mom|Snorlax, F|5\/100\n|turn|14\n|\n|t:|1700702782\n|move|p2a: Hydreigon|Earth Power|p1a: Your mom\n|-damage|p1a: Your mom|0 fnt\n|faint|p1a: Your mom\n|\n|-weather|Sandstorm|[upkeep]\n|-damage|p2a: Hydreigon|94\/100|[from] Sandstorm\n|upkeep\n|\n|t:|1700702786\n|switch|p1a: You're mom|Garbodor, F|7\/100\n|turn|15\n|\n|t:|1700702792\n|-terastallize|p1a: You're mom|Flying\n|move|p2a: Hydreigon|Earth Power|p1a: You're mom\n|-immune|p1a: You're mom\n|move|p1a: You're mom|Gunk Shot|p2a: Hydreigon\n|-damage|p2a: Hydreigon|36\/100\n|\n|-weather|Sandstorm|[upkeep]\n|-damage|p2a: Hydreigon|30\/100|[from] Sandstorm\n|-damage|p1a: You're mom|1\/100|[from] Sandstorm\n|upkeep\n|turn|16\n|\n|t:|1700702806\n|switch|p2a: Banette|Banette, F, shiny|100\/100\n|-item|p1a: You're mom|Weakness Policy|[from] ability: Frisk|[of] p2a: Banette|[identify]\n|move|p1a: You're mom|Gunk Shot|p2a: Banette\n|-resisted|p2a: Banette\n|-damage|p2a: Banette|62\/100\n|\n|-weather|Sandstorm|[upkeep]\n|-damage|p1a: You're mom|0 fnt|[from] Sandstorm\n|-damage|p2a: Banette|56\/100|[from] Sandstorm\n|faint|p1a: You're mom\n|upkeep\n|\n|t:|1700702815\n|switch|p1a: Your mom \ud83d\ude33|Emboar, F|100\/100\n|turn|17\n|\n|t:|1700702825\n|detailschange|p2a: Banette|Banette-Mega, F, shiny\n|-mega|p2a: Banette|Banette|Banettite\n|move|p2a: Banette|Poltergeist|p1a: Your mom \ud83d\ude33\n|-activate|p1a: Your mom \ud83d\ude33|move: Poltergeist|Assault Vest\n|-damage|p1a: Your mom \ud83d\ude33|0 fnt\n|faint|p1a: Your mom \ud83d\ude33\n|\n|win|Brick_Enjoyer_144\n|raw|Poopinho's rating: 1042 &rarr; <strong>1029<\/strong><br \/>(-13 for losing)\n|raw|Brick_Enjoyer_144's rating: 1114 &rarr; <strong>1134<\/strong><br \/>(+20 for winning)\n|c|\u2606Poopinho|Ur mom\n|l|\u2606Poopinho\n|c|\u2606Brick_Enjoyer_144|Your mom\n","uploadtime":1700702849,"views":3,"p1id":"poopinho","p2id":"brickenjoyer144","formatid":"gen9nationaldex","rating":1029,"private":0,"password":""}