{"id":"gen9nationaldex-1987657681","p1":"Phiscyoo","p2":"tuncoyaki","format":"[Gen 9] National Dex","log":"|j|\u2606Phiscyoo\n|j|\u2606tuncoyaki\n|t:|1699624774\n|gametype|singles\n|player|p1|Phiscyoo|waiter-gen4dp|1221\n|player|p2|tuncoyaki|ballguy|1182\n|teamsize|p1|6\n|teamsize|p2|6\n|gen|9\n|tier|[Gen 9] National Dex\n|rated|\n|rule|HP Percentage Mod: HP is shown in percentages\n|rule|Endless Battle Clause: Forcing endless battles is banned\n|rule|OHKO Clause: OHKO moves are banned\n|rule|Evasion Clause: Evasion abilities, items, and moves are banned\n|rule|Evasion Abilities Clause: Evasion abilities are banned\n|rule|Evasion Items Clause: Evasion items are banned\n|rule|Evasion Moves Clause: Evasion moves are banned\n|rule|Species Clause: Limit one of each Pok\u00e9mon\n|rule|Sleep Clause Mod: Limit one foe put to sleep\n|clearpoke\n|poke|p1|Dragonite, M|\n|poke|p1|Dondozo, M|\n|poke|p1|Landorus-Therian, M|\n|poke|p1|Tapu Koko|\n|poke|p1|Sneasler, F|\n|poke|p1|Blissey, F|\n|poke|p2|Kilowattrel, M|\n|poke|p2|Alomomola, M|\n|poke|p2|Ferrothorn, F|\n|poke|p2|Sneasler, F|\n|poke|p2|Wo-Chien|\n|poke|p2|Politoed, F|\n|teampreview\n|inactive|Battle timer is ON: inactive players will automatically lose when time's up. (requested by tuncoyaki)\n|l|\u2606tuncoyaki\n|inactive|tuncoyaki disconnected and has a minute to reconnect!\n|player|p2|\n|inactive|Phiscyoo has 120 seconds left.\n|inactive|tuncoyaki has 30 seconds to reconnect!\n|j|\u2606tuncoyaki\n|inactive|tuncoyaki reconnected and has 100 seconds left.\n|player|p2|tuncoyaki|ballguy\n|\n|t:|1699624829\n|start\n|switch|p1a: Tapu Koko|Tapu Koko, shiny|100\/100\n|switch|p2a: Politoed|Politoed, F, shiny|100\/100\n|-fieldstart|move: Electric Terrain|[from] ability: Electric Surge|[of] p1a: Tapu Koko\n|-weather|RainDance|[from] ability: Drizzle|[of] p2a: Politoed\n|turn|1\n|\n|t:|1699624837\n|switch|p2a: Kilowattrel|Kilowattrel, M, shiny|100\/100\n|move|p1a: Tapu Koko|Thunderbolt|p2a: Kilowattrel\n|-immune|p2a: Kilowattrel|[from] ability: Volt Absorb\n|\n|-weather|RainDance|[upkeep]\n|upkeep\n|turn|2\n|\n|t:|1699624844\n|move|p1a: Tapu Koko|U-turn|p2a: Kilowattrel\n|-resisted|p2a: Kilowattrel\n|-damage|p2a: Kilowattrel|92\/100\n|\n|t:|1699624862\n|switch|p1a: Blissey|Blissey, F|100\/100|[from] U-turn\n|move|p2a: Kilowattrel|Hurricane|p1a: Blissey\n|-damage|p1a: Blissey|89\/100\n|-start|p1a: Blissey|confusion\n|\n|-weather|RainDance|[upkeep]\n|-heal|p1a: Blissey|95\/100|[from] item: Leftovers\n|upkeep\n|turn|3\n|l|\u2606tuncoyaki\n|inactive|tuncoyaki disconnected and has a minute to reconnect!\n|player|p2|\n|j|\u2606tuncoyaki\n|inactive|tuncoyaki reconnected and has 105 seconds left.\n|player|p2|tuncoyaki|ballguy\n|\n|t:|1699624913\n|move|p2a: Kilowattrel|Volt Switch|p1a: Blissey\n|-damage|p1a: Blissey|87\/100\n|\n|t:|1699624915\n|switch|p2a: Wo-Chien|Wo-Chien|100\/100|[from] Volt Switch\n|-ability|p2a: Wo-Chien|Tablets of Ruin\n|-activate|p1a: Blissey|confusion\n|-damage|p1a: Blissey|85\/100|[from] confusion\n|\n|-weather|RainDance|[upkeep]\n|-heal|p1a: Blissey|92\/100|[from] item: Leftovers\n|upkeep\n|turn|4\n|\n|t:|1699624922\n|move|p2a: Wo-Chien|Knock Off|p1a: Blissey\n|-damage|p1a: Blissey|42\/100\n|-enditem|p1a: Blissey|Leftovers|[from] move: Knock Off|[of] p2a: Wo-Chien\n|-activate|p1a: Blissey|confusion\n|move|p1a: Blissey|Thunder Wave|p2a: Wo-Chien\n|-status|p2a: Wo-Chien|par\n|\n|-weather|RainDance|[upkeep]\n|upkeep\n|turn|5\n|inactive|tuncoyaki has 120 seconds left.\n|\n|t:|1699624930\n|switch|p1a: Tapu Koko|Tapu Koko, shiny|100\/100\n|cant|p2a: Wo-Chien|par\n|\n|-weather|RainDance|[upkeep]\n|-fieldend|move: Electric Terrain\n|upkeep\n|turn|6\n|\n|t:|1699624937\n|switch|p2a: Ferrothorn|Ferrothorn, F|100\/100\n|move|p1a: Tapu Koko|U-turn|p2a: Ferrothorn\n|-damage|p2a: Ferrothorn|91\/100\n|-damage|p1a: Tapu Koko|88\/100|[from] ability: Iron Barbs|[of] p2a: Ferrothorn\n|\n|t:|1699624947\n|switch|p1a: Landorus|Landorus-Therian, M, shiny|100\/100|[from] U-turn\n|-ability|p1a: Landorus|Intimidate|boost\n|-unboost|p2a: Ferrothorn|atk|1\n|\n|-weather|RainDance|[upkeep]\n|-heal|p2a: Ferrothorn|97\/100|[from] item: Leftovers\n|upkeep\n|turn|7\n|\n|t:|1699624954\n|switch|p2a: Kilowattrel|Kilowattrel, M, shiny|92\/100\n|move|p1a: Landorus|Earthquake|p2a: Kilowattrel\n|-immune|p2a: Kilowattrel\n|\n|-weather|RainDance|[upkeep]\n|upkeep\n|turn|8\n|\n|t:|1699624962\n|switch|p1a: Blissey|Blissey, F|42\/100\n|move|p2a: Kilowattrel|Weather Ball|p1a: Blissey\n|-damage|p1a: Blissey|32\/100\n|\n|-weather|none\n|upkeep\n|turn|9\n|\n|t:|1699624969\n|move|p2a: Kilowattrel|Volt Switch|p1a: Blissey\n|-damage|p1a: Blissey|25\/100\n|\n|t:|1699624976\n|switch|p2a: Wo-Chien|Wo-Chien|100\/100 par|[from] Volt Switch\n|-ability|p2a: Wo-Chien|Tablets of Ruin\n|move|p1a: Blissey|Soft-Boiled|p1a: Blissey\n|-heal|p1a: Blissey|75\/100\n|\n|upkeep\n|turn|10\n|\n|t:|1699624991\n|switch|p1a: Tapu Koko|Tapu Koko, shiny|88\/100\n|-fieldstart|move: Electric Terrain|[from] ability: Electric Surge|[of] p1a: Tapu Koko\n|move|p2a: Wo-Chien|Body Press|p1a: Tapu Koko\n|-resisted|p1a: Tapu Koko\n|-damage|p1a: Tapu Koko|73\/100\n|\n|upkeep\n|turn|11\n|\n|t:|1699624998\n|move|p1a: Tapu Koko|Thunderbolt|p2a: Wo-Chien\n|-resisted|p2a: Wo-Chien\n|-damage|p2a: Wo-Chien|89\/100 par\n|move|p2a: Wo-Chien|Knock Off|p1a: Tapu Koko\n|-resisted|p1a: Tapu Koko\n|-damage|p1a: Tapu Koko|53\/100\n|-enditem|p1a: Tapu Koko|Heavy-Duty Boots|[from] move: Knock Off|[of] p2a: Wo-Chien\n|\n|upkeep\n|turn|12\n|\n|t:|1699625009\n|switch|p2a: Ferrothorn|Ferrothorn, F|97\/100\n|move|p1a: Tapu Koko|U-turn|p2a: Ferrothorn\n|-damage|p2a: Ferrothorn|88\/100\n|-damage|p1a: Tapu Koko|40\/100|[from] ability: Iron Barbs|[of] p2a: Ferrothorn\n|\n|t:|1699625013\n|switch|p1a: Landorus|Landorus-Therian, M, shiny|100\/100|[from] U-turn\n|-ability|p1a: Landorus|Intimidate|boost\n|-unboost|p2a: Ferrothorn|atk|1\n|\n|-heal|p2a: Ferrothorn|94\/100|[from] item: Leftovers\n|upkeep\n|turn|13\n|\n|t:|1699625019\n|switch|p2a: Kilowattrel|Kilowattrel, M, shiny|92\/100\n|move|p1a: Landorus|Knock Off|p2a: Kilowattrel\n|-damage|p2a: Kilowattrel|47\/100\n|-enditem|p2a: Kilowattrel|Heavy-Duty Boots|[from] move: Knock Off|[of] p1a: Landorus\n|\n|upkeep\n|turn|14\n|\n|t:|1699625039\n|move|p1a: Landorus|Knock Off|p2a: Kilowattrel\n|-damage|p2a: Kilowattrel|20\/100\n|move|p2a: Kilowattrel|Hurricane|p1a: Landorus|[miss]\n|-miss|p2a: Kilowattrel|p1a: Landorus\n|\n|-fieldend|move: Electric Terrain\n|upkeep\n|turn|15\n|\n|t:|1699625045\n|move|p1a: Landorus|U-turn|p2a: Kilowattrel\n|-resisted|p2a: Kilowattrel\n|-damage|p2a: Kilowattrel|5\/100\n|\n|t:|1699625048\n|switch|p1a: Blissey|Blissey, F|75\/100|[from] U-turn\n|move|p2a: Kilowattrel|Hurricane|p1a: Blissey|[miss]\n|-miss|p2a: Kilowattrel|p1a: Blissey\n|\n|upkeep\n|turn|16\n|\n|t:|1699625053\n|move|p2a: Kilowattrel|Volt Switch|p1a: Blissey\n|-damage|p1a: Blissey|67\/100\n|\n|t:|1699625055\n|switch|p2a: Wo-Chien|Wo-Chien|89\/100 par|[from] Volt Switch\n|-ability|p2a: Wo-Chien|Tablets of Ruin\n|move|p1a: Blissey|Seismic Toss|p2a: Wo-Chien\n|-damage|p2a: Wo-Chien|62\/100 par\n|\n|upkeep\n|turn|17\n|\n|t:|1699625059\n|move|p1a: Blissey|Seismic Toss|p2a: Wo-Chien\n|-damage|p2a: Wo-Chien|35\/100 par\n|cant|p2a: Wo-Chien|par\n|\n|upkeep\n|turn|18\n|\n|t:|1699625063\n|move|p1a: Blissey|Seismic Toss|p2a: Wo-Chien\n|-damage|p2a: Wo-Chien|9\/100 par\n|move|p2a: Wo-Chien|Body Press|p1a: Blissey\n|-supereffective|p1a: Blissey\n|-damage|p1a: Blissey|0 fnt\n|faint|p1a: Blissey\n|\n|upkeep\n|\n|t:|1699625074\n|switch|p1a: Landorus|Landorus-Therian, M, shiny|100\/100\n|-ability|p1a: Landorus|Intimidate|boost\n|-unboost|p2a: Wo-Chien|atk|1\n|turn|19\n|\n|t:|1699625079\n|move|p1a: Landorus|Knock Off|p2a: Wo-Chien\n|-resisted|p2a: Wo-Chien\n|-damage|p2a: Wo-Chien|0 fnt\n|-enditem|p2a: Wo-Chien|Assault Vest|[from] move: Knock Off|[of] p1a: Landorus\n|faint|p2a: Wo-Chien\n|\n|upkeep\n|\n|t:|1699625083\n|switch|p2a: Politoed|Politoed, F, shiny|100\/100\n|-weather|RainDance|[from] ability: Drizzle|[of] p2a: Politoed\n|turn|20\n|\n|t:|1699625092\n|switch|p2a: Ferrothorn|Ferrothorn, F|94\/100\n|move|p1a: Landorus|U-turn|p2a: Ferrothorn\n|-damage|p2a: Ferrothorn|77\/100\n|-damage|p1a: Landorus|88\/100|[from] ability: Iron Barbs|[of] p2a: Ferrothorn\n|\n|t:|1699625101\n|switch|p1a: Tapu Koko|Tapu Koko, shiny|40\/100|[from] U-turn\n|-fieldstart|move: Electric Terrain|[from] ability: Electric Surge|[of] p1a: Tapu Koko\n|\n|-weather|RainDance|[upkeep]\n|-heal|p2a: Ferrothorn|83\/100|[from] item: Leftovers\n|upkeep\n|turn|21\n|\n|t:|1699625112\n|move|p1a: Tapu Koko|Roost|p1a: Tapu Koko\n|-heal|p1a: Tapu Koko|91\/100\n|-singleturn|p1a: Tapu Koko|move: Roost\n|move|p2a: Ferrothorn|Gyro Ball|p1a: Tapu Koko\n|-damage|p1a: Tapu Koko|21\/100\n|\n|-weather|RainDance|[upkeep]\n|-heal|p2a: Ferrothorn|89\/100|[from] item: Leftovers\n|upkeep\n|turn|22\n|\n|t:|1699625120\n|switch|p1a: Landorus|Landorus-Therian, M, shiny|88\/100\n|-ability|p1a: Landorus|Intimidate|boost\n|-unboost|p2a: Ferrothorn|atk|1\n|move|p2a: Ferrothorn|Curse|p2a: Ferrothorn\n|-unboost|p2a: Ferrothorn|spe|1\n|-boost|p2a: Ferrothorn|atk|1\n|-boost|p2a: Ferrothorn|def|1\n|\n|-weather|RainDance|[upkeep]\n|-heal|p1a: Landorus|94\/100|[from] item: Leftovers\n|-heal|p2a: Ferrothorn|95\/100|[from] item: Leftovers\n|upkeep\n|turn|23\n|\n|t:|1699625139\n|move|p1a: Landorus|Knock Off|p2a: Ferrothorn\n|-damage|p2a: Ferrothorn|82\/100\n|-damage|p1a: Landorus|82\/100|[from] ability: Iron Barbs|[of] p2a: Ferrothorn\n|-enditem|p2a: Ferrothorn|Leftovers|[from] move: Knock Off|[of] p1a: Landorus\n|move|p2a: Ferrothorn|Curse|p2a: Ferrothorn\n|-unboost|p2a: Ferrothorn|spe|1\n|-boost|p2a: Ferrothorn|atk|1\n|-boost|p2a: Ferrothorn|def|1\n|\n|-weather|RainDance|[upkeep]\n|-heal|p1a: Landorus|88\/100|[from] item: Leftovers\n|upkeep\n|turn|24\n|\n|t:|1699625147\n|move|p1a: Landorus|Stealth Rock|p2a: Ferrothorn\n|-sidestart|p2: tuncoyaki|move: Stealth Rock\n|move|p2a: Ferrothorn|Gyro Ball|p1a: Landorus\n|-damage|p1a: Landorus|5\/100\n|\n|-weather|RainDance|[upkeep]\n|-heal|p1a: Landorus|11\/100|[from] item: Leftovers\n|-fieldend|move: Electric Terrain\n|upkeep\n|turn|25\n|\n|t:|1699625151\n|move|p1a: Landorus|Earthquake|p2a: Ferrothorn\n|-crit|p2a: Ferrothorn\n|-damage|p2a: Ferrothorn|35\/100\n|move|p2a: Ferrothorn|Gyro Ball|p1a: Landorus\n|-damage|p1a: Landorus|0 fnt\n|faint|p1a: Landorus\n|\n|-weather|RainDance|[upkeep]\n|upkeep\n|\n|t:|1699625157\n|switch|p1a: Dragonite|Dragonite, M|100\/100\n|turn|26\n|\n|t:|1699625167\n|move|p1a: Dragonite|Fire Punch|p2a: Ferrothorn\n|-supereffective|p2a: Ferrothorn\n|-damage|p2a: Ferrothorn|9\/100\n|-damage|p1a: Dragonite|88\/100|[from] ability: Iron Barbs|[of] p2a: Ferrothorn\n|move|p2a: Ferrothorn|Thunder Wave|p1a: Dragonite\n|-status|p1a: Dragonite|par\n|\n|-weather|RainDance|[upkeep]\n|upkeep\n|turn|27\n|\n|t:|1699625174\n|move|p1a: Dragonite|Fire Punch|p2a: Ferrothorn\n|-supereffective|p2a: Ferrothorn\n|-damage|p2a: Ferrothorn|0 fnt\n|-damage|p1a: Dragonite|76\/100 par|[from] ability: Iron Barbs|[of] p2a: Ferrothorn\n|faint|p2a: Ferrothorn\n|\n|-weather|none\n|upkeep\n|\n|t:|1699625177\n|switch|p2a: Politoed|Politoed, F, shiny|100\/100\n|-damage|p2a: Politoed|88\/100|[from] Stealth Rock\n|-weather|RainDance|[from] ability: Drizzle|[of] p2a: Politoed\n|turn|28\n|\n|t:|1699625182\n|switch|p1a: Tapu Koko|Tapu Koko, shiny|21\/100\n|-fieldstart|move: Electric Terrain|[from] ability: Electric Surge|[of] p1a: Tapu Koko\n|move|p2a: Politoed|Encore||[still]\n|-fail|p2a: Politoed\n|\n|-weather|RainDance|[upkeep]\n|upkeep\n|turn|29\n|\n|t:|1699625188\n|switch|p2a: Kilowattrel|Kilowattrel, M, shiny|5\/100\n|-damage|p2a: Kilowattrel|0 fnt|[from] Stealth Rock\n|faint|p2a: Kilowattrel\n|move|p1a: Tapu Koko|Roost|p1a: Tapu Koko\n|-heal|p1a: Tapu Koko|71\/100\n|-singleturn|p1a: Tapu Koko|move: Roost\n|\n|-weather|RainDance|[upkeep]\n|upkeep\n|\n|t:|1699625195\n|switch|p2a: Sneasler|Sneasler, F|100\/100\n|-damage|p2a: Sneasler|95\/100|[from] Stealth Rock\n|turn|30\n|l|\u2606tuncoyaki\n|inactive|tuncoyaki disconnected and has a minute to reconnect!\n|player|p2|\n|inactive|tuncoyaki has 30 seconds to reconnect!\n|j|\u2606tuncoyaki\n|inactive|tuncoyaki reconnected and has 100 seconds left.\n|player|p2|tuncoyaki|ballguy\n|\n|t:|1699625253\n|move|p2a: Sneasler|Fake Out|p1a: Tapu Koko\n|-enditem|p2a: Sneasler|Normal Gem|[from] gem\n|-damage|p1a: Tapu Koko|41\/100\n|cant|p1a: Tapu Koko|flinch\n|\n|-weather|RainDance|[upkeep]\n|upkeep\n|turn|31\n|\n|t:|1699625261\n|move|p2a: Sneasler|Dire Claw|p1a: Tapu Koko\n|-supereffective|p1a: Tapu Koko\n|-damage|p1a: Tapu Koko|0 fnt\n|faint|p1a: Tapu Koko\n|\n|-weather|RainDance|[upkeep]\n|upkeep\n|\n|t:|1699625267\n|switch|p1a: Sneasler|Sneasler, F, shiny|100\/100\n|-enditem|p1a: Sneasler|Electric Seed\n|-boost|p1a: Sneasler|def|1|[from] item: Electric Seed\n|turn|32\n|\n|t:|1699625276\n|-terastallize|p2a: Sneasler|Flying\n|-terastallize|p1a: Sneasler|Flying\n|move|p2a: Sneasler|Acrobatics|p1a: Sneasler\n|-damage|p1a: Sneasler|27\/100\n|move|p1a: Sneasler|Acrobatics|p2a: Sneasler\n|-damage|p2a: Sneasler|0 fnt\n|faint|p2a: Sneasler\n|\n|-weather|RainDance|[upkeep]\n|-fieldend|move: Electric Terrain\n|upkeep\n|\n|t:|1699625293\n|switch|p2a: Alomomola|Alomomola, M, shiny|100\/100\n|-damage|p2a: Alomomola|88\/100|[from] Stealth Rock\n|turn|33\n|\n|t:|1699625299\n|switch|p1a: Dondozo|Dondozo, M|100\/100\n|move|p2a: Alomomola|Chilling Water|p1a: Dondozo\n|-resisted|p1a: Dondozo\n|-damage|p1a: Dondozo|94\/100\n|-unboost|p1a: Dondozo|atk|1\n|\n|-weather|RainDance|[upkeep]\n|-heal|p2a: Alomomola|94\/100|[from] item: Leftovers\n|-heal|p1a: Dondozo|99\/100|[from] item: Leftovers\n|upkeep\n|turn|34\n|\n|t:|1699625305\n|move|p2a: Alomomola|Scald|p1a: Dondozo\n|-resisted|p1a: Dondozo\n|-damage|p1a: Dondozo|90\/100\n|move|p1a: Dondozo|Curse|p1a: Dondozo\n|-unboost|p1a: Dondozo|spe|1\n|-boost|p1a: Dondozo|atk|1\n|-boost|p1a: Dondozo|def|1\n|\n|-weather|RainDance|[upkeep]\n|-heal|p2a: Alomomola|100\/100|[from] item: Leftovers\n|-heal|p1a: Dondozo|96\/100|[from] item: Leftovers\n|upkeep\n|turn|35\n|\n|t:|1699625308\n|move|p2a: Alomomola|Scald|p1a: Dondozo\n|-resisted|p1a: Dondozo\n|-crit|p1a: Dondozo\n|-damage|p1a: Dondozo|80\/100\n|move|p1a: Dondozo|Curse|p1a: Dondozo\n|-unboost|p1a: Dondozo|spe|1\n|-boost|p1a: Dondozo|atk|1\n|-boost|p1a: Dondozo|def|1\n|\n|-weather|none\n|-heal|p1a: Dondozo|86\/100|[from] item: Leftovers\n|upkeep\n|turn|36\n|\n|t:|1699625310\n|move|p2a: Alomomola|Scald|p1a: Dondozo\n|-resisted|p1a: Dondozo\n|-damage|p1a: Dondozo|80\/100\n|-status|p1a: Dondozo|brn\n|move|p1a: Dondozo|Curse|p1a: Dondozo\n|-unboost|p1a: Dondozo|spe|1\n|-boost|p1a: Dondozo|atk|1\n|-boost|p1a: Dondozo|def|1\n|\n|-heal|p1a: Dondozo|86\/100 brn|[from] item: Leftovers\n|-damage|p1a: Dondozo|80\/100 brn|[from] brn\n|upkeep\n|turn|37\n|\n|t:|1699625322\n|move|p2a: Alomomola|Chilling Water|p1a: Dondozo\n|-resisted|p1a: Dondozo\n|-damage|p1a: Dondozo|76\/100 brn\n|-unboost|p1a: Dondozo|atk|1\n|move|p1a: Dondozo|Curse|p1a: Dondozo\n|-unboost|p1a: Dondozo|spe|1\n|-boost|p1a: Dondozo|atk|1\n|-boost|p1a: Dondozo|def|1\n|\n|-heal|p1a: Dondozo|82\/100 brn|[from] item: Leftovers\n|-damage|p1a: Dondozo|76\/100 brn|[from] brn\n|upkeep\n|turn|38\n|\n|t:|1699625324\n|move|p2a: Alomomola|Chilling Water|p1a: Dondozo\n|-resisted|p1a: Dondozo\n|-damage|p1a: Dondozo|72\/100 brn\n|-unboost|p1a: Dondozo|atk|1\n|move|p1a: Dondozo|Curse|p1a: Dondozo\n|-unboost|p1a: Dondozo|spe|1\n|-boost|p1a: Dondozo|atk|1\n|-boost|p1a: Dondozo|def|1\n|\n|-heal|p1a: Dondozo|78\/100 brn|[from] item: Leftovers\n|-damage|p1a: Dondozo|72\/100 brn|[from] brn\n|upkeep\n|turn|39\n|\n|t:|1699625326\n|move|p2a: Alomomola|Chilling Water|p1a: Dondozo\n|-resisted|p1a: Dondozo\n|-damage|p1a: Dondozo|68\/100 brn\n|-unboost|p1a: Dondozo|atk|1\n|move|p1a: Dondozo|Curse|p1a: Dondozo\n|-unboost|p1a: Dondozo|spe|1\n|-boost|p1a: Dondozo|atk|1\n|-boost|p1a: Dondozo|def|1\n|\n|-heal|p1a: Dondozo|74\/100 brn|[from] item: Leftovers\n|-damage|p1a: Dondozo|68\/100 brn|[from] brn\n|upkeep\n|turn|40\n|\n|t:|1699625332\n|move|p2a: Alomomola|Wish|p2a: Alomomola\n|move|p1a: Dondozo|Curse|p1a: Dondozo\n|-boost|p1a: Dondozo|atk|1\n|\n|-heal|p1a: Dondozo|74\/100 brn|[from] item: Leftovers\n|-damage|p1a: Dondozo|68\/100 brn|[from] brn\n|upkeep\n|turn|41\n|\n|t:|1699625335\n|switch|p2a: Politoed|Politoed, F, shiny|88\/100\n|-damage|p2a: Politoed|75\/100|[from] Stealth Rock\n|-weather|RainDance|[from] ability: Drizzle|[of] p2a: Politoed\n|move|p1a: Dondozo|Rest|p1a: Dondozo\n|-status|p1a: Dondozo|slp|[from] move: Rest\n|-heal|p1a: Dondozo|100\/100 slp|[silent]\n|\n|-weather|RainDance|[upkeep]\n|-heal|p2a: Politoed|100\/100|[from] move: Wish|[wisher] Alomomola\n|upkeep\n|turn|42\n|\n|t:|1699625342\n|move|p2a: Politoed|Encore|p1a: Dondozo\n|-start|p1a: Dondozo|Encore\n|cant|p1a: Dondozo|slp\n|\n|-weather|RainDance|[upkeep]\n|upkeep\n|turn|43\n|\n|t:|1699625347\n|move|p2a: Politoed|Haze|p2a: Politoed\n|-clearallboost\n|cant|p1a: Dondozo|slp\n|\n|-weather|RainDance|[upkeep]\n|upkeep\n|turn|44\n|\n|t:|1699625351\n|switch|p2a: Alomomola|Alomomola, M, shiny|100\/100\n|-damage|p2a: Alomomola|88\/100|[from] Stealth Rock\n|switch|p1a: Dragonite|Dragonite, M|76\/100 par\n|\n|-weather|RainDance|[upkeep]\n|-heal|p2a: Alomomola|94\/100|[from] item: Leftovers\n|upkeep\n|turn|45\n|\n|t:|1699625354\n|move|p2a: Alomomola|Chilling Water|p1a: Dragonite\n|-resisted|p1a: Dragonite\n|-damage|p1a: Dragonite|69\/100 par\n|-unboost|p1a: Dragonite|atk|1\n|move|p1a: Dragonite|Outrage|p2a: Alomomola\n|-damage|p2a: Alomomola|60\/100\n|\n|-weather|RainDance|[upkeep]\n|-heal|p2a: Alomomola|66\/100|[from] item: Leftovers\n|upkeep\n|turn|46\n|\n|t:|1699625361\n|move|p2a: Alomomola|Protect|p2a: Alomomola\n|-singleturn|p2a: Alomomola|Protect\n|move|p1a: Dragonite|Outrage|p2a: Alomomola|[from]lockedmove\n|-activate|p2a: Alomomola|move: Protect\n|\n|-weather|RainDance|[upkeep]\n|-heal|p2a: Alomomola|72\/100|[from] item: Leftovers\n|upkeep\n|turn|47\n|\n|t:|1699625368\n|switch|p1a: Dondozo|Dondozo, M|100\/100 slp\n|move|p2a: Alomomola|Wish|p2a: Alomomola\n|\n|-weather|RainDance|[upkeep]\n|-heal|p2a: Alomomola|78\/100|[from] item: Leftovers\n|upkeep\n|turn|48\n|\n|t:|1699625371\n|move|p2a: Alomomola|Chilling Water|p1a: Dondozo\n|-resisted|p1a: Dondozo\n|-damage|p1a: Dondozo|95\/100 slp\n|-unboost|p1a: Dondozo|atk|1\n|-curestatus|p1a: Dondozo|slp|[msg]\n|move|p1a: Dondozo|Curse|p1a: Dondozo\n|-unboost|p1a: Dondozo|spe|1\n|-boost|p1a: Dondozo|atk|1\n|-boost|p1a: Dondozo|def|1\n|\n|-weather|none\n|-heal|p2a: Alomomola|100\/100|[from] move: Wish|[wisher] Alomomola\n|-heal|p1a: Dondozo|100\/100|[from] item: Leftovers\n|upkeep\n|turn|49\n|\n|t:|1699625374\n|move|p2a: Alomomola|Chilling Water|p1a: Dondozo\n|-resisted|p1a: Dondozo\n|-damage|p1a: Dondozo|96\/100\n|-unboost|p1a: Dondozo|atk|1\n|move|p1a: Dondozo|Curse|p1a: Dondozo\n|-unboost|p1a: Dondozo|spe|1\n|-boost|p1a: Dondozo|atk|1\n|-boost|p1a: Dondozo|def|1\n|\n|-heal|p1a: Dondozo|100\/100|[from] item: Leftovers\n|upkeep\n|turn|50\n|\n|t:|1699625375\n|move|p2a: Alomomola|Scald|p1a: Dondozo\n|-resisted|p1a: Dondozo\n|-damage|p1a: Dondozo|94\/100\n|move|p1a: Dondozo|Curse|p1a: Dondozo\n|-unboost|p1a: Dondozo|spe|1\n|-boost|p1a: Dondozo|atk|1\n|-boost|p1a: Dondozo|def|1\n|\n|-heal|p1a: Dondozo|99\/100|[from] item: Leftovers\n|upkeep\n|turn|51\n|\n|t:|1699625379\n|move|p2a: Alomomola|Wish|p2a: Alomomola\n|move|p1a: Dondozo|Waterfall|p2a: Alomomola\n|-resisted|p2a: Alomomola\n|-damage|p2a: Alomomola|90\/100\n|\n|-heal|p2a: Alomomola|96\/100|[from] item: Leftovers\n|-heal|p1a: Dondozo|100\/100|[from] item: Leftovers\n|upkeep\n|turn|52\n|\n|t:|1699625385\n|switch|p2a: Politoed|Politoed, F, shiny|100\/100\n|-damage|p2a: Politoed|88\/100|[from] Stealth Rock\n|-weather|RainDance|[from] ability: Drizzle|[of] p2a: Politoed\n|switch|p1a: Sneasler|Sneasler, F, shiny, tera:Flying|27\/100\n|\n|-weather|RainDance|[upkeep]\n|-heal|p2a: Politoed|100\/100|[from] move: Wish|[wisher] Alomomola\n|upkeep\n|turn|53\n|\n|t:|1699625392\n|move|p1a: Sneasler|Close Combat|p2a: Politoed\n|-damage|p2a: Politoed|19\/100\n|-unboost|p1a: Sneasler|def|1\n|-unboost|p1a: Sneasler|spd|1\n|move|p2a: Politoed|Surf|p1a: Sneasler\n|-damage|p1a: Sneasler|0 fnt\n|faint|p1a: Sneasler\n|\n|-weather|RainDance|[upkeep]\n|upkeep\n|\n|t:|1699625398\n|switch|p1a: Dragonite|Dragonite, M|69\/100 par\n|turn|54\n|\n|t:|1699625407\n|move|p2a: Politoed|Surf|p1a: Dragonite\n|-resisted|p1a: Dragonite\n|-damage|p1a: Dragonite|48\/100 par\n|move|p1a: Dragonite|Outrage|p2a: Politoed\n|-damage|p2a: Politoed|0 fnt\n|faint|p2a: Politoed\n|\n|-weather|RainDance|[upkeep]\n|upkeep\n|\n|t:|1699625409\n|switch|p2a: Alomomola|Alomomola, M, shiny|100\/100\n|-damage|p2a: Alomomola|88\/100|[from] Stealth Rock\n|turn|55\n|\n|t:|1699625413\n|move|p2a: Alomomola|Chilling Water|p1a: Dragonite\n|-resisted|p1a: Dragonite\n|-damage|p1a: Dragonite|40\/100 par\n|-unboost|p1a: Dragonite|atk|1\n|move|p1a: Dragonite|Outrage|p2a: Alomomola|[from]lockedmove\n|-damage|p2a: Alomomola|53\/100\n|-start|p1a: Dragonite|confusion|[fatigue]\n|\n|-weather|RainDance|[upkeep]\n|-heal|p2a: Alomomola|59\/100|[from] item: Leftovers\n|upkeep\n|turn|56\n|\n|t:|1699625420\n|move|p2a: Alomomola|Wish|p2a: Alomomola\n|-activate|p1a: Dragonite|confusion\n|cant|p1a: Dragonite|par\n|\n|-weather|RainDance|[upkeep]\n|-heal|p2a: Alomomola|65\/100|[from] item: Leftovers\n|upkeep\n|turn|57\n|\n|t:|1699625424\n|move|p2a: Alomomola|Chilling Water|p1a: Dragonite\n|-resisted|p1a: Dragonite\n|-damage|p1a: Dragonite|33\/100 par\n|-unboost|p1a: Dragonite|atk|1\n|-activate|p1a: Dragonite|confusion\n|-damage|p1a: Dragonite|24\/100 par|[from] confusion\n|\n|-weather|RainDance|[upkeep]\n|-heal|p2a: Alomomola|100\/100|[from] move: Wish|[wisher] Alomomola\n|upkeep\n|turn|58\n|\n|t:|1699625431\n|switch|p1a: Dondozo|Dondozo, M|100\/100\n|move|p2a: Alomomola|Scald|p1a: Dondozo\n|-resisted|p1a: Dondozo\n|-damage|p1a: Dondozo|90\/100\n|-status|p1a: Dondozo|brn\n|\n|-weather|RainDance|[upkeep]\n|-heal|p1a: Dondozo|97\/100 brn|[from] item: Leftovers\n|-damage|p1a: Dondozo|90\/100 brn|[from] brn\n|upkeep\n|turn|59\n|\n|t:|1699625440\n|switch|p1a: Dragonite|Dragonite, M|24\/100 par\n|move|p2a: Alomomola|Chilling Water|p1a: Dragonite\n|-resisted|p1a: Dragonite\n|-damage|p1a: Dragonite|16\/100 par\n|-unboost|p1a: Dragonite|atk|1\n|\n|-weather|none\n|upkeep\n|turn|60\n|\n|t:|1699625448\n|switch|p1a: Dondozo|Dondozo, M|90\/100 brn\n|move|p2a: Alomomola|Chilling Water|p1a: Dondozo\n|-resisted|p1a: Dondozo\n|-damage|p1a: Dondozo|86\/100 brn\n|-unboost|p1a: Dondozo|atk|1\n|\n|-heal|p1a: Dondozo|92\/100 brn|[from] item: Leftovers\n|-damage|p1a: Dondozo|86\/100 brn|[from] brn\n|upkeep\n|turn|61\n|\n|t:|1699625451\n|move|p2a: Alomomola|Scald|p1a: Dondozo\n|-resisted|p1a: Dondozo\n|-damage|p1a: Dondozo|79\/100 brn\n|move|p1a: Dondozo|Curse|p1a: Dondozo\n|-unboost|p1a: Dondozo|spe|1\n|-boost|p1a: Dondozo|atk|1\n|-boost|p1a: Dondozo|def|1\n|\n|-heal|p1a: Dondozo|85\/100 brn|[from] item: Leftovers\n|-damage|p1a: Dondozo|79\/100 brn|[from] brn\n|upkeep\n|turn|62\n|\n|t:|1699625455\n|move|p2a: Alomomola|Scald|p1a: Dondozo\n|-resisted|p1a: Dondozo\n|-damage|p1a: Dondozo|72\/100 brn\n|move|p1a: Dondozo|Curse|p1a: Dondozo\n|-unboost|p1a: Dondozo|spe|1\n|-boost|p1a: Dondozo|atk|1\n|-boost|p1a: Dondozo|def|1\n|\n|-heal|p1a: Dondozo|78\/100 brn|[from] item: Leftovers\n|-damage|p1a: Dondozo|72\/100 brn|[from] brn\n|upkeep\n|turn|63\n|\n|t:|1699625458\n|move|p2a: Alomomola|Chilling Water|p1a: Dondozo\n|-resisted|p1a: Dondozo\n|-damage|p1a: Dondozo|68\/100 brn\n|-unboost|p1a: Dondozo|atk|1\n|move|p1a: Dondozo|Curse|p1a: Dondozo\n|-unboost|p1a: Dondozo|spe|1\n|-boost|p1a: Dondozo|atk|1\n|-boost|p1a: Dondozo|def|1\n|\n|-heal|p1a: Dondozo|74\/100 brn|[from] item: Leftovers\n|-damage|p1a: Dondozo|68\/100 brn|[from] brn\n|upkeep\n|turn|64\n|\n|t:|1699625461\n|move|p2a: Alomomola|Chilling Water|p1a: Dondozo\n|-resisted|p1a: Dondozo\n|-damage|p1a: Dondozo|64\/100 brn\n|-unboost|p1a: Dondozo|atk|1\n|move|p1a: Dondozo|Curse|p1a: Dondozo\n|-unboost|p1a: Dondozo|spe|1\n|-boost|p1a: Dondozo|atk|1\n|-boost|p1a: Dondozo|def|1\n|\n|-heal|p1a: Dondozo|70\/100 brn|[from] item: Leftovers\n|-damage|p1a: Dondozo|64\/100 brn|[from] brn\n|upkeep\n|turn|65\n|\n|t:|1699625467\n|move|p2a: Alomomola|Chilling Water|p1a: Dondozo\n|-resisted|p1a: Dondozo\n|-damage|p1a: Dondozo|60\/100 brn\n|-unboost|p1a: Dondozo|atk|1\n|move|p1a: Dondozo|Rest|p1a: Dondozo\n|-status|p1a: Dondozo|slp|[from] move: Rest\n|-heal|p1a: Dondozo|100\/100 slp|[silent]\n|\n|upkeep\n|turn|66\n|\n|t:|1699625470\n|move|p2a: Alomomola|Chilling Water|p1a: Dondozo\n|-resisted|p1a: Dondozo\n|-damage|p1a: Dondozo|96\/100 slp\n|-unboost|p1a: Dondozo|atk|1\n|cant|p1a: Dondozo|slp\n|move|p1a: Dondozo|Sleep Talk|p1a: Dondozo\n|move|p1a: Dondozo|Rest||[from]move: Sleep Talk|[still]\n|-fail|p1a: Dondozo\n|\n|-heal|p1a: Dondozo|100\/100 slp|[from] item: Leftovers\n|upkeep\n|turn|67\n|\n|t:|1699625474\n|move|p2a: Alomomola|Chilling Water|p1a: Dondozo\n|-resisted|p1a: Dondozo\n|-damage|p1a: Dondozo|96\/100 slp\n|-unboost|p1a: Dondozo|atk|1\n|cant|p1a: Dondozo|slp\n|move|p1a: Dondozo|Sleep Talk|p1a: Dondozo\n|move|p1a: Dondozo|Rest||[from]move: Sleep Talk|[still]\n|-fail|p1a: Dondozo\n|\n|-heal|p1a: Dondozo|100\/100 slp|[from] item: Leftovers\n|upkeep\n|turn|68\n|\n|t:|1699625479\n|move|p2a: Alomomola|Chilling Water|p1a: Dondozo\n|-resisted|p1a: Dondozo\n|-damage|p1a: Dondozo|96\/100 slp\n|-unboost|p1a: Dondozo|atk|1\n|-curestatus|p1a: Dondozo|slp|[msg]\n|move|p1a: Dondozo|Waterfall|p2a: Alomomola\n|-resisted|p2a: Alomomola\n|-damage|p2a: Alomomola|98\/100\n|\n|-heal|p2a: Alomomola|100\/100|[from] item: Leftovers\n|-heal|p1a: Dondozo|100\/100|[from] item: Leftovers\n|upkeep\n|turn|69\n|\n|t:|1699625484\n|move|p2a: Alomomola|Chilling Water|p1a: Dondozo\n|-resisted|p1a: Dondozo\n|-damage|p1a: Dondozo|97\/100\n|-unboost|p1a: Dondozo|atk|1\n|move|p1a: Dondozo|Waterfall|p2a: Alomomola\n|-resisted|p2a: Alomomola\n|-damage|p2a: Alomomola|98\/100\n|\n|-heal|p2a: Alomomola|100\/100|[from] item: Leftovers\n|-heal|p1a: Dondozo|100\/100|[from] item: Leftovers\n|upkeep\n|turn|70\n|\n|t:|1699625486\n|move|p2a: Alomomola|Chilling Water|p1a: Dondozo\n|-resisted|p1a: Dondozo\n|-damage|p1a: Dondozo|97\/100\n|-unboost|p1a: Dondozo|atk|1\n|move|p1a: Dondozo|Waterfall|p2a: Alomomola\n|-resisted|p2a: Alomomola\n|-damage|p2a: Alomomola|99\/100\n|\n|-heal|p2a: Alomomola|100\/100|[from] item: Leftovers\n|-heal|p1a: Dondozo|100\/100|[from] item: Leftovers\n|upkeep\n|turn|71\n|\n|t:|1699625494\n|move|p2a: Alomomola|Chilling Water|p1a: Dondozo\n|-resisted|p1a: Dondozo\n|-damage|p1a: Dondozo|96\/100\n|-unboost|p1a: Dondozo|atk|1\n|move|p1a: Dondozo|Waterfall|p2a: Alomomola\n|-resisted|p2a: Alomomola\n|-damage|p2a: Alomomola|98\/100\n|\n|-heal|p2a: Alomomola|100\/100|[from] item: Leftovers\n|-heal|p1a: Dondozo|100\/100|[from] item: Leftovers\n|upkeep\n|turn|72\n|\n|t:|1699625505\n|move|p2a: Alomomola|Chilling Water|p1a: Dondozo\n|-resisted|p1a: Dondozo\n|-damage|p1a: Dondozo|96\/100\n|move|p1a: Dondozo|Waterfall|p2a: Alomomola\n|-resisted|p2a: Alomomola\n|-damage|p2a: Alomomola|99\/100\n|\n|-heal|p2a: Alomomola|100\/100|[from] item: Leftovers\n|-heal|p1a: Dondozo|100\/100|[from] item: Leftovers\n|upkeep\n|turn|73\n|\n|t:|1699625512\n|move|p2a: Alomomola|Protect|p2a: Alomomola\n|-singleturn|p2a: Alomomola|Protect\n|move|p1a: Dondozo|Waterfall|p2a: Alomomola\n|-activate|p2a: Alomomola|move: Protect\n|\n|upkeep\n|turn|74\n|\n|t:|1699625517\n|switch|p1a: Dragonite|Dragonite, M|16\/100 par\n|move|p2a: Alomomola|Scald|p1a: Dragonite\n|-resisted|p1a: Dragonite\n|-damage|p1a: Dragonite|9\/100 par\n|\n|upkeep\n|turn|75\n|\n|t:|1699625523\n|switch|p1a: Dondozo|Dondozo, M|100\/100\n|move|p2a: Alomomola|Scald|p1a: Dondozo\n|-resisted|p1a: Dondozo\n|-damage|p1a: Dondozo|93\/100\n|\n|-heal|p1a: Dondozo|99\/100|[from] item: Leftovers\n|upkeep\n|turn|76\n|\n|t:|1699625531\n|move|p2a: Alomomola|Protect|p2a: Alomomola\n|-singleturn|p2a: Alomomola|Protect\n|move|p1a: Dondozo|Sleep Talk||[still]\n|-fail|p1a: Dondozo\n|\n|-heal|p1a: Dondozo|100\/100|[from] item: Leftovers\n|upkeep\n|turn|77\n|\n|t:|1699625536\n|move|p2a: Alomomola|Scald|p1a: Dondozo\n|-resisted|p1a: Dondozo\n|-damage|p1a: Dondozo|94\/100\n|-status|p1a: Dondozo|brn\n|move|p1a: Dondozo|Sleep Talk||[still]\n|-fail|p1a: Dondozo\n|\n|-heal|p1a: Dondozo|99\/100 brn|[from] item: Leftovers\n|-damage|p1a: Dondozo|94\/100 brn|[from] brn\n|upkeep\n|turn|78\n|\n|t:|1699625547\n|move|p2a: Alomomola|Chilling Water|p1a: Dondozo\n|-resisted|p1a: Dondozo\n|-damage|p1a: Dondozo|90\/100 brn\n|-unboost|p1a: Dondozo|atk|1\n|move|p1a: Dondozo|Sleep Talk||[still]\n|-fail|p1a: Dondozo\n|\n|-heal|p1a: Dondozo|96\/100 brn|[from] item: Leftovers\n|-damage|p1a: Dondozo|90\/100 brn|[from] brn\n|upkeep\n|turn|79\n|\n|t:|1699625560\n|move|p2a: Alomomola|Wish|p2a: Alomomola\n|move|p1a: Dondozo|Waterfall|p2a: Alomomola\n|-resisted|p2a: Alomomola\n|-damage|p2a: Alomomola|98\/100\n|\n|-heal|p2a: Alomomola|100\/100|[from] item: Leftovers\n|-heal|p1a: Dondozo|96\/100 brn|[from] item: Leftovers\n|-damage|p1a: Dondozo|90\/100 brn|[from] brn\n|upkeep\n|turn|80\n|\n|t:|1699625570\n|switch|p1a: Dragonite|Dragonite, M|9\/100 par\n|move|p2a: Alomomola|Protect||[still]\n|-fail|p2a: Alomomola\n|\n|upkeep\n|turn|81\n|\n|t:|1699625581\n|move|p1a: Dragonite|Extreme Speed|p2a: Alomomola\n|-damage|p2a: Alomomola|76\/100\n|move|p2a: Alomomola|Scald|p1a: Dragonite\n|-resisted|p1a: Dragonite\n|-damage|p1a: Dragonite|1\/100 par\n|\n|-heal|p2a: Alomomola|82\/100|[from] item: Leftovers\n|upkeep\n|turn|82\n|\n|t:|1699625587\n|switch|p1a: Dondozo|Dondozo, M|90\/100 brn\n|move|p2a: Alomomola|Chilling Water|p1a: Dondozo\n|-resisted|p1a: Dondozo\n|-damage|p1a: Dondozo|86\/100 brn\n|-unboost|p1a: Dondozo|atk|1\n|\n|-heal|p2a: Alomomola|88\/100|[from] item: Leftovers\n|-heal|p1a: Dondozo|92\/100 brn|[from] item: Leftovers\n|-damage|p1a: Dondozo|86\/100 brn|[from] brn\n|upkeep\n|turn|83\n|\n|t:|1699625593\n|move|p2a: Alomomola|Chilling Water|p1a: Dondozo\n|-resisted|p1a: Dondozo\n|-damage|p1a: Dondozo|82\/100 brn\n|-unboost|p1a: Dondozo|atk|1\n|move|p1a: Dondozo|Sleep Talk||[still]\n|-fail|p1a: Dondozo\n|\n|-heal|p2a: Alomomola|95\/100|[from] item: Leftovers\n|-heal|p1a: Dondozo|88\/100 brn|[from] item: Leftovers\n|-damage|p1a: Dondozo|82\/100 brn|[from] brn\n|upkeep\n|turn|84\n|\n|t:|1699625601\n|move|p2a: Alomomola|Chilling Water|p1a: Dondozo\n|-resisted|p1a: Dondozo\n|-damage|p1a: Dondozo|78\/100 brn\n|-unboost|p1a: Dondozo|atk|1\n|move|p1a: Dondozo|Sleep Talk||[still]\n|-fail|p1a: Dondozo\n|\n|-heal|p2a: Alomomola|100\/100|[from] item: Leftovers\n|-heal|p1a: Dondozo|84\/100 brn|[from] item: Leftovers\n|-damage|p1a: Dondozo|78\/100 brn|[from] brn\n|upkeep\n|turn|85\n|\n|t:|1699625606\n|move|p2a: Alomomola|Chilling Water|p1a: Dondozo\n|-resisted|p1a: Dondozo\n|-damage|p1a: Dondozo|74\/100 brn\n|-unboost|p1a: Dondozo|atk|1\n|move|p1a: Dondozo|Sleep Talk||[still]\n|-fail|p1a: Dondozo\n|\n|-heal|p1a: Dondozo|80\/100 brn|[from] item: Leftovers\n|-damage|p1a: Dondozo|74\/100 brn|[from] brn\n|upkeep\n|turn|86\n|\n|t:|1699625613\n|move|p2a: Alomomola|Chilling Water|p1a: Dondozo\n|-resisted|p1a: Dondozo\n|-damage|p1a: Dondozo|70\/100 brn\n|-unboost|p1a: Dondozo|atk|1\n|move|p1a: Dondozo|Rest|p1a: Dondozo\n|-status|p1a: Dondozo|slp|[from] move: Rest\n|-heal|p1a: Dondozo|100\/100 slp|[silent]\n|\n|upkeep\n|turn|87\n|\n|t:|1699625616\n|move|p2a: Alomomola|Chilling Water|p1a: Dondozo\n|-resisted|p1a: Dondozo\n|-damage|p1a: Dondozo|96\/100 slp\n|-unboost|p1a: Dondozo|atk|1\n|cant|p1a: Dondozo|slp\n|move|p1a: Dondozo|Sleep Talk|p1a: Dondozo\n|move|p1a: Dondozo|Curse|p1a: Dondozo|[from]move: Sleep Talk\n|-unboost|p1a: Dondozo|spe|1\n|-boost|p1a: Dondozo|atk|1\n|-boost|p1a: Dondozo|def|1\n|\n|-heal|p1a: Dondozo|100\/100 slp|[from] item: Leftovers\n|upkeep\n|turn|88\n|\n|t:|1699625626\n|move|p2a: Alomomola|Chilling Water|p1a: Dondozo\n|-resisted|p1a: Dondozo\n|-damage|p1a: Dondozo|96\/100 slp\n|-unboost|p1a: Dondozo|atk|1\n|cant|p1a: Dondozo|slp\n|move|p1a: Dondozo|Sleep Talk|p1a: Dondozo\n|move|p1a: Dondozo|Rest||[from]move: Sleep Talk|[still]\n|-fail|p1a: Dondozo\n|\n|-heal|p1a: Dondozo|100\/100 slp|[from] item: Leftovers\n|upkeep\n|turn|89\n|\n|t:|1699625640\n|move|p2a: Alomomola|Protect|p2a: Alomomola\n|-singleturn|p2a: Alomomola|Protect\n|-curestatus|p1a: Dondozo|slp|[msg]\n|move|p1a: Dondozo|Sleep Talk||[still]\n|-fail|p1a: Dondozo\n|\n|upkeep\n|turn|90\n|\n|t:|1699625649\n|move|p2a: Alomomola|Protect||[still]\n|-fail|p2a: Alomomola\n|move|p1a: Dondozo|Rest|p1a: Dondozo\n|-fail|p1a: Dondozo|heal\n|\n|upkeep\n|turn|91\n|\n|t:|1699625660\n|move|p2a: Alomomola|Protect|p2a: Alomomola\n|-singleturn|p2a: Alomomola|Protect\n|move|p1a: Dondozo|Sleep Talk||[still]\n|-fail|p1a: Dondozo\n|\n|upkeep\n|turn|92\n|\n|t:|1699625667\n|move|p2a: Alomomola|Protect|p2a: Alomomola\n|-singleturn|p2a: Alomomola|Protect\n|move|p1a: Dondozo|Sleep Talk||[still]\n|-fail|p1a: Dondozo\n|\n|upkeep\n|turn|93\n|\n|t:|1699625671\n|switch|p1a: Dragonite|Dragonite, M|1\/100 par\n|move|p2a: Alomomola|Protect||[still]\n|-fail|p2a: Alomomola\n|\n|upkeep\n|turn|94\n|\n|t:|1699625680\n|switch|p1a: Dondozo|Dondozo, M|100\/100\n|move|p2a: Alomomola|Protect||[still]\n|-fail|p2a: Alomomola\n|\n|upkeep\n|turn|95\n|\n|t:|1699625689\n|move|p2a: Alomomola|Protect|p2a: Alomomola\n|-singleturn|p2a: Alomomola|Protect\n|move|p1a: Dondozo|Rest|p1a: Dondozo\n|-fail|p1a: Dondozo|heal\n|\n|upkeep\n|turn|96\n|\n|t:|1699625694\n|move|p2a: Alomomola|Protect||[still]\n|-fail|p2a: Alomomola\n|move|p1a: Dondozo|Waterfall|p2a: Alomomola\n|-resisted|p2a: Alomomola\n|-damage|p2a: Alomomola|93\/100\n|\n|-heal|p2a: Alomomola|99\/100|[from] item: Leftovers\n|upkeep\n|turn|97\n|\n|t:|1699625701\n|move|p2a: Alomomola|Protect|p2a: Alomomola\n|-singleturn|p2a: Alomomola|Protect\n|move|p1a: Dondozo|Waterfall|p2a: Alomomola\n|-activate|p2a: Alomomola|move: Protect\n|\n|-heal|p2a: Alomomola|100\/100|[from] item: Leftovers\n|upkeep\n|turn|98\n|\n|t:|1699625706\n|move|p2a: Alomomola|Scald|p1a: Dondozo\n|-resisted|p1a: Dondozo\n|-damage|p1a: Dondozo|93\/100\n|move|p1a: Dondozo|Sleep Talk||[still]\n|-fail|p1a: Dondozo\n|\n|-heal|p1a: Dondozo|99\/100|[from] item: Leftovers\n|upkeep\n|turn|99\n|\n|t:|1699625716\n|move|p2a: Alomomola|Protect|p2a: Alomomola\n|-singleturn|p2a: Alomomola|Protect\n|move|p1a: Dondozo|Sleep Talk||[still]\n|-fail|p1a: Dondozo\n|\n|-heal|p1a: Dondozo|100\/100|[from] item: Leftovers\n|upkeep\n|turn|100\n|\n|t:|1699625720\n|move|p2a: Alomomola|Protect|p2a: Alomomola\n|-singleturn|p2a: Alomomola|Protect\n|move|p1a: Dondozo|Sleep Talk||[still]\n|-fail|p1a: Dondozo\n|\n|upkeep\n|turn|101\n|\n|t:|1699625740\n|move|p2a: Alomomola|Protect||[still]\n|-fail|p2a: Alomomola\n|move|p1a: Dondozo|Waterfall|p2a: Alomomola\n|-resisted|p2a: Alomomola\n|-damage|p2a: Alomomola|93\/100\n|\n|-heal|p2a: Alomomola|99\/100|[from] item: Leftovers\n|upkeep\n|turn|102\n|\n|t:|1699625753\n|move|p2a: Alomomola|Scald|p1a: Dondozo\n|-resisted|p1a: Dondozo\n|-damage|p1a: Dondozo|94\/100\n|-status|p1a: Dondozo|brn\n|move|p1a: Dondozo|Waterfall|p2a: Alomomola\n|-resisted|p2a: Alomomola\n|-damage|p2a: Alomomola|95\/100\n|\n|-heal|p2a: Alomomola|100\/100|[from] item: Leftovers\n|-heal|p1a: Dondozo|99\/100 brn|[from] item: Leftovers\n|-damage|p1a: Dondozo|94\/100 brn|[from] brn\n|upkeep\n|turn|103\n|\n|t:|1699625763\n|move|p2a: Alomomola|Chilling Water|p1a: Dondozo\n|-resisted|p1a: Dondozo\n|-damage|p1a: Dondozo|90\/100 brn\n|-unboost|p1a: Dondozo|atk|1\n|move|p1a: Dondozo|Rest|p1a: Dondozo\n|-status|p1a: Dondozo|slp|[from] move: Rest\n|-heal|p1a: Dondozo|100\/100 slp|[silent]\n|\n|upkeep\n|turn|104\n|\n|t:|1699625771\n|move|p2a: Alomomola|Chilling Water|p1a: Dondozo\n|-resisted|p1a: Dondozo\n|-damage|p1a: Dondozo|96\/100 slp\n|-unboost|p1a: Dondozo|atk|1\n|cant|p1a: Dondozo|slp\n|\n|-heal|p1a: Dondozo|100\/100 slp|[from] item: Leftovers\n|upkeep\n|turn|105\n|\n|t:|1699625775\n|move|p2a: Alomomola|Chilling Water|p1a: Dondozo\n|-resisted|p1a: Dondozo\n|-damage|p1a: Dondozo|97\/100 slp\n|-unboost|p1a: Dondozo|atk|1\n|cant|p1a: Dondozo|slp\n|\n|-heal|p1a: Dondozo|100\/100 slp|[from] item: Leftovers\n|upkeep\n|turn|106\n|\n|t:|1699625795\n|switch|p1a: Dragonite|Dragonite, M|1\/100 par\n|move|p2a: Alomomola|Wish|p2a: Alomomola\n|\n|upkeep\n|turn|107\n|\n|t:|1699625800\n|move|p2a: Alomomola|Scald|p1a: Dragonite\n|-resisted|p1a: Dragonite\n|-damage|p1a: Dragonite|0 fnt\n|faint|p1a: Dragonite\n|\n|upkeep\n|\n|t:|1699625805\n|switch|p1a: Dondozo|Dondozo, M|100\/100 slp\n|turn|108\n|inactive|tuncoyaki has 120 seconds left.\n|\n|t:|1699625859\n|move|p2a: Alomomola|Scald|p1a: Dondozo\n|-resisted|p1a: Dondozo\n|-damage|p1a: Dondozo|94\/100 slp\n|-curestatus|p1a: Dondozo|slp|[msg]\n|move|p1a: Dondozo|Curse|p1a: Dondozo\n|-unboost|p1a: Dondozo|spe|1\n|-boost|p1a: Dondozo|atk|1\n|-boost|p1a: Dondozo|def|1\n|\n|-heal|p1a: Dondozo|99\/100|[from] item: Leftovers\n|upkeep\n|turn|109\n|\n|t:|1699625874\n|move|p2a: Alomomola|Scald|p1a: Dondozo\n|-resisted|p1a: Dondozo\n|-damage|p1a: Dondozo|94\/100\n|move|p1a: Dondozo|Curse|p1a: Dondozo\n|-unboost|p1a: Dondozo|spe|1\n|-boost|p1a: Dondozo|atk|1\n|-boost|p1a: Dondozo|def|1\n|\n|-heal|p1a: Dondozo|99\/100|[from] item: Leftovers\n|upkeep\n|turn|110\n|\n|t:|1699625881\n|move|p2a: Alomomola|Scald|p1a: Dondozo\n|-resisted|p1a: Dondozo\n|-damage|p1a: Dondozo|94\/100\n|move|p1a: Dondozo|Rest|p1a: Dondozo\n|-status|p1a: Dondozo|slp|[from] move: Rest\n|-heal|p1a: Dondozo|100\/100 slp|[silent]\n|\n|upkeep\n|turn|111\n|\n|t:|1699625890\n|move|p2a: Alomomola|Scald|p1a: Dondozo\n|-resisted|p1a: Dondozo\n|-damage|p1a: Dondozo|93\/100 slp\n|cant|p1a: Dondozo|slp\n|\n|-heal|p1a: Dondozo|99\/100 slp|[from] item: Leftovers\n|upkeep\n|turn|112\n|\n|t:|1699625892\n|move|p2a: Alomomola|Scald|p1a: Dondozo\n|-resisted|p1a: Dondozo\n|-crit|p1a: Dondozo\n|-damage|p1a: Dondozo|90\/100 slp\n|cant|p1a: Dondozo|slp\n|\n|-heal|p1a: Dondozo|96\/100 slp|[from] item: Leftovers\n|upkeep\n|turn|113\n|\n|t:|1699625899\n|move|p2a: Alomomola|Scald|p1a: Dondozo\n|-resisted|p1a: Dondozo\n|-damage|p1a: Dondozo|90\/100 slp\n|-curestatus|p1a: Dondozo|slp|[msg]\n|move|p1a: Dondozo|Rest|p1a: Dondozo\n|-status|p1a: Dondozo|slp|[from] move: Rest\n|-heal|p1a: Dondozo|100\/100 slp|[silent]\n|\n|upkeep\n|turn|114\n|inactive|tuncoyaki has 120 seconds left.\n|\n|t:|1699625918\n|move|p2a: Alomomola|Scald|p1a: Dondozo\n|-resisted|p1a: Dondozo\n|-damage|p1a: Dondozo|94\/100 slp\n|cant|p1a: Dondozo|slp\n|\n|-heal|p1a: Dondozo|99\/100 slp|[from] item: Leftovers\n|upkeep\n|turn|115\n|\n|t:|1699625934\n|move|p2a: Alomomola|Scald|p1a: Dondozo\n|-resisted|p1a: Dondozo\n|-damage|p1a: Dondozo|93\/100 slp\n|cant|p1a: Dondozo|slp\n|\n|-heal|p1a: Dondozo|99\/100 slp|[from] item: Leftovers\n|upkeep\n|turn|116\n|\n|t:|1699625948\n|move|p2a: Alomomola|Scald|p1a: Dondozo\n|-resisted|p1a: Dondozo\n|-damage|p1a: Dondozo|92\/100 slp\n|-curestatus|p1a: Dondozo|slp|[msg]\n|move|p1a: Dondozo|Waterfall|p2a: Alomomola\n|-resisted|p2a: Alomomola\n|-damage|p2a: Alomomola|85\/100\n|\n|-heal|p2a: Alomomola|91\/100|[from] item: Leftovers\n|-heal|p1a: Dondozo|99\/100|[from] item: Leftovers\n|upkeep\n|turn|117\n|\n|t:|1699625955\n|move|p2a: Alomomola|Scald|p1a: Dondozo\n|-resisted|p1a: Dondozo\n|-damage|p1a: Dondozo|92\/100\n|move|p1a: Dondozo|Waterfall|p2a: Alomomola\n|-resisted|p2a: Alomomola\n|-damage|p2a: Alomomola|75\/100\n|\n|-heal|p2a: Alomomola|82\/100|[from] item: Leftovers\n|-heal|p1a: Dondozo|98\/100|[from] item: Leftovers\n|upkeep\n|turn|118\n|\n|t:|1699625960\n|move|p2a: Alomomola|Wish|p2a: Alomomola\n|move|p1a: Dondozo|Waterfall|p2a: Alomomola\n|-resisted|p2a: Alomomola\n|-damage|p2a: Alomomola|66\/100\n|\n|-heal|p2a: Alomomola|72\/100|[from] item: Leftovers\n|-heal|p1a: Dondozo|100\/100|[from] item: Leftovers\n|upkeep\n|turn|119\n|\n|t:|1699625963\n|move|p2a: Alomomola|Wish||[still]\n|-fail|p2a: Alomomola\n|move|p1a: Dondozo|Waterfall|p2a: Alomomola\n|-resisted|p2a: Alomomola\n|-damage|p2a: Alomomola|58\/100\n|\n|-heal|p2a: Alomomola|100\/100|[from] move: Wish|[wisher] Alomomola\n|upkeep\n|turn|120\n|\n|t:|1699625967\n|move|p2a: Alomomola|Wish|p2a: Alomomola\n|move|p1a: Dondozo|Waterfall|p2a: Alomomola\n|-resisted|p2a: Alomomola\n|-damage|p2a: Alomomola|85\/100\n|\n|-heal|p2a: Alomomola|91\/100|[from] item: Leftovers\n|upkeep\n|turn|121\n|\n|t:|1699625971\n|move|p2a: Alomomola|Wish||[still]\n|-fail|p2a: Alomomola\n|move|p1a: Dondozo|Waterfall|p2a: Alomomola\n|-resisted|p2a: Alomomola\n|-damage|p2a: Alomomola|77\/100\n|\n|-heal|p2a: Alomomola|100\/100|[from] move: Wish|[wisher] Alomomola\n|upkeep\n|turn|122\n|\n|t:|1699625977\n|move|p2a: Alomomola|Wish|p2a: Alomomola\n|move|p1a: Dondozo|Waterfall|p2a: Alomomola\n|-resisted|p2a: Alomomola\n|-damage|p2a: Alomomola|87\/100\n|\n|-heal|p2a: Alomomola|93\/100|[from] item: Leftovers\n|upkeep\n|turn|123\n|\n|t:|1699625999\n|move|p2a: Alomomola|Wish||[still]\n|-fail|p2a: Alomomola\n|move|p1a: Dondozo|Waterfall|p2a: Alomomola\n|-resisted|p2a: Alomomola\n|-damage|p2a: Alomomola|79\/100\n|\n|-heal|p2a: Alomomola|100\/100|[from] move: Wish|[wisher] Alomomola\n|upkeep\n|turn|124\n|inactive|tuncoyaki has 90 seconds left.\n|c|\u2606Phiscyoo|:3\n|\n|t:|1699626044\n|move|p2a: Alomomola|Wish|p2a: Alomomola\n|move|p1a: Dondozo|Waterfall|p2a: Alomomola\n|-resisted|p2a: Alomomola\n|-damage|p2a: Alomomola|85\/100\n|\n|-heal|p2a: Alomomola|92\/100|[from] item: Leftovers\n|upkeep\n|turn|125\n|inactive|tuncoyaki has 60 seconds left.\n|\n|t:|1699626061\n|move|p2a: Alomomola|Wish||[still]\n|-fail|p2a: Alomomola\n|move|p1a: Dondozo|Waterfall|p2a: Alomomola\n|-resisted|p2a: Alomomola\n|-damage|p2a: Alomomola|77\/100\n|\n|-heal|p2a: Alomomola|100\/100|[from] move: Wish|[wisher] Alomomola\n|upkeep\n|turn|126\n|\n|t:|1699626064\n|move|p2a: Alomomola|Wish|p2a: Alomomola\n|move|p1a: Dondozo|Waterfall|p2a: Alomomola\n|-resisted|p2a: Alomomola\n|-damage|p2a: Alomomola|86\/100\n|\n|-heal|p2a: Alomomola|92\/100|[from] item: Leftovers\n|upkeep\n|turn|127\n|inactive|tuncoyaki has 60 seconds left.\n|\n|t:|1699626085\n|move|p2a: Alomomola|Wish||[still]\n|-fail|p2a: Alomomola\n|move|p1a: Dondozo|Waterfall|p2a: Alomomola\n|-resisted|p2a: Alomomola\n|-damage|p2a: Alomomola|77\/100\n|\n|-heal|p2a: Alomomola|100\/100|[from] move: Wish|[wisher] Alomomola\n|upkeep\n|turn|128\n|\n|t:|1699626093\n|-activate|p2a: Alomomola|move: Struggle\n|move|p2a: Alomomola|Struggle|p1a: Dondozo\n|-damage|p1a: Dondozo|99\/100\n|-damage|p2a: Alomomola|75\/100|[from] recoil\n|-activate|p1a: Dondozo|move: Struggle\n|move|p1a: Dondozo|Struggle|p2a: Alomomola\n|-damage|p2a: Alomomola|64\/100\n|-damage|p1a: Dondozo|74\/100|[from] recoil\n|\n|-heal|p2a: Alomomola|70\/100|[from] item: Leftovers\n|-heal|p1a: Dondozo|80\/100|[from] item: Leftovers\n|upkeep\n|turn|129\n|\n|t:|1699626104\n|-activate|p2a: Alomomola|move: Struggle\n|move|p2a: Alomomola|Struggle|p1a: Dondozo\n|-damage|p1a: Dondozo|78\/100\n|-damage|p2a: Alomomola|45\/100|[from] recoil\n|-activate|p1a: Dondozo|move: Struggle\n|move|p1a: Dondozo|Struggle|p2a: Alomomola\n|-damage|p2a: Alomomola|34\/100\n|-damage|p1a: Dondozo|53\/100|[from] recoil\n|\n|-heal|p2a: Alomomola|40\/100|[from] item: Leftovers\n|-heal|p1a: Dondozo|59\/100|[from] item: Leftovers\n|upkeep\n|turn|130\n|\n|t:|1699626111\n|-activate|p2a: Alomomola|move: Struggle\n|move|p2a: Alomomola|Struggle|p1a: Dondozo\n|-damage|p1a: Dondozo|58\/100\n|-damage|p2a: Alomomola|15\/100|[from] recoil\n|-activate|p1a: Dondozo|move: Struggle\n|move|p1a: Dondozo|Struggle|p2a: Alomomola\n|-damage|p2a: Alomomola|2\/100\n|-damage|p1a: Dondozo|33\/100|[from] recoil\n|\n|-heal|p2a: Alomomola|8\/100|[from] item: Leftovers\n|-heal|p1a: Dondozo|39\/100|[from] item: Leftovers\n|upkeep\n|turn|131\n|\n|t:|1699626115\n|-activate|p2a: Alomomola|move: Struggle\n|move|p2a: Alomomola|Struggle|p1a: Dondozo\n|-damage|p1a: Dondozo|37\/100\n|-damage|p2a: Alomomola|0 fnt|[from] recoil\n|faint|p2a: Alomomola\n|\n|win|Phiscyoo\n|raw|Phiscyoo's rating: 1221 &rarr; <strong>1243<\/strong><br \/>(+22 for winning)\n|raw|tuncoyaki's rating: 1182 &rarr; <strong>1160<\/strong><br \/>(-22 for losing)\n|c|\u2606Phiscyoo|gg\n|l|\u2606tuncoyaki\n","uploadtime":1699626126,"views":5,"p1id":"phiscyoo","p2id":"tuncoyaki","formatid":"gen9nationaldex","rating":1160,"private":0,"password":""}