{"id":"gen9nationaldex-1990223921","p1":"Omect","p2":"MafeIsMental","format":"[Gen 9] National Dex","log":"|j|\u2606Omect\n|j|\u2606MafeIsMental\n|t:|1699939993\n|gametype|singles\n|player|p1|Omect|pokefanf-gen4|1274\n|player|p2|MafeIsMental|rocketgruntf|1393\n|teamsize|p1|6\n|teamsize|p2|6\n|gen|9\n|tier|[Gen 9] National Dex\n|rated|\n|rule|HP Percentage Mod: HP is shown in percentages\n|rule|Endless Battle Clause: Forcing endless battles is banned\n|rule|OHKO Clause: OHKO moves are banned\n|rule|Evasion Clause: Evasion abilities, items, and moves are banned\n|rule|Evasion Abilities Clause: Evasion abilities are banned\n|rule|Evasion Items Clause: Evasion items are banned\n|rule|Evasion Moves Clause: Evasion moves are banned\n|rule|Species Clause: Limit one of each Pok\u00e9mon\n|rule|Sleep Clause Mod: Limit one foe put to sleep\n|clearpoke\n|poke|p1|Escavalier, F|\n|poke|p1|Azumarill, M|\n|poke|p1|Shiftry, F|\n|poke|p1|Emboar, M|\n|poke|p1|Comfey, M|\n|poke|p1|Gliscor, F|\n|poke|p2|Hatterene, F|\n|poke|p2|Toxapex, F|\n|poke|p2|Great Tusk|\n|poke|p2|Corviknight, F|\n|poke|p2|Skeledirge, M|\n|poke|p2|Greninja-*, M|\n|teampreview\n|inactive|Battle timer is ON: inactive players will automatically lose when time's up. (requested by MafeIsMental)\n|\n|t:|1699940001\n|start\n|switch|p1a: Shiftry|Shiftry, F|100\/100\n|switch|p2a: Greninja|Greninja, M|100\/100\n|turn|1\n|\n|t:|1699940006\n|move|p2a: Greninja|Ice Beam|p1a: Shiftry\n|-start|p2a: Greninja|typechange|Ice|[from] ability: Protean\n|-supereffective|p1a: Shiftry\n|-damage|p1a: Shiftry|0 fnt\n|faint|p1a: Shiftry\n|\n|upkeep\n|\n|t:|1699940012\n|switch|p1a: Escavalier|Escavalier, F|100\/100\n|turn|2\n|\n|t:|1699940016\n|switch|p2a: Corviknight|Corviknight, F|100\/100\n|-ability|p2a: Corviknight|Pressure\n|move|p1a: Escavalier|Iron Head|p2a: Corviknight\n|-resisted|p2a: Corviknight\n|-damage|p2a: Corviknight|85\/100\n|-damage|p1a: Escavalier|84\/100|[from] item: Rocky Helmet|[of] p2a: Corviknight\n|\n|upkeep\n|turn|3\n|\n|t:|1699940021\n|switch|p1a: Azumarill|Azumarill, M|100\/100\n|move|p2a: Corviknight|Body Press|p1a: Azumarill\n|-resisted|p1a: Azumarill\n|-damage|p1a: Azumarill|88\/100\n|\n|upkeep\n|turn|4\n|\n|t:|1699940026\n|move|p2a: Corviknight|U-turn|p1a: Azumarill\n|-resisted|p1a: Azumarill\n|-damage|p1a: Azumarill|81\/100\n|\n|t:|1699940034\n|switch|p2a: Toxapex|Toxapex, F|100\/100|[from] U-turn\n|move|p1a: Azumarill|Knock Off|p2a: Toxapex\n|-damage|p2a: Toxapex|76\/100\n|-enditem|p2a: Toxapex|Black Sludge|[from] move: Knock Off|[of] p1a: Azumarill\n|\n|upkeep\n|turn|5\n|\n|t:|1699940039\n|switch|p1a: Escavalier|Escavalier, F|84\/100\n|move|p2a: Toxapex|Toxic|p1a: Escavalier\n|-immune|p1a: Escavalier\n|\n|upkeep\n|turn|6\n|\n|t:|1699940042\n|switch|p2a: Corviknight|Corviknight, F|85\/100\n|-ability|p2a: Corviknight|Pressure\n|move|p1a: Escavalier|Drill Run|p2a: Corviknight\n|-immune|p2a: Corviknight\n|\n|upkeep\n|turn|7\n|\n|t:|1699940048\n|switch|p1a: Gliscor|Gliscor, F|100\/100\n|move|p2a: Corviknight|Body Press|p1a: Gliscor\n|-resisted|p1a: Gliscor\n|-damage|p1a: Gliscor|93\/100\n|\n|-status|p1a: Gliscor|tox|[from] item: Toxic Orb\n|upkeep\n|turn|8\n|\n|t:|1699940052\n|switch|p2a: Hatterene|Hatterene, F|100\/100\n|move|p1a: Gliscor|Swords Dance|p1a: Gliscor\n|-boost|p1a: Gliscor|atk|2\n|\n|-heal|p1a: Gliscor|100\/100 tox|[from] ability: Poison Heal\n|upkeep\n|turn|9\n|\n|t:|1699940062\n|switch|p1a: Emboar|Emboar, M|100\/100\n|switch|p2a: Corviknight|Corviknight, F|85\/100\n|-ability|p2a: Corviknight|Pressure\n|\n|upkeep\n|turn|10\n|\n|t:|1699940067\n|switch|p2a: Monty|Skeledirge, M|100\/100\n|move|p1a: Emboar|Wild Charge|p2a: Monty\n|-damage|p2a: Monty|55\/100\n|-damage|p1a: Emboar|89\/100|[from] Recoil\n|\n|upkeep\n|turn|11\n|\n|t:|1699940073\n|switch|p2a: Great Tusk|Great Tusk|100\/100\n|switch|p1a: Azumarill|Azumarill, M|81\/100\n|\n|upkeep\n|turn|12\n|\n|t:|1699940082\n|-end|p2a: Great Tusk|Protosynthesis|[silent]\n|switch|p2a: Toxapex|Toxapex, F|100\/100\n|move|p1a: Azumarill|Liquidation|p2a: Toxapex\n|-resisted|p2a: Toxapex\n|-damage|p2a: Toxapex|85\/100\n|\n|upkeep\n|turn|13\n|\n|t:|1699940088\n|switch|p1a: Escavalier|Escavalier, F|84\/100\n|move|p2a: Toxapex|Scald|p1a: Escavalier\n|-damage|p1a: Escavalier|69\/100\n|-status|p1a: Escavalier|brn\n|\n|-damage|p1a: Escavalier|63\/100 brn|[from] brn\n|upkeep\n|turn|14\n|\n|t:|1699940098\n|switch|p2a: Corviknight|Corviknight, F|85\/100\n|-ability|p2a: Corviknight|Pressure\n|move|p1a: Escavalier|Fury Cutter|p2a: Corviknight\n|-resisted|p2a: Corviknight\n|-damage|p2a: Corviknight|83\/100\n|-damage|p1a: Escavalier|46\/100 brn|[from] item: Rocky Helmet|[of] p2a: Corviknight\n|\n|-damage|p1a: Escavalier|40\/100 brn|[from] brn\n|upkeep\n|turn|15\n|\n|t:|1699940103\n|move|p2a: Corviknight|U-turn|p1a: Escavalier\n|-resisted|p1a: Escavalier\n|-damage|p1a: Escavalier|35\/100 brn\n|\n|t:|1699940107\n|switch|p2a: Monty|Skeledirge, M|55\/100|[from] U-turn\n|move|p1a: Escavalier|Fury Cutter|p2a: Monty\n|-resisted|p2a: Monty\n|-damage|p2a: Monty|49\/100\n|\n|-damage|p1a: Escavalier|29\/100 brn|[from] brn\n|upkeep\n|turn|16\n|\n|t:|1699940116\n|-terastallize|p2a: Monty|Fairy\n|move|p2a: Monty|Slack Off|p2a: Monty\n|-heal|p2a: Monty|99\/100\n|move|p1a: Escavalier|Fury Cutter|p2a: Monty\n|-resisted|p2a: Monty\n|-damage|p2a: Monty|63\/100\n|\n|-damage|p1a: Escavalier|23\/100 brn|[from] brn\n|upkeep\n|turn|17\n|\n|t:|1699940122\n|move|p2a: Monty|Torch Song|p1a: Escavalier\n|-supereffective|p1a: Escavalier\n|-damage|p1a: Escavalier|0 fnt\n|-boost|p2a: Monty|spa|1\n|faint|p1a: Escavalier\n|\n|upkeep\n|\n|t:|1699940133\n|switch|p1a: Emboar|Emboar, M|89\/100\n|turn|18\n|\n|t:|1699940142\n|switch|p2a: Great Tusk|Great Tusk|100\/100\n|move|p1a: Emboar|Flare Blitz|p2a: Great Tusk\n|-damage|p2a: Great Tusk|19\/100\n|-status|p2a: Great Tusk|brn\n|-damage|p1a: Emboar|66\/100|[from] Recoil\n|\n|-heal|p2a: Great Tusk|26\/100 brn|[from] item: Leftovers\n|-damage|p2a: Great Tusk|19\/100 brn|[from] brn\n|upkeep\n|turn|19\n|\n|t:|1699940149\n|switch|p1a: Gliscor|Gliscor, F|100\/100 tox\n|move|p2a: Great Tusk|Headlong Rush|p1a: Gliscor\n|-immune|p1a: Gliscor\n|\n|-heal|p2a: Great Tusk|26\/100 brn|[from] item: Leftovers\n|-damage|p2a: Great Tusk|19\/100 brn|[from] brn\n|upkeep\n|turn|20\n|\n|t:|1699940151\n|switch|p1a: Emboar|Emboar, M|66\/100\n|move|p2a: Great Tusk|Ice Spinner|p1a: Emboar\n|-resisted|p1a: Emboar\n|-damage|p1a: Emboar|58\/100\n|\n|-heal|p2a: Great Tusk|26\/100 brn|[from] item: Leftovers\n|-damage|p2a: Great Tusk|19\/100 brn|[from] brn\n|upkeep\n|turn|21\n|\n|t:|1699940154\n|move|p2a: Great Tusk|Headlong Rush|p1a: Emboar\n|-supereffective|p1a: Emboar\n|-damage|p1a: Emboar|0 fnt\n|-unboost|p2a: Great Tusk|def|1\n|-unboost|p2a: Great Tusk|spd|1\n|faint|p1a: Emboar\n|\n|-heal|p2a: Great Tusk|26\/100 brn|[from] item: Leftovers\n|-damage|p2a: Great Tusk|19\/100 brn|[from] brn\n|upkeep\n|\n|t:|1699940158\n|switch|p1a: Azumarill|Azumarill, M|81\/100\n|turn|22\n|\n|t:|1699940160\n|-end|p2a: Great Tusk|Protosynthesis|[silent]\n|switch|p2a: Toxapex|Toxapex, F|100\/100\n|move|p1a: Azumarill|Aqua Jet|p2a: Toxapex\n|-resisted|p2a: Toxapex\n|-damage|p2a: Toxapex|93\/100\n|\n|upkeep\n|turn|23\n|\n|t:|1699940165\n|move|p1a: Azumarill|Liquidation|p2a: Toxapex\n|-resisted|p2a: Toxapex\n|-damage|p2a: Toxapex|76\/100\n|-unboost|p2a: Toxapex|def|1\n|move|p2a: Toxapex|Toxic|p1a: Azumarill\n|-status|p1a: Azumarill|tox\n|\n|-damage|p1a: Azumarill|75\/100 tox|[from] psn\n|upkeep\n|turn|24\n|\n|t:|1699940169\n|switch|p2a: Corviknight|Corviknight, F|83\/100\n|-ability|p2a: Corviknight|Pressure\n|move|p1a: Azumarill|Liquidation|p2a: Corviknight\n|-damage|p2a: Corviknight|49\/100\n|-damage|p1a: Azumarill|58\/100 tox|[from] item: Rocky Helmet|[of] p2a: Corviknight\n|\n|-damage|p1a: Azumarill|46\/100 tox|[from] psn\n|upkeep\n|turn|25\n|\n|t:|1699940174\n|move|p2a: Corviknight|Roost|p2a: Corviknight\n|-heal|p2a: Corviknight|99\/100\n|-singleturn|p2a: Corviknight|move: Roost\n|move|p1a: Azumarill|Liquidation|p2a: Corviknight\n|-damage|p2a: Corviknight|67\/100\n|-unboost|p2a: Corviknight|def|1\n|-damage|p1a: Azumarill|29\/100 tox|[from] item: Rocky Helmet|[of] p2a: Corviknight\n|\n|-damage|p1a: Azumarill|11\/100 tox|[from] psn\n|upkeep\n|turn|26\n|\n|t:|1699940185\n|switch|p2a: Toxapex|Toxapex, F|100\/100\n|move|p1a: Azumarill|Knock Off|p2a: Toxapex\n|-damage|p2a: Toxapex|84\/100\n|\n|-damage|p1a: Azumarill|0 fnt|[from] psn\n|faint|p1a: Azumarill\n|upkeep\n|\n|t:|1699940188\n|switch|p1a: Gliscor|Gliscor, F|100\/100 tox\n|turn|27\n|\n|t:|1699940192\n|switch|p1a: Comfey|Comfey, M|100\/100\n|switch|p2a: Greninja|Greninja, M|100\/100\n|\n|upkeep\n|turn|28\n|\n|t:|1699940198\n|switch|p2a: Toxapex|Toxapex, F|100\/100\n|move|p1a: Comfey|Calm Mind|p1a: Comfey\n|-boost|p1a: Comfey|spa|1\n|-boost|p1a: Comfey|spd|1\n|\n|upkeep\n|turn|29\n|\n|t:|1699940202\n|move|p1a: Comfey|Calm Mind|p1a: Comfey\n|-boost|p1a: Comfey|spa|1\n|-boost|p1a: Comfey|spd|1\n|move|p2a: Toxapex|Haze|p2a: Toxapex\n|-clearallboost\n|\n|upkeep\n|turn|30\n|\n|t:|1699940204\n|move|p1a: Comfey|Calm Mind|p1a: Comfey\n|-boost|p1a: Comfey|spa|1\n|-boost|p1a: Comfey|spd|1\n|move|p2a: Toxapex|Toxic|p1a: Comfey\n|-status|p1a: Comfey|tox\n|\n|-damage|p1a: Comfey|94\/100 tox|[from] psn\n|upkeep\n|turn|31\n|\n|t:|1699940205\n|move|p1a: Comfey|Giga Drain|p2a: Toxapex\n|-damage|p2a: Toxapex|82\/100\n|-heal|p1a: Comfey|100\/100 tox|[from] drain|[of] p2a: Toxapex\n|move|p2a: Toxapex|Haze|p2a: Toxapex\n|-clearallboost\n|\n|-damage|p1a: Comfey|88\/100 tox|[from] psn\n|upkeep\n|turn|32\n|\n|t:|1699940208\n|move|p1a: Comfey|Aromatherapy|p1a: Comfey\n|-activate|p1a: Comfey|move: Aromatherapy\n|-curestatus|p1a: Comfey|tox|[msg]\n|-curestatus|p1: Gliscor|tox|[msg]\n|move|p2a: Toxapex|Scald|p1a: Comfey\n|-damage|p1a: Comfey|71\/100\n|\n|upkeep\n|turn|33\n|\n|t:|1699940212\n|move|p1a: Comfey|Giga Drain|p2a: Toxapex\n|-damage|p2a: Toxapex|69\/100\n|-heal|p1a: Comfey|80\/100|[from] drain|[of] p2a: Toxapex\n|move|p2a: Toxapex|Toxic|p1a: Comfey\n|-status|p1a: Comfey|tox\n|\n|-damage|p1a: Comfey|73\/100 tox|[from] psn\n|upkeep\n|turn|34\n|\n|t:|1699940215\n|move|p1a: Comfey|Aromatherapy|p1a: Comfey\n|-activate|p1a: Comfey|move: Aromatherapy\n|-curestatus|p1a: Comfey|tox|[msg]\n|move|p2a: Toxapex|Scald|p1a: Comfey\n|-damage|p1a: Comfey|56\/100\n|\n|upkeep\n|turn|35\n|\n|t:|1699940217\n|move|p1a: Comfey|Calm Mind|p1a: Comfey\n|-boost|p1a: Comfey|spa|1\n|-boost|p1a: Comfey|spd|1\n|move|p2a: Toxapex|Toxic|p1a: Comfey\n|-status|p1a: Comfey|tox\n|\n|-damage|p1a: Comfey|50\/100 tox|[from] psn\n|upkeep\n|turn|36\n|\n|t:|1699940219\n|move|p1a: Comfey|Giga Drain|p2a: Toxapex\n|-damage|p2a: Toxapex|50\/100\n|-heal|p1a: Comfey|62\/100 tox|[from] drain|[of] p2a: Toxapex\n|move|p2a: Toxapex|Haze|p2a: Toxapex\n|-clearallboost\n|\n|-damage|p1a: Comfey|50\/100 tox|[from] psn\n|upkeep\n|turn|37\n|\n|t:|1699940223\n|move|p1a: Comfey|Giga Drain|p2a: Toxapex\n|-damage|p2a: Toxapex|37\/100\n|-heal|p1a: Comfey|58\/100 tox|[from] drain|[of] p2a: Toxapex\n|move|p2a: Toxapex|Recover|p2a: Toxapex\n|-heal|p2a: Toxapex|87\/100\n|\n|-damage|p1a: Comfey|39\/100 tox|[from] psn\n|upkeep\n|turn|38\n|\n|t:|1699940225\n|move|p1a: Comfey|Aromatherapy|p1a: Comfey\n|-activate|p1a: Comfey|move: Aromatherapy\n|-curestatus|p1a: Comfey|tox|[msg]\n|move|p2a: Toxapex|Scald|p1a: Comfey\n|-crit|p1a: Comfey\n|-damage|p1a: Comfey|15\/100\n|\n|upkeep\n|turn|39\n|\n|t:|1699940229\n|move|p1a: Comfey|Calm Mind|p1a: Comfey\n|-boost|p1a: Comfey|spa|1\n|-boost|p1a: Comfey|spd|1\n|move|p2a: Toxapex|Toxic|p1a: Comfey\n|-status|p1a: Comfey|tox\n|\n|-damage|p1a: Comfey|9\/100 tox|[from] psn\n|upkeep\n|turn|40\n|\n|t:|1699940231\n|move|p1a: Comfey|Draining Kiss|p2a: Toxapex\n|-resisted|p2a: Toxapex\n|-damage|p2a: Toxapex|79\/100\n|-heal|p1a: Comfey|17\/100 tox|[from] drain|[of] p2a: Toxapex\n|move|p2a: Toxapex|Haze|p2a: Toxapex\n|-clearallboost\n|\n|-damage|p1a: Comfey|5\/100 tox|[from] psn\n|upkeep\n|turn|41\n|\n|t:|1699940234\n|move|p1a: Comfey|Giga Drain|p2a: Toxapex\n|-damage|p2a: Toxapex|67\/100\n|-heal|p1a: Comfey|13\/100 tox|[from] drain|[of] p2a: Toxapex\n|move|p2a: Toxapex|Scald|p1a: Comfey\n|-damage|p1a: Comfey|0 fnt\n|faint|p1a: Comfey\n|\n|upkeep\n|\n|t:|1699940236\n|switch|p1a: Gliscor|Gliscor, F|100\/100\n|turn|42\n|\n|t:|1699940238\n|move|p1a: Gliscor|Swords Dance|p1a: Gliscor\n|-boost|p1a: Gliscor|atk|2\n|move|p2a: Toxapex|Scald|p1a: Gliscor\n|-supereffective|p1a: Gliscor\n|-damage|p1a: Gliscor|61\/100\n|\n|-status|p1a: Gliscor|tox|[from] item: Toxic Orb\n|upkeep\n|turn|43\n|\n|t:|1699940246\n|switch|p2a: Corviknight|Corviknight, F|67\/100\n|-ability|p2a: Corviknight|Pressure\n|move|p1a: Gliscor|Earthquake|p2a: Corviknight\n|-immune|p2a: Corviknight\n|\n|-heal|p1a: Gliscor|73\/100 tox|[from] ability: Poison Heal\n|upkeep\n|turn|44\n|\n|t:|1699940252\n|move|p1a: Gliscor|Swords Dance|p1a: Gliscor\n|-boost|p1a: Gliscor|atk|2\n|move|p2a: Corviknight|Roost|p2a: Corviknight\n|-heal|p2a: Corviknight|100\/100\n|-singleturn|p2a: Corviknight|move: Roost\n|\n|-heal|p1a: Gliscor|86\/100 tox|[from] ability: Poison Heal\n|upkeep\n|turn|45\n|\n|t:|1699940254\n|move|p1a: Gliscor|Swords Dance|p1a: Gliscor\n|-boost|p1a: Gliscor|atk|2\n|move|p2a: Corviknight|Body Press|p1a: Gliscor\n|-resisted|p1a: Gliscor\n|-damage|p1a: Gliscor|78\/100 tox\n|\n|-heal|p1a: Gliscor|90\/100 tox|[from] ability: Poison Heal\n|upkeep\n|turn|46\n|\n|t:|1699940259\n|move|p1a: Gliscor|Protect|p1a: Gliscor\n|-singleturn|p1a: Gliscor|Protect\n|move|p2a: Corviknight|Body Press|p1a: Gliscor\n|-activate|p1a: Gliscor|move: Protect\n|\n|-heal|p1a: Gliscor|100\/100 tox|[from] ability: Poison Heal\n|upkeep\n|turn|47\n|\n|t:|1699940262\n|move|p1a: Gliscor|Defog|p2a: Corviknight\n|-unboost|p2a: Corviknight|evasion|1\n|move|p2a: Corviknight|Body Press|p1a: Gliscor\n|-resisted|p1a: Gliscor\n|-damage|p1a: Gliscor|93\/100 tox\n|\n|-heal|p1a: Gliscor|100\/100 tox|[from] ability: Poison Heal\n|upkeep\n|turn|48\n|\n|t:|1699940271\n|move|p1a: Gliscor|Defog|p2a: Corviknight\n|-unboost|p2a: Corviknight|evasion|1\n|move|p2a: Corviknight|Defog|p1a: Gliscor\n|-unboost|p1a: Gliscor|evasion|1\n|\n|upkeep\n|turn|49\n|\n|t:|1699940273\n|move|p1a: Gliscor|Defog|p2a: Corviknight\n|-unboost|p2a: Corviknight|evasion|1\n|move|p2a: Corviknight|Defog|p1a: Gliscor\n|-unboost|p1a: Gliscor|evasion|1\n|\n|upkeep\n|turn|50\n|\n|t:|1699940276\n|move|p1a: Gliscor|Defog|p2a: Corviknight\n|-unboost|p2a: Corviknight|evasion|1\n|move|p2a: Corviknight|Defog|p1a: Gliscor\n|-unboost|p1a: Gliscor|evasion|1\n|\n|upkeep\n|turn|51\n|\n|t:|1699940277\n|move|p1a: Gliscor|Defog|p2a: Corviknight\n|-unboost|p2a: Corviknight|evasion|1\n|move|p2a: Corviknight|U-turn|p1a: Gliscor\n|-resisted|p1a: Gliscor\n|-damage|p1a: Gliscor|97\/100 tox\n|\n|t:|1699940280\n|switch|p2a: Greninja|Greninja, M|100\/100|[from] U-turn\n|\n|-heal|p1a: Gliscor|100\/100 tox|[from] ability: Poison Heal\n|upkeep\n|turn|52\n|\n|t:|1699940284\n|move|p2a: Greninja|Ice Beam|p1a: Gliscor\n|-start|p2a: Greninja|typechange|Ice|[from] ability: Protean\n|-supereffective|p1a: Gliscor\n|-crit|p1a: Gliscor\n|-damage|p1a: Gliscor|0 fnt\n|faint|p1a: Gliscor\n|\n|win|MafeIsMental\n|raw|Omect's rating: 1274 &rarr; <strong>1257<\/strong><br \/>(-17 for losing)\n|raw|MafeIsMental's rating: 1393 &rarr; <strong>1406<\/strong><br \/>(+13 for winning)\n|c|\u2606MafeIsMental|gg\n|l|\u2606Omect\n","uploadtime":1699940319,"views":5,"p1id":"omect","p2id":"mafeismental","formatid":"gen9nationaldex","rating":1257,"private":0,"password":""}