{"id":"gen9nationaldex-1989644906","p1":"Slimepokemon","p2":"GuiJiXia","format":"[Gen 9] National Dex","log":"|j|\u2606Slimepokemon\n|j|\u2606GuiJiXia\n|t:|1699882624\n|gametype|singles\n|player|p1|Slimepokemon|pokekid|1247\n|player|p2|GuiJiXia|cynthia|1312\n|teamsize|p1|6\n|teamsize|p2|6\n|gen|9\n|tier|[Gen 9] National Dex\n|rated|\n|rule|HP Percentage Mod: HP is shown in percentages\n|rule|Endless Battle Clause: Forcing endless battles is banned\n|rule|OHKO Clause: OHKO moves are banned\n|rule|Evasion Clause: Evasion abilities, items, and moves are banned\n|rule|Evasion Abilities Clause: Evasion abilities are banned\n|rule|Evasion Items Clause: Evasion items are banned\n|rule|Evasion Moves Clause: Evasion moves are banned\n|rule|Species Clause: Limit one of each Pok\u00e9mon\n|rule|Sleep Clause Mod: Limit one foe put to sleep\n|clearpoke\n|poke|p1|Latios, M|\n|poke|p1|Scizor, F|\n|poke|p1|Toxapex, F|\n|poke|p1|Cradily, M|\n|poke|p1|Grimmsnarl, M|\n|poke|p1|Infernape, M|\n|poke|p2|Ursaluna, F|\n|poke|p2|Ceruledge, M|\n|poke|p2|Diancie|\n|poke|p2|Alomomola, F|\n|poke|p2|Slowking-Galar, M|\n|poke|p2|Ogerpon-Wellspring, F|\n|teampreview\n|\n|t:|1699882641\n|start\n|switch|p1a: \u041f\u0430\u043f\u0430 \u0414\u0435\u0441\u043f\u0430|Grimmsnarl, M|100\/100\n|switch|p2a: Ursaluna|Ursaluna, F|100\/100\n|turn|1\n|\n|t:|1699882648\n|move|p1a: \u041f\u0430\u043f\u0430 \u0414\u0435\u0441\u043f\u0430|Reflect|p1a: \u041f\u0430\u043f\u0430 \u0414\u0435\u0441\u043f\u0430\n|-sidestart|p1: Slimepokemon|Reflect\n|move|p2a: Ursaluna|Facade|p1a: \u041f\u0430\u043f\u0430 \u0414\u0435\u0441\u043f\u0430\n|-damage|p1a: \u041f\u0430\u043f\u0430 \u0414\u0435\u0441\u043f\u0430|75\/100\n|\n|-status|p2a: Ursaluna|brn|[from] item: Flame Orb\n|upkeep\n|turn|2\n|\n|t:|1699882656\n|move|p1a: \u041f\u0430\u043f\u0430 \u0414\u0435\u0441\u043f\u0430|Light Screen|p1a: \u041f\u0430\u043f\u0430 \u0414\u0435\u0441\u043f\u0430\n|-sidestart|p1: Slimepokemon|move: Light Screen\n|move|p2a: Ursaluna|Swords Dance|p2a: Ursaluna\n|-boost|p2a: Ursaluna|atk|2\n|\n|-damage|p2a: Ursaluna|94\/100 brn|[from] brn\n|upkeep\n|turn|3\n|inactive|Battle timer is ON: inactive players will automatically lose when time's up. (requested by GuiJiXia)\n|\n|t:|1699882704\n|switch|p1a: Slipi|Toxapex, F|100\/100\n|move|p2a: Ursaluna|Facade|p1a: Slipi\n|-damage|p1a: Slipi|26\/100\n|\n|-heal|p1a: Slipi|32\/100|[from] item: Black Sludge\n|-damage|p2a: Ursaluna|88\/100 brn|[from] brn\n|upkeep\n|turn|4\n|\n|t:|1699882721\n|move|p1a: Slipi|Baneful Bunker|p1a: Slipi\n|-singleturn|p1a: Slipi|move: Protect\n|move|p2a: Ursaluna|Facade|p1a: Slipi\n|-activate|p1a: Slipi|move: Protect\n|\n|-heal|p1a: Slipi|38\/100|[from] item: Black Sludge\n|-damage|p2a: Ursaluna|82\/100 brn|[from] brn\n|upkeep\n|turn|5\n|inactive|Slimepokemon has 120 seconds left.\n|\n|t:|1699882755\n|switch|p1a: \u0421\u0438\u0433\u043c\u0430 \u043a\u0440\u0438\u043f\u0435\u0440|Cradily, M|100\/100\n|move|p2a: Ursaluna|Facade|p1a: \u0421\u0438\u0433\u043c\u0430 \u043a\u0440\u0438\u043f\u0435\u0440\n|-resisted|p1a: \u0421\u0438\u0433\u043c\u0430 \u043a\u0440\u0438\u043f\u0435\u0440\n|-damage|p1a: \u0421\u0438\u0433\u043c\u0430 \u043a\u0440\u0438\u043f\u0435\u0440|40\/100\n|\n|-heal|p1a: \u0421\u0438\u0433\u043c\u0430 \u043a\u0440\u0438\u043f\u0435\u0440|46\/100|[from] item: Leftovers\n|-damage|p2a: Ursaluna|75\/100 brn|[from] brn\n|upkeep\n|turn|6\n|inactive|Slimepokemon has 120 seconds left.\n|\n|t:|1699882769\n|-terastallize|p2a: Ursaluna|Poison\n|move|p2a: Ursaluna|Facade|p1a: \u0421\u0438\u0433\u043c\u0430 \u043a\u0440\u0438\u043f\u0435\u0440\n|-resisted|p1a: \u0421\u0438\u0433\u043c\u0430 \u043a\u0440\u0438\u043f\u0435\u0440\n|-damage|p1a: \u0421\u0438\u0433\u043c\u0430 \u043a\u0440\u0438\u043f\u0435\u0440|0 fnt\n|faint|p1a: \u0421\u0438\u0433\u043c\u0430 \u043a\u0440\u0438\u043f\u0435\u0440\n|\n|-damage|p2a: Ursaluna|69\/100 brn|[from] brn\n|upkeep\n|inactive|Slimepokemon has 120 seconds left.\n|\n|t:|1699882775\n|switch|p1a: \u0420\u0435\u043a\u043b\u0435\u0441|Scizor, F|100\/100\n|turn|7\n|inactive|Slimepokemon has 120 seconds left.\n|\n|t:|1699882786\n|detailschange|p1a: \u0420\u0435\u043a\u043b\u0435\u0441|Scizor-Mega, F\n|-mega|p1a: \u0420\u0435\u043a\u043b\u0435\u0441|Scizor|Scizorite\n|move|p1a: \u0420\u0435\u043a\u043b\u0435\u0441|Swords Dance|p1a: \u0420\u0435\u043a\u043b\u0435\u0441\n|-boost|p1a: \u0420\u0435\u043a\u043b\u0435\u0441|atk|2\n|move|p2a: Ursaluna|Fire Punch|p1a: \u0420\u0435\u043a\u043b\u0435\u0441\n|-supereffective|p1a: \u0420\u0435\u043a\u043b\u0435\u0441\n|-damage|p1a: \u0420\u0435\u043a\u043b\u0435\u0441|0 fnt\n|faint|p1a: \u0420\u0435\u043a\u043b\u0435\u0441\n|\n|-damage|p2a: Ursaluna|63\/100 brn|[from] brn\n|upkeep\n|inactive|Slimepokemon has 120 seconds left.\n|\n|t:|1699882799\n|switch|p1a: \u0413\u043b\u0430\u0434\u0438\u043b\u043a\u0430|Latios, M|100\/100\n|turn|8\n|inactive|Slimepokemon has 120 seconds left.\n|\n|t:|1699882804\n|move|p1a: \u0413\u043b\u0430\u0434\u0438\u043b\u043a\u0430|Psyshock|p2a: Ursaluna\n|-supereffective|p2a: Ursaluna\n|-damage|p2a: Ursaluna|0 fnt\n|faint|p2a: Ursaluna\n|-damage|p1a: \u0413\u043b\u0430\u0434\u0438\u043b\u043a\u0430|91\/100|[from] item: Life Orb\n|\n|-sideend|p1: Slimepokemon|Reflect\n|upkeep\n|\n|t:|1699882814\n|switch|p2a: Ceruledge|Ceruledge, M|100\/100\n|turn|9\n|\n|t:|1699882819\n|switch|p1a: Slipi|Toxapex, F|72\/100\n|move|p2a: Ceruledge|Poltergeist|p1a: Slipi\n|-activate|p1a: Slipi|move: Poltergeist|Black Sludge\n|-damage|p1a: Slipi|39\/100\n|\n|-heal|p1a: Slipi|45\/100|[from] item: Black Sludge\n|-sideend|p1: Slimepokemon|move: Light Screen\n|upkeep\n|turn|10\n|\n|t:|1699882831\n|switch|p2a: Slowking|Slowking-Galar, M|100\/100\n|move|p1a: Slipi|Recover|p1a: Slipi\n|-heal|p1a: Slipi|95\/100\n|\n|-heal|p1a: Slipi|100\/100|[from] item: Black Sludge\n|upkeep\n|turn|11\n|\n|t:|1699882841\n|move|p2a: Slowking|Chilly Reception|p2a: Slowking\n|-weather|Snow\n|\n|t:|1699882853\n|switch|p2a: Alomomola|Alomomola, F|100\/100|[from] Chilly Reception\n|move|p1a: Slipi|Infestation|p2a: Alomomola\n|-damage|p2a: Alomomola|98\/100\n|-activate|p2a: Alomomola|move: Infestation|[of] p1a: Slipi\n|\n|-weather|Snow|[upkeep]\n|-heal|p2a: Alomomola|100\/100|[from] item: Leftovers\n|-damage|p2a: Alomomola|88\/100|[from] move: Infestation|[partiallytrapped]\n|upkeep\n|turn|12\n|\n|t:|1699882859\n|move|p2a: Alomomola|Flip Turn|p1a: Slipi\n|-resisted|p1a: Slipi\n|-damage|p1a: Slipi|95\/100\n|\n|t:|1699882863\n|switch|p2a: Slowking|Slowking-Galar, M|100\/100|[from] Flip Turn\n|move|p1a: Slipi|Knock Off|p2a: Slowking\n|-supereffective|p2a: Slowking\n|-damage|p2a: Slowking|71\/100\n|-enditem|p2a: Slowking|Heavy-Duty Boots|[from] move: Knock Off|[of] p1a: Slipi\n|\n|-weather|Snow|[upkeep]\n|-heal|p1a: Slipi|100\/100|[from] item: Black Sludge\n|upkeep\n|turn|13\n|\n|t:|1699882870\n|move|p2a: Slowking|Future Sight|p1a: Slipi\n|-start|p2a: Slowking|move: Future Sight\n|move|p1a: Slipi|Infestation|p2a: Slowking\n|-damage|p2a: Slowking|69\/100\n|-activate|p2a: Slowking|move: Infestation|[of] p1a: Slipi\n|\n|-weather|Snow|[upkeep]\n|-damage|p2a: Slowking|57\/100|[from] move: Infestation|[partiallytrapped]\n|upkeep\n|turn|14\n|\n|t:|1699882886\n|move|p2a: Slowking|Chilly Reception|p2a: Slowking\n|\n|t:|1699882894\n|switch|p2a: Diancie|Diancie|100\/100|[from] Chilly Reception\n|move|p1a: Slipi|Recover||[still]\n|-fail|p1a: Slipi|heal\n|\n|-weather|Snow|[upkeep]\n|upkeep\n|turn|15\n|\n|t:|1699882903\n|switch|p1a: \u041f\u0430\u043f\u0430 \u0414\u0435\u0441\u043f\u0430|Grimmsnarl, M|75\/100\n|detailschange|p2a: Diancie|Diancie-Mega\n|-mega|p2a: Diancie|Diancie|Diancite\n|move|p2a: Diancie|Stealth Rock|p1a: \u041f\u0430\u043f\u0430 \u0414\u0435\u0441\u043f\u0430\n|-sidestart|p1: Slimepokemon|move: Stealth Rock\n|\n|-weather|none\n|-end|p1a: \u041f\u0430\u043f\u0430 \u0414\u0435\u0441\u043f\u0430|move: Future Sight\n|-immune|p1a: \u041f\u0430\u043f\u0430 \u0414\u0435\u0441\u043f\u0430\n|upkeep\n|turn|16\n|\n|t:|1699882916\n|move|p1a: \u041f\u0430\u043f\u0430 \u0414\u0435\u0441\u043f\u0430|Light Screen|p1a: \u041f\u0430\u043f\u0430 \u0414\u0435\u0441\u043f\u0430\n|-sidestart|p1: Slimepokemon|move: Light Screen\n|move|p2a: Diancie|Moonblast|p1a: \u041f\u0430\u043f\u0430 \u0414\u0435\u0441\u043f\u0430\n|-supereffective|p1a: \u041f\u0430\u043f\u0430 \u0414\u0435\u0441\u043f\u0430\n|-damage|p1a: \u041f\u0430\u043f\u0430 \u0414\u0435\u0441\u043f\u0430|24\/100\n|\n|upkeep\n|turn|17\n|\n|t:|1699882922\n|move|p1a: \u041f\u0430\u043f\u0430 \u0414\u0435\u0441\u043f\u0430|Reflect|p1a: \u041f\u0430\u043f\u0430 \u0414\u0435\u0441\u043f\u0430\n|-sidestart|p1: Slimepokemon|Reflect\n|move|p2a: Diancie|Moonblast|p1a: \u041f\u0430\u043f\u0430 \u0414\u0435\u0441\u043f\u0430\n|-supereffective|p1a: \u041f\u0430\u043f\u0430 \u0414\u0435\u0441\u043f\u0430\n|-damage|p1a: \u041f\u0430\u043f\u0430 \u0414\u0435\u0441\u043f\u0430|0 fnt\n|faint|p1a: \u041f\u0430\u043f\u0430 \u0414\u0435\u0441\u043f\u0430\n|\n|upkeep\n|\n|t:|1699882929\n|switch|p1a: \u0414\u0430\u043d\u0438\u043b|Infernape, M|100\/100\n|-damage|p1a: \u0414\u0430\u043d\u0438\u043b|88\/100|[from] Stealth Rock\n|turn|18\n|\n|t:|1699882934\n|switch|p2a: Alomomola|Alomomola, F|100\/100\n|move|p1a: \u0414\u0430\u043d\u0438\u043b|Grass Knot|p2a: Alomomola\n|-supereffective|p2a: Alomomola\n|-damage|p2a: Alomomola|70\/100\n|\n|-heal|p2a: Alomomola|76\/100|[from] item: Leftovers\n|upkeep\n|turn|19\n|\n|t:|1699882941\n|move|p1a: \u0414\u0430\u043d\u0438\u043b|Grass Knot|p2a: Alomomola\n|-supereffective|p2a: Alomomola\n|-damage|p2a: Alomomola|44\/100\n|move|p2a: Alomomola|Toxic|p1a: \u0414\u0430\u043d\u0438\u043b\n|-status|p1a: \u0414\u0430\u043d\u0438\u043b|tox\n|\n|-heal|p2a: Alomomola|50\/100|[from] item: Leftovers\n|-damage|p1a: \u0414\u0430\u043d\u0438\u043b|82\/100 tox|[from] psn\n|upkeep\n|turn|20\n|\n|t:|1699882947\n|move|p2a: Alomomola|Protect|p2a: Alomomola\n|-singleturn|p2a: Alomomola|Protect\n|move|p1a: \u0414\u0430\u043d\u0438\u043b|Grass Knot|p2a: Alomomola\n|-activate|p2a: Alomomola|move: Protect\n|\n|-heal|p2a: Alomomola|57\/100|[from] item: Leftovers\n|-damage|p1a: \u0414\u0430\u043d\u0438\u043b|70\/100 tox|[from] psn\n|upkeep\n|turn|21\n|\n|t:|1699882955\n|move|p1a: \u0414\u0430\u043d\u0438\u043b|Grass Knot|p2a: Alomomola\n|-supereffective|p2a: Alomomola\n|-damage|p2a: Alomomola|27\/100\n|move|p2a: Alomomola|Wish|p2a: Alomomola\n|\n|-heal|p2a: Alomomola|34\/100|[from] item: Leftovers\n|-damage|p1a: \u0414\u0430\u043d\u0438\u043b|51\/100 tox|[from] psn\n|upkeep\n|turn|22\n|\n|t:|1699882960\n|move|p2a: Alomomola|Protect|p2a: Alomomola\n|-singleturn|p2a: Alomomola|Protect\n|move|p1a: \u0414\u0430\u043d\u0438\u043b|Grass Knot|p2a: Alomomola\n|-activate|p2a: Alomomola|move: Protect\n|\n|-heal|p2a: Alomomola|84\/100|[from] move: Wish|[wisher] Alomomola\n|-heal|p2a: Alomomola|90\/100|[from] item: Leftovers\n|-damage|p1a: \u0414\u0430\u043d\u0438\u043b|27\/100 tox|[from] psn\n|upkeep\n|turn|23\n|\n|t:|1699882970\n|move|p1a: \u0414\u0430\u043d\u0438\u043b|Grass Knot|p2a: Alomomola\n|-supereffective|p2a: Alomomola\n|-damage|p2a: Alomomola|58\/100\n|move|p2a: Alomomola|Wish|p2a: Alomomola\n|\n|-heal|p2a: Alomomola|64\/100|[from] item: Leftovers\n|-damage|p1a: \u0414\u0430\u043d\u0438\u043b|0 fnt|[from] psn\n|faint|p1a: \u0414\u0430\u043d\u0438\u043b\n|-sideend|p1: Slimepokemon|move: Light Screen\n|upkeep\n|\n|t:|1699882975\n|switch|p1a: Slipi|Toxapex, F|100\/100\n|-damage|p1a: Slipi|88\/100|[from] Stealth Rock\n|turn|24\n|\n|t:|1699882981\n|move|p2a: Alomomola|Flip Turn|p1a: Slipi\n|-resisted|p1a: Slipi\n|-damage|p1a: Slipi|86\/100\n|\n|t:|1699882984\n|switch|p2a: Diancie|Diancie-Mega|100\/100|[from] Flip Turn\n|move|p1a: Slipi|Knock Off|p2a: Diancie\n|-resisted|p2a: Diancie\n|-damage|p2a: Diancie|93\/100\n|\n|-heal|p2a: Diancie|100\/100|[from] move: Wish|[wisher] Alomomola\n|-heal|p1a: Slipi|92\/100|[from] item: Black Sludge\n|-sideend|p1: Slimepokemon|Reflect\n|upkeep\n|turn|25\n|\n|t:|1699882992\n|move|p2a: Diancie|Earth Power|p1a: Slipi\n|-supereffective|p1a: Slipi\n|-damage|p1a: Slipi|35\/100\n|move|p1a: Slipi|Infestation|p2a: Diancie\n|-resisted|p2a: Diancie\n|-damage|p2a: Diancie|98\/100\n|-activate|p2a: Diancie|move: Infestation|[of] p1a: Slipi\n|\n|-heal|p1a: Slipi|41\/100|[from] item: Black Sludge\n|-damage|p2a: Diancie|86\/100|[from] move: Infestation|[partiallytrapped]\n|upkeep\n|turn|26\n|\n|t:|1699882999\n|move|p1a: Slipi|Baneful Bunker|p1a: Slipi\n|-singleturn|p1a: Slipi|move: Protect\n|move|p2a: Diancie|Earth Power|p1a: Slipi\n|-activate|p1a: Slipi|move: Protect\n|\n|-heal|p1a: Slipi|47\/100|[from] item: Black Sludge\n|-damage|p2a: Diancie|74\/100|[from] move: Infestation|[partiallytrapped]\n|upkeep\n|turn|27\n|\n|t:|1699883005\n|switch|p1a: \u0413\u043b\u0430\u0434\u0438\u043b\u043a\u0430|Latios, M|91\/100\n|-damage|p1a: \u0413\u043b\u0430\u0434\u0438\u043b\u043a\u0430|78\/100|[from] Stealth Rock\n|move|p2a: Diancie|Earth Power|p1a: \u0413\u043b\u0430\u0434\u0438\u043b\u043a\u0430\n|-immune|p1a: \u0413\u043b\u0430\u0434\u0438\u043b\u043a\u0430|[from] ability: Levitate\n|\n|-end|p2a: Diancie|Infestation|[partiallytrapped]|[silent]\n|upkeep\n|turn|28\n|inactive|Slimepokemon has 120 seconds left.\n|\n|t:|1699883037\n|-terastallize|p1a: \u0413\u043b\u0430\u0434\u0438\u043b\u043a\u0430|Steel\n|move|p2a: Diancie|Moonblast|p1a: \u0413\u043b\u0430\u0434\u0438\u043b\u043a\u0430\n|-resisted|p1a: \u0413\u043b\u0430\u0434\u0438\u043b\u043a\u0430\n|-damage|p1a: \u0413\u043b\u0430\u0434\u0438\u043b\u043a\u0430|49\/100\n|-unboost|p1a: \u0413\u043b\u0430\u0434\u0438\u043b\u043a\u0430|spa|1\n|move|p1a: \u0413\u043b\u0430\u0434\u0438\u043b\u043a\u0430|Psyshock|p2a: Diancie\n|-damage|p2a: Diancie|24\/100\n|-damage|p1a: \u0413\u043b\u0430\u0434\u0438\u043b\u043a\u0430|39\/100|[from] item: Life Orb\n|\n|upkeep\n|turn|29\n|inactive|Slimepokemon has 120 seconds left.\n|\n|t:|1699883050\n|move|p2a: Diancie|Mystical Fire|p1a: \u0413\u043b\u0430\u0434\u0438\u043b\u043a\u0430\n|-supereffective|p1a: \u0413\u043b\u0430\u0434\u0438\u043b\u043a\u0430\n|-damage|p1a: \u0413\u043b\u0430\u0434\u0438\u043b\u043a\u0430|0 fnt\n|faint|p1a: \u0413\u043b\u0430\u0434\u0438\u043b\u043a\u0430\n|\n|upkeep\n|\n|t:|1699883054\n|switch|p1a: Slipi|Toxapex, F|80\/100\n|-damage|p1a: Slipi|68\/100|[from] Stealth Rock\n|turn|30\n|\n|t:|1699883062\n|move|p2a: Diancie|Earth Power|p1a: Slipi\n|-supereffective|p1a: Slipi\n|-damage|p1a: Slipi|6\/100\n|move|p1a: Slipi|Infestation|p2a: Diancie\n|-resisted|p2a: Diancie\n|-damage|p2a: Diancie|22\/100\n|-activate|p2a: Diancie|move: Infestation|[of] p1a: Slipi\n|\n|-heal|p1a: Slipi|12\/100|[from] item: Black Sludge\n|-damage|p2a: Diancie|9\/100|[from] move: Infestation|[partiallytrapped]\n|upkeep\n|turn|31\n|\n|t:|1699883066\n|move|p1a: Slipi|Baneful Bunker|p1a: Slipi\n|-singleturn|p1a: Slipi|move: Protect\n|move|p2a: Diancie|Earth Power|p1a: Slipi\n|-activate|p1a: Slipi|move: Protect\n|\n|-heal|p1a: Slipi|19\/100|[from] item: Black Sludge\n|-damage|p2a: Diancie|0 fnt|[from] move: Infestation|[partiallytrapped]\n|faint|p2a: Diancie\n|upkeep\n|\n|t:|1699883070\n|switch|p2a: Ceruledge|Ceruledge, M|100\/100\n|turn|32\n|\n|t:|1699883076\n|move|p2a: Ceruledge|Poltergeist|p1a: Slipi\n|-activate|p1a: Slipi|move: Poltergeist|Black Sludge\n|-damage|p1a: Slipi|0 fnt\n|faint|p1a: Slipi\n|\n|win|GuiJiXia\n|raw|Slimepokemon's rating: 1247 &rarr; <strong>1227<\/strong><br \/>(-20 for losing)\n|raw|GuiJiXia's rating: 1312 &rarr; <strong>1328<\/strong><br \/>(+16 for winning)\n|l|\u2606GuiJiXia\n|j| Shuckle_pro228\n|l|\u2606Slimepokemon\n","uploadtime":1699883286,"views":5,"p1id":"slimepokemon","p2id":"guijixia","formatid":"gen9nationaldex","rating":1227,"private":0,"password":""}