{"id":"gen9nationaldex-1988889463","p1":"MrGoddessli","p2":"yaoyuanzhiyi","format":"[Gen 9] National Dex","log":"|j|\u2606MrGoddessli\n|j|\u2606yaoyuanzhiyi\n|t:|1699781879\n|gametype|singles\n|player|p1|MrGoddessli|iris-gen5bw2|1387\n|player|p2|yaoyuanzhiyi|unknown|1287\n|teamsize|p1|6\n|teamsize|p2|6\n|gen|9\n|tier|[Gen 9] National Dex\n|rated|\n|rule|HP Percentage Mod: HP is shown in percentages\n|rule|Endless Battle Clause: Forcing endless battles is banned\n|rule|OHKO Clause: OHKO moves are banned\n|rule|Evasion Clause: Evasion abilities, items, and moves are banned\n|rule|Evasion Abilities Clause: Evasion abilities are banned\n|rule|Evasion Items Clause: Evasion items are banned\n|rule|Evasion Moves Clause: Evasion moves are banned\n|rule|Species Clause: Limit one of each Pok\u00e9mon\n|rule|Sleep Clause Mod: Limit one foe put to sleep\n|clearpoke\n|poke|p1|Ninetales-Alola, F|\n|poke|p1|Rillaboom, F|\n|poke|p1|Greninja-*, M|\n|poke|p1|Volcarona, M|\n|poke|p1|Blaziken, M|\n|poke|p1|Kommo-o, M|\n|poke|p2|Lopunny, F|\n|poke|p2|Hatterene, F|\n|poke|p2|Volcarona, F|\n|poke|p2|Rotom-Wash|\n|poke|p2|Weavile, M|\n|poke|p2|Ferrothorn, F|\n|teampreview\n|inactive|Battle timer is ON: inactive players will automatically lose when time's up. (requested by MrGoddessli)\n|\n|t:|1699781912\n|start\n|switch|p1a: Rillaboom|Rillaboom, F, shiny|100\/100\n|switch|p2a: Ferrothorn|Ferrothorn, F, shiny|100\/100\n|-fieldstart|move: Grassy Terrain|[from] ability: Grassy Surge|[of] p1a: Rillaboom\n|turn|1\n|\n|t:|1699781927\n|move|p1a: Rillaboom|Knock Off|p2a: Ferrothorn\n|-damage|p2a: Ferrothorn|59\/100\n|-damage|p1a: Rillaboom|88\/100|[from] ability: Iron Barbs|[of] p2a: Ferrothorn\n|-enditem|p2a: Ferrothorn|Leftovers|[from] move: Knock Off|[of] p1a: Rillaboom\n|move|p2a: Ferrothorn|Gyro Ball|p1a: Rillaboom\n|-damage|p1a: Rillaboom|34\/100\n|\n|-heal|p1a: Rillaboom|40\/100|[from] Grassy Terrain\n|-heal|p2a: Ferrothorn|66\/100|[from] Grassy Terrain\n|upkeep\n|turn|2\n|\n|t:|1699781947\n|switch|p1a: Volcarona|Volcarona, M, shiny|100\/100\n|move|p2a: Ferrothorn|Gyro Ball|p1a: Volcarona\n|-resisted|p1a: Volcarona\n|-damage|p1a: Volcarona|54\/100\n|\n|-heal|p1a: Volcarona|60\/100|[from] Grassy Terrain\n|-heal|p2a: Ferrothorn|72\/100|[from] Grassy Terrain\n|upkeep\n|turn|3\n|\n|t:|1699781955\n|switch|p2a: Rotom|Rotom-Wash|100\/100\n|move|p1a: Volcarona|Quiver Dance|p1a: Volcarona\n|-boost|p1a: Volcarona|spa|1\n|-boost|p1a: Volcarona|spd|1\n|-boost|p1a: Volcarona|spe|1\n|\n|-heal|p1a: Volcarona|66\/100|[from] Grassy Terrain\n|upkeep\n|turn|4\n|\n|t:|1699781966\n|-terastallize|p1a: Volcarona|Grass\n|move|p1a: Volcarona|Giga Drain|p2a: Rotom\n|-supereffective|p2a: Rotom\n|-damage|p2a: Rotom|0 fnt\n|-heal|p1a: Volcarona|100\/100|[from] drain|[of] p2a: Rotom\n|faint|p2a: Rotom\n|\n|upkeep\n|\n|t:|1699781990\n|switch|p2a: Hatterene|Hatterene, F|100\/100\n|turn|5\n|\n|t:|1699781997\n|move|p1a: Volcarona|Fiery Dance|p2a: Hatterene\n|-damage|p2a: Hatterene|25\/100\n|move|p2a: Hatterene|Nuzzle|p1a: Volcarona\n|-resisted|p1a: Volcarona\n|-damage|p1a: Volcarona|98\/100\n|-status|p1a: Volcarona|par\n|\n|-heal|p1a: Volcarona|100\/100 par|[from] Grassy Terrain\n|-heal|p2a: Hatterene|32\/100|[from] Grassy Terrain\n|-heal|p2a: Hatterene|38\/100|[from] item: Leftovers\n|-fieldend|move: Grassy Terrain\n|upkeep\n|turn|6\n|\n|t:|1699782010\n|move|p1a: Volcarona|Fiery Dance|p2a: Hatterene\n|-damage|p2a: Hatterene|0 fnt\n|-boost|p1a: Volcarona|spa|1\n|faint|p2a: Hatterene\n|\n|upkeep\n|\n|t:|1699782017\n|switch|p2a: Volcarona|Volcarona, F|100\/100\n|turn|7\n|\n|t:|1699782023\n|-zpower|p2a: Volcarona\n|move|p2a: Volcarona|Inferno Overdrive|p1a: Volcarona|[zeffect]\n|-supereffective|p1a: Volcarona\n|-damage|p1a: Volcarona|0 fnt\n|faint|p1a: Volcarona\n|\n|upkeep\n|\n|t:|1699782034\n|switch|p1a: Ninetales|Ninetales-Alola, F, shiny|100\/100\n|-weather|Snow|[from] ability: Snow Warning|[of] p1a: Ninetales\n|turn|8\n|\n|t:|1699782044\n|move|p1a: Ninetales|Aurora Veil|p1a: Ninetales\n|-sidestart|p1: MrGoddessli|move: Aurora Veil\n|move|p2a: Volcarona|Fiery Dance|p1a: Ninetales\n|-supereffective|p1a: Ninetales\n|-damage|p1a: Ninetales|58\/100\n|-boost|p2a: Volcarona|spa|1\n|\n|-weather|Snow|[upkeep]\n|upkeep\n|turn|9\n|\n|t:|1699782057\n|move|p1a: Ninetales|Toxic|p2a: Volcarona\n|-status|p2a: Volcarona|tox\n|move|p2a: Volcarona|Bug Buzz|p1a: Ninetales\n|-resisted|p1a: Ninetales\n|-damage|p1a: Ninetales|42\/100\n|\n|-weather|Snow|[upkeep]\n|-damage|p2a: Volcarona|94\/100 tox|[from] psn\n|upkeep\n|turn|10\n|\n|t:|1699782065\n|switch|p1a: Kommo-o|Kommo-o, M|100\/100\n|move|p2a: Volcarona|Fiery Dance|p1a: Kommo-o\n|-resisted|p1a: Kommo-o\n|-damage|p1a: Kommo-o|84\/100\n|-boost|p2a: Volcarona|spa|1\n|\n|-weather|Snow|[upkeep]\n|-damage|p2a: Volcarona|82\/100 tox|[from] psn\n|upkeep\n|turn|11\n|\n|t:|1699782077\n|move|p2a: Volcarona|Bug Buzz|p1a: Kommo-o\n|-resisted|p1a: Kommo-o\n|-damage|p1a: Kommo-o|59\/100\n|-zpower|p1a: Kommo-o\n|move|p1a: Kommo-o|Clangorous Soulblaze|p2a: Volcarona|[zeffect]\n|-damage|p2a: Volcarona|0 fnt\n|faint|p2a: Volcarona\n|-boost|p1a: Kommo-o|atk|1\n|-boost|p1a: Kommo-o|def|1\n|-boost|p1a: Kommo-o|spa|1\n|-boost|p1a: Kommo-o|spd|1\n|-boost|p1a: Kommo-o|spe|1\n|\n|-weather|Snow|[upkeep]\n|upkeep\n|\n|t:|1699782099\n|switch|p2a: Weavile|Weavile, M|100\/100\n|-ability|p2a: Weavile|Pressure\n|turn|12\n|\n|t:|1699782109\n|move|p1a: Kommo-o|Flash Cannon|p2a: Weavile\n|-supereffective|p2a: Weavile\n|-enditem|p2a: Weavile|Focus Sash\n|-damage|p2a: Weavile|1\/100\n|-unboost|p2a: Weavile|spd|1\n|move|p2a: Weavile|Triple Axel|p1a: Kommo-o\n|-supereffective|p1a: Kommo-o\n|-damage|p1a: Kommo-o|53\/100\n|-supereffective|p1a: Kommo-o\n|-damage|p1a: Kommo-o|38\/100\n|-supereffective|p1a: Kommo-o\n|-damage|p1a: Kommo-o|20\/100\n|-hitcount|p1a: Kommo-o|3\n|\n|-weather|none\n|upkeep\n|turn|13\n|\n|t:|1699782125\n|move|p2a: Weavile|Ice Shard|p1a: Kommo-o\n|-supereffective|p1a: Kommo-o\n|-damage|p1a: Kommo-o|7\/100\n|move|p1a: Kommo-o|Flash Cannon|p2a: Weavile\n|-supereffective|p2a: Weavile\n|-damage|p2a: Weavile|0 fnt\n|faint|p2a: Weavile\n|\n|upkeep\n|\n|t:|1699782129\n|switch|p2a: Lopunny|Lopunny, F|100\/100\n|turn|14\n|\n|t:|1699782133\n|detailschange|p2a: Lopunny|Lopunny-Mega, F\n|-mega|p2a: Lopunny|Lopunny|Lopunnite\n|move|p2a: Lopunny|Fake Out|p1a: Kommo-o\n|-damage|p1a: Kommo-o|0 fnt\n|faint|p1a: Kommo-o\n|\n|upkeep\n|\n|t:|1699782143\n|switch|p1a: Rillaboom|Rillaboom, F, shiny|40\/100\n|-fieldstart|move: Grassy Terrain|[from] ability: Grassy Surge|[of] p1a: Rillaboom\n|turn|15\n|\n|t:|1699782150\n|move|p1a: Rillaboom|Grassy Glide|p2a: Lopunny\n|-damage|p2a: Lopunny|17\/100\n|move|p2a: Lopunny|U-turn|p1a: Rillaboom\n|-supereffective|p1a: Rillaboom\n|-damage|p1a: Rillaboom|18\/100\n|\n|t:|1699782155\n|switch|p2a: Ferrothorn|Ferrothorn, F, shiny|72\/100|[from] U-turn\n|\n|-heal|p1a: Rillaboom|24\/100|[from] Grassy Terrain\n|-heal|p2a: Ferrothorn|78\/100|[from] Grassy Terrain\n|-sideend|p1: MrGoddessli|move: Aurora Veil\n|upkeep\n|turn|16\n|\n|t:|1699782165\n|move|p1a: Rillaboom|Grassy Glide|p2a: Ferrothorn\n|-resisted|p2a: Ferrothorn\n|-crit|p2a: Ferrothorn\n|-damage|p2a: Ferrothorn|61\/100\n|-damage|p1a: Rillaboom|11\/100|[from] ability: Iron Barbs|[of] p2a: Ferrothorn\n|move|p2a: Ferrothorn|Curse|p2a: Ferrothorn\n|-unboost|p2a: Ferrothorn|spe|1\n|-boost|p2a: Ferrothorn|atk|1\n|-boost|p2a: Ferrothorn|def|1\n|\n|-heal|p1a: Rillaboom|18\/100|[from] Grassy Terrain\n|-heal|p2a: Ferrothorn|67\/100|[from] Grassy Terrain\n|upkeep\n|turn|17\n|\n|t:|1699782178\n|switch|p1a: Ninetales|Ninetales-Alola, F, shiny|42\/100\n|-weather|Snow|[from] ability: Snow Warning|[of] p1a: Ninetales\n|move|p2a: Ferrothorn|Body Press|p1a: Ninetales\n|-damage|p1a: Ninetales|6\/100\n|\n|-weather|Snow|[upkeep]\n|-heal|p1a: Ninetales|12\/100|[from] Grassy Terrain\n|-heal|p2a: Ferrothorn|73\/100|[from] Grassy Terrain\n|upkeep\n|turn|18\n|\n|t:|1699782192\n|move|p1a: Ninetales|Aurora Veil|p1a: Ninetales\n|-sidestart|p1: MrGoddessli|move: Aurora Veil\n|move|p2a: Ferrothorn|Curse|p2a: Ferrothorn\n|-unboost|p2a: Ferrothorn|spe|1\n|-boost|p2a: Ferrothorn|atk|1\n|-boost|p2a: Ferrothorn|def|1\n|\n|-weather|Snow|[upkeep]\n|-heal|p1a: Ninetales|18\/100|[from] Grassy Terrain\n|-heal|p2a: Ferrothorn|79\/100|[from] Grassy Terrain\n|upkeep\n|turn|19\n|\n|t:|1699782209\n|switch|p1a: Blaziken|Blaziken, M|100\/100\n|move|p2a: Ferrothorn|Curse|p2a: Ferrothorn\n|-unboost|p2a: Ferrothorn|spe|1\n|-boost|p2a: Ferrothorn|atk|1\n|-boost|p2a: Ferrothorn|def|1\n|\n|-weather|Snow|[upkeep]\n|-heal|p2a: Ferrothorn|86\/100|[from] Grassy Terrain\n|-fieldend|move: Grassy Terrain\n|upkeep\n|turn|20\n|\n|t:|1699782230\n|move|p1a: Blaziken|Flare Blitz|p2a: Ferrothorn\n|-supereffective|p2a: Ferrothorn\n|-damage|p2a: Ferrothorn|0 fnt\n|-damage|p1a: Blaziken|88\/100|[from] ability: Iron Barbs|[of] p2a: Ferrothorn\n|faint|p2a: Ferrothorn\n|-damage|p1a: Blaziken|61\/100|[from] Recoil\n|\n|-weather|Snow|[upkeep]\n|-ability|p1a: Blaziken|Speed Boost|boost\n|-boost|p1a: Blaziken|spe|1\n|upkeep\n|\n|t:|1699782239\n|switch|p2a: Lopunny|Lopunny-Mega, F|17\/100\n|turn|21\n|\n|t:|1699782242\n|move|p1a: Blaziken|Protect|p1a: Blaziken\n|-singleturn|p1a: Blaziken|Protect\n|move|p2a: Lopunny|Fake Out|p1a: Blaziken\n|-activate|p1a: Blaziken|move: Protect\n|\n|-weather|none\n|-ability|p1a: Blaziken|Speed Boost|boost\n|-boost|p1a: Blaziken|spe|1\n|upkeep\n|turn|22\n|\n|t:|1699782249\n|move|p1a: Blaziken|Close Combat|p2a: Lopunny\n|-supereffective|p2a: Lopunny\n|-damage|p2a: Lopunny|0 fnt\n|-unboost|p1a: Blaziken|def|1\n|-unboost|p1a: Blaziken|spd|1\n|faint|p2a: Lopunny\n|\n|win|MrGoddessli\n|raw|MrGoddessli's rating: 1387 &rarr; <strong>1401<\/strong><br \/>(+14 for winning)\n|raw|yaoyuanzhiyi's rating: 1287 &rarr; <strong>1269<\/strong><br \/>(-18 for losing)\n","uploadtime":1699782256,"views":7,"p1id":"mrgoddessli","p2id":"yaoyuanzhiyi","formatid":"gen9nationaldex","rating":1269,"private":0,"password":""}