{"id":"gen9nationaldex-1987389076","p1":"baigu","p2":"Samurott500","format":"[Gen 9] National Dex","log":"|j|\u2606baigu\n|j|\u2606Samurott500\n|t:|1699585086\n|gametype|singles\n|player|p1|baigu|dawn|1755\n|player|p2|Samurott500|grimsley-gen7|1740\n|teamsize|p1|6\n|teamsize|p2|6\n|gen|9\n|tier|[Gen 9] National Dex\n|rated|\n|rule|HP Percentage Mod: HP is shown in percentages\n|rule|Endless Battle Clause: Forcing endless battles is banned\n|rule|OHKO Clause: OHKO moves are banned\n|rule|Evasion Clause: Evasion abilities, items, and moves are banned\n|rule|Evasion Abilities Clause: Evasion abilities are banned\n|rule|Evasion Items Clause: Evasion items are banned\n|rule|Evasion Moves Clause: Evasion moves are banned\n|rule|Species Clause: Limit one of each Pok\u00e9mon\n|rule|Sleep Clause Mod: Limit one foe put to sleep\n|clearpoke\n|poke|p1|Ursaluna, M|\n|poke|p1|Dragonite, M|\n|poke|p1|Slowking, M|\n|poke|p1|Tapu Koko|\n|poke|p1|Hoopa-Unbound|\n|poke|p1|Great Tusk|\n|poke|p2|Serperior, M|\n|poke|p2|Blaziken, M|\n|poke|p2|Hatterene, F|\n|poke|p2|Swampert, F|\n|poke|p2|Hydreigon, F|\n|poke|p2|Aegislash, M|\n|teampreview\n|\n|t:|1699585095\n|start\n|switch|p1a: Tapu Koko|Tapu Koko|100\/100\n|switch|p2a: Swampert|Swampert, F|100\/100\n|-fieldstart|move: Electric Terrain|[from] ability: Electric Surge|[of] p1a: Tapu Koko\n|turn|1\n|\n|t:|1699585101\n|detailschange|p2a: Swampert|Swampert-Mega, F\n|-mega|p2a: Swampert|Swampert|Swampertite\n|move|p1a: Tapu Koko|U-turn|p2a: Swampert\n|-damage|p2a: Swampert|88\/100\n|\n|t:|1699585112\n|switch|p1a: Dragonite|Dragonite, M|100\/100|[from] U-turn\n|move|p2a: Swampert|Stealth Rock|p1a: Dragonite\n|-sidestart|p1: baigu|move: Stealth Rock\n|\n|upkeep\n|turn|2\n|inactive|Battle timer is ON: inactive players will automatically lose when time's up. (requested by baigu)\n|\n|t:|1699585131\n|move|p1a: Dragonite|Dual Wingbeat|p2a: Swampert\n|-damage|p2a: Swampert|62\/100\n|-damage|p2a: Swampert|36\/100\n|-hitcount|p2a: Swampert|2\n|move|p2a: Swampert|Flip Turn|p1a: Dragonite\n|-resisted|p1a: Dragonite\n|-damage|p1a: Dragonite|94\/100\n|\n|t:|1699585134\n|switch|p2a: Hydreigon|Hydreigon, F|100\/100|[from] Flip Turn\n|\n|upkeep\n|turn|3\n|\n|t:|1699585144\n|switch|p1a: Slowking|Slowking, M|100\/100\n|move|p2a: Hydreigon|Earth Power|p1a: Slowking\n|-damage|p1a: Slowking|79\/100\n|-damage|p2a: Hydreigon|91\/100|[from] item: Life Orb\n|\n|upkeep\n|turn|4\n|\n|t:|1699585154\n|switch|p1a: Tapu Koko|Tapu Koko|100\/100\n|-damage|p1a: Tapu Koko|88\/100|[from] Stealth Rock\n|move|p2a: Hydreigon|Dark Pulse|p1a: Tapu Koko\n|-resisted|p1a: Tapu Koko\n|-damage|p1a: Tapu Koko|46\/100\n|-damage|p2a: Hydreigon|81\/100|[from] item: Life Orb\n|\n|upkeep\n|turn|5\n|j| leona misa\n|\n|t:|1699585163\n|switch|p2a: Aegislash|Aegislash, M|100\/100\n|move|p1a: Tapu Koko|Dazzling Gleam|p2a: Aegislash\n|-resisted|p2a: Aegislash\n|-damage|p2a: Aegislash|81\/100\n|\n|-heal|p2a: Aegislash|88\/100|[from] item: Leftovers\n|-fieldend|move: Electric Terrain\n|upkeep\n|turn|6\n|\n|t:|1699585172\n|switch|p1a: Ursaluna|Ursaluna, M|100\/100\n|-damage|p1a: Ursaluna|94\/100|[from] Stealth Rock\n|-formechange|p2a: Aegislash|Aegislash-Blade||[from] ability: Stance Change\n|move|p2a: Aegislash|Iron Head|p1a: Ursaluna\n|-damage|p1a: Ursaluna|61\/100\n|\n|-heal|p2a: Aegislash|94\/100|[from] item: Leftovers\n|-status|p1a: Ursaluna|brn|[from] item: Flame Orb\n|upkeep\n|turn|7\n|\n|t:|1699585193\n|switch|p2a: Hydreigon|Hydreigon, F|81\/100\n|move|p1a: Ursaluna|Fire Punch|p2a: Hydreigon\n|-resisted|p2a: Hydreigon\n|-damage|p2a: Hydreigon|56\/100\n|\n|-damage|p1a: Ursaluna|55\/100 brn|[from] brn\n|upkeep\n|turn|8\n|\n|t:|1699585202\n|switch|p1a: Slowking|Slowking, M|100\/100\n|move|p2a: Hydreigon|Dragon Pulse|p1a: Slowking\n|-damage|p1a: Slowking|66\/100\n|-damage|p2a: Hydreigon|46\/100|[from] item: Life Orb\n|\n|upkeep\n|turn|9\n|l| leona misa\n|\n|t:|1699585214\n|move|p2a: Hydreigon|Dark Pulse|p1a: Slowking\n|-supereffective|p1a: Slowking\n|-damage|p1a: Slowking|4\/100\n|-damage|p2a: Hydreigon|36\/100|[from] item: Life Orb\n|move|p1a: Slowking|Teleport|p1a: Slowking\n|\n|t:|1699585224\n|switch|p1a: Tapu Koko|Tapu Koko|46\/100|[from] Teleport\n|-damage|p1a: Tapu Koko|34\/100|[from] Stealth Rock\n|-fieldstart|move: Electric Terrain|[from] ability: Electric Surge|[of] p1a: Tapu Koko\n|\n|upkeep\n|turn|10\n|\n|t:|1699585229\n|switch|p2a: Aegislash|Aegislash, M|94\/100\n|move|p1a: Tapu Koko|Volt Switch|p2a: Aegislash\n|-damage|p2a: Aegislash|47\/100\n|\n|t:|1699585233\n|switch|p1a: Hoopa|Hoopa-Unbound|100\/100|[from] Volt Switch\n|-damage|p1a: Hoopa|88\/100|[from] Stealth Rock\n|\n|-heal|p2a: Aegislash|53\/100|[from] item: Leftovers\n|upkeep\n|turn|11\n|\n|t:|1699585249\n|switch|p2a: Blaziken|Blaziken, M|100\/100\n|move|p1a: Hoopa|Dark Pulse|p2a: Blaziken\n|-resisted|p2a: Blaziken\n|-damage|p2a: Blaziken|65\/100\n|\n|upkeep\n|turn|12\n|\n|t:|1699585263\n|switch|p1a: Great Tusk|Great Tusk|100\/100\n|move|p2a: Blaziken|Close Combat|p1a: Great Tusk\n|-damage|p1a: Great Tusk|62\/100\n|-unboost|p2a: Blaziken|def|1\n|-unboost|p2a: Blaziken|spd|1\n|\n|-ability|p2a: Blaziken|Speed Boost|boost\n|-boost|p2a: Blaziken|spe|1\n|upkeep\n|turn|13\n|\n|t:|1699585270\n|switch|p2a: Serperior|Serperior, M|100\/100\n|move|p1a: Great Tusk|Rapid Spin|p2a: Serperior\n|-damage|p2a: Serperior|76\/100\n|-boost|p1a: Great Tusk|spe|1\n|-sideend|p1: baigu|Stealth Rock|[from] move: Rapid Spin|[of] p1a: Great Tusk\n|\n|-fieldend|move: Electric Terrain\n|upkeep\n|turn|14\n|\n|t:|1699585279\n|-end|p1a: Great Tusk|Protosynthesis|[silent]\n|switch|p1a: Dragonite|Dragonite, M|94\/100\n|move|p2a: Serperior|Leaf Storm|p1a: Dragonite\n|-resisted|p1a: Dragonite\n|-damage|p1a: Dragonite|83\/100\n|-boost|p2a: Serperior|spa|2\n|\n|upkeep\n|turn|15\n|\n|t:|1699585290\n|move|p2a: Serperior|Dragon Pulse|p1a: Dragonite\n|-supereffective|p1a: Dragonite\n|-damage|p1a: Dragonite|11\/100\n|move|p1a: Dragonite|Dual Wingbeat|p2a: Serperior\n|-supereffective|p2a: Serperior\n|-damage|p2a: Serperior|0 fnt\n|faint|p2a: Serperior\n|-hitcount|p2: Serperior|1\n|\n|upkeep\n|\n|t:|1699585314\n|switch|p2a: Aegislash|Aegislash, M|53\/100\n|turn|16\n|\n|t:|1699585319\n|switch|p1a: Great Tusk|Great Tusk|62\/100\n|-formechange|p2a: Aegislash|Aegislash-Blade||[from] ability: Stance Change\n|move|p2a: Aegislash|Iron Head|p1a: Great Tusk\n|-damage|p1a: Great Tusk|32\/100\n|\n|-heal|p2a: Aegislash|59\/100|[from] item: Leftovers\n|upkeep\n|turn|17\n|inactive|Samurott500 has 120 seconds left.\n|\n|t:|1699585352\n|-formechange|p2a: Aegislash|Aegislash||[from] ability: Stance Change\n|move|p2a: Aegislash|King's Shield|p2a: Aegislash\n|-singleturn|p2a: Aegislash|Protect\n|move|p1a: Great Tusk|Ice Spinner|p2a: Aegislash\n|-activate|p2a: Aegislash|move: Protect\n|-unboost|p1a: Great Tusk|atk|1\n|\n|-heal|p2a: Aegislash|66\/100|[from] item: Leftovers\n|upkeep\n|turn|18\n|\n|t:|1699585361\n|switch|p2a: Hydreigon|Hydreigon, F|36\/100\n|move|p1a: Great Tusk|Ice Spinner|p2a: Hydreigon\n|-supereffective|p2a: Hydreigon\n|-damage|p2a: Hydreigon|0 fnt\n|faint|p2a: Hydreigon\n|\n|upkeep\n|\n|t:|1699585363\n|switch|p2a: Swampert|Swampert-Mega, F|36\/100\n|turn|19\n|\n|t:|1699585371\n|move|p1a: Great Tusk|Close Combat|p2a: Swampert\n|-damage|p2a: Swampert|0 fnt\n|-unboost|p1a: Great Tusk|def|1\n|-unboost|p1a: Great Tusk|spd|1\n|faint|p2a: Swampert\n|\n|upkeep\n|\n|t:|1699585374\n|switch|p2a: Blaziken|Blaziken, M|65\/100\n|turn|20\n|\n|t:|1699585403\n|move|p2a: Blaziken|Close Combat|p1a: Great Tusk\n|-damage|p1a: Great Tusk|0 fnt\n|-unboost|p2a: Blaziken|def|1\n|-unboost|p2a: Blaziken|spd|1\n|faint|p1a: Great Tusk\n|-end|p1a: Great Tusk|Protosynthesis|[silent]\n|\n|-ability|p2a: Blaziken|Speed Boost|boost\n|-boost|p2a: Blaziken|spe|1\n|upkeep\n|\n|t:|1699585405\n|switch|p1a: Dragonite|Dragonite, M|11\/100\n|turn|21\n|\n|t:|1699585408\n|move|p2a: Blaziken|Protect|p2a: Blaziken\n|-singleturn|p2a: Blaziken|Protect\n|move|p1a: Dragonite|Extreme Speed|p2a: Blaziken\n|-activate|p2a: Blaziken|move: Protect\n|\n|-ability|p2a: Blaziken|Speed Boost|boost\n|-boost|p2a: Blaziken|spe|1\n|upkeep\n|turn|22\n|\n|t:|1699585415\n|switch|p2a: Aegislash|Aegislash, M|66\/100\n|switch|p1a: Hoopa|Hoopa-Unbound|88\/100\n|\n|-heal|p2a: Aegislash|72\/100|[from] item: Leftovers\n|upkeep\n|turn|23\n|\n|t:|1699585424\n|switch|p2a: Blaziken|Blaziken, M|65\/100\n|-zpower|p1a: Hoopa\n|move|p1a: Hoopa|All-Out Pummeling|p2a: Blaziken|[zeffect]\n|-damage|p2a: Blaziken|0 fnt\n|faint|p2a: Blaziken\n|\n|upkeep\n|\n|t:|1699585427\n|switch|p2a: Hatterene|Hatterene, F|100\/100\n|turn|24\n|\n|t:|1699585431\n|switch|p1a: Slowking|Slowking, M|37\/100\n|move|p2a: Hatterene|Draining Kiss|p1a: Slowking\n|-damage|p1a: Slowking|20\/100\n|\n|upkeep\n|turn|25\n|\n|t:|1699585438\n|move|p2a: Hatterene|Calm Mind|p2a: Hatterene\n|-boost|p2a: Hatterene|spa|1\n|-boost|p2a: Hatterene|spd|1\n|move|p1a: Slowking|Slack Off|p1a: Slowking\n|-heal|p1a: Slowking|70\/100\n|\n|upkeep\n|turn|26\n|\n|t:|1699585451\n|move|p2a: Hatterene|Draining Kiss|p1a: Slowking\n|-damage|p1a: Slowking|45\/100\n|move|p1a: Slowking|Teleport|p1a: Slowking\n|\n|t:|1699585453\n|switch|p1a: Ursaluna|Ursaluna, M|55\/100 brn|[from] Teleport\n|\n|-damage|p1a: Ursaluna|49\/100 brn|[from] brn\n|upkeep\n|turn|27\n|j| snivy ye \u53f6\u86c7\n|\n|t:|1699585475\n|move|p1a: Ursaluna|Facade|p2a: Hatterene\n|-damage|p2a: Hatterene|0 fnt\n|faint|p2a: Hatterene\n|\n|-damage|p1a: Ursaluna|43\/100 brn|[from] brn\n|upkeep\n|\n|t:|1699585477\n|switch|p2a: Aegislash|Aegislash, M|72\/100\n|turn|28\n|\n|t:|1699585480\n|move|p2a: Aegislash|King's Shield|p2a: Aegislash\n|-singleturn|p2a: Aegislash|Protect\n|move|p1a: Ursaluna|Headlong Rush|p2a: Aegislash\n|-activate|p2a: Aegislash|move: Protect\n|-unboost|p1a: Ursaluna|atk|1\n|\n|-heal|p2a: Aegislash|78\/100|[from] item: Leftovers\n|-damage|p1a: Ursaluna|36\/100 brn|[from] brn\n|upkeep\n|turn|29\n|\n|t:|1699585491\n|move|p2a: Aegislash|Swords Dance|p2a: Aegislash\n|-boost|p2a: Aegislash|atk|2\n|move|p1a: Ursaluna|Headlong Rush|p2a: Aegislash\n|-supereffective|p2a: Aegislash\n|-damage|p2a: Aegislash|0 fnt\n|-unboost|p1a: Ursaluna|def|1\n|-unboost|p1a: Ursaluna|spd|1\n|faint|p2a: Aegislash\n|\n|win|baigu\n|raw|baigu's rating: 1755 &rarr; <strong>1774<\/strong><br \/>(+19 for winning)\n|raw|Samurott500's rating: 1740 &rarr; <strong>1721<\/strong><br \/>(-19 for losing)\n","uploadtime":1699585498,"views":19,"p1id":"baigu","p2id":"samurott500","formatid":"gen9nationaldex","rating":1721,"private":0,"password":""}