{"id":"gen9nationaldex-1998689157","p1":"this is kyu","p2":"Young Girl Klara","format":"[Gen 9] National Dex","log":"|html|<div class=\"broadcast-blue\"><strong>[Gen 9] National Dex is currently suspecting Sneasler! For information on how to participate check out the <a href=\"https:\/\/www.smogon.com\/forums\/threads\/sv-national-dex-suspect-8-just-dance.3731534\/\">suspect thread<\/a>.<\/strong><\/div>\n|j|\u2606this is kyu\n|j|\u203dYoung Girl Klara\n|t:|1700972860\n|gametype|singles\n|player|p1|this is kyu|giovanni|1000\n|player|p2|Young Girl Klara|klara|1082\n|teamsize|p1|6\n|teamsize|p2|6\n|gen|9\n|tier|[Gen 9] National Dex\n|rated|\n|rule|HP Percentage Mod: HP is shown in percentages\n|rule|Endless Battle Clause: Forcing endless battles is banned\n|rule|OHKO Clause: OHKO moves are banned\n|rule|Evasion Clause: Evasion abilities, items, and moves are banned\n|rule|Evasion Abilities Clause: Evasion abilities are banned\n|rule|Evasion Items Clause: Evasion items are banned\n|rule|Evasion Moves Clause: Evasion moves are banned\n|rule|Species Clause: Limit one of each Pok\u00e9mon\n|rule|Sleep Clause Mod: Limit one foe put to sleep\n|clearpoke\n|poke|p1|Rotom|\n|poke|p1|Runerigus, F|\n|poke|p1|Decidueye, F|\n|poke|p1|Gengar, F|\n|poke|p1|Spiritomb, M|\n|poke|p1|Mimikyu, M|\n|poke|p2|Reuniclus, M|\n|poke|p2|Clefable, M|\n|poke|p2|Gliscor, M|\n|poke|p2|Aggron, M|\n|poke|p2|Pyroar, F|\n|poke|p2|Tyranitar, M|\n|teampreview\n|\n|t:|1700972885\n|start\n|switch|p1a: Rotom|Rotom|100\/100\n|switch|p2a: Aggron|Aggron, M|100\/100\n|turn|1\n|\n|t:|1700972908\n|detailschange|p2a: Aggron|Aggron-Mega, M\n|-mega|p2a: Aggron|Aggron|Aggronite\n|move|p1a: Rotom|Thunder|p2a: Aggron|[miss]\n|-miss|p1a: Rotom|p2a: Aggron\n|move|p2a: Aggron|Stealth Rock|p1a: Rotom\n|-sidestart|p1: this is kyu|move: Stealth Rock\n|\n|upkeep\n|turn|2\n|\n|t:|1700972933\n|switch|p2a: Tyranitar|Tyranitar, M|100\/100\n|-weather|Sandstorm|[from] ability: Sand Stream|[of] p2a: Tyranitar\n|-terastallize|p1a: Rotom|Psychic\n|move|p1a: Rotom|Thunder|p2a: Tyranitar\n|-damage|p2a: Tyranitar|75\/100\n|\n|-weather|Sandstorm|[upkeep]\n|-damage|p1a: Rotom|94\/100|[from] Sandstorm\n|upkeep\n|turn|3\n|\n|t:|1700972953\n|move|p2a: Tyranitar|Pursuit|p1a: Rotom\n|-supereffective|p1a: Rotom\n|-damage|p1a: Rotom|17\/100\n|move|p1a: Rotom|Discharge|p2a: Tyranitar\n|-damage|p2a: Tyranitar|58\/100\n|\n|-weather|Sandstorm|[upkeep]\n|-damage|p1a: Rotom|11\/100|[from] Sandstorm\n|upkeep\n|turn|4\n|\n|t:|1700972981\n|move|p2a: Tyranitar|Pursuit|p1a: Rotom\n|-supereffective|p1a: Rotom\n|-damage|p1a: Rotom|0 fnt\n|faint|p1a: Rotom\n|\n|-weather|Sandstorm|[upkeep]\n|upkeep\n|\n|t:|1700973006\n|switch|p1a: Spiritomb|Spiritomb, M|100\/100\n|-damage|p1a: Spiritomb|88\/100|[from] Stealth Rock\n|turn|5\n|\n|t:|1700973037\n|switch|p2a: Pyroar|Pyroar, F|100\/100\n|-ability|p2a: Pyroar|Unnerve\n|move|p1a: Spiritomb|Foul Play|p2a: Pyroar\n|-damage|p2a: Pyroar|66\/100\n|\n|-weather|Sandstorm|[upkeep]\n|-damage|p2a: Pyroar|60\/100|[from] Sandstorm\n|-damage|p1a: Spiritomb|82\/100|[from] Sandstorm\n|upkeep\n|turn|6\n|\n|t:|1700973049\n|move|p2a: Pyroar|Fire Blast|p1a: Spiritomb\n|-damage|p1a: Spiritomb|19\/100\n|move|p1a: Spiritomb|Pursuit|p2a: Pyroar\n|-damage|p2a: Pyroar|36\/100\n|\n|-weather|none\n|upkeep\n|turn|7\n|\n|t:|1700973064\n|switch|p1a: Runerigus|Runerigus, F, shiny|100\/100\n|-damage|p1a: Runerigus|95\/100|[from] Stealth Rock\n|move|p2a: Pyroar|Fire Blast|p1a: Runerigus\n|-damage|p1a: Runerigus|34\/100\n|\n|upkeep\n|turn|8\n|\n|t:|1700973082\n|-zpower|p2a: Pyroar\n|move|p2a: Pyroar|Bloom Doom|p1a: Runerigus|[zeffect]\n|-supereffective|p1a: Runerigus\n|-damage|p1a: Runerigus|0 fnt\n|faint|p1a: Runerigus\n|\n|upkeep\n|\n|t:|1700973095\n|switch|p1a: Gengar|Gengar, F, shiny|100\/100\n|-damage|p1a: Gengar|88\/100|[from] Stealth Rock\n|turn|9\n|inactive|Battle timer is ON: inactive players will automatically lose when time's up. (requested by this is kyu)\n|\n|t:|1700973163\n|switch|p2a: Gliscor|Gliscor, M|100\/100\n|-zpower|p1a: Gengar\n|move|p1a: Gengar|Never-Ending Nightmare|p2a: Gliscor|[zeffect]\n|-damage|p2a: Gliscor|26\/100\n|\n|-status|p2a: Gliscor|tox|[from] item: Toxic Orb\n|upkeep\n|turn|10\n|\n|t:|1700973179\n|switch|p2a: Tyranitar|Tyranitar, M|58\/100\n|-weather|Sandstorm|[from] ability: Sand Stream|[of] p2a: Tyranitar\n|switch|p1a: Decidueye|Decidueye, F|100\/100\n|-damage|p1a: Decidueye|88\/100|[from] Stealth Rock\n|\n|-weather|Sandstorm|[upkeep]\n|-damage|p1a: Decidueye|82\/100|[from] Sandstorm\n|upkeep\n|turn|11\n|inactive|Young Girl Klara has 120 seconds left.\n|inactive|Young Girl Klara has 90 seconds left.\n|\n|t:|1700973240\n|move|p2a: Tyranitar|Crunch|p1a: Decidueye\n|-supereffective|p1a: Decidueye\n|-damage|p1a: Decidueye|0 fnt\n|faint|p1a: Decidueye\n|\n|-weather|Sandstorm|[upkeep]\n|upkeep\n|\n|t:|1700973248\n|switch|p1a: Gengar|Gengar, F, shiny|88\/100\n|-damage|p1a: Gengar|76\/100|[from] Stealth Rock\n|turn|12\n|inactive|Young Girl Klara has 90 seconds left.\n|\n|t:|1700973270\n|move|p2a: Tyranitar|Crunch|p1a: Gengar\n|-supereffective|p1a: Gengar\n|-damage|p1a: Gengar|0 fnt\n|-start|p2a: Tyranitar|Disable|Crunch|[from] ability: Cursed Body|[of] p1a: Gengar\n|faint|p1a: Gengar\n|\n|-weather|Sandstorm|[upkeep]\n|upkeep\n|\n|t:|1700973281\n|switch|p1a: Spiritomb|Spiritomb, M|19\/100\n|-damage|p1a: Spiritomb|6\/100|[from] Stealth Rock\n|turn|13\n|inactive|Young Girl Klara has 90 seconds left.\n|\n|t:|1700973294\n|-activate|p2a: Tyranitar|move: Struggle\n|move|p2a: Tyranitar|Struggle|p1a: Spiritomb\n|-damage|p1a: Spiritomb|0 fnt\n|faint|p1a: Spiritomb\n|-damage|p2a: Tyranitar|33\/100|[from] recoil\n|\n|-weather|Sandstorm|[upkeep]\n|upkeep\n|\n|t:|1700973302\n|switch|p1a: Mimikyu|Mimikyu, M|100\/100\n|-damage|p1a: Mimikyu|88\/100|[from] Stealth Rock\n|turn|14\n|\n|t:|1700973308\n|-activate|p2a: Tyranitar|move: Struggle\n|move|p2a: Tyranitar|Struggle|p1a: Mimikyu\n|-activate|p1a: Mimikyu|ability: Disguise\n|-damage|p1a: Mimikyu|88\/100\n|detailschange|p1a: Mimikyu|Mimikyu-Busted, M\n|-damage|p1a: Mimikyu|76\/100|[from] pokemon: Mimikyu-Busted\n|-damage|p2a: Tyranitar|8\/100|[from] recoil\n|move|p1a: Mimikyu|Swords Dance|p1a: Mimikyu\n|-boost|p1a: Mimikyu|atk|2\n|\n|-weather|none\n|upkeep\n|turn|15\n|\n|t:|1700973323\n|-activate|p2a: Tyranitar|move: Struggle\n|move|p2a: Tyranitar|Struggle|p1a: Mimikyu\n|-damage|p1a: Mimikyu|54\/100\n|-damage|p2a: Tyranitar|0 fnt|[from] recoil\n|faint|p2a: Tyranitar\n|move|p1a: Mimikyu|Shadow Claw|p2: Tyranitar|[notarget]\n|-fail|p1a: Mimikyu\n|\n|upkeep\n|\n|t:|1700973324\n|switch|p2a: Clefable|Clefable, M|100\/100\n|turn|16\n|\n|t:|1700973336\n|-terastallize|p2a: Clefable|Fairy\n|move|p1a: Mimikyu|Play Rough|p2a: Clefable\n|-crit|p2a: Clefable\n|-damage|p2a: Clefable|58\/100\n|move|p2a: Clefable|Moonblast|p1a: Mimikyu\n|-damage|p1a: Mimikyu|8\/100\n|\n|-heal|p2a: Clefable|64\/100|[from] item: Leftovers\n|upkeep\n|turn|17\n|\n|t:|1700973349\n|move|p1a: Mimikyu|Shadow Claw|p2a: Clefable\n|-crit|p2a: Clefable\n|-damage|p2a: Clefable|35\/100\n|move|p2a: Clefable|Moonblast|p1a: Mimikyu\n|-damage|p1a: Mimikyu|0 fnt\n|faint|p1a: Mimikyu\n|\n|win|Young Girl Klara\n|raw|this is kyu's rating: 1000 &rarr; <strong>1000<\/strong><br \/>(+0 for losing)\n|raw|Young Girl Klara's rating: 1189 &rarr; <strong>1202<\/strong><br \/>(+13 for winning)\n|l|\u2606this is kyu\n","uploadtime":1700973364,"views":8,"p1id":"thisiskyu","p2id":"younggirlklara","formatid":"gen9nationaldex","rating":1000,"private":0,"password":""}