{"id":"gen9nationaldex-1988153004","p1":"HeirEhm","p2":"PapaPena","format":"[Gen 9] National Dex","log":"|j|\u2606HeirEhm\n|j|\u2606PapaPena\n|t:|1699676374\n|gametype|singles\n|player|p1|HeirEhm|cynthia-gen7|\n|player|p2|PapaPena|roughneck|\n|teamsize|p1|6\n|teamsize|p2|6\n|gen|9\n|tier|[Gen 9] National Dex\n|rule|HP Percentage Mod: HP is shown in percentages\n|rule|Endless Battle Clause: Forcing endless battles is banned\n|rule|OHKO Clause: OHKO moves are banned\n|rule|Evasion Clause: Evasion abilities, items, and moves are banned\n|rule|Evasion Abilities Clause: Evasion abilities are banned\n|rule|Evasion Items Clause: Evasion items are banned\n|rule|Evasion Moves Clause: Evasion moves are banned\n|rule|Species Clause: Limit one of each Pok\u00e9mon\n|rule|Sleep Clause Mod: Limit one foe put to sleep\n|clearpoke\n|poke|p1|Garganacl, M|\n|poke|p1|Ceruledge, M|\n|poke|p1|Klefki, F|\n|poke|p1|Electrode-Hisui|\n|poke|p1|Chansey, F|\n|poke|p1|Murkrow, M|\n|poke|p2|Moltres|\n|poke|p2|Tornadus-Therian, M|\n|poke|p2|Klefki, F|\n|poke|p2|Eelektross, M|\n|poke|p2|Lycanroc-Midnight, M|\n|poke|p2|Toedscool, F|\n|teampreview\n|\n|t:|1699676381\n|start\n|switch|p1a: Jingle Jingle|Klefki, F|100\/100\n|switch|p2a: what dat mouth do|Eelektross, M|100\/100\n|turn|1\n|\n|t:|1699676398\n|move|p1a: Jingle Jingle|Reflect|p1a: Jingle Jingle\n|-sidestart|p1: HeirEhm|Reflect\n|move|p2a: what dat mouth do|Close Combat|p1a: Jingle Jingle\n|-damage|p1a: Jingle Jingle|75\/100\n|-unboost|p2a: what dat mouth do|def|1\n|-unboost|p2a: what dat mouth do|spd|1\n|\n|upkeep\n|turn|2\n|\n|t:|1699676425\n|switch|p2a: flame-ingo|Moltres, shiny|100\/100\n|move|p1a: Jingle Jingle|Foul Play|p2a: flame-ingo\n|-damage|p2a: flame-ingo|83\/100\n|\n|upkeep\n|turn|3\n|\n|t:|1699676435\n|move|p1a: Jingle Jingle|Light Screen|p1a: Jingle Jingle\n|-sidestart|p1: HeirEhm|move: Light Screen\n|move|p2a: flame-ingo|Scorching Sands|p1a: Jingle Jingle\n|-supereffective|p1a: Jingle Jingle\n|-crit|p1a: Jingle Jingle\n|-damage|p1a: Jingle Jingle|2\/100\n|\n|upkeep\n|turn|4\n|\n|t:|1699676451\n|move|p2a: flame-ingo|Scorching Sands|p1a: Jingle Jingle\n|-supereffective|p1a: Jingle Jingle\n|-damage|p1a: Jingle Jingle|0 fnt\n|faint|p1a: Jingle Jingle\n|\n|upkeep\n|\n|t:|1699676464\n|switch|p1a: Wambulance|Chansey, F|100\/100\n|turn|5\n|\n|t:|1699676471\n|move|p2a: flame-ingo|Scorching Sands|p1a: Wambulance\n|-damage|p1a: Wambulance|96\/100\n|move|p1a: Wambulance|Water Pulse|p2a: flame-ingo\n|-supereffective|p2a: flame-ingo\n|-damage|p2a: flame-ingo|68\/100\n|\n|upkeep\n|turn|6\n|\n|t:|1699676479\n|move|p2a: flame-ingo|Roost|p2a: flame-ingo\n|-heal|p2a: flame-ingo|100\/100\n|-singleturn|p2a: flame-ingo|move: Roost\n|move|p1a: Wambulance|Water Pulse|p2a: flame-ingo\n|-supereffective|p2a: flame-ingo\n|-crit|p2a: flame-ingo\n|-damage|p2a: flame-ingo|79\/100\n|\n|upkeep\n|turn|7\n|\n|t:|1699676502\n|switch|p2a: what dat mouth do|Eelektross, M|100\/100\n|move|p1a: Wambulance|Water Pulse|p2a: what dat mouth do\n|-crit|p2a: what dat mouth do\n|-damage|p2a: what dat mouth do|83\/100\n|-start|p2a: what dat mouth do|confusion\n|\n|upkeep\n|turn|8\n|\n|t:|1699676517\n|-activate|p2a: what dat mouth do|confusion\n|-damage|p2a: what dat mouth do|67\/100|[from] confusion\n|move|p1a: Wambulance|Tri Attack|p2a: what dat mouth do\n|-damage|p2a: what dat mouth do|47\/100\n|-status|p2a: what dat mouth do|brn\n|\n|-damage|p2a: what dat mouth do|41\/100 brn|[from] brn\n|-sideend|p1: HeirEhm|Reflect\n|upkeep\n|turn|9\n|\n|t:|1699676537\n|-end|p2a: what dat mouth do|confusion\n|move|p2a: what dat mouth do|Close Combat|p1a: Wambulance\n|-supereffective|p1a: Wambulance\n|-damage|p1a: Wambulance|24\/100\n|-unboost|p2a: what dat mouth do|def|1\n|-unboost|p2a: what dat mouth do|spd|1\n|move|p1a: Wambulance|Water Pulse|p2a: what dat mouth do\n|-damage|p2a: what dat mouth do|26\/100 brn\n|-start|p2a: what dat mouth do|confusion\n|\n|-damage|p2a: what dat mouth do|19\/100 brn|[from] brn\n|upkeep\n|turn|10\n|\n|t:|1699676550\n|move|p1a: Wambulance|Soft-Boiled|p1a: Wambulance\n|-heal|p1a: Wambulance|74\/100\n|-activate|p2a: what dat mouth do|confusion\n|move|p2a: what dat mouth do|Close Combat|p1a: Wambulance\n|-supereffective|p1a: Wambulance\n|-damage|p1a: Wambulance|11\/100\n|-unboost|p2a: what dat mouth do|def|1\n|-unboost|p2a: what dat mouth do|spd|1\n|\n|-damage|p2a: what dat mouth do|13\/100 brn|[from] brn\n|-sideend|p1: HeirEhm|move: Light Screen\n|upkeep\n|turn|11\n|\n|t:|1699676562\n|move|p1a: Wambulance|Tri Attack|p2a: what dat mouth do\n|-crit|p2a: what dat mouth do\n|-damage|p2a: what dat mouth do|0 fnt\n|faint|p2a: what dat mouth do\n|\n|upkeep\n|\n|t:|1699676578\n|switch|p2a: Klefki|Klefki, F|100\/100\n|turn|12\n|\n|t:|1699676586\n|move|p2a: Klefki|Light Screen|p2a: Klefki\n|-sidestart|p2: PapaPena|move: Light Screen\n|move|p1a: Wambulance|Soft-Boiled|p1a: Wambulance\n|-heal|p1a: Wambulance|61\/100\n|\n|upkeep\n|turn|13\n|\n|t:|1699676590\n|move|p2a: Klefki|Reflect|p2a: Klefki\n|-sidestart|p2: PapaPena|Reflect\n|move|p1a: Wambulance|Soft-Boiled|p1a: Wambulance\n|-heal|p1a: Wambulance|100\/100\n|\n|upkeep\n|turn|14\n|\n|t:|1699676596\n|move|p2a: Klefki|Spikes|p1a: Wambulance\n|-sidestart|p1: HeirEhm|Spikes\n|move|p1a: Wambulance|Tri Attack|p2a: Klefki\n|-resisted|p2a: Klefki\n|-damage|p2a: Klefki|94\/100\n|-status|p2a: Klefki|par\n|\n|upkeep\n|turn|15\n|\n|t:|1699676605\n|switch|p2a: Lycanroc|Lycanroc-Midnight, M|100\/100\n|move|p1a: Wambulance|Water Pulse|p2a: Lycanroc\n|-supereffective|p2a: Lycanroc\n|-damage|p2a: Lycanroc|87\/100\n|-start|p2a: Lycanroc|confusion\n|\n|upkeep\n|turn|16\n|\n|t:|1699676627\n|-activate|p2a: Lycanroc|confusion\n|move|p2a: Lycanroc|Brick Break|p1a: Wambulance\n|-supereffective|p1a: Wambulance\n|-damage|p1a: Wambulance|41\/100\n|move|p1a: Wambulance|Tri Attack|p2a: Lycanroc\n|-resisted|p2a: Lycanroc\n|-damage|p2a: Lycanroc|80\/100\n|-status|p2a: Lycanroc|frz\n|\n|upkeep\n|turn|17\n|\n|t:|1699676641\n|cant|p2a: Lycanroc|frz\n|move|p1a: Wambulance|Soft-Boiled|p1a: Wambulance\n|-heal|p1a: Wambulance|91\/100\n|\n|upkeep\n|turn|18\n|\n|t:|1699676650\n|-curestatus|p2a: Lycanroc|frz|[msg]\n|-end|p2a: Lycanroc|confusion\n|move|p2a: Lycanroc|Brick Break|p1a: Wambulance\n|-supereffective|p1a: Wambulance\n|-damage|p1a: Wambulance|26\/100\n|move|p1a: Wambulance|Thunderbolt|p2a: Lycanroc\n|-damage|p2a: Lycanroc|70\/100\n|\n|upkeep\n|turn|19\n|\n|t:|1699676662\n|move|p2a: Lycanroc|Brick Break|p1a: Wambulance\n|-supereffective|p1a: Wambulance\n|-damage|p1a: Wambulance|0 fnt\n|faint|p1a: Wambulance\n|\n|-sideend|p2: PapaPena|move: Light Screen\n|upkeep\n|\n|t:|1699676673\n|switch|p1a: Beyblade beyblade|Electrode-Hisui|100\/100\n|-damage|p1a: Beyblade beyblade|88\/100|[from] Spikes\n|turn|20\n|\n|t:|1699676687\n|move|p1a: Beyblade beyblade|Energy Ball|p2a: Lycanroc\n|-supereffective|p2a: Lycanroc\n|-damage|p2a: Lycanroc|0 fnt\n|faint|p2a: Lycanroc\n|-damage|p1a: Beyblade beyblade|78\/100|[from] item: Life Orb\n|\n|-sideend|p2: PapaPena|Reflect\n|upkeep\n|\n|t:|1699676706\n|switch|p2a: Klefki|Klefki, F|94\/100 par\n|turn|21\n|\n|t:|1699676716\n|move|p2a: Klefki|Reflect|p2a: Klefki\n|-sidestart|p2: PapaPena|Reflect\n|move|p1a: Beyblade beyblade|Volt Switch|p2a: Klefki\n|-damage|p2a: Klefki|54\/100 par\n|-damage|p1a: Beyblade beyblade|68\/100|[from] item: Life Orb\n|\n|t:|1699676720\n|switch|p1a: Rowkrum|Murkrow, M|100\/100|[from] Volt Switch\n|\n|upkeep\n|turn|22\n|\n|t:|1699676730\n|move|p1a: Rowkrum|Defog|p2a: Klefki\n|-unboost|p2a: Klefki|evasion|1\n|-sideend|p2: PapaPena|Reflect\n|-sideend|p1: HeirEhm|Spikes|[from] move: Defog|[of] p1a: Rowkrum\n|move|p2a: Klefki|Light Screen|p2a: Klefki\n|-sidestart|p2: PapaPena|move: Light Screen\n|\n|upkeep\n|turn|23\n|\n|t:|1699676742\n|move|p1a: Rowkrum|Air Slash|p2a: Klefki\n|-resisted|p2a: Klefki\n|-damage|p2a: Klefki|44\/100 par\n|move|p2a: Klefki|Draining Kiss|p1a: Rowkrum\n|-supereffective|p1a: Rowkrum\n|-damage|p1a: Rowkrum|66\/100\n|-heal|p2a: Klefki|66\/100 par|[from] drain|[of] p1a: Rowkrum\n|\n|upkeep\n|turn|24\n|\n|t:|1699676752\n|switch|p1a: SWORDSFORHANDS|Ceruledge, M|100\/100\n|move|p2a: Klefki|Draining Kiss|p1a: SWORDSFORHANDS\n|-resisted|p1a: SWORDSFORHANDS\n|-damage|p1a: SWORDSFORHANDS|92\/100\n|-heal|p2a: Klefki|72\/100 par|[from] drain|[of] p1a: SWORDSFORHANDS\n|\n|upkeep\n|turn|25\n|\n|t:|1699676763\n|cant|p2a: Klefki|par\n|move|p1a: SWORDSFORHANDS|Bulk Up|p1a: SWORDSFORHANDS\n|-boost|p1a: SWORDSFORHANDS|atk|1\n|-boost|p1a: SWORDSFORHANDS|def|1\n|\n|upkeep\n|turn|26\n|\n|t:|1699676790\n|switch|p2a: Tornadus|Tornadus-Therian, M|100\/100\n|move|p1a: SWORDSFORHANDS|Bulk Up|p1a: SWORDSFORHANDS\n|-boost|p1a: SWORDSFORHANDS|atk|1\n|-boost|p1a: SWORDSFORHANDS|def|1\n|\n|upkeep\n|turn|27\n|\n|t:|1699676803\n|-terastallize|p1a: SWORDSFORHANDS|Water\n|move|p2a: Tornadus|Dark Pulse|p1a: SWORDSFORHANDS\n|-damage|p1a: SWORDSFORHANDS|61\/100\n|move|p1a: SWORDSFORHANDS|Bitter Blade|p2a: Tornadus\n|-damage|p2a: Tornadus|0 fnt\n|-heal|p1a: SWORDSFORHANDS|100\/100|[from] drain|[of] p2a: Tornadus\n|faint|p2a: Tornadus\n|\n|upkeep\n|\n|t:|1699676822\n|switch|p2a: flame-ingo|Moltres, shiny|79\/100\n|turn|28\n|\n|t:|1699676829\n|move|p1a: SWORDSFORHANDS|Bitter Blade|p2a: flame-ingo\n|-resisted|p2a: flame-ingo\n|-damage|p2a: flame-ingo|36\/100\n|-status|p1a: SWORDSFORHANDS|brn|[from] ability: Flame Body|[of] p2a: flame-ingo\n|move|p2a: flame-ingo|Scorching Sands|p1a: SWORDSFORHANDS\n|-damage|p1a: SWORDSFORHANDS|79\/100 brn\n|\n|-damage|p1a: SWORDSFORHANDS|72\/100 brn|[from] brn\n|upkeep\n|turn|29\n|\n|t:|1699676839\n|move|p1a: SWORDSFORHANDS|Bitter Blade|p2a: flame-ingo\n|-resisted|p2a: flame-ingo\n|-damage|p2a: flame-ingo|14\/100\n|-heal|p1a: SWORDSFORHANDS|87\/100 brn|[from] drain|[of] p2a: flame-ingo\n|move|p2a: flame-ingo|Roost|p2a: flame-ingo\n|-heal|p2a: flame-ingo|64\/100\n|-singleturn|p2a: flame-ingo|move: Roost\n|\n|-damage|p1a: SWORDSFORHANDS|81\/100 brn|[from] brn\n|-sideend|p2: PapaPena|move: Light Screen\n|upkeep\n|turn|30\n|\n|t:|1699676852\n|move|p1a: SWORDSFORHANDS|Bulk Up|p1a: SWORDSFORHANDS\n|-boost|p1a: SWORDSFORHANDS|atk|1\n|-boost|p1a: SWORDSFORHANDS|def|1\n|move|p2a: flame-ingo|Roost|p2a: flame-ingo\n|-heal|p2a: flame-ingo|100\/100\n|-singleturn|p2a: flame-ingo|move: Roost\n|\n|-damage|p1a: SWORDSFORHANDS|74\/100 brn|[from] brn\n|upkeep\n|turn|31\n|\n|t:|1699676864\n|switch|p2a: Klefki|Klefki, F|72\/100 par\n|move|p1a: SWORDSFORHANDS|Bitter Blade|p2a: Klefki\n|-supereffective|p2a: Klefki\n|-damage|p2a: Klefki|0 fnt\n|-heal|p1a: SWORDSFORHANDS|100\/100 brn|[from] drain|[of] p2a: Klefki\n|faint|p2a: Klefki\n|\n|-damage|p1a: SWORDSFORHANDS|94\/100 brn|[from] brn\n|upkeep\n|\n|t:|1699676876\n|switch|p2a: squeeward|Toedscool, F|100\/100\n|turn|32\n|\n|t:|1699676884\n|-terastallize|p2a: squeeward|Ground\n|move|p1a: SWORDSFORHANDS|Bitter Blade|p2a: squeeward\n|-damage|p2a: squeeward|0 fnt\n|-heal|p1a: SWORDSFORHANDS|100\/100 brn|[from] drain|[of] p2a: squeeward\n|faint|p2a: squeeward\n|\n|-damage|p1a: SWORDSFORHANDS|94\/100 brn|[from] brn\n|upkeep\n|\n|t:|1699676891\n|switch|p2a: flame-ingo|Moltres, shiny|100\/100\n|turn|33\n|\n|t:|1699676895\n|move|p1a: SWORDSFORHANDS|Bitter Blade|p2a: flame-ingo\n|-resisted|p2a: flame-ingo\n|-damage|p2a: flame-ingo|75\/100\n|-heal|p1a: SWORDSFORHANDS|100\/100 brn|[from] drain|[of] p2a: flame-ingo\n|move|p2a: flame-ingo|Air Slash|p1a: SWORDSFORHANDS\n|-damage|p1a: SWORDSFORHANDS|65\/100 brn\n|\n|-damage|p1a: SWORDSFORHANDS|59\/100 brn|[from] brn\n|upkeep\n|turn|34\n|\n|t:|1699676905\n|move|p1a: SWORDSFORHANDS|Bitter Blade|p2a: flame-ingo\n|-resisted|p2a: flame-ingo\n|-damage|p2a: flame-ingo|47\/100\n|-heal|p1a: SWORDSFORHANDS|77\/100 brn|[from] drain|[of] p2a: flame-ingo\n|move|p2a: flame-ingo|Air Slash|p1a: SWORDSFORHANDS\n|-damage|p1a: SWORDSFORHANDS|42\/100 brn\n|\n|-damage|p1a: SWORDSFORHANDS|36\/100 brn|[from] brn\n|upkeep\n|turn|35\n|\n|t:|1699676913\n|move|p1a: SWORDSFORHANDS|Bitter Blade|p2a: flame-ingo\n|-resisted|p2a: flame-ingo\n|-damage|p2a: flame-ingo|19\/100\n|-heal|p1a: SWORDSFORHANDS|54\/100 brn|[from] drain|[of] p2a: flame-ingo\n|move|p2a: flame-ingo|Roost|p2a: flame-ingo\n|-heal|p2a: flame-ingo|69\/100\n|-singleturn|p2a: flame-ingo|move: Roost\n|\n|-damage|p1a: SWORDSFORHANDS|48\/100 brn|[from] brn\n|upkeep\n|turn|36\n|\n|t:|1699676922\n|move|p1a: SWORDSFORHANDS|Bitter Blade|p2a: flame-ingo\n|-resisted|p2a: flame-ingo\n|-damage|p2a: flame-ingo|39\/100\n|-heal|p1a: SWORDSFORHANDS|68\/100 brn|[from] drain|[of] p2a: flame-ingo\n|move|p2a: flame-ingo|Air Slash|p1a: SWORDSFORHANDS\n|-damage|p1a: SWORDSFORHANDS|30\/100 brn\n|\n|-damage|p1a: SWORDSFORHANDS|24\/100 brn|[from] brn\n|upkeep\n|turn|37\n|\n|t:|1699676937\n|move|p1a: SWORDSFORHANDS|Bitter Blade|p2a: flame-ingo\n|-resisted|p2a: flame-ingo\n|-damage|p2a: flame-ingo|10\/100\n|-heal|p1a: SWORDSFORHANDS|43\/100 brn|[from] drain|[of] p2a: flame-ingo\n|move|p2a: flame-ingo|Roost|p2a: flame-ingo\n|-heal|p2a: flame-ingo|60\/100\n|-singleturn|p2a: flame-ingo|move: Roost\n|\n|-damage|p1a: SWORDSFORHANDS|37\/100 brn|[from] brn\n|upkeep\n|turn|38\n|\n|t:|1699676946\n|move|p1a: SWORDSFORHANDS|Bitter Blade|p2a: flame-ingo\n|-resisted|p2a: flame-ingo\n|-damage|p2a: flame-ingo|33\/100\n|-heal|p1a: SWORDSFORHANDS|55\/100 brn|[from] drain|[of] p2a: flame-ingo\n|move|p2a: flame-ingo|Air Slash|p1a: SWORDSFORHANDS\n|-damage|p1a: SWORDSFORHANDS|20\/100 brn\n|\n|-damage|p1a: SWORDSFORHANDS|14\/100 brn|[from] brn\n|upkeep\n|turn|39\n|\n|t:|1699676958\n|move|p1a: SWORDSFORHANDS|Bitter Blade|p2a: flame-ingo\n|-resisted|p2a: flame-ingo\n|-damage|p2a: flame-ingo|5\/100\n|-heal|p1a: SWORDSFORHANDS|32\/100 brn|[from] drain|[of] p2a: flame-ingo\n|move|p2a: flame-ingo|Roost|p2a: flame-ingo\n|-heal|p2a: flame-ingo|56\/100\n|-singleturn|p2a: flame-ingo|move: Roost\n|\n|-damage|p1a: SWORDSFORHANDS|26\/100 brn|[from] brn\n|upkeep\n|turn|40\n|\n|t:|1699676969\n|move|p1a: SWORDSFORHANDS|Bitter Blade|p2a: flame-ingo\n|-resisted|p2a: flame-ingo\n|-damage|p2a: flame-ingo|29\/100\n|-heal|p1a: SWORDSFORHANDS|43\/100 brn|[from] drain|[of] p2a: flame-ingo\n|move|p2a: flame-ingo|Air Slash|p1a: SWORDSFORHANDS\n|-damage|p1a: SWORDSFORHANDS|5\/100 brn\n|\n|-damage|p1a: SWORDSFORHANDS|0 fnt|[from] brn\n|faint|p1a: SWORDSFORHANDS\n|upkeep\n|\n|t:|1699676975\n|switch|p1a: Beyblade beyblade|Electrode-Hisui|68\/100\n|turn|41\n|\n|t:|1699676982\n|move|p1a: Beyblade beyblade|Thunderbolt|p2a: flame-ingo\n|-supereffective|p2a: flame-ingo\n|-damage|p2a: flame-ingo|0 fnt\n|faint|p2a: flame-ingo\n|-damage|p1a: Beyblade beyblade|58\/100|[from] item: Life Orb\n|\n|win|HeirEhm\n","uploadtime":1699676986,"views":4,"p1id":"heirehm","p2id":"papapena","formatid":"gen9nationaldex","rating":0,"private":0,"password":""}