{"id":"gen9nationaldex-1991295344","p1":"Kes.Pur","p2":"st3god","format":"[Gen 9] National Dex","log":"|j|\u2606Kes.Pur\n|j|\u2606st3god\n|t:|1700065152\n|gametype|singles\n|player|p1|Kes.Pur|psychic-gen4|1068\n|player|p2|st3god|170|1107\n|teamsize|p1|6\n|teamsize|p2|6\n|gen|9\n|tier|[Gen 9] National Dex\n|rated|\n|rule|HP Percentage Mod: HP is shown in percentages\n|rule|Endless Battle Clause: Forcing endless battles is banned\n|rule|OHKO Clause: OHKO moves are banned\n|rule|Evasion Clause: Evasion abilities, items, and moves are banned\n|rule|Evasion Abilities Clause: Evasion abilities are banned\n|rule|Evasion Items Clause: Evasion items are banned\n|rule|Evasion Moves Clause: Evasion moves are banned\n|rule|Species Clause: Limit one of each Pok\u00e9mon\n|rule|Sleep Clause Mod: Limit one foe put to sleep\n|clearpoke\n|poke|p1|Wigglytuff, F|\n|poke|p1|Dondozo, F|\n|poke|p1|Lopunny, M|\n|poke|p1|Toxtricity, M|\n|poke|p1|Dragonite, M|\n|poke|p1|Glimmora, F|\n|poke|p2|Kartana|\n|poke|p2|Greninja-*, M|\n|poke|p2|Heatran, M|\n|poke|p2|Landorus-Therian, M|\n|poke|p2|Toxapex, M|\n|poke|p2|Latios, M|\n|teampreview\n|\n|t:|1700065170\n|start\n|switch|p1a: Springroll|Wigglytuff, F|100\/100\n|switch|p2a: Landorus|Landorus-Therian, M, shiny|100\/100\n|-ability|p2a: Landorus|Intimidate|boost\n|-unboost|p1a: Springroll|atk|1\n|-ability|p1a: Springroll|Competitive|boost\n|-boost|p1a: Springroll|spa|2\n|turn|1\n|\n|t:|1700065190\n|move|p2a: Landorus|Earth Power|p1a: Springroll\n|-damage|p1a: Springroll|72\/100\n|-unboost|p1a: Springroll|spd|1\n|-ability|p1a: Springroll|Competitive|boost\n|-boost|p1a: Springroll|spa|2\n|move|p1a: Springroll|Stealth Rock|p2a: Landorus\n|-sidestart|p2: st3god|move: Stealth Rock\n|\n|upkeep\n|turn|2\n|\n|t:|1700065213\n|switch|p2a: Toxapex|Toxapex, M, shiny|100\/100\n|-damage|p2a: Toxapex|88\/100|[from] Stealth Rock\n|move|p1a: Springroll|Dazzling Gleam|p2a: Toxapex\n|-resisted|p2a: Toxapex\n|-damage|p2a: Toxapex|57\/100\n|\n|-heal|p2a: Toxapex|64\/100|[from] item: Black Sludge\n|upkeep\n|turn|3\n|\n|t:|1700065233\n|-terastallize|p1a: Springroll|Normal\n|move|p1a: Springroll|Thunder Wave|p2a: Toxapex\n|-status|p2a: Toxapex|par\n|move|p2a: Toxapex|Haze|p2a: Toxapex\n|-clearallboost\n|\n|-heal|p2a: Toxapex|70\/100 par|[from] item: Black Sludge\n|upkeep\n|turn|4\n|\n|t:|1700065242\n|move|p1a: Springroll|Hyper Voice|p2a: Toxapex\n|-damage|p2a: Toxapex|47\/100 par\n|move|p2a: Toxapex|Toxic|p1a: Springroll\n|-status|p1a: Springroll|tox\n|\n|-heal|p2a: Toxapex|53\/100 par|[from] item: Black Sludge\n|-damage|p1a: Springroll|66\/100 tox|[from] psn\n|upkeep\n|turn|5\n|\n|t:|1700065269\n|switch|p1a: Toxtricity|Toxtricity, M|100\/100\n|-item|p1a: Toxtricity|Air Balloon\n|move|p2a: Toxapex|Scald|p1a: Toxtricity\n|-damage|p1a: Toxtricity|82\/100\n|-enditem|p1a: Toxtricity|Air Balloon\n|\n|-heal|p2a: Toxapex|59\/100 par|[from] item: Black Sludge\n|upkeep\n|turn|6\n|\n|t:|1700065306\n|switch|p2a: Heatran|Heatran, M, shiny|100\/100\n|-damage|p2a: Heatran|88\/100|[from] Stealth Rock\n|move|p1a: Toxtricity|Volt Switch|p2a: Heatran\n|-damage|p2a: Heatran|61\/100\n|inactive|Battle timer is ON: inactive players will automatically lose when time's up. (requested by st3god)\n|\n|t:|1700065321\n|switch|p1a: \ud83d\udde1\ud83d\udc1f|Dondozo, F|100\/100|[from] Volt Switch\n|\n|-heal|p2a: Heatran|67\/100|[from] item: Leftovers\n|upkeep\n|turn|7\n|\n|t:|1700065326\n|switch|p2a: Kartana|Kartana, shiny|100\/100\n|-damage|p2a: Kartana|94\/100|[from] Stealth Rock\n|move|p1a: \ud83d\udde1\ud83d\udc1f|Curse|p1a: \ud83d\udde1\ud83d\udc1f\n|-unboost|p1a: \ud83d\udde1\ud83d\udc1f|spe|1\n|-boost|p1a: \ud83d\udde1\ud83d\udc1f|atk|1\n|-boost|p1a: \ud83d\udde1\ud83d\udc1f|def|1\n|\n|upkeep\n|turn|8\n|\n|t:|1700065337\n|move|p2a: Kartana|Leaf Blade|p1a: \ud83d\udde1\ud83d\udc1f\n|-supereffective|p1a: \ud83d\udde1\ud83d\udc1f\n|-damage|p1a: \ud83d\udde1\ud83d\udc1f|62\/100\n|-enditem|p1a: \ud83d\udde1\ud83d\udc1f|Weakness Policy\n|-boost|p1a: \ud83d\udde1\ud83d\udc1f|atk|2|[from] item: Weakness Policy\n|-boost|p1a: \ud83d\udde1\ud83d\udc1f|spa|2|[from] item: Weakness Policy\n|move|p1a: \ud83d\udde1\ud83d\udc1f|Liquidation|p2a: Kartana\n|-resisted|p2a: Kartana\n|-damage|p2a: Kartana|59\/100\n|\n|upkeep\n|turn|9\n|\n|t:|1700065362\n|switch|p1a: Glimmora|Glimmora, F|100\/100\n|-item|p1a: Glimmora|Air Balloon\n|-zpower|p2a: Kartana\n|move|p2a: Kartana|Breakneck Blitz|p1a: Glimmora|[zeffect]\n|-resisted|p1a: Glimmora\n|-damage|p1a: Glimmora|50\/100\n|-enditem|p1a: Glimmora|Air Balloon\n|\n|upkeep\n|turn|10\n|inactive|st3god has 120 seconds left.\n|\n|t:|1700065410\n|move|p1a: Glimmora|Spiky Shield|p1a: Glimmora\n|-singleturn|p1a: Glimmora|move: Protect\n|move|p2a: Kartana|Leaf Blade|p1a: Glimmora\n|-activate|p1a: Glimmora|move: Protect\n|-damage|p2a: Kartana|46\/100|[from] Spiky Shield|[of] p1a: Glimmora\n|\n|upkeep\n|turn|11\n|\n|t:|1700065425\n|move|p2a: Kartana|Leaf Blade|p1a: Glimmora\n|-damage|p1a: Glimmora|0 fnt\n|faint|p1a: Glimmora\n|-ability|p2a: Kartana|Beast Boost|boost\n|-boost|p2a: Kartana|atk|1\n|\n|upkeep\n|\n|t:|1700065436\n|switch|p1a: Stacy|Lopunny, M|100\/100\n|turn|12\n|\n|t:|1700065441\n|detailschange|p1a: Stacy|Lopunny-Mega, M\n|-mega|p1a: Stacy|Lopunny|Lopunnite\n|move|p1a: Stacy|Fake Out|p2a: Kartana\n|-resisted|p2a: Kartana\n|-damage|p2a: Kartana|35\/100\n|cant|p2a: Kartana|flinch\n|\n|upkeep\n|turn|13\n|\n|t:|1700065449\n|move|p1a: Stacy|Close Combat|p2a: Kartana\n|-supereffective|p2a: Kartana\n|-damage|p2a: Kartana|0 fnt\n|-unboost|p1a: Stacy|def|1\n|-unboost|p1a: Stacy|spd|1\n|faint|p2a: Kartana\n|\n|upkeep\n|inactive|st3god has 120 seconds left.\n|\n|t:|1700065472\n|switch|p2a: Latios|Latios, M, shiny|100\/100\n|-damage|p2a: Latios|88\/100|[from] Stealth Rock\n|turn|14\n|\n|t:|1700065495\n|move|p1a: Stacy|U-turn|p2a: Latios\n|-supereffective|p2a: Latios\n|-damage|p2a: Latios|24\/100\n|\n|t:|1700065510\n|switch|p1a: Springroll|Wigglytuff, F, tera:Normal|66\/100 tox|[from] U-turn\n|move|p2a: Latios|Psychic|p1a: Springroll\n|-damage|p1a: Springroll|29\/100 tox\n|\n|-damage|p1a: Springroll|23\/100 tox|[from] psn\n|upkeep\n|turn|15\n|\n|t:|1700065521\n|move|p2a: Latios|Psychic|p1a: Springroll\n|-damage|p1a: Springroll|0 fnt\n|faint|p1a: Springroll\n|\n|upkeep\n|\n|t:|1700065530\n|switch|p1a: Stacy|Lopunny-Mega, M|100\/100\n|turn|16\n|\n|t:|1700065538\n|move|p1a: Stacy|U-turn|p2a: Latios\n|-supereffective|p2a: Latios\n|-damage|p2a: Latios|0 fnt\n|faint|p2a: Latios\n|\n|t:|1700065544\n|switch|p1a: \ud83d\udde1\ud83d\udc1f|Dondozo, F|62\/100|[from] U-turn\n|\n|upkeep\n|\n|t:|1700065569\n|switch|p2a: Greninja|Greninja, M|100\/100\n|-damage|p2a: Greninja|88\/100|[from] Stealth Rock\n|turn|17\n|\n|t:|1700065575\n|-terastallize|p2a: Greninja|Water\n|move|p2a: Greninja|Dark Pulse|p1a: \ud83d\udde1\ud83d\udc1f\n|-damage|p1a: \ud83d\udde1\ud83d\udc1f|8\/100\n|move|p1a: \ud83d\udde1\ud83d\udc1f|Rest|p1a: \ud83d\udde1\ud83d\udc1f\n|-status|p1a: \ud83d\udde1\ud83d\udc1f|slp|[from] move: Rest\n|-heal|p1a: \ud83d\udde1\ud83d\udc1f|100\/100 slp|[silent]\n|\n|upkeep\n|turn|18\n|\n|t:|1700065589\n|move|p2a: Greninja|Dark Pulse|p1a: \ud83d\udde1\ud83d\udc1f\n|-damage|p1a: \ud83d\udde1\ud83d\udc1f|49\/100 slp\n|cant|p1a: \ud83d\udde1\ud83d\udc1f|slp\n|cant|p1a: \ud83d\udde1\ud83d\udc1f|flinch\n|\n|upkeep\n|turn|19\n|\n|t:|1700065604\n|switch|p1a: Stacy|Lopunny-Mega, M|100\/100\n|move|p2a: Greninja|Dark Pulse|p1a: Stacy\n|-resisted|p1a: Stacy\n|-damage|p1a: Stacy|68\/100\n|\n|upkeep\n|turn|20\n|\n|t:|1700065628\n|switch|p2a: Toxapex|Toxapex, M, shiny|93\/100 par\n|-damage|p2a: Toxapex|80\/100 par|[from] Stealth Rock\n|move|p1a: Stacy|Fake Out|p2a: Toxapex\n|-damage|p2a: Toxapex|63\/100 par\n|\n|-heal|p2a: Toxapex|70\/100 par|[from] item: Black Sludge\n|upkeep\n|turn|21\n|\n|t:|1700065646\n|move|p1a: Stacy|U-turn|p2a: Toxapex\n|-resisted|p2a: Toxapex\n|-crit|p2a: Toxapex\n|-damage|p2a: Toxapex|55\/100 par\n|\n|t:|1700065650\n|switch|p1a: Toxtricity|Toxtricity, M|82\/100|[from] U-turn\n|move|p2a: Toxapex|Toxic|p1a: Toxtricity\n|-immune|p1a: Toxtricity\n|\n|-heal|p2a: Toxapex|61\/100 par|[from] item: Black Sludge\n|upkeep\n|turn|22\n|\n|t:|1700065674\n|switch|p2a: Greninja|Greninja, M, tera:Water|88\/100\n|-damage|p2a: Greninja|76\/100|[from] Stealth Rock\n|move|p1a: Toxtricity|Boomburst|p2a: Greninja\n|-damage|p2a: Greninja|0 fnt\n|faint|p2a: Greninja\n|\n|upkeep\n|inactive|st3god has 120 seconds left.\n|\n|t:|1700065705\n|switch|p2a: Landorus|Landorus-Therian, M, shiny|100\/100\n|-damage|p2a: Landorus|88\/100|[from] Stealth Rock\n|-ability|p2a: Landorus|Intimidate|boost\n|-unboost|p1a: Toxtricity|atk|1\n|turn|23\n|\n|t:|1700065711\n|switch|p1a: \ud83d\udc32\ud83e\udebd|Dragonite, M|100\/100\n|move|p2a: Landorus|Earth Power|p1a: \ud83d\udc32\ud83e\udebd\n|-immune|p1a: \ud83d\udc32\ud83e\udebd\n|\n|-heal|p2a: Landorus|94\/100|[from] item: Leftovers\n|upkeep\n|turn|24\n|\n|t:|1700065719\n|move|p1a: \ud83d\udc32\ud83e\udebd|Dragon Dance|p1a: \ud83d\udc32\ud83e\udebd\n|-boost|p1a: \ud83d\udc32\ud83e\udebd|atk|1\n|-boost|p1a: \ud83d\udc32\ud83e\udebd|spe|1\n|move|p2a: Landorus|Hidden Power|p1a: \ud83d\udc32\ud83e\udebd\n|-supereffective|p1a: \ud83d\udc32\ud83e\udebd\n|-damage|p1a: \ud83d\udc32\ud83e\udebd|64\/100\n|\n|-heal|p2a: Landorus|99\/100|[from] item: Leftovers\n|upkeep\n|turn|25\n|\n|t:|1700065730\n|move|p1a: \ud83d\udc32\ud83e\udebd|Extreme Speed|p2a: Landorus\n|-crit|p2a: Landorus\n|-damage|p2a: Landorus|22\/100\n|move|p2a: Landorus|Hidden Power|p1a: \ud83d\udc32\ud83e\udebd\n|-supereffective|p1a: \ud83d\udc32\ud83e\udebd\n|-damage|p1a: \ud83d\udc32\ud83e\udebd|0 fnt\n|faint|p1a: \ud83d\udc32\ud83e\udebd\n|\n|-heal|p2a: Landorus|28\/100|[from] item: Leftovers\n|upkeep\n|\n|t:|1700065738\n|switch|p1a: Stacy|Lopunny-Mega, M|68\/100\n|turn|26\n|\n|t:|1700065766\n|move|p1a: Stacy|Frustration|p2a: Landorus\n|-damage|p2a: Landorus|0 fnt\n|faint|p2a: Landorus\n|\n|upkeep\n|inactive|st3god has 120 seconds left.\n|\n|t:|1700065783\n|switch|p2a: Toxapex|Toxapex, M, shiny|95\/100 par\n|-damage|p2a: Toxapex|82\/100 par|[from] Stealth Rock\n|turn|27\n|\n|t:|1700065795\n|move|p1a: Stacy|U-turn|p2a: Toxapex\n|-resisted|p2a: Toxapex\n|-damage|p2a: Toxapex|73\/100 par\n|\n|t:|1700065798\n|switch|p1a: Toxtricity|Toxtricity, M|82\/100|[from] U-turn\n|move|p2a: Toxapex|Scald|p1a: Toxtricity\n|-damage|p1a: Toxtricity|63\/100\n|\n|-heal|p2a: Toxapex|79\/100 par|[from] item: Black Sludge\n|upkeep\n|turn|28\n|\n|t:|1700065805\n|switch|p2a: Heatran|Heatran, M, shiny|67\/100\n|-damage|p2a: Heatran|55\/100|[from] Stealth Rock\n|move|p1a: Toxtricity|Boomburst|p2a: Heatran\n|-resisted|p2a: Heatran\n|-damage|p2a: Heatran|30\/100\n|\n|-heal|p2a: Heatran|36\/100|[from] item: Leftovers\n|upkeep\n|turn|29\n|\n|t:|1700065815\n|move|p2a: Heatran|Earth Power|p1a: Toxtricity\n|-supereffective|p1a: Toxtricity\n|-damage|p1a: Toxtricity|0 fnt\n|faint|p1a: Toxtricity\n|\n|-heal|p2a: Heatran|43\/100|[from] item: Leftovers\n|upkeep\n|\n|t:|1700065818\n|switch|p1a: Stacy|Lopunny-Mega, M|68\/100\n|turn|30\n|\n|t:|1700065844\n|move|p1a: Stacy|Close Combat|p2a: Heatran\n|-supereffective|p2a: Heatran\n|-damage|p2a: Heatran|0 fnt\n|-unboost|p1a: Stacy|def|1\n|-unboost|p1a: Stacy|spd|1\n|faint|p2a: Heatran\n|\n|upkeep\n|\n|t:|1700065847\n|switch|p2a: Toxapex|Toxapex, M, shiny|100\/100 par\n|-damage|p2a: Toxapex|88\/100 par|[from] Stealth Rock\n|turn|31\n|\n|t:|1700065858\n|move|p1a: Stacy|U-turn|p2a: Toxapex\n|-resisted|p2a: Toxapex\n|-damage|p2a: Toxapex|79\/100 par\n|\n|t:|1700065861\n|switch|p1a: \ud83d\udde1\ud83d\udc1f|Dondozo, F|49\/100 slp|[from] U-turn\n|cant|p2a: Toxapex|par\n|\n|-heal|p2a: Toxapex|85\/100 par|[from] item: Black Sludge\n|upkeep\n|turn|32\n|\n|t:|1700065865\n|cant|p1a: \ud83d\udde1\ud83d\udc1f|slp\n|move|p1a: \ud83d\udde1\ud83d\udc1f|Sleep Talk|p1a: \ud83d\udde1\ud83d\udc1f\n|move|p1a: \ud83d\udde1\ud83d\udc1f|Liquidation|p2a: Toxapex|[from]move: Sleep Talk\n|-resisted|p2a: Toxapex\n|-damage|p2a: Toxapex|74\/100 par\n|-unboost|p2a: Toxapex|def|1\n|move|p2a: Toxapex|Scald|p1a: \ud83d\udde1\ud83d\udc1f\n|-resisted|p1a: \ud83d\udde1\ud83d\udc1f\n|-damage|p1a: \ud83d\udde1\ud83d\udc1f|42\/100 slp\n|\n|-heal|p2a: Toxapex|80\/100 par|[from] item: Black Sludge\n|upkeep\n|turn|33\n|\n|t:|1700065878\n|-curestatus|p1a: \ud83d\udde1\ud83d\udc1f|slp|[msg]\n|move|p1a: \ud83d\udde1\ud83d\udc1f|Rest|p1a: \ud83d\udde1\ud83d\udc1f\n|-status|p1a: \ud83d\udde1\ud83d\udc1f|slp|[from] move: Rest\n|-heal|p1a: \ud83d\udde1\ud83d\udc1f|100\/100 slp|[silent]\n|cant|p2a: Toxapex|par\n|\n|-heal|p2a: Toxapex|87\/100 par|[from] item: Black Sludge\n|upkeep\n|turn|34\n|\n|t:|1700065885\n|cant|p1a: \ud83d\udde1\ud83d\udc1f|slp\n|move|p1a: \ud83d\udde1\ud83d\udc1f|Sleep Talk|p1a: \ud83d\udde1\ud83d\udc1f\n|move|p1a: \ud83d\udde1\ud83d\udc1f|Liquidation|p2a: Toxapex|[from]move: Sleep Talk\n|-resisted|p2a: Toxapex\n|-damage|p2a: Toxapex|77\/100 par\n|move|p2a: Toxapex|Scald|p1a: \ud83d\udde1\ud83d\udc1f\n|-resisted|p1a: \ud83d\udde1\ud83d\udc1f\n|-damage|p1a: \ud83d\udde1\ud83d\udc1f|94\/100 slp\n|\n|-heal|p2a: Toxapex|83\/100 par|[from] item: Black Sludge\n|upkeep\n|turn|35\n|\n|t:|1700065899\n|cant|p1a: \ud83d\udde1\ud83d\udc1f|slp\n|move|p1a: \ud83d\udde1\ud83d\udc1f|Sleep Talk|p1a: \ud83d\udde1\ud83d\udc1f\n|move|p1a: \ud83d\udde1\ud83d\udc1f|Curse|p1a: \ud83d\udde1\ud83d\udc1f|[from]move: Sleep Talk\n|-unboost|p1a: \ud83d\udde1\ud83d\udc1f|spe|1\n|-boost|p1a: \ud83d\udde1\ud83d\udc1f|atk|1\n|-boost|p1a: \ud83d\udde1\ud83d\udc1f|def|1\n|move|p2a: Toxapex|Toxic||[still]\n|-fail|p2a: Toxapex\n|\n|-heal|p2a: Toxapex|89\/100 par|[from] item: Black Sludge\n|upkeep\n|turn|36\n|\n|t:|1700065913\n|-curestatus|p1a: \ud83d\udde1\ud83d\udc1f|slp|[msg]\n|move|p1a: \ud83d\udde1\ud83d\udc1f|Curse|p1a: \ud83d\udde1\ud83d\udc1f\n|-unboost|p1a: \ud83d\udde1\ud83d\udc1f|spe|1\n|-boost|p1a: \ud83d\udde1\ud83d\udc1f|atk|1\n|-boost|p1a: \ud83d\udde1\ud83d\udc1f|def|1\n|move|p2a: Toxapex|Haze|p2a: Toxapex\n|-clearallboost\n|\n|-heal|p2a: Toxapex|96\/100 par|[from] item: Black Sludge\n|upkeep\n|turn|37\n|\n|t:|1700065924\n|move|p1a: \ud83d\udde1\ud83d\udc1f|Curse|p1a: \ud83d\udde1\ud83d\udc1f\n|-unboost|p1a: \ud83d\udde1\ud83d\udc1f|spe|1\n|-boost|p1a: \ud83d\udde1\ud83d\udc1f|atk|1\n|-boost|p1a: \ud83d\udde1\ud83d\udc1f|def|1\n|cant|p2a: Toxapex|par\n|\n|-heal|p2a: Toxapex|100\/100 par|[from] item: Black Sludge\n|upkeep\n|turn|38\n|\n|t:|1700065930\n|move|p1a: \ud83d\udde1\ud83d\udc1f|Liquidation|p2a: Toxapex\n|-resisted|p2a: Toxapex\n|-crit|p2a: Toxapex\n|-damage|p2a: Toxapex|78\/100 par\n|cant|p2a: Toxapex|par\n|\n|-heal|p2a: Toxapex|84\/100 par|[from] item: Black Sludge\n|upkeep\n|turn|39\n|\n|t:|1700065936\n|move|p1a: \ud83d\udde1\ud83d\udc1f|Liquidation|p2a: Toxapex\n|-resisted|p2a: Toxapex\n|-damage|p2a: Toxapex|68\/100 par\n|move|p2a: Toxapex|Toxic|p1a: \ud83d\udde1\ud83d\udc1f\n|-status|p1a: \ud83d\udde1\ud83d\udc1f|tox\n|\n|-heal|p2a: Toxapex|74\/100 par|[from] item: Black Sludge\n|-damage|p1a: \ud83d\udde1\ud83d\udc1f|88\/100 tox|[from] psn\n|upkeep\n|turn|40\n|\n|t:|1700065942\n|move|p1a: \ud83d\udde1\ud83d\udc1f|Liquidation|p2a: Toxapex\n|-resisted|p2a: Toxapex\n|-damage|p2a: Toxapex|56\/100 par\n|-unboost|p2a: Toxapex|def|1\n|move|p2a: Toxapex|Haze|p2a: Toxapex\n|-clearallboost\n|\n|-heal|p2a: Toxapex|63\/100 par|[from] item: Black Sludge\n|-damage|p1a: \ud83d\udde1\ud83d\udc1f|75\/100 tox|[from] psn\n|upkeep\n|turn|41\n|\n|t:|1700065954\n|move|p1a: \ud83d\udde1\ud83d\udc1f|Liquidation|p2a: Toxapex\n|-resisted|p2a: Toxapex\n|-damage|p2a: Toxapex|51\/100 par\n|move|p2a: Toxapex|Scald|p1a: \ud83d\udde1\ud83d\udc1f\n|-resisted|p1a: \ud83d\udde1\ud83d\udc1f\n|-crit|p1a: \ud83d\udde1\ud83d\udc1f\n|-damage|p1a: \ud83d\udde1\ud83d\udc1f|65\/100 tox\n|\n|-heal|p2a: Toxapex|58\/100 par|[from] item: Black Sludge\n|-damage|p1a: \ud83d\udde1\ud83d\udc1f|46\/100 tox|[from] psn\n|upkeep\n|turn|42\n|\n|t:|1700065962\n|move|p1a: \ud83d\udde1\ud83d\udc1f|Rest|p1a: \ud83d\udde1\ud83d\udc1f\n|-status|p1a: \ud83d\udde1\ud83d\udc1f|slp|[from] move: Rest\n|-heal|p1a: \ud83d\udde1\ud83d\udc1f|100\/100 slp|[silent]\n|move|p2a: Toxapex|Scald|p1a: \ud83d\udde1\ud83d\udc1f\n|-resisted|p1a: \ud83d\udde1\ud83d\udc1f\n|-crit|p1a: \ud83d\udde1\ud83d\udc1f\n|-damage|p1a: \ud83d\udde1\ud83d\udc1f|89\/100 slp\n|\n|-heal|p2a: Toxapex|64\/100 par|[from] item: Black Sludge\n|upkeep\n|turn|43\n|\n|t:|1700065971\n|cant|p1a: \ud83d\udde1\ud83d\udc1f|slp\n|move|p1a: \ud83d\udde1\ud83d\udc1f|Sleep Talk|p1a: \ud83d\udde1\ud83d\udc1f\n|move|p1a: \ud83d\udde1\ud83d\udc1f|Rest||[from]move: Sleep Talk|[still]\n|-fail|p1a: \ud83d\udde1\ud83d\udc1f\n|move|p2a: Toxapex|Scald|p1a: \ud83d\udde1\ud83d\udc1f\n|-resisted|p1a: \ud83d\udde1\ud83d\udc1f\n|-crit|p1a: \ud83d\udde1\ud83d\udc1f\n|-damage|p1a: \ud83d\udde1\ud83d\udc1f|78\/100 slp\n|\n|-heal|p2a: Toxapex|70\/100 par|[from] item: Black Sludge\n|upkeep\n|turn|44\n|\n|t:|1700065979\n|cant|p1a: \ud83d\udde1\ud83d\udc1f|slp\n|move|p1a: \ud83d\udde1\ud83d\udc1f|Sleep Talk|p1a: \ud83d\udde1\ud83d\udc1f\n|move|p1a: \ud83d\udde1\ud83d\udc1f|Liquidation|p2a: Toxapex|[from]move: Sleep Talk\n|-resisted|p2a: Toxapex\n|-damage|p2a: Toxapex|60\/100 par\n|move|p2a: Toxapex|Scald|p1a: \ud83d\udde1\ud83d\udc1f\n|-resisted|p1a: \ud83d\udde1\ud83d\udc1f\n|-damage|p1a: \ud83d\udde1\ud83d\udc1f|70\/100 slp\n|\n|-heal|p2a: Toxapex|67\/100 par|[from] item: Black Sludge\n|upkeep\n|turn|45\n|\n|t:|1700065986\n|-curestatus|p1a: \ud83d\udde1\ud83d\udc1f|slp|[msg]\n|move|p1a: \ud83d\udde1\ud83d\udc1f|Sleep Talk||[still]\n|-fail|p1a: \ud83d\udde1\ud83d\udc1f\n|move|p2a: Toxapex|Toxic|p1a: \ud83d\udde1\ud83d\udc1f\n|-status|p1a: \ud83d\udde1\ud83d\udc1f|tox\n|\n|-heal|p2a: Toxapex|73\/100 par|[from] item: Black Sludge\n|-damage|p1a: \ud83d\udde1\ud83d\udc1f|64\/100 tox|[from] psn\n|upkeep\n|turn|46\n|\n|t:|1700065999\n|move|p1a: \ud83d\udde1\ud83d\udc1f|Rest|p1a: \ud83d\udde1\ud83d\udc1f\n|-status|p1a: \ud83d\udde1\ud83d\udc1f|slp|[from] move: Rest\n|-heal|p1a: \ud83d\udde1\ud83d\udc1f|100\/100 slp|[silent]\n|cant|p2a: Toxapex|par\n|\n|-heal|p2a: Toxapex|79\/100 par|[from] item: Black Sludge\n|upkeep\n|turn|47\n|\n|t:|1700066023\n|cant|p1a: \ud83d\udde1\ud83d\udc1f|slp\n|move|p1a: \ud83d\udde1\ud83d\udc1f|Sleep Talk|p1a: \ud83d\udde1\ud83d\udc1f\n|move|p1a: \ud83d\udde1\ud83d\udc1f|Curse|p1a: \ud83d\udde1\ud83d\udc1f|[from]move: Sleep Talk\n|-unboost|p1a: \ud83d\udde1\ud83d\udc1f|spe|1\n|-boost|p1a: \ud83d\udde1\ud83d\udc1f|atk|1\n|-boost|p1a: \ud83d\udde1\ud83d\udc1f|def|1\n|move|p2a: Toxapex|Haze|p2a: Toxapex\n|-clearallboost\n|\n|-heal|p2a: Toxapex|85\/100 par|[from] item: Black Sludge\n|upkeep\n|turn|48\n|\n|t:|1700066036\n|cant|p1a: \ud83d\udde1\ud83d\udc1f|slp\n|move|p1a: \ud83d\udde1\ud83d\udc1f|Sleep Talk|p1a: \ud83d\udde1\ud83d\udc1f\n|move|p1a: \ud83d\udde1\ud83d\udc1f|Rest||[from]move: Sleep Talk|[still]\n|-fail|p1a: \ud83d\udde1\ud83d\udc1f\n|cant|p2a: Toxapex|par\n|\n|-heal|p2a: Toxapex|92\/100 par|[from] item: Black Sludge\n|upkeep\n|turn|49\n|\n|t:|1700066048\n|-curestatus|p1a: \ud83d\udde1\ud83d\udc1f|slp|[msg]\n|move|p1a: \ud83d\udde1\ud83d\udc1f|Curse|p1a: \ud83d\udde1\ud83d\udc1f\n|-unboost|p1a: \ud83d\udde1\ud83d\udc1f|spe|1\n|-boost|p1a: \ud83d\udde1\ud83d\udc1f|atk|1\n|-boost|p1a: \ud83d\udde1\ud83d\udc1f|def|1\n|move|p2a: Toxapex|Haze|p2a: Toxapex\n|-clearallboost\n|\n|-heal|p2a: Toxapex|98\/100 par|[from] item: Black Sludge\n|upkeep\n|turn|50\n|\n|t:|1700066061\n|move|p1a: \ud83d\udde1\ud83d\udc1f|Liquidation|p2a: Toxapex\n|-resisted|p2a: Toxapex\n|-damage|p2a: Toxapex|87\/100 par\n|move|p2a: Toxapex|Toxic|p1a: \ud83d\udde1\ud83d\udc1f\n|-status|p1a: \ud83d\udde1\ud83d\udc1f|tox\n|\n|-heal|p2a: Toxapex|94\/100 par|[from] item: Black Sludge\n|-damage|p1a: \ud83d\udde1\ud83d\udc1f|94\/100 tox|[from] psn\n|upkeep\n|turn|51\n|\n|t:|1700066070\n|move|p1a: \ud83d\udde1\ud83d\udc1f|Liquidation|p2a: Toxapex\n|-resisted|p2a: Toxapex\n|-damage|p2a: Toxapex|84\/100 par\n|cant|p2a: Toxapex|par\n|\n|-heal|p2a: Toxapex|90\/100 par|[from] item: Black Sludge\n|-damage|p1a: \ud83d\udde1\ud83d\udc1f|82\/100 tox|[from] psn\n|upkeep\n|turn|52\n|\n|t:|1700066077\n|move|p1a: \ud83d\udde1\ud83d\udc1f|Liquidation|p2a: Toxapex\n|-resisted|p2a: Toxapex\n|-damage|p2a: Toxapex|78\/100 par\n|move|p2a: Toxapex|Haze|p2a: Toxapex\n|-clearallboost\n|\n|-heal|p2a: Toxapex|84\/100 par|[from] item: Black Sludge\n|-damage|p1a: \ud83d\udde1\ud83d\udc1f|64\/100 tox|[from] psn\n|upkeep\n|turn|53\n|\n|t:|1700066089\n|move|p1a: \ud83d\udde1\ud83d\udc1f|Liquidation|p2a: Toxapex\n|-resisted|p2a: Toxapex\n|-damage|p2a: Toxapex|74\/100 par\n|move|p2a: Toxapex|Haze|p2a: Toxapex\n|-clearallboost\n|\n|-heal|p2a: Toxapex|80\/100 par|[from] item: Black Sludge\n|-damage|p1a: \ud83d\udde1\ud83d\udc1f|39\/100 tox|[from] psn\n|upkeep\n|turn|54\n|\n|t:|1700066096\n|move|p1a: \ud83d\udde1\ud83d\udc1f|Rest|p1a: \ud83d\udde1\ud83d\udc1f\n|-status|p1a: \ud83d\udde1\ud83d\udc1f|slp|[from] move: Rest\n|-heal|p1a: \ud83d\udde1\ud83d\udc1f|100\/100 slp|[silent]\n|cant|p2a: Toxapex|par\n|\n|-heal|p2a: Toxapex|86\/100 par|[from] item: Black Sludge\n|upkeep\n|turn|55\n|\n|t:|1700066104\n|cant|p1a: \ud83d\udde1\ud83d\udc1f|slp\n|move|p1a: \ud83d\udde1\ud83d\udc1f|Sleep Talk|p1a: \ud83d\udde1\ud83d\udc1f\n|move|p1a: \ud83d\udde1\ud83d\udc1f|Liquidation|p2a: Toxapex|[from]move: Sleep Talk\n|-resisted|p2a: Toxapex\n|-damage|p2a: Toxapex|76\/100 par\n|-unboost|p2a: Toxapex|def|1\n|move|p2a: Toxapex|Haze|p2a: Toxapex\n|-clearallboost\n|\n|-heal|p2a: Toxapex|82\/100 par|[from] item: Black Sludge\n|upkeep\n|turn|56\n|\n|t:|1700066118\n|cant|p1a: \ud83d\udde1\ud83d\udc1f|slp\n|move|p1a: \ud83d\udde1\ud83d\udc1f|Sleep Talk|p1a: \ud83d\udde1\ud83d\udc1f\n|move|p1a: \ud83d\udde1\ud83d\udc1f|Liquidation|p2a: Toxapex|[from]move: Sleep Talk\n|-resisted|p2a: Toxapex\n|-damage|p2a: Toxapex|72\/100 par\n|cant|p2a: Toxapex|par\n|\n|-heal|p2a: Toxapex|78\/100 par|[from] item: Black Sludge\n|upkeep\n|turn|57\n|\n|t:|1700066129\n|-curestatus|p1a: \ud83d\udde1\ud83d\udc1f|slp|[msg]\n|move|p1a: \ud83d\udde1\ud83d\udc1f|Sleep Talk||[still]\n|-fail|p1a: \ud83d\udde1\ud83d\udc1f\n|move|p2a: Toxapex|Haze|p2a: Toxapex\n|-clearallboost\n|\n|-heal|p2a: Toxapex|85\/100 par|[from] item: Black Sludge\n|upkeep\n|turn|58\n|\n|t:|1700066133\n|move|p1a: \ud83d\udde1\ud83d\udc1f|Curse|p1a: \ud83d\udde1\ud83d\udc1f\n|-unboost|p1a: \ud83d\udde1\ud83d\udc1f|spe|1\n|-boost|p1a: \ud83d\udde1\ud83d\udc1f|atk|1\n|-boost|p1a: \ud83d\udde1\ud83d\udc1f|def|1\n|move|p2a: Toxapex|Toxic|p1a: \ud83d\udde1\ud83d\udc1f\n|-status|p1a: \ud83d\udde1\ud83d\udc1f|tox\n|\n|-heal|p2a: Toxapex|91\/100 par|[from] item: Black Sludge\n|-damage|p1a: \ud83d\udde1\ud83d\udc1f|94\/100 tox|[from] psn\n|upkeep\n|turn|59\n|\n|t:|1700066140\n|move|p1a: \ud83d\udde1\ud83d\udc1f|Liquidation|p2a: Toxapex\n|-resisted|p2a: Toxapex\n|-damage|p2a: Toxapex|74\/100 par\n|-unboost|p2a: Toxapex|def|1\n|move|p2a: Toxapex|Haze|p2a: Toxapex\n|-clearallboost\n|\n|-heal|p2a: Toxapex|80\/100 par|[from] item: Black Sludge\n|-damage|p1a: \ud83d\udde1\ud83d\udc1f|82\/100 tox|[from] psn\n|upkeep\n|turn|60\n|\n|t:|1700066147\n|move|p1a: \ud83d\udde1\ud83d\udc1f|Curse|p1a: \ud83d\udde1\ud83d\udc1f\n|-unboost|p1a: \ud83d\udde1\ud83d\udc1f|spe|1\n|-boost|p1a: \ud83d\udde1\ud83d\udc1f|atk|1\n|-boost|p1a: \ud83d\udde1\ud83d\udc1f|def|1\n|move|p2a: Toxapex|Haze|p2a: Toxapex\n|-clearallboost\n|\n|-heal|p2a: Toxapex|87\/100 par|[from] item: Black Sludge\n|-damage|p1a: \ud83d\udde1\ud83d\udc1f|64\/100 tox|[from] psn\n|upkeep\n|turn|61\n|\n|t:|1700066159\n|move|p1a: \ud83d\udde1\ud83d\udc1f|Liquidation|p2a: Toxapex\n|-resisted|p2a: Toxapex\n|-damage|p2a: Toxapex|76\/100 par\n|move|p2a: Toxapex|Haze|p2a: Toxapex\n|-clearallboost\n|\n|-heal|p2a: Toxapex|82\/100 par|[from] item: Black Sludge\n|-damage|p1a: \ud83d\udde1\ud83d\udc1f|39\/100 tox|[from] psn\n|upkeep\n|turn|62\n|\n|t:|1700066172\n|move|p1a: \ud83d\udde1\ud83d\udc1f|Rest|p1a: \ud83d\udde1\ud83d\udc1f\n|-status|p1a: \ud83d\udde1\ud83d\udc1f|slp|[from] move: Rest\n|-heal|p1a: \ud83d\udde1\ud83d\udc1f|100\/100 slp|[silent]\n|move|p2a: Toxapex|Scald|p1a: \ud83d\udde1\ud83d\udc1f\n|-resisted|p1a: \ud83d\udde1\ud83d\udc1f\n|-damage|p1a: \ud83d\udde1\ud83d\udc1f|94\/100 slp\n|\n|-heal|p2a: Toxapex|88\/100 par|[from] item: Black Sludge\n|upkeep\n|turn|63\n|\n|t:|1700066182\n|cant|p1a: \ud83d\udde1\ud83d\udc1f|slp\n|move|p1a: \ud83d\udde1\ud83d\udc1f|Sleep Talk|p1a: \ud83d\udde1\ud83d\udc1f\n|move|p1a: \ud83d\udde1\ud83d\udc1f|Liquidation|p2a: Toxapex|[from]move: Sleep Talk\n|-resisted|p2a: Toxapex\n|-damage|p2a: Toxapex|77\/100 par\n|move|p2a: Toxapex|Haze|p2a: Toxapex\n|-clearallboost\n|\n|-heal|p2a: Toxapex|83\/100 par|[from] item: Black Sludge\n|upkeep\n|turn|64\n|\n|t:|1700066188\n|cant|p1a: \ud83d\udde1\ud83d\udc1f|slp\n|move|p1a: \ud83d\udde1\ud83d\udc1f|Sleep Talk|p1a: \ud83d\udde1\ud83d\udc1f\n|move|p1a: \ud83d\udde1\ud83d\udc1f|Rest||[from]move: Sleep Talk|[still]\n|-fail|p1a: \ud83d\udde1\ud83d\udc1f\n|move|p2a: Toxapex|Haze|p2a: Toxapex\n|-clearallboost\n|\n|-heal|p2a: Toxapex|89\/100 par|[from] item: Black Sludge\n|upkeep\n|turn|65\n|\n|t:|1700066205\n|-curestatus|p1a: \ud83d\udde1\ud83d\udc1f|slp|[msg]\n|move|p1a: \ud83d\udde1\ud83d\udc1f|Curse|p1a: \ud83d\udde1\ud83d\udc1f\n|-unboost|p1a: \ud83d\udde1\ud83d\udc1f|spe|1\n|-boost|p1a: \ud83d\udde1\ud83d\udc1f|atk|1\n|-boost|p1a: \ud83d\udde1\ud83d\udc1f|def|1\n|move|p2a: Toxapex|Haze|p2a: Toxapex\n|-clearallboost\n|\n|-heal|p2a: Toxapex|96\/100 par|[from] item: Black Sludge\n|upkeep\n|turn|66\n|\n|t:|1700066215\n|move|p1a: \ud83d\udde1\ud83d\udc1f|Curse|p1a: \ud83d\udde1\ud83d\udc1f\n|-unboost|p1a: \ud83d\udde1\ud83d\udc1f|spe|1\n|-boost|p1a: \ud83d\udde1\ud83d\udc1f|atk|1\n|-boost|p1a: \ud83d\udde1\ud83d\udc1f|def|1\n|move|p2a: Toxapex|Toxic|p1a: \ud83d\udde1\ud83d\udc1f\n|-status|p1a: \ud83d\udde1\ud83d\udc1f|tox\n|\n|-heal|p2a: Toxapex|100\/100 par|[from] item: Black Sludge\n|-damage|p1a: \ud83d\udde1\ud83d\udc1f|87\/100 tox|[from] psn\n|upkeep\n|turn|67\n|\n|t:|1700066221\n|move|p1a: \ud83d\udde1\ud83d\udc1f|Liquidation|p2a: Toxapex\n|-resisted|p2a: Toxapex\n|-crit|p2a: Toxapex\n|-damage|p2a: Toxapex|78\/100 par\n|move|p2a: Toxapex|Haze|p2a: Toxapex\n|-clearallboost\n|\n|-heal|p2a: Toxapex|84\/100 par|[from] item: Black Sludge\n|-damage|p1a: \ud83d\udde1\ud83d\udc1f|75\/100 tox|[from] psn\n|upkeep\n|turn|68\n|\n|t:|1700066228\n|switch|p1a: Stacy|Lopunny-Mega, M|68\/100\n|move|p2a: Toxapex|Haze|p2a: Toxapex\n|-clearallboost\n|\n|-heal|p2a: Toxapex|91\/100 par|[from] item: Black Sludge\n|upkeep\n|turn|69\n|\n|t:|1700066245\n|move|p1a: Stacy|Fake Out|p2a: Toxapex\n|-damage|p2a: Toxapex|75\/100 par\n|cant|p2a: Toxapex|flinch\n|\n|-heal|p2a: Toxapex|81\/100 par|[from] item: Black Sludge\n|upkeep\n|turn|70\n|\n|t:|1700066252\n|move|p1a: Stacy|U-turn|p2a: Toxapex\n|-resisted|p2a: Toxapex\n|-damage|p2a: Toxapex|72\/100 par\n|\n|t:|1700066255\n|switch|p1a: \ud83d\udde1\ud83d\udc1f|Dondozo, F|75\/100 tox|[from] U-turn\n|cant|p2a: Toxapex|par\n|\n|-heal|p2a: Toxapex|78\/100 par|[from] item: Black Sludge\n|-damage|p1a: \ud83d\udde1\ud83d\udc1f|69\/100 tox|[from] psn\n|upkeep\n|turn|71\n|\n|t:|1700066263\n|move|p1a: \ud83d\udde1\ud83d\udc1f|Rest|p1a: \ud83d\udde1\ud83d\udc1f\n|-status|p1a: \ud83d\udde1\ud83d\udc1f|slp|[from] move: Rest\n|-heal|p1a: \ud83d\udde1\ud83d\udc1f|100\/100 slp|[silent]\n|move|p2a: Toxapex|Haze|p2a: Toxapex\n|-clearallboost\n|\n|-heal|p2a: Toxapex|84\/100 par|[from] item: Black Sludge\n|upkeep\n|turn|72\n|inactive|Kes.Pur has 120 seconds left.\n|\n|t:|1700066296\n|cant|p1a: \ud83d\udde1\ud83d\udc1f|slp\n|move|p1a: \ud83d\udde1\ud83d\udc1f|Sleep Talk|p1a: \ud83d\udde1\ud83d\udc1f\n|move|p1a: \ud83d\udde1\ud83d\udc1f|Rest||[from]move: Sleep Talk|[still]\n|-fail|p1a: \ud83d\udde1\ud83d\udc1f\n|move|p2a: Toxapex|Haze|p2a: Toxapex\n|-clearallboost\n|\n|-heal|p2a: Toxapex|90\/100 par|[from] item: Black Sludge\n|upkeep\n|turn|73\n|\n|t:|1700066305\n|cant|p1a: \ud83d\udde1\ud83d\udc1f|slp\n|move|p1a: \ud83d\udde1\ud83d\udc1f|Sleep Talk|p1a: \ud83d\udde1\ud83d\udc1f\n|move|p1a: \ud83d\udde1\ud83d\udc1f|Liquidation|p2a: Toxapex|[from]move: Sleep Talk\n|-resisted|p2a: Toxapex\n|-damage|p2a: Toxapex|80\/100 par\n|move|p2a: Toxapex|Haze|p2a: Toxapex\n|-clearallboost\n|\n|-heal|p2a: Toxapex|86\/100 par|[from] item: Black Sludge\n|upkeep\n|turn|74\n|\n|t:|1700066314\n|-curestatus|p1a: \ud83d\udde1\ud83d\udc1f|slp|[msg]\n|move|p1a: \ud83d\udde1\ud83d\udc1f|Liquidation|p2a: Toxapex\n|-resisted|p2a: Toxapex\n|-damage|p2a: Toxapex|76\/100 par\n|cant|p2a: Toxapex|par\n|\n|-heal|p2a: Toxapex|82\/100 par|[from] item: Black Sludge\n|upkeep\n|turn|75\n|\n|t:|1700066322\n|move|p1a: \ud83d\udde1\ud83d\udc1f|Curse|p1a: \ud83d\udde1\ud83d\udc1f\n|-unboost|p1a: \ud83d\udde1\ud83d\udc1f|spe|1\n|-boost|p1a: \ud83d\udde1\ud83d\udc1f|atk|1\n|-boost|p1a: \ud83d\udde1\ud83d\udc1f|def|1\n|move|p2a: Toxapex|Toxic|p1a: \ud83d\udde1\ud83d\udc1f\n|-status|p1a: \ud83d\udde1\ud83d\udc1f|tox\n|\n|-heal|p2a: Toxapex|89\/100 par|[from] item: Black Sludge\n|-damage|p1a: \ud83d\udde1\ud83d\udc1f|94\/100 tox|[from] psn\n|upkeep\n|turn|76\n|\n|t:|1700066328\n|move|p1a: \ud83d\udde1\ud83d\udc1f|Liquidation|p2a: Toxapex\n|-resisted|p2a: Toxapex\n|-damage|p2a: Toxapex|71\/100 par\n|move|p2a: Toxapex|Haze|p2a: Toxapex\n|-clearallboost\n|\n|-heal|p2a: Toxapex|77\/100 par|[from] item: Black Sludge\n|-damage|p1a: \ud83d\udde1\ud83d\udc1f|82\/100 tox|[from] psn\n|upkeep\n|turn|77\n|\n|t:|1700066335\n|switch|p1a: Stacy|Lopunny-Mega, M|68\/100\n|move|p2a: Toxapex|Haze|p2a: Toxapex\n|-clearallboost\n|\n|-heal|p2a: Toxapex|83\/100 par|[from] item: Black Sludge\n|upkeep\n|turn|78\n|\n|t:|1700066340\n|move|p1a: Stacy|Fake Out|p2a: Toxapex\n|-damage|p2a: Toxapex|67\/100 par\n|cant|p2a: Toxapex|flinch\n|\n|-heal|p2a: Toxapex|73\/100 par|[from] item: Black Sludge\n|upkeep\n|turn|79\n|\n|t:|1700066351\n|move|p1a: Stacy|Frustration|p2a: Toxapex\n|-damage|p2a: Toxapex|29\/100 par\n|move|p2a: Toxapex|Toxic|p1a: Stacy\n|-status|p1a: Stacy|tox\n|\n|-heal|p2a: Toxapex|35\/100 par|[from] item: Black Sludge\n|-damage|p1a: Stacy|62\/100 tox|[from] psn\n|upkeep\n|turn|80\n|\n|t:|1700066359\n|move|p1a: Stacy|Frustration|p2a: Toxapex\n|-damage|p2a: Toxapex|0 fnt\n|faint|p2a: Toxapex\n|\n|win|Kes.Pur\n|raw|Kes.Pur's rating: 1068 &rarr; <strong>1101<\/strong><br \/>(+33 for winning)\n|raw|st3god's rating: 1107 &rarr; <strong>1079<\/strong><br \/>(-28 for losing)\n|l|\u2606st3god\n|c|\u2606Kes.Pur|what a stall\n","uploadtime":1700066386,"views":4,"p1id":"kespur","p2id":"st3god","formatid":"gen9nationaldex","rating":1079,"private":0,"password":""}