{"id":"gen9nationaldex-1992367895","p1":"SouEuMesmo","p2":"DanielGhosts69","format":"[Gen 9] National Dex","log":"|j|\u2606SouEuMesmo\n|j|\u2606DanielGhosts69\n|t:|1700179471\n|gametype|singles\n|player|p1|SouEuMesmo|gambler|\n|player|p2|DanielGhosts69|gambler|\n|teamsize|p1|6\n|teamsize|p2|6\n|gen|9\n|tier|[Gen 9] National Dex\n|rule|HP Percentage Mod: HP is shown in percentages\n|rule|Endless Battle Clause: Forcing endless battles is banned\n|rule|OHKO Clause: OHKO moves are banned\n|rule|Evasion Clause: Evasion abilities, items, and moves are banned\n|rule|Evasion Abilities Clause: Evasion abilities are banned\n|rule|Evasion Items Clause: Evasion items are banned\n|rule|Evasion Moves Clause: Evasion moves are banned\n|rule|Species Clause: Limit one of each Pok\u00e9mon\n|rule|Sleep Clause Mod: Limit one foe put to sleep\n|clearpoke\n|poke|p1|Volcarona, F|\n|poke|p1|Gliscor, M|\n|poke|p1|Blastoise, M|\n|poke|p1|Weavile, F|\n|poke|p1|Sigilyph, F|\n|poke|p1|Gallade, M|\n|poke|p2|Gliscor, M|\n|poke|p2|Snorlax, M|\n|poke|p2|Electivire, M|\n|poke|p2|Greninja-*, M|\n|poke|p2|Grapploct, F|\n|poke|p2|Magmortar, F|\n|teampreview\n|\n|t:|1700179485\n|start\n|switch|p1a: Gliscor|Gliscor, M|100\/100\n|switch|p2a: Grapploct|Grapploct, F, shiny|100\/100\n|turn|1\n|\n|t:|1700179495\n|move|p1a: Gliscor|Taunt|p2a: Grapploct\n|-start|p2a: Grapploct|move: Taunt\n|cant|p2a: Grapploct|move: Taunt|Octolock\n|\n|-status|p1a: Gliscor|tox|[from] item: Toxic Orb\n|upkeep\n|turn|2\n|\n|t:|1700179504\n|move|p1a: Gliscor|Stealth Rock|p2a: Grapploct\n|-sidestart|p2: DanielGhosts69|move: Stealth Rock\n|move|p2a: Grapploct|Liquidation|p1a: Gliscor\n|-supereffective|p1a: Gliscor\n|-damage|p1a: Gliscor|42\/100 tox\n|\n|-heal|p1a: Gliscor|54\/100 tox|[from] ability: Poison Heal\n|upkeep\n|turn|3\n|\n|t:|1700179513\n|move|p1a: Gliscor|U-turn|p2a: Grapploct\n|-resisted|p2a: Grapploct\n|-damage|p2a: Grapploct|91\/100\n|\n|t:|1700179521\n|switch|p1a: Gallade|Gallade, M|100\/100|[from] U-turn\n|move|p2a: Grapploct|Liquidation|p1a: Gallade\n|-damage|p1a: Gallade|50\/100\n|-unboost|p1a: Gallade|def|1\n|\n|-heal|p1a: Gallade|56\/100|[from] item: Leftovers\n|-heal|p2a: Grapploct|97\/100|[from] item: Leftovers\n|-end|p2a: Grapploct|move: Taunt\n|upkeep\n|turn|4\n|\n|t:|1700179534\n|move|p1a: Gallade|Psycho Cut|p2a: Grapploct\n|-supereffective|p2a: Grapploct\n|-crit|p2a: Grapploct\n|-damage|p2a: Grapploct|0 fnt\n|faint|p2a: Grapploct\n|\n|-heal|p1a: Gallade|62\/100|[from] item: Leftovers\n|upkeep\n|\n|t:|1700179555\n|switch|p2a: Gliscor|Gliscor, M, shiny|100\/100\n|-damage|p2a: Gliscor|88\/100|[from] Stealth Rock\n|turn|5\n|\n|t:|1700179567\n|switch|p1a: Blastoise|Blastoise, M|100\/100\n|move|p2a: Gliscor|X-Scissor|p1a: Blastoise\n|-damage|p1a: Blastoise|79\/100\n|\n|-status|p2a: Gliscor|tox|[from] item: Toxic Orb\n|upkeep\n|turn|6\n|\n|t:|1700179579\n|switch|p2a: Snorlax|Snorlax, M, shiny|100\/100\n|-damage|p2a: Snorlax|88\/100|[from] Stealth Rock\n|move|p1a: Blastoise|Shell Smash|p1a: Blastoise\n|-unboost|p1a: Blastoise|def|1\n|-unboost|p1a: Blastoise|spd|1\n|-boost|p1a: Blastoise|atk|2\n|-boost|p1a: Blastoise|spa|2\n|-boost|p1a: Blastoise|spe|2\n|-enditem|p1a: Blastoise|White Herb\n|-clearnegativeboost|p1a: Blastoise|[silent]\n|\n|upkeep\n|turn|7\n|\n|t:|1700179593\n|move|p1a: Blastoise|Earthquake|p2a: Snorlax\n|-damage|p2a: Snorlax|32\/100\n|move|p2a: Snorlax|Earthquake|p1a: Blastoise\n|-damage|p1a: Blastoise|19\/100\n|\n|upkeep\n|turn|8\n|\n|t:|1700179603\n|move|p1a: Blastoise|Earthquake|p2a: Snorlax\n|-damage|p2a: Snorlax|0 fnt\n|faint|p2a: Snorlax\n|\n|upkeep\n|\n|t:|1700179611\n|switch|p2a: Greninja|Greninja, M|100\/100\n|-damage|p2a: Greninja|88\/100|[from] Stealth Rock\n|turn|9\n|\n|t:|1700179618\n|move|p1a: Blastoise|Earthquake|p2a: Greninja\n|-damage|p2a: Greninja|1\/100\n|move|p2a: Greninja|Dark Pulse|p1a: Blastoise\n|-damage|p1a: Blastoise|0 fnt\n|faint|p1a: Blastoise\n|-ability|p2a: Greninja|Battle Bond|boost\n|-boost|p2a: Greninja|atk|1\n|-boost|p2a: Greninja|spa|1\n|-boost|p2a: Greninja|spe|1\n|-activate|p2a: Greninja|ability: Battle Bond\n|\n|upkeep\n|\n|t:|1700179628\n|switch|p1a: Weavile|Weavile, F|100\/100\n|-ability|p1a: Weavile|Pressure\n|turn|10\n|\n|t:|1700179634\n|move|p1a: Weavile|Fake Out|p2a: Greninja\n|-damage|p2a: Greninja|0 fnt\n|faint|p2a: Greninja\n|-damage|p1a: Weavile|91\/100|[from] item: Life Orb\n|\n|upkeep\n|\n|t:|1700179640\n|switch|p2a: Electivire|Electivire, M, shiny|100\/100\n|-damage|p2a: Electivire|88\/100|[from] Stealth Rock\n|turn|11\n|\n|t:|1700179647\n|switch|p1a: Gliscor|Gliscor, M|54\/100 tox\n|move|p2a: Electivire|Wild Charge|p1a: Gliscor\n|-immune|p1a: Gliscor\n|\n|-heal|p1a: Gliscor|67\/100 tox|[from] ability: Poison Heal\n|upkeep\n|turn|12\n|\n|t:|1700179663\n|switch|p2a: Gliscor|Gliscor, M, shiny|88\/100 tox\n|-damage|p2a: Gliscor|76\/100 tox|[from] Stealth Rock\n|move|p1a: Gliscor|Earthquake|p2a: Gliscor\n|-immune|p2a: Gliscor\n|\n|-heal|p1a: Gliscor|79\/100 tox|[from] ability: Poison Heal\n|-heal|p2a: Gliscor|88\/100 tox|[from] ability: Poison Heal\n|upkeep\n|turn|13\n|\n|t:|1700179676\n|move|p1a: Gliscor|Taunt|p2a: Gliscor\n|-start|p2a: Gliscor|move: Taunt\n|cant|p2a: Gliscor|move: Taunt|Swords Dance\n|\n|-heal|p1a: Gliscor|92\/100 tox|[from] ability: Poison Heal\n|-heal|p2a: Gliscor|100\/100 tox|[from] ability: Poison Heal\n|upkeep\n|turn|14\n|\n|t:|1700179689\n|move|p1a: Gliscor|U-turn|p2a: Gliscor\n|-resisted|p2a: Gliscor\n|-damage|p2a: Gliscor|93\/100 tox\n|\n|t:|1700179695\n|switch|p1a: Volcarona|Volcarona, F|100\/100|[from] U-turn\n|move|p2a: Gliscor|X-Scissor|p1a: Volcarona\n|-resisted|p1a: Volcarona\n|-crit|p1a: Volcarona\n|-damage|p1a: Volcarona|81\/100\n|\n|-heal|p1a: Volcarona|87\/100|[from] item: Leftovers\n|-heal|p2a: Gliscor|100\/100 tox|[from] ability: Poison Heal\n|upkeep\n|turn|15\n|\n|t:|1700179710\n|switch|p2a: Magmortar|Magmortar, F, shiny|100\/100\n|-damage|p2a: Magmortar|76\/100|[from] Stealth Rock\n|move|p1a: Volcarona|Quiver Dance|p1a: Volcarona\n|-boost|p1a: Volcarona|spa|1\n|-boost|p1a: Volcarona|spd|1\n|-boost|p1a: Volcarona|spe|1\n|\n|-heal|p1a: Volcarona|93\/100|[from] item: Leftovers\n|upkeep\n|turn|16\n|\n|t:|1700179724\n|move|p1a: Volcarona|Bug Buzz|p2a: Magmortar\n|-resisted|p2a: Magmortar\n|-damage|p2a: Magmortar|30\/100\n|move|p2a: Magmortar|Thunderbolt|p1a: Volcarona\n|-damage|p1a: Volcarona|71\/100\n|\n|-heal|p1a: Volcarona|77\/100|[from] item: Leftovers\n|upkeep\n|turn|17\n|\n|t:|1700179734\n|move|p1a: Volcarona|Bug Buzz|p2a: Magmortar\n|-resisted|p2a: Magmortar\n|-damage|p2a: Magmortar|0 fnt\n|faint|p2a: Magmortar\n|\n|-heal|p1a: Volcarona|83\/100|[from] item: Leftovers\n|upkeep\n|\n|t:|1700179743\n|switch|p2a: Gliscor|Gliscor, M, shiny|100\/100 tox\n|-damage|p2a: Gliscor|88\/100 tox|[from] Stealth Rock\n|turn|18\n|\n|t:|1700179748\n|move|p1a: Volcarona|Bug Buzz|p2a: Gliscor\n|-resisted|p2a: Gliscor\n|-damage|p2a: Gliscor|46\/100 tox\n|-unboost|p2a: Gliscor|spd|1\n|move|p2a: Gliscor|Facade|p1a: Volcarona\n|-damage|p1a: Volcarona|37\/100\n|\n|-heal|p1a: Volcarona|43\/100|[from] item: Leftovers\n|-heal|p2a: Gliscor|58\/100 tox|[from] ability: Poison Heal\n|upkeep\n|turn|19\n|\n|t:|1700179761\n|move|p1a: Volcarona|Bug Buzz|p2a: Gliscor\n|-resisted|p2a: Gliscor\n|-damage|p2a: Gliscor|2\/100 tox\n|move|p2a: Gliscor|Facade|p1a: Volcarona\n|-damage|p1a: Volcarona|0 fnt\n|faint|p1a: Volcarona\n|\n|-heal|p2a: Gliscor|15\/100 tox|[from] ability: Poison Heal\n|upkeep\n|\n|t:|1700179772\n|switch|p1a: Gallade|Gallade, M|62\/100\n|turn|20\n|\n|t:|1700179775\n|move|p1a: Gallade|Swords Dance|p1a: Gallade\n|-boost|p1a: Gallade|atk|2\n|move|p2a: Gliscor|Facade|p1a: Gallade\n|-crit|p1a: Gallade\n|-damage|p1a: Gallade|0 fnt\n|faint|p1a: Gallade\n|\n|-heal|p2a: Gliscor|27\/100 tox|[from] ability: Poison Heal\n|upkeep\n|\n|t:|1700179784\n|switch|p1a: Weavile|Weavile, F|91\/100\n|-ability|p1a: Weavile|Pressure\n|turn|21\n|\n|t:|1700179793\n|move|p1a: Weavile|Ice Shard|p2a: Gliscor\n|-supereffective|p2a: Gliscor\n|-damage|p2a: Gliscor|0 fnt\n|faint|p2a: Gliscor\n|-damage|p1a: Weavile|81\/100|[from] item: Life Orb\n|\n|upkeep\n|\n|t:|1700179800\n|switch|p2a: Electivire|Electivire, M, shiny|88\/100\n|-damage|p2a: Electivire|76\/100|[from] Stealth Rock\n|turn|22\n|\n|t:|1700179806\n|move|p1a: Weavile|Ice Punch|p2a: Electivire\n|-damage|p2a: Electivire|0 fnt\n|faint|p2a: Electivire\n|-damage|p1a: Weavile|71\/100|[from] item: Life Orb\n|\n|win|SouEuMesmo\n","uploadtime":1700179814,"views":4,"p1id":"soueumesmo","p2id":"danielghosts69","formatid":"gen9nationaldex","rating":0,"private":0,"password":""}