{"id":"gen9nationaldex-1987388650","p1":"king schmuck","p2":"sandsword","format":"[Gen 9] National Dex","log":"|j|\u2606king schmuck\n|j|\u2606sandsword\n|t:|1699585032\n|gametype|singles\n|player|p1|king schmuck|biker|\n|player|p2|sandsword|barry|\n|teamsize|p1|6\n|teamsize|p2|6\n|gen|9\n|tier|[Gen 9] National Dex\n|rule|HP Percentage Mod: HP is shown in percentages\n|rule|Endless Battle Clause: Forcing endless battles is banned\n|rule|OHKO Clause: OHKO moves are banned\n|rule|Evasion Clause: Evasion abilities, items, and moves are banned\n|rule|Evasion Abilities Clause: Evasion abilities are banned\n|rule|Evasion Items Clause: Evasion items are banned\n|rule|Evasion Moves Clause: Evasion moves are banned\n|rule|Species Clause: Limit one of each Pok\u00e9mon\n|rule|Sleep Clause Mod: Limit one foe put to sleep\n|clearpoke\n|poke|p1|Tapu Lele|\n|poke|p1|Mamoswine, F|\n|poke|p1|Empoleon, M|\n|poke|p1|Charizard, F|\n|poke|p1|Alakazam, M|\n|poke|p1|Bronzong|\n|poke|p2|Torkoal, F|\n|poke|p2|Nihilego|\n|poke|p2|Tyranitar, M|\n|poke|p2|Sandy Shocks|\n|poke|p2|Klefki, M|\n|poke|p2|Excadrill, M|\n|teampreview\n|\n|t:|1699585082\n|start\n|switch|p1a: ROOSEL HENNY|Empoleon, M, shiny|100\/100\n|switch|p2a: Nihilego|Nihilego|100\/100\n|turn|1\n|j| Coldramen57\n|\n|t:|1699585117\n|move|p2a: Nihilego|Hidden Power|p1a: ROOSEL HENNY\n|-supereffective|p1a: ROOSEL HENNY\n|-damage|p1a: ROOSEL HENNY|66\/100\n|move|p1a: ROOSEL HENNY|Stealth Rock|p2a: Nihilego\n|-sidestart|p2: sandsword|move: Stealth Rock\n|\n|-heal|p1a: ROOSEL HENNY|72\/100|[from] item: Leftovers\n|upkeep\n|turn|2\n|\n|t:|1699585131\n|switch|p2a: Klefki|Klefki, M|100\/100\n|-damage|p2a: Klefki|95\/100|[from] Stealth Rock\n|move|p1a: ROOSEL HENNY|Ice Spinner|p2a: Klefki\n|-resisted|p2a: Klefki\n|-damage|p2a: Klefki|89\/100\n|\n|-heal|p1a: ROOSEL HENNY|78\/100|[from] item: Leftovers\n|upkeep\n|turn|3\n|l| Coldramen57\n|\n|t:|1699585164\n|switch|p1a: Charizard X|Charizard, F, shiny|100\/100\n|move|p2a: Klefki|Thunder Wave|p1a: Charizard X\n|-status|p1a: Charizard X|par\n|\n|upkeep\n|turn|4\n|\n|t:|1699585181\n|detailschange|p1a: Charizard X|Charizard-Mega-X, F, shiny\n|-mega|p1a: Charizard X|Charizard|Charizardite X\n|move|p2a: Klefki|Substitute|p2a: Klefki\n|-start|p2a: Klefki|Substitute\n|-damage|p2a: Klefki|64\/100\n|move|p1a: Charizard X|Flare Blitz|p2a: Klefki\n|-supereffective|p2a: Klefki\n|-end|p2a: Klefki|Substitute\n|-damage|p1a: Charizard X|92\/100 par|[from] Recoil|[of] p2a: Klefki\n|\n|upkeep\n|turn|5\n|\n|t:|1699585217\n|switch|p2a: Torkoal|Torkoal, F|100\/100\n|-damage|p2a: Torkoal|76\/100|[from] Stealth Rock\n|-weather|SunnyDay|[from] ability: Drought|[of] p2a: Torkoal\n|move|p1a: Charizard X|Flare Blitz|p2a: Torkoal\n|-resisted|p2a: Torkoal\n|-damage|p2a: Torkoal|41\/100\n|-damage|p1a: Charizard X|79\/100 par|[from] Recoil\n|\n|-weather|SunnyDay|[upkeep]\n|upkeep\n|turn|6\n|\n|t:|1699585231\n|cant|p1a: Charizard X|par\n|move|p2a: Torkoal|Rapid Spin|p1a: Charizard X\n|-damage|p1a: Charizard X|69\/100 par\n|-boost|p2a: Torkoal|spe|1\n|-sideend|p2: sandsword|Stealth Rock|[from] move: Rapid Spin|[of] p2a: Torkoal\n|\n|-weather|SunnyDay|[upkeep]\n|upkeep\n|turn|7\n|\n|t:|1699585249\n|move|p1a: Charizard X|Earthquake|p2a: Torkoal\n|-supereffective|p2a: Torkoal\n|-damage|p2a: Torkoal|0 fnt\n|faint|p2a: Torkoal\n|\n|-weather|SunnyDay|[upkeep]\n|upkeep\n|\n|t:|1699585260\n|switch|p2a: Sandy Shocks|Sandy Shocks|100\/100\n|-activate|p2a: Sandy Shocks|ability: Protosynthesis\n|-start|p2a: Sandy Shocks|protosynthesisspe\n|turn|8\n|\n|t:|1699585274\n|move|p2a: Sandy Shocks|Earth Power|p1a: Charizard X\n|-supereffective|p1a: Charizard X\n|-damage|p1a: Charizard X|0 fnt\n|faint|p1a: Charizard X\n|\n|-weather|SunnyDay|[upkeep]\n|upkeep\n|\n|t:|1699585283\n|switch|p1a: FAT ALBERT|Mamoswine, F|100\/100\n|turn|9\n|\n|t:|1699585303\n|move|p1a: FAT ALBERT|Ice Shard|p2a: Sandy Shocks\n|-supereffective|p2a: Sandy Shocks\n|-crit|p2a: Sandy Shocks\n|-damage|p2a: Sandy Shocks|11\/100\n|-damage|p1a: FAT ALBERT|91\/100|[from] item: Life Orb\n|move|p2a: Sandy Shocks|Earth Power|p1a: FAT ALBERT\n|-damage|p1a: FAT ALBERT|15\/100\n|\n|-weather|SunnyDay|[upkeep]\n|upkeep\n|turn|10\n|\n|t:|1699585313\n|-end|p2a: Sandy Shocks|Protosynthesis|[silent]\n|switch|p2a: Klefki|Klefki, M|64\/100\n|move|p1a: FAT ALBERT|Ice Shard|p2a: Klefki\n|-resisted|p2a: Klefki\n|-damage|p2a: Klefki|51\/100\n|-damage|p1a: FAT ALBERT|5\/100|[from] item: Life Orb\n|\n|-weather|SunnyDay|[upkeep]\n|upkeep\n|turn|11\n|\n|t:|1699585331\n|move|p2a: Klefki|Light Screen|p2a: Klefki\n|-sidestart|p2: sandsword|move: Light Screen\n|move|p1a: FAT ALBERT|Knock Off|p2a: Klefki\n|-resisted|p2a: Klefki\n|-damage|p2a: Klefki|32\/100\n|-enditem|p2a: Klefki|Light Clay|[from] move: Knock Off|[of] p1a: FAT ALBERT\n|-damage|p1a: FAT ALBERT|0 fnt|[from] item: Life Orb\n|faint|p1a: FAT ALBERT\n|\n|-weather|SunnyDay|[upkeep]\n|upkeep\n|\n|t:|1699585340\n|switch|p1a: EMO SCENE GURL|Tapu Lele, shiny|100\/100\n|-fieldstart|move: Psychic Terrain|[from] ability: Psychic Surge|[of] p1a: EMO SCENE GURL\n|turn|12\n|\n|t:|1699585351\n|move|p2a: Klefki|Thunder Wave|p1a: EMO SCENE GURL\n|-activate|p1a: EMO SCENE GURL|move: Psychic Terrain\n|move|p1a: EMO SCENE GURL|Moonblast|p2a: Klefki\n|-resisted|p2a: Klefki\n|-damage|p2a: Klefki|7\/100\n|-unboost|p2a: Klefki|spa|1\n|\n|-weather|none\n|upkeep\n|turn|13\n|\n|t:|1699585366\n|switch|p2a: Nihilego|Nihilego|100\/100\n|move|p1a: EMO SCENE GURL|Moonblast|p2a: Nihilego\n|-resisted|p2a: Nihilego\n|-damage|p2a: Nihilego|90\/100\n|-unboost|p2a: Nihilego|spa|1\n|\n|upkeep\n|turn|14\n|j| CryAndComplain23\n|\n|t:|1699585385\n|switch|p1a: CRACK PIPE|Bronzong, shiny|100\/100\n|move|p2a: Nihilego|Power Gem|p1a: CRACK PIPE\n|-resisted|p1a: CRACK PIPE\n|-damage|p1a: CRACK PIPE|87\/100\n|\n|-heal|p1a: CRACK PIPE|93\/100|[from] item: Leftovers\n|upkeep\n|turn|15\n|\n|t:|1699585407\n|switch|p2a: Tyranitar|Tyranitar, M|100\/100\n|-weather|Sandstorm|[from] ability: Sand Stream|[of] p2a: Tyranitar\n|move|p1a: CRACK PIPE|Gyro Ball|p2a: Tyranitar\n|-supereffective|p2a: Tyranitar\n|-damage|p2a: Tyranitar|55\/100\n|\n|-weather|Sandstorm|[upkeep]\n|-heal|p1a: CRACK PIPE|99\/100|[from] item: Leftovers\n|upkeep\n|turn|16\n|\n|t:|1699585416\n|detailschange|p2a: Tyranitar|Tyranitar-Mega, M\n|-mega|p2a: Tyranitar|Tyranitar|Tyranitarite\n|move|p2a: Tyranitar|Crunch|p1a: CRACK PIPE\n|-supereffective|p1a: CRACK PIPE\n|-damage|p1a: CRACK PIPE|18\/100\n|move|p1a: CRACK PIPE|Steel Roller|p2a: Tyranitar\n|-supereffective|p2a: Tyranitar\n|-damage|p2a: Tyranitar|0 fnt\n|-fieldend|move: Psychic Terrain\n|faint|p2a: Tyranitar\n|\n|-weather|Sandstorm|[upkeep]\n|-heal|p1a: CRACK PIPE|24\/100|[from] item: Leftovers\n|upkeep\n|\n|t:|1699585427\n|switch|p2a: Excadrill|Excadrill, M|100\/100\n|turn|17\n|j| Coldramen57\n|\n|t:|1699585434\n|switch|p1a: EMO SCENE GURL|Tapu Lele, shiny|100\/100\n|-fieldstart|move: Psychic Terrain|[from] ability: Psychic Surge|[of] p1a: EMO SCENE GURL\n|move|p2a: Excadrill|Swords Dance|p2a: Excadrill\n|-boost|p2a: Excadrill|atk|2\n|\n|-weather|Sandstorm|[upkeep]\n|-damage|p1a: EMO SCENE GURL|94\/100|[from] Sandstorm\n|upkeep\n|turn|18\n|\n|t:|1699585459\n|switch|p1a: CRACK PIPE|Bronzong, shiny|24\/100\n|move|p2a: Excadrill|Iron Head|p1a: CRACK PIPE\n|-resisted|p1a: CRACK PIPE\n|-crit|p1a: CRACK PIPE\n|-damage|p1a: CRACK PIPE|0 fnt\n|faint|p1a: CRACK PIPE\n|\n|-weather|Sandstorm|[upkeep]\n|-sideend|p2: sandsword|move: Light Screen\n|upkeep\n|\n|t:|1699585484\n|switch|p1a: Shaun Mckelvee|Alakazam, M|100\/100\n|turn|19\n|\n|t:|1699585502\n|move|p2a: Excadrill|Earthquake|p1a: Shaun Mckelvee\n|-damage|p1a: Shaun Mckelvee|0 fnt\n|faint|p1a: Shaun Mckelvee\n|\n|-weather|none\n|upkeep\n|\n|t:|1699585509\n|switch|p1a: ROOSEL HENNY|Empoleon, M, shiny|78\/100\n|turn|20\n|\n|t:|1699585520\n|move|p2a: Excadrill|Earthquake|p1a: ROOSEL HENNY\n|-supereffective|p1a: ROOSEL HENNY\n|-damage|p1a: ROOSEL HENNY|0 fnt\n|faint|p1a: ROOSEL HENNY\n|\n|upkeep\n|\n|t:|1699585522\n|switch|p1a: EMO SCENE GURL|Tapu Lele, shiny|94\/100\n|turn|21\n|\n|t:|1699585530\n|move|p2a: Excadrill|Iron Head|p1a: EMO SCENE GURL\n|-supereffective|p1a: EMO SCENE GURL\n|-damage|p1a: EMO SCENE GURL|0 fnt\n|faint|p1a: EMO SCENE GURL\n|\n|win|sandsword\n|l|\u2606king schmuck\n","uploadtime":1699585535,"views":15,"p1id":"kingschmuck","p2id":"sandsword","formatid":"gen9nationaldex","rating":0,"private":0,"password":""}