{"id":"gen9nationaldex-1990005627","p1":"imbleed","p2":"tidepacito","format":"[Gen 9] National Dex","log":"|j|\u2606imbleed\n|j|\u2606tidepacito\n|t:|1699914614\n|gametype|singles\n|player|p1|imbleed|poppy|1500\n|player|p2|tidepacito|169|1522\n|teamsize|p1|6\n|teamsize|p2|6\n|gen|9\n|tier|[Gen 9] National Dex\n|rated|\n|rule|HP Percentage Mod: HP is shown in percentages\n|rule|Endless Battle Clause: Forcing endless battles is banned\n|rule|OHKO Clause: OHKO moves are banned\n|rule|Evasion Clause: Evasion abilities, items, and moves are banned\n|rule|Evasion Abilities Clause: Evasion abilities are banned\n|rule|Evasion Items Clause: Evasion items are banned\n|rule|Evasion Moves Clause: Evasion moves are banned\n|rule|Species Clause: Limit one of each Pok\u00e9mon\n|rule|Sleep Clause Mod: Limit one foe put to sleep\n|clearpoke\n|poke|p1|Dusclops, M|\n|poke|p1|Arboliva, M|\n|poke|p1|Landorus-Therian, M|\n|poke|p1|Huntail, F|\n|poke|p1|Boltund, F|\n|poke|p1|Ribombee, M|\n|poke|p2|Victini|\n|poke|p2|Chandelure, M|\n|poke|p2|Torkoal, M|\n|poke|p2|Clodsire, M|\n|poke|p2|Great Tusk|\n|poke|p2|Lopunny, M|\n|teampreview\n|inactive|Battle timer is ON: inactive players will automatically lose when time's up. (requested by tidepacito)\n|j| Lonsol\n|\n|t:|1699914643\n|start\n|switch|p1a: great tusk@home|Landorus-Therian, M|100\/100\n|switch|p2a: Torkoal|Torkoal, M|100\/100\n|-ability|p1a: great tusk@home|Intimidate|boost\n|-unboost|p2a: Torkoal|atk|1\n|-weather|SunnyDay|[from] ability: Drought|[of] p2a: Torkoal\n|turn|1\n|l|\u2606tidepacito\n|inactive|tidepacito disconnected and has a minute to reconnect!\n|player|p2|\n|j|\u2606tidepacito\n|inactive|tidepacito reconnected and has 145 seconds left.\n|player|p2|tidepacito|169\n|j| kung fu pokechu\n|\n|t:|1699914657\n|switch|p2a: Great Tusk|Great Tusk|100\/100\n|-activate|p2a: Great Tusk|ability: Protosynthesis\n|-start|p2a: Great Tusk|protosynthesisdef\n|move|p1a: great tusk@home|Earthquake|p2a: Great Tusk\n|-damage|p2a: Great Tusk|78\/100\n|\n|-weather|SunnyDay|[upkeep]\n|-heal|p2a: Great Tusk|84\/100|[from] item: Leftovers\n|upkeep\n|turn|2\n|\n|t:|1699914663\n|switch|p1a: me clops|Dusclops, M|100\/100\n|-ability|p1a: me clops|Pressure\n|move|p2a: Great Tusk|Knock Off|p1a: me clops\n|-supereffective|p1a: me clops\n|-damage|p1a: me clops|65\/100\n|-enditem|p1a: me clops|Eviolite|[from] move: Knock Off|[of] p2a: Great Tusk\n|\n|-weather|SunnyDay|[upkeep]\n|-heal|p2a: Great Tusk|91\/100|[from] item: Leftovers\n|upkeep\n|turn|3\n|\n|t:|1699914672\n|-end|p2a: Great Tusk|Protosynthesis|[silent]\n|switch|p2a: Chandelure|Chandelure, M|100\/100\n|move|p1a: me clops|Toxic|p2a: Chandelure\n|-status|p2a: Chandelure|tox\n|\n|-weather|SunnyDay|[upkeep]\n|-damage|p2a: Chandelure|94\/100 tox|[from] psn\n|upkeep\n|turn|4\n|\n|t:|1699914679\n|switch|p1a: very slow no?|Arboliva, M|100\/100\n|move|p2a: Chandelure|Fire Blast|p1a: very slow no?\n|-supereffective|p1a: very slow no?\n|-damage|p1a: very slow no?|0 fnt\n|faint|p1a: very slow no?\n|\n|-weather|SunnyDay|[upkeep]\n|-damage|p2a: Chandelure|82\/100 tox|[from] psn\n|upkeep\n|\n|t:|1699914702\n|switch|p1a: great tusk@home|Landorus-Therian, M|100\/100\n|-ability|p1a: great tusk@home|Intimidate|boost\n|-unboost|p2a: Chandelure|atk|1\n|turn|5\n|inactive|imbleed has 120 seconds left.\n|\n|t:|1699914732\n|-terastallize|p2a: Chandelure|Dark\n|move|p1a: great tusk@home|Earthquake|p2a: Chandelure\n|-damage|p2a: Chandelure|4\/100 tox\n|move|p2a: Chandelure|Fire Blast|p1a: great tusk@home\n|-damage|p1a: great tusk@home|0 fnt\n|faint|p1a: great tusk@home\n|\n|-weather|SunnyDay|[upkeep]\n|-damage|p2a: Chandelure|0 fnt|[from] psn\n|faint|p2a: Chandelure\n|upkeep\n|inactive|imbleed has 120 seconds left.\n|inactive|tidepacito has 120 seconds left.\n|\n|t:|1699914770\n|switch|p1a: me clops|Dusclops, M|65\/100\n|switch|p2a: Victini|Victini|100\/100\n|-ability|p1a: me clops|Pressure\n|turn|6\n|\n|t:|1699914777\n|move|p2a: Victini|V-create|p1a: me clops\n|-damage|p1a: me clops|0 fnt\n|-unboost|p2a: Victini|spe|1\n|-unboost|p2a: Victini|def|1\n|-unboost|p2a: Victini|spd|1\n|faint|p1a: me clops\n|\n|-weather|SunnyDay|[upkeep]\n|upkeep\n|\n|t:|1699914783\n|switch|p1a: no bee|Ribombee, M|100\/100\n|turn|7\n|inactive|imbleed has 120 seconds left.\n|\n|t:|1699914788\n|move|p1a: no bee|Sticky Web|p2a: Victini\n|-sidestart|p2: tidepacito|move: Sticky Web\n|move|p2a: Victini|V-create|p1a: no bee\n|-supereffective|p1a: no bee\n|-enditem|p1a: no bee|Focus Sash\n|-damage|p1a: no bee|1\/100\n|-unboost|p2a: Victini|spe|1\n|-unboost|p2a: Victini|def|1\n|-unboost|p2a: Victini|spd|1\n|\n|-weather|SunnyDay|[upkeep]\n|upkeep\n|turn|8\n|\n|t:|1699914794\n|switch|p2a: Clodsire|Clodsire, M|100\/100\n|-activate|p2a: Clodsire|move: Sticky Web\n|-unboost|p2a: Clodsire|spe|1\n|move|p1a: no bee|Stun Spore|p2a: Clodsire|[miss]\n|-miss|p1a: no bee|p2a: Clodsire\n|\n|-weather|none\n|upkeep\n|turn|9\n|\n|t:|1699914802\n|move|p1a: no bee|Stun Spore|p2a: Clodsire|[miss]\n|-miss|p1a: no bee|p2a: Clodsire\n|move|p2a: Clodsire|Earthquake|p1a: no bee\n|-resisted|p1a: no bee\n|-damage|p1a: no bee|0 fnt\n|faint|p1a: no bee\n|\n|upkeep\n|\n|t:|1699914813\n|switch|p1a: very fast yes|Huntail, F|100\/100\n|turn|10\n|\n|t:|1699914817\n|move|p1a: very fast yes|Waterfall|p2a: Clodsire\n|-immune|p2a: Clodsire|[from] ability: Water Absorb\n|move|p2a: Clodsire|Toxic|p1a: very fast yes\n|-status|p1a: very fast yes|tox\n|\n|-damage|p1a: very fast yes|95\/100 tox|[from] psn\n|upkeep\n|turn|11\n|\n|t:|1699914824\n|move|p1a: very fast yes|Shell Smash|p1a: very fast yes\n|-unboost|p1a: very fast yes|def|1\n|-unboost|p1a: very fast yes|spd|1\n|-boost|p1a: very fast yes|atk|2\n|-boost|p1a: very fast yes|spa|2\n|-boost|p1a: very fast yes|spe|2\n|move|p2a: Clodsire|Earthquake|p1a: very fast yes\n|-damage|p1a: very fast yes|44\/100 tox\n|\n|-damage|p1a: very fast yes|32\/100 tox|[from] psn\n|upkeep\n|turn|12\n|\n|t:|1699914835\n|move|p1a: very fast yes|Ice Fang|p2a: Clodsire\n|-supereffective|p2a: Clodsire\n|-damage|p2a: Clodsire|20\/100\n|move|p2a: Clodsire|Earthquake|p1a: very fast yes\n|-damage|p1a: very fast yes|0 fnt\n|faint|p1a: very fast yes\n|\n|-heal|p2a: Clodsire|26\/100|[from] item: Black Sludge\n|upkeep\n|\n|t:|1699914840\n|switch|p1a: dogwater|Boltund, F|100\/100\n|turn|13\n|\n|t:|1699914847\n|move|p1a: dogwater|Fire Fang|p2a: Clodsire\n|-damage|p2a: Clodsire|0 fnt\n|faint|p2a: Clodsire\n|\n|upkeep\n|\n|t:|1699914849\n|switch|p2a: Great Tusk|Great Tusk|91\/100\n|-activate|p2a: Great Tusk|move: Sticky Web\n|-unboost|p2a: Great Tusk|spe|1\n|turn|14\n|\n|t:|1699914857\n|-terastallize|p1a: dogwater|Ground\n|move|p1a: dogwater|Bulk Up|p1a: dogwater\n|-boost|p1a: dogwater|atk|1\n|-boost|p1a: dogwater|def|1\n|move|p2a: Great Tusk|Earthquake|p1a: dogwater\n|-damage|p1a: dogwater|47\/100\n|\n|-heal|p1a: dogwater|54\/100|[from] item: Leftovers\n|-heal|p2a: Great Tusk|97\/100|[from] item: Leftovers\n|upkeep\n|turn|15\n|\n|t:|1699914865\n|move|p1a: dogwater|Electrify|p2a: Great Tusk\n|-singleturn|p2a: Great Tusk|move: Electrify\n|move|p2a: Great Tusk|Rapid Spin|p1a: dogwater\n|-immune|p1a: dogwater\n|\n|-heal|p1a: dogwater|60\/100|[from] item: Leftovers\n|-heal|p2a: Great Tusk|100\/100|[from] item: Leftovers\n|upkeep\n|turn|16\n|\n|t:|1699914878\n|-end|p2a: Great Tusk|Protosynthesis|[silent]\n|switch|p2a: Torkoal|Torkoal, M|100\/100\n|-activate|p2a: Torkoal|move: Sticky Web\n|-unboost|p2a: Torkoal|spe|1\n|-weather|SunnyDay|[from] ability: Drought|[of] p2a: Torkoal\n|move|p1a: dogwater|Electrify|p2a: Torkoal\n|-singleturn|p2a: Torkoal|move: Electrify\n|\n|-weather|SunnyDay|[upkeep]\n|-heal|p1a: dogwater|66\/100|[from] item: Leftovers\n|upkeep\n|turn|17\n|\n|t:|1699914894\n|switch|p2a: Lopunny|Lopunny, M|100\/100\n|-activate|p2a: Lopunny|move: Sticky Web\n|-unboost|p2a: Lopunny|spe|1\n|move|p1a: dogwater|Thunder Fang|p2a: Lopunny\n|-damage|p2a: Lopunny|10\/100\n|-start|p1a: dogwater|Attract|[from] ability: Cute Charm|[of] p2a: Lopunny\n|\n|-weather|SunnyDay|[upkeep]\n|-heal|p1a: dogwater|72\/100|[from] item: Leftovers\n|upkeep\n|turn|18\n|inactive|imbleed has 120 seconds left.\n|l|\u2606tidepacito\n|inactive|tidepacito disconnected and has a minute to reconnect!\n|player|p2|\n|\n|t:|1699914932\n|detailschange|p2a: Lopunny|Lopunny-Mega, M\n|-mega|p2a: Lopunny|Lopunny|Lopunnite\n|move|p2a: Lopunny|Fake Out|p1a: dogwater\n|-damage|p1a: dogwater|44\/100\n|cant|p1a: dogwater|flinch\n|\n|-weather|SunnyDay|[upkeep]\n|-heal|p1a: dogwater|50\/100|[from] item: Leftovers\n|upkeep\n|turn|19\n|j|\u2606tidepacito\n|inactive|tidepacito reconnected and has 150 seconds left.\n|player|p2|tidepacito|169\n|inactive|imbleed has 120 seconds left.\n|\n|t:|1699914937\n|move|p2a: Lopunny|Fake Out||[still]\n|-hint|Fake Out only works on your first turn out.\n|-fail|p2a: Lopunny\n|-activate|p1a: dogwater|move: Attract|[of] p2a: Lopunny\n|cant|p1a: dogwater|Attract\n|\n|-weather|SunnyDay|[upkeep]\n|-heal|p1a: dogwater|56\/100|[from] item: Leftovers\n|upkeep\n|turn|20\n|\n|t:|1699914946\n|-activate|p1a: dogwater|move: Attract|[of] p2a: Lopunny\n|move|p1a: dogwater|Fire Fang|p2a: Lopunny\n|-damage|p2a: Lopunny|0 fnt\n|faint|p2a: Lopunny\n|-end|p1a: dogwater|Attract|[silent]\n|\n|-weather|SunnyDay|[upkeep]\n|-heal|p1a: dogwater|62\/100|[from] item: Leftovers\n|upkeep\n|\n|t:|1699914968\n|switch|p2a: Victini|Victini|100\/100\n|-activate|p2a: Victini|move: Sticky Web\n|-unboost|p2a: Victini|spe|1\n|turn|21\n|\n|t:|1699914973\n|move|p1a: dogwater|Electrify|p2a: Victini\n|-singleturn|p2a: Victini|move: Electrify\n|move|p2a: Victini|Trick|p1a: dogwater\n|-activate|p2a: Victini|move: Trick|[of] p1a: dogwater\n|-item|p1a: dogwater|Choice Band|[from] move: Trick\n|-item|p2a: Victini|Leftovers|[from] move: Trick\n|\n|-weather|SunnyDay|[upkeep]\n|upkeep\n|turn|22\n|\n|t:|1699914987\n|move|p1a: dogwater|Fire Fang|p2a: Victini\n|-resisted|p2a: Victini\n|-crit|p2a: Victini\n|-damage|p2a: Victini|30\/100\n|move|p2a: Victini|V-create|p1a: dogwater\n|-damage|p1a: dogwater|0 fnt\n|-unboost|p2a: Victini|spe|1\n|-unboost|p2a: Victini|def|1\n|-unboost|p2a: Victini|spd|1\n|faint|p1a: dogwater\n|\n|win|tidepacito\n|raw|imbleed's rating: 1500 &rarr; <strong>1481<\/strong><br \/>(-19 for losing)\n|raw|tidepacito's rating: 1522 &rarr; <strong>1541<\/strong><br \/>(+19 for winning)\n","uploadtime":1699914995,"views":16,"p1id":"imbleed","p2id":"tidepacito","formatid":"gen9nationaldex","rating":1481,"private":0,"password":""}