{"id":"gen9nationaldex-1989233071","p1":"BIGHAXORUSFAN147","p2":"ImagineWagins","format":"[Gen 9] National Dex","log":"|j|\u2606BIGHAXORUSFAN147\n|j|\u2606ImagineWagins\n|t:|1699826170\n|gametype|singles\n|player|p1|BIGHAXORUSFAN147|grimsley-masters|1571\n|player|p2|ImagineWagins|blaine|1653\n|teamsize|p1|6\n|teamsize|p2|6\n|gen|9\n|tier|[Gen 9] National Dex\n|rated|\n|rule|HP Percentage Mod: HP is shown in percentages\n|rule|Endless Battle Clause: Forcing endless battles is banned\n|rule|OHKO Clause: OHKO moves are banned\n|rule|Evasion Clause: Evasion abilities, items, and moves are banned\n|rule|Evasion Abilities Clause: Evasion abilities are banned\n|rule|Evasion Items Clause: Evasion items are banned\n|rule|Evasion Moves Clause: Evasion moves are banned\n|rule|Species Clause: Limit one of each Pok\u00e9mon\n|rule|Sleep Clause Mod: Limit one foe put to sleep\n|clearpoke\n|poke|p1|Ogerpon-Wellspring, F|\n|poke|p1|Volcarona, M|\n|poke|p1|Garchomp, M|\n|poke|p1|Mawile, F|\n|poke|p1|Zapdos|\n|poke|p1|Chansey, F|\n|poke|p2|Sinistcha-Masterpiece|\n|poke|p2|Slaking, M|\n|poke|p2|Blissey, F|\n|poke|p2|Gliscor, M|\n|poke|p2|Alomomola, M|\n|poke|p2|Gengar, F|\n|teampreview\n|inactive|Battle timer is ON: inactive players will automatically lose when time's up. (requested by ImagineWagins)\n|\n|t:|1699826195\n|start\n|switch|p1a: Zapdos|Zapdos|100\/100\n|switch|p2a: Gliscor|Gliscor, M|100\/100\n|turn|1\n|\n|t:|1699826200\n|switch|p2a: Blissey|Blissey, F|100\/100\n|move|p1a: Zapdos|Hurricane|p2a: Blissey\n|-damage|p2a: Blissey|82\/100\n|\n|upkeep\n|turn|2\n|\n|t:|1699826213\n|switch|p1a: Garchomp|Garchomp, M|100\/100\n|move|p2a: Blissey|Stealth Rock|p1a: Garchomp\n|-sidestart|p1: BIGHAXORUSFAN147|move: Stealth Rock\n|\n|upkeep\n|turn|3\n|\n|t:|1699826217\n|move|p1a: Garchomp|Stealth Rock|p2a: Blissey\n|-sidestart|p2: ImagineWagins|move: Stealth Rock\n|move|p2a: Blissey|Toxic|p1a: Garchomp\n|-status|p1a: Garchomp|tox\n|\n|-damage|p1a: Garchomp|94\/100 tox|[from] psn\n|upkeep\n|turn|4\n|\n|t:|1699826221\n|switch|p2a: Gliscor|Gliscor, M|100\/100\n|-damage|p2a: Gliscor|88\/100|[from] Stealth Rock\n|move|p1a: Garchomp|Swords Dance|p1a: Garchomp\n|-boost|p1a: Garchomp|atk|2\n|\n|-damage|p1a: Garchomp|82\/100 tox|[from] psn\n|-status|p2a: Gliscor|tox|[from] item: Toxic Orb\n|upkeep\n|turn|5\n|\n|t:|1699826227\n|move|p1a: Garchomp|Outrage|p2a: Gliscor\n|-damage|p2a: Gliscor|17\/100 tox\n|move|p2a: Gliscor|Toxic Spikes|p1a: Garchomp\n|-sidestart|p1: BIGHAXORUSFAN147|move: Toxic Spikes\n|\n|-damage|p1a: Garchomp|64\/100 tox|[from] psn\n|-heal|p2a: Gliscor|29\/100 tox|[from] ability: Poison Heal\n|upkeep\n|turn|6\n|\n|t:|1699826234\n|switch|p2a: Alomomola|Alomomola, M|100\/100\n|move|p1a: Garchomp|Outrage|p2a: Alomomola|[from]lockedmove\n|-damage|p2a: Alomomola|30\/100\n|\n|-damage|p1a: Garchomp|39\/100 tox|[from] psn\n|upkeep\n|turn|7\n|\n|t:|1699826237\n|move|p2a: Alomomola|Protect|p2a: Alomomola\n|-singleturn|p2a: Alomomola|Protect\n|move|p1a: Garchomp|Outrage|p2a: Alomomola|[from]lockedmove\n|-activate|p2a: Alomomola|move: Protect\n|-start|p1a: Garchomp|confusion|[fatigue]\n|\n|-damage|p1a: Garchomp|8\/100 tox|[from] psn\n|upkeep\n|turn|8\n|\n|t:|1699826242\n|move|p2a: Alomomola|Protect||[still]\n|-fail|p2a: Alomomola\n|-activate|p1a: Garchomp|confusion\n|-damage|p1a: Garchomp|0 fnt|[from] confusion\n|faint|p1a: Garchomp\n|\n|upkeep\n|j| YJLF2\n|\n|t:|1699826254\n|switch|p1a: Volcarona|Volcarona, M|100\/100\n|turn|9\n|\n|t:|1699826257\n|move|p1a: Volcarona|Quiver Dance|p1a: Volcarona\n|-boost|p1a: Volcarona|spa|1\n|-boost|p1a: Volcarona|spd|1\n|-boost|p1a: Volcarona|spe|1\n|move|p2a: Alomomola|Toxic|p1a: Volcarona\n|-status|p1a: Volcarona|tox\n|\n|-damage|p1a: Volcarona|94\/100 tox|[from] psn\n|upkeep\n|turn|10\n|j| Lilm_mo1\n|\n|t:|1699826274\n|switch|p2a: Blissey|Blissey, F|82\/100\n|move|p1a: Volcarona|Bug Buzz|p2a: Blissey\n|-damage|p2a: Blissey|59\/100\n|\n|-damage|p1a: Volcarona|82\/100 tox|[from] psn\n|upkeep\n|turn|11\n|\n|t:|1699826281\n|move|p1a: Volcarona|Bug Buzz|p2a: Blissey\n|-damage|p2a: Blissey|36\/100\n|move|p2a: Blissey|Soft-Boiled|p2a: Blissey\n|-heal|p2a: Blissey|86\/100\n|\n|-damage|p1a: Volcarona|64\/100 tox|[from] psn\n|upkeep\n|turn|12\n|\n|t:|1699826284\n|switch|p1a: Mawile|Mawile, F|100\/100\n|-damage|p1a: Mawile|95\/100|[from] Stealth Rock\n|-ability|p1a: Mawile|Intimidate|boost\n|-unboost|p2a: Blissey|atk|1\n|move|p2a: Blissey|Seismic Toss|p1a: Mawile\n|-damage|p1a: Mawile|58\/100\n|\n|upkeep\n|turn|13\n|\n|t:|1699826289\n|switch|p2a: Gliscor|Gliscor, M|29\/100 tox\n|-damage|p2a: Gliscor|17\/100 tox|[from] Stealth Rock\n|detailschange|p1a: Mawile|Mawile-Mega, F\n|-mega|p1a: Mawile|Mawile|Mawilite\n|move|p1a: Mawile|Knock Off|p2a: Gliscor\n|-damage|p2a: Gliscor|0 fnt\n|-enditem|p2a: Gliscor|Toxic Orb|[from] move: Knock Off|[of] p1a: Mawile\n|faint|p2a: Gliscor\n|\n|upkeep\n|\n|t:|1699826293\n|switch|p2a: Slaking|Slaking, M|100\/100\n|-damage|p2a: Slaking|88\/100|[from] Stealth Rock\n|turn|14\n|\n|t:|1699826297\n|switch|p1a: Volcarona|Volcarona, M|64\/100 tox\n|move|p2a: Slaking|Fire Punch|p1a: Volcarona\n|-damage|p1a: Volcarona|12\/100 tox\n|-status|p2a: Slaking|brn|[from] ability: Flame Body|[of] p1a: Volcarona\n|\n|-damage|p1a: Volcarona|6\/100 tox|[from] psn\n|-damage|p2a: Slaking|82\/100 brn|[from] brn\n|upkeep\n|turn|15\n|\n|t:|1699826306\n|switch|p2a: Blissey|Blissey, F|86\/100\n|move|p1a: Volcarona|Roost|p1a: Volcarona\n|-heal|p1a: Volcarona|56\/100 tox\n|-singleturn|p1a: Volcarona|move: Roost\n|\n|-damage|p1a: Volcarona|43\/100 tox|[from] psn\n|upkeep\n|turn|16\n|\n|t:|1699826312\n|switch|p1a: Mawile|Mawile-Mega, F|58\/100\n|-damage|p1a: Mawile|52\/100|[from] Stealth Rock\n|move|p2a: Blissey|Seismic Toss|p1a: Mawile\n|-damage|p1a: Mawile|15\/100\n|\n|upkeep\n|turn|17\n|j| BurritoSave\n|l| BurritoSave\n|\n|t:|1699826326\n|move|p1a: Mawile|Play Rough|p2a: Blissey\n|-damage|p2a: Blissey|10\/100\n|move|p2a: Blissey|Seismic Toss|p1a: Mawile\n|-damage|p1a: Mawile|0 fnt\n|faint|p1a: Mawile\n|\n|upkeep\n|\n|t:|1699826350\n|switch|p1a: Zapdos|Zapdos|100\/100\n|turn|18\n|\n|t:|1699826353\n|move|p1a: Zapdos|Volt Switch|p2a: Blissey\n|-damage|p2a: Blissey|0 fnt\n|faint|p2a: Blissey\n|\n|t:|1699826357\n|switch|p1a: Volcarona|Volcarona, M|43\/100 tox|[from] Volt Switch\n|\n|-damage|p1a: Volcarona|37\/100 tox|[from] psn\n|upkeep\n|\n|t:|1699826360\n|switch|p2a: Gengar|Gengar, F|100\/100\n|-damage|p2a: Gengar|88\/100|[from] Stealth Rock\n|turn|19\n|\n|t:|1699826366\n|move|p2a: Gengar|Sludge Wave|p1a: Volcarona\n|-damage|p1a: Volcarona|0 fnt\n|faint|p1a: Volcarona\n|\n|upkeep\n|\n|t:|1699826375\n|switch|p1a: Ogerpon|Ogerpon-Wellspring, F|100\/100\n|-damage|p1a: Ogerpon|88\/100|[from] Stealth Rock\n|-status|p1a: Ogerpon|psn\n|turn|20\n|\n|t:|1699826384\n|switch|p2a: Sinistcha|Sinistcha-Masterpiece|100\/100\n|-damage|p2a: Sinistcha|88\/100|[from] Stealth Rock\n|-terastallize|p1a: Ogerpon|Water\n|detailschange|p1a: Ogerpon|Ogerpon-Wellspring-Tera, F, tera:Water\n|-ability|p1a: Ogerpon|Embody Aspect (Wellspring)|boost\n|-boost|p1a: Ogerpon|spd|1\n|move|p1a: Ogerpon|Ivy Cudgel|p2a: Sinistcha\n|-resisted|p2a: Sinistcha\n|-damage|p2a: Sinistcha|61\/100\n|\n|-heal|p2a: Sinistcha|68\/100|[from] item: Leftovers\n|-damage|p1a: Ogerpon|76\/100 psn|[from] psn\n|upkeep\n|turn|21\n|\n|t:|1699826387\n|move|p1a: Ogerpon|U-turn|p2a: Sinistcha\n|-damage|p2a: Sinistcha|50\/100\n|\n|t:|1699826390\n|switch|p1a: Chansey|Chansey, F|100\/100|[from] U-turn\n|-damage|p1a: Chansey|88\/100|[from] Stealth Rock\n|-status|p1a: Chansey|psn\n|move|p2a: Sinistcha|Strength Sap|p1a: Chansey\n|-unboost|p1a: Chansey|atk|1\n|-heal|p2a: Sinistcha|54\/100\n|\n|-heal|p2a: Sinistcha|60\/100|[from] item: Leftovers\n|-damage|p1a: Chansey|76\/100 psn|[from] psn\n|upkeep\n|turn|22\n|\n|t:|1699826399\n|switch|p2a: Slaking|Slaking, M|82\/100 brn\n|-damage|p2a: Slaking|69\/100 brn|[from] Stealth Rock\n|move|p1a: Chansey|Teleport|p1a: Chansey\n|\n|t:|1699826401\n|-curestatus|p1a: Chansey|psn|[from] ability: Natural Cure\n|switch|p1a: Ogerpon|Ogerpon-Wellspring-Tera, F, tera:Water|76\/100 psn|[from] Teleport\n|-damage|p1a: Ogerpon|64\/100 psn|[from] Stealth Rock\n|-ability|p1a: Ogerpon|Embody Aspect (Wellspring)|boost\n|-boost|p1a: Ogerpon|spd|1\n|\n|-damage|p1a: Ogerpon|51\/100 psn|[from] psn\n|-damage|p2a: Slaking|63\/100 brn|[from] brn\n|upkeep\n|turn|23\n|\n|t:|1699826408\n|move|p1a: Ogerpon|Ivy Cudgel|p2a: Slaking\n|-crit|p2a: Slaking\n|-damage|p2a: Slaking|0 fnt\n|faint|p2a: Slaking\n|\n|-damage|p1a: Ogerpon|39\/100 psn|[from] psn\n|upkeep\n|\n|t:|1699826412\n|switch|p2a: Sinistcha|Sinistcha-Masterpiece|60\/100\n|-damage|p2a: Sinistcha|47\/100|[from] Stealth Rock\n|turn|24\n|\n|t:|1699826416\n|move|p1a: Ogerpon|U-turn|p2a: Sinistcha\n|-damage|p2a: Sinistcha|27\/100\n|\n|t:|1699826418\n|switch|p1a: Chansey|Chansey, F|76\/100|[from] U-turn\n|-damage|p1a: Chansey|63\/100|[from] Stealth Rock\n|-status|p1a: Chansey|psn\n|move|p2a: Sinistcha|Matcha Gotcha|p1a: Chansey\n|-damage|p1a: Chansey|53\/100 psn\n|-heal|p2a: Sinistcha|37\/100|[from] drain|[of] p1a: Chansey\n|\n|-heal|p2a: Sinistcha|43\/100|[from] item: Leftovers\n|-damage|p1a: Chansey|41\/100 psn|[from] psn\n|upkeep\n|turn|25\n|\n|t:|1699826428\n|-terastallize|p2a: Sinistcha|Poison\n|move|p2a: Sinistcha|Calm Mind|p2a: Sinistcha\n|-boost|p2a: Sinistcha|spa|1\n|-boost|p2a: Sinistcha|spd|1\n|move|p1a: Chansey|Soft-Boiled|p1a: Chansey\n|-heal|p1a: Chansey|91\/100 psn\n|\n|-heal|p2a: Sinistcha|49\/100|[from] item: Leftovers\n|-damage|p1a: Chansey|79\/100 psn|[from] psn\n|upkeep\n|turn|26\n|\n|t:|1699826434\n|move|p2a: Sinistcha|Matcha Gotcha|p1a: Chansey\n|-damage|p1a: Chansey|62\/100 psn\n|-heal|p2a: Sinistcha|66\/100|[from] drain|[of] p1a: Chansey\n|move|p1a: Chansey|Seismic Toss|p2a: Sinistcha\n|-damage|p2a: Sinistcha|37\/100\n|\n|-heal|p2a: Sinistcha|43\/100|[from] item: Leftovers\n|-damage|p1a: Chansey|50\/100 psn|[from] psn\n|upkeep\n|turn|27\n|\n|t:|1699826439\n|move|p2a: Sinistcha|Calm Mind|p2a: Sinistcha\n|-boost|p2a: Sinistcha|spa|1\n|-boost|p2a: Sinistcha|spd|1\n|move|p1a: Chansey|Soft-Boiled|p1a: Chansey\n|-heal|p1a: Chansey|99\/100 psn\n|\n|-heal|p2a: Sinistcha|49\/100|[from] item: Leftovers\n|-damage|p1a: Chansey|88\/100 psn|[from] psn\n|upkeep\n|turn|28\n|\n|t:|1699826443\n|move|p2a: Sinistcha|Matcha Gotcha|p1a: Chansey|[miss]\n|-miss|p2a: Sinistcha|p1a: Chansey\n|move|p1a: Chansey|Seismic Toss|p2a: Sinistcha\n|-damage|p2a: Sinistcha|20\/100\n|\n|-heal|p2a: Sinistcha|26\/100|[from] item: Leftovers\n|-damage|p1a: Chansey|75\/100 psn|[from] psn\n|upkeep\n|turn|29\n|\n|t:|1699826446\n|move|p2a: Sinistcha|Matcha Gotcha|p1a: Chansey\n|-damage|p1a: Chansey|57\/100 psn\n|-heal|p2a: Sinistcha|45\/100|[from] drain|[of] p1a: Chansey\n|move|p1a: Chansey|Seismic Toss|p2a: Sinistcha\n|-damage|p2a: Sinistcha|16\/100\n|\n|-heal|p2a: Sinistcha|22\/100|[from] item: Leftovers\n|-damage|p1a: Chansey|44\/100 psn|[from] psn\n|upkeep\n|turn|30\n|\n|t:|1699826451\n|move|p2a: Sinistcha|Calm Mind|p2a: Sinistcha\n|-boost|p2a: Sinistcha|spa|1\n|-boost|p2a: Sinistcha|spd|1\n|move|p1a: Chansey|Soft-Boiled|p1a: Chansey\n|-heal|p1a: Chansey|94\/100 psn\n|\n|-heal|p2a: Sinistcha|29\/100|[from] item: Leftovers\n|-damage|p1a: Chansey|82\/100 psn|[from] psn\n|upkeep\n|turn|31\n|\n|t:|1699826454\n|move|p2a: Sinistcha|Matcha Gotcha|p1a: Chansey\n|-damage|p1a: Chansey|57\/100 psn\n|-heal|p2a: Sinistcha|54\/100|[from] drain|[of] p1a: Chansey\n|move|p1a: Chansey|Seismic Toss|p2a: Sinistcha\n|-damage|p2a: Sinistcha|25\/100\n|\n|-heal|p2a: Sinistcha|31\/100|[from] item: Leftovers\n|-damage|p1a: Chansey|45\/100 psn|[from] psn\n|upkeep\n|turn|32\n|\n|t:|1699826460\n|move|p2a: Sinistcha|Matcha Gotcha|p1a: Chansey|[miss]\n|-miss|p2a: Sinistcha|p1a: Chansey\n|move|p1a: Chansey|Soft-Boiled|p1a: Chansey\n|-heal|p1a: Chansey|95\/100 psn\n|\n|-heal|p2a: Sinistcha|37\/100|[from] item: Leftovers\n|-damage|p1a: Chansey|82\/100 psn|[from] psn\n|upkeep\n|turn|33\n|\n|t:|1699826462\n|move|p2a: Sinistcha|Matcha Gotcha|p1a: Chansey\n|-damage|p1a: Chansey|59\/100 psn\n|-heal|p2a: Sinistcha|61\/100|[from] drain|[of] p1a: Chansey\n|move|p1a: Chansey|Seismic Toss|p2a: Sinistcha\n|-damage|p2a: Sinistcha|32\/100\n|\n|-heal|p2a: Sinistcha|38\/100|[from] item: Leftovers\n|-damage|p1a: Chansey|46\/100 psn|[from] psn\n|upkeep\n|turn|34\n|\n|t:|1699826468\n|move|p2a: Sinistcha|Matcha Gotcha|p1a: Chansey|[miss]\n|-miss|p2a: Sinistcha|p1a: Chansey\n|move|p1a: Chansey|Soft-Boiled|p1a: Chansey\n|-heal|p1a: Chansey|97\/100 psn\n|\n|-heal|p2a: Sinistcha|44\/100|[from] item: Leftovers\n|-damage|p1a: Chansey|84\/100 psn|[from] psn\n|upkeep\n|turn|35\n|\n|t:|1699826470\n|move|p2a: Sinistcha|Matcha Gotcha|p1a: Chansey\n|-damage|p1a: Chansey|58\/100 psn\n|-heal|p2a: Sinistcha|70\/100|[from] drain|[of] p1a: Chansey\n|move|p1a: Chansey|Seismic Toss|p2a: Sinistcha\n|-damage|p2a: Sinistcha|42\/100\n|\n|-heal|p2a: Sinistcha|48\/100|[from] item: Leftovers\n|-damage|p1a: Chansey|46\/100 psn|[from] psn\n|upkeep\n|turn|36\n|\n|t:|1699826475\n|move|p2a: Sinistcha|Calm Mind|p2a: Sinistcha\n|-boost|p2a: Sinistcha|spa|1\n|-boost|p2a: Sinistcha|spd|1\n|move|p1a: Chansey|Seismic Toss|p2a: Sinistcha\n|-damage|p2a: Sinistcha|19\/100\n|\n|-heal|p2a: Sinistcha|25\/100|[from] item: Leftovers\n|-damage|p1a: Chansey|34\/100 psn|[from] psn\n|upkeep\n|turn|37\n|\n|t:|1699826477\n|move|p2a: Sinistcha|Matcha Gotcha|p1a: Chansey\n|-damage|p1a: Chansey|5\/100 psn\n|-heal|p2a: Sinistcha|54\/100|[from] drain|[of] p1a: Chansey\n|move|p1a: Chansey|Seismic Toss|p2a: Sinistcha\n|-damage|p2a: Sinistcha|25\/100\n|\n|-heal|p2a: Sinistcha|31\/100|[from] item: Leftovers\n|-damage|p1a: Chansey|0 fnt|[from] psn\n|faint|p1a: Chansey\n|upkeep\n|\n|t:|1699826481\n|switch|p1a: Ogerpon|Ogerpon-Wellspring-Tera, F, tera:Water|39\/100 psn\n|-damage|p1a: Ogerpon|27\/100 psn|[from] Stealth Rock\n|-ability|p1a: Ogerpon|Embody Aspect (Wellspring)|boost\n|-boost|p1a: Ogerpon|spd|1\n|turn|38\n|\n|t:|1699826487\n|move|p1a: Ogerpon|Ivy Cudgel|p2a: Sinistcha\n|-damage|p2a: Sinistcha|0 fnt\n|faint|p2a: Sinistcha\n|\n|-damage|p1a: Ogerpon|14\/100 psn|[from] psn\n|upkeep\n|\n|t:|1699826493\n|switch|p2a: Alomomola|Alomomola, M|63\/100\n|turn|39\n|\n|t:|1699826496\n|move|p2a: Alomomola|Protect|p2a: Alomomola\n|-singleturn|p2a: Alomomola|Protect\n|move|p1a: Ogerpon|Horn Leech|p2a: Alomomola\n|-activate|p2a: Alomomola|move: Protect\n|\n|-damage|p1a: Ogerpon|2\/100 psn|[from] psn\n|upkeep\n|turn|40\n|\n|t:|1699826504\n|switch|p2a: Gengar|Gengar, F|88\/100\n|-damage|p2a: Gengar|76\/100|[from] Stealth Rock\n|move|p1a: Ogerpon|Horn Leech|p2a: Gengar\n|-resisted|p2a: Gengar\n|-damage|p2a: Gengar|34\/100\n|-heal|p1a: Ogerpon|20\/100 psn|[from] drain|[of] p2a: Gengar\n|\n|-damage|p1a: Ogerpon|8\/100 psn|[from] psn\n|upkeep\n|turn|41\n|\n|t:|1699826512\n|move|p2a: Gengar|Sludge Wave|p1a: Ogerpon\n|-damage|p1a: Ogerpon|0 fnt\n|faint|p1a: Ogerpon\n|\n|upkeep\n|\n|t:|1699826514\n|switch|p1a: Zapdos|Zapdos|100\/100\n|turn|42\n|\n|t:|1699826519\n|move|p2a: Gengar|Sludge Wave|p1a: Zapdos\n|-damage|p1a: Zapdos|49\/100\n|move|p1a: Zapdos|Volt Switch|p2a: Gengar\n|-damage|p2a: Gengar|0 fnt\n|faint|p2a: Gengar\n|\n|upkeep\n|-message|ImagineWagins forfeited.\n|\n|win|BIGHAXORUSFAN147\n|raw|BIGHAXORUSFAN147's rating: 1571 &rarr; <strong>1596<\/strong><br \/>(+25 for winning)\n|raw|ImagineWagins's rating: 1653 &rarr; <strong>1628<\/strong><br \/>(-25 for losing)\n|l|\u2606ImagineWagins\n","uploadtime":1699826540,"views":20,"p1id":"bighaxorusfan147","p2id":"imaginewagins","formatid":"gen9nationaldex","rating":1596,"private":0,"password":""}