{"id":"gen9nationaldex-1993805233","p1":"I'MLOUDASF","p2":"snorkelmannen","format":"[Gen 9] National Dex","log":"|j|\u2606I'MLOUDASF\n|j|\u2606snorkelmannen\n|t:|1700359425\n|gametype|singles\n|player|p1|I'MLOUDASF|wallace|\n|player|p2|snorkelmannen|101|\n|teamsize|p1|6\n|teamsize|p2|6\n|gen|9\n|tier|[Gen 9] National Dex\n|rule|HP Percentage Mod: HP is shown in percentages\n|rule|Endless Battle Clause: Forcing endless battles is banned\n|rule|OHKO Clause: OHKO moves are banned\n|rule|Evasion Clause: Evasion abilities, items, and moves are banned\n|rule|Evasion Abilities Clause: Evasion abilities are banned\n|rule|Evasion Items Clause: Evasion items are banned\n|rule|Evasion Moves Clause: Evasion moves are banned\n|rule|Species Clause: Limit one of each Pok\u00e9mon\n|rule|Sleep Clause Mod: Limit one foe put to sleep\n|clearpoke\n|poke|p1|Mew|\n|poke|p1|Vivillon, F|\n|poke|p1|Flaaffy, F|\n|poke|p1|Bewear, F|\n|poke|p1|Victini|\n|poke|p1|Tapu Lele|\n|poke|p2|Ninetales, M|\n|poke|p2|Togedemaru, M|\n|poke|p2|Lilligant-Hisui, F|\n|poke|p2|Flygon, F|\n|poke|p2|Dodrio, M|\n|poke|p2|Inteleon, F|\n|teampreview\n|\n|t:|1700359454\n|start\n|switch|p1a: Jiggles|Flaaffy, F|100\/100\n|switch|p2a: Dorito|Dodrio, M|100\/100\n|turn|1\n|\n|t:|1700359474\n|switch|p2a: ewww|Flygon, F|100\/100\n|-terastallize|p1a: Jiggles|Electric\n|move|p1a: Jiggles|Thunderbolt|p2a: ewww\n|-immune|p2a: ewww\n|\n|upkeep\n|turn|2\n|\n|t:|1700359481\n|move|p2a: ewww|Earthquake|p1a: Jiggles\n|-supereffective|p1a: Jiggles\n|-damage|p1a: Jiggles|19\/100\n|move|p1a: Jiggles|Power Gem|p2a: ewww\n|-resisted|p2a: ewww\n|-damage|p2a: ewww|91\/100\n|\n|upkeep\n|turn|3\n|\n|t:|1700359493\n|-singleturn|p1a: Jiggles|move: Focus Punch\n|move|p2a: ewww|Earthquake|p1a: Jiggles\n|-supereffective|p1a: Jiggles\n|-damage|p1a: Jiggles|0 fnt\n|faint|p1a: Jiggles\n|\n|upkeep\n|\n|t:|1700359509\n|switch|p1a: Butter|Vivillon, F, shiny|100\/100\n|turn|4\n|\n|t:|1700359546\n|switch|p2a: marble|Togedemaru, M|100\/100\n|move|p1a: Butter|Bug Buzz|p2a: marble\n|-resisted|p2a: marble\n|-damage|p2a: marble|77\/100\n|\n|upkeep\n|turn|5\n|\n|t:|1700359565\n|move|p2a: marble|Zing Zap|p1a: Butter\n|-supereffective|p1a: Butter\n|-damage|p1a: Butter|0 fnt\n|faint|p1a: Butter\n|\n|upkeep\n|\n|t:|1700359586\n|switch|p1a: Headband|Bewear, F|100\/100\n|turn|6\n|\n|t:|1700359622\n|-singleturn|p1a: Headband|move: Focus Punch\n|move|p2a: marble|Zen Headbutt|p1a: Headband\n|-supereffective|p1a: Headband\n|-damage|p1a: Headband|78\/100\n|cant|p1a: Headband|Focus Punch|Focus Punch\n|\n|upkeep\n|turn|7\n|\n|t:|1700359639\n|move|p2a: marble|Zen Headbutt|p1a: Headband\n|-supereffective|p1a: Headband\n|-damage|p1a: Headband|54\/100\n|move|p1a: Headband|High Horsepower|p2a: marble\n|-supereffective|p2a: marble\n|-damage|p2a: marble|0 fnt\n|-damage|p1a: Headband|41\/100|[from] ability: Iron Barbs|[of] p2a: marble\n|-damage|p1a: Headband|25\/100|[from] item: Rocky Helmet|[of] p2a: marble\n|-enditem|p1a: Headband|Aguav Berry|[eat]\n|-heal|p1a: Headband|58\/100|[from] item: Aguav Berry\n|faint|p2a: marble\n|\n|upkeep\n|\n|t:|1700359683\n|switch|p2a: belle|Lilligant-Hisui, F, shiny|100\/100\n|turn|8\n|\n|t:|1700359697\n|move|p2a: belle|Axe Kick|p1a: Headband|[miss]\n|-miss|p2a: belle|p1a: Headband\n|-damage|p2a: belle|51\/100|[from] highjumpkick\n|move|p1a: Headband|Double-Edge|p2a: belle\n|-damage|p2a: belle|0 fnt\n|faint|p2a: belle\n|-damage|p1a: Headband|46\/100|[from] Recoil\n|\n|upkeep\n|\n|t:|1700359723\n|switch|p2a: Dorito|Dodrio, M|100\/100\n|turn|9\n|\n|t:|1700359738\n|move|p2a: Dorito|Jump Kick|p1a: Headband\n|-supereffective|p1a: Headband\n|-damage|p1a: Headband|16\/100\n|move|p1a: Headband|Superpower|p2a: Dorito\n|-damage|p2a: Dorito|20\/100\n|-unboost|p1a: Headband|atk|1\n|-unboost|p1a: Headband|def|1\n|-enditem|p2a: Dorito|Wiki Berry|[eat]\n|-heal|p2a: Dorito|53\/100|[from] item: Wiki Berry\n|-start|p2a: Dorito|confusion\n|\n|upkeep\n|turn|10\n|\n|t:|1700359749\n|-singleturn|p1a: Headband|move: Focus Punch\n|-activate|p2a: Dorito|confusion\n|move|p2a: Dorito|Jump Kick|p1a: Headband\n|-supereffective|p1a: Headband\n|-damage|p1a: Headband|0 fnt\n|faint|p1a: Headband\n|\n|upkeep\n|\n|t:|1700359762\n|switch|p1a: Vikky|Victini|100\/100\n|turn|11\n|\n|t:|1700359788\n|switch|p2a: fish head|Inteleon, F|100\/100\n|move|p1a: Vikky|Blue Flare|p2a: fish head\n|-resisted|p2a: fish head\n|-damage|p2a: fish head|67\/100\n|-status|p2a: fish head|brn\n|\n|-damage|p2a: fish head|61\/100 brn|[from] brn\n|upkeep\n|turn|12\n|\n|t:|1700359798\n|move|p2a: fish head|Snipe Shot|p1a: Vikky\n|-supereffective|p1a: Vikky\n|-damage|p1a: Vikky|26\/100\n|move|p1a: Vikky|Overheat|p2a: fish head\n|-resisted|p2a: fish head\n|-damage|p2a: fish head|26\/100 brn\n|-unboost|p1a: Vikky|spa|2\n|\n|-damage|p2a: fish head|20\/100 brn|[from] brn\n|upkeep\n|-enditem|p2a: fish head|Lansat Berry|[eat]\n|-start|p2a: fish head|move: Focus Energy\n|turn|13\n|\n|t:|1700359812\n|move|p2a: fish head|Snipe Shot|p1a: Vikky\n|-supereffective|p1a: Vikky\n|-crit|p1a: Vikky\n|-damage|p1a: Vikky|0 fnt\n|faint|p1a: Vikky\n|\n|-damage|p2a: fish head|14\/100 brn|[from] brn\n|upkeep\n|\n|t:|1700359820\n|switch|p1a: Prince|Tapu Lele, shiny|100\/100\n|-fieldstart|move: Psychic Terrain|[from] ability: Psychic Surge|[of] p1a: Prince\n|turn|14\n|\n|t:|1700359864\n|move|p2a: fish head|Snipe Shot|p1a: Prince\n|-crit|p1a: Prince\n|-damage|p1a: Prince|0 fnt\n|faint|p1a: Prince\n|\n|-damage|p2a: fish head|8\/100 brn|[from] brn\n|upkeep\n|\n|t:|1700359870\n|switch|p1a: Whiskey|Mew|100\/100\n|turn|15\n|\n|t:|1700359891\n|move|p2a: fish head|Snipe Shot|p1a: Whiskey\n|-crit|p1a: Whiskey\n|-damage|p1a: Whiskey|0 fnt\n|faint|p1a: Whiskey\n|\n|win|snorkelmannen\n|l|\u2606I'MLOUDASF\n","uploadtime":1700359995,"views":13,"p1id":"imloudasf","p2id":"snorkelmannen","formatid":"gen9nationaldex","rating":0,"private":0,"password":""}