{"id":"gen9nationaldex-1990370097","p1":"nintales","p2":"bigshoota","format":"[Gen 9] National Dex","log":"|j|\u2606nintales\n|j|\u2606bigshoota\n|t:|1699963345\n|gametype|singles\n|player|p1|nintales|266|\n|player|p2|bigshoota|skyla|\n|teamsize|p1|6\n|teamsize|p2|6\n|gen|9\n|tier|[Gen 9] National Dex\n|rule|HP Percentage Mod: HP is shown in percentages\n|rule|Endless Battle Clause: Forcing endless battles is banned\n|rule|OHKO Clause: OHKO moves are banned\n|rule|Evasion Clause: Evasion abilities, items, and moves are banned\n|rule|Evasion Abilities Clause: Evasion abilities are banned\n|rule|Evasion Items Clause: Evasion items are banned\n|rule|Evasion Moves Clause: Evasion moves are banned\n|rule|Species Clause: Limit one of each Pok\u00e9mon\n|rule|Sleep Clause Mod: Limit one foe put to sleep\n|clearpoke\n|poke|p1|Bellibolt, F|\n|poke|p1|Dhelmise|\n|poke|p1|Steelix, F|\n|poke|p1|Garbodor, M|\n|poke|p1|Kingdra, M|\n|poke|p1|Alcremie, F|\n|poke|p2|Klefki, M|\n|poke|p2|Steelix, M|\n|poke|p2|Honchkrow, F|\n|poke|p2|Heliolisk, M|\n|poke|p2|Mismagius, M|\n|poke|p2|Jellicent, M|\n|teampreview\n|c|\u2606bigshoota|glhf!\n|\n|t:|1699963366\n|start\n|switch|p1a: Steelix|Steelix, F|100\/100\n|switch|p2a: Mismagius|Mismagius, M|100\/100\n|turn|1\n|c|\u2606nintales|glhf!\n|\n|t:|1699963378\n|switch|p1a: Alcremie|Alcremie, F|100\/100\n|move|p2a: Mismagius|Will-O-Wisp|p1a: Alcremie\n|-status|p1a: Alcremie|brn\n|\n|-damage|p1a: Alcremie|95\/100 brn|[from] brn\n|upkeep\n|turn|2\n|\n|t:|1699963386\n|move|p2a: Mismagius|Hex|p1a: Alcremie\n|-damage|p1a: Alcremie|62\/100 brn\n|move|p1a: Alcremie|Calm Mind|p1a: Alcremie\n|-boost|p1a: Alcremie|spa|1\n|-boost|p1a: Alcremie|spd|1\n|\n|-heal|p1a: Alcremie|68\/100 brn|[from] item: Leftovers\n|-damage|p1a: Alcremie|62\/100 brn|[from] brn\n|upkeep\n|turn|3\n|\n|t:|1699963399\n|move|p2a: Mismagius|Hex|p1a: Alcremie\n|-damage|p1a: Alcremie|42\/100 brn\n|move|p1a: Alcremie|Recover|p1a: Alcremie\n|-heal|p1a: Alcremie|92\/100 brn\n|\n|-heal|p1a: Alcremie|98\/100 brn|[from] item: Leftovers\n|-damage|p1a: Alcremie|92\/100 brn|[from] brn\n|upkeep\n|turn|4\n|\n|t:|1699963423\n|switch|p2a: Heliolisk|Heliolisk, M|100\/100\n|move|p1a: Alcremie|Dazzling Gleam|p2a: Heliolisk\n|-damage|p2a: Heliolisk|38\/100\n|\n|-heal|p1a: Alcremie|98\/100 brn|[from] item: Leftovers\n|-damage|p1a: Alcremie|92\/100 brn|[from] brn\n|upkeep\n|turn|5\n|\n|t:|1699963432\n|move|p2a: Heliolisk|Thunderbolt|p1a: Alcremie\n|-damage|p1a: Alcremie|67\/100 brn\n|move|p1a: Alcremie|Dazzling Gleam|p2a: Heliolisk\n|-damage|p2a: Heliolisk|0 fnt\n|faint|p2a: Heliolisk\n|\n|-heal|p1a: Alcremie|73\/100 brn|[from] item: Leftovers\n|-damage|p1a: Alcremie|67\/100 brn|[from] brn\n|upkeep\n|\n|t:|1699963435\n|switch|p2a: Honchkrow|Honchkrow, F|100\/100\n|turn|6\n|\n|t:|1699963439\n|move|p2a: Honchkrow|Brave Bird|p1a: Alcremie\n|-crit|p1a: Alcremie\n|-damage|p1a: Alcremie|0 fnt\n|faint|p1a: Alcremie\n|-ability|p2a: Honchkrow|Moxie|boost\n|-boost|p2a: Honchkrow|atk|1\n|-damage|p2a: Honchkrow|81\/100|[from] Recoil\n|\n|-heal|p2a: Honchkrow|87\/100|[from] item: Leftovers\n|upkeep\n|\n|t:|1699963445\n|switch|p1a: Bellibolt|Bellibolt, F|100\/100\n|turn|7\n|\n|t:|1699963452\n|switch|p2a: Steelix|Steelix, M|100\/100\n|move|p1a: Bellibolt|Muddy Water|p2a: Steelix\n|-supereffective|p2a: Steelix\n|-damage|p2a: Steelix|47\/100\n|-unboost|p2a: Steelix|accuracy|1\n|\n|-heal|p2a: Steelix|53\/100|[from] item: Leftovers\n|upkeep\n|turn|8\n|\n|t:|1699963464\n|switch|p2a: Klefki|Klefki, M|100\/100\n|move|p1a: Bellibolt|Muddy Water|p2a: Klefki|[miss]\n|-miss|p1a: Bellibolt|p2a: Klefki\n|\n|upkeep\n|turn|9\n|c|\u2606nintales|big belli\n|\n|t:|1699963470\n|switch|p1a: Steelix|Steelix, F|100\/100\n|move|p2a: Klefki|Spikes|p1a: Steelix\n|-sidestart|p1: nintales|Spikes\n|\n|upkeep\n|turn|10\n|\n|t:|1699963477\n|move|p2a: Klefki|Spikes|p1a: Steelix\n|-sidestart|p1: nintales|Spikes\n|move|p1a: Steelix|Stealth Rock|p2a: Klefki\n|-sidestart|p2: bigshoota|move: Stealth Rock\n|\n|upkeep\n|turn|11\n|\n|t:|1699963483\n|move|p2a: Klefki|Spikes|p1a: Steelix\n|-sidestart|p1: nintales|Spikes\n|move|p1a: Steelix|Earthquake|p2a: Klefki\n|-supereffective|p2a: Klefki\n|-damage|p2a: Klefki|29\/100\n|\n|-heal|p2a: Klefki|35\/100|[from] item: Leftovers\n|upkeep\n|turn|12\n|\n|t:|1699963489\n|switch|p2a: Mismagius|Mismagius, M|100\/100\n|-damage|p2a: Mismagius|88\/100|[from] Stealth Rock\n|move|p1a: Steelix|Gyro Ball|p2a: Mismagius\n|-damage|p2a: Mismagius|44\/100\n|\n|-heal|p2a: Mismagius|50\/100|[from] item: Leftovers\n|upkeep\n|turn|13\n|\n|t:|1699963503\n|switch|p1a: Bellibolt|Bellibolt, F|100\/100\n|-damage|p1a: Bellibolt|76\/100|[from] Spikes\n|move|p2a: Mismagius|Will-O-Wisp|p1a: Bellibolt\n|-status|p1a: Bellibolt|brn\n|\n|-heal|p2a: Mismagius|56\/100|[from] item: Leftovers\n|-heal|p1a: Bellibolt|82\/100 brn|[from] item: Leftovers\n|-damage|p1a: Bellibolt|76\/100 brn|[from] brn\n|upkeep\n|turn|14\n|\n|t:|1699963509\n|move|p2a: Mismagius|Pain Split|p1a: Bellibolt\n|-sethp|p1a: Bellibolt|59\/100 brn|[from] move: Pain Split|[silent]\n|-sethp|p2a: Mismagius|77\/100|[from] move: Pain Split\n|move|p1a: Bellibolt|Volt Switch|p2a: Mismagius\n|-damage|p2a: Mismagius|53\/100\n|\n|t:|1699963517\n|switch|p1a: Dhelmise|Dhelmise|100\/100|[from] Volt Switch\n|\n|-heal|p2a: Mismagius|59\/100|[from] item: Leftovers\n|upkeep\n|turn|15\n|\n|t:|1699963529\n|switch|p2a: Honchkrow|Honchkrow, F|87\/100\n|-damage|p2a: Honchkrow|62\/100|[from] Stealth Rock\n|move|p1a: Dhelmise|Knock Off|p2a: Honchkrow\n|-resisted|p2a: Honchkrow\n|-damage|p2a: Honchkrow|40\/100\n|-enditem|p2a: Honchkrow|Leftovers|[from] move: Knock Off|[of] p1a: Dhelmise\n|\n|upkeep\n|turn|16\n|\n|t:|1699963538\n|move|p2a: Honchkrow|Pursuit|p1a: Dhelmise\n|-supereffective|p1a: Dhelmise\n|-damage|p1a: Dhelmise|52\/100\n|move|p1a: Dhelmise|Rapid Spin|p2a: Honchkrow\n|-damage|p2a: Honchkrow|15\/100\n|-boost|p1a: Dhelmise|spe|1\n|-sideend|p1: nintales|Spikes|[from] move: Rapid Spin|[of] p1a: Dhelmise\n|\n|upkeep\n|turn|17\n|\n|t:|1699963546\n|move|p2a: Honchkrow|Roost|p2a: Honchkrow\n|-heal|p2a: Honchkrow|65\/100\n|-singleturn|p2a: Honchkrow|move: Roost\n|move|p1a: Dhelmise|Rapid Spin|p2a: Honchkrow\n|-damage|p2a: Honchkrow|41\/100\n|-boost|p1a: Dhelmise|spe|1\n|\n|upkeep\n|turn|18\n|\n|t:|1699963557\n|switch|p1a: Kingdra|Kingdra, M|100\/100\n|move|p2a: Honchkrow|Sucker Punch||[still]\n|-fail|p2a: Honchkrow\n|\n|upkeep\n|turn|19\n|\n|t:|1699963562\n|move|p1a: Kingdra|Focus Energy|p1a: Kingdra\n|-start|p1a: Kingdra|move: Focus Energy\n|move|p2a: Honchkrow|Brave Bird|p1a: Kingdra\n|-damage|p1a: Kingdra|17\/100\n|-damage|p2a: Honchkrow|20\/100|[from] Recoil\n|\n|upkeep\n|turn|20\n|\n|t:|1699963568\n|move|p2a: Honchkrow|Sucker Punch|p1a: Kingdra\n|-damage|p1a: Kingdra|0 fnt\n|faint|p1a: Kingdra\n|-ability|p2a: Honchkrow|Moxie|boost\n|-boost|p2a: Honchkrow|atk|1\n|\n|upkeep\n|\n|t:|1699963578\n|switch|p1a: Steelix|Steelix, F|100\/100\n|turn|21\n|\n|t:|1699963583\n|switch|p2a: Jellicent|Jellicent, M|100\/100\n|-damage|p2a: Jellicent|88\/100|[from] Stealth Rock\n|move|p1a: Steelix|Gyro Ball|p2a: Jellicent\n|-resisted|p2a: Jellicent\n|-damage|p2a: Jellicent|76\/100\n|\n|-heal|p2a: Jellicent|82\/100|[from] item: Leftovers\n|upkeep\n|turn|22\n|\n|t:|1699963591\n|move|p2a: Jellicent|Hex|p1a: Steelix\n|-damage|p1a: Steelix|73\/100\n|move|p1a: Steelix|Toxic|p2a: Jellicent\n|-status|p2a: Jellicent|tox\n|\n|-heal|p2a: Jellicent|88\/100 tox|[from] item: Leftovers\n|-heal|p1a: Steelix|79\/100|[from] item: Leftovers\n|-damage|p2a: Jellicent|82\/100 tox|[from] psn\n|upkeep\n|turn|23\n|\n|t:|1699963596\n|switch|p1a: Bellibolt|Bellibolt, F|59\/100 brn\n|move|p2a: Jellicent|Toxic||[still]\n|-fail|p2a: Jellicent\n|\n|-heal|p2a: Jellicent|88\/100 tox|[from] item: Leftovers\n|-heal|p1a: Bellibolt|65\/100 brn|[from] item: Leftovers\n|-damage|p2a: Jellicent|76\/100 tox|[from] psn\n|-damage|p1a: Bellibolt|59\/100 brn|[from] brn\n|upkeep\n|turn|24\n|\n|t:|1699963603\n|switch|p2a: Mismagius|Mismagius, M|59\/100\n|-damage|p2a: Mismagius|47\/100|[from] Stealth Rock\n|move|p1a: Bellibolt|Slack Off|p1a: Bellibolt\n|-heal|p1a: Bellibolt|100\/100 brn\n|\n|-heal|p2a: Mismagius|53\/100|[from] item: Leftovers\n|-damage|p1a: Bellibolt|94\/100 brn|[from] brn\n|upkeep\n|turn|25\n|\n|t:|1699963609\n|move|p2a: Mismagius|Heal Bell|p2a: Mismagius\n|-activate|p2a: Mismagius|move: Heal Bell\n|-curestatus|p2: Jellicent|tox|[msg]\n|move|p1a: Bellibolt|Toxic|p2a: Mismagius\n|-status|p2a: Mismagius|tox\n|\n|-heal|p2a: Mismagius|59\/100 tox|[from] item: Leftovers\n|-heal|p1a: Bellibolt|100\/100 brn|[from] item: Leftovers\n|-damage|p2a: Mismagius|53\/100 tox|[from] psn\n|-damage|p1a: Bellibolt|94\/100 brn|[from] brn\n|upkeep\n|turn|26\n|\n|t:|1699963619\n|move|p2a: Mismagius|Pain Split|p1a: Bellibolt\n|-sethp|p1a: Bellibolt|68\/100 brn|[from] move: Pain Split|[silent]\n|-sethp|p2a: Mismagius|88\/100 tox|[from] move: Pain Split\n|move|p1a: Bellibolt|Volt Switch|p2a: Mismagius\n|-damage|p2a: Mismagius|64\/100 tox\n|\n|t:|1699963626\n|switch|p1a: Garbodor|Garbodor, M|100\/100|[from] Volt Switch\n|\n|-heal|p2a: Mismagius|71\/100 tox|[from] item: Leftovers\n|-damage|p2a: Mismagius|58\/100 tox|[from] psn\n|upkeep\n|turn|27\n|\n|t:|1699963630\n|move|p2a: Mismagius|Heal Bell|p2a: Mismagius\n|-activate|p2a: Mismagius|move: Heal Bell\n|-curestatus|p2a: Mismagius|tox|[msg]\n|move|p1a: Garbodor|Spikes|p2a: Mismagius\n|-sidestart|p2: bigshoota|Spikes\n|\n|-heal|p2a: Mismagius|64\/100|[from] item: Leftovers\n|upkeep\n|turn|28\n|\n|t:|1699963637\n|move|p2a: Mismagius|Will-O-Wisp|p1a: Garbodor\n|-status|p1a: Garbodor|brn\n|move|p1a: Garbodor|Spikes|p2a: Mismagius\n|-sidestart|p2: bigshoota|Spikes\n|\n|-heal|p2a: Mismagius|71\/100|[from] item: Leftovers\n|-damage|p1a: Garbodor|94\/100 brn|[from] brn\n|upkeep\n|turn|29\n|\n|t:|1699963639\n|move|p2a: Mismagius|Hex|p1a: Garbodor\n|-damage|p1a: Garbodor|48\/100 brn\n|move|p1a: Garbodor|Spikes|p2a: Mismagius\n|-sidestart|p2: bigshoota|Spikes\n|\n|-heal|p2a: Mismagius|77\/100|[from] item: Leftovers\n|-damage|p1a: Garbodor|42\/100 brn|[from] brn\n|upkeep\n|turn|30\n|\n|t:|1699963644\n|move|p2a: Mismagius|Hex|p1a: Garbodor\n|-damage|p1a: Garbodor|0 fnt\n|faint|p1a: Garbodor\n|\n|-heal|p2a: Mismagius|83\/100|[from] item: Leftovers\n|upkeep\n|\n|t:|1699963647\n|switch|p1a: Steelix|Steelix, F|79\/100\n|turn|31\n|\n|t:|1699963653\n|move|p2a: Mismagius|Will-O-Wisp|p1a: Steelix\n|-status|p1a: Steelix|brn\n|move|p1a: Steelix|Toxic|p2a: Mismagius\n|-status|p2a: Mismagius|tox\n|\n|-heal|p2a: Mismagius|89\/100 tox|[from] item: Leftovers\n|-heal|p1a: Steelix|86\/100 brn|[from] item: Leftovers\n|-damage|p2a: Mismagius|83\/100 tox|[from] psn\n|-damage|p1a: Steelix|79\/100 brn|[from] brn\n|upkeep\n|turn|32\n|\n|t:|1699963662\n|move|p2a: Mismagius|Heal Bell|p2a: Mismagius\n|-activate|p2a: Mismagius|move: Heal Bell\n|-curestatus|p2a: Mismagius|tox|[msg]\n|move|p1a: Steelix|Gyro Ball|p2a: Mismagius\n|-damage|p2a: Mismagius|60\/100\n|\n|-heal|p2a: Mismagius|66\/100|[from] item: Leftovers\n|-heal|p1a: Steelix|86\/100 brn|[from] item: Leftovers\n|-damage|p1a: Steelix|79\/100 brn|[from] brn\n|upkeep\n|turn|33\n|\n|t:|1699963669\n|move|p2a: Mismagius|Hex|p1a: Steelix\n|-damage|p1a: Steelix|13\/100 brn\n|move|p1a: Steelix|Gyro Ball|p2a: Mismagius\n|-damage|p2a: Mismagius|42\/100\n|\n|-heal|p2a: Mismagius|48\/100|[from] item: Leftovers\n|-heal|p1a: Steelix|19\/100 brn|[from] item: Leftovers\n|-damage|p1a: Steelix|13\/100 brn|[from] brn\n|upkeep\n|turn|34\n|c|\u2606nintales|boooy that mon is so annoying\n|\n|t:|1699963678\n|move|p2a: Mismagius|Hex|p1a: Steelix\n|-damage|p1a: Steelix|0 fnt\n|faint|p1a: Steelix\n|\n|-heal|p2a: Mismagius|54\/100|[from] item: Leftovers\n|upkeep\n|\n|t:|1699963685\n|switch|p1a: Dhelmise|Dhelmise|52\/100\n|turn|35\n|\n|t:|1699963688\n|move|p2a: Mismagius|Hex|p1a: Dhelmise\n|-supereffective|p1a: Dhelmise\n|-damage|p1a: Dhelmise|13\/100\n|move|p1a: Dhelmise|Knock Off|p2a: Mismagius\n|-supereffective|p2a: Mismagius\n|-damage|p2a: Mismagius|0 fnt\n|-enditem|p2a: Mismagius|Leftovers|[from] move: Knock Off|[of] p1a: Dhelmise\n|faint|p2a: Mismagius\n|\n|upkeep\n|\n|t:|1699963695\n|switch|p2a: Jellicent|Jellicent, M|76\/100\n|-damage|p2a: Jellicent|64\/100|[from] Stealth Rock\n|-damage|p2a: Jellicent|39\/100|[from] Spikes\n|turn|36\n|\n|t:|1699963700\n|switch|p1a: Bellibolt|Bellibolt, F|68\/100 brn\n|move|p2a: Jellicent|Hex|p1a: Bellibolt\n|-damage|p1a: Bellibolt|28\/100 brn\n|-start|p1a: Bellibolt|Charge|Hex|[from] ability: Electromorphosis\n|\n|-heal|p2a: Jellicent|45\/100|[from] item: Leftovers\n|-heal|p1a: Bellibolt|34\/100 brn|[from] item: Leftovers\n|-damage|p1a: Bellibolt|28\/100 brn|[from] brn\n|upkeep\n|turn|37\n|\n|t:|1699963705\n|move|p2a: Jellicent|Hex|p1a: Bellibolt\n|-damage|p1a: Bellibolt|0 fnt\n|faint|p1a: Bellibolt\n|\n|-heal|p2a: Jellicent|51\/100|[from] item: Leftovers\n|upkeep\n|\n|t:|1699963707\n|switch|p1a: Dhelmise|Dhelmise|13\/100\n|turn|38\n|\n|t:|1699963710\n|move|p2a: Jellicent|Hex|p1a: Dhelmise\n|-supereffective|p1a: Dhelmise\n|-damage|p1a: Dhelmise|0 fnt\n|faint|p1a: Dhelmise\n|\n|win|bigshoota\n|c|\u2606nintales|gg\n|c|\u2606nintales|I have another team I wanna try\n|l|\u2606nintales\n|c|\u2606bigshoota|gg sorry for crit on creme\n|j|\u2606nintales\n|player|p1|nintales|266\n","uploadtime":1699963731,"views":24,"p1id":"nintales","p2id":"bigshoota","formatid":"gen9nationaldex","rating":0,"private":0,"password":""}