{"id":"gen9nationaldex-1992421133","p1":"adampink","p2":"perh4ps","format":"[Gen 9] National Dex","log":"|j|\u2606adampink\n|j|\u2606perh4ps\n|t:|1700185573\n|gametype|singles\n|player|p1|adampink|grusha|\n|player|p2|perh4ps|2|\n|teamsize|p1|6\n|teamsize|p2|6\n|gen|9\n|tier|[Gen 9] National Dex\n|rule|HP Percentage Mod: HP is shown in percentages\n|rule|Endless Battle Clause: Forcing endless battles is banned\n|rule|OHKO Clause: OHKO moves are banned\n|rule|Evasion Clause: Evasion abilities, items, and moves are banned\n|rule|Evasion Abilities Clause: Evasion abilities are banned\n|rule|Evasion Items Clause: Evasion items are banned\n|rule|Evasion Moves Clause: Evasion moves are banned\n|rule|Species Clause: Limit one of each Pok\u00e9mon\n|rule|Sleep Clause Mod: Limit one foe put to sleep\n|clearpoke\n|poke|p1|Alomomola, F|\n|poke|p1|Rillaboom, F|\n|poke|p1|Landorus-Therian, M|\n|poke|p1|Scizor, F|\n|poke|p1|Tapu Koko|\n|poke|p1|Manaphy|\n|poke|p2|Armarouge, M|\n|poke|p2|Iron Hands|\n|poke|p2|Tangrowth, F|\n|poke|p2|Blacephalon|\n|poke|p2|Cloyster, F|\n|poke|p2|Ninetales-Alola, M|\n|teampreview\n|\n|t:|1700185610\n|start\n|switch|p1a: Manaphy|Manaphy|100\/100\n|switch|p2a: Mom's Spaghetti|Tangrowth, F|100\/100\n|turn|1\n|\n|t:|1700185618\n|move|p1a: Manaphy|Flip Turn|p2a: Mom's Spaghetti\n|-resisted|p2a: Mom's Spaghetti\n|-damage|p2a: Mom's Spaghetti|93\/100\n|\n|t:|1700185633\n|switch|p1a: Scizor|Scizor, F|100\/100|[from] Flip Turn\n|move|p2a: Mom's Spaghetti|Sunny Day|p2a: Mom's Spaghetti\n|-weather|SunnyDay\n|\n|-weather|SunnyDay|[upkeep]\n|upkeep\n|turn|2\n|\n|t:|1700185644\n|switch|p2a: One Shot|Armarouge, M|100\/100\n|detailschange|p1a: Scizor|Scizor-Mega, F\n|-mega|p1a: Scizor|Scizor|Scizorite\n|move|p1a: Scizor|U-turn|p2a: One Shot\n|-damage|p2a: One Shot|68\/100\n|\n|t:|1700185697\n|switch|p1a: Alomomola|Alomomola, F|100\/100|[from] U-turn\n|\n|-weather|SunnyDay|[upkeep]\n|upkeep\n|turn|3\n|\n|t:|1700185705\n|-terastallize|p1a: Alomomola|Dragon\n|move|p2a: One Shot|Energy Ball|p1a: Alomomola\n|-resisted|p1a: Alomomola\n|-damage|p1a: Alomomola|80\/100\n|move|p1a: Alomomola|Toxic|p2a: One Shot\n|-status|p2a: One Shot|tox\n|\n|-weather|SunnyDay|[upkeep]\n|-damage|p2a: One Shot|61\/100 tox|[from] psn\n|upkeep\n|turn|4\n|\n|t:|1700185715\n|switch|p2a: Cold Product|Ninetales-Alola, M|100\/100\n|-weather|Snow|[from] ability: Snow Warning|[of] p2a: Cold Product\n|move|p1a: Alomomola|Wish|p1a: Alomomola\n|\n|-weather|Snow|[upkeep]\n|upkeep\n|turn|5\n|\n|t:|1700185727\n|switch|p1a: Scizor|Scizor-Mega, F|100\/100\n|move|p2a: Cold Product|Aurora Veil|p2a: Cold Product\n|-sidestart|p2: perh4ps|move: Aurora Veil\n|\n|-weather|Snow|[upkeep]\n|upkeep\n|turn|6\n|\n|t:|1700185735\n|switch|p2a: One Shot|Armarouge, M|61\/100 tox\n|move|p1a: Scizor|Swords Dance|p1a: Scizor\n|-boost|p1a: Scizor|atk|2\n|\n|-weather|Snow|[upkeep]\n|-damage|p2a: One Shot|55\/100 tox|[from] psn\n|upkeep\n|turn|7\n|\n|t:|1700185745\n|switch|p1a: Alomomola|Alomomola, F, tera:Dragon|100\/100\n|move|p2a: One Shot|Armor Cannon|p1a: Alomomola\n|-resisted|p1a: Alomomola\n|-damage|p1a: Alomomola|52\/100\n|-unboost|p2a: One Shot|def|1\n|-unboost|p2a: One Shot|spd|1\n|\n|-weather|Snow|[upkeep]\n|-damage|p2a: One Shot|43\/100 tox|[from] psn\n|upkeep\n|turn|8\n|\n|t:|1700185755\n|move|p2a: One Shot|Armor Cannon|p1a: Alomomola\n|-resisted|p1a: Alomomola\n|-damage|p1a: Alomomola|5\/100\n|-unboost|p2a: One Shot|def|1\n|-unboost|p2a: One Shot|spd|1\n|move|p1a: Alomomola|Wish|p1a: Alomomola\n|\n|-weather|none\n|-damage|p2a: One Shot|25\/100 tox|[from] psn\n|upkeep\n|turn|9\n|\n|t:|1700185760\n|move|p1a: Alomomola|Protect|p1a: Alomomola\n|-singleturn|p1a: Alomomola|Protect\n|move|p2a: One Shot|Armor Cannon|p1a: Alomomola\n|-activate|p1a: Alomomola|move: Protect\n|\n|-heal|p1a: Alomomola|55\/100|[from] move: Wish|[wisher] Alomomola\n|-damage|p2a: One Shot|0 fnt|[from] psn\n|faint|p2a: One Shot\n|upkeep\n|\n|t:|1700185767\n|switch|p2a: Cold Product|Ninetales-Alola, M|100\/100\n|-weather|Snow|[from] ability: Snow Warning|[of] p2a: Cold Product\n|turn|10\n|\n|t:|1700185788\n|switch|p1a: Scizor|Scizor-Mega, F|100\/100\n|move|p2a: Cold Product|Nasty Plot|p2a: Cold Product\n|-boost|p2a: Cold Product|spa|2\n|\n|-weather|Snow|[upkeep]\n|upkeep\n|turn|11\n|\n|t:|1700185795\n|-terastallize|p2a: Cold Product|Water\n|move|p2a: Cold Product|Tera Blast|p1a: Scizor|[anim] Tera Blast Water\n|-damage|p1a: Scizor|50\/100\n|move|p1a: Scizor|Swords Dance|p1a: Scizor\n|-boost|p1a: Scizor|atk|2\n|\n|-weather|Snow|[upkeep]\n|upkeep\n|turn|12\n|\n|t:|1700185823\n|switch|p1a: Alomomola|Alomomola, F, tera:Dragon|88\/100\n|move|p2a: Cold Product|Blizzard|p1a: Alomomola\n|-supereffective|p1a: Alomomola\n|-damage|p1a: Alomomola|0 fnt\n|faint|p1a: Alomomola\n|\n|-weather|Snow|[upkeep]\n|-sideend|p2: perh4ps|move: Aurora Veil\n|upkeep\n|\n|t:|1700185838\n|switch|p1a: Rillaboom|Rillaboom, F|100\/100\n|-fieldstart|move: Grassy Terrain|[from] ability: Grassy Surge|[of] p1a: Rillaboom\n|turn|13\n|\n|t:|1700185849\n|switch|p2a: Mom's Spaghetti|Tangrowth, F|93\/100\n|move|p1a: Rillaboom|Grassy Glide|p2a: Mom's Spaghetti\n|-resisted|p2a: Mom's Spaghetti\n|-damage|p2a: Mom's Spaghetti|70\/100\n|\n|-weather|Snow|[upkeep]\n|-heal|p2a: Mom's Spaghetti|76\/100|[from] Grassy Terrain\n|upkeep\n|turn|14\n|\n|t:|1700185866\n|switch|p1a: Scizor|Scizor-Mega, F|50\/100\n|move|p2a: Mom's Spaghetti|Sunny Day|p2a: Mom's Spaghetti\n|-weather|SunnyDay\n|\n|-weather|SunnyDay|[upkeep]\n|-heal|p2a: Mom's Spaghetti|82\/100|[from] Grassy Terrain\n|-heal|p1a: Scizor|56\/100|[from] Grassy Terrain\n|upkeep\n|turn|15\n|\n|t:|1700185870\n|move|p2a: Mom's Spaghetti|Knock Off|p1a: Scizor\n|-damage|p1a: Scizor|42\/100\n|move|p1a: Scizor|Roost|p1a: Scizor\n|-heal|p1a: Scizor|92\/100\n|-singleturn|p1a: Scizor|move: Roost\n|\n|-weather|SunnyDay|[upkeep]\n|-heal|p2a: Mom's Spaghetti|88\/100|[from] Grassy Terrain\n|-heal|p1a: Scizor|98\/100|[from] Grassy Terrain\n|upkeep\n|turn|16\n|\n|t:|1700185872\n|move|p2a: Mom's Spaghetti|Solar Blade||[still]\n|-prepare|p2a: Mom's Spaghetti|Solar Blade\n|-anim|p2a: Mom's Spaghetti|Solar Blade|p1a: Scizor\n|-resisted|p1a: Scizor\n|-damage|p1a: Scizor|87\/100\n|move|p1a: Scizor|Swords Dance|p1a: Scizor\n|-boost|p1a: Scizor|atk|2\n|\n|-weather|SunnyDay|[upkeep]\n|-heal|p2a: Mom's Spaghetti|94\/100|[from] Grassy Terrain\n|-heal|p1a: Scizor|93\/100|[from] Grassy Terrain\n|upkeep\n|turn|17\n|\n|t:|1700185880\n|switch|p2a: Palms Are Sweaty|Iron Hands|100\/100\n|move|p1a: Scizor|Swords Dance|p1a: Scizor\n|-boost|p1a: Scizor|atk|2\n|\n|-weather|SunnyDay|[upkeep]\n|-heal|p1a: Scizor|99\/100|[from] Grassy Terrain\n|-fieldend|move: Grassy Terrain\n|upkeep\n|turn|18\n|\n|t:|1700185887\n|move|p2a: Palms Are Sweaty|Fake Out|p1a: Scizor\n|-resisted|p1a: Scizor\n|-damage|p1a: Scizor|94\/100\n|cant|p1a: Scizor|flinch\n|\n|-weather|none\n|upkeep\n|turn|19\n|\n|t:|1700185890\n|move|p1a: Scizor|U-turn|p2a: Palms Are Sweaty\n|-resisted|p2a: Palms Are Sweaty\n|-damage|p2a: Palms Are Sweaty|70\/100\n|\n|t:|1700185892\n|switch|p1a: Landorus|Landorus-Therian, M|100\/100|[from] U-turn\n|-ability|p1a: Landorus|Intimidate|boost\n|-unboost|p2a: Palms Are Sweaty|atk|1\n|move|p2a: Palms Are Sweaty|Drain Punch|p1a: Landorus\n|-resisted|p1a: Landorus\n|-damage|p1a: Landorus|90\/100\n|-heal|p2a: Palms Are Sweaty|74\/100|[from] drain|[of] p1a: Landorus\n|\n|upkeep\n|turn|20\n|\n|t:|1700185901\n|move|p1a: Landorus|Toxic|p2a: Palms Are Sweaty\n|-status|p2a: Palms Are Sweaty|tox\n|move|p2a: Palms Are Sweaty|Ice Punch|p1a: Landorus\n|-supereffective|p1a: Landorus\n|-damage|p1a: Landorus|28\/100\n|\n|-damage|p2a: Palms Are Sweaty|68\/100 tox|[from] psn\n|upkeep\n|turn|21\n|\n|t:|1700185912\n|move|p1a: Landorus|U-turn|p2a: Palms Are Sweaty\n|-resisted|p2a: Palms Are Sweaty\n|-damage|p2a: Palms Are Sweaty|62\/100 tox\n|\n|t:|1700185924\n|switch|p1a: Manaphy|Manaphy|100\/100|[from] U-turn\n|move|p2a: Palms Are Sweaty|Wild Charge|p1a: Manaphy\n|-supereffective|p1a: Manaphy\n|-damage|p1a: Manaphy|35\/100\n|-damage|p2a: Palms Are Sweaty|48\/100 tox|[from] Recoil\n|\n|-heal|p1a: Manaphy|41\/100|[from] item: Leftovers\n|-damage|p2a: Palms Are Sweaty|36\/100 tox|[from] psn\n|upkeep\n|turn|22\n|\n|t:|1700185940\n|move|p1a: Manaphy|Acid Armor|p1a: Manaphy\n|-boost|p1a: Manaphy|def|2\n|move|p2a: Palms Are Sweaty|Drain Punch|p1a: Manaphy\n|-damage|p1a: Manaphy|29\/100\n|-heal|p2a: Palms Are Sweaty|41\/100 tox|[from] drain|[of] p1a: Manaphy\n|\n|-heal|p1a: Manaphy|35\/100|[from] item: Leftovers\n|-damage|p2a: Palms Are Sweaty|23\/100 tox|[from] psn\n|upkeep\n|turn|23\n|\n|t:|1700185949\n|move|p1a: Manaphy|Acid Armor|p1a: Manaphy\n|-boost|p1a: Manaphy|def|2\n|move|p2a: Palms Are Sweaty|Wild Charge|p1a: Manaphy\n|-supereffective|p1a: Manaphy\n|-damage|p1a: Manaphy|13\/100\n|-damage|p2a: Palms Are Sweaty|19\/100 tox|[from] Recoil\n|\n|-heal|p1a: Manaphy|19\/100|[from] item: Leftovers\n|-damage|p2a: Palms Are Sweaty|0 fnt|[from] psn\n|faint|p2a: Palms Are Sweaty\n|-end|p2a: Palms Are Sweaty|Quark Drive|[silent]\n|upkeep\n|\n|t:|1700185953\n|switch|p2a: Chance To Blow|Blacephalon|100\/100\n|turn|24\n|\n|t:|1700185967\n|move|p2a: Chance To Blow|Shadow Ball|p1a: Manaphy\n|-damage|p1a: Manaphy|0 fnt\n|faint|p1a: Manaphy\n|-ability|p2a: Chance To Blow|Beast Boost|boost\n|-boost|p2a: Chance To Blow|spa|1\n|\n|upkeep\n|-message|adampink forfeited.\n|\n|win|perh4ps\n|l|\u2606adampink\n","uploadtime":1700186025,"views":15,"p1id":"adampink","p2id":"perh4ps","formatid":"gen9nationaldex","rating":0,"private":0,"password":""}