{"id":"gen9nationaldex-1993562147","p1":"akyraaiko","p2":"Ekkogandr","format":"[Gen 9] National Dex","log":"|j|\u2606akyraaiko\n|j|\u2606Ekkogandr\n|t:|1700332012\n|gametype|singles\n|player|p1|akyraaiko|265|\n|player|p2|Ekkogandr|turo-ai|\n|teamsize|p1|6\n|teamsize|p2|6\n|gen|9\n|tier|[Gen 9] National Dex\n|rule|HP Percentage Mod: HP is shown in percentages\n|rule|Endless Battle Clause: Forcing endless battles is banned\n|rule|OHKO Clause: OHKO moves are banned\n|rule|Evasion Clause: Evasion abilities, items, and moves are banned\n|rule|Evasion Abilities Clause: Evasion abilities are banned\n|rule|Evasion Items Clause: Evasion items are banned\n|rule|Evasion Moves Clause: Evasion moves are banned\n|rule|Species Clause: Limit one of each Pok\u00e9mon\n|rule|Sleep Clause Mod: Limit one foe put to sleep\n|clearpoke\n|poke|p1|Rotom-Wash|\n|poke|p1|Ceruledge, M|\n|poke|p1|Kleavor, M|\n|poke|p1|Banette, M|\n|poke|p1|Lycanroc-Dusk, F|\n|poke|p1|Zoroark-Hisui, F|\n|poke|p2|Urshifu-*, M|\n|poke|p2|Tapu Lele|\n|poke|p2|Sneasler, M|\n|poke|p2|Heatran, F|\n|poke|p2|Gliscor, M|\n|poke|p2|Ting-Lu|\n|teampreview\n|\n|t:|1700332033\n|start\n|switch|p1a: Banette|Banette, M|100\/100\n|switch|p2a: Ting-Lu|Ting-Lu|100\/100\n|-ability|p2a: Ting-Lu|Vessel of Ruin\n|turn|1\n|\n|t:|1700332038\n|move|p1a: Banette|Trick|p2a: Ting-Lu\n|-activate|p1a: Banette|move: Trick|[of] p2a: Ting-Lu\n|-item|p2a: Ting-Lu|Choice Specs|[from] move: Trick\n|-item|p1a: Banette|Leftovers|[from] move: Trick\n|move|p2a: Ting-Lu|Stealth Rock|p1a: Banette\n|-sidestart|p1: akyraaiko|move: Stealth Rock\n|\n|upkeep\n|turn|2\n|\n|t:|1700332052\n|switch|p2a: Heatran|Heatran, F|100\/100\n|move|p1a: Banette|Focus Blast|p2a: Heatran\n|-supereffective|p2a: Heatran\n|-damage|p2a: Heatran|52\/100\n|-unboost|p2a: Heatran|spd|1\n|\n|-heal|p2a: Heatran|58\/100|[from] item: Leftovers\n|upkeep\n|turn|3\n|\n|t:|1700332084\n|switch|p2a: Gliscor|Gliscor, M|100\/100\n|move|p1a: Banette|Focus Blast|p2a: Gliscor\n|-resisted|p2a: Gliscor\n|-damage|p2a: Gliscor|83\/100\n|\n|-status|p2a: Gliscor|tox|[from] item: Toxic Orb\n|upkeep\n|turn|4\n|\n|t:|1700332092\n|move|p1a: Banette|Trick|p2a: Gliscor\n|-activate|p1a: Banette|move: Trick|[of] p2a: Gliscor\n|-item|p2a: Gliscor|Leftovers|[from] move: Trick\n|-item|p1a: Banette|Toxic Orb|[from] move: Trick\n|move|p2a: Gliscor|Earthquake|p1a: Banette\n|-damage|p1a: Banette|37\/100\n|replace|p1a: who?|Zoroark-Hisui, F, shiny\n|-end|p1a: who?|Illusion\n|\n|-heal|p2a: Gliscor|89\/100 tox|[from] item: Leftovers\n|-heal|p2a: Gliscor|100\/100 tox|[from] ability: Poison Heal\n|-status|p1a: who?|tox|[from] item: Toxic Orb\n|upkeep\n|turn|5\n|c|\u2606Ekkogandr|OBG\n|c|\u2606Ekkogandr|OBG\n|c|\u2606Ekkogandr|MUITO\n|c|\u2606Ekkogandr|SLK\n|c|\u2606akyraaiko|IH  MAMEI\n|c|\u2606akyraaiko|KASDKSAKDKASKDDASKD\n|\n|t:|1700332104\n|move|p1a: who?|Trick|p2a: Gliscor\n|-activate|p1a: who?|move: Trick|[of] p2a: Gliscor\n|-item|p2a: Gliscor|Toxic Orb|[from] move: Trick\n|-item|p1a: who?|Leftovers|[from] move: Trick\n|move|p2a: Gliscor|Earthquake|p1a: who?\n|-damage|p1a: who?|0 fnt\n|faint|p1a: who?\n|\n|upkeep\n|c|\u2606akyraaiko|FIZ MERDA VOLTA AI\n|c|\u2606akyraaiko|AKSAKDASKDSA OBG\n|c|\u2606Ekkogandr|slk\n|\n|t:|1700332116\n|switch|p1a: Kleavor|Kleavor, M, shiny|100\/100\n|-damage|p1a: Kleavor|76\/100|[from] Stealth Rock\n|turn|6\n|c|\u2606Ekkogandr|o tanto de cura que eu ia levar\n|c|\u2606akyraaiko|slk imagina\n|c|\u2606akyraaiko|sim pqp\n|c|\u2606akyraaiko|KKKKKKKKK\n|\n|t:|1700332130\n|move|p1a: Kleavor|Stone Axe|p2a: Gliscor\n|-damage|p2a: Gliscor|56\/100 tox\n|-sidestart|p2: Ekkogandr|move: Stealth Rock\n|move|p2a: Gliscor|Earthquake|p1a: Kleavor\n|-damage|p1a: Kleavor|33\/100\n|\n|-heal|p2a: Gliscor|68\/100 tox|[from] ability: Poison Heal\n|upkeep\n|turn|7\n|\n|t:|1700332139\n|move|p1a: Kleavor|Stone Axe|p2a: Gliscor\n|-damage|p2a: Gliscor|27\/100 tox\n|move|p2a: Gliscor|Earthquake|p1a: Kleavor\n|-damage|p1a: Kleavor|0 fnt\n|faint|p1a: Kleavor\n|\n|-heal|p2a: Gliscor|40\/100 tox|[from] ability: Poison Heal\n|upkeep\n|\n|t:|1700332142\n|switch|p1a: Rotom|Rotom-Wash|100\/100\n|-damage|p1a: Rotom|88\/100|[from] Stealth Rock\n|turn|8\n|\n|t:|1700332156\n|switch|p2a: Tapu Lele|Tapu Lele|100\/100\n|-damage|p2a: Tapu Lele|88\/100|[from] Stealth Rock\n|-fieldstart|move: Psychic Terrain|[from] ability: Psychic Surge|[of] p2a: Tapu Lele\n|move|p1a: Rotom|Hydro Pump|p2a: Tapu Lele|[miss]\n|-miss|p1a: Rotom|p2a: Tapu Lele\n|\n|-heal|p1a: Rotom|94\/100|[from] item: Leftovers\n|upkeep\n|turn|9\n|c|\u2606Ekkogandr|troca ai nmrl\n|\n|t:|1700332198\n|move|p2a: Tapu Lele|Future Sight|p1a: Rotom\n|-start|p2a: Tapu Lele|move: Future Sight\n|move|p1a: Rotom|Will-O-Wisp|p2a: Tapu Lele\n|-status|p2a: Tapu Lele|brn\n|\n|-heal|p1a: Rotom|100\/100|[from] item: Leftovers\n|-damage|p2a: Tapu Lele|82\/100 brn|[from] brn\n|upkeep\n|turn|10\n|\n|t:|1700332217\n|switch|p2a: Ting-Lu|Ting-Lu|100\/100\n|-damage|p2a: Ting-Lu|94\/100|[from] Stealth Rock\n|-ability|p2a: Ting-Lu|Vessel of Ruin\n|move|p1a: Rotom|Hydro Pump|p2a: Ting-Lu\n|-supereffective|p2a: Ting-Lu\n|-damage|p2a: Ting-Lu|61\/100\n|\n|upkeep\n|turn|11\n|\n|t:|1700332224\n|move|p1a: Rotom|Protect|p1a: Rotom\n|-singleturn|p1a: Rotom|Protect\n|move|p2a: Ting-Lu|Whirlwind|p1a: Rotom\n|drag|p1a: Banette|Banette, M|100\/100\n|-damage|p1a: Banette|88\/100|[from] Stealth Rock\n|\n|-end|p1a: Banette|move: Future Sight\n|-damage|p1a: Banette|0 fnt\n|faint|p1a: Banette\n|upkeep\n|c|\u2606Ekkogandr|toma\n|c|\u2606akyraaiko|vc \u00e9 uma puta\n|c|\u2606Ekkogandr|sou\n|c|\u2606akyraaiko|cadela cachorra  safada\n|\n|t:|1700332246\n|switch|p1a: Rotom|Rotom-Wash|100\/100\n|-damage|p1a: Rotom|88\/100|[from] Stealth Rock\n|turn|12\n|c|\u2606Ekkogandr|sou\n|\n|t:|1700332249\n|move|p1a: Rotom|Hydro Pump|p2a: Ting-Lu\n|-supereffective|p2a: Ting-Lu\n|-damage|p2a: Ting-Lu|27\/100\n|move|p2a: Ting-Lu|Whirlwind|p1a: Rotom\n|drag|p1a: Ceruledge|Ceruledge, M|100\/100\n|-damage|p1a: Ceruledge|76\/100|[from] Stealth Rock\n|\n|-fieldend|move: Psychic Terrain\n|upkeep\n|turn|13\n|\n|t:|1700332256\n|move|p1a: Ceruledge|Swords Dance|p1a: Ceruledge\n|-boost|p1a: Ceruledge|atk|2\n|move|p2a: Ting-Lu|Whirlwind|p1a: Ceruledge\n|drag|p1a: el lobo|Lycanroc-Dusk, F, shiny|100\/100\n|-damage|p1a: el lobo|88\/100|[from] Stealth Rock\n|\n|upkeep\n|turn|14\n|\n|t:|1700332259\n|move|p1a: el lobo|Close Combat|p2a: Ting-Lu\n|-supereffective|p2a: Ting-Lu\n|-damage|p2a: Ting-Lu|0 fnt\n|-unboost|p1a: el lobo|def|1\n|-unboost|p1a: el lobo|spd|1\n|faint|p2a: Ting-Lu\n|\n|upkeep\n|c|\u2606akyraaiko|cachorra\n|\n|t:|1700332263\n|switch|p2a: Gliscor|Gliscor, M|40\/100 tox\n|-damage|p2a: Gliscor|27\/100 tox|[from] Stealth Rock\n|turn|15\n|\n|t:|1700332266\n|move|p1a: el lobo|Close Combat|p2a: Gliscor\n|-resisted|p2a: Gliscor\n|-damage|p2a: Gliscor|0 fnt\n|-unboost|p1a: el lobo|def|1\n|-unboost|p1a: el lobo|spd|1\n|faint|p2a: Gliscor\n|\n|upkeep\n|c|\u2606akyraaiko|cachorra\n|\n|t:|1700332272\n|switch|p2a: Tapu Lele|Tapu Lele|82\/100 brn\n|-damage|p2a: Tapu Lele|70\/100 brn|[from] Stealth Rock\n|-fieldstart|move: Psychic Terrain|[from] ability: Psychic Surge|[of] p2a: Tapu Lele\n|turn|16\n|\n|t:|1700332279\n|switch|p1a: Rotom|Rotom-Wash|88\/100\n|-damage|p1a: Rotom|75\/100|[from] Stealth Rock\n|move|p2a: Tapu Lele|Psychic|p1a: Rotom\n|-damage|p1a: Rotom|19\/100\n|\n|-heal|p1a: Rotom|25\/100|[from] item: Leftovers\n|-damage|p2a: Tapu Lele|63\/100 brn|[from] brn\n|upkeep\n|turn|17\n|\n|t:|1700332282\n|move|p1a: Rotom|Protect|p1a: Rotom\n|-singleturn|p1a: Rotom|Protect\n|move|p2a: Tapu Lele|Psychic|p1a: Rotom\n|-activate|p1a: Rotom|move: Protect\n|\n|-heal|p1a: Rotom|32\/100|[from] item: Leftovers\n|-damage|p2a: Tapu Lele|57\/100 brn|[from] brn\n|upkeep\n|turn|18\n|\n|t:|1700332291\n|move|p2a: Tapu Lele|Psychic|p1a: Rotom\n|-damage|p1a: Rotom|0 fnt\n|faint|p1a: Rotom\n|\n|-damage|p2a: Tapu Lele|51\/100 brn|[from] brn\n|upkeep\n|\n|t:|1700332294\n|switch|p1a: Ceruledge|Ceruledge, M|76\/100\n|-damage|p1a: Ceruledge|51\/100|[from] Stealth Rock\n|turn|19\n|\n|t:|1700332299\n|move|p2a: Tapu Lele|Psychic|p1a: Ceruledge\n|-damage|p1a: Ceruledge|0 fnt\n|faint|p1a: Ceruledge\n|\n|-damage|p2a: Tapu Lele|45\/100 brn|[from] brn\n|upkeep\n|\n|t:|1700332302\n|switch|p1a: el lobo|Lycanroc-Dusk, F, shiny|88\/100\n|-damage|p1a: el lobo|76\/100|[from] Stealth Rock\n|turn|20\n|c|\u2606Ekkogandr|gg\n|\n|t:|1700332309\n|move|p2a: Tapu Lele|Psychic|p1a: el lobo\n|-damage|p1a: el lobo|0 fnt\n|faint|p1a: el lobo\n|\n|win|Ekkogandr\n|l|\u2606akyraaiko\n","uploadtime":1700332316,"views":6,"p1id":"akyraaiko","p2id":"ekkogandr","formatid":"gen9nationaldex","rating":0,"private":0,"password":""}