{"id":"gen9nationaldex-1996017123","p1":"PikaTheRat","p2":"KaneWritez","format":"[Gen 9] National Dex","log":"|html|<div class=\"broadcast-blue\"><strong>[Gen 9] National Dex is currently suspecting Sneasler! For information on how to participate check out the <a href=\"https:\/\/www.smogon.com\/forums\/threads\/sv-national-dex-suspect-8-just-dance.3731534\/\">suspect thread<\/a>.<\/strong><\/div>\n|j|\u2606PikaTheRat\n|j|\u2606KaneWritez\n|t:|1700629945\n|gametype|singles\n|player|p1|PikaTheRat|lucas|\n|player|p2|KaneWritez|ghetsis|\n|teamsize|p1|4\n|teamsize|p2|4\n|gen|9\n|tier|[Gen 9] National Dex\n|rule|HP Percentage Mod: HP is shown in percentages\n|rule|Endless Battle Clause: Forcing endless battles is banned\n|rule|OHKO Clause: OHKO moves are banned\n|rule|Evasion Clause: Evasion abilities, items, and moves are banned\n|rule|Evasion Abilities Clause: Evasion abilities are banned\n|rule|Evasion Items Clause: Evasion items are banned\n|rule|Evasion Moves Clause: Evasion moves are banned\n|rule|Species Clause: Limit one of each Pok\u00e9mon\n|rule|Sleep Clause Mod: Limit one foe put to sleep\n|clearpoke\n|poke|p1|Bagon, L28, M|\n|poke|p1|Lycanroc-Midnight, L28, M|\n|poke|p1|Ludicolo, L28, M|\n|poke|p1|Litleo, L28, F|\n|poke|p2|Spheal, L28, F|\n|poke|p2|Vikavolt, L28, M|\n|poke|p2|Skrelp, L28, M|\n|poke|p2|Larvesta, L28, F|\n|teampreview\n|\n|t:|1700629960\n|start\n|switch|p1a: Ludicolo|Ludicolo, L28, M|100\/100\n|switch|p2a: Skrelp|Skrelp, L28, M|100\/100\n|turn|1\n|\n|t:|1700629970\n|move|p1a: Ludicolo|Mega Drain|p2a: Skrelp\n|-crit|p2a: Skrelp\n|-damage|p2a: Skrelp|52\/100\n|move|p2a: Skrelp|Acid|p1a: Ludicolo\n|-supereffective|p1a: Ludicolo\n|-damage|p1a: Ludicolo|57\/100\n|-unboost|p1a: Ludicolo|spd|1\n|\n|upkeep\n|turn|2\n|\n|t:|1700629979\n|move|p1a: Ludicolo|Mega Drain|p2a: Skrelp\n|-damage|p2a: Skrelp|21\/100\n|-heal|p1a: Ludicolo|72\/100|[from] drain|[of] p2a: Skrelp\n|move|p2a: Skrelp|Smokescreen|p1a: Ludicolo\n|-unboost|p1a: Ludicolo|accuracy|1\n|\n|upkeep\n|turn|3\n|\n|t:|1700629987\n|move|p1a: Ludicolo|Mega Drain|p2a: Skrelp|[miss]\n|-miss|p1a: Ludicolo|p2a: Skrelp\n|move|p2a: Skrelp|Smokescreen|p1a: Ludicolo\n|-unboost|p1a: Ludicolo|accuracy|1\n|\n|upkeep\n|turn|4\n|\n|t:|1700629994\n|move|p1a: Ludicolo|Mega Drain|p2a: Skrelp\n|-damage|p2a: Skrelp|0 fnt\n|-heal|p1a: Ludicolo|83\/100|[from] drain|[of] p2a: Skrelp\n|faint|p2a: Skrelp\n|\n|upkeep\n|\n|t:|1700630003\n|switch|p2a: Spheal|Spheal, L28, F|100\/100\n|turn|5\n|\n|t:|1700630011\n|move|p1a: Ludicolo|Mega Drain|p2a: Spheal|[miss]\n|-miss|p1a: Ludicolo|p2a: Spheal\n|move|p2a: Spheal|Aurora Beam|p1a: Ludicolo\n|-damage|p1a: Ludicolo|53\/100\n|\n|upkeep\n|turn|6\n|\n|t:|1700630018\n|move|p1a: Ludicolo|Mega Drain|p2a: Spheal\n|-supereffective|p2a: Spheal\n|-damage|p2a: Spheal|44\/100\n|-heal|p1a: Ludicolo|80\/100|[from] drain|[of] p2a: Spheal\n|move|p2a: Spheal|Aurora Beam|p1a: Ludicolo\n|-damage|p1a: Ludicolo|48\/100\n|\n|upkeep\n|turn|7\n|\n|t:|1700630026\n|switch|p2a: Chrysus|Larvesta, L28, F, shiny|100\/100\n|move|p1a: Ludicolo|Mega Drain|p2a: Chrysus\n|-resisted|p2a: Chrysus\n|-damage|p2a: Chrysus|90\/100\n|-heal|p1a: Ludicolo|52\/100|[from] drain|[of] p2a: Chrysus\n|\n|upkeep\n|turn|8\n|\n|t:|1700630037\n|move|p1a: Ludicolo|Bubble Beam|p2a: Chrysus\n|-supereffective|p2a: Chrysus\n|-damage|p2a: Chrysus|0 fnt\n|faint|p2a: Chrysus\n|\n|upkeep\n|\n|t:|1700630043\n|switch|p2a: Vikavolt|Vikavolt, L28, M|100\/100\n|turn|9\n|\n|t:|1700630052\n|move|p1a: Ludicolo|Bubble Beam|p2a: Vikavolt\n|-damage|p2a: Vikavolt|57\/100\n|move|p2a: Vikavolt|Thunderbolt|p1a: Ludicolo\n|-damage|p1a: Ludicolo|0 fnt\n|faint|p1a: Ludicolo\n|\n|upkeep\n|\n|t:|1700630060\n|switch|p1a: Lycanroc|Lycanroc-Midnight, L28, M|100\/100\n|turn|10\n|\n|t:|1700630067\n|move|p1a: Lycanroc|Rock Tomb|p2a: Vikavolt\n|-supereffective|p2a: Vikavolt\n|-damage|p2a: Vikavolt|0 fnt\n|faint|p2a: Vikavolt\n|\n|upkeep\n|\n|t:|1700630072\n|switch|p2a: Spheal|Spheal, L28, F|44\/100\n|turn|11\n|\n|t:|1700630079\n|move|p1a: Lycanroc|Rock Tomb|p2a: Spheal\n|-supereffective|p2a: Spheal\n|-damage|p2a: Spheal|0 fnt\n|faint|p2a: Spheal\n|\n|win|PikaTheRat\n|l|\u2606KaneWritez\n","uploadtime":1700630087,"views":8,"p1id":"pikatherat","p2id":"kanewritez","formatid":"gen9nationaldex","rating":0,"private":0,"password":""}