{"id":"gen9nationaldex-1998237137","p1":"Clayanto","p2":"DesgraciadoCS","format":"[Gen 9] National Dex","log":"|html|<div class=\"broadcast-blue\"><strong>[Gen 9] National Dex is currently suspecting Sneasler! For information on how to participate check out the <a href=\"https:\/\/www.smogon.com\/forums\/threads\/sv-national-dex-suspect-8-just-dance.3731534\/\">suspect thread<\/a>.<\/strong><\/div>\n|j|\u2606Clayanto\n|j|\u2606DesgraciadoCS\n|t:|1700917779\n|gametype|singles\n|player|p1|Clayanto|ariana|1286\n|player|p2|DesgraciadoCS|cynthia-gen4|1294\n|teamsize|p1|6\n|teamsize|p2|6\n|gen|9\n|tier|[Gen 9] National Dex\n|rated|\n|rule|HP Percentage Mod: HP is shown in percentages\n|rule|Endless Battle Clause: Forcing endless battles is banned\n|rule|OHKO Clause: OHKO moves are banned\n|rule|Evasion Clause: Evasion abilities, items, and moves are banned\n|rule|Evasion Abilities Clause: Evasion abilities are banned\n|rule|Evasion Items Clause: Evasion items are banned\n|rule|Evasion Moves Clause: Evasion moves are banned\n|rule|Species Clause: Limit one of each Pok\u00e9mon\n|rule|Sleep Clause Mod: Limit one foe put to sleep\n|clearpoke\n|poke|p1|Ninetales-Alola, F|\n|poke|p1|Tyranitar, M|\n|poke|p1|Pelipper, F|\n|poke|p1|Torkoal, F|\n|poke|p1|Hatterene, F|\n|poke|p1|Sinistcha|\n|poke|p2|Pelipper, F|\n|poke|p2|Manaphy|\n|poke|p2|Overqwil, F|\n|poke|p2|Poliwrath, M|\n|poke|p2|Rillaboom, M|\n|poke|p2|Sneasler, M|\n|teampreview\n|inactive|Battle timer is ON: inactive players will automatically lose when time's up. (requested by DesgraciadoCS)\n|inactive|Clayanto also wants the timer to be on.\n|\n|t:|1700917785\n|start\n|switch|p1a: Ninetales|Ninetales-Alola, F|100\/100\n|switch|p2a: Pelipper|Pelipper, F|100\/100\n|-weather|Snow|[from] ability: Snow Warning|[of] p1a: Ninetales\n|-weather|RainDance|[from] ability: Drizzle|[of] p2a: Pelipper\n|turn|1\n|\n|t:|1700917794\n|move|p1a: Ninetales|Snowscape|p1a: Ninetales\n|-weather|Snow\n|move|p2a: Pelipper|U-turn|p1a: Ninetales\n|-resisted|p1a: Ninetales\n|-damage|p1a: Ninetales|97\/100\n|\n|t:|1700917802\n|switch|p2a: Sneasler|Sneasler, M|100\/100|[from] U-turn\n|\n|-weather|Snow|[upkeep]\n|upkeep\n|turn|2\n|\n|t:|1700917811\n|move|p2a: Sneasler|Dire Claw|p1a: Ninetales\n|-supereffective|p1a: Ninetales\n|-damage|p1a: Ninetales|22\/100\n|-status|p1a: Ninetales|par\n|move|p1a: Ninetales|Aurora Veil|p1a: Ninetales\n|-sidestart|p1: Clayanto|move: Aurora Veil\n|\n|-weather|Snow|[upkeep]\n|upkeep\n|turn|3\n|\n|t:|1700917817\n|switch|p1a: Tyranitar|Tyranitar, M|100\/100\n|-weather|Sandstorm|[from] ability: Sand Stream|[of] p1a: Tyranitar\n|move|p2a: Sneasler|Dire Claw|p1a: Tyranitar\n|-resisted|p1a: Tyranitar\n|-damage|p1a: Tyranitar|92\/100\n|-status|p1a: Tyranitar|par\n|\n|-weather|Sandstorm|[upkeep]\n|-damage|p2a: Sneasler|95\/100|[from] Sandstorm\n|upkeep\n|turn|4\n|\n|t:|1700917825\n|detailschange|p1a: Tyranitar|Tyranitar-Mega, M\n|-mega|p1a: Tyranitar|Tyranitar|Tyranitarite\n|move|p2a: Sneasler|U-turn|p1a: Tyranitar\n|-supereffective|p1a: Tyranitar\n|-damage|p1a: Tyranitar|77\/100 par\n|\n|t:|1700917830\n|switch|p2a: Rillaboom|Rillaboom, M|100\/100|[from] U-turn\n|-fieldstart|move: Grassy Terrain|[from] ability: Grassy Surge|[of] p2a: Rillaboom\n|move|p1a: Tyranitar|Knock Off|p2a: Rillaboom\n|-damage|p2a: Rillaboom|41\/100\n|-enditem|p2a: Rillaboom|Leftovers|[from] move: Knock Off|[of] p1a: Tyranitar\n|\n|-weather|Sandstorm|[upkeep]\n|-damage|p2a: Rillaboom|35\/100|[from] Sandstorm\n|-heal|p2a: Rillaboom|41\/100|[from] Grassy Terrain\n|-heal|p1a: Tyranitar|83\/100 par|[from] Grassy Terrain\n|upkeep\n|turn|5\n|\n|t:|1700917844\n|move|p2a: Rillaboom|U-turn|p1a: Tyranitar\n|-supereffective|p1a: Tyranitar\n|-damage|p1a: Tyranitar|70\/100 par\n|\n|t:|1700917848\n|switch|p2a: Pelipper|Pelipper, F|100\/100|[from] U-turn\n|-weather|RainDance|[from] ability: Drizzle|[of] p2a: Pelipper\n|move|p1a: Tyranitar|Knock Off|p2a: Pelipper\n|-damage|p2a: Pelipper|42\/100\n|-enditem|p2a: Pelipper|Damp Rock|[from] move: Knock Off|[of] p1a: Tyranitar\n|\n|-weather|RainDance|[upkeep]\n|-heal|p1a: Tyranitar|76\/100 par|[from] Grassy Terrain\n|upkeep\n|turn|6\n|\n|t:|1700917860\n|move|p2a: Pelipper|U-turn|p1a: Tyranitar\n|-supereffective|p1a: Tyranitar\n|-damage|p1a: Tyranitar|70\/100 par\n|\n|t:|1700917865\n|switch|p2a: Rillaboom|Rillaboom, M|41\/100|[from] U-turn\n|move|p1a: Tyranitar|Knock Off|p2a: Rillaboom\n|-damage|p2a: Rillaboom|0 fnt\n|faint|p2a: Rillaboom\n|\n|-weather|RainDance|[upkeep]\n|-heal|p1a: Tyranitar|76\/100 par|[from] Grassy Terrain\n|upkeep\n|\n|t:|1700917872\n|switch|p2a: Poliwrath|Poliwrath, M|100\/100\n|turn|7\n|\n|t:|1700917876\n|switch|p1a: Ninetales|Ninetales-Alola, F|22\/100 par\n|-weather|Snow|[from] ability: Snow Warning|[of] p1a: Ninetales\n|move|p2a: Poliwrath|Belly Drum|p2a: Poliwrath\n|-damage|p2a: Poliwrath|50\/100\n|-setboost|p2a: Poliwrath|atk|6|[from] move: Belly Drum\n|-enditem|p2a: Poliwrath|Sitrus Berry|[eat]\n|-heal|p2a: Poliwrath|75\/100|[from] item: Sitrus Berry\n|\n|-weather|Snow|[upkeep]\n|-heal|p2a: Poliwrath|82\/100|[from] Grassy Terrain\n|-heal|p1a: Ninetales|28\/100 par|[from] Grassy Terrain\n|upkeep\n|turn|8\n|\n|t:|1700917889\n|move|p2a: Poliwrath|Drain Punch|p1a: Ninetales\n|-damage|p1a: Ninetales|0 fnt\n|-heal|p2a: Poliwrath|96\/100|[from] drain|[of] p1a: Ninetales\n|faint|p1a: Ninetales\n|\n|-weather|Snow|[upkeep]\n|-heal|p2a: Poliwrath|100\/100|[from] Grassy Terrain\n|-fieldend|move: Grassy Terrain\n|upkeep\n|\n|t:|1700917895\n|switch|p1a: Hatterene|Hatterene, F|100\/100\n|turn|9\n|\n|t:|1700917905\n|move|p2a: Poliwrath|Liquidation|p1a: Hatterene\n|-damage|p1a: Hatterene|33\/100\n|move|p1a: Hatterene|Trick Room|p1a: Hatterene\n|-fieldstart|move: Trick Room|[of] p1a: Hatterene\n|\n|-weather|Snow|[upkeep]\n|-sideend|p1: Clayanto|move: Aurora Veil\n|upkeep\n|turn|10\n|\n|t:|1700917911\n|move|p1a: Hatterene|Misty Explosion|p2a: Poliwrath\n|-supereffective|p2a: Poliwrath\n|-damage|p2a: Poliwrath|0 fnt\n|faint|p1a: Hatterene\n|faint|p2a: Poliwrath\n|\n|-weather|Snow|[upkeep]\n|upkeep\n|\n|t:|1700917924\n|switch|p1a: Tyranitar|Tyranitar-Mega, M|76\/100 par\n|switch|p2a: Pelipper|Pelipper, F|42\/100\n|-weather|Sandstorm|[from] ability: Sand Stream|[of] p1a: Tyranitar\n|-weather|RainDance|[from] ability: Drizzle|[of] p2a: Pelipper\n|turn|11\n|\n|t:|1700917929\n|move|p1a: Tyranitar|Knock Off|p2a: Pelipper\n|-crit|p2a: Pelipper\n|-damage|p2a: Pelipper|0 fnt\n|faint|p2a: Pelipper\n|\n|-weather|RainDance|[upkeep]\n|upkeep\n|\n|t:|1700917938\n|switch|p2a: Manaphy|Manaphy|100\/100\n|turn|12\n|\n|t:|1700917943\n|switch|p1a: Torkoal|Torkoal, F|100\/100\n|-weather|SunnyDay|[from] ability: Drought|[of] p1a: Torkoal\n|move|p2a: Manaphy|Tail Glow|p2a: Manaphy\n|-boost|p2a: Manaphy|spa|3\n|\n|-weather|SunnyDay|[upkeep]\n|upkeep\n|turn|13\n|\n|t:|1700917950\n|move|p1a: Torkoal|Solar Beam||[still]\n|-prepare|p1a: Torkoal|Solar Beam\n|-anim|p1a: Torkoal|Solar Beam|p2a: Manaphy\n|-supereffective|p2a: Manaphy\n|-damage|p2a: Manaphy|0 fnt\n|faint|p2a: Manaphy\n|\n|-weather|SunnyDay|[upkeep]\n|-fieldend|move: Trick Room\n|upkeep\n|\n|t:|1700917956\n|switch|p2a: Sneasler|Sneasler, M|95\/100\n|turn|14\n|\n|t:|1700917963\n|switch|p1a: Pelipper|Pelipper, F|100\/100\n|-weather|RainDance|[from] ability: Drizzle|[of] p1a: Pelipper\n|move|p2a: Sneasler|Dire Claw|p1a: Pelipper\n|-damage|p1a: Pelipper|41\/100\n|-status|p1a: Pelipper|slp\n|\n|-weather|RainDance|[upkeep]\n|upkeep\n|turn|15\n|\n|t:|1700917970\n|move|p2a: Sneasler|Dire Claw|p1a: Pelipper\n|-damage|p1a: Pelipper|0 fnt\n|faint|p1a: Pelipper\n|\n|-weather|RainDance|[upkeep]\n|upkeep\n|\n|t:|1700917977\n|switch|p1a: Tyranitar|Tyranitar-Mega, M|76\/100 par\n|-weather|Sandstorm|[from] ability: Sand Stream|[of] p1a: Tyranitar\n|turn|16\n|\n|t:|1700917980\n|move|p2a: Sneasler|Close Combat|p1a: Tyranitar\n|-supereffective|p1a: Tyranitar\n|-damage|p1a: Tyranitar|0 fnt\n|-unboost|p2a: Sneasler|def|1\n|-unboost|p2a: Sneasler|spd|1\n|faint|p1a: Tyranitar\n|\n|-weather|Sandstorm|[upkeep]\n|-damage|p2a: Sneasler|89\/100|[from] Sandstorm\n|upkeep\n|\n|t:|1700917983\n|switch|p1a: Sinistcha|Sinistcha|100\/100\n|turn|17\n|\n|t:|1700917992\n|-terastallize|p1a: Sinistcha|Poison\n|move|p2a: Sneasler|Dire Claw|p1a: Sinistcha\n|-resisted|p1a: Sinistcha\n|-damage|p1a: Sinistcha|85\/100\n|move|p1a: Sinistcha|Strength Sap|p2a: Sneasler\n|-unboost|p2a: Sneasler|atk|1\n|-heal|p1a: Sinistcha|100\/100\n|\n|-weather|Sandstorm|[upkeep]\n|-damage|p2a: Sneasler|83\/100|[from] Sandstorm\n|-damage|p1a: Sinistcha|94\/100|[from] Sandstorm\n|-heal|p1a: Sinistcha|100\/100|[from] item: Leftovers\n|upkeep\n|turn|18\n|\n|t:|1700918001\n|move|p2a: Sneasler|U-turn|p1a: Sinistcha\n|-resisted|p1a: Sinistcha\n|-damage|p1a: Sinistcha|95\/100\n|\n|t:|1700918003\n|switch|p2a: Overqwil|Overqwil, F|100\/100|[from] U-turn\n|move|p1a: Sinistcha|Shadow Ball|p2a: Overqwil\n|-resisted|p2a: Overqwil\n|-damage|p2a: Overqwil|84\/100\n|-unboost|p2a: Overqwil|spd|1\n|\n|-weather|Sandstorm|[upkeep]\n|-damage|p2a: Overqwil|78\/100|[from] Sandstorm\n|-damage|p1a: Sinistcha|89\/100|[from] Sandstorm\n|-heal|p1a: Sinistcha|95\/100|[from] item: Leftovers\n|upkeep\n|turn|19\n|\n|t:|1700918017\n|move|p2a: Overqwil|Gunk Shot|p1a: Sinistcha\n|-resisted|p1a: Sinistcha\n|-damage|p1a: Sinistcha|70\/100\n|move|p1a: Sinistcha|Strength Sap|p2a: Overqwil\n|-unboost|p2a: Overqwil|atk|1\n|-heal|p1a: Sinistcha|100\/100\n|\n|-weather|Sandstorm|[upkeep]\n|-damage|p2a: Overqwil|72\/100|[from] Sandstorm\n|-damage|p1a: Sinistcha|94\/100|[from] Sandstorm\n|-heal|p1a: Sinistcha|100\/100|[from] item: Leftovers\n|upkeep\n|turn|20\n|\n|t:|1700918026\n|move|p2a: Overqwil|Gunk Shot|p1a: Sinistcha\n|-resisted|p1a: Sinistcha\n|-damage|p1a: Sinistcha|84\/100\n|move|p1a: Sinistcha|Calm Mind|p1a: Sinistcha\n|-boost|p1a: Sinistcha|spa|1\n|-boost|p1a: Sinistcha|spd|1\n|\n|-weather|none\n|-heal|p1a: Sinistcha|90\/100|[from] item: Leftovers\n|upkeep\n|turn|21\n|\n|t:|1700918036\n|switch|p2a: Sneasler|Sneasler, M|83\/100\n|move|p1a: Sinistcha|Calm Mind|p1a: Sinistcha\n|-boost|p1a: Sinistcha|spa|1\n|-boost|p1a: Sinistcha|spd|1\n|\n|-heal|p1a: Sinistcha|96\/100|[from] item: Leftovers\n|upkeep\n|turn|22\n|\n|t:|1700918039\n|move|p2a: Sneasler|Close Combat|p1a: Sinistcha\n|-resisted|p1a: Sinistcha\n|-damage|p1a: Sinistcha|71\/100\n|-unboost|p2a: Sneasler|def|1\n|-unboost|p2a: Sneasler|spd|1\n|move|p1a: Sinistcha|Strength Sap|p2a: Sneasler\n|-unboost|p2a: Sneasler|atk|1\n|-heal|p1a: Sinistcha|100\/100\n|\n|upkeep\n|turn|23\n|\n|t:|1700918045\n|move|p2a: Sneasler|Acrobatics|p1a: Sinistcha\n|-damage|p1a: Sinistcha|90\/100\n|move|p1a: Sinistcha|Shadow Ball|p2a: Sneasler\n|-damage|p2a: Sneasler|0 fnt\n|faint|p2a: Sneasler\n|\n|-heal|p1a: Sinistcha|96\/100|[from] item: Leftovers\n|upkeep\n|-message|DesgraciadoCS forfeited.\n|\n|win|Clayanto\n|raw|Clayanto's rating: 1286 &rarr; <strong>1312<\/strong><br \/>(+26 for winning)\n|raw|DesgraciadoCS's rating: 1294 &rarr; <strong>1268<\/strong><br \/>(-26 for losing)\n|l|\u2606DesgraciadoCS\n|j| magicgril\n|j| shy9527\n|j|+taoke\n|j| lizhengwei\n|j| noob3322 1\n|l| lizhengwei\n|l|\u2606Clayanto\n|j| czcyf\n|j| lizhengwei\n|l| noob3322 1\n|j| XYStarshine.\u661f\u8000\n|l|+taoke\n|j| z199999\n|l| z199999\n|l| magicgril\n|l| czcyf\n|l| XYStarshine.\u661f\u8000\n|j| qazserfvgyujnko\n|l| shy9527\n|j| Pijiet\n|j| magicgril\n|l| Pijiet\n","uploadtime":1700918298,"views":2,"p1id":"clayanto","p2id":"desgraciadocs","formatid":"gen9nationaldex","rating":1268,"private":0,"password":""}