{"id":"gen9nationaldex-1992320084","p1":"Majiin red","p2":"Jarl_jake","format":"[Gen 9] National Dex","log":"|j|\u2606Majiin red\n|j|\u2606Jarl_jake\n|t:|1700174337\n|gametype|singles\n|player|p1|Majiin red|lance|1552\n|player|p2|Jarl_jake|red|1549\n|teamsize|p1|6\n|teamsize|p2|6\n|gen|9\n|tier|[Gen 9] National Dex\n|rated|\n|rule|HP Percentage Mod: HP is shown in percentages\n|rule|Endless Battle Clause: Forcing endless battles is banned\n|rule|OHKO Clause: OHKO moves are banned\n|rule|Evasion Clause: Evasion abilities, items, and moves are banned\n|rule|Evasion Abilities Clause: Evasion abilities are banned\n|rule|Evasion Items Clause: Evasion items are banned\n|rule|Evasion Moves Clause: Evasion moves are banned\n|rule|Species Clause: Limit one of each Pok\u00e9mon\n|rule|Sleep Clause Mod: Limit one foe put to sleep\n|clearpoke\n|poke|p1|Gliscor, M|\n|poke|p1|Grimmsnarl, M|\n|poke|p1|Zarude|\n|poke|p1|Zamazenta-*|\n|poke|p1|Dondozo, M|\n|poke|p1|Hatterene, F|\n|poke|p2|Latios, M|\n|poke|p2|Venusaur, F|\n|poke|p2|Volcarona, F|\n|poke|p2|Shuckle, F|\n|poke|p2|Great Tusk|\n|poke|p2|Milotic, F|\n|teampreview\n|\n|t:|1700174343\n|start\n|switch|p1a: Grimmsnarl|Grimmsnarl, M|100\/100\n|switch|p2a: Shuckie|Shuckle, F, shiny|100\/100\n|turn|1\n|\n|t:|1700174353\n|move|p1a: Grimmsnarl|Reflect|p1a: Grimmsnarl\n|-sidestart|p1: Majiin red|Reflect\n|move|p2a: Shuckie|Power Split|p1a: Grimmsnarl\n|-activate|p2a: Shuckie|move: Power Split|[of] p1a: Grimmsnarl\n|\n|upkeep\n|turn|2\n|\n|t:|1700174358\n|move|p1a: Grimmsnarl|Light Screen|p1a: Grimmsnarl\n|-sidestart|p1: Majiin red|move: Light Screen\n|move|p2a: Shuckie|Sticky Web|p1a: Grimmsnarl\n|-sidestart|p1: Majiin red|move: Sticky Web\n|\n|upkeep\n|turn|3\n|\n|t:|1700174363\n|move|p1a: Grimmsnarl|Parting Shot|p2a: Shuckie\n|-unboost|p2a: Shuckie|atk|1\n|-unboost|p2a: Shuckie|spa|1\n|\n|t:|1700174377\n|switch|p1a: Gliscor|Gliscor, M, shiny|100\/100|[from] Parting Shot\n|move|p2a: Shuckie|Mud-Slap|p1a: Gliscor\n|-immune|p1a: Gliscor\n|\n|-status|p1a: Gliscor|tox|[from] item: Toxic Orb\n|upkeep\n|turn|4\n|\n|t:|1700174388\n|switch|p2a: Sexy Fish|Milotic, F, shiny|100\/100\n|move|p1a: Gliscor|Swords Dance|p1a: Gliscor\n|-boost|p1a: Gliscor|atk|2\n|\n|upkeep\n|turn|5\n|\n|t:|1700174395\n|move|p1a: Gliscor|Agility|p1a: Gliscor\n|-boost|p1a: Gliscor|spe|2\n|move|p2a: Sexy Fish|Ice Beam|p1a: Gliscor\n|-supereffective|p1a: Gliscor\n|-damage|p1a: Gliscor|46\/100 tox\n|\n|-heal|p1a: Gliscor|59\/100 tox|[from] ability: Poison Heal\n|upkeep\n|turn|6\n|\n|t:|1700174406\n|-terastallize|p1a: Gliscor|Normal\n|move|p1a: Gliscor|Swords Dance|p1a: Gliscor\n|-boost|p1a: Gliscor|atk|2\n|move|p2a: Sexy Fish|Haze|p2a: Sexy Fish\n|-clearallboost\n|\n|-heal|p1a: Gliscor|71\/100 tox|[from] ability: Poison Heal\n|upkeep\n|turn|7\n|inactive|Battle timer is ON: inactive players will automatically lose when time's up. (requested by Majiin red)\n|\n|t:|1700174417\n|move|p1a: Gliscor|Swords Dance|p1a: Gliscor\n|-boost|p1a: Gliscor|atk|2\n|move|p2a: Sexy Fish|Scald|p1a: Gliscor\n|-crit|p1a: Gliscor\n|-damage|p1a: Gliscor|15\/100 tox\n|\n|-heal|p1a: Gliscor|27\/100 tox|[from] ability: Poison Heal\n|upkeep\n|turn|8\n|\n|t:|1700174428\n|move|p1a: Gliscor|Facade|p2a: Sexy Fish\n|-damage|p2a: Sexy Fish|0 fnt\n|faint|p2a: Sexy Fish\n|\n|-heal|p1a: Gliscor|40\/100 tox|[from] ability: Poison Heal\n|-sideend|p1: Majiin red|Reflect\n|upkeep\n|inactive|Jarl_jake has 120 seconds left.\n|\n|t:|1700174457\n|switch|p2a: Smart boi|Latios, M, shiny|100\/100\n|turn|9\n|\n|t:|1700174461\n|move|p2a: Smart boi|Draco Meteor|p1a: Gliscor\n|-damage|p1a: Gliscor|0 fnt\n|-unboost|p2a: Smart boi|spa|2\n|faint|p1a: Gliscor\n|\n|-sideend|p1: Majiin red|move: Light Screen\n|upkeep\n|\n|t:|1700174469\n|switch|p1a: Grimmsnarl|Grimmsnarl, M|100\/100\n|-activate|p1a: Grimmsnarl|move: Sticky Web\n|-unboost|p1a: Grimmsnarl|spe|1\n|turn|10\n|\n|t:|1700174477\n|switch|p2a: Spicy Meatball|Volcarona, F, shiny|100\/100\n|move|p1a: Grimmsnarl|Spirit Break|p2a: Spicy Meatball\n|-resisted|p2a: Spicy Meatball\n|-damage|p2a: Spicy Meatball|84\/100\n|-unboost|p2a: Spicy Meatball|spa|1\n|\n|upkeep\n|turn|11\n|\n|t:|1700174485\n|move|p1a: Grimmsnarl|Light Screen|p1a: Grimmsnarl\n|-sidestart|p1: Majiin red|move: Light Screen\n|move|p2a: Spicy Meatball|Quiver Dance|p2a: Spicy Meatball\n|-boost|p2a: Spicy Meatball|spa|1\n|-boost|p2a: Spicy Meatball|spd|1\n|-boost|p2a: Spicy Meatball|spe|1\n|\n|upkeep\n|turn|12\n|\n|t:|1700174495\n|move|p1a: Grimmsnarl|Parting Shot|p2a: Spicy Meatball\n|-unboost|p2a: Spicy Meatball|atk|1\n|-unboost|p2a: Spicy Meatball|spa|1\n|\n|t:|1700174498\n|switch|p1a: Hatterene|Hatterene, F, shiny|100\/100|[from] Parting Shot\n|-activate|p1a: Hatterene|move: Sticky Web\n|-unboost|p1a: Hatterene|spe|1\n|move|p2a: Spicy Meatball|Quiver Dance|p2a: Spicy Meatball\n|-boost|p2a: Spicy Meatball|spa|1\n|-boost|p2a: Spicy Meatball|spd|1\n|-boost|p2a: Spicy Meatball|spe|1\n|\n|upkeep\n|turn|13\n|\n|t:|1700174508\n|move|p2a: Spicy Meatball|Quiver Dance|p2a: Spicy Meatball\n|-boost|p2a: Spicy Meatball|spa|1\n|-boost|p2a: Spicy Meatball|spd|1\n|-boost|p2a: Spicy Meatball|spe|1\n|move|p1a: Hatterene|Trick Room|p1a: Hatterene\n|-fieldstart|move: Trick Room|[of] p1a: Hatterene\n|\n|upkeep\n|turn|14\n|\n|t:|1700174515\n|move|p1a: Hatterene|Calm Mind|p1a: Hatterene\n|-boost|p1a: Hatterene|spa|1\n|-boost|p1a: Hatterene|spd|1\n|move|p2a: Spicy Meatball|Quiver Dance|p2a: Spicy Meatball\n|-boost|p2a: Spicy Meatball|spa|1\n|-boost|p2a: Spicy Meatball|spd|1\n|-boost|p2a: Spicy Meatball|spe|1\n|\n|upkeep\n|turn|15\n|\n|t:|1700174524\n|move|p1a: Hatterene|Calm Mind|p1a: Hatterene\n|-boost|p1a: Hatterene|spa|1\n|-boost|p1a: Hatterene|spd|1\n|move|p2a: Spicy Meatball|Fiery Dance|p1a: Hatterene\n|-damage|p1a: Hatterene|79\/100\n|\n|-heal|p1a: Hatterene|85\/100|[from] item: Leftovers\n|upkeep\n|turn|16\n|\n|t:|1700174534\n|move|p1a: Hatterene|Calm Mind|p1a: Hatterene\n|-boost|p1a: Hatterene|spa|1\n|-boost|p1a: Hatterene|spd|1\n|move|p2a: Spicy Meatball|Quiver Dance|p2a: Spicy Meatball\n|-boost|p2a: Spicy Meatball|spa|1\n|-boost|p2a: Spicy Meatball|spd|1\n|-boost|p2a: Spicy Meatball|spe|1\n|\n|-heal|p1a: Hatterene|91\/100|[from] item: Leftovers\n|upkeep\n|turn|17\n|\n|t:|1700174543\n|move|p1a: Hatterene|Calm Mind|p1a: Hatterene\n|-boost|p1a: Hatterene|spa|1\n|-boost|p1a: Hatterene|spd|1\n|move|p2a: Spicy Meatball|Fiery Dance|p1a: Hatterene\n|-damage|p1a: Hatterene|74\/100\n|\n|-heal|p1a: Hatterene|80\/100|[from] item: Leftovers\n|-fieldend|move: Trick Room\n|upkeep\n|turn|18\n|\n|t:|1700174552\n|move|p2a: Spicy Meatball|Fiery Dance|p1a: Hatterene\n|-crit|p1a: Hatterene\n|-damage|p1a: Hatterene|0 fnt\n|-boost|p2a: Spicy Meatball|spa|1\n|faint|p1a: Hatterene\n|\n|-sideend|p1: Majiin red|move: Light Screen\n|upkeep\n|-message|Majiin red forfeited.\n|\n|win|Jarl_jake\n|raw|Majiin red's rating: 1552 &rarr; <strong>1532<\/strong><br \/>(-20 for losing)\n|raw|Jarl_jake's rating: 1549 &rarr; <strong>1569<\/strong><br \/>(+20 for winning)\n|l|\u2606Majiin red\n","uploadtime":1700174579,"views":20,"p1id":"majiinred","p2id":"jarljake","formatid":"gen9nationaldex","rating":1532,"private":0,"password":""}