{"id":"gen9nationaldex-1992003397","p1":"TPX05","p2":"as cheu","format":"[Gen 9] National Dex","log":"|j|\u2606TPX05\n|j|\u2606as cheu\n|t:|1700146845\n|gametype|singles\n|player|p1|TPX05|kieran|1615\n|player|p2|as cheu|officeworker|1549\n|teamsize|p1|6\n|teamsize|p2|6\n|gen|9\n|tier|[Gen 9] National Dex\n|rated|\n|rule|HP Percentage Mod: HP is shown in percentages\n|rule|Endless Battle Clause: Forcing endless battles is banned\n|rule|OHKO Clause: OHKO moves are banned\n|rule|Evasion Clause: Evasion abilities, items, and moves are banned\n|rule|Evasion Abilities Clause: Evasion abilities are banned\n|rule|Evasion Items Clause: Evasion items are banned\n|rule|Evasion Moves Clause: Evasion moves are banned\n|rule|Species Clause: Limit one of each Pok\u00e9mon\n|rule|Sleep Clause Mod: Limit one foe put to sleep\n|clearpoke\n|poke|p1|Pelipper, M|\n|poke|p1|Swampert, F|\n|poke|p1|Floatzel, F|\n|poke|p1|Overqwil, F|\n|poke|p1|Ferrothorn, M|\n|poke|p1|Ludicolo, M|\n|poke|p2|Cloyster, M|\n|poke|p2|Umbreon, F|\n|poke|p2|Gardevoir, F|\n|poke|p2|Forretress, M|\n|poke|p2|Thundurus-Therian, M|\n|poke|p2|Sneasler, M|\n|teampreview\n|inactive|Battle timer is ON: inactive players will automatically lose when time's up. (requested by TPX05)\n|\n|t:|1700146854\n|start\n|switch|p1a: Swampert|Swampert, F|100\/100\n|switch|p2a: Thundurus|Thundurus-Therian, M|100\/100\n|turn|1\n|\n|t:|1700146857\n|switch|p2a: Forretress|Forretress, M|100\/100\n|detailschange|p1a: Swampert|Swampert-Mega, F\n|-mega|p1a: Swampert|Swampert|Swampertite\n|move|p1a: Swampert|Stealth Rock|p2a: Forretress\n|-sidestart|p2: as cheu|move: Stealth Rock\n|\n|upkeep\n|turn|2\n|\n|t:|1700146862\n|move|p1a: Swampert|Flip Turn|p2a: Forretress\n|-damage|p2a: Forretress|76\/100\n|-damage|p1a: Swampert|84\/100|[from] item: Rocky Helmet|[of] p2a: Forretress\n|\n|t:|1700146867\n|switch|p1a: Ferrothorn|Ferrothorn, M|100\/100|[from] Flip Turn\n|move|p2a: Forretress|Stealth Rock|p1a: Ferrothorn\n|-sidestart|p1: TPX05|move: Stealth Rock\n|\n|upkeep\n|turn|3\n|\n|t:|1700146872\n|switch|p1a: Pelipper|Pelipper, M|100\/100\n|-damage|p1a: Pelipper|76\/100|[from] Stealth Rock\n|-weather|RainDance|[from] ability: Drizzle|[of] p1a: Pelipper\n|move|p2a: Forretress|Earthquake|p1a: Pelipper\n|-immune|p1a: Pelipper\n|\n|-weather|RainDance|[upkeep]\n|upkeep\n|turn|4\n|\n|t:|1700146874\n|move|p1a: Pelipper|U-turn|p2a: Forretress\n|-resisted|p2a: Forretress\n|-damage|p2a: Forretress|73\/100\n|-damage|p1a: Pelipper|59\/100|[from] item: Rocky Helmet|[of] p2a: Forretress\n|\n|t:|1700146877\n|switch|p1a: Swampert|Swampert-Mega, F|84\/100|[from] U-turn\n|-damage|p1a: Swampert|78\/100|[from] Stealth Rock\n|move|p2a: Forretress|Rapid Spin|p1a: Swampert\n|-damage|p1a: Swampert|68\/100\n|-boost|p2a: Forretress|spe|1\n|-sideend|p2: as cheu|Stealth Rock|[from] move: Rapid Spin|[of] p2a: Forretress\n|\n|-weather|RainDance|[upkeep]\n|upkeep\n|turn|5\n|\n|t:|1700146883\n|move|p1a: Swampert|Liquidation|p2a: Forretress\n|-damage|p2a: Forretress|23\/100\n|-damage|p1a: Swampert|52\/100|[from] item: Rocky Helmet|[of] p2a: Forretress\n|move|p2a: Forretress|Earthquake|p1a: Swampert\n|-damage|p1a: Swampert|33\/100\n|\n|-weather|RainDance|[upkeep]\n|upkeep\n|turn|6\n|\n|t:|1700146888\n|move|p1a: Swampert|Earthquake|p2a: Forretress\n|-damage|p2a: Forretress|0 fnt\n|faint|p2a: Forretress\n|\n|-weather|RainDance|[upkeep]\n|upkeep\n|\n|t:|1700146902\n|switch|p2a: Sneasler|Sneasler, M|100\/100\n|turn|7\n|\n|t:|1700146906\n|switch|p1a: Ferrothorn|Ferrothorn, M|100\/100\n|-damage|p1a: Ferrothorn|94\/100|[from] Stealth Rock\n|move|p2a: Sneasler|Close Combat|p1a: Ferrothorn\n|-supereffective|p1a: Ferrothorn\n|-damage|p1a: Ferrothorn|2\/100\n|-unboost|p2a: Sneasler|def|1\n|-unboost|p2a: Sneasler|spd|1\n|-damage|p2a: Sneasler|88\/100|[from] ability: Iron Barbs|[of] p1a: Ferrothorn\n|-enditem|p1a: Ferrothorn|Eject Button\n|\n|t:|1700146915\n|switch|p1a: Swampert|Swampert-Mega, F|33\/100\n|-damage|p1a: Swampert|27\/100|[from] Stealth Rock\n|\n|-weather|RainDance|[upkeep]\n|upkeep\n|turn|8\n|\n|t:|1700146921\n|move|p2a: Sneasler|Close Combat|p1a: Swampert\n|-damage|p1a: Swampert|0 fnt\n|-unboost|p2a: Sneasler|def|1\n|-unboost|p2a: Sneasler|spd|1\n|faint|p1a: Swampert\n|\n|-weather|RainDance|[upkeep]\n|upkeep\n|\n|t:|1700146929\n|switch|p1a: Floatzel|Floatzel, F|100\/100\n|-damage|p1a: Floatzel|88\/100|[from] Stealth Rock\n|turn|9\n|\n|t:|1700146937\n|switch|p2a: \u9b3c\u65af|Cloyster, M|100\/100\n|move|p1a: Floatzel|Flip Turn|p2a: \u9b3c\u65af\n|-resisted|p2a: \u9b3c\u65af\n|-damage|p2a: \u9b3c\u65af|71\/100\n|\n|t:|1700146940\n|switch|p1a: Ludicolo|Ludicolo, M|100\/100|[from] Flip Turn\n|-damage|p1a: Ludicolo|88\/100|[from] Stealth Rock\n|\n|-weather|RainDance|[upkeep]\n|upkeep\n|turn|10\n|\n|t:|1700146953\n|move|p2a: \u9b3c\u65af|Ice Shard|p1a: Ludicolo\n|-damage|p1a: Ludicolo|58\/100\n|move|p1a: Ludicolo|Substitute|p1a: Ludicolo\n|-start|p1a: Ludicolo|Substitute\n|-damage|p1a: Ludicolo|33\/100\n|\n|-weather|none\n|upkeep\n|turn|11\n|\n|t:|1700146962\n|switch|p2a: \u5973\u7687|Gardevoir, F, shiny|100\/100\n|-ability|p2a: \u5973\u7687|Swift Swim|[from] ability: Trace|[of] p1a: Ludicolo\n|move|p1a: Ludicolo|Giga Drain|p2a: \u5973\u7687\n|-damage|p2a: \u5973\u7687|74\/100\n|-heal|p1a: Ludicolo|49\/100|[from] drain|[of] p2a: \u5973\u7687\n|\n|upkeep\n|turn|12\n|\n|t:|1700146973\n|detailschange|p2a: \u5973\u7687|Gardevoir-Mega, F, shiny\n|-mega|p2a: \u5973\u7687|Gardevoir|Gardevoirite\n|-zpower|p1a: Ludicolo\n|move|p1a: Ludicolo|Bloom Doom|p2a: \u5973\u7687|[zeffect]\n|-damage|p2a: \u5973\u7687|28\/100\n|move|p2a: \u5973\u7687|Calm Mind|p2a: \u5973\u7687\n|-boost|p2a: \u5973\u7687|spa|1\n|-boost|p2a: \u5973\u7687|spd|1\n|\n|upkeep\n|turn|13\n|\n|t:|1700146989\n|switch|p1a: Ferrothorn|Ferrothorn, M|2\/100\n|-damage|p1a: Ferrothorn|0 fnt|[from] Stealth Rock\n|faint|p1a: Ferrothorn\n|move|p2a: \u5973\u7687|Hyper Voice|p1: Ferrothorn|[notarget]\n|-fail|p2a: \u5973\u7687\n|\n|upkeep\n|\n|t:|1700146995\n|switch|p1a: Floatzel|Floatzel, F|88\/100\n|-damage|p1a: Floatzel|76\/100|[from] Stealth Rock\n|turn|14\n|\n|t:|1700147001\n|switch|p2a: \u9b3c\u65af|Cloyster, M|71\/100\n|move|p1a: Floatzel|Flip Turn|p2a: \u9b3c\u65af\n|-resisted|p2a: \u9b3c\u65af\n|-damage|p2a: \u9b3c\u65af|54\/100\n|\n|t:|1700147004\n|switch|p1a: Ludicolo|Ludicolo, M|49\/100|[from] Flip Turn\n|-damage|p1a: Ludicolo|36\/100|[from] Stealth Rock\n|\n|upkeep\n|turn|15\n|\n|t:|1700147008\n|-terastallize|p2a: \u9b3c\u65af|Ice\n|move|p2a: \u9b3c\u65af|Ice Shard|p1a: Ludicolo\n|-damage|p1a: Ludicolo|1\/100\n|move|p1a: Ludicolo|Giga Drain|p2a: \u9b3c\u65af\n|-damage|p2a: \u9b3c\u65af|0 fnt\n|-heal|p1a: Ludicolo|23\/100|[from] drain|[of] p2a: \u9b3c\u65af\n|faint|p2a: \u9b3c\u65af\n|\n|upkeep\n|\n|t:|1700147017\n|switch|p2a: Thundurus|Thundurus-Therian, M|100\/100\n|turn|16\n|\n|t:|1700147022\n|switch|p1a: Pelipper|Pelipper, M|59\/100\n|-damage|p1a: Pelipper|35\/100|[from] Stealth Rock\n|-weather|RainDance|[from] ability: Drizzle|[of] p1a: Pelipper\n|move|p2a: Thundurus|Hidden Power|p1a: Pelipper\n|-damage|p1a: Pelipper|5\/100\n|\n|-weather|RainDance|[upkeep]\n|upkeep\n|turn|17\n|\n|t:|1700147028\n|move|p2a: Thundurus|Thunderbolt|p1a: Pelipper\n|-supereffective|p1a: Pelipper\n|-damage|p1a: Pelipper|0 fnt\n|faint|p1a: Pelipper\n|\n|-weather|RainDance|[upkeep]\n|upkeep\n|\n|t:|1700147032\n|switch|p1a: Floatzel|Floatzel, F|76\/100\n|-damage|p1a: Floatzel|64\/100|[from] Stealth Rock\n|turn|18\n|\n|t:|1700147037\n|switch|p2a: \u5973\u7687|Gardevoir-Mega, F, shiny|28\/100\n|-terastallize|p1a: Floatzel|Water\n|move|p1a: Floatzel|Wave Crash|p2a: \u5973\u7687\n|-damage|p2a: \u5973\u7687|0 fnt\n|faint|p2a: \u5973\u7687\n|-damage|p1a: Floatzel|54\/100|[from] Recoil\n|\n|-weather|RainDance|[upkeep]\n|upkeep\n|\n|t:|1700147041\n|switch|p2a: \u56e1\u56e1|Umbreon, F|100\/100\n|turn|19\n|\n|t:|1700147043\n|move|p1a: Floatzel|Wave Crash|p2a: \u56e1\u56e1\n|-damage|p2a: \u56e1\u56e1|2\/100\n|-damage|p1a: Floatzel|12\/100|[from] Recoil\n|move|p2a: \u56e1\u56e1|Foul Play|p1a: Floatzel\n|-damage|p1a: Floatzel|0 fnt\n|faint|p1a: Floatzel\n|\n|-weather|RainDance|[upkeep]\n|-heal|p2a: \u56e1\u56e1|8\/100|[from] item: Leftovers\n|upkeep\n|\n|t:|1700147054\n|switch|p1a: Overqwil|Overqwil, F|100\/100\n|-damage|p1a: Overqwil|88\/100|[from] Stealth Rock\n|turn|20\n|\n|t:|1700147058\n|move|p1a: Overqwil|Crunch|p2a: \u56e1\u56e1\n|-resisted|p2a: \u56e1\u56e1\n|-damage|p2a: \u56e1\u56e1|0 fnt\n|faint|p2a: \u56e1\u56e1\n|\n|-weather|RainDance|[upkeep]\n|upkeep\n|\n|t:|1700147064\n|switch|p2a: Thundurus|Thundurus-Therian, M|100\/100\n|turn|21\n|\n|t:|1700147067\n|move|p1a: Overqwil|Crunch|p2a: Thundurus\n|-damage|p2a: Thundurus|40\/100\n|move|p2a: Thundurus|Thunderbolt|p1a: Overqwil\n|-damage|p1a: Overqwil|11\/100\n|\n|-weather|RainDance|[upkeep]\n|upkeep\n|turn|22\n|\n|t:|1700147073\n|move|p1a: Overqwil|Crunch|p2a: Thundurus\n|-damage|p2a: Thundurus|0 fnt\n|faint|p2a: Thundurus\n|\n|-weather|RainDance|[upkeep]\n|upkeep\n|\n|t:|1700147075\n|switch|p2a: Sneasler|Sneasler, M|88\/100\n|turn|23\n|\n|t:|1700147078\n|move|p2a: Sneasler|Close Combat|p1a: Overqwil\n|-damage|p1a: Overqwil|0 fnt\n|-unboost|p2a: Sneasler|def|1\n|-unboost|p2a: Sneasler|spd|1\n|-damage|p2a: Sneasler|72\/100|[from] item: Rocky Helmet|[of] p1a: Overqwil\n|faint|p1a: Overqwil\n|\n|-weather|none\n|upkeep\n|\n|t:|1700147081\n|switch|p1a: Ludicolo|Ludicolo, M|23\/100\n|-damage|p1a: Ludicolo|10\/100|[from] Stealth Rock\n|turn|24\n|\n|t:|1700147082\n|move|p2a: Sneasler|Close Combat|p1a: Ludicolo\n|-damage|p1a: Ludicolo|0 fnt\n|-unboost|p2a: Sneasler|def|1\n|-unboost|p2a: Sneasler|spd|1\n|faint|p1a: Ludicolo\n|\n|win|as cheu\n|raw|TPX05's rating: 1615 &rarr; <strong>1591<\/strong><br \/>(-24 for losing)\n|raw|as cheu's rating: 1549 &rarr; <strong>1573<\/strong><br \/>(+24 for winning)\n|l|\u2606TPX05\n","uploadtime":1700147096,"views":4,"p1id":"tpx05","p2id":"ascheu","formatid":"gen9nationaldex","rating":1573,"private":0,"password":""}