{"id":"gen9nationaldex-1996022029","p1":"1BadGTO","p2":"finkyfinkerton","format":"[Gen 9] National Dex","log":"|html|<div class=\"broadcast-blue\"><strong>[Gen 9] National Dex is currently suspecting Sneasler! For information on how to participate check out the <a href=\"https:\/\/www.smogon.com\/forums\/threads\/sv-national-dex-suspect-8-just-dance.3731534\/\">suspect thread<\/a>.<\/strong><\/div>\n|j|\u26061BadGTO\n|j|\u2606finkyfinkerton\n|t:|1700630707\n|gametype|singles\n|player|p1|1BadGTO|dahlia|1308\n|player|p2|finkyfinkerton|koga|1325\n|teamsize|p1|6\n|teamsize|p2|6\n|gen|9\n|tier|[Gen 9] National Dex\n|rated|\n|rule|HP Percentage Mod: HP is shown in percentages\n|rule|Endless Battle Clause: Forcing endless battles is banned\n|rule|OHKO Clause: OHKO moves are banned\n|rule|Evasion Clause: Evasion abilities, items, and moves are banned\n|rule|Evasion Abilities Clause: Evasion abilities are banned\n|rule|Evasion Items Clause: Evasion items are banned\n|rule|Evasion Moves Clause: Evasion moves are banned\n|rule|Species Clause: Limit one of each Pok\u00e9mon\n|rule|Sleep Clause Mod: Limit one foe put to sleep\n|clearpoke\n|poke|p1|Urshifu-*, M|\n|poke|p1|Pelipper, F|\n|poke|p1|Swampert, M|\n|poke|p1|Tornadus-Therian, M|\n|poke|p1|Landorus-Therian, M|\n|poke|p1|Thundurus-Therian, M|\n|poke|p2|Slowbro, F|\n|poke|p2|Ferrothorn, M|\n|poke|p2|Garchomp, M|\n|poke|p2|Diancie|\n|poke|p2|Tornadus-Therian, M|\n|poke|p2|Skeledirge, F|\n|teampreview\n|\n|t:|1700630722\n|start\n|switch|p1a: Landorus|Landorus-Therian, M|100\/100\n|switch|p2a: Tornadus|Tornadus-Therian, M|100\/100\n|-ability|p1a: Landorus|Intimidate|boost\n|-unboost|p2a: Tornadus|atk|1\n|turn|1\n|c|\u26061BadGTO|wait I know you, you kicked my ass\n|c|\u26061BadGTO|omg hi :D\n|\n|t:|1700630739\n|move|p2a: Tornadus|Knock Off|p1a: Landorus\n|-damage|p1a: Landorus|83\/100\n|-enditem|p1a: Landorus|Focus Sash|[from] move: Knock Off|[of] p2a: Tornadus\n|move|p1a: Landorus|Stealth Rock|p2a: Tornadus\n|-sidestart|p2: finkyfinkerton|move: Stealth Rock\n|\n|upkeep\n|turn|2\n|c|\u2606finkyfinkerton|hey!\n|c|\u2606finkyfinkerton|I remember you. Kindred spirits\n|\n|t:|1700630762\n|-zpower|p2a: Tornadus\n|move|p2a: Tornadus|Supersonic Skystrike|p1a: Landorus|[zeffect]\n|-damage|p1a: Landorus|0 fnt\n|faint|p1a: Landorus\n|\n|upkeep\n|c|\u26061BadGTO|small ladder lmao\n|c|\u2606finkyfinkerton|Sorry, didn't mean to beat you. Want me to forfeit?\n|\n|t:|1700630783\n|switch|p1a: Thundurus|Thundurus-Therian, M|100\/100\n|turn|3\n|c|\u26061BadGTO|nah if I lose I lose\n|c|\u2606finkyfinkerton|Just cause I like ya.\n|c|\u26061BadGTO|way of comp\n|\n|t:|1700630800\n|switch|p2a: Ferrothorn|Ferrothorn, M|100\/100\n|-damage|p2a: Ferrothorn|94\/100|[from] Stealth Rock\n|move|p1a: Thundurus|Agility|p1a: Thundurus\n|-boost|p1a: Thundurus|spe|2\n|\n|-heal|p2a: Ferrothorn|100\/100|[from] item: Leftovers\n|upkeep\n|turn|4\n|c|\u2606finkyfinkerton|I think we're friends now.\n|\n|t:|1700630815\n|move|p1a: Thundurus|Nasty Plot|p1a: Thundurus\n|-boost|p1a: Thundurus|spa|2\n|move|p2a: Ferrothorn|Gyro Ball|p1a: Thundurus\n|-resisted|p1a: Thundurus\n|-damage|p1a: Thundurus|63\/100\n|\n|upkeep\n|turn|5\n|c|\u26061BadGTO|aye\n|\n|t:|1700630823\n|move|p1a: Thundurus|Nasty Plot|p1a: Thundurus\n|-boost|p1a: Thundurus|spa|2\n|move|p2a: Ferrothorn|Knock Off|p1a: Thundurus\n|-damage|p1a: Thundurus|42\/100\n|\n|upkeep\n|turn|6\n|\n|t:|1700630835\n|-zpower|p1a: Thundurus\n|move|p1a: Thundurus|Gigavolt Havoc|p2a: Ferrothorn|[zeffect]\n|-resisted|p2a: Ferrothorn\n|-damage|p2a: Ferrothorn|2\/100\n|move|p2a: Ferrothorn|Gyro Ball|p1a: Thundurus\n|-resisted|p1a: Thundurus\n|-damage|p1a: Thundurus|6\/100\n|\n|-heal|p2a: Ferrothorn|8\/100|[from] item: Leftovers\n|upkeep\n|turn|7\n|\n|t:|1700630845\n|move|p1a: Thundurus|Hidden Power|p2a: Ferrothorn\n|-damage|p2a: Ferrothorn|0 fnt\n|faint|p2a: Ferrothorn\n|\n|upkeep\n|\n|t:|1700630850\n|switch|p2a: Skeledirge|Skeledirge, F|100\/100\n|turn|8\n|\n|t:|1700630855\n|move|p1a: Thundurus|Thunderbolt|p2a: Skeledirge\n|-damage|p2a: Skeledirge|58\/100\n|move|p2a: Skeledirge|Torch Song|p1a: Thundurus\n|-damage|p1a: Thundurus|0 fnt\n|-boost|p2a: Skeledirge|spa|1\n|faint|p1a: Thundurus\n|\n|upkeep\n|c|\u2606finkyfinkerton|Whats your name!\n|\n|t:|1700630866\n|switch|p1a: Urshifu|Urshifu-Rapid-Strike, M|100\/100\n|turn|9\n|c|\u26061BadGTO|ehh just call me GTO\n|\n|t:|1700630880\n|switch|p2a: Slowbro|Slowbro, F|100\/100\n|-damage|p2a: Slowbro|88\/100|[from] Stealth Rock\n|-terastallize|p1a: Urshifu|Water\n|move|p1a: Urshifu|Surging Strikes|p2a: Slowbro\n|-resisted|p2a: Slowbro\n|-crit|p2a: Slowbro\n|-damage|p2a: Slowbro|79\/100\n|-damage|p1a: Urshifu|84\/100|[from] item: Rocky Helmet|[of] p2a: Slowbro\n|-resisted|p2a: Slowbro\n|-crit|p2a: Slowbro\n|-damage|p2a: Slowbro|70\/100\n|-damage|p1a: Urshifu|68\/100|[from] item: Rocky Helmet|[of] p2a: Slowbro\n|-resisted|p2a: Slowbro\n|-crit|p2a: Slowbro\n|-damage|p2a: Slowbro|60\/100\n|-damage|p1a: Urshifu|51\/100|[from] item: Rocky Helmet|[of] p2a: Slowbro\n|-hitcount|p2a: Slowbro|3\n|\n|upkeep\n|turn|10\n|c|\u2606finkyfinkerton|ok. I am Changa Wangus.\n|c|\u2606finkyfinkerton|My parents were cruel.\n|\n|t:|1700630906\n|move|p1a: Urshifu|U-turn|p2a: Slowbro\n|-supereffective|p2a: Slowbro\n|-damage|p2a: Slowbro|33\/100\n|-damage|p1a: Urshifu|35\/100|[from] item: Rocky Helmet|[of] p2a: Slowbro\n|c|\u26061BadGTO|man I know how that feels\n|\n|t:|1700630921\n|switch|p1a: Tornadus|Tornadus-Therian, M|100\/100|[from] U-turn\n|move|p2a: Slowbro|Teleport|p2a: Slowbro\n|\n|t:|1700630925\n|switch|p2a: Diancie|Diancie|100\/100|[from] Teleport\n|-damage|p2a: Diancie|88\/100|[from] Stealth Rock\n|\n|upkeep\n|turn|11\n|\n|t:|1700630930\n|detailschange|p2a: Diancie|Diancie-Mega\n|-mega|p2a: Diancie|Diancie|Diancite\n|move|p1a: Tornadus|Focus Blast|p2a: Diancie|[miss]\n|-miss|p1a: Tornadus|p2a: Diancie\n|move|p2a: Diancie|Diamond Storm|p1a: Tornadus\n|-supereffective|p1a: Tornadus\n|-damage|p1a: Tornadus|0 fnt\n|faint|p1a: Tornadus\n|\n|upkeep\n|\n|t:|1700630947\n|switch|p1a: Kiff|Swampert, M|100\/100\n|turn|12\n|c|\u2606finkyfinkerton|what you plannin here\n|\n|t:|1700630959\n|switch|p2a: Tornadus|Tornadus-Therian, M|100\/100\n|-damage|p2a: Tornadus|76\/100|[from] Stealth Rock\n|detailschange|p1a: Kiff|Swampert-Mega, M\n|-mega|p1a: Kiff|Swampert|Swampertite\n|move|p1a: Kiff|Earthquake|p2a: Tornadus\n|-immune|p2a: Tornadus\n|\n|upkeep\n|turn|13\n|c|\u26061BadGTO|to die I guess\n|\n|t:|1700630970\n|move|p2a: Tornadus|Defog|p1a: Kiff\n|-unboost|p1a: Kiff|evasion|1\n|-sideend|p2: finkyfinkerton|Stealth Rock|[from] move: Defog|[of] p2a: Tornadus\n|move|p1a: Kiff|Liquidation|p2a: Tornadus\n|-damage|p2a: Tornadus|18\/100\n|-unboost|p2a: Tornadus|def|1\n|\n|upkeep\n|turn|14\n|\n|t:|1700630977\n|move|p2a: Tornadus|Bleakwind Storm|p1a: Kiff\n|-damage|p1a: Kiff|66\/100\n|-unboost|p1a: Kiff|spe|1\n|move|p1a: Kiff|Flip Turn|p2a: Tornadus\n|-damage|p2a: Tornadus|0 fnt\n|faint|p2a: Tornadus\n|\n|t:|1700630980\n|switch|p1a: Pelipper|Pelipper, F|100\/100|[from] Flip Turn\n|-weather|RainDance|[from] ability: Drizzle|[of] p1a: Pelipper\n|\n|-weather|RainDance|[upkeep]\n|upkeep\n|\n|t:|1700630990\n|switch|p2a: Diancie|Diancie-Mega|88\/100\n|turn|15\n|\n|t:|1700630999\n|move|p2a: Diancie|Diamond Storm|p1a: Pelipper\n|-supereffective|p1a: Pelipper\n|-damage|p1a: Pelipper|16\/100\n|move|p1a: Pelipper|Scald|p2a: Diancie\n|-supereffective|p2a: Diancie\n|-damage|p2a: Diancie|0 fnt\n|faint|p2a: Diancie\n|\n|-weather|RainDance|[upkeep]\n|upkeep\n|\n|t:|1700631005\n|switch|p2a: Garchomp|Garchomp, M|100\/100\n|turn|16\n|\n|t:|1700631017\n|-terastallize|p2a: Garchomp|Dragon\n|move|p2a: Garchomp|Swords Dance|p2a: Garchomp\n|-boost|p2a: Garchomp|atk|2\n|move|p1a: Pelipper|Scald|p2a: Garchomp\n|-resisted|p2a: Garchomp\n|-damage|p2a: Garchomp|80\/100\n|-status|p2a: Garchomp|brn\n|\n|-weather|RainDance|[upkeep]\n|-damage|p2a: Garchomp|74\/100 brn|[from] brn\n|upkeep\n|turn|17\n|\n|t:|1700631026\n|move|p2a: Garchomp|Scale Shot|p1a: Pelipper\n|-damage|p1a: Pelipper|3\/100\n|-damage|p1a: Pelipper|0 fnt\n|faint|p1a: Pelipper\n|-hitcount|p1: Pelipper|2\n|-unboost|p2a: Garchomp|def|1\n|-boost|p2a: Garchomp|spe|1\n|\n|-weather|RainDance|[upkeep]\n|-damage|p2a: Garchomp|67\/100 brn|[from] brn\n|upkeep\n|\n|t:|1700631030\n|switch|p1a: Kiff|Swampert-Mega, M|66\/100\n|turn|18\n|c|\u2606finkyfinkerton|you monster\n|c|\u26061BadGTO|:3c\n|c|\u2606finkyfinkerton|how did you damage garchomp. Impossible\n|\n|t:|1700631048\n|switch|p2a: Slowbro|Slowbro, F|66\/100\n|move|p1a: Kiff|Ice Punch|p2a: Slowbro\n|-resisted|p2a: Slowbro\n|-damage|p2a: Slowbro|58\/100\n|-damage|p1a: Kiff|49\/100|[from] item: Rocky Helmet|[of] p2a: Slowbro\n|\n|-weather|RainDance|[upkeep]\n|upkeep\n|turn|19\n|\n|t:|1700631055\n|move|p1a: Kiff|Earthquake|p2a: Slowbro\n|-damage|p2a: Slowbro|27\/100\n|move|p2a: Slowbro|Slack Off|p2a: Slowbro\n|-heal|p2a: Slowbro|77\/100\n|\n|-weather|RainDance|[upkeep]\n|upkeep\n|turn|20\n|\n|t:|1700631060\n|move|p1a: Kiff|Earthquake|p2a: Slowbro\n|-damage|p2a: Slowbro|44\/100\n|move|p2a: Slowbro|Slack Off|p2a: Slowbro\n|-heal|p2a: Slowbro|94\/100\n|\n|-weather|RainDance|[upkeep]\n|upkeep\n|turn|21\n|\n|t:|1700631066\n|switch|p2a: Skeledirge|Skeledirge, F|58\/100\n|move|p1a: Kiff|Earthquake|p2a: Skeledirge\n|-supereffective|p2a: Skeledirge\n|-damage|p2a: Skeledirge|0 fnt\n|faint|p2a: Skeledirge\n|\n|-weather|none\n|upkeep\n|c|\u2606finkyfinkerton|SKELEDIRGE\n|c|\u2606finkyfinkerton|YOU FOUGHT THE GOOD FIGHT\n|\n|t:|1700631083\n|switch|p2a: Garchomp|Garchomp, M, tera:Dragon|67\/100 brn\n|turn|22\n|\n|t:|1700631094\n|move|p2a: Garchomp|Scale Shot|p1a: Kiff\n|-damage|p1a: Kiff|42\/100\n|-damage|p1a: Kiff|34\/100\n|-damage|p1a: Kiff|26\/100\n|-damage|p1a: Kiff|18\/100\n|-damage|p1a: Kiff|10\/100\n|-hitcount|p1a: Kiff|5\n|-unboost|p2a: Garchomp|def|1\n|-boost|p2a: Garchomp|spe|1\n|move|p1a: Kiff|Earthquake|p2a: Garchomp\n|-damage|p2a: Garchomp|0 fnt\n|faint|p2a: Garchomp\n|\n|upkeep\n|\n|t:|1700631104\n|switch|p2a: Slowbro|Slowbro, F|100\/100\n|turn|23\n|c|\u2606finkyfinkerton|I must warn you. This bro is slow.\n|\n|t:|1700631116\n|move|p1a: Kiff|Earthquake|p2a: Slowbro\n|-damage|p2a: Slowbro|66\/100\n|move|p2a: Slowbro|Scald|p1a: Kiff\n|-damage|p1a: Kiff|0 fnt\n|faint|p1a: Kiff\n|\n|upkeep\n|c|\u26061BadGTO|I am shocked on how Slowbro can be this bulky\n|\n|t:|1700631123\n|switch|p1a: Urshifu|Urshifu-Rapid-Strike, M, tera:Water|35\/100\n|turn|24\n|c|\u2606finkyfinkerton|He's a big lad.\n|\n|t:|1700631132\n|move|p1a: Urshifu|U-turn|p2a: Slowbro\n|-supereffective|p2a: Slowbro\n|-damage|p2a: Slowbro|37\/100\n|-damage|p1a: Urshifu|18\/100|[from] item: Rocky Helmet|[of] p2a: Slowbro\n|move|p2a: Slowbro|Slack Off|p2a: Slowbro\n|-heal|p2a: Slowbro|87\/100\n|\n|upkeep\n|turn|25\n|c|\u26061BadGTO|really is\n|\n|t:|1700631140\n|move|p1a: Urshifu|U-turn|p2a: Slowbro\n|-supereffective|p2a: Slowbro\n|-damage|p2a: Slowbro|57\/100\n|-damage|p1a: Urshifu|2\/100|[from] item: Rocky Helmet|[of] p2a: Slowbro\n|move|p2a: Slowbro|Counter|p1a: Urshifu\n|-damage|p1a: Urshifu|0 fnt\n|faint|p1a: Urshifu\n|\n|win|finkyfinkerton\n|raw|1BadGTO's rating: 1308 &rarr; <strong>1289<\/strong><br \/>(-19 for losing)\n|raw|finkyfinkerton's rating: 1325 &rarr; <strong>1344<\/strong><br \/>(+19 for winning)\n|c|\u26061BadGTO|gg's\n","uploadtime":1700631149,"views":16,"p1id":"1badgto","p2id":"finkyfinkerton","formatid":"gen9nationaldex","rating":1289,"private":0,"password":""}