{"id":"gen9nationaldex-1988846731","p1":"ACATM","p2":"akxhdwy","format":"[Gen 9] National Dex","log":"|j|\u2606ACATM\n|j|\u2606akxhdwy\n|t:|1699772832\n|gametype|singles\n|player|p1|ACATM|lillie|1626\n|player|p2|akxhdwy|swimmerf|1678\n|teamsize|p1|6\n|teamsize|p2|6\n|gen|9\n|tier|[Gen 9] National Dex\n|rated|\n|rule|HP Percentage Mod: HP is shown in percentages\n|rule|Endless Battle Clause: Forcing endless battles is banned\n|rule|OHKO Clause: OHKO moves are banned\n|rule|Evasion Clause: Evasion abilities, items, and moves are banned\n|rule|Evasion Abilities Clause: Evasion abilities are banned\n|rule|Evasion Items Clause: Evasion items are banned\n|rule|Evasion Moves Clause: Evasion moves are banned\n|rule|Species Clause: Limit one of each Pok\u00e9mon\n|rule|Sleep Clause Mod: Limit one foe put to sleep\n|clearpoke\n|poke|p1|Banette, F|\n|poke|p1|Heatran, F|\n|poke|p1|Tapu Lele|\n|poke|p1|Sneasler, F|\n|poke|p1|Ogerpon-Wellspring, F|\n|poke|p1|Great Tusk|\n|poke|p2|Heatran, M|\n|poke|p2|Zapdos|\n|poke|p2|Tapu Bulu|\n|poke|p2|Great Tusk|\n|poke|p2|Cresselia, F|\n|poke|p2|Banette, M|\n|teampreview\n|inactive|Battle timer is ON: inactive players will automatically lose when time's up. (requested by akxhdwy)\n|inactive|ACATM has 120 seconds left.\n|inactive|akxhdwy has 120 seconds left.\n|c|\u2606akxhdwy|1\n|\n|t:|1699772891\n|start\n|switch|p1a: Tapu Lele|Tapu Lele|100\/100\n|switch|p2a: Tapu Bulu|Tapu Bulu, shiny|100\/100\n|-fieldstart|move: Psychic Terrain|[from] ability: Psychic Surge|[of] p1a: Tapu Lele\n|-fieldstart|move: Grassy Terrain|[from] ability: Grassy Surge|[of] p2a: Tapu Bulu\n|turn|1\n|\n|t:|1699772901\n|switch|p1a: Heatran|Heatran, F|100\/100\n|-item|p1a: Heatran|Air Balloon\n|move|p2a: Tapu Bulu|Close Combat|p1a: Heatran\n|-supereffective|p1a: Heatran\n|-damage|p1a: Heatran|8\/100\n|-unboost|p2a: Tapu Bulu|def|1\n|-unboost|p2a: Tapu Bulu|spd|1\n|-enditem|p1a: Heatran|Air Balloon\n|\n|-heal|p1a: Heatran|14\/100|[from] Grassy Terrain\n|upkeep\n|turn|2\n|\n|t:|1699772914\n|switch|p2a: Zapdos|Zapdos|100\/100\n|move|p1a: Heatran|Magma Storm|p2a: Zapdos\n|-damage|p2a: Zapdos|47\/100\n|-activate|p2a: Zapdos|move: Magma Storm|[of] p1a: Heatran\n|\n|-heal|p1a: Heatran|21\/100|[from] Grassy Terrain\n|-damage|p2a: Zapdos|34\/100|[from] move: Magma Storm|[partiallytrapped]\n|upkeep\n|turn|3\n|\n|t:|1699772937\n|switch|p1a: Great Tusk|Great Tusk|100\/100\n|-enditem|p1a: Great Tusk|Booster Energy\n|-activate|p1a: Great Tusk|ability: Protosynthesis|[fromitem]\n|-start|p1a: Great Tusk|protosynthesisspe\n|move|p2a: Zapdos|Volt Switch|p1a: Great Tusk\n|-immune|p1a: Great Tusk\n|\n|-end|p2a: Zapdos|Magma Storm|[partiallytrapped]|[silent]\n|upkeep\n|turn|4\n|j| Harri G\n|inactive|ACATM has 120 seconds left.\n|\n|t:|1699772969\n|switch|p2a: Heatran|Heatran, M|100\/100\n|move|p1a: Great Tusk|Ice Spinner|p2a: Heatran\n|-resisted|p2a: Heatran\n|-damage|p2a: Heatran|95\/100\n|-fieldend|move: Grassy Terrain\n|\n|-heal|p2a: Heatran|100\/100|[from] item: Leftovers\n|upkeep\n|turn|5\n|\n|t:|1699772982\n|switch|p2a: Zapdos|Zapdos|34\/100\n|move|p1a: Great Tusk|Headlong Rush|p2a: Zapdos\n|-immune|p2a: Zapdos\n|\n|upkeep\n|turn|6\n|\n|t:|1699772988\n|move|p1a: Great Tusk|Ice Spinner|p2a: Zapdos\n|-supereffective|p2a: Zapdos\n|-damage|p2a: Zapdos|1\/100\n|-status|p1a: Great Tusk|par|[from] ability: Static|[of] p2a: Zapdos\n|move|p2a: Zapdos|Roost|p2a: Zapdos\n|-heal|p2a: Zapdos|51\/100\n|-singleturn|p2a: Zapdos|move: Roost\n|\n|upkeep\n|turn|7\n|\n|t:|1699773007\n|move|p2a: Zapdos|Hurricane|p1a: Great Tusk\n|-supereffective|p1a: Great Tusk\n|-damage|p1a: Great Tusk|0 fnt\n|faint|p1a: Great Tusk\n|-end|p1a: Great Tusk|Protosynthesis|[silent]\n|\n|upkeep\n|inactive|ACATM has 120 seconds left.\n|\n|t:|1699773028\n|switch|p1a: Tapu Lele|Tapu Lele|100\/100\n|-fieldstart|move: Psychic Terrain|[from] ability: Psychic Surge|[of] p1a: Tapu Lele\n|turn|8\n|\n|t:|1699773034\n|switch|p2a: Heatran|Heatran, M|100\/100\n|move|p1a: Tapu Lele|Future Sight|p2a: Heatran\n|-start|p1a: Tapu Lele|move: Future Sight\n|\n|upkeep\n|turn|9\n|\n|t:|1699773045\n|move|p1a: Tapu Lele|Focus Blast|p2a: Heatran\n|-supereffective|p2a: Heatran\n|-damage|p2a: Heatran|46\/100\n|move|p2a: Heatran|Earth Power|p1a: Tapu Lele\n|-damage|p1a: Tapu Lele|73\/100\n|-unboost|p1a: Tapu Lele|spd|1\n|\n|-heal|p2a: Heatran|53\/100|[from] item: Leftovers\n|upkeep\n|turn|10\n|inactive|ACATM has 120 seconds left.\n|\n|t:|1699773067\n|switch|p1a: Ogerpon|Ogerpon-Wellspring, F|100\/100\n|move|p2a: Heatran|Magma Storm|p1a: Ogerpon|[miss]\n|-miss|p2a: Heatran|p1a: Ogerpon\n|\n|-end|p2a: Heatran|move: Future Sight\n|-resisted|p2a: Heatran\n|-damage|p2a: Heatran|26\/100\n|-heal|p2a: Heatran|32\/100|[from] item: Leftovers\n|upkeep\n|turn|11\n|inactive|ACATM has 120 seconds left.\n|\n|t:|1699773080\n|switch|p2a: Tapu Bulu|Tapu Bulu, shiny|100\/100\n|-fieldstart|move: Grassy Terrain|[from] ability: Grassy Surge|[of] p2a: Tapu Bulu\n|move|p1a: Ogerpon|Swords Dance|p1a: Ogerpon\n|-boost|p1a: Ogerpon|atk|2\n|\n|upkeep\n|turn|12\n|\n|t:|1699773087\n|move|p1a: Ogerpon|Ivy Cudgel|p2a: Tapu Bulu\n|-resisted|p2a: Tapu Bulu\n|-damage|p2a: Tapu Bulu|34\/100\n|move|p2a: Tapu Bulu|Horn Leech|p1a: Ogerpon\n|-damage|p1a: Ogerpon|23\/100\n|-heal|p2a: Tapu Bulu|75\/100|[from] drain|[of] p1a: Ogerpon\n|\n|-heal|p1a: Ogerpon|29\/100|[from] Grassy Terrain\n|-heal|p2a: Tapu Bulu|81\/100|[from] Grassy Terrain\n|-heal|p2a: Tapu Bulu|87\/100|[from] item: Leftovers\n|upkeep\n|turn|13\n|\n|t:|1699773093\n|move|p1a: Ogerpon|Horn Leech|p2a: Tapu Bulu\n|-resisted|p2a: Tapu Bulu\n|-crit|p2a: Tapu Bulu\n|-damage|p2a: Tapu Bulu|0 fnt\n|-heal|p1a: Ogerpon|70\/100|[from] drain|[of] p2a: Tapu Bulu\n|faint|p2a: Tapu Bulu\n|\n|-heal|p1a: Ogerpon|76\/100|[from] Grassy Terrain\n|upkeep\n|\n|t:|1699773106\n|switch|p2a: Zapdos|Zapdos|51\/100\n|turn|14\n|\n|t:|1699773116\n|-terastallize|p2a: Zapdos|Water\n|move|p1a: Ogerpon|Ivy Cudgel|p2a: Zapdos\n|-resisted|p2a: Zapdos\n|-damage|p2a: Zapdos|7\/100\n|move|p2a: Zapdos|Hurricane|p1a: Ogerpon\n|-supereffective|p1a: Ogerpon\n|-damage|p1a: Ogerpon|0 fnt\n|faint|p1a: Ogerpon\n|\n|-heal|p2a: Zapdos|13\/100|[from] Grassy Terrain\n|upkeep\n|\n|t:|1699773138\n|switch|p1a: Tapu Lele|Tapu Lele|73\/100\n|-fieldstart|move: Psychic Terrain|[from] ability: Psychic Surge|[of] p1a: Tapu Lele\n|turn|15\n|\n|t:|1699773152\n|move|p1a: Tapu Lele|Psyshock|p2a: Zapdos\n|-damage|p2a: Zapdos|0 fnt\n|faint|p2a: Zapdos\n|\n|upkeep\n|\n|t:|1699773163\n|switch|p2a: Cresselia|Cresselia, F, shiny|100\/100\n|turn|16\n|inactive|ACATM has 120 seconds left.\n|\n|t:|1699773189\n|switch|p1a: Banette|Banette, F|100\/100\n|-item|p2a: Cresselia|Grassy Seed|[from] ability: Frisk|[of] p1a: Banette|[identify]\n|move|p2a: Cresselia|Calm Mind|p2a: Cresselia\n|-boost|p2a: Cresselia|spa|1\n|-boost|p2a: Cresselia|spd|1\n|\n|upkeep\n|turn|17\n|l| Harri G\n|inactive|ACATM has 120 seconds left.\n|\n|t:|1699773201\n|switch|p2a: Great Tusk|Great Tusk|100\/100\n|detailschange|p1a: Banette|Banette-Mega, F\n|-mega|p1a: Banette|Banette|Banettite\n|move|p1a: Banette|Taunt|p2a: Great Tusk\n|-activate|p2a: Great Tusk|move: Psychic Terrain\n|\n|upkeep\n|turn|18\n|\n|t:|1699773209\n|move|p2a: Great Tusk|Headlong Rush|p1a: Banette\n|-crit|p1a: Banette\n|-damage|p1a: Banette|0 fnt\n|-unboost|p2a: Great Tusk|def|1\n|-unboost|p2a: Great Tusk|spd|1\n|faint|p1a: Banette\n|\n|upkeep\n|inactive|ACATM has 120 seconds left.\n|\n|t:|1699773223\n|switch|p1a: Sneasler|Sneasler, F|100\/100\n|-enditem|p1a: Sneasler|Psychic Seed\n|-boost|p1a: Sneasler|spd|1|[from] item: Psychic Seed\n|turn|19\n|\n|t:|1699773231\n|-terastallize|p1a: Sneasler|Flying\n|move|p1a: Sneasler|Swords Dance|p1a: Sneasler\n|-boost|p1a: Sneasler|atk|2\n|-zpower|p2a: Great Tusk\n|move|p2a: Great Tusk|Subzero Slammer|p1a: Sneasler|[zeffect]\n|-supereffective|p1a: Sneasler\n|-damage|p1a: Sneasler|0 fnt\n|faint|p1a: Sneasler\n|\n|-fieldend|move: Psychic Terrain\n|upkeep\n|\n|t:|1699773236\n|switch|p1a: Tapu Lele|Tapu Lele|73\/100\n|-fieldstart|move: Psychic Terrain|[from] ability: Psychic Surge|[of] p1a: Tapu Lele\n|turn|20\n|-message|ACATM forfeited.\n|\n|win|akxhdwy\n|raw|ACATM's rating: 1626 &rarr; <strong>1609<\/strong><br \/>(-17 for losing)\n|raw|akxhdwy's rating: 1678 &rarr; <strong>1695<\/strong><br \/>(+17 for winning)\n|l|\u2606ACATM\n","uploadtime":1699773261,"views":4,"p1id":"acatm","p2id":"akxhdwy","formatid":"gen9nationaldex","rating":1609,"private":0,"password":""}