{"id":"gen9nationaldex-1996607980","p1":"larsonshark","p2":"arbitrion","format":"[Gen 9] National Dex","log":"|html|<div class=\"broadcast-blue\"><strong>[Gen 9] National Dex is currently suspecting Sneasler! For information on how to participate check out the <a href=\"https:\/\/www.smogon.com\/forums\/threads\/sv-national-dex-suspect-8-just-dance.3731534\/\">suspect thread<\/a>.<\/strong><\/div>\n|j|\u2606larsonshark\n|j|\u2606arbitrion\n|t:|1700700024\n|gametype|singles\n|player|p1|larsonshark|caitlin|1480\n|player|p2|arbitrion|2|1403\n|teamsize|p1|6\n|teamsize|p2|6\n|gen|9\n|tier|[Gen 9] National Dex\n|rated|\n|rule|HP Percentage Mod: HP is shown in percentages\n|rule|Endless Battle Clause: Forcing endless battles is banned\n|rule|OHKO Clause: OHKO moves are banned\n|rule|Evasion Clause: Evasion abilities, items, and moves are banned\n|rule|Evasion Abilities Clause: Evasion abilities are banned\n|rule|Evasion Items Clause: Evasion items are banned\n|rule|Evasion Moves Clause: Evasion moves are banned\n|rule|Species Clause: Limit one of each Pok\u00e9mon\n|rule|Sleep Clause Mod: Limit one foe put to sleep\n|clearpoke\n|poke|p1|Iron Valiant|\n|poke|p1|Gliscor, M|\n|poke|p1|Aegislash, M|\n|poke|p1|Alomomola, M|\n|poke|p1|Moltres|\n|poke|p1|Urshifu-*, F|\n|poke|p2|Rillaboom, M|\n|poke|p2|Hatterene, F|\n|poke|p2|Kommo-o, M|\n|poke|p2|Charizard, M|\n|poke|p2|Zeraora|\n|poke|p2|Weavile, M|\n|teampreview\n|inactive|Battle timer is ON: inactive players will automatically lose when time's up. (requested by larsonshark)\n|\n|t:|1700700041\n|start\n|switch|p1a: Urshifu|Urshifu-Rapid-Strike, F|100\/100\n|switch|p2a: Charizard|Charizard, M|100\/100\n|turn|1\n|\n|t:|1700700053\n|detailschange|p2a: Charizard|Charizard-Mega-Y, M\n|-mega|p2a: Charizard|Charizard|Charizardite Y\n|-weather|SunnyDay|[from] ability: Drought|[of] p2a: Charizard\n|-terastallize|p1a: Urshifu|Water\n|move|p1a: Urshifu|Surging Strikes|p2a: Charizard\n|-supereffective|p2a: Charizard\n|-crit|p2a: Charizard\n|-damage|p2a: Charizard|63\/100\n|-supereffective|p2a: Charizard\n|-crit|p2a: Charizard\n|-damage|p2a: Charizard|22\/100\n|-supereffective|p2a: Charizard\n|-crit|p2a: Charizard\n|-damage|p2a: Charizard|0 fnt\n|faint|p2a: Charizard\n|-hitcount|p2: Charizard|3\n|\n|-weather|SunnyDay|[upkeep]\n|upkeep\n|\n|t:|1700700062\n|switch|p2a: Rillaboom|Rillaboom, M|100\/100\n|-fieldstart|move: Grassy Terrain|[from] ability: Grassy Surge|[of] p2a: Rillaboom\n|turn|2\n|\n|t:|1700700069\n|switch|p1a: Moltres|Moltres|100\/100\n|move|p2a: Rillaboom|Swords Dance|p2a: Rillaboom\n|-boost|p2a: Rillaboom|atk|2\n|\n|-weather|SunnyDay|[upkeep]\n|upkeep\n|turn|3\n|\n|t:|1700700081\n|switch|p2a: Hatterene|Hatterene, F|100\/100\n|-enditem|p2a: Hatterene|Grassy Seed\n|-boost|p2a: Hatterene|def|1|[from] item: Grassy Seed\n|move|p1a: Moltres|Defog|p2a: Hatterene\n|move|p2a: Hatterene|Defog|p1a: Moltres|[from]ability: Magic Bounce\n|-unboost|p1a: Moltres|evasion|1\n|-fieldend|move: Grassy Terrain\n|\n|-weather|SunnyDay|[upkeep]\n|upkeep\n|turn|4\n|\n|t:|1700700090\n|move|p1a: Moltres|Flamethrower|p2a: Hatterene\n|-damage|p2a: Hatterene|43\/100\n|move|p2a: Hatterene|Calm Mind|p2a: Hatterene\n|-boost|p2a: Hatterene|spa|1\n|-boost|p2a: Hatterene|spd|1\n|\n|-weather|SunnyDay|[upkeep]\n|upkeep\n|turn|5\n|\n|t:|1700700099\n|move|p1a: Moltres|Flamethrower|p2a: Hatterene\n|-damage|p2a: Hatterene|0 fnt\n|faint|p2a: Hatterene\n|\n|-weather|none\n|upkeep\n|\n|t:|1700700104\n|switch|p2a: Zeraora|Zeraora|100\/100\n|turn|6\n|\n|t:|1700700112\n|switch|p1a: Gliscor|Gliscor, M|100\/100\n|move|p2a: Zeraora|Bulk Up|p2a: Zeraora\n|-boost|p2a: Zeraora|atk|1\n|-boost|p2a: Zeraora|def|1\n|\n|-status|p1a: Gliscor|tox|[from] item: Toxic Orb\n|upkeep\n|turn|7\n|\n|t:|1700700117\n|move|p2a: Zeraora|Blaze Kick|p1a: Gliscor\n|-crit|p1a: Gliscor\n|-damage|p1a: Gliscor|61\/100 tox\n|move|p1a: Gliscor|Earthquake|p2a: Zeraora\n|-supereffective|p2a: Zeraora\n|-damage|p2a: Zeraora|39\/100\n|\n|-heal|p1a: Gliscor|73\/100 tox|[from] ability: Poison Heal\n|upkeep\n|turn|8\n|\n|t:|1700700123\n|move|p2a: Zeraora|Blaze Kick|p1a: Gliscor|[miss]\n|-miss|p2a: Zeraora|p1a: Gliscor\n|move|p1a: Gliscor|Substitute|p1a: Gliscor\n|-start|p1a: Gliscor|Substitute\n|-damage|p1a: Gliscor|48\/100 tox\n|\n|-heal|p1a: Gliscor|61\/100 tox|[from] ability: Poison Heal\n|upkeep\n|turn|9\n|\n|t:|1700700127\n|move|p1a: Gliscor|Protect|p1a: Gliscor\n|-singleturn|p1a: Gliscor|Protect\n|move|p2a: Zeraora|Blaze Kick|p1a: Gliscor\n|-activate|p1a: Gliscor|move: Protect\n|\n|-heal|p1a: Gliscor|73\/100 tox|[from] ability: Poison Heal\n|upkeep\n|turn|10\n|\n|t:|1700700132\n|move|p2a: Zeraora|Blaze Kick|p1a: Gliscor\n|-end|p1a: Gliscor|Substitute\n|move|p1a: Gliscor|Earthquake|p2a: Zeraora\n|-supereffective|p2a: Zeraora\n|-damage|p2a: Zeraora|0 fnt\n|faint|p2a: Zeraora\n|\n|-heal|p1a: Gliscor|86\/100 tox|[from] ability: Poison Heal\n|upkeep\n|\n|t:|1700700137\n|switch|p2a: Weavile|Weavile, M|100\/100\n|-ability|p2a: Weavile|Pressure\n|turn|11\n|\n|t:|1700700146\n|switch|p1a: Urshifu|Urshifu-Rapid-Strike, F, tera:Water|100\/100\n|move|p2a: Weavile|Hone Claws|p2a: Weavile\n|-boost|p2a: Weavile|atk|1\n|-boost|p2a: Weavile|accuracy|1\n|\n|upkeep\n|turn|12\n|\n|t:|1700700152\n|move|p1a: Urshifu|Surging Strikes|p2a: Weavile\n|-crit|p2a: Weavile\n|-damage|p2a: Weavile|56\/100\n|-crit|p2a: Weavile\n|-damage|p2a: Weavile|12\/100\n|-crit|p2a: Weavile\n|-damage|p2a: Weavile|0 fnt\n|faint|p2a: Weavile\n|-hitcount|p2: Weavile|3\n|\n|upkeep\n|-message|arbitrion forfeited.\n|\n|win|larsonshark\n|raw|larsonshark's rating: 1480 &rarr; <strong>1496<\/strong><br \/>(+16 for winning)\n|raw|arbitrion's rating: 1403 &rarr; <strong>1387<\/strong><br \/>(-16 for losing)\n|l|\u2606arbitrion\n","uploadtime":1700700170,"views":3,"p1id":"larsonshark","p2id":"arbitrion","formatid":"gen9nationaldex","rating":1387,"private":0,"password":""}