{"id":"gen9nationaldex-1987381001","p1":"ggagain","p2":"mihiru2020","format":"[Gen 9] National Dex","log":"|j|\u2606ggagain\n|j|\u2606mihiru2020\n|t:|1699584121\n|gametype|singles\n|player|p1|ggagain|2|1519\n|player|p2|mihiru2020|psychicf-gen4|1568\n|teamsize|p1|6\n|teamsize|p2|6\n|gen|9\n|tier|[Gen 9] National Dex\n|rated|\n|rule|HP Percentage Mod: HP is shown in percentages\n|rule|Endless Battle Clause: Forcing endless battles is banned\n|rule|OHKO Clause: OHKO moves are banned\n|rule|Evasion Clause: Evasion abilities, items, and moves are banned\n|rule|Evasion Abilities Clause: Evasion abilities are banned\n|rule|Evasion Items Clause: Evasion items are banned\n|rule|Evasion Moves Clause: Evasion moves are banned\n|rule|Species Clause: Limit one of each Pok\u00e9mon\n|rule|Sleep Clause Mod: Limit one foe put to sleep\n|clearpoke\n|poke|p1|Alomomola, F|\n|poke|p1|Zamazenta-*|\n|poke|p1|Ditto|\n|poke|p1|Victini|\n|poke|p1|Gliscor, M|\n|poke|p1|Goodra-Hisui, M|\n|poke|p2|Terrakion|\n|poke|p2|Sceptile, M|\n|poke|p2|Ninetales-Alola, M|\n|poke|p2|Gyarados, F|\n|poke|p2|Oricorio-Sensu, F|\n|poke|p2|Hoopa-Unbound|\n|teampreview\n|inactive|Battle timer is ON: inactive players will automatically lose when time's up. (requested by mihiru2020)\n|inactive|ggagain also wants the timer to be on.\n|\n|t:|1699584138\n|start\n|switch|p1a: Victini|Victini|100\/100\n|switch|p2a: Ninetales|Ninetales-Alola, M|100\/100\n|-weather|Snow|[from] ability: Snow Warning|[of] p2a: Ninetales\n|turn|1\n|\n|t:|1699584159\n|switch|p2a: Gyarados|Gyarados, F|100\/100\n|-ability|p2a: Gyarados|Intimidate|boost\n|-unboost|p1a: Victini|atk|1\n|move|p1a: Victini|V-create|p2a: Gyarados\n|-resisted|p2a: Gyarados\n|-damage|p2a: Gyarados|69\/100\n|-unboost|p1a: Victini|spe|1\n|-unboost|p1a: Victini|def|1\n|-unboost|p1a: Victini|spd|1\n|\n|-weather|Snow|[upkeep]\n|upkeep\n|turn|2\n|\n|t:|1699584176\n|switch|p1a: Zamazenta|Zamazenta|100\/100\n|-ability|p1a: Zamazenta|Dauntless Shield|boost\n|-boost|p1a: Zamazenta|def|1\n|move|p2a: Gyarados|Substitute|p2a: Gyarados\n|-start|p2a: Gyarados|Substitute\n|-damage|p2a: Gyarados|44\/100\n|\n|-weather|Snow|[upkeep]\n|upkeep\n|turn|3\n|inactive|mihiru2020 has 120 seconds left.\n|\n|t:|1699584192\n|switch|p2a: Oricorio|Oricorio-Sensu, F|100\/100\n|move|p1a: Zamazenta|Close Combat|p2a: Oricorio\n|-immune|p2a: Oricorio\n|\n|-weather|Snow|[upkeep]\n|upkeep\n|turn|4\n|\n|t:|1699584214\n|switch|p1a: Victini|Victini|100\/100\n|move|p2a: Oricorio|Quiver Dance|p2a: Oricorio\n|-boost|p2a: Oricorio|spa|1\n|-boost|p2a: Oricorio|spd|1\n|-boost|p2a: Oricorio|spe|1\n|\n|-weather|Snow|[upkeep]\n|upkeep\n|turn|5\n|inactive|mihiru2020 has 120 seconds left.\n|\n|t:|1699584231\n|move|p1a: Victini|V-create|p2a: Oricorio\n|-damage|p2a: Oricorio|0 fnt\n|-unboost|p1a: Victini|spe|1\n|-unboost|p1a: Victini|def|1\n|-unboost|p1a: Victini|spd|1\n|faint|p2a: Oricorio\n|\n|-weather|none\n|upkeep\n|\n|t:|1699584236\n|switch|p2a: Ninetales|Ninetales-Alola, M|100\/100\n|-weather|Snow|[from] ability: Snow Warning|[of] p2a: Ninetales\n|turn|6\n|\n|t:|1699584241\n|move|p2a: Ninetales|Aurora Veil|p2a: Ninetales\n|-sidestart|p2: mihiru2020|move: Aurora Veil\n|move|p1a: Victini|V-create|p2a: Ninetales\n|-supereffective|p2a: Ninetales\n|-damage|p2a: Ninetales|40\/100\n|-unboost|p1a: Victini|spe|1\n|-unboost|p1a: Victini|def|1\n|-unboost|p1a: Victini|spd|1\n|\n|-weather|Snow|[upkeep]\n|upkeep\n|turn|7\n|\n|t:|1699584252\n|switch|p2a: Gyarados|Gyarados, F|44\/100\n|-ability|p2a: Gyarados|Intimidate|boost\n|-unboost|p1a: Victini|atk|1\n|switch|p1a: Gliscor|Gliscor, M|100\/100\n|\n|-weather|Snow|[upkeep]\n|-status|p1a: Gliscor|tox|[from] item: Toxic Orb\n|upkeep\n|turn|8\n|\n|t:|1699584262\n|switch|p1a: Zamazenta|Zamazenta|100\/100\n|move|p2a: Gyarados|Dragon Dance|p2a: Gyarados\n|-boost|p2a: Gyarados|atk|1\n|-boost|p2a: Gyarados|spe|1\n|\n|-weather|Snow|[upkeep]\n|upkeep\n|turn|9\n|\n|t:|1699584274\n|move|p2a: Gyarados|Dragon Dance|p2a: Gyarados\n|-boost|p2a: Gyarados|atk|1\n|-boost|p2a: Gyarados|spe|1\n|move|p1a: Zamazenta|Wild Charge|p2a: Gyarados\n|-supereffective|p2a: Gyarados\n|-damage|p2a: Gyarados|0 fnt\n|faint|p2a: Gyarados\n|-damage|p1a: Zamazenta|89\/100|[from] Recoil\n|\n|-weather|Snow|[upkeep]\n|upkeep\n|\n|t:|1699584289\n|switch|p2a: Hoopa|Hoopa-Unbound|100\/100\n|turn|10\n|\n|t:|1699584293\n|switch|p1a: Alomomola|Alomomola, F|100\/100\n|move|p2a: Hoopa|Zen Headbutt|p1a: Alomomola\n|-damage|p1a: Alomomola|75\/100\n|-damage|p2a: Hoopa|84\/100|[from] item: Rocky Helmet|[of] p1a: Alomomola\n|\n|-weather|none\n|upkeep\n|turn|11\n|\n|t:|1699584309\n|move|p2a: Hoopa|Zen Headbutt|p1a: Alomomola\n|-damage|p1a: Alomomola|51\/100\n|-damage|p2a: Hoopa|67\/100|[from] item: Rocky Helmet|[of] p1a: Alomomola\n|move|p1a: Alomomola|Flip Turn|p2a: Hoopa\n|-damage|p2a: Hoopa|53\/100\n|\n|t:|1699584314\n|switch|p1a: Victini|Victini|100\/100|[from] Flip Turn\n|\n|upkeep\n|turn|12\n|\n|t:|1699584327\n|switch|p2a: Terrakion|Terrakion|100\/100\n|move|p1a: Victini|U-turn|p2a: Terrakion\n|-resisted|p2a: Terrakion\n|-damage|p2a: Terrakion|95\/100\n|\n|t:|1699584340\n|switch|p1a: Alomomola|Alomomola, F|84\/100|[from] U-turn\n|\n|upkeep\n|turn|13\n|\n|t:|1699584347\n|move|p2a: Terrakion|Swords Dance|p2a: Terrakion\n|-boost|p2a: Terrakion|atk|2\n|move|p1a: Alomomola|Toxic|p2a: Terrakion\n|-status|p2a: Terrakion|tox\n|\n|-damage|p2a: Terrakion|89\/100 tox|[from] psn\n|-sideend|p2: mihiru2020|move: Aurora Veil\n|upkeep\n|turn|14\n|\n|t:|1699584361\n|move|p2a: Terrakion|Close Combat|p1a: Alomomola\n|-damage|p1a: Alomomola|20\/100\n|-unboost|p2a: Terrakion|def|1\n|-unboost|p2a: Terrakion|spd|1\n|-damage|p2a: Terrakion|72\/100 tox|[from] item: Rocky Helmet|[of] p1a: Alomomola\n|move|p1a: Alomomola|Flip Turn|p2a: Terrakion\n|-supereffective|p2a: Terrakion\n|-damage|p2a: Terrakion|11\/100 tox\n|\n|t:|1699584375\n|switch|p1a: Ditto|Ditto|100\/100|[from] Flip Turn\n|-transform|p1a: Ditto|p2a: Terrakion|[from] ability: Imposter\n|\n|-damage|p2a: Terrakion|0 fnt|[from] psn\n|faint|p2a: Terrakion\n|upkeep\n|\n|t:|1699584392\n|switch|p2a: Sceptile|Sceptile, M|100\/100\n|turn|15\n|\n|t:|1699584403\n|switch|p1a: Goodra|Goodra-Hisui, M|100\/100\n|move|p2a: Sceptile|Swagger|p1a: Goodra\n|-boost|p1a: Goodra|atk|2\n|-enditem|p2a: Sceptile|Mirror Herb\n|-boost|p2a: Sceptile|atk|2|[from] item: Mirror Herb\n|-start|p1a: Goodra|confusion\n|\n|upkeep\n|turn|16\n|\n|t:|1699584422\n|move|p2a: Sceptile|Earthquake|p1a: Goodra\n|-supereffective|p1a: Goodra\n|-damage|p1a: Goodra|0 fnt\n|faint|p1a: Goodra\n|\n|upkeep\n|\n|t:|1699584431\n|switch|p1a: Victini|Victini|100\/100\n|turn|17\n|\n|t:|1699584439\n|move|p2a: Sceptile|Earthquake|p1a: Victini\n|-supereffective|p1a: Victini\n|-damage|p1a: Victini|0 fnt\n|faint|p1a: Victini\n|\n|upkeep\n|\n|t:|1699584453\n|switch|p1a: Gliscor|Gliscor, M|100\/100 tox\n|turn|18\n|\n|t:|1699584458\n|move|p2a: Sceptile|Leaf Blade|p1a: Gliscor\n|-damage|p1a: Gliscor|37\/100 tox\n|move|p1a: Gliscor|U-turn|p2a: Sceptile\n|-supereffective|p2a: Sceptile\n|-damage|p2a: Sceptile|46\/100\n|\n|t:|1699584465\n|switch|p1a: Zamazenta|Zamazenta|89\/100|[from] U-turn\n|\n|upkeep\n|turn|19\n|\n|t:|1699584478\n|move|p2a: Sceptile|Leaf Blade|p1a: Zamazenta\n|-damage|p1a: Zamazenta|21\/100\n|move|p1a: Zamazenta|Close Combat|p2a: Sceptile\n|-damage|p2a: Sceptile|0 fnt\n|-unboost|p1a: Zamazenta|def|1\n|-unboost|p1a: Zamazenta|spd|1\n|faint|p2a: Sceptile\n|\n|upkeep\n|\n|t:|1699584500\n|switch|p2a: Hoopa|Hoopa-Unbound|53\/100\n|turn|20\n|\n|t:|1699584510\n|switch|p1a: Gliscor|Gliscor, M|37\/100 tox\n|move|p2a: Hoopa|Hyperspace Fury|p1a: Gliscor\n|-damage|p1a: Gliscor|0 fnt\n|-unboost|p2a: Hoopa|def|1\n|faint|p1a: Gliscor\n|\n|upkeep\n|\n|t:|1699584515\n|switch|p1a: Ditto|Ditto|100\/100\n|-transform|p1a: Ditto|p2a: Hoopa|[from] ability: Imposter\n|turn|21\n|\n|t:|1699584521\n|-terastallize|p2a: Hoopa|Dark\n|move|p1a: Ditto|Hyperspace Fury|p2a: Hoopa\n|-resisted|p2a: Hoopa\n|-damage|p2a: Hoopa|0 fnt\n|-unboost|p1a: Ditto|def|1\n|faint|p2a: Hoopa\n|\n|upkeep\n|\n|t:|1699584526\n|switch|p2a: Ninetales|Ninetales-Alola, M|40\/100\n|-weather|Snow|[from] ability: Snow Warning|[of] p2a: Ninetales\n|turn|22\n|\n|t:|1699584531\n|move|p1a: Ditto|Hyperspace Fury|p2a: Ninetales\n|-resisted|p2a: Ninetales\n|-damage|p2a: Ninetales|18\/100\n|-unboost|p1a: Ditto|def|1\n|move|p2a: Ninetales|Aurora Veil|p2a: Ninetales\n|-sidestart|p2: mihiru2020|move: Aurora Veil\n|\n|-weather|Snow|[upkeep]\n|upkeep\n|turn|23\n|\n|t:|1699584534\n|move|p1a: Ditto|Hyperspace Fury|p2a: Ninetales\n|-resisted|p2a: Ninetales\n|-damage|p2a: Ninetales|6\/100\n|-unboost|p1a: Ditto|def|1\n|move|p2a: Ninetales|Freeze-Dry|p1a: Ditto\n|-damage|p1a: Ditto|81\/100\n|\n|-weather|Snow|[upkeep]\n|upkeep\n|turn|24\n|\n|t:|1699584539\n|move|p1a: Ditto|Hyperspace Fury|p2a: Ninetales\n|-resisted|p2a: Ninetales\n|-damage|p2a: Ninetales|0 fnt\n|-unboost|p1a: Ditto|def|1\n|faint|p2a: Ninetales\n|\n|win|ggagain\n|raw|ggagain's rating: 1519 &rarr; <strong>1542<\/strong><br \/>(+23 for winning)\n|raw|mihiru2020's rating: 1568 &rarr; <strong>1545<\/strong><br \/>(-23 for losing)\n|l|\u2606mihiru2020\n","uploadtime":1699584547,"views":4,"p1id":"ggagain","p2id":"mihiru2020","formatid":"gen9nationaldex","rating":1542,"private":0,"password":""}