{"id":"gen9nationaldex-1999014853","p1":"x_sedna x","p2":"BuccaneerTPDPurge","format":"[Gen 9] National Dex","log":"|html|<div class=\"broadcast-blue\"><strong>[Gen 9] National Dex is currently suspecting Sneasler! For information on how to participate check out the <a href=\"https:\/\/www.smogon.com\/forums\/threads\/sv-national-dex-suspect-8-just-dance.3731534\/\">suspect thread<\/a>.<\/strong><\/div>\n|j|\u2606x_sedna x\n|j|\u2606BuccaneerTPDPurge\n|t:|1701024037\n|gametype|singles\n|player|p1|x_sedna x|lady|1281\n|player|p2|BuccaneerTPDPurge|artist|1317\n|teamsize|p1|6\n|teamsize|p2|6\n|gen|9\n|tier|[Gen 9] National Dex\n|rated|\n|rule|HP Percentage Mod: HP is shown in percentages\n|rule|Endless Battle Clause: Forcing endless battles is banned\n|rule|OHKO Clause: OHKO moves are banned\n|rule|Evasion Clause: Evasion abilities, items, and moves are banned\n|rule|Evasion Abilities Clause: Evasion abilities are banned\n|rule|Evasion Items Clause: Evasion items are banned\n|rule|Evasion Moves Clause: Evasion moves are banned\n|rule|Species Clause: Limit one of each Pok\u00e9mon\n|rule|Sleep Clause Mod: Limit one foe put to sleep\n|clearpoke\n|poke|p1|Ferrothorn, M|\n|poke|p1|Greninja-*, M|\n|poke|p1|Pelipper, F|\n|poke|p1|Thundurus, M|\n|poke|p1|Slowking-Galar, F|\n|poke|p1|Serperior, F|\n|poke|p2|Beedrill, F|\n|poke|p2|Sneasler, M|\n|poke|p2|Munkidori, M|\n|poke|p2|Nidoking, M|\n|poke|p2|Glimmora, M|\n|poke|p2|Drapion, F|\n|teampreview\n|\n|t:|1701024048\n|start\n|switch|p1a: Ferrothorn|Ferrothorn, M|100\/100\n|switch|p2a: GlimaticoPurge|Glimmora, M|100\/100\n|-item|p2a: GlimaticoPurge|Air Balloon\n|turn|1\n|\n|t:|1701024067\n|move|p2a: GlimaticoPurge|Stealth Rock|p1a: Ferrothorn\n|-sidestart|p1: x_sedna x|move: Stealth Rock\n|move|p1a: Ferrothorn|Spikes|p2a: GlimaticoPurge\n|-sidestart|p2: BuccaneerTPDPurge|Spikes\n|\n|upkeep\n|turn|2\n|\n|t:|1701024076\n|switch|p2a: PurgeCarrier|Sneasler, M, shiny|100\/100\n|-damage|p2a: PurgeCarrier|88\/100|[from] Spikes\n|move|p1a: Ferrothorn|Leech Seed|p2a: PurgeCarrier\n|-start|p2a: PurgeCarrier|move: Leech Seed\n|\n|-damage|p2a: PurgeCarrier|76\/100|[from] Leech Seed|[of] p1a: Ferrothorn\n|upkeep\n|turn|3\n|\n|t:|1701024085\n|switch|p1a: Slowking|Slowking-Galar, F|100\/100\n|-damage|p1a: Slowking|88\/100|[from] Stealth Rock\n|move|p2a: PurgeCarrier|Close Combat|p1a: Slowking\n|-resisted|p1a: Slowking\n|-damage|p1a: Slowking|76\/100\n|-unboost|p2a: PurgeCarrier|def|1\n|-unboost|p2a: PurgeCarrier|spd|1\n|-enditem|p2a: PurgeCarrier|White Herb\n|-clearnegativeboost|p2a: PurgeCarrier|[silent]\n|\n|-heal|p1a: Slowking|82\/100|[from] item: Black Sludge\n|-damage|p2a: PurgeCarrier|64\/100|[from] Leech Seed|[of] p1a: Slowking\n|-heal|p1a: Slowking|92\/100|[silent]\n|upkeep\n|turn|4\n|\n|t:|1701024098\n|move|p2a: PurgeCarrier|Fire Punch|p1a: Slowking\n|-damage|p1a: Slowking|73\/100\n|-status|p1a: Slowking|brn\n|move|p1a: Slowking|Eerie Spell|p2a: PurgeCarrier\n|-supereffective|p2a: PurgeCarrier\n|-damage|p2a: PurgeCarrier|0 fnt\n|faint|p2a: PurgeCarrier\n|\n|-heal|p1a: Slowking|79\/100 brn|[from] item: Black Sludge\n|-damage|p1a: Slowking|73\/100 brn|[from] brn\n|upkeep\n|\n|t:|1701024105\n|switch|p2a: GlimaticoPurge|Glimmora, M|100\/100\n|-item|p2a: GlimaticoPurge|Air Balloon\n|turn|5\n|\n|t:|1701024112\n|move|p2a: GlimaticoPurge|Mortal Spin|p1a: Slowking\n|-resisted|p1a: Slowking\n|-damage|p1a: Slowking|71\/100 brn\n|-sideend|p2: BuccaneerTPDPurge|Spikes|[from] move: Mortal Spin|[of] p2a: GlimaticoPurge\n|move|p1a: Slowking|Scald|p2a: GlimaticoPurge\n|-supereffective|p2a: GlimaticoPurge\n|-damage|p2a: GlimaticoPurge|60\/100\n|-enditem|p2a: GlimaticoPurge|Air Balloon\n|\n|-heal|p1a: Slowking|77\/100 brn|[from] item: Black Sludge\n|-damage|p1a: Slowking|71\/100 brn|[from] brn\n|upkeep\n|turn|6\n|\n|t:|1701024123\n|move|p2a: GlimaticoPurge|Dazzling Gleam|p1a: Slowking\n|-resisted|p1a: Slowking\n|-damage|p1a: Slowking|62\/100 brn\n|move|p1a: Slowking|Scald|p2a: GlimaticoPurge\n|-supereffective|p2a: GlimaticoPurge\n|-damage|p2a: GlimaticoPurge|21\/100\n|\n|-heal|p1a: Slowking|68\/100 brn|[from] item: Black Sludge\n|-damage|p1a: Slowking|62\/100 brn|[from] brn\n|upkeep\n|turn|7\n|\n|t:|1701024133\n|move|p2a: GlimaticoPurge|Dazzling Gleam|p1a: Slowking\n|-resisted|p1a: Slowking\n|-damage|p1a: Slowking|53\/100 brn\n|move|p1a: Slowking|Scald|p2a: GlimaticoPurge\n|-supereffective|p2a: GlimaticoPurge\n|-damage|p2a: GlimaticoPurge|0 fnt\n|faint|p2a: GlimaticoPurge\n|\n|-heal|p1a: Slowking|59\/100 brn|[from] item: Black Sludge\n|-damage|p1a: Slowking|53\/100 brn|[from] brn\n|upkeep\n|\n|t:|1701024141\n|switch|p2a: DrapGangPurger|Drapion, F, shiny|100\/100\n|turn|8\n|\n|t:|1701024162\n|move|p2a: DrapGangPurger|Pursuit|p1a: Slowking\n|-supereffective|p1a: Slowking\n|-damage|p1a: Slowking|33\/100 brn\n|move|p1a: Slowking|Slack Off|p1a: Slowking\n|-heal|p1a: Slowking|83\/100 brn\n|\n|-heal|p1a: Slowking|89\/100 brn|[from] item: Black Sludge\n|-damage|p1a: Slowking|83\/100 brn|[from] brn\n|upkeep\n|turn|9\n|\n|t:|1701024184\n|switch|p1a: Pelipper|Pelipper, F|100\/100\n|-damage|p1a: Pelipper|76\/100|[from] Stealth Rock\n|-weather|RainDance|[from] ability: Drizzle|[of] p1a: Pelipper\n|move|p2a: DrapGangPurger|Taunt|p1a: Pelipper\n|-start|p1a: Pelipper|move: Taunt\n|\n|-weather|RainDance|[upkeep]\n|upkeep\n|turn|10\n|\n|t:|1701024194\n|move|p1a: Pelipper|U-turn|p2a: DrapGangPurger\n|-damage|p2a: DrapGangPurger|94\/100\n|-damage|p1a: Pelipper|59\/100|[from] item: Rocky Helmet|[of] p2a: DrapGangPurger\n|\n|t:|1701024205\n|switch|p1a: Greninja|Greninja, M|100\/100|[from] U-turn\n|-damage|p1a: Greninja|88\/100|[from] Stealth Rock\n|move|p2a: DrapGangPurger|Knock Off|p1a: Greninja\n|-resisted|p1a: Greninja\n|-damage|p1a: Greninja|59\/100\n|-enditem|p1a: Greninja|Life Orb|[from] move: Knock Off|[of] p2a: DrapGangPurger\n|\n|-weather|RainDance|[upkeep]\n|upkeep\n|turn|11\n|\n|t:|1701024221\n|move|p1a: Greninja|Hydro Pump|p2a: DrapGangPurger|[miss]\n|-miss|p1a: Greninja|p2a: DrapGangPurger\n|move|p2a: DrapGangPurger|Pursuit|p1a: Greninja\n|-resisted|p1a: Greninja\n|-damage|p1a: Greninja|47\/100\n|\n|-weather|RainDance|[upkeep]\n|upkeep\n|turn|12\n|\n|t:|1701024228\n|move|p1a: Greninja|Hydro Pump|p2a: DrapGangPurger|[miss]\n|-miss|p1a: Greninja|p2a: DrapGangPurger\n|move|p2a: DrapGangPurger|Knock Off|p1a: Greninja\n|-resisted|p1a: Greninja\n|-damage|p1a: Greninja|26\/100\n|\n|-weather|RainDance|[upkeep]\n|upkeep\n|turn|13\n|\n|t:|1701024234\n|move|p1a: Greninja|Hydro Pump|p2a: DrapGangPurger|[miss]\n|-miss|p1a: Greninja|p2a: DrapGangPurger\n|move|p2a: DrapGangPurger|Knock Off|p1a: Greninja\n|-resisted|p1a: Greninja\n|-damage|p1a: Greninja|9\/100\n|\n|-weather|RainDance|[upkeep]\n|upkeep\n|turn|14\n|\n|t:|1701024242\n|-activate|p1a: Greninja|move: Pursuit\n|move|p2a: DrapGangPurger|Pursuit|p1a: Greninja|[from]Pursuit\n|-resisted|p1a: Greninja\n|-damage|p1a: Greninja|0 fnt\n|faint|p1a: Greninja\n|-hint|A Pokemon can't switch between when it runs out of HP and when it faints\n|\n|-weather|RainDance|[upkeep]\n|upkeep\n|\n|t:|1701024249\n|switch|p1a: Ferrothorn|Ferrothorn, M|100\/100\n|-damage|p1a: Ferrothorn|94\/100|[from] Stealth Rock\n|turn|15\n|\n|t:|1701024253\n|move|p2a: DrapGangPurger|Taunt|p1a: Ferrothorn\n|-start|p1a: Ferrothorn|move: Taunt\n|cant|p1a: Ferrothorn|move: Taunt|Leech Seed\n|\n|-weather|RainDance|[upkeep]\n|upkeep\n|turn|16\n|\n|t:|1701024259\n|switch|p1a: Thundurus|Thundurus, M|100\/100\n|-damage|p1a: Thundurus|75\/100|[from] Stealth Rock\n|move|p2a: DrapGangPurger|Knock Off|p1a: Thundurus\n|-damage|p1a: Thundurus|26\/100\n|-enditem|p1a: Thundurus|Choice Scarf|[from] move: Knock Off|[of] p2a: DrapGangPurger\n|\n|-weather|none\n|upkeep\n|turn|17\n|\n|t:|1701024267\n|move|p1a: Thundurus|Thunder|p2a: DrapGangPurger|[miss]\n|-miss|p1a: Thundurus|p2a: DrapGangPurger\n|move|p2a: DrapGangPurger|Pursuit|p1a: Thundurus\n|-damage|p1a: Thundurus|5\/100\n|\n|upkeep\n|turn|18\n|\n|t:|1701024273\n|move|p1a: Thundurus|Thunder|p2a: DrapGangPurger\n|-damage|p2a: DrapGangPurger|15\/100\n|move|p2a: DrapGangPurger|Pursuit|p1a: Thundurus\n|-damage|p1a: Thundurus|0 fnt\n|faint|p1a: Thundurus\n|\n|upkeep\n|\n|t:|1701024284\n|switch|p1a: Serperior|Serperior, F|100\/100\n|-damage|p1a: Serperior|88\/100|[from] Stealth Rock\n|turn|19\n|\n|t:|1701024288\n|move|p1a: Serperior|Leaf Storm|p2a: DrapGangPurger\n|-resisted|p2a: DrapGangPurger\n|-damage|p2a: DrapGangPurger|0 fnt\n|-boost|p1a: Serperior|spa|2\n|faint|p2a: DrapGangPurger\n|\n|-heal|p1a: Serperior|94\/100|[from] item: Leftovers\n|upkeep\n|\n|t:|1701024291\n|switch|p2a: BeePurging|Beedrill, F|100\/100\n|turn|20\n|\n|t:|1701024297\n|detailschange|p2a: BeePurging|Beedrill-Mega, F\n|-mega|p2a: BeePurging|Beedrill|Beedrillite\n|move|p2a: BeePurging|U-turn|p1a: Serperior\n|-supereffective|p1a: Serperior\n|-damage|p1a: Serperior|0 fnt\n|faint|p1a: Serperior\n|\n|t:|1701024304\n|switch|p2a: SimpVonPurge|Munkidori, M|100\/100|[from] U-turn\n|\n|upkeep\n|\n|t:|1701024314\n|switch|p1a: Ferrothorn|Ferrothorn, M|94\/100\n|-damage|p1a: Ferrothorn|88\/100|[from] Stealth Rock\n|turn|21\n|\n|t:|1701024318\n|-terastallize|p2a: SimpVonPurge|Fire\n|move|p2a: SimpVonPurge|Tera Blast|p1a: Ferrothorn|[anim] Tera Blast Fire\n|-supereffective|p1a: Ferrothorn\n|-damage|p1a: Ferrothorn|0 fnt\n|faint|p1a: Ferrothorn\n|\n|upkeep\n|\n|t:|1701024326\n|switch|p1a: Pelipper|Pelipper, F|59\/100\n|-damage|p1a: Pelipper|34\/100|[from] Stealth Rock\n|-weather|RainDance|[from] ability: Drizzle|[of] p1a: Pelipper\n|turn|22\n|inactive|Battle timer is ON: inactive players will automatically lose when time's up. (requested by BuccaneerTPDPurge)\n|\n|t:|1701024332\n|move|p2a: SimpVonPurge|Tera Blast|p1a: Pelipper|[anim] Tera Blast Fire\n|-resisted|p1a: Pelipper\n|-damage|p1a: Pelipper|16\/100\n|move|p1a: Pelipper|Hurricane|p2a: SimpVonPurge\n|-damage|p2a: SimpVonPurge|42\/100\n|\n|-weather|RainDance|[upkeep]\n|upkeep\n|turn|23\n|\n|t:|1701024340\n|switch|p1a: Slowking|Slowking-Galar, F|100\/100 brn\n|-damage|p1a: Slowking|88\/100 brn|[from] Stealth Rock\n|move|p2a: SimpVonPurge|Tera Blast|p1a: Slowking|[anim] Tera Blast Fire\n|-damage|p1a: Slowking|71\/100 brn\n|\n|-weather|RainDance|[upkeep]\n|-heal|p1a: Slowking|77\/100 brn|[from] item: Black Sludge\n|-damage|p1a: Slowking|71\/100 brn|[from] brn\n|upkeep\n|turn|24\n|\n|t:|1701024349\n|move|p2a: SimpVonPurge|Tera Blast|p1a: Slowking|[anim] Tera Blast Fire\n|-damage|p1a: Slowking|54\/100 brn\n|move|p1a: Slowking|Scald|p2a: SimpVonPurge\n|-supereffective|p2a: SimpVonPurge\n|-damage|p2a: SimpVonPurge|0 fnt\n|faint|p2a: SimpVonPurge\n|\n|-weather|RainDance|[upkeep]\n|-heal|p1a: Slowking|60\/100 brn|[from] item: Black Sludge\n|-damage|p1a: Slowking|54\/100 brn|[from] brn\n|upkeep\n|\n|t:|1701024356\n|switch|p2a: BeePurging|Beedrill-Mega, F|100\/100\n|turn|25\n|\n|t:|1701024374\n|move|p2a: BeePurging|Knock Off|p1a: Slowking\n|-supereffective|p1a: Slowking\n|-damage|p1a: Slowking|0 fnt\n|-enditem|p1a: Slowking|Black Sludge|[from] move: Knock Off|[of] p2a: BeePurging\n|faint|p1a: Slowking\n|\n|-weather|RainDance|[upkeep]\n|upkeep\n|\n|t:|1701024379\n|switch|p1a: Pelipper|Pelipper, F|16\/100\n|-damage|p1a: Pelipper|0 fnt|[from] Stealth Rock\n|faint|p1a: Pelipper\n|\n|win|BuccaneerTPDPurge\n|raw|x_sedna x's rating: 1281 &rarr; <strong>1259<\/strong><br \/>(-22 for losing)\n|raw|BuccaneerTPDPurge's rating: 1317 &rarr; <strong>1335<\/strong><br \/>(+18 for winning)\n|c|\u2606x_sedna x|gg\n|c|\u2606BuccaneerTPDPurge|ggwp\n|l|\u2606x_sedna x\n|c|\u2606BuccaneerTPDPurge|drapion did some work\n","uploadtime":1701024395,"views":8,"p1id":"xsednax","p2id":"buccaneertpdpurge","formatid":"gen9nationaldex","rating":1259,"private":0,"password":""}