{"id":"gen9nationaldex-1991236849","p1":"lucas25port","p2":"abaldesss","format":"[Gen 9] National Dex","log":"|j|\u2606lucas25port\n|j|\u2606abaldesss\n|t:|1700060037\n|gametype|singles\n|player|p1|lucas25port|bruno|1087\n|player|p2|abaldesss|falkner|1113\n|teamsize|p1|6\n|teamsize|p2|6\n|gen|9\n|tier|[Gen 9] National Dex\n|rated|\n|rule|HP Percentage Mod: HP is shown in percentages\n|rule|Endless Battle Clause: Forcing endless battles is banned\n|rule|OHKO Clause: OHKO moves are banned\n|rule|Evasion Clause: Evasion abilities, items, and moves are banned\n|rule|Evasion Abilities Clause: Evasion abilities are banned\n|rule|Evasion Items Clause: Evasion items are banned\n|rule|Evasion Moves Clause: Evasion moves are banned\n|rule|Species Clause: Limit one of each Pok\u00e9mon\n|rule|Sleep Clause Mod: Limit one foe put to sleep\n|clearpoke\n|poke|p1|Thundurus-Therian, M|\n|poke|p1|Ferrothorn, M|\n|poke|p1|Pelipper, F|\n|poke|p1|Volcanion|\n|poke|p1|Nihilego|\n|poke|p1|Barraskewda, M|\n|poke|p2|Swampert, M|\n|poke|p2|Flygon, M|\n|poke|p2|Electivire, M|\n|poke|p2|Porygon-Z|\n|poke|p2|Latios, M|\n|poke|p2|Scyther, M|\n|teampreview\n|\n|t:|1700060056\n|start\n|switch|p1a: Pelipper|Pelipper, F|100\/100\n|switch|p2a: Flygon|Flygon, M|100\/100\n|-weather|RainDance|[from] ability: Drizzle|[of] p1a: Pelipper\n|turn|1\n|\n|t:|1700060082\n|move|p2a: Flygon|Tailwind|p2a: Flygon\n|-sidestart|p2: abaldesss|move: Tailwind\n|move|p1a: Pelipper|U-turn|p2a: Flygon\n|-damage|p2a: Flygon|89\/100\n|\n|t:|1700060088\n|switch|p1a: Barraskewda|Barraskewda, M|100\/100|[from] U-turn\n|\n|-weather|RainDance|[upkeep]\n|upkeep\n|turn|2\n|\n|t:|1700060093\n|move|p1a: Barraskewda|Liquidation|p2a: Flygon\n|-crit|p2a: Flygon\n|-damage|p2a: Flygon|0 fnt\n|faint|p2a: Flygon\n|\n|-weather|RainDance|[upkeep]\n|upkeep\n|\n|t:|1700060113\n|switch|p2a: Scyther|Scyther, M|100\/100\n|turn|3\n|\n|t:|1700060124\n|switch|p1a: Volcanion|Volcanion|100\/100\n|move|p2a: Scyther|Dual Wingbeat|p1a: Volcanion\n|-damage|p1a: Volcanion|75\/100\n|-damage|p1a: Volcanion|47\/100\n|-hitcount|p1a: Volcanion|2\n|\n|-weather|RainDance|[upkeep]\n|upkeep\n|turn|4\n|\n|t:|1700060133\n|move|p2a: Scyther|Dual Wingbeat|p1a: Volcanion\n|-damage|p1a: Volcanion|19\/100\n|-damage|p1a: Volcanion|0 fnt\n|faint|p1a: Volcanion\n|-hitcount|p1: Volcanion|2\n|\n|-weather|RainDance|[upkeep]\n|-sideend|p2: abaldesss|move: Tailwind\n|upkeep\n|\n|t:|1700060139\n|switch|p1a: Pelipper|Pelipper, F|100\/100\n|turn|5\n|\n|t:|1700060167\n|move|p2a: Scyther|Dual Wingbeat|p1a: Pelipper|[miss]\n|-miss|p2a: Scyther|p1a: Pelipper\n|move|p1a: Pelipper|U-turn|p2a: Scyther\n|-resisted|p2a: Scyther\n|-damage|p2a: Scyther|94\/100\n|\n|t:|1700060176\n|switch|p1a: Ferrothorn|Ferrothorn, M|100\/100|[from] U-turn\n|\n|-weather|RainDance|[upkeep]\n|upkeep\n|turn|6\n|\n|t:|1700060192\n|switch|p2a: Latios|Latios, M|100\/100\n|move|p1a: Ferrothorn|Knock Off|p2a: Latios\n|-supereffective|p2a: Latios\n|-damage|p2a: Latios|39\/100\n|-enditem|p2a: Latios|Soul Dew|[from] move: Knock Off|[of] p1a: Ferrothorn\n|\n|-weather|RainDance|[upkeep]\n|upkeep\n|turn|7\n|\n|t:|1700060201\n|move|p2a: Latios|Tailwind|p2a: Latios\n|-sidestart|p2: abaldesss|move: Tailwind\n|move|p1a: Ferrothorn|Knock Off|p2a: Latios\n|-supereffective|p2a: Latios\n|-damage|p2a: Latios|0 fnt\n|faint|p2a: Latios\n|\n|-weather|RainDance|[upkeep]\n|upkeep\n|\n|t:|1700060238\n|switch|p2a: Scyther|Scyther, M|94\/100\n|turn|8\n|\n|t:|1700060243\n|move|p2a: Scyther|Dual Wingbeat|p1a: Ferrothorn\n|-damage|p1a: Ferrothorn|83\/100\n|-damage|p2a: Scyther|82\/100|[from] ability: Iron Barbs|[of] p1a: Ferrothorn\n|-damage|p2a: Scyther|65\/100|[from] item: Rocky Helmet|[of] p1a: Ferrothorn\n|-damage|p1a: Ferrothorn|65\/100\n|-damage|p2a: Scyther|53\/100|[from] ability: Iron Barbs|[of] p1a: Ferrothorn\n|-damage|p2a: Scyther|36\/100|[from] item: Rocky Helmet|[of] p1a: Ferrothorn\n|-hitcount|p1a: Ferrothorn|2\n|move|p1a: Ferrothorn|Gyro Ball|p2a: Scyther\n|-damage|p2a: Scyther|0 fnt\n|faint|p2a: Scyther\n|\n|-weather|none\n|upkeep\n|\n|t:|1700060257\n|switch|p2a: POPygon-X|Porygon-Z|100\/100\n|turn|9\n|\n|t:|1700060277\n|switch|p1a: Pelipper|Pelipper, F|100\/100\n|-weather|RainDance|[from] ability: Drizzle|[of] p1a: Pelipper\n|move|p2a: POPygon-X|Nasty Plot|p2a: POPygon-X\n|-boost|p2a: POPygon-X|spa|2\n|\n|-weather|RainDance|[upkeep]\n|upkeep\n|turn|10\n|\n|t:|1700060294\n|move|p2a: POPygon-X|Tri Attack|p1a: Pelipper\n|-damage|p1a: Pelipper|0 fnt\n|faint|p1a: Pelipper\n|-damage|p2a: POPygon-X|91\/100|[from] item: Life Orb\n|\n|-weather|RainDance|[upkeep]\n|-sideend|p2: abaldesss|move: Tailwind\n|upkeep\n|\n|t:|1700060309\n|switch|p1a: Barraskewda|Barraskewda, M|100\/100\n|turn|11\n|\n|t:|1700060317\n|move|p1a: Barraskewda|Liquidation|p2a: POPygon-X\n|-damage|p2a: POPygon-X|0 fnt\n|faint|p2a: POPygon-X\n|\n|-weather|RainDance|[upkeep]\n|upkeep\n|\n|t:|1700060336\n|switch|p2a: Electivire|Electivire, M|100\/100\n|turn|12\n|\n|t:|1700060354\n|switch|p1a: Thundurus|Thundurus-Therian, M|100\/100\n|move|p2a: Electivire|Ice Punch|p1a: Thundurus\n|-supereffective|p1a: Thundurus\n|-damage|p1a: Thundurus|25\/100\n|\n|-weather|RainDance|[upkeep]\n|upkeep\n|turn|13\n|\n|t:|1700060368\n|move|p2a: Electivire|Ice Punch|p1a: Thundurus\n|-supereffective|p1a: Thundurus\n|-damage|p1a: Thundurus|0 fnt\n|faint|p1a: Thundurus\n|\n|-weather|RainDance|[upkeep]\n|upkeep\n|\n|t:|1700060372\n|switch|p1a: Barraskewda|Barraskewda, M|100\/100\n|turn|14\n|\n|t:|1700060375\n|move|p1a: Barraskewda|Close Combat|p2a: Electivire\n|-crit|p2a: Electivire\n|-damage|p2a: Electivire|0 fnt\n|-unboost|p1a: Barraskewda|def|1\n|-unboost|p1a: Barraskewda|spd|1\n|faint|p2a: Electivire\n|\n|-weather|RainDance|[upkeep]\n|upkeep\n|\n|t:|1700060382\n|switch|p2a: Swampert|Swampert, M|100\/100\n|turn|15\n|\n|t:|1700060394\n|detailschange|p2a: Swampert|Swampert-Mega, M\n|-mega|p2a: Swampert|Swampert|Swampertite\n|move|p1a: Barraskewda|Close Combat|p2a: Swampert\n|-damage|p2a: Swampert|46\/100\n|-unboost|p1a: Barraskewda|def|1\n|-unboost|p1a: Barraskewda|spd|1\n|move|p2a: Swampert|Earthquake|p1a: Barraskewda\n|-damage|p1a: Barraskewda|0 fnt\n|faint|p1a: Barraskewda\n|\n|-weather|RainDance|[upkeep]\n|upkeep\n|\n|t:|1700060400\n|switch|p1a: Nihilego|Nihilego|100\/100\n|turn|16\n|\n|t:|1700060414\n|move|p2a: Swampert|Earthquake|p1a: Nihilego\n|-supereffective|p1a: Nihilego\n|-damage|p1a: Nihilego|0 fnt\n|faint|p1a: Nihilego\n|\n|-weather|none\n|upkeep\n|\n|t:|1700060418\n|switch|p1a: Ferrothorn|Ferrothorn, M|65\/100\n|turn|17\n|\n|t:|1700060424\n|move|p2a: Swampert|Earthquake|p1a: Ferrothorn\n|-damage|p1a: Ferrothorn|30\/100\n|move|p1a: Ferrothorn|Body Press|p2a: Swampert\n|-damage|p2a: Swampert|22\/100\n|\n|upkeep\n|turn|18\n|\n|t:|1700060433\n|move|p2a: Swampert|Earthquake|p1a: Ferrothorn\n|-damage|p1a: Ferrothorn|0 fnt\n|faint|p1a: Ferrothorn\n|\n|win|abaldesss\n|raw|lucas25port's rating: 1087 &rarr; <strong>1066<\/strong><br \/>(-21 for losing)\n|raw|abaldesss's rating: 1113 &rarr; <strong>1136<\/strong><br \/>(+23 for winning)\n|l|\u2606lucas25port\n","uploadtime":1700060448,"views":5,"p1id":"lucas25port","p2id":"abaldesss","formatid":"gen9nationaldex","rating":1066,"private":0,"password":""}