{"id":"gen9nationaldex-1991051814","p1":"hambroni","p2":"CUB_cy2","format":"[Gen 9] National Dex","log":"|j|\u2606hambroni\n|j|\u2606CUB_cy2\n|t:|1700034981\n|gametype|singles\n|player|p1|hambroni|102|1470\n|player|p2|CUB_cy2|102|1340\n|teamsize|p1|6\n|teamsize|p2|6\n|gen|9\n|tier|[Gen 9] National Dex\n|rated|\n|rule|HP Percentage Mod: HP is shown in percentages\n|rule|Endless Battle Clause: Forcing endless battles is banned\n|rule|OHKO Clause: OHKO moves are banned\n|rule|Evasion Clause: Evasion abilities, items, and moves are banned\n|rule|Evasion Abilities Clause: Evasion abilities are banned\n|rule|Evasion Items Clause: Evasion items are banned\n|rule|Evasion Moves Clause: Evasion moves are banned\n|rule|Species Clause: Limit one of each Pok\u00e9mon\n|rule|Sleep Clause Mod: Limit one foe put to sleep\n|clearpoke\n|poke|p1|Absol, M|\n|poke|p1|Aegislash, M|\n|poke|p1|Excadrill, M|\n|poke|p1|Serperior, M|\n|poke|p1|Salamence, M|\n|poke|p1|Rotom-Wash|\n|poke|p2|Heatran, F|\n|poke|p2|Tapu Lele|\n|poke|p2|Zapdos|\n|poke|p2|Landorus-Therian, M|\n|poke|p2|Urshifu-*, M|\n|poke|p2|Tapu Fini|\n|teampreview\n|inactive|Battle timer is ON: inactive players will automatically lose when time's up. (requested by CUB_cy2)\n|inactive|hambroni has 120 seconds left.\n|inactive|hambroni has 90 seconds left.\n|\n|t:|1700035055\n|start\n|switch|p1a: Absol|Absol, M|100\/100\n|switch|p2a: Tapu Fini|Tapu Fini|100\/100\n|-fieldstart|move: Misty Terrain|[from] ability: Misty Surge|[of] p2a: Tapu Fini\n|-ability|p1a: Absol|Pressure\n|turn|1\n|\n|t:|1700035066\n|detailschange|p1a: Absol|Absol-Mega, M\n|-mega|p1a: Absol|Absol|Absolite\n|move|p2a: Tapu Fini|Moonblast|p1a: Absol\n|-supereffective|p1a: Absol\n|-damage|p1a: Absol|0 fnt\n|faint|p1a: Absol\n|\n|upkeep\n|\n|t:|1700035070\n|switch|p1a: Shusui|Aegislash, M, shiny|100\/100\n|turn|2\n|\n|t:|1700035075\n|switch|p2a: Landorus|Landorus-Therian, M|100\/100\n|-ability|p2a: Landorus|Intimidate|boost\n|-unboost|p1a: Shusui|atk|1\n|-formechange|p1a: Shusui|Aegislash-Blade||[from] ability: Stance Change\n|move|p1a: Shusui|Shadow Ball|p2a: Landorus\n|-damage|p2a: Landorus|43\/100\n|\n|-heal|p2a: Landorus|49\/100|[from] item: Leftovers\n|upkeep\n|turn|3\n|\n|t:|1700035084\n|switch|p1a: scrotom|Rotom-Wash, shiny|100\/100\n|move|p2a: Landorus|Earthquake|p1a: scrotom\n|-immune|p1a: scrotom|[from] ability: Levitate\n|\n|-heal|p2a: Landorus|56\/100|[from] item: Leftovers\n|upkeep\n|turn|4\n|\n|t:|1700035092\n|switch|p2a: Tapu Fini|Tapu Fini|100\/100\n|move|p1a: scrotom|Hydro Pump|p2a: Tapu Fini\n|-resisted|p2a: Tapu Fini\n|-damage|p2a: Tapu Fini|81\/100\n|\n|upkeep\n|turn|5\n|\n|t:|1700035101\n|move|p2a: Tapu Fini|Trick|p1a: scrotom\n|-activate|p2a: Tapu Fini|move: Trick|[of] p1a: scrotom\n|-item|p1a: scrotom|Choice Scarf|[from] move: Trick\n|-item|p2a: Tapu Fini|Leftovers|[from] move: Trick\n|move|p1a: scrotom|Volt Switch|p2a: Tapu Fini\n|-supereffective|p2a: Tapu Fini\n|-damage|p2a: Tapu Fini|29\/100\n|\n|t:|1700035107\n|switch|p1a: Serperior|Serperior, M, shiny|100\/100|[from] Volt Switch\n|\n|-heal|p2a: Tapu Fini|35\/100|[from] item: Leftovers\n|-fieldend|Misty Terrain\n|upkeep\n|turn|6\n|\n|t:|1700035116\n|move|p1a: Serperior|Leaf Storm|p2a: Tapu Fini\n|-supereffective|p2a: Tapu Fini\n|-damage|p2a: Tapu Fini|0 fnt\n|-boost|p1a: Serperior|spa|2\n|faint|p2a: Tapu Fini\n|\n|upkeep\n|\n|t:|1700035121\n|switch|p2a: Tapu Lele|Tapu Lele|100\/100\n|-fieldstart|move: Psychic Terrain|[from] ability: Psychic Surge|[of] p2a: Tapu Lele\n|turn|7\n|\n|t:|1700035125\n|move|p2a: Tapu Lele|Psychic|p1a: Serperior\n|-crit|p1a: Serperior\n|-damage|p1a: Serperior|0 fnt\n|faint|p1a: Serperior\n|\n|upkeep\n|c|\u2606hambroni|no way that wouldve Kod\n|inactive|hambroni has 120 seconds left.\n|c|\u2606hambroni|that some bs\n|\n|t:|1700035172\n|switch|p1a: Shusui|Aegislash, M, shiny|100\/100\n|turn|8\n|\n|t:|1700035176\n|switch|p2a: Heatran|Heatran, F|100\/100\n|-formechange|p1a: Shusui|Aegislash-Blade||[from] ability: Stance Change\n|move|p1a: Shusui|Shadow Ball|p2a: Heatran\n|-damage|p2a: Heatran|62\/100\n|\n|-heal|p2a: Heatran|69\/100|[from] item: Leftovers\n|upkeep\n|turn|9\n|inactive|hambroni has 120 seconds left.\n|\n|t:|1700035189\n|switch|p2a: Tapu Lele|Tapu Lele|100\/100\n|switch|p1a: scrotom|Rotom-Wash, shiny|100\/100\n|\n|upkeep\n|turn|10\n|\n|t:|1700035199\n|-terastallize|p2a: Tapu Lele|Psychic\n|move|p2a: Tapu Lele|Psychic|p1a: scrotom\n|-damage|p1a: scrotom|17\/100\n|move|p1a: scrotom|Hydro Pump|p2a: Tapu Lele\n|-damage|p2a: Tapu Lele|62\/100\n|\n|upkeep\n|turn|11\n|\n|t:|1700035206\n|move|p2a: Tapu Lele|Psychic|p1a: scrotom\n|-damage|p1a: scrotom|0 fnt\n|faint|p1a: scrotom\n|\n|-fieldend|move: Psychic Terrain\n|upkeep\n|inactive|hambroni has 120 seconds left.\n|\n|t:|1700035233\n|switch|p1a: GUACA|Excadrill, M|100\/100\n|-ability|p1a: GUACA|Mold Breaker\n|turn|12\n|inactive|hambroni has 120 seconds left.\n|\n|t:|1700035243\n|switch|p2a: Landorus|Landorus-Therian, M|56\/100\n|-ability|p2a: Landorus|Intimidate|boost\n|-unboost|p1a: GUACA|atk|1\n|move|p1a: GUACA|Iron Head|p2a: Landorus\n|-damage|p2a: Landorus|28\/100\n|\n|-heal|p2a: Landorus|34\/100|[from] item: Leftovers\n|upkeep\n|turn|13\n|\n|t:|1700035251\n|move|p1a: GUACA|Swords Dance|p1a: GUACA\n|-boost|p1a: GUACA|atk|2\n|move|p2a: Landorus|Earthquake|p1a: GUACA\n|-supereffective|p1a: GUACA\n|-damage|p1a: GUACA|0 fnt\n|faint|p1a: GUACA\n|\n|-heal|p2a: Landorus|40\/100|[from] item: Leftovers\n|upkeep\n|\n|t:|1700035253\n|switch|p1a: Salamence|Salamence, M|100\/100\n|turn|14\n|\n|t:|1700035261\n|move|p1a: Salamence|Dragon Dance|p1a: Salamence\n|-boost|p1a: Salamence|atk|1\n|-boost|p1a: Salamence|spe|1\n|move|p2a: Landorus|Stone Edge|p1a: Salamence|[miss]\n|-miss|p2a: Landorus|p1a: Salamence\n|\n|-heal|p2a: Landorus|46\/100|[from] item: Leftovers\n|upkeep\n|turn|15\n|\n|t:|1700035274\n|-terastallize|p1a: Salamence|Steel\n|move|p1a: Salamence|Dragon Dance|p1a: Salamence\n|-boost|p1a: Salamence|atk|1\n|-boost|p1a: Salamence|spe|1\n|move|p2a: Landorus|Stone Edge|p1a: Salamence\n|-resisted|p1a: Salamence\n|-damage|p1a: Salamence|76\/100\n|\n|-heal|p2a: Landorus|52\/100|[from] item: Leftovers\n|upkeep\n|turn|16\n|\n|t:|1700035283\n|switch|p2a: Zapdos|Zapdos|100\/100\n|move|p1a: Salamence|Dual Wingbeat|p2a: Zapdos\n|-resisted|p2a: Zapdos\n|-damage|p2a: Zapdos|81\/100\n|-resisted|p2a: Zapdos\n|-damage|p2a: Zapdos|62\/100\n|-hitcount|p2a: Zapdos|2\n|\n|upkeep\n|turn|17\n|\n|t:|1700035295\n|switch|p2a: Tapu Lele|Tapu Lele, tera:Psychic|62\/100\n|-fieldstart|move: Psychic Terrain|[from] ability: Psychic Surge|[of] p2a: Tapu Lele\n|move|p1a: Salamence|Outrage|p2a: Tapu Lele\n|-damage|p2a: Tapu Lele|0 fnt\n|faint|p2a: Tapu Lele\n|-ability|p1a: Salamence|Moxie|boost\n|-boost|p1a: Salamence|atk|1\n|\n|upkeep\n|-message|CUB_cy2 forfeited.\n|\n|win|hambroni\n|raw|hambroni's rating: 1470 &rarr; <strong>1483<\/strong><br \/>(+13 for winning)\n|raw|CUB_cy2's rating: 1340 &rarr; <strong>1327<\/strong><br \/>(-13 for losing)\n|l|\u2606CUB_cy2\n","uploadtime":1700035331,"views":4,"p1id":"hambroni","p2id":"cubcy2","formatid":"gen9nationaldex","rating":1327,"private":0,"password":""}