{"id":"gen9nationaldex-1990003581","p1":"VANYR","p2":"imbleed","format":"[Gen 9] National Dex","log":"|j|\u2606VANYR\n|j|\u2606imbleed\n|t:|1699914418\n|gametype|singles\n|player|p1|VANYR|gentleman-gen4|1491\n|player|p2|imbleed|poppy|1479\n|teamsize|p1|6\n|teamsize|p2|6\n|gen|9\n|tier|[Gen 9] National Dex\n|rated|\n|rule|HP Percentage Mod: HP is shown in percentages\n|rule|Endless Battle Clause: Forcing endless battles is banned\n|rule|OHKO Clause: OHKO moves are banned\n|rule|Evasion Clause: Evasion abilities, items, and moves are banned\n|rule|Evasion Abilities Clause: Evasion abilities are banned\n|rule|Evasion Items Clause: Evasion items are banned\n|rule|Evasion Moves Clause: Evasion moves are banned\n|rule|Species Clause: Limit one of each Pok\u00e9mon\n|rule|Sleep Clause Mod: Limit one foe put to sleep\n|clearpoke\n|poke|p1|Heatran, F|\n|poke|p1|Dhelmise|\n|poke|p1|Mantine, F|\n|poke|p1|Diancie|\n|poke|p1|Kyurem|\n|poke|p1|Pawmot, M|\n|poke|p2|Dusclops, F|\n|poke|p2|Arboliva, M|\n|poke|p2|Landorus-Therian, M|\n|poke|p2|Huntail, F|\n|poke|p2|Boltund, M|\n|poke|p2|Ribombee, M|\n|teampreview\n|inactive|Battle timer is ON: inactive players will automatically lose when time's up. (requested by VANYR)\n|j| kung fu pokechu\n|j| Lonsol\n|\n|t:|1699914451\n|start\n|switch|p1a: Diancie|Diancie|100\/100\n|switch|p2a: great tusk@home|Landorus-Therian, M|100\/100\n|-ability|p2a: great tusk@home|Intimidate|boost\n|-fail|p1a: Diancie|unboost|[from] ability: Clear Body|[of] p1a: Diancie\n|turn|1\n|\n|t:|1699914455\n|detailschange|p1a: Diancie|Diancie-Mega\n|-mega|p1a: Diancie|Diancie|Diancite\n|move|p1a: Diancie|Moonblast|p2a: great tusk@home\n|-damage|p2a: great tusk@home|29\/100\n|move|p2a: great tusk@home|Earthquake|p1a: Diancie\n|-supereffective|p1a: Diancie\n|-damage|p1a: Diancie|0 fnt\n|faint|p1a: Diancie\n|\n|upkeep\n|\n|t:|1699914461\n|switch|p1a: Kyurem|Kyurem|100\/100\n|-ability|p1a: Kyurem|Pressure\n|turn|2\n|\n|t:|1699914467\n|move|p1a: Kyurem|Freeze-Dry|p2a: great tusk@home\n|-supereffective|p2a: great tusk@home\n|-damage|p2a: great tusk@home|0 fnt\n|faint|p2a: great tusk@home\n|\n|upkeep\n|\n|t:|1699914471\n|switch|p2a: no bee|Ribombee, M|100\/100\n|turn|3\n|\n|t:|1699914476\n|move|p1a: Kyurem|Freeze-Dry|p2a: no bee\n|-damage|p2a: no bee|31\/100\n|move|p2a: no bee|Stun Spore|p1a: Kyurem|[miss]\n|-miss|p2a: no bee|p1a: Kyurem\n|\n|upkeep\n|turn|4\n|\n|t:|1699914483\n|switch|p2a: me clops|Dusclops, F|100\/100\n|-ability|p2a: me clops|Pressure\n|move|p1a: Kyurem|Freeze-Dry|p2a: me clops\n|-damage|p2a: me clops|81\/100\n|\n|upkeep\n|turn|5\n|\n|t:|1699914495\n|switch|p1a: Pawmot|Pawmot, M|100\/100\n|move|p2a: me clops|Toxic|p1a: Pawmot\n|-status|p1a: Pawmot|tox\n|\n|-damage|p1a: Pawmot|94\/100 tox|[from] psn\n|upkeep\n|turn|6\n|\n|t:|1699914502\n|switch|p2a: no bee|Ribombee, M|31\/100\n|move|p1a: Pawmot|Revival Blessing|p1a: Pawmot\n|\n|t:|1699914504\n|-heal|p1: Diancie|50\/100|[from] move: Revival Blessing\n|\n|-damage|p1a: Pawmot|82\/100 tox|[from] psn\n|upkeep\n|turn|7\n|\n|t:|1699914509\n|move|p2a: no bee|Moonblast|p1a: Pawmot\n|-supereffective|p1a: Pawmot\n|-damage|p1a: Pawmot|0 fnt\n|faint|p1a: Pawmot\n|\n|upkeep\n|\n|t:|1699914514\n|switch|p1a: Kyurem|Kyurem|100\/100\n|-ability|p1a: Kyurem|Pressure\n|turn|8\n|\n|t:|1699914518\n|switch|p2a: me clops|Dusclops, F|81\/100\n|-ability|p2a: me clops|Pressure\n|move|p1a: Kyurem|Ice Beam|p2a: me clops\n|-damage|p2a: me clops|57\/100\n|\n|upkeep\n|turn|9\n|\n|t:|1699914528\n|switch|p1a: Diancie|Diancie-Mega|50\/100\n|move|p2a: me clops|Night Shade|p1a: Diancie\n|-damage|p1a: Diancie|9\/100\n|\n|upkeep\n|turn|10\n|\n|t:|1699914535\n|move|p1a: Diancie|Moonblast|p2a: me clops\n|-damage|p2a: me clops|27\/100\n|move|p2a: me clops|Night Shade|p1a: Diancie\n|-damage|p1a: Diancie|0 fnt\n|faint|p1a: Diancie\n|\n|upkeep\n|\n|t:|1699914540\n|switch|p1a: Kyurem|Kyurem|100\/100\n|-ability|p1a: Kyurem|Pressure\n|turn|11\n|\n|t:|1699914546\n|move|p1a: Kyurem|Ice Beam|p2a: me clops\n|-damage|p2a: me clops|0 fnt\n|faint|p2a: me clops\n|\n|upkeep\n|\n|t:|1699914560\n|switch|p2a: very fast yes|Huntail, F|100\/100\n|turn|12\n|\n|t:|1699914563\n|switch|p1a: Dhelmise|Dhelmise|100\/100\n|move|p2a: very fast yes|Shell Smash|p2a: very fast yes\n|-unboost|p2a: very fast yes|def|1\n|-unboost|p2a: very fast yes|spd|1\n|-boost|p2a: very fast yes|atk|2\n|-boost|p2a: very fast yes|spa|2\n|-boost|p2a: very fast yes|spe|2\n|\n|upkeep\n|turn|13\n|\n|t:|1699914568\n|move|p2a: very fast yes|Ice Fang|p1a: Dhelmise\n|-supereffective|p1a: Dhelmise\n|-damage|p1a: Dhelmise|27\/100\n|cant|p1a: Dhelmise|flinch\n|\n|upkeep\n|turn|14\n|\n|t:|1699914573\n|move|p2a: very fast yes|Waterfall|p1a: Dhelmise\n|-resisted|p1a: Dhelmise\n|-damage|p1a: Dhelmise|0 fnt\n|faint|p1a: Dhelmise\n|\n|upkeep\n|\n|t:|1699914577\n|switch|p1a: Kyurem|Kyurem|100\/100\n|-ability|p1a: Kyurem|Pressure\n|turn|15\n|\n|t:|1699914588\n|move|p2a: very fast yes|Shell Smash|p2a: very fast yes\n|-unboost|p2a: very fast yes|def|1\n|-unboost|p2a: very fast yes|spd|1\n|-boost|p2a: very fast yes|atk|2\n|-boost|p2a: very fast yes|spa|2\n|-boost|p2a: very fast yes|spe|2\n|move|p1a: Kyurem|Freeze-Dry|p2a: very fast yes\n|-supereffective|p2a: very fast yes\n|-enditem|p2a: very fast yes|Focus Sash\n|-damage|p2a: very fast yes|1\/100\n|\n|upkeep\n|turn|16\n|\n|t:|1699914596\n|-terastallize|p2a: very fast yes|Ice\n|move|p2a: very fast yes|Ice Fang|p1a: Kyurem\n|-crit|p1a: Kyurem\n|-damage|p1a: Kyurem|0 fnt\n|faint|p1a: Kyurem\n|\n|upkeep\n|-message|VANYR forfeited.\n|\n|win|imbleed\n|raw|VANYR's rating: 1491 &rarr; <strong>1470<\/strong><br \/>(-21 for losing)\n|raw|imbleed's rating: 1479 &rarr; <strong>1500<\/strong><br \/>(+21 for winning)\n|l|\u2606VANYR\n","uploadtime":1699914607,"views":5,"p1id":"vanyr","p2id":"imbleed","formatid":"gen9nationaldex","rating":1470,"private":0,"password":""}