{"id":"gen9nationaldex-1993856887","p1":"snivy ye \u53f6\u86c7","p2":"baigu2","format":"[Gen 9] National Dex","log":"|j|\u2606snivy ye \u53f6\u86c7\n|j|\u2606baigu2\n|t:|1700366001\n|gametype|singles\n|player|p1|snivy ye \u53f6\u86c7|winona|1736\n|player|p2|baigu2|dawn|1775\n|teamsize|p1|6\n|teamsize|p2|6\n|gen|9\n|tier|[Gen 9] National Dex\n|rated|\n|rule|HP Percentage Mod: HP is shown in percentages\n|rule|Endless Battle Clause: Forcing endless battles is banned\n|rule|OHKO Clause: OHKO moves are banned\n|rule|Evasion Clause: Evasion abilities, items, and moves are banned\n|rule|Evasion Abilities Clause: Evasion abilities are banned\n|rule|Evasion Items Clause: Evasion items are banned\n|rule|Evasion Moves Clause: Evasion moves are banned\n|rule|Species Clause: Limit one of each Pok\u00e9mon\n|rule|Sleep Clause Mod: Limit one foe put to sleep\n|clearpoke\n|poke|p1|Slowbro, F|\n|poke|p1|Landorus-Therian, M|\n|poke|p1|Arcanine-Hisui, M|\n|poke|p1|Corviknight, F|\n|poke|p1|Tapu Koko|\n|poke|p1|Tyranitar, M|\n|poke|p2|Ursaluna, F|\n|poke|p2|Dragonite, M|\n|poke|p2|Slowking, M|\n|poke|p2|Tapu Koko|\n|poke|p2|Hoopa-Unbound|\n|poke|p2|Great Tusk|\n|teampreview\n|inactive|Battle timer is ON: inactive players will automatically lose when time's up. (requested by snivy ye \u53f6\u86c7)\n|\n|t:|1700366013\n|start\n|switch|p1a: \u81ea\u7531\u53c8\u6b66\u65ad|Slowbro, F|100\/100\n|switch|p2a: Great Tusk|Great Tusk|100\/100\n|turn|1\n|\n|t:|1700366019\n|move|p2a: Great Tusk|Stealth Rock|p1a: \u81ea\u7531\u53c8\u6b66\u65ad\n|-sidestart|p1: snivy ye \u53f6\u86c7|move: Stealth Rock\n|move|p1a: \u81ea\u7531\u53c8\u6b66\u65ad|Surf|p2a: Great Tusk\n|-supereffective|p2a: Great Tusk\n|-damage|p2a: Great Tusk|0 fnt\n|faint|p2a: Great Tusk\n|-end|p2a: Great Tusk|Protosynthesis|[silent]\n|\n|upkeep\n|\n|t:|1700366025\n|switch|p2a: Tapu Koko|Tapu Koko|100\/100\n|-fieldstart|move: Electric Terrain|[from] ability: Electric Surge|[of] p2a: Tapu Koko\n|turn|2\n|\n|t:|1700366030\n|switch|p1a: \u6b66\u529b\u7684\u624b\u6bb5|Tyranitar, M|100\/100\n|-damage|p1a: \u6b66\u529b\u7684\u624b\u6bb5|88\/100|[from] Stealth Rock\n|-weather|Sandstorm|[from] ability: Sand Stream|[of] p1a: \u6b66\u529b\u7684\u624b\u6bb5\n|move|p2a: Tapu Koko|U-turn|p1a: \u6b66\u529b\u7684\u624b\u6bb5\n|-supereffective|p1a: \u6b66\u529b\u7684\u624b\u6bb5\n|-damage|p1a: \u6b66\u529b\u7684\u624b\u6bb5|55\/100\n|\n|t:|1700366035\n|switch|p2a: Ursaluna|Ursaluna, F|100\/100|[from] U-turn\n|\n|-weather|Sandstorm|[upkeep]\n|-status|p2a: Ursaluna|brn|[from] item: Flame Orb\n|upkeep\n|turn|3\n|\n|t:|1700366042\n|switch|p1a: \u66b4\u529b\u4e0d\u662f\u76ee\u7684|Landorus-Therian, M|100\/100\n|-damage|p1a: \u66b4\u529b\u4e0d\u662f\u76ee\u7684|88\/100|[from] Stealth Rock\n|-ability|p1a: \u66b4\u529b\u4e0d\u662f\u76ee\u7684|Intimidate|boost\n|-unboost|p2a: Ursaluna|atk|1\n|-terastallize|p2a: Ursaluna|Normal\n|move|p2a: Ursaluna|Facade|p1a: \u66b4\u529b\u4e0d\u662f\u76ee\u7684\n|-damage|p1a: \u66b4\u529b\u4e0d\u662f\u76ee\u7684|0 fnt\n|-damage|p2a: Ursaluna|84\/100 brn|[from] item: Rocky Helmet|[of] p1a: \u66b4\u529b\u4e0d\u662f\u76ee\u7684\n|faint|p1a: \u66b4\u529b\u4e0d\u662f\u76ee\u7684\n|\n|-weather|Sandstorm|[upkeep]\n|-damage|p2a: Ursaluna|78\/100 brn|[from] Sandstorm\n|-damage|p2a: Ursaluna|71\/100 brn|[from] brn\n|upkeep\n|\n|t:|1700366055\n|switch|p1a: \u6700\u540e\u7684\u9632\u7ebf|Corviknight, F|100\/100\n|-damage|p1a: \u6700\u540e\u7684\u9632\u7ebf|88\/100|[from] Stealth Rock\n|turn|4\n|\n|t:|1700366060\n|switch|p2a: Tapu Koko|Tapu Koko|100\/100\n|move|p1a: \u6700\u540e\u7684\u9632\u7ebf|Defog|p2a: Tapu Koko\n|-unboost|p2a: Tapu Koko|evasion|1\n|-sideend|p1: snivy ye \u53f6\u86c7|Stealth Rock|[from] move: Defog|[of] p1a: \u6700\u540e\u7684\u9632\u7ebf\n|-fieldend|move: Electric Terrain\n|\n|-weather|Sandstorm|[upkeep]\n|-damage|p2a: Tapu Koko|94\/100|[from] Sandstorm\n|upkeep\n|turn|5\n|\n|t:|1700366070\n|switch|p1a: \u6b66\u529b\u7684\u624b\u6bb5|Tyranitar, M|55\/100\n|move|p2a: Tapu Koko|Thunderbolt|p1a: \u6b66\u529b\u7684\u624b\u6bb5\n|-damage|p1a: \u6b66\u529b\u7684\u624b\u6bb5|21\/100\n|-status|p1a: \u6b66\u529b\u7684\u624b\u6bb5|par\n|\n|-weather|Sandstorm|[upkeep]\n|-damage|p2a: Tapu Koko|88\/100|[from] Sandstorm\n|upkeep\n|turn|6\n|\n|t:|1700366079\n|detailschange|p1a: \u6b66\u529b\u7684\u624b\u6bb5|Tyranitar-Mega, M\n|-mega|p1a: \u6b66\u529b\u7684\u624b\u6bb5|Tyranitar|Tyranitarite\n|move|p2a: Tapu Koko|Thunderbolt|p1a: \u6b66\u529b\u7684\u624b\u6bb5\n|-crit|p1a: \u6b66\u529b\u7684\u624b\u6bb5\n|-damage|p1a: \u6b66\u529b\u7684\u624b\u6bb5|0 fnt\n|faint|p1a: \u6b66\u529b\u7684\u624b\u6bb5\n|\n|-weather|none\n|upkeep\n|\n|t:|1700366086\n|switch|p1a: \u901f\u5ea6\u5728\u4f60\u4e4b\u4e0a|Tapu Koko|100\/100\n|-fieldstart|move: Electric Terrain|[from] ability: Electric Surge|[of] p1a: \u901f\u5ea6\u5728\u4f60\u4e4b\u4e0a\n|turn|7\n|\n|t:|1700366092\n|switch|p2a: Hoopa|Hoopa-Unbound|100\/100\n|move|p1a: \u901f\u5ea6\u5728\u4f60\u4e4b\u4e0a|Dazzling Gleam|p2a: Hoopa\n|-supereffective|p2a: Hoopa\n|-damage|p2a: Hoopa|35\/100\n|\n|upkeep\n|turn|8\n|\n|t:|1700366098\n|switch|p2a: Slowking|Slowking, M|100\/100\n|move|p1a: \u901f\u5ea6\u5728\u4f60\u4e4b\u4e0a|Dazzling Gleam|p2a: Slowking\n|-damage|p2a: Slowking|79\/100\n|\n|upkeep\n|turn|9\n|\n|t:|1700366105\n|-zpower|p1a: \u901f\u5ea6\u5728\u4f60\u4e4b\u4e0a\n|move|p1a: \u901f\u5ea6\u5728\u4f60\u4e4b\u4e0a|Gigavolt Havoc|p2a: Slowking|[zeffect]\n|-supereffective|p2a: Slowking\n|-damage|p2a: Slowking|0 fnt\n|faint|p2a: Slowking\n|\n|upkeep\n|\n|t:|1700366109\n|switch|p2a: Dragonite|Dragonite, M|100\/100\n|turn|10\n|\n|t:|1700366114\n|switch|p1a: \u6700\u540e\u7684\u9632\u7ebf|Corviknight, F|88\/100\n|switch|p2a: Tapu Koko|Tapu Koko|88\/100\n|\n|upkeep\n|turn|11\n|\n|t:|1700366125\n|switch|p1a: \u81ea\u7531\u53c8\u6b66\u65ad|Slowbro, F|100\/100\n|move|p2a: Tapu Koko|Thunderbolt|p1a: \u81ea\u7531\u53c8\u6b66\u65ad\n|-supereffective|p1a: \u81ea\u7531\u53c8\u6b66\u65ad\n|-damage|p1a: \u81ea\u7531\u53c8\u6b66\u65ad|0 fnt\n|faint|p1a: \u81ea\u7531\u53c8\u6b66\u65ad\n|\n|-fieldend|move: Electric Terrain\n|upkeep\n|\n|t:|1700366132\n|switch|p1a: \u4e0d\u706d\u7684\u70df\u706b|Arcanine-Hisui, M|100\/100\n|turn|12\n|\n|t:|1700366147\n|switch|p2a: Hoopa|Hoopa-Unbound|35\/100\n|move|p1a: \u4e0d\u706d\u7684\u70df\u706b|Head Smash|p2a: Hoopa\n|-damage|p2a: Hoopa|0 fnt\n|faint|p2a: Hoopa\n|\n|upkeep\n|\n|t:|1700366149\n|switch|p2a: Tapu Koko|Tapu Koko|88\/100\n|-fieldstart|move: Electric Terrain|[from] ability: Electric Surge|[of] p2a: Tapu Koko\n|turn|13\n|\n|t:|1700366157\n|move|p2a: Tapu Koko|Volt Switch|p1a: \u4e0d\u706d\u7684\u70df\u706b\n|-damage|p1a: \u4e0d\u706d\u7684\u70df\u706b|30\/100\n|\n|t:|1700366166\n|switch|p2a: Dragonite|Dragonite, M|100\/100|[from] Volt Switch\n|move|p1a: \u4e0d\u706d\u7684\u70df\u706b|Head Smash|p2a: Dragonite\n|-supereffective|p2a: Dragonite\n|-damage|p2a: Dragonite|0 fnt\n|faint|p2a: Dragonite\n|\n|upkeep\n|\n|t:|1700366170\n|switch|p2a: Tapu Koko|Tapu Koko|88\/100\n|turn|14\n|\n|t:|1700366189\n|switch|p1a: \u6700\u540e\u7684\u9632\u7ebf|Corviknight, F|88\/100\n|move|p2a: Tapu Koko|Thunderbolt|p1a: \u6700\u540e\u7684\u9632\u7ebf\n|-supereffective|p1a: \u6700\u540e\u7684\u9632\u7ebf\n|-damage|p1a: \u6700\u540e\u7684\u9632\u7ebf|0 fnt\n|faint|p1a: \u6700\u540e\u7684\u9632\u7ebf\n|\n|upkeep\n|\n|t:|1700366195\n|switch|p1a: \u901f\u5ea6\u5728\u4f60\u4e4b\u4e0a|Tapu Koko|100\/100\n|turn|15\n|\n|t:|1700366199\n|switch|p2a: Ursaluna|Ursaluna, F, tera:Normal|71\/100 brn\n|move|p1a: \u901f\u5ea6\u5728\u4f60\u4e4b\u4e0a|Dazzling Gleam|p2a: Ursaluna\n|-damage|p2a: Ursaluna|39\/100 brn\n|\n|-damage|p2a: Ursaluna|33\/100 brn|[from] brn\n|upkeep\n|turn|16\n|\n|t:|1700366206\n|move|p1a: \u901f\u5ea6\u5728\u4f60\u4e4b\u4e0a|Thunderbolt|p2a: Ursaluna\n|-damage|p2a: Ursaluna|0 fnt\n|faint|p2a: Ursaluna\n|\n|upkeep\n|\n|t:|1700366208\n|switch|p2a: Tapu Koko|Tapu Koko|88\/100\n|turn|17\n|\n|t:|1700366211\n|move|p1a: \u901f\u5ea6\u5728\u4f60\u4e4b\u4e0a|Dazzling Gleam|p2a: Tapu Koko\n|-damage|p2a: Tapu Koko|34\/100\n|move|p2a: Tapu Koko|Dazzling Gleam|p1a: \u901f\u5ea6\u5728\u4f60\u4e4b\u4e0a\n|-damage|p1a: \u901f\u5ea6\u5728\u4f60\u4e4b\u4e0a|20\/100\n|\n|-fieldend|move: Electric Terrain\n|upkeep\n|turn|18\n|\n|t:|1700366217\n|move|p2a: Tapu Koko|Dazzling Gleam|p1a: \u901f\u5ea6\u5728\u4f60\u4e4b\u4e0a\n|-damage|p1a: \u901f\u5ea6\u5728\u4f60\u4e4b\u4e0a|0 fnt\n|faint|p1a: \u901f\u5ea6\u5728\u4f60\u4e4b\u4e0a\n|\n|upkeep\n|\n|t:|1700366221\n|switch|p1a: \u4e0d\u706d\u7684\u70df\u706b|Arcanine-Hisui, M|30\/100\n|turn|19\n|\n|t:|1700366225\n|-terastallize|p1a: \u4e0d\u706d\u7684\u70df\u706b|Normal\n|move|p1a: \u4e0d\u706d\u7684\u70df\u706b|Extreme Speed|p2a: Tapu Koko\n|-damage|p2a: Tapu Koko|0 fnt\n|faint|p2a: Tapu Koko\n|\n|win|snivy ye \u53f6\u86c7\n|raw|snivy ye \u53f6\u86c7's rating: 1736 &rarr; <strong>1758<\/strong><br \/>(+22 for winning)\n|raw|baigu2's rating: 1775 &rarr; <strong>1753<\/strong><br \/>(-22 for losing)\n","uploadtime":1700366230,"views":7,"p1id":"snivyye","p2id":"baigu2","formatid":"gen9nationaldex","rating":1753,"private":0,"password":""}