{"id":"gen9nationaldex-1995747225","p1":"PM4201","p2":"MP1024","format":"[Gen 9] National Dex","log":"|html|<div class=\"broadcast-blue\"><strong>[Gen 9] National Dex is currently suspecting Sneasler! For information on how to participate check out the <a href=\"https:\/\/www.smogon.com\/forums\/threads\/sv-national-dex-suspect-8-just-dance.3731534\/\">suspect thread<\/a>.<\/strong><\/div>\n|j|\u2606PM4201\n|j|\u2606MP1024\n|t:|1700599377\n|gametype|singles\n|player|p1|PM4201|pokemonranger-gen4|\n|player|p2|MP1024|scientist|\n|teamsize|p1|6\n|teamsize|p2|6\n|gen|9\n|tier|[Gen 9] National Dex\n|rule|HP Percentage Mod: HP is shown in percentages\n|rule|Endless Battle Clause: Forcing endless battles is banned\n|rule|OHKO Clause: OHKO moves are banned\n|rule|Evasion Clause: Evasion abilities, items, and moves are banned\n|rule|Evasion Abilities Clause: Evasion abilities are banned\n|rule|Evasion Items Clause: Evasion items are banned\n|rule|Evasion Moves Clause: Evasion moves are banned\n|rule|Species Clause: Limit one of each Pok\u00e9mon\n|rule|Sleep Clause Mod: Limit one foe put to sleep\n|clearpoke\n|poke|p1|Sceptile, F|\n|poke|p1|Castform, M|\n|poke|p1|Exploud, M|\n|poke|p1|Swalot, F|\n|poke|p1|Salamence, M|\n|poke|p1|Gardevoir, F|\n|poke|p2|Hatterene, F|\n|poke|p2|Falinks|\n|poke|p2|Alcremie-Rainbow-Swirl, F|\n|poke|p2|Dracozolt|\n|poke|p2|Eldegoss, F|\n|poke|p2|Scolipede, F|\n|teampreview\n|inactive|Battle timer is ON: inactive players will automatically lose when time's up. (requested by MP1024)\n|\n|t:|1700599396\n|start\n|switch|p1a: Castform|Castform, M|100\/100\n|switch|p2a: Hatterene|Hatterene, F|100\/100\n|turn|1\n|\n|t:|1700599402\n|move|p1a: Castform|Hail|p1a: Castform\n|-weather|Hail\n|-formechange|p1a: Castform|Castform-Snowy|[msg]|[from] ability: Forecast\n|move|p2a: Hatterene|Trick Room|p2a: Hatterene\n|-fieldstart|move: Trick Room|[of] p2a: Hatterene\n|\n|-weather|Hail|[upkeep]\n|-damage|p2a: Hatterene|95\/100|[from] Hail\n|upkeep\n|turn|2\n|\n|t:|1700599414\n|move|p2a: Hatterene|Psychic|p1a: Castform\n|-damage|p1a: Castform|30\/100\n|move|p1a: Castform|Weather Ball|p2a: Hatterene\n|-damage|p2a: Hatterene|68\/100\n|\n|-weather|Hail|[upkeep]\n|-damage|p2a: Hatterene|62\/100|[from] Hail\n|upkeep\n|turn|3\n|\n|t:|1700599426\n|move|p2a: Hatterene|Dark Pulse|p1a: Castform\n|-damage|p1a: Castform|0 fnt\n|faint|p1a: Castform\n|\n|-weather|Hail|[upkeep]\n|-damage|p2a: Hatterene|56\/100|[from] Hail\n|upkeep\n|\n|t:|1700599439\n|switch|p1a: Exploud|Exploud, M|100\/100\n|turn|4\n|\n|t:|1700599448\n|move|p2a: Hatterene|Psychic|p1a: Exploud\n|-damage|p1a: Exploud|44\/100\n|move|p1a: Exploud|Focus Blast|p2a: Hatterene\n|-resisted|p2a: Hatterene\n|-damage|p2a: Hatterene|47\/100\n|\n|-weather|Hail|[upkeep]\n|-damage|p2a: Hatterene|41\/100|[from] Hail\n|-damage|p1a: Exploud|38\/100|[from] Hail\n|upkeep\n|turn|5\n|\n|t:|1700599465\n|move|p2a: Hatterene|Dark Pulse|p1a: Exploud\n|-damage|p1a: Exploud|5\/100\n|move|p1a: Exploud|Boomburst|p2a: Hatterene\n|-damage|p2a: Hatterene|0 fnt\n|faint|p2a: Hatterene\n|\n|-weather|none\n|-fieldend|move: Trick Room\n|upkeep\n|\n|t:|1700599473\n|switch|p2a: Falinks|Falinks|100\/100\n|turn|6\n|\n|t:|1700599478\n|move|p2a: Falinks|First Impression|p1a: Exploud\n|-damage|p1a: Exploud|0 fnt\n|faint|p1a: Exploud\n|\n|upkeep\n|\n|t:|1700599488\n|switch|p1a: Gardevoir|Gardevoir, F|100\/100\n|-ability|p1a: Gardevoir|Battle Armor|[from] ability: Trace|[of] p2a: Falinks\n|turn|7\n|\n|t:|1700599496\n|move|p1a: Gardevoir|Psychic|p2a: Falinks\n|-supereffective|p2a: Falinks\n|-damage|p2a: Falinks|0 fnt\n|faint|p2a: Falinks\n|-damage|p1a: Gardevoir|91\/100|[from] item: Life Orb\n|\n|upkeep\n|\n|t:|1700599506\n|switch|p2a: Dracozolt|Dracozolt|100\/100\n|turn|8\n|\n|t:|1700599514\n|move|p2a: Dracozolt|Bolt Beak|p1a: Gardevoir\n|-damage|p1a: Gardevoir|0 fnt\n|faint|p1a: Gardevoir\n|\n|upkeep\n|\n|t:|1700599524\n|switch|p1a: Salamence|Salamence, M|100\/100\n|turn|9\n|\n|t:|1700599530\n|move|p2a: Dracozolt|Bolt Beak|p1a: Salamence\n|-damage|p1a: Salamence|1\/100\n|move|p1a: Salamence|Earthquake|p2a: Dracozolt\n|-supereffective|p2a: Dracozolt\n|-damage|p2a: Dracozolt|10\/100\n|\n|upkeep\n|turn|10\n|\n|t:|1700599545\n|move|p2a: Dracozolt|Bolt Beak|p1a: Salamence\n|-damage|p1a: Salamence|0 fnt\n|faint|p1a: Salamence\n|\n|upkeep\n|\n|t:|1700599550\n|switch|p1a: Sceptile|Sceptile, F|100\/100\n|turn|11\n|\n|t:|1700599557\n|detailschange|p1a: Sceptile|Sceptile-Mega, F\n|-mega|p1a: Sceptile|Sceptile|Sceptilite\n|move|p1a: Sceptile|Energy Ball|p2a: Dracozolt\n|-resisted|p2a: Dracozolt\n|-damage|p2a: Dracozolt|0 fnt\n|faint|p2a: Dracozolt\n|\n|upkeep\n|\n|t:|1700599572\n|switch|p2a: Alcremie|Alcremie-Rainbow-Swirl, F|100\/100\n|turn|12\n|\n|t:|1700599581\n|move|p1a: Sceptile|Energy Ball|p2a: Alcremie\n|-damage|p2a: Alcremie|55\/100\n|move|p2a: Alcremie|Dazzling Gleam|p1a: Sceptile\n|-supereffective|p1a: Sceptile\n|-damage|p1a: Sceptile|0 fnt\n|faint|p1a: Sceptile\n|\n|upkeep\n|\n|t:|1700599588\n|switch|p1a: Swalot|Swalot, F|100\/100\n|turn|13\n|\n|t:|1700599594\n|move|p1a: Swalot|Acid Armor|p1a: Swalot\n|-boost|p1a: Swalot|def|2\n|move|p2a: Alcremie|Psychic|p1a: Swalot\n|-supereffective|p1a: Swalot\n|-damage|p1a: Swalot|23\/100\n|-enditem|p1a: Swalot|Salac Berry|[eat]\n|-boost|p1a: Swalot|spe|1|[from] item: Salac Berry\n|\n|upkeep\n|turn|14\n|\n|t:|1700599607\n|-terastallize|p1a: Swalot|Poison\n|move|p1a: Swalot|Gunk Shot|p2a: Alcremie\n|-supereffective|p2a: Alcremie\n|-damage|p2a: Alcremie|0 fnt\n|faint|p2a: Alcremie\n|\n|upkeep\n|\n|t:|1700599614\n|switch|p2a: Eldegoss|Eldegoss, F|100\/100\n|turn|15\n|\n|t:|1700599624\n|move|p1a: Swalot|Gunk Shot|p2a: Eldegoss\n|-supereffective|p2a: Eldegoss\n|-damage|p2a: Eldegoss|0 fnt\n|faint|p2a: Eldegoss\n|\n|upkeep\n|\n|t:|1700599631\n|switch|p2a: Scolipede|Scolipede, F|100\/100\n|turn|16\n|inactive|PM4201 has 270 seconds left.\n|inactive|MP1024 has 270 seconds left.\n|\n|t:|1700599689\n|move|p1a: Swalot|Earthquake|p2a: Scolipede\n|-crit|p2a: Scolipede\n|-damage|p2a: Scolipede|48\/100\n|move|p2a: Scolipede|Skitter Smack|p1a: Swalot\n|-resisted|p1a: Swalot\n|-damage|p1a: Swalot|10\/100\n|-unboost|p1a: Swalot|spa|1\n|-damage|p2a: Scolipede|38\/100|[from] item: Life Orb\n|\n|-ability|p2a: Scolipede|Speed Boost|boost\n|-boost|p2a: Scolipede|spe|1\n|upkeep\n|turn|17\n|inactive|PM4201 has 240 seconds left.\n|\n|t:|1700599707\n|move|p2a: Scolipede|Skitter Smack|p1a: Swalot\n|-resisted|p1a: Swalot\n|-damage|p1a: Swalot|0 fnt\n|faint|p1a: Swalot\n|-damage|p2a: Scolipede|28\/100|[from] item: Life Orb\n|\n|win|MP1024\n|l|\u2606PM4201\n","uploadtime":1700599783,"views":0,"p1id":"pm4201","p2id":"mp1024","formatid":"gen9nationaldex","rating":0,"private":0,"password":""}