{"id":"gen9nationaldex-1991992652","p1":"Saulbex","p2":"KarmaNightraide","format":"[Gen 9] National Dex","log":"|j|\u2606Saulbex\n|j|\u2606KarmaNightraide\n|t:|1700145871\n|gametype|singles\n|player|p1|Saulbex|unknown|1127\n|player|p2|KarmaNightraide|unknown|1115\n|teamsize|p1|6\n|teamsize|p2|6\n|gen|9\n|tier|[Gen 9] National Dex\n|rated|\n|rule|HP Percentage Mod: HP is shown in percentages\n|rule|Endless Battle Clause: Forcing endless battles is banned\n|rule|OHKO Clause: OHKO moves are banned\n|rule|Evasion Clause: Evasion abilities, items, and moves are banned\n|rule|Evasion Abilities Clause: Evasion abilities are banned\n|rule|Evasion Items Clause: Evasion items are banned\n|rule|Evasion Moves Clause: Evasion moves are banned\n|rule|Species Clause: Limit one of each Pok\u00e9mon\n|rule|Sleep Clause Mod: Limit one foe put to sleep\n|clearpoke\n|poke|p1|Heracross, M|\n|poke|p1|Bayleef, F|\n|poke|p1|Muk, F|\n|poke|p1|Tauros, M|\n|poke|p1|Snorlax, F|\n|poke|p1|Charizard, M|\n|poke|p2|Basculegion-F, F|\n|poke|p2|Mimikyu, M|\n|poke|p2|Banette, F|\n|poke|p2|Polteageist-Antique|\n|poke|p2|Dhelmise|\n|poke|p2|Skeledirge, M|\n|teampreview\n|inactive|Battle timer is ON: inactive players will automatically lose when time's up. (requested by KarmaNightraide)\n|\n|t:|1700145883\n|start\n|switch|p1a: Tauros|Tauros, M|100\/100\n|switch|p2a: Go to sleep...|Banette, F|100\/100\n|-ability|p1a: Tauros|Intimidate|boost\n|-unboost|p2a: Go to sleep...|atk|1\n|turn|1\n|inactive|KarmaNightraide has 120 seconds left.\n|\n|t:|1700145918\n|detailschange|p2a: Go to sleep...|Banette-Mega, F\n|-mega|p2a: Go to sleep...|Banette|Banettite\n|move|p2a: Go to sleep...|Destiny Bond|p2a: Go to sleep...\n|-singlemove|p2a: Go to sleep...|Destiny Bond\n|move|p1a: Tauros|Earthquake|p2a: Go to sleep...\n|-damage|p2a: Go to sleep...|44\/100\n|-damage|p1a: Tauros|91\/100|[from] item: Life Orb\n|\n|upkeep\n|turn|2\n|inactive|KarmaNightraide has 120 seconds left.\n|\n|t:|1700145932\n|move|p1a: Tauros|Earthquake|p2a: Go to sleep...\n|-damage|p2a: Go to sleep...|0 fnt\n|faint|p2a: Go to sleep...\n|-activate|p2a: Go to sleep...|move: Destiny Bond\n|faint|p1a: Tauros\n|\n|upkeep\n|\n|t:|1700145941\n|switch|p1a: Heracross|Heracross, M|100\/100\n|switch|p2a: Dundy|Skeledirge, M|100\/100\n|turn|3\n|\n|t:|1700145951\n|switch|p1a: Muk|Muk, F|100\/100\n|-terastallize|p2a: Dundy|Fire\n|move|p2a: Dundy|Torch Song|p1a: Muk\n|-damage|p1a: Muk|61\/100\n|-boost|p2a: Dundy|spa|1\n|\n|-heal|p1a: Muk|67\/100|[from] item: Leftovers\n|upkeep\n|turn|4\n|\n|t:|1700145963\n|move|p2a: Dundy|Earth Power|p1a: Muk\n|-supereffective|p1a: Muk\n|-damage|p1a: Muk|0 fnt\n|faint|p1a: Muk\n|\n|upkeep\n|\n|t:|1700145967\n|switch|p1a: Snorlax|Snorlax, F|100\/100\n|turn|5\n|\n|t:|1700145972\n|-terastallize|p1a: Snorlax|Normal\n|move|p2a: Dundy|Will-O-Wisp|p1a: Snorlax\n|-status|p1a: Snorlax|brn\n|move|p1a: Snorlax|Body Slam|p2a: Dundy\n|-damage|p2a: Dundy|76\/100\n|\n|-heal|p2a: Dundy|82\/100|[from] item: Leftovers\n|-damage|p1a: Snorlax|94\/100 brn|[from] brn\n|upkeep\n|turn|6\n|\n|t:|1700145984\n|switch|p1a: Heracross|Heracross, M|100\/100\n|move|p2a: Dundy|Torch Song|p1a: Heracross\n|-supereffective|p1a: Heracross\n|-damage|p1a: Heracross|0 fnt\n|-boost|p2a: Dundy|spa|1\n|faint|p1a: Heracross\n|\n|-heal|p2a: Dundy|88\/100|[from] item: Leftovers\n|upkeep\n|\n|t:|1700145986\n|switch|p1a: Charizard|Charizard, M|100\/100\n|turn|7\n|\n|t:|1700145999\n|move|p1a: Charizard|Seismic Toss|p2a: Dundy\n|-damage|p2a: Dundy|59\/100\n|move|p2a: Dundy|Will-O-Wisp|p1a: Charizard\n|-immune|p1a: Charizard\n|\n|-heal|p2a: Dundy|65\/100|[from] item: Leftovers\n|upkeep\n|turn|8\n|\n|t:|1700146014\n|move|p1a: Charizard|Fire Spin|p2a: Dundy\n|-resisted|p2a: Dundy\n|-damage|p2a: Dundy|56\/100\n|-activate|p2a: Dundy|move: Fire Spin|[of] p1a: Charizard\n|move|p2a: Dundy|Slack Off|p2a: Dundy\n|-heal|p2a: Dundy|100\/100\n|\n|-damage|p2a: Dundy|88\/100|[from] move: Fire Spin|[partiallytrapped]\n|upkeep\n|turn|9\n|\n|t:|1700146027\n|move|p1a: Charizard|Dragon Rage|p2a: Dundy\n|-damage|p2a: Dundy|77\/100\n|move|p2a: Dundy|Torch Song|p1a: Charizard\n|-resisted|p1a: Charizard\n|-damage|p1a: Charizard|43\/100\n|-boost|p2a: Dundy|spa|1\n|\n|-heal|p2a: Dundy|83\/100|[from] item: Leftovers\n|-damage|p2a: Dundy|70\/100|[from] move: Fire Spin|[partiallytrapped]\n|upkeep\n|turn|10\n|\n|t:|1700146038\n|move|p1a: Charizard|Seismic Toss|p2a: Dundy\n|-damage|p2a: Dundy|42\/100\n|move|p2a: Dundy|Torch Song|p1a: Charizard\n|-resisted|p1a: Charizard\n|-damage|p1a: Charizard|0 fnt\n|-boost|p2a: Dundy|spa|1\n|faint|p1a: Charizard\n|\n|-heal|p2a: Dundy|48\/100|[from] item: Leftovers\n|-end|p2a: Dundy|Fire Spin|[partiallytrapped]|[silent]\n|upkeep\n|\n|t:|1700146044\n|switch|p1a: Snorlax|Snorlax, F, tera:Normal|94\/100 brn\n|turn|11\n|\n|t:|1700146052\n|move|p2a: Dundy|Slack Off|p2a: Dundy\n|-heal|p2a: Dundy|98\/100\n|move|p1a: Snorlax|Hyper Beam|p2a: Dundy\n|-damage|p2a: Dundy|34\/100\n|-mustrecharge|p1a: Snorlax\n|\n|-heal|p2a: Dundy|40\/100|[from] item: Leftovers\n|-heal|p1a: Snorlax|100\/100 brn|[from] item: Leftovers\n|-damage|p1a: Snorlax|94\/100 brn|[from] brn\n|upkeep\n|turn|12\n|\n|t:|1700146062\n|move|p2a: Dundy|Slack Off|p2a: Dundy\n|-heal|p2a: Dundy|90\/100\n|cant|p1a: Snorlax|recharge\n|\n|-heal|p2a: Dundy|96\/100|[from] item: Leftovers\n|-heal|p1a: Snorlax|100\/100 brn|[from] item: Leftovers\n|-damage|p1a: Snorlax|94\/100 brn|[from] brn\n|upkeep\n|turn|13\n|\n|t:|1700146073\n|move|p2a: Dundy|Torch Song|p1a: Snorlax\n|-damage|p1a: Snorlax|48\/100 brn\n|-boost|p2a: Dundy|spa|1\n|move|p1a: Snorlax|Body Slam|p2a: Dundy\n|-damage|p2a: Dundy|75\/100\n|\n|-heal|p2a: Dundy|81\/100|[from] item: Leftovers\n|-heal|p1a: Snorlax|54\/100 brn|[from] item: Leftovers\n|-damage|p1a: Snorlax|48\/100 brn|[from] brn\n|upkeep\n|turn|14\n|\n|t:|1700146087\n|move|p2a: Dundy|Torch Song|p1a: Snorlax\n|-damage|p1a: Snorlax|0 fnt\n|-boost|p2a: Dundy|spa|1\n|faint|p1a: Snorlax\n|\n|-heal|p2a: Dundy|87\/100|[from] item: Leftovers\n|upkeep\n|\n|t:|1700146089\n|switch|p1a: Bayleef|Bayleef, F|100\/100\n|turn|15\n|\n|t:|1700146098\n|move|p2a: Dundy|Torch Song|p1a: Bayleef\n|-supereffective|p1a: Bayleef\n|-damage|p1a: Bayleef|0 fnt\n|faint|p1a: Bayleef\n|\n|win|KarmaNightraide\n|raw|Saulbex's rating: 1127 &rarr; <strong>1101<\/strong><br \/>(-26 for losing)\n|raw|KarmaNightraide's rating: 1115 &rarr; <strong>1141<\/strong><br \/>(+26 for winning)\n|l|\u2606Saulbex\n","uploadtime":1700146105,"views":5,"p1id":"saulbex","p2id":"karmanightraide","formatid":"gen9nationaldex","rating":1101,"private":0,"password":""}