{"id":"gen9nationaldex-1987338863","p1":"Ricky555","p2":"PointedRanger11","format":"[Gen 9] National Dex","log":"|j|\u2606Ricky555\n|j|\u2606PointedRanger11\n|t:|1699579235\n|gametype|singles\n|player|p1|Ricky555|170|1536\n|player|p2|PointedRanger11|n|1453\n|teamsize|p1|6\n|teamsize|p2|6\n|gen|9\n|tier|[Gen 9] National Dex\n|rated|\n|rule|HP Percentage Mod: HP is shown in percentages\n|rule|Endless Battle Clause: Forcing endless battles is banned\n|rule|OHKO Clause: OHKO moves are banned\n|rule|Evasion Clause: Evasion abilities, items, and moves are banned\n|rule|Evasion Abilities Clause: Evasion abilities are banned\n|rule|Evasion Items Clause: Evasion items are banned\n|rule|Evasion Moves Clause: Evasion moves are banned\n|rule|Species Clause: Limit one of each Pok\u00e9mon\n|rule|Sleep Clause Mod: Limit one foe put to sleep\n|clearpoke\n|poke|p1|Pelipper, F|\n|poke|p1|Basculegion-F, F|\n|poke|p1|Swampert, M|\n|poke|p1|Ferrothorn, F|\n|poke|p1|Zapdos|\n|poke|p1|Iron Valiant|\n|poke|p2|Aerodactyl, F|\n|poke|p2|Zoroark-Hisui, F|\n|poke|p2|Kyurem|\n|poke|p2|Skeledirge, F|\n|poke|p2|Hawlucha, F|\n|poke|p2|Urshifu-*, F|\n|teampreview\n|inactive|Battle timer is ON: inactive players will automatically lose when time's up. (requested by Ricky555)\n|\n|t:|1699579243\n|start\n|switch|p1a: Pelipper|Pelipper, F|100\/100\n|switch|p2a: WHAT KILLED DINO?|Kyurem|100\/100\n|-ability|p2a: WHAT KILLED DINO?|Pressure\n|-weather|RainDance|[from] ability: Drizzle|[of] p1a: Pelipper\n|turn|1\n|\n|t:|1699579252\n|switch|p1a: Ferrothorn|Ferrothorn, F|100\/100\n|move|p2a: WHAT KILLED DINO?|Freeze-Dry|p1a: Ferrothorn\n|-damage|p1a: Ferrothorn|69\/100\n|-enditem|p1a: Ferrothorn|Eject Button\n|\n|t:|1699579259\n|switch|p1a: Zapdos|Zapdos|100\/100\n|\n|-weather|RainDance|[upkeep]\n|upkeep\n|turn|2\n|\n|t:|1699579267\n|move|p1a: Zapdos|Hurricane|p2a: WHAT KILLED DINO?\n|-damage|p2a: WHAT KILLED DINO?|56\/100\n|move|p2a: WHAT KILLED DINO?|Substitute|p2a: WHAT KILLED DINO?\n|-start|p2a: WHAT KILLED DINO?|Substitute\n|-damage|p2a: WHAT KILLED DINO?|31\/100\n|\n|-weather|RainDance|[upkeep]\n|-heal|p2a: WHAT KILLED DINO?|37\/100|[from] item: Leftovers\n|upkeep\n|turn|3\n|\n|t:|1699579275\n|move|p1a: Zapdos|Hurricane|p2a: WHAT KILLED DINO?\n|-end|p2a: WHAT KILLED DINO?|Substitute\n|move|p2a: WHAT KILLED DINO?|Freeze-Dry|p1a: Zapdos\n|-supereffective|p1a: Zapdos\n|-damage|p1a: Zapdos|22\/100\n|\n|-weather|RainDance|[upkeep]\n|-heal|p2a: WHAT KILLED DINO?|43\/100|[from] item: Leftovers\n|upkeep\n|turn|4\n|\n|t:|1699579297\n|switch|p2a: KING K ROOL|Skeledirge, F|100\/100\n|move|p1a: Zapdos|Hurricane|p2a: KING K ROOL\n|-damage|p2a: KING K ROOL|65\/100\n|\n|-weather|RainDance|[upkeep]\n|-heal|p2a: KING K ROOL|71\/100|[from] item: Leftovers\n|upkeep\n|turn|5\n|\n|t:|1699579307\n|move|p1a: Zapdos|Weather Ball|p2a: KING K ROOL\n|-supereffective|p2a: KING K ROOL\n|-damage|p2a: KING K ROOL|1\/100\n|move|p2a: KING K ROOL|Will-O-Wisp|p1a: Zapdos\n|-status|p1a: Zapdos|brn\n|\n|-weather|RainDance|[upkeep]\n|-heal|p2a: KING K ROOL|7\/100|[from] item: Leftovers\n|-damage|p1a: Zapdos|15\/100 brn|[from] brn\n|upkeep\n|turn|6\n|\n|t:|1699579320\n|move|p1a: Zapdos|Roost|p1a: Zapdos\n|-heal|p1a: Zapdos|65\/100 brn\n|-singleturn|p1a: Zapdos|move: Roost\n|move|p2a: KING K ROOL|Shadow Ball|p1a: Zapdos\n|-damage|p1a: Zapdos|33\/100 brn\n|\n|-weather|RainDance|[upkeep]\n|-heal|p2a: KING K ROOL|13\/100|[from] item: Leftovers\n|-damage|p1a: Zapdos|27\/100 brn|[from] brn\n|upkeep\n|turn|7\n|\n|t:|1699579332\n|move|p1a: Zapdos|Hurricane|p2a: KING K ROOL\n|-damage|p2a: KING K ROOL|0 fnt\n|faint|p2a: KING K ROOL\n|\n|-weather|RainDance|[upkeep]\n|-damage|p1a: Zapdos|20\/100 brn|[from] brn\n|upkeep\n|inactive|PointedRanger11 has 120 seconds left.\n|\n|t:|1699579357\n|switch|p2a: NO SKILL|Urshifu-Rapid-Strike, F|100\/100\n|turn|8\n|\n|t:|1699579363\n|move|p2a: NO SKILL|Surging Strikes|p1a: Zapdos\n|-crit|p1a: Zapdos\n|-damage|p1a: Zapdos|0 fnt\n|faint|p1a: Zapdos\n|-hitcount|p1: Zapdos|1\n|\n|-weather|none\n|upkeep\n|\n|t:|1699579364\n|switch|p1a: Pelipper|Pelipper, F|100\/100\n|-weather|RainDance|[from] ability: Drizzle|[of] p1a: Pelipper\n|turn|9\n|\n|t:|1699579376\n|switch|p2a: WHAT KILLED DINO?|Kyurem|43\/100\n|-ability|p2a: WHAT KILLED DINO?|Pressure\n|move|p1a: Pelipper|U-turn|p2a: WHAT KILLED DINO?\n|-damage|p2a: WHAT KILLED DINO?|36\/100\n|\n|t:|1699579381\n|switch|p1a: Swampert|Swampert, M|100\/100|[from] U-turn\n|\n|-weather|RainDance|[upkeep]\n|-heal|p2a: WHAT KILLED DINO?|42\/100|[from] item: Leftovers\n|upkeep\n|turn|10\n|\n|t:|1699579392\n|detailschange|p1a: Swampert|Swampert-Mega, M\n|-mega|p1a: Swampert|Swampert|Swampertite\n|move|p1a: Swampert|Earthquake|p2a: WHAT KILLED DINO?\n|-damage|p2a: WHAT KILLED DINO?|0 fnt\n|faint|p2a: WHAT KILLED DINO?\n|\n|-weather|RainDance|[upkeep]\n|upkeep\n|\n|t:|1699579401\n|switch|p2a: AAAAAAAAAAAAAA|Aerodactyl, F|100\/100\n|turn|11\n|\n|t:|1699579405\n|move|p1a: Swampert|Waterfall|p2a: AAAAAAAAAAAAAA\n|-enditem|p2a: AAAAAAAAAAAAAA|Focus Sash\n|-damage|p2a: AAAAAAAAAAAAAA|1\/100\n|replace|p2a: lol|Zoroark-Hisui, F\n|-end|p2a: lol|Illusion\n|cant|p2a: lol|flinch\n|\n|-weather|RainDance|[upkeep]\n|upkeep\n|turn|12\n|inactive|PointedRanger11 has 120 seconds left.\n|-message|PointedRanger11 forfeited.\n|\n|win|Ricky555\n|raw|Ricky555's rating: 1536 &rarr; <strong>1551<\/strong><br \/>(+15 for winning)\n|raw|PointedRanger11's rating: 1453 &rarr; <strong>1438<\/strong><br \/>(-15 for losing)\n|l|\u2606PointedRanger11\n","uploadtime":1699579452,"views":10,"p1id":"ricky555","p2id":"pointedranger11","formatid":"gen9nationaldex","rating":1438,"private":0,"password":""}