{"id":"gen9nationaldex-1997080647","p1":"LeafStormHimNotMe","p2":"WonderOff","format":"[Gen 9] National Dex","log":"|html|<div class=\"broadcast-blue\"><strong>[Gen 9] National Dex is currently suspecting Sneasler! For information on how to participate check out the <a href=\"https:\/\/www.smogon.com\/forums\/threads\/sv-national-dex-suspect-8-just-dance.3731534\/\">suspect thread<\/a>.<\/strong><\/div>\n|j|\u2606LeafStormHimNotMe\n|j|\u2606WonderOff\n|t:|1700762523\n|gametype|singles\n|player|p1|LeafStormHimNotMe|skierf|1137\n|player|p2|WonderOff|flannery|1120\n|teamsize|p1|6\n|teamsize|p2|6\n|gen|9\n|tier|[Gen 9] National Dex\n|rated|\n|rule|HP Percentage Mod: HP is shown in percentages\n|rule|Endless Battle Clause: Forcing endless battles is banned\n|rule|OHKO Clause: OHKO moves are banned\n|rule|Evasion Clause: Evasion abilities, items, and moves are banned\n|rule|Evasion Abilities Clause: Evasion abilities are banned\n|rule|Evasion Items Clause: Evasion items are banned\n|rule|Evasion Moves Clause: Evasion moves are banned\n|rule|Species Clause: Limit one of each Pok\u00e9mon\n|rule|Sleep Clause Mod: Limit one foe put to sleep\n|clearpoke\n|poke|p1|Cloyster, M|\n|poke|p1|Blastoise, F|\n|poke|p1|Shuckle, M|\n|poke|p1|Polteageist|\n|poke|p1|Barbaracle, M|\n|poke|p1|Gorebyss, F|\n|poke|p2|Decidueye-Hisui, F|\n|poke|p2|Talonflame, F|\n|poke|p2|Latias, F|\n|poke|p2|Charizard, F|\n|poke|p2|Altaria, M|\n|poke|p2|Zapdos-Galar|\n|teampreview\n|\n|t:|1700762542\n|start\n|switch|p1a: Gorebyss|Gorebyss, F|100\/100\n|switch|p2a: Talonflame|Talonflame, F|100\/100\n|turn|1\n|\n|t:|1700762548\n|move|p2a: Talonflame|Swords Dance|p2a: Talonflame\n|-boost|p2a: Talonflame|atk|2\n|move|p1a: Gorebyss|Shell Smash|p1a: Gorebyss\n|-unboost|p1a: Gorebyss|def|1\n|-unboost|p1a: Gorebyss|spd|1\n|-boost|p1a: Gorebyss|atk|2\n|-boost|p1a: Gorebyss|spa|2\n|-boost|p1a: Gorebyss|spe|2\n|\n|upkeep\n|turn|2\n|\n|t:|1700762552\n|move|p1a: Gorebyss|Scald|p2a: Talonflame\n|-supereffective|p2a: Talonflame\n|-damage|p2a: Talonflame|0 fnt\n|faint|p2a: Talonflame\n|\n|upkeep\n|\n|t:|1700762556\n|switch|p2a: Decidueye|Decidueye-Hisui, F|100\/100\n|turn|3\n|\n|t:|1700762560\n|move|p1a: Gorebyss|Psychic|p2a: Decidueye\n|-supereffective|p2a: Decidueye\n|-damage|p2a: Decidueye|21\/100\n|move|p2a: Decidueye|Leaf Blade|p1a: Gorebyss\n|-supereffective|p1a: Gorebyss\n|-enditem|p1a: Gorebyss|Focus Sash\n|-damage|p1a: Gorebyss|1\/100\n|\n|upkeep\n|turn|4\n|\n|t:|1700762567\n|move|p2a: Decidueye|Shadow Sneak|p1a: Gorebyss\n|-damage|p1a: Gorebyss|0 fnt\n|faint|p1a: Gorebyss\n|\n|upkeep\n|\n|t:|1700762576\n|switch|p1a: Shuckle|Shuckle, M|100\/100\n|turn|5\n|\n|t:|1700762581\n|switch|p2a: Charizard|Charizard, F|100\/100\n|move|p1a: Shuckle|Toxic|p2a: Charizard\n|-status|p2a: Charizard|tox\n|\n|-damage|p2a: Charizard|94\/100 tox|[from] psn\n|upkeep\n|turn|6\n|\n|t:|1700762586\n|move|p1a: Shuckle|Protect|p1a: Shuckle\n|-singleturn|p1a: Shuckle|Protect\n|move|p2a: Charizard|Fire Blast|p1a: Shuckle\n|-activate|p1a: Shuckle|move: Protect\n|\n|-damage|p2a: Charizard|82\/100 tox|[from] psn\n|upkeep\n|turn|7\n|\n|t:|1700762589\n|move|p2a: Charizard|Scorching Sands|p1a: Shuckle\n|-damage|p1a: Shuckle|87\/100\n|move|p1a: Shuckle|Shell Smash|p1a: Shuckle\n|-boost|p1a: Shuckle|def|1\n|-boost|p1a: Shuckle|spd|1\n|-unboost|p1a: Shuckle|atk|2\n|-unboost|p1a: Shuckle|spa|2\n|-unboost|p1a: Shuckle|spe|2\n|\n|-damage|p2a: Charizard|64\/100 tox|[from] psn\n|upkeep\n|turn|8\n|\n|t:|1700762595\n|move|p2a: Charizard|Fire Blast|p1a: Shuckle\n|-damage|p1a: Shuckle|66\/100\n|-status|p1a: Shuckle|brn\n|move|p1a: Shuckle|Shell Smash|p1a: Shuckle\n|-boost|p1a: Shuckle|def|1\n|-boost|p1a: Shuckle|spd|1\n|-unboost|p1a: Shuckle|atk|2\n|-unboost|p1a: Shuckle|spa|2\n|-unboost|p1a: Shuckle|spe|2\n|\n|-damage|p2a: Charizard|40\/100 tox|[from] psn\n|-damage|p1a: Shuckle|59\/100 brn|[from] brn\n|upkeep\n|turn|9\n|\n|t:|1700762604\n|move|p2a: Charizard|Fire Blast|p1a: Shuckle\n|-damage|p1a: Shuckle|43\/100 brn\n|move|p1a: Shuckle|Shell Smash|p1a: Shuckle\n|-boost|p1a: Shuckle|def|1\n|-boost|p1a: Shuckle|spd|1\n|-unboost|p1a: Shuckle|atk|2\n|-unboost|p1a: Shuckle|spa|2\n|-unboost|p1a: Shuckle|spe|2\n|\n|-damage|p2a: Charizard|10\/100 tox|[from] psn\n|-damage|p1a: Shuckle|37\/100 brn|[from] brn\n|upkeep\n|turn|10\n|\n|t:|1700762609\n|move|p2a: Charizard|Fire Blast|p1a: Shuckle\n|-damage|p1a: Shuckle|22\/100 brn\n|move|p1a: Shuckle|Rest|p1a: Shuckle\n|-status|p1a: Shuckle|slp|[from] move: Rest\n|-heal|p1a: Shuckle|100\/100 slp|[silent]\n|-enditem|p1a: Shuckle|Chesto Berry|[eat]\n|-curestatus|p1a: Shuckle|slp|[msg]\n|\n|-damage|p2a: Charizard|0 fnt|[from] psn\n|faint|p2a: Charizard\n|upkeep\n|-message|WonderOff forfeited.\n|\n|win|LeafStormHimNotMe\n|raw|LeafStormHimNotMe's rating: 1137 &rarr; <strong>1161<\/strong><br \/>(+24 for winning)\n|raw|WonderOff's rating: 1120 &rarr; <strong>1096<\/strong><br \/>(-24 for losing)\n|l|\u2606WonderOff\n","uploadtime":1700762636,"views":9,"p1id":"leafstormhimnotme","p2id":"wonderoff","formatid":"gen9nationaldex","rating":1096,"private":0,"password":""}