{"id":"gen9nationaldex-1988683104","p1":"e63593","p2":"dracoreon","format":"[Gen 9] National Dex","log":"|j|\u2606e63593\n|j|\u2606dracoreon\n|inactive|Battle timer is ON: inactive players will automatically lose when time's up.\n|t:|1699750175\n|gametype|singles\n|player|p1|e63593|lillie-masters3|\n|player|p2|dracoreon|unknownf|\n|teamsize|p1|6\n|teamsize|p2|6\n|gen|9\n|tier|[Gen 9] National Dex\n|rated|Tournament battle\n|rule|HP Percentage Mod: HP is shown in percentages\n|rule|Endless Battle Clause: Forcing endless battles is banned\n|rule|OHKO Clause: OHKO moves are banned\n|rule|Evasion Clause: Evasion abilities, items, and moves are banned\n|rule|Evasion Abilities Clause: Evasion abilities are banned\n|rule|Evasion Items Clause: Evasion items are banned\n|rule|Evasion Moves Clause: Evasion moves are banned\n|rule|Species Clause: Limit one of each Pok\u00e9mon\n|rule|Sleep Clause Mod: Limit one foe put to sleep\n|clearpoke\n|poke|p1|Boltund, M|\n|poke|p1|Landorus-Therian, M|\n|poke|p1|Iron Valiant|\n|poke|p1|Tapu Koko|\n|poke|p1|Scizor, M|\n|poke|p1|Iron Moth|\n|poke|p2|Chatot, M|\n|poke|p2|Lycanroc-Dusk, F|\n|poke|p2|Cyclizar, F|\n|poke|p2|Charizard, M|\n|poke|p2|Crabominable, F|\n|poke|p2|Hawlucha, M|\n|teampreview\n|inactive|e63593 also wants the timer to be on.\n|j| the dapper\n|\n|t:|1699750186\n|start\n|switch|p1a: Landorus|Landorus-Therian, M, shiny|100\/100\n|switch|p2a: xamuel|Chatot, M|100\/100\n|-ability|p1a: Landorus|Intimidate|boost\n|-unboost|p2a: xamuel|atk|1\n|turn|1\n|\n|t:|1699750193\n|move|p2a: xamuel|Chatter|p1a: Landorus\n|-damage|p1a: Landorus|53\/100\n|-start|p1a: Landorus|confusion\n|-enditem|p1a: Landorus|Eject Button\n|\n|t:|1699750197\n|switch|p1a: Koko|Tapu Koko, shiny|100\/100\n|-fieldstart|move: Electric Terrain|[from] ability: Electric Surge|[of] p1a: Koko\n|\n|upkeep\n|turn|2\n|j|%Drampa\u5927Raivoso\n|\n|t:|1699750223\n|switch|p2a: calanguinho|Cyclizar, F|100\/100\n|move|p1a: Koko|Thunderbolt|p2a: calanguinho\n|-resisted|p2a: calanguinho\n|-damage|p2a: calanguinho|58\/100\n|\n|upkeep\n|turn|3\n|\n|t:|1699750230\n|move|p1a: Koko|Dazzling Gleam|p2a: calanguinho\n|-supereffective|p2a: calanguinho\n|-damage|p2a: calanguinho|0 fnt\n|faint|p2a: calanguinho\n|\n|upkeep\n|\n|t:|1699750236\n|switch|p2a: xamuel|Chatot, M|100\/100\n|turn|4\n|inactive|dracoreon has 120 seconds left.\n|\n|t:|1699750256\n|-terastallize|p2a: xamuel|Normal\n|move|p1a: Koko|Thunderbolt|p2a: xamuel\n|-damage|p2a: xamuel|0 fnt\n|faint|p2a: xamuel\n|\n|upkeep\n|inactive|dracoreon has 120 seconds left.\n|\n|t:|1699750263\n|switch|p2a: caramelo|Lycanroc-Dusk, F|100\/100\n|turn|5\n|\n|t:|1699750268\n|move|p1a: Koko|U-turn|p2a: caramelo\n|-damage|p2a: caramelo|74\/100\n|\n|t:|1699750271\n|switch|p1a: Landorus|Landorus-Therian, M, shiny|53\/100|[from] U-turn\n|-ability|p1a: Landorus|Intimidate|boost\n|-unboost|p2a: caramelo|atk|1\n|move|p2a: caramelo|Drill Run|p1a: Landorus\n|-immune|p1a: Landorus\n|\n|upkeep\n|turn|6\n|\n|t:|1699750278\n|-zpower|p2a: caramelo\n|move|p2a: caramelo|Splintered Stormshards|p1a: Landorus|[zeffect]\n|-damage|p1a: Landorus|0 fnt\n|-fieldend|move: Electric Terrain\n|faint|p1a: Landorus\n|\n|upkeep\n|\n|t:|1699750291\n|switch|p1a: Gallavoir|Iron Valiant, shiny|100\/100\n|turn|7\n|\n|t:|1699750300\n|switch|p2a: siri.fazendo.barra|Crabominable, F|100\/100\n|move|p1a: Gallavoir|Aura Sphere|p2a: siri.fazendo.barra\n|-supereffective|p2a: siri.fazendo.barra\n|-damage|p2a: siri.fazendo.barra|0 fnt\n|faint|p2a: siri.fazendo.barra\n|-damage|p1a: Gallavoir|91\/100|[from] item: Life Orb\n|\n|upkeep\n|\n|t:|1699750304\n|switch|p2a: sou.eubola.de.fogo|Charizard, M|100\/100\n|turn|8\n|\n|t:|1699750310\n|-end|p1a: Gallavoir|Quark Drive|[silent]\n|switch|p1a: Koko|Tapu Koko, shiny|100\/100\n|-fieldstart|move: Electric Terrain|[from] ability: Electric Surge|[of] p1a: Koko\n|detailschange|p2a: sou.eubola.de.fogo|Charizard-Mega-Y, M\n|-mega|p2a: sou.eubola.de.fogo|Charizard|Charizardite Y\n|-weather|SunnyDay|[from] ability: Drought|[of] p2a: sou.eubola.de.fogo\n|move|p2a: sou.eubola.de.fogo|Air Slash|p1a: Koko\n|-resisted|p1a: Koko\n|-damage|p1a: Koko|64\/100\n|\n|-weather|SunnyDay|[upkeep]\n|upkeep\n|turn|9\n|\n|t:|1699750323\n|move|p1a: Koko|Thunderbolt|p2a: sou.eubola.de.fogo\n|-supereffective|p2a: sou.eubola.de.fogo\n|-damage|p2a: sou.eubola.de.fogo|8\/100\n|move|p2a: sou.eubola.de.fogo|Weather Ball|p1a: Koko\n|-damage|p1a: Koko|0 fnt\n|faint|p1a: Koko\n|\n|-weather|SunnyDay|[upkeep]\n|upkeep\n|\n|t:|1699750341\n|switch|p1a: Volcalien|Iron Moth, shiny|100\/100\n|-activate|p1a: Volcalien|ability: Quark Drive\n|-start|p1a: Volcalien|quarkdrivespe\n|turn|10\n|\n|t:|1699750371\n|move|p1a: Volcalien|Fiery Dance|p2a: sou.eubola.de.fogo\n|-resisted|p2a: sou.eubola.de.fogo\n|-damage|p2a: sou.eubola.de.fogo|0 fnt\n|faint|p2a: sou.eubola.de.fogo\n|\n|-weather|SunnyDay|[upkeep]\n|upkeep\n|\n|t:|1699750373\n|switch|p2a: caramelo|Lycanroc-Dusk, F|74\/100\n|turn|11\n|\n|t:|1699750376\n|move|p1a: Volcalien|Energy Ball|p2a: caramelo\n|-supereffective|p2a: caramelo\n|-damage|p2a: caramelo|0 fnt\n|faint|p2a: caramelo\n|\n|-weather|SunnyDay|[upkeep]\n|upkeep\n|\n|t:|1699750379\n|switch|p2a: vou.fazer.0.moitai|Hawlucha, M|100\/100\n|turn|12\n|\n|t:|1699750387\n|move|p1a: Volcalien|Fiery Dance|p2a: vou.fazer.0.moitai\n|-damage|p2a: vou.fazer.0.moitai|0 fnt\n|-boost|p1a: Volcalien|spa|1\n|faint|p2a: vou.fazer.0.moitai\n|\n|win|e63593\n|n|\u2606e63593|e63593\n|n|\u2606dracoreon|dracoreon\n|n| the dapper|thedapper\n|n| Drampa\u5927Raivoso|dramparaivoso\n|l|\u2606dracoreon\n|l|\u2606e63593\n","uploadtime":1699750401,"views":4,"p1id":"e63593","p2id":"dracoreon","formatid":"gen9nationaldex","rating":0,"private":0,"password":""}