{"id":"gen9nationaldex-1997238616","p1":"violador de G","p2":"Tank Tests","format":"[Gen 9] National Dex","log":"|html|<div class=\"broadcast-blue\"><strong>[Gen 9] National Dex is currently suspecting Sneasler! For information on how to participate check out the <a href=\"https:\/\/www.smogon.com\/forums\/threads\/sv-national-dex-suspect-8-just-dance.3731534\/\">suspect thread<\/a>.<\/strong><\/div>\n|j|\u2606violador de G\n|j|\u2606Tank Tests\n|t:|1700779075\n|gametype|singles\n|player|p1|violador de G|101|1194\n|player|p2|Tank Tests|266|1272\n|teamsize|p1|6\n|teamsize|p2|6\n|gen|9\n|tier|[Gen 9] National Dex\n|rated|\n|rule|HP Percentage Mod: HP is shown in percentages\n|rule|Endless Battle Clause: Forcing endless battles is banned\n|rule|OHKO Clause: OHKO moves are banned\n|rule|Evasion Clause: Evasion abilities, items, and moves are banned\n|rule|Evasion Abilities Clause: Evasion abilities are banned\n|rule|Evasion Items Clause: Evasion items are banned\n|rule|Evasion Moves Clause: Evasion moves are banned\n|rule|Species Clause: Limit one of each Pok\u00e9mon\n|rule|Sleep Clause Mod: Limit one foe put to sleep\n|clearpoke\n|poke|p1|Enamorus, F|\n|poke|p1|Landorus-Therian, M|\n|poke|p1|Skarmory, M|\n|poke|p1|Weavile, F|\n|poke|p1|Garganacl, F|\n|poke|p1|Clefable, M|\n|poke|p2|Pawmot, M|\n|poke|p2|Rabsca, F|\n|poke|p2|Banette, F|\n|poke|p2|Victini|\n|poke|p2|Dragonite, M|\n|poke|p2|Forretress, M|\n|teampreview\n|\n|t:|1700779083\n|start\n|switch|p1a: Clefable|Clefable, M|100\/100\n|switch|p2a: Victini|Victini|100\/100\n|turn|1\n|\n|t:|1700779089\n|move|p2a: Victini|V-create|p1a: Clefable\n|-damage|p1a: Clefable|19\/100\n|-unboost|p2a: Victini|spe|1\n|-unboost|p2a: Victini|def|1\n|-unboost|p2a: Victini|spd|1\n|move|p1a: Clefable|Thunder Wave|p2a: Victini\n|-status|p2a: Victini|par\n|\n|-heal|p1a: Clefable|25\/100|[from] item: Leftovers\n|upkeep\n|turn|2\n|\n|t:|1700779105\n|switch|p2a: Forretress|Forretress, M|100\/100\n|switch|p1a: Landorus|Landorus-Therian, M, shiny|100\/100\n|-ability|p1a: Landorus|Intimidate|boost\n|-unboost|p2a: Forretress|atk|1\n|\n|upkeep\n|turn|3\n|\n|t:|1700779115\n|switch|p1a: Skarmory|Skarmory, M, shiny|100\/100\n|move|p2a: Forretress|Stealth Rock|p1a: Skarmory\n|-sidestart|p1: violador de G|move: Stealth Rock\n|\n|upkeep\n|turn|4\n|\n|t:|1700779121\n|move|p1a: Skarmory|Stealth Rock|p2a: Forretress\n|-sidestart|p2: Tank Tests|move: Stealth Rock\n|move|p2a: Forretress|Thunder Wave|p1a: Skarmory\n|-status|p1a: Skarmory|par\n|\n|upkeep\n|turn|5\n|\n|t:|1700779125\n|move|p2a: Forretress|Rapid Spin|p1a: Skarmory\n|-resisted|p1a: Skarmory\n|-damage|p1a: Skarmory|98\/100 par\n|-boost|p2a: Forretress|spe|1\n|-sideend|p2: Tank Tests|Stealth Rock|[from] move: Rapid Spin|[of] p2a: Forretress\n|move|p1a: Skarmory|Whirlwind|p2a: Forretress\n|drag|p2a: Banette|Banette, F|100\/100\n|\n|-heal|p1a: Skarmory|100\/100 par|[from] item: Leftovers\n|upkeep\n|turn|6\n|\n|t:|1700779136\n|detailschange|p2a: Banette|Banette-Mega, F\n|-mega|p2a: Banette|Banette|Banettite\n|move|p2a: Banette|Taunt|p1a: Skarmory\n|-start|p1a: Skarmory|move: Taunt\n|cant|p1a: Skarmory|move: Taunt|Stealth Rock\n|\n|upkeep\n|turn|7\n|\n|t:|1700779144\n|switch|p1a: Landorus|Landorus-Therian, M, shiny|100\/100\n|-damage|p1a: Landorus|88\/100|[from] Stealth Rock\n|-ability|p1a: Landorus|Intimidate|boost\n|-unboost|p2a: Banette|atk|1\n|move|p2a: Banette|Poltergeist|p1a: Landorus|[miss]\n|-miss|p2a: Banette|p1a: Landorus\n|\n|upkeep\n|turn|8\n|\n|t:|1700779161\n|switch|p2a: Forretress|Forretress, M|100\/100\n|move|p1a: Landorus|Knock Off|p2a: Forretress\n|-damage|p2a: Forretress|64\/100\n|-enditem|p2a: Forretress|Heavy-Duty Boots|[from] move: Knock Off|[of] p1a: Landorus\n|\n|upkeep\n|turn|9\n|\n|t:|1700779171\n|switch|p1a: Garganacl|Garganacl, F, shiny|100\/100\n|-damage|p1a: Garganacl|88\/100|[from] Stealth Rock\n|move|p2a: Forretress|Explosion|p1a: Garganacl\n|-resisted|p1a: Garganacl\n|-damage|p1a: Garganacl|71\/100\n|faint|p2a: Forretress\n|\n|-heal|p1a: Garganacl|77\/100|[from] item: Leftovers\n|upkeep\n|\n|t:|1700779175\n|switch|p2a: Victini|Victini|100\/100 par\n|turn|10\n|\n|t:|1700779190\n|move|p2a: Victini|Final Gambit|p1a: Garganacl\n|-damage|p1a: Garganacl|0 fnt\n|faint|p2a: Victini\n|faint|p1a: Garganacl\n|\n|upkeep\n|\n|t:|1700779199\n|switch|p2a: Banette|Banette-Mega, F|100\/100\n|switch|p1a: Weavile|Weavile, F, shiny|100\/100\n|-damage|p1a: Weavile|76\/100|[from] Stealth Rock\n|-ability|p1a: Weavile|Pressure\n|turn|11\n|\n|t:|1700779205\n|move|p2a: Banette|Destiny Bond|p2a: Banette\n|-singlemove|p2a: Banette|Destiny Bond\n|move|p1a: Weavile|Throat Chop|p2a: Banette\n|-supereffective|p2a: Banette\n|-damage|p2a: Banette|0 fnt\n|faint|p2a: Banette\n|-activate|p2a: Banette|move: Destiny Bond\n|faint|p1a: Weavile\n|\n|upkeep\n|\n|t:|1700779211\n|switch|p1a: Clefable|Clefable, M|25\/100\n|switch|p2a: Rabsca|Rabsca, F|100\/100\n|-damage|p1a: Clefable|12\/100|[from] Stealth Rock\n|turn|12\n|\n|t:|1700779215\n|move|p1a: Clefable|Soft-Boiled|p1a: Clefable\n|-heal|p1a: Clefable|62\/100\n|move|p2a: Rabsca|Revival Blessing|p2a: Rabsca\n|-enditem|p2a: Rabsca|Leppa Berry|[eat]\n|-activate|p2a: Rabsca|item: Leppa Berry|Revival Blessing|[consumed]\n|\n|t:|1700779218\n|-heal|p2: Victini|50\/100|[from] move: Revival Blessing\n|\n|-heal|p1a: Clefable|69\/100|[from] item: Leftovers\n|upkeep\n|turn|13\n|\n|t:|1700779234\n|move|p1a: Clefable|Flamethrower|p2a: Rabsca\n|-supereffective|p2a: Rabsca\n|-damage|p2a: Rabsca|67\/100\n|move|p2a: Rabsca|Revival Blessing|p2a: Rabsca\n|\n|t:|1700779239\n|-heal|p2: Banette|50\/100|[from] move: Revival Blessing\n|\n|-heal|p1a: Clefable|75\/100|[from] item: Leftovers\n|upkeep\n|turn|14\n|\n|t:|1700779247\n|switch|p2a: Victini|Victini|50\/100\n|move|p1a: Clefable|Flamethrower|p2a: Victini\n|-resisted|p2a: Victini\n|-crit|p2a: Victini\n|-damage|p2a: Victini|35\/100\n|\n|-heal|p1a: Clefable|81\/100|[from] item: Leftovers\n|upkeep\n|turn|15\n|\n|t:|1700779253\n|move|p2a: Victini|V-create|p1a: Clefable\n|-damage|p1a: Clefable|0 fnt\n|-unboost|p2a: Victini|spe|1\n|-unboost|p2a: Victini|def|1\n|-unboost|p2a: Victini|spd|1\n|faint|p1a: Clefable\n|\n|upkeep\n|-message|violador de G forfeited.\n|\n|win|Tank Tests\n|raw|violador de G's rating: 1194 &rarr; <strong>1175<\/strong><br \/>(-19 for losing)\n|raw|Tank Tests's rating: 1272 &rarr; <strong>1291<\/strong><br \/>(+19 for winning)\n|l|\u2606violador de G\n","uploadtime":1700779261,"views":15,"p1id":"violadordeg","p2id":"tanktests","formatid":"gen9nationaldex","rating":1175,"private":0,"password":""}