{"id":"gen9nationaldex-1990698645","p1":"savagewolf98420","p2":"Tsheezi","format":"[Gen 9] National Dex","log":"|j|\u2606savagewolf98420\n|j|\u2606Tsheezi\n|t:|1699992777\n|gametype|singles\n|player|p1|savagewolf98420|koga|1257\n|player|p2|Tsheezi|170|1261\n|teamsize|p1|6\n|teamsize|p2|6\n|gen|9\n|tier|[Gen 9] National Dex\n|rated|\n|rule|HP Percentage Mod: HP is shown in percentages\n|rule|Endless Battle Clause: Forcing endless battles is banned\n|rule|OHKO Clause: OHKO moves are banned\n|rule|Evasion Clause: Evasion abilities, items, and moves are banned\n|rule|Evasion Abilities Clause: Evasion abilities are banned\n|rule|Evasion Items Clause: Evasion items are banned\n|rule|Evasion Moves Clause: Evasion moves are banned\n|rule|Species Clause: Limit one of each Pok\u00e9mon\n|rule|Sleep Clause Mod: Limit one foe put to sleep\n|clearpoke\n|poke|p1|Reuniclus, M|\n|poke|p1|Jirachi|\n|poke|p1|Serperior, M|\n|poke|p1|Togekiss, F|\n|poke|p1|Deoxys-Defense|\n|poke|p1|Charizard, F|\n|poke|p2|Volcanion|\n|poke|p2|Zapdos|\n|poke|p2|Gallade, M|\n|poke|p2|Diancie|\n|poke|p2|Bisharp, F|\n|poke|p2|Flygon, F|\n|teampreview\n|inactive|Battle timer is ON: inactive players will automatically lose when time's up. (requested by savagewolf98420)\n|\n|t:|1699992799\n|start\n|switch|p1a: Charizard|Charizard, F|100\/100\n|switch|p2a: Bisharp|Bisharp, F|100\/100\n|turn|1\n|\n|t:|1699992809\n|switch|p2a: Flygon|Flygon, F|100\/100\n|detailschange|p1a: Charizard|Charizard-Mega-X, F\n|-mega|p1a: Charizard|Charizard|Charizardite X\n|move|p1a: Charizard|Swords Dance|p1a: Charizard\n|-boost|p1a: Charizard|atk|2\n|\n|upkeep\n|turn|2\n|\n|t:|1699992826\n|switch|p2a: Diancie|Diancie|100\/100\n|move|p1a: Charizard|Dragon Tail|p2a: Diancie\n|-immune|p2a: Diancie\n|\n|upkeep\n|turn|3\n|\n|t:|1699992840\n|switch|p1a: Jirachi|Jirachi|100\/100\n|move|p2a: Diancie|Power Gem|p1a: Jirachi\n|-resisted|p1a: Jirachi\n|-damage|p1a: Jirachi|81\/100\n|\n|upkeep\n|turn|4\n|\n|t:|1699992849\n|-terastallize|p2a: Diancie|Fire\n|move|p1a: Jirachi|Iron Head|p2a: Diancie\n|-resisted|p2a: Diancie\n|-damage|p2a: Diancie|86\/100\n|cant|p2a: Diancie|flinch\n|\n|upkeep\n|turn|5\n|\n|t:|1699992863\n|switch|p1a: Deoxys|Deoxys-Defense|100\/100\n|-ability|p1a: Deoxys|Pressure\n|move|p2a: Diancie|Mystical Fire|p1a: Deoxys\n|-damage|p1a: Deoxys|81\/100\n|-unboost|p1a: Deoxys|spa|1\n|\n|-heal|p1a: Deoxys|88\/100|[from] item: Leftovers\n|upkeep\n|turn|6\n|\n|t:|1699992875\n|switch|p2a: Bisharp|Bisharp, F|100\/100\n|move|p1a: Deoxys|Cosmic Power|p1a: Deoxys\n|-boost|p1a: Deoxys|def|1\n|-boost|p1a: Deoxys|spd|1\n|\n|-heal|p1a: Deoxys|94\/100|[from] item: Leftovers\n|upkeep\n|turn|7\n|\n|t:|1699992885\n|move|p2a: Bisharp|Sucker Punch||[still]\n|-fail|p2a: Bisharp\n|move|p1a: Deoxys|Cosmic Power|p1a: Deoxys\n|-boost|p1a: Deoxys|def|1\n|-boost|p1a: Deoxys|spd|1\n|\n|-heal|p1a: Deoxys|99\/100|[from] item: Leftovers\n|upkeep\n|turn|8\n|\n|t:|1699992893\n|move|p1a: Deoxys|Cosmic Power|p1a: Deoxys\n|-boost|p1a: Deoxys|def|1\n|-boost|p1a: Deoxys|spd|1\n|move|p2a: Bisharp|Swords Dance|p2a: Bisharp\n|-boost|p2a: Bisharp|atk|2\n|\n|-heal|p1a: Deoxys|100\/100|[from] item: Leftovers\n|upkeep\n|turn|9\n|\n|t:|1699992903\n|move|p1a: Deoxys|Seismic Toss|p2a: Bisharp\n|-damage|p2a: Bisharp|64\/100\n|move|p2a: Bisharp|Poison Jab|p1a: Deoxys\n|-damage|p1a: Deoxys|84\/100\n|\n|-heal|p1a: Deoxys|90\/100|[from] item: Leftovers\n|upkeep\n|turn|10\n|\n|t:|1699992913\n|move|p2a: Bisharp|Sucker Punch|p1a: Deoxys\n|-supereffective|p1a: Deoxys\n|-damage|p1a: Deoxys|41\/100\n|move|p1a: Deoxys|Seismic Toss|p2a: Bisharp\n|-damage|p2a: Bisharp|27\/100\n|\n|-heal|p1a: Deoxys|47\/100|[from] item: Leftovers\n|upkeep\n|turn|11\n|\n|t:|1699992922\n|move|p2a: Bisharp|Sucker Punch||[still]\n|-fail|p2a: Bisharp\n|move|p1a: Deoxys|Recover|p1a: Deoxys\n|-heal|p1a: Deoxys|97\/100\n|\n|-heal|p1a: Deoxys|100\/100|[from] item: Leftovers\n|upkeep\n|turn|12\n|\n|t:|1699992930\n|move|p1a: Deoxys|Cosmic Power|p1a: Deoxys\n|-boost|p1a: Deoxys|def|1\n|-boost|p1a: Deoxys|spd|1\n|move|p2a: Bisharp|Swords Dance|p2a: Bisharp\n|-boost|p2a: Bisharp|atk|2\n|\n|upkeep\n|turn|13\n|\n|t:|1699992945\n|move|p2a: Bisharp|Sucker Punch|p1a: Deoxys\n|-supereffective|p1a: Deoxys\n|-damage|p1a: Deoxys|39\/100\n|move|p1a: Deoxys|Seismic Toss|p2a: Bisharp\n|-damage|p2a: Bisharp|0 fnt\n|faint|p2a: Bisharp\n|\n|-heal|p1a: Deoxys|45\/100|[from] item: Leftovers\n|upkeep\n|inactive|Tsheezi has 120 seconds left.\n|\n|t:|1699993000\n|switch|p2a: Zapdos|Zapdos|100\/100\n|turn|14\n|\n|t:|1699993015\n|move|p2a: Zapdos|Hurricane|p1a: Deoxys\n|-damage|p1a: Deoxys|32\/100\n|-start|p1a: Deoxys|confusion\n|-activate|p1a: Deoxys|confusion\n|move|p1a: Deoxys|Recover|p1a: Deoxys\n|-heal|p1a: Deoxys|82\/100\n|\n|-heal|p1a: Deoxys|88\/100|[from] item: Leftovers\n|upkeep\n|turn|15\n|\n|t:|1699993028\n|move|p2a: Zapdos|Thunder|p1a: Deoxys\n|-damage|p1a: Deoxys|77\/100\n|-activate|p1a: Deoxys|confusion\n|move|p1a: Deoxys|Night Shade|p2a: Zapdos\n|-damage|p2a: Zapdos|74\/100\n|\n|-heal|p1a: Deoxys|83\/100|[from] item: Leftovers\n|upkeep\n|turn|16\n|inactive|Tsheezi has 120 seconds left.\n|\n|t:|1699993046\n|switch|p2a: Flygon|Flygon, F|100\/100\n|-end|p1a: Deoxys|confusion\n|move|p1a: Deoxys|Night Shade|p2a: Flygon\n|-damage|p2a: Flygon|73\/100\n|\n|-heal|p1a: Deoxys|89\/100|[from] item: Leftovers\n|upkeep\n|turn|17\n|\n|t:|1699993059\n|move|p2a: Flygon|Dragon Dance|p2a: Flygon\n|-boost|p2a: Flygon|atk|1\n|-boost|p2a: Flygon|spe|1\n|move|p1a: Deoxys|Seismic Toss|p2a: Flygon\n|-damage|p2a: Flygon|46\/100\n|\n|-heal|p1a: Deoxys|96\/100|[from] item: Leftovers\n|upkeep\n|turn|18\n|\n|t:|1699993070\n|move|p2a: Flygon|Dragon Dance|p2a: Flygon\n|-boost|p2a: Flygon|atk|1\n|-boost|p2a: Flygon|spe|1\n|move|p1a: Deoxys|Seismic Toss|p2a: Flygon\n|-damage|p2a: Flygon|18\/100\n|\n|-heal|p1a: Deoxys|100\/100|[from] item: Leftovers\n|upkeep\n|turn|19\n|inactive|Tsheezi has 120 seconds left.\n|\n|t:|1699993080\n|move|p2a: Flygon|Earthquake|p1a: Deoxys\n|-damage|p1a: Deoxys|81\/100\n|move|p1a: Deoxys|Seismic Toss|p2a: Flygon\n|-damage|p2a: Flygon|0 fnt\n|faint|p2a: Flygon\n|\n|-heal|p1a: Deoxys|87\/100|[from] item: Leftovers\n|upkeep\n|-message|Tsheezi forfeited.\n|\n|win|savagewolf98420\n|raw|savagewolf98420's rating: 1257 &rarr; <strong>1282<\/strong><br \/>(+25 for winning)\n|raw|Tsheezi's rating: 1261 &rarr; <strong>1236<\/strong><br \/>(-25 for losing)\n|l|\u2606Tsheezi\n","uploadtime":1699993095,"views":4,"p1id":"savagewolf98420","p2id":"tsheezi","formatid":"gen9nationaldex","rating":1236,"private":0,"password":""}