{"id":"gen9nationaldex-1995842078","p1":"MP1024","p2":"PM4201","format":"[Gen 9] National Dex","log":"|html|<div class=\"broadcast-blue\"><strong>[Gen 9] National Dex is currently suspecting Sneasler! For information on how to participate check out the <a href=\"https:\/\/www.smogon.com\/forums\/threads\/sv-national-dex-suspect-8-just-dance.3731534\/\">suspect thread<\/a>.<\/strong><\/div>\n|j|\u2606MP1024\n|j|\u2606PM4201\n|t:|1700608621\n|gametype|singles\n|player|p1|MP1024|scientist|\n|player|p2|PM4201|pokemonranger-gen4|\n|teamsize|p1|6\n|teamsize|p2|6\n|gen|9\n|tier|[Gen 9] National Dex\n|rule|HP Percentage Mod: HP is shown in percentages\n|rule|Endless Battle Clause: Forcing endless battles is banned\n|rule|OHKO Clause: OHKO moves are banned\n|rule|Evasion Clause: Evasion abilities, items, and moves are banned\n|rule|Evasion Abilities Clause: Evasion abilities are banned\n|rule|Evasion Items Clause: Evasion items are banned\n|rule|Evasion Moves Clause: Evasion moves are banned\n|rule|Species Clause: Limit one of each Pok\u00e9mon\n|rule|Sleep Clause Mod: Limit one foe put to sleep\n|clearpoke\n|poke|p1|Houndoom, F|\n|poke|p1|Farigiraf, M|\n|poke|p1|Hitmontop, M|\n|poke|p1|Azumarill, F|\n|poke|p1|Magmortar, M|\n|poke|p1|Skarmory, M|\n|poke|p2|Mr. Rime, M|\n|poke|p2|Polteageist-Antique|\n|poke|p2|Weezing-Galar, M|\n|poke|p2|Thievul, F|\n|poke|p2|Corviknight, M|\n|poke|p2|Perrserker, F|\n|teampreview\n|inactive|Battle timer is ON: inactive players will automatically lose when time's up. (requested by MP1024)\n|inactive|PM4201 has 270 seconds left.\n|\n|t:|1700608659\n|start\n|switch|p1a: Magmortar|Magmortar, M|100\/100\n|switch|p2a: Polteageist|Polteageist-Antique|100\/100\n|turn|1\n|\n|t:|1700608670\n|move|p1a: Magmortar|Heat Wave|p2a: Polteageist\n|-damage|p2a: Polteageist|23\/100\n|move|p2a: Polteageist|Shell Smash|p2a: Polteageist\n|-unboost|p2a: Polteageist|def|1\n|-unboost|p2a: Polteageist|spd|1\n|-boost|p2a: Polteageist|atk|2\n|-boost|p2a: Polteageist|spa|2\n|-boost|p2a: Polteageist|spe|2\n|-enditem|p2a: Polteageist|White Herb\n|-clearnegativeboost|p2a: Polteageist|[silent]\n|\n|upkeep\n|turn|2\n|\n|t:|1700608684\n|move|p2a: Polteageist|Shadow Ball|p1a: Magmortar\n|-damage|p1a: Magmortar|0 fnt\n|faint|p1a: Magmortar\n|\n|upkeep\n|\n|t:|1700608692\n|switch|p1a: Azumarill|Azumarill, F|100\/100\n|turn|3\n|\n|t:|1700608698\n|move|p1a: Azumarill|Aqua Jet|p2a: Polteageist\n|-damage|p2a: Polteageist|0 fnt\n|faint|p2a: Polteageist\n|-damage|p1a: Azumarill|91\/100|[from] item: Life Orb\n|\n|upkeep\n|\n|t:|1700608716\n|switch|p2a: Mr. Rime|Mr. Rime, M|100\/100\n|turn|4\n|\n|t:|1700608736\n|move|p2a: Mr. Rime|Dazzling Gleam|p1a: Azumarill\n|-damage|p1a: Azumarill|65\/100\n|move|p1a: Azumarill|Belly Drum|p1a: Azumarill\n|-damage|p1a: Azumarill|15\/100\n|-setboost|p1a: Azumarill|atk|6|[from] move: Belly Drum\n|\n|upkeep\n|turn|5\n|\n|t:|1700608746\n|-terastallize|p1a: Azumarill|Water\n|move|p1a: Azumarill|Aqua Jet|p2a: Mr. Rime\n|-damage|p2a: Mr. Rime|0 fnt\n|faint|p2a: Mr. Rime\n|-damage|p1a: Azumarill|5\/100|[from] item: Life Orb\n|\n|upkeep\n|inactive|PM4201 has 270 seconds left.\n|\n|t:|1700608761\n|switch|p2a: Weezing|Weezing-Galar, M|100\/100\n|-fieldstart|move: Misty Terrain|[from] ability: Misty Surge|[of] p2a: Weezing\n|turn|6\n|\n|t:|1700608769\n|move|p1a: Azumarill|Aqua Jet|p2a: Weezing\n|-damage|p2a: Weezing|0 fnt\n|faint|p2a: Weezing\n|-damage|p1a: Azumarill|0 fnt|[from] item: Life Orb\n|faint|p1a: Azumarill\n|\n|upkeep\n|inactive|PM4201 has 270 seconds left.\n|\n|t:|1700608785\n|switch|p2a: Perrserker|Perrserker, F|100\/100\n|switch|p1a: Houndoom|Houndoom, F|100\/100\n|-ability|p1a: Houndoom|Unnerve\n|turn|7\n|inactive|PM4201 has 270 seconds left.\n|\n|t:|1700608800\n|detailschange|p1a: Houndoom|Houndoom-Mega, F\n|-mega|p1a: Houndoom|Houndoom|Houndoominite\n|move|p1a: Houndoom|Flamethrower|p2a: Perrserker\n|-supereffective|p2a: Perrserker\n|-damage|p2a: Perrserker|0 fnt\n|faint|p2a: Perrserker\n|\n|upkeep\n|inactive|PM4201 has 270 seconds left.\n|\n|t:|1700608807\n|switch|p2a: Thievul|Thievul, F|100\/100\n|turn|8\n|\n|t:|1700608814\n|move|p1a: Houndoom|Flamethrower|p2a: Thievul\n|-damage|p2a: Thievul|34\/100\n|move|p2a: Thievul|Nasty Plot|p2a: Thievul\n|-boost|p2a: Thievul|spa|2\n|\n|upkeep\n|turn|9\n|\n|t:|1700608823\n|move|p1a: Houndoom|Sludge Bomb|p2a: Thievul\n|-damage|p2a: Thievul|0 fnt\n|faint|p2a: Thievul\n|\n|upkeep\n|\n|t:|1700608828\n|switch|p2a: Corviknight|Corviknight, M|100\/100\n|-ability|p2a: Corviknight|Pressure\n|turn|10\n|\n|t:|1700608838\n|move|p1a: Houndoom|Nasty Plot|p1a: Houndoom\n|-boost|p1a: Houndoom|spa|2\n|move|p2a: Corviknight|Bulk Up|p2a: Corviknight\n|-boost|p2a: Corviknight|atk|1\n|-boost|p2a: Corviknight|def|1\n|\n|-fieldend|Misty Terrain\n|upkeep\n|turn|11\n|\n|t:|1700608849\n|-terastallize|p2a: Corviknight|Flying\n|move|p1a: Houndoom|Flamethrower|p2a: Corviknight\n|-damage|p2a: Corviknight|37\/100\n|move|p2a: Corviknight|Bulk Up|p2a: Corviknight\n|-boost|p2a: Corviknight|atk|1\n|-boost|p2a: Corviknight|def|1\n|\n|-heal|p2a: Corviknight|43\/100|[from] item: Leftovers\n|upkeep\n|turn|12\n|\n|t:|1700608861\n|move|p1a: Houndoom|Dark Pulse|p2a: Corviknight\n|-damage|p2a: Corviknight|0 fnt\n|faint|p2a: Corviknight\n|\n|win|MP1024\n","uploadtime":1700608867,"views":0,"p1id":"mp1024","p2id":"pm4201","formatid":"gen9nationaldex","rating":0,"private":0,"password":""}