{"id":"gen9nationaldex-1992473509","p1":"WSxiaoan","p2":"yakuza0KUZA","format":"[Gen 9] National Dex","log":"|j|\u2606WSxiaoan\n|j|\u2606yakuza0KUZA\n|t:|1700191944\n|gametype|singles\n|player|p1|WSxiaoan|bruno|1068\n|player|p2|yakuza0KUZA|cheren-gen5bw2|1072\n|teamsize|p1|6\n|teamsize|p2|6\n|gen|9\n|tier|[Gen 9] National Dex\n|rated|\n|rule|HP Percentage Mod: HP is shown in percentages\n|rule|Endless Battle Clause: Forcing endless battles is banned\n|rule|OHKO Clause: OHKO moves are banned\n|rule|Evasion Clause: Evasion abilities, items, and moves are banned\n|rule|Evasion Abilities Clause: Evasion abilities are banned\n|rule|Evasion Items Clause: Evasion items are banned\n|rule|Evasion Moves Clause: Evasion moves are banned\n|rule|Species Clause: Limit one of each Pok\u00e9mon\n|rule|Sleep Clause Mod: Limit one foe put to sleep\n|clearpoke\n|poke|p1|Goodra-Hisui, M|\n|poke|p1|Glimmora, F|\n|poke|p1|Sneasler, M|\n|poke|p1|Pinsir, M|\n|poke|p1|Dragonite, M|\n|poke|p1|Persian, M|\n|poke|p2|Cinccino, F|\n|poke|p2|Smeargle, F|\n|poke|p2|Indeedee-F, F|\n|poke|p2|Ditto|\n|poke|p2|Komala, M|\n|poke|p2|Bibarel, M|\n|teampreview\n|\n|t:|1700191959\n|start\n|switch|p1a: Glimmora|Glimmora, F|100\/100\n|switch|p2a: Alkene|Smeargle, F|100\/100\n|turn|1\n|inactive|Battle timer is ON: inactive players will automatically lose when time's up. (requested by yakuza0KUZA)\n|\n|t:|1700191984\n|move|p1a: Glimmora|Power Gem|p2a: Alkene\n|-enditem|p2a: Alkene|Focus Sash\n|-damage|p2a: Alkene|1\/100\n|move|p2a: Alkene|Spore|p1a: Glimmora\n|-status|p1a: Glimmora|slp|[from] move: Spore\n|\n|upkeep\n|turn|2\n|\n|t:|1700191992\n|switch|p1a: Goodra|Goodra-Hisui, M|100\/100\n|move|p2a: Alkene|Sticky Web|p1a: Goodra\n|-sidestart|p1: WSxiaoan|move: Sticky Web\n|\n|upkeep\n|turn|3\n|\n|t:|1700192001\n|move|p2a: Alkene|Destiny Bond|p2a: Alkene\n|-singlemove|p2a: Alkene|Destiny Bond\n|move|p1a: Goodra|Flamethrower|p2a: Alkene\n|-damage|p2a: Alkene|0 fnt\n|faint|p2a: Alkene\n|-activate|p2a: Alkene|move: Destiny Bond\n|faint|p1a: Goodra\n|\n|upkeep\n|\n|t:|1700192013\n|switch|p2a: Ketone|Komala, M|100\/100\n|switch|p1a: Glimmora|Glimmora, F|100\/100 slp\n|-activate|p1a: Glimmora|move: Sticky Web\n|-unboost|p1a: Glimmora|spe|1\n|-ability|p2a: Ketone|Comatose\n|turn|4\n|inactive|WSxiaoan has 120 seconds left.\n|\n|t:|1700192051\n|cant|p1a: Glimmora|slp\n|move|p2a: Ketone|Sleep Talk|p2a: Ketone\n|move|p2a: Ketone|Last Resort|p1a: Glimmora|[from]move: Sleep Talk\n|-resisted|p1a: Glimmora\n|-damage|p1a: Glimmora|30\/100 slp\n|-activate|p1a: Glimmora|ability: Toxic Debris\n|-sidestart|p2: yakuza0KUZA|move: Toxic Spikes\n|\n|upkeep\n|turn|5\n|inactive|WSxiaoan has 120 seconds left.\n|\n|t:|1700192060\n|cant|p1a: Glimmora|slp\n|move|p2a: Ketone|Sleep Talk|p2a: Ketone\n|move|p2a: Ketone|Last Resort|p1a: Glimmora|[from]move: Sleep Talk\n|-resisted|p1a: Glimmora\n|-damage|p1a: Glimmora|0 fnt\n|-activate|p1a: Glimmora|ability: Toxic Debris\n|-sidestart|p2: yakuza0KUZA|move: Toxic Spikes\n|faint|p1a: Glimmora\n|\n|upkeep\n|inactive|WSxiaoan has 120 seconds left.\n|\n|t:|1700192077\n|switch|p1a: Persian|Persian, M|100\/100\n|-activate|p1a: Persian|move: Sticky Web\n|-unboost|p1a: Persian|spe|1\n|turn|6\n|\n|t:|1700192083\n|-terastallize|p1a: Persian|Normal\n|move|p1a: Persian|Fake Out|p2a: Ketone\n|-damage|p2a: Ketone|40\/100\n|-damage|p1a: Persian|91\/100|[from] item: Life Orb\n|cant|p2a: Ketone|flinch\n|\n|upkeep\n|turn|7\n|inactive|WSxiaoan has 120 seconds left.\n|\n|t:|1700192092\n|move|p1a: Persian|Feint|p2a: Ketone\n|-damage|p2a: Ketone|0 fnt\n|faint|p2a: Ketone\n|-damage|p1a: Persian|81\/100|[from] item: Life Orb\n|\n|upkeep\n|\n|t:|1700192103\n|switch|p2a: Freddy Fastbear|Bibarel, M|100\/100\n|-status|p2a: Freddy Fastbear|tox\n|turn|8\n|\n|t:|1700192115\n|move|p1a: Persian|Feint|p2a: Freddy Fastbear\n|-damage|p2a: Freddy Fastbear|60\/100 tox\n|-damage|p1a: Persian|71\/100|[from] item: Life Orb\n|move|p2a: Freddy Fastbear|Swords Dance|p2a: Freddy Fastbear\n|-boost|p2a: Freddy Fastbear|atk|4\n|\n|-damage|p2a: Freddy Fastbear|54\/100 tox|[from] psn\n|upkeep\n|turn|9\n|\n|t:|1700192125\n|move|p2a: Freddy Fastbear|Aqua Jet|p1a: Persian\n|-damage|p1a: Persian|0 fnt\n|faint|p1a: Persian\n|-damage|p2a: Freddy Fastbear|45\/100 tox|[from] item: Life Orb\n|\n|-damage|p2a: Freddy Fastbear|33\/100 tox|[from] psn\n|upkeep\n|inactive|WSxiaoan has 120 seconds left.\n|inactive|WSxiaoan has 90 seconds left.\n|inactive|WSxiaoan has 60 seconds left.\n|inactive|WSxiaoan has 30 seconds left.\n|inactive|WSxiaoan has 20 seconds left.\n|inactive|WSxiaoan has 15 seconds left.\n|inactive|WSxiaoan has 10 seconds left.\n|inactive|WSxiaoan has 5 seconds left.\n|-message|WSxiaoan lost due to inactivity.\n|\n|win|yakuza0KUZA\n|raw|WSxiaoan's rating: 1068 &rarr; <strong>1048<\/strong><br \/>(-20 for losing)\n|raw|yakuza0KUZA's rating: 1072 &rarr; <strong>1101<\/strong><br \/>(+29 for winning)\n","uploadtime":1700192267,"views":16,"p1id":"wsxiaoan","p2id":"yakuza0kuza","formatid":"gen9nationaldex","rating":1048,"private":0,"password":""}