{"id":"gen9nationaldex-1988334906","p1":"timehux","p2":"Dezjaws","format":"[Gen 9] National Dex","log":"|j|\u2606timehux\n|j|\u2606Dezjaws\n|t:|1699710233\n|gametype|singles\n|player|p1|timehux|plasmagrunt-gen5bw|\n|player|p2|Dezjaws|ghetsis|\n|teamsize|p1|6\n|teamsize|p2|6\n|gen|9\n|tier|[Gen 9] National Dex\n|rule|HP Percentage Mod: HP is shown in percentages\n|rule|Endless Battle Clause: Forcing endless battles is banned\n|rule|OHKO Clause: OHKO moves are banned\n|rule|Evasion Clause: Evasion abilities, items, and moves are banned\n|rule|Evasion Abilities Clause: Evasion abilities are banned\n|rule|Evasion Items Clause: Evasion items are banned\n|rule|Evasion Moves Clause: Evasion moves are banned\n|rule|Species Clause: Limit one of each Pok\u00e9mon\n|rule|Sleep Clause Mod: Limit one foe put to sleep\n|clearpoke\n|poke|p1|Mawile, M|\n|poke|p1|Iron Hands|\n|poke|p1|Hatterene, F|\n|poke|p1|Ursaluna, M|\n|poke|p1|Bronzong|\n|poke|p1|Exeggutor-Alola, M|\n|poke|p2|Ninetales-Alola, F|\n|poke|p2|Scizor, F|\n|poke|p2|Greninja-*, M|\n|poke|p2|Zapdos|\n|poke|p2|Clodsire, F|\n|poke|p2|Ditto|\n|teampreview\n|\n|t:|1699710267\n|start\n|switch|p1a: Bronzong|Bronzong|100\/100\n|switch|p2a: Amphinobie|Greninja, M|100\/100\n|turn|1\n|\n|t:|1699710279\n|move|p2a: Amphinobie|Dark Pulse|p1a: Bronzong\n|-start|p2a: Amphinobie|typechange|Dark|[from] ability: Protean\n|-supereffective|p1a: Bronzong\n|-damage|p1a: Bronzong|19\/100\n|move|p1a: Bronzong|Trick Room|p1a: Bronzong\n|-fieldstart|move: Trick Room|[of] p1a: Bronzong\n|\n|-heal|p1a: Bronzong|25\/100|[from] item: Leftovers\n|upkeep\n|turn|2\n|\n|t:|1699710295\n|switch|p1a: Mawile|Mawile, M|100\/100\n|-ability|p1a: Mawile|Intimidate|boost\n|-unboost|p2a: Amphinobie|atk|1\n|switch|p2a: M\u00e9tamorph|Ditto|100\/100\n|-transform|p2a: M\u00e9tamorph|p1a: Mawile|[from] ability: Imposter\n|-ability|p2a: M\u00e9tamorph|Intimidate|boost\n|-unboost|p1a: Mawile|atk|1\n|\n|upkeep\n|turn|3\n|\n|t:|1699710309\n|switch|p2a: \u00c9lecthor|Zapdos|100\/100\n|detailschange|p1a: Mawile|Mawile-Mega, M\n|-mega|p1a: Mawile|Mawile|Mawilite\n|move|p1a: Mawile|Iron Head|p2a: \u00c9lecthor\n|-resisted|p2a: \u00c9lecthor\n|-damage|p2a: \u00c9lecthor|82\/100\n|\n|upkeep\n|turn|4\n|\n|t:|1699710324\n|switch|p1a: Exeggutor|Exeggutor-Alola, M|100\/100\n|-item|p2a: \u00c9lecthor|Heavy-Duty Boots|[from] ability: Frisk|[of] p1a: Exeggutor|[identify]\n|move|p2a: \u00c9lecthor|Heat Wave|p1a: Exeggutor\n|-damage|p1a: Exeggutor|72\/100\n|\n|upkeep\n|turn|5\n|\n|t:|1699710334\n|switch|p2a: Terraiste|Clodsire, F|100\/100\n|move|p1a: Exeggutor|Draco Meteor|p2a: Terraiste\n|-damage|p2a: Terraiste|61\/100\n|-unboost|p1a: Exeggutor|spa|2\n|\n|-heal|p2a: Terraiste|68\/100|[from] item: Leftovers\n|-fieldend|move: Trick Room\n|upkeep\n|turn|6\n|\n|t:|1699710346\n|move|p2a: Terraiste|Earthquake|p1a: Exeggutor\n|-resisted|p1a: Exeggutor\n|-damage|p1a: Exeggutor|58\/100\n|move|p1a: Exeggutor|Trick Room|p1a: Exeggutor\n|-fieldstart|move: Trick Room|[of] p1a: Exeggutor\n|\n|-heal|p2a: Terraiste|74\/100|[from] item: Leftovers\n|upkeep\n|turn|7\n|\n|t:|1699710358\n|switch|p1a: Hatterene|Hatterene, F|100\/100\n|move|p2a: Terraiste|Stealth Rock|p1a: Hatterene\n|move|p1a: Hatterene|Stealth Rock|p2a: Terraiste|[from]ability: Magic Bounce\n|-sidestart|p2: Dezjaws|move: Stealth Rock\n|\n|-heal|p2a: Terraiste|80\/100|[from] item: Leftovers\n|upkeep\n|turn|8\n|\n|t:|1699710372\n|-terastallize|p2a: Terraiste|Steel\n|move|p2a: Terraiste|Earthquake|p1a: Hatterene\n|-damage|p1a: Hatterene|78\/100\n|move|p1a: Hatterene|Draining Kiss|p2a: Terraiste\n|-resisted|p2a: Terraiste\n|-damage|p2a: Terraiste|74\/100\n|-heal|p1a: Hatterene|84\/100|[from] drain|[of] p2a: Terraiste\n|\n|-heal|p2a: Terraiste|81\/100|[from] item: Leftovers\n|upkeep\n|turn|9\n|\n|t:|1699710384\n|move|p2a: Terraiste|Earthquake|p1a: Hatterene\n|-damage|p1a: Hatterene|59\/100\n|move|p1a: Hatterene|Mystical Fire|p2a: Terraiste\n|-supereffective|p2a: Terraiste\n|-damage|p2a: Terraiste|55\/100\n|-unboost|p2a: Terraiste|spa|1\n|\n|-heal|p2a: Terraiste|61\/100|[from] item: Leftovers\n|upkeep\n|turn|10\n|\n|t:|1699710399\n|switch|p1a: Exeggutor|Exeggutor-Alola, M|58\/100\n|-item|p2a: Terraiste|Leftovers|[from] ability: Frisk|[of] p1a: Exeggutor|[identify]\n|move|p2a: Terraiste|Earthquake|p1a: Exeggutor\n|-resisted|p1a: Exeggutor\n|-damage|p1a: Exeggutor|45\/100\n|\n|-heal|p2a: Terraiste|68\/100|[from] item: Leftovers\n|-fieldend|move: Trick Room\n|upkeep\n|turn|11\n|\n|t:|1699710409\n|move|p1a: Exeggutor|Flamethrower|p2a: Terraiste\n|-supereffective|p2a: Terraiste\n|-damage|p2a: Terraiste|35\/100\n|move|p2a: Terraiste|Recover|p2a: Terraiste\n|-heal|p2a: Terraiste|85\/100\n|\n|-heal|p2a: Terraiste|91\/100|[from] item: Leftovers\n|upkeep\n|turn|12\n|\n|t:|1699710419\n|move|p1a: Exeggutor|Flamethrower|p2a: Terraiste\n|-supereffective|p2a: Terraiste\n|-damage|p2a: Terraiste|58\/100\n|move|p2a: Terraiste|Stealth Rock|p1a: Exeggutor\n|-sidestart|p1: timehux|move: Stealth Rock\n|\n|-heal|p2a: Terraiste|65\/100|[from] item: Leftovers\n|upkeep\n|turn|13\n|\n|t:|1699710428\n|move|p1a: Exeggutor|Flamethrower|p2a: Terraiste\n|-supereffective|p2a: Terraiste\n|-damage|p2a: Terraiste|29\/100\n|move|p2a: Terraiste|Recover|p2a: Terraiste\n|-heal|p2a: Terraiste|79\/100\n|\n|-heal|p2a: Terraiste|85\/100|[from] item: Leftovers\n|upkeep\n|turn|14\n|\n|t:|1699710439\n|switch|p1a: Ursaluna|Ursaluna, M|100\/100\n|-damage|p1a: Ursaluna|94\/100|[from] Stealth Rock\n|move|p2a: Terraiste|Earthquake|p1a: Ursaluna\n|-damage|p1a: Ursaluna|76\/100\n|\n|-heal|p2a: Terraiste|91\/100|[from] item: Leftovers\n|-status|p1a: Ursaluna|brn|[from] item: Flame Orb\n|upkeep\n|turn|15\n|\n|t:|1699710453\n|switch|p2a: \u00c9lecthor|Zapdos|82\/100\n|move|p1a: Ursaluna|Headlong Rush|p2a: \u00c9lecthor\n|-immune|p2a: \u00c9lecthor\n|\n|-damage|p1a: Ursaluna|70\/100 brn|[from] brn\n|upkeep\n|turn|16\n|\n|t:|1699710462\n|switch|p1a: Hatterene|Hatterene, F|59\/100\n|-damage|p1a: Hatterene|46\/100|[from] Stealth Rock\n|move|p2a: \u00c9lecthor|Defog|p1a: Hatterene\n|move|p1a: Hatterene|Defog|p2a: \u00c9lecthor|[from]ability: Magic Bounce\n|-unboost|p2a: \u00c9lecthor|evasion|1\n|-sideend|p2: Dezjaws|Stealth Rock|[from] move: Defog|[of] p1a: Hatterene\n|-sideend|p1: timehux|Stealth Rock|[from] move: Defog|[of] p1a: Hatterene\n|\n|upkeep\n|turn|17\n|\n|t:|1699710472\n|move|p2a: \u00c9lecthor|Volt Switch|p1a: Hatterene\n|-damage|p1a: Hatterene|17\/100\n|\n|t:|1699710478\n|switch|p2a: Terraiste|Clodsire, F, tera:Steel|91\/100|[from] Volt Switch\n|move|p1a: Hatterene|Trick Room|p1a: Hatterene\n|-fieldstart|move: Trick Room|[of] p1a: Hatterene\n|\n|-heal|p2a: Terraiste|98\/100|[from] item: Leftovers\n|upkeep\n|turn|18\n|\n|t:|1699710486\n|switch|p1a: Ursaluna|Ursaluna, M|70\/100 brn\n|move|p2a: Terraiste|Earthquake|p1a: Ursaluna\n|-damage|p1a: Ursaluna|52\/100 brn\n|\n|-heal|p2a: Terraiste|100\/100|[from] item: Leftovers\n|-damage|p1a: Ursaluna|45\/100 brn|[from] brn\n|upkeep\n|turn|19\n|\n|t:|1699710501\n|switch|p2a: \u00c9lecthor|Zapdos|82\/100\n|move|p1a: Ursaluna|Close Combat|p2a: \u00c9lecthor\n|-resisted|p2a: \u00c9lecthor\n|-damage|p2a: \u00c9lecthor|56\/100\n|-unboost|p1a: Ursaluna|def|1\n|-unboost|p1a: Ursaluna|spd|1\n|\n|-damage|p1a: Ursaluna|39\/100 brn|[from] brn\n|upkeep\n|turn|20\n|\n|t:|1699710512\n|move|p1a: Ursaluna|Facade|p2a: \u00c9lecthor\n|-damage|p2a: \u00c9lecthor|0 fnt\n|faint|p2a: \u00c9lecthor\n|\n|-damage|p1a: Ursaluna|33\/100 brn|[from] brn\n|upkeep\n|\n|t:|1699710519\n|switch|p2a: Feunard|Ninetales-Alola, F|100\/100\n|-weather|Snow|[from] ability: Snow Warning|[of] p2a: Feunard\n|turn|21\n|\n|t:|1699710528\n|move|p1a: Ursaluna|Facade|p2a: Feunard\n|-damage|p2a: Feunard|0 fnt\n|faint|p2a: Feunard\n|\n|-weather|Snow|[upkeep]\n|-damage|p1a: Ursaluna|27\/100 brn|[from] brn\n|-fieldend|move: Trick Room\n|upkeep\n|\n|t:|1699710535\n|switch|p2a: Cizayox|Scizor, F|100\/100\n|turn|22\n|\n|t:|1699710542\n|switch|p1a: Iron Hands|Iron Hands|100\/100\n|detailschange|p2a: Cizayox|Scizor-Mega, F\n|-mega|p2a: Cizayox|Scizor|Scizorite\n|move|p2a: Cizayox|Close Combat|p1a: Iron Hands\n|-damage|p1a: Iron Hands|68\/100\n|-unboost|p2a: Cizayox|def|1\n|-unboost|p2a: Cizayox|spd|1\n|\n|-weather|Snow|[upkeep]\n|upkeep\n|turn|23\n|\n|t:|1699710557\n|-end|p1a: Iron Hands|Quark Drive|[silent]\n|switch|p1a: Bronzong|Bronzong|25\/100\n|move|p2a: Cizayox|U-turn|p1a: Bronzong\n|-damage|p1a: Bronzong|0 fnt\n|faint|p1a: Bronzong\n|\n|t:|1699710563\n|switch|p2a: Amphinobie|Greninja, M|100\/100|[from] U-turn\n|\n|-weather|Snow|[upkeep]\n|upkeep\n|\n|t:|1699710574\n|switch|p1a: Mawile|Mawile-Mega, M|100\/100\n|turn|24\n|\n|t:|1699710579\n|move|p2a: Amphinobie|Surf|p1a: Mawile\n|-start|p2a: Amphinobie|typechange|Water|[from] ability: Protean\n|-damage|p1a: Mawile|27\/100\n|move|p1a: Mawile|Play Rough|p2a: Amphinobie\n|-damage|p2a: Amphinobie|0 fnt\n|faint|p2a: Amphinobie\n|\n|-weather|Snow|[upkeep]\n|upkeep\n|\n|t:|1699710590\n|switch|p2a: Cizayox|Scizor-Mega, F|100\/100\n|turn|25\n|\n|t:|1699710603\n|move|p2a: Cizayox|Close Combat|p1a: Mawile\n|-damage|p1a: Mawile|0 fnt\n|-unboost|p2a: Cizayox|def|1\n|-unboost|p2a: Cizayox|spd|1\n|faint|p1a: Mawile\n|\n|-weather|none\n|upkeep\n|\n|t:|1699710617\n|switch|p1a: Exeggutor|Exeggutor-Alola, M|45\/100\n|-item|p2a: Cizayox|Scizorite|[from] ability: Frisk|[of] p1a: Exeggutor|[identify]\n|turn|26\n|\n|t:|1699710628\n|move|p2a: Cizayox|Close Combat|p1a: Exeggutor\n|-damage|p1a: Exeggutor|0 fnt\n|-unboost|p2a: Cizayox|def|1\n|-unboost|p2a: Cizayox|spd|1\n|faint|p1a: Exeggutor\n|\n|upkeep\n|c|\u2606timehux|gg\n|\n|t:|1699710638\n|switch|p1a: Iron Hands|Iron Hands|68\/100\n|turn|27\n|\n|t:|1699710644\n|-terastallize|p1a: Iron Hands|Flying\n|move|p2a: Cizayox|U-turn|p1a: Iron Hands\n|-resisted|p1a: Iron Hands\n|-damage|p1a: Iron Hands|55\/100\n|\n|t:|1699710650\n|switch|p2a: M\u00e9tamorph|Ditto|100\/100|[from] U-turn\n|-transform|p2a: M\u00e9tamorph|p1a: Iron Hands|[from] ability: Imposter\n|move|p1a: Iron Hands|Drain Punch|p2a: M\u00e9tamorph\n|-damage|p2a: M\u00e9tamorph|44\/100\n|-heal|p1a: Iron Hands|72\/100|[from] drain|[of] p2a: M\u00e9tamorph\n|\n|upkeep\n|-start|p2a: M\u00e9tamorph|typechange|Fighting\/Electric|[silent]\n|turn|28\n|\n|t:|1699710661\n|move|p2a: M\u00e9tamorph|Thunder Punch|p1a: Iron Hands\n|-supereffective|p1a: Iron Hands\n|-damage|p1a: Iron Hands|13\/100\n|move|p1a: Iron Hands|Drain Punch|p2a: M\u00e9tamorph\n|-damage|p2a: M\u00e9tamorph|0 fnt\n|-heal|p1a: Iron Hands|26\/100|[from] drain|[of] p2a: M\u00e9tamorph\n|faint|p2a: M\u00e9tamorph\n|-end|p2a: M\u00e9tamorph|Quark Drive|[silent]\n|\n|upkeep\n|\n|t:|1699710671\n|switch|p2a: Cizayox|Scizor-Mega, F|100\/100\n|turn|29\n|\n|t:|1699710675\n|move|p2a: Cizayox|Bullet Punch|p1a: Iron Hands\n|-damage|p1a: Iron Hands|0 fnt\n|faint|p1a: Iron Hands\n|-end|p1a: Iron Hands|Quark Drive|[silent]\n|\n|upkeep\n|\n|t:|1699710682\n|switch|p1a: Ursaluna|Ursaluna, M|27\/100 brn\n|turn|30\n|\n|t:|1699710685\n|move|p2a: Cizayox|Close Combat|p1a: Ursaluna\n|-supereffective|p1a: Ursaluna\n|-damage|p1a: Ursaluna|0 fnt\n|-unboost|p2a: Cizayox|def|1\n|-unboost|p2a: Cizayox|spd|1\n|faint|p1a: Ursaluna\n|\n|upkeep\n|\n|t:|1699710691\n|switch|p1a: Hatterene|Hatterene, F|17\/100\n|turn|31\n|\n|t:|1699710697\n|move|p2a: Cizayox|U-turn|p1a: Hatterene\n|-damage|p1a: Hatterene|0 fnt\n|faint|p1a: Hatterene\n|\n|win|Dezjaws\n|c|\u2606timehux|gg\n|c|\u2606timehux|moi j'y go pas besoin de relancer\n|l|\u2606timehux\n","uploadtime":1699710707,"views":5,"p1id":"timehux","p2id":"dezjaws","formatid":"gen9nationaldex","rating":0,"private":0,"password":""}