{"id":"gen9nationaldex-1998527505","p1":"Sai4rr","p2":"RARMolina","format":"[Gen 9] National Dex","log":"|html|<div class=\"broadcast-blue\"><strong>[Gen 9] National Dex is currently suspecting Sneasler! For information on how to participate check out the <a href=\"https:\/\/www.smogon.com\/forums\/threads\/sv-national-dex-suspect-8-just-dance.3731534\/\">suspect thread<\/a>.<\/strong><\/div>\n|j|\u2606Sai4rr\n|j|\u2606RARMolina\n|t:|1700952502\n|gametype|singles\n|player|p1|Sai4rr|irida|\n|player|p2|RARMolina|phorus-unite|\n|teamsize|p1|6\n|teamsize|p2|6\n|gen|9\n|tier|[Gen 9] National Dex\n|rule|HP Percentage Mod: HP is shown in percentages\n|rule|Endless Battle Clause: Forcing endless battles is banned\n|rule|OHKO Clause: OHKO moves are banned\n|rule|Evasion Clause: Evasion abilities, items, and moves are banned\n|rule|Evasion Abilities Clause: Evasion abilities are banned\n|rule|Evasion Items Clause: Evasion items are banned\n|rule|Evasion Moves Clause: Evasion moves are banned\n|rule|Species Clause: Limit one of each Pok\u00e9mon\n|rule|Sleep Clause Mod: Limit one foe put to sleep\n|clearpoke\n|poke|p1|Sneasler, F|\n|poke|p1|Cinderace, F|\n|poke|p1|Tapu Koko|\n|poke|p1|Charizard, M|\n|poke|p1|Grimmsnarl, M|\n|poke|p1|Mandibuzz, F|\n|poke|p2|Empoleon, M|\n|poke|p2|Garchomp, M|\n|poke|p2|Pelipper, M|\n|poke|p2|Jellicent, F|\n|poke|p2|Golisopod, M|\n|poke|p2|Swampert, F|\n|teampreview\n|l|\u2606RARMolina\n|player|p2|\n|j| lolowtf09\n|c|\u2606Sai4rr|Buena suerte\n|c|\u2606Sai4rr|Molina GOD\n|j|\u2606RARMolina\n|player|p2|RARMolina|phorus-unite\n|c| lolowtf09|golisodeidad carrea\n|\n|t:|1700952553\n|start\n|switch|p1a: Koko|Tapu Koko, shiny|100\/100\n|switch|p2a: Weater report|Pelipper, M|100\/100\n|-fieldstart|move: Electric Terrain|[from] ability: Electric Surge|[of] p1a: Koko\n|-item|p1a: Koko|Air Balloon\n|-weather|RainDance|[from] ability: Drizzle|[of] p2a: Weater report\n|turn|1\n|\n|t:|1700952562\n|switch|p2a: Jatziri|Swampert, F|100\/100\n|move|p1a: Koko|Volt Switch|p2a: Jatziri\n|-immune|p2a: Jatziri\n|\n|-weather|RainDance|[upkeep]\n|upkeep\n|turn|2\n|l| lolowtf09\n|\n|t:|1700952587\n|switch|p1a: Ori\u00f3n|Grimmsnarl, M, shiny|100\/100\n|detailschange|p2a: Jatziri|Swampert-Mega, F\n|-mega|p2a: Jatziri|Swampert|Swampertite\n|move|p2a: Jatziri|Flip Turn|p1a: Ori\u00f3n\n|-damage|p1a: Ori\u00f3n|39\/100\n|j| Sylveon(404)\n|c| Sylveon(404)|pasen link\n|c| Sylveon(404)|no sean mamones\n|\n|t:|1700952604\n|switch|p2a: Poseidon|Empoleon, M|100\/100|[from] Flip Turn\n|\n|-weather|RainDance|[upkeep]\n|upkeep\n|turn|3\n|\n|t:|1700952611\n|move|p1a: Ori\u00f3n|Reflect|p1a: Ori\u00f3n\n|-sidestart|p1: Sai4rr|Reflect\n|move|p2a: Poseidon|Agility|p2a: Poseidon\n|-boost|p2a: Poseidon|spe|2\n|\n|-weather|RainDance|[upkeep]\n|upkeep\n|turn|4\n|\n|t:|1700952621\n|move|p1a: Ori\u00f3n|Light Screen|p1a: Ori\u00f3n\n|-sidestart|p1: Sai4rr|move: Light Screen\n|move|p2a: Poseidon|Surf|p1a: Ori\u00f3n\n|-damage|p1a: Ori\u00f3n|14\/100\n|\n|-weather|RainDance|[upkeep]\n|upkeep\n|turn|5\n|\n|t:|1700952628\n|move|p1a: Ori\u00f3n|Parting Shot|p2a: Poseidon\n|-unboost|p2a: Poseidon|atk|1\n|-ability|p2a: Poseidon|Competitive|boost\n|-boost|p2a: Poseidon|spa|2\n|-unboost|p2a: Poseidon|spa|1\n|-ability|p2a: Poseidon|Competitive|boost\n|-boost|p2a: Poseidon|spa|2\n|c| Sylveon(404)|UFFFFFFFFFF\n|c|\u2606RARMolina|Jejeje\n|\n|t:|1700952659\n|switch|p1a: La veneno|Sneasler, F, shiny|100\/100|[from] Parting Shot\n|-enditem|p1a: La veneno|Electric Seed\n|-boost|p1a: La veneno|def|1|[from] item: Electric Seed\n|move|p2a: Poseidon|Agility|p2a: Poseidon\n|-boost|p2a: Poseidon|spe|2\n|\n|-weather|RainDance|[upkeep]\n|-fieldend|move: Electric Terrain\n|upkeep\n|turn|6\n|\n|t:|1700952672\n|move|p1a: La veneno|Close Combat|p2a: Poseidon\n|-supereffective|p2a: Poseidon\n|-damage|p2a: Poseidon|0 fnt\n|-unboost|p1a: La veneno|def|1\n|-unboost|p1a: La veneno|spd|1\n|faint|p2a: Poseidon\n|\n|-weather|RainDance|[upkeep]\n|upkeep\n|c| Sylveon(404)|molina\n|\n|t:|1700952679\n|switch|p2a: Srta. Tess|Jellicent, F|100\/100\n|turn|7\n|c| Sylveon(404)|no te pases de abusivo\n|\n|t:|1700952687\n|move|p1a: La veneno|Dire Claw|p2a: Srta. Tess\n|-resisted|p2a: Srta. Tess\n|-crit|p2a: Srta. Tess\n|-damage|p2a: Srta. Tess|69\/100\n|-start|p1a: La veneno|Disable|Dire Claw|[from] ability: Cursed Body|[of] p2a: Srta. Tess\n|move|p2a: Srta. Tess|Scald|p1a: La veneno\n|-damage|p1a: La veneno|62\/100\n|-status|p1a: La veneno|brn\n|\n|-weather|RainDance|[upkeep]\n|-heal|p2a: Srta. Tess|75\/100|[from] item: Leftovers\n|-damage|p1a: La veneno|56\/100 brn|[from] brn\n|upkeep\n|turn|8\n|c| Sylveon(404)|ESOOO\n|c| Sylveon(404)|VAMOS MOLINA\n|c| Sylveon(404)|GANAAA\n|\n|t:|1700952706\n|switch|p1a: Eloisa|Mandibuzz, F, shiny|100\/100\n|move|p2a: Srta. Tess|Scald|p1a: Eloisa\n|-damage|p1a: Eloisa|87\/100\n|\n|-weather|none\n|-heal|p2a: Srta. Tess|81\/100|[from] item: Leftovers\n|upkeep\n|turn|9\n|c|\u2606RARMolina|Cre\u00ed que empoleon era m\u00e1s veloz\n|c|\u2606RARMolina|Xd\n|\n|t:|1700952728\n|switch|p2a: Jatziri|Swampert-Mega, F|100\/100\n|move|p1a: Eloisa|Knock Off|p2a: Jatziri\n|-damage|p2a: Jatziri|86\/100\n|\n|upkeep\n|turn|10\n|\n|t:|1700952739\n|move|p2a: Jatziri|Flip Turn|p1a: Eloisa\n|-damage|p1a: Eloisa|75\/100\n|-damage|p2a: Jatziri|69\/100|[from] item: Rocky Helmet|[of] p1a: Eloisa\n|c| Sylveon(404)|perdio der\n|c| Sylveon(404)|:v\n|c| Sylveon(404)|6-4\n|c| Sylveon(404)|se rindio\n|\n|t:|1700952763\n|switch|p2a: Weater report|Pelipper, M|100\/100|[from] Flip Turn\n|-weather|RainDance|[from] ability: Drizzle|[of] p2a: Weater report\n|move|p1a: Eloisa|Toxic|p2a: Weater report\n|-status|p2a: Weater report|tox\n|\n|-weather|RainDance|[upkeep]\n|-damage|p2a: Weater report|94\/100 tox|[from] psn\n|-sideend|p1: Sai4rr|Reflect\n|upkeep\n|turn|11\n|\n|t:|1700952779\n|switch|p2a: Jatziri|Swampert-Mega, F|69\/100\n|move|p1a: Eloisa|Knock Off|p2a: Jatziri\n|-damage|p2a: Jatziri|53\/100\n|\n|-weather|RainDance|[upkeep]\n|-sideend|p1: Sai4rr|move: Light Screen\n|upkeep\n|turn|12\n|c|\u2606RARMolina|A\n|\n|t:|1700952794\n|move|p2a: Jatziri|Waterfall|p1a: Eloisa\n|-damage|p1a: Eloisa|28\/100\n|-damage|p2a: Jatziri|37\/100|[from] item: Rocky Helmet|[of] p1a: Eloisa\n|move|p1a: Eloisa|Roost|p1a: Eloisa\n|-heal|p1a: Eloisa|78\/100\n|-singleturn|p1a: Eloisa|move: Roost\n|\n|-weather|RainDance|[upkeep]\n|upkeep\n|turn|13\n|\n|t:|1700952805\n|move|p2a: Jatziri|Waterfall|p1a: Eloisa\n|-damage|p1a: Eloisa|29\/100\n|-damage|p2a: Jatziri|20\/100|[from] item: Rocky Helmet|[of] p1a: Eloisa\n|move|p1a: Eloisa|Roost|p1a: Eloisa\n|-heal|p1a: Eloisa|79\/100\n|-singleturn|p1a: Eloisa|move: Roost\n|\n|-weather|RainDance|[upkeep]\n|upkeep\n|turn|14\n|\n|t:|1700952816\n|move|p2a: Jatziri|Waterfall|p1a: Eloisa\n|-damage|p1a: Eloisa|31\/100\n|-damage|p2a: Jatziri|4\/100|[from] item: Rocky Helmet|[of] p1a: Eloisa\n|move|p1a: Eloisa|Roost|p1a: Eloisa\n|-heal|p1a: Eloisa|81\/100\n|-singleturn|p1a: Eloisa|move: Roost\n|\n|-weather|RainDance|[upkeep]\n|upkeep\n|turn|15\n|\n|t:|1700952830\n|move|p2a: Jatziri|Waterfall|p1a: Eloisa\n|-damage|p1a: Eloisa|36\/100\n|-damage|p2a: Jatziri|0 fnt|[from] item: Rocky Helmet|[of] p1a: Eloisa\n|faint|p2a: Jatziri\n|cant|p1a: Eloisa|flinch\n|\n|-weather|RainDance|[upkeep]\n|upkeep\n|c| Sylveon(404)|NOOOOOOooooooooooooooooooo\n|\n|t:|1700952839\n|switch|p2a: Bocho|Garchomp, M|100\/100\n|turn|16\n|c| Sylveon(404)|la ajolote mamada\n|c| Sylveon(404)|:(\n|\n|t:|1700952851\n|switch|p1a: Lola|Cinderace, F|100\/100\n|move|p2a: Bocho|Liquidation|p1a: Lola\n|-supereffective|p1a: Lola\n|-enditem|p1a: Lola|Focus Sash\n|-damage|p1a: Lola|1\/100\n|\n|-weather|RainDance|[upkeep]\n|upkeep\n|turn|17\n|\n|t:|1700952871\n|move|p1a: Lola|Sucker Punch|p2a: Bocho\n|-start|p1a: Lola|typechange|Dark|[from] ability: Libero\n|-damage|p2a: Bocho|64\/100\n|-damage|p1a: Lola|0 fnt|[from] ability: Rough Skin|[of] p2a: Bocho\n|faint|p1a: Lola\n|move|p2a: Bocho|Scale Shot|p1: Lola|[notarget]\n|-fail|p2a: Bocho\n|\n|-weather|none\n|upkeep\n|c|\u2606RARMolina|Pero cumpli\u00f3 su funci\u00f3n\n|\n|t:|1700952881\n|switch|p1a: Ori\u00f3n|Grimmsnarl, M, shiny|14\/100\n|turn|18\n|\n|t:|1700952888\n|move|p1a: Ori\u00f3n|Light Screen|p1a: Ori\u00f3n\n|-sidestart|p1: Sai4rr|move: Light Screen\n|move|p2a: Bocho|Earthquake|p1a: Ori\u00f3n\n|-damage|p1a: Ori\u00f3n|0 fnt\n|faint|p1a: Ori\u00f3n\n|\n|upkeep\n|\n|t:|1700952897\n|switch|p1a: Charizardo|Charizard, M, shiny|100\/100\n|turn|19\n|\n|t:|1700952904\n|detailschange|p1a: Charizardo|Charizard-Mega-Y, M, shiny\n|-mega|p1a: Charizardo|Charizard|Charizardite Y\n|-weather|SunnyDay|[from] ability: Drought|[of] p1a: Charizardo\n|move|p2a: Bocho|Scale Shot|p1a: Charizardo\n|-damage|p1a: Charizardo|82\/100\n|-damage|p1a: Charizardo|64\/100\n|-damage|p1a: Charizardo|45\/100\n|-damage|p1a: Charizardo|26\/100\n|-damage|p1a: Charizardo|8\/100\n|-hitcount|p1a: Charizardo|5\n|-unboost|p2a: Bocho|def|1\n|-boost|p2a: Bocho|spe|1\n|move|p1a: Charizardo|Solar Beam||[still]\n|-prepare|p1a: Charizardo|Solar Beam\n|-anim|p1a: Charizardo|Solar Beam|p2a: Bocho\n|-damage|p2a: Bocho|11\/100\n|\n|-weather|SunnyDay|[upkeep]\n|upkeep\n|turn|20\n|c| Sylveon(404)|bocho puede\n|c| Sylveon(404)|hace la de todos contra mi\n|\n|t:|1700952932\n|switch|p1a: Koko|Tapu Koko, shiny|100\/100\n|-fieldstart|move: Electric Terrain|[from] ability: Electric Surge|[of] p1a: Koko\n|-item|p1a: Koko|Air Balloon\n|move|p2a: Bocho|Scale Shot|p1a: Koko\n|-immune|p1a: Koko\n|\n|-weather|SunnyDay|[upkeep]\n|upkeep\n|turn|21\n|j| lolowtf09\n|c| lolowtf09|siguen aqui?\n|c| Sylveon(404)|si\n|c| Sylveon(404)|xd\n|\n|t:|1700952944\n|-terastallize|p2a: Bocho|Water\n|move|p2a: Bocho|Liquidation|p1a: Koko\n|-damage|p1a: Koko|69\/100\n|-enditem|p1a: Koko|Air Balloon\n|move|p1a: Koko|Dazzling Gleam|p2a: Bocho\n|-damage|p2a: Bocho|0 fnt\n|faint|p2a: Bocho\n|\n|-weather|SunnyDay|[upkeep]\n|upkeep\n|c| Sylveon(404)|QUE HACE MOLINA\n|c| Sylveon(404)|EN SOL\n|c| Sylveon(404)|WTFFFFFF\n|\n|t:|1700952958\n|switch|p2a: Srta. Tess|Jellicent, F|81\/100\n|turn|22\n|\n|t:|1700952973\n|move|p1a: Koko|Volt Switch|p2a: Srta. Tess\n|-supereffective|p2a: Srta. Tess\n|-damage|p2a: Srta. Tess|21\/100\n|\n|t:|1700952977\n|switch|p1a: La veneno|Sneasler, F, shiny|56\/100 brn|[from] Volt Switch\n|move|p2a: Srta. Tess|Recover|p2a: Srta. Tess\n|-heal|p2a: Srta. Tess|71\/100\n|\n|-weather|SunnyDay|[upkeep]\n|-heal|p2a: Srta. Tess|77\/100|[from] item: Leftovers\n|-damage|p1a: La veneno|50\/100 brn|[from] brn\n|upkeep\n|turn|23\n|\n|t:|1700952988\n|move|p1a: La veneno|Swords Dance|p1a: La veneno\n|-boost|p1a: La veneno|atk|2\n|move|p2a: Srta. Tess|Recover|p2a: Srta. Tess\n|-heal|p2a: Srta. Tess|100\/100\n|\n|-weather|none\n|-damage|p1a: La veneno|44\/100 brn|[from] brn\n|upkeep\n|turn|24\n|\n|t:|1700952997\n|switch|p2a: Weater report|Pelipper, M|94\/100 tox\n|-weather|RainDance|[from] ability: Drizzle|[of] p2a: Weater report\n|move|p1a: La veneno|Swords Dance|p1a: La veneno\n|-boost|p1a: La veneno|atk|2\n|\n|-weather|RainDance|[upkeep]\n|-damage|p2a: Weater report|88\/100 tox|[from] psn\n|-damage|p1a: La veneno|38\/100 brn|[from] brn\n|-fieldend|move: Electric Terrain\n|upkeep\n|turn|25\n|\n|t:|1700953016\n|move|p1a: La veneno|Acrobatics|p2a: Weater report\n|-damage|p2a: Weater report|40\/100 tox\n|move|p2a: Weater report|Hurricane|p1a: La veneno\n|-supereffective|p1a: La veneno\n|-damage|p1a: La veneno|0 fnt\n|faint|p1a: La veneno\n|\n|-weather|RainDance|[upkeep]\n|-damage|p2a: Weater report|28\/100 tox|[from] psn\n|-sideend|p1: Sai4rr|move: Light Screen\n|upkeep\n|\n|t:|1700953027\n|switch|p1a: Charizardo|Charizard-Mega-Y, M, shiny|8\/100\n|-weather|SunnyDay|[from] ability: Drought|[of] p1a: Charizardo\n|turn|26\n|c|\u2606RARMolina|Ojo aguanto un X3\n|\n|t:|1700953041\n|switch|p2a: Shredder|Golisopod, M|100\/100\n|move|p1a: Charizardo|Solar Beam||[still]\n|-prepare|p1a: Charizardo|Solar Beam\n|-anim|p1a: Charizardo|Solar Beam|p2a: Shredder\n|-damage|p2a: Shredder|67\/100\n|\n|-weather|SunnyDay|[upkeep]\n|upkeep\n|turn|27\n|\n|t:|1700953052\n|switch|p1a: Eloisa|Mandibuzz, F, shiny|36\/100\n|move|p2a: Shredder|First Impression|p1a: Eloisa\n|-damage|p1a: Eloisa|2\/100\n|-damage|p2a: Shredder|50\/100|[from] item: Rocky Helmet|[of] p1a: Eloisa\n|-activate|p2a: Shredder|ability: Emergency Exit\n|c| Sylveon(404)|hmm gg\n|c| Sylveon(404)|gana molina\n|\n|t:|1700953063\n|switch|p2a: Weater report|Pelipper, M|28\/100 tox\n|-weather|RainDance|[from] ability: Drizzle|[of] p2a: Weater report\n|\n|-weather|RainDance|[upkeep]\n|-damage|p2a: Weater report|21\/100 tox|[from] psn\n|upkeep\n|turn|28\n|c| Sylveon(404)|o no\n|c| lolowtf09|esta intenso\n|c|\u2606Sai4rr|Aguanta\n|c| lolowtf09|eloisa\n|c| lolowtf09|porque se llama eloisa?\n|c|\u2606Sai4rr|Por ti\n|\n|t:|1700953215\n|move|p1a: Eloisa|Roost|p1a: Eloisa\n|-heal|p1a: Eloisa|52\/100\n|-singleturn|p1a: Eloisa|move: Roost\n|move|p2a: Weater report|Hurricane|p1a: Eloisa\n|-crit|p1a: Eloisa\n|-damage|p1a: Eloisa|11\/100\n|-start|p1a: Eloisa|confusion\n|\n|-weather|RainDance|[upkeep]\n|-damage|p2a: Weater report|9\/100 tox|[from] psn\n|upkeep\n|turn|29\n|\n|t:|1700953233\n|switch|p1a: Charizardo|Charizard-Mega-Y, M, shiny|8\/100\n|-weather|SunnyDay|[from] ability: Drought|[of] p1a: Charizardo\n|move|p2a: Weater report|U-turn|p1a: Charizardo\n|-resisted|p1a: Charizardo\n|-damage|p1a: Charizardo|5\/100\n|\n|t:|1700953241\n|switch|p2a: Shredder|Golisopod, M|50\/100|[from] U-turn\n|\n|-weather|SunnyDay|[upkeep]\n|upkeep\n|turn|30\n|\n|t:|1700953263\n|switch|p1a: Eloisa|Mandibuzz, F, shiny|11\/100\n|move|p2a: Shredder|Razor Shell|p1a: Eloisa\n|-damage|p1a: Eloisa|0 fnt\n|-damage|p2a: Shredder|34\/100|[from] item: Rocky Helmet|[of] p1a: Eloisa\n|faint|p1a: Eloisa\n|\n|-weather|SunnyDay|[upkeep]\n|upkeep\n|\n|t:|1700953279\n|switch|p1a: Koko|Tapu Koko, shiny|69\/100\n|-fieldstart|move: Electric Terrain|[from] ability: Electric Surge|[of] p1a: Koko\n|turn|31\n|c| lolowtf09|y no paran\n|c| Sylveon(404)|hmm\n|\n|t:|1700953292\n|switch|p2a: Weater report|Pelipper, M|9\/100 tox\n|-weather|RainDance|[from] ability: Drizzle|[of] p2a: Weater report\n|move|p1a: Koko|Thunderbolt|p2a: Weater report\n|-supereffective|p2a: Weater report\n|-damage|p2a: Weater report|0 fnt\n|faint|p2a: Weater report\n|\n|-weather|RainDance|[upkeep]\n|upkeep\n|c| Sylveon(404)|koko se truena a molina\n|j| Void280\n|\n|t:|1700953297\n|switch|p2a: Srta. Tess|Jellicent, F|100\/100\n|turn|32\n|c| Sylveon(404)|gg\n|\n|t:|1700953306\n|move|p1a: Koko|Thunderbolt|p2a: Srta. Tess\n|-supereffective|p2a: Srta. Tess\n|-damage|p2a: Srta. Tess|20\/100\n|move|p2a: Srta. Tess|Scald|p1a: Koko\n|-damage|p1a: Koko|10\/100\n|-status|p1a: Koko|brn\n|\n|-weather|RainDance|[upkeep]\n|-heal|p2a: Srta. Tess|26\/100|[from] item: Leftovers\n|-damage|p1a: Koko|4\/100 brn|[from] brn\n|upkeep\n|turn|33\n|c| lolowtf09|uhhhhh\n|c| lolowtf09|gana molina\n|\n|t:|1700953335\n|move|p1a: Koko|Roost|p1a: Koko\n|-heal|p1a: Koko|54\/100 brn\n|-singleturn|p1a: Koko|move: Roost\n|move|p2a: Srta. Tess|Recover|p2a: Srta. Tess\n|-heal|p2a: Srta. Tess|76\/100\n|\n|-weather|RainDance|[upkeep]\n|-heal|p2a: Srta. Tess|82\/100|[from] item: Leftovers\n|-damage|p1a: Koko|48\/100 brn|[from] brn\n|upkeep\n|turn|34\n|c| lolowtf09|comooooo\n|\n|t:|1700953345\n|move|p1a: Koko|Roost|p1a: Koko\n|-heal|p1a: Koko|98\/100 brn\n|-singleturn|p1a: Koko|move: Roost\n|move|p2a: Srta. Tess|Scald|p1a: Koko\n|-damage|p1a: Koko|44\/100 brn\n|\n|-weather|RainDance|[upkeep]\n|-heal|p2a: Srta. Tess|88\/100|[from] item: Leftovers\n|-damage|p1a: Koko|38\/100 brn|[from] brn\n|upkeep\n|turn|35\n|c| lolowtf09|tiene roost esa mierda?\n|\n|t:|1700953356\n|-terastallize|p1a: Koko|Grass\n|move|p1a: Koko|Roost|p1a: Koko\n|-heal|p1a: Koko|88\/100 brn\n|move|p2a: Srta. Tess|Scald|p1a: Koko\n|-resisted|p1a: Koko\n|-damage|p1a: Koko|61\/100 brn\n|\n|-weather|RainDance|[upkeep]\n|-heal|p2a: Srta. Tess|94\/100|[from] item: Leftovers\n|-damage|p1a: Koko|55\/100 brn|[from] brn\n|-fieldend|move: Electric Terrain\n|upkeep\n|turn|36\n|c| Sylveon(404)|parece q si\n|\n|t:|1700953369\n|move|p1a: Koko|Roost|p1a: Koko\n|-heal|p1a: Koko|100\/100 brn\n|move|p2a: Srta. Tess|Shadow Ball|p1a: Koko\n|-damage|p1a: Koko|65\/100 brn\n|\n|-weather|RainDance|[upkeep]\n|-heal|p2a: Srta. Tess|100\/100|[from] item: Leftovers\n|-damage|p1a: Koko|59\/100 brn|[from] brn\n|upkeep\n|turn|37\n|c| Sylveon(404)|ESPERA\n|c| Sylveon(404)|molina\n|c| Sylveon(404)|podes ganar\n|c| Sylveon(404)|si solo lees mi mente\n|\n|t:|1700953392\n|move|p1a: Koko|Roost|p1a: Koko\n|-heal|p1a: Koko|100\/100 brn\n|move|p2a: Srta. Tess|Shadow Ball|p1a: Koko\n|-damage|p1a: Koko|60\/100 brn\n|-unboost|p1a: Koko|spd|1\n|\n|-weather|RainDance|[upkeep]\n|-damage|p1a: Koko|54\/100 brn|[from] brn\n|upkeep\n|turn|38\n|c| Sylveon(404)|PERO\n|c| Sylveon(404)|MOLINA\n|c| Sylveon(404)|PENSA\n|\n|t:|1700953406\n|move|p1a: Koko|Roost|p1a: Koko\n|-heal|p1a: Koko|100\/100 brn\n|move|p2a: Srta. Tess|Shadow Ball|p1a: Koko\n|-damage|p1a: Koko|46\/100 brn\n|\n|-weather|none\n|-damage|p1a: Koko|40\/100 brn|[from] brn\n|upkeep\n|turn|39\n|c| Sylveon(404)|A Q ES DEBIL EL PLANTA\n|c| Void280|Calla Sylveon\n|c| Void280|Eso es Couching\n|c| Sylveon(404)|cierto\n|c| Sylveon(404)|eliminen\n|\n|t:|1700953419\n|move|p1a: Koko|Volt Switch|p2a: Srta. Tess\n|-supereffective|p2a: Srta. Tess\n|-damage|p2a: Srta. Tess|58\/100\n|c| Sylveon(404)|esa reglas\n|\n|t:|1700953422\n|switch|p1a: Charizardo|Charizard-Mega-Y, M, shiny|5\/100|[from] Volt Switch\n|-weather|SunnyDay|[from] ability: Drought|[of] p1a: Charizardo\n|move|p2a: Srta. Tess|Shadow Ball|p1a: Charizardo\n|-damage|p1a: Charizardo|0 fnt\n|faint|p1a: Charizardo\n|\n|-weather|SunnyDay|[upkeep]\n|-heal|p2a: Srta. Tess|64\/100|[from] item: Leftovers\n|upkeep\n|c| Sylveon(404)|:v\n|c| lolowtf09|ya silveon callate\n|c| Sylveon(404)|SIIIIIIII GG\n|c| Sylveon(404)|GANA MOLINA\n|\n|t:|1700953434\n|switch|p1a: Koko|Tapu Koko, shiny, tera:Grass|40\/100 brn\n|-fieldstart|move: Electric Terrain|[from] ability: Electric Surge|[of] p1a: Koko\n|turn|40\n|c| Sylveon(404)|molina sos el goat\n|\n|t:|1700953440\n|move|p1a: Koko|Roost|p1a: Koko\n|-heal|p1a: Koko|90\/100 brn\n|move|p2a: Srta. Tess|Taunt|p1a: Koko\n|-start|p1a: Koko|move: Taunt\n|\n|-weather|SunnyDay|[upkeep]\n|-heal|p2a: Srta. Tess|71\/100|[from] item: Leftovers\n|-damage|p1a: Koko|84\/100 brn|[from] brn\n|upkeep\n|turn|41\n|c| Sylveon(404)|el mas capo\n|c| Sylveon(404)|de la e4\n|\n|t:|1700953450\n|move|p1a: Koko|Thunderbolt|p2a: Srta. Tess\n|-supereffective|p2a: Srta. Tess\n|-damage|p2a: Srta. Tess|0 fnt\n|faint|p2a: Srta. Tess\n|\n|-weather|SunnyDay|[upkeep]\n|-damage|p1a: Koko|78\/100 brn|[from] brn\n|upkeep\n|c|\u2606RARMolina|Vas a curarte m\u00e1s perro\n|\n|t:|1700953456\n|switch|p2a: Shredder|Golisopod, M|34\/100\n|turn|42\n|c|\u2606RARMolina|Oye viste al gato\n|c| Sylveon(404)|shredder es mi padre\n|c|\u2606RARMolina|El que te pega con el zapato\n|\n|t:|1700953487\n|move|p2a: Shredder|First Impression|p1a: Koko\n|-supereffective|p1a: Koko\n|-damage|p1a: Koko|0 fnt\n|faint|p1a: Koko\n|\n|win|RARMolina\n|c| lolowtf09|ggs\n|l|\u2606RARMolina\n|c| Void280|Hubo f\u00e9\n","uploadtime":1700953498,"views":8,"p1id":"sai4rr","p2id":"rarmolina","formatid":"gen9nationaldex","rating":0,"private":0,"password":""}