{"id":"gen9nationaldex-1998328578","p1":"Riverous","p2":"TPD JOHTO","format":"[Gen 9] National Dex","log":"|html|<div class=\"broadcast-blue\"><strong>[Gen 9] National Dex is currently suspecting Sneasler! For information on how to participate check out the <a href=\"https:\/\/www.smogon.com\/forums\/threads\/sv-national-dex-suspect-8-just-dance.3731534\/\">suspect thread<\/a>.<\/strong><\/div>\n|j|\u2606Riverous\n|j|\u2606TPD JOHTO\n|t:|1700930035\n|gametype|singles\n|player|p1|Riverous|170|1500\n|player|p2|TPD JOHTO|drayden|1600\n|teamsize|p1|6\n|teamsize|p2|6\n|gen|9\n|tier|[Gen 9] National Dex\n|rated|\n|rule|HP Percentage Mod: HP is shown in percentages\n|rule|Endless Battle Clause: Forcing endless battles is banned\n|rule|OHKO Clause: OHKO moves are banned\n|rule|Evasion Clause: Evasion abilities, items, and moves are banned\n|rule|Evasion Abilities Clause: Evasion abilities are banned\n|rule|Evasion Items Clause: Evasion items are banned\n|rule|Evasion Moves Clause: Evasion moves are banned\n|rule|Species Clause: Limit one of each Pok\u00e9mon\n|rule|Sleep Clause Mod: Limit one foe put to sleep\n|clearpoke\n|poke|p1|Pikachu, F|\n|poke|p1|Samurott-Hisui, F|\n|poke|p1|Moltres-Galar|\n|poke|p1|Great Tusk|\n|poke|p1|Primarina, M|\n|poke|p1|Dragalge, F|\n|poke|p2|Raikou|\n|poke|p2|Suicune|\n|poke|p2|Entei|\n|poke|p2|Tyranitar, M|\n|poke|p2|Celebi|\n|poke|p2|Skarmory, M|\n|teampreview\n|c|\u2606TPD JOHTO|Was dragalge here last time?\n|\n|t:|1700930074\n|start\n|switch|p1a: Dragalge|Dragalge, F|100\/100\n|switch|p2a: Rock|Tyranitar, M, shiny|100\/100\n|-weather|Sandstorm|[from] ability: Sand Stream|[of] p2a: Rock\n|turn|1\n|inactive|Battle timer is ON: inactive players will automatically lose when time's up. (requested by Riverous)\n|\n|t:|1700930088\n|move|p2a: Rock|Stealth Rock|p1a: Dragalge\n|-sidestart|p1: Riverous|move: Stealth Rock\n|move|p1a: Dragalge|Flip Turn|p2a: Rock\n|-supereffective|p2a: Rock\n|-damage|p2a: Rock|84\/100\n|\n|t:|1700930093\n|switch|p1a: Great Tusk|Great Tusk|100\/100|[from] Flip Turn\n|-damage|p1a: Great Tusk|98\/100|[from] Stealth Rock\n|\n|-weather|Sandstorm|[upkeep]\n|-heal|p1a: Great Tusk|100\/100|[from] item: Leftovers\n|-heal|p2a: Rock|90\/100|[from] item: Leftovers\n|upkeep\n|turn|2\n|\n|t:|1700930104\n|switch|p2a: Scissors|Skarmory, M, shiny|100\/100\n|move|p1a: Great Tusk|Rapid Spin|p2a: Scissors\n|-resisted|p2a: Scissors\n|-damage|p2a: Scissors|95\/100\n|-boost|p1a: Great Tusk|spe|1\n|-damage|p1a: Great Tusk|84\/100|[from] item: Rocky Helmet|[of] p2a: Scissors\n|-sideend|p1: Riverous|Stealth Rock|[from] move: Rapid Spin|[of] p1a: Great Tusk\n|\n|-weather|Sandstorm|[upkeep]\n|-heal|p1a: Great Tusk|90\/100|[from] item: Leftovers\n|upkeep\n|turn|3\n|\n|t:|1700930117\n|move|p1a: Great Tusk|Close Combat|p2a: Scissors\n|-damage|p2a: Scissors|52\/100\n|-unboost|p1a: Great Tusk|def|1\n|-unboost|p1a: Great Tusk|spd|1\n|-damage|p1a: Great Tusk|74\/100|[from] item: Rocky Helmet|[of] p2a: Scissors\n|move|p2a: Scissors|Spikes|p1a: Great Tusk\n|-sidestart|p1: Riverous|Spikes\n|\n|-weather|Sandstorm|[upkeep]\n|-heal|p1a: Great Tusk|80\/100|[from] item: Leftovers\n|upkeep\n|turn|4\n|\n|t:|1700930126\n|-end|p1a: Great Tusk|Protosynthesis|[silent]\n|switch|p1a: Moltres|Moltres-Galar|100\/100\n|move|p2a: Scissors|Roost|p2a: Scissors\n|-heal|p2a: Scissors|100\/100\n|-singleturn|p2a: Scissors|move: Roost\n|\n|-weather|Sandstorm|[upkeep]\n|-damage|p1a: Moltres|94\/100|[from] Sandstorm\n|upkeep\n|turn|5\n|\n|t:|1700930141\n|switch|p1a: Nobunaga|Samurott-Hisui, F|100\/100\n|-damage|p1a: Nobunaga|88\/100|[from] Spikes\n|switch|p2a: Simba|Entei, shiny|100\/100\n|-ability|p2a: Simba|Pressure\n|\n|-weather|none\n|upkeep\n|turn|6\n|\n|t:|1700930169\n|-terastallize|p2a: Simba|Normal\n|move|p1a: Nobunaga|Flip Turn|p2a: Simba\n|-damage|p2a: Simba|73\/100\n|\n|t:|1700930181\n|switch|p1a: Primarina|Primarina, M|100\/100|[from] Flip Turn\n|-damage|p1a: Primarina|88\/100|[from] Spikes\n|move|p2a: Simba|Sacred Fire|p1a: Primarina\n|-resisted|p1a: Primarina\n|-damage|p1a: Primarina|65\/100\n|-status|p1a: Primarina|brn\n|\n|-heal|p2a: Simba|80\/100|[from] item: Leftovers\n|-damage|p1a: Primarina|59\/100 brn|[from] brn\n|upkeep\n|turn|7\n|inactive|Riverous has 120 seconds left.\n|inactive|TPD JOHTO has 120 seconds left.\n|\n|t:|1700930208\n|move|p2a: Simba|Curse|p2a: Simba\n|-unboost|p2a: Simba|spe|1\n|-boost|p2a: Simba|atk|1\n|-boost|p2a: Simba|def|1\n|move|p1a: Primarina|Moonblast|p2a: Simba\n|-damage|p2a: Simba|23\/100\n|\n|-heal|p2a: Simba|29\/100|[from] item: Leftovers\n|-damage|p1a: Primarina|53\/100 brn|[from] brn\n|upkeep\n|turn|8\n|\n|t:|1700930217\n|move|p2a: Simba|Extreme Speed|p1a: Primarina\n|-damage|p1a: Primarina|0 fnt\n|faint|p1a: Primarina\n|\n|-heal|p2a: Simba|35\/100|[from] item: Leftovers\n|upkeep\n|\n|t:|1700930227\n|switch|p1a: Pikachu|Pikachu, F|100\/100\n|-damage|p1a: Pikachu|88\/100|[from] Spikes\n|turn|9\n|\n|t:|1700930234\n|-terastallize|p1a: Pikachu|Normal\n|move|p1a: Pikachu|Fake Out|p2a: Simba\n|-damage|p2a: Simba|20\/100\n|cant|p2a: Simba|flinch\n|\n|-heal|p2a: Simba|27\/100|[from] item: Leftovers\n|upkeep\n|turn|10\n|\n|t:|1700930244\n|switch|p2a: Scissors|Skarmory, M, shiny|100\/100\n|move|p1a: Pikachu|Extreme Speed|p2a: Scissors\n|-resisted|p2a: Scissors\n|-damage|p2a: Scissors|85\/100\n|-damage|p1a: Pikachu|72\/100|[from] item: Rocky Helmet|[of] p2a: Scissors\n|\n|upkeep\n|turn|11\n|\n|t:|1700930250\n|switch|p2a: Paper|Celebi|100\/100\n|move|p1a: Pikachu|Nuzzle|p2a: Paper\n|-resisted|p2a: Paper\n|-damage|p2a: Paper|96\/100\n|-status|p2a: Paper|par\n|\n|-heal|p2a: Paper|100\/100 par|[from] item: Leftovers\n|upkeep\n|turn|12\n|\n|t:|1700930260\n|-curestatus|p2a: Paper|par|[from] ability: Natural Cure\n|switch|p2a: Rock|Tyranitar, M, shiny|90\/100\n|-weather|Sandstorm|[from] ability: Sand Stream|[of] p2a: Rock\n|move|p1a: Pikachu|Extreme Speed|p2a: Rock\n|-resisted|p2a: Rock\n|-damage|p2a: Rock|71\/100\n|\n|-weather|Sandstorm|[upkeep]\n|-damage|p1a: Pikachu|65\/100|[from] Sandstorm\n|-heal|p2a: Rock|77\/100|[from] item: Leftovers\n|upkeep\n|turn|13\n|\n|t:|1700930273\n|move|p1a: Pikachu|Nuzzle|p2a: Rock\n|-damage|p2a: Rock|67\/100\n|-status|p2a: Rock|par\n|move|p2a: Rock|Pursuit|p1a: Pikachu\n|-damage|p1a: Pikachu|4\/100\n|\n|-weather|Sandstorm|[upkeep]\n|-damage|p1a: Pikachu|0 fnt|[from] Sandstorm\n|faint|p1a: Pikachu\n|-heal|p2a: Rock|73\/100 par|[from] item: Leftovers\n|upkeep\n|-message|Riverous forfeited.\n|\n|win|TPD JOHTO\n|raw|Riverous's rating: 1500 &rarr; <strong>1486<\/strong><br \/>(-14 for losing)\n|raw|TPD JOHTO's rating: 1600 &rarr; <strong>1614<\/strong><br \/>(+14 for winning)\n|l|\u2606Riverous\n","uploadtime":1700930330,"views":0,"p1id":"riverous","p2id":"tpdjohto","formatid":"gen9nationaldex","rating":1486,"private":0,"password":""}