{"id":"gen9nationaldex-1993660744","p1":"onichan nia","p2":"Icyalpaca","format":"[Gen 9] National Dex","log":"|j|\u2606onichan nia\n|j|\u2606Icyalpaca\n|t:|1700342712\n|gametype|singles\n|player|p1|onichan nia|volkner|1000\n|player|p2|Icyalpaca|diantha|1000\n|teamsize|p1|6\n|teamsize|p2|6\n|gen|9\n|tier|[Gen 9] National Dex\n|rated|\n|rule|HP Percentage Mod: HP is shown in percentages\n|rule|Endless Battle Clause: Forcing endless battles is banned\n|rule|OHKO Clause: OHKO moves are banned\n|rule|Evasion Clause: Evasion abilities, items, and moves are banned\n|rule|Evasion Abilities Clause: Evasion abilities are banned\n|rule|Evasion Items Clause: Evasion items are banned\n|rule|Evasion Moves Clause: Evasion moves are banned\n|rule|Species Clause: Limit one of each Pok\u00e9mon\n|rule|Sleep Clause Mod: Limit one foe put to sleep\n|clearpoke\n|poke|p1|Samurott-Hisui, M|\n|poke|p1|Mamoswine, F|\n|poke|p1|Leavanny, M|\n|poke|p1|Ogerpon-Wellspring, F|\n|poke|p1|Urshifu-*, F|\n|poke|p1|Tinkaton, F|\n|poke|p2|Arcanine-Hisui, F|\n|poke|p2|Hoopa-Unbound|\n|poke|p2|Sneasler, M|\n|poke|p2|Ribombee, M|\n|poke|p2|Toxapex, M|\n|poke|p2|Tornadus-Therian, M|\n|teampreview\n|\n|t:|1700342725\n|start\n|switch|p1a: Leavanny|Leavanny, M|100\/100\n|switch|p2a: Ribombee|Ribombee, M|100\/100\n|turn|1\n|\n|t:|1700342734\n|move|p2a: Ribombee|Sticky Web|p1a: Leavanny\n|-sidestart|p1: onichan nia|move: Sticky Web\n|move|p1a: Leavanny|Air Slash|p2a: Ribombee\n|-supereffective|p2a: Ribombee\n|-damage|p2a: Ribombee|55\/100\n|\n|upkeep\n|turn|2\n|\n|t:|1700342753\n|switch|p2a: Arcanine|Arcanine-Hisui, F|100\/100\n|move|p1a: Leavanny|Air Slash|p2a: Arcanine\n|-resisted|p2a: Arcanine\n|-damage|p2a: Arcanine|92\/100\n|\n|upkeep\n|turn|3\n|\n|t:|1700342764\n|move|p2a: Arcanine|Head Smash|p1a: Leavanny\n|-supereffective|p1a: Leavanny\n|-damage|p1a: Leavanny|0 fnt\n|faint|p1a: Leavanny\n|\n|upkeep\n|\n|t:|1700342767\n|switch|p1a: Ogerpon|Ogerpon-Wellspring, F|100\/100\n|-activate|p1a: Ogerpon|move: Sticky Web\n|-unboost|p1a: Ogerpon|spe|1\n|turn|4\n|\n|t:|1700342773\n|move|p2a: Arcanine|Head Smash|p1a: Ogerpon\n|-damage|p1a: Ogerpon|14\/100\n|move|p1a: Ogerpon|Superpower|p2a: Arcanine\n|-supereffective|p2a: Arcanine\n|-damage|p2a: Arcanine|0 fnt\n|-unboost|p1a: Ogerpon|atk|1\n|-unboost|p1a: Ogerpon|def|1\n|faint|p2a: Arcanine\n|\n|upkeep\n|\n|t:|1700342779\n|switch|p2a: Ribombee|Ribombee, M|55\/100\n|turn|5\n|\n|t:|1700342786\n|move|p2a: Ribombee|Moonblast|p1a: Ogerpon\n|-damage|p1a: Ogerpon|0 fnt\n|faint|p1a: Ogerpon\n|\n|upkeep\n|\n|t:|1700342790\n|switch|p1a: Mamoswine|Mamoswine, F|100\/100\n|-activate|p1a: Mamoswine|move: Sticky Web\n|-unboost|p1a: Mamoswine|spe|1\n|turn|6\n|\n|t:|1700342798\n|move|p2a: Ribombee|Stun Spore|p1a: Mamoswine\n|-status|p1a: Mamoswine|par\n|move|p1a: Mamoswine|Double-Edge|p2a: Ribombee\n|-damage|p2a: Ribombee|0 fnt\n|faint|p2a: Ribombee\n|-damage|p1a: Mamoswine|88\/100 par|[from] Recoil\n|-heal|p1a: Mamoswine|93\/100 par|[from] item: Shell Bell|[of] p2: Ribombee\n|\n|upkeep\n|\n|t:|1700342820\n|switch|p2a: Sneasler|Sneasler, M|100\/100\n|-item|p2a: Sneasler|Air Balloon\n|turn|7\n|\n|t:|1700342848\n|move|p2a: Sneasler|Close Combat|p1a: Mamoswine\n|-supereffective|p1a: Mamoswine\n|-crit|p1a: Mamoswine\n|-damage|p1a: Mamoswine|0 fnt\n|-unboost|p2a: Sneasler|def|1\n|-unboost|p2a: Sneasler|spd|1\n|faint|p1a: Mamoswine\n|\n|upkeep\n|\n|t:|1700342853\n|switch|p1a: Tinkaton|Tinkaton, F|100\/100\n|-activate|p1a: Tinkaton|move: Sticky Web\n|-unboost|p1a: Tinkaton|spe|1\n|turn|8\n|\n|t:|1700342861\n|move|p2a: Sneasler|Dire Claw|p1a: Tinkaton\n|-immune|p1a: Tinkaton\n|move|p1a: Tinkaton|Gigaton Hammer|p2a: Sneasler\n|-damage|p2a: Sneasler|0 fnt\n|-enditem|p2a: Sneasler|Air Balloon\n|faint|p2a: Sneasler\n|\n|upkeep\n|\n|t:|1700342868\n|switch|p2a: Toxapex|Toxapex, M|100\/100\n|turn|9\n|\n|t:|1700342875\n|move|p2a: Toxapex|Baneful Bunker|p2a: Toxapex\n|-singleturn|p2a: Toxapex|move: Protect\n|move|p1a: Tinkaton|Flash Cannon|p2a: Toxapex\n|-activate|p2a: Toxapex|move: Protect\n|\n|upkeep\n|turn|10\n|\n|t:|1700342881\n|move|p1a: Tinkaton|Gigaton Hammer|p2a: Toxapex\n|-resisted|p2a: Toxapex\n|-damage|p2a: Toxapex|87\/100\n|move|p2a: Toxapex|Toxic Spikes|p1a: Tinkaton\n|-sidestart|p1: onichan nia|move: Toxic Spikes\n|\n|upkeep\n|turn|11\n|\n|t:|1700342888\n|move|p2a: Toxapex|Baneful Bunker|p2a: Toxapex\n|-singleturn|p2a: Toxapex|move: Protect\n|move|p1a: Tinkaton|Play Rough|p2a: Toxapex\n|-activate|p2a: Toxapex|move: Protect\n|\n|upkeep\n|turn|12\n|\n|t:|1700342905\n|move|p1a: Tinkaton|Draining Kiss|p2a: Toxapex\n|-resisted|p2a: Toxapex\n|-damage|p2a: Toxapex|82\/100\n|move|p2a: Toxapex|Toxic Spikes|p1a: Tinkaton\n|-sidestart|p1: onichan nia|move: Toxic Spikes\n|\n|upkeep\n|turn|13\n|\n|t:|1700342915\n|move|p1a: Tinkaton|Gigaton Hammer|p2a: Toxapex\n|-resisted|p2a: Toxapex\n|-damage|p2a: Toxapex|68\/100\n|move|p2a: Toxapex|Toxic Spikes||[still]\n|-fail|p2a: Toxapex\n|\n|upkeep\n|turn|14\n|\n|t:|1700342921\n|move|p2a: Toxapex|Baneful Bunker|p2a: Toxapex\n|-singleturn|p2a: Toxapex|move: Protect\n|move|p1a: Tinkaton|Flash Cannon|p2a: Toxapex\n|-activate|p2a: Toxapex|move: Protect\n|\n|upkeep\n|turn|15\n|\n|t:|1700342930\n|switch|p1a: Samurott|Samurott-Hisui, M|100\/100\n|-activate|p1a: Samurott|move: Sticky Web\n|-unboost|p1a: Samurott|spe|1\n|-status|p1a: Samurott|tox\n|move|p2a: Toxapex|Recover|p2a: Toxapex\n|-heal|p2a: Toxapex|100\/100\n|\n|-damage|p1a: Samurott|94\/100 tox|[from] psn\n|upkeep\n|turn|16\n|\n|t:|1700342940\n|move|p2a: Toxapex|Baneful Bunker|p2a: Toxapex\n|-singleturn|p2a: Toxapex|move: Protect\n|move|p1a: Samurott|Grass Knot|p2a: Toxapex\n|-activate|p2a: Toxapex|move: Protect\n|\n|-damage|p1a: Samurott|82\/100 tox|[from] psn\n|upkeep\n|turn|17\n|\n|t:|1700342957\n|switch|p2a: Tornadus|Tornadus-Therian, M|100\/100\n|move|p1a: Samurott|Grass Knot|p2a: Tornadus\n|-resisted|p2a: Tornadus\n|-damage|p2a: Tornadus|84\/100\n|-damage|p1a: Samurott|72\/100 tox|[from] item: Life Orb\n|\n|-damage|p1a: Samurott|53\/100 tox|[from] psn\n|upkeep\n|turn|18\n|\n|t:|1700342971\n|move|p2a: Tornadus|Nasty Plot|p2a: Tornadus\n|-boost|p2a: Tornadus|spa|2\n|move|p1a: Samurott|Blizzard|p2a: Tornadus\n|-supereffective|p2a: Tornadus\n|-damage|p2a: Tornadus|0 fnt\n|faint|p2a: Tornadus\n|-damage|p1a: Samurott|43\/100 tox|[from] item: Life Orb\n|\n|-damage|p1a: Samurott|19\/100 tox|[from] psn\n|upkeep\n|\n|t:|1700342980\n|switch|p2a: Toxapex|Toxapex, M|100\/100\n|turn|19\n|\n|t:|1700342988\n|move|p2a: Toxapex|Baneful Bunker|p2a: Toxapex\n|-singleturn|p2a: Toxapex|move: Protect\n|move|p1a: Samurott|Grass Knot|p2a: Toxapex\n|-activate|p2a: Toxapex|move: Protect\n|\n|-damage|p1a: Samurott|0 fnt|[from] psn\n|faint|p1a: Samurott\n|upkeep\n|\n|t:|1700342994\n|switch|p1a: Urshifu|Urshifu-Rapid-Strike, F|100\/100\n|-activate|p1a: Urshifu|move: Sticky Web\n|-unboost|p1a: Urshifu|spe|1\n|-status|p1a: Urshifu|tox\n|turn|20\n|\n|t:|1700343015\n|switch|p2a: Hoopa|Hoopa-Unbound|100\/100\n|move|p1a: Urshifu|Acrobatics|p2a: Hoopa\n|-damage|p2a: Hoopa|72\/100\n|\n|-damage|p1a: Urshifu|94\/100 tox|[from] psn\n|upkeep\n|turn|21\n|\n|t:|1700343031\n|-terastallize|p2a: Hoopa|Psychic\n|-terastallize|p1a: Urshifu|Fighting\n|move|p1a: Urshifu|Aqua Jet|p2a: Hoopa\n|-damage|p2a: Hoopa|37\/100\n|move|p2a: Hoopa|Psychic|p1a: Urshifu\n|-supereffective|p1a: Urshifu\n|-damage|p1a: Urshifu|0 fnt\n|faint|p1a: Urshifu\n|\n|upkeep\n|\n|t:|1700343039\n|switch|p1a: Tinkaton|Tinkaton, F|100\/100\n|-activate|p1a: Tinkaton|move: Sticky Web\n|-unboost|p1a: Tinkaton|spe|1\n|turn|22\n|\n|t:|1700343045\n|move|p2a: Hoopa|Psychic|p1a: Tinkaton\n|-resisted|p1a: Tinkaton\n|-damage|p1a: Tinkaton|52\/100\n|move|p1a: Tinkaton|Gigaton Hammer|p2a: Hoopa\n|-damage|p2a: Hoopa|0 fnt\n|faint|p2a: Hoopa\n|\n|-heal|p1a: Tinkaton|58\/100|[from] item: Leftovers\n|upkeep\n|\n|t:|1700343050\n|switch|p2a: Toxapex|Toxapex, M|100\/100\n|turn|23\n|\n|t:|1700343053\n|move|p2a: Toxapex|Baneful Bunker|p2a: Toxapex\n|-singleturn|p2a: Toxapex|move: Protect\n|move|p1a: Tinkaton|Flash Cannon|p2a: Toxapex\n|-activate|p2a: Toxapex|move: Protect\n|\n|-heal|p1a: Tinkaton|64\/100|[from] item: Leftovers\n|upkeep\n|turn|24\n|-message|onichan nia forfeited.\n|\n|win|Icyalpaca\n|raw|onichan nia's rating: 1000 &rarr; <strong>1000<\/strong><br \/>(+0 for losing)\n|raw|Icyalpaca's rating: 1000 &rarr; <strong>1040<\/strong><br \/>(+40 for winning)\n|l|\u2606onichan nia\n","uploadtime":1700343071,"views":17,"p1id":"onichannia","p2id":"icyalpaca","formatid":"gen9nationaldex","rating":1000,"private":0,"password":""}