{"id":"gen9nationaldex-1988378285","p1":"Dezjaws","p2":"TheWhitebrim","format":"[Gen 9] National Dex","log":"|j|\u2606Dezjaws\n|j|\u2606TheWhitebrim\n|t:|1699716102\n|gametype|singles\n|player|p1|Dezjaws|ghetsis|\n|player|p2|TheWhitebrim|102|\n|teamsize|p1|6\n|teamsize|p2|6\n|gen|9\n|tier|[Gen 9] National Dex\n|rule|HP Percentage Mod: HP is shown in percentages\n|rule|Endless Battle Clause: Forcing endless battles is banned\n|rule|OHKO Clause: OHKO moves are banned\n|rule|Evasion Clause: Evasion abilities, items, and moves are banned\n|rule|Evasion Abilities Clause: Evasion abilities are banned\n|rule|Evasion Items Clause: Evasion items are banned\n|rule|Evasion Moves Clause: Evasion moves are banned\n|rule|Species Clause: Limit one of each Pok\u00e9mon\n|rule|Sleep Clause Mod: Limit one foe put to sleep\n|clearpoke\n|poke|p1|Ninetales-Alola, F|\n|poke|p1|Scizor, F|\n|poke|p1|Greninja-*, M|\n|poke|p1|Zapdos|\n|poke|p1|Clodsire, F|\n|poke|p1|Ditto|\n|poke|p2|Azumarill, M|\n|poke|p2|Volcarona, M|\n|poke|p2|Tapu Lele|\n|poke|p2|Tornadus-Therian, M|\n|poke|p2|Ferrothorn, F|\n|poke|p2|Iron Hands|\n|teampreview\n|j| PyrobutLeGoat\n|c| PyrobutLeGoat|glhf\n|j| MaitreDescartes\n|c|\u2606TheWhitebrim|hf\n|\n|t:|1699716146\n|start\n|switch|p1a: Feunard|Ninetales-Alola, F|100\/100\n|switch|p2a: Ferrothorn|Ferrothorn, F|100\/100\n|-weather|Snow|[from] ability: Snow Warning|[of] p1a: Feunard\n|turn|1\n|j| prolecteur\n|\n|t:|1699716156\n|move|p1a: Feunard|Aurora Veil|p1a: Feunard\n|-sidestart|p1: Dezjaws|move: Aurora Veil\n|move|p2a: Ferrothorn|Spikes|p1a: Feunard\n|-sidestart|p1: Dezjaws|Spikes\n|\n|-weather|Snow|[upkeep]\n|upkeep\n|turn|2\n|\n|t:|1699716180\n|move|p1a: Feunard|Encore|p2a: Ferrothorn\n|-start|p2a: Ferrothorn|Encore\n|move|p2a: Ferrothorn|Spikes|p1a: Feunard\n|-sidestart|p1: Dezjaws|Spikes\n|\n|-weather|Snow|[upkeep]\n|upkeep\n|turn|3\n|\n|t:|1699716192\n|switch|p1a: \u00c9lecthor|Zapdos|100\/100\n|switch|p2a: BunnybandSenpai|Azumarill, M|100\/100\n|\n|-weather|Snow|[upkeep]\n|upkeep\n|turn|4\n|\n|t:|1699716206\n|switch|p2a: Iron Hands|Iron Hands|100\/100\n|move|p1a: \u00c9lecthor|Defog|p2a: Iron Hands\n|-unboost|p2a: Iron Hands|evasion|1\n|-sideend|p1: Dezjaws|Spikes|[from] move: Defog|[of] p1a: \u00c9lecthor\n|\n|-weather|Snow|[upkeep]\n|upkeep\n|turn|5\n|\n|t:|1699716230\n|move|p1a: \u00c9lecthor|Volt Switch|p2a: Iron Hands\n|-resisted|p2a: Iron Hands\n|-damage|p2a: Iron Hands|86\/100\n|\n|t:|1699716236\n|switch|p1a: Feunard|Ninetales-Alola, F|100\/100|[from] Volt Switch\n|move|p2a: Iron Hands|Swords Dance|p2a: Iron Hands\n|-boost|p2a: Iron Hands|atk|2\n|\n|-weather|none\n|-heal|p2a: Iron Hands|92\/100|[from] item: Leftovers\n|upkeep\n|turn|6\n|\n|t:|1699716247\n|-end|p2a: Iron Hands|Quark Drive|[silent]\n|switch|p2a: Ferrothorn|Ferrothorn, F|100\/100\n|move|p1a: Feunard|Moonblast|p2a: Ferrothorn\n|-resisted|p2a: Ferrothorn\n|-damage|p2a: Ferrothorn|89\/100\n|\n|upkeep\n|turn|7\n|\n|t:|1699716267\n|switch|p1a: \u00c9lecthor|Zapdos|100\/100\n|switch|p2a: Iron Hands|Iron Hands|92\/100\n|\n|-heal|p2a: Iron Hands|99\/100|[from] item: Leftovers\n|upkeep\n|turn|8\n|\n|t:|1699716281\n|move|p1a: \u00c9lecthor|Volt Switch|p2a: Iron Hands\n|-resisted|p2a: Iron Hands\n|-crit|p2a: Iron Hands\n|-damage|p2a: Iron Hands|76\/100\n|\n|t:|1699716285\n|switch|p1a: Feunard|Ninetales-Alola, F|100\/100|[from] Volt Switch\n|-weather|Snow|[from] ability: Snow Warning|[of] p1a: Feunard\n|move|p2a: Iron Hands|Swords Dance|p2a: Iron Hands\n|-boost|p2a: Iron Hands|atk|2\n|\n|-weather|Snow|[upkeep]\n|-heal|p2a: Iron Hands|82\/100|[from] item: Leftovers\n|-sideend|p1: Dezjaws|move: Aurora Veil\n|upkeep\n|turn|9\n|\n|t:|1699716299\n|-end|p2a: Iron Hands|Quark Drive|[silent]\n|switch|p2a: Ferrothorn|Ferrothorn, F|89\/100\n|move|p1a: Feunard|Moonblast|p2a: Ferrothorn\n|-resisted|p2a: Ferrothorn\n|-damage|p2a: Ferrothorn|77\/100\n|\n|-weather|Snow|[upkeep]\n|upkeep\n|turn|10\n|\n|t:|1699716310\n|move|p1a: Feunard|Aurora Veil|p1a: Feunard\n|-sidestart|p1: Dezjaws|move: Aurora Veil\n|move|p2a: Ferrothorn|Leech Seed|p1a: Feunard\n|-start|p1a: Feunard|move: Leech Seed\n|\n|-weather|Snow|[upkeep]\n|-damage|p1a: Feunard|88\/100|[from] Leech Seed|[of] p2a: Ferrothorn\n|-heal|p2a: Ferrothorn|89\/100|[silent]\n|upkeep\n|turn|11\n|\n|t:|1699716322\n|switch|p1a: \u00c9lecthor|Zapdos|100\/100\n|move|p2a: Ferrothorn|Spikes|p1a: \u00c9lecthor\n|-sidestart|p1: Dezjaws|Spikes\n|\n|-weather|Snow|[upkeep]\n|upkeep\n|turn|12\n|\n|t:|1699716339\n|move|p1a: \u00c9lecthor|Heat Wave|p2a: Ferrothorn\n|-supereffective|p2a: Ferrothorn\n|-damage|p2a: Ferrothorn|0 fnt\n|faint|p2a: Ferrothorn\n|\n|-weather|none\n|upkeep\n|\n|t:|1699716357\n|switch|p2a: Iron Hands|Iron Hands|82\/100\n|turn|13\n|\n|t:|1699716365\n|move|p1a: \u00c9lecthor|Volt Switch|p2a: Iron Hands\n|-resisted|p2a: Iron Hands\n|-damage|p2a: Iron Hands|69\/100\n|\n|t:|1699716370\n|switch|p1a: Feunard|Ninetales-Alola, F|88\/100|[from] Volt Switch\n|-damage|p1a: Feunard|76\/100|[from] Spikes\n|-weather|Snow|[from] ability: Snow Warning|[of] p1a: Feunard\n|move|p2a: Iron Hands|Drain Punch|p1a: Feunard\n|-damage|p1a: Feunard|58\/100\n|-heal|p2a: Iron Hands|75\/100|[from] drain|[of] p1a: Feunard\n|\n|-weather|Snow|[upkeep]\n|-heal|p2a: Iron Hands|82\/100|[from] item: Leftovers\n|upkeep\n|turn|14\n|\n|t:|1699716393\n|-end|p2a: Iron Hands|Quark Drive|[silent]\n|switch|p2a: needo mo powa|Volcarona, M|100\/100\n|move|p1a: Feunard|Moonblast|p2a: needo mo powa\n|-resisted|p2a: needo mo powa\n|-damage|p2a: needo mo powa|89\/100\n|\n|-weather|Snow|[upkeep]\n|upkeep\n|turn|15\n|\n|t:|1699716409\n|switch|p1a: Terraiste|Clodsire, F|100\/100\n|-damage|p1a: Terraiste|88\/100|[from] Spikes\n|move|p2a: needo mo powa|Fiery Dance|p1a: Terraiste\n|-damage|p1a: Terraiste|78\/100\n|-boost|p2a: needo mo powa|spa|1\n|\n|-weather|Snow|[upkeep]\n|-heal|p1a: Terraiste|84\/100|[from] item: Leftovers\n|upkeep\n|turn|16\n|\n|t:|1699716427\n|switch|p2a: Tornadus|Tornadus-Therian, M|100\/100\n|move|p1a: Terraiste|Toxic|p2a: Tornadus\n|-status|p2a: Tornadus|tox\n|\n|-weather|Snow|[upkeep]\n|-heal|p1a: Terraiste|91\/100|[from] item: Leftovers\n|-damage|p2a: Tornadus|94\/100 tox|[from] psn\n|upkeep\n|turn|17\n|\n|t:|1699716439\n|move|p2a: Tornadus|Knock Off|p1a: Terraiste\n|-damage|p1a: Terraiste|79\/100\n|-enditem|p1a: Terraiste|Leftovers|[from] move: Knock Off|[of] p2a: Tornadus\n|move|p1a: Terraiste|Stealth Rock|p2a: Tornadus\n|-sidestart|p2: TheWhitebrim|move: Stealth Rock\n|\n|-weather|none\n|-damage|p2a: Tornadus|82\/100 tox|[from] psn\n|-sideend|p1: Dezjaws|move: Aurora Veil\n|upkeep\n|turn|18\n|\n|t:|1699716450\n|move|p2a: Tornadus|Defog|p1a: Terraiste\n|-unboost|p1a: Terraiste|evasion|1\n|-sideend|p1: Dezjaws|Spikes|[from] move: Defog|[of] p2a: Tornadus\n|-sideend|p2: TheWhitebrim|Stealth Rock|[from] move: Defog|[of] p2a: Tornadus\n|move|p1a: Terraiste|Stealth Rock|p2a: Tornadus\n|-sidestart|p2: TheWhitebrim|move: Stealth Rock\n|\n|-damage|p2a: Tornadus|64\/100 tox|[from] psn\n|upkeep\n|turn|19\n|\n|t:|1699716459\n|move|p2a: Tornadus|U-turn|p1a: Terraiste\n|-resisted|p1a: Terraiste\n|-crit|p1a: Terraiste\n|-damage|p1a: Terraiste|66\/100\n|\n|t:|1699716463\n|switch|p2a: Tapu Lele|Tapu Lele|100\/100|[from] U-turn\n|-damage|p2a: Tapu Lele|88\/100|[from] Stealth Rock\n|-fieldstart|move: Psychic Terrain|[from] ability: Psychic Surge|[of] p2a: Tapu Lele\n|move|p1a: Terraiste|Stealth Rock||[still]\n|-fail|p1a: Terraiste\n|\n|upkeep\n|turn|20\n|\n|t:|1699716499\n|-terastallize|p1a: Terraiste|Steel\n|move|p2a: Tapu Lele|Psychic|p1a: Terraiste\n|-resisted|p1a: Terraiste\n|-damage|p1a: Terraiste|49\/100\n|move|p1a: Terraiste|Recover|p1a: Terraiste\n|-heal|p1a: Terraiste|99\/100\n|\n|upkeep\n|turn|21\n|\n|t:|1699716508\n|switch|p2a: Tornadus|Tornadus-Therian, M|97\/100 tox\n|move|p1a: Terraiste|Earthquake|p2a: Tornadus\n|-immune|p2a: Tornadus\n|\n|-damage|p2a: Tornadus|91\/100 tox|[from] psn\n|upkeep\n|turn|22\n|\n|t:|1699716519\n|switch|p1a: M\u00e9tamorph|Ditto|100\/100\n|-transform|p1a: M\u00e9tamorph|p2a: Tornadus|[from] ability: Imposter\n|move|p2a: Tornadus|Defog|p1a: M\u00e9tamorph\n|-unboost|p1a: M\u00e9tamorph|evasion|1\n|-sideend|p2: TheWhitebrim|Stealth Rock|[from] move: Defog|[of] p2a: Tornadus\n|-fieldend|move: Psychic Terrain\n|\n|-damage|p2a: Tornadus|79\/100 tox|[from] psn\n|upkeep\n|turn|23\n|\n|t:|1699716532\n|move|p1a: M\u00e9tamorph|U-turn|p2a: Tornadus\n|-resisted|p2a: Tornadus\n|-damage|p2a: Tornadus|71\/100 tox\n|\n|t:|1699716535\n|switch|p1a: Terraiste|Clodsire, F, tera:Steel|99\/100|[from] U-turn\n|move|p2a: Tornadus|Knock Off|p1a: Terraiste\n|-damage|p1a: Terraiste|85\/100\n|\n|-damage|p2a: Tornadus|52\/100 tox|[from] psn\n|upkeep\n|turn|24\n|\n|t:|1699716556\n|switch|p2a: Tapu Lele|Tapu Lele|88\/100\n|-fieldstart|move: Psychic Terrain|[from] ability: Psychic Surge|[of] p2a: Tapu Lele\n|move|p1a: Terraiste|Stealth Rock|p2a: Tapu Lele\n|-sidestart|p2: TheWhitebrim|move: Stealth Rock\n|\n|upkeep\n|turn|25\n|\n|t:|1699716569\n|switch|p2a: Tornadus|Tornadus-Therian, M|86\/100 tox\n|switch|p1a: M\u00e9tamorph|Ditto|100\/100\n|-transform|p1a: M\u00e9tamorph|p2a: Tornadus|[from] ability: Imposter\n|\n|-damage|p2a: Tornadus|80\/100 tox|[from] psn\n|upkeep\n|turn|26\n|\n|t:|1699716581\n|move|p1a: M\u00e9tamorph|U-turn|p2a: Tornadus\n|-resisted|p2a: Tornadus\n|-damage|p2a: Tornadus|72\/100 tox\n|\n|t:|1699716586\n|switch|p1a: Terraiste|Clodsire, F, tera:Steel|85\/100|[from] U-turn\n|move|p2a: Tornadus|Knock Off|p1a: Terraiste\n|-damage|p1a: Terraiste|69\/100\n|\n|-damage|p2a: Tornadus|60\/100 tox|[from] psn\n|upkeep\n|turn|27\n|\n|t:|1699716600\n|move|p2a: Tornadus|Defog|p1a: Terraiste\n|-unboost|p1a: Terraiste|evasion|1\n|-sideend|p2: TheWhitebrim|Stealth Rock|[from] move: Defog|[of] p2a: Tornadus\n|-fieldend|move: Psychic Terrain\n|move|p1a: Terraiste|Earthquake|p2a: Tornadus\n|-immune|p2a: Tornadus\n|\n|-damage|p2a: Tornadus|41\/100 tox|[from] psn\n|upkeep\n|turn|28\n|\n|t:|1699716610\n|switch|p2a: needo mo powa|Volcarona, M|89\/100\n|move|p1a: Terraiste|Earthquake|p2a: needo mo powa\n|-damage|p2a: needo mo powa|58\/100\n|\n|upkeep\n|turn|29\n|\n|t:|1699716629\n|switch|p1a: Amphinobie|Greninja, M|100\/100\n|move|p2a: needo mo powa|Roost|p2a: needo mo powa\n|-heal|p2a: needo mo powa|100\/100\n|-singleturn|p2a: needo mo powa|move: Roost\n|\n|upkeep\n|turn|30\n|\n|t:|1699716637\n|switch|p2a: BunnybandSenpai|Azumarill, M|100\/100\n|move|p1a: Amphinobie|Surf|p2a: BunnybandSenpai\n|-start|p1a: Amphinobie|typechange|Water|[from] ability: Protean\n|-resisted|p2a: BunnybandSenpai\n|-damage|p2a: BunnybandSenpai|79\/100\n|\n|upkeep\n|turn|31\n|\n|t:|1699716672\n|switch|p1a: \u00c9lecthor|Zapdos|100\/100\n|-terastallize|p2a: BunnybandSenpai|Water\n|move|p2a: BunnybandSenpai|Play Rough|p1a: \u00c9lecthor\n|-damage|p1a: \u00c9lecthor|61\/100\n|-unboost|p1a: \u00c9lecthor|atk|1\n|\n|upkeep\n|turn|32\n|\n|t:|1699716696\n|switch|p2a: Tornadus|Tornadus-Therian, M|75\/100 tox\n|move|p1a: \u00c9lecthor|Roost|p1a: \u00c9lecthor\n|-heal|p1a: \u00c9lecthor|100\/100\n|-singleturn|p1a: \u00c9lecthor|move: Roost\n|\n|-damage|p2a: Tornadus|68\/100 tox|[from] psn\n|upkeep\n|turn|33\n|l| prolecteur\n|\n|t:|1699716705\n|switch|p2a: Iron Hands|Iron Hands|82\/100\n|move|p1a: \u00c9lecthor|Volt Switch|p2a: Iron Hands\n|-resisted|p2a: Iron Hands\n|-damage|p2a: Iron Hands|68\/100\n|\n|t:|1699716711\n|switch|p1a: Feunard|Ninetales-Alola, F|58\/100|[from] Volt Switch\n|-weather|Snow|[from] ability: Snow Warning|[of] p1a: Feunard\n|\n|-weather|Snow|[upkeep]\n|-heal|p2a: Iron Hands|74\/100|[from] item: Leftovers\n|upkeep\n|turn|34\n|\n|t:|1699716721\n|move|p1a: Feunard|Aurora Veil|p1a: Feunard\n|-sidestart|p1: Dezjaws|move: Aurora Veil\n|move|p2a: Iron Hands|Drain Punch|p1a: Feunard\n|-damage|p1a: Feunard|40\/100\n|-heal|p2a: Iron Hands|81\/100|[from] drain|[of] p1a: Feunard\n|\n|-weather|Snow|[upkeep]\n|-heal|p2a: Iron Hands|87\/100|[from] item: Leftovers\n|upkeep\n|turn|35\n|\n|t:|1699716730\n|-end|p2a: Iron Hands|Quark Drive|[silent]\n|switch|p2a: BunnybandSenpai|Azumarill, M, tera:Water|79\/100\n|move|p1a: Feunard|Moonblast|p2a: BunnybandSenpai\n|-damage|p2a: BunnybandSenpai|59\/100\n|\n|-weather|Snow|[upkeep]\n|upkeep\n|turn|36\n|j| prolecteur\n|\n|t:|1699716738\n|move|p1a: Feunard|Freeze-Dry|p2a: BunnybandSenpai\n|-supereffective|p2a: BunnybandSenpai\n|-damage|p2a: BunnybandSenpai|32\/100\n|move|p2a: BunnybandSenpai|Liquidation|p1a: Feunard\n|-damage|p1a: Feunard|11\/100\n|\n|-weather|Snow|[upkeep]\n|upkeep\n|turn|37\n|l| prolecteur\n|\n|t:|1699716747\n|move|p2a: BunnybandSenpai|Aqua Jet|p1a: Feunard\n|-damage|p1a: Feunard|0 fnt\n|faint|p1a: Feunard\n|\n|-weather|none\n|upkeep\n|\n|t:|1699716755\n|switch|p1a: Cizayox|Scizor, F|100\/100\n|turn|38\n|\n|t:|1699716766\n|switch|p1a: \u00c9lecthor|Zapdos|100\/100\n|switch|p2a: Iron Hands|Iron Hands|87\/100\n|\n|-heal|p2a: Iron Hands|93\/100|[from] item: Leftovers\n|upkeep\n|turn|39\n|\n|t:|1699716779\n|move|p1a: \u00c9lecthor|Heat Wave|p2a: Iron Hands\n|-damage|p2a: Iron Hands|65\/100\n|move|p2a: Iron Hands|Drain Punch|p1a: \u00c9lecthor\n|-resisted|p1a: \u00c9lecthor\n|-damage|p1a: \u00c9lecthor|93\/100\n|-heal|p2a: Iron Hands|68\/100|[from] drain|[of] p1a: \u00c9lecthor\n|\n|-heal|p2a: Iron Hands|74\/100|[from] item: Leftovers\n|upkeep\n|turn|40\n|\n|t:|1699716798\n|-end|p2a: Iron Hands|Quark Drive|[silent]\n|switch|p2a: BunnybandSenpai|Azumarill, M, tera:Water|32\/100\n|move|p1a: \u00c9lecthor|Heat Wave|p2a: BunnybandSenpai\n|-resisted|p2a: BunnybandSenpai\n|-damage|p2a: BunnybandSenpai|22\/100\n|\n|upkeep\n|turn|41\n|\n|t:|1699716811\n|move|p1a: \u00c9lecthor|Volt Switch|p2a: BunnybandSenpai\n|-supereffective|p2a: BunnybandSenpai\n|-damage|p2a: BunnybandSenpai|0 fnt\n|faint|p2a: BunnybandSenpai\n|\n|t:|1699716817\n|switch|p1a: Amphinobie|Greninja, M|100\/100|[from] Volt Switch\n|\n|-sideend|p1: Dezjaws|move: Aurora Veil\n|upkeep\n|\n|t:|1699716823\n|switch|p2a: Tapu Lele|Tapu Lele|88\/100\n|-fieldstart|move: Psychic Terrain|[from] ability: Psychic Surge|[of] p2a: Tapu Lele\n|turn|42\n|\n|t:|1699716831\n|switch|p1a: Terraiste|Clodsire, F, tera:Steel|69\/100\n|move|p2a: Tapu Lele|Moonblast|p1a: Terraiste\n|-resisted|p1a: Terraiste\n|-damage|p1a: Terraiste|56\/100\n|\n|upkeep\n|turn|43\n|\n|t:|1699716840\n|switch|p2a: Iron Hands|Iron Hands|74\/100\n|move|p1a: Terraiste|Recover|p1a: Terraiste\n|-heal|p1a: Terraiste|100\/100\n|\n|-heal|p2a: Iron Hands|81\/100|[from] item: Leftovers\n|upkeep\n|turn|44\n|\n|t:|1699716850\n|move|p2a: Iron Hands|Drain Punch|p1a: Terraiste\n|-supereffective|p1a: Terraiste\n|-damage|p1a: Terraiste|1\/100\n|-heal|p2a: Iron Hands|100\/100|[from] drain|[of] p1a: Terraiste\n|move|p1a: Terraiste|Earthquake|p2a: Iron Hands\n|-supereffective|p2a: Iron Hands\n|-damage|p2a: Iron Hands|66\/100\n|\n|-heal|p2a: Iron Hands|72\/100|[from] item: Leftovers\n|upkeep\n|turn|45\n|c|\u2606TheWhitebrim|triste\n|\n|t:|1699716874\n|switch|p1a: \u00c9lecthor|Zapdos|93\/100\n|move|p2a: Iron Hands|Ice Punch|p1a: \u00c9lecthor\n|-supereffective|p1a: \u00c9lecthor\n|-damage|p1a: \u00c9lecthor|47\/100\n|\n|-heal|p2a: Iron Hands|78\/100|[from] item: Leftovers\n|upkeep\n|turn|46\n|\n|t:|1699716889\n|move|p1a: \u00c9lecthor|Heat Wave|p2a: Iron Hands\n|-damage|p2a: Iron Hands|53\/100\n|move|p2a: Iron Hands|Ice Punch|p1a: \u00c9lecthor\n|-supereffective|p1a: \u00c9lecthor\n|-damage|p1a: \u00c9lecthor|3\/100\n|\n|-heal|p2a: Iron Hands|60\/100|[from] item: Leftovers\n|-fieldend|move: Psychic Terrain\n|upkeep\n|turn|47\n|\n|t:|1699716910\n|move|p1a: \u00c9lecthor|Heat Wave|p2a: Iron Hands\n|-damage|p2a: Iron Hands|34\/100\n|move|p2a: Iron Hands|Drain Punch|p1a: \u00c9lecthor\n|-resisted|p1a: \u00c9lecthor\n|-damage|p1a: \u00c9lecthor|0 fnt\n|-heal|p2a: Iron Hands|35\/100|[from] drain|[of] p1a: \u00c9lecthor\n|faint|p1a: \u00c9lecthor\n|\n|-heal|p2a: Iron Hands|41\/100|[from] item: Leftovers\n|upkeep\n|\n|t:|1699716922\n|switch|p1a: Amphinobie|Greninja, M|100\/100\n|turn|48\n|\n|t:|1699716929\n|-end|p2a: Iron Hands|Quark Drive|[silent]\n|switch|p2a: Tornadus|Tornadus-Therian, M|100\/100 tox\n|move|p1a: Amphinobie|Surf|p2a: Tornadus\n|-start|p1a: Amphinobie|typechange|Water|[from] ability: Protean\n|-damage|p2a: Tornadus|35\/100 tox\n|\n|-damage|p2a: Tornadus|29\/100 tox|[from] psn\n|upkeep\n|turn|49\n|\n|t:|1699716941\n|move|p1a: Amphinobie|Surf|p2a: Tornadus\n|-damage|p2a: Tornadus|0 fnt\n|faint|p2a: Tornadus\n|\n|upkeep\n|\n|t:|1699716944\n|switch|p2a: Tapu Lele|Tapu Lele|88\/100\n|-fieldstart|move: Psychic Terrain|[from] ability: Psychic Surge|[of] p2a: Tapu Lele\n|turn|50\n|\n|t:|1699716952\n|switch|p1a: Terraiste|Clodsire, F, tera:Steel|1\/100\n|move|p2a: Tapu Lele|Psychic|p1a: Terraiste\n|-resisted|p1a: Terraiste\n|-damage|p1a: Terraiste|0 fnt\n|faint|p1a: Terraiste\n|\n|upkeep\n|\n|t:|1699716968\n|switch|p1a: Amphinobie|Greninja, M|100\/100\n|turn|51\n|\n|t:|1699716978\n|switch|p2a: needo mo powa|Volcarona, M|100\/100\n|move|p1a: Amphinobie|Dark Pulse|p2a: needo mo powa\n|-start|p1a: Amphinobie|typechange|Dark|[from] ability: Protean\n|-damage|p2a: needo mo powa|51\/100\n|\n|upkeep\n|turn|52\n|\n|t:|1699716987\n|move|p1a: Amphinobie|Dark Pulse|p2a: needo mo powa\n|-damage|p2a: needo mo powa|6\/100\n|cant|p2a: needo mo powa|flinch\n|\n|upkeep\n|turn|53\n|c|\u2606TheWhitebrim|triste x2\n|\n|t:|1699717009\n|move|p1a: Amphinobie|Dark Pulse|p2a: needo mo powa\n|-crit|p2a: needo mo powa\n|-damage|p2a: needo mo powa|0 fnt\n|faint|p2a: needo mo powa\n|\n|upkeep\n|\n|t:|1699717011\n|switch|p2a: Tapu Lele|Tapu Lele|88\/100\n|turn|54\n|\n|t:|1699717022\n|switch|p1a: Cizayox|Scizor, F|100\/100\n|move|p2a: Tapu Lele|Moonblast|p1a: Cizayox\n|-resisted|p1a: Cizayox\n|-damage|p1a: Cizayox|63\/100\n|\n|-fieldend|move: Psychic Terrain\n|upkeep\n|turn|55\n|\n|t:|1699717037\n|switch|p2a: Iron Hands|Iron Hands|41\/100\n|detailschange|p1a: Cizayox|Scizor-Mega, F\n|-mega|p1a: Cizayox|Scizor|Scizorite\n|move|p1a: Cizayox|Swords Dance|p1a: Cizayox\n|-boost|p1a: Cizayox|atk|2\n|\n|-heal|p2a: Iron Hands|47\/100|[from] item: Leftovers\n|upkeep\n|turn|56\n|\n|t:|1699717048\n|move|p1a: Cizayox|Close Combat|p2a: Iron Hands\n|-damage|p2a: Iron Hands|0 fnt\n|-unboost|p1a: Cizayox|def|1\n|-unboost|p1a: Cizayox|spd|1\n|faint|p2a: Iron Hands\n|-end|p2a: Iron Hands|Quark Drive|[silent]\n|\n|upkeep\n|\n|t:|1699717051\n|switch|p2a: Tapu Lele|Tapu Lele|88\/100\n|-fieldstart|move: Psychic Terrain|[from] ability: Psychic Surge|[of] p2a: Tapu Lele\n|turn|57\n|\n|t:|1699717058\n|move|p2a: Tapu Lele|Moonblast|p1a: Cizayox\n|-resisted|p1a: Cizayox\n|-damage|p1a: Cizayox|20\/100\n|move|p1a: Cizayox|U-turn|p2a: Tapu Lele\n|-damage|p2a: Tapu Lele|0 fnt\n|faint|p2a: Tapu Lele\n|\n|win|Dezjaws\n|c|\u2606TheWhitebrim|gg\n","uploadtime":1699717068,"views":15,"p1id":"dezjaws","p2id":"thewhitebrim","formatid":"gen9nationaldex","rating":0,"private":0,"password":""}