{"id":"gen9nationaldex-1989672694","p1":"Sonanta","p2":"Tpd le Spew","format":"[Gen 9] National Dex","log":"|j|\u2606Sonanta\n|j|\u2606Tpd le Spew\n|t:|1699885505\n|gametype|singles\n|player|p1|Sonanta|flint|1565\n|player|p2|Tpd le Spew|drayden|1678\n|teamsize|p1|6\n|teamsize|p2|6\n|gen|9\n|tier|[Gen 9] National Dex\n|rated|\n|rule|HP Percentage Mod: HP is shown in percentages\n|rule|Endless Battle Clause: Forcing endless battles is banned\n|rule|OHKO Clause: OHKO moves are banned\n|rule|Evasion Clause: Evasion abilities, items, and moves are banned\n|rule|Evasion Abilities Clause: Evasion abilities are banned\n|rule|Evasion Items Clause: Evasion items are banned\n|rule|Evasion Moves Clause: Evasion moves are banned\n|rule|Species Clause: Limit one of each Pok\u00e9mon\n|rule|Sleep Clause Mod: Limit one foe put to sleep\n|clearpoke\n|poke|p1|Garchomp, F|\n|poke|p1|Dondozo, M|\n|poke|p1|Scizor, M|\n|poke|p1|Chansey, F|\n|poke|p1|Zapdos|\n|poke|p1|Heatran, M|\n|poke|p2|Raikou|\n|poke|p2|Entei|\n|poke|p2|Suicune|\n|poke|p2|Celebi|\n|poke|p2|Tyranitar, M|\n|poke|p2|Skarmory, F|\n|teampreview\n|c|\u2606Tpd le Spew|Glhf\n|\n|t:|1699885522\n|start\n|switch|p1a: magna|Heatran, M|100\/100\n|switch|p2a: Moose|Suicune, shiny|100\/100\n|-ability|p2a: Moose|Pressure\n|turn|1\n|\n|t:|1699885528\n|switch|p1a: Chansey|Chansey, F|100\/100\n|move|p2a: Moose|Substitute|p2a: Moose\n|-start|p2a: Moose|Substitute\n|-damage|p2a: Moose|75\/100\n|\n|-heal|p2a: Moose|82\/100|[from] item: Leftovers\n|upkeep\n|turn|2\n|\n|t:|1699885535\n|move|p2a: Moose|Calm Mind|p2a: Moose\n|-boost|p2a: Moose|spa|1\n|-boost|p2a: Moose|spd|1\n|move|p1a: Chansey|Seismic Toss|p2a: Moose\n|-activate|p2a: Moose|move: Substitute|[damage]\n|\n|-heal|p2a: Moose|88\/100|[from] item: Leftovers\n|upkeep\n|turn|3\n|\n|t:|1699885553\n|move|p2a: Moose|Calm Mind|p2a: Moose\n|-boost|p2a: Moose|spa|1\n|-boost|p2a: Moose|spd|1\n|move|p1a: Chansey|Seismic Toss|p2a: Moose\n|-end|p2a: Moose|Substitute\n|\n|-heal|p2a: Moose|94\/100|[from] item: Leftovers\n|upkeep\n|turn|4\n|\n|t:|1699885561\n|switch|p1a: Zapdos|Zapdos|100\/100\n|move|p2a: Moose|Substitute|p2a: Moose\n|-start|p2a: Moose|Substitute\n|-damage|p2a: Moose|69\/100\n|\n|-heal|p2a: Moose|75\/100|[from] item: Leftovers\n|upkeep\n|turn|5\n|\n|t:|1699885568\n|move|p1a: Zapdos|Volt Switch|p2a: Moose\n|-supereffective|p2a: Moose\n|-activate|p2a: Moose|move: Substitute|[damage]\n|\n|t:|1699885572\n|switch|p1a: Chansey|Chansey, F|100\/100|[from] Volt Switch\n|move|p2a: Moose|Scald|p1a: Chansey\n|-damage|p1a: Chansey|84\/100\n|\n|-heal|p2a: Moose|81\/100|[from] item: Leftovers\n|upkeep\n|turn|6\n|j| zgiatq\u8d85\u7ea7\u53ef\u7231\u4e4b\u795e\n|\n|t:|1699885580\n|move|p2a: Moose|Calm Mind|p2a: Moose\n|-boost|p2a: Moose|spa|1\n|-boost|p2a: Moose|spd|1\n|move|p1a: Chansey|Seismic Toss|p2a: Moose\n|-end|p2a: Moose|Substitute\n|\n|-heal|p2a: Moose|88\/100|[from] item: Leftovers\n|upkeep\n|turn|7\n|\n|t:|1699885590\n|switch|p1a: Zapdos|Zapdos|100\/100\n|move|p2a: Moose|Substitute|p2a: Moose\n|-start|p2a: Moose|Substitute\n|-damage|p2a: Moose|63\/100\n|\n|-heal|p2a: Moose|69\/100|[from] item: Leftovers\n|upkeep\n|turn|8\n|\n|t:|1699885597\n|move|p1a: Zapdos|Volt Switch|p2a: Moose\n|-supereffective|p2a: Moose\n|-activate|p2a: Moose|move: Substitute|[damage]\n|\n|t:|1699885603\n|switch|p1a: Chansey|Chansey, F|84\/100|[from] Volt Switch\n|move|p2a: Moose|Calm Mind|p2a: Moose\n|-boost|p2a: Moose|spa|1\n|-boost|p2a: Moose|spd|1\n|\n|-heal|p2a: Moose|75\/100|[from] item: Leftovers\n|upkeep\n|turn|9\n|\n|t:|1699885611\n|move|p2a: Moose|Calm Mind|p2a: Moose\n|-boost|p2a: Moose|spa|1\n|-boost|p2a: Moose|spd|1\n|move|p1a: Chansey|Seismic Toss|p2a: Moose\n|-end|p2a: Moose|Substitute\n|\n|-heal|p2a: Moose|81\/100|[from] item: Leftovers\n|upkeep\n|turn|10\n|\n|t:|1699885622\n|move|p2a: Moose|Substitute|p2a: Moose\n|-start|p2a: Moose|Substitute\n|-damage|p2a: Moose|56\/100\n|move|p1a: Chansey|Toxic||[still]\n|-fail|p1a: Chansey\n|\n|-heal|p2a: Moose|62\/100|[from] item: Leftovers\n|upkeep\n|turn|11\n|\n|t:|1699885630\n|move|p2a: Moose|Calm Mind|p2a: Moose\n|-boost|p2a: Moose|spa|1\n|-boost|p2a: Moose|spd|1\n|move|p1a: Chansey|Seismic Toss|p2a: Moose\n|-activate|p2a: Moose|move: Substitute|[damage]\n|\n|-heal|p2a: Moose|69\/100|[from] item: Leftovers\n|upkeep\n|turn|12\n|\n|t:|1699885638\n|move|p2a: Moose|Scald|p1a: Chansey\n|-damage|p1a: Chansey|53\/100\n|-status|p1a: Chansey|brn\n|move|p1a: Chansey|Seismic Toss|p2a: Moose\n|-end|p2a: Moose|Substitute\n|\n|-heal|p2a: Moose|75\/100|[from] item: Leftovers\n|-damage|p1a: Chansey|47\/100 brn|[from] brn\n|upkeep\n|turn|13\n|\n|t:|1699885647\n|move|p2a: Moose|Substitute|p2a: Moose\n|-start|p2a: Moose|Substitute\n|-damage|p2a: Moose|50\/100\n|move|p1a: Chansey|Soft-Boiled|p1a: Chansey\n|-heal|p1a: Chansey|97\/100 brn\n|\n|-heal|p2a: Moose|56\/100|[from] item: Leftovers\n|-damage|p1a: Chansey|91\/100 brn|[from] brn\n|upkeep\n|turn|14\n|\n|t:|1699885656\n|move|p2a: Moose|Scald|p1a: Chansey\n|-damage|p1a: Chansey|59\/100 brn\n|move|p1a: Chansey|Heal Bell|p1a: Chansey\n|-activate|p1a: Chansey|move: Heal Bell\n|-curestatus|p1a: Chansey|brn|[msg]\n|\n|-heal|p2a: Moose|62\/100|[from] item: Leftovers\n|upkeep\n|turn|15\n|\n|t:|1699885666\n|move|p2a: Moose|Scald|p1a: Chansey\n|-damage|p1a: Chansey|27\/100\n|move|p1a: Chansey|Seismic Toss|p2a: Moose\n|-activate|p2a: Moose|move: Substitute|[damage]\n|\n|-heal|p2a: Moose|68\/100|[from] item: Leftovers\n|upkeep\n|turn|16\n|\n|t:|1699885673\n|move|p2a: Moose|Scald|p1a: Chansey\n|-damage|p1a: Chansey|0 fnt\n|faint|p1a: Chansey\n|\n|-heal|p2a: Moose|75\/100|[from] item: Leftovers\n|upkeep\n|\n|t:|1699885680\n|switch|p1a: Zapdos|Zapdos|100\/100\n|turn|17\n|\n|t:|1699885687\n|move|p1a: Zapdos|Volt Switch|p2a: Moose\n|-supereffective|p2a: Moose\n|-end|p2a: Moose|Substitute\n|\n|t:|1699885695\n|switch|p1a: iron-bug|Scizor, M|100\/100|[from] Volt Switch\n|move|p2a: Moose|Scald|p1a: iron-bug\n|-damage|p1a: iron-bug|0 fnt\n|faint|p1a: iron-bug\n|\n|-heal|p2a: Moose|81\/100|[from] item: Leftovers\n|upkeep\n|\n|t:|1699885705\n|switch|p1a: Dragon hunter|Garchomp, F, shiny|100\/100\n|turn|18\n|\n|t:|1699885708\n|move|p1a: Dragon hunter|Outrage|p2a: Moose\n|-damage|p2a: Moose|40\/100\n|move|p2a: Moose|Scald|p1a: Dragon hunter\n|-damage|p1a: Dragon hunter|0 fnt\n|faint|p1a: Dragon hunter\n|\n|-heal|p2a: Moose|47\/100|[from] item: Leftovers\n|upkeep\n|\n|t:|1699885718\n|switch|p1a: Zapdos|Zapdos|100\/100\n|turn|19\n|\n|t:|1699885723\n|move|p1a: Zapdos|Volt Switch|p2a: Moose\n|-supereffective|p2a: Moose\n|-damage|p2a: Moose|36\/100\n|-message|Sonanta forfeited.\n|\n|win|Tpd le Spew\n|raw|Sonanta's rating: 1565 &rarr; <strong>1551<\/strong><br \/>(-14 for losing)\n|raw|Tpd le Spew's rating: 1678 &rarr; <strong>1692<\/strong><br \/>(+14 for winning)\n|c|\u2606Tpd le Spew|Where was dondozo\n|c|\u2606Tpd le Spew|He could at least hold off suicune for awhile\n|c|\u2606Tpd le Spew|Ggs tjough\n|c|\u2606Sonanta|thanks bro\n","uploadtime":1699885816,"views":15,"p1id":"sonanta","p2id":"tpdlespew","formatid":"gen9nationaldex","rating":1551,"private":0,"password":""}