{"id":"gen9nationaldex-1995325798","p1":"stakasmaka","p2":"daniel241595","format":"[Gen 9] National Dex","log":"|html|<div class=\"broadcast-blue\"><strong>[Gen 9] National Dex is currently suspecting Sneasler! For information on how to participate check out the <a href=\"https:\/\/www.smogon.com\/forums\/threads\/sv-national-dex-suspect-8-just-dance.3731534\/\">suspect thread<\/a>.<\/strong><\/div>\n|j|\u2606stakasmaka\n|j|\u2606daniel241595\n|t:|1700554062\n|gametype|singles\n|player|p1|stakasmaka|boarder-gen2|1424\n|player|p2|daniel241595|gambler|1470\n|teamsize|p1|6\n|teamsize|p2|6\n|gen|9\n|tier|[Gen 9] National Dex\n|rated|\n|rule|HP Percentage Mod: HP is shown in percentages\n|rule|Endless Battle Clause: Forcing endless battles is banned\n|rule|OHKO Clause: OHKO moves are banned\n|rule|Evasion Clause: Evasion abilities, items, and moves are banned\n|rule|Evasion Abilities Clause: Evasion abilities are banned\n|rule|Evasion Items Clause: Evasion items are banned\n|rule|Evasion Moves Clause: Evasion moves are banned\n|rule|Species Clause: Limit one of each Pok\u00e9mon\n|rule|Sleep Clause Mod: Limit one foe put to sleep\n|clearpoke\n|poke|p1|Porygon2|\n|poke|p1|Stakataka|\n|poke|p1|Hatterene, F|\n|poke|p1|Cresselia, F|\n|poke|p1|Slowbro, F|\n|poke|p1|Glimmora, F|\n|poke|p2|Arcanine, M|\n|poke|p2|Flygon, F|\n|poke|p2|Empoleon, M|\n|poke|p2|Eelektross, F|\n|poke|p2|Florges, F|\n|poke|p2|Kleavor, M|\n|teampreview\n|inactive|Battle timer is ON: inactive players will automatically lose when time's up. (requested by stakasmaka)\n|\n|t:|1700554079\n|start\n|switch|p1a: Glimmora|Glimmora, F|100\/100\n|switch|p2a: Empoleon|Empoleon, M|100\/100\n|turn|1\n|\n|t:|1700554086\n|move|p1a: Glimmora|Spikes|p2a: Empoleon\n|-sidestart|p2: daniel241595|Spikes\n|move|p2a: Empoleon|Scald|p1a: Glimmora\n|-supereffective|p1a: Glimmora\n|-damage|p1a: Glimmora|11\/100\n|\n|upkeep\n|turn|2\n|\n|t:|1700554098\n|move|p1a: Glimmora|Energy Ball|p2a: Empoleon\n|-damage|p2a: Empoleon|72\/100\n|move|p2a: Empoleon|Scald|p1a: Glimmora\n|-supereffective|p1a: Glimmora\n|-damage|p1a: Glimmora|0 fnt\n|faint|p1a: Glimmora\n|\n|upkeep\n|\n|t:|1700554106\n|switch|p1a: roshi|Stakataka|100\/100\n|turn|3\n|\n|t:|1700554115\n|-terastallize|p1a: roshi|Steel\n|move|p2a: Empoleon|Scald|p1a: roshi\n|-damage|p1a: roshi|68\/100\n|-status|p1a: roshi|brn\n|move|p1a: roshi|Gyro Ball|p2a: Empoleon\n|-resisted|p2a: Empoleon\n|-damage|p2a: Empoleon|60\/100\n|\n|-damage|p1a: roshi|62\/100 brn|[from] brn\n|upkeep\n|turn|4\n|\n|t:|1700554122\n|move|p2a: Empoleon|Defog|p1a: roshi\n|-unboost|p1a: roshi|evasion|1\n|-sideend|p2: daniel241595|Spikes|[from] move: Defog|[of] p2a: Empoleon\n|move|p1a: roshi|Gyro Ball|p2a: Empoleon\n|-resisted|p2a: Empoleon\n|-damage|p2a: Empoleon|46\/100\n|\n|-damage|p1a: roshi|56\/100 brn|[from] brn\n|upkeep\n|turn|5\n|\n|t:|1700554127\n|move|p2a: Empoleon|Roost|p2a: Empoleon\n|-heal|p2a: Empoleon|96\/100\n|-singleturn|p2a: Empoleon|move: Roost\n|move|p1a: roshi|Gyro Ball|p2a: Empoleon\n|-resisted|p2a: Empoleon\n|-damage|p2a: Empoleon|82\/100\n|\n|-damage|p1a: roshi|50\/100 brn|[from] brn\n|upkeep\n|turn|6\n|\n|t:|1700554132\n|switch|p1a: abyss|Porygon2, shiny|100\/100\n|-ability|p1a: abyss|Download|boost\n|-boost|p1a: abyss|spa|1\n|move|p2a: Empoleon|Scald|p1a: abyss\n|-damage|p1a: abyss|80\/100\n|-status|p1a: abyss|brn\n|\n|-damage|p1a: abyss|74\/100 brn|[from] brn\n|upkeep\n|turn|7\n|\n|t:|1700554143\n|switch|p2a: Eelektross|Eelektross, F|100\/100\n|move|p1a: abyss|Thunderbolt|p2a: Eelektross\n|-resisted|p2a: Eelektross\n|-damage|p2a: Eelektross|84\/100\n|\n|-damage|p1a: abyss|68\/100 brn|[from] brn\n|upkeep\n|turn|8\n|\n|t:|1700554152\n|switch|p1a: aphrodite|Cresselia, F|100\/100\n|move|p2a: Eelektross|Dragon Tail|p1a: aphrodite\n|-damage|p1a: aphrodite|91\/100\n|drag|p1a: Slowbro|Slowbro, F|100\/100\n|\n|upkeep\n|turn|9\n|\n|t:|1700554157\n|switch|p1a: aphrodite|Cresselia, F|91\/100\n|move|p2a: Eelektross|Volt Switch|p1a: aphrodite\n|-damage|p1a: aphrodite|71\/100\n|\n|t:|1700554165\n|switch|p2a: Kleavor|Kleavor, M|100\/100|[from] Volt Switch\n|\n|upkeep\n|turn|10\n|\n|t:|1700554174\n|move|p2a: Kleavor|U-turn|p1a: aphrodite\n|-supereffective|p1a: aphrodite\n|-damage|p1a: aphrodite|30\/100\n|\n|t:|1700554180\n|switch|p2a: Eelektross|Eelektross, F|84\/100|[from] U-turn\n|move|p1a: aphrodite|Trick Room|p1a: aphrodite\n|-fieldstart|move: Trick Room|[of] p1a: aphrodite\n|\n|upkeep\n|turn|11\n|\n|t:|1700554186\n|move|p1a: aphrodite|Lunar Dance|p1a: aphrodite\n|faint|p1a: aphrodite\n|move|p2a: Eelektross|Dragon Tail|p1: aphrodite|[notarget]\n|-fail|p2a: Eelektross\n|\n|upkeep\n|\n|t:|1700554194\n|switch|p1a: roshi|Stakataka, tera:Steel|50\/100 brn\n|-heal|p1a: roshi|100\/100|[from] move: Lunar Dance\n|turn|12\n|\n|t:|1700554199\n|move|p1a: roshi|Heat Crash|p2a: Eelektross\n|-damage|p2a: Eelektross|4\/100\n|move|p2a: Eelektross|Flamethrower|p1a: roshi\n|-supereffective|p1a: roshi\n|-damage|p1a: roshi|39\/100\n|\n|upkeep\n|turn|13\n|\n|t:|1700554214\n|move|p1a: roshi|Heat Crash|p2a: Eelektross\n|-damage|p2a: Eelektross|0 fnt\n|faint|p2a: Eelektross\n|-ability|p1a: roshi|Beast Boost|boost\n|-boost|p1a: roshi|atk|1\n|\n|upkeep\n|\n|t:|1700554220\n|switch|p2a: Arcanine|Arcanine, M, shiny|100\/100\n|-ability|p2a: Arcanine|Intimidate|boost\n|-unboost|p1a: roshi|atk|1\n|turn|14\n|\n|t:|1700554242\n|switch|p1a: Slowbro|Slowbro, F|100\/100\n|switch|p2a: Empoleon|Empoleon, M|82\/100\n|\n|-fieldend|move: Trick Room\n|upkeep\n|turn|15\n|\n|t:|1700554259\n|switch|p2a: Florges|Florges, F|100\/100\n|move|p1a: Slowbro|Future Sight|p2a: Florges\n|-start|p1a: Slowbro|move: Future Sight\n|\n|upkeep\n|turn|16\n|\n|t:|1700554270\n|move|p2a: Florges|Moonblast|p1a: Slowbro\n|-damage|p1a: Slowbro|62\/100\n|-unboost|p1a: Slowbro|spa|1\n|move|p1a: Slowbro|Teleport|p1a: Slowbro\n|\n|t:|1700554272\n|switch|p1a: roshi|Stakataka, tera:Steel|39\/100|[from] Teleport\n|\n|upkeep\n|turn|17\n|\n|t:|1700554279\n|switch|p2a: Empoleon|Empoleon, M|82\/100\n|move|p1a: roshi|Earthquake|p2a: Empoleon\n|-supereffective|p2a: Empoleon\n|-damage|p2a: Empoleon|0 fnt\n|faint|p2a: Empoleon\n|-ability|p1a: roshi|Beast Boost|boost\n|-boost|p1a: roshi|atk|1\n|\n|-hint|Future Sight did not hit because the target is fainted.\n|upkeep\n|\n|t:|1700554287\n|switch|p2a: Arcanine|Arcanine, M, shiny|100\/100\n|-ability|p2a: Arcanine|Intimidate|boost\n|-unboost|p1a: roshi|atk|1\n|turn|18\n|\n|t:|1700554306\n|switch|p2a: Kleavor|Kleavor, M|100\/100\n|switch|p1a: Slowbro|Slowbro, F|95\/100\n|\n|upkeep\n|turn|19\n|\n|t:|1700554324\n|move|p2a: Kleavor|U-turn|p1a: Slowbro\n|-supereffective|p1a: Slowbro\n|-damage|p1a: Slowbro|36\/100\n|\n|t:|1700554326\n|switch|p2a: Florges|Florges, F|100\/100|[from] U-turn\n|move|p1a: Slowbro|Scald|p2a: Florges\n|-damage|p2a: Florges|79\/100\n|\n|-heal|p2a: Florges|85\/100|[from] item: Leftovers\n|upkeep\n|turn|20\n|\n|t:|1700554342\n|move|p2a: Florges|Moonblast|p1a: Slowbro\n|-damage|p1a: Slowbro|0 fnt\n|faint|p1a: Slowbro\n|\n|-heal|p2a: Florges|91\/100|[from] item: Leftovers\n|upkeep\n|\n|t:|1700554346\n|switch|p1a: mania|Hatterene, F|100\/100\n|turn|21\n|\n|t:|1700554354\n|move|p2a: Florges|Moonblast|p1a: mania\n|-damage|p1a: mania|63\/100\n|-unboost|p1a: mania|spa|1\n|move|p1a: mania|Trick Room|p1a: mania\n|-fieldstart|move: Trick Room|[of] p1a: mania\n|\n|-heal|p2a: Florges|97\/100|[from] item: Leftovers\n|upkeep\n|turn|22\n|\n|t:|1700554365\n|move|p1a: mania|Healing Wish|p1a: mania\n|faint|p1a: mania\n|move|p2a: Florges|Wish|p2a: Florges\n|\n|-heal|p2a: Florges|100\/100|[from] item: Leftovers\n|upkeep\n|\n|t:|1700554371\n|switch|p1a: roshi|Stakataka, tera:Steel|39\/100\n|-heal|p1a: roshi|100\/100|[from] move: Healing Wish\n|turn|23\n|\n|t:|1700554376\n|switch|p2a: Arcanine|Arcanine, M, shiny|100\/100\n|-ability|p2a: Arcanine|Intimidate|boost\n|-unboost|p1a: roshi|atk|1\n|move|p1a: roshi|Gyro Ball|p2a: Arcanine\n|-resisted|p2a: Arcanine\n|-damage|p2a: Arcanine|39\/100\n|\n|-heal|p2a: Arcanine|86\/100|[from] move: Wish|[wisher] Florges\n|upkeep\n|turn|24\n|\n|t:|1700554387\n|switch|p2a: Flygon|Flygon, F|100\/100\n|move|p1a: roshi|Gyro Ball|p2a: Flygon\n|-damage|p2a: Flygon|0 fnt\n|faint|p2a: Flygon\n|-ability|p1a: roshi|Beast Boost|boost\n|-boost|p1a: roshi|atk|1\n|\n|upkeep\n|\n|t:|1700554397\n|switch|p2a: Arcanine|Arcanine, M, shiny|86\/100\n|-ability|p2a: Arcanine|Intimidate|boost\n|-unboost|p1a: roshi|atk|1\n|turn|25\n|\n|t:|1700554412\n|switch|p1a: abyss|Porygon2, shiny|68\/100 brn\n|-ability|p1a: abyss|Download|boost\n|-boost|p1a: abyss|spa|1\n|move|p2a: Arcanine|Flare Blitz|p1a: abyss\n|-damage|p1a: abyss|10\/100 brn\n|-damage|p2a: Arcanine|67\/100|[from] Recoil\n|\n|-damage|p1a: abyss|3\/100 brn|[from] brn\n|-fieldend|move: Trick Room\n|upkeep\n|turn|26\n|\n|t:|1700554419\n|move|p2a: Arcanine|Flare Blitz|p1a: abyss\n|-damage|p1a: abyss|0 fnt\n|faint|p1a: abyss\n|-damage|p2a: Arcanine|66\/100|[from] Recoil\n|\n|upkeep\n|\n|t:|1700554423\n|switch|p1a: roshi|Stakataka, tera:Steel|100\/100\n|turn|27\n|\n|t:|1700554426\n|move|p2a: Arcanine|Flare Blitz|p1a: roshi\n|-supereffective|p1a: roshi\n|-damage|p1a: roshi|0 fnt\n|faint|p1a: roshi\n|-damage|p2a: Arcanine|38\/100|[from] Recoil\n|\n|win|daniel241595\n|raw|stakasmaka's rating: 1424 &rarr; <strong>1407<\/strong><br \/>(-17 for losing)\n|raw|daniel241595's rating: 1470 &rarr; <strong>1487<\/strong><br \/>(+17 for winning)\n","uploadtime":1700554429,"views":8,"p1id":"stakasmaka","p2id":"daniel241595","formatid":"gen9nationaldex","rating":1407,"private":0,"password":""}