{"id":"gen9nationaldex-1993632112","p1":"MrLukis","p2":"Torrente777","format":"[Gen 9] National Dex","log":"|j|\u2606MrLukis\n|j|\u2606Torrente777\n|t:|1700339582\n|gametype|singles\n|player|p1|MrLukis|hugh|\n|player|p2|Torrente777|biker-gen4|\n|teamsize|p1|6\n|teamsize|p2|6\n|gen|9\n|tier|[Gen 9] National Dex\n|rule|HP Percentage Mod: HP is shown in percentages\n|rule|Endless Battle Clause: Forcing endless battles is banned\n|rule|OHKO Clause: OHKO moves are banned\n|rule|Evasion Clause: Evasion abilities, items, and moves are banned\n|rule|Evasion Abilities Clause: Evasion abilities are banned\n|rule|Evasion Items Clause: Evasion items are banned\n|rule|Evasion Moves Clause: Evasion moves are banned\n|rule|Species Clause: Limit one of each Pok\u00e9mon\n|rule|Sleep Clause Mod: Limit one foe put to sleep\n|clearpoke\n|poke|p1|Typhlosion, M|\n|poke|p1|Ampharos, M|\n|poke|p1|Alomomola, F|\n|poke|p1|Gliscor, M|\n|poke|p1|Sliggoo-Hisui, M|\n|poke|p1|Ferrothorn, M|\n|poke|p2|Sableye, M|\n|poke|p2|Garchomp, F|\n|poke|p2|Iron Hands|\n|poke|p2|Araquanid, M|\n|poke|p2|Slowking-Galar, M|\n|poke|p2|Cloyster, F|\n|teampreview\n|inactive|Battle timer is ON: inactive players will automatically lose when time's up. (requested by MrLukis)\n|inactive|MrLukis has 270 seconds left.\n|inactive|MrLukis has 240 seconds left.\n|\n|t:|1700339645\n|start\n|switch|p1a: Chocoflakes|Ferrothorn, M, shiny|100\/100\n|switch|p2a: Araquanid|Araquanid, M|100\/100\n|turn|1\n|\n|t:|1700339654\n|move|p2a: Araquanid|Sticky Web|p1a: Chocoflakes\n|-sidestart|p1: MrLukis|move: Sticky Web\n|move|p1a: Chocoflakes|Stealth Rock|p2a: Araquanid\n|-sidestart|p2: Torrente777|move: Stealth Rock\n|\n|upkeep\n|turn|2\n|\n|t:|1700339665\n|switch|p2a: Slowking|Slowking-Galar, M|100\/100\n|-damage|p2a: Slowking|88\/100|[from] Stealth Rock\n|move|p1a: Chocoflakes|Toxic|p2a: Slowking\n|-immune|p2a: Slowking\n|\n|upkeep\n|turn|3\n|\n|t:|1700339672\n|move|p2a: Slowking|Flamethrower|p1a: Chocoflakes\n|-supereffective|p1a: Chocoflakes\n|-damage|p1a: Chocoflakes|20\/100\n|move|p1a: Chocoflakes|Spikes|p2a: Slowking\n|-sidestart|p2: Torrente777|Spikes\n|\n|-heal|p1a: Chocoflakes|26\/100|[from] item: Leftovers\n|upkeep\n|turn|4\n|\n|t:|1700339683\n|switch|p1a: Dise\u00f1o Ins\u00edpido|Typhlosion, M|100\/100\n|-activate|p1a: Dise\u00f1o Ins\u00edpido|move: Sticky Web\n|-unboost|p1a: Dise\u00f1o Ins\u00edpido|spe|1\n|move|p2a: Slowking|Flamethrower|p1a: Dise\u00f1o Ins\u00edpido\n|-start|p1a: Dise\u00f1o Ins\u00edpido|ability: Flash Fire\n|\n|upkeep\n|turn|5\n|\n|t:|1700339693\n|move|p1a: Dise\u00f1o Ins\u00edpido|Eruption|p2a: Slowking\n|-damage|p2a: Slowking|34\/100\n|move|p2a: Slowking|Scald|p1a: Dise\u00f1o Ins\u00edpido\n|-supereffective|p1a: Dise\u00f1o Ins\u00edpido\n|-damage|p1a: Dise\u00f1o Ins\u00edpido|46\/100\n|\n|upkeep\n|turn|6\n|\n|t:|1700339701\n|-end|p1a: Dise\u00f1o Ins\u00edpido|ability: Flash Fire|[silent]\n|switch|p1a: Pok\u00e9mon que mola|Alomomola, F, shiny|100\/100\n|-activate|p1a: Pok\u00e9mon que mola|move: Sticky Web\n|-unboost|p1a: Pok\u00e9mon que mola|spe|1\n|move|p2a: Slowking|Scald|p1a: Pok\u00e9mon que mola\n|-resisted|p1a: Pok\u00e9mon que mola\n|-damage|p1a: Pok\u00e9mon que mola|88\/100\n|-status|p1a: Pok\u00e9mon que mola|brn\n|\n|-heal|p1a: Pok\u00e9mon que mola|94\/100 brn|[from] item: Leftovers\n|-damage|p1a: Pok\u00e9mon que mola|88\/100 brn|[from] brn\n|upkeep\n|turn|7\n|\n|t:|1700339720\n|switch|p2a: Araquanid|Araquanid, M|100\/100\n|-damage|p2a: Araquanid|76\/100|[from] Stealth Rock\n|-damage|p2a: Araquanid|63\/100|[from] Spikes\n|move|p1a: Pok\u00e9mon que mola|Wish|p1a: Pok\u00e9mon que mola\n|\n|-heal|p1a: Pok\u00e9mon que mola|94\/100 brn|[from] item: Leftovers\n|-damage|p1a: Pok\u00e9mon que mola|88\/100 brn|[from] brn\n|upkeep\n|turn|8\n|\n|t:|1700339732\n|move|p2a: Araquanid|Liquidation|p1a: Pok\u00e9mon que mola\n|-resisted|p1a: Pok\u00e9mon que mola\n|-damage|p1a: Pok\u00e9mon que mola|69\/100 brn\n|-unboost|p1a: Pok\u00e9mon que mola|def|1\n|move|p1a: Pok\u00e9mon que mola|Flip Turn|p2a: Araquanid\n|-resisted|p2a: Araquanid\n|-damage|p2a: Araquanid|58\/100\n|\n|t:|1700339739\n|switch|p1a: Chocoflakes|Ferrothorn, M, shiny|26\/100|[from] Flip Turn\n|-activate|p1a: Chocoflakes|move: Sticky Web\n|-unboost|p1a: Chocoflakes|spe|1\n|\n|-heal|p1a: Chocoflakes|100\/100|[from] move: Wish|[wisher] Pok\u00e9mon que mola\n|upkeep\n|turn|9\n|\n|t:|1700339762\n|move|p2a: Araquanid|Magic Coat|p2a: Araquanid\n|-singleturn|p2a: Araquanid|move: Magic Coat\n|move|p1a: Chocoflakes|Gyro Ball|p2a: Araquanid\n|-resisted|p2a: Araquanid\n|-damage|p2a: Araquanid|24\/100\n|\n|upkeep\n|turn|10\n|inactive|Torrente777 has 270 seconds left.\n|\n|t:|1700339788\n|move|p2a: Araquanid|Liquidation|p1a: Chocoflakes\n|-resisted|p1a: Chocoflakes\n|-damage|p1a: Chocoflakes|79\/100\n|-unboost|p1a: Chocoflakes|def|1\n|-damage|p2a: Araquanid|12\/100|[from] ability: Iron Barbs|[of] p1a: Chocoflakes\n|move|p1a: Chocoflakes|Gyro Ball|p2a: Araquanid\n|-resisted|p2a: Araquanid\n|-damage|p2a: Araquanid|0 fnt\n|faint|p2a: Araquanid\n|\n|-heal|p1a: Chocoflakes|85\/100|[from] item: Leftovers\n|upkeep\n|\n|t:|1700339804\n|switch|p2a: Slowking|Slowking-Galar, M|67\/100\n|-damage|p2a: Slowking|55\/100|[from] Stealth Rock\n|-damage|p2a: Slowking|42\/100|[from] Spikes\n|turn|11\n|\n|t:|1700339811\n|switch|p1a: Dise\u00f1o Ins\u00edpido|Typhlosion, M|46\/100\n|-activate|p1a: Dise\u00f1o Ins\u00edpido|move: Sticky Web\n|-unboost|p1a: Dise\u00f1o Ins\u00edpido|spe|1\n|-terastallize|p2a: Slowking|Fire\n|move|p2a: Slowking|Flamethrower|p1a: Dise\u00f1o Ins\u00edpido\n|-start|p1a: Dise\u00f1o Ins\u00edpido|ability: Flash Fire\n|\n|upkeep\n|turn|12\n|\n|t:|1700339824\n|move|p1a: Dise\u00f1o Ins\u00edpido|Focus Blast|p2a: Slowking\n|-damage|p2a: Slowking|25\/100\n|move|p2a: Slowking|Scald|p1a: Dise\u00f1o Ins\u00edpido\n|-supereffective|p1a: Dise\u00f1o Ins\u00edpido\n|-damage|p1a: Dise\u00f1o Ins\u00edpido|0 fnt\n|faint|p1a: Dise\u00f1o Ins\u00edpido\n|\n|upkeep\n|\n|t:|1700339834\n|switch|p1a: Baneado de OU|Gliscor, M, shiny|100\/100\n|turn|13\n|\n|t:|1700339843\n|switch|p2a: Garchomp|Garchomp, F|100\/100\n|-damage|p2a: Garchomp|94\/100|[from] Stealth Rock\n|-damage|p2a: Garchomp|82\/100|[from] Spikes\n|move|p1a: Baneado de OU|Earthquake|p2a: Garchomp\n|-damage|p2a: Garchomp|41\/100\n|\n|-status|p1a: Baneado de OU|tox|[from] item: Toxic Orb\n|upkeep\n|turn|14\n|inactive|Torrente777 has 270 seconds left.\n|\n|t:|1700339859\n|detailschange|p2a: Garchomp|Garchomp-Mega, F\n|-mega|p2a: Garchomp|Garchomp|Garchompite\n|move|p2a: Garchomp|Dragon Claw|p1a: Baneado de OU\n|-damage|p1a: Baneado de OU|67\/100 tox\n|move|p1a: Baneado de OU|Earthquake|p2a: Garchomp\n|-damage|p2a: Garchomp|8\/100\n|\n|-damage|p1a: Baneado de OU|61\/100 tox|[from] psn\n|upkeep\n|turn|15\n|\n|t:|1700339881\n|switch|p1a: el caracolillo|Sliggoo-Hisui, M, shiny|100\/100\n|-activate|p1a: el caracolillo|move: Sticky Web\n|-unboost|p1a: el caracolillo|spe|1\n|move|p2a: Garchomp|Dragon Claw|p1a: el caracolillo\n|-damage|p1a: el caracolillo|65\/100\n|\n|upkeep\n|turn|16\n|\n|t:|1700339895\n|switch|p1a: Baneado de OU|Gliscor, M, shiny|61\/100 tox\n|move|p2a: Garchomp|Earthquake|p1a: Baneado de OU\n|-immune|p1a: Baneado de OU\n|\n|-damage|p1a: Baneado de OU|55\/100 tox|[from] psn\n|upkeep\n|turn|17\n|\n|t:|1700339903\n|move|p2a: Garchomp|Dragon Claw|p1a: Baneado de OU\n|-damage|p1a: Baneado de OU|20\/100 tox\n|move|p1a: Baneado de OU|Dual Wingbeat|p2a: Garchomp\n|-damage|p2a: Garchomp|0 fnt\n|faint|p2a: Garchomp\n|-hitcount|p2: Garchomp|1\n|\n|-damage|p1a: Baneado de OU|8\/100 tox|[from] psn\n|upkeep\n|\n|t:|1700339913\n|switch|p2a: Iron Hands|Iron Hands|100\/100\n|-damage|p2a: Iron Hands|94\/100|[from] Stealth Rock\n|-damage|p2a: Iron Hands|82\/100|[from] Spikes\n|-enditem|p2a: Iron Hands|Booster Energy\n|-activate|p2a: Iron Hands|ability: Quark Drive|[fromitem]\n|-start|p2a: Iron Hands|quarkdriveatk\n|turn|18\n|\n|t:|1700339920\n|switch|p1a: el caracolillo|Sliggoo-Hisui, M, shiny|65\/100\n|-activate|p1a: el caracolillo|move: Sticky Web\n|-unboost|p1a: el caracolillo|spe|1\n|move|p2a: Iron Hands|Facade|p1a: el caracolillo\n|-resisted|p1a: el caracolillo\n|-damage|p1a: el caracolillo|49\/100\n|\n|upkeep\n|turn|19\n|\n|t:|1700339935\n|move|p2a: Iron Hands|Drain Punch|p1a: el caracolillo\n|-supereffective|p1a: el caracolillo\n|-damage|p1a: el caracolillo|0 fnt\n|-heal|p2a: Iron Hands|99\/100|[from] drain|[of] p1a: el caracolillo\n|faint|p1a: el caracolillo\n|\n|upkeep\n|\n|t:|1700339938\n|switch|p1a: Pok\u00e9mon que mola|Alomomola, F, shiny|100\/100 brn\n|-activate|p1a: Pok\u00e9mon que mola|move: Sticky Web\n|-unboost|p1a: Pok\u00e9mon que mola|spe|1\n|turn|20\n|\n|t:|1700339948\n|move|p2a: Iron Hands|Thunder Punch|p1a: Pok\u00e9mon que mola\n|-supereffective|p1a: Pok\u00e9mon que mola\n|-damage|p1a: Pok\u00e9mon que mola|36\/100 brn\n|move|p1a: Pok\u00e9mon que mola|Wish|p1a: Pok\u00e9mon que mola\n|\n|-heal|p1a: Pok\u00e9mon que mola|43\/100 brn|[from] item: Leftovers\n|-damage|p1a: Pok\u00e9mon que mola|36\/100 brn|[from] brn\n|upkeep\n|turn|21\n|\n|t:|1700339957\n|switch|p1a: Baneado de OU|Gliscor, M, shiny|8\/100 tox\n|move|p2a: Iron Hands|Thunder Punch|p1a: Baneado de OU\n|-immune|p1a: Baneado de OU\n|\n|-heal|p1a: Baneado de OU|99\/100 tox|[from] move: Wish|[wisher] Pok\u00e9mon que mola\n|-damage|p1a: Baneado de OU|94\/100 tox|[from] psn\n|upkeep\n|turn|22\n|\n|t:|1700339968\n|-end|p2a: Iron Hands|Quark Drive|[silent]\n|switch|p2a: Cloyster|Cloyster, F|100\/100\n|-damage|p2a: Cloyster|76\/100|[from] Stealth Rock\n|-damage|p2a: Cloyster|63\/100|[from] Spikes\n|move|p1a: Baneado de OU|Dual Wingbeat|p2a: Cloyster\n|-damage|p2a: Cloyster|48\/100\n|-crit|p2a: Cloyster\n|-damage|p2a: Cloyster|26\/100\n|-hitcount|p2a: Cloyster|2\n|\n|-damage|p1a: Baneado de OU|81\/100 tox|[from] psn\n|upkeep\n|turn|23\n|\n|t:|1700339979\n|switch|p1a: Chocoflakes|Ferrothorn, M, shiny|85\/100\n|-activate|p1a: Chocoflakes|move: Sticky Web\n|-unboost|p1a: Chocoflakes|spe|1\n|move|p2a: Cloyster|Icicle Spear|p1a: Chocoflakes\n|-crit|p1a: Chocoflakes\n|-damage|p1a: Chocoflakes|75\/100\n|-damage|p1a: Chocoflakes|69\/100\n|-damage|p1a: Chocoflakes|62\/100\n|-damage|p1a: Chocoflakes|56\/100\n|-damage|p1a: Chocoflakes|50\/100\n|-hitcount|p1a: Chocoflakes|5\n|\n|-heal|p1a: Chocoflakes|56\/100|[from] item: Leftovers\n|upkeep\n|turn|24\n|\n|t:|1700339997\n|switch|p2a: Slowking|Slowking-Galar, M, tera:Fire|59\/100\n|-damage|p2a: Slowking|34\/100|[from] Stealth Rock\n|-damage|p2a: Slowking|21\/100|[from] Spikes\n|move|p1a: Chocoflakes|Gyro Ball|p2a: Slowking\n|-resisted|p2a: Slowking\n|-damage|p2a: Slowking|0 fnt\n|faint|p2a: Slowking\n|\n|-heal|p1a: Chocoflakes|62\/100|[from] item: Leftovers\n|upkeep\n|\n|t:|1700340006\n|switch|p2a: Sableye|Sableye, M|100\/100\n|-damage|p2a: Sableye|88\/100|[from] Stealth Rock\n|-damage|p2a: Sableye|75\/100|[from] Spikes\n|turn|25\n|\n|t:|1700340012\n|move|p2a: Sableye|Will-O-Wisp|p1a: Chocoflakes\n|-status|p1a: Chocoflakes|brn\n|move|p1a: Chocoflakes|Gyro Ball|p2a: Sableye\n|-damage|p2a: Sableye|50\/100\n|\n|-heal|p2a: Sableye|57\/100|[from] item: Leftovers\n|-heal|p1a: Chocoflakes|68\/100 brn|[from] item: Leftovers\n|-damage|p1a: Chocoflakes|62\/100 brn|[from] brn\n|upkeep\n|turn|26\n|\n|t:|1700340022\n|move|p2a: Sableye|Recover|p2a: Sableye\n|-heal|p2a: Sableye|100\/100\n|move|p1a: Chocoflakes|Toxic|p2a: Sableye\n|-status|p2a: Sableye|tox\n|\n|-heal|p1a: Chocoflakes|68\/100 brn|[from] item: Leftovers\n|-damage|p2a: Sableye|94\/100 tox|[from] psn\n|-damage|p1a: Chocoflakes|62\/100 brn|[from] brn\n|upkeep\n|turn|27\n|\n|t:|1700340032\n|move|p2a: Sableye|Knock Off|p1a: Chocoflakes\n|-damage|p1a: Chocoflakes|46\/100 brn\n|-damage|p2a: Sableye|82\/100 tox|[from] ability: Iron Barbs|[of] p1a: Chocoflakes\n|-enditem|p1a: Chocoflakes|Leftovers|[from] move: Knock Off|[of] p2a: Sableye\n|move|p1a: Chocoflakes|Spikes|p2a: Sableye\n|-sidestart|p2: Torrente777|Spikes\n|\n|-heal|p2a: Sableye|88\/100 tox|[from] item: Leftovers\n|-damage|p2a: Sableye|75\/100 tox|[from] psn\n|-damage|p1a: Chocoflakes|40\/100 brn|[from] brn\n|upkeep\n|turn|28\n|\n|t:|1700340044\n|move|p2a: Sableye|Recover|p2a: Sableye\n|-heal|p2a: Sableye|100\/100 tox\n|move|p1a: Chocoflakes|Spikes|p2a: Sableye\n|-sidestart|p2: Torrente777|Spikes\n|\n|-damage|p2a: Sableye|82\/100 tox|[from] psn\n|-damage|p1a: Chocoflakes|34\/100 brn|[from] brn\n|upkeep\n|turn|29\n|\n|t:|1700340054\n|move|p2a: Sableye|Knock Off|p1a: Chocoflakes\n|-damage|p1a: Chocoflakes|25\/100 brn\n|-damage|p2a: Sableye|69\/100 tox|[from] ability: Iron Barbs|[of] p1a: Chocoflakes\n|move|p1a: Chocoflakes|Gyro Ball|p2a: Sableye\n|-damage|p2a: Sableye|42\/100 tox\n|\n|-heal|p2a: Sableye|48\/100 tox|[from] item: Leftovers\n|-damage|p2a: Sableye|23\/100 tox|[from] psn\n|-damage|p1a: Chocoflakes|19\/100 brn|[from] brn\n|upkeep\n|turn|30\n|\n|t:|1700340068\n|switch|p1a: Pok\u00e9mon que mola|Alomomola, F, shiny|70\/100 brn\n|-activate|p1a: Pok\u00e9mon que mola|move: Sticky Web\n|-unboost|p1a: Pok\u00e9mon que mola|spe|1\n|move|p2a: Sableye|Recover|p2a: Sableye\n|-heal|p2a: Sableye|73\/100 tox\n|\n|-heal|p2a: Sableye|79\/100 tox|[from] item: Leftovers\n|-heal|p1a: Pok\u00e9mon que mola|76\/100 brn|[from] item: Leftovers\n|-damage|p2a: Sableye|48\/100 tox|[from] psn\n|-damage|p1a: Pok\u00e9mon que mola|70\/100 brn|[from] brn\n|upkeep\n|turn|31\n|\n|t:|1700340082\n|move|p2a: Sableye|Knock Off|p1a: Pok\u00e9mon que mola\n|-damage|p1a: Pok\u00e9mon que mola|58\/100 brn\n|-enditem|p1a: Pok\u00e9mon que mola|Leftovers|[from] move: Knock Off|[of] p2a: Sableye\n|move|p1a: Pok\u00e9mon que mola|Wish|p1a: Pok\u00e9mon que mola\n|\n|-heal|p2a: Sableye|54\/100 tox|[from] item: Leftovers\n|-damage|p2a: Sableye|17\/100 tox|[from] psn\n|-damage|p1a: Pok\u00e9mon que mola|52\/100 brn|[from] brn\n|upkeep\n|turn|32\n|\n|t:|1700340099\n|move|p2a: Sableye|Recover|p2a: Sableye\n|-heal|p2a: Sableye|67\/100 tox\n|move|p1a: Pok\u00e9mon que mola|Flip Turn|p2a: Sableye\n|-damage|p2a: Sableye|59\/100 tox\n|\n|t:|1700340105\n|switch|p1a: Chocoflakes|Ferrothorn, M, shiny|19\/100 brn|[from] Flip Turn\n|-activate|p1a: Chocoflakes|move: Sticky Web\n|-unboost|p1a: Chocoflakes|spe|1\n|\n|-heal|p1a: Chocoflakes|95\/100 brn|[from] move: Wish|[wisher] Pok\u00e9mon que mola\n|-heal|p2a: Sableye|65\/100 tox|[from] item: Leftovers\n|-damage|p2a: Sableye|21\/100 tox|[from] psn\n|-damage|p1a: Chocoflakes|89\/100 brn|[from] brn\n|upkeep\n|turn|33\n|\n|t:|1700340120\n|move|p2a: Sableye|Knock Off|p1a: Chocoflakes\n|-damage|p1a: Chocoflakes|79\/100 brn\n|-damage|p2a: Sableye|9\/100 tox|[from] ability: Iron Barbs|[of] p1a: Chocoflakes\n|move|p1a: Chocoflakes|Gyro Ball|p2a: Sableye\n|-damage|p2a: Sableye|0 fnt\n|faint|p2a: Sableye\n|\n|-damage|p1a: Chocoflakes|73\/100 brn|[from] brn\n|upkeep\n|\n|t:|1700340129\n|switch|p2a: Iron Hands|Iron Hands|99\/100\n|-damage|p2a: Iron Hands|93\/100|[from] Stealth Rock\n|-damage|p2a: Iron Hands|68\/100|[from] Spikes\n|turn|34\n|\n|t:|1700340136\n|move|p2a: Iron Hands|Facade|p1a: Chocoflakes\n|-resisted|p1a: Chocoflakes\n|-damage|p1a: Chocoflakes|65\/100 brn\n|-damage|p2a: Iron Hands|55\/100|[from] ability: Iron Barbs|[of] p1a: Chocoflakes\n|move|p1a: Chocoflakes|Toxic|p2a: Iron Hands\n|-status|p2a: Iron Hands|tox\n|\n|-damage|p2a: Iron Hands|49\/100 tox|[from] psn\n|-damage|p1a: Chocoflakes|59\/100 brn|[from] brn\n|upkeep\n|turn|35\n|\n|t:|1700340148\n|move|p2a: Iron Hands|Drain Punch|p1a: Chocoflakes\n|-supereffective|p1a: Chocoflakes\n|-damage|p1a: Chocoflakes|4\/100 brn\n|-heal|p2a: Iron Hands|70\/100 tox|[from] drain|[of] p1a: Chocoflakes\n|-damage|p2a: Iron Hands|58\/100 tox|[from] ability: Iron Barbs|[of] p1a: Chocoflakes\n|move|p1a: Chocoflakes|Gyro Ball|p2a: Iron Hands\n|-resisted|p2a: Iron Hands\n|-damage|p2a: Iron Hands|49\/100 tox\n|\n|-damage|p2a: Iron Hands|37\/100 tox|[from] psn\n|-damage|p1a: Chocoflakes|0 fnt|[from] brn\n|faint|p1a: Chocoflakes\n|upkeep\n|\n|t:|1700340163\n|switch|p1a: Pok\u00e9mon que mola|Alomomola, F, shiny|85\/100 brn\n|-activate|p1a: Pok\u00e9mon que mola|move: Sticky Web\n|-unboost|p1a: Pok\u00e9mon que mola|spe|1\n|turn|36\n|\n|t:|1700340171\n|move|p1a: Pok\u00e9mon que mola|Protect|p1a: Pok\u00e9mon que mola\n|-singleturn|p1a: Pok\u00e9mon que mola|Protect\n|move|p2a: Iron Hands|Thunder Punch|p1a: Pok\u00e9mon que mola\n|-activate|p1a: Pok\u00e9mon que mola|move: Protect\n|\n|-damage|p2a: Iron Hands|18\/100 tox|[from] psn\n|-damage|p1a: Pok\u00e9mon que mola|79\/100 brn|[from] brn\n|upkeep\n|turn|37\n|\n|t:|1700340180\n|switch|p1a: Baneado de OU|Gliscor, M, shiny|81\/100 tox\n|move|p2a: Iron Hands|Thunder Punch|p1a: Baneado de OU\n|-immune|p1a: Baneado de OU\n|\n|-damage|p1a: Baneado de OU|75\/100 tox|[from] psn\n|-damage|p2a: Iron Hands|0 fnt|[from] psn\n|faint|p2a: Iron Hands\n|-end|p2a: Iron Hands|Quark Drive|[silent]\n|upkeep\n|\n|t:|1700340188\n|switch|p2a: Cloyster|Cloyster, F|26\/100\n|-damage|p2a: Cloyster|1\/100|[from] Stealth Rock\n|-damage|p2a: Cloyster|0 fnt|[from] Spikes\n|faint|p2a: Cloyster\n|\n|win|MrLukis\n|l|\u2606Torrente777\n","uploadtime":1700340208,"views":7,"p1id":"mrlukis","p2id":"torrente777","formatid":"gen9nationaldex","rating":0,"private":0,"password":""}