{"id":"gen9nationaldex-1997868749","p1":"DSouth2007","p2":"Gregory Mirabella","format":"[Gen 9] National Dex","log":"|html|<div class=\"broadcast-blue\"><strong>[Gen 9] National Dex is currently suspecting Sneasler! For information on how to participate check out the <a href=\"https:\/\/www.smogon.com\/forums\/threads\/sv-national-dex-suspect-8-just-dance.3731534\/\">suspect thread<\/a>.<\/strong><\/div>\n|j|\u203dDSouth2007\n|j|\u2606Gregory Mirabella\n|t:|1700861704\n|gametype|singles\n|player|p1|DSouth2007|lucas-gen4pt|1328\n|player|p2|Gregory Mirabella|lusamine-nihilego|1388\n|teamsize|p1|6\n|teamsize|p2|6\n|gen|9\n|tier|[Gen 9] National Dex\n|rated|\n|rule|HP Percentage Mod: HP is shown in percentages\n|rule|Endless Battle Clause: Forcing endless battles is banned\n|rule|OHKO Clause: OHKO moves are banned\n|rule|Evasion Clause: Evasion abilities, items, and moves are banned\n|rule|Evasion Abilities Clause: Evasion abilities are banned\n|rule|Evasion Items Clause: Evasion items are banned\n|rule|Evasion Moves Clause: Evasion moves are banned\n|rule|Species Clause: Limit one of each Pok\u00e9mon\n|rule|Sleep Clause Mod: Limit one foe put to sleep\n|clearpoke\n|poke|p1|Infernape, M|\n|poke|p1|Greninja-*, M|\n|poke|p1|Venusaur, M|\n|poke|p1|Togekiss, M|\n|poke|p1|Excadrill, M|\n|poke|p1|Sableye, M|\n|poke|p2|Tyranitar, F|\n|poke|p2|Excadrill, F|\n|poke|p2|Heatran, M|\n|poke|p2|Corviknight, F|\n|poke|p2|Alomomola, F|\n|poke|p2|Aggron, F|\n|teampreview\n|c|\u2606Gregory Mirabella|glhf\n|inactive|Battle timer is ON: inactive players will automatically lose when time's up. (requested by DSouth2007)\n|\n|t:|1700861712\n|start\n|switch|p1a: Venusaur|Venusaur, M|100\/100\n|switch|p2a: Colossus|Tyranitar, F, shiny|100\/100\n|-weather|Sandstorm|[from] ability: Sand Stream|[of] p2a: Colossus\n|turn|1\n|\n|t:|1700861720\n|detailschange|p1a: Venusaur|Venusaur-Mega, M\n|-mega|p1a: Venusaur|Venusaur|Venusaurite\n|move|p2a: Colossus|Stealth Rock|p1a: Venusaur\n|-sidestart|p1: DSouth2007|move: Stealth Rock\n|move|p1a: Venusaur|Giga Drain|p2a: Colossus\n|-supereffective|p2a: Colossus\n|-damage|p2a: Colossus|45\/100\n|\n|-weather|Sandstorm|[upkeep]\n|-damage|p1a: Venusaur|95\/100|[from] Sandstorm\n|upkeep\n|turn|2\n|\n|t:|1700861730\n|switch|p2a: Cartman|Heatran, M|100\/100\n|move|p1a: Venusaur|Giga Drain|p2a: Cartman\n|-resisted|p2a: Cartman\n|-damage|p2a: Cartman|91\/100\n|-heal|p1a: Venusaur|99\/100|[from] drain|[of] p2a: Cartman\n|\n|-weather|Sandstorm|[upkeep]\n|-damage|p1a: Venusaur|94\/100|[from] Sandstorm\n|upkeep\n|turn|3\n|\n|t:|1700861741\n|move|p2a: Cartman|Eruption|p1a: Venusaur\n|-supereffective|p1a: Venusaur\n|-damage|p1a: Venusaur|34\/100\n|move|p1a: Venusaur|Earth Power|p2a: Cartman\n|-supereffective|p2a: Cartman\n|-damage|p2a: Cartman|0 fnt\n|faint|p2a: Cartman\n|\n|-weather|Sandstorm|[upkeep]\n|-damage|p1a: Venusaur|28\/100|[from] Sandstorm\n|upkeep\n|\n|t:|1700861755\n|switch|p2a: Tybur|Excadrill, F, shiny|100\/100\n|turn|4\n|\n|t:|1700861760\n|switch|p1a: Infernape|Infernape, M|100\/100\n|-damage|p1a: Infernape|88\/100|[from] Stealth Rock\n|move|p2a: Tybur|Earthquake|p1a: Infernape\n|-supereffective|p1a: Infernape\n|-damage|p1a: Infernape|0 fnt\n|faint|p1a: Infernape\n|\n|-weather|Sandstorm|[upkeep]\n|upkeep\n|\n|t:|1700861762\n|switch|p1a: Sableye|Sableye, M|100\/100\n|-damage|p1a: Sableye|88\/100|[from] Stealth Rock\n|turn|5\n|\n|t:|1700861775\n|move|p1a: Sableye|Will-O-Wisp|p2a: Tybur\n|-status|p2a: Tybur|brn\n|move|p2a: Tybur|Swords Dance|p2a: Tybur\n|-boost|p2a: Tybur|atk|2\n|\n|-weather|Sandstorm|[upkeep]\n|-damage|p1a: Sableye|82\/100|[from] Sandstorm\n|-heal|p1a: Sableye|88\/100|[from] item: Leftovers\n|-damage|p2a: Tybur|94\/100 brn|[from] brn\n|upkeep\n|turn|6\n|\n|t:|1700861786\n|move|p2a: Tybur|Swords Dance|p2a: Tybur\n|-boost|p2a: Tybur|atk|2\n|move|p1a: Sableye|Knock Off|p2a: Tybur\n|-damage|p2a: Tybur|67\/100 brn\n|\n|-weather|Sandstorm|[upkeep]\n|-damage|p1a: Sableye|82\/100|[from] Sandstorm\n|-heal|p1a: Sableye|88\/100|[from] item: Leftovers\n|-damage|p2a: Tybur|61\/100 brn|[from] brn\n|upkeep\n|turn|7\n|\n|t:|1700861796\n|move|p2a: Tybur|Earthquake|p1a: Sableye\n|-damage|p1a: Sableye|0 fnt\n|faint|p1a: Sableye\n|\n|-weather|Sandstorm|[upkeep]\n|-damage|p2a: Tybur|55\/100 brn|[from] brn\n|upkeep\n|\n|t:|1700861801\n|switch|p1a: Togekiss|Togekiss, M|100\/100\n|-damage|p1a: Togekiss|76\/100|[from] Stealth Rock\n|turn|8\n|\n|t:|1700861806\n|-terastallize|p1a: Togekiss|Normal\n|move|p2a: Tybur|Iron Head|p1a: Togekiss\n|-damage|p1a: Togekiss|8\/100\n|move|p1a: Togekiss|Aura Sphere|p2a: Tybur\n|-supereffective|p2a: Tybur\n|-damage|p2a: Tybur|0 fnt\n|faint|p2a: Tybur\n|\n|-weather|none\n|-heal|p1a: Togekiss|14\/100|[from] item: Leftovers\n|upkeep\n|\n|t:|1700861829\n|switch|p2a: Paths|Alomomola, F, shiny|100\/100\n|turn|9\n|\n|t:|1700861838\n|move|p1a: Togekiss|Air Slash|p2a: Paths\n|-damage|p2a: Paths|50\/100\n|cant|p2a: Paths|flinch\n|\n|-heal|p1a: Togekiss|20\/100|[from] item: Leftovers\n|upkeep\n|turn|10\n|\n|t:|1700861845\n|switch|p2a: The Armored|Aggron, F, shiny|100\/100\n|move|p1a: Togekiss|Air Slash|p2a: The Armored\n|-resisted|p2a: The Armored\n|-damage|p2a: The Armored|85\/100\n|\n|-heal|p1a: Togekiss|27\/100|[from] item: Leftovers\n|upkeep\n|turn|11\n|\n|t:|1700861856\n|detailschange|p2a: The Armored|Aggron-Mega, F, shiny\n|-mega|p2a: The Armored|Aggron|Aggronite\n|move|p1a: Togekiss|Aura Sphere|p2a: The Armored\n|-supereffective|p2a: The Armored\n|-damage|p2a: The Armored|30\/100\n|move|p2a: The Armored|Body Press|p1a: Togekiss\n|-supereffective|p1a: Togekiss\n|-damage|p1a: Togekiss|0 fnt\n|faint|p1a: Togekiss\n|\n|upkeep\n|\n|t:|1700861867\n|switch|p1a: Greninja|Greninja, M|100\/100\n|-damage|p1a: Greninja|88\/100|[from] Stealth Rock\n|turn|12\n|\n|t:|1700861876\n|switch|p2a: Paths|Alomomola, F, shiny|84\/100\n|move|p1a: Greninja|Dark Pulse|p2a: Paths\n|-damage|p2a: Paths|23\/100\n|\n|upkeep\n|turn|13\n|\n|t:|1700861885\n|switch|p1a: Venusaur|Venusaur-Mega, M|28\/100\n|-damage|p1a: Venusaur|16\/100|[from] Stealth Rock\n|switch|p2a: Colossus|Tyranitar, F, shiny|45\/100\n|-weather|Sandstorm|[from] ability: Sand Stream|[of] p2a: Colossus\n|\n|-weather|Sandstorm|[upkeep]\n|-damage|p1a: Venusaur|10\/100|[from] Sandstorm\n|upkeep\n|turn|14\n|\n|t:|1700861898\n|move|p2a: Colossus|Pursuit|p1a: Venusaur\n|-damage|p1a: Venusaur|0 fnt\n|faint|p1a: Venusaur\n|\n|-weather|Sandstorm|[upkeep]\n|upkeep\n|\n|t:|1700861902\n|switch|p1a: Greninja|Greninja, M|88\/100\n|-damage|p1a: Greninja|76\/100|[from] Stealth Rock\n|turn|15\n|\n|t:|1700861908\n|switch|p2a: Falco|Corviknight, F, shiny|100\/100\n|-ability|p2a: Falco|Pressure\n|move|p1a: Greninja|Surf|p2a: Falco\n|-damage|p2a: Falco|52\/100\n|\n|-weather|Sandstorm|[upkeep]\n|-damage|p1a: Greninja|70\/100|[from] Sandstorm\n|-heal|p2a: Falco|58\/100|[from] item: Leftovers\n|upkeep\n|turn|16\n|\n|t:|1700861924\n|move|p1a: Greninja|Surf|p2a: Falco\n|-damage|p2a: Falco|12\/100\n|move|p2a: Falco|Brave Bird|p1a: Greninja\n|-damage|p1a: Greninja|4\/100\n|-damage|p2a: Falco|0 fnt|[from] Recoil\n|faint|p2a: Falco\n|\n|-weather|Sandstorm|[upkeep]\n|-damage|p1a: Greninja|0 fnt|[from] Sandstorm\n|faint|p1a: Greninja\n|upkeep\n|\n|t:|1700861935\n|switch|p1a: Excadrill|Excadrill, M|100\/100\n|switch|p2a: Paths|Alomomola, F, shiny|56\/100\n|-damage|p1a: Excadrill|97\/100|[from] Stealth Rock\n|-ability|p1a: Excadrill|Mold Breaker\n|turn|17\n|\n|t:|1700861950\n|move|p1a: Excadrill|Earthquake|p2a: Paths\n|-damage|p2a: Paths|27\/100\n|move|p2a: Paths|Wish|p2a: Paths\n|\n|-weather|Sandstorm|[upkeep]\n|-damage|p2a: Paths|21\/100|[from] Sandstorm\n|upkeep\n|turn|18\n|\n|t:|1700861959\n|move|p2a: Paths|Protect|p2a: Paths\n|-singleturn|p2a: Paths|Protect\n|move|p1a: Excadrill|Earthquake|p2a: Paths\n|-activate|p2a: Paths|move: Protect\n|\n|-weather|Sandstorm|[upkeep]\n|-damage|p2a: Paths|14\/100|[from] Sandstorm\n|-heal|p2a: Paths|64\/100|[from] move: Wish|[wisher] Paths\n|upkeep\n|turn|19\n|-message|DSouth2007 forfeited.\n|\n|win|Gregory Mirabella\n|raw|DSouth2007's rating: 1328 &rarr; <strong>1311<\/strong><br \/>(-17 for losing)\n|raw|Gregory Mirabella's rating: 1388 &rarr; <strong>1405<\/strong><br \/>(+17 for winning)\n|c|\u2606Gregory Mirabella|gg\n|l|\u203dDSouth2007\n","uploadtime":1700861973,"views":1,"p1id":"dsouth2007","p2id":"gregorymirabella","formatid":"gen9nationaldex","rating":1311,"private":0,"password":""}