{"id":"gen9nationaldex-1993101314","p1":"Jam20Jam","p2":"tbor2002","format":"[Gen 9] National Dex","log":"|j|\u2606Jam20Jam\n|j|\u2606tbor2002\n|t:|1700264880\n|gametype|singles\n|player|p1|Jam20Jam|carmine|\n|player|p2|tbor2002|wattson|\n|teamsize|p1|6\n|teamsize|p2|6\n|gen|9\n|tier|[Gen 9] National Dex\n|rule|HP Percentage Mod: HP is shown in percentages\n|rule|Endless Battle Clause: Forcing endless battles is banned\n|rule|OHKO Clause: OHKO moves are banned\n|rule|Evasion Clause: Evasion abilities, items, and moves are banned\n|rule|Evasion Abilities Clause: Evasion abilities are banned\n|rule|Evasion Items Clause: Evasion items are banned\n|rule|Evasion Moves Clause: Evasion moves are banned\n|rule|Species Clause: Limit one of each Pok\u00e9mon\n|rule|Sleep Clause Mod: Limit one foe put to sleep\n|clearpoke\n|poke|p1|Skeledirge, F|\n|poke|p1|Grimer-Alola, M|\n|poke|p1|Coalossal, F|\n|poke|p1|Veluza, F|\n|poke|p1|Cetitan, F|\n|poke|p1|Great Tusk|\n|poke|p2|Zamazenta-*|\n|poke|p2|Muk-Alola, F|\n|poke|p2|Jolteon, M|\n|poke|p2|Eelektross, M|\n|poke|p2|Crabominable, M|\n|poke|p2|Glimmet, M|\n|teampreview\n|\n|t:|1700264906\n|start\n|switch|p1a: Grimer|Grimer-Alola, M|100\/100\n|switch|p2a: Crabominable|Crabominable, M|100\/100\n|turn|1\n|\n|t:|1700264913\n|move|p2a: Crabominable|Earthquake|p1a: Grimer\n|-supereffective|p1a: Grimer\n|-damage|p1a: Grimer|23\/100\n|move|p1a: Grimer|Knock Off|p2a: Crabominable\n|-resisted|p2a: Crabominable\n|-damage|p2a: Crabominable|86\/100\n|-enditem|p2a: Crabominable|Assault Vest|[from] move: Knock Off|[of] p1a: Grimer\n|\n|upkeep\n|turn|2\n|\n|t:|1700264937\n|move|p1a: Grimer|Shadow Sneak|p2a: Crabominable\n|-crit|p2a: Crabominable\n|-damage|p2a: Crabominable|74\/100\n|-status|p2a: Crabominable|psn|[from] ability: Poison Touch|[of] p1a: Grimer\n|move|p2a: Crabominable|Earthquake|p1a: Grimer\n|-supereffective|p1a: Grimer\n|-damage|p1a: Grimer|0 fnt\n|faint|p1a: Grimer\n|\n|-damage|p2a: Crabominable|62\/100 psn|[from] psn\n|upkeep\n|\n|t:|1700264947\n|switch|p1a: Veluza|Veluza, F|100\/100\n|-ability|p1a: Veluza|Mold Breaker\n|turn|3\n|\n|t:|1700264962\n|switch|p2a: Muk|Muk-Alola, F|100\/100\n|move|p1a: Veluza|Psychic|p2a: Muk\n|-immune|p2a: Muk\n|\n|upkeep\n|turn|4\n|\n|t:|1700264981\n|move|p1a: Veluza|Flip Turn|p2a: Muk\n|-damage|p2a: Muk|79\/100\n|\n|t:|1700264985\n|switch|p1a: SpanishInquisition|Coalossal, F|100\/100|[from] Flip Turn\n|move|p2a: Muk|Knock Off|p1a: SpanishInquisition\n|-damage|p1a: SpanishInquisition|69\/100\n|-enditem|p1a: SpanishInquisition|Assault Vest|[from] move: Knock Off|[of] p2a: Muk\n|\n|upkeep\n|turn|5\n|\n|t:|1700265001\n|move|p2a: Muk|Brick Break|p1a: SpanishInquisition\n|-supereffective|p1a: SpanishInquisition\n|-damage|p1a: SpanishInquisition|35\/100\n|move|p1a: SpanishInquisition|Earthquake|p2a: Muk\n|-supereffective|p2a: Muk\n|-damage|p2a: Muk|26\/100\n|\n|upkeep\n|turn|6\n|\n|t:|1700265009\n|move|p2a: Muk|Brick Break|p1a: SpanishInquisition\n|-supereffective|p1a: SpanishInquisition\n|-damage|p1a: SpanishInquisition|4\/100\n|move|p1a: SpanishInquisition|Earthquake|p2a: Muk\n|-supereffective|p2a: Muk\n|-damage|p2a: Muk|0 fnt\n|faint|p2a: Muk\n|\n|upkeep\n|\n|t:|1700265022\n|switch|p2a: Eelektross|Eelektross, M|100\/100\n|turn|7\n|\n|t:|1700265037\n|move|p1a: SpanishInquisition|Heat Crash|p2a: Eelektross\n|-damage|p2a: Eelektross|64\/100\n|move|p2a: Eelektross|Dragon Tail|p1a: SpanishInquisition\n|-damage|p1a: SpanishInquisition|0 fnt\n|faint|p1a: SpanishInquisition\n|\n|upkeep\n|\n|t:|1700265086\n|switch|p1a: Skeledirge|Skeledirge, F|100\/100\n|turn|8\n|\n|t:|1700265095\n|move|p1a: Skeledirge|Will-O-Wisp|p2a: Eelektross\n|-status|p2a: Eelektross|brn\n|move|p2a: Eelektross|U-turn|p1a: Skeledirge\n|-resisted|p1a: Skeledirge\n|-damage|p1a: Skeledirge|99\/100\n|\n|t:|1700265104\n|switch|p2a: Jolteon|Jolteon, M|100\/100|[from] U-turn\n|\n|-heal|p1a: Skeledirge|100\/100|[from] item: Leftovers\n|upkeep\n|turn|9\n|\n|t:|1700265119\n|move|p2a: Jolteon|Rain Dance|p2a: Jolteon\n|-weather|RainDance\n|move|p1a: Skeledirge|Torch Song|p2a: Jolteon\n|-damage|p2a: Jolteon|85\/100\n|-boost|p1a: Skeledirge|spa|1\n|\n|-weather|RainDance|[upkeep]\n|upkeep\n|turn|10\n|\n|t:|1700265127\n|move|p2a: Jolteon|Thunderbolt|p1a: Skeledirge\n|-damage|p1a: Skeledirge|73\/100\n|-status|p1a: Skeledirge|par\n|move|p1a: Skeledirge|Encore|p2a: Jolteon\n|-start|p2a: Jolteon|Encore\n|\n|-weather|RainDance|[upkeep]\n|-heal|p1a: Skeledirge|79\/100 par|[from] item: Leftovers\n|upkeep\n|turn|11\n|\n|t:|1700265138\n|move|p2a: Jolteon|Thunderbolt|p1a: Skeledirge\n|-damage|p1a: Skeledirge|47\/100 par\n|cant|p1a: Skeledirge|par\n|\n|-weather|RainDance|[upkeep]\n|-heal|p1a: Skeledirge|53\/100 par|[from] item: Leftovers\n|upkeep\n|turn|12\n|\n|t:|1700265147\n|move|p2a: Jolteon|Thunderbolt|p1a: Skeledirge\n|-damage|p1a: Skeledirge|24\/100 par\n|move|p1a: Skeledirge|Torch Song|p2a: Jolteon\n|-damage|p2a: Jolteon|57\/100\n|-boost|p1a: Skeledirge|spa|1\n|\n|-weather|RainDance|[upkeep]\n|-heal|p1a: Skeledirge|30\/100 par|[from] item: Leftovers\n|upkeep\n|turn|13\n|\n|t:|1700265159\n|switch|p1a: Great Tusk|Great Tusk|100\/100\n|-enditem|p1a: Great Tusk|Booster Energy\n|-activate|p1a: Great Tusk|ability: Protosynthesis|[fromitem]\n|-start|p1a: Great Tusk|protosynthesisatk\n|move|p2a: Jolteon|Thunderbolt|p1a: Great Tusk\n|-immune|p1a: Great Tusk\n|\n|-weather|none\n|-end|p2a: Jolteon|Encore\n|upkeep\n|turn|14\n|\n|t:|1700265190\n|switch|p2a: Glimmet|Glimmet, M|100\/100\n|move|p1a: Great Tusk|Ice Spinner|p2a: Glimmet\n|-enditem|p2a: Glimmet|Focus Sash\n|-damage|p2a: Glimmet|1\/100\n|-activate|p2a: Glimmet|ability: Toxic Debris\n|-sidestart|p1: Jam20Jam|move: Toxic Spikes\n|\n|upkeep\n|turn|15\n|\n|t:|1700265203\n|move|p1a: Great Tusk|Rapid Spin|p2a: Glimmet\n|-resisted|p2a: Glimmet\n|-damage|p2a: Glimmet|0 fnt\n|-boost|p1a: Great Tusk|spe|1\n|-activate|p2a: Glimmet|ability: Toxic Debris\n|-sidestart|p1: Jam20Jam|move: Toxic Spikes\n|-sideend|p1: Jam20Jam|Toxic Spikes|[from] move: Rapid Spin|[of] p1a: Great Tusk\n|faint|p2a: Glimmet\n|\n|upkeep\n|\n|t:|1700265219\n|switch|p2a: Crabominable|Crabominable, M|62\/100 psn\n|turn|16\n|\n|t:|1700265241\n|move|p1a: Great Tusk|Close Combat|p2a: Crabominable\n|-supereffective|p2a: Crabominable\n|-damage|p2a: Crabominable|0 fnt\n|-unboost|p1a: Great Tusk|def|1\n|-unboost|p1a: Great Tusk|spd|1\n|faint|p2a: Crabominable\n|\n|upkeep\n|\n|t:|1700265252\n|switch|p2a: Eelektross|Eelektross, M|64\/100 brn\n|turn|17\n|\n|t:|1700265263\n|-terastallize|p2a: Eelektross|Steel\n|move|p1a: Great Tusk|Close Combat|p2a: Eelektross\n|-supereffective|p2a: Eelektross\n|-damage|p2a: Eelektross|0 fnt\n|-unboost|p1a: Great Tusk|def|1\n|-unboost|p1a: Great Tusk|spd|1\n|faint|p2a: Eelektross\n|\n|upkeep\n|\n|t:|1700265272\n|switch|p2a: Zamazenta|Zamazenta, shiny|100\/100\n|-ability|p2a: Zamazenta|Dauntless Shield|boost\n|-boost|p2a: Zamazenta|def|1\n|turn|18\n|\n|t:|1700265327\n|-end|p1a: Great Tusk|Protosynthesis|[silent]\n|switch|p1a: Skeledirge|Skeledirge, F|30\/100 par\n|move|p2a: Zamazenta|Body Press|p1a: Skeledirge\n|-immune|p1a: Skeledirge\n|\n|-heal|p1a: Skeledirge|36\/100 par|[from] item: Leftovers\n|upkeep\n|turn|19\n|\n|t:|1700265334\n|move|p2a: Zamazenta|Crunch|p1a: Skeledirge\n|-supereffective|p1a: Skeledirge\n|-damage|p1a: Skeledirge|2\/100 par\n|-unboost|p1a: Skeledirge|def|1\n|move|p1a: Skeledirge|Will-O-Wisp|p2a: Zamazenta\n|-status|p2a: Zamazenta|brn\n|\n|-heal|p1a: Skeledirge|8\/100 par|[from] item: Leftovers\n|-damage|p2a: Zamazenta|94\/100 brn|[from] brn\n|upkeep\n|turn|20\n|\n|t:|1700265350\n|move|p2a: Zamazenta|Substitute|p2a: Zamazenta\n|-start|p2a: Zamazenta|Substitute\n|-damage|p2a: Zamazenta|69\/100 brn\n|move|p1a: Skeledirge|Encore|p2a: Zamazenta\n|-start|p2a: Zamazenta|Encore\n|\n|-heal|p2a: Zamazenta|75\/100 brn|[from] item: Leftovers\n|-heal|p1a: Skeledirge|14\/100 par|[from] item: Leftovers\n|-damage|p2a: Zamazenta|69\/100 brn|[from] brn\n|upkeep\n|turn|21\n|\n|t:|1700265360\n|switch|p1a: Veluza|Veluza, F|100\/100\n|-ability|p1a: Veluza|Mold Breaker\n|move|p2a: Zamazenta|Substitute|p2a: Zamazenta\n|-fail|p2a: Zamazenta|move: Substitute\n|\n|-heal|p2a: Zamazenta|75\/100 brn|[from] item: Leftovers\n|-damage|p2a: Zamazenta|69\/100 brn|[from] brn\n|upkeep\n|turn|22\n|\n|t:|1700265371\n|move|p2a: Zamazenta|Substitute|p2a: Zamazenta\n|-fail|p2a: Zamazenta|move: Substitute\n|move|p1a: Veluza|Snowscape|p1a: Veluza\n|-weather|Snow\n|\n|-weather|Snow|[upkeep]\n|-heal|p2a: Zamazenta|75\/100 brn|[from] item: Leftovers\n|-damage|p2a: Zamazenta|69\/100 brn|[from] brn\n|upkeep\n|turn|23\n|\n|t:|1700265378\n|move|p2a: Zamazenta|Substitute|p2a: Zamazenta\n|-fail|p2a: Zamazenta|move: Substitute\n|move|p1a: Veluza|Psychic|p2a: Zamazenta\n|-supereffective|p2a: Zamazenta\n|-end|p2a: Zamazenta|Substitute\n|\n|-weather|Snow|[upkeep]\n|-heal|p2a: Zamazenta|75\/100 brn|[from] item: Leftovers\n|-damage|p2a: Zamazenta|69\/100 brn|[from] brn\n|-end|p2a: Zamazenta|Encore\n|upkeep\n|turn|24\n|\n|t:|1700265392\n|move|p2a: Zamazenta|Crunch|p1a: Veluza\n|-supereffective|p1a: Veluza\n|-crit|p1a: Veluza\n|-damage|p1a: Veluza|60\/100\n|move|p1a: Veluza|Psychic|p2a: Zamazenta\n|-supereffective|p2a: Zamazenta\n|-damage|p2a: Zamazenta|21\/100 brn\n|\n|-weather|Snow|[upkeep]\n|-heal|p2a: Zamazenta|27\/100 brn|[from] item: Leftovers\n|-damage|p2a: Zamazenta|21\/100 brn|[from] brn\n|upkeep\n|turn|25\n|\n|t:|1700265416\n|move|p2a: Zamazenta|Crunch|p1a: Veluza\n|-supereffective|p1a: Veluza\n|-damage|p1a: Veluza|32\/100\n|move|p1a: Veluza|Psychic|p2a: Zamazenta\n|-supereffective|p2a: Zamazenta\n|-damage|p2a: Zamazenta|0 fnt\n|faint|p2a: Zamazenta\n|\n|-weather|Snow|[upkeep]\n|upkeep\n|\n|t:|1700265423\n|switch|p2a: Jolteon|Jolteon, M|57\/100\n|turn|26\n|\n|t:|1700265436\n|move|p2a: Jolteon|Tera Blast|p1a: Veluza\n|-damage|p1a: Veluza|0 fnt\n|faint|p1a: Veluza\n|\n|-weather|Snow|[upkeep]\n|upkeep\n|\n|t:|1700265442\n|switch|p1a: I BELIVE|Cetitan, F|100\/100\n|turn|27\n|\n|t:|1700265445\n|move|p1a: I BELIVE|Earthquake|p2a: Jolteon\n|-supereffective|p2a: Jolteon\n|-damage|p2a: Jolteon|0 fnt\n|faint|p2a: Jolteon\n|\n|win|Jam20Jam\n","uploadtime":1700265451,"views":6,"p1id":"jam20jam","p2id":"tbor2002","formatid":"gen9nationaldex","rating":0,"private":0,"password":""}