{"id":"gen9nationaldex-1988471719","p1":"wahrer","p2":"defo46","format":"[Gen 9] National Dex","log":"|j|\u2606wahrer\n|j|\u2606defo46\n|t:|1699726526\n|gametype|singles\n|player|p1|wahrer|burgh|1243\n|player|p2|defo46|169|1151\n|teamsize|p1|6\n|teamsize|p2|2\n|gen|9\n|tier|[Gen 9] National Dex\n|rated|\n|rule|HP Percentage Mod: HP is shown in percentages\n|rule|Endless Battle Clause: Forcing endless battles is banned\n|rule|OHKO Clause: OHKO moves are banned\n|rule|Evasion Clause: Evasion abilities, items, and moves are banned\n|rule|Evasion Abilities Clause: Evasion abilities are banned\n|rule|Evasion Items Clause: Evasion items are banned\n|rule|Evasion Moves Clause: Evasion moves are banned\n|rule|Species Clause: Limit one of each Pok\u00e9mon\n|rule|Sleep Clause Mod: Limit one foe put to sleep\n|clearpoke\n|poke|p1|Togekiss, F|\n|poke|p1|Golisopod, M|\n|poke|p1|Ferrothorn, M|\n|poke|p1|Volcarona, M|\n|poke|p1|Gliscor, M|\n|poke|p1|Chandelure, F|\n|poke|p2|Drapion, F|\n|poke|p2|Uxie|\n|teampreview\n|inactive|Battle timer is ON: inactive players will automatically lose when time's up. (requested by defo46)\n|\n|t:|1699726537\n|start\n|switch|p1a: Chandelure|Chandelure, F|100\/100\n|switch|p2a: Uxie|Uxie|100\/100\n|turn|1\n|c|\u2606wahrer|glhf\n|\n|t:|1699726546\n|move|p2a: Uxie|Light Screen|p2a: Uxie\n|-sidestart|p2: defo46|move: Light Screen\n|move|p1a: Chandelure|Substitute|p1a: Chandelure\n|-start|p1a: Chandelure|Substitute\n|-damage|p1a: Chandelure|76\/100\n|\n|-heal|p1a: Chandelure|82\/100|[from] item: Leftovers\n|upkeep\n|turn|2\n|\n|t:|1699726554\n|move|p2a: Uxie|Reflect|p2a: Uxie\n|-sidestart|p2: defo46|Reflect\n|move|p1a: Chandelure|Will-O-Wisp|p2a: Uxie\n|-status|p2a: Uxie|brn\n|\n|-heal|p1a: Chandelure|88\/100|[from] item: Leftovers\n|-damage|p2a: Uxie|94\/100 brn|[from] brn\n|upkeep\n|turn|3\n|\n|t:|1699726580\n|move|p2a: Uxie|Yawn||[still]\n|-fail|p2a: Uxie\n|move|p1a: Chandelure|Hex|p2a: Uxie\n|-supereffective|p2a: Uxie\n|-damage|p2a: Uxie|42\/100 brn\n|\n|-heal|p1a: Chandelure|94\/100|[from] item: Leftovers\n|-damage|p2a: Uxie|36\/100 brn|[from] brn\n|upkeep\n|turn|4\n|\n|t:|1699726590\n|switch|p2a: Drapion|Drapion, F|100\/100\n|move|p1a: Chandelure|Hex|p2a: Drapion\n|-resisted|p2a: Drapion\n|-damage|p2a: Drapion|88\/100\n|\n|-heal|p1a: Chandelure|99\/100|[from] item: Leftovers\n|upkeep\n|turn|5\n|\n|t:|1699726600\n|move|p2a: Drapion|Acupressure|p2a: Drapion\n|-boost|p2a: Drapion|def|2\n|move|p1a: Chandelure|Will-O-Wisp|p2a: Drapion\n|-status|p2a: Drapion|brn\n|\n|-heal|p1a: Chandelure|100\/100|[from] item: Leftovers\n|-damage|p2a: Drapion|82\/100 brn|[from] brn\n|-sideend|p2: defo46|move: Light Screen\n|upkeep\n|turn|6\n|\n|t:|1699726611\n|switch|p1a: Ferrothorn|Ferrothorn, M|100\/100\n|move|p2a: Drapion|Acupressure|p2a: Drapion\n|-boost|p2a: Drapion|evasion|2\n|\n|-damage|p2a: Drapion|76\/100 brn|[from] brn\n|-sideend|p2: defo46|Reflect\n|upkeep\n|turn|7\n|\n|t:|1699726621\n|move|p2a: Drapion|Acupressure|p2a: Drapion\n|-boost|p2a: Drapion|def|2\n|move|p1a: Ferrothorn|Leech Seed|p2a: Drapion|[miss]\n|-miss|p1a: Ferrothorn|p2a: Drapion\n|\n|-damage|p2a: Drapion|70\/100 brn|[from] brn\n|upkeep\n|turn|8\n|\n|t:|1699726629\n|move|p2a: Drapion|Acupressure|p2a: Drapion\n|-boost|p2a: Drapion|accuracy|2\n|move|p1a: Ferrothorn|Leech Seed|p2a: Drapion\n|-start|p2a: Drapion|move: Leech Seed\n|\n|-damage|p2a: Drapion|57\/100 brn|[from] Leech Seed|[of] p1a: Ferrothorn\n|-damage|p2a: Drapion|51\/100 brn|[from] brn\n|upkeep\n|turn|9\n|\n|t:|1699726644\n|switch|p1a: Togekiss|Togekiss, F|100\/100\n|move|p2a: Drapion|Acupressure|p2a: Drapion\n|-boost|p2a: Drapion|spa|2\n|\n|-damage|p2a: Drapion|39\/100 brn|[from] Leech Seed|[of] p1a: Togekiss\n|-damage|p2a: Drapion|33\/100 brn|[from] brn\n|upkeep\n|turn|10\n|\n|t:|1699726656\n|move|p2a: Drapion|Poison Jab|p1a: Togekiss\n|-supereffective|p1a: Togekiss\n|-damage|p1a: Togekiss|69\/100\n|-status|p1a: Togekiss|psn\n|move|p1a: Togekiss|Air Slash|p2a: Drapion\n|-damage|p2a: Drapion|0 fnt\n|faint|p2a: Drapion\n|\n|-heal|p1a: Togekiss|75\/100 psn|[from] item: Leftovers\n|-damage|p1a: Togekiss|63\/100 psn|[from] psn\n|upkeep\n|-message|defo46 forfeited.\n|\n|win|wahrer\n|raw|wahrer's rating: 1243 &rarr; <strong>1262<\/strong><br \/>(+19 for winning)\n|raw|defo46's rating: 1151 &rarr; <strong>1132<\/strong><br \/>(-19 for losing)\n|l|\u2606defo46\n","uploadtime":1699726678,"views":24,"p1id":"wahrer","p2id":"defo46","formatid":"gen9nationaldex","rating":1132,"private":0,"password":""}