{"id":"gen9nationaldex-1990559709","p1":"Delreynan","p2":"YoWah","format":"[Gen 9] National Dex","log":"|j|\u2606Delreynan\n|j|\u2606YoWah\n|t:|1699981435\n|gametype|singles\n|player|p1|Delreynan|cynthia-gen4|1029\n|player|p2|YoWah|iris-gen5bw2|1044\n|teamsize|p1|6\n|teamsize|p2|6\n|gen|9\n|tier|[Gen 9] National Dex\n|rated|\n|rule|HP Percentage Mod: HP is shown in percentages\n|rule|Endless Battle Clause: Forcing endless battles is banned\n|rule|OHKO Clause: OHKO moves are banned\n|rule|Evasion Clause: Evasion abilities, items, and moves are banned\n|rule|Evasion Abilities Clause: Evasion abilities are banned\n|rule|Evasion Items Clause: Evasion items are banned\n|rule|Evasion Moves Clause: Evasion moves are banned\n|rule|Species Clause: Limit one of each Pok\u00e9mon\n|rule|Sleep Clause Mod: Limit one foe put to sleep\n|clearpoke\n|poke|p1|Arbok, F|\n|poke|p1|Serperior, F|\n|poke|p1|Milotic, F|\n|poke|p1|Sandaconda, F|\n|poke|p1|Steelix, F|\n|poke|p1|Seviper, M|\n|poke|p2|Torkoal, M|\n|poke|p2|Ferrothorn, F|\n|poke|p2|Medicham, M|\n|poke|p2|Ting-Lu|\n|poke|p2|Moltres-Galar|\n|poke|p2|Ribombee, M|\n|teampreview\n|\n|t:|1699981443\n|start\n|switch|p1a: Sandaconda|Sandaconda, F|100\/100\n|switch|p2a: Buzz|Ribombee, M, shiny|100\/100\n|turn|1\n|\n|t:|1699981447\n|move|p2a: Buzz|Sticky Web|p1a: Sandaconda\n|-sidestart|p1: Delreynan|move: Sticky Web\n|move|p1a: Sandaconda|Stealth Rock|p2a: Buzz\n|-sidestart|p2: YoWah|move: Stealth Rock\n|\n|upkeep\n|turn|2\n|\n|t:|1699981472\n|move|p2a: Buzz|Stun Spore|p1a: Sandaconda\n|-status|p1a: Sandaconda|par\n|move|p1a: Sandaconda|Coil|p1a: Sandaconda\n|-boost|p1a: Sandaconda|atk|1\n|-boost|p1a: Sandaconda|def|1\n|-boost|p1a: Sandaconda|accuracy|1\n|\n|upkeep\n|turn|3\n|\n|t:|1699981478\n|move|p2a: Buzz|Quiver Dance|p2a: Buzz\n|-boost|p2a: Buzz|spa|1\n|-boost|p2a: Buzz|spd|1\n|-boost|p2a: Buzz|spe|1\n|move|p1a: Sandaconda|Coil|p1a: Sandaconda\n|-boost|p1a: Sandaconda|atk|1\n|-boost|p1a: Sandaconda|def|1\n|-boost|p1a: Sandaconda|accuracy|1\n|\n|upkeep\n|turn|4\n|\n|t:|1699981485\n|move|p2a: Buzz|Draining Kiss|p1a: Sandaconda\n|-damage|p1a: Sandaconda|43\/100 par\n|-weather|Sandstorm|[from] ability: Sand Spit|[of] p1a: Sandaconda\n|move|p1a: Sandaconda|Earthquake|p2a: Buzz\n|-resisted|p2a: Buzz\n|-damage|p2a: Buzz|2\/100\n|\n|-weather|Sandstorm|[upkeep]\n|-damage|p2a: Buzz|0 fnt|[from] Sandstorm\n|faint|p2a: Buzz\n|upkeep\n|\n|t:|1699981490\n|switch|p2a: Ferrothorn|Ferrothorn, F, shiny|100\/100\n|-damage|p2a: Ferrothorn|95\/100|[from] Stealth Rock\n|turn|5\n|\n|t:|1699981509\n|-terastallize|p2a: Ferrothorn|Grass\n|move|p1a: Sandaconda|Body Press|p2a: Ferrothorn\n|-damage|p2a: Ferrothorn|53\/100\n|-damage|p1a: Sandaconda|31\/100 par|[from] ability: Iron Barbs|[of] p2a: Ferrothorn\n|-damage|p1a: Sandaconda|14\/100 par|[from] item: Rocky Helmet|[of] p2a: Ferrothorn\n|-enditem|p1a: Sandaconda|Salac Berry|[eat]\n|-boost|p1a: Sandaconda|spe|1|[from] item: Salac Berry\n|move|p2a: Ferrothorn|Iron Defense|p2a: Ferrothorn\n|-boost|p2a: Ferrothorn|def|2\n|\n|-weather|Sandstorm|[upkeep]\n|-damage|p2a: Ferrothorn|48\/100|[from] Sandstorm\n|upkeep\n|turn|6\n|\n|t:|1699981520\n|move|p1a: Sandaconda|Body Press|p2a: Ferrothorn\n|-damage|p2a: Ferrothorn|28\/100\n|-damage|p1a: Sandaconda|2\/100 par|[from] ability: Iron Barbs|[of] p2a: Ferrothorn\n|-damage|p1a: Sandaconda|0 fnt|[from] item: Rocky Helmet|[of] p2a: Ferrothorn\n|faint|p1a: Sandaconda\n|move|p2a: Ferrothorn|Iron Defense|p2a: Ferrothorn\n|-boost|p2a: Ferrothorn|def|2\n|\n|-weather|Sandstorm|[upkeep]\n|-damage|p2a: Ferrothorn|22\/100|[from] Sandstorm\n|upkeep\n|\n|t:|1699981525\n|switch|p1a: Serperior|Serperior, F, shiny|100\/100\n|-activate|p1a: Serperior|move: Sticky Web\n|-boost|p1a: Serperior|spe|1\n|turn|7\n|\n|t:|1699981537\n|move|p1a: Serperior|Hidden Power|p2a: Ferrothorn\n|-supereffective|p2a: Ferrothorn\n|-damage|p2a: Ferrothorn|0 fnt\n|faint|p2a: Ferrothorn\n|\n|-weather|Sandstorm|[upkeep]\n|-damage|p1a: Serperior|94\/100|[from] Sandstorm\n|-heal|p1a: Serperior|100\/100|[from] item: Leftovers\n|upkeep\n|\n|t:|1699981543\n|switch|p2a: Medicham|Medicham, M, shiny|100\/100\n|-damage|p2a: Medicham|94\/100|[from] Stealth Rock\n|turn|8\n|\n|t:|1699981550\n|switch|p1a: Arbok|Arbok, F|100\/100\n|-activate|p1a: Arbok|move: Sticky Web\n|-unboost|p1a: Arbok|spe|1\n|-ability|p1a: Arbok|Intimidate|boost\n|-unboost|p2a: Medicham|atk|1\n|detailschange|p2a: Medicham|Medicham-Mega, M, shiny\n|-mega|p2a: Medicham|Medicham|Medichamite\n|move|p2a: Medicham|Bullet Punch|p1a: Arbok\n|-damage|p1a: Arbok|72\/100\n|\n|-weather|none\n|upkeep\n|turn|9\n|\n|t:|1699981563\n|switch|p1a: Seviper|Seviper, M|100\/100\n|-activate|p1a: Seviper|move: Sticky Web\n|-unboost|p1a: Seviper|spe|1\n|move|p2a: Medicham|High Jump Kick|p1a: Seviper\n|-resisted|p1a: Seviper\n|-damage|p1a: Seviper|35\/100\n|\n|upkeep\n|turn|10\n|\n|t:|1699981569\n|move|p2a: Medicham|Aura Sphere|p1a: Seviper\n|-resisted|p1a: Seviper\n|-damage|p1a: Seviper|15\/100\n|move|p1a: Seviper|Sludge Wave|p2a: Medicham\n|-damage|p2a: Medicham|35\/100\n|\n|upkeep\n|turn|11\n|\n|t:|1699981576\n|move|p2a: Medicham|High Jump Kick|p1a: Seviper\n|-resisted|p1a: Seviper\n|-damage|p1a: Seviper|0 fnt\n|faint|p1a: Seviper\n|\n|upkeep\n|\n|t:|1699981584\n|switch|p1a: Arbok|Arbok, F|72\/100\n|-activate|p1a: Arbok|move: Sticky Web\n|-unboost|p1a: Arbok|spe|1\n|-ability|p1a: Arbok|Intimidate|boost\n|-unboost|p2a: Medicham|atk|1\n|turn|12\n|\n|t:|1699981592\n|move|p1a: Arbok|Sucker Punch|p2a: Medicham\n|-damage|p2a: Medicham|0 fnt\n|faint|p2a: Medicham\n|-damage|p1a: Arbok|62\/100|[from] item: Life Orb\n|\n|upkeep\n|\n|t:|1699981595\n|switch|p2a: Cough|Torkoal, M, shiny|100\/100\n|-damage|p2a: Cough|76\/100|[from] Stealth Rock\n|-weather|SunnyDay|[from] ability: Drought|[of] p2a: Cough\n|turn|13\n|\n|t:|1699981606\n|move|p1a: Arbok|Earthquake|p2a: Cough\n|-supereffective|p2a: Cough\n|-damage|p2a: Cough|7\/100\n|-damage|p1a: Arbok|52\/100|[from] item: Life Orb\n|move|p2a: Cough|Shell Smash|p2a: Cough\n|-unboost|p2a: Cough|def|1\n|-unboost|p2a: Cough|spd|1\n|-boost|p2a: Cough|atk|2\n|-boost|p2a: Cough|spa|2\n|-boost|p2a: Cough|spe|2\n|-enditem|p2a: Cough|White Herb\n|-clearnegativeboost|p2a: Cough|[silent]\n|\n|-weather|SunnyDay|[upkeep]\n|upkeep\n|turn|14\n|\n|t:|1699981616\n|move|p1a: Arbok|Sucker Punch|p2a: Cough\n|-damage|p2a: Cough|0 fnt\n|faint|p2a: Cough\n|-damage|p1a: Arbok|42\/100|[from] item: Life Orb\n|\n|-weather|SunnyDay|[upkeep]\n|upkeep\n|\n|t:|1699981619\n|switch|p2a: Ching Bell|Ting-Lu|100\/100\n|-damage|p2a: Ching Bell|94\/100|[from] Stealth Rock\n|-ability|p2a: Ching Bell|Vessel of Ruin\n|turn|15\n|\n|t:|1699981624\n|switch|p1a: Steelix|Steelix, F|100\/100\n|-activate|p1a: Steelix|move: Sticky Web\n|-unboost|p1a: Steelix|spe|1\n|move|p2a: Ching Bell|Earthquake|p1a: Steelix\n|-supereffective|p1a: Steelix\n|-damage|p1a: Steelix|55\/100\n|\n|-weather|SunnyDay|[upkeep]\n|upkeep\n|turn|16\n|\n|t:|1699981630\n|move|p2a: Ching Bell|Earthquake|p1a: Steelix\n|-supereffective|p1a: Steelix\n|-damage|p1a: Steelix|6\/100\n|move|p1a: Steelix|Body Press|p2a: Ching Bell\n|-supereffective|p2a: Ching Bell\n|-damage|p2a: Ching Bell|48\/100\n|\n|-weather|SunnyDay|[upkeep]\n|upkeep\n|turn|17\n|\n|t:|1699981633\n|detailschange|p1a: Steelix|Steelix-Mega, F\n|-mega|p1a: Steelix|Steelix|Steelixite\n|move|p2a: Ching Bell|Earthquake|p1a: Steelix\n|-supereffective|p1a: Steelix\n|-damage|p1a: Steelix|0 fnt\n|faint|p1a: Steelix\n|\n|-weather|none\n|upkeep\n|\n|t:|1699981639\n|switch|p1a: Milotic|Milotic, F|100\/100\n|-activate|p1a: Milotic|move: Sticky Web\n|-unboost|p1a: Milotic|spe|1\n|-ability|p1a: Milotic|Competitive|boost\n|-boost|p1a: Milotic|spa|2\n|turn|18\n|\n|t:|1699981643\n|move|p1a: Milotic|Scald|p2a: Ching Bell\n|-supereffective|p2a: Ching Bell\n|-damage|p2a: Ching Bell|0 fnt\n|faint|p2a: Ching Bell\n|\n|upkeep\n|\n|t:|1699981647\n|switch|p2a: Lucky|Moltres-Galar|100\/100\n|-damage|p2a: Lucky|76\/100|[from] Stealth Rock\n|turn|19\n|\n|t:|1699981651\n|move|p2a: Lucky|Ancient Power|p1a: Milotic\n|-damage|p1a: Milotic|91\/100\n|-boost|p2a: Lucky|atk|1\n|-boost|p2a: Lucky|def|1\n|-boost|p2a: Lucky|spa|1\n|-boost|p2a: Lucky|spd|1\n|-boost|p2a: Lucky|spe|1\n|move|p1a: Milotic|Toxic|p2a: Lucky\n|-status|p2a: Lucky|tox\n|\n|-heal|p1a: Milotic|97\/100|[from] item: Leftovers\n|-damage|p2a: Lucky|70\/100 tox|[from] psn\n|upkeep\n|turn|20\n|\n|t:|1699981660\n|move|p2a: Lucky|Fiery Wrath|p1a: Milotic\n|-damage|p1a: Milotic|64\/100\n|cant|p1a: Milotic|flinch\n|\n|-heal|p1a: Milotic|70\/100|[from] item: Leftovers\n|-damage|p2a: Lucky|58\/100 tox|[from] psn\n|upkeep\n|turn|21\n|\n|t:|1699981670\n|move|p2a: Lucky|Dual Wingbeat|p1a: Milotic\n|-damage|p1a: Milotic|42\/100\n|-damage|p1a: Milotic|14\/100\n|-hitcount|p1a: Milotic|2\n|move|p1a: Milotic|Ice Beam|p2a: Lucky\n|-supereffective|p2a: Lucky\n|-damage|p2a: Lucky|2\/100 tox\n|-ability|p2a: Lucky|Berserk|boost\n|-boost|p2a: Lucky|spa|1\n|\n|-heal|p1a: Milotic|20\/100|[from] item: Leftovers\n|-damage|p2a: Lucky|0 fnt|[from] psn\n|faint|p2a: Lucky\n|\n|win|Delreynan\n|upkeep\n|raw|Delreynan's rating: 1029 &rarr; <strong>1066<\/strong><br \/>(+37 for winning)\n|raw|YoWah's rating: 1044 &rarr; <strong>1027<\/strong><br \/>(-17 for losing)\n|l|\u2606YoWah\n","uploadtime":1699981689,"views":4,"p1id":"delreynan","p2id":"yowah","formatid":"gen9nationaldex","rating":1027,"private":0,"password":""}