{"id":"gen9nationaldex-1996393346","p1":"AhiruChan","p2":"RandomMetagrossfan","format":"[Gen 9] National Dex","log":"|html|<div class=\"broadcast-blue\"><strong>[Gen 9] National Dex is currently suspecting Sneasler! For information on how to participate check out the <a href=\"https:\/\/www.smogon.com\/forums\/threads\/sv-national-dex-suspect-8-just-dance.3731534\/\">suspect thread<\/a>.<\/strong><\/div>\n|j|\u2606AhiruChan\n|j|\u2606RandomMetagrossfan\n|t:|1700677774\n|gametype|singles\n|player|p1|AhiruChan|waitress|1322\n|player|p2|RandomMetagrossfan|steven-gen6|1299\n|teamsize|p1|6\n|teamsize|p2|6\n|gen|9\n|tier|[Gen 9] National Dex\n|rated|\n|rule|HP Percentage Mod: HP is shown in percentages\n|rule|Endless Battle Clause: Forcing endless battles is banned\n|rule|OHKO Clause: OHKO moves are banned\n|rule|Evasion Clause: Evasion abilities, items, and moves are banned\n|rule|Evasion Abilities Clause: Evasion abilities are banned\n|rule|Evasion Items Clause: Evasion items are banned\n|rule|Evasion Moves Clause: Evasion moves are banned\n|rule|Species Clause: Limit one of each Pok\u00e9mon\n|rule|Sleep Clause Mod: Limit one foe put to sleep\n|clearpoke\n|poke|p1|Empoleon, F|\n|poke|p1|Lopunny, F|\n|poke|p1|Rillaboom, F|\n|poke|p1|Sneasler, F|\n|poke|p1|Volcarona, M|\n|poke|p1|Garchomp, M|\n|poke|p2|Scizor, M|\n|poke|p2|Kleavor, F|\n|poke|p2|Buzzwole|\n|poke|p2|Volcarona, M|\n|poke|p2|Vikavolt, M|\n|poke|p2|Ribombee, F|\n|teampreview\n|inactive|Battle timer is ON: inactive players will automatically lose when time's up. (requested by AhiruChan)\n|\n|t:|1700677781\n|start\n|switch|p1a: Lopunny|Lopunny, F|100\/100\n|switch|p2a: RiNUKEbee|Ribombee, F|100\/100\n|turn|1\n|\n|t:|1700677786\n|detailschange|p1a: Lopunny|Lopunny-Mega, F\n|-mega|p1a: Lopunny|Lopunny|Lopunnite\n|move|p1a: Lopunny|Fake Out|p2a: RiNUKEbee\n|-damage|p2a: RiNUKEbee|65\/100\n|move|p2a: RiNUKEbee|Sticky Web|p1a: Lopunny\n|-sidestart|p1: AhiruChan|move: Sticky Web\n|\n|upkeep\n|turn|2\n|\n|t:|1700677792\n|move|p1a: Lopunny|Frustration|p2a: RiNUKEbee\n|-damage|p2a: RiNUKEbee|0 fnt\n|faint|p2a: RiNUKEbee\n|\n|upkeep\n|\n|t:|1700677795\n|switch|p2a: Blacksmith|Kleavor, F|100\/100\n|turn|3\n|\n|t:|1700677798\n|move|p2a: Blacksmith|Close Combat|p1a: Lopunny\n|-supereffective|p1a: Lopunny\n|-damage|p1a: Lopunny|0 fnt\n|-unboost|p2a: Blacksmith|def|1\n|-unboost|p2a: Blacksmith|spd|1\n|faint|p1a: Lopunny\n|\n|upkeep\n|\n|t:|1700677809\n|switch|p1a: Empoleon|Empoleon, F|100\/100\n|-activate|p1a: Empoleon|move: Sticky Web\n|-unboost|p1a: Empoleon|spe|1\n|-ability|p1a: Empoleon|Competitive|boost\n|-boost|p1a: Empoleon|spa|2\n|turn|4\n|\n|t:|1700677824\n|move|p2a: Blacksmith|Close Combat|p1a: Empoleon\n|-supereffective|p1a: Empoleon\n|-damage|p1a: Empoleon|19\/100\n|-unboost|p2a: Blacksmith|def|1\n|-unboost|p2a: Blacksmith|spd|1\n|move|p1a: Empoleon|Scald|p2a: Blacksmith\n|-supereffective|p2a: Blacksmith\n|-damage|p2a: Blacksmith|0 fnt\n|faint|p2a: Blacksmith\n|\n|-heal|p1a: Empoleon|25\/100|[from] item: Leftovers\n|upkeep\n|\n|t:|1700677827\n|switch|p2a: The Muscle|Buzzwole|100\/100\n|turn|5\n|\n|t:|1700677830\n|move|p2a: The Muscle|Earthquake|p1a: Empoleon\n|-supereffective|p1a: Empoleon\n|-damage|p1a: Empoleon|0 fnt\n|faint|p1a: Empoleon\n|-ability|p2a: The Muscle|Beast Boost|boost\n|-boost|p2a: The Muscle|atk|1\n|\n|upkeep\n|\n|t:|1700677840\n|switch|p1a: Garchomp|Garchomp, M|100\/100\n|-activate|p1a: Garchomp|move: Sticky Web\n|-unboost|p1a: Garchomp|spe|1\n|turn|6\n|\n|t:|1700677845\n|move|p2a: The Muscle|Ice Punch|p1a: Garchomp\n|-supereffective|p1a: Garchomp\n|-damage|p1a: Garchomp|0 fnt\n|faint|p1a: Garchomp\n|-ability|p2a: The Muscle|Beast Boost|boost\n|-boost|p2a: The Muscle|atk|1\n|\n|upkeep\n|\n|t:|1700677850\n|switch|p1a: Volcarona|Volcarona, M|100\/100\n|turn|7\n|\n|t:|1700677854\n|-terastallize|p2a: The Muscle|Rock\n|move|p1a: Volcarona|Fiery Dance|p2a: The Muscle\n|-resisted|p2a: The Muscle\n|-damage|p2a: The Muscle|70\/100\n|-boost|p1a: Volcarona|spa|1\n|move|p2a: The Muscle|Earthquake|p1a: Volcarona\n|-damage|p1a: Volcarona|0 fnt\n|faint|p1a: Volcarona\n|-ability|p2a: The Muscle|Beast Boost|boost\n|-boost|p2a: The Muscle|atk|1\n|\n|upkeep\n|\n|t:|1700677859\n|switch|p1a: Rillaboom|Rillaboom, F|100\/100\n|-activate|p1a: Rillaboom|move: Sticky Web\n|-unboost|p1a: Rillaboom|spe|1\n|-fieldstart|move: Grassy Terrain|[from] ability: Grassy Surge|[of] p1a: Rillaboom\n|turn|8\n|\n|t:|1700677863\n|move|p1a: Rillaboom|Grassy Glide|p2a: The Muscle\n|-supereffective|p2a: The Muscle\n|-damage|p2a: The Muscle|6\/100\n|-damage|p1a: Rillaboom|91\/100|[from] item: Life Orb\n|move|p2a: The Muscle|Close Combat|p1a: Rillaboom\n|-damage|p1a: Rillaboom|0 fnt\n|-unboost|p2a: The Muscle|def|1\n|-unboost|p2a: The Muscle|spd|1\n|faint|p1a: Rillaboom\n|-ability|p2a: The Muscle|Beast Boost|boost\n|-boost|p2a: The Muscle|atk|1\n|\n|-heal|p2a: The Muscle|12\/100|[from] Grassy Terrain\n|upkeep\n|\n|t:|1700677867\n|switch|p1a: Sneasler|Sneasler, F|100\/100\n|-activate|p1a: Sneasler|move: Sticky Web\n|-unboost|p1a: Sneasler|spe|1\n|-enditem|p1a: Sneasler|Grassy Seed\n|-boost|p1a: Sneasler|def|1|[from] item: Grassy Seed\n|turn|9\n|\n|t:|1700677876\n|-terastallize|p1a: Sneasler|Flying\n|move|p1a: Sneasler|Swords Dance|p1a: Sneasler\n|-boost|p1a: Sneasler|atk|2\n|move|p2a: The Muscle|Ice Punch|p1a: Sneasler\n|-supereffective|p1a: Sneasler\n|-damage|p1a: Sneasler|0 fnt\n|faint|p1a: Sneasler\n|\n|win|RandomMetagrossfan\n|raw|AhiruChan's rating: 1322 &rarr; <strong>1301<\/strong><br \/>(-21 for losing)\n|raw|RandomMetagrossfan's rating: 1299 &rarr; <strong>1326<\/strong><br \/>(+27 for winning)\n|l|\u2606AhiruChan\n","uploadtime":1700677886,"views":1,"p1id":"ahiruchan","p2id":"randommetagrossfan","formatid":"gen9nationaldex","rating":1301,"private":0,"password":""}