{"id":"gen9nationaldex-1993605424","p1":"DzudeIdiot","p2":"st.john52","format":"[Gen 9] National Dex","log":"|j|\u2606DzudeIdiot\n|j|\u2606st.john52\n|t:|1700336687\n|gametype|singles\n|player|p1|DzudeIdiot|winona|1016\n|player|p2|st.john52|clay|1082\n|teamsize|p1|6\n|teamsize|p2|6\n|gen|9\n|tier|[Gen 9] National Dex\n|rated|\n|rule|HP Percentage Mod: HP is shown in percentages\n|rule|Endless Battle Clause: Forcing endless battles is banned\n|rule|OHKO Clause: OHKO moves are banned\n|rule|Evasion Clause: Evasion abilities, items, and moves are banned\n|rule|Evasion Abilities Clause: Evasion abilities are banned\n|rule|Evasion Items Clause: Evasion items are banned\n|rule|Evasion Moves Clause: Evasion moves are banned\n|rule|Species Clause: Limit one of each Pok\u00e9mon\n|rule|Sleep Clause Mod: Limit one foe put to sleep\n|clearpoke\n|poke|p1|Orbeetle, M|\n|poke|p1|Golisopod, M|\n|poke|p1|Volcarona, F|\n|poke|p1|Escavalier, F|\n|poke|p1|Ribombee, F|\n|poke|p1|Buzzwole|\n|poke|p2|Mimikyu, M|\n|poke|p2|Vikavolt, M|\n|poke|p2|Bewear, M|\n|poke|p2|Wishiwashi, M|\n|poke|p2|Incineroar, M|\n|poke|p2|Silvally-*|\n|teampreview\n|inactive|Battle timer is ON: inactive players will automatically lose when time's up. (requested by DzudeIdiot)\n|\n|t:|1700336699\n|start\n|switch|p1a: Orbeetle|Orbeetle, M|100\/100\n|switch|p2a: Incineroar|Incineroar, M, shiny|100\/100\n|-ability|p2a: Incineroar|Intimidate|boost\n|-unboost|p1a: Orbeetle|atk|1\n|-item|p2a: Incineroar|Incinium Z|[from] ability: Frisk|[of] p1a: Orbeetle|[identify]\n|turn|1\n|\n|t:|1700336710\n|move|p2a: Incineroar|Fake Out|p1a: Orbeetle\n|-damage|p1a: Orbeetle|89\/100\n|cant|p1a: Orbeetle|flinch\n|\n|upkeep\n|turn|2\n|l|\u2606st.john52\n|inactive|st.john52 disconnected and has a minute to reconnect!\n|player|p2|\n|j|\u2606st.john52\n|inactive|st.john52 reconnected and has 130 seconds left.\n|player|p2|st.john52|clay\n|\n|t:|1700336735\n|move|p2a: Incineroar|Parting Shot|p1a: Orbeetle\n|-unboost|p1a: Orbeetle|atk|1\n|-unboost|p1a: Orbeetle|spa|1\n|\n|t:|1700336748\n|switch|p2a: Bewear|Bewear, M, shiny|100\/100|[from] Parting Shot\n|move|p1a: Orbeetle|Reflect|p1a: Orbeetle\n|-sidestart|p1: DzudeIdiot|Reflect\n|\n|upkeep\n|turn|3\n|\n|t:|1700336757\n|move|p1a: Orbeetle|Light Screen|p1a: Orbeetle\n|-sidestart|p1: DzudeIdiot|move: Light Screen\n|move|p2a: Bewear|Thunder Punch|p1a: Orbeetle\n|-damage|p1a: Orbeetle|78\/100\n|\n|upkeep\n|turn|4\n|\n|t:|1700336773\n|switch|p1a: Golisopod|Golisopod, M|100\/100\n|move|p2a: Bewear|Close Combat|p1a: Golisopod\n|-resisted|p1a: Golisopod\n|-damage|p1a: Golisopod|87\/100\n|-unboost|p2a: Bewear|def|1\n|-unboost|p2a: Bewear|spd|1\n|\n|-heal|p1a: Golisopod|93\/100|[from] item: Leftovers\n|upkeep\n|turn|5\n|\n|t:|1700336787\n|move|p1a: Golisopod|First Impression|p2a: Bewear\n|-resisted|p2a: Bewear\n|-damage|p2a: Bewear|85\/100\n|move|p2a: Bewear|Thunder Punch|p1a: Golisopod\n|-supereffective|p1a: Golisopod\n|-damage|p1a: Golisopod|69\/100\n|\n|-heal|p1a: Golisopod|75\/100|[from] item: Leftovers\n|-heal|p2a: Bewear|91\/100|[from] item: Leftovers\n|upkeep\n|turn|6\n|\n|t:|1700336794\n|move|p1a: Golisopod|Sucker Punch|p2a: Bewear\n|-resisted|p2a: Bewear\n|-crit|p2a: Bewear\n|-damage|p2a: Bewear|79\/100\n|move|p2a: Bewear|Thunder Punch|p1a: Golisopod\n|-supereffective|p1a: Golisopod\n|-damage|p1a: Golisopod|54\/100\n|\n|-heal|p1a: Golisopod|60\/100|[from] item: Leftovers\n|-heal|p2a: Bewear|85\/100|[from] item: Leftovers\n|upkeep\n|turn|7\n|\n|t:|1700336805\n|switch|p1a: Buzzwole|Buzzwole|100\/100\n|move|p2a: Bewear|Thunder Punch|p1a: Buzzwole\n|-damage|p1a: Buzzwole|94\/100\n|-status|p1a: Buzzwole|par\n|\n|-heal|p2a: Bewear|91\/100|[from] item: Leftovers\n|upkeep\n|turn|8\n|\n|t:|1700336824\n|move|p2a: Bewear|Zen Headbutt|p1a: Buzzwole\n|-supereffective|p1a: Buzzwole\n|-damage|p1a: Buzzwole|79\/100 par\n|move|p1a: Buzzwole|Bulk Up|p1a: Buzzwole\n|-boost|p1a: Buzzwole|atk|1\n|-boost|p1a: Buzzwole|def|1\n|\n|-heal|p2a: Bewear|98\/100|[from] item: Leftovers\n|upkeep\n|turn|9\n|\n|t:|1700336837\n|switch|p2a: Wishiwashi|Wishiwashi, M, shiny|100\/100\n|-formechange|p2a: Wishiwashi|Wishiwashi-School||[from] ability: Schooling\n|move|p1a: Buzzwole|Drain Punch|p2a: Wishiwashi\n|-damage|p2a: Wishiwashi|35\/100\n|-heal|p1a: Buzzwole|98\/100 par|[from] drain|[of] p2a: Wishiwashi\n|\n|-heal|p2a: Wishiwashi|41\/100|[from] item: Leftovers\n|-sideend|p1: DzudeIdiot|Reflect\n|upkeep\n|turn|10\n|\n|t:|1700336846\n|move|p2a: Wishiwashi|Ice Beam|p1a: Buzzwole\n|-damage|p1a: Buzzwole|77\/100 par\n|move|p1a: Buzzwole|Drain Punch|p2a: Wishiwashi\n|-damage|p2a: Wishiwashi|0 fnt\n|-heal|p1a: Buzzwole|88\/100 par|[from] drain|[of] p2a: Wishiwashi\n|faint|p2a: Wishiwashi\n|-ability|p1a: Buzzwole|Beast Boost|boost\n|-boost|p1a: Buzzwole|def|1\n|\n|-sideend|p1: DzudeIdiot|move: Light Screen\n|upkeep\n|\n|t:|1700336861\n|switch|p2a: Vikavolt|Vikavolt, M, shiny|100\/100\n|turn|11\n|\n|t:|1700336867\n|move|p2a: Vikavolt|Thunderbolt|p1a: Buzzwole\n|-damage|p1a: Buzzwole|16\/100 par\n|move|p1a: Buzzwole|Drain Punch|p2a: Vikavolt\n|-resisted|p2a: Vikavolt\n|-damage|p2a: Vikavolt|67\/100\n|-heal|p1a: Buzzwole|28\/100 par|[from] drain|[of] p2a: Vikavolt\n|\n|upkeep\n|turn|12\n|\n|t:|1700336874\n|move|p2a: Vikavolt|Thunderbolt|p1a: Buzzwole\n|-damage|p1a: Buzzwole|0 fnt\n|faint|p1a: Buzzwole\n|\n|upkeep\n|\n|t:|1700336882\n|switch|p1a: Golisopod|Golisopod, M|60\/100\n|turn|13\n|\n|t:|1700336888\n|move|p1a: Golisopod|First Impression|p2a: Vikavolt\n|-damage|p2a: Vikavolt|12\/100\n|move|p2a: Vikavolt|Thunderbolt|p1a: Golisopod\n|-supereffective|p1a: Golisopod\n|-damage|p1a: Golisopod|0 fnt\n|faint|p1a: Golisopod\n|\n|upkeep\n|\n|t:|1700336891\n|switch|p1a: Ribombee|Ribombee, F|100\/100\n|turn|14\n|\n|t:|1700336898\n|move|p1a: Ribombee|Quiver Dance|p1a: Ribombee\n|-boost|p1a: Ribombee|spa|1\n|-boost|p1a: Ribombee|spd|1\n|-boost|p1a: Ribombee|spe|1\n|move|p2a: Vikavolt|Flash Cannon|p1a: Ribombee\n|-supereffective|p1a: Ribombee\n|-damage|p1a: Ribombee|30\/100\n|\n|upkeep\n|turn|15\n|\n|t:|1700336905\n|move|p1a: Ribombee|Moonblast|p2a: Vikavolt\n|-damage|p2a: Vikavolt|0 fnt\n|faint|p2a: Vikavolt\n|\n|upkeep\n|\n|t:|1700336909\n|switch|p2a: Silvally|Silvally-Ground, shiny|100\/100\n|turn|16\n|\n|t:|1700336915\n|move|p1a: Ribombee|Moonblast|p2a: Silvally\n|-damage|p2a: Silvally|38\/100\n|move|p2a: Silvally|Iron Head|p1a: Ribombee\n|-supereffective|p1a: Ribombee\n|-damage|p1a: Ribombee|0 fnt\n|faint|p1a: Ribombee\n|\n|upkeep\n|\n|t:|1700336919\n|switch|p1a: Escavalier|Escavalier, F|100\/100\n|turn|17\n|\n|t:|1700336934\n|switch|p2a: Bewear|Bewear, M, shiny|98\/100\n|move|p1a: Escavalier|Swords Dance|p1a: Escavalier\n|-boost|p1a: Escavalier|atk|2\n|\n|-heal|p2a: Bewear|100\/100|[from] item: Leftovers\n|upkeep\n|turn|18\n|\n|t:|1700336942\n|move|p2a: Bewear|Close Combat|p1a: Escavalier\n|-damage|p1a: Escavalier|32\/100\n|-unboost|p2a: Bewear|def|1\n|-unboost|p2a: Bewear|spd|1\n|move|p1a: Escavalier|Megahorn|p2a: Bewear\n|-resisted|p2a: Bewear\n|-damage|p2a: Bewear|58\/100\n|\n|-heal|p2a: Bewear|64\/100|[from] item: Leftovers\n|-heal|p1a: Escavalier|38\/100|[from] item: Leftovers\n|upkeep\n|turn|19\n|\n|t:|1700336950\n|switch|p1a: Orbeetle|Orbeetle, M|78\/100\n|-item|p2a: Bewear|Leftovers|[from] ability: Frisk|[of] p1a: Orbeetle|[identify]\n|move|p2a: Bewear|Close Combat|p1a: Orbeetle\n|-resisted|p1a: Orbeetle\n|-damage|p1a: Orbeetle|64\/100\n|-unboost|p2a: Bewear|def|1\n|-unboost|p2a: Bewear|spd|1\n|\n|-heal|p2a: Bewear|71\/100|[from] item: Leftovers\n|upkeep\n|turn|20\n|\n|t:|1700336957\n|switch|p2a: Mimikyu|Mimikyu, M, shiny|100\/100\n|move|p1a: Orbeetle|Future Sight|p2a: Mimikyu\n|-start|p1a: Orbeetle|move: Future Sight\n|\n|upkeep\n|turn|21\n|\n|t:|1700336962\n|move|p2a: Mimikyu|Swords Dance|p2a: Mimikyu\n|-boost|p2a: Mimikyu|atk|2\n|move|p1a: Orbeetle|Reflect|p1a: Orbeetle\n|-sidestart|p1: DzudeIdiot|Reflect\n|\n|upkeep\n|turn|22\n|\n|t:|1700336966\n|move|p2a: Mimikyu|Swords Dance|p2a: Mimikyu\n|-boost|p2a: Mimikyu|atk|2\n|move|p1a: Orbeetle|Light Screen|p1a: Orbeetle\n|-sidestart|p1: DzudeIdiot|move: Light Screen\n|\n|-end|p2a: Mimikyu|move: Future Sight\n|-activate|p2a: Mimikyu|ability: Disguise\n|-damage|p2a: Mimikyu|100\/100\n|detailschange|p2a: Mimikyu|Mimikyu-Busted, M, shiny\n|-damage|p2a: Mimikyu|88\/100|[from] pokemon: Mimikyu-Busted\n|-heal|p2a: Mimikyu|94\/100|[from] item: Leftovers\n|upkeep\n|turn|23\n|\n|t:|1700336978\n|switch|p1a: Volcarona|Volcarona, F|100\/100\n|move|p2a: Mimikyu|Shadow Sneak|p1a: Volcarona\n|-damage|p1a: Volcarona|59\/100\n|\n|-heal|p2a: Mimikyu|99\/100|[from] item: Leftovers\n|upkeep\n|turn|24\n|\n|t:|1700336991\n|move|p2a: Mimikyu|Shadow Sneak|p1a: Volcarona\n|-damage|p1a: Volcarona|15\/100\n|move|p1a: Volcarona|Quiver Dance|p1a: Volcarona\n|-boost|p1a: Volcarona|spa|1\n|-boost|p1a: Volcarona|spd|1\n|-boost|p1a: Volcarona|spe|1\n|\n|-heal|p2a: Mimikyu|100\/100|[from] item: Leftovers\n|upkeep\n|turn|25\n|-message|DzudeIdiot forfeited.\n|\n|win|st.john52\n|raw|DzudeIdiot's rating: 1016 &rarr; <strong>1006<\/strong><br \/>(-10 for losing)\n|raw|st.john52's rating: 1082 &rarr; <strong>1105<\/strong><br \/>(+23 for winning)\n|l|\u2606DzudeIdiot\n","uploadtime":1700337006,"views":7,"p1id":"dzudeidiot","p2id":"stjohn52","formatid":"gen9nationaldex","rating":1006,"private":0,"password":""}