{"id":"gen9nationaldex-1996594583","p1":"sgzf","p2":"Guaravitagemer","format":"[Gen 9] National Dex","log":"|html|<div class=\"broadcast-blue\"><strong>[Gen 9] National Dex is currently suspecting Sneasler! For information on how to participate check out the <a href=\"https:\/\/www.smogon.com\/forums\/threads\/sv-national-dex-suspect-8-just-dance.3731534\/\">suspect thread<\/a>.<\/strong><\/div>\n|j|\u2606sgzf\n|j|\u2606Guaravitagemer\n|t:|1700698398\n|gametype|singles\n|player|p1|sgzf|dawn-gen4pt|1210\n|player|p2|Guaravitagemer|brawly|1160\n|teamsize|p1|6\n|teamsize|p2|6\n|gen|9\n|tier|[Gen 9] National Dex\n|rated|\n|rule|HP Percentage Mod: HP is shown in percentages\n|rule|Endless Battle Clause: Forcing endless battles is banned\n|rule|OHKO Clause: OHKO moves are banned\n|rule|Evasion Clause: Evasion abilities, items, and moves are banned\n|rule|Evasion Abilities Clause: Evasion abilities are banned\n|rule|Evasion Items Clause: Evasion items are banned\n|rule|Evasion Moves Clause: Evasion moves are banned\n|rule|Species Clause: Limit one of each Pok\u00e9mon\n|rule|Sleep Clause Mod: Limit one foe put to sleep\n|clearpoke\n|poke|p1|Great Tusk|\n|poke|p1|Ferrothorn, M|\n|poke|p1|Lopunny, F|\n|poke|p1|Moltres|\n|poke|p1|Slowking-Galar, F|\n|poke|p1|Alomomola, F|\n|poke|p2|Bisharp, M|\n|poke|p2|Breloom, M|\n|poke|p2|Samurott-Hisui, M|\n|poke|p2|Cinderace, M|\n|poke|p2|Gardevoir, F|\n|poke|p2|Pinsir, M|\n|teampreview\n|inactive|Battle timer is ON: inactive players will automatically lose when time's up. (requested by Guaravitagemer)\n|\n|t:|1700698408\n|start\n|switch|p1a: Alomomola|Alomomola, F, shiny|100\/100\n|switch|p2a: enoy|Gardevoir, F, shiny|100\/100\n|-ability|p2a: enoy|Regenerator|[from] ability: Trace|[of] p1a: Alomomola\n|turn|1\n|\n|t:|1700698413\n|move|p2a: enoy|Calm Mind|p2a: enoy\n|-boost|p2a: enoy|spa|1\n|-boost|p2a: enoy|spd|1\n|move|p1a: Alomomola|Toxic|p2a: enoy\n|-status|p2a: enoy|tox\n|\n|-damage|p2a: enoy|94\/100 tox|[from] psn\n|upkeep\n|turn|2\n|\n|t:|1700698426\n|move|p2a: enoy|Energy Ball|p1a: Alomomola\n|-supereffective|p1a: Alomomola\n|-damage|p1a: Alomomola|0 fnt\n|faint|p1a: Alomomola\n|\n|-damage|p2a: enoy|82\/100 tox|[from] psn\n|upkeep\n|\n|t:|1700698438\n|switch|p1a: Lopunny|Lopunny, F, shiny|100\/100\n|turn|3\n|\n|t:|1700698441\n|detailschange|p1a: Lopunny|Lopunny-Mega, F, shiny\n|-mega|p1a: Lopunny|Lopunny|Lopunnite\n|move|p1a: Lopunny|Fake Out|p2a: enoy\n|-damage|p2a: enoy|46\/100 tox\n|cant|p2a: enoy|flinch\n|\n|-damage|p2a: enoy|28\/100 tox|[from] psn\n|upkeep\n|turn|4\n|\n|t:|1700698449\n|move|p1a: Lopunny|U-turn|p2a: enoy\n|-damage|p2a: enoy|0 fnt\n|faint|p2a: enoy\n|\n|t:|1700698456\n|switch|p1a: Slowking|Slowking-Galar, F|100\/100|[from] U-turn\n|\n|upkeep\n|\n|t:|1700698462\n|switch|p2a: bistro|Bisharp, M, shiny|100\/100\n|turn|5\n|\n|t:|1700698471\n|switch|p1a: Moltres|Moltres|100\/100\n|move|p2a: bistro|Shadow Claw|p1a: Moltres\n|-damage|p1a: Moltres|82\/100\n|\n|upkeep\n|turn|6\n|\n|t:|1700698479\n|switch|p2a: Marcoelho|Cinderace, M|100\/100\n|move|p1a: Moltres|Flamethrower|p2a: Marcoelho\n|-resisted|p2a: Marcoelho\n|-damage|p2a: Marcoelho|73\/100\n|\n|upkeep\n|turn|7\n|\n|t:|1700698484\n|move|p2a: Marcoelho|U-turn|p1a: Moltres\n|-start|p2a: Marcoelho|typechange|Bug|[from] ability: Libero\n|-resisted|p1a: Moltres\n|-damage|p1a: Moltres|76\/100\n|\n|t:|1700698488\n|switch|p2a: Roberto foda|Samurott-Hisui, M, shiny|100\/100|[from] U-turn\n|move|p1a: Moltres|Scorching Sands|p2a: Roberto foda\n|-damage|p2a: Roberto foda|67\/100\n|\n|upkeep\n|turn|8\n|\n|t:|1700698495\n|switch|p1a: Ferrothorn|Ferrothorn, M|100\/100\n|move|p2a: Roberto foda|Razor Shell|p1a: Ferrothorn\n|-resisted|p1a: Ferrothorn\n|-damage|p1a: Ferrothorn|84\/100\n|-damage|p2a: Roberto foda|54\/100|[from] ability: Iron Barbs|[of] p1a: Ferrothorn\n|\n|-heal|p1a: Ferrothorn|90\/100|[from] item: Leftovers\n|upkeep\n|turn|9\n|\n|t:|1700698499\n|move|p2a: Roberto foda|Air Slash|p1a: Ferrothorn\n|-damage|p1a: Ferrothorn|68\/100\n|move|p1a: Ferrothorn|Thunder Wave|p2a: Roberto foda\n|-status|p2a: Roberto foda|par\n|\n|-heal|p1a: Ferrothorn|74\/100|[from] item: Leftovers\n|upkeep\n|turn|10\n|\n|t:|1700698503\n|move|p2a: Roberto foda|Air Slash|p1a: Ferrothorn\n|-damage|p1a: Ferrothorn|54\/100\n|move|p1a: Ferrothorn|Knock Off|p2a: Roberto foda\n|-resisted|p2a: Roberto foda\n|-damage|p2a: Roberto foda|40\/100 par\n|-enditem|p2a: Roberto foda|Black Glasses|[from] move: Knock Off|[of] p1a: Ferrothorn\n|\n|-heal|p1a: Ferrothorn|60\/100|[from] item: Leftovers\n|upkeep\n|turn|11\n|\n|t:|1700698507\n|move|p2a: Roberto foda|Air Slash|p1a: Ferrothorn\n|-crit|p1a: Ferrothorn\n|-damage|p1a: Ferrothorn|25\/100\n|move|p1a: Ferrothorn|Leech Seed|p2a: Roberto foda\n|-start|p2a: Roberto foda|move: Leech Seed\n|\n|-heal|p1a: Ferrothorn|31\/100|[from] item: Leftovers\n|-damage|p2a: Roberto foda|28\/100 par|[from] Leech Seed|[of] p1a: Ferrothorn\n|-heal|p1a: Ferrothorn|42\/100|[silent]\n|upkeep\n|turn|12\n|\n|t:|1700698510\n|move|p2a: Roberto foda|Air Slash|p1a: Ferrothorn\n|-damage|p1a: Ferrothorn|20\/100\n|move|p1a: Ferrothorn|Spikes|p2a: Roberto foda\n|-sidestart|p2: Guaravitagemer|Spikes\n|\n|-heal|p1a: Ferrothorn|26\/100|[from] item: Leftovers\n|-damage|p2a: Roberto foda|15\/100 par|[from] Leech Seed|[of] p1a: Ferrothorn\n|-heal|p1a: Ferrothorn|37\/100|[silent]\n|upkeep\n|turn|13\n|\n|t:|1700698515\n|move|p2a: Roberto foda|Air Slash|p1a: Ferrothorn\n|-damage|p1a: Ferrothorn|15\/100\n|cant|p1a: Ferrothorn|flinch\n|\n|-heal|p1a: Ferrothorn|21\/100|[from] item: Leftovers\n|-damage|p2a: Roberto foda|3\/100 par|[from] Leech Seed|[of] p1a: Ferrothorn\n|-heal|p1a: Ferrothorn|33\/100|[silent]\n|upkeep\n|turn|14\n|\n|t:|1700698520\n|cant|p2a: Roberto foda|par\n|move|p1a: Ferrothorn|Spikes|p2a: Roberto foda\n|-sidestart|p2: Guaravitagemer|Spikes\n|\n|-heal|p1a: Ferrothorn|39\/100|[from] item: Leftovers\n|-damage|p2a: Roberto foda|0 fnt|[from] Leech Seed|[of] p1a: Ferrothorn\n|-heal|p1a: Ferrothorn|41\/100|[silent]\n|faint|p2a: Roberto foda\n|upkeep\n|\n|t:|1700698524\n|switch|p2a: Marcoelho|Cinderace, M|73\/100\n|-damage|p2a: Marcoelho|56\/100|[from] Spikes\n|turn|15\n|\n|t:|1700698529\n|switch|p1a: Moltres|Moltres|76\/100\n|move|p2a: Marcoelho|Court Change|p2a: Marcoelho\n|-start|p2a: Marcoelho|typechange|Normal|[from] ability: Libero\n|-swapsideconditions\n|-activate|p2a: Marcoelho|move: Court Change\n|\n|upkeep\n|turn|16\n|\n|t:|1700698539\n|move|p2a: Marcoelho|Pyro Ball|p1a: Moltres\n|-resisted|p1a: Moltres\n|-damage|p1a: Moltres|63\/100\n|move|p1a: Moltres|Flamethrower|p2a: Marcoelho\n|-damage|p2a: Marcoelho|4\/100\n|\n|upkeep\n|turn|17\n|\n|t:|1700698545\n|move|p2a: Marcoelho|Pyro Ball|p1a: Moltres\n|-resisted|p1a: Moltres\n|-damage|p1a: Moltres|51\/100\n|move|p1a: Moltres|Scorching Sands|p2a: Marcoelho\n|-damage|p2a: Marcoelho|0 fnt\n|faint|p2a: Marcoelho\n|\n|upkeep\n|\n|t:|1700698549\n|switch|p2a: Paines|Pinsir, M, shiny|100\/100\n|turn|18\n|\n|t:|1700698556\n|detailschange|p2a: Paines|Pinsir-Mega, M, shiny\n|-mega|p2a: Paines|Pinsir|Pinsirite\n|move|p2a: Paines|Return|p1a: Moltres\n|-damage|p1a: Moltres|4\/100\n|move|p1a: Moltres|Roost|p1a: Moltres\n|-heal|p1a: Moltres|54\/100\n|-singleturn|p1a: Moltres|move: Roost\n|\n|upkeep\n|turn|19\n|\n|t:|1700698563\n|move|p2a: Paines|Return|p1a: Moltres\n|-damage|p1a: Moltres|3\/100\n|move|p1a: Moltres|Flamethrower|p2a: Paines\n|-supereffective|p2a: Paines\n|-damage|p2a: Paines|5\/100\n|-status|p2a: Paines|brn\n|\n|-damage|p2a: Paines|0 fnt|[from] brn\n|faint|p2a: Paines\n|upkeep\n|\n|t:|1700698566\n|switch|p2a: bistro|Bisharp, M, shiny|100\/100\n|turn|20\n|\n|t:|1700698570\n|move|p2a: bistro|Sucker Punch||[still]\n|-fail|p2a: bistro\n|move|p1a: Moltres|Roost|p1a: Moltres\n|-heal|p1a: Moltres|53\/100\n|-singleturn|p1a: Moltres|move: Roost\n|\n|upkeep\n|turn|21\n|\n|t:|1700698575\n|-terastallize|p2a: bistro|Ghost\n|move|p1a: Moltres|Roost|p1a: Moltres\n|-heal|p1a: Moltres|100\/100\n|-singleturn|p1a: Moltres|move: Roost\n|move|p2a: bistro|Shadow Claw|p1a: Moltres\n|-damage|p1a: Moltres|73\/100\n|\n|upkeep\n|turn|22\n|\n|t:|1700698581\n|move|p1a: Moltres|Scorching Sands|p2a: bistro\n|-damage|p2a: bistro|82\/100\n|-status|p2a: bistro|brn\n|move|p2a: bistro|Shadow Claw|p1a: Moltres\n|-damage|p1a: Moltres|59\/100\n|\n|-damage|p2a: bistro|76\/100 brn|[from] brn\n|upkeep\n|turn|23\n|\n|t:|1700698589\n|move|p1a: Moltres|Flamethrower|p2a: bistro\n|-damage|p2a: bistro|40\/100 brn\n|move|p2a: bistro|Shadow Claw|p1a: Moltres\n|-damage|p1a: Moltres|46\/100\n|\n|-damage|p2a: bistro|34\/100 brn|[from] brn\n|upkeep\n|turn|24\n|\n|t:|1700698594\n|move|p1a: Moltres|Flamethrower|p2a: bistro\n|-damage|p2a: bistro|1\/100 brn\n|move|p2a: bistro|Shadow Claw|p1a: Moltres\n|-damage|p1a: Moltres|32\/100\n|\n|-damage|p2a: bistro|0 fnt|[from] brn\n|faint|p2a: bistro\n|upkeep\n|\n|t:|1700698610\n|switch|p2a: boxeta|Breloom, M, shiny|100\/100\n|turn|25\n|\n|t:|1700698613\n|move|p1a: Moltres|Flamethrower|p2a: boxeta\n|-supereffective|p2a: boxeta\n|-damage|p2a: boxeta|0 fnt\n|faint|p2a: boxeta\n|\n|win|sgzf\n|raw|sgzf's rating: 1210 &rarr; <strong>1231<\/strong><br \/>(+21 for winning)\n|raw|Guaravitagemer's rating: 1160 &rarr; <strong>1139<\/strong><br \/>(-21 for losing)\n|l|\u2606Guaravitagemer\n","uploadtime":1700698619,"views":1,"p1id":"sgzf","p2id":"guaravitagemer","formatid":"gen9nationaldex","rating":1139,"private":0,"password":""}