{"id":"gen9nationaldex-1992682297","p1":"hcff","p2":"Hi my name is Goku","format":"[Gen 9] National Dex","log":"|j|\u2606hcff\n|j|\u2606Hi my name is Goku\n|t:|1700224703\n|gametype|singles\n|player|p1|hcff|ingo|1346\n|player|p2|Hi my name is Goku|blackbelt-gen4dp|1409\n|teamsize|p1|6\n|teamsize|p2|6\n|gen|9\n|tier|[Gen 9] National Dex\n|rated|\n|rule|HP Percentage Mod: HP is shown in percentages\n|rule|Endless Battle Clause: Forcing endless battles is banned\n|rule|OHKO Clause: OHKO moves are banned\n|rule|Evasion Clause: Evasion abilities, items, and moves are banned\n|rule|Evasion Abilities Clause: Evasion abilities are banned\n|rule|Evasion Items Clause: Evasion items are banned\n|rule|Evasion Moves Clause: Evasion moves are banned\n|rule|Species Clause: Limit one of each Pok\u00e9mon\n|rule|Sleep Clause Mod: Limit one foe put to sleep\n|clearpoke\n|poke|p1|Copperajah, F|\n|poke|p1|Kleavor, M|\n|poke|p1|Sigilyph, M|\n|poke|p1|Nidoking, M|\n|poke|p1|Darmanitan, F|\n|poke|p1|Feraligatr, F|\n|poke|p2|Garchomp, M|\n|poke|p2|Kommo-o, M|\n|poke|p2|Goodra-Hisui, M|\n|poke|p2|Salamence, M|\n|poke|p2|Dipplin, M|\n|poke|p2|Kyurem|\n|teampreview\n|inactive|Battle timer is ON: inactive players will automatically lose when time's up. (requested by hcff)\n|\n|t:|1700224717\n|start\n|switch|p1a: Sigilyph|Sigilyph, M|100\/100\n|switch|p2a: Boeing 777|Garchomp, M, shiny|100\/100\n|turn|1\n|\n|t:|1700224722\n|move|p2a: Boeing 777|Stealth Rock|p1a: Sigilyph\n|-sidestart|p1: hcff|move: Stealth Rock\n|move|p1a: Sigilyph|Cosmic Power|p1a: Sigilyph\n|-boost|p1a: Sigilyph|def|1\n|-boost|p1a: Sigilyph|spd|1\n|\n|upkeep\n|turn|2\n|\n|t:|1700224726\n|move|p1a: Sigilyph|Cosmic Power|p1a: Sigilyph\n|-boost|p1a: Sigilyph|def|1\n|-boost|p1a: Sigilyph|spd|1\n|move|p2a: Boeing 777|Roar|p1a: Sigilyph\n|drag|p1a: Feraligatr|Feraligatr, F|100\/100\n|-damage|p1a: Feraligatr|88\/100|[from] Stealth Rock\n|\n|upkeep\n|turn|3\n|\n|t:|1700224730\n|move|p2a: Boeing 777|Spikes|p1a: Feraligatr\n|-sidestart|p1: hcff|Spikes\n|move|p1a: Feraligatr|Dragon Dance|p1a: Feraligatr\n|-boost|p1a: Feraligatr|atk|1\n|-boost|p1a: Feraligatr|spe|1\n|\n|upkeep\n|turn|4\n|\n|t:|1700224733\n|move|p1a: Feraligatr|Ice Punch|p2a: Boeing 777\n|-supereffective|p2a: Boeing 777\n|-damage|p2a: Boeing 777|0 fnt\n|-damage|p1a: Feraligatr|75\/100|[from] ability: Rough Skin|[of] p2a: Boeing 777\n|-damage|p1a: Feraligatr|59\/100|[from] item: Rocky Helmet|[of] p2a: Boeing 777\n|faint|p2a: Boeing 777\n|\n|upkeep\n|\n|t:|1700224738\n|switch|p2a: Big tail|Goodra-Hisui, M, shiny|100\/100\n|turn|5\n|\n|t:|1700224741\n|move|p1a: Feraligatr|Ice Punch|p2a: Big tail\n|-damage|p2a: Big tail|47\/100\n|move|p2a: Big tail|Dragon Tail|p1a: Feraligatr\n|-damage|p1a: Feraligatr|25\/100\n|drag|p1a: Kleavor|Kleavor, M|100\/100\n|-damage|p1a: Kleavor|76\/100|[from] Stealth Rock\n|-damage|p1a: Kleavor|63\/100|[from] Spikes\n|\n|upkeep\n|turn|6\n|\n|t:|1700224750\n|move|p1a: Kleavor|Close Combat|p2a: Big tail\n|-supereffective|p2a: Big tail\n|-damage|p2a: Big tail|0 fnt\n|-unboost|p1a: Kleavor|def|1\n|-unboost|p1a: Kleavor|spd|1\n|faint|p2a: Big tail\n|-damage|p1a: Kleavor|53\/100|[from] item: Life Orb\n|\n|upkeep\n|\n|t:|1700224754\n|switch|p2a: Swiffer Jet|Kommo-o, M, shiny|100\/100\n|turn|7\n|\n|t:|1700224758\n|-zpower|p2a: Swiffer Jet\n|move|p2a: Swiffer Jet|Clangorous Soulblaze|p1a: Kleavor|[zeffect]\n|-damage|p1a: Kleavor|0 fnt\n|faint|p1a: Kleavor\n|-boost|p2a: Swiffer Jet|atk|1\n|-boost|p2a: Swiffer Jet|def|1\n|-boost|p2a: Swiffer Jet|spa|1\n|-boost|p2a: Swiffer Jet|spd|1\n|-boost|p2a: Swiffer Jet|spe|1\n|\n|upkeep\n|\n|t:|1700224767\n|switch|p1a: Sigilyph|Sigilyph, M|100\/100\n|turn|8\n|\n|t:|1700224772\n|move|p2a: Swiffer Jet|Clanging Scales|p1a: Sigilyph\n|-damage|p1a: Sigilyph|28\/100\n|-unboost|p2a: Swiffer Jet|def|1\n|move|p1a: Sigilyph|Defog|p2a: Swiffer Jet\n|-unboost|p2a: Swiffer Jet|evasion|1\n|-sideend|p1: hcff|Spikes|[from] move: Defog|[of] p1a: Sigilyph\n|-sideend|p1: hcff|Stealth Rock|[from] move: Defog|[of] p1a: Sigilyph\n|\n|upkeep\n|turn|9\n|\n|t:|1700224779\n|move|p2a: Swiffer Jet|Clanging Scales|p1a: Sigilyph\n|-damage|p1a: Sigilyph|0 fnt\n|faint|p1a: Sigilyph\n|-unboost|p2a: Swiffer Jet|def|1\n|\n|upkeep\n|\n|t:|1700224782\n|switch|p1a: Copperajah|Copperajah, F|100\/100\n|turn|10\n|\n|t:|1700224785\n|-terastallize|p1a: Copperajah|Fairy\n|move|p2a: Swiffer Jet|Close Combat|p1a: Copperajah\n|-resisted|p1a: Copperajah\n|-damage|p1a: Copperajah|57\/100\n|-unboost|p2a: Swiffer Jet|def|1\n|-unboost|p2a: Swiffer Jet|spd|1\n|move|p1a: Copperajah|Play Rough|p2a: Swiffer Jet\n|-supereffective|p2a: Swiffer Jet\n|-damage|p2a: Swiffer Jet|0 fnt\n|faint|p2a: Swiffer Jet\n|\n|upkeep\n|\n|t:|1700224790\n|switch|p2a: Dripplin Gapple|Dipplin, M, shiny|100\/100\n|turn|11\n|\n|t:|1700224793\n|-terastallize|p2a: Dripplin Gapple|Poison\n|move|p2a: Dripplin Gapple|Tera Blast|p1a: Copperajah|[anim] Tera Blast Poison\n|-supereffective|p1a: Copperajah\n|-damage|p1a: Copperajah|1\/100\n|move|p1a: Copperajah|Play Rough|p2a: Dripplin Gapple\n|-resisted|p2a: Dripplin Gapple\n|-damage|p2a: Dripplin Gapple|83\/100\n|\n|upkeep\n|turn|12\n|\n|t:|1700224802\n|switch|p1a: Nidoking|Nidoking, M|100\/100\n|move|p2a: Dripplin Gapple|Giga Drain|p1a: Nidoking\n|-damage|p1a: Nidoking|67\/100\n|-heal|p2a: Dripplin Gapple|97\/100|[from] drain|[of] p1a: Nidoking\n|\n|upkeep\n|turn|13\n|\n|t:|1700224811\n|switch|p2a: Smaug|Salamence, M, shiny|100\/100\n|move|p1a: Nidoking|Earth Power|p2a: Smaug\n|-immune|p2a: Smaug\n|\n|upkeep\n|turn|14\n|\n|t:|1700224820\n|move|p2a: Smaug|Dragon Claw|p1a: Nidoking\n|-damage|p1a: Nidoking|5\/100\n|move|p1a: Nidoking|Ice Beam|p2a: Smaug\n|-supereffective|p2a: Smaug\n|-damage|p2a: Smaug|0 fnt\n|faint|p2a: Smaug\n|\n|upkeep\n|\n|t:|1700224825\n|switch|p2a: The cave|Kyurem|100\/100\n|-ability|p2a: The cave|Pressure\n|turn|15\n|\n|t:|1700224830\n|move|p1a: Nidoking|Sludge Wave|p2a: The cave\n|-damage|p2a: The cave|51\/100\n|move|p2a: The cave|Scale Shot|p1a: Nidoking\n|-damage|p1a: Nidoking|0 fnt\n|faint|p1a: Nidoking\n|-hitcount|p1: Nidoking|1\n|-unboost|p2a: The cave|def|1\n|-boost|p2a: The cave|spe|1\n|\n|upkeep\n|\n|t:|1700224835\n|switch|p1a: Darmanitan|Darmanitan, F|100\/100\n|turn|16\n|\n|t:|1700224839\n|move|p2a: The cave|Stone Edge|p1a: Darmanitan|[miss]\n|-miss|p2a: The cave|p1a: Darmanitan\n|move|p1a: Darmanitan|Flare Blitz|p2a: The cave\n|-damage|p2a: The cave|0 fnt\n|faint|p2a: The cave\n|-damage|p1a: Darmanitan|79\/100|[from] Recoil\n|\n|upkeep\n|\n|t:|1700224842\n|switch|p2a: Dripplin Gapple|Dipplin, M, shiny, tera:Poison|97\/100\n|turn|17\n|\n|t:|1700224846\n|move|p1a: Darmanitan|Flare Blitz|p2a: Dripplin Gapple\n|-damage|p2a: Dripplin Gapple|52\/100\n|-damage|p1a: Darmanitan|64\/100|[from] Recoil\n|move|p2a: Dripplin Gapple|Tera Blast|p1a: Darmanitan|[anim] Tera Blast Poison\n|-damage|p1a: Darmanitan|24\/100\n|\n|upkeep\n|turn|18\n|\n|t:|1700224849\n|move|p1a: Darmanitan|Flare Blitz|p2a: Dripplin Gapple\n|-damage|p2a: Dripplin Gapple|3\/100\n|-damage|p1a: Darmanitan|8\/100|[from] Recoil\n|move|p2a: Dripplin Gapple|Recover|p2a: Dripplin Gapple\n|-heal|p2a: Dripplin Gapple|53\/100\n|\n|upkeep\n|turn|19\n|\n|t:|1700224851\n|move|p1a: Darmanitan|Flare Blitz|p2a: Dripplin Gapple\n|-damage|p2a: Dripplin Gapple|5\/100\n|-damage|p1a: Darmanitan|0 fnt|[from] Recoil\n|faint|p1a: Darmanitan\n|move|p2a: Dripplin Gapple|Recover|p2a: Dripplin Gapple\n|-heal|p2a: Dripplin Gapple|55\/100\n|\n|upkeep\n|\n|t:|1700224854\n|switch|p1a: Feraligatr|Feraligatr, F|25\/100\n|turn|20\n|\n|t:|1700224857\n|move|p1a: Feraligatr|Liquidation|p2a: Dripplin Gapple\n|-damage|p2a: Dripplin Gapple|28\/100\n|move|p2a: Dripplin Gapple|Giga Drain|p1a: Feraligatr\n|-supereffective|p1a: Feraligatr\n|-damage|p1a: Feraligatr|0 fnt\n|-heal|p2a: Dripplin Gapple|39\/100|[from] drain|[of] p1a: Feraligatr\n|faint|p1a: Feraligatr\n|\n|upkeep\n|\n|t:|1700224859\n|switch|p1a: Copperajah|Copperajah, F, tera:Fairy|1\/100\n|turn|21\n|\n|t:|1700224864\n|move|p2a: Dripplin Gapple|Giga Drain|p1a: Copperajah\n|-damage|p1a: Copperajah|0 fnt\n|-heal|p2a: Dripplin Gapple|39\/100|[from] drain|[of] p1a: Copperajah\n|faint|p1a: Copperajah\n|\n|win|Hi my name is Goku\n|raw|hcff's rating: 1346 &rarr; <strong>1330<\/strong><br \/>(-16 for losing)\n|raw|Hi my name is Goku's rating: 1409 &rarr; <strong>1425<\/strong><br \/>(+16 for winning)\n|l|\u2606hcff\n","uploadtime":1700224874,"views":23,"p1id":"hcff","p2id":"himynameisgoku","formatid":"gen9nationaldex","rating":1330,"private":0,"password":""}