{"id":"gen9nationaldex-1990207957","p1":"taoke","p2":"playeraccount","format":"[Gen 9] National Dex","log":"|j|\u2606taoke\n|j|\u2606playeraccount\n|t:|1699937528\n|gametype|singles\n|player|p1|taoke|cyclist|\n|player|p2|playeraccount|bea|\n|teamsize|p1|6\n|teamsize|p2|6\n|gen|9\n|tier|[Gen 9] National Dex\n|rated|Tournament battle\n|rule|HP Percentage Mod: HP is shown in percentages\n|rule|Endless Battle Clause: Forcing endless battles is banned\n|rule|OHKO Clause: OHKO moves are banned\n|rule|Evasion Clause: Evasion abilities, items, and moves are banned\n|rule|Evasion Abilities Clause: Evasion abilities are banned\n|rule|Evasion Items Clause: Evasion items are banned\n|rule|Evasion Moves Clause: Evasion moves are banned\n|rule|Species Clause: Limit one of each Pok\u00e9mon\n|rule|Sleep Clause Mod: Limit one foe put to sleep\n|clearpoke\n|poke|p1|Ting-Lu|\n|poke|p1|Great Tusk|\n|poke|p1|Vaporeon, F|\n|poke|p1|Sylveon, F|\n|poke|p1|Espeon, M|\n|poke|p1|Charizard, M|\n|poke|p2|Xurkitree|\n|poke|p2|Zapdos-Galar|\n|poke|p2|Landorus-Therian, M|\n|poke|p2|Alomomola, M|\n|poke|p2|Chansey, F|\n|poke|p2|Scizor, M|\n|teampreview\n|c|\u2606playeraccount|gl hf\n|\n|t:|1699937542\n|start\n|switch|p1a: Great Tusk|Great Tusk|100\/100\n|switch|p2a: Zapdos|Zapdos-Galar|100\/100\n|turn|1\n|\n|t:|1699937549\n|switch|p2a: Alomomola|Alomomola, M, shiny|100\/100\n|-end|p1a: Great Tusk|Protosynthesis|[silent]\n|switch|p1a: Ting-Lu|Ting-Lu|100\/100\n|-ability|p1a: Ting-Lu|Vessel of Ruin\n|\n|upkeep\n|turn|2\n|\n|t:|1699937555\n|move|p1a: Ting-Lu|Stealth Rock|p2a: Alomomola\n|-sidestart|p2: playeraccount|move: Stealth Rock\n|move|p2a: Alomomola|Flip Turn|p1a: Ting-Lu\n|-supereffective|p1a: Ting-Lu\n|-damage|p1a: Ting-Lu|85\/100\n|\n|t:|1699937558\n|switch|p2a: Landorus|Landorus-Therian, M, shiny|100\/100|[from] Flip Turn\n|-damage|p2a: Landorus|88\/100|[from] Stealth Rock\n|-ability|p2a: Landorus|Intimidate|boost\n|-unboost|p1a: Ting-Lu|atk|1\n|\n|-heal|p1a: Ting-Lu|91\/100|[from] item: Leftovers\n|upkeep\n|turn|3\n|\n|t:|1699937561\n|move|p2a: Landorus|U-turn|p1a: Ting-Lu\n|-supereffective|p1a: Ting-Lu\n|-crit|p1a: Ting-Lu\n|-damage|p1a: Ting-Lu|56\/100\n|inactive|Battle timer is ON: inactive players will automatically lose when time's up. (requested by playeraccount)\n|\n|t:|1699937564\n|switch|p2a: Alomomola|Alomomola, M, shiny|100\/100|[from] U-turn\n|-damage|p2a: Alomomola|88\/100|[from] Stealth Rock\n|move|p1a: Ting-Lu|Ruination|p2a: Alomomola\n|-damage|p2a: Alomomola|44\/100\n|\n|-heal|p1a: Ting-Lu|62\/100|[from] item: Leftovers\n|upkeep\n|turn|4\n|\n|t:|1699937573\n|move|p1a: Ting-Lu|Earthquake|p2a: Alomomola\n|-damage|p2a: Alomomola|32\/100\n|move|p2a: Alomomola|Toxic|p1a: Ting-Lu\n|-status|p1a: Ting-Lu|tox\n|\n|-heal|p1a: Ting-Lu|68\/100 tox|[from] item: Leftovers\n|-damage|p1a: Ting-Lu|62\/100 tox|[from] psn\n|upkeep\n|turn|5\n|\n|t:|1699937580\n|switch|p1a: Espeon|Espeon, M|100\/100\n|move|p2a: Alomomola|Flip Turn|p1a: Espeon\n|-damage|p1a: Espeon|80\/100\n|\n|t:|1699937582\n|switch|p2a: Zapdos|Zapdos-Galar|100\/100|[from] Flip Turn\n|-damage|p2a: Zapdos|88\/100|[from] Stealth Rock\n|\n|-heal|p1a: Espeon|86\/100|[from] item: Leftovers\n|upkeep\n|turn|6\n|\n|t:|1699937590\n|switch|p1a: Vaporeon|Vaporeon, F|100\/100\n|move|p2a: Zapdos|Knock Off|p1a: Vaporeon\n|-damage|p1a: Vaporeon|77\/100\n|-enditem|p1a: Vaporeon|Leftovers|[from] move: Knock Off|[of] p2a: Zapdos\n|\n|upkeep\n|turn|7\n|\n|t:|1699937601\n|switch|p2a: Alomomola|Alomomola, M, shiny|65\/100\n|-damage|p2a: Alomomola|53\/100|[from] Stealth Rock\n|move|p1a: Vaporeon|Scald|p2a: Alomomola\n|-resisted|p2a: Alomomola\n|-damage|p2a: Alomomola|37\/100\n|\n|upkeep\n|turn|8\n|\n|t:|1699937611\n|move|p1a: Vaporeon|Wish|p1a: Vaporeon\n|move|p2a: Alomomola|Flip Turn|p1a: Vaporeon\n|-heal|p1a: Vaporeon|100\/100|[from] ability: Water Absorb|[of] p2a: Alomomola\n|\n|upkeep\n|turn|9\n|\n|t:|1699937618\n|switch|p1a: Espeon|Espeon, M|86\/100\n|move|p2a: Alomomola|Wish|p2a: Alomomola\n|\n|-heal|p1a: Espeon|100\/100|[from] move: Wish|[wisher] Vaporeon\n|upkeep\n|turn|10\n|\n|t:|1699937631\n|switch|p1a: Vaporeon|Vaporeon, F|100\/100\n|switch|p2a: Chansey|Chansey, F, shiny|100\/100\n|-damage|p2a: Chansey|88\/100|[from] Stealth Rock\n|\n|-heal|p2a: Chansey|100\/100|[from] move: Wish|[wisher] Alomomola\n|upkeep\n|turn|11\n|\n|t:|1699937658\n|switch|p1a: Great Tusk|Great Tusk|100\/100\n|move|p2a: Chansey|Teleport|p2a: Chansey\n|\n|t:|1699937661\n|switch|p2a: Landorus|Landorus-Therian, M, shiny|88\/100|[from] Teleport\n|-damage|p2a: Landorus|76\/100|[from] Stealth Rock\n|-ability|p2a: Landorus|Intimidate|boost\n|-unboost|p1a: Great Tusk|atk|1\n|\n|upkeep\n|turn|12\n|\n|t:|1699937665\n|move|p1a: Great Tusk|Ice Spinner|p2a: Landorus\n|-supereffective|p2a: Landorus\n|-damage|p2a: Landorus|15\/100\n|-zpower|p2a: Landorus\n|move|p2a: Landorus|Supersonic Skystrike|p1a: Great Tusk|[zeffect]\n|-supereffective|p1a: Great Tusk\n|-damage|p1a: Great Tusk|0 fnt\n|faint|p1a: Great Tusk\n|-end|p1a: Great Tusk|Protosynthesis|[silent]\n|\n|upkeep\n|\n|t:|1699937675\n|switch|p1a: Espeon|Espeon, M|100\/100\n|turn|13\n|\n|t:|1699937679\n|switch|p2a: Chansey|Chansey, F, shiny|100\/100\n|-damage|p2a: Chansey|88\/100|[from] Stealth Rock\n|move|p1a: Espeon|Dazzling Gleam|p2a: Chansey\n|-damage|p2a: Chansey|81\/100\n|\n|upkeep\n|turn|14\n|\n|t:|1699937687\n|move|p1a: Espeon|Calm Mind|p1a: Espeon\n|-boost|p1a: Espeon|spa|1\n|-boost|p1a: Espeon|spd|1\n|move|p2a: Chansey|Seismic Toss|p1a: Espeon\n|-damage|p1a: Espeon|69\/100\n|\n|-heal|p1a: Espeon|75\/100|[from] item: Leftovers\n|upkeep\n|turn|15\n|\n|t:|1699937689\n|move|p1a: Espeon|Calm Mind|p1a: Espeon\n|-boost|p1a: Espeon|spa|1\n|-boost|p1a: Espeon|spd|1\n|move|p2a: Chansey|Seismic Toss|p1a: Espeon\n|-damage|p1a: Espeon|44\/100\n|\n|-heal|p1a: Espeon|50\/100|[from] item: Leftovers\n|upkeep\n|turn|16\n|\n|t:|1699937692\n|move|p1a: Espeon|Calm Mind|p1a: Espeon\n|-boost|p1a: Espeon|spa|1\n|-boost|p1a: Espeon|spd|1\n|move|p2a: Chansey|Seismic Toss|p1a: Espeon\n|-damage|p1a: Espeon|19\/100\n|\n|-heal|p1a: Espeon|25\/100|[from] item: Leftovers\n|upkeep\n|turn|17\n|\n|t:|1699937695\n|move|p1a: Espeon|Morning Sun|p1a: Espeon\n|-heal|p1a: Espeon|75\/100\n|move|p2a: Chansey|Seismic Toss|p1a: Espeon\n|-damage|p1a: Espeon|44\/100\n|\n|-heal|p1a: Espeon|50\/100|[from] item: Leftovers\n|upkeep\n|turn|18\n|\n|t:|1699937698\n|move|p1a: Espeon|Calm Mind|p1a: Espeon\n|-boost|p1a: Espeon|spa|1\n|-boost|p1a: Espeon|spd|1\n|move|p2a: Chansey|Seismic Toss|p1a: Espeon\n|-damage|p1a: Espeon|19\/100\n|\n|-heal|p1a: Espeon|25\/100|[from] item: Leftovers\n|upkeep\n|turn|19\n|\n|t:|1699937701\n|move|p1a: Espeon|Morning Sun|p1a: Espeon\n|-heal|p1a: Espeon|75\/100\n|move|p2a: Chansey|Teleport|p2a: Chansey\n|j| MudbrayIsAG\n|\n|t:|1699937704\n|switch|p2a: Zapdos|Zapdos-Galar|88\/100|[from] Teleport\n|-damage|p2a: Zapdos|76\/100|[from] Stealth Rock\n|\n|-heal|p1a: Espeon|82\/100|[from] item: Leftovers\n|upkeep\n|turn|20\n|\n|t:|1699937710\n|-terastallize|p2a: Zapdos|Flying\n|-terastallize|p1a: Espeon|Steel\n|move|p2a: Zapdos|Brave Bird|p1a: Espeon\n|-resisted|p1a: Espeon\n|-damage|p1a: Espeon|32\/100\n|-damage|p2a: Zapdos|59\/100|[from] Recoil\n|move|p1a: Espeon|Stored Power|p2a: Zapdos\n|-damage|p2a: Zapdos|0 fnt\n|faint|p2a: Zapdos\n|\n|-heal|p1a: Espeon|38\/100|[from] item: Leftovers\n|upkeep\n|\n|t:|1699937725\n|switch|p2a: Scizor|Scizor, M, shiny|100\/100\n|-damage|p2a: Scizor|88\/100|[from] Stealth Rock\n|turn|21\n|j| Lewis\u4e0d\u5148\u8bfb\u7684king\n|\n|t:|1699937729\n|detailschange|p2a: Scizor|Scizor-Mega, M, shiny\n|-mega|p2a: Scizor|Scizor|Scizorite\n|move|p1a: Espeon|Morning Sun|p1a: Espeon\n|-heal|p1a: Espeon|88\/100\n|move|p2a: Scizor|U-turn|p1a: Espeon\n|-resisted|p1a: Espeon\n|-damage|p1a: Espeon|65\/100\n|\n|t:|1699937733\n|switch|p2a: Chansey|Chansey, F, shiny|81\/100|[from] U-turn\n|-damage|p2a: Chansey|68\/100|[from] Stealth Rock\n|\n|-heal|p1a: Espeon|71\/100|[from] item: Leftovers\n|upkeep\n|turn|22\n|c|\u2606playeraccount|gg\n|-message|playeraccount forfeited.\n|\n|win|taoke\n|n|\u2606taoke|taoke\n|n|\u2606playeraccount|playeraccount\n|n| MudbrayIsAG|mudbrayisag\n|n| Lewis\u4e0d\u5148\u8bfb\u7684king|lewisking\n","uploadtime":1699937740,"views":4,"p1id":"taoke","p2id":"playeraccount","formatid":"gen9nationaldex","rating":0,"private":0,"password":""}