{"id":"gen9nationaldex-1995277356","p1":"DGP PLAYER","p2":"qingcang","format":"[Gen 9] National Dex","log":"|html|<div class=\"broadcast-blue\"><strong>[Gen 9] National Dex is currently suspecting Sneasler! For information on how to participate check out the <a href=\"https:\/\/www.smogon.com\/forums\/threads\/sv-national-dex-suspect-8-just-dance.3731534\/\">suspect thread<\/a>.<\/strong><\/div>\n|j|\u2606DGP PLAYER\n|j|\u203dqingcang\n|t:|1700545544\n|gametype|singles\n|player|p1|DGP PLAYER|hilda-wonderlauncher|1685\n|player|p2|qingcang|266|1633\n|teamsize|p1|6\n|teamsize|p2|6\n|gen|9\n|tier|[Gen 9] National Dex\n|rated|\n|rule|HP Percentage Mod: HP is shown in percentages\n|rule|Endless Battle Clause: Forcing endless battles is banned\n|rule|OHKO Clause: OHKO moves are banned\n|rule|Evasion Clause: Evasion abilities, items, and moves are banned\n|rule|Evasion Abilities Clause: Evasion abilities are banned\n|rule|Evasion Items Clause: Evasion items are banned\n|rule|Evasion Moves Clause: Evasion moves are banned\n|rule|Species Clause: Limit one of each Pok\u00e9mon\n|rule|Sleep Clause Mod: Limit one foe put to sleep\n|clearpoke\n|poke|p1|Blaziken, F|\n|poke|p1|Banette, M|\n|poke|p1|Ogerpon-Wellspring, F|\n|poke|p1|Landorus-Therian, M|\n|poke|p1|Iron Valiant|\n|poke|p1|Rotom-Wash|\n|poke|p2|Pelipper, M|\n|poke|p2|Urshifu-*, F|\n|poke|p2|Barraskewda, M|\n|poke|p2|Zapdos|\n|poke|p2|Garchomp, F|\n|poke|p2|Scizor, M|\n|teampreview\n|inactive|Battle timer is ON: inactive players will automatically lose when time's up. (requested by DGP PLAYER)\n|\n|t:|1700545554\n|start\n|switch|p1a: \u6d17\u8863\u673a|Rotom-Wash|100\/100\n|switch|p2a: Garchomp|Garchomp, F|100\/100\n|turn|1\n|\n|t:|1700545567\n|switch|p1a: \u56f4\u5dfe\u571f\u732b|Landorus-Therian, M|100\/100\n|-ability|p1a: \u56f4\u5dfe\u571f\u732b|Intimidate|boost\n|-unboost|p2a: Garchomp|atk|1\n|move|p2a: Garchomp|Stealth Rock|p1a: \u56f4\u5dfe\u571f\u732b\n|-sidestart|p1: DGP PLAYER|move: Stealth Rock\n|\n|upkeep\n|turn|2\n|\n|t:|1700545574\n|move|p2a: Garchomp|Swords Dance|p2a: Garchomp\n|-boost|p2a: Garchomp|atk|2\n|move|p1a: \u56f4\u5dfe\u571f\u732b|Toxic|p2a: Garchomp\n|-status|p2a: Garchomp|tox\n|\n|-damage|p2a: Garchomp|94\/100 tox|[from] psn\n|upkeep\n|turn|3\n|\n|t:|1700545584\n|switch|p1a: \u94c1\u5973\u4ec6|Iron Valiant|100\/100\n|-damage|p1a: \u94c1\u5973\u4ec6|94\/100|[from] Stealth Rock\n|-enditem|p1a: \u94c1\u5973\u4ec6|Booster Energy\n|-activate|p1a: \u94c1\u5973\u4ec6|ability: Quark Drive|[fromitem]\n|-start|p1a: \u94c1\u5973\u4ec6|quarkdrivespe\n|move|p2a: Garchomp|Outrage|p1a: \u94c1\u5973\u4ec6\n|-immune|p1a: \u94c1\u5973\u4ec6\n|\n|-damage|p2a: Garchomp|82\/100 tox|[from] psn\n|upkeep\n|turn|4\n|\n|t:|1700545590\n|move|p1a: \u94c1\u5973\u4ec6|Moonblast|p2a: Garchomp\n|-supereffective|p2a: Garchomp\n|-damage|p2a: Garchomp|0 fnt\n|faint|p2a: Garchomp\n|\n|upkeep\n|\n|t:|1700545597\n|switch|p2a: Scizor|Scizor, M|100\/100\n|turn|5\n|\n|t:|1700545606\n|-end|p1a: \u94c1\u5973\u4ec6|Quark Drive|[silent]\n|switch|p1a: \u56f4\u5dfe\u571f\u732b|Landorus-Therian, M|100\/100\n|-damage|p1a: \u56f4\u5dfe\u571f\u732b|88\/100|[from] Stealth Rock\n|-ability|p1a: \u56f4\u5dfe\u571f\u732b|Intimidate|boost\n|-unboost|p2a: Scizor|atk|1\n|switch|p2a: Urshifu|Urshifu-Rapid-Strike, F|100\/100\n|\n|upkeep\n|turn|6\n|\n|t:|1700545620\n|-terastallize|p1a: \u56f4\u5dfe\u571f\u732b|Water\n|move|p2a: Urshifu|U-turn|p1a: \u56f4\u5dfe\u571f\u732b\n|-damage|p1a: \u56f4\u5dfe\u571f\u732b|71\/100\n|-damage|p2a: Urshifu|84\/100|[from] item: Rocky Helmet|[of] p1a: \u56f4\u5dfe\u571f\u732b\n|\n|t:|1700545625\n|switch|p2a: Zapdos|Zapdos|100\/100|[from] U-turn\n|move|p1a: \u56f4\u5dfe\u571f\u732b|Toxic|p2a: Zapdos\n|-status|p2a: Zapdos|tox\n|\n|-damage|p2a: Zapdos|94\/100 tox|[from] psn\n|upkeep\n|turn|7\n|\n|t:|1700545630\n|switch|p1a: \u6d17\u8863\u673a|Rotom-Wash|100\/100\n|-damage|p1a: \u6d17\u8863\u673a|88\/100|[from] Stealth Rock\n|-zpower|p2a: Zapdos\n|move|p2a: Zapdos|Z-Rain Dance|p2a: Zapdos|[anim]Rain Dance\n|-boost|p2a: Zapdos|spe|1|[zeffect]\n|-weather|RainDance\n|\n|-weather|RainDance|[upkeep]\n|-heal|p1a: \u6d17\u8863\u673a|94\/100|[from] item: Leftovers\n|-damage|p2a: Zapdos|82\/100 tox|[from] psn\n|upkeep\n|turn|8\n|\n|t:|1700545637\n|move|p2a: Zapdos|Thunder|p1a: \u6d17\u8863\u673a\n|-damage|p1a: \u6d17\u8863\u673a|45\/100\n|move|p1a: \u6d17\u8863\u673a|Defog|p2a: Zapdos\n|-unboost|p2a: Zapdos|evasion|1\n|-sideend|p1: DGP PLAYER|Stealth Rock|[from] move: Defog|[of] p1a: \u6d17\u8863\u673a\n|\n|-weather|RainDance|[upkeep]\n|-heal|p1a: \u6d17\u8863\u673a|51\/100|[from] item: Leftovers\n|-damage|p2a: Zapdos|63\/100 tox|[from] psn\n|upkeep\n|turn|9\n|\n|t:|1700545644\n|switch|p1a: \u56f4\u5dfe\u571f\u732b|Landorus-Therian, M, tera:Water|71\/100\n|-ability|p1a: \u56f4\u5dfe\u571f\u732b|Intimidate|boost\n|-unboost|p2a: Zapdos|atk|1\n|move|p2a: Zapdos|Weather Ball|p1a: \u56f4\u5dfe\u571f\u732b\n|-resisted|p1a: \u56f4\u5dfe\u571f\u732b\n|-damage|p1a: \u56f4\u5dfe\u571f\u732b|39\/100\n|\n|-weather|RainDance|[upkeep]\n|-damage|p2a: Zapdos|38\/100 tox|[from] psn\n|upkeep\n|turn|10\n|\n|t:|1700545647\n|switch|p1a: \u6d17\u8863\u673a|Rotom-Wash|51\/100\n|move|p2a: Zapdos|Thunder|p1a: \u6d17\u8863\u673a\n|-damage|p1a: \u6d17\u8863\u673a|1\/100\n|\n|-weather|RainDance|[upkeep]\n|-heal|p1a: \u6d17\u8863\u673a|7\/100|[from] item: Leftovers\n|-damage|p2a: Zapdos|7\/100 tox|[from] psn\n|upkeep\n|turn|11\n|\n|t:|1700545652\n|switch|p1a: \u692a\u692a|Ogerpon-Wellspring, F|100\/100\n|move|p2a: Zapdos|Thunder|p1a: \u692a\u692a\n|-damage|p1a: \u692a\u692a|29\/100\n|\n|-weather|none\n|-damage|p2a: Zapdos|0 fnt|[from] psn\n|faint|p2a: Zapdos\n|upkeep\n|\n|t:|1700545666\n|switch|p2a: Scizor|Scizor, M|100\/100\n|turn|12\n|\n|t:|1700545670\n|switch|p1a: \u56f4\u5dfe\u571f\u732b|Landorus-Therian, M, tera:Water|39\/100\n|-ability|p1a: \u56f4\u5dfe\u571f\u732b|Intimidate|boost\n|-unboost|p2a: Scizor|atk|1\n|detailschange|p2a: Scizor|Scizor-Mega, M\n|-mega|p2a: Scizor|Scizor|Scizorite\n|move|p2a: Scizor|Swords Dance|p2a: Scizor\n|-boost|p2a: Scizor|atk|2\n|\n|upkeep\n|turn|13\n|\n|t:|1700545675\n|move|p2a: Scizor|Swords Dance|p2a: Scizor\n|-boost|p2a: Scizor|atk|2\n|move|p1a: \u56f4\u5dfe\u571f\u732b|U-turn|p2a: Scizor\n|-resisted|p2a: Scizor\n|-damage|p2a: Scizor|90\/100\n|\n|t:|1700545676\n|switch|p1a: \u8bc5\u5c06\u519b|Banette, M|100\/100|[from] U-turn\n|-item|p2a: Scizor|Scizorite|[from] ability: Frisk|[of] p1a: \u8bc5\u5c06\u519b|[identify]\n|\n|upkeep\n|turn|14\n|\n|t:|1700545681\n|detailschange|p1a: \u8bc5\u5c06\u519b|Banette-Mega, M\n|-mega|p1a: \u8bc5\u5c06\u519b|Banette|Banettite\n|move|p2a: Scizor|Bullet Punch|p1a: \u8bc5\u5c06\u519b\n|-damage|p1a: \u8bc5\u5c06\u519b|0 fnt\n|faint|p1a: \u8bc5\u5c06\u519b\n|\n|upkeep\n|\n|t:|1700545687\n|switch|p1a: \u706b\u7130\u5764|Blaziken, F|100\/100\n|turn|15\n|\n|t:|1700545690\n|move|p2a: Scizor|Bullet Punch|p1a: \u706b\u7130\u5764\n|-resisted|p1a: \u706b\u7130\u5764\n|-damage|p1a: \u706b\u7130\u5764|32\/100\n|-zpower|p1a: \u706b\u7130\u5764\n|move|p1a: \u706b\u7130\u5764|Inferno Overdrive|p2a: Scizor|[zeffect]\n|-supereffective|p2a: Scizor\n|-damage|p2a: Scizor|0 fnt\n|faint|p2a: Scizor\n|\n|-ability|p1a: \u706b\u7130\u5764|Speed Boost|boost\n|-boost|p1a: \u706b\u7130\u5764|spe|1\n|upkeep\n|\n|t:|1700545693\n|switch|p2a: Urshifu|Urshifu-Rapid-Strike, F|84\/100\n|turn|16\n|\n|t:|1700545697\n|switch|p1a: \u56f4\u5dfe\u571f\u732b|Landorus-Therian, M, tera:Water|39\/100\n|-ability|p1a: \u56f4\u5dfe\u571f\u732b|Intimidate|boost\n|-unboost|p2a: Urshifu|atk|1\n|move|p2a: Urshifu|Surging Strikes|p1a: \u56f4\u5dfe\u571f\u732b\n|-resisted|p1a: \u56f4\u5dfe\u571f\u732b\n|-crit|p1a: \u56f4\u5dfe\u571f\u732b\n|-damage|p1a: \u56f4\u5dfe\u571f\u732b|32\/100\n|-damage|p2a: Urshifu|68\/100|[from] item: Rocky Helmet|[of] p1a: \u56f4\u5dfe\u571f\u732b\n|-resisted|p1a: \u56f4\u5dfe\u571f\u732b\n|-crit|p1a: \u56f4\u5dfe\u571f\u732b\n|-damage|p1a: \u56f4\u5dfe\u571f\u732b|25\/100\n|-damage|p2a: Urshifu|51\/100|[from] item: Rocky Helmet|[of] p1a: \u56f4\u5dfe\u571f\u732b\n|-resisted|p1a: \u56f4\u5dfe\u571f\u732b\n|-crit|p1a: \u56f4\u5dfe\u571f\u732b\n|-damage|p1a: \u56f4\u5dfe\u571f\u732b|19\/100\n|-damage|p2a: Urshifu|35\/100|[from] item: Rocky Helmet|[of] p1a: \u56f4\u5dfe\u571f\u732b\n|-hitcount|p1a: \u56f4\u5dfe\u571f\u732b|3\n|\n|upkeep\n|turn|17\n|\n|t:|1700545703\n|switch|p2a: Pelipper|Pelipper, M|100\/100\n|-weather|RainDance|[from] ability: Drizzle|[of] p2a: Pelipper\n|move|p1a: \u56f4\u5dfe\u571f\u732b|U-turn|p2a: Pelipper\n|-resisted|p2a: Pelipper\n|-damage|p2a: Pelipper|91\/100\n|\n|t:|1700545706\n|switch|p1a: \u6d17\u8863\u673a|Rotom-Wash|7\/100|[from] U-turn\n|\n|-weather|RainDance|[upkeep]\n|-heal|p1a: \u6d17\u8863\u673a|13\/100|[from] item: Leftovers\n|upkeep\n|turn|18\n|\n|t:|1700545718\n|-terastallize|p2a: Pelipper|Ground\n|move|p1a: \u6d17\u8863\u673a|Volt Switch|p2a: Pelipper\n|-immune|p2a: Pelipper\n|move|p2a: Pelipper|Scald|p1a: \u6d17\u8863\u673a\n|-resisted|p1a: \u6d17\u8863\u673a\n|-damage|p1a: \u6d17\u8863\u673a|0 fnt\n|faint|p1a: \u6d17\u8863\u673a\n|\n|-weather|RainDance|[upkeep]\n|upkeep\n|\n|t:|1700545725\n|switch|p1a: \u692a\u692a|Ogerpon-Wellspring, F|29\/100\n|turn|19\n|\n|t:|1700545730\n|move|p1a: \u692a\u692a|Horn Leech|p2a: Pelipper\n|-supereffective|p2a: Pelipper\n|-damage|p2a: Pelipper|22\/100\n|-heal|p1a: \u692a\u692a|67\/100|[from] drain|[of] p2a: Pelipper\n|move|p2a: Pelipper|Hurricane|p1a: \u692a\u692a\n|-supereffective|p1a: \u692a\u692a\n|-damage|p1a: \u692a\u692a|0 fnt\n|faint|p1a: \u692a\u692a\n|\n|-weather|RainDance|[upkeep]\n|upkeep\n|\n|t:|1700545743\n|switch|p1a: \u706b\u7130\u5764|Blaziken, F|32\/100\n|turn|20\n|\n|t:|1700545748\n|move|p1a: \u706b\u7130\u5764|Protect|p1a: \u706b\u7130\u5764\n|-singleturn|p1a: \u706b\u7130\u5764|Protect\n|move|p2a: Pelipper|U-turn|p1a: \u706b\u7130\u5764\n|-activate|p1a: \u706b\u7130\u5764|move: Protect\n|\n|-weather|RainDance|[upkeep]\n|-ability|p1a: \u706b\u7130\u5764|Speed Boost|boost\n|-boost|p1a: \u706b\u7130\u5764|spe|1\n|upkeep\n|turn|21\n|\n|t:|1700545751\n|move|p1a: \u706b\u7130\u5764|Close Combat|p2a: Pelipper\n|-damage|p2a: Pelipper|0 fnt\n|-unboost|p1a: \u706b\u7130\u5764|def|1\n|-unboost|p1a: \u706b\u7130\u5764|spd|1\n|faint|p2a: Pelipper\n|\n|-weather|RainDance|[upkeep]\n|-ability|p1a: \u706b\u7130\u5764|Speed Boost|boost\n|-boost|p1a: \u706b\u7130\u5764|spe|1\n|upkeep\n|\n|t:|1700545759\n|switch|p2a: Barraskewda|Barraskewda, M|100\/100\n|turn|22\n|\n|t:|1700545772\n|move|p1a: \u706b\u7130\u5764|Protect|p1a: \u706b\u7130\u5764\n|-singleturn|p1a: \u706b\u7130\u5764|Protect\n|move|p2a: Barraskewda|Aqua Jet|p1a: \u706b\u7130\u5764\n|-activate|p1a: \u706b\u7130\u5764|move: Protect\n|\n|-weather|RainDance|[upkeep]\n|-ability|p1a: \u706b\u7130\u5764|Speed Boost|boost\n|-boost|p1a: \u706b\u7130\u5764|spe|1\n|upkeep\n|turn|23\n|\n|t:|1700545778\n|switch|p1a: \u56f4\u5dfe\u571f\u732b|Landorus-Therian, M, tera:Water|19\/100\n|-ability|p1a: \u56f4\u5dfe\u571f\u732b|Intimidate|boost\n|-unboost|p2a: Barraskewda|atk|1\n|move|p2a: Barraskewda|Aqua Jet|p1a: \u56f4\u5dfe\u571f\u732b\n|-resisted|p1a: \u56f4\u5dfe\u571f\u732b\n|-damage|p1a: \u56f4\u5dfe\u571f\u732b|8\/100\n|-damage|p2a: Barraskewda|84\/100|[from] item: Rocky Helmet|[of] p1a: \u56f4\u5dfe\u571f\u732b\n|\n|-weather|RainDance|[upkeep]\n|upkeep\n|turn|24\n|\n|t:|1700545784\n|move|p2a: Barraskewda|Aqua Jet|p1a: \u56f4\u5dfe\u571f\u732b\n|-resisted|p1a: \u56f4\u5dfe\u571f\u732b\n|-damage|p1a: \u56f4\u5dfe\u571f\u732b|0 fnt\n|-damage|p2a: Barraskewda|68\/100|[from] item: Rocky Helmet|[of] p1a: \u56f4\u5dfe\u571f\u732b\n|faint|p1a: \u56f4\u5dfe\u571f\u732b\n|\n|-weather|none\n|upkeep\n|\n|t:|1700545787\n|switch|p1a: \u94c1\u5973\u4ec6|Iron Valiant|94\/100\n|turn|25\n|\n|t:|1700545791\n|move|p2a: Barraskewda|Aqua Jet|p1a: \u94c1\u5973\u4ec6\n|-damage|p1a: \u94c1\u5973\u4ec6|67\/100\n|move|p1a: \u94c1\u5973\u4ec6|Thunderbolt|p2a: Barraskewda\n|-supereffective|p2a: Barraskewda\n|-damage|p2a: Barraskewda|0 fnt\n|faint|p2a: Barraskewda\n|\n|upkeep\n|\n|t:|1700545794\n|switch|p2a: Urshifu|Urshifu-Rapid-Strike, F|35\/100\n|turn|26\n|\n|t:|1700545799\n|move|p2a: Urshifu|Surging Strikes|p1a: \u94c1\u5973\u4ec6\n|-crit|p1a: \u94c1\u5973\u4ec6\n|-damage|p1a: \u94c1\u5973\u4ec6|41\/100\n|-crit|p1a: \u94c1\u5973\u4ec6\n|-damage|p1a: \u94c1\u5973\u4ec6|15\/100\n|-crit|p1a: \u94c1\u5973\u4ec6\n|-damage|p1a: \u94c1\u5973\u4ec6|0 fnt\n|faint|p1a: \u94c1\u5973\u4ec6\n|-end|p1a: \u94c1\u5973\u4ec6|Quark Drive|[silent]\n|-hitcount|p1: \u94c1\u5973\u4ec6|3\n|\n|upkeep\n|\n|t:|1700545803\n|switch|p1a: \u706b\u7130\u5764|Blaziken, F|32\/100\n|turn|27\n|\n|t:|1700545806\n|move|p2a: Urshifu|Surging Strikes|p1a: \u706b\u7130\u5764\n|-supereffective|p1a: \u706b\u7130\u5764\n|-crit|p1a: \u706b\u7130\u5764\n|-damage|p1a: \u706b\u7130\u5764|0 fnt\n|faint|p1a: \u706b\u7130\u5764\n|-hitcount|p1: \u706b\u7130\u5764|1\n|\n|win|qingcang\n|raw|DGP PLAYER's rating: 1685 &rarr; <strong>1662<\/strong><br \/>(-23 for losing)\n|raw|qingcang's rating: 1633 &rarr; <strong>1656<\/strong><br \/>(+23 for winning)\n|l|\u2606DGP PLAYER\n","uploadtime":1700545821,"views":3,"p1id":"dgpplayer","p2id":"qingcang","formatid":"gen9nationaldex","rating":1656,"private":0,"password":""}