{"id":"gen9nationaldex-1993963163","p1":"Bear233","p2":"jujibalaoshi001","format":"[Gen 9] National Dex","log":"|j|\u2606Bear233\n|j|\u2606jujibalaoshi001\n|t:|1700383815\n|gametype|singles\n|player|p1|Bear233|caitlin|1439\n|player|p2|jujibalaoshi001|hexmaniac-gen6|1502\n|teamsize|p1|6\n|teamsize|p2|6\n|gen|9\n|tier|[Gen 9] National Dex\n|rated|\n|rule|HP Percentage Mod: HP is shown in percentages\n|rule|Endless Battle Clause: Forcing endless battles is banned\n|rule|OHKO Clause: OHKO moves are banned\n|rule|Evasion Clause: Evasion abilities, items, and moves are banned\n|rule|Evasion Abilities Clause: Evasion abilities are banned\n|rule|Evasion Items Clause: Evasion items are banned\n|rule|Evasion Moves Clause: Evasion moves are banned\n|rule|Species Clause: Limit one of each Pok\u00e9mon\n|rule|Sleep Clause Mod: Limit one foe put to sleep\n|clearpoke\n|poke|p1|Tapu Lele|\n|poke|p1|Armarouge, F|\n|poke|p1|Dondozo, M|\n|poke|p1|Corviknight, F|\n|poke|p1|Zapdos|\n|poke|p1|Landorus-Therian, M|\n|poke|p2|Silvally-*|\n|poke|p2|Cloyster, F|\n|poke|p2|Heatran, F|\n|poke|p2|Weavile, M|\n|poke|p2|Azelf|\n|poke|p2|Tapu Lele|\n|teampreview\n|inactive|Battle timer is ON: inactive players will automatically lose when time's up. (requested by Bear233)\n|\n|t:|1700383824\n|start\n|switch|p1a: Landorus|Landorus-Therian, M|100\/100\n|switch|p2a: Weavile|Weavile, M|100\/100\n|-ability|p1a: Landorus|Intimidate|boost\n|-unboost|p2a: Weavile|atk|1\n|-ability|p2a: Weavile|Pressure\n|turn|1\n|\n|t:|1700383833\n|move|p1a: Landorus|U-turn|p2a: Weavile\n|-supereffective|p2a: Weavile\n|-damage|p2a: Weavile|13\/100\n|\n|t:|1700383836\n|switch|p1a: Corviknight|Corviknight, F|100\/100|[from] U-turn\n|-ability|p1a: Corviknight|Pressure\n|move|p2a: Weavile|Counter|p1a: Corviknight\n|-damage|p1a: Corviknight|0 fnt\n|faint|p1a: Corviknight\n|\n|upkeep\n|\n|t:|1700383844\n|switch|p1a: Landorus|Landorus-Therian, M|100\/100\n|-ability|p1a: Landorus|Intimidate|boost\n|-unboost|p2a: Weavile|atk|1\n|turn|2\n|\n|t:|1700383873\n|switch|p2a: Heatran|Heatran, F|100\/100\n|move|p1a: Landorus|U-turn|p2a: Heatran\n|-resisted|p2a: Heatran\n|-crit|p2a: Heatran\n|-damage|p2a: Heatran|92\/100\n|\n|t:|1700383882\n|switch|p1a: Zapdos|Zapdos|100\/100|[from] U-turn\n|\n|-heal|p2a: Heatran|98\/100|[from] item: Leftovers\n|upkeep\n|turn|3\n|\n|t:|1700383893\n|move|p1a: Zapdos|Volt Switch|p2a: Heatran\n|-damage|p2a: Heatran|76\/100\n|\n|t:|1700383900\n|switch|p1a: Landorus|Landorus-Therian, M|100\/100|[from] Volt Switch\n|-ability|p1a: Landorus|Intimidate|boost\n|-unboost|p2a: Heatran|atk|1\n|move|p2a: Heatran|Magma Storm|p1a: Landorus\n|-damage|p1a: Landorus|41\/100\n|-activate|p1a: Landorus|move: Magma Storm|[of] p2a: Heatran\n|\n|-heal|p2a: Heatran|82\/100|[from] item: Leftovers\n|-damage|p1a: Landorus|29\/100|[from] move: Magma Storm|[partiallytrapped]\n|upkeep\n|turn|4\n|\n|t:|1700383917\n|-terastallize|p2a: Heatran|Grass\n|move|p1a: Landorus|Knock Off|p2a: Heatran\n|-damage|p2a: Heatran|49\/100\n|-enditem|p2a: Heatran|Leftovers|[from] move: Knock Off|[of] p1a: Landorus\n|move|p2a: Heatran|Magma Storm|p1a: Landorus\n|-damage|p1a: Landorus|0 fnt\n|faint|p1a: Landorus\n|\n|upkeep\n|\n|t:|1700383931\n|switch|p1a: Zapdos|Zapdos|100\/100\n|turn|5\n|\n|t:|1700383939\n|switch|p2a: Tapu Lele|Tapu Lele|100\/100\n|-fieldstart|move: Psychic Terrain|[from] ability: Psychic Surge|[of] p2a: Tapu Lele\n|move|p1a: Zapdos|Hurricane|p2a: Tapu Lele\n|-damage|p2a: Tapu Lele|29\/100\n|\n|upkeep\n|turn|6\n|\n|t:|1700383949\n|move|p2a: Tapu Lele|Psychic|p1a: Zapdos\n|-damage|p1a: Zapdos|10\/100\n|move|p1a: Zapdos|Volt Switch|p2a: Tapu Lele\n|-damage|p2a: Tapu Lele|0 fnt\n|faint|p2a: Tapu Lele\n|\n|t:|1700383956\n|switch|p1a: Dondozo|Dondozo, M|100\/100|[from] Volt Switch\n|\n|upkeep\n|\n|t:|1700383967\n|switch|p2a: Azelf|Azelf|100\/100\n|turn|7\n|\n|t:|1700383972\n|switch|p1a: Zapdos|Zapdos|10\/100\n|move|p2a: Azelf|Taunt|p1a: Zapdos\n|-start|p1a: Zapdos|move: Taunt\n|\n|upkeep\n|turn|8\n|\n|t:|1700383980\n|move|p2a: Azelf|Fire Blast|p1a: Zapdos\n|-damage|p1a: Zapdos|0 fnt\n|faint|p1a: Zapdos\n|\n|upkeep\n|\n|t:|1700383983\n|switch|p1a: Tapu Lele|Tapu Lele|100\/100\n|turn|9\n|\n|t:|1700383999\n|move|p2a: Azelf|Stealth Rock|p1a: Tapu Lele\n|-sidestart|p1: Bear233|move: Stealth Rock\n|move|p1a: Tapu Lele|Future Sight|p2a: Azelf\n|-start|p1a: Tapu Lele|move: Future Sight\n|\n|-fieldend|move: Psychic Terrain\n|upkeep\n|turn|10\n|-message|Bear233 forfeited.\n|\n|win|jujibalaoshi001\n|raw|Bear233's rating: 1439 &rarr; <strong>1423<\/strong><br \/>(-16 for losing)\n|raw|jujibalaoshi001's rating: 1502 &rarr; <strong>1518<\/strong><br \/>(+16 for winning)\n|l|\u2606Bear233\n","uploadtime":1700384021,"views":9,"p1id":"bear233","p2id":"jujibalaoshi001","formatid":"gen9nationaldex","rating":1423,"private":0,"password":""}