{"id":"gen9nationaldex-1993323522","p1":"Tomo_Limo","p2":"iseral","format":"[Gen 9] National Dex","log":"|j|\u2606Tomo_Limo\n|j|\u2606iseral\n|t:|1700298312\n|gametype|singles\n|player|p1|Tomo_Limo|mira|1523\n|player|p2|iseral|cynthia|1577\n|teamsize|p1|6\n|teamsize|p2|6\n|gen|9\n|tier|[Gen 9] National Dex\n|rated|\n|rule|HP Percentage Mod: HP is shown in percentages\n|rule|Endless Battle Clause: Forcing endless battles is banned\n|rule|OHKO Clause: OHKO moves are banned\n|rule|Evasion Clause: Evasion abilities, items, and moves are banned\n|rule|Evasion Abilities Clause: Evasion abilities are banned\n|rule|Evasion Items Clause: Evasion items are banned\n|rule|Evasion Moves Clause: Evasion moves are banned\n|rule|Species Clause: Limit one of each Pok\u00e9mon\n|rule|Sleep Clause Mod: Limit one foe put to sleep\n|clearpoke\n|poke|p1|Ampharos, F|\n|poke|p1|Klefki, M|\n|poke|p1|Starmie|\n|poke|p1|Misdreavus, M|\n|poke|p1|Volcarona, F|\n|poke|p1|Goodra-Hisui, M|\n|poke|p2|Banette, M|\n|poke|p2|Urshifu-*, F|\n|poke|p2|Volcarona, F|\n|poke|p2|Clefable, M|\n|poke|p2|Alomomola, M|\n|poke|p2|Zapdos|\n|teampreview\n|inactive|Battle timer is ON: inactive players will automatically lose when time's up. (requested by iseral)\n|\n|t:|1700298331\n|start\n|switch|p1a: Ampharos|Ampharos, F, shiny|100\/100\n|switch|p2a: Urshifu|Urshifu-Rapid-Strike, F|100\/100\n|turn|1\n|\n|t:|1700298339\n|detailschange|p1a: Ampharos|Ampharos-Mega, F, shiny\n|-mega|p1a: Ampharos|Ampharos|Ampharosite\n|-ability|p1a: Ampharos|Mold Breaker\n|move|p2a: Urshifu|U-turn|p1a: Ampharos\n|-damage|p1a: Ampharos|85\/100\n|\n|t:|1700298346\n|switch|p2a: Clefable|Clefable, M|100\/100|[from] U-turn\n|move|p1a: Ampharos|Thunderbolt|p2a: Clefable\n|-damage|p2a: Clefable|68\/100\n|\n|-heal|p2a: Clefable|74\/100|[from] item: Leftovers\n|upkeep\n|turn|2\n|\n|t:|1700298356\n|switch|p1a: Klefki|Klefki, M|100\/100\n|move|p2a: Clefable|Cosmic Power|p2a: Clefable\n|-boost|p2a: Clefable|def|1\n|-boost|p2a: Clefable|spd|1\n|\n|-heal|p2a: Clefable|80\/100|[from] item: Leftovers\n|upkeep\n|turn|3\n|\n|t:|1700298365\n|-zpower|p1a: Klefki\n|move|p1a: Klefki|Corkscrew Crash|p2a: Clefable|[zeffect]\n|-supereffective|p2a: Clefable\n|-damage|p2a: Clefable|27\/100\n|move|p2a: Clefable|Seismic Toss|p1a: Klefki\n|-damage|p1a: Klefki|69\/100\n|\n|-heal|p2a: Clefable|33\/100|[from] item: Leftovers\n|upkeep\n|turn|4\n|\n|t:|1700298377\n|move|p1a: Klefki|Steel Beam|p2a: Clefable\n|-supereffective|p2a: Clefable\n|-damage|p2a: Clefable|0 fnt\n|-damage|p1a: Klefki|19\/100|[from] steelbeam\n|faint|p2a: Clefable\n|\n|upkeep\n|\n|t:|1700298383\n|switch|p2a: Urshifu|Urshifu-Rapid-Strike, F|100\/100\n|turn|5\n|\n|t:|1700298387\n|move|p1a: Klefki|Reflect|p1a: Klefki\n|-sidestart|p1: Tomo_Limo|Reflect\n|move|p2a: Urshifu|Surging Strikes|p1a: Klefki\n|-crit|p1a: Klefki\n|-damage|p1a: Klefki|4\/100\n|-crit|p1a: Klefki\n|-damage|p1a: Klefki|0 fnt\n|faint|p1a: Klefki\n|-hitcount|p1: Klefki|2\n|\n|upkeep\n|\n|t:|1700298399\n|switch|p1a: Starmie|Starmie|100\/100\n|turn|6\n|\n|t:|1700298405\n|switch|p2a: Zapdos|Zapdos|100\/100\n|move|p1a: Starmie|Psychic|p2a: Zapdos\n|-damage|p2a: Zapdos|60\/100\n|\n|upkeep\n|turn|7\n|\n|t:|1700298413\n|-terastallize|p1a: Starmie|Electric\n|move|p1a: Starmie|Ice Beam|p2a: Zapdos\n|-supereffective|p2a: Zapdos\n|-damage|p2a: Zapdos|0 fnt\n|faint|p2a: Zapdos\n|\n|upkeep\n|\n|t:|1700298420\n|switch|p2a: Banette|Banette, M|100\/100\n|turn|8\n|\n|t:|1700298425\n|detailschange|p2a: Banette|Banette-Mega, M\n|-mega|p2a: Banette|Banette|Banettite\n|move|p1a: Starmie|Surf|p2a: Banette\n|-damage|p2a: Banette|34\/100\n|move|p2a: Banette|Poltergeist|p1a: Starmie\n|-activate|p1a: Starmie|move: Poltergeist|Expert Belt\n|-damage|p1a: Starmie|49\/100\n|\n|upkeep\n|turn|9\n|\n|t:|1700298435\n|move|p2a: Banette|Destiny Bond|p2a: Banette\n|-singlemove|p2a: Banette|Destiny Bond\n|move|p1a: Starmie|Surf|p2a: Banette\n|-damage|p2a: Banette|0 fnt\n|faint|p2a: Banette\n|-activate|p2a: Banette|move: Destiny Bond\n|faint|p1a: Starmie\n|\n|-sideend|p1: Tomo_Limo|Reflect\n|upkeep\n|\n|t:|1700298446\n|switch|p1a: Ampharos|Ampharos-Mega, F, shiny|85\/100\n|switch|p2a: Volcarona|Volcarona, F|100\/100\n|-ability|p1a: Ampharos|Mold Breaker\n|turn|10\n|\n|t:|1700298453\n|move|p2a: Volcarona|Quiver Dance|p2a: Volcarona\n|-boost|p2a: Volcarona|spa|1\n|-boost|p2a: Volcarona|spd|1\n|-boost|p2a: Volcarona|spe|1\n|move|p1a: Ampharos|Power Gem|p2a: Volcarona\n|-supereffective|p2a: Volcarona\n|-damage|p2a: Volcarona|22\/100\n|\n|upkeep\n|turn|11\n|\n|t:|1700298463\n|move|p2a: Volcarona|Bug Buzz|p1a: Ampharos\n|-damage|p1a: Ampharos|23\/100\n|move|p1a: Ampharos|Toxic|p2a: Volcarona\n|-status|p2a: Volcarona|tox\n|\n|-damage|p2a: Volcarona|16\/100 tox|[from] psn\n|upkeep\n|turn|12\n|\n|t:|1700298472\n|move|p1a: Ampharos|Protect|p1a: Ampharos\n|-singleturn|p1a: Ampharos|Protect\n|move|p2a: Volcarona|Bug Buzz|p1a: Ampharos\n|-activate|p1a: Ampharos|move: Protect\n|\n|-damage|p2a: Volcarona|4\/100 tox|[from] psn\n|upkeep\n|turn|13\n|\n|t:|1700298482\n|move|p2a: Volcarona|Bug Buzz|p1a: Ampharos\n|-damage|p1a: Ampharos|0 fnt\n|faint|p1a: Ampharos\n|\n|-damage|p2a: Volcarona|0 fnt|[from] psn\n|faint|p2a: Volcarona\n|upkeep\n|\n|t:|1700298498\n|switch|p2a: Urshifu|Urshifu-Rapid-Strike, F|100\/100\n|switch|p1a: Misdreavus|Misdreavus, M, shiny|100\/100\n|turn|14\n|\n|t:|1700298509\n|-terastallize|p2a: Urshifu|Water\n|move|p2a: Urshifu|Surging Strikes|p1a: Misdreavus\n|-crit|p1a: Misdreavus\n|-damage|p1a: Misdreavus|71\/100\n|-crit|p1a: Misdreavus\n|-damage|p1a: Misdreavus|40\/100\n|-crit|p1a: Misdreavus\n|-damage|p1a: Misdreavus|9\/100\n|-hitcount|p1a: Misdreavus|3\n|move|p1a: Misdreavus|Burning Jealousy|p2a: Urshifu\n|-resisted|p2a: Urshifu\n|-damage|p2a: Urshifu|89\/100\n|\n|upkeep\n|turn|15\n|\n|t:|1700298522\n|move|p2a: Urshifu|Surging Strikes|p1a: Misdreavus\n|-crit|p1a: Misdreavus\n|-damage|p1a: Misdreavus|0 fnt\n|faint|p1a: Misdreavus\n|-hitcount|p1: Misdreavus|1\n|\n|upkeep\n|\n|t:|1700298529\n|switch|p1a: Goodra|Goodra-Hisui, M|100\/100\n|turn|16\n|\n|t:|1700298534\n|switch|p2a: Alomomola|Alomomola, M|100\/100\n|move|p1a: Goodra|Acid Armor|p1a: Goodra\n|-boost|p1a: Goodra|def|2\n|\n|upkeep\n|turn|17\n|\n|t:|1700298548\n|move|p1a: Goodra|Acid Armor|p1a: Goodra\n|-boost|p1a: Goodra|def|2\n|move|p2a: Alomomola|Flip Turn|p1a: Goodra\n|-resisted|p1a: Goodra\n|-damage|p1a: Goodra|99\/100\n|\n|t:|1700298553\n|switch|p2a: Urshifu|Urshifu-Rapid-Strike, F, tera:Water|89\/100|[from] Flip Turn\n|\n|upkeep\n|turn|18\n|\n|t:|1700298557\n|move|p2a: Urshifu|Close Combat|p1a: Goodra\n|-supereffective|p1a: Goodra\n|-damage|p1a: Goodra|69\/100\n|-unboost|p2a: Urshifu|def|1\n|-unboost|p2a: Urshifu|spd|1\n|move|p1a: Goodra|Body Press|p2a: Urshifu\n|-damage|p2a: Urshifu|0 fnt\n|faint|p2a: Urshifu\n|\n|upkeep\n|-message|iseral forfeited.\n|\n|win|Tomo_Limo\n|raw|Tomo_Limo's rating: 1523 &rarr; <strong>1546<\/strong><br \/>(+23 for winning)\n|raw|iseral's rating: 1577 &rarr; <strong>1554<\/strong><br \/>(-23 for losing)\n|l|\u2606iseral\n","uploadtime":1700298575,"views":6,"p1id":"tomolimo","p2id":"iseral","formatid":"gen9nationaldex","rating":1546,"private":0,"password":""}