{"id":"gen9nationaldex-1989666590","p1":"Oxxo_ntsm","p2":"Jor99fran","format":"[Gen 9] National Dex","log":"|j|\u2606Oxxo_ntsm\n|j|\u2606Jor99fran\n|t:|1699884902\n|gametype|singles\n|player|p1|Oxxo_ntsm|hilbert-wonderlauncher|\n|player|p2|Jor99fran|ghetsis|\n|teamsize|p1|6\n|teamsize|p2|6\n|gen|9\n|tier|[Gen 9] National Dex\n|rule|HP Percentage Mod: HP is shown in percentages\n|rule|Endless Battle Clause: Forcing endless battles is banned\n|rule|OHKO Clause: OHKO moves are banned\n|rule|Evasion Clause: Evasion abilities, items, and moves are banned\n|rule|Evasion Abilities Clause: Evasion abilities are banned\n|rule|Evasion Items Clause: Evasion items are banned\n|rule|Evasion Moves Clause: Evasion moves are banned\n|rule|Species Clause: Limit one of each Pok\u00e9mon\n|rule|Sleep Clause Mod: Limit one foe put to sleep\n|clearpoke\n|poke|p1|Charizard, M|\n|poke|p1|Volcarona, F|\n|poke|p1|Victini|\n|poke|p1|Ceruledge, M|\n|poke|p1|Chandelure, F|\n|poke|p1|Flareon, M|\n|poke|p2|Basculegion-F, F|\n|poke|p2|Chandelure, F|\n|poke|p2|Gengar, F|\n|poke|p2|Decidueye, F|\n|poke|p2|Palossand, M|\n|poke|p2|Skeledirge, M|\n|teampreview\n|inactive|Battle timer is ON: inactive players will automatically lose when time's up. (requested by Oxxo_ntsm)\n|c|\u2606Jor99fran|uh\n|c|\u2606Oxxo_ntsm|Buena suerte\n|c|\u2606Jor99fran|pelea de candelabros? XD\n|c|\u2606Jor99fran|buena suerte\n|\n|t:|1699884919\n|start\n|switch|p1a: Mothra|Volcarona, F|100\/100\n|switch|p2a: Gengar|Gengar, F, shiny|100\/100\n|turn|1\n|c|\u2606Oxxo_ntsm|Espera solo ahora te fijadte en que tengo al chandelure?\n|\n|t:|1699884938\n|move|p2a: Gengar|Toxic Spikes|p1a: Mothra\n|-sidestart|p1: Oxxo_ntsm|move: Toxic Spikes\n|move|p1a: Mothra|Quiver Dance|p1a: Mothra\n|-boost|p1a: Mothra|spa|1\n|-boost|p1a: Mothra|spd|1\n|-boost|p1a: Mothra|spe|1\n|\n|upkeep\n|turn|2\n|\n|t:|1699884948\n|move|p1a: Mothra|Quiver Dance|p1a: Mothra\n|-boost|p1a: Mothra|spa|1\n|-boost|p1a: Mothra|spd|1\n|-boost|p1a: Mothra|spe|1\n|move|p2a: Gengar|Toxic Spikes|p1a: Mothra\n|-sidestart|p1: Oxxo_ntsm|move: Toxic Spikes\n|\n|upkeep\n|turn|3\n|\n|t:|1699884963\n|move|p1a: Mothra|Fiery Dance|p2a: Gengar\n|-damage|p2a: Gengar|0 fnt\n|-boost|p1a: Mothra|spa|1\n|-start|p1a: Mothra|Disable|Fiery Dance|[from] ability: Cursed Body|[of] p2a: Gengar\n|faint|p2a: Gengar\n|\n|upkeep\n|\n|t:|1699884971\n|switch|p2a: Basculegion|Basculegion-F, F, shiny|100\/100\n|turn|4\n|\n|t:|1699884977\n|-terastallize|p2a: Basculegion|Water\n|move|p1a: Mothra|Bug Buzz|p2a: Basculegion\n|-damage|p2a: Basculegion|0 fnt\n|faint|p2a: Basculegion\n|\n|upkeep\n|c|\u2606Jor99fran|QUE\n|\n|t:|1699884989\n|switch|p2a: Palossand|Palossand, M|100\/100\n|turn|5\n|\n|t:|1699884995\n|move|p1a: Mothra|Bug Buzz|p2a: Palossand\n|-resisted|p2a: Palossand\n|-damage|p2a: Palossand|28\/100\n|move|p2a: Palossand|Stealth Rock|p1a: Mothra\n|-sidestart|p1: Oxxo_ntsm|move: Stealth Rock\n|\n|upkeep\n|turn|6\n|\n|t:|1699885001\n|move|p1a: Mothra|Bug Buzz|p2a: Palossand\n|-resisted|p2a: Palossand\n|-damage|p2a: Palossand|0 fnt\n|faint|p2a: Palossand\n|\n|-end|p1a: Mothra|Disable\n|upkeep\n|\n|t:|1699885008\n|switch|p2a: Skeledirge|Skeledirge, M|100\/100\n|turn|7\n|\n|t:|1699885014\n|-terastallize|p1a: Mothra|Ground\n|move|p1a: Mothra|Tera Blast|p2a: Skeledirge|[anim] Tera Blast Ground\n|-supereffective|p2a: Skeledirge\n|-damage|p2a: Skeledirge|22\/100\n|move|p2a: Skeledirge|Torch Song|p1a: Mothra\n|-damage|p1a: Mothra|70\/100\n|-boost|p2a: Skeledirge|spa|1\n|\n|upkeep\n|turn|8\n|\n|t:|1699885025\n|move|p1a: Mothra|Tera Blast|p2a: Skeledirge|[anim] Tera Blast Ground\n|-supereffective|p2a: Skeledirge\n|-damage|p2a: Skeledirge|0 fnt\n|faint|p2a: Skeledirge\n|\n|upkeep\n|\n|t:|1699885028\n|switch|p2a: Decidueye|Decidueye, F|100\/100\n|turn|9\n|\n|t:|1699885039\n|move|p1a: Mothra|Bug Buzz|p2a: Decidueye\n|-damage|p2a: Decidueye|0 fnt\n|faint|p2a: Decidueye\n|\n|upkeep\n|\n|t:|1699885042\n|switch|p2a: Chandelure|Chandelure, F|100\/100\n|turn|10\n|\n|t:|1699885051\n|move|p1a: Mothra|Tera Blast|p2a: Chandelure|[anim] Tera Blast Ground\n|-supereffective|p2a: Chandelure\n|-damage|p2a: Chandelure|0 fnt\n|faint|p2a: Chandelure\n|\n|win|Oxxo_ntsm\n|c|\u2606Jor99fran|._.\n|c|\u2606Oxxo_ntsm|Xd\n","uploadtime":1699885071,"views":13,"p1id":"oxxontsm","p2id":"jor99fran","formatid":"gen9nationaldex","rating":0,"private":0,"password":""}