{"id":"gen9nationaldex-1989258618","p1":"WetOranges","p2":"KyosukeKamijou","format":"[Gen 9] National Dex","log":"|j|\u2606WetOranges\n|j|\u2606KyosukeKamijou\n|t:|1699828917\n|gametype|singles\n|player|p1|WetOranges|guzma|1050\n|player|p2|KyosukeKamijou|ghetsis|1166\n|teamsize|p1|6\n|teamsize|p2|6\n|gen|9\n|tier|[Gen 9] National Dex\n|rated|\n|rule|HP Percentage Mod: HP is shown in percentages\n|rule|Endless Battle Clause: Forcing endless battles is banned\n|rule|OHKO Clause: OHKO moves are banned\n|rule|Evasion Clause: Evasion abilities, items, and moves are banned\n|rule|Evasion Abilities Clause: Evasion abilities are banned\n|rule|Evasion Items Clause: Evasion items are banned\n|rule|Evasion Moves Clause: Evasion moves are banned\n|rule|Species Clause: Limit one of each Pok\u00e9mon\n|rule|Sleep Clause Mod: Limit one foe put to sleep\n|clearpoke\n|poke|p1|Umbreon, M|\n|poke|p1|Rillaboom, F|\n|poke|p1|Swoobat, F|\n|poke|p1|Blaziken, M|\n|poke|p1|Tentacruel, M|\n|poke|p1|Ribombee, M|\n|poke|p2|Kommo-o, M|\n|poke|p2|Great Tusk|\n|poke|p2|Ogerpon-Cornerstone, F|\n|poke|p2|Charizard, M|\n|poke|p2|Greninja-*, M|\n|poke|p2|Volcarona, F|\n|teampreview\n|\n|t:|1699828926\n|start\n|switch|p1a: Ribombee|Ribombee, M|100\/100\n|switch|p2a: Change Dragon|Charizard, M|100\/100\n|turn|1\n|\n|t:|1699828931\n|detailschange|p2a: Change Dragon|Charizard-Mega-Y, M\n|-mega|p2a: Change Dragon|Charizard|Charizardite Y\n|-weather|SunnyDay|[from] ability: Drought|[of] p2a: Change Dragon\n|move|p1a: Ribombee|Sticky Web|p2a: Change Dragon\n|-sidestart|p2: KyosukeKamijou|move: Sticky Web\n|move|p2a: Change Dragon|Air Slash|p1a: Ribombee\n|-supereffective|p1a: Ribombee\n|-enditem|p1a: Ribombee|Focus Sash\n|-damage|p1a: Ribombee|1\/100\n|\n|-weather|SunnyDay|[upkeep]\n|upkeep\n|turn|2\n|\n|t:|1699828940\n|move|p1a: Ribombee|Stun Spore|p2a: Change Dragon\n|-status|p2a: Change Dragon|par\n|cant|p2a: Change Dragon|par\n|\n|-weather|SunnyDay|[upkeep]\n|upkeep\n|turn|3\n|\n|t:|1699828947\n|move|p1a: Ribombee|Moonblast|p2a: Change Dragon\n|-resisted|p2a: Change Dragon\n|-damage|p2a: Change Dragon|80\/100 par\n|move|p2a: Change Dragon|Defog|p1a: Ribombee\n|-unboost|p1a: Ribombee|evasion|1\n|-sideend|p2: KyosukeKamijou|Sticky Web|[from] move: Defog|[of] p2a: Change Dragon\n|\n|-weather|SunnyDay|[upkeep]\n|upkeep\n|turn|4\n|\n|t:|1699828954\n|move|p1a: Ribombee|Sticky Web|p2a: Change Dragon\n|-sidestart|p2: KyosukeKamijou|move: Sticky Web\n|move|p2a: Change Dragon|Air Slash|p1a: Ribombee\n|-supereffective|p1a: Ribombee\n|-damage|p1a: Ribombee|0 fnt\n|faint|p1a: Ribombee\n|\n|-weather|SunnyDay|[upkeep]\n|upkeep\n|\n|t:|1699828959\n|switch|p1a: Tentacruel|Tentacruel, M|100\/100\n|turn|5\n|\n|t:|1699828966\n|move|p1a: Tentacruel|Scald|p2a: Change Dragon\n|-supereffective|p2a: Change Dragon\n|-damage|p2a: Change Dragon|50\/100 par\n|move|p2a: Change Dragon|Defog|p1a: Tentacruel\n|-unboost|p1a: Tentacruel|evasion|1\n|-sideend|p2: KyosukeKamijou|Sticky Web|[from] move: Defog|[of] p2a: Change Dragon\n|\n|-weather|none\n|upkeep\n|turn|6\n|\n|t:|1699828975\n|switch|p2a: Ninja Black|Greninja, M, shiny|100\/100\n|move|p1a: Tentacruel|Scald|p2a: Ninja Black\n|-resisted|p2a: Ninja Black\n|-damage|p2a: Ninja Black|78\/100\n|\n|upkeep\n|turn|7\n|\n|t:|1699828982\n|move|p2a: Ninja Black|Dark Pulse|p1a: Tentacruel\n|-start|p2a: Ninja Black|typechange|Dark|[from] ability: Protean\n|-damage|p1a: Tentacruel|65\/100\n|move|p1a: Tentacruel|Dazzling Gleam|p2a: Ninja Black\n|-supereffective|p2a: Ninja Black\n|-damage|p2a: Ninja Black|18\/100\n|\n|-heal|p1a: Tentacruel|71\/100|[from] item: Black Sludge\n|upkeep\n|turn|8\n|\n|t:|1699828991\n|switch|p2a: Change Dragon|Charizard-Mega-Y, M|50\/100 par\n|-weather|SunnyDay|[from] ability: Drought|[of] p2a: Change Dragon\n|move|p1a: Tentacruel|Rapid Spin|p2a: Change Dragon\n|-damage|p2a: Change Dragon|39\/100 par\n|-boost|p1a: Tentacruel|spe|1\n|\n|-weather|SunnyDay|[upkeep]\n|-heal|p1a: Tentacruel|77\/100|[from] item: Black Sludge\n|upkeep\n|turn|9\n|\n|t:|1699829000\n|move|p1a: Tentacruel|Scald|p2a: Change Dragon\n|-supereffective|p2a: Change Dragon\n|-damage|p2a: Change Dragon|9\/100 par\n|move|p2a: Change Dragon|Solar Beam||[still]\n|-prepare|p2a: Change Dragon|Solar Beam\n|-anim|p2a: Change Dragon|Solar Beam|p1a: Tentacruel\n|-damage|p1a: Tentacruel|29\/100\n|\n|-weather|SunnyDay|[upkeep]\n|-heal|p1a: Tentacruel|35\/100|[from] item: Black Sludge\n|upkeep\n|turn|10\n|\n|t:|1699829009\n|move|p1a: Tentacruel|Scald|p2a: Change Dragon\n|-supereffective|p2a: Change Dragon\n|-damage|p2a: Change Dragon|0 fnt\n|faint|p2a: Change Dragon\n|\n|-weather|SunnyDay|[upkeep]\n|-heal|p1a: Tentacruel|41\/100|[from] item: Black Sludge\n|upkeep\n|\n|t:|1699829017\n|switch|p2a: Mammothranger|Great Tusk|100\/100\n|-activate|p2a: Mammothranger|ability: Protosynthesis\n|-start|p2a: Mammothranger|protosynthesisatk\n|turn|11\n|\n|t:|1699829039\n|move|p1a: Tentacruel|Scald|p2a: Mammothranger\n|-supereffective|p2a: Mammothranger\n|-damage|p2a: Mammothranger|55\/100\n|move|p2a: Mammothranger|Headlong Rush|p1a: Tentacruel\n|-supereffective|p1a: Tentacruel\n|-damage|p1a: Tentacruel|0 fnt\n|-unboost|p2a: Mammothranger|def|1\n|-unboost|p2a: Mammothranger|spd|1\n|faint|p1a: Tentacruel\n|\n|-weather|SunnyDay|[upkeep]\n|upkeep\n|\n|t:|1699829050\n|switch|p1a: Swoobat|Swoobat, F|100\/100\n|turn|12\n|\n|t:|1699829059\n|-end|p2a: Mammothranger|Protosynthesis|[silent]\n|switch|p2a: Ninja Black|Greninja, M, shiny|18\/100\n|switch|p1a: Rillaboom|Rillaboom, F|100\/100\n|-fieldstart|move: Grassy Terrain|[from] ability: Grassy Surge|[of] p1a: Rillaboom\n|\n|-weather|none\n|-heal|p2a: Ninja Black|24\/100|[from] Grassy Terrain\n|upkeep\n|turn|13\n|\n|t:|1699829067\n|move|p1a: Rillaboom|Grassy Glide|p2a: Ninja Black\n|-supereffective|p2a: Ninja Black\n|-damage|p2a: Ninja Black|0 fnt\n|faint|p2a: Ninja Black\n|\n|upkeep\n|\n|t:|1699829073\n|switch|p2a: Mammothranger|Great Tusk|55\/100\n|turn|14\n|\n|t:|1699829079\n|move|p2a: Mammothranger|Ice Spinner|p1a: Rillaboom\n|-supereffective|p1a: Rillaboom\n|-damage|p1a: Rillaboom|43\/100\n|-fieldend|move: Grassy Terrain\n|move|p1a: Rillaboom|Drum Beating|p2a: Mammothranger\n|-supereffective|p2a: Mammothranger\n|-damage|p2a: Mammothranger|0 fnt\n|faint|p2a: Mammothranger\n|-end|p2a: Mammothranger|Protosynthesis|[silent]\n|\n|upkeep\n|\n|t:|1699829088\n|switch|p2a: Ryuranger|Kommo-o, M|100\/100\n|turn|15\n|\n|t:|1699829093\n|move|p1a: Rillaboom|Knock Off|p2a: Ryuranger\n|-resisted|p2a: Ryuranger\n|-damage|p2a: Ryuranger|89\/100\n|-zpower|p2a: Ryuranger\n|move|p2a: Ryuranger|Clangorous Soulblaze|p1a: Rillaboom|[zeffect]\n|-damage|p1a: Rillaboom|0 fnt\n|faint|p1a: Rillaboom\n|-boost|p2a: Ryuranger|atk|1\n|-boost|p2a: Ryuranger|def|1\n|-boost|p2a: Ryuranger|spa|1\n|-boost|p2a: Ryuranger|spd|1\n|-boost|p2a: Ryuranger|spe|1\n|\n|upkeep\n|\n|t:|1699829109\n|switch|p1a: Blaziken|Blaziken, M|100\/100\n|turn|16\n|\n|t:|1699829119\n|move|p2a: Ryuranger|Clanging Scales|p1a: Blaziken\n|-damage|p1a: Blaziken|0 fnt\n|faint|p1a: Blaziken\n|-unboost|p2a: Ryuranger|def|1\n|\n|upkeep\n|\n|t:|1699829121\n|switch|p1a: Umbreon|Umbreon, M, shiny|100\/100\n|turn|17\n|\n|t:|1699829125\n|move|p2a: Ryuranger|Aura Sphere|p1a: Umbreon\n|-supereffective|p1a: Umbreon\n|-damage|p1a: Umbreon|50\/100\n|move|p1a: Umbreon|Toxic|p2a: Ryuranger\n|-status|p2a: Ryuranger|tox\n|\n|-heal|p1a: Umbreon|56\/100|[from] item: Leftovers\n|-damage|p2a: Ryuranger|83\/100 tox|[from] psn\n|upkeep\n|turn|18\n|\n|t:|1699829134\n|move|p1a: Umbreon|Protect|p1a: Umbreon\n|-singleturn|p1a: Umbreon|Protect\n|move|p2a: Ryuranger|Aura Sphere|p1a: Umbreon\n|-activate|p1a: Umbreon|move: Protect\n|\n|-heal|p1a: Umbreon|62\/100|[from] item: Leftovers\n|-damage|p2a: Ryuranger|71\/100 tox|[from] psn\n|upkeep\n|turn|19\n|\n|t:|1699829142\n|move|p2a: Ryuranger|Aura Sphere|p1a: Umbreon\n|-supereffective|p1a: Umbreon\n|-damage|p1a: Umbreon|8\/100\n|move|p1a: Umbreon|Wish|p1a: Umbreon\n|\n|-heal|p1a: Umbreon|14\/100|[from] item: Leftovers\n|-damage|p2a: Ryuranger|52\/100 tox|[from] psn\n|upkeep\n|turn|20\n|\n|t:|1699829149\n|move|p1a: Umbreon|Protect|p1a: Umbreon\n|-singleturn|p1a: Umbreon|Protect\n|move|p2a: Ryuranger|Aura Sphere|p1a: Umbreon\n|-activate|p1a: Umbreon|move: Protect\n|\n|-heal|p1a: Umbreon|64\/100|[from] move: Wish|[wisher] Umbreon\n|-heal|p1a: Umbreon|70\/100|[from] item: Leftovers\n|-damage|p2a: Ryuranger|27\/100 tox|[from] psn\n|upkeep\n|turn|21\n|\n|t:|1699829158\n|move|p2a: Ryuranger|Aura Sphere|p1a: Umbreon\n|-supereffective|p1a: Umbreon\n|-damage|p1a: Umbreon|14\/100\n|move|p1a: Umbreon|Wish|p1a: Umbreon\n|\n|-heal|p1a: Umbreon|20\/100|[from] item: Leftovers\n|-damage|p2a: Ryuranger|0 fnt|[from] psn\n|faint|p2a: Ryuranger\n|upkeep\n|\n|t:|1699829166\n|switch|p2a: PapillonOhger|Volcarona, F, shiny|100\/100\n|turn|22\n|\n|t:|1699829177\n|move|p2a: PapillonOhger|Bug Buzz|p1a: Umbreon\n|-supereffective|p1a: Umbreon\n|-damage|p1a: Umbreon|0 fnt\n|faint|p1a: Umbreon\n|\n|upkeep\n|\n|t:|1699829180\n|switch|p1a: Swoobat|Swoobat, F|100\/100\n|turn|23\n|\n|t:|1699829185\n|move|p1a: Swoobat|Substitute|p1a: Swoobat\n|-start|p1a: Swoobat|Substitute\n|-damage|p1a: Swoobat|76\/100\n|move|p2a: PapillonOhger|Quiver Dance|p2a: PapillonOhger\n|-boost|p2a: PapillonOhger|spa|1\n|-boost|p2a: PapillonOhger|spd|1\n|-boost|p2a: PapillonOhger|spe|1\n|\n|upkeep\n|turn|24\n|\n|t:|1699829191\n|move|p2a: PapillonOhger|Bug Buzz|p1a: Swoobat\n|-damage|p1a: Swoobat|0 fnt\n|faint|p1a: Swoobat\n|\n|win|KyosukeKamijou\n|raw|WetOranges's rating: 1050 &rarr; <strong>1038<\/strong><br \/>(-12 for losing)\n|raw|KyosukeKamijou's rating: 1166 &rarr; <strong>1183<\/strong><br \/>(+17 for winning)\n|l|\u2606WetOranges\n","uploadtime":1699829197,"views":5,"p1id":"wetoranges","p2id":"kyosukekamijou","formatid":"gen9nationaldex","rating":1038,"private":0,"password":""}