{"id":"gen9nationaldex-1988748293","p1":"MMQZA6","p2":"jiangzhi","format":"[Gen 9] National Dex","log":"|j|\u2606MMQZA6\n|j|\u2606jiangzhi\n|t:|1699758100\n|gametype|singles\n|player|p1|MMQZA6|169|1560\n|player|p2|jiangzhi|170|1526\n|teamsize|p1|6\n|teamsize|p2|6\n|gen|9\n|tier|[Gen 9] National Dex\n|rated|\n|rule|HP Percentage Mod: HP is shown in percentages\n|rule|Endless Battle Clause: Forcing endless battles is banned\n|rule|OHKO Clause: OHKO moves are banned\n|rule|Evasion Clause: Evasion abilities, items, and moves are banned\n|rule|Evasion Abilities Clause: Evasion abilities are banned\n|rule|Evasion Items Clause: Evasion items are banned\n|rule|Evasion Moves Clause: Evasion moves are banned\n|rule|Species Clause: Limit one of each Pok\u00e9mon\n|rule|Sleep Clause Mod: Limit one foe put to sleep\n|clearpoke\n|poke|p1|Sinistcha|\n|poke|p1|Ninetales-Alola, F|\n|poke|p1|Garchomp, M|\n|poke|p1|Glimmora, F|\n|poke|p1|Volcarona, F|\n|poke|p1|Kartana|\n|poke|p2|Mew|\n|poke|p2|Flamigo, M|\n|poke|p2|Enamorus, F|\n|poke|p2|Slowking, F|\n|poke|p2|Alomomola, M|\n|poke|p2|Diancie|\n|teampreview\n|\n|t:|1699758133\n|start\n|switch|p1a: Ninetales|Ninetales-Alola, F|100\/100\n|switch|p2a: Diancie|Diancie|100\/100\n|-weather|Snow|[from] ability: Snow Warning|[of] p1a: Ninetales\n|turn|1\n|\n|t:|1699758140\n|detailschange|p2a: Diancie|Diancie-Mega\n|-mega|p2a: Diancie|Diancie|Diancite\n|move|p2a: Diancie|Diamond Storm|p1a: Ninetales\n|-supereffective|p1a: Ninetales\n|-damage|p1a: Ninetales|16\/100\n|move|p1a: Ninetales|Aurora Veil|p1a: Ninetales\n|-sidestart|p1: MMQZA6|move: Aurora Veil\n|\n|-weather|Snow|[upkeep]\n|upkeep\n|turn|2\n|\n|t:|1699758152\n|switch|p1a: Kartana|Kartana|100\/100\n|move|p2a: Diancie|Substitute|p2a: Diancie\n|-start|p2a: Diancie|Substitute\n|-damage|p2a: Diancie|76\/100\n|\n|-weather|Snow|[upkeep]\n|upkeep\n|turn|3\n|\n|t:|1699758161\n|move|p1a: Kartana|Smart Strike|p2a: Diancie\n|-supereffective|p2a: Diancie\n|-end|p2a: Diancie|Substitute\n|move|p2a: Diancie|Earth Power|p1a: Kartana\n|-damage|p1a: Kartana|39\/100\n|\n|-weather|Snow|[upkeep]\n|upkeep\n|turn|4\n|\n|t:|1699758173\n|switch|p1a: Garchomp|Garchomp, M|100\/100\n|switch|p2a: Slowking|Slowking, F|100\/100\n|\n|-weather|Snow|[upkeep]\n|upkeep\n|turn|5\n|\n|t:|1699758192\n|move|p1a: Garchomp|Substitute|p1a: Garchomp\n|-start|p1a: Garchomp|Substitute\n|-damage|p1a: Garchomp|76\/100\n|move|p2a: Slowking|Future Sight|p1a: Garchomp\n|-start|p2a: Slowking|move: Future Sight\n|\n|-weather|none\n|upkeep\n|turn|6\n|\n|t:|1699758197\n|move|p1a: Garchomp|Swords Dance|p1a: Garchomp\n|-boost|p1a: Garchomp|atk|2\n|move|p2a: Slowking|Scald|p1a: Garchomp\n|-activate|p1a: Garchomp|move: Substitute|[damage]\n|\n|upkeep\n|turn|7\n|\n|t:|1699758203\n|-terastallize|p2a: Slowking|Fairy\n|move|p1a: Garchomp|Scale Shot|p2a: Slowking\n|-immune|p2a: Slowking\n|move|p2a: Slowking|Scald|p1a: Garchomp\n|-end|p1a: Garchomp|Substitute\n|\n|-end|p1a: Garchomp|move: Future Sight\n|-damage|p1a: Garchomp|53\/100\n|upkeep\n|turn|8\n|\n|t:|1699758215\n|switch|p2a: Enamorus|Enamorus, F|100\/100\n|move|p1a: Garchomp|Substitute|p1a: Garchomp\n|-start|p1a: Garchomp|Substitute\n|-damage|p1a: Garchomp|28\/100\n|\n|-sideend|p1: MMQZA6|move: Aurora Veil\n|upkeep\n|turn|9\n|l|\u2606MMQZA6\n|player|p1|\n|j|\u2606MMQZA6\n|player|p1|MMQZA6|169\n|\n|t:|1699758261\n|switch|p1a: Glimmora|Glimmora, F|100\/100\n|move|p2a: Enamorus|Earth Power|p1a: Glimmora\n|-supereffective|p1a: Glimmora\n|-crit|p1a: Glimmora\n|-enditem|p1a: Glimmora|Focus Sash\n|-damage|p1a: Glimmora|1\/100\n|-unboost|p1a: Glimmora|spd|1\n|\n|upkeep\n|turn|10\n|\n|t:|1699758271\n|move|p2a: Enamorus|Mystical Fire|p1a: Glimmora\n|-resisted|p1a: Glimmora\n|-damage|p1a: Glimmora|0 fnt\n|faint|p1a: Glimmora\n|\n|upkeep\n|\n|t:|1699758283\n|switch|p1a: Ninetales|Ninetales-Alola, F|16\/100\n|-weather|Snow|[from] ability: Snow Warning|[of] p1a: Ninetales\n|turn|11\n|\n|t:|1699758291\n|switch|p2a: Diancie|Diancie-Mega|76\/100\n|move|p1a: Ninetales|Aurora Veil|p1a: Ninetales\n|-sidestart|p1: MMQZA6|move: Aurora Veil\n|\n|-weather|Snow|[upkeep]\n|upkeep\n|turn|12\n|\n|t:|1699758298\n|switch|p1a: Garchomp|Garchomp, M|28\/100\n|move|p2a: Diancie|Substitute|p2a: Diancie\n|-start|p2a: Diancie|Substitute\n|-damage|p2a: Diancie|51\/100\n|\n|-weather|Snow|[upkeep]\n|upkeep\n|turn|13\n|\n|t:|1699758303\n|move|p2a: Diancie|Moonblast|p1a: Garchomp\n|-supereffective|p1a: Garchomp\n|-damage|p1a: Garchomp|0 fnt\n|faint|p1a: Garchomp\n|\n|-weather|Snow|[upkeep]\n|upkeep\n|\n|t:|1699758313\n|switch|p1a: Volcarona|Volcarona, F|100\/100\n|turn|14\n|\n|t:|1699758318\n|-terastallize|p1a: Volcarona|Grass\n|move|p2a: Diancie|Diamond Storm|p1a: Volcarona|[miss]\n|-miss|p2a: Diancie|p1a: Volcarona\n|move|p1a: Volcarona|Quiver Dance|p1a: Volcarona\n|-boost|p1a: Volcarona|spa|1\n|-boost|p1a: Volcarona|spd|1\n|-boost|p1a: Volcarona|spe|1\n|\n|-weather|Snow|[upkeep]\n|upkeep\n|turn|15\n|\n|t:|1699758324\n|switch|p2a: Slowking|Slowking, F, tera:Fairy|100\/100\n|move|p1a: Volcarona|Giga Drain|p2a: Slowking\n|-damage|p2a: Slowking|65\/100\n|\n|-weather|none\n|upkeep\n|turn|16\n|\n|t:|1699758333\n|move|p1a: Volcarona|Quiver Dance|p1a: Volcarona\n|-boost|p1a: Volcarona|spa|1\n|-boost|p1a: Volcarona|spd|1\n|-boost|p1a: Volcarona|spe|1\n|move|p2a: Slowking|Thunder Wave|p1a: Volcarona\n|-status|p1a: Volcarona|par\n|\n|upkeep\n|turn|17\n|\n|t:|1699758340\n|cant|p1a: Volcarona|par\n|move|p2a: Slowking|Future Sight|p1a: Volcarona\n|-start|p2a: Slowking|move: Future Sight\n|\n|upkeep\n|turn|18\n|\n|t:|1699758343\n|move|p1a: Volcarona|Quiver Dance|p1a: Volcarona\n|-boost|p1a: Volcarona|spa|1\n|-boost|p1a: Volcarona|spd|1\n|-boost|p1a: Volcarona|spe|1\n|move|p2a: Slowking|Teleport|p2a: Slowking\n|\n|t:|1699758348\n|switch|p2a: Flamigo|Flamigo, M|100\/100|[from] Teleport\n|\n|-sideend|p1: MMQZA6|move: Aurora Veil\n|upkeep\n|turn|19\n|\n|t:|1699758352\n|move|p2a: Flamigo|Brave Bird|p1a: Volcarona\n|-supereffective|p1a: Volcarona\n|-damage|p1a: Volcarona|0 fnt\n|faint|p1a: Volcarona\n|-damage|p2a: Flamigo|67\/100|[from] Recoil\n|\n|-hint|Future Sight did not hit because the target is fainted.\n|upkeep\n|\n|t:|1699758363\n|switch|p1a: Kartana|Kartana|39\/100\n|turn|20\n|\n|t:|1699758376\n|switch|p2a: Alomomola|Alomomola, M|100\/100\n|move|p1a: Kartana|Smart Strike|p2a: Alomomola\n|-resisted|p2a: Alomomola\n|-damage|p2a: Alomomola|82\/100\n|\n|upkeep\n|turn|21\n|\n|t:|1699758387\n|switch|p1a: Sinistcha|Sinistcha, shiny|100\/100\n|move|p2a: Alomomola|Flip Turn|p1a: Sinistcha\n|-resisted|p1a: Sinistcha\n|-damage|p1a: Sinistcha|85\/100\n|-enditem|p1a: Sinistcha|Kee Berry|[eat]\n|-boost|p1a: Sinistcha|def|1|[from] item: Kee Berry\n|\n|t:|1699758404\n|switch|p2a: Flamigo|Flamigo, M|67\/100|[from] Flip Turn\n|\n|upkeep\n|turn|22\n|\n|t:|1699758408\n|move|p2a: Flamigo|Brave Bird|p1a: Sinistcha\n|-supereffective|p1a: Sinistcha\n|-damage|p1a: Sinistcha|26\/100\n|-damage|p2a: Flamigo|45\/100|[from] Recoil\n|move|p1a: Sinistcha|Strength Sap|p2a: Flamigo\n|-unboost|p2a: Flamigo|atk|1\n|-heal|p1a: Sinistcha|100\/100\n|\n|upkeep\n|turn|23\n|\n|t:|1699758416\n|switch|p2a: Enamorus|Enamorus, F|100\/100\n|move|p1a: Sinistcha|Calm Mind|p1a: Sinistcha\n|-boost|p1a: Sinistcha|spa|1\n|-boost|p1a: Sinistcha|spd|1\n|\n|upkeep\n|turn|24\n|\n|t:|1699758421\n|move|p2a: Enamorus|Mystical Fire|p1a: Sinistcha\n|-supereffective|p1a: Sinistcha\n|-damage|p1a: Sinistcha|81\/100\n|-unboost|p1a: Sinistcha|spa|1\n|move|p1a: Sinistcha|Calm Mind|p1a: Sinistcha\n|-boost|p1a: Sinistcha|spa|1\n|-boost|p1a: Sinistcha|spd|1\n|\n|upkeep\n|turn|25\n|\n|t:|1699758426\n|move|p2a: Enamorus|Mystical Fire|p1a: Sinistcha\n|-supereffective|p1a: Sinistcha\n|-damage|p1a: Sinistcha|68\/100\n|-unboost|p1a: Sinistcha|spa|1\n|move|p1a: Sinistcha|Calm Mind|p1a: Sinistcha\n|-boost|p1a: Sinistcha|spa|1\n|-boost|p1a: Sinistcha|spd|1\n|\n|upkeep\n|turn|26\n|\n|t:|1699758439\n|move|p2a: Enamorus|Mystical Fire|p1a: Sinistcha\n|-supereffective|p1a: Sinistcha\n|-damage|p1a: Sinistcha|56\/100\n|-unboost|p1a: Sinistcha|spa|1\n|move|p1a: Sinistcha|Shadow Ball|p2a: Enamorus\n|-damage|p2a: Enamorus|55\/100\n|-boost|p2a: Enamorus|spd|1\n|\n|upkeep\n|turn|27\n|\n|t:|1699758445\n|move|p2a: Enamorus|Mystical Fire|p1a: Sinistcha\n|-supereffective|p1a: Sinistcha\n|-damage|p1a: Sinistcha|43\/100\n|-unboost|p1a: Sinistcha|spa|1\n|move|p1a: Sinistcha|Calm Mind|p1a: Sinistcha\n|-boost|p1a: Sinistcha|spa|1\n|-boost|p1a: Sinistcha|spd|1\n|\n|upkeep\n|turn|28\n|\n|t:|1699758454\n|switch|p2a: Slowking|Slowking, F, tera:Fairy|99\/100\n|move|p1a: Sinistcha|Shadow Ball|p2a: Slowking\n|-damage|p2a: Slowking|79\/100\n|\n|upkeep\n|turn|29\n|\n|t:|1699758469\n|move|p1a: Sinistcha|Strength Sap|p2a: Slowking\n|-unboost|p2a: Slowking|atk|1\n|-heal|p1a: Sinistcha|88\/100\n|move|p2a: Slowking|Thunder Wave|p1a: Sinistcha\n|-status|p1a: Sinistcha|par\n|\n|upkeep\n|turn|30\n|\n|t:|1699758475\n|move|p1a: Sinistcha|Calm Mind|p1a: Sinistcha\n|-boost|p1a: Sinistcha|spa|1\n|-boost|p1a: Sinistcha|spd|1\n|move|p2a: Slowking|Teleport|p2a: Slowking\n|\n|t:|1699758480\n|switch|p2a: Mew|Mew|100\/100|[from] Teleport\n|\n|upkeep\n|turn|31\n|\n|t:|1699758495\n|move|p2a: Mew|Stealth Rock|p1a: Sinistcha\n|-sidestart|p1: MMQZA6|move: Stealth Rock\n|cant|p1a: Sinistcha|par\n|\n|upkeep\n|turn|32\n|\n|t:|1699758499\n|move|p2a: Mew|Overheat|p1a: Sinistcha\n|-supereffective|p1a: Sinistcha\n|-damage|p1a: Sinistcha|76\/100 par\n|-unboost|p2a: Mew|spa|2\n|-enditem|p2a: Mew|Eject Pack\n|\n|t:|1699758503\n|switch|p2a: Slowking|Slowking, F, tera:Fairy|100\/100\n|move|p1a: Sinistcha|Shadow Ball|p2a: Slowking\n|-damage|p2a: Slowking|71\/100\n|\n|upkeep\n|turn|33\n|\n|t:|1699758510\n|move|p1a: Sinistcha|Calm Mind|p1a: Sinistcha\n|-boost|p1a: Sinistcha|spa|1\n|-boost|p1a: Sinistcha|spd|1\n|move|p2a: Slowking|Future Sight|p1a: Sinistcha\n|-start|p2a: Slowking|move: Future Sight\n|\n|upkeep\n|turn|34\n|\n|t:|1699758527\n|move|p1a: Sinistcha|Shadow Ball|p2a: Slowking\n|-damage|p2a: Slowking|33\/100\n|-unboost|p2a: Slowking|spd|1\n|move|p2a: Slowking|Teleport|p2a: Slowking\n|\n|t:|1699758534\n|switch|p2a: Enamorus|Enamorus, F|55\/100|[from] Teleport\n|\n|upkeep\n|turn|35\n|\n|t:|1699758541\n|move|p2a: Enamorus|Mystical Fire|p1a: Sinistcha\n|-supereffective|p1a: Sinistcha\n|-damage|p1a: Sinistcha|68\/100 par\n|-unboost|p1a: Sinistcha|spa|1\n|cant|p1a: Sinistcha|par\n|\n|-end|p1a: Sinistcha|move: Future Sight\n|-damage|p1a: Sinistcha|56\/100 par\n|upkeep\n|turn|36\n|\n|t:|1699758548\n|move|p2a: Enamorus|Mystical Fire|p1a: Sinistcha\n|-supereffective|p1a: Sinistcha\n|-damage|p1a: Sinistcha|48\/100 par\n|-unboost|p1a: Sinistcha|spa|1\n|move|p1a: Sinistcha|Strength Sap|p2a: Enamorus\n|-boost|p2a: Enamorus|atk|1\n|-heal|p1a: Sinistcha|100\/100 par\n|\n|upkeep\n|turn|37\n|\n|t:|1699758564\n|move|p2a: Enamorus|Mystical Fire|p1a: Sinistcha\n|-supereffective|p1a: Sinistcha\n|-damage|p1a: Sinistcha|93\/100 par\n|-unboost|p1a: Sinistcha|spa|1\n|move|p1a: Sinistcha|Shadow Ball|p2a: Enamorus\n|-damage|p2a: Enamorus|23\/100\n|\n|upkeep\n|turn|38\n|\n|t:|1699758573\n|move|p2a: Enamorus|Mystical Fire|p1a: Sinistcha\n|-supereffective|p1a: Sinistcha\n|-damage|p1a: Sinistcha|84\/100 par\n|-unboost|p1a: Sinistcha|spa|1\n|move|p1a: Sinistcha|Calm Mind|p1a: Sinistcha\n|-boost|p1a: Sinistcha|spa|1\n|-boost|p1a: Sinistcha|spd|0\n|\n|upkeep\n|turn|39\n|\n|t:|1699758585\n|move|p2a: Enamorus|Mystical Fire|p1a: Sinistcha\n|-supereffective|p1a: Sinistcha\n|-damage|p1a: Sinistcha|76\/100 par\n|-unboost|p1a: Sinistcha|spa|1\n|cant|p1a: Sinistcha|par\n|\n|upkeep\n|turn|40\n|\n|t:|1699758589\n|move|p2a: Enamorus|Mystical Fire|p1a: Sinistcha\n|-supereffective|p1a: Sinistcha\n|-crit|p1a: Sinistcha\n|-damage|p1a: Sinistcha|33\/100 par\n|-unboost|p1a: Sinistcha|spa|1\n|cant|p1a: Sinistcha|par\n|\n|upkeep\n|turn|41\n|\n|t:|1699758594\n|move|p2a: Enamorus|Mystical Fire|p1a: Sinistcha\n|-supereffective|p1a: Sinistcha\n|-damage|p1a: Sinistcha|25\/100 par\n|-unboost|p1a: Sinistcha|spa|1\n|move|p1a: Sinistcha|Strength Sap|p2a: Enamorus\n|-boost|p2a: Enamorus|atk|1\n|-heal|p1a: Sinistcha|100\/100 par\n|\n|upkeep\n|turn|42\n|\n|t:|1699758599\n|move|p2a: Enamorus|Mystical Fire|p1a: Sinistcha\n|-supereffective|p1a: Sinistcha\n|-damage|p1a: Sinistcha|93\/100 par\n|-unboost|p1a: Sinistcha|spa|1\n|move|p1a: Sinistcha|Calm Mind|p1a: Sinistcha\n|-boost|p1a: Sinistcha|spa|1\n|-boost|p1a: Sinistcha|spd|0\n|\n|upkeep\n|turn|43\n|\n|t:|1699758604\n|move|p2a: Enamorus|Mystical Fire|p1a: Sinistcha\n|-supereffective|p1a: Sinistcha\n|-damage|p1a: Sinistcha|84\/100 par\n|-unboost|p1a: Sinistcha|spa|1\n|move|p1a: Sinistcha|Calm Mind|p1a: Sinistcha\n|-boost|p1a: Sinistcha|spa|1\n|-boost|p1a: Sinistcha|spd|0\n|\n|upkeep\n|turn|44\n|\n|t:|1699758611\n|move|p2a: Enamorus|Mystical Fire|p1a: Sinistcha\n|-supereffective|p1a: Sinistcha\n|-damage|p1a: Sinistcha|77\/100 par\n|-unboost|p1a: Sinistcha|spa|1\n|move|p1a: Sinistcha|Strength Sap|p2a: Enamorus\n|-boost|p2a: Enamorus|atk|1\n|-heal|p1a: Sinistcha|100\/100 par\n|\n|upkeep\n|turn|45\n|\n|t:|1699758613\n|move|p2a: Enamorus|Mystical Fire|p1a: Sinistcha\n|-supereffective|p1a: Sinistcha\n|-damage|p1a: Sinistcha|93\/100 par\n|-unboost|p1a: Sinistcha|spa|1\n|cant|p1a: Sinistcha|par\n|\n|upkeep\n|turn|46\n|\n|t:|1699758616\n|move|p2a: Enamorus|Moonblast|p1a: Sinistcha\n|-damage|p1a: Sinistcha|78\/100 par\n|cant|p1a: Sinistcha|par\n|\n|upkeep\n|turn|47\n|\n|t:|1699758620\n|move|p2a: Enamorus|Moonblast|p1a: Sinistcha\n|-damage|p1a: Sinistcha|63\/100 par\n|cant|p1a: Sinistcha|par\n|\n|upkeep\n|turn|48\n|\n|t:|1699758624\n|move|p2a: Enamorus|Moonblast|p1a: Sinistcha\n|-damage|p1a: Sinistcha|48\/100 par\n|move|p1a: Sinistcha|Strength Sap|p2a: Enamorus\n|-boost|p2a: Enamorus|atk|1\n|-heal|p1a: Sinistcha|100\/100 par\n|\n|upkeep\n|turn|49\n|\n|t:|1699758628\n|move|p2a: Enamorus|Moonblast|p1a: Sinistcha\n|-damage|p1a: Sinistcha|87\/100 par\n|move|p1a: Sinistcha|Calm Mind|p1a: Sinistcha\n|-boost|p1a: Sinistcha|spa|1\n|-boost|p1a: Sinistcha|spd|0\n|\n|upkeep\n|turn|50\n|\n|t:|1699758631\n|move|p2a: Enamorus|Moonblast|p1a: Sinistcha\n|-damage|p1a: Sinistcha|74\/100 par\n|move|p1a: Sinistcha|Calm Mind|p1a: Sinistcha\n|-boost|p1a: Sinistcha|spa|1\n|-boost|p1a: Sinistcha|spd|0\n|\n|upkeep\n|turn|51\n|\n|t:|1699758635\n|move|p2a: Enamorus|Moonblast|p1a: Sinistcha\n|-damage|p1a: Sinistcha|59\/100 par\n|-unboost|p1a: Sinistcha|spa|1\n|cant|p1a: Sinistcha|par\n|\n|upkeep\n|turn|52\n|\n|t:|1699758638\n|move|p2a: Enamorus|Moonblast|p1a: Sinistcha\n|-damage|p1a: Sinistcha|46\/100 par\n|move|p1a: Sinistcha|Strength Sap|p2a: Enamorus\n|-boost|p2a: Enamorus|atk|1\n|-heal|p1a: Sinistcha|100\/100 par\n|\n|upkeep\n|turn|53\n|\n|t:|1699758641\n|move|p2a: Enamorus|Moonblast|p1a: Sinistcha\n|-damage|p1a: Sinistcha|85\/100 par\n|move|p1a: Sinistcha|Calm Mind|p1a: Sinistcha\n|-boost|p1a: Sinistcha|spa|1\n|-boost|p1a: Sinistcha|spd|0\n|\n|upkeep\n|turn|54\n|\n|t:|1699758643\n|move|p2a: Enamorus|Moonblast|p1a: Sinistcha\n|-damage|p1a: Sinistcha|72\/100 par\n|move|p1a: Sinistcha|Calm Mind|p1a: Sinistcha\n|-boost|p1a: Sinistcha|spa|1\n|-boost|p1a: Sinistcha|spd|0\n|\n|upkeep\n|turn|55\n|\n|t:|1699758650\n|move|p2a: Enamorus|Moonblast|p1a: Sinistcha\n|-damage|p1a: Sinistcha|58\/100 par\n|move|p1a: Sinistcha|Calm Mind|p1a: Sinistcha\n|-boost|p1a: Sinistcha|spa|1\n|-boost|p1a: Sinistcha|spd|0\n|\n|upkeep\n|turn|56\n|\n|t:|1699758652\n|move|p2a: Enamorus|Moonblast|p1a: Sinistcha\n|-damage|p1a: Sinistcha|43\/100 par\n|move|p1a: Sinistcha|Strength Sap|p2a: Enamorus\n|-boost|p2a: Enamorus|atk|1\n|-heal|p1a: Sinistcha|100\/100 par\n|\n|upkeep\n|turn|57\n|\n|t:|1699758655\n|move|p2a: Enamorus|Moonblast|p1a: Sinistcha\n|-damage|p1a: Sinistcha|86\/100 par\n|move|p1a: Sinistcha|Calm Mind|p1a: Sinistcha\n|-boost|p1a: Sinistcha|spa|1\n|-boost|p1a: Sinistcha|spd|0\n|\n|upkeep\n|turn|58\n|\n|t:|1699758658\n|move|p2a: Enamorus|Moonblast|p1a: Sinistcha\n|-damage|p1a: Sinistcha|72\/100 par\n|move|p1a: Sinistcha|Calm Mind|p1a: Sinistcha\n|-boost|p1a: Sinistcha|spa|1\n|-boost|p1a: Sinistcha|spd|0\n|\n|upkeep\n|turn|59\n|\n|t:|1699758662\n|move|p2a: Enamorus|Moonblast|p1a: Sinistcha\n|-damage|p1a: Sinistcha|59\/100 par\n|move|p1a: Sinistcha|Calm Mind|p1a: Sinistcha\n|-boost|p1a: Sinistcha|spa|1\n|-boost|p1a: Sinistcha|spd|0\n|\n|upkeep\n|turn|60\n|\n|t:|1699758666\n|move|p2a: Enamorus|Moonblast|p1a: Sinistcha\n|-damage|p1a: Sinistcha|44\/100 par\n|-unboost|p1a: Sinistcha|spa|1\n|move|p1a: Sinistcha|Strength Sap|p2a: Enamorus\n|-heal|p1a: Sinistcha|100\/100 par\n|\n|upkeep\n|turn|61\n|\n|t:|1699758669\n|move|p2a: Enamorus|Moonblast|p1a: Sinistcha\n|-damage|p1a: Sinistcha|86\/100 par\n|move|p1a: Sinistcha|Calm Mind|p1a: Sinistcha\n|-boost|p1a: Sinistcha|spa|1\n|-boost|p1a: Sinistcha|spd|0\n|\n|upkeep\n|turn|62\n|\n|t:|1699758672\n|move|p2a: Enamorus|Moonblast|p1a: Sinistcha\n|-damage|p1a: Sinistcha|71\/100 par\n|move|p1a: Sinistcha|Calm Mind|p1a: Sinistcha\n|-boost|p1a: Sinistcha|spa|1\n|-boost|p1a: Sinistcha|spd|0\n|\n|upkeep\n|turn|63\n|\n|t:|1699758675\n|move|p2a: Enamorus|Moonblast|p1a: Sinistcha\n|-damage|p1a: Sinistcha|56\/100 par\n|move|p1a: Sinistcha|Strength Sap|p2a: Enamorus\n|-heal|p1a: Sinistcha|100\/100 par\n|\n|upkeep\n|turn|64\n|\n|t:|1699758678\n|move|p2a: Enamorus|Moonblast|p1a: Sinistcha\n|-damage|p1a: Sinistcha|87\/100 par\n|move|p1a: Sinistcha|Calm Mind|p1a: Sinistcha\n|-boost|p1a: Sinistcha|spa|1\n|-boost|p1a: Sinistcha|spd|0\n|\n|upkeep\n|turn|65\n|\n|t:|1699758682\n|move|p2a: Enamorus|Moonblast|p1a: Sinistcha\n|-damage|p1a: Sinistcha|73\/100 par\n|-unboost|p1a: Sinistcha|spa|1\n|move|p1a: Sinistcha|Matcha Gotcha|p2a: Enamorus\n|-resisted|p2a: Enamorus\n|-damage|p2a: Enamorus|0 fnt\n|-heal|p1a: Sinistcha|83\/100 par|[from] drain|[of] p2a: Enamorus\n|faint|p2a: Enamorus\n|\n|upkeep\n|\n|t:|1699758685\n|switch|p2a: Flamigo|Flamigo, M|45\/100\n|turn|66\n|\n|t:|1699758687\n|move|p2a: Flamigo|Brave Bird|p1a: Sinistcha\n|-supereffective|p1a: Sinistcha\n|-damage|p1a: Sinistcha|25\/100 par\n|-damage|p2a: Flamigo|23\/100|[from] Recoil\n|move|p1a: Sinistcha|Strength Sap|p2a: Flamigo\n|-unboost|p2a: Flamigo|atk|1\n|-heal|p1a: Sinistcha|100\/100 par\n|\n|upkeep\n|turn|67\n|\n|t:|1699758693\n|move|p2a: Flamigo|Brave Bird|p1a: Sinistcha\n|-supereffective|p1a: Sinistcha\n|-damage|p1a: Sinistcha|61\/100 par\n|-damage|p2a: Flamigo|8\/100|[from] Recoil\n|move|p1a: Sinistcha|Matcha Gotcha|p2a: Flamigo|[miss]\n|-miss|p1a: Sinistcha|p2a: Flamigo\n|\n|upkeep\n|turn|68\n|\n|t:|1699758697\n|move|p2a: Flamigo|Brave Bird|p1a: Sinistcha\n|-supereffective|p1a: Sinistcha\n|-damage|p1a: Sinistcha|21\/100 par\n|-damage|p2a: Flamigo|0 fnt|[from] Recoil\n|faint|p2a: Flamigo\n|cant|p1a: Sinistcha|par\n|\n|upkeep\n|\n|t:|1699758703\n|switch|p2a: Diancie|Diancie-Mega|51\/100\n|turn|69\n|\n|t:|1699758707\n|move|p2a: Diancie|Diamond Storm|p1a: Sinistcha\n|-damage|p1a: Sinistcha|0 fnt\n|faint|p1a: Sinistcha\n|\n|upkeep\n|\n|t:|1699758710\n|switch|p1a: Kartana|Kartana|39\/100\n|-damage|p1a: Kartana|33\/100|[from] Stealth Rock\n|turn|70\n|\n|t:|1699758718\n|switch|p2a: Mew|Mew|100\/100\n|move|p1a: Kartana|Leaf Blade|p2a: Mew\n|-damage|p2a: Mew|41\/100\n|\n|upkeep\n|turn|71\n|\n|t:|1699758726\n|move|p1a: Kartana|Leaf Blade|p2a: Mew\n|-damage|p2a: Mew|0 fnt\n|faint|p2a: Mew\n|-ability|p1a: Kartana|Beast Boost|boost\n|-boost|p1a: Kartana|atk|1\n|\n|upkeep\n|\n|t:|1699758729\n|switch|p2a: Alomomola|Alomomola, M|100\/100\n|turn|72\n|\n|t:|1699758731\n|move|p1a: Kartana|Leaf Blade|p2a: Alomomola\n|-supereffective|p2a: Alomomola\n|-damage|p2a: Alomomola|0 fnt\n|faint|p2a: Alomomola\n|-ability|p1a: Kartana|Beast Boost|boost\n|-boost|p1a: Kartana|atk|1\n|\n|upkeep\n|-message|jiangzhi forfeited.\n|\n|win|MMQZA6\n|raw|MMQZA6's rating: 1560 &rarr; <strong>1578<\/strong><br \/>(+18 for winning)\n|raw|jiangzhi's rating: 1526 &rarr; <strong>1508<\/strong><br \/>(-18 for losing)\n|l|\u2606jiangzhi\n","uploadtime":1699758738,"views":4,"p1id":"mmqza6","p2id":"jiangzhi","formatid":"gen9nationaldex","rating":1508,"private":0,"password":""}