{"id":"gen9nationaldex-1987345762","p1":"FisheePhishee","p2":"PapaPena","format":"[Gen 9] National Dex","log":"|j|\u2606FisheePhishee\n|j|\u2606PapaPena\n|t:|1699580028\n|gametype|singles\n|player|p1|FisheePhishee|170|\n|player|p2|PapaPena|roughneck|\n|teamsize|p1|6\n|teamsize|p2|6\n|gen|9\n|tier|[Gen 9] National Dex\n|rule|HP Percentage Mod: HP is shown in percentages\n|rule|Endless Battle Clause: Forcing endless battles is banned\n|rule|OHKO Clause: OHKO moves are banned\n|rule|Evasion Clause: Evasion abilities, items, and moves are banned\n|rule|Evasion Abilities Clause: Evasion abilities are banned\n|rule|Evasion Items Clause: Evasion items are banned\n|rule|Evasion Moves Clause: Evasion moves are banned\n|rule|Species Clause: Limit one of each Pok\u00e9mon\n|rule|Sleep Clause Mod: Limit one foe put to sleep\n|clearpoke\n|poke|p1|Toxapex, F|\n|poke|p1|Ceruledge, M|\n|poke|p1|Slither Wing|\n|poke|p1|Vivillon, M|\n|poke|p1|Perrserker, M|\n|poke|p1|Krokorok, F|\n|poke|p2|Moltres|\n|poke|p2|Tornadus-Therian, M|\n|poke|p2|Klefki, M|\n|poke|p2|Eelektross, M|\n|poke|p2|Basculin, M|\n|poke|p2|Toedscool, F|\n|teampreview\n|\n|t:|1699580081\n|start\n|switch|p1a: Slither Wing|Slither Wing|100\/100\n|switch|p2a: what dat mouth do|Eelektross, M|100\/100\n|-enditem|p1a: Slither Wing|Booster Energy\n|-activate|p1a: Slither Wing|ability: Protosynthesis|[fromitem]\n|-start|p1a: Slither Wing|protosynthesisatk\n|turn|1\n|\n|t:|1699580103\n|move|p1a: Slither Wing|First Impression|p2a: what dat mouth do\n|-damage|p2a: what dat mouth do|21\/100\n|move|p2a: what dat mouth do|Thunder Punch|p1a: Slither Wing\n|-damage|p1a: Slither Wing|25\/100\n|-status|p1a: Slither Wing|par\n|\n|upkeep\n|turn|2\n|\n|t:|1699580122\n|switch|p2a: Klefki|Klefki, M|100\/100\n|move|p1a: Slither Wing|U-turn|p2a: Klefki\n|-resisted|p2a: Klefki\n|-damage|p2a: Klefki|90\/100\n|\n|t:|1699580131\n|-end|p1a: Slither Wing|Protosynthesis|[silent]\n|switch|p1a: Krokorok|Krokorok, F|100\/100|[from] U-turn\n|-ability|p1a: Krokorok|Intimidate|boost\n|-unboost|p2a: Klefki|atk|1\n|\n|upkeep\n|turn|3\n|\n|t:|1699580138\n|move|p2a: Klefki|Reflect|p2a: Klefki\n|-sidestart|p2: PapaPena|Reflect\n|move|p1a: Krokorok|Earthquake|p2a: Klefki\n|-supereffective|p2a: Klefki\n|-damage|p2a: Klefki|59\/100\n|\n|upkeep\n|turn|4\n|\n|t:|1699580152\n|move|p2a: Klefki|Light Screen|p2a: Klefki\n|-sidestart|p2: PapaPena|move: Light Screen\n|move|p1a: Krokorok|Earthquake|p2a: Klefki\n|-supereffective|p2a: Klefki\n|-damage|p2a: Klefki|25\/100\n|\n|upkeep\n|turn|5\n|\n|t:|1699580175\n|switch|p1a: Slither Wing|Slither Wing|25\/100 par\n|switch|p2a: Tornadus|Tornadus-Therian, M|100\/100\n|\n|upkeep\n|turn|6\n|\n|t:|1699580184\n|move|p1a: Slither Wing|First Impression|p2a: Tornadus\n|-resisted|p2a: Tornadus\n|-damage|p2a: Tornadus|82\/100\n|move|p2a: Tornadus|Bleakwind Storm|p1a: Slither Wing\n|-supereffective|p1a: Slither Wing\n|-damage|p1a: Slither Wing|0 fnt\n|faint|p1a: Slither Wing\n|-end|p1a: Slither Wing|Protosynthesis|[silent]\n|\n|-heal|p2a: Tornadus|88\/100|[from] item: Leftovers\n|upkeep\n|\n|t:|1699580205\n|switch|p1a: Krokorok|Krokorok, F|100\/100\n|-ability|p1a: Krokorok|Intimidate|boost\n|-unboost|p2a: Tornadus|atk|1\n|turn|7\n|\n|t:|1699580238\n|move|p2a: Tornadus|Bleakwind Storm|p1a: Krokorok\n|-damage|p1a: Krokorok|30\/100\n|move|p1a: Krokorok|Knock Off|p2a: Tornadus\n|-damage|p2a: Tornadus|64\/100\n|-enditem|p2a: Tornadus|Leftovers|[from] move: Knock Off|[of] p1a: Krokorok\n|\n|upkeep\n|turn|8\n|\n|t:|1699580267\n|switch|p2a: flame-ingo|Moltres, shiny|100\/100\n|move|p1a: Krokorok|Stone Edge|p2a: flame-ingo\n|-supereffective|p2a: flame-ingo\n|-crit|p2a: flame-ingo\n|-damage|p2a: flame-ingo|0 fnt\n|faint|p2a: flame-ingo\n|\n|upkeep\n|\n|t:|1699580277\n|switch|p2a: what dat mouth do|Eelektross, M|21\/100\n|turn|9\n|\n|t:|1699580307\n|move|p1a: Krokorok|Stone Edge|p2a: what dat mouth do|[miss]\n|-miss|p1a: Krokorok|p2a: what dat mouth do\n|move|p2a: what dat mouth do|Outrage|p1a: Krokorok\n|-crit|p1a: Krokorok\n|-damage|p1a: Krokorok|0 fnt\n|faint|p1a: Krokorok\n|\n|upkeep\n|\n|t:|1699580351\n|switch|p1a: Ceruledge|Ceruledge, M, shiny|100\/100\n|turn|10\n|\n|t:|1699580356\n|move|p1a: Ceruledge|Bulk Up|p1a: Ceruledge\n|-boost|p1a: Ceruledge|atk|1\n|-boost|p1a: Ceruledge|def|1\n|move|p2a: what dat mouth do|Outrage|p1a: Ceruledge|[from]lockedmove\n|-damage|p1a: Ceruledge|42\/100\n|\n|-sideend|p2: PapaPena|Reflect\n|upkeep\n|turn|11\n|\n|t:|1699580366\n|move|p1a: Ceruledge|Shadow Sneak|p2a: what dat mouth do\n|-damage|p2a: what dat mouth do|0 fnt\n|faint|p2a: what dat mouth do\n|\n|-sideend|p2: PapaPena|move: Light Screen\n|upkeep\n|\n|t:|1699580375\n|switch|p2a: Basculin|Basculin, M|100\/100\n|turn|12\n|\n|t:|1699580401\n|-terastallize|p1a: Ceruledge|Bug\n|move|p2a: Basculin|Wave Crash|p1a: Ceruledge\n|-damage|p1a: Ceruledge|0 fnt\n|faint|p1a: Ceruledge\n|-damage|p2a: Basculin|86\/100|[from] Recoil\n|\n|upkeep\n|\n|t:|1699580443\n|switch|p1a: Perrserker|Perrserker, M|100\/100\n|turn|13\n|\n|t:|1699580460\n|move|p1a: Perrserker|Fake Out|p2a: Basculin\n|-damage|p2a: Basculin|59\/100\n|cant|p2a: Basculin|flinch\n|\n|upkeep\n|turn|14\n|\n|t:|1699580473\n|move|p2a: Basculin|Head Smash|p1a: Perrserker\n|-resisted|p1a: Perrserker\n|-damage|p1a: Perrserker|81\/100\n|-damage|p2a: Basculin|47\/100|[from] Recoil\n|move|p1a: Perrserker|U-turn|p2a: Basculin\n|-damage|p2a: Basculin|7\/100\n|\n|t:|1699580482\n|switch|p1a: Toxapex|Toxapex, F|100\/100|[from] U-turn\n|\n|upkeep\n|turn|15\n|\n|t:|1699580490\n|move|p2a: Basculin|Head Smash|p1a: Toxapex|[miss]\n|-miss|p2a: Basculin|p1a: Toxapex\n|move|p1a: Toxapex|Scald|p2a: Basculin\n|-resisted|p2a: Basculin\n|-damage|p2a: Basculin|0 fnt\n|faint|p2a: Basculin\n|\n|upkeep\n|\n|t:|1699580498\n|switch|p2a: Klefki|Klefki, M|25\/100\n|turn|16\n|\n|t:|1699580519\n|move|p2a: Klefki|Draining Kiss|p1a: Toxapex\n|-resisted|p1a: Toxapex\n|-damage|p1a: Toxapex|95\/100\n|-heal|p2a: Klefki|29\/100|[from] drain|[of] p1a: Toxapex\n|move|p1a: Toxapex|Scald|p2a: Klefki\n|-damage|p2a: Klefki|9\/100\n|\n|-heal|p1a: Toxapex|100\/100|[from] item: Leftovers\n|upkeep\n|turn|17\n|\n|t:|1699580530\n|move|p2a: Klefki|Light Screen|p2a: Klefki\n|-sidestart|p2: PapaPena|move: Light Screen\n|move|p1a: Toxapex|Scald|p2a: Klefki\n|-damage|p2a: Klefki|0 fnt\n|faint|p2a: Klefki\n|\n|upkeep\n|\n|t:|1699580536\n|switch|p2a: squeeward|Toedscool, F|100\/100\n|turn|18\n|\n|t:|1699580545\n|move|p1a: Toxapex|Scald|p2a: squeeward\n|-damage|p2a: squeeward|96\/100\n|move|p2a: squeeward|Leech Seed|p1a: Toxapex\n|-start|p1a: Toxapex|move: Leech Seed\n|\n|-damage|p1a: Toxapex|88\/100|[from] Leech Seed|[of] p2a: squeeward\n|-heal|p2a: squeeward|100\/100|[silent]\n|upkeep\n|turn|19\n|\n|t:|1699580574\n|switch|p2a: Tornadus|Tornadus-Therian, M|97\/100\n|switch|p1a: Vivillon|Vivillon, M|100\/100\n|\n|upkeep\n|turn|20\n|\n|t:|1699580605\n|switch|p1a: Perrserker|Perrserker, M|81\/100\n|move|p2a: Tornadus|Bleakwind Storm|p1a: Perrserker\n|-resisted|p1a: Perrserker\n|-damage|p1a: Perrserker|56\/100\n|\n|upkeep\n|turn|21\n|\n|t:|1699580617\n|move|p1a: Perrserker|Fake Out|p2a: Tornadus\n|-damage|p2a: Tornadus|78\/100\n|cant|p2a: Tornadus|flinch\n|\n|upkeep\n|turn|22\n|\n|t:|1699580633\n|move|p2a: Tornadus|Dark Pulse|p1a: Perrserker\n|-damage|p1a: Perrserker|31\/100\n|move|p1a: Perrserker|Iron Head|p2a: Tornadus\n|-damage|p2a: Tornadus|23\/100\n|\n|upkeep\n|turn|23\n|\n|t:|1699580671\n|switch|p2a: squeeward|Toedscool, F|100\/100\n|switch|p1a: Toxapex|Toxapex, F|100\/100\n|\n|upkeep\n|turn|24\n|\n|t:|1699580687\n|move|p1a: Toxapex|Toxic|p2a: squeeward\n|-status|p2a: squeeward|tox\n|move|p2a: squeeward|Leech Seed|p1a: Toxapex\n|-start|p1a: Toxapex|move: Leech Seed\n|\n|-damage|p1a: Toxapex|88\/100|[from] Leech Seed|[of] p2a: squeeward\n|-damage|p2a: squeeward|95\/100 tox|[from] psn\n|-sideend|p2: PapaPena|move: Light Screen\n|upkeep\n|turn|25\n|\n|t:|1699580698\n|switch|p2a: Tornadus|Tornadus-Therian, M|56\/100\n|move|p1a: Toxapex|Scald|p2a: Tornadus\n|-damage|p2a: Tornadus|37\/100\n|-status|p2a: Tornadus|brn\n|\n|-heal|p1a: Toxapex|94\/100|[from] item: Leftovers\n|-damage|p1a: Toxapex|82\/100|[from] Leech Seed|[of] p2a: Tornadus\n|-heal|p2a: Tornadus|49\/100 brn|[silent]\n|-damage|p2a: Tornadus|43\/100 brn|[from] brn\n|upkeep\n|turn|26\n|\n|t:|1699580709\n|move|p2a: Tornadus|Grass Knot|p1a: Toxapex\n|-damage|p1a: Toxapex|72\/100\n|move|p1a: Toxapex|Recover|p1a: Toxapex\n|-heal|p1a: Toxapex|100\/100\n|\n|-damage|p1a: Toxapex|88\/100|[from] Leech Seed|[of] p2a: Tornadus\n|-heal|p2a: Tornadus|56\/100 brn|[silent]\n|-damage|p2a: Tornadus|50\/100 brn|[from] brn\n|upkeep\n|turn|27\n|\n|t:|1699580718\n|switch|p2a: squeeward|Toedscool, F|95\/100 tox\n|move|p1a: Toxapex|Scald|p2a: squeeward\n|-damage|p2a: squeeward|85\/100 tox\n|\n|-heal|p1a: Toxapex|94\/100|[from] item: Leftovers\n|-damage|p1a: Toxapex|82\/100|[from] Leech Seed|[of] p2a: squeeward\n|-heal|p2a: squeeward|98\/100 tox|[silent]\n|-damage|p2a: squeeward|92\/100 tox|[from] psn\n|upkeep\n|turn|28\n|\n|t:|1699580792\n|switch|p1a: Vivillon|Vivillon, M|100\/100\n|move|p2a: squeeward|Knock Off|p1a: Vivillon\n|-damage|p1a: Vivillon|84\/100\n|-enditem|p1a: Vivillon|Heavy-Duty Boots|[from] move: Knock Off|[of] p2a: squeeward\n|\n|-damage|p2a: squeeward|80\/100 tox|[from] psn\n|upkeep\n|turn|29\n|\n|t:|1699580831\n|move|p1a: Vivillon|Quiver Dance|p1a: Vivillon\n|-boost|p1a: Vivillon|spa|1\n|-boost|p1a: Vivillon|spd|1\n|-boost|p1a: Vivillon|spe|1\n|move|p2a: squeeward|Leech Seed|p1a: Vivillon\n|-start|p1a: Vivillon|move: Leech Seed\n|\n|-damage|p1a: Vivillon|72\/100|[from] Leech Seed|[of] p2a: squeeward\n|-heal|p2a: squeeward|93\/100 tox|[silent]\n|-damage|p2a: squeeward|75\/100 tox|[from] psn\n|upkeep\n|turn|30\n|\n|t:|1699580842\n|switch|p2a: Tornadus|Tornadus-Therian, M|83\/100 brn\n|move|p1a: Vivillon|Hurricane|p2a: Tornadus\n|-damage|p2a: Tornadus|7\/100 brn\n|\n|-damage|p1a: Vivillon|60\/100|[from] Leech Seed|[of] p2a: Tornadus\n|-heal|p2a: Tornadus|19\/100 brn|[silent]\n|-damage|p2a: Tornadus|13\/100 brn|[from] brn\n|upkeep\n|turn|31\n|\n|t:|1699580862\n|switch|p1a: Toxapex|Toxapex, F|100\/100\n|switch|p2a: squeeward|Toedscool, F|75\/100 tox\n|\n|-damage|p2a: squeeward|69\/100 tox|[from] psn\n|upkeep\n|turn|32\n|\n|t:|1699580873\n|switch|p1a: Vivillon|Vivillon, M|60\/100\n|move|p2a: squeeward|Leech Seed|p1a: Vivillon\n|-start|p1a: Vivillon|move: Leech Seed\n|\n|-damage|p1a: Vivillon|47\/100|[from] Leech Seed|[of] p2a: squeeward\n|-heal|p2a: squeeward|82\/100 tox|[silent]\n|-damage|p2a: squeeward|70\/100 tox|[from] psn\n|upkeep\n|turn|33\n|\n|t:|1699580885\n|move|p1a: Vivillon|Hurricane|p2a: squeeward|[miss]\n|-miss|p1a: Vivillon|p2a: squeeward\n|move|p2a: squeeward|Toxic|p1a: Vivillon\n|-status|p1a: Vivillon|tox\n|\n|-damage|p1a: Vivillon|35\/100 tox|[from] Leech Seed|[of] p2a: squeeward\n|-heal|p2a: squeeward|83\/100 tox|[silent]\n|-damage|p1a: Vivillon|29\/100 tox|[from] psn\n|-damage|p2a: squeeward|65\/100 tox|[from] psn\n|upkeep\n|turn|34\n|\n|t:|1699580897\n|move|p2a: squeeward|Protect|p2a: squeeward\n|-singleturn|p2a: squeeward|Protect\n|move|p1a: Vivillon|Hurricane|p2a: squeeward\n|-activate|p2a: squeeward|move: Protect\n|\n|-damage|p1a: Vivillon|17\/100 tox|[from] Leech Seed|[of] p2a: squeeward\n|-heal|p2a: squeeward|78\/100 tox|[silent]\n|-damage|p1a: Vivillon|5\/100 tox|[from] psn\n|-damage|p2a: squeeward|54\/100 tox|[from] psn\n|upkeep\n|turn|35\n|\n|t:|1699580907\n|switch|p2a: Tornadus|Tornadus-Therian, M|46\/100 brn\n|move|p1a: Vivillon|Hurricane|p2a: Tornadus\n|-damage|p2a: Tornadus|0 fnt\n|faint|p2a: Tornadus\n|\n|-damage|p1a: Vivillon|0 fnt|[from] psn\n|faint|p1a: Vivillon\n|upkeep\n|\n|t:|1699580916\n|switch|p2a: squeeward|Toedscool, F|54\/100 tox\n|switch|p1a: Perrserker|Perrserker, M|31\/100\n|turn|36\n|\n|t:|1699580921\n|move|p2a: squeeward|Protect|p2a: squeeward\n|-singleturn|p2a: squeeward|Protect\n|move|p1a: Perrserker|Fake Out|p2a: squeeward\n|-activate|p2a: squeeward|move: Protect\n|\n|-damage|p2a: squeeward|48\/100 tox|[from] psn\n|upkeep\n|turn|37\n|\n|t:|1699580948\n|move|p1a: Perrserker|Close Combat|p2a: squeeward\n|-damage|p2a: squeeward|0 fnt\n|-unboost|p1a: Perrserker|def|1\n|-unboost|p1a: Perrserker|spd|1\n|faint|p2a: squeeward\n|\n|win|FisheePhishee\n|l|\u2606FisheePhishee\n","uploadtime":1699581611,"views":5,"p1id":"fisheephishee","p2id":"papapena","formatid":"gen9nationaldex","rating":0,"private":0,"password":""}