{"id":"gen9nationaldex-1999876142","p1":"Techwiz_101","p2":"tratowers","format":"[Gen 9] National Dex","log":"|html|<div class=\"broadcast-blue\"><strong>[Gen 9] National Dex is currently suspecting Sneasler! For information on how to participate check out the <a href=\"https:\/\/www.smogon.com\/forums\/threads\/sv-national-dex-suspect-8-just-dance.3731534\/\">suspect thread<\/a>.<\/strong><\/div>\n|j|\u2606Techwiz_101\n|j|\u2606tratowers\n|t:|1701125305\n|gametype|singles\n|player|p1|Techwiz_101|gentleman-gen4|1199\n|player|p2|tratowers|170|1242\n|teamsize|p1|6\n|teamsize|p2|6\n|gen|9\n|tier|[Gen 9] National Dex\n|rated|\n|rule|HP Percentage Mod: HP is shown in percentages\n|rule|Endless Battle Clause: Forcing endless battles is banned\n|rule|OHKO Clause: OHKO moves are banned\n|rule|Evasion Clause: Evasion abilities, items, and moves are banned\n|rule|Evasion Abilities Clause: Evasion abilities are banned\n|rule|Evasion Items Clause: Evasion items are banned\n|rule|Evasion Moves Clause: Evasion moves are banned\n|rule|Species Clause: Limit one of each Pok\u00e9mon\n|rule|Sleep Clause Mod: Limit one foe put to sleep\n|clearpoke\n|poke|p1|Tinkaton, F|\n|poke|p1|Quagsire, M|\n|poke|p1|Haxorus, M|\n|poke|p1|Murkrow, M|\n|poke|p1|Aurorus, F|\n|poke|p1|Toxtricity, M|\n|poke|p2|Pelipper, F|\n|poke|p2|Swampert, M|\n|poke|p2|Greninja-*, M|\n|poke|p2|Ferrothorn, M|\n|poke|p2|Zapdos|\n|poke|p2|Manaphy|\n|teampreview\n|\n|t:|1701125322\n|start\n|switch|p1a: Haxorus|Haxorus, M|100\/100\n|switch|p2a: Swampert|Swampert, M|100\/100\n|-ability|p1a: Haxorus|Mold Breaker\n|turn|1\n|\n|t:|1701125338\n|detailschange|p2a: Swampert|Swampert-Mega, M\n|-mega|p2a: Swampert|Swampert|Swampertite\n|move|p1a: Haxorus|Dragon Dance|p1a: Haxorus\n|-boost|p1a: Haxorus|atk|1\n|-boost|p1a: Haxorus|spe|1\n|move|p2a: Swampert|Ice Punch|p1a: Haxorus\n|-supereffective|p1a: Haxorus\n|-damage|p1a: Haxorus|24\/100\n|\n|upkeep\n|turn|2\n|\n|t:|1701125349\n|move|p1a: Haxorus|Dragon Claw|p2a: Swampert\n|-damage|p2a: Swampert|34\/100\n|move|p2a: Swampert|Ice Punch|p1a: Haxorus\n|-supereffective|p1a: Haxorus\n|-damage|p1a: Haxorus|0 fnt\n|faint|p1a: Haxorus\n|\n|upkeep\n|\n|t:|1701125360\n|switch|p1a: Tinkaton|Tinkaton, F|100\/100\n|-ability|p1a: Tinkaton|Mold Breaker\n|turn|3\n|\n|t:|1701125366\n|switch|p2a: Pelipper|Pelipper, F|100\/100\n|-weather|RainDance|[from] ability: Drizzle|[of] p2a: Pelipper\n|move|p1a: Tinkaton|Fake Out|p2a: Pelipper\n|-damage|p2a: Pelipper|93\/100\n|\n|-weather|RainDance|[upkeep]\n|upkeep\n|turn|4\n|\n|t:|1701125378\n|switch|p2a: Greninja|Greninja, M|100\/100\n|move|p1a: Tinkaton|Thunder Wave|p2a: Greninja\n|-status|p2a: Greninja|par\n|\n|-weather|RainDance|[upkeep]\n|upkeep\n|turn|5\n|\n|t:|1701125388\n|move|p2a: Greninja|Water Shuriken|p1a: Tinkaton\n|-crit|p1a: Tinkaton\n|-damage|p1a: Tinkaton|76\/100\n|-damage|p1a: Tinkaton|60\/100\n|-hitcount|p1a: Tinkaton|2\n|move|p1a: Tinkaton|Play Rough|p2a: Greninja|[miss]\n|-miss|p1a: Tinkaton|p2a: Greninja\n|\n|-weather|RainDance|[upkeep]\n|-heal|p1a: Tinkaton|66\/100|[from] item: Leftovers\n|upkeep\n|turn|6\n|\n|t:|1701125399\n|-terastallize|p2a: Greninja|Water\n|cant|p2a: Greninja|par\n|move|p1a: Tinkaton|Play Rough|p2a: Greninja\n|-damage|p2a: Greninja|45\/100 par\n|\n|-weather|RainDance|[upkeep]\n|-heal|p1a: Tinkaton|72\/100|[from] item: Leftovers\n|upkeep\n|turn|7\n|\n|t:|1701125408\n|move|p2a: Greninja|Water Shuriken|p1a: Tinkaton\n|-damage|p1a: Tinkaton|51\/100\n|-damage|p1a: Tinkaton|31\/100\n|-damage|p1a: Tinkaton|10\/100\n|-crit|p1a: Tinkaton\n|-damage|p1a: Tinkaton|0 fnt\n|faint|p1a: Tinkaton\n|-ability|p2a: Greninja|Battle Bond|boost\n|-boost|p2a: Greninja|atk|1\n|-boost|p2a: Greninja|spa|1\n|-boost|p2a: Greninja|spe|1\n|-activate|p2a: Greninja|ability: Battle Bond\n|-hitcount|p1: Tinkaton|4\n|\n|-weather|RainDance|[upkeep]\n|upkeep\n|inactive|Battle timer is ON: inactive players will automatically lose when time's up. (requested by tratowers)\n|\n|t:|1701125417\n|switch|p1a: Murkrow|Murkrow, M|100\/100\n|turn|8\n|\n|t:|1701125421\n|-terastallize|p1a: Murkrow|Ghost\n|move|p2a: Greninja|Water Shuriken|p1a: Murkrow\n|-damage|p1a: Murkrow|62\/100\n|-damage|p1a: Murkrow|25\/100\n|-enditem|p1a: Murkrow|Sitrus Berry|[eat]\n|-heal|p1a: Murkrow|50\/100|[from] item: Sitrus Berry\n|-hitcount|p1a: Murkrow|2\n|move|p1a: Murkrow|Curse|p2a: Greninja\n|-start|p2a: Greninja|Curse|[of] p1a: Murkrow\n|-damage|p1a: Murkrow|0 fnt\n|faint|p1a: Murkrow\n|\n|-weather|RainDance|[upkeep]\n|-damage|p2a: Greninja|20\/100 par|[from] Curse\n|upkeep\n|\n|t:|1701125436\n|switch|p1a: Quagsire|Quagsire, M|100\/100\n|turn|9\n|c|\u2606tratowers|noice noice\n|\n|t:|1701125445\n|move|p2a: Greninja|Water Shuriken|p1a: Quagsire\n|-damage|p1a: Quagsire|75\/100\n|-damage|p1a: Quagsire|52\/100\n|-damage|p1a: Quagsire|25\/100\n|-enditem|p1a: Quagsire|Sitrus Berry|[eat]\n|-heal|p1a: Quagsire|50\/100|[from] item: Sitrus Berry\n|-damage|p1a: Quagsire|25\/100\n|-hitcount|p1a: Quagsire|4\n|move|p1a: Quagsire|Curse|p1a: Quagsire\n|-unboost|p1a: Quagsire|spe|1\n|-boost|p1a: Quagsire|atk|1\n|-boost|p1a: Quagsire|def|1\n|\n|-weather|RainDance|[upkeep]\n|-damage|p2a: Greninja|0 fnt|[from] Curse\n|faint|p2a: Greninja\n|upkeep\n|c|\u2606tratowers|!weakness water\n|c| tratowers|\/raw <div class=\"infobox\">Water:<br \/><span class=\"message-effect-weak\">Weaknesses<\/span>: Electric, Grass<br \/><span class=\"message-effect-resist\">Resistances<\/span>: Fire, Ice, Steel, Water<br \/><span class=\"message-effect-immune\">Immunities<\/span>: <font color=#999999>None<\/font><\/div>\n|inactive|tratowers has 120 seconds left.\n|\n|t:|1701125479\n|switch|p2a: Zapdos|Zapdos|100\/100\n|turn|10\n|inactive|tratowers has 120 seconds left.\n|\n|t:|1701125490\n|move|p2a: Zapdos|Weather Ball|p1a: Quagsire\n|-damage|p1a: Quagsire|0 fnt\n|faint|p1a: Quagsire\n|\n|-weather|none\n|upkeep\n|\n|t:|1701125500\n|switch|p1a: Toxtricity|Toxtricity, M|100\/100\n|turn|11\n|inactive|tratowers has 120 seconds left.\n|c|\u2606tratowers|!weakness electric\n|c| tratowers|\/raw <div class=\"infobox\">Electric:<br \/><span class=\"message-effect-weak\">Weaknesses<\/span>: Ground<br \/><span class=\"message-effect-resist\">Resistances<\/span>: Electric, Flying, Steel<br \/><span class=\"message-effect-immune\">Immunities<\/span>: Paralysis<\/div>\n|\n|t:|1701125524\n|switch|p2a: Swampert|Swampert-Mega, M|34\/100\n|move|p1a: Toxtricity|Shift Gear|p1a: Toxtricity\n|-boost|p1a: Toxtricity|spe|2\n|-boost|p1a: Toxtricity|atk|1\n|\n|upkeep\n|turn|12\n|inactive|tratowers has 120 seconds left.\n|\n|t:|1701125533\n|move|p1a: Toxtricity|Boomburst|p2a: Swampert\n|-damage|p2a: Swampert|0 fnt\n|faint|p2a: Swampert\n|-enditem|p1a: Toxtricity|Throat Spray\n|-boost|p1a: Toxtricity|spa|1|[from] item: Throat Spray\n|\n|upkeep\n|inactive|tratowers has 120 seconds left.\n|\n|t:|1701125547\n|switch|p2a: Ferrothorn|Ferrothorn, M|100\/100\n|turn|13\n|inactive|tratowers has 120 seconds left.\n|\n|t:|1701125557\n|move|p1a: Toxtricity|Boomburst|p2a: Ferrothorn\n|-resisted|p2a: Ferrothorn\n|-damage|p2a: Ferrothorn|70\/100\n|move|p2a: Ferrothorn|Knock Off|p1a: Toxtricity\n|-damage|p1a: Toxtricity|81\/100\n|\n|-heal|p2a: Ferrothorn|76\/100|[from] item: Leftovers\n|upkeep\n|turn|14\n|inactive|tratowers has 120 seconds left.\n|\n|t:|1701125576\n|move|p1a: Toxtricity|Boomburst|p2a: Ferrothorn\n|-resisted|p2a: Ferrothorn\n|-damage|p2a: Ferrothorn|44\/100\n|move|p2a: Ferrothorn|Knock Off|p1a: Toxtricity\n|-damage|p1a: Toxtricity|63\/100\n|\n|-heal|p2a: Ferrothorn|50\/100|[from] item: Leftovers\n|upkeep\n|turn|15\n|inactive|tratowers has 120 seconds left.\n|\n|t:|1701125584\n|move|p1a: Toxtricity|Boomburst|p2a: Ferrothorn\n|-resisted|p2a: Ferrothorn\n|-damage|p2a: Ferrothorn|22\/100\n|move|p2a: Ferrothorn|Knock Off|p1a: Toxtricity\n|-damage|p1a: Toxtricity|43\/100\n|\n|-heal|p2a: Ferrothorn|28\/100|[from] item: Leftovers\n|upkeep\n|turn|16\n|\n|t:|1701125591\n|move|p1a: Toxtricity|Boomburst|p2a: Ferrothorn\n|-resisted|p2a: Ferrothorn\n|-damage|p2a: Ferrothorn|0 fnt\n|faint|p2a: Ferrothorn\n|\n|upkeep\n|inactive|tratowers has 120 seconds left.\n|\n|t:|1701125611\n|switch|p2a: Zapdos|Zapdos|100\/100\n|turn|17\n|inactive|tratowers has 120 seconds left.\n|\n|t:|1701125621\n|move|p1a: Toxtricity|Overdrive|p2a: Zapdos\n|-damage|p2a: Zapdos|0 fnt\n|faint|p2a: Zapdos\n|\n|upkeep\n|-message|tratowers forfeited.\n|\n|win|Techwiz_101\n|raw|Techwiz_101's rating: 1199 &rarr; <strong>1227<\/strong><br \/>(+28 for winning)\n|raw|tratowers's rating: 1242 &rarr; <strong>1214<\/strong><br \/>(-28 for losing)\n|l|\u2606tratowers\n","uploadtime":1701125631,"views":9,"p1id":"techwiz101","p2id":"tratowers","formatid":"gen9nationaldex","rating":1214,"private":0,"password":""}