{"id":"gen9nationaldex-1998185104","p1":"mathmath34","p2":"ouiouinocacanobaka","format":"[Gen 9] National Dex","log":"|html|<div class=\"broadcast-blue\"><strong>[Gen 9] National Dex is currently suspecting Sneasler! For information on how to participate check out the <a href=\"https:\/\/www.smogon.com\/forums\/threads\/sv-national-dex-suspect-8-just-dance.3731534\/\">suspect thread<\/a>.<\/strong><\/div>\n|j|\u2606mathmath34\n|j|\u2606ouiouinocacanobaka\n|t:|1700908490\n|gametype|singles\n|player|p1|mathmath34|skyla|1363\n|player|p2|ouiouinocacanobaka|steven|1324\n|teamsize|p1|6\n|teamsize|p2|6\n|gen|9\n|tier|[Gen 9] National Dex\n|rated|\n|rule|HP Percentage Mod: HP is shown in percentages\n|rule|Endless Battle Clause: Forcing endless battles is banned\n|rule|OHKO Clause: OHKO moves are banned\n|rule|Evasion Clause: Evasion abilities, items, and moves are banned\n|rule|Evasion Abilities Clause: Evasion abilities are banned\n|rule|Evasion Items Clause: Evasion items are banned\n|rule|Evasion Moves Clause: Evasion moves are banned\n|rule|Species Clause: Limit one of each Pok\u00e9mon\n|rule|Sleep Clause Mod: Limit one foe put to sleep\n|clearpoke\n|poke|p1|Togedemaru, L1, M|\n|poke|p1|Togekiss, F|\n|poke|p1|Serperior, F|\n|poke|p1|Greninja-*, F|\n|poke|p1|Tyranitar, F|\n|poke|p1|Slurpuff, M|\n|poke|p2|Tapu Koko|\n|poke|p2|Iron Valiant|\n|poke|p2|Iron Moth|\n|poke|p2|Scizor, F|\n|poke|p2|Landorus-Therian, M|\n|poke|p2|Toxapex, F|\n|teampreview\n|inactive|Battle timer is ON: inactive players will automatically lose when time's up. (requested by ouiouinocacanobaka)\n|\n|t:|1700908502\n|start\n|switch|p1a: Togedemaru|Togedemaru, L1, M|100\/100\n|switch|p2a: Tapu Koko|Tapu Koko|100\/100\n|-fieldstart|move: Electric Terrain|[from] ability: Electric Surge|[of] p2a: Tapu Koko\n|turn|1\n|\n|t:|1700908510\n|move|p2a: Tapu Koko|U-turn|p1a: Togedemaru\n|-resisted|p1a: Togedemaru\n|-ability|p1a: Togedemaru|Sturdy\n|-damage|p1a: Togedemaru|9\/100\n|\n|t:|1700908529\n|switch|p2a: Toxapex|Toxapex, F|100\/100|[from] U-turn\n|move|p1a: Togedemaru|Endeavor|p2a: Toxapex\n|-damage|p2a: Toxapex|1\/100\n|-heal|p1a: Togedemaru|100\/100|[from] item: Shell Bell|[of] p2a: Toxapex\n|\n|upkeep\n|turn|2\n|\n|t:|1700908541\n|switch|p1a: Tyranitar|Tyranitar, F|100\/100\n|-weather|Sandstorm|[from] ability: Sand Stream|[of] p1a: Tyranitar\n|move|p2a: Toxapex|Recover|p2a: Toxapex\n|-heal|p2a: Toxapex|51\/100\n|\n|-weather|Sandstorm|[upkeep]\n|-damage|p2a: Toxapex|45\/100|[from] Sandstorm\n|upkeep\n|turn|3\n|\n|t:|1700908550\n|detailschange|p1a: Tyranitar|Tyranitar-Mega, F\n|-mega|p1a: Tyranitar|Tyranitar|Tyranitarite\n|move|p1a: Tyranitar|Crunch|p2a: Toxapex\n|-damage|p2a: Toxapex|2\/100\n|move|p2a: Toxapex|Scald|p1a: Tyranitar\n|-supereffective|p1a: Tyranitar\n|-damage|p1a: Tyranitar|85\/100\n|\n|-weather|Sandstorm|[upkeep]\n|-damage|p2a: Toxapex|0 fnt|[from] Sandstorm\n|faint|p2a: Toxapex\n|upkeep\n|\n|t:|1700908558\n|switch|p2a: Iron Valiant|Iron Valiant|100\/100\n|-activate|p2a: Iron Valiant|ability: Quark Drive\n|-start|p2a: Iron Valiant|quarkdrivespe\n|turn|4\n|\n|t:|1700908564\n|switch|p1a: Togekiss|Togekiss, F|100\/100\n|move|p2a: Iron Valiant|Close Combat|p1a: Togekiss\n|-resisted|p1a: Togekiss\n|-damage|p1a: Togekiss|80\/100\n|-unboost|p2a: Iron Valiant|def|1\n|-unboost|p2a: Iron Valiant|spd|1\n|-damage|p2a: Iron Valiant|91\/100|[from] item: Life Orb\n|\n|-weather|Sandstorm|[upkeep]\n|-damage|p2a: Iron Valiant|85\/100|[from] Sandstorm\n|-damage|p1a: Togekiss|74\/100|[from] Sandstorm\n|-heal|p1a: Togekiss|80\/100|[from] item: Leftovers\n|upkeep\n|turn|5\n|\n|t:|1700908576\n|move|p2a: Iron Valiant|Knock Off|p1a: Togekiss\n|-resisted|p1a: Togekiss\n|-damage|p1a: Togekiss|59\/100\n|-enditem|p1a: Togekiss|Leftovers|[from] move: Knock Off|[of] p2a: Iron Valiant\n|-damage|p2a: Iron Valiant|75\/100|[from] item: Life Orb\n|move|p1a: Togekiss|Air Slash|p2a: Iron Valiant\n|-supereffective|p2a: Iron Valiant\n|-damage|p2a: Iron Valiant|0 fnt\n|faint|p2a: Iron Valiant\n|-end|p2a: Iron Valiant|Quark Drive|[silent]\n|\n|-weather|Sandstorm|[upkeep]\n|-damage|p1a: Togekiss|53\/100|[from] Sandstorm\n|-fieldend|move: Electric Terrain\n|upkeep\n|\n|t:|1700908584\n|switch|p2a: Scizor|Scizor, F|100\/100\n|turn|6\n|\n|t:|1700908592\n|detailschange|p2a: Scizor|Scizor-Mega, F\n|-mega|p2a: Scizor|Scizor|Scizorite\n|-terastallize|p1a: Togekiss|Steel\n|move|p1a: Togekiss|Roost|p1a: Togekiss\n|-heal|p1a: Togekiss|100\/100\n|move|p2a: Scizor|Swords Dance|p2a: Scizor\n|-boost|p2a: Scizor|atk|2\n|\n|-weather|none\n|upkeep\n|turn|7\n|\n|t:|1700908602\n|move|p1a: Togekiss|Thunder Wave|p2a: Scizor\n|-status|p2a: Scizor|par\n|cant|p2a: Scizor|par\n|\n|upkeep\n|turn|8\n|\n|t:|1700908606\n|move|p1a: Togekiss|Air Slash|p2a: Scizor|[miss]\n|-miss|p1a: Togekiss|p2a: Scizor\n|move|p2a: Scizor|Swords Dance|p2a: Scizor\n|-boost|p2a: Scizor|atk|2\n|\n|upkeep\n|turn|9\n|c|\u2606ouiouinocacanobaka|Hate you mother fucker\n|\n|t:|1700908625\n|cant|p2a: Scizor|par\n|move|p1a: Togekiss|Air Slash|p2a: Scizor\n|-crit|p2a: Scizor\n|-damage|p2a: Scizor|58\/100 par\n|\n|upkeep\n|turn|10\n|\n|t:|1700908632\n|move|p2a: Scizor|Bullet Punch|p1a: Togekiss\n|-resisted|p1a: Togekiss\n|-damage|p1a: Togekiss|43\/100\n|move|p1a: Togekiss|Air Slash|p2a: Scizor\n|-damage|p2a: Scizor|28\/100 par\n|\n|upkeep\n|turn|11\n|c|\u2606ouiouinocacanobaka|Air slach + para\n|c|\u2606ouiouinocacanobaka|Togekiss\n|\n|t:|1700908650\n|move|p2a: Scizor|Bullet Punch|p1a: Togekiss\n|-resisted|p1a: Togekiss\n|-damage|p1a: Togekiss|0 fnt\n|faint|p1a: Togekiss\n|\n|upkeep\n|\n|t:|1700908666\n|switch|p1a: Togedemaru|Togedemaru, L1, M|100\/100\n|turn|12\n|\n|t:|1700908673\n|move|p2a: Scizor|Bullet Punch|p1a: Togedemaru\n|-resisted|p1a: Togedemaru\n|-ability|p1a: Togedemaru|Sturdy\n|-damage|p1a: Togedemaru|9\/100\n|move|p1a: Togedemaru|Endeavor|p2a: Scizor\n|-damage|p2a: Scizor|1\/100 par\n|-heal|p1a: Togedemaru|100\/100|[from] item: Shell Bell|[of] p2a: Scizor\n|\n|upkeep\n|turn|13\n|inactive|ouiouinocacanobaka has 120 seconds left.\n|\n|t:|1700908720\n|move|p1a: Togedemaru|Spiky Shield|p1a: Togedemaru\n|-singleturn|p1a: Togedemaru|move: Protect\n|move|p2a: Scizor|Bullet Punch|p1a: Togedemaru\n|-activate|p1a: Togedemaru|move: Protect\n|-damage|p2a: Scizor|0 fnt|[from] Spiky Shield|[of] p1a: Togedemaru\n|faint|p2a: Scizor\n|\n|upkeep\n|\n|t:|1700908723\n|switch|p2a: Iron Moth|Iron Moth|100\/100\n|turn|14\n|\n|t:|1700908733\n|move|p2a: Iron Moth|Fiery Dance|p1a: Togedemaru\n|-supereffective|p1a: Togedemaru\n|-ability|p1a: Togedemaru|Sturdy\n|-damage|p1a: Togedemaru|9\/100\n|-boost|p2a: Iron Moth|spa|1\n|move|p1a: Togedemaru|Endeavor|p2a: Iron Moth\n|-damage|p2a: Iron Moth|1\/100\n|-heal|p1a: Togedemaru|100\/100|[from] item: Shell Bell|[of] p2a: Iron Moth\n|\n|-heal|p2a: Iron Moth|7\/100|[from] item: Leftovers\n|upkeep\n|turn|15\n|\n|t:|1700908741\n|switch|p1a: Tyranitar|Tyranitar-Mega, F|85\/100\n|-weather|Sandstorm|[from] ability: Sand Stream|[of] p1a: Tyranitar\n|move|p2a: Iron Moth|Fiery Dance|p1a: Tyranitar\n|-resisted|p1a: Tyranitar\n|-damage|p1a: Tyranitar|71\/100\n|\n|-weather|Sandstorm|[upkeep]\n|-damage|p2a: Iron Moth|1\/100|[from] Sandstorm\n|-heal|p2a: Iron Moth|7\/100|[from] item: Leftovers\n|upkeep\n|turn|16\n|\n|t:|1700908750\n|-end|p2a: Iron Moth|Quark Drive|[silent]\n|switch|p2a: Landorus|Landorus-Therian, M|100\/100\n|-ability|p2a: Landorus|Intimidate|boost\n|-unboost|p1a: Tyranitar|atk|1\n|move|p1a: Tyranitar|Crunch|p2a: Landorus\n|-damage|p2a: Landorus|76\/100\n|-unboost|p2a: Landorus|def|1\n|-damage|p1a: Tyranitar|54\/100|[from] item: Rocky Helmet|[of] p2a: Landorus\n|\n|-weather|Sandstorm|[upkeep]\n|upkeep\n|turn|17\n|\n|t:|1700908758\n|move|p2a: Landorus|Earthquake|p1a: Tyranitar\n|-supereffective|p1a: Tyranitar\n|-crit|p1a: Tyranitar\n|-damage|p1a: Tyranitar|0 fnt\n|faint|p1a: Tyranitar\n|\n|-weather|Sandstorm|[upkeep]\n|upkeep\n|\n|t:|1700908763\n|switch|p1a: Serperior|Serperior, F|100\/100\n|turn|18\n|\n|t:|1700908771\n|switch|p2a: Tapu Koko|Tapu Koko|100\/100\n|-fieldstart|move: Electric Terrain|[from] ability: Electric Surge|[of] p2a: Tapu Koko\n|move|p1a: Serperior|Leaf Storm|p2a: Tapu Koko\n|-damage|p2a: Tapu Koko|26\/100\n|-boost|p1a: Serperior|spa|2\n|\n|-weather|Sandstorm|[upkeep]\n|-damage|p2a: Tapu Koko|20\/100|[from] Sandstorm\n|-damage|p1a: Serperior|94\/100|[from] Sandstorm\n|upkeep\n|turn|19\n|\n|t:|1700908788\n|move|p2a: Tapu Koko|Hidden Power|p1a: Serperior\n|-supereffective|p1a: Serperior\n|-damage|p1a: Serperior|64\/100\n|move|p1a: Serperior|Giga Drain|p2a: Tapu Koko\n|-damage|p2a: Tapu Koko|0 fnt\n|-heal|p1a: Serperior|74\/100|[from] drain|[of] p2a: Tapu Koko\n|faint|p2a: Tapu Koko\n|\n|-weather|none\n|upkeep\n|\n|t:|1700908810\n|switch|p2a: Iron Moth|Iron Moth|7\/100\n|-activate|p2a: Iron Moth|ability: Quark Drive\n|-start|p2a: Iron Moth|quarkdrivespe\n|turn|20\n|\n|t:|1700908815\n|move|p2a: Iron Moth|Fiery Dance|p1a: Serperior\n|-supereffective|p1a: Serperior\n|-damage|p1a: Serperior|12\/100\n|-boost|p2a: Iron Moth|spa|1\n|move|p1a: Serperior|Hidden Power|p2a: Iron Moth\n|-supereffective|p2a: Iron Moth\n|-crit|p2a: Iron Moth\n|-damage|p2a: Iron Moth|0 fnt\n|faint|p2a: Iron Moth\n|-end|p2a: Iron Moth|Quark Drive|[silent]\n|\n|upkeep\n|l|\u2606ouiouinocacanobaka\n|inactive|ouiouinocacanobaka disconnected and has a minute to reconnect!\n|player|p2|\n|inactive|ouiouinocacanobaka has 30 seconds to reconnect!\n|inactive|ouiouinocacanobaka has 20 seconds to reconnect!\n|inactive|ouiouinocacanobaka has 15 seconds to reconnect!\n|inactive|ouiouinocacanobaka has 10 seconds to reconnect!\n|inactive|ouiouinocacanobaka has 5 seconds to reconnect!\n|-message|ouiouinocacanobaka lost due to inactivity.\n|\n|win|mathmath34\n|raw|mathmath34's rating: 1363 &rarr; <strong>1381<\/strong><br \/>(+18 for winning)\n|raw|ouiouinocacanobaka's rating: 1324 &rarr; <strong>1306<\/strong><br \/>(-18 for losing)\n","uploadtime":1700908623,"views":1,"p1id":"mathmath34","p2id":"ouiouinocacanobaka","formatid":"gen9nationaldex","rating":1306,"private":0,"password":""}