{"id":"gen9nationaldex-1987187476","p1":"davinls","p2":"vimassageparlordD","format":"[Gen 9] National Dex","log":"|j|\u2606davinls\n|j|\u2606vimassageparlordD\n|t:|1699563496\n|gametype|singles\n|player|p1|davinls|fisherman|1075\n|player|p2|vimassageparlordD|ghetsis|1137\n|teamsize|p1|6\n|teamsize|p2|6\n|gen|9\n|tier|[Gen 9] National Dex\n|rated|\n|rule|HP Percentage Mod: HP is shown in percentages\n|rule|Endless Battle Clause: Forcing endless battles is banned\n|rule|OHKO Clause: OHKO moves are banned\n|rule|Evasion Clause: Evasion abilities, items, and moves are banned\n|rule|Evasion Abilities Clause: Evasion abilities are banned\n|rule|Evasion Items Clause: Evasion items are banned\n|rule|Evasion Moves Clause: Evasion moves are banned\n|rule|Species Clause: Limit one of each Pok\u00e9mon\n|rule|Sleep Clause Mod: Limit one foe put to sleep\n|clearpoke\n|poke|p1|Gliscor, F|\n|poke|p1|Chansey, F|\n|poke|p1|Volcarona, M|\n|poke|p1|Rotom-Wash|\n|poke|p1|Amoonguss, M|\n|poke|p1|Corviknight, M|\n|poke|p2|Salazzle, F|\n|poke|p2|Magnemite, L1|\n|poke|p2|Probopass, L2, M|\n|poke|p2|Mandibuzz, F|\n|poke|p2|Nosepass, L1, F|\n|poke|p2|Tentacruel, F|\n|teampreview\n|inactive|Battle timer is ON: inactive players will automatically lose when time's up. (requested by davinls)\n|\n|t:|1699563500\n|start\n|switch|p1a: Chansey|Chansey, F|100\/100\n|switch|p2a: Sh\ud83d\udca9tsquid|Tentacruel, F|100\/100\n|turn|1\n|\n|t:|1699563506\n|move|p2a: Sh\ud83d\udca9tsquid|Knock Off|p1a: Chansey\n|-damage|p1a: Chansey|91\/100\n|-enditem|p1a: Chansey|Eviolite|[from] move: Knock Off|[of] p2a: Sh\ud83d\udca9tsquid\n|move|p1a: Chansey|Thunder Wave|p2a: Sh\ud83d\udca9tsquid\n|-status|p2a: Sh\ud83d\udca9tsquid|par\n|\n|upkeep\n|turn|2\n|\n|t:|1699563515\n|move|p2a: Sh\ud83d\udca9tsquid|Toxic|p1a: Chansey\n|-status|p1a: Chansey|tox\n|move|p1a: Chansey|Seismic Toss|p2a: Sh\ud83d\udca9tsquid\n|-damage|p2a: Sh\ud83d\udca9tsquid|73\/100 par\n|\n|-heal|p2a: Sh\ud83d\udca9tsquid|79\/100 par|[from] item: Leftovers\n|-damage|p1a: Chansey|85\/100 tox|[from] psn\n|upkeep\n|turn|3\n|\n|t:|1699563528\n|-curestatus|p1a: Chansey|tox|[from] ability: Natural Cure\n|switch|p1a: Gliscor|Gliscor, F|100\/100\n|move|p2a: Sh\ud83d\udca9tsquid|Knock Off|p1a: Gliscor\n|-damage|p1a: Gliscor|87\/100\n|-enditem|p1a: Gliscor|Toxic Orb|[from] move: Knock Off|[of] p2a: Sh\ud83d\udca9tsquid\n|\n|-heal|p2a: Sh\ud83d\udca9tsquid|85\/100 par|[from] item: Leftovers\n|upkeep\n|turn|4\n|\n|t:|1699563539\n|-terastallize|p2a: Sh\ud83d\udca9tsquid|Flying\n|move|p1a: Gliscor|Earthquake|p2a: Sh\ud83d\udca9tsquid\n|-immune|p2a: Sh\ud83d\udca9tsquid\n|move|p2a: Sh\ud83d\udca9tsquid|Scald|p1a: Gliscor\n|-supereffective|p1a: Gliscor\n|-damage|p1a: Gliscor|35\/100\n|-status|p1a: Gliscor|brn\n|\n|-heal|p2a: Sh\ud83d\udca9tsquid|91\/100 par|[from] item: Leftovers\n|-damage|p1a: Gliscor|29\/100 brn|[from] brn\n|upkeep\n|turn|5\n|\n|t:|1699563556\n|move|p1a: Gliscor|Facade|p2a: Sh\ud83d\udca9tsquid\n|-damage|p2a: Sh\ud83d\udca9tsquid|48\/100 par\n|move|p2a: Sh\ud83d\udca9tsquid|Toxic||[still]\n|-fail|p2a: Sh\ud83d\udca9tsquid\n|\n|-heal|p2a: Sh\ud83d\udca9tsquid|54\/100 par|[from] item: Leftovers\n|-damage|p1a: Gliscor|22\/100 brn|[from] brn\n|upkeep\n|turn|6\n|\n|t:|1699563567\n|move|p1a: Gliscor|Facade|p2a: Sh\ud83d\udca9tsquid\n|-damage|p2a: Sh\ud83d\udca9tsquid|7\/100 par\n|move|p2a: Sh\ud83d\udca9tsquid|Scald|p1a: Gliscor\n|-supereffective|p1a: Gliscor\n|-damage|p1a: Gliscor|0 fnt\n|faint|p1a: Gliscor\n|\n|-heal|p2a: Sh\ud83d\udca9tsquid|13\/100 par|[from] item: Leftovers\n|upkeep\n|\n|t:|1699563583\n|switch|p1a: Corviknight|Corviknight, M|100\/100\n|-ability|p1a: Corviknight|Pressure\n|turn|7\n|\n|t:|1699563595\n|move|p1a: Corviknight|Brave Bird|p2a: Sh\ud83d\udca9tsquid\n|-damage|p2a: Sh\ud83d\udca9tsquid|0 fnt\n|faint|p2a: Sh\ud83d\udca9tsquid\n|-damage|p1a: Corviknight|96\/100|[from] Recoil\n|\n|upkeep\n|\n|t:|1699563597\n|switch|p2a: No Fun Allowed|Salazzle, F|100\/100\n|turn|8\n|\n|t:|1699563609\n|move|p2a: No Fun Allowed|Substitute|p2a: No Fun Allowed\n|-start|p2a: No Fun Allowed|Substitute\n|-damage|p2a: No Fun Allowed|76\/100\n|move|p1a: Corviknight|Brave Bird|p2a: No Fun Allowed\n|-end|p2a: No Fun Allowed|Substitute\n|-damage|p1a: Corviknight|91\/100|[from] Recoil|[of] p2a: No Fun Allowed\n|\n|-heal|p2a: No Fun Allowed|82\/100|[from] item: Leftovers\n|upkeep\n|turn|9\n|\n|t:|1699563619\n|move|p2a: No Fun Allowed|Protect|p2a: No Fun Allowed\n|-singleturn|p2a: No Fun Allowed|Protect\n|move|p1a: Corviknight|Brave Bird|p2a: No Fun Allowed\n|-activate|p2a: No Fun Allowed|move: Protect\n|\n|-heal|p2a: No Fun Allowed|88\/100|[from] item: Leftovers\n|upkeep\n|turn|10\n|\n|t:|1699563647\n|move|p2a: No Fun Allowed|Toxic|p1a: Corviknight\n|-status|p1a: Corviknight|tox\n|move|p1a: Corviknight|Brave Bird|p2a: No Fun Allowed\n|-damage|p2a: No Fun Allowed|10\/100\n|-damage|p1a: Corviknight|73\/100 tox|[from] Recoil\n|\n|-heal|p2a: No Fun Allowed|16\/100|[from] item: Leftovers\n|-damage|p1a: Corviknight|67\/100 tox|[from] psn\n|upkeep\n|turn|11\n|\n|t:|1699563663\n|switch|p1a: Chansey|Chansey, F|85\/100\n|move|p2a: No Fun Allowed|Protect||[still]\n|-fail|p2a: No Fun Allowed\n|\n|-heal|p2a: No Fun Allowed|22\/100|[from] item: Leftovers\n|upkeep\n|turn|12\n|\n|t:|1699563673\n|switch|p2a: Literally Level 1|Magnemite, L1|100\/100\n|move|p1a: Chansey|Seismic Toss|p2a: Literally Level 1\n|-ability|p2a: Literally Level 1|Sturdy\n|-damage|p2a: Literally Level 1|10\/100\n|-enditem|p2a: Literally Level 1|Berry Juice\n|-heal|p2a: Literally Level 1|100\/100|[from] item: Berry Juice\n|\n|upkeep\n|turn|13\n|\n|t:|1699563687\n|switch|p1a: Corviknight|Corviknight, M|67\/100 tox\n|-ability|p1a: Corviknight|Pressure\n|move|p2a: Literally Level 1|Recycle|p2a: Literally Level 1\n|-item|p2a: Literally Level 1|Berry Juice|[from] move: Recycle\n|\n|-damage|p1a: Corviknight|60\/100 tox|[from] psn\n|upkeep\n|turn|14\n|\n|t:|1699563702\n|switch|p2a: Click the \u274c|Nosepass, L1, F, shiny|100\/100\n|move|p1a: Corviknight|Body Press|p2a: Click the \u274c\n|-supereffective|p2a: Click the \u274c\n|-ability|p2a: Click the \u274c|Sturdy\n|-damage|p2a: Click the \u274c|10\/100\n|-enditem|p2a: Click the \u274c|Berry Juice\n|-heal|p2a: Click the \u274c|100\/100|[from] item: Berry Juice\n|\n|-damage|p1a: Corviknight|48\/100 tox|[from] psn\n|upkeep\n|turn|15\n|\n|t:|1699563715\n|move|p1a: Corviknight|Roost|p1a: Corviknight\n|-heal|p1a: Corviknight|98\/100 tox\n|-singleturn|p1a: Corviknight|move: Roost\n|move|p2a: Click the \u274c|Pain Split|p1a: Corviknight\n|-sethp|p1a: Corviknight|50\/100 tox|[from] move: Pain Split|[silent]\n|-sethp|p2a: Click the \u274c|100\/100|[from] move: Pain Split\n|\n|-damage|p1a: Corviknight|32\/100 tox|[from] psn\n|upkeep\n|turn|16\n|\n|t:|1699563726\n|move|p1a: Corviknight|Body Press|p2a: Click the \u274c\n|-supereffective|p2a: Click the \u274c\n|-ability|p2a: Click the \u274c|Sturdy\n|-damage|p2a: Click the \u274c|10\/100\n|move|p2a: Click the \u274c|Pain Split|p1a: Corviknight\n|-sethp|p1a: Corviknight|16\/100 tox|[from] move: Pain Split|[silent]\n|-sethp|p2a: Click the \u274c|100\/100|[from] move: Pain Split\n|\n|-damage|p1a: Corviknight|0 fnt|[from] psn\n|faint|p1a: Corviknight\n|upkeep\n|\n|t:|1699563740\n|switch|p1a: Amoonguss|Amoonguss, M|100\/100\n|turn|17\n|\n|t:|1699563750\n|switch|p2a: Sh\ud83d\udca9tbird|Mandibuzz, F|100\/100\n|move|p1a: Amoonguss|Spore|p2a: Sh\ud83d\udca9tbird\n|-immune|p2a: Sh\ud83d\udca9tbird|[from] ability: Overcoat\n|\n|upkeep\n|turn|18\n|-message|davinls forfeited.\n|\n|win|vimassageparlordD\n|raw|davinls's rating: 1075 &rarr; <strong>1057<\/strong><br \/>(-18 for losing)\n|raw|vimassageparlordD's rating: 1124 &rarr; <strong>1145<\/strong><br \/>(+21 for winning)\n|l|\u2606davinls\n","uploadtime":1699563764,"views":5,"p1id":"davinls","p2id":"vimassageparlordd","formatid":"gen9nationaldex","rating":1057,"private":0,"password":""}