{"id":"gen9nationaldex-1988912044","p1":"Familsy.","p2":"baigu","format":"[Gen 9] National Dex","log":"|j|\u2606Familsy.\n|j|\u2606baigu\n|t:|1699786361\n|gametype|singles\n|player|p1|Familsy.|lady|1595\n|player|p2|baigu|dawn|1729\n|teamsize|p1|6\n|teamsize|p2|6\n|gen|9\n|tier|[Gen 9] National Dex\n|rated|\n|rule|HP Percentage Mod: HP is shown in percentages\n|rule|Endless Battle Clause: Forcing endless battles is banned\n|rule|OHKO Clause: OHKO moves are banned\n|rule|Evasion Clause: Evasion abilities, items, and moves are banned\n|rule|Evasion Abilities Clause: Evasion abilities are banned\n|rule|Evasion Items Clause: Evasion items are banned\n|rule|Evasion Moves Clause: Evasion moves are banned\n|rule|Species Clause: Limit one of each Pok\u00e9mon\n|rule|Sleep Clause Mod: Limit one foe put to sleep\n|clearpoke\n|poke|p1|Ferrothorn, M|\n|poke|p1|Hoopa-Unbound|\n|poke|p1|Clodsire, F|\n|poke|p1|Diancie|\n|poke|p1|Zapdos|\n|poke|p1|Zamazenta-*|\n|poke|p2|Ursaluna, F|\n|poke|p2|Dragonite, M|\n|poke|p2|Slowking, F|\n|poke|p2|Tapu Koko|\n|poke|p2|Hoopa-Unbound|\n|poke|p2|Great Tusk|\n|teampreview\n|inactive|Battle timer is ON: inactive players will automatically lose when time's up. (requested by Familsy.)\n|\n|t:|1699786399\n|start\n|switch|p1a: Diancie|Diancie|100\/100\n|switch|p2a: Great Tusk|Great Tusk|100\/100\n|turn|1\n|\n|t:|1699786408\n|detailschange|p1a: Diancie|Diancie-Mega\n|-mega|p1a: Diancie|Diancie|Diancite\n|-terastallize|p2a: Great Tusk|Steel\n|move|p1a: Diancie|Moonblast|p2a: Great Tusk\n|-resisted|p2a: Great Tusk\n|-damage|p2a: Great Tusk|71\/100\n|-unboost|p2a: Great Tusk|spa|1\n|move|p2a: Great Tusk|Headlong Rush|p1a: Diancie\n|-supereffective|p1a: Diancie\n|-damage|p1a: Diancie|0 fnt\n|-unboost|p2a: Great Tusk|def|1\n|-unboost|p2a: Great Tusk|spd|1\n|faint|p1a: Diancie\n|\n|upkeep\n|\n|t:|1699786416\n|switch|p1a: Zamazenta|Zamazenta|100\/100\n|-ability|p1a: Zamazenta|Dauntless Shield|boost\n|-boost|p1a: Zamazenta|def|1\n|turn|2\n|\n|t:|1699786423\n|-end|p2a: Great Tusk|Protosynthesis|[silent]\n|switch|p2a: Tapu Koko|Tapu Koko|100\/100\n|-fieldstart|move: Electric Terrain|[from] ability: Electric Surge|[of] p2a: Tapu Koko\n|move|p1a: Zamazenta|Substitute|p1a: Zamazenta\n|-start|p1a: Zamazenta|Substitute\n|-damage|p1a: Zamazenta|76\/100\n|\n|-heal|p1a: Zamazenta|82\/100|[from] item: Leftovers\n|upkeep\n|turn|3\n|\n|t:|1699786431\n|move|p2a: Tapu Koko|Dazzling Gleam|p1a: Zamazenta\n|-supereffective|p1a: Zamazenta\n|-end|p1a: Zamazenta|Substitute\n|move|p1a: Zamazenta|Body Press|p2a: Tapu Koko\n|-resisted|p2a: Tapu Koko\n|-damage|p2a: Tapu Koko|57\/100\n|\n|-heal|p1a: Zamazenta|88\/100|[from] item: Leftovers\n|upkeep\n|turn|4\n|\n|t:|1699786441\n|switch|p2a: Ursaluna|Ursaluna, F|100\/100\n|switch|p1a: Ferrothorn|Ferrothorn, M|100\/100\n|\n|-status|p2a: Ursaluna|brn|[from] item: Flame Orb\n|upkeep\n|turn|5\n|\n|t:|1699786452\n|move|p2a: Ursaluna|Fire Punch|p1a: Ferrothorn\n|-supereffective|p1a: Ferrothorn\n|-damage|p1a: Ferrothorn|0 fnt\n|-damage|p2a: Ursaluna|88\/100 brn|[from] ability: Iron Barbs|[of] p1a: Ferrothorn\n|faint|p1a: Ferrothorn\n|\n|-damage|p2a: Ursaluna|82\/100 brn|[from] brn\n|upkeep\n|\n|t:|1699786457\n|switch|p1a: Hoopa|Hoopa-Unbound|100\/100\n|turn|6\n|\n|t:|1699786484\n|switch|p2a: Hoopa|Hoopa-Unbound|100\/100\n|move|p1a: Hoopa|Hyperspace Fury|p2a: Hoopa\n|-damage|p2a: Hoopa|0 fnt\n|-unboost|p1a: Hoopa|def|1\n|faint|p2a: Hoopa\n|\n|-fieldend|move: Electric Terrain\n|upkeep\n|\n|t:|1699786488\n|switch|p2a: Dragonite|Dragonite, M|100\/100\n|turn|7\n|\n|t:|1699786498\n|switch|p1a: Zamazenta|Zamazenta|88\/100\n|move|p2a: Dragonite|Outrage|p1a: Zamazenta\n|-damage|p1a: Zamazenta|29\/100\n|\n|-heal|p1a: Zamazenta|35\/100|[from] item: Leftovers\n|upkeep\n|turn|8\n|\n|t:|1699786507\n|switch|p1a: Zapdos|Zapdos|100\/100\n|move|p2a: Dragonite|Outrage|p1a: Zapdos|[from]lockedmove\n|-damage|p1a: Zapdos|32\/100\n|-status|p2a: Dragonite|par|[from] ability: Static|[of] p1a: Zapdos\n|-start|p2a: Dragonite|confusion|[fatigue]\n|\n|upkeep\n|turn|9\n|\n|t:|1699786514\n|move|p1a: Zapdos|Roost|p1a: Zapdos\n|-heal|p1a: Zapdos|82\/100\n|-singleturn|p1a: Zapdos|move: Roost\n|-activate|p2a: Dragonite|confusion\n|move|p2a: Dragonite|Outrage|p1a: Zapdos\n|-damage|p1a: Zapdos|12\/100\n|\n|upkeep\n|turn|10\n|\n|t:|1699786522\n|move|p1a: Zapdos|Roost|p1a: Zapdos\n|-heal|p1a: Zapdos|62\/100\n|-singleturn|p1a: Zapdos|move: Roost\n|-activate|p2a: Dragonite|confusion\n|move|p2a: Dragonite|Outrage|p1a: Zapdos|[from]lockedmove\n|-damage|p1a: Zapdos|0 fnt\n|faint|p1a: Zapdos\n|\n|upkeep\n|\n|t:|1699786535\n|switch|p1a: Zamazenta|Zamazenta|35\/100\n|turn|11\n|\n|t:|1699786541\n|move|p1a: Zamazenta|Iron Defense|p1a: Zamazenta\n|-boost|p1a: Zamazenta|def|2\n|-end|p2a: Dragonite|confusion\n|move|p2a: Dragonite|Outrage|p1a: Zamazenta|[from]lockedmove\n|-damage|p1a: Zamazenta|4\/100\n|-start|p2a: Dragonite|confusion|[fatigue]\n|\n|-heal|p1a: Zamazenta|10\/100|[from] item: Leftovers\n|upkeep\n|turn|12\n|\n|t:|1699786555\n|switch|p2a: Slowking|Slowking, F|100\/100\n|move|p1a: Zamazenta|Body Press|p2a: Slowking\n|-resisted|p2a: Slowking\n|-damage|p2a: Slowking|59\/100\n|\n|-heal|p1a: Zamazenta|16\/100|[from] item: Leftovers\n|upkeep\n|turn|13\n|\n|t:|1699786562\n|move|p1a: Zamazenta|Crunch|p2a: Slowking\n|-supereffective|p2a: Slowking\n|-damage|p2a: Slowking|11\/100\n|move|p2a: Slowking|Scald|p1a: Zamazenta\n|-damage|p1a: Zamazenta|0 fnt\n|faint|p1a: Zamazenta\n|\n|upkeep\n|\n|t:|1699786573\n|switch|p1a: Hoopa|Hoopa-Unbound|100\/100\n|turn|14\n|\n|t:|1699786578\n|move|p1a: Hoopa|Hyperspace Fury|p2a: Slowking\n|-supereffective|p2a: Slowking\n|-damage|p2a: Slowking|0 fnt\n|-unboost|p1a: Hoopa|def|1\n|faint|p2a: Slowking\n|\n|upkeep\n|\n|t:|1699786580\n|switch|p2a: Great Tusk|Great Tusk, tera:Steel|71\/100\n|turn|15\n|\n|t:|1699786587\n|-terastallize|p1a: Hoopa|Dark\n|move|p1a: Hoopa|Hyperspace Fury|p2a: Great Tusk\n|-damage|p2a: Great Tusk|0 fnt\n|-unboost|p1a: Hoopa|def|1\n|faint|p2a: Great Tusk\n|-end|p2a: Great Tusk|Protosynthesis|[silent]\n|\n|upkeep\n|\n|t:|1699786593\n|switch|p2a: Tapu Koko|Tapu Koko|57\/100\n|-fieldstart|move: Electric Terrain|[from] ability: Electric Surge|[of] p2a: Tapu Koko\n|turn|16\n|\n|t:|1699786597\n|switch|p1a: Clodsire|Clodsire, F|100\/100\n|move|p2a: Tapu Koko|U-turn|p1a: Clodsire\n|-resisted|p1a: Clodsire\n|-damage|p1a: Clodsire|92\/100\n|\n|t:|1699786599\n|switch|p2a: Ursaluna|Ursaluna, F|82\/100 brn|[from] U-turn\n|\n|-heal|p1a: Clodsire|99\/100|[from] item: Leftovers\n|-damage|p2a: Ursaluna|75\/100 brn|[from] brn\n|upkeep\n|turn|17\n|\n|t:|1699786607\n|move|p2a: Ursaluna|Facade|p1a: Clodsire\n|-damage|p1a: Clodsire|0 fnt\n|faint|p1a: Clodsire\n|\n|-damage|p2a: Ursaluna|69\/100 brn|[from] brn\n|upkeep\n|\n|t:|1699786612\n|switch|p1a: Hoopa|Hoopa-Unbound, tera:Dark|100\/100\n|turn|18\n|\n|t:|1699786617\n|move|p1a: Hoopa|Hyperspace Fury|p2a: Ursaluna\n|-damage|p2a: Ursaluna|0 fnt\n|-unboost|p1a: Hoopa|def|1\n|faint|p2a: Ursaluna\n|\n|upkeep\n|\n|t:|1699786622\n|switch|p2a: Dragonite|Dragonite, M|100\/100 par\n|turn|19\n|\n|t:|1699786624\n|move|p2a: Dragonite|Extreme Speed|p1a: Hoopa\n|-damage|p1a: Hoopa|0 fnt\n|faint|p1a: Hoopa\n|\n|win|baigu\n|raw|Familsy.'s rating: 1595 &rarr; <strong>1582<\/strong><br \/>(-13 for losing)\n|raw|baigu's rating: 1729 &rarr; <strong>1742<\/strong><br \/>(+13 for winning)\n|l|\u2606Familsy.\n","uploadtime":1699786629,"views":14,"p1id":"familsy","p2id":"baigu","formatid":"gen9nationaldex","rating":1582,"private":0,"password":""}