{"id":"gen9nationaldex-1992144519","p1":"LipeZero","p2":"CAAUG","format":"[Gen 9] National Dex","log":"|j|\u2606LipeZero\n|j|\u203dCAAUG\n|t:|1700158716\n|gametype|singles\n|player|p1|LipeZero|n|1136\n|player|p2|CAAUG|richboy|1188\n|teamsize|p1|6\n|teamsize|p2|6\n|gen|9\n|tier|[Gen 9] National Dex\n|rated|\n|rule|HP Percentage Mod: HP is shown in percentages\n|rule|Endless Battle Clause: Forcing endless battles is banned\n|rule|OHKO Clause: OHKO moves are banned\n|rule|Evasion Clause: Evasion abilities, items, and moves are banned\n|rule|Evasion Abilities Clause: Evasion abilities are banned\n|rule|Evasion Items Clause: Evasion items are banned\n|rule|Evasion Moves Clause: Evasion moves are banned\n|rule|Species Clause: Limit one of each Pok\u00e9mon\n|rule|Sleep Clause Mod: Limit one foe put to sleep\n|clearpoke\n|poke|p1|Torkoal, M|\n|poke|p1|Infernape, M|\n|poke|p1|Scizor, F|\n|poke|p1|Gallade, M|\n|poke|p1|Ceruledge, M|\n|poke|p1|Houndoom, F|\n|poke|p2|Salamence, F|\n|poke|p2|Scizor, F|\n|poke|p2|Sableye, F|\n|poke|p2|Milotic, F|\n|poke|p2|Sceptile, F|\n|poke|p2|Hariyama, M|\n|teampreview\n|inactive|Battle timer is ON: inactive players will automatically lose when time's up. (requested by CAAUG)\n|\n|t:|1700158721\n|start\n|switch|p1a: Rafael|Torkoal, M|100\/100\n|switch|p2a: Sableye|Sableye, F|100\/100\n|-weather|SunnyDay|[from] ability: Drought|[of] p1a: Rafael\n|turn|1\n|\n|t:|1700158734\n|detailschange|p2a: Sableye|Sableye-Mega, F\n|-mega|p2a: Sableye|Sableye|Sablenite\n|move|p1a: Rafael|Yawn|p2a: Sableye\n|move|p2a: Sableye|Yawn|p1a: Rafael|[from]ability: Magic Bounce\n|-start|p1a: Rafael|move: Yawn|[of] p2a: Sableye\n|move|p2a: Sableye|Knock Off|p1a: Rafael\n|-damage|p1a: Rafael|79\/100\n|-enditem|p1a: Rafael|Heat Rock|[from] move: Knock Off|[of] p2a: Sableye\n|\n|-weather|SunnyDay|[upkeep]\n|upkeep\n|turn|2\n|\n|t:|1700158748\n|switch|p1a: Victor|Ceruledge, M, shiny|100\/100\n|move|p2a: Sableye|Foul Play|p1a: Victor\n|-supereffective|p1a: Victor\n|-damage|p1a: Victor|0 fnt\n|faint|p1a: Victor\n|\n|-weather|SunnyDay|[upkeep]\n|upkeep\n|\n|t:|1700158769\n|switch|p1a: Sun|Infernape, M|100\/100\n|turn|3\n|\n|t:|1700158778\n|-terastallize|p1a: Sun|Fire\n|move|p1a: Sun|Fire Punch|p2a: Sableye\n|-damage|p2a: Sableye|32\/100\n|-status|p2a: Sableye|brn\n|move|p2a: Sableye|Counter|p1a: Sun\n|-damage|p1a: Sun|0 fnt\n|faint|p1a: Sun\n|\n|-weather|SunnyDay|[upkeep]\n|-damage|p2a: Sableye|26\/100 brn|[from] brn\n|upkeep\n|\n|t:|1700158790\n|switch|p1a: Vagabunda|Scizor, F, shiny|100\/100\n|turn|4\n|\n|t:|1700158797\n|move|p1a: Vagabunda|Trailblaze|p2a: Sableye\n|-crit|p2a: Sableye\n|-damage|p2a: Sableye|0 fnt\n|-boost|p1a: Vagabunda|spe|1\n|faint|p2a: Sableye\n|-damage|p1a: Vagabunda|91\/100|[from] item: Life Orb\n|\n|-weather|SunnyDay|[upkeep]\n|upkeep\n|\n|t:|1700158811\n|switch|p2a: Sceptile|Sceptile, F|100\/100\n|turn|5\n|\n|t:|1700158820\n|move|p1a: Vagabunda|Dual Wingbeat|p2a: Sceptile\n|-supereffective|p2a: Sceptile\n|-damage|p2a: Sceptile|26\/100\n|-supereffective|p2a: Sceptile\n|-damage|p2a: Sceptile|0 fnt\n|faint|p2a: Sceptile\n|-hitcount|p2: Sceptile|2\n|-damage|p1a: Vagabunda|81\/100|[from] item: Life Orb\n|\n|-weather|SunnyDay|[upkeep]\n|upkeep\n|\n|t:|1700158835\n|switch|p2a: Scizor|Scizor, F|100\/100\n|turn|6\n|\n|t:|1700158841\n|move|p1a: Vagabunda|Dual Wingbeat|p2a: Scizor\n|-damage|p2a: Scizor|68\/100\n|-damage|p2a: Scizor|36\/100\n|-hitcount|p2a: Scizor|2\n|-damage|p1a: Vagabunda|71\/100|[from] item: Life Orb\n|move|p2a: Scizor|Knock Off|p1a: Vagabunda\n|-damage|p1a: Vagabunda|15\/100\n|-enditem|p1a: Vagabunda|Life Orb|[from] move: Knock Off|[of] p2a: Scizor\n|-damage|p2a: Scizor|26\/100|[from] item: Life Orb\n|\n|-weather|SunnyDay|[upkeep]\n|upkeep\n|turn|7\n|\n|t:|1700158854\n|move|p2a: Scizor|Bullet Punch|p1a: Vagabunda\n|-resisted|p1a: Vagabunda\n|-damage|p1a: Vagabunda|0 fnt\n|faint|p1a: Vagabunda\n|-damage|p2a: Scizor|17\/100|[from] item: Life Orb\n|\n|-weather|SunnyDay|[upkeep]\n|upkeep\n|\n|t:|1700158862\n|switch|p1a: Ludimilo|Gallade, M|100\/100\n|turn|8\n|\n|t:|1700158873\n|move|p2a: Scizor|Bullet Punch|p1a: Ludimilo\n|-damage|p1a: Ludimilo|19\/100\n|-damage|p2a: Scizor|7\/100|[from] item: Life Orb\n|move|p1a: Ludimilo|Psycho Cut|p2a: Scizor\n|-resisted|p2a: Scizor\n|-crit|p2a: Scizor\n|-damage|p2a: Scizor|0 fnt\n|faint|p2a: Scizor\n|\n|-weather|none\n|upkeep\n|\n|t:|1700158883\n|switch|p2a: Hariyama|Hariyama, M|100\/100\n|turn|9\n|\n|t:|1700158889\n|move|p1a: Ludimilo|Psycho Cut|p2a: Hariyama\n|-supereffective|p2a: Hariyama\n|-crit|p2a: Hariyama\n|-damage|p2a: Hariyama|0 fnt\n|faint|p2a: Hariyama\n|\n|upkeep\n|\n|t:|1700158895\n|switch|p2a: Salamence|Salamence, F, shiny|100\/100\n|turn|10\n|\n|t:|1700158900\n|-terastallize|p2a: Salamence|Fairy\n|move|p1a: Ludimilo|Psycho Cut|p2a: Salamence\n|-damage|p2a: Salamence|44\/100\n|move|p2a: Salamence|Dragon Dance|p2a: Salamence\n|-boost|p2a: Salamence|atk|1\n|-boost|p2a: Salamence|spe|1\n|\n|-heal|p2a: Salamence|50\/100|[from] item: Leftovers\n|upkeep\n|turn|11\n|\n|t:|1700158910\n|move|p1a: Ludimilo|Psycho Cut|p2a: Salamence\n|-damage|p2a: Salamence|0 fnt\n|faint|p2a: Salamence\n|\n|upkeep\n|\n|t:|1700158915\n|switch|p2a: Milotic|Milotic, F, shiny|100\/100\n|turn|12\n|\n|t:|1700158918\n|move|p1a: Ludimilo|Psycho Cut|p2a: Milotic\n|-damage|p2a: Milotic|42\/100\n|move|p2a: Milotic|Surf|p1a: Ludimilo\n|-damage|p1a: Ludimilo|0 fnt\n|faint|p1a: Ludimilo\n|\n|upkeep\n|\n|t:|1700158926\n|switch|p1a: Kalli|Houndoom, F|100\/100\n|turn|13\n|\n|t:|1700158930\n|detailschange|p1a: Kalli|Houndoom-Mega, F\n|-mega|p1a: Kalli|Houndoom|Houndoominite\n|move|p1a: Kalli|Dark Pulse|p2a: Milotic\n|-crit|p2a: Milotic\n|-damage|p2a: Milotic|0 fnt\n|faint|p2a: Milotic\n|\n|win|LipeZero\n|raw|LipeZero's rating: 1136 &rarr; <strong>1165<\/strong><br \/>(+29 for winning)\n|raw|CAAUG's rating: 1188 &rarr; <strong>1159<\/strong><br \/>(-29 for losing)\n|l|\u203dCAAUG\n|l|\u2606LipeZero\n|j|\u2606LipeZero\n|player|p1|LipeZero|n\n","uploadtime":1700159071,"views":15,"p1id":"lipezero","p2id":"caaug","formatid":"gen9nationaldex","rating":1159,"private":0,"password":""}