{"id":"gen9nationaldex-1992838855","p1":"testing a funni3","p2":"nooby 4 pvp","format":"[Gen 9] National Dex","log":"|j|\u2606testing a funni3\n|j|\u2606nooby 4 pvp\n|t:|1700239853\n|gametype|singles\n|player|p1|testing a funni3|unknownf|1464\n|player|p2|nooby 4 pvp|265|1359\n|teamsize|p1|6\n|teamsize|p2|6\n|gen|9\n|tier|[Gen 9] National Dex\n|rated|\n|rule|HP Percentage Mod: HP is shown in percentages\n|rule|Endless Battle Clause: Forcing endless battles is banned\n|rule|OHKO Clause: OHKO moves are banned\n|rule|Evasion Clause: Evasion abilities, items, and moves are banned\n|rule|Evasion Abilities Clause: Evasion abilities are banned\n|rule|Evasion Items Clause: Evasion items are banned\n|rule|Evasion Moves Clause: Evasion moves are banned\n|rule|Species Clause: Limit one of each Pok\u00e9mon\n|rule|Sleep Clause Mod: Limit one foe put to sleep\n|clearpoke\n|poke|p1|Latios, M|\n|poke|p1|Buzzwole|\n|poke|p1|Gliscor, F|\n|poke|p1|Weavile, F|\n|poke|p1|Heatran, F|\n|poke|p1|Ogerpon-Wellspring, F|\n|poke|p2|Excadrill, F|\n|poke|p2|Hawlucha, F|\n|poke|p2|Tapu Koko|\n|poke|p2|Pinsir, F|\n|poke|p2|Hoopa-Unbound|\n|poke|p2|Porygon2|\n|teampreview\n|inactive|Battle timer is ON: inactive players will automatically lose when time's up. (requested by nooby 4 pvp)\n|\n|t:|1700239860\n|start\n|switch|p1a: Weavile|Weavile, F|100\/100\n|switch|p2a: Excadrill|Excadrill, F|100\/100\n|-ability|p1a: Weavile|Pressure\n|-ability|p2a: Excadrill|Mold Breaker\n|turn|1\n|\n|t:|1700239867\n|move|p1a: Weavile|Triple Axel|p2a: Excadrill\n|-damage|p2a: Excadrill|79\/100\n|-damage|p2a: Excadrill|36\/100\n|-damage|p2a: Excadrill|0 fnt\n|faint|p2a: Excadrill\n|-hitcount|p2: Excadrill|3\n|\n|upkeep\n|\n|t:|1700239882\n|switch|p2a: Porygon2|Porygon2|100\/100\n|turn|2\n|\n|t:|1700239888\n|switch|p1a: Gliscor|Gliscor, F|100\/100\n|move|p2a: Porygon2|Thunderbolt|p1a: Gliscor\n|-immune|p1a: Gliscor\n|\n|-status|p1a: Gliscor|tox|[from] item: Toxic Orb\n|upkeep\n|turn|3\n|\n|t:|1700239894\n|move|p1a: Gliscor|Toxic|p2a: Porygon2\n|-status|p2a: Porygon2|tox\n|move|p2a: Porygon2|Ice Beam|p1a: Gliscor\n|-supereffective|p1a: Gliscor\n|-damage|p1a: Gliscor|4\/100 tox\n|\n|-heal|p1a: Gliscor|17\/100 tox|[from] ability: Poison Heal\n|-damage|p2a: Porygon2|94\/100 tox|[from] psn\n|upkeep\n|turn|4\n|inactive|nooby 4 pvp has 120 seconds left.\n|\n|t:|1700239949\n|switch|p1a: Heatran|Heatran, F|100\/100\n|move|p2a: Porygon2|Ice Beam|p1a: Heatran\n|-resisted|p1a: Heatran\n|-damage|p1a: Heatran|96\/100\n|\n|-heal|p1a: Heatran|100\/100|[from] item: Leftovers\n|-damage|p2a: Porygon2|82\/100 tox|[from] psn\n|upkeep\n|turn|5\n|\n|t:|1700239958\n|move|p1a: Heatran|Taunt|p2a: Porygon2\n|-start|p2a: Porygon2|move: Taunt\n|move|p2a: Porygon2|Thunderbolt|p1a: Heatran\n|-damage|p1a: Heatran|82\/100\n|\n|-heal|p1a: Heatran|88\/100|[from] item: Leftovers\n|-damage|p2a: Porygon2|64\/100 tox|[from] psn\n|upkeep\n|turn|6\n|\n|t:|1700239968\n|move|p1a: Heatran|Magma Storm|p2a: Porygon2\n|-damage|p2a: Porygon2|44\/100 tox\n|-activate|p2a: Porygon2|move: Magma Storm|[of] p1a: Heatran\n|move|p2a: Porygon2|Thunderbolt|p1a: Heatran\n|-damage|p1a: Heatran|70\/100\n|\n|-heal|p1a: Heatran|77\/100|[from] item: Leftovers\n|-damage|p2a: Porygon2|20\/100 tox|[from] psn\n|-damage|p2a: Porygon2|7\/100 tox|[from] move: Magma Storm|[partiallytrapped]\n|upkeep\n|turn|7\n|\n|t:|1700239973\n|move|p1a: Heatran|Stealth Rock|p2a: Porygon2\n|-sidestart|p2: nooby 4 pvp|move: Stealth Rock\n|move|p2a: Porygon2|Thunderbolt|p1a: Heatran\n|-damage|p1a: Heatran|59\/100\n|\n|-heal|p1a: Heatran|66\/100|[from] item: Leftovers\n|-damage|p2a: Porygon2|0 fnt|[from] psn\n|faint|p2a: Porygon2\n|upkeep\n|inactive|nooby 4 pvp has 120 seconds left.\n|\n|t:|1700239978\n|switch|p2a: Hoopa|Hoopa-Unbound|100\/100\n|-damage|p2a: Hoopa|88\/100|[from] Stealth Rock\n|turn|8\n|\n|t:|1700239985\n|switch|p1a: Buzzwole|Buzzwole|100\/100\n|move|p2a: Hoopa|Fling|p1a: Buzzwole\n|-resisted|p1a: Buzzwole\n|-damage|p1a: Buzzwole|95\/100\n|-status|p1a: Buzzwole|par\n|-enditem|p2a: Hoopa|Light Ball|[from] move: Fling\n|\n|upkeep\n|turn|9\n|\n|t:|1700240000\n|move|p2a: Hoopa|Gunk Shot|p1a: Buzzwole\n|-damage|p1a: Buzzwole|72\/100 par\n|-item|p2a: Hoopa|Heavy-Duty Boots|[from] ability: Magician|[of] p1a: Buzzwole\n|cant|p1a: Buzzwole|par\n|\n|upkeep\n|turn|10\n|inactive|nooby 4 pvp has 120 seconds left.\n|\n|t:|1700240031\n|move|p2a: Hoopa|Fling|p1a: Buzzwole\n|-resisted|p1a: Buzzwole\n|-damage|p1a: Buzzwole|60\/100 par\n|-enditem|p2a: Hoopa|Heavy-Duty Boots|[from] move: Fling\n|cant|p1a: Buzzwole|par\n|\n|upkeep\n|turn|11\n|\n|t:|1700240041\n|move|p2a: Hoopa|Gunk Shot|p1a: Buzzwole\n|-damage|p1a: Buzzwole|35\/100 par\n|move|p1a: Buzzwole|Drain Punch|p2a: Hoopa\n|-damage|p2a: Hoopa|40\/100\n|-heal|p1a: Buzzwole|56\/100 par|[from] drain|[of] p2a: Hoopa\n|\n|upkeep\n|turn|12\n|inactive|nooby 4 pvp has 120 seconds left.\n|\n|t:|1700240069\n|-terastallize|p2a: Hoopa|Psychic\n|move|p2a: Hoopa|Gunk Shot|p1a: Buzzwole\n|-damage|p1a: Buzzwole|32\/100 par\n|cant|p1a: Buzzwole|par\n|\n|upkeep\n|turn|13\n|\n|t:|1700240076\n|move|p2a: Hoopa|Gunk Shot|p1a: Buzzwole|[miss]\n|-miss|p2a: Hoopa|p1a: Buzzwole\n|move|p1a: Buzzwole|Roost|p1a: Buzzwole\n|-heal|p1a: Buzzwole|82\/100 par\n|-singleturn|p1a: Buzzwole|move: Roost\n|\n|upkeep\n|turn|14\n|\n|t:|1700240080\n|move|p2a: Hoopa|Gunk Shot|p1a: Buzzwole\n|-damage|p1a: Buzzwole|58\/100 par\n|move|p1a: Buzzwole|Bulk Up|p1a: Buzzwole\n|-boost|p1a: Buzzwole|atk|1\n|-boost|p1a: Buzzwole|def|1\n|\n|upkeep\n|turn|15\n|inactive|nooby 4 pvp has 120 seconds left.\n|-message|nooby 4 pvp forfeited.\n|\n|win|testing a funni3\n|raw|testing a funni3's rating: 1464 &rarr; <strong>1478<\/strong><br \/>(+14 for winning)\n|raw|nooby 4 pvp's rating: 1359 &rarr; <strong>1345<\/strong><br \/>(-14 for losing)\n|l|\u2606nooby 4 pvp\n","uploadtime":1700240091,"views":8,"p1id":"testingafunni3","p2id":"nooby4pvp","formatid":"gen9nationaldex","rating":1345,"private":0,"password":""}