{"id":"gen9nationaldex-1990874457","p1":"nezephet","p2":"chige54321","format":"[Gen 9] National Dex","log":"|j|\u2606nezephet\n|j|\u2606chige54321\n|t:|1700010109\n|gametype|singles\n|player|p1|nezephet|101|1148\n|player|p2|chige54321|preschooler|1035\n|teamsize|p1|6\n|teamsize|p2|6\n|gen|9\n|tier|[Gen 9] National Dex\n|rated|\n|rule|HP Percentage Mod: HP is shown in percentages\n|rule|Endless Battle Clause: Forcing endless battles is banned\n|rule|OHKO Clause: OHKO moves are banned\n|rule|Evasion Clause: Evasion abilities, items, and moves are banned\n|rule|Evasion Abilities Clause: Evasion abilities are banned\n|rule|Evasion Items Clause: Evasion items are banned\n|rule|Evasion Moves Clause: Evasion moves are banned\n|rule|Species Clause: Limit one of each Pok\u00e9mon\n|rule|Sleep Clause Mod: Limit one foe put to sleep\n|clearpoke\n|poke|p1|Sneasler, M|\n|poke|p1|Enamorus, F|\n|poke|p1|Amoonguss, M|\n|poke|p1|Ting-Lu|\n|poke|p1|Great Tusk|\n|poke|p1|Tapu Koko|\n|poke|p2|Lileep, M|\n|poke|p2|Torkoal, M|\n|poke|p2|Alomomola, M|\n|poke|p2|Toxapex, F|\n|poke|p2|Altaria, M|\n|poke|p2|Claydol|\n|teampreview\n|inactive|Battle timer is ON: inactive players will automatically lose when time's up. (requested by nezephet)\n|\n|t:|1700010136\n|start\n|switch|p1a: Ting-Lu|Ting-Lu|100\/100\n|switch|p2a: Torkoal|Torkoal, M|100\/100\n|-ability|p1a: Ting-Lu|Vessel of Ruin\n|-weather|SunnyDay|[from] ability: Drought|[of] p2a: Torkoal\n|turn|1\n|\n|t:|1700010148\n|move|p1a: Ting-Lu|Stealth Rock|p2a: Torkoal\n|-sidestart|p2: chige54321|move: Stealth Rock\n|move|p2a: Torkoal|Stealth Rock|p1a: Ting-Lu\n|-sidestart|p1: nezephet|move: Stealth Rock\n|\n|-weather|SunnyDay|[upkeep]\n|upkeep\n|turn|2\n|\n|t:|1700010154\n|move|p1a: Ting-Lu|Earthquake|p2a: Torkoal\n|-supereffective|p2a: Torkoal\n|-damage|p2a: Torkoal|55\/100\n|move|p2a: Torkoal|Rapid Spin|p1a: Ting-Lu\n|-damage|p1a: Ting-Lu|96\/100\n|-boost|p2a: Torkoal|spe|1\n|-sideend|p2: chige54321|Stealth Rock|[from] move: Rapid Spin|[of] p2a: Torkoal\n|\n|-weather|SunnyDay|[upkeep]\n|-heal|p1a: Ting-Lu|100\/100|[from] item: Leftovers\n|upkeep\n|turn|3\n|\n|t:|1700010168\n|move|p2a: Torkoal|Flamethrower|p1a: Ting-Lu\n|-damage|p1a: Ting-Lu|79\/100\n|move|p1a: Ting-Lu|Earthquake|p2a: Torkoal\n|-supereffective|p2a: Torkoal\n|-crit|p2a: Torkoal\n|-damage|p2a: Torkoal|0 fnt\n|faint|p2a: Torkoal\n|\n|-weather|SunnyDay|[upkeep]\n|-heal|p1a: Ting-Lu|85\/100|[from] item: Leftovers\n|upkeep\n|inactive|chige54321 has 120 seconds left.\n|\n|t:|1700010198\n|switch|p2a: Altaria|Altaria, M|100\/100\n|turn|4\n|inactive|chige54321 has 120 seconds left.\n|\n|t:|1700010213\n|detailschange|p2a: Altaria|Altaria-Mega, M\n|-mega|p2a: Altaria|Altaria|Altarianite\n|move|p2a: Altaria|Dragon Dance|p2a: Altaria\n|-boost|p2a: Altaria|atk|1\n|-boost|p2a: Altaria|spe|1\n|move|p1a: Ting-Lu|Whirlwind|p2a: Altaria\n|drag|p2a: Alomomola|Alomomola, M|100\/100\n|\n|-weather|SunnyDay|[upkeep]\n|-heal|p1a: Ting-Lu|91\/100|[from] item: Leftovers\n|upkeep\n|turn|5\n|inactive|chige54321 has 90 seconds left.\n|\n|t:|1700010247\n|move|p2a: Alomomola|Scald|p1a: Ting-Lu\n|-supereffective|p1a: Ting-Lu\n|-damage|p1a: Ting-Lu|85\/100\n|move|p1a: Ting-Lu|Stealth Rock|p2a: Alomomola\n|-sidestart|p2: chige54321|move: Stealth Rock\n|\n|-weather|SunnyDay|[upkeep]\n|-heal|p1a: Ting-Lu|91\/100|[from] item: Leftovers\n|upkeep\n|turn|6\n|inactive|chige54321 has 90 seconds left.\n|\n|t:|1700010269\n|move|p2a: Alomomola|Scald|p1a: Ting-Lu\n|-supereffective|p1a: Ting-Lu\n|-damage|p1a: Ting-Lu|86\/100\n|move|p1a: Ting-Lu|Ruination|p2a: Alomomola\n|-damage|p2a: Alomomola|50\/100\n|\n|-weather|SunnyDay|[upkeep]\n|-heal|p2a: Alomomola|57\/100|[from] item: Leftovers\n|-heal|p1a: Ting-Lu|92\/100|[from] item: Leftovers\n|upkeep\n|turn|7\n|\n|t:|1700010297\n|move|p2a: Alomomola|Flip Turn|p1a: Ting-Lu\n|-supereffective|p1a: Ting-Lu\n|-damage|p1a: Ting-Lu|85\/100\n|inactive|chige54321 has 60 seconds left.\n|\n|t:|1700010309\n|switch|p2a: Toxapex|Toxapex, F|100\/100|[from] Flip Turn\n|-damage|p2a: Toxapex|88\/100|[from] Stealth Rock\n|move|p1a: Ting-Lu|Ruination|p2a: Toxapex\n|-damage|p2a: Toxapex|44\/100\n|\n|-weather|SunnyDay|[upkeep]\n|-heal|p1a: Ting-Lu|91\/100|[from] item: Leftovers\n|-heal|p2a: Toxapex|50\/100|[from] item: Black Sludge\n|upkeep\n|turn|8\n|inactive|chige54321 has 60 seconds left.\n|\n|t:|1700010331\n|move|p1a: Ting-Lu|Ruination|p2a: Toxapex\n|-damage|p2a: Toxapex|25\/100\n|move|p2a: Toxapex|Toxic|p1a: Ting-Lu\n|-status|p1a: Ting-Lu|tox\n|\n|-weather|none\n|-heal|p1a: Ting-Lu|97\/100 tox|[from] item: Leftovers\n|-heal|p2a: Toxapex|32\/100|[from] item: Black Sludge\n|-damage|p1a: Ting-Lu|91\/100 tox|[from] psn\n|upkeep\n|turn|9\n|inactive|chige54321 has 30 seconds left.\n|\n|t:|1700010369\n|move|p2a: Toxapex|Baneful Bunker|p2a: Toxapex\n|-singleturn|p2a: Toxapex|move: Protect\n|move|p1a: Ting-Lu|Ruination|p2a: Toxapex\n|-activate|p2a: Toxapex|move: Protect\n|\n|-heal|p1a: Ting-Lu|97\/100 tox|[from] item: Leftovers\n|-heal|p2a: Toxapex|38\/100|[from] item: Black Sludge\n|-damage|p1a: Ting-Lu|85\/100 tox|[from] psn\n|upkeep\n|turn|10\n|inactive|chige54321 has 30 seconds left.\n|inactive|chige54321 has 20 seconds left.\n|inactive|chige54321 has 15 seconds left.\n|inactive|chige54321 has 10 seconds left.\n|inactive|chige54321 has 5 seconds left.\n|\n|t:|1700010400\n|switch|p2a: Alomomola|Alomomola, M|90\/100\n|-damage|p2a: Alomomola|78\/100|[from] Stealth Rock\n|move|p1a: Ting-Lu|Ruination|p2a: Alomomola\n|-damage|p2a: Alomomola|39\/100\n|\n|-heal|p2a: Alomomola|45\/100|[from] item: Leftovers\n|-heal|p1a: Ting-Lu|91\/100 tox|[from] item: Leftovers\n|-damage|p1a: Ting-Lu|72\/100 tox|[from] psn\n|upkeep\n|turn|11\n|inactive|chige54321 has 15 seconds left this turn.\n|inactive|chige54321 has 10 seconds left.\n|inactive|chige54321 has 5 seconds left.\n|\n|t:|1700010412\n|move|p2a: Alomomola|Wish|p2a: Alomomola\n|move|p1a: Ting-Lu|Ruination|p2a: Alomomola\n|-damage|p2a: Alomomola|23\/100\n|\n|-heal|p2a: Alomomola|29\/100|[from] item: Leftovers\n|-heal|p1a: Ting-Lu|79\/100 tox|[from] item: Leftovers\n|-damage|p1a: Ting-Lu|54\/100 tox|[from] psn\n|upkeep\n|turn|12\n|inactive|chige54321 has 15 seconds left this turn.\n|inactive|chige54321 has 10 seconds left.\n|\n|t:|1700010422\n|move|p2a: Alomomola|Protect|p2a: Alomomola\n|-singleturn|p2a: Alomomola|Protect\n|move|p1a: Ting-Lu|Whirlwind|p2a: Alomomola\n|drag|p2a: Lileep|Lileep, M|100\/100\n|-damage|p2a: Lileep|88\/100|[from] Stealth Rock\n|\n|-heal|p2a: Lileep|100\/100|[from] move: Wish|[wisher] Alomomola\n|-heal|p1a: Ting-Lu|60\/100 tox|[from] item: Leftovers\n|-damage|p1a: Ting-Lu|30\/100 tox|[from] psn\n|upkeep\n|turn|13\n|inactive|chige54321 has 20 seconds left this turn.\n|inactive|chige54321 has 15 seconds left.\n|inactive|chige54321 has 10 seconds left.\n|\n|t:|1700010434\n|move|p2a: Lileep|Protect|p2a: Lileep\n|-singleturn|p2a: Lileep|Protect\n|move|p1a: Ting-Lu|Ruination|p2a: Lileep\n|-activate|p2a: Lileep|move: Protect\n|\n|-heal|p1a: Ting-Lu|36\/100 tox|[from] item: Leftovers\n|-damage|p1a: Ting-Lu|0 fnt|[from] psn\n|faint|p1a: Ting-Lu\n|upkeep\n|inactive|chige54321 has 15 seconds left this turn.\n|\n|t:|1700010446\n|switch|p1a: Great Tusk|Great Tusk|100\/100\n|-damage|p1a: Great Tusk|98\/100|[from] Stealth Rock\n|turn|14\n|inactive|chige54321 has 25 seconds left this turn.\n|inactive|chige54321 has 20 seconds left.\n|inactive|chige54321 has 15 seconds left.\n|inactive|chige54321 has 10 seconds left.\n|\n|t:|1700010461\n|-terastallize|p2a: Lileep|Ghost\n|move|p1a: Great Tusk|Rapid Spin|p2a: Lileep\n|-immune|p2a: Lileep\n|move|p2a: Lileep|Curse|p1a: Great Tusk\n|-start|p1a: Great Tusk|Curse|[of] p2a: Lileep\n|-damage|p2a: Lileep|51\/100\n|\n|-heal|p1a: Great Tusk|100\/100|[from] item: Leftovers\n|-damage|p1a: Great Tusk|76\/100|[from] Curse\n|upkeep\n|turn|15\n|inactive|chige54321 has 20 seconds left this turn.\n|inactive|chige54321 has 15 seconds left.\n|inactive|chige54321 has 10 seconds left.\n|inactive|chige54321 has 5 seconds left.\n|\n|t:|1700010477\n|switch|p2a: Alomomola|Alomomola, M|62\/100\n|-damage|p2a: Alomomola|50\/100|[from] Stealth Rock\n|move|p1a: Great Tusk|Knock Off|p2a: Alomomola\n|-damage|p2a: Alomomola|33\/100\n|-enditem|p2a: Alomomola|Leftovers|[from] move: Knock Off|[of] p1a: Great Tusk\n|\n|-heal|p1a: Great Tusk|82\/100|[from] item: Leftovers\n|-damage|p1a: Great Tusk|57\/100|[from] Curse\n|upkeep\n|turn|16\n|inactive|chige54321 has 15 seconds left this turn.\n|inactive|chige54321 has 10 seconds left.\n|inactive|chige54321 has 5 seconds left.\n|\n|t:|1700010490\n|move|p1a: Great Tusk|Ice Spinner|p2a: Alomomola\n|-resisted|p2a: Alomomola\n|-damage|p2a: Alomomola|25\/100\n|move|p2a: Alomomola|Scald|p1a: Great Tusk\n|-supereffective|p1a: Great Tusk\n|-damage|p1a: Great Tusk|22\/100\n|\n|-heal|p1a: Great Tusk|28\/100|[from] item: Leftovers\n|-damage|p1a: Great Tusk|3\/100|[from] Curse\n|upkeep\n|turn|17\n|inactive|chige54321 has 15 seconds left this turn.\n|inactive|chige54321 has 10 seconds left.\n|\n|t:|1700010499\n|move|p1a: Great Tusk|Knock Off|p2a: Alomomola\n|-damage|p2a: Alomomola|13\/100\n|move|p2a: Alomomola|Wish|p2a: Alomomola\n|\n|-heal|p1a: Great Tusk|9\/100|[from] item: Leftovers\n|-damage|p1a: Great Tusk|0 fnt|[from] Curse\n|faint|p1a: Great Tusk\n|-end|p1a: Great Tusk|Protosynthesis|[silent]\n|upkeep\n|inactive|chige54321 has 15 seconds left this turn.\n|\n|t:|1700010504\n|switch|p1a: Tapu Koko|Tapu Koko|100\/100\n|-damage|p1a: Tapu Koko|88\/100|[from] Stealth Rock\n|-fieldstart|move: Electric Terrain|[from] ability: Electric Surge|[of] p1a: Tapu Koko\n|turn|18\n|inactive|chige54321 has 25 seconds left this turn.\n|inactive|chige54321 has 20 seconds left.\n|inactive|chige54321 has 15 seconds left.\n|j| cirolan\n|inactive|chige54321 has 10 seconds left.\n|\n|t:|1700010520\n|move|p2a: Alomomola|Protect|p2a: Alomomola\n|-singleturn|p2a: Alomomola|Protect\n|move|p1a: Tapu Koko|Volt Switch|p2a: Alomomola\n|-activate|p2a: Alomomola|move: Protect\n|\n|-heal|p2a: Alomomola|63\/100|[from] move: Wish|[wisher] Alomomola\n|-heal|p1a: Tapu Koko|94\/100|[from] item: Leftovers\n|upkeep\n|turn|19\n|inactive|chige54321 has 20 seconds left this turn.\n|inactive|chige54321 has 15 seconds left.\n|inactive|chige54321 has 10 seconds left.\n|\n|t:|1700010530\n|switch|p2a: Claydol|Claydol|100\/100\n|-damage|p2a: Claydol|94\/100|[from] Stealth Rock\n|move|p1a: Tapu Koko|Volt Switch|p2a: Claydol\n|-immune|p2a: Claydol\n|\n|-heal|p1a: Tapu Koko|99\/100|[from] item: Leftovers\n|-heal|p2a: Claydol|100\/100|[from] item: Leftovers\n|upkeep\n|turn|20\n|inactive|chige54321 has 20 seconds left this turn.\n|inactive|chige54321 has 15 seconds left.\n|\n|t:|1700010544\n|move|p1a: Tapu Koko|Light Screen|p1a: Tapu Koko\n|-sidestart|p1: nezephet|move: Light Screen\n|move|p2a: Claydol|Toxic|p1a: Tapu Koko\n|-status|p1a: Tapu Koko|tox\n|\n|-heal|p1a: Tapu Koko|100\/100 tox|[from] item: Leftovers\n|-damage|p1a: Tapu Koko|94\/100 tox|[from] psn\n|upkeep\n|turn|21\n|inactive|chige54321 has 25 seconds left this turn.\n|inactive|chige54321 has 20 seconds left.\n|\n|t:|1700010554\n|move|p1a: Tapu Koko|Reflect|p1a: Tapu Koko\n|-sidestart|p1: nezephet|Reflect\n|move|p2a: Claydol|Future Sight|p1a: Tapu Koko\n|-start|p2a: Claydol|move: Future Sight\n|\n|-heal|p1a: Tapu Koko|100\/100 tox|[from] item: Leftovers\n|-damage|p1a: Tapu Koko|88\/100 tox|[from] psn\n|upkeep\n|turn|22\n|inactive|chige54321 has 30 seconds left this turn.\n|\n|t:|1700010564\n|switch|p1a: Sneasler|Sneasler, M|100\/100\n|-damage|p1a: Sneasler|95\/100|[from] Stealth Rock\n|-enditem|p1a: Sneasler|Electric Seed\n|-boost|p1a: Sneasler|def|1|[from] item: Electric Seed\n|move|p2a: Claydol|Protect||[still]\n|-fail|p2a: Claydol\n|\n|-fieldend|move: Electric Terrain\n|upkeep\n|turn|23\n|inactive|chige54321 has 30 seconds left.\n|\n|t:|1700010577\n|switch|p2a: Alomomola|Alomomola, M|97\/100\n|-damage|p2a: Alomomola|84\/100|[from] Stealth Rock\n|move|p1a: Sneasler|Close Combat|p2a: Alomomola\n|-crit|p2a: Alomomola\n|-damage|p2a: Alomomola|36\/100\n|-unboost|p1a: Sneasler|def|1\n|-unboost|p1a: Sneasler|spd|1\n|\n|-end|p1a: Sneasler|move: Future Sight\n|-supereffective|p1a: Sneasler\n|-damage|p1a: Sneasler|0 fnt\n|faint|p1a: Sneasler\n|upkeep\n|inactive|chige54321 has 30 seconds left this turn.\n|inactive|nezephet has 120 seconds left.\n|\n|t:|1700010605\n|switch|p1a: Tapu Koko|Tapu Koko|88\/100 tox\n|-damage|p1a: Tapu Koko|76\/100 tox|[from] Stealth Rock\n|-fieldstart|move: Electric Terrain|[from] ability: Electric Surge|[of] p1a: Tapu Koko\n|turn|24\n|\n|t:|1700010614\n|switch|p2a: Claydol|Claydol|100\/100\n|-damage|p2a: Claydol|94\/100|[from] Stealth Rock\n|move|p1a: Tapu Koko|Dazzling Gleam|p2a: Claydol\n|-damage|p2a: Claydol|74\/100\n|\n|-heal|p1a: Tapu Koko|82\/100 tox|[from] item: Leftovers\n|-heal|p2a: Claydol|80\/100|[from] item: Leftovers\n|-damage|p1a: Tapu Koko|76\/100 tox|[from] psn\n|-sideend|p1: nezephet|move: Light Screen\n|upkeep\n|turn|25\n|\n|t:|1700010627\n|move|p1a: Tapu Koko|Light Screen|p1a: Tapu Koko\n|-sidestart|p1: nezephet|move: Light Screen\n|move|p2a: Claydol|Future Sight|p1a: Tapu Koko\n|-start|p2a: Claydol|move: Future Sight\n|\n|-heal|p1a: Tapu Koko|82\/100 tox|[from] item: Leftovers\n|-heal|p2a: Claydol|86\/100|[from] item: Leftovers\n|-damage|p1a: Tapu Koko|70\/100 tox|[from] psn\n|-sideend|p1: nezephet|Reflect\n|upkeep\n|turn|26\n|\n|t:|1700010636\n|move|p1a: Tapu Koko|Reflect|p1a: Tapu Koko\n|-sidestart|p1: nezephet|Reflect\n|move|p2a: Claydol|Stealth Rock||[still]\n|-fail|p2a: Claydol\n|\n|-heal|p1a: Tapu Koko|76\/100 tox|[from] item: Leftovers\n|-heal|p2a: Claydol|92\/100|[from] item: Leftovers\n|-damage|p1a: Tapu Koko|58\/100 tox|[from] psn\n|upkeep\n|turn|27\n|\n|t:|1700010646\n|move|p1a: Tapu Koko|Light Screen||[still]\n|-fail|p1a: Tapu Koko\n|move|p2a: Claydol|Future Sight||[still]\n|-fail|p2a: Claydol\n|\n|-end|p1a: Tapu Koko|move: Future Sight\n|-damage|p1a: Tapu Koko|36\/100 tox\n|-heal|p1a: Tapu Koko|42\/100 tox|[from] item: Leftovers\n|-heal|p2a: Claydol|98\/100|[from] item: Leftovers\n|-damage|p1a: Tapu Koko|18\/100 tox|[from] psn\n|upkeep\n|turn|28\n|\n|t:|1700010652\n|move|p1a: Tapu Koko|Reflect||[still]\n|-fail|p1a: Tapu Koko\n|move|p2a: Claydol|Future Sight|p1a: Tapu Koko\n|-start|p2a: Claydol|move: Future Sight\n|\n|-heal|p1a: Tapu Koko|24\/100 tox|[from] item: Leftovers\n|-heal|p2a: Claydol|100\/100|[from] item: Leftovers\n|-damage|p1a: Tapu Koko|0 fnt|[from] psn\n|faint|p1a: Tapu Koko\n|-fieldend|move: Electric Terrain\n|upkeep\n|\n|t:|1700010663\n|switch|p1a: Enamorus|Enamorus, F|100\/100\n|-damage|p1a: Enamorus|76\/100|[from] Stealth Rock\n|turn|29\n|\n|t:|1700010688\n|move|p1a: Enamorus|Mystical Fire|p2a: Claydol\n|-damage|p2a: Claydol|84\/100\n|-unboost|p2a: Claydol|spa|1\n|move|p2a: Claydol|Toxic|p1a: Enamorus\n|-status|p1a: Enamorus|tox\n|\n|-heal|p2a: Claydol|90\/100|[from] item: Leftovers\n|-damage|p1a: Enamorus|69\/100 tox|[from] psn\n|-sideend|p1: nezephet|move: Light Screen\n|upkeep\n|turn|30\n|-message|nezephet forfeited.\n|\n|win|chige54321\n|raw|nezephet's rating: 1148 &rarr; <strong>1115<\/strong><br \/>(-33 for losing)\n|raw|chige54321's rating: 1035 &rarr; <strong>1081<\/strong><br \/>(+46 for winning)\n|l|\u2606nezephet\n","uploadtime":1700010710,"views":4,"p1id":"nezephet","p2id":"chige54321","formatid":"gen9nationaldex","rating":1081,"private":0,"password":""}