{"id":"gen9nationaldex-1992206835","p1":"221savage","p2":"dawg doin","format":"[Gen 9] National Dex","log":"|j|\u2606221savage\n|j|\u2606dawg doin\n|t:|1700163866\n|gametype|singles\n|player|p1|221savage|170|1433\n|player|p2|dawg doin|shadowtriad|1451\n|teamsize|p1|6\n|teamsize|p2|6\n|gen|9\n|tier|[Gen 9] National Dex\n|rated|\n|rule|HP Percentage Mod: HP is shown in percentages\n|rule|Endless Battle Clause: Forcing endless battles is banned\n|rule|OHKO Clause: OHKO moves are banned\n|rule|Evasion Clause: Evasion abilities, items, and moves are banned\n|rule|Evasion Abilities Clause: Evasion abilities are banned\n|rule|Evasion Items Clause: Evasion items are banned\n|rule|Evasion Moves Clause: Evasion moves are banned\n|rule|Species Clause: Limit one of each Pok\u00e9mon\n|rule|Sleep Clause Mod: Limit one foe put to sleep\n|clearpoke\n|poke|p1|Blastoise, F|\n|poke|p1|Banette, M|\n|poke|p1|Machamp, F|\n|poke|p1|Darmanitan, M|\n|poke|p1|Tsareena, F|\n|poke|p1|Toxtricity, M|\n|poke|p2|Scizor, M|\n|poke|p2|Rotom-Wash|\n|poke|p2|Garchomp, M|\n|poke|p2|Heatran, F|\n|poke|p2|Landorus-Therian, M|\n|poke|p2|Kartana|\n|teampreview\n|inactive|Battle timer is ON: inactive players will automatically lose when time's up. (requested by dawg doin)\n|\n|t:|1700163878\n|start\n|switch|p1a: Blastoise|Blastoise, F|100\/100\n|switch|p2a: Fake Dog|Landorus-Therian, M|100\/100\n|-ability|p2a: Fake Dog|Intimidate|boost\n|-unboost|p1a: Blastoise|atk|1\n|turn|1\n|\n|t:|1700163881\n|move|p2a: Fake Dog|Earthquake|p1a: Blastoise\n|-damage|p1a: Blastoise|45\/100\n|move|p1a: Blastoise|Shell Smash|p1a: Blastoise\n|-unboost|p1a: Blastoise|def|1\n|-unboost|p1a: Blastoise|spd|1\n|-boost|p1a: Blastoise|atk|2\n|-boost|p1a: Blastoise|spa|2\n|-boost|p1a: Blastoise|spe|2\n|\n|upkeep\n|turn|2\n|\n|t:|1700163887\n|-terastallize|p2a: Fake Dog|Ice\n|move|p1a: Blastoise|Ice Beam|p2a: Fake Dog\n|-resisted|p2a: Fake Dog\n|-crit|p2a: Fake Dog\n|-damage|p2a: Fake Dog|46\/100\n|move|p2a: Fake Dog|Earthquake|p1a: Blastoise\n|-damage|p1a: Blastoise|0 fnt\n|faint|p1a: Blastoise\n|\n|upkeep\n|\n|t:|1700163900\n|switch|p1a: Machamp|Machamp, F|100\/100\n|turn|3\n|\n|t:|1700163902\n|switch|p2a: Hiding Place|Rotom-Wash|100\/100\n|move|p1a: Machamp|Bullet Punch|p2a: Hiding Place\n|-resisted|p2a: Hiding Place\n|-damage|p2a: Hiding Place|97\/100\n|-damage|p1a: Machamp|91\/100|[from] item: Life Orb\n|\n|-heal|p2a: Hiding Place|100\/100|[from] item: Leftovers\n|upkeep\n|turn|4\n|\n|t:|1700163917\n|move|p2a: Hiding Place|Will-O-Wisp|p1a: Machamp\n|-status|p1a: Machamp|brn\n|move|p1a: Machamp|Dynamic Punch|p2a: Hiding Place\n|-damage|p2a: Hiding Place|71\/100\n|-start|p2a: Hiding Place|confusion\n|-damage|p1a: Machamp|81\/100 brn|[from] item: Life Orb\n|\n|-heal|p2a: Hiding Place|77\/100|[from] item: Leftovers\n|-damage|p1a: Machamp|75\/100 brn|[from] brn\n|upkeep\n|turn|5\n|\n|t:|1700163923\n|-activate|p2a: Hiding Place|confusion\n|-damage|p2a: Hiding Place|73\/100|[from] confusion\n|move|p1a: Machamp|Dynamic Punch|p2a: Hiding Place\n|-damage|p2a: Hiding Place|44\/100\n|-damage|p1a: Machamp|65\/100 brn|[from] item: Life Orb\n|\n|-heal|p2a: Hiding Place|50\/100|[from] item: Leftovers\n|-damage|p1a: Machamp|59\/100 brn|[from] brn\n|upkeep\n|turn|6\n|\n|t:|1700163928\n|-end|p2a: Hiding Place|confusion\n|move|p2a: Hiding Place|Volt Switch|p1a: Machamp\n|-damage|p1a: Machamp|34\/100 brn\n|\n|t:|1700163932\n|switch|p2a: Fake Dog|Landorus-Therian, M, tera:Ice|46\/100|[from] Volt Switch\n|-ability|p2a: Fake Dog|Intimidate|boost\n|-unboost|p1a: Machamp|atk|1\n|move|p1a: Machamp|Dynamic Punch|p2a: Fake Dog\n|-supereffective|p2a: Fake Dog\n|-damage|p2a: Fake Dog|0 fnt\n|faint|p2a: Fake Dog\n|-damage|p1a: Machamp|24\/100 brn|[from] item: Life Orb\n|\n|-damage|p1a: Machamp|18\/100 brn|[from] brn\n|upkeep\n|\n|t:|1700163935\n|switch|p2a: Also No Running|Kartana|100\/100\n|turn|7\n|\n|t:|1700163950\n|switch|p1a: Banette|Banette, M|100\/100\n|move|p2a: Also No Running|Knock Off|p1a: Banette\n|-supereffective|p1a: Banette\n|-damage|p1a: Banette|23\/100\n|-start|p2a: Also No Running|Disable|Knock Off|[from] ability: Cursed Body|[of] p1a: Banette\n|\n|upkeep\n|turn|8\n|\n|t:|1700163959\n|switch|p2a: Abomination|Heatran, F|100\/100\n|detailschange|p1a: Banette|Banette-Mega, M\n|-mega|p1a: Banette|Banette|Banettite\n|move|p1a: Banette|Destiny Bond|p1a: Banette\n|-singlemove|p1a: Banette|Destiny Bond\n|\n|upkeep\n|turn|9\n|\n|t:|1700163964\n|move|p2a: Abomination|Toxic|p1a: Banette\n|-status|p1a: Banette|tox\n|move|p1a: Banette|Poltergeist|p2a: Abomination\n|-activate|p2a: Abomination|move: Poltergeist|Leftovers\n|-damage|p2a: Abomination|37\/100\n|\n|-heal|p2a: Abomination|43\/100|[from] item: Leftovers\n|-damage|p1a: Banette|17\/100 tox|[from] psn\n|upkeep\n|turn|10\n|\n|t:|1700163983\n|move|p1a: Banette|Destiny Bond|p1a: Banette\n|-singlemove|p1a: Banette|Destiny Bond\n|move|p2a: Abomination|Stealth Rock|p1a: Banette\n|-sidestart|p1: 221savage|move: Stealth Rock\n|\n|-heal|p2a: Abomination|49\/100|[from] item: Leftovers\n|-damage|p1a: Banette|5\/100 tox|[from] psn\n|upkeep\n|turn|11\n|\n|t:|1700163993\n|switch|p2a: Hiding Place|Rotom-Wash|50\/100\n|move|p1a: Banette|Poltergeist|p2a: Hiding Place\n|-activate|p2a: Hiding Place|move: Poltergeist|Leftovers\n|-damage|p2a: Hiding Place|0 fnt\n|faint|p2a: Hiding Place\n|\n|-damage|p1a: Banette|0 fnt|[from] psn\n|faint|p1a: Banette\n|upkeep\n|\n|t:|1700163999\n|switch|p2a: Abomination|Heatran, F|49\/100\n|switch|p1a: Tsareena|Tsareena, F|100\/100\n|-damage|p1a: Tsareena|88\/100|[from] Stealth Rock\n|turn|12\n|\n|t:|1700164005\n|move|p1a: Tsareena|High Jump Kick|p2a: Abomination\n|-supereffective|p2a: Abomination\n|-damage|p2a: Abomination|0 fnt\n|faint|p2a: Abomination\n|\n|upkeep\n|\n|t:|1700164011\n|switch|p2a: Sharknado|Garchomp, M|100\/100\n|turn|13\n|\n|t:|1700164014\n|switch|p2a: No Running|Scizor, M|100\/100\n|move|p1a: Tsareena|Rapid Spin|p2a: No Running\n|-resisted|p2a: No Running\n|-damage|p2a: No Running|92\/100\n|-boost|p1a: Tsareena|spe|1\n|-sideend|p1: 221savage|Stealth Rock|[from] move: Rapid Spin|[of] p1a: Tsareena\n|\n|upkeep\n|turn|14\n|\n|t:|1700164021\n|switch|p1a: Machamp|Machamp, F|18\/100 brn\n|detailschange|p2a: No Running|Scizor-Mega, M\n|-mega|p2a: No Running|Scizor|Scizorite\n|move|p2a: No Running|U-turn|p1a: Machamp\n|-resisted|p1a: Machamp\n|-damage|p1a: Machamp|0 fnt\n|faint|p1a: Machamp\n|\n|t:|1700164025\n|switch|p2a: Also No Running|Kartana|100\/100|[from] U-turn\n|\n|upkeep\n|\n|t:|1700164029\n|switch|p1a: Darmanitan|Darmanitan, M|100\/100\n|turn|15\n|\n|t:|1700164032\n|switch|p2a: Sharknado|Garchomp, M|100\/100\n|-terastallize|p1a: Darmanitan|Fire\n|move|p1a: Darmanitan|Flare Blitz|p2a: Sharknado\n|-resisted|p2a: Sharknado\n|-damage|p2a: Sharknado|35\/100\n|-damage|p1a: Darmanitan|88\/100|[from] ability: Rough Skin|[of] p2a: Sharknado\n|-damage|p1a: Darmanitan|66\/100|[from] Recoil\n|\n|upkeep\n|turn|16\n|\n|t:|1700164036\n|move|p1a: Darmanitan|Flare Blitz|p2a: Sharknado\n|-resisted|p2a: Sharknado\n|-damage|p2a: Sharknado|0 fnt\n|-damage|p1a: Darmanitan|54\/100|[from] ability: Rough Skin|[of] p2a: Sharknado\n|faint|p2a: Sharknado\n|-damage|p1a: Darmanitan|42\/100|[from] Recoil\n|\n|upkeep\n|\n|t:|1700164037\n|switch|p2a: Also No Running|Kartana|100\/100\n|turn|17\n|\n|t:|1700164041\n|move|p2a: Also No Running|Knock Off|p1a: Darmanitan\n|-damage|p1a: Darmanitan|0 fnt\n|-enditem|p1a: Darmanitan|Choice Scarf|[from] move: Knock Off|[of] p2a: Also No Running\n|faint|p1a: Darmanitan\n|-ability|p2a: Also No Running|Beast Boost|boost\n|-boost|p2a: Also No Running|atk|1\n|\n|upkeep\n|\n|t:|1700164049\n|switch|p1a: Tsareena|Tsareena, F|88\/100\n|turn|18\n|\n|t:|1700164051\n|move|p2a: Also No Running|Knock Off|p1a: Tsareena\n|-damage|p1a: Tsareena|8\/100\n|-enditem|p1a: Tsareena|Assault Vest|[from] move: Knock Off|[of] p2a: Also No Running\n|move|p1a: Tsareena|High Jump Kick|p2a: Also No Running\n|-supereffective|p2a: Also No Running\n|-damage|p2a: Also No Running|0 fnt\n|faint|p2a: Also No Running\n|\n|upkeep\n|\n|t:|1700164054\n|switch|p2a: No Running|Scizor-Mega, M|92\/100\n|turn|19\n|\n|t:|1700164060\n|move|p1a: Tsareena|High Jump Kick|p2a: No Running\n|-damage|p2a: No Running|61\/100\n|move|p2a: No Running|Swords Dance|p2a: No Running\n|-boost|p2a: No Running|atk|2\n|\n|upkeep\n|turn|20\n|\n|t:|1700164066\n|move|p1a: Tsareena|High Jump Kick|p2a: No Running\n|-damage|p2a: No Running|32\/100\n|move|p2a: No Running|Roost|p2a: No Running\n|-heal|p2a: No Running|82\/100\n|-singleturn|p2a: No Running|move: Roost\n|\n|upkeep\n|turn|21\n|\n|t:|1700164071\n|switch|p1a: Toxtricity|Toxtricity, M|100\/100\n|move|p2a: No Running|Roost|p2a: No Running\n|-heal|p2a: No Running|100\/100\n|-singleturn|p2a: No Running|move: Roost\n|\n|upkeep\n|turn|22\n|\n|t:|1700164077\n|move|p1a: Toxtricity|Overdrive|p2a: No Running\n|-damage|p2a: No Running|56\/100\n|move|p2a: No Running|U-turn|p1a: Toxtricity\n|-resisted|p1a: Toxtricity\n|-damage|p1a: Toxtricity|48\/100\n|\n|upkeep\n|turn|23\n|\n|t:|1700164082\n|move|p1a: Toxtricity|Overdrive|p2a: No Running\n|-damage|p2a: No Running|14\/100\n|move|p2a: No Running|Roost|p2a: No Running\n|-heal|p2a: No Running|64\/100\n|-singleturn|p2a: No Running|move: Roost\n|\n|upkeep\n|turn|24\n|\n|t:|1700164089\n|move|p1a: Toxtricity|Overdrive|p2a: No Running\n|-damage|p2a: No Running|19\/100\n|move|p2a: No Running|Roost|p2a: No Running\n|-heal|p2a: No Running|69\/100\n|-singleturn|p2a: No Running|move: Roost\n|\n|upkeep\n|turn|25\n|\n|t:|1700164094\n|move|p1a: Toxtricity|Overdrive|p2a: No Running\n|-damage|p2a: No Running|27\/100\n|move|p2a: No Running|Roost|p2a: No Running\n|-heal|p2a: No Running|77\/100\n|-singleturn|p2a: No Running|move: Roost\n|\n|upkeep\n|turn|26\n|\n|t:|1700164098\n|move|p1a: Toxtricity|Overdrive|p2a: No Running\n|-damage|p2a: No Running|35\/100\n|move|p2a: No Running|Roost|p2a: No Running\n|-heal|p2a: No Running|86\/100\n|-singleturn|p2a: No Running|move: Roost\n|\n|upkeep\n|turn|27\n|\n|t:|1700164101\n|move|p1a: Toxtricity|Overdrive|p2a: No Running\n|-damage|p2a: No Running|46\/100\n|move|p2a: No Running|Roost|p2a: No Running\n|-heal|p2a: No Running|96\/100\n|-singleturn|p2a: No Running|move: Roost\n|\n|upkeep\n|turn|28\n|\n|t:|1700164105\n|move|p1a: Toxtricity|Overdrive|p2a: No Running\n|-damage|p2a: No Running|57\/100\n|move|p2a: No Running|U-turn|p1a: Toxtricity\n|-resisted|p1a: Toxtricity\n|-damage|p1a: Toxtricity|0 fnt\n|faint|p1a: Toxtricity\n|\n|upkeep\n|\n|t:|1700164110\n|switch|p1a: Tsareena|Tsareena, F|8\/100\n|turn|29\n|\n|t:|1700164112\n|move|p1a: Tsareena|High Jump Kick|p2a: No Running\n|-damage|p2a: No Running|25\/100\n|move|p2a: No Running|Roost|p2a: No Running\n|-heal|p2a: No Running|75\/100\n|-singleturn|p2a: No Running|move: Roost\n|\n|upkeep\n|turn|30\n|c|\u2606dawg doin|gg\n|\n|t:|1700164116\n|move|p1a: Tsareena|High Jump Kick|p2a: No Running\n|-damage|p2a: No Running|42\/100\n|move|p2a: No Running|U-turn|p1a: Tsareena\n|-supereffective|p1a: Tsareena\n|-damage|p1a: Tsareena|0 fnt\n|faint|p1a: Tsareena\n|\n|win|dawg doin\n|raw|221savage's rating: 1433 &rarr; <strong>1414<\/strong><br \/>(-19 for losing)\n|raw|dawg doin's rating: 1451 &rarr; <strong>1470<\/strong><br \/>(+19 for winning)\n|c|\u2606dawg doin|ez\n|c|\u2606221savage|ok\n|c|\u2606dawg doin|lol\n|c|\u2606dawg doin|don't b mad now\n|c|\u2606dawg doin|it's just a game lil bro\n|c|\u2606221savage|u aint better than me lol\n|c|\u2606dawg doin|....\n|c|\u2606221savage|ou ahh team\n|c|\u2606dawg doin|User: 221savage\n|c|\u2606dawg doin|Format\tElo\tGXE\tGlicko-1\tW\tL\tTotal\n|c|\u2606dawg doin|[Gen 9] National Dex\t1414\t50.7%\t1505 \u00b1 28\t90\t92\t182\n|c|\u2606dawg doin|you sure i'm not better than u?\n|c|\u2606dawg doin|u have 92 losses and 90 wins\n|c|\u2606dawg doin|LOL\n|c|\u2606221savage|100000%\n|c|\u2606221savage|this my burner account\n|c|\u2606dawg doin|whats ur main\n|c|\u2606221savage|osaksann\n|c|\u2606dawg doin|LOL\n|c|\u2606dawg doin|mf\n|c|\u2606dawg doin|66 GXE\n|c|\u2606dawg doin|u is not better\n|c|\u2606dawg doin|lolol\n|c|\u2606221savage|maynnnnnn\n|c|\u2606dawg doin|yea ur stats p mid\n|c|\u2606dawg doin|on ur main\n|c|\u2606221savage|im still better\n|c|\u2606dawg doin|not rlly a single tier where u win a lot more than u lose\n|c|\u2606dawg doin|lol\n|c|\u2606dawg doin|and no gxe over 70\n|c|\u2606dawg doin|nah u ain't better lil bro\n|c|\u2606dawg doin|(that's why i just btched you)\n|c|\u2606221savage|bro needed all ou \ud83d\ude2d\n|c|\u2606221savage|weak ahhh\n|c|\u2606221savage|knew u was sweating\n|c|\u2606dawg doin|LOL\n|c|\u2606dawg doin|if it lets u sleep at night\n|c|\u2606221savage|but gg\n|c|\u2606dawg doin|mr \"im better\" with a 66  gxe\n|c|\u2606221savage|dont keep tryna lil bro guys who are better\n|c|\u2606dawg doin|except\n|c|\u2606221savage|stay in yo lane\n|c|\u2606dawg doin|u ain't better\n|c|\u2606dawg doin|so..\n|c|\u2606221savage|u dont know me\n|c|\u2606dawg doin|u right tho u ain't my lil bro\n|c|\u2606dawg doin|u my son\n|c|\u2606dawg doin|lol\n|c|\u2606221savage|corny ahhh niga\n|c|\u2606dawg doin|daddy loves u tho alright?\n|c|\u2606dawg doin|don't be mad okay it's just a game\n|c|\u2606dawg doin|you lose sometimes\n|c|\u2606dawg doin|so just take ya L\n|c|\u2606dawg doin|u loser\n|l|\u2606dawg doin\n|c|\u2606221savage|bros actually mad\ud83d\ude2d\ud83d\ude2d\ud83d\ude2d\n|l|\u2606221savage\n|j|\u2606221savage\n|player|p1|221savage|170\n","uploadtime":1700164425,"views":10,"p1id":"221savage","p2id":"dawgdoin","formatid":"gen9nationaldex","rating":1414,"private":0,"password":""}