{"id":"gen9nationaldex-1994544953","p1":"FlameAceGaming","p2":"Kaick1478","format":"[Gen 9] National Dex","log":"|j|\u2606FlameAceGaming\n|j|\u2606Kaick1478\n|t:|1700457446\n|gametype|singles\n|player|p1|FlameAceGaming|norman|1045\n|player|p2|Kaick1478|schoolkid-gen4|1010\n|teamsize|p1|6\n|teamsize|p2|6\n|gen|9\n|tier|[Gen 9] National Dex\n|rated|\n|rule|HP Percentage Mod: HP is shown in percentages\n|rule|Endless Battle Clause: Forcing endless battles is banned\n|rule|OHKO Clause: OHKO moves are banned\n|rule|Evasion Clause: Evasion abilities, items, and moves are banned\n|rule|Evasion Abilities Clause: Evasion abilities are banned\n|rule|Evasion Items Clause: Evasion items are banned\n|rule|Evasion Moves Clause: Evasion moves are banned\n|rule|Species Clause: Limit one of each Pok\u00e9mon\n|rule|Sleep Clause Mod: Limit one foe put to sleep\n|clearpoke\n|poke|p1|Glaceon, M|\n|poke|p1|Vaporeon, F|\n|poke|p1|Jolteon, M|\n|poke|p1|Flareon, M|\n|poke|p1|Sylveon, F|\n|poke|p1|Leafeon, M|\n|poke|p2|Sableye, F|\n|poke|p2|Toxapex, F|\n|poke|p2|Zapdos|\n|poke|p2|Corviknight, F|\n|poke|p2|Vaporeon, M|\n|poke|p2|Forretress, F|\n|teampreview\n|inactive|Battle timer is ON: inactive players will automatically lose when time's up. (requested by Kaick1478)\n|inactive|FlameAceGaming also wants the timer to be on.\n|\n|t:|1700457450\n|start\n|switch|p1a: Jolteon|Jolteon, M|100\/100\n|switch|p2a: Forretress|Forretress, F|100\/100\n|turn|1\n|\n|t:|1700457456\n|move|p1a: Jolteon|Zap Cannon|p2a: Forretress\n|-damage|p2a: Forretress|4\/100\n|-status|p2a: Forretress|par\n|move|p2a: Forretress|Stealth Rock|p1a: Jolteon\n|-sidestart|p1: FlameAceGaming|move: Stealth Rock\n|\n|upkeep\n|turn|2\n|-enditem|p2a: Forretress|Custap Berry|[eat]\n|-activate|p2a: Forretress|item: Custap Berry|[consumed]\n|\n|t:|1700457464\n|cant|p2a: Forretress|par\n|move|p1a: Jolteon|Thunderbolt|p2a: Forretress\n|-damage|p2a: Forretress|0 fnt\n|faint|p2a: Forretress\n|\n|upkeep\n|\n|t:|1700457477\n|switch|p2a: Sableye|Sableye, F|100\/100\n|turn|3\n|\n|t:|1700457481\n|detailschange|p2a: Sableye|Sableye-Mega, F\n|-mega|p2a: Sableye|Sableye|Sablenite\n|move|p1a: Jolteon|Electric Terrain|p1a: Jolteon\n|-fieldstart|move: Electric Terrain\n|move|p2a: Sableye|Nasty Plot|p2a: Sableye\n|-boost|p2a: Sableye|spa|2\n|\n|upkeep\n|turn|4\n|\n|t:|1700457488\n|move|p1a: Jolteon|Zap Cannon|p2a: Sableye\n|-damage|p2a: Sableye|16\/100\n|-status|p2a: Sableye|par\n|move|p2a: Sableye|Dark Pulse|p1a: Jolteon\n|-damage|p1a: Jolteon|16\/100\n|\n|upkeep\n|turn|5\n|\n|t:|1700457500\n|move|p1a: Jolteon|Thunderbolt|p2a: Sableye\n|-crit|p2a: Sableye\n|-damage|p2a: Sableye|0 fnt\n|faint|p2a: Sableye\n|\n|upkeep\n|\n|t:|1700457503\n|switch|p2a: Corviknight|Corviknight, F|100\/100\n|turn|6\n|\n|t:|1700457506\n|move|p1a: Jolteon|Zap Cannon|p2a: Corviknight\n|-supereffective|p2a: Corviknight\n|-damage|p2a: Corviknight|0 fnt\n|faint|p2a: Corviknight\n|\n|upkeep\n|c|\u2606Kaick1478|!data zap cannon\n|raw|<ul class=\"utilichart\"><li class=\"result\"><span class=\"col movenamecol\"><a href=\"https:\/\/dex.pokemonshowdown.com\/moves\/zapcannon\">Zap Cannon<\/a><\/span> <span class=\"col typecol\"><img src=\"\/\/play.pokemonshowdown.com\/sprites\/types\/Electric.png\" alt=\"Electric\" width=\"32\" height=\"14\"><img src=\"\/\/play.pokemonshowdown.com\/sprites\/categories\/Special.png\" alt=\"Special\" width=\"32\" height=\"14\"><\/span> <span class=\"col labelcol\"><em>Power<\/em><br>120<\/span> <span class=\"col widelabelcol\"><em>Accuracy<\/em><br>50%<\/span> <span class=\"col pplabelcol\"><em>PP<\/em><br>8<\/span> <span class=\"col movedesccol\">100% chance to paralyze the target.<\/span> <\/li><li style=\"clear:both\"><\/li><\/ul>\n\n|\n|t:|1700457523\n|switch|p2a: Zapdos|Zapdos|100\/100\n|turn|7\n|\n|t:|1700457526\n|move|p2a: Zapdos|Heat Wave|p1a: Jolteon|[miss]\n|-miss|p2a: Zapdos|p1a: Jolteon\n|move|p1a: Jolteon|Zap Cannon|p2a: Zapdos|[miss]\n|-miss|p1a: Jolteon|p2a: Zapdos\n|\n|-fieldend|move: Electric Terrain\n|upkeep\n|turn|8\n|\n|t:|1700457532\n|move|p2a: Zapdos|Heat Wave|p1a: Jolteon\n|-damage|p1a: Jolteon|0 fnt\n|faint|p1a: Jolteon\n|\n|upkeep\n|\n|t:|1700457543\n|switch|p1a: Glaceon|Glaceon, M, shiny|100\/100\n|-damage|p1a: Glaceon|75\/100|[from] Stealth Rock\n|turn|9\n|\n|t:|1700457548\n|move|p2a: Zapdos|Heat Wave|p1a: Glaceon\n|-supereffective|p1a: Glaceon\n|-damage|p1a: Glaceon|0 fnt\n|faint|p1a: Glaceon\n|\n|upkeep\n|\n|t:|1700457553\n|switch|p1a: Flareon|Flareon, M|100\/100\n|-damage|p1a: Flareon|76\/100|[from] Stealth Rock\n|turn|10\n|\n|t:|1700457559\n|switch|p2a: Vaporeon|Vaporeon, M|100\/100\n|move|p1a: Flareon|Sunny Day|p1a: Flareon\n|-weather|SunnyDay\n|\n|-weather|SunnyDay|[upkeep]\n|upkeep\n|turn|11\n|\n|t:|1700457570\n|switch|p1a: Leafeon|Leafeon, M, shiny|100\/100\n|-damage|p1a: Leafeon|88\/100|[from] Stealth Rock\n|-zpower|p2a: Vaporeon\n|move|p2a: Vaporeon|Z-Celebrate|p2a: Vaporeon|[anim]Celebrate\n|-boost|p2a: Vaporeon|atk|1|[zeffect]\n|-boost|p2a: Vaporeon|def|1|[zeffect]\n|-boost|p2a: Vaporeon|spa|1|[zeffect]\n|-boost|p2a: Vaporeon|spd|1|[zeffect]\n|-boost|p2a: Vaporeon|spe|1|[zeffect]\n|-activate|p2a: Vaporeon|move: Celebrate\n|\n|-weather|SunnyDay|[upkeep]\n|upkeep\n|turn|12\n|\n|t:|1700457583\n|move|p1a: Leafeon|Solar Blade||[still]\n|-prepare|p1a: Leafeon|Solar Blade\n|-anim|p1a: Leafeon|Solar Blade|p2a: Vaporeon\n|-supereffective|p2a: Vaporeon\n|-damage|p2a: Vaporeon|0 fnt\n|faint|p2a: Vaporeon\n|\n|-weather|SunnyDay|[upkeep]\n|upkeep\n|\n|t:|1700457588\n|switch|p2a: Zapdos|Zapdos|100\/100\n|turn|13\n|\n|t:|1700457593\n|-terastallize|p1a: Leafeon|Grass\n|move|p1a: Leafeon|Solar Blade||[still]\n|-prepare|p1a: Leafeon|Solar Blade\n|-anim|p1a: Leafeon|Solar Blade|p2a: Zapdos\n|-resisted|p2a: Zapdos\n|-damage|p2a: Zapdos|47\/100\n|move|p2a: Zapdos|Heat Wave|p1a: Leafeon\n|-supereffective|p1a: Leafeon\n|-damage|p1a: Leafeon|0 fnt\n|faint|p1a: Leafeon\n|\n|-weather|SunnyDay|[upkeep]\n|upkeep\n|\n|t:|1700457604\n|switch|p1a: Flareon|Flareon, M|76\/100\n|-damage|p1a: Flareon|51\/100|[from] Stealth Rock\n|turn|14\n|\n|t:|1700457616\n|switch|p2a: Toxapex|Toxapex, F|100\/100\n|move|p1a: Flareon|Body Slam|p2a: Toxapex\n|-damage|p2a: Toxapex|79\/100\n|\n|-weather|none\n|upkeep\n|turn|15\n|\n|t:|1700457624\n|move|p1a: Flareon|Body Slam|p2a: Toxapex\n|-damage|p2a: Toxapex|57\/100\n|move|p2a: Toxapex|Liquidation|p1a: Flareon\n|-supereffective|p1a: Flareon\n|-damage|p1a: Flareon|0 fnt\n|faint|p1a: Flareon\n|\n|upkeep\n|\n|t:|1700457632\n|switch|p1a: Sylveon|Sylveon, F, shiny|100\/100\n|-damage|p1a: Sylveon|88\/100|[from] Stealth Rock\n|turn|16\n|\n|t:|1700457641\n|switch|p2a: Zapdos|Zapdos|47\/100\n|move|p1a: Sylveon|Hyper Voice|p2a: Zapdos\n|-damage|p2a: Zapdos|0 fnt\n|faint|p2a: Zapdos\n|\n|upkeep\n|\n|t:|1700457647\n|switch|p2a: Toxapex|Toxapex, F|57\/100\n|turn|17\n|\n|t:|1700457650\n|move|p1a: Sylveon|Misty Terrain|p1a: Sylveon\n|-fieldstart|move: Misty Terrain\n|move|p2a: Toxapex|Gunk Shot|p1a: Sylveon\n|-supereffective|p1a: Sylveon\n|-damage|p1a: Sylveon|0 fnt\n|faint|p1a: Sylveon\n|\n|upkeep\n|\n|t:|1700457657\n|switch|p1a: Vaporeon|Vaporeon, F|100\/100\n|-damage|p1a: Vaporeon|88\/100|[from] Stealth Rock\n|turn|18\n|\n|t:|1700457668\n|move|p1a: Vaporeon|Muddy Water|p2a: Toxapex\n|-resisted|p2a: Toxapex\n|-damage|p2a: Toxapex|36\/100\n|move|p2a: Toxapex|Gunk Shot|p1a: Vaporeon\n|-damage|p1a: Vaporeon|7\/100\n|\n|upkeep\n|turn|19\n|\n|t:|1700457676\n|move|p1a: Vaporeon|Surf|p2a: Toxapex\n|-resisted|p2a: Toxapex\n|-damage|p2a: Toxapex|15\/100\n|move|p2a: Toxapex|Gunk Shot|p1a: Vaporeon\n|-damage|p1a: Vaporeon|0 fnt\n|faint|p1a: Vaporeon\n|\n|win|Kaick1478\n|raw|FlameAceGaming's rating: 1045 &rarr; <strong>1027<\/strong><br \/>(-18 for losing)\n|raw|Kaick1478's rating: 1010 &rarr; <strong>1052<\/strong><br \/>(+42 for winning)\n|c|\u2606FlameAceGaming|gg\n","uploadtime":1700457688,"views":9,"p1id":"flameacegaming","p2id":"kaick1478","formatid":"gen9nationaldex","rating":1027,"private":0,"password":""}