{"id":"gen9nationaldex-1992403980","p1":"TestFerroTech","p2":"daniel241595","format":"[Gen 9] National Dex","log":"|j|\u2606TestFerroTech\n|j|\u2606daniel241595\n|t:|1700183594\n|gametype|singles\n|player|p1|TestFerroTech|swimmer-gen4dp|1599\n|player|p2|daniel241595|gambler|1519\n|teamsize|p1|6\n|teamsize|p2|6\n|gen|9\n|tier|[Gen 9] National Dex\n|rated|\n|rule|HP Percentage Mod: HP is shown in percentages\n|rule|Endless Battle Clause: Forcing endless battles is banned\n|rule|OHKO Clause: OHKO moves are banned\n|rule|Evasion Clause: Evasion abilities, items, and moves are banned\n|rule|Evasion Abilities Clause: Evasion abilities are banned\n|rule|Evasion Items Clause: Evasion items are banned\n|rule|Evasion Moves Clause: Evasion moves are banned\n|rule|Species Clause: Limit one of each Pok\u00e9mon\n|rule|Sleep Clause Mod: Limit one foe put to sleep\n|clearpoke\n|poke|p1|Golurk|\n|poke|p1|Ferrothorn, M|\n|poke|p1|Ogerpon-Cornerstone, F|\n|poke|p1|Great Tusk|\n|poke|p1|Heatran, F|\n|poke|p1|Rotom-Wash|\n|poke|p2|Arcanine, M|\n|poke|p2|Flygon, F|\n|poke|p2|Empoleon, M|\n|poke|p2|Eelektross, F|\n|poke|p2|Florges, F|\n|poke|p2|Kleavor, M|\n|teampreview\n|inactive|Battle timer is ON: inactive players will automatically lose when time's up. (requested by TestFerroTech)\n|\n|t:|1700183607\n|start\n|switch|p1a: Ancient Himothy|Great Tusk|100\/100\n|switch|p2a: Eelektross|Eelektross, F|100\/100\n|turn|1\n|\n|t:|1700183614\n|-end|p1a: Ancient Himothy|Protosynthesis|[silent]\n|switch|p1a: Golester|Golurk|100\/100\n|move|p2a: Eelektross|Giga Drain|p1a: Golester\n|-supereffective|p1a: Golester\n|-damage|p1a: Golester|38\/100\n|\n|upkeep\n|turn|2\n|\n|t:|1700183624\n|switch|p1a: F\u00fchrerthron|Ferrothorn, M|100\/100\n|move|p2a: Eelektross|Giga Drain|p1a: F\u00fchrerthron\n|-resisted|p1a: F\u00fchrerthron\n|-damage|p1a: F\u00fchrerthron|96\/100\n|\n|-heal|p1a: F\u00fchrerthron|100\/100|[from] item: Leftovers\n|upkeep\n|turn|3\n|\n|t:|1700183627\n|move|p1a: F\u00fchrerthron|Protect|p1a: F\u00fchrerthron\n|-singleturn|p1a: F\u00fchrerthron|Protect\n|move|p2a: Eelektross|Flamethrower|p1a: F\u00fchrerthron\n|-activate|p1a: F\u00fchrerthron|move: Protect\n|\n|upkeep\n|turn|4\n|\n|t:|1700183637\n|switch|p1a: Heatran|Heatran, F|100\/100\n|move|p2a: Eelektross|Volt Switch|p1a: Heatran\n|-damage|p1a: Heatran|78\/100\n|\n|t:|1700183651\n|switch|p2a: Flygon|Flygon, F|100\/100|[from] Volt Switch\n|\n|-heal|p1a: Heatran|85\/100|[from] item: Leftovers\n|upkeep\n|turn|5\n|\n|t:|1700183665\n|switch|p2a: Kleavor|Kleavor, M|100\/100\n|switch|p1a: F\u00fchrerthron|Ferrothorn, M|100\/100\n|\n|upkeep\n|turn|6\n|\n|t:|1700183675\n|switch|p2a: Arcanine|Arcanine, M, shiny|100\/100\n|-ability|p2a: Arcanine|Intimidate|boost\n|-unboost|p1a: F\u00fchrerthron|atk|1\n|move|p1a: F\u00fchrerthron|Protect||[still]\n|-fail|p1a: F\u00fchrerthron\n|\n|upkeep\n|turn|7\n|\n|t:|1700183685\n|switch|p1a: Heatran|Heatran, F|85\/100\n|move|p2a: Arcanine|Close Combat|p1a: Heatran\n|-supereffective|p1a: Heatran\n|-damage|p1a: Heatran|0 fnt\n|-unboost|p2a: Arcanine|def|1\n|-unboost|p2a: Arcanine|spd|1\n|faint|p1a: Heatran\n|\n|upkeep\n|\n|t:|1700183689\n|switch|p1a: Golester|Golurk|38\/100\n|turn|8\n|\n|t:|1700183703\n|switch|p2a: Eelektross|Eelektross, F|100\/100\n|move|p1a: Golester|Poltergeist|p2a: Eelektross\n|-activate|p2a: Eelektross|move: Poltergeist|Assault Vest\n|-damage|p2a: Eelektross|0 fnt\n|faint|p2a: Eelektross\n|\n|upkeep\n|\n|t:|1700183718\n|switch|p2a: Kleavor|Kleavor, M|100\/100\n|turn|9\n|\n|t:|1700183721\n|switch|p1a: George-Washington|Rotom-Wash|100\/100\n|move|p2a: Kleavor|Knock Off|p1a: George-Washington\n|-damage|p1a: George-Washington|74\/100\n|-enditem|p1a: George-Washington|Leftovers|[from] move: Knock Off|[of] p2a: Kleavor\n|\n|upkeep\n|turn|10\n|\n|t:|1700183730\n|switch|p2a: Florges|Florges, F|100\/100\n|move|p1a: George-Washington|Will-O-Wisp|p2a: Florges\n|-status|p2a: Florges|brn\n|\n|-damage|p2a: Florges|94\/100 brn|[from] brn\n|upkeep\n|turn|11\n|\n|t:|1700183737\n|move|p1a: George-Washington|Volt Switch|p2a: Florges\n|-damage|p2a: Florges|79\/100 brn\n|\n|t:|1700183740\n|switch|p1a: F\u00fchrerthron|Ferrothorn, M|100\/100|[from] Volt Switch\n|move|p2a: Florges|Wish|p2a: Florges\n|\n|-heal|p2a: Florges|85\/100 brn|[from] item: Leftovers\n|-damage|p2a: Florges|79\/100 brn|[from] brn\n|upkeep\n|turn|12\n|\n|t:|1700183745\n|switch|p2a: Arcanine|Arcanine, M, shiny|100\/100\n|-ability|p2a: Arcanine|Intimidate|boost\n|-unboost|p1a: F\u00fchrerthron|atk|1\n|move|p1a: F\u00fchrerthron|Thunder Wave|p2a: Arcanine\n|-status|p2a: Arcanine|par\n|\n|upkeep\n|turn|13\n|\n|t:|1700183756\n|move|p1a: F\u00fchrerthron|Protect|p1a: F\u00fchrerthron\n|-singleturn|p1a: F\u00fchrerthron|Protect\n|move|p2a: Arcanine|Flare Blitz|p1a: F\u00fchrerthron\n|-activate|p1a: F\u00fchrerthron|move: Protect\n|\n|upkeep\n|turn|14\n|\n|t:|1700183762\n|switch|p1a: George-Washington|Rotom-Wash|74\/100\n|move|p2a: Arcanine|Flare Blitz|p1a: George-Washington\n|-resisted|p1a: George-Washington\n|-damage|p1a: George-Washington|37\/100\n|-damage|p2a: Arcanine|91\/100 par|[from] Recoil\n|\n|upkeep\n|turn|15\n|\n|t:|1700183768\n|switch|p2a: Florges|Florges, F|79\/100 brn\n|move|p1a: George-Washington|Hydro Pump|p2a: Florges\n|-damage|p2a: Florges|55\/100 brn\n|\n|-heal|p2a: Florges|61\/100 brn|[from] item: Leftovers\n|-damage|p2a: Florges|55\/100 brn|[from] brn\n|upkeep\n|turn|16\n|\n|t:|1700183774\n|move|p1a: George-Washington|Volt Switch|p2a: Florges\n|-damage|p2a: Florges|38\/100 brn\n|\n|t:|1700183776\n|switch|p1a: Golester|Golurk|38\/100|[from] Volt Switch\n|move|p2a: Florges|Aromatherapy|p2a: Florges\n|-activate|p2a: Florges|move: Aromatherapy\n|-curestatus|p2a: Florges|brn|[msg]\n|-curestatus|p2: Arcanine|par|[msg]\n|\n|-heal|p2a: Florges|44\/100|[from] item: Leftovers\n|upkeep\n|turn|17\n|\n|t:|1700183780\n|move|p1a: Golester|Poltergeist|p2a: Florges\n|-activate|p2a: Florges|move: Poltergeist|Leftovers\n|-damage|p2a: Florges|0 fnt\n|faint|p2a: Florges\n|\n|upkeep\n|\n|t:|1700183789\n|switch|p2a: Kleavor|Kleavor, M|100\/100\n|turn|18\n|\n|t:|1700183800\n|switch|p1a: F\u00fchrerthron|Ferrothorn, M|100\/100\n|move|p2a: Kleavor|Stone Axe|p1a: F\u00fchrerthron\n|-resisted|p1a: F\u00fchrerthron\n|-damage|p1a: F\u00fchrerthron|80\/100\n|-damage|p2a: Kleavor|88\/100|[from] ability: Iron Barbs|[of] p1a: F\u00fchrerthron\n|-sidestart|p1: TestFerroTech|move: Stealth Rock\n|\n|-heal|p1a: F\u00fchrerthron|86\/100|[from] item: Leftovers\n|upkeep\n|turn|19\n|\n|t:|1700183811\n|switch|p2a: Flygon|Flygon, F|100\/100\n|move|p1a: F\u00fchrerthron|Leech Seed|p2a: Flygon\n|-start|p2a: Flygon|move: Leech Seed\n|\n|-heal|p1a: F\u00fchrerthron|92\/100|[from] item: Leftovers\n|-damage|p2a: Flygon|88\/100|[from] Leech Seed|[of] p1a: F\u00fchrerthron\n|-heal|p1a: F\u00fchrerthron|100\/100|[silent]\n|upkeep\n|turn|20\n|\n|t:|1700183823\n|switch|p2a: Arcanine|Arcanine, M, shiny|91\/100\n|-ability|p2a: Arcanine|Intimidate|boost\n|-unboost|p1a: F\u00fchrerthron|atk|1\n|move|p1a: F\u00fchrerthron|Power Whip|p2a: Arcanine\n|-resisted|p2a: Arcanine\n|-damage|p2a: Arcanine|77\/100\n|\n|upkeep\n|turn|21\n|\n|t:|1700183831\n|move|p1a: F\u00fchrerthron|Protect|p1a: F\u00fchrerthron\n|-singleturn|p1a: F\u00fchrerthron|Protect\n|move|p2a: Arcanine|Flare Blitz|p1a: F\u00fchrerthron\n|-activate|p1a: F\u00fchrerthron|move: Protect\n|\n|upkeep\n|turn|22\n|\n|t:|1700183843\n|switch|p1a: George-Washington|Rotom-Wash|37\/100\n|-damage|p1a: George-Washington|25\/100|[from] Stealth Rock\n|move|p2a: Arcanine|Flare Blitz|p1a: George-Washington\n|-resisted|p1a: George-Washington\n|-damage|p1a: George-Washington|0 fnt\n|faint|p1a: George-Washington\n|-damage|p2a: Arcanine|70\/100|[from] Recoil\n|\n|upkeep\n|\n|t:|1700183844\n|switch|p1a: Ancient Himothy|Great Tusk|100\/100\n|-damage|p1a: Ancient Himothy|98\/100|[from] Stealth Rock\n|turn|23\n|\n|t:|1700183859\n|switch|p2a: Kleavor|Kleavor, M|88\/100\n|move|p1a: Ancient Himothy|Headlong Rush|p2a: Kleavor\n|-damage|p2a: Kleavor|5\/100\n|-unboost|p1a: Ancient Himothy|def|1\n|-unboost|p1a: Ancient Himothy|spd|1\n|\n|upkeep\n|turn|24\n|\n|t:|1700183878\n|move|p1a: Ancient Himothy|Headlong Rush|p2a: Kleavor\n|-damage|p2a: Kleavor|0 fnt\n|-unboost|p1a: Ancient Himothy|def|1\n|-unboost|p1a: Ancient Himothy|spd|1\n|faint|p2a: Kleavor\n|\n|upkeep\n|\n|t:|1700183882\n|switch|p2a: Flygon|Flygon, F|88\/100\n|turn|25\n|\n|t:|1700183887\n|-end|p1a: Ancient Himothy|Protosynthesis|[silent]\n|switch|p1a: F\u00fchrerthron|Ferrothorn, M|100\/100\n|-damage|p1a: F\u00fchrerthron|95\/100|[from] Stealth Rock\n|move|p2a: Flygon|Dragon Dance|p2a: Flygon\n|-boost|p2a: Flygon|atk|1\n|-boost|p2a: Flygon|spe|1\n|\n|-heal|p1a: F\u00fchrerthron|100\/100|[from] item: Leftovers\n|upkeep\n|turn|26\n|\n|t:|1700183902\n|move|p2a: Flygon|Dragon Dance|p2a: Flygon\n|-boost|p2a: Flygon|atk|1\n|-boost|p2a: Flygon|spe|1\n|move|p1a: F\u00fchrerthron|Power Whip|p2a: Flygon\n|-damage|p2a: Flygon|30\/100\n|\n|upkeep\n|turn|27\n|inactive|daniel241595 has 120 seconds left.\n|inactive|daniel241595 has 90 seconds left.\n|l|\u2606TestFerroTech\n|inactive|TestFerroTech disconnected and has a minute to reconnect!\n|player|p1|\n|j|\u2606TestFerroTech\n|inactive|TestFerroTech reconnected.\n|player|p1|TestFerroTech|swimmer-gen4dp\n|inactive|daniel241595 has 60 seconds left.\n|inactive|daniel241595 has 30 seconds left.\n|inactive|daniel241595 has 20 seconds left.\n|inactive|daniel241595 has 15 seconds left.\n|inactive|daniel241595 has 10 seconds left.\n|\n|t:|1700184038\n|move|p2a: Flygon|Earthquake|p1a: F\u00fchrerthron\n|-damage|p1a: F\u00fchrerthron|14\/100\n|-damage|p2a: Flygon|20\/100|[from] item: Life Orb\n|move|p1a: F\u00fchrerthron|Power Whip|p2a: Flygon|[miss]\n|-miss|p1a: F\u00fchrerthron|p2a: Flygon\n|\n|-heal|p1a: F\u00fchrerthron|20\/100|[from] item: Leftovers\n|upkeep\n|turn|28\n|inactive|daniel241595 has 20 seconds left this turn.\n|inactive|daniel241595 has 15 seconds left.\n|\n|t:|1700184057\n|-terastallize|p2a: Flygon|Steel\n|move|p1a: F\u00fchrerthron|Protect|p1a: F\u00fchrerthron\n|-singleturn|p1a: F\u00fchrerthron|Protect\n|move|p2a: Flygon|Roost|p2a: Flygon\n|-heal|p2a: Flygon|70\/100\n|\n|-heal|p1a: F\u00fchrerthron|26\/100|[from] item: Leftovers\n|upkeep\n|turn|29\n|inactive|daniel241595 has 25 seconds left this turn.\n|inactive|daniel241595 has 20 seconds left.\n|\n|t:|1700184065\n|move|p2a: Flygon|Earthquake|p1a: F\u00fchrerthron\n|-damage|p1a: F\u00fchrerthron|0 fnt\n|faint|p1a: F\u00fchrerthron\n|-damage|p2a: Flygon|60\/100|[from] item: Life Orb\n|\n|upkeep\n|inactive|daniel241595 has 25 seconds left this turn.\n|\n|t:|1700184071\n|switch|p1a: Ancient Himothy|Great Tusk|98\/100\n|-damage|p1a: Ancient Himothy|95\/100|[from] Stealth Rock\n|turn|30\n|\n|t:|1700184075\n|move|p2a: Flygon|Dual Wingbeat|p1a: Ancient Himothy\n|-supereffective|p1a: Ancient Himothy\n|-damage|p1a: Ancient Himothy|53\/100\n|-supereffective|p1a: Ancient Himothy\n|-damage|p1a: Ancient Himothy|10\/100\n|-hitcount|p1a: Ancient Himothy|2\n|-damage|p2a: Flygon|50\/100|[from] item: Life Orb\n|move|p1a: Ancient Himothy|Headlong Rush|p2a: Flygon\n|-immune|p2a: Flygon|[from] ability: Levitate\n|\n|upkeep\n|turn|31\n|-message|TestFerroTech forfeited.\n|\n|win|daniel241595\n|raw|TestFerroTech's rating: 1599 &rarr; <strong>1574<\/strong><br \/>(-25 for losing)\n|raw|daniel241595's rating: 1519 &rarr; <strong>1544<\/strong><br \/>(+25 for winning)\n|l|\u2606TestFerroTech\n","uploadtime":1700184087,"views":31,"p1id":"testferrotech","p2id":"daniel241595","formatid":"gen9nationaldex","rating":1544,"private":0,"password":""}