{"id":"gen9nationaldex-1991967910","p1":"Souravgotthepkmn1","p2":"Dhaval101","format":"[Gen 9] National Dex","log":"|j|\u2606Souravgotthepkmn1\n|j|\u2606Dhaval101\n|t:|1700143523\n|gametype|singles\n|player|p1|Souravgotthepkmn1|gambler|\n|player|p2|Dhaval101|riley|\n|teamsize|p1|6\n|teamsize|p2|6\n|gen|9\n|tier|[Gen 9] National Dex\n|rule|HP Percentage Mod: HP is shown in percentages\n|rule|Endless Battle Clause: Forcing endless battles is banned\n|rule|OHKO Clause: OHKO moves are banned\n|rule|Evasion Clause: Evasion abilities, items, and moves are banned\n|rule|Evasion Abilities Clause: Evasion abilities are banned\n|rule|Evasion Items Clause: Evasion items are banned\n|rule|Evasion Moves Clause: Evasion moves are banned\n|rule|Species Clause: Limit one of each Pok\u00e9mon\n|rule|Sleep Clause Mod: Limit one foe put to sleep\n|clearpoke\n|poke|p1|Scizor, M|\n|poke|p1|Machamp, F|\n|poke|p1|Inteleon, M|\n|poke|p1|Slither Wing|\n|poke|p1|Garganacl, F|\n|poke|p1|Meowscarada, M|\n|poke|p2|Iron Jugulis|\n|poke|p2|Crobat, M|\n|poke|p2|Glimmora, F|\n|poke|p2|Lopunny, M|\n|poke|p2|Grimmsnarl, M|\n|poke|p2|Typhlosion, M|\n|teampreview\n|inactive|Battle timer is ON: inactive players will automatically lose when time's up. (requested by Souravgotthepkmn1)\n|\n|t:|1700143535\n|start\n|switch|p1a: Inteleon|Inteleon, M|100\/100\n|switch|p2a: Crobat|Crobat, M|100\/100\n|turn|1\n|\n|t:|1700143546\n|move|p2a: Crobat|Brave Bird|p1a: Inteleon\n|-damage|p1a: Inteleon|0 fnt\n|faint|p1a: Inteleon\n|-damage|p2a: Crobat|71\/100|[from] Recoil\n|\n|upkeep\n|\n|t:|1700143559\n|switch|p1a: Garganacl|Garganacl, F|100\/100\n|turn|2\n|\n|t:|1700143566\n|switch|p2a: Lopunny|Lopunny, M|100\/100\n|move|p1a: Garganacl|Iron Defense|p1a: Garganacl\n|-boost|p1a: Garganacl|def|2\n|\n|upkeep\n|turn|3\n|\n|t:|1700143574\n|detailschange|p2a: Lopunny|Lopunny-Mega, M\n|-mega|p2a: Lopunny|Lopunny|Lopunnite\n|move|p2a: Lopunny|Thunder Wave|p1a: Garganacl\n|-immune|p1a: Garganacl|[from] ability: Purifying Salt\n|move|p1a: Garganacl|Iron Defense|p1a: Garganacl\n|-boost|p1a: Garganacl|def|2\n|\n|upkeep\n|turn|4\n|\n|t:|1700143588\n|move|p2a: Lopunny|Close Combat|p1a: Garganacl\n|-supereffective|p1a: Garganacl\n|-damage|p1a: Garganacl|77\/100\n|-unboost|p2a: Lopunny|def|1\n|-unboost|p2a: Lopunny|spd|1\n|move|p1a: Garganacl|Salt Cure|p2a: Lopunny\n|-resisted|p2a: Lopunny\n|-damage|p2a: Lopunny|87\/100\n|-start|p2a: Lopunny|Salt Cure\n|\n|-heal|p1a: Garganacl|83\/100|[from] item: Leftovers\n|-damage|p2a: Lopunny|75\/100|[from] Salt Cure\n|upkeep\n|turn|5\n|\n|t:|1700143602\n|move|p2a: Lopunny|Close Combat|p1a: Garganacl\n|-supereffective|p1a: Garganacl\n|-damage|p1a: Garganacl|60\/100\n|-unboost|p2a: Lopunny|def|1\n|-unboost|p2a: Lopunny|spd|1\n|move|p1a: Garganacl|Iron Defense|p1a: Garganacl\n|-boost|p1a: Garganacl|def|2\n|\n|-heal|p1a: Garganacl|66\/100|[from] item: Leftovers\n|-damage|p2a: Lopunny|63\/100|[from] Salt Cure\n|upkeep\n|turn|6\n|\n|t:|1700143616\n|move|p2a: Lopunny|Close Combat|p1a: Garganacl\n|-supereffective|p1a: Garganacl\n|-damage|p1a: Garganacl|50\/100\n|-unboost|p2a: Lopunny|def|1\n|-unboost|p2a: Lopunny|spd|1\n|move|p1a: Garganacl|Body Press|p2a: Lopunny\n|-supereffective|p2a: Lopunny\n|-damage|p2a: Lopunny|0 fnt\n|faint|p2a: Lopunny\n|\n|-heal|p1a: Garganacl|56\/100|[from] item: Leftovers\n|upkeep\n|\n|t:|1700143630\n|switch|p2a: Iron Jugulis|Iron Jugulis|100\/100\n|-enditem|p2a: Iron Jugulis|Booster Energy\n|-activate|p2a: Iron Jugulis|ability: Quark Drive|[fromitem]\n|-start|p2a: Iron Jugulis|quarkdrivespe\n|turn|7\n|\n|t:|1700143637\n|-terastallize|p2a: Iron Jugulis|Ground\n|move|p2a: Iron Jugulis|Earth Power|p1a: Garganacl\n|-supereffective|p1a: Garganacl\n|-damage|p1a: Garganacl|0 fnt\n|faint|p1a: Garganacl\n|\n|upkeep\n|\n|t:|1700143645\n|switch|p1a: Meowscarada|Meowscarada, M|100\/100\n|turn|8\n|\n|t:|1700143652\n|move|p1a: Meowscarada|Flower Trick|p2a: Iron Jugulis\n|-start|p1a: Meowscarada|typechange|Grass|[from] ability: Protean\n|-supereffective|p2a: Iron Jugulis\n|-crit|p2a: Iron Jugulis\n|-damage|p2a: Iron Jugulis|0 fnt\n|faint|p2a: Iron Jugulis\n|-end|p2a: Iron Jugulis|Quark Drive|[silent]\n|\n|upkeep\n|\n|t:|1700143662\n|switch|p2a: Typhlosion|Typhlosion, M|100\/100\n|turn|9\n|\n|t:|1700143673\n|switch|p1a: Machamp|Machamp, F|100\/100\n|move|p2a: Typhlosion|Eruption|p1a: Machamp\n|-damage|p1a: Machamp|29\/100\n|\n|-status|p1a: Machamp|brn|[from] item: Flame Orb\n|upkeep\n|turn|10\n|\n|t:|1700143692\n|switch|p2a: Grimmsnarl|Grimmsnarl, M|100\/100\n|move|p1a: Machamp|Bullet Punch|p2a: Grimmsnarl\n|-supereffective|p2a: Grimmsnarl\n|-damage|p2a: Grimmsnarl|46\/100\n|\n|-damage|p1a: Machamp|23\/100 brn|[from] brn\n|upkeep\n|turn|11\n|\n|t:|1700143701\n|move|p2a: Grimmsnarl|Fake Out|p1a: Machamp\n|-damage|p1a: Machamp|8\/100 brn\n|cant|p1a: Machamp|flinch\n|\n|-damage|p1a: Machamp|2\/100 brn|[from] brn\n|upkeep\n|turn|12\n|\n|t:|1700143718\n|move|p2a: Grimmsnarl|Parting Shot|p1a: Machamp\n|-unboost|p1a: Machamp|atk|1\n|-unboost|p1a: Machamp|spa|1\n|\n|t:|1700143722\n|switch|p2a: Crobat|Crobat, M|71\/100|[from] Parting Shot\n|move|p1a: Machamp|Bullet Punch|p2a: Crobat\n|-damage|p2a: Crobat|51\/100\n|\n|-damage|p1a: Machamp|0 fnt|[from] brn\n|faint|p1a: Machamp\n|upkeep\n|\n|t:|1700143736\n|switch|p1a: Scizor|Scizor, M|100\/100\n|turn|13\n|\n|t:|1700143742\n|detailschange|p1a: Scizor|Scizor-Mega, M\n|-mega|p1a: Scizor|Scizor|Scizorite\n|move|p2a: Crobat|Brave Bird|p1a: Scizor\n|-damage|p1a: Scizor|43\/100\n|-damage|p2a: Crobat|30\/100|[from] Recoil\n|move|p1a: Scizor|Swords Dance|p1a: Scizor\n|-boost|p1a: Scizor|atk|2\n|\n|upkeep\n|turn|14\n|\n|t:|1700143760\n|move|p1a: Scizor|Bullet Punch|p2a: Crobat\n|-damage|p2a: Crobat|0 fnt\n|faint|p2a: Crobat\n|\n|upkeep\n|\n|t:|1700143765\n|switch|p2a: Glimmora|Glimmora, F|100\/100\n|turn|15\n|\n|t:|1700143774\n|move|p1a: Scizor|Bullet Punch|p2a: Glimmora\n|-supereffective|p2a: Glimmora\n|-enditem|p2a: Glimmora|Focus Sash\n|-damage|p2a: Glimmora|1\/100\n|-activate|p2a: Glimmora|ability: Toxic Debris\n|-sidestart|p1: Souravgotthepkmn1|move: Toxic Spikes\n|move|p2a: Glimmora|Earth Power|p1a: Scizor\n|-damage|p1a: Scizor|7\/100\n|\n|upkeep\n|turn|16\n|\n|t:|1700143784\n|move|p1a: Scizor|Bullet Punch|p2a: Glimmora\n|-supereffective|p2a: Glimmora\n|-damage|p2a: Glimmora|0 fnt\n|-activate|p2a: Glimmora|ability: Toxic Debris\n|-sidestart|p1: Souravgotthepkmn1|move: Toxic Spikes\n|faint|p2a: Glimmora\n|\n|upkeep\n|\n|t:|1700143791\n|switch|p2a: Grimmsnarl|Grimmsnarl, M|46\/100\n|turn|17\n|\n|t:|1700143804\n|move|p2a: Grimmsnarl|Fake Out|p1a: Scizor\n|-resisted|p1a: Scizor\n|-damage|p1a: Scizor|2\/100\n|cant|p1a: Scizor|flinch\n|\n|upkeep\n|turn|18\n|\n|t:|1700143810\n|move|p1a: Scizor|Bullet Punch|p2a: Grimmsnarl\n|-supereffective|p2a: Grimmsnarl\n|-damage|p2a: Grimmsnarl|0 fnt\n|faint|p2a: Grimmsnarl\n|\n|upkeep\n|\n|t:|1700143816\n|switch|p2a: Typhlosion|Typhlosion, M|100\/100\n|turn|19\n|\n|t:|1700143823\n|move|p1a: Scizor|Bullet Punch|p2a: Typhlosion\n|-resisted|p2a: Typhlosion\n|-damage|p2a: Typhlosion|54\/100\n|move|p2a: Typhlosion|Eruption|p1a: Scizor\n|-supereffective|p1a: Scizor\n|-damage|p1a: Scizor|0 fnt\n|faint|p1a: Scizor\n|\n|upkeep\n|\n|t:|1700143835\n|switch|p1a: Slither Wing|Slither Wing, shiny|100\/100\n|-status|p1a: Slither Wing|tox\n|turn|20\n|\n|t:|1700143846\n|-terastallize|p1a: Slither Wing|Bug\n|move|p1a: Slither Wing|First Impression|p2a: Typhlosion\n|-resisted|p2a: Typhlosion\n|-damage|p2a: Typhlosion|0 fnt\n|faint|p2a: Typhlosion\n|\n|win|Souravgotthepkmn1\n|l|\u2606Dhaval101\n","uploadtime":1700143968,"views":4,"p1id":"souravgotthepkmn1","p2id":"dhaval101","formatid":"gen9nationaldex","rating":0,"private":0,"password":""}