{"id":"gen9nationaldex-1992642139","p1":"BJMN_MIDD29","p2":"runeatest","format":"[Gen 9] National Dex","log":"|j|\u2606BJMN_MIDD29\n|j|\u2606runeatest\n|t:|1700219239\n|gametype|singles\n|player|p1|BJMN_MIDD29|ethan|1092\n|player|p2|runeatest|fisherman-gen4|1076\n|teamsize|p1|6\n|teamsize|p2|6\n|gen|9\n|tier|[Gen 9] National Dex\n|rated|\n|rule|HP Percentage Mod: HP is shown in percentages\n|rule|Endless Battle Clause: Forcing endless battles is banned\n|rule|OHKO Clause: OHKO moves are banned\n|rule|Evasion Clause: Evasion abilities, items, and moves are banned\n|rule|Evasion Abilities Clause: Evasion abilities are banned\n|rule|Evasion Items Clause: Evasion items are banned\n|rule|Evasion Moves Clause: Evasion moves are banned\n|rule|Species Clause: Limit one of each Pok\u00e9mon\n|rule|Sleep Clause Mod: Limit one foe put to sleep\n|clearpoke\n|poke|p1|Flareon, M|\n|poke|p1|Garganacl, M|\n|poke|p1|Decidueye-Hisui, M|\n|poke|p1|Clawitzer, M|\n|poke|p1|Swampert, M|\n|poke|p1|Porygon2|\n|poke|p2|Sylveon, M|\n|poke|p2|Haxorus, M|\n|poke|p2|Linoone, M|\n|poke|p2|Manectric, M|\n|poke|p2|Krookodile, M|\n|poke|p2|Mantine, F|\n|teampreview\n|inactive|Battle timer is ON: inactive players will automatically lose when time's up. (requested by BJMN_MIDD29)\n|inactive|runeatest has 120 seconds left.\n|\n|t:|1700219303\n|start\n|switch|p1a: Flareon|Flareon, M|100\/100\n|switch|p2a: Krookodile|Krookodile, M|100\/100\n|-ability|p2a: Krookodile|Intimidate|boost\n|-unboost|p1a: Flareon|atk|1\n|turn|1\n|\n|t:|1700219313\n|switch|p1a: Decidueye|Decidueye-Hisui, M|100\/100\n|move|p2a: Krookodile|Stealth Rock|p1a: Decidueye\n|-sidestart|p1: BJMN_MIDD29|move: Stealth Rock\n|\n|upkeep\n|turn|2\n|\n|t:|1700219318\n|switch|p2a: Mantine|Mantine, F|100\/100\n|move|p1a: Decidueye|Triple Arrows|p2a: Mantine\n|-resisted|p2a: Mantine\n|-damage|p2a: Mantine|81\/100\n|\n|-heal|p2a: Mantine|87\/100|[from] item: Leftovers\n|upkeep\n|turn|3\n|\n|t:|1700219326\n|move|p2a: Mantine|Air Slash|p1a: Decidueye\n|-supereffective|p1a: Decidueye\n|-damage|p1a: Decidueye|14\/100\n|move|p1a: Decidueye|Leaf Blade|p2a: Mantine\n|-damage|p2a: Mantine|46\/100\n|\n|-heal|p2a: Mantine|52\/100|[from] item: Leftovers\n|upkeep\n|turn|4\n|\n|t:|1700219337\n|move|p2a: Mantine|Ice Beam|p1a: Decidueye\n|-supereffective|p1a: Decidueye\n|-damage|p1a: Decidueye|0 fnt\n|faint|p1a: Decidueye\n|\n|-heal|p2a: Mantine|58\/100|[from] item: Leftovers\n|upkeep\n|\n|t:|1700219341\n|switch|p1a: Porygon2|Porygon2|100\/100\n|-damage|p1a: Porygon2|88\/100|[from] Stealth Rock\n|-ability|p1a: Porygon2|Water Absorb|[from] ability: Trace|[of] p2a: Mantine\n|turn|5\n|\n|t:|1700219348\n|switch|p2a: Krookodile|Krookodile, M|100\/100\n|-ability|p2a: Krookodile|Intimidate|boost\n|-unboost|p1a: Porygon2|atk|1\n|move|p1a: Porygon2|Thunderbolt|p2a: Krookodile\n|-immune|p2a: Krookodile\n|\n|upkeep\n|turn|6\n|\n|t:|1700219361\n|move|p2a: Krookodile|Earthquake|p1a: Porygon2\n|-crit|p1a: Porygon2\n|-damage|p1a: Porygon2|47\/100\n|move|p1a: Porygon2|Ice Beam|p2a: Krookodile\n|-supereffective|p2a: Krookodile\n|-damage|p2a: Krookodile|33\/100\n|-status|p2a: Krookodile|frz\n|\n|upkeep\n|turn|7\n|\n|t:|1700219375\n|cant|p2a: Krookodile|frz\n|move|p1a: Porygon2|Ice Beam|p2a: Krookodile\n|-supereffective|p2a: Krookodile\n|-damage|p2a: Krookodile|0 fnt\n|faint|p2a: Krookodile\n|\n|upkeep\n|\n|t:|1700219382\n|switch|p2a: Lionel Messi|Linoone, M|100\/100\n|turn|8\n|\n|t:|1700219393\n|move|p2a: Lionel Messi|Belly Drum|p2a: Lionel Messi\n|-damage|p2a: Lionel Messi|50\/100\n|-setboost|p2a: Lionel Messi|atk|6|[from] move: Belly Drum\n|-enditem|p2a: Lionel Messi|Mago Berry|[eat]\n|-heal|p2a: Lionel Messi|84\/100|[from] item: Mago Berry\n|move|p1a: Porygon2|Tri Attack|p2a: Lionel Messi\n|-damage|p2a: Lionel Messi|12\/100\n|-status|p2a: Lionel Messi|brn\n|\n|-damage|p2a: Lionel Messi|6\/100 brn|[from] brn\n|upkeep\n|turn|9\n|\n|t:|1700219404\n|move|p2a: Lionel Messi|Extreme Speed|p1a: Porygon2\n|-damage|p1a: Porygon2|10\/100\n|move|p1a: Porygon2|Tri Attack|p2a: Lionel Messi\n|-damage|p2a: Lionel Messi|0 fnt\n|faint|p2a: Lionel Messi\n|\n|upkeep\n|\n|t:|1700219413\n|switch|p2a: Sylveon|Sylveon, M, shiny|100\/100\n|turn|10\n|\n|t:|1700219416\n|move|p2a: Sylveon|Hyper Voice|p1a: Porygon2\n|-damage|p1a: Porygon2|0 fnt\n|faint|p1a: Porygon2\n|\n|upkeep\n|\n|t:|1700219422\n|switch|p1a: Clawitzer|Clawitzer, M|100\/100\n|-damage|p1a: Clawitzer|88\/100|[from] Stealth Rock\n|turn|11\n|\n|t:|1700219426\n|move|p2a: Sylveon|Hyper Voice|p1a: Clawitzer\n|-damage|p1a: Clawitzer|13\/100\n|move|p1a: Clawitzer|Rain Dance|p1a: Clawitzer\n|-weather|RainDance\n|\n|-weather|RainDance|[upkeep]\n|upkeep\n|turn|12\n|\n|t:|1700219439\n|switch|p2a: Mantine|Mantine, F|58\/100\n|move|p1a: Clawitzer|Water Pulse|p2a: Mantine\n|-heal|p2a: Mantine|83\/100|[from] ability: Water Absorb|[of] p1a: Clawitzer\n|\n|-weather|RainDance|[upkeep]\n|-heal|p2a: Mantine|89\/100|[from] item: Leftovers\n|upkeep\n|turn|13\n|\n|t:|1700219448\n|switch|p1a: Swampert|Swampert, M|100\/100\n|-damage|p1a: Swampert|94\/100|[from] Stealth Rock\n|move|p2a: Mantine|Ice Beam|p1a: Swampert\n|-damage|p1a: Swampert|79\/100\n|\n|-weather|RainDance|[upkeep]\n|-heal|p2a: Mantine|95\/100|[from] item: Leftovers\n|upkeep\n|turn|14\n|\n|t:|1700219459\n|detailschange|p1a: Swampert|Swampert-Mega, M\n|-mega|p1a: Swampert|Swampert|Swampertite\n|move|p1a: Swampert|Rock Slide|p2a: Mantine\n|-supereffective|p2a: Mantine\n|-damage|p2a: Mantine|38\/100\n|move|p2a: Mantine|Hydro Pump|p1a: Swampert|[miss]\n|-miss|p2a: Mantine|p1a: Swampert\n|\n|-weather|RainDance|[upkeep]\n|-heal|p2a: Mantine|44\/100|[from] item: Leftovers\n|upkeep\n|turn|15\n|\n|t:|1700219471\n|move|p1a: Swampert|Rock Slide|p2a: Mantine\n|-supereffective|p2a: Mantine\n|-damage|p2a: Mantine|0 fnt\n|faint|p2a: Mantine\n|\n|-weather|RainDance|[upkeep]\n|upkeep\n|\n|t:|1700219477\n|switch|p2a: Sylveon|Sylveon, M, shiny|100\/100\n|turn|16\n|\n|t:|1700219483\n|move|p1a: Swampert|Liquidation|p2a: Sylveon\n|-damage|p2a: Sylveon|7\/100\n|move|p2a: Sylveon|Hyper Voice|p1a: Swampert\n|-damage|p1a: Swampert|32\/100\n|\n|-weather|RainDance|[upkeep]\n|upkeep\n|turn|17\n|\n|t:|1700219492\n|move|p1a: Swampert|Liquidation|p2a: Sylveon\n|-damage|p2a: Sylveon|0 fnt\n|faint|p2a: Sylveon\n|\n|-weather|RainDance|[upkeep]\n|upkeep\n|\n|t:|1700219497\n|switch|p2a: Manectric|Manectric, M|100\/100\n|turn|18\n|\n|t:|1700219501\n|detailschange|p2a: Manectric|Manectric-Mega, M\n|-mega|p2a: Manectric|Manectric|Manectite\n|-ability|p2a: Manectric|Intimidate|boost\n|-unboost|p1a: Swampert|atk|1\n|move|p2a: Manectric|Hyper Voice|p1a: Swampert\n|-damage|p1a: Swampert|4\/100\n|move|p1a: Swampert|Earthquake|p2a: Manectric\n|-supereffective|p2a: Manectric\n|-damage|p2a: Manectric|0 fnt\n|faint|p2a: Manectric\n|\n|-weather|none\n|upkeep\n|\n|t:|1700219511\n|switch|p2a: Haxorus|Haxorus, M, shiny|100\/100\n|-ability|p2a: Haxorus|Mold Breaker\n|turn|19\n|\n|t:|1700219518\n|move|p2a: Haxorus|Dragon Dance|p2a: Haxorus\n|-boost|p2a: Haxorus|atk|1\n|-boost|p2a: Haxorus|spe|1\n|move|p1a: Swampert|Ice Punch|p2a: Haxorus\n|-supereffective|p2a: Haxorus\n|-damage|p2a: Haxorus|45\/100\n|\n|upkeep\n|turn|20\n|\n|t:|1700219524\n|move|p2a: Haxorus|Earthquake|p1a: Swampert\n|-damage|p1a: Swampert|0 fnt\n|faint|p1a: Swampert\n|\n|upkeep\n|\n|t:|1700219530\n|switch|p1a: Clawitzer|Clawitzer, M|13\/100\n|-damage|p1a: Clawitzer|1\/100|[from] Stealth Rock\n|turn|21\n|\n|t:|1700219535\n|move|p2a: Haxorus|Earthquake|p1a: Clawitzer\n|-damage|p1a: Clawitzer|0 fnt\n|faint|p1a: Clawitzer\n|\n|upkeep\n|\n|t:|1700219542\n|switch|p1a: Flareon|Flareon, M|100\/100\n|-damage|p1a: Flareon|76\/100|[from] Stealth Rock\n|turn|22\n|\n|t:|1700219550\n|-terastallize|p1a: Flareon|Normal\n|move|p2a: Haxorus|Earthquake|p1a: Flareon\n|-damage|p1a: Flareon|0 fnt\n|faint|p1a: Flareon\n|\n|upkeep\n|\n|t:|1700219555\n|switch|p1a: Garganacl|Garganacl, M|100\/100\n|-damage|p1a: Garganacl|88\/100|[from] Stealth Rock\n|turn|23\n|\n|t:|1700219560\n|move|p2a: Haxorus|Dragon Dance|p2a: Haxorus\n|-boost|p2a: Haxorus|atk|1\n|-boost|p2a: Haxorus|spe|1\n|move|p1a: Garganacl|Body Press|p2a: Haxorus\n|-damage|p2a: Haxorus|17\/100\n|\n|-heal|p1a: Garganacl|94\/100|[from] item: Leftovers\n|upkeep\n|turn|24\n|\n|t:|1700219569\n|-terastallize|p2a: Haxorus|Ground\n|move|p2a: Haxorus|Earthquake|p1a: Garganacl\n|-supereffective|p1a: Garganacl\n|-damage|p1a: Garganacl|0 fnt\n|faint|p1a: Garganacl\n|\n|win|runeatest\n|raw|BJMN_MIDD29's rating: 1092 &rarr; <strong>1067<\/strong><br \/>(-25 for losing)\n|raw|runeatest's rating: 1076 &rarr; <strong>1106<\/strong><br \/>(+30 for winning)\n|l|\u2606BJMN_MIDD29\n","uploadtime":1700219577,"views":5,"p1id":"bjmnmidd29","p2id":"runeatest","formatid":"gen9nationaldex","rating":1067,"private":0,"password":""}