{"id":"gen9nationaldex-1988264628","p1":"SILINO","p2":"sedsf","format":"[Gen 9] National Dex","log":"|j|\u2606SILINO\n|j|\u2606sedsf\n|t:|1699697544\n|gametype|singles\n|player|p1|SILINO|giovanni|1054\n|player|p2|sedsf|rosa|1071\n|teamsize|p1|6\n|teamsize|p2|6\n|gen|9\n|tier|[Gen 9] National Dex\n|rated|\n|rule|HP Percentage Mod: HP is shown in percentages\n|rule|Endless Battle Clause: Forcing endless battles is banned\n|rule|OHKO Clause: OHKO moves are banned\n|rule|Evasion Clause: Evasion abilities, items, and moves are banned\n|rule|Evasion Abilities Clause: Evasion abilities are banned\n|rule|Evasion Items Clause: Evasion items are banned\n|rule|Evasion Moves Clause: Evasion moves are banned\n|rule|Species Clause: Limit one of each Pok\u00e9mon\n|rule|Sleep Clause Mod: Limit one foe put to sleep\n|clearpoke\n|poke|p1|Zapdos|\n|poke|p1|Pelipper, F|\n|poke|p1|Ludicolo, F|\n|poke|p1|Electivire, F|\n|poke|p1|Gyarados, F|\n|poke|p1|Politoed, M|\n|poke|p2|Sinistcha-Masterpiece|\n|poke|p2|Clodsire, F|\n|poke|p2|Banette, M|\n|poke|p2|Zapdos|\n|poke|p2|Ogerpon-Wellspring, F|\n|poke|p2|Garganacl, F|\n|teampreview\n|inactive|Battle timer is ON: inactive players will automatically lose when time's up. (requested by sedsf)\n|\n|t:|1699697555\n|start\n|switch|p1a: Pelipper|Pelipper, F|100\/100\n|switch|p2a: Sinistcha|Sinistcha-Masterpiece|100\/100\n|-weather|RainDance|[from] ability: Drizzle|[of] p1a: Pelipper\n|turn|1\n|\n|t:|1699697559\n|-terastallize|p2a: Sinistcha|Poison\n|move|p2a: Sinistcha|Calm Mind|p2a: Sinistcha\n|-boost|p2a: Sinistcha|spa|1\n|-boost|p2a: Sinistcha|spd|1\n|move|p1a: Pelipper|Hurricane|p2a: Sinistcha\n|-damage|p2a: Sinistcha|71\/100\n|-start|p2a: Sinistcha|confusion\n|\n|-weather|RainDance|[upkeep]\n|-heal|p2a: Sinistcha|77\/100|[from] item: Leftovers\n|upkeep\n|turn|2\n|\n|t:|1699697574\n|switch|p1a: Zapdos|Zapdos|100\/100\n|-activate|p2a: Sinistcha|confusion\n|move|p2a: Sinistcha|Matcha Gotcha|p1a: Zapdos\n|-resisted|p1a: Zapdos\n|-damage|p1a: Zapdos|71\/100\n|-heal|p2a: Sinistcha|91\/100|[from] drain|[of] p1a: Zapdos\n|\n|-weather|RainDance|[upkeep]\n|-heal|p2a: Sinistcha|97\/100|[from] item: Leftovers\n|upkeep\n|turn|3\n|\n|t:|1699697580\n|move|p1a: Zapdos|Thunder|p2a: Sinistcha\n|-damage|p2a: Sinistcha|55\/100\n|-damage|p1a: Zapdos|61\/100|[from] item: Life Orb\n|-activate|p2a: Sinistcha|confusion\n|move|p2a: Sinistcha|Calm Mind|p2a: Sinistcha\n|-boost|p2a: Sinistcha|spa|1\n|-boost|p2a: Sinistcha|spd|1\n|\n|-weather|RainDance|[upkeep]\n|-heal|p2a: Sinistcha|61\/100|[from] item: Leftovers\n|upkeep\n|turn|4\n|\n|t:|1699697588\n|move|p1a: Zapdos|Thunder|p2a: Sinistcha\n|-damage|p2a: Sinistcha|28\/100\n|-status|p2a: Sinistcha|par\n|-damage|p1a: Zapdos|51\/100|[from] item: Life Orb\n|-end|p2a: Sinistcha|confusion\n|move|p2a: Sinistcha|Strength Sap|p1a: Zapdos\n|-unboost|p1a: Zapdos|atk|1\n|-heal|p2a: Sinistcha|76\/100 par\n|\n|-weather|RainDance|[upkeep]\n|-heal|p2a: Sinistcha|82\/100 par|[from] item: Leftovers\n|upkeep\n|turn|5\n|\n|t:|1699697605\n|move|p1a: Zapdos|Thunder|p2a: Sinistcha\n|-damage|p2a: Sinistcha|49\/100 par\n|-damage|p1a: Zapdos|41\/100|[from] item: Life Orb\n|move|p2a: Sinistcha|Calm Mind|p2a: Sinistcha\n|-boost|p2a: Sinistcha|spa|1\n|-boost|p2a: Sinistcha|spd|1\n|\n|-weather|RainDance|[upkeep]\n|-heal|p2a: Sinistcha|55\/100 par|[from] item: Leftovers\n|upkeep\n|turn|6\n|\n|t:|1699697613\n|move|p1a: Zapdos|Hurricane|p2a: Sinistcha\n|-damage|p2a: Sinistcha|30\/100 par\n|-start|p2a: Sinistcha|confusion\n|-damage|p1a: Zapdos|31\/100|[from] item: Life Orb\n|-activate|p2a: Sinistcha|confusion\n|move|p2a: Sinistcha|Matcha Gotcha|p1a: Zapdos\n|-resisted|p1a: Zapdos\n|-damage|p1a: Zapdos|0 fnt\n|-heal|p2a: Sinistcha|44\/100 par|[from] drain|[of] p1a: Zapdos\n|faint|p1a: Zapdos\n|\n|-weather|RainDance|[upkeep]\n|-heal|p2a: Sinistcha|50\/100 par|[from] item: Leftovers\n|upkeep\n|\n|t:|1699697622\n|switch|p1a: Electivire|Electivire, F|100\/100\n|turn|7\n|\n|t:|1699697629\n|move|p1a: Electivire|Thunder Punch|p2a: Sinistcha\n|-damage|p2a: Sinistcha|6\/100 par\n|-activate|p2a: Sinistcha|confusion\n|move|p2a: Sinistcha|Strength Sap|p1a: Electivire\n|-unboost|p1a: Electivire|atk|1\n|-heal|p2a: Sinistcha|100\/100 par\n|\n|-weather|RainDance|[upkeep]\n|upkeep\n|turn|8\n|-message|SILINO forfeited.\n|\n|win|sedsf\n|raw|SILINO's rating: 1054 &rarr; <strong>1037<\/strong><br \/>(-17 for losing)\n|raw|sedsf's rating: 1071 &rarr; <strong>1099<\/strong><br \/>(+28 for winning)\n|l|\u2606SILINO\n","uploadtime":1699697642,"views":12,"p1id":"silino","p2id":"sedsf","formatid":"gen9nationaldex","rating":1037,"private":0,"password":""}