{"id":"gen9nationaldex-1990720058","p1":"Quagmiester","p2":"MerryMarionette","format":"[Gen 9] National Dex","log":"|j|\u2606Quagmiester\n|j|\u2606MerryMarionette\n|t:|1699994623\n|gametype|singles\n|player|p1|Quagmiester|cynthia-gen4|1071\n|player|p2|MerryMarionette|caitlin|1116\n|teamsize|p1|6\n|teamsize|p2|6\n|gen|9\n|tier|[Gen 9] National Dex\n|rated|\n|rule|HP Percentage Mod: HP is shown in percentages\n|rule|Endless Battle Clause: Forcing endless battles is banned\n|rule|OHKO Clause: OHKO moves are banned\n|rule|Evasion Clause: Evasion abilities, items, and moves are banned\n|rule|Evasion Abilities Clause: Evasion abilities are banned\n|rule|Evasion Items Clause: Evasion items are banned\n|rule|Evasion Moves Clause: Evasion moves are banned\n|rule|Species Clause: Limit one of each Pok\u00e9mon\n|rule|Sleep Clause Mod: Limit one foe put to sleep\n|clearpoke\n|poke|p1|Shuckle, F|\n|poke|p1|Ditto|\n|poke|p1|Tauros, M|\n|poke|p1|Raboot, M|\n|poke|p1|Darmanitan, M|\n|poke|p1|Litten, M|\n|poke|p2|Rapidash-Galar, M|\n|poke|p2|Glastrier|\n|poke|p2|Mudsdale, M|\n|poke|p2|Keldeo-Resolute|\n|poke|p2|Zebstrika, F|\n|poke|p2|Iron Leaves|\n|teampreview\n|c|\u2606Quagmiester|horse team\n|c|\u2606Quagmiester|nice\n|c|\u2606MerryMarionette|how hungry\n|c|\u2606Quagmiester|lmao\n|\n|t:|1699994647\n|start\n|switch|p1a: Dont F*ckle with|Shuckle, F|100\/100\n|switch|p2a: how hungry 4|Keldeo-Resolute|100\/100\n|turn|1\n|\n|t:|1699994652\n|move|p2a: how hungry 4|Hydro Pump|p1a: Dont F*ckle with\n|-supereffective|p1a: Dont F*ckle with\n|-damage|p1a: Dont F*ckle with|17\/100\n|move|p1a: Dont F*ckle with|Sticky Web|p2a: how hungry 4\n|-sidestart|p2: MerryMarionette|move: Sticky Web\n|\n|upkeep\n|turn|2\n|\n|t:|1699994658\n|move|p2a: how hungry 4|Hydro Pump|p1a: Dont F*ckle with\n|-supereffective|p1a: Dont F*ckle with\n|-damage|p1a: Dont F*ckle with|0 fnt\n|faint|p1a: Dont F*ckle with\n|\n|upkeep\n|\n|t:|1699994667\n|switch|p1a: Sus|Ditto|100\/100\n|-transform|p1a: Sus|p2a: how hungry 4|[from] ability: Imposter\n|turn|3\n|\n|t:|1699994683\n|switch|p2a: honorary hungry|Iron Leaves|100\/100\n|-activate|p2a: honorary hungry|move: Sticky Web\n|-unboost|p2a: honorary hungry|spe|1\n|-enditem|p2a: honorary hungry|Booster Energy\n|-activate|p2a: honorary hungry|ability: Quark Drive|[fromitem]\n|-start|p2a: honorary hungry|quarkdriveatk\n|move|p1a: Sus|Secret Sword|p2a: honorary hungry\n|-resisted|p2a: honorary hungry\n|-damage|p2a: honorary hungry|74\/100\n|\n|upkeep\n|turn|4\n|\n|t:|1699994698\n|switch|p1a: Candy Cane|Litten, M, shiny|100\/100\n|-ability|p1a: Candy Cane|Intimidate|boost\n|-unboost|p2a: honorary hungry|atk|1\n|move|p2a: honorary hungry|Psyblade|p1a: Candy Cane\n|-crit|p1a: Candy Cane\n|-damage|p1a: Candy Cane|0 fnt\n|faint|p1a: Candy Cane\n|\n|upkeep\n|\n|t:|1699994706\n|switch|p1a: No U|Raboot, M|100\/100\n|turn|5\n|\n|t:|1699994710\n|move|p2a: honorary hungry|Psyblade|p1a: No U\n|-damage|p1a: No U|31\/100\n|move|p1a: No U|Counter|p2a: honorary hungry\n|-start|p1a: No U|typechange|Fighting|[from] ability: Libero\n|-damage|p2a: honorary hungry|0 fnt\n|faint|p2a: honorary hungry\n|-end|p2a: honorary hungry|Quark Drive|[silent]\n|\n|upkeep\n|\n|t:|1699994729\n|switch|p2a: how hungry 5|Zebstrika, F|100\/100\n|-activate|p2a: how hungry 5|move: Sticky Web\n|-unboost|p2a: how hungry 5|spe|1\n|turn|6\n|\n|t:|1699994735\n|move|p1a: No U|High Jump Kick|p2a: how hungry 5\n|-damage|p2a: how hungry 5|16\/100\n|move|p2a: how hungry 5|Volt Switch|p1a: No U\n|-damage|p1a: No U|0 fnt\n|faint|p1a: No U\n|\n|t:|1699994740\n|switch|p2a: how hungry 1|Rapidash-Galar, M|100\/100|[from] Volt Switch\n|-activate|p2a: how hungry 1|move: Sticky Web\n|-unboost|p2a: how hungry 1|spe|1\n|\n|upkeep\n|\n|t:|1699994746\n|switch|p1a: Ooga Booga|Darmanitan, M|100\/100\n|turn|7\n|\n|t:|1699994758\n|move|p1a: Ooga Booga|Iron Head|p2a: how hungry 1\n|-supereffective|p2a: how hungry 1\n|-damage|p2a: how hungry 1|0 fnt\n|faint|p2a: how hungry 1\n|\n|upkeep\n|\n|t:|1699994761\n|switch|p2a: how hungry 4|Keldeo-Resolute|100\/100\n|-activate|p2a: how hungry 4|move: Sticky Web\n|-unboost|p2a: how hungry 4|spe|1\n|turn|8\n|\n|t:|1699994768\n|move|p2a: how hungry 4|Hidden Power|p1a: Ooga Booga\n|-resisted|p1a: Ooga Booga\n|-damage|p1a: Ooga Booga|86\/100\n|move|p1a: Ooga Booga|Zen Headbutt|p2a: how hungry 4\n|-supereffective|p2a: how hungry 4\n|-damage|p2a: how hungry 4|0 fnt\n|faint|p2a: how hungry 4\n|\n|upkeep\n|\n|t:|1699994775\n|switch|p2a: how hungry 3|Mudsdale, M|100\/100\n|-activate|p2a: how hungry 3|move: Sticky Web\n|-unboost|p2a: how hungry 3|spe|1\n|turn|9\n|\n|t:|1699994787\n|move|p1a: Ooga Booga|Flare Blitz|p2a: how hungry 3\n|-damage|p2a: how hungry 3|9\/100\n|-ability|p2a: how hungry 3|Stamina|boost\n|-boost|p2a: how hungry 3|def|1\n|-damage|p1a: Ooga Booga|51\/100|[from] Recoil\n|move|p2a: how hungry 3|Earthquake|p1a: Ooga Booga\n|-supereffective|p1a: Ooga Booga\n|-damage|p1a: Ooga Booga|0 fnt\n|faint|p1a: Ooga Booga\n|\n|upkeep\n|\n|t:|1699994794\n|switch|p1a: Sus|Ditto|100\/100\n|-transform|p1a: Sus|p2a: how hungry 3|[from] ability: Imposter\n|turn|10\n|\n|t:|1699994800\n|move|p1a: Sus|Body Press|p2a: how hungry 3\n|-damage|p2a: how hungry 3|0 fnt\n|faint|p2a: how hungry 3\n|\n|upkeep\n|\n|t:|1699994802\n|switch|p2a: how hungry 2|Glastrier|100\/100\n|-activate|p2a: how hungry 2|move: Sticky Web\n|-unboost|p2a: how hungry 2|spe|1\n|turn|11\n|\n|t:|1699994810\n|switch|p1a: Speedge|Tauros, M|100\/100\n|-ability|p1a: Speedge|Intimidate|boost\n|-unboost|p2a: how hungry 2|atk|1\n|-terastallize|p2a: how hungry 2|Ice\n|move|p2a: how hungry 2|Icicle Crash|p1a: Speedge\n|-damage|p1a: Speedge|44\/100\n|\n|upkeep\n|turn|12\n|\n|t:|1699994818\n|move|p1a: Speedge|Stone Edge|p2a: how hungry 2\n|-supereffective|p2a: how hungry 2\n|-damage|p2a: how hungry 2|59\/100\n|move|p2a: how hungry 2|Icicle Crash|p1a: Speedge\n|-damage|p1a: Speedge|0 fnt\n|faint|p1a: Speedge\n|-ability|p2a: how hungry 2|Chilling Neigh|boost\n|-boost|p2a: how hungry 2|atk|1\n|\n|upkeep\n|\n|t:|1699994824\n|switch|p1a: Sus|Ditto|100\/100\n|-transform|p1a: Sus|p2a: how hungry 2|[from] ability: Imposter\n|turn|13\n|\n|t:|1699994834\n|move|p1a: Sus|Close Combat|p2a: how hungry 2\n|-supereffective|p2a: how hungry 2\n|-damage|p2a: how hungry 2|0 fnt\n|-unboost|p1a: Sus|def|1\n|-unboost|p1a: Sus|spd|1\n|faint|p2a: how hungry 2\n|-ability|p1a: Sus|Chilling Neigh|boost\n|-boost|p1a: Sus|atk|1\n|\n|upkeep\n|\n|t:|1699994837\n|switch|p2a: how hungry 5|Zebstrika, F|16\/100\n|-activate|p2a: how hungry 5|move: Sticky Web\n|-unboost|p2a: how hungry 5|spe|1\n|turn|14\n|\n|t:|1699994839\n|move|p2a: how hungry 5|Overheat|p1a: Sus\n|-supereffective|p1a: Sus\n|-damage|p1a: Sus|0 fnt\n|-unboost|p2a: how hungry 5|spa|2\n|faint|p1a: Sus\n|\n|win|MerryMarionette\n|raw|Quagmiester's rating: 1071 &rarr; <strong>1053<\/strong><br \/>(-18 for losing)\n|raw|MerryMarionette's rating: 1116 &rarr; <strong>1138<\/strong><br \/>(+22 for winning)\n|c|\u2606MerryMarionette|ggs\n|c|\u2606Quagmiester|dammit gg\n","uploadtime":1699994860,"views":5,"p1id":"quagmiester","p2id":"merrymarionette","formatid":"gen9nationaldex","rating":1053,"private":0,"password":""}