{"id":"gen9nationaldex-1987643393","p1":"TestAccountNo.123","p2":"qhjm1","format":"[Gen 9] National Dex","log":"|j|\u2606TestAccountNo.123\n|j|\u2606qhjm1\n|t:|1699623233\n|gametype|singles\n|player|p1|TestAccountNo.123|pokemonbreederf-gen4|1459\n|player|p2|qhjm1|101|1510\n|teamsize|p1|6\n|teamsize|p2|6\n|gen|9\n|tier|[Gen 9] National Dex\n|rated|\n|rule|HP Percentage Mod: HP is shown in percentages\n|rule|Endless Battle Clause: Forcing endless battles is banned\n|rule|OHKO Clause: OHKO moves are banned\n|rule|Evasion Clause: Evasion abilities, items, and moves are banned\n|rule|Evasion Abilities Clause: Evasion abilities are banned\n|rule|Evasion Items Clause: Evasion items are banned\n|rule|Evasion Moves Clause: Evasion moves are banned\n|rule|Species Clause: Limit one of each Pok\u00e9mon\n|rule|Sleep Clause Mod: Limit one foe put to sleep\n|clearpoke\n|poke|p1|Kyurem|\n|poke|p1|Iron Valiant|\n|poke|p1|Lopunny, F|\n|poke|p1|Gliscor, M|\n|poke|p1|Heatran, M|\n|poke|p1|Alomomola, F|\n|poke|p2|Tapu Koko|\n|poke|p2|Iron Treads|\n|poke|p2|Iron Leaves|\n|poke|p2|Iron Moth|\n|poke|p2|Iron Hands|\n|poke|p2|Iron Valiant|\n|teampreview\n|inactive|Battle timer is ON: inactive players will automatically lose when time's up. (requested by TestAccountNo.123)\n|\n|t:|1699623269\n|start\n|switch|p1a: Glue Factory|Gliscor, M|100\/100\n|switch|p2a: Tapu Koko|Tapu Koko|100\/100\n|-fieldstart|move: Electric Terrain|[from] ability: Electric Surge|[of] p2a: Tapu Koko\n|turn|1\n|\n|t:|1699623294\n|-terastallize|p2a: Tapu Koko|Flying\n|move|p1a: Glue Factory|Protect|p1a: Glue Factory\n|-singleturn|p1a: Glue Factory|Protect\n|move|p2a: Tapu Koko|Hidden Power|p1a: Glue Factory\n|-activate|p1a: Glue Factory|move: Protect\n|\n|-status|p1a: Glue Factory|tox|[from] item: Toxic Orb\n|upkeep\n|turn|2\n|inactive|qhjm1 has 120 seconds left.\n|\n|t:|1699623309\n|switch|p1a: Lock And Key|Heatran, M|100\/100\n|move|p2a: Tapu Koko|Volt Switch|p1a: Lock And Key\n|-damage|p1a: Lock And Key|81\/100\n|inactive|qhjm1 has 120 seconds left.\n|\n|t:|1699623320\n|switch|p2a: Iron Leaves|Iron Leaves|100\/100|[from] Volt Switch\n|-activate|p2a: Iron Leaves|ability: Quark Drive\n|-start|p2a: Iron Leaves|quarkdrivespe\n|\n|-heal|p1a: Lock And Key|87\/100|[from] item: Leftovers\n|upkeep\n|turn|3\n|inactive|qhjm1 has 120 seconds left.\n|\n|t:|1699623348\n|move|p2a: Iron Leaves|Swords Dance|p2a: Iron Leaves\n|-boost|p2a: Iron Leaves|atk|2\n|move|p1a: Lock And Key|Stealth Rock|p2a: Iron Leaves\n|-sidestart|p2: qhjm1|move: Stealth Rock\n|\n|-heal|p1a: Lock And Key|94\/100|[from] item: Leftovers\n|upkeep\n|turn|4\n|\n|t:|1699623357\n|switch|p1a: Sub-Zero|Kyurem|100\/100\n|-ability|p1a: Sub-Zero|Pressure\n|-zpower|p2a: Iron Leaves\n|move|p2a: Iron Leaves|All-Out Pummeling|p1a: Sub-Zero|[zeffect]\n|-supereffective|p1a: Sub-Zero\n|-damage|p1a: Sub-Zero|0 fnt\n|faint|p1a: Sub-Zero\n|\n|upkeep\n|\n|t:|1699623366\n|switch|p1a: Wish Fish|Alomomola, F|100\/100\n|turn|5\n|\n|t:|1699623369\n|move|p2a: Iron Leaves|Leaf Blade|p1a: Wish Fish\n|-supereffective|p1a: Wish Fish\n|-crit|p1a: Wish Fish\n|-damage|p1a: Wish Fish|0 fnt\n|faint|p1a: Wish Fish\n|\n|upkeep\n|\n|t:|1699623372\n|switch|p1a: Luscious Lops|Lopunny, F|100\/100\n|turn|6\n|\n|t:|1699623380\n|detailschange|p1a: Luscious Lops|Lopunny-Mega, F\n|-mega|p1a: Luscious Lops|Lopunny|Lopunnite\n|move|p2a: Iron Leaves|Psyblade|p1a: Luscious Lops\n|-supereffective|p1a: Luscious Lops\n|-damage|p1a: Luscious Lops|0 fnt\n|faint|p1a: Luscious Lops\n|\n|upkeep\n|\n|t:|1699623382\n|switch|p1a: Glue Factory|Gliscor, M|100\/100 tox\n|turn|7\n|\n|t:|1699623387\n|move|p2a: Iron Leaves|Psyblade|p1a: Glue Factory\n|-damage|p1a: Glue Factory|32\/100 tox\n|move|p1a: Glue Factory|Toxic|p2a: Iron Leaves\n|-status|p2a: Iron Leaves|tox\n|\n|-damage|p2a: Iron Leaves|94\/100 tox|[from] psn\n|-heal|p1a: Glue Factory|44\/100 tox|[from] ability: Poison Heal\n|upkeep\n|turn|8\n|\n|t:|1699623392\n|move|p1a: Glue Factory|Protect|p1a: Glue Factory\n|-singleturn|p1a: Glue Factory|Protect\n|move|p2a: Iron Leaves|Swords Dance|p2a: Iron Leaves\n|-boost|p2a: Iron Leaves|atk|2\n|\n|-damage|p2a: Iron Leaves|82\/100 tox|[from] psn\n|-heal|p1a: Glue Factory|56\/100 tox|[from] ability: Poison Heal\n|-fieldend|move: Electric Terrain\n|-end|p2a: Iron Leaves|Quark Drive\n|upkeep\n|turn|9\n|\n|t:|1699623397\n|switch|p1a: Lock And Key|Heatran, M|94\/100\n|move|p2a: Iron Leaves|Psyblade|p1a: Lock And Key\n|-resisted|p1a: Lock And Key\n|-damage|p1a: Lock And Key|48\/100\n|\n|-heal|p1a: Lock And Key|55\/100|[from] item: Leftovers\n|-damage|p2a: Iron Leaves|63\/100 tox|[from] psn\n|upkeep\n|turn|10\n|\n|t:|1699623400\n|move|p2a: Iron Leaves|Sacred Sword|p1a: Lock And Key\n|-supereffective|p1a: Lock And Key\n|-damage|p1a: Lock And Key|0 fnt\n|faint|p1a: Lock And Key\n|\n|-damage|p2a: Iron Leaves|38\/100 tox|[from] psn\n|upkeep\n|\n|t:|1699623401\n|switch|p1a: Iron Maiden|Iron Valiant, shiny|100\/100\n|turn|11\n|\n|t:|1699623404\n|move|p1a: Iron Maiden|Moonblast|p2a: Iron Leaves\n|-damage|p2a: Iron Leaves|0 fnt\n|faint|p2a: Iron Leaves\n|-end|p2a: Iron Leaves|Quark Drive|[silent]\n|\n|upkeep\n|\n|t:|1699623410\n|switch|p2a: Iron Treads|Iron Treads|100\/100\n|-damage|p2a: Iron Treads|97\/100|[from] Stealth Rock\n|-item|p2a: Iron Treads|Air Balloon\n|turn|12\n|\n|t:|1699623414\n|-end|p1a: Iron Maiden|Quark Drive|[silent]\n|switch|p1a: Glue Factory|Gliscor, M|56\/100 tox\n|move|p2a: Iron Treads|Rapid Spin|p1a: Glue Factory\n|-crit|p1a: Glue Factory\n|-damage|p1a: Glue Factory|42\/100 tox\n|-boost|p2a: Iron Treads|spe|1\n|-sideend|p2: qhjm1|Stealth Rock|[from] move: Rapid Spin|[of] p2a: Iron Treads\n|\n|-heal|p1a: Glue Factory|54\/100 tox|[from] ability: Poison Heal\n|upkeep\n|turn|13\n|\n|t:|1699623422\n|-end|p2a: Iron Treads|Quark Drive|[silent]\n|switch|p2a: Tapu Koko|Tapu Koko, tera:Flying|100\/100\n|-fieldstart|move: Electric Terrain|[from] ability: Electric Surge|[of] p2a: Tapu Koko\n|move|p1a: Glue Factory|Toxic|p2a: Tapu Koko\n|-status|p2a: Tapu Koko|tox\n|\n|-damage|p2a: Tapu Koko|94\/100 tox|[from] psn\n|-heal|p1a: Glue Factory|67\/100 tox|[from] ability: Poison Heal\n|upkeep\n|turn|14\n|\n|t:|1699623426\n|move|p1a: Glue Factory|Protect|p1a: Glue Factory\n|-singleturn|p1a: Glue Factory|Protect\n|move|p2a: Tapu Koko|Dazzling Gleam|p1a: Glue Factory\n|-activate|p1a: Glue Factory|move: Protect\n|\n|-damage|p2a: Tapu Koko|82\/100 tox|[from] psn\n|-heal|p1a: Glue Factory|79\/100 tox|[from] ability: Poison Heal\n|upkeep\n|turn|15\n|\n|t:|1699623434\n|move|p2a: Tapu Koko|Hidden Power|p1a: Glue Factory\n|-supereffective|p1a: Glue Factory\n|-damage|p1a: Glue Factory|0 fnt\n|faint|p1a: Glue Factory\n|\n|-damage|p2a: Tapu Koko|64\/100 tox|[from] psn\n|upkeep\n|\n|t:|1699623436\n|switch|p1a: Iron Maiden|Iron Valiant, shiny|100\/100\n|-activate|p1a: Iron Maiden|ability: Quark Drive\n|-start|p1a: Iron Maiden|quarkdrivespe\n|turn|16\n|-message|TestAccountNo.123 forfeited.\n|\n|win|qhjm1\n|raw|TestAccountNo.123's rating: 1459 &rarr; <strong>1442<\/strong><br \/>(-17 for losing)\n|raw|qhjm1's rating: 1510 &rarr; <strong>1527<\/strong><br \/>(+17 for winning)\n|l|\u2606TestAccountNo.123\n|j|\u2606TestAccountNo.123\n|player|p1|TestAccountNo.123|pokemonbreederf-gen4\n|l|\u2606TestAccountNo.123\n|player|p1|\n","uploadtime":1699623462,"views":7,"p1id":"testaccountno123","p2id":"qhjm1","formatid":"gen9nationaldex","rating":1442,"private":0,"password":""}