{"id":"gen9nationaldex-1997715445","p1":"batmanga","p2":"Autistic_Rabbit","format":"[Gen 9] National Dex","log":"|html|<div class=\"broadcast-blue\"><strong>[Gen 9] National Dex is currently suspecting Sneasler! For information on how to participate check out the <a href=\"https:\/\/www.smogon.com\/forums\/threads\/sv-national-dex-suspect-8-just-dance.3731534\/\">suspect thread<\/a>.<\/strong><\/div>\n|j|\u2606batmanga\n|j|\u2606Autistic_Rabbit\n|t:|1700844936\n|gametype|singles\n|player|p1|batmanga|1|1489\n|player|p2|Autistic_Rabbit|dawn|1561\n|teamsize|p1|6\n|teamsize|p2|6\n|gen|9\n|tier|[Gen 9] National Dex\n|rated|\n|rule|HP Percentage Mod: HP is shown in percentages\n|rule|Endless Battle Clause: Forcing endless battles is banned\n|rule|OHKO Clause: OHKO moves are banned\n|rule|Evasion Clause: Evasion abilities, items, and moves are banned\n|rule|Evasion Abilities Clause: Evasion abilities are banned\n|rule|Evasion Items Clause: Evasion items are banned\n|rule|Evasion Moves Clause: Evasion moves are banned\n|rule|Species Clause: Limit one of each Pok\u00e9mon\n|rule|Sleep Clause Mod: Limit one foe put to sleep\n|clearpoke\n|poke|p1|Slowking, F|\n|poke|p1|Raticate, M|\n|poke|p1|Skeledirge, M|\n|poke|p1|Arctozolt|\n|poke|p1|Abomasnow, M|\n|poke|p1|Zamazenta-*|\n|poke|p2|Mawile, M|\n|poke|p2|Marowak-Alola, F|\n|poke|p2|Hatterene, F|\n|poke|p2|Cresselia, F|\n|poke|p2|Porygon2|\n|poke|p2|Ursaluna, F|\n|teampreview\n|\n|t:|1700844956\n|start\n|switch|p1a: Zallar.|Zamazenta|100\/100\n|switch|p2a: Ursaluna|Ursaluna, F|100\/100\n|-ability|p1a: Zallar.|Dauntless Shield|boost\n|-boost|p1a: Zallar.|def|1\n|turn|1\n|\n|t:|1700844967\n|switch|p2a: Marowak|Marowak-Alola, F|100\/100\n|move|p1a: Zallar.|Heavy Slam|p2a: Marowak\n|-resisted|p2a: Marowak\n|-damage|p2a: Marowak|73\/100\n|\n|upkeep\n|turn|2\n|\n|t:|1700844976\n|switch|p1a: Ryomen Sukuna.|Skeledirge, M|100\/100\n|move|p2a: Marowak|Swords Dance|p2a: Marowak\n|-boost|p2a: Marowak|atk|2\n|\n|upkeep\n|turn|3\n|\n|t:|1700844983\n|switch|p2a: Porygon2|Porygon2|100\/100\n|-ability|p2a: Porygon2|Unaware|[from] ability: Trace|[of] p1a: Ryomen Sukuna.\n|move|p1a: Ryomen Sukuna.|Hex|p2a: Porygon2\n|-immune|p2a: Porygon2\n|\n|upkeep\n|turn|4\n|\n|t:|1700844994\n|switch|p1a: Pearl.|Slowking, F|100\/100\n|move|p2a: Porygon2|Trick Room|p2a: Porygon2\n|-fieldstart|move: Trick Room|[of] p2a: Porygon2\n|\n|upkeep\n|turn|5\n|\n|t:|1700844999\n|move|p1a: Pearl.|Future Sight|p2a: Porygon2\n|-start|p1a: Pearl.|move: Future Sight\n|move|p2a: Porygon2|Teleport|p2a: Porygon2\n|\n|t:|1700845008\n|switch|p2a: Marowak|Marowak-Alola, F|73\/100|[from] Teleport\n|\n|upkeep\n|turn|6\n|\n|t:|1700845015\n|switch|p1a: RATKING.|Raticate, M, shiny|100\/100\n|move|p2a: Marowak|Flare Blitz|p1a: RATKING.\n|-damage|p1a: RATKING.|0 fnt\n|faint|p1a: RATKING.\n|\n|upkeep\n|\n|t:|1700845024\n|switch|p1a: Ryomen Sukuna.|Skeledirge, M|100\/100\n|turn|7\n|\n|t:|1700845035\n|move|p2a: Marowak|Poltergeist|p1a: Ryomen Sukuna.\n|-activate|p1a: Ryomen Sukuna.|move: Poltergeist|Heavy-Duty Boots\n|-supereffective|p1a: Ryomen Sukuna.\n|-damage|p1a: Ryomen Sukuna.|0 fnt\n|faint|p1a: Ryomen Sukuna.\n|\n|-end|p2a: Marowak|move: Future Sight\n|-damage|p2a: Marowak|18\/100\n|upkeep\n|inactive|Battle timer is ON: inactive players will automatically lose when time's up. (requested by Autistic_Rabbit)\n|\n|t:|1700845047\n|switch|p1a: Willump.|Abomasnow, M, shiny|100\/100\n|-weather|Snow|[from] ability: Snow Warning|[of] p1a: Willump.\n|turn|8\n|\n|t:|1700845056\n|detailschange|p1a: Willump.|Abomasnow-Mega, M, shiny\n|-mega|p1a: Willump.|Abomasnow|Abomasite\n|move|p1a: Willump.|Earthquake|p2a: Marowak\n|-supereffective|p2a: Marowak\n|-damage|p2a: Marowak|0 fnt\n|faint|p2a: Marowak\n|\n|-weather|Snow|[upkeep]\n|-fieldend|move: Trick Room\n|upkeep\n|\n|t:|1700845068\n|switch|p2a: Ursaluna|Ursaluna, F|100\/100\n|turn|9\n|\n|t:|1700845072\n|move|p2a: Ursaluna|Fire Punch|p1a: Willump.\n|-supereffective|p1a: Willump.\n|-damage|p1a: Willump.|46\/100\n|move|p1a: Willump.|Giga Drain|p2a: Ursaluna\n|-supereffective|p2a: Ursaluna\n|-damage|p2a: Ursaluna|43\/100\n|-heal|p1a: Willump.|83\/100|[from] drain|[of] p2a: Ursaluna\n|\n|-weather|Snow|[upkeep]\n|-status|p2a: Ursaluna|brn|[from] item: Flame Orb\n|upkeep\n|turn|10\n|\n|t:|1700845084\n|move|p2a: Ursaluna|Fire Punch|p1a: Willump.\n|-supereffective|p1a: Willump.\n|-damage|p1a: Willump.|0 fnt\n|faint|p1a: Willump.\n|\n|-weather|Snow|[upkeep]\n|-damage|p2a: Ursaluna|37\/100 brn|[from] brn\n|upkeep\n|\n|t:|1700845088\n|switch|p1a: Blueberry.|Arctozolt|100\/100\n|turn|11\n|\n|t:|1700845096\n|switch|p2a: Porygon2|Porygon2|100\/100\n|-ability|p2a: Porygon2|Slush Rush|[from] ability: Trace|[of] p1a: Blueberry.\n|move|p1a: Blueberry.|Blizzard|p2a: Porygon2\n|-damage|p2a: Porygon2|80\/100\n|\n|-weather|Snow|[upkeep]\n|upkeep\n|turn|12\n|\n|t:|1700845103\n|-terastallize|p1a: Blueberry.|Electric\n|move|p1a: Blueberry.|Bolt Beak|p2a: Porygon2\n|-crit|p2a: Porygon2\n|-damage|p2a: Porygon2|6\/100\n|move|p2a: Porygon2|Trick Room|p2a: Porygon2\n|-fieldstart|move: Trick Room|[of] p2a: Porygon2\n|\n|-weather|none\n|upkeep\n|turn|13\n|\n|t:|1700845111\n|move|p1a: Blueberry.|Substitute|p1a: Blueberry.\n|-start|p1a: Blueberry.|Substitute\n|-damage|p1a: Blueberry.|76\/100\n|move|p2a: Porygon2|Teleport|p2a: Porygon2\n|\n|t:|1700845122\n|switch|p2a: Mawile|Mawile, M|100\/100|[from] Teleport\n|-ability|p2a: Mawile|Intimidate|boost\n|-immune|p1a: Blueberry.\n|\n|upkeep\n|turn|14\n|\n|t:|1700845125\n|detailschange|p2a: Mawile|Mawile-Mega, M\n|-mega|p2a: Mawile|Mawile|Mawilite\n|move|p2a: Mawile|Fire Fang|p1a: Blueberry.\n|-end|p1a: Blueberry.|Substitute\n|move|p1a: Blueberry.|Bolt Beak|p2a: Mawile\n|-damage|p2a: Mawile|57\/100\n|\n|upkeep\n|turn|15\n|\n|t:|1700845137\n|switch|p1a: Pearl.|Slowking, F|100\/100\n|move|p2a: Mawile|Play Rough|p1a: Pearl.\n|-damage|p1a: Pearl.|13\/100\n|\n|upkeep\n|turn|16\n|\n|t:|1700845144\n|move|p1a: Pearl.|Chilly Reception|p1a: Pearl.\n|-weather|Snow\n|\n|t:|1700845146\n|switch|p1a: Zallar.|Zamazenta|100\/100|[from] Chilly Reception\n|move|p2a: Mawile|Play Rough|p1a: Zallar.\n|-supereffective|p1a: Zallar.\n|-damage|p1a: Zallar.|0 fnt\n|faint|p1a: Zallar.\n|\n|-weather|Snow|[upkeep]\n|-fieldend|move: Trick Room\n|upkeep\n|\n|t:|1700845148\n|switch|p1a: Blueberry.|Arctozolt, tera:Electric|76\/100\n|turn|17\n|\n|t:|1700845157\n|switch|p2a: Porygon2|Porygon2|6\/100\n|-ability|p2a: Porygon2|Slush Rush|[from] ability: Trace|[of] p1a: Blueberry.\n|move|p1a: Blueberry.|Substitute|p1a: Blueberry.\n|-start|p1a: Blueberry.|Substitute\n|-damage|p1a: Blueberry.|51\/100\n|\n|-weather|Snow|[upkeep]\n|upkeep\n|turn|18\n|\n|t:|1700845162\n|move|p1a: Blueberry.|Blizzard|p2a: Porygon2\n|-damage|p2a: Porygon2|0 fnt\n|faint|p2a: Porygon2\n|\n|-weather|Snow|[upkeep]\n|upkeep\n|\n|t:|1700845166\n|switch|p2a: Hatterene|Hatterene, F|100\/100\n|turn|19\n|\n|t:|1700845168\n|move|p1a: Blueberry.|Bolt Beak|p2a: Hatterene\n|-enditem|p2a: Hatterene|Focus Sash\n|-damage|p2a: Hatterene|1\/100\n|move|p2a: Hatterene|Trick Room|p2a: Hatterene\n|-fieldstart|move: Trick Room|[of] p2a: Hatterene\n|\n|-weather|Snow|[upkeep]\n|upkeep\n|turn|20\n|\n|t:|1700845185\n|move|p2a: Hatterene|Misty Explosion|p1a: Blueberry.\n|-crit|p1a: Blueberry.\n|-end|p1a: Blueberry.|Substitute\n|faint|p2a: Hatterene\n|move|p1a: Blueberry.|Blizzard|p2: Hatterene|[notarget]\n|-fail|p1a: Blueberry.\n|\n|-weather|Snow|[upkeep]\n|upkeep\n|\n|t:|1700845192\n|switch|p2a: Mawile|Mawile-Mega, M|57\/100\n|turn|21\n|\n|t:|1700845205\n|move|p2a: Mawile|Play Rough|p1a: Blueberry.\n|-damage|p1a: Blueberry.|0 fnt\n|faint|p1a: Blueberry.\n|\n|-weather|Snow|[upkeep]\n|upkeep\n|-message|batmanga forfeited.\n|\n|win|Autistic_Rabbit\n|raw|batmanga's rating: 1489 &rarr; <strong>1473<\/strong><br \/>(-16 for losing)\n|raw|Autistic_Rabbit's rating: 1561 &rarr; <strong>1577<\/strong><br \/>(+16 for winning)\n","uploadtime":1700845216,"views":6,"p1id":"batmanga","p2id":"autisticrabbit","formatid":"gen9nationaldex","rating":1473,"private":0,"password":""}