{"id":"gen9nationaldex-1997479598","p1":"Darkssouls","p2":"FlyingSudowoodo","format":"[Gen 9] National Dex","log":"|html|<div class=\"broadcast-blue\"><strong>[Gen 9] National Dex is currently suspecting Sneasler! For information on how to participate check out the <a href=\"https:\/\/www.smogon.com\/forums\/threads\/sv-national-dex-suspect-8-just-dance.3731534\/\">suspect thread<\/a>.<\/strong><\/div>\n|j|\u2606Darkssouls\n|j|\u2606FlyingSudowoodo\n|t:|1700812622\n|gametype|singles\n|player|p1|Darkssouls|170|1115\n|player|p2|FlyingSudowoodo|brock|1133\n|teamsize|p1|6\n|teamsize|p2|6\n|gen|9\n|tier|[Gen 9] National Dex\n|rated|\n|rule|HP Percentage Mod: HP is shown in percentages\n|rule|Endless Battle Clause: Forcing endless battles is banned\n|rule|OHKO Clause: OHKO moves are banned\n|rule|Evasion Clause: Evasion abilities, items, and moves are banned\n|rule|Evasion Abilities Clause: Evasion abilities are banned\n|rule|Evasion Items Clause: Evasion items are banned\n|rule|Evasion Moves Clause: Evasion moves are banned\n|rule|Species Clause: Limit one of each Pok\u00e9mon\n|rule|Sleep Clause Mod: Limit one foe put to sleep\n|clearpoke\n|poke|p1|Manectric, M|\n|poke|p1|Uxie|\n|poke|p1|Gliscor, M|\n|poke|p1|Dragonite, M|\n|poke|p1|Iron Valiant|\n|poke|p1|Urshifu-*, M|\n|poke|p2|Golem-Alola, M|\n|poke|p2|Glalie, F|\n|poke|p2|Victini|\n|poke|p2|Blissey, F|\n|poke|p2|Lucario, M|\n|poke|p2|Rillaboom, M|\n|teampreview\n|\n|t:|1700812631\n|start\n|switch|p1a: Uxie|Uxie|100\/100\n|switch|p2a: Victini|Victini|100\/100\n|turn|1\n|\n|t:|1700812640\n|move|p2a: Victini|Trick|p1a: Uxie\n|-activate|p2a: Victini|move: Trick|[of] p1a: Uxie\n|-item|p1a: Uxie|Choice Scarf|[from] move: Trick\n|-item|p2a: Victini|Light Clay|[from] move: Trick\n|move|p1a: Uxie|Reflect|p1a: Uxie\n|-sidestart|p1: Darkssouls|Reflect\n|\n|upkeep\n|turn|2\n|\n|t:|1700812653\n|switch|p1a: Gliscor|Gliscor, M|100\/100\n|move|p2a: Victini|Final Gambit|p1a: Gliscor\n|-damage|p1a: Gliscor|0 fnt\n|faint|p2a: Victini\n|faint|p1a: Gliscor\n|\n|upkeep\n|\n|t:|1700812662\n|switch|p2a: Blissey|Blissey, F|100\/100\n|switch|p1a: Uxie|Uxie|100\/100\n|turn|3\n|\n|t:|1700812677\n|switch|p2a: Lucario|Lucario, M|100\/100\n|move|p1a: Uxie|Memento|p2a: Lucario\n|-unboost|p2a: Lucario|atk|2\n|-unboost|p2a: Lucario|spa|2\n|faint|p1a: Uxie\n|\n|upkeep\n|\n|t:|1700812696\n|switch|p1a: Iron Valiant|Iron Valiant|100\/100\n|-enditem|p1a: Iron Valiant|Booster Energy\n|-activate|p1a: Iron Valiant|ability: Quark Drive|[fromitem]\n|-start|p1a: Iron Valiant|quarkdrivespe\n|turn|4\n|\n|t:|1700812705\n|switch|p2a: Blissey|Blissey, F|100\/100\n|move|p1a: Iron Valiant|Swords Dance|p1a: Iron Valiant\n|-boost|p1a: Iron Valiant|atk|2\n|\n|upkeep\n|turn|5\n|\n|t:|1700812717\n|-terastallize|p2a: Blissey|Ghost\n|move|p1a: Iron Valiant|Drain Punch|p2a: Blissey\n|-immune|p2a: Blissey\n|move|p2a: Blissey|Trick|p1a: Iron Valiant\n|-activate|p2a: Blissey|move: Trick|[of] p1a: Iron Valiant\n|-item|p1a: Iron Valiant|Choice Scarf|[from] move: Trick\n|-enditem|p2a: Blissey|Choice Scarf|[silent]|[from] move: Trick\n|\n|-sideend|p1: Darkssouls|Reflect\n|upkeep\n|turn|6\n|\n|t:|1700812729\n|move|p1a: Iron Valiant|Spirit Break|p2a: Blissey\n|-damage|p2a: Blissey|0 fnt\n|faint|p2a: Blissey\n|\n|upkeep\n|\n|t:|1700812733\n|switch|p2a: Lucario|Lucario, M|100\/100\n|turn|7\n|\n|t:|1700812737\n|move|p2a: Lucario|Bullet Punch|p1a: Iron Valiant\n|-supereffective|p1a: Iron Valiant\n|-damage|p1a: Iron Valiant|61\/100\n|move|p1a: Iron Valiant|Spirit Break|p2a: Lucario\n|-damage|p2a: Lucario|0 fnt\n|faint|p2a: Lucario\n|\n|upkeep\n|\n|t:|1700812746\n|switch|p2a: Rillaboom|Rillaboom, M|100\/100\n|-fieldstart|move: Grassy Terrain|[from] ability: Grassy Surge|[of] p2a: Rillaboom\n|turn|8\n|\n|t:|1700812752\n|move|p2a: Rillaboom|Grassy Glide|p1a: Iron Valiant\n|-damage|p1a: Iron Valiant|0 fnt\n|faint|p1a: Iron Valiant\n|-end|p1a: Iron Valiant|Quark Drive|[silent]\n|-damage|p2a: Rillaboom|91\/100|[from] item: Life Orb\n|\n|-heal|p2a: Rillaboom|97\/100|[from] Grassy Terrain\n|upkeep\n|\n|t:|1700812762\n|switch|p1a: Dragonite|Dragonite, M|100\/100\n|turn|9\n|\n|t:|1700812766\n|switch|p2a: Glalie|Glalie, F|100\/100\n|move|p1a: Dragonite|Dragon Dance|p1a: Dragonite\n|-boost|p1a: Dragonite|atk|1\n|-boost|p1a: Dragonite|spe|1\n|\n|upkeep\n|turn|10\n|\n|t:|1700812776\n|detailschange|p2a: Glalie|Glalie-Mega, F\n|-mega|p2a: Glalie|Glalie|Glalitite\n|move|p1a: Dragonite|Earthquake|p2a: Glalie\n|-damage|p2a: Glalie|64\/100\n|move|p2a: Glalie|Explosion|p1a: Dragonite\n|-supereffective|p1a: Dragonite\n|-damage|p1a: Dragonite|0 fnt\n|faint|p2a: Glalie\n|faint|p1a: Dragonite\n|\n|upkeep\n|\n|t:|1700812787\n|switch|p2a: Golem|Golem-Alola, M|100\/100\n|switch|p1a: Manectric|Manectric, M|100\/100\n|turn|11\n|\n|t:|1700812793\n|detailschange|p1a: Manectric|Manectric-Mega, M\n|-mega|p1a: Manectric|Manectric|Manectite\n|-ability|p1a: Manectric|Intimidate|boost\n|-unboost|p2a: Golem|atk|1\n|move|p1a: Manectric|Volt Switch|p2a: Golem\n|-resisted|p2a: Golem\n|-damage|p2a: Golem|72\/100\n|\n|t:|1700812799\n|switch|p1a: Urshifu|Urshifu-Rapid-Strike, M|100\/100|[from] Volt Switch\n|move|p2a: Golem|Stealth Rock|p1a: Urshifu\n|-sidestart|p1: Darkssouls|move: Stealth Rock\n|\n|-heal|p2a: Golem|78\/100|[from] Grassy Terrain\n|upkeep\n|turn|12\n|\n|t:|1700812813\n|move|p2a: Golem|Endure|p2a: Golem\n|-singleturn|p2a: Golem|move: Endure\n|-zpower|p1a: Urshifu\n|move|p1a: Urshifu|All-Out Pummeling|p2a: Golem|[zeffect]\n|-supereffective|p2a: Golem\n|-activate|p2a: Golem|move: Endure\n|-damage|p2a: Golem|1\/100\n|\n|-heal|p2a: Golem|7\/100|[from] Grassy Terrain\n|-fieldend|move: Grassy Terrain\n|upkeep\n|turn|13\n|-enditem|p2a: Golem|Custap Berry|[eat]\n|-activate|p2a: Golem|item: Custap Berry|[consumed]\n|\n|t:|1700812828\n|move|p2a: Golem|Explosion|p1a: Urshifu\n|-supereffective|p1a: Urshifu\n|-damage|p1a: Urshifu|0 fnt\n|faint|p2a: Golem\n|faint|p1a: Urshifu\n|\n|upkeep\n|\n|t:|1700812836\n|switch|p1a: Manectric|Manectric-Mega, M|100\/100\n|switch|p2a: Rillaboom|Rillaboom, M|97\/100\n|-damage|p1a: Manectric|88\/100|[from] Stealth Rock\n|-ability|p1a: Manectric|Intimidate|boost\n|-unboost|p2a: Rillaboom|atk|1\n|-fieldstart|move: Grassy Terrain|[from] ability: Grassy Surge|[of] p2a: Rillaboom\n|turn|14\n|\n|t:|1700812845\n|move|p1a: Manectric|Overheat|p2a: Rillaboom\n|-supereffective|p2a: Rillaboom\n|-crit|p2a: Rillaboom\n|-damage|p2a: Rillaboom|0 fnt\n|-unboost|p1a: Manectric|spa|2\n|faint|p2a: Rillaboom\n|\n|win|Darkssouls\n|raw|Darkssouls's rating: 1115 &rarr; <strong>1141<\/strong><br \/>(+26 for winning)\n|raw|FlyingSudowoodo's rating: 1133 &rarr; <strong>1107<\/strong><br \/>(-26 for losing)\n","uploadtime":1700812853,"views":4,"p1id":"darkssouls","p2id":"flyingsudowoodo","formatid":"gen9nationaldex","rating":1107,"private":0,"password":""}