{"id":"gen9nationaldex-1998111749","p1":"Theruffletkid","p2":"qwqwqqw","format":"[Gen 9] National Dex","log":"|html|<div class=\"broadcast-blue\"><strong>[Gen 9] National Dex is currently suspecting Sneasler! For information on how to participate check out the <a href=\"https:\/\/www.smogon.com\/forums\/threads\/sv-national-dex-suspect-8-just-dance.3731534\/\">suspect thread<\/a>.<\/strong><\/div>\n|j|\u2606Theruffletkid\n|j|\u2606qwqwqqw\n|t:|1700893347\n|gametype|singles\n|player|p1|Theruffletkid|wattson|1499\n|player|p2|qwqwqqw|265|1677\n|teamsize|p1|6\n|teamsize|p2|6\n|gen|9\n|tier|[Gen 9] National Dex\n|rated|\n|rule|HP Percentage Mod: HP is shown in percentages\n|rule|Endless Battle Clause: Forcing endless battles is banned\n|rule|OHKO Clause: OHKO moves are banned\n|rule|Evasion Clause: Evasion abilities, items, and moves are banned\n|rule|Evasion Abilities Clause: Evasion abilities are banned\n|rule|Evasion Items Clause: Evasion items are banned\n|rule|Evasion Moves Clause: Evasion moves are banned\n|rule|Species Clause: Limit one of each Pok\u00e9mon\n|rule|Sleep Clause Mod: Limit one foe put to sleep\n|clearpoke\n|poke|p1|Toxapex, M|\n|poke|p1|Gliscor, F|\n|poke|p1|Ferrothorn, M|\n|poke|p1|Alomomola, M|\n|poke|p1|Medicham, M|\n|poke|p1|Ogerpon-Wellspring, F|\n|poke|p2|Ribombee, F|\n|poke|p2|Heatran, F|\n|poke|p2|Garchomp, F|\n|poke|p2|Medicham, F|\n|poke|p2|Manaphy|\n|poke|p2|Thundurus-Therian, M|\n|teampreview\n|\n|t:|1700893354\n|start\n|switch|p1a: Alomomola|Alomomola, M|100\/100\n|switch|p2a: stickywebQAQ|Ribombee, F|100\/100\n|turn|1\n|\n|t:|1700893358\n|move|p2a: stickywebQAQ|Sticky Web|p1a: Alomomola\n|-sidestart|p1: Theruffletkid|move: Sticky Web\n|move|p1a: Alomomola|Flip Turn|p2a: stickywebQAQ\n|-damage|p2a: stickywebQAQ|71\/100\n|\n|t:|1700893365\n|switch|p1a: Gliscor|Gliscor, F|100\/100|[from] Flip Turn\n|\n|-status|p1a: Gliscor|tox|[from] item: Toxic Orb\n|upkeep\n|turn|2\n|\n|t:|1700893367\n|move|p2a: stickywebQAQ|Moonblast|p1a: Gliscor\n|-damage|p1a: Gliscor|66\/100 tox\n|move|p1a: Gliscor|Toxic|p2a: stickywebQAQ\n|-status|p2a: stickywebQAQ|tox\n|\n|-damage|p2a: stickywebQAQ|64\/100 tox|[from] psn\n|-heal|p1a: Gliscor|78\/100 tox|[from] ability: Poison Heal\n|upkeep\n|turn|3\n|\n|t:|1700893372\n|switch|p2a: Thundurus|Thundurus-Therian, M|100\/100\n|move|p1a: Gliscor|Defog|p2a: Thundurus\n|-unboost|p2a: Thundurus|evasion|1\n|-sideend|p1: Theruffletkid|Sticky Web|[from] move: Defog|[of] p1a: Gliscor\n|\n|-heal|p1a: Gliscor|91\/100 tox|[from] ability: Poison Heal\n|upkeep\n|turn|4\n|\n|t:|1700893378\n|switch|p1a: Ferrothorn|Ferrothorn, M|100\/100\n|move|p2a: Thundurus|Hidden Power|p1a: Ferrothorn\n|-damage|p1a: Ferrothorn|84\/100\n|\n|-heal|p1a: Ferrothorn|91\/100|[from] item: Leftovers\n|upkeep\n|turn|5\n|\n|t:|1700893383\n|switch|p2a: stickywebQAQ|Ribombee, F|64\/100 tox\n|move|p1a: Ferrothorn|Leech Seed|p2a: stickywebQAQ\n|-start|p2a: stickywebQAQ|move: Leech Seed\n|\n|-heal|p1a: Ferrothorn|97\/100|[from] item: Leftovers\n|-damage|p2a: stickywebQAQ|52\/100 tox|[from] Leech Seed|[of] p1a: Ferrothorn\n|-heal|p1a: Ferrothorn|100\/100|[silent]\n|-damage|p2a: stickywebQAQ|46\/100 tox|[from] psn\n|upkeep\n|turn|6\n|\n|t:|1700893392\n|switch|p2a: Manaphy|Manaphy|100\/100\n|switch|p1a: Gliscor|Gliscor, F|91\/100 tox\n|\n|-heal|p1a: Gliscor|100\/100 tox|[from] ability: Poison Heal\n|upkeep\n|turn|7\n|\n|t:|1700893396\n|switch|p1a: Ogerpon|Ogerpon-Wellspring, F|100\/100\n|move|p2a: Manaphy|Tail Glow|p2a: Manaphy\n|-boost|p2a: Manaphy|spa|3\n|\n|upkeep\n|turn|8\n|\n|t:|1700893399\n|move|p1a: Ogerpon|Power Whip|p2a: Manaphy\n|-supereffective|p2a: Manaphy\n|-damage|p2a: Manaphy|0 fnt\n|faint|p2a: Manaphy\n|\n|upkeep\n|-message|qwqwqqw forfeited.\n|\n|win|Theruffletkid\n|raw|Theruffletkid's rating: 1499 &rarr; <strong>1527<\/strong><br \/>(+28 for winning)\n|raw|qwqwqqw's rating: 1655 &rarr; <strong>1627<\/strong><br \/>(-28 for losing)\n|l|\u2606qwqwqqw\n","uploadtime":1700893411,"views":1,"p1id":"theruffletkid","p2id":"qwqwqqw","formatid":"gen9nationaldex","rating":1527,"private":0,"password":""}