{"id":"gen9nationaldex-1995930525","p1":"Amber-acid","p2":"Tamagochan_the_3rd","format":"[Gen 9] National Dex","log":"|html|<div class=\"broadcast-blue\"><strong>[Gen 9] National Dex is currently suspecting Sneasler! For information on how to participate check out the <a href=\"https:\/\/www.smogon.com\/forums\/threads\/sv-national-dex-suspect-8-just-dance.3731534\/\">suspect thread<\/a>.<\/strong><\/div>\n|j|\u2606Amber-acid\n|j|\u2606Tamagochan_the_3rd\n|t:|1700618693\n|gametype|singles\n|player|p1|Amber-acid|crasherwake|1426\n|player|p2|Tamagochan_the_3rd|lusamine-nihilego|1366\n|teamsize|p1|6\n|teamsize|p2|6\n|gen|9\n|tier|[Gen 9] National Dex\n|rated|\n|rule|HP Percentage Mod: HP is shown in percentages\n|rule|Endless Battle Clause: Forcing endless battles is banned\n|rule|OHKO Clause: OHKO moves are banned\n|rule|Evasion Clause: Evasion abilities, items, and moves are banned\n|rule|Evasion Abilities Clause: Evasion abilities are banned\n|rule|Evasion Items Clause: Evasion items are banned\n|rule|Evasion Moves Clause: Evasion moves are banned\n|rule|Species Clause: Limit one of each Pok\u00e9mon\n|rule|Sleep Clause Mod: Limit one foe put to sleep\n|clearpoke\n|poke|p1|Pelipper, F|\n|poke|p1|Barraskewda, M|\n|poke|p1|Swampert, F|\n|poke|p1|Kingdra, M|\n|poke|p1|Zapdos|\n|poke|p1|Ferrothorn, M|\n|poke|p2|Dondozo, F|\n|poke|p2|Toxapex, M|\n|poke|p2|Lopunny, F|\n|poke|p2|Tornadus-Therian, M|\n|poke|p2|Clodsire, F|\n|poke|p2|Alomomola, F|\n|teampreview\n|inactive|Battle timer is ON: inactive players will automatically lose when time's up. (requested by Amber-acid)\n|\n|t:|1700618717\n|start\n|switch|p1a: Pelipper|Pelipper, F|100\/100\n|switch|p2a: Lopunny|Lopunny, F|100\/100\n|-weather|RainDance|[from] ability: Drizzle|[of] p1a: Pelipper\n|turn|1\n|\n|t:|1700618724\n|switch|p1a: Ferrothorn|Ferrothorn, M|100\/100\n|detailschange|p2a: Lopunny|Lopunny-Mega, F\n|-mega|p2a: Lopunny|Lopunny|Lopunnite\n|move|p2a: Lopunny|Fake Out|p1a: Ferrothorn\n|-resisted|p1a: Ferrothorn\n|-damage|p1a: Ferrothorn|93\/100\n|-damage|p2a: Lopunny|88\/100|[from] ability: Iron Barbs|[of] p1a: Ferrothorn\n|-damage|p2a: Lopunny|72\/100|[from] item: Rocky Helmet|[of] p1a: Ferrothorn\n|\n|-weather|RainDance|[upkeep]\n|upkeep\n|turn|2\n|\n|t:|1700618734\n|switch|p1a: Zapdos|Zapdos|100\/100\n|move|p2a: Lopunny|High Jump Kick|p1a: Zapdos\n|-resisted|p1a: Zapdos\n|-damage|p1a: Zapdos|76\/100\n|\n|-weather|RainDance|[upkeep]\n|upkeep\n|turn|3\n|\n|t:|1700618761\n|switch|p2a: Clodsire|Clodsire, F|100\/100\n|switch|p1a: Ferrothorn|Ferrothorn, M|93\/100\n|\n|-weather|RainDance|[upkeep]\n|upkeep\n|turn|4\n|\n|t:|1700618769\n|move|p2a: Clodsire|Earthquake|p1a: Ferrothorn\n|-damage|p1a: Ferrothorn|77\/100\n|move|p1a: Ferrothorn|Stealth Rock|p2a: Clodsire\n|-sidestart|p2: Tamagochan_the_3rd|move: Stealth Rock\n|\n|-weather|RainDance|[upkeep]\n|upkeep\n|turn|5\n|\n|t:|1700618775\n|move|p2a: Clodsire|Earthquake|p1a: Ferrothorn\n|-damage|p1a: Ferrothorn|60\/100\n|move|p1a: Ferrothorn|Leech Seed|p2a: Clodsire\n|-start|p2a: Clodsire|move: Leech Seed\n|\n|-weather|RainDance|[upkeep]\n|-damage|p2a: Clodsire|88\/100|[from] Leech Seed|[of] p1a: Ferrothorn\n|-heal|p1a: Ferrothorn|77\/100|[silent]\n|upkeep\n|turn|6\n|\n|t:|1700618784\n|switch|p2a: Toxapex|Toxapex, M|100\/100\n|-damage|p2a: Toxapex|88\/100|[from] Stealth Rock\n|move|p1a: Ferrothorn|Power Whip|p2a: Toxapex\n|-damage|p2a: Toxapex|64\/100\n|\n|-weather|RainDance|[upkeep]\n|-heal|p2a: Toxapex|70\/100|[from] item: Leftovers\n|upkeep\n|turn|7\n|\n|t:|1700618793\n|move|p2a: Toxapex|Recover|p2a: Toxapex\n|-heal|p2a: Toxapex|100\/100\n|move|p1a: Ferrothorn|Leech Seed|p2a: Toxapex\n|-start|p2a: Toxapex|move: Leech Seed\n|\n|-weather|RainDance|[upkeep]\n|-damage|p2a: Toxapex|88\/100|[from] Leech Seed|[of] p1a: Ferrothorn\n|-heal|p1a: Ferrothorn|87\/100|[silent]\n|upkeep\n|turn|8\n|\n|t:|1700618801\n|switch|p1a: Swampert|Swampert, F|100\/100\n|move|p2a: Toxapex|Haze|p2a: Toxapex\n|-clearallboost\n|\n|-weather|none\n|-heal|p2a: Toxapex|94\/100|[from] item: Leftovers\n|-damage|p2a: Toxapex|82\/100|[from] Leech Seed|[of] p1a: Swampert\n|upkeep\n|turn|9\n|\n|t:|1700618814\n|switch|p2a: Alomomola|Alomomola, F|100\/100\n|-damage|p2a: Alomomola|88\/100|[from] Stealth Rock\n|detailschange|p1a: Swampert|Swampert-Mega, F\n|-mega|p1a: Swampert|Swampert|Swampertite\n|move|p1a: Swampert|Earthquake|p2a: Alomomola\n|-damage|p2a: Alomomola|58\/100\n|\n|-heal|p2a: Alomomola|65\/100|[from] item: Leftovers\n|upkeep\n|turn|10\n|\n|t:|1700618833\n|switch|p1a: Pelipper|Pelipper, F|100\/100\n|-weather|RainDance|[from] ability: Drizzle|[of] p1a: Pelipper\n|move|p2a: Alomomola|Flip Turn|p1a: Pelipper\n|-resisted|p1a: Pelipper\n|-damage|p1a: Pelipper|91\/100\n|\n|t:|1700618840\n|switch|p2a: Toxapex|Toxapex, M|100\/100|[from] Flip Turn\n|-damage|p2a: Toxapex|88\/100|[from] Stealth Rock\n|\n|-weather|RainDance|[upkeep]\n|-heal|p2a: Toxapex|94\/100|[from] item: Leftovers\n|upkeep\n|turn|11\n|\n|t:|1700618847\n|move|p1a: Pelipper|U-turn|p2a: Toxapex\n|-resisted|p2a: Toxapex\n|-damage|p2a: Toxapex|92\/100\n|\n|t:|1700618851\n|switch|p1a: Ferrothorn|Ferrothorn, M|87\/100|[from] U-turn\n|move|p2a: Toxapex|Toxic|p1a: Ferrothorn\n|-immune|p1a: Ferrothorn\n|\n|-weather|RainDance|[upkeep]\n|-heal|p2a: Toxapex|98\/100|[from] item: Leftovers\n|upkeep\n|turn|12\n|\n|t:|1700618858\n|switch|p2a: Tornadus|Tornadus-Therian, M|100\/100\n|move|p1a: Ferrothorn|Leech Seed|p2a: Tornadus\n|-start|p2a: Tornadus|move: Leech Seed\n|\n|-weather|RainDance|[upkeep]\n|-damage|p2a: Tornadus|88\/100|[from] Leech Seed|[of] p1a: Ferrothorn\n|-heal|p1a: Ferrothorn|99\/100|[silent]\n|upkeep\n|turn|13\n|\n|t:|1700618865\n|move|p2a: Tornadus|Knock Off|p1a: Ferrothorn\n|-damage|p1a: Ferrothorn|86\/100\n|-damage|p2a: Tornadus|76\/100|[from] ability: Iron Barbs|[of] p1a: Ferrothorn\n|-damage|p2a: Tornadus|59\/100|[from] item: Rocky Helmet|[of] p1a: Ferrothorn\n|-enditem|p1a: Ferrothorn|Rocky Helmet|[from] move: Knock Off|[of] p2a: Tornadus\n|move|p1a: Ferrothorn|Gyro Ball|p2a: Tornadus\n|-damage|p2a: Tornadus|7\/100\n|\n|-weather|RainDance|[upkeep]\n|-damage|p2a: Tornadus|0 fnt|[from] Leech Seed|[of] p1a: Ferrothorn\n|-heal|p1a: Ferrothorn|92\/100|[silent]\n|faint|p2a: Tornadus\n|upkeep\n|\n|t:|1700618872\n|switch|p2a: Clodsire|Clodsire, F|88\/100\n|-damage|p2a: Clodsire|82\/100|[from] Stealth Rock\n|turn|14\n|\n|t:|1700618879\n|move|p2a: Clodsire|Earthquake|p1a: Ferrothorn\n|-damage|p1a: Ferrothorn|73\/100\n|move|p1a: Ferrothorn|Leech Seed|p2a: Clodsire\n|-start|p2a: Clodsire|move: Leech Seed\n|\n|-weather|RainDance|[upkeep]\n|-heal|p2a: Clodsire|88\/100|[from] item: Black Sludge\n|-damage|p2a: Clodsire|75\/100|[from] Leech Seed|[of] p1a: Ferrothorn\n|-heal|p1a: Ferrothorn|89\/100|[silent]\n|upkeep\n|turn|15\n|\n|t:|1700618890\n|switch|p2a: Toxapex|Toxapex, M|100\/100\n|-damage|p2a: Toxapex|88\/100|[from] Stealth Rock\n|move|p1a: Ferrothorn|Power Whip|p2a: Toxapex\n|-damage|p2a: Toxapex|63\/100\n|\n|-weather|RainDance|[upkeep]\n|-heal|p2a: Toxapex|70\/100|[from] item: Leftovers\n|upkeep\n|turn|16\n|\n|t:|1700618899\n|move|p2a: Toxapex|Baneful Bunker|p2a: Toxapex\n|-singleturn|p2a: Toxapex|move: Protect\n|move|p1a: Ferrothorn|Leech Seed|p2a: Toxapex\n|-activate|p2a: Toxapex|move: Protect\n|\n|-weather|RainDance|[upkeep]\n|-heal|p2a: Toxapex|76\/100|[from] item: Leftovers\n|upkeep\n|turn|17\n|\n|t:|1700618912\n|move|p2a: Toxapex|Recover|p2a: Toxapex\n|-heal|p2a: Toxapex|100\/100\n|move|p1a: Ferrothorn|Leech Seed|p2a: Toxapex\n|-start|p2a: Toxapex|move: Leech Seed\n|\n|-weather|none\n|-damage|p2a: Toxapex|88\/100|[from] Leech Seed|[of] p1a: Ferrothorn\n|-heal|p1a: Ferrothorn|99\/100|[silent]\n|upkeep\n|turn|18\n|\n|t:|1700618926\n|switch|p2a: Alomomola|Alomomola, F|98\/100\n|-damage|p2a: Alomomola|86\/100|[from] Stealth Rock\n|switch|p1a: Pelipper|Pelipper, F|91\/100\n|-weather|RainDance|[from] ability: Drizzle|[of] p1a: Pelipper\n|\n|-weather|RainDance|[upkeep]\n|-heal|p2a: Alomomola|92\/100|[from] item: Leftovers\n|upkeep\n|turn|19\n|\n|t:|1700618951\n|move|p2a: Alomomola|Flip Turn|p1a: Pelipper\n|-resisted|p1a: Pelipper\n|-damage|p1a: Pelipper|81\/100\n|\n|t:|1700618957\n|switch|p2a: Dondozo|Dondozo, F|100\/100|[from] Flip Turn\n|-damage|p2a: Dondozo|88\/100|[from] Stealth Rock\n|move|p1a: Pelipper|U-turn|p2a: Dondozo\n|-damage|p2a: Dondozo|85\/100\n|inactive|Amber-acid has 120 seconds left.\n|\n|t:|1700618977\n|switch|p1a: Ferrothorn|Ferrothorn, M|99\/100|[from] U-turn\n|\n|-weather|RainDance|[upkeep]\n|-heal|p2a: Dondozo|91\/100|[from] item: Leftovers\n|upkeep\n|turn|20\n|\n|t:|1700618982\n|move|p2a: Dondozo|Curse|p2a: Dondozo\n|-unboost|p2a: Dondozo|spe|1\n|-boost|p2a: Dondozo|atk|1\n|-boost|p2a: Dondozo|def|1\n|move|p1a: Ferrothorn|Leech Seed|p2a: Dondozo\n|-start|p2a: Dondozo|move: Leech Seed\n|\n|-weather|RainDance|[upkeep]\n|-heal|p2a: Dondozo|97\/100|[from] item: Leftovers\n|-damage|p2a: Dondozo|84\/100|[from] Leech Seed|[of] p1a: Ferrothorn\n|-heal|p1a: Ferrothorn|100\/100|[silent]\n|upkeep\n|turn|21\n|\n|t:|1700618991\n|switch|p1a: Kingdra|Kingdra, M|100\/100\n|move|p2a: Dondozo|Curse|p2a: Dondozo\n|-unboost|p2a: Dondozo|spe|1\n|-boost|p2a: Dondozo|atk|1\n|-boost|p2a: Dondozo|def|1\n|\n|-weather|RainDance|[upkeep]\n|-heal|p2a: Dondozo|91\/100|[from] item: Leftovers\n|-damage|p2a: Dondozo|78\/100|[from] Leech Seed|[of] p1a: Kingdra\n|upkeep\n|turn|22\n|l|\u2606Tamagochan_the_3rd\n|inactive|Tamagochan_the_3rd disconnected and has a minute to reconnect!\n|player|p2|\n|inactive|Tamagochan_the_3rd has 30 seconds to reconnect!\n|inactive|Tamagochan_the_3rd has 20 seconds to reconnect!\n|inactive|Tamagochan_the_3rd has 15 seconds to reconnect!\n|inactive|Tamagochan_the_3rd has 10 seconds to reconnect!\n|inactive|Tamagochan_the_3rd has 5 seconds to reconnect!\n|-message|Tamagochan_the_3rd lost due to inactivity.\n|\n|win|Amber-acid\n|raw|Amber-acid's rating: 1426 &rarr; <strong>1443<\/strong><br \/>(+17 for winning)\n|raw|Tamagochan_the_3rd's rating: 1366 &rarr; <strong>1349<\/strong><br \/>(-17 for losing)\n","uploadtime":1700619066,"views":3,"p1id":"amberacid","p2id":"tamagochanthe3rd","formatid":"gen9nationaldex","rating":1349,"private":0,"password":""}