{"id":"gen9nationaldex-1988707292","p1":"wxwswj","p2":"yizhixingyuya","format":"[Gen 9] National Dex","log":"|j|\u2606wxwswj\n|j|\u2606yizhixingyuya\n|t:|1699753114\n|gametype|singles\n|player|p1|wxwswj|fisherman|\n|player|p2|yizhixingyuya|iris-gen5bw2|\n|teamsize|p1|6\n|teamsize|p2|6\n|gen|9\n|tier|[Gen 9] National Dex\n|rule|HP Percentage Mod: HP is shown in percentages\n|rule|Endless Battle Clause: Forcing endless battles is banned\n|rule|OHKO Clause: OHKO moves are banned\n|rule|Evasion Clause: Evasion abilities, items, and moves are banned\n|rule|Evasion Abilities Clause: Evasion abilities are banned\n|rule|Evasion Items Clause: Evasion items are banned\n|rule|Evasion Moves Clause: Evasion moves are banned\n|rule|Species Clause: Limit one of each Pok\u00e9mon\n|rule|Sleep Clause Mod: Limit one foe put to sleep\n|clearpoke\n|poke|p1|Volcarona, M|\n|poke|p1|Araquanid, M|\n|poke|p1|Blissey, F|\n|poke|p1|Ferrothorn, F|\n|poke|p1|Kleavor, M|\n|poke|p1|Scizor, F|\n|poke|p2|Charizard, F|\n|poke|p2|Serperior, F|\n|poke|p2|Tyranitar, F|\n|poke|p2|Doublade, F|\n|poke|p2|Alomomola, M|\n|poke|p2|Great Tusk|\n|teampreview\n|\n|t:|1699753157\n|start\n|switch|p1a: Ferrothorn|Ferrothorn, F|100\/100\n|switch|p2a: Tyranitar|Tyranitar, F|100\/100\n|-weather|Sandstorm|[from] ability: Sand Stream|[of] p2a: Tyranitar\n|turn|1\n|\n|t:|1699753169\n|move|p2a: Tyranitar|Fire Blast|p1a: Ferrothorn\n|-supereffective|p1a: Ferrothorn\n|-damage|p1a: Ferrothorn|41\/100\n|move|p1a: Ferrothorn|Body Press|p2a: Tyranitar\n|-supereffective|p2a: Tyranitar\n|-damage|p2a: Tyranitar|21\/100\n|\n|-weather|Sandstorm|[upkeep]\n|-heal|p2a: Tyranitar|27\/100|[from] item: Leftovers\n|-heal|p1a: Ferrothorn|47\/100|[from] item: Leftovers\n|upkeep\n|turn|2\n|\n|t:|1699753181\n|move|p1a: Ferrothorn|Protect|p1a: Ferrothorn\n|-singleturn|p1a: Ferrothorn|Protect\n|move|p2a: Tyranitar|Fire Blast|p1a: Ferrothorn\n|-activate|p1a: Ferrothorn|move: Protect\n|\n|-weather|Sandstorm|[upkeep]\n|-heal|p2a: Tyranitar|34\/100|[from] item: Leftovers\n|-heal|p1a: Ferrothorn|53\/100|[from] item: Leftovers\n|upkeep\n|turn|3\n|\n|t:|1699753192\n|switch|p1a: Araquanid|Araquanid, M, shiny|100\/100\n|move|p2a: Tyranitar|Stealth Rock|p1a: Araquanid\n|-sidestart|p1: wxwswj|move: Stealth Rock\n|\n|-weather|Sandstorm|[upkeep]\n|-damage|p1a: Araquanid|94\/100|[from] Sandstorm\n|-heal|p2a: Tyranitar|40\/100|[from] item: Leftovers\n|upkeep\n|turn|4\n|\n|t:|1699753202\n|move|p2a: Tyranitar|Knock Off|p1a: Araquanid\n|-damage|p1a: Araquanid|40\/100\n|-enditem|p1a: Araquanid|Aguav Berry|[from] move: Knock Off|[of] p2a: Tyranitar\n|move|p1a: Araquanid|Sticky Web|p2a: Tyranitar\n|-sidestart|p2: yizhixingyuya|move: Sticky Web\n|\n|-weather|Sandstorm|[upkeep]\n|-damage|p1a: Araquanid|34\/100|[from] Sandstorm\n|-heal|p2a: Tyranitar|46\/100|[from] item: Leftovers\n|upkeep\n|turn|5\n|\n|t:|1699753221\n|move|p2a: Tyranitar|Fire Blast|p1a: Araquanid\n|-damage|p1a: Araquanid|26\/100\n|move|p1a: Araquanid|Leech Life|p2a: Tyranitar\n|-supereffective|p2a: Tyranitar\n|-damage|p2a: Tyranitar|7\/100\n|-heal|p1a: Araquanid|52\/100|[from] drain|[of] p2a: Tyranitar\n|\n|-weather|none\n|-heal|p2a: Tyranitar|13\/100|[from] item: Leftovers\n|upkeep\n|turn|6\n|\n|t:|1699753234\n|move|p2a: Tyranitar|Knock Off|p1a: Araquanid\n|-damage|p1a: Araquanid|17\/100\n|move|p1a: Araquanid|Leech Life|p2a: Tyranitar\n|-supereffective|p2a: Tyranitar\n|-damage|p2a: Tyranitar|0 fnt\n|-heal|p1a: Araquanid|25\/100|[from] drain|[of] p2a: Tyranitar\n|faint|p2a: Tyranitar\n|\n|upkeep\n|\n|t:|1699753241\n|switch|p2a: Serperior|Serperior, F|100\/100\n|-activate|p2a: Serperior|move: Sticky Web\n|-boost|p2a: Serperior|spe|1\n|turn|7\n|\n|t:|1699753256\n|switch|p1a: Volcarona|Volcarona, M, shiny|100\/100\n|-damage|p1a: Volcarona|51\/100|[from] Stealth Rock\n|move|p2a: Serperior|Glare|p1a: Volcarona\n|-status|p1a: Volcarona|par\n|\n|-heal|p1a: Volcarona|57\/100 par|[from] item: Leftovers\n|upkeep\n|turn|8\n|\n|t:|1699753269\n|switch|p1a: Blissey|Blissey, F|100\/100\n|-damage|p1a: Blissey|88\/100|[from] Stealth Rock\n|-terastallize|p2a: Serperior|Fire\n|move|p2a: Serperior|Substitute|p2a: Serperior\n|-start|p2a: Serperior|Substitute\n|-damage|p2a: Serperior|75\/100\n|\n|-heal|p2a: Serperior|82\/100|[from] item: Leftovers\n|-heal|p1a: Blissey|94\/100|[from] item: Leftovers\n|upkeep\n|turn|9\n|\n|t:|1699753282\n|move|p2a: Serperior|Leaf Storm|p1a: Blissey\n|-damage|p1a: Blissey|79\/100\n|-boost|p2a: Serperior|spa|2\n|move|p1a: Blissey|Aromatherapy|p1a: Blissey\n|-activate|p1a: Blissey|move: Aromatherapy\n|-curestatus|p1: Volcarona|par|[msg]\n|\n|-heal|p2a: Serperior|88\/100|[from] item: Leftovers\n|-heal|p1a: Blissey|85\/100|[from] item: Leftovers\n|upkeep\n|turn|10\n|\n|t:|1699753306\n|move|p2a: Serperior|Leaf Storm|p1a: Blissey\n|-damage|p1a: Blissey|58\/100\n|-boost|p2a: Serperior|spa|2\n|move|p1a: Blissey|Ice Beam|p2a: Serperior\n|-resisted|p2a: Serperior\n|-activate|p2a: Serperior|move: Substitute|[damage]\n|\n|-heal|p2a: Serperior|94\/100|[from] item: Leftovers\n|-heal|p1a: Blissey|65\/100|[from] item: Leftovers\n|upkeep\n|turn|11\n|\n|t:|1699753318\n|move|p2a: Serperior|Glare|p1a: Blissey\n|-status|p1a: Blissey|par\n|move|p1a: Blissey|Ice Beam|p2a: Serperior\n|-resisted|p2a: Serperior\n|-activate|p2a: Serperior|move: Substitute|[damage]\n|\n|-heal|p2a: Serperior|99\/100|[from] item: Leftovers\n|-heal|p1a: Blissey|71\/100 par|[from] item: Leftovers\n|upkeep\n|turn|12\n|\n|t:|1699753330\n|move|p2a: Serperior|Leaf Storm|p1a: Blissey\n|-damage|p1a: Blissey|25\/100 par\n|-boost|p2a: Serperior|spa|2\n|move|p1a: Blissey|Aromatherapy|p1a: Blissey\n|-activate|p1a: Blissey|move: Aromatherapy\n|-curestatus|p1a: Blissey|par|[msg]\n|\n|-heal|p2a: Serperior|100\/100|[from] item: Leftovers\n|-heal|p1a: Blissey|31\/100|[from] item: Leftovers\n|upkeep\n|turn|13\n|\n|t:|1699753381\n|move|p2a: Serperior|Leaf Storm|p1a: Blissey\n|-damage|p1a: Blissey|0 fnt\n|faint|p1a: Blissey\n|\n|upkeep\n|\n|t:|1699753390\n|switch|p1a: Scizor|Scizor, F, shiny|100\/100\n|-damage|p1a: Scizor|88\/100|[from] Stealth Rock\n|turn|14\n|-message|wxwswj forfeited.\n|\n|win|yizhixingyuya\n|l|\u2606wxwswj\n","uploadtime":1699753414,"views":4,"p1id":"wxwswj","p2id":"yizhixingyuya","formatid":"gen9nationaldex","rating":0,"private":0,"password":""}