{"id":"gen9nationaldex-1991753076","p1":"JuzOzuj","p2":"mixco","format":"[Gen 9] National Dex","log":"|j|\u2606JuzOzuj\n|j|\u2606mixco\n|t:|1700111313\n|gametype|singles\n|player|p1|JuzOzuj|1|\n|player|p2|mixco|penny|\n|teamsize|p1|6\n|teamsize|p2|6\n|gen|9\n|tier|[Gen 9] National Dex\n|rule|HP Percentage Mod: HP is shown in percentages\n|rule|Endless Battle Clause: Forcing endless battles is banned\n|rule|OHKO Clause: OHKO moves are banned\n|rule|Evasion Clause: Evasion abilities, items, and moves are banned\n|rule|Evasion Abilities Clause: Evasion abilities are banned\n|rule|Evasion Items Clause: Evasion items are banned\n|rule|Evasion Moves Clause: Evasion moves are banned\n|rule|Species Clause: Limit one of each Pok\u00e9mon\n|rule|Sleep Clause Mod: Limit one foe put to sleep\n|clearpoke\n|poke|p1|Indeedee, M|\n|poke|p1|Hatterene, F|\n|poke|p1|Polteageist|\n|poke|p1|Sneasler, M|\n|poke|p1|Cinderace, M|\n|poke|p1|Beedrill, M|\n|poke|p2|Ribombee, F|\n|poke|p2|Ting-Lu|\n|poke|p2|Iron Treads|\n|poke|p2|Sinistcha-Masterpiece|\n|poke|p2|Zapdos-Galar|\n|poke|p2|Heatran, F|\n|teampreview\n|\n|t:|1700111370\n|start\n|switch|p1a: Hatterene|Hatterene, F|100\/100\n|switch|p2a: Hokae|Ribombee, F|100\/100\n|turn|1\n|\n|t:|1700111393\n|switch|p1a: Cinderace|Cinderace, M|100\/100\n|move|p2a: Hokae|Skill Swap|p1a: Cinderace\n|-activate|p2a: Hokae|move: Skill Swap|Libero|Shield Dust|[of] p1a: Cinderace\n|\n|upkeep\n|turn|2\n|\n|t:|1700111405\n|switch|p2a: Heatran|Heatran, F|100\/100\n|switch|p1a: Hatterene|Hatterene, F|100\/100\n|\n|upkeep\n|turn|3\n|\n|t:|1700111416\n|switch|p2a: Iron Treads|Iron Treads|100\/100\n|move|p1a: Hatterene|Nuzzle|p2a: Iron Treads\n|-immune|p2a: Iron Treads\n|\n|upkeep\n|turn|4\n|\n|t:|1700111447\n|-end|p2a: Iron Treads|Quark Drive|[silent]\n|switch|p2a: Chef-lu|Ting-Lu|100\/100\n|-ability|p2a: Chef-lu|Vessel of Ruin\n|move|p1a: Hatterene|Future Sight|p2a: Chef-lu\n|-start|p1a: Hatterene|move: Future Sight\n|\n|upkeep\n|turn|5\n|\n|t:|1700111464\n|switch|p1a: Indeedee|Indeedee, M|100\/100\n|-fieldstart|move: Psychic Terrain|[from] ability: Psychic Surge|[of] p1a: Indeedee\n|move|p2a: Chef-lu|Ruination|p1a: Indeedee\n|-damage|p1a: Indeedee|50\/100\n|\n|upkeep\n|turn|6\n|\n|t:|1700111478\n|switch|p1a: Hatterene|Hatterene, F|100\/100\n|move|p2a: Chef-lu|Stealth Rock|p1a: Hatterene\n|move|p1a: Hatterene|Stealth Rock|p2a: Chef-lu|[from]ability: Magic Bounce\n|-sidestart|p2: mixco|move: Stealth Rock\n|\n|-end|p2a: Chef-lu|move: Future Sight\n|-immune|p2a: Chef-lu\n|upkeep\n|turn|7\n|\n|t:|1700111496\n|switch|p2a: Iron Treads|Iron Treads|100\/100\n|-damage|p2a: Iron Treads|97\/100|[from] Stealth Rock\n|move|p1a: Hatterene|Nuzzle|p2a: Iron Treads\n|-immune|p2a: Iron Treads\n|\n|-heal|p2a: Iron Treads|100\/100|[from] item: Leftovers\n|upkeep\n|turn|8\n|\n|t:|1700111505\n|switch|p1a: Polteageist|Polteageist|100\/100\n|move|p2a: Iron Treads|Rapid Spin|p1a: Polteageist\n|-immune|p1a: Polteageist\n|\n|upkeep\n|turn|9\n|\n|t:|1700111516\n|move|p2a: Iron Treads|Ice Spinner|p1a: Polteageist\n|-damage|p1a: Polteageist|64\/100\n|-ability|p1a: Polteageist|Weak Armor|boost\n|-unboost|p1a: Polteageist|def|1\n|-boost|p1a: Polteageist|spe|2\n|-fieldend|move: Psychic Terrain\n|move|p1a: Polteageist|Shell Smash|p1a: Polteageist\n|-unboost|p1a: Polteageist|def|1\n|-unboost|p1a: Polteageist|spd|1\n|-boost|p1a: Polteageist|atk|2\n|-boost|p1a: Polteageist|spa|2\n|-boost|p1a: Polteageist|spe|2\n|\n|upkeep\n|turn|10\n|\n|t:|1700111543\n|switch|p1a: Hatterene|Hatterene, F|100\/100\n|-end|p2a: Iron Treads|Quark Drive|[silent]\n|switch|p2a: Chef-lu|Ting-Lu|100\/100\n|-damage|p2a: Chef-lu|94\/100|[from] Stealth Rock\n|-ability|p2a: Chef-lu|Vessel of Ruin\n|\n|-heal|p2a: Chef-lu|100\/100|[from] item: Leftovers\n|upkeep\n|turn|11\n|\n|t:|1700111564\n|move|p2a: Chef-lu|Stealth Rock|p1a: Hatterene\n|move|p1a: Hatterene|Stealth Rock||[from]ability: Magic Bounce|[still]\n|-fail|p1a: Hatterene\n|move|p1a: Hatterene|Future Sight|p2a: Chef-lu\n|-start|p1a: Hatterene|move: Future Sight\n|\n|upkeep\n|turn|12\n|\n|t:|1700111571\n|move|p2a: Chef-lu|Stealth Rock|p1a: Hatterene\n|move|p1a: Hatterene|Stealth Rock||[from]ability: Magic Bounce|[still]\n|-fail|p1a: Hatterene\n|move|p1a: Hatterene|Nuzzle|p2a: Chef-lu\n|-immune|p2a: Chef-lu\n|\n|upkeep\n|turn|13\n|\n|t:|1700111586\n|move|p2a: Chef-lu|Stealth Rock|p1a: Hatterene\n|move|p1a: Hatterene|Stealth Rock||[from]ability: Magic Bounce|[still]\n|-fail|p1a: Hatterene\n|move|p1a: Hatterene|Psyshock|p2a: Chef-lu\n|-immune|p2a: Chef-lu\n|\n|-end|p2a: Chef-lu|move: Future Sight\n|-immune|p2a: Chef-lu\n|upkeep\n|turn|14\n|c|\u2606JuzOzuj|xddddddddddddddddddddddddddddddddddddddddddddddddddddddddddd\n|c|\u2606JuzOzuj|JHFASJDFJASGJDASD\n|\n|t:|1700111600\n|move|p2a: Chef-lu|Stealth Rock|p1a: Hatterene\n|move|p1a: Hatterene|Stealth Rock||[from]ability: Magic Bounce|[still]\n|-fail|p1a: Hatterene\n|move|p1a: Hatterene|Future Sight|p2a: Chef-lu\n|-start|p1a: Hatterene|move: Future Sight\n|\n|upkeep\n|turn|15\n|c|\u2606mixco|Al que se le van a acabar los pp primero no soy yo, solo digo UwU\n|\n|t:|1700111628\n|move|p2a: Chef-lu|Stealth Rock|p1a: Hatterene\n|move|p1a: Hatterene|Stealth Rock||[from]ability: Magic Bounce|[still]\n|-fail|p1a: Hatterene\n|move|p1a: Hatterene|Nuzzle|p2a: Chef-lu\n|-immune|p2a: Chef-lu\n|\n|upkeep\n|turn|16\n|\n|t:|1700111638\n|move|p2a: Chef-lu|Stealth Rock|p1a: Hatterene\n|move|p1a: Hatterene|Stealth Rock||[from]ability: Magic Bounce|[still]\n|-fail|p1a: Hatterene\n|move|p1a: Hatterene|Nuzzle|p2a: Chef-lu\n|-immune|p2a: Chef-lu\n|\n|-end|p2a: Chef-lu|move: Future Sight\n|-immune|p2a: Chef-lu\n|upkeep\n|turn|17\n|c|\u2606JuzOzuj|yo tmb tengo un move con 32 pp\n|\n|t:|1700111652\n|move|p2a: Chef-lu|Stealth Rock|p1a: Hatterene\n|move|p1a: Hatterene|Stealth Rock||[from]ability: Magic Bounce|[still]\n|-fail|p1a: Hatterene\n|move|p1a: Hatterene|Nuzzle|p2a: Chef-lu\n|-immune|p2a: Chef-lu\n|\n|upkeep\n|turn|18\n|\n|t:|1700111660\n|move|p2a: Chef-lu|Stealth Rock|p1a: Hatterene\n|move|p1a: Hatterene|Stealth Rock||[from]ability: Magic Bounce|[still]\n|-fail|p1a: Hatterene\n|move|p1a: Hatterene|Nuzzle|p2a: Chef-lu\n|-immune|p2a: Chef-lu\n|\n|upkeep\n|turn|19\n|\n|t:|1700111668\n|switch|p2a: Iron Treads|Iron Treads|100\/100\n|-damage|p2a: Iron Treads|97\/100|[from] Stealth Rock\n|move|p1a: Hatterene|Nuzzle|p2a: Iron Treads\n|-immune|p2a: Iron Treads\n|\n|-heal|p2a: Iron Treads|100\/100|[from] item: Leftovers\n|upkeep\n|turn|20\n|\n|t:|1700111684\n|move|p2a: Iron Treads|Rapid Spin|p1a: Hatterene\n|-damage|p1a: Hatterene|89\/100\n|-boost|p2a: Iron Treads|spe|1\n|-sideend|p2: mixco|Stealth Rock|[from] move: Rapid Spin|[of] p2a: Iron Treads\n|-enditem|p1a: Hatterene|Eject Button\n|\n|t:|1700111716\n|switch|p1a: Indeedee|Indeedee, M|50\/100\n|-fieldstart|move: Psychic Terrain|[from] ability: Psychic Surge|[of] p1a: Indeedee\n|\n|upkeep\n|turn|21\n|\n|t:|1700111728\n|-terastallize|p1a: Indeedee|Ghost\n|move|p2a: Iron Treads|Ice Spinner|p1a: Indeedee\n|-damage|p1a: Indeedee|11\/100\n|-fieldend|move: Psychic Terrain\n|move|p1a: Indeedee|Encore|p2a: Iron Treads\n|-start|p2a: Iron Treads|Encore\n|\n|upkeep\n|turn|22\n|\n|t:|1700111746\n|switch|p1a: Hatterene|Hatterene, F|89\/100\n|move|p2a: Iron Treads|Ice Spinner|p1a: Hatterene\n|-damage|p1a: Hatterene|72\/100\n|\n|upkeep\n|turn|23\n|\n|t:|1700111754\n|-end|p2a: Iron Treads|Quark Drive|[silent]\n|switch|p2a: Chef-lu|Ting-Lu|100\/100\n|-ability|p2a: Chef-lu|Vessel of Ruin\n|move|p1a: Hatterene|Healing Wish|p1a: Hatterene\n|faint|p1a: Hatterene\n|\n|upkeep\n|\n|t:|1700111759\n|switch|p1a: Indeedee|Indeedee, M, tera:Ghost|11\/100\n|-heal|p1a: Indeedee|100\/100|[from] move: Healing Wish\n|-fieldstart|move: Psychic Terrain|[from] ability: Psychic Surge|[of] p1a: Indeedee\n|turn|24\n|\n|t:|1700111767\n|switch|p1a: Reixo|Sneasler, M|100\/100\n|-enditem|p1a: Reixo|Psychic Seed\n|-boost|p1a: Reixo|spd|1|[from] item: Psychic Seed\n|move|p2a: Chef-lu|Stealth Rock|p1a: Reixo\n|-sidestart|p1: JuzOzuj|move: Stealth Rock\n|\n|upkeep\n|turn|25\n|\n|t:|1700111792\n|-terastallize|p2a: Chef-lu|Poison\n|move|p1a: Reixo|Acrobatics|p2a: Chef-lu\n|-damage|p2a: Chef-lu|80\/100\n|move|p2a: Chef-lu|Whirlwind|p1a: Reixo\n|drag|p1a: Polteageist|Polteageist|64\/100\n|-damage|p1a: Polteageist|51\/100|[from] Stealth Rock\n|\n|-heal|p2a: Chef-lu|86\/100|[from] item: Leftovers\n|upkeep\n|turn|26\n|\n|t:|1700111813\n|switch|p2a: Heatran|Heatran, F|100\/100\n|move|p1a: Polteageist|Stored Power|p2a: Heatran\n|-resisted|p2a: Heatran\n|-damage|p2a: Heatran|97\/100\n|\n|-heal|p2a: Heatran|100\/100|[from] item: Leftovers\n|upkeep\n|turn|27\n|\n|t:|1700111819\n|switch|p1a: Reixo|Sneasler, M|100\/100\n|-damage|p1a: Reixo|95\/100|[from] Stealth Rock\n|move|p2a: Heatran|Magma Storm|p1a: Reixo\n|-damage|p1a: Reixo|39\/100\n|-activate|p1a: Reixo|move: Magma Storm|[of] p2a: Heatran\n|\n|-damage|p1a: Reixo|26\/100|[from] move: Magma Storm|[partiallytrapped]\n|upkeep\n|turn|28\n|\n|t:|1700111829\n|switch|p2a: Chef-lu|Ting-Lu, tera:Poison|86\/100\n|-ability|p2a: Chef-lu|Vessel of Ruin\n|move|p1a: Reixo|Close Combat|p2a: Chef-lu\n|-resisted|p2a: Chef-lu\n|-damage|p2a: Chef-lu|70\/100\n|-unboost|p1a: Reixo|def|1\n|-unboost|p1a: Reixo|spd|1\n|\n|-heal|p2a: Chef-lu|76\/100|[from] item: Leftovers\n|-end|p1a: Reixo|Magma Storm|[partiallytrapped]|[silent]\n|upkeep\n|turn|29\n|\n|t:|1700111843\n|move|p1a: Reixo|Swords Dance|p1a: Reixo\n|-boost|p1a: Reixo|atk|2\n|move|p2a: Chef-lu|Whirlwind|p1a: Reixo\n|drag|p1a: Beedrill|Beedrill, M|100\/100\n|-damage|p1a: Beedrill|76\/100|[from] Stealth Rock\n|\n|-heal|p2a: Chef-lu|82\/100|[from] item: Leftovers\n|upkeep\n|turn|30\n|\n|t:|1700111884\n|switch|p2a: Zapatos|Zapdos-Galar|100\/100\n|detailschange|p1a: Beedrill|Beedrill-Mega, M\n|-mega|p1a: Beedrill|Beedrill|Beedrillite\n|move|p1a: Beedrill|Drill Run|p2a: Zapatos\n|-immune|p2a: Zapatos\n|\n|upkeep\n|turn|31\n|\n|t:|1700111899\n|switch|p1a: Reixo|Sneasler, M|26\/100\n|-damage|p1a: Reixo|20\/100|[from] Stealth Rock\n|move|p2a: Zapatos|Brave Bird|p1a: Reixo\n|-supereffective|p1a: Reixo\n|-damage|p1a: Reixo|0 fnt\n|faint|p1a: Reixo\n|-damage|p2a: Zapatos|94\/100|[from] Recoil\n|\n|-fieldend|move: Psychic Terrain\n|upkeep\n|\n|t:|1700111909\n|switch|p1a: Cinderace|Cinderace, M|100\/100\n|turn|32\n|\n|t:|1700111919\n|switch|p2a: Heatran|Heatran, F|100\/100\n|move|p1a: Cinderace|Court Change|p1a: Cinderace\n|-start|p1a: Cinderace|typechange|Normal|[from] ability: Libero\n|-swapsideconditions\n|-activate|p1a: Cinderace|move: Court Change\n|\n|upkeep\n|turn|33\n|\n|t:|1700111927\n|move|p1a: Cinderace|U-turn|p2a: Heatran\n|-resisted|p2a: Heatran\n|-damage|p2a: Heatran|97\/100\n|\n|t:|1700111935\n|switch|p1a: Indeedee|Indeedee, M, tera:Ghost|100\/100|[from] U-turn\n|-fieldstart|move: Psychic Terrain|[from] ability: Psychic Surge|[of] p1a: Indeedee\n|move|p2a: Heatran|Magma Storm|p1a: Indeedee\n|-damage|p1a: Indeedee|38\/100\n|-activate|p1a: Indeedee|move: Magma Storm|[of] p2a: Heatran\n|\n|-heal|p2a: Heatran|100\/100|[from] item: Leftovers\n|-damage|p1a: Indeedee|25\/100|[from] move: Magma Storm|[partiallytrapped]\n|upkeep\n|turn|34\n|\n|t:|1700111950\n|move|p1a: Indeedee|Healing Wish|p1a: Indeedee\n|faint|p1a: Indeedee\n|move|p2a: Heatran|Taunt|p1: Indeedee|[notarget]\n|-fail|p2a: Heatran\n|\n|upkeep\n|\n|t:|1700111954\n|switch|p1a: Polteageist|Polteageist|51\/100\n|-heal|p1a: Polteageist|100\/100|[from] move: Healing Wish\n|turn|35\n|\n|t:|1700111964\n|switch|p1a: Cinderace|Cinderace, M|100\/100\n|move|p2a: Heatran|Earth Power|p1a: Cinderace\n|-supereffective|p1a: Cinderace\n|-damage|p1a: Cinderace|29\/100\n|\n|upkeep\n|turn|36\n|\n|t:|1700111978\n|move|p2a: Heatran|Protect|p2a: Heatran\n|-singleturn|p2a: Heatran|Protect\n|move|p1a: Cinderace|Sucker Punch||[still]\n|-fail|p1a: Cinderace\n|\n|upkeep\n|turn|37\n|\n|t:|1700111987\n|move|p1a: Cinderace|Sucker Punch||[still]\n|-fail|p1a: Cinderace\n|move|p2a: Heatran|Taunt|p1a: Cinderace\n|-start|p1a: Cinderace|move: Taunt\n|\n|upkeep\n|turn|38\n|\n|t:|1700111996\n|move|p1a: Cinderace|U-turn|p2a: Heatran\n|-start|p1a: Cinderace|typechange|Bug|[from] ability: Libero\n|-resisted|p2a: Heatran\n|-crit|p2a: Heatran\n|-damage|p2a: Heatran|92\/100\n|\n|t:|1700111999\n|switch|p1a: Beedrill|Beedrill-Mega, M|76\/100|[from] U-turn\n|move|p2a: Heatran|Earth Power|p1a: Beedrill\n|-damage|p1a: Beedrill|39\/100\n|\n|-heal|p2a: Heatran|98\/100|[from] item: Leftovers\n|upkeep\n|turn|39\n|\n|t:|1700112014\n|move|p2a: Heatran|Protect|p2a: Heatran\n|-singleturn|p2a: Heatran|Protect\n|move|p1a: Beedrill|X-Scissor|p2a: Heatran\n|-activate|p2a: Heatran|move: Protect\n|\n|-heal|p2a: Heatran|100\/100|[from] item: Leftovers\n|upkeep\n|turn|40\n|\n|t:|1700112032\n|switch|p1a: Polteageist|Polteageist|100\/100\n|switch|p2a: Sinistcha|Sinistcha-Masterpiece|100\/100\n|-damage|p2a: Sinistcha|88\/100|[from] Stealth Rock\n|\n|-fieldend|move: Psychic Terrain\n|upkeep\n|turn|41\n|\n|t:|1700112042\n|switch|p2a: Heatran|Heatran, F|100\/100\n|-damage|p2a: Heatran|88\/100|[from] Stealth Rock\n|move|p1a: Polteageist|Shell Smash|p1a: Polteageist\n|-unboost|p1a: Polteageist|def|1\n|-unboost|p1a: Polteageist|spd|1\n|-boost|p1a: Polteageist|atk|2\n|-boost|p1a: Polteageist|spa|2\n|-boost|p1a: Polteageist|spe|2\n|\n|-heal|p2a: Heatran|94\/100|[from] item: Leftovers\n|upkeep\n|turn|42\n|\n|t:|1700112054\n|move|p1a: Polteageist|Shadow Ball|p2a: Heatran\n|-damage|p2a: Heatran|26\/100\n|move|p2a: Heatran|Earth Power|p1a: Polteageist\n|-damage|p1a: Polteageist|53\/100\n|\n|-heal|p2a: Heatran|32\/100|[from] item: Leftovers\n|upkeep\n|turn|43\n|\n|t:|1700112068\n|move|p1a: Polteageist|Shadow Ball|p2a: Heatran\n|-damage|p2a: Heatran|0 fnt\n|faint|p2a: Heatran\n|\n|upkeep\n|\n|t:|1700112077\n|switch|p2a: Iron Treads|Iron Treads|100\/100\n|-damage|p2a: Iron Treads|97\/100|[from] Stealth Rock\n|turn|44\n|\n|t:|1700112082\n|move|p1a: Polteageist|Shadow Ball|p2a: Iron Treads\n|-damage|p2a: Iron Treads|3\/100\n|move|p2a: Iron Treads|Earthquake|p1a: Polteageist\n|-damage|p1a: Polteageist|0 fnt\n|faint|p1a: Polteageist\n|\n|-heal|p2a: Iron Treads|9\/100|[from] item: Leftovers\n|upkeep\n|\n|t:|1700112089\n|switch|p1a: Beedrill|Beedrill-Mega, M|39\/100\n|turn|45\n|\n|t:|1700112115\n|-end|p2a: Iron Treads|Quark Drive|[silent]\n|switch|p2a: Chef-lu|Ting-Lu, tera:Poison|82\/100\n|-damage|p2a: Chef-lu|70\/100|[from] Stealth Rock\n|-ability|p2a: Chef-lu|Vessel of Ruin\n|move|p1a: Beedrill|Poison Jab|p2a: Chef-lu\n|-resisted|p2a: Chef-lu\n|-damage|p2a: Chef-lu|52\/100\n|\n|-heal|p2a: Chef-lu|58\/100|[from] item: Leftovers\n|upkeep\n|turn|46\n|\n|t:|1700112141\n|move|p1a: Beedrill|Drill Run|p2a: Chef-lu\n|-supereffective|p2a: Chef-lu\n|-damage|p2a: Chef-lu|29\/100\n|move|p2a: Chef-lu|Whirlwind|p1a: Beedrill\n|drag|p1a: Cinderace|Cinderace, M|29\/100\n|\n|-heal|p2a: Chef-lu|35\/100|[from] item: Leftovers\n|upkeep\n|turn|47\n|\n|t:|1700112216\n|move|p1a: Cinderace|Court Change|p1a: Cinderace\n|-start|p1a: Cinderace|typechange|Normal|[from] ability: Libero\n|-swapsideconditions\n|-activate|p1a: Cinderace|move: Court Change\n|move|p2a: Chef-lu|Ruination|p1a: Cinderace\n|-damage|p1a: Cinderace|15\/100\n|\n|-heal|p2a: Chef-lu|41\/100|[from] item: Leftovers\n|upkeep\n|turn|48\n|\n|t:|1700112233\n|switch|p2a: Sinistcha|Sinistcha-Masterpiece|88\/100\n|move|p1a: Cinderace|Court Change|p1a: Cinderace\n|-swapsideconditions\n|-activate|p1a: Cinderace|move: Court Change\n|\n|upkeep\n|turn|49\n|\n|t:|1700112249\n|move|p1a: Cinderace|U-turn|p2a: Sinistcha\n|-damage|p2a: Sinistcha|74\/100\n|\n|t:|1700112252\n|switch|p1a: Beedrill|Beedrill-Mega, M|39\/100|[from] U-turn\n|move|p2a: Sinistcha|Strength Sap|p1a: Beedrill\n|-unboost|p1a: Beedrill|atk|1\n|-heal|p2a: Sinistcha|100\/100\n|\n|upkeep\n|turn|50\n|\n|t:|1700112266\n|move|p1a: Beedrill|Poison Jab|p2a: Sinistcha\n|-damage|p2a: Sinistcha|74\/100\n|move|p2a: Sinistcha|Shadow Ball|p1a: Beedrill\n|-damage|p1a: Beedrill|0 fnt\n|faint|p1a: Beedrill\n|\n|upkeep\n|\n|t:|1700112272\n|switch|p1a: Cinderace|Cinderace, M|15\/100\n|turn|51\n|\n|t:|1700112275\n|move|p1a: Cinderace|Sucker Punch||[still]\n|-fail|p1a: Cinderace\n|move|p2a: Sinistcha|Strength Sap|p1a: Cinderace\n|-unboost|p1a: Cinderace|atk|1\n|-heal|p2a: Sinistcha|100\/100\n|\n|upkeep\n|turn|52\n|c|\u2606JuzOzuj|nah gg\n|c|\u2606mixco|gg\n|-message|JuzOzuj forfeited.\n|\n|win|mixco\n|l|\u2606JuzOzuj\n","uploadtime":1700112296,"views":16,"p1id":"juzozuj","p2id":"mixco","formatid":"gen9nationaldex","rating":0,"private":0,"password":""}