{"id":"gen9nationaldex-1999002743","p1":"Alex001221","p2":"Yoye420","format":"[Gen 9] National Dex","log":"|html|<div class=\"broadcast-blue\"><strong>[Gen 9] National Dex is currently suspecting Sneasler! For information on how to participate check out the <a href=\"https:\/\/www.smogon.com\/forums\/threads\/sv-national-dex-suspect-8-just-dance.3731534\/\">suspect thread<\/a>.<\/strong><\/div>\n|j|\u2606Alex001221\n|j|\u2606Yoye420\n|t:|1701022751\n|gametype|singles\n|player|p1|Alex001221|265|1099\n|player|p2|Yoye420|ethan|1121\n|teamsize|p1|6\n|teamsize|p2|6\n|gen|9\n|tier|[Gen 9] National Dex\n|rated|\n|rule|HP Percentage Mod: HP is shown in percentages\n|rule|Endless Battle Clause: Forcing endless battles is banned\n|rule|OHKO Clause: OHKO moves are banned\n|rule|Evasion Clause: Evasion abilities, items, and moves are banned\n|rule|Evasion Abilities Clause: Evasion abilities are banned\n|rule|Evasion Items Clause: Evasion items are banned\n|rule|Evasion Moves Clause: Evasion moves are banned\n|rule|Species Clause: Limit one of each Pok\u00e9mon\n|rule|Sleep Clause Mod: Limit one foe put to sleep\n|clearpoke\n|poke|p1|Ferrothorn, M|\n|poke|p1|Zapdos|\n|poke|p1|Garganacl, M|\n|poke|p1|Aerodactyl, F|\n|poke|p1|Alomomola, M|\n|poke|p1|Tyranitar, F|\n|poke|p2|Slowbro, F|\n|poke|p2|Umbreon, F|\n|poke|p2|Volcarona, M|\n|poke|p2|Hippowdon, M|\n|poke|p2|Skarmory, M|\n|poke|p2|Articuno|\n|teampreview\n|inactive|Battle timer is ON: inactive players will automatically lose when time's up. (requested by Alex001221)\n|\n|t:|1701022777\n|start\n|switch|p1a: Ferrothorn|Ferrothorn, M|100\/100\n|switch|p2a: Hippowdon|Hippowdon, M|100\/100\n|-weather|Sandstorm|[from] ability: Sand Stream|[of] p2a: Hippowdon\n|turn|1\n|\n|t:|1701022785\n|move|p2a: Hippowdon|Sand Tomb|p1a: Ferrothorn|[miss]\n|-miss|p2a: Hippowdon|p1a: Ferrothorn\n|move|p1a: Ferrothorn|Leech Seed|p2a: Hippowdon\n|-start|p2a: Hippowdon|move: Leech Seed\n|\n|-weather|Sandstorm|[upkeep]\n|-damage|p2a: Hippowdon|88\/100|[from] Leech Seed|[of] p1a: Ferrothorn\n|upkeep\n|turn|2\n|\n|t:|1701022795\n|switch|p1a: Alomomola|Alomomola, M|100\/100\n|move|p2a: Hippowdon|Sand Tomb|p1a: Alomomola\n|-damage|p1a: Alomomola|93\/100\n|-activate|p1a: Alomomola|move: Sand Tomb|[of] p2a: Hippowdon\n|-enditem|p1a: Alomomola|Red Card|[of] p2a: Hippowdon\n|drag|p2a: Articuno|Articuno|100\/100\n|-ability|p2a: Articuno|Pressure\n|\n|-weather|Sandstorm|[upkeep]\n|-damage|p2a: Articuno|94\/100|[from] Sandstorm\n|-damage|p1a: Alomomola|86\/100|[from] Sandstorm\n|-heal|p2a: Articuno|100\/100|[from] item: Leftovers\n|-end|p1a: Alomomola|Sand Tomb|[partiallytrapped]|[silent]\n|upkeep\n|turn|3\n|\n|t:|1701022808\n|move|p2a: Articuno|Light Screen|p2a: Articuno\n|-sidestart|p2: Yoye420|move: Light Screen\n|move|p1a: Alomomola|Wish|p1a: Alomomola\n|\n|-weather|Sandstorm|[upkeep]\n|-damage|p2a: Articuno|94\/100|[from] Sandstorm\n|-damage|p1a: Alomomola|80\/100|[from] Sandstorm\n|-heal|p2a: Articuno|100\/100|[from] item: Leftovers\n|upkeep\n|turn|4\n|\n|t:|1701022827\n|move|p2a: Articuno|Ice Beam|p1a: Alomomola\n|-resisted|p1a: Alomomola\n|-damage|p1a: Alomomola|66\/100\n|move|p1a: Alomomola|Acrobatics|p2a: Articuno\n|-crit|p2a: Articuno\n|-damage|p2a: Articuno|73\/100\n|\n|-weather|Sandstorm|[upkeep]\n|-damage|p2a: Articuno|67\/100|[from] Sandstorm\n|-damage|p1a: Alomomola|60\/100|[from] Sandstorm\n|-heal|p1a: Alomomola|100\/100|[from] move: Wish|[wisher] Alomomola\n|-heal|p2a: Articuno|73\/100|[from] item: Leftovers\n|upkeep\n|turn|5\n|\n|t:|1701022838\n|switch|p2a: Slowbro|Slowbro, F|100\/100\n|move|p1a: Alomomola|Scald|p2a: Slowbro\n|-resisted|p2a: Slowbro\n|-damage|p2a: Slowbro|98\/100\n|\n|-weather|none\n|-heal|p2a: Slowbro|100\/100|[from] item: Leftovers\n|upkeep\n|turn|6\n|\n|t:|1701022847\n|switch|p1a: Ferrothorn|Ferrothorn, M|100\/100\n|move|p2a: Slowbro|Whirlpool|p1a: Ferrothorn|[miss]\n|-miss|p2a: Slowbro|p1a: Ferrothorn\n|\n|upkeep\n|turn|7\n|\n|t:|1701022856\n|move|p2a: Slowbro|Whirlpool|p1a: Ferrothorn\n|-resisted|p1a: Ferrothorn\n|-damage|p1a: Ferrothorn|96\/100\n|-activate|p1a: Ferrothorn|move: Whirlpool|[of] p2a: Slowbro\n|move|p1a: Ferrothorn|Thunder Wave|p2a: Slowbro\n|-status|p2a: Slowbro|par\n|\n|-heal|p1a: Ferrothorn|100\/100|[from] item: Leftovers\n|-damage|p1a: Ferrothorn|88\/100|[from] move: Whirlpool|[partiallytrapped]\n|-sideend|p2: Yoye420|move: Light Screen\n|upkeep\n|turn|8\n|\n|t:|1701022865\n|move|p2a: Slowbro|Yawn|p1a: Ferrothorn\n|-start|p1a: Ferrothorn|move: Yawn|[of] p2a: Slowbro\n|move|p1a: Ferrothorn|Leech Seed|p2a: Slowbro\n|-start|p2a: Slowbro|move: Leech Seed\n|\n|-heal|p1a: Ferrothorn|94\/100|[from] item: Leftovers\n|-damage|p2a: Slowbro|88\/100 par|[from] Leech Seed|[of] p1a: Ferrothorn\n|-heal|p1a: Ferrothorn|100\/100|[silent]\n|-damage|p1a: Ferrothorn|88\/100|[from] move: Whirlpool|[partiallytrapped]\n|upkeep\n|turn|9\n|\n|t:|1701022885\n|switch|p2a: Volcarona|Volcarona, M|100\/100\n|move|p1a: Ferrothorn|Body Press|p2a: Volcarona\n|-resisted|p2a: Volcarona\n|-damage|p2a: Volcarona|87\/100\n|\n|-heal|p2a: Volcarona|93\/100|[from] item: Leftovers\n|-heal|p1a: Ferrothorn|94\/100|[from] item: Leftovers\n|-end|p1a: Ferrothorn|Whirlpool|[partiallytrapped]|[silent]\n|-end|p1a: Ferrothorn|move: Yawn|[silent]\n|-status|p1a: Ferrothorn|slp\n|upkeep\n|turn|10\n|\n|t:|1701022895\n|switch|p1a: Alomomola|Alomomola, M|100\/100\n|move|p2a: Volcarona|Bug Buzz|p1a: Alomomola\n|-damage|p1a: Alomomola|67\/100\n|\n|-heal|p2a: Volcarona|99\/100|[from] item: Leftovers\n|upkeep\n|turn|11\n|\n|t:|1701022905\n|switch|p2a: Umbreon|Umbreon, F|100\/100\n|move|p1a: Alomomola|Flip Turn|p2a: Umbreon\n|-damage|p2a: Umbreon|87\/100\n|\n|t:|1701022912\n|switch|p1a: Garganacl|Garganacl, M|100\/100|[from] Flip Turn\n|\n|-heal|p2a: Umbreon|93\/100|[from] item: Leftovers\n|upkeep\n|turn|12\n|\n|t:|1701022919\n|move|p2a: Umbreon|Toxic|p1a: Garganacl|[miss]\n|-miss|p2a: Umbreon|p1a: Garganacl\n|move|p1a: Garganacl|Stealth Rock|p2a: Umbreon\n|-sidestart|p2: Yoye420|move: Stealth Rock\n|\n|-heal|p2a: Umbreon|99\/100|[from] item: Leftovers\n|upkeep\n|turn|13\n|\n|t:|1701022926\n|switch|p1a: Ferrothorn|Ferrothorn, M|94\/100 slp\n|move|p2a: Umbreon|Toxic||[still]\n|-fail|p2a: Umbreon\n|\n|-heal|p2a: Umbreon|100\/100|[from] item: Leftovers\n|-heal|p1a: Ferrothorn|100\/100 slp|[from] item: Leftovers\n|upkeep\n|turn|14\n|\n|t:|1701022936\n|switch|p2a: Skarmory|Skarmory, M|100\/100\n|-damage|p2a: Skarmory|88\/100|[from] Stealth Rock\n|cant|p1a: Ferrothorn|slp\n|\n|-heal|p2a: Skarmory|94\/100|[from] item: Leftovers\n|upkeep\n|turn|15\n|\n|t:|1701022943\n|move|p2a: Skarmory|Iron Defense|p2a: Skarmory\n|-boost|p2a: Skarmory|def|2\n|cant|p1a: Ferrothorn|slp\n|\n|-heal|p2a: Skarmory|99\/100|[from] item: Leftovers\n|upkeep\n|turn|16\n|\n|t:|1701022949\n|move|p2a: Skarmory|Defog|p1a: Ferrothorn\n|-unboost|p1a: Ferrothorn|evasion|1\n|-sideend|p2: Yoye420|Stealth Rock|[from] move: Defog|[of] p2a: Skarmory\n|-curestatus|p1a: Ferrothorn|slp|[msg]\n|move|p1a: Ferrothorn|Thunder Wave|p2a: Skarmory\n|-status|p2a: Skarmory|par\n|\n|-heal|p2a: Skarmory|100\/100 par|[from] item: Leftovers\n|upkeep\n|turn|17\n|\n|t:|1701022958\n|move|p2a: Skarmory|Body Press|p1a: Ferrothorn\n|-supereffective|p1a: Ferrothorn\n|-damage|p1a: Ferrothorn|36\/100\n|-damage|p2a: Skarmory|88\/100 par|[from] ability: Iron Barbs|[of] p1a: Ferrothorn\n|move|p1a: Ferrothorn|Leech Seed|p2a: Skarmory\n|-start|p2a: Skarmory|move: Leech Seed\n|\n|-heal|p2a: Skarmory|94\/100 par|[from] item: Leftovers\n|-heal|p1a: Ferrothorn|42\/100|[from] item: Leftovers\n|-damage|p2a: Skarmory|82\/100 par|[from] Leech Seed|[of] p1a: Ferrothorn\n|-heal|p1a: Ferrothorn|57\/100|[silent]\n|upkeep\n|turn|18\n|\n|t:|1701022972\n|switch|p1a: Zapdos|Zapdos|100\/100\n|move|p2a: Skarmory|Body Press|p1a: Zapdos\n|-resisted|p1a: Zapdos\n|-damage|p1a: Zapdos|70\/100\n|\n|-heal|p2a: Skarmory|88\/100 par|[from] item: Leftovers\n|-damage|p2a: Skarmory|76\/100 par|[from] Leech Seed|[of] p1a: Zapdos\n|-heal|p1a: Zapdos|83\/100|[silent]\n|upkeep\n|turn|19\n|\n|t:|1701022987\n|switch|p2a: Hippowdon|Hippowdon, M|88\/100\n|-weather|Sandstorm|[from] ability: Sand Stream|[of] p2a: Hippowdon\n|move|p1a: Zapdos|Volt Switch|p2a: Hippowdon\n|-immune|p2a: Hippowdon\n|\n|-weather|Sandstorm|[upkeep]\n|-damage|p1a: Zapdos|77\/100|[from] Sandstorm\n|-heal|p2a: Hippowdon|94\/100|[from] item: Leftovers\n|upkeep\n|turn|20\n|\n|t:|1701022998\n|switch|p1a: Alomomola|Alomomola, M|99\/100\n|move|p2a: Hippowdon|Ice Fang|p1a: Alomomola\n|-resisted|p1a: Alomomola\n|-damage|p1a: Alomomola|95\/100\n|\n|-weather|Sandstorm|[upkeep]\n|-damage|p1a: Alomomola|89\/100|[from] Sandstorm\n|-heal|p2a: Hippowdon|99\/100|[from] item: Leftovers\n|upkeep\n|turn|21\n|\n|t:|1701023009\n|switch|p2a: Umbreon|Umbreon, F|100\/100\n|move|p1a: Alomomola|Wish|p1a: Alomomola\n|\n|-weather|Sandstorm|[upkeep]\n|-damage|p1a: Alomomola|83\/100|[from] Sandstorm\n|-damage|p2a: Umbreon|94\/100|[from] Sandstorm\n|-heal|p2a: Umbreon|100\/100|[from] item: Leftovers\n|upkeep\n|turn|22\n|\n|t:|1701023024\n|switch|p1a: Ferrothorn|Ferrothorn, M|57\/100\n|move|p2a: Umbreon|Toxic|p1a: Ferrothorn\n|-immune|p1a: Ferrothorn\n|\n|-weather|Sandstorm|[upkeep]\n|-damage|p2a: Umbreon|94\/100|[from] Sandstorm\n|-heal|p1a: Ferrothorn|100\/100|[from] move: Wish|[wisher] Alomomola\n|-heal|p2a: Umbreon|100\/100|[from] item: Leftovers\n|upkeep\n|turn|23\n|\n|t:|1701023040\n|switch|p2a: Volcarona|Volcarona, M|99\/100\n|move|p1a: Ferrothorn|Leech Seed|p2a: Volcarona|[miss]\n|-miss|p1a: Ferrothorn|p2a: Volcarona\n|\n|-weather|none\n|-heal|p2a: Volcarona|100\/100|[from] item: Leftovers\n|upkeep\n|turn|24\n|\n|t:|1701023051\n|switch|p1a: Tyranitar|Tyranitar, F|100\/100\n|-weather|Sandstorm|[from] ability: Sand Stream|[of] p1a: Tyranitar\n|move|p2a: Volcarona|Quiver Dance|p2a: Volcarona\n|-boost|p2a: Volcarona|spa|1\n|-boost|p2a: Volcarona|spd|1\n|-boost|p2a: Volcarona|spe|1\n|\n|-weather|Sandstorm|[upkeep]\n|-damage|p2a: Volcarona|94\/100|[from] Sandstorm\n|-heal|p2a: Volcarona|100\/100|[from] item: Leftovers\n|upkeep\n|turn|25\n|\n|t:|1701023061\n|switch|p1a: Aerodactyl|Aerodactyl, F|100\/100\n|move|p2a: Volcarona|Bug Buzz|p1a: Aerodactyl\n|-resisted|p1a: Aerodactyl\n|-damage|p1a: Aerodactyl|72\/100\n|\n|-weather|Sandstorm|[upkeep]\n|-damage|p2a: Volcarona|94\/100|[from] Sandstorm\n|-heal|p2a: Volcarona|100\/100|[from] item: Leftovers\n|upkeep\n|turn|26\n|\n|t:|1701023074\n|switch|p2a: Hippowdon|Hippowdon, M|99\/100\n|detailschange|p1a: Aerodactyl|Aerodactyl-Mega, F\n|-mega|p1a: Aerodactyl|Aerodactyl|Aerodactylite\n|move|p1a: Aerodactyl|Dragon Dance|p1a: Aerodactyl\n|-boost|p1a: Aerodactyl|atk|1\n|-boost|p1a: Aerodactyl|spe|1\n|\n|-weather|Sandstorm|[upkeep]\n|-heal|p2a: Hippowdon|100\/100|[from] item: Leftovers\n|upkeep\n|turn|27\n|\n|t:|1701023086\n|switch|p1a: Alomomola|Alomomola, M|100\/100\n|move|p2a: Hippowdon|Ice Fang|p1a: Alomomola\n|-resisted|p1a: Alomomola\n|-damage|p1a: Alomomola|96\/100\n|\n|-weather|Sandstorm|[upkeep]\n|-damage|p1a: Alomomola|90\/100|[from] Sandstorm\n|upkeep\n|turn|28\n|\n|t:|1701023098\n|switch|p2a: Umbreon|Umbreon, F|100\/100\n|move|p1a: Alomomola|Scald|p2a: Umbreon\n|-damage|p2a: Umbreon|93\/100\n|-status|p2a: Umbreon|brn\n|-activate|p2a: Umbreon|ability: Synchronize\n|-status|p1a: Alomomola|brn\n|\n|-weather|none\n|-heal|p2a: Umbreon|99\/100 brn|[from] item: Leftovers\n|-damage|p1a: Alomomola|84\/100 brn|[from] brn\n|-damage|p2a: Umbreon|93\/100 brn|[from] brn\n|upkeep\n|turn|29\n|\n|t:|1701023111\n|move|p2a: Umbreon|Heal Bell|p2a: Umbreon\n|-activate|p2a: Umbreon|move: Heal Bell\n|-curestatus|p2a: Umbreon|brn|[msg]\n|-curestatus|p2: Slowbro|par|[msg]\n|-curestatus|p2: Skarmory|par|[msg]\n|move|p1a: Alomomola|Wish|p1a: Alomomola\n|\n|-heal|p2a: Umbreon|99\/100|[from] item: Leftovers\n|-damage|p1a: Alomomola|77\/100 brn|[from] brn\n|upkeep\n|turn|30\n|\n|t:|1701023122\n|move|p1a: Alomomola|Flip Turn|p2a: Umbreon\n|-damage|p2a: Umbreon|93\/100\n|\n|t:|1701023130\n|switch|p1a: Ferrothorn|Ferrothorn, M|100\/100|[from] Flip Turn\n|move|p2a: Umbreon|Toxic|p1a: Ferrothorn\n|-immune|p1a: Ferrothorn\n|\n|-heal|p2a: Umbreon|99\/100|[from] item: Leftovers\n|upkeep\n|turn|31\n|inactive|Yoye420 has 120 seconds left.\n|\n|t:|1701023173\n|switch|p2a: Skarmory|Skarmory, M|76\/100\n|move|p1a: Ferrothorn|Leech Seed|p2a: Skarmory\n|-start|p2a: Skarmory|move: Leech Seed\n|\n|-heal|p2a: Skarmory|82\/100|[from] item: Leftovers\n|-damage|p2a: Skarmory|69\/100|[from] Leech Seed|[of] p1a: Ferrothorn\n|upkeep\n|turn|32\n|\n|t:|1701023189\n|switch|p2a: Hippowdon|Hippowdon, M|100\/100\n|-weather|Sandstorm|[from] ability: Sand Stream|[of] p2a: Hippowdon\n|switch|p1a: Zapdos|Zapdos|77\/100\n|\n|-weather|Sandstorm|[upkeep]\n|-damage|p1a: Zapdos|71\/100|[from] Sandstorm\n|upkeep\n|turn|33\n|\n|t:|1701023201\n|switch|p1a: Alomomola|Alomomola, M|100\/100 brn\n|move|p2a: Hippowdon|Ice Fang|p1a: Alomomola\n|-resisted|p1a: Alomomola\n|-damage|p1a: Alomomola|95\/100 brn\n|\n|-weather|Sandstorm|[upkeep]\n|-damage|p1a: Alomomola|89\/100 brn|[from] Sandstorm\n|-damage|p1a: Alomomola|83\/100 brn|[from] brn\n|upkeep\n|turn|34\n|inactive|Yoye420 has 120 seconds left.\n|\n|t:|1701023239\n|switch|p2a: Slowbro|Slowbro, F|100\/100\n|move|p1a: Alomomola|Wish|p1a: Alomomola\n|\n|-weather|Sandstorm|[upkeep]\n|-damage|p1a: Alomomola|77\/100 brn|[from] Sandstorm\n|-damage|p2a: Slowbro|94\/100|[from] Sandstorm\n|-heal|p2a: Slowbro|100\/100|[from] item: Leftovers\n|-damage|p1a: Alomomola|71\/100 brn|[from] brn\n|upkeep\n|turn|35\n|\n|t:|1701023256\n|switch|p1a: Ferrothorn|Ferrothorn, M|100\/100\n|move|p2a: Slowbro|Whirlpool|p1a: Ferrothorn|[miss]\n|-miss|p2a: Slowbro|p1a: Ferrothorn\n|\n|-weather|Sandstorm|[upkeep]\n|-damage|p2a: Slowbro|94\/100|[from] Sandstorm\n|-heal|p2a: Slowbro|100\/100|[from] item: Leftovers\n|upkeep\n|turn|36\n|\n|t:|1701023265\n|move|p2a: Slowbro|Whirlpool|p1a: Ferrothorn\n|-resisted|p1a: Ferrothorn\n|-damage|p1a: Ferrothorn|96\/100\n|-activate|p1a: Ferrothorn|move: Whirlpool|[of] p2a: Slowbro\n|move|p1a: Ferrothorn|Thunder Wave|p2a: Slowbro\n|-status|p2a: Slowbro|par\n|\n|-weather|none\n|-heal|p1a: Ferrothorn|100\/100|[from] item: Leftovers\n|-damage|p1a: Ferrothorn|88\/100|[from] move: Whirlpool|[partiallytrapped]\n|upkeep\n|turn|37\n|\n|t:|1701023275\n|move|p2a: Slowbro|Yawn|p1a: Ferrothorn\n|-start|p1a: Ferrothorn|move: Yawn|[of] p2a: Slowbro\n|move|p1a: Ferrothorn|Leech Seed|p2a: Slowbro\n|-start|p2a: Slowbro|move: Leech Seed\n|\n|-heal|p1a: Ferrothorn|94\/100|[from] item: Leftovers\n|-damage|p2a: Slowbro|88\/100 par|[from] Leech Seed|[of] p1a: Ferrothorn\n|-heal|p1a: Ferrothorn|100\/100|[silent]\n|-damage|p1a: Ferrothorn|88\/100|[from] move: Whirlpool|[partiallytrapped]\n|upkeep\n|turn|38\n|\n|t:|1701023285\n|move|p2a: Slowbro|Seismic Toss|p1a: Ferrothorn\n|-damage|p1a: Ferrothorn|53\/100\n|-damage|p2a: Slowbro|76\/100 par|[from] ability: Iron Barbs|[of] p1a: Ferrothorn\n|move|p1a: Ferrothorn|Body Press|p2a: Slowbro\n|-resisted|p2a: Slowbro\n|-damage|p2a: Slowbro|65\/100 par\n|\n|-heal|p2a: Slowbro|71\/100 par|[from] item: Leftovers\n|-heal|p1a: Ferrothorn|60\/100|[from] item: Leftovers\n|-damage|p2a: Slowbro|58\/100 par|[from] Leech Seed|[of] p1a: Ferrothorn\n|-heal|p1a: Ferrothorn|75\/100|[silent]\n|-damage|p1a: Ferrothorn|63\/100|[from] move: Whirlpool|[partiallytrapped]\n|-end|p1a: Ferrothorn|move: Yawn|[silent]\n|-status|p1a: Ferrothorn|slp\n|upkeep\n|turn|39\n|\n|t:|1701023308\n|-terastallize|p1a: Ferrothorn|Water\n|cant|p2a: Slowbro|par\n|cant|p1a: Ferrothorn|slp\n|\n|-heal|p2a: Slowbro|64\/100 par|[from] item: Leftovers\n|-heal|p1a: Ferrothorn|69\/100 slp|[from] item: Leftovers\n|-damage|p2a: Slowbro|52\/100 par|[from] Leech Seed|[of] p1a: Ferrothorn\n|-heal|p1a: Ferrothorn|85\/100 slp|[silent]\n|-damage|p1a: Ferrothorn|72\/100 slp|[from] move: Whirlpool|[partiallytrapped]\n|upkeep\n|turn|40\n|\n|t:|1701023319\n|move|p2a: Slowbro|Seismic Toss|p1a: Ferrothorn\n|-damage|p1a: Ferrothorn|38\/100 slp\n|-damage|p2a: Slowbro|40\/100 par|[from] ability: Iron Barbs|[of] p1a: Ferrothorn\n|cant|p1a: Ferrothorn|slp\n|\n|-heal|p2a: Slowbro|46\/100 par|[from] item: Leftovers\n|-heal|p1a: Ferrothorn|44\/100 slp|[from] item: Leftovers\n|-damage|p2a: Slowbro|33\/100 par|[from] Leech Seed|[of] p1a: Ferrothorn\n|-heal|p1a: Ferrothorn|59\/100 slp|[silent]\n|-damage|p1a: Ferrothorn|47\/100 slp|[from] move: Whirlpool|[partiallytrapped]\n|upkeep\n|turn|41\n|\n|t:|1701023338\n|switch|p2a: Umbreon|Umbreon, F|99\/100\n|-curestatus|p1a: Ferrothorn|slp|[msg]\n|move|p1a: Ferrothorn|Gyro Ball|p2a: Umbreon\n|-damage|p2a: Umbreon|73\/100\n|\n|-heal|p2a: Umbreon|79\/100|[from] item: Leftovers\n|-heal|p1a: Ferrothorn|53\/100|[from] item: Leftovers\n|-end|p1a: Ferrothorn|Whirlpool|[partiallytrapped]\n|upkeep\n|turn|42\n|\n|t:|1701023347\n|move|p2a: Umbreon|Toxic|p1a: Ferrothorn\n|-status|p1a: Ferrothorn|tox\n|move|p1a: Ferrothorn|Leech Seed|p2a: Umbreon\n|-start|p2a: Umbreon|move: Leech Seed\n|\n|-heal|p2a: Umbreon|86\/100|[from] item: Leftovers\n|-heal|p1a: Ferrothorn|59\/100 tox|[from] item: Leftovers\n|-damage|p2a: Umbreon|73\/100|[from] Leech Seed|[of] p1a: Ferrothorn\n|-heal|p1a: Ferrothorn|76\/100 tox|[silent]\n|-damage|p1a: Ferrothorn|70\/100 tox|[from] psn\n|upkeep\n|turn|43\n|inactive|Alex001221 has 120 seconds left.\n|\n|t:|1701023373\n|move|p2a: Umbreon|Heal Bell|p2a: Umbreon\n|-activate|p2a: Umbreon|move: Heal Bell\n|-curestatus|p2: Slowbro|par|[msg]\n|move|p1a: Ferrothorn|Body Press|p2a: Umbreon\n|-supereffective|p2a: Umbreon\n|-damage|p2a: Umbreon|22\/100\n|\n|-heal|p2a: Umbreon|28\/100|[from] item: Leftovers\n|-heal|p1a: Ferrothorn|76\/100 tox|[from] item: Leftovers\n|-damage|p2a: Umbreon|16\/100|[from] Leech Seed|[of] p1a: Ferrothorn\n|-heal|p1a: Ferrothorn|93\/100 tox|[silent]\n|-damage|p1a: Ferrothorn|81\/100 tox|[from] psn\n|upkeep\n|turn|44\n|inactive|Alex001221 has 120 seconds left.\n|\n|t:|1701023385\n|switch|p2a: Hippowdon|Hippowdon, M|100\/100\n|-weather|Sandstorm|[from] ability: Sand Stream|[of] p2a: Hippowdon\n|move|p1a: Ferrothorn|Body Press|p2a: Hippowdon\n|-damage|p2a: Hippowdon|82\/100\n|\n|-weather|Sandstorm|[upkeep]\n|-damage|p1a: Ferrothorn|75\/100 tox|[from] Sandstorm\n|-heal|p2a: Hippowdon|88\/100|[from] item: Leftovers\n|-heal|p1a: Ferrothorn|81\/100 tox|[from] item: Leftovers\n|-damage|p1a: Ferrothorn|62\/100 tox|[from] psn\n|upkeep\n|turn|45\n|inactive|Alex001221 has 120 seconds left.\n|\n|t:|1701023407\n|switch|p1a: Alomomola|Alomomola, M|100\/100 brn\n|move|p2a: Hippowdon|Sand Tomb|p1a: Alomomola\n|-damage|p1a: Alomomola|93\/100 brn\n|-activate|p1a: Alomomola|move: Sand Tomb|[of] p2a: Hippowdon\n|\n|-weather|Sandstorm|[upkeep]\n|-damage|p1a: Alomomola|86\/100 brn|[from] Sandstorm\n|-heal|p2a: Hippowdon|94\/100|[from] item: Leftovers\n|-damage|p1a: Alomomola|80\/100 brn|[from] brn\n|-damage|p1a: Alomomola|68\/100 brn|[from] move: Sand Tomb|[partiallytrapped]\n|upkeep\n|turn|46\n|\n|t:|1701023419\n|switch|p2a: Slowbro|Slowbro, F|67\/100\n|move|p1a: Alomomola|Wish|p1a: Alomomola\n|\n|-weather|Sandstorm|[upkeep]\n|-damage|p1a: Alomomola|62\/100 brn|[from] Sandstorm\n|-damage|p2a: Slowbro|60\/100|[from] Sandstorm\n|-heal|p2a: Slowbro|67\/100|[from] item: Leftovers\n|-damage|p1a: Alomomola|56\/100 brn|[from] brn\n|-end|p1a: Alomomola|Sand Tomb|[partiallytrapped]|[silent]\n|upkeep\n|turn|47\n|\n|t:|1701023435\n|switch|p1a: Garganacl|Garganacl, M|100\/100\n|move|p2a: Slowbro|Seismic Toss|p1a: Garganacl\n|-damage|p1a: Garganacl|76\/100\n|\n|-weather|Sandstorm|[upkeep]\n|-damage|p2a: Slowbro|60\/100|[from] Sandstorm\n|-heal|p1a: Garganacl|100\/100|[from] move: Wish|[wisher] Alomomola\n|-heal|p2a: Slowbro|67\/100|[from] item: Leftovers\n|upkeep\n|turn|48\n|\n|t:|1701023445\n|move|p1a: Garganacl|Salt Cure|p2a: Slowbro\n|-damage|p2a: Slowbro|57\/100\n|-start|p2a: Slowbro|Salt Cure\n|move|p2a: Slowbro|Whirlpool|p1a: Garganacl\n|-supereffective|p1a: Garganacl\n|-crit|p1a: Garganacl\n|-damage|p1a: Garganacl|77\/100\n|-activate|p1a: Garganacl|move: Whirlpool|[of] p2a: Slowbro\n|\n|-weather|none\n|-heal|p2a: Slowbro|63\/100|[from] item: Leftovers\n|-damage|p1a: Garganacl|64\/100|[from] move: Whirlpool|[partiallytrapped]\n|-damage|p2a: Slowbro|38\/100|[from] Salt Cure\n|upkeep\n|turn|49\n|\n|t:|1701023457\n|move|p1a: Garganacl|Earthquake|p2a: Slowbro\n|-damage|p2a: Slowbro|22\/100\n|move|p2a: Slowbro|Slack Off|p2a: Slowbro\n|-heal|p2a: Slowbro|73\/100\n|\n|-heal|p2a: Slowbro|79\/100|[from] item: Leftovers\n|-damage|p1a: Garganacl|52\/100|[from] move: Whirlpool|[partiallytrapped]\n|-damage|p2a: Slowbro|54\/100|[from] Salt Cure\n|upkeep\n|turn|50\n|\n|t:|1701023467\n|move|p1a: Garganacl|Stealth Rock|p2a: Slowbro\n|-sidestart|p2: Yoye420|move: Stealth Rock\n|move|p2a: Slowbro|Slack Off|p2a: Slowbro\n|-heal|p2a: Slowbro|100\/100\n|\n|-damage|p1a: Garganacl|40\/100|[from] move: Whirlpool|[partiallytrapped]\n|-damage|p2a: Slowbro|76\/100|[from] Salt Cure\n|upkeep\n|-enditem|p1a: Garganacl|Sitrus Berry|[eat]\n|-heal|p1a: Garganacl|65\/100|[from] item: Sitrus Berry\n|turn|51\n|\n|t:|1701023477\n|move|p1a: Garganacl|Recover|p1a: Garganacl\n|-heal|p1a: Garganacl|100\/100\n|move|p2a: Slowbro|Yawn|p1a: Garganacl\n|-immune|p1a: Garganacl|[from] ability: Purifying Salt\n|\n|-heal|p2a: Slowbro|82\/100|[from] item: Leftovers\n|-damage|p1a: Garganacl|88\/100|[from] move: Whirlpool|[partiallytrapped]\n|-damage|p2a: Slowbro|57\/100|[from] Salt Cure\n|upkeep\n|turn|52\n|\n|t:|1701023486\n|switch|p2a: Hippowdon|Hippowdon, M|94\/100\n|-damage|p2a: Hippowdon|88\/100|[from] Stealth Rock\n|-weather|Sandstorm|[from] ability: Sand Stream|[of] p2a: Hippowdon\n|move|p1a: Garganacl|Earthquake|p2a: Hippowdon\n|-damage|p2a: Hippowdon|73\/100\n|\n|-weather|Sandstorm|[upkeep]\n|-heal|p2a: Hippowdon|79\/100|[from] item: Leftovers\n|-end|p1a: Garganacl|Whirlpool|[partiallytrapped]\n|upkeep\n|turn|53\n|inactive|Alex001221 has 120 seconds left.\n|\n|t:|1701023508\n|switch|p1a: Aerodactyl|Aerodactyl-Mega, F|72\/100\n|move|p2a: Hippowdon|Ice Fang|p1a: Aerodactyl\n|-supereffective|p1a: Aerodactyl\n|-damage|p1a: Aerodactyl|29\/100\n|\n|-weather|Sandstorm|[upkeep]\n|-heal|p2a: Hippowdon|85\/100|[from] item: Leftovers\n|upkeep\n|turn|54\n|\n|t:|1701023518\n|move|p1a: Aerodactyl|Earthquake|p2a: Hippowdon\n|-damage|p2a: Hippowdon|63\/100\n|move|p2a: Hippowdon|Ice Fang|p1a: Aerodactyl\n|-supereffective|p1a: Aerodactyl\n|-damage|p1a: Aerodactyl|0 fnt\n|faint|p1a: Aerodactyl\n|\n|-weather|Sandstorm|[upkeep]\n|-heal|p2a: Hippowdon|69\/100|[from] item: Leftovers\n|upkeep\n|\n|t:|1701023530\n|switch|p1a: Ferrothorn|Ferrothorn, M, tera:Water|62\/100 tox\n|turn|55\n|\n|t:|1701023536\n|move|p2a: Hippowdon|Sand Tomb|p1a: Ferrothorn\n|-damage|p1a: Ferrothorn|53\/100 tox\n|-activate|p1a: Ferrothorn|move: Sand Tomb|[of] p2a: Hippowdon\n|move|p1a: Ferrothorn|Leech Seed|p2a: Hippowdon\n|-start|p2a: Hippowdon|move: Leech Seed\n|\n|-weather|Sandstorm|[upkeep]\n|-damage|p1a: Ferrothorn|47\/100 tox|[from] Sandstorm\n|-heal|p2a: Hippowdon|75\/100|[from] item: Leftovers\n|-heal|p1a: Ferrothorn|53\/100 tox|[from] item: Leftovers\n|-damage|p2a: Hippowdon|63\/100|[from] Leech Seed|[of] p1a: Ferrothorn\n|-heal|p1a: Ferrothorn|69\/100 tox|[silent]\n|-damage|p1a: Ferrothorn|63\/100 tox|[from] psn\n|-damage|p1a: Ferrothorn|50\/100 tox|[from] move: Sand Tomb|[partiallytrapped]\n|upkeep\n|turn|56\n|inactive|Alex001221 has 120 seconds left.\n|\n|t:|1701023550\n|move|p2a: Hippowdon|Slack Off|p2a: Hippowdon\n|-heal|p2a: Hippowdon|100\/100\n|move|p1a: Ferrothorn|Body Press|p2a: Hippowdon\n|-crit|p2a: Hippowdon\n|-damage|p2a: Hippowdon|71\/100\n|\n|-weather|none\n|-heal|p2a: Hippowdon|77\/100|[from] item: Leftovers\n|-heal|p1a: Ferrothorn|57\/100 tox|[from] item: Leftovers\n|-damage|p2a: Hippowdon|65\/100|[from] Leech Seed|[of] p1a: Ferrothorn\n|-heal|p1a: Ferrothorn|73\/100 tox|[silent]\n|-damage|p1a: Ferrothorn|60\/100 tox|[from] psn\n|-damage|p1a: Ferrothorn|48\/100 tox|[from] move: Sand Tomb|[partiallytrapped]\n|upkeep\n|turn|57\n|inactive|Alex001221 has 120 seconds left.\n|\n|t:|1701023565\n|move|p2a: Hippowdon|Slack Off|p2a: Hippowdon\n|-heal|p2a: Hippowdon|100\/100\n|move|p1a: Ferrothorn|Body Press|p2a: Hippowdon\n|-damage|p2a: Hippowdon|82\/100\n|\n|-heal|p2a: Hippowdon|88\/100|[from] item: Leftovers\n|-heal|p1a: Ferrothorn|54\/100 tox|[from] item: Leftovers\n|-damage|p2a: Hippowdon|76\/100|[from] Leech Seed|[of] p1a: Ferrothorn\n|-heal|p1a: Ferrothorn|70\/100 tox|[silent]\n|-damage|p1a: Ferrothorn|52\/100 tox|[from] psn\n|-damage|p1a: Ferrothorn|39\/100 tox|[from] move: Sand Tomb|[partiallytrapped]\n|upkeep\n|turn|58\n|inactive|Alex001221 has 120 seconds left.\n|\n|t:|1701023578\n|move|p2a: Hippowdon|Ice Fang|p1a: Ferrothorn\n|-resisted|p1a: Ferrothorn\n|-damage|p1a: Ferrothorn|34\/100 tox\n|-damage|p2a: Hippowdon|64\/100|[from] ability: Iron Barbs|[of] p1a: Ferrothorn\n|move|p1a: Ferrothorn|Body Press|p2a: Hippowdon\n|-damage|p2a: Hippowdon|46\/100\n|\n|-heal|p2a: Hippowdon|52\/100|[from] item: Leftovers\n|-heal|p1a: Ferrothorn|40\/100 tox|[from] item: Leftovers\n|-damage|p2a: Hippowdon|39\/100|[from] Leech Seed|[of] p1a: Ferrothorn\n|-heal|p1a: Ferrothorn|57\/100 tox|[silent]\n|-damage|p1a: Ferrothorn|32\/100 tox|[from] psn\n|-damage|p1a: Ferrothorn|19\/100 tox|[from] move: Sand Tomb|[partiallytrapped]\n|upkeep\n|turn|59\n|inactive|Alex001221 has 120 seconds left.\n|\n|t:|1701023591\n|move|p2a: Hippowdon|Slack Off|p2a: Hippowdon\n|-heal|p2a: Hippowdon|90\/100\n|move|p1a: Ferrothorn|Body Press|p2a: Hippowdon\n|-damage|p2a: Hippowdon|70\/100\n|\n|-heal|p2a: Hippowdon|76\/100|[from] item: Leftovers\n|-heal|p1a: Ferrothorn|25\/100 tox|[from] item: Leftovers\n|-damage|p2a: Hippowdon|63\/100|[from] Leech Seed|[of] p1a: Ferrothorn\n|-heal|p1a: Ferrothorn|42\/100 tox|[silent]\n|-damage|p1a: Ferrothorn|11\/100 tox|[from] psn\n|-damage|p1a: Ferrothorn|0 fnt|[from] move: Sand Tomb|[partiallytrapped]\n|faint|p1a: Ferrothorn\n|upkeep\n|\n|t:|1701023618\n|switch|p1a: Tyranitar|Tyranitar, F|100\/100\n|-weather|Sandstorm|[from] ability: Sand Stream|[of] p1a: Tyranitar\n|turn|60\n|\n|t:|1701023625\n|move|p2a: Hippowdon|Toxic|p1a: Tyranitar\n|-status|p1a: Tyranitar|tox\n|move|p1a: Tyranitar|Counter||[still]\n|-fail|p1a: Tyranitar\n|\n|-weather|Sandstorm|[upkeep]\n|-heal|p2a: Hippowdon|69\/100|[from] item: Leftovers\n|-damage|p2a: Hippowdon|57\/100|[from] Leech Seed|[of] p1a: Tyranitar\n|-damage|p1a: Tyranitar|94\/100 tox|[from] psn\n|upkeep\n|turn|61\n|\n|t:|1701023637\n|move|p1a: Tyranitar|Crunch|p2a: Hippowdon\n|-damage|p2a: Hippowdon|29\/100\n|-unboost|p2a: Hippowdon|def|1\n|move|p2a: Hippowdon|Slack Off|p2a: Hippowdon\n|-heal|p2a: Hippowdon|80\/100\n|\n|-weather|Sandstorm|[upkeep]\n|-heal|p2a: Hippowdon|86\/100|[from] item: Leftovers\n|-damage|p2a: Hippowdon|73\/100|[from] Leech Seed|[of] p1a: Tyranitar\n|-heal|p1a: Tyranitar|100\/100 tox|[silent]\n|-damage|p1a: Tyranitar|88\/100 tox|[from] psn\n|upkeep\n|turn|62\n|\n|t:|1701023651\n|move|p1a: Tyranitar|Stone Edge|p2a: Hippowdon|[miss]\n|-miss|p1a: Tyranitar|p2a: Hippowdon\n|move|p2a: Hippowdon|Sand Tomb|p1a: Tyranitar|[miss]\n|-miss|p2a: Hippowdon|p1a: Tyranitar\n|\n|-weather|Sandstorm|[upkeep]\n|-heal|p2a: Hippowdon|79\/100|[from] item: Leftovers\n|-damage|p2a: Hippowdon|67\/100|[from] Leech Seed|[of] p1a: Tyranitar\n|-heal|p1a: Tyranitar|99\/100 tox|[silent]\n|-damage|p1a: Tyranitar|81\/100 tox|[from] psn\n|upkeep\n|turn|63\n|\n|t:|1701023665\n|switch|p1a: Alomomola|Alomomola, M|89\/100 brn\n|switch|p2a: Umbreon|Umbreon, F|16\/100\n|-damage|p2a: Umbreon|4\/100|[from] Stealth Rock\n|\n|-weather|Sandstorm|[upkeep]\n|-damage|p2a: Umbreon|0 fnt|[from] Sandstorm\n|-damage|p1a: Alomomola|83\/100 brn|[from] Sandstorm\n|faint|p2a: Umbreon\n|-damage|p1a: Alomomola|77\/100 brn|[from] brn\n|upkeep\n|\n|t:|1701023678\n|switch|p2a: Slowbro|Slowbro, F|90\/100\n|-damage|p2a: Slowbro|77\/100|[from] Stealth Rock\n|turn|64\n|\n|t:|1701023686\n|move|p1a: Alomomola|Flip Turn|p2a: Slowbro\n|-resisted|p2a: Slowbro\n|-damage|p2a: Slowbro|75\/100\n|\n|t:|1701023690\n|switch|p1a: Zapdos|Zapdos|71\/100|[from] Flip Turn\n|move|p2a: Slowbro|Whirlpool|p1a: Zapdos\n|-damage|p1a: Zapdos|55\/100\n|-activate|p1a: Zapdos|move: Whirlpool|[of] p2a: Slowbro\n|\n|-weather|none\n|-heal|p2a: Slowbro|81\/100|[from] item: Leftovers\n|-damage|p1a: Zapdos|42\/100|[from] move: Whirlpool|[partiallytrapped]\n|upkeep\n|turn|65\n|inactive|Alex001221 has 120 seconds left.\n|\n|t:|1701023703\n|move|p1a: Zapdos|Roost|p1a: Zapdos\n|-heal|p1a: Zapdos|92\/100\n|-singleturn|p1a: Zapdos|move: Roost\n|move|p2a: Slowbro|Slack Off|p2a: Slowbro\n|-heal|p2a: Slowbro|100\/100\n|\n|-damage|p1a: Zapdos|80\/100|[from] move: Whirlpool|[partiallytrapped]\n|upkeep\n|turn|66\n|inactive|Alex001221 has 120 seconds left.\n|\n|t:|1701023711\n|switch|p2a: Hippowdon|Hippowdon, M|67\/100\n|-damage|p2a: Hippowdon|61\/100|[from] Stealth Rock\n|-weather|Sandstorm|[from] ability: Sand Stream|[of] p2a: Hippowdon\n|move|p1a: Zapdos|Thunder Wave|p2a: Hippowdon\n|-immune|p2a: Hippowdon\n|\n|-weather|Sandstorm|[upkeep]\n|-damage|p1a: Zapdos|74\/100|[from] Sandstorm\n|-heal|p2a: Hippowdon|67\/100|[from] item: Leftovers\n|-end|p1a: Zapdos|Whirlpool|[partiallytrapped]|[silent]\n|upkeep\n|turn|67\n|inactive|Alex001221 has 120 seconds left.\n|\n|t:|1701023723\n|switch|p1a: Alomomola|Alomomola, M|100\/100 brn\n|move|p2a: Hippowdon|Ice Fang|p1a: Alomomola\n|-resisted|p1a: Alomomola\n|-damage|p1a: Alomomola|96\/100 brn\n|\n|-weather|Sandstorm|[upkeep]\n|-damage|p1a: Alomomola|89\/100 brn|[from] Sandstorm\n|-heal|p2a: Hippowdon|73\/100|[from] item: Leftovers\n|-damage|p1a: Alomomola|83\/100 brn|[from] brn\n|upkeep\n|turn|68\n|inactive|Alex001221 has 120 seconds left.\n|\n|t:|1701023734\n|switch|p2a: Slowbro|Slowbro, F|100\/100\n|-damage|p2a: Slowbro|88\/100|[from] Stealth Rock\n|move|p1a: Alomomola|Scald|p2a: Slowbro\n|-resisted|p2a: Slowbro\n|-crit|p2a: Slowbro\n|-damage|p2a: Slowbro|81\/100\n|\n|-weather|Sandstorm|[upkeep]\n|-damage|p1a: Alomomola|77\/100 brn|[from] Sandstorm\n|-damage|p2a: Slowbro|75\/100|[from] Sandstorm\n|-heal|p2a: Slowbro|81\/100|[from] item: Leftovers\n|-damage|p1a: Alomomola|71\/100 brn|[from] brn\n|upkeep\n|turn|69\n|inactive|Alex001221 has 120 seconds left.\n|\n|t:|1701023754\n|switch|p1a: Zapdos|Zapdos|74\/100\n|move|p2a: Slowbro|Whirlpool|p1a: Zapdos\n|-damage|p1a: Zapdos|59\/100\n|-activate|p1a: Zapdos|move: Whirlpool|[of] p2a: Slowbro\n|\n|-weather|Sandstorm|[upkeep]\n|-damage|p1a: Zapdos|53\/100|[from] Sandstorm\n|-damage|p2a: Slowbro|75\/100|[from] Sandstorm\n|-heal|p2a: Slowbro|81\/100|[from] item: Leftovers\n|-damage|p1a: Zapdos|41\/100|[from] move: Whirlpool|[partiallytrapped]\n|upkeep\n|turn|70\n|inactive|Alex001221 has 120 seconds left.\n|\n|t:|1701023764\n|move|p1a: Zapdos|Roost|p1a: Zapdos\n|-heal|p1a: Zapdos|91\/100\n|-singleturn|p1a: Zapdos|move: Roost\n|move|p2a: Slowbro|Yawn|p1a: Zapdos\n|-start|p1a: Zapdos|move: Yawn|[of] p2a: Slowbro\n|\n|-weather|none\n|-heal|p2a: Slowbro|87\/100|[from] item: Leftovers\n|-damage|p1a: Zapdos|78\/100|[from] move: Whirlpool|[partiallytrapped]\n|upkeep\n|turn|71\n|inactive|Alex001221 has 120 seconds left.\n|\n|t:|1701023798\n|switch|p2a: Hippowdon|Hippowdon, M|73\/100\n|-damage|p2a: Hippowdon|67\/100|[from] Stealth Rock\n|-weather|Sandstorm|[from] ability: Sand Stream|[of] p2a: Hippowdon\n|move|p1a: Zapdos|Volt Switch|p2a: Hippowdon\n|-immune|p2a: Hippowdon\n|\n|-weather|Sandstorm|[upkeep]\n|-damage|p1a: Zapdos|72\/100|[from] Sandstorm\n|-heal|p2a: Hippowdon|73\/100|[from] item: Leftovers\n|-end|p1a: Zapdos|Whirlpool|[partiallytrapped]|[silent]\n|-end|p1a: Zapdos|move: Yawn|[silent]\n|-status|p1a: Zapdos|slp\n|upkeep\n|turn|72\n|\n|t:|1701023812\n|switch|p1a: Alomomola|Alomomola, M|100\/100 brn\n|move|p2a: Hippowdon|Sand Tomb|p1a: Alomomola\n|-damage|p1a: Alomomola|92\/100 brn\n|-activate|p1a: Alomomola|move: Sand Tomb|[of] p2a: Hippowdon\n|\n|-weather|Sandstorm|[upkeep]\n|-damage|p1a: Alomomola|86\/100 brn|[from] Sandstorm\n|-heal|p2a: Hippowdon|79\/100|[from] item: Leftovers\n|-damage|p1a: Alomomola|80\/100 brn|[from] brn\n|-damage|p1a: Alomomola|67\/100 brn|[from] move: Sand Tomb|[partiallytrapped]\n|upkeep\n|turn|73\n|\n|t:|1701023825\n|switch|p2a: Slowbro|Slowbro, F|100\/100\n|-damage|p2a: Slowbro|88\/100|[from] Stealth Rock\n|move|p1a: Alomomola|Wish|p1a: Alomomola\n|\n|-weather|Sandstorm|[upkeep]\n|-damage|p1a: Alomomola|61\/100 brn|[from] Sandstorm\n|-damage|p2a: Slowbro|82\/100|[from] Sandstorm\n|-heal|p2a: Slowbro|88\/100|[from] item: Leftovers\n|-damage|p1a: Alomomola|55\/100 brn|[from] brn\n|-end|p1a: Alomomola|Sand Tomb|[partiallytrapped]|[silent]\n|upkeep\n|turn|74\n|\n|t:|1701023834\n|move|p1a: Alomomola|Flip Turn|p2a: Slowbro\n|-resisted|p2a: Slowbro\n|-damage|p2a: Slowbro|85\/100\n|inactive|Alex001221 has 90 seconds left.\n|\n|t:|1701023863\n|switch|p1a: Tyranitar|Tyranitar, F|81\/100 tox|[from] Flip Turn\n|move|p2a: Slowbro|Seismic Toss|p1a: Tyranitar\n|-damage|p1a: Tyranitar|56\/100 tox\n|\n|-weather|Sandstorm|[upkeep]\n|-damage|p2a: Slowbro|79\/100|[from] Sandstorm\n|-heal|p1a: Tyranitar|100\/100 tox|[from] move: Wish|[wisher] Alomomola\n|-heal|p2a: Slowbro|85\/100|[from] item: Leftovers\n|-damage|p1a: Tyranitar|94\/100 tox|[from] psn\n|upkeep\n|turn|75\n|inactive|Alex001221 has 90 seconds left.\n|\n|t:|1701023882\n|switch|p2a: Hippowdon|Hippowdon, M|79\/100\n|-damage|p2a: Hippowdon|73\/100|[from] Stealth Rock\n|move|p1a: Tyranitar|Crunch|p2a: Hippowdon\n|-damage|p2a: Hippowdon|41\/100\n|\n|-weather|none\n|-heal|p2a: Hippowdon|47\/100|[from] item: Leftovers\n|-damage|p1a: Tyranitar|82\/100 tox|[from] psn\n|upkeep\n|turn|76\n|inactive|Alex001221 has 90 seconds left.\n|\n|t:|1701023894\n|move|p1a: Tyranitar|Crunch|p2a: Hippowdon\n|-damage|p2a: Hippowdon|17\/100\n|move|p2a: Hippowdon|Slack Off|p2a: Hippowdon\n|-heal|p2a: Hippowdon|67\/100\n|\n|-heal|p2a: Hippowdon|73\/100|[from] item: Leftovers\n|-damage|p1a: Tyranitar|63\/100 tox|[from] psn\n|upkeep\n|turn|77\n|inactive|Alex001221 has 90 seconds left.\n|\n|t:|1701023902\n|switch|p1a: Alomomola|Alomomola, M|88\/100 brn\n|switch|p2a: Skarmory|Skarmory, M|69\/100\n|-damage|p2a: Skarmory|57\/100|[from] Stealth Rock\n|\n|-heal|p2a: Skarmory|63\/100|[from] item: Leftovers\n|-damage|p1a: Alomomola|82\/100 brn|[from] brn\n|upkeep\n|turn|78\n|inactive|Alex001221 has 90 seconds left.\n|\n|t:|1701023912\n|switch|p1a: Garganacl|Garganacl, M|88\/100\n|move|p2a: Skarmory|Defog|p1a: Garganacl\n|-unboost|p1a: Garganacl|evasion|1\n|-sideend|p2: Yoye420|Stealth Rock|[from] move: Defog|[of] p2a: Skarmory\n|\n|-heal|p2a: Skarmory|69\/100|[from] item: Leftovers\n|upkeep\n|turn|79\n|\n|t:|1701023921\n|move|p2a: Skarmory|Iron Defense|p2a: Skarmory\n|-boost|p2a: Skarmory|def|2\n|move|p1a: Garganacl|Salt Cure|p2a: Skarmory\n|-damage|p2a: Skarmory|63\/100\n|-start|p2a: Skarmory|Salt Cure\n|\n|-heal|p2a: Skarmory|69\/100|[from] item: Leftovers\n|-damage|p2a: Skarmory|45\/100|[from] Salt Cure\n|upkeep\n|turn|80\n|\n|t:|1701023931\n|switch|p1a: Alomomola|Alomomola, M|100\/100 brn\n|move|p2a: Skarmory|Body Press|p1a: Alomomola\n|-damage|p1a: Alomomola|73\/100 brn\n|\n|-heal|p2a: Skarmory|50\/100|[from] item: Leftovers\n|-damage|p1a: Alomomola|67\/100 brn|[from] brn\n|-damage|p2a: Skarmory|26\/100|[from] Salt Cure\n|upkeep\n|turn|81\n|\n|t:|1701023941\n|switch|p2a: Slowbro|Slowbro, F|100\/100\n|move|p1a: Alomomola|Wish|p1a: Alomomola\n|\n|-damage|p1a: Alomomola|60\/100 brn|[from] brn\n|upkeep\n|turn|82\n|\n|t:|1701023957\n|switch|p1a: Tyranitar|Tyranitar, F|63\/100 tox\n|-weather|Sandstorm|[from] ability: Sand Stream|[of] p1a: Tyranitar\n|move|p2a: Slowbro|Whirlpool|p1a: Tyranitar\n|-supereffective|p1a: Tyranitar\n|-damage|p1a: Tyranitar|50\/100 tox\n|-activate|p1a: Tyranitar|move: Whirlpool|[of] p2a: Slowbro\n|\n|-weather|Sandstorm|[upkeep]\n|-damage|p2a: Slowbro|94\/100|[from] Sandstorm\n|-heal|p1a: Tyranitar|100\/100 tox|[from] move: Wish|[wisher] Alomomola\n|-heal|p2a: Slowbro|100\/100|[from] item: Leftovers\n|-damage|p1a: Tyranitar|94\/100 tox|[from] psn\n|-damage|p1a: Tyranitar|82\/100 tox|[from] move: Whirlpool|[partiallytrapped]\n|upkeep\n|turn|83\n|inactive|Alex001221 has 90 seconds left.\n|\n|t:|1701023976\n|-terastallize|p2a: Slowbro|Water\n|move|p1a: Tyranitar|Stealth Rock|p2a: Slowbro\n|-sidestart|p2: Yoye420|move: Stealth Rock\n|move|p2a: Slowbro|Seismic Toss|p1a: Tyranitar\n|-damage|p1a: Tyranitar|57\/100 tox\n|\n|-weather|Sandstorm|[upkeep]\n|-damage|p2a: Slowbro|94\/100|[from] Sandstorm\n|-heal|p2a: Slowbro|100\/100|[from] item: Leftovers\n|-damage|p1a: Tyranitar|45\/100 tox|[from] psn\n|-damage|p1a: Tyranitar|32\/100 tox|[from] move: Whirlpool|[partiallytrapped]\n|upkeep\n|turn|84\n|inactive|Alex001221 has 90 seconds left.\n|\n|t:|1701023989\n|move|p2a: Slowbro|Seismic Toss|p1a: Tyranitar\n|-damage|p1a: Tyranitar|8\/100 tox\n|move|p1a: Tyranitar|Counter|p2a: Slowbro\n|-damage|p2a: Slowbro|46\/100\n|\n|-weather|Sandstorm|[upkeep]\n|-damage|p2a: Slowbro|40\/100|[from] Sandstorm\n|-heal|p2a: Slowbro|46\/100|[from] item: Leftovers\n|-damage|p1a: Tyranitar|0 fnt|[from] psn\n|faint|p1a: Tyranitar\n|upkeep\n|inactive|Alex001221 has 90 seconds left.\n|\n|t:|1701024011\n|switch|p1a: Garganacl|Garganacl, M|88\/100\n|turn|85\n|\n|t:|1701024021\n|move|p1a: Garganacl|Salt Cure|p2a: Slowbro\n|-damage|p2a: Slowbro|36\/100\n|-start|p2a: Slowbro|Salt Cure\n|move|p2a: Slowbro|Seismic Toss|p1a: Garganacl\n|-damage|p1a: Garganacl|63\/100\n|\n|-weather|Sandstorm|[upkeep]\n|-damage|p2a: Slowbro|30\/100|[from] Sandstorm\n|-heal|p2a: Slowbro|36\/100|[from] item: Leftovers\n|-damage|p2a: Slowbro|11\/100|[from] Salt Cure\n|upkeep\n|turn|86\n|inactive|Alex001221 has 90 seconds left.\n|\n|t:|1701024038\n|switch|p2a: Skarmory|Skarmory, M|26\/100\n|-damage|p2a: Skarmory|13\/100|[from] Stealth Rock\n|move|p1a: Garganacl|Recover|p1a: Garganacl\n|-heal|p1a: Garganacl|100\/100\n|\n|-weather|none\n|-heal|p2a: Skarmory|19\/100|[from] item: Leftovers\n|upkeep\n|turn|87\n|\n|t:|1701024046\n|move|p2a: Skarmory|Roost|p2a: Skarmory\n|-heal|p2a: Skarmory|69\/100\n|-singleturn|p2a: Skarmory|move: Roost\n|move|p1a: Garganacl|Salt Cure|p2a: Skarmory\n|-resisted|p2a: Skarmory\n|-damage|p2a: Skarmory|64\/100\n|-start|p2a: Skarmory|Salt Cure\n|\n|-heal|p2a: Skarmory|70\/100|[from] item: Leftovers\n|-damage|p2a: Skarmory|45\/100|[from] Salt Cure\n|upkeep\n|turn|88\n|inactive|Alex001221 has 90 seconds left.\n|\n|t:|1701024057\n|switch|p1a: Zapdos|Zapdos|72\/100 slp\n|move|p2a: Skarmory|Roost|p2a: Skarmory\n|-heal|p2a: Skarmory|95\/100\n|-singleturn|p2a: Skarmory|move: Roost\n|\n|-heal|p2a: Skarmory|100\/100|[from] item: Leftovers\n|-damage|p2a: Skarmory|76\/100|[from] Salt Cure\n|upkeep\n|turn|89\n|inactive|Alex001221 has 90 seconds left.\n|\n|t:|1701024066\n|cant|p1a: Zapdos|slp\n|move|p2a: Skarmory|Defog|p1a: Zapdos\n|-unboost|p1a: Zapdos|evasion|1\n|-sideend|p2: Yoye420|Stealth Rock|[from] move: Defog|[of] p2a: Skarmory\n|\n|-heal|p2a: Skarmory|82\/100|[from] item: Leftovers\n|-damage|p2a: Skarmory|57\/100|[from] Salt Cure\n|upkeep\n|turn|90\n|\n|t:|1701024073\n|switch|p2a: Hippowdon|Hippowdon, M|73\/100\n|-weather|Sandstorm|[from] ability: Sand Stream|[of] p2a: Hippowdon\n|cant|p1a: Zapdos|slp\n|\n|-weather|Sandstorm|[upkeep]\n|-damage|p1a: Zapdos|66\/100 slp|[from] Sandstorm\n|-heal|p2a: Hippowdon|79\/100|[from] item: Leftovers\n|upkeep\n|turn|91\n|\n|t:|1701024082\n|cant|p1a: Zapdos|slp\n|move|p2a: Hippowdon|Ice Fang|p1a: Zapdos\n|-supereffective|p1a: Zapdos\n|-damage|p1a: Zapdos|28\/100 slp\n|-status|p2a: Hippowdon|par|[from] ability: Static|[of] p1a: Zapdos\n|\n|-weather|Sandstorm|[upkeep]\n|-damage|p1a: Zapdos|22\/100 slp|[from] Sandstorm\n|-heal|p2a: Hippowdon|85\/100 par|[from] item: Leftovers\n|upkeep\n|turn|92\n|\n|t:|1701024091\n|-curestatus|p1a: Zapdos|slp|[msg]\n|move|p1a: Zapdos|Roost|p1a: Zapdos\n|-heal|p1a: Zapdos|72\/100\n|-singleturn|p1a: Zapdos|move: Roost\n|move|p2a: Hippowdon|Ice Fang|p1a: Zapdos\n|-damage|p1a: Zapdos|51\/100\n|\n|-weather|Sandstorm|[upkeep]\n|-damage|p1a: Zapdos|45\/100|[from] Sandstorm\n|-heal|p2a: Hippowdon|91\/100 par|[from] item: Leftovers\n|upkeep\n|turn|93\n|\n|t:|1701024102\n|move|p1a: Zapdos|Roost|p1a: Zapdos\n|-heal|p1a: Zapdos|95\/100\n|-singleturn|p1a: Zapdos|move: Roost\n|move|p2a: Hippowdon|Toxic|p1a: Zapdos\n|-status|p1a: Zapdos|tox\n|\n|-weather|Sandstorm|[upkeep]\n|-damage|p1a: Zapdos|89\/100 tox|[from] Sandstorm\n|-heal|p2a: Hippowdon|97\/100 par|[from] item: Leftovers\n|-damage|p1a: Zapdos|82\/100 tox|[from] psn\n|upkeep\n|turn|94\n|inactive|Alex001221 has 90 seconds left.\n|\n|t:|1701024113\n|switch|p1a: Alomomola|Alomomola, M|94\/100 brn\n|move|p2a: Hippowdon|Ice Fang|p1a: Alomomola\n|-resisted|p1a: Alomomola\n|-damage|p1a: Alomomola|88\/100 brn\n|\n|-weather|none\n|-heal|p2a: Hippowdon|100\/100 par|[from] item: Leftovers\n|-damage|p1a: Alomomola|82\/100 brn|[from] brn\n|upkeep\n|turn|95\n|inactive|Alex001221 has 90 seconds left.\n|\n|t:|1701024123\n|switch|p2a: Slowbro|Slowbro, F, tera:Water|44\/100\n|move|p1a: Alomomola|Wish|p1a: Alomomola\n|\n|-heal|p2a: Slowbro|50\/100|[from] item: Leftovers\n|-damage|p1a: Alomomola|76\/100 brn|[from] brn\n|upkeep\n|turn|96\n|\n|t:|1701024131\n|switch|p1a: Zapdos|Zapdos|82\/100 tox\n|move|p2a: Slowbro|Seismic Toss|p1a: Zapdos\n|-damage|p1a: Zapdos|51\/100 tox\n|-status|p2a: Slowbro|par|[from] ability: Static|[of] p1a: Zapdos\n|\n|-heal|p1a: Zapdos|100\/100 tox|[from] move: Wish|[wisher] Alomomola\n|-heal|p2a: Slowbro|56\/100 par|[from] item: Leftovers\n|-damage|p1a: Zapdos|94\/100 tox|[from] psn\n|upkeep\n|turn|97\n|\n|t:|1701024145\n|switch|p2a: Hippowdon|Hippowdon, M|100\/100 par\n|-weather|Sandstorm|[from] ability: Sand Stream|[of] p2a: Hippowdon\n|move|p1a: Zapdos|Hurricane|p2a: Hippowdon\n|-damage|p2a: Hippowdon|60\/100 par\n|-start|p2a: Hippowdon|confusion\n|\n|-weather|Sandstorm|[upkeep]\n|-damage|p1a: Zapdos|88\/100 tox|[from] Sandstorm\n|-heal|p2a: Hippowdon|66\/100 par|[from] item: Leftovers\n|-damage|p1a: Zapdos|76\/100 tox|[from] psn\n|upkeep\n|turn|98\n|\n|t:|1701024157\n|-zpower|p1a: Zapdos\n|move|p1a: Zapdos|Supersonic Skystrike|p2a: Hippowdon|[zeffect]\n|-damage|p2a: Hippowdon|3\/100 par\n|-activate|p2a: Hippowdon|confusion\n|move|p2a: Hippowdon|Sand Tomb|p1a: Zapdos\n|-immune|p1a: Zapdos\n|\n|-weather|Sandstorm|[upkeep]\n|-damage|p1a: Zapdos|69\/100 tox|[from] Sandstorm\n|-heal|p2a: Hippowdon|9\/100 par|[from] item: Leftovers\n|-damage|p1a: Zapdos|51\/100 tox|[from] psn\n|upkeep\n|turn|99\n|\n|t:|1701024172\n|switch|p1a: Garganacl|Garganacl, M|100\/100\n|-activate|p2a: Hippowdon|confusion\n|cant|p2a: Hippowdon|par\n|\n|-weather|Sandstorm|[upkeep]\n|-heal|p2a: Hippowdon|15\/100 par|[from] item: Leftovers\n|upkeep\n|turn|100\n|\n|t:|1701024179\n|move|p1a: Garganacl|Earthquake|p2a: Hippowdon\n|-damage|p2a: Hippowdon|2\/100 par\n|-end|p2a: Hippowdon|confusion\n|move|p2a: Hippowdon|Sand Tomb|p1a: Garganacl\n|-supereffective|p1a: Garganacl\n|-damage|p1a: Garganacl|87\/100\n|-activate|p1a: Garganacl|move: Sand Tomb|[of] p2a: Hippowdon\n|\n|-weather|Sandstorm|[upkeep]\n|-heal|p2a: Hippowdon|8\/100 par|[from] item: Leftovers\n|-damage|p1a: Garganacl|75\/100|[from] move: Sand Tomb|[partiallytrapped]\n|upkeep\n|turn|101\n|\n|t:|1701024190\n|move|p1a: Garganacl|Salt Cure|p2a: Hippowdon\n|-resisted|p2a: Hippowdon\n|-damage|p2a: Hippowdon|4\/100 par\n|-start|p2a: Hippowdon|Salt Cure\n|cant|p2a: Hippowdon|par\n|\n|-weather|none\n|-heal|p2a: Hippowdon|10\/100 par|[from] item: Leftovers\n|-damage|p1a: Garganacl|62\/100|[from] move: Sand Tomb|[partiallytrapped]\n|-damage|p2a: Hippowdon|0 fnt|[from] Salt Cure\n|faint|p2a: Hippowdon\n|upkeep\n|\n|t:|1701024194\n|switch|p2a: Articuno|Articuno|73\/100\n|-ability|p2a: Articuno|Pressure\n|turn|102\n|\n|t:|1701024203\n|switch|p1a: Alomomola|Alomomola, M|100\/100 brn\n|move|p2a: Articuno|Ice Beam|p1a: Alomomola\n|-resisted|p1a: Alomomola\n|-damage|p1a: Alomomola|87\/100 brn\n|\n|-heal|p2a: Articuno|79\/100|[from] item: Leftovers\n|-damage|p1a: Alomomola|81\/100 brn|[from] brn\n|upkeep\n|turn|103\n|\n|t:|1701024211\n|move|p2a: Articuno|Light Screen|p2a: Articuno\n|-sidestart|p2: Yoye420|move: Light Screen\n|move|p1a: Alomomola|Wish|p1a: Alomomola\n|\n|-heal|p2a: Articuno|86\/100|[from] item: Leftovers\n|-damage|p1a: Alomomola|74\/100 brn|[from] brn\n|upkeep\n|turn|104\n|\n|t:|1701024221\n|move|p2a: Articuno|Extrasensory|p1a: Alomomola\n|-damage|p1a: Alomomola|57\/100 brn\n|move|p1a: Alomomola|Flip Turn|p2a: Articuno\n|-damage|p2a: Articuno|78\/100\n|\n|t:|1701024231\n|switch|p1a: Garganacl|Garganacl, M|62\/100|[from] Flip Turn\n|\n|-heal|p1a: Garganacl|100\/100|[from] move: Wish|[wisher] Alomomola\n|-heal|p2a: Articuno|84\/100|[from] item: Leftovers\n|upkeep\n|turn|105\n|\n|t:|1701024239\n|move|p2a: Articuno|Ice Beam|p1a: Garganacl\n|-damage|p1a: Garganacl|75\/100\n|move|p1a: Garganacl|Stealth Rock|p2a: Articuno\n|-sidestart|p2: Yoye420|move: Stealth Rock\n|\n|-heal|p2a: Articuno|91\/100|[from] item: Leftovers\n|upkeep\n|turn|106\n|\n|t:|1701024245\n|move|p2a: Articuno|Ice Beam|p1a: Garganacl\n|-damage|p1a: Garganacl|48\/100\n|move|p1a: Garganacl|Salt Cure|p2a: Articuno\n|-supereffective|p2a: Articuno\n|-damage|p2a: Articuno|41\/100\n|-start|p2a: Articuno|Salt Cure\n|\n|-heal|p2a: Articuno|47\/100|[from] item: Leftovers\n|-damage|p2a: Articuno|34\/100|[from] Salt Cure\n|upkeep\n|turn|107\n|\n|t:|1701024254\n|move|p2a: Articuno|Ice Beam|p1a: Garganacl\n|-damage|p1a: Garganacl|18\/100\n|move|p1a: Garganacl|Recover|p1a: Garganacl\n|-heal|p1a: Garganacl|68\/100\n|\n|-heal|p2a: Articuno|41\/100|[from] item: Leftovers\n|-damage|p2a: Articuno|28\/100|[from] Salt Cure\n|-sideend|p2: Yoye420|move: Light Screen\n|upkeep\n|turn|108\n|\n|t:|1701024263\n|move|p2a: Articuno|Ice Beam|p1a: Garganacl\n|-damage|p1a: Garganacl|40\/100\n|move|p1a: Garganacl|Recover|p1a: Garganacl\n|-heal|p1a: Garganacl|90\/100\n|\n|-heal|p2a: Articuno|34\/100|[from] item: Leftovers\n|-damage|p2a: Articuno|22\/100|[from] Salt Cure\n|upkeep\n|turn|109\n|\n|t:|1701024271\n|move|p2a: Articuno|Ice Beam|p1a: Garganacl\n|-damage|p1a: Garganacl|61\/100\n|move|p1a: Garganacl|Salt Cure|p2a: Articuno\n|-supereffective|p2a: Articuno\n|-damage|p2a: Articuno|0 fnt\n|faint|p2a: Articuno\n|\n|upkeep\n|\n|t:|1701024279\n|switch|p2a: Volcarona|Volcarona, M|100\/100\n|-damage|p2a: Volcarona|50\/100|[from] Stealth Rock\n|turn|110\n|-message|Yoye420 forfeited.\n|\n|win|Alex001221\n|raw|Alex001221's rating: 1099 &rarr; <strong>1126<\/strong><br \/>(+27 for winning)\n|raw|Yoye420's rating: 1121 &rarr; <strong>1094<\/strong><br \/>(-27 for losing)\n|l|\u2606Yoye420\n","uploadtime":1701024361,"views":3,"p1id":"alex001221","p2id":"yoye420","formatid":"gen9nationaldex","rating":1094,"private":0,"password":""}