{"id":"gen9nationaldex-2000519919","p1":"kieed","p2":"one piece slander","format":"[Gen 9] National Dex","log":"|html|<div class=\"broadcast-blue\"><strong>[Gen 9] National Dex is currently suspecting Sneasler! For information on how to participate check out the <a href=\"https:\/\/www.smogon.com\/forums\/threads\/sv-national-dex-suspect-8-just-dance.3731534\/\">suspect thread<\/a>.<\/strong><\/div>\n|j|\u2606kieed\n|j|\u2606one piece slander\n|t:|1701201709\n|gametype|singles\n|player|p1|kieed|1|1109\n|player|p2|one piece slander|roxie|1026\n|teamsize|p1|6\n|teamsize|p2|6\n|gen|9\n|tier|[Gen 9] National Dex\n|rated|\n|rule|HP Percentage Mod: HP is shown in percentages\n|rule|Endless Battle Clause: Forcing endless battles is banned\n|rule|OHKO Clause: OHKO moves are banned\n|rule|Evasion Clause: Evasion abilities, items, and moves are banned\n|rule|Evasion Abilities Clause: Evasion abilities are banned\n|rule|Evasion Items Clause: Evasion items are banned\n|rule|Evasion Moves Clause: Evasion moves are banned\n|rule|Species Clause: Limit one of each Pok\u00e9mon\n|rule|Sleep Clause Mod: Limit one foe put to sleep\n|clearpoke\n|poke|p1|Blissey, F|\n|poke|p1|Alomomola, M|\n|poke|p1|Venusaur, F|\n|poke|p1|Gliscor, M|\n|poke|p1|Skeledirge, F|\n|poke|p1|Toxapex, F|\n|poke|p2|Persian, M|\n|poke|p2|Landorus-Therian, M|\n|poke|p2|Rillaboom, F|\n|poke|p2|Wyrdeer, M|\n|poke|p2|Xurkitree|\n|poke|p2|Iron Valiant|\n|teampreview\n|inactive|Battle timer is ON: inactive players will automatically lose when time's up. (requested by kieed)\n|\n|t:|1701201719\n|start\n|switch|p1a: Blissey|Blissey, F|100\/100\n|switch|p2a: Persian|Persian, M|100\/100\n|turn|1\n|\n|t:|1701201724\n|move|p2a: Persian|Taunt|p1a: Blissey\n|-start|p1a: Blissey|move: Taunt\n|cant|p1a: Blissey|move: Taunt|Stealth Rock\n|\n|upkeep\n|turn|2\n|\n|t:|1701201727\n|move|p2a: Persian|Switcheroo|p1a: Blissey\n|-activate|p2a: Persian|move: Trick|[of] p1a: Blissey\n|-item|p1a: Blissey|Eject Pack|[from] move: Switcheroo\n|-item|p2a: Persian|Heavy-Duty Boots|[from] move: Switcheroo\n|move|p1a: Blissey|Seismic Toss|p2a: Persian\n|-damage|p2a: Persian|71\/100\n|\n|upkeep\n|turn|3\n|\n|t:|1701201739\n|move|p2a: Persian|U-turn|p1a: Blissey\n|-damage|p1a: Blissey|77\/100\n|\n|t:|1701201751\n|switch|p2a: Rillaboom|Rillaboom, F|100\/100|[from] U-turn\n|-fieldstart|move: Grassy Terrain|[from] ability: Grassy Surge|[of] p2a: Rillaboom\n|move|p1a: Blissey|Seismic Toss|p2a: Rillaboom\n|-damage|p2a: Rillaboom|71\/100\n|\n|-heal|p2a: Rillaboom|77\/100|[from] Grassy Terrain\n|-heal|p1a: Blissey|83\/100|[from] Grassy Terrain\n|-end|p1a: Blissey|move: Taunt\n|upkeep\n|turn|4\n|\n|t:|1701201762\n|switch|p1a: Venusaur|Venusaur, F|100\/100\n|-terastallize|p2a: Rillaboom|Grass\n|move|p2a: Rillaboom|Grassy Glide|p1a: Venusaur\n|-resisted|p1a: Venusaur\n|-damage|p1a: Venusaur|79\/100\n|\n|-heal|p2a: Rillaboom|83\/100|[from] Grassy Terrain\n|-heal|p1a: Venusaur|85\/100|[from] Grassy Terrain\n|upkeep\n|turn|5\n|\n|t:|1701201770\n|switch|p2a: Landorus|Landorus-Therian, M|100\/100\n|-ability|p2a: Landorus|Intimidate|boost\n|-unboost|p1a: Venusaur|atk|1\n|detailschange|p1a: Venusaur|Venusaur-Mega, F\n|-mega|p1a: Venusaur|Venusaur|Venusaurite\n|move|p1a: Venusaur|Sludge Bomb|p2a: Landorus\n|-resisted|p2a: Landorus\n|-damage|p2a: Landorus|79\/100\n|\n|-heal|p2a: Landorus|85\/100|[from] item: Leftovers\n|-heal|p1a: Venusaur|91\/100|[from] Grassy Terrain\n|upkeep\n|turn|6\n|\n|t:|1701201781\n|move|p2a: Landorus|U-turn|p1a: Venusaur\n|-damage|p1a: Venusaur|70\/100\n|\n|t:|1701201788\n|switch|p2a: Persian|Persian, M|71\/100|[from] U-turn\n|move|p1a: Venusaur|Giga Drain|p2a: Persian\n|-damage|p2a: Persian|9\/100\n|-heal|p1a: Venusaur|98\/100|[from] drain|[of] p2a: Persian\n|\n|-heal|p2a: Persian|15\/100|[from] Grassy Terrain\n|-heal|p1a: Venusaur|100\/100|[from] Grassy Terrain\n|upkeep\n|turn|7\n|\n|t:|1701201792\n|move|p2a: Persian|Thunder Wave|p1a: Venusaur\n|-status|p1a: Venusaur|par\n|move|p1a: Venusaur|Sludge Bomb|p2a: Persian\n|-damage|p2a: Persian|0 fnt\n|faint|p2a: Persian\n|\n|-fieldend|move: Grassy Terrain\n|upkeep\n|\n|t:|1701201801\n|switch|p2a: Landorus|Landorus-Therian, M|85\/100\n|-ability|p2a: Landorus|Intimidate|boost\n|-unboost|p1a: Venusaur|atk|1\n|turn|8\n|\n|t:|1701201805\n|move|p2a: Landorus|Earthquake|p1a: Venusaur\n|-damage|p1a: Venusaur|59\/100 par\n|move|p1a: Venusaur|Giga Drain|p2a: Landorus\n|-damage|p2a: Landorus|43\/100\n|-heal|p1a: Venusaur|77\/100 par|[from] drain|[of] p2a: Landorus\n|\n|-heal|p2a: Landorus|49\/100|[from] item: Leftovers\n|upkeep\n|turn|9\n|\n|t:|1701201810\n|switch|p1a: Gliscor|Gliscor, M|100\/100\n|move|p2a: Landorus|Earthquake|p1a: Gliscor\n|-immune|p1a: Gliscor\n|\n|-heal|p2a: Landorus|55\/100|[from] item: Leftovers\n|upkeep\n|turn|10\n|\n|t:|1701201815\n|move|p2a: Landorus|Knock Off|p1a: Gliscor\n|-damage|p1a: Gliscor|85\/100\n|move|p1a: Gliscor|Toxic|p2a: Landorus\n|-status|p2a: Landorus|tox\n|\n|-heal|p2a: Landorus|61\/100 tox|[from] item: Leftovers\n|-damage|p2a: Landorus|55\/100 tox|[from] psn\n|upkeep\n|turn|11\n|\n|t:|1701201824\n|move|p2a: Landorus|Stealth Rock|p1a: Gliscor\n|-sidestart|p1: kieed|move: Stealth Rock\n|move|p1a: Gliscor|Toxic|p2a: Landorus\n|-fail|p2a: Landorus|tox\n|\n|-heal|p2a: Landorus|61\/100 tox|[from] item: Leftovers\n|-damage|p2a: Landorus|49\/100 tox|[from] psn\n|upkeep\n|turn|12\n|\n|t:|1701201835\n|move|p2a: Landorus|U-turn|p1a: Gliscor\n|-resisted|p1a: Gliscor\n|-damage|p1a: Gliscor|77\/100\n|\n|t:|1701201837\n|switch|p2a: Xurkitree|Xurkitree|100\/100|[from] U-turn\n|move|p1a: Gliscor|Dual Wingbeat|p2a: Xurkitree\n|-resisted|p2a: Xurkitree\n|-damage|p2a: Xurkitree|91\/100\n|-resisted|p2a: Xurkitree\n|-damage|p2a: Xurkitree|81\/100\n|-hitcount|p2a: Xurkitree|2\n|\n|upkeep\n|turn|13\n|\n|t:|1701201845\n|switch|p1a: Blissey|Blissey, F|83\/100\n|-damage|p1a: Blissey|70\/100|[from] Stealth Rock\n|move|p2a: Xurkitree|Volt Switch|p1a: Blissey\n|-damage|p1a: Blissey|57\/100\n|\n|t:|1701201847\n|switch|p2a: Rillaboom|Rillaboom, F, tera:Grass|83\/100|[from] Volt Switch\n|-fieldstart|move: Grassy Terrain|[from] ability: Grassy Surge|[of] p2a: Rillaboom\n|\n|-heal|p2a: Rillaboom|90\/100|[from] Grassy Terrain\n|-heal|p1a: Blissey|63\/100|[from] Grassy Terrain\n|upkeep\n|turn|14\n|\n|t:|1701201854\n|switch|p1a: Venusaur|Venusaur-Mega, F|77\/100 par\n|-damage|p1a: Venusaur|65\/100 par|[from] Stealth Rock\n|move|p2a: Rillaboom|U-turn|p1a: Venusaur\n|-damage|p1a: Venusaur|35\/100 par\n|\n|t:|1701201879\n|switch|p2a: Wyrdeer|Wyrdeer, M|100\/100|[from] U-turn\n|-ability|p2a: Wyrdeer|Intimidate|boost\n|-unboost|p1a: Venusaur|atk|1\n|-enditem|p2a: Wyrdeer|Grassy Seed\n|-boost|p2a: Wyrdeer|def|1|[from] item: Grassy Seed\n|\n|-heal|p1a: Venusaur|41\/100 par|[from] Grassy Terrain\n|upkeep\n|turn|15\n|\n|t:|1701201886\n|move|p2a: Wyrdeer|Agility|p2a: Wyrdeer\n|-boost|p2a: Wyrdeer|spe|2\n|cant|p1a: Venusaur|par\n|\n|-heal|p1a: Venusaur|47\/100 par|[from] Grassy Terrain\n|upkeep\n|turn|16\n|\n|t:|1701201896\n|switch|p1a: Skeledirge|Skeledirge, F|100\/100\n|move|p2a: Wyrdeer|Calm Mind|p2a: Wyrdeer\n|-boost|p2a: Wyrdeer|spa|1\n|-boost|p2a: Wyrdeer|spd|1\n|\n|upkeep\n|turn|17\n|\n|t:|1701201901\n|move|p2a: Wyrdeer|Calm Mind|p2a: Wyrdeer\n|-boost|p2a: Wyrdeer|spa|1\n|-boost|p2a: Wyrdeer|spd|1\n|move|p1a: Skeledirge|Will-O-Wisp|p2a: Wyrdeer\n|-status|p2a: Wyrdeer|brn\n|\n|-damage|p2a: Wyrdeer|94\/100 brn|[from] brn\n|-fieldend|move: Grassy Terrain\n|upkeep\n|turn|18\n|\n|t:|1701201903\n|move|p2a: Wyrdeer|Calm Mind|p2a: Wyrdeer\n|-boost|p2a: Wyrdeer|spa|1\n|-boost|p2a: Wyrdeer|spd|1\n|move|p1a: Skeledirge|Hex|p2a: Wyrdeer\n|-immune|p2a: Wyrdeer\n|\n|-damage|p2a: Wyrdeer|88\/100 brn|[from] brn\n|upkeep\n|turn|19\n|\n|t:|1701201907\n|move|p2a: Wyrdeer|Calm Mind|p2a: Wyrdeer\n|-boost|p2a: Wyrdeer|spa|1\n|-boost|p2a: Wyrdeer|spd|1\n|move|p1a: Skeledirge|Hex|p2a: Wyrdeer\n|-immune|p2a: Wyrdeer\n|\n|-damage|p2a: Wyrdeer|82\/100 brn|[from] brn\n|upkeep\n|turn|20\n|\n|t:|1701201922\n|move|p2a: Wyrdeer|Agility|p2a: Wyrdeer\n|-boost|p2a: Wyrdeer|spe|2\n|move|p1a: Skeledirge|Torch Song|p2a: Wyrdeer\n|-damage|p2a: Wyrdeer|43\/100 brn\n|-boost|p1a: Skeledirge|spa|1\n|\n|-damage|p2a: Wyrdeer|37\/100 brn|[from] brn\n|upkeep\n|turn|21\n|c|\u2606one piece slander|Gg?\n|\n|t:|1701201928\n|move|p2a: Wyrdeer|Stored Power|p1a: Skeledirge\n|-damage|p1a: Skeledirge|0 fnt\n|faint|p1a: Skeledirge\n|\n|-damage|p2a: Wyrdeer|30\/100 brn|[from] brn\n|upkeep\n|\n|t:|1701201932\n|switch|p1a: Toxapex|Toxapex, F|100\/100\n|-damage|p1a: Toxapex|88\/100|[from] Stealth Rock\n|turn|22\n|\n|t:|1701201934\n|move|p2a: Wyrdeer|Stored Power|p1a: Toxapex\n|-supereffective|p1a: Toxapex\n|-damage|p1a: Toxapex|0 fnt\n|faint|p1a: Toxapex\n|\n|-damage|p2a: Wyrdeer|24\/100 brn|[from] brn\n|upkeep\n|-message|kieed forfeited.\n|\n|win|one piece slander\n|raw|kieed's rating: 1109 &rarr; <strong>1078<\/strong><br \/>(-31 for losing)\n|raw|one piece slander's rating: 1026 &rarr; <strong>1071<\/strong><br \/>(+45 for winning)\n|l|\u2606kieed\n","uploadtime":1701201943,"views":0,"p1id":"kieed","p2id":"onepieceslander","formatid":"gen9nationaldex","rating":1071,"private":0,"password":""}