{"id":"gen9nationaldex-1987518977","p1":"icesuki","p2":"kantoyellow","format":"[Gen 9] National Dex","log":"|j|\u2606icesuki\n|j|\u2606kantoyellow\n|t:|1699605489\n|gametype|singles\n|player|p1|icesuki|jasmine|1438\n|player|p2|kantoyellow|169|1454\n|teamsize|p1|6\n|teamsize|p2|6\n|gen|9\n|tier|[Gen 9] National Dex\n|rated|\n|rule|HP Percentage Mod: HP is shown in percentages\n|rule|Endless Battle Clause: Forcing endless battles is banned\n|rule|OHKO Clause: OHKO moves are banned\n|rule|Evasion Clause: Evasion abilities, items, and moves are banned\n|rule|Evasion Abilities Clause: Evasion abilities are banned\n|rule|Evasion Items Clause: Evasion items are banned\n|rule|Evasion Moves Clause: Evasion moves are banned\n|rule|Species Clause: Limit one of each Pok\u00e9mon\n|rule|Sleep Clause Mod: Limit one foe put to sleep\n|clearpoke\n|poke|p1|Dragonite, M|\n|poke|p1|Ursaluna, F|\n|poke|p1|Tapu Koko|\n|poke|p1|Garchomp, M|\n|poke|p1|Hoopa-Unbound|\n|poke|p1|Moltres|\n|poke|p2|Scizor, M|\n|poke|p2|Iron Valiant|\n|poke|p2|Dragonite, F|\n|poke|p2|Toxapex, F|\n|poke|p2|Blissey, F|\n|poke|p2|Volcarona, M|\n|teampreview\n|inactive|Battle timer is ON: inactive players will automatically lose when time's up. (requested by icesuki)\n|inactive|kantoyellow has 120 seconds left.\n|\n|t:|1699605540\n|start\n|switch|p1a: Garchomp|Garchomp, M|100\/100\n|switch|p2a: Toxapex|Toxapex, F|100\/100\n|turn|1\n|\n|t:|1699605562\n|switch|p1a: Hoopa|Hoopa-Unbound|100\/100\n|move|p2a: Toxapex|Scald|p1a: Hoopa\n|-damage|p1a: Hoopa|88\/100\n|\n|upkeep\n|turn|2\n|\n|t:|1699605569\n|move|p1a: Hoopa|Psyshock|p2a: Toxapex\n|-supereffective|p2a: Toxapex\n|-damage|p2a: Toxapex|27\/100\n|move|p2a: Toxapex|Knock Off|p1a: Hoopa\n|-damage|p1a: Hoopa|70\/100\n|\n|upkeep\n|turn|3\n|\n|t:|1699605577\n|switch|p2a: Blissey|Blissey, F|100\/100\n|-zpower|p1a: Hoopa\n|move|p1a: Hoopa|All-Out Pummeling|p2a: Blissey|[zeffect]\n|-supereffective|p2a: Blissey\n|-damage|p2a: Blissey|39\/100\n|\n|-heal|p2a: Blissey|45\/100|[from] item: Leftovers\n|upkeep\n|turn|4\n|\n|t:|1699605588\n|switch|p2a: Scizor|Scizor, M|100\/100\n|move|p1a: Hoopa|Psyshock|p2a: Scizor\n|-resisted|p2a: Scizor\n|-damage|p2a: Scizor|80\/100\n|\n|upkeep\n|turn|5\n|\n|t:|1699605596\n|detailschange|p2a: Scizor|Scizor-Mega, M\n|-mega|p2a: Scizor|Scizor|Scizorite\n|move|p1a: Hoopa|Focus Blast|p2a: Scizor|[miss]\n|-miss|p1a: Hoopa|p2a: Scizor\n|move|p2a: Scizor|U-turn|p1a: Hoopa\n|-supereffective|p1a: Hoopa\n|-damage|p1a: Hoopa|0 fnt\n|faint|p1a: Hoopa\n|\n|t:|1699605605\n|switch|p2a: Toxapex|Toxapex, F|60\/100|[from] U-turn\n|\n|upkeep\n|\n|t:|1699605615\n|switch|p1a: Tapu Koko|Tapu Koko|100\/100\n|-fieldstart|move: Electric Terrain|[from] ability: Electric Surge|[of] p1a: Tapu Koko\n|turn|6\n|\n|t:|1699605619\n|switch|p2a: Blissey|Blissey, F|45\/100\n|-terastallize|p1a: Tapu Koko|Electric\n|move|p1a: Tapu Koko|Thunderbolt|p2a: Blissey\n|-damage|p2a: Blissey|6\/100\n|\n|-heal|p2a: Blissey|12\/100|[from] item: Leftovers\n|upkeep\n|turn|7\n|\n|t:|1699605628\n|move|p1a: Tapu Koko|Thunderbolt|p2a: Blissey\n|-damage|p2a: Blissey|0 fnt\n|faint|p2a: Blissey\n|\n|upkeep\n|\n|t:|1699605635\n|switch|p2a: Dragonite|Dragonite, F|100\/100\n|turn|8\n|\n|t:|1699605640\n|-terastallize|p2a: Dragonite|Dragon\n|move|p1a: Tapu Koko|Thunderbolt|p2a: Dragonite\n|-resisted|p2a: Dragonite\n|-damage|p2a: Dragonite|74\/100\n|move|p2a: Dragonite|Dragon Dance|p2a: Dragonite\n|-boost|p2a: Dragonite|atk|1\n|-boost|p2a: Dragonite|spe|1\n|\n|upkeep\n|turn|9\n|\n|t:|1699605650\n|switch|p1a: Moltres|Moltres|100\/100\n|move|p2a: Dragonite|Dragon Dance|p2a: Dragonite\n|-boost|p2a: Dragonite|atk|1\n|-boost|p2a: Dragonite|spe|1\n|\n|upkeep\n|turn|10\n|\n|t:|1699605659\n|move|p2a: Dragonite|Dragon Dance|p2a: Dragonite\n|-boost|p2a: Dragonite|atk|1\n|-boost|p2a: Dragonite|spe|1\n|move|p1a: Moltres|Roost||[still]\n|-fail|p1a: Moltres|heal\n|\n|-fieldend|move: Electric Terrain\n|upkeep\n|turn|11\n|\n|t:|1699605666\n|move|p2a: Dragonite|Dragon Dance|p2a: Dragonite\n|-boost|p2a: Dragonite|atk|1\n|-boost|p2a: Dragonite|spe|1\n|move|p1a: Moltres|Flamethrower|p2a: Dragonite\n|-resisted|p2a: Dragonite\n|-damage|p2a: Dragonite|53\/100\n|\n|upkeep\n|turn|12\n|\n|t:|1699605675\n|move|p2a: Dragonite|Dragon Claw|p1a: Moltres\n|-damage|p1a: Moltres|0 fnt\n|-status|p2a: Dragonite|brn|[from] ability: Flame Body|[of] p1a: Moltres\n|faint|p1a: Moltres\n|\n|-damage|p2a: Dragonite|47\/100 brn|[from] brn\n|upkeep\n|\n|t:|1699605683\n|switch|p1a: Dragonite|Dragonite, M|100\/100\n|turn|13\n|\n|t:|1699605696\n|move|p2a: Dragonite|Dragon Claw|p1a: Dragonite\n|-supereffective|p1a: Dragonite\n|-damage|p1a: Dragonite|8\/100\n|move|p1a: Dragonite|Superpower|p2a: Dragonite\n|-damage|p2a: Dragonite|0 fnt\n|-unboost|p1a: Dragonite|atk|1\n|-unboost|p1a: Dragonite|def|1\n|faint|p2a: Dragonite\n|\n|upkeep\n|\n|t:|1699605705\n|switch|p2a: Scizor|Scizor-Mega, M|80\/100\n|turn|14\n|\n|t:|1699605710\n|switch|p1a: Ursaluna|Ursaluna, F|100\/100\n|move|p2a: Scizor|Bullet Punch|p1a: Ursaluna\n|-damage|p1a: Ursaluna|80\/100\n|\n|upkeep\n|turn|15\n|\n|t:|1699605720\n|move|p2a: Scizor|U-turn|p1a: Ursaluna\n|-damage|p1a: Ursaluna|57\/100\n|\n|t:|1699605723\n|switch|p2a: Toxapex|Toxapex, F|93\/100|[from] U-turn\n|move|p1a: Ursaluna|Fire Punch|p2a: Toxapex\n|-resisted|p2a: Toxapex\n|-damage|p2a: Toxapex|84\/100\n|-damage|p1a: Ursaluna|41\/100|[from] item: Rocky Helmet|[of] p2a: Toxapex\n|\n|upkeep\n|turn|16\n|\n|t:|1699605731\n|switch|p1a: Tapu Koko|Tapu Koko, tera:Electric|100\/100\n|-fieldstart|move: Electric Terrain|[from] ability: Electric Surge|[of] p1a: Tapu Koko\n|switch|p2a: Scizor|Scizor-Mega, M|80\/100\n|\n|upkeep\n|turn|17\n|\n|t:|1699605746\n|switch|p1a: Garchomp|Garchomp, M|100\/100\n|move|p2a: Scizor|Bullet Punch|p1a: Garchomp\n|-damage|p1a: Garchomp|72\/100\n|-damage|p2a: Scizor|68\/100|[from] ability: Rough Skin|[of] p1a: Garchomp\n|\n|upkeep\n|turn|18\n|\n|t:|1699605759\n|switch|p2a: Iron Valiant|Iron Valiant|100\/100\n|-activate|p2a: Iron Valiant|ability: Quark Drive\n|-start|p2a: Iron Valiant|quarkdrivespe\n|move|p1a: Garchomp|Outrage|p2a: Iron Valiant\n|-immune|p2a: Iron Valiant\n|\n|upkeep\n|turn|19\n|\n|t:|1699605767\n|move|p2a: Iron Valiant|Moonblast|p1a: Garchomp\n|-supereffective|p1a: Garchomp\n|-damage|p1a: Garchomp|0 fnt\n|faint|p1a: Garchomp\n|\n|upkeep\n|\n|t:|1699605772\n|switch|p1a: Dragonite|Dragonite, M|8\/100\n|turn|20\n|\n|t:|1699605776\n|move|p1a: Dragonite|Extreme Speed|p2a: Iron Valiant\n|-damage|p2a: Iron Valiant|41\/100\n|move|p2a: Iron Valiant|Moonblast|p1a: Dragonite\n|-supereffective|p1a: Dragonite\n|-damage|p1a: Dragonite|0 fnt\n|faint|p1a: Dragonite\n|\n|-fieldend|move: Electric Terrain\n|-end|p2a: Iron Valiant|Quark Drive\n|upkeep\n|-enditem|p2a: Iron Valiant|Booster Energy\n|-activate|p2a: Iron Valiant|ability: Quark Drive|[fromitem]\n|-start|p2a: Iron Valiant|quarkdrivespe\n|\n|t:|1699605783\n|switch|p1a: Ursaluna|Ursaluna, F|41\/100\n|turn|21\n|\n|t:|1699605787\n|move|p2a: Iron Valiant|Moonblast|p1a: Ursaluna\n|-damage|p1a: Ursaluna|12\/100\n|move|p1a: Ursaluna|Headlong Rush|p2a: Iron Valiant\n|-damage|p2a: Iron Valiant|0 fnt\n|-unboost|p1a: Ursaluna|def|1\n|-unboost|p1a: Ursaluna|spd|1\n|faint|p2a: Iron Valiant\n|-end|p2a: Iron Valiant|Quark Drive|[silent]\n|\n|upkeep\n|\n|t:|1699605796\n|switch|p2a: Scizor|Scizor-Mega, M|68\/100\n|turn|22\n|\n|t:|1699605800\n|move|p2a: Scizor|Bullet Punch|p1a: Ursaluna\n|-damage|p1a: Ursaluna|0 fnt\n|faint|p1a: Ursaluna\n|\n|upkeep\n|\n|t:|1699605804\n|switch|p1a: Tapu Koko|Tapu Koko, tera:Electric|100\/100\n|-fieldstart|move: Electric Terrain|[from] ability: Electric Surge|[of] p1a: Tapu Koko\n|turn|23\n|\n|t:|1699605808\n|move|p2a: Scizor|Bullet Punch|p1a: Tapu Koko\n|-resisted|p1a: Tapu Koko\n|-damage|p1a: Tapu Koko|80\/100\n|move|p1a: Tapu Koko|Thunderbolt|p2a: Scizor\n|-crit|p2a: Scizor\n|-damage|p2a: Scizor|0 fnt\n|faint|p2a: Scizor\n|\n|upkeep\n|\n|t:|1699605815\n|switch|p2a: Volcarona|Volcarona, M|100\/100\n|turn|24\n|\n|t:|1699605820\n|move|p1a: Tapu Koko|Thunderbolt|p2a: Volcarona\n|-damage|p2a: Volcarona|0 fnt\n|faint|p2a: Volcarona\n|\n|upkeep\n|-message|kantoyellow forfeited.\n|\n|win|icesuki\n|raw|icesuki's rating: 1438 &rarr; <strong>1459<\/strong><br \/>(+21 for winning)\n|raw|kantoyellow's rating: 1454 &rarr; <strong>1433<\/strong><br \/>(-21 for losing)\n|l|\u2606kantoyellow\n","uploadtime":1699605829,"views":4,"p1id":"icesuki","p2id":"kantoyellow","formatid":"gen9nationaldex","rating":1433,"private":0,"password":""}