{"id":"gen9nationaldex-1993531422","p1":"Torkonpeter","p2":"mushroomtester","format":"[Gen 9] National Dex","log":"|j|\u2606Torkonpeter\n|j|\u2606mushroomtester\n|t:|1700328676\n|gametype|singles\n|player|p1|Torkonpeter|hilbert|\n|player|p2|mushroomtester|caitlin|\n|teamsize|p1|6\n|teamsize|p2|6\n|gen|9\n|tier|[Gen 9] National Dex\n|rule|HP Percentage Mod: HP is shown in percentages\n|rule|Endless Battle Clause: Forcing endless battles is banned\n|rule|OHKO Clause: OHKO moves are banned\n|rule|Evasion Clause: Evasion abilities, items, and moves are banned\n|rule|Evasion Abilities Clause: Evasion abilities are banned\n|rule|Evasion Items Clause: Evasion items are banned\n|rule|Evasion Moves Clause: Evasion moves are banned\n|rule|Species Clause: Limit one of each Pok\u00e9mon\n|rule|Sleep Clause Mod: Limit one foe put to sleep\n|clearpoke\n|poke|p1|Seedot, F|\n|poke|p1|Poochyena, F|\n|poke|p1|Whismur, M|\n|poke|p1|Slakoth, M|\n|poke|p1|Tynamo, M|\n|poke|p1|Applin, F|\n|poke|p2|Feebas, M|\n|poke|p2|Magikarp, F|\n|poke|p2|Seedot, M|\n|poke|p2|Poochyena, M|\n|poke|p2|Whismur, F|\n|poke|p2|Applin, M|\n|teampreview\n|c|\u2606mushroomtester|Alright last one bc i haven't had lunch yet\n|c|\u2606Torkonpeter|oh wrong team\n|c|\u2606Torkonpeter|ok\n|c|\u2606mushroomtester|You wanna rechallenge?\n|c|\u2606Torkonpeter|nah is ok\n|c|\u2606mushroomtester|Alright\n|\n|t:|1700328737\n|start\n|switch|p1a: Tynamo|Tynamo, M|100\/100\n|switch|p2a: Poochyena|Poochyena, M|100\/100\n|turn|1\n|c|\u2606Torkonpeter|i wanted to test that team anyway in the future\n|\n|t:|1700328747\n|move|p1a: Tynamo|Thunder Wave|p2a: Poochyena\n|-status|p2a: Poochyena|par\n|move|p2a: Poochyena|Taunt|p1a: Tynamo\n|-start|p1a: Tynamo|move: Taunt\n|\n|upkeep\n|turn|2\n|\n|t:|1700328755\n|move|p1a: Tynamo|Knock Off|p2a: Poochyena\n|-resisted|p2a: Poochyena\n|-damage|p2a: Poochyena|93\/100 par\n|-ability|p2a: Poochyena|Rattled|boost\n|-boost|p2a: Poochyena|spe|1\n|-enditem|p2a: Poochyena|Eviolite|[from] move: Knock Off|[of] p1a: Tynamo\n|move|p2a: Poochyena|Rain Dance|p2a: Poochyena\n|-weather|RainDance\n|\n|-weather|RainDance|[upkeep]\n|upkeep\n|turn|3\n|\n|t:|1700328763\n|move|p1a: Tynamo|Charge Beam|p2a: Poochyena\n|-damage|p2a: Poochyena|62\/100 par\n|-boost|p1a: Tynamo|spa|1\n|move|p2a: Poochyena|Heal Bell|p2a: Poochyena\n|-activate|p2a: Poochyena|move: Heal Bell\n|-curestatus|p2a: Poochyena|par|[msg]\n|\n|-weather|RainDance|[upkeep]\n|upkeep\n|turn|4\n|\n|t:|1700328768\n|switch|p2a: Applin|Applin, M|100\/100\n|move|p1a: Tynamo|Charge Beam|p2a: Applin\n|-resisted|p2a: Applin\n|-damage|p2a: Applin|97\/100\n|-boost|p1a: Tynamo|spa|1\n|\n|-weather|RainDance|[upkeep]\n|-end|p1a: Tynamo|move: Taunt\n|upkeep\n|turn|5\n|\n|t:|1700328777\n|switch|p1a: Whismur|Whismur, M, shiny|100\/100\n|move|p2a: Applin|Draco Meteor|p1a: Whismur\n|-damage|p1a: Whismur|76\/100\n|-unboost|p2a: Applin|spa|2\n|\n|-weather|RainDance|[upkeep]\n|upkeep\n|turn|6\n|\n|t:|1700328786\n|switch|p2a: Feebas|Feebas, M|100\/100\n|move|p1a: Whismur|Seismic Toss|p2a: Feebas\n|-damage|p2a: Feebas|60\/100\n|\n|-weather|none\n|upkeep\n|turn|7\n|\n|t:|1700328793\n|move|p2a: Feebas|Toxic|p1a: Whismur|[miss]\n|-miss|p2a: Feebas|p1a: Whismur\n|move|p1a: Whismur|Circle Throw|p2a: Feebas\n|-damage|p2a: Feebas|21\/100\n|drag|p2a: Poochyena|Poochyena, M|62\/100\n|\n|upkeep\n|turn|8\n|\n|t:|1700328807\n|move|p2a: Poochyena|Crunch|p1a: Whismur\n|-damage|p1a: Whismur|41\/100\n|-ability|p1a: Whismur|Rattled|boost\n|-boost|p1a: Whismur|spe|1\n|move|p1a: Whismur|Seismic Toss|p2a: Poochyena\n|-damage|p2a: Poochyena|26\/100\n|\n|upkeep\n|turn|9\n|\n|t:|1700328814\n|move|p1a: Whismur|Rest|p1a: Whismur\n|-status|p1a: Whismur|slp|[from] move: Rest\n|-heal|p1a: Whismur|100\/100 slp|[silent]\n|move|p2a: Poochyena|Crunch|p1a: Whismur\n|-damage|p1a: Whismur|66\/100 slp\n|-ability|p1a: Whismur|Rattled|boost\n|-boost|p1a: Whismur|spe|1\n|\n|upkeep\n|turn|10\n|\n|t:|1700328817\n|cant|p1a: Whismur|slp\n|move|p1a: Whismur|Sleep Talk|p1a: Whismur\n|move|p1a: Whismur|Seismic Toss|p2a: Poochyena|[from]move: Sleep Talk\n|-damage|p2a: Poochyena|0 fnt\n|faint|p2a: Poochyena\n|\n|upkeep\n|\n|t:|1700328833\n|switch|p2a: Magikarp|Magikarp, F|100\/100\n|turn|11\n|\n|t:|1700328846\n|switch|p1a: Sonic|Poochyena, F, shiny|100\/100\n|move|p2a: Magikarp|Bounce||[still]\n|-prepare|p2a: Magikarp|Bounce\n|\n|upkeep\n|turn|12\n|\n|t:|1700328848\n|move|p1a: Sonic|Protect|p1a: Sonic\n|-singleturn|p1a: Sonic|Protect\n|move|p2a: Magikarp|Bounce|p1a: Sonic|[from]lockedmove\n|-activate|p1a: Sonic|move: Protect\n|\n|upkeep\n|turn|13\n|\n|t:|1700328853\n|move|p2a: Magikarp|Hydro Pump|p1a: Sonic|[miss]\n|-miss|p2a: Magikarp|p1a: Sonic\n|move|p1a: Sonic|Heal Bell|p1a: Sonic\n|-activate|p1a: Sonic|move: Heal Bell\n|-curestatus|p1: Whismur|slp|[msg]\n|\n|upkeep\n|turn|14\n|\n|t:|1700328859\n|move|p2a: Magikarp|Hydro Pump|p1a: Sonic\n|-damage|p1a: Sonic|59\/100\n|move|p1a: Sonic|Crunch|p2a: Magikarp\n|-damage|p2a: Magikarp|64\/100\n|\n|upkeep\n|turn|15\n|\n|t:|1700328865\n|switch|p1a: Seedot|Seedot, F|100\/100\n|move|p2a: Magikarp|Hydro Pump|p1a: Seedot\n|-resisted|p1a: Seedot\n|-damage|p1a: Seedot|81\/100\n|\n|upkeep\n|turn|16\n|\n|t:|1700328875\n|move|p2a: Magikarp|Bounce||[still]\n|-prepare|p2a: Magikarp|Bounce\n|move|p1a: Seedot|Toxic|p2a: Magikarp|[miss]\n|-miss|p1a: Seedot|p2a: Magikarp\n|\n|upkeep\n|turn|17\n|\n|t:|1700328878\n|move|p1a: Seedot|Protect|p1a: Seedot\n|-singleturn|p1a: Seedot|Protect\n|move|p2a: Magikarp|Bounce|p1a: Seedot|[from]lockedmove\n|-activate|p1a: Seedot|move: Protect\n|\n|upkeep\n|turn|18\n|\n|t:|1700328883\n|move|p2a: Magikarp|Bounce||[still]\n|-prepare|p2a: Magikarp|Bounce\n|move|p1a: Seedot|Toxic|p2a: Magikarp|[miss]\n|-miss|p1a: Seedot|p2a: Magikarp\n|\n|upkeep\n|turn|19\n|\n|t:|1700328886\n|move|p1a: Seedot|Protect|p1a: Seedot\n|-singleturn|p1a: Seedot|Protect\n|move|p2a: Magikarp|Bounce|p1a: Seedot|[from]lockedmove\n|-activate|p1a: Seedot|move: Protect\n|\n|upkeep\n|turn|20\n|\n|t:|1700328890\n|move|p2a: Magikarp|Bounce||[still]\n|-prepare|p2a: Magikarp|Bounce\n|move|p1a: Seedot|Toxic|p2a: Magikarp|[miss]\n|-miss|p1a: Seedot|p2a: Magikarp\n|\n|upkeep\n|turn|21\n|\n|t:|1700328892\n|move|p1a: Seedot|Protect|p1a: Seedot\n|-singleturn|p1a: Seedot|Protect\n|move|p2a: Magikarp|Bounce|p1a: Seedot|[from]lockedmove\n|-activate|p1a: Seedot|move: Protect\n|\n|upkeep\n|turn|22\n|\n|t:|1700328906\n|switch|p2a: Feebas|Feebas, M|21\/100\n|move|p1a: Seedot|Toxic|p2a: Feebas\n|-status|p2a: Feebas|tox\n|\n|-damage|p2a: Feebas|15\/100 tox|[from] psn\n|upkeep\n|turn|23\n|\n|t:|1700328910\n|move|p2a: Feebas|Ice Beam|p1a: Seedot\n|-supereffective|p1a: Seedot\n|-damage|p1a: Seedot|20\/100\n|-status|p1a: Seedot|frz\n|-damage|p2a: Feebas|5\/100 tox|[from] item: Life Orb\n|cant|p1a: Seedot|frz\n|\n|-damage|p2a: Feebas|0 fnt|[from] psn\n|faint|p2a: Feebas\n|upkeep\n|c|\u2606Torkonpeter|shit\n|\n|t:|1700328921\n|switch|p2a: Whismur|Whismur, F|100\/100\n|turn|24\n|\n|t:|1700328927\n|cant|p1a: Seedot|frz\n|move|p2a: Whismur|Flamethrower|p1a: Seedot\n|-supereffective|p1a: Seedot\n|-damage|p1a: Seedot|0 fnt\n|faint|p1a: Seedot\n|\n|upkeep\n|\n|t:|1700328930\n|switch|p1a: Whismur|Whismur, M, shiny|66\/100\n|turn|25\n|\n|t:|1700328938\n|move|p1a: Whismur|Rest|p1a: Whismur\n|-status|p1a: Whismur|slp|[from] move: Rest\n|-heal|p1a: Whismur|100\/100 slp|[silent]\n|move|p2a: Whismur|Seismic Toss|p1a: Whismur\n|-damage|p1a: Whismur|70\/100 slp\n|\n|upkeep\n|turn|26\n|\n|t:|1700328941\n|cant|p1a: Whismur|slp\n|move|p1a: Whismur|Sleep Talk|p1a: Whismur\n|move|p1a: Whismur|Circle Throw|p2a: Whismur|[from]move: Sleep Talk\n|-supereffective|p2a: Whismur\n|-damage|p2a: Whismur|69\/100\n|drag|p2a: Applin|Applin, M|97\/100\n|\n|upkeep\n|turn|27\n|\n|t:|1700328948\n|cant|p1a: Whismur|slp\n|move|p1a: Whismur|Sleep Talk|p1a: Whismur\n|move|p1a: Whismur|Seismic Toss|p2a: Applin|[from]move: Sleep Talk\n|-damage|p2a: Applin|62\/100\n|move|p2a: Applin|Grassy Glide|p1a: Whismur\n|-damage|p1a: Whismur|54\/100 slp\n|\n|upkeep\n|turn|28\n|\n|t:|1700328961\n|-curestatus|p1a: Whismur|slp|[msg]\n|move|p1a: Whismur|Seismic Toss|p2a: Applin\n|-damage|p2a: Applin|27\/100\n|move|p2a: Applin|Draco Meteor|p1a: Whismur\n|-damage|p1a: Whismur|30\/100\n|-unboost|p2a: Applin|spa|2\n|\n|upkeep\n|turn|29\n|\n|t:|1700328967\n|switch|p2a: Seedot|Seedot, M|100\/100\n|move|p1a: Whismur|Rest|p1a: Whismur\n|-status|p1a: Whismur|slp|[from] move: Rest\n|-heal|p1a: Whismur|100\/100 slp|[silent]\n|\n|upkeep\n|turn|30\n|\n|t:|1700328977\n|switch|p1a: Applin|Applin, F|100\/100\n|move|p2a: Seedot|Body Slam|p1a: Applin\n|-damage|p1a: Applin|91\/100\n|-status|p1a: Applin|par\n|\n|upkeep\n|turn|31\n|\n|t:|1700328982\n|move|p2a: Seedot|Protect|p2a: Seedot\n|-singleturn|p2a: Seedot|Protect\n|move|p1a: Applin|Pounce|p2a: Seedot\n|-activate|p2a: Seedot|move: Protect\n|\n|upkeep\n|turn|32\n|\n|t:|1700328984\n|move|p2a: Seedot|Body Slam|p1a: Applin\n|-damage|p1a: Applin|82\/100 par\n|cant|p1a: Applin|par\n|\n|upkeep\n|turn|33\n|\n|t:|1700328993\n|move|p2a: Seedot|Explosion|p1a: Applin\n|-damage|p1a: Applin|59\/100 par\n|faint|p2a: Seedot\n|cant|p1a: Applin|par\n|\n|upkeep\n|c|\u2606Torkonpeter|whats your set?\n|c|\u2606mushroomtester|That did nothing\n|c|\u2606Torkonpeter|its a realy bad sedot set\n|c|\u2606mushroomtester|Protect toxic boom bs\n|c|\u2606mushroomtester|Yea i kinda expected boom would be more effective\n|c|\u2606Torkonpeter|if you arnt an ho sedot dont run explosion\n|\n|t:|1700329043\n|switch|p2a: Applin|Applin, M|27\/100\n|turn|34\n|c|\u2606Torkonpeter|run synthesis or rest\n|c|\u2606mushroomtester|Yea i need to make an edit there\n|c|\u2606Torkonpeter|you are basicaly immortal if you dont miss play\n|\n|t:|1700329073\n|switch|p1a: Whismur|Whismur, M, shiny|100\/100 slp\n|move|p2a: Applin|Draco Meteor|p1a: Whismur\n|-damage|p1a: Whismur|79\/100 slp\n|-unboost|p2a: Applin|spa|2\n|\n|upkeep\n|turn|35\n|\n|t:|1700329078\n|switch|p2a: Whismur|Whismur, F|69\/100\n|cant|p1a: Whismur|slp\n|move|p1a: Whismur|Sleep Talk|p1a: Whismur\n|move|p1a: Whismur|Circle Throw|p2a: Whismur|[from]move: Sleep Talk|[miss]\n|-miss|p1a: Whismur|p2a: Whismur\n|\n|upkeep\n|turn|36\n|\n|t:|1700329084\n|move|p2a: Whismur|Seismic Toss|p1a: Whismur\n|-damage|p1a: Whismur|49\/100 slp\n|cant|p1a: Whismur|slp\n|move|p1a: Whismur|Sleep Talk|p1a: Whismur\n|move|p1a: Whismur|Rest||[from]move: Sleep Talk|[still]\n|-fail|p1a: Whismur\n|\n|upkeep\n|turn|37\n|\n|t:|1700329090\n|-curestatus|p1a: Whismur|slp|[msg]\n|move|p1a: Whismur|Rest|p1a: Whismur\n|-status|p1a: Whismur|slp|[from] move: Rest\n|-heal|p1a: Whismur|100\/100 slp|[silent]\n|move|p2a: Whismur|Seismic Toss|p1a: Whismur\n|-damage|p1a: Whismur|70\/100 slp\n|\n|upkeep\n|turn|38\n|\n|t:|1700329093\n|move|p2a: Whismur|Seismic Toss|p1a: Whismur\n|-damage|p1a: Whismur|40\/100 slp\n|cant|p1a: Whismur|slp\n|move|p1a: Whismur|Sleep Talk|p1a: Whismur\n|move|p1a: Whismur|Circle Throw|p2a: Whismur|[from]move: Sleep Talk\n|-supereffective|p2a: Whismur\n|-damage|p2a: Whismur|35\/100\n|drag|p2a: Magikarp|Magikarp, F|64\/100\n|\n|upkeep\n|turn|39\n|\n|t:|1700329106\n|switch|p1a: Applin|Applin, F|59\/100 par\n|move|p2a: Magikarp|Bounce||[still]\n|-prepare|p2a: Magikarp|Bounce\n|\n|upkeep\n|turn|40\n|\n|t:|1700329113\n|move|p2a: Magikarp|Bounce|p1a: Applin|[from]lockedmove\n|-supereffective|p1a: Applin\n|-damage|p1a: Applin|38\/100 par\n|cant|p1a: Applin|par\n|\n|upkeep\n|turn|41\n|\n|t:|1700329119\n|move|p2a: Magikarp|Bounce||[still]\n|-prepare|p2a: Magikarp|Bounce\n|move|p1a: Applin|Draco Meteor|p2a: Magikarp|[miss]\n|-miss|p1a: Applin|p2a: Magikarp\n|\n|upkeep\n|turn|42\n|\n|t:|1700329127\n|switch|p1a: Tynamo|Tynamo, M|100\/100\n|move|p2a: Magikarp|Bounce|p1a: Tynamo|[from]lockedmove|[miss]\n|-miss|p2a: Magikarp|p1a: Tynamo\n|\n|upkeep\n|turn|43\n|\n|t:|1700329145\n|move|p2a: Magikarp|Flail|p1a: Tynamo\n|-damage|p1a: Tynamo|92\/100\n|move|p1a: Tynamo|Knock Off|p2a: Magikarp\n|-damage|p2a: Magikarp|37\/100\n|-enditem|p2a: Magikarp|Eviolite|[from] move: Knock Off|[of] p1a: Tynamo\n|\n|upkeep\n|turn|44\n|\n|t:|1700329166\n|move|p2a: Magikarp|Hydro Pump|p1a: Tynamo\n|-damage|p1a: Tynamo|72\/100\n|move|p1a: Tynamo|Charge Beam|p2a: Magikarp\n|-supereffective|p2a: Magikarp\n|-damage|p2a: Magikarp|0 fnt\n|-boost|p1a: Tynamo|spa|1\n|faint|p2a: Magikarp\n|\n|upkeep\n|\n|t:|1700329175\n|switch|p2a: Whismur|Whismur, F|35\/100\n|turn|45\n|\n|t:|1700329179\n|move|p2a: Whismur|Protect|p2a: Whismur\n|-singleturn|p2a: Whismur|Protect\n|move|p1a: Tynamo|Knock Off|p2a: Whismur\n|-activate|p2a: Whismur|move: Protect\n|\n|upkeep\n|turn|46\n|\n|t:|1700329182\n|move|p1a: Tynamo|Knock Off|p2a: Whismur\n|-damage|p2a: Whismur|6\/100\n|-ability|p2a: Whismur|Rattled|boost\n|-boost|p2a: Whismur|spe|1\n|-enditem|p2a: Whismur|Eviolite|[from] move: Knock Off|[of] p1a: Tynamo\n|move|p2a: Whismur|Rest|p2a: Whismur\n|-status|p2a: Whismur|slp|[from] move: Rest\n|-heal|p2a: Whismur|100\/100 slp|[silent]\n|\n|upkeep\n|turn|47\n|\n|t:|1700329189\n|move|p1a: Tynamo|Charge Beam|p2a: Whismur\n|-damage|p2a: Whismur|79\/100 slp\n|cant|p2a: Whismur|slp\n|\n|upkeep\n|turn|48\n|\n|t:|1700329193\n|move|p1a: Tynamo|Charge Beam|p2a: Whismur\n|-damage|p2a: Whismur|59\/100 slp\n|-boost|p1a: Tynamo|spa|1\n|cant|p2a: Whismur|slp\n|\n|upkeep\n|turn|49\n|\n|t:|1700329198\n|move|p1a: Tynamo|Thunder Wave|p2a: Whismur|[miss]\n|-miss|p1a: Tynamo|p2a: Whismur\n|-curestatus|p2a: Whismur|slp|[msg]\n|move|p2a: Whismur|Seismic Toss|p1a: Tynamo\n|-damage|p1a: Tynamo|35\/100\n|\n|upkeep\n|turn|50\n|\n|t:|1700329206\n|move|p1a: Tynamo|Charge Beam|p2a: Whismur\n|-damage|p2a: Whismur|29\/100\n|-boost|p1a: Tynamo|spa|1\n|move|p2a: Whismur|Seismic Toss|p1a: Tynamo\n|-damage|p1a: Tynamo|0 fnt\n|faint|p1a: Tynamo\n|\n|upkeep\n|c|\u2606Torkonpeter|i am dumb\n|\n|t:|1700329216\n|switch|p1a: Sonic|Poochyena, F, shiny|59\/100\n|turn|51\n|\n|t:|1700329221\n|move|p2a: Whismur|Protect|p2a: Whismur\n|-singleturn|p2a: Whismur|Protect\n|move|p1a: Sonic|Fire Fang|p2a: Whismur\n|-activate|p2a: Whismur|move: Protect\n|\n|upkeep\n|turn|52\n|\n|t:|1700329225\n|move|p2a: Whismur|Rest|p2a: Whismur\n|-status|p2a: Whismur|slp|[from] move: Rest\n|-heal|p2a: Whismur|100\/100 slp|[silent]\n|move|p1a: Sonic|Fire Fang|p2a: Whismur\n|-damage|p2a: Whismur|73\/100 slp\n|\n|upkeep\n|turn|53\n|\n|t:|1700329228\n|switch|p1a: Whismur|Whismur, M, shiny|40\/100 slp\n|cant|p2a: Whismur|slp\n|\n|upkeep\n|turn|54\n|\n|t:|1700329230\n|cant|p2a: Whismur|slp\n|cant|p1a: Whismur|slp\n|move|p1a: Whismur|Sleep Talk|p1a: Whismur\n|move|p1a: Whismur|Seismic Toss|p2a: Whismur|[from]move: Sleep Talk\n|-damage|p2a: Whismur|43\/100 slp\n|\n|upkeep\n|turn|55\n|\n|t:|1700329239\n|-curestatus|p2a: Whismur|slp|[msg]\n|move|p2a: Whismur|Seismic Toss|p1a: Whismur\n|-damage|p1a: Whismur|10\/100 slp\n|-curestatus|p1a: Whismur|slp|[msg]\n|move|p1a: Whismur|Rest|p1a: Whismur\n|-status|p1a: Whismur|slp|[from] move: Rest\n|-heal|p1a: Whismur|100\/100 slp|[silent]\n|\n|upkeep\n|turn|56\n|\n|t:|1700329247\n|move|p2a: Whismur|Protect|p2a: Whismur\n|-singleturn|p2a: Whismur|Protect\n|cant|p1a: Whismur|slp\n|move|p1a: Whismur|Sleep Talk|p1a: Whismur\n|move|p1a: Whismur|Circle Throw|p2a: Whismur|[from]move: Sleep Talk\n|-activate|p2a: Whismur|move: Protect\n|\n|upkeep\n|turn|57\n|\n|t:|1700329254\n|move|p2a: Whismur|Rest|p2a: Whismur\n|-status|p2a: Whismur|slp|[from] move: Rest\n|-heal|p2a: Whismur|100\/100 slp|[silent]\n|cant|p1a: Whismur|slp\n|move|p1a: Whismur|Sleep Talk|p1a: Whismur\n|move|p1a: Whismur|Rest||[from]move: Sleep Talk|[still]\n|-fail|p1a: Whismur\n|\n|upkeep\n|turn|58\n|\n|t:|1700329263\n|cant|p2a: Whismur|slp\n|-curestatus|p1a: Whismur|slp|[msg]\n|move|p1a: Whismur|Seismic Toss|p2a: Whismur\n|-damage|p2a: Whismur|70\/100 slp\n|\n|upkeep\n|turn|59\n|\n|t:|1700329266\n|cant|p2a: Whismur|slp\n|move|p1a: Whismur|Circle Throw|p2a: Whismur\n|-supereffective|p2a: Whismur\n|-damage|p2a: Whismur|26\/100 slp\n|drag|p2a: Applin|Applin, M|27\/100\n|\n|upkeep\n|turn|60\n|\n|t:|1700329272\n|move|p1a: Whismur|Seismic Toss|p2a: Applin\n|-damage|p2a: Applin|0 fnt\n|faint|p2a: Applin\n|\n|upkeep\n|\n|t:|1700329274\n|switch|p2a: Whismur|Whismur, F|26\/100 slp\n|turn|61\n|\n|t:|1700329277\n|-curestatus|p2a: Whismur|slp|[msg]\n|move|p2a: Whismur|Seismic Toss|p1a: Whismur\n|-damage|p1a: Whismur|70\/100\n|move|p1a: Whismur|Circle Throw|p2a: Whismur\n|-supereffective|p2a: Whismur\n|-damage|p2a: Whismur|0 fnt\n|faint|p2a: Whismur\n|\n|win|Torkonpeter\n|c|\u2606mushroomtester|Ggs\n|c|\u2606Torkonpeter|gg\n|l|\u2606mushroomtester\n","uploadtime":1700329289,"views":22,"p1id":"torkonpeter","p2id":"mushroomtester","formatid":"gen9nationaldex","rating":0,"private":0,"password":""}