{"id":"gen9nationaldex-1998434383","p1":"Yami Tayori","p2":"VenusaurMega151","format":"[Gen 9] National Dex","log":"|html|<div class=\"broadcast-blue\"><strong>[Gen 9] National Dex is currently suspecting Sneasler! For information on how to participate check out the <a href=\"https:\/\/www.smogon.com\/forums\/threads\/sv-national-dex-suspect-8-just-dance.3731534\/\">suspect thread<\/a>.<\/strong><\/div>\n|j|\u2606Yami Tayori\n|j|\u2606VenusaurMega151\n|t:|1700941898\n|gametype|singles\n|player|p1|Yami Tayori|steven|1107\n|player|p2|VenusaurMega151|blue|1023\n|teamsize|p1|6\n|teamsize|p2|6\n|gen|9\n|tier|[Gen 9] National Dex\n|rated|\n|rule|HP Percentage Mod: HP is shown in percentages\n|rule|Endless Battle Clause: Forcing endless battles is banned\n|rule|OHKO Clause: OHKO moves are banned\n|rule|Evasion Clause: Evasion abilities, items, and moves are banned\n|rule|Evasion Abilities Clause: Evasion abilities are banned\n|rule|Evasion Items Clause: Evasion items are banned\n|rule|Evasion Moves Clause: Evasion moves are banned\n|rule|Species Clause: Limit one of each Pok\u00e9mon\n|rule|Sleep Clause Mod: Limit one foe put to sleep\n|clearpoke\n|poke|p1|Flygon, M|\n|poke|p1|Aggron, M|\n|poke|p1|Tyranitar, F|\n|poke|p1|Rillaboom, F|\n|poke|p1|Mimikyu, F|\n|poke|p1|Iron Treads|\n|poke|p2|Venusaur, M|\n|poke|p2|Moltres|\n|poke|p2|Togekiss, F|\n|poke|p2|Starmie|\n|poke|p2|Porygon2|\n|poke|p2|Lapras, F|\n|teampreview\n|\n|t:|1700941917\n|start\n|switch|p1a: Fumiga|Flygon, M|100\/100\n|switch|p2a: Porygon2|Porygon2|100\/100\n|turn|1\n|\n|t:|1700941929\n|move|p1a: Fumiga|U-turn|p2a: Porygon2\n|-damage|p2a: Porygon2|86\/100\n|\n|t:|1700941940\n|switch|p1a: Iron Treads|Iron Treads|100\/100|[from] U-turn\n|move|p2a: Porygon2|Ice Beam|p1a: Iron Treads\n|-damage|p1a: Iron Treads|55\/100\n|\n|upkeep\n|turn|2\n|\n|t:|1700941953\n|move|p1a: Iron Treads|Iron Head|p2a: Porygon2\n|-damage|p2a: Porygon2|61\/100\n|move|p2a: Porygon2|Ice Beam|p1a: Iron Treads\n|-damage|p1a: Iron Treads|10\/100\n|\n|upkeep\n|turn|3\n|\n|t:|1700941961\n|move|p1a: Iron Treads|Iron Head|p2a: Porygon2\n|-damage|p2a: Porygon2|30\/100\n|move|p2a: Porygon2|Recover|p2a: Porygon2\n|-heal|p2a: Porygon2|80\/100\n|\n|upkeep\n|turn|4\n|\n|t:|1700941968\n|move|p1a: Iron Treads|Iron Head|p2a: Porygon2\n|-damage|p2a: Porygon2|48\/100\n|cant|p2a: Porygon2|flinch\n|\n|upkeep\n|turn|5\n|\n|t:|1700941973\n|move|p1a: Iron Treads|Iron Head|p2a: Porygon2\n|-damage|p2a: Porygon2|10\/100\n|move|p2a: Porygon2|Recover|p2a: Porygon2\n|-heal|p2a: Porygon2|60\/100\n|\n|upkeep\n|turn|6\n|\n|t:|1700941980\n|move|p1a: Iron Treads|Iron Head|p2a: Porygon2\n|-damage|p2a: Porygon2|16\/100\n|move|p2a: Porygon2|Recover|p2a: Porygon2\n|-heal|p2a: Porygon2|66\/100\n|\n|upkeep\n|turn|7\n|\n|t:|1700941994\n|move|p1a: Iron Treads|Iron Head|p2a: Porygon2\n|-damage|p2a: Porygon2|18\/100\n|move|p2a: Porygon2|Ice Beam|p1a: Iron Treads\n|-damage|p1a: Iron Treads|0 fnt\n|faint|p1a: Iron Treads\n|-end|p1a: Iron Treads|Quark Drive|[silent]\n|\n|upkeep\n|\n|t:|1700942072\n|switch|p1a: Fumiga|Flygon, M|100\/100\n|turn|8\n|\n|t:|1700942089\n|switch|p2a: Lapras|Lapras, F|100\/100\n|move|p1a: Fumiga|Earthquake|p2a: Lapras\n|-damage|p2a: Lapras|54\/100\n|\n|-heal|p2a: Lapras|60\/100|[from] item: Leftovers\n|upkeep\n|turn|9\n|\n|t:|1700942098\n|switch|p1a: GODZILLA|Tyranitar, F, shiny|100\/100\n|-weather|Sandstorm|[from] ability: Sand Stream|[of] p1a: GODZILLA\n|move|p2a: Lapras|Avalanche|p1a: GODZILLA\n|-damage|p1a: GODZILLA|83\/100\n|\n|-weather|Sandstorm|[upkeep]\n|-damage|p2a: Lapras|54\/100|[from] Sandstorm\n|-heal|p2a: Lapras|60\/100|[from] item: Leftovers\n|upkeep\n|turn|10\n|\n|t:|1700942122\n|switch|p2a: Togekiss|Togekiss, F|100\/100\n|detailschange|p1a: GODZILLA|Tyranitar-Mega, F, shiny\n|-mega|p1a: GODZILLA|Tyranitar|Tyranitarite\n|move|p1a: GODZILLA|Hone Claws|p1a: GODZILLA\n|-boost|p1a: GODZILLA|atk|1\n|-boost|p1a: GODZILLA|accuracy|1\n|\n|-weather|Sandstorm|[upkeep]\n|-damage|p2a: Togekiss|94\/100|[from] Sandstorm\n|upkeep\n|turn|11\n|\n|t:|1700942132\n|move|p2a: Togekiss|Draining Kiss|p1a: GODZILLA\n|-supereffective|p1a: GODZILLA\n|-damage|p1a: GODZILLA|60\/100\n|-heal|p2a: Togekiss|100\/100|[from] drain|[of] p1a: GODZILLA\n|move|p1a: GODZILLA|Stone Edge|p2a: Togekiss\n|-supereffective|p2a: Togekiss\n|-damage|p2a: Togekiss|0 fnt\n|faint|p2a: Togekiss\n|\n|-weather|Sandstorm|[upkeep]\n|upkeep\n|\n|t:|1700942145\n|switch|p2a: Venusaur|Venusaur, M|100\/100\n|turn|12\n|\n|t:|1700942164\n|detailschange|p2a: Venusaur|Venusaur-Mega, M\n|-mega|p2a: Venusaur|Venusaur|Venusaurite\n|move|p2a: Venusaur|Giga Drain|p1a: GODZILLA\n|-supereffective|p1a: GODZILLA\n|-damage|p1a: GODZILLA|33\/100\n|move|p1a: GODZILLA|Stone Edge|p2a: Venusaur\n|-damage|p2a: Venusaur|35\/100\n|\n|-weather|Sandstorm|[upkeep]\n|-damage|p2a: Venusaur|29\/100|[from] Sandstorm\n|upkeep\n|turn|13\n|\n|t:|1700942177\n|move|p2a: Venusaur|Giga Drain|p1a: GODZILLA\n|-supereffective|p1a: GODZILLA\n|-damage|p1a: GODZILLA|3\/100\n|-heal|p2a: Venusaur|43\/100|[from] drain|[of] p1a: GODZILLA\n|move|p1a: GODZILLA|Crunch|p2a: Venusaur\n|-damage|p2a: Venusaur|0 fnt\n|faint|p2a: Venusaur\n|\n|-weather|none\n|upkeep\n|\n|t:|1700942191\n|switch|p2a: Moltres|Moltres|100\/100\n|-ability|p2a: Moltres|Pressure\n|turn|14\n|\n|t:|1700942195\n|move|p2a: Moltres|Scorching Sands|p1a: GODZILLA\n|-supereffective|p1a: GODZILLA\n|-damage|p1a: GODZILLA|0 fnt\n|faint|p1a: GODZILLA\n|\n|upkeep\n|\n|t:|1700942271\n|switch|p1a: Fumiga|Flygon, M|100\/100\n|turn|15\n|\n|t:|1700942307\n|switch|p2a: Lapras|Lapras, F|60\/100\n|move|p1a: Fumiga|Rock Slide|p2a: Lapras\n|-supereffective|p2a: Lapras\n|-damage|p2a: Lapras|16\/100\n|\n|-heal|p2a: Lapras|22\/100|[from] item: Leftovers\n|upkeep\n|turn|16\n|\n|t:|1700942331\n|move|p1a: Fumiga|Rock Slide|p2a: Lapras\n|-supereffective|p2a: Lapras\n|-damage|p2a: Lapras|0 fnt\n|faint|p2a: Lapras\n|\n|upkeep\n|\n|t:|1700942345\n|switch|p2a: Starmie|Starmie|100\/100\n|turn|17\n|\n|t:|1700942384\n|switch|p1a: Tuen ur magic on|Rillaboom, F|100\/100\n|-fieldstart|move: Grassy Terrain|[from] ability: Grassy Surge|[of] p1a: Tuen ur magic on\n|move|p2a: Starmie|Scald|p1a: Tuen ur magic on\n|-resisted|p1a: Tuen ur magic on\n|-damage|p1a: Tuen ur magic on|81\/100\n|\n|-heal|p1a: Tuen ur magic on|88\/100|[from] Grassy Terrain\n|-heal|p1a: Tuen ur magic on|94\/100|[from] item: Leftovers\n|upkeep\n|turn|18\n|\n|t:|1700942415\n|move|p2a: Starmie|Thunder Wave|p1a: Tuen ur magic on\n|-status|p1a: Tuen ur magic on|par\n|cant|p1a: Tuen ur magic on|par\n|\n|-heal|p1a: Tuen ur magic on|99\/100 par|[from] Grassy Terrain\n|-heal|p1a: Tuen ur magic on|100\/100 par|[from] item: Leftovers\n|upkeep\n|turn|19\n|\n|t:|1700942435\n|switch|p2a: Moltres|Moltres|100\/100\n|-ability|p2a: Moltres|Pressure\n|cant|p1a: Tuen ur magic on|par\n|\n|upkeep\n|turn|20\n|\n|t:|1700942454\n|move|p2a: Moltres|Air Slash|p1a: Tuen ur magic on\n|-supereffective|p1a: Tuen ur magic on\n|-damage|p1a: Tuen ur magic on|4\/100 par\n|move|p1a: Tuen ur magic on|U-turn|p2a: Moltres\n|-resisted|p2a: Moltres\n|-damage|p2a: Moltres|94\/100\n|\n|t:|1700942461\n|switch|p1a: Sweetie|Mimikyu, F|100\/100|[from] U-turn\n|\n|upkeep\n|turn|21\n|\n|t:|1700942467\n|move|p1a: Sweetie|Swords Dance|p1a: Sweetie\n|-boost|p1a: Sweetie|atk|2\n|move|p2a: Moltres|Fire Blast|p1a: Sweetie\n|-activate|p1a: Sweetie|ability: Disguise\n|-damage|p1a: Sweetie|100\/100\n|detailschange|p1a: Sweetie|Mimikyu-Busted, F\n|-damage|p1a: Sweetie|88\/100|[from] pokemon: Mimikyu-Busted\n|\n|-heal|p1a: Sweetie|94\/100|[from] Grassy Terrain\n|-fieldend|move: Grassy Terrain\n|upkeep\n|turn|22\n|\n|t:|1700942510\n|-zpower|p1a: Sweetie\n|move|p1a: Sweetie|Never-Ending Nightmare|p2a: Moltres|[zeffect]\n|-damage|p2a: Moltres|0 fnt\n|faint|p2a: Moltres\n|\n|upkeep\n|\n|t:|1700942523\n|switch|p2a: Starmie|Starmie|100\/100\n|turn|23\n|\n|t:|1700942531\n|move|p1a: Sweetie|Shadow Sneak|p2a: Starmie\n|-supereffective|p2a: Starmie\n|-damage|p2a: Starmie|26\/100\n|move|p2a: Starmie|Thunder Wave|p1a: Sweetie\n|-status|p1a: Sweetie|par\n|\n|upkeep\n|turn|24\n|\n|t:|1700942545\n|move|p1a: Sweetie|Shadow Sneak|p2a: Starmie\n|-supereffective|p2a: Starmie\n|-damage|p2a: Starmie|0 fnt\n|faint|p2a: Starmie\n|\n|upkeep\n|\n|t:|1700942550\n|switch|p2a: Porygon2|Porygon2|18\/100\n|turn|25\n|\n|t:|1700942557\n|move|p1a: Sweetie|Play Rough|p2a: Porygon2\n|-damage|p2a: Porygon2|0 fnt\n|faint|p2a: Porygon2\n|\n|win|Yami Tayori\n|raw|Yami Tayori's rating: 1107 &rarr; <strong>1126<\/strong><br \/>(+19 for winning)\n|raw|VenusaurMega151's rating: 1023 &rarr; <strong>1013<\/strong><br \/>(-10 for losing)\n","uploadtime":1700942576,"views":2,"p1id":"yamitayori","p2id":"venusaurmega151","formatid":"gen9nationaldex","rating":1013,"private":0,"password":""}