{"id":"gen9nationaldex-1993960891","p1":"daybreak wave2","p2":"fallmoon ok","format":"[Gen 9] National Dex","log":"|j|\u2606daybreak wave2\n|j|\u2606fallmoon ok\n|t:|1700383357\n|gametype|singles\n|player|p1|daybreak wave2|lillie-masters2|1566\n|player|p2|fallmoon ok|265|1564\n|teamsize|p1|6\n|teamsize|p2|6\n|gen|9\n|tier|[Gen 9] National Dex\n|rated|\n|rule|HP Percentage Mod: HP is shown in percentages\n|rule|Endless Battle Clause: Forcing endless battles is banned\n|rule|OHKO Clause: OHKO moves are banned\n|rule|Evasion Clause: Evasion abilities, items, and moves are banned\n|rule|Evasion Abilities Clause: Evasion abilities are banned\n|rule|Evasion Items Clause: Evasion items are banned\n|rule|Evasion Moves Clause: Evasion moves are banned\n|rule|Species Clause: Limit one of each Pok\u00e9mon\n|rule|Sleep Clause Mod: Limit one foe put to sleep\n|clearpoke\n|poke|p1|Pinsir, M|\n|poke|p1|Aegislash, F|\n|poke|p1|Ogerpon-Wellspring, F|\n|poke|p1|Moltres|\n|poke|p1|Electrode-Hisui|\n|poke|p1|Clodsire, M|\n|poke|p2|Kyurem|\n|poke|p2|Zamazenta-*|\n|poke|p2|Gliscor, F|\n|poke|p2|Alomomola, M|\n|poke|p2|Mawile, M|\n|poke|p2|Heatran, M|\n|teampreview\n|\n|t:|1700383383\n|start\n|switch|p1a: \u6d1b\u6258\u59c6-\u5207\u5272|Electrode-Hisui|100\/100\n|switch|p2a: Alomomola|Alomomola, M|100\/100\n|turn|1\n|\n|t:|1700383390\n|move|p1a: \u6d1b\u6258\u59c6-\u5207\u5272|Leaf Storm|p2a: Alomomola|[miss]\n|-miss|p1a: \u6d1b\u6258\u59c6-\u5207\u5272|p2a: Alomomola\n|move|p2a: Alomomola|Toxic|p1a: \u6d1b\u6258\u59c6-\u5207\u5272\n|-status|p1a: \u6d1b\u6258\u59c6-\u5207\u5272|tox\n|\n|-damage|p1a: \u6d1b\u6258\u59c6-\u5207\u5272|94\/100 tox|[from] psn\n|upkeep\n|turn|2\n|\n|t:|1700383396\n|move|p2a: Alomomola|Protect|p2a: Alomomola\n|-singleturn|p2a: Alomomola|Protect\n|move|p1a: \u6d1b\u6258\u59c6-\u5207\u5272|Leaf Storm|p2a: Alomomola\n|-activate|p2a: Alomomola|move: Protect\n|\n|-damage|p1a: \u6d1b\u6258\u59c6-\u5207\u5272|82\/100 tox|[from] psn\n|upkeep\n|turn|3\n|\n|t:|1700383434\n|switch|p1a: \u585e\u8c6a\u5bcc|Aegislash, F, shiny|100\/100\n|switch|p2a: Heatran|Heatran, M|100\/100\n|\n|upkeep\n|turn|4\n|\n|t:|1700383448\n|move|p2a: Heatran|Magma Storm|p1a: \u585e\u8c6a\u5bcc|[miss]\n|-miss|p2a: Heatran|p1a: \u585e\u8c6a\u5bcc\n|-formechange|p1a: \u585e\u8c6a\u5bcc|Aegislash-Blade||[from] ability: Stance Change\n|move|p1a: \u585e\u8c6a\u5bcc|Close Combat|p2a: Heatran\n|-supereffective|p2a: Heatran\n|-crit|p2a: Heatran\n|-damage|p2a: Heatran|8\/100\n|-unboost|p1a: \u585e\u8c6a\u5bcc|def|1\n|-unboost|p1a: \u585e\u8c6a\u5bcc|spd|1\n|\n|upkeep\n|turn|5\n|\n|t:|1700383471\n|move|p1a: \u585e\u8c6a\u5bcc|Shadow Sneak|p2a: Heatran\n|-damage|p2a: Heatran|0 fnt\n|faint|p2a: Heatran\n|\n|upkeep\n|\n|t:|1700383477\n|switch|p2a: Mawile|Mawile, M|100\/100\n|-ability|p2a: Mawile|Intimidate|boost\n|-unboost|p1a: \u585e\u8c6a\u5bcc|atk|1\n|turn|6\n|\n|t:|1700383482\n|switch|p1a: \u70c8\u7bad\u9e70|Moltres|100\/100\n|detailschange|p2a: Mawile|Mawile-Mega, M\n|-mega|p2a: Mawile|Mawile|Mawilite\n|move|p2a: Mawile|Swords Dance|p2a: Mawile\n|-boost|p2a: Mawile|atk|2\n|\n|upkeep\n|turn|7\n|\n|t:|1700383489\n|move|p1a: \u70c8\u7bad\u9e70|Flamethrower|p2a: Mawile\n|-supereffective|p2a: Mawile\n|-damage|p2a: Mawile|0 fnt\n|faint|p2a: Mawile\n|\n|upkeep\n|\n|t:|1700383495\n|switch|p2a: Zamazenta|Zamazenta|100\/100\n|-ability|p2a: Zamazenta|Dauntless Shield|boost\n|-boost|p2a: Zamazenta|def|1\n|turn|8\n|\n|t:|1700383505\n|switch|p1a: \u585e\u8c6a\u5bcc|Aegislash, F, shiny|100\/100\n|move|p2a: Zamazenta|Stone Edge|p1a: \u585e\u8c6a\u5bcc\n|-resisted|p1a: \u585e\u8c6a\u5bcc\n|-damage|p1a: \u585e\u8c6a\u5bcc|83\/100\n|\n|upkeep\n|turn|9\n|\n|t:|1700383532\n|switch|p2a: Gliscor|Gliscor, F|100\/100\n|-zpower|p1a: \u585e\u8c6a\u5bcc\n|-formechange|p1a: \u585e\u8c6a\u5bcc|Aegislash-Blade||[from] ability: Stance Change\n|move|p1a: \u585e\u8c6a\u5bcc|Never-Ending Nightmare|p2a: Gliscor|[zeffect]\n|-damage|p2a: Gliscor|7\/100\n|\n|-status|p2a: Gliscor|tox|[from] item: Toxic Orb\n|upkeep\n|turn|10\n|inactive|Battle timer is ON: inactive players will automatically lose when time's up. (requested by daybreak wave2)\n|\n|t:|1700383538\n|switch|p2a: Alomomola|Alomomola, M|100\/100\n|move|p1a: \u585e\u8c6a\u5bcc|Shadow Sneak|p2a: Alomomola\n|-damage|p2a: Alomomola|90\/100\n|\n|upkeep\n|turn|11\n|\n|t:|1700383550\n|move|p1a: \u585e\u8c6a\u5bcc|Shadow Ball|p2a: Alomomola\n|-damage|p2a: Alomomola|47\/100\n|move|p2a: Alomomola|Toxic|p1a: \u585e\u8c6a\u5bcc\n|-immune|p1a: \u585e\u8c6a\u5bcc\n|\n|upkeep\n|turn|12\n|\n|t:|1700383560\n|move|p1a: \u585e\u8c6a\u5bcc|Shadow Ball|p2a: Alomomola\n|-damage|p2a: Alomomola|5\/100\n|move|p2a: Alomomola|Flip Turn|p1a: \u585e\u8c6a\u5bcc\n|-damage|p1a: \u585e\u8c6a\u5bcc|54\/100\n|\n|t:|1700383568\n|switch|p2a: Zamazenta|Zamazenta|100\/100|[from] Flip Turn\n|\n|upkeep\n|turn|13\n|\n|t:|1700383573\n|-formechange|p1a: \u585e\u8c6a\u5bcc|Aegislash||[from] ability: Stance Change\n|move|p1a: \u585e\u8c6a\u5bcc|King's Shield|p1a: \u585e\u8c6a\u5bcc\n|-singleturn|p1a: \u585e\u8c6a\u5bcc|Protect\n|move|p2a: Zamazenta|Crunch|p1a: \u585e\u8c6a\u5bcc\n|-activate|p1a: \u585e\u8c6a\u5bcc|move: Protect\n|-unboost|p2a: Zamazenta|atk|1\n|\n|upkeep\n|turn|14\n|\n|t:|1700383576\n|switch|p2a: Gliscor|Gliscor, F|7\/100 tox\n|-formechange|p1a: \u585e\u8c6a\u5bcc|Aegislash-Blade||[from] ability: Stance Change\n|move|p1a: \u585e\u8c6a\u5bcc|Shadow Ball|p2a: Gliscor\n|-damage|p2a: Gliscor|0 fnt\n|faint|p2a: Gliscor\n|\n|upkeep\n|-message|fallmoon ok forfeited.\n|\n|win|daybreak wave2\n|raw|daybreak wave2's rating: 1566 &rarr; <strong>1587<\/strong><br \/>(+21 for winning)\n|raw|fallmoon ok's rating: 1579 &rarr; <strong>1558<\/strong><br \/>(-21 for losing)\n|l|\u2606fallmoon ok\n","uploadtime":1700383588,"views":6,"p1id":"daybreakwave2","p2id":"fallmoonok","formatid":"gen9nationaldex","rating":1558,"private":0,"password":""}