{"id":"gen9nationaldex-1993324489","p1":"Dark Umbreon 08","p2":"Fush1gur0 Megum1","format":"[Gen 9] National Dex","log":"|j|\u2606Dark Umbreon 08\n|j|\u2606Fush1gur0 Megum1\n|t:|1700298513\n|gametype|singles\n|player|p1|Dark Umbreon 08|lass-gen4dp|1287\n|player|p2|Fush1gur0 Megum1|hilbert|1358\n|teamsize|p1|6\n|teamsize|p2|6\n|gen|9\n|tier|[Gen 9] National Dex\n|rated|\n|rule|HP Percentage Mod: HP is shown in percentages\n|rule|Endless Battle Clause: Forcing endless battles is banned\n|rule|OHKO Clause: OHKO moves are banned\n|rule|Evasion Clause: Evasion abilities, items, and moves are banned\n|rule|Evasion Abilities Clause: Evasion abilities are banned\n|rule|Evasion Items Clause: Evasion items are banned\n|rule|Evasion Moves Clause: Evasion moves are banned\n|rule|Species Clause: Limit one of each Pok\u00e9mon\n|rule|Sleep Clause Mod: Limit one foe put to sleep\n|clearpoke\n|poke|p1|Ogerpon-Wellspring, F|\n|poke|p1|Hoopa-Unbound|\n|poke|p1|Gyarados, M|\n|poke|p1|Volcarona, M|\n|poke|p1|Arcanine-Hisui, F|\n|poke|p1|Gliscor, F|\n|poke|p2|Arcanine-Hisui, M|\n|poke|p2|Zapdos-Galar|\n|poke|p2|Greninja-*, M|\n|poke|p2|Serperior, M|\n|poke|p2|Great Tusk|\n|poke|p2|Aggron, M|\n|teampreview\n|inactive|Battle timer is ON: inactive players will automatically lose when time's up. (requested by Dark Umbreon 08)\n|\n|t:|1700298519\n|start\n|switch|p1a: Volcarona|Volcarona, M|100\/100\n|switch|p2a: Divine Dog|Arcanine-Hisui, M|100\/100\n|turn|1\n|\n|t:|1700298523\n|switch|p1a: Gliscor|Gliscor, F|100\/100\n|move|p2a: Divine Dog|Head Smash|p1a: Gliscor\n|-damage|p1a: Gliscor|28\/100\n|\n|-status|p1a: Gliscor|tox|[from] item: Toxic Orb\n|upkeep\n|turn|2\n|\n|t:|1700298532\n|move|p1a: Gliscor|Protect|p1a: Gliscor\n|-singleturn|p1a: Gliscor|Protect\n|move|p2a: Divine Dog|Flare Blitz|p1a: Gliscor\n|-activate|p1a: Gliscor|move: Protect\n|\n|-heal|p1a: Gliscor|40\/100 tox|[from] ability: Poison Heal\n|upkeep\n|turn|3\n|\n|t:|1700298541\n|move|p1a: Gliscor|Earthquake|p2a: Divine Dog\n|-supereffective|p2a: Divine Dog\n|-damage|p2a: Divine Dog|0 fnt\n|faint|p2a: Divine Dog\n|\n|-heal|p1a: Gliscor|53\/100 tox|[from] ability: Poison Heal\n|upkeep\n|\n|t:|1700298549\n|switch|p2a: Toad|Greninja, M|100\/100\n|turn|4\n|\n|t:|1700298552\n|move|p1a: Gliscor|Protect|p1a: Gliscor\n|-singleturn|p1a: Gliscor|Protect\n|move|p2a: Toad|Ice Beam|p1a: Gliscor\n|-activate|p1a: Gliscor|move: Protect\n|\n|-heal|p1a: Gliscor|65\/100 tox|[from] ability: Poison Heal\n|upkeep\n|turn|5\n|\n|t:|1700298558\n|switch|p1a: Ogerpon|Ogerpon-Wellspring, F|100\/100\n|move|p2a: Toad|Ice Beam|p1a: Ogerpon\n|-damage|p1a: Ogerpon|67\/100\n|\n|upkeep\n|turn|6\n|\n|t:|1700298564\n|move|p2a: Toad|Dark Pulse|p1a: Ogerpon\n|-damage|p1a: Ogerpon|25\/100\n|move|p1a: Ogerpon|Horn Leech|p2a: Toad\n|-supereffective|p2a: Toad\n|-damage|p2a: Toad|0 fnt\n|-heal|p1a: Ogerpon|73\/100|[from] drain|[of] p2a: Toad\n|faint|p2a: Toad\n|\n|upkeep\n|\n|t:|1700298572\n|switch|p2a: Great Serpent|Serperior, M|100\/100\n|turn|7\n|\n|t:|1700298585\n|switch|p1a: Arcanine|Arcanine-Hisui, F|100\/100\n|move|p2a: Great Serpent|Leaf Storm|p1a: Arcanine\n|-damage|p1a: Arcanine|27\/100\n|-boost|p2a: Great Serpent|spa|2\n|-damage|p2a: Great Serpent|91\/100|[from] item: Life Orb\n|\n|upkeep\n|turn|8\n|\n|t:|1700298593\n|move|p2a: Great Serpent|Leaf Storm|p1a: Arcanine\n|-damage|p1a: Arcanine|0 fnt\n|-boost|p2a: Great Serpent|spa|2\n|faint|p1a: Arcanine\n|-damage|p2a: Great Serpent|81\/100|[from] item: Life Orb\n|\n|upkeep\n|\n|t:|1700298597\n|switch|p1a: Hoopa|Hoopa-Unbound|100\/100\n|turn|9\n|\n|t:|1700298607\n|move|p1a: Hoopa|Psychic|p2a: Great Serpent\n|-damage|p2a: Great Serpent|10\/100\n|move|p2a: Great Serpent|Leaf Storm|p1a: Hoopa|[miss]\n|-miss|p2a: Great Serpent|p1a: Hoopa\n|\n|upkeep\n|turn|10\n|\n|t:|1700298612\n|move|p1a: Hoopa|Psychic|p2a: Great Serpent\n|-damage|p2a: Great Serpent|0 fnt\n|faint|p2a: Great Serpent\n|\n|upkeep\n|\n|t:|1700298617\n|switch|p2a: Mahoraga|Aggron, M|100\/100\n|turn|11\n|\n|t:|1700298624\n|switch|p1a: Gliscor|Gliscor, F|65\/100 tox\n|detailschange|p2a: Mahoraga|Aggron-Mega, M\n|-mega|p2a: Mahoraga|Aggron|Aggronite\n|move|p2a: Mahoraga|Body Press|p1a: Gliscor\n|-resisted|p1a: Gliscor\n|-damage|p1a: Gliscor|47\/100 tox\n|\n|-heal|p1a: Gliscor|59\/100 tox|[from] ability: Poison Heal\n|upkeep\n|turn|12\n|\n|t:|1700298633\n|move|p1a: Gliscor|Protect|p1a: Gliscor\n|-singleturn|p1a: Gliscor|Protect\n|move|p2a: Mahoraga|Iron Defense|p2a: Mahoraga\n|-boost|p2a: Mahoraga|def|2\n|\n|-heal|p1a: Gliscor|71\/100 tox|[from] ability: Poison Heal\n|upkeep\n|turn|13\n|\n|t:|1700298638\n|move|p1a: Gliscor|Substitute|p1a: Gliscor\n|-start|p1a: Gliscor|Substitute\n|-damage|p1a: Gliscor|47\/100 tox\n|move|p2a: Mahoraga|Iron Defense|p2a: Mahoraga\n|-boost|p2a: Mahoraga|def|2\n|\n|-heal|p1a: Gliscor|59\/100 tox|[from] ability: Poison Heal\n|upkeep\n|turn|14\n|\n|t:|1700298644\n|move|p1a: Gliscor|Swords Dance|p1a: Gliscor\n|-boost|p1a: Gliscor|atk|2\n|move|p2a: Mahoraga|Heavy Slam|p1a: Gliscor\n|-end|p1a: Gliscor|Substitute\n|\n|-heal|p1a: Gliscor|71\/100 tox|[from] ability: Poison Heal\n|upkeep\n|turn|15\n|\n|t:|1700298653\n|move|p1a: Gliscor|Protect|p1a: Gliscor\n|-singleturn|p1a: Gliscor|Protect\n|move|p2a: Mahoraga|Heavy Slam|p1a: Gliscor\n|-activate|p1a: Gliscor|move: Protect\n|\n|-heal|p1a: Gliscor|84\/100 tox|[from] ability: Poison Heal\n|upkeep\n|turn|16\n|\n|t:|1700298658\n|move|p1a: Gliscor|Substitute|p1a: Gliscor\n|-start|p1a: Gliscor|Substitute\n|-damage|p1a: Gliscor|59\/100 tox\n|move|p2a: Mahoraga|Heavy Slam|p1a: Gliscor\n|-end|p1a: Gliscor|Substitute\n|\n|-heal|p1a: Gliscor|71\/100 tox|[from] ability: Poison Heal\n|upkeep\n|turn|17\n|\n|t:|1700298667\n|move|p1a: Gliscor|Substitute|p1a: Gliscor\n|-start|p1a: Gliscor|Substitute\n|-damage|p1a: Gliscor|47\/100 tox\n|move|p2a: Mahoraga|Iron Defense|p2a: Mahoraga\n|-boost|p2a: Mahoraga|def|2\n|\n|-heal|p1a: Gliscor|59\/100 tox|[from] ability: Poison Heal\n|upkeep\n|turn|18\n|\n|t:|1700298677\n|move|p1a: Gliscor|Protect|p1a: Gliscor\n|-singleturn|p1a: Gliscor|Protect\n|move|p2a: Mahoraga|Heavy Slam|p1a: Gliscor\n|-activate|p1a: Gliscor|move: Protect\n|\n|-heal|p1a: Gliscor|71\/100 tox|[from] ability: Poison Heal\n|upkeep\n|turn|19\n|\n|t:|1700298687\n|move|p1a: Gliscor|Earthquake|p2a: Mahoraga\n|-supereffective|p2a: Mahoraga\n|-damage|p2a: Mahoraga|85\/100\n|move|p2a: Mahoraga|Heavy Slam|p1a: Gliscor\n|-end|p1a: Gliscor|Substitute\n|\n|-heal|p1a: Gliscor|84\/100 tox|[from] ability: Poison Heal\n|upkeep\n|turn|20\n|\n|t:|1700298695\n|move|p1a: Gliscor|Protect|p1a: Gliscor\n|-singleturn|p1a: Gliscor|Protect\n|move|p2a: Mahoraga|Heavy Slam|p1a: Gliscor\n|-activate|p1a: Gliscor|move: Protect\n|\n|-heal|p1a: Gliscor|96\/100 tox|[from] ability: Poison Heal\n|upkeep\n|turn|21\n|\n|t:|1700298700\n|move|p1a: Gliscor|Substitute|p1a: Gliscor\n|-start|p1a: Gliscor|Substitute\n|-damage|p1a: Gliscor|71\/100 tox\n|move|p2a: Mahoraga|Heavy Slam|p1a: Gliscor\n|-end|p1a: Gliscor|Substitute\n|\n|-heal|p1a: Gliscor|84\/100 tox|[from] ability: Poison Heal\n|upkeep\n|turn|22\n|\n|t:|1700298707\n|move|p1a: Gliscor|Protect|p1a: Gliscor\n|-singleturn|p1a: Gliscor|Protect\n|move|p2a: Mahoraga|Heavy Slam|p1a: Gliscor\n|-activate|p1a: Gliscor|move: Protect\n|\n|-heal|p1a: Gliscor|96\/100 tox|[from] ability: Poison Heal\n|upkeep\n|turn|23\n|\n|t:|1700298712\n|move|p1a: Gliscor|Substitute|p1a: Gliscor\n|-start|p1a: Gliscor|Substitute\n|-damage|p1a: Gliscor|71\/100 tox\n|move|p2a: Mahoraga|Heavy Slam|p1a: Gliscor\n|-end|p1a: Gliscor|Substitute\n|\n|-heal|p1a: Gliscor|84\/100 tox|[from] ability: Poison Heal\n|upkeep\n|turn|24\n|\n|t:|1700298718\n|move|p1a: Gliscor|Substitute|p1a: Gliscor\n|-start|p1a: Gliscor|Substitute\n|-damage|p1a: Gliscor|59\/100 tox\n|move|p2a: Mahoraga|Heavy Slam|p1a: Gliscor\n|-end|p1a: Gliscor|Substitute\n|\n|-heal|p1a: Gliscor|71\/100 tox|[from] ability: Poison Heal\n|upkeep\n|turn|25\n|\n|t:|1700298726\n|move|p1a: Gliscor|Substitute|p1a: Gliscor\n|-start|p1a: Gliscor|Substitute\n|-damage|p1a: Gliscor|47\/100 tox\n|move|p2a: Mahoraga|Heavy Slam|p1a: Gliscor\n|-crit|p1a: Gliscor\n|-end|p1a: Gliscor|Substitute\n|\n|-heal|p1a: Gliscor|59\/100 tox|[from] ability: Poison Heal\n|upkeep\n|turn|26\n|\n|t:|1700298738\n|move|p1a: Gliscor|Protect|p1a: Gliscor\n|-singleturn|p1a: Gliscor|Protect\n|move|p2a: Mahoraga|Aqua Tail|p1a: Gliscor\n|-activate|p1a: Gliscor|move: Protect\n|\n|-heal|p1a: Gliscor|71\/100 tox|[from] ability: Poison Heal\n|upkeep\n|turn|27\n|\n|t:|1700298744\n|move|p1a: Gliscor|Substitute|p1a: Gliscor\n|-start|p1a: Gliscor|Substitute\n|-damage|p1a: Gliscor|47\/100 tox\n|move|p2a: Mahoraga|Heavy Slam|p1a: Gliscor\n|-end|p1a: Gliscor|Substitute\n|\n|-heal|p1a: Gliscor|59\/100 tox|[from] ability: Poison Heal\n|upkeep\n|turn|28\n|\n|t:|1700298750\n|move|p1a: Gliscor|Substitute|p1a: Gliscor\n|-start|p1a: Gliscor|Substitute\n|-damage|p1a: Gliscor|34\/100 tox\n|move|p2a: Mahoraga|Aqua Tail|p1a: Gliscor\n|-supereffective|p1a: Gliscor\n|-end|p1a: Gliscor|Substitute\n|\n|-heal|p1a: Gliscor|47\/100 tox|[from] ability: Poison Heal\n|upkeep\n|turn|29\n|\n|t:|1700298755\n|move|p1a: Gliscor|Protect|p1a: Gliscor\n|-singleturn|p1a: Gliscor|Protect\n|move|p2a: Mahoraga|Aqua Tail|p1a: Gliscor\n|-activate|p1a: Gliscor|move: Protect\n|\n|-heal|p1a: Gliscor|59\/100 tox|[from] ability: Poison Heal\n|upkeep\n|turn|30\n|\n|t:|1700298762\n|move|p1a: Gliscor|Substitute|p1a: Gliscor\n|-start|p1a: Gliscor|Substitute\n|-damage|p1a: Gliscor|34\/100 tox\n|move|p2a: Mahoraga|Aqua Tail|p1a: Gliscor\n|-supereffective|p1a: Gliscor\n|-end|p1a: Gliscor|Substitute\n|\n|-heal|p1a: Gliscor|47\/100 tox|[from] ability: Poison Heal\n|upkeep\n|turn|31\n|\n|t:|1700298779\n|move|p1a: Gliscor|Protect|p1a: Gliscor\n|-singleturn|p1a: Gliscor|Protect\n|move|p2a: Mahoraga|Aqua Tail|p1a: Gliscor\n|-activate|p1a: Gliscor|move: Protect\n|\n|-heal|p1a: Gliscor|59\/100 tox|[from] ability: Poison Heal\n|upkeep\n|turn|32\n|\n|t:|1700298784\n|switch|p1a: Ogerpon|Ogerpon-Wellspring, F|73\/100\n|move|p2a: Mahoraga|Aqua Tail|p1a: Ogerpon\n|-heal|p1a: Ogerpon|98\/100|[from] ability: Water Absorb|[of] p2a: Mahoraga\n|\n|upkeep\n|turn|33\n|\n|t:|1700298793\n|switch|p1a: Volcarona|Volcarona, M|100\/100\n|move|p2a: Mahoraga|Body Press|p1a: Volcarona\n|-resisted|p1a: Volcarona\n|-damage|p1a: Volcarona|0 fnt\n|faint|p1a: Volcarona\n|\n|upkeep\n|\n|t:|1700298800\n|switch|p1a: Hoopa|Hoopa-Unbound|100\/100\n|turn|34\n|\n|t:|1700298814\n|-terastallize|p1a: Hoopa|Fighting\n|move|p1a: Hoopa|Focus Blast|p2a: Mahoraga\n|-supereffective|p2a: Mahoraga\n|-damage|p2a: Mahoraga|0 fnt\n|faint|p2a: Mahoraga\n|\n|upkeep\n|\n|t:|1700298823\n|switch|p2a: Nue|Zapdos-Galar|100\/100\n|turn|35\n|\n|t:|1700298827\n|switch|p1a: Gliscor|Gliscor, F|59\/100 tox\n|move|p2a: Nue|Drill Peck|p1a: Gliscor\n|-damage|p1a: Gliscor|19\/100 tox\n|\n|-heal|p1a: Gliscor|31\/100 tox|[from] ability: Poison Heal\n|upkeep\n|turn|36\n|\n|t:|1700298832\n|move|p1a: Gliscor|Protect|p1a: Gliscor\n|-singleturn|p1a: Gliscor|Protect\n|move|p2a: Nue|Drill Peck|p1a: Gliscor\n|-activate|p1a: Gliscor|move: Protect\n|\n|-heal|p1a: Gliscor|43\/100 tox|[from] ability: Poison Heal\n|upkeep\n|turn|37\n|\n|t:|1700298837\n|move|p1a: Gliscor|Protect||[still]\n|-fail|p1a: Gliscor\n|move|p2a: Nue|Drill Peck|p1a: Gliscor\n|-damage|p1a: Gliscor|1\/100 tox\n|\n|-heal|p1a: Gliscor|14\/100 tox|[from] ability: Poison Heal\n|upkeep\n|turn|38\n|\n|t:|1700298840\n|move|p1a: Gliscor|Protect|p1a: Gliscor\n|-singleturn|p1a: Gliscor|Protect\n|move|p2a: Nue|Drill Peck|p1a: Gliscor\n|-activate|p1a: Gliscor|move: Protect\n|\n|-heal|p1a: Gliscor|26\/100 tox|[from] ability: Poison Heal\n|upkeep\n|turn|39\n|\n|t:|1700298846\n|move|p2a: Nue|Drill Peck|p1a: Gliscor\n|-damage|p1a: Gliscor|0 fnt\n|faint|p1a: Gliscor\n|\n|upkeep\n|\n|t:|1700298848\n|switch|p1a: Hoopa|Hoopa-Unbound, tera:Fighting|100\/100\n|turn|40\n|\n|t:|1700298855\n|-terastallize|p2a: Nue|Dark\n|move|p1a: Hoopa|Psychic|p2a: Nue\n|-immune|p2a: Nue\n|move|p2a: Nue|Drill Peck|p1a: Hoopa\n|-supereffective|p1a: Hoopa\n|-damage|p1a: Hoopa|0 fnt\n|faint|p1a: Hoopa\n|\n|upkeep\n|\n|t:|1700298858\n|switch|p1a: Gyarados|Gyarados, M|100\/100\n|-ability|p1a: Gyarados|Intimidate|boost\n|-unboost|p2a: Nue|atk|1\n|-ability|p2a: Nue|Defiant|boost\n|-boost|p2a: Nue|atk|2\n|turn|41\n|\n|t:|1700298867\n|move|p2a: Nue|Drill Peck|p1a: Gyarados\n|-damage|p1a: Gyarados|22\/100\n|move|p1a: Gyarados|Dragon Dance|p1a: Gyarados\n|-boost|p1a: Gyarados|atk|1\n|-boost|p1a: Gyarados|spe|1\n|\n|upkeep\n|turn|42\n|\n|t:|1700298879\n|detailschange|p1a: Gyarados|Gyarados-Mega, M\n|-mega|p1a: Gyarados|Gyarados|Gyaradosite\n|-ability|p1a: Gyarados|Mold Breaker\n|move|p1a: Gyarados|Waterfall|p2a: Nue\n|-damage|p2a: Nue|17\/100\n|move|p2a: Nue|Drill Peck|p1a: Gyarados\n|-damage|p1a: Gyarados|0 fnt\n|faint|p1a: Gyarados\n|\n|upkeep\n|\n|t:|1700298887\n|switch|p1a: Ogerpon|Ogerpon-Wellspring, F|98\/100\n|turn|43\n|\n|t:|1700298893\n|move|p1a: Ogerpon|Ivy Cudgel|p2a: Nue|[anim] Ivy Cudgel Water\n|-damage|p2a: Nue|0 fnt\n|faint|p2a: Nue\n|\n|upkeep\n|\n|t:|1700298899\n|switch|p2a: Max Elephant|Great Tusk|100\/100\n|turn|44\n|\n|t:|1700298903\n|move|p2a: Max Elephant|Close Combat|p1a: Ogerpon\n|-damage|p1a: Ogerpon|21\/100\n|-unboost|p2a: Max Elephant|def|1\n|-unboost|p2a: Max Elephant|spd|1\n|move|p1a: Ogerpon|Ivy Cudgel|p2a: Max Elephant|[anim] Ivy Cudgel Water\n|-supereffective|p2a: Max Elephant\n|-damage|p2a: Max Elephant|0 fnt\n|faint|p2a: Max Elephant\n|-end|p2a: Max Elephant|Protosynthesis|[silent]\n|\n|win|Dark Umbreon 08\n|raw|Dark Umbreon 08's rating: 1287 &rarr; <strong>1317<\/strong><br \/>(+30 for winning)\n|raw|Fush1gur0 Megum1's rating: 1358 &rarr; <strong>1334<\/strong><br \/>(-24 for losing)\n|c|\u2606Dark Umbreon 08|Gg\n","uploadtime":1700298975,"views":7,"p1id":"darkumbreon08","p2id":"fush1gur0megum1","formatid":"gen9nationaldex","rating":1317,"private":0,"password":""}