{"id":"gen9nationaldex-1988119842","p1":"Hyperionnn","p2":"DarkWalrein836","format":"[Gen 9] National Dex","log":"|j|\u2606Hyperionnn\n|j|\u2606DarkWalrein836\n|t:|1699671989\n|gametype|singles\n|player|p1|Hyperionnn|crasherwake|1217\n|player|p2|DarkWalrein836|acetrainersnowf|1227\n|teamsize|p1|6\n|teamsize|p2|6\n|gen|9\n|tier|[Gen 9] National Dex\n|rated|\n|rule|HP Percentage Mod: HP is shown in percentages\n|rule|Endless Battle Clause: Forcing endless battles is banned\n|rule|OHKO Clause: OHKO moves are banned\n|rule|Evasion Clause: Evasion abilities, items, and moves are banned\n|rule|Evasion Abilities Clause: Evasion abilities are banned\n|rule|Evasion Items Clause: Evasion items are banned\n|rule|Evasion Moves Clause: Evasion moves are banned\n|rule|Species Clause: Limit one of each Pok\u00e9mon\n|rule|Sleep Clause Mod: Limit one foe put to sleep\n|clearpoke\n|poke|p1|Blastoise, M|\n|poke|p1|Sableye, M|\n|poke|p1|Clefable, F|\n|poke|p1|Ambipom, M|\n|poke|p1|Slowbro, M|\n|poke|p1|Mamoswine, M|\n|poke|p2|Scizor, M|\n|poke|p2|Iron Valiant|\n|poke|p2|Rotom-Wash|\n|poke|p2|Weavile, F|\n|poke|p2|Ceruledge, M|\n|poke|p2|Garchomp, F|\n|teampreview\n|inactive|Battle timer is ON: inactive players will automatically lose when time's up. (requested by DarkWalrein836)\n|inactive|DarkWalrein836 has 120 seconds left.\n|\n|t:|1699672019\n|start\n|switch|p1a: Taco Bell|Sableye, M|100\/100\n|switch|p2a: The Disgraced One|Ceruledge, M|100\/100\n|turn|1\n|\n|t:|1699672033\n|detailschange|p1a: Taco Bell|Sableye-Mega, M\n|-mega|p1a: Taco Bell|Sableye|Sablenite\n|move|p2a: The Disgraced One|Swords Dance|p2a: The Disgraced One\n|-boost|p2a: The Disgraced One|atk|2\n|move|p1a: Taco Bell|Toxic|p2a: The Disgraced One\n|-status|p2a: The Disgraced One|tox\n|\n|-damage|p2a: The Disgraced One|94\/100 tox|[from] psn\n|upkeep\n|turn|2\n|\n|t:|1699672044\n|move|p2a: The Disgraced One|Bitter Blade|p1a: Taco Bell\n|-damage|p1a: Taco Bell|17\/100\n|-heal|p2a: The Disgraced One|100\/100 tox|[from] drain|[of] p1a: Taco Bell\n|move|p1a: Taco Bell|Knock Off|p2a: The Disgraced One\n|-supereffective|p2a: The Disgraced One\n|-damage|p2a: The Disgraced One|18\/100 tox\n|-ability|p2a: The Disgraced One|Weak Armor|boost\n|-unboost|p2a: The Disgraced One|def|1\n|-boost|p2a: The Disgraced One|spe|2\n|-enditem|p2a: The Disgraced One|Focus Sash|[from] move: Knock Off|[of] p1a: Taco Bell\n|\n|-damage|p2a: The Disgraced One|6\/100 tox|[from] psn\n|upkeep\n|turn|3\n|\n|t:|1699672057\n|move|p2a: The Disgraced One|Shadow Sneak|p1a: Taco Bell\n|-damage|p1a: Taco Bell|0 fnt\n|faint|p1a: Taco Bell\n|\n|-damage|p2a: The Disgraced One|0 fnt|[from] psn\n|faint|p2a: The Disgraced One\n|upkeep\n|\n|t:|1699672084\n|switch|p2a: Imaginary Ice|Weavile, F|100\/100\n|switch|p1a: Five Guys|Ambipom, M|100\/100\n|-ability|p2a: Imaginary Ice|Pressure\n|turn|4\n|\n|t:|1699672095\n|-terastallize|p2a: Imaginary Ice|Dark\n|move|p1a: Five Guys|Fake Out|p2a: Imaginary Ice\n|-damage|p2a: Imaginary Ice|42\/100\n|cant|p2a: Imaginary Ice|flinch\n|\n|upkeep\n|turn|5\n|\n|t:|1699672103\n|move|p2a: Imaginary Ice|Knock Off|p1a: Five Guys\n|-damage|p1a: Five Guys|0 fnt\n|-enditem|p1a: Five Guys|Silk Scarf|[from] move: Knock Off|[of] p2a: Imaginary Ice\n|faint|p1a: Five Guys\n|\n|upkeep\n|\n|t:|1699672110\n|switch|p1a: Arby's|Mamoswine, M|100\/100\n|turn|6\n|\n|t:|1699672114\n|move|p1a: Arby's|Ice Shard|p2a: Imaginary Ice\n|-damage|p2a: Imaginary Ice|0 fnt\n|faint|p2a: Imaginary Ice\n|-damage|p1a: Arby's|91\/100|[from] item: Life Orb\n|\n|upkeep\n|\n|t:|1699672124\n|switch|p2a: Nanami|Scizor, M|100\/100\n|turn|7\n|\n|t:|1699672129\n|detailschange|p2a: Nanami|Scizor-Mega, M\n|-mega|p2a: Nanami|Scizor|Scizorite\n|move|p2a: Nanami|Bullet Punch|p1a: Arby's\n|-supereffective|p1a: Arby's\n|-damage|p1a: Arby's|2\/100\n|move|p1a: Arby's|Earthquake|p2a: Nanami\n|-damage|p2a: Nanami|48\/100\n|-damage|p1a: Arby's|0 fnt|[from] item: Life Orb\n|faint|p1a: Arby's\n|\n|upkeep\n|\n|t:|1699672139\n|switch|p1a: Dunkin'|Slowbro, M|100\/100\n|turn|8\n|\n|t:|1699672143\n|move|p2a: Nanami|Knock Off|p1a: Dunkin'\n|-supereffective|p1a: Dunkin'\n|-damage|p1a: Dunkin'|52\/100\n|-damage|p2a: Nanami|31\/100|[from] item: Rocky Helmet|[of] p1a: Dunkin'\n|-enditem|p1a: Dunkin'|Rocky Helmet|[from] move: Knock Off|[of] p2a: Nanami\n|move|p1a: Dunkin'|Scald|p2a: Nanami\n|-damage|p2a: Nanami|4\/100\n|\n|upkeep\n|turn|9\n|\n|t:|1699672153\n|move|p2a: Nanami|Bug Bite|p1a: Dunkin'\n|-supereffective|p1a: Dunkin'\n|-damage|p1a: Dunkin'|0 fnt\n|faint|p1a: Dunkin'\n|\n|upkeep\n|\n|t:|1699672160\n|switch|p1a: Culver's|Blastoise, M|100\/100\n|turn|10\n|\n|t:|1699672168\n|-terastallize|p1a: Culver's|Steel\n|move|p1a: Culver's|Shell Smash|p1a: Culver's\n|-unboost|p1a: Culver's|def|1\n|-unboost|p1a: Culver's|spd|1\n|-boost|p1a: Culver's|atk|2\n|-boost|p1a: Culver's|spa|2\n|-boost|p1a: Culver's|spe|2\n|-enditem|p1a: Culver's|White Herb\n|-clearnegativeboost|p1a: Culver's|[silent]\n|move|p2a: Nanami|Knock Off|p1a: Culver's\n|-damage|p1a: Culver's|66\/100\n|\n|upkeep\n|turn|11\n|\n|t:|1699672183\n|move|p2a: Nanami|Bullet Punch|p1a: Culver's\n|-resisted|p1a: Culver's\n|-damage|p1a: Culver's|43\/100\n|move|p1a: Culver's|Surf|p2a: Nanami\n|-damage|p2a: Nanami|0 fnt\n|faint|p2a: Nanami\n|\n|upkeep\n|\n|t:|1699672192\n|switch|p2a: Max Elephant|Rotom-Wash|100\/100\n|turn|12\n|\n|t:|1699672200\n|move|p1a: Culver's|Aura Sphere|p2a: Max Elephant\n|-damage|p2a: Max Elephant|38\/100\n|move|p2a: Max Elephant|Hydro Pump|p1a: Culver's|[miss]\n|-miss|p2a: Max Elephant|p1a: Culver's\n|\n|-heal|p2a: Max Elephant|44\/100|[from] item: Leftovers\n|upkeep\n|turn|13\n|c|\u2606DarkWalrein836|Stupid Rotom\n|c|\u2606Hyperionnn|lol\n|c|\u2606DarkWalrein836|Rotom You fucking blind\n|inactive|DarkWalrein836 has 120 seconds left.\n|\n|t:|1699672234\n|move|p1a: Culver's|Aura Sphere|p2a: Max Elephant\n|-crit|p2a: Max Elephant\n|-damage|p2a: Max Elephant|0 fnt\n|faint|p2a: Max Elephant\n|\n|upkeep\n|inactive|DarkWalrein836 has 120 seconds left.\n|\n|t:|1699672242\n|switch|p2a: Fish Shikigami|Garchomp, F|100\/100\n|turn|14\n|\n|t:|1699672246\n|move|p1a: Culver's|Ice Beam|p2a: Fish Shikigami\n|-supereffective|p2a: Fish Shikigami\n|-damage|p2a: Fish Shikigami|0 fnt\n|faint|p2a: Fish Shikigami\n|\n|upkeep\n|c|\u2606DarkWalrein836|Rotom\n|inactive|DarkWalrein836 has 120 seconds left.\n|c|\u2606DarkWalrein836|Your are not in my team again\n|\n|t:|1699672272\n|switch|p2a: The Honored One|Iron Valiant|100\/100\n|turn|15\n|\n|t:|1699672280\n|move|p1a: Culver's|Surf|p2a: The Honored One\n|-crit|p2a: The Honored One\n|-damage|p2a: The Honored One|0 fnt\n|faint|p2a: The Honored One\n|-end|p2a: The Honored One|Quark Drive|[silent]\n|\n|win|Hyperionnn\n|raw|Hyperionnn's rating: 1217 &rarr; <strong>1243<\/strong><br \/>(+26 for winning)\n|raw|DarkWalrein836's rating: 1227 &rarr; <strong>1201<\/strong><br \/>(-26 for losing)\n","uploadtime":1699672229,"views":4,"p1id":"hyperionnn","p2id":"darkwalrein836","formatid":"gen9nationaldex","rating":1201,"private":0,"password":""}