{"id":"gen9nationaldex-1987147126","p1":"babbona","p2":"fx99yxxox","format":"[Gen 9] National Dex","log":"|j|\u2606babbona\n|j|\u2606fx99yxxox\n|t:|1699559972\n|gametype|singles\n|player|p1|babbona|ghetsis-gen5bw|1152\n|player|p2|fx99yxxox|266|1146\n|teamsize|p1|6\n|teamsize|p2|6\n|gen|9\n|tier|[Gen 9] National Dex\n|rated|\n|rule|HP Percentage Mod: HP is shown in percentages\n|rule|Endless Battle Clause: Forcing endless battles is banned\n|rule|OHKO Clause: OHKO moves are banned\n|rule|Evasion Clause: Evasion abilities, items, and moves are banned\n|rule|Evasion Abilities Clause: Evasion abilities are banned\n|rule|Evasion Items Clause: Evasion items are banned\n|rule|Evasion Moves Clause: Evasion moves are banned\n|rule|Species Clause: Limit one of each Pok\u00e9mon\n|rule|Sleep Clause Mod: Limit one foe put to sleep\n|clearpoke\n|poke|p1|Hawlucha, M|\n|poke|p1|Ribombee, F|\n|poke|p1|Charizard, M|\n|poke|p1|Volcarona, F|\n|poke|p1|Heatran, M|\n|poke|p1|Clefable, M|\n|poke|p2|Ting-Lu|\n|poke|p2|Samurott-Hisui, F|\n|poke|p2|Moltres|\n|poke|p2|Iron Hands|\n|poke|p2|Shuckle, F|\n|poke|p2|Sneasler, F|\n|teampreview\n|\n|t:|1699560024\n|start\n|switch|p1a: Polly|Ribombee, F|100\/100\n|switch|p2a: samurotthisui|Samurott-Hisui, F|100\/100\n|turn|1\n|\n|t:|1699560033\n|move|p1a: Polly|Sticky Web|p2a: samurotthisui\n|-sidestart|p2: fx99yxxox|move: Sticky Web\n|move|p2a: samurotthisui|Ceaseless Edge|p1a: Polly\n|-resisted|p1a: Polly\n|-damage|p1a: Polly|68\/100\n|-sidestart|p1: babbona|Spikes\n|\n|upkeep\n|turn|2\n|\n|t:|1699560040\n|move|p1a: Polly|Stun Spore|p2a: samurotthisui|[miss]\n|-miss|p1a: Polly|p2a: samurotthisui\n|move|p2a: samurotthisui|Ceaseless Edge|p1a: Polly|[miss]\n|-miss|p2a: samurotthisui|p1a: Polly\n|\n|upkeep\n|turn|3\n|\n|t:|1699560042\n|move|p1a: Polly|Stun Spore|p2a: samurotthisui|[miss]\n|-miss|p1a: Polly|p2a: samurotthisui\n|move|p2a: samurotthisui|Ceaseless Edge|p1a: Polly|[miss]\n|-miss|p2a: samurotthisui|p1a: Polly\n|\n|upkeep\n|turn|4\n|\n|t:|1699560048\n|move|p1a: Polly|Stun Spore|p2a: samurotthisui\n|-status|p2a: samurotthisui|par\n|cant|p2a: samurotthisui|par\n|\n|upkeep\n|turn|5\n|\n|t:|1699560052\n|move|p1a: Polly|Tailwind|p1a: Polly\n|-sidestart|p1: babbona|move: Tailwind\n|move|p2a: samurotthisui|Ceaseless Edge|p1a: Polly\n|-resisted|p1a: Polly\n|-damage|p1a: Polly|29\/100\n|-sidestart|p1: babbona|Spikes\n|\n|upkeep\n|turn|6\n|\n|t:|1699560058\n|move|p1a: Polly|U-turn|p2a: samurotthisui\n|-supereffective|p2a: samurotthisui\n|-damage|p2a: samurotthisui|64\/100 par\n|\n|t:|1699560064\n|switch|p1a: Kirby|Clefable, M|100\/100|[from] U-turn\n|-damage|p1a: Kirby|84\/100|[from] Spikes\n|cant|p2a: samurotthisui|par\n|\n|-heal|p1a: Kirby|90\/100|[from] item: Leftovers\n|upkeep\n|turn|7\n|\n|t:|1699560071\n|move|p1a: Kirby|Cosmic Power|p1a: Kirby\n|-boost|p1a: Kirby|def|1\n|-boost|p1a: Kirby|spd|1\n|cant|p2a: samurotthisui|par\n|\n|-heal|p1a: Kirby|96\/100|[from] item: Leftovers\n|upkeep\n|turn|8\n|\n|t:|1699560075\n|move|p1a: Kirby|Cosmic Power|p1a: Kirby\n|-boost|p1a: Kirby|def|1\n|-boost|p1a: Kirby|spd|1\n|move|p2a: samurotthisui|Ceaseless Edge|p1a: Kirby\n|-resisted|p1a: Kirby\n|-crit|p1a: Kirby\n|-damage|p1a: Kirby|60\/100\n|-sidestart|p1: babbona|Spikes\n|\n|-heal|p1a: Kirby|66\/100|[from] item: Leftovers\n|-sideend|p1: babbona|move: Tailwind\n|upkeep\n|turn|9\n|\n|t:|1699560081\n|switch|p2a: tinglu|Ting-Lu|100\/100\n|-activate|p2a: tinglu|move: Sticky Web\n|-unboost|p2a: tinglu|spe|1\n|-ability|p2a: tinglu|Vessel of Ruin\n|move|p1a: Kirby|Cosmic Power|p1a: Kirby\n|-boost|p1a: Kirby|def|1\n|-boost|p1a: Kirby|spd|1\n|\n|-heal|p1a: Kirby|72\/100|[from] item: Leftovers\n|upkeep\n|turn|10\n|\n|t:|1699560090\n|move|p1a: Kirby|Moonblast|p2a: tinglu\n|-supereffective|p2a: tinglu\n|-damage|p2a: tinglu|62\/100\n|move|p2a: tinglu|Stealth Rock|p1a: Kirby\n|-sidestart|p1: babbona|move: Stealth Rock\n|\n|-heal|p1a: Kirby|78\/100|[from] item: Leftovers\n|-heal|p2a: tinglu|68\/100|[from] item: Leftovers\n|upkeep\n|turn|11\n|\n|t:|1699560094\n|move|p1a: Kirby|Cosmic Power|p1a: Kirby\n|-boost|p1a: Kirby|def|1\n|-boost|p1a: Kirby|spd|1\n|move|p2a: tinglu|Whirlwind|p1a: Kirby\n|drag|p1a: Strawberry|Volcarona, F|100\/100\n|\n|-heal|p2a: tinglu|74\/100|[from] item: Leftovers\n|upkeep\n|turn|12\n|\n|t:|1699560101\n|switch|p2a: samurotthisui|Samurott-Hisui, F|64\/100 par\n|-activate|p2a: samurotthisui|move: Sticky Web\n|-unboost|p2a: samurotthisui|spe|1\n|-terastallize|p1a: Strawberry|Flying\n|move|p1a: Strawberry|Quiver Dance|p1a: Strawberry\n|-boost|p1a: Strawberry|spa|1\n|-boost|p1a: Strawberry|spd|1\n|-boost|p1a: Strawberry|spe|1\n|\n|upkeep\n|turn|13\n|\n|t:|1699560111\n|move|p1a: Strawberry|Tera Blast|p2a: samurotthisui|[anim] Tera Blast Flying\n|-damage|p2a: samurotthisui|10\/100 par\n|cant|p2a: samurotthisui|par\n|\n|upkeep\n|turn|14\n|\n|t:|1699560115\n|cant|p2a: samurotthisui|par\n|move|p1a: Strawberry|Fiery Dance|p2a: samurotthisui\n|-resisted|p2a: samurotthisui\n|-damage|p2a: samurotthisui|0 fnt\n|faint|p2a: samurotthisui\n|\n|upkeep\n|\n|t:|1699560118\n|switch|p2a: Shuckle|Shuckle, F|100\/100\n|-activate|p2a: Shuckle|move: Sticky Web\n|-unboost|p2a: Shuckle|spe|1\n|turn|15\n|\n|t:|1699560125\n|move|p1a: Strawberry|Tera Blast|p2a: Shuckle|[anim] Tera Blast Flying\n|-damage|p2a: Shuckle|73\/100\n|-enditem|p2a: Shuckle|Red Card|[of] p1a: Strawberry\n|drag|p1a: Kirby|Clefable, M|78\/100\n|-damage|p1a: Kirby|53\/100|[from] Spikes\n|-damage|p1a: Kirby|41\/100|[from] Stealth Rock\n|move|p2a: Shuckle|Sticky Web|p1a: Kirby\n|-sidestart|p1: babbona|move: Sticky Web\n|\n|-heal|p1a: Kirby|47\/100|[from] item: Leftovers\n|upkeep\n|turn|16\n|\n|t:|1699560133\n|switch|p2a: tinglu|Ting-Lu|74\/100\n|-activate|p2a: tinglu|move: Sticky Web\n|-unboost|p2a: tinglu|spe|1\n|-ability|p2a: tinglu|Vessel of Ruin\n|move|p1a: Kirby|Cosmic Power|p1a: Kirby\n|-boost|p1a: Kirby|def|1\n|-boost|p1a: Kirby|spd|1\n|\n|-heal|p1a: Kirby|53\/100|[from] item: Leftovers\n|-heal|p2a: tinglu|81\/100|[from] item: Leftovers\n|upkeep\n|turn|17\n|\n|t:|1699560137\n|move|p1a: Kirby|Moonblast|p2a: tinglu\n|-supereffective|p2a: tinglu\n|-damage|p2a: tinglu|42\/100\n|-unboost|p2a: tinglu|spa|1\n|move|p2a: tinglu|Whirlwind|p1a: Kirby\n|drag|p1a: Strawberry|Volcarona, F, tera:Flying|100\/100\n|\n|-heal|p2a: tinglu|48\/100|[from] item: Leftovers\n|upkeep\n|turn|18\n|\n|t:|1699560144\n|switch|p2a: Shuckle|Shuckle, F|73\/100\n|-activate|p2a: Shuckle|move: Sticky Web\n|-unboost|p2a: Shuckle|spe|1\n|move|p1a: Strawberry|Tera Blast|p2a: Shuckle|[anim] Tera Blast Flying\n|-damage|p2a: Shuckle|52\/100\n|\n|upkeep\n|turn|19\n|\n|t:|1699560148\n|move|p1a: Strawberry|Quiver Dance|p1a: Strawberry\n|-boost|p1a: Strawberry|spa|1\n|-boost|p1a: Strawberry|spd|1\n|-boost|p1a: Strawberry|spe|1\n|move|p2a: Shuckle|Encore|p1a: Strawberry\n|-start|p1a: Strawberry|Encore\n|\n|upkeep\n|turn|20\n|\n|t:|1699560153\n|switch|p2a: ironhands|Iron Hands|100\/100\n|-activate|p2a: ironhands|move: Sticky Web\n|-unboost|p2a: ironhands|spe|1\n|move|p1a: Strawberry|Quiver Dance|p1a: Strawberry\n|-boost|p1a: Strawberry|spa|1\n|-boost|p1a: Strawberry|spd|1\n|-boost|p1a: Strawberry|spe|1\n|\n|upkeep\n|turn|21\n|\n|t:|1699560157\n|move|p1a: Strawberry|Quiver Dance|p1a: Strawberry\n|-boost|p1a: Strawberry|spa|1\n|-boost|p1a: Strawberry|spd|1\n|-boost|p1a: Strawberry|spe|1\n|move|p2a: ironhands|Swords Dance|p2a: ironhands\n|-boost|p2a: ironhands|atk|2\n|\n|upkeep\n|turn|22\n|\n|t:|1699560170\n|switch|p1a: Magmo|Heatran, M|100\/100\n|-damage|p1a: Magmo|76\/100|[from] Spikes\n|-damage|p1a: Magmo|63\/100|[from] Stealth Rock\n|-activate|p1a: Magmo|move: Sticky Web\n|-unboost|p1a: Magmo|spe|1\n|move|p2a: ironhands|Thunder Punch|p1a: Magmo\n|-damage|p1a: Magmo|0 fnt\n|faint|p1a: Magmo\n|\n|upkeep\n|\n|t:|1699560172\n|switch|p1a: Kermit|Hawlucha, M|100\/100\n|-damage|p1a: Kermit|88\/100|[from] Stealth Rock\n|turn|23\n|\n|t:|1699560182\n|move|p1a: Kermit|Endure|p1a: Kermit\n|-singleturn|p1a: Kermit|move: Endure\n|move|p2a: ironhands|Thunder Punch|p1a: Kermit\n|-supereffective|p1a: Kermit\n|-activate|p1a: Kermit|move: Endure\n|-damage|p1a: Kermit|1\/100\n|-enditem|p1a: Kermit|Liechi Berry|[eat]\n|-boost|p1a: Kermit|atk|1|[from] item: Liechi Berry\n|\n|upkeep\n|turn|24\n|\n|t:|1699560197\n|move|p1a: Kermit|Acrobatics|p2a: ironhands\n|-damage|p2a: ironhands|54\/100\n|move|p2a: ironhands|Thunder Punch|p1a: Kermit\n|-supereffective|p1a: Kermit\n|-damage|p1a: Kermit|0 fnt\n|faint|p1a: Kermit\n|\n|upkeep\n|\n|t:|1699560205\n|switch|p1a: Dino|Charizard, M|100\/100\n|-damage|p1a: Dino|51\/100|[from] Stealth Rock\n|turn|25\n|\n|t:|1699560212\n|detailschange|p1a: Dino|Charizard-Mega-X, M\n|-mega|p1a: Dino|Charizard|Charizardite X\n|move|p1a: Dino|Blaze Kick|p2a: ironhands\n|-damage|p2a: ironhands|11\/100\n|-enditem|p2a: ironhands|Sitrus Berry|[eat]\n|-heal|p2a: ironhands|36\/100|[from] item: Sitrus Berry\n|move|p2a: ironhands|Thunder Punch|p1a: Dino\n|-resisted|p1a: Dino\n|-damage|p1a: Dino|2\/100\n|\n|upkeep\n|turn|26\n|\n|t:|1699560219\n|move|p1a: Dino|Blaze Kick|p2a: ironhands\n|-damage|p2a: ironhands|0 fnt\n|faint|p2a: ironhands\n|-end|p2a: ironhands|Quark Drive|[silent]\n|\n|upkeep\n|\n|t:|1699560220\n|switch|p2a: Moltres|Moltres|100\/100\n|turn|27\n|\n|t:|1699560225\n|move|p1a: Dino|Dragon Claw|p2a: Moltres\n|-damage|p2a: Moltres|39\/100\n|move|p2a: Moltres|Air Slash|p1a: Dino\n|-damage|p1a: Dino|0 fnt\n|faint|p1a: Dino\n|\n|upkeep\n|\n|t:|1699560230\n|switch|p1a: Strawberry|Volcarona, F, tera:Flying|100\/100\n|turn|28\n|\n|t:|1699560234\n|move|p1a: Strawberry|Quiver Dance|p1a: Strawberry\n|-boost|p1a: Strawberry|spa|1\n|-boost|p1a: Strawberry|spd|1\n|-boost|p1a: Strawberry|spe|1\n|move|p2a: Moltres|Burn Up|p1a: Strawberry\n|-damage|p1a: Strawberry|55\/100\n|-start|p2a: Moltres|typechange|???\/Flying|[from] move: Burn Up\n|\n|upkeep\n|turn|29\n|\n|t:|1699560243\n|move|p1a: Strawberry|Fiery Dance|p2a: Moltres\n|-damage|p2a: Moltres|0 fnt\n|faint|p2a: Moltres\n|\n|upkeep\n|\n|t:|1699560248\n|switch|p2a: tinglu|Ting-Lu|48\/100\n|-activate|p2a: tinglu|move: Sticky Web\n|-unboost|p2a: tinglu|spe|1\n|-ability|p2a: tinglu|Vessel of Ruin\n|turn|30\n|\n|t:|1699560254\n|move|p1a: Strawberry|Tera Blast|p2a: tinglu|[anim] Tera Blast Flying\n|-damage|p2a: tinglu|15\/100\n|move|p2a: tinglu|Whirlwind|p1a: Strawberry\n|drag|p1a: Polly|Ribombee, F|29\/100\n|-damage|p1a: Polly|5\/100|[from] Spikes\n|-damage|p1a: Polly|0 fnt|[from] Stealth Rock\n|-activate|p1a: Polly|move: Sticky Web\n|faint|p1a: Polly\n|\n|-heal|p2a: tinglu|21\/100|[from] item: Leftovers\n|upkeep\n|\n|t:|1699560259\n|switch|p1a: Strawberry|Volcarona, F, tera:Flying|55\/100\n|turn|31\n|\n|t:|1699560261\n|move|p1a: Strawberry|Tera Blast|p2a: tinglu|[anim] Tera Blast Flying\n|-damage|p2a: tinglu|1\/100\n|move|p2a: tinglu|Whirlwind|p1a: Strawberry\n|drag|p1a: Kirby|Clefable, M|53\/100\n|-damage|p1a: Kirby|28\/100|[from] Spikes\n|-damage|p1a: Kirby|15\/100|[from] Stealth Rock\n|-activate|p1a: Kirby|move: Sticky Web\n|-unboost|p1a: Kirby|spe|1\n|\n|-heal|p1a: Kirby|22\/100|[from] item: Leftovers\n|-heal|p2a: tinglu|7\/100|[from] item: Leftovers\n|upkeep\n|turn|32\n|\n|t:|1699560265\n|switch|p2a: Sneasler|Sneasler, F|100\/100\n|-item|p2a: Sneasler|Air Balloon\n|move|p1a: Kirby|Soft-Boiled|p1a: Kirby\n|-heal|p1a: Kirby|72\/100\n|\n|-heal|p1a: Kirby|78\/100|[from] item: Leftovers\n|upkeep\n|turn|33\n|\n|t:|1699560270\n|move|p2a: Sneasler|Dire Claw|p1a: Kirby\n|-supereffective|p1a: Kirby\n|-damage|p1a: Kirby|0 fnt\n|faint|p1a: Kirby\n|\n|upkeep\n|\n|t:|1699560273\n|switch|p1a: Strawberry|Volcarona, F, tera:Flying|55\/100\n|turn|34\n|\n|t:|1699560279\n|move|p2a: Sneasler|Dire Claw|p1a: Strawberry\n|-damage|p1a: Strawberry|15\/100\n|-status|p1a: Strawberry|par\n|move|p1a: Strawberry|Quiver Dance|p1a: Strawberry\n|-boost|p1a: Strawberry|spa|1\n|-boost|p1a: Strawberry|spd|1\n|-boost|p1a: Strawberry|spe|1\n|\n|upkeep\n|turn|35\n|\n|t:|1699560287\n|move|p2a: Sneasler|Acrobatics|p1a: Strawberry\n|-damage|p1a: Strawberry|0 fnt\n|faint|p1a: Strawberry\n|\n|win|fx99yxxox\n|raw|babbona's rating: 1152 &rarr; <strong>1127<\/strong><br \/>(-25 for losing)\n|raw|fx99yxxox's rating: 1146 &rarr; <strong>1171<\/strong><br \/>(+25 for winning)\n|c|\u2606babbona|gg\n|l|\u2606fx99yxxox\n","uploadtime":1699560295,"views":4,"p1id":"babbona","p2id":"fx99yxxox","formatid":"gen9nationaldex","rating":1127,"private":0,"password":""}