{"id":"gen9nationaldex-1988731971","p1":"Red Vs Showdown","p2":"ND9T2 tutiop","format":"[Gen 9] National Dex","log":"|j|\u2606Red Vs Showdown\n|j|\u2606ND9T2 tutiop\n|t:|1699756074\n|gametype|singles\n|player|p1|Red Vs Showdown|red-gen2|1829\n|player|p2|ND9T2 tutiop|ingo|1755\n|teamsize|p1|6\n|teamsize|p2|6\n|gen|9\n|tier|[Gen 9] National Dex\n|rated|\n|rule|HP Percentage Mod: HP is shown in percentages\n|rule|Endless Battle Clause: Forcing endless battles is banned\n|rule|OHKO Clause: OHKO moves are banned\n|rule|Evasion Clause: Evasion abilities, items, and moves are banned\n|rule|Evasion Abilities Clause: Evasion abilities are banned\n|rule|Evasion Items Clause: Evasion items are banned\n|rule|Evasion Moves Clause: Evasion moves are banned\n|rule|Species Clause: Limit one of each Pok\u00e9mon\n|rule|Sleep Clause Mod: Limit one foe put to sleep\n|clearpoke\n|poke|p1|Pikachu, F|\n|poke|p1|Charizard, M|\n|poke|p1|Blastoise, M|\n|poke|p1|Venusaur, F|\n|poke|p1|Snorlax, M|\n|poke|p1|Espeon, F|\n|poke|p2|Dragonite, M|\n|poke|p2|Ninetales-Alola, F|\n|poke|p2|Iron Treads|\n|poke|p2|Gyarados, F|\n|poke|p2|Jirachi|\n|poke|p2|Ogerpon-Wellspring, F|\n|teampreview\n|c|\u2606Red Vs Showdown|...\n|c|\u2606ND9T2 tutiop|habla oe gil\n|\n|t:|1699756125\n|start\n|switch|p1a: Charizard|Charizard, M|100\/100\n|switch|p2a: Iron Treads|Iron Treads|100\/100\n|-enditem|p2a: Iron Treads|Booster Energy\n|-activate|p2a: Iron Treads|ability: Quark Drive|[fromitem]\n|-start|p2a: Iron Treads|quarkdrivespe\n|turn|1\n|\n|t:|1699756132\n|switch|p1a: Espeon|Espeon, F|100\/100\n|move|p2a: Iron Treads|Stealth Rock|p1a: Espeon\n|move|p1a: Espeon|Stealth Rock|p2a: Iron Treads|[from]ability: Magic Bounce\n|-sidestart|p2: ND9T2 tutiop|move: Stealth Rock\n|\n|upkeep\n|turn|2\n|\n|t:|1699756151\n|-terastallize|p1a: Espeon|Ghost\n|move|p1a: Espeon|Trick|p2a: Iron Treads\n|-activate|p1a: Espeon|move: Trick|[of] p2a: Iron Treads\n|-item|p2a: Iron Treads|Choice Scarf|[from] move: Trick\n|-enditem|p1a: Espeon|Choice Scarf|[silent]|[from] move: Trick\n|move|p2a: Iron Treads|Rapid Spin|p1a: Espeon\n|-immune|p1a: Espeon\n|\n|upkeep\n|turn|3\n|\n|t:|1699756161\n|-end|p2a: Iron Treads|Quark Drive|[silent]\n|switch|p2a: Ninetales|Ninetales-Alola, F|100\/100\n|-damage|p2a: Ninetales|76\/100|[from] Stealth Rock\n|-weather|Snow|[from] ability: Snow Warning|[of] p2a: Ninetales\n|move|p1a: Espeon|Psychic|p2a: Ninetales\n|-damage|p2a: Ninetales|27\/100\n|\n|-weather|Snow|[upkeep]\n|upkeep\n|turn|4\n|\n|t:|1699756165\n|move|p1a: Espeon|Psychic|p2a: Ninetales\n|-damage|p2a: Ninetales|0 fnt\n|faint|p2a: Ninetales\n|\n|-weather|Snow|[upkeep]\n|upkeep\n|\n|t:|1699756170\n|switch|p2a: Jirachi|Jirachi, shiny|100\/100\n|-damage|p2a: Jirachi|94\/100|[from] Stealth Rock\n|turn|5\n|inactive|Battle timer is ON: inactive players will automatically lose when time's up. (requested by ND9T2 tutiop)\n|\n|t:|1699756193\n|switch|p1a: Snorlax|Snorlax, M|100\/100\n|-zpower|p2a: Jirachi\n|move|p2a: Jirachi|Z-Happy Hour|p2a: Jirachi|[anim]Happy Hour\n|-boost|p2a: Jirachi|atk|1|[zeffect]\n|-boost|p2a: Jirachi|def|1|[zeffect]\n|-boost|p2a: Jirachi|spa|1|[zeffect]\n|-boost|p2a: Jirachi|spd|1|[zeffect]\n|-boost|p2a: Jirachi|spe|1|[zeffect]\n|\n|-weather|Snow|[upkeep]\n|upkeep\n|turn|6\n|\n|t:|1699756195\n|move|p2a: Jirachi|Charge Beam|p1a: Snorlax\n|-damage|p1a: Snorlax|88\/100\n|-boost|p2a: Jirachi|spa|1\n|move|p1a: Snorlax|Heat Crash|p2a: Jirachi\n|-supereffective|p2a: Jirachi\n|-damage|p2a: Jirachi|10\/100\n|\n|-weather|Snow|[upkeep]\n|upkeep\n|turn|7\n|\n|t:|1699756200\n|move|p2a: Jirachi|Stored Power|p1a: Snorlax\n|-damage|p1a: Snorlax|15\/100\n|move|p1a: Snorlax|Heat Crash|p2a: Jirachi\n|-supereffective|p2a: Jirachi\n|-damage|p2a: Jirachi|0 fnt\n|faint|p2a: Jirachi\n|\n|-weather|none\n|upkeep\n|\n|t:|1699756208\n|switch|p2a: TA13OO|Ogerpon-Wellspring, F|100\/100\n|-damage|p2a: TA13OO|88\/100|[from] Stealth Rock\n|turn|8\n|\n|t:|1699756214\n|move|p2a: TA13OO|Knock Off|p1a: Snorlax\n|-damage|p1a: Snorlax|0 fnt\n|-enditem|p1a: Snorlax|Choice Band|[from] move: Knock Off|[of] p2a: TA13OO\n|faint|p1a: Snorlax\n|\n|upkeep\n|\n|t:|1699756223\n|switch|p1a: Charizard|Charizard, M|100\/100\n|turn|9\n|\n|t:|1699756239\n|detailschange|p1a: Charizard|Charizard-Mega-Y, M\n|-mega|p1a: Charizard|Charizard|Charizardite Y\n|-weather|SunnyDay|[from] ability: Drought|[of] p1a: Charizard\n|move|p2a: TA13OO|Swords Dance|p2a: TA13OO\n|-boost|p2a: TA13OO|atk|2\n|move|p1a: Charizard|Air Slash|p2a: TA13OO\n|-supereffective|p2a: TA13OO\n|-damage|p2a: TA13OO|0 fnt\n|faint|p2a: TA13OO\n|\n|-weather|SunnyDay|[upkeep]\n|upkeep\n|\n|t:|1699756249\n|switch|p2a: Iron Treads|Iron Treads|100\/100\n|-damage|p2a: Iron Treads|97\/100|[from] Stealth Rock\n|turn|10\n|\n|t:|1699756252\n|switch|p1a: Espeon|Espeon, F, tera:Ghost|100\/100\n|move|p2a: Iron Treads|Rapid Spin|p1a: Espeon\n|-immune|p1a: Espeon\n|\n|-weather|SunnyDay|[upkeep]\n|upkeep\n|turn|11\n|\n|t:|1699756254\n|move|p2a: Iron Treads|Rapid Spin|p1a: Espeon\n|-immune|p1a: Espeon\n|move|p1a: Espeon|Weather Ball|p2a: Iron Treads\n|-supereffective|p2a: Iron Treads\n|-damage|p2a: Iron Treads|0 fnt\n|faint|p2a: Iron Treads\n|-end|p2a: Iron Treads|Quark Drive|[silent]\n|\n|-weather|SunnyDay|[upkeep]\n|upkeep\n|c|\u2606ND9T2 tutiop|gg\n|c|\u2606Red Vs Showdown|...\n|-message|ND9T2 tutiop forfeited.\n|\n|win|Red Vs Showdown\n|raw|Red Vs Showdown's rating: 1829 &rarr; <strong>1845<\/strong><br \/>(+16 for winning)\n|raw|ND9T2 tutiop's rating: 1755 &rarr; <strong>1739<\/strong><br \/>(-16 for losing)\n|l|\u2606ND9T2 tutiop\n","uploadtime":1699756266,"views":8,"p1id":"redvsshowdown","p2id":"nd9t2tutiop","formatid":"gen9nationaldex","rating":1739,"private":0,"password":""}