{"id":"gen9nationaldex-1990824155","p1":"RashestPlains","p2":"SninemaSnins","format":"[Gen 9] National Dex","log":"|j|\u2606RashestPlains\n|j|\u2606SninemaSnins\n|t:|1700004587\n|gametype|singles\n|player|p1|RashestPlains|smasher|1278\n|player|p2|SninemaSnins|workerice|1249\n|teamsize|p1|6\n|teamsize|p2|6\n|gen|9\n|tier|[Gen 9] National Dex\n|rated|\n|rule|HP Percentage Mod: HP is shown in percentages\n|rule|Endless Battle Clause: Forcing endless battles is banned\n|rule|OHKO Clause: OHKO moves are banned\n|rule|Evasion Clause: Evasion abilities, items, and moves are banned\n|rule|Evasion Abilities Clause: Evasion abilities are banned\n|rule|Evasion Items Clause: Evasion items are banned\n|rule|Evasion Moves Clause: Evasion moves are banned\n|rule|Species Clause: Limit one of each Pok\u00e9mon\n|rule|Sleep Clause Mod: Limit one foe put to sleep\n|clearpoke\n|poke|p1|Torkoal, F|\n|poke|p1|Charizard, M|\n|poke|p1|Iron Moth|\n|poke|p1|Infernape, M|\n|poke|p1|Venusaur, M|\n|poke|p1|Xatu, F|\n|poke|p2|Ninetales-Alola, F|\n|poke|p2|Cetitan, M|\n|poke|p2|Frosmoth, F|\n|poke|p2|Sandslash-Alola, M|\n|poke|p2|Piloswine, M|\n|poke|p2|Cloyster, M|\n|teampreview\n|inactive|Battle timer is ON: inactive players will automatically lose when time's up. (requested by RashestPlains)\n|\n|t:|1700004612\n|start\n|switch|p1a: Infernape|Infernape, M|100\/100\n|switch|p2a: Snow big deal|Piloswine, M|100\/100\n|turn|1\n|\n|t:|1700004623\n|move|p1a: Infernape|Flare Blitz|p2a: Snow big deal\n|-supereffective|p2a: Snow big deal\n|-damage|p2a: Snow big deal|64\/100\n|-damage|p1a: Infernape|84\/100|[from] Recoil\n|move|p2a: Snow big deal|Toxic|p1a: Infernape\n|-status|p1a: Infernape|tox\n|\n|-damage|p1a: Infernape|78\/100 tox|[from] psn\n|upkeep\n|turn|2\n|\n|t:|1700004633\n|switch|p1a: Xatu|Xatu, F|100\/100\n|switch|p2a: Have an ice day|Ninetales-Alola, F|100\/100\n|-weather|Snow|[from] ability: Snow Warning|[of] p2a: Have an ice day\n|\n|-weather|Snow|[upkeep]\n|upkeep\n|turn|3\n|\n|t:|1700004656\n|switch|p1a: Torkoal|Torkoal, F|100\/100\n|-weather|SunnyDay|[from] ability: Drought|[of] p1a: Torkoal\n|move|p2a: Have an ice day|Aurora Veil||[still]\n|-fail|p2a: Have an ice day\n|\n|-weather|SunnyDay|[upkeep]\n|upkeep\n|turn|4\n|\n|t:|1700004669\n|switch|p2a: Chill out bro|Sandslash-Alola, M|100\/100\n|move|p1a: Torkoal|Stealth Rock|p2a: Chill out bro\n|-sidestart|p2: SninemaSnins|move: Stealth Rock\n|\n|-weather|SunnyDay|[upkeep]\n|upkeep\n|turn|5\n|l|\u2606RashestPlains\n|inactive|RashestPlains disconnected and has a minute to reconnect!\n|player|p1|\n|inactive|RashestPlains has 30 seconds to reconnect!\n|inactive|RashestPlains has 20 seconds to reconnect!\n|j|\u2606RashestPlains\n|inactive|RashestPlains reconnected and has 105 seconds left.\n|player|p1|RashestPlains|smasher\n|\n|t:|1700004716\n|move|p2a: Chill out bro|Rapid Spin|p1a: Torkoal\n|-damage|p1a: Torkoal|93\/100\n|-boost|p2a: Chill out bro|spe|1\n|-sideend|p2: SninemaSnins|Stealth Rock|[from] move: Rapid Spin|[of] p2a: Chill out bro\n|move|p1a: Torkoal|Will-O-Wisp|p2a: Chill out bro\n|-status|p2a: Chill out bro|brn\n|\n|-weather|SunnyDay|[upkeep]\n|-damage|p2a: Chill out bro|94\/100 brn|[from] brn\n|upkeep\n|turn|6\n|\n|t:|1700004731\n|move|p2a: Chill out bro|Knock Off|p1a: Torkoal\n|-damage|p1a: Torkoal|85\/100\n|-enditem|p1a: Torkoal|Heat Rock|[from] move: Knock Off|[of] p2a: Chill out bro\n|move|p1a: Torkoal|Stealth Rock|p2a: Chill out bro\n|-sidestart|p2: SninemaSnins|move: Stealth Rock\n|\n|-weather|SunnyDay|[upkeep]\n|-damage|p2a: Chill out bro|88\/100 brn|[from] brn\n|upkeep\n|turn|7\n|\n|t:|1700004746\n|move|p2a: Chill out bro|Rapid Spin|p1a: Torkoal\n|-damage|p1a: Torkoal|80\/100\n|-boost|p2a: Chill out bro|spe|1\n|-sideend|p2: SninemaSnins|Stealth Rock|[from] move: Rapid Spin|[of] p2a: Chill out bro\n|move|p1a: Torkoal|Lava Plume|p2a: Chill out bro\n|-supereffective|p2a: Chill out bro\n|-damage|p2a: Chill out bro|0 fnt\n|faint|p2a: Chill out bro\n|\n|-weather|SunnyDay|[upkeep]\n|upkeep\n|\n|t:|1700004755\n|switch|p2a: Have an ice day|Ninetales-Alola, F|100\/100\n|-weather|Snow|[from] ability: Snow Warning|[of] p2a: Have an ice day\n|turn|8\n|\n|t:|1700004773\n|switch|p1a: Infernape|Infernape, M|78\/100 tox\n|move|p2a: Have an ice day|Aurora Veil|p2a: Have an ice day\n|-sidestart|p2: SninemaSnins|move: Aurora Veil\n|\n|-weather|Snow|[upkeep]\n|-damage|p1a: Infernape|72\/100 tox|[from] psn\n|upkeep\n|turn|9\n|\n|t:|1700004779\n|switch|p2a: Don't be so cold|Cetitan, M|100\/100\n|move|p1a: Infernape|U-turn|p2a: Don't be so cold\n|-damage|p2a: Don't be so cold|93\/100\n|\n|t:|1700004785\n|switch|p1a: Torkoal|Torkoal, F|80\/100|[from] U-turn\n|-weather|SunnyDay|[from] ability: Drought|[of] p1a: Torkoal\n|\n|-weather|SunnyDay|[upkeep]\n|upkeep\n|turn|10\n|inactive|RashestPlains has 120 seconds left.\n|\n|t:|1700004801\n|move|p2a: Don't be so cold|Earthquake|p1a: Torkoal\n|-supereffective|p1a: Torkoal\n|-crit|p1a: Torkoal\n|-damage|p1a: Torkoal|21\/100\n|move|p1a: Torkoal|Will-O-Wisp|p2a: Don't be so cold\n|-status|p2a: Don't be so cold|brn\n|\n|-weather|SunnyDay|[upkeep]\n|-damage|p2a: Don't be so cold|87\/100 brn|[from] brn\n|upkeep\n|turn|11\n|\n|t:|1700004810\n|switch|p1a: Charizard|Charizard, M|100\/100\n|move|p2a: Don't be so cold|Belly Drum|p2a: Don't be so cold\n|-damage|p2a: Don't be so cold|37\/100 brn\n|-setboost|p2a: Don't be so cold|atk|6|[from] move: Belly Drum\n|\n|-weather|SunnyDay|[upkeep]\n|-damage|p1a: Charizard|88\/100|[from] ability: Solar Power|[of] p1a: Charizard\n|-damage|p2a: Don't be so cold|31\/100 brn|[from] brn\n|upkeep\n|turn|12\n|\n|t:|1700004821\n|move|p2a: Don't be so cold|Ice Shard|p1a: Charizard\n|-damage|p1a: Charizard|30\/100\n|move|p1a: Charizard|Weather Ball|p2a: Don't be so cold\n|-supereffective|p2a: Don't be so cold\n|-damage|p2a: Don't be so cold|0 fnt\n|faint|p2a: Don't be so cold\n|\n|-weather|SunnyDay|[upkeep]\n|-damage|p1a: Charizard|18\/100|[from] ability: Solar Power|[of] p1a: Charizard\n|-sideend|p2: SninemaSnins|move: Aurora Veil\n|upkeep\n|\n|t:|1700004834\n|switch|p2a: Snow big deal|Piloswine, M|64\/100\n|turn|13\n|\n|t:|1700004851\n|switch|p1a: Infernape|Infernape, M|72\/100 tox\n|move|p2a: Snow big deal|Stealth Rock|p1a: Infernape\n|-sidestart|p1: RashestPlains|move: Stealth Rock\n|\n|-weather|none\n|-damage|p1a: Infernape|66\/100 tox|[from] psn\n|upkeep\n|turn|14\n|\n|t:|1700004874\n|switch|p2a: Have an ice day|Ninetales-Alola, F|100\/100\n|-weather|Snow|[from] ability: Snow Warning|[of] p2a: Have an ice day\n|move|p1a: Infernape|U-turn|p2a: Have an ice day\n|-resisted|p2a: Have an ice day\n|-damage|p2a: Have an ice day|91\/100\n|\n|t:|1700004882\n|switch|p1a: Xatu|Xatu, F|100\/100|[from] U-turn\n|-damage|p1a: Xatu|76\/100|[from] Stealth Rock\n|\n|-weather|Snow|[upkeep]\n|upkeep\n|turn|15\n|inactive|RashestPlains has 120 seconds left.\n|\n|t:|1700004911\n|switch|p2a: Stay cool man|Cloyster, M|100\/100\n|move|p1a: Xatu|Trick|p2a: Stay cool man\n|-activate|p1a: Xatu|move: Trick|[of] p2a: Stay cool man\n|-item|p2a: Stay cool man|Choice Scarf|[from] move: Trick\n|-item|p1a: Xatu|White Herb|[from] move: Trick\n|\n|-weather|Snow|[upkeep]\n|upkeep\n|turn|16\n|inactive|RashestPlains has 120 seconds left.\n|l|\u2606RashestPlains\n|inactive|RashestPlains disconnected and has a minute to reconnect!\n|player|p1|\n|inactive|SninemaSnins has 120 seconds left.\n|inactive|RashestPlains has 30 seconds to reconnect!\n|j|\u2606RashestPlains\n|inactive|RashestPlains reconnected and has 80 seconds left.\n|player|p1|RashestPlains|smasher\n|\n|t:|1700004963\n|switch|p1a: Charizard|Charizard, M|18\/100\n|-damage|p1a: Charizard|0 fnt|[from] Stealth Rock\n|faint|p1a: Charizard\n|move|p2a: Stay cool man|Icicle Spear|p1: Charizard|[notarget]\n|-fail|p2a: Stay cool man\n|\n|-weather|Snow|[upkeep]\n|upkeep\n|\n|t:|1700004971\n|switch|p1a: Infernape|Infernape, M|66\/100 tox\n|-damage|p1a: Infernape|53\/100 tox|[from] Stealth Rock\n|turn|17\n|inactive|SninemaSnins has 120 seconds left.\n|\n|t:|1700004983\n|switch|p2a: Have an ice day|Ninetales-Alola, F|91\/100\n|move|p1a: Infernape|Close Combat|p2a: Have an ice day\n|-damage|p2a: Have an ice day|46\/100\n|-unboost|p1a: Infernape|def|1\n|-unboost|p1a: Infernape|spd|1\n|\n|-weather|Snow|[upkeep]\n|-damage|p1a: Infernape|47\/100 tox|[from] psn\n|upkeep\n|turn|18\n|\n|t:|1700004994\n|move|p1a: Infernape|Close Combat|p2a: Have an ice day\n|-damage|p2a: Have an ice day|3\/100\n|-unboost|p1a: Infernape|def|1\n|-unboost|p1a: Infernape|spd|1\n|move|p2a: Have an ice day|Aurora Veil|p2a: Have an ice day\n|-sidestart|p2: SninemaSnins|move: Aurora Veil\n|\n|-weather|Snow|[upkeep]\n|-damage|p1a: Infernape|35\/100 tox|[from] psn\n|upkeep\n|turn|19\n|inactive|SninemaSnins has 120 seconds left.\n|\n|t:|1700005022\n|switch|p2a: Stay cool man|Cloyster, M|100\/100\n|move|p1a: Infernape|Close Combat|p2a: Stay cool man\n|-supereffective|p2a: Stay cool man\n|-damage|p2a: Stay cool man|71\/100\n|-unboost|p1a: Infernape|def|1\n|-unboost|p1a: Infernape|spd|1\n|\n|-weather|Snow|[upkeep]\n|-damage|p1a: Infernape|17\/100 tox|[from] psn\n|upkeep\n|turn|20\n|\n|t:|1700005032\n|move|p1a: Infernape|Close Combat|p2a: Stay cool man\n|-supereffective|p2a: Stay cool man\n|-damage|p2a: Stay cool man|42\/100\n|-unboost|p1a: Infernape|def|1\n|-unboost|p1a: Infernape|spd|1\n|move|p2a: Stay cool man|Surf|p1a: Infernape\n|-supereffective|p1a: Infernape\n|-damage|p1a: Infernape|0 fnt\n|faint|p1a: Infernape\n|\n|-weather|Snow|[upkeep]\n|upkeep\n|\n|t:|1700005037\n|switch|p1a: Venusaur|Venusaur, M|100\/100\n|-damage|p1a: Venusaur|88\/100|[from] Stealth Rock\n|turn|21\n|inactive|SninemaSnins has 120 seconds left.\n|\n|t:|1700005052\n|move|p2a: Stay cool man|Surf|p1a: Venusaur\n|-resisted|p1a: Venusaur\n|-damage|p1a: Venusaur|67\/100\n|move|p1a: Venusaur|Giga Drain|p2a: Stay cool man\n|-supereffective|p2a: Stay cool man\n|-damage|p2a: Stay cool man|0 fnt\n|-heal|p1a: Venusaur|84\/100|[from] drain|[of] p2a: Stay cool man\n|faint|p2a: Stay cool man\n|-damage|p1a: Venusaur|74\/100|[from] item: Life Orb\n|\n|-weather|none\n|upkeep\n|\n|t:|1700005062\n|switch|p2a: Have an ice day|Ninetales-Alola, F|3\/100\n|-weather|Snow|[from] ability: Snow Warning|[of] p2a: Have an ice day\n|turn|22\n|inactive|SninemaSnins has 120 seconds left.\n|\n|t:|1700005083\n|switch|p1a: Torkoal|Torkoal, F|21\/100\n|-damage|p1a: Torkoal|0 fnt|[from] Stealth Rock\n|faint|p1a: Torkoal\n|move|p2a: Have an ice day|Freeze-Dry|p1: Torkoal|[notarget]\n|-fail|p2a: Have an ice day\n|\n|-weather|Snow|[upkeep]\n|-sideend|p2: SninemaSnins|move: Aurora Veil\n|upkeep\n|\n|t:|1700005094\n|switch|p1a: Iron Moth|Iron Moth|100\/100\n|-damage|p1a: Iron Moth|76\/100|[from] Stealth Rock\n|turn|23\n|\n|t:|1700005103\n|move|p1a: Iron Moth|Sludge Wave|p2a: Have an ice day\n|-supereffective|p2a: Have an ice day\n|-damage|p2a: Have an ice day|0 fnt\n|faint|p2a: Have an ice day\n|-damage|p1a: Iron Moth|66\/100|[from] item: Life Orb\n|\n|-weather|Snow|[upkeep]\n|upkeep\n|\n|t:|1700005110\n|switch|p2a: Snow big deal|Piloswine, M|64\/100\n|turn|24\n|\n|t:|1700005124\n|move|p1a: Iron Moth|Fire Blast|p2a: Snow big deal\n|-supereffective|p2a: Snow big deal\n|-damage|p2a: Snow big deal|18\/100\n|-status|p2a: Snow big deal|brn\n|-damage|p1a: Iron Moth|56\/100|[from] item: Life Orb\n|move|p2a: Snow big deal|Earthquake|p1a: Iron Moth\n|-supereffective|p1a: Iron Moth\n|-damage|p1a: Iron Moth|0 fnt\n|faint|p1a: Iron Moth\n|-end|p1a: Iron Moth|Quark Drive|[silent]\n|\n|-weather|Snow|[upkeep]\n|-damage|p2a: Snow big deal|11\/100 brn|[from] brn\n|upkeep\n|\n|t:|1700005135\n|switch|p1a: Venusaur|Venusaur, M|74\/100\n|-damage|p1a: Venusaur|62\/100|[from] Stealth Rock\n|turn|25\n|\n|t:|1700005143\n|move|p1a: Venusaur|Giga Drain|p2a: Snow big deal\n|-supereffective|p2a: Snow big deal\n|-damage|p2a: Snow big deal|0 fnt\n|-heal|p1a: Venusaur|69\/100|[from] drain|[of] p2a: Snow big deal\n|faint|p2a: Snow big deal\n|-damage|p1a: Venusaur|59\/100|[from] item: Life Orb\n|\n|-weather|Snow|[upkeep]\n|upkeep\n|\n|t:|1700005153\n|switch|p2a: Why so frostrated?|Frosmoth, F|100\/100\n|turn|26\n|\n|t:|1700005165\n|move|p1a: Venusaur|Sludge Bomb|p2a: Why so frostrated?\n|-damage|p2a: Why so frostrated?|65\/100\n|-status|p2a: Why so frostrated?|psn\n|-damage|p1a: Venusaur|49\/100|[from] item: Life Orb\n|move|p2a: Why so frostrated?|Quiver Dance|p2a: Why so frostrated?\n|-boost|p2a: Why so frostrated?|spa|1\n|-boost|p2a: Why so frostrated?|spd|1\n|-boost|p2a: Why so frostrated?|spe|1\n|\n|-weather|Snow|[upkeep]\n|-damage|p2a: Why so frostrated?|53\/100 psn|[from] psn\n|upkeep\n|turn|27\n|\n|t:|1700005176\n|move|p2a: Why so frostrated?|Ice Beam|p1a: Venusaur\n|-supereffective|p1a: Venusaur\n|-damage|p1a: Venusaur|0 fnt\n|faint|p1a: Venusaur\n|\n|-weather|Snow|[upkeep]\n|-damage|p2a: Why so frostrated?|40\/100 psn|[from] psn\n|upkeep\n|\n|t:|1700005179\n|switch|p1a: Xatu|Xatu, F|76\/100\n|-damage|p1a: Xatu|51\/100|[from] Stealth Rock\n|turn|28\n|\n|t:|1700005185\n|-terastallize|p1a: Xatu|Psychic\n|move|p2a: Why so frostrated?|Ice Beam|p1a: Xatu\n|-damage|p1a: Xatu|0 fnt\n|faint|p1a: Xatu\n|\n|win|SninemaSnins\n|raw|RashestPlains's rating: 1278 &rarr; <strong>1251<\/strong><br \/>(-27 for losing)\n|raw|SninemaSnins's rating: 1249 &rarr; <strong>1276<\/strong><br \/>(+27 for winning)\n|l|\u2606RashestPlains\n","uploadtime":1700005198,"views":7,"p1id":"rashestplains","p2id":"sninemasnins","formatid":"gen9nationaldex","rating":1251,"private":0,"password":""}