{"id":"gen9nationaldex-1988216031","p1":"JoyBoy37","p2":"Dr Allen Hu","format":"[Gen 9] National Dex","log":"|j|\u2606JoyBoy37\n|j|\u2606Dr Allen Hu\n|t:|1699687075\n|gametype|singles\n|player|p1|JoyBoy37|red|1090\n|player|p2|Dr Allen Hu|102|1036\n|teamsize|p1|6\n|teamsize|p2|6\n|gen|9\n|tier|[Gen 9] National Dex\n|rated|\n|rule|HP Percentage Mod: HP is shown in percentages\n|rule|Endless Battle Clause: Forcing endless battles is banned\n|rule|OHKO Clause: OHKO moves are banned\n|rule|Evasion Clause: Evasion abilities, items, and moves are banned\n|rule|Evasion Abilities Clause: Evasion abilities are banned\n|rule|Evasion Items Clause: Evasion items are banned\n|rule|Evasion Moves Clause: Evasion moves are banned\n|rule|Species Clause: Limit one of each Pok\u00e9mon\n|rule|Sleep Clause Mod: Limit one foe put to sleep\n|clearpoke\n|poke|p1|Typhlosion-Hisui, F|\n|poke|p1|Emolga, F|\n|poke|p1|Aggron, F|\n|poke|p1|Rapidash, F|\n|poke|p1|Lycanroc-Midnight, M|\n|poke|p1|Breloom, M|\n|poke|p2|Umbreon, F|\n|poke|p2|Ferrothorn, F|\n|poke|p2|Toxapex, M|\n|poke|p2|Alomomola, F|\n|poke|p2|Blissey, F|\n|poke|p2|Grimmsnarl, M|\n|teampreview\n|inactive|Battle timer is ON: inactive players will automatically lose when time's up. (requested by Dr Allen Hu)\n|\n|t:|1699687088\n|start\n|switch|p1a: Aggren|Aggron, F|100\/100\n|switch|p2a: Grimmsnarl|Grimmsnarl, M|100\/100\n|turn|1\n|\n|t:|1699687101\n|move|p2a: Grimmsnarl|Reflect|p2a: Grimmsnarl\n|-sidestart|p2: Dr Allen Hu|Reflect\n|move|p1a: Aggren|Stealth Rock|p2a: Grimmsnarl\n|-sidestart|p2: Dr Allen Hu|move: Stealth Rock\n|\n|upkeep\n|turn|2\n|\n|t:|1699687110\n|move|p2a: Grimmsnarl|Light Screen|p2a: Grimmsnarl\n|-sidestart|p2: Dr Allen Hu|move: Light Screen\n|move|p1a: Aggren|Head Smash|p2a: Grimmsnarl\n|-damage|p2a: Grimmsnarl|66\/100\n|\n|upkeep\n|turn|3\n|\n|t:|1699687115\n|move|p2a: Grimmsnarl|Parting Shot|p1a: Aggren\n|-unboost|p1a: Aggren|atk|1\n|-unboost|p1a: Aggren|spa|1\n|\n|t:|1699687117\n|switch|p2a: Ferrothorn|Ferrothorn, F|100\/100|[from] Parting Shot\n|-damage|p2a: Ferrothorn|95\/100|[from] Stealth Rock\n|move|p1a: Aggren|Earthquake|p2a: Ferrothorn\n|-damage|p2a: Ferrothorn|90\/100\n|\n|-heal|p2a: Ferrothorn|96\/100|[from] item: Leftovers\n|upkeep\n|turn|4\n|\n|t:|1699687129\n|detailschange|p1a: Aggren|Aggron-Mega, F\n|-mega|p1a: Aggren|Aggron|Aggronite\n|move|p1a: Aggren|Ice Punch|p2a: Ferrothorn\n|-damage|p2a: Ferrothorn|91\/100\n|-damage|p1a: Aggren|88\/100|[from] ability: Iron Barbs|[of] p2a: Ferrothorn\n|move|p2a: Ferrothorn|Leech Seed|p1a: Aggren\n|-start|p1a: Aggren|move: Leech Seed\n|\n|-heal|p2a: Ferrothorn|97\/100|[from] item: Leftovers\n|-damage|p1a: Aggren|75\/100|[from] Leech Seed|[of] p2a: Ferrothorn\n|-heal|p2a: Ferrothorn|100\/100|[silent]\n|upkeep\n|turn|5\n|inactive|Dr Allen Hu has 120 seconds left.\n|\n|t:|1699687171\n|switch|p1a: Vixen|Rapidash, F|100\/100\n|move|p2a: Ferrothorn|Stealth Rock|p1a: Vixen\n|-sidestart|p1: JoyBoy37|move: Stealth Rock\n|\n|upkeep\n|turn|6\n|\n|t:|1699687178\n|-terastallize|p2a: Ferrothorn|Water\n|move|p1a: Vixen|Swords Dance|p1a: Vixen\n|-boost|p1a: Vixen|atk|2\n|move|p2a: Ferrothorn|Leech Seed|p1a: Vixen\n|-start|p1a: Vixen|move: Leech Seed\n|\n|-damage|p1a: Vixen|88\/100|[from] Leech Seed|[of] p2a: Ferrothorn\n|upkeep\n|turn|7\n|\n|t:|1699687189\n|move|p1a: Vixen|Megahorn|p2a: Ferrothorn\n|-damage|p2a: Ferrothorn|79\/100\n|-damage|p1a: Vixen|76\/100|[from] ability: Iron Barbs|[of] p2a: Ferrothorn\n|move|p2a: Ferrothorn|Toxic|p1a: Vixen|[miss]\n|-miss|p2a: Ferrothorn|p1a: Vixen\n|\n|-heal|p2a: Ferrothorn|85\/100|[from] item: Leftovers\n|-damage|p1a: Vixen|64\/100|[from] Leech Seed|[of] p2a: Ferrothorn\n|-heal|p2a: Ferrothorn|95\/100|[silent]\n|upkeep\n|turn|8\n|\n|t:|1699687208\n|switch|p1a: Cherry|Emolga, F, shiny|100\/100\n|-damage|p1a: Cherry|76\/100|[from] Stealth Rock\n|move|p2a: Ferrothorn|Toxic|p1a: Cherry\n|-status|p1a: Cherry|tox\n|\n|-heal|p2a: Ferrothorn|100\/100|[from] item: Leftovers\n|-damage|p1a: Cherry|70\/100 tox|[from] psn\n|-sideend|p2: Dr Allen Hu|Reflect\n|upkeep\n|turn|9\n|\n|t:|1699687235\n|switch|p2a: Blissey|Blissey, F|100\/100\n|-damage|p2a: Blissey|88\/100|[from] Stealth Rock\n|move|p1a: Cherry|Wild Charge|p2a: Blissey\n|-damage|p2a: Blissey|26\/100\n|-damage|p1a: Cherry|26\/100 tox|[from] Recoil\n|\n|-heal|p2a: Blissey|32\/100|[from] item: Leftovers\n|-damage|p1a: Cherry|14\/100 tox|[from] psn\n|-sideend|p2: Dr Allen Hu|move: Light Screen\n|upkeep\n|turn|10\n|inactive|JoyBoy37 has 120 seconds left.\n|\n|t:|1699687253\n|switch|p2a: Ferrothorn|Ferrothorn, F, tera:Water|100\/100\n|-damage|p2a: Ferrothorn|88\/100|[from] Stealth Rock\n|move|p1a: Cherry|Knock Off|p2a: Ferrothorn\n|-damage|p2a: Ferrothorn|75\/100\n|-damage|p1a: Cherry|1\/100 tox|[from] ability: Iron Barbs|[of] p2a: Ferrothorn\n|-enditem|p2a: Ferrothorn|Leftovers|[from] move: Knock Off|[of] p1a: Cherry\n|\n|-damage|p1a: Cherry|0 fnt|[from] psn\n|faint|p1a: Cherry\n|upkeep\n|inactive|JoyBoy37 has 120 seconds left.\n|\n|t:|1699687267\n|switch|p1a: Logan|Breloom, M|100\/100\n|-damage|p1a: Logan|94\/100|[from] Stealth Rock\n|turn|11\n|inactive|JoyBoy37 has 120 seconds left.\n|inactive|Dr Allen Hu has 120 seconds left.\n|\n|t:|1699687287\n|switch|p2a: Toxapex|Toxapex, M|100\/100\n|-damage|p2a: Toxapex|88\/100|[from] Stealth Rock\n|move|p1a: Logan|Growth|p1a: Logan\n|-boost|p1a: Logan|atk|1\n|-boost|p1a: Logan|spa|1\n|\n|-heal|p2a: Toxapex|94\/100|[from] item: Leftovers\n|upkeep\n|turn|12\n|inactive|JoyBoy37 has 120 seconds left.\n|\n|t:|1699687301\n|move|p1a: Logan|Growth|p1a: Logan\n|-boost|p1a: Logan|atk|1\n|-boost|p1a: Logan|spa|1\n|move|p2a: Toxapex|Toxic|p1a: Logan\n|-status|p1a: Logan|tox\n|\n|-heal|p2a: Toxapex|99\/100|[from] item: Leftovers\n|-damage|p1a: Logan|88\/100 tox|[from] psn\n|upkeep\n|turn|13\n|\n|t:|1699687310\n|move|p1a: Logan|Mach Punch|p2a: Toxapex\n|-resisted|p2a: Toxapex\n|-damage|p2a: Toxapex|87\/100\n|move|p2a: Toxapex|Swagger|p1a: Logan\n|-boost|p1a: Logan|atk|2\n|-start|p1a: Logan|confusion\n|\n|-heal|p2a: Toxapex|93\/100|[from] item: Leftovers\n|-damage|p1a: Logan|76\/100 tox|[from] psn\n|upkeep\n|turn|14\n|\n|t:|1699687319\n|move|p2a: Toxapex|Baneful Bunker|p2a: Toxapex\n|-singleturn|p2a: Toxapex|move: Protect\n|-activate|p1a: Logan|confusion\n|-damage|p1a: Logan|24\/100 tox|[from] confusion\n|-enditem|p1a: Logan|Liechi Berry|[eat]\n|-boost|p1a: Logan|atk|1|[from] item: Liechi Berry\n|\n|-heal|p2a: Toxapex|99\/100|[from] item: Leftovers\n|-damage|p1a: Logan|6\/100 tox|[from] psn\n|upkeep\n|turn|15\n|\n|t:|1699687334\n|-terastallize|p1a: Logan|Grass\n|move|p2a: Toxapex|Baneful Bunker||[still]\n|-fail|p2a: Toxapex\n|-end|p1a: Logan|confusion\n|move|p1a: Logan|Seed Bomb|p2a: Toxapex\n|-damage|p2a: Toxapex|0 fnt\n|faint|p2a: Toxapex\n|\n|-damage|p1a: Logan|0 fnt|[from] psn\n|faint|p1a: Logan\n|upkeep\n|\n|t:|1699687351\n|switch|p1a: Aggren|Aggron-Mega, F|75\/100\n|switch|p2a: Grimmsnarl|Grimmsnarl, M|66\/100\n|-damage|p2a: Grimmsnarl|54\/100|[from] Stealth Rock\n|-damage|p1a: Aggren|69\/100|[from] Stealth Rock\n|turn|16\n|\n|t:|1699687361\n|move|p2a: Grimmsnarl|Taunt|p1a: Aggren\n|-start|p1a: Aggren|move: Taunt\n|move|p1a: Aggren|Head Smash|p2a: Grimmsnarl\n|-damage|p2a: Grimmsnarl|1\/100\n|-damage|p1a: Aggren|39\/100|[from] Recoil\n|\n|upkeep\n|turn|17\n|\n|t:|1699687377\n|move|p2a: Grimmsnarl|Parting Shot|p1a: Aggren\n|-unboost|p1a: Aggren|atk|1\n|-unboost|p1a: Aggren|spa|1\n|\n|t:|1699687380\n|switch|p2a: Ferrothorn|Ferrothorn, F, tera:Water|75\/100|[from] Parting Shot\n|-damage|p2a: Ferrothorn|63\/100|[from] Stealth Rock\n|move|p1a: Aggren|Ice Punch|p2a: Ferrothorn\n|-resisted|p2a: Ferrothorn\n|-damage|p2a: Ferrothorn|59\/100\n|-damage|p1a: Aggren|27\/100|[from] ability: Iron Barbs|[of] p2a: Ferrothorn\n|\n|upkeep\n|turn|18\n|\n|t:|1699687391\n|move|p1a: Aggren|Earthquake|p2a: Ferrothorn\n|-damage|p2a: Ferrothorn|46\/100\n|move|p2a: Ferrothorn|Leech Seed|p1a: Aggren\n|-start|p1a: Aggren|move: Leech Seed\n|\n|-damage|p1a: Aggren|14\/100|[from] Leech Seed|[of] p2a: Ferrothorn\n|-heal|p2a: Ferrothorn|58\/100|[silent]\n|-end|p1a: Aggren|move: Taunt\n|upkeep\n|turn|19\n|\n|t:|1699687403\n|move|p1a: Aggren|Ice Punch|p2a: Ferrothorn\n|-resisted|p2a: Ferrothorn\n|-crit|p2a: Ferrothorn\n|-damage|p2a: Ferrothorn|49\/100\n|-status|p2a: Ferrothorn|frz\n|-damage|p1a: Aggren|2\/100|[from] ability: Iron Barbs|[of] p2a: Ferrothorn\n|cant|p2a: Ferrothorn|frz\n|\n|-damage|p1a: Aggren|0 fnt|[from] Leech Seed|[of] p2a: Ferrothorn\n|-heal|p2a: Ferrothorn|50\/100 frz|[silent]\n|faint|p1a: Aggren\n|upkeep\n|inactive|JoyBoy37 has 120 seconds left.\n|\n|t:|1699687423\n|switch|p1a: Yakina|Typhlosion-Hisui, F|100\/100\n|-damage|p1a: Yakina|76\/100|[from] Stealth Rock\n|turn|20\n|\n|t:|1699687431\n|switch|p2a: Alomomola|Alomomola, F|100\/100\n|-damage|p2a: Alomomola|88\/100|[from] Stealth Rock\n|move|p1a: Yakina|Solar Beam||[still]\n|-prepare|p1a: Yakina|Solar Beam\n|-enditem|p1a: Yakina|Power Herb\n|-anim|p1a: Yakina|Solar Beam|p2a: Alomomola\n|-supereffective|p2a: Alomomola\n|-damage|p2a: Alomomola|0 fnt\n|faint|p2a: Alomomola\n|\n|upkeep\n|\n|t:|1699687434\n|switch|p2a: Umbreon|Umbreon, F, shiny|100\/100\n|-damage|p2a: Umbreon|88\/100|[from] Stealth Rock\n|turn|21\n|inactive|JoyBoy37 has 120 seconds left.\n|\n|t:|1699687455\n|switch|p1a: Vixen|Rapidash, F|64\/100\n|-damage|p1a: Vixen|39\/100|[from] Stealth Rock\n|-enditem|p1a: Vixen|Sitrus Berry|[eat]\n|-heal|p1a: Vixen|64\/100|[from] item: Sitrus Berry\n|move|p2a: Umbreon|Calm Mind|p2a: Umbreon\n|-boost|p2a: Umbreon|spa|1\n|-boost|p2a: Umbreon|spd|1\n|\n|-heal|p2a: Umbreon|94\/100|[from] item: Leftovers\n|upkeep\n|turn|22\n|inactive|JoyBoy37 has 120 seconds left.\n|\n|t:|1699687466\n|move|p1a: Vixen|Megahorn|p2a: Umbreon|[miss]\n|-miss|p1a: Vixen|p2a: Umbreon\n|move|p2a: Umbreon|Calm Mind|p2a: Umbreon\n|-boost|p2a: Umbreon|spa|1\n|-boost|p2a: Umbreon|spd|1\n|\n|-heal|p2a: Umbreon|99\/100|[from] item: Leftovers\n|upkeep\n|turn|23\n|\n|t:|1699687481\n|move|p1a: Vixen|Megahorn|p2a: Umbreon\n|-supereffective|p2a: Umbreon\n|-damage|p2a: Umbreon|52\/100\n|move|p2a: Umbreon|Stored Power|p1a: Vixen\n|-damage|p1a: Vixen|10\/100\n|\n|-heal|p2a: Umbreon|58\/100|[from] item: Leftovers\n|upkeep\n|turn|24\n|\n|t:|1699687491\n|move|p1a: Vixen|Megahorn|p2a: Umbreon\n|-supereffective|p2a: Umbreon\n|-damage|p2a: Umbreon|14\/100\n|move|p2a: Umbreon|Moonlight|p2a: Umbreon\n|-heal|p2a: Umbreon|64\/100\n|\n|-heal|p2a: Umbreon|70\/100|[from] item: Leftovers\n|upkeep\n|turn|25\n|\n|t:|1699687499\n|move|p1a: Vixen|Megahorn|p2a: Umbreon|[miss]\n|-miss|p1a: Vixen|p2a: Umbreon\n|move|p2a: Umbreon|Moonlight|p2a: Umbreon\n|-heal|p2a: Umbreon|100\/100\n|\n|upkeep\n|turn|26\n|\n|t:|1699687511\n|move|p1a: Vixen|Morning Sun|p1a: Vixen\n|-heal|p1a: Vixen|60\/100\n|move|p2a: Umbreon|Stored Power|p1a: Vixen\n|-damage|p1a: Vixen|0 fnt\n|faint|p1a: Vixen\n|\n|upkeep\n|\n|t:|1699687522\n|switch|p1a: Carmin\u00e9|Lycanroc-Midnight, M|100\/100\n|-damage|p1a: Carmin\u00e9|88\/100|[from] Stealth Rock\n|turn|27\n|\n|t:|1699687536\n|move|p1a: Carmin\u00e9|Close Combat|p2a: Umbreon\n|-supereffective|p2a: Umbreon\n|-damage|p2a: Umbreon|47\/100\n|-unboost|p1a: Carmin\u00e9|def|1\n|-unboost|p1a: Carmin\u00e9|spd|1\n|move|p2a: Umbreon|Hidden Power|p1a: Carmin\u00e9\n|-supereffective|p1a: Carmin\u00e9\n|-damage|p1a: Carmin\u00e9|10\/100\n|\n|-heal|p2a: Umbreon|53\/100|[from] item: Leftovers\n|upkeep\n|turn|28\n|\n|t:|1699687551\n|switch|p2a: Ferrothorn|Ferrothorn, F, tera:Water|50\/100 frz\n|-damage|p2a: Ferrothorn|38\/100 frz|[from] Stealth Rock\n|-zpower|p1a: Carmin\u00e9\n|move|p1a: Carmin\u00e9|Splintered Stormshards|p2a: Ferrothorn|[zeffect]\n|-damage|p2a: Ferrothorn|0 fnt\n|faint|p2a: Ferrothorn\n|\n|upkeep\n|\n|t:|1699687559\n|switch|p2a: Grimmsnarl|Grimmsnarl, M|1\/100\n|-damage|p2a: Grimmsnarl|0 fnt|[from] Stealth Rock\n|faint|p2a: Grimmsnarl\n|inactive|Dr Allen Hu has 120 seconds left.\n|inactive|Dr Allen Hu has 90 seconds left.\n|-message|Dr Allen Hu forfeited.\n|\n|win|JoyBoy37\n|raw|JoyBoy37's rating: 1090 &rarr; <strong>1112<\/strong><br \/>(+22 for winning)\n|raw|Dr Allen Hu's rating: 1036 &rarr; <strong>1023<\/strong><br \/>(-13 for losing)\n|l|\u2606Dr Allen Hu\n","uploadtime":1699687645,"views":18,"p1id":"joyboy37","p2id":"drallenhu","formatid":"gen9nationaldex","rating":1023,"private":0,"password":""}