{"id":"gen9nationaldex-1991799155","p1":"Koolwraith","p2":"Genshin21","format":"[Gen 9] National Dex","log":"|j|\u2606Koolwraith\n|j|\u2606Genshin21\n|t:|1700119515\n|gametype|singles\n|player|p1|Koolwraith|karen|1207\n|player|p2|Genshin21|cheren-gen5bw2|1200\n|teamsize|p1|6\n|teamsize|p2|6\n|gen|9\n|tier|[Gen 9] National Dex\n|rated|\n|rule|HP Percentage Mod: HP is shown in percentages\n|rule|Endless Battle Clause: Forcing endless battles is banned\n|rule|OHKO Clause: OHKO moves are banned\n|rule|Evasion Clause: Evasion abilities, items, and moves are banned\n|rule|Evasion Abilities Clause: Evasion abilities are banned\n|rule|Evasion Items Clause: Evasion items are banned\n|rule|Evasion Moves Clause: Evasion moves are banned\n|rule|Species Clause: Limit one of each Pok\u00e9mon\n|rule|Sleep Clause Mod: Limit one foe put to sleep\n|clearpoke\n|poke|p1|Sableye, M|\n|poke|p1|Togekiss, M|\n|poke|p1|Blissey, F|\n|poke|p1|Lopunny, F|\n|poke|p1|Nosepass, L1, F|\n|poke|p1|Volcarona, M|\n|poke|p2|Excadrill, F|\n|poke|p2|Volcarona, M|\n|poke|p2|Galvantula, M|\n|poke|p2|Tyranitar, F|\n|poke|p2|Slowbro, F|\n|poke|p2|Ninetales-Alola, F|\n|teampreview\n|inactive|Battle timer is ON: inactive players will automatically lose when time's up. (requested by Genshin21)\n|\n|t:|1700119533\n|start\n|switch|p1a: Lopunny|Lopunny, F|100\/100\n|switch|p2a: Slowbro|Slowbro, F|100\/100\n|turn|1\n|\n|t:|1700119539\n|detailschange|p1a: Lopunny|Lopunny-Mega, F\n|-mega|p1a: Lopunny|Lopunny|Lopunnite\n|move|p1a: Lopunny|Fake Out|p2a: Slowbro\n|-damage|p2a: Slowbro|85\/100\n|-damage|p1a: Lopunny|84\/100|[from] item: Rocky Helmet|[of] p2a: Slowbro\n|cant|p2a: Slowbro|flinch\n|\n|upkeep\n|turn|2\n|\n|t:|1700119547\n|switch|p1a: Sableye|Sableye, M|100\/100\n|move|p2a: Slowbro|Toxic|p1a: Sableye|[miss]\n|-miss|p2a: Slowbro|p1a: Sableye\n|\n|upkeep\n|turn|3\n|\n|t:|1700119561\n|move|p1a: Sableye|Thunder Wave|p2a: Slowbro\n|-status|p2a: Slowbro|par\n|move|p2a: Slowbro|Teleport|p2a: Slowbro\n|\n|t:|1700119563\n|switch|p2a: Tyranitar|Tyranitar, F|100\/100|[from] Teleport\n|-weather|Sandstorm|[from] ability: Sand Stream|[of] p2a: Tyranitar\n|\n|-weather|Sandstorm|[upkeep]\n|-damage|p1a: Sableye|94\/100|[from] Sandstorm\n|-heal|p1a: Sableye|100\/100|[from] item: Leftovers\n|upkeep\n|turn|4\n|\n|t:|1700119573\n|switch|p1a: Blissey|Blissey, F|100\/100\n|move|p2a: Tyranitar|Stone Edge|p1a: Blissey\n|-damage|p1a: Blissey|55\/100\n|\n|-weather|Sandstorm|[upkeep]\n|-damage|p1a: Blissey|49\/100|[from] Sandstorm\n|-heal|p1a: Blissey|55\/100|[from] item: Leftovers\n|upkeep\n|turn|5\n|\n|t:|1700119584\n|switch|p2a: Excadrill|Excadrill, F|100\/100\n|-ability|p2a: Excadrill|Mold Breaker\n|move|p1a: Blissey|Thunder Wave|p2a: Excadrill\n|-immune|p2a: Excadrill\n|\n|-weather|Sandstorm|[upkeep]\n|-damage|p1a: Blissey|49\/100|[from] Sandstorm\n|-heal|p1a: Blissey|55\/100|[from] item: Leftovers\n|upkeep\n|turn|6\n|\n|t:|1700119594\n|move|p2a: Excadrill|Rock Slide|p1a: Blissey\n|-damage|p1a: Blissey|33\/100\n|move|p1a: Blissey|Soft-Boiled|p1a: Blissey\n|-heal|p1a: Blissey|83\/100\n|\n|-weather|Sandstorm|[upkeep]\n|-damage|p1a: Blissey|77\/100|[from] Sandstorm\n|-heal|p1a: Blissey|83\/100|[from] item: Leftovers\n|upkeep\n|turn|7\n|\n|t:|1700119614\n|move|p2a: Excadrill|Earthquake|p1a: Blissey\n|-crit|p1a: Blissey\n|-damage|p1a: Blissey|16\/100\n|move|p1a: Blissey|Seismic Toss|p2a: Excadrill\n|-damage|p2a: Excadrill|73\/100\n|\n|-weather|none\n|-heal|p1a: Blissey|22\/100|[from] item: Leftovers\n|upkeep\n|turn|8\n|\n|t:|1700119622\n|move|p2a: Excadrill|Earthquake|p1a: Blissey\n|-damage|p1a: Blissey|0 fnt\n|faint|p1a: Blissey\n|\n|upkeep\n|\n|t:|1700119630\n|switch|p1a: Lopunny|Lopunny-Mega, F|84\/100\n|turn|9\n|\n|t:|1700119636\n|switch|p2a: Slowbro|Slowbro, F|100\/100 par\n|move|p1a: Lopunny|Fake Out|p2a: Slowbro\n|-damage|p2a: Slowbro|82\/100 par\n|-damage|p1a: Lopunny|67\/100|[from] item: Rocky Helmet|[of] p2a: Slowbro\n|\n|upkeep\n|turn|10\n|\n|t:|1700119653\n|switch|p1a: Sableye|Sableye, M|100\/100\n|cant|p2a: Slowbro|par\n|\n|upkeep\n|turn|11\n|\n|t:|1700119662\n|switch|p1a: Nosepass|Nosepass, L1, F|100\/100\n|move|p2a: Slowbro|Teleport|p2a: Slowbro\n|\n|t:|1700119667\n|switch|p2a: Excadrill|Excadrill, F|73\/100|[from] Teleport\n|-ability|p2a: Excadrill|Mold Breaker\n|\n|upkeep\n|turn|12\n|\n|t:|1700119674\n|-terastallize|p1a: Nosepass|Steel\n|move|p1a: Nosepass|Protect|p1a: Nosepass\n|-singleturn|p1a: Nosepass|Protect\n|move|p2a: Excadrill|Earthquake|p1a: Nosepass\n|-activate|p1a: Nosepass|move: Protect\n|\n|upkeep\n|turn|13\n|\n|t:|1700119681\n|move|p2a: Excadrill|Earthquake|p1a: Nosepass\n|-supereffective|p1a: Nosepass\n|-damage|p1a: Nosepass|0 fnt\n|faint|p1a: Nosepass\n|\n|upkeep\n|\n|t:|1700119687\n|switch|p1a: Togekiss|Togekiss, M|100\/100\n|turn|14\n|\n|t:|1700119692\n|move|p2a: Excadrill|Rock Slide|p1a: Togekiss\n|-supereffective|p1a: Togekiss\n|-damage|p1a: Togekiss|48\/100\n|move|p1a: Togekiss|Air Slash|p2a: Excadrill\n|-resisted|p2a: Excadrill\n|-damage|p2a: Excadrill|46\/100\n|\n|-heal|p1a: Togekiss|54\/100|[from] item: Leftovers\n|upkeep\n|turn|15\n|\n|t:|1700119700\n|move|p2a: Excadrill|Rapid Spin|p1a: Togekiss\n|-damage|p1a: Togekiss|36\/100\n|-boost|p2a: Excadrill|spe|1\n|move|p1a: Togekiss|Roost|p1a: Togekiss\n|-heal|p1a: Togekiss|86\/100\n|-singleturn|p1a: Togekiss|move: Roost\n|\n|-heal|p1a: Togekiss|92\/100|[from] item: Leftovers\n|upkeep\n|turn|16\n|\n|t:|1700119711\n|move|p2a: Excadrill|Iron Head|p1a: Togekiss\n|-supereffective|p1a: Togekiss\n|-damage|p1a: Togekiss|8\/100\n|cant|p1a: Togekiss|flinch\n|\n|-heal|p1a: Togekiss|14\/100|[from] item: Leftovers\n|upkeep\n|turn|17\n|\n|t:|1700119720\n|move|p2a: Excadrill|Rock Slide|p1a: Togekiss\n|-supereffective|p1a: Togekiss\n|-damage|p1a: Togekiss|0 fnt\n|faint|p1a: Togekiss\n|\n|upkeep\n|\n|t:|1700119725\n|switch|p1a: Lopunny|Lopunny-Mega, F|67\/100\n|turn|18\n|\n|t:|1700119729\n|switch|p2a: Slowbro|Slowbro, F|100\/100 par\n|move|p1a: Lopunny|Close Combat|p2a: Slowbro\n|-resisted|p2a: Slowbro\n|-damage|p2a: Slowbro|73\/100 par\n|-unboost|p1a: Lopunny|def|1\n|-unboost|p1a: Lopunny|spd|1\n|-damage|p1a: Lopunny|51\/100|[from] item: Rocky Helmet|[of] p2a: Slowbro\n|\n|upkeep\n|turn|19\n|\n|t:|1700119739\n|move|p1a: Lopunny|Close Combat|p2a: Slowbro\n|-resisted|p2a: Slowbro\n|-damage|p2a: Slowbro|47\/100 par\n|-unboost|p1a: Lopunny|def|1\n|-unboost|p1a: Lopunny|spd|1\n|-damage|p1a: Lopunny|34\/100|[from] item: Rocky Helmet|[of] p2a: Slowbro\n|move|p2a: Slowbro|Teleport|p2a: Slowbro\n|\n|t:|1700119742\n|switch|p2a: Galvantula|Galvantula, M|100\/100|[from] Teleport\n|\n|upkeep\n|turn|20\n|\n|t:|1700119749\n|switch|p1a: Sableye|Sableye, M|100\/100\n|move|p2a: Galvantula|Sticky Web|p1a: Sableye\n|-sidestart|p1: Koolwraith|move: Sticky Web\n|\n|upkeep\n|turn|21\n|\n|t:|1700119755\n|switch|p2a: Tyranitar|Tyranitar, F|100\/100\n|-weather|Sandstorm|[from] ability: Sand Stream|[of] p2a: Tyranitar\n|move|p1a: Sableye|Encore|p2a: Tyranitar\n|-hint|Since gen 7, Dark is immune to Prankster moves.\n|-immune|p2a: Tyranitar\n|\n|-weather|Sandstorm|[upkeep]\n|-damage|p1a: Sableye|94\/100|[from] Sandstorm\n|-heal|p1a: Sableye|100\/100|[from] item: Leftovers\n|upkeep\n|turn|22\n|\n|t:|1700119769\n|move|p1a: Sableye|Toxic|p2a: Tyranitar\n|-hint|Since gen 7, Dark is immune to Prankster moves.\n|-immune|p2a: Tyranitar\n|move|p2a: Tyranitar|Stone Edge|p1a: Sableye\n|-damage|p1a: Sableye|22\/100\n|\n|-weather|Sandstorm|[upkeep]\n|-damage|p1a: Sableye|16\/100|[from] Sandstorm\n|-heal|p1a: Sableye|22\/100|[from] item: Leftovers\n|upkeep\n|turn|23\n|\n|t:|1700119777\n|move|p1a: Sableye|Toxic|p2a: Tyranitar\n|-hint|Since gen 7, Dark is immune to Prankster moves.\n|-immune|p2a: Tyranitar\n|move|p2a: Tyranitar|Stone Edge|p1a: Sableye\n|-crit|p1a: Sableye\n|-damage|p1a: Sableye|0 fnt\n|faint|p1a: Sableye\n|\n|-weather|Sandstorm|[upkeep]\n|upkeep\n|\n|t:|1700119784\n|switch|p1a: Lopunny|Lopunny-Mega, F|34\/100\n|-activate|p1a: Lopunny|move: Sticky Web\n|-unboost|p1a: Lopunny|spe|1\n|turn|24\n|\n|t:|1700119788\n|switch|p2a: Slowbro|Slowbro, F|80\/100 par\n|move|p1a: Lopunny|Close Combat|p2a: Slowbro\n|-resisted|p2a: Slowbro\n|-damage|p2a: Slowbro|53\/100 par\n|-unboost|p1a: Lopunny|def|1\n|-unboost|p1a: Lopunny|spd|1\n|-damage|p1a: Lopunny|17\/100|[from] item: Rocky Helmet|[of] p2a: Slowbro\n|\n|-weather|Sandstorm|[upkeep]\n|-damage|p1a: Lopunny|12\/100|[from] Sandstorm\n|-damage|p2a: Slowbro|47\/100 par|[from] Sandstorm\n|upkeep\n|turn|25\n|\n|t:|1700119801\n|switch|p1a: Volcarona|Volcarona, M|100\/100\n|cant|p2a: Slowbro|par\n|\n|-weather|none\n|upkeep\n|turn|26\n|\n|t:|1700119806\n|move|p1a: Volcarona|Quiver Dance|p1a: Volcarona\n|-boost|p1a: Volcarona|spa|1\n|-boost|p1a: Volcarona|spd|1\n|-boost|p1a: Volcarona|spe|1\n|cant|p2a: Slowbro|par\n|\n|upkeep\n|turn|27\n|\n|t:|1700119812\n|move|p1a: Volcarona|Quiver Dance|p1a: Volcarona\n|-boost|p1a: Volcarona|spa|1\n|-boost|p1a: Volcarona|spd|1\n|-boost|p1a: Volcarona|spe|1\n|move|p2a: Slowbro|Toxic|p1a: Volcarona\n|-status|p1a: Volcarona|tox\n|\n|-damage|p1a: Volcarona|94\/100 tox|[from] psn\n|upkeep\n|turn|28\n|\n|t:|1700119819\n|move|p1a: Volcarona|Giga Drain|p2a: Slowbro\n|-supereffective|p2a: Slowbro\n|-crit|p2a: Slowbro\n|-damage|p2a: Slowbro|0 fnt\n|-heal|p1a: Volcarona|100\/100 tox|[from] drain|[of] p2a: Slowbro\n|faint|p2a: Slowbro\n|\n|-damage|p1a: Volcarona|88\/100 tox|[from] psn\n|upkeep\n|\n|t:|1700119827\n|switch|p2a: Tyranitar|Tyranitar, F|100\/100\n|-weather|Sandstorm|[from] ability: Sand Stream|[of] p2a: Tyranitar\n|turn|29\n|\n|t:|1700119832\n|move|p1a: Volcarona|Giga Drain|p2a: Tyranitar\n|-supereffective|p2a: Tyranitar\n|-damage|p2a: Tyranitar|32\/100\n|-heal|p1a: Volcarona|100\/100 tox|[from] drain|[of] p2a: Tyranitar\n|move|p2a: Tyranitar|Stone Edge|p1a: Volcarona\n|-supereffective|p1a: Volcarona\n|-damage|p1a: Volcarona|0 fnt\n|faint|p1a: Volcarona\n|\n|-weather|Sandstorm|[upkeep]\n|upkeep\n|-message|Koolwraith forfeited.\n|\n|win|Genshin21\n|raw|Koolwraith's rating: 1207 &rarr; <strong>1181<\/strong><br \/>(-26 for losing)\n|raw|Genshin21's rating: 1200 &rarr; <strong>1226<\/strong><br \/>(+26 for winning)\n|l|\u2606Koolwraith\n","uploadtime":1700119890,"views":14,"p1id":"koolwraith","p2id":"genshin21","formatid":"gen9nationaldex","rating":1181,"private":0,"password":""}