{"id":"gen9nationaldex-1993728626","p1":"Mech The Cool Boy","p2":"CuriousStraightGuy","format":"[Gen 9] National Dex","log":"|j|\u2606Mech The Cool Boy\n|j|\u2606CuriousStraightGuy\n|t:|1700350260\n|gametype|singles\n|player|p1|Mech The Cool Boy|hilbert|1408\n|player|p2|CuriousStraightGuy|blue|1413\n|teamsize|p1|6\n|teamsize|p2|6\n|gen|9\n|tier|[Gen 9] National Dex\n|rated|\n|rule|HP Percentage Mod: HP is shown in percentages\n|rule|Endless Battle Clause: Forcing endless battles is banned\n|rule|OHKO Clause: OHKO moves are banned\n|rule|Evasion Clause: Evasion abilities, items, and moves are banned\n|rule|Evasion Abilities Clause: Evasion abilities are banned\n|rule|Evasion Items Clause: Evasion items are banned\n|rule|Evasion Moves Clause: Evasion moves are banned\n|rule|Species Clause: Limit one of each Pok\u00e9mon\n|rule|Sleep Clause Mod: Limit one foe put to sleep\n|clearpoke\n|poke|p1|Azumarill, F|\n|poke|p1|Oricorio-Pom-Pom, F|\n|poke|p1|Lilligant-Hisui, F|\n|poke|p1|Garchomp, M|\n|poke|p1|Cinderace, M|\n|poke|p1|Sneasler, M|\n|poke|p2|Tapu Lele|\n|poke|p2|Starmie|\n|poke|p2|Gliscor, M|\n|poke|p2|Aggron, F|\n|poke|p2|Blissey, F|\n|poke|p2|Iron Valiant|\n|teampreview\n|\n|t:|1700350278\n|start\n|switch|p1a: Garchomp|Garchomp, M|100\/100\n|switch|p2a: WHY!?|Aggron, F|100\/100\n|turn|1\n|\n|t:|1700350286\n|detailschange|p2a: WHY!?|Aggron-Mega, F\n|-mega|p2a: WHY!?|Aggron|Aggronite\n|move|p1a: Garchomp|Earthquake|p2a: WHY!?\n|-supereffective|p2a: WHY!?\n|-damage|p2a: WHY!?|72\/100\n|move|p2a: WHY!?|Stealth Rock|p1a: Garchomp\n|-sidestart|p1: Mech The Cool Boy|move: Stealth Rock\n|\n|upkeep\n|turn|2\n|\n|t:|1700350292\n|move|p1a: Garchomp|Stealth Rock|p2a: WHY!?\n|-sidestart|p2: CuriousStraightGuy|move: Stealth Rock\n|move|p2a: WHY!?|Ice Punch|p1a: Garchomp\n|-supereffective|p1a: Garchomp\n|-damage|p1a: Garchomp|27\/100\n|-damage|p2a: WHY!?|60\/100|[from] ability: Rough Skin|[of] p1a: Garchomp\n|-damage|p2a: WHY!?|43\/100|[from] item: Rocky Helmet|[of] p1a: Garchomp\n|\n|upkeep\n|turn|3\n|\n|t:|1700350303\n|switch|p2a: Cringe 2.0|Gliscor, M|100\/100\n|-damage|p2a: Cringe 2.0|88\/100|[from] Stealth Rock\n|move|p1a: Garchomp|Earthquake|p2a: Cringe 2.0\n|-immune|p2a: Cringe 2.0\n|\n|-status|p2a: Cringe 2.0|tox|[from] item: Toxic Orb\n|upkeep\n|turn|4\n|\n|t:|1700350310\n|move|p1a: Garchomp|Dragon Claw|p2a: Cringe 2.0\n|-damage|p2a: Cringe 2.0|59\/100 tox\n|move|p2a: Cringe 2.0|Toxic|p1a: Garchomp\n|-status|p1a: Garchomp|tox\n|\n|-damage|p1a: Garchomp|21\/100 tox|[from] psn\n|-heal|p2a: Cringe 2.0|72\/100 tox|[from] ability: Poison Heal\n|upkeep\n|turn|5\n|\n|t:|1700350337\n|move|p1a: Garchomp|Swords Dance|p1a: Garchomp\n|-boost|p1a: Garchomp|atk|2\n|move|p2a: Cringe 2.0|Roost|p2a: Cringe 2.0\n|-heal|p2a: Cringe 2.0|100\/100 tox\n|-singleturn|p2a: Cringe 2.0|move: Roost\n|\n|-damage|p1a: Garchomp|9\/100 tox|[from] psn\n|upkeep\n|turn|6\n|\n|t:|1700350349\n|switch|p2a: \"SwiftPoke\"|Tapu Lele|100\/100\n|-damage|p2a: \"SwiftPoke\"|88\/100|[from] Stealth Rock\n|-fieldstart|move: Psychic Terrain|[from] ability: Psychic Surge|[of] p2a: \"SwiftPoke\"\n|move|p1a: Garchomp|Dragon Claw|p2a: \"SwiftPoke\"\n|-immune|p2a: \"SwiftPoke\"\n|\n|-damage|p1a: Garchomp|0 fnt|[from] psn\n|faint|p1a: Garchomp\n|upkeep\n|inactive|Battle timer is ON: inactive players will automatically lose when time's up. (requested by CuriousStraightGuy)\n|\n|t:|1700350393\n|switch|p1a: Sneasler|Sneasler, M|100\/100\n|-damage|p1a: Sneasler|95\/100|[from] Stealth Rock\n|turn|7\n|\n|t:|1700350404\n|move|p2a: \"SwiftPoke\"|Psyshock|p1a: Sneasler\n|-supereffective|p1a: Sneasler\n|-damage|p1a: Sneasler|0 fnt\n|faint|p1a: Sneasler\n|\n|upkeep\n|\n|t:|1700350421\n|switch|p1a: Oricorio|Oricorio-Pom-Pom, F|100\/100\n|turn|8\n|inactive|CuriousStraightGuy has 120 seconds left.\n|\n|t:|1700350451\n|move|p2a: \"SwiftPoke\"|Psyshock|p1a: Oricorio\n|-damage|p1a: Oricorio|18\/100\n|move|p1a: Oricorio|Quiver Dance|p1a: Oricorio\n|-boost|p1a: Oricorio|spa|1\n|-boost|p1a: Oricorio|spd|1\n|-boost|p1a: Oricorio|spe|1\n|\n|upkeep\n|turn|9\n|\n|t:|1700350461\n|switch|p2a: Egg Woman ()|Blissey, F|100\/100\n|move|p1a: Oricorio|Hurricane|p2a: Egg Woman ()|[miss]\n|-miss|p1a: Oricorio|p2a: Egg Woman ()\n|\n|upkeep\n|turn|10\n|\n|t:|1700350467\n|move|p1a: Oricorio|Hurricane|p2a: Egg Woman ()\n|-damage|p2a: Egg Woman ()|77\/100\n|-start|p2a: Egg Woman ()|confusion\n|-activate|p2a: Egg Woman ()|confusion\n|-damage|p2a: Egg Woman ()|77\/100|[from] confusion\n|\n|-fieldend|move: Psychic Terrain\n|upkeep\n|turn|11\n|\n|t:|1700350476\n|move|p1a: Oricorio|Roost|p1a: Oricorio\n|-heal|p1a: Oricorio|68\/100\n|-singleturn|p1a: Oricorio|move: Roost\n|-end|p2a: Egg Woman ()|confusion\n|move|p2a: Egg Woman ()|Wish|p2a: Egg Woman ()\n|\n|upkeep\n|turn|12\n|\n|t:|1700350487\n|move|p1a: Oricorio|Quiver Dance|p1a: Oricorio\n|-boost|p1a: Oricorio|spa|1\n|-boost|p1a: Oricorio|spd|1\n|-boost|p1a: Oricorio|spe|1\n|move|p2a: Egg Woman ()|Toxic|p1a: Oricorio\n|-status|p1a: Oricorio|tox\n|\n|-heal|p2a: Egg Woman ()|100\/100|[from] move: Wish|[wisher] Egg Woman ()\n|-damage|p1a: Oricorio|62\/100 tox|[from] psn\n|upkeep\n|turn|13\n|\n|t:|1700350498\n|move|p1a: Oricorio|Hurricane|p2a: Egg Woman ()|[miss]\n|-miss|p1a: Oricorio|p2a: Egg Woman ()\n|move|p2a: Egg Woman ()|Seismic Toss|p1a: Oricorio\n|-damage|p1a: Oricorio|31\/100 tox\n|\n|-damage|p1a: Oricorio|19\/100 tox|[from] psn\n|upkeep\n|turn|14\n|\n|t:|1700350506\n|move|p1a: Oricorio|Hurricane|p2a: Egg Woman ()|[miss]\n|-miss|p1a: Oricorio|p2a: Egg Woman ()\n|move|p2a: Egg Woman ()|Wish|p2a: Egg Woman ()\n|\n|-damage|p1a: Oricorio|1\/100 tox|[from] psn\n|upkeep\n|turn|15\n|\n|t:|1700350519\n|switch|p2a: WHY!?|Aggron-Mega, F|43\/100\n|-damage|p2a: WHY!?|37\/100|[from] Stealth Rock\n|move|p1a: Oricorio|Hurricane|p2a: WHY!?\n|-resisted|p2a: WHY!?\n|-damage|p2a: WHY!?|0 fnt\n|faint|p2a: WHY!?\n|\n|-damage|p1a: Oricorio|0 fnt|[from] psn\n|faint|p1a: Oricorio\n|upkeep\n|\n|t:|1700350545\n|switch|p1a: Azumarill|Azumarill, F|100\/100\n|switch|p2a: Cringe 2.0|Gliscor, M|100\/100 tox\n|-damage|p2a: Cringe 2.0|88\/100 tox|[from] Stealth Rock\n|-damage|p1a: Azumarill|88\/100|[from] Stealth Rock\n|turn|16\n|\n|t:|1700350563\n|move|p2a: Cringe 2.0|Toxic|p1a: Azumarill\n|-status|p1a: Azumarill|tox\n|move|p1a: Azumarill|Belly Drum|p1a: Azumarill\n|-damage|p1a: Azumarill|38\/100 tox\n|-setboost|p1a: Azumarill|atk|6|[from] move: Belly Drum\n|-enditem|p1a: Azumarill|Sitrus Berry|[eat]\n|-heal|p1a: Azumarill|63\/100 tox|[from] item: Sitrus Berry\n|\n|-heal|p2a: Cringe 2.0|100\/100 tox|[from] ability: Poison Heal\n|-damage|p1a: Azumarill|57\/100 tox|[from] psn\n|upkeep\n|turn|17\n|\n|t:|1700350577\n|-terastallize|p2a: Cringe 2.0|Fairy\n|move|p1a: Azumarill|Aqua Jet|p2a: Cringe 2.0\n|-damage|p2a: Cringe 2.0|24\/100 tox\n|move|p2a: Cringe 2.0|Earthquake|p1a: Azumarill\n|-damage|p1a: Azumarill|24\/100 tox\n|\n|-heal|p2a: Cringe 2.0|36\/100 tox|[from] ability: Poison Heal\n|-damage|p1a: Azumarill|12\/100 tox|[from] psn\n|upkeep\n|turn|18\n|\n|t:|1700350593\n|switch|p2a: Egg Woman ()|Blissey, F|100\/100\n|move|p1a: Azumarill|Aqua Jet|p2a: Egg Woman ()\n|-damage|p2a: Egg Woman ()|19\/100\n|\n|-damage|p1a: Azumarill|0 fnt|[from] psn\n|faint|p1a: Azumarill\n|upkeep\n|inactive|Mech The Cool Boy has 120 seconds left.\n|\n|t:|1700350617\n|switch|p1a: Lilligant|Lilligant-Hisui, F|100\/100\n|-damage|p1a: Lilligant|94\/100|[from] Stealth Rock\n|turn|19\n|inactive|CuriousStraightGuy has 120 seconds left.\n|\n|t:|1700350661\n|move|p1a: Lilligant|Leaf Blade|p2a: Egg Woman ()\n|-damage|p2a: Egg Woman ()|0 fnt\n|faint|p2a: Egg Woman ()\n|\n|upkeep\n|\n|t:|1700350666\n|switch|p2a: \"SwiftPoke\"|Tapu Lele|88\/100\n|-damage|p2a: \"SwiftPoke\"|76\/100|[from] Stealth Rock\n|-fieldstart|move: Psychic Terrain|[from] ability: Psychic Surge|[of] p2a: \"SwiftPoke\"\n|turn|20\n|\n|t:|1700350685\n|-terastallize|p1a: Lilligant|Ice\n|move|p2a: \"SwiftPoke\"|Future Sight|p1a: Lilligant\n|-start|p2a: \"SwiftPoke\"|move: Future Sight\n|move|p1a: Lilligant|Leaf Blade|p2a: \"SwiftPoke\"\n|-damage|p2a: \"SwiftPoke\"|0 fnt\n|faint|p2a: \"SwiftPoke\"\n|\n|upkeep\n|\n|t:|1700350697\n|switch|p2a: BEYONCE|Starmie|100\/100\n|-damage|p2a: BEYONCE|88\/100|[from] Stealth Rock\n|turn|21\n|\n|t:|1700350717\n|move|p2a: BEYONCE|Expanding Force|p1a: Lilligant\n|-damage|p1a: Lilligant|0 fnt\n|faint|p1a: Lilligant\n|\n|upkeep\n|\n|t:|1700350721\n|switch|p1a: Cinderace|Cinderace, M|100\/100\n|-damage|p1a: Cinderace|76\/100|[from] Stealth Rock\n|turn|22\n|\n|t:|1700350725\n|move|p1a: Cinderace|Sucker Punch|p2a: BEYONCE\n|-start|p1a: Cinderace|typechange|Dark|[from] ability: Libero\n|-activate|p2a: BEYONCE|move: Psychic Terrain\n|move|p2a: BEYONCE|Expanding Force|p1a: Cinderace\n|-immune|p1a: Cinderace\n|\n|-end|p1a: Cinderace|move: Future Sight\n|-immune|p1a: Cinderace\n|upkeep\n|turn|23\n|\n|t:|1700350735\n|switch|p2a: Miss America|Iron Valiant|100\/100\n|-damage|p2a: Miss America|94\/100|[from] Stealth Rock\n|-enditem|p2a: Miss America|Booster Energy\n|-activate|p2a: Miss America|ability: Quark Drive|[fromitem]\n|-start|p2a: Miss America|quarkdrivespe\n|move|p1a: Cinderace|Gunk Shot|p2a: Miss America\n|-supereffective|p2a: Miss America\n|-damage|p2a: Miss America|0 fnt\n|faint|p2a: Miss America\n|-end|p2a: Miss America|Quark Drive|[silent]\n|-damage|p1a: Cinderace|66\/100|[from] item: Life Orb\n|\n|upkeep\n|\n|t:|1700350745\n|switch|p2a: BEYONCE|Starmie|88\/100\n|-damage|p2a: BEYONCE|76\/100|[from] Stealth Rock\n|turn|24\n|\n|t:|1700350766\n|move|p1a: Cinderace|U-turn|p2a: BEYONCE\n|-supereffective|p2a: BEYONCE\n|-damage|p2a: BEYONCE|0 fnt\n|faint|p2a: BEYONCE\n|-damage|p1a: Cinderace|56\/100|[from] item: Life Orb\n|\n|-fieldend|move: Psychic Terrain\n|upkeep\n|\n|t:|1700350768\n|switch|p2a: Cringe 2.0|Gliscor, M, tera:Fairy|36\/100 tox\n|-damage|p2a: Cringe 2.0|24\/100 tox|[from] Stealth Rock\n|turn|25\n|\n|t:|1700350779\n|move|p1a: Cinderace|Gunk Shot|p2a: Cringe 2.0\n|-supereffective|p2a: Cringe 2.0\n|-damage|p2a: Cringe 2.0|0 fnt\n|faint|p2a: Cringe 2.0\n|-damage|p1a: Cinderace|46\/100|[from] item: Life Orb\n|\n|win|Mech The Cool Boy\n|raw|Mech The Cool Boy's rating: 1408 &rarr; <strong>1428<\/strong><br \/>(+20 for winning)\n|raw|CuriousStraightGuy's rating: 1413 &rarr; <strong>1393<\/strong><br \/>(-20 for losing)\n|c|\u2606Mech The Cool Boy|how\n|c|\u2606CuriousStraightGuy|the dark libero fucked me up\n|c|\u2606CuriousStraightGuy|you got lucky, you really are the lesser player\n|c|\u2606CuriousStraightGuy|but i concede\n|c|\u2606CuriousStraightGuy|enjoy victory\n|c|\u2606CuriousStraightGuy|even if you got to it by luck not by skill\n|l|\u2606CuriousStraightGuy\n|c|\u2606Mech The Cool Boy|baby emoji\n","uploadtime":1700350787,"views":38,"p1id":"mechthecoolboy","p2id":"curiousstraightguy","formatid":"gen9nationaldex","rating":1393,"private":0,"password":""}