{"id":"gen9nationaldex-1993574431","p1":"SkeletalLily_07","p2":"GonzaloRV10","format":"[Gen 9] National Dex","log":"|j|\u2606SkeletalLily_07\n|j|\u2606GonzaloRV10\n|t:|1700333344\n|gametype|singles\n|player|p1|SkeletalLily_07|blackbelt|\n|player|p2|GonzaloRV10|marshal|\n|teamsize|p1|6\n|teamsize|p2|6\n|gen|9\n|tier|[Gen 9] National Dex\n|rule|HP Percentage Mod: HP is shown in percentages\n|rule|Endless Battle Clause: Forcing endless battles is banned\n|rule|OHKO Clause: OHKO moves are banned\n|rule|Evasion Clause: Evasion abilities, items, and moves are banned\n|rule|Evasion Abilities Clause: Evasion abilities are banned\n|rule|Evasion Items Clause: Evasion items are banned\n|rule|Evasion Moves Clause: Evasion moves are banned\n|rule|Species Clause: Limit one of each Pok\u00e9mon\n|rule|Sleep Clause Mod: Limit one foe put to sleep\n|clearpoke\n|poke|p1|Escavalier, F|\n|poke|p1|Ferrothorn, M|\n|poke|p1|Perrserker, M|\n|poke|p1|Klinklang|\n|poke|p1|Copperajah, F|\n|poke|p1|Duraludon, M|\n|poke|p2|Flygon, M|\n|poke|p2|Torkoal, M|\n|poke|p2|Houndoom, F|\n|poke|p2|Camerupt, M|\n|poke|p2|Weezing, M|\n|poke|p2|Blaziken, M|\n|teampreview\n|\n|t:|1700333355\n|start\n|switch|p1a: David Serrano|Perrserker, M, shiny|100\/100\n|switch|p2a: Torkoal|Torkoal, M, shiny|100\/100\n|-weather|SunnyDay|[from] ability: Drought|[of] p2a: Torkoal\n|turn|1\n|inactive|Battle timer is ON: inactive players will automatically lose when time's up. (requested by GonzaloRV10)\n|\n|t:|1700333376\n|move|p1a: David Serrano|Play Rough|p2a: Torkoal\n|-resisted|p2a: Torkoal\n|-crit|p2a: Torkoal\n|-damage|p2a: Torkoal|88\/100\n|move|p2a: Torkoal|Lava Plume|p1a: David Serrano\n|-supereffective|p1a: David Serrano\n|-damage|p1a: David Serrano|0 fnt\n|faint|p1a: David Serrano\n|\n|-weather|SunnyDay|[upkeep]\n|upkeep\n|\n|t:|1700333403\n|switch|p1a: Femtopene|Ferrothorn, M, shiny|100\/100\n|turn|2\n|inactive|SkeletalLily_07 has 270 seconds left.\n|\n|t:|1700333422\n|-terastallize|p1a: Femtopene|Water\n|move|p2a: Torkoal|Lava Plume|p1a: Femtopene\n|-resisted|p1a: Femtopene\n|-damage|p1a: Femtopene|83\/100\n|move|p1a: Femtopene|Leech Seed|p2a: Torkoal\n|-start|p2a: Torkoal|move: Leech Seed\n|\n|-weather|SunnyDay|[upkeep]\n|-heal|p1a: Femtopene|89\/100|[from] item: Leftovers\n|-damage|p2a: Torkoal|75\/100|[from] Leech Seed|[of] p1a: Femtopene\n|-heal|p1a: Femtopene|100\/100|[silent]\n|upkeep\n|turn|3\n|inactive|SkeletalLily_07 has 270 seconds left.\n|\n|t:|1700333445\n|move|p2a: Torkoal|Body Press|p1a: Femtopene\n|-damage|p1a: Femtopene|74\/100\n|-damage|p2a: Torkoal|63\/100|[from] ability: Iron Barbs|[of] p1a: Femtopene\n|move|p1a: Femtopene|Gyro Ball|p2a: Torkoal\n|-resisted|p2a: Torkoal\n|-damage|p2a: Torkoal|57\/100\n|\n|-weather|SunnyDay|[upkeep]\n|-heal|p1a: Femtopene|80\/100|[from] item: Leftovers\n|-damage|p2a: Torkoal|45\/100|[from] Leech Seed|[of] p1a: Femtopene\n|-heal|p1a: Femtopene|95\/100|[silent]\n|upkeep\n|turn|4\n|inactive|SkeletalLily_07 has 270 seconds left.\n|\n|t:|1700333459\n|move|p2a: Torkoal|Rapid Spin|p1a: Femtopene\n|-damage|p1a: Femtopene|87\/100\n|-boost|p2a: Torkoal|spe|1\n|-damage|p2a: Torkoal|32\/100|[from] ability: Iron Barbs|[of] p1a: Femtopene\n|-end|p2a: Torkoal|Leech Seed|[from] move: Rapid Spin|[of] p2a: Torkoal\n|move|p1a: Femtopene|Power Whip|p2a: Torkoal|[miss]\n|-miss|p1a: Femtopene|p2a: Torkoal\n|\n|-weather|SunnyDay|[upkeep]\n|-heal|p1a: Femtopene|93\/100|[from] item: Leftovers\n|upkeep\n|turn|5\n|inactive|SkeletalLily_07 has 270 seconds left.\n|\n|t:|1700333477\n|move|p2a: Torkoal|Stealth Rock|p1a: Femtopene\n|-sidestart|p1: SkeletalLily_07|move: Stealth Rock\n|move|p1a: Femtopene|Power Whip|p2a: Torkoal\n|-resisted|p2a: Torkoal\n|-damage|p2a: Torkoal|18\/100\n|\n|-weather|SunnyDay|[upkeep]\n|-heal|p1a: Femtopene|99\/100|[from] item: Leftovers\n|upkeep\n|turn|6\n|inactive|SkeletalLily_07 has 270 seconds left.\n|\n|t:|1700333487\n|move|p2a: Torkoal|Body Press|p1a: Femtopene\n|-damage|p1a: Femtopene|69\/100\n|-damage|p2a: Torkoal|6\/100|[from] ability: Iron Barbs|[of] p1a: Femtopene\n|move|p1a: Femtopene|Gyro Ball|p2a: Torkoal\n|-resisted|p2a: Torkoal\n|-damage|p2a: Torkoal|0 fnt\n|faint|p2a: Torkoal\n|\n|-weather|SunnyDay|[upkeep]\n|-heal|p1a: Femtopene|76\/100|[from] item: Leftovers\n|upkeep\n|\n|t:|1700333495\n|switch|p2a: Camerupt|Camerupt, M|100\/100\n|turn|7\n|\n|t:|1700333500\n|-terastallize|p2a: Camerupt|Grass\n|move|p2a: Camerupt|Tera Blast|p1a: Femtopene|[anim] Tera Blast Grass\n|-supereffective|p1a: Femtopene\n|-damage|p1a: Femtopene|24\/100\n|move|p1a: Femtopene|Leech Seed|p2a: Camerupt\n|-immune|p2a: Camerupt\n|\n|-weather|SunnyDay|[upkeep]\n|-heal|p1a: Femtopene|30\/100|[from] item: Leftovers\n|upkeep\n|turn|8\n|\n|t:|1700333520\n|move|p2a: Camerupt|Tera Blast|p1a: Femtopene|[anim] Tera Blast Grass\n|-supereffective|p1a: Femtopene\n|-damage|p1a: Femtopene|0 fnt\n|faint|p1a: Femtopene\n|\n|-weather|none\n|upkeep\n|\n|t:|1700333528\n|switch|p1a: Petagay|Escavalier, F, shiny|100\/100\n|-damage|p1a: Petagay|88\/100|[from] Stealth Rock\n|turn|9\n|\n|t:|1700333535\n|move|p1a: Petagay|Megahorn|p2a: Camerupt\n|-supereffective|p2a: Camerupt\n|-damage|p2a: Camerupt|0 fnt\n|faint|p2a: Camerupt\n|\n|upkeep\n|\n|t:|1700333545\n|switch|p2a: Houndoom|Houndoom, F, shiny|100\/100\n|turn|10\n|\n|t:|1700333548\n|detailschange|p2a: Houndoom|Houndoom-Mega, F, shiny\n|-mega|p2a: Houndoom|Houndoom|Houndoominite\n|move|p2a: Houndoom|Flamethrower|p1a: Petagay\n|-supereffective|p1a: Petagay\n|-damage|p1a: Petagay|0 fnt\n|faint|p1a: Petagay\n|\n|upkeep\n|\n|t:|1700333560\n|switch|p1a: Petapene|Duraludon, M, shiny|100\/100\n|-damage|p1a: Petapene|94\/100|[from] Stealth Rock\n|turn|11\n|\n|t:|1700333573\n|switch|p2a: Wisin y Yandel|Weezing, M, shiny|100\/100\n|move|p1a: Petapene|Dragon Pulse|p2a: Wisin y Yandel\n|-damage|p2a: Wisin y Yandel|33\/100\n|\n|upkeep\n|turn|12\n|\n|t:|1700333582\n|move|p1a: Petapene|Dragon Pulse|p2a: Wisin y Yandel\n|-damage|p2a: Wisin y Yandel|0 fnt\n|faint|p2a: Wisin y Yandel\n|\n|upkeep\n|\n|t:|1700333585\n|switch|p2a: Flygon|Flygon, M, shiny|100\/100\n|turn|13\n|\n|t:|1700333589\n|move|p2a: Flygon|Earthquake|p1a: Petapene\n|-supereffective|p1a: Petapene\n|-damage|p1a: Petapene|0 fnt\n|faint|p1a: Petapene\n|-damage|p2a: Flygon|91\/100|[from] item: Life Orb\n|\n|upkeep\n|\n|t:|1700333595\n|switch|p1a: Clocker|Klinklang, shiny|100\/100\n|-damage|p1a: Clocker|94\/100|[from] Stealth Rock\n|turn|14\n|\n|t:|1700333598\n|move|p2a: Flygon|Earthquake|p1a: Clocker\n|-supereffective|p1a: Clocker\n|-damage|p1a: Clocker|0 fnt\n|faint|p1a: Clocker\n|-damage|p2a: Flygon|81\/100|[from] item: Life Orb\n|\n|upkeep\n|\n|t:|1700333604\n|switch|p1a: Adoraci\u00f3n|Copperajah, F, shiny|100\/100\n|-damage|p1a: Adoraci\u00f3n|94\/100|[from] Stealth Rock\n|turn|15\n|\n|t:|1700333608\n|move|p2a: Flygon|Earthquake|p1a: Adoraci\u00f3n\n|-supereffective|p1a: Adoraci\u00f3n\n|-damage|p1a: Adoraci\u00f3n|0 fnt\n|faint|p1a: Adoraci\u00f3n\n|-damage|p2a: Flygon|71\/100|[from] item: Life Orb\n|\n|win|GonzaloRV10\n|c|\u2606SkeletalLily_07|gg\n|l|\u2606SkeletalLily_07\n","uploadtime":1700333620,"views":8,"p1id":"skeletallily07","p2id":"gonzalorv10","formatid":"gen9nationaldex","rating":0,"private":0,"password":""}