{"id":"gen9nationaldex-1998673634","p1":"Sweeper72","p2":"starlitbox","format":"[Gen 9] National Dex","log":"|html|<div class=\"broadcast-blue\"><strong>[Gen 9] National Dex is currently suspecting Sneasler! For information on how to participate check out the <a href=\"https:\/\/www.smogon.com\/forums\/threads\/sv-national-dex-suspect-8-just-dance.3731534\/\">suspect thread<\/a>.<\/strong><\/div>\n|j|\u2606Sweeper72\n|j|\u2606starlitbox\n|t:|1700970690\n|gametype|singles\n|player|p1|Sweeper72|266|1278\n|player|p2|starlitbox|silver|1283\n|teamsize|p1|6\n|teamsize|p2|6\n|gen|9\n|tier|[Gen 9] National Dex\n|rated|\n|rule|HP Percentage Mod: HP is shown in percentages\n|rule|Endless Battle Clause: Forcing endless battles is banned\n|rule|OHKO Clause: OHKO moves are banned\n|rule|Evasion Clause: Evasion abilities, items, and moves are banned\n|rule|Evasion Abilities Clause: Evasion abilities are banned\n|rule|Evasion Items Clause: Evasion items are banned\n|rule|Evasion Moves Clause: Evasion moves are banned\n|rule|Species Clause: Limit one of each Pok\u00e9mon\n|rule|Sleep Clause Mod: Limit one foe put to sleep\n|clearpoke\n|poke|p1|Golisopod, F|\n|poke|p1|Rhyperior, F|\n|poke|p1|Charizard, F|\n|poke|p1|Ferrothorn, F|\n|poke|p1|Tapu Fini|\n|poke|p1|Weavile, F|\n|poke|p2|Landorus-Therian, M|\n|poke|p2|Greninja-*, M|\n|poke|p2|Volcarona, F|\n|poke|p2|Iron Valiant|\n|poke|p2|Ogerpon-Wellspring, F|\n|poke|p2|Tapu Koko|\n|teampreview\n|inactive|Battle timer is ON: inactive players will automatically lose when time's up. (requested by Sweeper72)\n|\n|t:|1700970697\n|start\n|switch|p1a: Ferrothorn|Ferrothorn, F|100\/100\n|switch|p2a: Tapu Koko|Tapu Koko|100\/100\n|-fieldstart|move: Electric Terrain|[from] ability: Electric Surge|[of] p2a: Tapu Koko\n|turn|1\n|\n|t:|1700970705\n|move|p2a: Tapu Koko|Volt Switch|p1a: Ferrothorn\n|-resisted|p1a: Ferrothorn\n|-damage|p1a: Ferrothorn|86\/100\n|\n|t:|1700970712\n|switch|p2a: Volcarona|Volcarona, F|100\/100|[from] Volt Switch\n|move|p1a: Ferrothorn|Stealth Rock|p2a: Volcarona\n|-sidestart|p2: starlitbox|move: Stealth Rock\n|\n|upkeep\n|turn|2\n|\n|t:|1700970728\n|switch|p1a: Rhyperior|Rhyperior, F|100\/100\n|move|p2a: Volcarona|Fiery Dance|p1a: Rhyperior\n|-resisted|p1a: Rhyperior\n|-damage|p1a: Rhyperior|79\/100\n|-boost|p2a: Volcarona|spa|1\n|\n|upkeep\n|turn|3\n|\n|t:|1700970739\n|-terastallize|p1a: Rhyperior|Grass\n|move|p2a: Volcarona|Giga Drain|p1a: Rhyperior\n|-resisted|p1a: Rhyperior\n|-damage|p1a: Rhyperior|59\/100\n|move|p1a: Rhyperior|Stone Edge|p2a: Volcarona\n|-supereffective|p2a: Volcarona\n|-damage|p2a: Volcarona|0 fnt\n|faint|p2a: Volcarona\n|\n|upkeep\n|inactive|starlitbox has 120 seconds left.\n|\n|t:|1700970776\n|switch|p2a: Greninja|Greninja, M|100\/100\n|-damage|p2a: Greninja|88\/100|[from] Stealth Rock\n|turn|4\n|inactive|starlitbox has 120 seconds left.\n|\n|t:|1700970790\n|switch|p1a: Tapu Fini|Tapu Fini|100\/100\n|-fieldstart|move: Misty Terrain|[from] ability: Misty Surge|[of] p1a: Tapu Fini\n|move|p2a: Greninja|Ice Beam|p1a: Tapu Fini\n|-resisted|p1a: Tapu Fini\n|-damage|p1a: Tapu Fini|94\/100\n|\n|upkeep\n|turn|5\n|inactive|starlitbox has 120 seconds left.\n|\n|t:|1700970802\n|switch|p2a: Tapu Koko|Tapu Koko|100\/100\n|-damage|p2a: Tapu Koko|88\/100|[from] Stealth Rock\n|-fieldstart|move: Electric Terrain|[from] ability: Electric Surge|[of] p2a: Tapu Koko\n|move|p1a: Tapu Fini|Moonblast|p2a: Tapu Koko\n|-damage|p2a: Tapu Koko|20\/100\n|\n|upkeep\n|turn|6\n|\n|t:|1700970812\n|switch|p1a: Rhyperior|Rhyperior, F, tera:Grass|59\/100\n|move|p2a: Tapu Koko|Volt Switch|p1a: Rhyperior\n|-resisted|p1a: Rhyperior\n|-damage|p1a: Rhyperior|40\/100\n|\n|t:|1700970818\n|switch|p2a: Landorus|Landorus-Therian, M|100\/100|[from] Volt Switch\n|-damage|p2a: Landorus|88\/100|[from] Stealth Rock\n|-ability|p2a: Landorus|Intimidate|boost\n|-unboost|p1a: Rhyperior|atk|1\n|\n|-heal|p2a: Landorus|94\/100|[from] item: Leftovers\n|upkeep\n|turn|7\n|\n|t:|1700970830\n|switch|p1a: Weavile|Weavile, F|100\/100\n|-ability|p1a: Weavile|Pressure\n|move|p2a: Landorus|Defog|p1a: Weavile\n|-unboost|p1a: Weavile|evasion|1\n|-sideend|p2: starlitbox|Stealth Rock|[from] move: Defog|[of] p2a: Landorus\n|-fieldend|move: Electric Terrain\n|\n|-heal|p2a: Landorus|99\/100|[from] item: Leftovers\n|upkeep\n|turn|8\n|\n|t:|1700970842\n|move|p1a: Weavile|Knock Off|p2a: Landorus\n|-damage|p2a: Landorus|34\/100\n|-enditem|p2a: Landorus|Leftovers|[from] move: Knock Off|[of] p1a: Weavile\n|move|p2a: Landorus|U-turn|p1a: Weavile\n|-supereffective|p1a: Weavile\n|-damage|p1a: Weavile|0 fnt\n|faint|p1a: Weavile\n|\n|t:|1700970853\n|switch|p2a: Tapu Koko|Tapu Koko|20\/100|[from] U-turn\n|-fieldstart|move: Electric Terrain|[from] ability: Electric Surge|[of] p2a: Tapu Koko\n|\n|upkeep\n|\n|t:|1700970863\n|switch|p1a: Rhyperior|Rhyperior, F, tera:Grass|40\/100\n|turn|9\n|\n|t:|1700970870\n|move|p2a: Tapu Koko|Volt Switch|p1a: Rhyperior\n|-resisted|p1a: Rhyperior\n|-damage|p1a: Rhyperior|21\/100\n|\n|t:|1700970875\n|switch|p2a: Landorus|Landorus-Therian, M|34\/100|[from] Volt Switch\n|-ability|p2a: Landorus|Intimidate|boost\n|-unboost|p1a: Rhyperior|atk|1\n|move|p1a: Rhyperior|Rest||[still]\n|-activate|p1a: Rhyperior|move: Electric Terrain\n|-fail|p1a: Rhyperior\n|\n|upkeep\n|turn|10\n|\n|t:|1700970887\n|switch|p1a: Tapu Fini|Tapu Fini|94\/100\n|-fieldstart|move: Misty Terrain|[from] ability: Misty Surge|[of] p1a: Tapu Fini\n|move|p2a: Landorus|U-turn|p1a: Tapu Fini\n|-resisted|p1a: Tapu Fini\n|-crit|p1a: Tapu Fini\n|-damage|p1a: Tapu Fini|74\/100\n|\n|t:|1700970895\n|switch|p2a: Tapu Koko|Tapu Koko|20\/100|[from] U-turn\n|-fieldstart|move: Electric Terrain|[from] ability: Electric Surge|[of] p2a: Tapu Koko\n|\n|upkeep\n|turn|11\n|\n|t:|1700970915\n|switch|p1a: Charizard|Charizard, F|100\/100\n|move|p2a: Tapu Koko|Volt Switch|p1a: Charizard\n|-supereffective|p1a: Charizard\n|-damage|p1a: Charizard|3\/100\n|\n|t:|1700970924\n|switch|p2a: Greninja|Greninja, M|88\/100|[from] Volt Switch\n|\n|upkeep\n|turn|12\n|\n|t:|1700970933\n|switch|p2a: Tapu Koko|Tapu Koko|20\/100\n|switch|p1a: Tapu Fini|Tapu Fini|74\/100\n|-fieldstart|move: Misty Terrain|[from] ability: Misty Surge|[of] p1a: Tapu Fini\n|\n|upkeep\n|turn|13\n|\n|t:|1700970941\n|move|p2a: Tapu Koko|Volt Switch|p1a: Tapu Fini\n|-supereffective|p1a: Tapu Fini\n|-damage|p1a: Tapu Fini|42\/100\n|\n|t:|1700970946\n|switch|p2a: Ogerpon|Ogerpon-Wellspring, F|100\/100|[from] Volt Switch\n|move|p1a: Tapu Fini|Moonblast|p2a: Ogerpon\n|-damage|p2a: Ogerpon|48\/100\n|\n|upkeep\n|turn|14\n|\n|t:|1700970959\n|move|p2a: Ogerpon|Horn Leech|p1a: Tapu Fini\n|-supereffective|p1a: Tapu Fini\n|-damage|p1a: Tapu Fini|0 fnt\n|-heal|p2a: Ogerpon|72\/100|[from] drain|[of] p1a: Tapu Fini\n|faint|p1a: Tapu Fini\n|\n|upkeep\n|\n|t:|1700970964\n|switch|p1a: Golisopod|Golisopod, F|100\/100\n|turn|15\n|\n|t:|1700970970\n|switch|p2a: Landorus|Landorus-Therian, M|34\/100\n|-ability|p2a: Landorus|Intimidate|boost\n|-unboost|p1a: Golisopod|atk|1\n|move|p1a: Golisopod|First Impression|p2a: Landorus\n|-resisted|p2a: Landorus\n|-damage|p2a: Landorus|15\/100\n|-damage|p1a: Golisopod|91\/100|[from] item: Life Orb\n|\n|upkeep\n|turn|16\n|\n|t:|1700970988\n|move|p1a: Golisopod|Aqua Jet|p2a: Landorus\n|-supereffective|p2a: Landorus\n|-damage|p2a: Landorus|0 fnt\n|faint|p2a: Landorus\n|-damage|p1a: Golisopod|81\/100|[from] item: Life Orb\n|\n|-fieldend|Misty Terrain\n|upkeep\n|\n|t:|1700971002\n|switch|p2a: Tapu Koko|Tapu Koko|20\/100\n|-fieldstart|move: Electric Terrain|[from] ability: Electric Surge|[of] p2a: Tapu Koko\n|turn|17\n|\n|t:|1700971012\n|switch|p1a: Ferrothorn|Ferrothorn, F|86\/100\n|move|p2a: Tapu Koko|Volt Switch|p1a: Ferrothorn\n|-resisted|p1a: Ferrothorn\n|-damage|p1a: Ferrothorn|71\/100\n|\n|t:|1700971023\n|switch|p2a: Ogerpon|Ogerpon-Wellspring, F|72\/100|[from] Volt Switch\n|\n|upkeep\n|turn|18\n|\n|t:|1700971037\n|switch|p1a: Golisopod|Golisopod, F|81\/100\n|move|p2a: Ogerpon|Swords Dance|p2a: Ogerpon\n|-boost|p2a: Ogerpon|atk|2\n|\n|upkeep\n|turn|19\n|\n|t:|1700971054\n|move|p1a: Golisopod|First Impression|p2a: Ogerpon\n|-supereffective|p2a: Ogerpon\n|-damage|p2a: Ogerpon|0 fnt\n|faint|p2a: Ogerpon\n|-damage|p1a: Golisopod|71\/100|[from] item: Life Orb\n|\n|upkeep\n|\n|t:|1700971057\n|switch|p2a: Iron Valiant|Iron Valiant|100\/100\n|-activate|p2a: Iron Valiant|ability: Quark Drive\n|-start|p2a: Iron Valiant|quarkdrivespe\n|turn|20\n|\n|t:|1700971081\n|switch|p1a: Charizard|Charizard, F|3\/100\n|-terastallize|p2a: Iron Valiant|Fairy\n|move|p2a: Iron Valiant|Moonblast|p1a: Charizard\n|-resisted|p1a: Charizard\n|-damage|p1a: Charizard|0 fnt\n|faint|p1a: Charizard\n|\n|upkeep\n|\n|t:|1700971094\n|switch|p1a: Rhyperior|Rhyperior, F, tera:Grass|21\/100\n|turn|21\n|\n|t:|1700971099\n|move|p2a: Iron Valiant|Moonblast|p1a: Rhyperior\n|-damage|p1a: Rhyperior|0 fnt\n|faint|p1a: Rhyperior\n|\n|-fieldend|move: Electric Terrain\n|-end|p2a: Iron Valiant|Quark Drive\n|upkeep\n|\n|t:|1700971104\n|switch|p1a: Golisopod|Golisopod, F|71\/100\n|turn|22\n|\n|t:|1700971108\n|move|p1a: Golisopod|First Impression|p2a: Iron Valiant\n|-resisted|p2a: Iron Valiant\n|-damage|p2a: Iron Valiant|56\/100\n|-damage|p1a: Golisopod|61\/100|[from] item: Life Orb\n|move|p2a: Iron Valiant|Moonblast|p1a: Golisopod\n|-damage|p1a: Golisopod|0 fnt\n|faint|p1a: Golisopod\n|\n|upkeep\n|\n|t:|1700971115\n|switch|p1a: Ferrothorn|Ferrothorn, F|71\/100\n|turn|23\n|\n|t:|1700971121\n|move|p2a: Iron Valiant|Moonblast|p1a: Ferrothorn\n|-resisted|p1a: Ferrothorn\n|-damage|p1a: Ferrothorn|34\/100\n|move|p1a: Ferrothorn|Gyro Ball|p2a: Iron Valiant\n|-supereffective|p2a: Iron Valiant\n|-damage|p2a: Iron Valiant|0 fnt\n|faint|p2a: Iron Valiant\n|-end|p2a: Iron Valiant|Quark Drive|[silent]\n|\n|upkeep\n|\n|t:|1700971136\n|switch|p2a: Greninja|Greninja, M|88\/100\n|turn|24\n|\n|t:|1700971144\n|move|p2a: Greninja|Dark Pulse|p1a: Ferrothorn\n|-damage|p1a: Ferrothorn|8\/100\n|cant|p1a: Ferrothorn|flinch\n|\n|upkeep\n|turn|25\n|-message|Sweeper72 forfeited.\n|\n|win|starlitbox\n|raw|Sweeper72's rating: 1278 &rarr; <strong>1253<\/strong><br \/>(-25 for losing)\n|raw|starlitbox's rating: 1283 &rarr; <strong>1308<\/strong><br \/>(+25 for winning)\n|l|\u2606Sweeper72\n|l|\u2606starlitbox\n|j|\u2606starlitbox\n|player|p2|starlitbox|silver\n","uploadtime":1700971180,"views":1,"p1id":"sweeper72","p2id":"starlitbox","formatid":"gen9nationaldex","rating":1253,"private":0,"password":""}