{"id":"gen9nationaldex-1999099175","p1":"Crazymoly","p2":"Logicactiv","format":"[Gen 9] National Dex","log":"|html|<div class=\"broadcast-blue\"><strong>[Gen 9] National Dex is currently suspecting Sneasler! For information on how to participate check out the <a href=\"https:\/\/www.smogon.com\/forums\/threads\/sv-national-dex-suspect-8-just-dance.3731534\/\">suspect thread<\/a>.<\/strong><\/div>\n|j|\u2606Crazymoly\n|j|\u2606Logicactiv\n|t:|1701033036\n|gametype|singles\n|player|p1|Crazymoly|dawn-gen4pt|\n|player|p2|Logicactiv|bugsy|\n|teamsize|p1|6\n|teamsize|p2|6\n|gen|9\n|tier|[Gen 9] National Dex\n|rule|HP Percentage Mod: HP is shown in percentages\n|rule|Endless Battle Clause: Forcing endless battles is banned\n|rule|OHKO Clause: OHKO moves are banned\n|rule|Evasion Clause: Evasion abilities, items, and moves are banned\n|rule|Evasion Abilities Clause: Evasion abilities are banned\n|rule|Evasion Items Clause: Evasion items are banned\n|rule|Evasion Moves Clause: Evasion moves are banned\n|rule|Species Clause: Limit one of each Pok\u00e9mon\n|rule|Sleep Clause Mod: Limit one foe put to sleep\n|clearpoke\n|poke|p1|Toxapex, F|\n|poke|p1|Swampert, M|\n|poke|p1|Dragonite, M|\n|poke|p1|Arcanine-Hisui, M|\n|poke|p1|Landorus-Therian, M|\n|poke|p1|Clefable, M|\n|poke|p2|Dragonite, M|\n|poke|p2|Diancie|\n|poke|p2|Samurott-Hisui, M|\n|poke|p2|Aegislash, M|\n|poke|p2|Landorus-Therian, M|\n|poke|p2|Rotom-Heat|\n|teampreview\n|\n|t:|1701033042\n|start\n|switch|p1a: Toxapex|Toxapex, F|100\/100\n|switch|p2a: Landorus|Landorus-Therian, M|100\/100\n|-ability|p2a: Landorus|Intimidate|boost\n|-unboost|p1a: Toxapex|atk|1\n|turn|1\n|\n|t:|1701033054\n|move|p2a: Landorus|Knock Off|p1a: Toxapex\n|-damage|p1a: Toxapex|83\/100\n|-enditem|p1a: Toxapex|Black Sludge|[from] move: Knock Off|[of] p2a: Landorus\n|move|p1a: Toxapex|Toxic Spikes|p2a: Landorus\n|-sidestart|p2: Logicactiv|move: Toxic Spikes\n|\n|upkeep\n|turn|2\n|\n|t:|1701033062\n|move|p2a: Landorus|Earthquake|p1a: Toxapex\n|-supereffective|p1a: Toxapex\n|-damage|p1a: Toxapex|30\/100\n|move|p1a: Toxapex|Toxic Spikes|p2a: Landorus\n|-sidestart|p2: Logicactiv|move: Toxic Spikes\n|\n|upkeep\n|turn|3\n|\n|t:|1701033068\n|move|p2a: Landorus|Defog|p1a: Toxapex\n|-unboost|p1a: Toxapex|evasion|1\n|-sideend|p2: Logicactiv|Toxic Spikes|[from] move: Defog|[of] p2a: Landorus\n|move|p1a: Toxapex|Recover|p1a: Toxapex\n|-heal|p1a: Toxapex|80\/100\n|\n|upkeep\n|turn|4\n|\n|t:|1701033080\n|move|p1a: Toxapex|Baneful Bunker|p1a: Toxapex\n|-singleturn|p1a: Toxapex|move: Protect\n|move|p2a: Landorus|Earthquake|p1a: Toxapex\n|-activate|p1a: Toxapex|move: Protect\n|\n|upkeep\n|turn|5\n|\n|t:|1701033087\n|move|p2a: Landorus|Earthquake|p1a: Toxapex\n|-supereffective|p1a: Toxapex\n|-damage|p1a: Toxapex|28\/100\n|move|p1a: Toxapex|Toxic Spikes|p2a: Landorus\n|-sidestart|p2: Logicactiv|move: Toxic Spikes\n|\n|upkeep\n|turn|6\n|\n|t:|1701033095\n|move|p1a: Toxapex|Baneful Bunker|p1a: Toxapex\n|-singleturn|p1a: Toxapex|move: Protect\n|move|p2a: Landorus|Earthquake|p1a: Toxapex\n|-activate|p1a: Toxapex|move: Protect\n|\n|upkeep\n|turn|7\n|\n|t:|1701033105\n|move|p2a: Landorus|Earthquake|p1a: Toxapex\n|-supereffective|p1a: Toxapex\n|-damage|p1a: Toxapex|0 fnt\n|faint|p1a: Toxapex\n|\n|upkeep\n|\n|t:|1701033112\n|switch|p1a: Arcanine|Arcanine-Hisui, M|100\/100\n|turn|8\n|\n|t:|1701033118\n|move|p1a: Arcanine|Head Smash|p2a: Landorus\n|-damage|p2a: Landorus|28\/100\n|move|p2a: Landorus|Defog|p1a: Arcanine\n|-unboost|p1a: Arcanine|evasion|1\n|-sideend|p2: Logicactiv|Toxic Spikes|[from] move: Defog|[of] p2a: Landorus\n|\n|-heal|p2a: Landorus|34\/100|[from] item: Leftovers\n|upkeep\n|turn|9\n|\n|t:|1701033134\n|move|p1a: Arcanine|Head Smash|p2a: Landorus\n|-damage|p2a: Landorus|0 fnt\n|faint|p2a: Landorus\n|\n|upkeep\n|\n|t:|1701033144\n|switch|p2a: Samurott|Samurott-Hisui, M|100\/100\n|turn|10\n|\n|t:|1701033148\n|switch|p1a: Dragonite|Dragonite, M|100\/100\n|move|p2a: Samurott|Flip Turn|p1a: Dragonite\n|-resisted|p1a: Dragonite\n|-damage|p1a: Dragonite|93\/100\n|\n|t:|1701033155\n|switch|p2a: Diancie|Diancie|100\/100|[from] Flip Turn\n|\n|upkeep\n|turn|11\n|\n|t:|1701033164\n|-terastallize|p1a: Dragonite|Normal\n|move|p1a: Dragonite|Earthquake|p2a: Diancie\n|-supereffective|p2a: Diancie\n|-damage|p2a: Diancie|27\/100\n|move|p2a: Diancie|Stealth Rock|p1a: Dragonite\n|-sidestart|p1: Crazymoly|move: Stealth Rock\n|\n|upkeep\n|turn|12\n|\n|t:|1701033181\n|detailschange|p2a: Diancie|Diancie-Mega\n|-mega|p2a: Diancie|Diancie|Diancite\n|move|p2a: Diancie|Moonblast|p1a: Dragonite\n|-damage|p1a: Dragonite|31\/100\n|move|p1a: Dragonite|Earthquake|p2a: Diancie\n|-supereffective|p2a: Diancie\n|-damage|p2a: Diancie|0 fnt\n|faint|p2a: Diancie\n|\n|upkeep\n|\n|t:|1701033206\n|switch|p2a: Rotom|Rotom-Heat|100\/100\n|turn|13\n|\n|t:|1701033211\n|move|p1a: Dragonite|Roost|p1a: Dragonite\n|-heal|p1a: Dragonite|81\/100\n|move|p2a: Rotom|Will-O-Wisp|p1a: Dragonite\n|-status|p1a: Dragonite|brn\n|\n|-damage|p1a: Dragonite|74\/100 brn|[from] brn\n|upkeep\n|turn|14\n|\n|t:|1701033225\n|move|p1a: Dragonite|Dragon Dance|p1a: Dragonite\n|-boost|p1a: Dragonite|atk|1\n|-boost|p1a: Dragonite|spe|1\n|move|p2a: Rotom|Volt Switch|p1a: Dragonite\n|-damage|p1a: Dragonite|48\/100 brn\n|\n|t:|1701033234\n|switch|p2a: Samurott|Samurott-Hisui, M|100\/100|[from] Volt Switch\n|\n|-damage|p1a: Dragonite|41\/100 brn|[from] brn\n|upkeep\n|turn|15\n|\n|t:|1701033243\n|move|p1a: Dragonite|Extreme Speed|p2a: Samurott\n|-damage|p2a: Samurott|55\/100\n|move|p2a: Samurott|Razor Shell|p1a: Dragonite\n|-crit|p1a: Dragonite\n|-damage|p1a: Dragonite|0 fnt\n|faint|p1a: Dragonite\n|\n|upkeep\n|\n|t:|1701033249\n|switch|p1a: Landorus|Landorus-Therian, M|100\/100\n|-damage|p1a: Landorus|88\/100|[from] Stealth Rock\n|-ability|p1a: Landorus|Intimidate|boost\n|-unboost|p2a: Samurott|atk|1\n|turn|16\n|\n|t:|1701033261\n|switch|p2a: Rotom|Rotom-Heat|100\/100\n|move|p1a: Landorus|Earthquake|p2a: Rotom\n|-immune|p2a: Rotom|[from] ability: Levitate\n|\n|upkeep\n|turn|17\n|\n|t:|1701033269\n|move|p1a: Landorus|Stone Edge|p2a: Rotom|[miss]\n|-miss|p1a: Landorus|p2a: Rotom\n|move|p2a: Rotom|Will-O-Wisp|p1a: Landorus\n|-status|p1a: Landorus|brn\n|\n|-damage|p1a: Landorus|82\/100 brn|[from] brn\n|upkeep\n|turn|18\n|\n|t:|1701033285\n|move|p1a: Landorus|Stone Edge|p2a: Rotom\n|-supereffective|p2a: Rotom\n|-damage|p2a: Rotom|63\/100\n|move|p2a: Rotom|Overheat|p1a: Landorus\n|-damage|p1a: Landorus|26\/100 brn\n|-unboost|p2a: Rotom|spa|2\n|\n|-damage|p1a: Landorus|20\/100 brn|[from] brn\n|upkeep\n|turn|19\n|\n|t:|1701033298\n|move|p1a: Landorus|Stealth Rock|p2a: Rotom\n|-sidestart|p2: Logicactiv|move: Stealth Rock\n|move|p2a: Rotom|Pain Split|p1a: Landorus\n|-sethp|p1a: Landorus|40\/100 brn|[from] move: Pain Split|[silent]\n|-sethp|p2a: Rotom|42\/100|[from] move: Pain Split\n|\n|-damage|p1a: Landorus|34\/100 brn|[from] brn\n|upkeep\n|turn|20\n|\n|t:|1701033316\n|move|p1a: Landorus|Swords Dance|p1a: Landorus\n|-boost|p1a: Landorus|atk|2\n|move|p2a: Rotom|Pain Split|p1a: Landorus\n|-sethp|p1a: Landorus|37\/100 brn|[from] move: Pain Split|[silent]\n|-sethp|p2a: Rotom|39\/100|[from] move: Pain Split\n|\n|-damage|p1a: Landorus|31\/100 brn|[from] brn\n|upkeep\n|turn|21\n|\n|t:|1701033326\n|move|p1a: Landorus|Stone Edge|p2a: Rotom|[miss]\n|-miss|p1a: Landorus|p2a: Rotom\n|move|p2a: Rotom|Overheat|p1a: Landorus\n|-damage|p1a: Landorus|0 fnt\n|-unboost|p2a: Rotom|spa|2\n|faint|p1a: Landorus\n|\n|upkeep\n|\n|t:|1701033330\n|switch|p1a: Clefable|Clefable, M|100\/100\n|turn|22\n|\n|t:|1701033339\n|move|p2a: Rotom|Volt Switch|p1a: Clefable\n|-damage|p1a: Clefable|91\/100\n|\n|t:|1701033342\n|switch|p2a: Aegislash|Aegislash, M|100\/100|[from] Volt Switch\n|-damage|p2a: Aegislash|94\/100|[from] Stealth Rock\n|move|p1a: Clefable|Moonblast|p2a: Aegislash\n|-resisted|p2a: Aegislash\n|-damage|p2a: Aegislash|82\/100\n|-unboost|p2a: Aegislash|spa|1\n|\n|-heal|p2a: Aegislash|88\/100|[from] item: Leftovers\n|-heal|p1a: Clefable|97\/100|[from] item: Leftovers\n|upkeep\n|turn|23\n|\n|t:|1701033363\n|switch|p1a: Arcanine|Arcanine-Hisui, M|100\/100\n|-damage|p1a: Arcanine|76\/100|[from] Stealth Rock\n|-terastallize|p2a: Aegislash|Fighting\n|move|p2a: Aegislash|Swords Dance|p2a: Aegislash\n|-boost|p2a: Aegislash|atk|2\n|\n|-heal|p2a: Aegislash|95\/100|[from] item: Leftovers\n|upkeep\n|turn|24\n|\n|t:|1701033377\n|move|p1a: Arcanine|Close Combat|p2a: Aegislash\n|-damage|p2a: Aegislash|55\/100\n|-unboost|p1a: Arcanine|def|1\n|-unboost|p1a: Arcanine|spd|1\n|-formechange|p2a: Aegislash|Aegislash-Blade||[from] ability: Stance Change\n|move|p2a: Aegislash|Iron Head|p1a: Arcanine\n|-damage|p1a: Arcanine|0 fnt\n|faint|p1a: Arcanine\n|\n|-heal|p2a: Aegislash|61\/100|[from] item: Leftovers\n|upkeep\n|\n|t:|1701033381\n|switch|p1a: Swampert|Swampert, M|100\/100\n|-damage|p1a: Swampert|94\/100|[from] Stealth Rock\n|turn|25\n|\n|t:|1701033396\n|detailschange|p1a: Swampert|Swampert-Mega, M\n|-mega|p1a: Swampert|Swampert|Swampertite\n|-formechange|p2a: Aegislash|Aegislash||[from] ability: Stance Change\n|move|p2a: Aegislash|King's Shield|p2a: Aegislash\n|-singleturn|p2a: Aegislash|Protect\n|move|p1a: Swampert|Earthquake|p2a: Aegislash\n|-activate|p2a: Aegislash|move: Protect\n|\n|-heal|p2a: Aegislash|67\/100|[from] item: Leftovers\n|upkeep\n|turn|26\n|\n|t:|1701033409\n|move|p1a: Swampert|Waterfall|p2a: Aegislash\n|-damage|p2a: Aegislash|38\/100\n|cant|p2a: Aegislash|flinch\n|\n|-heal|p2a: Aegislash|44\/100|[from] item: Leftovers\n|upkeep\n|turn|27\n|\n|t:|1701033422\n|move|p1a: Swampert|Flip Turn|p2a: Aegislash\n|-damage|p2a: Aegislash|22\/100\n|\n|t:|1701033426\n|switch|p1a: Clefable|Clefable, M|97\/100|[from] Flip Turn\n|-formechange|p2a: Aegislash|Aegislash-Blade||[from] ability: Stance Change\n|move|p2a: Aegislash|Shadow Claw|p1a: Clefable\n|-damage|p1a: Clefable|48\/100\n|\n|-heal|p2a: Aegislash|28\/100|[from] item: Leftovers\n|-heal|p1a: Clefable|54\/100|[from] item: Leftovers\n|upkeep\n|turn|28\n|\n|t:|1701033440\n|-formechange|p2a: Aegislash|Aegislash||[from] ability: Stance Change\n|move|p2a: Aegislash|King's Shield|p2a: Aegislash\n|-singleturn|p2a: Aegislash|Protect\n|move|p1a: Clefable|Moonblast|p2a: Aegislash\n|-activate|p2a: Aegislash|move: Protect\n|\n|-heal|p2a: Aegislash|34\/100|[from] item: Leftovers\n|-heal|p1a: Clefable|60\/100|[from] item: Leftovers\n|upkeep\n|turn|29\n|\n|t:|1701033466\n|switch|p2a: Rotom|Rotom-Heat|39\/100\n|move|p1a: Clefable|Wish|p1a: Clefable\n|\n|-heal|p1a: Clefable|66\/100|[from] item: Leftovers\n|upkeep\n|turn|30\n|\n|t:|1701033474\n|move|p1a: Clefable|Protect|p1a: Clefable\n|-singleturn|p1a: Clefable|Protect\n|move|p2a: Rotom|Will-O-Wisp|p1a: Clefable\n|-activate|p1a: Clefable|move: Protect\n|\n|-heal|p1a: Clefable|100\/100|[from] move: Wish|[wisher] Clefable\n|upkeep\n|turn|31\n|\n|t:|1701033485\n|move|p2a: Rotom|Will-O-Wisp|p1a: Clefable\n|-status|p1a: Clefable|brn\n|move|p1a: Clefable|Moonblast|p2a: Rotom\n|-resisted|p2a: Rotom\n|-damage|p2a: Rotom|21\/100\n|-unboost|p2a: Rotom|spa|1\n|\n|upkeep\n|turn|32\n|\n|t:|1701033494\n|move|p2a: Rotom|Pain Split|p1a: Clefable\n|-sethp|p1a: Clefable|58\/100 brn|[from] move: Pain Split|[silent]\n|-sethp|p2a: Rotom|75\/100|[from] move: Pain Split\n|move|p1a: Clefable|Moonblast|p2a: Rotom\n|-resisted|p2a: Rotom\n|-damage|p2a: Rotom|59\/100\n|\n|-heal|p1a: Clefable|64\/100 brn|[from] item: Leftovers\n|upkeep\n|turn|33\n|\n|t:|1701033510\n|move|p2a: Rotom|Volt Switch|p1a: Clefable\n|-damage|p1a: Clefable|48\/100 brn\n|\n|t:|1701033515\n|switch|p2a: Samurott|Samurott-Hisui, M|55\/100|[from] Volt Switch\n|-damage|p2a: Samurott|43\/100|[from] Stealth Rock\n|move|p1a: Clefable|Wish|p1a: Clefable\n|\n|-heal|p1a: Clefable|54\/100 brn|[from] item: Leftovers\n|upkeep\n|turn|34\n|c|\u2606Crazymoly|33 turns is crazy\n|c|\u2606Crazymoly|i just realized the turns\n|\n|t:|1701033535\n|move|p1a: Clefable|Protect|p1a: Clefable\n|-singleturn|p1a: Clefable|Protect\n|move|p2a: Samurott|Ceaseless Edge|p1a: Clefable\n|-activate|p1a: Clefable|move: Protect\n|\n|-heal|p1a: Clefable|100\/100 brn|[from] move: Wish|[wisher] Clefable\n|upkeep\n|turn|35\n|\n|t:|1701033548\n|switch|p2a: Rotom|Rotom-Heat|59\/100\n|move|p1a: Clefable|Moonblast|p2a: Rotom\n|-resisted|p2a: Rotom\n|-crit|p2a: Rotom\n|-damage|p2a: Rotom|32\/100\n|\n|upkeep\n|turn|36\n|\n|t:|1701033556\n|move|p2a: Rotom|Pain Split|p1a: Clefable\n|-sethp|p1a: Clefable|63\/100 brn|[from] move: Pain Split|[silent]\n|-sethp|p2a: Rotom|81\/100|[from] move: Pain Split\n|move|p1a: Clefable|Moonblast|p2a: Rotom\n|-resisted|p2a: Rotom\n|-damage|p2a: Rotom|66\/100\n|-unboost|p2a: Rotom|spa|1\n|\n|-heal|p1a: Clefable|69\/100 brn|[from] item: Leftovers\n|upkeep\n|turn|37\n|\n|t:|1701033576\n|move|p2a: Rotom|Volt Switch|p1a: Clefable\n|-damage|p1a: Clefable|53\/100 brn\n|\n|t:|1701033578\n|switch|p2a: Gusk|Dragonite, M|100\/100|[from] Volt Switch\n|-damage|p2a: Gusk|76\/100|[from] Stealth Rock\n|move|p1a: Clefable|Wish|p1a: Clefable\n|\n|-heal|p1a: Clefable|59\/100 brn|[from] item: Leftovers\n|upkeep\n|turn|38\n|\n|t:|1701033590\n|move|p2a: Gusk|Dragon Dance|p2a: Gusk\n|-boost|p2a: Gusk|atk|1\n|-boost|p2a: Gusk|spe|1\n|move|p1a: Clefable|Moonblast|p2a: Gusk\n|-supereffective|p2a: Gusk\n|-damage|p2a: Gusk|14\/100\n|-unboost|p2a: Gusk|spa|1\n|\n|-heal|p1a: Clefable|100\/100 brn|[from] move: Wish|[wisher] Clefable\n|upkeep\n|turn|39\n|\n|t:|1701033618\n|move|p2a: Gusk|Earthquake|p1a: Clefable\n|-damage|p1a: Clefable|53\/100 brn\n|move|p1a: Clefable|Moonblast|p2a: Gusk\n|-supereffective|p2a: Gusk\n|-damage|p2a: Gusk|0 fnt\n|faint|p2a: Gusk\n|\n|-heal|p1a: Clefable|59\/100 brn|[from] item: Leftovers\n|upkeep\n|\n|t:|1701033629\n|switch|p2a: Samurott|Samurott-Hisui, M|43\/100\n|-damage|p2a: Samurott|30\/100|[from] Stealth Rock\n|turn|40\n|c|\u2606Crazymoly|why earthquake?\n|\n|t:|1701033634\n|move|p2a: Samurott|Razor Shell|p1a: Clefable\n|-damage|p1a: Clefable|21\/100 brn\n|move|p1a: Clefable|Moonblast|p2a: Samurott\n|-supereffective|p2a: Samurott\n|-damage|p2a: Samurott|0 fnt\n|faint|p2a: Samurott\n|\n|-heal|p1a: Clefable|27\/100 brn|[from] item: Leftovers\n|upkeep\n|\n|t:|1701033645\n|switch|p2a: Rotom|Rotom-Heat|66\/100\n|turn|41\n|\n|t:|1701033649\n|move|p2a: Rotom|Overheat|p1a: Clefable|[miss]\n|-miss|p2a: Rotom|p1a: Clefable\n|move|p1a: Clefable|Wish|p1a: Clefable\n|\n|-heal|p1a: Clefable|33\/100 brn|[from] item: Leftovers\n|upkeep\n|turn|42\n|\n|t:|1701033659\n|move|p1a: Clefable|Protect|p1a: Clefable\n|-singleturn|p1a: Clefable|Protect\n|move|p2a: Rotom|Overheat|p1a: Clefable\n|-activate|p1a: Clefable|move: Protect\n|\n|-heal|p1a: Clefable|83\/100 brn|[from] move: Wish|[wisher] Clefable\n|-heal|p1a: Clefable|89\/100 brn|[from] item: Leftovers\n|upkeep\n|turn|43\n|\n|t:|1701033670\n|move|p2a: Rotom|Overheat|p1a: Clefable|[miss]\n|-miss|p2a: Rotom|p1a: Clefable\n|move|p1a: Clefable|Moonblast|p2a: Rotom\n|-resisted|p2a: Rotom\n|-damage|p2a: Rotom|50\/100\n|-unboost|p2a: Rotom|spa|1\n|\n|-heal|p1a: Clefable|95\/100 brn|[from] item: Leftovers\n|upkeep\n|turn|44\n|\n|t:|1701033680\n|move|p2a: Rotom|Pain Split|p1a: Clefable\n|-sethp|p1a: Clefable|67\/100 brn|[from] move: Pain Split|[silent]\n|-sethp|p2a: Rotom|87\/100|[from] move: Pain Split\n|move|p1a: Clefable|Moonblast|p2a: Rotom\n|-resisted|p2a: Rotom\n|-damage|p2a: Rotom|72\/100\n|\n|-heal|p1a: Clefable|73\/100 brn|[from] item: Leftovers\n|upkeep\n|turn|45\n|\n|t:|1701033693\n|move|p2a: Rotom|Overheat|p1a: Clefable\n|-damage|p1a: Clefable|42\/100 brn\n|-unboost|p2a: Rotom|spa|2\n|move|p1a: Clefable|Moonblast|p2a: Rotom\n|-resisted|p2a: Rotom\n|-damage|p2a: Rotom|56\/100\n|-unboost|p2a: Rotom|spa|1\n|\n|-heal|p1a: Clefable|48\/100 brn|[from] item: Leftovers\n|upkeep\n|turn|46\n|\n|t:|1701033712\n|move|p2a: Rotom|Overheat|p1a: Clefable\n|-damage|p1a: Clefable|34\/100 brn\n|-unboost|p2a: Rotom|spa|2\n|move|p1a: Clefable|Wish|p1a: Clefable\n|\n|-heal|p1a: Clefable|40\/100 brn|[from] item: Leftovers\n|upkeep\n|turn|47\n|\n|t:|1701033721\n|move|p1a: Clefable|Protect|p1a: Clefable\n|-singleturn|p1a: Clefable|Protect\n|move|p2a: Rotom|Volt Switch|p1a: Clefable\n|-activate|p1a: Clefable|move: Protect\n|\n|-heal|p1a: Clefable|90\/100 brn|[from] move: Wish|[wisher] Clefable\n|-heal|p1a: Clefable|96\/100 brn|[from] item: Leftovers\n|upkeep\n|turn|48\n|\n|t:|1701033745\n|move|p2a: Rotom|Pain Split|p1a: Clefable\n|-sethp|p1a: Clefable|70\/100 brn|[from] move: Pain Split|[silent]\n|-sethp|p2a: Rotom|90\/100|[from] move: Pain Split\n|move|p1a: Clefable|Moonblast|p2a: Rotom\n|-resisted|p2a: Rotom\n|-crit|p2a: Rotom\n|-damage|p2a: Rotom|65\/100\n|\n|-heal|p1a: Clefable|76\/100 brn|[from] item: Leftovers\n|upkeep\n|turn|49\n|\n|t:|1701033759\n|move|p2a: Rotom|Will-O-Wisp|p1a: Clefable\n|-fail|p1a: Clefable|brn\n|move|p1a: Clefable|Moonblast|p2a: Rotom\n|-resisted|p2a: Rotom\n|-damage|p2a: Rotom|49\/100\n|\n|-heal|p1a: Clefable|82\/100 brn|[from] item: Leftovers\n|upkeep\n|turn|50\n|\n|t:|1701033769\n|move|p2a: Rotom|Pain Split|p1a: Clefable\n|-sethp|p1a: Clefable|60\/100 brn|[from] move: Pain Split|[silent]\n|-sethp|p2a: Rotom|77\/100|[from] move: Pain Split\n|move|p1a: Clefable|Moonblast|p2a: Rotom\n|-resisted|p2a: Rotom\n|-damage|p2a: Rotom|61\/100\n|\n|-heal|p1a: Clefable|66\/100 brn|[from] item: Leftovers\n|upkeep\n|turn|51\n|\n|t:|1701033779\n|switch|p1a: Swampert|Swampert-Mega, M|94\/100\n|-damage|p1a: Swampert|88\/100|[from] Stealth Rock\n|move|p2a: Rotom|Will-O-Wisp|p1a: Swampert\n|-status|p1a: Swampert|brn\n|\n|-damage|p1a: Swampert|82\/100 brn|[from] brn\n|upkeep\n|turn|52\n|\n|t:|1701033789\n|move|p1a: Swampert|Flip Turn|p2a: Rotom\n|-supereffective|p2a: Rotom\n|-damage|p2a: Rotom|31\/100\n|\n|t:|1701033792\n|switch|p1a: Clefable|Clefable, M|66\/100 brn|[from] Flip Turn\n|move|p2a: Rotom|Pain Split|p1a: Clefable\n|-sethp|p1a: Clefable|45\/100 brn|[from] move: Pain Split|[silent]\n|-sethp|p2a: Rotom|58\/100|[from] move: Pain Split\n|\n|-heal|p1a: Clefable|51\/100 brn|[from] item: Leftovers\n|upkeep\n|turn|53\n|\n|t:|1701033810\n|move|p2a: Rotom|Pain Split|p1a: Clefable\n|-sethp|p1a: Clefable|48\/100 brn|[from] move: Pain Split|[silent]\n|-sethp|p2a: Rotom|62\/100|[from] move: Pain Split\n|move|p1a: Clefable|Wish|p1a: Clefable\n|\n|-heal|p1a: Clefable|54\/100 brn|[from] item: Leftovers\n|upkeep\n|turn|54\n|\n|t:|1701033827\n|move|p1a: Clefable|Protect|p1a: Clefable\n|-singleturn|p1a: Clefable|Protect\n|move|p2a: Rotom|Pain Split|p1a: Clefable\n|-activate|p1a: Clefable|move: Protect\n|\n|-heal|p1a: Clefable|100\/100 brn|[from] move: Wish|[wisher] Clefable\n|upkeep\n|turn|55\n|\n|t:|1701033835\n|move|p2a: Rotom|Pain Split|p1a: Clefable\n|-sethp|p1a: Clefable|74\/100 brn|[from] move: Pain Split|[silent]\n|-sethp|p2a: Rotom|96\/100|[from] move: Pain Split\n|move|p1a: Clefable|Moonblast|p2a: Rotom\n|-resisted|p2a: Rotom\n|-damage|p2a: Rotom|80\/100\n|\n|-heal|p1a: Clefable|80\/100 brn|[from] item: Leftovers\n|upkeep\n|turn|56\n|\n|t:|1701033848\n|switch|p1a: Swampert|Swampert-Mega, M|82\/100 brn\n|-damage|p1a: Swampert|76\/100 brn|[from] Stealth Rock\n|move|p2a: Rotom|Will-O-Wisp|p1a: Swampert\n|-fail|p1a: Swampert|brn\n|\n|-damage|p1a: Swampert|70\/100 brn|[from] brn\n|upkeep\n|turn|57\n|\n|t:|1701033859\n|move|p1a: Swampert|Waterfall|p2a: Rotom\n|-supereffective|p2a: Rotom\n|-damage|p2a: Rotom|38\/100\n|move|p2a: Rotom|Pain Split|p1a: Swampert\n|-sethp|p1a: Swampert|52\/100 brn|[from] move: Pain Split|[silent]\n|-sethp|p2a: Rotom|58\/100|[from] move: Pain Split\n|\n|-damage|p1a: Swampert|46\/100 brn|[from] brn\n|upkeep\n|turn|58\n|\n|t:|1701033869\n|move|p1a: Swampert|Waterfall|p2a: Rotom\n|-supereffective|p2a: Rotom\n|-damage|p2a: Rotom|15\/100\n|move|p2a: Rotom|Pain Split|p1a: Swampert\n|-sethp|p1a: Swampert|30\/100 brn|[from] move: Pain Split|[silent]\n|-sethp|p2a: Rotom|33\/100|[from] move: Pain Split\n|\n|-damage|p1a: Swampert|23\/100 brn|[from] brn\n|upkeep\n|turn|59\n|\n|t:|1701033882\n|switch|p2a: Aegislash|Aegislash, M, tera:Fighting|34\/100\n|-damage|p2a: Aegislash|28\/100|[from] Stealth Rock\n|move|p1a: Swampert|Waterfall|p2a: Aegislash\n|-damage|p2a: Aegislash|13\/100\n|\n|-heal|p2a: Aegislash|20\/100|[from] item: Leftovers\n|-damage|p1a: Swampert|17\/100 brn|[from] brn\n|upkeep\n|turn|60\n|c|\u2606Crazymoly|Wtf\n|c|\u2606Crazymoly|how is this rotam so damn bulky\n|\n|t:|1701033897\n|move|p2a: Aegislash|King's Shield|p2a: Aegislash\n|-singleturn|p2a: Aegislash|Protect\n|move|p1a: Swampert|Earthquake|p2a: Aegislash\n|-activate|p2a: Aegislash|move: Protect\n|\n|-heal|p2a: Aegislash|26\/100|[from] item: Leftovers\n|-damage|p1a: Swampert|11\/100 brn|[from] brn\n|upkeep\n|turn|61\n|\n|t:|1701033910\n|move|p1a: Swampert|Earthquake|p2a: Aegislash\n|-damage|p2a: Aegislash|6\/100\n|-formechange|p2a: Aegislash|Aegislash-Blade||[from] ability: Stance Change\n|move|p2a: Aegislash|Shadow Claw|p1a: Swampert\n|-damage|p1a: Swampert|0 fnt\n|faint|p1a: Swampert\n|\n|-heal|p2a: Aegislash|13\/100|[from] item: Leftovers\n|upkeep\n|\n|t:|1701033914\n|switch|p1a: Clefable|Clefable, M|80\/100 brn\n|turn|62\n|\n|t:|1701033929\n|-formechange|p2a: Aegislash|Aegislash||[from] ability: Stance Change\n|move|p2a: Aegislash|King's Shield|p2a: Aegislash\n|-singleturn|p2a: Aegislash|Protect\n|move|p1a: Clefable|Moonblast|p2a: Aegislash\n|-activate|p2a: Aegislash|move: Protect\n|\n|-heal|p1a: Clefable|86\/100 brn|[from] item: Leftovers\n|-heal|p2a: Aegislash|19\/100|[from] item: Leftovers\n|upkeep\n|turn|63\n|\n|t:|1701033941\n|-formechange|p2a: Aegislash|Aegislash-Blade||[from] ability: Stance Change\n|move|p2a: Aegislash|Iron Head|p1a: Clefable\n|-supereffective|p1a: Clefable\n|-damage|p1a: Clefable|35\/100 brn\n|move|p1a: Clefable|Moonblast|p2a: Aegislash\n|-supereffective|p2a: Aegislash\n|-damage|p2a: Aegislash|0 fnt\n|faint|p2a: Aegislash\n|\n|-heal|p1a: Clefable|41\/100 brn|[from] item: Leftovers\n|upkeep\n|\n|t:|1701033954\n|switch|p2a: Rotom|Rotom-Heat|33\/100\n|turn|64\n|\n|t:|1701033958\n|move|p2a: Rotom|Overheat|p1a: Clefable\n|-damage|p1a: Clefable|0 fnt\n|-unboost|p2a: Rotom|spa|2\n|faint|p1a: Clefable\n|\n|win|Logicactiv\n|c|\u2606Crazymoly|gg\n","uploadtime":1701033965,"views":33,"p1id":"crazymoly","p2id":"logicactiv","formatid":"gen9nationaldex","rating":0,"private":0,"password":""}