{"id":"gen9nationaldex-1990594342","p1":"Syph0n_78","p2":"1Tyler08","format":"[Gen 9] National Dex","log":"|j|\u2606Syph0n_78\n|j|\u26061Tyler08\n|t:|1699984235\n|gametype|singles\n|player|p1|Syph0n_78|iris-gen5bw2|1197\n|player|p2|1Tyler08|brycenman|1103\n|teamsize|p1|6\n|teamsize|p2|6\n|gen|9\n|tier|[Gen 9] National Dex\n|rated|\n|rule|HP Percentage Mod: HP is shown in percentages\n|rule|Endless Battle Clause: Forcing endless battles is banned\n|rule|OHKO Clause: OHKO moves are banned\n|rule|Evasion Clause: Evasion abilities, items, and moves are banned\n|rule|Evasion Abilities Clause: Evasion abilities are banned\n|rule|Evasion Items Clause: Evasion items are banned\n|rule|Evasion Moves Clause: Evasion moves are banned\n|rule|Species Clause: Limit one of each Pok\u00e9mon\n|rule|Sleep Clause Mod: Limit one foe put to sleep\n|clearpoke\n|poke|p1|Gligar, F|\n|poke|p1|Golisopod, M|\n|poke|p1|Kommo-o, F|\n|poke|p1|Garganacl, F|\n|poke|p1|Ogerpon-Wellspring, F|\n|poke|p1|Weezing-Galar, M|\n|poke|p2|Glimmora, M|\n|poke|p2|Hatterene, F|\n|poke|p2|Ogerpon-Wellspring, F|\n|poke|p2|Kommo-o, M|\n|poke|p2|Charizard, M|\n|poke|p2|Aegislash, M|\n|teampreview\n|\n|t:|1699984251\n|start\n|switch|p1a: Kommo-o|Kommo-o, F|100\/100\n|switch|p2a: Glimmora|Glimmora, M|100\/100\n|turn|1\n|\n|t:|1699984258\n|move|p1a: Kommo-o|Flash Cannon|p2a: Glimmora\n|-supereffective|p2a: Glimmora\n|-damage|p2a: Glimmora|56\/100\n|move|p2a: Glimmora|Stealth Rock|p1a: Kommo-o\n|-sidestart|p1: Syph0n_78|move: Stealth Rock\n|\n|upkeep\n|turn|2\n|\n|t:|1699984266\n|-zpower|p1a: Kommo-o\n|move|p1a: Kommo-o|Clangorous Soulblaze|p2a: Glimmora|[zeffect]\n|-damage|p2a: Glimmora|0 fnt\n|faint|p2a: Glimmora\n|-boost|p1a: Kommo-o|atk|1\n|-boost|p1a: Kommo-o|def|1\n|-boost|p1a: Kommo-o|spa|1\n|-boost|p1a: Kommo-o|spd|1\n|-boost|p1a: Kommo-o|spe|1\n|\n|upkeep\n|inactive|Battle timer is ON: inactive players will automatically lose when time's up. (requested by Syph0n_78)\n|\n|t:|1699984281\n|switch|p2a: Hatterene|Hatterene, F|100\/100\n|turn|3\n|\n|t:|1699984287\n|move|p1a: Kommo-o|Flash Cannon|p2a: Hatterene\n|-supereffective|p2a: Hatterene\n|-enditem|p2a: Hatterene|Babiri Berry|[eat]\n|-enditem|p2a: Hatterene|Babiri Berry|[weaken]\n|-damage|p2a: Hatterene|68\/100\n|move|p2a: Hatterene|Dazzling Gleam|p1a: Kommo-o\n|-supereffective|p1a: Kommo-o\n|-damage|p1a: Kommo-o|0 fnt\n|faint|p1a: Kommo-o\n|\n|upkeep\n|\n|t:|1699984300\n|switch|p1a: Garganacl|Garganacl, F|100\/100\n|-damage|p1a: Garganacl|88\/100|[from] Stealth Rock\n|turn|4\n|\n|t:|1699984310\n|move|p1a: Garganacl|Salt Cure|p2a: Hatterene\n|-damage|p2a: Hatterene|56\/100\n|-start|p2a: Hatterene|Salt Cure\n|move|p2a: Hatterene|Nuzzle|p1a: Garganacl\n|-damage|p1a: Garganacl|85\/100\n|\n|-heal|p1a: Garganacl|92\/100|[from] item: Leftovers\n|-damage|p2a: Hatterene|44\/100|[from] Salt Cure\n|upkeep\n|turn|5\n|\n|t:|1699984325\n|move|p1a: Garganacl|Curse|p1a: Garganacl\n|-unboost|p1a: Garganacl|spe|1\n|-boost|p1a: Garganacl|atk|1\n|-boost|p1a: Garganacl|def|1\n|move|p2a: Hatterene|Trick|p1a: Garganacl\n|-activate|p2a: Hatterene|move: Trick|[of] p1a: Garganacl\n|-enditem|p1a: Garganacl|Leftovers|[silent]|[from] move: Trick\n|-item|p2a: Hatterene|Leftovers|[from] move: Trick\n|\n|-heal|p2a: Hatterene|50\/100|[from] item: Leftovers\n|-damage|p2a: Hatterene|37\/100|[from] Salt Cure\n|upkeep\n|turn|6\n|inactive|Syph0n_78 has 120 seconds left.\n|\n|t:|1699984355\n|move|p2a: Hatterene|Dazzling Gleam|p1a: Garganacl\n|-damage|p1a: Garganacl|57\/100\n|move|p1a: Garganacl|Curse|p1a: Garganacl\n|-unboost|p1a: Garganacl|spe|1\n|-boost|p1a: Garganacl|atk|1\n|-boost|p1a: Garganacl|def|1\n|\n|-heal|p2a: Hatterene|43\/100|[from] item: Leftovers\n|-damage|p2a: Hatterene|31\/100|[from] Salt Cure\n|upkeep\n|turn|7\n|inactive|Syph0n_78 has 120 seconds left.\n|\n|t:|1699984367\n|move|p2a: Hatterene|Dazzling Gleam|p1a: Garganacl\n|-damage|p1a: Garganacl|24\/100\n|move|p1a: Garganacl|Recover|p1a: Garganacl\n|-heal|p1a: Garganacl|74\/100\n|\n|-heal|p2a: Hatterene|37\/100|[from] item: Leftovers\n|-damage|p2a: Hatterene|25\/100|[from] Salt Cure\n|upkeep\n|turn|8\n|inactive|Syph0n_78 has 120 seconds left.\n|\n|t:|1699984378\n|move|p2a: Hatterene|Dazzling Gleam|p1a: Garganacl\n|-damage|p1a: Garganacl|40\/100\n|move|p1a: Garganacl|Recover|p1a: Garganacl\n|-heal|p1a: Garganacl|90\/100\n|\n|-heal|p2a: Hatterene|31\/100|[from] item: Leftovers\n|-damage|p2a: Hatterene|18\/100|[from] Salt Cure\n|upkeep\n|turn|9\n|\n|t:|1699984389\n|move|p2a: Hatterene|Dazzling Gleam|p1a: Garganacl\n|-damage|p1a: Garganacl|59\/100\n|move|p1a: Garganacl|Recover|p1a: Garganacl\n|-heal|p1a: Garganacl|100\/100\n|\n|-heal|p2a: Hatterene|24\/100|[from] item: Leftovers\n|-damage|p2a: Hatterene|12\/100|[from] Salt Cure\n|upkeep\n|turn|10\n|\n|t:|1699984400\n|move|p2a: Hatterene|Dazzling Gleam|p1a: Garganacl\n|-damage|p1a: Garganacl|70\/100\n|move|p1a: Garganacl|Recover|p1a: Garganacl\n|-heal|p1a: Garganacl|100\/100\n|\n|-heal|p2a: Hatterene|18\/100|[from] item: Leftovers\n|-damage|p2a: Hatterene|6\/100|[from] Salt Cure\n|upkeep\n|turn|11\n|\n|t:|1699984409\n|move|p2a: Hatterene|Dazzling Gleam|p1a: Garganacl\n|-damage|p1a: Garganacl|68\/100\n|move|p1a: Garganacl|Recover|p1a: Garganacl\n|-heal|p1a: Garganacl|100\/100\n|\n|-heal|p2a: Hatterene|12\/100|[from] item: Leftovers\n|-damage|p2a: Hatterene|0 fnt|[from] Salt Cure\n|faint|p2a: Hatterene\n|upkeep\n|\n|t:|1699984423\n|switch|p2a: Ogerpon|Ogerpon-Wellspring, F|100\/100\n|turn|12\n|\n|t:|1699984430\n|switch|p1a: Golisopod|Golisopod, M|100\/100\n|-damage|p1a: Golisopod|76\/100|[from] Stealth Rock\n|move|p2a: Ogerpon|Ivy Cudgel|p1a: Golisopod|[anim] Ivy Cudgel Water\n|-resisted|p1a: Golisopod\n|-damage|p1a: Golisopod|55\/100\n|\n|upkeep\n|turn|13\n|\n|t:|1699984440\n|-terastallize|p2a: Ogerpon|Water\n|detailschange|p2a: Ogerpon|Ogerpon-Wellspring-Tera, F, tera:Water\n|-ability|p2a: Ogerpon|Embody Aspect (Wellspring)|boost\n|-boost|p2a: Ogerpon|spd|1\n|move|p1a: Golisopod|First Impression|p2a: Ogerpon\n|-damage|p2a: Ogerpon|35\/100\n|move|p2a: Ogerpon|Horn Leech|p1a: Golisopod\n|-damage|p1a: Golisopod|24\/100\n|-heal|p2a: Ogerpon|54\/100|[from] drain|[of] p1a: Golisopod\n|-activate|p1a: Golisopod|ability: Emergency Exit\n|\n|t:|1699984452\n|switch|p1a: Weezing|Weezing-Galar, M|100\/100\n|-ability|p1a: Weezing|Neutralizing Gas\n|-damage|p1a: Weezing|88\/100|[from] Stealth Rock\n|\n|-heal|p1a: Weezing|94\/100|[from] item: Leftovers\n|upkeep\n|turn|14\n|\n|t:|1699984463\n|move|p2a: Ogerpon|Stomping Tantrum|p1a: Weezing\n|-supereffective|p1a: Weezing\n|-damage|p1a: Weezing|43\/100\n|move|p1a: Weezing|Will-O-Wisp|p2a: Ogerpon\n|-status|p2a: Ogerpon|brn\n|\n|-heal|p1a: Weezing|49\/100|[from] item: Leftovers\n|-damage|p2a: Ogerpon|48\/100 brn|[from] brn\n|upkeep\n|turn|15\n|\n|t:|1699984474\n|move|p2a: Ogerpon|Stomping Tantrum|p1a: Weezing\n|-supereffective|p1a: Weezing\n|-damage|p1a: Weezing|22\/100\n|move|p1a: Weezing|Defog|p2a: Ogerpon\n|-unboost|p2a: Ogerpon|evasion|1\n|-sideend|p1: Syph0n_78|Stealth Rock|[from] move: Defog|[of] p1a: Weezing\n|\n|-heal|p1a: Weezing|28\/100|[from] item: Leftovers\n|-damage|p2a: Ogerpon|42\/100 brn|[from] brn\n|upkeep\n|turn|16\n|\n|t:|1699984490\n|-end|p1a: Weezing|ability: Neutralizing Gas\n|-ability|p2a: Ogerpon|Embody Aspect (Wellspring)|boost\n|-boost|p2a: Ogerpon|spd|1\n|switch|p1a: Golisopod|Golisopod, M|24\/100\n|move|p2a: Ogerpon|Ivy Cudgel|p1a: Golisopod|[anim] Ivy Cudgel Water\n|-resisted|p1a: Golisopod\n|-damage|p1a: Golisopod|10\/100\n|\n|-damage|p2a: Ogerpon|36\/100 brn|[from] brn\n|upkeep\n|turn|17\n|\n|t:|1699984501\n|move|p1a: Golisopod|First Impression|p2a: Ogerpon\n|-damage|p2a: Ogerpon|0 fnt\n|faint|p2a: Ogerpon\n|\n|upkeep\n|\n|t:|1699984513\n|switch|p2a: Charizard|Charizard, M|100\/100\n|turn|18\n|\n|t:|1699984518\n|detailschange|p2a: Charizard|Charizard-Mega-Y, M\n|-mega|p2a: Charizard|Charizard|Charizardite Y\n|-weather|SunnyDay|[from] ability: Drought|[of] p2a: Charizard\n|move|p1a: Golisopod|Sucker Punch|p2a: Charizard\n|-damage|p2a: Charizard|59\/100\n|move|p2a: Charizard|Flamethrower|p1a: Golisopod\n|-damage|p1a: Golisopod|0 fnt\n|faint|p1a: Golisopod\n|\n|-weather|SunnyDay|[upkeep]\n|upkeep\n|\n|t:|1699984537\n|switch|p1a: Gligar|Gligar, F|100\/100\n|turn|19\n|\n|t:|1699984547\n|move|p2a: Charizard|Flamethrower|p1a: Gligar\n|-damage|p1a: Gligar|18\/100\n|move|p1a: Gligar|Stealth Rock|p2a: Charizard\n|-sidestart|p2: 1Tyler08|move: Stealth Rock\n|\n|-weather|SunnyDay|[upkeep]\n|upkeep\n|turn|20\n|\n|t:|1699984557\n|switch|p1a: Garganacl|Garganacl, F|100\/100\n|move|p2a: Charizard|Flamethrower|p1a: Garganacl\n|-resisted|p1a: Garganacl\n|-damage|p1a: Garganacl|60\/100\n|\n|-weather|SunnyDay|[upkeep]\n|upkeep\n|turn|21\n|\n|t:|1699984587\n|switch|p1a: Gligar|Gligar, F|18\/100\n|move|p2a: Charizard|Solar Beam||[still]\n|-prepare|p2a: Charizard|Solar Beam\n|-anim|p2a: Charizard|Solar Beam|p1a: Gligar\n|-damage|p1a: Gligar|0 fnt\n|faint|p1a: Gligar\n|\n|-weather|SunnyDay|[upkeep]\n|upkeep\n|inactive|Syph0n_78 has 120 seconds left.\n|\n|t:|1699984598\n|switch|p1a: Ogerpon|Ogerpon-Wellspring, F|100\/100\n|turn|22\n|inactive|1Tyler08 has 120 seconds left.\n|\n|t:|1699984631\n|-terastallize|p1a: Ogerpon|Water\n|detailschange|p1a: Ogerpon|Ogerpon-Wellspring-Tera, F, tera:Water\n|-ability|p1a: Ogerpon|Embody Aspect (Wellspring)|boost\n|-boost|p1a: Ogerpon|spd|1\n|move|p1a: Ogerpon|Ivy Cudgel|p2a: Charizard|[anim] Ivy Cudgel Water\n|-supereffective|p2a: Charizard\n|-damage|p2a: Charizard|0 fnt\n|faint|p2a: Charizard\n|\n|-weather|none\n|upkeep\n|inactive|1Tyler08 has 120 seconds left.\n|\n|t:|1699984664\n|switch|p2a: Kommo-o|Kommo-o, M|100\/100\n|-damage|p2a: Kommo-o|94\/100|[from] Stealth Rock\n|turn|23\n|\n|t:|1699984674\n|move|p1a: Ogerpon|U-turn|p2a: Kommo-o\n|-resisted|p2a: Kommo-o\n|-damage|p2a: Kommo-o|86\/100\n|\n|t:|1699984677\n|switch|p1a: Weezing|Weezing-Galar, M|28\/100|[from] U-turn\n|-ability|p1a: Weezing|Neutralizing Gas\n|-zpower|p2a: Kommo-o\n|move|p2a: Kommo-o|Clangorous Soulblaze|p1a: Weezing|[zeffect]\n|-immune|p1a: Weezing\n|\n|-heal|p1a: Weezing|34\/100|[from] item: Leftovers\n|upkeep\n|turn|24\n|inactive|1Tyler08 has 90 seconds left.\n|-message|1Tyler08 forfeited.\n|\n|win|Syph0n_78\n|raw|Syph0n_78's rating: 1197 &rarr; <strong>1215<\/strong><br \/>(+18 for winning)\n|raw|1Tyler08's rating: 1103 &rarr; <strong>1085<\/strong><br \/>(-18 for losing)\n|l|\u26061Tyler08\n","uploadtime":1699984719,"views":8,"p1id":"syph0n78","p2id":"1tyler08","formatid":"gen9nationaldex","rating":1085,"private":0,"password":""}