{"id":"gen9nationaldex-1987792171","p1":"Kluud","p2":"moongo","format":"[Gen 9] National Dex","log":"|j|\u2606Kluud\n|j|\u2606moongo\n|t:|1699637295\n|gametype|singles\n|player|p1|Kluud|blackbelt-gen4dp|1572\n|player|p2|moongo|pokemonranger|1565\n|teamsize|p1|6\n|teamsize|p2|6\n|gen|9\n|tier|[Gen 9] National Dex\n|rated|\n|rule|HP Percentage Mod: HP is shown in percentages\n|rule|Endless Battle Clause: Forcing endless battles is banned\n|rule|OHKO Clause: OHKO moves are banned\n|rule|Evasion Clause: Evasion abilities, items, and moves are banned\n|rule|Evasion Abilities Clause: Evasion abilities are banned\n|rule|Evasion Items Clause: Evasion items are banned\n|rule|Evasion Moves Clause: Evasion moves are banned\n|rule|Species Clause: Limit one of each Pok\u00e9mon\n|rule|Sleep Clause Mod: Limit one foe put to sleep\n|clearpoke\n|poke|p1|Tyranitar, F|\n|poke|p1|Kartana|\n|poke|p1|Hatterene, F|\n|poke|p1|Greninja-*, M|\n|poke|p1|Landorus-Therian, M|\n|poke|p1|Tornadus-Therian, M|\n|poke|p2|Sableye, M|\n|poke|p2|Dondozo, F|\n|poke|p2|Blissey, F|\n|poke|p2|Gliscor, M|\n|poke|p2|Latias, F|\n|poke|p2|Corviknight, F|\n|teampreview\n|inactive|Battle timer is ON: inactive players will automatically lose when time's up. (requested by Kluud)\n|j| xiada\n|\n|t:|1699637305\n|start\n|switch|p1a: Tornadus|Tornadus-Therian, M|100\/100\n|switch|p2a: Sableye|Sableye, M|100\/100\n|turn|1\n|\n|t:|1699637310\n|detailschange|p2a: Sableye|Sableye-Mega, M\n|-mega|p2a: Sableye|Sableye|Sablenite\n|move|p1a: Tornadus|U-turn|p2a: Sableye\n|-damage|p2a: Sableye|87\/100\n|\n|t:|1699637312\n|switch|p1a: Hatterene|Hatterene, F|100\/100|[from] U-turn\n|move|p2a: Sableye|Will-O-Wisp|p1a: Hatterene\n|move|p1a: Hatterene|Will-O-Wisp|p2a: Sableye|[from]ability: Magic Bounce\n|-status|p2a: Sableye|brn\n|\n|-damage|p2a: Sableye|81\/100 brn|[from] brn\n|upkeep\n|turn|2\n|\n|t:|1699637326\n|switch|p1a: Tornadus|Tornadus-Therian, M|100\/100\n|switch|p2a: Blissey|Blissey, F|100\/100\n|\n|upkeep\n|turn|3\n|\n|t:|1699637334\n|move|p1a: Tornadus|U-turn|p2a: Blissey\n|-damage|p2a: Blissey|87\/100\n|\n|t:|1699637336\n|switch|p1a: Hatterene|Hatterene, F|100\/100|[from] U-turn\n|move|p2a: Blissey|Toxic|p1a: Hatterene\n|move|p1a: Hatterene|Toxic|p2a: Blissey|[from]ability: Magic Bounce\n|-status|p2a: Blissey|tox\n|\n|-damage|p2a: Blissey|81\/100 tox|[from] psn\n|upkeep\n|turn|4\n|\n|t:|1699637342\n|-curestatus|p2a: Blissey|tox|[from] ability: Natural Cure\n|switch|p2a: Corviknight|Corviknight, F|100\/100\n|-ability|p2a: Corviknight|Pressure\n|move|p1a: Hatterene|Mystical Fire|p2a: Corviknight\n|-supereffective|p2a: Corviknight\n|-damage|p2a: Corviknight|50\/100\n|-unboost|p2a: Corviknight|spa|1\n|\n|-heal|p2a: Corviknight|56\/100|[from] item: Leftovers\n|upkeep\n|turn|5\n|\n|t:|1699637364\n|switch|p2a: Blissey|Blissey, F|81\/100\n|move|p1a: Hatterene|Calm Mind|p1a: Hatterene\n|-boost|p1a: Hatterene|spa|1\n|-boost|p1a: Hatterene|spd|1\n|\n|upkeep\n|turn|6\n|\n|t:|1699637367\n|move|p2a: Blissey|Seismic Toss|p1a: Hatterene\n|-damage|p1a: Hatterene|69\/100\n|move|p1a: Hatterene|Calm Mind|p1a: Hatterene\n|-boost|p1a: Hatterene|spa|1\n|-boost|p1a: Hatterene|spd|1\n|\n|-heal|p1a: Hatterene|75\/100|[from] item: Leftovers\n|upkeep\n|turn|7\n|\n|t:|1699637369\n|move|p2a: Blissey|Seismic Toss|p1a: Hatterene\n|-damage|p1a: Hatterene|44\/100\n|move|p1a: Hatterene|Calm Mind|p1a: Hatterene\n|-boost|p1a: Hatterene|spa|1\n|-boost|p1a: Hatterene|spd|1\n|\n|-heal|p1a: Hatterene|50\/100|[from] item: Leftovers\n|upkeep\n|turn|8\n|\n|t:|1699637375\n|move|p2a: Blissey|Seismic Toss|p1a: Hatterene\n|-damage|p1a: Hatterene|18\/100\n|move|p1a: Hatterene|Draining Kiss|p2a: Blissey\n|-damage|p2a: Blissey|57\/100\n|-heal|p1a: Hatterene|58\/100|[from] drain|[of] p2a: Blissey\n|\n|-heal|p1a: Hatterene|64\/100|[from] item: Leftovers\n|upkeep\n|turn|9\n|-message|moongo forfeited.\n|\n|win|Kluud\n|raw|Kluud's rating: 1572 &rarr; <strong>1592<\/strong><br \/>(+20 for winning)\n|raw|moongo's rating: 1565 &rarr; <strong>1545<\/strong><br \/>(-20 for losing)\n|l|\u2606moongo\n|j| iknowup\n|l| xiada\n|l|\u2606Kluud\n|j|\u2606Kluud\n|player|p1|Kluud|blackbelt-gen4dp\n","uploadtime":1699637711,"views":4,"p1id":"kluud","p2id":"moongo","formatid":"gen9nationaldex","rating":1545,"private":0,"password":""}