{"id":"gen9nationaldex-1995880343","p1":"chillpanda21","p2":"gen7wins","format":"[Gen 9] National Dex","log":"|html|<div class=\"broadcast-blue\"><strong>[Gen 9] National Dex is currently suspecting Sneasler! For information on how to participate check out the <a href=\"https:\/\/www.smogon.com\/forums\/threads\/sv-national-dex-suspect-8-just-dance.3731534\/\">suspect thread<\/a>.<\/strong><\/div>\n|j|\u2606chillpanda21\n|j|\u2606gen7wins\n|t:|1700612929\n|gametype|singles\n|player|p1|chillpanda21|steven|1242\n|player|p2|gen7wins|170|1178\n|teamsize|p1|6\n|teamsize|p2|6\n|gen|9\n|tier|[Gen 9] National Dex\n|rated|\n|rule|HP Percentage Mod: HP is shown in percentages\n|rule|Endless Battle Clause: Forcing endless battles is banned\n|rule|OHKO Clause: OHKO moves are banned\n|rule|Evasion Clause: Evasion abilities, items, and moves are banned\n|rule|Evasion Abilities Clause: Evasion abilities are banned\n|rule|Evasion Items Clause: Evasion items are banned\n|rule|Evasion Moves Clause: Evasion moves are banned\n|rule|Species Clause: Limit one of each Pok\u00e9mon\n|rule|Sleep Clause Mod: Limit one foe put to sleep\n|clearpoke\n|poke|p1|Scizor, F|\n|poke|p1|Tapu Lele|\n|poke|p1|Zapdos|\n|poke|p1|Latias, F|\n|poke|p1|Urshifu-*, M|\n|poke|p1|Pelipper, M|\n|poke|p2|Scizor, M|\n|poke|p2|Rillaboom, M|\n|poke|p2|Hippowdon, M|\n|poke|p2|Rotom-Wash|\n|poke|p2|Heatran, M|\n|poke|p2|Greninja-*, M|\n|teampreview\n|\n|t:|1700612951\n|start\n|switch|p1a: Urshifu|Urshifu-Rapid-Strike, M|100\/100\n|switch|p2a: Hippowdon|Hippowdon, M|100\/100\n|-weather|Sandstorm|[from] ability: Sand Stream|[of] p2a: Hippowdon\n|turn|1\n|inactive|Battle timer is ON: inactive players will automatically lose when time's up. (requested by gen7wins)\n|\n|t:|1700612960\n|-terastallize|p1a: Urshifu|Water\n|-terastallize|p2a: Hippowdon|Grass\n|move|p1a: Urshifu|Surging Strikes|p2a: Hippowdon\n|-resisted|p2a: Hippowdon\n|-crit|p2a: Hippowdon\n|-damage|p2a: Hippowdon|93\/100\n|-damage|p1a: Urshifu|84\/100|[from] item: Rocky Helmet|[of] p2a: Hippowdon\n|-resisted|p2a: Hippowdon\n|-crit|p2a: Hippowdon\n|-damage|p2a: Hippowdon|85\/100\n|-damage|p1a: Urshifu|68\/100|[from] item: Rocky Helmet|[of] p2a: Hippowdon\n|-resisted|p2a: Hippowdon\n|-crit|p2a: Hippowdon\n|-damage|p2a: Hippowdon|76\/100\n|-damage|p1a: Urshifu|51\/100|[from] item: Rocky Helmet|[of] p2a: Hippowdon\n|-hitcount|p2a: Hippowdon|3\n|move|p2a: Hippowdon|Stealth Rock|p1a: Urshifu\n|-sidestart|p1: chillpanda21|move: Stealth Rock\n|\n|-weather|Sandstorm|[upkeep]\n|-damage|p1a: Urshifu|45\/100|[from] Sandstorm\n|-damage|p2a: Hippowdon|70\/100|[from] Sandstorm\n|upkeep\n|turn|2\n|c|\u2606chillpanda21|:<\n|\n|t:|1700612974\n|switch|p1a: Pelipper|Pelipper, M|100\/100\n|-damage|p1a: Pelipper|76\/100|[from] Stealth Rock\n|-weather|RainDance|[from] ability: Drizzle|[of] p1a: Pelipper\n|switch|p2a: Rotom|Rotom-Wash|100\/100\n|\n|-weather|RainDance|[upkeep]\n|upkeep\n|turn|3\n|\n|t:|1700612983\n|move|p2a: Rotom|Volt Switch|p1a: Pelipper\n|-supereffective|p1a: Pelipper\n|-damage|p1a: Pelipper|0 fnt\n|faint|p1a: Pelipper\n|\n|t:|1700612986\n|switch|p2a: Hippowdon|Hippowdon, M, tera:Grass|70\/100|[from] Volt Switch\n|-weather|Sandstorm|[from] ability: Sand Stream|[of] p2a: Hippowdon\n|\n|-weather|Sandstorm|[upkeep]\n|-damage|p2a: Hippowdon|64\/100|[from] Sandstorm\n|upkeep\n|\n|t:|1700612996\n|switch|p1a: Latias|Latias, F|100\/100\n|-damage|p1a: Latias|88\/100|[from] Stealth Rock\n|turn|4\n|\n|t:|1700613000\n|switch|p2a: Heatran|Heatran, M|100\/100\n|move|p1a: Latias|Agility|p1a: Latias\n|-boost|p1a: Latias|spe|2\n|\n|-weather|Sandstorm|[upkeep]\n|-damage|p1a: Latias|82\/100|[from] Sandstorm\n|upkeep\n|turn|5\n|\n|t:|1700613004\n|move|p1a: Latias|Calm Mind|p1a: Latias\n|-boost|p1a: Latias|spa|1\n|-boost|p1a: Latias|spd|1\n|move|p2a: Heatran|Toxic|p1a: Latias\n|-status|p1a: Latias|tox\n|\n|-weather|Sandstorm|[upkeep]\n|-damage|p1a: Latias|76\/100 tox|[from] Sandstorm\n|-damage|p1a: Latias|70\/100 tox|[from] psn\n|upkeep\n|turn|6\n|\n|t:|1700613009\n|move|p1a: Latias|Calm Mind|p1a: Latias\n|-boost|p1a: Latias|spa|1\n|-boost|p1a: Latias|spd|1\n|move|p2a: Heatran|Taunt|p1a: Latias\n|-start|p1a: Latias|move: Taunt\n|\n|-weather|Sandstorm|[upkeep]\n|-damage|p1a: Latias|64\/100 tox|[from] Sandstorm\n|-damage|p1a: Latias|52\/100 tox|[from] psn\n|upkeep\n|turn|7\n|\n|t:|1700613011\n|move|p1a: Latias|Aura Sphere|p2a: Heatran\n|-supereffective|p2a: Heatran\n|-damage|p2a: Heatran|54\/100\n|move|p2a: Heatran|Magma Storm|p1a: Latias\n|-resisted|p1a: Latias\n|-damage|p1a: Latias|44\/100 tox\n|-activate|p1a: Latias|move: Magma Storm|[of] p2a: Heatran\n|\n|-weather|none\n|-heal|p2a: Heatran|60\/100|[from] item: Leftovers\n|-damage|p1a: Latias|26\/100 tox|[from] psn\n|-damage|p1a: Latias|14\/100 tox|[from] move: Magma Storm|[partiallytrapped]\n|upkeep\n|turn|8\n|\n|t:|1700613018\n|switch|p2a: Scizor|Scizor, M|100\/100\n|move|p1a: Latias|Aura Sphere|p2a: Scizor\n|-damage|p2a: Scizor|53\/100\n|\n|-damage|p1a: Latias|0 fnt|[from] psn\n|faint|p1a: Latias\n|upkeep\n|\n|t:|1700613033\n|switch|p1a: Zapdos|Zapdos|100\/100\n|-damage|p1a: Zapdos|76\/100|[from] Stealth Rock\n|turn|9\n|\n|t:|1700613040\n|switch|p2a: Heatran|Heatran, M|60\/100\n|move|p1a: Zapdos|Hurricane|p2a: Heatran\n|-resisted|p2a: Heatran\n|-damage|p2a: Heatran|43\/100\n|-start|p2a: Heatran|confusion\n|\n|-heal|p2a: Heatran|49\/100|[from] item: Leftovers\n|upkeep\n|turn|10\n|\n|t:|1700613056\n|switch|p1a: Tapu Lele|Tapu Lele|100\/100\n|-damage|p1a: Tapu Lele|88\/100|[from] Stealth Rock\n|-fieldstart|move: Psychic Terrain|[from] ability: Psychic Surge|[of] p1a: Tapu Lele\n|switch|p2a: Rillaboom|Rillaboom, M|100\/100\n|-fieldstart|move: Grassy Terrain|[from] ability: Grassy Surge|[of] p2a: Rillaboom\n|\n|-heal|p1a: Tapu Lele|94\/100|[from] Grassy Terrain\n|upkeep\n|turn|11\n|\n|t:|1700613060\n|move|p1a: Tapu Lele|Moonblast|p2a: Rillaboom\n|-damage|p2a: Rillaboom|38\/100\n|-unboost|p2a: Rillaboom|spa|1\n|move|p2a: Rillaboom|U-turn|p1a: Tapu Lele\n|-damage|p1a: Tapu Lele|44\/100\n|\n|t:|1700613065\n|switch|p2a: Scizor|Scizor, M|53\/100|[from] U-turn\n|\n|-heal|p1a: Tapu Lele|50\/100|[from] Grassy Terrain\n|-heal|p2a: Scizor|59\/100|[from] Grassy Terrain\n|upkeep\n|turn|12\n|\n|t:|1700613069\n|detailschange|p2a: Scizor|Scizor-Mega, M\n|-mega|p2a: Scizor|Scizor|Scizorite\n|move|p1a: Tapu Lele|Moonblast|p2a: Scizor\n|-resisted|p2a: Scizor\n|-damage|p2a: Scizor|31\/100\n|move|p2a: Scizor|Roost|p2a: Scizor\n|-heal|p2a: Scizor|81\/100\n|-singleturn|p2a: Scizor|move: Roost\n|\n|-heal|p1a: Tapu Lele|56\/100|[from] Grassy Terrain\n|-heal|p2a: Scizor|87\/100|[from] Grassy Terrain\n|upkeep\n|turn|13\n|\n|t:|1700613074\n|switch|p1a: Urshifu|Urshifu-Rapid-Strike, M, tera:Water|45\/100\n|-damage|p1a: Urshifu|33\/100|[from] Stealth Rock\n|move|p2a: Scizor|Knock Off|p1a: Urshifu\n|-damage|p1a: Urshifu|0 fnt\n|-enditem|p1a: Urshifu|Choice Scarf|[from] move: Knock Off|[of] p2a: Scizor\n|faint|p1a: Urshifu\n|\n|-heal|p2a: Scizor|93\/100|[from] Grassy Terrain\n|upkeep\n|\n|t:|1700613077\n|switch|p1a: Zapdos|Zapdos|76\/100\n|-damage|p1a: Zapdos|51\/100|[from] Stealth Rock\n|turn|14\n|\n|t:|1700613085\n|switch|p2a: Heatran|Heatran, M|49\/100\n|move|p1a: Zapdos|Toxic|p2a: Heatran\n|-immune|p2a: Heatran\n|\n|-heal|p2a: Heatran|55\/100|[from] Grassy Terrain\n|-heal|p2a: Heatran|61\/100|[from] item: Leftovers\n|-fieldend|move: Grassy Terrain\n|upkeep\n|turn|15\n|-message|chillpanda21 forfeited.\n|\n|win|gen7wins\n|raw|chillpanda21's rating: 1242 &rarr; <strong>1212<\/strong><br \/>(-30 for losing)\n|raw|gen7wins's rating: 1178 &rarr; <strong>1208<\/strong><br \/>(+30 for winning)\n|l|\u2606chillpanda21\n","uploadtime":1700613097,"views":1,"p1id":"chillpanda21","p2id":"gen7wins","formatid":"gen9nationaldex","rating":1208,"private":0,"password":""}