{"id":"gen9nationaldex-1996896492","p1":"ttheus","p2":"AesirEcho","format":"[Gen 9] National Dex","log":"|html|<div class=\"broadcast-blue\"><strong>[Gen 9] National Dex is currently suspecting Sneasler! For information on how to participate check out the <a href=\"https:\/\/www.smogon.com\/forums\/threads\/sv-national-dex-suspect-8-just-dance.3731534\/\">suspect thread<\/a>.<\/strong><\/div>\n|j|\u2606ttheus\n|j|\u2606AesirEcho\n|t:|1700741797\n|gametype|singles\n|player|p1|ttheus|2|\n|player|p2|AesirEcho|ethan-masters|\n|teamsize|p1|6\n|teamsize|p2|6\n|gen|9\n|tier|[Gen 9] National Dex\n|rule|HP Percentage Mod: HP is shown in percentages\n|rule|Endless Battle Clause: Forcing endless battles is banned\n|rule|OHKO Clause: OHKO moves are banned\n|rule|Evasion Clause: Evasion abilities, items, and moves are banned\n|rule|Evasion Abilities Clause: Evasion abilities are banned\n|rule|Evasion Items Clause: Evasion items are banned\n|rule|Evasion Moves Clause: Evasion moves are banned\n|rule|Species Clause: Limit one of each Pok\u00e9mon\n|rule|Sleep Clause Mod: Limit one foe put to sleep\n|clearpoke\n|poke|p1|Aggron, M|\n|poke|p1|Aurorus, F|\n|poke|p1|Infernape, M|\n|poke|p1|Zoroark-Hisui, F|\n|poke|p1|Drifblim, M|\n|poke|p1|Arboliva, F|\n|poke|p2|Iron Valiant|\n|poke|p2|Tapu Koko|\n|poke|p2|Sneasler, M|\n|poke|p2|Gliscor, F|\n|poke|p2|Ting-Lu|\n|poke|p2|Rotom-Wash|\n|teampreview\n|\n|t:|1700741814\n|start\n|switch|p1a: Skadi|Aggron, M|100\/100\n|switch|p2a: Ting-Lu|Ting-Lu|100\/100\n|-ability|p2a: Ting-Lu|Vessel of Ruin\n|turn|1\n|\n|t:|1700741822\n|detailschange|p1a: Skadi|Aggron-Mega, M\n|-mega|p1a: Skadi|Aggron|Aggronite\n|move|p1a: Skadi|Body Press|p2a: Ting-Lu\n|-supereffective|p2a: Ting-Lu\n|-damage|p2a: Ting-Lu|60\/100\n|move|p2a: Ting-Lu|Stealth Rock|p1a: Skadi\n|-sidestart|p1: ttheus|move: Stealth Rock\n|\n|-heal|p2a: Ting-Lu|66\/100|[from] item: Leftovers\n|upkeep\n|turn|2\n|\n|t:|1700741831\n|move|p1a: Skadi|Iron Head|p2a: Ting-Lu\n|-damage|p2a: Ting-Lu|41\/100\n|move|p2a: Ting-Lu|Whirlwind|p1a: Skadi\n|drag|p1a: Drifblim|Drifblim, M|100\/100\n|-damage|p1a: Drifblim|88\/100|[from] Stealth Rock\n|\n|-heal|p2a: Ting-Lu|47\/100|[from] item: Leftovers\n|upkeep\n|turn|3\n|\n|t:|1700741843\n|switch|p2a: Rotom|Rotom-Wash|100\/100\n|move|p1a: Drifblim|Grass Knot|p2a: Rotom\n|-supereffective|p2a: Rotom\n|-damage|p2a: Rotom|77\/100\n|\n|-heal|p2a: Rotom|84\/100|[from] item: Leftovers\n|upkeep\n|turn|4\n|\n|t:|1700741853\n|switch|p1a: Arboliva|Arboliva, F|100\/100\n|-damage|p1a: Arboliva|88\/100|[from] Stealth Rock\n|move|p2a: Rotom|Volt Switch|p1a: Arboliva\n|-resisted|p1a: Arboliva\n|-damage|p1a: Arboliva|81\/100\n|\n|t:|1700741864\n|switch|p2a: Iron Valiant|Iron Valiant|100\/100|[from] Volt Switch\n|\n|-heal|p1a: Arboliva|87\/100|[from] item: Leftovers\n|upkeep\n|turn|5\n|\n|t:|1700741871\n|move|p1a: Arboliva|Protect|p1a: Arboliva\n|-singleturn|p1a: Arboliva|Protect\n|move|p2a: Iron Valiant|Close Combat|p1a: Arboliva\n|-activate|p1a: Arboliva|move: Protect\n|\n|-heal|p1a: Arboliva|93\/100|[from] item: Leftovers\n|upkeep\n|turn|6\n|\n|t:|1700741876\n|-terastallize|p1a: Arboliva|Grass\n|move|p2a: Iron Valiant|Close Combat|p1a: Arboliva\n|-damage|p1a: Arboliva|34\/100\n|-unboost|p2a: Iron Valiant|def|1\n|-unboost|p2a: Iron Valiant|spd|1\n|move|p1a: Arboliva|Substitute|p1a: Arboliva\n|-start|p1a: Arboliva|Substitute\n|-damage|p1a: Arboliva|9\/100\n|\n|-heal|p1a: Arboliva|16\/100|[from] item: Leftovers\n|upkeep\n|turn|7\n|\n|t:|1700741889\n|-end|p2a: Iron Valiant|Quark Drive|[silent]\n|switch|p2a: Ting-Lu|Ting-Lu|47\/100\n|-ability|p2a: Ting-Lu|Vessel of Ruin\n|move|p1a: Arboliva|Protect||[still]\n|-fail|p1a: Arboliva\n|\n|-heal|p2a: Ting-Lu|53\/100|[from] item: Leftovers\n|-heal|p1a: Arboliva|22\/100|[from] item: Leftovers\n|upkeep\n|turn|8\n|\n|t:|1700741893\n|move|p1a: Arboliva|Leech Seed|p2a: Ting-Lu\n|-start|p2a: Ting-Lu|move: Leech Seed\n|move|p2a: Ting-Lu|Whirlwind|p1a: Arboliva\n|drag|p1a: Skadi|Aggron-Mega, M|100\/100\n|-damage|p1a: Skadi|94\/100|[from] Stealth Rock\n|\n|-heal|p2a: Ting-Lu|59\/100|[from] item: Leftovers\n|-damage|p2a: Ting-Lu|47\/100|[from] Leech Seed|[of] p1a: Skadi\n|-heal|p1a: Skadi|100\/100|[silent]\n|upkeep\n|turn|9\n|\n|t:|1700741904\n|switch|p2a: Rotom|Rotom-Wash|84\/100\n|move|p1a: Skadi|Body Press|p2a: Rotom\n|-damage|p2a: Rotom|52\/100\n|\n|-heal|p2a: Rotom|59\/100|[from] item: Leftovers\n|upkeep\n|turn|10\n|\n|t:|1700741910\n|move|p2a: Rotom|Will-O-Wisp|p1a: Skadi\n|-status|p1a: Skadi|brn\n|move|p1a: Skadi|Stealth Rock|p2a: Rotom\n|-sidestart|p2: AesirEcho|move: Stealth Rock\n|\n|-heal|p2a: Rotom|65\/100|[from] item: Leftovers\n|-damage|p1a: Skadi|94\/100 brn|[from] brn\n|upkeep\n|turn|11\n|\n|t:|1700741918\n|move|p2a: Rotom|Defog|p1a: Skadi\n|-unboost|p1a: Skadi|evasion|1\n|-sideend|p1: ttheus|Stealth Rock|[from] move: Defog|[of] p2a: Rotom\n|-sideend|p2: AesirEcho|Stealth Rock|[from] move: Defog|[of] p2a: Rotom\n|move|p1a: Skadi|Body Press|p2a: Rotom\n|-damage|p2a: Rotom|50\/100\n|\n|-heal|p2a: Rotom|56\/100|[from] item: Leftovers\n|-damage|p1a: Skadi|88\/100 brn|[from] brn\n|upkeep\n|turn|12\n|\n|t:|1700741921\n|move|p2a: Rotom|Volt Switch|p1a: Skadi\n|-damage|p1a: Skadi|58\/100 brn\n|\n|t:|1700741927\n|switch|p2a: Gliscor|Gliscor, F|100\/100|[from] Volt Switch\n|move|p1a: Skadi|Iron Head|p2a: Gliscor\n|-damage|p2a: Gliscor|81\/100\n|\n|-damage|p1a: Skadi|52\/100 brn|[from] brn\n|-status|p2a: Gliscor|tox|[from] item: Toxic Orb\n|upkeep\n|turn|13\n|\n|t:|1700741939\n|move|p2a: Gliscor|Earthquake|p1a: Skadi\n|-supereffective|p1a: Skadi\n|-damage|p1a: Skadi|27\/100 brn\n|move|p1a: Skadi|Thunder Punch|p2a: Gliscor\n|-immune|p2a: Gliscor\n|\n|-heal|p2a: Gliscor|93\/100 tox|[from] ability: Poison Heal\n|-damage|p1a: Skadi|21\/100 brn|[from] brn\n|upkeep\n|turn|14\n|\n|t:|1700741945\n|move|p2a: Gliscor|Earthquake|p1a: Skadi\n|-supereffective|p1a: Skadi\n|-damage|p1a: Skadi|0 fnt\n|faint|p1a: Skadi\n|\n|-heal|p2a: Gliscor|100\/100 tox|[from] ability: Poison Heal\n|upkeep\n|\n|t:|1700741948\n|switch|p1a: Drifblim|Drifblim, M|88\/100\n|turn|15\n|\n|t:|1700741963\n|move|p1a: Drifblim|Shadow Ball|p2a: Gliscor\n|-damage|p2a: Gliscor|46\/100 tox\n|move|p2a: Gliscor|Toxic|p1a: Drifblim|[miss]\n|-miss|p2a: Gliscor|p1a: Drifblim\n|\n|-heal|p2a: Gliscor|58\/100 tox|[from] ability: Poison Heal\n|upkeep\n|turn|16\n|\n|t:|1700741968\n|switch|p2a: Ting-Lu|Ting-Lu|47\/100\n|-ability|p2a: Ting-Lu|Vessel of Ruin\n|move|p1a: Drifblim|Shadow Ball|p2a: Ting-Lu\n|-resisted|p2a: Ting-Lu\n|-damage|p2a: Ting-Lu|33\/100\n|\n|-heal|p2a: Ting-Lu|40\/100|[from] item: Leftovers\n|upkeep\n|turn|17\n|\n|t:|1700741977\n|switch|p1a: Arboliva|Arboliva, F, tera:Grass|22\/100\n|move|p2a: Ting-Lu|Whirlwind|p1a: Arboliva\n|drag|p1a: Drifblim|Drifblim, M|88\/100\n|\n|-heal|p2a: Ting-Lu|46\/100|[from] item: Leftovers\n|upkeep\n|turn|18\n|\n|t:|1700741985\n|move|p1a: Drifblim|Trick|p2a: Ting-Lu\n|-activate|p1a: Drifblim|move: Trick|[of] p2a: Ting-Lu\n|-item|p2a: Ting-Lu|Choice Specs|[from] move: Trick\n|-item|p1a: Drifblim|Leftovers|[from] move: Trick\n|move|p2a: Ting-Lu|Whirlwind|p1a: Drifblim\n|drag|p1a: Arboliva|Arboliva, F, tera:Grass|22\/100\n|\n|-heal|p1a: Arboliva|28\/100|[from] item: Leftovers\n|upkeep\n|turn|19\n|\n|t:|1700741996\n|switch|p2a: Tapu Koko|Tapu Koko|100\/100\n|-fieldstart|move: Electric Terrain|[from] ability: Electric Surge|[of] p2a: Tapu Koko\n|move|p1a: Arboliva|Protect||[still]\n|-fail|p1a: Arboliva\n|\n|-heal|p1a: Arboliva|34\/100|[from] item: Leftovers\n|upkeep\n|turn|20\n|\n|t:|1700742002\n|move|p2a: Tapu Koko|Thunderbolt|p1a: Arboliva\n|-resisted|p1a: Arboliva\n|-damage|p1a: Arboliva|19\/100\n|move|p1a: Arboliva|Leech Seed|p2a: Tapu Koko|[miss]\n|-miss|p1a: Arboliva|p2a: Tapu Koko\n|\n|-heal|p1a: Arboliva|25\/100|[from] item: Leftovers\n|upkeep\n|turn|21\n|\n|t:|1700742006\n|move|p2a: Tapu Koko|U-turn|p1a: Arboliva\n|-supereffective|p1a: Arboliva\n|-damage|p1a: Arboliva|0 fnt\n|faint|p1a: Arboliva\n|\n|t:|1700742009\n|switch|p2a: Sneasler|Sneasler, M|100\/100|[from] U-turn\n|-enditem|p2a: Sneasler|Electric Seed\n|-boost|p2a: Sneasler|def|1|[from] item: Electric Seed\n|\n|upkeep\n|\n|t:|1700742013\n|switch|p1a: Drifblim|Drifblim, M|88\/100\n|turn|22\n|\n|t:|1700742019\n|-terastallize|p2a: Sneasler|Flying\n|move|p2a: Sneasler|Swords Dance|p2a: Sneasler\n|-boost|p2a: Sneasler|atk|2\n|move|p1a: Drifblim|Flamethrower|p2a: Sneasler\n|-damage|p2a: Sneasler|59\/100\n|\n|-heal|p1a: Drifblim|94\/100|[from] item: Leftovers\n|upkeep\n|turn|23\n|\n|t:|1700742025\n|move|p2a: Sneasler|Acrobatics|p1a: Drifblim\n|-damage|p1a: Drifblim|0 fnt\n|replace|p1a: Zoroark|Zoroark-Hisui, F\n|-end|p1a: Zoroark|Illusion\n|faint|p1a: Zoroark\n|\n|upkeep\n|\n|t:|1700742030\n|switch|p1a: Drifblim|Drifblim, M|100\/100\n|turn|24\n|\n|t:|1700742043\n|move|p2a: Sneasler|Acrobatics|p1a: Drifblim\n|-damage|p1a: Drifblim|0 fnt\n|faint|p1a: Drifblim\n|\n|upkeep\n|\n|t:|1700742048\n|switch|p1a: Infernape|Infernape, M|100\/100\n|turn|25\n|\n|t:|1700742055\n|move|p2a: Sneasler|Acrobatics|p1a: Infernape\n|-supereffective|p1a: Infernape\n|-damage|p1a: Infernape|0 fnt\n|faint|p1a: Infernape\n|\n|upkeep\n|\n|t:|1700742057\n|switch|p1a: Despina|Aurorus, F, shiny|100\/100\n|turn|26\n|\n|t:|1700742061\n|move|p2a: Sneasler|Close Combat|p1a: Despina\n|-supereffective|p1a: Despina\n|-damage|p1a: Despina|0 fnt\n|-unboost|p2a: Sneasler|def|1\n|-unboost|p2a: Sneasler|spd|1\n|faint|p1a: Despina\n|\n|win|AesirEcho\n|l|\u2606ttheus\n","uploadtime":1700742065,"views":0,"p1id":"ttheus","p2id":"aesirecho","formatid":"gen9nationaldex","rating":0,"private":0,"password":""}