{"id":"gen9nationaldex-1995688596","p1":"Icaroqww","p2":"Vvbttij","format":"[Gen 9] National Dex","log":"|html|<div class=\"broadcast-blue\"><strong>[Gen 9] National Dex is currently suspecting Sneasler! For information on how to participate check out the <a href=\"https:\/\/www.smogon.com\/forums\/threads\/sv-national-dex-suspect-8-just-dance.3731534\/\">suspect thread<\/a>.<\/strong><\/div>\n|j|\u2606Icaroqww\n|j|\u2606Vvbttij\n|t:|1700594099\n|gametype|singles\n|player|p1|Icaroqww|backpacker|1155\n|player|p2|Vvbttij|red|1075\n|teamsize|p1|6\n|teamsize|p2|6\n|gen|9\n|tier|[Gen 9] National Dex\n|rated|\n|rule|HP Percentage Mod: HP is shown in percentages\n|rule|Endless Battle Clause: Forcing endless battles is banned\n|rule|OHKO Clause: OHKO moves are banned\n|rule|Evasion Clause: Evasion abilities, items, and moves are banned\n|rule|Evasion Abilities Clause: Evasion abilities are banned\n|rule|Evasion Items Clause: Evasion items are banned\n|rule|Evasion Moves Clause: Evasion moves are banned\n|rule|Species Clause: Limit one of each Pok\u00e9mon\n|rule|Sleep Clause Mod: Limit one foe put to sleep\n|clearpoke\n|poke|p1|Dugtrio, F|\n|poke|p1|Raichu, F|\n|poke|p1|Gardevoir, M|\n|poke|p1|Mr. Mime, M|\n|poke|p1|Scolipede, M|\n|poke|p1|Diggersby, F|\n|poke|p2|Charizard, M|\n|poke|p2|Blastoise, M|\n|poke|p2|Venusaur, M|\n|poke|p2|Snorlax, F|\n|poke|p2|Lapras, F|\n|poke|p2|Pikachu, M|\n|teampreview\n|\n|t:|1700594111\n|start\n|switch|p1a: Raichu|Raichu, F|100\/100\n|switch|p2a: Lapras|Lapras, F|100\/100\n|turn|1\n|inactive|Battle timer is ON: inactive players will automatically lose when time's up. (requested by Icaroqww)\n|\n|t:|1700594117\n|-terastallize|p2a: Lapras|Ground\n|move|p1a: Raichu|Nasty Plot|p1a: Raichu\n|-boost|p1a: Raichu|spa|2\n|move|p2a: Lapras|Dragon Dance|p2a: Lapras\n|-boost|p2a: Lapras|atk|1\n|-boost|p2a: Lapras|spe|1\n|\n|upkeep\n|turn|2\n|\n|t:|1700594126\n|move|p1a: Raichu|Surf|p2a: Lapras\n|-immune|p2a: Lapras|[from] ability: Water Absorb\n|move|p2a: Lapras|Waterfall|p1a: Raichu\n|-damage|p1a: Raichu|0 fnt\n|faint|p1a: Raichu\n|\n|upkeep\n|\n|t:|1700594139\n|switch|p1a: Gardevoir|Gardevoir, M|100\/100\n|-ability|p1a: Gardevoir|Water Absorb|[from] ability: Trace|[of] p2a: Lapras\n|turn|3\n|\n|t:|1700594158\n|detailschange|p1a: Gardevoir|Gardevoir-Mega, M\n|-mega|p1a: Gardevoir|Gardevoir|Gardevoirite\n|move|p1a: Gardevoir|Hyper Voice|p2a: Lapras\n|-damage|p2a: Lapras|45\/100\n|move|p2a: Lapras|Roar|p1a: Gardevoir\n|drag|p1a: Scolipede|Scolipede, M|100\/100\n|\n|upkeep\n|turn|4\n|\n|t:|1700594171\n|move|p2a: Lapras|Ice Shard|p1a: Scolipede\n|-damage|p1a: Scolipede|66\/100\n|move|p1a: Scolipede|Spikes|p2a: Lapras\n|-sidestart|p2: Vvbttij|Spikes\n|\n|-ability|p1a: Scolipede|Speed Boost|boost\n|-boost|p1a: Scolipede|spe|1\n|upkeep\n|turn|5\n|\n|t:|1700594195\n|move|p1a: Scolipede|Endeavor|p2a: Lapras\n|-damage|p2a: Lapras|43\/100\n|move|p2a: Lapras|Waterfall|p1a: Scolipede\n|-damage|p1a: Scolipede|0 fnt\n|faint|p1a: Scolipede\n|\n|upkeep\n|l|\u2606Icaroqww\n|inactive|Icaroqww disconnected and has a minute to reconnect!\n|player|p1|\n|j|\u2606Icaroqww\n|inactive|Icaroqww reconnected and has 110 seconds left.\n|player|p1|Icaroqww|backpacker\n|\n|t:|1700594225\n|switch|p1a: Gardevoir|Gardevoir-Mega, M|100\/100\n|turn|6\n|\n|t:|1700594230\n|move|p2a: Lapras|Ice Shard|p1a: Gardevoir\n|-damage|p1a: Gardevoir|57\/100\n|move|p1a: Gardevoir|Hyper Voice|p2a: Lapras\n|-damage|p2a: Lapras|0 fnt\n|faint|p2a: Lapras\n|\n|upkeep\n|\n|t:|1700594235\n|switch|p2a: Blastoise|Blastoise, M|100\/100\n|-damage|p2a: Blastoise|88\/100|[from] Spikes\n|turn|7\n|\n|t:|1700594241\n|move|p1a: Gardevoir|Hyper Voice|p2a: Blastoise\n|-damage|p2a: Blastoise|21\/100\n|move|p2a: Blastoise|Shell Smash|p2a: Blastoise\n|-unboost|p2a: Blastoise|def|1\n|-unboost|p2a: Blastoise|spd|1\n|-boost|p2a: Blastoise|atk|2\n|-boost|p2a: Blastoise|spa|2\n|-boost|p2a: Blastoise|spe|2\n|\n|upkeep\n|turn|8\n|\n|t:|1700594250\n|move|p2a: Blastoise|Scald|p1a: Gardevoir\n|-damage|p1a: Gardevoir|0 fnt\n|faint|p1a: Gardevoir\n|\n|upkeep\n|\n|t:|1700594256\n|switch|p1a: Diggersby|Diggersby, F|100\/100\n|turn|9\n|\n|t:|1700594260\n|move|p1a: Diggersby|Quick Attack|p2a: Blastoise\n|-damage|p2a: Blastoise|0 fnt\n|faint|p2a: Blastoise\n|\n|upkeep\n|\n|t:|1700594264\n|switch|p2a: Venusaur|Venusaur, M|100\/100\n|-damage|p2a: Venusaur|88\/100|[from] Spikes\n|turn|10\n|\n|t:|1700594270\n|detailschange|p2a: Venusaur|Venusaur-Mega, M\n|-mega|p2a: Venusaur|Venusaur|Venusaurite\n|-zpower|p1a: Diggersby\n|move|p1a: Diggersby|Inferno Overdrive|p2a: Venusaur|[zeffect]\n|-supereffective|p2a: Venusaur\n|-damage|p2a: Venusaur|56\/100\n|move|p2a: Venusaur|Curse|p2a: Venusaur\n|-unboost|p2a: Venusaur|spe|1\n|-boost|p2a: Venusaur|atk|1\n|-boost|p2a: Venusaur|def|1\n|\n|upkeep\n|turn|11\n|\n|t:|1700594285\n|move|p1a: Diggersby|Swords Dance|p1a: Diggersby\n|-boost|p1a: Diggersby|atk|2\n|move|p2a: Venusaur|Synthesis|p2a: Venusaur\n|-heal|p2a: Venusaur|100\/100\n|\n|upkeep\n|turn|12\n|\n|t:|1700594291\n|move|p1a: Diggersby|Earthquake|p2a: Venusaur\n|-damage|p2a: Venusaur|56\/100\n|move|p2a: Venusaur|Leech Seed|p1a: Diggersby\n|-start|p1a: Diggersby|move: Leech Seed\n|\n|-damage|p1a: Diggersby|88\/100|[from] Leech Seed|[of] p2a: Venusaur\n|-heal|p2a: Venusaur|66\/100|[silent]\n|upkeep\n|turn|13\n|\n|t:|1700594300\n|move|p1a: Diggersby|Fire Punch|p2a: Venusaur\n|-supereffective|p2a: Venusaur\n|-damage|p2a: Venusaur|41\/100\n|move|p2a: Venusaur|Synthesis|p2a: Venusaur\n|-heal|p2a: Venusaur|91\/100\n|\n|-damage|p1a: Diggersby|76\/100|[from] Leech Seed|[of] p2a: Venusaur\n|-heal|p2a: Venusaur|100\/100|[silent]\n|upkeep\n|turn|14\n|\n|t:|1700594310\n|move|p1a: Diggersby|Earthquake|p2a: Venusaur\n|-damage|p2a: Venusaur|49\/100\n|move|p2a: Venusaur|Toxic|p1a: Diggersby\n|-status|p1a: Diggersby|tox\n|\n|-damage|p1a: Diggersby|64\/100 tox|[from] Leech Seed|[of] p2a: Venusaur\n|-heal|p2a: Venusaur|59\/100|[silent]\n|-damage|p1a: Diggersby|58\/100 tox|[from] psn\n|upkeep\n|turn|15\n|\n|t:|1700594319\n|move|p1a: Diggersby|Earthquake|p2a: Venusaur\n|-damage|p2a: Venusaur|14\/100\n|move|p2a: Venusaur|Synthesis|p2a: Venusaur\n|-heal|p2a: Venusaur|64\/100\n|\n|-damage|p1a: Diggersby|46\/100 tox|[from] Leech Seed|[of] p2a: Venusaur\n|-heal|p2a: Venusaur|75\/100|[silent]\n|-damage|p1a: Diggersby|33\/100 tox|[from] psn\n|upkeep\n|turn|16\n|\n|t:|1700594329\n|move|p1a: Diggersby|Swords Dance|p1a: Diggersby\n|-boost|p1a: Diggersby|atk|2\n|move|p2a: Venusaur|Synthesis|p2a: Venusaur\n|-heal|p2a: Venusaur|100\/100\n|\n|-damage|p1a: Diggersby|21\/100 tox|[from] Leech Seed|[of] p2a: Venusaur\n|-damage|p1a: Diggersby|3\/100 tox|[from] psn\n|upkeep\n|turn|17\n|\n|t:|1700594340\n|move|p1a: Diggersby|Earthquake|p2a: Venusaur\n|-damage|p2a: Venusaur|33\/100\n|move|p2a: Venusaur|Synthesis|p2a: Venusaur\n|-heal|p2a: Venusaur|83\/100\n|\n|-damage|p1a: Diggersby|0 fnt|[from] Leech Seed|[of] p2a: Venusaur\n|-heal|p2a: Venusaur|85\/100|[silent]\n|faint|p1a: Diggersby\n|upkeep\n|\n|t:|1700594356\n|switch|p1a: Mr. Mime|Mr. Mime, M|100\/100\n|turn|18\n|\n|t:|1700594372\n|move|p1a: Mr. Mime|Trick||[still]\n|-fail|p1a: Mr. Mime\n|move|p2a: Venusaur|Toxic|p1a: Mr. Mime\n|-status|p1a: Mr. Mime|tox\n|\n|-damage|p1a: Mr. Mime|95\/100 tox|[from] psn\n|upkeep\n|turn|19\n|\n|t:|1700594388\n|move|p1a: Mr. Mime|Trick||[still]\n|-fail|p1a: Mr. Mime\n|move|p2a: Venusaur|Leech Seed|p1a: Mr. Mime\n|-start|p1a: Mr. Mime|move: Leech Seed\n|\n|-damage|p1a: Mr. Mime|82\/100 tox|[from] Leech Seed|[of] p2a: Venusaur\n|-heal|p2a: Venusaur|92\/100|[silent]\n|-damage|p1a: Mr. Mime|71\/100 tox|[from] psn\n|upkeep\n|turn|20\n|\n|t:|1700594398\n|switch|p1a: Dugtrio|Dugtrio, F|100\/100\n|move|p2a: Venusaur|Curse|p2a: Venusaur\n|-unboost|p2a: Venusaur|spe|1\n|-boost|p2a: Venusaur|atk|1\n|-boost|p2a: Venusaur|def|1\n|\n|upkeep\n|turn|21\n|\n|t:|1700594406\n|move|p1a: Dugtrio|Memento|p2a: Venusaur\n|-unboost|p2a: Venusaur|atk|2\n|-unboost|p2a: Venusaur|spa|2\n|faint|p1a: Dugtrio\n|move|p2a: Venusaur|Leech Seed|p1: Dugtrio|[notarget]\n|-fail|p2a: Venusaur\n|\n|upkeep\n|\n|t:|1700594419\n|switch|p1a: Mr. Mime|Mr. Mime, M|71\/100 tox\n|turn|22\n|\n|t:|1700594428\n|move|p1a: Mr. Mime|Psychic|p2a: Venusaur\n|-supereffective|p2a: Venusaur\n|-damage|p2a: Venusaur|32\/100\n|move|p2a: Venusaur|Leech Seed|p1a: Mr. Mime\n|-start|p1a: Mr. Mime|move: Leech Seed\n|\n|-damage|p1a: Mr. Mime|58\/100 tox|[from] Leech Seed|[of] p2a: Venusaur\n|-heal|p2a: Venusaur|40\/100|[silent]\n|-damage|p1a: Mr. Mime|53\/100 tox|[from] psn\n|upkeep\n|turn|23\n|\n|t:|1700594443\n|move|p1a: Mr. Mime|Psychic|p2a: Venusaur\n|-supereffective|p2a: Venusaur\n|-damage|p2a: Venusaur|0 fnt\n|faint|p2a: Venusaur\n|\n|-damage|p1a: Mr. Mime|41\/100 tox|[from] psn\n|upkeep\n|\n|t:|1700594454\n|switch|p2a: Charizard|Charizard, M|100\/100\n|turn|24\n|inactive|Icaroqww has 120 seconds left.\n|c|\u2606Vvbttij|Hurry up! I gtg\n|inactive|Icaroqww has 90 seconds left.\n|l|\u2606Icaroqww\n|inactive|Icaroqww disconnected and has a minute to reconnect!\n|player|p1|\n|c|\u2606Vvbttij|lol I won! What a loser he is.\n|inactive|Icaroqww has 30 seconds to reconnect!\n|inactive|Icaroqww has 20 seconds to reconnect!\n|inactive|Icaroqww has 15 seconds to reconnect!\n|c|\u2606Vvbttij|Hahahahahahahaha\n|inactive|Icaroqww has 10 seconds to reconnect!\n|inactive|Icaroqww has 5 seconds to reconnect!\n|-message|Icaroqww lost due to inactivity.\n|\n|win|Vvbttij\n|raw|Icaroqww's rating: 1155 &rarr; <strong>1124<\/strong><br \/>(-31 for losing)\n|raw|Vvbttij's rating: 1075 &rarr; <strong>1110<\/strong><br \/>(+35 for winning)\n|c|\u2606Vvbttij|jajajajajajajaajajajajaja\n|l|\u2606Vvbttij\n|j|\u2606Vvbttij\n|player|p2|Vvbttij|red\n","uploadtime":1700594584,"views":3,"p1id":"icaroqww","p2id":"vvbttij","formatid":"gen9nationaldex","rating":1110,"private":0,"password":""}