{"id":"gen9nationaldex-1995082973","p1":"fuhftzj","p2":"Ryuma17","format":"[Gen 9] National Dex","log":"|html|<div class=\"broadcast-blue\"><strong>[Gen 9] National Dex is currently suspecting Sneasler! For information on how to participate check out the <a href=\"https:\/\/www.smogon.com\/forums\/threads\/sv-national-dex-suspect-8-just-dance.3731534\/\">suspect thread<\/a>.<\/strong><\/div>\n|j|\u2606fuhftzj\n|j|\u2606Ryuma17\n|t:|1700520663\n|gametype|singles\n|player|p1|fuhftzj|266|\n|player|p2|Ryuma17|265|\n|teamsize|p1|6\n|teamsize|p2|6\n|gen|9\n|tier|[Gen 9] National Dex\n|rule|HP Percentage Mod: HP is shown in percentages\n|rule|Endless Battle Clause: Forcing endless battles is banned\n|rule|OHKO Clause: OHKO moves are banned\n|rule|Evasion Clause: Evasion abilities, items, and moves are banned\n|rule|Evasion Abilities Clause: Evasion abilities are banned\n|rule|Evasion Items Clause: Evasion items are banned\n|rule|Evasion Moves Clause: Evasion moves are banned\n|rule|Species Clause: Limit one of each Pok\u00e9mon\n|rule|Sleep Clause Mod: Limit one foe put to sleep\n|clearpoke\n|poke|p1|Venusaur, F|\n|poke|p1|Alakazam, F|\n|poke|p1|Aerodactyl, M|\n|poke|p1|Vaporeon, F|\n|poke|p1|Flareon, M|\n|poke|p1|Jolteon, M|\n|poke|p2|Blastoise, M|\n|poke|p2|Dragonite, F|\n|poke|p2|Pinsir, F|\n|poke|p2|Alakazam, F|\n|poke|p2|Muk, M|\n|poke|p2|Mew|\n|teampreview\n|\n|t:|1700520687\n|start\n|switch|p1a: Flareon|Flareon, M, shiny|100\/100\n|switch|p2a: Pinsir|Pinsir, F|100\/100\n|turn|1\n|c|\u2606Ryuma17|!weak flareon\n|c|!Ryuma17|\/raw <div class=\"infobox\">Flareon (ignoring abilities):<br \/><span class=\"message-effect-weak\">Weaknesses<\/span>: Ground, Rock, Water<br \/><span class=\"message-effect-resist\">Resistances<\/span>: Bug, Fairy, Fire, Grass, Ice, Steel<br \/><span class=\"message-effect-immune\">Immunities<\/span>: Burn<\/div>\n|\n|t:|1700520739\n|move|p2a: Pinsir|Earthquake|p1a: Flareon\n|-supereffective|p1a: Flareon\n|-damage|p1a: Flareon|0 fnt\n|faint|p1a: Flareon\n|-ability|p2a: Pinsir|Moxie|boost\n|-boost|p2a: Pinsir|atk|1\n|\n|upkeep\n|\n|t:|1700520767\n|switch|p1a: Aerodactyl|Aerodactyl, M, shiny|100\/100\n|turn|2\n|c|\u2606Ryuma17|!weak aerodactyl\n|c|!Ryuma17|\/raw <div class=\"infobox\">Aerodactyl (ignoring abilities):<br \/><span class=\"message-effect-weak\">Weaknesses<\/span>: Electric, Ice, Rock, Steel, Water<br \/><span class=\"message-effect-resist\">Resistances<\/span>: Bug, Fire, Flying, Normal, Poison<br \/><span class=\"message-effect-immune\">Immunities<\/span>: Ground, Sandstorm damage<\/div>\n|\n|t:|1700520815\n|switch|p2a: Blastoise|Blastoise, M|100\/100\n|move|p1a: Aerodactyl|Stone Edge|p2a: Blastoise\n|-damage|p2a: Blastoise|39\/100\n|\n|upkeep\n|turn|3\n|\n|t:|1700520835\n|move|p1a: Aerodactyl|Stone Edge|p2a: Blastoise\n|-damage|p2a: Blastoise|0 fnt\n|faint|p2a: Blastoise\n|\n|upkeep\n|\n|t:|1700520867\n|switch|p2a: Alakazam|Alakazam, F|100\/100\n|turn|4\n|\n|t:|1700520883\n|switch|p1a: Alakazam|Alakazam, F, shiny|100\/100\n|move|p2a: Alakazam|Calm Mind|p2a: Alakazam\n|-boost|p2a: Alakazam|spa|1\n|-boost|p2a: Alakazam|spd|1\n|\n|upkeep\n|turn|5\n|c|\u2606Ryuma17|!weak alakazam\n|c|!Ryuma17|\/raw <div class=\"infobox\">Alakazam (ignoring abilities):<br \/><span class=\"message-effect-weak\">Weaknesses<\/span>: Bug, Dark, Ghost<br \/><span class=\"message-effect-resist\">Resistances<\/span>: Fighting, Psychic<br \/><span class=\"message-effect-immune\">Immunities<\/span>: <font color=#999999>None<\/font><\/div>\n|\n|t:|1700520916\n|move|p1a: Alakazam|Shadow Ball|p2a: Alakazam\n|-supereffective|p2a: Alakazam\n|-damage|p2a: Alakazam|44\/100\n|move|p2a: Alakazam|Psychic|p1a: Alakazam\n|-resisted|p1a: Alakazam\n|-damage|p1a: Alakazam|53\/100\n|\n|-heal|p2a: Alakazam|50\/100|[from] item: Leftovers\n|upkeep\n|turn|6\n|\n|t:|1700520931\n|move|p1a: Alakazam|Shadow Ball|p2a: Alakazam\n|-supereffective|p2a: Alakazam\n|-damage|p2a: Alakazam|0 fnt\n|faint|p2a: Alakazam\n|\n|upkeep\n|\n|t:|1700520941\n|switch|p2a: Pinsir|Pinsir, F|100\/100\n|turn|7\n|\n|t:|1700520950\n|switch|p1a: Aerodactyl|Aerodactyl, M, shiny|100\/100\n|move|p2a: Pinsir|X-Scissor|p1a: Aerodactyl\n|-resisted|p1a: Aerodactyl\n|-damage|p1a: Aerodactyl|68\/100\n|\n|upkeep\n|turn|8\n|\n|t:|1700520960\n|move|p1a: Aerodactyl|Sky Attack||[still]\n|-prepare|p1a: Aerodactyl|Sky Attack\n|move|p2a: Pinsir|Feint Attack|p1a: Aerodactyl\n|-damage|p1a: Aerodactyl|33\/100\n|\n|upkeep\n|turn|9\n|\n|t:|1700520966\n|move|p1a: Aerodactyl|Sky Attack|p2a: Pinsir|[from]lockedmove\n|-supereffective|p2a: Pinsir\n|-damage|p2a: Pinsir|0 fnt\n|faint|p2a: Pinsir\n|\n|upkeep\n|\n|t:|1700520971\n|switch|p2a: Dragonite|Dragonite, F|100\/100\n|turn|10\n|\n|t:|1700520984\n|switch|p1a: Vaporeon|Vaporeon, F, shiny|100\/100\n|move|p2a: Dragonite|Dragon Claw|p1a: Vaporeon\n|-damage|p1a: Vaporeon|62\/100\n|\n|-heal|p1a: Vaporeon|69\/100|[from] item: Leftovers\n|upkeep\n|turn|11\n|\n|t:|1700520997\n|switch|p1a: Venusaur|Venusaur, F, shiny|100\/100\n|move|p2a: Dragonite|Outrage|p1a: Venusaur\n|-damage|p1a: Venusaur|17\/100\n|\n|-heal|p1a: Venusaur|23\/100|[from] item: Black Sludge\n|upkeep\n|turn|12\n|\n|t:|1700521007\n|move|p1a: Venusaur|Protect|p1a: Venusaur\n|-singleturn|p1a: Venusaur|Protect\n|move|p2a: Dragonite|Outrage|p1a: Venusaur|[from]lockedmove\n|-activate|p1a: Venusaur|move: Protect\n|-start|p2a: Dragonite|confusion|[fatigue]\n|\n|-heal|p1a: Venusaur|29\/100|[from] item: Black Sludge\n|upkeep\n|turn|13\n|\n|t:|1700521020\n|-activate|p2a: Dragonite|confusion\n|move|p2a: Dragonite|Outrage|p1a: Venusaur\n|-damage|p1a: Venusaur|0 fnt\n|faint|p1a: Venusaur\n|\n|upkeep\n|\n|t:|1700521034\n|switch|p1a: Alakazam|Alakazam, F, shiny|53\/100\n|turn|14\n|\n|t:|1700521041\n|-terastallize|p1a: Alakazam|Psychic\n|move|p1a: Alakazam|Psychic|p2a: Dragonite\n|-damage|p2a: Dragonite|61\/100\n|-activate|p2a: Dragonite|confusion\n|move|p2a: Dragonite|Outrage|p1a: Alakazam|[from]lockedmove\n|-damage|p1a: Alakazam|0 fnt\n|faint|p1a: Alakazam\n|\n|upkeep\n|\n|t:|1700521051\n|switch|p1a: Aerodactyl|Aerodactyl, M, shiny|33\/100\n|turn|15\n|\n|t:|1700521054\n|move|p1a: Aerodactyl|Stone Edge|p2a: Dragonite\n|-supereffective|p2a: Dragonite\n|-damage|p2a: Dragonite|0 fnt\n|faint|p2a: Dragonite\n|\n|upkeep\n|\n|t:|1700521060\n|switch|p2a: Mew|Mew|100\/100\n|turn|16\n|\n|t:|1700521093\n|switch|p1a: Jolteon|Jolteon, M, shiny|100\/100\n|move|p2a: Mew|Close Combat|p1a: Jolteon\n|-damage|p1a: Jolteon|30\/100\n|-unboost|p2a: Mew|def|1\n|-unboost|p2a: Mew|spd|1\n|\n|upkeep\n|turn|17\n|c|\u2606Ryuma17|!weak jolteon\n|c|!Ryuma17|\/raw <div class=\"infobox\">Jolteon (ignoring abilities):<br \/><span class=\"message-effect-weak\">Weaknesses<\/span>: Ground<br \/><span class=\"message-effect-resist\">Resistances<\/span>: Electric, Flying, Steel<br \/><span class=\"message-effect-immune\">Immunities<\/span>: Paralysis<\/div>\n|\n|t:|1700521139\n|move|p1a: Jolteon|Thunderbolt|p2a: Mew\n|-damage|p2a: Mew|22\/100\n|-damage|p1a: Jolteon|20\/100|[from] item: Life Orb\n|move|p2a: Mew|Psychic|p1a: Jolteon\n|-damage|p1a: Jolteon|0 fnt\n|faint|p1a: Jolteon\n|\n|-heal|p2a: Mew|29\/100|[from] item: Leftovers\n|upkeep\n|\n|t:|1700521164\n|switch|p1a: Aerodactyl|Aerodactyl, M, shiny|33\/100\n|turn|18\n|\n|t:|1700521197\n|move|p1a: Aerodactyl|Stone Edge|p2a: Mew\n|-damage|p2a: Mew|0 fnt\n|faint|p2a: Mew\n|\n|upkeep\n|\n|t:|1700521201\n|switch|p2a: Muk|Muk, M|100\/100\n|turn|19\n|\n|t:|1700521240\n|switch|p1a: Vaporeon|Vaporeon, F, shiny|69\/100\n|move|p2a: Muk|Poison Jab|p1a: Vaporeon\n|-damage|p1a: Vaporeon|38\/100\n|\n|-heal|p1a: Vaporeon|44\/100|[from] item: Leftovers\n|upkeep\n|turn|20\n|c|\u2606Ryuma17|!weak vaporeon\n|c|!Ryuma17|\/raw <div class=\"infobox\">Vaporeon (ignoring abilities):<br \/><span class=\"message-effect-weak\">Weaknesses<\/span>: Electric, Grass<br \/><span class=\"message-effect-resist\">Resistances<\/span>: Fire, Ice, Steel, Water<br \/><span class=\"message-effect-immune\">Immunities<\/span>: <font color=#999999>None<\/font><\/div>\n|\n|t:|1700521291\n|move|p1a: Vaporeon|Scald|p2a: Muk\n|-damage|p2a: Muk|76\/100\n|move|p2a: Muk|Poison Jab|p1a: Vaporeon\n|-damage|p1a: Vaporeon|11\/100\n|\n|-heal|p1a: Vaporeon|18\/100|[from] item: Leftovers\n|-heal|p2a: Muk|82\/100|[from] item: Leftovers\n|upkeep\n|turn|21\n|\n|t:|1700521309\n|move|p1a: Vaporeon|Scald|p2a: Muk\n|-damage|p2a: Muk|58\/100\n|move|p2a: Muk|Poison Jab|p1a: Vaporeon\n|-damage|p1a: Vaporeon|0 fnt\n|faint|p1a: Vaporeon\n|\n|-heal|p2a: Muk|64\/100|[from] item: Leftovers\n|upkeep\n|\n|t:|1700521349\n|switch|p1a: Aerodactyl|Aerodactyl, M, shiny|33\/100\n|turn|22\n|\n|t:|1700521395\n|move|p1a: Aerodactyl|Earthquake|p2a: Muk\n|-supereffective|p2a: Muk\n|-damage|p2a: Muk|0 fnt\n|faint|p2a: Muk\n|\n|win|fuhftzj\n","uploadtime":1700521431,"views":2,"p1id":"fuhftzj","p2id":"ryuma17","formatid":"gen9nationaldex","rating":0,"private":0,"password":""}