{"id":"gen9nationaldex-1994020290","p1":"Marcesgo","p2":"topang567","format":"[Gen 9] National Dex","log":"|j|\u2606Marcesgo\n|j|\u2606topang567\n|t:|1700394838\n|gametype|singles\n|player|p1|Marcesgo|sailor|\n|player|p2|topang567|dancer|\n|teamsize|p1|6\n|teamsize|p2|6\n|gen|9\n|tier|[Gen 9] National Dex\n|rule|HP Percentage Mod: HP is shown in percentages\n|rule|Endless Battle Clause: Forcing endless battles is banned\n|rule|OHKO Clause: OHKO moves are banned\n|rule|Evasion Clause: Evasion abilities, items, and moves are banned\n|rule|Evasion Abilities Clause: Evasion abilities are banned\n|rule|Evasion Items Clause: Evasion items are banned\n|rule|Evasion Moves Clause: Evasion moves are banned\n|rule|Species Clause: Limit one of each Pok\u00e9mon\n|rule|Sleep Clause Mod: Limit one foe put to sleep\n|clearpoke\n|poke|p1|Landorus-Therian, M|\n|poke|p1|Volcarona, M|\n|poke|p1|Bisharp, M|\n|poke|p1|Mienshao, F|\n|poke|p1|Gothitelle, F|\n|poke|p1|Ferrothorn, M|\n|poke|p2|Sceptile, F|\n|poke|p2|Vigoroth, F|\n|poke|p2|Latias, F|\n|poke|p2|Blaziken, F|\n|poke|p2|Swellow, M|\n|poke|p2|Sableye, F|\n|teampreview\n|c|\u2606Marcesgo|Suerte!\n|c|\u2606topang567|glhf\n|\n|t:|1700394855\n|start\n|switch|p1a: Landorus|Landorus-Therian, M|100\/100\n|switch|p2a: Sableye|Sableye, F|100\/100\n|-ability|p1a: Landorus|Intimidate|boost\n|-unboost|p2a: Sableye|atk|1\n|turn|1\n|\n|t:|1700394864\n|move|p2a: Sableye|Reflect|p2a: Sableye\n|-sidestart|p2: topang567|Reflect\n|move|p1a: Landorus|Stealth Rock|p2a: Sableye\n|-sidestart|p2: topang567|move: Stealth Rock\n|\n|upkeep\n|turn|2\n|\n|t:|1700394868\n|move|p2a: Sableye|Light Screen|p2a: Sableye\n|-sidestart|p2: topang567|move: Light Screen\n|move|p1a: Landorus|Toxic|p2a: Sableye\n|-status|p2a: Sableye|tox\n|\n|-damage|p2a: Sableye|95\/100 tox|[from] psn\n|upkeep\n|turn|3\n|\n|t:|1700394871\n|move|p2a: Sableye|Toxic|p1a: Landorus\n|-status|p1a: Landorus|tox\n|move|p1a: Landorus|U-turn|p2a: Sableye\n|-damage|p2a: Sableye|84\/100 tox\n|\n|t:|1700394877\n|switch|p1a: Mienshao|Mienshao, F|100\/100|[from] U-turn\n|\n|-damage|p2a: Sableye|72\/100 tox|[from] psn\n|upkeep\n|turn|4\n|\n|t:|1700394889\n|move|p2a: Sableye|Toxic|p1a: Mienshao\n|-status|p1a: Mienshao|tox\n|move|p1a: Mienshao|Knock Off|p2a: Sableye\n|-damage|p2a: Sableye|49\/100 tox\n|-enditem|p2a: Sableye|Light Clay|[from] move: Knock Off|[of] p1a: Mienshao\n|\n|-damage|p1a: Mienshao|95\/100 tox|[from] psn\n|-damage|p2a: Sableye|31\/100 tox|[from] psn\n|upkeep\n|turn|5\n|\n|t:|1700394901\n|switch|p1a: Bisharp|Bisharp, M|100\/100\n|move|p2a: Sableye|Recover|p2a: Sableye\n|-heal|p2a: Sableye|81\/100 tox\n|\n|-damage|p2a: Sableye|58\/100 tox|[from] psn\n|upkeep\n|turn|6\n|\n|t:|1700394910\n|switch|p2a: Latias|Latias, F|100\/100\n|-damage|p2a: Latias|88\/100|[from] Stealth Rock\n|move|p1a: Bisharp|Swords Dance|p1a: Bisharp\n|-boost|p1a: Bisharp|atk|2\n|\n|upkeep\n|turn|7\n|\n|t:|1700394920\n|move|p1a: Bisharp|Sucker Punch|p2a: Latias\n|-supereffective|p2a: Latias\n|-damage|p2a: Latias|6\/100\n|move|p2a: Latias|Aura Sphere|p1a: Bisharp\n|-supereffective|p1a: Bisharp\n|-damage|p1a: Bisharp|9\/100\n|\n|upkeep\n|turn|8\n|\n|t:|1700394927\n|move|p1a: Bisharp|Sucker Punch||[still]\n|-fail|p1a: Bisharp\n|move|p2a: Latias|Roost|p2a: Latias\n|-heal|p2a: Latias|56\/100\n|-singleturn|p2a: Latias|move: Roost\n|\n|-sideend|p2: topang567|Reflect\n|upkeep\n|turn|9\n|\n|t:|1700394932\n|move|p2a: Latias|Roost|p2a: Latias\n|-heal|p2a: Latias|100\/100\n|-singleturn|p2a: Latias|move: Roost\n|move|p1a: Bisharp|Swords Dance|p1a: Bisharp\n|-boost|p1a: Bisharp|atk|2\n|\n|-sideend|p2: topang567|move: Light Screen\n|upkeep\n|turn|10\n|\n|t:|1700394935\n|move|p1a: Bisharp|Sucker Punch|p2a: Latias\n|-supereffective|p2a: Latias\n|-damage|p2a: Latias|0 fnt\n|faint|p2a: Latias\n|\n|upkeep\n|\n|t:|1700394943\n|switch|p2a: Swellow|Swellow, M|100\/100\n|-damage|p2a: Swellow|76\/100|[from] Stealth Rock\n|turn|11\n|\n|t:|1700394947\n|move|p2a: Swellow|Protect|p2a: Swellow\n|-singleturn|p2a: Swellow|Protect\n|move|p1a: Bisharp|Sucker Punch||[still]\n|-fail|p1a: Bisharp\n|\n|-status|p2a: Swellow|brn|[from] item: Flame Orb\n|upkeep\n|turn|12\n|\n|t:|1700394952\n|move|p2a: Swellow|Quick Attack|p1a: Bisharp\n|-resisted|p1a: Bisharp\n|-damage|p1a: Bisharp|0 fnt\n|faint|p1a: Bisharp\n|\n|-damage|p2a: Swellow|69\/100 brn|[from] brn\n|upkeep\n|\n|t:|1700394959\n|switch|p1a: Landorus|Landorus-Therian, M|100\/100 tox\n|-ability|p1a: Landorus|Intimidate|boost\n|-unboost|p2a: Swellow|atk|1\n|turn|13\n|\n|t:|1700394970\n|switch|p2a: Vigoroth|Vigoroth, F|100\/100\n|-damage|p2a: Vigoroth|88\/100|[from] Stealth Rock\n|move|p1a: Landorus|U-turn|p2a: Vigoroth\n|-damage|p2a: Vigoroth|73\/100\n|\n|t:|1700394974\n|switch|p1a: Mienshao|Mienshao, F|100\/100 tox|[from] U-turn\n|\n|-damage|p1a: Mienshao|95\/100 tox|[from] psn\n|upkeep\n|turn|14\n|\n|t:|1700394981\n|-terastallize|p2a: Vigoroth|Ghost\n|move|p1a: Mienshao|U-turn|p2a: Vigoroth\n|-resisted|p2a: Vigoroth\n|-damage|p2a: Vigoroth|59\/100\n|\n|t:|1700394989\n|switch|p1a: Landorus|Landorus-Therian, M|100\/100 tox|[from] U-turn\n|-ability|p1a: Landorus|Intimidate|boost\n|-unboost|p2a: Vigoroth|atk|1\n|move|p2a: Vigoroth|Bulk Up|p2a: Vigoroth\n|-boost|p2a: Vigoroth|atk|1\n|-boost|p2a: Vigoroth|def|1\n|\n|-damage|p1a: Landorus|94\/100 tox|[from] psn\n|upkeep\n|turn|15\n|\n|t:|1700395000\n|move|p2a: Vigoroth|Facade|p1a: Landorus\n|-damage|p1a: Landorus|80\/100 tox\n|-damage|p2a: Vigoroth|42\/100|[from] item: Rocky Helmet|[of] p1a: Landorus\n|move|p1a: Landorus|Toxic|p2a: Vigoroth\n|-status|p2a: Vigoroth|tox\n|\n|-damage|p2a: Vigoroth|36\/100 tox|[from] psn\n|-damage|p1a: Landorus|68\/100 tox|[from] psn\n|upkeep\n|turn|16\n|\n|t:|1700395011\n|move|p2a: Vigoroth|Facade|p1a: Landorus\n|-damage|p1a: Landorus|42\/100 tox\n|-damage|p2a: Vigoroth|20\/100 tox|[from] item: Rocky Helmet|[of] p1a: Landorus\n|move|p1a: Landorus|U-turn|p2a: Vigoroth\n|-resisted|p2a: Vigoroth\n|-damage|p2a: Vigoroth|14\/100 tox\n|\n|t:|1700395016\n|switch|p1a: Ferrothorn|Ferrothorn, M|100\/100|[from] U-turn\n|\n|-damage|p2a: Vigoroth|2\/100 tox|[from] psn\n|upkeep\n|turn|17\n|\n|t:|1700395025\n|move|p2a: Vigoroth|Fire Punch|p1a: Ferrothorn\n|-supereffective|p1a: Ferrothorn\n|-damage|p1a: Ferrothorn|60\/100\n|-damage|p2a: Vigoroth|0 fnt|[from] ability: Iron Barbs|[of] p1a: Ferrothorn\n|faint|p2a: Vigoroth\n|move|p1a: Ferrothorn|Leech Seed|p2: Vigoroth|[notarget]\n|-fail|p1a: Ferrothorn\n|\n|-heal|p1a: Ferrothorn|66\/100|[from] item: Leftovers\n|upkeep\n|\n|t:|1700395031\n|switch|p2a: Blaziken|Blaziken, F|100\/100\n|-damage|p2a: Blaziken|88\/100|[from] Stealth Rock\n|turn|18\n|\n|t:|1700395035\n|switch|p1a: Landorus|Landorus-Therian, M|42\/100 tox\n|-ability|p1a: Landorus|Intimidate|boost\n|-unboost|p2a: Blaziken|atk|1\n|move|p2a: Blaziken|Protect||[still]\n|-fail|p2a: Blaziken\n|\n|-damage|p1a: Landorus|36\/100 tox|[from] psn\n|-ability|p2a: Blaziken|Speed Boost|boost\n|-boost|p2a: Blaziken|spe|1\n|upkeep\n|turn|19\n|\n|t:|1700395041\n|move|p2a: Blaziken|Close Combat|p1a: Landorus\n|-resisted|p1a: Landorus\n|-damage|p1a: Landorus|21\/100 tox\n|-unboost|p2a: Blaziken|def|1\n|-unboost|p2a: Blaziken|spd|1\n|-damage|p2a: Blaziken|72\/100|[from] item: Rocky Helmet|[of] p1a: Landorus\n|move|p1a: Landorus|Earthquake|p2a: Blaziken\n|-supereffective|p2a: Blaziken\n|-damage|p2a: Blaziken|0 fnt\n|faint|p2a: Blaziken\n|\n|-damage|p1a: Landorus|9\/100 tox|[from] psn\n|upkeep\n|\n|t:|1700395050\n|switch|p2a: Swellow|Swellow, M|69\/100 brn\n|-damage|p2a: Swellow|45\/100 brn|[from] Stealth Rock\n|turn|20\n|\n|t:|1700395056\n|move|p2a: Swellow|Quick Attack|p1a: Landorus\n|-damage|p1a: Landorus|0 fnt\n|-damage|p2a: Swellow|28\/100 brn|[from] item: Rocky Helmet|[of] p1a: Landorus\n|faint|p1a: Landorus\n|\n|-damage|p2a: Swellow|22\/100 brn|[from] brn\n|upkeep\n|\n|t:|1700395071\n|switch|p1a: Ferrothorn|Ferrothorn, M|66\/100\n|turn|21\n|\n|t:|1700395075\n|move|p2a: Swellow|Brave Bird|p1a: Ferrothorn\n|-damage|p1a: Ferrothorn|18\/100\n|-damage|p2a: Swellow|10\/100 brn|[from] ability: Iron Barbs|[of] p1a: Ferrothorn\n|-damage|p2a: Swellow|0 fnt|[from] Recoil\n|faint|p2a: Swellow\n|move|p1a: Ferrothorn|Leech Seed|p2: Swellow|[notarget]\n|-fail|p1a: Ferrothorn\n|\n|-heal|p1a: Ferrothorn|24\/100|[from] item: Leftovers\n|upkeep\n|\n|t:|1700395080\n|switch|p2a: Sableye|Sableye, F|58\/100 tox\n|-damage|p2a: Sableye|45\/100 tox|[from] Stealth Rock\n|turn|22\n|\n|t:|1700395083\n|move|p2a: Sableye|Reflect|p2a: Sableye\n|-sidestart|p2: topang567|Reflect\n|move|p1a: Ferrothorn|Leech Seed|p2a: Sableye\n|-start|p2a: Sableye|move: Leech Seed\n|\n|-heal|p1a: Ferrothorn|30\/100|[from] item: Leftovers\n|-damage|p2a: Sableye|33\/100 tox|[from] Leech Seed|[of] p1a: Ferrothorn\n|-heal|p1a: Ferrothorn|41\/100|[silent]\n|-damage|p2a: Sableye|27\/100 tox|[from] psn\n|upkeep\n|turn|23\n|\n|t:|1700395089\n|switch|p1a: Volcarona|Volcarona, M|100\/100\n|move|p2a: Sableye|Light Screen|p2a: Sableye\n|-sidestart|p2: topang567|move: Light Screen\n|\n|-damage|p2a: Sableye|15\/100 tox|[from] Leech Seed|[of] p1a: Volcarona\n|-damage|p2a: Sableye|3\/100 tox|[from] psn\n|upkeep\n|turn|24\n|\n|t:|1700395093\n|move|p2a: Sableye|Toxic|p1a: Volcarona\n|-status|p1a: Volcarona|tox\n|move|p1a: Volcarona|Quiver Dance|p1a: Volcarona\n|-boost|p1a: Volcarona|spa|1\n|-boost|p1a: Volcarona|spd|1\n|-boost|p1a: Volcarona|spe|1\n|\n|-damage|p2a: Sableye|0 fnt|[from] Leech Seed|[of] p1a: Volcarona\n|faint|p2a: Sableye\n|-damage|p1a: Volcarona|94\/100 tox|[from] psn\n|upkeep\n|\n|t:|1700395095\n|switch|p2a: Sceptile|Sceptile, F|100\/100\n|-damage|p2a: Sceptile|88\/100|[from] Stealth Rock\n|turn|25\n|c|\u2606topang567|gg\n|\n|t:|1700395104\n|detailschange|p2a: Sceptile|Sceptile-Mega, F\n|-mega|p2a: Sceptile|Sceptile|Sceptilite\n|move|p1a: Volcarona|Bug Buzz|p2a: Sceptile\n|-supereffective|p2a: Sceptile\n|-damage|p2a: Sceptile|0 fnt\n|faint|p2a: Sceptile\n|\n|win|Marcesgo\n|c|\u2606Marcesgo|Gg\n","uploadtime":1700395116,"views":29,"p1id":"marcesgo","p2id":"topang567","formatid":"gen9nationaldex","rating":0,"private":0,"password":""}