{"id":"gen9nationaldex-1998797206","p1":"Clayanto","p2":"tuenhi","format":"[Gen 9] National Dex","log":"|html|<div class=\"broadcast-blue\"><strong>[Gen 9] National Dex is currently suspecting Sneasler! For information on how to participate check out the <a href=\"https:\/\/www.smogon.com\/forums\/threads\/sv-national-dex-suspect-8-just-dance.3731534\/\">suspect thread<\/a>.<\/strong><\/div>\n|j|\u2606Clayanto\n|j|\u2606tuenhi\n|t:|1700992906\n|gametype|singles\n|player|p1|Clayanto|ariana|1411\n|player|p2|tuenhi|bruno|1505\n|teamsize|p1|6\n|teamsize|p2|6\n|gen|9\n|tier|[Gen 9] National Dex\n|rated|\n|rule|HP Percentage Mod: HP is shown in percentages\n|rule|Endless Battle Clause: Forcing endless battles is banned\n|rule|OHKO Clause: OHKO moves are banned\n|rule|Evasion Clause: Evasion abilities, items, and moves are banned\n|rule|Evasion Abilities Clause: Evasion abilities are banned\n|rule|Evasion Items Clause: Evasion items are banned\n|rule|Evasion Moves Clause: Evasion moves are banned\n|rule|Species Clause: Limit one of each Pok\u00e9mon\n|rule|Sleep Clause Mod: Limit one foe put to sleep\n|clearpoke\n|poke|p1|Ninetales-Alola, M|\n|poke|p1|Tyranitar, M|\n|poke|p1|Pelipper, F|\n|poke|p1|Torkoal, M|\n|poke|p1|Hatterene, F|\n|poke|p1|Sinistcha|\n|poke|p2|Cinderace, M|\n|poke|p2|Lapras, F|\n|poke|p2|Chansey, F|\n|poke|p2|Skarmory, M|\n|poke|p2|Hippowdon, M|\n|poke|p2|Tapu Koko|\n|teampreview\n|inactive|Battle timer is ON: inactive players will automatically lose when time's up. (requested by Clayanto)\n|\n|t:|1700992914\n|start\n|switch|p1a: Pelipper|Pelipper, F|100\/100\n|switch|p2a: Tapu Koko|Tapu Koko|100\/100\n|-fieldstart|move: Electric Terrain|[from] ability: Electric Surge|[of] p2a: Tapu Koko\n|-weather|RainDance|[from] ability: Drizzle|[of] p1a: Pelipper\n|turn|1\n|\n|t:|1700992927\n|switch|p1a: Sinistcha|Sinistcha|100\/100\n|move|p2a: Tapu Koko|Wild Charge|p1a: Sinistcha\n|-resisted|p1a: Sinistcha\n|-damage|p1a: Sinistcha|79\/100\n|-damage|p2a: Tapu Koko|94\/100|[from] Recoil\n|\n|-weather|RainDance|[upkeep]\n|-heal|p1a: Sinistcha|85\/100|[from] item: Leftovers\n|upkeep\n|turn|2\n|\n|t:|1700992937\n|move|p2a: Tapu Koko|U-turn|p1a: Sinistcha\n|-damage|p1a: Sinistcha|69\/100\n|\n|t:|1700992957\n|switch|p2a: Chansey|Chansey, F|100\/100|[from] U-turn\n|move|p1a: Sinistcha|Matcha Gotcha|p2a: Chansey\n|-damage|p2a: Chansey|93\/100\n|-heal|p1a: Sinistcha|77\/100|[from] drain|[of] p2a: Chansey\n|\n|-weather|RainDance|[upkeep]\n|-heal|p1a: Sinistcha|83\/100|[from] item: Leftovers\n|upkeep\n|turn|3\n|\n|t:|1700992968\n|switch|p1a: Hatterene|Hatterene, F|100\/100\n|move|p2a: Chansey|Toxic|p1a: Hatterene\n|move|p1a: Hatterene|Toxic|p2a: Chansey|[from]ability: Magic Bounce\n|-status|p2a: Chansey|tox\n|\n|-weather|RainDance|[upkeep]\n|-damage|p2a: Chansey|87\/100 tox|[from] psn\n|upkeep\n|turn|4\n|\n|t:|1700992979\n|switch|p1a: Tyranitar|Tyranitar, M|100\/100\n|-weather|Sandstorm|[from] ability: Sand Stream|[of] p1a: Tyranitar\n|move|p2a: Chansey|Heal Bell|p2a: Chansey\n|-activate|p2a: Chansey|move: Heal Bell\n|-curestatus|p2a: Chansey|tox|[msg]\n|\n|-weather|Sandstorm|[upkeep]\n|-damage|p2a: Chansey|81\/100|[from] Sandstorm\n|upkeep\n|turn|5\n|\n|t:|1700992993\n|switch|p2a: Lapras|Lapras, F|100\/100\n|detailschange|p1a: Tyranitar|Tyranitar-Mega, M\n|-mega|p1a: Tyranitar|Tyranitar|Tyranitarite\n|move|p1a: Tyranitar|Knock Off|p2a: Lapras\n|-damage|p2a: Lapras|53\/100\n|-enditem|p2a: Lapras|Leftovers|[from] move: Knock Off|[of] p1a: Tyranitar\n|\n|-weather|Sandstorm|[upkeep]\n|-damage|p2a: Lapras|47\/100|[from] Sandstorm\n|-fieldend|move: Electric Terrain\n|upkeep\n|turn|6\n|\n|t:|1700993009\n|switch|p1a: Sinistcha|Sinistcha|83\/100\n|move|p2a: Lapras|Whirlpool|p1a: Sinistcha\n|-resisted|p1a: Sinistcha\n|-damage|p1a: Sinistcha|78\/100\n|-activate|p1a: Sinistcha|move: Whirlpool|[of] p2a: Lapras\n|\n|-weather|Sandstorm|[upkeep]\n|-damage|p1a: Sinistcha|72\/100|[from] Sandstorm\n|-damage|p2a: Lapras|41\/100|[from] Sandstorm\n|-heal|p1a: Sinistcha|78\/100|[from] item: Leftovers\n|-damage|p1a: Sinistcha|65\/100|[from] move: Whirlpool|[partiallytrapped]\n|upkeep\n|turn|7\n|inactive|tuenhi has 120 seconds left.\n|\n|t:|1700993028\n|switch|p2a: Cinderace|Cinderace, M|100\/100\n|move|p1a: Sinistcha|Matcha Gotcha|p2a: Cinderace\n|-resisted|p2a: Cinderace\n|-damage|p2a: Cinderace|76\/100\n|-heal|p1a: Sinistcha|76\/100|[from] drain|[of] p2a: Cinderace\n|\n|-weather|Sandstorm|[upkeep]\n|-damage|p2a: Cinderace|70\/100|[from] Sandstorm\n|-damage|p1a: Sinistcha|70\/100|[from] Sandstorm\n|-heal|p1a: Sinistcha|76\/100|[from] item: Leftovers\n|-end|p1a: Sinistcha|Whirlpool|[partiallytrapped]|[silent]\n|upkeep\n|turn|8\n|inactive|tuenhi has 120 seconds left.\n|\n|t:|1700993040\n|switch|p1a: Pelipper|Pelipper, F|100\/100\n|-weather|RainDance|[from] ability: Drizzle|[of] p1a: Pelipper\n|move|p2a: Cinderace|U-turn|p1a: Pelipper\n|-start|p2a: Cinderace|typechange|Bug|[from] ability: Libero\n|-resisted|p1a: Pelipper\n|-damage|p1a: Pelipper|78\/100\n|inactive|tuenhi has 120 seconds left.\n|\n|t:|1700993048\n|switch|p2a: Tapu Koko|Tapu Koko|94\/100|[from] U-turn\n|-fieldstart|move: Electric Terrain|[from] ability: Electric Surge|[of] p2a: Tapu Koko\n|\n|-weather|RainDance|[upkeep]\n|upkeep\n|turn|9\n|\n|t:|1700993057\n|switch|p1a: Tyranitar|Tyranitar-Mega, M|100\/100\n|-weather|Sandstorm|[from] ability: Sand Stream|[of] p1a: Tyranitar\n|move|p2a: Tapu Koko|U-turn|p1a: Tyranitar\n|-supereffective|p1a: Tyranitar\n|-damage|p1a: Tyranitar|76\/100\n|inactive|tuenhi has 120 seconds left.\n|\n|t:|1700993070\n|switch|p2a: Hippowdon|Hippowdon, M|100\/100|[from] U-turn\n|\n|-weather|Sandstorm|[upkeep]\n|upkeep\n|turn|10\n|\n|t:|1700993078\n|switch|p1a: Hatterene|Hatterene, F|100\/100\n|move|p2a: Hippowdon|Toxic|p1a: Hatterene\n|move|p1a: Hatterene|Toxic|p2a: Hippowdon|[from]ability: Magic Bounce\n|-status|p2a: Hippowdon|tox\n|\n|-weather|Sandstorm|[upkeep]\n|-damage|p1a: Hatterene|95\/100|[from] Sandstorm\n|-damage|p2a: Hippowdon|94\/100 tox|[from] psn\n|upkeep\n|turn|11\n|\n|t:|1700993091\n|switch|p2a: Chansey|Chansey, F|81\/100\n|move|p1a: Hatterene|Nuzzle|p2a: Chansey\n|-damage|p2a: Chansey|71\/100\n|-status|p2a: Chansey|par\n|\n|-weather|Sandstorm|[upkeep]\n|-damage|p1a: Hatterene|89\/100|[from] Sandstorm\n|-damage|p2a: Chansey|65\/100 par|[from] Sandstorm\n|upkeep\n|turn|12\n|\n|t:|1700993101\n|switch|p1a: Ninetales|Ninetales-Alola, M|100\/100\n|-weather|Snow|[from] ability: Snow Warning|[of] p1a: Ninetales\n|cant|p2a: Chansey|par\n|\n|-weather|Snow|[upkeep]\n|-fieldend|move: Electric Terrain\n|upkeep\n|turn|13\n|\n|t:|1700993109\n|move|p1a: Ninetales|Aurora Veil|p1a: Ninetales\n|-sidestart|p1: Clayanto|move: Aurora Veil\n|move|p2a: Chansey|Toxic|p1a: Ninetales\n|-status|p1a: Ninetales|tox\n|\n|-weather|Snow|[upkeep]\n|-damage|p1a: Ninetales|94\/100 tox|[from] psn\n|upkeep\n|turn|14\n|\n|t:|1700993116\n|switch|p1a: Tyranitar|Tyranitar-Mega, M|76\/100\n|-weather|Sandstorm|[from] ability: Sand Stream|[of] p1a: Tyranitar\n|move|p2a: Chansey|Heal Bell|p2a: Chansey\n|-activate|p2a: Chansey|move: Heal Bell\n|-curestatus|p2a: Chansey|par|[msg]\n|-curestatus|p2: Hippowdon|tox|[msg]\n|\n|-weather|Sandstorm|[upkeep]\n|-damage|p2a: Chansey|58\/100|[from] Sandstorm\n|upkeep\n|turn|15\n|\n|t:|1700993133\n|switch|p2a: Skarmory|Skarmory, M|100\/100\n|move|p1a: Tyranitar|Dragon Dance|p1a: Tyranitar\n|-boost|p1a: Tyranitar|atk|1\n|-boost|p1a: Tyranitar|spe|1\n|\n|-weather|Sandstorm|[upkeep]\n|upkeep\n|turn|16\n|\n|t:|1700993142\n|move|p1a: Tyranitar|Fire Punch|p2a: Skarmory\n|-supereffective|p2a: Skarmory\n|-damage|p2a: Skarmory|57\/100\n|-damage|p1a: Tyranitar|59\/100|[from] item: Rocky Helmet|[of] p2a: Skarmory\n|move|p2a: Skarmory|Whirlwind|p1a: Tyranitar\n|drag|p1a: Hatterene|Hatterene, F|89\/100\n|\n|-weather|Sandstorm|[upkeep]\n|-damage|p1a: Hatterene|83\/100|[from] Sandstorm\n|upkeep\n|turn|17\n|\n|t:|1700993153\n|switch|p2a: Chansey|Chansey, F|58\/100\n|move|p1a: Hatterene|Nuzzle|p2a: Chansey\n|-damage|p2a: Chansey|52\/100\n|-status|p2a: Chansey|par\n|\n|-weather|Sandstorm|[upkeep]\n|-damage|p1a: Hatterene|77\/100|[from] Sandstorm\n|-damage|p2a: Chansey|46\/100 par|[from] Sandstorm\n|upkeep\n|turn|18\n|\n|t:|1700993164\n|switch|p1a: Tyranitar|Tyranitar-Mega, M|59\/100\n|move|p2a: Chansey|Heal Bell|p2a: Chansey\n|-activate|p2a: Chansey|move: Heal Bell\n|-curestatus|p2a: Chansey|par|[msg]\n|\n|-weather|none\n|upkeep\n|turn|19\n|\n|t:|1700993175\n|switch|p2a: Hippowdon|Hippowdon, M|94\/100\n|-weather|Sandstorm|[from] ability: Sand Stream|[of] p2a: Hippowdon\n|move|p1a: Tyranitar|Knock Off|p2a: Hippowdon\n|-damage|p2a: Hippowdon|65\/100\n|-enditem|p2a: Hippowdon|Leftovers|[from] move: Knock Off|[of] p1a: Tyranitar\n|\n|-weather|Sandstorm|[upkeep]\n|upkeep\n|turn|20\n|\n|t:|1700993186\n|switch|p1a: Pelipper|Pelipper, F|78\/100\n|-weather|RainDance|[from] ability: Drizzle|[of] p1a: Pelipper\n|move|p2a: Hippowdon|Earthquake|p1a: Pelipper\n|-immune|p1a: Pelipper\n|\n|-weather|RainDance|[upkeep]\n|-sideend|p1: Clayanto|move: Aurora Veil\n|upkeep\n|turn|21\n|\n|t:|1700993198\n|switch|p2a: Lapras|Lapras, F|41\/100\n|move|p1a: Pelipper|Hurricane|p2a: Lapras\n|-damage|p2a: Lapras|0 fnt\n|faint|p2a: Lapras\n|\n|-weather|RainDance|[upkeep]\n|upkeep\n|\n|t:|1700993208\n|switch|p2a: Tapu Koko|Tapu Koko|94\/100\n|-fieldstart|move: Electric Terrain|[from] ability: Electric Surge|[of] p2a: Tapu Koko\n|turn|22\n|\n|t:|1700993213\n|switch|p1a: Sinistcha|Sinistcha|76\/100\n|move|p2a: Tapu Koko|U-turn|p1a: Sinistcha\n|-damage|p1a: Sinistcha|60\/100\n|\n|t:|1700993218\n|switch|p2a: Cinderace|Cinderace, M|70\/100|[from] U-turn\n|\n|-weather|RainDance|[upkeep]\n|-heal|p1a: Sinistcha|66\/100|[from] item: Leftovers\n|upkeep\n|turn|23\n|\n|t:|1700993225\n|move|p2a: Cinderace|Pyro Ball|p1a: Sinistcha\n|-supereffective|p1a: Sinistcha\n|-damage|p1a: Sinistcha|46\/100\n|move|p1a: Sinistcha|Strength Sap|p2a: Cinderace\n|-unboost|p2a: Cinderace|atk|1\n|-heal|p1a: Sinistcha|100\/100\n|\n|-weather|RainDance|[upkeep]\n|upkeep\n|turn|24\n|\n|t:|1700993245\n|switch|p2a: Skarmory|Skarmory, M|57\/100\n|move|p1a: Sinistcha|Matcha Gotcha|p2a: Skarmory\n|-resisted|p2a: Skarmory\n|-crit|p2a: Skarmory\n|-damage|p2a: Skarmory|41\/100\n|\n|-weather|none\n|upkeep\n|turn|25\n|\n|t:|1700993255\n|move|p2a: Skarmory|Roost|p2a: Skarmory\n|-heal|p2a: Skarmory|91\/100\n|-singleturn|p2a: Skarmory|move: Roost\n|move|p1a: Sinistcha|Shadow Ball|p2a: Skarmory\n|-crit|p2a: Skarmory\n|-damage|p2a: Skarmory|19\/100\n|\n|upkeep\n|turn|26\n|\n|t:|1700993263\n|switch|p1a: Tyranitar|Tyranitar-Mega, M|59\/100\n|-weather|Sandstorm|[from] ability: Sand Stream|[of] p1a: Tyranitar\n|switch|p2a: Chansey|Chansey, F|46\/100\n|\n|-weather|Sandstorm|[upkeep]\n|-damage|p2a: Chansey|39\/100|[from] Sandstorm\n|-fieldend|move: Electric Terrain\n|upkeep\n|turn|27\n|-message|tuenhi forfeited.\n|\n|win|Clayanto\n|raw|Clayanto's rating: 1411 &rarr; <strong>1436<\/strong><br \/>(+25 for winning)\n|raw|tuenhi's rating: 1505 &rarr; <strong>1480<\/strong><br \/>(-25 for losing)\n|l|\u2606tuenhi\n","uploadtime":1700993564,"views":12,"p1id":"clayanto","p2id":"tuenhi","formatid":"gen9nationaldex","rating":1436,"private":0,"password":""}