{"id":"gen9nationaldex-1990480807","p1":"ashzzz","p2":"Kiviruweinau","format":"[Gen 9] National Dex","log":"|j|\u2606ashzzz\n|j|\u2606Kiviruweinau\n|t:|1699974883\n|gametype|singles\n|player|p1|ashzzz|2|1361\n|player|p2|Kiviruweinau|roughneck|1308\n|teamsize|p1|6\n|teamsize|p2|6\n|gen|9\n|tier|[Gen 9] National Dex\n|rated|\n|rule|HP Percentage Mod: HP is shown in percentages\n|rule|Endless Battle Clause: Forcing endless battles is banned\n|rule|OHKO Clause: OHKO moves are banned\n|rule|Evasion Clause: Evasion abilities, items, and moves are banned\n|rule|Evasion Abilities Clause: Evasion abilities are banned\n|rule|Evasion Items Clause: Evasion items are banned\n|rule|Evasion Moves Clause: Evasion moves are banned\n|rule|Species Clause: Limit one of each Pok\u00e9mon\n|rule|Sleep Clause Mod: Limit one foe put to sleep\n|clearpoke\n|poke|p1|Clodsire, F|\n|poke|p1|Corviknight, M|\n|poke|p1|Skeledirge, M|\n|poke|p1|Medicham, M|\n|poke|p1|Bisharp, M|\n|poke|p1|Dragonite, M|\n|poke|p2|Porygon2|\n|poke|p2|Heracross, F|\n|poke|p2|Nihilego|\n|poke|p2|Galvantula, M|\n|poke|p2|Great Tusk|\n|poke|p2|Moltres|\n|teampreview\n|\n|t:|1699974896\n|start\n|switch|p1a: Clodsire|Clodsire, F|100\/100\n|switch|p2a: Galvantula|Galvantula, M|100\/100\n|turn|1\n|\n|t:|1699974907\n|move|p2a: Galvantula|Sticky Web|p1a: Clodsire\n|-sidestart|p1: ashzzz|move: Sticky Web\n|move|p1a: Clodsire|Stealth Rock|p2a: Galvantula\n|-sidestart|p2: Kiviruweinau|move: Stealth Rock\n|\n|upkeep\n|turn|2\n|\n|t:|1699974912\n|move|p2a: Galvantula|Hidden Power|p1a: Clodsire\n|-supereffective|p1a: Clodsire\n|-damage|p1a: Clodsire|80\/100\n|move|p1a: Clodsire|Earthquake|p2a: Galvantula\n|-damage|p2a: Galvantula|55\/100\n|\n|upkeep\n|turn|3\n|\n|t:|1699974918\n|switch|p2a: Heracross|Heracross, F|100\/100\n|-damage|p2a: Heracross|88\/100|[from] Stealth Rock\n|move|p1a: Clodsire|Toxic|p2a: Heracross\n|-status|p2a: Heracross|tox\n|\n|-damage|p2a: Heracross|82\/100 tox|[from] psn\n|upkeep\n|turn|4\n|\n|t:|1699974929\n|switch|p2a: Great Tusk|Great Tusk|100\/100\n|-damage|p2a: Great Tusk|98\/100|[from] Stealth Rock\n|switch|p1a: Corviknight|Corviknight, M|100\/100\n|-ability|p1a: Corviknight|Pressure\n|\n|upkeep\n|turn|5\n|\n|t:|1699974937\n|switch|p1a: Skeledirge|Skeledirge, M|100\/100\n|move|p2a: Great Tusk|Rapid Spin|p1a: Skeledirge\n|-immune|p1a: Skeledirge\n|\n|upkeep\n|turn|6\n|\n|t:|1699974946\n|switch|p1a: Corviknight|Corviknight, M|100\/100\n|-ability|p1a: Corviknight|Pressure\n|-terastallize|p2a: Great Tusk|Ground\n|move|p2a: Great Tusk|Headlong Rush|p1a: Corviknight\n|-immune|p1a: Corviknight\n|\n|upkeep\n|turn|7\n|\n|t:|1699974965\n|switch|p1a: Dragonite|Dragonite, M|100\/100\n|move|p2a: Great Tusk|Rapid Spin|p1a: Dragonite\n|-damage|p1a: Dragonite|94\/100\n|-boost|p2a: Great Tusk|spe|1\n|-sideend|p2: Kiviruweinau|Stealth Rock|[from] move: Rapid Spin|[of] p2a: Great Tusk\n|\n|upkeep\n|turn|8\n|\n|t:|1699974972\n|move|p2a: Great Tusk|Ice Spinner|p1a: Dragonite\n|-supereffective|p1a: Dragonite\n|-damage|p1a: Dragonite|2\/100\n|move|p1a: Dragonite|Curse|p1a: Dragonite\n|-unboost|p1a: Dragonite|spe|1\n|-boost|p1a: Dragonite|atk|1\n|-boost|p1a: Dragonite|def|1\n|\n|upkeep\n|turn|9\n|\n|t:|1699974998\n|switch|p1a: Corviknight|Corviknight, M|100\/100\n|-ability|p1a: Corviknight|Pressure\n|move|p2a: Great Tusk|Rapid Spin|p1a: Corviknight\n|-resisted|p1a: Corviknight\n|-damage|p1a: Corviknight|95\/100\n|-boost|p2a: Great Tusk|spe|1\n|\n|-heal|p1a: Corviknight|100\/100|[from] item: Leftovers\n|upkeep\n|turn|10\n|\n|t:|1699975008\n|-end|p2a: Great Tusk|Protosynthesis|[silent]\n|switch|p2a: Galvantula|Galvantula, M|55\/100\n|move|p1a: Corviknight|Iron Defense|p1a: Corviknight\n|-boost|p1a: Corviknight|def|2\n|\n|upkeep\n|turn|11\n|\n|t:|1699975018\n|move|p2a: Galvantula|Thunder|p1a: Corviknight\n|-supereffective|p1a: Corviknight\n|-damage|p1a: Corviknight|21\/100\n|move|p1a: Corviknight|Body Press|p2a: Galvantula\n|-resisted|p2a: Galvantula\n|-damage|p2a: Galvantula|10\/100\n|\n|-heal|p1a: Corviknight|27\/100|[from] item: Leftovers\n|upkeep\n|turn|12\n|\n|t:|1699975031\n|switch|p1a: Clodsire|Clodsire, F|80\/100\n|move|p2a: Galvantula|Volt Switch|p1a: Clodsire\n|-immune|p1a: Clodsire\n|\n|upkeep\n|turn|13\n|\n|t:|1699975040\n|switch|p2a: Great Tusk|Great Tusk, tera:Ground|98\/100\n|move|p1a: Clodsire|Toxic|p2a: Great Tusk\n|-status|p2a: Great Tusk|tox\n|\n|-damage|p2a: Great Tusk|91\/100 tox|[from] psn\n|upkeep\n|turn|14\n|\n|t:|1699975047\n|move|p2a: Great Tusk|Close Combat|p1a: Clodsire\n|-resisted|p1a: Clodsire\n|-damage|p1a: Clodsire|45\/100\n|-unboost|p2a: Great Tusk|def|1\n|-unboost|p2a: Great Tusk|spd|1\n|move|p1a: Clodsire|Stealth Rock|p2a: Great Tusk\n|-sidestart|p2: Kiviruweinau|move: Stealth Rock\n|\n|-damage|p2a: Great Tusk|79\/100 tox|[from] psn\n|upkeep\n|turn|15\n|\n|t:|1699975055\n|switch|p1a: Dragonite|Dragonite, M|2\/100\n|move|p2a: Great Tusk|Rapid Spin|p1a: Dragonite\n|-damage|p1a: Dragonite|0 fnt\n|-boost|p2a: Great Tusk|spe|1\n|-sideend|p2: Kiviruweinau|Stealth Rock|[from] move: Rapid Spin|[of] p2a: Great Tusk\n|faint|p1a: Dragonite\n|\n|-damage|p2a: Great Tusk|60\/100 tox|[from] psn\n|upkeep\n|\n|t:|1699975067\n|switch|p1a: Medicham|Medicham, M|100\/100\n|-activate|p1a: Medicham|move: Sticky Web\n|-unboost|p1a: Medicham|spe|1\n|turn|16\n|\n|t:|1699975071\n|-end|p2a: Great Tusk|Protosynthesis|[silent]\n|switch|p2a: Moltres|Moltres|100\/100\n|detailschange|p1a: Medicham|Medicham-Mega, M\n|-mega|p1a: Medicham|Medicham|Medichamite\n|move|p1a: Medicham|Fake Out|p2a: Moltres\n|-damage|p2a: Moltres|86\/100\n|-status|p1a: Medicham|brn|[from] ability: Flame Body|[of] p2a: Moltres\n|\n|-damage|p1a: Medicham|94\/100 brn|[from] brn\n|upkeep\n|turn|17\n|\n|t:|1699975096\n|move|p1a: Medicham|Zen Headbutt|p2a: Moltres\n|-damage|p2a: Moltres|63\/100\n|move|p2a: Moltres|Scorching Sands|p1a: Medicham\n|-damage|p1a: Medicham|67\/100 brn\n|\n|-damage|p1a: Medicham|61\/100 brn|[from] brn\n|upkeep\n|turn|18\n|\n|t:|1699975118\n|move|p1a: Medicham|Zen Headbutt|p2a: Moltres\n|-damage|p2a: Moltres|38\/100\n|move|p2a: Moltres|Roost|p2a: Moltres\n|-heal|p2a: Moltres|88\/100\n|-singleturn|p2a: Moltres|move: Roost\n|\n|-damage|p1a: Medicham|55\/100 brn|[from] brn\n|upkeep\n|turn|19\n|\n|t:|1699975158\n|move|p1a: Medicham|Zen Headbutt|p2a: Moltres\n|-damage|p2a: Moltres|63\/100\n|move|p2a: Moltres|Scorching Sands|p1a: Medicham\n|-damage|p1a: Medicham|25\/100 brn\n|\n|-damage|p1a: Medicham|19\/100 brn|[from] brn\n|upkeep\n|turn|20\n|\n|t:|1699975169\n|move|p1a: Medicham|Zen Headbutt|p2a: Moltres\n|-damage|p2a: Moltres|38\/100\n|cant|p2a: Moltres|flinch\n|\n|-damage|p1a: Medicham|12\/100 brn|[from] brn\n|upkeep\n|turn|21\n|\n|t:|1699975175\n|move|p1a: Medicham|Zen Headbutt|p2a: Moltres\n|-damage|p2a: Moltres|13\/100\n|move|p2a: Moltres|Roost|p2a: Moltres\n|-heal|p2a: Moltres|63\/100\n|-singleturn|p2a: Moltres|move: Roost\n|\n|-damage|p1a: Medicham|6\/100 brn|[from] brn\n|upkeep\n|turn|22\n|\n|t:|1699975183\n|move|p1a: Medicham|Zen Headbutt|p2a: Moltres\n|-damage|p2a: Moltres|39\/100\n|move|p2a: Moltres|Roost|p2a: Moltres\n|-heal|p2a: Moltres|89\/100\n|-singleturn|p2a: Moltres|move: Roost\n|\n|-damage|p1a: Medicham|0 fnt|[from] brn\n|faint|p1a: Medicham\n|upkeep\n|\n|t:|1699975195\n|switch|p1a: Bisharp|Bisharp, M|100\/100\n|-activate|p1a: Bisharp|move: Sticky Web\n|-unboost|p1a: Bisharp|spe|1\n|-ability|p1a: Bisharp|Defiant|boost\n|-boost|p1a: Bisharp|atk|2\n|turn|23\n|\n|t:|1699975201\n|move|p1a: Bisharp|Sucker Punch|p2a: Moltres\n|-damage|p2a: Moltres|35\/100\n|move|p2a: Moltres|Flamethrower|p1a: Bisharp\n|-supereffective|p1a: Bisharp\n|-damage|p1a: Bisharp|30\/100\n|\n|upkeep\n|turn|24\n|\n|t:|1699975209\n|move|p2a: Moltres|Roost|p2a: Moltres\n|-heal|p2a: Moltres|85\/100\n|-singleturn|p2a: Moltres|move: Roost\n|move|p1a: Bisharp|Knock Off|p2a: Moltres\n|-damage|p2a: Moltres|10\/100\n|-enditem|p2a: Moltres|Heavy-Duty Boots|[from] move: Knock Off|[of] p1a: Bisharp\n|\n|upkeep\n|turn|25\n|\n|t:|1699975216\n|move|p1a: Bisharp|Sucker Punch||[still]\n|-fail|p1a: Bisharp\n|move|p2a: Moltres|Roost|p2a: Moltres\n|-heal|p2a: Moltres|60\/100\n|-singleturn|p2a: Moltres|move: Roost\n|\n|upkeep\n|turn|26\n|\n|t:|1699975222\n|move|p1a: Bisharp|Sucker Punch||[still]\n|-fail|p1a: Bisharp\n|move|p2a: Moltres|Roost|p2a: Moltres\n|-heal|p2a: Moltres|100\/100\n|-singleturn|p2a: Moltres|move: Roost\n|\n|upkeep\n|turn|27\n|\n|t:|1699975230\n|move|p2a: Moltres|Flamethrower|p1a: Bisharp\n|-supereffective|p1a: Bisharp\n|-damage|p1a: Bisharp|0 fnt\n|faint|p1a: Bisharp\n|\n|upkeep\n|\n|t:|1699975235\n|switch|p1a: Skeledirge|Skeledirge, M|100\/100\n|turn|28\n|\n|t:|1699975247\n|switch|p2a: Nihilego|Nihilego|100\/100\n|-terastallize|p1a: Skeledirge|Water\n|move|p1a: Skeledirge|Torch Song|p2a: Nihilego\n|-resisted|p2a: Nihilego\n|-damage|p2a: Nihilego|94\/100\n|-boost|p1a: Skeledirge|spa|1\n|\n|upkeep\n|turn|29\n|\n|t:|1699975259\n|move|p2a: Nihilego|Sludge Bomb|p1a: Skeledirge\n|-damage|p1a: Skeledirge|50\/100\n|move|p1a: Skeledirge|Torch Song|p2a: Nihilego\n|-resisted|p2a: Nihilego\n|-damage|p2a: Nihilego|85\/100\n|-boost|p1a: Skeledirge|spa|1\n|\n|upkeep\n|turn|30\n|\n|t:|1699975266\n|move|p2a: Nihilego|Sludge Bomb|p1a: Skeledirge\n|-damage|p1a: Skeledirge|3\/100\n|move|p1a: Skeledirge|Slack Off|p1a: Skeledirge\n|-heal|p1a: Skeledirge|53\/100\n|\n|upkeep\n|turn|31\n|\n|t:|1699975271\n|move|p2a: Nihilego|Sludge Bomb|p1a: Skeledirge\n|-damage|p1a: Skeledirge|6\/100\n|-status|p1a: Skeledirge|psn\n|move|p1a: Skeledirge|Slack Off|p1a: Skeledirge\n|-heal|p1a: Skeledirge|56\/100 psn\n|\n|-damage|p1a: Skeledirge|44\/100 psn|[from] psn\n|upkeep\n|turn|32\n|-message|ashzzz forfeited.\n|\n|win|Kiviruweinau\n|raw|ashzzz's rating: 1361 &rarr; <strong>1338<\/strong><br \/>(-23 for losing)\n|raw|Kiviruweinau's rating: 1308 &rarr; <strong>1331<\/strong><br \/>(+23 for winning)\n","uploadtime":1699975281,"views":5,"p1id":"ashzzz","p2id":"kiviruweinau","formatid":"gen9nationaldex","rating":1331,"private":0,"password":""}