{"id":"gen9nationaldex-2000678991","p1":"Onlymanever","p2":"Gaston 25","format":"[Gen 9] National Dex","log":"|html|<div class=\"broadcast-blue\"><strong>[Gen 9] National Dex is currently suspecting Sneasler! For information on how to participate check out the <a href=\"https:\/\/www.smogon.com\/forums\/threads\/sv-national-dex-suspect-8-just-dance.3731534\/\">suspect thread<\/a>.<\/strong><\/div>\n|j|\u2606Onlymanever\n|j|\u2606Gaston 25\n|t:|1701217884\n|gametype|singles\n|player|p1|Onlymanever|lyra|1099\n|player|p2|Gaston 25|1|1055\n|teamsize|p1|6\n|teamsize|p2|6\n|gen|9\n|tier|[Gen 9] National Dex\n|rated|\n|rule|HP Percentage Mod: HP is shown in percentages\n|rule|Endless Battle Clause: Forcing endless battles is banned\n|rule|OHKO Clause: OHKO moves are banned\n|rule|Evasion Clause: Evasion abilities, items, and moves are banned\n|rule|Evasion Abilities Clause: Evasion abilities are banned\n|rule|Evasion Items Clause: Evasion items are banned\n|rule|Evasion Moves Clause: Evasion moves are banned\n|rule|Species Clause: Limit one of each Pok\u00e9mon\n|rule|Sleep Clause Mod: Limit one foe put to sleep\n|clearpoke\n|poke|p1|Chesnaught, M|\n|poke|p1|Vivillon, F|\n|poke|p1|Pyroar, F|\n|poke|p1|Clawitzer, M|\n|poke|p1|Aegislash, M|\n|poke|p1|Tyrantrum, M|\n|poke|p2|Greninja-*, M|\n|poke|p2|Gogoat, F|\n|poke|p2|Talonflame, M|\n|poke|p2|Aegislash, M|\n|poke|p2|Goodra, F|\n|poke|p2|Hawlucha, M|\n|teampreview\n|inactive|Battle timer is ON: inactive players will automatically lose when time's up. (requested by Gaston 25)\n|\n|t:|1701217903\n|start\n|switch|p1a: Vivillon|Vivillon, F|100\/100\n|switch|p2a: Greninja|Greninja, M|100\/100\n|turn|1\n|\n|t:|1701217911\n|move|p2a: Greninja|Ice Beam|p1a: Vivillon\n|-start|p2a: Greninja|typechange|Ice|[from] ability: Protean\n|-supereffective|p1a: Vivillon\n|-damage|p1a: Vivillon|0 fnt\n|faint|p1a: Vivillon\n|\n|upkeep\n|\n|t:|1701217918\n|switch|p1a: Chesnaught|Chesnaught, M|100\/100\n|turn|2\n|\n|t:|1701217923\n|-terastallize|p1a: Chesnaught|Fire\n|move|p2a: Greninja|Toxic Spikes|p1a: Chesnaught\n|-sidestart|p1: Onlymanever|move: Toxic Spikes\n|move|p1a: Chesnaught|Close Combat|p2a: Greninja\n|-supereffective|p2a: Greninja\n|-enditem|p2a: Greninja|Focus Sash\n|-damage|p2a: Greninja|1\/100\n|-unboost|p1a: Chesnaught|def|1\n|-unboost|p1a: Chesnaught|spd|1\n|\n|upkeep\n|turn|3\n|\n|t:|1701217945\n|move|p2a: Greninja|Surf|p1a: Chesnaught\n|-supereffective|p1a: Chesnaught\n|-damage|p1a: Chesnaught|12\/100\n|move|p1a: Chesnaught|Close Combat|p2a: Greninja\n|-supereffective|p2a: Greninja\n|-damage|p2a: Greninja|0 fnt\n|-unboost|p1a: Chesnaught|def|1\n|-unboost|p1a: Chesnaught|spd|1\n|faint|p2a: Greninja\n|\n|-heal|p1a: Chesnaught|18\/100|[from] item: Leftovers\n|upkeep\n|\n|t:|1701217961\n|switch|p2a: Talonflame|Talonflame, M|100\/100\n|turn|4\n|\n|t:|1701217967\n|move|p2a: Talonflame|Brave Bird|p1a: Chesnaught\n|-damage|p1a: Chesnaught|0 fnt\n|faint|p1a: Chesnaught\n|-damage|p2a: Talonflame|94\/100|[from] Recoil\n|\n|upkeep\n|\n|t:|1701217980\n|switch|p1a: Tyrantrum|Tyrantrum, M|100\/100\n|-status|p1a: Tyrantrum|psn\n|turn|5\n|\n|t:|1701217985\n|move|p2a: Talonflame|U-turn|p1a: Tyrantrum\n|-damage|p1a: Tyrantrum|83\/100 psn\n|\n|t:|1701217988\n|switch|p2a: Aegislash|Aegislash, M|100\/100|[from] U-turn\n|move|p1a: Tyrantrum|Dragon Dance|p1a: Tyrantrum\n|-boost|p1a: Tyrantrum|atk|1\n|-boost|p1a: Tyrantrum|spe|1\n|\n|-heal|p1a: Tyrantrum|89\/100 psn|[from] item: Leftovers\n|-damage|p1a: Tyrantrum|77\/100 psn|[from] psn\n|upkeep\n|turn|6\n|\n|t:|1701218010\n|move|p1a: Tyrantrum|Dragon Dance|p1a: Tyrantrum\n|-boost|p1a: Tyrantrum|atk|1\n|-boost|p1a: Tyrantrum|spe|1\n|move|p2a: Aegislash|Swords Dance|p2a: Aegislash\n|-boost|p2a: Aegislash|atk|2\n|\n|-heal|p1a: Tyrantrum|83\/100 psn|[from] item: Leftovers\n|-damage|p1a: Tyrantrum|71\/100 psn|[from] psn\n|upkeep\n|turn|7\n|\n|t:|1701218028\n|move|p1a: Tyrantrum|Outrage|p2a: Aegislash\n|-resisted|p2a: Aegislash\n|-damage|p2a: Aegislash|50\/100\n|-formechange|p2a: Aegislash|Aegislash-Blade||[from] ability: Stance Change\n|move|p2a: Aegislash|Iron Head|p1a: Tyrantrum\n|-supereffective|p1a: Tyrantrum\n|-damage|p1a: Tyrantrum|0 fnt\n|faint|p1a: Tyrantrum\n|\n|upkeep\n|\n|t:|1701218037\n|switch|p1a: Pyroar|Pyroar, F|100\/100\n|-status|p1a: Pyroar|psn\n|turn|8\n|\n|t:|1701218043\n|move|p1a: Pyroar|Flamethrower|p2a: Aegislash\n|-supereffective|p2a: Aegislash\n|-damage|p2a: Aegislash|0 fnt\n|faint|p2a: Aegislash\n|-ability|p1a: Pyroar|Moxie|boost\n|-boost|p1a: Pyroar|atk|1\n|\n|-damage|p1a: Pyroar|88\/100 psn|[from] psn\n|upkeep\n|\n|t:|1701218055\n|switch|p2a: Talonflame|Talonflame, M|94\/100\n|turn|9\n|\n|t:|1701218060\n|move|p2a: Talonflame|Brave Bird|p1a: Pyroar\n|-damage|p1a: Pyroar|26\/100 psn\n|-damage|p2a: Talonflame|73\/100|[from] Recoil\n|move|p1a: Pyroar|Flare Blitz|p2a: Talonflame\n|-resisted|p2a: Talonflame\n|-damage|p2a: Talonflame|24\/100\n|-damage|p1a: Pyroar|10\/100 psn|[from] Recoil\n|\n|-heal|p1a: Pyroar|16\/100 psn|[from] item: Leftovers\n|-damage|p1a: Pyroar|4\/100 psn|[from] psn\n|upkeep\n|turn|10\n|\n|t:|1701218073\n|move|p2a: Talonflame|Roost|p2a: Talonflame\n|-heal|p2a: Talonflame|74\/100\n|-singleturn|p2a: Talonflame|move: Roost\n|move|p1a: Pyroar|Headbutt|p2a: Talonflame\n|-damage|p2a: Talonflame|19\/100\n|\n|-heal|p1a: Pyroar|10\/100 psn|[from] item: Leftovers\n|-damage|p1a: Pyroar|0 fnt|[from] psn\n|faint|p1a: Pyroar\n|upkeep\n|\n|t:|1701218084\n|switch|p1a: Aegislash|Aegislash, M|100\/100\n|turn|11\n|\n|t:|1701218088\n|-formechange|p1a: Aegislash|Aegislash-Blade||[from] ability: Stance Change\n|move|p1a: Aegislash|Shadow Sneak|p2a: Talonflame\n|-damage|p2a: Talonflame|0 fnt\n|faint|p2a: Talonflame\n|\n|upkeep\n|\n|t:|1701218097\n|switch|p2a: Gogoat|Gogoat, F, shiny|100\/100\n|turn|12\n|\n|t:|1701218101\n|move|p2a: Gogoat|Grassy Terrain|p2a: Gogoat\n|-fieldstart|move: Grassy Terrain\n|move|p1a: Aegislash|Swords Dance|p1a: Aegislash\n|-boost|p1a: Aegislash|atk|2\n|\n|upkeep\n|turn|13\n|\n|t:|1701218116\n|-formechange|p1a: Aegislash|Aegislash||[from] ability: Stance Change\n|move|p1a: Aegislash|King's Shield|p1a: Aegislash\n|-singleturn|p1a: Aegislash|Protect\n|move|p2a: Gogoat|Earthquake|p1a: Aegislash\n|-activate|p1a: Aegislash|move: Protect\n|\n|upkeep\n|turn|14\n|\n|t:|1701218125\n|move|p2a: Gogoat|Earthquake|p1a: Aegislash\n|-supereffective|p1a: Aegislash\n|-damage|p1a: Aegislash|75\/100\n|-formechange|p1a: Aegislash|Aegislash-Blade||[from] ability: Stance Change\n|move|p1a: Aegislash|Iron Head|p2a: Gogoat\n|-damage|p2a: Gogoat|30\/100\n|\n|-heal|p2a: Gogoat|36\/100|[from] Grassy Terrain\n|-heal|p1a: Aegislash|81\/100|[from] Grassy Terrain\n|-heal|p1a: Aegislash|87\/100|[from] item: Leftovers\n|upkeep\n|turn|15\n|\n|t:|1701218140\n|move|p2a: Gogoat|Earthquake|p1a: Aegislash\n|-supereffective|p1a: Aegislash\n|-damage|p1a: Aegislash|33\/100\n|move|p1a: Aegislash|Swords Dance|p1a: Aegislash\n|-boost|p1a: Aegislash|atk|2\n|\n|-heal|p2a: Gogoat|43\/100|[from] Grassy Terrain\n|-heal|p1a: Aegislash|39\/100|[from] Grassy Terrain\n|-heal|p1a: Aegislash|45\/100|[from] item: Leftovers\n|upkeep\n|turn|16\n|\n|t:|1701218160\n|switch|p2a: Hawlucha|Hawlucha, M|100\/100\n|-enditem|p2a: Hawlucha|Grassy Seed\n|-boost|p2a: Hawlucha|def|1|[from] item: Grassy Seed\n|-formechange|p1a: Aegislash|Aegislash||[from] ability: Stance Change\n|move|p1a: Aegislash|King's Shield||[still]\n|-fail|p1a: Aegislash\n|\n|-heal|p1a: Aegislash|51\/100|[from] Grassy Terrain\n|-heal|p1a: Aegislash|57\/100|[from] item: Leftovers\n|-fieldend|move: Grassy Terrain\n|upkeep\n|turn|17\n|\n|t:|1701218177\n|move|p2a: Hawlucha|Acrobatics|p1a: Aegislash\n|-resisted|p1a: Aegislash\n|-damage|p1a: Aegislash|38\/100\n|-formechange|p1a: Aegislash|Aegislash-Blade||[from] ability: Stance Change\n|move|p1a: Aegislash|Iron Head|p2a: Hawlucha\n|-damage|p2a: Hawlucha|0 fnt\n|faint|p2a: Hawlucha\n|\n|-heal|p1a: Aegislash|44\/100|[from] item: Leftovers\n|upkeep\n|\n|t:|1701218189\n|switch|p2a: Gogoat|Gogoat, F, shiny|43\/100\n|turn|18\n|\n|t:|1701218194\n|move|p1a: Aegislash|Shadow Sneak|p2a: Gogoat\n|-damage|p2a: Gogoat|0 fnt\n|faint|p2a: Gogoat\n|\n|-heal|p1a: Aegislash|50\/100|[from] item: Leftovers\n|upkeep\n|\n|t:|1701218200\n|switch|p2a: Goodra|Goodra, F|100\/100\n|turn|19\n|\n|t:|1701218206\n|-formechange|p1a: Aegislash|Aegislash||[from] ability: Stance Change\n|move|p1a: Aegislash|King's Shield|p1a: Aegislash\n|-singleturn|p1a: Aegislash|Protect\n|move|p2a: Goodra|Thunder|p1a: Aegislash\n|-activate|p1a: Aegislash|move: Protect\n|\n|-heal|p1a: Aegislash|57\/100|[from] item: Leftovers\n|upkeep\n|turn|20\n|\n|t:|1701218217\n|-formechange|p1a: Aegislash|Aegislash-Blade||[from] ability: Stance Change\n|move|p1a: Aegislash|Shadow Sneak|p2a: Goodra\n|-damage|p2a: Goodra|26\/100\n|move|p2a: Goodra|Rain Dance|p2a: Goodra\n|-weather|RainDance\n|\n|-weather|RainDance|[upkeep]\n|-heal|p1a: Aegislash|63\/100|[from] item: Leftovers\n|upkeep\n|turn|21\n|\n|t:|1701218227\n|move|p1a: Aegislash|Shadow Sneak|p2a: Goodra\n|-damage|p2a: Goodra|0 fnt\n|faint|p2a: Goodra\n|\n|win|Onlymanever\n|raw|Onlymanever's rating: 1099 &rarr; <strong>1121<\/strong><br \/>(+22 for winning)\n|raw|Gaston 25's rating: 1055 &rarr; <strong>1039<\/strong><br \/>(-16 for losing)\n|l|\u2606Gaston 25\n","uploadtime":1701218233,"views":0,"p1id":"onlymanever","p2id":"gaston25","formatid":"gen9nationaldex","rating":1039,"private":0,"password":""}