{"id":"gen9nationaldex-1996211652","p1":"randompokemonditto","p2":"Yuanshen61\u6211\u8981\u73a9\u539f\u795e","format":"[Gen 9] National Dex","log":"|html|<div class=\"broadcast-blue\"><strong>[Gen 9] National Dex is currently suspecting Sneasler! For information on how to participate check out the <a href=\"https:\/\/www.smogon.com\/forums\/threads\/sv-national-dex-suspect-8-just-dance.3731534\/\">suspect thread<\/a>.<\/strong><\/div>\n|j|\u2606randompokemonditto\n|j|\u2606Yuanshen61\u6211\u8981\u73a9\u539f\u795e\n|t:|1700659694\n|gametype|singles\n|player|p1|randompokemonditto|iono|1361\n|player|p2|Yuanshen61\u6211\u8981\u73a9\u539f\u795e|dawn-contest|1468\n|teamsize|p1|6\n|teamsize|p2|6\n|gen|9\n|tier|[Gen 9] National Dex\n|rated|\n|rule|HP Percentage Mod: HP is shown in percentages\n|rule|Endless Battle Clause: Forcing endless battles is banned\n|rule|OHKO Clause: OHKO moves are banned\n|rule|Evasion Clause: Evasion abilities, items, and moves are banned\n|rule|Evasion Abilities Clause: Evasion abilities are banned\n|rule|Evasion Items Clause: Evasion items are banned\n|rule|Evasion Moves Clause: Evasion moves are banned\n|rule|Species Clause: Limit one of each Pok\u00e9mon\n|rule|Sleep Clause Mod: Limit one foe put to sleep\n|clearpoke\n|poke|p1|Ditto|\n|poke|p1|Hoopa-Unbound|\n|poke|p1|Chansey, F|\n|poke|p1|Alomomola, M|\n|poke|p1|Lopunny, F|\n|poke|p1|Great Tusk|\n|poke|p2|Blacephalon|\n|poke|p2|Lopunny, F|\n|poke|p2|Ting-Lu|\n|poke|p2|Zapdos|\n|poke|p2|Hatterene, F|\n|poke|p2|Greninja-*, M|\n|teampreview\n|inactive|Battle timer is ON: inactive players will automatically lose when time's up. (requested by Yuanshen61\u6211\u8981\u73a9\u539f\u795e)\n|\n|t:|1700659703\n|start\n|switch|p1a: Hoopa|Hoopa-Unbound|100\/100\n|switch|p2a: Lopunny|Lopunny, F|100\/100\n|turn|1\n|\n|t:|1700659709\n|switch|p1a: Alomomola|Alomomola, M|100\/100\n|detailschange|p2a: Lopunny|Lopunny-Mega, F\n|-mega|p2a: Lopunny|Lopunny|Lopunnite\n|move|p2a: Lopunny|Fake Out|p1a: Alomomola\n|-damage|p1a: Alomomola|89\/100\n|\n|upkeep\n|turn|2\n|\n|t:|1700659716\n|move|p2a: Lopunny|U-turn|p1a: Alomomola\n|-damage|p1a: Alomomola|75\/100\n|\n|t:|1700659718\n|switch|p2a: Hatterene|Hatterene, F|100\/100|[from] U-turn\n|move|p1a: Alomomola|Flip Turn|p2a: Hatterene\n|-damage|p2a: Hatterene|86\/100\n|\n|t:|1700659731\n|switch|p1a: Hoopa|Hoopa-Unbound|100\/100|[from] Flip Turn\n|\n|-heal|p2a: Hatterene|92\/100|[from] item: Leftovers\n|upkeep\n|turn|3\n|\n|t:|1700659736\n|switch|p2a: Lopunny|Lopunny-Mega, F|100\/100\n|-terastallize|p1a: Hoopa|Dark\n|move|p1a: Hoopa|Hyperspace Fury|p2a: Lopunny\n|-resisted|p2a: Lopunny\n|-damage|p2a: Lopunny|20\/100\n|-unboost|p1a: Hoopa|def|1\n|\n|upkeep\n|turn|4\n|\n|t:|1700659751\n|switch|p1a: Alomomola|Alomomola, M|100\/100\n|move|p2a: Lopunny|Close Combat|p1a: Alomomola\n|-damage|p1a: Alomomola|69\/100\n|-unboost|p2a: Lopunny|def|1\n|-unboost|p2a: Lopunny|spd|1\n|\n|upkeep\n|turn|5\n|\n|t:|1700659754\n|move|p2a: Lopunny|U-turn|p1a: Alomomola\n|-damage|p1a: Alomomola|56\/100\n|\n|t:|1700659756\n|switch|p2a: Ting-Lu|Ting-Lu|100\/100|[from] U-turn\n|-ability|p2a: Ting-Lu|Vessel of Ruin\n|move|p1a: Alomomola|Flip Turn|p2a: Ting-Lu\n|-supereffective|p2a: Ting-Lu\n|-crit|p2a: Ting-Lu\n|-damage|p2a: Ting-Lu|80\/100\n|\n|t:|1700659781\n|switch|p1a: Lopunny|Lopunny, F|100\/100|[from] Flip Turn\n|\n|-heal|p2a: Ting-Lu|86\/100|[from] item: Leftovers\n|upkeep\n|turn|6\n|\n|t:|1700659785\n|detailschange|p1a: Lopunny|Lopunny-Mega, F\n|-mega|p1a: Lopunny|Lopunny|Lopunnite\n|move|p1a: Lopunny|Fake Out|p2a: Ting-Lu\n|-damage|p2a: Ting-Lu|78\/100\n|cant|p2a: Ting-Lu|flinch\n|\n|-heal|p2a: Ting-Lu|84\/100|[from] item: Leftovers\n|upkeep\n|turn|7\n|\n|t:|1700659797\n|switch|p1a: Great Tusk|Great Tusk|100\/100\n|-enditem|p1a: Great Tusk|Booster Energy\n|-activate|p1a: Great Tusk|ability: Protosynthesis|[fromitem]\n|-start|p1a: Great Tusk|protosynthesisspe\n|switch|p2a: Zapdos|Zapdos|100\/100\n|\n|upkeep\n|turn|8\n|\n|t:|1700659807\n|move|p1a: Great Tusk|Bulk Up|p1a: Great Tusk\n|-boost|p1a: Great Tusk|atk|1\n|-boost|p1a: Great Tusk|def|1\n|move|p2a: Zapdos|Hurricane|p1a: Great Tusk\n|-supereffective|p1a: Great Tusk\n|-crit|p1a: Great Tusk\n|-damage|p1a: Great Tusk|0 fnt\n|faint|p1a: Great Tusk\n|-end|p1a: Great Tusk|Protosynthesis|[silent]\n|\n|upkeep\n|\n|t:|1700659816\n|switch|p1a: Hoopa|Hoopa-Unbound, tera:Dark|100\/100\n|turn|9\n|\n|t:|1700659820\n|switch|p2a: Ting-Lu|Ting-Lu|84\/100\n|-ability|p2a: Ting-Lu|Vessel of Ruin\n|move|p1a: Hoopa|Hyperspace Fury|p2a: Ting-Lu\n|-resisted|p2a: Ting-Lu\n|-damage|p2a: Ting-Lu|58\/100\n|-unboost|p1a: Hoopa|def|1\n|\n|-heal|p2a: Ting-Lu|65\/100|[from] item: Leftovers\n|upkeep\n|turn|10\n|\n|t:|1700659829\n|switch|p1a: Alomomola|Alomomola, M|89\/100\n|move|p2a: Ting-Lu|Stealth Rock|p1a: Alomomola\n|-sidestart|p1: randompokemonditto|move: Stealth Rock\n|\n|-heal|p2a: Ting-Lu|71\/100|[from] item: Leftovers\n|upkeep\n|turn|11\n|\n|t:|1700659833\n|switch|p2a: Hatterene|Hatterene, F|92\/100\n|move|p1a: Alomomola|Toxic|p2a: Hatterene\n|move|p2a: Hatterene|Toxic|p1a: Alomomola|[from]ability: Magic Bounce\n|-status|p1a: Alomomola|tox\n|\n|-heal|p2a: Hatterene|98\/100|[from] item: Leftovers\n|-damage|p1a: Alomomola|83\/100 tox|[from] psn\n|upkeep\n|turn|12\n|-message|randompokemonditto forfeited.\n|\n|win|Yuanshen61\u6211\u8981\u73a9\u539f\u795e\n|raw|randompokemonditto's rating: 1361 &rarr; <strong>1347<\/strong><br \/>(-14 for losing)\n|raw|Yuanshen61\u6211\u8981\u73a9\u539f\u795e's rating: 1468 &rarr; <strong>1482<\/strong><br \/>(+14 for winning)\n|l|\u2606randompokemonditto\n","uploadtime":1700659842,"views":4,"p1id":"randompokemonditto","p2id":"yuanshen61","formatid":"gen9nationaldex","rating":1347,"private":0,"password":""}