{"id":"gen9nationaldex-1995487055","p1":"NDSNEZ Dewd","p2":"coolmanbestguy123","format":"[Gen 9] National Dex","log":"|html|<div class=\"broadcast-blue\"><strong>[Gen 9] National Dex is currently suspecting Sneasler! For information on how to participate check out the <a href=\"https:\/\/www.smogon.com\/forums\/threads\/sv-national-dex-suspect-8-just-dance.3731534\/\">suspect thread<\/a>.<\/strong><\/div>\n|j|\u2606NDSNEZ Dewd\n|j|\u2606coolmanbestguy123\n|t:|1700576176\n|gametype|singles\n|player|p1|NDSNEZ Dewd|flint|1214\n|player|p2|coolmanbestguy123|diantha|1332\n|teamsize|p1|6\n|teamsize|p2|6\n|gen|9\n|tier|[Gen 9] National Dex\n|rated|\n|rule|HP Percentage Mod: HP is shown in percentages\n|rule|Endless Battle Clause: Forcing endless battles is banned\n|rule|OHKO Clause: OHKO moves are banned\n|rule|Evasion Clause: Evasion abilities, items, and moves are banned\n|rule|Evasion Abilities Clause: Evasion abilities are banned\n|rule|Evasion Items Clause: Evasion items are banned\n|rule|Evasion Moves Clause: Evasion moves are banned\n|rule|Species Clause: Limit one of each Pok\u00e9mon\n|rule|Sleep Clause Mod: Limit one foe put to sleep\n|clearpoke\n|poke|p1|Sableye, F|\n|poke|p1|Dondozo, F|\n|poke|p1|Clodsire, M|\n|poke|p1|Chansey, F|\n|poke|p1|Skarmory, M|\n|poke|p1|Clefable, M|\n|poke|p2|Iron Moth|\n|poke|p2|Great Tusk|\n|poke|p2|Furret, M|\n|poke|p2|Scizor, M|\n|poke|p2|Ninetales-Alola, M|\n|poke|p2|Dragonite, F|\n|teampreview\n|inactive|Battle timer is ON: inactive players will automatically lose when time's up. (requested by coolmanbestguy123)\n|inactive|NDSNEZ Dewd has 120 seconds left.\n|\n|t:|1700576207\n|start\n|switch|p1a: Sableye|Sableye, F|100\/100\n|switch|p2a: Iron Moth|Iron Moth|100\/100\n|turn|1\n|c|\u2606coolmanbestguy123|oh wow chili\n|c|\u2606coolmanbestguy123|>:(\n|\n|t:|1700576220\n|detailschange|p1a: Sableye|Sableye-Mega, F\n|-mega|p1a: Sableye|Sableye|Sablenite\n|move|p1a: Sableye|Protect|p1a: Sableye\n|-singleturn|p1a: Sableye|Protect\n|move|p2a: Iron Moth|Substitute|p2a: Iron Moth\n|-start|p2a: Iron Moth|Substitute\n|-damage|p2a: Iron Moth|76\/100\n|\n|upkeep\n|turn|2\n|\n|t:|1700576234\n|switch|p1a: Clodsire|Clodsire, M|100\/100\n|move|p2a: Iron Moth|Fiery Dance|p1a: Clodsire\n|-damage|p1a: Clodsire|78\/100\n|-boost|p2a: Iron Moth|spa|1\n|\n|upkeep\n|turn|3\n|\n|t:|1700576238\n|move|p2a: Iron Moth|Fiery Dance|p1a: Clodsire\n|-damage|p1a: Clodsire|52\/100\n|-boost|p2a: Iron Moth|spa|1\n|move|p1a: Clodsire|Stealth Rock|p2a: Iron Moth\n|-sidestart|p2: coolmanbestguy123|move: Stealth Rock\n|\n|upkeep\n|turn|4\n|\n|t:|1700576244\n|move|p2a: Iron Moth|Fiery Dance|p1a: Clodsire\n|-damage|p1a: Clodsire|30\/100\n|move|p1a: Clodsire|Recover|p1a: Clodsire\n|-heal|p1a: Clodsire|80\/100\n|\n|upkeep\n|turn|5\n|\n|t:|1700576249\n|move|p2a: Iron Moth|Fiery Dance|p1a: Clodsire\n|-damage|p1a: Clodsire|55\/100\n|-boost|p2a: Iron Moth|spa|1\n|move|p1a: Clodsire|Earthquake|p2a: Iron Moth\n|-supereffective|p2a: Iron Moth\n|-end|p2a: Iron Moth|Substitute\n|\n|upkeep\n|turn|6\n|\n|t:|1700576257\n|move|p2a: Iron Moth|Substitute|p2a: Iron Moth\n|-start|p2a: Iron Moth|Substitute\n|-damage|p2a: Iron Moth|51\/100\n|move|p1a: Clodsire|Recover|p1a: Clodsire\n|-heal|p1a: Clodsire|100\/100\n|\n|upkeep\n|turn|7\n|\n|t:|1700576263\n|move|p2a: Iron Moth|Energy Ball|p1a: Clodsire\n|-damage|p1a: Clodsire|84\/100\n|move|p1a: Clodsire|Earthquake|p2a: Iron Moth\n|-supereffective|p2a: Iron Moth\n|-end|p2a: Iron Moth|Substitute\n|\n|upkeep\n|turn|8\n|\n|t:|1700576269\n|-end|p2a: Iron Moth|Quark Drive|[silent]\n|switch|p2a: Dragonite|Dragonite, F|100\/100\n|move|p1a: Clodsire|Earthquake|p2a: Dragonite\n|-immune|p2a: Dragonite\n|\n|upkeep\n|turn|9\n|\n|t:|1700576277\n|switch|p1a: Dondozo|Dondozo, F|100\/100\n|move|p2a: Dragonite|Dragon Dance|p2a: Dragonite\n|-boost|p2a: Dragonite|atk|1\n|-boost|p2a: Dragonite|spe|1\n|\n|upkeep\n|turn|10\n|\n|t:|1700576283\n|move|p2a: Dragonite|Earthquake|p1a: Dondozo\n|-damage|p1a: Dondozo|83\/100\n|move|p1a: Dondozo|Curse|p1a: Dondozo\n|-unboost|p1a: Dondozo|spe|1\n|-boost|p1a: Dondozo|atk|1\n|-boost|p1a: Dondozo|def|1\n|\n|-heal|p1a: Dondozo|89\/100|[from] item: Leftovers\n|upkeep\n|turn|11\n|\n|t:|1700576301\n|switch|p2a: Ninetales|Ninetales-Alola, M|100\/100\n|-damage|p2a: Ninetales|76\/100|[from] Stealth Rock\n|-weather|Snow|[from] ability: Snow Warning|[of] p2a: Ninetales\n|move|p1a: Dondozo|Liquidation|p2a: Ninetales\n|-damage|p2a: Ninetales|36\/100\n|-unboost|p2a: Ninetales|def|1\n|\n|-weather|Snow|[upkeep]\n|-heal|p1a: Dondozo|95\/100|[from] item: Leftovers\n|upkeep\n|turn|12\n|\n|t:|1700576329\n|switch|p1a: Clefable|Clefable, M|100\/100\n|move|p2a: Ninetales|Freeze-Dry|p1a: Clefable\n|-damage|p1a: Clefable|83\/100\n|\n|-weather|Snow|[upkeep]\n|-heal|p1a: Clefable|90\/100|[from] item: Leftovers\n|upkeep\n|turn|13\n|c|\u2606NDSNEZ Dewd|Oh hi\n|c|\u2606NDSNEZ Dewd|Didnt notice u there\n|inactive|coolmanbestguy123 has 120 seconds left.\n|c|\u2606NDSNEZ Dewd|Hows the weather?\n|\n|t:|1700576369\n|move|p2a: Ninetales|Aurora Veil|p2a: Ninetales\n|-sidestart|p2: coolmanbestguy123|move: Aurora Veil\n|move|p1a: Clefable|Moonblast|p2a: Ninetales\n|-damage|p2a: Ninetales|20\/100\n|\n|-weather|Snow|[upkeep]\n|-heal|p1a: Clefable|96\/100|[from] item: Leftovers\n|upkeep\n|turn|14\n|c|\u2606coolmanbestguy123|ight\n|\n|t:|1700576378\n|switch|p2a: Scizor|Scizor, M|100\/100\n|-damage|p2a: Scizor|88\/100|[from] Stealth Rock\n|move|p1a: Clefable|Toxic|p2a: Scizor\n|-immune|p2a: Scizor\n|\n|-weather|Snow|[upkeep]\n|-heal|p1a: Clefable|100\/100|[from] item: Leftovers\n|upkeep\n|turn|15\n|\n|t:|1700576384\n|switch|p1a: Skarmory|Skarmory, M|100\/100\n|detailschange|p2a: Scizor|Scizor-Mega, M\n|-mega|p2a: Scizor|Scizor|Scizorite\n|move|p2a: Scizor|Bullet Punch|p1a: Skarmory\n|-resisted|p1a: Skarmory\n|-damage|p1a: Skarmory|89\/100\n|-damage|p2a: Scizor|72\/100|[from] item: Rocky Helmet|[of] p1a: Skarmory\n|\n|-weather|none\n|upkeep\n|turn|16\n|\n|t:|1700576388\n|move|p1a: Skarmory|Iron Defense|p1a: Skarmory\n|-boost|p1a: Skarmory|def|2\n|move|p2a: Scizor|U-turn|p1a: Skarmory\n|-resisted|p1a: Skarmory\n|-damage|p1a: Skarmory|85\/100\n|-damage|p2a: Scizor|55\/100|[from] item: Rocky Helmet|[of] p1a: Skarmory\n|\n|t:|1700576394\n|switch|p2a: Iron Moth|Iron Moth|51\/100|[from] U-turn\n|\n|upkeep\n|turn|17\n|\n|t:|1700576397\n|switch|p1a: Clodsire|Clodsire, M|84\/100\n|move|p2a: Iron Moth|Fiery Dance|p1a: Clodsire\n|-damage|p1a: Clodsire|60\/100\n|-boost|p2a: Iron Moth|spa|1\n|\n|upkeep\n|turn|18\n|\n|t:|1700576405\n|-end|p2a: Iron Moth|Quark Drive|[silent]\n|switch|p2a: Great Tusk|Great Tusk|100\/100\n|-damage|p2a: Great Tusk|98\/100|[from] Stealth Rock\n|move|p1a: Clodsire|Toxic|p2a: Great Tusk\n|-status|p2a: Great Tusk|tox\n|\n|-heal|p2a: Great Tusk|100\/100 tox|[from] item: Leftovers\n|-damage|p2a: Great Tusk|94\/100 tox|[from] psn\n|upkeep\n|turn|19\n|c|\u2606NDSNEZ Dewd|Ngl i fear your furret\n|\n|t:|1700576423\n|switch|p1a: Sableye|Sableye-Mega, F|100\/100\n|move|p2a: Great Tusk|Rapid Spin|p1a: Sableye\n|-immune|p1a: Sableye\n|\n|-heal|p2a: Great Tusk|100\/100 tox|[from] item: Leftovers\n|-damage|p2a: Great Tusk|88\/100 tox|[from] psn\n|upkeep\n|turn|20\n|c|\u2606coolmanbestguy123|you should\n|\n|t:|1700576429\n|move|p1a: Sableye|Protect|p1a: Sableye\n|-singleturn|p1a: Sableye|Protect\n|move|p2a: Great Tusk|Stealth Rock|p1a: Sableye\n|move|p1a: Sableye|Stealth Rock||[from]ability: Magic Bounce|[still]\n|-fail|p1a: Sableye\n|\n|-heal|p2a: Great Tusk|94\/100 tox|[from] item: Leftovers\n|-damage|p2a: Great Tusk|76\/100 tox|[from] psn\n|-sideend|p2: coolmanbestguy123|move: Aurora Veil\n|upkeep\n|turn|21\n|\n|t:|1700576433\n|-end|p2a: Great Tusk|Protosynthesis|[silent]\n|switch|p2a: Dragonite|Dragonite, F|100\/100\n|move|p1a: Sableye|Knock Off|p2a: Dragonite\n|-damage|p2a: Dragonite|85\/100\n|-enditem|p2a: Dragonite|Heavy-Duty Boots|[from] move: Knock Off|[of] p1a: Sableye\n|\n|upkeep\n|turn|22\n|\n|t:|1700576439\n|move|p2a: Dragonite|Dragon Dance|p2a: Dragonite\n|-boost|p2a: Dragonite|atk|1\n|-boost|p2a: Dragonite|spe|1\n|move|p1a: Sableye|Will-O-Wisp|p2a: Dragonite\n|-status|p2a: Dragonite|brn\n|\n|-damage|p2a: Dragonite|79\/100 brn|[from] brn\n|upkeep\n|turn|23\n|\n|t:|1700576442\n|switch|p1a: Dondozo|Dondozo, F|95\/100\n|move|p2a: Dragonite|Earthquake|p1a: Dondozo\n|-damage|p1a: Dondozo|86\/100\n|\n|-heal|p1a: Dondozo|92\/100|[from] item: Leftovers\n|-damage|p2a: Dragonite|73\/100 brn|[from] brn\n|upkeep\n|turn|24\n|\n|t:|1700576447\n|switch|p2a: Great Tusk|Great Tusk|76\/100 tox\n|-damage|p2a: Great Tusk|73\/100 tox|[from] Stealth Rock\n|move|p1a: Dondozo|Liquidation|p2a: Great Tusk\n|-supereffective|p2a: Great Tusk\n|-damage|p2a: Great Tusk|42\/100 tox\n|-unboost|p2a: Great Tusk|def|1\n|\n|-heal|p2a: Great Tusk|48\/100 tox|[from] item: Leftovers\n|-heal|p1a: Dondozo|99\/100|[from] item: Leftovers\n|-damage|p2a: Great Tusk|42\/100 tox|[from] psn\n|upkeep\n|turn|25\n|\n|t:|1700576451\n|switch|p1a: Sableye|Sableye-Mega, F|100\/100\n|move|p2a: Great Tusk|Rapid Spin|p1a: Sableye\n|-immune|p1a: Sableye\n|\n|-heal|p2a: Great Tusk|48\/100 tox|[from] item: Leftovers\n|-damage|p2a: Great Tusk|36\/100 tox|[from] psn\n|upkeep\n|turn|26\n|\n|t:|1700576459\n|-end|p2a: Great Tusk|Protosynthesis|[silent]\n|switch|p2a: Scizor|Scizor-Mega, M|55\/100\n|-damage|p2a: Scizor|43\/100|[from] Stealth Rock\n|move|p1a: Sableye|Protect||[still]\n|-fail|p1a: Sableye\n|\n|upkeep\n|turn|27\n|\n|t:|1700576462\n|move|p2a: Scizor|Roost|p2a: Scizor\n|-heal|p2a: Scizor|93\/100\n|-singleturn|p2a: Scizor|move: Roost\n|move|p1a: Sableye|Will-O-Wisp|p2a: Scizor\n|-status|p2a: Scizor|brn\n|\n|-damage|p2a: Scizor|87\/100 brn|[from] brn\n|upkeep\n|turn|28\n|c|\u2606coolmanbestguy123|ugh\n|\n|t:|1700576479\n|switch|p2a: Iron Moth|Iron Moth|51\/100\n|switch|p1a: Skarmory|Skarmory, M|85\/100\n|\n|upkeep\n|turn|29\n|\n|t:|1700576485\n|switch|p1a: Clodsire|Clodsire, M|60\/100\n|move|p2a: Iron Moth|Fiery Dance|p1a: Clodsire\n|-damage|p1a: Clodsire|37\/100\n|\n|upkeep\n|turn|30\n|\n|t:|1700576492\n|-end|p2a: Iron Moth|Quark Drive|[silent]\n|switch|p2a: THE BOYYYYYYYYY|Furret, M|100\/100\n|-damage|p2a: THE BOYYYYYYYYY|88\/100|[from] Stealth Rock\n|-item|p1a: Clodsire|Heavy-Duty Boots|[from] ability: Frisk|[of] p2a: THE BOYYYYYYYYY|[identify]\n|move|p1a: Clodsire|Recover|p1a: Clodsire\n|-heal|p1a: Clodsire|87\/100\n|\n|upkeep\n|turn|31\n|c|\u2606NDSNEZ Dewd|Ooh\n|c|\u2606NDSNEZ Dewd|Its him\n|c|\u2606NDSNEZ Dewd|Im shacking now\n|c|\u2606coolmanbestguy123|hes coming\n|c|\u2606coolmanbestguy123|to smack you\n|c|\u2606NDSNEZ Dewd|What, what do i do...?\n|inactive|NDSNEZ Dewd has 120 seconds left.\n|\n|t:|1700576528\n|switch|p1a: Dondozo|Dondozo, F|99\/100\n|move|p2a: THE BOYYYYYYYYY|Tidy Up|p2a: THE BOYYYYYYYYY\n|-sideend|p2: coolmanbestguy123|Stealth Rock\n|-activate|p2a: THE BOYYYYYYYYY|move: Tidy Up\n|-boost|p2a: THE BOYYYYYYYYY|atk|1\n|-boost|p2a: THE BOYYYYYYYYY|spe|1\n|\n|-heal|p1a: Dondozo|100\/100|[from] item: Leftovers\n|upkeep\n|turn|32\n|\n|t:|1700576545\n|switch|p2a: Dragonite|Dragonite, F|73\/100 brn\n|move|p1a: Dondozo|Curse|p1a: Dondozo\n|-unboost|p1a: Dondozo|spe|1\n|-boost|p1a: Dondozo|atk|1\n|-boost|p1a: Dondozo|def|1\n|\n|-damage|p2a: Dragonite|66\/100 brn|[from] brn\n|upkeep\n|turn|33\n|\n|t:|1700576552\n|switch|p2a: Ninetales|Ninetales-Alola, M|20\/100\n|-weather|Snow|[from] ability: Snow Warning|[of] p2a: Ninetales\n|move|p1a: Dondozo|Liquidation|p2a: Ninetales\n|-damage|p2a: Ninetales|0 fnt\n|faint|p2a: Ninetales\n|\n|-weather|Snow|[upkeep]\n|upkeep\n|c|\u2606coolmanbestguy123|dang it\n|\n|t:|1700576559\n|switch|p2a: Iron Moth|Iron Moth|51\/100\n|turn|34\n|\n|t:|1700576564\n|switch|p1a: Clodsire|Clodsire, M|87\/100\n|move|p2a: Iron Moth|Energy Ball|p1a: Clodsire\n|-damage|p1a: Clodsire|70\/100\n|\n|-weather|Snow|[upkeep]\n|upkeep\n|turn|35\n|\n|t:|1700576567\n|-end|p2a: Iron Moth|Quark Drive|[silent]\n|switch|p2a: THE BOYYYYYYYYY|Furret, M|88\/100\n|-item|p1a: Clodsire|Heavy-Duty Boots|[from] ability: Frisk|[of] p2a: THE BOYYYYYYYYY|[identify]\n|move|p1a: Clodsire|Stealth Rock|p2a: THE BOYYYYYYYYY\n|-sidestart|p2: coolmanbestguy123|move: Stealth Rock\n|\n|-weather|Snow|[upkeep]\n|upkeep\n|turn|36\n|c|\u2606NDSNEZ Dewd|Aaah...\n|c|\u2606NDSNEZ Dewd|I cant do it\n|\n|t:|1700576586\n|switch|p1a: Dondozo|Dondozo, F|100\/100\n|move|p2a: THE BOYYYYYYYYY|Tidy Up|p2a: THE BOYYYYYYYYY\n|-sideend|p2: coolmanbestguy123|Stealth Rock\n|-activate|p2a: THE BOYYYYYYYYY|move: Tidy Up\n|-boost|p2a: THE BOYYYYYYYYY|atk|1\n|-boost|p2a: THE BOYYYYYYYYY|spe|1\n|\n|-weather|Snow|[upkeep]\n|upkeep\n|turn|37\n|\n|t:|1700576592\n|move|p2a: THE BOYYYYYYYYY|Knock Off|p1a: Dondozo\n|-damage|p1a: Dondozo|90\/100\n|-enditem|p1a: Dondozo|Leftovers|[from] move: Knock Off|[of] p2a: THE BOYYYYYYYYY\n|move|p1a: Dondozo|Curse|p1a: Dondozo\n|-unboost|p1a: Dondozo|spe|1\n|-boost|p1a: Dondozo|atk|1\n|-boost|p1a: Dondozo|def|1\n|\n|-weather|none\n|upkeep\n|turn|38\n|\n|t:|1700576601\n|switch|p2a: Great Tusk|Great Tusk|36\/100 tox\n|move|p1a: Dondozo|Liquidation|p2a: Great Tusk\n|-supereffective|p2a: Great Tusk\n|-damage|p2a: Great Tusk|0 fnt\n|faint|p2a: Great Tusk\n|-end|p2a: Great Tusk|Protosynthesis|[silent]\n|\n|upkeep\n|\n|t:|1700576607\n|switch|p2a: Iron Moth|Iron Moth|51\/100\n|turn|39\n|\n|t:|1700576610\n|switch|p1a: Clodsire|Clodsire, M|70\/100\n|move|p2a: Iron Moth|Substitute|p2a: Iron Moth\n|-start|p2a: Iron Moth|Substitute\n|-damage|p2a: Iron Moth|26\/100\n|\n|upkeep\n|turn|40\n|\n|t:|1700576613\n|move|p2a: Iron Moth|Fiery Dance|p1a: Clodsire\n|-damage|p1a: Clodsire|48\/100\n|move|p1a: Clodsire|Recover|p1a: Clodsire\n|-heal|p1a: Clodsire|98\/100\n|\n|upkeep\n|turn|41\n|\n|t:|1700576619\n|move|p2a: Iron Moth|Fiery Dance|p1a: Clodsire\n|-damage|p1a: Clodsire|75\/100\n|-boost|p2a: Iron Moth|spa|1\n|move|p1a: Clodsire|Earthquake|p2a: Iron Moth\n|-supereffective|p2a: Iron Moth\n|-crit|p2a: Iron Moth\n|-end|p2a: Iron Moth|Substitute\n|\n|upkeep\n|turn|42\n|\n|t:|1700576625\n|move|p2a: Iron Moth|Fiery Dance|p1a: Clodsire\n|-damage|p1a: Clodsire|50\/100\n|move|p1a: Clodsire|Stealth Rock|p2a: Iron Moth\n|-sidestart|p2: coolmanbestguy123|move: Stealth Rock\n|\n|upkeep\n|turn|43\n|\n|t:|1700576630\n|move|p2a: Iron Moth|Fiery Dance|p1a: Clodsire\n|-damage|p1a: Clodsire|29\/100\n|-boost|p2a: Iron Moth|spa|1\n|move|p1a: Clodsire|Recover|p1a: Clodsire\n|-heal|p1a: Clodsire|79\/100\n|\n|upkeep\n|turn|44\n|\n|t:|1700576642\n|move|p2a: Iron Moth|Substitute|p2a: Iron Moth\n|-start|p2a: Iron Moth|Substitute\n|-damage|p2a: Iron Moth|1\/100\n|move|p1a: Clodsire|Earthquake|p2a: Iron Moth\n|-supereffective|p2a: Iron Moth\n|-end|p2a: Iron Moth|Substitute\n|\n|upkeep\n|turn|45\n|\n|t:|1700576645\n|move|p2a: Iron Moth|Fiery Dance|p1a: Clodsire\n|-damage|p1a: Clodsire|56\/100\n|move|p1a: Clodsire|Earthquake|p2a: Iron Moth\n|-supereffective|p2a: Iron Moth\n|-damage|p2a: Iron Moth|0 fnt\n|faint|p2a: Iron Moth\n|-end|p2a: Iron Moth|Quark Drive|[silent]\n|\n|upkeep\n|\n|t:|1700576650\n|switch|p2a: THE BOYYYYYYYYY|Furret, M|88\/100\n|-damage|p2a: THE BOYYYYYYYYY|76\/100|[from] Stealth Rock\n|-item|p1a: Clodsire|Heavy-Duty Boots|[from] ability: Frisk|[of] p2a: THE BOYYYYYYYYY|[identify]\n|turn|46\n|\n|t:|1700576652\n|move|p2a: THE BOYYYYYYYYY|Tidy Up|p2a: THE BOYYYYYYYYY\n|-sideend|p2: coolmanbestguy123|Stealth Rock\n|-activate|p2a: THE BOYYYYYYYYY|move: Tidy Up\n|-boost|p2a: THE BOYYYYYYYYY|atk|1\n|-boost|p2a: THE BOYYYYYYYYY|spe|1\n|move|p1a: Clodsire|Recover|p1a: Clodsire\n|-heal|p1a: Clodsire|100\/100\n|\n|upkeep\n|turn|47\n|\n|t:|1700576657\n|move|p2a: THE BOYYYYYYYYY|Knock Off|p1a: Clodsire\n|-crit|p1a: Clodsire\n|-damage|p1a: Clodsire|61\/100\n|-enditem|p1a: Clodsire|Heavy-Duty Boots|[from] move: Knock Off|[of] p2a: THE BOYYYYYYYYY\n|move|p1a: Clodsire|Toxic|p2a: THE BOYYYYYYYYY\n|-status|p2a: THE BOYYYYYYYYY|tox\n|\n|-damage|p2a: THE BOYYYYYYYYY|70\/100 tox|[from] psn\n|upkeep\n|turn|48\n|c|\u2606NDSNEZ Dewd|Im sorry\n|\n|t:|1700576664\n|move|p2a: THE BOYYYYYYYYY|Double-Edge|p1a: Clodsire\n|-damage|p1a: Clodsire|0 fnt\n|faint|p1a: Clodsire\n|-damage|p2a: THE BOYYYYYYYYY|40\/100 tox|[from] Recoil\n|\n|-damage|p2a: THE BOYYYYYYYYY|28\/100 tox|[from] psn\n|upkeep\n|c|\u2606NDSNEZ Dewd|...\n|c|\u2606NDSNEZ Dewd|NO\n|c|\u2606NDSNEZ Dewd|HE'S COMING TO GET ME!\n|\n|t:|1700576684\n|switch|p1a: Dondozo|Dondozo, F|90\/100\n|turn|49\n|\n|t:|1700576687\n|move|p2a: THE BOYYYYYYYYY|Double-Edge|p1a: Dondozo\n|-damage|p1a: Dondozo|68\/100\n|-damage|p2a: THE BOYYYYYYYYY|16\/100 tox|[from] Recoil\n|move|p1a: Dondozo|Liquidation|p2a: THE BOYYYYYYYYY\n|-damage|p2a: THE BOYYYYYYYYY|0 fnt\n|faint|p2a: THE BOYYYYYYYYY\n|\n|upkeep\n|c|\u2606coolmanbestguy123|i lose :(\n|c|\u2606NDSNEZ Dewd|Man, if it wasnt for recoil i lost\n|c|\u2606coolmanbestguy123|gg\n|\n|t:|1700576705\n|switch|p2a: Dragonite|Dragonite, F|66\/100 brn\n|turn|50\n|c|\u2606NDSNEZ Dewd|Furret would've wrecked me\n|\n|t:|1700576715\n|move|p2a: Dragonite|Earthquake|p1a: Dondozo\n|-damage|p1a: Dondozo|60\/100\n|move|p1a: Dondozo|Curse|p1a: Dondozo\n|-unboost|p1a: Dondozo|spe|1\n|-boost|p1a: Dondozo|atk|1\n|-boost|p1a: Dondozo|def|1\n|\n|-damage|p2a: Dragonite|60\/100 brn|[from] brn\n|upkeep\n|turn|51\n|c|\u2606coolmanbestguy123|i will come after you\n|-message|coolmanbestguy123 forfeited.\n|\n|win|NDSNEZ Dewd\n|raw|NDSNEZ Dewd's rating: 1214 &rarr; <strong>1247<\/strong><br \/>(+33 for winning)\n|raw|coolmanbestguy123's rating: 1332 &rarr; <strong>1305<\/strong><br \/>(-27 for losing)\n|c|\u2606coolmanbestguy123|>:(\n|c|\u2606coolmanbestguy123|he will come and haunt you\n|l|\u2606coolmanbestguy123\n|c|\u2606NDSNEZ Dewd|Not the furret pls\n","uploadtime":1700576741,"views":0,"p1id":"ndsnezdewd","p2id":"coolmanbestguy123","formatid":"gen9nationaldex","rating":1247,"private":0,"password":""}