{"id":"gen9nationaldex-1996894279","p1":"littleht66666","p2":"jzhuc1841","format":"[Gen 9] National Dex","log":"|html|<div class=\"broadcast-blue\"><strong>[Gen 9] National Dex is currently suspecting Sneasler! For information on how to participate check out the <a href=\"https:\/\/www.smogon.com\/forums\/threads\/sv-national-dex-suspect-8-just-dance.3731534\/\">suspect thread<\/a>.<\/strong><\/div>\n|j|\u2606littleht66666\n|j|\u2606jzhuc1841\n|t:|1700741492\n|gametype|singles\n|player|p1|littleht66666|elesa|1551\n|player|p2|jzhuc1841|hilbert-wonderlauncher|1679\n|teamsize|p1|6\n|teamsize|p2|6\n|gen|9\n|tier|[Gen 9] National Dex\n|rated|\n|rule|HP Percentage Mod: HP is shown in percentages\n|rule|Endless Battle Clause: Forcing endless battles is banned\n|rule|OHKO Clause: OHKO moves are banned\n|rule|Evasion Clause: Evasion abilities, items, and moves are banned\n|rule|Evasion Abilities Clause: Evasion abilities are banned\n|rule|Evasion Items Clause: Evasion items are banned\n|rule|Evasion Moves Clause: Evasion moves are banned\n|rule|Species Clause: Limit one of each Pok\u00e9mon\n|rule|Sleep Clause Mod: Limit one foe put to sleep\n|clearpoke\n|poke|p1|Mawile, M|\n|poke|p1|Marowak-Alola, F|\n|poke|p1|Hatterene, F|\n|poke|p1|Cresselia, F|\n|poke|p1|Porygon2|\n|poke|p1|Ursaluna, M|\n|poke|p2|Zamazenta-*|\n|poke|p2|Banette, M|\n|poke|p2|Heatran, F|\n|poke|p2|Zapdos|\n|poke|p2|Urshifu-*, F|\n|poke|p2|Iron Valiant|\n|teampreview\n|inactive|Battle timer is ON: inactive players will automatically lose when time's up. (requested by littleht66666)\n|\n|t:|1700741518\n|start\n|switch|p1a: Porygon2|Porygon2|100\/100\n|switch|p2a: Banette|Banette, M|100\/100\n|-ability|p1a: Porygon2|Insomnia|[from] ability: Trace|[of] p2a: Banette\n|turn|1\n|\n|t:|1700741529\n|detailschange|p2a: Banette|Banette-Mega, M\n|-mega|p2a: Banette|Banette|Banettite\n|move|p2a: Banette|Destiny Bond|p2a: Banette\n|-singlemove|p2a: Banette|Destiny Bond\n|move|p1a: Porygon2|Trick Room|p1a: Porygon2\n|-fieldstart|move: Trick Room|[of] p1a: Porygon2\n|\n|upkeep\n|turn|2\n|\n|t:|1700741534\n|move|p2a: Banette|Encore|p1a: Porygon2\n|-start|p1a: Porygon2|Encore\n|move|p1a: Porygon2|Trick Room|p1a: Porygon2\n|-fieldend|move: Trick Room\n|\n|upkeep\n|turn|3\n|\n|t:|1700741541\n|switch|p2a: Urshifu|Urshifu-Rapid-Strike, F|100\/100\n|move|p1a: Porygon2|Trick Room|p1a: Porygon2\n|-fieldstart|move: Trick Room|[of] p1a: Porygon2\n|\n|upkeep\n|turn|4\n|\n|t:|1700741551\n|switch|p1a: Cresselia|Cresselia, F|100\/100\n|move|p2a: Urshifu|Close Combat|p1a: Cresselia\n|-resisted|p1a: Cresselia\n|-damage|p1a: Cresselia|85\/100\n|-unboost|p2a: Urshifu|def|1\n|-unboost|p2a: Urshifu|spd|1\n|\n|upkeep\n|turn|5\n|\n|t:|1700741559\n|switch|p1a: Ursaluna|Ursaluna, M|100\/100\n|switch|p2a: Heatran|Heatran, F|100\/100\n|\n|-status|p1a: Ursaluna|brn|[from] item: Flame Orb\n|upkeep\n|turn|6\n|\n|t:|1700741564\n|move|p2a: Heatran|Protect|p2a: Heatran\n|-singleturn|p2a: Heatran|Protect\n|move|p1a: Ursaluna|Facade|p2a: Heatran\n|-activate|p2a: Heatran|move: Protect\n|\n|-damage|p1a: Ursaluna|94\/100 brn|[from] brn\n|upkeep\n|turn|7\n|\n|t:|1700741569\n|switch|p2a: Zapdos|Zapdos|100\/100\n|move|p1a: Ursaluna|Earthquake|p2a: Zapdos\n|-immune|p2a: Zapdos\n|\n|-damage|p1a: Ursaluna|88\/100 brn|[from] brn\n|-fieldend|move: Trick Room\n|upkeep\n|turn|8\n|\n|t:|1700741574\n|move|p2a: Zapdos|Hurricane|p1a: Ursaluna\n|-damage|p1a: Ursaluna|50\/100 brn\n|move|p1a: Ursaluna|Facade|p2a: Zapdos\n|-damage|p2a: Zapdos|14\/100\n|\n|-damage|p1a: Ursaluna|43\/100 brn|[from] brn\n|upkeep\n|turn|9\n|\n|t:|1700741582\n|switch|p1a: Porygon2|Porygon2|100\/100\n|-ability|p1a: Porygon2|Static|[from] ability: Trace|[of] p2a: Zapdos\n|move|p2a: Zapdos|Hurricane|p1a: Porygon2\n|-damage|p1a: Porygon2|76\/100\n|\n|upkeep\n|turn|10\n|\n|t:|1700741589\n|move|p2a: Zapdos|Volt Switch|p1a: Porygon2\n|-damage|p1a: Porygon2|59\/100\n|\n|t:|1700741593\n|switch|p2a: Banette|Banette-Mega, M|100\/100|[from] Volt Switch\n|move|p1a: Porygon2|Ice Beam|p2a: Banette\n|-damage|p2a: Banette|70\/100\n|-status|p2a: Banette|frz\n|\n|upkeep\n|turn|11\n|\n|t:|1700741604\n|switch|p2a: Heatran|Heatran, F|100\/100\n|move|p1a: Porygon2|Ice Beam|p2a: Heatran\n|-resisted|p2a: Heatran\n|-damage|p2a: Heatran|96\/100\n|\n|-heal|p2a: Heatran|100\/100|[from] item: Leftovers\n|upkeep\n|turn|12\n|\n|t:|1700741610\n|move|p2a: Heatran|Magma Storm|p1a: Porygon2\n|-damage|p1a: Porygon2|32\/100\n|-activate|p1a: Porygon2|move: Magma Storm|[of] p2a: Heatran\n|move|p1a: Porygon2|Trick Room|p1a: Porygon2\n|-fieldstart|move: Trick Room|[of] p1a: Porygon2\n|\n|-damage|p1a: Porygon2|20\/100|[from] move: Magma Storm|[partiallytrapped]\n|upkeep\n|turn|13\n|\n|t:|1700741616\n|move|p2a: Heatran|Stealth Rock|p1a: Porygon2\n|-sidestart|p1: littleht66666|move: Stealth Rock\n|move|p1a: Porygon2|Teleport|p1a: Porygon2\n|\n|t:|1700741622\n|switch|p1a: Marowak|Marowak-Alola, F|100\/100|[from] Teleport\n|-damage|p1a: Marowak|75\/100|[from] Stealth Rock\n|\n|upkeep\n|turn|14\n|\n|t:|1700741630\n|move|p2a: Heatran|Protect|p2a: Heatran\n|-singleturn|p2a: Heatran|Protect\n|move|p1a: Marowak|Swords Dance|p1a: Marowak\n|-boost|p1a: Marowak|atk|2\n|\n|upkeep\n|turn|15\n|\n|t:|1700741637\n|switch|p2a: Banette|Banette-Mega, M|70\/100 frz\n|move|p1a: Marowak|Poltergeist|p2a: Banette\n|-activate|p2a: Banette|move: Poltergeist|Banettite\n|-supereffective|p2a: Banette\n|-damage|p2a: Banette|0 fnt\n|faint|p2a: Banette\n|\n|upkeep\n|\n|t:|1700741643\n|switch|p2a: Heatran|Heatran, F|100\/100\n|turn|16\n|\n|t:|1700741665\n|move|p2a: Heatran|Protect|p2a: Heatran\n|-singleturn|p2a: Heatran|Protect\n|move|p1a: Marowak|Low Kick|p2a: Heatran\n|-activate|p2a: Heatran|move: Protect\n|\n|-fieldend|move: Trick Room\n|upkeep\n|turn|17\n|\n|t:|1700741670\n|move|p2a: Heatran|Earth Power|p1a: Marowak\n|-supereffective|p1a: Marowak\n|-damage|p1a: Marowak|0 fnt\n|faint|p1a: Marowak\n|\n|upkeep\n|-message|littleht66666 forfeited.\n|\n|win|jzhuc1841\n|raw|littleht66666's rating: 1551 &rarr; <strong>1538<\/strong><br \/>(-13 for losing)\n|raw|jzhuc1841's rating: 1679 &rarr; <strong>1692<\/strong><br \/>(+13 for winning)\n|l|\u2606littleht66666\n","uploadtime":1700741685,"views":0,"p1id":"littleht66666","p2id":"jzhuc1841","formatid":"gen9nationaldex","rating":1538,"private":0,"password":""}