{"id":"gen9nationaldex-1997728224","p1":"Martu2863","p2":"xCookieBallx","format":"[Gen 9] National Dex","log":"|html|<div class=\"broadcast-blue\"><strong>[Gen 9] National Dex is currently suspecting Sneasler! For information on how to participate check out the <a href=\"https:\/\/www.smogon.com\/forums\/threads\/sv-national-dex-suspect-8-just-dance.3731534\/\">suspect thread<\/a>.<\/strong><\/div>\n|j|\u2606Martu2863\n|j|\u2606xCookieBallx\n|t:|1700846337\n|gametype|singles\n|player|p1|Martu2863|cynthia-gen4|\n|player|p2|xCookieBallx|melony|\n|teamsize|p1|6\n|teamsize|p2|6\n|gen|9\n|tier|[Gen 9] National Dex\n|rule|HP Percentage Mod: HP is shown in percentages\n|rule|Endless Battle Clause: Forcing endless battles is banned\n|rule|OHKO Clause: OHKO moves are banned\n|rule|Evasion Clause: Evasion abilities, items, and moves are banned\n|rule|Evasion Abilities Clause: Evasion abilities are banned\n|rule|Evasion Items Clause: Evasion items are banned\n|rule|Evasion Moves Clause: Evasion moves are banned\n|rule|Species Clause: Limit one of each Pok\u00e9mon\n|rule|Sleep Clause Mod: Limit one foe put to sleep\n|clearpoke\n|poke|p1|Krookodile, F|\n|poke|p1|Moltres|\n|poke|p1|Tapu Fini|\n|poke|p1|Rillaboom, M|\n|poke|p1|Kartana|\n|poke|p1|Manectric, M|\n|poke|p2|Frosmoth, F|\n|poke|p2|Mamoswine, M|\n|poke|p2|Eiscue, M|\n|poke|p2|Vanilluxe, M|\n|poke|p2|Arctozolt|\n|poke|p2|Cloyster, F|\n|teampreview\n|c|\u2606Martu2863|Suerte\n|c|\u2606xCookieBallx|Igualmente\n|\n|t:|1700846365\n|start\n|switch|p1a: Kami|Kartana|100\/100\n|switch|p2a: Oreo|Vanilluxe, M|100\/100\n|-weather|Snow|[from] ability: Snow Warning|[of] p2a: Oreo\n|turn|1\n|\n|t:|1700846370\n|-zpower|p1a: Kami\n|move|p1a: Kami|Corkscrew Crash|p2a: Oreo|[zeffect]\n|-supereffective|p2a: Oreo\n|-damage|p2a: Oreo|0 fnt\n|faint|p2a: Oreo\n|-ability|p1a: Kami|Beast Boost|boost\n|-boost|p1a: Kami|atk|1\n|\n|-weather|Snow|[upkeep]\n|upkeep\n|\n|t:|1700846378\n|switch|p2a: Mebo|Arctozolt, shiny|100\/100\n|turn|2\n|\n|t:|1700846385\n|move|p2a: Mebo|Icicle Crash|p1a: Kami|[miss]\n|-miss|p2a: Mebo|p1a: Kami\n|move|p1a: Kami|Sacred Sword|p2a: Mebo\n|-supereffective|p2a: Mebo\n|-damage|p2a: Mebo|2\/100\n|\n|-weather|Snow|[upkeep]\n|upkeep\n|turn|3\n|\n|t:|1700846403\n|move|p2a: Mebo|Icicle Crash|p1a: Kami\n|-damage|p1a: Kami|54\/100\n|-damage|p2a: Mebo|0 fnt|[from] item: Life Orb\n|faint|p2a: Mebo\n|move|p1a: Kami|Smart Strike|p2: Mebo|[notarget]\n|-fail|p1a: Kami\n|\n|-weather|Snow|[upkeep]\n|upkeep\n|\n|t:|1700846409\n|switch|p2a: King|Eiscue, M, shiny|100\/100\n|turn|4\n|\n|t:|1700846417\n|move|p1a: Kami|Sacred Sword|p2a: King\n|-activate|p2a: King|ability: Ice Face\n|-damage|p2a: King|100\/100\n|detailschange|p2a: King|Eiscue-Noice, M, shiny\n|move|p2a: King|Belly Drum|p2a: King\n|-damage|p2a: King|50\/100\n|-setboost|p2a: King|atk|6|[from] move: Belly Drum\n|-enditem|p2a: King|Sitrus Berry|[eat]\n|-heal|p2a: King|75\/100|[from] item: Sitrus Berry\n|\n|-weather|Snow|[upkeep]\n|upkeep\n|turn|5\n|\n|t:|1700846426\n|move|p2a: King|Ice Spinner|p1a: Kami\n|-damage|p1a: Kami|0 fnt\n|faint|p1a: Kami\n|\n|-weather|Snow|[upkeep]\n|upkeep\n|\n|t:|1700846439\n|switch|p1a: Gavial|Krookodile, F|100\/100\n|-ability|p1a: Gavial|Intimidate|boost\n|-unboost|p2a: King|atk|1\n|turn|6\n|\n|t:|1700846442\n|-terastallize|p1a: Gavial|Fighting\n|move|p1a: Gavial|Close Combat|p2a: King\n|-supereffective|p2a: King\n|-damage|p2a: King|0 fnt\n|-unboost|p1a: Gavial|def|1\n|-unboost|p1a: Gavial|spd|1\n|faint|p2a: King\n|\n|-weather|Snow|[upkeep]\n|upkeep\n|\n|t:|1700846454\n|switch|p2a: Online|Mamoswine, M|100\/100\n|turn|7\n|\n|t:|1700846484\n|switch|p1a: Fenix|Moltres|100\/100\n|move|p2a: Online|Icicle Crash|p1a: Fenix\n|-damage|p1a: Fenix|70\/100\n|\n|-weather|Snow|[upkeep]\n|upkeep\n|turn|8\n|\n|t:|1700846490\n|move|p2a: Online|Icicle Crash|p1a: Fenix\n|-damage|p1a: Fenix|35\/100\n|move|p1a: Fenix|Will-O-Wisp|p2a: Online\n|-status|p2a: Online|brn\n|\n|-weather|none\n|-damage|p2a: Online|94\/100 brn|[from] brn\n|upkeep\n|turn|9\n|\n|t:|1700846495\n|move|p2a: Online|Icicle Crash|p1a: Fenix\n|-damage|p1a: Fenix|20\/100\n|move|p1a: Fenix|Roost|p1a: Fenix\n|-heal|p1a: Fenix|70\/100\n|-singleturn|p1a: Fenix|move: Roost\n|\n|-damage|p2a: Online|88\/100 brn|[from] brn\n|upkeep\n|turn|10\n|\n|t:|1700846498\n|move|p2a: Online|Icicle Crash|p1a: Fenix\n|-crit|p1a: Fenix\n|-damage|p1a: Fenix|47\/100\n|cant|p1a: Fenix|flinch\n|\n|-damage|p2a: Online|82\/100 brn|[from] brn\n|upkeep\n|turn|11\n|\n|t:|1700846504\n|move|p2a: Online|Icicle Crash|p1a: Fenix\n|-damage|p1a: Fenix|30\/100\n|move|p1a: Fenix|Roost|p1a: Fenix\n|-heal|p1a: Fenix|80\/100\n|-singleturn|p1a: Fenix|move: Roost\n|\n|-damage|p2a: Online|76\/100 brn|[from] brn\n|upkeep\n|turn|12\n|\n|t:|1700846509\n|move|p2a: Online|Icicle Crash|p1a: Fenix\n|-damage|p1a: Fenix|63\/100\n|move|p1a: Fenix|Flamethrower|p2a: Online\n|-supereffective|p2a: Online\n|-damage|p2a: Online|18\/100 brn\n|\n|-damage|p2a: Online|12\/100 brn|[from] brn\n|upkeep\n|turn|13\n|\n|t:|1700846511\n|move|p2a: Online|Icicle Crash|p1a: Fenix|[miss]\n|-miss|p2a: Online|p1a: Fenix\n|move|p1a: Fenix|Roost|p1a: Fenix\n|-heal|p1a: Fenix|100\/100\n|-singleturn|p1a: Fenix|move: Roost\n|\n|-damage|p2a: Online|6\/100 brn|[from] brn\n|upkeep\n|turn|14\n|\n|t:|1700846519\n|move|p2a: Online|Icicle Crash|p1a: Fenix\n|-damage|p1a: Fenix|85\/100\n|move|p1a: Fenix|Flamethrower|p2a: Online\n|-supereffective|p2a: Online\n|-damage|p2a: Online|0 fnt\n|faint|p2a: Online\n|\n|upkeep\n|\n|t:|1700846526\n|switch|p2a: Eva|Frosmoth, F|100\/100\n|turn|15\n|\n|t:|1700846531\n|-terastallize|p2a: Eva|Ground\n|move|p2a: Eva|Quiver Dance|p2a: Eva\n|-boost|p2a: Eva|spa|1\n|-boost|p2a: Eva|spd|1\n|-boost|p2a: Eva|spe|1\n|move|p1a: Fenix|Toxic|p2a: Eva\n|-status|p2a: Eva|tox\n|\n|-damage|p2a: Eva|94\/100 tox|[from] psn\n|upkeep\n|turn|16\n|\n|t:|1700846539\n|move|p2a: Eva|Quiver Dance|p2a: Eva\n|-boost|p2a: Eva|spa|1\n|-boost|p2a: Eva|spd|1\n|-boost|p2a: Eva|spe|1\n|move|p1a: Fenix|Flamethrower|p2a: Eva\n|-damage|p2a: Eva|84\/100 tox\n|\n|-damage|p2a: Eva|72\/100 tox|[from] psn\n|upkeep\n|turn|17\n|\n|t:|1700846543\n|switch|p1a: Kanaloa|Tapu Fini|100\/100\n|-fieldstart|move: Misty Terrain|[from] ability: Misty Surge|[of] p1a: Kanaloa\n|move|p2a: Eva|Quiver Dance|p2a: Eva\n|-boost|p2a: Eva|spa|1\n|-boost|p2a: Eva|spd|1\n|-boost|p2a: Eva|spe|1\n|\n|-damage|p2a: Eva|53\/100 tox|[from] psn\n|upkeep\n|turn|18\n|\n|t:|1700846550\n|move|p2a: Eva|Tera Blast|p1a: Kanaloa|[anim] Tera Blast Ground\n|-damage|p1a: Kanaloa|49\/100\n|move|p1a: Kanaloa|Surf|p2a: Eva\n|-supereffective|p2a: Eva\n|-damage|p2a: Eva|42\/100 tox\n|\n|-heal|p1a: Kanaloa|55\/100|[from] item: Leftovers\n|-damage|p2a: Eva|17\/100 tox|[from] psn\n|upkeep\n|turn|19\n|\n|t:|1700846559\n|switch|p1a: Fenix|Moltres|85\/100\n|move|p2a: Eva|Ice Beam|p1a: Fenix\n|-damage|p1a: Fenix|0 fnt\n|faint|p1a: Fenix\n|\n|-damage|p2a: Eva|0 fnt|[from] psn\n|faint|p2a: Eva\n|upkeep\n|\n|t:|1700846565\n|switch|p2a: Conchita|Cloyster, F|100\/100\n|switch|p1a: Gavial|Krookodile, F, tera:Fighting|100\/100\n|-ability|p1a: Gavial|Intimidate|boost\n|-unboost|p2a: Conchita|atk|1\n|turn|20\n|\n|t:|1700846569\n|move|p1a: Gavial|Close Combat|p2a: Conchita\n|-supereffective|p2a: Conchita\n|-damage|p2a: Conchita|1\/100\n|-unboost|p1a: Gavial|def|1\n|-unboost|p1a: Gavial|spd|1\n|move|p2a: Conchita|Shell Smash|p2a: Conchita\n|-unboost|p2a: Conchita|def|1\n|-unboost|p2a: Conchita|spd|1\n|-boost|p2a: Conchita|atk|2\n|-boost|p2a: Conchita|spa|2\n|-boost|p2a: Conchita|spe|2\n|\n|upkeep\n|turn|21\n|\n|t:|1700846583\n|switch|p1a: Kanaloa|Tapu Fini|55\/100\n|move|p2a: Conchita|Icicle Spear|p1a: Kanaloa\n|-resisted|p1a: Kanaloa\n|-damage|p1a: Kanaloa|48\/100\n|-resisted|p1a: Kanaloa\n|-damage|p1a: Kanaloa|39\/100\n|-resisted|p1a: Kanaloa\n|-damage|p1a: Kanaloa|31\/100\n|-resisted|p1a: Kanaloa\n|-damage|p1a: Kanaloa|23\/100\n|-resisted|p1a: Kanaloa\n|-damage|p1a: Kanaloa|15\/100\n|-hitcount|p1a: Kanaloa|5\n|\n|-heal|p1a: Kanaloa|21\/100|[from] item: Leftovers\n|-fieldend|Misty Terrain\n|upkeep\n|turn|22\n|\n|t:|1700846593\n|move|p2a: Conchita|Shell Smash|p2a: Conchita\n|-unboost|p2a: Conchita|def|1\n|-unboost|p2a: Conchita|spd|1\n|-boost|p2a: Conchita|atk|2\n|-boost|p2a: Conchita|spa|2\n|-boost|p2a: Conchita|spe|2\n|move|p1a: Kanaloa|Draining Kiss|p2a: Conchita\n|-damage|p2a: Conchita|0 fnt\n|-heal|p1a: Kanaloa|21\/100|[from] drain|[of] p2a: Conchita\n|faint|p2a: Conchita\n|\n|win|Martu2863\n|c|\u2606Martu2863|Gg\n|c|\u2606xCookieBallx|gg\n","uploadtime":1700846599,"views":5,"p1id":"martu2863","p2id":"xcookieballx","formatid":"gen9nationaldex","rating":0,"private":0,"password":""}