{"id":"gen9nationaldex-1994398371","p1":"sowa_limez","p2":"Roymon8421","format":"[Gen 9] National Dex","log":"|j|\u2606sowa_limez\n|j|\u2606Roymon8421\n|t:|1700439382\n|gametype|singles\n|player|p1|sowa_limez|blue-gen1champion|1046\n|player|p2|Roymon8421|palmer|1014\n|teamsize|p1|6\n|teamsize|p2|6\n|gen|9\n|tier|[Gen 9] National Dex\n|rated|\n|rule|HP Percentage Mod: HP is shown in percentages\n|rule|Endless Battle Clause: Forcing endless battles is banned\n|rule|OHKO Clause: OHKO moves are banned\n|rule|Evasion Clause: Evasion abilities, items, and moves are banned\n|rule|Evasion Abilities Clause: Evasion abilities are banned\n|rule|Evasion Items Clause: Evasion items are banned\n|rule|Evasion Moves Clause: Evasion moves are banned\n|rule|Species Clause: Limit one of each Pok\u00e9mon\n|rule|Sleep Clause Mod: Limit one foe put to sleep\n|clearpoke\n|poke|p1|Avalugg-Hisui, M|\n|poke|p1|Arcanine-Hisui, F|\n|poke|p1|Rampardos, M|\n|poke|p1|Magcargo, F|\n|poke|p1|Sudowoodo, M|\n|poke|p1|Aerodactyl, F|\n|poke|p2|Decidueye, M|\n|poke|p2|Lycanroc, M|\n|poke|p2|Dugtrio-Alola, F|\n|poke|p2|Salazzle, F|\n|poke|p2|Mimikyu, M|\n|poke|p2|Kommo-o, F|\n|teampreview\n|inactive|Battle timer is ON: inactive players will automatically lose when time's up. (requested by Roymon8421)\n|c|\u2606sowa_limez|This looks like a alola team\n|\n|t:|1700439401\n|start\n|switch|p1a: Magcargo|Magcargo, F|100\/100\n|switch|p2a: Dugtrio|Dugtrio-Alola, F|100\/100\n|turn|1\n|\n|t:|1700439416\n|move|p2a: Dugtrio|Toxic|p1a: Magcargo|[miss]\n|-miss|p2a: Dugtrio|p1a: Magcargo\n|move|p1a: Magcargo|Shell Smash|p1a: Magcargo\n|-unboost|p1a: Magcargo|def|1\n|-unboost|p1a: Magcargo|spd|1\n|-boost|p1a: Magcargo|atk|2\n|-boost|p1a: Magcargo|spa|2\n|-boost|p1a: Magcargo|spe|2\n|\n|upkeep\n|turn|2\n|\n|t:|1700439427\n|move|p2a: Dugtrio|Toxic|p1a: Magcargo\n|-status|p1a: Magcargo|tox\n|move|p1a: Magcargo|Flamethrower|p2a: Dugtrio\n|-supereffective|p2a: Dugtrio\n|-damage|p2a: Dugtrio|0 fnt\n|faint|p2a: Dugtrio\n|\n|-damage|p1a: Magcargo|94\/100 tox|[from] psn\n|upkeep\n|\n|t:|1700439441\n|switch|p2a: Kommo-o|Kommo-o, F|100\/100\n|turn|3\n|\n|t:|1700439450\n|move|p1a: Magcargo|Flamethrower|p2a: Kommo-o\n|-resisted|p2a: Kommo-o\n|-crit|p2a: Kommo-o\n|-damage|p2a: Kommo-o|35\/100\n|move|p2a: Kommo-o|Flash Cannon|p1a: Magcargo\n|-crit|p1a: Magcargo\n|-damage|p1a: Magcargo|0 fnt\n|faint|p1a: Magcargo\n|\n|upkeep\n|\n|t:|1700439452\n|switch|p1a: Avalugg|Avalugg-Hisui, M|100\/100\n|turn|4\n|\n|t:|1700439461\n|move|p2a: Kommo-o|Flash Cannon|p1a: Avalugg\n|-supereffective|p1a: Avalugg\n|-ability|p1a: Avalugg|Sturdy\n|-damage|p1a: Avalugg|1\/100\n|-enditem|p1a: Avalugg|Weakness Policy\n|-boost|p1a: Avalugg|atk|2|[from] item: Weakness Policy\n|-boost|p1a: Avalugg|spa|2|[from] item: Weakness Policy\n|move|p1a: Avalugg|Avalanche|p2a: Kommo-o\n|-supereffective|p2a: Kommo-o\n|-damage|p2a: Kommo-o|0 fnt\n|faint|p2a: Kommo-o\n|\n|upkeep\n|\n|t:|1700439476\n|switch|p2a: Lycanroc|Lycanroc, M|100\/100\n|turn|5\n|\n|t:|1700439484\n|move|p2a: Lycanroc|Accelerock|p1a: Avalugg\n|-supereffective|p1a: Avalugg\n|-damage|p1a: Avalugg|0 fnt\n|faint|p1a: Avalugg\n|-damage|p2a: Lycanroc|91\/100|[from] item: Life Orb\n|\n|upkeep\n|\n|t:|1700439487\n|switch|p1a: Sudowoodo|Sudowoodo, M, shiny|100\/100\n|turn|6\n|\n|t:|1700439491\n|move|p2a: Lycanroc|Swords Dance|p2a: Lycanroc\n|-boost|p2a: Lycanroc|atk|2\n|move|p1a: Sudowoodo|Wood Hammer|p2a: Lycanroc\n|-supereffective|p2a: Lycanroc\n|-damage|p2a: Lycanroc|0 fnt\n|faint|p2a: Lycanroc\n|\n|upkeep\n|\n|t:|1700439497\n|switch|p2a: Decidueye|Decidueye, M|100\/100\n|turn|7\n|\n|t:|1700439503\n|move|p1a: Sudowoodo|Endure|p1a: Sudowoodo\n|-singleturn|p1a: Sudowoodo|move: Endure\n|move|p2a: Decidueye|Nasty Plot|p2a: Decidueye\n|-boost|p2a: Decidueye|spa|2\n|\n|upkeep\n|turn|8\n|\n|t:|1700439509\n|move|p1a: Sudowoodo|Sucker Punch|p2a: Decidueye\n|-supereffective|p2a: Decidueye\n|-damage|p2a: Decidueye|30\/100\n|move|p2a: Decidueye|Leaf Storm|p1a: Sudowoodo\n|-supereffective|p1a: Sudowoodo\n|-damage|p1a: Sudowoodo|0 fnt\n|-unboost|p2a: Decidueye|spa|2\n|faint|p1a: Sudowoodo\n|\n|upkeep\n|\n|t:|1700439517\n|switch|p1a: Arcanine|Arcanine-Hisui, F|100\/100\n|turn|9\n|\n|t:|1700439522\n|move|p1a: Arcanine|Flare Blitz|p2a: Decidueye\n|-supereffective|p2a: Decidueye\n|-damage|p2a: Decidueye|0 fnt\n|faint|p2a: Decidueye\n|\n|upkeep\n|\n|t:|1700439532\n|switch|p2a: Mimikyu|Mimikyu, M|100\/100\n|turn|10\n|\n|t:|1700439537\n|move|p1a: Arcanine|Flare Blitz|p2a: Mimikyu\n|-activate|p2a: Mimikyu|ability: Disguise\n|-damage|p2a: Mimikyu|100\/100\n|detailschange|p2a: Mimikyu|Mimikyu-Busted, M\n|-damage|p2a: Mimikyu|88\/100|[from] pokemon: Mimikyu-Busted\n|move|p2a: Mimikyu|Swords Dance|p2a: Mimikyu\n|-boost|p2a: Mimikyu|atk|2\n|\n|upkeep\n|turn|11\n|\n|t:|1700439547\n|move|p2a: Mimikyu|Shadow Sneak|p1a: Arcanine\n|-damage|p1a: Arcanine|59\/100\n|move|p1a: Arcanine|Flare Blitz|p2a: Mimikyu\n|-damage|p2a: Mimikyu|0 fnt\n|faint|p2a: Mimikyu\n|\n|upkeep\n|\n|t:|1700439553\n|switch|p2a: Salazzle|Salazzle, F|100\/100\n|turn|12\n|\n|t:|1700439558\n|switch|p1a: Rampardos|Rampardos, M, shiny|100\/100\n|-ability|p1a: Rampardos|Mold Breaker\n|move|p2a: Salazzle|Sludge Wave|p1a: Rampardos\n|-resisted|p1a: Rampardos\n|-damage|p1a: Rampardos|58\/100\n|\n|upkeep\n|turn|13\n|\n|t:|1700439565\n|move|p2a: Salazzle|Sludge Wave|p1a: Rampardos\n|-resisted|p1a: Rampardos\n|-damage|p1a: Rampardos|18\/100\n|move|p1a: Rampardos|Rock Polish|p1a: Rampardos\n|-boost|p1a: Rampardos|spe|2\n|\n|upkeep\n|turn|14\n|\n|t:|1700439571\n|move|p2a: Salazzle|Sludge Wave|p1a: Rampardos\n|-resisted|p1a: Rampardos\n|-damage|p1a: Rampardos|0 fnt\n|faint|p1a: Rampardos\n|\n|upkeep\n|\n|t:|1700439575\n|switch|p1a: Arcanine|Arcanine-Hisui, F|59\/100\n|turn|15\n|\n|t:|1700439577\n|-terastallize|p1a: Arcanine|Normal\n|move|p1a: Arcanine|Extreme Speed|p2a: Salazzle\n|-damage|p2a: Salazzle|0 fnt\n|faint|p2a: Salazzle\n|\n|win|sowa_limez\n|raw|sowa_limez's rating: 1046 &rarr; <strong>1076<\/strong><br \/>(+30 for winning)\n|raw|Roymon8421's rating: 1014 &rarr; <strong>1003<\/strong><br \/>(-11 for losing)\n|l|\u2606Roymon8421\n","uploadtime":1700439587,"views":4,"p1id":"sowalimez","p2id":"roymon8421","formatid":"gen9nationaldex","rating":1003,"private":0,"password":""}