{"id":"gen9nationaldex-1995255755","p1":"FlyingSudowoodo","p2":"GL Lukas","format":"[Gen 9] National Dex","log":"|html|<div class=\"broadcast-blue\"><strong>[Gen 9] National Dex is currently suspecting Sneasler! For information on how to participate check out the <a href=\"https:\/\/www.smogon.com\/forums\/threads\/sv-national-dex-suspect-8-just-dance.3731534\/\">suspect thread<\/a>.<\/strong><\/div>\n|j|\u2606FlyingSudowoodo\n|j|\u2606GL Lukas\n|t:|1700541938\n|gametype|singles\n|player|p1|FlyingSudowoodo|brock|1420\n|player|p2|GL Lukas|volkner|1397\n|teamsize|p1|6\n|teamsize|p2|6\n|gen|9\n|tier|[Gen 9] National Dex\n|rated|\n|rule|HP Percentage Mod: HP is shown in percentages\n|rule|Endless Battle Clause: Forcing endless battles is banned\n|rule|OHKO Clause: OHKO moves are banned\n|rule|Evasion Clause: Evasion abilities, items, and moves are banned\n|rule|Evasion Abilities Clause: Evasion abilities are banned\n|rule|Evasion Items Clause: Evasion items are banned\n|rule|Evasion Moves Clause: Evasion moves are banned\n|rule|Species Clause: Limit one of each Pok\u00e9mon\n|rule|Sleep Clause Mod: Limit one foe put to sleep\n|clearpoke\n|poke|p1|Garganacl, F|\n|poke|p1|Diancie|\n|poke|p1|Glimmora, F|\n|poke|p1|Ogerpon-Cornerstone, F|\n|poke|p1|Golem-Alola, M|\n|poke|p1|Tyranitar, F|\n|poke|p2|Basculegion-F, F|\n|poke|p2|Dondozo, M|\n|poke|p2|Golisopod, M|\n|poke|p2|Feraligatr, M|\n|poke|p2|Gyarados, M|\n|poke|p2|Lapras, F|\n|teampreview\n|\n|t:|1700541957\n|start\n|switch|p1a: Glimmora|Glimmora, F|100\/100\n|switch|p2a: Basculegion|Basculegion-F, F|100\/100\n|-item|p1a: Glimmora|Air Balloon\n|turn|1\n|\n|t:|1700541966\n|move|p1a: Glimmora|Mortal Spin|p2a: Basculegion\n|-resisted|p2a: Basculegion\n|-damage|p2a: Basculegion|98\/100\n|-status|p2a: Basculegion|psn\n|move|p2a: Basculegion|Surf|p1a: Glimmora\n|-supereffective|p1a: Glimmora\n|-crit|p1a: Glimmora\n|-damage|p1a: Glimmora|0 fnt\n|-enditem|p1a: Glimmora|Air Balloon\n|faint|p1a: Glimmora\n|\n|-damage|p2a: Basculegion|85\/100 psn|[from] psn\n|upkeep\n|\n|t:|1700541980\n|switch|p1a: Garganacl|Garganacl, F|100\/100\n|turn|2\n|\n|t:|1700541986\n|-terastallize|p1a: Garganacl|Ghost\n|move|p2a: Basculegion|Surf|p1a: Garganacl\n|-damage|p1a: Garganacl|39\/100\n|move|p1a: Garganacl|Salt Cure|p2a: Basculegion\n|-damage|p2a: Basculegion|70\/100 psn\n|-start|p2a: Basculegion|Salt Cure\n|\n|-heal|p1a: Garganacl|46\/100|[from] item: Leftovers\n|-damage|p2a: Basculegion|58\/100 psn|[from] psn\n|-damage|p2a: Basculegion|33\/100 psn|[from] Salt Cure\n|upkeep\n|turn|3\n|\n|t:|1700541998\n|move|p1a: Garganacl|Protect|p1a: Garganacl\n|-singleturn|p1a: Garganacl|Protect\n|move|p2a: Basculegion|Surf|p1a: Garganacl\n|-activate|p1a: Garganacl|move: Protect\n|\n|-heal|p1a: Garganacl|52\/100|[from] item: Leftovers\n|-damage|p2a: Basculegion|20\/100 psn|[from] psn\n|-damage|p2a: Basculegion|0 fnt|[from] Salt Cure\n|faint|p2a: Basculegion\n|upkeep\n|\n|t:|1700542030\n|switch|p2a: Feraligatr|Feraligatr, M|100\/100\n|turn|4\n|\n|t:|1700542033\n|move|p2a: Feraligatr|Dragon Dance|p2a: Feraligatr\n|-boost|p2a: Feraligatr|atk|1\n|-boost|p2a: Feraligatr|spe|1\n|move|p1a: Garganacl|Salt Cure|p2a: Feraligatr\n|-damage|p2a: Feraligatr|87\/100\n|-start|p2a: Feraligatr|Salt Cure\n|\n|-heal|p1a: Garganacl|58\/100|[from] item: Leftovers\n|-damage|p2a: Feraligatr|62\/100|[from] Salt Cure\n|upkeep\n|turn|5\n|\n|t:|1700542042\n|switch|p1a: Tyranitar|Tyranitar, F|100\/100\n|-weather|Sandstorm|[from] ability: Sand Stream|[of] p1a: Tyranitar\n|-terastallize|p2a: Feraligatr|Water\n|move|p2a: Feraligatr|Liquidation|p1a: Tyranitar\n|-supereffective|p1a: Tyranitar\n|-damage|p1a: Tyranitar|0 fnt\n|faint|p1a: Tyranitar\n|\n|-weather|Sandstorm|[upkeep]\n|-damage|p2a: Feraligatr|56\/100|[from] Sandstorm\n|-damage|p2a: Feraligatr|31\/100|[from] Salt Cure\n|upkeep\n|\n|t:|1700542054\n|switch|p1a: Ogerpon|Ogerpon-Cornerstone, F|100\/100\n|turn|6\n|\n|t:|1700542060\n|move|p2a: Feraligatr|Liquidation|p1a: Ogerpon\n|-crit|p1a: Ogerpon\n|-ability|p1a: Ogerpon|Sturdy\n|-damage|p1a: Ogerpon|1\/100\n|move|p1a: Ogerpon|Horn Leech|p2a: Feraligatr\n|-supereffective|p2a: Feraligatr\n|-damage|p2a: Feraligatr|0 fnt\n|-heal|p1a: Ogerpon|17\/100|[from] drain|[of] p2a: Feraligatr\n|faint|p2a: Feraligatr\n|\n|-weather|Sandstorm|[upkeep]\n|upkeep\n|\n|t:|1700542066\n|switch|p2a: Gyarados|Gyarados, M|100\/100\n|-ability|p2a: Gyarados|Intimidate|boost\n|-unboost|p1a: Ogerpon|atk|1\n|turn|7\n|\n|t:|1700542074\n|move|p1a: Ogerpon|Ivy Cudgel|p2a: Gyarados|[anim] Ivy Cudgel Rock\n|-supereffective|p2a: Gyarados\n|-damage|p2a: Gyarados|4\/100\n|move|p2a: Gyarados|Dragon Dance|p2a: Gyarados\n|-boost|p2a: Gyarados|atk|1\n|-boost|p2a: Gyarados|spe|1\n|\n|-weather|Sandstorm|[upkeep]\n|-damage|p2a: Gyarados|0 fnt|[from] Sandstorm\n|faint|p2a: Gyarados\n|upkeep\n|\n|t:|1700542081\n|switch|p2a: Golisopod|Golisopod, M|100\/100\n|turn|8\n|\n|t:|1700542085\n|switch|p1a: Diancie|Diancie|100\/100\n|move|p2a: Golisopod|First Impression|p1a: Diancie\n|-resisted|p1a: Diancie\n|-damage|p1a: Diancie|75\/100\n|\n|-weather|Sandstorm|[upkeep]\n|-damage|p2a: Golisopod|94\/100|[from] Sandstorm\n|upkeep\n|turn|9\n|\n|t:|1700542102\n|detailschange|p1a: Diancie|Diancie-Mega\n|-mega|p1a: Diancie|Diancie|Diancite\n|move|p1a: Diancie|Diamond Storm|p2a: Golisopod\n|-supereffective|p2a: Golisopod\n|-damage|p2a: Golisopod|17\/100\n|-boost|p1a: Diancie|def|2\n|-enditem|p2a: Golisopod|Sitrus Berry|[eat]\n|-heal|p2a: Golisopod|42\/100|[from] item: Sitrus Berry\n|-activate|p2a: Golisopod|ability: Emergency Exit\n|\n|t:|1700542108\n|switch|p2a: Dondozo|Dondozo, M|100\/100\n|\n|-weather|none\n|upkeep\n|turn|10\n|\n|t:|1700542115\n|switch|p1a: Golem|Golem-Alola, M|100\/100\n|move|p2a: Dondozo|Curse|p2a: Dondozo\n|-unboost|p2a: Dondozo|spe|1\n|-boost|p2a: Dondozo|atk|1\n|-boost|p2a: Dondozo|def|1\n|\n|upkeep\n|turn|11\n|\n|t:|1700542129\n|move|p1a: Golem|Explosion|p2a: Dondozo\n|-supereffective|p2a: Dondozo\n|-damage|p2a: Dondozo|0 fnt\n|faint|p1a: Golem\n|faint|p2a: Dondozo\n|\n|upkeep\n|-message|GL Lukas forfeited.\n|\n|win|FlyingSudowoodo\n|raw|FlyingSudowoodo's rating: 1420 &rarr; <strong>1439<\/strong><br \/>(+19 for winning)\n|raw|GL Lukas's rating: 1397 &rarr; <strong>1378<\/strong><br \/>(-19 for losing)\n|l|\u2606GL Lukas\n","uploadtime":1700542139,"views":1,"p1id":"flyingsudowoodo","p2id":"gllukas","formatid":"gen9nationaldex","rating":1378,"private":0,"password":""}