{"id":"gen9nationaldex-1988617869","p1":"Orangex733","p2":"Dread Hades 0","format":"[Gen 9] National Dex","log":"|j|\u2606Orangex733\n|j|\u2606Dread Hades 0\n|t:|1699742523\n|gametype|singles\n|player|p1|Orangex733|mallow-masters|\n|player|p2|Dread Hades 0|guzma|\n|teamsize|p1|6\n|teamsize|p2|6\n|gen|9\n|tier|[Gen 9] National Dex\n|rated|Tournament battle\n|rule|HP Percentage Mod: HP is shown in percentages\n|rule|Endless Battle Clause: Forcing endless battles is banned\n|rule|OHKO Clause: OHKO moves are banned\n|rule|Evasion Clause: Evasion abilities, items, and moves are banned\n|rule|Evasion Abilities Clause: Evasion abilities are banned\n|rule|Evasion Items Clause: Evasion items are banned\n|rule|Evasion Moves Clause: Evasion moves are banned\n|rule|Species Clause: Limit one of each Pok\u00e9mon\n|rule|Sleep Clause Mod: Limit one foe put to sleep\n|rule|Sleep Moves Clause: Sleep-inducing moves are banned\n|rule|Terastal Clause: You cannot Terastallize\n|clearpoke\n|poke|p1|Celesteela|\n|poke|p1|Slowking-Galar, F|\n|poke|p1|Ting-Lu|\n|poke|p1|Alomomola, M|\n|poke|p1|Clefable, F|\n|poke|p1|Blissey, F|\n|poke|p2|Charizard, M|\n|poke|p2|Minior|\n|poke|p2|Greninja-*, M|\n|poke|p2|Omastar, M|\n|poke|p2|Moltres-Galar|\n|poke|p2|Zapdos|\n|teampreview\n|inactive|Battle timer is ON: inactive players will automatically lose when time's up. (requested by Dread Hades 0)\n|c|\u2606Dread Hades 0|glhf\n|c|\u2606Orangex733|glhf\n|\n|t:|1699742532\n|start\n|switch|p1a: Slowking|Slowking-Galar, F|100\/100\n|switch|p2a: Zapdos|Zapdos|100\/100\n|turn|1\n|\n|t:|1699742536\n|move|p2a: Zapdos|Thunder Wave|p1a: Slowking\n|-status|p1a: Slowking|par\n|move|p1a: Slowking|Mortal Spin|p2a: Zapdos\n|-damage|p2a: Zapdos|93\/100\n|-status|p2a: Zapdos|psn\n|\n|-damage|p2a: Zapdos|81\/100 psn|[from] psn\n|upkeep\n|turn|2\n|\n|t:|1699742541\n|move|p2a: Zapdos|Thunderbolt|p1a: Slowking\n|-damage|p1a: Slowking|83\/100 par\n|move|p1a: Slowking|Ice Beam|p2a: Zapdos\n|-supereffective|p2a: Zapdos\n|-damage|p2a: Zapdos|50\/100 psn\n|\n|-damage|p2a: Zapdos|38\/100 psn|[from] psn\n|upkeep\n|turn|3\n|\n|t:|1699742547\n|move|p2a: Zapdos|Roost|p2a: Zapdos\n|-heal|p2a: Zapdos|88\/100 psn\n|-singleturn|p2a: Zapdos|move: Roost\n|move|p1a: Slowking|Lumina Crash|p2a: Zapdos\n|-damage|p2a: Zapdos|66\/100 psn\n|-unboost|p2a: Zapdos|spd|2\n|\n|-damage|p2a: Zapdos|54\/100 psn|[from] psn\n|upkeep\n|turn|4\n|\n|t:|1699742557\n|move|p2a: Zapdos|Thunderbolt|p1a: Slowking\n|-damage|p1a: Slowking|66\/100 par\n|move|p1a: Slowking|Mortal Spin|p2a: Zapdos\n|-damage|p2a: Zapdos|46\/100 psn\n|\n|-damage|p2a: Zapdos|34\/100 psn|[from] psn\n|upkeep\n|turn|5\n|\n|t:|1699742561\n|move|p2a: Zapdos|Thunderbolt|p1a: Slowking\n|-damage|p1a: Slowking|49\/100 par\n|move|p1a: Slowking|Lumina Crash|p2a: Zapdos\n|-damage|p2a: Zapdos|0 fnt\n|faint|p2a: Zapdos\n|\n|upkeep\n|\n|t:|1699742575\n|switch|p2a: Grayroad|Omastar, M|100\/100\n|turn|6\n|\n|t:|1699742595\n|switch|p1a: Blissey|Blissey, F|100\/100\n|move|p2a: Grayroad|Shell Smash|p2a: Grayroad\n|-unboost|p2a: Grayroad|def|1\n|-unboost|p2a: Grayroad|spd|1\n|-boost|p2a: Grayroad|atk|2\n|-boost|p2a: Grayroad|spa|2\n|-boost|p2a: Grayroad|spe|2\n|-enditem|p2a: Grayroad|White Herb\n|-clearnegativeboost|p2a: Grayroad|[silent]\n|\n|upkeep\n|turn|7\n|\n|t:|1699742600\n|move|p2a: Grayroad|Ancient Power|p1a: Blissey\n|-damage|p1a: Blissey|79\/100\n|move|p1a: Blissey|Toxic|p2a: Grayroad\n|-status|p2a: Grayroad|tox\n|\n|-damage|p2a: Grayroad|94\/100 tox|[from] psn\n|upkeep\n|turn|8\n|\n|t:|1699742604\n|move|p2a: Grayroad|Scald|p1a: Blissey\n|-damage|p1a: Blissey|50\/100\n|move|p1a: Blissey|Soft-Boiled|p1a: Blissey\n|-heal|p1a: Blissey|99\/100\n|\n|-damage|p2a: Grayroad|82\/100 tox|[from] psn\n|upkeep\n|turn|9\n|c|\u2606Dread Hades 0|the same boring story\n|\n|t:|1699742621\n|move|p2a: Grayroad|Scald|p1a: Blissey\n|-damage|p1a: Blissey|69\/100\n|move|p1a: Blissey|Seismic Toss|p2a: Grayroad\n|-damage|p2a: Grayroad|47\/100 tox\n|\n|-damage|p2a: Grayroad|29\/100 tox|[from] psn\n|upkeep\n|turn|10\n|\n|t:|1699742629\n|move|p2a: Grayroad|Scald|p1a: Blissey\n|-damage|p1a: Blissey|41\/100\n|move|p1a: Blissey|Soft-Boiled|p1a: Blissey\n|-heal|p1a: Blissey|91\/100\n|\n|-damage|p2a: Grayroad|4\/100 tox|[from] psn\n|upkeep\n|turn|11\n|\n|t:|1699742636\n|move|p2a: Grayroad|Scald|p1a: Blissey\n|-damage|p1a: Blissey|59\/100\n|move|p1a: Blissey|Soft-Boiled|p1a: Blissey\n|-heal|p1a: Blissey|100\/100\n|\n|-damage|p2a: Grayroad|0 fnt|[from] psn\n|faint|p2a: Grayroad\n|upkeep\n|\n|t:|1699742639\n|switch|p2a: melascula|Minior, shiny|100\/100\n|-formechange|p2a: melascula|Minior-Meteor||[from] ability: Shields Down\n|turn|12\n|\n|t:|1699742643\n|move|p2a: melascula|Shell Smash|p2a: melascula\n|-unboost|p2a: melascula|def|1\n|-unboost|p2a: melascula|spd|1\n|-boost|p2a: melascula|atk|2\n|-boost|p2a: melascula|spa|2\n|-boost|p2a: melascula|spe|2\n|-enditem|p2a: melascula|White Herb\n|-clearnegativeboost|p2a: melascula|[silent]\n|move|p1a: Blissey|Toxic|p2a: melascula\n|-immune|p2a: melascula|[from] ability: Shields Down\n|\n|upkeep\n|turn|13\n|\n|t:|1699742660\n|switch|p1a: Ting-Lu|Ting-Lu|100\/100\n|-ability|p1a: Ting-Lu|Vessel of Ruin\n|move|p2a: melascula|Stone Edge|p1a: Ting-Lu|[miss]\n|-miss|p2a: melascula|p1a: Ting-Lu\n|\n|upkeep\n|turn|14\n|\n|t:|1699742667\n|move|p2a: melascula|Acrobatics|p1a: Ting-Lu\n|-damage|p1a: Ting-Lu|58\/100\n|move|p1a: Ting-Lu|Knock Off|p2a: melascula\n|-damage|p2a: melascula|68\/100\n|\n|-heal|p1a: Ting-Lu|64\/100|[from] item: Leftovers\n|upkeep\n|turn|15\n|\n|t:|1699742674\n|move|p2a: melascula|Acrobatics|p1a: Ting-Lu\n|-damage|p1a: Ting-Lu|19\/100\n|move|p1a: Ting-Lu|Shore Up|p1a: Ting-Lu\n|-heal|p1a: Ting-Lu|69\/100\n|\n|-heal|p1a: Ting-Lu|75\/100|[from] item: Leftovers\n|upkeep\n|turn|16\n|\n|t:|1699742677\n|move|p2a: melascula|Acrobatics|p1a: Ting-Lu\n|-damage|p1a: Ting-Lu|36\/100\n|move|p1a: Ting-Lu|Parting Shot|p2a: melascula\n|-unboost|p2a: melascula|atk|1\n|-unboost|p2a: melascula|spa|1\n|\n|t:|1699742679\n|switch|p1a: Celesteela|Celesteela|100\/100|[from] Parting Shot\n|\n|upkeep\n|turn|17\n|\n|t:|1699742684\n|-singleturn|p1a: Celesteela|move: Beak Blast\n|move|p2a: melascula|Stone Edge|p1a: Celesteela\n|-damage|p1a: Celesteela|71\/100\n|move|p1a: Celesteela|Beak Blast|p2a: melascula\n|-resisted|p2a: melascula\n|-damage|p2a: melascula|46\/100\n|\n|-heal|p1a: Celesteela|77\/100|[from] item: Leftovers\n|-formechange|p2a: melascula|Minior||[from] ability: Shields Down\n|upkeep\n|turn|18\n|\n|t:|1699742693\n|move|p2a: melascula|Stone Edge|p1a: Celesteela\n|-damage|p1a: Celesteela|32\/100\n|move|p1a: Celesteela|Roost|p1a: Celesteela\n|-heal|p1a: Celesteela|82\/100\n|-singleturn|p1a: Celesteela|move: Roost\n|\n|-heal|p1a: Celesteela|88\/100|[from] item: Leftovers\n|upkeep\n|turn|19\n|\n|t:|1699742699\n|move|p2a: melascula|Stone Edge|p1a: Celesteela\n|-damage|p1a: Celesteela|44\/100\n|move|p1a: Celesteela|Anchor Shot|p2a: melascula\n|-supereffective|p2a: melascula\n|-damage|p2a: melascula|0 fnt\n|faint|p2a: melascula\n|-ability|p1a: Celesteela|Beast Boost|boost\n|-boost|p1a: Celesteela|def|1\n|\n|-heal|p1a: Celesteela|50\/100|[from] item: Leftovers\n|upkeep\n|j| starfire77\n|\n|t:|1699742711\n|switch|p2a: Moltres|Moltres-Galar|100\/100\n|turn|20\n|\n|t:|1699742718\n|switch|p1a: Clefable|Clefable, F|100\/100\n|move|p2a: Moltres|Nasty Plot|p2a: Moltres\n|-boost|p2a: Moltres|spa|2\n|\n|upkeep\n|turn|21\n|\n|t:|1699742725\n|move|p2a: Moltres|Air Slash|p1a: Clefable\n|-damage|p1a: Clefable|69\/100\n|cant|p1a: Clefable|flinch\n|\n|upkeep\n|turn|22\n|\n|t:|1699742729\n|move|p2a: Moltres|Air Slash|p1a: Clefable\n|-damage|p1a: Clefable|32\/100\n|move|p1a: Clefable|Soft-Boiled|p1a: Clefable\n|-heal|p1a: Clefable|82\/100\n|\n|upkeep\n|turn|23\n|\n|t:|1699742732\n|move|p2a: Moltres|Air Slash|p1a: Clefable\n|-damage|p1a: Clefable|49\/100\n|move|p1a: Clefable|Toxic|p2a: Moltres\n|-status|p2a: Moltres|tox\n|\n|-damage|p2a: Moltres|94\/100 tox|[from] psn\n|upkeep\n|turn|24\n|\n|t:|1699742736\n|move|p2a: Moltres|Air Slash|p1a: Clefable\n|-damage|p1a: Clefable|15\/100\n|cant|p1a: Clefable|flinch\n|\n|-damage|p2a: Moltres|82\/100 tox|[from] psn\n|upkeep\n|turn|25\n|\n|t:|1699742743\n|switch|p1a: Blissey|Blissey, F|100\/100\n|move|p2a: Moltres|Air Slash|p1a: Blissey\n|-damage|p1a: Blissey|74\/100\n|\n|-damage|p2a: Moltres|63\/100 tox|[from] psn\n|upkeep\n|turn|26\n|c|\u2606Dread Hades 0|yes\n|inactive|Dread Hades 0 has 120 seconds left.\n|\n|t:|1699742792\n|move|p2a: Moltres|Fiery Wrath|p1a: Blissey\n|-damage|p1a: Blissey|38\/100\n|cant|p1a: Blissey|flinch\n|\n|-damage|p2a: Moltres|38\/100 tox|[from] psn\n|upkeep\n|turn|27\n|\n|t:|1699742799\n|move|p2a: Moltres|Fiery Wrath|p1a: Blissey\n|-damage|p1a: Blissey|0 fnt\n|faint|p1a: Blissey\n|\n|-damage|p2a: Moltres|7\/100 tox|[from] psn\n|upkeep\n|\n|t:|1699742803\n|switch|p1a: Alomomola|Alomomola, M|100\/100\n|turn|28\n|\n|t:|1699742807\n|move|p1a: Alomomola|Protect|p1a: Alomomola\n|-singleturn|p1a: Alomomola|Protect\n|move|p2a: Moltres|Fiery Wrath|p1a: Alomomola\n|-activate|p1a: Alomomola|move: Protect\n|\n|-damage|p2a: Moltres|0 fnt|[from] psn\n|faint|p2a: Moltres\n|upkeep\n|\n|t:|1699742811\n|switch|p2a: Estarossa|Charizard, M, shiny|100\/100\n|turn|29\n|l| starfire77\n|\n|t:|1699742815\n|detailschange|p2a: Estarossa|Charizard-Mega-X, M, shiny\n|-mega|p2a: Estarossa|Charizard|Charizardite X\n|move|p2a: Estarossa|Dragon Dance|p2a: Estarossa\n|-boost|p2a: Estarossa|atk|1\n|-boost|p2a: Estarossa|spe|1\n|move|p1a: Alomomola|Toxic|p2a: Estarossa\n|-status|p2a: Estarossa|tox\n|\n|-damage|p2a: Estarossa|94\/100 tox|[from] psn\n|upkeep\n|turn|30\n|\n|t:|1699742819\n|move|p2a: Estarossa|Dragon Dance|p2a: Estarossa\n|-boost|p2a: Estarossa|atk|1\n|-boost|p2a: Estarossa|spe|1\n|move|p1a: Alomomola|Wish|p1a: Alomomola\n|\n|-damage|p2a: Estarossa|82\/100 tox|[from] psn\n|upkeep\n|turn|31\n|\n|t:|1699742827\n|switch|p1a: Ting-Lu|Ting-Lu|36\/100\n|-ability|p1a: Ting-Lu|Vessel of Ruin\n|move|p2a: Estarossa|Thunder Punch|p1a: Ting-Lu\n|-immune|p1a: Ting-Lu\n|\n|-heal|p1a: Ting-Lu|88\/100|[from] move: Wish|[wisher] Alomomola\n|-heal|p1a: Ting-Lu|94\/100|[from] item: Leftovers\n|-damage|p2a: Estarossa|64\/100 tox|[from] psn\n|upkeep\n|turn|32\n|\n|t:|1699742849\n|move|p2a: Estarossa|Dragon Claw|p1a: Ting-Lu\n|-damage|p1a: Ting-Lu|25\/100\n|move|p1a: Ting-Lu|Parting Shot|p2a: Estarossa\n|-unboost|p2a: Estarossa|atk|1\n|-unboost|p2a: Estarossa|spa|1\n|\n|t:|1699742853\n|switch|p1a: Alomomola|Alomomola, M|100\/100|[from] Parting Shot\n|\n|-damage|p2a: Estarossa|40\/100 tox|[from] psn\n|upkeep\n|turn|33\n|\n|t:|1699742856\n|move|p2a: Estarossa|Dragon Dance|p2a: Estarossa\n|-boost|p2a: Estarossa|atk|1\n|-boost|p2a: Estarossa|spe|1\n|move|p1a: Alomomola|Wish|p1a: Alomomola\n|\n|-damage|p2a: Estarossa|10\/100 tox|[from] psn\n|upkeep\n|turn|34\n|\n|t:|1699742860\n|move|p1a: Alomomola|Protect|p1a: Alomomola\n|-singleturn|p1a: Alomomola|Protect\n|move|p2a: Estarossa|Dragon Claw|p1a: Alomomola\n|-activate|p1a: Alomomola|move: Protect\n|\n|-damage|p2a: Estarossa|0 fnt|[from] psn\n|faint|p2a: Estarossa\n|upkeep\n|\n|t:|1699742863\n|switch|p2a: zeldris|Greninja, M|100\/100\n|turn|35\n|\n|t:|1699742866\n|move|p2a: zeldris|Dark Pulse|p1a: Alomomola\n|-damage|p1a: Alomomola|59\/100\n|move|p1a: Alomomola|Toxic|p2a: zeldris\n|-status|p2a: zeldris|tox\n|\n|-damage|p2a: zeldris|95\/100 tox|[from] psn\n|upkeep\n|turn|36\n|j| nduu9scrn bad\n|c|\u2606Dread Hades 0|gg\n|\n|t:|1699742870\n|move|p1a: Alomomola|Protect|p1a: Alomomola\n|-singleturn|p1a: Alomomola|Protect\n|move|p2a: zeldris|Dark Pulse|p1a: Alomomola\n|-activate|p1a: Alomomola|move: Protect\n|\n|-damage|p2a: zeldris|83\/100 tox|[from] psn\n|upkeep\n|turn|37\n|-message|Dread Hades 0 forfeited.\n|\n|win|Orangex733\n|n|\u2606Orangex733|orangex733\n|n|\u2606Dread Hades 0|dreadhades0\n|n| nduu9scrn bad|nduu9scrnbad\n","uploadtime":1699742877,"views":7,"p1id":"orangex733","p2id":"dreadhades0","formatid":"gen9nationaldex","rating":0,"private":0,"password":""}