{"id":"gen9nationaldex-1988484457","p1":"bczyeslol","p2":"yueyibu","format":"[Gen 9] National Dex","log":"|j|\u2606bczyeslol\n|j|\u2606yueyibu\n|t:|1699727911\n|gametype|singles\n|player|p1|bczyeslol|dawn-gen4pt|1277\n|player|p2|yueyibu|n|1302\n|teamsize|p1|6\n|teamsize|p2|6\n|gen|9\n|tier|[Gen 9] National Dex\n|rated|\n|rule|HP Percentage Mod: HP is shown in percentages\n|rule|Endless Battle Clause: Forcing endless battles is banned\n|rule|OHKO Clause: OHKO moves are banned\n|rule|Evasion Clause: Evasion abilities, items, and moves are banned\n|rule|Evasion Abilities Clause: Evasion abilities are banned\n|rule|Evasion Items Clause: Evasion items are banned\n|rule|Evasion Moves Clause: Evasion moves are banned\n|rule|Species Clause: Limit one of each Pok\u00e9mon\n|rule|Sleep Clause Mod: Limit one foe put to sleep\n|clearpoke\n|poke|p1|Weavile, F|\n|poke|p1|Kartana|\n|poke|p1|Landorus-Therian, M|\n|poke|p1|Dragonite, M|\n|poke|p1|Gardevoir, F|\n|poke|p1|Wobbuffet, F|\n|poke|p2|Kleavor, M|\n|poke|p2|Tapu Bulu|\n|poke|p2|Swellow, M|\n|poke|p2|Sudowoodo, F|\n|poke|p2|Beedrill, F|\n|poke|p2|Runerigus, M|\n|teampreview\n|\n|t:|1699727928\n|start\n|switch|p1a: Weavile|Weavile, F, shiny|100\/100\n|switch|p2a: Beedrill|Beedrill, F|100\/100\n|turn|1\n|\n|t:|1699727933\n|detailschange|p2a: Beedrill|Beedrill-Mega, F\n|-mega|p2a: Beedrill|Beedrill|Beedrillite\n|move|p2a: Beedrill|U-turn|p1a: Weavile\n|-supereffective|p1a: Weavile\n|-damage|p1a: Weavile|0 fnt\n|faint|p1a: Weavile\n|\n|t:|1699727939\n|switch|p2a: Kleavor|Kleavor, M|100\/100|[from] U-turn\n|\n|upkeep\n|\n|t:|1699727950\n|switch|p1a: Kartana|Kartana, shiny|100\/100\n|turn|2\n|\n|t:|1699727956\n|move|p1a: Kartana|Smart Strike|p2a: Kleavor\n|-supereffective|p2a: Kleavor\n|-damage|p2a: Kleavor|0 fnt\n|faint|p2a: Kleavor\n|-ability|p1a: Kartana|Beast Boost|boost\n|-boost|p1a: Kartana|atk|1\n|\n|upkeep\n|\n|t:|1699727963\n|switch|p2a: Sudowoodo|Sudowoodo, F|100\/100\n|turn|3\n|\n|t:|1699727966\n|move|p1a: Kartana|Smart Strike|p2a: Sudowoodo\n|-supereffective|p2a: Sudowoodo\n|-ability|p2a: Sudowoodo|Sturdy\n|-damage|p2a: Sudowoodo|1\/100\n|move|p2a: Sudowoodo|Counter|p1a: Kartana\n|-damage|p1a: Kartana|0 fnt\n|faint|p1a: Kartana\n|\n|upkeep\n|\n|t:|1699727972\n|switch|p1a: Dragonite|Dragonite, M, shiny|100\/100\n|turn|4\n|-enditem|p2a: Sudowoodo|Custap Berry|[eat]\n|-activate|p2a: Sudowoodo|item: Custap Berry|[consumed]\n|\n|t:|1699727977\n|move|p1a: Dragonite|Extreme Speed|p2a: Sudowoodo\n|-resisted|p2a: Sudowoodo\n|-crit|p2a: Sudowoodo\n|-damage|p2a: Sudowoodo|0 fnt\n|faint|p2a: Sudowoodo\n|\n|upkeep\n|\n|t:|1699727983\n|switch|p2a: Runerigus|Runerigus, M|100\/100\n|turn|5\n|\n|t:|1699727987\n|-zpower|p1a: Dragonite\n|move|p1a: Dragonite|Subzero Slammer|p2a: Runerigus|[zeffect]\n|-supereffective|p2a: Runerigus\n|-damage|p2a: Runerigus|33\/100\n|move|p2a: Runerigus|Toxic Spikes|p1a: Dragonite\n|-sidestart|p1: bczyeslol|move: Toxic Spikes\n|\n|upkeep\n|turn|6\n|\n|t:|1699727999\n|move|p1a: Dragonite|Dragon Dance|p1a: Dragonite\n|-boost|p1a: Dragonite|atk|1\n|-boost|p1a: Dragonite|spe|1\n|move|p2a: Runerigus|Curse|p1a: Dragonite\n|-start|p1a: Dragonite|Curse|[of] p2a: Runerigus\n|-damage|p2a: Runerigus|0 fnt\n|faint|p2a: Runerigus\n|\n|-damage|p1a: Dragonite|76\/100|[from] Curse\n|upkeep\n|\n|t:|1699728008\n|switch|p2a: Tapu Bulu|Tapu Bulu|100\/100\n|-fieldstart|move: Grassy Terrain|[from] ability: Grassy Surge|[of] p2a: Tapu Bulu\n|turn|7\n|\n|t:|1699728015\n|move|p1a: Dragonite|Ice Spinner|p2a: Tapu Bulu\n|-supereffective|p2a: Tapu Bulu\n|-damage|p2a: Tapu Bulu|17\/100\n|-fieldend|move: Grassy Terrain\n|move|p2a: Tapu Bulu|Toxic|p1a: Dragonite\n|-status|p1a: Dragonite|tox\n|\n|-heal|p2a: Tapu Bulu|23\/100|[from] item: Leftovers\n|-damage|p1a: Dragonite|70\/100 tox|[from] psn\n|-damage|p1a: Dragonite|45\/100 tox|[from] Curse\n|upkeep\n|turn|8\n|\n|t:|1699728024\n|-terastallize|p2a: Tapu Bulu|Steel\n|move|p1a: Dragonite|Ice Spinner|p2a: Tapu Bulu\n|-resisted|p2a: Tapu Bulu\n|-damage|p2a: Tapu Bulu|3\/100\n|move|p2a: Tapu Bulu|Horn Leech|p1a: Dragonite\n|-resisted|p1a: Dragonite\n|-damage|p1a: Dragonite|34\/100 tox\n|-heal|p2a: Tapu Bulu|8\/100|[from] drain|[of] p1a: Dragonite\n|\n|-heal|p2a: Tapu Bulu|14\/100|[from] item: Leftovers\n|-damage|p1a: Dragonite|22\/100 tox|[from] psn\n|-damage|p1a: Dragonite|0 fnt|[from] Curse\n|faint|p1a: Dragonite\n|upkeep\n|\n|t:|1699728027\n|switch|p1a: Landorus|Landorus-Therian, M, shiny|100\/100\n|-ability|p1a: Landorus|Intimidate|boost\n|-unboost|p2a: Tapu Bulu|atk|1\n|turn|9\n|\n|t:|1699728036\n|move|p1a: Landorus|Defog|p2a: Tapu Bulu\n|-unboost|p2a: Tapu Bulu|evasion|1\n|-sideend|p1: bczyeslol|Toxic Spikes|[from] move: Defog|[of] p1a: Landorus\n|move|p2a: Tapu Bulu|Horn Leech|p1a: Landorus\n|-damage|p1a: Landorus|71\/100\n|-heal|p2a: Tapu Bulu|30\/100|[from] drain|[of] p1a: Landorus\n|\n|-heal|p1a: Landorus|77\/100|[from] item: Leftovers\n|-heal|p2a: Tapu Bulu|37\/100|[from] item: Leftovers\n|upkeep\n|turn|10\n|\n|t:|1699728040\n|switch|p2a: Swellow|Swellow, M|100\/100\n|move|p1a: Landorus|Earthquake|p2a: Swellow\n|-immune|p2a: Swellow\n|\n|-heal|p1a: Landorus|83\/100|[from] item: Leftovers\n|upkeep\n|turn|11\n|\n|t:|1699728043\n|move|p2a: Swellow|Boomburst|p1a: Landorus\n|-damage|p1a: Landorus|5\/100\n|move|p1a: Landorus|Stone Edge|p2a: Swellow\n|-supereffective|p2a: Swellow\n|-damage|p2a: Swellow|0 fnt\n|faint|p2a: Swellow\n|\n|-heal|p1a: Landorus|11\/100|[from] item: Leftovers\n|upkeep\n|\n|t:|1699728047\n|switch|p2a: Beedrill|Beedrill-Mega, F|100\/100\n|turn|12\n|\n|t:|1699728050\n|move|p2a: Beedrill|Knock Off|p1a: Landorus\n|-damage|p1a: Landorus|0 fnt\n|-enditem|p1a: Landorus|Leftovers|[from] move: Knock Off|[of] p2a: Beedrill\n|faint|p1a: Landorus\n|\n|upkeep\n|\n|t:|1699728053\n|switch|p1a: Gardevoir|Gardevoir, F, shiny|100\/100\n|-ability|p1a: Gardevoir|Adaptability|[from] ability: Trace|[of] p2a: Beedrill\n|turn|13\n|\n|t:|1699728058\n|detailschange|p1a: Gardevoir|Gardevoir-Mega, F, shiny\n|-mega|p1a: Gardevoir|Gardevoir|Gardevoirite\n|move|p2a: Beedrill|Poison Jab|p1a: Gardevoir\n|-supereffective|p1a: Gardevoir\n|-damage|p1a: Gardevoir|0 fnt\n|faint|p1a: Gardevoir\n|\n|upkeep\n|\n|t:|1699728062\n|switch|p1a: Wobbuffet|Wobbuffet, F, shiny|100\/100\n|turn|14\n|\n|t:|1699728066\n|-terastallize|p1a: Wobbuffet|Steel\n|move|p2a: Beedrill|U-turn|p1a: Wobbuffet\n|-resisted|p1a: Wobbuffet\n|-damage|p1a: Wobbuffet|78\/100\n|\n|t:|1699728070\n|switch|p2a: Tapu Bulu|Tapu Bulu, tera:Steel|37\/100|[from] U-turn\n|-fieldstart|move: Grassy Terrain|[from] ability: Grassy Surge|[of] p2a: Tapu Bulu\n|move|p1a: Wobbuffet|Counter|p2a: Tapu Bulu\n|-damage|p2a: Tapu Bulu|0 fnt\n|faint|p2a: Tapu Bulu\n|\n|-heal|p1a: Wobbuffet|84\/100|[from] Grassy Terrain\n|upkeep\n|\n|t:|1699728072\n|switch|p2a: Beedrill|Beedrill-Mega, F|100\/100\n|turn|15\n|\n|t:|1699728078\n|move|p2a: Beedrill|Knock Off|p1a: Wobbuffet\n|-damage|p1a: Wobbuffet|51\/100\n|-enditem|p1a: Wobbuffet|Custap Berry|[from] move: Knock Off|[of] p2a: Beedrill\n|move|p1a: Wobbuffet|Counter|p2a: Beedrill\n|-damage|p2a: Beedrill|0 fnt\n|faint|p2a: Beedrill\n|\n|win|bczyeslol\n|raw|bczyeslol's rating: 1277 &rarr; <strong>1304<\/strong><br \/>(+27 for winning)\n|raw|yueyibu's rating: 1302 &rarr; <strong>1281<\/strong><br \/>(-21 for losing)\n|l|\u2606yueyibu\n","uploadtime":1699728093,"views":10,"p1id":"bczyeslol","p2id":"yueyibu","formatid":"gen9nationaldex","rating":1281,"private":0,"password":""}