{"id":"gen9nationaldex-1992356354","p1":"mtyqjltz5","p2":"221savage","format":"[Gen 9] National Dex","log":"|j|\u2606mtyqjltz5\n|j|\u2606221savage\n|t:|1700178184\n|gametype|singles\n|player|p1|mtyqjltz5|elesa|1404\n|player|p2|221savage|170|1330\n|teamsize|p1|6\n|teamsize|p2|6\n|gen|9\n|tier|[Gen 9] National Dex\n|rated|\n|rule|HP Percentage Mod: HP is shown in percentages\n|rule|Endless Battle Clause: Forcing endless battles is banned\n|rule|OHKO Clause: OHKO moves are banned\n|rule|Evasion Clause: Evasion abilities, items, and moves are banned\n|rule|Evasion Abilities Clause: Evasion abilities are banned\n|rule|Evasion Items Clause: Evasion items are banned\n|rule|Evasion Moves Clause: Evasion moves are banned\n|rule|Species Clause: Limit one of each Pok\u00e9mon\n|rule|Sleep Clause Mod: Limit one foe put to sleep\n|clearpoke\n|poke|p1|Pidgeot, M|\n|poke|p1|Heatran, M|\n|poke|p1|Tapu Bulu|\n|poke|p1|Slowking-Galar, M|\n|poke|p1|Xurkitree|\n|poke|p1|Great Tusk|\n|poke|p2|Blastoise, F|\n|poke|p2|Banette, M|\n|poke|p2|Machamp, F|\n|poke|p2|Darmanitan, F|\n|poke|p2|Tsareena, F|\n|poke|p2|Toxtricity, M|\n|teampreview\n|inactive|Battle timer is ON: inactive players will automatically lose when time's up. (requested by mtyqjltz5)\n|\n|t:|1700178197\n|start\n|switch|p1a: Pidgeot|Pidgeot, M, shiny|100\/100\n|switch|p2a: Blastoise|Blastoise, F|100\/100\n|turn|1\n|\n|t:|1700178210\n|detailschange|p1a: Pidgeot|Pidgeot-Mega, M, shiny\n|-mega|p1a: Pidgeot|Pidgeot|Pidgeotite\n|move|p1a: Pidgeot|U-turn|p2a: Blastoise\n|-damage|p2a: Blastoise|87\/100\n|\n|t:|1700178214\n|switch|p1a: Heatran|Heatran, M|100\/100|[from] U-turn\n|move|p2a: Blastoise|Shell Smash|p2a: Blastoise\n|-unboost|p2a: Blastoise|def|1\n|-unboost|p2a: Blastoise|spd|1\n|-boost|p2a: Blastoise|atk|2\n|-boost|p2a: Blastoise|spa|2\n|-boost|p2a: Blastoise|spe|2\n|\n|upkeep\n|turn|2\n|\n|t:|1700178224\n|-terastallize|p1a: Heatran|Grass\n|-zpower|p2a: Blastoise\n|move|p2a: Blastoise|Hydro Vortex|p1a: Heatran|[zeffect]\n|-resisted|p1a: Heatran\n|-damage|p1a: Heatran|48\/100\n|move|p1a: Heatran|Earth Power|p2a: Blastoise\n|-damage|p2a: Blastoise|47\/100\n|\n|-heal|p1a: Heatran|54\/100|[from] item: Leftovers\n|upkeep\n|turn|3\n|\n|t:|1700178242\n|switch|p1a: Slowking|Slowking-Galar, M, shiny|100\/100\n|move|p2a: Blastoise|Ice Beam|p1a: Slowking\n|-damage|p1a: Slowking|72\/100\n|\n|upkeep\n|turn|4\n|\n|t:|1700178251\n|move|p2a: Blastoise|Ice Beam|p1a: Slowking\n|-damage|p1a: Slowking|39\/100\n|move|p1a: Slowking|Thunder Wave|p2a: Blastoise\n|-status|p2a: Blastoise|par\n|\n|upkeep\n|turn|5\n|\n|t:|1700178265\n|switch|p1a: Heatran|Heatran, M, tera:Grass|54\/100\n|move|p2a: Blastoise|Ice Beam|p1a: Heatran\n|-supereffective|p1a: Heatran\n|-damage|p1a: Heatran|0 fnt\n|faint|p1a: Heatran\n|\n|upkeep\n|\n|t:|1700178270\n|switch|p1a: Slowking|Slowking-Galar, M, shiny|72\/100\n|turn|6\n|\n|t:|1700178276\n|move|p2a: Blastoise|Hydro Cannon|p1a: Slowking|[miss]\n|-miss|p2a: Blastoise|p1a: Slowking\n|move|p1a: Slowking|Sludge Bomb|p2a: Blastoise\n|-damage|p2a: Blastoise|0 fnt\n|faint|p2a: Blastoise\n|\n|upkeep\n|\n|t:|1700178283\n|switch|p2a: Darmanitan|Darmanitan, F|100\/100\n|turn|7\n|\n|t:|1700178300\n|switch|p1a: Great Tusk|Great Tusk|100\/100\n|-terastallize|p2a: Darmanitan|Fire\n|move|p2a: Darmanitan|Flare Blitz|p1a: Great Tusk\n|-damage|p1a: Great Tusk|5\/100\n|-damage|p2a: Darmanitan|67\/100|[from] Recoil\n|\n|upkeep\n|turn|8\n|\n|t:|1700178312\n|move|p1a: Great Tusk|Headlong Rush|p2a: Darmanitan\n|-supereffective|p2a: Darmanitan\n|-damage|p2a: Darmanitan|0 fnt\n|-unboost|p1a: Great Tusk|def|1\n|-unboost|p1a: Great Tusk|spd|1\n|faint|p2a: Darmanitan\n|\n|upkeep\n|\n|t:|1700178325\n|switch|p2a: Machamp|Machamp, F|100\/100\n|turn|9\n|\n|t:|1700178329\n|-end|p1a: Great Tusk|Protosynthesis|[silent]\n|switch|p1a: Tapu Bulu|Tapu Bulu|100\/100\n|-fieldstart|move: Grassy Terrain|[from] ability: Grassy Surge|[of] p1a: Tapu Bulu\n|move|p2a: Machamp|Bullet Punch|p1a: Tapu Bulu\n|-supereffective|p1a: Tapu Bulu\n|-damage|p1a: Tapu Bulu|71\/100\n|-damage|p2a: Machamp|91\/100|[from] item: Life Orb\n|\n|-heal|p1a: Tapu Bulu|77\/100|[from] Grassy Terrain\n|-heal|p1a: Tapu Bulu|83\/100|[from] item: Leftovers\n|-heal|p2a: Machamp|97\/100|[from] Grassy Terrain\n|upkeep\n|turn|10\n|\n|t:|1700178341\n|move|p1a: Tapu Bulu|Horn Leech|p2a: Machamp\n|-damage|p2a: Machamp|52\/100\n|-heal|p1a: Tapu Bulu|100\/100|[from] drain|[of] p2a: Machamp\n|move|p2a: Machamp|Dynamic Punch|p1a: Tapu Bulu\n|-resisted|p1a: Tapu Bulu\n|-damage|p1a: Tapu Bulu|72\/100\n|-start|p1a: Tapu Bulu|confusion\n|-damage|p2a: Machamp|42\/100|[from] item: Life Orb\n|\n|-heal|p1a: Tapu Bulu|78\/100|[from] Grassy Terrain\n|-heal|p1a: Tapu Bulu|84\/100|[from] item: Leftovers\n|-heal|p2a: Machamp|48\/100|[from] Grassy Terrain\n|upkeep\n|turn|11\n|\n|t:|1700178349\n|switch|p2a: Toxtricity|Toxtricity, M|100\/100\n|-activate|p1a: Tapu Bulu|confusion\n|move|p1a: Tapu Bulu|Horn Leech|p2a: Toxtricity\n|-resisted|p2a: Toxtricity\n|-damage|p2a: Toxtricity|70\/100\n|-heal|p1a: Tapu Bulu|97\/100|[from] drain|[of] p2a: Toxtricity\n|\n|-heal|p2a: Toxtricity|76\/100|[from] Grassy Terrain\n|-heal|p1a: Tapu Bulu|100\/100|[from] Grassy Terrain\n|upkeep\n|turn|12\n|\n|t:|1700178358\n|switch|p1a: Slowking|Slowking-Galar, M, shiny|100\/100\n|move|p2a: Toxtricity|Sludge Wave|p1a: Slowking\n|-resisted|p1a: Slowking\n|-damage|p1a: Slowking|86\/100\n|\n|-heal|p2a: Toxtricity|82\/100|[from] Grassy Terrain\n|-heal|p1a: Slowking|92\/100|[from] Grassy Terrain\n|upkeep\n|turn|13\n|\n|t:|1700178367\n|switch|p2a: Banette|Banette, M|100\/100\n|move|p1a: Slowking|Future Sight|p2a: Banette\n|-start|p1a: Slowking|move: Future Sight\n|\n|-heal|p1a: Slowking|98\/100|[from] Grassy Terrain\n|-fieldend|move: Grassy Terrain\n|upkeep\n|turn|14\n|\n|t:|1700178378\n|switch|p1a: Pidgeot|Pidgeot-Mega, M, shiny|100\/100\n|detailschange|p2a: Banette|Banette-Mega, M\n|-mega|p2a: Banette|Banette|Banettite\n|move|p2a: Banette|Knock Off|p1a: Pidgeot\n|-damage|p1a: Pidgeot|62\/100\n|\n|upkeep\n|turn|15\n|inactive|221savage has 120 seconds left.\n|\n|t:|1700178413\n|switch|p2a: Machamp|Machamp, F|48\/100\n|move|p1a: Pidgeot|Hurricane|p2a: Machamp\n|-supereffective|p2a: Machamp\n|-crit|p2a: Machamp\n|-damage|p2a: Machamp|0 fnt\n|faint|p2a: Machamp\n|\n|-hint|Future Sight did not hit because the target is fainted.\n|upkeep\n|inactive|221savage has 120 seconds left.\n|\n|t:|1700178418\n|switch|p2a: Toxtricity|Toxtricity, M|82\/100\n|turn|16\n|\n|t:|1700178422\n|switch|p1a: Slowking|Slowking-Galar, M, shiny|100\/100\n|move|p2a: Toxtricity|Boomburst|p1a: Slowking\n|-damage|p1a: Slowking|65\/100\n|\n|upkeep\n|turn|17\n|\n|t:|1700178428\n|move|p2a: Toxtricity|Boomburst|p1a: Slowking\n|-damage|p1a: Slowking|27\/100\n|move|p1a: Slowking|Future Sight|p2a: Toxtricity\n|-start|p1a: Slowking|move: Future Sight\n|\n|upkeep\n|turn|18\n|\n|t:|1700178458\n|switch|p1a: Xurkitree|Xurkitree, shiny|100\/100\n|move|p2a: Toxtricity|Boomburst|p1a: Xurkitree\n|-damage|p1a: Xurkitree|14\/100\n|\n|upkeep\n|turn|19\n|\n|t:|1700178464\n|move|p2a: Toxtricity|Boomburst|p1a: Xurkitree\n|-damage|p1a: Xurkitree|0 fnt\n|faint|p1a: Xurkitree\n|\n|-end|p2a: Toxtricity|move: Future Sight\n|-supereffective|p2a: Toxtricity\n|-damage|p2a: Toxtricity|0 fnt\n|faint|p2a: Toxtricity\n|upkeep\n|\n|t:|1700178474\n|switch|p1a: Pidgeot|Pidgeot-Mega, M, shiny|62\/100\n|switch|p2a: Tsareena|Tsareena, F|100\/100\n|turn|20\n|\n|t:|1700178479\n|move|p1a: Pidgeot|Hurricane|p2a: Tsareena\n|-supereffective|p2a: Tsareena\n|-crit|p2a: Tsareena\n|-damage|p2a: Tsareena|0 fnt\n|faint|p2a: Tsareena\n|\n|upkeep\n|\n|t:|1700178482\n|switch|p2a: Banette|Banette-Mega, M|100\/100\n|turn|21\n|-message|221savage forfeited.\n|\n|win|mtyqjltz5\n|raw|mtyqjltz5's rating: 1404 &rarr; <strong>1420<\/strong><br \/>(+16 for winning)\n|raw|221savage's rating: 1330 &rarr; <strong>1314<\/strong><br \/>(-16 for losing)\n|l|\u2606221savage\n","uploadtime":1700178493,"views":4,"p1id":"mtyqjltz5","p2id":"221savage","formatid":"gen9nationaldex","rating":1314,"private":0,"password":""}