{"id":"gen9nationaldex-2000447326","p1":"Matt0919","p2":"Huryuijujilu","format":"[Gen 9] National Dex","log":"|html|<div class=\"broadcast-blue\"><strong>[Gen 9] National Dex is currently suspecting Sneasler! For information on how to participate check out the <a href=\"https:\/\/www.smogon.com\/forums\/threads\/sv-national-dex-suspect-8-just-dance.3731534\/\">suspect thread<\/a>.<\/strong><\/div>\n|j|\u2606Matt0919\n|j|\u2606Huryuijujilu\n|t:|1701195601\n|gametype|singles\n|player|p1|Matt0919|wallace|1209\n|player|p2|Huryuijujilu|clown|1197\n|teamsize|p1|6\n|teamsize|p2|6\n|gen|9\n|tier|[Gen 9] National Dex\n|rated|\n|rule|HP Percentage Mod: HP is shown in percentages\n|rule|Endless Battle Clause: Forcing endless battles is banned\n|rule|OHKO Clause: OHKO moves are banned\n|rule|Evasion Clause: Evasion abilities, items, and moves are banned\n|rule|Evasion Abilities Clause: Evasion abilities are banned\n|rule|Evasion Items Clause: Evasion items are banned\n|rule|Evasion Moves Clause: Evasion moves are banned\n|rule|Species Clause: Limit one of each Pok\u00e9mon\n|rule|Sleep Clause Mod: Limit one foe put to sleep\n|clearpoke\n|poke|p1|Azumarill, M|\n|poke|p1|Swampert, M|\n|poke|p1|Basculegion, M|\n|poke|p1|Zapdos|\n|poke|p1|Corviknight, M|\n|poke|p1|Pelipper, M|\n|poke|p2|Paras, F|\n|poke|p2|Gengar, F|\n|poke|p2|Chandelure, M|\n|poke|p2|Galvantula, F|\n|poke|p2|Moltres|\n|poke|p2|Muk-Alola, F|\n|teampreview\n|\n|t:|1701195612\n|start\n|switch|p1a: Pelipper|Pelipper, M|100\/100\n|switch|p2a: Galvantula|Galvantula, F|100\/100\n|-weather|RainDance|[from] ability: Drizzle|[of] p1a: Pelipper\n|turn|1\n|\n|t:|1701195621\n|switch|p1a: Swampert|Swampert, M|100\/100\n|move|p2a: Galvantula|Thunder|p1a: Swampert\n|-immune|p1a: Swampert\n|\n|-weather|RainDance|[upkeep]\n|upkeep\n|turn|2\n|\n|t:|1701195631\n|detailschange|p1a: Swampert|Swampert-Mega, M\n|-mega|p1a: Swampert|Swampert|Swampertite\n|move|p1a: Swampert|Earthquake|p2a: Galvantula\n|-crit|p2a: Galvantula\n|-enditem|p2a: Galvantula|Focus Sash\n|-damage|p2a: Galvantula|1\/100\n|move|p2a: Galvantula|Energy Ball|p1a: Swampert\n|-supereffective|p1a: Swampert\n|-damage|p1a: Swampert|23\/100\n|\n|-weather|RainDance|[upkeep]\n|upkeep\n|turn|3\n|\n|t:|1701195643\n|switch|p2a: Paras|Paras, F|100\/100\n|move|p1a: Swampert|Waterfall|p2a: Paras\n|-resisted|p2a: Paras\n|-damage|p2a: Paras|62\/100\n|\n|-weather|RainDance|[upkeep]\n|upkeep\n|turn|4\n|\n|t:|1701195656\n|switch|p1a: Corviknight|Corviknight, M|100\/100\n|move|p2a: Paras|Spore|p1a: Corviknight\n|-status|p1a: Corviknight|slp|[from] move: Spore\n|\n|-weather|RainDance|[upkeep]\n|upkeep\n|turn|5\n|\n|t:|1701195663\n|switch|p1a: Azumarill|Azumarill, M|100\/100\n|move|p2a: Paras|Knock Off|p1a: Azumarill\n|-resisted|p1a: Azumarill\n|-crit|p1a: Azumarill\n|-damage|p1a: Azumarill|86\/100\n|-enditem|p1a: Azumarill|Sitrus Berry|[from] move: Knock Off|[of] p2a: Paras\n|\n|-weather|RainDance|[upkeep]\n|upkeep\n|turn|6\n|c|\u2606Matt0919|Why is it unevolved?\n|\n|t:|1701195685\n|switch|p2a: Moltres|Moltres|100\/100\n|-terastallize|p1a: Azumarill|Steel\n|move|p1a: Azumarill|Belly Drum|p1a: Azumarill\n|-damage|p1a: Azumarill|37\/100\n|-setboost|p1a: Azumarill|atk|6|[from] move: Belly Drum\n|\n|-weather|RainDance|[upkeep]\n|upkeep\n|turn|7\n|\n|t:|1701195703\n|-terastallize|p2a: Moltres|Grass\n|move|p1a: Azumarill|Aqua Jet|p2a: Moltres\n|-resisted|p2a: Moltres\n|-damage|p2a: Moltres|37\/100\n|move|p2a: Moltres|Will-O-Wisp|p1a: Azumarill\n|-status|p1a: Azumarill|brn\n|\n|-weather|RainDance|[upkeep]\n|-damage|p1a: Azumarill|30\/100 brn|[from] brn\n|upkeep\n|turn|8\n|\n|t:|1701195714\n|move|p1a: Azumarill|Aqua Jet|p2a: Moltres\n|-resisted|p2a: Moltres\n|-damage|p2a: Moltres|4\/100\n|move|p2a: Moltres|Roost|p2a: Moltres\n|-heal|p2a: Moltres|54\/100\n|\n|-weather|none\n|-damage|p1a: Azumarill|24\/100 brn|[from] brn\n|upkeep\n|turn|9\n|\n|t:|1701195723\n|switch|p1a: Pelipper|Pelipper, M|100\/100\n|-weather|RainDance|[from] ability: Drizzle|[of] p1a: Pelipper\n|move|p2a: Moltres|Roost|p2a: Moltres\n|-heal|p2a: Moltres|100\/100\n|\n|-weather|RainDance|[upkeep]\n|upkeep\n|turn|10\n|\n|t:|1701195733\n|switch|p2a: Muk|Muk-Alola, F|100\/100\n|switch|p1a: Basculegion|Basculegion, M|100\/100\n|\n|-weather|RainDance|[upkeep]\n|upkeep\n|turn|11\n|\n|t:|1701195756\n|switch|p2a: Paras|Paras, F|62\/100\n|move|p1a: Basculegion|Wave Crash|p2a: Paras\n|-resisted|p2a: Paras\n|-damage|p2a: Paras|13\/100\n|-damage|p1a: Basculegion|91\/100|[from] Recoil\n|\n|-weather|RainDance|[upkeep]\n|upkeep\n|turn|12\n|\n|t:|1701195767\n|move|p1a: Basculegion|Crunch|p2a: Paras\n|-damage|p2a: Paras|0 fnt\n|faint|p2a: Paras\n|\n|-weather|RainDance|[upkeep]\n|upkeep\n|\n|t:|1701195774\n|switch|p2a: Moltres|Moltres, tera:Grass|100\/100\n|turn|13\n|\n|t:|1701195782\n|switch|p1a: Corviknight|Corviknight, M|100\/100 slp\n|move|p2a: Moltres|Will-O-Wisp||[still]\n|-fail|p2a: Moltres\n|\n|-weather|RainDance|[upkeep]\n|upkeep\n|turn|14\n|\n|t:|1701195798\n|switch|p2a: Chandelure|Chandelure, M|100\/100\n|switch|p1a: Zapdos|Zapdos|100\/100\n|\n|-weather|RainDance|[upkeep]\n|upkeep\n|turn|15\n|\n|t:|1701195812\n|switch|p2a: Muk|Muk-Alola, F|100\/100\n|move|p1a: Zapdos|Thunder|p2a: Muk\n|-damage|p2a: Muk|51\/100\n|\n|-weather|RainDance|[upkeep]\n|-heal|p2a: Muk|57\/100|[from] item: Black Sludge\n|upkeep\n|turn|16\n|\n|t:|1701195822\n|move|p1a: Zapdos|Thunder|p2a: Muk\n|-damage|p2a: Muk|14\/100\n|-status|p2a: Muk|par\n|move|p2a: Muk|Pain Split|p1a: Zapdos\n|-sethp|p1a: Zapdos|58\/100|[from] move: Pain Split|[silent]\n|-sethp|p2a: Muk|53\/100 par|[from] move: Pain Split\n|\n|-weather|none\n|-heal|p2a: Muk|59\/100 par|[from] item: Black Sludge\n|upkeep\n|turn|17\n|\n|t:|1701195833\n|switch|p1a: Pelipper|Pelipper, M|100\/100\n|-weather|RainDance|[from] ability: Drizzle|[of] p1a: Pelipper\n|move|p2a: Muk|Knock Off|p1a: Pelipper\n|-crit|p1a: Pelipper\n|-damage|p1a: Pelipper|38\/100\n|-enditem|p1a: Pelipper|Damp Rock|[from] move: Knock Off|[of] p2a: Muk\n|\n|-weather|RainDance|[upkeep]\n|-heal|p2a: Muk|65\/100 par|[from] item: Black Sludge\n|upkeep\n|turn|18\n|\n|t:|1701195844\n|switch|p1a: Swampert|Swampert-Mega, M|23\/100\n|move|p2a: Muk|Poison Jab|p1a: Swampert\n|-resisted|p1a: Swampert\n|-damage|p1a: Swampert|8\/100\n|-status|p1a: Swampert|psn\n|\n|-weather|RainDance|[upkeep]\n|-heal|p2a: Muk|71\/100 par|[from] item: Black Sludge\n|-damage|p1a: Swampert|0 fnt|[from] psn\n|faint|p1a: Swampert\n|upkeep\n|\n|t:|1701195857\n|switch|p1a: Corviknight|Corviknight, M|100\/100 slp\n|turn|19\n|\n|t:|1701195862\n|cant|p1a: Corviknight|slp\n|move|p2a: Muk|Knock Off|p1a: Corviknight\n|-damage|p1a: Corviknight|66\/100 slp\n|-enditem|p1a: Corviknight|Leftovers|[from] move: Knock Off|[of] p2a: Muk\n|\n|-weather|RainDance|[upkeep]\n|-heal|p2a: Muk|77\/100 par|[from] item: Black Sludge\n|upkeep\n|turn|20\n|\n|t:|1701195879\n|switch|p2a: Chandelure|Chandelure, M|100\/100\n|cant|p1a: Corviknight|slp\n|\n|-weather|RainDance|[upkeep]\n|upkeep\n|turn|21\n|\n|t:|1701195887\n|switch|p1a: Azumarill|Azumarill, M, tera:Steel|24\/100 brn\n|move|p2a: Chandelure|Hex|p1a: Azumarill\n|-damage|p1a: Azumarill|0 fnt\n|faint|p1a: Azumarill\n|\n|-weather|RainDance|[upkeep]\n|upkeep\n|\n|t:|1701195894\n|switch|p1a: Basculegion|Basculegion, M|91\/100\n|turn|22\n|\n|t:|1701195911\n|switch|p2a: Moltres|Moltres, tera:Grass|100\/100\n|move|p1a: Basculegion|Crunch|p2a: Moltres\n|-damage|p2a: Moltres|77\/100\n|\n|-weather|RainDance|[upkeep]\n|upkeep\n|turn|23\n|\n|t:|1701195920\n|switch|p1a: Corviknight|Corviknight, M|66\/100 slp\n|move|p2a: Moltres|Ancient Power|p1a: Corviknight\n|-damage|p1a: Corviknight|47\/100 slp\n|\n|-weather|RainDance|[upkeep]\n|upkeep\n|turn|24\n|\n|t:|1701195932\n|move|p2a: Moltres|Ancient Power|p1a: Corviknight\n|-damage|p1a: Corviknight|30\/100 slp\n|-curestatus|p1a: Corviknight|slp|[msg]\n|move|p1a: Corviknight|Brave Bird|p2a: Moltres\n|-supereffective|p2a: Moltres\n|-damage|p2a: Moltres|12\/100\n|-damage|p1a: Corviknight|11\/100|[from] Recoil\n|\n|-weather|none\n|upkeep\n|turn|25\n|\n|t:|1701195942\n|move|p2a: Moltres|Ancient Power|p1a: Corviknight\n|-damage|p1a: Corviknight|0 fnt\n|faint|p1a: Corviknight\n|\n|upkeep\n|\n|t:|1701195946\n|switch|p1a: Pelipper|Pelipper, M|38\/100\n|-weather|RainDance|[from] ability: Drizzle|[of] p1a: Pelipper\n|turn|26\n|\n|t:|1701195957\n|move|p2a: Moltres|Ancient Power|p1a: Pelipper\n|-supereffective|p1a: Pelipper\n|-damage|p1a: Pelipper|0 fnt\n|faint|p1a: Pelipper\n|\n|-weather|RainDance|[upkeep]\n|upkeep\n|\n|t:|1701195963\n|switch|p1a: Basculegion|Basculegion, M|91\/100\n|turn|27\n|\n|t:|1701195967\n|move|p1a: Basculegion|Crunch|p2a: Moltres\n|-damage|p2a: Moltres|0 fnt\n|faint|p2a: Moltres\n|\n|-weather|RainDance|[upkeep]\n|upkeep\n|\n|t:|1701195981\n|switch|p2a: Gengar|Gengar, F|100\/100\n|turn|28\n|\n|t:|1701195994\n|move|p2a: Gengar|Hex|p1a: Basculegion\n|-supereffective|p1a: Basculegion\n|-damage|p1a: Basculegion|40\/100\n|move|p1a: Basculegion|Crunch|p2a: Gengar\n|-supereffective|p2a: Gengar\n|-damage|p2a: Gengar|3\/100\n|\n|-weather|RainDance|[upkeep]\n|upkeep\n|turn|29\n|\n|t:|1701196005\n|move|p2a: Gengar|Hex|p1a: Basculegion\n|-supereffective|p1a: Basculegion\n|-damage|p1a: Basculegion|0 fnt\n|faint|p1a: Basculegion\n|\n|-weather|RainDance|[upkeep]\n|upkeep\n|c|\u2606Matt0919|GG\n|\n|t:|1701196012\n|switch|p1a: Zapdos|Zapdos|58\/100\n|turn|30\n|\n|t:|1701196019\n|move|p2a: Gengar|Hex|p1a: Zapdos\n|-damage|p1a: Zapdos|18\/100\n|move|p1a: Zapdos|Thunder|p2a: Gengar\n|-damage|p2a: Gengar|0 fnt\n|faint|p2a: Gengar\n|\n|-weather|none\n|upkeep\n|\n|t:|1701196028\n|switch|p2a: Galvantula|Galvantula, F|1\/100\n|turn|31\n|c|\u2606Matt0919|Oh? Maybe not?\n|\n|t:|1701196041\n|move|p2a: Galvantula|Thunder|p1a: Zapdos\n|-damage|p1a: Zapdos|0 fnt\n|faint|p1a: Zapdos\n|\n|win|Huryuijujilu\n|raw|Matt0919's rating: 1209 &rarr; <strong>1183<\/strong><br \/>(-26 for losing)\n|raw|Huryuijujilu's rating: 1197 &rarr; <strong>1223<\/strong><br \/>(+26 for winning)\n|c|\u2606Matt0919|GG\n|l|\u2606Matt0919\n","uploadtime":1701196658,"views":0,"p1id":"matt0919","p2id":"huryuijujilu","formatid":"gen9nationaldex","rating":1183,"private":0,"password":""}