{"id":"gen9nationaldex-1992635094","p1":"wwaaa","p2":"lxycj","format":"[Gen 9] National Dex","log":"|j|\u2606wwaaa\n|j|\u2606lxycj\n|t:|1700218192\n|gametype|singles\n|player|p1|wwaaa|lillie-masters|1664\n|player|p2|lxycj|dawn-gen4pt|1726\n|teamsize|p1|6\n|teamsize|p2|6\n|gen|9\n|tier|[Gen 9] National Dex\n|rated|\n|rule|HP Percentage Mod: HP is shown in percentages\n|rule|Endless Battle Clause: Forcing endless battles is banned\n|rule|OHKO Clause: OHKO moves are banned\n|rule|Evasion Clause: Evasion abilities, items, and moves are banned\n|rule|Evasion Abilities Clause: Evasion abilities are banned\n|rule|Evasion Items Clause: Evasion items are banned\n|rule|Evasion Moves Clause: Evasion moves are banned\n|rule|Species Clause: Limit one of each Pok\u00e9mon\n|rule|Sleep Clause Mod: Limit one foe put to sleep\n|clearpoke\n|poke|p1|Weavile, M|\n|poke|p1|Zamazenta-*|\n|poke|p1|Banette, F|\n|poke|p1|Dragonite, F|\n|poke|p1|Slowking-Galar, F|\n|poke|p1|Ferrothorn, F|\n|poke|p2|Hoopa-Unbound|\n|poke|p2|Diancie|\n|poke|p2|Zapdos|\n|poke|p2|Goodra-Hisui, F|\n|poke|p2|Great Tusk|\n|poke|p2|Slowbro, F|\n|teampreview\n|inactive|Battle timer is ON: inactive players will automatically lose when time's up. (requested by lxycj)\n|\n|t:|1700218206\n|start\n|switch|p1a: Banette|Banette, F|100\/100\n|switch|p2a: Great Tusk|Great Tusk|100\/100\n|-item|p2a: Great Tusk|Leftovers|[from] ability: Frisk|[of] p1a: Banette|[identify]\n|turn|1\n|\n|t:|1700218212\n|detailschange|p1a: Banette|Banette-Mega, F\n|-mega|p1a: Banette|Banette|Banettite\n|move|p2a: Great Tusk|Headlong Rush|p1a: Banette\n|-damage|p1a: Banette|3\/100\n|-unboost|p2a: Great Tusk|def|1\n|-unboost|p2a: Great Tusk|spd|1\n|move|p1a: Banette|Poltergeist|p2a: Great Tusk\n|-activate|p2a: Great Tusk|move: Poltergeist|Leftovers\n|-damage|p2a: Great Tusk|30\/100\n|\n|-heal|p2a: Great Tusk|36\/100|[from] item: Leftovers\n|upkeep\n|turn|2\n|\n|t:|1700218222\n|switch|p1a: Dragonite|Dragonite, F|100\/100\n|move|p2a: Great Tusk|Stealth Rock|p1a: Dragonite\n|-sidestart|p1: wwaaa|move: Stealth Rock\n|\n|-heal|p2a: Great Tusk|42\/100|[from] item: Leftovers\n|upkeep\n|turn|3\n|\n|t:|1700218228\n|move|p1a: Dragonite|Extreme Speed|p2a: Great Tusk\n|-damage|p2a: Great Tusk|8\/100\n|move|p2a: Great Tusk|Head Smash|p1a: Dragonite\n|-supereffective|p1a: Dragonite\n|-damage|p1a: Dragonite|37\/100\n|-damage|p2a: Great Tusk|0 fnt|[from] Recoil\n|faint|p2a: Great Tusk\n|-end|p2a: Great Tusk|Protosynthesis|[silent]\n|\n|upkeep\n|\n|t:|1700218239\n|switch|p2a: Diancie|Diancie|100\/100\n|turn|4\n|\n|t:|1700218244\n|switch|p1a: Ferrothorn|Ferrothorn, F|100\/100\n|-damage|p1a: Ferrothorn|94\/100|[from] Stealth Rock\n|move|p2a: Diancie|Spikes|p1a: Ferrothorn\n|-sidestart|p1: wwaaa|Spikes\n|\n|-heal|p1a: Ferrothorn|100\/100|[from] item: Leftovers\n|upkeep\n|turn|5\n|\n|t:|1700218249\n|switch|p2a: Zapdos|Zapdos|100\/100\n|move|p1a: Ferrothorn|Gyro Ball|p2a: Zapdos\n|-resisted|p2a: Zapdos\n|-damage|p2a: Zapdos|85\/100\n|\n|upkeep\n|turn|6\n|\n|t:|1700218253\n|switch|p1a: Slowking|Slowking-Galar, F|100\/100\n|move|p2a: Zapdos|Heat Wave|p1a: Slowking\n|-damage|p1a: Slowking|86\/100\n|\n|upkeep\n|turn|7\n|\n|t:|1700218257\n|move|p2a: Zapdos|Volt Switch|p1a: Slowking\n|-damage|p1a: Slowking|69\/100\n|\n|t:|1700218262\n|switch|p2a: Diancie|Diancie|100\/100|[from] Volt Switch\n|move|p1a: Slowking|Toxic Spikes|p2a: Diancie\n|-sidestart|p2: lxycj|move: Toxic Spikes\n|\n|upkeep\n|turn|8\n|\n|t:|1700218267\n|move|p2a: Diancie|Spikes|p1a: Slowking\n|-sidestart|p1: wwaaa|Spikes\n|move|p1a: Slowking|Sludge Bomb|p2a: Diancie\n|-damage|p2a: Diancie|73\/100\n|-status|p2a: Diancie|psn\n|\n|-damage|p2a: Diancie|60\/100 psn|[from] psn\n|upkeep\n|turn|9\n|\n|t:|1700218276\n|move|p2a: Diancie|Spikes|p1a: Slowking\n|-sidestart|p1: wwaaa|Spikes\n|move|p1a: Slowking|Future Sight|p2a: Diancie\n|-start|p1a: Slowking|move: Future Sight\n|\n|-damage|p2a: Diancie|48\/100 psn|[from] psn\n|upkeep\n|turn|10\n|\n|t:|1700218281\n|switch|p2a: Slowbro|Slowbro, F|100\/100\n|-status|p2a: Slowbro|psn\n|move|p1a: Slowking|Chilly Reception|p1a: Slowking\n|-weather|Snow\n|\n|t:|1700218290\n|switch|p1a: Weavile|Weavile, M|100\/100|[from] Chilly Reception\n|-damage|p1a: Weavile|76\/100|[from] Stealth Rock\n|-damage|p1a: Weavile|51\/100|[from] Spikes\n|-ability|p1a: Weavile|Pressure\n|\n|-weather|Snow|[upkeep]\n|-damage|p2a: Slowbro|88\/100 psn|[from] psn\n|upkeep\n|turn|11\n|\n|t:|1700218298\n|-terastallize|p2a: Slowbro|Fairy\n|move|p1a: Weavile|Knock Off|p2a: Slowbro\n|-resisted|p2a: Slowbro\n|-damage|p2a: Slowbro|68\/100 psn\n|-damage|p1a: Weavile|34\/100|[from] item: Rocky Helmet|[of] p2a: Slowbro\n|-enditem|p2a: Slowbro|Rocky Helmet|[from] move: Knock Off|[of] p1a: Weavile\n|move|p2a: Slowbro|Scald|p1a: Weavile\n|-damage|p1a: Weavile|0 fnt\n|faint|p1a: Weavile\n|\n|-weather|Snow|[upkeep]\n|-end|p2a: Slowbro|move: Future Sight\n|-damage|p2a: Slowbro|26\/100 psn\n|-damage|p2a: Slowbro|13\/100 psn|[from] psn\n|upkeep\n|\n|t:|1700218309\n|switch|p1a: Slowking|Slowking-Galar, F|100\/100\n|turn|12\n|\n|t:|1700218317\n|switch|p2a: Zapdos|Zapdos|85\/100\n|move|p1a: Slowking|Toxic Spikes|p2a: Zapdos\n|-sidestart|p2: lxycj|move: Toxic Spikes\n|\n|-weather|Snow|[upkeep]\n|upkeep\n|turn|13\n|\n|t:|1700218322\n|move|p2a: Zapdos|Volt Switch|p1a: Slowking\n|-damage|p1a: Slowking|83\/100\n|\n|t:|1700218325\n|switch|p2a: Goodra|Goodra-Hisui, F|100\/100|[from] Volt Switch\n|move|p1a: Slowking|Future Sight|p2a: Goodra\n|-start|p1a: Slowking|move: Future Sight\n|\n|-weather|Snow|[upkeep]\n|upkeep\n|turn|14\n|\n|t:|1700218332\n|switch|p2a: Slowbro|Slowbro, F, tera:Fairy|47\/100 psn\n|move|p1a: Slowking|Chilly Reception|p1a: Slowking\n|\n|t:|1700218339\n|switch|p1a: Ferrothorn|Ferrothorn, F|100\/100|[from] Chilly Reception\n|-damage|p1a: Ferrothorn|94\/100|[from] Stealth Rock\n|-damage|p1a: Ferrothorn|69\/100|[from] Spikes\n|\n|-weather|none\n|-heal|p1a: Ferrothorn|75\/100|[from] item: Leftovers\n|-damage|p2a: Slowbro|34\/100 psn|[from] psn\n|upkeep\n|turn|15\n|\n|t:|1700218341\n|switch|p2a: Zapdos|Zapdos|85\/100\n|move|p1a: Ferrothorn|Stealth Rock|p2a: Zapdos\n|-sidestart|p2: lxycj|move: Stealth Rock\n|\n|-end|p2a: Zapdos|move: Future Sight\n|-damage|p2a: Zapdos|43\/100\n|-heal|p1a: Ferrothorn|82\/100|[from] item: Leftovers\n|upkeep\n|turn|16\n|\n|t:|1700218348\n|switch|p1a: Slowking|Slowking-Galar, F|100\/100\n|move|p2a: Zapdos|Volt Switch|p1a: Slowking\n|-damage|p1a: Slowking|81\/100\n|\n|t:|1700218351\n|switch|p2a: \u6211\u6ef4\u4e00\u62f3\u8d85\u4eba|Hoopa-Unbound|100\/100|[from] Volt Switch\n|-status|p2a: \u6211\u6ef4\u4e00\u62f3\u8d85\u4eba|tox\n|-damage|p2a: \u6211\u6ef4\u4e00\u62f3\u8d85\u4eba|88\/100 tox|[from] Stealth Rock\n|\n|-damage|p2a: \u6211\u6ef4\u4e00\u62f3\u8d85\u4eba|82\/100 tox|[from] psn\n|upkeep\n|turn|17\n|\n|t:|1700218358\n|switch|p1a: Banette|Banette-Mega, F|3\/100\n|-damage|p1a: Banette|0 fnt|[from] Stealth Rock\n|faint|p1a: Banette\n|move|p2a: \u6211\u6ef4\u4e00\u62f3\u8d85\u4eba|Hyperspace Fury|p1: Banette|[notarget]\n|-fail|p2a: \u6211\u6ef4\u4e00\u62f3\u8d85\u4eba\n|\n|-damage|p2a: \u6211\u6ef4\u4e00\u62f3\u8d85\u4eba|69\/100 tox|[from] psn\n|upkeep\n|\n|t:|1700218369\n|switch|p1a: Zamazenta|Zamazenta|100\/100\n|-damage|p1a: Zamazenta|94\/100|[from] Stealth Rock\n|-damage|p1a: Zamazenta|69\/100|[from] Spikes\n|-ability|p1a: Zamazenta|Dauntless Shield|boost\n|-boost|p1a: Zamazenta|def|1\n|turn|18\n|\n|t:|1700218373\n|switch|p2a: Zapdos|Zapdos|43\/100\n|move|p1a: Zamazenta|Iron Defense|p1a: Zamazenta\n|-boost|p1a: Zamazenta|def|2\n|\n|upkeep\n|turn|19\n|\n|t:|1700218382\n|move|p1a: Zamazenta|Body Press|p2a: Zapdos\n|-resisted|p2a: Zapdos\n|-damage|p2a: Zapdos|15\/100\n|move|p2a: Zapdos|Heat Wave|p1a: Zamazenta\n|-damage|p1a: Zamazenta|49\/100\n|\n|upkeep\n|turn|20\n|\n|t:|1700218389\n|move|p1a: Zamazenta|Body Press|p2a: Zapdos\n|-resisted|p2a: Zapdos\n|-damage|p2a: Zapdos|0 fnt\n|faint|p2a: Zapdos\n|\n|upkeep\n|\n|t:|1700218392\n|switch|p2a: Slowbro|Slowbro, F, tera:Fairy|67\/100 psn\n|-damage|p2a: Slowbro|55\/100 psn|[from] Stealth Rock\n|turn|21\n|\n|t:|1700218398\n|move|p1a: Zamazenta|Heavy Slam|p2a: Slowbro\n|-supereffective|p2a: Slowbro\n|-damage|p2a: Slowbro|35\/100 psn\n|move|p2a: Slowbro|Trick Room|p2a: Slowbro\n|-fieldstart|move: Trick Room|[of] p2a: Slowbro\n|\n|-damage|p2a: Slowbro|22\/100 psn|[from] psn\n|upkeep\n|turn|22\n|\n|t:|1700218418\n|move|p2a: Slowbro|Slack Off|p2a: Slowbro\n|-heal|p2a: Slowbro|72\/100 psn\n|move|p1a: Zamazenta|Body Press|p2a: Slowbro\n|-resisted|p2a: Slowbro\n|-damage|p2a: Slowbro|49\/100 psn\n|\n|-damage|p2a: Slowbro|36\/100 psn|[from] psn\n|upkeep\n|turn|23\n|\n|t:|1700218426\n|move|p2a: Slowbro|Slack Off|p2a: Slowbro\n|-heal|p2a: Slowbro|87\/100 psn\n|move|p1a: Zamazenta|Iron Defense|p1a: Zamazenta\n|-boost|p1a: Zamazenta|def|2\n|\n|-damage|p2a: Slowbro|74\/100 psn|[from] psn\n|upkeep\n|turn|24\n|\n|t:|1700218430\n|move|p1a: Zamazenta|Iron Defense|p1a: Zamazenta\n|-boost|p1a: Zamazenta|def|1\n|move|p2a: Slowbro|Teleport|p2a: Slowbro\n|\n|t:|1700218432\n|switch|p2a: Diancie|Diancie|48\/100 psn|[from] Teleport\n|-damage|p2a: Diancie|35\/100 psn|[from] Stealth Rock\n|\n|-damage|p2a: Diancie|23\/100 psn|[from] psn\n|upkeep\n|turn|25\n|\n|t:|1700218440\n|detailschange|p2a: Diancie|Diancie-Mega\n|-mega|p2a: Diancie|Diancie|Diancite\n|-terastallize|p1a: Zamazenta|Steel\n|move|p2a: Diancie|Moonblast|p1a: Zamazenta\n|-resisted|p1a: Zamazenta\n|-damage|p1a: Zamazenta|30\/100\n|-unboost|p1a: Zamazenta|spa|1\n|move|p1a: Zamazenta|Body Press|p2a: Diancie\n|-damage|p2a: Diancie|0 fnt\n|faint|p2a: Diancie\n|\n|-fieldend|move: Trick Room\n|upkeep\n|\n|t:|1700218448\n|switch|p2a: Slowbro|Slowbro, F, tera:Fairy|100\/100 psn\n|-damage|p2a: Slowbro|88\/100 psn|[from] Stealth Rock\n|turn|26\n|\n|t:|1700218455\n|move|p1a: Zamazenta|Rest|p1a: Zamazenta\n|-status|p1a: Zamazenta|slp|[from] move: Rest\n|-heal|p1a: Zamazenta|100\/100 slp|[silent]\n|-enditem|p1a: Zamazenta|Chesto Berry|[eat]\n|-curestatus|p1a: Zamazenta|slp|[msg]\n|move|p2a: Slowbro|Trick Room|p2a: Slowbro\n|-fieldstart|move: Trick Room|[of] p2a: Slowbro\n|\n|-damage|p2a: Slowbro|76\/100 psn|[from] psn\n|upkeep\n|turn|27\n|\n|t:|1700218460\n|move|p2a: Slowbro|Scald|p1a: Zamazenta\n|-damage|p1a: Zamazenta|78\/100\n|move|p1a: Zamazenta|Body Press|p2a: Slowbro\n|-resisted|p2a: Slowbro\n|-damage|p2a: Slowbro|36\/100 psn\n|\n|-damage|p2a: Slowbro|24\/100 psn|[from] psn\n|upkeep\n|turn|28\n|\n|t:|1700218466\n|move|p1a: Zamazenta|Body Press|p2a: Slowbro\n|-resisted|p2a: Slowbro\n|-damage|p2a: Slowbro|0 fnt\n|faint|p2a: Slowbro\n|\n|upkeep\n|\n|t:|1700218472\n|switch|p2a: Goodra|Goodra-Hisui, F|100\/100\n|-damage|p2a: Goodra|94\/100|[from] Stealth Rock\n|turn|29\n|j| oomizuhasuoo\n|\n|t:|1700218482\n|move|p2a: Goodra|Flamethrower|p1a: Zamazenta\n|-supereffective|p1a: Zamazenta\n|-crit|p1a: Zamazenta\n|-damage|p1a: Zamazenta|13\/100\n|move|p1a: Zamazenta|Body Press|p2a: Goodra\n|-supereffective|p2a: Goodra\n|-damage|p2a: Goodra|0 fnt\n|faint|p2a: Goodra\n|\n|upkeep\n|\n|t:|1700218488\n|switch|p2a: \u6211\u6ef4\u4e00\u62f3\u8d85\u4eba|Hoopa-Unbound|69\/100 tox\n|-damage|p2a: \u6211\u6ef4\u4e00\u62f3\u8d85\u4eba|57\/100 tox|[from] Stealth Rock\n|turn|30\n|\n|t:|1700218499\n|move|p2a: \u6211\u6ef4\u4e00\u62f3\u8d85\u4eba|Hyperspace Fury|p1a: Zamazenta\n|-damage|p1a: Zamazenta|0 fnt\n|-unboost|p2a: \u6211\u6ef4\u4e00\u62f3\u8d85\u4eba|def|1\n|faint|p1a: Zamazenta\n|\n|-damage|p2a: \u6211\u6ef4\u4e00\u62f3\u8d85\u4eba|51\/100 tox|[from] psn\n|-fieldend|move: Trick Room\n|upkeep\n|l| oomizuhasuoo\n|\n|t:|1700218507\n|switch|p1a: Ferrothorn|Ferrothorn, F|82\/100\n|-damage|p1a: Ferrothorn|75\/100|[from] Stealth Rock\n|-damage|p1a: Ferrothorn|50\/100|[from] Spikes\n|turn|31\n|\n|t:|1700218509\n|move|p2a: \u6211\u6ef4\u4e00\u62f3\u8d85\u4eba|Hyperspace Fury|p1a: Ferrothorn\n|-damage|p1a: Ferrothorn|0 fnt\n|-unboost|p2a: \u6211\u6ef4\u4e00\u62f3\u8d85\u4eba|def|1\n|faint|p1a: Ferrothorn\n|\n|-damage|p2a: \u6211\u6ef4\u4e00\u62f3\u8d85\u4eba|38\/100 tox|[from] psn\n|upkeep\n|\n|t:|1700218514\n|switch|p1a: Slowking|Slowking-Galar, F|100\/100\n|turn|32\n|\n|t:|1700218517\n|move|p2a: \u6211\u6ef4\u4e00\u62f3\u8d85\u4eba|Hyperspace Fury|p1a: Slowking\n|-supereffective|p1a: Slowking\n|-damage|p1a: Slowking|0 fnt\n|-unboost|p2a: \u6211\u6ef4\u4e00\u62f3\u8d85\u4eba|def|1\n|faint|p1a: Slowking\n|\n|-damage|p2a: \u6211\u6ef4\u4e00\u62f3\u8d85\u4eba|20\/100 tox|[from] psn\n|upkeep\n|\n|t:|1700218519\n|switch|p1a: Dragonite|Dragonite, F|37\/100\n|turn|33\n|\n|t:|1700218522\n|move|p1a: Dragonite|Extreme Speed|p2a: \u6211\u6ef4\u4e00\u62f3\u8d85\u4eba\n|-damage|p2a: \u6211\u6ef4\u4e00\u62f3\u8d85\u4eba|0 fnt\n|faint|p2a: \u6211\u6ef4\u4e00\u62f3\u8d85\u4eba\n|\n|win|wwaaa\n|raw|wwaaa's rating: 1664 &rarr; <strong>1688<\/strong><br \/>(+24 for winning)\n|raw|lxycj's rating: 1726 &rarr; <strong>1702<\/strong><br \/>(-24 for losing)\n|l|\u2606lxycj\n","uploadtime":1700218531,"views":4,"p1id":"wwaaa","p2id":"lxycj","formatid":"gen9nationaldex","rating":1688,"private":0,"password":""}