{"id":"gen9nationaldex-2000186167","p1":"Ay Cheu","p2":"Elysia0019","format":"[Gen 9] National Dex","log":"|html|<div class=\"broadcast-blue\"><strong>[Gen 9] National Dex is currently suspecting Sneasler! For information on how to participate check out the <a href=\"https:\/\/www.smogon.com\/forums\/threads\/sv-national-dex-suspect-8-just-dance.3731534\/\">suspect thread<\/a>.<\/strong><\/div>\n|j|\u2606Ay Cheu\n|j|\u2606Elysia0019\n|t:|1701169128\n|gametype|singles\n|player|p1|Ay Cheu|officeworker|1665\n|player|p2|Elysia0019|steven|1640\n|teamsize|p1|6\n|teamsize|p2|6\n|gen|9\n|tier|[Gen 9] National Dex\n|rated|\n|rule|HP Percentage Mod: HP is shown in percentages\n|rule|Endless Battle Clause: Forcing endless battles is banned\n|rule|OHKO Clause: OHKO moves are banned\n|rule|Evasion Clause: Evasion abilities, items, and moves are banned\n|rule|Evasion Abilities Clause: Evasion abilities are banned\n|rule|Evasion Items Clause: Evasion items are banned\n|rule|Evasion Moves Clause: Evasion moves are banned\n|rule|Species Clause: Limit one of each Pok\u00e9mon\n|rule|Sleep Clause Mod: Limit one foe put to sleep\n|clearpoke\n|poke|p1|Arcanine-Hisui, M|\n|poke|p1|Snorlax, M|\n|poke|p1|Corviknight, M|\n|poke|p1|Greninja-*, M|\n|poke|p1|Sylveon, F|\n|poke|p1|Torterra, M|\n|poke|p2|Mawile, M|\n|poke|p2|Marowak-Alola, F|\n|poke|p2|Hatterene, F|\n|poke|p2|Cresselia, F|\n|poke|p2|Porygon2|\n|poke|p2|Hoopa-Unbound|\n|teampreview\n|inactive|Battle timer is ON: inactive players will automatically lose when time's up. (requested by Elysia0019)\n|\n|t:|1701169145\n|start\n|switch|p1a: \u7070\u7070|Arcanine-Hisui, M|100\/100\n|switch|p2a: Porygon2|Porygon2|100\/100\n|-ability|p2a: Porygon2|Rock Head|[from] ability: Trace|[of] p1a: \u7070\u7070\n|turn|1\n|j| hainiumm\n|\n|t:|1701169157\n|move|p1a: \u7070\u7070|Head Smash|p2a: Porygon2\n|-damage|p2a: Porygon2|50\/100\n|-damage|p1a: \u7070\u7070|91\/100|[from] item: Life Orb\n|move|p2a: Porygon2|Trick Room|p2a: Porygon2\n|-fieldstart|move: Trick Room|[of] p2a: Porygon2\n|\n|upkeep\n|turn|2\n|\n|t:|1701169166\n|move|p1a: \u7070\u7070|Head Smash|p2a: Porygon2\n|-damage|p2a: Porygon2|0 fnt\n|faint|p2a: Porygon2\n|-damage|p1a: \u7070\u7070|81\/100|[from] item: Life Orb\n|\n|upkeep\n|\n|t:|1701169178\n|switch|p2a: Marowak|Marowak-Alola, F|100\/100\n|turn|3\n|\n|t:|1701169189\n|switch|p1a: \u963f\u80a5|Snorlax, M|100\/100\n|move|p2a: Marowak|Low Kick|p1a: \u963f\u80a5\n|-supereffective|p1a: \u963f\u80a5\n|-damage|p1a: \u963f\u80a5|5\/100\n|\n|upkeep\n|turn|4\n|\n|t:|1701169202\n|move|p2a: Marowak|Flare Blitz|p1a: \u963f\u80a5\n|-damage|p1a: \u963f\u80a5|0 fnt\n|faint|p1a: \u963f\u80a5\n|\n|upkeep\n|\n|t:|1701169208\n|switch|p1a: \u4e0d\u52a8\u5982\u5c71|Torterra, M|100\/100\n|turn|5\n|\n|t:|1701169216\n|-terastallize|p1a: \u4e0d\u52a8\u5982\u5c71|Water\n|move|p2a: Marowak|Flare Blitz|p1a: \u4e0d\u52a8\u5982\u5c71\n|-resisted|p1a: \u4e0d\u52a8\u5982\u5c71\n|-damage|p1a: \u4e0d\u52a8\u5982\u5c71|69\/100\n|-damage|p2a: Marowak|84\/100|[from] item: Rocky Helmet|[of] p1a: \u4e0d\u52a8\u5982\u5c71\n|move|p1a: \u4e0d\u52a8\u5982\u5c71|Stealth Rock|p2a: Marowak\n|-sidestart|p2: Elysia0019|move: Stealth Rock\n|\n|-fieldend|move: Trick Room\n|upkeep\n|turn|6\n|j| trTR1\n|\n|t:|1701169226\n|switch|p2a: Hatterene|Hatterene, F|100\/100\n|-damage|p2a: Hatterene|88\/100|[from] Stealth Rock\n|move|p1a: \u4e0d\u52a8\u5982\u5c71|Leech Seed|p2a: Hatterene\n|move|p2a: Hatterene|Leech Seed|p1a: \u4e0d\u52a8\u5982\u5c71|[from]ability: Magic Bounce\n|-start|p1a: \u4e0d\u52a8\u5982\u5c71|move: Leech Seed\n|\n|-damage|p1a: \u4e0d\u52a8\u5982\u5c71|57\/100|[from] Leech Seed|[of] p2a: Hatterene\n|-heal|p2a: Hatterene|100\/100|[silent]\n|upkeep\n|turn|7\n|\n|t:|1701169239\n|switch|p1a: \u56e1\u56e1|Sylveon, F|100\/100\n|move|p2a: Hatterene|Trick Room|p2a: Hatterene\n|-fieldstart|move: Trick Room|[of] p2a: Hatterene\n|\n|upkeep\n|turn|8\n|\n|t:|1701169247\n|switch|p2a: Mawile|Mawile, M|100\/100\n|-damage|p2a: Mawile|95\/100|[from] Stealth Rock\n|-ability|p2a: Mawile|Intimidate|boost\n|-unboost|p1a: \u56e1\u56e1|atk|1\n|move|p1a: \u56e1\u56e1|Wish|p1a: \u56e1\u56e1\n|\n|upkeep\n|turn|9\n|j| Neutralist\n|\n|t:|1701169258\n|switch|p1a: \u4e0d\u52a8\u5982\u5c71|Torterra, M, tera:Water|57\/100\n|detailschange|p2a: Mawile|Mawile-Mega, M\n|-mega|p2a: Mawile|Mawile|Mawilite\n|move|p2a: Mawile|Ice Punch|p1a: \u4e0d\u52a8\u5982\u5c71\n|-resisted|p1a: \u4e0d\u52a8\u5982\u5c71\n|-damage|p1a: \u4e0d\u52a8\u5982\u5c71|42\/100\n|-damage|p2a: Mawile|78\/100|[from] item: Rocky Helmet|[of] p1a: \u4e0d\u52a8\u5982\u5c71\n|\n|-heal|p1a: \u4e0d\u52a8\u5982\u5c71|92\/100|[from] move: Wish|[wisher] \u56e1\u56e1\n|upkeep\n|turn|10\n|\n|t:|1701169269\n|move|p2a: Mawile|Play Rough|p1a: \u4e0d\u52a8\u5982\u5c71\n|-damage|p1a: \u4e0d\u52a8\u5982\u5c71|34\/100\n|-damage|p2a: Mawile|62\/100|[from] item: Rocky Helmet|[of] p1a: \u4e0d\u52a8\u5982\u5c71\n|move|p1a: \u4e0d\u52a8\u5982\u5c71|Seed Bomb|p2a: Mawile\n|-resisted|p2a: Mawile\n|-damage|p2a: Mawile|49\/100\n|\n|upkeep\n|turn|11\n|\n|t:|1701169278\n|switch|p1a: Corviknight|Corviknight, M, shiny|100\/100\n|-ability|p1a: Corviknight|Pressure\n|move|p2a: Mawile|Play Rough|p1a: Corviknight\n|-resisted|p1a: Corviknight\n|-damage|p1a: Corviknight|64\/100\n|\n|-heal|p1a: Corviknight|70\/100|[from] item: Leftovers\n|-fieldend|move: Trick Room\n|upkeep\n|turn|12\n|\n|t:|1701169285\n|move|p1a: Corviknight|Bulk Up|p1a: Corviknight\n|-boost|p1a: Corviknight|atk|1\n|-boost|p1a: Corviknight|def|1\n|move|p2a: Mawile|Fire Fang|p1a: Corviknight\n|-supereffective|p1a: Corviknight\n|-damage|p1a: Corviknight|24\/100\n|\n|-heal|p1a: Corviknight|30\/100|[from] item: Leftovers\n|upkeep\n|turn|13\n|\n|t:|1701169291\n|move|p1a: Corviknight|Roost|p1a: Corviknight\n|-heal|p1a: Corviknight|80\/100\n|-singleturn|p1a: Corviknight|move: Roost\n|move|p2a: Mawile|Fire Fang|p1a: Corviknight\n|-supereffective|p1a: Corviknight\n|-damage|p1a: Corviknight|31\/100\n|\n|-heal|p1a: Corviknight|37\/100|[from] item: Leftovers\n|upkeep\n|turn|14\n|\n|t:|1701169298\n|move|p1a: Corviknight|Roost|p1a: Corviknight\n|-heal|p1a: Corviknight|87\/100\n|-singleturn|p1a: Corviknight|move: Roost\n|move|p2a: Mawile|Fire Fang|p1a: Corviknight\n|-supereffective|p1a: Corviknight\n|-damage|p1a: Corviknight|37\/100\n|\n|-heal|p1a: Corviknight|43\/100|[from] item: Leftovers\n|upkeep\n|turn|15\n|\n|t:|1701169305\n|switch|p1a: \u4e0d\u52a8\u5982\u5c71|Torterra, M, tera:Water|34\/100\n|move|p2a: Mawile|Fire Fang|p1a: \u4e0d\u52a8\u5982\u5c71\n|-resisted|p1a: \u4e0d\u52a8\u5982\u5c71\n|-damage|p1a: \u4e0d\u52a8\u5982\u5c71|22\/100\n|-damage|p2a: Mawile|32\/100|[from] item: Rocky Helmet|[of] p1a: \u4e0d\u52a8\u5982\u5c71\n|\n|upkeep\n|turn|16\n|\n|t:|1701169315\n|switch|p2a: Cresselia|Cresselia, F|100\/100\n|-damage|p2a: Cresselia|88\/100|[from] Stealth Rock\n|move|p1a: \u4e0d\u52a8\u5982\u5c71|Synthesis|p1a: \u4e0d\u52a8\u5982\u5c71\n|-heal|p1a: \u4e0d\u52a8\u5982\u5c71|72\/100\n|\n|upkeep\n|turn|17\n|\n|t:|1701169322\n|move|p1a: \u4e0d\u52a8\u5982\u5c71|Leech Seed|p2a: Cresselia\n|-start|p2a: Cresselia|move: Leech Seed\n|move|p2a: Cresselia|Trick Room|p2a: Cresselia\n|-fieldstart|move: Trick Room|[of] p2a: Cresselia\n|\n|-damage|p2a: Cresselia|76\/100|[from] Leech Seed|[of] p1a: \u4e0d\u52a8\u5982\u5c71\n|-heal|p1a: \u4e0d\u52a8\u5982\u5c71|86\/100|[silent]\n|upkeep\n|turn|18\n|\n|t:|1701169338\n|switch|p1a: \u56e1\u56e1|Sylveon, F|100\/100\n|move|p2a: Cresselia|Lunar Dance|p2a: Cresselia\n|faint|p2a: Cresselia\n|\n|upkeep\n|j| AGisgood\u82cd\u54cd\u4fa0\n|j| qazserfvgyujnko\n|\n|t:|1701169352\n|switch|p2a: Hoopa|Hoopa-Unbound|100\/100\n|-damage|p2a: Hoopa|88\/100|[from] Stealth Rock\n|turn|19\n|\n|t:|1701169357\n|move|p2a: Hoopa|Gunk Shot|p1a: \u56e1\u56e1\n|-supereffective|p1a: \u56e1\u56e1\n|-damage|p1a: \u56e1\u56e1|0 fnt\n|faint|p1a: \u56e1\u56e1\n|\n|upkeep\n|\n|t:|1701169370\n|switch|p1a: \u4e0d\u52a8\u5982\u5c71|Torterra, M, tera:Water|86\/100\n|turn|20\n|\n|t:|1701169384\n|switch|p2a: Mawile|Mawile-Mega, M|32\/100\n|-heal|p2a: Mawile|100\/100|[from] move: Lunar Dance\n|-damage|p2a: Mawile|95\/100|[from] Stealth Rock\n|move|p1a: \u4e0d\u52a8\u5982\u5c71|Seed Bomb|p2a: Mawile\n|-resisted|p2a: Mawile\n|-damage|p2a: Mawile|81\/100\n|\n|upkeep\n|turn|21\n|\n|t:|1701169391\n|move|p2a: Mawile|Play Rough|p1a: \u4e0d\u52a8\u5982\u5c71|[miss]\n|-miss|p2a: Mawile|p1a: \u4e0d\u52a8\u5982\u5c71\n|move|p1a: \u4e0d\u52a8\u5982\u5c71|Leech Seed|p2a: Mawile\n|-start|p2a: Mawile|move: Leech Seed\n|\n|-damage|p2a: Mawile|69\/100|[from] Leech Seed|[of] p1a: \u4e0d\u52a8\u5982\u5c71\n|-heal|p1a: \u4e0d\u52a8\u5982\u5c71|95\/100|[silent]\n|-fieldend|move: Trick Room\n|upkeep\n|turn|22\n|\n|t:|1701169395\n|switch|p2a: Hatterene|Hatterene, F|100\/100\n|-damage|p2a: Hatterene|88\/100|[from] Stealth Rock\n|move|p1a: \u4e0d\u52a8\u5982\u5c71|Seed Bomb|p2a: Hatterene\n|-damage|p2a: Hatterene|58\/100\n|\n|upkeep\n|turn|23\n|\n|t:|1701169402\n|move|p1a: \u4e0d\u52a8\u5982\u5c71|Seed Bomb|p2a: Hatterene\n|-damage|p2a: Hatterene|26\/100\n|move|p2a: Hatterene|Mystical Fire|p1a: \u4e0d\u52a8\u5982\u5c71\n|-resisted|p1a: \u4e0d\u52a8\u5982\u5c71\n|-damage|p1a: \u4e0d\u52a8\u5982\u5c71|82\/100\n|-unboost|p1a: \u4e0d\u52a8\u5982\u5c71|spa|1\n|\n|upkeep\n|turn|24\n|\n|t:|1701169407\n|move|p1a: \u4e0d\u52a8\u5982\u5c71|Seed Bomb|p2a: Hatterene\n|-damage|p2a: Hatterene|0 fnt\n|faint|p2a: Hatterene\n|\n|upkeep\n|\n|t:|1701169417\n|switch|p2a: Marowak|Marowak-Alola, F|84\/100\n|-damage|p2a: Marowak|59\/100|[from] Stealth Rock\n|turn|25\n|l| AGisgood\u82cd\u54cd\u4fa0\n|\n|t:|1701169421\n|move|p1a: \u4e0d\u52a8\u5982\u5c71|Synthesis|p1a: \u4e0d\u52a8\u5982\u5c71\n|-heal|p1a: \u4e0d\u52a8\u5982\u5c71|100\/100\n|move|p2a: Marowak|Poltergeist|p1a: \u4e0d\u52a8\u5982\u5c71\n|-activate|p1a: \u4e0d\u52a8\u5982\u5c71|move: Poltergeist|Rocky Helmet\n|-damage|p1a: \u4e0d\u52a8\u5982\u5c71|42\/100\n|\n|upkeep\n|turn|26\n|\n|t:|1701169430\n|switch|p1a: Corviknight|Corviknight, M, shiny|43\/100\n|-ability|p1a: Corviknight|Pressure\n|move|p2a: Marowak|Poltergeist|p1a: Corviknight\n|-activate|p1a: Corviknight|move: Poltergeist|Leftovers\n|-damage|p1a: Corviknight|0 fnt\n|faint|p1a: Corviknight\n|\n|upkeep\n|\n|t:|1701169433\n|switch|p1a: \u9ed1\u6b66\u58eb|Greninja, M, shiny|100\/100\n|turn|27\n|\n|t:|1701169444\n|move|p1a: \u9ed1\u6b66\u58eb|Dark Pulse|p2a: Marowak\n|-start|p1a: \u9ed1\u6b66\u58eb|typechange|Dark|[from] ability: Protean\n|-supereffective|p2a: Marowak\n|-damage|p2a: Marowak|0 fnt\n|faint|p2a: Marowak\n|\n|upkeep\n|\n|t:|1701169449\n|switch|p2a: Mawile|Mawile-Mega, M|69\/100\n|-damage|p2a: Mawile|63\/100|[from] Stealth Rock\n|turn|28\n|\n|t:|1701169456\n|move|p1a: \u9ed1\u6b66\u58eb|Dark Pulse|p2a: Mawile\n|-resisted|p2a: Mawile\n|-damage|p2a: Mawile|30\/100\n|move|p2a: Mawile|Play Rough|p1a: \u9ed1\u6b66\u58eb\n|-supereffective|p1a: \u9ed1\u6b66\u58eb\n|-damage|p1a: \u9ed1\u6b66\u58eb|0 fnt\n|faint|p1a: \u9ed1\u6b66\u58eb\n|\n|upkeep\n|\n|t:|1701169460\n|switch|p1a: \u7070\u7070|Arcanine-Hisui, M|81\/100\n|turn|29\n|l| qazserfvgyujnko\n|\n|t:|1701169470\n|move|p2a: Mawile|Sucker Punch|p1a: \u7070\u7070\n|-damage|p1a: \u7070\u7070|27\/100\n|move|p1a: \u7070\u7070|Flame Charge|p2a: Mawile\n|-supereffective|p2a: Mawile\n|-damage|p2a: Mawile|0 fnt\n|-boost|p1a: \u7070\u7070|spe|1\n|faint|p2a: Mawile\n|-damage|p1a: \u7070\u7070|17\/100|[from] item: Life Orb\n|\n|upkeep\n|\n|t:|1701169474\n|switch|p2a: Hoopa|Hoopa-Unbound|88\/100\n|-damage|p2a: Hoopa|76\/100|[from] Stealth Rock\n|turn|30\n|\n|t:|1701169478\n|move|p1a: \u7070\u7070|Flare Blitz|p2a: Hoopa\n|-damage|p2a: Hoopa|0 fnt\n|faint|p2a: Hoopa\n|-damage|p1a: \u7070\u7070|7\/100|[from] item: Life Orb\n|\n|win|Ay Cheu\n|raw|Ay Cheu's rating: 1665 &rarr; <strong>1684<\/strong><br \/>(+19 for winning)\n|raw|Elysia0019's rating: 1640 &rarr; <strong>1621<\/strong><br \/>(-19 for losing)\n|l|\u2606Elysia0019\n","uploadtime":1701169486,"views":7,"p1id":"aycheu","p2id":"elysia0019","formatid":"gen9nationaldex","rating":1621,"private":0,"password":""}