{"id":"gen9nationaldex-1998734443","p1":"ReptileMedias","p2":"RickkDiderr","format":"[Gen 9] National Dex","log":"|html|<div class=\"broadcast-blue\"><strong>[Gen 9] National Dex is currently suspecting Sneasler! For information on how to participate check out the <a href=\"https:\/\/www.smogon.com\/forums\/threads\/sv-national-dex-suspect-8-just-dance.3731534\/\">suspect thread<\/a>.<\/strong><\/div>\n|j|\u2606ReptileMedias\n|j|\u2606RickkDiderr\n|t:|1700980058\n|gametype|singles\n|player|p1|ReptileMedias|may|1145\n|player|p2|RickkDiderr|swimmerf-gen4|1048\n|teamsize|p1|6\n|teamsize|p2|6\n|gen|9\n|tier|[Gen 9] National Dex\n|rated|\n|rule|HP Percentage Mod: HP is shown in percentages\n|rule|Endless Battle Clause: Forcing endless battles is banned\n|rule|OHKO Clause: OHKO moves are banned\n|rule|Evasion Clause: Evasion abilities, items, and moves are banned\n|rule|Evasion Abilities Clause: Evasion abilities are banned\n|rule|Evasion Items Clause: Evasion items are banned\n|rule|Evasion Moves Clause: Evasion moves are banned\n|rule|Species Clause: Limit one of each Pok\u00e9mon\n|rule|Sleep Clause Mod: Limit one foe put to sleep\n|clearpoke\n|poke|p1|Delphox, M|\n|poke|p1|Absol, F|\n|poke|p1|Hariyama, M|\n|poke|p1|Floatzel, M|\n|poke|p1|Empoleon, M|\n|poke|p1|Tangrowth, F|\n|poke|p2|Corsola-Galar, M|\n|poke|p2|Weezing, F|\n|poke|p2|Krookodile, F|\n|poke|p2|Salamence, F|\n|poke|p2|Samurott-Hisui, M|\n|poke|p2|Serperior, M|\n|teampreview\n|\n|t:|1700980072\n|start\n|switch|p1a: sonny john enward|Absol, F|100\/100\n|switch|p2a: Serperior|Serperior, M|100\/100\n|-ability|p1a: sonny john enward|Pressure\n|turn|1\n|inactive|Battle timer is ON: inactive players will automatically lose when time's up. (requested by RickkDiderr)\n|\n|t:|1700980091\n|detailschange|p1a: sonny john enward|Absol-Mega, F\n|-mega|p1a: sonny john enward|Absol|Absolite\n|move|p1a: sonny john enward|Swords Dance|p1a: sonny john enward\n|-boost|p1a: sonny john enward|atk|2\n|move|p2a: Serperior|Substitute|p2a: Serperior\n|-start|p2a: Serperior|Substitute\n|-damage|p2a: Serperior|76\/100\n|\n|-heal|p2a: Serperior|82\/100|[from] item: Leftovers\n|upkeep\n|turn|2\n|\n|t:|1700980101\n|move|p1a: sonny john enward|Knock Off|p2a: Serperior\n|-end|p2a: Serperior|Substitute\n|move|p2a: Serperior|Leaf Storm|p1a: sonny john enward\n|-damage|p1a: sonny john enward|4\/100\n|-boost|p2a: Serperior|spa|2\n|\n|-heal|p2a: Serperior|88\/100|[from] item: Leftovers\n|upkeep\n|turn|3\n|\n|t:|1700980112\n|move|p1a: sonny john enward|Sucker Punch|p2a: Serperior\n|-damage|p2a: Serperior|0 fnt\n|faint|p2a: Serperior\n|\n|upkeep\n|\n|t:|1700980117\n|switch|p2a: Samurott|Samurott-Hisui, M|100\/100\n|turn|4\n|\n|t:|1700980130\n|move|p2a: Samurott|Sucker Punch|p1a: sonny john enward\n|-resisted|p1a: sonny john enward\n|-damage|p1a: sonny john enward|0 fnt\n|faint|p1a: sonny john enward\n|\n|upkeep\n|\n|t:|1700980135\n|switch|p1a: im FAT im FAT im F|Tangrowth, F|100\/100\n|turn|5\n|inactive|RickkDiderr has 120 seconds left.\n|\n|t:|1700980166\n|move|p2a: Samurott|Ceaseless Edge|p1a: im FAT im FAT im F\n|-damage|p1a: im FAT im FAT im F|69\/100\n|-sidestart|p1: ReptileMedias|Spikes\n|move|p1a: im FAT im FAT im F|Leech Seed|p2a: Samurott\n|-start|p2a: Samurott|move: Leech Seed\n|\n|-damage|p2a: Samurott|88\/100|[from] Leech Seed|[of] p1a: im FAT im FAT im F\n|-heal|p1a: im FAT im FAT im F|79\/100|[silent]\n|upkeep\n|turn|6\n|inactive|RickkDiderr has 120 seconds left.\n|\n|t:|1700980195\n|move|p2a: Samurott|Ceaseless Edge|p1a: im FAT im FAT im F\n|-damage|p1a: im FAT im FAT im F|50\/100\n|-sidestart|p1: ReptileMedias|Spikes\n|move|p1a: im FAT im FAT im F|Toxic|p2a: Samurott\n|-status|p2a: Samurott|tox\n|\n|-damage|p2a: Samurott|76\/100 tox|[from] Leech Seed|[of] p1a: im FAT im FAT im F\n|-heal|p1a: im FAT im FAT im F|60\/100|[silent]\n|-damage|p2a: Samurott|69\/100 tox|[from] psn\n|upkeep\n|turn|7\n|inactive|RickkDiderr has 90 seconds left.\n|\n|t:|1700980224\n|switch|p1a: jamiroquai|Empoleon, M|100\/100\n|-damage|p1a: jamiroquai|84\/100|[from] Spikes\n|move|p2a: Samurott|Ceaseless Edge|p1a: jamiroquai\n|-damage|p1a: jamiroquai|26\/100\n|-sidestart|p1: ReptileMedias|Spikes\n|\n|-heal|p1a: jamiroquai|32\/100|[from] item: Leftovers\n|-damage|p2a: Samurott|57\/100 tox|[from] Leech Seed|[of] p1a: jamiroquai\n|-heal|p1a: jamiroquai|43\/100|[silent]\n|-damage|p2a: Samurott|44\/100 tox|[from] psn\n|upkeep\n|turn|8\n|\n|t:|1700980233\n|-terastallize|p2a: Samurott|Ice\n|move|p2a: Samurott|Ice Beam|p1a: jamiroquai\n|-resisted|p1a: jamiroquai\n|-damage|p1a: jamiroquai|38\/100\n|move|p1a: jamiroquai|Defog|p2a: Samurott\n|-unboost|p2a: Samurott|evasion|1\n|-sideend|p1: ReptileMedias|Spikes|[from] move: Defog|[of] p1a: jamiroquai\n|\n|-heal|p1a: jamiroquai|44\/100|[from] item: Leftovers\n|-damage|p2a: Samurott|32\/100 tox|[from] Leech Seed|[of] p1a: jamiroquai\n|-heal|p1a: jamiroquai|55\/100|[silent]\n|-damage|p2a: Samurott|13\/100 tox|[from] psn\n|upkeep\n|turn|9\n|inactive|RickkDiderr has 90 seconds left.\n|\n|t:|1700980275\n|move|p2a: Samurott|Ceaseless Edge|p1a: jamiroquai\n|-damage|p1a: jamiroquai|0 fnt\n|-sidestart|p1: ReptileMedias|Spikes\n|faint|p1a: jamiroquai\n|\n|-damage|p2a: Samurott|0 fnt|[from] psn\n|faint|p2a: Samurott\n|upkeep\n|\n|t:|1700980284\n|switch|p2a: Corsola|Corsola-Galar, M|100\/100\n|switch|p1a: hippo shitting gif|Floatzel, M|100\/100\n|-damage|p1a: hippo shitting gif|88\/100|[from] Spikes\n|turn|10\n|inactive|RickkDiderr has 60 seconds left.\n|inactive|RickkDiderr has 30 seconds left.\n|\n|t:|1700980341\n|switch|p1a: EAR HAIR!! GROSS|Delphox, M|100\/100\n|-damage|p1a: EAR HAIR!! GROSS|88\/100|[from] Spikes\n|move|p2a: Corsola|Stealth Rock|p1a: EAR HAIR!! GROSS\n|-sidestart|p1: ReptileMedias|move: Stealth Rock\n|\n|upkeep\n|turn|11\n|inactive|RickkDiderr has 30 seconds left.\n|\n|t:|1700980350\n|move|p1a: EAR HAIR!! GROSS|Calm Mind|p1a: EAR HAIR!! GROSS\n|-boost|p1a: EAR HAIR!! GROSS|spa|1\n|-boost|p1a: EAR HAIR!! GROSS|spd|1\n|move|p2a: Corsola|Whirlpool|p1a: EAR HAIR!! GROSS\n|-supereffective|p1a: EAR HAIR!! GROSS\n|-damage|p1a: EAR HAIR!! GROSS|79\/100\n|-activate|p1a: EAR HAIR!! GROSS|move: Whirlpool|[of] p2a: Corsola\n|\n|-damage|p1a: EAR HAIR!! GROSS|66\/100|[from] move: Whirlpool|[partiallytrapped]\n|upkeep\n|turn|12\n|\n|t:|1700980362\n|move|p1a: EAR HAIR!! GROSS|Calm Mind|p1a: EAR HAIR!! GROSS\n|-boost|p1a: EAR HAIR!! GROSS|spa|1\n|-boost|p1a: EAR HAIR!! GROSS|spd|1\n|move|p2a: Corsola|Night Shade|p1a: EAR HAIR!! GROSS\n|-damage|p1a: EAR HAIR!! GROSS|32\/100\n|\n|-damage|p1a: EAR HAIR!! GROSS|19\/100|[from] move: Whirlpool|[partiallytrapped]\n|upkeep\n|turn|13\n|inactive|RickkDiderr has 30 seconds left.\n|inactive|RickkDiderr has 20 seconds left.\n|inactive|RickkDiderr has 15 seconds left.\n|inactive|RickkDiderr has 10 seconds left.\n|inactive|RickkDiderr has 5 seconds left.\n|-message|RickkDiderr lost due to inactivity.\n|\n|win|ReptileMedias\n|raw|ReptileMedias's rating: 1145 &rarr; <strong>1163<\/strong><br \/>(+18 for winning)\n|raw|RickkDiderr's rating: 1048 &rarr; <strong>1035<\/strong><br \/>(-13 for losing)\n","uploadtime":1700980437,"views":1,"p1id":"reptilemedias","p2id":"rickkdiderr","formatid":"gen9nationaldex","rating":1035,"private":0,"password":""}