{"id":"gen9nationaldex-2000675454","p1":"Feuertraene","p2":"adem","format":"[Gen 9] National Dex","log":"|html|<div class=\"broadcast-blue\"><strong>[Gen 9] National Dex is currently suspecting Sneasler! For information on how to participate check out the <a href=\"https:\/\/www.smogon.com\/forums\/threads\/sv-national-dex-suspect-8-just-dance.3731534\/\">suspect thread<\/a>.<\/strong><\/div>\n|j|\u2606Feuertraene\n|j|\u2606adem\n|inactive|Battle timer is ON: inactive players will automatically lose when time's up.\n|t:|1701217475\n|gametype|singles\n|player|p1|Feuertraene|cynthia-gen4|\n|player|p2|adem|#adem|\n|teamsize|p1|6\n|teamsize|p2|6\n|gen|9\n|tier|[Gen 9] National Dex\n|rated|Tournament battle\n|rule|HP Percentage Mod: HP is shown in percentages\n|rule|Endless Battle Clause: Forcing endless battles is banned\n|rule|OHKO Clause: OHKO moves are banned\n|rule|Evasion Clause: Evasion abilities, items, and moves are banned\n|rule|Evasion Abilities Clause: Evasion abilities are banned\n|rule|Evasion Items Clause: Evasion items are banned\n|rule|Evasion Moves Clause: Evasion moves are banned\n|rule|Species Clause: Limit one of each Pok\u00e9mon\n|rule|Sleep Clause Mod: Limit one foe put to sleep\n|clearpoke\n|poke|p1|Victini|\n|poke|p1|Lopunny, F|\n|poke|p1|Great Tusk|\n|poke|p1|Zapdos|\n|poke|p1|Ting-Lu|\n|poke|p1|Iron Valiant|\n|poke|p2|Ogerpon-Wellspring, F|\n|poke|p2|Latias, F|\n|poke|p2|Ferrothorn, F|\n|poke|p2|Landorus-Therian, M|\n|poke|p2|Clefable, M|\n|poke|p2|Volcarona, M|\n|teampreview\n|inactive|Feuertraene also wants the timer to be on.\n|c|\u2606Feuertraene|glhf\n|c|\u2606adem|u 2\n|j|+Slash Death\n|inactive|Feuertraene has 120 seconds left.\n|inactive|Feuertraene has 90 seconds left.\n|\n|t:|1701217537\n|start\n|switch|p1a: Ting-Lu|Ting-Lu|100\/100\n|switch|p2a: Ogerpon|Ogerpon-Wellspring, F|100\/100\n|-ability|p1a: Ting-Lu|Vessel of Ruin\n|turn|1\n|\n|t:|1701217541\n|switch|p1a: Zapdos|Zapdos|100\/100\n|move|p2a: Ogerpon|Swords Dance|p2a: Ogerpon\n|-boost|p2a: Ogerpon|atk|2\n|\n|upkeep\n|turn|2\n|\n|t:|1701217549\n|-terastallize|p2a: Ogerpon|Water\n|detailschange|p2a: Ogerpon|Ogerpon-Wellspring-Tera, F, tera:Water\n|-ability|p2a: Ogerpon|Embody Aspect (Wellspring)|boost\n|-boost|p2a: Ogerpon|spd|1\n|move|p2a: Ogerpon|Ivy Cudgel|p1a: Zapdos|[anim] Ivy Cudgel Water\n|-damage|p1a: Zapdos|0 fnt\n|faint|p1a: Zapdos\n|\n|upkeep\n|\n|t:|1701217559\n|switch|p1a: Lopunny|Lopunny, F|100\/100\n|turn|3\n|\n|t:|1701217562\n|switch|p2a: Clefable|Clefable, M|100\/100\n|detailschange|p1a: Lopunny|Lopunny-Mega, F\n|-mega|p1a: Lopunny|Lopunny|Lopunnite\n|move|p1a: Lopunny|Fake Out|p2a: Clefable\n|-damage|p2a: Clefable|81\/100\n|-damage|p1a: Lopunny|84\/100|[from] item: Rocky Helmet|[of] p2a: Clefable\n|\n|upkeep\n|turn|4\n|\n|t:|1701217568\n|switch|p1a: Ting-Lu|Ting-Lu|100\/100\n|-ability|p1a: Ting-Lu|Vessel of Ruin\n|move|p2a: Clefable|Stealth Rock|p1a: Ting-Lu\n|-sidestart|p1: Feuertraene|move: Stealth Rock\n|\n|upkeep\n|turn|5\n|\n|t:|1701217572\n|move|p2a: Clefable|Knock Off|p1a: Ting-Lu\n|-resisted|p1a: Ting-Lu\n|-crit|p1a: Ting-Lu\n|-damage|p1a: Ting-Lu|94\/100\n|-enditem|p1a: Ting-Lu|Leftovers|[from] move: Knock Off|[of] p2a: Clefable\n|move|p1a: Ting-Lu|Spikes|p2a: Clefable\n|-sidestart|p2: adem|Spikes\n|\n|upkeep\n|turn|6\n|\n|t:|1701217584\n|switch|p2a: Ogerpon|Ogerpon-Wellspring-Tera, F, tera:Water|100\/100\n|-damage|p2a: Ogerpon|88\/100|[from] Spikes\n|-ability|p2a: Ogerpon|Embody Aspect (Wellspring)|boost\n|-boost|p2a: Ogerpon|spd|1\n|move|p1a: Ting-Lu|Whirlwind|p2a: Ogerpon\n|drag|p2a: Ferrothorn|Ferrothorn, F|100\/100\n|-damage|p2a: Ferrothorn|88\/100|[from] Spikes\n|\n|-heal|p2a: Ferrothorn|94\/100|[from] item: Leftovers\n|upkeep\n|turn|7\n|\n|t:|1701217604\n|move|p1a: Ting-Lu|Spikes|p2a: Ferrothorn\n|-sidestart|p2: adem|Spikes\n|move|p2a: Ferrothorn|Leech Seed|p1a: Ting-Lu|[miss]\n|-miss|p2a: Ferrothorn|p1a: Ting-Lu\n|\n|-heal|p2a: Ferrothorn|100\/100|[from] item: Leftovers\n|upkeep\n|turn|8\n|\n|t:|1701217612\n|move|p2a: Ferrothorn|Leech Seed|p1a: Ting-Lu\n|-start|p1a: Ting-Lu|move: Leech Seed\n|move|p1a: Ting-Lu|Whirlwind|p2a: Ferrothorn\n|drag|p2a: Latias|Latias, F|100\/100\n|\n|-damage|p1a: Ting-Lu|82\/100|[from] Leech Seed|[of] p2a: Latias\n|upkeep\n|turn|9\n|j| Zeo556\n|\n|t:|1701217633\n|switch|p2a: Clefable|Clefable, M|81\/100\n|move|p1a: Ting-Lu|Whirlwind|p2a: Clefable\n|drag|p2a: Latias|Latias, F|100\/100\n|\n|-damage|p1a: Ting-Lu|69\/100|[from] Leech Seed|[of] p2a: Latias\n|upkeep\n|turn|10\n|l|+Slash Death\n|\n|t:|1701217641\n|switch|p2a: Clefable|Clefable, M|81\/100\n|move|p1a: Ting-Lu|Spikes|p2a: Clefable\n|-sidestart|p2: adem|Spikes\n|\n|-damage|p1a: Ting-Lu|57\/100|[from] Leech Seed|[of] p2a: Clefable\n|-heal|p2a: Clefable|98\/100|[silent]\n|upkeep\n|turn|11\n|\n|t:|1701217664\n|switch|p2a: Landorus|Landorus-Therian, M|100\/100\n|-ability|p2a: Landorus|Intimidate|boost\n|-unboost|p1a: Ting-Lu|atk|1\n|switch|p1a: Victini|Victini|100\/100\n|-damage|p1a: Victini|76\/100|[from] Stealth Rock\n|\n|upkeep\n|turn|12\n|\n|t:|1701217672\n|switch|p1a: Great Tusk|Great Tusk|100\/100\n|-damage|p1a: Great Tusk|98\/100|[from] Stealth Rock\n|move|p2a: Landorus|Defog|p1a: Great Tusk\n|-unboost|p1a: Great Tusk|evasion|1\n|-sideend|p1: Feuertraene|Stealth Rock|[from] move: Defog|[of] p2a: Landorus\n|-sideend|p2: adem|Spikes|[from] move: Defog|[of] p2a: Landorus\n|\n|-heal|p1a: Great Tusk|100\/100|[from] item: Leftovers\n|upkeep\n|turn|13\n|\n|t:|1701217681\n|switch|p2a: Clefable|Clefable, M|98\/100\n|move|p1a: Great Tusk|Knock Off|p2a: Clefable\n|-resisted|p2a: Clefable\n|-damage|p2a: Clefable|87\/100\n|-damage|p1a: Great Tusk|84\/100|[from] item: Rocky Helmet|[of] p2a: Clefable\n|-enditem|p2a: Clefable|Rocky Helmet|[from] move: Knock Off|[of] p1a: Great Tusk\n|\n|-heal|p1a: Great Tusk|90\/100|[from] item: Leftovers\n|upkeep\n|turn|14\n|j| SNAK30PRA\n|j|+gewwge\n|\n|t:|1701217694\n|-end|p1a: Great Tusk|Protosynthesis|[silent]\n|switch|p1a: Ting-Lu|Ting-Lu|57\/100\n|-ability|p1a: Ting-Lu|Vessel of Ruin\n|move|p2a: Clefable|Stealth Rock|p1a: Ting-Lu\n|-sidestart|p1: Feuertraene|move: Stealth Rock\n|\n|upkeep\n|turn|15\n|\n|t:|1701217700\n|switch|p2a: Ogerpon|Ogerpon-Wellspring-Tera, F, tera:Water|88\/100\n|-ability|p2a: Ogerpon|Embody Aspect (Wellspring)|boost\n|-boost|p2a: Ogerpon|spd|1\n|move|p1a: Ting-Lu|Stealth Rock|p2a: Ogerpon\n|-sidestart|p2: adem|move: Stealth Rock\n|\n|upkeep\n|turn|16\n|\n|t:|1701217712\n|switch|p1a: Great Tusk|Great Tusk|90\/100\n|-damage|p1a: Great Tusk|87\/100|[from] Stealth Rock\n|move|p2a: Ogerpon|Ivy Cudgel|p1a: Great Tusk|[anim] Ivy Cudgel Water\n|-supereffective|p1a: Great Tusk\n|-damage|p1a: Great Tusk|12\/100\n|\n|-heal|p1a: Great Tusk|19\/100|[from] item: Leftovers\n|upkeep\n|turn|17\n|\n|t:|1701217717\n|move|p2a: Ogerpon|Horn Leech|p1a: Great Tusk\n|-supereffective|p1a: Great Tusk\n|-damage|p1a: Great Tusk|0 fnt\n|-heal|p2a: Ogerpon|100\/100|[from] drain|[of] p1a: Great Tusk\n|faint|p1a: Great Tusk\n|-end|p1a: Great Tusk|Protosynthesis|[silent]\n|\n|upkeep\n|\n|t:|1701217720\n|switch|p1a: Lopunny|Lopunny-Mega, F|84\/100\n|-damage|p1a: Lopunny|78\/100|[from] Stealth Rock\n|turn|18\n|\n|t:|1701217725\n|switch|p2a: Clefable|Clefable, M|87\/100\n|move|p1a: Lopunny|Fake Out|p2a: Clefable\n|-damage|p2a: Clefable|69\/100\n|\n|upkeep\n|turn|19\n|\n|t:|1701217732\n|move|p1a: Lopunny|Return|p2a: Clefable\n|-damage|p2a: Clefable|23\/100\n|move|p2a: Clefable|Soft-Boiled|p2a: Clefable\n|-heal|p2a: Clefable|73\/100\n|\n|upkeep\n|turn|20\n|\n|t:|1701217739\n|switch|p1a: Ting-Lu|Ting-Lu|57\/100\n|-damage|p1a: Ting-Lu|51\/100|[from] Stealth Rock\n|-ability|p1a: Ting-Lu|Vessel of Ruin\n|move|p2a: Clefable|Soft-Boiled|p2a: Clefable\n|-heal|p2a: Clefable|100\/100\n|\n|upkeep\n|turn|21\n|\n|t:|1701217742\n|switch|p2a: Ogerpon|Ogerpon-Wellspring-Tera, F, tera:Water|100\/100\n|-damage|p2a: Ogerpon|88\/100|[from] Stealth Rock\n|-ability|p2a: Ogerpon|Embody Aspect (Wellspring)|boost\n|-boost|p2a: Ogerpon|spd|1\n|move|p1a: Ting-Lu|Whirlwind|p2a: Ogerpon\n|drag|p2a: Landorus|Landorus-Therian, M|100\/100\n|-damage|p2a: Landorus|88\/100|[from] Stealth Rock\n|-ability|p2a: Landorus|Intimidate|boost\n|-unboost|p1a: Ting-Lu|atk|1\n|\n|upkeep\n|turn|22\n|j|@hidin\n|\n|t:|1701217751\n|switch|p1a: Iron Valiant|Iron Valiant|100\/100\n|-damage|p1a: Iron Valiant|94\/100|[from] Stealth Rock\n|move|p2a: Landorus|U-turn|p1a: Iron Valiant\n|-resisted|p1a: Iron Valiant\n|-damage|p1a: Iron Valiant|86\/100\n|\n|t:|1701217757\n|switch|p2a: Volcarona|Volcarona, M|100\/100|[from] U-turn\n|\n|upkeep\n|turn|23\n|\n|t:|1701217768\n|move|p1a: Iron Valiant|Knock Off|p2a: Volcarona\n|-damage|p2a: Volcarona|50\/100\n|-status|p1a: Iron Valiant|brn|[from] ability: Flame Body|[of] p2a: Volcarona\n|-enditem|p2a: Volcarona|Heavy-Duty Boots|[from] move: Knock Off|[of] p1a: Iron Valiant\n|-damage|p1a: Iron Valiant|77\/100 brn|[from] item: Life Orb\n|move|p2a: Volcarona|Quiver Dance|p2a: Volcarona\n|-boost|p2a: Volcarona|spa|1\n|-boost|p2a: Volcarona|spd|1\n|-boost|p2a: Volcarona|spe|1\n|\n|-damage|p1a: Iron Valiant|70\/100 brn|[from] brn\n|upkeep\n|turn|24\n|c|\u2606adem|worked out\n|c| Zeo556|gg\n|\n|t:|1701217784\n|move|p2a: Volcarona|Roost|p2a: Volcarona\n|-heal|p2a: Volcarona|99\/100\n|-singleturn|p2a: Volcarona|move: Roost\n|move|p1a: Iron Valiant|Thunderbolt|p2a: Volcarona\n|-damage|p2a: Volcarona|79\/100\n|-damage|p1a: Iron Valiant|61\/100 brn|[from] item: Life Orb\n|\n|-damage|p1a: Iron Valiant|54\/100 brn|[from] brn\n|upkeep\n|turn|25\n|\n|t:|1701217794\n|-end|p1a: Iron Valiant|Quark Drive|[silent]\n|switch|p1a: Ting-Lu|Ting-Lu|51\/100\n|-damage|p1a: Ting-Lu|44\/100|[from] Stealth Rock\n|-ability|p1a: Ting-Lu|Vessel of Ruin\n|move|p2a: Volcarona|Quiver Dance|p2a: Volcarona\n|-boost|p2a: Volcarona|spa|1\n|-boost|p2a: Volcarona|spd|1\n|-boost|p2a: Volcarona|spe|1\n|\n|upkeep\n|turn|26\n|c|\u2606adem|No early gg\n|\n|t:|1701217796\n|move|p2a: Volcarona|Giga Drain|p1a: Ting-Lu\n|-supereffective|p1a: Ting-Lu\n|-damage|p1a: Ting-Lu|5\/100\n|-heal|p2a: Volcarona|100\/100|[from] drain|[of] p1a: Ting-Lu\n|move|p1a: Ting-Lu|Whirlwind|p2a: Volcarona\n|drag|p2a: Latias|Latias, F|100\/100\n|-damage|p2a: Latias|88\/100|[from] Stealth Rock\n|\n|upkeep\n|turn|27\n|c|@hidin|yeah...\n|j|+Slash Death\n|l|@hidin\n|c| Zeo556|im trying to jynx you\n|\n|t:|1701217817\n|switch|p2a: Ogerpon|Ogerpon-Wellspring-Tera, F, tera:Water|88\/100\n|-damage|p2a: Ogerpon|76\/100|[from] Stealth Rock\n|-ability|p2a: Ogerpon|Embody Aspect (Wellspring)|boost\n|-boost|p2a: Ogerpon|spd|1\n|move|p1a: Ting-Lu|Spikes|p2a: Ogerpon\n|-sidestart|p2: adem|Spikes\n|\n|upkeep\n|turn|28\n|\n|t:|1701217822\n|move|p2a: Ogerpon|Horn Leech|p1a: Ting-Lu\n|-supereffective|p1a: Ting-Lu\n|-damage|p1a: Ting-Lu|0 fnt\n|-heal|p2a: Ogerpon|80\/100|[from] drain|[of] p1a: Ting-Lu\n|faint|p1a: Ting-Lu\n|\n|upkeep\n|\n|t:|1701217824\n|switch|p1a: Lopunny|Lopunny-Mega, F|78\/100\n|-damage|p1a: Lopunny|72\/100|[from] Stealth Rock\n|turn|29\n|c|\u2606adem|rate the team hidin\n|\n|t:|1701217830\n|switch|p2a: Clefable|Clefable, M|100\/100\n|move|p1a: Lopunny|Fake Out|p2a: Clefable\n|-damage|p2a: Clefable|83\/100\n|\n|upkeep\n|turn|30\n|c|\u2606adem|thoughts\n|\n|t:|1701217838\n|switch|p1a: Victini|Victini|76\/100\n|-damage|p1a: Victini|51\/100|[from] Stealth Rock\n|move|p2a: Clefable|Moonblast|p1a: Victini\n|-resisted|p1a: Victini\n|-damage|p1a: Victini|34\/100\n|-unboost|p1a: Victini|spa|1\n|\n|upkeep\n|turn|31\n|\n|t:|1701217849\n|switch|p2a: Latias|Latias, F|88\/100\n|-damage|p2a: Latias|76\/100|[from] Stealth Rock\n|-zpower|p1a: Victini\n|move|p1a: Victini|Z-Celebrate|p1a: Victini|[anim]Celebrate\n|-boost|p1a: Victini|atk|1|[zeffect]\n|-boost|p1a: Victini|def|1|[zeffect]\n|-boost|p1a: Victini|spa|1|[zeffect]\n|-boost|p1a: Victini|spd|1|[zeffect]\n|-boost|p1a: Victini|spe|1|[zeffect]\n|-activate|p1a: Victini|move: Celebrate\n|\n|upkeep\n|turn|32\n|\n|t:|1701217853\n|detailschange|p2a: Latias|Latias-Mega, F\n|-mega|p2a: Latias|Latias|Latiasite\n|move|p1a: Victini|Searing Shot|p2a: Latias\n|-resisted|p2a: Latias\n|-damage|p2a: Latias|62\/100\n|move|p2a: Latias|Calm Mind|p2a: Latias\n|-boost|p2a: Latias|spa|1\n|-boost|p2a: Latias|spd|1\n|\n|upkeep\n|turn|33\n|\n|t:|1701217858\n|switch|p1a: Lopunny|Lopunny-Mega, F|72\/100\n|-damage|p1a: Lopunny|66\/100|[from] Stealth Rock\n|move|p2a: Latias|Calm Mind|p2a: Latias\n|-boost|p2a: Latias|spa|1\n|-boost|p2a: Latias|spd|1\n|\n|upkeep\n|turn|34\n|\n|t:|1701217865\n|switch|p2a: Clefable|Clefable, M|83\/100\n|move|p1a: Lopunny|Fake Out|p2a: Clefable\n|-damage|p2a: Clefable|66\/100\n|\n|upkeep\n|turn|35\n|c| Zeo556|i like mega lati so its cool\n|\n|t:|1701217871\n|move|p1a: Lopunny|Return|p2a: Clefable\n|-damage|p2a: Clefable|20\/100\n|move|p2a: Clefable|Soft-Boiled|p2a: Clefable\n|-heal|p2a: Clefable|70\/100\n|\n|upkeep\n|turn|36\n|\n|t:|1701217875\n|move|p1a: Lopunny|Return|p2a: Clefable\n|-damage|p2a: Clefable|24\/100\n|move|p2a: Clefable|Moonblast|p1a: Lopunny\n|-supereffective|p1a: Lopunny\n|-damage|p1a: Lopunny|0 fnt\n|faint|p1a: Lopunny\n|\n|upkeep\n|\n|t:|1701217877\n|switch|p1a: Iron Valiant|Iron Valiant|54\/100 brn\n|-damage|p1a: Iron Valiant|48\/100 brn|[from] Stealth Rock\n|turn|37\n|\n|t:|1701217880\n|switch|p2a: Volcarona|Volcarona, M|100\/100\n|-damage|p2a: Volcarona|50\/100|[from] Stealth Rock\n|-damage|p2a: Volcarona|38\/100|[from] Spikes\n|move|p1a: Iron Valiant|Moonblast|p2a: Volcarona\n|-resisted|p2a: Volcarona\n|-damage|p2a: Volcarona|15\/100\n|-damage|p1a: Iron Valiant|39\/100 brn|[from] item: Life Orb\n|\n|-damage|p1a: Iron Valiant|32\/100 brn|[from] brn\n|upkeep\n|turn|38\n|\n|t:|1701217884\n|switch|p2a: Ferrothorn|Ferrothorn, F|100\/100\n|-damage|p2a: Ferrothorn|94\/100|[from] Stealth Rock\n|-damage|p2a: Ferrothorn|82\/100|[from] Spikes\n|move|p1a: Iron Valiant|Thunderbolt|p2a: Ferrothorn\n|-resisted|p2a: Ferrothorn\n|-crit|p2a: Ferrothorn\n|-damage|p2a: Ferrothorn|53\/100\n|-damage|p1a: Iron Valiant|23\/100 brn|[from] item: Life Orb\n|\n|-heal|p2a: Ferrothorn|60\/100|[from] item: Leftovers\n|-damage|p1a: Iron Valiant|16\/100 brn|[from] brn\n|upkeep\n|turn|39\n|\n|t:|1701217886\n|switch|p2a: Landorus|Landorus-Therian, M|88\/100\n|-damage|p2a: Landorus|76\/100|[from] Stealth Rock\n|-ability|p2a: Landorus|Intimidate|boost\n|-unboost|p1a: Iron Valiant|atk|1\n|move|p1a: Iron Valiant|Close Combat|p2a: Landorus\n|-resisted|p2a: Landorus\n|-damage|p2a: Landorus|67\/100\n|-unboost|p1a: Iron Valiant|def|1\n|-unboost|p1a: Iron Valiant|spd|1\n|-damage|p1a: Iron Valiant|7\/100 brn|[from] item: Life Orb\n|\n|-damage|p1a: Iron Valiant|0 fnt|[from] brn\n|faint|p1a: Iron Valiant\n|-end|p1a: Iron Valiant|Quark Drive|[silent]\n|upkeep\n|\n|t:|1701217889\n|switch|p1a: Victini|Victini|34\/100\n|-damage|p1a: Victini|9\/100|[from] Stealth Rock\n|turn|40\n|c|\u2606adem|gg\n|c|\u2606Feuertraene|gg\n|c|\u2606adem|preserved.\n|\n|t:|1701217895\n|move|p2a: Landorus|Earthquake|p1a: Victini\n|-supereffective|p1a: Victini\n|-damage|p1a: Victini|0 fnt\n|faint|p1a: Victini\n|\n|win|adem\n|n|\u2606Feuertraene|feuertraene\n|n|\u2606adem|adem\n|n| Zeo556|zeo556\n|n| SNAK30PRA|snak30pra\n|n|+gewwge|gewwge\n|n| Slash Death|slashdeath\n|l|+gewwge\n","uploadtime":1701217898,"views":0,"p1id":"feuertraene","p2id":"adem","formatid":"gen9nationaldex","rating":0,"private":0,"password":""}