{"id":"gen9nationaldex-1993748009","p1":"srnana","p2":"afdsfasf","format":"[Gen 9] National Dex","log":"|j|\u2606srnana\n|j|\u2606afdsfasf\n|t:|1700352529\n|gametype|singles\n|player|p1|srnana|ghetsis-gen5bw|1074\n|player|p2|afdsfasf|lady|1112\n|teamsize|p1|6\n|teamsize|p2|6\n|gen|9\n|tier|[Gen 9] National Dex\n|rated|\n|rule|HP Percentage Mod: HP is shown in percentages\n|rule|Endless Battle Clause: Forcing endless battles is banned\n|rule|OHKO Clause: OHKO moves are banned\n|rule|Evasion Clause: Evasion abilities, items, and moves are banned\n|rule|Evasion Abilities Clause: Evasion abilities are banned\n|rule|Evasion Items Clause: Evasion items are banned\n|rule|Evasion Moves Clause: Evasion moves are banned\n|rule|Species Clause: Limit one of each Pok\u00e9mon\n|rule|Sleep Clause Mod: Limit one foe put to sleep\n|clearpoke\n|poke|p1|Clefable, M|\n|poke|p1|Alomomola, M|\n|poke|p1|Chansey, F|\n|poke|p1|Amoonguss, F|\n|poke|p1|Skarmory, F|\n|poke|p1|Gliscor, M|\n|poke|p2|Cinccino, F|\n|poke|p2|Frosmoth, F|\n|poke|p2|Mawile, F|\n|poke|p2|Milotic, M|\n|poke|p2|Salamence, F|\n|poke|p2|Glimmora, F|\n|teampreview\n|inactive|Battle timer is ON: inactive players will automatically lose when time's up. (requested by srnana)\n|\n|t:|1700352560\n|start\n|switch|p1a: Skarmory|Skarmory, F, shiny|100\/100\n|switch|p2a: Salamence|Salamence, F|100\/100\n|turn|1\n|\n|t:|1700352566\n|switch|p2a: Milotic|Milotic, M, shiny|100\/100\n|move|p1a: Skarmory|Stealth Rock|p2a: Milotic\n|-sidestart|p2: afdsfasf|move: Stealth Rock\n|\n|upkeep\n|turn|2\n|\n|t:|1700352572\n|move|p2a: Milotic|Scald|p1a: Skarmory\n|-damage|p1a: Skarmory|74\/100\n|-status|p1a: Skarmory|brn\n|move|p1a: Skarmory|Spikes|p2a: Milotic\n|-sidestart|p2: afdsfasf|Spikes\n|\n|-damage|p1a: Skarmory|68\/100 brn|[from] brn\n|upkeep\n|turn|3\n|\n|t:|1700352583\n|switch|p2a: Frosmoth|Frosmoth, F|100\/100\n|-terastallize|p1a: Skarmory|Fire\n|move|p1a: Skarmory|Spikes|p2a: Frosmoth\n|-sidestart|p2: afdsfasf|Spikes\n|\n|-damage|p1a: Skarmory|62\/100 brn|[from] brn\n|upkeep\n|turn|4\n|\n|t:|1700352590\n|-terastallize|p2a: Frosmoth|Fire\n|move|p2a: Frosmoth|Quiver Dance|p2a: Frosmoth\n|-boost|p2a: Frosmoth|spa|1\n|-boost|p2a: Frosmoth|spd|1\n|-boost|p2a: Frosmoth|spe|1\n|move|p1a: Skarmory|Spikes|p2a: Frosmoth\n|-sidestart|p2: afdsfasf|Spikes\n|\n|-damage|p1a: Skarmory|56\/100 brn|[from] brn\n|upkeep\n|turn|5\n|\n|t:|1700352599\n|switch|p1a: Clefable|Clefable, M, shiny|100\/100\n|move|p2a: Frosmoth|Quiver Dance|p2a: Frosmoth\n|-boost|p2a: Frosmoth|spa|1\n|-boost|p2a: Frosmoth|spd|1\n|-boost|p2a: Frosmoth|spe|1\n|\n|upkeep\n|turn|6\n|\n|t:|1700352625\n|move|p2a: Frosmoth|Tera Blast|p1a: Clefable|[anim] Tera Blast Fire\n|-damage|p1a: Clefable|55\/100\n|move|p1a: Clefable|Psyshock|p2a: Frosmoth\n|-damage|p2a: Frosmoth|80\/100\n|\n|-heal|p1a: Clefable|61\/100|[from] item: Leftovers\n|upkeep\n|turn|7\n|\n|t:|1700352635\n|move|p2a: Frosmoth|Tera Blast|p1a: Clefable|[anim] Tera Blast Fire\n|-damage|p1a: Clefable|20\/100\n|move|p1a: Clefable|Calm Mind|p1a: Clefable\n|-boost|p1a: Clefable|spa|1\n|-boost|p1a: Clefable|spd|1\n|\n|-heal|p1a: Clefable|26\/100|[from] item: Leftovers\n|upkeep\n|turn|8\n|\n|t:|1700352645\n|move|p2a: Frosmoth|Tera Blast|p1a: Clefable|[anim] Tera Blast Fire\n|-damage|p1a: Clefable|0 fnt\n|faint|p1a: Clefable\n|\n|upkeep\n|-message|srnana forfeited.\n|\n|win|afdsfasf\n|raw|srnana's rating: 1074 &rarr; <strong>1055<\/strong><br \/>(-19 for losing)\n|raw|afdsfasf's rating: 1112 &rarr; <strong>1134<\/strong><br \/>(+22 for winning)\n|l|\u2606srnana\n","uploadtime":1700352656,"views":12,"p1id":"srnana","p2id":"afdsfasf","formatid":"gen9nationaldex","rating":1055,"private":0,"password":""}