{"id":"gen9nationaldex-1991791889","p1":"chh12345","p2":"as cheu","format":"[Gen 9] National Dex","log":"|j|\u2606chh12345\n|j|\u2606as cheu\n|t:|1700118149\n|gametype|singles\n|player|p1|chh12345|cynthia-gen4|1754\n|player|p2|as cheu|101|1628\n|teamsize|p1|6\n|teamsize|p2|6\n|gen|9\n|tier|[Gen 9] National Dex\n|rated|\n|rule|HP Percentage Mod: HP is shown in percentages\n|rule|Endless Battle Clause: Forcing endless battles is banned\n|rule|OHKO Clause: OHKO moves are banned\n|rule|Evasion Clause: Evasion abilities, items, and moves are banned\n|rule|Evasion Abilities Clause: Evasion abilities are banned\n|rule|Evasion Items Clause: Evasion items are banned\n|rule|Evasion Moves Clause: Evasion moves are banned\n|rule|Species Clause: Limit one of each Pok\u00e9mon\n|rule|Sleep Clause Mod: Limit one foe put to sleep\n|clearpoke\n|poke|p1|Ceruledge, F|\n|poke|p1|Galvantula, F|\n|poke|p1|Nidoking, M|\n|poke|p1|Serperior, F|\n|poke|p1|Diancie|\n|poke|p1|Ogerpon-Wellspring, F|\n|poke|p2|Steelix, M|\n|poke|p2|Hatterene, F|\n|poke|p2|Greninja-*, M|\n|poke|p2|Medicham, F|\n|poke|p2|Marowak-Alola, M|\n|poke|p2|Salamence, M|\n|teampreview\n|inactive|Battle timer is ON: inactive players will automatically lose when time's up. (requested by as cheu)\n|\n|t:|1700118196\n|start\n|switch|p1a: \u6cd5\u5e08|Galvantula, F, shiny|100\/100\n|switch|p2a: Greninja|Greninja, M|100\/100\n|turn|1\n|c|\u2606chh12345|\u3002\n|\n|t:|1700118203\n|switch|p2a: Hatterene|Hatterene, F|100\/100\n|move|p1a: \u6cd5\u5e08|Thunder Wave|p2a: Hatterene\n|move|p2a: Hatterene|Thunder Wave|p1a: \u6cd5\u5e08|[from]ability: Magic Bounce\n|-immune|p1a: \u6cd5\u5e08\n|\n|upkeep\n|turn|2\n|j| xsk123\n|\n|t:|1700118208\n|move|p1a: \u6cd5\u5e08|Thunder|p2a: Hatterene\n|-damage|p2a: Hatterene|67\/100\n|move|p2a: Hatterene|Mystical Fire|p1a: \u6cd5\u5e08\n|-supereffective|p1a: \u6cd5\u5e08\n|-damage|p1a: \u6cd5\u5e08|24\/100\n|-unboost|p1a: \u6cd5\u5e08|spa|1\n|\n|upkeep\n|turn|3\n|\n|t:|1700118218\n|switch|p2a: Steelix|Steelix, M|100\/100\n|move|p1a: \u6cd5\u5e08|Thunder|p2a: Steelix\n|-immune|p2a: Steelix\n|\n|upkeep\n|turn|4\n|\n|t:|1700118224\n|switch|p2a: Hatterene|Hatterene, F|67\/100\n|move|p1a: \u6cd5\u5e08|Sticky Web|p2a: Hatterene\n|move|p2a: Hatterene|Sticky Web|p1a: \u6cd5\u5e08|[from]ability: Magic Bounce\n|-sidestart|p1: chh12345|move: Sticky Web\n|\n|upkeep\n|turn|5\n|\n|t:|1700118229\n|move|p1a: \u6cd5\u5e08|Thunder|p2a: Hatterene\n|-damage|p2a: Hatterene|44\/100\n|move|p2a: Hatterene|Mystical Fire|p1a: \u6cd5\u5e08\n|-supereffective|p1a: \u6cd5\u5e08\n|-damage|p1a: \u6cd5\u5e08|0 fnt\n|faint|p1a: \u6cd5\u5e08\n|\n|upkeep\n|\n|t:|1700118242\n|switch|p1a: \u602a\u517d|Nidoking, M|100\/100\n|-activate|p1a: \u602a\u517d|move: Sticky Web\n|-unboost|p1a: \u602a\u517d|spe|1\n|turn|6\n|\n|t:|1700118257\n|-terastallize|p2a: Hatterene|Water\n|move|p1a: \u602a\u517d|Sludge Wave|p2a: Hatterene\n|-damage|p2a: Hatterene|0 fnt\n|faint|p2a: Hatterene\n|\n|upkeep\n|\n|t:|1700118263\n|switch|p2a: Medicham|Medicham, F|100\/100\n|turn|7\n|\n|t:|1700118266\n|switch|p1a: \u5251\u58eb|Ceruledge, F|100\/100\n|-activate|p1a: \u5251\u58eb|move: Sticky Web\n|-unboost|p1a: \u5251\u58eb|spe|1\n|detailschange|p2a: Medicham|Medicham-Mega, F\n|-mega|p2a: Medicham|Medicham|Medichamite\n|move|p2a: Medicham|Psycho Cut|p1a: \u5251\u58eb\n|-damage|p1a: \u5251\u58eb|20\/100\n|-ability|p1a: \u5251\u58eb|Weak Armor|boost\n|-unboost|p1a: \u5251\u58eb|def|1\n|-boost|p1a: \u5251\u58eb|spe|2\n|\n|upkeep\n|turn|8\n|\n|t:|1700118280\n|switch|p2a: Salamence|Salamence, M|100\/100\n|-ability|p2a: Salamence|Intimidate|boost\n|-unboost|p1a: \u5251\u58eb|atk|1\n|move|p1a: \u5251\u58eb|Poltergeist|p2a: Salamence\n|-activate|p2a: Salamence|move: Poltergeist|Heavy-Duty Boots\n|-damage|p2a: Salamence|53\/100\n|\n|upkeep\n|turn|9\n|j| cheese miestro\n|\n|t:|1700118304\n|move|p1a: \u5251\u58eb|Poltergeist|p2a: Salamence\n|-activate|p2a: Salamence|move: Poltergeist|Heavy-Duty Boots\n|-damage|p2a: Salamence|6\/100\n|move|p2a: Salamence|Roost|p2a: Salamence\n|-heal|p2a: Salamence|56\/100\n|-singleturn|p2a: Salamence|move: Roost\n|\n|upkeep\n|turn|10\n|\n|t:|1700118314\n|switch|p2a: Greninja|Greninja, M|100\/100\n|move|p1a: \u5251\u58eb|Swords Dance|p1a: \u5251\u58eb\n|-boost|p1a: \u5251\u58eb|atk|2\n|\n|upkeep\n|turn|11\n|\n|t:|1700118339\n|-terastallize|p1a: \u5251\u58eb|Grass\n|move|p2a: Greninja|Dark Pulse|p1a: \u5251\u58eb\n|-start|p2a: Greninja|typechange|Dark|[from] ability: Protean\n|-damage|p1a: \u5251\u58eb|0 fnt\n|faint|p1a: \u5251\u58eb\n|\n|upkeep\n|inactive|chh12345 has 120 seconds left.\n|\n|t:|1700118360\n|switch|p1a: \u516c\u4e3b|Diancie|100\/100\n|-activate|p1a: \u516c\u4e3b|move: Sticky Web\n|-fail|p1a: \u516c\u4e3b|unboost|[from] ability: Clear Body|[of] p1a: \u516c\u4e3b\n|turn|12\n|\n|t:|1700118364\n|switch|p2a: Steelix|Steelix, M|100\/100\n|move|p1a: \u516c\u4e3b|Moonblast|p2a: Steelix\n|-resisted|p2a: Steelix\n|-damage|p2a: Steelix|82\/100\n|-unboost|p2a: Steelix|spa|1\n|\n|upkeep\n|turn|13\n|inactive|chh12345 has 120 seconds left.\n|\n|t:|1700118378\n|switch|p1a: \u602a\u517d|Nidoking, M|100\/100\n|-activate|p1a: \u602a\u517d|move: Sticky Web\n|-unboost|p1a: \u602a\u517d|spe|1\n|move|p2a: Steelix|Earthquake|p1a: \u602a\u517d\n|-supereffective|p1a: \u602a\u517d\n|-damage|p1a: \u602a\u517d|15\/100\n|\n|upkeep\n|turn|14\n|inactive|chh12345 has 120 seconds left.\n|\n|t:|1700118395\n|move|p1a: \u602a\u517d|Ice Beam|p2a: Steelix\n|-damage|p2a: Steelix|43\/100\n|move|p2a: Steelix|Earthquake|p1a: \u602a\u517d\n|-supereffective|p1a: \u602a\u517d\n|-damage|p1a: \u602a\u517d|0 fnt\n|faint|p1a: \u602a\u517d\n|\n|upkeep\n|\n|t:|1700118400\n|switch|p1a: \u5e1d\u738b|Serperior, F|100\/100\n|-activate|p1a: \u5e1d\u738b|move: Sticky Web\n|-boost|p1a: \u5e1d\u738b|spe|1\n|turn|15\n|\n|t:|1700118413\n|move|p1a: \u5e1d\u738b|Leaf Storm|p2a: Steelix\n|-damage|p2a: Steelix|2\/100\n|-boost|p1a: \u5e1d\u738b|spa|2\n|move|p2a: Steelix|Explosion|p1a: \u5e1d\u738b\n|-crit|p1a: \u5e1d\u738b\n|-damage|p1a: \u5e1d\u738b|5\/100\n|faint|p2a: Steelix\n|\n|-heal|p1a: \u5e1d\u738b|11\/100|[from] item: Leftovers\n|upkeep\n|\n|t:|1700118420\n|switch|p2a: Medicham|Medicham-Mega, F|100\/100\n|turn|16\n|c|\u2606as cheu|\u81ea\u7206\u5361\u8f66\n|inactive|as cheu has 120 seconds left.\n|c|\u2606chh12345|\u62bd\u50cf\n|\n|t:|1700118455\n|switch|p1a: \u516c\u4e3b|Diancie|100\/100\n|-activate|p1a: \u516c\u4e3b|move: Sticky Web\n|-fail|p1a: \u516c\u4e3b|unboost|[from] ability: Clear Body|[of] p1a: \u516c\u4e3b\n|move|p2a: Medicham|Fake Out|p1a: \u516c\u4e3b\n|-resisted|p1a: \u516c\u4e3b\n|-damage|p1a: \u516c\u4e3b|89\/100\n|\n|upkeep\n|turn|17\n|inactive|as cheu has 120 seconds left.\n|c|\u2606chh12345|\u600e\u4e48\u4f1a\u6709\u56f4\u5dfe\u86d9\n|\n|t:|1700118471\n|switch|p2a: Salamence|Salamence, M|56\/100\n|-ability|p2a: Salamence|Intimidate|boost\n|-fail|p1a: \u516c\u4e3b|unboost|[from] ability: Clear Body|[of] p1a: \u516c\u4e3b\n|move|p1a: \u516c\u4e3b|Moonblast|p2a: Salamence\n|-supereffective|p2a: Salamence\n|-damage|p2a: Salamence|0 fnt\n|faint|p2a: Salamence\n|\n|upkeep\n|inactive|as cheu has 120 seconds left.\n|\n|t:|1700118481\n|switch|p2a: Greninja|Greninja, M|100\/100\n|turn|18\n|\n|t:|1700118484\n|switch|p1a: \u5e1d\u738b|Serperior, F|11\/100\n|-activate|p1a: \u5e1d\u738b|move: Sticky Web\n|-boost|p1a: \u5e1d\u738b|spe|1\n|move|p2a: Greninja|Ice Beam|p1a: \u5e1d\u738b\n|-start|p2a: Greninja|typechange|Ice|[from] ability: Protean\n|-supereffective|p1a: \u5e1d\u738b\n|-damage|p1a: \u5e1d\u738b|0 fnt\n|faint|p1a: \u5e1d\u738b\n|\n|upkeep\n|l| cheese miestro\n|j| cheese miestro\n|l| cheese miestro\n|j| spino6302\n|\n|t:|1700118506\n|switch|p1a: \u7cbe\u7075|Ogerpon-Wellspring, F|100\/100\n|-activate|p1a: \u7cbe\u7075|move: Sticky Web\n|-unboost|p1a: \u7cbe\u7075|spe|1\n|turn|19\n|\n|t:|1700118522\n|switch|p2a: Marowak|Marowak-Alola, M|100\/100\n|move|p1a: \u7cbe\u7075|U-turn|p2a: Marowak\n|-resisted|p2a: Marowak\n|-damage|p2a: Marowak|94\/100\n|\n|t:|1700118528\n|switch|p1a: \u516c\u4e3b|Diancie|89\/100|[from] U-turn\n|-activate|p1a: \u516c\u4e3b|move: Sticky Web\n|-fail|p1a: \u516c\u4e3b|unboost|[from] ability: Clear Body|[of] p1a: \u516c\u4e3b\n|\n|upkeep\n|turn|20\n|\n|t:|1700118538\n|move|p1a: \u516c\u4e3b|Diamond Storm|p2a: Marowak\n|-supereffective|p2a: Marowak\n|-damage|p2a: Marowak|32\/100\n|move|p2a: Marowak|Earthquake|p1a: \u516c\u4e3b\n|-supereffective|p1a: \u516c\u4e3b\n|-damage|p1a: \u516c\u4e3b|8\/100\n|\n|upkeep\n|turn|21\n|\n|t:|1700118550\n|switch|p1a: \u7cbe\u7075|Ogerpon-Wellspring, F|100\/100\n|-activate|p1a: \u7cbe\u7075|move: Sticky Web\n|-unboost|p1a: \u7cbe\u7075|spe|1\n|move|p2a: Marowak|Earthquake|p1a: \u7cbe\u7075\n|-resisted|p1a: \u7cbe\u7075\n|-damage|p1a: \u7cbe\u7075|74\/100\n|\n|upkeep\n|turn|22\n|\n|t:|1700118557\n|move|p1a: \u7cbe\u7075|Ivy Cudgel|p2a: Marowak|[anim] Ivy Cudgel Water\n|-supereffective|p2a: Marowak\n|-damage|p2a: Marowak|0 fnt\n|faint|p2a: Marowak\n|\n|upkeep\n|\n|t:|1700118561\n|switch|p2a: Medicham|Medicham-Mega, F|100\/100\n|turn|23\n|\n|t:|1700118567\n|switch|p1a: \u516c\u4e3b|Diancie|8\/100\n|-activate|p1a: \u516c\u4e3b|move: Sticky Web\n|-fail|p1a: \u516c\u4e3b|unboost|[from] ability: Clear Body|[of] p1a: \u516c\u4e3b\n|move|p2a: Medicham|Close Combat|p1a: \u516c\u4e3b\n|-damage|p1a: \u516c\u4e3b|0 fnt\n|-unboost|p2a: Medicham|def|1\n|-unboost|p2a: Medicham|spd|1\n|faint|p1a: \u516c\u4e3b\n|\n|upkeep\n|-message|chh12345 forfeited.\n|\n|win|as cheu\n|raw|chh12345's rating: 1754 &rarr; <strong>1727<\/strong><br \/>(-27 for losing)\n|raw|as cheu's rating: 1628 &rarr; <strong>1655<\/strong><br \/>(+27 for winning)\n|l|\u2606chh12345\n","uploadtime":1700118576,"views":5,"p1id":"chh12345","p2id":"ascheu","formatid":"gen9nationaldex","rating":1655,"private":0,"password":""}