{"id":"gen9nationaldex-1996743248","p1":"amberfossil","p2":"draco cula","format":"[Gen 9] National Dex","log":"|html|<div class=\"broadcast-blue\"><strong>[Gen 9] National Dex is currently suspecting Sneasler! For information on how to participate check out the <a href=\"https:\/\/www.smogon.com\/forums\/threads\/sv-national-dex-suspect-8-just-dance.3731534\/\">suspect thread<\/a>.<\/strong><\/div>\n|j|\u2606amberfossil\n|j|\u2606draco cula\n|t:|1700717739\n|gametype|singles\n|player|p1|amberfossil|cameraman|1160\n|player|p2|draco cula|blue|1086\n|teamsize|p1|6\n|teamsize|p2|6\n|gen|9\n|tier|[Gen 9] National Dex\n|rated|\n|rule|HP Percentage Mod: HP is shown in percentages\n|rule|Endless Battle Clause: Forcing endless battles is banned\n|rule|OHKO Clause: OHKO moves are banned\n|rule|Evasion Clause: Evasion abilities, items, and moves are banned\n|rule|Evasion Abilities Clause: Evasion abilities are banned\n|rule|Evasion Items Clause: Evasion items are banned\n|rule|Evasion Moves Clause: Evasion moves are banned\n|rule|Species Clause: Limit one of each Pok\u00e9mon\n|rule|Sleep Clause Mod: Limit one foe put to sleep\n|clearpoke\n|poke|p1|Scolipede, M|\n|poke|p1|Alakazam, M|\n|poke|p1|Sharpedo, M|\n|poke|p1|Noivern, M|\n|poke|p1|Haxorus, M|\n|poke|p1|Salamence, M|\n|poke|p2|Charizard, F|\n|poke|p2|Gengar, M|\n|poke|p2|Blaziken, F|\n|poke|p2|Feraligatr, M|\n|poke|p2|Gliscor, F|\n|poke|p2|Sirfetch\u2019d, F|\n|teampreview\n|inactive|Battle timer is ON: inactive players will automatically lose when time's up. (requested by draco cula)\n|inactive|amberfossil also wants the timer to be on.\n|\n|t:|1700717745\n|start\n|switch|p1a: Haxorus|Haxorus, M, shiny|100\/100\n|switch|p2a: Gliscor|Gliscor, F|100\/100\n|-ability|p1a: Haxorus|Mold Breaker\n|turn|1\n|\n|t:|1700717753\n|move|p1a: Haxorus|Breaking Swipe|p2a: Gliscor\n|-damage|p2a: Gliscor|71\/100\n|-unboost|p2a: Gliscor|atk|1\n|move|p2a: Gliscor|Toxic|p1a: Haxorus\n|-status|p1a: Haxorus|tox\n|\n|-damage|p1a: Haxorus|94\/100 tox|[from] psn\n|-status|p2a: Gliscor|tox|[from] item: Toxic Orb\n|upkeep\n|turn|2\n|\n|t:|1700717764\n|move|p2a: Gliscor|Protect|p2a: Gliscor\n|-singleturn|p2a: Gliscor|Protect\n|move|p1a: Haxorus|Iron Head|p2a: Gliscor\n|-activate|p2a: Gliscor|move: Protect\n|\n|-damage|p1a: Haxorus|82\/100 tox|[from] psn\n|-heal|p2a: Gliscor|83\/100 tox|[from] ability: Poison Heal\n|upkeep\n|turn|3\n|\n|t:|1700717772\n|switch|p1a: Alakazam|Alakazam, M|100\/100\n|move|p2a: Gliscor|Stealth Rock|p1a: Alakazam\n|-sidestart|p1: amberfossil|move: Stealth Rock\n|\n|-heal|p2a: Gliscor|96\/100 tox|[from] ability: Poison Heal\n|upkeep\n|turn|4\n|\n|t:|1700717779\n|move|p1a: Alakazam|Hidden Power|p2a: Gliscor\n|-supereffective|p2a: Gliscor\n|-damage|p2a: Gliscor|0 fnt\n|faint|p2a: Gliscor\n|\n|upkeep\n|\n|t:|1700717802\n|switch|p2a: Feraligatr|Feraligatr, M|100\/100\n|turn|5\n|\n|t:|1700717805\n|move|p1a: Alakazam|Energy Ball|p2a: Feraligatr\n|-supereffective|p2a: Feraligatr\n|-damage|p2a: Feraligatr|9\/100\n|move|p2a: Feraligatr|Dragon Dance|p2a: Feraligatr\n|-boost|p2a: Feraligatr|atk|1\n|-boost|p2a: Feraligatr|spe|1\n|\n|-heal|p2a: Feraligatr|15\/100|[from] item: Leftovers\n|upkeep\n|turn|6\n|\n|t:|1700717813\n|-terastallize|p1a: Alakazam|Ice\n|move|p1a: Alakazam|Energy Ball|p2a: Feraligatr\n|-supereffective|p2a: Feraligatr\n|-crit|p2a: Feraligatr\n|-damage|p2a: Feraligatr|0 fnt\n|faint|p2a: Feraligatr\n|\n|upkeep\n|\n|t:|1700717823\n|switch|p2a: Charizard|Charizard, F|100\/100\n|turn|7\n|\n|t:|1700717829\n|detailschange|p2a: Charizard|Charizard-Mega-X, F\n|-mega|p2a: Charizard|Charizard|Charizardite X\n|move|p1a: Alakazam|Psychic|p2a: Charizard\n|-damage|p2a: Charizard|15\/100\n|move|p2a: Charizard|Fire Blast|p1a: Alakazam\n|-supereffective|p1a: Alakazam\n|-damage|p1a: Alakazam|0 fnt\n|faint|p1a: Alakazam\n|\n|upkeep\n|\n|t:|1700717836\n|switch|p1a: Scolipede|Scolipede, M, shiny|100\/100\n|-damage|p1a: Scolipede|76\/100|[from] Stealth Rock\n|turn|8\n|\n|t:|1700717841\n|move|p1a: Scolipede|Protect|p1a: Scolipede\n|-singleturn|p1a: Scolipede|Protect\n|move|p2a: Charizard|Fire Blast|p1a: Scolipede\n|-activate|p1a: Scolipede|move: Protect\n|\n|-ability|p1a: Scolipede|Speed Boost|boost\n|-boost|p1a: Scolipede|spe|1\n|upkeep\n|turn|9\n|\n|t:|1700717854\n|move|p1a: Scolipede|Rock Slide|p2a: Charizard\n|-supereffective|p2a: Charizard\n|-damage|p2a: Charizard|0 fnt\n|faint|p2a: Charizard\n|\n|-ability|p1a: Scolipede|Speed Boost|boost\n|-boost|p1a: Scolipede|spe|1\n|upkeep\n|\n|t:|1700717864\n|switch|p2a: Blaziken|Blaziken, F|100\/100\n|turn|10\n|\n|t:|1700717871\n|move|p1a: Scolipede|Poison Jab|p2a: Blaziken\n|-damage|p2a: Blaziken|47\/100\n|-status|p2a: Blaziken|psn\n|move|p2a: Blaziken|Blaze Kick|p1a: Scolipede|[miss]\n|-miss|p2a: Blaziken|p1a: Scolipede\n|\n|-heal|p2a: Blaziken|53\/100 psn|[from] item: Leftovers\n|-damage|p2a: Blaziken|41\/100 psn|[from] psn\n|-ability|p1a: Scolipede|Speed Boost|boost\n|-boost|p1a: Scolipede|spe|1\n|-ability|p2a: Blaziken|Speed Boost|boost\n|-boost|p2a: Blaziken|spe|1\n|upkeep\n|turn|11\n|\n|t:|1700717883\n|move|p1a: Scolipede|Protect|p1a: Scolipede\n|-singleturn|p1a: Scolipede|Protect\n|move|p2a: Blaziken|Blaze Kick|p1a: Scolipede\n|-activate|p1a: Scolipede|move: Protect\n|\n|-heal|p2a: Blaziken|47\/100 psn|[from] item: Leftovers\n|-damage|p2a: Blaziken|35\/100 psn|[from] psn\n|-ability|p1a: Scolipede|Speed Boost|boost\n|-boost|p1a: Scolipede|spe|1\n|-ability|p2a: Blaziken|Speed Boost|boost\n|-boost|p2a: Blaziken|spe|1\n|upkeep\n|turn|12\n|\n|t:|1700717893\n|move|p1a: Scolipede|Poison Jab|p2a: Blaziken\n|-damage|p2a: Blaziken|0 fnt\n|faint|p2a: Blaziken\n|\n|-ability|p1a: Scolipede|Speed Boost|boost\n|-boost|p1a: Scolipede|spe|1\n|upkeep\n|\n|t:|1700717904\n|switch|p2a: Gengar|Gengar, M|100\/100\n|turn|13\n|\n|t:|1700717909\n|move|p1a: Scolipede|Rock Slide|p2a: Gengar\n|-damage|p2a: Gengar|59\/100\n|cant|p2a: Gengar|flinch\n|\n|-heal|p2a: Gengar|65\/100|[from] item: Leftovers\n|-ability|p1a: Scolipede|Speed Boost|boost\n|-boost|p1a: Scolipede|spe|1\n|upkeep\n|turn|14\n|\n|t:|1700717916\n|move|p1a: Scolipede|Rock Slide|p2a: Gengar\n|-damage|p2a: Gengar|25\/100\n|move|p2a: Gengar|Will-O-Wisp|p1a: Scolipede\n|-status|p1a: Scolipede|brn\n|\n|-heal|p2a: Gengar|31\/100|[from] item: Leftovers\n|-damage|p1a: Scolipede|69\/100 brn|[from] brn\n|upkeep\n|turn|15\n|\n|t:|1700717926\n|move|p1a: Scolipede|Rock Slide|p2a: Gengar\n|-crit|p2a: Gengar\n|-damage|p2a: Gengar|4\/100\n|-start|p1a: Scolipede|Disable|Rock Slide|[from] ability: Cursed Body|[of] p2a: Gengar\n|cant|p2a: Gengar|flinch\n|\n|-heal|p2a: Gengar|10\/100|[from] item: Leftovers\n|-damage|p1a: Scolipede|63\/100 brn|[from] brn\n|upkeep\n|turn|16\n|\n|t:|1700717935\n|move|p1a: Scolipede|Megahorn|p2a: Gengar\n|-resisted|p2a: Gengar\n|-damage|p2a: Gengar|0 fnt\n|faint|p2a: Gengar\n|\n|-damage|p1a: Scolipede|57\/100 brn|[from] brn\n|upkeep\n|\n|t:|1700717941\n|switch|p2a: Sirfetch\u2019d|Sirfetch\u2019d, F|100\/100\n|turn|17\n|\n|t:|1700717945\n|move|p1a: Scolipede|Poison Jab|p2a: Sirfetch\u2019d\n|-crit|p2a: Sirfetch\u2019d\n|-damage|p2a: Sirfetch\u2019d|67\/100\n|-status|p2a: Sirfetch\u2019d|psn\n|move|p2a: Sirfetch\u2019d|Swords Dance|p2a: Sirfetch\u2019d\n|-boost|p2a: Sirfetch\u2019d|atk|2\n|\n|-damage|p2a: Sirfetch\u2019d|55\/100 psn|[from] psn\n|-damage|p1a: Scolipede|51\/100 brn|[from] brn\n|upkeep\n|turn|18\n|\n|t:|1700717958\n|-terastallize|p2a: Sirfetch\u2019d|Steel\n|move|p1a: Scolipede|Protect|p1a: Scolipede\n|-singleturn|p1a: Scolipede|Protect\n|move|p2a: Sirfetch\u2019d|Brave Bird|p1a: Scolipede\n|-activate|p1a: Scolipede|move: Protect\n|\n|-damage|p2a: Sirfetch\u2019d|43\/100 psn|[from] psn\n|-damage|p1a: Scolipede|45\/100 brn|[from] brn\n|-end|p1a: Scolipede|Disable\n|upkeep\n|turn|19\n|\n|t:|1700717968\n|move|p1a: Scolipede|Rock Slide|p2a: Sirfetch\u2019d\n|-resisted|p2a: Sirfetch\u2019d\n|-damage|p2a: Sirfetch\u2019d|36\/100 psn\n|move|p2a: Sirfetch\u2019d|Brave Bird|p1a: Scolipede\n|-supereffective|p1a: Scolipede\n|-crit|p1a: Scolipede\n|-damage|p1a: Scolipede|0 fnt\n|faint|p1a: Scolipede\n|-damage|p2a: Sirfetch\u2019d|23\/100 psn|[from] Recoil\n|\n|-damage|p2a: Sirfetch\u2019d|11\/100 psn|[from] psn\n|upkeep\n|\n|t:|1700717980\n|switch|p1a: Haxorus|Haxorus, M, shiny|82\/100 tox\n|-damage|p1a: Haxorus|70\/100 tox|[from] Stealth Rock\n|-ability|p1a: Haxorus|Mold Breaker\n|turn|20\n|\n|t:|1700717988\n|move|p1a: Haxorus|Breaking Swipe|p2a: Sirfetch\u2019d\n|-resisted|p2a: Sirfetch\u2019d\n|-damage|p2a: Sirfetch\u2019d|0 fnt\n|faint|p2a: Sirfetch\u2019d\n|\n|win|amberfossil\n|raw|amberfossil's rating: 1160 &rarr; <strong>1180<\/strong><br \/>(+20 for winning)\n|raw|draco cula's rating: 1086 &rarr; <strong>1068<\/strong><br \/>(-18 for losing)\n","uploadtime":1700717992,"views":12,"p1id":"amberfossil","p2id":"dracocula","formatid":"gen9nationaldex","rating":1068,"private":0,"password":""}