{"id":"gen9nationaldex-1992133552","p1":"Gabrielxz18","p2":"AltoMandoKuro","format":"[Gen 9] National Dex","log":"|j|\u2606Gabrielxz18\n|j|\u2606AltoMandoKuro\n|t:|1700157818\n|gametype|singles\n|player|p1|Gabrielxz18|shadowtriad|\n|player|p2|AltoMandoKuro|veteran|\n|teamsize|p1|6\n|teamsize|p2|6\n|gen|9\n|tier|[Gen 9] National Dex\n|rule|HP Percentage Mod: HP is shown in percentages\n|rule|Endless Battle Clause: Forcing endless battles is banned\n|rule|OHKO Clause: OHKO moves are banned\n|rule|Evasion Clause: Evasion abilities, items, and moves are banned\n|rule|Evasion Abilities Clause: Evasion abilities are banned\n|rule|Evasion Items Clause: Evasion items are banned\n|rule|Evasion Moves Clause: Evasion moves are banned\n|rule|Species Clause: Limit one of each Pok\u00e9mon\n|rule|Sleep Clause Mod: Limit one foe put to sleep\n|clearpoke\n|poke|p1|Mienshao, F|\n|poke|p1|Honchkrow, F|\n|poke|p1|Pyroar, M|\n|poke|p1|Gyarados, M|\n|poke|p1|Delphox, F|\n|poke|p1|Talonflame, M|\n|poke|p2|Sceptile, M|\n|poke|p2|Salamence, F|\n|poke|p2|Slurpuff, M|\n|poke|p2|Aegislash, M|\n|poke|p2|Clawitzer, F|\n|poke|p2|Slaking, M|\n|teampreview\n|j| Vaictador\n|\n|t:|1700157871\n|start\n|switch|p1a: Mienshao|Mienshao, F|100\/100\n|switch|p2a: Astro|Slurpuff, M, shiny|100\/100\n|turn|1\n|\n|t:|1700157877\n|move|p1a: Mienshao|Fake Out|p2a: Astro\n|-damage|p2a: Astro|87\/100\n|cant|p2a: Astro|flinch\n|\n|upkeep\n|turn|2\n|\n|t:|1700157887\n|move|p1a: Mienshao|U-turn|p2a: Astro\n|-resisted|p2a: Astro\n|-damage|p2a: Astro|76\/100\n|\n|t:|1700157894\n|switch|p1a: Gyarados|Gyarados, M|100\/100|[from] U-turn\n|-ability|p1a: Gyarados|Intimidate|boost\n|-unboost|p2a: Astro|atk|1\n|move|p2a: Astro|Sticky Web|p1a: Gyarados\n|-sidestart|p1: Gabrielxz18|move: Sticky Web\n|\n|upkeep\n|turn|3\n|\n|t:|1700157904\n|detailschange|p1a: Gyarados|Gyarados-Mega, M\n|-mega|p1a: Gyarados|Gyarados|Gyaradosite\n|-ability|p1a: Gyarados|Mold Breaker\n|move|p2a: Astro|Yawn|p1a: Gyarados\n|-start|p1a: Gyarados|move: Yawn|[of] p2a: Astro\n|move|p1a: Gyarados|Aqua Tail|p2a: Astro\n|-damage|p2a: Astro|10\/100\n|\n|upkeep\n|turn|4\n|\n|t:|1700157926\n|switch|p1a: Talonflame|Talonflame, M|100\/100\n|move|p2a: Astro|Misty Explosion|p1a: Talonflame\n|-resisted|p1a: Talonflame\n|-damage|p1a: Talonflame|79\/100\n|faint|p2a: Astro\n|\n|upkeep\n|\n|t:|1700157942\n|switch|p2a: Xavi|Clawitzer, F, shiny|100\/100\n|turn|5\n|\n|t:|1700157951\n|move|p1a: Talonflame|Will-O-Wisp|p2a: Xavi\n|-status|p2a: Xavi|brn\n|move|p2a: Xavi|Water Pulse|p1a: Talonflame\n|-supereffective|p1a: Talonflame\n|-damage|p1a: Talonflame|0 fnt\n|faint|p1a: Talonflame\n|\n|-damage|p2a: Xavi|94\/100 brn|[from] brn\n|upkeep\n|\n|t:|1700157965\n|switch|p1a: Gyarados|Gyarados-Mega, M|100\/100\n|-activate|p1a: Gyarados|move: Sticky Web\n|-unboost|p1a: Gyarados|spe|1\n|-ability|p1a: Gyarados|Mold Breaker\n|turn|6\n|\n|t:|1700157991\n|switch|p2a: Rocket|Aegislash, M, shiny|100\/100\n|move|p1a: Gyarados|Dragon Dance|p1a: Gyarados\n|-boost|p1a: Gyarados|atk|1\n|-boost|p1a: Gyarados|spe|1\n|\n|upkeep\n|turn|7\n|\n|t:|1700157998\n|move|p1a: Gyarados|Dragon Dance|p1a: Gyarados\n|-boost|p1a: Gyarados|atk|1\n|-boost|p1a: Gyarados|spe|1\n|move|p2a: Rocket|Toxic|p1a: Gyarados\n|-status|p1a: Gyarados|tox\n|\n|-damage|p1a: Gyarados|94\/100 tox|[from] psn\n|upkeep\n|turn|8\n|\n|t:|1700158003\n|move|p1a: Gyarados|Earthquake|p2a: Rocket\n|-supereffective|p2a: Rocket\n|-crit|p2a: Rocket\n|-damage|p2a: Rocket|0 fnt\n|faint|p2a: Rocket\n|\n|-damage|p1a: Gyarados|82\/100 tox|[from] psn\n|upkeep\n|\n|t:|1700158010\n|switch|p2a: Luguel|Sceptile, M, shiny|100\/100\n|turn|9\n|j| carlotaRC\n|\n|t:|1700158019\n|detailschange|p2a: Luguel|Sceptile-Mega, M, shiny\n|-mega|p2a: Luguel|Sceptile|Sceptilite\n|move|p2a: Luguel|Leaf Storm|p1a: Gyarados\n|-supereffective|p1a: Gyarados\n|-damage|p1a: Gyarados|0 fnt\n|-unboost|p2a: Luguel|spa|2\n|faint|p1a: Gyarados\n|\n|upkeep\n|j| Vento d'argento\n|c| Vaictador|pero weno carlota\n|\n|t:|1700158040\n|switch|p1a: Honchkrow|Honchkrow, F|100\/100\n|turn|10\n|c| Vaictador|miamor\n|c| Vento d'argento|When eres vaictador\n|c| Vento d'argento|Hola soy vaictador\n|\n|t:|1700158057\n|move|p2a: Luguel|Protect|p2a: Luguel\n|-singleturn|p2a: Luguel|Protect\n|move|p1a: Honchkrow|Defog|p2a: Luguel\n|-activate|p2a: Luguel|move: Protect\n|\n|upkeep\n|turn|11\n|c| Vento d'argento|But eres un vaictador inteligente\n|\n|t:|1700158068\n|switch|p2a: Willy|Salamence, F, shiny|100\/100\n|move|p1a: Honchkrow|Defog|p2a: Willy\n|-unboost|p2a: Willy|evasion|1\n|-sideend|p1: Gabrielxz18|Sticky Web|[from] move: Defog|[of] p1a: Honchkrow\n|\n|upkeep\n|turn|12\n|l| Vento d'argento\n|\n|t:|1700158075\n|move|p1a: Honchkrow|Sucker Punch||[still]\n|-fail|p1a: Honchkrow\n|move|p2a: Willy|Dragon Dance|p2a: Willy\n|-boost|p2a: Willy|atk|1\n|-boost|p2a: Willy|spe|1\n|\n|upkeep\n|turn|13\n|\n|t:|1700158079\n|move|p2a: Willy|Dragon Dance|p2a: Willy\n|-boost|p2a: Willy|atk|1\n|-boost|p2a: Willy|spe|1\n|move|p1a: Honchkrow|Foul Play|p2a: Willy\n|-damage|p2a: Willy|0 fnt\n|faint|p2a: Willy\n|-ability|p1a: Honchkrow|Moxie|boost\n|-boost|p1a: Honchkrow|atk|1\n|\n|upkeep\n|c| Vaictador|*procede a salirse*\n|j| Vento d'argento\n|\n|t:|1700158106\n|switch|p2a: Tedax|Slaking, M, shiny|100\/100\n|turn|14\n|c| Vento d'argento|Soy ese\n|c| carlotaRC|Vamos ofritas\n|\n|t:|1700158112\n|move|p2a: Tedax|Giga Impact|p1a: Honchkrow\n|-crit|p1a: Honchkrow\n|-damage|p1a: Honchkrow|0 fnt\n|-mustrecharge|p2a: Tedax\n|faint|p1a: Honchkrow\n|\n|upkeep\n|c| carlotaRC|As\u00ed nos aseguran la clasificaci\u00f3n\n|\n|t:|1700158119\n|switch|p1a: Mienshao|Mienshao, F|100\/100\n|turn|15\n|c| Vaictador|yo en ofritas nac\u00ed\n|c| Vaictador|y en ofritas morir\u00e9\n|c| carlotaRC|V\u00edctor\n|c| carlotaRC|Balto\n|c| carlotaRC|Gabo\n|c| carlotaRC|Ffa?\n|\n|t:|1700158140\n|move|p1a: Mienshao|High Jump Kick|p2a: Tedax\n|-supereffective|p2a: Tedax\n|-damage|p2a: Tedax|0 fnt\n|faint|p2a: Tedax\n|\n|upkeep\n|c| Vaictador|no\n|\n|t:|1700158145\n|switch|p2a: Luguel|Sceptile-Mega, M, shiny|100\/100\n|turn|16\n|c| Vaictador|tengo q partirle a balto en sm\n|\n|t:|1700158157\n|switch|p1a: Pyroar|Pyroar, M|100\/100\n|move|p2a: Luguel|Dragon Pulse|p1a: Pyroar\n|-damage|p1a: Pyroar|22\/100\n|\n|upkeep\n|turn|17\n|c| carlotaRC|Siempre juegan entre ustedes\n|c| carlotaRC|Son altos ortivas\n|\n|t:|1700158165\n|move|p2a: Luguel|Dragon Pulse|p1a: Pyroar\n|-damage|p1a: Pyroar|0 fnt\n|faint|p1a: Pyroar\n|\n|upkeep\n|c| Vaictador|ortiva?\n|\n|t:|1700158169\n|switch|p1a: Delphox|Delphox, F|100\/100\n|turn|18\n|\n|t:|1700158176\n|move|p2a: Luguel|Protect|p2a: Luguel\n|-singleturn|p2a: Luguel|Protect\n|move|p1a: Delphox|Overheat|p2a: Luguel\n|-activate|p2a: Luguel|move: Protect\n|\n|upkeep\n|turn|19\n|c| Vento d'argento|Toca humillar a vaictadumb\n|c| Vento d'argento|Con heragoat\n|c| carlotaRC|Que nunca quieren hacer algo\n|c| carlotaRC|O aguafiestas\n|c| Vaictador|A\n|\n|t:|1700158203\n|switch|p2a: Xavi|Clawitzer, F, shiny|94\/100 brn\n|move|p1a: Delphox|Overheat|p2a: Xavi\n|-resisted|p2a: Xavi\n|-damage|p2a: Xavi|61\/100 brn\n|-unboost|p1a: Delphox|spa|2\n|-enditem|p1a: Delphox|White Herb\n|-clearnegativeboost|p1a: Delphox|[silent]\n|\n|-damage|p2a: Xavi|55\/100 brn|[from] brn\n|upkeep\n|turn|20\n|\n|t:|1700158213\n|move|p1a: Delphox|Psychic|p2a: Xavi\n|-damage|p2a: Xavi|5\/100 brn\n|move|p2a: Xavi|Water Pulse|p1a: Delphox\n|-supereffective|p1a: Delphox\n|-damage|p1a: Delphox|0 fnt\n|faint|p1a: Delphox\n|\n|-damage|p2a: Xavi|0 fnt|[from] brn\n|faint|p2a: Xavi\n|upkeep\n|c| Vento d'argento|!!!!!!\n|\n|t:|1700158222\n|switch|p1a: Mienshao|Mienshao, F|100\/100\n|switch|p2a: Luguel|Sceptile-Mega, M, shiny|100\/100\n|turn|21\n|c| Vento d'argento|Casi\n|c| Vaictador|AND HE SACRIFICE DA ROOK\n|\n|t:|1700158231\n|move|p2a: Luguel|Protect|p2a: Luguel\n|-singleturn|p2a: Luguel|Protect\n|move|p1a: Mienshao|Fake Out|p2a: Luguel\n|-activate|p2a: Luguel|move: Protect\n|\n|upkeep\n|turn|22\n|c| Vaictador|DA ROOOOOOOOOOOOOOOOOOOOOOK\n|c| Vento d'argento|Protect scept lol\n|c| carlotaRC|Uf\n|\n|t:|1700158266\n|-terastallize|p1a: Mienshao|Fighting\n|move|p2a: Luguel|Dragon Pulse|p1a: Mienshao\n|-damage|p1a: Mienshao|13\/100\n|move|p1a: Mienshao|High Jump Kick|p2a: Luguel\n|-damage|p2a: Luguel|0 fnt\n|faint|p2a: Luguel\n|\n|win|Gabrielxz18\n|c| carlotaRC|Que remontada\n|c|\u2606AltoMandoKuro|gg\n|c| carlotaRC|Oh shit\n|c|\u2606Gabrielxz18|VAMOHHHH\n|c| Vento d'argento|El goat\n|c| carlotaRC|Pero xq no hizo lead storm?\n|c|\u2606Gabrielxz18|gg\n|c| carlotaRC|VAMOS OFRITAS\n|c| Vaictador|AND HE SACRIFICE DA KUIN\n|c| Vento d'argento|Me pregunto lo mismo\n","uploadtime":1700158294,"views":7,"p1id":"gabrielxz18","p2id":"altomandokuro","formatid":"gen9nationaldex","rating":0,"private":0,"password":""}