{"id":"gen9nationaldex-1997301974","p1":"PikachuXD317878","p2":"Elian190827","format":"[Gen 9] National Dex","log":"|html|<div class=\"broadcast-blue\"><strong>[Gen 9] National Dex is currently suspecting Sneasler! For information on how to participate check out the <a href=\"https:\/\/www.smogon.com\/forums\/threads\/sv-national-dex-suspect-8-just-dance.3731534\/\">suspect thread<\/a>.<\/strong><\/div>\n|j|\u2606PikachuXD317878\n|j|\u2606Elian190827\n|t:|1700786726\n|gametype|singles\n|player|p1|PikachuXD317878|rye|1280\n|player|p2|Elian190827|1|1172\n|teamsize|p1|6\n|teamsize|p2|6\n|gen|9\n|tier|[Gen 9] National Dex\n|rated|\n|rule|HP Percentage Mod: HP is shown in percentages\n|rule|Endless Battle Clause: Forcing endless battles is banned\n|rule|OHKO Clause: OHKO moves are banned\n|rule|Evasion Clause: Evasion abilities, items, and moves are banned\n|rule|Evasion Abilities Clause: Evasion abilities are banned\n|rule|Evasion Items Clause: Evasion items are banned\n|rule|Evasion Moves Clause: Evasion moves are banned\n|rule|Species Clause: Limit one of each Pok\u00e9mon\n|rule|Sleep Clause Mod: Limit one foe put to sleep\n|clearpoke\n|poke|p1|Toxapex, M|\n|poke|p1|Banette, M|\n|poke|p1|Ferrothorn, F|\n|poke|p1|Blissey, F|\n|poke|p1|Ting-Lu|\n|poke|p1|Moltres|\n|poke|p2|Bewear, F|\n|poke|p2|Corviknight, M|\n|poke|p2|Drednaw, M|\n|poke|p2|Florges-White, F|\n|poke|p2|Espeon, F|\n|poke|p2|Skeledirge, M|\n|teampreview\n|inactive|Battle timer is ON: inactive players will automatically lose when time's up. (requested by PikachuXD317878)\n|\n|t:|1700786749\n|start\n|switch|p1a: Moltres|Moltres|100\/100\n|switch|p2a: Skeledirge|Skeledirge, M|100\/100\n|turn|1\n|\n|t:|1700786756\n|move|p1a: Moltres|U-turn|p2a: Skeledirge\n|-resisted|p2a: Skeledirge\n|-damage|p2a: Skeledirge|99\/100\n|\n|t:|1700786765\n|switch|p1a: Banette|Banette, M|100\/100|[from] U-turn\n|move|p2a: Skeledirge|Torch Song|p1a: Banette\n|-damage|p1a: Banette|59\/100\n|-boost|p2a: Skeledirge|spa|1\n|\n|-heal|p2a: Skeledirge|100\/100|[from] item: Leftovers\n|upkeep\n|turn|2\n|\n|t:|1700786774\n|switch|p2a: Bewear|Bewear, F|100\/100\n|detailschange|p1a: Banette|Banette-Mega, M\n|-mega|p1a: Banette|Banette|Banettite\n|move|p1a: Banette|Poltergeist|p2a: Bewear\n|-immune|p2a: Bewear\n|\n|upkeep\n|turn|3\n|\n|t:|1700786782\n|switch|p1a: Moltres|Moltres|100\/100\n|move|p2a: Bewear|Ice Punch|p1a: Moltres\n|-damage|p1a: Moltres|69\/100\n|\n|upkeep\n|turn|4\n|\n|t:|1700786786\n|move|p1a: Moltres|Hurricane|p2a: Bewear|[miss]\n|-miss|p1a: Moltres|p2a: Bewear\n|move|p2a: Bewear|Body Slam|p1a: Moltres\n|-damage|p1a: Moltres|12\/100\n|\n|upkeep\n|turn|5\n|\n|t:|1700786789\n|move|p1a: Moltres|Hurricane|p2a: Bewear\n|-supereffective|p2a: Bewear\n|-damage|p2a: Bewear|10\/100\n|-start|p2a: Bewear|confusion\n|-activate|p2a: Bewear|confusion\n|move|p2a: Bewear|Body Slam|p1a: Moltres\n|-damage|p1a: Moltres|0 fnt\n|faint|p1a: Moltres\n|\n|upkeep\n|\n|t:|1700786795\n|switch|p1a: Ting-Lu|Ting-Lu|100\/100\n|-ability|p1a: Ting-Lu|Vessel of Ruin\n|turn|6\n|\n|t:|1700786798\n|-activate|p2a: Bewear|confusion\n|-damage|p2a: Bewear|0 fnt|[from] confusion\n|faint|p2a: Bewear\n|move|p1a: Ting-Lu|Earthquake|p2: Bewear|[notarget]\n|-fail|p1a: Ting-Lu\n|\n|upkeep\n|\n|t:|1700786819\n|switch|p2a: Espeon|Espeon, F|100\/100\n|turn|7\n|\n|t:|1700786826\n|move|p2a: Espeon|Dazzling Gleam|p1a: Ting-Lu\n|-supereffective|p1a: Ting-Lu\n|-damage|p1a: Ting-Lu|67\/100\n|move|p1a: Ting-Lu|Earthquake|p2a: Espeon\n|-damage|p2a: Espeon|31\/100\n|\n|-heal|p1a: Ting-Lu|73\/100|[from] item: Leftovers\n|upkeep\n|turn|8\n|\n|t:|1700786832\n|switch|p2a: Corviknight|Corviknight, M, shiny|100\/100\n|move|p1a: Ting-Lu|Earthquake|p2a: Corviknight\n|-immune|p2a: Corviknight\n|\n|-heal|p1a: Ting-Lu|79\/100|[from] item: Leftovers\n|upkeep\n|turn|9\n|\n|t:|1700786839\n|move|p2a: Corviknight|Brave Bird|p1a: Ting-Lu\n|-damage|p1a: Ting-Lu|58\/100\n|-damage|p2a: Corviknight|91\/100|[from] Recoil\n|move|p1a: Ting-Lu|Ruination|p2a: Corviknight\n|-damage|p2a: Corviknight|46\/100\n|\n|-heal|p2a: Corviknight|52\/100|[from] item: Leftovers\n|-heal|p1a: Ting-Lu|64\/100|[from] item: Leftovers\n|upkeep\n|turn|10\n|\n|t:|1700786846\n|move|p2a: Corviknight|Roost|p2a: Corviknight\n|-heal|p2a: Corviknight|100\/100\n|-singleturn|p2a: Corviknight|move: Roost\n|move|p1a: Ting-Lu|Stealth Rock|p2a: Corviknight\n|-sidestart|p2: Elian190827|move: Stealth Rock\n|\n|-heal|p1a: Ting-Lu|70\/100|[from] item: Leftovers\n|upkeep\n|turn|11\n|\n|t:|1700786853\n|switch|p2a: Drednaw|Drednaw, M|100\/100\n|-damage|p2a: Drednaw|88\/100|[from] Stealth Rock\n|move|p1a: Ting-Lu|Ruination|p2a: Drednaw\n|-damage|p2a: Drednaw|44\/100\n|\n|-heal|p1a: Ting-Lu|76\/100|[from] item: Leftovers\n|upkeep\n|turn|12\n|\n|t:|1700786857\n|-terastallize|p2a: Drednaw|Flying\n|move|p2a: Drednaw|Shell Smash|p2a: Drednaw\n|-unboost|p2a: Drednaw|def|1\n|-unboost|p2a: Drednaw|spd|1\n|-boost|p2a: Drednaw|atk|2\n|-boost|p2a: Drednaw|spa|2\n|-boost|p2a: Drednaw|spe|2\n|-enditem|p2a: Drednaw|White Herb\n|-clearnegativeboost|p2a: Drednaw|[silent]\n|move|p1a: Ting-Lu|Earthquake|p2a: Drednaw\n|-immune|p2a: Drednaw\n|\n|-heal|p1a: Ting-Lu|83\/100|[from] item: Leftovers\n|upkeep\n|turn|13\n|\n|t:|1700786867\n|switch|p1a: Ferrothorn|Ferrothorn, F|100\/100\n|move|p2a: Drednaw|Liquidation|p1a: Ferrothorn\n|-resisted|p1a: Ferrothorn\n|-damage|p1a: Ferrothorn|72\/100\n|-unboost|p1a: Ferrothorn|def|1\n|-damage|p2a: Drednaw|32\/100|[from] ability: Iron Barbs|[of] p1a: Ferrothorn\n|\n|-heal|p1a: Ferrothorn|78\/100|[from] item: Leftovers\n|upkeep\n|turn|14\n|\n|t:|1700786872\n|move|p2a: Drednaw|Earthquake|p1a: Ferrothorn\n|-damage|p1a: Ferrothorn|9\/100\n|move|p1a: Ferrothorn|Curse|p1a: Ferrothorn\n|-unboost|p1a: Ferrothorn|spe|1\n|-boost|p1a: Ferrothorn|atk|1\n|-boost|p1a: Ferrothorn|def|1\n|\n|-heal|p1a: Ferrothorn|15\/100|[from] item: Leftovers\n|upkeep\n|turn|15\n|\n|t:|1700786878\n|move|p2a: Drednaw|Earthquake|p1a: Ferrothorn\n|-damage|p1a: Ferrothorn|0 fnt\n|faint|p1a: Ferrothorn\n|\n|upkeep\n|\n|t:|1700786880\n|switch|p1a: Banette|Banette-Mega, M|59\/100\n|turn|16\n|\n|t:|1700786896\n|move|p1a: Banette|Shadow Sneak|p2a: Drednaw\n|-damage|p2a: Drednaw|0 fnt\n|faint|p2a: Drednaw\n|\n|upkeep\n|\n|t:|1700786901\n|switch|p2a: Corviknight|Corviknight, M, shiny|100\/100\n|-damage|p2a: Corviknight|88\/100|[from] Stealth Rock\n|turn|17\n|\n|t:|1700786905\n|move|p1a: Banette|Swords Dance|p1a: Banette\n|-boost|p1a: Banette|atk|2\n|move|p2a: Corviknight|Defog|p1a: Banette\n|-unboost|p1a: Banette|evasion|1\n|-sideend|p2: Elian190827|Stealth Rock|[from] move: Defog|[of] p2a: Corviknight\n|\n|-heal|p2a: Corviknight|94\/100|[from] item: Leftovers\n|upkeep\n|turn|18\n|\n|t:|1700786927\n|move|p1a: Banette|Poltergeist|p2a: Corviknight\n|-activate|p2a: Corviknight|move: Poltergeist|Leftovers\n|-damage|p2a: Corviknight|0 fnt\n|faint|p2a: Corviknight\n|\n|upkeep\n|\n|t:|1700786934\n|switch|p2a: Espeon|Espeon, F|31\/100\n|turn|19\n|\n|t:|1700786936\n|move|p1a: Banette|Shadow Sneak|p2a: Espeon\n|-supereffective|p2a: Espeon\n|-damage|p2a: Espeon|0 fnt\n|faint|p2a: Espeon\n|\n|upkeep\n|\n|t:|1700786939\n|switch|p2a: Florges|Florges-White, F|100\/100\n|turn|20\n|\n|t:|1700786944\n|move|p2a: Florges|Draining Kiss|p1a: Banette\n|-damage|p1a: Banette|37\/100\n|move|p1a: Banette|Poltergeist|p2a: Florges\n|-activate|p2a: Florges|move: Poltergeist|Leftovers\n|-damage|p2a: Florges|0 fnt\n|faint|p2a: Florges\n|\n|upkeep\n|\n|t:|1700786947\n|switch|p2a: Skeledirge|Skeledirge, M|100\/100\n|turn|21\n|\n|t:|1700786951\n|move|p1a: Banette|Destiny Bond|p1a: Banette\n|-singlemove|p1a: Banette|Destiny Bond\n|move|p2a: Skeledirge|Hex|p1a: Banette\n|-supereffective|p1a: Banette\n|-damage|p1a: Banette|0 fnt\n|faint|p1a: Banette\n|-activate|p1a: Banette|move: Destiny Bond\n|faint|p2a: Skeledirge\n|\n|win|PikachuXD317878\n|raw|PikachuXD317878's rating: 1280 &rarr; <strong>1297<\/strong><br \/>(+17 for winning)\n|raw|Elian190827's rating: 1172 &rarr; <strong>1155<\/strong><br \/>(-17 for losing)\n","uploadtime":1700786957,"views":10,"p1id":"pikachuxd317878","p2id":"elian190827","formatid":"gen9nationaldex","rating":1155,"private":0,"password":""}