{"id":"gen9nationaldex-1990412212","p1":"Letskeepitclassy","p2":"DaGirlDatMakeUSimp","format":"[Gen 9] National Dex","log":"|j|\u2606Letskeepitclassy\n|j|\u2606DaGirlDatMakeUSimp\n|t:|1699968318\n|gametype|singles\n|player|p1|Letskeepitclassy|266|1179\n|player|p2|DaGirlDatMakeUSimp|lady-gen4|1258\n|teamsize|p1|6\n|teamsize|p2|6\n|gen|9\n|tier|[Gen 9] National Dex\n|rated|\n|rule|HP Percentage Mod: HP is shown in percentages\n|rule|Endless Battle Clause: Forcing endless battles is banned\n|rule|OHKO Clause: OHKO moves are banned\n|rule|Evasion Clause: Evasion abilities, items, and moves are banned\n|rule|Evasion Abilities Clause: Evasion abilities are banned\n|rule|Evasion Items Clause: Evasion items are banned\n|rule|Evasion Moves Clause: Evasion moves are banned\n|rule|Species Clause: Limit one of each Pok\u00e9mon\n|rule|Sleep Clause Mod: Limit one foe put to sleep\n|clearpoke\n|poke|p1|Overqwil, M|\n|poke|p1|Pelipper, M|\n|poke|p1|Kingdra, M|\n|poke|p1|Kilowattrel, M|\n|poke|p1|Dondozo, M|\n|poke|p1|Poliwrath, M|\n|poke|p2|Weavile, M|\n|poke|p2|Meowscarada, F|\n|poke|p2|Greninja-*, M|\n|poke|p2|Ting-Lu|\n|poke|p2|Mandibuzz, F|\n|poke|p2|Gyarados, F|\n|teampreview\n|inactive|Battle timer is ON: inactive players will automatically lose when time's up. (requested by Letskeepitclassy)\n|\n|t:|1699968343\n|start\n|switch|p1a: Pelipper|Pelipper, M, shiny|100\/100\n|switch|p2a: Meowscarada|Meowscarada, F|100\/100\n|-weather|RainDance|[from] ability: Drizzle|[of] p1a: Pelipper\n|turn|1\n|\n|t:|1699968352\n|move|p2a: Meowscarada|Knock Off|p1a: Pelipper\n|-start|p2a: Meowscarada|typechange|Dark|[from] ability: Protean\n|-damage|p1a: Pelipper|46\/100\n|-enditem|p1a: Pelipper|Damp Rock|[from] move: Knock Off|[of] p2a: Meowscarada\n|move|p1a: Pelipper|U-turn|p2a: Meowscarada\n|-supereffective|p2a: Meowscarada\n|-crit|p2a: Meowscarada\n|-damage|p2a: Meowscarada|69\/100\n|\n|t:|1699968357\n|switch|p1a: Poliwrath|Poliwrath, M, shiny|100\/100|[from] U-turn\n|\n|-weather|RainDance|[upkeep]\n|upkeep\n|turn|2\n|\n|t:|1699968369\n|switch|p2a: Mandibuzz|Mandibuzz, F|100\/100\n|-terastallize|p1a: Poliwrath|Fighting\n|move|p1a: Poliwrath|Belly Drum|p1a: Poliwrath\n|-damage|p1a: Poliwrath|51\/100\n|-setboost|p1a: Poliwrath|atk|6|[from] move: Belly Drum\n|\n|-weather|RainDance|[upkeep]\n|upkeep\n|turn|3\n|\n|t:|1699968383\n|move|p1a: Poliwrath|Drain Punch|p2a: Mandibuzz\n|-crit|p2a: Mandibuzz\n|-damage|p2a: Mandibuzz|0 fnt\n|-heal|p1a: Poliwrath|100\/100|[from] drain|[of] p2a: Mandibuzz\n|faint|p2a: Mandibuzz\n|\n|-weather|RainDance|[upkeep]\n|upkeep\n|\n|t:|1699968397\n|switch|p2a: Ting-Lu|Ting-Lu|100\/100\n|-ability|p2a: Ting-Lu|Vessel of Ruin\n|turn|4\n|\n|t:|1699968404\n|-terastallize|p2a: Ting-Lu|Psychic\n|move|p1a: Poliwrath|Drain Punch|p2a: Ting-Lu\n|-resisted|p2a: Ting-Lu\n|-damage|p2a: Ting-Lu|49\/100\n|move|p2a: Ting-Lu|Whirlwind|p1a: Poliwrath\n|drag|p1a: Pelipper|Pelipper, M, shiny|46\/100\n|\n|-weather|RainDance|[upkeep]\n|-heal|p2a: Ting-Lu|55\/100|[from] item: Leftovers\n|upkeep\n|turn|5\n|\n|t:|1699968418\n|switch|p1a: Overqwil|Overqwil, M, shiny|100\/100\n|move|p2a: Ting-Lu|Stealth Rock|p1a: Overqwil\n|-sidestart|p1: Letskeepitclassy|move: Stealth Rock\n|\n|-weather|RainDance|[upkeep]\n|-heal|p2a: Ting-Lu|61\/100|[from] item: Leftovers\n|upkeep\n|turn|6\n|\n|t:|1699968434\n|switch|p2a: Weavile|Weavile, M|100\/100\n|-ability|p2a: Weavile|Pressure\n|move|p1a: Overqwil|Crunch|p2a: Weavile\n|-resisted|p2a: Weavile\n|-damage|p2a: Weavile|43\/100\n|\n|-weather|RainDance|[upkeep]\n|upkeep\n|turn|7\n|\n|t:|1699968446\n|move|p2a: Weavile|Ice Shard|p1a: Overqwil\n|-damage|p1a: Overqwil|78\/100\n|move|p1a: Overqwil|Crunch|p2a: Weavile\n|-resisted|p2a: Weavile\n|-damage|p2a: Weavile|0 fnt\n|faint|p2a: Weavile\n|\n|-weather|RainDance|[upkeep]\n|upkeep\n|\n|t:|1699968457\n|switch|p2a: Meowscarada|Meowscarada, F|69\/100\n|turn|8\n|\n|t:|1699968462\n|switch|p1a: Kilowattrel|Kilowattrel, M, shiny|100\/100\n|-damage|p1a: Kilowattrel|76\/100|[from] Stealth Rock\n|move|p2a: Meowscarada|Flower Trick|p1a: Kilowattrel\n|-start|p2a: Meowscarada|typechange|Grass|[from] ability: Protean\n|-resisted|p1a: Kilowattrel\n|-crit|p1a: Kilowattrel\n|-damage|p1a: Kilowattrel|9\/100\n|\n|-weather|none\n|upkeep\n|turn|9\n|\n|t:|1699968477\n|move|p1a: Kilowattrel|Tailwind|p1a: Kilowattrel\n|-sidestart|p1: Letskeepitclassy|move: Tailwind\n|-start|p1a: Kilowattrel|Charge|Tailwind|[from] ability: Wind Power\n|move|p2a: Meowscarada|Flower Trick|p1a: Kilowattrel\n|-resisted|p1a: Kilowattrel\n|-crit|p1a: Kilowattrel\n|-damage|p1a: Kilowattrel|0 fnt\n|faint|p1a: Kilowattrel\n|\n|upkeep\n|\n|t:|1699968480\n|switch|p1a: Pelipper|Pelipper, M, shiny|46\/100\n|-damage|p1a: Pelipper|22\/100|[from] Stealth Rock\n|-weather|RainDance|[from] ability: Drizzle|[of] p1a: Pelipper\n|turn|10\n|\n|t:|1699968492\n|move|p2a: Meowscarada|Flower Trick|p1a: Pelipper\n|-crit|p1a: Pelipper\n|-damage|p1a: Pelipper|0 fnt\n|faint|p1a: Pelipper\n|\n|-weather|RainDance|[upkeep]\n|upkeep\n|\n|t:|1699968494\n|switch|p1a: Kingdra|Kingdra, M, shiny|100\/100\n|-damage|p1a: Kingdra|88\/100|[from] Stealth Rock\n|turn|11\n|\n|t:|1699968509\n|switch|p2a: Gyarados|Gyarados, F|100\/100\n|-ability|p2a: Gyarados|Intimidate|boost\n|-unboost|p1a: Kingdra|atk|1\n|move|p1a: Kingdra|Hurricane|p2a: Gyarados\n|-damage|p2a: Gyarados|48\/100\n|-start|p2a: Gyarados|confusion\n|\n|-weather|RainDance|[upkeep]\n|upkeep\n|turn|12\n|\n|t:|1699968520\n|switch|p2a: Ting-Lu|Ting-Lu, tera:Psychic|61\/100\n|-ability|p2a: Ting-Lu|Vessel of Ruin\n|move|p1a: Kingdra|Hurricane|p2a: Ting-Lu\n|-damage|p2a: Ting-Lu|41\/100\n|-start|p2a: Ting-Lu|confusion\n|\n|-weather|RainDance|[upkeep]\n|-heal|p2a: Ting-Lu|47\/100|[from] item: Leftovers\n|-sideend|p1: Letskeepitclassy|move: Tailwind\n|upkeep\n|turn|13\n|\n|t:|1699968534\n|switch|p1a: Poliwrath|Poliwrath, M, shiny, tera:Fighting|100\/100\n|-damage|p1a: Poliwrath|94\/100|[from] Stealth Rock\n|-activate|p2a: Ting-Lu|confusion\n|move|p2a: Ting-Lu|Earthquake|p1a: Poliwrath\n|-damage|p1a: Poliwrath|55\/100\n|\n|-weather|RainDance|[upkeep]\n|-heal|p2a: Ting-Lu|53\/100|[from] item: Leftovers\n|upkeep\n|turn|14\n|\n|t:|1699968545\n|move|p1a: Poliwrath|Darkest Lariat|p2a: Ting-Lu\n|-supereffective|p2a: Ting-Lu\n|-damage|p2a: Ting-Lu|25\/100\n|-activate|p2a: Ting-Lu|confusion\n|move|p2a: Ting-Lu|Earthquake|p1a: Poliwrath\n|-damage|p1a: Poliwrath|17\/100\n|-enditem|p1a: Poliwrath|Sitrus Berry|[eat]\n|-heal|p1a: Poliwrath|42\/100|[from] item: Sitrus Berry\n|\n|-weather|none\n|-heal|p2a: Ting-Lu|31\/100|[from] item: Leftovers\n|upkeep\n|turn|15\n|\n|t:|1699968558\n|move|p1a: Poliwrath|Darkest Lariat|p2a: Ting-Lu\n|-supereffective|p2a: Ting-Lu\n|-damage|p2a: Ting-Lu|3\/100\n|-activate|p2a: Ting-Lu|confusion\n|-damage|p2a: Ting-Lu|0 fnt|[from] confusion\n|faint|p2a: Ting-Lu\n|\n|upkeep\n|\n|t:|1699968569\n|switch|p2a: Gyarados|Gyarados, F|48\/100\n|-ability|p2a: Gyarados|Intimidate|boost\n|-unboost|p1a: Poliwrath|atk|1\n|turn|16\n|\n|t:|1699968577\n|switch|p1a: Overqwil|Overqwil, M, shiny|78\/100\n|-damage|p1a: Overqwil|66\/100|[from] Stealth Rock\n|move|p2a: Gyarados|Dragon Dance|p2a: Gyarados\n|-boost|p2a: Gyarados|atk|1\n|-boost|p2a: Gyarados|spe|1\n|\n|upkeep\n|turn|17\n|\n|t:|1699968599\n|detailschange|p2a: Gyarados|Gyarados-Mega, F\n|-mega|p2a: Gyarados|Gyarados|Gyaradosite\n|-ability|p2a: Gyarados|Mold Breaker\n|move|p2a: Gyarados|Waterfall|p1a: Overqwil\n|-damage|p1a: Overqwil|0 fnt\n|faint|p1a: Overqwil\n|\n|upkeep\n|\n|t:|1699968605\n|switch|p1a: Dondozo|Dondozo, M, shiny|100\/100\n|-damage|p1a: Dondozo|88\/100|[from] Stealth Rock\n|turn|18\n|\n|t:|1699968610\n|move|p2a: Gyarados|Power Whip|p1a: Dondozo\n|-supereffective|p1a: Dondozo\n|-crit|p1a: Dondozo\n|-damage|p1a: Dondozo|0 fnt\n|faint|p1a: Dondozo\n|\n|upkeep\n|\n|t:|1699968616\n|switch|p1a: Kingdra|Kingdra, M, shiny|88\/100\n|-damage|p1a: Kingdra|76\/100|[from] Stealth Rock\n|turn|19\n|\n|t:|1699968621\n|move|p2a: Gyarados|Crunch|p1a: Kingdra\n|-damage|p1a: Kingdra|0 fnt\n|faint|p1a: Kingdra\n|\n|upkeep\n|-message|Letskeepitclassy forfeited.\n|\n|win|DaGirlDatMakeUSimp\n|raw|Letskeepitclassy's rating: 1179 &rarr; <strong>1160<\/strong><br \/>(-19 for losing)\n|raw|DaGirlDatMakeUSimp's rating: 1258 &rarr; <strong>1277<\/strong><br \/>(+19 for winning)\n|l|\u2606Letskeepitclassy\n","uploadtime":1699968635,"views":6,"p1id":"letskeepitclassy","p2id":"dagirldatmakeusimp","formatid":"gen9nationaldex","rating":1160,"private":0,"password":""}