{"id":"gen9nationaldex-1990896060","p1":"SSSSSSlizard","p2":"superflyghtheart","format":"[Gen 9] National Dex","log":"|j|\u2606SSSSSSlizard\n|j|\u2606superflyghtheart\n|t:|1700012516\n|gametype|singles\n|player|p1|SSSSSSlizard|irida|1555\n|player|p2|superflyghtheart|birdkeeper|1477\n|teamsize|p1|6\n|teamsize|p2|6\n|gen|9\n|tier|[Gen 9] National Dex\n|rated|\n|rule|HP Percentage Mod: HP is shown in percentages\n|rule|Endless Battle Clause: Forcing endless battles is banned\n|rule|OHKO Clause: OHKO moves are banned\n|rule|Evasion Clause: Evasion abilities, items, and moves are banned\n|rule|Evasion Abilities Clause: Evasion abilities are banned\n|rule|Evasion Items Clause: Evasion items are banned\n|rule|Evasion Moves Clause: Evasion moves are banned\n|rule|Species Clause: Limit one of each Pok\u00e9mon\n|rule|Sleep Clause Mod: Limit one foe put to sleep\n|clearpoke\n|poke|p1|Pelipper, F|\n|poke|p1|Ferrothorn, M|\n|poke|p1|Talonflame, F|\n|poke|p1|Swampert, M|\n|poke|p1|Zapdos|\n|poke|p1|Urshifu-*, F|\n|poke|p2|Charizard, M|\n|poke|p2|Leafeon, M|\n|poke|p2|Torkoal, M|\n|poke|p2|Heatran, M|\n|poke|p2|Great Tusk|\n|poke|p2|Venusaur, M|\n|teampreview\n|\n|t:|1700012537\n|start\n|switch|p1a: Talonflame|Talonflame, F|100\/100\n|switch|p2a: Torkoal|Torkoal, M|100\/100\n|-weather|SunnyDay|[from] ability: Drought|[of] p2a: Torkoal\n|turn|1\n|\n|t:|1700012541\n|move|p1a: Talonflame|U-turn|p2a: Torkoal\n|-resisted|p2a: Torkoal\n|-damage|p2a: Torkoal|97\/100\n|\n|t:|1700012543\n|switch|p1a: Pelipper|Pelipper, F|100\/100|[from] U-turn\n|-weather|RainDance|[from] ability: Drizzle|[of] p1a: Pelipper\n|move|p2a: Torkoal|Stealth Rock|p1a: Pelipper\n|-sidestart|p1: SSSSSSlizard|move: Stealth Rock\n|\n|-weather|RainDance|[upkeep]\n|upkeep\n|turn|2\n|\n|t:|1700012547\n|switch|p2a: Venusaur|Venusaur, M|100\/100\n|move|p1a: Pelipper|U-turn|p2a: Venusaur\n|-damage|p2a: Venusaur|90\/100\n|\n|t:|1700012551\n|switch|p1a: Zapdos|Zapdos|100\/100|[from] U-turn\n|\n|-weather|RainDance|[upkeep]\n|upkeep\n|turn|3\n|\n|t:|1700012565\n|switch|p2a: Torkoal|Torkoal, M|97\/100\n|-weather|SunnyDay|[from] ability: Drought|[of] p2a: Torkoal\n|move|p1a: Zapdos|Defog|p2a: Torkoal\n|-unboost|p2a: Torkoal|evasion|1\n|-sideend|p1: SSSSSSlizard|Stealth Rock|[from] move: Defog|[of] p1a: Zapdos\n|\n|-weather|SunnyDay|[upkeep]\n|upkeep\n|turn|4\n|\n|t:|1700012573\n|move|p1a: Zapdos|Volt Switch|p2a: Torkoal\n|-damage|p2a: Torkoal|57\/100\n|\n|t:|1700012576\n|switch|p1a: Pelipper|Pelipper, F|100\/100|[from] Volt Switch\n|-weather|RainDance|[from] ability: Drizzle|[of] p1a: Pelipper\n|move|p2a: Torkoal|Stealth Rock|p1a: Pelipper\n|-sidestart|p1: SSSSSSlizard|move: Stealth Rock\n|\n|-weather|RainDance|[upkeep]\n|upkeep\n|turn|5\n|\n|t:|1700012595\n|switch|p2a: Venusaur|Venusaur, M|90\/100\n|move|p1a: Pelipper|Defog|p2a: Venusaur\n|-unboost|p2a: Venusaur|evasion|1\n|-sideend|p1: SSSSSSlizard|Stealth Rock|[from] move: Defog|[of] p1a: Pelipper\n|\n|-weather|RainDance|[upkeep]\n|upkeep\n|turn|6\n|\n|t:|1700012615\n|switch|p1a: Ferrothorn|Ferrothorn, M|100\/100\n|move|p2a: Venusaur|Weather Ball|p1a: Ferrothorn\n|-resisted|p1a: Ferrothorn\n|-damage|p1a: Ferrothorn|81\/100\n|-damage|p2a: Venusaur|80\/100|[from] item: Life Orb\n|\n|-weather|RainDance|[upkeep]\n|-heal|p1a: Ferrothorn|87\/100|[from] item: Leftovers\n|upkeep\n|turn|7\n|\n|t:|1700012628\n|switch|p2a: Charizard|Charizard, M|100\/100\n|move|p1a: Ferrothorn|Stealth Rock|p2a: Charizard\n|-sidestart|p2: superflyghtheart|move: Stealth Rock\n|\n|-weather|RainDance|[upkeep]\n|-heal|p1a: Ferrothorn|93\/100|[from] item: Leftovers\n|upkeep\n|turn|8\n|\n|t:|1700012654\n|switch|p1a: Swampert|Swampert, M|100\/100\n|detailschange|p2a: Charizard|Charizard-Mega-Y, M\n|-mega|p2a: Charizard|Charizard|Charizardite Y\n|-weather|SunnyDay|[from] ability: Drought|[of] p2a: Charizard\n|move|p2a: Charizard|Weather Ball|p1a: Swampert\n|-resisted|p1a: Swampert\n|-damage|p1a: Swampert|42\/100\n|\n|-weather|SunnyDay|[upkeep]\n|upkeep\n|turn|9\n|\n|t:|1700012658\n|switch|p1a: Pelipper|Pelipper, F|100\/100\n|-weather|RainDance|[from] ability: Drizzle|[of] p1a: Pelipper\n|move|p2a: Charizard|Weather Ball|p1a: Pelipper\n|-resisted|p1a: Pelipper\n|-damage|p1a: Pelipper|55\/100\n|\n|-weather|RainDance|[upkeep]\n|upkeep\n|turn|10\n|\n|t:|1700012666\n|switch|p2a: Torkoal|Torkoal, M|57\/100\n|-damage|p2a: Torkoal|33\/100|[from] Stealth Rock\n|-weather|SunnyDay|[from] ability: Drought|[of] p2a: Torkoal\n|move|p1a: Pelipper|U-turn|p2a: Torkoal\n|-resisted|p2a: Torkoal\n|-damage|p2a: Torkoal|30\/100\n|\n|t:|1700012679\n|switch|p1a: Talonflame|Talonflame, F|100\/100|[from] U-turn\n|\n|-weather|SunnyDay|[upkeep]\n|upkeep\n|turn|11\n|\n|t:|1700012683\n|move|p1a: Talonflame|Overheat|p2a: Torkoal\n|-resisted|p2a: Torkoal\n|-damage|p2a: Torkoal|0 fnt\n|-unboost|p1a: Talonflame|spa|2\n|faint|p2a: Torkoal\n|\n|-weather|SunnyDay|[upkeep]\n|upkeep\n|\n|t:|1700012698\n|switch|p2a: Venusaur|Venusaur, M|80\/100\n|-damage|p2a: Venusaur|68\/100|[from] Stealth Rock\n|turn|12\n|\n|t:|1700012707\n|switch|p1a: Swampert|Swampert, M|42\/100\n|move|p2a: Venusaur|Weather Ball|p1a: Swampert\n|-resisted|p1a: Swampert\n|-damage|p1a: Swampert|12\/100\n|-damage|p2a: Venusaur|58\/100|[from] item: Life Orb\n|\n|-weather|SunnyDay|[upkeep]\n|upkeep\n|turn|13\n|\n|t:|1700012720\n|move|p2a: Venusaur|Weather Ball|p1a: Swampert\n|-resisted|p1a: Swampert\n|-damage|p1a: Swampert|0 fnt\n|faint|p1a: Swampert\n|-damage|p2a: Venusaur|48\/100|[from] item: Life Orb\n|\n|-weather|SunnyDay|[upkeep]\n|upkeep\n|\n|t:|1700012722\n|switch|p1a: Pelipper|Pelipper, F|55\/100\n|-weather|RainDance|[from] ability: Drizzle|[of] p1a: Pelipper\n|turn|14\n|\n|t:|1700012726\n|switch|p1a: Zapdos|Zapdos|100\/100\n|move|p2a: Venusaur|Weather Ball|p1a: Zapdos\n|-damage|p1a: Zapdos|50\/100\n|-damage|p2a: Venusaur|38\/100|[from] item: Life Orb\n|\n|-weather|RainDance|[upkeep]\n|upkeep\n|turn|15\n|\n|t:|1700012737\n|switch|p2a: Heatran|Heatran, M|100\/100\n|-damage|p2a: Heatran|88\/100|[from] Stealth Rock\n|-item|p2a: Heatran|Air Balloon\n|move|p1a: Zapdos|Hurricane|p2a: Heatran\n|-resisted|p2a: Heatran\n|-damage|p2a: Heatran|75\/100\n|-start|p2a: Heatran|confusion\n|-enditem|p2a: Heatran|Air Balloon\n|\n|-weather|RainDance|[upkeep]\n|upkeep\n|turn|16\n|\n|t:|1700012741\n|move|p1a: Zapdos|Volt Switch|p2a: Heatran\n|-damage|p2a: Heatran|55\/100\n|\n|t:|1700012743\n|switch|p1a: Urshifu|Urshifu-Rapid-Strike, F|100\/100|[from] Volt Switch\n|-activate|p2a: Heatran|confusion\n|move|p2a: Heatran|Magma Storm|p1a: Urshifu\n|-resisted|p1a: Urshifu\n|-damage|p1a: Urshifu|83\/100\n|-activate|p1a: Urshifu|move: Magma Storm|[of] p2a: Heatran\n|\n|-weather|RainDance|[upkeep]\n|-damage|p1a: Urshifu|71\/100|[from] move: Magma Storm|[partiallytrapped]\n|upkeep\n|turn|17\n|\n|t:|1700012762\n|-terastallize|p2a: Heatran|Grass\n|move|p1a: Urshifu|U-turn|p2a: Heatran\n|-supereffective|p2a: Heatran\n|-damage|p2a: Heatran|11\/100\n|\n|t:|1700012771\n|switch|p1a: Zapdos|Zapdos|50\/100|[from] U-turn\n|-activate|p2a: Heatran|confusion\n|-damage|p2a: Heatran|5\/100|[from] confusion\n|\n|-weather|RainDance|[upkeep]\n|upkeep\n|turn|18\n|\n|t:|1700012774\n|move|p1a: Zapdos|Volt Switch|p2a: Heatran\n|-resisted|p2a: Heatran\n|-damage|p2a: Heatran|0 fnt\n|faint|p2a: Heatran\n|\n|t:|1700012778\n|switch|p1a: Talonflame|Talonflame, F|100\/100|[from] Volt Switch\n|\n|-weather|RainDance|[upkeep]\n|upkeep\n|\n|t:|1700012781\n|switch|p2a: Charizard|Charizard-Mega-Y, M|100\/100\n|-damage|p2a: Charizard|51\/100|[from] Stealth Rock\n|-weather|SunnyDay|[from] ability: Drought|[of] p2a: Charizard\n|turn|19\n|\n|t:|1700012784\n|move|p1a: Talonflame|U-turn|p2a: Charizard\n|-resisted|p2a: Charizard\n|-damage|p2a: Charizard|48\/100\n|\n|t:|1700012787\n|switch|p1a: Pelipper|Pelipper, F|55\/100|[from] U-turn\n|-weather|RainDance|[from] ability: Drizzle|[of] p1a: Pelipper\n|move|p2a: Charizard|Roost|p2a: Charizard\n|-heal|p2a: Charizard|98\/100\n|-singleturn|p2a: Charizard|move: Roost\n|\n|-weather|RainDance|[upkeep]\n|upkeep\n|turn|20\n|\n|t:|1700012797\n|switch|p2a: Venusaur|Venusaur, M|38\/100\n|-damage|p2a: Venusaur|25\/100|[from] Stealth Rock\n|move|p1a: Pelipper|U-turn|p2a: Venusaur\n|-damage|p2a: Venusaur|13\/100\n|\n|t:|1700012802\n|switch|p1a: Urshifu|Urshifu-Rapid-Strike, F|71\/100|[from] U-turn\n|\n|-weather|RainDance|[upkeep]\n|upkeep\n|turn|21\n|\n|t:|1700012806\n|move|p1a: Urshifu|U-turn|p2a: Venusaur\n|-damage|p2a: Venusaur|0 fnt\n|faint|p2a: Venusaur\n|\n|t:|1700012821\n|switch|p1a: Talonflame|Talonflame, F|100\/100|[from] U-turn\n|\n|-weather|RainDance|[upkeep]\n|upkeep\n|\n|t:|1700012825\n|switch|p2a: Charizard|Charizard-Mega-Y, M|98\/100\n|-damage|p2a: Charizard|48\/100|[from] Stealth Rock\n|-weather|SunnyDay|[from] ability: Drought|[of] p2a: Charizard\n|turn|22\n|\n|t:|1700012829\n|move|p1a: Talonflame|Overheat|p2a: Charizard\n|-resisted|p2a: Charizard\n|-damage|p2a: Charizard|0 fnt\n|-unboost|p1a: Talonflame|spa|2\n|faint|p2a: Charizard\n|\n|-weather|SunnyDay|[upkeep]\n|upkeep\n|\n|t:|1700012831\n|switch|p2a: Leafeon|Leafeon, M|100\/100\n|-damage|p2a: Leafeon|88\/100|[from] Stealth Rock\n|turn|23\n|\n|t:|1700012838\n|switch|p1a: Pelipper|Pelipper, F|55\/100\n|-weather|RainDance|[from] ability: Drizzle|[of] p1a: Pelipper\n|move|p2a: Leafeon|Retaliate|p1a: Pelipper\n|-damage|p1a: Pelipper|1\/100\n|\n|-weather|RainDance|[upkeep]\n|upkeep\n|turn|24\n|\n|t:|1700012841\n|move|p2a: Leafeon|Retaliate|p1a: Pelipper\n|-damage|p1a: Pelipper|0 fnt\n|faint|p1a: Pelipper\n|\n|-weather|RainDance|[upkeep]\n|upkeep\n|\n|t:|1700012847\n|switch|p1a: Talonflame|Talonflame, F|100\/100\n|turn|25\n|\n|t:|1700012856\n|-terastallize|p1a: Talonflame|Flying\n|move|p1a: Talonflame|Hurricane|p2a: Leafeon\n|-supereffective|p2a: Leafeon\n|-damage|p2a: Leafeon|0 fnt\n|faint|p2a: Leafeon\n|\n|-weather|RainDance|[upkeep]\n|upkeep\n|\n|t:|1700012859\n|switch|p2a: Great Tusk|Great Tusk|100\/100\n|-damage|p2a: Great Tusk|98\/100|[from] Stealth Rock\n|turn|26\n|\n|t:|1700012865\n|move|p1a: Talonflame|Hurricane|p2a: Great Tusk\n|-supereffective|p2a: Great Tusk\n|-damage|p2a: Great Tusk|0 fnt\n|faint|p2a: Great Tusk\n|-end|p2a: Great Tusk|Protosynthesis|[silent]\n|\n|win|SSSSSSlizard\n|raw|SSSSSSlizard's rating: 1555 &rarr; <strong>1571<\/strong><br \/>(+16 for winning)\n|raw|superflyghtheart's rating: 1493 &rarr; <strong>1477<\/strong><br \/>(-16 for losing)\n|l|\u2606superflyghtheart\n|l|\u2606SSSSSSlizard\n|j|\u2606SSSSSSlizard\n|player|p1|SSSSSSlizard|irida\n","uploadtime":1700012921,"views":6,"p1id":"sssssslizard","p2id":"superflyghtheart","formatid":"gen9nationaldex","rating":1477,"private":0,"password":""}