{"id":"gen9nationaldex-1989007855","p1":"PeanutChewer","p2":"TexanFarmersMarket","format":"[Gen 9] National Dex","log":"|j|\u2606PeanutChewer\n|j|\u2606TexanFarmersMarket\n|t:|1699801501\n|gametype|singles\n|player|p1|PeanutChewer|102|\n|player|p2|TexanFarmersMarket|bellepa|\n|teamsize|p1|6\n|teamsize|p2|6\n|gen|9\n|tier|[Gen 9] National Dex\n|rule|HP Percentage Mod: HP is shown in percentages\n|rule|Endless Battle Clause: Forcing endless battles is banned\n|rule|OHKO Clause: OHKO moves are banned\n|rule|Evasion Clause: Evasion abilities, items, and moves are banned\n|rule|Evasion Abilities Clause: Evasion abilities are banned\n|rule|Evasion Items Clause: Evasion items are banned\n|rule|Evasion Moves Clause: Evasion moves are banned\n|rule|Species Clause: Limit one of each Pok\u00e9mon\n|rule|Sleep Clause Mod: Limit one foe put to sleep\n|clearpoke\n|poke|p1|Farigiraf, F|\n|poke|p1|Ditto|\n|poke|p1|Swellow, F|\n|poke|p1|Ursaluna, M|\n|poke|p1|Zoroark-Hisui, M|\n|poke|p1|Lopunny, F|\n|poke|p2|Ursaluna, F|\n|poke|p2|Noivern, M|\n|poke|p2|Hitmontop, M|\n|poke|p2|Mimikyu, F|\n|poke|p2|Aggron, F|\n|poke|p2|Lopunny, M|\n|teampreview\n|inactive|Battle timer is ON: inactive players will automatically lose when time's up. (requested by TexanFarmersMarket)\n|\n|t:|1699801524\n|start\n|switch|p1a: Ursaluna|Ursaluna, M|100\/100\n|switch|p2a: Breakdancer|Hitmontop, M|100\/100\n|turn|1\n|\n|t:|1699801531\n|move|p2a: Breakdancer|Fake Out|p1a: Ursaluna\n|-immune|p1a: Ursaluna\n|move|p1a: Ursaluna|Taunt|p2a: Breakdancer\n|-start|p2a: Breakdancer|move: Taunt\n|\n|upkeep\n|turn|2\n|\n|t:|1699801544\n|switch|p2a: Not Ursaring|Ursaluna, F|100\/100\n|move|p1a: Ursaluna|Bitter Malice|p2a: Not Ursaring\n|-immune|p2a: Not Ursaring\n|\n|-status|p2a: Not Ursaring|brn|[from] item: Flame Orb\n|upkeep\n|turn|3\n|\n|t:|1699801556\n|move|p1a: Ursaluna|Taunt|p2a: Not Ursaring\n|-start|p2a: Not Ursaring|move: Taunt\n|move|p2a: Not Ursaring|Facade|p1a: Ursaluna\n|-immune|p1a: Ursaluna\n|\n|-damage|p2a: Not Ursaring|94\/100 brn|[from] brn\n|upkeep\n|turn|4\n|\n|t:|1699801569\n|switch|p2a: Gamefreak What|Lopunny, M|100\/100\n|move|p1a: Ursaluna|Bitter Malice|p2a: Gamefreak What\n|-immune|p2a: Gamefreak What\n|\n|upkeep\n|turn|5\n|\n|t:|1699801586\n|switch|p2a: AHHHH!!!!!|Noivern, M|100\/100\n|-item|p1a: Ursaluna|Ghostium Z|[from] ability: Frisk|[of] p2a: AHHHH!!!!!|[identify]\n|move|p1a: Ursaluna|Flamethrower|p2a: AHHHH!!!!!\n|-resisted|p2a: AHHHH!!!!!\n|-damage|p2a: AHHHH!!!!!|82\/100\n|\n|upkeep\n|turn|6\n|\n|t:|1699801606\n|switch|p1a: Ditto|Ditto|100\/100\n|-transform|p1a: Ditto|p2a: AHHHH!!!!!|[from] ability: Imposter\n|-item|p2a: AHHHH!!!!!|Choice Specs|[from] ability: Frisk|[of] p1a: Ditto|[identify]\n|move|p2a: AHHHH!!!!!|Heat Wave|p1a: Ditto\n|-resisted|p1a: Ditto\n|-damage|p1a: Ditto|73\/100\n|\n|upkeep\n|turn|7\n|\n|t:|1699801617\n|switch|p1a: Ursaluna|Ursaluna, M|100\/100\n|switch|p2a: Not Pikachu|Mimikyu, F|100\/100\n|\n|upkeep\n|turn|8\n|\n|t:|1699801625\n|move|p1a: Ursaluna|Taunt|p2a: Not Pikachu\n|-start|p2a: Not Pikachu|move: Taunt\n|cant|p2a: Not Pikachu|move: Taunt|Swords Dance\n|\n|upkeep\n|turn|9\n|\n|t:|1699801633\n|move|p2a: Not Pikachu|Shadow Sneak|p1a: Ursaluna\n|-immune|p1a: Ursaluna\n|move|p1a: Ursaluna|Flamethrower|p2a: Not Pikachu\n|-activate|p2a: Not Pikachu|ability: Disguise\n|-damage|p2a: Not Pikachu|100\/100\n|detailschange|p2a: Not Pikachu|Mimikyu-Busted, F\n|-damage|p2a: Not Pikachu|88\/100|[from] pokemon: Mimikyu-Busted\n|\n|upkeep\n|turn|10\n|\n|t:|1699801645\n|switch|p2a: Not Ursaring|Ursaluna, F|94\/100 brn\n|move|p1a: Ursaluna|Bitter Malice|p2a: Not Ursaring\n|-immune|p2a: Not Ursaring\n|\n|-damage|p2a: Not Ursaring|88\/100 brn|[from] brn\n|upkeep\n|turn|11\n|c|\u2606TexanFarmersMarket|ok come on\n|\n|t:|1699801662\n|switch|p1a: Swellow|Swellow, F|100\/100\n|move|p2a: Not Ursaring|Headlong Rush|p1a: Swellow\n|-immune|p1a: Swellow\n|\n|-damage|p2a: Not Ursaring|82\/100 brn|[from] brn\n|upkeep\n|turn|12\n|\n|t:|1699801671\n|switch|p1a: Ursaluna|Ursaluna, M|100\/100\n|move|p2a: Not Ursaring|Facade|p1a: Ursaluna\n|-immune|p1a: Ursaluna\n|\n|-damage|p2a: Not Ursaring|76\/100 brn|[from] brn\n|upkeep\n|turn|13\n|\n|t:|1699801686\n|switch|p2a: Breakdancer|Hitmontop, M|100\/100\n|move|p1a: Ursaluna|Taunt|p2a: Breakdancer\n|-start|p2a: Breakdancer|move: Taunt\n|\n|upkeep\n|turn|14\n|\n|t:|1699801698\n|move|p2a: Breakdancer|Mach Punch|p1a: Ursaluna\n|-immune|p1a: Ursaluna\n|move|p1a: Ursaluna|Dark Pulse|p2a: Breakdancer\n|-resisted|p2a: Breakdancer\n|-damage|p2a: Breakdancer|86\/100\n|\n|upkeep\n|turn|15\n|\n|t:|1699801712\n|switch|p1a: Ditto|Ditto|73\/100\n|-transform|p1a: Ditto|p2a: Breakdancer|[from] ability: Imposter\n|switch|p2a: Not Pikachu|Mimikyu-Busted, F|88\/100\n|\n|upkeep\n|turn|16\n|\n|t:|1699801728\n|switch|p1a: Ursaluna|Ursaluna, M|100\/100\n|move|p2a: Not Pikachu|Swords Dance|p2a: Not Pikachu\n|-boost|p2a: Not Pikachu|atk|2\n|\n|upkeep\n|turn|17\n|\n|t:|1699801742\n|move|p1a: Ursaluna|Bitter Malice|p2a: Not Pikachu\n|-supereffective|p2a: Not Pikachu\n|-damage|p2a: Not Pikachu|0 fnt\n|faint|p2a: Not Pikachu\n|\n|upkeep\n|c|\u2606PeanutChewer|finally!\n|c|\u2606TexanFarmersMarket|shut up\n|inactive|TexanFarmersMarket has 270 seconds left.\n|\n|t:|1699801765\n|switch|p2a: Contact Only|Aggron, F|100\/100\n|turn|18\n|\n|t:|1699801772\n|switch|p2a: AHHHH!!!!!|Noivern, M|82\/100\n|-item|p1a: Ursaluna|Ghostium Z|[from] ability: Frisk|[of] p2a: AHHHH!!!!!|[identify]\n|move|p1a: Ursaluna|Taunt|p2a: AHHHH!!!!!\n|-start|p2a: AHHHH!!!!!|move: Taunt\n|\n|upkeep\n|turn|19\n|\n|t:|1699801786\n|switch|p1a: Ditto|Ditto|73\/100\n|-transform|p1a: Ditto|p2a: AHHHH!!!!!|[from] ability: Imposter\n|-item|p2a: AHHHH!!!!!|Choice Specs|[from] ability: Frisk|[of] p1a: Ditto|[identify]\n|move|p2a: AHHHH!!!!!|Heat Wave|p1a: Ditto\n|-resisted|p1a: Ditto\n|-damage|p1a: Ditto|47\/100\n|\n|upkeep\n|turn|20\n|\n|t:|1699801802\n|switch|p2a: Contact Only|Aggron, F|100\/100\n|move|p1a: Ditto|Boomburst|p2a: Contact Only\n|-resisted|p2a: Contact Only\n|-damage|p2a: Contact Only|91\/100\n|\n|upkeep\n|turn|21\n|inactive|TexanFarmersMarket has 270 seconds left.\n|\n|t:|1699801817\n|switch|p1a: Ursaluna|Ursaluna, M|100\/100\n|move|p2a: Contact Only|Stone Edge|p1a: Ursaluna\n|-resisted|p1a: Ursaluna\n|-damage|p1a: Ursaluna|81\/100\n|\n|-status|p1a: Ursaluna|brn|[from] item: Flame Orb\n|upkeep\n|turn|22\n|\n|t:|1699801824\n|switch|p2a: AHHHH!!!!!|Noivern, M|82\/100\n|-item|p1a: Ursaluna|Flame Orb|[from] ability: Frisk|[of] p2a: AHHHH!!!!!|[identify]\n|move|p1a: Ursaluna|Headlong Rush|p2a: AHHHH!!!!!\n|-immune|p2a: AHHHH!!!!!\n|\n|-damage|p1a: Ursaluna|75\/100 brn|[from] brn\n|upkeep\n|turn|23\n|\n|t:|1699801836\n|switch|p1a: Ditto|Ditto|100\/100\n|move|p2a: AHHHH!!!!!|Boomburst|p1a: Ditto\n|-immune|p1a: Ditto\n|\n|upkeep\n|turn|24\n|j| rggege\n|\n|t:|1699801850\n|switch|p2a: Contact Only|Aggron, F|91\/100\n|switch|p1a: Ditto|Ditto|47\/100\n|-transform|p1a: Ditto|p2a: Contact Only|[from] ability: Imposter\n|\n|upkeep\n|turn|25\n|\n|t:|1699801862\n|switch|p1a: Farigiraf|Farigiraf, F|100\/100\n|move|p2a: Contact Only|Aqua Tail|p1a: Farigiraf|[miss]\n|-miss|p2a: Contact Only|p1a: Farigiraf\n|\n|upkeep\n|turn|26\n|l| rggege\n|\n|t:|1699801870\n|move|p1a: Farigiraf|Calm Mind|p1a: Farigiraf\n|-boost|p1a: Farigiraf|spa|1\n|-boost|p1a: Farigiraf|spd|1\n|move|p2a: Contact Only|Counter||[still]\n|-fail|p2a: Contact Only\n|\n|upkeep\n|turn|27\n|\n|t:|1699801878\n|move|p1a: Farigiraf|Psychic|p2a: Contact Only\n|-resisted|p2a: Contact Only\n|-damage|p2a: Contact Only|56\/100\n|move|p2a: Contact Only|Aqua Tail|p1a: Farigiraf\n|-damage|p1a: Farigiraf|66\/100\n|\n|upkeep\n|turn|28\n|\n|t:|1699801890\n|switch|p2a: Gamefreak What|Lopunny, M|100\/100\n|move|p1a: Farigiraf|Shadow Ball|p2a: Gamefreak What\n|-immune|p2a: Gamefreak What\n|\n|upkeep\n|turn|29\n|\n|t:|1699801915\n|switch|p2a: Breakdancer|Hitmontop, M|86\/100\n|move|p1a: Farigiraf|Shadow Ball|p2a: Breakdancer\n|-crit|p2a: Breakdancer\n|-damage|p2a: Breakdancer|23\/100\n|\n|upkeep\n|turn|30\n|\n|t:|1699801923\n|switch|p1a: Farigiraf|Farigiraf, F|100\/100\n|move|p2a: Breakdancer|Mach Punch|p1a: Farigiraf\n|-immune|p1a: Farigiraf\n|\n|upkeep\n|turn|31\n|\n|t:|1699801940\n|switch|p1a: Ursaluna|Ursaluna, M|75\/100 brn\n|move|p2a: Breakdancer|Bullet Punch|p1a: Ursaluna\n|-damage|p1a: Ursaluna|63\/100 brn\n|\n|-damage|p1a: Ursaluna|57\/100 brn|[from] brn\n|upkeep\n|turn|32\n|\n|t:|1699801947\n|switch|p1a: Farigiraf|Farigiraf, F|100\/100\n|move|p2a: Breakdancer|Mach Punch|p1a: Farigiraf\n|-immune|p1a: Farigiraf\n|\n|upkeep\n|turn|33\n|\n|t:|1699801951\n|switch|p1a: Ursaluna|Ursaluna, M|57\/100 brn\n|move|p2a: Breakdancer|Bullet Punch|p1a: Ursaluna\n|-damage|p1a: Ursaluna|43\/100 brn\n|\n|-damage|p1a: Ursaluna|37\/100 brn|[from] brn\n|upkeep\n|turn|34\n|\n|t:|1699801957\n|switch|p1a: Farigiraf|Farigiraf, F|100\/100\n|move|p2a: Breakdancer|Mach Punch|p1a: Farigiraf\n|-immune|p1a: Farigiraf\n|\n|upkeep\n|turn|35\n|\n|t:|1699801969\n|move|p2a: Breakdancer|Mach Punch|p1a: Farigiraf\n|-immune|p1a: Farigiraf\n|replace|p1a: Zoroark|Zoroark-Hisui, M\n|-end|p1a: Zoroark|Illusion\n|-zpower|p1a: Zoroark\n|move|p1a: Zoroark|Never-Ending Nightmare|p2a: Breakdancer|[zeffect]\n|-damage|p2a: Breakdancer|0 fnt\n|faint|p2a: Breakdancer\n|\n|upkeep\n|\n|t:|1699801981\n|switch|p2a: Contact Only|Aggron, F|56\/100\n|turn|36\n|\n|t:|1699801984\n|move|p1a: Zoroark|Taunt|p2a: Contact Only\n|-start|p2a: Contact Only|move: Taunt\n|move|p2a: Contact Only|Counter||[still]\n|-fail|p2a: Contact Only\n|\n|upkeep\n|turn|37\n|\n|t:|1699801992\n|switch|p1a: Swellow|Swellow, F|100\/100\n|move|p2a: Contact Only|Earthquake|p1a: Swellow\n|-immune|p1a: Swellow\n|\n|upkeep\n|turn|38\n|\n|t:|1699801999\n|-terastallize|p1a: Swellow|Normal\n|move|p1a: Swellow|Boomburst|p2a: Contact Only\n|-resisted|p2a: Contact Only\n|-damage|p2a: Contact Only|31\/100\n|move|p2a: Contact Only|Stone Edge|p1a: Swellow|[miss]\n|-miss|p2a: Contact Only|p1a: Swellow\n|\n|-end|p2a: Contact Only|move: Taunt\n|upkeep\n|turn|39\n|\n|t:|1699802010\n|switch|p1a: Ursaluna|Ursaluna, M|37\/100 brn\n|move|p2a: Contact Only|Stone Edge|p1a: Ursaluna|[miss]\n|-miss|p2a: Contact Only|p1a: Ursaluna\n|\n|-damage|p1a: Ursaluna|31\/100 brn|[from] brn\n|upkeep\n|turn|40\n|\n|t:|1699802017\n|switch|p1a: Farigiraf|Farigiraf, F|100\/100\n|move|p2a: Contact Only|Aqua Tail|p1a: Farigiraf\n|-damage|p1a: Farigiraf|41\/100\n|replace|p1a: Zoroark|Zoroark-Hisui, M\n|-end|p1a: Zoroark|Illusion\n|\n|upkeep\n|turn|41\n|\n|t:|1699802030\n|move|p1a: Zoroark|Bitter Malice|p2a: Contact Only\n|-damage|p2a: Contact Only|0 fnt\n|faint|p2a: Contact Only\n|\n|upkeep\n|\n|t:|1699802036\n|switch|p2a: AHHHH!!!!!|Noivern, M|82\/100\n|-item|p1a: Zoroark|Ghostium Z|[from] ability: Frisk|[of] p2a: AHHHH!!!!!|[identify]\n|turn|42\n|\n|t:|1699802041\n|switch|p1a: Ditto|Ditto|47\/100\n|-transform|p1a: Ditto|p2a: AHHHH!!!!!|[from] ability: Imposter\n|-item|p2a: AHHHH!!!!!|Choice Specs|[from] ability: Frisk|[of] p1a: Ditto|[identify]\n|move|p2a: AHHHH!!!!!|Boomburst|p1a: Ditto\n|-damage|p1a: Ditto|0 fnt\n|faint|p1a: Ditto\n|\n|upkeep\n|\n|t:|1699802050\n|switch|p1a: Farigiraf|Farigiraf, F|66\/100\n|turn|43\n|\n|t:|1699802053\n|move|p2a: AHHHH!!!!!|Boomburst|p1a: Farigiraf\n|-damage|p1a: Farigiraf|3\/100\n|-enditem|p1a: Farigiraf|Sitrus Berry|[eat]\n|-heal|p1a: Farigiraf|28\/100|[from] item: Sitrus Berry\n|move|p1a: Farigiraf|Calm Mind|p1a: Farigiraf\n|-boost|p1a: Farigiraf|spa|1\n|-boost|p1a: Farigiraf|spd|1\n|\n|upkeep\n|turn|44\n|\n|t:|1699802059\n|switch|p2a: Not Ursaring|Ursaluna, F|76\/100 brn\n|move|p1a: Farigiraf|Psychic|p2a: Not Ursaring\n|-damage|p2a: Not Ursaring|20\/100 brn\n|\n|-damage|p2a: Not Ursaring|14\/100 brn|[from] brn\n|-activate|p1a: Farigiraf|ability: Cud Chew\n|-enditem|p1a: Farigiraf|Sitrus Berry|[eat]\n|-heal|p1a: Farigiraf|53\/100|[from] item: Sitrus Berry\n|upkeep\n|turn|45\n|\n|t:|1699802067\n|move|p2a: Not Ursaring|Protect|p2a: Not Ursaring\n|-singleturn|p2a: Not Ursaring|Protect\n|move|p1a: Farigiraf|Calm Mind|p1a: Farigiraf\n|-boost|p1a: Farigiraf|spa|1\n|-boost|p1a: Farigiraf|spd|1\n|\n|-damage|p2a: Not Ursaring|8\/100 brn|[from] brn\n|upkeep\n|turn|46\n|\n|t:|1699802072\n|move|p1a: Farigiraf|Calm Mind|p1a: Farigiraf\n|-boost|p1a: Farigiraf|spa|1\n|-boost|p1a: Farigiraf|spd|1\n|move|p2a: Not Ursaring|Facade|p1a: Farigiraf\n|-damage|p1a: Farigiraf|0 fnt\n|faint|p1a: Farigiraf\n|\n|-damage|p2a: Not Ursaring|2\/100 brn|[from] brn\n|upkeep\n|\n|t:|1699802077\n|switch|p1a: Lopunny|Lopunny, F|41\/100\n|turn|47\n|\n|t:|1699802081\n|move|p1a: Lopunny|Bitter Malice|p2a: Not Ursaring\n|-immune|p2a: Not Ursaring\n|move|p2a: Not Ursaring|Facade|p1a: Lopunny\n|-immune|p1a: Lopunny\n|\n|-damage|p2a: Not Ursaring|0 fnt|[from] brn\n|faint|p2a: Not Ursaring\n|upkeep\n|\n|t:|1699802086\n|switch|p2a: Gamefreak What|Lopunny, M|100\/100\n|turn|48\n|\n|t:|1699802091\n|detailschange|p2a: Gamefreak What|Lopunny-Mega, M\n|-mega|p2a: Gamefreak What|Lopunny|Lopunnite\n|move|p2a: Gamefreak What|Fake Out|p1a: Lopunny\n|-damage|p1a: Lopunny|0 fnt\n|replace|p1a: Zoroark|Zoroark-Hisui, M\n|-end|p1a: Zoroark|Illusion\n|faint|p1a: Zoroark\n|\n|upkeep\n|\n|t:|1699802092\n|switch|p1a: Lopunny|Lopunny, F|100\/100\n|turn|49\n|\n|t:|1699802099\n|detailschange|p1a: Lopunny|Lopunny-Mega, F\n|-mega|p1a: Lopunny|Lopunny|Lopunnite\n|move|p1a: Lopunny|Fake Out|p2a: Gamefreak What\n|-damage|p2a: Gamefreak What|70\/100\n|cant|p2a: Gamefreak What|flinch\n|\n|upkeep\n|turn|50\n|\n|t:|1699802107\n|move|p2a: Gamefreak What|High Jump Kick|p1a: Lopunny\n|-supereffective|p1a: Lopunny\n|-damage|p1a: Lopunny|0 fnt\n|faint|p1a: Lopunny\n|\n|upkeep\n|\n|t:|1699802111\n|switch|p1a: Ursaluna|Ursaluna, M|31\/100 brn\n|turn|51\n|\n|t:|1699802115\n|move|p2a: Gamefreak What|Frustration|p1a: Ursaluna\n|-damage|p1a: Ursaluna|0 fnt\n|faint|p1a: Ursaluna\n|\n|upkeep\n|\n|t:|1699802119\n|switch|p1a: Swellow|Swellow, F, tera:Normal|100\/100\n|turn|52\n|\n|t:|1699802124\n|move|p2a: Gamefreak What|Fake Out||[still]\n|-hint|Fake Out only works on your first turn out.\n|-fail|p2a: Gamefreak What\n|move|p1a: Swellow|Boomburst|p2a: Gamefreak What\n|-damage|p2a: Gamefreak What|0 fnt\n|faint|p2a: Gamefreak What\n|\n|upkeep\n|\n|t:|1699802128\n|switch|p2a: AHHHH!!!!!|Noivern, M|82\/100\n|-item|p1a: Swellow|Choice Specs|[from] ability: Frisk|[of] p2a: AHHHH!!!!!|[identify]\n|turn|53\n|\n|t:|1699802132\n|-terastallize|p2a: AHHHH!!!!!|Normal\n|move|p1a: Swellow|Boomburst|p2a: AHHHH!!!!!\n|-damage|p2a: AHHHH!!!!!|0 fnt\n|faint|p2a: AHHHH!!!!!\n|\n|win|PeanutChewer\n|c|\u2606PeanutChewer|gg\n","uploadtime":1699802150,"views":37,"p1id":"peanutchewer","p2id":"texanfarmersmarket","formatid":"gen9nationaldex","rating":0,"private":0,"password":""}