{"id":"gen9nationaldex-1993256764","p1":"Tank Tests","p2":"qingxiaqin","format":"[Gen 9] National Dex","log":"|j|\u2606Tank Tests\n|j|\u2606qingxiaqin\n|t:|1700285294\n|gametype|singles\n|player|p1|Tank Tests|170|1344\n|player|p2|qingxiaqin|169|1240\n|teamsize|p1|6\n|teamsize|p2|6\n|gen|9\n|tier|[Gen 9] National Dex\n|rated|\n|rule|HP Percentage Mod: HP is shown in percentages\n|rule|Endless Battle Clause: Forcing endless battles is banned\n|rule|OHKO Clause: OHKO moves are banned\n|rule|Evasion Clause: Evasion abilities, items, and moves are banned\n|rule|Evasion Abilities Clause: Evasion abilities are banned\n|rule|Evasion Items Clause: Evasion items are banned\n|rule|Evasion Moves Clause: Evasion moves are banned\n|rule|Species Clause: Limit one of each Pok\u00e9mon\n|rule|Sleep Clause Mod: Limit one foe put to sleep\n|clearpoke\n|poke|p1|Pawmot, F|\n|poke|p1|Rabsca, M|\n|poke|p1|Banette, M|\n|poke|p1|Victini|\n|poke|p1|Dragonite, M|\n|poke|p1|Forretress, F|\n|poke|p2|Crobat, M|\n|poke|p2|Marowak-Alola, F|\n|poke|p2|Linoone, M|\n|poke|p2|Thundurus-Therian, M|\n|poke|p2|Tapu Lele|\n|poke|p2|Zapdos|\n|teampreview\n|inactive|Battle timer is ON: inactive players will automatically lose when time's up. (requested by qingxiaqin)\n|\n|t:|1700285312\n|start\n|switch|p1a: Banette|Banette, M|100\/100\n|switch|p2a: Marowak|Marowak-Alola, F|100\/100\n|turn|1\n|\n|t:|1700285319\n|switch|p2a: Linoone|Linoone, M|100\/100\n|detailschange|p1a: Banette|Banette-Mega, M\n|-mega|p1a: Banette|Banette|Banettite\n|move|p1a: Banette|Poltergeist|p2a: Linoone\n|-immune|p2a: Linoone\n|\n|upkeep\n|turn|2\n|\n|t:|1700285327\n|move|p1a: Banette|Destiny Bond|p1a: Banette\n|-singlemove|p1a: Banette|Destiny Bond\n|move|p2a: Linoone|Thunder Wave|p1a: Banette\n|-status|p1a: Banette|par\n|\n|upkeep\n|turn|3\n|\n|t:|1700285351\n|switch|p2a: Tapu Lele|Tapu Lele|100\/100\n|-fieldstart|move: Psychic Terrain|[from] ability: Psychic Surge|[of] p2a: Tapu Lele\n|cant|p1a: Banette|par\n|\n|upkeep\n|turn|4\n|\n|t:|1700285355\n|switch|p2a: Linoone|Linoone, M|100\/100\n|switch|p1a: Forretress|Forretress, F|100\/100\n|\n|upkeep\n|turn|5\n|\n|t:|1700285359\n|move|p2a: Linoone|Thunder Wave|p1a: Forretress\n|-status|p1a: Forretress|par\n|move|p1a: Forretress|Thunder Wave|p2a: Linoone\n|-status|p2a: Linoone|par\n|\n|upkeep\n|turn|6\n|\n|t:|1700285378\n|move|p2a: Linoone|Shadow Claw|p1a: Forretress\n|-damage|p1a: Forretress|89\/100 par\n|move|p1a: Forretress|Stealth Rock|p2a: Linoone\n|-sidestart|p2: qingxiaqin|move: Stealth Rock\n|\n|upkeep\n|turn|7\n|\n|t:|1700285388\n|switch|p2a: Marowak|Marowak-Alola, F|100\/100\n|-damage|p2a: Marowak|75\/100|[from] Stealth Rock\n|move|p1a: Forretress|Explosion|p2a: Marowak\n|-immune|p2a: Marowak\n|faint|p1a: Forretress\n|\n|-fieldend|move: Psychic Terrain\n|upkeep\n|\n|t:|1700285396\n|switch|p1a: Dragonite|Dragonite, M|100\/100\n|turn|8\n|\n|t:|1700285401\n|-terastallize|p1a: Dragonite|Normal\n|move|p1a: Dragonite|Dragon Dance|p1a: Dragonite\n|-boost|p1a: Dragonite|atk|1\n|-boost|p1a: Dragonite|spe|1\n|move|p2a: Marowak|Poltergeist|p1a: Dragonite\n|-immune|p1a: Dragonite\n|\n|upkeep\n|turn|9\n|\n|t:|1700285412\n|-terastallize|p2a: Marowak|Flying\n|move|p1a: Dragonite|Earthquake|p2a: Marowak\n|-immune|p2a: Marowak\n|move|p2a: Marowak|Flare Blitz|p1a: Dragonite\n|-damage|p1a: Dragonite|48\/100\n|\n|upkeep\n|turn|10\n|\n|t:|1700285422\n|switch|p2a: Tapu Lele|Tapu Lele|100\/100\n|-damage|p2a: Tapu Lele|88\/100|[from] Stealth Rock\n|-fieldstart|move: Psychic Terrain|[from] ability: Psychic Surge|[of] p2a: Tapu Lele\n|move|p1a: Dragonite|Extreme Speed|p2a: Tapu Lele\n|-activate|p2a: Tapu Lele|move: Psychic Terrain\n|\n|upkeep\n|turn|11\n|\n|t:|1700285436\n|move|p2a: Tapu Lele|Psychic|p1a: Dragonite\n|-damage|p1a: Dragonite|0 fnt\n|faint|p1a: Dragonite\n|\n|upkeep\n|\n|t:|1700285439\n|switch|p1a: Rabsca|Rabsca, M|100\/100\n|turn|12\n|inactive|qingxiaqin has 120 seconds left.\n|inactive|qingxiaqin has 90 seconds left.\n|\n|t:|1700285506\n|switch|p2a: Crobat|Crobat, M|100\/100\n|move|p1a: Rabsca|Revival Blessing|p1a: Rabsca\n|-enditem|p1a: Rabsca|Leppa Berry|[eat]\n|-activate|p1a: Rabsca|item: Leppa Berry|Revival Blessing|[consumed]\n|\n|t:|1700285511\n|-heal|p1: Dragonite|50\/100|[from] move: Revival Blessing\n|\n|upkeep\n|turn|13\n|inactive|qingxiaqin has 90 seconds left.\n|\n|t:|1700285531\n|switch|p1a: Victini|Victini|100\/100\n|move|p2a: Crobat|Hurricane|p1a: Victini\n|-damage|p1a: Victini|64\/100\n|\n|upkeep\n|turn|14\n|inactive|qingxiaqin has 90 seconds left.\n|\n|t:|1700285552\n|move|p1a: Victini|Zen Headbutt|p2a: Crobat\n|-supereffective|p2a: Crobat\n|-damage|p2a: Crobat|0 fnt\n|faint|p2a: Crobat\n|\n|-fieldend|move: Psychic Terrain\n|upkeep\n|\n|t:|1700285568\n|switch|p2a: Zapdos|Zapdos|100\/100\n|-damage|p2a: Zapdos|76\/100|[from] Stealth Rock\n|turn|15\n|\n|t:|1700285580\n|switch|p1a: Pawmot|Pawmot, F|100\/100\n|-zpower|p2a: Zapdos\n|move|p2a: Zapdos|Z-Rain Dance|p2a: Zapdos|[anim]Rain Dance\n|-boost|p2a: Zapdos|spe|1|[zeffect]\n|-weather|RainDance\n|\n|-weather|RainDance|[upkeep]\n|upkeep\n|turn|16\n|\n|t:|1700285598\n|switch|p1a: Dragonite|Dragonite, M|50\/100\n|move|p2a: Zapdos|Hurricane|p1a: Dragonite\n|-damage|p1a: Dragonite|0 fnt\n|faint|p1a: Dragonite\n|\n|-weather|RainDance|[upkeep]\n|upkeep\n|\n|t:|1700285604\n|switch|p1a: Banette|Banette-Mega, M|100\/100 par\n|turn|17\n|\n|t:|1700285632\n|switch|p2a: Linoone|Linoone, M|100\/100 par\n|-damage|p2a: Linoone|88\/100 par|[from] Stealth Rock\n|move|p1a: Banette|Destiny Bond|p1a: Banette\n|-singlemove|p1a: Banette|Destiny Bond\n|\n|-weather|RainDance|[upkeep]\n|upkeep\n|turn|18\n|inactive|qingxiaqin has 60 seconds left.\n|\n|t:|1700285653\n|move|p1a: Banette|Taunt|p2a: Linoone\n|-start|p2a: Linoone|move: Taunt\n|cant|p2a: Linoone|move: Taunt|Thunder Wave\n|\n|-weather|RainDance|[upkeep]\n|upkeep\n|turn|19\n|\n|t:|1700285660\n|move|p1a: Banette|Destiny Bond|p1a: Banette\n|-singlemove|p1a: Banette|Destiny Bond\n|move|p2a: Linoone|Shadow Claw|p1a: Banette\n|-supereffective|p1a: Banette\n|-damage|p1a: Banette|34\/100 par\n|\n|-weather|none\n|upkeep\n|turn|20\n|inactive|qingxiaqin has 60 seconds left.\n|\n|t:|1700285688\n|switch|p2a: Tapu Lele|Tapu Lele|88\/100\n|-damage|p2a: Tapu Lele|76\/100|[from] Stealth Rock\n|-fieldstart|move: Psychic Terrain|[from] ability: Psychic Surge|[of] p2a: Tapu Lele\n|cant|p1a: Banette|par\n|\n|upkeep\n|turn|21\n|\n|t:|1700285697\n|switch|p2a: Linoone|Linoone, M|88\/100 par\n|-damage|p2a: Linoone|76\/100 par|[from] Stealth Rock\n|move|p1a: Banette|Destiny Bond|p1a: Banette\n|-singlemove|p1a: Banette|Destiny Bond\n|\n|upkeep\n|turn|22\n|inactive|qingxiaqin has 60 seconds left.\n|\n|t:|1700285707\n|move|p2a: Linoone|Thunder Wave|p1a: Banette\n|-fail|p1a: Banette|par\n|cant|p1a: Banette|par\n|\n|upkeep\n|turn|23\n|inactive|qingxiaqin has 60 seconds left.\n|\n|t:|1700285721\n|switch|p2a: Thundurus|Thundurus-Therian, M|100\/100\n|switch|p1a: Pawmot|Pawmot, F|100\/100\n|\n|upkeep\n|turn|24\n|inactive|qingxiaqin has 60 seconds left.\n|\n|t:|1700285732\n|move|p1a: Pawmot|Revival Blessing|p1a: Pawmot\n|-enditem|p1a: Pawmot|Leppa Berry|[eat]\n|-activate|p1a: Pawmot|item: Leppa Berry|Revival Blessing|[consumed]\n|\n|t:|1700285736\n|-heal|p1: Dragonite|50\/100|[from] move: Revival Blessing\n|move|p2a: Thundurus|Nasty Plot|p2a: Thundurus\n|-boost|p2a: Thundurus|spa|2\n|\n|-fieldend|move: Psychic Terrain\n|upkeep\n|turn|25\n|\n|t:|1700285744\n|switch|p1a: Banette|Banette-Mega, M|34\/100 par\n|move|p2a: Thundurus|Focus Blast|p1a: Banette\n|-immune|p1a: Banette\n|\n|upkeep\n|turn|26\n|\n|t:|1700285761\n|switch|p2a: Linoone|Linoone, M|76\/100 par\n|-damage|p2a: Linoone|63\/100 par|[from] Stealth Rock\n|cant|p1a: Banette|par\n|\n|upkeep\n|turn|27\n|\n|t:|1700285768\n|switch|p1a: Pawmot|Pawmot, F|100\/100\n|move|p2a: Linoone|Shadow Claw|p1a: Pawmot\n|-damage|p1a: Pawmot|76\/100\n|\n|upkeep\n|turn|28\n|\n|t:|1700285791\n|switch|p2a: Thundurus|Thundurus-Therian, M|100\/100\n|move|p1a: Pawmot|Double Shock|p2a: Thundurus\n|-immune|p2a: Thundurus|[from] ability: Volt Absorb\n|\n|upkeep\n|turn|29\n|\n|t:|1700285800\n|switch|p1a: Banette|Banette-Mega, M|34\/100 par\n|move|p2a: Thundurus|Thunderbolt|p1a: Banette\n|-crit|p1a: Banette\n|-damage|p1a: Banette|0 fnt\n|faint|p1a: Banette\n|\n|upkeep\n|\n|t:|1700285805\n|switch|p1a: Victini|Victini|64\/100\n|turn|30\n|inactive|qingxiaqin has 60 seconds left.\n|\n|t:|1700285833\n|move|p1a: Victini|V-create|p2a: Thundurus\n|-crit|p2a: Thundurus\n|-damage|p2a: Thundurus|0 fnt\n|-unboost|p1a: Victini|spe|1\n|-unboost|p1a: Victini|def|1\n|-unboost|p1a: Victini|spd|1\n|faint|p2a: Thundurus\n|\n|upkeep\n|inactive|qingxiaqin has 60 seconds left.\n|inactive|qingxiaqin has 30 seconds left.\n|inactive|qingxiaqin has 20 seconds left.\n|\n|t:|1700285881\n|switch|p2a: Zapdos|Zapdos|76\/100\n|-damage|p2a: Zapdos|51\/100|[from] Stealth Rock\n|turn|31\n|inactive|qingxiaqin has 30 seconds left this turn.\n|\n|t:|1700285886\n|move|p2a: Zapdos|Rain Dance|p2a: Zapdos\n|-weather|RainDance\n|move|p1a: Victini|V-create|p2a: Zapdos\n|-damage|p2a: Zapdos|4\/100\n|-unboost|p1a: Victini|spe|1\n|-unboost|p1a: Victini|def|1\n|-unboost|p1a: Victini|spd|1\n|\n|-weather|RainDance|[upkeep]\n|upkeep\n|turn|32\n|\n|t:|1700285894\n|switch|p1a: Dragonite|Dragonite, M|50\/100\n|move|p2a: Zapdos|Weather Ball|p1a: Dragonite\n|-resisted|p1a: Dragonite\n|-damage|p1a: Dragonite|22\/100\n|\n|-weather|RainDance|[upkeep]\n|upkeep\n|turn|33\n|\n|t:|1700285907\n|move|p2a: Zapdos|Hurricane|p1a: Dragonite\n|-damage|p1a: Dragonite|0 fnt\n|faint|p1a: Dragonite\n|\n|-weather|RainDance|[upkeep]\n|upkeep\n|\n|t:|1700285909\n|switch|p1a: Victini|Victini|64\/100\n|turn|34\n|\n|t:|1700285914\n|move|p1a: Victini|Zen Headbutt|p2a: Zapdos\n|-damage|p2a: Zapdos|0 fnt\n|faint|p2a: Zapdos\n|\n|-weather|RainDance|[upkeep]\n|upkeep\n|\n|t:|1700285919\n|switch|p2a: Tapu Lele|Tapu Lele|76\/100\n|-damage|p2a: Tapu Lele|63\/100|[from] Stealth Rock\n|-fieldstart|move: Psychic Terrain|[from] ability: Psychic Surge|[of] p2a: Tapu Lele\n|turn|35\n|\n|t:|1700285944\n|switch|p1a: Rabsca|Rabsca, M|100\/100\n|move|p2a: Tapu Lele|Psychic|p1a: Rabsca\n|-resisted|p1a: Rabsca\n|-damage|p1a: Rabsca|74\/100\n|\n|-weather|none\n|upkeep\n|turn|36\n|\n|t:|1700285951\n|move|p2a: Tapu Lele|Psychic|p1a: Rabsca\n|-resisted|p1a: Rabsca\n|-damage|p1a: Rabsca|50\/100\n|move|p1a: Rabsca|Revival Blessing|p1a: Rabsca\n|\n|t:|1700285954\n|-heal|p1: Banette|50\/100|[from] move: Revival Blessing\n|\n|upkeep\n|turn|37\n|\n|t:|1700285959\n|move|p2a: Tapu Lele|Psychic|p1a: Rabsca\n|-resisted|p1a: Rabsca\n|-damage|p1a: Rabsca|25\/100\n|-unboost|p1a: Rabsca|spd|1\n|move|p1a: Rabsca|Memento|p2a: Tapu Lele\n|-unboost|p2a: Tapu Lele|atk|2\n|-unboost|p2a: Tapu Lele|spa|2\n|faint|p1a: Rabsca\n|\n|upkeep\n|\n|t:|1700285964\n|switch|p1a: Pawmot|Pawmot, F|76\/100\n|turn|38\n|\n|t:|1700285969\n|move|p2a: Tapu Lele|Psychic|p1a: Pawmot\n|-supereffective|p1a: Pawmot\n|-damage|p1a: Pawmot|0 fnt\n|faint|p1a: Pawmot\n|\n|upkeep\n|\n|t:|1700285973\n|switch|p1a: Victini|Victini|64\/100\n|turn|39\n|\n|t:|1700285985\n|switch|p2a: Marowak|Marowak-Alola, F, tera:Flying|75\/100\n|-damage|p2a: Marowak|50\/100|[from] Stealth Rock\n|move|p1a: Victini|V-create|p2a: Marowak\n|-damage|p2a: Marowak|0 fnt\n|-unboost|p1a: Victini|spe|1\n|-unboost|p1a: Victini|def|1\n|-unboost|p1a: Victini|spd|1\n|faint|p2a: Marowak\n|\n|-fieldend|move: Psychic Terrain\n|upkeep\n|\n|t:|1700285993\n|switch|p2a: Tapu Lele|Tapu Lele|63\/100\n|-damage|p2a: Tapu Lele|51\/100|[from] Stealth Rock\n|-fieldstart|move: Psychic Terrain|[from] ability: Psychic Surge|[of] p2a: Tapu Lele\n|turn|40\n|\n|t:|1700286000\n|switch|p1a: Banette|Banette-Mega, M|50\/100\n|move|p2a: Tapu Lele|Thunderbolt|p1a: Banette\n|-damage|p1a: Banette|0 fnt\n|faint|p1a: Banette\n|\n|upkeep\n|\n|t:|1700286002\n|switch|p1a: Victini|Victini|64\/100\n|turn|41\n|\n|t:|1700286008\n|switch|p2a: Linoone|Linoone, M|63\/100 par\n|-damage|p2a: Linoone|51\/100 par|[from] Stealth Rock\n|move|p1a: Victini|V-create|p2a: Linoone\n|-damage|p2a: Linoone|0 fnt\n|-unboost|p1a: Victini|spe|1\n|-unboost|p1a: Victini|def|1\n|-unboost|p1a: Victini|spd|1\n|faint|p2a: Linoone\n|\n|upkeep\n|\n|t:|1700286009\n|switch|p2a: Tapu Lele|Tapu Lele|51\/100\n|-damage|p2a: Tapu Lele|38\/100|[from] Stealth Rock\n|turn|42\n|\n|t:|1700286015\n|move|p2a: Tapu Lele|Thunderbolt|p1a: Victini\n|-damage|p1a: Victini|18\/100\n|move|p1a: Victini|V-create|p2a: Tapu Lele\n|-damage|p2a: Tapu Lele|0 fnt\n|-unboost|p1a: Victini|spe|1\n|-unboost|p1a: Victini|def|1\n|-unboost|p1a: Victini|spd|1\n|faint|p2a: Tapu Lele\n|\n|win|Tank Tests\n|raw|Tank Tests's rating: 1344 &rarr; <strong>1358<\/strong><br \/>(+14 for winning)\n|raw|qingxiaqin's rating: 1240 &rarr; <strong>1222<\/strong><br \/>(-18 for losing)\n|c|\u2606Tank Tests|gg\n|c|\u2606qingxiaqin|\u7cbe\u5f69\n","uploadtime":1700286026,"views":9,"p1id":"tanktests","p2id":"qingxiaqin","formatid":"gen9nationaldex","rating":1222,"private":0,"password":""}