{"id":"gen9nationaldex-1993848368","p1":"Marty1010","p2":"Djangoman","format":"[Gen 9] National Dex","log":"|j|\u2606Marty1010\n|j|\u2606Djangoman\n|t:|1700364878\n|gametype|singles\n|player|p1|Marty1010|crasherwake|1103\n|player|p2|Djangoman|artist-gen4|1058\n|teamsize|p1|6\n|teamsize|p2|6\n|gen|9\n|tier|[Gen 9] National Dex\n|rated|\n|rule|HP Percentage Mod: HP is shown in percentages\n|rule|Endless Battle Clause: Forcing endless battles is banned\n|rule|OHKO Clause: OHKO moves are banned\n|rule|Evasion Clause: Evasion abilities, items, and moves are banned\n|rule|Evasion Abilities Clause: Evasion abilities are banned\n|rule|Evasion Items Clause: Evasion items are banned\n|rule|Evasion Moves Clause: Evasion moves are banned\n|rule|Species Clause: Limit one of each Pok\u00e9mon\n|rule|Sleep Clause Mod: Limit one foe put to sleep\n|clearpoke\n|poke|p1|Slowbro, M|\n|poke|p1|Lucario, M|\n|poke|p1|Glimmora, F|\n|poke|p1|Gliscor, F|\n|poke|p1|Milotic, F|\n|poke|p1|Umbreon, M|\n|poke|p2|Gigalith, M|\n|poke|p2|Alakazam, M|\n|poke|p2|Excadrill, M|\n|poke|p2|Buzzwole|\n|poke|p2|Sableye, M|\n|poke|p2|Whimsicott, F|\n|teampreview\n|\n|t:|1700364888\n|start\n|switch|p1a: Marceline|Gliscor, F|100\/100\n|switch|p2a: Crucify|Alakazam, M|100\/100\n|turn|1\n|\n|t:|1700364895\n|move|p2a: Crucify|Shadow Ball|p1a: Marceline\n|-damage|p1a: Marceline|62\/100\n|move|p1a: Marceline|Swords Dance|p1a: Marceline\n|-boost|p1a: Marceline|atk|2\n|\n|-status|p1a: Marceline|tox|[from] item: Toxic Orb\n|upkeep\n|turn|2\n|\n|t:|1700364903\n|move|p2a: Crucify|Energy Ball|p1a: Marceline\n|-damage|p1a: Marceline|17\/100 tox\n|move|p1a: Marceline|Swords Dance|p1a: Marceline\n|-boost|p1a: Marceline|atk|2\n|\n|-heal|p1a: Marceline|29\/100 tox|[from] ability: Poison Heal\n|upkeep\n|turn|3\n|\n|t:|1700364913\n|move|p1a: Marceline|Protect|p1a: Marceline\n|-singleturn|p1a: Marceline|Protect\n|move|p2a: Crucify|Shadow Ball|p1a: Marceline\n|-activate|p1a: Marceline|move: Protect\n|\n|-heal|p1a: Marceline|42\/100 tox|[from] ability: Poison Heal\n|upkeep\n|turn|4\n|\n|t:|1700364922\n|-terastallize|p1a: Marceline|Steel\n|move|p2a: Crucify|Shadow Ball|p1a: Marceline\n|-damage|p1a: Marceline|6\/100 tox\n|move|p1a: Marceline|Dual Wingbeat|p2a: Crucify|[miss]\n|-miss|p1a: Marceline|p2a: Crucify\n|\n|-heal|p1a: Marceline|18\/100 tox|[from] ability: Poison Heal\n|upkeep\n|turn|5\n|\n|t:|1700364932\n|move|p1a: Marceline|Protect|p1a: Marceline\n|-singleturn|p1a: Marceline|Protect\n|move|p2a: Crucify|Energy Ball|p1a: Marceline\n|-activate|p1a: Marceline|move: Protect\n|\n|-heal|p1a: Marceline|31\/100 tox|[from] ability: Poison Heal\n|upkeep\n|turn|6\n|\n|t:|1700364939\n|move|p1a: Marceline|Protect||[still]\n|-fail|p1a: Marceline\n|move|p2a: Crucify|Hidden Power|p1a: Marceline\n|-supereffective|p1a: Marceline\n|-damage|p1a: Marceline|0 fnt\n|faint|p1a: Marceline\n|\n|upkeep\n|\n|t:|1700364953\n|switch|p1a: Max|Umbreon, M|100\/100\n|turn|7\n|\n|t:|1700364960\n|move|p2a: Crucify|Energy Ball|p1a: Max\n|-damage|p1a: Max|79\/100\n|move|p1a: Max|Shadow Ball|p2a: Crucify\n|-supereffective|p2a: Crucify\n|-damage|p2a: Crucify|63\/100\n|-unboost|p2a: Crucify|spd|1\n|\n|-heal|p1a: Max|86\/100|[from] item: Leftovers\n|upkeep\n|turn|8\n|\n|t:|1700364969\n|move|p2a: Crucify|Energy Ball|p1a: Max\n|-damage|p1a: Max|62\/100\n|move|p1a: Max|Shadow Ball|p2a: Crucify\n|-supereffective|p2a: Crucify\n|-damage|p2a: Crucify|14\/100\n|-unboost|p2a: Crucify|spd|1\n|\n|-heal|p1a: Max|69\/100|[from] item: Leftovers\n|upkeep\n|turn|9\n|\n|t:|1700364978\n|move|p2a: Crucify|Energy Ball|p1a: Max\n|-damage|p1a: Max|46\/100\n|move|p1a: Max|Wish|p1a: Max\n|\n|-heal|p1a: Max|52\/100|[from] item: Leftovers\n|upkeep\n|turn|10\n|\n|t:|1700364984\n|move|p2a: Crucify|Energy Ball|p1a: Max\n|-damage|p1a: Max|29\/100\n|move|p1a: Max|Shadow Ball|p2a: Crucify\n|-supereffective|p2a: Crucify\n|-damage|p2a: Crucify|0 fnt\n|faint|p2a: Crucify\n|\n|-heal|p1a: Max|79\/100|[from] move: Wish|[wisher] Max\n|-heal|p1a: Max|85\/100|[from] item: Leftovers\n|upkeep\n|\n|t:|1700364994\n|switch|p2a: Tsar|Gigalith, M|100\/100\n|turn|11\n|\n|t:|1700364998\n|-terastallize|p2a: Tsar|Normal\n|move|p1a: Max|Toxic|p2a: Tsar\n|-status|p2a: Tsar|tox\n|move|p2a: Tsar|Explosion|p1a: Max\n|-damage|p1a: Max|0 fnt\n|faint|p2a: Tsar\n|faint|p1a: Max\n|\n|upkeep\n|\n|t:|1700365008\n|switch|p1a: Mari|Glimmora, F|100\/100\n|switch|p2a: Pesada|Whimsicott, F|100\/100\n|turn|12\n|\n|t:|1700365012\n|move|p2a: Pesada|Switcheroo|p1a: Mari\n|-activate|p2a: Pesada|move: Trick|[of] p1a: Mari\n|-item|p1a: Mari|Choice Scarf|[from] move: Switcheroo\n|-item|p2a: Pesada|Wiki Berry|[from] move: Switcheroo\n|move|p1a: Mari|Sludge Bomb|p2a: Pesada\n|-supereffective|p2a: Pesada\n|-damage|p2a: Pesada|0 fnt\n|faint|p2a: Pesada\n|\n|upkeep\n|\n|t:|1700365022\n|switch|p2a: Emperor|Excadrill, M|100\/100\n|-ability|p2a: Emperor|Mold Breaker\n|turn|13\n|\n|t:|1700365027\n|switch|p1a: Slowbro|Slowbro, M|100\/100\n|move|p2a: Emperor|Swords Dance|p2a: Emperor\n|-boost|p2a: Emperor|atk|2\n|\n|upkeep\n|turn|14\n|\n|t:|1700365035\n|move|p2a: Emperor|Drill Run|p1a: Slowbro\n|-damage|p1a: Slowbro|54\/100\n|move|p1a: Slowbro|Scald|p2a: Emperor\n|-supereffective|p2a: Emperor\n|-damage|p2a: Emperor|31\/100\n|\n|-heal|p1a: Slowbro|60\/100|[from] item: Leftovers\n|upkeep\n|turn|15\n|\n|t:|1700365043\n|move|p2a: Emperor|Drill Run|p1a: Slowbro\n|-damage|p1a: Slowbro|7\/100\n|move|p1a: Slowbro|Scald|p2a: Emperor\n|-supereffective|p2a: Emperor\n|-damage|p2a: Emperor|0 fnt\n|faint|p2a: Emperor\n|\n|-heal|p1a: Slowbro|13\/100|[from] item: Leftovers\n|upkeep\n|\n|t:|1700365053\n|switch|p2a: Richard|Buzzwole|100\/100\n|turn|16\n|\n|t:|1700365064\n|switch|p1a: Mari|Glimmora, F|100\/100\n|move|p2a: Richard|Bulk Up|p2a: Richard\n|-boost|p2a: Richard|atk|1\n|-boost|p2a: Richard|def|1\n|\n|upkeep\n|turn|17\n|\n|t:|1700365073\n|move|p1a: Mari|Toxic|p2a: Richard\n|-status|p2a: Richard|tox\n|move|p2a: Richard|Ice Punch|p1a: Mari\n|-damage|p1a: Mari|48\/100\n|\n|-damage|p2a: Richard|94\/100 tox|[from] psn\n|upkeep\n|turn|18\n|\n|t:|1700365086\n|move|p1a: Mari|Toxic|p2a: Richard\n|-fail|p2a: Richard|tox\n|move|p2a: Richard|Ice Punch|p1a: Mari\n|-damage|p1a: Mari|0 fnt\n|faint|p1a: Mari\n|-ability|p2a: Richard|Beast Boost|boost\n|-boost|p2a: Richard|atk|1\n|\n|-damage|p2a: Richard|82\/100 tox|[from] psn\n|upkeep\n|\n|t:|1700365096\n|switch|p1a: Slowbro|Slowbro, M|46\/100\n|turn|19\n|\n|t:|1700365100\n|move|p2a: Richard|Darkest Lariat|p1a: Slowbro\n|-supereffective|p1a: Slowbro\n|-damage|p1a: Slowbro|0 fnt\n|faint|p1a: Slowbro\n|-ability|p2a: Richard|Beast Boost|boost\n|-boost|p2a: Richard|atk|1\n|\n|-damage|p2a: Richard|63\/100 tox|[from] psn\n|upkeep\n|\n|t:|1700365107\n|switch|p1a: Allura|Milotic, F|100\/100\n|turn|20\n|\n|t:|1700365110\n|move|p1a: Allura|Draining Kiss|p2a: Richard\n|-supereffective|p2a: Richard\n|-damage|p2a: Richard|9\/100 tox\n|-enditem|p2a: Richard|Sitrus Berry|[eat]\n|-heal|p2a: Richard|34\/100 tox|[from] item: Sitrus Berry\n|move|p2a: Richard|Superpower|p1a: Allura\n|-damage|p1a: Allura|0 fnt\n|-unboost|p2a: Richard|atk|1\n|-unboost|p2a: Richard|def|1\n|faint|p1a: Allura\n|-ability|p2a: Richard|Beast Boost|boost\n|-boost|p2a: Richard|atk|1\n|\n|-damage|p2a: Richard|9\/100 tox|[from] psn\n|upkeep\n|\n|t:|1700365122\n|switch|p1a: Rio|Lucario, M|100\/100\n|turn|21\n|\n|t:|1700365131\n|move|p1a: Rio|Aura Sphere|p2a: Richard\n|-resisted|p2a: Richard\n|-damage|p2a: Richard|0 fnt\n|faint|p2a: Richard\n|\n|upkeep\n|\n|t:|1700365135\n|switch|p2a: Stitch|Sableye, M|100\/100\n|turn|22\n|\n|t:|1700365140\n|detailschange|p2a: Stitch|Sableye-Mega, M\n|-mega|p2a: Stitch|Sableye|Sablenite\n|move|p2a: Stitch|Protect|p2a: Stitch\n|-singleturn|p2a: Stitch|Protect\n|move|p1a: Rio|Shadow Ball|p2a: Stitch\n|-activate|p2a: Stitch|move: Protect\n|\n|upkeep\n|turn|23\n|\n|t:|1700365147\n|move|p1a: Rio|Shadow Ball|p2a: Stitch\n|-damage|p2a: Stitch|73\/100\n|-unboost|p2a: Stitch|spd|1\n|move|p2a: Stitch|Knock Off|p1a: Rio\n|-resisted|p1a: Rio\n|-damage|p1a: Rio|77\/100\n|-enditem|p1a: Rio|Focus Sash|[from] move: Knock Off|[of] p2a: Stitch\n|\n|upkeep\n|turn|24\n|\n|t:|1700365155\n|move|p1a: Rio|Shadow Ball|p2a: Stitch\n|-damage|p2a: Stitch|34\/100\n|move|p2a: Stitch|Knock Off|p1a: Rio\n|-resisted|p1a: Rio\n|-crit|p1a: Rio\n|-damage|p1a: Rio|54\/100\n|\n|upkeep\n|turn|25\n|\n|t:|1700365163\n|move|p1a: Rio|Shadow Ball|p2a: Stitch\n|-damage|p2a: Stitch|0 fnt\n|faint|p2a: Stitch\n|\n|win|Marty1010\n|raw|Marty1010's rating: 1103 &rarr; <strong>1125<\/strong><br \/>(+22 for winning)\n|raw|Djangoman's rating: 1058 &rarr; <strong>1042<\/strong><br \/>(-16 for losing)\n|c|\u2606Djangoman|gg\n|c|\u2606Marty1010|gg\n|l|\u2606Marty1010\n","uploadtime":1700365181,"views":20,"p1id":"marty1010","p2id":"djangoman","formatid":"gen9nationaldex","rating":1042,"private":0,"password":""}