{"id":"gen9nationaldex-1996865246","p1":"mantidfly","p2":"Asadlion","format":"[Gen 9] National Dex","log":"|html|<div class=\"broadcast-blue\"><strong>[Gen 9] National Dex is currently suspecting Sneasler! For information on how to participate check out the <a href=\"https:\/\/www.smogon.com\/forums\/threads\/sv-national-dex-suspect-8-just-dance.3731534\/\">suspect thread<\/a>.<\/strong><\/div>\n|j|\u2606mantidfly\n|j|\u2606Asadlion\n|t:|1700737416\n|gametype|singles\n|player|p1|mantidfly|rocketgrunt|\n|player|p2|Asadlion|1|\n|teamsize|p1|6\n|teamsize|p2|6\n|gen|9\n|tier|[Gen 9] National Dex\n|rule|HP Percentage Mod: HP is shown in percentages\n|rule|Endless Battle Clause: Forcing endless battles is banned\n|rule|OHKO Clause: OHKO moves are banned\n|rule|Evasion Clause: Evasion abilities, items, and moves are banned\n|rule|Evasion Abilities Clause: Evasion abilities are banned\n|rule|Evasion Items Clause: Evasion items are banned\n|rule|Evasion Moves Clause: Evasion moves are banned\n|rule|Species Clause: Limit one of each Pok\u00e9mon\n|rule|Sleep Clause Mod: Limit one foe put to sleep\n|clearpoke\n|poke|p1|Quaquaval, F|\n|poke|p1|Weavile, M|\n|poke|p1|Scizor, M|\n|poke|p1|Murkrow, M|\n|poke|p1|Slurpuff, M|\n|poke|p1|Sceptile, F|\n|poke|p2|Diancie|\n|poke|p2|Tapu Lele|\n|poke|p2|Landorus-Therian, M|\n|poke|p2|Great Tusk|\n|poke|p2|Victini|\n|poke|p2|Ninetales-Alola, F|\n|teampreview\n|c|\u2606mantidfly|glhf\n|\n|t:|1700737445\n|start\n|switch|p1a: Boss btc|Murkrow, M|100\/100\n|switch|p2a: Tapu Lele|Tapu Lele|100\/100\n|-fieldstart|move: Psychic Terrain|[from] ability: Psychic Surge|[of] p2a: Tapu Lele\n|turn|1\n|inactive|Battle timer is ON: inactive players will automatically lose when time's up. (requested by Asadlion)\n|inactive|mantidfly has 270 seconds left.\n|\n|t:|1700737544\n|move|p2a: Tapu Lele|Moonblast|p1a: Boss btc\n|-supereffective|p1a: Boss btc\n|-damage|p1a: Boss btc|0 fnt\n|faint|p1a: Boss btc\n|\n|upkeep\n|\n|t:|1700737563\n|switch|p1a: Bal Chagi|Quaquaval, F|100\/100\n|turn|2\n|\n|t:|1700737576\n|-terastallize|p1a: Bal Chagi|Steel\n|move|p2a: Tapu Lele|Moonblast|p1a: Bal Chagi\n|-resisted|p1a: Bal Chagi\n|-damage|p1a: Bal Chagi|63\/100\n|-unboost|p1a: Bal Chagi|spa|1\n|move|p1a: Bal Chagi|U-turn|p2a: Tapu Lele\n|-damage|p2a: Tapu Lele|51\/100\n|\n|t:|1700737588\n|switch|p1a: Him|Scizor, M|100\/100|[from] U-turn\n|\n|upkeep\n|turn|3\n|\n|t:|1700737604\n|switch|p2a: Landorus|Landorus-Therian, M|100\/100\n|-ability|p2a: Landorus|Intimidate|boost\n|-unboost|p1a: Him|atk|1\n|detailschange|p1a: Him|Scizor-Mega, M\n|-mega|p1a: Him|Scizor|Scizorite\n|move|p1a: Him|Swords Dance|p1a: Him\n|-boost|p1a: Him|atk|2\n|\n|upkeep\n|turn|4\n|\n|t:|1700737617\n|move|p2a: Landorus|Stealth Rock|p1a: Him\n|-sidestart|p1: mantidfly|move: Stealth Rock\n|move|p1a: Him|Swords Dance|p1a: Him\n|-boost|p1a: Him|atk|2\n|\n|upkeep\n|turn|5\n|\n|t:|1700737629\n|move|p2a: Landorus|Earthquake|p1a: Him\n|-damage|p1a: Him|42\/100\n|-damage|p2a: Landorus|91\/100|[from] item: Life Orb\n|move|p1a: Him|Swords Dance|p1a: Him\n|-boost|p1a: Him|atk|2\n|\n|-fieldend|move: Psychic Terrain\n|upkeep\n|turn|6\n|\n|t:|1700737643\n|move|p1a: Him|Bullet Punch|p2a: Landorus\n|-damage|p2a: Landorus|0 fnt\n|faint|p2a: Landorus\n|\n|upkeep\n|\n|t:|1700737656\n|switch|p2a: Tapu Lele|Tapu Lele|51\/100\n|-fieldstart|move: Psychic Terrain|[from] ability: Psychic Surge|[of] p2a: Tapu Lele\n|turn|7\n|\n|t:|1700737675\n|-terastallize|p2a: Tapu Lele|Psychic\n|move|p2a: Tapu Lele|Psychic|p1a: Him\n|-resisted|p1a: Him\n|-damage|p1a: Him|0 fnt\n|faint|p1a: Him\n|\n|upkeep\n|\n|t:|1700737686\n|switch|p1a: Ken|Weavile, M|100\/100\n|-damage|p1a: Ken|76\/100|[from] Stealth Rock\n|-ability|p1a: Ken|Pressure\n|turn|8\n|\n|t:|1700737696\n|switch|p2a: Ninetales|Ninetales-Alola, F|100\/100\n|-weather|Snow|[from] ability: Snow Warning|[of] p2a: Ninetales\n|switch|p1a: Granma|Slurpuff, M|100\/100\n|-damage|p1a: Granma|88\/100|[from] Stealth Rock\n|\n|-weather|Snow|[upkeep]\n|upkeep\n|turn|9\n|\n|t:|1700737709\n|move|p2a: Ninetales|Aurora Veil|p2a: Ninetales\n|-sidestart|p2: Asadlion|move: Aurora Veil\n|move|p1a: Granma|Belly Drum|p1a: Granma\n|-damage|p1a: Granma|38\/100\n|-setboost|p1a: Granma|atk|6|[from] move: Belly Drum\n|-enditem|p1a: Granma|Sitrus Berry|[eat]\n|-heal|p1a: Granma|63\/100|[from] item: Sitrus Berry\n|\n|-weather|Snow|[upkeep]\n|upkeep\n|turn|10\n|\n|t:|1700737721\n|move|p1a: Granma|Sticky Web|p2a: Ninetales\n|-sidestart|p2: Asadlion|move: Sticky Web\n|move|p2a: Ninetales|Encore|p1a: Granma\n|-start|p1a: Granma|Encore\n|\n|-weather|Snow|[upkeep]\n|upkeep\n|turn|11\n|\n|t:|1700737738\n|switch|p1a: Bal Chagi|Quaquaval, F, tera:Steel|63\/100\n|-damage|p1a: Bal Chagi|57\/100|[from] Stealth Rock\n|switch|p2a: Great Tusk|Great Tusk|100\/100\n|-activate|p2a: Great Tusk|move: Sticky Web\n|-unboost|p2a: Great Tusk|spe|1\n|\n|-weather|Snow|[upkeep]\n|-fieldend|move: Psychic Terrain\n|upkeep\n|turn|12\n|inactive|mantidfly has 270 seconds left.\n|\n|t:|1700737766\n|move|p1a: Bal Chagi|U-turn|p2a: Great Tusk\n|-resisted|p2a: Great Tusk\n|-damage|p2a: Great Tusk|95\/100\n|\n|t:|1700737768\n|switch|p1a: Gunter|Sceptile, F|100\/100|[from] U-turn\n|-damage|p1a: Gunter|88\/100|[from] Stealth Rock\n|move|p2a: Great Tusk|Rapid Spin|p1a: Gunter\n|-damage|p1a: Gunter|52\/100\n|-boost|p2a: Great Tusk|spe|1\n|-sideend|p2: Asadlion|Sticky Web|[from] move: Rapid Spin|[of] p2a: Great Tusk\n|\n|-weather|none\n|upkeep\n|turn|13\n|inactive|mantidfly has 270 seconds left.\n|\n|t:|1700737789\n|move|p1a: Gunter|Leaf Blade|p2a: Great Tusk\n|-supereffective|p2a: Great Tusk\n|-damage|p2a: Great Tusk|69\/100\n|move|p2a: Great Tusk|Ice Spinner|p1a: Gunter\n|-supereffective|p1a: Gunter\n|-damage|p1a: Gunter|0 fnt\n|faint|p1a: Gunter\n|\n|-sideend|p2: Asadlion|move: Aurora Veil\n|upkeep\n|\n|t:|1700737804\n|switch|p1a: Granma|Slurpuff, M|63\/100\n|-damage|p1a: Granma|50\/100|[from] Stealth Rock\n|turn|14\n|\n|t:|1700737816\n|move|p1a: Granma|Sticky Web|p2a: Great Tusk\n|-sidestart|p2: Asadlion|move: Sticky Web\n|move|p2a: Great Tusk|Headlong Rush|p1a: Granma\n|-damage|p1a: Granma|0 fnt\n|-unboost|p2a: Great Tusk|def|1\n|-unboost|p2a: Great Tusk|spd|1\n|faint|p1a: Granma\n|\n|upkeep\n|\n|t:|1700737824\n|switch|p1a: Bal Chagi|Quaquaval, F, tera:Steel|57\/100\n|-damage|p1a: Bal Chagi|51\/100|[from] Stealth Rock\n|turn|15\n|\n|t:|1700737832\n|move|p1a: Bal Chagi|Aqua Step|p2a: Great Tusk\n|-supereffective|p2a: Great Tusk\n|-damage|p2a: Great Tusk|0 fnt\n|-boost|p1a: Bal Chagi|spe|1\n|faint|p2a: Great Tusk\n|-end|p2a: Great Tusk|Protosynthesis|[silent]\n|-ability|p1a: Bal Chagi|Moxie|boost\n|-boost|p1a: Bal Chagi|atk|1\n|\n|upkeep\n|\n|t:|1700737848\n|switch|p2a: Ninetales|Ninetales-Alola, F|100\/100\n|-activate|p2a: Ninetales|move: Sticky Web\n|-unboost|p2a: Ninetales|spe|1\n|-weather|Snow|[from] ability: Snow Warning|[of] p2a: Ninetales\n|turn|16\n|\n|t:|1700737853\n|move|p1a: Bal Chagi|Aqua Step|p2a: Ninetales\n|-damage|p2a: Ninetales|8\/100\n|-boost|p1a: Bal Chagi|spe|1\n|move|p2a: Ninetales|Aurora Veil|p2a: Ninetales\n|-sidestart|p2: Asadlion|move: Aurora Veil\n|\n|-weather|Snow|[upkeep]\n|upkeep\n|turn|17\n|\n|t:|1700737861\n|move|p1a: Bal Chagi|Aqua Step|p2a: Ninetales\n|-damage|p2a: Ninetales|0 fnt\n|-boost|p1a: Bal Chagi|spe|1\n|faint|p2a: Ninetales\n|-ability|p1a: Bal Chagi|Moxie|boost\n|-boost|p1a: Bal Chagi|atk|1\n|\n|-weather|Snow|[upkeep]\n|upkeep\n|\n|t:|1700737865\n|switch|p2a: Victini|Victini|100\/100\n|-activate|p2a: Victini|move: Sticky Web\n|-unboost|p2a: Victini|spe|1\n|turn|18\n|\n|t:|1700737872\n|move|p1a: Bal Chagi|Aqua Step|p2a: Victini\n|-supereffective|p2a: Victini\n|-damage|p2a: Victini|0 fnt\n|-boost|p1a: Bal Chagi|spe|1\n|faint|p2a: Victini\n|-ability|p1a: Bal Chagi|Moxie|boost\n|-boost|p1a: Bal Chagi|atk|1\n|\n|-weather|Snow|[upkeep]\n|upkeep\n|\n|t:|1700737876\n|switch|p2a: Diancie|Diancie|100\/100\n|-activate|p2a: Diancie|move: Sticky Web\n|-fail|p2a: Diancie|unboost|[from] ability: Clear Body|[of] p2a: Diancie\n|turn|19\n|\n|t:|1700737885\n|detailschange|p2a: Diancie|Diancie-Mega\n|-mega|p2a: Diancie|Diancie|Diancite\n|move|p1a: Bal Chagi|Aqua Step|p2a: Diancie\n|-supereffective|p2a: Diancie\n|-damage|p2a: Diancie|0 fnt\n|-boost|p1a: Bal Chagi|spe|1\n|faint|p2a: Diancie\n|-ability|p1a: Bal Chagi|Moxie|boost\n|-boost|p1a: Bal Chagi|atk|1\n|\n|-weather|Snow|[upkeep]\n|upkeep\n|\n|t:|1700737889\n|switch|p2a: Tapu Lele|Tapu Lele, tera:Psychic|51\/100\n|-activate|p2a: Tapu Lele|move: Sticky Web\n|-unboost|p2a: Tapu Lele|spe|1\n|-fieldstart|move: Psychic Terrain|[from] ability: Psychic Surge|[of] p2a: Tapu Lele\n|turn|20\n|\n|t:|1700737895\n|move|p1a: Bal Chagi|Aqua Step|p2a: Tapu Lele\n|-damage|p2a: Tapu Lele|0 fnt\n|-boost|p1a: Bal Chagi|spe|1\n|faint|p2a: Tapu Lele\n|\n|win|mantidfly\n","uploadtime":1700737899,"views":1,"p1id":"mantidfly","p2id":"asadlion","formatid":"gen9nationaldex","rating":0,"private":0,"password":""}