{"id":"gen9nationaldex-1988364810","p1":"zjh753951","p2":"guess19","format":"[Gen 9] National Dex","log":"|j|\u2606zjh753951\n|j|\u2606guess19\n|t:|1699714387\n|gametype|singles\n|player|p1|zjh753951|266|1645\n|player|p2|guess19|volkner|1525\n|teamsize|p1|6\n|teamsize|p2|6\n|gen|9\n|tier|[Gen 9] National Dex\n|rated|\n|rule|HP Percentage Mod: HP is shown in percentages\n|rule|Endless Battle Clause: Forcing endless battles is banned\n|rule|OHKO Clause: OHKO moves are banned\n|rule|Evasion Clause: Evasion abilities, items, and moves are banned\n|rule|Evasion Abilities Clause: Evasion abilities are banned\n|rule|Evasion Items Clause: Evasion items are banned\n|rule|Evasion Moves Clause: Evasion moves are banned\n|rule|Species Clause: Limit one of each Pok\u00e9mon\n|rule|Sleep Clause Mod: Limit one foe put to sleep\n|clearpoke\n|poke|p1|Urshifu-*, F|\n|poke|p1|Garchomp, F|\n|poke|p1|Diancie|\n|poke|p1|Rillaboom, M|\n|poke|p1|Heatran, M|\n|poke|p1|Zapdos|\n|poke|p2|Cloyster, M|\n|poke|p2|Umbreon, F|\n|poke|p2|Gardevoir, F|\n|poke|p2|Forretress, M|\n|poke|p2|Thundurus-Therian, M|\n|poke|p2|Ambipom, M|\n|teampreview\n|inactive|Battle timer is ON: inactive players will automatically lose when time's up. (requested by zjh753951)\n|j| GracieVGC\n|\n|t:|1699714408\n|start\n|switch|p1a: Urshifu|Urshifu-Rapid-Strike, F|100\/100\n|switch|p2a: Forretress|Forretress, M|100\/100\n|turn|1\n|\n|t:|1699714419\n|move|p1a: Urshifu|Surging Strikes|p2a: Forretress\n|-crit|p2a: Forretress\n|-damage|p2a: Forretress|88\/100\n|-damage|p1a: Urshifu|84\/100|[from] item: Rocky Helmet|[of] p2a: Forretress\n|-crit|p2a: Forretress\n|-damage|p2a: Forretress|76\/100\n|-damage|p1a: Urshifu|68\/100|[from] item: Rocky Helmet|[of] p2a: Forretress\n|-crit|p2a: Forretress\n|-damage|p2a: Forretress|63\/100\n|-damage|p1a: Urshifu|51\/100|[from] item: Rocky Helmet|[of] p2a: Forretress\n|-hitcount|p2a: Forretress|3\n|move|p2a: Forretress|Stealth Rock|p1a: Urshifu\n|-sidestart|p1: zjh753951|move: Stealth Rock\n|\n|upkeep\n|turn|2\n|\n|t:|1699714433\n|switch|p1a: Heatran|Heatran, M|100\/100\n|-damage|p1a: Heatran|88\/100|[from] Stealth Rock\n|move|p2a: Forretress|Volt Switch|p1a: Heatran\n|-damage|p1a: Heatran|82\/100\n|inactive|guess19 has 120 seconds left.\n|inactive|guess19 has 90 seconds left.\n|\n|t:|1699714492\n|switch|p2a: Umbreon|Umbreon, F|100\/100|[from] Volt Switch\n|\n|-heal|p1a: Heatran|88\/100|[from] item: Leftovers\n|upkeep\n|turn|3\n|inactive|guess19 has 90 seconds left.\n|\n|t:|1699714507\n|move|p1a: Heatran|Toxic|p2a: Umbreon\n|-status|p2a: Umbreon|tox\n|-activate|p2a: Umbreon|ability: Synchronize\n|-immune|p1a: Heatran\n|move|p2a: Umbreon|Wish|p2a: Umbreon\n|\n|-heal|p1a: Heatran|94\/100|[from] item: Leftovers\n|-damage|p2a: Umbreon|94\/100 tox|[from] psn\n|upkeep\n|turn|4\n|\n|t:|1699714518\n|move|p1a: Heatran|Magma Storm|p2a: Umbreon\n|-damage|p2a: Umbreon|64\/100 tox\n|-activate|p2a: Umbreon|move: Magma Storm|[of] p1a: Heatran\n|move|p2a: Umbreon|Heal Bell|p2a: Umbreon\n|-activate|p2a: Umbreon|move: Heal Bell\n|-curestatus|p2a: Umbreon|tox|[msg]\n|\n|-heal|p2a: Umbreon|100\/100|[from] move: Wish|[wisher] Umbreon\n|-heal|p1a: Heatran|100\/100|[from] item: Leftovers\n|-damage|p2a: Umbreon|88\/100|[from] move: Magma Storm|[partiallytrapped]\n|upkeep\n|turn|5\n|\n|t:|1699714531\n|move|p1a: Heatran|Toxic|p2a: Umbreon\n|-status|p2a: Umbreon|tox\n|-activate|p2a: Umbreon|ability: Synchronize\n|-immune|p1a: Heatran\n|move|p2a: Umbreon|Wish|p2a: Umbreon\n|\n|-heal|p2a: Umbreon|94\/100 tox|[from] item: Leftovers\n|-damage|p2a: Umbreon|88\/100 tox|[from] psn\n|-damage|p2a: Umbreon|76\/100 tox|[from] move: Magma Storm|[partiallytrapped]\n|upkeep\n|turn|6\n|\n|t:|1699714547\n|switch|p1a: Diancie|Diancie|100\/100\n|-damage|p1a: Diancie|88\/100|[from] Stealth Rock\n|move|p2a: Umbreon|Heal Bell|p2a: Umbreon\n|-activate|p2a: Umbreon|move: Heal Bell\n|-curestatus|p2a: Umbreon|tox|[msg]\n|\n|-heal|p2a: Umbreon|100\/100|[from] move: Wish|[wisher] Umbreon\n|-end|p2a: Umbreon|Magma Storm|[partiallytrapped]|[silent]\n|upkeep\n|turn|7\n|inactive|guess19 has 90 seconds left.\n|\n|t:|1699714583\n|switch|p2a: Gardevoir|Gardevoir, F, shiny|100\/100\n|-ability|p2a: Gardevoir|Clear Body|[from] ability: Trace|[of] p1a: Diancie\n|detailschange|p1a: Diancie|Diancie-Mega\n|-mega|p1a: Diancie|Diancie|Diancite\n|move|p1a: Diancie|Moonblast|p2a: Gardevoir\n|-damage|p2a: Gardevoir|48\/100\n|\n|upkeep\n|turn|8\n|inactive|guess19 has 60 seconds left.\n|\n|t:|1699714615\n|detailschange|p2a: Gardevoir|Gardevoir-Mega, F, shiny\n|-mega|p2a: Gardevoir|Gardevoir|Gardevoirite\n|move|p1a: Diancie|Moonblast|p2a: Gardevoir\n|-damage|p2a: Gardevoir|4\/100\n|move|p2a: Gardevoir|Hyper Voice|p1a: Diancie\n|-damage|p1a: Diancie|13\/100\n|\n|upkeep\n|turn|9\n|inactive|guess19 has 60 seconds left.\n|\n|t:|1699714629\n|move|p1a: Diancie|Stealth Rock|p2a: Gardevoir\n|-sidestart|p2: guess19|move: Stealth Rock\n|move|p2a: Gardevoir|Hyper Voice|p1a: Diancie\n|-damage|p1a: Diancie|0 fnt\n|faint|p1a: Diancie\n|\n|upkeep\n|\n|t:|1699714639\n|switch|p1a: Garchomp|Garchomp, F|100\/100\n|-damage|p1a: Garchomp|94\/100|[from] Stealth Rock\n|turn|10\n|\n|t:|1699714646\n|move|p1a: Garchomp|Earthquake|p2a: Gardevoir\n|-damage|p2a: Gardevoir|0 fnt\n|faint|p2a: Gardevoir\n|\n|upkeep\n|inactive|guess19 has 60 seconds left.\n|\n|t:|1699714671\n|switch|p2a: Ambipom|Ambipom, M|100\/100\n|-damage|p2a: Ambipom|88\/100|[from] Stealth Rock\n|turn|11\n|\n|t:|1699714680\n|move|p2a: Ambipom|Fake Out|p1a: Garchomp\n|-damage|p1a: Garchomp|62\/100\n|-damage|p2a: Ambipom|76\/100|[from] ability: Rough Skin|[of] p1a: Garchomp\n|-damage|p2a: Ambipom|66\/100|[from] item: Life Orb\n|cant|p1a: Garchomp|flinch\n|\n|upkeep\n|turn|12\n|inactive|guess19 has 60 seconds left.\n|\n|t:|1699714698\n|move|p2a: Ambipom|Last Resort|p1a: Garchomp\n|-damage|p1a: Garchomp|0 fnt\n|-damage|p2a: Ambipom|53\/100|[from] ability: Rough Skin|[of] p1a: Garchomp\n|faint|p1a: Garchomp\n|-damage|p2a: Ambipom|43\/100|[from] item: Life Orb\n|\n|upkeep\n|\n|t:|1699714715\n|switch|p1a: Urshifu|Urshifu-Rapid-Strike, F|51\/100\n|-damage|p1a: Urshifu|45\/100|[from] Stealth Rock\n|turn|13\n|inactive|guess19 has 60 seconds left.\n|\n|t:|1699714724\n|switch|p2a: Forretress|Forretress, M|63\/100\n|-damage|p2a: Forretress|50\/100|[from] Stealth Rock\n|move|p1a: Urshifu|Close Combat|p2a: Forretress\n|-damage|p2a: Forretress|11\/100\n|-unboost|p1a: Urshifu|def|1\n|-unboost|p1a: Urshifu|spd|1\n|-damage|p1a: Urshifu|29\/100|[from] item: Rocky Helmet|[of] p2a: Forretress\n|\n|upkeep\n|turn|14\n|inactive|guess19 has 60 seconds left.\n|\n|t:|1699714738\n|move|p1a: Urshifu|Close Combat|p2a: Forretress\n|-damage|p2a: Forretress|0 fnt\n|-unboost|p1a: Urshifu|def|1\n|-unboost|p1a: Urshifu|spd|1\n|-damage|p1a: Urshifu|12\/100|[from] item: Rocky Helmet|[of] p2a: Forretress\n|faint|p2a: Forretress\n|\n|upkeep\n|inactive|guess19 has 60 seconds left.\n|\n|t:|1699714765\n|switch|p2a: Thundurus|Thundurus-Therian, M|100\/100\n|turn|15\n|\n|t:|1699714785\n|switch|p1a: Heatran|Heatran, M|100\/100\n|-damage|p1a: Heatran|88\/100|[from] Stealth Rock\n|move|p2a: Thundurus|Focus Blast|p1a: Heatran|[miss]\n|-miss|p2a: Thundurus|p1a: Heatran\n|\n|-heal|p1a: Heatran|94\/100|[from] item: Leftovers\n|upkeep\n|turn|16\n|inactive|guess19 has 30 seconds left.\n|inactive|guess19 has 20 seconds left.\n|\n|t:|1699714814\n|switch|p2a: Umbreon|Umbreon, F|100\/100\n|-damage|p2a: Umbreon|88\/100|[from] Stealth Rock\n|-terastallize|p1a: Heatran|Grass\n|move|p1a: Heatran|Power Gem|p2a: Umbreon\n|-damage|p2a: Umbreon|73\/100\n|\n|-heal|p1a: Heatran|100\/100|[from] item: Leftovers\n|-heal|p2a: Umbreon|79\/100|[from] item: Leftovers\n|upkeep\n|turn|17\n|inactive|guess19 has 30 seconds left this turn.\n|inactive|guess19 has 20 seconds left.\n|inactive|guess19 has 15 seconds left.\n|inactive|guess19 has 10 seconds left.\n|\n|t:|1699714836\n|move|p1a: Heatran|Magma Storm|p2a: Umbreon\n|-damage|p2a: Umbreon|51\/100\n|-activate|p2a: Umbreon|move: Magma Storm|[of] p1a: Heatran\n|move|p2a: Umbreon|Foul Play|p1a: Heatran\n|-damage|p1a: Heatran|81\/100\n|\n|-heal|p1a: Heatran|87\/100|[from] item: Leftovers\n|-heal|p2a: Umbreon|57\/100|[from] item: Leftovers\n|-damage|p2a: Umbreon|45\/100|[from] move: Magma Storm|[partiallytrapped]\n|upkeep\n|turn|18\n|inactive|guess19 has 20 seconds left this turn.\n|inactive|guess19 has 15 seconds left.\n|\n|t:|1699714852\n|switch|p1a: Rillaboom|Rillaboom, M|100\/100\n|-damage|p1a: Rillaboom|88\/100|[from] Stealth Rock\n|-fieldstart|move: Grassy Terrain|[from] ability: Grassy Surge|[of] p1a: Rillaboom\n|move|p2a: Umbreon|Wish|p2a: Umbreon\n|\n|-heal|p1a: Rillaboom|94\/100|[from] Grassy Terrain\n|-heal|p2a: Umbreon|51\/100|[from] Grassy Terrain\n|-heal|p2a: Umbreon|57\/100|[from] item: Leftovers\n|-end|p2a: Umbreon|Magma Storm|[partiallytrapped]|[silent]\n|upkeep\n|turn|19\n|inactive|guess19 has 25 seconds left this turn.\n|inactive|guess19 has 20 seconds left.\n|inactive|guess19 has 15 seconds left.\n|inactive|guess19 has 10 seconds left.\n|inactive|guess19 has 5 seconds left.\n|\n|t:|1699714873\n|switch|p2a: Thundurus|Thundurus-Therian, M|100\/100\n|move|p1a: Rillaboom|U-turn|p2a: Thundurus\n|-resisted|p2a: Thundurus\n|-damage|p2a: Thundurus|73\/100\n|inactive|guess19 has 10 seconds left this turn.\n|inactive|zjh753951 has 120 seconds left.\n|\n|t:|1699714889\n|switch|p1a: Heatran|Heatran, M, tera:Grass|87\/100|[from] U-turn\n|-damage|p1a: Heatran|75\/100|[from] Stealth Rock\n|\n|-heal|p2a: Thundurus|100\/100|[from] move: Wish|[wisher] Umbreon\n|-heal|p1a: Heatran|81\/100|[from] Grassy Terrain\n|-heal|p1a: Heatran|87\/100|[from] item: Leftovers\n|upkeep\n|turn|20\n|inactive|guess19 has 20 seconds left this turn.\n|inactive|guess19 has 15 seconds left.\n|inactive|zjh753951 has 120 seconds left.\n|inactive|guess19 has 10 seconds left.\n|\n|t:|1699714901\n|switch|p2a: Umbreon|Umbreon, F|57\/100\n|-damage|p2a: Umbreon|44\/100|[from] Stealth Rock\n|move|p1a: Heatran|Magma Storm|p2a: Umbreon|[miss]\n|-miss|p1a: Heatran|p2a: Umbreon\n|\n|-heal|p1a: Heatran|94\/100|[from] Grassy Terrain\n|-heal|p1a: Heatran|99\/100|[from] item: Leftovers\n|-heal|p2a: Umbreon|50\/100|[from] Grassy Terrain\n|-heal|p2a: Umbreon|57\/100|[from] item: Leftovers\n|upkeep\n|turn|21\n|inactive|guess19 has 20 seconds left this turn.\n|inactive|guess19 has 15 seconds left.\n|\n|t:|1699714914\n|move|p1a: Heatran|Magma Storm|p2a: Umbreon\n|-damage|p2a: Umbreon|25\/100\n|-activate|p2a: Umbreon|move: Magma Storm|[of] p1a: Heatran\n|move|p2a: Umbreon|Wish|p2a: Umbreon\n|\n|-heal|p1a: Heatran|100\/100|[from] Grassy Terrain\n|-heal|p2a: Umbreon|31\/100|[from] Grassy Terrain\n|-heal|p2a: Umbreon|37\/100|[from] item: Leftovers\n|-damage|p2a: Umbreon|25\/100|[from] move: Magma Storm|[partiallytrapped]\n|upkeep\n|turn|22\n|inactive|guess19 has 25 seconds left this turn.\n|inactive|guess19 has 20 seconds left.\n|inactive|guess19 has 15 seconds left.\n|\n|t:|1699714927\n|switch|p1a: Rillaboom|Rillaboom, M|94\/100\n|-damage|p1a: Rillaboom|82\/100|[from] Stealth Rock\n|move|p2a: Umbreon|Foul Play|p1a: Rillaboom\n|-damage|p1a: Rillaboom|26\/100\n|\n|-heal|p2a: Umbreon|75\/100|[from] move: Wish|[wisher] Umbreon\n|-heal|p1a: Rillaboom|32\/100|[from] Grassy Terrain\n|-heal|p2a: Umbreon|81\/100|[from] Grassy Terrain\n|-heal|p2a: Umbreon|87\/100|[from] item: Leftovers\n|-end|p2a: Umbreon|Magma Storm|[partiallytrapped]|[silent]\n|-fieldend|move: Grassy Terrain\n|upkeep\n|turn|23\n|inactive|guess19 has 25 seconds left this turn.\n|inactive|guess19 has 20 seconds left.\n|inactive|guess19 has 15 seconds left.\n|inactive|guess19 has 10 seconds left.\n|\n|t:|1699714944\n|move|p1a: Rillaboom|U-turn|p2a: Umbreon\n|-supereffective|p2a: Umbreon\n|-damage|p2a: Umbreon|47\/100\n|inactive|guess19 has 15 seconds left this turn.\n|\n|t:|1699714954\n|switch|p1a: Zapdos|Zapdos|100\/100|[from] U-turn\n|move|p2a: Umbreon|Foul Play|p1a: Zapdos\n|-damage|p1a: Zapdos|84\/100\n|\n|-heal|p2a: Umbreon|53\/100|[from] item: Leftovers\n|upkeep\n|turn|24\n|inactive|guess19 has 25 seconds left this turn.\n|inactive|guess19 has 20 seconds left.\n|\n|t:|1699714965\n|move|p1a: Zapdos|Hurricane|p2a: Umbreon\n|-damage|p2a: Umbreon|23\/100\n|move|p2a: Umbreon|Wish|p2a: Umbreon\n|\n|-heal|p2a: Umbreon|29\/100|[from] item: Leftovers\n|upkeep\n|turn|25\n|inactive|guess19 has 30 seconds left this turn.\n|\n|t:|1699714973\n|move|p2a: Umbreon|Protect|p2a: Umbreon\n|-singleturn|p2a: Umbreon|Protect\n|move|p1a: Zapdos|Hurricane|p2a: Umbreon\n|-activate|p2a: Umbreon|move: Protect\n|\n|-heal|p2a: Umbreon|79\/100|[from] move: Wish|[wisher] Umbreon\n|-heal|p2a: Umbreon|86\/100|[from] item: Leftovers\n|upkeep\n|turn|26\n|inactive|guess19 has 30 seconds left.\n|\n|t:|1699714987\n|move|p1a: Zapdos|Defog|p2a: Umbreon\n|-unboost|p2a: Umbreon|evasion|1\n|-sideend|p2: guess19|Stealth Rock|[from] move: Defog|[of] p1a: Zapdos\n|-sideend|p1: zjh753951|Stealth Rock|[from] move: Defog|[of] p1a: Zapdos\n|move|p2a: Umbreon|Wish|p2a: Umbreon\n|\n|-heal|p2a: Umbreon|92\/100|[from] item: Leftovers\n|upkeep\n|turn|27\n|inactive|guess19 has 30 seconds left.\n|\n|t:|1699714998\n|switch|p2a: Thundurus|Thundurus-Therian, M|100\/100\n|move|p1a: Zapdos|Volt Switch|p2a: Thundurus\n|-immune|p2a: Thundurus|[from] ability: Volt Absorb\n|\n|upkeep\n|turn|28\n|inactive|guess19 has 30 seconds left.\n|\n|t:|1699715011\n|move|p2a: Thundurus|Nasty Plot|p2a: Thundurus\n|-boost|p2a: Thundurus|spa|2\n|move|p1a: Zapdos|Hurricane|p2a: Thundurus\n|-resisted|p2a: Thundurus\n|-damage|p2a: Thundurus|67\/100\n|\n|upkeep\n|turn|29\n|inactive|guess19 has 30 seconds left.\n|\n|t:|1699715024\n|move|p2a: Thundurus|Thunderbolt|p1a: Zapdos\n|-damage|p1a: Zapdos|0 fnt\n|faint|p1a: Zapdos\n|\n|upkeep\n|inactive|guess19 has 30 seconds left this turn.\n|\n|t:|1699715061\n|switch|p1a: Urshifu|Urshifu-Rapid-Strike, F|12\/100\n|turn|30\n|inactive|guess19 has 30 seconds left.\n|\n|t:|1699715081\n|-terastallize|p2a: Thundurus|Water\n|move|p1a: Urshifu|Surging Strikes|p2a: Thundurus\n|-resisted|p2a: Thundurus\n|-crit|p2a: Thundurus\n|-damage|p2a: Thundurus|53\/100\n|-resisted|p2a: Thundurus\n|-crit|p2a: Thundurus\n|-damage|p2a: Thundurus|38\/100\n|-resisted|p2a: Thundurus\n|-crit|p2a: Thundurus\n|-damage|p2a: Thundurus|22\/100\n|-hitcount|p2a: Thundurus|3\n|move|p2a: Thundurus|Thunderbolt|p1a: Urshifu\n|-supereffective|p1a: Urshifu\n|-damage|p1a: Urshifu|0 fnt\n|faint|p1a: Urshifu\n|\n|upkeep\n|inactive|guess19 has 30 seconds left this turn.\n|\n|t:|1699715092\n|switch|p1a: Rillaboom|Rillaboom, M|32\/100\n|-fieldstart|move: Grassy Terrain|[from] ability: Grassy Surge|[of] p1a: Rillaboom\n|turn|31\n|inactive|guess19 has 30 seconds left.\n|\n|t:|1699715108\n|switch|p2a: Umbreon|Umbreon, F|92\/100\n|move|p1a: Rillaboom|Grassy Glide|p2a: Umbreon\n|-damage|p2a: Umbreon|62\/100\n|\n|-heal|p1a: Rillaboom|38\/100|[from] Grassy Terrain\n|-heal|p2a: Umbreon|68\/100|[from] Grassy Terrain\n|-heal|p2a: Umbreon|74\/100|[from] item: Leftovers\n|upkeep\n|turn|32\n|inactive|guess19 has 30 seconds left.\n|\n|t:|1699715122\n|switch|p1a: Heatran|Heatran, M, tera:Grass|100\/100\n|move|p2a: Umbreon|Protect||[still]\n|-fail|p2a: Umbreon\n|\n|-heal|p2a: Umbreon|80\/100|[from] Grassy Terrain\n|-heal|p2a: Umbreon|86\/100|[from] item: Leftovers\n|upkeep\n|turn|33\n|inactive|guess19 has 30 seconds left.\n|\n|t:|1699715133\n|move|p1a: Heatran|Magma Storm|p2a: Umbreon\n|-damage|p2a: Umbreon|57\/100\n|-activate|p2a: Umbreon|move: Magma Storm|[of] p1a: Heatran\n|move|p2a: Umbreon|Wish|p2a: Umbreon\n|\n|-heal|p2a: Umbreon|63\/100|[from] Grassy Terrain\n|-heal|p2a: Umbreon|69\/100|[from] item: Leftovers\n|-damage|p2a: Umbreon|57\/100|[from] move: Magma Storm|[partiallytrapped]\n|upkeep\n|turn|34\n|inactive|guess19 has 30 seconds left.\n|inactive|guess19 has 20 seconds left.\n|inactive|guess19 has 15 seconds left.\n|inactive|guess19 has 10 seconds left.\n|\n|t:|1699715158\n|move|p1a: Heatran|Earth Power|p2a: Umbreon\n|-damage|p2a: Umbreon|39\/100\n|-unboost|p2a: Umbreon|spd|1\n|move|p2a: Umbreon|Foul Play|p1a: Heatran\n|-damage|p1a: Heatran|79\/100\n|\n|-heal|p2a: Umbreon|89\/100|[from] move: Wish|[wisher] Umbreon\n|-heal|p1a: Heatran|85\/100|[from] Grassy Terrain\n|-heal|p1a: Heatran|92\/100|[from] item: Leftovers\n|-heal|p2a: Umbreon|95\/100|[from] Grassy Terrain\n|-heal|p2a: Umbreon|100\/100|[from] item: Leftovers\n|-damage|p2a: Umbreon|88\/100|[from] move: Magma Storm|[partiallytrapped]\n|upkeep\n|turn|35\n|inactive|guess19 has 20 seconds left this turn.\n|inactive|guess19 has 15 seconds left.\n|inactive|guess19 has 10 seconds left.\n|inactive|guess19 has 5 seconds left.\n|\n|t:|1699715174\n|move|p1a: Heatran|Earth Power|p2a: Umbreon\n|-damage|p2a: Umbreon|62\/100\n|move|p2a: Umbreon|Wish|p2a: Umbreon\n|\n|-heal|p1a: Heatran|98\/100|[from] Grassy Terrain\n|-heal|p1a: Heatran|100\/100|[from] item: Leftovers\n|-heal|p2a: Umbreon|68\/100|[from] Grassy Terrain\n|-heal|p2a: Umbreon|74\/100|[from] item: Leftovers\n|-damage|p2a: Umbreon|62\/100|[from] move: Magma Storm|[partiallytrapped]\n|-fieldend|move: Grassy Terrain\n|upkeep\n|turn|36\n|inactive|guess19 has 15 seconds left this turn.\n|\n|t:|1699715190\n|move|p1a: Heatran|Magma Storm|p2a: Umbreon\n|-damage|p2a: Umbreon|15\/100\n|move|p2a: Umbreon|Foul Play|p1a: Heatran\n|-damage|p1a: Heatran|82\/100\n|\n|-heal|p2a: Umbreon|65\/100|[from] move: Wish|[wisher] Umbreon\n|-heal|p1a: Heatran|88\/100|[from] item: Leftovers\n|-heal|p2a: Umbreon|71\/100|[from] item: Leftovers\n|-damage|p2a: Umbreon|59\/100|[from] move: Magma Storm|[partiallytrapped]\n|upkeep\n|turn|37\n|inactive|guess19 has 25 seconds left this turn.\n|inactive|guess19 has 20 seconds left.\n|inactive|guess19 has 15 seconds left.\n|\n|t:|1699715203\n|move|p1a: Heatran|Magma Storm|p2a: Umbreon|[miss]\n|-miss|p1a: Heatran|p2a: Umbreon\n|move|p2a: Umbreon|Wish|p2a: Umbreon\n|\n|-heal|p1a: Heatran|94\/100|[from] item: Leftovers\n|-heal|p2a: Umbreon|65\/100|[from] item: Leftovers\n|-damage|p2a: Umbreon|53\/100|[from] move: Magma Storm|[partiallytrapped]\n|upkeep\n|turn|38\n|inactive|guess19 has 25 seconds left this turn.\n|l| GracieVGC\n|inactive|guess19 has 20 seconds left.\n|\n|t:|1699715212\n|move|p1a: Heatran|Magma Storm|p2a: Umbreon|[miss]\n|-miss|p1a: Heatran|p2a: Umbreon\n|move|p2a: Umbreon|Foul Play|p1a: Heatran\n|-damage|p1a: Heatran|75\/100\n|\n|-heal|p2a: Umbreon|100\/100|[from] move: Wish|[wisher] Umbreon\n|-heal|p1a: Heatran|81\/100|[from] item: Leftovers\n|-end|p2a: Umbreon|Magma Storm|[partiallytrapped]\n|upkeep\n|turn|39\n|inactive|guess19 has 30 seconds left this turn.\n|\n|t:|1699715225\n|move|p1a: Heatran|Earth Power|p2a: Umbreon\n|-damage|p2a: Umbreon|74\/100\n|move|p2a: Umbreon|Foul Play|p1a: Heatran\n|-damage|p1a: Heatran|61\/100\n|\n|-heal|p1a: Heatran|67\/100|[from] item: Leftovers\n|-heal|p2a: Umbreon|80\/100|[from] item: Leftovers\n|upkeep\n|turn|40\n|inactive|guess19 has 30 seconds left.\n|\n|t:|1699715236\n|move|p1a: Heatran|Earth Power|p2a: Umbreon\n|-damage|p2a: Umbreon|51\/100\n|move|p2a: Umbreon|Wish|p2a: Umbreon\n|\n|-heal|p1a: Heatran|74\/100|[from] item: Leftovers\n|-heal|p2a: Umbreon|57\/100|[from] item: Leftovers\n|upkeep\n|turn|41\n|inactive|guess19 has 30 seconds left.\n|-message|zjh753951 forfeited.\n|\n|win|guess19\n|raw|zjh753951's rating: 1645 &rarr; <strong>1618<\/strong><br \/>(-27 for losing)\n|raw|guess19's rating: 1525 &rarr; <strong>1552<\/strong><br \/>(+27 for winning)\n|l|\u2606zjh753951\n","uploadtime":1699715252,"views":7,"p1id":"zjh753951","p2id":"guess19","formatid":"gen9nationaldex","rating":1552,"private":0,"password":""}