{"id":"gen9nationaldex-1989214520","p1":"Jalapenoz","p2":"D348lkjhgfdsa","format":"[Gen 9] National Dex","log":"|j|\u2606Jalapenoz\n|j|\u2606D348lkjhgfdsa\n|t:|1699824211\n|gametype|singles\n|player|p1|Jalapenoz|1|1192\n|player|p2|D348lkjhgfdsa|blackbelt-gen4dp|1133\n|teamsize|p1|6\n|teamsize|p2|6\n|gen|9\n|tier|[Gen 9] National Dex\n|rated|\n|rule|HP Percentage Mod: HP is shown in percentages\n|rule|Endless Battle Clause: Forcing endless battles is banned\n|rule|OHKO Clause: OHKO moves are banned\n|rule|Evasion Clause: Evasion abilities, items, and moves are banned\n|rule|Evasion Abilities Clause: Evasion abilities are banned\n|rule|Evasion Items Clause: Evasion items are banned\n|rule|Evasion Moves Clause: Evasion moves are banned\n|rule|Species Clause: Limit one of each Pok\u00e9mon\n|rule|Sleep Clause Mod: Limit one foe put to sleep\n|clearpoke\n|poke|p1|Grovyle, M|\n|poke|p1|Dusknoir, M|\n|poke|p1|Shaymin|\n|poke|p1|Sableye, F|\n|poke|p1|Honchkrow, F|\n|poke|p1|Azelf|\n|poke|p2|Landorus-Therian, M|\n|poke|p2|Samurott-Hisui, F|\n|poke|p2|Jirachi|\n|poke|p2|Hawlucha, M|\n|poke|p2|Tapu Koko|\n|poke|p2|Latios, M|\n|teampreview\n|inactive|Battle timer is ON: inactive players will automatically lose when time's up. (requested by D348lkjhgfdsa)\n|\n|t:|1699824227\n|start\n|switch|p1a: Dusknoir|Dusknoir, M|100\/100\n|switch|p2a: Tapu Koko|Tapu Koko, shiny|100\/100\n|-fieldstart|move: Electric Terrain|[from] ability: Electric Surge|[of] p2a: Tapu Koko\n|-item|p2a: Tapu Koko|Shuca Berry|[from] ability: Frisk|[of] p1a: Dusknoir|[identify]\n|turn|1\n|\n|t:|1699824244\n|move|p2a: Tapu Koko|Thunderbolt|p1a: Dusknoir\n|-damage|p1a: Dusknoir|59\/100\n|move|p1a: Dusknoir|Ice Punch|p2a: Tapu Koko\n|-damage|p2a: Tapu Koko|68\/100\n|\n|-heal|p1a: Dusknoir|65\/100|[from] item: Leftovers\n|upkeep\n|turn|2\n|\n|t:|1699824258\n|move|p2a: Tapu Koko|Thunderbolt|p1a: Dusknoir\n|-damage|p1a: Dusknoir|25\/100\n|move|p1a: Dusknoir|Darkest Lariat|p2a: Tapu Koko\n|-resisted|p2a: Tapu Koko\n|-damage|p2a: Tapu Koko|51\/100\n|\n|-heal|p1a: Dusknoir|31\/100|[from] item: Leftovers\n|upkeep\n|turn|3\n|\n|t:|1699824267\n|move|p1a: Dusknoir|Shadow Sneak|p2a: Tapu Koko\n|-damage|p2a: Tapu Koko|22\/100\n|move|p2a: Tapu Koko|Thunderbolt|p1a: Dusknoir\n|-damage|p1a: Dusknoir|0 fnt\n|faint|p1a: Dusknoir\n|\n|upkeep\n|\n|t:|1699824292\n|switch|p1a: Shaymin|Shaymin, shiny|100\/100\n|turn|4\n|inactive|Jalapenoz has 120 seconds left.\n|\n|t:|1699824310\n|move|p2a: Tapu Koko|Hidden Power|p1a: Shaymin\n|-supereffective|p1a: Shaymin\n|-damage|p1a: Shaymin|66\/100\n|move|p1a: Shaymin|Earth Power|p2a: Tapu Koko\n|-supereffective|p2a: Tapu Koko\n|-enditem|p2a: Tapu Koko|Shuca Berry|[eat]\n|-enditem|p2a: Tapu Koko|Shuca Berry|[weaken]\n|-damage|p2a: Tapu Koko|0 fnt\n|faint|p2a: Tapu Koko\n|\n|upkeep\n|\n|t:|1699824320\n|switch|p2a: Hawlucha|Hawlucha, M, shiny|100\/100\n|-enditem|p2a: Hawlucha|Electric Seed\n|-boost|p2a: Hawlucha|def|1|[from] item: Electric Seed\n|turn|5\n|\n|t:|1699824332\n|switch|p1a: Sableye|Sableye, F|100\/100\n|move|p2a: Hawlucha|Acrobatics|p1a: Sableye\n|-damage|p1a: Sableye|34\/100\n|\n|-heal|p1a: Sableye|41\/100|[from] item: Leftovers\n|-fieldend|move: Electric Terrain\n|upkeep\n|turn|6\n|\n|t:|1699824340\n|move|p1a: Sableye|Will-O-Wisp|p2a: Hawlucha|[miss]\n|-miss|p1a: Sableye|p2a: Hawlucha\n|move|p2a: Hawlucha|Swords Dance|p2a: Hawlucha\n|-boost|p2a: Hawlucha|atk|2\n|\n|-heal|p1a: Sableye|47\/100|[from] item: Leftovers\n|upkeep\n|turn|7\n|\n|t:|1699824348\n|move|p1a: Sableye|Will-O-Wisp|p2a: Hawlucha\n|-status|p2a: Hawlucha|brn\n|move|p2a: Hawlucha|Acrobatics|p1a: Sableye\n|-damage|p1a: Sableye|0 fnt\n|faint|p1a: Sableye\n|\n|-damage|p2a: Hawlucha|94\/100 brn|[from] brn\n|upkeep\n|\n|t:|1699824358\n|switch|p1a: Azelf|Azelf, shiny|100\/100\n|turn|8\n|\n|t:|1699824364\n|move|p2a: Hawlucha|Swords Dance|p2a: Hawlucha\n|-boost|p2a: Hawlucha|atk|2\n|move|p1a: Azelf|Mystical Power|p2a: Hawlucha\n|-supereffective|p2a: Hawlucha\n|-damage|p2a: Hawlucha|0 fnt\n|-boost|p1a: Azelf|spa|1\n|faint|p2a: Hawlucha\n|\n|upkeep\n|\n|t:|1699824377\n|switch|p2a: Samurott|Samurott-Hisui, F, shiny|100\/100\n|turn|9\n|\n|t:|1699824397\n|-terastallize|p1a: Azelf|Fire\n|move|p1a: Azelf|Draining Kiss|p2a: Samurott\n|-supereffective|p2a: Samurott\n|-damage|p2a: Samurott|26\/100\n|move|p2a: Samurott|Ceaseless Edge|p1a: Azelf|[miss]\n|-miss|p2a: Samurott|p1a: Azelf\n|\n|-heal|p2a: Samurott|32\/100|[from] item: Leftovers\n|upkeep\n|turn|10\n|\n|t:|1699824406\n|move|p1a: Azelf|Draining Kiss|p2a: Samurott\n|-supereffective|p2a: Samurott\n|-damage|p2a: Samurott|0 fnt\n|faint|p2a: Samurott\n|\n|upkeep\n|\n|t:|1699824410\n|switch|p2a: Latios|Latios, M, shiny|100\/100\n|turn|11\n|\n|t:|1699824420\n|detailschange|p2a: Latios|Latios-Mega, M, shiny\n|-mega|p2a: Latios|Latios|Latiosite\n|move|p1a: Azelf|Mystical Power|p2a: Latios\n|-resisted|p2a: Latios\n|-damage|p2a: Latios|74\/100\n|-boost|p1a: Azelf|spa|1\n|move|p2a: Latios|Draco Meteor|p1a: Azelf\n|-damage|p1a: Azelf|16\/100\n|-unboost|p2a: Latios|spa|2\n|\n|upkeep\n|turn|12\n|\n|t:|1699824432\n|move|p1a: Azelf|Draining Kiss|p2a: Latios\n|-supereffective|p2a: Latios\n|-damage|p2a: Latios|0 fnt\n|-heal|p1a: Azelf|72\/100|[from] drain|[of] p2a: Latios\n|faint|p2a: Latios\n|\n|upkeep\n|\n|t:|1699824438\n|switch|p2a: Landorus|Landorus-Therian, M|100\/100\n|-ability|p2a: Landorus|Intimidate|boost\n|-unboost|p1a: Azelf|atk|1\n|turn|13\n|\n|t:|1699824446\n|move|p1a: Azelf|Flamethrower|p2a: Landorus\n|-damage|p2a: Landorus|0 fnt\n|faint|p2a: Landorus\n|\n|upkeep\n|n|\u2606D348lkjhgfdsa|d348lkjhgfdsa\n|c|\u2606D348lkjhgfdsa|nedd to be mother fuck\n|inactive|D348lkjhgfdsa has 120 seconds left.\n|l|\u2606D348lkjhgfdsa\n|inactive|D348lkjhgfdsa disconnected and has a minute to reconnect!\n|player|p2|\n|inactive|D348lkjhgfdsa has 30 seconds to reconnect!\n|inactive|D348lkjhgfdsa has 20 seconds to reconnect!\n|inactive|D348lkjhgfdsa has 15 seconds to reconnect!\n|inactive|D348lkjhgfdsa has 10 seconds to reconnect!\n|inactive|D348lkjhgfdsa has 5 seconds to reconnect!\n|-message|D348lkjhgfdsa lost due to inactivity.\n|\n|win|Jalapenoz\n|raw|Jalapenoz's rating: 1192 &rarr; <strong>1213<\/strong><br \/>(+21 for winning)\n|raw|D348lkjhgfdsa's rating: 1133 &rarr; <strong>1112<\/strong><br \/>(-21 for losing)\n","uploadtime":1699824538,"views":4,"p1id":"jalapenoz","p2id":"d348lkjhgfdsa","formatid":"gen9nationaldex","rating":1112,"private":0,"password":""}