{"id":"gen9nationaldex-1992087512","p1":"Feigar2004","p2":"Zhanlue","format":"[Gen 9] National Dex","log":"|j|\u2606Feigar2004\n|j|\u2606Zhanlue\n|t:|1700154014\n|gametype|singles\n|player|p1|Feigar2004|benga|1185\n|player|p2|Zhanlue|thorton|1347\n|teamsize|p1|6\n|teamsize|p2|6\n|gen|9\n|tier|[Gen 9] National Dex\n|rated|\n|rule|HP Percentage Mod: HP is shown in percentages\n|rule|Endless Battle Clause: Forcing endless battles is banned\n|rule|OHKO Clause: OHKO moves are banned\n|rule|Evasion Clause: Evasion abilities, items, and moves are banned\n|rule|Evasion Abilities Clause: Evasion abilities are banned\n|rule|Evasion Items Clause: Evasion items are banned\n|rule|Evasion Moves Clause: Evasion moves are banned\n|rule|Species Clause: Limit one of each Pok\u00e9mon\n|rule|Sleep Clause Mod: Limit one foe put to sleep\n|clearpoke\n|poke|p1|Leafeon, M|\n|poke|p1|Goodra, M|\n|poke|p1|Skarmory, M|\n|poke|p1|Corsola-Galar, F|\n|poke|p1|Tapu Koko|\n|poke|p1|Sneasler, M|\n|poke|p2|Corviknight, F|\n|poke|p2|Mimikyu, F|\n|poke|p2|Sneasler, F|\n|poke|p2|Excadrill, M|\n|poke|p2|Greninja-*, M|\n|poke|p2|Volcarona, F|\n|teampreview\n|inactive|Battle timer is ON: inactive players will automatically lose when time's up. (requested by Zhanlue)\n|\n|t:|1700154023\n|start\n|switch|p1a: Tapu Koko|Tapu Koko|100\/100\n|switch|p2a: Sneasler|Sneasler, F, shiny|100\/100\n|-fieldstart|move: Electric Terrain|[from] ability: Electric Surge|[of] p1a: Tapu Koko\n|turn|1\n|\n|t:|1700154029\n|move|p2a: Sneasler|Fake Out|p1a: Tapu Koko\n|-damage|p1a: Tapu Koko|82\/100\n|cant|p1a: Tapu Koko|flinch\n|\n|upkeep\n|turn|2\n|\n|t:|1700154032\n|move|p1a: Tapu Koko|Volt Switch|p2a: Sneasler\n|-damage|p2a: Sneasler|29\/100\n|-damage|p1a: Tapu Koko|72\/100|[from] item: Life Orb\n|\n|t:|1700154036\n|switch|p1a: Sneasler|Sneasler, M|100\/100|[from] Volt Switch\n|-enditem|p1a: Sneasler|Electric Seed\n|-boost|p1a: Sneasler|def|1|[from] item: Electric Seed\n|move|p2a: Sneasler|Dire Claw|p1a: Sneasler\n|-resisted|p1a: Sneasler\n|-crit|p1a: Sneasler\n|-damage|p1a: Sneasler|51\/100\n|\n|upkeep\n|turn|3\n|\n|t:|1700154050\n|move|p1a: Sneasler|Acrobatics|p2a: Sneasler\n|-supereffective|p2a: Sneasler\n|-damage|p2a: Sneasler|0 fnt\n|faint|p2a: Sneasler\n|\n|upkeep\n|\n|t:|1700154061\n|switch|p2a: Mimikyu|Mimikyu, F|100\/100\n|turn|4\n|\n|t:|1700154071\n|move|p1a: Sneasler|Dire Claw|p2a: Mimikyu\n|-activate|p2a: Mimikyu|ability: Disguise\n|-damage|p2a: Mimikyu|100\/100\n|detailschange|p2a: Mimikyu|Mimikyu-Busted, F\n|-damage|p2a: Mimikyu|88\/100|[from] pokemon: Mimikyu-Busted\n|move|p2a: Mimikyu|Swords Dance|p2a: Mimikyu\n|-boost|p2a: Mimikyu|atk|2\n|\n|upkeep\n|turn|5\n|\n|t:|1700154079\n|move|p2a: Mimikyu|Shadow Sneak|p1a: Sneasler\n|-damage|p1a: Sneasler|14\/100\n|move|p1a: Sneasler|Dire Claw|p2a: Mimikyu\n|-damage|p2a: Mimikyu|6\/100\n|-status|p2a: Mimikyu|psn\n|\n|-damage|p2a: Mimikyu|0 fnt|[from] psn\n|faint|p2a: Mimikyu\n|-fieldend|move: Electric Terrain\n|upkeep\n|\n|t:|1700154085\n|switch|p2a: Greninja|Greninja, M|100\/100\n|turn|6\n|\n|t:|1700154092\n|move|p1a: Sneasler|Brick Break|p2a: Greninja\n|-supereffective|p2a: Greninja\n|-damage|p2a: Greninja|0 fnt\n|faint|p2a: Greninja\n|\n|upkeep\n|\n|t:|1700154100\n|switch|p2a: Corviknight|Corviknight, F, shiny|100\/100\n|turn|7\n|\n|t:|1700154104\n|move|p1a: Sneasler|Brick Break|p2a: Corviknight\n|-damage|p2a: Corviknight|73\/100\n|move|p2a: Corviknight|Bulk Up|p2a: Corviknight\n|-boost|p2a: Corviknight|atk|1\n|-boost|p2a: Corviknight|def|1\n|\n|-heal|p2a: Corviknight|79\/100|[from] item: Leftovers\n|upkeep\n|turn|8\n|\n|t:|1700154109\n|move|p1a: Sneasler|Brick Break|p2a: Corviknight\n|-damage|p2a: Corviknight|61\/100\n|move|p2a: Corviknight|Bulk Up|p2a: Corviknight\n|-boost|p2a: Corviknight|atk|1\n|-boost|p2a: Corviknight|def|1\n|\n|-heal|p2a: Corviknight|68\/100|[from] item: Leftovers\n|upkeep\n|turn|9\n|\n|t:|1700154114\n|move|p1a: Sneasler|Brick Break|p2a: Corviknight\n|-damage|p2a: Corviknight|53\/100\n|move|p2a: Corviknight|Bulk Up|p2a: Corviknight\n|-boost|p2a: Corviknight|atk|1\n|-boost|p2a: Corviknight|def|1\n|\n|-heal|p2a: Corviknight|60\/100|[from] item: Leftovers\n|upkeep\n|turn|10\n|\n|t:|1700154117\n|move|p1a: Sneasler|Brick Break|p2a: Corviknight\n|-damage|p2a: Corviknight|49\/100\n|move|p2a: Corviknight|Bulk Up|p2a: Corviknight\n|-boost|p2a: Corviknight|atk|1\n|-boost|p2a: Corviknight|def|1\n|\n|-heal|p2a: Corviknight|55\/100|[from] item: Leftovers\n|upkeep\n|turn|11\n|\n|t:|1700154124\n|move|p1a: Sneasler|Brick Break|p2a: Corviknight\n|-damage|p2a: Corviknight|45\/100\n|move|p2a: Corviknight|Roost|p2a: Corviknight\n|-heal|p2a: Corviknight|95\/100\n|-singleturn|p2a: Corviknight|move: Roost\n|\n|-heal|p2a: Corviknight|100\/100|[from] item: Leftovers\n|upkeep\n|turn|12\n|\n|t:|1700154128\n|move|p1a: Sneasler|Brick Break|p2a: Corviknight\n|-damage|p2a: Corviknight|90\/100\n|move|p2a: Corviknight|Bulk Up|p2a: Corviknight\n|-boost|p2a: Corviknight|atk|1\n|-boost|p2a: Corviknight|def|1\n|\n|-heal|p2a: Corviknight|97\/100|[from] item: Leftovers\n|upkeep\n|turn|13\n|\n|t:|1700154132\n|move|p1a: Sneasler|Brick Break|p2a: Corviknight\n|-damage|p2a: Corviknight|87\/100\n|move|p2a: Corviknight|Bulk Up|p2a: Corviknight\n|-boost|p2a: Corviknight|atk|1\n|-boost|p2a: Corviknight|def|1\n|\n|-heal|p2a: Corviknight|94\/100|[from] item: Leftovers\n|upkeep\n|turn|14\n|\n|t:|1700154136\n|move|p1a: Sneasler|Brick Break|p2a: Corviknight\n|-damage|p2a: Corviknight|87\/100\n|move|p2a: Corviknight|Body Press|p1a: Sneasler\n|-resisted|p1a: Sneasler\n|-damage|p1a: Sneasler|0 fnt\n|faint|p1a: Sneasler\n|\n|-heal|p2a: Corviknight|93\/100|[from] item: Leftovers\n|upkeep\n|\n|t:|1700154141\n|switch|p1a: Goodra|Goodra, M, shiny|100\/100\n|turn|15\n|\n|t:|1700154144\n|move|p1a: Goodra|Flamethrower|p2a: Corviknight\n|-supereffective|p2a: Corviknight\n|-damage|p2a: Corviknight|39\/100\n|move|p2a: Corviknight|Brave Bird|p1a: Goodra\n|-damage|p1a: Goodra|0 fnt\n|faint|p1a: Goodra\n|-damage|p2a: Corviknight|8\/100|[from] Recoil\n|\n|-heal|p2a: Corviknight|14\/100|[from] item: Leftovers\n|upkeep\n|\n|t:|1700154149\n|switch|p1a: Skarmory|Skarmory, M|100\/100\n|turn|16\n|\n|t:|1700154154\n|move|p1a: Skarmory|Body Press|p2a: Corviknight\n|-damage|p2a: Corviknight|9\/100\n|move|p2a: Corviknight|Roost|p2a: Corviknight\n|-heal|p2a: Corviknight|59\/100\n|-singleturn|p2a: Corviknight|move: Roost\n|\n|-heal|p2a: Corviknight|65\/100|[from] item: Leftovers\n|upkeep\n|turn|17\n|\n|t:|1700154159\n|move|p1a: Skarmory|Stealth Rock|p2a: Corviknight\n|-sidestart|p2: Zhanlue|move: Stealth Rock\n|move|p2a: Corviknight|Body Press|p1a: Skarmory\n|-damage|p1a: Skarmory|48\/100\n|-damage|p2a: Corviknight|48\/100|[from] item: Rocky Helmet|[of] p1a: Skarmory\n|\n|-heal|p2a: Corviknight|55\/100|[from] item: Leftovers\n|upkeep\n|turn|18\n|\n|t:|1700154164\n|move|p1a: Skarmory|Iron Defense|p1a: Skarmory\n|-boost|p1a: Skarmory|def|2\n|move|p2a: Corviknight|Body Press|p1a: Skarmory\n|-damage|p1a: Skarmory|22\/100\n|-damage|p2a: Corviknight|38\/100|[from] item: Rocky Helmet|[of] p1a: Skarmory\n|\n|-heal|p2a: Corviknight|44\/100|[from] item: Leftovers\n|upkeep\n|turn|19\n|\n|t:|1700154167\n|move|p1a: Skarmory|Iron Defense|p1a: Skarmory\n|-boost|p1a: Skarmory|def|2\n|move|p2a: Corviknight|Roost|p2a: Corviknight\n|-heal|p2a: Corviknight|94\/100\n|-singleturn|p2a: Corviknight|move: Roost\n|\n|-heal|p2a: Corviknight|100\/100|[from] item: Leftovers\n|upkeep\n|turn|20\n|\n|t:|1700154171\n|move|p1a: Skarmory|Body Press|p2a: Corviknight\n|-damage|p2a: Corviknight|83\/100\n|move|p2a: Corviknight|Brave Bird|p1a: Skarmory\n|-resisted|p1a: Skarmory\n|-damage|p1a: Skarmory|8\/100\n|-damage|p2a: Corviknight|67\/100|[from] item: Rocky Helmet|[of] p1a: Skarmory\n|-damage|p2a: Corviknight|63\/100|[from] Recoil\n|\n|-heal|p2a: Corviknight|69\/100|[from] item: Leftovers\n|upkeep\n|turn|21\n|\n|t:|1700154176\n|move|p1a: Skarmory|Body Press|p2a: Corviknight\n|-crit|p2a: Corviknight\n|-damage|p2a: Corviknight|0 fnt\n|faint|p2a: Corviknight\n|\n|upkeep\n|\n|t:|1700154179\n|switch|p2a: Excadrill|Excadrill, M, shiny|100\/100\n|-damage|p2a: Excadrill|97\/100|[from] Stealth Rock\n|-ability|p2a: Excadrill|Mold Breaker\n|-item|p2a: Excadrill|Air Balloon\n|turn|22\n|\n|t:|1700154183\n|move|p2a: Excadrill|Rapid Spin|p1a: Skarmory\n|-resisted|p1a: Skarmory\n|-damage|p1a: Skarmory|6\/100\n|-boost|p2a: Excadrill|spe|1\n|-damage|p2a: Excadrill|81\/100|[from] item: Rocky Helmet|[of] p1a: Skarmory\n|-sideend|p2: Zhanlue|Stealth Rock|[from] move: Rapid Spin|[of] p2a: Excadrill\n|move|p1a: Skarmory|Body Press|p2a: Excadrill\n|-supereffective|p2a: Excadrill\n|-damage|p2a: Excadrill|0 fnt\n|-enditem|p2a: Excadrill|Air Balloon\n|faint|p2a: Excadrill\n|\n|upkeep\n|\n|t:|1700154187\n|switch|p2a: Volcarona|Volcarona, F, shiny|100\/100\n|turn|23\n|\n|t:|1700154195\n|move|p2a: Volcarona|Quiver Dance|p2a: Volcarona\n|-boost|p2a: Volcarona|spa|1\n|-boost|p2a: Volcarona|spd|1\n|-boost|p2a: Volcarona|spe|1\n|move|p1a: Skarmory|Drill Peck|p2a: Volcarona\n|-supereffective|p2a: Volcarona\n|-damage|p2a: Volcarona|35\/100\n|\n|upkeep\n|turn|24\n|\n|t:|1700154201\n|move|p2a: Volcarona|Fiery Dance|p1a: Skarmory\n|-supereffective|p1a: Skarmory\n|-damage|p1a: Skarmory|0 fnt\n|faint|p1a: Skarmory\n|\n|upkeep\n|\n|t:|1700154206\n|switch|p1a: Corsola|Corsola-Galar, F|100\/100\n|turn|25\n|\n|t:|1700154212\n|move|p2a: Volcarona|Bug Buzz|p1a: Corsola\n|-resisted|p1a: Corsola\n|-crit|p1a: Corsola\n|-damage|p1a: Corsola|75\/100\n|-unboost|p1a: Corsola|spd|1\n|-start|p2a: Volcarona|Disable|Bug Buzz|[from] ability: Cursed Body|[of] p1a: Corsola\n|move|p1a: Corsola|Haze|p1a: Corsola\n|-clearallboost\n|\n|upkeep\n|turn|26\n|\n|t:|1700154239\n|move|p2a: Volcarona|Quiver Dance|p2a: Volcarona\n|-boost|p2a: Volcarona|spa|1\n|-boost|p2a: Volcarona|spd|1\n|-boost|p2a: Volcarona|spe|1\n|move|p1a: Corsola|Whirlpool|p2a: Volcarona\n|-supereffective|p2a: Volcarona\n|-damage|p2a: Volcarona|27\/100\n|-activate|p2a: Volcarona|move: Whirlpool|[of] p1a: Corsola\n|\n|-damage|p2a: Volcarona|14\/100|[from] move: Whirlpool|[partiallytrapped]\n|upkeep\n|turn|27\n|\n|t:|1700154247\n|-terastallize|p2a: Volcarona|Ground\n|move|p2a: Volcarona|Tera Blast|p1a: Corsola|[anim] Tera Blast Ground\n|-damage|p1a: Corsola|45\/100\n|move|p1a: Corsola|Haze|p1a: Corsola\n|-clearallboost\n|\n|-damage|p2a: Volcarona|2\/100|[from] move: Whirlpool|[partiallytrapped]\n|upkeep\n|turn|28\n|\n|t:|1700154264\n|move|p2a: Volcarona|Tera Blast|p1a: Corsola|[anim] Tera Blast Ground\n|-damage|p1a: Corsola|24\/100\n|move|p1a: Corsola|Whirlpool|p2a: Volcarona\n|-supereffective|p2a: Volcarona\n|-damage|p2a: Volcarona|0 fnt\n|faint|p2a: Volcarona\n|\n|win|Feigar2004\n|raw|Feigar2004's rating: 1185 &rarr; <strong>1221<\/strong><br \/>(+36 for winning)\n|raw|Zhanlue's rating: 1347 &rarr; <strong>1318<\/strong><br \/>(-29 for losing)\n|l|\u2606Zhanlue\n","uploadtime":1700154273,"views":18,"p1id":"feigar2004","p2id":"zhanlue","formatid":"gen9nationaldex","rating":1221,"private":0,"password":""}