{"id":"gen9nationaldex-1989258289","p1":"WSoldat","p2":"lolowtf09","format":"[Gen 9] National Dex","log":"|j|\u2606WSoldat\n|j|\u2606lolowtf09\n|t:|1699828883\n|gametype|singles\n|player|p1|WSoldat|n|\n|player|p2|lolowtf09|burgh|\n|teamsize|p1|6\n|teamsize|p2|6\n|gen|9\n|tier|[Gen 9] National Dex\n|rule|HP Percentage Mod: HP is shown in percentages\n|rule|Endless Battle Clause: Forcing endless battles is banned\n|rule|OHKO Clause: OHKO moves are banned\n|rule|Evasion Clause: Evasion abilities, items, and moves are banned\n|rule|Evasion Abilities Clause: Evasion abilities are banned\n|rule|Evasion Items Clause: Evasion items are banned\n|rule|Evasion Moves Clause: Evasion moves are banned\n|rule|Species Clause: Limit one of each Pok\u00e9mon\n|rule|Sleep Clause Mod: Limit one foe put to sleep\n|clearpoke\n|poke|p1|Corviknight, M|\n|poke|p1|Clodsire, M|\n|poke|p1|Goodra-Hisui, M|\n|poke|p1|Xurkitree|\n|poke|p1|Zapdos-Galar|\n|poke|p1|Scizor, M|\n|poke|p2|Dipplin, F|\n|poke|p2|Forretress, M|\n|poke|p2|Pinsir, F|\n|poke|p2|Heracross, M|\n|poke|p2|Rabsca, F|\n|poke|p2|Galvantula, F|\n|teampreview\n|inactive|Battle timer is ON: inactive players will automatically lose when time's up. (requested by WSoldat)\n|\n|t:|1699828905\n|start\n|switch|p1a: Ricardo|Clodsire, M|100\/100\n|switch|p2a: ManoloPajitas|Forretress, M|100\/100\n|turn|1\n|\n|t:|1699828924\n|move|p1a: Ricardo|Stealth Rock|p2a: ManoloPajitas\n|-sidestart|p2: lolowtf09|move: Stealth Rock\n|move|p2a: ManoloPajitas|Stealth Rock|p1a: Ricardo\n|-sidestart|p1: WSoldat|move: Stealth Rock\n|\n|upkeep\n|turn|2\n|\n|t:|1699828930\n|move|p1a: Ricardo|Earthquake|p2a: ManoloPajitas\n|-crit|p2a: ManoloPajitas\n|-damage|p2a: ManoloPajitas|78\/100\n|move|p2a: ManoloPajitas|Rapid Spin|p1a: Ricardo\n|-damage|p1a: Ricardo|89\/100\n|-boost|p2a: ManoloPajitas|spe|1\n|-sideend|p2: lolowtf09|Stealth Rock|[from] move: Rapid Spin|[of] p2a: ManoloPajitas\n|\n|-heal|p1a: Ricardo|95\/100|[from] item: Leftovers\n|upkeep\n|turn|3\n|j| Sylveon(404)\n|inactive|WSoldat has 270 seconds left.\n|\n|t:|1699828966\n|switch|p1a: Elver Galarga|Zapdos-Galar|100\/100\n|-damage|p1a: Elver Galarga|88\/100|[from] Stealth Rock\n|move|p2a: ManoloPajitas|Gyro Ball|p1a: Elver Galarga\n|-damage|p1a: Elver Galarga|47\/100\n|\n|upkeep\n|turn|4\n|c| Sylveon(404)|llalal[)ks z2eihclruikru eu4tic\\\n|inactive|WSoldat has 270 seconds left.\n|c|\u2606WSoldat|Soy idiota\n|\n|t:|1699828981\n|move|p1a: Elver Galarga|Thunderous Kick|p2a: ManoloPajitas\n|-damage|p2a: ManoloPajitas|52\/100\n|-unboost|p2a: ManoloPajitas|def|1\n|-damage|p1a: Elver Galarga|30\/100|[from] item: Rocky Helmet|[of] p2a: ManoloPajitas\n|move|p2a: ManoloPajitas|Gyro Ball|p1a: Elver Galarga\n|-damage|p1a: Elver Galarga|0 fnt\n|faint|p1a: Elver Galarga\n|\n|upkeep\n|c| Sylveon(404)|si sos\n|c|\u2606lolowtf09|preparaos para mi papeada\n|\n|t:|1699828992\n|switch|p1a: Corvos|Corviknight, M|100\/100\n|-damage|p1a: Corvos|88\/100|[from] Stealth Rock\n|-ability|p1a: Corvos|Pressure\n|turn|5\n|\n|t:|1699829000\n|move|p1a: Corvos|Defog|p2a: ManoloPajitas\n|-unboost|p2a: ManoloPajitas|evasion|1\n|-sideend|p1: WSoldat|Stealth Rock|[from] move: Defog|[of] p1a: Corvos\n|move|p2a: ManoloPajitas|Volt Switch|p1a: Corvos\n|-supereffective|p1a: Corvos\n|-damage|p1a: Corvos|66\/100\n|\n|t:|1699829003\n|switch|p2a: Galvantula|Galvantula, F|100\/100|[from] Volt Switch\n|\n|upkeep\n|turn|6\n|inactive|WSoldat has 270 seconds left.\n|\n|t:|1699829016\n|switch|p2a: \u00d1ami|Pinsir, F|100\/100\n|switch|p1a: Ricardo|Clodsire, M|95\/100\n|\n|-heal|p1a: Ricardo|100\/100|[from] item: Leftovers\n|upkeep\n|turn|7\n|inactive|WSoldat has 270 seconds left.\n|\n|t:|1699829030\n|detailschange|p2a: \u00d1ami|Pinsir-Mega, F\n|-mega|p2a: \u00d1ami|Pinsir|Pinsirite\n|move|p2a: \u00d1ami|Frustration|p1a: Ricardo\n|-damage|p1a: Ricardo|20\/100\n|move|p1a: Ricardo|Toxic|p2a: \u00d1ami\n|-status|p2a: \u00d1ami|tox\n|\n|-heal|p1a: Ricardo|27\/100|[from] item: Leftovers\n|-damage|p2a: \u00d1ami|95\/100 tox|[from] psn\n|upkeep\n|turn|8\n|inactive|WSoldat has 270 seconds left.\n|\n|t:|1699829044\n|move|p2a: \u00d1ami|Frustration|p1a: Ricardo\n|-damage|p1a: Ricardo|0 fnt\n|faint|p1a: Ricardo\n|\n|-damage|p2a: \u00d1ami|83\/100 tox|[from] psn\n|upkeep\n|inactive|WSoldat has 270 seconds left.\n|\n|t:|1699829052\n|switch|p1a: Corvos|Corviknight, M|66\/100\n|-ability|p1a: Corvos|Pressure\n|turn|9\n|\n|t:|1699829061\n|switch|p2a: ManoloPajitas|Forretress, M|52\/100\n|move|p1a: Corvos|Roost|p1a: Corvos\n|-heal|p1a: Corvos|100\/100\n|-singleturn|p1a: Corvos|move: Roost\n|\n|upkeep\n|turn|10\n|\n|t:|1699829073\n|move|p1a: Corvos|Body Press|p2a: ManoloPajitas\n|-damage|p2a: ManoloPajitas|39\/100\n|-damage|p1a: Corvos|84\/100|[from] item: Rocky Helmet|[of] p2a: ManoloPajitas\n|move|p2a: ManoloPajitas|Volt Switch|p1a: Corvos\n|-supereffective|p1a: Corvos\n|-damage|p1a: Corvos|62\/100\n|\n|t:|1699829078\n|switch|p2a: Galvantula|Galvantula, F|100\/100|[from] Volt Switch\n|\n|upkeep\n|turn|11\n|c| Sylveon(404)|NO\n|c| Sylveon(404)|DER\n|c| Sylveon(404)|ESA HUEVA ES SCARF\n|inactive|WSoldat has 270 seconds left.\n|\n|t:|1699829099\n|switch|p1a: Tamo'Elecricos|Xurkitree|100\/100\n|move|p2a: Galvantula|Volt Switch|p1a: Tamo'Elecricos\n|-resisted|p1a: Tamo'Elecricos\n|-damage|p1a: Tamo'Elecricos|78\/100\n|\n|t:|1699829106\n|switch|p2a: Manzaneta|Dipplin, F, shiny|100\/100|[from] Volt Switch\n|\n|upkeep\n|turn|12\n|\n|t:|1699829119\n|-zpower|p1a: Tamo'Elecricos\n|move|p1a: Tamo'Elecricos|Z-Hypnosis|p2a: Manzaneta|[anim]Hypnosis\n|-boost|p1a: Tamo'Elecricos|spe|1|[zeffect]\n|-status|p2a: Manzaneta|slp|[from] move: Hypnosis\n|cant|p2a: Manzaneta|slp\n|\n|upkeep\n|turn|13\n|\n|t:|1699829140\n|move|p1a: Tamo'Elecricos|Tail Glow|p1a: Tamo'Elecricos\n|-boost|p1a: Tamo'Elecricos|spa|3\n|cant|p2a: Manzaneta|slp\n|\n|upkeep\n|turn|14\n|c|\u2606lolowtf09|cague\n|\n|t:|1699829150\n|move|p1a: Tamo'Elecricos|Hidden Power|p2a: Manzaneta\n|-supereffective|p2a: Manzaneta\n|-damage|p2a: Manzaneta|0 fnt\n|faint|p2a: Manzaneta\n|-ability|p1a: Tamo'Elecricos|Beast Boost|boost\n|-boost|p1a: Tamo'Elecricos|spa|1\n|\n|upkeep\n|\n|t:|1699829157\n|switch|p2a: Galvantula|Galvantula, F|100\/100\n|turn|15\n|\n|t:|1699829175\n|move|p2a: Galvantula|Thunder|p1a: Tamo'Elecricos\n|-resisted|p1a: Tamo'Elecricos\n|-damage|p1a: Tamo'Elecricos|46\/100\n|move|p1a: Tamo'Elecricos|Hidden Power|p2a: Galvantula\n|-damage|p2a: Galvantula|0 fnt\n|faint|p2a: Galvantula\n|-ability|p1a: Tamo'Elecricos|Beast Boost|boost\n|-boost|p1a: Tamo'Elecricos|spa|1\n|\n|upkeep\n|\n|t:|1699829196\n|switch|p2a: Rasca|Rabsca, F|100\/100\n|turn|16\n|\n|t:|1699829209\n|move|p1a: Tamo'Elecricos|Hypnosis|p2a: Rasca\n|-status|p2a: Rasca|slp|[from] move: Hypnosis\n|cant|p2a: Rasca|slp\n|\n|upkeep\n|turn|17\n|\n|t:|1699829216\n|move|p1a: Tamo'Elecricos|Thunderbolt|p2a: Rasca\n|-enditem|p2a: Rasca|Focus Sash\n|-damage|p2a: Rasca|1\/100 slp\n|cant|p2a: Rasca|slp\n|\n|upkeep\n|turn|18\n|\n|t:|1699829224\n|move|p1a: Tamo'Elecricos|Thunderbolt|p2a: Rasca\n|-damage|p2a: Rasca|0 fnt\n|faint|p2a: Rasca\n|-ability|p1a: Tamo'Elecricos|Beast Boost|boost\n|-boost|p1a: Tamo'Elecricos|spa|1\n|\n|upkeep\n|\n|t:|1699829227\n|switch|p2a: \u00d1ami|Pinsir-Mega, F|83\/100 tox\n|turn|19\n|\n|t:|1699829232\n|move|p2a: \u00d1ami|Quick Attack|p1a: Tamo'Elecricos\n|-resisted|p1a: Tamo'Elecricos\n|-damage|p1a: Tamo'Elecricos|23\/100\n|move|p1a: Tamo'Elecricos|Thunderbolt|p2a: \u00d1ami\n|-supereffective|p2a: \u00d1ami\n|-damage|p2a: \u00d1ami|0 fnt\n|faint|p2a: \u00d1ami\n|\n|upkeep\n|c|\u2606lolowtf09|gg\n|\n|t:|1699829239\n|switch|p2a: CHUPA BULBAS|Heracross, M|100\/100\n|turn|20\n|c| Sylveon(404)|ggs\n|\n|t:|1699829247\n|move|p1a: Tamo'Elecricos|Thunderbolt|p2a: CHUPA BULBAS\n|-damage|p2a: CHUPA BULBAS|0 fnt\n|faint|p2a: CHUPA BULBAS\n|\n|upkeep\n|\n|t:|1699829250\n|switch|p2a: ManoloPajitas|Forretress, M|39\/100\n|turn|21\n|\n|t:|1699829256\n|move|p1a: Tamo'Elecricos|Thunderbolt|p2a: ManoloPajitas\n|-crit|p2a: ManoloPajitas\n|-damage|p2a: ManoloPajitas|0 fnt\n|faint|p2a: ManoloPajitas\n|\n|win|WSoldat\n|l| Sylveon(404)\n|c|\u2606WSoldat|Encima critico\n","uploadtime":1699829270,"views":11,"p1id":"wsoldat","p2id":"lolowtf09","formatid":"gen9nationaldex","rating":0,"private":0,"password":""}