{"id":"gen9nationaldex-1993440952","p1":"kijowdlapolski","p2":"Jelegos","format":"[Gen 9] National Dex","log":"|j|\u2606kijowdlapolski\n|j|\u2606Jelegos\n|t:|1700318270\n|gametype|singles\n|player|p1|kijowdlapolski|170|\n|player|p2|Jelegos|sage|\n|teamsize|p1|6\n|teamsize|p2|6\n|gen|9\n|tier|[Gen 9] National Dex\n|rule|HP Percentage Mod: HP is shown in percentages\n|rule|Endless Battle Clause: Forcing endless battles is banned\n|rule|OHKO Clause: OHKO moves are banned\n|rule|Evasion Clause: Evasion abilities, items, and moves are banned\n|rule|Evasion Abilities Clause: Evasion abilities are banned\n|rule|Evasion Items Clause: Evasion items are banned\n|rule|Evasion Moves Clause: Evasion moves are banned\n|rule|Species Clause: Limit one of each Pok\u00e9mon\n|rule|Sleep Clause Mod: Limit one foe put to sleep\n|clearpoke\n|poke|p1|Regidrago|\n|poke|p1|Cryogonal|\n|poke|p1|Salazzle, F|\n|poke|p1|Spidops, M|\n|poke|p1|Audino, F|\n|poke|p1|Meloetta|\n|poke|p2|Scream Tail|\n|poke|p2|Staraptor, M|\n|poke|p2|Zoroark, M|\n|poke|p2|Salazzle, F|\n|poke|p2|Rotom-Frost|\n|poke|p2|Probopass, M|\n|teampreview\n|\n|t:|1700318314\n|start\n|switch|p1a: Spidops|Spidops, M|100\/100\n|switch|p2a: Staraptor|Staraptor, M|100\/100\n|turn|1\n|l|\u2606kijowdlapolski\n|player|p1|\n|j|\u2606kijowdlapolski\n|player|p1|kijowdlapolski|170\n|\n|t:|1700318344\n|move|p1a: Spidops|Silk Trap|p1a: Spidops\n|-singleturn|p1a: Spidops|Protect\n|move|p2a: Staraptor|Dark Pulse|p1a: Spidops\n|-activate|p1a: Spidops|move: Protect\n|\n|upkeep\n|turn|2\n|\n|t:|1700318354\n|move|p2a: Staraptor|Hex|p1a: Spidops\n|-damage|p1a: Spidops|74\/100\n|move|p1a: Spidops|Sticky Web|p2a: Staraptor\n|-sidestart|p2: Jelegos|move: Sticky Web\n|\n|-heal|p1a: Spidops|80\/100|[from] item: Leftovers\n|upkeep\n|turn|3\n|\n|t:|1700318362\n|move|p1a: Spidops|Sucker Punch|p2a: Staraptor\n|-resisted|p2a: Staraptor\n|-damage|p2a: Staraptor|78\/100\n|replace|p2a: Zoroark|Zoroark, M\n|-end|p2a: Zoroark|Illusion\n|move|p2a: Zoroark|Dark Pulse|p1a: Spidops\n|-damage|p1a: Spidops|28\/100\n|\n|-heal|p1a: Spidops|34\/100|[from] item: Leftovers\n|upkeep\n|turn|4\n|\n|t:|1700318374\n|move|p1a: Spidops|Silk Trap|p1a: Spidops\n|-singleturn|p1a: Spidops|Protect\n|move|p2a: Zoroark|Dark Pulse|p1a: Spidops\n|-activate|p1a: Spidops|move: Protect\n|\n|-heal|p1a: Spidops|40\/100|[from] item: Leftovers\n|upkeep\n|turn|5\n|\n|t:|1700318393\n|switch|p1a: Audino|Audino, F|100\/100\n|move|p2a: Zoroark|Sucker Punch||[still]\n|-fail|p2a: Zoroark\n|\n|upkeep\n|turn|6\n|\n|t:|1700318403\n|detailschange|p1a: Audino|Audino-Mega, F\n|-mega|p1a: Audino|Audino|Audinite\n|move|p2a: Zoroark|Sludge Bomb|p1a: Audino\n|-supereffective|p1a: Audino\n|-damage|p1a: Audino|55\/100\n|move|p1a: Audino|Power-Up Punch|p2a: Zoroark\n|-supereffective|p2a: Zoroark\n|-damage|p2a: Zoroark|39\/100\n|-boost|p1a: Audino|atk|1\n|\n|upkeep\n|turn|7\n|l|\u2606kijowdlapolski\n|player|p1|\n|c|\u2606Jelegos|Cos sie stalo?\n|j|\u2606kijowdlapolski\n|player|p1|kijowdlapolski|170\n|\n|t:|1700318504\n|switch|p2a: Probopass|Probopass, M|100\/100\n|-activate|p2a: Probopass|move: Sticky Web\n|-unboost|p2a: Probopass|spe|1\n|move|p1a: Audino|Last Resort|p2a: Probopass\n|-resisted|p2a: Probopass\n|-damage|p2a: Probopass|86\/100\n|-damage|p1a: Audino|39\/100|[from] item: Rocky Helmet|[of] p2a: Probopass\n|\n|upkeep\n|turn|8\n|c|\u2606kijowdlapolski|Sorry w lesie jetsem obecnie musia\u0142em zmieni\u0107 neta\n|c|\u2606kijowdlapolski|Na ten busa\n|\n|t:|1700318558\n|switch|p1a: Meloetta|Meloetta|100\/100\n|move|p2a: Probopass|Flash Cannon|p1a: Meloetta\n|-damage|p1a: Meloetta|84\/100\n|\n|upkeep\n|turn|9\n|\n|t:|1700318567\n|move|p1a: Meloetta|Energy Ball|p2a: Probopass\n|-damage|p2a: Probopass|59\/100\n|move|p2a: Probopass|Earthquake|p1a: Meloetta\n|-damage|p1a: Meloetta|70\/100\n|\n|upkeep\n|turn|10\n|\n|t:|1700318578\n|move|p1a: Meloetta|Energy Ball|p2a: Probopass\n|-damage|p2a: Probopass|34\/100\n|move|p2a: Probopass|Power Gem|p1a: Meloetta\n|-damage|p1a: Meloetta|52\/100\n|\n|upkeep\n|turn|11\n|\n|t:|1700318594\n|switch|p2a: Salazzle|Salazzle, F|100\/100\n|-activate|p2a: Salazzle|move: Sticky Web\n|-unboost|p2a: Salazzle|spe|1\n|move|p1a: Meloetta|Energy Ball|p2a: Salazzle\n|-resisted|p2a: Salazzle\n|-damage|p2a: Salazzle|85\/100\n|-unboost|p2a: Salazzle|spd|1\n|\n|upkeep\n|turn|12\n|\n|t:|1700318609\n|move|p1a: Meloetta|Psychic|p2a: Salazzle\n|-supereffective|p2a: Salazzle\n|-damage|p2a: Salazzle|0 fnt\n|faint|p2a: Salazzle\n|\n|upkeep\n|\n|t:|1700318628\n|switch|p2a: Staraptor|Staraptor, M|100\/100\n|-ability|p2a: Staraptor|Intimidate|boost\n|-unboost|p1a: Meloetta|atk|1\n|turn|13\n|\n|t:|1700318638\n|move|p2a: Staraptor|Brave Bird|p1a: Meloetta\n|-damage|p1a: Meloetta|0 fnt\n|faint|p1a: Meloetta\n|-damage|p2a: Staraptor|82\/100|[from] Recoil\n|\n|-heal|p2a: Staraptor|88\/100|[from] item: Leftovers\n|upkeep\n|\n|t:|1700318657\n|switch|p1a: Spidops|Spidops, M|40\/100\n|turn|14\n|\n|t:|1700318660\n|move|p1a: Spidops|Silk Trap|p1a: Spidops\n|-singleturn|p1a: Spidops|Protect\n|move|p2a: Staraptor|Brave Bird|p1a: Spidops\n|-activate|p1a: Spidops|move: Protect\n|-unboost|p2a: Staraptor|spe|1\n|\n|-heal|p2a: Staraptor|94\/100|[from] item: Leftovers\n|-heal|p1a: Spidops|46\/100|[from] item: Leftovers\n|upkeep\n|turn|15\n|\n|t:|1700318674\n|move|p1a: Spidops|Sucker Punch|p2a: Staraptor\n|-damage|p2a: Staraptor|65\/100\n|move|p2a: Staraptor|Steel Wing|p1a: Spidops\n|-damage|p1a: Spidops|15\/100\n|\n|-heal|p2a: Staraptor|71\/100|[from] item: Leftovers\n|-heal|p1a: Spidops|21\/100|[from] item: Leftovers\n|upkeep\n|turn|16\n|\n|t:|1700318688\n|move|p1a: Spidops|Silk Trap|p1a: Spidops\n|-singleturn|p1a: Spidops|Protect\n|move|p2a: Staraptor|Double-Edge|p1a: Spidops\n|-activate|p1a: Spidops|move: Protect\n|-unboost|p2a: Staraptor|spe|1\n|\n|-heal|p2a: Staraptor|77\/100|[from] item: Leftovers\n|-heal|p1a: Spidops|27\/100|[from] item: Leftovers\n|upkeep\n|turn|17\n|\n|t:|1700318711\n|move|p1a: Spidops|Sucker Punch|p2a: Staraptor\n|-damage|p2a: Staraptor|50\/100\n|move|p2a: Staraptor|Acrobatics|p1a: Spidops\n|-supereffective|p1a: Spidops\n|-damage|p1a: Spidops|0 fnt\n|faint|p1a: Spidops\n|\n|-heal|p2a: Staraptor|56\/100|[from] item: Leftovers\n|upkeep\n|\n|t:|1700318724\n|switch|p1a: Cryogonal|Cryogonal|100\/100\n|turn|18\n|\n|t:|1700318735\n|switch|p2a: Rotom|Rotom-Frost|100\/100\n|move|p1a: Cryogonal|Frost Breath|p2a: Rotom\n|-resisted|p2a: Rotom\n|-crit|p2a: Rotom\n|-damage|p2a: Rotom|81\/100\n|\n|upkeep\n|turn|19\n|\n|t:|1700318746\n|move|p1a: Cryogonal|Flash Cannon|p2a: Rotom\n|-damage|p2a: Rotom|58\/100\n|move|p2a: Rotom|Shadow Ball|p1a: Cryogonal\n|-damage|p1a: Cryogonal|79\/100\n|\n|upkeep\n|turn|20\n|\n|t:|1700318758\n|move|p1a: Cryogonal|Flash Cannon|p2a: Rotom\n|-damage|p2a: Rotom|37\/100\n|move|p2a: Rotom|Blizzard|p1a: Cryogonal\n|-resisted|p1a: Cryogonal\n|-damage|p1a: Cryogonal|57\/100\n|\n|upkeep\n|turn|21\n|\n|t:|1700318768\n|switch|p2a: Scream Tail|Scream Tail|100\/100\n|-activate|p2a: Scream Tail|move: Sticky Web\n|-unboost|p2a: Scream Tail|spe|1\n|move|p1a: Cryogonal|Flash Cannon|p2a: Scream Tail\n|-supereffective|p2a: Scream Tail\n|-damage|p2a: Scream Tail|63\/100\n|\n|upkeep\n|turn|22\n|\n|t:|1700318778\n|move|p1a: Cryogonal|Flash Cannon|p2a: Scream Tail\n|-supereffective|p2a: Scream Tail\n|-damage|p2a: Scream Tail|29\/100\n|move|p2a: Scream Tail|Dazzling Gleam|p1a: Cryogonal\n|-damage|p1a: Cryogonal|37\/100\n|\n|upkeep\n|turn|23\n|\n|t:|1700318789\n|-end|p2a: Scream Tail|Protosynthesis|[silent]\n|switch|p2a: Rotom|Rotom-Frost|39\/100\n|move|p1a: Cryogonal|Flash Cannon|p2a: Rotom\n|-damage|p2a: Rotom|0 fnt\n|replace|p2a: Zoroark|Zoroark, M\n|-end|p2a: Zoroark|Illusion\n|faint|p2a: Zoroark\n|\n|upkeep\n|\n|t:|1700318800\n|switch|p2a: Staraptor|Staraptor, M|56\/100\n|-ability|p2a: Staraptor|Intimidate|boost\n|-unboost|p1a: Cryogonal|atk|1\n|turn|24\n|\n|t:|1700318819\n|switch|p1a: Salazzle|Salazzle, F|100\/100\n|move|p2a: Staraptor|Double-Edge|p1a: Salazzle\n|-enditem|p1a: Salazzle|Focus Sash\n|-damage|p1a: Salazzle|1\/100\n|-damage|p2a: Staraptor|27\/100|[from] Recoil\n|\n|-heal|p2a: Staraptor|33\/100|[from] item: Leftovers\n|upkeep\n|turn|25\n|\n|t:|1700318850\n|move|p1a: Salazzle|Fake Out|p2a: Staraptor\n|-damage|p2a: Staraptor|25\/100\n|cant|p2a: Staraptor|flinch\n|\n|-heal|p2a: Staraptor|31\/100|[from] item: Leftovers\n|upkeep\n|turn|26\n|\n|t:|1700318861\n|move|p1a: Salazzle|Sludge Bomb|p2a: Staraptor\n|-damage|p2a: Staraptor|0 fnt\n|faint|p2a: Staraptor\n|\n|upkeep\n|\n|t:|1700318873\n|switch|p2a: Scream Tail|Scream Tail|29\/100\n|-activate|p2a: Scream Tail|move: Sticky Web\n|-unboost|p2a: Scream Tail|spe|1\n|turn|27\n|\n|t:|1700318890\n|move|p1a: Salazzle|Sludge Bomb|p2a: Scream Tail\n|-supereffective|p2a: Scream Tail\n|-damage|p2a: Scream Tail|0 fnt\n|faint|p2a: Scream Tail\n|-end|p2a: Scream Tail|Protosynthesis|[silent]\n|\n|upkeep\n|\n|t:|1700318895\n|switch|p2a: Probopass|Probopass, M|34\/100\n|-activate|p2a: Probopass|move: Sticky Web\n|-unboost|p2a: Probopass|spe|1\n|turn|28\n|\n|t:|1700318904\n|move|p1a: Salazzle|Hidden Power|p2a: Probopass\n|-damage|p2a: Probopass|16\/100\n|move|p2a: Probopass|Power Gem|p1a: Salazzle\n|-supereffective|p1a: Salazzle\n|-damage|p1a: Salazzle|0 fnt\n|faint|p1a: Salazzle\n|\n|upkeep\n|\n|t:|1700318909\n|switch|p1a: Cryogonal|Cryogonal|37\/100\n|turn|29\n|\n|t:|1700318916\n|move|p1a: Cryogonal|Flash Cannon|p2a: Probopass\n|-damage|p2a: Probopass|0 fnt\n|faint|p2a: Probopass\n|\n|upkeep\n|\n|t:|1700318921\n|switch|p2a: Rotom|Rotom-Frost|37\/100\n|turn|30\n|c|\u2606kijowdlapolski|Wy\u015blesz replay ?\n|\n|t:|1700318928\n|move|p1a: Cryogonal|Flash Cannon|p2a: Rotom\n|-damage|p2a: Rotom|16\/100\n|move|p2a: Rotom|Shadow Ball|p1a: Cryogonal\n|-damage|p1a: Cryogonal|14\/100\n|\n|upkeep\n|turn|31\n|\n|t:|1700318937\n|move|p1a: Cryogonal|Flash Cannon|p2a: Rotom\n|-damage|p2a: Rotom|0 fnt\n|faint|p2a: Rotom\n|\n|win|kijowdlapolski\n|j| RazberDlaPolski\n","uploadtime":1700318945,"views":19,"p1id":"kijowdlapolski","p2id":"jelegos","formatid":"gen9nationaldex","rating":0,"private":0,"password":""}