{"id":"gen9nationaldex-1999519680","p1":"josefjosda","p2":"jjj88","format":"[Gen 9] National Dex","log":"|html|<div class=\"broadcast-blue\"><strong>[Gen 9] National Dex is currently suspecting Sneasler! For information on how to participate check out the <a href=\"https:\/\/www.smogon.com\/forums\/threads\/sv-national-dex-suspect-8-just-dance.3731534\/\">suspect thread<\/a>.<\/strong><\/div>\n|j|\u2606josefjosda\n|j|\u2606jjj88\n|t:|1701091867\n|gametype|singles\n|player|p1|josefjosda|red|1243\n|player|p2|jjj88|fisherman|1154\n|teamsize|p1|6\n|teamsize|p2|6\n|gen|9\n|tier|[Gen 9] National Dex\n|rated|\n|rule|HP Percentage Mod: HP is shown in percentages\n|rule|Endless Battle Clause: Forcing endless battles is banned\n|rule|OHKO Clause: OHKO moves are banned\n|rule|Evasion Clause: Evasion abilities, items, and moves are banned\n|rule|Evasion Abilities Clause: Evasion abilities are banned\n|rule|Evasion Items Clause: Evasion items are banned\n|rule|Evasion Moves Clause: Evasion moves are banned\n|rule|Species Clause: Limit one of each Pok\u00e9mon\n|rule|Sleep Clause Mod: Limit one foe put to sleep\n|clearpoke\n|poke|p1|Eevee, F|\n|poke|p1|Flareon, M|\n|poke|p1|Espeon, F|\n|poke|p1|Umbreon, M|\n|poke|p1|Leafeon, F|\n|poke|p1|Vaporeon, M|\n|poke|p2|Druddigon, F|\n|poke|p2|Falinks|\n|poke|p2|Muk, F|\n|poke|p2|Rampardos, F|\n|poke|p2|Klinklang|\n|poke|p2|Corsola-Galar, F|\n|teampreview\n|inactive|Battle timer is ON: inactive players will automatically lose when time's up. (requested by jjj88)\n|\n|t:|1701091878\n|start\n|switch|p1a: Eevee|Eevee, F, shiny|100\/100\n|switch|p2a: \u5ca9\u77f3\u4f0a\u5e03|Rampardos, F|100\/100\n|turn|1\n|\n|t:|1701091884\n|move|p2a: \u5ca9\u77f3\u4f0a\u5e03|Head Smash|p1a: Eevee|[miss]\n|-miss|p2a: \u5ca9\u77f3\u4f0a\u5e03|p1a: Eevee\n|move|p1a: Eevee|Yawn|p2a: \u5ca9\u77f3\u4f0a\u5e03\n|-start|p2a: \u5ca9\u77f3\u4f0a\u5e03|move: Yawn|[of] p1a: Eevee\n|\n|upkeep\n|turn|2\n|\n|t:|1701091895\n|switch|p2a: \u5e7d\u7075\u4f0a\u5e03|Corsola-Galar, F|100\/100\n|-zpower|p1a: Eevee\n|move|p1a: Eevee|Extreme Evoboost|p1a: Eevee\n|-boost|p1a: Eevee|atk|2\n|-boost|p1a: Eevee|def|2\n|-boost|p1a: Eevee|spa|2\n|-boost|p1a: Eevee|spd|2\n|-boost|p1a: Eevee|spe|2\n|\n|upkeep\n|turn|3\n|\n|t:|1701091907\n|move|p1a: Eevee|Bite|p2a: \u5e7d\u7075\u4f0a\u5e03\n|-supereffective|p2a: \u5e7d\u7075\u4f0a\u5e03\n|-crit|p2a: \u5e7d\u7075\u4f0a\u5e03\n|-damage|p2a: \u5e7d\u7075\u4f0a\u5e03|65\/100\n|cant|p2a: \u5e7d\u7075\u4f0a\u5e03|flinch\n|\n|upkeep\n|turn|4\n|\n|t:|1701091913\n|move|p1a: Eevee|Bite|p2a: \u5e7d\u7075\u4f0a\u5e03\n|-supereffective|p2a: \u5e7d\u7075\u4f0a\u5e03\n|-damage|p2a: \u5e7d\u7075\u4f0a\u5e03|36\/100\n|move|p2a: \u5e7d\u7075\u4f0a\u5e03|Haze|p2a: \u5e7d\u7075\u4f0a\u5e03\n|-clearallboost\n|\n|upkeep\n|turn|5\n|\n|t:|1701091920\n|switch|p2a: \u683c\u6597\u4f0a\u5e03|Falinks|100\/100\n|move|p1a: Eevee|Bite|p2a: \u683c\u6597\u4f0a\u5e03\n|-resisted|p2a: \u683c\u6597\u4f0a\u5e03\n|-damage|p2a: \u683c\u6597\u4f0a\u5e03|93\/100\n|\n|upkeep\n|turn|6\n|\n|t:|1701091925\n|move|p1a: Eevee|Protect|p1a: Eevee\n|-singleturn|p1a: Eevee|Protect\n|move|p2a: \u683c\u6597\u4f0a\u5e03|No Retreat|p2a: \u683c\u6597\u4f0a\u5e03\n|-boost|p2a: \u683c\u6597\u4f0a\u5e03|atk|1\n|-boost|p2a: \u683c\u6597\u4f0a\u5e03|def|1\n|-boost|p2a: \u683c\u6597\u4f0a\u5e03|spa|1\n|-boost|p2a: \u683c\u6597\u4f0a\u5e03|spd|1\n|-boost|p2a: \u683c\u6597\u4f0a\u5e03|spe|1\n|-start|p2a: \u683c\u6597\u4f0a\u5e03|move: No Retreat\n|\n|upkeep\n|turn|7\n|\n|t:|1701091932\n|move|p2a: \u683c\u6597\u4f0a\u5e03|Close Combat|p1a: Eevee\n|-supereffective|p1a: Eevee\n|-damage|p1a: Eevee|0 fnt\n|-unboost|p2a: \u683c\u6597\u4f0a\u5e03|def|1\n|-unboost|p2a: \u683c\u6597\u4f0a\u5e03|spd|1\n|faint|p1a: Eevee\n|\n|upkeep\n|\n|t:|1701091956\n|switch|p1a: Umbreon|Umbreon, M, shiny|100\/100\n|turn|8\n|\n|t:|1701091964\n|-terastallize|p1a: Umbreon|Poison\n|move|p2a: \u683c\u6597\u4f0a\u5e03|Close Combat|p1a: Umbreon\n|-resisted|p1a: Umbreon\n|-damage|p1a: Umbreon|76\/100\n|-unboost|p2a: \u683c\u6597\u4f0a\u5e03|def|1\n|-unboost|p2a: \u683c\u6597\u4f0a\u5e03|spd|1\n|move|p1a: Umbreon|Toxic|p2a: \u683c\u6597\u4f0a\u5e03\n|-status|p2a: \u683c\u6597\u4f0a\u5e03|tox\n|\n|-heal|p1a: Umbreon|82\/100|[from] item: Leftovers\n|-damage|p2a: \u683c\u6597\u4f0a\u5e03|87\/100 tox|[from] psn\n|upkeep\n|turn|9\n|\n|t:|1701091976\n|move|p2a: \u683c\u6597\u4f0a\u5e03|High Horsepower|p1a: Umbreon\n|-supereffective|p1a: Umbreon\n|-damage|p1a: Umbreon|28\/100\n|move|p1a: Umbreon|Foul Play|p2a: \u683c\u6597\u4f0a\u5e03\n|-resisted|p2a: \u683c\u6597\u4f0a\u5e03\n|-damage|p2a: \u683c\u6597\u4f0a\u5e03|33\/100 tox\n|-enditem|p2a: \u683c\u6597\u4f0a\u5e03|Sitrus Berry|[eat]\n|-heal|p2a: \u683c\u6597\u4f0a\u5e03|58\/100 tox|[from] item: Sitrus Berry\n|\n|-heal|p1a: Umbreon|35\/100|[from] item: Leftovers\n|-damage|p2a: \u683c\u6597\u4f0a\u5e03|46\/100 tox|[from] psn\n|upkeep\n|turn|10\n|\n|t:|1701091990\n|move|p1a: Umbreon|Sucker Punch|p2a: \u683c\u6597\u4f0a\u5e03\n|-resisted|p2a: \u683c\u6597\u4f0a\u5e03\n|-damage|p2a: \u683c\u6597\u4f0a\u5e03|29\/100 tox\n|move|p2a: \u683c\u6597\u4f0a\u5e03|High Horsepower|p1a: Umbreon\n|-supereffective|p1a: Umbreon\n|-crit|p1a: Umbreon\n|-damage|p1a: Umbreon|0 fnt\n|faint|p1a: Umbreon\n|\n|-damage|p2a: \u683c\u6597\u4f0a\u5e03|12\/100 tox|[from] psn\n|upkeep\n|\n|t:|1701092001\n|switch|p1a: Vaporeon|Vaporeon, M|100\/100\n|turn|11\n|\n|t:|1701092010\n|move|p1a: Vaporeon|Protect|p1a: Vaporeon\n|-singleturn|p1a: Vaporeon|Protect\n|move|p2a: \u683c\u6597\u4f0a\u5e03|Close Combat|p1a: Vaporeon\n|-activate|p1a: Vaporeon|move: Protect\n|\n|-damage|p2a: \u683c\u6597\u4f0a\u5e03|0 fnt|[from] psn\n|faint|p2a: \u683c\u6597\u4f0a\u5e03\n|upkeep\n|\n|t:|1701092019\n|switch|p2a: \u6bd2\u4f0a\u5e03|Muk, F, shiny|100\/100\n|turn|12\n|\n|t:|1701092025\n|move|p1a: Vaporeon|Substitute|p1a: Vaporeon\n|-start|p1a: Vaporeon|Substitute\n|-damage|p1a: Vaporeon|76\/100\n|move|p2a: \u6bd2\u4f0a\u5e03|Knock Off|p1a: Vaporeon\n|-activate|p1a: Vaporeon|move: Substitute|[damage]\n|\n|-heal|p1a: Vaporeon|82\/100|[from] item: Leftovers\n|upkeep\n|turn|13\n|\n|t:|1701092040\n|move|p1a: Vaporeon|Scald|p2a: \u6bd2\u4f0a\u5e03\n|-damage|p2a: \u6bd2\u4f0a\u5e03|85\/100\n|-status|p2a: \u6bd2\u4f0a\u5e03|brn\n|move|p2a: \u6bd2\u4f0a\u5e03|Knock Off|p1a: Vaporeon\n|-activate|p1a: Vaporeon|move: Substitute|[damage]\n|\n|-heal|p1a: Vaporeon|88\/100|[from] item: Leftovers\n|-damage|p2a: \u6bd2\u4f0a\u5e03|79\/100 brn|[from] brn\n|upkeep\n|turn|14\n|\n|t:|1701092049\n|move|p1a: Vaporeon|Scald|p2a: \u6bd2\u4f0a\u5e03\n|-damage|p2a: \u6bd2\u4f0a\u5e03|63\/100 brn\n|move|p2a: \u6bd2\u4f0a\u5e03|Poison Jab|p1a: Vaporeon\n|-end|p1a: Vaporeon|Substitute\n|\n|-heal|p1a: Vaporeon|94\/100|[from] item: Leftovers\n|-damage|p2a: \u6bd2\u4f0a\u5e03|57\/100 brn|[from] brn\n|upkeep\n|turn|15\n|\n|t:|1701092058\n|switch|p2a: \u94a2\u4f0a\u5e03|Klinklang|100\/100\n|move|p1a: Vaporeon|Substitute|p1a: Vaporeon\n|-start|p1a: Vaporeon|Substitute\n|-damage|p1a: Vaporeon|69\/100\n|\n|-heal|p1a: Vaporeon|75\/100|[from] item: Leftovers\n|upkeep\n|turn|16\n|\n|t:|1701092065\n|move|p2a: \u94a2\u4f0a\u5e03|Shift Gear|p2a: \u94a2\u4f0a\u5e03\n|-boost|p2a: \u94a2\u4f0a\u5e03|spe|2\n|-boost|p2a: \u94a2\u4f0a\u5e03|atk|1\n|move|p1a: Vaporeon|Scald|p2a: \u94a2\u4f0a\u5e03\n|-damage|p2a: \u94a2\u4f0a\u5e03|61\/100\n|-status|p2a: \u94a2\u4f0a\u5e03|brn\n|\n|-heal|p1a: Vaporeon|81\/100|[from] item: Leftovers\n|-damage|p2a: \u94a2\u4f0a\u5e03|54\/100 brn|[from] brn\n|upkeep\n|turn|17\n|\n|t:|1701092079\n|move|p2a: \u94a2\u4f0a\u5e03|Wild Charge|p1a: Vaporeon\n|-supereffective|p1a: Vaporeon\n|-end|p1a: Vaporeon|Substitute\n|-damage|p2a: \u94a2\u4f0a\u5e03|44\/100 brn|[from] Recoil|[of] p1a: Vaporeon\n|move|p1a: Vaporeon|Scald|p2a: \u94a2\u4f0a\u5e03\n|-damage|p2a: \u94a2\u4f0a\u5e03|2\/100 brn\n|-enditem|p2a: \u94a2\u4f0a\u5e03|Starf Berry|[eat]\n|-boost|p2a: \u94a2\u4f0a\u5e03|spe|2|[from] item: Starf Berry\n|\n|-heal|p1a: Vaporeon|87\/100|[from] item: Leftovers\n|-damage|p2a: \u94a2\u4f0a\u5e03|0 fnt|[from] brn\n|faint|p2a: \u94a2\u4f0a\u5e03\n|upkeep\n|\n|t:|1701092093\n|switch|p2a: \u5ca9\u77f3\u4f0a\u5e03|Rampardos, F|100\/100\n|turn|18\n|\n|t:|1701092098\n|-terastallize|p2a: \u5ca9\u77f3\u4f0a\u5e03|Rock\n|move|p2a: \u5ca9\u77f3\u4f0a\u5e03|Head Smash|p1a: Vaporeon\n|-damage|p1a: Vaporeon|0 fnt\n|faint|p1a: Vaporeon\n|-damage|p2a: \u5ca9\u77f3\u4f0a\u5e03|41\/100|[from] Recoil\n|\n|upkeep\n|\n|t:|1701092115\n|switch|p1a: Espeon|Espeon, F|100\/100\n|turn|19\n|\n|t:|1701092122\n|move|p2a: \u5ca9\u77f3\u4f0a\u5e03|Head Smash|p1a: Espeon\n|-damage|p1a: Espeon|0 fnt\n|faint|p1a: Espeon\n|-damage|p2a: \u5ca9\u77f3\u4f0a\u5e03|0 fnt|[from] Recoil\n|faint|p2a: \u5ca9\u77f3\u4f0a\u5e03\n|\n|upkeep\n|\n|t:|1701092138\n|switch|p1a: Leafeon|Leafeon, F|100\/100\n|switch|p2a: \u9f99\u4f0a\u5e03|Druddigon, F|100\/100\n|turn|20\n|\n|t:|1701092144\n|move|p1a: Leafeon|Sunny Day|p1a: Leafeon\n|-weather|SunnyDay\n|move|p2a: \u9f99\u4f0a\u5e03|Glare|p1a: Leafeon\n|-status|p1a: Leafeon|par\n|\n|-weather|SunnyDay|[upkeep]\n|upkeep\n|turn|21\n|\n|t:|1701092152\n|move|p1a: Leafeon|X-Scissor|p2a: \u9f99\u4f0a\u5e03\n|-crit|p2a: \u9f99\u4f0a\u5e03\n|-damage|p2a: \u9f99\u4f0a\u5e03|58\/100\n|-damage|p1a: Leafeon|88\/100 par|[from] ability: Rough Skin|[of] p2a: \u9f99\u4f0a\u5e03\n|move|p2a: \u9f99\u4f0a\u5e03|Stealth Rock|p1a: Leafeon\n|-sidestart|p1: josefjosda|move: Stealth Rock\n|\n|-weather|SunnyDay|[upkeep]\n|-heal|p2a: \u9f99\u4f0a\u5e03|64\/100|[from] item: Leftovers\n|upkeep\n|turn|22\n|\n|t:|1701092160\n|move|p1a: Leafeon|X-Scissor|p2a: \u9f99\u4f0a\u5e03\n|-damage|p2a: \u9f99\u4f0a\u5e03|35\/100\n|-damage|p1a: Leafeon|75\/100 par|[from] ability: Rough Skin|[of] p2a: \u9f99\u4f0a\u5e03\n|move|p2a: \u9f99\u4f0a\u5e03|Iron Head|p1a: Leafeon\n|-damage|p1a: Leafeon|53\/100 par\n|\n|-weather|SunnyDay|[upkeep]\n|-heal|p2a: \u9f99\u4f0a\u5e03|42\/100|[from] item: Leftovers\n|upkeep\n|turn|23\n|\n|t:|1701092168\n|cant|p1a: Leafeon|par\n|move|p2a: \u9f99\u4f0a\u5e03|Iron Head|p1a: Leafeon\n|-damage|p1a: Leafeon|30\/100 par\n|\n|-weather|SunnyDay|[upkeep]\n|-heal|p2a: \u9f99\u4f0a\u5e03|48\/100|[from] item: Leftovers\n|upkeep\n|turn|24\n|\n|t:|1701092175\n|move|p1a: Leafeon|X-Scissor|p2a: \u9f99\u4f0a\u5e03\n|-damage|p2a: \u9f99\u4f0a\u5e03|23\/100\n|-damage|p1a: Leafeon|18\/100 par|[from] ability: Rough Skin|[of] p2a: \u9f99\u4f0a\u5e03\n|move|p2a: \u9f99\u4f0a\u5e03|Iron Head|p1a: Leafeon\n|-damage|p1a: Leafeon|0 fnt\n|faint|p1a: Leafeon\n|\n|-weather|none\n|-heal|p2a: \u9f99\u4f0a\u5e03|30\/100|[from] item: Leftovers\n|upkeep\n|\n|t:|1701092184\n|switch|p1a: Flareon|Flareon, M|100\/100\n|-damage|p1a: Flareon|76\/100|[from] Stealth Rock\n|turn|25\n|\n|t:|1701092195\n|move|p1a: Flareon|Flare Blitz|p2a: \u9f99\u4f0a\u5e03\n|-resisted|p2a: \u9f99\u4f0a\u5e03\n|-damage|p2a: \u9f99\u4f0a\u5e03|0 fnt\n|-damage|p1a: Flareon|63\/100|[from] ability: Rough Skin|[of] p2a: \u9f99\u4f0a\u5e03\n|faint|p2a: \u9f99\u4f0a\u5e03\n|-damage|p1a: Flareon|53\/100|[from] Recoil\n|\n|upkeep\n|\n|t:|1701092200\n|switch|p2a: \u6bd2\u4f0a\u5e03|Muk, F, shiny|57\/100 brn\n|turn|26\n|\n|t:|1701092205\n|move|p1a: Flareon|Flare Blitz|p2a: \u6bd2\u4f0a\u5e03\n|-damage|p2a: \u6bd2\u4f0a\u5e03|8\/100 brn\n|-damage|p1a: Flareon|33\/100|[from] Recoil\n|move|p2a: \u6bd2\u4f0a\u5e03|Knock Off|p1a: Flareon\n|-damage|p1a: Flareon|16\/100\n|-enditem|p1a: Flareon|Flame Orb|[from] move: Knock Off|[of] p2a: \u6bd2\u4f0a\u5e03\n|\n|-damage|p2a: \u6bd2\u4f0a\u5e03|2\/100 brn|[from] brn\n|upkeep\n|turn|27\n|\n|t:|1701092213\n|move|p1a: Flareon|Quick Attack|p2a: \u6bd2\u4f0a\u5e03\n|-damage|p2a: \u6bd2\u4f0a\u5e03|0 fnt\n|faint|p2a: \u6bd2\u4f0a\u5e03\n|\n|upkeep\n|\n|t:|1701092217\n|switch|p2a: \u5e7d\u7075\u4f0a\u5e03|Corsola-Galar, F|36\/100\n|turn|28\n|\n|t:|1701092221\n|move|p1a: Flareon|Flare Blitz|p2a: \u5e7d\u7075\u4f0a\u5e03\n|-damage|p2a: \u5e7d\u7075\u4f0a\u5e03|0 fnt\n|faint|p2a: \u5e7d\u7075\u4f0a\u5e03\n|-damage|p1a: Flareon|4\/100|[from] Recoil\n|\n|win|josefjosda\n|raw|josefjosda's rating: 1243 &rarr; <strong>1262<\/strong><br \/>(+19 for winning)\n|raw|jjj88's rating: 1154 &rarr; <strong>1135<\/strong><br \/>(-19 for losing)\n|c|\u2606jjj88|\u4f60\u7684\u552f\u4e00\u738b\u9ad8\u5149\u4e86\n|c|\u2606jjj88|\u5427\u8001\u5e08\u7684\u8fd8\u6ca1\u6709\n|c|\u2606josefjosda|\u9ad8\u5149\u4e86\n|l|\u2606jjj88\n|c|\u2606josefjosda|\u633a\u597d\n","uploadtime":1701092308,"views":1,"p1id":"josefjosda","p2id":"jjj88","formatid":"gen9nationaldex","rating":1135,"private":0,"password":""}