{"id":"gen9nationaldex-1994005680","p1":"ashXYZmoments","p2":"Fypnhrd","format":"[Gen 9] National Dex","log":"|j|\u2606ashXYZmoments\n|j|\u2606Fypnhrd\n|t:|1700392141\n|gametype|singles\n|player|p1|ashXYZmoments|ash|1146\n|player|p2|Fypnhrd|101|1069\n|teamsize|p1|6\n|teamsize|p2|6\n|gen|9\n|tier|[Gen 9] National Dex\n|rated|\n|rule|HP Percentage Mod: HP is shown in percentages\n|rule|Endless Battle Clause: Forcing endless battles is banned\n|rule|OHKO Clause: OHKO moves are banned\n|rule|Evasion Clause: Evasion abilities, items, and moves are banned\n|rule|Evasion Abilities Clause: Evasion abilities are banned\n|rule|Evasion Items Clause: Evasion items are banned\n|rule|Evasion Moves Clause: Evasion moves are banned\n|rule|Species Clause: Limit one of each Pok\u00e9mon\n|rule|Sleep Clause Mod: Limit one foe put to sleep\n|clearpoke\n|poke|p1|Gigalith, F|\n|poke|p1|Kommo-o, M|\n|poke|p1|Charizard, F|\n|poke|p1|Kartana|\n|poke|p1|Cinderace, M|\n|poke|p1|Urshifu-*, F|\n|poke|p2|Meganium, F|\n|poke|p2|Torkoal, F|\n|poke|p2|Samurott-Hisui, F|\n|poke|p2|Great Tusk|\n|poke|p2|Venusaur, M|\n|poke|p2|Charizard, F|\n|teampreview\n|inactive|Battle timer is ON: inactive players will automatically lose when time's up. (requested by ashXYZmoments)\n|\n|t:|1700392151\n|start\n|switch|p1a: Gigalith|Gigalith, F, shiny|100\/100\n|switch|p2a: Charizard|Charizard, F|100\/100\n|-weather|Sandstorm|[from] ability: Sand Stream|[of] p1a: Gigalith\n|turn|1\n|\n|t:|1700392156\n|detailschange|p2a: Charizard|Charizard-Mega-Y, F\n|-mega|p2a: Charizard|Charizard|Charizardite Y\n|-weather|SunnyDay|[from] ability: Drought|[of] p2a: Charizard\n|move|p2a: Charizard|Solar Beam||[still]\n|-prepare|p2a: Charizard|Solar Beam\n|-anim|p2a: Charizard|Solar Beam|p1a: Gigalith\n|-supereffective|p1a: Gigalith\n|-damage|p1a: Gigalith|0 fnt\n|faint|p1a: Gigalith\n|\n|-weather|SunnyDay|[upkeep]\n|upkeep\n|\n|t:|1700392169\n|switch|p1a: Cinderace|Cinderace, M|100\/100\n|turn|2\n|\n|t:|1700392196\n|switch|p2a: Torkoal|Torkoal, F|100\/100\n|-terastallize|p1a: Cinderace|Fire\n|move|p1a: Cinderace|Pyro Ball|p2a: Torkoal|[miss]\n|-miss|p1a: Cinderace|p2a: Torkoal\n|\n|-weather|SunnyDay|[upkeep]\n|upkeep\n|turn|3\n|\n|t:|1700392203\n|move|p1a: Cinderace|Pyro Ball|p2a: Torkoal\n|-resisted|p2a: Torkoal\n|-damage|p2a: Torkoal|48\/100\n|move|p2a: Torkoal|Yawn|p1a: Cinderace\n|-start|p1a: Cinderace|move: Yawn|[of] p2a: Torkoal\n|\n|-weather|SunnyDay|[upkeep]\n|upkeep\n|turn|4\n|\n|t:|1700392212\n|switch|p1a: Kommo-o|Kommo-o, M|100\/100\n|move|p2a: Torkoal|Stealth Rock|p1a: Kommo-o\n|-sidestart|p1: ashXYZmoments|move: Stealth Rock\n|\n|-weather|SunnyDay|[upkeep]\n|upkeep\n|turn|5\n|\n|t:|1700392217\n|-zpower|p1a: Kommo-o\n|move|p1a: Kommo-o|Clangorous Soulblaze|p2a: Torkoal|[zeffect]\n|-damage|p2a: Torkoal|0 fnt\n|faint|p2a: Torkoal\n|-boost|p1a: Kommo-o|atk|1\n|-boost|p1a: Kommo-o|def|1\n|-boost|p1a: Kommo-o|spa|1\n|-boost|p1a: Kommo-o|spd|1\n|-boost|p1a: Kommo-o|spe|1\n|\n|-weather|none\n|upkeep\n|\n|t:|1700392230\n|switch|p2a: Charizard|Charizard-Mega-Y, F|100\/100\n|-weather|SunnyDay|[from] ability: Drought|[of] p2a: Charizard\n|turn|6\n|\n|t:|1700392235\n|move|p1a: Kommo-o|Thunder Punch|p2a: Charizard\n|-supereffective|p2a: Charizard\n|-damage|p2a: Charizard|10\/100\n|move|p2a: Charizard|Hurricane|p1a: Kommo-o|[miss]\n|-miss|p2a: Charizard|p1a: Kommo-o\n|\n|-weather|SunnyDay|[upkeep]\n|upkeep\n|turn|7\n|-message|Fypnhrd forfeited.\n|\n|win|ashXYZmoments\n|raw|ashXYZmoments's rating: 1146 &rarr; <strong>1166<\/strong><br \/>(+20 for winning)\n|raw|Fypnhrd's rating: 1069 &rarr; <strong>1053<\/strong><br \/>(-16 for losing)\n|l|\u2606Fypnhrd\n","uploadtime":1700392244,"views":6,"p1id":"ashxyzmoments","p2id":"fypnhrd","formatid":"gen9nationaldex","rating":1053,"private":0,"password":""}