{"id":"gen9nationaldex-1988648073","p1":"natillo","p2":"Charis1234","format":"[Gen 9] National Dex","log":"|j|\u2606natillo\n|j|\u2606Charis1234\n|t:|1699745998\n|gametype|singles\n|player|p1|natillo|biker|1134\n|player|p2|Charis1234|scientistf|1138\n|teamsize|p1|6\n|teamsize|p2|6\n|gen|9\n|tier|[Gen 9] National Dex\n|rated|\n|rule|HP Percentage Mod: HP is shown in percentages\n|rule|Endless Battle Clause: Forcing endless battles is banned\n|rule|OHKO Clause: OHKO moves are banned\n|rule|Evasion Clause: Evasion abilities, items, and moves are banned\n|rule|Evasion Abilities Clause: Evasion abilities are banned\n|rule|Evasion Items Clause: Evasion items are banned\n|rule|Evasion Moves Clause: Evasion moves are banned\n|rule|Species Clause: Limit one of each Pok\u00e9mon\n|rule|Sleep Clause Mod: Limit one foe put to sleep\n|clearpoke\n|poke|p1|Cresselia, F|\n|poke|p1|Ogerpon-Wellspring, F|\n|poke|p1|Glimmora, F|\n|poke|p1|Empoleon, M|\n|poke|p1|Goodra-Hisui, F|\n|poke|p1|Kommo-o, M|\n|poke|p2|Serperior, F|\n|poke|p2|Cinderace, F|\n|poke|p2|Ribombee, M|\n|poke|p2|Hatterene, F|\n|poke|p2|Scizor, F|\n|poke|p2|Landorus-Therian, M|\n|teampreview\n|inactive|Battle timer is ON: inactive players will automatically lose when time's up. (requested by Charis1234)\n|\n|t:|1699746010\n|start\n|switch|p1a: Empoleon|Empoleon, M|100\/100\n|switch|p2a: Ribombee|Ribombee, M|100\/100\n|turn|1\n|\n|t:|1699746016\n|move|p2a: Ribombee|Sticky Web|p1a: Empoleon\n|-sidestart|p1: natillo|move: Sticky Web\n|move|p1a: Empoleon|Flash Cannon|p2a: Ribombee\n|-supereffective|p2a: Ribombee\n|-enditem|p2a: Ribombee|Focus Sash\n|-damage|p2a: Ribombee|1\/100\n|\n|upkeep\n|turn|2\n|\n|t:|1699746024\n|switch|p1a: Glimmora|Glimmora, F|100\/100\n|-activate|p1a: Glimmora|move: Sticky Web\n|-unboost|p1a: Glimmora|spe|1\n|move|p2a: Ribombee|Stun Spore|p1a: Glimmora|[miss]\n|-miss|p2a: Ribombee|p1a: Glimmora\n|\n|upkeep\n|turn|3\n|\n|t:|1699746031\n|move|p2a: Ribombee|Bug Buzz|p1a: Glimmora\n|-resisted|p1a: Glimmora\n|-damage|p1a: Glimmora|77\/100\n|move|p1a: Glimmora|Mortal Spin|p2a: Ribombee\n|-supereffective|p2a: Ribombee\n|-damage|p2a: Ribombee|0 fnt\n|-sideend|p1: natillo|Sticky Web|[from] move: Mortal Spin|[of] p1a: Glimmora\n|faint|p2a: Ribombee\n|\n|upkeep\n|\n|t:|1699746046\n|switch|p2a: Landorus|Landorus-Therian, M|100\/100\n|-ability|p2a: Landorus|Intimidate|boost\n|-unboost|p1a: Glimmora|atk|1\n|turn|4\n|\n|t:|1699746064\n|switch|p1a: Ogerpon|Ogerpon-Wellspring, F|100\/100\n|move|p2a: Landorus|Taunt|p1a: Ogerpon\n|-start|p1a: Ogerpon|move: Taunt\n|\n|upkeep\n|turn|5\n|\n|t:|1699746071\n|move|p1a: Ogerpon|Trailblaze|p2a: Landorus\n|-damage|p2a: Landorus|67\/100\n|-boost|p1a: Ogerpon|spe|1\n|-damage|p1a: Ogerpon|84\/100|[from] item: Rocky Helmet|[of] p2a: Landorus\n|move|p2a: Landorus|U-turn|p1a: Ogerpon\n|-supereffective|p1a: Ogerpon\n|-damage|p1a: Ogerpon|15\/100\n|\n|t:|1699746078\n|switch|p2a: Scizor|Scizor, F|100\/100|[from] U-turn\n|\n|upkeep\n|turn|6\n|\n|t:|1699746088\n|detailschange|p2a: Scizor|Scizor-Mega, F\n|-mega|p2a: Scizor|Scizor|Scizorite\n|move|p2a: Scizor|Bullet Punch|p1a: Ogerpon\n|-resisted|p1a: Ogerpon\n|-damage|p1a: Ogerpon|0 fnt\n|faint|p1a: Ogerpon\n|\n|upkeep\n|\n|t:|1699746094\n|switch|p1a: Kommo-o|Kommo-o, M|100\/100\n|turn|7\n|\n|t:|1699746109\n|move|p1a: Kommo-o|Clangorous Soul|p1a: Kommo-o\n|-boost|p1a: Kommo-o|atk|1\n|-boost|p1a: Kommo-o|def|1\n|-boost|p1a: Kommo-o|spa|1\n|-boost|p1a: Kommo-o|spd|1\n|-boost|p1a: Kommo-o|spe|1\n|-damage|p1a: Kommo-o|68\/100\n|-enditem|p1a: Kommo-o|Throat Spray\n|-boost|p1a: Kommo-o|spa|1|[from] item: Throat Spray\n|move|p2a: Scizor|Dual Wingbeat|p1a: Kommo-o|[miss]\n|-miss|p2a: Scizor|p1a: Kommo-o\n|\n|upkeep\n|turn|8\n|\n|t:|1699746124\n|move|p1a: Kommo-o|Flamethrower|p2a: Scizor\n|-supereffective|p2a: Scizor\n|-crit|p2a: Scizor\n|-damage|p2a: Scizor|0 fnt\n|faint|p2a: Scizor\n|\n|upkeep\n|\n|t:|1699746131\n|switch|p2a: Hatterene|Hatterene, F|100\/100\n|turn|9\n|\n|t:|1699746137\n|-terastallize|p1a: Kommo-o|Steel\n|move|p1a: Kommo-o|Boomburst|p2a: Hatterene\n|-damage|p2a: Hatterene|12\/100\n|move|p2a: Hatterene|Trick Room|p2a: Hatterene\n|-fieldstart|move: Trick Room|[of] p2a: Hatterene\n|\n|-heal|p2a: Hatterene|18\/100|[from] item: Leftovers\n|upkeep\n|turn|10\n|\n|t:|1699746146\n|move|p2a: Hatterene|Mystical Fire|p1a: Kommo-o\n|-supereffective|p1a: Kommo-o\n|-damage|p1a: Kommo-o|23\/100\n|-unboost|p1a: Kommo-o|spa|1\n|move|p1a: Kommo-o|Boomburst|p2a: Hatterene\n|-damage|p2a: Hatterene|0 fnt\n|faint|p2a: Hatterene\n|\n|upkeep\n|\n|t:|1699746149\n|switch|p2a: Serperior|Serperior, F|100\/100\n|turn|11\n|\n|t:|1699746163\n|switch|p1a: Goodra|Goodra-Hisui, F|100\/100\n|move|p2a: Serperior|Leaf Storm|p1a: Goodra\n|-ability|p1a: Goodra|Sap Sipper|boost\n|-boost|p1a: Goodra|atk|1\n|\n|upkeep\n|turn|12\n|\n|t:|1699746172\n|switch|p2a: Cinderace|Cinderace, F|100\/100\n|move|p1a: Goodra|Flamethrower|p2a: Cinderace\n|-resisted|p2a: Cinderace\n|-damage|p2a: Cinderace|84\/100\n|\n|upkeep\n|turn|13\n|\n|t:|1699746182\n|switch|p1a: Glimmora|Glimmora, F|77\/100\n|move|p2a: Cinderace|Pyro Ball|p1a: Glimmora\n|-resisted|p1a: Glimmora\n|-damage|p1a: Glimmora|46\/100\n|-activate|p1a: Glimmora|ability: Toxic Debris\n|-sidestart|p2: Charis1234|move: Toxic Spikes\n|\n|-fieldend|move: Trick Room\n|upkeep\n|turn|14\n|\n|t:|1699746192\n|move|p2a: Cinderace|U-turn|p1a: Glimmora\n|-start|p2a: Cinderace|typechange|Bug|[from] ability: Libero\n|-resisted|p1a: Glimmora\n|-damage|p1a: Glimmora|28\/100\n|-activate|p1a: Glimmora|ability: Toxic Debris\n|-sidestart|p2: Charis1234|move: Toxic Spikes\n|\n|t:|1699746198\n|switch|p2a: Serperior|Serperior, F|100\/100|[from] U-turn\n|-status|p2a: Serperior|tox\n|move|p1a: Glimmora|Mortal Spin|p2a: Serperior\n|-supereffective|p2a: Serperior\n|-damage|p2a: Serperior|83\/100 tox\n|\n|-damage|p2a: Serperior|77\/100 tox|[from] psn\n|upkeep\n|turn|15\n|\n|t:|1699746208\n|switch|p1a: Goodra|Goodra-Hisui, F|100\/100\n|move|p2a: Serperior|Dragon Pulse|p1a: Goodra\n|-damage|p1a: Goodra|90\/100\n|\n|-damage|p2a: Serperior|65\/100 tox|[from] psn\n|upkeep\n|turn|16\n|-message|Charis1234 forfeited.\n|\n|win|natillo\n|raw|natillo's rating: 1134 &rarr; <strong>1159<\/strong><br \/>(+25 for winning)\n|raw|Charis1234's rating: 1138 &rarr; <strong>1113<\/strong><br \/>(-25 for losing)\n|l|\u2606Charis1234\n","uploadtime":1699746220,"views":4,"p1id":"natillo","p2id":"charis1234","formatid":"gen9nationaldex","rating":1113,"private":0,"password":""}