{"id":"gen9nationaldex-1992183100","p1":"Sivilea","p2":"The power of ROCK","format":"[Gen 9] National Dex","log":"|j|\u2606Sivilea\n|j|\u2606The power of ROCK\n|t:|1700161880\n|gametype|singles\n|player|p1|Sivilea|cheryl|\n|player|p2|The power of ROCK|roark|\n|teamsize|p1|6\n|teamsize|p2|6\n|gen|9\n|tier|[Gen 9] National Dex\n|rule|HP Percentage Mod: HP is shown in percentages\n|rule|Endless Battle Clause: Forcing endless battles is banned\n|rule|OHKO Clause: OHKO moves are banned\n|rule|Evasion Clause: Evasion abilities, items, and moves are banned\n|rule|Evasion Abilities Clause: Evasion abilities are banned\n|rule|Evasion Items Clause: Evasion items are banned\n|rule|Evasion Moves Clause: Evasion moves are banned\n|rule|Species Clause: Limit one of each Pok\u00e9mon\n|rule|Sleep Clause Mod: Limit one foe put to sleep\n|clearpoke\n|poke|p1|Parasect, M|\n|poke|p1|Volcarona, F|\n|poke|p1|Araquanid, M|\n|poke|p1|Galvantula, F|\n|poke|p1|Scizor, M|\n|poke|p1|Orbeetle, F|\n|poke|p2|Tyranitar, F|\n|poke|p2|Garganacl, F|\n|poke|p2|Aggron, F|\n|poke|p2|Cradily, F|\n|poke|p2|Glimmora, M|\n|poke|p2|Avalugg-Hisui, M|\n|teampreview\n|inactive|Battle timer is ON: inactive players will automatically lose when time's up. (requested by Sivilea)\n|c|\u2606The power of ROCK|Welcome to the ROCK gym\n|c|\u2606Sivilea|no u\n|\n|t:|1700161901\n|start\n|switch|p1a: Orbeetle|Orbeetle, F|100\/100\n|switch|p2a: Glimmora|Glimmora, M|100\/100\n|-item|p2a: Glimmora|Choice Scarf|[from] ability: Frisk|[of] p1a: Orbeetle|[identify]\n|turn|1\n|\n|t:|1700161913\n|switch|p2a: Tyranitar|Tyranitar, F|100\/100\n|-weather|Sandstorm|[from] ability: Sand Stream|[of] p2a: Tyranitar\n|-terastallize|p1a: Orbeetle|Psychic\n|move|p1a: Orbeetle|Calm Mind|p1a: Orbeetle\n|-boost|p1a: Orbeetle|spa|1\n|-boost|p1a: Orbeetle|spd|1\n|\n|-weather|Sandstorm|[upkeep]\n|-damage|p1a: Orbeetle|94\/100|[from] Sandstorm\n|-heal|p1a: Orbeetle|100\/100|[from] item: Leftovers\n|upkeep\n|turn|2\n|\n|t:|1700161927\n|move|p1a: Orbeetle|Iron Defense|p1a: Orbeetle\n|-boost|p1a: Orbeetle|def|2\n|move|p2a: Tyranitar|Knock Off|p1a: Orbeetle\n|-supereffective|p1a: Orbeetle\n|-damage|p1a: Orbeetle|55\/100\n|-enditem|p1a: Orbeetle|Leftovers|[from] move: Knock Off|[of] p2a: Tyranitar\n|\n|-weather|Sandstorm|[upkeep]\n|-damage|p1a: Orbeetle|49\/100|[from] Sandstorm\n|upkeep\n|turn|3\n|\n|t:|1700161931\n|move|p1a: Orbeetle|Body Press|p2a: Tyranitar\n|-supereffective|p2a: Tyranitar\n|-damage|p2a: Tyranitar|0 fnt\n|faint|p2a: Tyranitar\n|\n|-weather|Sandstorm|[upkeep]\n|-damage|p1a: Orbeetle|43\/100|[from] Sandstorm\n|upkeep\n|\n|t:|1700161939\n|switch|p2a: Glimmora|Glimmora, M|100\/100\n|turn|4\n|\n|t:|1700161941\n|move|p2a: Glimmora|Sludge Wave|p1a: Orbeetle\n|-damage|p1a: Orbeetle|20\/100\n|move|p1a: Orbeetle|Body Press|p2a: Glimmora\n|-damage|p2a: Glimmora|49\/100\n|-activate|p2a: Glimmora|ability: Toxic Debris\n|-sidestart|p1: Sivilea|move: Toxic Spikes\n|\n|-weather|Sandstorm|[upkeep]\n|-damage|p1a: Orbeetle|14\/100|[from] Sandstorm\n|upkeep\n|turn|5\n|\n|t:|1700161944\n|move|p2a: Glimmora|Sludge Wave|p1a: Orbeetle\n|-damage|p1a: Orbeetle|0 fnt\n|faint|p1a: Orbeetle\n|\n|-weather|none\n|upkeep\n|c|\u2606Sivilea|im so bad dude\n|\n|t:|1700161952\n|switch|p1a: Scizor|Scizor, M|100\/100\n|turn|6\n|\n|t:|1700161956\n|switch|p2a: Aggron|Aggron, F|100\/100\n|detailschange|p1a: Scizor|Scizor-Mega, M\n|-mega|p1a: Scizor|Scizor|Scizorite\n|move|p1a: Scizor|Defog|p2a: Aggron\n|-unboost|p2a: Aggron|evasion|1\n|-sideend|p1: Sivilea|Toxic Spikes|[from] move: Defog|[of] p1a: Scizor\n|\n|upkeep\n|turn|7\n|c|\u2606Sivilea|not even rock type\n|c|\u2606Sivilea|scammed\n|\n|t:|1700161965\n|detailschange|p2a: Aggron|Aggron-Mega, F\n|-mega|p2a: Aggron|Aggron|Aggronite\n|move|p1a: Scizor|U-turn|p2a: Aggron\n|-resisted|p2a: Aggron\n|-damage|p2a: Aggron|94\/100\n|c|\u2606The power of ROCK|lol\n|\n|t:|1700161969\n|switch|p1a: Subject#01|Parasect, M|100\/100|[from] U-turn\n|move|p2a: Aggron|Body Press|p1a: Subject#01\n|-resisted|p1a: Subject#01\n|-damage|p1a: Subject#01|72\/100\n|\n|upkeep\n|turn|8\n|\n|t:|1700161979\n|switch|p2a: Garganacl|Garganacl, F|100\/100\n|move|p1a: Subject#01|Spore|p2a: Garganacl\n|-immune|p2a: Garganacl|[from] ability: Purifying Salt\n|\n|upkeep\n|turn|9\n|\n|t:|1700161990\n|-terastallize|p2a: Garganacl|Ghost\n|move|p2a: Garganacl|Iron Defense|p2a: Garganacl\n|-boost|p2a: Garganacl|def|2\n|move|p1a: Subject#01|Bullet Seed|p2a: Garganacl\n|-damage|p2a: Garganacl|97\/100\n|-damage|p2a: Garganacl|94\/100\n|-damage|p2a: Garganacl|91\/100\n|-damage|p2a: Garganacl|88\/100\n|-hitcount|p2a: Garganacl|4\n|\n|upkeep\n|turn|10\n|\n|t:|1700161993\n|switch|p1a: Galvantula|Galvantula, F|100\/100\n|move|p2a: Garganacl|Salt Cure|p1a: Galvantula\n|-supereffective|p1a: Galvantula\n|-damage|p1a: Galvantula|53\/100\n|-start|p1a: Galvantula|Salt Cure\n|\n|-damage|p1a: Galvantula|41\/100|[from] Salt Cure\n|upkeep\n|turn|11\n|\n|t:|1700161996\n|move|p1a: Galvantula|Thunder|p2a: Garganacl\n|-damage|p2a: Garganacl|57\/100\n|-enditem|p2a: Garganacl|Maranga Berry|[eat]\n|-boost|p2a: Garganacl|spd|1|[from] item: Maranga Berry\n|move|p2a: Garganacl|Recover|p2a: Garganacl\n|-heal|p2a: Garganacl|100\/100\n|\n|-damage|p1a: Galvantula|28\/100|[from] Salt Cure\n|upkeep\n|turn|12\n|\n|t:|1700162001\n|switch|p1a: Scizor|Scizor-Mega, M|100\/100\n|move|p2a: Garganacl|Iron Defense|p2a: Garganacl\n|-boost|p2a: Garganacl|def|2\n|\n|upkeep\n|turn|13\n|\n|t:|1700162005\n|move|p1a: Scizor|Bullet Punch|p2a: Garganacl\n|-damage|p2a: Garganacl|94\/100\n|move|p2a: Garganacl|Salt Cure|p1a: Scizor\n|-damage|p1a: Scizor|91\/100\n|-start|p1a: Scizor|Salt Cure\n|\n|-damage|p1a: Scizor|66\/100|[from] Salt Cure\n|upkeep\n|turn|14\n|\n|t:|1700162007\n|move|p1a: Scizor|Bullet Punch|p2a: Garganacl\n|-damage|p2a: Garganacl|87\/100\n|move|p2a: Garganacl|Iron Defense|p2a: Garganacl\n|-boost|p2a: Garganacl|def|2\n|\n|-damage|p1a: Scizor|41\/100|[from] Salt Cure\n|upkeep\n|turn|15\n|-message|Sivilea forfeited.\n|\n|win|The power of ROCK\n|l|\u2606Sivilea\n|c|\u2606The power of ROCK|gg xD\n","uploadtime":1700162019,"views":4,"p1id":"sivilea","p2id":"thepowerofrock","formatid":"gen9nationaldex","rating":0,"private":0,"password":""}