{"id":"gen9nationaldex-1995600337","p1":"Docturo","p2":"runeatest","format":"[Gen 9] National Dex","log":"|html|<div class=\"broadcast-blue\"><strong>[Gen 9] National Dex is currently suspecting Sneasler! For information on how to participate check out the <a href=\"https:\/\/www.smogon.com\/forums\/threads\/sv-national-dex-suspect-8-just-dance.3731534\/\">suspect thread<\/a>.<\/strong><\/div>\n|j|\u2606Docturo\n|j|\u2606runeatest\n|t:|1700586402\n|gametype|singles\n|player|p1|Docturo|colress|1141\n|player|p2|runeatest|fisherman-gen4|1208\n|teamsize|p1|6\n|teamsize|p2|6\n|gen|9\n|tier|[Gen 9] National Dex\n|rated|\n|rule|HP Percentage Mod: HP is shown in percentages\n|rule|Endless Battle Clause: Forcing endless battles is banned\n|rule|OHKO Clause: OHKO moves are banned\n|rule|Evasion Clause: Evasion abilities, items, and moves are banned\n|rule|Evasion Abilities Clause: Evasion abilities are banned\n|rule|Evasion Items Clause: Evasion items are banned\n|rule|Evasion Moves Clause: Evasion moves are banned\n|rule|Species Clause: Limit one of each Pok\u00e9mon\n|rule|Sleep Clause Mod: Limit one foe put to sleep\n|clearpoke\n|poke|p1|Pineco, L3, F|\n|poke|p1|Togedemaru, L1, M|\n|poke|p1|Magnemite, L1|\n|poke|p1|Nosepass, L1, M|\n|poke|p1|Cottonee, L1, M|\n|poke|p1|Glimmora, M|\n|poke|p2|Sylveon, M|\n|poke|p2|Haxorus, M|\n|poke|p2|Linoone, M|\n|poke|p2|Manectric, M|\n|poke|p2|Krookodile, M|\n|poke|p2|Mantine, M|\n|teampreview\n|inactive|Battle timer is ON: inactive players will automatically lose when time's up. (requested by runeatest)\n|\n|t:|1700586407\n|start\n|switch|p1a: Pineco|Pineco, L3, F|100\/100\n|switch|p2a: Krookodile|Krookodile, M|100\/100\n|-ability|p2a: Krookodile|Intimidate|boost\n|-unboost|p1a: Pineco|atk|1\n|turn|1\n|\n|t:|1700586414\n|move|p2a: Krookodile|Stealth Rock|p1a: Pineco\n|-sidestart|p1: Docturo|move: Stealth Rock\n|move|p1a: Pineco|Toxic Spikes|p2a: Krookodile\n|-sidestart|p2: runeatest|move: Toxic Spikes\n|\n|upkeep\n|turn|2\n|\n|t:|1700586419\n|move|p2a: Krookodile|Taunt|p1a: Pineco\n|-start|p1a: Pineco|move: Taunt\n|cant|p1a: Pineco|move: Taunt|Toxic\n|\n|upkeep\n|turn|3\n|\n|t:|1700586424\n|move|p2a: Krookodile|Earthquake|p1a: Pineco\n|-resisted|p1a: Pineco\n|-ability|p1a: Pineco|Sturdy\n|-damage|p1a: Pineco|7\/100\n|-enditem|p1a: Pineco|Berry Juice\n|-heal|p1a: Pineco|100\/100|[from] item: Berry Juice\n|move|p1a: Pineco|Rapid Spin|p2a: Krookodile\n|-damage|p2a: Krookodile|99\/100\n|-boost|p1a: Pineco|spe|1\n|-damage|p1a: Pineco|88\/100|[from] item: Rocky Helmet|[of] p2a: Krookodile\n|-sideend|p1: Docturo|Stealth Rock|[from] move: Rapid Spin|[of] p1a: Pineco\n|\n|upkeep\n|turn|4\n|\n|t:|1700586435\n|move|p2a: Krookodile|Taunt||[still]\n|-fail|p2a: Krookodile\n|move|p1a: Pineco|Rapid Spin|p2a: Krookodile\n|-damage|p2a: Krookodile|99\/100\n|-boost|p1a: Pineco|spe|1\n|-damage|p1a: Pineco|75\/100|[from] item: Rocky Helmet|[of] p2a: Krookodile\n|\n|-end|p1a: Pineco|move: Taunt\n|upkeep\n|turn|5\n|\n|t:|1700586444\n|move|p2a: Krookodile|Stealth Rock|p1a: Pineco\n|-sidestart|p1: Docturo|move: Stealth Rock\n|move|p1a: Pineco|Rapid Spin|p2a: Krookodile\n|-damage|p2a: Krookodile|99\/100\n|-boost|p1a: Pineco|spe|1\n|-damage|p1a: Pineco|63\/100|[from] item: Rocky Helmet|[of] p2a: Krookodile\n|-sideend|p1: Docturo|Stealth Rock|[from] move: Rapid Spin|[of] p1a: Pineco\n|\n|upkeep\n|turn|6\n|\n|t:|1700586452\n|switch|p2a: Mantine|Mantine, M|100\/100\n|move|p1a: Pineco|Rapid Spin|p2a: Mantine\n|-damage|p2a: Mantine|99\/100\n|-boost|p1a: Pineco|spe|1\n|\n|-heal|p2a: Mantine|100\/100|[from] item: Leftovers\n|upkeep\n|turn|7\n|\n|t:|1700586461\n|move|p2a: Mantine|Hydro Pump|p1a: Pineco\n|-damage|p1a: Pineco|0 fnt\n|faint|p1a: Pineco\n|\n|upkeep\n|\n|t:|1700586467\n|switch|p1a: Glimmora|Glimmora, M|100\/100\n|turn|8\n|\n|t:|1700586471\n|-terastallize|p1a: Glimmora|Flying\n|move|p1a: Glimmora|Toxic Spikes|p2a: Mantine\n|-sidestart|p2: runeatest|move: Toxic Spikes\n|move|p2a: Mantine|Hydro Pump|p1a: Glimmora|[miss]\n|-miss|p2a: Mantine|p1a: Glimmora\n|\n|upkeep\n|turn|9\n|\n|t:|1700586478\n|move|p1a: Glimmora|Toxic|p2a: Mantine\n|-status|p2a: Mantine|tox\n|move|p2a: Mantine|Ice Beam|p1a: Glimmora\n|-supereffective|p1a: Glimmora\n|-damage|p1a: Glimmora|64\/100\n|\n|-heal|p1a: Glimmora|70\/100|[from] item: Leftovers\n|-damage|p2a: Mantine|94\/100 tox|[from] psn\n|upkeep\n|turn|10\n|\n|t:|1700586486\n|move|p1a: Glimmora|Spiky Shield|p1a: Glimmora\n|-singleturn|p1a: Glimmora|move: Protect\n|move|p2a: Mantine|Ice Beam|p1a: Glimmora\n|-activate|p1a: Glimmora|move: Protect\n|\n|-heal|p1a: Glimmora|76\/100|[from] item: Leftovers\n|-heal|p2a: Mantine|100\/100 tox|[from] item: Leftovers\n|-damage|p2a: Mantine|88\/100 tox|[from] psn\n|upkeep\n|turn|11\n|\n|t:|1700586498\n|switch|p1a: Nosepass|Nosepass, L1, M|100\/100\n|move|p2a: Mantine|Defog|p1a: Nosepass\n|-unboost|p1a: Nosepass|evasion|1\n|-sideend|p2: runeatest|Toxic Spikes|[from] move: Defog|[of] p2a: Mantine\n|\n|-heal|p2a: Mantine|94\/100 tox|[from] item: Leftovers\n|-damage|p2a: Mantine|76\/100 tox|[from] psn\n|upkeep\n|turn|12\n|\n|t:|1700586518\n|switch|p2a: Krookodile|Krookodile, M|99\/100\n|-ability|p2a: Krookodile|Intimidate|boost\n|-unboost|p1a: Nosepass|atk|1\n|move|p1a: Nosepass|Pain Split|p2a: Krookodile\n|-sethp|p2a: Krookodile|52\/100|[from] move: Pain Split|[silent]\n|-sethp|p1a: Nosepass|100\/100|[from] move: Pain Split\n|\n|upkeep\n|turn|13\n|\n|t:|1700586527\n|switch|p1a: Glimmora|Glimmora, M, tera:Flying|76\/100\n|move|p2a: Krookodile|Taunt|p1a: Glimmora\n|-start|p1a: Glimmora|move: Taunt\n|\n|-heal|p1a: Glimmora|82\/100|[from] item: Leftovers\n|upkeep\n|turn|14\n|\n|t:|1700586539\n|move|p1a: Glimmora|Mortal Spin|p2a: Krookodile\n|-resisted|p2a: Krookodile\n|-damage|p2a: Krookodile|49\/100\n|-status|p2a: Krookodile|psn\n|-damage|p1a: Glimmora|66\/100|[from] item: Rocky Helmet|[of] p2a: Krookodile\n|move|p2a: Krookodile|Stealth Rock|p1a: Glimmora\n|-sidestart|p1: Docturo|move: Stealth Rock\n|\n|-heal|p1a: Glimmora|72\/100|[from] item: Leftovers\n|-damage|p2a: Krookodile|37\/100 psn|[from] psn\n|upkeep\n|turn|15\n|\n|t:|1700586551\n|switch|p2a: Sylveon|Sylveon, M, shiny|100\/100\n|move|p1a: Glimmora|Mortal Spin|p2a: Sylveon\n|-supereffective|p2a: Sylveon\n|-damage|p2a: Sylveon|87\/100\n|-status|p2a: Sylveon|psn\n|-sideend|p1: Docturo|Stealth Rock|[from] move: Mortal Spin|[of] p1a: Glimmora\n|\n|-heal|p1a: Glimmora|78\/100|[from] item: Leftovers\n|-damage|p2a: Sylveon|74\/100 psn|[from] psn\n|-end|p1a: Glimmora|move: Taunt\n|upkeep\n|turn|16\n|\n|t:|1700586562\n|move|p1a: Glimmora|Spiky Shield|p1a: Glimmora\n|-singleturn|p1a: Glimmora|move: Protect\n|move|p2a: Sylveon|Heal Bell|p2a: Sylveon\n|-activate|p2a: Sylveon|move: Heal Bell\n|-curestatus|p2a: Sylveon|psn|[msg]\n|-curestatus|p2: Krookodile|psn|[msg]\n|-curestatus|p2: Mantine|tox|[msg]\n|\n|-heal|p1a: Glimmora|85\/100|[from] item: Leftovers\n|upkeep\n|turn|17\n|\n|t:|1700586571\n|move|p1a: Glimmora|Mortal Spin|p2a: Sylveon\n|-supereffective|p2a: Sylveon\n|-damage|p2a: Sylveon|61\/100\n|-status|p2a: Sylveon|psn\n|move|p2a: Sylveon|Hyper Voice|p1a: Glimmora\n|-damage|p1a: Glimmora|9\/100\n|\n|-heal|p1a: Glimmora|15\/100|[from] item: Leftovers\n|-damage|p2a: Sylveon|48\/100 psn|[from] psn\n|upkeep\n|turn|18\n|\n|t:|1700586581\n|move|p1a: Glimmora|Toxic Spikes|p2a: Sylveon\n|-sidestart|p2: runeatest|move: Toxic Spikes\n|move|p2a: Sylveon|Heal Bell|p2a: Sylveon\n|-activate|p2a: Sylveon|move: Heal Bell\n|-curestatus|p2a: Sylveon|psn|[msg]\n|\n|-heal|p1a: Glimmora|22\/100|[from] item: Leftovers\n|upkeep\n|turn|19\n|\n|t:|1700586589\n|switch|p2a: Mantine|Mantine, M|76\/100\n|move|p1a: Glimmora|Spiky Shield||[still]\n|-fail|p1a: Glimmora\n|\n|-heal|p1a: Glimmora|28\/100|[from] item: Leftovers\n|-heal|p2a: Mantine|82\/100|[from] item: Leftovers\n|upkeep\n|turn|20\n|\n|t:|1700586597\n|move|p1a: Glimmora|Toxic|p2a: Mantine\n|-status|p2a: Mantine|tox\n|move|p2a: Mantine|Defog|p1a: Glimmora\n|-unboost|p1a: Glimmora|evasion|1\n|-sideend|p2: runeatest|Toxic Spikes|[from] move: Defog|[of] p2a: Mantine\n|\n|-heal|p1a: Glimmora|34\/100|[from] item: Leftovers\n|-heal|p2a: Mantine|88\/100 tox|[from] item: Leftovers\n|-damage|p2a: Mantine|82\/100 tox|[from] psn\n|upkeep\n|turn|21\n|\n|t:|1700586607\n|move|p1a: Glimmora|Spiky Shield|p1a: Glimmora\n|-singleturn|p1a: Glimmora|move: Protect\n|move|p2a: Mantine|Ice Beam|p1a: Glimmora\n|-activate|p1a: Glimmora|move: Protect\n|\n|-heal|p1a: Glimmora|40\/100|[from] item: Leftovers\n|-heal|p2a: Mantine|88\/100 tox|[from] item: Leftovers\n|-damage|p2a: Mantine|76\/100 tox|[from] psn\n|upkeep\n|turn|22\n|\n|t:|1700586618\n|switch|p1a: Nosepass|Nosepass, L1, M|100\/100\n|move|p2a: Mantine|Ice Beam|p1a: Nosepass\n|-ability|p1a: Nosepass|Sturdy\n|-damage|p1a: Nosepass|10\/100\n|-enditem|p1a: Nosepass|Berry Juice\n|-heal|p1a: Nosepass|100\/100|[from] item: Berry Juice\n|\n|-heal|p2a: Mantine|82\/100 tox|[from] item: Leftovers\n|-damage|p2a: Mantine|64\/100 tox|[from] psn\n|upkeep\n|turn|23\n|\n|t:|1700586629\n|move|p2a: Mantine|Hydro Pump|p1a: Nosepass\n|-supereffective|p1a: Nosepass\n|-ability|p1a: Nosepass|Sturdy\n|-damage|p1a: Nosepass|10\/100\n|move|p1a: Nosepass|Pain Split|p2a: Mantine\n|-sethp|p2a: Mantine|32\/100 tox|[from] move: Pain Split|[silent]\n|-sethp|p1a: Nosepass|100\/100|[from] move: Pain Split\n|\n|-heal|p2a: Mantine|38\/100 tox|[from] item: Leftovers\n|-damage|p2a: Mantine|14\/100 tox|[from] psn\n|upkeep\n|turn|24\n|\n|t:|1700586641\n|switch|p2a: Sylveon|Sylveon, M, shiny|48\/100\n|move|p1a: Nosepass|Pain Split|p2a: Sylveon\n|-sethp|p2a: Sylveon|26\/100|[from] move: Pain Split|[silent]\n|-sethp|p1a: Nosepass|100\/100|[from] move: Pain Split\n|\n|upkeep\n|turn|25\n|\n|t:|1700586648\n|move|p2a: Sylveon|Heal Bell|p2a: Sylveon\n|-activate|p2a: Sylveon|move: Heal Bell\n|-curestatus|p2: Mantine|tox|[msg]\n|move|p1a: Nosepass|Toxic|p2a: Sylveon\n|-status|p2a: Sylveon|tox\n|\n|-damage|p2a: Sylveon|20\/100 tox|[from] psn\n|upkeep\n|turn|26\n|\n|t:|1700586657\n|move|p2a: Sylveon|Heal Bell|p2a: Sylveon\n|-activate|p2a: Sylveon|move: Heal Bell\n|-curestatus|p2a: Sylveon|tox|[msg]\n|move|p1a: Nosepass|Pain Split|p2a: Sylveon\n|-sethp|p2a: Sylveon|11\/100|[from] move: Pain Split|[silent]\n|-sethp|p1a: Nosepass|100\/100|[from] move: Pain Split\n|\n|upkeep\n|turn|27\n|\n|t:|1700586665\n|move|p2a: Sylveon|Hyper Voice|p1a: Nosepass\n|-ability|p1a: Nosepass|Sturdy\n|-damage|p1a: Nosepass|10\/100\n|move|p1a: Nosepass|Toxic|p2a: Sylveon|[miss]\n|-miss|p1a: Nosepass|p2a: Sylveon\n|\n|upkeep\n|turn|28\n|\n|t:|1700586674\n|move|p2a: Sylveon|Quick Attack|p1a: Nosepass\n|-damage|p1a: Nosepass|0 fnt\n|faint|p1a: Nosepass\n|\n|upkeep\n|\n|t:|1700586679\n|switch|p1a: Glimmora|Glimmora, M, tera:Flying|40\/100\n|turn|29\n|\n|t:|1700586683\n|move|p1a: Glimmora|Mortal Spin|p2a: Sylveon\n|-supereffective|p2a: Sylveon\n|-damage|p2a: Sylveon|0 fnt\n|faint|p2a: Sylveon\n|\n|-heal|p1a: Glimmora|46\/100|[from] item: Leftovers\n|upkeep\n|\n|t:|1700586692\n|switch|p2a: Krookodile|Krookodile, M|37\/100\n|-ability|p2a: Krookodile|Intimidate|boost\n|-unboost|p1a: Glimmora|atk|1\n|turn|30\n|\n|t:|1700586705\n|switch|p1a: Togedemaru|Togedemaru, L1, M, shiny|100\/100\n|move|p2a: Krookodile|Taunt|p1a: Togedemaru\n|-start|p1a: Togedemaru|move: Taunt\n|\n|upkeep\n|turn|31\n|\n|t:|1700586713\n|move|p1a: Togedemaru|Fake Out|p2a: Krookodile\n|-damage|p2a: Krookodile|36\/100\n|-damage|p1a: Togedemaru|84\/100|[from] item: Rocky Helmet|[of] p2a: Krookodile\n|-heal|p1a: Togedemaru|92\/100|[from] item: Shell Bell|[of] p2a: Krookodile\n|cant|p2a: Krookodile|flinch\n|\n|upkeep\n|turn|32\n|\n|t:|1700586720\n|move|p2a: Krookodile|Stealth Rock|p1a: Togedemaru\n|-sidestart|p1: Docturo|move: Stealth Rock\n|move|p1a: Togedemaru|Endeavor|p2a: Krookodile\n|-damage|p2a: Krookodile|3\/100\n|-damage|p1a: Togedemaru|75\/100|[from] item: Rocky Helmet|[of] p2a: Krookodile\n|-heal|p1a: Togedemaru|100\/100|[from] item: Shell Bell|[of] p2a: Krookodile\n|\n|-end|p1a: Togedemaru|move: Taunt\n|upkeep\n|turn|33\n|\n|t:|1700586730\n|move|p2a: Krookodile|Taunt|p1a: Togedemaru\n|-start|p1a: Togedemaru|move: Taunt\n|cant|p1a: Togedemaru|move: Taunt|Toxic\n|\n|upkeep\n|turn|34\n|\n|t:|1700586742\n|move|p2a: Krookodile|Earthquake|p1a: Togedemaru\n|-supereffective|p1a: Togedemaru\n|-ability|p1a: Togedemaru|Sturdy\n|-damage|p1a: Togedemaru|9\/100\n|move|p1a: Togedemaru|Endeavor|p2a: Krookodile\n|-damage|p2a: Krookodile|1\/100\n|-damage|p1a: Togedemaru|0 fnt|[from] item: Rocky Helmet|[of] p2a: Krookodile\n|faint|p1a: Togedemaru\n|\n|upkeep\n|\n|t:|1700586753\n|switch|p1a: Glimmora|Glimmora, M, tera:Flying|46\/100\n|-damage|p1a: Glimmora|22\/100|[from] Stealth Rock\n|turn|35\n|\n|t:|1700586758\n|move|p1a: Glimmora|Mortal Spin|p2a: Krookodile\n|-resisted|p2a: Krookodile\n|-damage|p2a: Krookodile|0 fnt\n|-damage|p1a: Glimmora|5\/100|[from] item: Rocky Helmet|[of] p2a: Krookodile\n|-sideend|p1: Docturo|Stealth Rock|[from] move: Mortal Spin|[of] p1a: Glimmora\n|faint|p2a: Krookodile\n|\n|-heal|p1a: Glimmora|11\/100|[from] item: Leftovers\n|upkeep\n|\n|t:|1700586767\n|switch|p2a: Manectric|Manectric, M|100\/100\n|turn|36\n|\n|t:|1700586770\n|move|p1a: Glimmora|Spiky Shield|p1a: Glimmora\n|-singleturn|p1a: Glimmora|move: Protect\n|move|p2a: Manectric|Thunderbolt|p1a: Glimmora\n|-activate|p1a: Glimmora|move: Protect\n|\n|-heal|p1a: Glimmora|18\/100|[from] item: Leftovers\n|upkeep\n|turn|37\n|\n|t:|1700586780\n|switch|p1a: Magnemite|Magnemite, L1|100\/100\n|move|p2a: Manectric|Thunderbolt|p1a: Magnemite\n|-resisted|p1a: Magnemite\n|-crit|p1a: Magnemite\n|-ability|p1a: Magnemite|Sturdy\n|-damage|p1a: Magnemite|10\/100\n|-enditem|p1a: Magnemite|Oran Berry|[eat]\n|-heal|p1a: Magnemite|100\/100|[from] item: Oran Berry\n|\n|upkeep\n|turn|38\n|\n|t:|1700586791\n|move|p1a: Magnemite|Protect|p1a: Magnemite\n|-singleturn|p1a: Magnemite|Protect\n|move|p2a: Manectric|Flamethrower|p1a: Magnemite\n|-activate|p1a: Magnemite|move: Protect\n|\n|upkeep\n|turn|39\n|\n|t:|1700586797\n|detailschange|p2a: Manectric|Manectric-Mega, M\n|-mega|p2a: Manectric|Manectric|Manectite\n|-ability|p2a: Manectric|Intimidate|boost\n|-unboost|p1a: Magnemite|atk|1\n|move|p2a: Manectric|Flamethrower|p1a: Magnemite\n|-supereffective|p1a: Magnemite\n|-ability|p1a: Magnemite|Sturdy\n|-damage|p1a: Magnemite|10\/100\n|move|p1a: Magnemite|Toxic|p2a: Manectric\n|-status|p2a: Manectric|tox\n|\n|-damage|p2a: Manectric|94\/100 tox|[from] psn\n|upkeep\n|turn|40\n|\n|t:|1700586809\n|switch|p2a: Lionel Messi|Linoone, M|100\/100\n|move|p1a: Magnemite|Protect||[still]\n|-fail|p1a: Magnemite\n|\n|upkeep\n|turn|41\n|\n|t:|1700586814\n|move|p2a: Lionel Messi|Belly Drum|p2a: Lionel Messi\n|-damage|p2a: Lionel Messi|50\/100\n|-setboost|p2a: Lionel Messi|atk|6|[from] move: Belly Drum\n|-enditem|p2a: Lionel Messi|Mago Berry|[eat]\n|-heal|p2a: Lionel Messi|84\/100|[from] item: Mago Berry\n|move|p1a: Magnemite|Recycle|p1a: Magnemite\n|-item|p1a: Magnemite|Oran Berry|[from] move: Recycle\n|-enditem|p1a: Magnemite|Oran Berry|[eat]\n|-heal|p1a: Magnemite|100\/100|[from] item: Oran Berry\n|\n|upkeep\n|turn|42\n|\n|t:|1700586825\n|move|p2a: Lionel Messi|Extreme Speed|p1a: Magnemite\n|-resisted|p1a: Magnemite\n|-ability|p1a: Magnemite|Sturdy\n|-damage|p1a: Magnemite|10\/100\n|move|p1a: Magnemite|Toxic|p2a: Lionel Messi\n|-status|p2a: Lionel Messi|tox\n|\n|-damage|p2a: Lionel Messi|78\/100 tox|[from] psn\n|upkeep\n|turn|43\n|\n|t:|1700586834\n|move|p1a: Magnemite|Protect|p1a: Magnemite\n|-singleturn|p1a: Magnemite|Protect\n|move|p2a: Lionel Messi|Extreme Speed|p1a: Magnemite\n|-activate|p1a: Magnemite|move: Protect\n|\n|-damage|p2a: Lionel Messi|66\/100 tox|[from] psn\n|upkeep\n|turn|44\n|\n|t:|1700586843\n|move|p1a: Magnemite|Protect||[still]\n|-fail|p1a: Magnemite\n|move|p2a: Lionel Messi|Extreme Speed|p1a: Magnemite\n|-resisted|p1a: Magnemite\n|-damage|p1a: Magnemite|0 fnt\n|faint|p1a: Magnemite\n|\n|-damage|p2a: Lionel Messi|47\/100 tox|[from] psn\n|upkeep\n|\n|t:|1700586857\n|switch|p1a: Cottonee|Cottonee, L1, M|100\/100\n|turn|45\n|\n|t:|1700586862\n|move|p2a: Lionel Messi|Extreme Speed|p1a: Cottonee\n|-enditem|p1a: Cottonee|Focus Sash\n|-damage|p1a: Cottonee|9\/100\n|move|p1a: Cottonee|Leech Seed|p2a: Lionel Messi\n|-start|p2a: Lionel Messi|move: Leech Seed\n|\n|-damage|p2a: Lionel Messi|35\/100 tox|[from] Leech Seed|[of] p1a: Cottonee\n|-heal|p1a: Cottonee|100\/100|[silent]\n|-damage|p2a: Lionel Messi|11\/100 tox|[from] psn\n|upkeep\n|turn|46\n|\n|t:|1700586879\n|move|p1a: Cottonee|Substitute|p1a: Cottonee\n|-start|p1a: Cottonee|Substitute\n|-damage|p1a: Cottonee|75\/100\n|move|p2a: Lionel Messi|Gunk Shot|p1a: Cottonee|[miss]\n|-miss|p2a: Lionel Messi|p1a: Cottonee\n|\n|-damage|p2a: Lionel Messi|0 fnt|[from] Leech Seed|[of] p1a: Cottonee\n|-heal|p1a: Cottonee|100\/100|[silent]\n|faint|p2a: Lionel Messi\n|upkeep\n|\n|t:|1700586888\n|switch|p2a: Manectric|Manectric-Mega, M|94\/100 tox\n|-ability|p2a: Manectric|Intimidate|boost\n|-immune|p1a: Cottonee\n|turn|47\n|\n|t:|1700586894\n|move|p1a: Cottonee|Leech Seed|p2a: Manectric\n|-start|p2a: Manectric|move: Leech Seed\n|move|p2a: Manectric|Flamethrower|p1a: Cottonee\n|-supereffective|p1a: Cottonee\n|-end|p1a: Cottonee|Substitute\n|\n|-damage|p2a: Manectric|82\/100 tox|[from] Leech Seed|[of] p1a: Cottonee\n|-damage|p2a: Manectric|76\/100 tox|[from] psn\n|upkeep\n|turn|48\n|\n|t:|1700586904\n|move|p1a: Cottonee|Substitute|p1a: Cottonee\n|-start|p1a: Cottonee|Substitute\n|-damage|p1a: Cottonee|75\/100\n|move|p2a: Manectric|Flamethrower|p1a: Cottonee\n|-supereffective|p1a: Cottonee\n|-crit|p1a: Cottonee\n|-end|p1a: Cottonee|Substitute\n|\n|-damage|p2a: Manectric|64\/100 tox|[from] Leech Seed|[of] p1a: Cottonee\n|-heal|p1a: Cottonee|100\/100|[silent]\n|-damage|p2a: Manectric|52\/100 tox|[from] psn\n|upkeep\n|turn|49\n|\n|t:|1700586914\n|switch|p2a: Mantine|Mantine, M|14\/100\n|move|p1a: Cottonee|Substitute|p1a: Cottonee\n|-start|p1a: Cottonee|Substitute\n|-damage|p1a: Cottonee|75\/100\n|\n|-heal|p2a: Mantine|20\/100|[from] item: Leftovers\n|upkeep\n|turn|50\n|\n|t:|1700586922\n|move|p1a: Cottonee|Leech Seed|p2a: Mantine\n|-start|p2a: Mantine|move: Leech Seed\n|move|p2a: Mantine|Air Slash|p1a: Cottonee\n|-supereffective|p1a: Cottonee\n|-end|p1a: Cottonee|Substitute\n|\n|-heal|p2a: Mantine|26\/100|[from] item: Leftovers\n|-damage|p2a: Mantine|14\/100|[from] Leech Seed|[of] p1a: Cottonee\n|-heal|p1a: Cottonee|100\/100|[silent]\n|upkeep\n|turn|51\n|\n|t:|1700586931\n|switch|p2a: Manectric|Manectric-Mega, M|52\/100 tox\n|-ability|p2a: Manectric|Intimidate|boost\n|-unboost|p1a: Cottonee|atk|1\n|move|p1a: Cottonee|Substitute|p1a: Cottonee\n|-start|p1a: Cottonee|Substitute\n|-damage|p1a: Cottonee|75\/100\n|\n|-damage|p2a: Manectric|46\/100 tox|[from] psn\n|upkeep\n|turn|52\n|\n|t:|1700586939\n|switch|p2a: Mantine|Mantine, M|14\/100\n|move|p1a: Cottonee|Leech Seed|p2a: Mantine\n|-start|p2a: Mantine|move: Leech Seed\n|\n|-heal|p2a: Mantine|20\/100|[from] item: Leftovers\n|-damage|p2a: Mantine|7\/100|[from] Leech Seed|[of] p1a: Cottonee\n|-heal|p1a: Cottonee|100\/100|[silent]\n|upkeep\n|turn|53\n|\n|t:|1700586951\n|move|p2a: Mantine|Ice Beam|p1a: Cottonee\n|-supereffective|p1a: Cottonee\n|-end|p1a: Cottonee|Substitute\n|move|p1a: Cottonee|Endeavor|p2a: Mantine\n|-damage|p2a: Mantine|4\/100\n|\n|-heal|p2a: Mantine|10\/100|[from] item: Leftovers\n|-damage|p2a: Mantine|0 fnt|[from] Leech Seed|[of] p1a: Cottonee\n|faint|p2a: Mantine\n|upkeep\n|\n|t:|1700586961\n|switch|p2a: Haxorus|Haxorus, M, shiny|100\/100\n|-ability|p2a: Haxorus|Mold Breaker\n|turn|54\n|\n|t:|1700586969\n|move|p1a: Cottonee|Leech Seed|p2a: Haxorus\n|-start|p2a: Haxorus|move: Leech Seed\n|move|p2a: Haxorus|Poison Jab|p1a: Cottonee\n|-supereffective|p1a: Cottonee\n|-damage|p1a: Cottonee|0 fnt\n|faint|p1a: Cottonee\n|\n|upkeep\n|\n|t:|1700586975\n|switch|p1a: Glimmora|Glimmora, M, tera:Flying|18\/100\n|turn|55\n|\n|t:|1700586979\n|switch|p2a: Manectric|Manectric-Mega, M|46\/100 tox\n|-ability|p2a: Manectric|Intimidate|boost\n|-unboost|p1a: Glimmora|atk|1\n|move|p1a: Glimmora|Spiky Shield||[still]\n|-fail|p1a: Glimmora\n|\n|-heal|p1a: Glimmora|24\/100|[from] item: Leftovers\n|-damage|p2a: Manectric|40\/100 tox|[from] psn\n|upkeep\n|turn|56\n|\n|t:|1700586989\n|move|p2a: Manectric|Thunderbolt|p1a: Glimmora\n|-supereffective|p1a: Glimmora\n|-damage|p1a: Glimmora|0 fnt\n|faint|p1a: Glimmora\n|\n|win|runeatest\n|raw|Docturo's rating: 1141 &rarr; <strong>1121<\/strong><br \/>(-20 for losing)\n|raw|runeatest's rating: 1208 &rarr; <strong>1228<\/strong><br \/>(+20 for winning)\n|l|\u2606Docturo\n|c|\u2606runeatest|STUPID\n","uploadtime":1700586999,"views":0,"p1id":"docturo","p2id":"runeatest","formatid":"gen9nationaldex","rating":1121,"private":0,"password":""}