{"id":"gen9nationaldex-1990844199","p1":"froggitgod","p2":"Jarl_jake","format":"[Gen 9] National Dex","log":"|j|\u2606froggitgod\n|j|\u2606Jarl_jake\n|t:|1700006759\n|gametype|singles\n|player|p1|froggitgod|hilbert|1344\n|player|p2|Jarl_jake|red|1363\n|teamsize|p1|6\n|teamsize|p2|6\n|gen|9\n|tier|[Gen 9] National Dex\n|rated|\n|rule|HP Percentage Mod: HP is shown in percentages\n|rule|Endless Battle Clause: Forcing endless battles is banned\n|rule|OHKO Clause: OHKO moves are banned\n|rule|Evasion Clause: Evasion abilities, items, and moves are banned\n|rule|Evasion Abilities Clause: Evasion abilities are banned\n|rule|Evasion Items Clause: Evasion items are banned\n|rule|Evasion Moves Clause: Evasion moves are banned\n|rule|Species Clause: Limit one of each Pok\u00e9mon\n|rule|Sleep Clause Mod: Limit one foe put to sleep\n|clearpoke\n|poke|p1|Zoroark, M|\n|poke|p1|Cinderace, F|\n|poke|p1|Samurott-Hisui, M|\n|poke|p1|Greninja-*, M|\n|poke|p1|Lucario, M|\n|poke|p1|Charizard, F|\n|poke|p2|Gyarados, M|\n|poke|p2|Latios, M|\n|poke|p2|Venusaur, F|\n|poke|p2|Volcarona, F|\n|poke|p2|Shuckle, F|\n|poke|p2|Great Tusk|\n|teampreview\n|\n|t:|1700006768\n|start\n|switch|p1a: Charizard-Mega Y|Charizard, F|100\/100\n|switch|p2a: Shuckie|Shuckle, F, shiny|100\/100\n|turn|1\n|\n|t:|1700006775\n|move|p1a: Charizard-Mega Y|Flamethrower|p2a: Shuckie\n|-damage|p2a: Shuckie|83\/100\n|-enditem|p2a: Shuckie|Red Card|[of] p1a: Charizard-Mega Y\n|drag|p1a: Samurott|Samurott-Hisui, M, shiny|100\/100\n|move|p2a: Shuckie|Sticky Web|p1a: Samurott\n|-sidestart|p1: froggitgod|move: Sticky Web\n|\n|upkeep\n|turn|2\n|\n|t:|1700006797\n|move|p1a: Samurott|Razor Shell|p2a: Shuckie\n|-supereffective|p2a: Shuckie\n|-damage|p2a: Shuckie|16\/100\n|-unboost|p2a: Shuckie|def|1\n|move|p2a: Shuckie|Power Split|p1a: Samurott\n|-activate|p2a: Shuckie|move: Power Split|[of] p1a: Samurott\n|\n|upkeep\n|turn|3\n|\n|t:|1700006808\n|move|p1a: Samurott|Razor Shell|p2a: Shuckie\n|-supereffective|p2a: Shuckie\n|-damage|p2a: Shuckie|0 fnt\n|faint|p2a: Shuckie\n|\n|upkeep\n|\n|t:|1700006819\n|switch|p2a: Thunder Smash|Venusaur, F, shiny|100\/100\n|turn|4\n|\n|t:|1700006832\n|switch|p1a: Charizard-Mega Y|Charizard, F|100\/100\n|detailschange|p2a: Thunder Smash|Venusaur-Mega, F, shiny\n|-mega|p2a: Thunder Smash|Venusaur|Venusaurite\n|move|p2a: Thunder Smash|Leech Seed|p1a: Charizard-Mega Y\n|-start|p1a: Charizard-Mega Y|move: Leech Seed\n|\n|-damage|p1a: Charizard-Mega Y|88\/100|[from] Leech Seed|[of] p2a: Thunder Smash\n|upkeep\n|turn|5\n|\n|t:|1700006849\n|detailschange|p1a: Charizard-Mega Y|Charizard-Mega-X, F\n|-mega|p1a: Charizard-Mega Y|Charizard|Charizardite X\n|move|p1a: Charizard-Mega Y|Flare Blitz|p2a: Thunder Smash\n|-supereffective|p2a: Thunder Smash\n|-damage|p2a: Thunder Smash|42\/100\n|-damage|p1a: Charizard-Mega Y|64\/100|[from] Recoil\n|move|p2a: Thunder Smash|Sludge Bomb|p1a: Charizard-Mega Y\n|-damage|p1a: Charizard-Mega Y|6\/100\n|-status|p1a: Charizard-Mega Y|psn\n|\n|-damage|p1a: Charizard-Mega Y|0 fnt|[from] Leech Seed|[of] p2a: Thunder Smash\n|-heal|p2a: Thunder Smash|46\/100|[silent]\n|faint|p1a: Charizard-Mega Y\n|upkeep\n|\n|t:|1700006858\n|switch|p1a: Cinderace|Cinderace, F|100\/100\n|turn|6\n|\n|t:|1700006869\n|move|p1a: Cinderace|Pyro Ball|p2a: Thunder Smash\n|-supereffective|p2a: Thunder Smash\n|-damage|p2a: Thunder Smash|3\/100\n|move|p2a: Thunder Smash|Earth Power|p1a: Cinderace\n|-supereffective|p1a: Cinderace\n|-damage|p1a: Cinderace|10\/100\n|\n|upkeep\n|turn|7\n|\n|t:|1700006881\n|move|p1a: Cinderace|Court Change|p1a: Cinderace\n|-start|p1a: Cinderace|typechange|Normal|[from] ability: Libero\n|-swapsideconditions\n|-activate|p1a: Cinderace|move: Court Change\n|move|p2a: Thunder Smash|Earth Power|p1a: Cinderace\n|-damage|p1a: Cinderace|0 fnt\n|faint|p1a: Cinderace\n|\n|upkeep\n|inactive|Battle timer is ON: inactive players will automatically lose when time's up. (requested by Jarl_jake)\n|inactive|froggitgod has 120 seconds left.\n|\n|t:|1700006969\n|switch|p1a: Froggit|Greninja, M|100\/100\n|turn|8\n|\n|t:|1700006975\n|switch|p2a: Fake Dragon|Gyarados, M, shiny|100\/100\n|move|p1a: Froggit|Dark Pulse|p2a: Fake Dragon\n|-damage|p2a: Fake Dragon|64\/100\n|\n|upkeep\n|turn|9\n|\n|t:|1700006982\n|move|p1a: Froggit|Dark Pulse|p2a: Fake Dragon\n|-damage|p2a: Fake Dragon|29\/100\n|move|p2a: Fake Dragon|Dragon Dance|p2a: Fake Dragon\n|-boost|p2a: Fake Dragon|atk|1\n|-boost|p2a: Fake Dragon|spe|1\n|\n|upkeep\n|turn|10\n|\n|t:|1700006992\n|switch|p1a: Samurott|Samurott-Hisui, M, shiny|100\/100\n|move|p2a: Fake Dragon|Earthquake|p1a: Samurott\n|-damage|p1a: Samurott|27\/100\n|\n|upkeep\n|turn|11\n|\n|t:|1700007003\n|move|p1a: Samurott|Sucker Punch|p2a: Fake Dragon\n|-damage|p2a: Fake Dragon|0 fnt\n|faint|p2a: Fake Dragon\n|\n|upkeep\n|\n|t:|1700007015\n|switch|p2a: Spicy Meatball|Volcarona, F, shiny|100\/100\n|turn|12\n|\n|t:|1700007028\n|switch|p1a: Froggit|Greninja, M|100\/100\n|move|p2a: Spicy Meatball|Bug Buzz|p1a: Froggit\n|-supereffective|p1a: Froggit\n|-damage|p1a: Froggit|0 fnt\n|replace|p1a: Zoroark|Zoroark, M\n|-end|p1a: Zoroark|Illusion\n|faint|p1a: Zoroark\n|\n|upkeep\n|\n|t:|1700007034\n|switch|p1a: Samurott|Samurott-Hisui, M, shiny|27\/100\n|turn|13\n|\n|t:|1700007046\n|move|p1a: Samurott|Razor Shell|p2a: Spicy Meatball\n|-supereffective|p2a: Spicy Meatball\n|-damage|p2a: Spicy Meatball|0 fnt\n|-status|p1a: Samurott|brn|[from] ability: Flame Body|[of] p2a: Spicy Meatball\n|faint|p2a: Spicy Meatball\n|\n|-damage|p1a: Samurott|20\/100 brn|[from] brn\n|upkeep\n|\n|t:|1700007057\n|switch|p2a: Real Dragon|Latios, M, shiny|100\/100\n|turn|14\n|\n|t:|1700007069\n|move|p1a: Samurott|Razor Shell|p2a: Real Dragon\n|-resisted|p2a: Real Dragon\n|-damage|p2a: Real Dragon|80\/100\n|-unboost|p2a: Real Dragon|def|1\n|move|p2a: Real Dragon|Aura Sphere|p1a: Samurott\n|-supereffective|p1a: Samurott\n|-damage|p1a: Samurott|0 fnt\n|faint|p1a: Samurott\n|\n|upkeep\n|\n|t:|1700007076\n|switch|p1a: Lucario|Lucario, M|100\/100\n|turn|15\n|\n|t:|1700007083\n|switch|p2a: Thunder Smash|Venusaur-Mega, F, shiny|3\/100\n|-activate|p2a: Thunder Smash|move: Sticky Web\n|-unboost|p2a: Thunder Smash|spe|1\n|move|p1a: Lucario|Earthquake|p2a: Thunder Smash\n|-damage|p2a: Thunder Smash|0 fnt\n|faint|p2a: Thunder Smash\n|\n|upkeep\n|\n|t:|1700007093\n|switch|p2a: Unga Bunga|Great Tusk, shiny|100\/100\n|-activate|p2a: Unga Bunga|move: Sticky Web\n|-unboost|p2a: Unga Bunga|spe|1\n|-enditem|p2a: Unga Bunga|Booster Energy\n|-activate|p2a: Unga Bunga|ability: Protosynthesis|[fromitem]\n|-start|p2a: Unga Bunga|protosynthesisatk\n|turn|16\n|\n|t:|1700007101\n|move|p2a: Unga Bunga|Rapid Spin|p1a: Lucario\n|-resisted|p1a: Lucario\n|-damage|p1a: Lucario|79\/100\n|-boost|p2a: Unga Bunga|spe|1\n|-sideend|p2: Jarl_jake|Sticky Web|[from] move: Rapid Spin|[of] p2a: Unga Bunga\n|move|p1a: Lucario|Counter|p2a: Unga Bunga\n|-damage|p2a: Unga Bunga|68\/100\n|\n|upkeep\n|turn|17\n|\n|t:|1700007115\n|move|p1a: Lucario|Close Combat|p2a: Unga Bunga\n|-damage|p2a: Unga Bunga|30\/100\n|-unboost|p1a: Lucario|def|1\n|-unboost|p1a: Lucario|spd|1\n|move|p2a: Unga Bunga|Rapid Spin|p1a: Lucario\n|-resisted|p1a: Lucario\n|-damage|p1a: Lucario|49\/100\n|-boost|p2a: Unga Bunga|spe|1\n|\n|upkeep\n|turn|18\n|\n|t:|1700007127\n|move|p1a: Lucario|Extreme Speed|p2a: Unga Bunga\n|-damage|p2a: Unga Bunga|13\/100\n|move|p2a: Unga Bunga|Headlong Rush|p1a: Lucario\n|-supereffective|p1a: Lucario\n|-damage|p1a: Lucario|0 fnt\n|-unboost|p2a: Unga Bunga|def|1\n|-unboost|p2a: Unga Bunga|spd|1\n|faint|p1a: Lucario\n|\n|upkeep\n|\n|t:|1700007132\n|switch|p1a: Froggit|Greninja, M|100\/100\n|turn|19\n|\n|t:|1700007140\n|move|p1a: Froggit|Water Shuriken|p2a: Unga Bunga\n|-supereffective|p2a: Unga Bunga\n|-damage|p2a: Unga Bunga|0 fnt\n|faint|p2a: Unga Bunga\n|-end|p2a: Unga Bunga|Protosynthesis|[silent]\n|-ability|p1a: Froggit|Battle Bond|boost\n|-boost|p1a: Froggit|atk|1\n|-boost|p1a: Froggit|spa|1\n|-boost|p1a: Froggit|spe|1\n|-activate|p1a: Froggit|ability: Battle Bond\n|-hitcount|p2: Unga Bunga|1\n|\n|upkeep\n|\n|t:|1700007149\n|switch|p2a: Real Dragon|Latios, M, shiny|80\/100\n|turn|20\n|\n|t:|1700007153\n|-terastallize|p2a: Real Dragon|Fighting\n|move|p1a: Froggit|Dark Pulse|p2a: Real Dragon\n|-resisted|p2a: Real Dragon\n|-damage|p2a: Real Dragon|54\/100\n|move|p2a: Real Dragon|Aura Sphere|p1a: Froggit\n|-supereffective|p1a: Froggit\n|-damage|p1a: Froggit|0 fnt\n|faint|p1a: Froggit\n|\n|win|Jarl_jake\n|raw|froggitgod's rating: 1344 &rarr; <strong>1325<\/strong><br \/>(-19 for losing)\n|raw|Jarl_jake's rating: 1363 &rarr; <strong>1382<\/strong><br \/>(+19 for winning)\n|l|\u2606froggitgod\n","uploadtime":1700007167,"views":17,"p1id":"froggitgod","p2id":"jarljake","formatid":"gen9nationaldex","rating":1325,"private":0,"password":""}