{"id":"gen9nationaldex-1996062920","p1":"xiaoyufeifei","p2":"Blake-Mamba","format":"[Gen 9] National Dex","log":"|html|<div class=\"broadcast-blue\"><strong>[Gen 9] National Dex is currently suspecting Sneasler! For information on how to participate check out the <a href=\"https:\/\/www.smogon.com\/forums\/threads\/sv-national-dex-suspect-8-just-dance.3731534\/\">suspect thread<\/a>.<\/strong><\/div>\n|j|\u2606xiaoyufeifei\n|j|\u2606Blake-Mamba\n|t:|1700637831\n|gametype|singles\n|player|p1|xiaoyufeifei|1|1341\n|player|p2|Blake-Mamba|juan|1371\n|teamsize|p1|6\n|teamsize|p2|6\n|gen|9\n|tier|[Gen 9] National Dex\n|rated|\n|rule|HP Percentage Mod: HP is shown in percentages\n|rule|Endless Battle Clause: Forcing endless battles is banned\n|rule|OHKO Clause: OHKO moves are banned\n|rule|Evasion Clause: Evasion abilities, items, and moves are banned\n|rule|Evasion Abilities Clause: Evasion abilities are banned\n|rule|Evasion Items Clause: Evasion items are banned\n|rule|Evasion Moves Clause: Evasion moves are banned\n|rule|Species Clause: Limit one of each Pok\u00e9mon\n|rule|Sleep Clause Mod: Limit one foe put to sleep\n|clearpoke\n|poke|p1|Tyranitar, F|\n|poke|p1|Iron Valiant|\n|poke|p1|Moltres|\n|poke|p1|Glimmora, F|\n|poke|p1|Volcanion|\n|poke|p1|Dragonite, F|\n|poke|p2|Tyrantrum, M|\n|poke|p2|Aurorus, F|\n|poke|p2|Omastar, F|\n|poke|p2|Aerodactyl, F|\n|poke|p2|Rampardos, F|\n|poke|p2|Cradily, F|\n|teampreview\n|\n|t:|1700637837\n|start\n|switch|p1a: Psychedelic|Glimmora, F, shiny|100\/100\n|switch|p2a: Lord Helix|Omastar, F|100\/100\n|turn|1\n|\n|t:|1700637843\n|move|p1a: Psychedelic|Stealth Rock|p2a: Lord Helix\n|-sidestart|p2: Blake-Mamba|move: Stealth Rock\n|move|p2a: Lord Helix|Shell Smash|p2a: Lord Helix\n|-unboost|p2a: Lord Helix|def|1\n|-unboost|p2a: Lord Helix|spd|1\n|-boost|p2a: Lord Helix|atk|2\n|-boost|p2a: Lord Helix|spa|2\n|-boost|p2a: Lord Helix|spe|2\n|\n|upkeep\n|turn|2\n|\n|t:|1700637851\n|move|p2a: Lord Helix|Ancient Power|p1a: Psychedelic\n|-damage|p1a: Psychedelic|12\/100\n|move|p1a: Psychedelic|Mortal Spin|p2a: Lord Helix\n|-resisted|p2a: Lord Helix\n|-damage|p2a: Lord Helix|96\/100\n|-status|p2a: Lord Helix|psn\n|-ability|p2a: Lord Helix|Weak Armor|boost\n|-unboost|p2a: Lord Helix|def|1\n|-boost|p2a: Lord Helix|spe|2\n|\n|-damage|p2a: Lord Helix|83\/100 psn|[from] psn\n|upkeep\n|turn|3\n|\n|t:|1700637870\n|move|p2a: Lord Helix|Ancient Power|p1a: Psychedelic\n|-damage|p1a: Psychedelic|0 fnt\n|faint|p1a: Psychedelic\n|\n|-damage|p2a: Lord Helix|71\/100 psn|[from] psn\n|upkeep\n|inactive|Battle timer is ON: inactive players will automatically lose when time's up. (requested by Blake-Mamba)\n|\n|t:|1700637885\n|switch|p1a: Tyranitar|Tyranitar, F|100\/100\n|-weather|Sandstorm|[from] ability: Sand Stream|[of] p1a: Tyranitar\n|turn|4\n|\n|t:|1700637890\n|detailschange|p1a: Tyranitar|Tyranitar-Mega, F\n|-mega|p1a: Tyranitar|Tyranitar|Tyranitarite\n|move|p2a: Lord Helix|Surf|p1a: Tyranitar\n|-supereffective|p1a: Tyranitar\n|-damage|p1a: Tyranitar|4\/100\n|move|p1a: Tyranitar|Earthquake|p2a: Lord Helix\n|-supereffective|p2a: Lord Helix\n|-damage|p2a: Lord Helix|0 fnt\n|faint|p2a: Lord Helix\n|\n|-weather|Sandstorm|[upkeep]\n|upkeep\n|\n|t:|1700637904\n|switch|p2a: Little Foot|Aurorus, F|100\/100\n|-damage|p2a: Little Foot|76\/100|[from] Stealth Rock\n|-weather|Snow|[from] ability: Snow Warning|[of] p2a: Little Foot\n|turn|5\n|\n|t:|1700637912\n|switch|p1a: Moltres|Moltres|100\/100\n|move|p2a: Little Foot|Rock Polish|p2a: Little Foot\n|-boost|p2a: Little Foot|spe|2\n|\n|-weather|Snow|[upkeep]\n|upkeep\n|turn|6\n|\n|t:|1700637933\n|switch|p1a: Volcanion|Volcanion|100\/100\n|move|p2a: Little Foot|Meteor Beam||[still]\n|-prepare|p2a: Little Foot|Meteor Beam\n|-boost|p2a: Little Foot|spa|1\n|-enditem|p2a: Little Foot|Power Herb\n|-anim|p2a: Little Foot|Meteor Beam|p1a: Volcanion\n|-supereffective|p1a: Volcanion\n|-damage|p1a: Volcanion|0 fnt\n|faint|p1a: Volcanion\n|\n|-weather|Snow|[upkeep]\n|upkeep\n|\n|t:|1700637940\n|switch|p1a: Iron Valiant|Iron Valiant, shiny|100\/100\n|turn|7\n|-message|xiaoyufeifei forfeited.\n|\n|win|Blake-Mamba\n|raw|xiaoyufeifei's rating: 1341 &rarr; <strong>1323<\/strong><br \/>(-18 for losing)\n|raw|Blake-Mamba's rating: 1371 &rarr; <strong>1389<\/strong><br \/>(+18 for winning)\n|l|\u2606xiaoyufeifei\n","uploadtime":1700637955,"views":6,"p1id":"xiaoyufeifei","p2id":"blakemamba","formatid":"gen9nationaldex","rating":1323,"private":0,"password":""}