{"id":"gen9nationaldex-1987407251","p1":"BaraoZX","p2":"Vandall Flagg","format":"[Gen 9] National Dex","log":"|j|\u2606BaraoZX\n|j|\u2606Vandall Flagg\n|t:|1699587327\n|gametype|singles\n|player|p1|BaraoZX|hilbert-wonderlauncher|1086\n|player|p2|Vandall Flagg|red|1105\n|teamsize|p1|6\n|teamsize|p2|6\n|gen|9\n|tier|[Gen 9] National Dex\n|rated|\n|rule|HP Percentage Mod: HP is shown in percentages\n|rule|Endless Battle Clause: Forcing endless battles is banned\n|rule|OHKO Clause: OHKO moves are banned\n|rule|Evasion Clause: Evasion abilities, items, and moves are banned\n|rule|Evasion Abilities Clause: Evasion abilities are banned\n|rule|Evasion Items Clause: Evasion items are banned\n|rule|Evasion Moves Clause: Evasion moves are banned\n|rule|Species Clause: Limit one of each Pok\u00e9mon\n|rule|Sleep Clause Mod: Limit one foe put to sleep\n|clearpoke\n|poke|p1|Lucario, M|\n|poke|p1|Chansey, F|\n|poke|p1|Noivern, F|\n|poke|p1|Gengar, F|\n|poke|p1|Empoleon, M|\n|poke|p1|Ursaluna, M|\n|poke|p2|Raichu, F|\n|poke|p2|Blastoise, F|\n|poke|p2|Venusaur, F|\n|poke|p2|Charizard, M|\n|poke|p2|Snorlax, F|\n|poke|p2|Espeon, F|\n|teampreview\n|\n|t:|1699587334\n|start\n|switch|p1a: Lucario|Lucario, M|100\/100\n|switch|p2a: Espeon|Espeon, F|100\/100\n|turn|1\n|c|\u2606Vandall Flagg|good luck\n|\n|t:|1699587339\n|move|p2a: Espeon|Psyshock|p1a: Lucario\n|-damage|p1a: Lucario|31\/100\n|move|p1a: Lucario|Swords Dance|p1a: Lucario\n|-boost|p1a: Lucario|atk|2\n|\n|upkeep\n|turn|2\n|\n|t:|1699587357\n|move|p1a: Lucario|Extreme Speed|p2a: Espeon\n|-damage|p2a: Espeon|0 fnt\n|faint|p2a: Espeon\n|-damage|p1a: Lucario|21\/100|[from] item: Life Orb\n|\n|upkeep\n|\n|t:|1699587369\n|switch|p2a: Raichu|Raichu, F|100\/100\n|turn|3\n|\n|t:|1699587372\n|move|p2a: Raichu|Trailblaze|p1a: Lucario\n|-resisted|p1a: Lucario\n|-damage|p1a: Lucario|10\/100\n|-boost|p2a: Raichu|spe|1\n|move|p1a: Lucario|Meteor Mash|p2a: Raichu\n|-resisted|p2a: Raichu\n|-enditem|p2a: Raichu|Focus Sash\n|-damage|p2a: Raichu|1\/100\n|-damage|p1a: Lucario|0 fnt|[from] item: Life Orb\n|faint|p1a: Lucario\n|\n|upkeep\n|\n|t:|1699587387\n|switch|p1a: Chansey|Chansey, F|100\/100\n|turn|4\n|\n|t:|1699587390\n|move|p2a: Raichu|Volt Tackle|p1a: Chansey\n|-damage|p1a: Chansey|63\/100\n|-damage|p2a: Raichu|0 fnt|[from] Recoil\n|faint|p2a: Raichu\n|move|p1a: Chansey|Seismic Toss|p2: Raichu|[notarget]\n|-fail|p1a: Chansey\n|\n|upkeep\n|\n|t:|1699587399\n|switch|p2a: Snorlax|Snorlax, F|100\/100\n|turn|5\n|\n|t:|1699587411\n|switch|p1a: Gengar|Gengar, F|100\/100\n|move|p2a: Snorlax|Curse|p2a: Snorlax\n|-unboost|p2a: Snorlax|spe|1\n|-boost|p2a: Snorlax|atk|1\n|-boost|p2a: Snorlax|def|1\n|\n|upkeep\n|turn|6\n|\n|t:|1699587422\n|move|p1a: Gengar|Sludge Bomb|p2a: Snorlax\n|-damage|p2a: Snorlax|79\/100\n|move|p2a: Snorlax|Curse|p2a: Snorlax\n|-unboost|p2a: Snorlax|spe|1\n|-boost|p2a: Snorlax|atk|1\n|-boost|p2a: Snorlax|def|1\n|\n|upkeep\n|turn|7\n|\n|t:|1699587429\n|move|p1a: Gengar|Hypnosis|p2a: Snorlax|[miss]\n|-miss|p1a: Gengar|p2a: Snorlax\n|move|p2a: Snorlax|Curse|p2a: Snorlax\n|-unboost|p2a: Snorlax|spe|1\n|-boost|p2a: Snorlax|atk|1\n|-boost|p2a: Snorlax|def|1\n|\n|upkeep\n|turn|8\n|\n|t:|1699587437\n|move|p1a: Gengar|Hypnosis|p2a: Snorlax\n|-status|p2a: Snorlax|slp|[from] move: Hypnosis\n|-enditem|p2a: Snorlax|Chesto Berry|[eat]\n|-curestatus|p2a: Snorlax|slp|[msg]\n|move|p2a: Snorlax|Darkest Lariat|p1a: Gengar\n|-supereffective|p1a: Gengar\n|-damage|p1a: Gengar|0 fnt\n|faint|p1a: Gengar\n|\n|upkeep\n|\n|t:|1699587453\n|switch|p1a: Chansey|Chansey, F|63\/100\n|turn|9\n|\n|t:|1699587456\n|move|p1a: Chansey|Seismic Toss|p2a: Snorlax\n|-damage|p2a: Snorlax|59\/100\n|move|p2a: Snorlax|Body Press|p1a: Chansey\n|-supereffective|p1a: Chansey\n|-damage|p1a: Chansey|16\/100\n|\n|upkeep\n|turn|10\n|\n|t:|1699587462\n|move|p1a: Chansey|Seismic Toss|p2a: Snorlax\n|-damage|p2a: Snorlax|40\/100\n|move|p2a: Snorlax|Body Press|p1a: Chansey\n|-supereffective|p1a: Chansey\n|-damage|p1a: Chansey|0 fnt\n|faint|p1a: Chansey\n|\n|upkeep\n|\n|t:|1699587470\n|switch|p1a: Noivern|Noivern, F|100\/100\n|turn|11\n|\n|t:|1699587472\n|move|p1a: Noivern|Draco Meteor|p2a: Snorlax\n|-damage|p2a: Snorlax|17\/100\n|-unboost|p1a: Noivern|spa|2\n|move|p2a: Snorlax|Rest|p2a: Snorlax\n|-status|p2a: Snorlax|slp|[from] move: Rest\n|-heal|p2a: Snorlax|100\/100 slp|[silent]\n|\n|upkeep\n|turn|12\n|\n|t:|1699587482\n|move|p1a: Noivern|Flamethrower|p2a: Snorlax\n|-damage|p2a: Snorlax|98\/100 slp\n|cant|p2a: Snorlax|slp\n|\n|upkeep\n|turn|13\n|\n|t:|1699587488\n|move|p1a: Noivern|Shadow Ball|p2a: Snorlax\n|-immune|p2a: Snorlax\n|cant|p2a: Snorlax|slp\n|\n|upkeep\n|turn|14\n|\n|t:|1699587493\n|move|p1a: Noivern|Flamethrower|p2a: Snorlax\n|-damage|p2a: Snorlax|95\/100 slp\n|-curestatus|p2a: Snorlax|slp|[msg]\n|move|p2a: Snorlax|Darkest Lariat|p1a: Noivern\n|-damage|p1a: Noivern|27\/100\n|\n|upkeep\n|turn|15\n|\n|t:|1699587500\n|move|p1a: Noivern|Flamethrower|p2a: Snorlax\n|-damage|p2a: Snorlax|92\/100\n|move|p2a: Snorlax|Darkest Lariat|p1a: Noivern\n|-damage|p1a: Noivern|0 fnt\n|faint|p1a: Noivern\n|\n|upkeep\n|\n|t:|1699587507\n|switch|p1a: Ursaluna|Ursaluna, M|100\/100\n|turn|16\n|\n|t:|1699587513\n|-terastallize|p1a: Ursaluna|Ghost\n|move|p1a: Ursaluna|Bulk Up|p1a: Ursaluna\n|-boost|p1a: Ursaluna|atk|1\n|-boost|p1a: Ursaluna|def|1\n|move|p2a: Snorlax|Curse|p2a: Snorlax\n|-unboost|p2a: Snorlax|spe|1\n|-boost|p2a: Snorlax|atk|1\n|-boost|p2a: Snorlax|def|1\n|\n|upkeep\n|turn|17\n|\n|t:|1699587521\n|move|p1a: Ursaluna|Bulk Up|p1a: Ursaluna\n|-boost|p1a: Ursaluna|atk|1\n|-boost|p1a: Ursaluna|def|1\n|move|p2a: Snorlax|Darkest Lariat|p1a: Ursaluna\n|-supereffective|p1a: Ursaluna\n|-damage|p1a: Ursaluna|13\/100\n|\n|-heal|p1a: Ursaluna|19\/100|[from] item: Leftovers\n|upkeep\n|turn|18\n|c|\u2606Vandall Flagg|thank goodness for DL ignoring your defense gains, GG\n|\n|t:|1699587539\n|move|p1a: Ursaluna|Drain Punch|p2a: Snorlax\n|-supereffective|p2a: Snorlax\n|-damage|p2a: Snorlax|54\/100\n|-heal|p1a: Ursaluna|41\/100|[from] drain|[of] p2a: Snorlax\n|move|p2a: Snorlax|Darkest Lariat|p1a: Ursaluna\n|-supereffective|p1a: Ursaluna\n|-damage|p1a: Ursaluna|0 fnt\n|faint|p1a: Ursaluna\n|\n|upkeep\n|\n|t:|1699587547\n|switch|p1a: Empoleon|Empoleon, M|100\/100\n|turn|19\n|\n|t:|1699587551\n|move|p1a: Empoleon|Toxic|p2a: Snorlax\n|-status|p2a: Snorlax|tox\n|move|p2a: Snorlax|Body Press|p1a: Empoleon\n|-supereffective|p1a: Empoleon\n|-damage|p1a: Empoleon|23\/100\n|\n|-heal|p1a: Empoleon|29\/100|[from] item: Leftovers\n|-damage|p2a: Snorlax|48\/100 tox|[from] psn\n|upkeep\n|turn|20\n|\n|t:|1699587560\n|move|p1a: Empoleon|Roost|p1a: Empoleon\n|-heal|p1a: Empoleon|79\/100\n|-singleturn|p1a: Empoleon|move: Roost\n|move|p2a: Snorlax|Body Press|p1a: Empoleon\n|-supereffective|p1a: Empoleon\n|-damage|p1a: Empoleon|0 fnt\n|faint|p1a: Empoleon\n|\n|win|Vandall Flagg\n|raw|BaraoZX's rating: 1086 &rarr; <strong>1064<\/strong><br \/>(-22 for losing)\n|raw|Vandall Flagg's rating: 1105 &rarr; <strong>1129<\/strong><br \/>(+24 for winning)\n|l|\u2606BaraoZX\n","uploadtime":1699587573,"views":7,"p1id":"baraozx","p2id":"vandallflagg","formatid":"gen9nationaldex","rating":1064,"private":0,"password":""}