{"id":"gen9nationaldex-1994173726","p1":"AerBlaziken","p2":"Pavro","format":"[Gen 9] National Dex","log":"|j|\u2606AerBlaziken\n|j|\u2606Pavro\n|t:|1700415326\n|gametype|singles\n|player|p1|AerBlaziken|hexmaniac-gen6|1297\n|player|p2|Pavro|jasmine-gen2|1234\n|teamsize|p1|6\n|teamsize|p2|6\n|gen|9\n|tier|[Gen 9] National Dex\n|rated|\n|rule|HP Percentage Mod: HP is shown in percentages\n|rule|Endless Battle Clause: Forcing endless battles is banned\n|rule|OHKO Clause: OHKO moves are banned\n|rule|Evasion Clause: Evasion abilities, items, and moves are banned\n|rule|Evasion Abilities Clause: Evasion abilities are banned\n|rule|Evasion Items Clause: Evasion items are banned\n|rule|Evasion Moves Clause: Evasion moves are banned\n|rule|Species Clause: Limit one of each Pok\u00e9mon\n|rule|Sleep Clause Mod: Limit one foe put to sleep\n|clearpoke\n|poke|p1|Wo-Chien|\n|poke|p1|Porygon-Z|\n|poke|p1|Rhydon, M|\n|poke|p1|Scizor, F|\n|poke|p1|Dusknoir, F|\n|poke|p1|Zoroark-Hisui, F|\n|poke|p2|Tsareena, F|\n|poke|p2|Mawile, F|\n|poke|p2|Galvantula, M|\n|poke|p2|Heatran, M|\n|poke|p2|Greninja-*, M|\n|poke|p2|Ninetales-Alola, M|\n|teampreview\n|\n|t:|1700415334\n|start\n|switch|p1a: Deez Nuts|Rhydon, M|100\/100\n|switch|p2a: Galvantula|Galvantula, M|100\/100\n|turn|1\n|\n|t:|1700415343\n|move|p2a: Galvantula|Sticky Web|p1a: Deez Nuts\n|-sidestart|p1: AerBlaziken|move: Sticky Web\n|move|p1a: Deez Nuts|Power-Up Punch|p2a: Galvantula\n|-resisted|p2a: Galvantula\n|-damage|p2a: Galvantula|86\/100\n|-boost|p1a: Deez Nuts|atk|1\n|\n|upkeep\n|turn|2\n|\n|t:|1700415357\n|switch|p2a: Mawile|Mawile, F, shiny|100\/100\n|-ability|p2a: Mawile|Intimidate|boost\n|-unboost|p1a: Deez Nuts|atk|1\n|move|p1a: Deez Nuts|Earthquake|p2a: Mawile\n|-supereffective|p2a: Mawile\n|-damage|p2a: Mawile|0 fnt\n|faint|p2a: Mawile\n|\n|upkeep\n|\n|t:|1700415364\n|switch|p2a: Ninetales|Ninetales-Alola, M|100\/100\n|-weather|Snow|[from] ability: Snow Warning|[of] p2a: Ninetales\n|turn|3\n|\n|t:|1700415369\n|move|p2a: Ninetales|Aurora Veil|p2a: Ninetales\n|-sidestart|p2: Pavro|move: Aurora Veil\n|move|p1a: Deez Nuts|Power-Up Punch|p2a: Ninetales\n|-damage|p2a: Ninetales|94\/100\n|-boost|p1a: Deez Nuts|atk|1\n|\n|-weather|Snow|[upkeep]\n|upkeep\n|turn|4\n|\n|t:|1700415378\n|switch|p1a: Lobster|Scizor, F|100\/100\n|-activate|p1a: Lobster|move: Sticky Web\n|-unboost|p1a: Lobster|spe|1\n|move|p2a: Ninetales|Hypnosis|p1a: Lobster\n|-status|p1a: Lobster|slp|[from] move: Hypnosis\n|\n|-weather|Snow|[upkeep]\n|upkeep\n|turn|5\n|\n|t:|1700415383\n|switch|p2a: Tsareena|Tsareena, F|100\/100\n|detailschange|p1a: Lobster|Scizor-Mega, F\n|-mega|p1a: Lobster|Scizor|Scizorite\n|cant|p1a: Lobster|slp\n|\n|-weather|Snow|[upkeep]\n|upkeep\n|turn|6\n|\n|t:|1700415390\n|move|p2a: Tsareena|Swagger|p1a: Lobster\n|-boost|p1a: Lobster|atk|2\n|-enditem|p2a: Tsareena|Mirror Herb\n|-boost|p2a: Tsareena|atk|2|[from] item: Mirror Herb\n|-start|p1a: Lobster|confusion\n|cant|p1a: Lobster|slp\n|\n|-weather|Snow|[upkeep]\n|upkeep\n|turn|7\n|\n|t:|1700415401\n|move|p2a: Tsareena|High Jump Kick|p1a: Lobster\n|-damage|p1a: Lobster|42\/100 slp\n|-curestatus|p1a: Lobster|slp|[msg]\n|-activate|p1a: Lobster|confusion\n|move|p1a: Lobster|U-turn|p2a: Tsareena\n|-supereffective|p2a: Tsareena\n|-damage|p2a: Tsareena|0 fnt\n|faint|p2a: Tsareena\n|\n|t:|1700415416\n|switch|p1a: Hellraiser|Dusknoir, F|100\/100|[from] U-turn\n|-activate|p1a: Hellraiser|move: Sticky Web\n|-unboost|p1a: Hellraiser|spe|1\n|-ability|p1a: Hellraiser|Pressure\n|\n|-weather|none\n|upkeep\n|\n|t:|1700415434\n|switch|p2a: Greninja|Greninja, M|100\/100\n|turn|8\n|\n|t:|1700415474\n|move|p2a: Greninja|Dark Pulse|p1a: Hellraiser\n|-supereffective|p1a: Hellraiser\n|-damage|p1a: Hellraiser|18\/100\n|-damage|p2a: Greninja|91\/100|[from] item: Life Orb\n|move|p1a: Hellraiser|Destiny Bond|p1a: Hellraiser\n|-singlemove|p1a: Hellraiser|Destiny Bond\n|\n|upkeep\n|turn|9\n|\n|t:|1700415482\n|move|p2a: Greninja|Dark Pulse|p1a: Hellraiser\n|-supereffective|p1a: Hellraiser\n|-damage|p1a: Hellraiser|0 fnt\n|faint|p1a: Hellraiser\n|-activate|p1a: Hellraiser|move: Destiny Bond\n|faint|p2a: Greninja\n|\n|upkeep\n|\n|t:|1700415501\n|switch|p2a: Heatran|Heatran, M|100\/100\n|switch|p1a: #FreePorygon|Porygon-Z, shiny|100\/100\n|-activate|p1a: #FreePorygon|move: Sticky Web\n|-unboost|p1a: #FreePorygon|spe|1\n|turn|10\n|\n|t:|1700415511\n|move|p1a: #FreePorygon|Taunt|p2a: Heatran\n|-start|p2a: Heatran|move: Taunt\n|move|p2a: Heatran|Magma Storm|p1a: #FreePorygon|[miss]\n|-miss|p2a: Heatran|p1a: #FreePorygon\n|\n|-sideend|p2: Pavro|move: Aurora Veil\n|upkeep\n|turn|11\n|\n|t:|1700415522\n|move|p1a: #FreePorygon|Shadow Ball|p2a: Heatran\n|-damage|p2a: Heatran|66\/100\n|-unboost|p2a: Heatran|spd|1\n|-damage|p1a: #FreePorygon|91\/100|[from] item: Life Orb\n|move|p2a: Heatran|Magma Storm|p1a: #FreePorygon\n|-damage|p1a: #FreePorygon|0 fnt\n|replace|p1a: Okami|Zoroark-Hisui, F, shiny\n|-end|p1a: Okami|Illusion\n|faint|p1a: Okami\n|\n|-heal|p2a: Heatran|72\/100|[from] item: Leftovers\n|upkeep\n|\n|t:|1700415533\n|switch|p1a: #FreePorygon|Porygon-Z, shiny|100\/100\n|-activate|p1a: #FreePorygon|move: Sticky Web\n|-unboost|p1a: #FreePorygon|spe|1\n|turn|12\n|\n|t:|1700415544\n|move|p2a: Heatran|Magma Storm|p1a: #FreePorygon|[miss]\n|-miss|p2a: Heatran|p1a: #FreePorygon\n|-zpower|p1a: #FreePorygon\n|move|p1a: #FreePorygon|Z-Conversion|p1a: #FreePorygon|[anim]Conversion\n|-boost|p1a: #FreePorygon|atk|1|[zeffect]\n|-boost|p1a: #FreePorygon|def|1|[zeffect]\n|-boost|p1a: #FreePorygon|spa|1|[zeffect]\n|-boost|p1a: #FreePorygon|spd|1|[zeffect]\n|-boost|p1a: #FreePorygon|spe|1|[zeffect]\n|-start|p1a: #FreePorygon|typechange|Electric\n|\n|-heal|p2a: Heatran|78\/100|[from] item: Leftovers\n|-end|p2a: Heatran|move: Taunt\n|upkeep\n|turn|13\n|\n|t:|1700415549\n|move|p1a: #FreePorygon|Thunderbolt|p2a: Heatran\n|-damage|p2a: Heatran|0 fnt\n|faint|p2a: Heatran\n|\n|upkeep\n|-message|Pavro forfeited.\n|\n|win|AerBlaziken\n|raw|AerBlaziken's rating: 1297 &rarr; <strong>1318<\/strong><br \/>(+21 for winning)\n|raw|Pavro's rating: 1234 &rarr; <strong>1213<\/strong><br \/>(-21 for losing)\n|l|\u2606Pavro\n","uploadtime":1700415556,"views":21,"p1id":"aerblaziken","p2id":"pavro","formatid":"gen9nationaldex","rating":1213,"private":0,"password":""}