{"id":"gen9nationaldex-1995396585","p1":"BeyourTea","p2":"heitaok","format":"[Gen 9] National Dex","log":"|html|<div class=\"broadcast-blue\"><strong>[Gen 9] National Dex is currently suspecting Sneasler! For information on how to participate check out the <a href=\"https:\/\/www.smogon.com\/forums\/threads\/sv-national-dex-suspect-8-just-dance.3731534\/\">suspect thread<\/a>.<\/strong><\/div>\n|j|\u2606BeyourTea\n|j|\u2606heitaok\n|t:|1700565258\n|gametype|singles\n|player|p1|BeyourTea|steven|1517\n|player|p2|heitaok|gentleman|1640\n|teamsize|p1|6\n|teamsize|p2|6\n|gen|9\n|tier|[Gen 9] National Dex\n|rated|\n|rule|HP Percentage Mod: HP is shown in percentages\n|rule|Endless Battle Clause: Forcing endless battles is banned\n|rule|OHKO Clause: OHKO moves are banned\n|rule|Evasion Clause: Evasion abilities, items, and moves are banned\n|rule|Evasion Abilities Clause: Evasion abilities are banned\n|rule|Evasion Items Clause: Evasion items are banned\n|rule|Evasion Moves Clause: Evasion moves are banned\n|rule|Species Clause: Limit one of each Pok\u00e9mon\n|rule|Sleep Clause Mod: Limit one foe put to sleep\n|clearpoke\n|poke|p1|Aggron, F|\n|poke|p1|Urshifu-*, F|\n|poke|p1|Porygon-Z|\n|poke|p1|Salamence, M|\n|poke|p1|Comfey, M|\n|poke|p1|Venusaur, M|\n|poke|p2|Rotom-Wash|\n|poke|p2|Greninja-*, F|\n|poke|p2|Hoopa-Unbound|\n|poke|p2|Scizor, F|\n|poke|p2|Landorus-Therian, M|\n|poke|p2|Tapu Koko|\n|teampreview\n|inactive|Battle timer is ON: inactive players will automatically lose when time's up. (requested by heitaok)\n|\n|t:|1700565267\n|start\n|switch|p1a: Porygon-Z|Porygon-Z|100\/100\n|switch|p2a: Rotom|Rotom-Wash|100\/100\n|turn|1\n|\n|t:|1700565282\n|move|p1a: Porygon-Z|Tri Attack|p2a: Rotom\n|-damage|p2a: Rotom|42\/100\n|move|p2a: Rotom|Volt Switch|p1a: Porygon-Z\n|-damage|p1a: Porygon-Z|65\/100\n|\n|t:|1700565288\n|switch|p2a: Hoopa|Hoopa-Unbound|100\/100|[from] Volt Switch\n|\n|upkeep\n|turn|2\n|\n|t:|1700565292\n|switch|p1a: Urshifu|Urshifu-Rapid-Strike, F|100\/100\n|move|p2a: Hoopa|Zen Headbutt|p1a: Urshifu\n|-supereffective|p1a: Urshifu\n|-damage|p1a: Urshifu|0 fnt\n|faint|p1a: Urshifu\n|\n|upkeep\n|\n|t:|1700565297\n|switch|p1a: Aggron|Aggron, F|100\/100\n|turn|3\n|\n|t:|1700565301\n|switch|p2a: Landorus|Landorus-Therian, M|100\/100\n|-ability|p2a: Landorus|Intimidate|boost\n|-unboost|p1a: Aggron|atk|1\n|move|p1a: Aggron|Stealth Rock|p2a: Landorus\n|-sidestart|p2: heitaok|move: Stealth Rock\n|\n|upkeep\n|turn|4\n|\n|t:|1700565309\n|move|p2a: Landorus|Stealth Rock|p1a: Aggron\n|-sidestart|p1: BeyourTea|move: Stealth Rock\n|move|p1a: Aggron|Heavy Slam|p2a: Landorus\n|-damage|p2a: Landorus|73\/100\n|-damage|p1a: Aggron|84\/100|[from] item: Rocky Helmet|[of] p2a: Landorus\n|\n|upkeep\n|turn|5\n|\n|t:|1700565313\n|move|p2a: Landorus|Earthquake|p1a: Aggron\n|-supereffective|p1a: Aggron\n|-damage|p1a: Aggron|0 fnt\n|faint|p1a: Aggron\n|\n|upkeep\n|\n|t:|1700565316\n|switch|p1a: Porygon-Z|Porygon-Z|65\/100\n|-damage|p1a: Porygon-Z|53\/100|[from] Stealth Rock\n|turn|6\n|\n|t:|1700565320\n|switch|p2a: Scizor|Scizor, F|100\/100\n|-damage|p2a: Scizor|88\/100|[from] Stealth Rock\n|move|p1a: Porygon-Z|Tri Attack|p2a: Scizor\n|-resisted|p2a: Scizor\n|-damage|p2a: Scizor|63\/100\n|\n|upkeep\n|turn|7\n|\n|t:|1700565323\n|detailschange|p2a: Scizor|Scizor-Mega, F\n|-mega|p2a: Scizor|Scizor|Scizorite\n|move|p1a: Porygon-Z|Tri Attack|p2a: Scizor\n|-resisted|p2a: Scizor\n|-damage|p2a: Scizor|44\/100\n|move|p2a: Scizor|U-turn|p1a: Porygon-Z\n|-damage|p1a: Porygon-Z|2\/100\n|\n|t:|1700565332\n|switch|p2a: Tapu Koko|Tapu Koko|100\/100|[from] U-turn\n|-damage|p2a: Tapu Koko|88\/100|[from] Stealth Rock\n|-fieldstart|move: Electric Terrain|[from] ability: Electric Surge|[of] p2a: Tapu Koko\n|\n|upkeep\n|turn|8\n|\n|t:|1700565335\n|move|p1a: Porygon-Z|Tri Attack|p2a: Tapu Koko\n|-damage|p2a: Tapu Koko|0 fnt\n|faint|p2a: Tapu Koko\n|\n|upkeep\n|\n|t:|1700565344\n|switch|p2a: Greninja|Greninja, F|100\/100\n|-damage|p2a: Greninja|88\/100|[from] Stealth Rock\n|turn|9\n|\n|t:|1700565347\n|move|p2a: Greninja|U-turn|p1a: Porygon-Z\n|-start|p2a: Greninja|typechange|Bug|[from] ability: Protean\n|-damage|p1a: Porygon-Z|0 fnt\n|faint|p1a: Porygon-Z\n|\n|t:|1700565351\n|switch|p2a: Landorus|Landorus-Therian, M|73\/100|[from] U-turn\n|-damage|p2a: Landorus|61\/100|[from] Stealth Rock\n|\n|upkeep\n|\n|t:|1700565354\n|switch|p1a: Salamence|Salamence, M|100\/100\n|-damage|p1a: Salamence|76\/100|[from] Stealth Rock\n|turn|10\n|\n|t:|1700565362\n|move|p1a: Salamence|Dragon Dance|p1a: Salamence\n|-boost|p1a: Salamence|atk|1\n|-boost|p1a: Salamence|spe|1\n|move|p2a: Landorus|U-turn|p1a: Salamence\n|-resisted|p1a: Salamence\n|-damage|p1a: Salamence|62\/100\n|\n|t:|1700565364\n|switch|p2a: Greninja|Greninja, F|88\/100|[from] U-turn\n|-damage|p2a: Greninja|76\/100|[from] Stealth Rock\n|\n|upkeep\n|turn|11\n|\n|t:|1700565370\n|move|p2a: Greninja|Ice Beam|p1a: Salamence\n|-start|p2a: Greninja|typechange|Ice|[from] ability: Protean\n|-supereffective|p1a: Salamence\n|-damage|p1a: Salamence|0 fnt\n|faint|p1a: Salamence\n|\n|-fieldend|move: Electric Terrain\n|upkeep\n|\n|t:|1700565372\n|switch|p1a: Comfey|Comfey, M|100\/100\n|-damage|p1a: Comfey|88\/100|[from] Stealth Rock\n|turn|12\n|\n|t:|1700565375\n|move|p2a: Greninja|Ice Beam|p1a: Comfey\n|-damage|p1a: Comfey|57\/100\n|move|p1a: Comfey|Calm Mind|p1a: Comfey\n|-boost|p1a: Comfey|spa|1\n|-boost|p1a: Comfey|spd|1\n|\n|upkeep\n|turn|13\n|\n|t:|1700565380\n|switch|p2a: Scizor|Scizor-Mega, F|44\/100\n|-damage|p2a: Scizor|32\/100|[from] Stealth Rock\n|move|p1a: Comfey|Calm Mind|p1a: Comfey\n|-boost|p1a: Comfey|spa|1\n|-boost|p1a: Comfey|spd|1\n|\n|upkeep\n|turn|14\n|\n|t:|1700565384\n|-terastallize|p1a: Comfey|Fire\n|move|p2a: Scizor|Bullet Punch|p1a: Comfey\n|-resisted|p1a: Comfey\n|-damage|p1a: Comfey|39\/100\n|move|p1a: Comfey|Hidden Power|p2a: Scizor\n|-supereffective|p2a: Scizor\n|-damage|p2a: Scizor|0 fnt\n|faint|p2a: Scizor\n|-damage|p1a: Comfey|29\/100|[from] item: Life Orb\n|\n|upkeep\n|\n|t:|1700565391\n|switch|p2a: Hoopa|Hoopa-Unbound|100\/100\n|-damage|p2a: Hoopa|88\/100|[from] Stealth Rock\n|turn|15\n|\n|t:|1700565393\n|-terastallize|p2a: Hoopa|Dark\n|move|p1a: Comfey|Draining Kiss|p2a: Hoopa\n|-supereffective|p2a: Hoopa\n|-damage|p2a: Hoopa|0 fnt\n|-heal|p1a: Comfey|94\/100|[from] drain|[of] p2a: Hoopa\n|faint|p2a: Hoopa\n|-damage|p1a: Comfey|84\/100|[from] item: Life Orb\n|\n|upkeep\n|\n|t:|1700565396\n|switch|p2a: Landorus|Landorus-Therian, M|61\/100\n|-damage|p2a: Landorus|49\/100|[from] Stealth Rock\n|-ability|p2a: Landorus|Intimidate|boost\n|-unboost|p1a: Comfey|atk|1\n|turn|16\n|\n|t:|1700565400\n|move|p1a: Comfey|Draining Kiss|p2a: Landorus\n|-damage|p2a: Landorus|0 fnt\n|-heal|p1a: Comfey|100\/100|[from] drain|[of] p2a: Landorus\n|-damage|p1a: Comfey|84\/100|[from] item: Rocky Helmet|[of] p2a: Landorus\n|faint|p2a: Landorus\n|-damage|p1a: Comfey|74\/100|[from] item: Life Orb\n|\n|upkeep\n|-message|heitaok forfeited.\n|\n|win|BeyourTea\n|raw|BeyourTea's rating: 1517 &rarr; <strong>1545<\/strong><br \/>(+28 for winning)\n|raw|heitaok's rating: 1662 &rarr; <strong>1634<\/strong><br \/>(-28 for losing)\n|l|\u2606heitaok\n","uploadtime":1700565414,"views":2,"p1id":"beyourtea","p2id":"heitaok","formatid":"gen9nationaldex","rating":1545,"private":0,"password":""}