{"id":"gen9nationaldex-1997202552","p1":"aster345","p2":"Yami_Bakura16","format":"[Gen 9] National Dex","log":"|html|<div class=\"broadcast-blue\"><strong>[Gen 9] National Dex is currently suspecting Sneasler! For information on how to participate check out the <a href=\"https:\/\/www.smogon.com\/forums\/threads\/sv-national-dex-suspect-8-just-dance.3731534\/\">suspect thread<\/a>.<\/strong><\/div>\n|j|\u2606aster345\n|j|\u2606Yami_Bakura16\n|t:|1700775101\n|gametype|singles\n|player|p1|aster345|cynthia|1187\n|player|p2|Yami_Bakura16|palmer|1084\n|teamsize|p1|6\n|teamsize|p2|6\n|gen|9\n|tier|[Gen 9] National Dex\n|rated|\n|rule|HP Percentage Mod: HP is shown in percentages\n|rule|Endless Battle Clause: Forcing endless battles is banned\n|rule|OHKO Clause: OHKO moves are banned\n|rule|Evasion Clause: Evasion abilities, items, and moves are banned\n|rule|Evasion Abilities Clause: Evasion abilities are banned\n|rule|Evasion Items Clause: Evasion items are banned\n|rule|Evasion Moves Clause: Evasion moves are banned\n|rule|Species Clause: Limit one of each Pok\u00e9mon\n|rule|Sleep Clause Mod: Limit one foe put to sleep\n|clearpoke\n|poke|p1|Garchomp, M|\n|poke|p1|Togekiss, F|\n|poke|p1|Arcanine-Hisui, M|\n|poke|p1|Lucario, M|\n|poke|p1|Roserade, F|\n|poke|p1|Spiritomb, M|\n|poke|p2|Sceptile, M|\n|poke|p2|Luxray, M|\n|poke|p2|Kommo-o, M|\n|poke|p2|Corviknight, M|\n|poke|p2|Umbreon, M|\n|poke|p2|Ceruledge, M|\n|teampreview\n|\n|t:|1700775108\n|start\n|switch|p1a: Spiritomb|Spiritomb, M|100\/100\n|switch|p2a: Umbreon|Umbreon, M|100\/100\n|turn|1\n|\n|t:|1700775115\n|move|p2a: Umbreon|Toxic|p1a: Spiritomb|[miss]\n|-miss|p2a: Umbreon|p1a: Spiritomb\n|move|p1a: Spiritomb|Will-O-Wisp|p2a: Umbreon\n|-status|p2a: Umbreon|brn\n|-activate|p2a: Umbreon|ability: Synchronize\n|-status|p1a: Spiritomb|brn\n|\n|-damage|p2a: Umbreon|94\/100 brn|[from] brn\n|-damage|p1a: Spiritomb|94\/100 brn|[from] brn\n|upkeep\n|turn|2\n|\n|t:|1700775125\n|switch|p1a: Roserade|Roserade, F|100\/100\n|move|p2a: Umbreon|Toxic|p1a: Roserade\n|-immune|p1a: Roserade\n|\n|-heal|p2a: Umbreon|100\/100 brn|[from] item: Leftovers\n|-damage|p2a: Umbreon|94\/100 brn|[from] brn\n|upkeep\n|turn|3\n|\n|t:|1700775134\n|move|p1a: Roserade|Toxic Spikes|p2a: Umbreon\n|-sidestart|p2: Yami_Bakura16|move: Toxic Spikes\n|move|p2a: Umbreon|Dark Pulse|p1a: Roserade\n|-damage|p1a: Roserade|77\/100\n|\n|-heal|p1a: Roserade|83\/100|[from] item: Black Sludge\n|-heal|p2a: Umbreon|100\/100 brn|[from] item: Leftovers\n|-damage|p2a: Umbreon|94\/100 brn|[from] brn\n|upkeep\n|turn|4\n|\n|t:|1700775142\n|move|p1a: Roserade|Toxic Spikes|p2a: Umbreon\n|-sidestart|p2: Yami_Bakura16|move: Toxic Spikes\n|move|p2a: Umbreon|Dark Pulse|p1a: Roserade\n|-damage|p1a: Roserade|61\/100\n|\n|-heal|p1a: Roserade|67\/100|[from] item: Black Sludge\n|-heal|p2a: Umbreon|100\/100 brn|[from] item: Leftovers\n|-damage|p2a: Umbreon|94\/100 brn|[from] brn\n|upkeep\n|turn|5\n|\n|t:|1700775151\n|switch|p1a: Lucario|Lucario, M|100\/100\n|move|p2a: Umbreon|Dark Pulse|p1a: Lucario\n|-resisted|p1a: Lucario\n|-damage|p1a: Lucario|86\/100\n|-ability|p1a: Lucario|Justified|boost\n|-boost|p1a: Lucario|atk|1\n|\n|-heal|p2a: Umbreon|100\/100 brn|[from] item: Leftovers\n|-damage|p2a: Umbreon|94\/100 brn|[from] brn\n|upkeep\n|turn|6\n|\n|t:|1700775169\n|switch|p2a: Ceruledge|Ceruledge, M|100\/100\n|-status|p2a: Ceruledge|tox\n|move|p1a: Lucario|Drain Punch|p2a: Ceruledge\n|-immune|p2a: Ceruledge\n|\n|-damage|p2a: Ceruledge|94\/100 tox|[from] psn\n|upkeep\n|turn|7\n|\n|t:|1700775178\n|-terastallize|p2a: Ceruledge|Fire\n|-zpower|p1a: Lucario\n|move|p1a: Lucario|Corkscrew Crash|p2a: Ceruledge|[zeffect]\n|-resisted|p2a: Ceruledge\n|-damage|p2a: Ceruledge|8\/100 tox\n|-ability|p2a: Ceruledge|Weak Armor|boost\n|-unboost|p2a: Ceruledge|def|1\n|-boost|p2a: Ceruledge|spe|2\n|move|p2a: Ceruledge|Bitter Blade|p1a: Lucario\n|-supereffective|p1a: Lucario\n|-damage|p1a: Lucario|0 fnt\n|-heal|p2a: Ceruledge|50\/100 tox|[from] drain|[of] p1a: Lucario\n|faint|p1a: Lucario\n|\n|-damage|p2a: Ceruledge|37\/100 tox|[from] psn\n|upkeep\n|\n|t:|1700775192\n|switch|p1a: Arcanine|Arcanine-Hisui, M|100\/100\n|turn|8\n|\n|t:|1700775198\n|move|p1a: Arcanine|Extreme Speed|p2a: Ceruledge\n|-damage|p2a: Ceruledge|0 fnt\n|faint|p2a: Ceruledge\n|\n|upkeep\n|\n|t:|1700775206\n|switch|p2a: Kommo-o|Kommo-o, M|100\/100\n|-status|p2a: Kommo-o|tox\n|turn|9\n|\n|t:|1700775211\n|switch|p1a: Togekiss|Togekiss, F|100\/100\n|-zpower|p2a: Kommo-o\n|move|p2a: Kommo-o|Clangorous Soulblaze|p1a: Togekiss|[zeffect]\n|-immune|p1a: Togekiss\n|\n|-damage|p2a: Kommo-o|94\/100 tox|[from] psn\n|upkeep\n|turn|10\n|\n|t:|1700775224\n|move|p2a: Kommo-o|Fire Punch|p1a: Togekiss\n|-damage|p1a: Togekiss|73\/100\n|move|p1a: Togekiss|Dazzling Gleam|p2a: Kommo-o\n|-supereffective|p2a: Kommo-o\n|-damage|p2a: Kommo-o|0 fnt\n|faint|p2a: Kommo-o\n|\n|upkeep\n|\n|t:|1700775233\n|switch|p2a: Luxray|Luxray, M, shiny|100\/100\n|-status|p2a: Luxray|tox\n|-ability|p2a: Luxray|Intimidate|boost\n|-unboost|p1a: Togekiss|atk|1\n|turn|11\n|\n|t:|1700775241\n|switch|p1a: Roserade|Roserade, F|67\/100\n|move|p2a: Luxray|Ice Fang|p1a: Roserade\n|-supereffective|p1a: Roserade\n|-damage|p1a: Roserade|0 fnt\n|faint|p1a: Roserade\n|-damage|p2a: Luxray|91\/100 tox|[from] item: Life Orb\n|\n|-damage|p2a: Luxray|85\/100 tox|[from] psn\n|upkeep\n|\n|t:|1700775247\n|switch|p1a: Togekiss|Togekiss, F|73\/100\n|turn|12\n|\n|t:|1700775252\n|move|p1a: Togekiss|Trick|p2a: Luxray\n|-activate|p1a: Togekiss|move: Trick|[of] p2a: Luxray\n|-item|p2a: Luxray|Choice Specs|[from] move: Trick\n|-item|p1a: Togekiss|Life Orb|[from] move: Trick\n|move|p2a: Luxray|Ice Fang|p1a: Togekiss\n|-supereffective|p1a: Togekiss\n|-damage|p1a: Togekiss|21\/100\n|-status|p1a: Togekiss|frz\n|\n|-damage|p2a: Luxray|73\/100 tox|[from] psn\n|upkeep\n|turn|13\n|\n|t:|1700775261\n|cant|p1a: Togekiss|frz\n|move|p2a: Luxray|Ice Fang|p1a: Togekiss\n|-supereffective|p1a: Togekiss\n|-damage|p1a: Togekiss|0 fnt\n|faint|p1a: Togekiss\n|\n|-damage|p2a: Luxray|55\/100 tox|[from] psn\n|upkeep\n|\n|t:|1700775279\n|switch|p1a: Arcanine|Arcanine-Hisui, M|100\/100\n|turn|14\n|\n|t:|1700775284\n|move|p1a: Arcanine|Flare Blitz|p2a: Luxray\n|-damage|p2a: Luxray|0 fnt\n|faint|p2a: Luxray\n|\n|upkeep\n|\n|t:|1700775289\n|switch|p2a: Sceptile|Sceptile, M|100\/100\n|-status|p2a: Sceptile|tox\n|turn|15\n|\n|t:|1700775297\n|detailschange|p2a: Sceptile|Sceptile-Mega, M\n|-mega|p2a: Sceptile|Sceptile|Sceptilite\n|-terastallize|p1a: Arcanine|Grass\n|move|p2a: Sceptile|Energy Ball|p1a: Arcanine\n|-resisted|p1a: Arcanine\n|-damage|p1a: Arcanine|63\/100\n|move|p1a: Arcanine|Flare Blitz|p2a: Sceptile\n|-damage|p2a: Sceptile|0 fnt\n|faint|p2a: Sceptile\n|\n|upkeep\n|\n|t:|1700775307\n|switch|p2a: Umbreon|Umbreon, M|94\/100 brn\n|turn|16\n|\n|t:|1700775311\n|switch|p1a: Spiritomb|Spiritomb, M|94\/100 brn\n|move|p2a: Umbreon|Toxic||[still]\n|-fail|p2a: Umbreon\n|\n|-heal|p2a: Umbreon|100\/100 brn|[from] item: Leftovers\n|-heal|p1a: Spiritomb|100\/100 brn|[from] item: Leftovers\n|-damage|p2a: Umbreon|94\/100 brn|[from] brn\n|-damage|p1a: Spiritomb|94\/100 brn|[from] brn\n|upkeep\n|turn|17\n|\n|t:|1700775324\n|move|p2a: Umbreon|Protect|p2a: Umbreon\n|-singleturn|p2a: Umbreon|Protect\n|move|p1a: Spiritomb|Hex|p2a: Umbreon\n|-activate|p2a: Umbreon|move: Protect\n|\n|-heal|p2a: Umbreon|100\/100 brn|[from] item: Leftovers\n|-heal|p1a: Spiritomb|100\/100 brn|[from] item: Leftovers\n|-damage|p2a: Umbreon|94\/100 brn|[from] brn\n|-damage|p1a: Spiritomb|94\/100 brn|[from] brn\n|upkeep\n|turn|18\n|\n|t:|1700775333\n|move|p2a: Umbreon|Dark Pulse|p1a: Spiritomb\n|-damage|p1a: Spiritomb|79\/100 brn\n|move|p1a: Spiritomb|Hex|p2a: Umbreon\n|-resisted|p2a: Umbreon\n|-damage|p2a: Umbreon|84\/100 brn\n|\n|-heal|p2a: Umbreon|90\/100 brn|[from] item: Leftovers\n|-heal|p1a: Spiritomb|86\/100 brn|[from] item: Leftovers\n|-damage|p2a: Umbreon|84\/100 brn|[from] brn\n|-damage|p1a: Spiritomb|79\/100 brn|[from] brn\n|upkeep\n|turn|19\n|\n|t:|1700775346\n|move|p2a: Umbreon|Dark Pulse|p1a: Spiritomb\n|-damage|p1a: Spiritomb|64\/100 brn\n|move|p1a: Spiritomb|Pain Split|p2a: Umbreon\n|-sethp|p2a: Umbreon|67\/100 brn|[from] move: Pain Split|[silent]\n|-sethp|p1a: Spiritomb|87\/100 brn|[from] move: Pain Split\n|\n|-heal|p2a: Umbreon|73\/100 brn|[from] item: Leftovers\n|-heal|p1a: Spiritomb|93\/100 brn|[from] item: Leftovers\n|-damage|p2a: Umbreon|67\/100 brn|[from] brn\n|-damage|p1a: Spiritomb|87\/100 brn|[from] brn\n|upkeep\n|turn|20\n|\n|t:|1700775357\n|move|p2a: Umbreon|Dark Pulse|p1a: Spiritomb\n|-damage|p1a: Spiritomb|73\/100 brn\n|move|p1a: Spiritomb|Hex|p2a: Umbreon\n|-resisted|p2a: Umbreon\n|-damage|p2a: Umbreon|56\/100 brn\n|\n|-heal|p2a: Umbreon|62\/100 brn|[from] item: Leftovers\n|-heal|p1a: Spiritomb|79\/100 brn|[from] item: Leftovers\n|-damage|p2a: Umbreon|56\/100 brn|[from] brn\n|-damage|p1a: Spiritomb|73\/100 brn|[from] brn\n|upkeep\n|turn|21\n|\n|t:|1700775367\n|move|p2a: Umbreon|Moonlight|p2a: Umbreon\n|-heal|p2a: Umbreon|100\/100 brn\n|move|p1a: Spiritomb|Pain Split|p2a: Umbreon\n|-sethp|p2a: Umbreon|78\/100 brn|[from] move: Pain Split|[silent]\n|-sethp|p1a: Spiritomb|100\/100 brn|[from] move: Pain Split\n|\n|-heal|p2a: Umbreon|84\/100 brn|[from] item: Leftovers\n|-damage|p2a: Umbreon|78\/100 brn|[from] brn\n|-damage|p1a: Spiritomb|94\/100 brn|[from] brn\n|upkeep\n|turn|22\n|\n|t:|1700775378\n|move|p2a: Umbreon|Moonlight|p2a: Umbreon\n|-heal|p2a: Umbreon|100\/100 brn\n|move|p1a: Spiritomb|Hex|p2a: Umbreon\n|-resisted|p2a: Umbreon\n|-damage|p2a: Umbreon|90\/100 brn\n|\n|-heal|p2a: Umbreon|96\/100 brn|[from] item: Leftovers\n|-heal|p1a: Spiritomb|100\/100 brn|[from] item: Leftovers\n|-damage|p2a: Umbreon|90\/100 brn|[from] brn\n|-damage|p1a: Spiritomb|94\/100 brn|[from] brn\n|upkeep\n|turn|23\n|\n|t:|1700775389\n|move|p2a: Umbreon|Dark Pulse|p1a: Spiritomb\n|-damage|p1a: Spiritomb|79\/100 brn\n|move|p1a: Spiritomb|Hex|p2a: Umbreon\n|-resisted|p2a: Umbreon\n|-damage|p2a: Umbreon|80\/100 brn\n|\n|-heal|p2a: Umbreon|86\/100 brn|[from] item: Leftovers\n|-heal|p1a: Spiritomb|85\/100 brn|[from] item: Leftovers\n|-damage|p2a: Umbreon|80\/100 brn|[from] brn\n|-damage|p1a: Spiritomb|79\/100 brn|[from] brn\n|upkeep\n|turn|24\n|\n|t:|1700775399\n|move|p2a: Umbreon|Dark Pulse|p1a: Spiritomb\n|-damage|p1a: Spiritomb|65\/100 brn\n|move|p1a: Spiritomb|Hex|p2a: Umbreon\n|-resisted|p2a: Umbreon\n|-damage|p2a: Umbreon|70\/100 brn\n|\n|-heal|p2a: Umbreon|76\/100 brn|[from] item: Leftovers\n|-heal|p1a: Spiritomb|72\/100 brn|[from] item: Leftovers\n|-damage|p2a: Umbreon|70\/100 brn|[from] brn\n|-damage|p1a: Spiritomb|65\/100 brn|[from] brn\n|upkeep\n|turn|25\n|\n|t:|1700775436\n|move|p2a: Umbreon|Dark Pulse|p1a: Spiritomb\n|-damage|p1a: Spiritomb|52\/100 brn\n|cant|p1a: Spiritomb|flinch\n|\n|-heal|p2a: Umbreon|76\/100 brn|[from] item: Leftovers\n|-heal|p1a: Spiritomb|58\/100 brn|[from] item: Leftovers\n|-damage|p2a: Umbreon|70\/100 brn|[from] brn\n|-damage|p1a: Spiritomb|52\/100 brn|[from] brn\n|upkeep\n|turn|26\n|\n|t:|1700775445\n|move|p2a: Umbreon|Dark Pulse|p1a: Spiritomb\n|-damage|p1a: Spiritomb|38\/100 brn\n|move|p1a: Spiritomb|Pain Split|p2a: Umbreon\n|-sethp|p2a: Umbreon|49\/100 brn|[from] move: Pain Split|[silent]\n|-sethp|p1a: Spiritomb|64\/100 brn|[from] move: Pain Split\n|\n|-heal|p2a: Umbreon|56\/100 brn|[from] item: Leftovers\n|-heal|p1a: Spiritomb|70\/100 brn|[from] item: Leftovers\n|-damage|p2a: Umbreon|49\/100 brn|[from] brn\n|-damage|p1a: Spiritomb|64\/100 brn|[from] brn\n|upkeep\n|turn|27\n|\n|t:|1700775455\n|move|p2a: Umbreon|Dark Pulse|p1a: Spiritomb\n|-damage|p1a: Spiritomb|49\/100 brn\n|move|p1a: Spiritomb|Pain Split|p2a: Umbreon\n|-sethp|p2a: Umbreon|44\/100 brn|[from] move: Pain Split|[silent]\n|-sethp|p1a: Spiritomb|56\/100 brn|[from] move: Pain Split\n|\n|-heal|p2a: Umbreon|50\/100 brn|[from] item: Leftovers\n|-heal|p1a: Spiritomb|63\/100 brn|[from] item: Leftovers\n|-damage|p2a: Umbreon|44\/100 brn|[from] brn\n|-damage|p1a: Spiritomb|56\/100 brn|[from] brn\n|upkeep\n|turn|28\n|\n|t:|1700775465\n|move|p2a: Umbreon|Dark Pulse|p1a: Spiritomb\n|-damage|p1a: Spiritomb|43\/100 brn\n|move|p1a: Spiritomb|Hex|p2a: Umbreon\n|-resisted|p2a: Umbreon\n|-damage|p2a: Umbreon|33\/100 brn\n|\n|-heal|p2a: Umbreon|39\/100 brn|[from] item: Leftovers\n|-heal|p1a: Spiritomb|49\/100 brn|[from] item: Leftovers\n|-damage|p2a: Umbreon|33\/100 brn|[from] brn\n|-damage|p1a: Spiritomb|43\/100 brn|[from] brn\n|upkeep\n|turn|29\n|\n|t:|1700775476\n|move|p2a: Umbreon|Moonlight|p2a: Umbreon\n|-heal|p2a: Umbreon|83\/100 brn\n|move|p1a: Spiritomb|Hex|p2a: Umbreon\n|-resisted|p2a: Umbreon\n|-damage|p2a: Umbreon|73\/100 brn\n|\n|-heal|p2a: Umbreon|79\/100 brn|[from] item: Leftovers\n|-heal|p1a: Spiritomb|49\/100 brn|[from] item: Leftovers\n|-damage|p2a: Umbreon|73\/100 brn|[from] brn\n|-damage|p1a: Spiritomb|43\/100 brn|[from] brn\n|upkeep\n|turn|30\n|\n|t:|1700775487\n|move|p2a: Umbreon|Dark Pulse|p1a: Spiritomb\n|-damage|p1a: Spiritomb|29\/100 brn\n|move|p1a: Spiritomb|Pain Split|p2a: Umbreon\n|-sethp|p2a: Umbreon|47\/100 brn|[from] move: Pain Split|[silent]\n|-sethp|p1a: Spiritomb|61\/100 brn|[from] move: Pain Split\n|\n|-heal|p2a: Umbreon|54\/100 brn|[from] item: Leftovers\n|-heal|p1a: Spiritomb|68\/100 brn|[from] item: Leftovers\n|-damage|p2a: Umbreon|47\/100 brn|[from] brn\n|-damage|p1a: Spiritomb|61\/100 brn|[from] brn\n|upkeep\n|turn|31\n|\n|t:|1700775499\n|move|p2a: Umbreon|Dark Pulse|p1a: Spiritomb\n|-damage|p1a: Spiritomb|48\/100 brn\n|move|p1a: Spiritomb|Hex|p2a: Umbreon\n|-resisted|p2a: Umbreon\n|-damage|p2a: Umbreon|37\/100 brn\n|\n|-heal|p2a: Umbreon|43\/100 brn|[from] item: Leftovers\n|-heal|p1a: Spiritomb|54\/100 brn|[from] item: Leftovers\n|-damage|p2a: Umbreon|37\/100 brn|[from] brn\n|-damage|p1a: Spiritomb|48\/100 brn|[from] brn\n|upkeep\n|turn|32\n|\n|t:|1700775509\n|move|p2a: Umbreon|Dark Pulse|p1a: Spiritomb\n|-damage|p1a: Spiritomb|33\/100 brn\n|cant|p1a: Spiritomb|flinch\n|\n|-heal|p2a: Umbreon|43\/100 brn|[from] item: Leftovers\n|-heal|p1a: Spiritomb|40\/100 brn|[from] item: Leftovers\n|-damage|p2a: Umbreon|37\/100 brn|[from] brn\n|-damage|p1a: Spiritomb|33\/100 brn|[from] brn\n|upkeep\n|turn|33\n|\n|t:|1700775519\n|move|p2a: Umbreon|Dark Pulse|p1a: Spiritomb\n|-damage|p1a: Spiritomb|20\/100 brn\n|cant|p1a: Spiritomb|flinch\n|\n|-heal|p2a: Umbreon|43\/100 brn|[from] item: Leftovers\n|-heal|p1a: Spiritomb|26\/100 brn|[from] item: Leftovers\n|-damage|p2a: Umbreon|37\/100 brn|[from] brn\n|-damage|p1a: Spiritomb|20\/100 brn|[from] brn\n|upkeep\n|turn|34\n|\n|t:|1700775527\n|move|p2a: Umbreon|Dark Pulse|p1a: Spiritomb\n|-damage|p1a: Spiritomb|6\/100 brn\n|move|p1a: Spiritomb|Pain Split|p2a: Umbreon\n|-sethp|p2a: Umbreon|21\/100 brn|[from] move: Pain Split|[silent]\n|-sethp|p1a: Spiritomb|26\/100 brn|[from] move: Pain Split\n|\n|-heal|p2a: Umbreon|27\/100 brn|[from] item: Leftovers\n|-heal|p1a: Spiritomb|33\/100 brn|[from] item: Leftovers\n|-damage|p2a: Umbreon|21\/100 brn|[from] brn\n|-damage|p1a: Spiritomb|26\/100 brn|[from] brn\n|upkeep\n|turn|35\n|\n|t:|1700775537\n|move|p2a: Umbreon|Moonlight|p2a: Umbreon\n|-heal|p2a: Umbreon|71\/100 brn\n|move|p1a: Spiritomb|Hex|p2a: Umbreon\n|-resisted|p2a: Umbreon\n|-damage|p2a: Umbreon|59\/100 brn\n|\n|-heal|p2a: Umbreon|65\/100 brn|[from] item: Leftovers\n|-heal|p1a: Spiritomb|33\/100 brn|[from] item: Leftovers\n|-damage|p2a: Umbreon|59\/100 brn|[from] brn\n|-damage|p1a: Spiritomb|26\/100 brn|[from] brn\n|upkeep\n|turn|36\n|\n|t:|1700775547\n|move|p2a: Umbreon|Dark Pulse|p1a: Spiritomb\n|-damage|p1a: Spiritomb|13\/100 brn\n|move|p1a: Spiritomb|Pain Split|p2a: Umbreon\n|-sethp|p2a: Umbreon|34\/100 brn|[from] move: Pain Split|[silent]\n|-sethp|p1a: Spiritomb|44\/100 brn|[from] move: Pain Split\n|\n|-heal|p2a: Umbreon|40\/100 brn|[from] item: Leftovers\n|-heal|p1a: Spiritomb|50\/100 brn|[from] item: Leftovers\n|-damage|p2a: Umbreon|34\/100 brn|[from] brn\n|-damage|p1a: Spiritomb|44\/100 brn|[from] brn\n|upkeep\n|turn|37\n|\n|t:|1700775557\n|move|p2a: Umbreon|Dark Pulse|p1a: Spiritomb\n|-damage|p1a: Spiritomb|29\/100 brn\n|move|p1a: Spiritomb|Hex|p2a: Umbreon\n|-resisted|p2a: Umbreon\n|-damage|p2a: Umbreon|23\/100 brn\n|\n|-heal|p2a: Umbreon|29\/100 brn|[from] item: Leftovers\n|-heal|p1a: Spiritomb|35\/100 brn|[from] item: Leftovers\n|-damage|p2a: Umbreon|23\/100 brn|[from] brn\n|-damage|p1a: Spiritomb|29\/100 brn|[from] brn\n|upkeep\n|turn|38\n|\n|t:|1700775567\n|move|p2a: Umbreon|Dark Pulse|p1a: Spiritomb\n|-damage|p1a: Spiritomb|15\/100 brn\n|move|p1a: Spiritomb|Pain Split|p2a: Umbreon\n|-sethp|p2a: Umbreon|17\/100 brn|[from] move: Pain Split|[silent]\n|-sethp|p1a: Spiritomb|22\/100 brn|[from] move: Pain Split\n|\n|-heal|p2a: Umbreon|23\/100 brn|[from] item: Leftovers\n|-heal|p1a: Spiritomb|28\/100 brn|[from] item: Leftovers\n|-damage|p2a: Umbreon|17\/100 brn|[from] brn\n|-damage|p1a: Spiritomb|22\/100 brn|[from] brn\n|upkeep\n|turn|39\n|\n|t:|1700775577\n|move|p2a: Umbreon|Dark Pulse|p1a: Spiritomb\n|-damage|p1a: Spiritomb|7\/100 brn\n|move|p1a: Spiritomb|Pain Split|p2a: Umbreon\n|-sethp|p2a: Umbreon|11\/100 brn|[from] move: Pain Split|[silent]\n|-sethp|p1a: Spiritomb|15\/100 brn|[from] move: Pain Split\n|\n|-heal|p2a: Umbreon|18\/100 brn|[from] item: Leftovers\n|-heal|p1a: Spiritomb|21\/100 brn|[from] item: Leftovers\n|-damage|p2a: Umbreon|11\/100 brn|[from] brn\n|-damage|p1a: Spiritomb|15\/100 brn|[from] brn\n|upkeep\n|turn|40\n|\n|t:|1700775588\n|move|p2a: Umbreon|Dark Pulse|p1a: Spiritomb\n|-crit|p1a: Spiritomb\n|-damage|p1a: Spiritomb|0 fnt\n|faint|p1a: Spiritomb\n|\n|-heal|p2a: Umbreon|18\/100 brn|[from] item: Leftovers\n|-damage|p2a: Umbreon|11\/100 brn|[from] brn\n|upkeep\n|\n|t:|1700775590\n|switch|p1a: Arcanine|Arcanine-Hisui, M, tera:Grass|63\/100\n|turn|41\n|\n|t:|1700775608\n|move|p1a: Arcanine|Flare Blitz|p2a: Umbreon\n|-damage|p2a: Umbreon|0 fnt\n|faint|p2a: Umbreon\n|\n|upkeep\n|\n|t:|1700775612\n|switch|p2a: Corviknight|Corviknight, M|100\/100\n|turn|42\n|\n|t:|1700775615\n|move|p1a: Arcanine|Flare Blitz|p2a: Corviknight\n|-supereffective|p2a: Corviknight\n|-damage|p2a: Corviknight|0 fnt\n|faint|p2a: Corviknight\n|\n|win|aster345\n|raw|aster345's rating: 1187 &rarr; <strong>1205<\/strong><br \/>(+18 for winning)\n|raw|Yami_Bakura16's rating: 1084 &rarr; <strong>1068<\/strong><br \/>(-16 for losing)\n|c|\u2606Yami_Bakura16|gg\n","uploadtime":1700775623,"views":10,"p1id":"aster345","p2id":"yamibakura16","formatid":"gen9nationaldex","rating":1068,"private":0,"password":""}