{"id":"gen9nationaldex-1997318531","p1":"TheStroker","p2":"A Ira de Deus","format":"[Gen 9] National Dex","log":"|html|<div class=\"broadcast-blue\"><strong>[Gen 9] National Dex is currently suspecting Sneasler! For information on how to participate check out the <a href=\"https:\/\/www.smogon.com\/forums\/threads\/sv-national-dex-suspect-8-just-dance.3731534\/\">suspect thread<\/a>.<\/strong><\/div>\n|j|\u2606TheStroker\n|j|\u2606A Ira de Deus\n|t:|1700788793\n|gametype|singles\n|player|p1|TheStroker|janitor|1631\n|player|p2|A Ira de Deus|unknown|1933\n|teamsize|p1|6\n|teamsize|p2|6\n|gen|9\n|tier|[Gen 9] National Dex\n|rated|\n|rule|HP Percentage Mod: HP is shown in percentages\n|rule|Endless Battle Clause: Forcing endless battles is banned\n|rule|OHKO Clause: OHKO moves are banned\n|rule|Evasion Clause: Evasion abilities, items, and moves are banned\n|rule|Evasion Abilities Clause: Evasion abilities are banned\n|rule|Evasion Items Clause: Evasion items are banned\n|rule|Evasion Moves Clause: Evasion moves are banned\n|rule|Species Clause: Limit one of each Pok\u00e9mon\n|rule|Sleep Clause Mod: Limit one foe put to sleep\n|clearpoke\n|poke|p1|Blaziken, M|\n|poke|p1|Mew|\n|poke|p1|Kyurem|\n|poke|p1|Garganacl, F|\n|poke|p1|Kleavor, M|\n|poke|p1|Ribombee, M|\n|poke|p2|Charizard, M|\n|poke|p2|Hoopa-Unbound|\n|poke|p2|Clefable, M|\n|poke|p2|Toxapex, M|\n|poke|p2|Chansey, F|\n|poke|p2|Gliscor, M|\n|teampreview\n|j| kung fu pokechu\n|j| Fhow\u2740\n|inactive|Battle timer is ON: inactive players will automatically lose when time's up. (requested by TheStroker)\n|j| champ enjoyer\n|\n|t:|1700788821\n|start\n|switch|p1a: At least 2|Garganacl, F|100\/100\n|switch|p2a: Face of Abyss|Hoopa-Unbound|100\/100\n|turn|1\n|\n|t:|1700788830\n|move|p2a: Face of Abyss|Nasty Plot|p2a: Face of Abyss\n|-boost|p2a: Face of Abyss|spa|2\n|move|p1a: At least 2|Stone Edge|p2a: Face of Abyss|[miss]\n|-miss|p1a: At least 2|p2a: Face of Abyss\n|\n|upkeep\n|turn|2\n|j| less might be more\n|\n|t:|1700788838\n|move|p2a: Face of Abyss|Focus Blast|p1a: At least 2\n|-supereffective|p1a: At least 2\n|-crit|p1a: At least 2\n|-damage|p1a: At least 2|0 fnt\n|faint|p1a: At least 2\n|\n|upkeep\n|\n|t:|1700788845\n|switch|p1a: Synergy|Kleavor, M|100\/100\n|turn|3\n|\n|t:|1700788848\n|switch|p2a: Hover on Water|Toxapex, M|100\/100\n|move|p1a: Synergy|Lunge|p2a: Hover on Water\n|-resisted|p2a: Hover on Water\n|-damage|p2a: Hover on Water|77\/100\n|-damage|p1a: Synergy|84\/100|[from] item: Rocky Helmet|[of] p2a: Hover on Water\n|\n|upkeep\n|turn|4\n|\n|t:|1700788853\n|move|p1a: Synergy|Rock Slide|p2a: Hover on Water\n|-damage|p2a: Hover on Water|35\/100\n|move|p2a: Hover on Water|Toxic Spikes|p1a: Synergy\n|-sidestart|p1: TheStroker|move: Toxic Spikes\n|\n|upkeep\n|turn|5\n|\n|t:|1700788859\n|move|p2a: Hover on Water|Baneful Bunker|p2a: Hover on Water\n|-singleturn|p2a: Hover on Water|move: Protect\n|move|p1a: Synergy|Rock Slide|p2a: Hover on Water\n|-activate|p2a: Hover on Water|move: Protect\n|\n|upkeep\n|turn|6\n|inactive|A Ira de Deus has 120 seconds left.\n|\n|t:|1700788894\n|switch|p2a: Flat Earth|Gliscor, M, shiny|100\/100\n|move|p1a: Synergy|Rock Slide|p2a: Flat Earth|[miss]\n|-miss|p1a: Synergy|p2a: Flat Earth\n|\n|-status|p2a: Flat Earth|tox|[from] item: Toxic Orb\n|upkeep\n|turn|7\n|j| chocolate mint\n|j| mistahmerrikuu\n|inactive|A Ira de Deus has 120 seconds left.\n|\n|t:|1700788907\n|switch|p2a: Hover on Water|Toxapex, M|68\/100\n|move|p1a: Synergy|Rock Slide|p2a: Hover on Water\n|-damage|p2a: Hover on Water|25\/100\n|\n|upkeep\n|turn|8\n|\n|t:|1700788914\n|move|p2a: Hover on Water|Baneful Bunker|p2a: Hover on Water\n|-singleturn|p2a: Hover on Water|move: Protect\n|move|p1a: Synergy|Tailwind|p1a: Synergy\n|-sidestart|p1: TheStroker|move: Tailwind\n|\n|upkeep\n|turn|9\n|\n|t:|1700788919\n|switch|p2a: Flat Earth|Gliscor, M, shiny|100\/100 tox\n|move|p1a: Synergy|Rock Slide|p2a: Flat Earth\n|-damage|p2a: Flat Earth|40\/100 tox\n|\n|-heal|p2a: Flat Earth|53\/100 tox|[from] ability: Poison Heal\n|upkeep\n|turn|10\n|\n|t:|1700788926\n|move|p1a: Synergy|Rock Slide|p2a: Flat Earth\n|-damage|p2a: Flat Earth|0 fnt\n|faint|p2a: Flat Earth\n|\n|upkeep\n|\n|t:|1700788930\n|switch|p2a: Forbidden Fruit|Clefable, M|100\/100\n|turn|11\n|\n|t:|1700788933\n|move|p1a: Synergy|Rock Slide|p2a: Forbidden Fruit\n|-damage|p2a: Forbidden Fruit|46\/100\n|move|p2a: Forbidden Fruit|Toxic|p1a: Synergy\n|-status|p1a: Synergy|tox\n|\n|-heal|p2a: Forbidden Fruit|52\/100|[from] item: Leftovers\n|-damage|p1a: Synergy|78\/100 tox|[from] psn\n|-sideend|p1: TheStroker|move: Tailwind\n|upkeep\n|turn|12\n|\n|t:|1700788939\n|move|p2a: Forbidden Fruit|Protect|p2a: Forbidden Fruit\n|-singleturn|p2a: Forbidden Fruit|Protect\n|move|p1a: Synergy|Rock Slide|p2a: Forbidden Fruit\n|-activate|p2a: Forbidden Fruit|move: Protect\n|\n|-heal|p2a: Forbidden Fruit|58\/100|[from] item: Leftovers\n|-damage|p1a: Synergy|66\/100 tox|[from] psn\n|upkeep\n|turn|13\n|\n|t:|1700788943\n|move|p1a: Synergy|Rock Slide|p2a: Forbidden Fruit\n|-damage|p2a: Forbidden Fruit|9\/100\n|move|p2a: Forbidden Fruit|Wish|p2a: Forbidden Fruit\n|\n|-heal|p2a: Forbidden Fruit|15\/100|[from] item: Leftovers\n|-damage|p1a: Synergy|48\/100 tox|[from] psn\n|upkeep\n|turn|14\n|\n|t:|1700788953\n|switch|p1a: Wow|Kyurem|100\/100\n|-status|p1a: Wow|psn\n|-ability|p1a: Wow|Pressure\n|move|p2a: Forbidden Fruit|Protect||[still]\n|-fail|p2a: Forbidden Fruit\n|\n|-heal|p2a: Forbidden Fruit|65\/100|[from] move: Wish|[wisher] Forbidden Fruit\n|-heal|p2a: Forbidden Fruit|71\/100|[from] item: Leftovers\n|-damage|p1a: Wow|88\/100 psn|[from] psn\n|upkeep\n|turn|15\n|\n|t:|1700788960\n|move|p1a: Wow|Ice Beam|p2a: Forbidden Fruit\n|-damage|p2a: Forbidden Fruit|0 fnt\n|faint|p2a: Forbidden Fruit\n|\n|-damage|p1a: Wow|76\/100 psn|[from] psn\n|upkeep\n|\n|t:|1700788965\n|switch|p2a: Consuming Fire|Charizard, M|100\/100\n|turn|16\n|\n|t:|1700788969\n|move|p2a: Consuming Fire|Dragon Dance|p2a: Consuming Fire\n|-boost|p2a: Consuming Fire|atk|1\n|-boost|p2a: Consuming Fire|spe|1\n|move|p1a: Wow|Ice Beam|p2a: Consuming Fire\n|-damage|p2a: Consuming Fire|15\/100\n|\n|-damage|p1a: Wow|64\/100 psn|[from] psn\n|upkeep\n|turn|17\n|\n|t:|1700788973\n|detailschange|p2a: Consuming Fire|Charizard-Mega-X, M\n|-mega|p2a: Consuming Fire|Charizard|Charizardite X\n|move|p2a: Consuming Fire|Dragon Claw|p1a: Wow\n|-supereffective|p1a: Wow\n|-damage|p1a: Wow|0 fnt\n|faint|p1a: Wow\n|\n|upkeep\n|\n|t:|1700788979\n|switch|p1a: How|Ribombee, M|100\/100\n|-status|p1a: How|psn\n|turn|18\n|\n|t:|1700788986\n|move|p2a: Consuming Fire|Roost|p2a: Consuming Fire\n|-heal|p2a: Consuming Fire|65\/100\n|-singleturn|p2a: Consuming Fire|move: Roost\n|move|p1a: How|Moonblast|p2a: Consuming Fire\n|-damage|p2a: Consuming Fire|12\/100\n|\n|-damage|p1a: How|88\/100 psn|[from] psn\n|upkeep\n|turn|19\n|\n|t:|1700788992\n|move|p2a: Consuming Fire|Fire Punch|p1a: How\n|-supereffective|p1a: How\n|-damage|p1a: How|0 fnt\n|faint|p1a: How\n|\n|upkeep\n|inactive|TheStroker has 120 seconds left.\n|\n|t:|1700789052\n|switch|p1a: Very thankful|Mew|100\/100\n|-status|p1a: Very thankful|psn\n|turn|20\n|\n|t:|1700789066\n|move|p2a: Consuming Fire|Roost|p2a: Consuming Fire\n|-heal|p2a: Consuming Fire|62\/100\n|-singleturn|p2a: Consuming Fire|move: Roost\n|move|p1a: Very thankful|Cosmic Power|p1a: Very thankful\n|-boost|p1a: Very thankful|def|1\n|-boost|p1a: Very thankful|spd|1\n|\n|-damage|p1a: Very thankful|88\/100 psn|[from] psn\n|upkeep\n|turn|21\n|\n|t:|1700789073\n|switch|p2a: Tree of Life|Chansey, F|100\/100\n|move|p1a: Very thankful|Cosmic Power|p1a: Very thankful\n|-boost|p1a: Very thankful|def|1\n|-boost|p1a: Very thankful|spd|1\n|\n|-heal|p1a: Very thankful|94\/100 psn|[from] item: Leftovers\n|-damage|p1a: Very thankful|82\/100 psn|[from] psn\n|upkeep\n|turn|22\n|\n|t:|1700789078\n|move|p1a: Very thankful|Cosmic Power|p1a: Very thankful\n|-boost|p1a: Very thankful|def|1\n|-boost|p1a: Very thankful|spd|1\n|move|p2a: Tree of Life|Teleport|p2a: Tree of Life\n|\n|t:|1700789082\n|switch|p2a: Hover on Water|Toxapex, M|59\/100|[from] Teleport\n|\n|-heal|p1a: Very thankful|88\/100 psn|[from] item: Leftovers\n|-damage|p1a: Very thankful|76\/100 psn|[from] psn\n|upkeep\n|turn|23\n|\n|t:|1700789086\n|move|p2a: Hover on Water|Baneful Bunker|p2a: Hover on Water\n|-singleturn|p2a: Hover on Water|move: Protect\n|move|p1a: Very thankful|Stored Power|p2a: Hover on Water\n|-activate|p2a: Hover on Water|move: Protect\n|\n|-heal|p1a: Very thankful|82\/100 psn|[from] item: Leftovers\n|-damage|p1a: Very thankful|70\/100 psn|[from] psn\n|upkeep\n|turn|24\n|\n|t:|1700789094\n|switch|p2a: Tree of Life|Chansey, F|100\/100\n|move|p1a: Very thankful|Stored Power|p2a: Tree of Life\n|-damage|p2a: Tree of Life|86\/100\n|\n|-heal|p1a: Very thankful|76\/100 psn|[from] item: Leftovers\n|-damage|p1a: Very thankful|63\/100 psn|[from] psn\n|upkeep\n|turn|25\n|\n|t:|1700789098\n|move|p1a: Very thankful|Cosmic Power|p1a: Very thankful\n|-boost|p1a: Very thankful|def|1\n|-boost|p1a: Very thankful|spd|1\n|move|p2a: Tree of Life|Seismic Toss|p1a: Very thankful\n|-damage|p1a: Very thankful|39\/100 psn\n|\n|-heal|p1a: Very thankful|45\/100 psn|[from] item: Leftovers\n|-damage|p1a: Very thankful|32\/100 psn|[from] psn\n|upkeep\n|turn|26\n|\n|t:|1700789102\n|move|p1a: Very thankful|Soft-Boiled|p1a: Very thankful\n|-heal|p1a: Very thankful|82\/100 psn\n|move|p2a: Tree of Life|Seismic Toss|p1a: Very thankful\n|-damage|p1a: Very thankful|58\/100 psn\n|\n|-heal|p1a: Very thankful|64\/100 psn|[from] item: Leftovers\n|-damage|p1a: Very thankful|51\/100 psn|[from] psn\n|upkeep\n|turn|27\n|\n|t:|1700789105\n|move|p1a: Very thankful|Soft-Boiled|p1a: Very thankful\n|-heal|p1a: Very thankful|100\/100 psn\n|move|p2a: Tree of Life|Seismic Toss|p1a: Very thankful\n|-damage|p1a: Very thankful|76\/100 psn\n|\n|-heal|p1a: Very thankful|82\/100 psn|[from] item: Leftovers\n|-damage|p1a: Very thankful|70\/100 psn|[from] psn\n|upkeep\n|turn|28\n|\n|t:|1700789107\n|move|p1a: Very thankful|Body Press|p2a: Tree of Life\n|-supereffective|p2a: Tree of Life\n|-damage|p2a: Tree of Life|13\/100\n|move|p2a: Tree of Life|Seismic Toss|p1a: Very thankful\n|-damage|p1a: Very thankful|45\/100 psn\n|\n|-heal|p1a: Very thankful|51\/100 psn|[from] item: Leftovers\n|-damage|p1a: Very thankful|39\/100 psn|[from] psn\n|upkeep\n|turn|29\n|\n|t:|1700789115\n|move|p1a: Very thankful|Soft-Boiled|p1a: Very thankful\n|-heal|p1a: Very thankful|89\/100 psn\n|move|p2a: Tree of Life|Teleport|p2a: Tree of Life\n|\n|t:|1700789117\n|switch|p2a: Hover on Water|Toxapex, M|92\/100|[from] Teleport\n|\n|-heal|p1a: Very thankful|95\/100 psn|[from] item: Leftovers\n|-damage|p1a: Very thankful|82\/100 psn|[from] psn\n|upkeep\n|turn|30\n|\n|t:|1700789121\n|-terastallize|p2a: Hover on Water|Dark\n|move|p1a: Very thankful|Stored Power|p2a: Hover on Water\n|-immune|p2a: Hover on Water\n|move|p2a: Hover on Water|Haze|p2a: Hover on Water\n|-clearallboost\n|\n|-heal|p1a: Very thankful|89\/100 psn|[from] item: Leftovers\n|-damage|p1a: Very thankful|76\/100 psn|[from] psn\n|upkeep\n|turn|31\n|\n|t:|1700789127\n|switch|p2a: Face of Abyss|Hoopa-Unbound|100\/100\n|move|p1a: Very thankful|Cosmic Power|p1a: Very thankful\n|-boost|p1a: Very thankful|def|1\n|-boost|p1a: Very thankful|spd|1\n|\n|-heal|p1a: Very thankful|82\/100 psn|[from] item: Leftovers\n|-damage|p1a: Very thankful|70\/100 psn|[from] psn\n|upkeep\n|turn|32\n|\n|t:|1700789135\n|move|p1a: Very thankful|Body Press|p2a: Face of Abyss\n|-damage|p2a: Face of Abyss|60\/100\n|move|p2a: Face of Abyss|Dark Pulse|p1a: Very thankful\n|-supereffective|p1a: Very thankful\n|-damage|p1a: Very thankful|18\/100 psn\n|\n|-heal|p1a: Very thankful|24\/100 psn|[from] item: Leftovers\n|-damage|p1a: Very thankful|11\/100 psn|[from] psn\n|upkeep\n|turn|33\n|\n|t:|1700789145\n|move|p1a: Very thankful|Body Press|p2a: Face of Abyss\n|-damage|p2a: Face of Abyss|19\/100\n|move|p2a: Face of Abyss|Dark Pulse|p1a: Very thankful\n|-supereffective|p1a: Very thankful\n|-damage|p1a: Very thankful|0 fnt\n|faint|p1a: Very thankful\n|\n|upkeep\n|\n|t:|1700789153\n|switch|p1a: Synergy|Kleavor, M|48\/100 tox\n|turn|34\n|\n|t:|1700789164\n|move|p1a: Synergy|Lunge|p2a: Face of Abyss\n|-supereffective|p2a: Face of Abyss\n|-damage|p2a: Face of Abyss|0 fnt\n|faint|p2a: Face of Abyss\n|\n|-damage|p1a: Synergy|42\/100 tox|[from] psn\n|upkeep\n|\n|t:|1700789167\n|switch|p2a: Hover on Water|Toxapex, M, tera:Dark|100\/100\n|turn|35\n|\n|t:|1700789175\n|move|p1a: Synergy|Lunge|p2a: Hover on Water\n|-supereffective|p2a: Hover on Water\n|-damage|p2a: Hover on Water|18\/100\n|-damage|p1a: Synergy|25\/100 tox|[from] item: Rocky Helmet|[of] p2a: Hover on Water\n|move|p2a: Hover on Water|Toxic Spikes|p1a: Synergy\n|-sidestart|p1: TheStroker|move: Toxic Spikes\n|\n|-damage|p1a: Synergy|13\/100 tox|[from] psn\n|upkeep\n|turn|36\n|\n|t:|1700789183\n|move|p2a: Hover on Water|Baneful Bunker|p2a: Hover on Water\n|-singleturn|p2a: Hover on Water|move: Protect\n|move|p1a: Synergy|Tailwind|p1a: Synergy\n|-sidestart|p1: TheStroker|move: Tailwind\n|\n|-damage|p1a: Synergy|0 fnt|[from] psn\n|faint|p1a: Synergy\n|upkeep\n|\n|t:|1700789189\n|switch|p1a: Turkeyduckchicken|Blaziken, M|100\/100\n|-status|p1a: Turkeyduckchicken|tox\n|turn|37\n|\n|t:|1700789209\n|switch|p2a: Tree of Life|Chansey, F|13\/100\n|move|p1a: Turkeyduckchicken|Swords Dance|p1a: Turkeyduckchicken\n|-boost|p1a: Turkeyduckchicken|atk|2\n|\n|-damage|p1a: Turkeyduckchicken|95\/100 tox|[from] psn\n|-ability|p1a: Turkeyduckchicken|Speed Boost|boost\n|-boost|p1a: Turkeyduckchicken|spe|1\n|upkeep\n|turn|38\n|\n|t:|1700789218\n|move|p1a: Turkeyduckchicken|Close Combat|p2a: Tree of Life\n|-supereffective|p2a: Tree of Life\n|-damage|p2a: Tree of Life|0 fnt\n|-unboost|p1a: Turkeyduckchicken|def|1\n|-unboost|p1a: Turkeyduckchicken|spd|1\n|faint|p2a: Tree of Life\n|\n|-damage|p1a: Turkeyduckchicken|83\/100 tox|[from] psn\n|-ability|p1a: Turkeyduckchicken|Speed Boost|boost\n|-boost|p1a: Turkeyduckchicken|spe|1\n|upkeep\n|\n|t:|1700789221\n|switch|p2a: Hover on Water|Toxapex, M, tera:Dark|51\/100\n|turn|39\n|\n|t:|1700789228\n|move|p1a: Turkeyduckchicken|Close Combat|p2a: Hover on Water\n|-supereffective|p2a: Hover on Water\n|-damage|p2a: Hover on Water|0 fnt\n|-unboost|p1a: Turkeyduckchicken|def|1\n|-unboost|p1a: Turkeyduckchicken|spd|1\n|-damage|p1a: Turkeyduckchicken|66\/100 tox|[from] item: Rocky Helmet|[of] p2a: Hover on Water\n|faint|p2a: Hover on Water\n|\n|-damage|p1a: Turkeyduckchicken|48\/100 tox|[from] psn\n|-sideend|p1: TheStroker|move: Tailwind\n|-ability|p1a: Turkeyduckchicken|Speed Boost|boost\n|-boost|p1a: Turkeyduckchicken|spe|1\n|upkeep\n|-message|A Ira de Deus forfeited.\n|\n|win|TheStroker\n|raw|TheStroker's rating: 1631 &rarr; <strong>1665<\/strong><br \/>(+34 for winning)\n|raw|A Ira de Deus's rating: 1933 &rarr; <strong>1899<\/strong><br \/>(-34 for losing)\n|l|\u2606A Ira de Deus\n|l| kung fu pokechu\n|j| myfeethurt\n|l| myfeethurt\n|l| chocolate mint\n","uploadtime":1700789239,"views":3,"p1id":"thestroker","p2id":"airadedeus","formatid":"gen9nationaldex","rating":1665,"private":0,"password":""}