{"id":"gen9nationaldex-1993187074","p1":"hackilla15","p2":"wochaobie","format":"[Gen 9] National Dex","log":"|j|\u2606hackilla15\n|j|\u2606wochaobie\n|t:|1700275482\n|gametype|singles\n|player|p1|hackilla15|ethan|1258\n|player|p2|wochaobie|102|1211\n|teamsize|p1|6\n|teamsize|p2|6\n|gen|9\n|tier|[Gen 9] National Dex\n|rated|\n|rule|HP Percentage Mod: HP is shown in percentages\n|rule|Endless Battle Clause: Forcing endless battles is banned\n|rule|OHKO Clause: OHKO moves are banned\n|rule|Evasion Clause: Evasion abilities, items, and moves are banned\n|rule|Evasion Abilities Clause: Evasion abilities are banned\n|rule|Evasion Items Clause: Evasion items are banned\n|rule|Evasion Moves Clause: Evasion moves are banned\n|rule|Species Clause: Limit one of each Pok\u00e9mon\n|rule|Sleep Clause Mod: Limit one foe put to sleep\n|clearpoke\n|poke|p1|Krookodile, M|\n|poke|p1|Latias, F|\n|poke|p1|Ribombee, F|\n|poke|p1|Volcarona, F|\n|poke|p1|Urshifu-*, M|\n|poke|p1|Garganacl, M|\n|poke|p2|Mimikyu, F|\n|poke|p2|Ninetales-Alola, F|\n|poke|p2|Gyarados, M|\n|poke|p2|Greninja-*, M|\n|poke|p2|Garchomp, F|\n|poke|p2|Corviknight, F|\n|teampreview\n|inactive|Battle timer is ON: inactive players will automatically lose when time's up. (requested by hackilla15)\n|\n|t:|1700275492\n|start\n|switch|p1a: Busiest Bee|Ribombee, F, shiny|100\/100\n|switch|p2a: Ninetales|Ninetales-Alola, F|100\/100\n|-weather|Snow|[from] ability: Snow Warning|[of] p2a: Ninetales\n|turn|1\n|\n|t:|1700275500\n|move|p2a: Ninetales|Aurora Veil|p2a: Ninetales\n|-sidestart|p2: wochaobie|move: Aurora Veil\n|move|p1a: Busiest Bee|Sticky Web|p2a: Ninetales\n|-sidestart|p2: wochaobie|move: Sticky Web\n|\n|-weather|Snow|[upkeep]\n|upkeep\n|turn|2\n|\n|t:|1700275506\n|move|p2a: Ninetales|Encore|p1a: Busiest Bee\n|-start|p1a: Busiest Bee|Encore\n|move|p1a: Busiest Bee|Sticky Web||[still]\n|-fail|p1a: Busiest Bee\n|\n|-weather|Snow|[upkeep]\n|upkeep\n|turn|3\n|\n|t:|1700275515\n|switch|p2a: Corviknight|Corviknight, F|100\/100\n|switch|p1a: Sunny D'|Volcarona, F, shiny|100\/100\n|\n|-weather|Snow|[upkeep]\n|upkeep\n|turn|4\n|\n|t:|1700275534\n|move|p1a: Sunny D'|Quiver Dance|p1a: Sunny D'\n|-boost|p1a: Sunny D'|spa|1\n|-boost|p1a: Sunny D'|spd|1\n|-boost|p1a: Sunny D'|spe|1\n|move|p2a: Corviknight|Defog|p1a: Sunny D'\n|-unboost|p1a: Sunny D'|evasion|1\n|-sideend|p2: wochaobie|Sticky Web|[from] move: Defog|[of] p2a: Corviknight\n|\n|-weather|Snow|[upkeep]\n|upkeep\n|turn|5\n|\n|t:|1700275544\n|switch|p2a: Greninja|Greninja, M|100\/100\n|move|p1a: Sunny D'|Quiver Dance|p1a: Sunny D'\n|-boost|p1a: Sunny D'|spa|1\n|-boost|p1a: Sunny D'|spd|1\n|-boost|p1a: Sunny D'|spe|1\n|\n|-weather|none\n|upkeep\n|turn|6\n|\n|t:|1700275552\n|-terastallize|p2a: Greninja|Water\n|move|p2a: Greninja|Water Shuriken|p1a: Sunny D'\n|-supereffective|p1a: Sunny D'\n|-damage|p1a: Sunny D'|90\/100\n|-supereffective|p1a: Sunny D'\n|-damage|p1a: Sunny D'|77\/100\n|-supereffective|p1a: Sunny D'\n|-damage|p1a: Sunny D'|64\/100\n|-supereffective|p1a: Sunny D'\n|-damage|p1a: Sunny D'|52\/100\n|-hitcount|p1a: Sunny D'|4\n|-damage|p2a: Greninja|91\/100|[from] item: Life Orb\n|move|p1a: Sunny D'|Quiver Dance|p1a: Sunny D'\n|-boost|p1a: Sunny D'|spa|1\n|-boost|p1a: Sunny D'|spd|1\n|-boost|p1a: Sunny D'|spe|1\n|\n|upkeep\n|turn|7\n|\n|t:|1700275569\n|-terastallize|p1a: Sunny D'|Grass\n|move|p2a: Greninja|Water Shuriken|p1a: Sunny D'\n|-resisted|p1a: Sunny D'\n|-damage|p1a: Sunny D'|49\/100\n|-resisted|p1a: Sunny D'\n|-damage|p1a: Sunny D'|47\/100\n|-resisted|p1a: Sunny D'\n|-damage|p1a: Sunny D'|44\/100\n|-resisted|p1a: Sunny D'\n|-damage|p1a: Sunny D'|42\/100\n|-resisted|p1a: Sunny D'\n|-damage|p1a: Sunny D'|40\/100\n|-hitcount|p1a: Sunny D'|5\n|-damage|p2a: Greninja|81\/100|[from] item: Life Orb\n|move|p1a: Sunny D'|Giga Drain|p2a: Greninja\n|-supereffective|p2a: Greninja\n|-damage|p2a: Greninja|0 fnt\n|-heal|p1a: Sunny D'|74\/100|[from] drain|[of] p2a: Greninja\n|faint|p2a: Greninja\n|\n|upkeep\n|\n|t:|1700275589\n|switch|p2a: Ninetales|Ninetales-Alola, F|100\/100\n|-weather|Snow|[from] ability: Snow Warning|[of] p2a: Ninetales\n|turn|8\n|\n|t:|1700275595\n|move|p1a: Sunny D'|Fiery Dance|p2a: Ninetales\n|-supereffective|p2a: Ninetales\n|-damage|p2a: Ninetales|9\/100\n|-boost|p1a: Sunny D'|spa|1\n|move|p2a: Ninetales|Freeze-Dry|p1a: Sunny D'\n|-supereffective|p1a: Sunny D'\n|-damage|p1a: Sunny D'|58\/100\n|\n|-weather|Snow|[upkeep]\n|-sideend|p2: wochaobie|move: Aurora Veil\n|upkeep\n|turn|9\n|\n|t:|1700275608\n|move|p1a: Sunny D'|Fiery Dance|p2a: Ninetales\n|-supereffective|p2a: Ninetales\n|-damage|p2a: Ninetales|0 fnt\n|faint|p2a: Ninetales\n|\n|-weather|Snow|[upkeep]\n|upkeep\n|\n|t:|1700275611\n|switch|p2a: Mimikyu|Mimikyu, F|100\/100\n|turn|10\n|\n|t:|1700275614\n|move|p1a: Sunny D'|Giga Drain|p2a: Mimikyu\n|-activate|p2a: Mimikyu|ability: Disguise\n|-damage|p2a: Mimikyu|100\/100\n|detailschange|p2a: Mimikyu|Mimikyu-Busted, F\n|-damage|p2a: Mimikyu|88\/100|[from] pokemon: Mimikyu-Busted\n|move|p2a: Mimikyu|Swords Dance|p2a: Mimikyu\n|-boost|p2a: Mimikyu|atk|2\n|\n|-weather|Snow|[upkeep]\n|upkeep\n|turn|11\n|\n|t:|1700275624\n|move|p1a: Sunny D'|Giga Drain|p2a: Mimikyu\n|-damage|p2a: Mimikyu|0 fnt\n|-heal|p1a: Sunny D'|91\/100|[from] drain|[of] p2a: Mimikyu\n|faint|p2a: Mimikyu\n|\n|-weather|Snow|[upkeep]\n|upkeep\n|\n|t:|1700275633\n|switch|p2a: Garchomp|Garchomp, F|100\/100\n|turn|12\n|\n|t:|1700275659\n|move|p1a: Sunny D'|Giga Drain|p2a: Garchomp\n|-damage|p2a: Garchomp|0 fnt\n|-heal|p1a: Sunny D'|100\/100|[from] drain|[of] p2a: Garchomp\n|faint|p2a: Garchomp\n|\n|-weather|none\n|upkeep\n|\n|t:|1700275664\n|switch|p2a: Corviknight|Corviknight, F|100\/100\n|turn|13\n|\n|t:|1700275668\n|move|p1a: Sunny D'|Fiery Dance|p2a: Corviknight\n|-supereffective|p2a: Corviknight\n|-damage|p2a: Corviknight|0 fnt\n|faint|p2a: Corviknight\n|\n|upkeep\n|\n|t:|1700275671\n|switch|p2a: Gyarados|Gyarados, M|100\/100\n|-ability|p2a: Gyarados|Intimidate|boost\n|-unboost|p1a: Sunny D'|atk|1\n|turn|14\n|\n|t:|1700275676\n|move|p1a: Sunny D'|Giga Drain|p2a: Gyarados\n|-damage|p2a: Gyarados|29\/100\n|move|p2a: Gyarados|Waterfall|p1a: Sunny D'\n|-resisted|p1a: Sunny D'\n|-damage|p1a: Sunny D'|82\/100\n|-status|p2a: Gyarados|brn|[from] ability: Flame Body|[of] p1a: Sunny D'\n|\n|-damage|p2a: Gyarados|23\/100 brn|[from] brn\n|upkeep\n|turn|15\n|\n|t:|1700275682\n|move|p1a: Sunny D'|Giga Drain|p2a: Gyarados\n|-damage|p2a: Gyarados|0 fnt\n|-heal|p1a: Sunny D'|96\/100|[from] drain|[of] p2a: Gyarados\n|faint|p2a: Gyarados\n|\n|win|hackilla15\n|raw|hackilla15's rating: 1258 &rarr; <strong>1280<\/strong><br \/>(+22 for winning)\n|raw|wochaobie's rating: 1211 &rarr; <strong>1189<\/strong><br \/>(-22 for losing)\n|l|\u2606wochaobie\n","uploadtime":1700275700,"views":12,"p1id":"hackilla15","p2id":"wochaobie","formatid":"gen9nationaldex","rating":1189,"private":0,"password":""}