{"id":"gen9nationaldex-1987476970","p1":"Groundar","p2":"ChiogoYoji","format":"[Gen 9] National Dex","log":"|j|\u2606Groundar\n|j|\u2606ChiogoYoji\n|t:|1699598018\n|gametype|singles\n|player|p1|Groundar|hiker|1085\n|player|p2|ChiogoYoji|roxie|1144\n|teamsize|p1|6\n|teamsize|p2|6\n|gen|9\n|tier|[Gen 9] National Dex\n|rated|\n|rule|HP Percentage Mod: HP is shown in percentages\n|rule|Endless Battle Clause: Forcing endless battles is banned\n|rule|OHKO Clause: OHKO moves are banned\n|rule|Evasion Clause: Evasion abilities, items, and moves are banned\n|rule|Evasion Abilities Clause: Evasion abilities are banned\n|rule|Evasion Items Clause: Evasion items are banned\n|rule|Evasion Moves Clause: Evasion moves are banned\n|rule|Species Clause: Limit one of each Pok\u00e9mon\n|rule|Sleep Clause Mod: Limit one foe put to sleep\n|clearpoke\n|poke|p1|Gliscor, F|\n|poke|p1|Muk-Alola, M|\n|poke|p1|Dondozo, M|\n|poke|p1|Typhlosion, M|\n|poke|p1|Ferrothorn, M|\n|poke|p1|Throh, M|\n|poke|p2|Dracozolt|\n|poke|p2|Decidueye, F|\n|poke|p2|Blaziken, M|\n|poke|p2|Empoleon, M|\n|poke|p2|Fezandipiti, M|\n|poke|p2|Pidgeot, F|\n|teampreview\n|inactive|Battle timer is ON: inactive players will automatically lose when time's up. (requested by ChiogoYoji)\n|\n|t:|1699598026\n|start\n|switch|p1a: Charger|Typhlosion, M|100\/100\n|switch|p2a: Penguin\u52c7\u58eb|Empoleon, M|100\/100\n|turn|1\n|\n|t:|1699598037\n|-terastallize|p1a: Charger|Fire\n|move|p1a: Charger|Flame Charge|p2a: Penguin\u52c7\u58eb\n|-damage|p2a: Penguin\u52c7\u58eb|82\/100\n|-boost|p1a: Charger|spe|1\n|-damage|p1a: Charger|84\/100|[from] item: Rocky Helmet|[of] p2a: Penguin\u52c7\u58eb\n|move|p2a: Penguin\u52c7\u58eb|Stealth Rock|p1a: Charger\n|-sidestart|p1: Groundar|move: Stealth Rock\n|\n|upkeep\n|turn|2\n|\n|t:|1699598046\n|move|p1a: Charger|Eruption|p2a: Penguin\u52c7\u58eb\n|-damage|p2a: Penguin\u52c7\u58eb|0 fnt\n|faint|p2a: Penguin\u52c7\u58eb\n|\n|upkeep\n|\n|t:|1699598056\n|switch|p2a: \u8f49\u751f\u708e\u7378PyroPhoenix|Blaziken, M|100\/100\n|turn|3\n|\n|t:|1699598062\n|move|p2a: \u8f49\u751f\u708e\u7378PyroPhoenix|Protect|p2a: \u8f49\u751f\u708e\u7378PyroPhoenix\n|-singleturn|p2a: \u8f49\u751f\u708e\u7378PyroPhoenix|Protect\n|move|p1a: Charger|Burn Up|p2a: \u8f49\u751f\u708e\u7378PyroPhoenix\n|-activate|p2a: \u8f49\u751f\u708e\u7378PyroPhoenix|move: Protect\n|\n|-ability|p2a: \u8f49\u751f\u708e\u7378PyroPhoenix|Speed Boost|boost\n|-boost|p2a: \u8f49\u751f\u708e\u7378PyroPhoenix|spe|1\n|upkeep\n|turn|4\n|\n|t:|1699598072\n|move|p1a: Charger|Burn Up|p2a: \u8f49\u751f\u708e\u7378PyroPhoenix\n|-resisted|p2a: \u8f49\u751f\u708e\u7378PyroPhoenix\n|-damage|p2a: \u8f49\u751f\u708e\u7378PyroPhoenix|32\/100\n|-start|p1a: Charger|typechange|Fire|[from] move: Burn Up\n|move|p2a: \u8f49\u751f\u708e\u7378PyroPhoenix|Close Combat|p1a: Charger\n|-damage|p1a: Charger|0 fnt\n|-unboost|p2a: \u8f49\u751f\u708e\u7378PyroPhoenix|def|1\n|-unboost|p2a: \u8f49\u751f\u708e\u7378PyroPhoenix|spd|1\n|faint|p1a: Charger\n|-damage|p2a: \u8f49\u751f\u708e\u7378PyroPhoenix|22\/100|[from] item: Life Orb\n|\n|-ability|p2a: \u8f49\u751f\u708e\u7378PyroPhoenix|Speed Boost|boost\n|-boost|p2a: \u8f49\u751f\u708e\u7378PyroPhoenix|spe|1\n|upkeep\n|\n|t:|1699598087\n|switch|p1a: wall|Dondozo, M|100\/100\n|-damage|p1a: wall|88\/100|[from] Stealth Rock\n|turn|5\n|\n|t:|1699598092\n|switch|p2a: RR-\u667a\u6167\u6797\u9e2e|Decidueye, F|100\/100\n|move|p1a: wall|Liquidation|p2a: RR-\u667a\u6167\u6797\u9e2e\n|-resisted|p2a: RR-\u667a\u6167\u6797\u9e2e\n|-damage|p2a: RR-\u667a\u6167\u6797\u9e2e|72\/100\n|\n|-heal|p2a: RR-\u667a\u6167\u6797\u9e2e|78\/100|[from] item: Leftovers\n|upkeep\n|turn|6\n|\n|t:|1699598101\n|switch|p1a: Gutsman|Throh, M|100\/100\n|-damage|p1a: Gutsman|94\/100|[from] Stealth Rock\n|move|p2a: RR-\u667a\u6167\u6797\u9e2e|Protect||[still]\n|-fail|p2a: RR-\u667a\u6167\u6797\u9e2e\n|\n|-heal|p2a: RR-\u667a\u6167\u6797\u9e2e|84\/100|[from] item: Leftovers\n|-status|p1a: Gutsman|brn|[from] item: Flame Orb\n|upkeep\n|turn|7\n|\n|t:|1699598116\n|move|p2a: RR-\u667a\u6167\u6797\u9e2e|Knock Off|p1a: Gutsman\n|-resisted|p1a: Gutsman\n|-damage|p1a: Gutsman|82\/100 brn\n|-enditem|p1a: Gutsman|Flame Orb|[from] move: Knock Off|[of] p2a: RR-\u667a\u6167\u6797\u9e2e\n|move|p1a: Gutsman|Payback|p2a: RR-\u667a\u6167\u6797\u9e2e\n|-supereffective|p2a: RR-\u667a\u6167\u6797\u9e2e\n|-damage|p2a: RR-\u667a\u6167\u6797\u9e2e|0 fnt\n|faint|p2a: RR-\u667a\u6167\u6797\u9e2e\n|\n|-damage|p1a: Gutsman|76\/100 brn|[from] brn\n|upkeep\n|\n|t:|1699598123\n|switch|p2a: \u96f7\u9ce5\u9f8d-ThunderDragon|Dracozolt|100\/100\n|turn|8\n|\n|t:|1699598127\n|-terastallize|p2a: \u96f7\u9ce5\u9f8d-ThunderDragon|Electric\n|move|p2a: \u96f7\u9ce5\u9f8d-ThunderDragon|Bolt Beak|p1a: Gutsman\n|-damage|p1a: Gutsman|0 fnt\n|faint|p1a: Gutsman\n|\n|upkeep\n|\n|t:|1699598133\n|switch|p1a: Bayblade|Ferrothorn, M|100\/100\n|-damage|p1a: Bayblade|95\/100|[from] Stealth Rock\n|turn|9\n|\n|t:|1699598143\n|switch|p2a: BF-\u6bd2\u98a8\u306eSimoon|Fezandipiti, M|100\/100\n|move|p1a: Bayblade|Toxic|p2a: BF-\u6bd2\u98a8\u306eSimoon\n|-immune|p2a: BF-\u6bd2\u98a8\u306eSimoon\n|\n|upkeep\n|turn|10\n|\n|t:|1699598154\n|move|p2a: BF-\u6bd2\u98a8\u306eSimoon|Taunt|p1a: Bayblade\n|-start|p1a: Bayblade|move: Taunt\n|move|p1a: Bayblade|Gyro Ball|p2a: BF-\u6bd2\u98a8\u306eSimoon\n|-supereffective|p2a: BF-\u6bd2\u98a8\u306eSimoon\n|-damage|p2a: BF-\u6bd2\u98a8\u306eSimoon|0 fnt\n|faint|p2a: BF-\u6bd2\u98a8\u306eSimoon\n|\n|upkeep\n|\n|t:|1699598159\n|switch|p2a: Pidgeot|Pidgeot, F|100\/100\n|turn|11\n|\n|t:|1699598163\n|detailschange|p2a: Pidgeot|Pidgeot-Mega, F\n|-mega|p2a: Pidgeot|Pidgeot|Pidgeotite\n|move|p2a: Pidgeot|Heat Wave|p1a: Bayblade\n|-supereffective|p1a: Bayblade\n|-damage|p1a: Bayblade|0 fnt\n|faint|p1a: Bayblade\n|\n|upkeep\n|\n|t:|1699598171\n|switch|p1a: Smoose|Muk-Alola, M|100\/100\n|-damage|p1a: Smoose|88\/100|[from] Stealth Rock\n|turn|12\n|\n|t:|1699598176\n|move|p2a: Pidgeot|Hurricane|p1a: Smoose\n|-damage|p1a: Smoose|54\/100\n|move|p1a: Smoose|Poison Fang|p2a: Pidgeot\n|-damage|p2a: Pidgeot|76\/100\n|\n|-heal|p1a: Smoose|60\/100|[from] item: Black Sludge\n|upkeep\n|turn|13\n|\n|t:|1699598187\n|move|p2a: Pidgeot|Hurricane|p1a: Smoose\n|-damage|p1a: Smoose|26\/100\n|move|p1a: Smoose|Poison Fang|p2a: Pidgeot\n|-damage|p2a: Pidgeot|52\/100\n|-status|p2a: Pidgeot|tox\n|\n|-heal|p1a: Smoose|32\/100|[from] item: Black Sludge\n|-damage|p2a: Pidgeot|46\/100 tox|[from] psn\n|upkeep\n|turn|14\n|\n|t:|1699598201\n|move|p2a: Pidgeot|Hurricane|p1a: Smoose\n|-damage|p1a: Smoose|0 fnt\n|faint|p1a: Smoose\n|\n|-damage|p2a: Pidgeot|34\/100 tox|[from] psn\n|upkeep\n|\n|t:|1699598206\n|switch|p1a: Lamar|Gliscor, F|100\/100\n|-damage|p1a: Lamar|88\/100|[from] Stealth Rock\n|turn|15\n|\n|t:|1699598210\n|move|p1a: Lamar|Protect|p1a: Lamar\n|-singleturn|p1a: Lamar|Protect\n|move|p2a: Pidgeot|Hurricane|p1a: Lamar\n|-activate|p1a: Lamar|move: Protect\n|\n|-damage|p2a: Pidgeot|15\/100 tox|[from] psn\n|-status|p1a: Lamar|tox|[from] item: Toxic Orb\n|upkeep\n|turn|16\n|\n|t:|1699598219\n|move|p2a: Pidgeot|Hurricane|p1a: Lamar\n|-damage|p1a: Lamar|25\/100 tox\n|move|p1a: Lamar|Acrobatics|p2a: Pidgeot\n|-damage|p2a: Pidgeot|0 fnt\n|faint|p2a: Pidgeot\n|\n|-heal|p1a: Lamar|38\/100 tox|[from] ability: Poison Heal\n|upkeep\n|\n|t:|1699598223\n|switch|p2a: \u8f49\u751f\u708e\u7378PyroPhoenix|Blaziken, M|22\/100\n|turn|17\n|\n|t:|1699598231\n|move|p2a: \u8f49\u751f\u708e\u7378PyroPhoenix|Protect|p2a: \u8f49\u751f\u708e\u7378PyroPhoenix\n|-singleturn|p2a: \u8f49\u751f\u708e\u7378PyroPhoenix|Protect\n|move|p1a: Lamar|Protect||[still]\n|-fail|p1a: Lamar\n|\n|-heal|p1a: Lamar|50\/100 tox|[from] ability: Poison Heal\n|-ability|p2a: \u8f49\u751f\u708e\u7378PyroPhoenix|Speed Boost|boost\n|-boost|p2a: \u8f49\u751f\u708e\u7378PyroPhoenix|spe|1\n|upkeep\n|turn|18\n|\n|t:|1699598239\n|move|p1a: Lamar|Protect|p1a: Lamar\n|-singleturn|p1a: Lamar|Protect\n|move|p2a: \u8f49\u751f\u708e\u7378PyroPhoenix|Will-O-Wisp|p1a: Lamar\n|-activate|p1a: Lamar|move: Protect\n|\n|-heal|p1a: Lamar|62\/100 tox|[from] ability: Poison Heal\n|-ability|p2a: \u8f49\u751f\u708e\u7378PyroPhoenix|Speed Boost|boost\n|-boost|p2a: \u8f49\u751f\u708e\u7378PyroPhoenix|spe|1\n|upkeep\n|turn|19\n|\n|t:|1699598248\n|move|p2a: \u8f49\u751f\u708e\u7378PyroPhoenix|Flare Blitz|p1a: Lamar\n|-damage|p1a: Lamar|3\/100 tox\n|-damage|p2a: \u8f49\u751f\u708e\u7378PyroPhoenix|0 fnt|[from] Recoil\n|faint|p2a: \u8f49\u751f\u708e\u7378PyroPhoenix\n|move|p1a: Lamar|Acrobatics|p2: \u8f49\u751f\u708e\u7378PyroPhoenix|[notarget]\n|-fail|p1a: Lamar\n|\n|-heal|p1a: Lamar|15\/100 tox|[from] ability: Poison Heal\n|upkeep\n|\n|t:|1699598252\n|switch|p2a: \u96f7\u9ce5\u9f8d-ThunderDragon|Dracozolt, tera:Electric|100\/100\n|turn|20\n|\n|t:|1699598259\n|move|p1a: Lamar|Protect|p1a: Lamar\n|-singleturn|p1a: Lamar|Protect\n|move|p2a: \u96f7\u9ce5\u9f8d-ThunderDragon|Dragon Claw|p1a: Lamar\n|-activate|p1a: Lamar|move: Protect\n|\n|-heal|p1a: Lamar|27\/100 tox|[from] ability: Poison Heal\n|upkeep\n|turn|21\n|\n|t:|1699598268\n|switch|p1a: wall|Dondozo, M|88\/100\n|-damage|p1a: wall|76\/100|[from] Stealth Rock\n|move|p2a: \u96f7\u9ce5\u9f8d-ThunderDragon|Dragon Claw|p1a: wall\n|-damage|p1a: wall|57\/100\n|\n|upkeep\n|turn|22\n|\n|t:|1699598276\n|move|p2a: \u96f7\u9ce5\u9f8d-ThunderDragon|Dragon Claw|p1a: wall\n|-damage|p1a: wall|37\/100\n|move|p1a: wall|Avalanche|p2a: \u96f7\u9ce5\u9f8d-ThunderDragon\n|-damage|p2a: \u96f7\u9ce5\u9f8d-ThunderDragon|60\/100\n|\n|upkeep\n|turn|23\n|\n|t:|1699598286\n|move|p2a: \u96f7\u9ce5\u9f8d-ThunderDragon|Dragon Claw|p1a: wall\n|-damage|p1a: wall|18\/100\n|move|p1a: wall|Avalanche|p2a: \u96f7\u9ce5\u9f8d-ThunderDragon\n|-damage|p2a: \u96f7\u9ce5\u9f8d-ThunderDragon|15\/100\n|\n|upkeep\n|turn|24\n|\n|t:|1699598292\n|move|p2a: \u96f7\u9ce5\u9f8d-ThunderDragon|Dragon Claw|p1a: wall\n|-damage|p1a: wall|0 fnt\n|faint|p1a: wall\n|\n|upkeep\n|\n|t:|1699598297\n|switch|p1a: Lamar|Gliscor, F|27\/100 tox\n|-damage|p1a: Lamar|15\/100 tox|[from] Stealth Rock\n|turn|25\n|\n|t:|1699598301\n|move|p1a: Lamar|Protect|p1a: Lamar\n|-singleturn|p1a: Lamar|Protect\n|move|p2a: \u96f7\u9ce5\u9f8d-ThunderDragon|Dragon Claw|p1a: Lamar\n|-activate|p1a: Lamar|move: Protect\n|\n|-heal|p1a: Lamar|27\/100 tox|[from] ability: Poison Heal\n|upkeep\n|turn|26\n|\n|t:|1699598308\n|move|p2a: \u96f7\u9ce5\u9f8d-ThunderDragon|Dragon Claw|p1a: Lamar\n|-damage|p1a: Lamar|1\/100 tox\n|move|p1a: Lamar|Fling|p2a: \u96f7\u9ce5\u9f8d-ThunderDragon\n|-damage|p2a: \u96f7\u9ce5\u9f8d-ThunderDragon|6\/100\n|-status|p2a: \u96f7\u9ce5\u9f8d-ThunderDragon|tox\n|-enditem|p1a: Lamar|Toxic Orb|[from] move: Fling\n|\n|-damage|p2a: \u96f7\u9ce5\u9f8d-ThunderDragon|0 fnt|[from] psn\n|faint|p2a: \u96f7\u9ce5\u9f8d-ThunderDragon\n|\n|win|Groundar\n|upkeep\n|raw|Groundar's rating: 1085 &rarr; <strong>1117<\/strong><br \/>(+32 for winning)\n|raw|ChiogoYoji's rating: 1144 &rarr; <strong>1115<\/strong><br \/>(-29 for losing)\n|l|\u2606Groundar\n","uploadtime":1699598432,"views":4,"p1id":"groundar","p2id":"chiogoyoji","formatid":"gen9nationaldex","rating":1115,"private":0,"password":""}