{"id":"gen9nationaldex-1988183602","p1":"Sprocket0835","p2":"random NOTTRUE","format":"[Gen 9] National Dex","log":"|j|\u2606Sprocket0835\n|j|\u2606random NOTTRUE\n|t:|1699681050\n|gametype|singles\n|player|p1|Sprocket0835|hilbert|1318\n|player|p2|random NOTTRUE|nate|1241\n|teamsize|p1|6\n|teamsize|p2|6\n|gen|9\n|tier|[Gen 9] National Dex\n|rated|\n|rule|HP Percentage Mod: HP is shown in percentages\n|rule|Endless Battle Clause: Forcing endless battles is banned\n|rule|OHKO Clause: OHKO moves are banned\n|rule|Evasion Clause: Evasion abilities, items, and moves are banned\n|rule|Evasion Abilities Clause: Evasion abilities are banned\n|rule|Evasion Items Clause: Evasion items are banned\n|rule|Evasion Moves Clause: Evasion moves are banned\n|rule|Species Clause: Limit one of each Pok\u00e9mon\n|rule|Sleep Clause Mod: Limit one foe put to sleep\n|clearpoke\n|poke|p1|Charizard, F|\n|poke|p1|Great Tusk|\n|poke|p1|Garganacl, M|\n|poke|p1|Victini|\n|poke|p1|Lilligant-Hisui, F|\n|poke|p1|Hatterene, F|\n|poke|p2|Gigalith, F|\n|poke|p2|Aggron, M|\n|poke|p2|Clodsire, M|\n|poke|p2|Lycanroc, F|\n|poke|p2|Cradily, M|\n|poke|p2|Excadrill, F|\n|teampreview\n|\n|t:|1699681075\n|start\n|switch|p1a: Great Tusk|Great Tusk|100\/100\n|switch|p2a: Cradily|Cradily, M, shiny|100\/100\n|turn|1\n|\n|t:|1699681086\n|-end|p1a: Great Tusk|Protosynthesis|[silent]\n|switch|p1a: Hatterene|Hatterene, F|100\/100\n|move|p2a: Cradily|Meteor Beam||[still]\n|-prepare|p2a: Cradily|Meteor Beam\n|-boost|p2a: Cradily|spa|1\n|-enditem|p2a: Cradily|Power Herb\n|-anim|p2a: Cradily|Meteor Beam|p1a: Hatterene|[miss]\n|-miss|p2a: Cradily|p1a: Hatterene\n|\n|upkeep\n|turn|2\n|\n|t:|1699681096\n|move|p2a: Cradily|Giga Drain|p1a: Hatterene\n|-damage|p1a: Hatterene|54\/100\n|-enditem|p1a: Hatterene|Eject Button\n|\n|t:|1699681103\n|switch|p1a: Lilligant|Lilligant-Hisui, F|100\/100\n|\n|upkeep\n|turn|3\n|\n|t:|1699681114\n|move|p1a: Lilligant|Close Combat|p2a: Cradily\n|-supereffective|p2a: Cradily\n|-damage|p2a: Cradily|0 fnt\n|-unboost|p1a: Lilligant|def|1\n|-unboost|p1a: Lilligant|spd|1\n|faint|p2a: Cradily\n|-damage|p1a: Lilligant|91\/100|[from] item: Life Orb\n|\n|upkeep\n|\n|t:|1699681142\n|switch|p2a: Clodsire|Clodsire, M, shiny|100\/100\n|turn|4\n|\n|t:|1699681146\n|switch|p1a: Hatterene|Hatterene, F|54\/100\n|move|p2a: Clodsire|Toxic|p1a: Hatterene\n|move|p1a: Hatterene|Toxic|p2a: Clodsire|[from]ability: Magic Bounce\n|-immune|p2a: Clodsire\n|\n|upkeep\n|turn|5\n|\n|t:|1699681159\n|switch|p2a: Gigalith|Gigalith, F, shiny|100\/100\n|-weather|Sandstorm|[from] ability: Sand Stream|[of] p2a: Gigalith\n|move|p1a: Hatterene|Psyshock|p2a: Gigalith\n|-damage|p2a: Gigalith|74\/100\n|\n|-weather|Sandstorm|[upkeep]\n|-damage|p1a: Hatterene|48\/100|[from] Sandstorm\n|upkeep\n|turn|6\n|\n|t:|1699681167\n|move|p1a: Hatterene|Nuzzle|p2a: Gigalith\n|-damage|p2a: Gigalith|71\/100\n|-status|p2a: Gigalith|par\n|move|p2a: Gigalith|Stealth Rock|p1a: Hatterene\n|move|p1a: Hatterene|Stealth Rock|p2a: Gigalith|[from]ability: Magic Bounce\n|-sidestart|p2: random NOTTRUE|move: Stealth Rock\n|\n|-weather|Sandstorm|[upkeep]\n|-damage|p1a: Hatterene|42\/100|[from] Sandstorm\n|upkeep\n|turn|7\n|\n|t:|1699681180\n|switch|p1a: Great Tusk|Great Tusk|100\/100\n|switch|p2a: Excadrill|Excadrill, F, shiny|100\/100\n|-damage|p2a: Excadrill|97\/100|[from] Stealth Rock\n|\n|-weather|Sandstorm|[upkeep]\n|upkeep\n|turn|8\n|\n|t:|1699681200\n|move|p2a: Excadrill|Rapid Spin|p1a: Great Tusk\n|-damage|p1a: Great Tusk|81\/100\n|-boost|p2a: Excadrill|spe|1\n|-sideend|p2: random NOTTRUE|Stealth Rock|[from] move: Rapid Spin|[of] p2a: Excadrill\n|-damage|p2a: Excadrill|87\/100|[from] item: Life Orb\n|move|p1a: Great Tusk|Rapid Spin|p2a: Excadrill\n|-resisted|p2a: Excadrill\n|-damage|p2a: Excadrill|76\/100\n|-boost|p1a: Great Tusk|spe|1\n|\n|-weather|Sandstorm|[upkeep]\n|-heal|p1a: Great Tusk|87\/100|[from] item: Leftovers\n|upkeep\n|turn|9\n|\n|t:|1699681212\n|-terastallize|p2a: Excadrill|Ground\n|move|p2a: Excadrill|Earthquake|p1a: Great Tusk\n|-damage|p1a: Great Tusk|18\/100\n|-damage|p2a: Excadrill|66\/100|[from] item: Life Orb\n|move|p1a: Great Tusk|Close Combat|p2a: Excadrill\n|-damage|p2a: Excadrill|0 fnt\n|-unboost|p1a: Great Tusk|def|1\n|-unboost|p1a: Great Tusk|spd|1\n|faint|p2a: Excadrill\n|\n|-weather|Sandstorm|[upkeep]\n|-heal|p1a: Great Tusk|24\/100|[from] item: Leftovers\n|upkeep\n|\n|t:|1699681228\n|switch|p2a: Lycanroc|Lycanroc, F, shiny|100\/100\n|turn|10\n|\n|t:|1699681244\n|-end|p1a: Great Tusk|Protosynthesis|[silent]\n|switch|p1a: Garganacl|Garganacl, M|100\/100\n|move|p2a: Lycanroc|Close Combat|p1a: Garganacl\n|-supereffective|p1a: Garganacl\n|-damage|p1a: Garganacl|19\/100\n|-unboost|p2a: Lycanroc|def|1\n|-unboost|p2a: Lycanroc|spd|1\n|\n|-weather|Sandstorm|[upkeep]\n|-heal|p1a: Garganacl|25\/100|[from] item: Leftovers\n|upkeep\n|turn|11\n|\n|t:|1699681253\n|move|p2a: Lycanroc|Close Combat|p1a: Garganacl\n|-supereffective|p1a: Garganacl\n|-damage|p1a: Garganacl|0 fnt\n|-unboost|p2a: Lycanroc|def|1\n|-unboost|p2a: Lycanroc|spd|1\n|faint|p1a: Garganacl\n|\n|-weather|Sandstorm|[upkeep]\n|upkeep\n|\n|t:|1699681264\n|switch|p1a: Victini|Victini|100\/100\n|turn|12\n|\n|t:|1699681273\n|switch|p2a: Gigalith|Gigalith, F, shiny|71\/100 par\n|switch|p1a: Hatterene|Hatterene, F|42\/100\n|\n|-weather|none\n|upkeep\n|turn|13\n|\n|t:|1699681286\n|move|p1a: Hatterene|Healing Wish|p1a: Hatterene\n|faint|p1a: Hatterene\n|cant|p2a: Gigalith|par\n|\n|upkeep\n|\n|t:|1699681290\n|switch|p1a: Great Tusk|Great Tusk|24\/100\n|-heal|p1a: Great Tusk|100\/100|[from] move: Healing Wish\n|turn|14\n|\n|t:|1699681312\n|switch|p2a: Clodsire|Clodsire, M, shiny|100\/100\n|move|p1a: Great Tusk|Headlong Rush|p2a: Clodsire\n|-supereffective|p2a: Clodsire\n|-damage|p2a: Clodsire|0 fnt\n|-unboost|p1a: Great Tusk|def|1\n|-unboost|p1a: Great Tusk|spd|1\n|faint|p2a: Clodsire\n|\n|upkeep\n|\n|t:|1699681325\n|switch|p2a: Gigalith|Gigalith, F, shiny|71\/100 par\n|-weather|Sandstorm|[from] ability: Sand Stream|[of] p2a: Gigalith\n|turn|15\n|\n|t:|1699681332\n|move|p1a: Great Tusk|Close Combat|p2a: Gigalith\n|-supereffective|p2a: Gigalith\n|-damage|p2a: Gigalith|0 fnt\n|-unboost|p1a: Great Tusk|def|1\n|-unboost|p1a: Great Tusk|spd|1\n|faint|p2a: Gigalith\n|\n|-weather|Sandstorm|[upkeep]\n|upkeep\n|\n|t:|1699681339\n|switch|p2a: Lycanroc|Lycanroc, F, shiny|100\/100\n|turn|16\n|\n|t:|1699681357\n|-end|p1a: Great Tusk|Protosynthesis|[silent]\n|switch|p1a: Victini|Victini|100\/100\n|move|p2a: Lycanroc|Play Rough|p1a: Victini\n|-resisted|p1a: Victini\n|-damage|p1a: Victini|77\/100\n|\n|-weather|Sandstorm|[upkeep]\n|-damage|p1a: Victini|71\/100|[from] Sandstorm\n|upkeep\n|turn|17\n|\n|t:|1699681368\n|move|p2a: Lycanroc|Play Rough|p1a: Victini\n|-resisted|p1a: Victini\n|-damage|p1a: Victini|47\/100\n|move|p1a: Victini|Thunder|p2a: Lycanroc|[miss]\n|-miss|p1a: Victini|p2a: Lycanroc\n|\n|-weather|Sandstorm|[upkeep]\n|-damage|p1a: Victini|41\/100|[from] Sandstorm\n|upkeep\n|turn|18\n|\n|t:|1699681379\n|move|p2a: Lycanroc|Play Rough|p1a: Victini\n|-resisted|p1a: Victini\n|-damage|p1a: Victini|18\/100\n|-zpower|p1a: Victini\n|move|p1a: Victini|Z-Celebrate|p1a: Victini|[anim]Celebrate\n|-boost|p1a: Victini|atk|1|[zeffect]\n|-boost|p1a: Victini|def|1|[zeffect]\n|-boost|p1a: Victini|spa|1|[zeffect]\n|-boost|p1a: Victini|spd|1|[zeffect]\n|-boost|p1a: Victini|spe|1|[zeffect]\n|-activate|p1a: Victini|move: Celebrate\n|\n|-weather|Sandstorm|[upkeep]\n|-damage|p1a: Victini|12\/100|[from] Sandstorm\n|upkeep\n|turn|19\n|\n|t:|1699681390\n|move|p2a: Lycanroc|Play Rough|p1a: Victini\n|-resisted|p1a: Victini\n|-damage|p1a: Victini|0 fnt\n|faint|p1a: Victini\n|\n|-weather|Sandstorm|[upkeep]\n|upkeep\n|\n|t:|1699681396\n|switch|p1a: Great Tusk|Great Tusk|100\/100\n|turn|20\n|\n|t:|1699681400\n|move|p2a: Lycanroc|Play Rough|p1a: Great Tusk|[miss]\n|-miss|p2a: Lycanroc|p1a: Great Tusk\n|move|p1a: Great Tusk|Close Combat|p2a: Lycanroc\n|-supereffective|p2a: Lycanroc\n|-damage|p2a: Lycanroc|0 fnt\n|-unboost|p1a: Great Tusk|def|1\n|-unboost|p1a: Great Tusk|spd|1\n|faint|p2a: Lycanroc\n|\n|-weather|Sandstorm|[upkeep]\n|upkeep\n|\n|t:|1699681411\n|switch|p2a: Aggron|Aggron, M, shiny|100\/100\n|turn|21\n|\n|t:|1699681420\n|detailschange|p2a: Aggron|Aggron-Mega, M, shiny\n|-mega|p2a: Aggron|Aggron|Aggronite\n|move|p1a: Great Tusk|Close Combat|p2a: Aggron\n|-supereffective|p2a: Aggron\n|-damage|p2a: Aggron|53\/100\n|-unboost|p1a: Great Tusk|def|1\n|-unboost|p1a: Great Tusk|spd|1\n|move|p2a: Aggron|Outrage|p1a: Great Tusk\n|-damage|p1a: Great Tusk|35\/100\n|\n|-weather|Sandstorm|[upkeep]\n|-heal|p1a: Great Tusk|41\/100|[from] item: Leftovers\n|upkeep\n|turn|22\n|\n|t:|1699681432\n|move|p1a: Great Tusk|Close Combat|p2a: Aggron\n|-supereffective|p2a: Aggron\n|-damage|p2a: Aggron|8\/100\n|-unboost|p1a: Great Tusk|def|1\n|-unboost|p1a: Great Tusk|spd|1\n|move|p2a: Aggron|Outrage|p1a: Great Tusk|[from]lockedmove\n|-damage|p1a: Great Tusk|0 fnt\n|faint|p1a: Great Tusk\n|-end|p1a: Great Tusk|Protosynthesis|[silent]\n|-start|p2a: Aggron|confusion|[fatigue]\n|\n|-weather|none\n|upkeep\n|\n|t:|1699681437\n|switch|p1a: Lilligant|Lilligant-Hisui, F|91\/100\n|turn|23\n|\n|t:|1699681445\n|move|p1a: Lilligant|Close Combat|p2a: Aggron\n|-supereffective|p2a: Aggron\n|-damage|p2a: Aggron|0 fnt\n|-unboost|p1a: Lilligant|def|1\n|-unboost|p1a: Lilligant|spd|1\n|faint|p2a: Aggron\n|-damage|p1a: Lilligant|81\/100|[from] item: Life Orb\n|\n|win|Sprocket0835\n|raw|Sprocket0835's rating: 1318 &rarr; <strong>1334<\/strong><br \/>(+16 for winning)\n|raw|random NOTTRUE's rating: 1241 &rarr; <strong>1221<\/strong><br \/>(-20 for losing)\n","uploadtime":1699681455,"views":6,"p1id":"sprocket0835","p2id":"randomnottrue","formatid":"gen9nationaldex","rating":1221,"private":0,"password":""}