{"id":"gen9nationaldex-1993908627","p1":"daybreak wave2","p2":"Drkvader","format":"[Gen 9] National Dex","log":"|j|\u2606daybreak wave2\n|j|\u2606Drkvader\n|t:|1700373631\n|gametype|singles\n|player|p1|daybreak wave2|lillie-masters2|1498\n|player|p2|Drkvader|marlon|1410\n|teamsize|p1|6\n|teamsize|p2|6\n|gen|9\n|tier|[Gen 9] National Dex\n|rated|\n|rule|HP Percentage Mod: HP is shown in percentages\n|rule|Endless Battle Clause: Forcing endless battles is banned\n|rule|OHKO Clause: OHKO moves are banned\n|rule|Evasion Clause: Evasion abilities, items, and moves are banned\n|rule|Evasion Abilities Clause: Evasion abilities are banned\n|rule|Evasion Items Clause: Evasion items are banned\n|rule|Evasion Moves Clause: Evasion moves are banned\n|rule|Species Clause: Limit one of each Pok\u00e9mon\n|rule|Sleep Clause Mod: Limit one foe put to sleep\n|clearpoke\n|poke|p1|Pinsir, F|\n|poke|p1|Aegislash, M|\n|poke|p1|Ogerpon-Wellspring, F|\n|poke|p1|Moltres|\n|poke|p1|Electrode-Hisui|\n|poke|p1|Clodsire, F|\n|poke|p2|Swampert, M|\n|poke|p2|Pelipper, M|\n|poke|p2|Sharpedo, M|\n|poke|p2|Heliolisk, M|\n|poke|p2|Ogerpon-Wellspring, F|\n|poke|p2|Urshifu-*, F|\n|teampreview\n|inactive|Battle timer is ON: inactive players will automatically lose when time's up. (requested by Drkvader)\n|inactive|Drkvader has 120 seconds left.\n|\n|t:|1700373677\n|start\n|switch|p1a: \u6d1b\u6258\u59c6-\u5207\u5272|Electrode-Hisui|100\/100\n|switch|p2a: Pelipper|Pelipper, M|100\/100\n|-weather|RainDance|[from] ability: Drizzle|[of] p2a: Pelipper\n|turn|1\n|\n|t:|1700373695\n|-terastallize|p2a: Pelipper|Ground\n|move|p1a: \u6d1b\u6258\u59c6-\u5207\u5272|Volt Switch|p2a: Pelipper\n|-immune|p2a: Pelipper\n|move|p2a: Pelipper|U-turn|p1a: \u6d1b\u6258\u59c6-\u5207\u5272\n|-supereffective|p1a: \u6d1b\u6258\u59c6-\u5207\u5272\n|-damage|p1a: \u6d1b\u6258\u59c6-\u5207\u5272|67\/100\n|\n|t:|1700373706\n|switch|p2a: Swampert|Swampert, M|100\/100|[from] U-turn\n|\n|-weather|RainDance|[upkeep]\n|upkeep\n|turn|2\n|\n|t:|1700373710\n|switch|p1a: \u6c34\u72f1\u5352|Ogerpon-Wellspring, F|100\/100\n|detailschange|p2a: Swampert|Swampert-Mega, M\n|-mega|p2a: Swampert|Swampert|Swampertite\n|move|p2a: Swampert|Ice Punch|p1a: \u6c34\u72f1\u5352\n|-damage|p1a: \u6c34\u72f1\u5352|57\/100\n|\n|-weather|RainDance|[upkeep]\n|upkeep\n|turn|3\n|\n|t:|1700373728\n|switch|p2a: Urshifu|Urshifu-Rapid-Strike, F|100\/100\n|switch|p1a: \u585e\u8c6a\u5bcc|Aegislash, M, shiny|100\/100\n|\n|-weather|RainDance|[upkeep]\n|upkeep\n|turn|4\n|\n|t:|1700373736\n|move|p2a: Urshifu|U-turn|p1a: \u585e\u8c6a\u5bcc\n|-resisted|p1a: \u585e\u8c6a\u5bcc\n|-damage|p1a: \u585e\u8c6a\u5bcc|95\/100\n|\n|t:|1700373744\n|switch|p2a: Sharpedo|Sharpedo, M|100\/100|[from] U-turn\n|-zpower|p1a: \u585e\u8c6a\u5bcc\n|-formechange|p1a: \u585e\u8c6a\u5bcc|Aegislash-Blade||[from] ability: Stance Change\n|move|p1a: \u585e\u8c6a\u5bcc|Never-Ending Nightmare|p2a: Sharpedo|[zeffect]\n|-resisted|p2a: Sharpedo\n|-damage|p2a: Sharpedo|0 fnt\n|faint|p2a: Sharpedo\n|\n|-weather|RainDance|[upkeep]\n|upkeep\n|\n|t:|1700373759\n|switch|p2a: Ogerpon|Ogerpon-Wellspring, F|100\/100\n|turn|5\n|\n|t:|1700373775\n|switch|p1a: \u6c34\u72f1\u5352|Ogerpon-Wellspring, F|57\/100\n|move|p2a: Ogerpon|Swords Dance|p2a: Ogerpon\n|-boost|p2a: Ogerpon|atk|2\n|\n|-weather|RainDance|[upkeep]\n|upkeep\n|turn|6\n|\n|t:|1700373793\n|switch|p1a: \u571f~\u2191\u738b|Clodsire, F|100\/100\n|move|p2a: Ogerpon|Horn Leech|p1a: \u571f~\u2191\u738b\n|-damage|p1a: \u571f~\u2191\u738b|54\/100\n|\n|-weather|RainDance|[upkeep]\n|upkeep\n|turn|7\n|\n|t:|1700373812\n|move|p2a: Ogerpon|Ivy Cudgel|p1a: \u571f~\u2191\u738b|[anim] Ivy Cudgel Water\n|-supereffective|p1a: \u571f~\u2191\u738b\n|-damage|p1a: \u571f~\u2191\u738b|0 fnt\n|faint|p1a: \u571f~\u2191\u738b\n|\n|-weather|RainDance|[upkeep]\n|upkeep\n|\n|t:|1700373820\n|switch|p1a: \u6d1b\u6258\u59c6-\u5207\u5272|Electrode-Hisui|67\/100\n|turn|8\n|\n|t:|1700373824\n|move|p1a: \u6d1b\u6258\u59c6-\u5207\u5272|Leaf Storm|p2a: Ogerpon|[miss]\n|-miss|p1a: \u6d1b\u6258\u59c6-\u5207\u5272|p2a: Ogerpon\n|move|p2a: Ogerpon|Horn Leech|p1a: \u6d1b\u6258\u59c6-\u5207\u5272\n|-resisted|p1a: \u6d1b\u6258\u59c6-\u5207\u5272\n|-damage|p1a: \u6d1b\u6258\u59c6-\u5207\u5272|0 fnt\n|-damage|p2a: Ogerpon|76\/100|[from] ability: Aftermath|[of] p1a: \u6d1b\u6258\u59c6-\u5207\u5272\n|faint|p1a: \u6d1b\u6258\u59c6-\u5207\u5272\n|\n|-weather|none\n|upkeep\n|inactive|daybreak wave2 has 120 seconds left.\n|\n|t:|1700373850\n|switch|p1a: \u7532\u54e5|Pinsir, F, shiny|100\/100\n|turn|9\n|\n|t:|1700373852\n|detailschange|p1a: \u7532\u54e5|Pinsir-Mega, F, shiny\n|-mega|p1a: \u7532\u54e5|Pinsir|Pinsirite\n|move|p1a: \u7532\u54e5|Quick Attack|p2a: Ogerpon\n|-supereffective|p2a: Ogerpon\n|-damage|p2a: Ogerpon|5\/100\n|move|p2a: Ogerpon|Ivy Cudgel|p1a: \u7532\u54e5|[anim] Ivy Cudgel Water\n|-damage|p1a: \u7532\u54e5|0 fnt\n|faint|p1a: \u7532\u54e5\n|\n|upkeep\n|\n|t:|1700373862\n|switch|p1a: \u585e\u8c6a\u5bcc|Aegislash, M, shiny|95\/100\n|turn|10\n|\n|t:|1700373865\n|switch|p2a: Heliolisk|Heliolisk, M|100\/100\n|-formechange|p1a: \u585e\u8c6a\u5bcc|Aegislash-Blade||[from] ability: Stance Change\n|move|p1a: \u585e\u8c6a\u5bcc|Shadow Sneak|p2a: Heliolisk\n|-immune|p2a: Heliolisk\n|\n|upkeep\n|turn|11\n|\n|t:|1700373874\n|switch|p2a: Pelipper|Pelipper, M, tera:Ground|100\/100\n|-weather|RainDance|[from] ability: Drizzle|[of] p2a: Pelipper\n|-formechange|p1a: \u585e\u8c6a\u5bcc|Aegislash||[from] ability: Stance Change\n|move|p1a: \u585e\u8c6a\u5bcc|King's Shield||[still]\n|-fail|p1a: \u585e\u8c6a\u5bcc\n|\n|-weather|RainDance|[upkeep]\n|upkeep\n|turn|12\n|\n|t:|1700373884\n|switch|p1a: \u6c34\u72f1\u5352|Ogerpon-Wellspring, F|57\/100\n|move|p2a: Pelipper|Scald|p1a: \u6c34\u72f1\u5352\n|-heal|p1a: \u6c34\u72f1\u5352|82\/100|[from] ability: Water Absorb|[of] p2a: Pelipper\n|\n|-weather|RainDance|[upkeep]\n|upkeep\n|turn|13\n|\n|t:|1700373897\n|switch|p2a: Ogerpon|Ogerpon-Wellspring, F|5\/100\n|move|p1a: \u6c34\u72f1\u5352|Horn Leech|p2a: Ogerpon\n|-damage|p2a: Ogerpon|0 fnt\n|-heal|p1a: \u6c34\u72f1\u5352|85\/100|[from] drain|[of] p2a: Ogerpon\n|faint|p2a: Ogerpon\n|\n|-weather|RainDance|[upkeep]\n|upkeep\n|\n|t:|1700373905\n|switch|p2a: Heliolisk|Heliolisk, M|100\/100\n|turn|14\n|\n|t:|1700373911\n|switch|p1a: \u585e\u8c6a\u5bcc|Aegislash, M, shiny|95\/100\n|move|p2a: Heliolisk|Thunder|p1a: \u585e\u8c6a\u5bcc\n|-damage|p1a: \u585e\u8c6a\u5bcc|58\/100\n|\n|-weather|RainDance|[upkeep]\n|upkeep\n|turn|15\n|\n|t:|1700373918\n|move|p2a: Heliolisk|Thunder|p1a: \u585e\u8c6a\u5bcc\n|-damage|p1a: \u585e\u8c6a\u5bcc|16\/100\n|-formechange|p1a: \u585e\u8c6a\u5bcc|Aegislash-Blade||[from] ability: Stance Change\n|move|p1a: \u585e\u8c6a\u5bcc|Close Combat|p2a: Heliolisk\n|-supereffective|p2a: Heliolisk\n|-enditem|p2a: Heliolisk|Focus Sash\n|-damage|p2a: Heliolisk|1\/100\n|-unboost|p1a: \u585e\u8c6a\u5bcc|def|1\n|-unboost|p1a: \u585e\u8c6a\u5bcc|spd|1\n|\n|-weather|RainDance|[upkeep]\n|-heal|p2a: Heliolisk|13\/100|[from] ability: Dry Skin\n|upkeep\n|turn|16\n|\n|t:|1700373929\n|move|p2a: Heliolisk|Thunder|p1a: \u585e\u8c6a\u5bcc\n|-damage|p1a: \u585e\u8c6a\u5bcc|0 fnt\n|faint|p1a: \u585e\u8c6a\u5bcc\n|\n|-weather|RainDance|[upkeep]\n|-heal|p2a: Heliolisk|26\/100|[from] ability: Dry Skin\n|upkeep\n|\n|t:|1700373932\n|switch|p1a: \u6c34\u72f1\u5352|Ogerpon-Wellspring, F|85\/100\n|turn|17\n|\n|t:|1700373936\n|move|p1a: \u6c34\u72f1\u5352|Horn Leech|p2a: Heliolisk\n|-damage|p2a: Heliolisk|0 fnt\n|-heal|p1a: \u6c34\u72f1\u5352|96\/100|[from] drain|[of] p2a: Heliolisk\n|faint|p2a: Heliolisk\n|\n|-weather|RainDance|[upkeep]\n|upkeep\n|\n|t:|1700373941\n|switch|p2a: Swampert|Swampert-Mega, M|100\/100\n|turn|18\n|\n|t:|1700373952\n|move|p2a: Swampert|Ice Punch|p1a: \u6c34\u72f1\u5352\n|-damage|p1a: \u6c34\u72f1\u5352|57\/100\n|move|p1a: \u6c34\u72f1\u5352|Horn Leech|p2a: Swampert\n|-supereffective|p2a: Swampert\n|-crit|p2a: Swampert\n|-damage|p2a: Swampert|0 fnt\n|-heal|p1a: \u6c34\u72f1\u5352|100\/100|[from] drain|[of] p2a: Swampert\n|faint|p2a: Swampert\n|\n|-weather|none\n|upkeep\n|\n|t:|1700373955\n|switch|p2a: Urshifu|Urshifu-Rapid-Strike, F|100\/100\n|turn|19\n|\n|t:|1700373967\n|-terastallize|p1a: \u6c34\u72f1\u5352|Water\n|detailschange|p1a: \u6c34\u72f1\u5352|Ogerpon-Wellspring-Tera, F, tera:Water\n|-ability|p1a: \u6c34\u72f1\u5352|Embody Aspect (Wellspring)|boost\n|-boost|p1a: \u6c34\u72f1\u5352|spd|1\n|move|p2a: Urshifu|U-turn|p1a: \u6c34\u72f1\u5352\n|-damage|p1a: \u6c34\u72f1\u5352|63\/100\n|\n|t:|1700373972\n|switch|p2a: Pelipper|Pelipper, M, tera:Ground|100\/100|[from] U-turn\n|-weather|RainDance|[from] ability: Drizzle|[of] p2a: Pelipper\n|move|p1a: \u6c34\u72f1\u5352|Horn Leech|p2a: Pelipper\n|-supereffective|p2a: Pelipper\n|-damage|p2a: Pelipper|18\/100\n|-heal|p1a: \u6c34\u72f1\u5352|100\/100|[from] drain|[of] p2a: Pelipper\n|\n|-weather|RainDance|[upkeep]\n|upkeep\n|turn|20\n|\n|t:|1700373976\n|move|p1a: \u6c34\u72f1\u5352|Horn Leech|p2a: Pelipper\n|-supereffective|p2a: Pelipper\n|-damage|p2a: Pelipper|0 fnt\n|faint|p2a: Pelipper\n|\n|-weather|RainDance|[upkeep]\n|upkeep\n|\n|t:|1700373978\n|switch|p2a: Urshifu|Urshifu-Rapid-Strike, F|100\/100\n|turn|21\n|\n|t:|1700373981\n|move|p2a: Urshifu|Surging Strikes|p1a: \u6c34\u72f1\u5352\n|-resisted|p1a: \u6c34\u72f1\u5352\n|-crit|p1a: \u6c34\u72f1\u5352\n|-damage|p1a: \u6c34\u72f1\u5352|81\/100\n|-resisted|p1a: \u6c34\u72f1\u5352\n|-crit|p1a: \u6c34\u72f1\u5352\n|-damage|p1a: \u6c34\u72f1\u5352|59\/100\n|-resisted|p1a: \u6c34\u72f1\u5352\n|-crit|p1a: \u6c34\u72f1\u5352\n|-damage|p1a: \u6c34\u72f1\u5352|36\/100\n|-hitcount|p1a: \u6c34\u72f1\u5352|3\n|move|p1a: \u6c34\u72f1\u5352|Horn Leech|p2a: Urshifu\n|-supereffective|p2a: Urshifu\n|-damage|p2a: Urshifu|18\/100\n|-heal|p1a: \u6c34\u72f1\u5352|83\/100|[from] drain|[of] p2a: Urshifu\n|\n|-weather|RainDance|[upkeep]\n|upkeep\n|turn|22\n|c|\u2606Drkvader|gg\n|\n|t:|1700373994\n|move|p2a: Urshifu|Surging Strikes|p1a: \u6c34\u72f1\u5352\n|-resisted|p1a: \u6c34\u72f1\u5352\n|-crit|p1a: \u6c34\u72f1\u5352\n|-damage|p1a: \u6c34\u72f1\u5352|62\/100\n|-resisted|p1a: \u6c34\u72f1\u5352\n|-crit|p1a: \u6c34\u72f1\u5352\n|-damage|p1a: \u6c34\u72f1\u5352|42\/100\n|-resisted|p1a: \u6c34\u72f1\u5352\n|-crit|p1a: \u6c34\u72f1\u5352\n|-damage|p1a: \u6c34\u72f1\u5352|19\/100\n|-hitcount|p1a: \u6c34\u72f1\u5352|3\n|move|p1a: \u6c34\u72f1\u5352|Horn Leech|p2a: Urshifu\n|-supereffective|p2a: Urshifu\n|-damage|p2a: Urshifu|0 fnt\n|-heal|p1a: \u6c34\u72f1\u5352|29\/100|[from] drain|[of] p2a: Urshifu\n|faint|p2a: Urshifu\n|\n|win|daybreak wave2\n|raw|daybreak wave2's rating: 1498 &rarr; <strong>1513<\/strong><br \/>(+15 for winning)\n|raw|Drkvader's rating: 1410 &rarr; <strong>1395<\/strong><br \/>(-15 for losing)\n","uploadtime":1700374008,"views":6,"p1id":"daybreakwave2","p2id":"drkvader","formatid":"gen9nationaldex","rating":1395,"private":0,"password":""}