{"id":"gen9nationaldex-1996645385","p1":"RouroZxa","p2":"famus123","format":"[Gen 9] National Dex","log":"|html|<div class=\"broadcast-blue\"><strong>[Gen 9] National Dex is currently suspecting Sneasler! For information on how to participate check out the <a href=\"https:\/\/www.smogon.com\/forums\/threads\/sv-national-dex-suspect-8-just-dance.3731534\/\">suspect thread<\/a>.<\/strong><\/div>\n|j|\u2606RouroZxa\n|j|\u2606famus123\n|t:|1700704581\n|gametype|singles\n|player|p1|RouroZxa|hilbert-wonderlauncher|\n|player|p2|famus123|kukui|\n|teamsize|p1|6\n|teamsize|p2|6\n|gen|9\n|tier|[Gen 9] National Dex\n|rule|HP Percentage Mod: HP is shown in percentages\n|rule|Endless Battle Clause: Forcing endless battles is banned\n|rule|OHKO Clause: OHKO moves are banned\n|rule|Evasion Clause: Evasion abilities, items, and moves are banned\n|rule|Evasion Abilities Clause: Evasion abilities are banned\n|rule|Evasion Items Clause: Evasion items are banned\n|rule|Evasion Moves Clause: Evasion moves are banned\n|rule|Species Clause: Limit one of each Pok\u00e9mon\n|rule|Sleep Clause Mod: Limit one foe put to sleep\n|clearpoke\n|poke|p1|Pikachu, F|\n|poke|p1|Charizard, M|\n|poke|p1|Iron Valiant|\n|poke|p1|Ferrothorn, F|\n|poke|p1|Glimmora, M|\n|poke|p1|Umbreon, F|\n|poke|p2|Mawile, F|\n|poke|p2|Zamazenta-*|\n|poke|p2|Chansey, F|\n|poke|p2|Slowbro, M|\n|poke|p2|Gliscor, M|\n|poke|p2|Ogerpon-Wellspring, F|\n|teampreview\n|\n|t:|1700704593\n|start\n|switch|p1a: Glimmora|Glimmora, M|100\/100\n|switch|p2a: Gliscor|Gliscor, M|100\/100\n|turn|1\n|\n|t:|1700704612\n|switch|p1a: Ferrothorn|Ferrothorn, F|100\/100\n|move|p2a: Gliscor|Earthquake|p1a: Ferrothorn\n|-damage|p1a: Ferrothorn|80\/100\n|\n|-status|p2a: Gliscor|tox|[from] item: Toxic Orb\n|upkeep\n|turn|2\n|inactive|Battle timer is ON: inactive players will automatically lose when time's up. (requested by famus123)\n|\n|t:|1700704629\n|switch|p2a: Mawile|Mawile, F|100\/100\n|-ability|p2a: Mawile|Intimidate|boost\n|-unboost|p1a: Ferrothorn|atk|1\n|move|p1a: Ferrothorn|Leech Seed|p2a: Mawile\n|-start|p2a: Mawile|move: Leech Seed\n|\n|-damage|p2a: Mawile|88\/100|[from] Leech Seed|[of] p1a: Ferrothorn\n|-heal|p1a: Ferrothorn|89\/100|[silent]\n|upkeep\n|turn|3\n|\n|t:|1700704645\n|detailschange|p2a: Mawile|Mawile-Mega, F\n|-mega|p2a: Mawile|Mawile|Mawilite\n|move|p2a: Mawile|Knock Off|p1a: Ferrothorn\n|-damage|p1a: Ferrothorn|48\/100\n|-damage|p2a: Mawile|75\/100|[from] ability: Iron Barbs|[of] p1a: Ferrothorn\n|-damage|p2a: Mawile|59\/100|[from] item: Rocky Helmet|[of] p1a: Ferrothorn\n|-enditem|p1a: Ferrothorn|Rocky Helmet|[from] move: Knock Off|[of] p2a: Mawile\n|move|p1a: Ferrothorn|Gyro Ball|p2a: Mawile\n|-damage|p2a: Mawile|32\/100\n|\n|-damage|p2a: Mawile|20\/100|[from] Leech Seed|[of] p1a: Ferrothorn\n|-heal|p1a: Ferrothorn|57\/100|[silent]\n|upkeep\n|turn|4\n|inactive|famus123 has 270 seconds left.\n|\n|t:|1700704684\n|switch|p2a: Zamazenta|Zamazenta|100\/100\n|-ability|p2a: Zamazenta|Dauntless Shield|boost\n|-boost|p2a: Zamazenta|def|1\n|move|p1a: Ferrothorn|Protect||[still]\n|-fail|p1a: Ferrothorn\n|\n|upkeep\n|turn|5\n|\n|t:|1700704701\n|-terastallize|p1a: Ferrothorn|Ghost\n|move|p2a: Zamazenta|Close Combat|p1a: Ferrothorn\n|-immune|p1a: Ferrothorn\n|move|p1a: Ferrothorn|Leech Seed|p2a: Zamazenta\n|-start|p2a: Zamazenta|move: Leech Seed\n|\n|-damage|p2a: Zamazenta|88\/100|[from] Leech Seed|[of] p1a: Ferrothorn\n|-heal|p1a: Ferrothorn|69\/100|[silent]\n|upkeep\n|turn|6\n|inactive|famus123 has 270 seconds left.\n|\n|t:|1700704716\n|move|p1a: Ferrothorn|Protect|p1a: Ferrothorn\n|-singleturn|p1a: Ferrothorn|Protect\n|move|p2a: Zamazenta|Crunch|p1a: Ferrothorn\n|-activate|p1a: Ferrothorn|move: Protect\n|\n|-damage|p2a: Zamazenta|76\/100|[from] Leech Seed|[of] p1a: Ferrothorn\n|-heal|p1a: Ferrothorn|80\/100|[silent]\n|upkeep\n|turn|7\n|\n|t:|1700704733\n|switch|p1a: Umbreon|Umbreon, F|100\/100\n|move|p2a: Zamazenta|Crunch|p1a: Umbreon\n|-resisted|p1a: Umbreon\n|-damage|p1a: Umbreon|92\/100\n|\n|-heal|p1a: Umbreon|98\/100|[from] item: Leftovers\n|-damage|p2a: Zamazenta|64\/100|[from] Leech Seed|[of] p1a: Umbreon\n|-heal|p1a: Umbreon|100\/100|[silent]\n|upkeep\n|turn|8\n|\n|t:|1700704745\n|switch|p2a: Chansey|Chansey, F|100\/100\n|move|p1a: Umbreon|Protect||[still]\n|-fail|p1a: Umbreon\n|\n|upkeep\n|turn|9\n|\n|t:|1700704764\n|switch|p1a: Glimmora|Glimmora, M|100\/100\n|move|p2a: Chansey|Wish|p2a: Chansey\n|\n|upkeep\n|turn|10\n|\n|t:|1700704771\n|switch|p2a: Mawile|Mawile-Mega, F|20\/100\n|move|p1a: Glimmora|Stealth Rock|p2a: Mawile\n|-sidestart|p2: famus123|move: Stealth Rock\n|\n|-heal|p2a: Mawile|100\/100|[from] move: Wish|[wisher] Chansey\n|upkeep\n|turn|11\n|\n|t:|1700704788\n|move|p1a: Glimmora|Toxic|p2a: Mawile\n|-status|p2a: Mawile|tox\n|move|p2a: Mawile|Knock Off|p1a: Glimmora\n|-crit|p1a: Glimmora\n|-enditem|p1a: Glimmora|Focus Sash\n|-damage|p1a: Glimmora|1\/100\n|\n|-damage|p2a: Mawile|94\/100 tox|[from] psn\n|upkeep\n|turn|12\n|inactive|RouroZxa has 270 seconds left.\n|\n|t:|1700704816\n|switch|p1a: Umbreon|Umbreon, F|100\/100\n|move|p2a: Mawile|Knock Off|p1a: Umbreon\n|-resisted|p1a: Umbreon\n|-damage|p1a: Umbreon|79\/100\n|-enditem|p1a: Umbreon|Leftovers|[from] move: Knock Off|[of] p2a: Mawile\n|\n|-damage|p2a: Mawile|82\/100 tox|[from] psn\n|upkeep\n|turn|13\n|inactive|RouroZxa has 270 seconds left.\n|\n|t:|1700704825\n|move|p1a: Umbreon|Protect|p1a: Umbreon\n|-singleturn|p1a: Umbreon|Protect\n|move|p2a: Mawile|Play Rough|p1a: Umbreon\n|-activate|p1a: Umbreon|move: Protect\n|\n|-damage|p2a: Mawile|63\/100 tox|[from] psn\n|upkeep\n|turn|14\n|inactive|RouroZxa has 270 seconds left.\n|\n|t:|1700704837\n|switch|p1a: Glimmora|Glimmora, M|1\/100\n|move|p2a: Mawile|Knock Off|p1a: Glimmora\n|-damage|p1a: Glimmora|0 fnt\n|faint|p1a: Glimmora\n|\n|-damage|p2a: Mawile|38\/100 tox|[from] psn\n|upkeep\n|inactive|RouroZxa has 270 seconds left.\n|\n|t:|1700704847\n|switch|p1a: Ferrothorn|Ferrothorn, F, tera:Ghost|80\/100\n|turn|15\n|inactive|RouroZxa has 270 seconds left.\n|\n|t:|1700704876\n|switch|p2a: Chansey|Chansey, F|100\/100\n|-damage|p2a: Chansey|88\/100|[from] Stealth Rock\n|move|p1a: Ferrothorn|Leech Seed|p2a: Chansey|[miss]\n|-miss|p1a: Ferrothorn|p2a: Chansey\n|\n|upkeep\n|turn|16\n|\n|t:|1700704888\n|switch|p1a: Carlitos|Charizard, M|100\/100\n|move|p2a: Chansey|Wish|p2a: Chansey\n|\n|upkeep\n|turn|17\n|\n|t:|1700704900\n|switch|p2a: Zamazenta|Zamazenta|64\/100\n|move|p1a: Carlitos|Dragon Dance|p1a: Carlitos\n|-boost|p1a: Carlitos|atk|1\n|-boost|p1a: Carlitos|spe|1\n|\n|-heal|p2a: Zamazenta|100\/100|[from] move: Wish|[wisher] Chansey\n|upkeep\n|turn|18\n|inactive|RouroZxa has 270 seconds left.\n|\n|t:|1700704923\n|detailschange|p1a: Carlitos|Charizard-Mega-X, M\n|-mega|p1a: Carlitos|Charizard|Charizardite X\n|move|p2a: Zamazenta|Stone Edge|p1a: Carlitos\n|-supereffective|p1a: Carlitos\n|-damage|p1a: Carlitos|33\/100\n|move|p1a: Carlitos|Dragon Dance|p1a: Carlitos\n|-boost|p1a: Carlitos|atk|1\n|-boost|p1a: Carlitos|spe|1\n|\n|upkeep\n|turn|19\n|\n|t:|1700704942\n|move|p1a: Carlitos|Blaze Kick|p2a: Zamazenta\n|-damage|p2a: Zamazenta|0 fnt\n|faint|p2a: Zamazenta\n|\n|upkeep\n|\n|t:|1700704950\n|switch|p2a: Slowbro|Slowbro, M|100\/100\n|turn|20\n|\n|t:|1700704953\n|move|p1a: Carlitos|Thunder Punch|p2a: Slowbro\n|-supereffective|p2a: Slowbro\n|-damage|p2a: Slowbro|18\/100\n|move|p2a: Slowbro|Future Sight|p1a: Carlitos\n|-start|p2a: Slowbro|move: Future Sight\n|\n|upkeep\n|turn|21\n|inactive|RouroZxa has 270 seconds left.\n|\n|t:|1700704965\n|switch|p2a: Gliscor|Gliscor, M|100\/100 tox\n|-damage|p2a: Gliscor|88\/100 tox|[from] Stealth Rock\n|move|p1a: Carlitos|Thunder Punch|p2a: Gliscor\n|-immune|p2a: Gliscor\n|\n|-heal|p2a: Gliscor|100\/100 tox|[from] ability: Poison Heal\n|upkeep\n|turn|22\n|inactive|RouroZxa has 270 seconds left.\n|\n|t:|1700704977\n|switch|p1a: Umbreon|Umbreon, F|79\/100\n|move|p2a: Gliscor|Earthquake|p1a: Umbreon\n|-damage|p1a: Umbreon|56\/100\n|\n|-end|p1a: Umbreon|move: Future Sight\n|-immune|p1a: Umbreon\n|upkeep\n|turn|23\n|\n|t:|1700704987\n|move|p2a: Gliscor|Defog|p1a: Umbreon\n|-unboost|p1a: Umbreon|evasion|1\n|-sideend|p2: famus123|Stealth Rock|[from] move: Defog|[of] p2a: Gliscor\n|move|p1a: Umbreon|Wish|p1a: Umbreon\n|\n|upkeep\n|turn|24\n|\n|t:|1700704993\n|move|p2a: Gliscor|U-turn|p1a: Umbreon\n|-supereffective|p1a: Umbreon\n|-damage|p1a: Umbreon|36\/100\n|\n|t:|1700704997\n|switch|p2a: Chansey|Chansey, F|88\/100|[from] U-turn\n|move|p1a: Umbreon|Foul Play|p2a: Chansey\n|-damage|p2a: Chansey|87\/100\n|\n|-heal|p1a: Umbreon|86\/100|[from] move: Wish|[wisher] Umbreon\n|upkeep\n|turn|25\n|\n|t:|1700705007\n|move|p1a: Umbreon|Wish|p1a: Umbreon\n|move|p2a: Chansey|Stealth Rock|p1a: Umbreon\n|-sidestart|p1: RouroZxa|move: Stealth Rock\n|\n|upkeep\n|turn|26\n|\n|t:|1700705026\n|switch|p1a: Carlitos|Charizard-Mega-X, M|33\/100\n|-damage|p1a: Carlitos|9\/100|[from] Stealth Rock\n|move|p2a: Chansey|Wish|p2a: Chansey\n|\n|-heal|p1a: Carlitos|68\/100|[from] move: Wish|[wisher] Umbreon\n|upkeep\n|turn|27\n|\n|t:|1700705035\n|switch|p2a: Gliscor|Gliscor, M|100\/100 tox\n|move|p1a: Carlitos|Dragon Dance|p1a: Carlitos\n|-boost|p1a: Carlitos|atk|1\n|-boost|p1a: Carlitos|spe|1\n|\n|upkeep\n|turn|28\n|\n|t:|1700705042\n|move|p1a: Carlitos|Dragon Claw|p2a: Gliscor\n|-damage|p2a: Gliscor|32\/100 tox\n|move|p2a: Gliscor|Earthquake|p1a: Carlitos\n|-supereffective|p1a: Carlitos\n|-damage|p1a: Carlitos|0 fnt\n|faint|p1a: Carlitos\n|\n|-heal|p2a: Gliscor|45\/100 tox|[from] ability: Poison Heal\n|upkeep\n|inactive|RouroZxa has 270 seconds left.\n|\n|t:|1700705079\n|switch|p1a: Princesa|Iron Valiant|100\/100\n|-damage|p1a: Princesa|94\/100|[from] Stealth Rock\n|-enditem|p1a: Princesa|Booster Energy\n|-activate|p1a: Princesa|ability: Quark Drive|[fromitem]\n|-start|p1a: Princesa|quarkdrivespe\n|turn|29\n|inactive|RouroZxa has 270 seconds left.\n|\n|t:|1700705094\n|switch|p2a: Chansey|Chansey, F|87\/100\n|move|p1a: Princesa|Moonblast|p2a: Chansey\n|-damage|p2a: Chansey|72\/100\n|\n|upkeep\n|turn|30\n|inactive|RouroZxa has 270 seconds left.\n|\n|t:|1700705100\n|move|p1a: Princesa|Calm Mind|p1a: Princesa\n|-boost|p1a: Princesa|spa|1\n|-boost|p1a: Princesa|spd|1\n|move|p2a: Chansey|Wish|p2a: Chansey\n|\n|upkeep\n|turn|31\n|\n|t:|1700705106\n|switch|p2a: Mawile|Mawile-Mega, F|38\/100 tox\n|move|p1a: Princesa|Calm Mind|p1a: Princesa\n|-boost|p1a: Princesa|spa|1\n|-boost|p1a: Princesa|spd|1\n|\n|-heal|p2a: Mawile|100\/100 tox|[from] move: Wish|[wisher] Chansey\n|-damage|p2a: Mawile|94\/100 tox|[from] psn\n|upkeep\n|turn|32\n|\n|t:|1700705116\n|move|p1a: Princesa|Aura Sphere|p2a: Mawile\n|-damage|p2a: Mawile|0 fnt\n|faint|p2a: Mawile\n|\n|upkeep\n|\n|t:|1700705120\n|switch|p2a: Ogerpon|Ogerpon-Wellspring, F|100\/100\n|turn|33\n|\n|t:|1700705125\n|-terastallize|p2a: Ogerpon|Water\n|detailschange|p2a: Ogerpon|Ogerpon-Wellspring-Tera, F, tera:Water\n|-ability|p2a: Ogerpon|Embody Aspect (Wellspring)|boost\n|-boost|p2a: Ogerpon|spd|1\n|move|p1a: Princesa|Thunderbolt|p2a: Ogerpon\n|-supereffective|p2a: Ogerpon\n|-damage|p2a: Ogerpon|13\/100\n|move|p2a: Ogerpon|Ivy Cudgel|p1a: Princesa|[anim] Ivy Cudgel Water\n|-damage|p1a: Princesa|0 fnt\n|faint|p1a: Princesa\n|-end|p1a: Princesa|Quark Drive|[silent]\n|\n|upkeep\n|\n|t:|1700705139\n|switch|p1a: Mata Legendarios|Pikachu, F|100\/100\n|-damage|p1a: Mata Legendarios|88\/100|[from] Stealth Rock\n|turn|34\n|\n|t:|1700705144\n|move|p1a: Mata Legendarios|Fake Out|p2a: Ogerpon\n|-damage|p2a: Ogerpon|0 fnt\n|faint|p2a: Ogerpon\n|\n|upkeep\n|\n|t:|1700705147\n|switch|p2a: Gliscor|Gliscor, M|45\/100 tox\n|turn|35\n|\n|t:|1700705156\n|move|p1a: Mata Legendarios|Extreme Speed|p2a: Gliscor\n|-damage|p2a: Gliscor|20\/100 tox\n|move|p2a: Gliscor|Roost|p2a: Gliscor\n|-heal|p2a: Gliscor|70\/100 tox\n|-singleturn|p2a: Gliscor|move: Roost\n|\n|-heal|p2a: Gliscor|82\/100 tox|[from] ability: Poison Heal\n|upkeep\n|turn|36\n|\n|t:|1700705166\n|move|p1a: Mata Legendarios|Extreme Speed|p2a: Gliscor\n|-damage|p2a: Gliscor|57\/100 tox\n|move|p2a: Gliscor|Earthquake|p1a: Mata Legendarios\n|-supereffective|p1a: Mata Legendarios\n|-damage|p1a: Mata Legendarios|0 fnt\n|faint|p1a: Mata Legendarios\n|\n|-heal|p2a: Gliscor|70\/100 tox|[from] ability: Poison Heal\n|upkeep\n|inactive|RouroZxa has 270 seconds left.\n|\n|t:|1700705214\n|switch|p1a: Umbreon|Umbreon, F|86\/100\n|-damage|p1a: Umbreon|73\/100|[from] Stealth Rock\n|turn|37\n|\n|t:|1700705222\n|move|p2a: Gliscor|U-turn|p1a: Umbreon\n|-supereffective|p1a: Umbreon\n|-damage|p1a: Umbreon|53\/100\n|\n|t:|1700705225\n|switch|p2a: Slowbro|Slowbro, M|51\/100|[from] U-turn\n|move|p1a: Umbreon|Wish|p1a: Umbreon\n|\n|upkeep\n|turn|38\n|inactive|RouroZxa has 270 seconds left.\n|\n|t:|1700705236\n|switch|p2a: Chansey|Chansey, F|72\/100\n|move|p1a: Umbreon|Foul Play|p2a: Chansey\n|-damage|p2a: Chansey|71\/100\n|\n|-heal|p1a: Umbreon|100\/100|[from] move: Wish|[wisher] Umbreon\n|upkeep\n|turn|39\n|inactive|RouroZxa has 270 seconds left.\n|\n|t:|1700705247\n|switch|p2a: Slowbro|Slowbro, M|85\/100\n|move|p1a: Umbreon|Wish|p1a: Umbreon\n|\n|upkeep\n|turn|40\n|inactive|RouroZxa has 270 seconds left.\n|\n|t:|1700705261\n|move|p1a: Umbreon|Foul Play|p2a: Slowbro\n|-supereffective|p2a: Slowbro\n|-damage|p2a: Slowbro|58\/100\n|move|p2a: Slowbro|Future Sight|p1a: Umbreon\n|-start|p2a: Slowbro|move: Future Sight\n|\n|upkeep\n|turn|41\n|\n|t:|1700705267\n|switch|p2a: Chansey|Chansey, F|71\/100\n|move|p1a: Umbreon|Foul Play|p2a: Chansey\n|-damage|p2a: Chansey|70\/100\n|\n|upkeep\n|turn|42\n|\n|t:|1700705274\n|switch|p2a: Slowbro|Slowbro, M|92\/100\n|move|p1a: Umbreon|Foul Play|p2a: Slowbro\n|-supereffective|p2a: Slowbro\n|-damage|p2a: Slowbro|67\/100\n|\n|-end|p1a: Umbreon|move: Future Sight\n|-immune|p1a: Umbreon\n|upkeep\n|turn|43\n|inactive|RouroZxa has 270 seconds left.\n|c|\u2606RouroZxa|Genial, un bucle infinito\n|\n|t:|1700705310\n|switch|p2a: Chansey|Chansey, F|70\/100\n|move|p1a: Umbreon|Foul Play|p2a: Chansey\n|-damage|p2a: Chansey|68\/100\n|\n|upkeep\n|turn|44\n|\n|t:|1700705327\n|move|p1a: Umbreon|Wish|p1a: Umbreon\n|move|p2a: Chansey|Seismic Toss|p1a: Umbreon\n|-damage|p1a: Umbreon|75\/100\n|\n|upkeep\n|turn|45\n|\n|t:|1700705334\n|switch|p1a: Ferrothorn|Ferrothorn, F, tera:Ghost|80\/100\n|-damage|p1a: Ferrothorn|68\/100|[from] Stealth Rock\n|move|p2a: Chansey|Seismic Toss|p1a: Ferrothorn\n|-immune|p1a: Ferrothorn\n|\n|-heal|p1a: Ferrothorn|100\/100|[from] move: Wish|[wisher] Umbreon\n|upkeep\n|turn|46\n|\n|t:|1700705345\n|switch|p2a: Slowbro|Slowbro, M|99\/100\n|move|p1a: Ferrothorn|Leech Seed|p2a: Slowbro\n|-start|p2a: Slowbro|move: Leech Seed\n|\n|-damage|p2a: Slowbro|88\/100|[from] Leech Seed|[of] p1a: Ferrothorn\n|upkeep\n|turn|47\n|\n|t:|1700705352\n|move|p2a: Slowbro|Scald|p1a: Ferrothorn\n|-damage|p1a: Ferrothorn|79\/100\n|-status|p1a: Ferrothorn|brn\n|move|p1a: Ferrothorn|Knock Off|p2a: Slowbro\n|-supereffective|p2a: Slowbro\n|-damage|p2a: Slowbro|75\/100\n|-enditem|p2a: Slowbro|Heavy-Duty Boots|[from] move: Knock Off|[of] p1a: Ferrothorn\n|\n|-damage|p2a: Slowbro|62\/100|[from] Leech Seed|[of] p1a: Ferrothorn\n|-heal|p1a: Ferrothorn|93\/100 brn|[silent]\n|-damage|p1a: Ferrothorn|87\/100 brn|[from] brn\n|upkeep\n|turn|48\n|\n|t:|1700705368\n|switch|p2a: Gliscor|Gliscor, M|70\/100 tox\n|switch|p1a: Umbreon|Umbreon, F|75\/100\n|-damage|p1a: Umbreon|63\/100|[from] Stealth Rock\n|\n|-heal|p2a: Gliscor|82\/100 tox|[from] ability: Poison Heal\n|upkeep\n|turn|49\n|\n|t:|1700705377\n|move|p2a: Gliscor|U-turn|p1a: Umbreon\n|-supereffective|p1a: Umbreon\n|-crit|p1a: Umbreon\n|-damage|p1a: Umbreon|28\/100\n|\n|t:|1700705379\n|switch|p2a: Chansey|Chansey, F|68\/100|[from] U-turn\n|move|p1a: Umbreon|Wish|p1a: Umbreon\n|\n|upkeep\n|turn|50\n|inactive|RouroZxa has 270 seconds left.\n|\n|t:|1700705399\n|move|p1a: Umbreon|Heal Bell|p1a: Umbreon\n|-activate|p1a: Umbreon|move: Heal Bell\n|-curestatus|p1: Ferrothorn|brn|[msg]\n|move|p2a: Chansey|Seismic Toss|p1a: Umbreon\n|-damage|p1a: Umbreon|3\/100\n|\n|-heal|p1a: Umbreon|53\/100|[from] move: Wish|[wisher] Umbreon\n|upkeep\n|turn|51\n|\n|t:|1700705410\n|move|p1a: Umbreon|Wish|p1a: Umbreon\n|move|p2a: Chansey|Seismic Toss|p1a: Umbreon\n|-damage|p1a: Umbreon|27\/100\n|\n|upkeep\n|turn|52\n|\n|t:|1700705416\n|switch|p2a: Gliscor|Gliscor, M|82\/100 tox\n|move|p1a: Umbreon|Protect||[still]\n|-fail|p1a: Umbreon\n|\n|-heal|p1a: Umbreon|77\/100|[from] move: Wish|[wisher] Umbreon\n|-heal|p2a: Gliscor|95\/100 tox|[from] ability: Poison Heal\n|upkeep\n|turn|53\n|inactive|RouroZxa has 270 seconds left.\n|\n|t:|1700705425\n|move|p2a: Gliscor|U-turn|p1a: Umbreon\n|-supereffective|p1a: Umbreon\n|-damage|p1a: Umbreon|58\/100\n|\n|t:|1700705430\n|switch|p2a: Slowbro|Slowbro, M|96\/100|[from] U-turn\n|move|p1a: Umbreon|Wish|p1a: Umbreon\n|\n|upkeep\n|turn|54\n|\n|t:|1700705439\n|switch|p2a: Gliscor|Gliscor, M|95\/100 tox\n|move|p1a: Umbreon|Foul Play|p2a: Gliscor\n|-damage|p2a: Gliscor|71\/100 tox\n|\n|-heal|p1a: Umbreon|100\/100|[from] move: Wish|[wisher] Umbreon\n|-heal|p2a: Gliscor|83\/100 tox|[from] ability: Poison Heal\n|upkeep\n|turn|55\n|inactive|famus123 has 270 seconds left.\n|inactive|famus123 has 240 seconds left.\n|\n|t:|1700705504\n|move|p2a: Gliscor|U-turn|p1a: Umbreon\n|-supereffective|p1a: Umbreon\n|-damage|p1a: Umbreon|78\/100\n|\n|t:|1700705506\n|switch|p2a: Chansey|Chansey, F|68\/100|[from] U-turn\n|move|p1a: Umbreon|Foul Play|p2a: Chansey\n|-damage|p2a: Chansey|67\/100\n|\n|upkeep\n|turn|56\n|\n|t:|1700705514\n|switch|p2a: Slowbro|Slowbro, M|100\/100\n|move|p1a: Umbreon|Wish|p1a: Umbreon\n|\n|upkeep\n|turn|57\n|\n|t:|1700705524\n|switch|p1a: Ferrothorn|Ferrothorn, F, tera:Ghost|87\/100\n|-damage|p1a: Ferrothorn|74\/100|[from] Stealth Rock\n|move|p2a: Slowbro|Scald|p1a: Ferrothorn\n|-damage|p1a: Ferrothorn|55\/100\n|-status|p1a: Ferrothorn|brn\n|\n|-heal|p1a: Ferrothorn|100\/100 brn|[from] move: Wish|[wisher] Umbreon\n|-damage|p1a: Ferrothorn|94\/100 brn|[from] brn\n|upkeep\n|turn|58\n|\n|t:|1700705538\n|switch|p2a: Gliscor|Gliscor, M|83\/100 tox\n|move|p1a: Ferrothorn|Leech Seed|p2a: Gliscor\n|-start|p2a: Gliscor|move: Leech Seed\n|\n|-damage|p2a: Gliscor|71\/100 tox|[from] Leech Seed|[of] p1a: Ferrothorn\n|-heal|p1a: Ferrothorn|100\/100 brn|[silent]\n|-heal|p2a: Gliscor|83\/100 tox|[from] ability: Poison Heal\n|-damage|p1a: Ferrothorn|94\/100 brn|[from] brn\n|upkeep\n|turn|59\n|\n|t:|1700705550\n|move|p2a: Gliscor|U-turn|p1a: Ferrothorn\n|-resisted|p1a: Ferrothorn\n|-damage|p1a: Ferrothorn|89\/100 brn\n|-damage|p2a: Gliscor|71\/100 tox|[from] ability: Iron Barbs|[of] p1a: Ferrothorn\n|\n|t:|1700705558\n|switch|p2a: Chansey|Chansey, F|67\/100|[from] U-turn\n|move|p1a: Ferrothorn|Gyro Ball|p2a: Chansey\n|-damage|p2a: Chansey|58\/100\n|\n|-damage|p1a: Ferrothorn|83\/100 brn|[from] brn\n|upkeep\n|turn|60\n|inactive|famus123 has 270 seconds left.\n|\n|t:|1700705567\n|switch|p2a: Gliscor|Gliscor, M|71\/100 tox\n|move|p1a: Ferrothorn|Knock Off|p2a: Gliscor\n|-damage|p2a: Gliscor|63\/100 tox\n|-enditem|p2a: Gliscor|Toxic Orb|[from] move: Knock Off|[of] p1a: Ferrothorn\n|\n|-heal|p2a: Gliscor|75\/100 tox|[from] ability: Poison Heal\n|-damage|p1a: Ferrothorn|77\/100 brn|[from] brn\n|upkeep\n|turn|61\n|\n|t:|1700705579\n|move|p2a: Gliscor|Earthquake|p1a: Ferrothorn\n|-damage|p1a: Ferrothorn|55\/100 brn\n|move|p1a: Ferrothorn|Leech Seed|p2a: Gliscor|[miss]\n|-miss|p1a: Ferrothorn|p2a: Gliscor\n|\n|-heal|p2a: Gliscor|88\/100 tox|[from] ability: Poison Heal\n|-damage|p1a: Ferrothorn|49\/100 brn|[from] brn\n|upkeep\n|turn|62\n|\n|t:|1700705589\n|switch|p1a: Umbreon|Umbreon, F|78\/100\n|-damage|p1a: Umbreon|66\/100|[from] Stealth Rock\n|move|p2a: Gliscor|Earthquake|p1a: Umbreon\n|-damage|p1a: Umbreon|44\/100\n|\n|-heal|p2a: Gliscor|99\/100 tox|[from] ability: Poison Heal\n|upkeep\n|turn|63\n|\n|t:|1700705599\n|move|p2a: Gliscor|Earthquake|p1a: Umbreon\n|-damage|p1a: Umbreon|19\/100\n|move|p1a: Umbreon|Wish|p1a: Umbreon\n|\n|-heal|p2a: Gliscor|100\/100 tox|[from] ability: Poison Heal\n|upkeep\n|turn|64\n|\n|t:|1700705606\n|move|p1a: Umbreon|Protect|p1a: Umbreon\n|-singleturn|p1a: Umbreon|Protect\n|move|p2a: Gliscor|Earthquake|p1a: Umbreon\n|-activate|p1a: Umbreon|move: Protect\n|\n|-heal|p1a: Umbreon|69\/100|[from] move: Wish|[wisher] Umbreon\n|upkeep\n|turn|65\n|\n|t:|1700705615\n|move|p2a: Gliscor|U-turn|p1a: Umbreon\n|-supereffective|p1a: Umbreon\n|-damage|p1a: Umbreon|46\/100\n|\n|t:|1700705621\n|switch|p2a: Slowbro|Slowbro, M|100\/100|[from] U-turn\n|move|p1a: Umbreon|Heal Bell|p1a: Umbreon\n|-activate|p1a: Umbreon|move: Heal Bell\n|-curestatus|p1: Ferrothorn|brn|[msg]\n|\n|upkeep\n|turn|66\n|\n|t:|1700705629\n|move|p1a: Umbreon|Wish|p1a: Umbreon\n|move|p2a: Slowbro|Scald|p1a: Umbreon\n|-damage|p1a: Umbreon|31\/100\n|\n|upkeep\n|turn|67\n|\n|t:|1700705636\n|move|p1a: Umbreon|Protect|p1a: Umbreon\n|-singleturn|p1a: Umbreon|Protect\n|move|p2a: Slowbro|Future Sight|p1a: Umbreon\n|-start|p2a: Slowbro|move: Future Sight\n|\n|-heal|p1a: Umbreon|81\/100|[from] move: Wish|[wisher] Umbreon\n|upkeep\n|turn|68\n|\n|t:|1700705644\n|move|p1a: Umbreon|Foul Play|p2a: Slowbro\n|-supereffective|p2a: Slowbro\n|-crit|p2a: Slowbro\n|-damage|p2a: Slowbro|60\/100\n|move|p2a: Slowbro|Scald|p1a: Umbreon\n|-damage|p1a: Umbreon|64\/100\n|-status|p1a: Umbreon|brn\n|-activate|p1a: Umbreon|ability: Synchronize\n|-status|p2a: Slowbro|brn\n|\n|-damage|p1a: Umbreon|58\/100 brn|[from] brn\n|-damage|p2a: Slowbro|54\/100 brn|[from] brn\n|upkeep\n|turn|69\n|\n|t:|1700705661\n|move|p1a: Umbreon|Heal Bell|p1a: Umbreon\n|-activate|p1a: Umbreon|move: Heal Bell\n|-curestatus|p1a: Umbreon|brn|[msg]\n|move|p2a: Slowbro|Scald|p1a: Umbreon\n|-damage|p1a: Umbreon|41\/100\n|-status|p1a: Umbreon|brn\n|-activate|p1a: Umbreon|ability: Synchronize\n|-fail|p2a: Slowbro|brn\n|\n|-end|p1a: Umbreon|move: Future Sight\n|-immune|p1a: Umbreon\n|-damage|p1a: Umbreon|35\/100 brn|[from] brn\n|-damage|p2a: Slowbro|48\/100 brn|[from] brn\n|upkeep\n|turn|70\n|\n|t:|1700705677\n|move|p1a: Umbreon|Wish|p1a: Umbreon\n|move|p2a: Slowbro|Scald|p1a: Umbreon\n|-damage|p1a: Umbreon|20\/100 brn\n|\n|-damage|p1a: Umbreon|13\/100 brn|[from] brn\n|-damage|p2a: Slowbro|42\/100 brn|[from] brn\n|upkeep\n|turn|71\n|\n|t:|1700705685\n|switch|p2a: Gliscor|Gliscor, M|100\/100 tox\n|move|p1a: Umbreon|Protect||[still]\n|-fail|p1a: Umbreon\n|\n|-heal|p1a: Umbreon|63\/100 brn|[from] move: Wish|[wisher] Umbreon\n|-damage|p1a: Umbreon|57\/100 brn|[from] brn\n|upkeep\n|turn|72\n|\n|t:|1700705694\n|move|p2a: Gliscor|U-turn|p1a: Umbreon\n|-supereffective|p1a: Umbreon\n|-damage|p1a: Umbreon|36\/100 brn\n|\n|t:|1700705700\n|switch|p2a: Slowbro|Slowbro, M|75\/100 brn|[from] U-turn\n|move|p1a: Umbreon|Wish|p1a: Umbreon\n|\n|-damage|p1a: Umbreon|30\/100 brn|[from] brn\n|-damage|p2a: Slowbro|69\/100 brn|[from] brn\n|upkeep\n|turn|73\n|\n|t:|1700705711\n|move|p1a: Umbreon|Foul Play|p2a: Slowbro\n|-supereffective|p2a: Slowbro\n|-damage|p2a: Slowbro|56\/100 brn\n|move|p2a: Slowbro|Scald|p1a: Umbreon\n|-damage|p1a: Umbreon|14\/100 brn\n|\n|-heal|p1a: Umbreon|64\/100 brn|[from] move: Wish|[wisher] Umbreon\n|-damage|p1a: Umbreon|58\/100 brn|[from] brn\n|-damage|p2a: Slowbro|50\/100 brn|[from] brn\n|upkeep\n|turn|74\n|\n|t:|1700705723\n|move|p1a: Umbreon|Wish|p1a: Umbreon\n|move|p2a: Slowbro|Scald|p1a: Umbreon\n|-damage|p1a: Umbreon|40\/100 brn\n|\n|-damage|p1a: Umbreon|34\/100 brn|[from] brn\n|-damage|p2a: Slowbro|44\/100 brn|[from] brn\n|upkeep\n|turn|75\n|c|\u2606RouroZxa|Puedo hacer esto todo el d\u00eda\n|\n|t:|1700705744\n|move|p1a: Umbreon|Wish||[still]\n|-fail|p1a: Umbreon\n|move|p2a: Slowbro|Scald|p1a: Umbreon\n|-damage|p1a: Umbreon|18\/100 brn\n|\n|-heal|p1a: Umbreon|68\/100 brn|[from] move: Wish|[wisher] Umbreon\n|-damage|p1a: Umbreon|62\/100 brn|[from] brn\n|-damage|p2a: Slowbro|38\/100 brn|[from] brn\n|upkeep\n|turn|76\n|c|\u2606famus123|x2\n|\n|t:|1700705754\n|move|p1a: Umbreon|Wish|p1a: Umbreon\n|move|p2a: Slowbro|Scald|p1a: Umbreon\n|-damage|p1a: Umbreon|47\/100 brn\n|\n|-damage|p1a: Umbreon|41\/100 brn|[from] brn\n|-damage|p2a: Slowbro|32\/100 brn|[from] brn\n|upkeep\n|turn|77\n|c|\u2606famus123|te quedaste\n|c|\u2606famus123|sin wish\n|c|\u2606famus123|reyt\n|\n|t:|1700705768\n|switch|p2a: Chansey|Chansey, F|58\/100\n|move|p1a: Umbreon|Heal Bell|p1a: Umbreon\n|-activate|p1a: Umbreon|move: Heal Bell\n|-curestatus|p1a: Umbreon|brn|[msg]\n|\n|-heal|p1a: Umbreon|91\/100|[from] move: Wish|[wisher] Umbreon\n|upkeep\n|turn|78\n|\n|t:|1700705773\n|move|p1a: Umbreon|Heal Bell||[still]\n|-activate|p1a: Umbreon|move: Heal Bell\n|-fail|p1a: Umbreon\n|move|p2a: Chansey|Soft-Boiled|p2a: Chansey\n|-heal|p2a: Chansey|100\/100\n|\n|upkeep\n|turn|79\n|\n|t:|1700705786\n|switch|p1a: Ferrothorn|Ferrothorn, F, tera:Ghost|49\/100\n|-damage|p1a: Ferrothorn|36\/100|[from] Stealth Rock\n|switch|p2a: Slowbro|Slowbro, M|65\/100 brn\n|\n|-damage|p2a: Slowbro|59\/100 brn|[from] brn\n|upkeep\n|turn|80\n|\n|t:|1700705795\n|move|p2a: Slowbro|Scald|p1a: Ferrothorn\n|-damage|p1a: Ferrothorn|16\/100\n|move|p1a: Ferrothorn|Leech Seed|p2a: Slowbro\n|-start|p2a: Slowbro|move: Leech Seed\n|\n|-damage|p2a: Slowbro|46\/100 brn|[from] Leech Seed|[of] p1a: Ferrothorn\n|-heal|p1a: Ferrothorn|30\/100|[silent]\n|-damage|p2a: Slowbro|40\/100 brn|[from] brn\n|upkeep\n|turn|81\n|\n|t:|1700705805\n|switch|p2a: Gliscor|Gliscor, M|100\/100 tox\n|move|p1a: Ferrothorn|Leech Seed|p2a: Gliscor|[miss]\n|-miss|p1a: Ferrothorn|p2a: Gliscor\n|\n|upkeep\n|turn|82\n|\n|t:|1700705811\n|move|p2a: Gliscor|Earthquake|p1a: Ferrothorn\n|-damage|p1a: Ferrothorn|8\/100\n|move|p1a: Ferrothorn|Leech Seed|p2a: Gliscor\n|-start|p2a: Gliscor|move: Leech Seed\n|\n|-damage|p2a: Gliscor|88\/100 tox|[from] Leech Seed|[of] p1a: Ferrothorn\n|-heal|p1a: Ferrothorn|21\/100|[silent]\n|-heal|p2a: Gliscor|100\/100 tox|[from] ability: Poison Heal\n|upkeep\n|turn|83\n|\n|t:|1700705821\n|move|p1a: Ferrothorn|Protect|p1a: Ferrothorn\n|-singleturn|p1a: Ferrothorn|Protect\n|move|p2a: Gliscor|Earthquake|p1a: Ferrothorn\n|-activate|p1a: Ferrothorn|move: Protect\n|\n|-damage|p2a: Gliscor|88\/100 tox|[from] Leech Seed|[of] p1a: Ferrothorn\n|-heal|p1a: Ferrothorn|33\/100|[silent]\n|-heal|p2a: Gliscor|100\/100 tox|[from] ability: Poison Heal\n|upkeep\n|turn|84\n|\n|t:|1700705837\n|move|p2a: Gliscor|Earthquake|p1a: Ferrothorn\n|-damage|p1a: Ferrothorn|10\/100\n|move|p1a: Ferrothorn|Knock Off|p2a: Gliscor\n|-damage|p2a: Gliscor|89\/100 tox\n|\n|-damage|p2a: Gliscor|76\/100 tox|[from] Leech Seed|[of] p1a: Ferrothorn\n|-heal|p1a: Ferrothorn|23\/100|[silent]\n|-heal|p2a: Gliscor|89\/100 tox|[from] ability: Poison Heal\n|upkeep\n|turn|85\n|\n|t:|1700705847\n|switch|p2a: Slowbro|Slowbro, M|74\/100 brn\n|move|p1a: Ferrothorn|Protect||[still]\n|-fail|p1a: Ferrothorn\n|\n|-damage|p2a: Slowbro|67\/100 brn|[from] brn\n|upkeep\n|turn|86\n|\n|t:|1700705854\n|move|p2a: Slowbro|Scald|p1a: Ferrothorn\n|-crit|p1a: Ferrothorn\n|-damage|p1a: Ferrothorn|0 fnt\n|faint|p1a: Ferrothorn\n|\n|-damage|p2a: Slowbro|61\/100 brn|[from] brn\n|upkeep\n|\n|t:|1700705862\n|switch|p1a: Umbreon|Umbreon, F|91\/100\n|-damage|p1a: Umbreon|78\/100|[from] Stealth Rock\n|turn|87\n|c|\u2606famus123|asustado potter ?\n|\n|t:|1700705867\n|move|p1a: Umbreon|Foul Play|p2a: Slowbro\n|-supereffective|p2a: Slowbro\n|-damage|p2a: Slowbro|34\/100 brn\n|move|p2a: Slowbro|Scald|p1a: Umbreon\n|-damage|p1a: Umbreon|62\/100\n|\n|-damage|p2a: Slowbro|28\/100 brn|[from] brn\n|upkeep\n|turn|88\n|\n|t:|1700705876\n|switch|p2a: Chansey|Chansey, F|100\/100\n|move|p1a: Umbreon|Foul Play|p2a: Chansey\n|-damage|p2a: Chansey|99\/100\n|\n|upkeep\n|turn|89\n|\n|t:|1700705885\n|move|p1a: Umbreon|Foul Play|p2a: Chansey\n|-damage|p2a: Chansey|98\/100\n|move|p2a: Chansey|Seismic Toss|p1a: Umbreon\n|-damage|p1a: Umbreon|37\/100\n|\n|upkeep\n|turn|90\n|\n|t:|1700705892\n|move|p1a: Umbreon|Foul Play|p2a: Chansey\n|-damage|p2a: Chansey|97\/100\n|move|p2a: Chansey|Seismic Toss|p1a: Umbreon\n|-damage|p1a: Umbreon|11\/100\n|\n|upkeep\n|turn|91\n|\n|t:|1700705899\n|move|p1a: Umbreon|Foul Play|p2a: Chansey\n|-damage|p2a: Chansey|95\/100\n|move|p2a: Chansey|Seismic Toss|p1a: Umbreon\n|-damage|p1a: Umbreon|0 fnt\n|faint|p1a: Umbreon\n|\n|win|famus123\n|c|\u2606famus123|gg\n","uploadtime":1700705904,"views":2,"p1id":"rourozxa","p2id":"famus123","formatid":"gen9nationaldex","rating":0,"private":0,"password":""}