{"id":"gen9nationaldex-1996007342","p1":"Richie2016","p2":"Kir1ku","format":"[Gen 9] National Dex","log":"|html|<div class=\"broadcast-blue\"><strong>[Gen 9] National Dex is currently suspecting Sneasler! For information on how to participate check out the <a href=\"https:\/\/www.smogon.com\/forums\/threads\/sv-national-dex-suspect-8-just-dance.3731534\/\">suspect thread<\/a>.<\/strong><\/div>\n|j|\u2606Richie2016\n|j|\u2606Kir1ku\n|t:|1700628495\n|gametype|singles\n|player|p1|Richie2016|cynthia|1470\n|player|p2|Kir1ku|ethan|1492\n|teamsize|p1|6\n|teamsize|p2|6\n|gen|9\n|tier|[Gen 9] National Dex\n|rated|\n|rule|HP Percentage Mod: HP is shown in percentages\n|rule|Endless Battle Clause: Forcing endless battles is banned\n|rule|OHKO Clause: OHKO moves are banned\n|rule|Evasion Clause: Evasion abilities, items, and moves are banned\n|rule|Evasion Abilities Clause: Evasion abilities are banned\n|rule|Evasion Items Clause: Evasion items are banned\n|rule|Evasion Moves Clause: Evasion moves are banned\n|rule|Species Clause: Limit one of each Pok\u00e9mon\n|rule|Sleep Clause Mod: Limit one foe put to sleep\n|clearpoke\n|poke|p1|Lopunny, F|\n|poke|p1|Alomomola, F|\n|poke|p1|Moltres|\n|poke|p1|Ferrothorn, F|\n|poke|p1|Gliscor, F|\n|poke|p1|Greninja-*, M|\n|poke|p2|Raikou|\n|poke|p2|Suicune|\n|poke|p2|Entei|\n|poke|p2|Mawile, F|\n|poke|p2|Umbreon, M|\n|poke|p2|Great Tusk|\n|teampreview\n|inactive|Battle timer is ON: inactive players will automatically lose when time's up. (requested by Kir1ku)\n|\n|t:|1700628518\n|start\n|switch|p1a: Gliscor|Gliscor, F, shiny|100\/100\n|switch|p2a: Entei|Entei|100\/100\n|turn|1\n|\n|t:|1700628544\n|move|p2a: Entei|Sacred Fire|p1a: Gliscor\n|-damage|p1a: Gliscor|49\/100\n|-status|p1a: Gliscor|brn\n|-damage|p2a: Entei|91\/100|[from] item: Life Orb\n|move|p1a: Gliscor|Stealth Rock|p2a: Entei\n|-sidestart|p2: Kir1ku|move: Stealth Rock\n|\n|-damage|p1a: Gliscor|43\/100 brn|[from] brn\n|upkeep\n|turn|2\n|\n|t:|1700628560\n|switch|p1a: Alomomola|Alomomola, F|100\/100\n|move|p2a: Entei|Sacred Fire|p1a: Alomomola\n|-resisted|p1a: Alomomola\n|-damage|p1a: Alomomola|81\/100\n|-damage|p2a: Entei|81\/100|[from] item: Life Orb\n|\n|upkeep\n|turn|3\n|\n|t:|1700628569\n|switch|p2a: Umbreon|Umbreon, M, shiny|100\/100\n|-damage|p2a: Umbreon|88\/100|[from] Stealth Rock\n|move|p1a: Alomomola|Toxic|p2a: Umbreon\n|-status|p2a: Umbreon|tox\n|-activate|p2a: Umbreon|ability: Synchronize\n|-status|p1a: Alomomola|tox\n|\n|-heal|p2a: Umbreon|94\/100 tox|[from] item: Leftovers\n|-damage|p2a: Umbreon|88\/100 tox|[from] psn\n|-damage|p1a: Alomomola|75\/100 tox|[from] psn\n|upkeep\n|turn|4\n|\n|t:|1700628576\n|switch|p2a: Great Tusk|Great Tusk|100\/100\n|-damage|p2a: Great Tusk|98\/100|[from] Stealth Rock\n|move|p1a: Alomomola|Wish|p1a: Alomomola\n|\n|-damage|p1a: Alomomola|63\/100 tox|[from] psn\n|upkeep\n|turn|5\n|\n|t:|1700628585\n|switch|p1a: Ferrothorn|Ferrothorn, F, shiny|100\/100\n|move|p2a: Great Tusk|Rapid Spin|p1a: Ferrothorn\n|-resisted|p1a: Ferrothorn\n|-damage|p1a: Ferrothorn|96\/100\n|-boost|p2a: Great Tusk|spe|1\n|-damage|p2a: Great Tusk|85\/100|[from] ability: Iron Barbs|[of] p1a: Ferrothorn\n|-sideend|p2: Kir1ku|Stealth Rock|[from] move: Rapid Spin|[of] p2a: Great Tusk\n|\n|-heal|p1a: Ferrothorn|100\/100|[from] move: Wish|[wisher] Alomomola\n|upkeep\n|turn|6\n|\n|t:|1700628597\n|switch|p1a: Moltres|Moltres|100\/100\n|move|p2a: Great Tusk|Stealth Rock|p1a: Moltres\n|-sidestart|p1: Richie2016|move: Stealth Rock\n|\n|upkeep\n|turn|7\n|\n|t:|1700628606\n|-end|p2a: Great Tusk|Protosynthesis|[silent]\n|switch|p2a: Raikou|Raikou|100\/100\n|switch|p1a: Ferrothorn|Ferrothorn, F, shiny|100\/100\n|-damage|p1a: Ferrothorn|94\/100|[from] Stealth Rock\n|\n|-heal|p1a: Ferrothorn|100\/100|[from] item: Leftovers\n|upkeep\n|turn|8\n|\n|t:|1700628612\n|move|p2a: Raikou|Volt Switch|p1a: Ferrothorn\n|-resisted|p1a: Ferrothorn\n|-damage|p1a: Ferrothorn|84\/100\n|\n|t:|1700628615\n|switch|p2a: Entei|Entei|81\/100|[from] Volt Switch\n|move|p1a: Ferrothorn|Leech Seed|p2a: Entei\n|-start|p2a: Entei|move: Leech Seed\n|\n|-heal|p1a: Ferrothorn|90\/100|[from] item: Leftovers\n|-damage|p2a: Entei|68\/100|[from] Leech Seed|[of] p1a: Ferrothorn\n|-heal|p1a: Ferrothorn|100\/100|[silent]\n|upkeep\n|turn|9\n|\n|t:|1700628622\n|switch|p2a: Raikou|Raikou|100\/100\n|switch|p1a: Alomomola|Alomomola, F|96\/100 tox\n|\n|-damage|p1a: Alomomola|90\/100 tox|[from] psn\n|upkeep\n|turn|10\n|\n|t:|1700628628\n|switch|p1a: Gliscor|Gliscor, F, shiny|43\/100 brn\n|-damage|p1a: Gliscor|30\/100 brn|[from] Stealth Rock\n|move|p2a: Raikou|Scald|p1a: Gliscor\n|-supereffective|p1a: Gliscor\n|-damage|p1a: Gliscor|0 fnt\n|faint|p1a: Gliscor\n|\n|upkeep\n|\n|t:|1700628635\n|switch|p1a: Lopunny|Lopunny, F, shiny|100\/100\n|-damage|p1a: Lopunny|88\/100|[from] Stealth Rock\n|turn|11\n|\n|t:|1700628639\n|switch|p2a: Great Tusk|Great Tusk|85\/100\n|detailschange|p1a: Lopunny|Lopunny-Mega, F, shiny\n|-mega|p1a: Lopunny|Lopunny|Lopunnite\n|move|p1a: Lopunny|Fake Out|p2a: Great Tusk\n|-damage|p2a: Great Tusk|74\/100\n|-damage|p1a: Lopunny|72\/100|[from] item: Rocky Helmet|[of] p2a: Great Tusk\n|\n|upkeep\n|turn|12\n|\n|t:|1700628648\n|switch|p1a: Moltres|Moltres|100\/100\n|move|p2a: Great Tusk|Body Press|p1a: Moltres\n|-resisted|p1a: Moltres\n|-damage|p1a: Moltres|83\/100\n|\n|upkeep\n|turn|13\n|\n|t:|1700628653\n|-end|p2a: Great Tusk|Protosynthesis|[silent]\n|switch|p2a: Umbreon|Umbreon, M, shiny|88\/100 tox\n|move|p1a: Moltres|Defog|p2a: Umbreon\n|-unboost|p2a: Umbreon|evasion|1\n|-sideend|p1: Richie2016|Stealth Rock|[from] move: Defog|[of] p1a: Moltres\n|\n|-heal|p2a: Umbreon|94\/100 tox|[from] item: Leftovers\n|-damage|p2a: Umbreon|88\/100 tox|[from] psn\n|upkeep\n|turn|14\n|\n|t:|1700628660\n|move|p1a: Moltres|Mystical Fire|p2a: Umbreon\n|-damage|p2a: Umbreon|72\/100 tox\n|-unboost|p2a: Umbreon|spa|1\n|move|p2a: Umbreon|Toxic|p1a: Moltres\n|-status|p1a: Moltres|tox\n|\n|-heal|p2a: Umbreon|78\/100 tox|[from] item: Leftovers\n|-damage|p1a: Moltres|77\/100 tox|[from] psn\n|-damage|p2a: Umbreon|66\/100 tox|[from] psn\n|upkeep\n|turn|15\n|\n|t:|1700628673\n|switch|p1a: Ferrothorn|Ferrothorn, F, shiny|100\/100\n|switch|p2a: Entei|Entei|68\/100\n|\n|upkeep\n|turn|16\n|\n|t:|1700628681\n|switch|p2a: Raikou|Raikou|100\/100\n|switch|p1a: Alomomola|Alomomola, F|100\/100 tox\n|\n|-damage|p1a: Alomomola|94\/100 tox|[from] psn\n|upkeep\n|turn|17\n|\n|t:|1700628686\n|switch|p1a: Ferrothorn|Ferrothorn, F, shiny|100\/100\n|-terastallize|p2a: Raikou|Electric\n|move|p2a: Raikou|Thunderbolt|p1a: Ferrothorn\n|-resisted|p1a: Ferrothorn\n|-damage|p1a: Ferrothorn|72\/100\n|\n|-heal|p1a: Ferrothorn|78\/100|[from] item: Leftovers\n|upkeep\n|turn|18\n|\n|t:|1700628698\n|switch|p2a: Great Tusk|Great Tusk|74\/100\n|move|p1a: Ferrothorn|Leech Seed|p2a: Great Tusk\n|-start|p2a: Great Tusk|move: Leech Seed\n|\n|-heal|p1a: Ferrothorn|85\/100|[from] item: Leftovers\n|-damage|p2a: Great Tusk|62\/100|[from] Leech Seed|[of] p1a: Ferrothorn\n|-heal|p1a: Ferrothorn|99\/100|[silent]\n|upkeep\n|turn|19\n|\n|t:|1700628707\n|move|p2a: Great Tusk|Stealth Rock|p1a: Ferrothorn\n|-sidestart|p1: Richie2016|move: Stealth Rock\n|move|p1a: Ferrothorn|Power Whip|p2a: Great Tusk\n|-supereffective|p2a: Great Tusk\n|-damage|p2a: Great Tusk|22\/100\n|-damage|p1a: Ferrothorn|83\/100|[from] item: Rocky Helmet|[of] p2a: Great Tusk\n|\n|-heal|p1a: Ferrothorn|90\/100|[from] item: Leftovers\n|-damage|p2a: Great Tusk|10\/100|[from] Leech Seed|[of] p1a: Ferrothorn\n|-heal|p1a: Ferrothorn|100\/100|[silent]\n|upkeep\n|turn|20\n|\n|t:|1700628719\n|-end|p2a: Great Tusk|Protosynthesis|[silent]\n|switch|p2a: Cinque|Mawile, F, shiny|100\/100\n|-ability|p2a: Cinque|Intimidate|boost\n|-unboost|p1a: Ferrothorn|atk|1\n|move|p1a: Ferrothorn|Protect||[still]\n|-fail|p1a: Ferrothorn\n|\n|upkeep\n|turn|21\n|\n|t:|1700628726\n|switch|p1a: Moltres|Moltres|77\/100 tox\n|detailschange|p2a: Cinque|Mawile-Mega, F, shiny\n|-mega|p2a: Cinque|Mawile|Mawilite\n|move|p2a: Cinque|Fire Fang|p1a: Moltres\n|-resisted|p1a: Moltres\n|-damage|p1a: Moltres|60\/100 tox\n|\n|-damage|p1a: Moltres|54\/100 tox|[from] psn\n|upkeep\n|turn|22\n|\n|t:|1700628744\n|switch|p2a: Umbreon|Umbreon, M, shiny|66\/100 tox\n|move|p1a: Moltres|Defog|p2a: Umbreon\n|-unboost|p2a: Umbreon|evasion|1\n|-sideend|p1: Richie2016|Stealth Rock|[from] move: Defog|[of] p1a: Moltres\n|\n|-heal|p2a: Umbreon|72\/100 tox|[from] item: Leftovers\n|-damage|p1a: Moltres|42\/100 tox|[from] psn\n|-damage|p2a: Umbreon|66\/100 tox|[from] psn\n|upkeep\n|turn|23\n|\n|t:|1700628752\n|switch|p1a: Ferrothorn|Ferrothorn, F, shiny|100\/100\n|move|p2a: Umbreon|Wish|p2a: Umbreon\n|\n|-heal|p2a: Umbreon|72\/100 tox|[from] item: Leftovers\n|-damage|p2a: Umbreon|60\/100 tox|[from] psn\n|upkeep\n|turn|24\n|\n|t:|1700628762\n|switch|p2a: Great Tusk|Great Tusk|10\/100\n|move|p1a: Ferrothorn|Leech Seed|p2a: Great Tusk\n|-start|p2a: Great Tusk|move: Leech Seed\n|\n|-heal|p2a: Great Tusk|55\/100|[from] move: Wish|[wisher] Umbreon\n|-damage|p2a: Great Tusk|43\/100|[from] Leech Seed|[of] p1a: Ferrothorn\n|upkeep\n|turn|25\n|\n|t:|1700628773\n|-end|p2a: Great Tusk|Protosynthesis|[silent]\n|switch|p2a: Cinque|Mawile-Mega, F, shiny|100\/100\n|switch|p1a: Alomomola|Alomomola, F|100\/100 tox\n|\n|-damage|p1a: Alomomola|94\/100 tox|[from] psn\n|upkeep\n|turn|26\n|\n|t:|1700628781\n|move|p2a: Cinque|Swords Dance|p2a: Cinque\n|-boost|p2a: Cinque|atk|2\n|move|p1a: Alomomola|Flip Turn|p2a: Cinque\n|-damage|p2a: Cinque|85\/100\n|\n|t:|1700628792\n|switch|p1a: Moltres|Moltres|42\/100 tox|[from] Flip Turn\n|\n|-damage|p1a: Moltres|36\/100 tox|[from] psn\n|upkeep\n|turn|27\n|\n|t:|1700628799\n|move|p2a: Cinque|Sucker Punch|p1a: Moltres\n|-damage|p1a: Moltres|0 fnt\n|-status|p2a: Cinque|brn|[from] ability: Flame Body|[of] p1a: Moltres\n|faint|p1a: Moltres\n|\n|-damage|p2a: Cinque|79\/100 brn|[from] brn\n|upkeep\n|\n|t:|1700628806\n|switch|p1a: Greninja|Greninja, M|100\/100\n|turn|28\n|\n|t:|1700628811\n|-terastallize|p1a: Greninja|Water\n|move|p1a: Greninja|Hydro Pump|p2a: Cinque\n|-damage|p2a: Cinque|0 fnt\n|faint|p2a: Cinque\n|-ability|p1a: Greninja|Battle Bond|boost\n|-boost|p1a: Greninja|atk|1\n|-boost|p1a: Greninja|spa|1\n|-boost|p1a: Greninja|spe|1\n|-activate|p1a: Greninja|ability: Battle Bond\n|-damage|p1a: Greninja|91\/100|[from] item: Life Orb\n|\n|upkeep\n|\n|t:|1700628816\n|switch|p2a: Umbreon|Umbreon, M, shiny|60\/100 tox\n|turn|29\n|\n|t:|1700628821\n|move|p1a: Greninja|Hydro Pump|p2a: Umbreon\n|-damage|p2a: Umbreon|0 fnt\n|faint|p2a: Umbreon\n|-damage|p1a: Greninja|81\/100|[from] item: Life Orb\n|\n|upkeep\n|\n|t:|1700628823\n|switch|p2a: Suicune|Suicune|100\/100\n|-ability|p2a: Suicune|Pressure\n|turn|30\n|\n|t:|1700628827\n|move|p1a: Greninja|Grass Knot|p2a: Suicune\n|-supereffective|p2a: Suicune\n|-damage|p2a: Suicune|20\/100\n|-damage|p1a: Greninja|71\/100|[from] item: Life Orb\n|move|p2a: Suicune|Calm Mind|p2a: Suicune\n|-boost|p2a: Suicune|spa|1\n|-boost|p2a: Suicune|spd|1\n|\n|-heal|p2a: Suicune|26\/100|[from] item: Leftovers\n|upkeep\n|turn|31\n|\n|t:|1700628834\n|move|p1a: Greninja|Grass Knot|p2a: Suicune\n|-supereffective|p2a: Suicune\n|-damage|p2a: Suicune|0 fnt\n|faint|p2a: Suicune\n|-damage|p1a: Greninja|61\/100|[from] item: Life Orb\n|\n|upkeep\n|\n|t:|1700628836\n|switch|p2a: Entei|Entei|68\/100\n|turn|32\n|\n|t:|1700628839\n|move|p2a: Entei|Extreme Speed|p1a: Greninja\n|-damage|p1a: Greninja|2\/100\n|-damage|p2a: Entei|58\/100|[from] item: Life Orb\n|move|p1a: Greninja|Water Shuriken|p2a: Entei\n|-supereffective|p2a: Entei\n|-damage|p2a: Entei|14\/100\n|-supereffective|p2a: Entei\n|-damage|p2a: Entei|0 fnt\n|faint|p2a: Entei\n|-hitcount|p2: Entei|2\n|-damage|p1a: Greninja|0 fnt|[from] item: Life Orb\n|faint|p1a: Greninja\n|\n|upkeep\n|\n|t:|1700628854\n|switch|p1a: Ferrothorn|Ferrothorn, F, shiny|100\/100\n|switch|p2a: Raikou|Raikou, tera:Electric|100\/100\n|turn|33\n|\n|t:|1700628861\n|move|p2a: Raikou|Volt Switch|p1a: Ferrothorn\n|-resisted|p1a: Ferrothorn\n|-damage|p1a: Ferrothorn|75\/100\n|\n|t:|1700628862\n|switch|p2a: Great Tusk|Great Tusk|43\/100|[from] Volt Switch\n|move|p1a: Ferrothorn|Power Whip|p2a: Great Tusk\n|-supereffective|p2a: Great Tusk\n|-damage|p2a: Great Tusk|6\/100\n|-damage|p1a: Ferrothorn|58\/100|[from] item: Rocky Helmet|[of] p2a: Great Tusk\n|\n|-heal|p1a: Ferrothorn|64\/100|[from] item: Leftovers\n|upkeep\n|turn|34\n|\n|t:|1700628879\n|move|p1a: Ferrothorn|Protect|p1a: Ferrothorn\n|-singleturn|p1a: Ferrothorn|Protect\n|move|p2a: Great Tusk|Body Press|p1a: Ferrothorn\n|-activate|p1a: Ferrothorn|move: Protect\n|\n|-heal|p1a: Ferrothorn|71\/100|[from] item: Leftovers\n|upkeep\n|turn|35\n|\n|t:|1700628885\n|switch|p1a: Alomomola|Alomomola, F|100\/100 tox\n|move|p2a: Great Tusk|Body Press|p1a: Alomomola\n|-damage|p1a: Alomomola|72\/100 tox\n|\n|-damage|p1a: Alomomola|66\/100 tox|[from] psn\n|upkeep\n|turn|36\n|\n|t:|1700628890\n|-end|p2a: Great Tusk|Protosynthesis|[silent]\n|switch|p2a: Raikou|Raikou, tera:Electric|100\/100\n|move|p1a: Alomomola|Flip Turn|p2a: Raikou\n|-damage|p2a: Raikou|80\/100\n|\n|t:|1700628895\n|switch|p1a: Ferrothorn|Ferrothorn, F, shiny|71\/100|[from] Flip Turn\n|\n|-heal|p1a: Ferrothorn|77\/100|[from] item: Leftovers\n|upkeep\n|turn|37\n|\n|t:|1700628899\n|move|p2a: Raikou|Thunderbolt|p1a: Ferrothorn\n|-resisted|p1a: Ferrothorn\n|-damage|p1a: Ferrothorn|44\/100\n|move|p1a: Ferrothorn|Leech Seed|p2a: Raikou\n|-start|p2a: Raikou|move: Leech Seed\n|\n|-heal|p1a: Ferrothorn|50\/100|[from] item: Leftovers\n|-damage|p2a: Raikou|68\/100|[from] Leech Seed|[of] p1a: Ferrothorn\n|-heal|p1a: Ferrothorn|62\/100|[silent]\n|upkeep\n|turn|38\n|\n|t:|1700628907\n|switch|p2a: Great Tusk|Great Tusk|6\/100\n|move|p1a: Ferrothorn|Protect||[still]\n|-fail|p1a: Ferrothorn\n|\n|-heal|p1a: Ferrothorn|68\/100|[from] item: Leftovers\n|upkeep\n|turn|39\n|\n|t:|1700628909\n|switch|p1a: Alomomola|Alomomola, F|99\/100 tox\n|move|p2a: Great Tusk|Body Press|p1a: Alomomola\n|-damage|p1a: Alomomola|71\/100 tox\n|\n|-damage|p1a: Alomomola|65\/100 tox|[from] psn\n|upkeep\n|turn|40\n|\n|t:|1700628937\n|move|p2a: Great Tusk|Body Press|p1a: Alomomola\n|-damage|p1a: Alomomola|36\/100 tox\n|move|p1a: Alomomola|Flip Turn|p2a: Great Tusk\n|-supereffective|p2a: Great Tusk\n|-damage|p2a: Great Tusk|0 fnt\n|-damage|p1a: Alomomola|19\/100 tox|[from] item: Rocky Helmet|[of] p2a: Great Tusk\n|faint|p2a: Great Tusk\n|-end|p2a: Great Tusk|Protosynthesis|[silent]\n|\n|t:|1700628945\n|switch|p1a: Lopunny|Lopunny-Mega, F, shiny|72\/100|[from] Flip Turn\n|\n|upkeep\n|\n|t:|1700628947\n|switch|p2a: Raikou|Raikou, tera:Electric|68\/100\n|turn|41\n|\n|t:|1700628950\n|move|p1a: Lopunny|Fake Out|p2a: Raikou\n|-damage|p2a: Raikou|39\/100\n|move|p2a: Raikou|Thunderbolt|p1a: Lopunny\n|-damage|p1a: Lopunny|0 fnt\n|faint|p1a: Lopunny\n|\n|upkeep\n|\n|t:|1700628956\n|switch|p1a: Ferrothorn|Ferrothorn, F, shiny|68\/100\n|turn|42\n|\n|t:|1700628961\n|move|p2a: Raikou|Thunderbolt|p1a: Ferrothorn\n|-resisted|p1a: Ferrothorn\n|-damage|p1a: Ferrothorn|38\/100\n|move|p1a: Ferrothorn|Leech Seed|p2a: Raikou\n|-start|p2a: Raikou|move: Leech Seed\n|\n|-heal|p1a: Ferrothorn|45\/100|[from] item: Leftovers\n|-damage|p2a: Raikou|27\/100|[from] Leech Seed|[of] p1a: Ferrothorn\n|-heal|p1a: Ferrothorn|56\/100|[silent]\n|upkeep\n|turn|43\n|\n|t:|1700628965\n|move|p1a: Ferrothorn|Protect|p1a: Ferrothorn\n|-singleturn|p1a: Ferrothorn|Protect\n|move|p2a: Raikou|Thunderbolt|p1a: Ferrothorn\n|-activate|p1a: Ferrothorn|move: Protect\n|\n|-heal|p1a: Ferrothorn|62\/100|[from] item: Leftovers\n|-damage|p2a: Raikou|14\/100|[from] Leech Seed|[of] p1a: Ferrothorn\n|-heal|p1a: Ferrothorn|74\/100|[silent]\n|upkeep\n|turn|44\n|\n|t:|1700628972\n|move|p2a: Raikou|Thunderbolt|p1a: Ferrothorn\n|-resisted|p1a: Ferrothorn\n|-damage|p1a: Ferrothorn|43\/100\n|move|p1a: Ferrothorn|Gyro Ball|p2a: Raikou\n|-resisted|p2a: Raikou\n|-damage|p2a: Raikou|0 fnt\n|faint|p2a: Raikou\n|\n|win|Richie2016\n|raw|Richie2016's rating: 1470 &rarr; <strong>1491<\/strong><br \/>(+21 for winning)\n|raw|Kir1ku's rating: 1492 &rarr; <strong>1471<\/strong><br \/>(-21 for losing)\n|l|\u2606Kir1ku\n","uploadtime":1700628984,"views":0,"p1id":"richie2016","p2id":"kir1ku","formatid":"gen9nationaldex","rating":1471,"private":0,"password":""}