{"id":"gen9nationaldex-1998842013","p1":"Crioa1","p2":"Dr Allen Hu","format":"[Gen 9] National Dex","log":"|html|<div class=\"broadcast-blue\"><strong>[Gen 9] National Dex is currently suspecting Sneasler! For information on how to participate check out the <a href=\"https:\/\/www.smogon.com\/forums\/threads\/sv-national-dex-suspect-8-just-dance.3731534\/\">suspect thread<\/a>.<\/strong><\/div>\n|j|\u2606Crioa1\n|j|\u2606Dr Allen Hu\n|t:|1701001535\n|gametype|singles\n|player|p1|Crioa1|preschooler|1057\n|player|p2|Dr Allen Hu|101|1000\n|teamsize|p1|6\n|teamsize|p2|6\n|gen|9\n|tier|[Gen 9] National Dex\n|rated|\n|rule|HP Percentage Mod: HP is shown in percentages\n|rule|Endless Battle Clause: Forcing endless battles is banned\n|rule|OHKO Clause: OHKO moves are banned\n|rule|Evasion Clause: Evasion abilities, items, and moves are banned\n|rule|Evasion Abilities Clause: Evasion abilities are banned\n|rule|Evasion Items Clause: Evasion items are banned\n|rule|Evasion Moves Clause: Evasion moves are banned\n|rule|Species Clause: Limit one of each Pok\u00e9mon\n|rule|Sleep Clause Mod: Limit one foe put to sleep\n|clearpoke\n|poke|p1|Meowscarada, F|\n|poke|p1|Quaquaval, F|\n|poke|p1|Kartana|\n|poke|p1|Staraptor, M|\n|poke|p1|Scizor, F|\n|poke|p1|Weavile, M|\n|poke|p2|Alomomola, M|\n|poke|p2|Toxapex, F|\n|poke|p2|Ferrothorn, F|\n|poke|p2|Tyranitar, M|\n|poke|p2|Quagsire, F|\n|poke|p2|Clodsire, M|\n|teampreview\n|inactive|Battle timer is ON: inactive players will automatically lose when time's up. (requested by Dr Allen Hu)\n|\n|t:|1701001547\n|start\n|switch|p1a: Kartana|Kartana|100\/100\n|switch|p2a: Tyranitar|Tyranitar, M|100\/100\n|-weather|Sandstorm|[from] ability: Sand Stream|[of] p2a: Tyranitar\n|turn|1\n|\n|t:|1701001556\n|switch|p2a: Toxapex|Toxapex, F|100\/100\n|move|p1a: Kartana|Sacred Sword|p2a: Toxapex\n|-resisted|p2a: Toxapex\n|-damage|p2a: Toxapex|82\/100\n|\n|-weather|Sandstorm|[upkeep]\n|-damage|p2a: Toxapex|75\/100|[from] Sandstorm\n|-heal|p2a: Toxapex|82\/100|[from] item: Leftovers\n|upkeep\n|turn|2\n|\n|t:|1701001561\n|move|p1a: Kartana|Sacred Sword|p2a: Toxapex\n|-resisted|p2a: Toxapex\n|-damage|p2a: Toxapex|65\/100\n|move|p2a: Toxapex|Infestation|p1a: Kartana\n|-damage|p1a: Kartana|91\/100\n|-activate|p1a: Kartana|move: Infestation|[of] p2a: Toxapex\n|\n|-weather|Sandstorm|[upkeep]\n|-damage|p2a: Toxapex|58\/100|[from] Sandstorm\n|-heal|p2a: Toxapex|65\/100|[from] item: Leftovers\n|-damage|p1a: Kartana|78\/100|[from] move: Infestation|[partiallytrapped]\n|upkeep\n|turn|3\n|\n|t:|1701001567\n|move|p1a: Kartana|Sacred Sword|p2a: Toxapex\n|-resisted|p2a: Toxapex\n|-damage|p2a: Toxapex|48\/100\n|move|p2a: Toxapex|Scald|p1a: Kartana\n|-resisted|p1a: Kartana\n|-damage|p1a: Kartana|53\/100\n|\n|-weather|Sandstorm|[upkeep]\n|-damage|p2a: Toxapex|42\/100|[from] Sandstorm\n|-heal|p2a: Toxapex|48\/100|[from] item: Leftovers\n|-damage|p1a: Kartana|41\/100|[from] move: Infestation|[partiallytrapped]\n|upkeep\n|turn|4\n|\n|t:|1701001576\n|move|p2a: Toxapex|Baneful Bunker|p2a: Toxapex\n|-singleturn|p2a: Toxapex|move: Protect\n|move|p1a: Kartana|Sacred Sword|p2a: Toxapex\n|-activate|p2a: Toxapex|move: Protect\n|\n|-weather|Sandstorm|[upkeep]\n|-damage|p2a: Toxapex|42\/100|[from] Sandstorm\n|-heal|p2a: Toxapex|48\/100|[from] item: Leftovers\n|-damage|p1a: Kartana|28\/100|[from] move: Infestation|[partiallytrapped]\n|upkeep\n|turn|5\n|\n|t:|1701001580\n|move|p1a: Kartana|Sacred Sword|p2a: Toxapex\n|-resisted|p2a: Toxapex\n|-damage|p2a: Toxapex|30\/100\n|move|p2a: Toxapex|Scald|p1a: Kartana\n|-resisted|p1a: Kartana\n|-damage|p1a: Kartana|0 fnt\n|faint|p1a: Kartana\n|\n|-weather|none\n|-heal|p2a: Toxapex|37\/100|[from] item: Leftovers\n|upkeep\n|\n|t:|1701001585\n|switch|p1a: Staraptor|Staraptor, M|100\/100\n|turn|6\n|inactive|Dr Allen Hu has 120 seconds left.\n|\n|t:|1701001622\n|switch|p2a: Alomomola|Alomomola, M|100\/100\n|move|p1a: Staraptor|Brave Bird|p2a: Alomomola\n|-damage|p2a: Alomomola|38\/100\n|-damage|p1a: Staraptor|65\/100|[from] Recoil\n|\n|-heal|p2a: Alomomola|44\/100|[from] item: Leftovers\n|upkeep\n|turn|7\n|inactive|Dr Allen Hu has 120 seconds left.\n|\n|t:|1701001637\n|move|p2a: Alomomola|Protect|p2a: Alomomola\n|-singleturn|p2a: Alomomola|Protect\n|move|p1a: Staraptor|Brave Bird|p2a: Alomomola\n|-activate|p2a: Alomomola|move: Protect\n|\n|-heal|p2a: Alomomola|50\/100|[from] item: Leftovers\n|upkeep\n|turn|8\n|\n|t:|1701001641\n|switch|p2a: Ferrothorn|Ferrothorn, F|100\/100\n|move|p1a: Staraptor|Brave Bird|p2a: Ferrothorn\n|-damage|p2a: Ferrothorn|27\/100\n|-damage|p1a: Staraptor|53\/100|[from] ability: Iron Barbs|[of] p2a: Ferrothorn\n|-damage|p1a: Staraptor|37\/100|[from] item: Rocky Helmet|[of] p2a: Ferrothorn\n|-damage|p1a: Staraptor|9\/100|[from] Recoil\n|\n|upkeep\n|turn|9\n|\n|t:|1701001656\n|switch|p2a: Tyranitar|Tyranitar, M|100\/100\n|-weather|Sandstorm|[from] ability: Sand Stream|[of] p2a: Tyranitar\n|move|p1a: Staraptor|Brave Bird|p2a: Tyranitar\n|-resisted|p2a: Tyranitar\n|-damage|p2a: Tyranitar|54\/100\n|-damage|p1a: Staraptor|0 fnt|[from] Recoil\n|faint|p1a: Staraptor\n|\n|-weather|Sandstorm|[upkeep]\n|upkeep\n|\n|t:|1701001674\n|switch|p1a: Quaquaval|Quaquaval, F|100\/100\n|turn|10\n|\n|t:|1701001691\n|switch|p2a: Quagsire|Quagsire, F|100\/100\n|move|p1a: Quaquaval|Aqua Step|p2a: Quagsire\n|-damage|p2a: Quagsire|54\/100\n|-boost|p1a: Quaquaval|spe|1\n|\n|-weather|Sandstorm|[upkeep]\n|-damage|p1a: Quaquaval|94\/100|[from] Sandstorm\n|-heal|p2a: Quagsire|60\/100|[from] item: Leftovers\n|upkeep\n|turn|11\n|\n|t:|1701001697\n|move|p1a: Quaquaval|Aqua Step|p2a: Quagsire\n|-damage|p2a: Quagsire|17\/100\n|-boost|p1a: Quaquaval|spe|1\n|move|p2a: Quagsire|Toxic|p1a: Quaquaval\n|-status|p1a: Quaquaval|tox\n|\n|-weather|Sandstorm|[upkeep]\n|-damage|p1a: Quaquaval|88\/100 tox|[from] Sandstorm\n|-heal|p2a: Quagsire|23\/100|[from] item: Leftovers\n|-damage|p1a: Quaquaval|82\/100 tox|[from] psn\n|upkeep\n|turn|12\n|\n|t:|1701001702\n|move|p2a: Quagsire|Protect|p2a: Quagsire\n|-singleturn|p2a: Quagsire|Protect\n|move|p1a: Quaquaval|Aqua Step|p2a: Quagsire\n|-activate|p2a: Quagsire|move: Protect\n|\n|-weather|Sandstorm|[upkeep]\n|-damage|p1a: Quaquaval|76\/100 tox|[from] Sandstorm\n|-heal|p2a: Quagsire|29\/100|[from] item: Leftovers\n|-damage|p1a: Quaquaval|64\/100 tox|[from] psn\n|upkeep\n|turn|13\n|\n|t:|1701001704\n|switch|p2a: Alomomola|Alomomola, M|84\/100\n|move|p1a: Quaquaval|Aqua Step|p2a: Alomomola\n|-resisted|p2a: Alomomola\n|-damage|p2a: Alomomola|65\/100\n|-boost|p1a: Quaquaval|spe|1\n|\n|-weather|none\n|-heal|p2a: Alomomola|72\/100|[from] item: Leftovers\n|-damage|p1a: Quaquaval|46\/100 tox|[from] psn\n|upkeep\n|turn|14\n|\n|t:|1701001708\n|move|p2a: Alomomola|Protect|p2a: Alomomola\n|-singleturn|p2a: Alomomola|Protect\n|move|p1a: Quaquaval|Aqua Step|p2a: Alomomola\n|-activate|p2a: Alomomola|move: Protect\n|\n|-heal|p2a: Alomomola|78\/100|[from] item: Leftovers\n|-damage|p1a: Quaquaval|21\/100 tox|[from] psn\n|upkeep\n|turn|15\n|\n|t:|1701001713\n|move|p1a: Quaquaval|Aqua Step|p2a: Alomomola\n|-resisted|p2a: Alomomola\n|-damage|p2a: Alomomola|61\/100\n|-boost|p1a: Quaquaval|spe|1\n|move|p2a: Alomomola|Wish|p2a: Alomomola\n|\n|-heal|p2a: Alomomola|67\/100|[from] item: Leftovers\n|-damage|p1a: Quaquaval|0 fnt|[from] psn\n|faint|p1a: Quaquaval\n|upkeep\n|c|\u2606Crioa1|Fuck this stall ur bitch\n|-message|Dr Allen Hu forfeited.\n|\n|win|Crioa1\n|raw|Crioa1's rating: 1057 &rarr; <strong>1083<\/strong><br \/>(+26 for winning)\n|raw|Dr Allen Hu's rating: 1000 &rarr; <strong>1000<\/strong><br \/>(+0 for losing)\n|l|\u2606Dr Allen Hu\n","uploadtime":1701001722,"views":1,"p1id":"crioa1","p2id":"drallenhu","formatid":"gen9nationaldex","rating":1000,"private":0,"password":""}