{"id":"gen9nationaldex-1999572850","p1":"QwakeG","p2":"sittingduck1080","format":"[Gen 9] National Dex","log":"|html|<div class=\"broadcast-blue\"><strong>[Gen 9] National Dex is currently suspecting Sneasler! For information on how to participate check out the <a href=\"https:\/\/www.smogon.com\/forums\/threads\/sv-national-dex-suspect-8-just-dance.3731534\/\">suspect thread<\/a>.<\/strong><\/div>\n|j|\u2606QwakeG\n|j|\u2606sittingduck1080\n|t:|1701097453\n|gametype|singles\n|player|p1|QwakeG|plasmagrunt-gen5bw|1274\n|player|p2|sittingduck1080|rocketgrunt|1310\n|teamsize|p1|6\n|teamsize|p2|6\n|gen|9\n|tier|[Gen 9] National Dex\n|rated|\n|rule|HP Percentage Mod: HP is shown in percentages\n|rule|Endless Battle Clause: Forcing endless battles is banned\n|rule|OHKO Clause: OHKO moves are banned\n|rule|Evasion Clause: Evasion abilities, items, and moves are banned\n|rule|Evasion Abilities Clause: Evasion abilities are banned\n|rule|Evasion Items Clause: Evasion items are banned\n|rule|Evasion Moves Clause: Evasion moves are banned\n|rule|Species Clause: Limit one of each Pok\u00e9mon\n|rule|Sleep Clause Mod: Limit one foe put to sleep\n|clearpoke\n|poke|p1|Xurkitree|\n|poke|p1|Tapu Koko|\n|poke|p1|Iron Treads|\n|poke|p1|Munkidori, M|\n|poke|p1|Arbok, F|\n|poke|p1|Iron Jugulis|\n|poke|p2|Ogerpon-Wellspring, F|\n|poke|p2|Tyranitar, F|\n|poke|p2|Heatran, F|\n|poke|p2|Slowking-Galar, M|\n|poke|p2|Gliscor, M|\n|poke|p2|Tornadus-Therian, M|\n|teampreview\n|inactive|Battle timer is ON: inactive players will automatically lose when time's up. (requested by QwakeG)\n|\n|t:|1701097479\n|start\n|switch|p1a: Munkidori|Munkidori, M|100\/100\n|switch|p2a: Heatran|Heatran, F|100\/100\n|turn|1\n|\n|t:|1701097491\n|move|p1a: Munkidori|Fake Out|p2a: Heatran\n|-resisted|p2a: Heatran\n|-damage|p2a: Heatran|97\/100\n|cant|p2a: Heatran|flinch\n|\n|-heal|p2a: Heatran|100\/100|[from] item: Leftovers\n|upkeep\n|turn|2\n|\n|t:|1701097499\n|move|p1a: Munkidori|Parting Shot|p2a: Heatran\n|-unboost|p2a: Heatran|atk|1\n|-unboost|p2a: Heatran|spa|1\n|\n|t:|1701097513\n|switch|p1a: Arbok|Arbok, F|100\/100|[from] Parting Shot\n|-ability|p1a: Arbok|Intimidate|boost\n|-unboost|p2a: Heatran|atk|1\n|move|p2a: Heatran|Stealth Rock|p1a: Arbok\n|-sidestart|p1: QwakeG|move: Stealth Rock\n|\n|upkeep\n|turn|3\n|\n|t:|1701097531\n|move|p1a: Arbok|Coil|p1a: Arbok\n|-boost|p1a: Arbok|atk|1\n|-boost|p1a: Arbok|def|1\n|-boost|p1a: Arbok|accuracy|1\n|move|p2a: Heatran|Earth Power|p1a: Arbok\n|-supereffective|p1a: Arbok\n|-damage|p1a: Arbok|44\/100\n|\n|upkeep\n|turn|4\n|\n|t:|1701097539\n|move|p1a: Arbok|Aqua Tail|p2a: Heatran\n|-supereffective|p2a: Heatran\n|-damage|p2a: Heatran|34\/100\n|move|p2a: Heatran|Earth Power|p1a: Arbok\n|-supereffective|p1a: Arbok\n|-crit|p1a: Arbok\n|-damage|p1a: Arbok|0 fnt\n|faint|p1a: Arbok\n|\n|-heal|p2a: Heatran|40\/100|[from] item: Leftovers\n|upkeep\n|\n|t:|1701097559\n|switch|p1a: Tapu Koko|Tapu Koko|100\/100\n|-damage|p1a: Tapu Koko|88\/100|[from] Stealth Rock\n|-fieldstart|move: Electric Terrain|[from] ability: Electric Surge|[of] p1a: Tapu Koko\n|turn|5\n|\n|t:|1701097572\n|move|p1a: Tapu Koko|Volt Switch|p2a: Heatran\n|-damage|p2a: Heatran|16\/100\n|\n|t:|1701097580\n|switch|p1a: Iron Treads|Iron Treads|100\/100|[from] Volt Switch\n|-damage|p1a: Iron Treads|97\/100|[from] Stealth Rock\n|-activate|p1a: Iron Treads|ability: Quark Drive\n|-start|p1a: Iron Treads|quarkdrivespe\n|move|p2a: Heatran|Earth Power|p1a: Iron Treads\n|-supereffective|p1a: Iron Treads\n|-damage|p1a: Iron Treads|44\/100\n|\n|-heal|p1a: Iron Treads|50\/100|[from] item: Leftovers\n|-heal|p2a: Heatran|23\/100|[from] item: Leftovers\n|upkeep\n|turn|6\n|\n|t:|1701097594\n|switch|p2a: Gliscor|Gliscor, M|100\/100\n|move|p1a: Iron Treads|Earthquake|p2a: Gliscor\n|-immune|p2a: Gliscor\n|\n|-heal|p1a: Iron Treads|56\/100|[from] item: Leftovers\n|-status|p2a: Gliscor|tox|[from] item: Toxic Orb\n|upkeep\n|turn|7\n|\n|t:|1701097606\n|move|p1a: Iron Treads|Rapid Spin|p2a: Gliscor\n|-damage|p2a: Gliscor|89\/100 tox\n|-boost|p1a: Iron Treads|spe|1\n|-sideend|p1: QwakeG|Stealth Rock|[from] move: Rapid Spin|[of] p1a: Iron Treads\n|move|p2a: Gliscor|Earthquake|p1a: Iron Treads\n|-supereffective|p1a: Iron Treads\n|-damage|p1a: Iron Treads|0 fnt\n|faint|p1a: Iron Treads\n|-end|p1a: Iron Treads|Quark Drive|[silent]\n|\n|-heal|p2a: Gliscor|100\/100 tox|[from] ability: Poison Heal\n|upkeep\n|\n|t:|1701097613\n|switch|p1a: Munkidori|Munkidori, M|100\/100\n|turn|8\n|\n|t:|1701097621\n|switch|p2a: Slowking|Slowking-Galar, M|100\/100\n|move|p1a: Munkidori|Fake Out|p2a: Slowking\n|-damage|p2a: Slowking|94\/100\n|\n|upkeep\n|turn|9\n|\n|t:|1701097632\n|move|p1a: Munkidori|Parting Shot|p2a: Slowking\n|-unboost|p2a: Slowking|atk|1\n|-unboost|p2a: Slowking|spa|1\n|\n|t:|1701097641\n|switch|p1a: Iron Jugulis|Iron Jugulis|100\/100|[from] Parting Shot\n|-activate|p1a: Iron Jugulis|ability: Quark Drive\n|-start|p1a: Iron Jugulis|quarkdrivespe\n|move|p2a: Slowking|Future Sight|p1a: Iron Jugulis\n|-start|p2a: Slowking|move: Future Sight\n|\n|-fieldend|move: Electric Terrain\n|-end|p1a: Iron Jugulis|Quark Drive\n|upkeep\n|turn|10\n|\n|t:|1701097650\n|-end|p1a: Iron Jugulis|Quark Drive|[silent]\n|switch|p1a: Tapu Koko|Tapu Koko|88\/100\n|-fieldstart|move: Electric Terrain|[from] ability: Electric Surge|[of] p1a: Tapu Koko\n|move|p2a: Slowking|Thunder Wave|p1a: Tapu Koko\n|-immune|p1a: Tapu Koko\n|\n|upkeep\n|turn|11\n|\n|t:|1701097659\n|switch|p2a: Gliscor|Gliscor, M|100\/100 tox\n|move|p1a: Tapu Koko|Volt Switch|p2a: Gliscor\n|-immune|p2a: Gliscor\n|\n|-end|p1a: Tapu Koko|move: Future Sight\n|-damage|p1a: Tapu Koko|21\/100\n|upkeep\n|turn|12\n|\n|t:|1701097671\n|move|p1a: Tapu Koko|Dazzling Gleam|p2a: Gliscor\n|-damage|p2a: Gliscor|64\/100 tox\n|move|p2a: Gliscor|Spikes|p1a: Tapu Koko\n|-sidestart|p1: QwakeG|Spikes\n|\n|-heal|p2a: Gliscor|76\/100 tox|[from] ability: Poison Heal\n|upkeep\n|turn|13\n|\n|t:|1701097681\n|move|p1a: Tapu Koko|Dazzling Gleam|p2a: Gliscor\n|-damage|p2a: Gliscor|44\/100 tox\n|move|p2a: Gliscor|Earthquake|p1a: Tapu Koko\n|-supereffective|p1a: Tapu Koko\n|-damage|p1a: Tapu Koko|0 fnt\n|faint|p1a: Tapu Koko\n|\n|-heal|p2a: Gliscor|56\/100 tox|[from] ability: Poison Heal\n|upkeep\n|\n|t:|1701097690\n|switch|p1a: Iron Jugulis|Iron Jugulis|100\/100\n|-activate|p1a: Iron Jugulis|ability: Quark Drive\n|-start|p1a: Iron Jugulis|quarkdrivespe\n|turn|14\n|\n|t:|1701097700\n|switch|p2a: Slowking|Slowking-Galar, M|100\/100\n|move|p1a: Iron Jugulis|Dark Pulse|p2a: Slowking\n|-supereffective|p2a: Slowking\n|-damage|p2a: Slowking|21\/100\n|-damage|p1a: Iron Jugulis|91\/100|[from] item: Life Orb\n|\n|-fieldend|move: Electric Terrain\n|-end|p1a: Iron Jugulis|Quark Drive\n|upkeep\n|turn|15\n|\n|t:|1701097716\n|switch|p2a: Tyranitar|Tyranitar, F|100\/100\n|-weather|Sandstorm|[from] ability: Sand Stream|[of] p2a: Tyranitar\n|move|p1a: Iron Jugulis|Dark Pulse|p2a: Tyranitar\n|-resisted|p2a: Tyranitar\n|-damage|p2a: Tyranitar|84\/100\n|-damage|p1a: Iron Jugulis|81\/100|[from] item: Life Orb\n|\n|-weather|Sandstorm|[upkeep]\n|-damage|p1a: Iron Jugulis|75\/100|[from] Sandstorm\n|upkeep\n|turn|16\n|\n|t:|1701097734\n|detailschange|p2a: Tyranitar|Tyranitar-Mega, F\n|-mega|p2a: Tyranitar|Tyranitar|Tyranitarite\n|move|p1a: Iron Jugulis|Earth Power|p2a: Tyranitar\n|-supereffective|p2a: Tyranitar\n|-crit|p2a: Tyranitar\n|-damage|p2a: Tyranitar|21\/100\n|-damage|p1a: Iron Jugulis|65\/100|[from] item: Life Orb\n|move|p2a: Tyranitar|Knock Off|p1a: Iron Jugulis\n|-resisted|p1a: Iron Jugulis\n|-crit|p1a: Iron Jugulis\n|-damage|p1a: Iron Jugulis|7\/100\n|-enditem|p1a: Iron Jugulis|Life Orb|[from] move: Knock Off|[of] p2a: Tyranitar\n|\n|-weather|Sandstorm|[upkeep]\n|-damage|p1a: Iron Jugulis|1\/100|[from] Sandstorm\n|upkeep\n|turn|17\n|inactive|QwakeG has 120 seconds left.\n|\n|t:|1701097761\n|switch|p2a: Tornadus|Tornadus-Therian, M|100\/100\n|move|p1a: Iron Jugulis|Earth Power|p2a: Tornadus\n|-immune|p2a: Tornadus\n|\n|-weather|Sandstorm|[upkeep]\n|-damage|p2a: Tornadus|94\/100|[from] Sandstorm\n|-damage|p1a: Iron Jugulis|0 fnt|[from] Sandstorm\n|faint|p1a: Iron Jugulis\n|-end|p1a: Iron Jugulis|Quark Drive|[silent]\n|upkeep\n|\n|t:|1701097765\n|switch|p1a: Xurkitree|Xurkitree|100\/100\n|-damage|p1a: Xurkitree|88\/100|[from] Spikes\n|turn|18\n|\n|t:|1701097776\n|switch|p1a: Munkidori|Munkidori, M|100\/100\n|-damage|p1a: Munkidori|88\/100|[from] Spikes\n|-zpower|p2a: Tornadus\n|move|p2a: Tornadus|Supersonic Skystrike|p1a: Munkidori|[zeffect]\n|-damage|p1a: Munkidori|11\/100\n|\n|-weather|Sandstorm|[upkeep]\n|-damage|p2a: Tornadus|88\/100|[from] Sandstorm\n|-damage|p1a: Munkidori|5\/100|[from] Sandstorm\n|upkeep\n|turn|19\n|\n|t:|1701097790\n|switch|p2a: Heatran|Heatran, F|23\/100\n|move|p1a: Munkidori|Fake Out|p2a: Heatran\n|-resisted|p2a: Heatran\n|-damage|p2a: Heatran|20\/100\n|\n|-weather|none\n|-heal|p2a: Heatran|26\/100|[from] item: Leftovers\n|upkeep\n|turn|20\n|inactive|QwakeG has 120 seconds left.\n|\n|t:|1701097819\n|move|p1a: Munkidori|Parting Shot|p2a: Heatran\n|-unboost|p2a: Heatran|atk|1\n|-unboost|p2a: Heatran|spa|1\n|\n|t:|1701097822\n|switch|p1a: Xurkitree|Xurkitree|88\/100|[from] Parting Shot\n|-damage|p1a: Xurkitree|76\/100|[from] Spikes\n|move|p2a: Heatran|Earth Power|p1a: Xurkitree\n|-supereffective|p1a: Xurkitree\n|-damage|p1a: Xurkitree|22\/100\n|\n|-heal|p2a: Heatran|32\/100|[from] item: Leftovers\n|upkeep\n|turn|21\n|\n|t:|1701097832\n|move|p1a: Xurkitree|Thunderbolt|p2a: Heatran\n|-damage|p2a: Heatran|0 fnt\n|faint|p2a: Heatran\n|-ability|p1a: Xurkitree|Beast Boost|boost\n|-boost|p1a: Xurkitree|spa|1\n|\n|upkeep\n|\n|t:|1701097843\n|switch|p2a: Ogerpon|Ogerpon-Wellspring, F|100\/100\n|turn|22\n|\n|t:|1701097848\n|move|p1a: Xurkitree|Thunderbolt|p2a: Ogerpon\n|-damage|p2a: Ogerpon|1\/100\n|move|p2a: Ogerpon|Ivy Cudgel|p1a: Xurkitree|[anim] Ivy Cudgel Water\n|-crit|p1a: Xurkitree\n|-damage|p1a: Xurkitree|0 fnt\n|faint|p1a: Xurkitree\n|\n|upkeep\n|\n|t:|1701097853\n|switch|p1a: Munkidori|Munkidori, M|5\/100\n|-damage|p1a: Munkidori|0 fnt|[from] Spikes\n|faint|p1a: Munkidori\n|\n|win|sittingduck1080\n|raw|QwakeG's rating: 1274 &rarr; <strong>1252<\/strong><br \/>(-22 for losing)\n|raw|sittingduck1080's rating: 1310 &rarr; <strong>1328<\/strong><br \/>(+18 for winning)\n|l|\u2606QwakeG\n","uploadtime":1701097870,"views":3,"p1id":"qwakeg","p2id":"sittingduck1080","formatid":"gen9nationaldex","rating":1252,"private":0,"password":""}