{"id":"gen9nationaldex-2000086582","p1":"Zersturer23","p2":"aka Lalo","format":"[Gen 9] National Dex","log":"|html|<div class=\"broadcast-blue\"><strong>[Gen 9] National Dex is currently suspecting Sneasler! For information on how to participate check out the <a href=\"https:\/\/www.smogon.com\/forums\/threads\/sv-national-dex-suspect-8-just-dance.3731534\/\">suspect thread<\/a>.<\/strong><\/div>\n|j|\u2606Zersturer23\n|j|\u2606aka Lalo\n|t:|1701152238\n|gametype|singles\n|player|p1|Zersturer23|266|1124\n|player|p2|aka Lalo|skyla|1033\n|teamsize|p1|6\n|teamsize|p2|6\n|gen|9\n|tier|[Gen 9] National Dex\n|rated|\n|rule|HP Percentage Mod: HP is shown in percentages\n|rule|Endless Battle Clause: Forcing endless battles is banned\n|rule|OHKO Clause: OHKO moves are banned\n|rule|Evasion Clause: Evasion abilities, items, and moves are banned\n|rule|Evasion Abilities Clause: Evasion abilities are banned\n|rule|Evasion Items Clause: Evasion items are banned\n|rule|Evasion Moves Clause: Evasion moves are banned\n|rule|Species Clause: Limit one of each Pok\u00e9mon\n|rule|Sleep Clause Mod: Limit one foe put to sleep\n|clearpoke\n|poke|p1|Torterra, M|\n|poke|p1|Ribombee, M|\n|poke|p1|Weavile, M|\n|poke|p1|Thundurus-Therian, M|\n|poke|p1|Aggron, M|\n|poke|p1|Mantine, M|\n|poke|p2|Sneasler, F|\n|poke|p2|Sharpedo, F|\n|poke|p2|Stunfisk-Galar, F|\n|poke|p2|Sceptile, F|\n|poke|p2|Rotom-Heat|\n|poke|p2|Hypno, F|\n|teampreview\n|\n|t:|1701152258\n|start\n|switch|p1a: Ribombee|Ribombee, M|100\/100\n|switch|p2a: Rotom|Rotom-Heat, shiny|100\/100\n|turn|1\n|\n|t:|1701152271\n|move|p1a: Ribombee|Sticky Web|p2a: Rotom\n|-sidestart|p2: aka Lalo|move: Sticky Web\n|move|p2a: Rotom|Light Screen|p2a: Rotom\n|-sidestart|p2: aka Lalo|move: Light Screen\n|\n|upkeep\n|turn|2\n|\n|t:|1701152276\n|move|p1a: Ribombee|Skill Swap|p2a: Rotom\n|-activate|p1a: Ribombee|move: Skill Swap|Levitate|Honey Gather|[of] p2a: Rotom\n|move|p2a: Rotom|Reflect|p2a: Rotom\n|-sidestart|p2: aka Lalo|Reflect\n|\n|upkeep\n|turn|3\n|\n|t:|1701152283\n|move|p1a: Ribombee|Moonblast|p2a: Rotom\n|-resisted|p2a: Rotom\n|-damage|p2a: Rotom|90\/100\n|move|p2a: Rotom|Defog|p1a: Ribombee\n|-unboost|p1a: Ribombee|evasion|1\n|-sideend|p2: aka Lalo|Sticky Web|[from] move: Defog|[of] p2a: Rotom\n|\n|upkeep\n|turn|4\n|\n|t:|1701152289\n|move|p1a: Ribombee|Sticky Web|p2a: Rotom\n|-sidestart|p2: aka Lalo|move: Sticky Web\n|move|p2a: Rotom|Discharge|p1a: Ribombee\n|-damage|p1a: Ribombee|50\/100\n|-status|p1a: Ribombee|par\n|\n|upkeep\n|turn|5\n|\n|t:|1701152296\n|move|p2a: Rotom|Defog|p1a: Ribombee\n|-unboost|p1a: Ribombee|evasion|1\n|-sideend|p2: aka Lalo|Sticky Web|[from] move: Defog|[of] p2a: Rotom\n|move|p1a: Ribombee|Sticky Web|p2a: Rotom\n|-sidestart|p2: aka Lalo|move: Sticky Web\n|\n|upkeep\n|turn|6\n|\n|t:|1701152303\n|move|p2a: Rotom|Discharge|p1a: Ribombee\n|-damage|p1a: Ribombee|0 fnt\n|faint|p1a: Ribombee\n|\n|upkeep\n|\n|t:|1701152329\n|switch|p1a: Torterra|Torterra, M|100\/100\n|turn|7\n|\n|t:|1701152373\n|move|p1a: Torterra|Shell Smash|p1a: Torterra\n|-unboost|p1a: Torterra|def|1\n|-unboost|p1a: Torterra|spd|1\n|-boost|p1a: Torterra|atk|2\n|-boost|p1a: Torterra|spa|2\n|-boost|p1a: Torterra|spe|2\n|move|p2a: Rotom|Defog|p1a: Torterra\n|-unboost|p1a: Torterra|evasion|1\n|-sideend|p2: aka Lalo|Sticky Web|[from] move: Defog|[of] p2a: Rotom\n|\n|upkeep\n|turn|8\n|\n|t:|1701152392\n|move|p1a: Torterra|Shell Smash|p1a: Torterra\n|-unboost|p1a: Torterra|def|1\n|-unboost|p1a: Torterra|spd|1\n|-boost|p1a: Torterra|atk|2\n|-boost|p1a: Torterra|spa|2\n|-boost|p1a: Torterra|spe|2\n|move|p2a: Rotom|Defog|p1a: Torterra\n|-unboost|p1a: Torterra|evasion|1\n|\n|-sideend|p2: aka Lalo|move: Light Screen\n|upkeep\n|turn|9\n|inactive|Battle timer is ON: inactive players will automatically lose when time's up. (requested by Zersturer23)\n|\n|t:|1701152402\n|move|p1a: Torterra|Shell Smash|p1a: Torterra\n|-unboost|p1a: Torterra|def|1\n|-unboost|p1a: Torterra|spd|1\n|-boost|p1a: Torterra|atk|2\n|-boost|p1a: Torterra|spa|2\n|-boost|p1a: Torterra|spe|2\n|move|p2a: Rotom|Light Screen|p2a: Rotom\n|-sidestart|p2: aka Lalo|move: Light Screen\n|\n|-sideend|p2: aka Lalo|Reflect\n|upkeep\n|turn|10\n|\n|t:|1701152410\n|move|p1a: Torterra|Headlong Rush|p2a: Rotom\n|-supereffective|p2a: Rotom\n|-damage|p2a: Rotom|0 fnt\n|-unboost|p1a: Torterra|def|1\n|-unboost|p1a: Torterra|spd|1\n|faint|p2a: Rotom\n|\n|upkeep\n|\n|t:|1701152439\n|switch|p2a: Stunfisk|Stunfisk-Galar, F|100\/100\n|turn|11\n|inactive|Zersturer23 has 120 seconds left.\n|inactive|Zersturer23 has 90 seconds left.\n|\n|t:|1701152510\n|move|p2a: Stunfisk|Sucker Punch|p1a: Torterra\n|-damage|p1a: Torterra|19\/100\n|move|p1a: Torterra|Headlong Rush|p2a: Stunfisk\n|-supereffective|p2a: Stunfisk\n|-crit|p2a: Stunfisk\n|-damage|p2a: Stunfisk|0 fnt\n|-unboost|p1a: Torterra|def|1\n|-unboost|p1a: Torterra|spd|1\n|faint|p2a: Stunfisk\n|\n|upkeep\n|inactive|aka Lalo has 120 seconds left.\n|\n|t:|1701152535\n|switch|p2a: Sceptile|Sceptile, F|100\/100\n|turn|12\n|inactive|Zersturer23 has 90 seconds left.\n|\n|t:|1701152559\n|move|p1a: Torterra|Rock Blast|p2a: Sceptile\n|-damage|p2a: Sceptile|56\/100\n|-damage|p2a: Sceptile|9\/100\n|-damage|p2a: Sceptile|0 fnt\n|faint|p2a: Sceptile\n|-hitcount|p2: Sceptile|3\n|\n|upkeep\n|\n|t:|1701152567\n|switch|p2a: Sharpedo|Sharpedo, F, shiny|100\/100\n|turn|13\n|-message|aka Lalo forfeited.\n|\n|win|Zersturer23\n|raw|Zersturer23's rating: 1124 &rarr; <strong>1143<\/strong><br \/>(+19 for winning)\n|raw|aka Lalo's rating: 1033 &rarr; <strong>1022<\/strong><br \/>(-11 for losing)\n|l|\u2606aka Lalo\n","uploadtime":1701152586,"views":10,"p1id":"zersturer23","p2id":"akalalo","formatid":"gen9nationaldex","rating":1022,"private":0,"password":""}