{"id":"gen9nationaldex-1991808387","p1":"Background Char.","p2":"Tank Tests","format":"[Gen 9] National Dex","log":"|j|\u2606Background Char.\n|j|\u2606Tank Tests\n|t:|1700121186\n|gametype|singles\n|player|p1|Background Char.|benga|1509\n|player|p2|Tank Tests|2|1446\n|teamsize|p1|6\n|teamsize|p2|6\n|gen|9\n|tier|[Gen 9] National Dex\n|rated|\n|rule|HP Percentage Mod: HP is shown in percentages\n|rule|Endless Battle Clause: Forcing endless battles is banned\n|rule|OHKO Clause: OHKO moves are banned\n|rule|Evasion Clause: Evasion abilities, items, and moves are banned\n|rule|Evasion Abilities Clause: Evasion abilities are banned\n|rule|Evasion Items Clause: Evasion items are banned\n|rule|Evasion Moves Clause: Evasion moves are banned\n|rule|Species Clause: Limit one of each Pok\u00e9mon\n|rule|Sleep Clause Mod: Limit one foe put to sleep\n|clearpoke\n|poke|p1|Landorus-Therian, M|\n|poke|p1|Urshifu-*, F|\n|poke|p1|Ninetales-Alola, M|\n|poke|p1|Sneasler, M|\n|poke|p1|Rillaboom, F|\n|poke|p1|Diancie|\n|poke|p2|Pawmot, F|\n|poke|p2|Rabsca, F|\n|poke|p2|Banette, F|\n|poke|p2|Victini|\n|poke|p2|Dragonite, M|\n|poke|p2|Forretress, M|\n|teampreview\n|inactive|Battle timer is ON: inactive players will automatically lose when time's up. (requested by Background Char.)\n|\n|t:|1700121190\n|start\n|switch|p1a: Ninetales|Ninetales-Alola, M|100\/100\n|switch|p2a: Victini|Victini|100\/100\n|-weather|Snow|[from] ability: Snow Warning|[of] p1a: Ninetales\n|turn|1\n|\n|t:|1700121201\n|-terastallize|p1a: Ninetales|Water\n|move|p2a: Victini|V-create|p1a: Ninetales\n|-resisted|p1a: Ninetales\n|-damage|p1a: Ninetales|55\/100\n|-unboost|p2a: Victini|spe|1\n|-unboost|p2a: Victini|def|1\n|-unboost|p2a: Victini|spd|1\n|move|p1a: Ninetales|Aurora Veil|p1a: Ninetales\n|-sidestart|p1: Background Char.|move: Aurora Veil\n|\n|-weather|Snow|[upkeep]\n|upkeep\n|turn|2\n|\n|t:|1700121216\n|switch|p2a: Forretress|Forretress, M|100\/100\n|move|p1a: Ninetales|Pain Split|p2a: Forretress\n|-sethp|p2a: Forretress|77\/100|[from] move: Pain Split|[silent]\n|-sethp|p1a: Ninetales|78\/100|[from] move: Pain Split\n|\n|-weather|Snow|[upkeep]\n|upkeep\n|turn|3\n|\n|t:|1700121223\n|switch|p1a: Landorus|Landorus-Therian, M|100\/100\n|-ability|p1a: Landorus|Intimidate|boost\n|-unboost|p2a: Forretress|atk|1\n|move|p2a: Forretress|Thunder Wave|p1a: Landorus\n|-immune|p1a: Landorus\n|\n|-weather|Snow|[upkeep]\n|upkeep\n|turn|4\n|\n|t:|1700121227\n|move|p1a: Landorus|Swords Dance|p1a: Landorus\n|-boost|p1a: Landorus|atk|2\n|move|p2a: Forretress|Stealth Rock|p1a: Landorus\n|-sidestart|p1: Background Char.|move: Stealth Rock\n|\n|-weather|Snow|[upkeep]\n|upkeep\n|turn|5\n|\n|t:|1700121233\n|move|p1a: Landorus|Swords Dance|p1a: Landorus\n|-boost|p1a: Landorus|atk|2\n|move|p2a: Forretress|Explosion|p1a: Landorus\n|-crit|p1a: Landorus\n|-damage|p1a: Landorus|5\/100\n|faint|p2a: Forretress\n|\n|-weather|none\n|upkeep\n|\n|t:|1700121236\n|switch|p2a: Dragonite|Dragonite, M|100\/100\n|turn|6\n|\n|t:|1700121242\n|move|p2a: Dragonite|Extreme Speed|p1a: Landorus\n|-damage|p1a: Landorus|0 fnt\n|faint|p1a: Landorus\n|\n|upkeep\n|\n|t:|1700121248\n|switch|p1a: Ninetales|Ninetales-Alola, M, tera:Water|78\/100\n|-damage|p1a: Ninetales|66\/100|[from] Stealth Rock\n|-weather|Snow|[from] ability: Snow Warning|[of] p1a: Ninetales\n|turn|7\n|\n|t:|1700121252\n|move|p1a: Ninetales|Freeze-Dry|p2a: Dragonite\n|-supereffective|p2a: Dragonite\n|-damage|p2a: Dragonite|56\/100\n|-enditem|p2a: Dragonite|Weakness Policy\n|-boost|p2a: Dragonite|atk|2|[from] item: Weakness Policy\n|-boost|p2a: Dragonite|spa|2|[from] item: Weakness Policy\n|move|p2a: Dragonite|Dragon Dance|p2a: Dragonite\n|-boost|p2a: Dragonite|atk|1\n|-boost|p2a: Dragonite|spe|1\n|\n|-weather|Snow|[upkeep]\n|upkeep\n|turn|8\n|\n|t:|1700121262\n|-terastallize|p2a: Dragonite|Normal\n|move|p2a: Dragonite|Extreme Speed|p1a: Ninetales\n|-damage|p1a: Ninetales|0 fnt\n|faint|p1a: Ninetales\n|\n|-weather|Snow|[upkeep]\n|-sideend|p1: Background Char.|move: Aurora Veil\n|upkeep\n|\n|t:|1700121271\n|switch|p1a: Rillaboom|Rillaboom, F|100\/100\n|-damage|p1a: Rillaboom|88\/100|[from] Stealth Rock\n|-fieldstart|move: Grassy Terrain|[from] ability: Grassy Surge|[of] p1a: Rillaboom\n|turn|9\n|\n|t:|1700121274\n|move|p2a: Dragonite|Extreme Speed|p1a: Rillaboom\n|-damage|p1a: Rillaboom|0 fnt\n|faint|p1a: Rillaboom\n|\n|-weather|Snow|[upkeep]\n|-heal|p2a: Dragonite|62\/100|[from] Grassy Terrain\n|upkeep\n|\n|t:|1700121277\n|switch|p1a: Urshifu|Urshifu-Rapid-Strike, F|100\/100\n|-damage|p1a: Urshifu|94\/100|[from] Stealth Rock\n|turn|10\n|\n|t:|1700121279\n|move|p2a: Dragonite|Extreme Speed|p1a: Urshifu\n|-damage|p1a: Urshifu|0 fnt\n|faint|p1a: Urshifu\n|\n|-weather|Snow|[upkeep]\n|-heal|p2a: Dragonite|68\/100|[from] Grassy Terrain\n|upkeep\n|-message|Background Char. forfeited.\n|\n|win|Tank Tests\n|raw|Background Char.'s rating: 1509 &rarr; <strong>1485<\/strong><br \/>(-24 for losing)\n|raw|Tank Tests's rating: 1446 &rarr; <strong>1470<\/strong><br \/>(+24 for winning)\n|l|\u2606Background Char.\n|c|\u2606Tank Tests|gg\n","uploadtime":1700121296,"views":14,"p1id":"backgroundchar","p2id":"tanktests","formatid":"gen9nationaldex","rating":1470,"private":0,"password":""}