{"id":"gen9nationaldex-1993960138","p1":"GoYouSureYeahGetit","p2":"baigu2","format":"[Gen 9] National Dex","log":"|j|\u2606GoYouSureYeahGetit\n|j|\u2606baigu2\n|t:|1700383202\n|gametype|singles\n|player|p1|GoYouSureYeahGetit|bea|1742\n|player|p2|baigu2|dawn-gen4pt|1848\n|teamsize|p1|6\n|teamsize|p2|6\n|gen|9\n|tier|[Gen 9] National Dex\n|rated|\n|rule|HP Percentage Mod: HP is shown in percentages\n|rule|Endless Battle Clause: Forcing endless battles is banned\n|rule|OHKO Clause: OHKO moves are banned\n|rule|Evasion Clause: Evasion abilities, items, and moves are banned\n|rule|Evasion Abilities Clause: Evasion abilities are banned\n|rule|Evasion Items Clause: Evasion items are banned\n|rule|Evasion Moves Clause: Evasion moves are banned\n|rule|Species Clause: Limit one of each Pok\u00e9mon\n|rule|Sleep Clause Mod: Limit one foe put to sleep\n|clearpoke\n|poke|p1|Xurkitree|\n|poke|p1|Landorus-Therian, M|\n|poke|p1|Alomomola, M|\n|poke|p1|Heatran, F|\n|poke|p1|Rillaboom, F|\n|poke|p1|Iron Valiant|\n|poke|p2|Ursaluna, M|\n|poke|p2|Dragonite, M|\n|poke|p2|Slowking, F|\n|poke|p2|Tapu Koko|\n|poke|p2|Hoopa-Unbound|\n|poke|p2|Great Tusk|\n|teampreview\n|c|\u2606GoYouSureYeahGetit|gl hf\n|inactive|Battle timer is ON: inactive players will automatically lose when time's up. (requested by GoYouSureYeahGetit)\n|\n|t:|1700383217\n|start\n|switch|p1a: Landorus|Landorus-Therian, M, shiny|100\/100\n|switch|p2a: Great Tusk|Great Tusk|100\/100\n|-ability|p1a: Landorus|Intimidate|boost\n|-unboost|p2a: Great Tusk|atk|1\n|turn|1\n|c|\u2606baigu2|hf\n|j| slobadd\n|\n|t:|1700383230\n|switch|p1a: Alomomola|Alomomola, M, shiny|100\/100\n|move|p2a: Great Tusk|Stealth Rock|p1a: Alomomola\n|-sidestart|p1: GoYouSureYeahGetit|move: Stealth Rock\n|\n|upkeep\n|turn|2\n|\n|t:|1700383234\n|-end|p2a: Great Tusk|Protosynthesis|[silent]\n|switch|p2a: Tapu Koko|Tapu Koko|100\/100\n|-fieldstart|move: Electric Terrain|[from] ability: Electric Surge|[of] p2a: Tapu Koko\n|move|p1a: Alomomola|Toxic|p2a: Tapu Koko\n|-status|p2a: Tapu Koko|tox\n|\n|-damage|p2a: Tapu Koko|94\/100 tox|[from] psn\n|upkeep\n|turn|3\n|\n|t:|1700383242\n|switch|p1a: Landorus|Landorus-Therian, M, shiny|100\/100\n|-damage|p1a: Landorus|88\/100|[from] Stealth Rock\n|-ability|p1a: Landorus|Intimidate|boost\n|-unboost|p2a: Tapu Koko|atk|1\n|move|p2a: Tapu Koko|U-turn|p1a: Landorus\n|-resisted|p1a: Landorus\n|-damage|p1a: Landorus|83\/100\n|\n|t:|1700383245\n|switch|p2a: Ursaluna|Ursaluna, M|100\/100|[from] U-turn\n|\n|-status|p2a: Ursaluna|brn|[from] item: Flame Orb\n|upkeep\n|turn|4\n|\n|t:|1700383251\n|move|p1a: Landorus|Defog|p2a: Ursaluna\n|-unboost|p2a: Ursaluna|evasion|1\n|-sideend|p1: GoYouSureYeahGetit|Stealth Rock|[from] move: Defog|[of] p1a: Landorus\n|-fieldend|move: Electric Terrain\n|move|p2a: Ursaluna|Facade|p1a: Landorus\n|-damage|p1a: Landorus|0 fnt\n|faint|p1a: Landorus\n|\n|-damage|p2a: Ursaluna|94\/100 brn|[from] brn\n|upkeep\n|\n|t:|1700383263\n|switch|p1a: Rillaboom|Rillaboom, F|100\/100\n|-fieldstart|move: Grassy Terrain|[from] ability: Grassy Surge|[of] p1a: Rillaboom\n|turn|5\n|\n|t:|1700383270\n|switch|p2a: Dragonite|Dragonite, M|100\/100\n|move|p1a: Rillaboom|Wood Hammer|p2a: Dragonite\n|-resisted|p2a: Dragonite\n|-damage|p2a: Dragonite|85\/100\n|-damage|p1a: Rillaboom|96\/100|[from] Recoil\n|\n|-heal|p1a: Rillaboom|100\/100|[from] Grassy Terrain\n|upkeep\n|turn|6\n|\n|t:|1700383278\n|switch|p1a: Alomomola|Alomomola, M, shiny|100\/100\n|move|p2a: Dragonite|Dual Wingbeat|p1a: Alomomola\n|-damage|p1a: Alomomola|82\/100\n|-damage|p2a: Dragonite|68\/100|[from] item: Rocky Helmet|[of] p1a: Alomomola\n|-damage|p1a: Alomomola|65\/100\n|-damage|p2a: Dragonite|52\/100|[from] item: Rocky Helmet|[of] p1a: Alomomola\n|-hitcount|p1a: Alomomola|2\n|\n|-heal|p1a: Alomomola|71\/100|[from] Grassy Terrain\n|upkeep\n|turn|7\n|\n|t:|1700383285\n|switch|p2a: Tapu Koko|Tapu Koko|94\/100 tox\n|-fieldstart|move: Electric Terrain|[from] ability: Electric Surge|[of] p2a: Tapu Koko\n|move|p1a: Alomomola|Flip Turn|p2a: Tapu Koko\n|-damage|p2a: Tapu Koko|73\/100 tox\n|\n|t:|1700383288\n|switch|p1a: Rillaboom|Rillaboom, F|100\/100|[from] Flip Turn\n|-fieldstart|move: Grassy Terrain|[from] ability: Grassy Surge|[of] p1a: Rillaboom\n|\n|-heal|p2a: Tapu Koko|79\/100 tox|[from] Grassy Terrain\n|-damage|p2a: Tapu Koko|73\/100 tox|[from] psn\n|upkeep\n|turn|8\n|\n|t:|1700383299\n|switch|p2a: Dragonite|Dragonite, M|52\/100\n|move|p1a: Rillaboom|Grassy Glide|p2a: Dragonite\n|-resisted|p2a: Dragonite\n|-damage|p2a: Dragonite|39\/100\n|\n|upkeep\n|turn|9\n|\n|t:|1700383305\n|switch|p1a: Alomomola|Alomomola, M, shiny|100\/100\n|switch|p2a: Tapu Koko|Tapu Koko|73\/100 tox\n|-fieldstart|move: Electric Terrain|[from] ability: Electric Surge|[of] p2a: Tapu Koko\n|\n|-damage|p2a: Tapu Koko|67\/100 tox|[from] psn\n|upkeep\n|turn|10\n|\n|t:|1700383309\n|switch|p1a: Heatran|Heatran, F|100\/100\n|move|p2a: Tapu Koko|Volt Switch|p1a: Heatran\n|-damage|p1a: Heatran|63\/100\n|\n|t:|1700383314\n|switch|p2a: Hoopa|Hoopa-Unbound|100\/100|[from] Volt Switch\n|\n|-heal|p1a: Heatran|69\/100|[from] item: Leftovers\n|upkeep\n|turn|11\n|\n|t:|1700383320\n|-zpower|p2a: Hoopa\n|move|p2a: Hoopa|All-Out Pummeling|p1a: Heatran|[zeffect]\n|-supereffective|p1a: Heatran\n|-damage|p1a: Heatran|0 fnt\n|faint|p1a: Heatran\n|\n|upkeep\n|\n|t:|1700383323\n|switch|p1a: Rillaboom|Rillaboom, F|100\/100\n|-fieldstart|move: Grassy Terrain|[from] ability: Grassy Surge|[of] p1a: Rillaboom\n|turn|12\n|j| hainiumm\n|\n|t:|1700383341\n|move|p2a: Hoopa|Psychic|p1a: Rillaboom\n|-damage|p1a: Rillaboom|39\/100\n|move|p1a: Rillaboom|U-turn|p2a: Hoopa\n|-supereffective|p2a: Hoopa\n|-damage|p2a: Hoopa|0 fnt\n|faint|p2a: Hoopa\n|\n|t:|1700383347\n|switch|p1a: Iron Valiant|Iron Valiant|100\/100|[from] U-turn\n|\n|upkeep\n|\n|t:|1700383353\n|switch|p2a: Slowking|Slowking, F|100\/100\n|turn|13\n|\n|t:|1700383362\n|-end|p1a: Iron Valiant|Quark Drive|[silent]\n|switch|p1a: Xurkitree|Xurkitree, shiny|100\/100\n|move|p2a: Slowking|Trick Room|p2a: Slowking\n|-fieldstart|move: Trick Room|[of] p2a: Slowking\n|\n|upkeep\n|turn|14\n|\n|t:|1700383376\n|switch|p2a: Ursaluna|Ursaluna, M|94\/100 brn\n|move|p1a: Xurkitree|Zap Cannon|p2a: Ursaluna\n|-immune|p2a: Ursaluna\n|\n|-heal|p2a: Ursaluna|100\/100 brn|[from] Grassy Terrain\n|-damage|p2a: Ursaluna|94\/100 brn|[from] brn\n|upkeep\n|turn|15\n|\n|t:|1700383382\n|switch|p1a: Alomomola|Alomomola, M, shiny|100\/100\n|move|p2a: Ursaluna|Facade|p1a: Alomomola\n|-damage|p1a: Alomomola|27\/100\n|-damage|p2a: Ursaluna|78\/100 brn|[from] item: Rocky Helmet|[of] p1a: Alomomola\n|\n|-heal|p1a: Alomomola|34\/100|[from] Grassy Terrain\n|-heal|p2a: Ursaluna|84\/100 brn|[from] Grassy Terrain\n|-damage|p2a: Ursaluna|78\/100 brn|[from] brn\n|upkeep\n|turn|16\n|\n|t:|1700383385\n|move|p1a: Alomomola|Protect|p1a: Alomomola\n|-singleturn|p1a: Alomomola|Protect\n|move|p2a: Ursaluna|Facade|p1a: Alomomola\n|-activate|p1a: Alomomola|move: Protect\n|\n|-heal|p1a: Alomomola|40\/100|[from] Grassy Terrain\n|-heal|p2a: Ursaluna|84\/100 brn|[from] Grassy Terrain\n|-damage|p2a: Ursaluna|78\/100 brn|[from] brn\n|-fieldend|move: Grassy Terrain\n|upkeep\n|turn|17\n|\n|t:|1700383391\n|move|p1a: Alomomola|Flip Turn|p2a: Ursaluna\n|-supereffective|p2a: Ursaluna\n|-damage|p2a: Ursaluna|56\/100 brn\n|\n|t:|1700383394\n|switch|p1a: Xurkitree|Xurkitree, shiny|100\/100|[from] Flip Turn\n|move|p2a: Ursaluna|Facade|p1a: Xurkitree\n|-damage|p1a: Xurkitree|0 fnt\n|faint|p1a: Xurkitree\n|\n|-damage|p2a: Ursaluna|49\/100 brn|[from] brn\n|-fieldend|move: Trick Room\n|upkeep\n|\n|t:|1700383396\n|switch|p1a: Rillaboom|Rillaboom, F|39\/100\n|-fieldstart|move: Grassy Terrain|[from] ability: Grassy Surge|[of] p1a: Rillaboom\n|turn|18\n|\n|t:|1700383407\n|switch|p2a: Dragonite|Dragonite, M|39\/100\n|move|p1a: Rillaboom|Knock Off|p2a: Dragonite\n|-damage|p2a: Dragonite|0 fnt\n|-enditem|p2a: Dragonite|Choice Band|[from] move: Knock Off|[of] p1a: Rillaboom\n|faint|p2a: Dragonite\n|\n|-heal|p1a: Rillaboom|45\/100|[from] Grassy Terrain\n|upkeep\n|\n|t:|1700383412\n|switch|p2a: Great Tusk|Great Tusk|100\/100\n|turn|19\n|\n|t:|1700383420\n|switch|p1a: Alomomola|Alomomola, M, shiny|73\/100\n|-terastallize|p2a: Great Tusk|Steel\n|move|p2a: Great Tusk|Stealth Rock|p1a: Alomomola\n|-sidestart|p1: GoYouSureYeahGetit|move: Stealth Rock\n|\n|-heal|p1a: Alomomola|79\/100|[from] Grassy Terrain\n|upkeep\n|turn|20\n|\n|t:|1700383430\n|-end|p2a: Great Tusk|Protosynthesis|[silent]\n|switch|p2a: Slowking|Slowking, F|100\/100\n|move|p1a: Alomomola|Flip Turn|p2a: Slowking\n|-resisted|p2a: Slowking\n|-damage|p2a: Slowking|93\/100\n|\n|t:|1700383436\n|switch|p1a: Rillaboom|Rillaboom, F|45\/100|[from] Flip Turn\n|-damage|p1a: Rillaboom|33\/100|[from] Stealth Rock\n|\n|-heal|p1a: Rillaboom|39\/100|[from] Grassy Terrain\n|-heal|p2a: Slowking|99\/100|[from] Grassy Terrain\n|upkeep\n|turn|21\n|\n|t:|1700383442\n|switch|p2a: Great Tusk|Great Tusk, tera:Steel|100\/100\n|move|p1a: Rillaboom|Wood Hammer|p2a: Great Tusk\n|-resisted|p2a: Great Tusk\n|-crit|p2a: Great Tusk\n|-damage|p2a: Great Tusk|38\/100\n|-damage|p1a: Rillaboom|17\/100|[from] Recoil\n|\n|-heal|p2a: Great Tusk|44\/100|[from] Grassy Terrain\n|-heal|p1a: Rillaboom|23\/100|[from] Grassy Terrain\n|upkeep\n|turn|22\n|\n|t:|1700383461\n|switch|p1a: Alomomola|Alomomola, M, shiny|100\/100\n|-damage|p1a: Alomomola|88\/100|[from] Stealth Rock\n|move|p2a: Great Tusk|Stealth Rock||[still]\n|-fail|p2a: Great Tusk\n|\n|-heal|p2a: Great Tusk|50\/100|[from] Grassy Terrain\n|-heal|p1a: Alomomola|94\/100|[from] Grassy Terrain\n|-fieldend|move: Grassy Terrain\n|upkeep\n|turn|23\n|\n|t:|1700383467\n|-end|p2a: Great Tusk|Protosynthesis|[silent]\n|switch|p2a: Slowking|Slowking, F|100\/100\n|move|p1a: Alomomola|Wish|p1a: Alomomola\n|\n|upkeep\n|turn|24\n|\n|t:|1700383489\n|move|p1a: Alomomola|Flip Turn|p2a: Slowking\n|-resisted|p2a: Slowking\n|-damage|p2a: Slowking|92\/100\n|\n|t:|1700383493\n|switch|p1a: Rillaboom|Rillaboom, F|23\/100|[from] Flip Turn\n|-damage|p1a: Rillaboom|10\/100|[from] Stealth Rock\n|-fieldstart|move: Grassy Terrain|[from] ability: Grassy Surge|[of] p1a: Rillaboom\n|move|p2a: Slowking|Scald|p1a: Rillaboom\n|-resisted|p1a: Rillaboom\n|-damage|p1a: Rillaboom|0 fnt\n|faint|p1a: Rillaboom\n|\n|-heal|p2a: Slowking|98\/100|[from] Grassy Terrain\n|upkeep\n|\n|t:|1700383497\n|switch|p1a: Iron Valiant|Iron Valiant|100\/100\n|-damage|p1a: Iron Valiant|94\/100|[from] Stealth Rock\n|turn|25\n|\n|t:|1700383505\n|-end|p1a: Iron Valiant|Quark Drive|[silent]\n|switch|p1a: Alomomola|Alomomola, M, shiny|100\/100\n|-damage|p1a: Alomomola|88\/100|[from] Stealth Rock\n|move|p2a: Slowking|Trick Room|p2a: Slowking\n|-fieldstart|move: Trick Room|[of] p2a: Slowking\n|\n|-heal|p2a: Slowking|100\/100|[from] Grassy Terrain\n|-heal|p1a: Alomomola|94\/100|[from] Grassy Terrain\n|upkeep\n|turn|26\n|\n|t:|1700383509\n|move|p2a: Slowking|Scald|p1a: Alomomola\n|-resisted|p1a: Alomomola\n|-damage|p1a: Alomomola|79\/100\n|move|p1a: Alomomola|Toxic|p2a: Slowking\n|-status|p2a: Slowking|tox\n|\n|-heal|p1a: Alomomola|85\/100|[from] Grassy Terrain\n|-damage|p2a: Slowking|94\/100 tox|[from] psn\n|upkeep\n|turn|27\n|\n|t:|1700383513\n|move|p2a: Slowking|Scald|p1a: Alomomola\n|-resisted|p1a: Alomomola\n|-damage|p1a: Alomomola|68\/100\n|-status|p1a: Alomomola|brn\n|move|p1a: Alomomola|Wish|p1a: Alomomola\n|\n|-heal|p2a: Slowking|100\/100 tox|[from] Grassy Terrain\n|-heal|p1a: Alomomola|74\/100 brn|[from] Grassy Terrain\n|-damage|p2a: Slowking|88\/100 tox|[from] psn\n|-damage|p1a: Alomomola|68\/100 brn|[from] brn\n|upkeep\n|turn|28\n|\n|t:|1700383521\n|move|p1a: Alomomola|Protect|p1a: Alomomola\n|-singleturn|p1a: Alomomola|Protect\n|move|p2a: Slowking|Scald|p1a: Alomomola\n|-activate|p1a: Alomomola|move: Protect\n|\n|-heal|p1a: Alomomola|100\/100 brn|[from] move: Wish|[wisher] Alomomola\n|-heal|p2a: Slowking|94\/100 tox|[from] Grassy Terrain\n|-damage|p2a: Slowking|76\/100 tox|[from] psn\n|-damage|p1a: Alomomola|94\/100 brn|[from] brn\n|-fieldend|move: Grassy Terrain\n|upkeep\n|turn|29\n|\n|t:|1700383525\n|move|p1a: Alomomola|Flip Turn|p2a: Slowking\n|-resisted|p2a: Slowking\n|-damage|p2a: Slowking|72\/100 tox\n|\n|t:|1700383528\n|switch|p1a: Iron Valiant|Iron Valiant|94\/100|[from] Flip Turn\n|-damage|p1a: Iron Valiant|88\/100|[from] Stealth Rock\n|move|p2a: Slowking|Teleport|p2a: Slowking\n|\n|t:|1700383532\n|switch|p2a: Great Tusk|Great Tusk, tera:Steel|50\/100|[from] Teleport\n|\n|-fieldend|move: Trick Room\n|upkeep\n|turn|30\n|\n|t:|1700383537\n|move|p1a: Iron Valiant|Close Combat|p2a: Great Tusk\n|-supereffective|p2a: Great Tusk\n|-damage|p2a: Great Tusk|0 fnt\n|-unboost|p1a: Iron Valiant|def|1\n|-unboost|p1a: Iron Valiant|spd|1\n|faint|p2a: Great Tusk\n|-end|p2a: Great Tusk|Protosynthesis|[silent]\n|\n|upkeep\n|\n|t:|1700383546\n|switch|p2a: Slowking|Slowking, F|100\/100 tox\n|turn|31\n|\n|t:|1700383550\n|-end|p1a: Iron Valiant|Quark Drive|[silent]\n|switch|p1a: Alomomola|Alomomola, M, shiny|100\/100 brn\n|-damage|p1a: Alomomola|88\/100 brn|[from] Stealth Rock\n|move|p2a: Slowking|Scald|p1a: Alomomola\n|-resisted|p1a: Alomomola\n|-damage|p1a: Alomomola|72\/100 brn\n|\n|-damage|p2a: Slowking|94\/100 tox|[from] psn\n|-damage|p1a: Alomomola|65\/100 brn|[from] brn\n|upkeep\n|turn|32\n|\n|t:|1700383553\n|move|p1a: Alomomola|Wish|p1a: Alomomola\n|move|p2a: Slowking|Teleport|p2a: Slowking\n|\n|t:|1700383556\n|switch|p2a: Tapu Koko|Tapu Koko|67\/100 tox|[from] Teleport\n|-fieldstart|move: Electric Terrain|[from] ability: Electric Surge|[of] p2a: Tapu Koko\n|\n|-damage|p2a: Tapu Koko|61\/100 tox|[from] psn\n|-damage|p1a: Alomomola|59\/100 brn|[from] brn\n|upkeep\n|turn|33\n|\n|t:|1700383562\n|move|p1a: Alomomola|Protect|p1a: Alomomola\n|-singleturn|p1a: Alomomola|Protect\n|move|p2a: Tapu Koko|Thunderbolt|p1a: Alomomola\n|-activate|p1a: Alomomola|move: Protect\n|\n|-heal|p1a: Alomomola|100\/100 brn|[from] move: Wish|[wisher] Alomomola\n|-damage|p2a: Tapu Koko|49\/100 tox|[from] psn\n|-damage|p1a: Alomomola|94\/100 brn|[from] brn\n|upkeep\n|turn|34\n|\n|t:|1700383567\n|move|p2a: Tapu Koko|Thunderbolt|p1a: Alomomola\n|-supereffective|p1a: Alomomola\n|-damage|p1a: Alomomola|0 fnt\n|faint|p1a: Alomomola\n|\n|-damage|p2a: Tapu Koko|31\/100 tox|[from] psn\n|upkeep\n|\n|t:|1700383569\n|switch|p1a: Iron Valiant|Iron Valiant|88\/100\n|-damage|p1a: Iron Valiant|82\/100|[from] Stealth Rock\n|-activate|p1a: Iron Valiant|ability: Quark Drive\n|-start|p1a: Iron Valiant|quarkdrivespe\n|turn|35\n|\n|t:|1700383574\n|-terastallize|p1a: Iron Valiant|Fairy\n|move|p1a: Iron Valiant|Moonblast|p2a: Tapu Koko\n|-damage|p2a: Tapu Koko|0 fnt\n|faint|p2a: Tapu Koko\n|\n|upkeep\n|\n|t:|1700383577\n|switch|p2a: Slowking|Slowking, F|100\/100 tox\n|turn|36\n|\n|t:|1700383579\n|move|p1a: Iron Valiant|Moonblast|p2a: Slowking\n|-damage|p2a: Slowking|64\/100 tox\n|move|p2a: Slowking|Trick Room|p2a: Slowking\n|-fieldstart|move: Trick Room|[of] p2a: Slowking\n|\n|-damage|p2a: Slowking|58\/100 tox|[from] psn\n|-fieldend|move: Electric Terrain\n|-end|p1a: Iron Valiant|Quark Drive\n|upkeep\n|turn|37\n|\n|t:|1700383582\n|move|p1a: Iron Valiant|Moonblast|p2a: Slowking\n|-damage|p2a: Slowking|22\/100 tox\n|move|p2a: Slowking|Teleport|p2a: Slowking\n|\n|t:|1700383585\n|switch|p2a: Ursaluna|Ursaluna, M|49\/100 brn|[from] Teleport\n|\n|-damage|p2a: Ursaluna|43\/100 brn|[from] brn\n|upkeep\n|turn|38\n|\n|t:|1700383587\n|move|p2a: Ursaluna|Facade|p1a: Iron Valiant\n|-damage|p1a: Iron Valiant|0 fnt\n|faint|p1a: Iron Valiant\n|-end|p1a: Iron Valiant|Quark Drive|[silent]\n|\n|win|baigu2\n|raw|GoYouSureYeahGetit's rating: 1742 &rarr; <strong>1728<\/strong><br \/>(-14 for losing)\n|raw|baigu2's rating: 1848 &rarr; <strong>1862<\/strong><br \/>(+14 for winning)\n|c|\u2606GoYouSureYeahGetit|gg\n|c|\u2606baigu2|gg\n|l| hainiumm\n|l|\u2606GoYouSureYeahGetit\n","uploadtime":1700383608,"views":7,"p1id":"goyousureyeahgetit","p2id":"baigu2","formatid":"gen9nationaldex","rating":1728,"private":0,"password":""}