{"id":"gen9nationaldex-1989961029","p1":"Munaru","p2":"Celmestra","format":"[Gen 9] National Dex","log":"|j|\u2606Munaru\n|j|\u2606Celmestra\n|t:|1699910433\n|gametype|singles\n|player|p1|Munaru|lady-gen4|\n|player|p2|Celmestra|clown|\n|teamsize|p1|6\n|teamsize|p2|6\n|gen|9\n|tier|[Gen 9] National Dex\n|rule|HP Percentage Mod: HP is shown in percentages\n|rule|Endless Battle Clause: Forcing endless battles is banned\n|rule|OHKO Clause: OHKO moves are banned\n|rule|Evasion Clause: Evasion abilities, items, and moves are banned\n|rule|Evasion Abilities Clause: Evasion abilities are banned\n|rule|Evasion Items Clause: Evasion items are banned\n|rule|Evasion Moves Clause: Evasion moves are banned\n|rule|Species Clause: Limit one of each Pok\u00e9mon\n|rule|Sleep Clause Mod: Limit one foe put to sleep\n|clearpoke\n|poke|p1|Chansey, F|\n|poke|p1|Zoroark-Hisui, M|\n|poke|p1|Hoopa-Unbound|\n|poke|p1|Mew|\n|poke|p1|Hatterene, F|\n|poke|p1|Ditto|\n|poke|p2|Torkoal, M|\n|poke|p2|Moltres|\n|poke|p2|Victini|\n|poke|p2|Volcanion|\n|poke|p2|Blaziken, F|\n|poke|p2|Cinderace, M|\n|teampreview\n|\n|t:|1699910473\n|start\n|switch|p1a: Mew|Mew, shiny|100\/100\n|switch|p2a: Blaziken|Blaziken, F|100\/100\n|turn|1\n|\n|t:|1699910483\n|move|p1a: Mew|Shadow Ball|p2a: Blaziken\n|-damage|p2a: Blaziken|20\/100\n|-damage|p1a: Mew|91\/100|[from] item: Life Orb\n|move|p2a: Blaziken|Swords Dance|p2a: Blaziken\n|-boost|p2a: Blaziken|atk|2\n|\n|-ability|p2a: Blaziken|Speed Boost|boost\n|-boost|p2a: Blaziken|spe|1\n|upkeep\n|turn|2\n|\n|t:|1699910493\n|move|p2a: Blaziken|Protect|p2a: Blaziken\n|-singleturn|p2a: Blaziken|Protect\n|move|p1a: Mew|Shadow Ball|p2a: Blaziken\n|-activate|p2a: Blaziken|move: Protect\n|\n|-ability|p2a: Blaziken|Speed Boost|boost\n|-boost|p2a: Blaziken|spe|1\n|upkeep\n|turn|3\n|\n|t:|1699910503\n|-zpower|p2a: Blaziken\n|move|p2a: Blaziken|Inferno Overdrive|p1a: Mew|[zeffect]\n|-crit|p1a: Mew\n|-damage|p1a: Mew|0 fnt\n|replace|p1a: Zoroark|Zoroark-Hisui, M, shiny\n|-end|p1a: Zoroark|Illusion\n|faint|p1a: Zoroark\n|\n|-ability|p2a: Blaziken|Speed Boost|boost\n|-boost|p2a: Blaziken|spe|1\n|upkeep\n|c|\u2606Celmestra|not overkill\n|c|\u2606Celmestra|i promise\n|c|\u2606Munaru|zoroark sobbing in the ditch two states away\n|\n|t:|1699910528\n|switch|p1a: Mew|Mew, shiny|100\/100\n|turn|4\n|\n|t:|1699910534\n|move|p2a: Blaziken|Flare Blitz|p1a: Mew\n|-damage|p1a: Mew|10\/100\n|-damage|p2a: Blaziken|0 fnt|[from] Recoil\n|faint|p2a: Blaziken\n|move|p1a: Mew|Toxic Spikes|p2: Blaziken\n|-sidestart|p2: Celmestra|move: Toxic Spikes\n|\n|upkeep\n|c|\u2606Munaru|I LIVE\n|\n|t:|1699910544\n|switch|p2a: Volcanion|Volcanion|100\/100\n|-item|p2a: Volcanion|Air Balloon\n|turn|5\n|\n|t:|1699910550\n|move|p1a: Mew|Roost|p1a: Mew\n|-heal|p1a: Mew|60\/100\n|-singleturn|p1a: Mew|move: Roost\n|move|p2a: Volcanion|Defog|p1a: Mew\n|-unboost|p1a: Mew|evasion|1\n|-sideend|p2: Celmestra|Toxic Spikes|[from] move: Defog|[of] p2a: Volcanion\n|\n|upkeep\n|turn|6\n|\n|t:|1699910557\n|move|p1a: Mew|Spikes|p2a: Volcanion\n|-sidestart|p2: Celmestra|Spikes\n|move|p2a: Volcanion|Steam Eruption|p1a: Mew\n|-damage|p1a: Mew|14\/100\n|-enditem|p1a: Mew|Red Card|[of] p2a: Volcanion\n|drag|p2a: Cinderace|Cinderace, M|100\/100\n|\n|upkeep\n|turn|7\n|\n|t:|1699910564\n|move|p2a: Cinderace|Pyro Ball|p1a: Mew\n|-damage|p1a: Mew|0 fnt\n|faint|p1a: Mew\n|\n|upkeep\n|\n|t:|1699910578\n|switch|p1a: Hoopa|Hoopa-Unbound|100\/100\n|turn|8\n|\n|t:|1699910585\n|move|p2a: Cinderace|Sucker Punch|p1a: Hoopa\n|-start|p2a: Cinderace|typechange|Dark|[from] ability: Libero\n|-damage|p1a: Hoopa|43\/100\n|move|p1a: Hoopa|Psychic|p2a: Cinderace\n|-immune|p2a: Cinderace\n|\n|upkeep\n|turn|9\n|\n|t:|1699910613\n|switch|p1a: Hatterene|Hatterene, F|100\/100\n|move|p2a: Cinderace|Pyro Ball|p1a: Hatterene|[miss]\n|-miss|p2a: Cinderace|p1a: Hatterene\n|\n|upkeep\n|turn|10\n|c|\u2606Celmestra|..\n|\n|t:|1699910629\n|switch|p2a: Torkoal|Torkoal, M|100\/100\n|-damage|p2a: Torkoal|88\/100|[from] Spikes\n|-weather|SunnyDay|[from] ability: Drought|[of] p2a: Torkoal\n|move|p1a: Hatterene|Draining Kiss|p2a: Torkoal\n|-resisted|p2a: Torkoal\n|-damage|p2a: Torkoal|74\/100\n|\n|-weather|SunnyDay|[upkeep]\n|upkeep\n|turn|11\n|\n|t:|1699910650\n|switch|p2a: Victini|Victini|100\/100\n|-damage|p2a: Victini|88\/100|[from] Spikes\n|move|p1a: Hatterene|Calm Mind|p1a: Hatterene\n|-boost|p1a: Hatterene|spa|1\n|-boost|p1a: Hatterene|spd|1\n|\n|-weather|SunnyDay|[upkeep]\n|upkeep\n|turn|12\n|\n|t:|1699910658\n|move|p2a: Victini|V-create|p1a: Hatterene\n|-damage|p1a: Hatterene|4\/100\n|-unboost|p2a: Victini|spe|1\n|-unboost|p2a: Victini|def|1\n|-unboost|p2a: Victini|spd|1\n|move|p1a: Hatterene|Calm Mind|p1a: Hatterene\n|-boost|p1a: Hatterene|spa|1\n|-boost|p1a: Hatterene|spd|1\n|\n|-weather|SunnyDay|[upkeep]\n|-heal|p1a: Hatterene|10\/100|[from] item: Leftovers\n|upkeep\n|turn|13\n|c|\u2606Celmestra|..\n|c|\u2606Munaru|um\n|c|\u2606Munaru|OW\n|\n|t:|1699910671\n|move|p2a: Victini|V-create|p1a: Hatterene\n|-damage|p1a: Hatterene|0 fnt\n|-unboost|p2a: Victini|spe|1\n|-unboost|p2a: Victini|def|1\n|-unboost|p2a: Victini|spd|1\n|faint|p1a: Hatterene\n|\n|-weather|SunnyDay|[upkeep]\n|upkeep\n|\n|t:|1699910691\n|switch|p1a: Hoopa|Hoopa-Unbound|43\/100\n|turn|14\n|\n|t:|1699910703\n|switch|p2a: Moltres|Moltres|100\/100\n|move|p1a: Hoopa|Knock Off|p2a: Moltres\n|-damage|p2a: Moltres|38\/100\n|-enditem|p2a: Moltres|Heavy-Duty Boots|[from] move: Knock Off|[of] p1a: Hoopa\n|\n|-weather|SunnyDay|[upkeep]\n|upkeep\n|turn|15\n|\n|t:|1699910718\n|move|p1a: Hoopa|Knock Off|p2a: Moltres\n|-damage|p2a: Moltres|0 fnt\n|faint|p2a: Moltres\n|\n|-weather|SunnyDay|[upkeep]\n|upkeep\n|\n|t:|1699910722\n|switch|p2a: Cinderace|Cinderace, M|100\/100\n|turn|16\n|\n|t:|1699910727\n|switch|p1a: Chansey|Chansey, F|100\/100\n|move|p2a: Cinderace|Pyro Ball|p1a: Chansey\n|-damage|p1a: Chansey|47\/100\n|\n|-weather|SunnyDay|[upkeep]\n|upkeep\n|turn|17\n|\n|t:|1699910735\n|move|p2a: Cinderace|Pyro Ball|p1a: Chansey\n|-damage|p1a: Chansey|0 fnt\n|faint|p1a: Chansey\n|\n|-weather|none\n|upkeep\n|\n|t:|1699910739\n|switch|p1a: Hoopa|Hoopa-Unbound|43\/100\n|turn|18\n|\n|t:|1699910743\n|move|p2a: Cinderace|Sucker Punch|p1a: Hoopa\n|-start|p2a: Cinderace|typechange|Dark|[from] ability: Libero\n|-damage|p1a: Hoopa|0 fnt\n|faint|p1a: Hoopa\n|\n|upkeep\n|c|\u2606Munaru|0.3% less and i wouldve live eeeeeeeeeeeee\n|\n|t:|1699910765\n|switch|p1a: Ditto|Ditto|100\/100\n|-transform|p1a: Ditto|p2a: Cinderace|[from] ability: Imposter\n|turn|19\n|\n|t:|1699910773\n|switch|p2a: Torkoal|Torkoal, M|74\/100\n|-damage|p2a: Torkoal|62\/100|[from] Spikes\n|-weather|SunnyDay|[from] ability: Drought|[of] p2a: Torkoal\n|move|p1a: Ditto|Low Kick|p2a: Torkoal\n|-start|p1a: Ditto|typechange|Fighting|[from] ability: Libero\n|-damage|p2a: Torkoal|39\/100\n|\n|-weather|SunnyDay|[upkeep]\n|upkeep\n|turn|20\n|\n|t:|1699910783\n|move|p1a: Ditto|Low Kick|p2a: Torkoal\n|-damage|p2a: Torkoal|16\/100\n|move|p2a: Torkoal|Yawn|p1a: Ditto\n|-start|p1a: Ditto|move: Yawn|[of] p2a: Torkoal\n|\n|-weather|SunnyDay|[upkeep]\n|upkeep\n|turn|21\n|\n|t:|1699910790\n|move|p1a: Ditto|Low Kick|p2a: Torkoal\n|-damage|p2a: Torkoal|0 fnt\n|faint|p2a: Torkoal\n|\n|-weather|SunnyDay|[upkeep]\n|-end|p1a: Ditto|move: Yawn|[silent]\n|-status|p1a: Ditto|slp\n|upkeep\n|\n|t:|1699910796\n|switch|p2a: Victini|Victini|88\/100\n|-damage|p2a: Victini|76\/100|[from] Spikes\n|turn|22\n|\n|t:|1699910799\n|cant|p1a: Ditto|slp\n|move|p2a: Victini|V-create|p1a: Ditto\n|-damage|p1a: Ditto|0 fnt\n|-unboost|p2a: Victini|spe|1\n|-unboost|p2a: Victini|def|1\n|-unboost|p2a: Victini|spd|1\n|faint|p1a: Ditto\n|\n|win|Celmestra\n|c|\u2606Munaru|gg xD\n|c|\u2606Celmestra|gg\n","uploadtime":1699910810,"views":15,"p1id":"munaru","p2id":"celmestra","formatid":"gen9nationaldex","rating":0,"private":0,"password":""}