{"id":"gen9nationaldex-1997578306","p1":"Much4536","p2":"hurenkebi","format":"[Gen 9] National Dex","log":"|html|<div class=\"broadcast-blue\"><strong>[Gen 9] National Dex is currently suspecting Sneasler! For information on how to participate check out the <a href=\"https:\/\/www.smogon.com\/forums\/threads\/sv-national-dex-suspect-8-just-dance.3731534\/\">suspect thread<\/a>.<\/strong><\/div>\n|j|\u2606Much4536\n|j|\u2606hurenkebi\n|t:|1700828267\n|gametype|singles\n|player|p1|Much4536|n|1403\n|player|p2|hurenkebi|kimonogirl|1396\n|teamsize|p1|6\n|teamsize|p2|6\n|gen|9\n|tier|[Gen 9] National Dex\n|rated|\n|rule|HP Percentage Mod: HP is shown in percentages\n|rule|Endless Battle Clause: Forcing endless battles is banned\n|rule|OHKO Clause: OHKO moves are banned\n|rule|Evasion Clause: Evasion abilities, items, and moves are banned\n|rule|Evasion Abilities Clause: Evasion abilities are banned\n|rule|Evasion Items Clause: Evasion items are banned\n|rule|Evasion Moves Clause: Evasion moves are banned\n|rule|Species Clause: Limit one of each Pok\u00e9mon\n|rule|Sleep Clause Mod: Limit one foe put to sleep\n|clearpoke\n|poke|p1|Eiscue, F|\n|poke|p1|Tapu Fini|\n|poke|p1|Kyurem|\n|poke|p1|Chesnaught, M|\n|poke|p1|Zamazenta-*|\n|poke|p1|Aerodactyl, F|\n|poke|p2|Heatran, F|\n|poke|p2|Corviknight, M|\n|poke|p2|Ferrothorn, M|\n|poke|p2|Grimmsnarl, M|\n|poke|p2|Garganacl, M|\n|poke|p2|Skeledirge, M|\n|teampreview\n|inactive|Battle timer is ON: inactive players will automatically lose when time's up. (requested by Much4536)\n|\n|t:|1700828276\n|start\n|switch|p1a: Tapu Fini|Tapu Fini|100\/100\n|switch|p2a: Grimmsnarl|Grimmsnarl, M|100\/100\n|-fieldstart|move: Misty Terrain|[from] ability: Misty Surge|[of] p1a: Tapu Fini\n|turn|1\n|\n|t:|1700828284\n|move|p2a: Grimmsnarl|Taunt|p1a: Tapu Fini\n|-start|p1a: Tapu Fini|move: Taunt\n|move|p1a: Tapu Fini|Draining Kiss|p2a: Grimmsnarl\n|-supereffective|p2a: Grimmsnarl\n|-damage|p2a: Grimmsnarl|25\/100\n|\n|upkeep\n|turn|2\n|\n|t:|1700828299\n|switch|p2a: Ferrothorn|Ferrothorn, M|100\/100\n|move|p1a: Tapu Fini|Draining Kiss|p2a: Ferrothorn\n|-resisted|p2a: Ferrothorn\n|-damage|p2a: Ferrothorn|86\/100\n|\n|upkeep\n|turn|3\n|\n|t:|1700828323\n|switch|p1a: Chesnaught|Chesnaught, M|100\/100\n|-terastallize|p2a: Ferrothorn|Steel\n|move|p2a: Ferrothorn|Gyro Ball|p1a: Chesnaught\n|-immune|p1a: Chesnaught|[from] ability: Bulletproof\n|\n|upkeep\n|turn|4\n|\n|t:|1700828333\n|switch|p2a: Skeledirge|Skeledirge, M|100\/100\n|move|p1a: Chesnaught|Close Combat|p2a: Skeledirge\n|-immune|p2a: Skeledirge\n|\n|upkeep\n|turn|5\n|\n|t:|1700828340\n|move|p2a: Skeledirge|Torch Song|p1a: Chesnaught\n|-supereffective|p1a: Chesnaught\n|-damage|p1a: Chesnaught|55\/100\n|-boost|p2a: Skeledirge|spa|1\n|move|p1a: Chesnaught|Knock Off|p2a: Skeledirge\n|-supereffective|p2a: Skeledirge\n|-damage|p2a: Skeledirge|61\/100\n|-enditem|p2a: Skeledirge|Heavy-Duty Boots|[from] move: Knock Off|[of] p1a: Chesnaught\n|\n|-fieldend|Misty Terrain\n|upkeep\n|turn|6\n|\n|t:|1700828350\n|switch|p1a: Aerodactyl|Aerodactyl, F|100\/100\n|-ability|p1a: Aerodactyl|Pressure\n|move|p2a: Skeledirge|Slack Off|p2a: Skeledirge\n|-heal|p2a: Skeledirge|100\/100\n|\n|upkeep\n|turn|7\n|\n|t:|1700828359\n|switch|p2a: Corviknight|Corviknight, M|100\/100\n|-ability|p2a: Corviknight|Pressure\n|detailschange|p1a: Aerodactyl|Aerodactyl-Mega, F\n|-mega|p1a: Aerodactyl|Aerodactyl|Aerodactylite\n|move|p1a: Aerodactyl|Stone Edge|p2a: Corviknight|[miss]\n|-miss|p1a: Aerodactyl|p2a: Corviknight\n|\n|upkeep\n|turn|8\n|\n|t:|1700828369\n|switch|p1a: Chesnaught|Chesnaught, M|55\/100\n|move|p2a: Corviknight|Bulk Up|p2a: Corviknight\n|-boost|p2a: Corviknight|atk|1\n|-boost|p2a: Corviknight|def|1\n|\n|upkeep\n|turn|9\n|\n|t:|1700828378\n|move|p2a: Corviknight|Agility|p2a: Corviknight\n|-boost|p2a: Corviknight|spe|2\n|move|p1a: Chesnaught|Close Combat|p2a: Corviknight\n|-damage|p2a: Corviknight|70\/100\n|-unboost|p1a: Chesnaught|def|1\n|-unboost|p1a: Chesnaught|spd|1\n|\n|-heal|p2a: Corviknight|77\/100|[from] item: Leftovers\n|upkeep\n|turn|10\n|\n|t:|1700828389\n|move|p2a: Corviknight|Bulk Up|p2a: Corviknight\n|-boost|p2a: Corviknight|atk|1\n|-boost|p2a: Corviknight|def|1\n|move|p1a: Chesnaught|Knock Off|p2a: Corviknight\n|-damage|p2a: Corviknight|64\/100\n|-enditem|p2a: Corviknight|Leftovers|[from] move: Knock Off|[of] p1a: Chesnaught\n|\n|upkeep\n|turn|11\n|\n|t:|1700828407\n|switch|p1a: Zamazenta|Zamazenta|100\/100\n|-ability|p1a: Zamazenta|Dauntless Shield|boost\n|-boost|p1a: Zamazenta|def|1\n|move|p2a: Corviknight|Agility|p2a: Corviknight\n|-boost|p2a: Corviknight|spe|2\n|\n|upkeep\n|turn|12\n|\n|t:|1700828416\n|move|p2a: Corviknight|Roost|p2a: Corviknight\n|-heal|p2a: Corviknight|100\/100\n|-singleturn|p2a: Corviknight|move: Roost\n|move|p1a: Zamazenta|Iron Defense|p1a: Zamazenta\n|-boost|p1a: Zamazenta|def|2\n|\n|upkeep\n|turn|13\n|\n|t:|1700828425\n|move|p2a: Corviknight|Power Trip|p1a: Zamazenta\n|-resisted|p1a: Zamazenta\n|-crit|p1a: Zamazenta\n|-damage|p1a: Zamazenta|69\/100\n|move|p1a: Zamazenta|Iron Defense|p1a: Zamazenta\n|-boost|p1a: Zamazenta|def|2\n|\n|-heal|p1a: Zamazenta|75\/100|[from] item: Leftovers\n|upkeep\n|turn|14\n|\n|t:|1700828437\n|move|p2a: Corviknight|Bulk Up|p2a: Corviknight\n|-boost|p2a: Corviknight|atk|1\n|-boost|p2a: Corviknight|def|1\n|move|p1a: Zamazenta|Body Press|p2a: Corviknight\n|-damage|p2a: Corviknight|53\/100\n|\n|-heal|p1a: Zamazenta|81\/100|[from] item: Leftovers\n|upkeep\n|turn|15\n|\n|t:|1700828447\n|switch|p2a: Skeledirge|Skeledirge, M|100\/100\n|move|p1a: Zamazenta|Body Press|p2a: Skeledirge\n|-immune|p2a: Skeledirge\n|\n|-heal|p1a: Zamazenta|87\/100|[from] item: Leftovers\n|upkeep\n|turn|16\n|\n|t:|1700828456\n|switch|p1a: Chesnaught|Chesnaught, M|55\/100\n|move|p2a: Skeledirge|Will-O-Wisp|p1a: Chesnaught|[miss]\n|-miss|p2a: Skeledirge|p1a: Chesnaught\n|\n|upkeep\n|turn|17\n|\n|t:|1700828463\n|move|p2a: Skeledirge|Torch Song|p1a: Chesnaught\n|-supereffective|p1a: Chesnaught\n|-damage|p1a: Chesnaught|10\/100\n|-boost|p2a: Skeledirge|spa|1\n|move|p1a: Chesnaught|Earthquake|p2a: Skeledirge\n|-supereffective|p2a: Skeledirge\n|-damage|p2a: Skeledirge|57\/100\n|\n|upkeep\n|turn|18\n|\n|t:|1700828471\n|switch|p1a: Aerodactyl|Aerodactyl-Mega, F|100\/100\n|move|p2a: Skeledirge|Slack Off|p2a: Skeledirge\n|-heal|p2a: Skeledirge|100\/100\n|\n|upkeep\n|turn|19\n|\n|t:|1700828480\n|switch|p2a: Ferrothorn|Ferrothorn, M, tera:Steel|86\/100\n|-ability|p2a: Ferrothorn|Anticipation\n|move|p1a: Aerodactyl|Stone Edge|p2a: Ferrothorn|[miss]\n|-miss|p1a: Aerodactyl|p2a: Ferrothorn\n|\n|upkeep\n|turn|20\n|inactive|hurenkebi has 120 seconds left.\n|\n|t:|1700828511\n|switch|p1a: Chesnaught|Chesnaught, M|10\/100\n|move|p2a: Ferrothorn|Power Whip|p1a: Chesnaught\n|-resisted|p1a: Chesnaught\n|-damage|p1a: Chesnaught|0 fnt\n|faint|p1a: Chesnaught\n|\n|upkeep\n|-message|Much4536 forfeited.\n|\n|win|hurenkebi\n|raw|Much4536's rating: 1403 &rarr; <strong>1383<\/strong><br \/>(-20 for losing)\n|raw|hurenkebi's rating: 1396 &rarr; <strong>1416<\/strong><br \/>(+20 for winning)\n|l|\u2606Much4536\n","uploadtime":1700828532,"views":4,"p1id":"much4536","p2id":"hurenkebi","formatid":"gen9nationaldex","rating":1383,"private":0,"password":""}