{"id":"gen9nationaldex-1993128649","p1":"lunchbox5536","p2":"tbor2002","format":"[Gen 9] National Dex","log":"|j|\u2606lunchbox5536\n|j|\u2606tbor2002\n|t:|1700268136\n|gametype|singles\n|player|p1|lunchbox5536|ghetsis|\n|player|p2|tbor2002|wattson|\n|teamsize|p1|6\n|teamsize|p2|6\n|gen|9\n|tier|[Gen 9] National Dex\n|rule|HP Percentage Mod: HP is shown in percentages\n|rule|Endless Battle Clause: Forcing endless battles is banned\n|rule|OHKO Clause: OHKO moves are banned\n|rule|Evasion Clause: Evasion abilities, items, and moves are banned\n|rule|Evasion Abilities Clause: Evasion abilities are banned\n|rule|Evasion Items Clause: Evasion items are banned\n|rule|Evasion Moves Clause: Evasion moves are banned\n|rule|Species Clause: Limit one of each Pok\u00e9mon\n|rule|Sleep Clause Mod: Limit one foe put to sleep\n|clearpoke\n|poke|p1|Lilligant-Hisui, F|\n|poke|p1|Zoroark-Hisui, M|\n|poke|p1|Grimmsnarl, M|\n|poke|p1|Sableye, M|\n|poke|p1|Klawf, M|\n|poke|p1|Shelgon, M|\n|poke|p2|Zamazenta-*|\n|poke|p2|Muk-Alola, M|\n|poke|p2|Jolteon, M|\n|poke|p2|Eelektross, F|\n|poke|p2|Crabominable, F|\n|poke|p2|Glimmet, M|\n|teampreview\n|j| BriefStar\n|\n|t:|1700268168\n|start\n|switch|p1a: Krampus|Grimmsnarl, M|100\/100\n|switch|p2a: Eelektross|Eelektross, F|100\/100\n|turn|1\n|\n|t:|1700268183\n|move|p1a: Krampus|Darkest Lariat|p2a: Eelektross\n|-damage|p2a: Eelektross|49\/100\n|move|p2a: Eelektross|Giga Drain|p1a: Krampus\n|-damage|p1a: Krampus|80\/100\n|-heal|p2a: Eelektross|60\/100|[from] drain|[of] p1a: Krampus\n|\n|upkeep\n|turn|2\n|\n|t:|1700268197\n|switch|p2a: Muk|Muk-Alola, M|100\/100\n|move|p1a: Krampus|Darkest Lariat|p2a: Muk\n|-resisted|p2a: Muk\n|-damage|p2a: Muk|78\/100\n|\n|upkeep\n|turn|3\n|\n|t:|1700268226\n|move|p1a: Krampus|Parting Shot|p2a: Muk\n|-hint|Since gen 7, Dark is immune to Prankster moves.\n|-immune|p2a: Muk\n|move|p2a: Muk|Poison Jab|p1a: Krampus\n|-supereffective|p1a: Krampus\n|-damage|p1a: Krampus|0 fnt\n|faint|p1a: Krampus\n|\n|upkeep\n|\n|t:|1700268246\n|switch|p1a: AAAAAAAAAAAA|Klawf, M|100\/100\n|turn|4\n|\n|t:|1700268274\n|move|p1a: AAAAAAAAAAAA|High Horsepower|p2a: Muk\n|-supereffective|p2a: Muk\n|-damage|p2a: Muk|12\/100\n|move|p2a: Muk|Brick Break|p1a: AAAAAAAAAAAA\n|-supereffective|p1a: AAAAAAAAAAAA\n|-damage|p1a: AAAAAAAAAAAA|60\/100\n|\n|-heal|p1a: AAAAAAAAAAAA|66\/100|[from] item: Leftovers\n|upkeep\n|turn|5\n|\n|t:|1700268289\n|switch|p2a: Glimmet|Glimmet, M|100\/100\n|move|p1a: AAAAAAAAAAAA|Stealth Rock|p2a: Glimmet\n|-sidestart|p2: tbor2002|move: Stealth Rock\n|\n|-heal|p1a: AAAAAAAAAAAA|73\/100|[from] item: Leftovers\n|upkeep\n|turn|6\n|\n|t:|1700268333\n|-terastallize|p1a: AAAAAAAAAAAA|Poison\n|move|p2a: Glimmet|Stealth Rock|p1a: AAAAAAAAAAAA\n|-sidestart|p1: lunchbox5536|move: Stealth Rock\n|move|p1a: AAAAAAAAAAAA|High Horsepower|p2a: Glimmet\n|-supereffective|p2a: Glimmet\n|-enditem|p2a: Glimmet|Focus Sash\n|-damage|p2a: Glimmet|1\/100\n|-activate|p2a: Glimmet|ability: Toxic Debris\n|-sidestart|p1: lunchbox5536|move: Toxic Spikes\n|\n|-heal|p1a: AAAAAAAAAAAA|79\/100|[from] item: Leftovers\n|upkeep\n|turn|7\n|\n|t:|1700268365\n|move|p2a: Glimmet|Power Gem|p1a: AAAAAAAAAAAA\n|-crit|p1a: AAAAAAAAAAAA\n|-damage|p1a: AAAAAAAAAAAA|0 fnt\n|faint|p1a: AAAAAAAAAAAA\n|\n|upkeep\n|\n|t:|1700268371\n|switch|p1a: Hello and Goodbye|Shelgon, M|100\/100\n|-damage|p1a: Hello and Goodbye|88\/100|[from] Stealth Rock\n|-status|p1a: Hello and Goodbye|psn\n|turn|8\n|\n|t:|1700268384\n|move|p2a: Glimmet|Power Gem|p1a: Hello and Goodbye\n|-damage|p1a: Hello and Goodbye|48\/100 psn\n|move|p1a: Hello and Goodbye|Crunch|p2a: Glimmet\n|-damage|p2a: Glimmet|0 fnt\n|-activate|p2a: Glimmet|ability: Toxic Debris\n|-sidestart|p1: lunchbox5536|move: Toxic Spikes\n|faint|p2a: Glimmet\n|\n|-damage|p1a: Hello and Goodbye|36\/100 psn|[from] psn\n|upkeep\n|\n|t:|1700268396\n|switch|p2a: Muk|Muk-Alola, M|12\/100\n|-damage|p2a: Muk|0 fnt|[from] Stealth Rock\n|faint|p2a: Muk\n|\n|t:|1700268404\n|switch|p2a: Eelektross|Eelektross, F|60\/100\n|-damage|p2a: Eelektross|47\/100|[from] Stealth Rock\n|turn|9\n|\n|t:|1700268411\n|move|p1a: Hello and Goodbye|Sunny Day|p1a: Hello and Goodbye\n|-weather|SunnyDay\n|move|p2a: Eelektross|Dragon Tail|p1a: Hello and Goodbye\n|-supereffective|p1a: Hello and Goodbye\n|-damage|p1a: Hello and Goodbye|20\/100 psn\n|drag|p1a: Sableye|Sableye, M|100\/100\n|-damage|p1a: Sableye|88\/100|[from] Stealth Rock\n|-status|p1a: Sableye|tox\n|\n|-weather|SunnyDay|[upkeep]\n|-damage|p1a: Sableye|82\/100 tox|[from] psn\n|upkeep\n|turn|10\n|\n|t:|1700268429\n|move|p1a: Sableye|Will-O-Wisp|p2a: Eelektross\n|-status|p2a: Eelektross|brn\n|move|p2a: Eelektross|U-turn|p1a: Sableye\n|-damage|p1a: Sableye|69\/100 tox\n|\n|t:|1700268434\n|switch|p2a: Jolteon|Jolteon, M|100\/100|[from] U-turn\n|\n|-weather|SunnyDay|[upkeep]\n|-damage|p1a: Sableye|57\/100 tox|[from] psn\n|upkeep\n|turn|11\n|\n|t:|1700268444\n|switch|p1a: Lilligant|Lilligant-Hisui, F, shiny|100\/100\n|-damage|p1a: Lilligant|94\/100|[from] Stealth Rock\n|-status|p1a: Lilligant|tox\n|move|p2a: Jolteon|Rain Dance|p2a: Jolteon\n|-weather|RainDance\n|\n|-weather|RainDance|[upkeep]\n|-damage|p1a: Lilligant|88\/100 tox|[from] psn\n|upkeep\n|turn|12\n|\n|t:|1700268457\n|move|p2a: Jolteon|Thunderbolt|p1a: Lilligant\n|-resisted|p1a: Lilligant\n|-crit|p1a: Lilligant\n|-damage|p1a: Lilligant|36\/100 tox\n|move|p1a: Lilligant|Close Combat|p2a: Jolteon\n|-damage|p2a: Jolteon|0 fnt\n|-unboost|p1a: Lilligant|def|1\n|-unboost|p1a: Lilligant|spd|1\n|faint|p2a: Jolteon\n|-damage|p1a: Lilligant|26\/100 tox|[from] item: Life Orb\n|\n|-weather|RainDance|[upkeep]\n|-damage|p1a: Lilligant|14\/100 tox|[from] psn\n|upkeep\n|\n|t:|1700268479\n|switch|p2a: Eelektross|Eelektross, F|47\/100 brn\n|-damage|p2a: Eelektross|35\/100 brn|[from] Stealth Rock\n|turn|13\n|\n|t:|1700268487\n|move|p1a: Lilligant|Close Combat|p2a: Eelektross\n|-damage|p2a: Eelektross|0 fnt\n|-unboost|p1a: Lilligant|def|1\n|-unboost|p1a: Lilligant|spd|1\n|faint|p2a: Eelektross\n|-damage|p1a: Lilligant|4\/100 tox|[from] item: Life Orb\n|\n|-weather|RainDance|[upkeep]\n|-damage|p1a: Lilligant|0 fnt|[from] psn\n|faint|p1a: Lilligant\n|upkeep\n|\n|t:|1700268502\n|switch|p1a: Hello and Goodbye|Shelgon, M|20\/100 psn\n|switch|p2a: Zamazenta|Zamazenta, shiny|100\/100\n|-damage|p2a: Zamazenta|94\/100|[from] Stealth Rock\n|-ability|p2a: Zamazenta|Dauntless Shield|boost\n|-boost|p2a: Zamazenta|def|1\n|-damage|p1a: Hello and Goodbye|8\/100 psn|[from] Stealth Rock\n|turn|14\n|\n|t:|1700268518\n|-terastallize|p2a: Zamazenta|Steel\n|move|p2a: Zamazenta|Substitute|p2a: Zamazenta\n|-start|p2a: Zamazenta|Substitute\n|-damage|p2a: Zamazenta|69\/100\n|move|p1a: Hello and Goodbye|Toxic||[still]\n|-fail|p1a: Hello and Goodbye\n|\n|-weather|RainDance|[upkeep]\n|-heal|p2a: Zamazenta|75\/100|[from] item: Leftovers\n|-damage|p1a: Hello and Goodbye|0 fnt|[from] psn\n|faint|p1a: Hello and Goodbye\n|upkeep\n|\n|t:|1700268528\n|switch|p1a: Sableye|Sableye, M|100\/100\n|-damage|p1a: Sableye|88\/100|[from] Stealth Rock\n|-status|p1a: Sableye|tox\n|turn|15\n|\n|t:|1700268537\n|move|p2a: Zamazenta|Iron Defense|p2a: Zamazenta\n|-boost|p2a: Zamazenta|def|2\n|move|p1a: Sableye|Flamethrower|p2a: Zamazenta\n|-supereffective|p2a: Zamazenta\n|-end|p2a: Zamazenta|Substitute\n|\n|-weather|none\n|-heal|p2a: Zamazenta|82\/100|[from] item: Leftovers\n|-damage|p1a: Sableye|82\/100 tox|[from] psn\n|upkeep\n|turn|16\n|\n|t:|1700268552\n|move|p2a: Zamazenta|Substitute|p2a: Zamazenta\n|-start|p2a: Zamazenta|Substitute\n|-damage|p2a: Zamazenta|57\/100\n|move|p1a: Sableye|Flamethrower|p2a: Zamazenta\n|-supereffective|p2a: Zamazenta\n|-end|p2a: Zamazenta|Substitute\n|\n|-heal|p2a: Zamazenta|63\/100|[from] item: Leftovers\n|-damage|p1a: Sableye|70\/100 tox|[from] psn\n|upkeep\n|turn|17\n|\n|t:|1700268563\n|move|p2a: Zamazenta|Crunch|p1a: Sableye\n|-supereffective|p1a: Sableye\n|-damage|p1a: Sableye|0 fnt\n|replace|p1a: Oh Hi There|Zoroark-Hisui, M, shiny\n|-end|p1a: Oh Hi There|Illusion\n|faint|p1a: Oh Hi There\n|\n|-heal|p2a: Zamazenta|69\/100|[from] item: Leftovers\n|upkeep\n|\n|t:|1700268569\n|switch|p1a: Sableye|Sableye, M|57\/100 tox\n|-damage|p1a: Sableye|45\/100 tox|[from] Stealth Rock\n|turn|18\n|\n|t:|1700268582\n|move|p1a: Sableye|Will-O-Wisp|p2a: Zamazenta\n|-status|p2a: Zamazenta|brn\n|move|p2a: Zamazenta|Crunch|p1a: Sableye\n|-damage|p1a: Sableye|29\/100 tox\n|\n|-heal|p2a: Zamazenta|75\/100 brn|[from] item: Leftovers\n|-damage|p1a: Sableye|23\/100 tox|[from] psn\n|-damage|p2a: Zamazenta|69\/100 brn|[from] brn\n|upkeep\n|turn|19\n|\n|t:|1700268593\n|move|p1a: Sableye|Recover|p1a: Sableye\n|-heal|p1a: Sableye|73\/100 tox\n|move|p2a: Zamazenta|Substitute|p2a: Zamazenta\n|-start|p2a: Zamazenta|Substitute\n|-damage|p2a: Zamazenta|44\/100 brn\n|\n|-heal|p2a: Zamazenta|50\/100 brn|[from] item: Leftovers\n|-damage|p1a: Sableye|62\/100 tox|[from] psn\n|-damage|p2a: Zamazenta|44\/100 brn|[from] brn\n|upkeep\n|turn|20\n|\n|t:|1700268603\n|move|p1a: Sableye|Recover|p1a: Sableye\n|-heal|p1a: Sableye|100\/100 tox\n|move|p2a: Zamazenta|Crunch|p1a: Sableye\n|-damage|p1a: Sableye|85\/100 tox\n|\n|-heal|p2a: Zamazenta|50\/100 brn|[from] item: Leftovers\n|-damage|p1a: Sableye|67\/100 tox|[from] psn\n|-damage|p2a: Zamazenta|44\/100 brn|[from] brn\n|upkeep\n|turn|21\n|\n|t:|1700268613\n|move|p1a: Sableye|Recover|p1a: Sableye\n|-heal|p1a: Sableye|100\/100 tox\n|move|p2a: Zamazenta|Iron Defense|p2a: Zamazenta\n|-boost|p2a: Zamazenta|def|2\n|\n|-heal|p2a: Zamazenta|50\/100 brn|[from] item: Leftovers\n|-damage|p1a: Sableye|77\/100 tox|[from] psn\n|-damage|p2a: Zamazenta|44\/100 brn|[from] brn\n|upkeep\n|turn|22\n|\n|t:|1700268623\n|move|p1a: Sableye|Recover|p1a: Sableye\n|-heal|p1a: Sableye|100\/100 tox\n|move|p2a: Zamazenta|Crunch|p1a: Sableye\n|-damage|p1a: Sableye|85\/100 tox\n|-unboost|p1a: Sableye|def|1\n|\n|-heal|p2a: Zamazenta|50\/100 brn|[from] item: Leftovers\n|-damage|p1a: Sableye|55\/100 tox|[from] psn\n|-damage|p2a: Zamazenta|44\/100 brn|[from] brn\n|upkeep\n|turn|23\n|\n|t:|1700268634\n|move|p1a: Sableye|Recover|p1a: Sableye\n|-heal|p1a: Sableye|100\/100 tox\n|move|p2a: Zamazenta|Crunch|p1a: Sableye\n|-damage|p1a: Sableye|78\/100 tox\n|\n|-heal|p2a: Zamazenta|50\/100 brn|[from] item: Leftovers\n|-damage|p1a: Sableye|42\/100 tox|[from] psn\n|-damage|p2a: Zamazenta|44\/100 brn|[from] brn\n|upkeep\n|turn|24\n|\n|t:|1700268644\n|move|p1a: Sableye|Recover|p1a: Sableye\n|-heal|p1a: Sableye|92\/100 tox\n|move|p2a: Zamazenta|Iron Defense|p2a: Zamazenta\n|-boost|p2a: Zamazenta|def|1\n|\n|-heal|p2a: Zamazenta|50\/100 brn|[from] item: Leftovers\n|-damage|p1a: Sableye|51\/100 tox|[from] psn\n|-damage|p2a: Zamazenta|44\/100 brn|[from] brn\n|upkeep\n|turn|25\n|\n|t:|1700268657\n|move|p1a: Sableye|Recover|p1a: Sableye\n|-heal|p1a: Sableye|100\/100 tox\n|move|p2a: Zamazenta|Crunch|p1a: Sableye\n|-damage|p1a: Sableye|77\/100 tox\n|\n|-heal|p2a: Zamazenta|50\/100 brn|[from] item: Leftovers\n|-damage|p1a: Sableye|30\/100 tox|[from] psn\n|-damage|p2a: Zamazenta|44\/100 brn|[from] brn\n|upkeep\n|turn|26\n|\n|t:|1700268669\n|move|p1a: Sableye|Recover|p1a: Sableye\n|-heal|p1a: Sableye|80\/100 tox\n|move|p2a: Zamazenta|Crunch|p1a: Sableye\n|-damage|p1a: Sableye|59\/100 tox\n|\n|-heal|p2a: Zamazenta|50\/100 brn|[from] item: Leftovers\n|-damage|p1a: Sableye|5\/100 tox|[from] psn\n|-damage|p2a: Zamazenta|44\/100 brn|[from] brn\n|upkeep\n|turn|27\n|\n|t:|1700268681\n|move|p1a: Sableye|Sunny Day|p1a: Sableye\n|-weather|SunnyDay\n|move|p2a: Zamazenta|Crunch|p1a: Sableye\n|-damage|p1a: Sableye|0 fnt\n|faint|p1a: Sableye\n|\n|win|tbor2002\n","uploadtime":1700268688,"views":6,"p1id":"lunchbox5536","p2id":"tbor2002","formatid":"gen9nationaldex","rating":0,"private":0,"password":""}