{"id":"gen9nationaldex-1987557893","p1":"akxhdwy","p2":"jimooooo","format":"[Gen 9] National Dex","log":"|j|\u2606akxhdwy\n|j|\u2606jimooooo\n|t:|1699611772\n|gametype|singles\n|player|p1|akxhdwy|2|1664\n|player|p2|jimooooo|1|1565\n|teamsize|p1|6\n|teamsize|p2|6\n|gen|9\n|tier|[Gen 9] National Dex\n|rated|\n|rule|HP Percentage Mod: HP is shown in percentages\n|rule|Endless Battle Clause: Forcing endless battles is banned\n|rule|OHKO Clause: OHKO moves are banned\n|rule|Evasion Clause: Evasion abilities, items, and moves are banned\n|rule|Evasion Abilities Clause: Evasion abilities are banned\n|rule|Evasion Items Clause: Evasion items are banned\n|rule|Evasion Moves Clause: Evasion moves are banned\n|rule|Species Clause: Limit one of each Pok\u00e9mon\n|rule|Sleep Clause Mod: Limit one foe put to sleep\n|clearpoke\n|poke|p1|Alomomola, M|\n|poke|p1|Heatran, M|\n|poke|p1|Diancie|\n|poke|p1|Urshifu-*, F|\n|poke|p1|Iron Treads|\n|poke|p1|Hydreigon, F|\n|poke|p2|Diancie|\n|poke|p2|Alomomola, M|\n|poke|p2|Clodsire, F|\n|poke|p2|Corviknight, F|\n|poke|p2|Tyranitar, M|\n|poke|p2|Iron Valiant|\n|teampreview\n|inactive|Battle timer is ON: inactive players will automatically lose when time's up. (requested by jimooooo)\n|\n|t:|1699611799\n|start\n|switch|p1a: Alomomola|Alomomola, M|100\/100\n|switch|p2a: Alomomola|Alomomola, M|100\/100\n|turn|1\n|\n|t:|1699611805\n|move|p2a: Alomomola|Toxic|p1a: Alomomola\n|-status|p1a: Alomomola|tox\n|move|p1a: Alomomola|Flip Turn|p2a: Alomomola\n|-resisted|p2a: Alomomola\n|-damage|p2a: Alomomola|96\/100\n|-damage|p1a: Alomomola|84\/100 tox|[from] item: Rocky Helmet|[of] p2a: Alomomola\n|\n|t:|1699611813\n|switch|p1a: Hydreigon|Hydreigon, F|100\/100|[from] Flip Turn\n|\n|upkeep\n|turn|2\n|\n|t:|1699611821\n|move|p1a: Hydreigon|Substitute|p1a: Hydreigon\n|-start|p1a: Hydreigon|Substitute\n|-damage|p1a: Hydreigon|76\/100\n|move|p2a: Alomomola|Flip Turn|p1a: Hydreigon\n|-resisted|p1a: Hydreigon\n|-activate|p1a: Hydreigon|move: Substitute|[damage]\n|\n|t:|1699611825\n|switch|p2a: Corviknight|Corviknight, F|100\/100|[from] Flip Turn\n|-ability|p2a: Corviknight|Pressure\n|\n|-heal|p1a: Hydreigon|82\/100|[from] item: Leftovers\n|upkeep\n|turn|3\n|\n|t:|1699611836\n|-terastallize|p1a: Hydreigon|Poison\n|move|p1a: Hydreigon|Nasty Plot|p1a: Hydreigon\n|-boost|p1a: Hydreigon|spa|2\n|move|p2a: Corviknight|Brave Bird|p1a: Hydreigon\n|-end|p1a: Hydreigon|Substitute\n|-damage|p2a: Corviknight|96\/100|[from] Recoil|[of] p1a: Hydreigon\n|\n|-heal|p1a: Hydreigon|88\/100|[from] item: Leftovers\n|-heal|p2a: Corviknight|100\/100|[from] item: Leftovers\n|upkeep\n|turn|4\n|\n|t:|1699611843\n|move|p1a: Hydreigon|Nasty Plot|p1a: Hydreigon\n|-boost|p1a: Hydreigon|spa|2\n|move|p2a: Corviknight|Brave Bird|p1a: Hydreigon\n|-damage|p1a: Hydreigon|42\/100\n|-damage|p2a: Corviknight|88\/100|[from] Recoil\n|\n|-heal|p1a: Hydreigon|48\/100|[from] item: Leftovers\n|-heal|p2a: Corviknight|94\/100|[from] item: Leftovers\n|upkeep\n|turn|5\n|\n|t:|1699611853\n|switch|p2a: Diancie|Diancie|100\/100\n|move|p1a: Hydreigon|Dark Pulse|p2a: Diancie\n|-resisted|p2a: Diancie\n|-damage|p2a: Diancie|45\/100\n|\n|-heal|p1a: Hydreigon|54\/100|[from] item: Leftovers\n|upkeep\n|turn|6\n|\n|t:|1699611867\n|switch|p1a: Alomomola|Alomomola, M|100\/100 tox\n|detailschange|p2a: Diancie|Diancie-Mega\n|-mega|p2a: Diancie|Diancie|Diancite\n|move|p2a: Diancie|Diamond Storm|p1a: Alomomola\n|-damage|p1a: Alomomola|73\/100 tox\n|-boost|p2a: Diancie|def|2\n|\n|-damage|p1a: Alomomola|67\/100 tox|[from] psn\n|upkeep\n|turn|7\n|\n|t:|1699611878\n|switch|p2a: Corviknight|Corviknight, F|94\/100\n|-ability|p2a: Corviknight|Pressure\n|move|p1a: Alomomola|Flip Turn|p2a: Corviknight\n|-damage|p2a: Corviknight|80\/100\n|\n|t:|1699611882\n|switch|p1a: Heatran|Heatran, M|100\/100|[from] Flip Turn\n|\n|-heal|p2a: Corviknight|86\/100|[from] item: Leftovers\n|upkeep\n|turn|8\n|\n|t:|1699611889\n|switch|p2a: Tyranitar|Tyranitar, M|100\/100\n|-weather|Sandstorm|[from] ability: Sand Stream|[of] p2a: Tyranitar\n|move|p1a: Heatran|Eruption|p2a: Tyranitar\n|-resisted|p2a: Tyranitar\n|-damage|p2a: Tyranitar|73\/100\n|\n|-weather|Sandstorm|[upkeep]\n|upkeep\n|turn|9\n|\n|t:|1699611897\n|switch|p1a: Urshifu|Urshifu-Rapid-Strike, F|100\/100\n|move|p2a: Tyranitar|Earthquake|p1a: Urshifu\n|-damage|p1a: Urshifu|42\/100\n|\n|-weather|Sandstorm|[upkeep]\n|-damage|p1a: Urshifu|36\/100|[from] Sandstorm\n|upkeep\n|turn|10\n|\n|t:|1699611903\n|switch|p2a: Alomomola|Alomomola, M|100\/100\n|move|p1a: Urshifu|Close Combat|p2a: Alomomola\n|-damage|p2a: Alomomola|52\/100\n|-unboost|p1a: Urshifu|def|1\n|-unboost|p1a: Urshifu|spd|1\n|-damage|p1a: Urshifu|20\/100|[from] item: Rocky Helmet|[of] p2a: Alomomola\n|\n|-weather|Sandstorm|[upkeep]\n|-damage|p1a: Urshifu|14\/100|[from] Sandstorm\n|-damage|p2a: Alomomola|46\/100|[from] Sandstorm\n|upkeep\n|turn|11\n|\n|t:|1699611911\n|switch|p1a: Alomomola|Alomomola, M|100\/100 tox\n|switch|p2a: Clodsire|Clodsire, F|100\/100\n|\n|-weather|Sandstorm|[upkeep]\n|-damage|p1a: Alomomola|94\/100 tox|[from] Sandstorm\n|-damage|p1a: Alomomola|88\/100 tox|[from] psn\n|upkeep\n|turn|12\n|\n|t:|1699611914\n|move|p1a: Alomomola|Wish|p1a: Alomomola\n|move|p2a: Clodsire|Stealth Rock|p1a: Alomomola\n|-sidestart|p1: akxhdwy|move: Stealth Rock\n|\n|-weather|none\n|-damage|p1a: Alomomola|76\/100 tox|[from] psn\n|upkeep\n|turn|13\n|\n|t:|1699611921\n|switch|p2a: Diancie|Diancie-Mega|45\/100\n|move|p1a: Alomomola|Flip Turn|p2a: Diancie\n|-supereffective|p2a: Diancie\n|-damage|p2a: Diancie|0 fnt\n|faint|p2a: Diancie\n|\n|t:|1699611927\n|switch|p1a: Urshifu|Urshifu-Rapid-Strike, F|14\/100|[from] Flip Turn\n|-damage|p1a: Urshifu|8\/100|[from] Stealth Rock\n|\n|-heal|p1a: Urshifu|86\/100|[from] move: Wish|[wisher] Alomomola\n|upkeep\n|\n|t:|1699611931\n|switch|p2a: Alomomola|Alomomola, M|79\/100\n|turn|14\n|\n|t:|1699611938\n|switch|p1a: Alomomola|Alomomola, M|100\/100 tox\n|move|p2a: Alomomola|Flip Turn|p1a: Alomomola\n|-resisted|p1a: Alomomola\n|-damage|p1a: Alomomola|95\/100 tox\n|\n|t:|1699611946\n|switch|p2a: Iron Valiant|Iron Valiant|100\/100|[from] Flip Turn\n|\n|-damage|p1a: Alomomola|89\/100 tox|[from] psn\n|upkeep\n|turn|15\n|\n|t:|1699611954\n|move|p2a: Iron Valiant|Calm Mind|p2a: Iron Valiant\n|-boost|p2a: Iron Valiant|spa|1\n|-boost|p2a: Iron Valiant|spd|1\n|move|p1a: Alomomola|Toxic|p2a: Iron Valiant|[miss]\n|-miss|p1a: Alomomola|p2a: Iron Valiant\n|\n|-damage|p1a: Alomomola|77\/100 tox|[from] psn\n|upkeep\n|turn|16\n|\n|t:|1699611958\n|switch|p1a: Iron Treads|Iron Treads|100\/100\n|-damage|p1a: Iron Treads|97\/100|[from] Stealth Rock\n|move|p2a: Iron Valiant|Thunderbolt|p1a: Iron Treads\n|-immune|p1a: Iron Treads\n|\n|upkeep\n|turn|17\n|\n|t:|1699611963\n|move|p2a: Iron Valiant|Close Combat|p1a: Iron Treads\n|-supereffective|p1a: Iron Treads\n|-damage|p1a: Iron Treads|0 fnt\n|-unboost|p2a: Iron Valiant|def|1\n|-unboost|p2a: Iron Valiant|spd|1\n|faint|p1a: Iron Treads\n|-end|p1a: Iron Treads|Quark Drive|[silent]\n|-damage|p2a: Iron Valiant|91\/100|[from] item: Life Orb\n|\n|upkeep\n|\n|t:|1699611970\n|switch|p1a: Urshifu|Urshifu-Rapid-Strike, F|86\/100\n|-damage|p1a: Urshifu|80\/100|[from] Stealth Rock\n|turn|18\n|\n|t:|1699611978\n|-end|p2a: Iron Valiant|Quark Drive|[silent]\n|switch|p2a: Alomomola|Alomomola, M|100\/100\n|move|p1a: Urshifu|U-turn|p2a: Alomomola\n|-damage|p2a: Alomomola|80\/100\n|-damage|p1a: Urshifu|63\/100|[from] item: Rocky Helmet|[of] p2a: Alomomola\n|\n|t:|1699611985\n|switch|p1a: Diancie|Diancie|100\/100|[from] U-turn\n|-damage|p1a: Diancie|88\/100|[from] Stealth Rock\n|\n|upkeep\n|turn|19\n|\n|t:|1699611992\n|switch|p2a: Corviknight|Corviknight, F|86\/100\n|-ability|p2a: Corviknight|Pressure\n|detailschange|p1a: Diancie|Diancie-Mega\n|-mega|p1a: Diancie|Diancie|Diancite\n|move|p1a: Diancie|Stealth Rock|p2a: Corviknight\n|-sidestart|p2: jimooooo|move: Stealth Rock\n|\n|-heal|p2a: Corviknight|92\/100|[from] item: Leftovers\n|upkeep\n|turn|20\n|\n|t:|1699611997\n|switch|p1a: Alomomola|Alomomola, M|100\/100 tox\n|move|p2a: Corviknight|U-turn|p1a: Alomomola\n|-damage|p1a: Alomomola|92\/100 tox\n|\n|t:|1699612002\n|switch|p2a: Iron Valiant|Iron Valiant|91\/100|[from] U-turn\n|-damage|p2a: Iron Valiant|85\/100|[from] Stealth Rock\n|\n|-damage|p1a: Alomomola|86\/100 tox|[from] psn\n|upkeep\n|turn|21\n|\n|t:|1699612014\n|move|p2a: Iron Valiant|Thunderbolt|p1a: Alomomola\n|-supereffective|p1a: Alomomola\n|-damage|p1a: Alomomola|0 fnt\n|faint|p1a: Alomomola\n|-damage|p2a: Iron Valiant|75\/100|[from] item: Life Orb\n|\n|upkeep\n|\n|t:|1699612020\n|switch|p1a: Heatran|Heatran, M|100\/100\n|-damage|p1a: Heatran|88\/100|[from] Stealth Rock\n|turn|22\n|\n|t:|1699612027\n|-end|p2a: Iron Valiant|Quark Drive|[silent]\n|switch|p2a: Tyranitar|Tyranitar, M|73\/100\n|-damage|p2a: Tyranitar|61\/100|[from] Stealth Rock\n|-weather|Sandstorm|[from] ability: Sand Stream|[of] p2a: Tyranitar\n|move|p1a: Heatran|Earth Power|p2a: Tyranitar\n|-supereffective|p2a: Tyranitar\n|-damage|p2a: Tyranitar|21\/100\n|\n|-weather|Sandstorm|[upkeep]\n|upkeep\n|turn|23\n|\n|t:|1699612031\n|switch|p1a: Hydreigon|Hydreigon, F, tera:Poison|54\/100\n|-damage|p1a: Hydreigon|42\/100|[from] Stealth Rock\n|switch|p2a: Corviknight|Corviknight, F|92\/100\n|-damage|p2a: Corviknight|80\/100|[from] Stealth Rock\n|-ability|p2a: Corviknight|Pressure\n|\n|-weather|Sandstorm|[upkeep]\n|-damage|p1a: Hydreigon|36\/100|[from] Sandstorm\n|-heal|p1a: Hydreigon|42\/100|[from] item: Leftovers\n|-heal|p2a: Corviknight|86\/100|[from] item: Leftovers\n|upkeep\n|turn|24\n|\n|t:|1699612039\n|move|p1a: Hydreigon|Dark Pulse|p2a: Corviknight\n|-damage|p2a: Corviknight|58\/100\n|move|p2a: Corviknight|Brave Bird|p1a: Hydreigon\n|-damage|p1a: Hydreigon|2\/100\n|-damage|p2a: Corviknight|47\/100|[from] Recoil\n|\n|-weather|Sandstorm|[upkeep]\n|-damage|p1a: Hydreigon|0 fnt|[from] Sandstorm\n|faint|p1a: Hydreigon\n|-heal|p2a: Corviknight|53\/100|[from] item: Leftovers\n|upkeep\n|\n|t:|1699612047\n|switch|p1a: Diancie|Diancie-Mega|88\/100\n|-damage|p1a: Diancie|76\/100|[from] Stealth Rock\n|turn|25\n|\n|t:|1699612055\n|switch|p2a: Clodsire|Clodsire, F|100\/100\n|-damage|p2a: Clodsire|94\/100|[from] Stealth Rock\n|move|p1a: Diancie|Diamond Storm|p2a: Clodsire\n|-resisted|p2a: Clodsire\n|-damage|p2a: Clodsire|74\/100\n|-boost|p1a: Diancie|def|2\n|\n|-weather|Sandstorm|[upkeep]\n|-heal|p2a: Clodsire|81\/100|[from] item: Leftovers\n|upkeep\n|turn|26\n|\n|t:|1699612062\n|move|p1a: Diancie|Earth Power|p2a: Clodsire\n|-supereffective|p2a: Clodsire\n|-damage|p2a: Clodsire|27\/100\n|move|p2a: Clodsire|Earthquake|p1a: Diancie\n|-supereffective|p1a: Diancie\n|-damage|p1a: Diancie|0 fnt\n|faint|p1a: Diancie\n|\n|-weather|none\n|-heal|p2a: Clodsire|33\/100|[from] item: Leftovers\n|upkeep\n|\n|t:|1699612071\n|switch|p1a: Urshifu|Urshifu-Rapid-Strike, F|63\/100\n|-damage|p1a: Urshifu|57\/100|[from] Stealth Rock\n|turn|27\n|\n|t:|1699612075\n|switch|p2a: Alomomola|Alomomola, M|100\/100\n|-damage|p2a: Alomomola|88\/100|[from] Stealth Rock\n|move|p1a: Urshifu|Close Combat|p2a: Alomomola\n|-damage|p2a: Alomomola|40\/100\n|-unboost|p1a: Urshifu|def|1\n|-unboost|p1a: Urshifu|spd|1\n|-damage|p1a: Urshifu|41\/100|[from] item: Rocky Helmet|[of] p2a: Alomomola\n|\n|upkeep\n|turn|28\n|\n|t:|1699612084\n|switch|p2a: Clodsire|Clodsire, F|33\/100\n|-damage|p2a: Clodsire|27\/100|[from] Stealth Rock\n|move|p1a: Urshifu|Close Combat|p2a: Clodsire\n|-resisted|p2a: Clodsire\n|-damage|p2a: Clodsire|0 fnt\n|-unboost|p1a: Urshifu|def|1\n|-unboost|p1a: Urshifu|spd|1\n|faint|p2a: Clodsire\n|\n|upkeep\n|\n|t:|1699612092\n|switch|p2a: Alomomola|Alomomola, M|74\/100\n|-damage|p2a: Alomomola|61\/100|[from] Stealth Rock\n|turn|29\n|\n|t:|1699612094\n|move|p1a: Urshifu|Close Combat|p2a: Alomomola\n|-damage|p2a: Alomomola|14\/100\n|-unboost|p1a: Urshifu|def|1\n|-unboost|p1a: Urshifu|spd|1\n|-damage|p1a: Urshifu|24\/100|[from] item: Rocky Helmet|[of] p2a: Alomomola\n|move|p2a: Alomomola|Wish|p2a: Alomomola\n|\n|upkeep\n|turn|30\n|\n|t:|1699612104\n|switch|p2a: Corviknight|Corviknight, F|53\/100\n|-damage|p2a: Corviknight|41\/100|[from] Stealth Rock\n|-ability|p2a: Corviknight|Pressure\n|move|p1a: Urshifu|Close Combat|p2a: Corviknight\n|-damage|p2a: Corviknight|0 fnt\n|-unboost|p1a: Urshifu|def|1\n|-unboost|p1a: Urshifu|spd|1\n|faint|p2a: Corviknight\n|\n|upkeep\n|\n|t:|1699612106\n|switch|p2a: Tyranitar|Tyranitar, M|21\/100\n|-damage|p2a: Tyranitar|9\/100|[from] Stealth Rock\n|-weather|Sandstorm|[from] ability: Sand Stream|[of] p2a: Tyranitar\n|turn|31\n|\n|t:|1699612109\n|move|p1a: Urshifu|Close Combat|p2a: Tyranitar\n|-supereffective|p2a: Tyranitar\n|-damage|p2a: Tyranitar|0 fnt\n|-unboost|p1a: Urshifu|def|1\n|-unboost|p1a: Urshifu|spd|1\n|faint|p2a: Tyranitar\n|\n|-weather|Sandstorm|[upkeep]\n|-damage|p1a: Urshifu|18\/100|[from] Sandstorm\n|upkeep\n|\n|t:|1699612112\n|switch|p2a: Iron Valiant|Iron Valiant|75\/100\n|-damage|p2a: Iron Valiant|69\/100|[from] Stealth Rock\n|turn|32\n|\n|t:|1699612115\n|move|p2a: Iron Valiant|Thunderbolt|p1a: Urshifu\n|-supereffective|p1a: Urshifu\n|-damage|p1a: Urshifu|0 fnt\n|faint|p1a: Urshifu\n|-damage|p2a: Iron Valiant|59\/100|[from] item: Life Orb\n|\n|-weather|Sandstorm|[upkeep]\n|-damage|p2a: Iron Valiant|53\/100|[from] Sandstorm\n|upkeep\n|\n|t:|1699612117\n|switch|p1a: Heatran|Heatran, M|88\/100\n|-damage|p1a: Heatran|76\/100|[from] Stealth Rock\n|turn|33\n|\n|t:|1699612123\n|move|p1a: Heatran|Earth Power|p2a: Iron Valiant\n|-damage|p2a: Iron Valiant|0 fnt\n|faint|p2a: Iron Valiant\n|-end|p2a: Iron Valiant|Quark Drive|[silent]\n|\n|-weather|Sandstorm|[upkeep]\n|upkeep\n|\n|t:|1699612126\n|switch|p2a: Alomomola|Alomomola, M|47\/100\n|-damage|p2a: Alomomola|35\/100|[from] Stealth Rock\n|turn|34\n|\n|t:|1699612128\n|move|p1a: Heatran|Earth Power|p2a: Alomomola\n|-damage|p2a: Alomomola|0 fnt\n|faint|p2a: Alomomola\n|\n|win|akxhdwy\n|raw|akxhdwy's rating: 1664 &rarr; <strong>1678<\/strong><br \/>(+14 for winning)\n|raw|jimooooo's rating: 1565 &rarr; <strong>1551<\/strong><br \/>(-14 for losing)\n|l|\u2606jimooooo\n","uploadtime":1699612134,"views":7,"p1id":"akxhdwy","p2id":"jimooooo","formatid":"gen9nationaldex","rating":1551,"private":0,"password":""}