{"id":"gen9nationaldex-1993956348","p1":"qwqwqqw","p2":"baigu2","format":"[Gen 9] National Dex","log":"|j|\u2606qwqwqqw\n|j|\u2606baigu2\n|t:|1700382426\n|gametype|singles\n|player|p1|qwqwqqw|265|1621\n|player|p2|baigu2|dawn-gen4pt|1836\n|teamsize|p1|6\n|teamsize|p2|6\n|gen|9\n|tier|[Gen 9] National Dex\n|rated|\n|rule|HP Percentage Mod: HP is shown in percentages\n|rule|Endless Battle Clause: Forcing endless battles is banned\n|rule|OHKO Clause: OHKO moves are banned\n|rule|Evasion Clause: Evasion abilities, items, and moves are banned\n|rule|Evasion Abilities Clause: Evasion abilities are banned\n|rule|Evasion Items Clause: Evasion items are banned\n|rule|Evasion Moves Clause: Evasion moves are banned\n|rule|Species Clause: Limit one of each Pok\u00e9mon\n|rule|Sleep Clause Mod: Limit one foe put to sleep\n|clearpoke\n|poke|p1|Ribombee, M|\n|poke|p1|Ogerpon-Wellspring, F|\n|poke|p1|Tapu Lele|\n|poke|p1|Garchomp, M|\n|poke|p1|Heatran, M|\n|poke|p1|Enamorus, F|\n|poke|p2|Ursaluna, F|\n|poke|p2|Dragonite, M|\n|poke|p2|Slowking, M|\n|poke|p2|Tapu Koko|\n|poke|p2|Hoopa-Unbound|\n|poke|p2|Great Tusk|\n|teampreview\n|\n|t:|1700382436\n|start\n|switch|p1a: stickywebQAQ|Ribombee, M|100\/100\n|switch|p2a: Tapu Koko|Tapu Koko|100\/100\n|-fieldstart|move: Electric Terrain|[from] ability: Electric Surge|[of] p2a: Tapu Koko\n|turn|1\n|\n|t:|1700382446\n|move|p2a: Tapu Koko|Volt Switch|p1a: stickywebQAQ\n|-enditem|p1a: stickywebQAQ|Focus Sash\n|-damage|p1a: stickywebQAQ|1\/100\n|\n|t:|1700382456\n|switch|p2a: Dragonite|Dragonite, M|100\/100|[from] Volt Switch\n|move|p1a: stickywebQAQ|Sticky Web|p2a: Dragonite\n|-sidestart|p2: baigu2|move: Sticky Web\n|\n|upkeep\n|turn|2\n|\n|t:|1700382462\n|move|p2a: Dragonite|Extreme Speed|p1a: stickywebQAQ\n|-damage|p1a: stickywebQAQ|0 fnt\n|faint|p1a: stickywebQAQ\n|\n|upkeep\n|\n|t:|1700382470\n|switch|p1a: Tapu Lele|Tapu Lele|100\/100\n|-fieldstart|move: Psychic Terrain|[from] ability: Psychic Surge|[of] p1a: Tapu Lele\n|turn|3\n|\n|t:|1700382477\n|switch|p1a: Heatran|Heatran, M|100\/100\n|switch|p2a: Slowking|Slowking, M|100\/100\n|\n|upkeep\n|turn|4\n|\n|t:|1700382480\n|move|p1a: Heatran|Magma Storm|p2a: Slowking\n|-resisted|p2a: Slowking\n|-crit|p2a: Slowking\n|-damage|p2a: Slowking|80\/100\n|-activate|p2a: Slowking|move: Magma Storm|[of] p1a: Heatran\n|move|p2a: Slowking|Trick Room|p2a: Slowking\n|-fieldstart|move: Trick Room|[of] p2a: Slowking\n|\n|-damage|p2a: Slowking|68\/100|[from] move: Magma Storm|[partiallytrapped]\n|upkeep\n|turn|5\n|\n|t:|1700382482\n|move|p1a: Heatran|Taunt|p2a: Slowking\n|-start|p2a: Slowking|move: Taunt\n|cant|p2a: Slowking|move: Taunt|Teleport\n|\n|-damage|p2a: Slowking|55\/100|[from] move: Magma Storm|[partiallytrapped]\n|upkeep\n|turn|6\n|\n|t:|1700382486\n|move|p1a: Heatran|Protect|p1a: Heatran\n|-singleturn|p1a: Heatran|Protect\n|move|p2a: Slowking|Scald|p1a: Heatran\n|-activate|p1a: Heatran|move: Protect\n|\n|-damage|p2a: Slowking|43\/100|[from] move: Magma Storm|[partiallytrapped]\n|upkeep\n|turn|7\n|\n|t:|1700382490\n|move|p2a: Slowking|Scald|p1a: Heatran\n|-supereffective|p1a: Heatran\n|-damage|p1a: Heatran|60\/100\n|move|p1a: Heatran|Earth Power|p2a: Slowking\n|-damage|p2a: Slowking|27\/100\n|\n|-heal|p1a: Heatran|66\/100|[from] item: Leftovers\n|-damage|p2a: Slowking|15\/100|[from] move: Magma Storm|[partiallytrapped]\n|-end|p2a: Slowking|move: Taunt\n|-fieldend|move: Psychic Terrain\n|upkeep\n|turn|8\n|\n|t:|1700382511\n|move|p2a: Slowking|Slack Off|p2a: Slowking\n|-heal|p2a: Slowking|65\/100\n|move|p1a: Heatran|Taunt|p2a: Slowking\n|-start|p2a: Slowking|move: Taunt\n|\n|-heal|p1a: Heatran|72\/100|[from] item: Leftovers\n|-damage|p2a: Slowking|53\/100|[from] move: Magma Storm|[partiallytrapped]\n|-fieldend|move: Trick Room\n|upkeep\n|turn|9\n|inactive|Battle timer is ON: inactive players will automatically lose when time's up. (requested by baigu2)\n|\n|t:|1700382520\n|move|p1a: Heatran|Magma Storm|p2a: Slowking\n|-resisted|p2a: Slowking\n|-damage|p2a: Slowking|39\/100\n|move|p2a: Slowking|Scald|p1a: Heatran\n|-supereffective|p1a: Heatran\n|-damage|p1a: Heatran|30\/100\n|\n|-heal|p1a: Heatran|36\/100|[from] item: Leftovers\n|-end|p2a: Slowking|Magma Storm|[partiallytrapped]\n|upkeep\n|turn|10\n|j| cheese miestro\n|\n|t:|1700382533\n|switch|p2a: Hoopa|Hoopa-Unbound|100\/100\n|-activate|p2a: Hoopa|move: Sticky Web\n|-unboost|p2a: Hoopa|spe|1\n|move|p1a: Heatran|Magma Storm|p2a: Hoopa|[miss]\n|-miss|p1a: Heatran|p2a: Hoopa\n|\n|-heal|p1a: Heatran|42\/100|[from] item: Leftovers\n|upkeep\n|turn|11\n|l| cheese miestro\n|\n|t:|1700382548\n|move|p1a: Heatran|Magma Storm|p2a: Hoopa\n|-damage|p2a: Hoopa|61\/100\n|-activate|p2a: Hoopa|move: Magma Storm|[of] p1a: Heatran\n|-zpower|p2a: Hoopa\n|move|p2a: Hoopa|All-Out Pummeling|p1a: Heatran|[zeffect]\n|-supereffective|p1a: Heatran\n|-damage|p1a: Heatran|0 fnt\n|faint|p1a: Heatran\n|\n|-end|p2a: Hoopa|Magma Storm|[partiallytrapped]|[silent]\n|upkeep\n|\n|t:|1700382552\n|switch|p1a: Enamorus|Enamorus, F|100\/100\n|turn|12\n|\n|t:|1700382556\n|-terastallize|p1a: Enamorus|Fighting\n|move|p1a: Enamorus|Superpower|p2a: Hoopa\n|-damage|p2a: Hoopa|0 fnt\n|-boost|p1a: Enamorus|atk|1\n|-boost|p1a: Enamorus|def|1\n|faint|p2a: Hoopa\n|\n|upkeep\n|\n|t:|1700382568\n|switch|p2a: Dragonite|Dragonite, M|100\/100\n|turn|13\n|j| slobadd\n|\n|t:|1700382583\n|move|p1a: Enamorus|Play Rough|p2a: Dragonite|[miss]\n|-miss|p1a: Enamorus|p2a: Dragonite\n|move|p2a: Dragonite|Dual Wingbeat|p1a: Enamorus\n|-supereffective|p1a: Enamorus\n|-damage|p1a: Enamorus|22\/100\n|-supereffective|p1a: Enamorus\n|-damage|p1a: Enamorus|0 fnt\n|faint|p1a: Enamorus\n|-hitcount|p1: Enamorus|2\n|\n|upkeep\n|\n|t:|1700382585\n|switch|p1a: Tapu Lele|Tapu Lele|100\/100\n|-fieldstart|move: Psychic Terrain|[from] ability: Psychic Surge|[of] p1a: Tapu Lele\n|turn|14\n|\n|t:|1700382594\n|switch|p2a: Slowking|Slowking, M|73\/100\n|move|p1a: Tapu Lele|Moonblast|p2a: Slowking\n|-damage|p2a: Slowking|30\/100\n|-unboost|p2a: Slowking|spa|1\n|\n|upkeep\n|turn|15\n|\n|t:|1700382602\n|switch|p2a: Great Tusk|Great Tusk|100\/100\n|move|p1a: Tapu Lele|Moonblast|p2a: Great Tusk\n|-supereffective|p2a: Great Tusk\n|-damage|p2a: Great Tusk|0 fnt\n|faint|p2a: Great Tusk\n|-end|p2a: Great Tusk|Protosynthesis|[silent]\n|\n|upkeep\n|\n|t:|1700382605\n|switch|p2a: Slowking|Slowking, M|64\/100\n|turn|16\n|\n|t:|1700382608\n|move|p1a: Tapu Lele|Moonblast|p2a: Slowking\n|-damage|p2a: Slowking|23\/100\n|move|p2a: Slowking|Trick Room|p2a: Slowking\n|-fieldstart|move: Trick Room|[of] p2a: Slowking\n|\n|upkeep\n|turn|17\n|\n|t:|1700382615\n|move|p1a: Tapu Lele|Moonblast|p2a: Slowking\n|-damage|p2a: Slowking|0 fnt\n|faint|p2a: Slowking\n|\n|upkeep\n|\n|t:|1700382625\n|switch|p2a: Ursaluna|Ursaluna, F|100\/100\n|-activate|p2a: Ursaluna|move: Sticky Web\n|-unboost|p2a: Ursaluna|spe|1\n|turn|18\n|j| asadashino0502\n|\n|t:|1700382629\n|move|p2a: Ursaluna|Facade|p1a: Tapu Lele\n|-damage|p1a: Tapu Lele|35\/100\n|move|p1a: Tapu Lele|Moonblast|p2a: Ursaluna\n|-damage|p2a: Ursaluna|33\/100\n|\n|-fieldend|move: Psychic Terrain\n|-status|p2a: Ursaluna|brn|[from] item: Flame Orb\n|upkeep\n|turn|19\n|\n|t:|1700382642\n|switch|p1a: Ogerpon|Ogerpon-Wellspring, F|100\/100\n|move|p2a: Ursaluna|Facade|p1a: Ogerpon\n|-damage|p1a: Ogerpon|0 fnt\n|faint|p1a: Ogerpon\n|\n|-damage|p2a: Ursaluna|26\/100 brn|[from] brn\n|upkeep\n|\n|t:|1700382651\n|switch|p1a: Tapu Lele|Tapu Lele|35\/100\n|-fieldstart|move: Psychic Terrain|[from] ability: Psychic Surge|[of] p1a: Tapu Lele\n|turn|20\n|\n|t:|1700382653\n|move|p2a: Ursaluna|Facade|p1a: Tapu Lele\n|-damage|p1a: Tapu Lele|0 fnt\n|faint|p1a: Tapu Lele\n|\n|-damage|p2a: Ursaluna|20\/100 brn|[from] brn\n|-fieldend|move: Trick Room\n|upkeep\n|\n|t:|1700382660\n|switch|p1a: Garchomp|Garchomp, M|100\/100\n|turn|21\n|\n|t:|1700382665\n|move|p1a: Garchomp|Earthquake|p2a: Ursaluna\n|-damage|p2a: Ursaluna|0 fnt\n|faint|p2a: Ursaluna\n|\n|upkeep\n|\n|t:|1700382669\n|switch|p2a: Dragonite|Dragonite, M|100\/100\n|turn|22\n|\n|t:|1700382672\n|-zpower|p1a: Garchomp\n|move|p1a: Garchomp|Devastating Drake|p2a: Dragonite|[zeffect]\n|-supereffective|p2a: Dragonite\n|-damage|p2a: Dragonite|12\/100\n|move|p2a: Dragonite|Outrage|p1a: Garchomp\n|-supereffective|p1a: Garchomp\n|-damage|p1a: Garchomp|0 fnt\n|-damage|p2a: Dragonite|0 fnt|[from] ability: Rough Skin|[of] p1a: Garchomp\n|faint|p1a: Garchomp\n|faint|p2a: Dragonite\n|\n|win|baigu2\n|raw|qwqwqqw's rating: 1648 &rarr; <strong>1638<\/strong><br \/>(-10 for losing)\n|raw|baigu2's rating: 1836 &rarr; <strong>1846<\/strong><br \/>(+10 for winning)\n|l|\u2606qwqwqqw\n","uploadtime":1700382680,"views":7,"p1id":"qwqwqqw","p2id":"baigu2","formatid":"gen9nationaldex","rating":1638,"private":0,"password":""}