{"id":"gen9nationaldex-1990465094","p1":"Robin_Hart","p2":"Juiceswilldie","format":"[Gen 9] National Dex","log":"|j|\u2606Robin_Hart\n|j|\u2606Juiceswilldie\n|t:|1699973475\n|gametype|singles\n|player|p1|Robin_Hart|silver|1142\n|player|p2|Juiceswilldie|dawn-gen4pt|1189\n|teamsize|p1|6\n|teamsize|p2|6\n|gen|9\n|tier|[Gen 9] National Dex\n|rated|\n|rule|HP Percentage Mod: HP is shown in percentages\n|rule|Endless Battle Clause: Forcing endless battles is banned\n|rule|OHKO Clause: OHKO moves are banned\n|rule|Evasion Clause: Evasion abilities, items, and moves are banned\n|rule|Evasion Abilities Clause: Evasion abilities are banned\n|rule|Evasion Items Clause: Evasion items are banned\n|rule|Evasion Moves Clause: Evasion moves are banned\n|rule|Species Clause: Limit one of each Pok\u00e9mon\n|rule|Sleep Clause Mod: Limit one foe put to sleep\n|clearpoke\n|poke|p1|Ursaluna, M|\n|poke|p1|Ninetales-Alola, F|\n|poke|p1|Corviknight, M|\n|poke|p1|Samurott-Hisui, F|\n|poke|p1|Sneasler, M|\n|poke|p1|Rillaboom, F|\n|poke|p2|Pikachu, F|\n|poke|p2|Venusaur, F|\n|poke|p2|Charizard, F|\n|poke|p2|Blastoise, F|\n|poke|p2|Espeon, F|\n|poke|p2|Snorlax, F|\n|teampreview\n|inactive|Battle timer is ON: inactive players will automatically lose when time's up. (requested by Juiceswilldie)\n|\n|t:|1699973493\n|start\n|switch|p1a: Samurott|Samurott-Hisui, F|100\/100\n|switch|p2a: Lust|Pikachu, F|100\/100\n|turn|1\n|\n|t:|1699973501\n|-terastallize|p2a: Lust|Normal\n|move|p2a: Lust|Fake Out|p1a: Samurott\n|-damage|p1a: Samurott|65\/100\n|cant|p1a: Samurott|flinch\n|\n|upkeep\n|turn|2\n|\n|t:|1699973517\n|move|p2a: Lust|Extreme Speed|p1a: Samurott\n|-damage|p1a: Samurott|0 fnt\n|faint|p1a: Samurott\n|\n|upkeep\n|\n|t:|1699973537\n|switch|p1a: Rillaboom|Rillaboom, F|100\/100\n|-fieldstart|move: Grassy Terrain|[from] ability: Grassy Surge|[of] p1a: Rillaboom\n|turn|3\n|\n|t:|1699973547\n|switch|p2a: Wrath|Charizard, F|100\/100\n|move|p1a: Rillaboom|Wood Hammer|p2a: Wrath\n|-resisted|p2a: Wrath\n|-damage|p2a: Wrath|52\/100\n|-damage|p1a: Rillaboom|86\/100|[from] Recoil\n|\n|-heal|p1a: Rillaboom|93\/100|[from] Grassy Terrain\n|upkeep\n|turn|4\n|\n|t:|1699973562\n|move|p2a: Wrath|Fire Blast|p1a: Rillaboom\n|-supereffective|p1a: Rillaboom\n|-damage|p1a: Rillaboom|0 fnt\n|faint|p1a: Rillaboom\n|\n|upkeep\n|\n|t:|1699973565\n|switch|p1a: Sneasler|Sneasler, M|100\/100\n|-enditem|p1a: Sneasler|Grassy Seed\n|-boost|p1a: Sneasler|def|1|[from] item: Grassy Seed\n|turn|5\n|\n|t:|1699973581\n|detailschange|p2a: Wrath|Charizard-Mega-Y, F\n|-mega|p2a: Wrath|Charizard|Charizardite Y\n|-weather|SunnyDay|[from] ability: Drought|[of] p2a: Wrath\n|-terastallize|p1a: Sneasler|Flying\n|move|p1a: Sneasler|Acrobatics|p2a: Wrath\n|-damage|p2a: Wrath|0 fnt\n|faint|p2a: Wrath\n|\n|-weather|SunnyDay|[upkeep]\n|upkeep\n|\n|t:|1699973592\n|switch|p2a: Pride|Blastoise, F|100\/100\n|turn|6\n|\n|t:|1699973596\n|move|p1a: Sneasler|Swords Dance|p1a: Sneasler\n|-boost|p1a: Sneasler|atk|2\n|move|p2a: Pride|Roar|p1a: Sneasler\n|drag|p1a: Ninetales|Ninetales-Alola, F|100\/100\n|-weather|Snow|[from] ability: Snow Warning|[of] p1a: Ninetales\n|\n|-weather|Snow|[upkeep]\n|upkeep\n|turn|7\n|\n|t:|1699973610\n|move|p1a: Ninetales|Aurora Veil|p1a: Ninetales\n|-sidestart|p1: Robin_Hart|move: Aurora Veil\n|move|p2a: Pride|Seismic Toss|p1a: Ninetales\n|-damage|p1a: Ninetales|72\/100\n|\n|-weather|Snow|[upkeep]\n|-heal|p1a: Ninetales|78\/100|[from] Grassy Terrain\n|-fieldend|move: Grassy Terrain\n|upkeep\n|turn|8\n|\n|t:|1699973618\n|move|p1a: Ninetales|Encore|p2a: Pride\n|-start|p2a: Pride|Encore\n|move|p2a: Pride|Seismic Toss|p1a: Ninetales\n|-damage|p1a: Ninetales|49\/100\n|\n|-weather|Snow|[upkeep]\n|upkeep\n|turn|9\n|\n|t:|1699973624\n|move|p1a: Ninetales|Freeze-Dry|p2a: Pride\n|-supereffective|p2a: Pride\n|-damage|p2a: Pride|67\/100\n|move|p2a: Pride|Seismic Toss|p1a: Ninetales\n|-damage|p1a: Ninetales|21\/100\n|\n|-weather|Snow|[upkeep]\n|-heal|p2a: Pride|73\/100|[from] item: Leftovers\n|upkeep\n|turn|10\n|\n|t:|1699973634\n|switch|p2a: Sloth|Snorlax, F|100\/100\n|move|p1a: Ninetales|Freeze-Dry|p2a: Sloth\n|-damage|p2a: Sloth|90\/100\n|-status|p2a: Sloth|frz\n|\n|-weather|none\n|-heal|p2a: Sloth|96\/100 frz|[from] item: Leftovers\n|upkeep\n|turn|11\n|\n|t:|1699973645\n|switch|p1a: Ursaluna|Ursaluna, M|100\/100\n|cant|p2a: Sloth|frz\n|\n|-heal|p2a: Sloth|100\/100 frz|[from] item: Leftovers\n|-status|p1a: Ursaluna|brn|[from] item: Flame Orb\n|upkeep\n|turn|12\n|inactive|Juiceswilldie has 120 seconds left.\n|inactive|Juiceswilldie has 90 seconds left.\n|inactive|Juiceswilldie has 60 seconds left.\n|\n|t:|1699973738\n|move|p1a: Ursaluna|Swords Dance|p1a: Ursaluna\n|-boost|p1a: Ursaluna|atk|2\n|cant|p2a: Sloth|frz\n|\n|-damage|p1a: Ursaluna|94\/100 brn|[from] brn\n|upkeep\n|turn|13\n|inactive|Juiceswilldie has 60 seconds left.\n|inactive|Juiceswilldie has 30 seconds left.\n|\n|t:|1699973786\n|move|p1a: Ursaluna|Facade|p2a: Sloth\n|-damage|p2a: Sloth|0 fnt\n|faint|p2a: Sloth\n|\n|-damage|p1a: Ursaluna|88\/100 brn|[from] brn\n|upkeep\n|inactive|Juiceswilldie has 30 seconds left this turn.\n|inactive|Juiceswilldie has 20 seconds left.\n|inactive|Juiceswilldie has 15 seconds left.\n|inactive|Juiceswilldie has 10 seconds left.\n|\n|t:|1699973807\n|switch|p2a: Lust|Pikachu, F, tera:Normal|100\/100\n|turn|14\n|inactive|Juiceswilldie has 20 seconds left this turn.\n|inactive|Juiceswilldie has 15 seconds left.\n|\n|t:|1699973815\n|move|p2a: Lust|Fake Out|p1a: Ursaluna\n|-damage|p1a: Ursaluna|79\/100 brn\n|cant|p1a: Ursaluna|flinch\n|\n|-damage|p1a: Ursaluna|72\/100 brn|[from] brn\n|-sideend|p1: Robin_Hart|move: Aurora Veil\n|upkeep\n|turn|15\n|inactive|Juiceswilldie has 25 seconds left this turn.\n|inactive|Juiceswilldie has 20 seconds left.\n|\n|t:|1699973823\n|move|p2a: Lust|Brick Break|p1a: Ursaluna\n|-supereffective|p1a: Ursaluna\n|-damage|p1a: Ursaluna|27\/100 brn\n|move|p1a: Ursaluna|Drain Punch|p2a: Lust\n|-supereffective|p2a: Lust\n|-damage|p2a: Lust|0 fnt\n|-heal|p1a: Ursaluna|50\/100 brn|[from] drain|[of] p2a: Lust\n|faint|p2a: Lust\n|\n|-damage|p1a: Ursaluna|44\/100 brn|[from] brn\n|upkeep\n|inactive|Juiceswilldie has 25 seconds left this turn.\n|inactive|Juiceswilldie has 20 seconds left.\n|\n|t:|1699973832\n|switch|p2a: Envy|Espeon, F|100\/100\n|turn|16\n|inactive|Juiceswilldie has 30 seconds left this turn.\n|\n|t:|1699973842\n|move|p2a: Envy|Psychic|p1a: Ursaluna\n|-damage|p1a: Ursaluna|0 fnt\n|faint|p1a: Ursaluna\n|\n|upkeep\n|inactive|Juiceswilldie has 30 seconds left this turn.\n|\n|t:|1699973858\n|switch|p1a: Sneasler|Sneasler, M, tera:Flying|100\/100\n|turn|17\n|\n|t:|1699973863\n|move|p2a: Envy|Psychic|p1a: Sneasler\n|-crit|p1a: Sneasler\n|-damage|p1a: Sneasler|0 fnt\n|faint|p1a: Sneasler\n|\n|upkeep\n|\n|t:|1699973866\n|switch|p1a: Corviknight|Corviknight, M|100\/100\n|-ability|p1a: Corviknight|Pressure\n|turn|18\n|\n|t:|1699973876\n|switch|p2a: Greed|Venusaur, F|100\/100\n|move|p1a: Corviknight|Bulk Up|p1a: Corviknight\n|-boost|p1a: Corviknight|atk|1\n|-boost|p1a: Corviknight|def|1\n|\n|upkeep\n|turn|19\n|\n|t:|1699973887\n|move|p2a: Greed|Hidden Power|p1a: Corviknight\n|-supereffective|p1a: Corviknight\n|-damage|p1a: Corviknight|56\/100\n|-damage|p2a: Greed|91\/100|[from] item: Life Orb\n|move|p1a: Corviknight|Brave Bird|p2a: Greed\n|-supereffective|p2a: Greed\n|-damage|p2a: Greed|0 fnt\n|faint|p2a: Greed\n|-damage|p1a: Corviknight|30\/100|[from] Recoil\n|\n|upkeep\n|inactive|Juiceswilldie has 30 seconds left.\n|\n|t:|1699973913\n|switch|p2a: Envy|Espeon, F|100\/100\n|turn|20\n|inactive|Juiceswilldie has 30 seconds left.\n|\n|t:|1699973921\n|move|p2a: Envy|Psychic|p1a: Corviknight\n|-resisted|p1a: Corviknight\n|-damage|p1a: Corviknight|0 fnt\n|faint|p1a: Corviknight\n|\n|upkeep\n|\n|t:|1699973925\n|switch|p1a: Ninetales|Ninetales-Alola, F|21\/100\n|-weather|Snow|[from] ability: Snow Warning|[of] p1a: Ninetales\n|turn|21\n|\n|t:|1699973933\n|move|p2a: Envy|Psychic|p1a: Ninetales\n|-damage|p1a: Ninetales|0 fnt\n|faint|p1a: Ninetales\n|\n|win|Juiceswilldie\n|raw|Robin_Hart's rating: 1142 &rarr; <strong>1119<\/strong><br \/>(-23 for losing)\n|raw|Juiceswilldie's rating: 1167 &rarr; <strong>1190<\/strong><br \/>(+23 for winning)\n|l|\u2606Robin_Hart\n","uploadtime":1699973948,"views":4,"p1id":"robinhart","p2id":"juiceswilldie","formatid":"gen9nationaldex","rating":1119,"private":0,"password":""}