{"id":"gen9nationaldex-1990961415","p1":"Zera & Lucy","p2":"Gherboismyname","format":"[Gen 9] National Dex","log":"|j|\u2606Zera & Lucy\n|j|\u2606Gherboismyname\n|t:|1700020203\n|gametype|singles\n|player|p1|Zera & Lucy|cynthia|1096\n|player|p2|Gherboismyname|101|1042\n|teamsize|p1|6\n|teamsize|p2|6\n|gen|9\n|tier|[Gen 9] National Dex\n|rated|\n|rule|HP Percentage Mod: HP is shown in percentages\n|rule|Endless Battle Clause: Forcing endless battles is banned\n|rule|OHKO Clause: OHKO moves are banned\n|rule|Evasion Clause: Evasion abilities, items, and moves are banned\n|rule|Evasion Abilities Clause: Evasion abilities are banned\n|rule|Evasion Items Clause: Evasion items are banned\n|rule|Evasion Moves Clause: Evasion moves are banned\n|rule|Species Clause: Limit one of each Pok\u00e9mon\n|rule|Sleep Clause Mod: Limit one foe put to sleep\n|clearpoke\n|poke|p1|Kleavor, F|\n|poke|p1|Arcanine-Hisui, M|\n|poke|p1|Lycanroc-Dusk, M|\n|poke|p1|Glimmora, F|\n|poke|p1|Coalossal, F|\n|poke|p1|Nosepass, F|\n|poke|p2|Audino, F|\n|poke|p2|Whimsicott, F|\n|poke|p2|Rapidash-Galar, M|\n|poke|p2|Pyroar, M|\n|poke|p2|Togekiss, F|\n|poke|p2|Noivern, M|\n|teampreview\n|inactive|Battle timer is ON: inactive players will automatically lose when time's up. (requested by Zera & Lucy)\n|\n|t:|1700020215\n|start\n|switch|p1a: Kleavor|Kleavor, F|100\/100\n|switch|p2a: Blue cheese|Whimsicott, F, shiny|100\/100\n|turn|1\n|\n|t:|1700020224\n|move|p1a: Kleavor|Stone Axe|p2a: Blue cheese\n|-damage|p2a: Blue cheese|9\/100\n|-sidestart|p2: Gherboismyname|move: Stealth Rock\n|move|p2a: Blue cheese|Energy Ball|p1a: Kleavor\n|-damage|p1a: Kleavor|15\/100\n|\n|upkeep\n|turn|2\n|\n|t:|1700020234\n|switch|p1a: Coalossal|Coalossal, F|100\/100\n|move|p2a: Blue cheese|Energy Ball|p1a: Coalossal\n|-damage|p1a: Coalossal|59\/100\n|-unboost|p1a: Coalossal|spd|1\n|\n|upkeep\n|turn|3\n|\n|t:|1700020243\n|move|p2a: Blue cheese|Energy Ball|p1a: Coalossal\n|-damage|p1a: Coalossal|0 fnt\n|faint|p1a: Coalossal\n|\n|upkeep\n|\n|t:|1700020252\n|switch|p1a: Lycanroc|Lycanroc-Dusk, M|100\/100\n|turn|4\n|\n|t:|1700020255\n|move|p1a: Lycanroc|Accelerock|p2a: Blue cheese\n|-damage|p2a: Blue cheese|0 fnt\n|faint|p2a: Blue cheese\n|\n|upkeep\n|\n|t:|1700020262\n|switch|p2a: Blue bell|Audino, F, shiny|100\/100\n|-damage|p2a: Blue bell|88\/100|[from] Stealth Rock\n|turn|5\n|\n|t:|1700020269\n|switch|p1a: Kleavor|Kleavor, F|15\/100\n|move|p2a: Blue bell|Surf|p1a: Kleavor\n|-supereffective|p1a: Kleavor\n|-damage|p1a: Kleavor|0 fnt\n|faint|p1a: Kleavor\n|\n|upkeep\n|\n|t:|1700020274\n|switch|p1a: Glimmora|Glimmora, F|100\/100\n|turn|6\n|\n|t:|1700020283\n|detailschange|p2a: Blue bell|Audino-Mega, F, shiny\n|-mega|p2a: Blue bell|Audino|Audinite\n|move|p1a: Glimmora|Toxic Spikes|p2a: Blue bell\n|-sidestart|p2: Gherboismyname|move: Toxic Spikes\n|move|p2a: Blue bell|Surf|p1a: Glimmora\n|-supereffective|p1a: Glimmora\n|-damage|p1a: Glimmora|39\/100\n|\n|upkeep\n|turn|7\n|\n|t:|1700020291\n|move|p1a: Glimmora|Toxic Spikes|p2a: Blue bell\n|-sidestart|p2: Gherboismyname|move: Toxic Spikes\n|move|p2a: Blue bell|Surf|p1a: Glimmora\n|-supereffective|p1a: Glimmora\n|-damage|p1a: Glimmora|0 fnt\n|faint|p1a: Glimmora\n|\n|upkeep\n|\n|t:|1700020305\n|switch|p1a: Arcanine|Arcanine-Hisui, M|100\/100\n|turn|8\n|\n|t:|1700020310\n|-terastallize|p1a: Arcanine|Fire\n|move|p1a: Arcanine|Flare Blitz|p2a: Blue bell\n|-damage|p2a: Blue bell|3\/100\n|move|p2a: Blue bell|Surf|p1a: Arcanine\n|-supereffective|p1a: Arcanine\n|-damage|p1a: Arcanine|38\/100\n|\n|upkeep\n|turn|9\n|\n|t:|1700020321\n|switch|p2a: Middleton|Noivern, M, shiny|100\/100\n|-damage|p2a: Middleton|76\/100|[from] Stealth Rock\n|move|p1a: Arcanine|Flare Blitz|p2a: Middleton\n|-resisted|p2a: Middleton\n|-damage|p2a: Middleton|2\/100\n|\n|upkeep\n|turn|10\n|\n|t:|1700020334\n|switch|p1a: Nosepass|Nosepass, F|100\/100\n|move|p2a: Middleton|Boomburst|p1a: Nosepass\n|-resisted|p1a: Nosepass\n|-damage|p1a: Nosepass|86\/100\n|-enditem|p2a: Middleton|Throat Spray\n|-boost|p2a: Middleton|spa|1|[from] item: Throat Spray\n|\n|upkeep\n|turn|11\n|\n|t:|1700020342\n|move|p2a: Middleton|Draco Meteor|p1a: Nosepass\n|-damage|p1a: Nosepass|23\/100\n|-unboost|p2a: Middleton|spa|2\n|move|p1a: Nosepass|Body Press|p2a: Middleton\n|-resisted|p2a: Middleton\n|-damage|p2a: Middleton|0 fnt\n|faint|p2a: Middleton\n|\n|upkeep\n|\n|t:|1700020353\n|switch|p2a: Pyroar|Pyroar, M|100\/100\n|-ability|p2a: Pyroar|Unnerve\n|-damage|p2a: Pyroar|76\/100|[from] Stealth Rock\n|-status|p2a: Pyroar|tox\n|turn|12\n|\n|t:|1700020378\n|move|p2a: Pyroar|Hyper Voice|p1a: Nosepass\n|-resisted|p1a: Nosepass\n|-damage|p1a: Nosepass|8\/100\n|move|p1a: Nosepass|Thunder Wave||[still]\n|-fail|p1a: Nosepass\n|\n|-damage|p2a: Pyroar|70\/100 tox|[from] psn\n|upkeep\n|turn|13\n|\n|t:|1700020389\n|move|p2a: Pyroar|Hyper Voice|p1a: Nosepass\n|-resisted|p1a: Nosepass\n|-damage|p1a: Nosepass|0 fnt\n|faint|p1a: Nosepass\n|\n|-damage|p2a: Pyroar|57\/100 tox|[from] psn\n|upkeep\n|\n|t:|1700020393\n|switch|p1a: Lycanroc|Lycanroc-Dusk, M|100\/100\n|turn|14\n|\n|t:|1700020399\n|move|p1a: Lycanroc|Accelerock|p2a: Pyroar\n|-supereffective|p2a: Pyroar\n|-damage|p2a: Pyroar|0 fnt\n|faint|p2a: Pyroar\n|\n|upkeep\n|\n|t:|1700020404\n|switch|p2a: Kissiepoo|Togekiss, F, shiny|100\/100\n|-damage|p2a: Kissiepoo|76\/100|[from] Stealth Rock\n|turn|15\n|\n|t:|1700020413\n|-terastallize|p2a: Kissiepoo|Steel\n|move|p1a: Lycanroc|Accelerock|p2a: Kissiepoo\n|-resisted|p2a: Kissiepoo\n|-damage|p2a: Kissiepoo|64\/100\n|move|p2a: Kissiepoo|Air Slash|p1a: Lycanroc\n|-resisted|p1a: Lycanroc\n|-damage|p1a: Lycanroc|75\/100\n|\n|upkeep\n|turn|16\n|\n|t:|1700020423\n|move|p1a: Lycanroc|Brick Break|p2a: Kissiepoo\n|-supereffective|p2a: Kissiepoo\n|-damage|p2a: Kissiepoo|9\/100\n|-enditem|p2a: Kissiepoo|Sitrus Berry|[eat]\n|-heal|p2a: Kissiepoo|33\/100|[from] item: Sitrus Berry\n|move|p2a: Kissiepoo|Air Slash|p1a: Lycanroc\n|-resisted|p1a: Lycanroc\n|-damage|p1a: Lycanroc|48\/100\n|\n|upkeep\n|turn|17\n|\n|t:|1700020431\n|move|p1a: Lycanroc|Brick Break|p2a: Kissiepoo\n|-supereffective|p2a: Kissiepoo\n|-damage|p2a: Kissiepoo|0 fnt\n|faint|p2a: Kissiepoo\n|\n|upkeep\n|\n|t:|1700020437\n|switch|p2a: Sirgalvin|Rapidash-Galar, M, shiny|100\/100\n|-damage|p2a: Sirgalvin|88\/100|[from] Stealth Rock\n|turn|18\n|\n|t:|1700020442\n|move|p1a: Lycanroc|Accelerock|p2a: Sirgalvin\n|-damage|p2a: Sirgalvin|50\/100\n|-enditem|p2a: Sirgalvin|Kee Berry|[eat]\n|-boost|p2a: Sirgalvin|def|1|[from] item: Kee Berry\n|move|p2a: Sirgalvin|Dazzling Gleam|p1a: Lycanroc\n|-damage|p1a: Lycanroc|12\/100\n|\n|upkeep\n|turn|19\n|\n|t:|1700020450\n|move|p1a: Lycanroc|Accelerock|p2a: Sirgalvin\n|-damage|p2a: Sirgalvin|29\/100\n|move|p2a: Sirgalvin|Morning Sun|p2a: Sirgalvin\n|-heal|p2a: Sirgalvin|79\/100\n|\n|upkeep\n|turn|20\n|\n|t:|1700020457\n|move|p1a: Lycanroc|Accelerock|p2a: Sirgalvin\n|-damage|p2a: Sirgalvin|57\/100\n|move|p2a: Sirgalvin|Dazzling Gleam|p1a: Lycanroc\n|-damage|p1a: Lycanroc|0 fnt\n|faint|p1a: Lycanroc\n|\n|upkeep\n|\n|t:|1700020459\n|switch|p1a: Arcanine|Arcanine-Hisui, M, tera:Fire|38\/100\n|turn|21\n|\n|t:|1700020469\n|move|p2a: Sirgalvin|Morning Sun|p2a: Sirgalvin\n|-heal|p2a: Sirgalvin|100\/100\n|move|p1a: Arcanine|Flare Blitz|p2a: Sirgalvin\n|-damage|p2a: Sirgalvin|0 fnt\n|faint|p2a: Sirgalvin\n|\n|upkeep\n|\n|t:|1700020477\n|switch|p2a: Blue bell|Audino-Mega, F, shiny|3\/100\n|-damage|p2a: Blue bell|0 fnt|[from] Stealth Rock\n|faint|p2a: Blue bell\n|\n|win|Zera & Lucy\n|raw|Zera &amp; Lucy's rating: 1096 &rarr; <strong>1118<\/strong><br \/>(+22 for winning)\n|raw|Gherboismyname's rating: 1042 &rarr; <strong>1028<\/strong><br \/>(-14 for losing)\n|l|\u2606Zera & Lucy\n|l|\u2606Gherboismyname\n|j|\u2606Zera & Lucy\n|player|p1|Zera & Lucy|cynthia\n","uploadtime":1700020486,"views":5,"p1id":"zeralucy","p2id":"gherboismyname","formatid":"gen9nationaldex","rating":1028,"private":0,"password":""}