{"id":"gen9nationaldex-1991857064","p1":"as cheu","p2":"Creator Cyrus","format":"[Gen 9] National Dex","log":"|j|\u2606as cheu\n|j|\u2606Creator Cyrus\n|t:|1700129315\n|gametype|singles\n|player|p1|as cheu|1|1559\n|player|p2|Creator Cyrus|cyrus|1658\n|teamsize|p1|6\n|teamsize|p2|6\n|gen|9\n|tier|[Gen 9] National Dex\n|rated|\n|rule|HP Percentage Mod: HP is shown in percentages\n|rule|Endless Battle Clause: Forcing endless battles is banned\n|rule|OHKO Clause: OHKO moves are banned\n|rule|Evasion Clause: Evasion abilities, items, and moves are banned\n|rule|Evasion Abilities Clause: Evasion abilities are banned\n|rule|Evasion Items Clause: Evasion items are banned\n|rule|Evasion Moves Clause: Evasion moves are banned\n|rule|Species Clause: Limit one of each Pok\u00e9mon\n|rule|Sleep Clause Mod: Limit one foe put to sleep\n|clearpoke\n|poke|p1|Steelix, M|\n|poke|p1|Hatterene, F|\n|poke|p1|Greninja-*, M|\n|poke|p1|Medicham, F|\n|poke|p1|Marowak-Alola, M|\n|poke|p1|Salamence, M|\n|poke|p2|Tornadus-Therian, M|\n|poke|p2|Lopunny, F|\n|poke|p2|Ferrothorn, F|\n|poke|p2|Slowking-Galar, F|\n|poke|p2|Garchomp, M|\n|poke|p2|Tapu Koko|\n|teampreview\n|inactive|Battle timer is ON: inactive players will automatically lose when time's up. (requested by as cheu)\n|\n|t:|1700129342\n|start\n|switch|p1a: Steelix|Steelix, M|100\/100\n|switch|p2a: Tornadus|Tornadus-Therian, M|100\/100\n|turn|1\n|\n|t:|1700129353\n|switch|p1a: Salamence|Salamence, M|100\/100\n|-ability|p1a: Salamence|Intimidate|boost\n|-unboost|p2a: Tornadus|atk|1\n|move|p2a: Tornadus|Heat Wave|p1a: Salamence\n|-resisted|p1a: Salamence\n|-damage|p1a: Salamence|87\/100\n|\n|upkeep\n|turn|2\n|\n|t:|1700129371\n|move|p2a: Tornadus|Hurricane|p1a: Salamence|[miss]\n|-miss|p2a: Tornadus|p1a: Salamence\n|move|p1a: Salamence|Earthquake|p2a: Tornadus\n|-immune|p2a: Tornadus\n|\n|upkeep\n|turn|3\n|\n|t:|1700129379\n|move|p2a: Tornadus|Hurricane|p1a: Salamence\n|-damage|p1a: Salamence|46\/100\n|move|p1a: Salamence|Draco Meteor|p2a: Tornadus\n|-damage|p2a: Tornadus|36\/100\n|-unboost|p1a: Salamence|spa|2\n|\n|upkeep\n|turn|4\n|\n|t:|1700129387\n|move|p2a: Tornadus|U-turn|p1a: Salamence\n|-resisted|p1a: Salamence\n|-damage|p1a: Salamence|40\/100\n|\n|t:|1700129398\n|switch|p2a: Ferrothorn|Ferrothorn, F|100\/100|[from] U-turn\n|move|p1a: Salamence|Roost|p1a: Salamence\n|-heal|p1a: Salamence|90\/100\n|-singleturn|p1a: Salamence|move: Roost\n|\n|upkeep\n|turn|5\n|\n|t:|1700129423\n|switch|p1a: Hatterene|Hatterene, F|100\/100\n|move|p2a: Ferrothorn|Gyro Ball|p1a: Hatterene\n|-supereffective|p1a: Hatterene\n|-damage|p1a: Hatterene|74\/100\n|\n|upkeep\n|turn|6\n|\n|t:|1700129438\n|switch|p2a: Slowking|Slowking-Galar, F|100\/100\n|move|p1a: Hatterene|Nuzzle|p2a: Slowking\n|-damage|p2a: Slowking|96\/100\n|-status|p2a: Slowking|par\n|\n|-heal|p2a: Slowking|100\/100 par|[from] item: Black Sludge\n|upkeep\n|turn|7\n|\n|t:|1700129450\n|switch|p1a: Marowak|Marowak-Alola, M|100\/100\n|cant|p2a: Slowking|par\n|\n|upkeep\n|turn|8\n|\n|t:|1700129463\n|move|p1a: Marowak|Poltergeist|p2a: Slowking\n|-activate|p2a: Slowking|move: Poltergeist|Black Sludge\n|-supereffective|p2a: Slowking\n|-damage|p2a: Slowking|0 fnt\n|faint|p2a: Slowking\n|\n|upkeep\n|\n|t:|1700129471\n|switch|p2a: Garchomp|Garchomp, M|100\/100\n|turn|9\n|\n|t:|1700129484\n|switch|p1a: Salamence|Salamence, M|90\/100\n|-ability|p1a: Salamence|Intimidate|boost\n|-unboost|p2a: Garchomp|atk|1\n|-zpower|p2a: Garchomp\n|move|p2a: Garchomp|Devastating Drake|p1a: Salamence|[zeffect]\n|-supereffective|p1a: Salamence\n|-damage|p1a: Salamence|0 fnt\n|faint|p1a: Salamence\n|\n|upkeep\n|\n|t:|1700129495\n|switch|p1a: Hatterene|Hatterene, F|74\/100\n|turn|10\n|\n|t:|1700129514\n|switch|p2a: Tapu Koko|Tapu Koko|100\/100\n|-fieldstart|move: Electric Terrain|[from] ability: Electric Surge|[of] p2a: Tapu Koko\n|move|p1a: Hatterene|Mystical Fire|p2a: Tapu Koko\n|-damage|p2a: Tapu Koko|65\/100\n|-unboost|p2a: Tapu Koko|spa|1\n|\n|upkeep\n|turn|11\n|\n|t:|1700129527\n|switch|p2a: Tornadus|Tornadus-Therian, M|69\/100\n|switch|p1a: Steelix|Steelix, M|100\/100\n|\n|upkeep\n|turn|12\n|\n|t:|1700129538\n|move|p2a: Tornadus|U-turn|p1a: Steelix\n|-resisted|p1a: Steelix\n|-damage|p1a: Steelix|97\/100\n|-damage|p2a: Tornadus|52\/100|[from] item: Rocky Helmet|[of] p1a: Steelix\n|\n|t:|1700129546\n|switch|p2a: Garchomp|Garchomp, M|100\/100|[from] U-turn\n|move|p1a: Steelix|Stealth Rock|p2a: Garchomp\n|-sidestart|p2: Creator Cyrus|move: Stealth Rock\n|\n|upkeep\n|turn|13\n|\n|t:|1700129557\n|move|p2a: Garchomp|Swords Dance|p2a: Garchomp\n|-boost|p2a: Garchomp|atk|2\n|move|p1a: Steelix|Roar|p2a: Garchomp\n|drag|p2a: Tornadus|Tornadus-Therian, M|86\/100\n|\n|upkeep\n|turn|14\n|\n|t:|1700129564\n|switch|p1a: Hatterene|Hatterene, F|74\/100\n|move|p2a: Tornadus|Defog|p1a: Hatterene\n|move|p1a: Hatterene|Defog|p2a: Tornadus|[from]ability: Magic Bounce\n|-unboost|p2a: Tornadus|evasion|1\n|-sideend|p2: Creator Cyrus|Stealth Rock|[from] move: Defog|[of] p1a: Hatterene\n|-fieldend|move: Electric Terrain\n|\n|upkeep\n|turn|15\n|\n|t:|1700129578\n|move|p2a: Tornadus|U-turn|p1a: Hatterene\n|-damage|p1a: Hatterene|62\/100\n|\n|t:|1700129581\n|switch|p2a: Garchomp|Garchomp, M|100\/100|[from] U-turn\n|move|p1a: Hatterene|Draining Kiss|p2a: Garchomp\n|-supereffective|p2a: Garchomp\n|-damage|p2a: Garchomp|50\/100\n|-heal|p1a: Hatterene|100\/100|[from] drain|[of] p2a: Garchomp\n|-damage|p1a: Hatterene|88\/100|[from] ability: Rough Skin|[of] p2a: Garchomp\n|\n|upkeep\n|turn|16\n|\n|t:|1700129601\n|switch|p2a: Tornadus|Tornadus-Therian, M|100\/100\n|move|p1a: Hatterene|Draining Kiss|p2a: Tornadus\n|-damage|p2a: Tornadus|77\/100\n|-heal|p1a: Hatterene|100\/100|[from] drain|[of] p2a: Tornadus\n|\n|upkeep\n|turn|17\n|\n|t:|1700129613\n|move|p2a: Tornadus|U-turn|p1a: Hatterene\n|-damage|p1a: Hatterene|88\/100\n|\n|t:|1700129626\n|switch|p2a: Ferrothorn|Ferrothorn, F|100\/100|[from] U-turn\n|move|p1a: Hatterene|Nuzzle|p2a: Ferrothorn\n|-resisted|p2a: Ferrothorn\n|-damage|p2a: Ferrothorn|99\/100\n|-status|p2a: Ferrothorn|par\n|-damage|p1a: Hatterene|76\/100|[from] ability: Iron Barbs|[of] p2a: Ferrothorn\n|\n|-heal|p2a: Ferrothorn|100\/100 par|[from] item: Leftovers\n|upkeep\n|turn|18\n|\n|t:|1700129639\n|cant|p2a: Ferrothorn|par\n|move|p1a: Hatterene|Mystical Fire|p2a: Ferrothorn\n|-supereffective|p2a: Ferrothorn\n|-damage|p2a: Ferrothorn|20\/100 par\n|-unboost|p2a: Ferrothorn|spa|1\n|\n|-heal|p2a: Ferrothorn|26\/100 par|[from] item: Leftovers\n|upkeep\n|turn|19\n|\n|t:|1700129647\n|move|p2a: Ferrothorn|Protect|p2a: Ferrothorn\n|-singleturn|p2a: Ferrothorn|Protect\n|move|p1a: Hatterene|Mystical Fire|p2a: Ferrothorn\n|-activate|p2a: Ferrothorn|move: Protect\n|\n|-heal|p2a: Ferrothorn|32\/100 par|[from] item: Leftovers\n|upkeep\n|turn|20\n|\n|t:|1700129660\n|switch|p2a: Tornadus|Tornadus-Therian, M|100\/100\n|move|p1a: Hatterene|Mystical Fire|p2a: Tornadus\n|-damage|p2a: Tornadus|77\/100\n|-unboost|p2a: Tornadus|spa|1\n|\n|upkeep\n|turn|21\n|\n|t:|1700129667\n|move|p2a: Tornadus|U-turn|p1a: Hatterene\n|-damage|p1a: Hatterene|63\/100\n|\n|t:|1700129680\n|switch|p2a: \u6211\u4e0d\u662ffurry\u63a7|Lopunny, F|100\/100|[from] U-turn\n|move|p1a: Hatterene|Nuzzle|p2a: \u6211\u4e0d\u662ffurry\u63a7\n|-damage|p2a: \u6211\u4e0d\u662ffurry\u63a7|95\/100\n|\n|upkeep\n|turn|22\n|inactive|Creator Cyrus has 120 seconds left.\n|\n|t:|1700129701\n|switch|p1a: Steelix|Steelix, M|97\/100\n|detailschange|p2a: \u6211\u4e0d\u662ffurry\u63a7|Lopunny-Mega, F\n|-mega|p2a: \u6211\u4e0d\u662ffurry\u63a7|Lopunny|Lopunnite\n|move|p2a: \u6211\u4e0d\u662ffurry\u63a7|Fake Out|p1a: Steelix\n|-resisted|p1a: Steelix\n|-damage|p1a: Steelix|91\/100\n|-damage|p2a: \u6211\u4e0d\u662ffurry\u63a7|78\/100|[from] item: Rocky Helmet|[of] p1a: Steelix\n|\n|upkeep\n|turn|23\n|inactive|Creator Cyrus has 120 seconds left.\n|\n|t:|1700129721\n|switch|p2a: Ferrothorn|Ferrothorn, F|32\/100 par\n|move|p1a: Steelix|Earthquake|p2a: Ferrothorn\n|-damage|p2a: Ferrothorn|14\/100 par\n|\n|-heal|p2a: Ferrothorn|20\/100 par|[from] item: Leftovers\n|upkeep\n|turn|24\n|inactive|Creator Cyrus has 120 seconds left.\n|\n|t:|1700129734\n|switch|p1a: Hatterene|Hatterene, F|63\/100\n|move|p2a: Ferrothorn|Protect||[still]\n|-fail|p2a: Ferrothorn\n|\n|-heal|p2a: Ferrothorn|26\/100 par|[from] item: Leftovers\n|upkeep\n|turn|25\n|inactive|Creator Cyrus has 120 seconds left.\n|\n|t:|1700129741\n|move|p2a: Ferrothorn|Protect|p2a: Ferrothorn\n|-singleturn|p2a: Ferrothorn|Protect\n|move|p1a: Hatterene|Draining Kiss|p2a: Ferrothorn\n|-activate|p2a: Ferrothorn|move: Protect\n|\n|-heal|p2a: Ferrothorn|32\/100 par|[from] item: Leftovers\n|upkeep\n|turn|26\n|\n|t:|1700129750\n|switch|p2a: Tornadus|Tornadus-Therian, M|100\/100\n|move|p1a: Hatterene|Nuzzle|p2a: Tornadus\n|-supereffective|p2a: Tornadus\n|-damage|p2a: Tornadus|93\/100\n|-status|p2a: Tornadus|par\n|\n|upkeep\n|turn|27\n|-message|Creator Cyrus forfeited.\n|\n|win|as cheu\n|raw|as cheu's rating: 1559 &rarr; <strong>1585<\/strong><br \/>(+26 for winning)\n|raw|Creator Cyrus's rating: 1658 &rarr; <strong>1632<\/strong><br \/>(-26 for losing)\n|l|\u2606Creator Cyrus\n","uploadtime":1700129763,"views":5,"p1id":"ascheu","p2id":"creatorcyrus","formatid":"gen9nationaldex","rating":1585,"private":0,"password":""}