{"id":"gen9nationaldex-1987978874","p1":"Hyperionnn","p2":"OG Regulator","format":"[Gen 9] National Dex","log":"|j|\u2606Hyperionnn\n|j|\u2606OG Regulator\n|t:|1699655350\n|gametype|singles\n|player|p1|Hyperionnn|crasherwake|1203\n|player|p2|OG Regulator|170|1214\n|teamsize|p1|6\n|teamsize|p2|6\n|gen|9\n|tier|[Gen 9] National Dex\n|rated|\n|rule|HP Percentage Mod: HP is shown in percentages\n|rule|Endless Battle Clause: Forcing endless battles is banned\n|rule|OHKO Clause: OHKO moves are banned\n|rule|Evasion Clause: Evasion abilities, items, and moves are banned\n|rule|Evasion Abilities Clause: Evasion abilities are banned\n|rule|Evasion Items Clause: Evasion items are banned\n|rule|Evasion Moves Clause: Evasion moves are banned\n|rule|Species Clause: Limit one of each Pok\u00e9mon\n|rule|Sleep Clause Mod: Limit one foe put to sleep\n|clearpoke\n|poke|p1|Sableye, M|\n|poke|p1|Blastoise, M|\n|poke|p1|Galvantula, F|\n|poke|p1|Mamoswine, M|\n|poke|p1|Gliscor, M|\n|poke|p1|Whimsicott, F|\n|poke|p2|Entei|\n|poke|p2|Mantine, M|\n|poke|p2|Celebi|\n|poke|p2|Tyranitar, M|\n|poke|p2|Gliscor, M|\n|poke|p2|Forretress, M|\n|teampreview\n|\n|t:|1699655378\n|start\n|switch|p1a: Taco Bell|Sableye, M|100\/100\n|switch|p2a: Gliscor|Gliscor, M|100\/100\n|turn|1\n|\n|t:|1699655388\n|detailschange|p1a: Taco Bell|Sableye-Mega, M\n|-mega|p1a: Taco Bell|Sableye|Sablenite\n|move|p2a: Gliscor|U-turn|p1a: Taco Bell\n|-damage|p1a: Taco Bell|86\/100\n|\n|t:|1699655400\n|switch|p2a: Forretress|Forretress, M|100\/100|[from] U-turn\n|move|p1a: Taco Bell|Will-O-Wisp|p2a: Forretress\n|-status|p2a: Forretress|brn\n|\n|-damage|p2a: Forretress|94\/100 brn|[from] brn\n|upkeep\n|turn|2\n|\n|t:|1699655410\n|move|p1a: Taco Bell|Knock Off|p2a: Forretress\n|-damage|p2a: Forretress|78\/100 brn\n|-damage|p1a: Taco Bell|69\/100|[from] item: Rocky Helmet|[of] p2a: Forretress\n|-enditem|p2a: Forretress|Rocky Helmet|[from] move: Knock Off|[of] p1a: Taco Bell\n|move|p2a: Forretress|Volt Switch|p1a: Taco Bell\n|-damage|p1a: Taco Bell|62\/100\n|\n|t:|1699655417\n|switch|p2a: Celebi|Celebi|100\/100|[from] Volt Switch\n|\n|upkeep\n|turn|3\n|\n|t:|1699655425\n|move|p2a: Celebi|Leaf Storm|p1a: Taco Bell\n|-damage|p1a: Taco Bell|0 fnt\n|-unboost|p2a: Celebi|spa|2\n|faint|p1a: Taco Bell\n|\n|upkeep\n|\n|t:|1699655434\n|switch|p1a: Waffle House|Galvantula, F, shiny|100\/100\n|-ability|p1a: Waffle House|Unnerve\n|turn|4\n|\n|t:|1699655446\n|switch|p2a: Gliscor|Gliscor, M|100\/100\n|move|p1a: Waffle House|Sticky Web|p2a: Gliscor\n|-sidestart|p2: OG Regulator|move: Sticky Web\n|\n|-status|p2a: Gliscor|tox|[from] item: Toxic Orb\n|upkeep\n|turn|5\n|\n|t:|1699655456\n|move|p1a: Waffle House|Infestation|p2a: Gliscor\n|-resisted|p2a: Gliscor\n|-damage|p2a: Gliscor|95\/100 tox\n|-activate|p2a: Gliscor|move: Infestation|[of] p1a: Waffle House\n|move|p2a: Gliscor|Earthquake|p1a: Waffle House\n|-damage|p1a: Waffle House|38\/100\n|\n|-heal|p2a: Gliscor|100\/100 tox|[from] ability: Poison Heal\n|-damage|p2a: Gliscor|88\/100 tox|[from] move: Infestation|[partiallytrapped]\n|upkeep\n|turn|6\n|\n|t:|1699655466\n|move|p1a: Waffle House|Bug Buzz|p2a: Gliscor\n|-resisted|p2a: Gliscor\n|-damage|p2a: Gliscor|64\/100 tox\n|move|p2a: Gliscor|U-turn|p1a: Waffle House\n|-damage|p1a: Waffle House|7\/100\n|\n|t:|1699655479\n|switch|p2a: Entei|Entei|100\/100|[from] U-turn\n|\n|upkeep\n|turn|7\n|\n|t:|1699655484\n|move|p2a: Entei|Extreme Speed|p1a: Waffle House\n|-damage|p1a: Waffle House|0 fnt\n|faint|p1a: Waffle House\n|\n|upkeep\n|\n|t:|1699655489\n|switch|p1a: Culvers|Blastoise, M|100\/100\n|turn|8\n|\n|t:|1699655509\n|switch|p2a: Mantine|Mantine, M|100\/100\n|move|p1a: Culvers|Shell Smash|p1a: Culvers\n|-unboost|p1a: Culvers|def|1\n|-unboost|p1a: Culvers|spd|1\n|-boost|p1a: Culvers|atk|2\n|-boost|p1a: Culvers|spa|2\n|-boost|p1a: Culvers|spe|2\n|-enditem|p1a: Culvers|White Herb\n|-clearnegativeboost|p1a: Culvers|[silent]\n|\n|upkeep\n|turn|9\n|\n|t:|1699655527\n|-terastallize|p1a: Culvers|Steel\n|move|p1a: Culvers|Ice Beam|p2a: Mantine\n|-damage|p2a: Mantine|73\/100\n|move|p2a: Mantine|Haze|p2a: Mantine\n|-clearallboost\n|\n|-heal|p2a: Mantine|79\/100|[from] item: Leftovers\n|upkeep\n|turn|10\n|\n|t:|1699655541\n|switch|p1a: Starbucks|Whimsicott, F|100\/100\n|move|p2a: Mantine|Scald|p1a: Starbucks\n|-resisted|p1a: Starbucks\n|-damage|p1a: Starbucks|82\/100\n|-status|p1a: Starbucks|brn\n|\n|-heal|p2a: Mantine|85\/100|[from] item: Leftovers\n|-damage|p1a: Starbucks|76\/100 brn|[from] brn\n|upkeep\n|turn|11\n|\n|t:|1699655551\n|move|p1a: Starbucks|Leech Seed|p2a: Mantine\n|-start|p2a: Mantine|move: Leech Seed\n|move|p2a: Mantine|Ice Beam|p1a: Starbucks\n|-supereffective|p1a: Starbucks\n|-damage|p1a: Starbucks|22\/100 brn\n|\n|-heal|p2a: Mantine|91\/100|[from] item: Leftovers\n|-damage|p2a: Mantine|79\/100|[from] Leech Seed|[of] p1a: Starbucks\n|-heal|p1a: Starbucks|39\/100 brn|[silent]\n|-damage|p1a: Starbucks|33\/100 brn|[from] brn\n|upkeep\n|turn|12\n|\n|t:|1699655561\n|move|p1a: Starbucks|Giga Drain|p2a: Mantine\n|-damage|p2a: Mantine|65\/100\n|-heal|p1a: Starbucks|43\/100 brn|[from] drain|[of] p2a: Mantine\n|move|p2a: Mantine|Ice Beam|p1a: Starbucks\n|-supereffective|p1a: Starbucks\n|-damage|p1a: Starbucks|0 fnt\n|faint|p1a: Starbucks\n|\n|-heal|p2a: Mantine|71\/100|[from] item: Leftovers\n|upkeep\n|\n|t:|1699655572\n|switch|p1a: Arby's|Mamoswine, M|100\/100\n|turn|13\n|\n|t:|1699655588\n|switch|p2a: Forretress|Forretress, M|78\/100 brn\n|-activate|p2a: Forretress|move: Sticky Web\n|-unboost|p2a: Forretress|spe|1\n|move|p1a: Arby's|Icicle Crash|p2a: Forretress\n|-resisted|p2a: Forretress\n|-damage|p2a: Forretress|67\/100 brn\n|\n|-damage|p2a: Forretress|60\/100 brn|[from] brn\n|upkeep\n|turn|14\n|\n|t:|1699655598\n|switch|p1a: Culvers|Blastoise, M, tera:Steel|100\/100\n|move|p2a: Forretress|Rapid Spin|p1a: Culvers\n|-resisted|p1a: Culvers\n|-damage|p1a: Culvers|97\/100\n|-boost|p2a: Forretress|spe|1\n|-sideend|p2: OG Regulator|Sticky Web|[from] move: Rapid Spin|[of] p2a: Forretress\n|\n|-damage|p2a: Forretress|54\/100 brn|[from] brn\n|upkeep\n|turn|15\n|\n|t:|1699655607\n|move|p1a: Culvers|Surf|p2a: Forretress\n|-damage|p2a: Forretress|0 fnt\n|faint|p2a: Forretress\n|\n|upkeep\n|\n|t:|1699655614\n|switch|p2a: Celebi|Celebi|100\/100\n|turn|16\n|\n|t:|1699655619\n|move|p2a: Celebi|Leaf Storm|p1a: Culvers\n|-resisted|p1a: Culvers\n|-damage|p1a: Culvers|54\/100\n|-unboost|p2a: Celebi|spa|2\n|move|p1a: Culvers|Shell Smash|p1a: Culvers\n|-unboost|p1a: Culvers|def|1\n|-unboost|p1a: Culvers|spd|1\n|-boost|p1a: Culvers|atk|2\n|-boost|p1a: Culvers|spa|2\n|-boost|p1a: Culvers|spe|2\n|\n|upkeep\n|turn|17\n|\n|t:|1699655642\n|switch|p2a: Mantine|Mantine, M|71\/100\n|move|p1a: Culvers|Ice Beam|p2a: Mantine\n|-crit|p2a: Mantine\n|-damage|p2a: Mantine|33\/100\n|\n|-heal|p2a: Mantine|39\/100|[from] item: Leftovers\n|upkeep\n|turn|18\n|\n|t:|1699655665\n|move|p1a: Culvers|Ice Beam|p2a: Mantine\n|-damage|p2a: Mantine|14\/100\n|move|p2a: Mantine|Roost|p2a: Mantine\n|-heal|p2a: Mantine|64\/100\n|-singleturn|p2a: Mantine|move: Roost\n|\n|-heal|p2a: Mantine|70\/100|[from] item: Leftovers\n|upkeep\n|turn|19\n|c|\u2606OG Regulator|I forgot, I\u2019m a tard\n|\n|t:|1699655694\n|move|p1a: Culvers|Ice Beam|p2a: Mantine\n|-damage|p2a: Mantine|44\/100\n|move|p2a: Mantine|Haze|p2a: Mantine\n|-clearallboost\n|\n|-heal|p2a: Mantine|50\/100|[from] item: Leftovers\n|upkeep\n|turn|20\n|\n|t:|1699655705\n|move|p1a: Culvers|Ice Beam|p2a: Mantine\n|-crit|p2a: Mantine\n|-damage|p2a: Mantine|30\/100\n|move|p2a: Mantine|Roost|p2a: Mantine\n|-heal|p2a: Mantine|80\/100\n|-singleturn|p2a: Mantine|move: Roost\n|\n|-heal|p2a: Mantine|86\/100|[from] item: Leftovers\n|upkeep\n|turn|21\n|\n|t:|1699655714\n|move|p1a: Culvers|Ice Beam|p2a: Mantine\n|-damage|p2a: Mantine|73\/100\n|move|p2a: Mantine|Scald|p1a: Culvers\n|-damage|p1a: Culvers|28\/100\n|\n|-heal|p2a: Mantine|79\/100|[from] item: Leftovers\n|upkeep\n|turn|22\n|\n|t:|1699655729\n|move|p1a: Culvers|Ice Beam|p2a: Mantine\n|-damage|p2a: Mantine|65\/100\n|move|p2a: Mantine|Scald|p1a: Culvers\n|-damage|p1a: Culvers|2\/100\n|\n|-heal|p2a: Mantine|71\/100|[from] item: Leftovers\n|upkeep\n|turn|23\n|\n|t:|1699655736\n|move|p1a: Culvers|Ice Beam|p2a: Mantine\n|-damage|p2a: Mantine|57\/100\n|move|p2a: Mantine|Scald|p1a: Culvers\n|-damage|p1a: Culvers|0 fnt\n|faint|p1a: Culvers\n|\n|-heal|p2a: Mantine|63\/100|[from] item: Leftovers\n|upkeep\n|\n|t:|1699655745\n|switch|p1a: Arby's|Mamoswine, M|100\/100\n|turn|24\n|\n|t:|1699655751\n|move|p1a: Arby's|Icicle Crash|p2a: Mantine\n|-damage|p2a: Mantine|11\/100\n|move|p2a: Mantine|Scald|p1a: Arby's\n|-supereffective|p1a: Arby's\n|-damage|p1a: Arby's|33\/100\n|\n|-heal|p2a: Mantine|17\/100|[from] item: Leftovers\n|upkeep\n|turn|25\n|\n|t:|1699655763\n|switch|p2a: Entei|Entei|100\/100\n|move|p1a: Arby's|Icicle Crash|p2a: Entei\n|-resisted|p2a: Entei\n|-damage|p2a: Entei|77\/100\n|\n|upkeep\n|turn|26\n|\n|t:|1699655769\n|switch|p1a: Jersey Mike's|Gliscor, M, shiny|100\/100\n|move|p2a: Entei|Sacred Fire|p1a: Jersey Mike's\n|-damage|p1a: Jersey Mike's|56\/100\n|-status|p1a: Jersey Mike's|brn\n|\n|-damage|p1a: Jersey Mike's|50\/100 brn|[from] brn\n|upkeep\n|turn|27\n|c|\u2606Hyperionnn|Lmao L\n|\n|t:|1699655788\n|switch|p2a: Gliscor|Gliscor, M|64\/100 tox\n|move|p1a: Jersey Mike's|Earthquake|p2a: Gliscor\n|-immune|p2a: Gliscor\n|\n|-heal|p2a: Gliscor|77\/100 tox|[from] ability: Poison Heal\n|-damage|p1a: Jersey Mike's|44\/100 brn|[from] brn\n|upkeep\n|turn|28\n|c|\u2606Hyperionnn|GG\n|\n|t:|1699655799\n|move|p1a: Jersey Mike's|Knock Off|p2a: Gliscor\n|-damage|p2a: Gliscor|69\/100 tox\n|-enditem|p2a: Gliscor|Toxic Orb|[from] move: Knock Off|[of] p1a: Jersey Mike's\n|move|p2a: Gliscor|Knock Off|p1a: Jersey Mike's\n|-damage|p1a: Jersey Mike's|22\/100 brn\n|-enditem|p1a: Jersey Mike's|Toxic Orb|[from] move: Knock Off|[of] p2a: Gliscor\n|\n|-heal|p2a: Gliscor|81\/100 tox|[from] ability: Poison Heal\n|-damage|p1a: Jersey Mike's|16\/100 brn|[from] brn\n|upkeep\n|turn|29\n|c|\u2606OG Regulator|Gg\n|\n|t:|1699655809\n|move|p1a: Jersey Mike's|Knock Off|p2a: Gliscor\n|-damage|p2a: Gliscor|75\/100 tox\n|move|p2a: Gliscor|U-turn|p1a: Jersey Mike's\n|-resisted|p1a: Jersey Mike's\n|-damage|p1a: Jersey Mike's|8\/100 brn\n|\n|t:|1699655815\n|switch|p2a: Entei|Entei|77\/100|[from] U-turn\n|\n|-damage|p1a: Jersey Mike's|2\/100 brn|[from] brn\n|upkeep\n|turn|30\n|\n|t:|1699655822\n|move|p2a: Entei|Extreme Speed|p1a: Jersey Mike's\n|-damage|p1a: Jersey Mike's|0 fnt\n|faint|p1a: Jersey Mike's\n|\n|upkeep\n|\n|t:|1699655826\n|switch|p1a: Arby's|Mamoswine, M|33\/100\n|turn|31\n|\n|t:|1699655836\n|move|p1a: Arby's|Stone Edge|p2a: Entei\n|-supereffective|p2a: Entei\n|-damage|p2a: Entei|4\/100\n|move|p2a: Entei|Sacred Fire|p1a: Arby's\n|-supereffective|p1a: Arby's\n|-damage|p1a: Arby's|0 fnt\n|faint|p1a: Arby's\n|\n|win|OG Regulator\n|raw|Hyperionnn's rating: 1203 &rarr; <strong>1179<\/strong><br \/>(-24 for losing)\n|raw|OG Regulator's rating: 1214 &rarr; <strong>1238<\/strong><br \/>(+24 for winning)\n|l|\u2606Hyperionnn\n|l|\u2606OG Regulator\n","uploadtime":1699656397,"views":7,"p1id":"hyperionnn","p2id":"ogregulator","formatid":"gen9nationaldex","rating":1179,"private":0,"password":""}