{"id":"gen9nationaldex-1989243192","p1":"85792195wwww","p2":"rigel509","format":"[Gen 9] National Dex","log":"|j|\u260685792195wwww\n|j|\u2606rigel509\n|t:|1699827261\n|gametype|singles\n|player|p1|85792195wwww|mira|1664\n|player|p2|rigel509|policeman|1646\n|teamsize|p1|6\n|teamsize|p2|6\n|gen|9\n|tier|[Gen 9] National Dex\n|rated|\n|rule|HP Percentage Mod: HP is shown in percentages\n|rule|Endless Battle Clause: Forcing endless battles is banned\n|rule|OHKO Clause: OHKO moves are banned\n|rule|Evasion Clause: Evasion abilities, items, and moves are banned\n|rule|Evasion Abilities Clause: Evasion abilities are banned\n|rule|Evasion Items Clause: Evasion items are banned\n|rule|Evasion Moves Clause: Evasion moves are banned\n|rule|Species Clause: Limit one of each Pok\u00e9mon\n|rule|Sleep Clause Mod: Limit one foe put to sleep\n|clearpoke\n|poke|p1|Garchomp, M|\n|poke|p1|Lopunny, F|\n|poke|p1|Tapu Lele|\n|poke|p1|Cinderace, F|\n|poke|p1|Greninja-*, M|\n|poke|p1|Ursaluna, F|\n|poke|p2|Marowak-Alola, F|\n|poke|p2|Cresselia, F|\n|poke|p2|Hatterene, F|\n|poke|p2|Porygon-Z|\n|poke|p2|Stakataka|\n|poke|p2|Mew|\n|teampreview\n|inactive|Battle timer is ON: inactive players will automatically lose when time's up. (requested by rigel509)\n|\n|t:|1699827268\n|start\n|switch|p1a: Lopunny|Lopunny, F|100\/100\n|switch|p2a: Mew|Mew|100\/100\n|turn|1\n|\n|t:|1699827276\n|detailschange|p1a: Lopunny|Lopunny-Mega, F\n|-mega|p1a: Lopunny|Lopunny|Lopunnite\n|move|p1a: Lopunny|Fake Out|p2a: Mew\n|-damage|p2a: Mew|81\/100\n|cant|p2a: Mew|flinch\n|\n|-heal|p2a: Mew|87\/100|[from] item: Leftovers\n|upkeep\n|turn|2\n|\n|t:|1699827285\n|move|p1a: Lopunny|U-turn|p2a: Mew\n|-supereffective|p2a: Mew\n|-damage|p2a: Mew|47\/100\n|\n|t:|1699827289\n|switch|p1a: Ursaluna|Ursaluna, F|100\/100|[from] U-turn\n|move|p2a: Mew|Trick Room|p2a: Mew\n|-fieldstart|move: Trick Room|[of] p2a: Mew\n|\n|-heal|p2a: Mew|53\/100|[from] item: Leftovers\n|-status|p1a: Ursaluna|brn|[from] item: Flame Orb\n|upkeep\n|turn|3\n|\n|t:|1699827303\n|move|p1a: Ursaluna|Swords Dance|p1a: Ursaluna\n|-boost|p1a: Ursaluna|atk|2\n|move|p2a: Mew|Ice Beam|p1a: Ursaluna\n|-supereffective|p1a: Ursaluna\n|-damage|p1a: Ursaluna|56\/100 brn\n|\n|-heal|p2a: Mew|59\/100|[from] item: Leftovers\n|-damage|p1a: Ursaluna|49\/100 brn|[from] brn\n|upkeep\n|turn|4\n|\n|t:|1699827314\n|move|p1a: Ursaluna|Earthquake|p2a: Mew\n|-damage|p2a: Mew|0 fnt\n|faint|p2a: Mew\n|\n|-damage|p1a: Ursaluna|43\/100 brn|[from] brn\n|upkeep\n|\n|t:|1699827322\n|switch|p2a: Stakataka|Stakataka|100\/100\n|turn|5\n|\n|t:|1699827332\n|switch|p1a: Garchomp|Garchomp, M|100\/100\n|move|p2a: Stakataka|Gyro Ball|p1a: Garchomp\n|-damage|p1a: Garchomp|0 fnt\n|-damage|p2a: Stakataka|88\/100|[from] ability: Rough Skin|[of] p1a: Garchomp\n|faint|p1a: Garchomp\n|-ability|p2a: Stakataka|Beast Boost|boost\n|-boost|p2a: Stakataka|atk|1\n|-damage|p2a: Stakataka|78\/100|[from] item: Life Orb\n|\n|upkeep\n|\n|t:|1699827345\n|switch|p1a: Lopunny|Lopunny-Mega, F|100\/100\n|turn|6\n|\n|t:|1699827350\n|switch|p2a: Marowak|Marowak-Alola, F|100\/100\n|move|p1a: Lopunny|Fake Out|p2a: Marowak\n|-damage|p2a: Marowak|80\/100\n|\n|-fieldend|move: Trick Room\n|upkeep\n|turn|7\n|\n|t:|1699827358\n|switch|p2a: Hatterene|Hatterene, F|100\/100\n|move|p1a: Lopunny|U-turn|p2a: Hatterene\n|-damage|p2a: Hatterene|74\/100\n|\n|t:|1699827364\n|switch|p1a: Ursaluna|Ursaluna, F|43\/100 brn|[from] U-turn\n|\n|-damage|p1a: Ursaluna|37\/100 brn|[from] brn\n|upkeep\n|turn|8\n|\n|t:|1699827371\n|move|p1a: Ursaluna|Facade|p2a: Hatterene\n|-damage|p2a: Hatterene|0 fnt\n|faint|p2a: Hatterene\n|\n|-damage|p1a: Ursaluna|31\/100 brn|[from] brn\n|upkeep\n|\n|t:|1699827376\n|switch|p2a: Cresselia|Cresselia, F|100\/100\n|turn|9\n|\n|t:|1699827381\n|-terastallize|p1a: Ursaluna|Normal\n|move|p1a: Ursaluna|Facade|p2a: Cresselia\n|-damage|p2a: Cresselia|0 fnt\n|faint|p2a: Cresselia\n|\n|-damage|p1a: Ursaluna|24\/100 brn|[from] brn\n|upkeep\n|\n|t:|1699827390\n|switch|p2a: Porygon-Z|Porygon-Z|100\/100\n|turn|10\n|\n|t:|1699827404\n|-terastallize|p2a: Porygon-Z|Ghost\n|move|p1a: Ursaluna|Facade|p2a: Porygon-Z\n|-immune|p2a: Porygon-Z\n|move|p2a: Porygon-Z|Trick Room|p2a: Porygon-Z\n|-fieldstart|move: Trick Room|[of] p2a: Porygon-Z\n|\n|-damage|p1a: Ursaluna|18\/100 brn|[from] brn\n|upkeep\n|turn|11\n|\n|t:|1699827416\n|move|p2a: Porygon-Z|Tri Attack|p1a: Ursaluna\n|-damage|p1a: Ursaluna|0 fnt\n|faint|p1a: Ursaluna\n|-damage|p2a: Porygon-Z|91\/100|[from] item: Life Orb\n|\n|upkeep\n|\n|t:|1699827424\n|switch|p1a: Lopunny|Lopunny-Mega, F|100\/100\n|turn|12\n|\n|t:|1699827428\n|move|p1a: Lopunny|Fake Out|p2a: Porygon-Z\n|-damage|p2a: Porygon-Z|64\/100\n|cant|p2a: Porygon-Z|flinch\n|\n|upkeep\n|turn|13\n|\n|t:|1699827442\n|switch|p1a: Cinderace|Cinderace, F|100\/100\n|move|p2a: Porygon-Z|Tri Attack|p1a: Cinderace\n|-damage|p1a: Cinderace|14\/100\n|-damage|p2a: Porygon-Z|54\/100|[from] item: Life Orb\n|\n|upkeep\n|turn|14\n|\n|t:|1699827453\n|move|p2a: Porygon-Z|Tri Attack|p1a: Cinderace\n|-damage|p1a: Cinderace|0 fnt\n|faint|p1a: Cinderace\n|-damage|p2a: Porygon-Z|44\/100|[from] item: Life Orb\n|\n|-fieldend|move: Trick Room\n|upkeep\n|\n|t:|1699827461\n|switch|p1a: Lopunny|Lopunny-Mega, F|100\/100\n|turn|15\n|\n|t:|1699827464\n|move|p1a: Lopunny|Fake Out|p2a: Porygon-Z\n|-damage|p2a: Porygon-Z|16\/100\n|cant|p2a: Porygon-Z|flinch\n|\n|upkeep\n|turn|16\n|j| Lilm_mo1\n|l| Lilm_mo1\n|\n|t:|1699827472\n|move|p1a: Lopunny|U-turn|p2a: Porygon-Z\n|-resisted|p2a: Porygon-Z\n|-crit|p2a: Porygon-Z\n|-damage|p2a: Porygon-Z|0 fnt\n|faint|p2a: Porygon-Z\n|\n|t:|1699827477\n|switch|p1a: Greninja|Greninja, M|100\/100|[from] U-turn\n|\n|upkeep\n|\n|t:|1699827480\n|switch|p2a: Marowak|Marowak-Alola, F|80\/100\n|turn|17\n|\n|t:|1699827485\n|move|p1a: Greninja|Surf|p2a: Marowak\n|-supereffective|p2a: Marowak\n|-damage|p2a: Marowak|0 fnt\n|faint|p2a: Marowak\n|-ability|p1a: Greninja|Battle Bond|boost\n|-boost|p1a: Greninja|atk|1\n|-boost|p1a: Greninja|spa|1\n|-boost|p1a: Greninja|spe|1\n|-activate|p1a: Greninja|ability: Battle Bond\n|-damage|p1a: Greninja|91\/100|[from] item: Life Orb\n|\n|upkeep\n|-message|rigel509 forfeited.\n|\n|win|85792195wwww\n|raw|85792195wwww's rating: 1664 &rarr; <strong>1683<\/strong><br \/>(+19 for winning)\n|raw|rigel509's rating: 1646 &rarr; <strong>1627<\/strong><br \/>(-19 for losing)\n|l|\u2606rigel509\n","uploadtime":1699827497,"views":5,"p1id":"85792195wwww","p2id":"rigel509","formatid":"gen9nationaldex","rating":1627,"private":0,"password":""}