{"id":"gen9nationaldex-1995510378","p1":"schoolboy333","p2":"Tpe16","format":"[Gen 9] National Dex","log":"|html|<div class=\"broadcast-blue\"><strong>[Gen 9] National Dex is currently suspecting Sneasler! For information on how to participate check out the <a href=\"https:\/\/www.smogon.com\/forums\/threads\/sv-national-dex-suspect-8-just-dance.3731534\/\">suspect thread<\/a>.<\/strong><\/div>\n|j|\u2606schoolboy333\n|j|\u2606Tpe16\n|t:|1700578420\n|gametype|singles\n|player|p1|schoolboy333|byron|1137\n|player|p2|Tpe16|ethan|1173\n|teamsize|p1|6\n|teamsize|p2|6\n|gen|9\n|tier|[Gen 9] National Dex\n|rated|\n|rule|HP Percentage Mod: HP is shown in percentages\n|rule|Endless Battle Clause: Forcing endless battles is banned\n|rule|OHKO Clause: OHKO moves are banned\n|rule|Evasion Clause: Evasion abilities, items, and moves are banned\n|rule|Evasion Abilities Clause: Evasion abilities are banned\n|rule|Evasion Items Clause: Evasion items are banned\n|rule|Evasion Moves Clause: Evasion moves are banned\n|rule|Species Clause: Limit one of each Pok\u00e9mon\n|rule|Sleep Clause Mod: Limit one foe put to sleep\n|clearpoke\n|poke|p1|Dragonite, M|\n|poke|p1|Hatterene, F|\n|poke|p1|Keldeo|\n|poke|p1|Ogerpon-Cornerstone, F|\n|poke|p1|Aegislash, F|\n|poke|p1|Mawile, F|\n|poke|p2|Typhlosion, M|\n|poke|p2|Kartana|\n|poke|p2|Crobat, M|\n|poke|p2|Sharpedo, F|\n|poke|p2|Serperior, F|\n|poke|p2|Tyranitar, M|\n|teampreview\n|\n|t:|1700578424\n|start\n|switch|p1a: Hatterene|Hatterene, F|100\/100\n|switch|p2a: AbdelKader|Tyranitar, M|100\/100\n|-weather|Sandstorm|[from] ability: Sand Stream|[of] p2a: AbdelKader\n|turn|1\n|\n|t:|1700578431\n|detailschange|p2a: AbdelKader|Tyranitar-Mega, M\n|-mega|p2a: AbdelKader|Tyranitar|Tyranitarite\n|move|p2a: AbdelKader|Stealth Rock|p1a: Hatterene\n|move|p1a: Hatterene|Stealth Rock|p2a: AbdelKader|[from]ability: Magic Bounce\n|-sidestart|p2: Tpe16|move: Stealth Rock\n|move|p1a: Hatterene|Dazzling Gleam|p2a: AbdelKader\n|-supereffective|p2a: AbdelKader\n|-damage|p2a: AbdelKader|47\/100\n|\n|-weather|Sandstorm|[upkeep]\n|-damage|p1a: Hatterene|95\/100|[from] Sandstorm\n|upkeep\n|turn|2\n|\n|t:|1700578442\n|switch|p2a: Ernestine|Crobat, M|100\/100\n|-damage|p2a: Ernestine|76\/100|[from] Stealth Rock\n|move|p1a: Hatterene|Dazzling Gleam|p2a: Ernestine\n|-resisted|p2a: Ernestine\n|-damage|p2a: Ernestine|45\/100\n|\n|-weather|Sandstorm|[upkeep]\n|-damage|p2a: Ernestine|39\/100|[from] Sandstorm\n|-damage|p1a: Hatterene|89\/100|[from] Sandstorm\n|upkeep\n|turn|3\n|\n|t:|1700578455\n|switch|p1a: Aegislash|Aegislash, F|100\/100\n|-zpower|p2a: Ernestine\n|move|p2a: Ernestine|Supersonic Skystrike|p1a: Aegislash|[zeffect]\n|-resisted|p1a: Aegislash\n|-damage|p1a: Aegislash|71\/100\n|\n|-weather|Sandstorm|[upkeep]\n|-damage|p2a: Ernestine|33\/100|[from] Sandstorm\n|-heal|p1a: Aegislash|77\/100|[from] item: Leftovers\n|upkeep\n|turn|4\n|\n|t:|1700578467\n|switch|p2a: AbdelKader|Tyranitar-Mega, M|47\/100\n|-damage|p2a: AbdelKader|35\/100|[from] Stealth Rock\n|move|p1a: Aegislash|Swords Dance|p1a: Aegislash\n|-boost|p1a: Aegislash|atk|2\n|\n|-weather|Sandstorm|[upkeep]\n|-heal|p1a: Aegislash|84\/100|[from] item: Leftovers\n|upkeep\n|turn|5\n|\n|t:|1700578482\n|move|p2a: AbdelKader|Fire Punch|p1a: Aegislash\n|-supereffective|p1a: Aegislash\n|-damage|p1a: Aegislash|29\/100\n|-formechange|p1a: Aegislash|Aegislash-Blade||[from] ability: Stance Change\n|move|p1a: Aegislash|Iron Head|p2a: AbdelKader\n|-supereffective|p2a: AbdelKader\n|-damage|p2a: AbdelKader|0 fnt\n|faint|p2a: AbdelKader\n|\n|-weather|none\n|-heal|p1a: Aegislash|35\/100|[from] item: Leftovers\n|upkeep\n|\n|t:|1700578491\n|switch|p2a: McGregor|Typhlosion, M|100\/100\n|-damage|p2a: McGregor|76\/100|[from] Stealth Rock\n|turn|6\n|\n|t:|1700578505\n|-formechange|p1a: Aegislash|Aegislash||[from] ability: Stance Change\n|move|p1a: Aegislash|King's Shield|p1a: Aegislash\n|-singleturn|p1a: Aegislash|Protect\n|move|p2a: McGregor|Flamethrower|p1a: Aegislash\n|-activate|p1a: Aegislash|move: Protect\n|\n|-heal|p1a: Aegislash|41\/100|[from] item: Leftovers\n|upkeep\n|turn|7\n|\n|t:|1700578515\n|-formechange|p1a: Aegislash|Aegislash-Blade||[from] ability: Stance Change\n|move|p1a: Aegislash|Shadow Sneak|p2a: McGregor\n|-damage|p2a: McGregor|6\/100\n|move|p2a: McGregor|Flamethrower|p1a: Aegislash\n|-supereffective|p1a: Aegislash\n|-damage|p1a: Aegislash|0 fnt\n|faint|p1a: Aegislash\n|\n|upkeep\n|\n|t:|1700578542\n|switch|p1a: Keldeo|Keldeo|100\/100\n|turn|8\n|\n|t:|1700578551\n|move|p1a: Keldeo|Hydro Pump|p2a: McGregor\n|-supereffective|p2a: McGregor\n|-damage|p2a: McGregor|0 fnt\n|faint|p2a: McGregor\n|\n|upkeep\n|inactive|Battle timer is ON: inactive players will automatically lose when time's up. (requested by schoolboy333)\n|\n|t:|1700578575\n|switch|p2a: IvanMonka|Serperior, F|100\/100\n|-damage|p2a: IvanMonka|88\/100|[from] Stealth Rock\n|turn|9\n|\n|t:|1700578589\n|move|p2a: IvanMonka|Leaf Storm|p1a: Keldeo|[miss]\n|-miss|p2a: IvanMonka|p1a: Keldeo\n|move|p1a: Keldeo|Air Slash|p2a: IvanMonka\n|-supereffective|p2a: IvanMonka\n|-damage|p2a: IvanMonka|36\/100\n|\n|upkeep\n|turn|10\n|\n|t:|1700578601\n|move|p1a: Keldeo|Protect|p1a: Keldeo\n|-singleturn|p1a: Keldeo|Protect\n|move|p2a: IvanMonka|Leaf Storm|p1a: Keldeo\n|-activate|p1a: Keldeo|move: Protect\n|\n|upkeep\n|turn|11\n|\n|t:|1700578613\n|switch|p1a: Dragonite|Dragonite, M|100\/100\n|move|p2a: IvanMonka|Leaf Storm|p1a: Dragonite|[miss]\n|-miss|p2a: IvanMonka|p1a: Dragonite\n|\n|upkeep\n|turn|12\n|-message|Tpe16 forfeited.\n|\n|win|schoolboy333\n|raw|schoolboy333's rating: 1137 &rarr; <strong>1165<\/strong><br \/>(+28 for winning)\n|raw|Tpe16's rating: 1173 &rarr; <strong>1145<\/strong><br \/>(-28 for losing)\n|l|\u2606Tpe16\n|c|\u2606schoolboy333|gg\n","uploadtime":1700578636,"views":12,"p1id":"schoolboy333","p2id":"tpe16","formatid":"gen9nationaldex","rating":1145,"private":0,"password":""}