{"id":"gen9nationaldex-1990128822","p1":"jimmyjinx","p2":"Garchompbestpsuedo","format":"[Gen 9] National Dex","log":"|j|\u2606jimmyjinx\n|j|\u2606Garchompbestpsuedo\n|t:|1699927647\n|gametype|singles\n|player|p1|jimmyjinx|gentleman-gen4|1029\n|player|p2|Garchompbestpsuedo|lyra|1094\n|teamsize|p1|6\n|teamsize|p2|6\n|gen|9\n|tier|[Gen 9] National Dex\n|rated|\n|rule|HP Percentage Mod: HP is shown in percentages\n|rule|Endless Battle Clause: Forcing endless battles is banned\n|rule|OHKO Clause: OHKO moves are banned\n|rule|Evasion Clause: Evasion abilities, items, and moves are banned\n|rule|Evasion Abilities Clause: Evasion abilities are banned\n|rule|Evasion Items Clause: Evasion items are banned\n|rule|Evasion Moves Clause: Evasion moves are banned\n|rule|Species Clause: Limit one of each Pok\u00e9mon\n|rule|Sleep Clause Mod: Limit one foe put to sleep\n|clearpoke\n|poke|p1|Swellow, F|\n|poke|p1|Dragonite, M|\n|poke|p1|Octillery, F|\n|poke|p1|Crustle, M|\n|poke|p1|Lumineon, M|\n|poke|p1|Noivern, F|\n|poke|p2|Tinkaton, F|\n|poke|p2|Sawk, M|\n|poke|p2|Pawmot, F|\n|poke|p2|Hawlucha, F|\n|poke|p2|Sawsbuck, F|\n|poke|p2|Dusknoir, M|\n|teampreview\n|inactive|Battle timer is ON: inactive players will automatically lose when time's up. (requested by jimmyjinx)\n|inactive|Garchompbestpsuedo has 120 seconds left.\n|\n|t:|1699927685\n|start\n|switch|p1a: Crustle|Crustle, M|100\/100\n|switch|p2a: Pawmot|Pawmot, F|100\/100\n|turn|1\n|\n|t:|1699927707\n|move|p2a: Pawmot|Bulk Up|p2a: Pawmot\n|-boost|p2a: Pawmot|atk|1\n|-boost|p2a: Pawmot|def|1\n|move|p1a: Crustle|Earthquake|p2a: Pawmot\n|-supereffective|p2a: Pawmot\n|-damage|p2a: Pawmot|39\/100\n|\n|-heal|p2a: Pawmot|46\/100|[from] item: Leftovers\n|upkeep\n|turn|2\n|\n|t:|1699927717\n|move|p2a: Pawmot|Close Combat|p1a: Crustle\n|-damage|p1a: Crustle|21\/100\n|-unboost|p2a: Pawmot|def|1\n|-unboost|p2a: Pawmot|spd|1\n|-ability|p1a: Crustle|Weak Armor|boost\n|-unboost|p1a: Crustle|def|1\n|-boost|p1a: Crustle|spe|2\n|move|p1a: Crustle|Shell Smash|p1a: Crustle\n|-unboost|p1a: Crustle|def|1\n|-unboost|p1a: Crustle|spd|1\n|-boost|p1a: Crustle|atk|2\n|-boost|p1a: Crustle|spa|2\n|-boost|p1a: Crustle|spe|2\n|\n|-heal|p2a: Pawmot|52\/100|[from] item: Leftovers\n|upkeep\n|turn|3\n|\n|t:|1699927732\n|move|p1a: Crustle|Earthquake|p2a: Pawmot\n|-supereffective|p2a: Pawmot\n|-damage|p2a: Pawmot|0 fnt\n|faint|p2a: Pawmot\n|\n|upkeep\n|\n|t:|1699927737\n|switch|p2a: Hawlucha|Hawlucha, F|100\/100\n|turn|4\n|inactive|jimmyjinx has 120 seconds left.\n|\n|t:|1699927767\n|move|p1a: Crustle|Poison Jab|p2a: Hawlucha\n|-damage|p2a: Hawlucha|24\/100\n|-enditem|p2a: Hawlucha|Sitrus Berry|[eat]\n|-heal|p2a: Hawlucha|49\/100|[from] item: Sitrus Berry\n|move|p2a: Hawlucha|Acrobatics|p1a: Crustle\n|-damage|p1a: Crustle|0 fnt\n|faint|p1a: Crustle\n|\n|upkeep\n|inactive|jimmyjinx has 120 seconds left.\n|\n|t:|1699927778\n|switch|p1a: Dragonite|Dragonite, M|100\/100\n|turn|5\n|\n|t:|1699927783\n|move|p2a: Hawlucha|Acrobatics|p1a: Dragonite\n|-damage|p1a: Dragonite|80\/100\n|move|p1a: Dragonite|Toxic|p2a: Hawlucha\n|-status|p2a: Hawlucha|tox\n|\n|-heal|p1a: Dragonite|86\/100|[from] item: Leftovers\n|-damage|p2a: Hawlucha|43\/100 tox|[from] psn\n|upkeep\n|turn|6\n|\n|t:|1699927793\n|move|p2a: Hawlucha|Roost|p2a: Hawlucha\n|-heal|p2a: Hawlucha|93\/100 tox\n|-singleturn|p2a: Hawlucha|move: Roost\n|move|p1a: Dragonite|Sky Drop||[still]\n|-prepare|p1a: Dragonite|Sky Drop|p2a: Hawlucha\n|\n|-heal|p1a: Dragonite|92\/100|[from] item: Leftovers\n|-damage|p2a: Hawlucha|81\/100 tox|[from] psn\n|upkeep\n|turn|7\n|\n|t:|1699927803\n|move|p1a: Dragonite|Sky Drop|p2a: Hawlucha|[from]lockedmove\n|-immune|p2a: Hawlucha\n|\n|-heal|p1a: Dragonite|98\/100|[from] item: Leftovers\n|-damage|p2a: Hawlucha|62\/100 tox|[from] psn\n|upkeep\n|turn|8\n|inactive|jimmyjinx has 120 seconds left.\n|\n|t:|1699927835\n|move|p2a: Hawlucha|Acrobatics|p1a: Dragonite\n|-damage|p1a: Dragonite|58\/100\n|move|p1a: Dragonite|Wrap|p2a: Hawlucha\n|-damage|p2a: Hawlucha|56\/100 tox\n|-activate|p2a: Hawlucha|move: Wrap|[of] p1a: Dragonite\n|\n|-heal|p1a: Dragonite|64\/100|[from] item: Leftovers\n|-damage|p2a: Hawlucha|31\/100 tox|[from] psn\n|-damage|p2a: Hawlucha|19\/100 tox|[from] move: Wrap|[partiallytrapped]\n|upkeep\n|turn|9\n|\n|t:|1699927848\n|move|p2a: Hawlucha|Close Combat|p1a: Dragonite\n|-resisted|p1a: Dragonite\n|-damage|p1a: Dragonite|43\/100\n|-unboost|p2a: Hawlucha|def|1\n|-unboost|p2a: Hawlucha|spd|1\n|move|p1a: Dragonite|Rest|p1a: Dragonite\n|-status|p1a: Dragonite|slp|[from] move: Rest\n|-heal|p1a: Dragonite|100\/100 slp|[silent]\n|\n|-damage|p2a: Hawlucha|0 fnt|[from] psn\n|faint|p2a: Hawlucha\n|upkeep\n|\n|t:|1699927860\n|switch|p2a: Tinkaton|Tinkaton, F|100\/100\n|turn|10\n|\n|t:|1699927870\n|switch|p1a: Lumineon|Lumineon, M|100\/100\n|move|p2a: Tinkaton|Swords Dance|p2a: Tinkaton\n|-boost|p2a: Tinkaton|atk|2\n|\n|upkeep\n|turn|11\n|\n|t:|1699927879\n|switch|p2a: Sawsbuck|Sawsbuck, F|100\/100\n|move|p1a: Lumineon|Encore||[still]\n|-fail|p1a: Lumineon\n|\n|upkeep\n|turn|12\n|\n|t:|1699927885\n|move|p2a: Sawsbuck|Horn Leech|p1a: Lumineon\n|-supereffective|p1a: Lumineon\n|-damage|p1a: Lumineon|16\/100\n|move|p1a: Lumineon|Tailwind|p1a: Lumineon\n|-sidestart|p1: jimmyjinx|move: Tailwind\n|\n|upkeep\n|turn|13\n|\n|t:|1699927892\n|move|p1a: Lumineon|Encore|p2a: Sawsbuck\n|-start|p2a: Sawsbuck|Encore\n|move|p2a: Sawsbuck|Horn Leech|p1a: Lumineon\n|-supereffective|p1a: Lumineon\n|-damage|p1a: Lumineon|0 fnt\n|faint|p1a: Lumineon\n|\n|upkeep\n|\n|t:|1699927895\n|switch|p1a: Fire|Octillery, F|100\/100\n|turn|14\n|\n|t:|1699927902\n|-terastallize|p1a: Fire|Fire\n|move|p2a: Sawsbuck|Horn Leech|p1a: Fire\n|-resisted|p1a: Fire\n|-damage|p1a: Fire|81\/100\n|move|p1a: Fire|Fire Blast|p2a: Sawsbuck\n|-supereffective|p2a: Sawsbuck\n|-damage|p2a: Sawsbuck|0 fnt\n|faint|p2a: Sawsbuck\n|\n|upkeep\n|\n|t:|1699927913\n|switch|p2a: Dusknoir|Dusknoir, M|100\/100\n|-item|p1a: Fire|Scope Lens|[from] ability: Frisk|[of] p2a: Dusknoir|[identify]\n|turn|15\n|l|\u2606Garchompbestpsuedo\n|inactive|Garchompbestpsuedo disconnected and has a minute to reconnect!\n|player|p2|\n|j|\u2606Garchompbestpsuedo\n|inactive|Garchompbestpsuedo reconnected and has 130 seconds left.\n|player|p2|Garchompbestpsuedo|lyra\n|inactive|Garchompbestpsuedo has 120 seconds left.\n|\n|t:|1699927946\n|move|p1a: Fire|Bullet Seed|p2a: Dusknoir\n|-damage|p2a: Dusknoir|93\/100\n|-damage|p2a: Dusknoir|85\/100\n|-damage|p2a: Dusknoir|77\/100\n|-damage|p2a: Dusknoir|70\/100\n|-hitcount|p2a: Dusknoir|4\n|move|p2a: Dusknoir|Poltergeist|p1a: Fire\n|-activate|p1a: Fire|move: Poltergeist|Scope Lens\n|-damage|p1a: Fire|26\/100\n|\n|-heal|p2a: Dusknoir|76\/100|[from] item: Leftovers\n|-sideend|p1: jimmyjinx|move: Tailwind\n|upkeep\n|turn|16\n|inactive|Garchompbestpsuedo has 120 seconds left.\n|inactive|jimmyjinx has 120 seconds left.\n|\n|t:|1699927978\n|switch|p1a: Dragonite|Dragonite, M|100\/100 slp\n|move|p2a: Dusknoir|Poltergeist|p1a: Dragonite\n|-activate|p1a: Dragonite|move: Poltergeist|Leftovers\n|-damage|p1a: Dragonite|77\/100 slp\n|\n|-heal|p1a: Dragonite|83\/100 slp|[from] item: Leftovers\n|-heal|p2a: Dusknoir|82\/100|[from] item: Leftovers\n|upkeep\n|turn|17\n|inactive|Garchompbestpsuedo has 120 seconds left.\n|\n|t:|1699927990\n|cant|p1a: Dragonite|slp\n|move|p2a: Dusknoir|Night Shade|p1a: Dragonite\n|-damage|p1a: Dragonite|57\/100 slp\n|\n|-heal|p1a: Dragonite|64\/100 slp|[from] item: Leftovers\n|-heal|p2a: Dusknoir|88\/100|[from] item: Leftovers\n|upkeep\n|turn|18\n|inactive|Garchompbestpsuedo has 120 seconds left.\n|\n|t:|1699928008\n|cant|p1a: Dragonite|slp\n|move|p2a: Dusknoir|Night Shade|p1a: Dragonite\n|-damage|p1a: Dragonite|38\/100 slp\n|\n|-heal|p1a: Dragonite|44\/100 slp|[from] item: Leftovers\n|-heal|p2a: Dusknoir|94\/100|[from] item: Leftovers\n|upkeep\n|turn|19\n|inactive|Garchompbestpsuedo has 120 seconds left.\n|inactive|jimmyjinx has 120 seconds left.\n|\n|t:|1699928046\n|-curestatus|p1a: Dragonite|slp|[msg]\n|move|p1a: Dragonite|Toxic|p2a: Dusknoir\n|-status|p2a: Dusknoir|tox\n|move|p2a: Dusknoir|Poltergeist|p1a: Dragonite\n|-activate|p1a: Dragonite|move: Poltergeist|Leftovers\n|-damage|p1a: Dragonite|3\/100\n|\n|-heal|p1a: Dragonite|9\/100|[from] item: Leftovers\n|-heal|p2a: Dusknoir|100\/100 tox|[from] item: Leftovers\n|-damage|p2a: Dusknoir|94\/100 tox|[from] psn\n|upkeep\n|turn|20\n|inactive|Garchompbestpsuedo has 120 seconds left.\n|\n|t:|1699928067\n|move|p1a: Dragonite|Rest|p1a: Dragonite\n|-status|p1a: Dragonite|slp|[from] move: Rest\n|-heal|p1a: Dragonite|100\/100 slp|[silent]\n|move|p2a: Dusknoir|Night Shade|p1a: Dragonite\n|-damage|p1a: Dragonite|75\/100 slp\n|\n|-heal|p1a: Dragonite|81\/100 slp|[from] item: Leftovers\n|-heal|p2a: Dusknoir|100\/100 tox|[from] item: Leftovers\n|-damage|p2a: Dusknoir|88\/100 tox|[from] psn\n|upkeep\n|turn|21\n|inactive|jimmyjinx has 120 seconds left.\n|inactive|jimmyjinx has 90 seconds left.\n|\n|t:|1699928103\n|switch|p2a: Tinkaton|Tinkaton, F|100\/100\n|cant|p1a: Dragonite|slp\n|\n|-heal|p1a: Dragonite|87\/100 slp|[from] item: Leftovers\n|upkeep\n|turn|22\n|inactive|jimmyjinx has 90 seconds left.\n|\n|t:|1699928117\n|switch|p1a: Noivern|Noivern, F|100\/100\n|move|p2a: Tinkaton|Swords Dance|p2a: Tinkaton\n|-boost|p2a: Tinkaton|atk|2\n|\n|upkeep\n|turn|23\n|\n|t:|1699928131\n|move|p1a: Noivern|Flamethrower|p2a: Tinkaton\n|-supereffective|p2a: Tinkaton\n|-damage|p2a: Tinkaton|37\/100\n|move|p2a: Tinkaton|Gigaton Hammer|p1a: Noivern\n|-damage|p1a: Noivern|0 fnt\n|faint|p1a: Noivern\n|\n|-heal|p2a: Tinkaton|44\/100|[from] item: Leftovers\n|upkeep\n|inactive|jimmyjinx has 90 seconds left.\n|\n|t:|1699928147\n|switch|p1a: Swellow|Swellow, F|100\/100\n|turn|24\n|\n|t:|1699928159\n|move|p1a: Swellow|Brave Bird|p2a: Tinkaton\n|-resisted|p2a: Tinkaton\n|-damage|p2a: Tinkaton|19\/100\n|-damage|p1a: Swellow|89\/100|[from] Recoil\n|move|p2a: Tinkaton|Play Rough|p1a: Swellow|[miss]\n|-miss|p2a: Tinkaton|p1a: Swellow\n|\n|-heal|p2a: Tinkaton|25\/100|[from] item: Leftovers\n|-status|p1a: Swellow|brn|[from] item: Flame Orb\n|upkeep\n|turn|25\n|inactive|jimmyjinx has 90 seconds left.\n|\n|t:|1699928178\n|move|p1a: Swellow|Facade|p2a: Tinkaton\n|-resisted|p2a: Tinkaton\n|-damage|p2a: Tinkaton|0 fnt\n|faint|p2a: Tinkaton\n|\n|-damage|p1a: Swellow|83\/100 brn|[from] brn\n|upkeep\n|\n|t:|1699928192\n|switch|p2a: Sawk|Sawk, M|100\/100\n|turn|26\n|inactive|jimmyjinx has 90 seconds left.\n|\n|t:|1699928235\n|move|p1a: Swellow|Brave Bird|p2a: Sawk\n|-supereffective|p2a: Sawk\n|-ability|p2a: Sawk|Sturdy\n|-damage|p2a: Sawk|1\/100\n|-damage|p1a: Swellow|38\/100 brn|[from] Recoil\n|move|p2a: Sawk|Stone Edge|p1a: Swellow\n|-supereffective|p1a: Swellow\n|-damage|p1a: Swellow|0 fnt\n|faint|p1a: Swellow\n|\n|-heal|p2a: Sawk|7\/100|[from] item: Leftovers\n|upkeep\n|\n|t:|1699928242\n|switch|p1a: Fire|Octillery, F, tera:Fire|26\/100\n|turn|27\n|\n|t:|1699928257\n|move|p2a: Sawk|Close Combat|p1a: Fire\n|-damage|p1a: Fire|0 fnt\n|-unboost|p2a: Sawk|def|1\n|-unboost|p2a: Sawk|spd|1\n|faint|p1a: Fire\n|\n|-heal|p2a: Sawk|13\/100|[from] item: Leftovers\n|upkeep\n|\n|t:|1699928260\n|switch|p1a: Dragonite|Dragonite, M|87\/100 slp\n|turn|28\n|\n|t:|1699928270\n|move|p2a: Sawk|Stone Edge|p1a: Dragonite\n|-supereffective|p1a: Dragonite\n|-damage|p1a: Dragonite|20\/100 slp\n|cant|p1a: Dragonite|slp\n|\n|-heal|p2a: Sawk|19\/100|[from] item: Leftovers\n|-heal|p1a: Dragonite|26\/100 slp|[from] item: Leftovers\n|upkeep\n|turn|29\n|inactive|Garchompbestpsuedo has 120 seconds left.\n|\n|t:|1699928282\n|move|p2a: Sawk|Close Combat|p1a: Dragonite\n|-resisted|p1a: Dragonite\n|-damage|p1a: Dragonite|0 fnt\n|-unboost|p2a: Sawk|def|1\n|-unboost|p2a: Sawk|spd|1\n|faint|p1a: Dragonite\n|\n|win|Garchompbestpsuedo\n|raw|jimmyjinx's rating: 1029 &rarr; <strong>1017<\/strong><br \/>(-12 for losing)\n|raw|Garchompbestpsuedo's rating: 1094 &rarr; <strong>1115<\/strong><br \/>(+21 for winning)\n","uploadtime":1699928290,"views":24,"p1id":"jimmyjinx","p2id":"garchompbestpsuedo","formatid":"gen9nationaldex","rating":1017,"private":0,"password":""}