{"id":"gen9nationaldex-1995353901","p1":"chuntaro-kun","p2":"Miku Nakano ily","format":"[Gen 9] National Dex","log":"|html|<div class=\"broadcast-blue\"><strong>[Gen 9] National Dex is currently suspecting Sneasler! For information on how to participate check out the <a href=\"https:\/\/www.smogon.com\/forums\/threads\/sv-national-dex-suspect-8-just-dance.3731534\/\">suspect thread<\/a>.<\/strong><\/div>\n|j|\u2606chuntaro-kun\n|j|\u2606Miku Nakano ily\n|inactive|Battle timer is ON: inactive players will automatically lose when time's up.\n|t:|1700558729\n|gametype|singles\n|player|p1|chuntaro-kun|nessa|\n|player|p2|Miku Nakano ily|red|\n|teamsize|p1|6\n|teamsize|p2|6\n|gen|9\n|tier|[Gen 9] National Dex\n|rated|Tournament battle\n|rule|HP Percentage Mod: HP is shown in percentages\n|rule|Endless Battle Clause: Forcing endless battles is banned\n|rule|OHKO Clause: OHKO moves are banned\n|rule|Evasion Clause: Evasion abilities, items, and moves are banned\n|rule|Evasion Abilities Clause: Evasion abilities are banned\n|rule|Evasion Items Clause: Evasion items are banned\n|rule|Evasion Moves Clause: Evasion moves are banned\n|rule|Species Clause: Limit one of each Pok\u00e9mon\n|rule|Sleep Clause Mod: Limit one foe put to sleep\n|clearpoke\n|poke|p1|Ogerpon, F|\n|poke|p1|Heatran, F|\n|poke|p1|Zamazenta-*|\n|poke|p1|Tapu Lele|\n|poke|p1|Samurott-Hisui, M|\n|poke|p1|Landorus-Therian, M|\n|poke|p2|Charizard, F|\n|poke|p2|Alomomola, M|\n|poke|p2|Slowking-Galar, M|\n|poke|p2|Iron Valiant|\n|poke|p2|Landorus-Therian, M|\n|poke|p2|Cinderace, F|\n|teampreview\n|inactive|Miku Nakano ily also wants the timer to be on.\n|inactive|chuntaro-kun also wants the timer to be on.\n|c|\u2606Miku Nakano ily|hf\n|j| Velcroc\n|c|\u2606chuntaro-kun|gl\n|c|\u2606chuntaro-kun|oh i will\n|\n|t:|1700558740\n|start\n|switch|p1a: Tapu Lele|Tapu Lele, shiny|100\/100\n|switch|p2a: Landorus|Landorus-Therian, M|100\/100\n|-fieldstart|move: Psychic Terrain|[from] ability: Psychic Surge|[of] p1a: Tapu Lele\n|-ability|p2a: Landorus|Intimidate|boost\n|-unboost|p1a: Tapu Lele|atk|1\n|turn|1\n|\n|t:|1700558746\n|move|p1a: Tapu Lele|Psychic|p2a: Landorus\n|-damage|p2a: Landorus|49\/100\n|move|p2a: Landorus|Earthquake|p1a: Tapu Lele\n|-damage|p1a: Tapu Lele|29\/100\n|\n|-heal|p2a: Landorus|55\/100|[from] item: Leftovers\n|upkeep\n|turn|2\n|\n|t:|1700558758\n|switch|p2a: Slowking|Slowking-Galar, M|100\/100\n|move|p1a: Tapu Lele|Psychic|p2a: Slowking\n|-damage|p2a: Slowking|62\/100\n|\n|-heal|p2a: Slowking|68\/100|[from] item: Leftovers\n|upkeep\n|turn|3\n|c| Velcroc|waterpon into this alo team would have gone hard\n|\n|t:|1700558765\n|switch|p1a: Landorus|Landorus-Therian, M|100\/100\n|-ability|p1a: Landorus|Intimidate|boost\n|-unboost|p2a: Slowking|atk|1\n|move|p2a: Slowking|Slack Off|p2a: Slowking\n|-heal|p2a: Slowking|100\/100\n|\n|upkeep\n|turn|4\n|c|\u2606chuntaro-kun|yea\n|c|\u2606chuntaro-kun|wait mine or his ??\n|\n|t:|1700558775\n|switch|p2a: Alomomola|Alomomola, M|100\/100\n|move|p1a: Landorus|Earthquake|p2a: Alomomola\n|-damage|p2a: Alomomola|74\/100\n|\n|upkeep\n|turn|5\n|\n|t:|1700558780\n|move|p1a: Landorus|U-turn|p2a: Alomomola\n|-damage|p2a: Alomomola|62\/100\n|\n|t:|1700558782\n|switch|p1a: Heatran|Heatran, F, shiny|100\/100|[from] U-turn\n|move|p2a: Alomomola|Flip Turn|p1a: Heatran\n|-supereffective|p1a: Heatran\n|-damage|p1a: Heatran|72\/100\n|\n|t:|1700558788\n|switch|p2a: Landorus|Landorus-Therian, M|55\/100|[from] Flip Turn\n|-ability|p2a: Landorus|Intimidate|boost\n|-unboost|p1a: Heatran|atk|1\n|\n|-heal|p2a: Landorus|61\/100|[from] item: Leftovers\n|-heal|p1a: Heatran|78\/100|[from] item: Leftovers\n|-fieldend|move: Psychic Terrain\n|upkeep\n|turn|6\n|c| Velcroc|vs alo\n|\n|t:|1700558791\n|switch|p1a: Landorus|Landorus-Therian, M|100\/100\n|-ability|p1a: Landorus|Intimidate|boost\n|-unboost|p2a: Landorus|atk|1\n|move|p2a: Landorus|Knock Off|p1a: Landorus\n|-damage|p1a: Landorus|85\/100\n|-damage|p2a: Landorus|45\/100|[from] item: Rocky Helmet|[of] p1a: Landorus\n|-enditem|p1a: Landorus|Rocky Helmet|[from] move: Knock Off|[of] p2a: Landorus\n|\n|-heal|p2a: Landorus|51\/100|[from] item: Leftovers\n|upkeep\n|turn|7\n|\n|t:|1700558804\n|switch|p2a: Alomomola|Alomomola, M|95\/100\n|move|p1a: Landorus|Hidden Power|p2a: Alomomola\n|-resisted|p2a: Alomomola\n|-damage|p2a: Alomomola|88\/100\n|\n|upkeep\n|turn|8\n|\n|t:|1700558809\n|move|p1a: Landorus|U-turn|p2a: Alomomola\n|-damage|p2a: Alomomola|76\/100\n|\n|t:|1700558811\n|switch|p1a: Tapu Lele|Tapu Lele, shiny|29\/100|[from] U-turn\n|-fieldstart|move: Psychic Terrain|[from] ability: Psychic Surge|[of] p1a: Tapu Lele\n|move|p2a: Alomomola|Wish|p2a: Alomomola\n|\n|upkeep\n|turn|9\n|\n|t:|1700558815\n|switch|p2a: Slowking|Slowking-Galar, M|100\/100\n|move|p1a: Tapu Lele|Psychic|p2a: Slowking\n|-damage|p2a: Slowking|67\/100\n|\n|-heal|p2a: Slowking|100\/100|[from] move: Wish|[wisher] Alomomola\n|upkeep\n|turn|10\n|\n|t:|1700558821\n|move|p1a: Tapu Lele|Psychic|p2a: Slowking\n|-damage|p2a: Slowking|62\/100\n|move|p2a: Slowking|Chilly Reception|p2a: Slowking\n|-weather|Snow\n|\n|t:|1700558846\n|switch|p2a: Charizard|Charizard, F|100\/100|[from] Chilly Reception\n|\n|-weather|Snow|[upkeep]\n|upkeep\n|turn|11\n|\n|t:|1700558855\n|switch|p1a: Heatran|Heatran, F, shiny|78\/100\n|detailschange|p2a: Charizard|Charizard-Mega-Y, F\n|-mega|p2a: Charizard|Charizard|Charizardite Y\n|-weather|SunnyDay|[from] ability: Drought|[of] p2a: Charizard\n|move|p2a: Charizard|Scorching Sands|p1a: Heatran\n|-supereffective|p1a: Heatran\n|-damage|p1a: Heatran|11\/100\n|\n|-weather|SunnyDay|[upkeep]\n|-heal|p1a: Heatran|17\/100|[from] item: Leftovers\n|upkeep\n|turn|12\n|\n|t:|1700558859\n|move|p2a: Charizard|Air Slash|p1a: Heatran\n|-resisted|p1a: Heatran\n|-damage|p1a: Heatran|2\/100\n|move|p1a: Heatran|Magma Storm|p2a: Charizard|[miss]\n|-miss|p1a: Heatran|p2a: Charizard\n|\n|-weather|SunnyDay|[upkeep]\n|-heal|p1a: Heatran|9\/100|[from] item: Leftovers\n|-fieldend|move: Psychic Terrain\n|upkeep\n|turn|13\n|\n|t:|1700558864\n|move|p2a: Charizard|Air Slash|p1a: Heatran\n|-resisted|p1a: Heatran\n|-damage|p1a: Heatran|0 fnt\n|faint|p1a: Heatran\n|\n|-weather|SunnyDay|[upkeep]\n|upkeep\n|\n|t:|1700558869\n|switch|p1a: Zamazenta|Zamazenta|100\/100\n|-ability|p1a: Zamazenta|Dauntless Shield|boost\n|-boost|p1a: Zamazenta|def|1\n|turn|14\n|\n|t:|1700558873\n|switch|p2a: Landorus|Landorus-Therian, M|51\/100\n|-ability|p2a: Landorus|Intimidate|boost\n|-unboost|p1a: Zamazenta|atk|1\n|move|p1a: Zamazenta|Wild Charge|p2a: Landorus\n|-immune|p2a: Landorus\n|\n|-weather|SunnyDay|[upkeep]\n|-heal|p2a: Landorus|57\/100|[from] item: Leftovers\n|upkeep\n|turn|15\n|\n|t:|1700558882\n|switch|p1a: Landorus|Landorus-Therian, M|85\/100\n|-ability|p1a: Landorus|Intimidate|boost\n|-unboost|p2a: Landorus|atk|1\n|move|p2a: Landorus|Knock Off|p1a: Landorus\n|-damage|p1a: Landorus|75\/100\n|\n|-weather|none\n|-heal|p2a: Landorus|63\/100|[from] item: Leftovers\n|upkeep\n|turn|16\n|\n|t:|1700558889\n|move|p1a: Landorus|Earthquake|p2a: Landorus\n|-immune|p2a: Landorus\n|move|p2a: Landorus|Earthquake|p1a: Landorus\n|-immune|p1a: Landorus\n|\n|-heal|p2a: Landorus|69\/100|[from] item: Leftovers\n|upkeep\n|turn|17\n|c|\u2606chuntaro-kun|bro reading me alrite\n|c|\u2606Miku Nakano ily|lmao\n|c|\u2606Miku Nakano ily|spider-man meme\n|c|\u2606chuntaro-kun|ill read you as well\n|c|\u2606chuntaro-kun|hahahahaha\n|\n|t:|1700558909\n|switch|p2a: Alomomola|Alomomola, M|100\/100\n|move|p1a: Landorus|Earthquake|p2a: Alomomola\n|-damage|p2a: Alomomola|74\/100\n|\n|upkeep\n|turn|18\n|\n|t:|1700558914\n|move|p1a: Landorus|Hidden Power|p2a: Alomomola\n|-resisted|p2a: Alomomola\n|-damage|p2a: Alomomola|67\/100\n|move|p2a: Alomomola|Flip Turn|p1a: Landorus\n|-supereffective|p1a: Landorus\n|-damage|p1a: Landorus|54\/100\n|\n|t:|1700558918\n|switch|p2a: Charizard|Charizard-Mega-Y, F|100\/100|[from] Flip Turn\n|-weather|SunnyDay|[from] ability: Drought|[of] p2a: Charizard\n|\n|-weather|SunnyDay|[upkeep]\n|upkeep\n|turn|19\n|\n|t:|1700558923\n|move|p2a: Charizard|Weather Ball|p1a: Landorus\n|-damage|p1a: Landorus|0 fnt\n|faint|p1a: Landorus\n|\n|-weather|SunnyDay|[upkeep]\n|upkeep\n|\n|t:|1700558927\n|switch|p1a: Zamazenta|Zamazenta|100\/100\n|turn|20\n|\n|t:|1700558934\n|switch|p2a: Landorus|Landorus-Therian, M|69\/100\n|-ability|p2a: Landorus|Intimidate|boost\n|-unboost|p1a: Zamazenta|atk|1\n|move|p1a: Zamazenta|Close Combat|p2a: Landorus\n|-resisted|p2a: Landorus\n|-damage|p2a: Landorus|45\/100\n|-unboost|p1a: Zamazenta|def|1\n|-unboost|p1a: Zamazenta|spd|1\n|\n|-weather|SunnyDay|[upkeep]\n|-heal|p2a: Landorus|51\/100|[from] item: Leftovers\n|upkeep\n|turn|21\n|\n|t:|1700558941\n|switch|p1a: Samurott|Samurott-Hisui, M|100\/100\n|move|p2a: Landorus|Earthquake|p1a: Samurott\n|-crit|p1a: Samurott\n|-damage|p1a: Samurott|14\/100\n|\n|-weather|SunnyDay|[upkeep]\n|-heal|p2a: Landorus|57\/100|[from] item: Leftovers\n|upkeep\n|turn|22\n|\n|t:|1700558950\n|move|p1a: Samurott|Sucker Punch|p2a: Landorus\n|-damage|p2a: Landorus|23\/100\n|move|p2a: Landorus|Knock Off|p1a: Samurott\n|-resisted|p1a: Samurott\n|-damage|p1a: Samurott|0 fnt\n|-enditem|p1a: Samurott|Black Glasses|[from] move: Knock Off|[of] p2a: Landorus\n|faint|p1a: Samurott\n|\n|-weather|none\n|-heal|p2a: Landorus|29\/100|[from] item: Leftovers\n|upkeep\n|\n|t:|1700558955\n|switch|p1a: Ogerpon|Ogerpon, F|100\/100\n|turn|23\n|\n|t:|1700558968\n|switch|p2a: Charizard|Charizard-Mega-Y, F|100\/100\n|-weather|SunnyDay|[from] ability: Drought|[of] p2a: Charizard\n|-terastallize|p1a: Ogerpon|Grass\n|detailschange|p1a: Ogerpon|Ogerpon-Teal-Tera, F, tera:Grass\n|-ability|p1a: Ogerpon|Embody Aspect (Teal)|boost\n|-boost|p1a: Ogerpon|spe|1\n|move|p1a: Ogerpon|Ivy Cudgel|p2a: Charizard\n|-resisted|p2a: Charizard\n|-damage|p2a: Charizard|70\/100\n|-damage|p1a: Ogerpon|91\/100|[from] item: Life Orb\n|\n|-weather|SunnyDay|[upkeep]\n|upkeep\n|turn|24\n|\n|t:|1700558973\n|switch|p1a: Tapu Lele|Tapu Lele, shiny|29\/100\n|-fieldstart|move: Psychic Terrain|[from] ability: Psychic Surge|[of] p1a: Tapu Lele\n|move|p2a: Charizard|Weather Ball|p1a: Tapu Lele\n|-damage|p1a: Tapu Lele|0 fnt\n|faint|p1a: Tapu Lele\n|\n|-weather|SunnyDay|[upkeep]\n|upkeep\n|\n|t:|1700558975\n|switch|p1a: Zamazenta|Zamazenta|100\/100\n|turn|25\n|\n|t:|1700558979\n|switch|p2a: Alomomola|Alomomola, M|99\/100\n|move|p1a: Zamazenta|Close Combat|p2a: Alomomola\n|-damage|p2a: Alomomola|54\/100\n|-unboost|p1a: Zamazenta|def|1\n|-unboost|p1a: Zamazenta|spd|1\n|\n|-weather|SunnyDay|[upkeep]\n|upkeep\n|turn|26\n|\n|t:|1700558987\n|move|p2a: Alomomola|Protect|p2a: Alomomola\n|-singleturn|p2a: Alomomola|Protect\n|move|p1a: Zamazenta|Close Combat|p2a: Alomomola\n|-activate|p2a: Alomomola|move: Protect\n|\n|-weather|SunnyDay|[upkeep]\n|upkeep\n|turn|27\n|\n|t:|1700558991\n|move|p1a: Zamazenta|Close Combat|p2a: Alomomola\n|-damage|p2a: Alomomola|9\/100\n|-unboost|p1a: Zamazenta|def|1\n|-unboost|p1a: Zamazenta|spd|1\n|move|p2a: Alomomola|Wish|p2a: Alomomola\n|\n|-weather|none\n|upkeep\n|turn|28\n|\n|t:|1700558994\n|move|p2a: Alomomola|Protect|p2a: Alomomola\n|-singleturn|p2a: Alomomola|Protect\n|move|p1a: Zamazenta|Close Combat|p2a: Alomomola\n|-activate|p2a: Alomomola|move: Protect\n|\n|-heal|p2a: Alomomola|59\/100|[from] move: Wish|[wisher] Alomomola\n|-fieldend|move: Psychic Terrain\n|upkeep\n|turn|29\n|\n|t:|1700559000\n|switch|p2a: Slowking|Slowking-Galar, M|95\/100\n|move|p1a: Zamazenta|Close Combat|p2a: Slowking\n|-resisted|p2a: Slowking\n|-damage|p2a: Slowking|73\/100\n|-unboost|p1a: Zamazenta|def|1\n|-unboost|p1a: Zamazenta|spd|1\n|\n|-heal|p2a: Slowking|79\/100|[from] item: Leftovers\n|upkeep\n|turn|30\n|\n|t:|1700559004\n|switch|p1a: Ogerpon|Ogerpon-Teal-Tera, F, tera:Grass|91\/100\n|-ability|p1a: Ogerpon|Embody Aspect (Teal)|boost\n|-boost|p1a: Ogerpon|spe|1\n|move|p2a: Slowking|Future Sight|p1a: Ogerpon\n|-start|p2a: Slowking|move: Future Sight\n|\n|-heal|p2a: Slowking|86\/100|[from] item: Leftovers\n|upkeep\n|turn|31\n|\n|t:|1700559010\n|switch|p2a: Cinderace|Cinderace, F|100\/100\n|move|p1a: Ogerpon|Knock Off|p2a: Cinderace\n|-damage|p2a: Cinderace|36\/100\n|-enditem|p2a: Cinderace|Heavy-Duty Boots|[from] move: Knock Off|[of] p1a: Ogerpon\n|-damage|p1a: Ogerpon|81\/100|[from] item: Life Orb\n|\n|upkeep\n|turn|32\n|\n|t:|1700559020\n|switch|p2a: Alomomola|Alomomola, M|93\/100\n|move|p1a: Ogerpon|Knock Off|p2a: Alomomola\n|-damage|p2a: Alomomola|71\/100\n|-enditem|p2a: Alomomola|Lagging Tail|[from] move: Knock Off|[of] p1a: Ogerpon\n|-damage|p1a: Ogerpon|71\/100|[from] item: Life Orb\n|\n|-end|p1a: Ogerpon|move: Future Sight\n|-crit|p1a: Ogerpon\n|-damage|p1a: Ogerpon|0 fnt\n|faint|p1a: Ogerpon\n|upkeep\n|\n|t:|1700559025\n|switch|p1a: Zamazenta|Zamazenta|100\/100\n|turn|33\n|\n|t:|1700559031\n|switch|p2a: Landorus|Landorus-Therian, M|29\/100\n|-ability|p2a: Landorus|Intimidate|boost\n|-unboost|p1a: Zamazenta|atk|1\n|move|p1a: Zamazenta|Crunch|p2a: Landorus\n|-damage|p2a: Landorus|7\/100\n|\n|-heal|p2a: Landorus|13\/100|[from] item: Leftovers\n|upkeep\n|turn|34\n|\n|t:|1700559041\n|switch|p2a: Alomomola|Alomomola, M|100\/100\n|move|p1a: Zamazenta|Crunch|p2a: Alomomola\n|-damage|p2a: Alomomola|86\/100\n|-unboost|p2a: Alomomola|def|1\n|\n|upkeep\n|turn|35\n|c|\u2606chuntaro-kun|where the famous toxic fnsher\n|\n|t:|1700559048\n|move|p1a: Zamazenta|Crunch|p2a: Alomomola\n|-damage|p2a: Alomomola|65\/100\n|move|p2a: Alomomola|Toxic|p1a: Zamazenta\n|-status|p1a: Zamazenta|tox\n|\n|-damage|p1a: Zamazenta|94\/100 tox|[from] psn\n|upkeep\n|turn|36\n|\n|t:|1700559053\n|move|p1a: Zamazenta|Crunch|p2a: Alomomola\n|-damage|p2a: Alomomola|44\/100\n|-unboost|p2a: Alomomola|def|1\n|move|p2a: Alomomola|Flip Turn|p1a: Zamazenta\n|-damage|p1a: Zamazenta|80\/100 tox\n|c|\u2606chuntaro-kun|yea there it is\n|c|\u2606Miku Nakano ily|there ya go\n|c|\u2606Miku Nakano ily|lol\n|c|\u2606chuntaro-kun|hahahaha\n|\n|t:|1700559063\n|switch|p2a: Iron Valiant|Iron Valiant, shiny|100\/100|[from] Flip Turn\n|-enditem|p2a: Iron Valiant|Booster Energy\n|-activate|p2a: Iron Valiant|ability: Quark Drive|[fromitem]\n|-start|p2a: Iron Valiant|quarkdrivespe\n|\n|-damage|p1a: Zamazenta|68\/100 tox|[from] psn\n|upkeep\n|turn|37\n|\n|t:|1700559066\n|move|p2a: Iron Valiant|Swords Dance|p2a: Iron Valiant\n|-boost|p2a: Iron Valiant|atk|2\n|move|p1a: Zamazenta|Crunch|p2a: Iron Valiant\n|-resisted|p2a: Iron Valiant\n|-damage|p2a: Iron Valiant|92\/100\n|\n|-damage|p1a: Zamazenta|49\/100 tox|[from] psn\n|upkeep\n|turn|38\n|\n|t:|1700559071\n|move|p2a: Iron Valiant|Swords Dance|p2a: Iron Valiant\n|-boost|p2a: Iron Valiant|atk|2\n|move|p1a: Zamazenta|Crunch|p2a: Iron Valiant\n|-resisted|p2a: Iron Valiant\n|-damage|p2a: Iron Valiant|84\/100\n|\n|-damage|p1a: Zamazenta|25\/100 tox|[from] psn\n|upkeep\n|turn|39\n|c|\u2606chuntaro-kun|just sowrd dance\n|\n|t:|1700559076\n|move|p2a: Iron Valiant|Spirit Break|p1a: Zamazenta\n|-supereffective|p1a: Zamazenta\n|-damage|p1a: Zamazenta|0 fnt\n|faint|p1a: Zamazenta\n|\n|win|Miku Nakano ily\n|n|\u2606chuntaro-kun|chuntarokun\n|n|\u2606Miku Nakano ily|mikunakanoily\n|n| Velcroc|velcroc\n","uploadtime":1700559077,"views":4,"p1id":"chuntarokun","p2id":"mikunakanoily","formatid":"gen9nationaldex","rating":0,"private":0,"password":""}