{"id":"gen9nationaldex-1989921066","p1":"ShedinjaW\/LifeOrb","p2":"PointedRanger11","format":"[Gen 9] National Dex","log":"|j|\u2606ShedinjaW\/LifeOrb\n|j|\u2606PointedRanger11\n|t:|1699906886\n|gametype|singles\n|player|p1|ShedinjaW\/LifeOrb|bugcatcher-gen4dp|1433\n|player|p2|PointedRanger11|n|1361\n|teamsize|p1|6\n|teamsize|p2|6\n|gen|9\n|tier|[Gen 9] National Dex\n|rated|\n|rule|HP Percentage Mod: HP is shown in percentages\n|rule|Endless Battle Clause: Forcing endless battles is banned\n|rule|OHKO Clause: OHKO moves are banned\n|rule|Evasion Clause: Evasion abilities, items, and moves are banned\n|rule|Evasion Abilities Clause: Evasion abilities are banned\n|rule|Evasion Items Clause: Evasion items are banned\n|rule|Evasion Moves Clause: Evasion moves are banned\n|rule|Species Clause: Limit one of each Pok\u00e9mon\n|rule|Sleep Clause Mod: Limit one foe put to sleep\n|clearpoke\n|poke|p1|Tornadus-Therian, M|\n|poke|p1|Kartana|\n|poke|p1|Urshifu-*, F|\n|poke|p1|Blissey, F|\n|poke|p1|Kyurem|\n|poke|p1|Charizard, M|\n|poke|p2|Aerodactyl, F|\n|poke|p2|Zoroark-Hisui, F|\n|poke|p2|Kyurem|\n|poke|p2|Skeledirge, F|\n|poke|p2|Hawlucha, M|\n|poke|p2|Toxapex, F|\n|teampreview\n|inactive|Battle timer is ON: inactive players will automatically lose when time's up. (requested by ShedinjaW\/LifeOrb)\n|\n|t:|1699906899\n|start\n|switch|p1a: Tornadus|Tornadus-Therian, M|100\/100\n|switch|p2a: WHAT KILLED DINO?|Kyurem|100\/100\n|-ability|p2a: WHAT KILLED DINO?|Pressure\n|turn|1\n|\n|t:|1699906904\n|move|p1a: Tornadus|Knock Off|p2a: WHAT KILLED DINO?\n|-damage|p2a: WHAT KILLED DINO?|86\/100\n|-enditem|p2a: WHAT KILLED DINO?|Leftovers|[from] move: Knock Off|[of] p1a: Tornadus\n|move|p2a: WHAT KILLED DINO?|Substitute|p2a: WHAT KILLED DINO?\n|-start|p2a: WHAT KILLED DINO?|Substitute\n|-damage|p2a: WHAT KILLED DINO?|61\/100\n|\n|upkeep\n|turn|2\n|\n|t:|1699906910\n|move|p1a: Tornadus|U-turn|p2a: WHAT KILLED DINO?\n|-activate|p2a: WHAT KILLED DINO?|move: Substitute|[damage]\n|\n|t:|1699906912\n|switch|p1a: Blissey|Blissey, F|100\/100|[from] U-turn\n|move|p2a: WHAT KILLED DINO?|Roost|p2a: WHAT KILLED DINO?\n|-heal|p2a: WHAT KILLED DINO?|100\/100\n|-singleturn|p2a: WHAT KILLED DINO?|move: Roost\n|\n|upkeep\n|turn|3\n|\n|t:|1699906918\n|move|p2a: WHAT KILLED DINO?|Freeze-Dry|p1a: Blissey\n|-damage|p1a: Blissey|85\/100\n|-status|p1a: Blissey|frz\n|-curestatus|p1a: Blissey|frz|[msg]\n|move|p1a: Blissey|Teleport|p1a: Blissey\n|\n|t:|1699906920\n|switch|p1a: Urshifu|Urshifu-Rapid-Strike, F|100\/100|[from] Teleport\n|\n|upkeep\n|turn|4\n|\n|t:|1699906926\n|move|p1a: Urshifu|U-turn|p2a: WHAT KILLED DINO?\n|-crit|p2a: WHAT KILLED DINO?\n|-end|p2a: WHAT KILLED DINO?|Substitute\n|\n|t:|1699906928\n|switch|p1a: Blissey|Blissey, F|85\/100|[from] U-turn\n|move|p2a: WHAT KILLED DINO?|Freeze-Dry|p1a: Blissey\n|-damage|p1a: Blissey|70\/100\n|\n|upkeep\n|turn|5\n|\n|t:|1699906934\n|move|p2a: WHAT KILLED DINO?|Substitute|p2a: WHAT KILLED DINO?\n|-start|p2a: WHAT KILLED DINO?|Substitute\n|-damage|p2a: WHAT KILLED DINO?|76\/100\n|move|p1a: Blissey|Teleport|p1a: Blissey\n|\n|t:|1699906936\n|switch|p1a: Urshifu|Urshifu-Rapid-Strike, F|100\/100|[from] Teleport\n|\n|upkeep\n|turn|6\n|\n|t:|1699906940\n|move|p1a: Urshifu|U-turn|p2a: WHAT KILLED DINO?\n|-end|p2a: WHAT KILLED DINO?|Substitute\n|\n|t:|1699906943\n|switch|p1a: Blissey|Blissey, F|70\/100|[from] U-turn\n|move|p2a: WHAT KILLED DINO?|Freeze-Dry|p1a: Blissey\n|-damage|p1a: Blissey|55\/100\n|\n|upkeep\n|turn|7\n|\n|t:|1699906949\n|move|p2a: WHAT KILLED DINO?|Substitute|p2a: WHAT KILLED DINO?\n|-start|p2a: WHAT KILLED DINO?|Substitute\n|-damage|p2a: WHAT KILLED DINO?|51\/100\n|move|p1a: Blissey|Teleport|p1a: Blissey\n|\n|t:|1699906957\n|switch|p1a: Urshifu|Urshifu-Rapid-Strike, F|100\/100|[from] Teleport\n|\n|upkeep\n|turn|8\n|\n|t:|1699906961\n|move|p1a: Urshifu|U-turn|p2a: WHAT KILLED DINO?\n|-end|p2a: WHAT KILLED DINO?|Substitute\n|c|\u2606PointedRanger11|dude play the game\n|\n|t:|1699906973\n|switch|p1a: Charizard|Charizard, M|100\/100|[from] U-turn\n|move|p2a: WHAT KILLED DINO?|Roost|p2a: WHAT KILLED DINO?\n|-heal|p2a: WHAT KILLED DINO?|100\/100\n|-singleturn|p2a: WHAT KILLED DINO?|move: Roost\n|\n|upkeep\n|turn|9\n|c|\u2606ShedinjaW\/LifeOrb|i am\n|c|\u2606ShedinjaW\/LifeOrb|im wasting your roosts\n|c|\u2606PointedRanger11|no your just sitching constanly\n|c|\u2606ShedinjaW\/LifeOrb|yeah\n|\n|t:|1699906991\n|switch|p2a: KING K ROOL|Skeledirge, F|100\/100\n|detailschange|p1a: Charizard|Charizard-Mega-Y, M\n|-mega|p1a: Charizard|Charizard|Charizardite Y\n|-weather|SunnyDay|[from] ability: Drought|[of] p1a: Charizard\n|move|p1a: Charizard|Weather Ball|p2a: KING K ROOL\n|-resisted|p2a: KING K ROOL\n|-damage|p2a: KING K ROOL|70\/100\n|\n|-weather|SunnyDay|[upkeep]\n|-heal|p2a: KING K ROOL|76\/100|[from] item: Leftovers\n|upkeep\n|turn|10\n|c|\u2606ShedinjaW\/LifeOrb|and doing damage at the same time\n|\n|t:|1699907001\n|switch|p1a: Blissey|Blissey, F|55\/100\n|move|p2a: KING K ROOL|Torch Song|p1a: Blissey\n|-damage|p1a: Blissey|38\/100\n|-boost|p2a: KING K ROOL|spa|1\n|\n|-weather|SunnyDay|[upkeep]\n|-heal|p2a: KING K ROOL|82\/100|[from] item: Leftovers\n|upkeep\n|turn|11\n|\n|t:|1699907009\n|move|p2a: KING K ROOL|Torch Song|p1a: Blissey\n|-damage|p1a: Blissey|15\/100\n|-boost|p2a: KING K ROOL|spa|1\n|move|p1a: Blissey|Soft-Boiled|p1a: Blissey\n|-heal|p1a: Blissey|65\/100\n|\n|-weather|SunnyDay|[upkeep]\n|-heal|p2a: KING K ROOL|88\/100|[from] item: Leftovers\n|upkeep\n|turn|12\n|\n|t:|1699907017\n|move|p2a: KING K ROOL|Torch Song|p1a: Blissey\n|-damage|p1a: Blissey|32\/100\n|-boost|p2a: KING K ROOL|spa|1\n|move|p1a: Blissey|Soft-Boiled|p1a: Blissey\n|-heal|p1a: Blissey|82\/100\n|\n|-weather|SunnyDay|[upkeep]\n|-heal|p2a: KING K ROOL|94\/100|[from] item: Leftovers\n|upkeep\n|turn|13\n|\n|t:|1699907025\n|move|p2a: KING K ROOL|Torch Song|p1a: Blissey\n|-damage|p1a: Blissey|43\/100\n|-boost|p2a: KING K ROOL|spa|1\n|move|p1a: Blissey|Teleport|p1a: Blissey\n|\n|t:|1699907027\n|switch|p1a: Kartana|Kartana|100\/100|[from] Teleport\n|\n|-weather|none\n|-heal|p2a: KING K ROOL|100\/100|[from] item: Leftovers\n|upkeep\n|turn|14\n|\n|t:|1699907035\n|move|p1a: Kartana|Knock Off|p2a: KING K ROOL\n|-supereffective|p2a: KING K ROOL\n|-damage|p2a: KING K ROOL|17\/100\n|-enditem|p2a: KING K ROOL|Leftovers|[from] move: Knock Off|[of] p1a: Kartana\n|move|p2a: KING K ROOL|Torch Song|p1a: Kartana\n|-supereffective|p1a: Kartana\n|-damage|p1a: Kartana|0 fnt\n|-boost|p2a: KING K ROOL|spa|1\n|faint|p1a: Kartana\n|\n|upkeep\n|\n|t:|1699907038\n|switch|p1a: Urshifu|Urshifu-Rapid-Strike, F|100\/100\n|turn|15\n|\n|t:|1699907051\n|switch|p2a: FUCK YOU URSHIFU|Toxapex, F|100\/100\n|move|p1a: Urshifu|Surging Strikes|p2a: FUCK YOU URSHIFU\n|-resisted|p2a: FUCK YOU URSHIFU\n|-crit|p2a: FUCK YOU URSHIFU\n|-damage|p2a: FUCK YOU URSHIFU|92\/100\n|-resisted|p2a: FUCK YOU URSHIFU\n|-crit|p2a: FUCK YOU URSHIFU\n|-damage|p2a: FUCK YOU URSHIFU|83\/100\n|-resisted|p2a: FUCK YOU URSHIFU\n|-crit|p2a: FUCK YOU URSHIFU\n|-damage|p2a: FUCK YOU URSHIFU|75\/100\n|-hitcount|p2a: FUCK YOU URSHIFU|3\n|\n|-heal|p2a: FUCK YOU URSHIFU|81\/100|[from] item: Leftovers\n|upkeep\n|turn|16\n|\n|t:|1699907062\n|switch|p1a: Blissey|Blissey, F|43\/100\n|move|p2a: FUCK YOU URSHIFU|Toxic|p1a: Blissey\n|-status|p1a: Blissey|tox\n|\n|-heal|p2a: FUCK YOU URSHIFU|87\/100|[from] item: Leftovers\n|-damage|p1a: Blissey|37\/100 tox|[from] psn\n|upkeep\n|turn|17\n|\n|t:|1699907071\n|move|p2a: FUCK YOU URSHIFU|Baneful Bunker|p2a: FUCK YOU URSHIFU\n|-singleturn|p2a: FUCK YOU URSHIFU|move: Protect\n|move|p1a: Blissey|Teleport|p1a: Blissey\n|\n|t:|1699907073\n|-curestatus|p1a: Blissey|tox|[from] ability: Natural Cure\n|switch|p1a: Kyurem|Kyurem|100\/100|[from] Teleport\n|-ability|p1a: Kyurem|Pressure\n|\n|-heal|p2a: FUCK YOU URSHIFU|94\/100|[from] item: Leftovers\n|upkeep\n|turn|18\n|\n|t:|1699907082\n|move|p1a: Kyurem|Substitute|p1a: Kyurem\n|-start|p1a: Kyurem|Substitute\n|-damage|p1a: Kyurem|76\/100\n|move|p2a: FUCK YOU URSHIFU|Toxic||[still]\n|-fail|p2a: FUCK YOU URSHIFU\n|\n|-heal|p2a: FUCK YOU URSHIFU|99\/100|[from] item: Leftovers\n|upkeep\n|turn|19\n|\n|t:|1699907096\n|switch|p2a: BIRD UP|Hawlucha, M|100\/100\n|-ability|p2a: BIRD UP|Mold Breaker\n|move|p1a: Kyurem|Freeze-Dry|p2a: BIRD UP\n|-supereffective|p2a: BIRD UP\n|-damage|p2a: BIRD UP|0 fnt\n|faint|p2a: BIRD UP\n|\n|upkeep\n|\n|t:|1699907110\n|switch|p2a: AAAAAAAAAAAAAA|Aerodactyl, F|100\/100\n|turn|20\n|\n|t:|1699907113\n|detailschange|p2a: AAAAAAAAAAAAAA|Aerodactyl-Mega, F\n|-mega|p2a: AAAAAAAAAAAAAA|Aerodactyl|Aerodactylite\n|move|p2a: AAAAAAAAAAAAAA|Iron Head|p1a: Kyurem\n|-supereffective|p1a: Kyurem\n|-end|p1a: Kyurem|Substitute\n|-zpower|p1a: Kyurem\n|move|p1a: Kyurem|Subzero Slammer|p2a: AAAAAAAAAAAAAA|[zeffect]\n|-supereffective|p2a: AAAAAAAAAAAAAA\n|-damage|p2a: AAAAAAAAAAAAAA|0 fnt\n|faint|p2a: AAAAAAAAAAAAAA\n|\n|upkeep\n|n|!PointedRanger11|pointedranger11\n|\n|t:|1699907133\n|switch|p2a: WHAT KILLED DINO?|Kyurem|100\/100\n|-ability|p2a: WHAT KILLED DINO?|Pressure\n|turn|21\n|\n|t:|1699907138\n|switch|p1a: Blissey|Blissey, F|37\/100\n|move|p2a: WHAT KILLED DINO?|Substitute|p2a: WHAT KILLED DINO?\n|-start|p2a: WHAT KILLED DINO?|Substitute\n|-damage|p2a: WHAT KILLED DINO?|76\/100\n|\n|upkeep\n|turn|22\n|\n|t:|1699907143\n|move|p2a: WHAT KILLED DINO?|Freeze-Dry|p1a: Blissey\n|-damage|p1a: Blissey|23\/100\n|move|p1a: Blissey|Soft-Boiled|p1a: Blissey\n|-heal|p1a: Blissey|73\/100\n|\n|upkeep\n|turn|23\n|-message|PointedRanger11 forfeited.\n|\n|win|ShedinjaW\/LifeOrb\n|raw|ShedinjaW&#x2f;LifeOrb's rating: 1417 &rarr; <strong>1434<\/strong><br \/>(+17 for winning)\n|raw|PointedRanger11's rating: 1361 &rarr; <strong>1344<\/strong><br \/>(-17 for losing)\n|l|!PointedRanger11\n","uploadtime":1699907126,"views":6,"p1id":"shedinjawlifeorb","p2id":"pointedranger11","formatid":"gen9nationaldex","rating":1344,"private":0,"password":""}