{"id":"gen9nationaldex-1998413814","p1":"MajorHurricane","p2":"Epicgamergod69","format":"[Gen 9] National Dex","log":"|html|<div class=\"broadcast-blue\"><strong>[Gen 9] National Dex is currently suspecting Sneasler! For information on how to participate check out the <a href=\"https:\/\/www.smogon.com\/forums\/threads\/sv-national-dex-suspect-8-just-dance.3731534\/\">suspect thread<\/a>.<\/strong><\/div>\n|j|\u2606MajorHurricane\n|j|\u2606Epicgamergod69\n|inactive|Battle timer is ON: inactive players will automatically lose when time's up.\n|t:|1700939604\n|gametype|singles\n|player|p1|MajorHurricane|emmet|\n|player|p2|Epicgamergod69|steven-masters2|\n|teamsize|p1|6\n|teamsize|p2|6\n|gen|9\n|tier|[Gen 9] National Dex\n|rated|Tournament battle\n|rule|HP Percentage Mod: HP is shown in percentages\n|rule|Endless Battle Clause: Forcing endless battles is banned\n|rule|OHKO Clause: OHKO moves are banned\n|rule|Evasion Clause: Evasion abilities, items, and moves are banned\n|rule|Evasion Abilities Clause: Evasion abilities are banned\n|rule|Evasion Items Clause: Evasion items are banned\n|rule|Evasion Moves Clause: Evasion moves are banned\n|rule|Species Clause: Limit one of each Pok\u00e9mon\n|rule|Sleep Clause Mod: Limit one foe put to sleep\n|clearpoke\n|poke|p1|Blaziken, M|\n|poke|p1|Tapu Lele|\n|poke|p1|Alomomola, M|\n|poke|p1|Zapdos|\n|poke|p1|Hydreigon, M|\n|poke|p1|Iron Treads|\n|poke|p2|Gliscor, F|\n|poke|p2|Buzzwole|\n|poke|p2|Alomomola, F|\n|poke|p2|Dondozo, M|\n|poke|p2|Garganacl, M|\n|poke|p2|Chansey, F|\n|teampreview\n|\n|t:|1700939614\n|start\n|switch|p1a: Zapdos|Zapdos|100\/100\n|switch|p2a: Alomomola|Alomomola, F|100\/100\n|turn|1\n|\n|t:|1700939624\n|switch|p1a: Alomomola|Alomomola, M|100\/100\n|switch|p2a: Gliscor|Gliscor, F|100\/100\n|\n|-status|p2a: Gliscor|tox|[from] item: Toxic Orb\n|upkeep\n|turn|2\n|\n|t:|1700939629\n|switch|p2a: Buzzwole|Buzzwole|100\/100\n|move|p1a: Alomomola|Flip Turn|p2a: Buzzwole\n|-damage|p2a: Buzzwole|92\/100\n|j| XXMurdrXX\n|\n|t:|1700939638\n|switch|p1a: Tapu Lele|Tapu Lele|100\/100|[from] Flip Turn\n|-fieldstart|move: Psychic Terrain|[from] ability: Psychic Surge|[of] p1a: Tapu Lele\n|\n|upkeep\n|turn|3\n|\n|t:|1700939648\n|switch|p2a: Garganacl|Garganacl, M|100\/100\n|move|p1a: Tapu Lele|Psyshock|p2a: Garganacl\n|-damage|p2a: Garganacl|66\/100\n|\n|-heal|p2a: Garganacl|72\/100|[from] item: Leftovers\n|upkeep\n|turn|4\n|\n|t:|1700939659\n|switch|p1a: Hydreigon|Hydreigon, M|100\/100\n|move|p2a: Garganacl|Curse|p2a: Garganacl\n|-unboost|p2a: Garganacl|spe|1\n|-boost|p2a: Garganacl|atk|1\n|-boost|p2a: Garganacl|def|1\n|\n|-heal|p2a: Garganacl|78\/100|[from] item: Leftovers\n|upkeep\n|turn|5\n|\n|t:|1700939664\n|-terastallize|p1a: Hydreigon|Poison\n|-terastallize|p2a: Garganacl|Water\n|move|p1a: Hydreigon|Taunt|p2a: Garganacl\n|-start|p2a: Garganacl|move: Taunt\n|move|p2a: Garganacl|Salt Cure|p1a: Hydreigon\n|-damage|p1a: Hydreigon|82\/100\n|-start|p1a: Hydreigon|Salt Cure\n|\n|-heal|p1a: Hydreigon|88\/100|[from] item: Leftovers\n|-heal|p2a: Garganacl|84\/100|[from] item: Leftovers\n|-damage|p1a: Hydreigon|75\/100|[from] Salt Cure\n|upkeep\n|turn|6\n|\n|t:|1700939678\n|switch|p1a: Zapdos|Zapdos|100\/100\n|move|p2a: Garganacl|Salt Cure|p1a: Zapdos\n|-supereffective|p1a: Zapdos\n|-crit|p1a: Zapdos\n|-damage|p1a: Zapdos|54\/100\n|-start|p1a: Zapdos|Salt Cure\n|\n|-heal|p2a: Garganacl|90\/100|[from] item: Leftovers\n|-damage|p1a: Zapdos|41\/100|[from] Salt Cure\n|-fieldend|move: Psychic Terrain\n|upkeep\n|turn|7\n|\n|t:|1700939681\n|move|p1a: Zapdos|Volt Switch|p2a: Garganacl\n|-supereffective|p2a: Garganacl\n|-damage|p2a: Garganacl|55\/100\n|\n|t:|1700939703\n|switch|p1a: Tapu Lele|Tapu Lele|100\/100|[from] Volt Switch\n|-fieldstart|move: Psychic Terrain|[from] ability: Psychic Surge|[of] p1a: Tapu Lele\n|move|p2a: Garganacl|Salt Cure|p1a: Tapu Lele\n|-damage|p1a: Tapu Lele|66\/100\n|-start|p1a: Tapu Lele|Salt Cure\n|\n|-heal|p2a: Garganacl|61\/100|[from] item: Leftovers\n|-damage|p1a: Tapu Lele|54\/100|[from] Salt Cure\n|-end|p2a: Garganacl|move: Taunt\n|upkeep\n|turn|8\n|\n|t:|1700939709\n|move|p1a: Tapu Lele|Psychic|p2a: Garganacl\n|-damage|p2a: Garganacl|20\/100\n|move|p2a: Garganacl|Earthquake|p1a: Tapu Lele\n|-damage|p1a: Tapu Lele|0 fnt\n|faint|p1a: Tapu Lele\n|\n|-heal|p2a: Garganacl|26\/100|[from] item: Leftovers\n|upkeep\n|inactive|MajorHurricane has 120 seconds left.\n|\n|t:|1700939732\n|switch|p1a: Zapdos|Zapdos|41\/100\n|turn|9\n|\n|t:|1700939746\n|switch|p2a: Chansey|Chansey, F|100\/100\n|move|p1a: Zapdos|Hurricane|p2a: Chansey\n|-damage|p2a: Chansey|86\/100\n|-start|p2a: Chansey|confusion\n|\n|upkeep\n|turn|10\n|\n|t:|1700939749\n|move|p1a: Zapdos|Roost|p1a: Zapdos\n|-heal|p1a: Zapdos|91\/100\n|-singleturn|p1a: Zapdos|move: Roost\n|-activate|p2a: Chansey|confusion\n|move|p2a: Chansey|Seismic Toss|p1a: Zapdos\n|-damage|p1a: Zapdos|65\/100\n|\n|upkeep\n|turn|11\n|\n|t:|1700939752\n|move|p1a: Zapdos|Volt Switch|p2a: Chansey\n|-damage|p2a: Chansey|77\/100\n|\n|t:|1700939760\n|switch|p1a: Iron Treads|Iron Treads|100\/100|[from] Volt Switch\n|-end|p2a: Chansey|confusion\n|move|p2a: Chansey|Toxic|p1a: Iron Treads\n|-immune|p1a: Iron Treads\n|\n|-fieldend|move: Psychic Terrain\n|upkeep\n|turn|12\n|\n|t:|1700939766\n|switch|p2a: Buzzwole|Buzzwole|92\/100\n|move|p1a: Iron Treads|Knock Off|p2a: Buzzwole\n|-resisted|p2a: Buzzwole\n|-damage|p2a: Buzzwole|87\/100\n|-enditem|p2a: Buzzwole|Heavy-Duty Boots|[from] move: Knock Off|[of] p1a: Iron Treads\n|\n|upkeep\n|turn|13\n|\n|t:|1700939775\n|-end|p1a: Iron Treads|Quark Drive|[silent]\n|switch|p1a: Zapdos|Zapdos|65\/100\n|move|p2a: Buzzwole|Bulk Up|p2a: Buzzwole\n|-boost|p2a: Buzzwole|atk|1\n|-boost|p2a: Buzzwole|def|1\n|\n|upkeep\n|turn|14\n|\n|t:|1700939780\n|move|p1a: Zapdos|Hurricane|p2a: Buzzwole\n|-supereffective|p2a: Buzzwole\n|-damage|p2a: Buzzwole|0 fnt\n|faint|p2a: Buzzwole\n|\n|upkeep\n|\n|t:|1700939784\n|switch|p2a: Chansey|Chansey, F|77\/100\n|turn|15\n|\n|t:|1700939789\n|move|p1a: Zapdos|Roost|p1a: Zapdos\n|-heal|p1a: Zapdos|100\/100\n|-singleturn|p1a: Zapdos|move: Roost\n|move|p2a: Chansey|Seismic Toss|p1a: Zapdos\n|-damage|p1a: Zapdos|74\/100\n|\n|upkeep\n|turn|16\n|\n|t:|1700939795\n|switch|p2a: Gliscor|Gliscor, F|100\/100 tox\n|move|p1a: Zapdos|Volt Switch|p2a: Gliscor\n|-immune|p2a: Gliscor\n|\n|upkeep\n|turn|17\n|j| Ghha\n|\n|t:|1700939804\n|switch|p1a: Alomomola|Alomomola, M|100\/100\n|move|p2a: Gliscor|Toxic|p1a: Alomomola\n|-status|p1a: Alomomola|tox\n|\n|-damage|p1a: Alomomola|94\/100 tox|[from] psn\n|upkeep\n|turn|18\n|\n|t:|1700939808\n|switch|p2a: Dondozo|Dondozo, M|100\/100\n|move|p1a: Alomomola|Flip Turn|p2a: Dondozo\n|-resisted|p2a: Dondozo\n|-damage|p2a: Dondozo|96\/100\n|\n|t:|1700939828\n|switch|p1a: Zapdos|Zapdos|74\/100|[from] Flip Turn\n|\n|-heal|p2a: Dondozo|100\/100|[from] item: Leftovers\n|upkeep\n|turn|19\n|\n|t:|1700939834\n|switch|p2a: Chansey|Chansey, F|77\/100\n|move|p1a: Zapdos|Hurricane|p2a: Chansey\n|-damage|p2a: Chansey|64\/100\n|\n|upkeep\n|turn|20\n|\n|t:|1700939836\n|move|p1a: Zapdos|Volt Switch|p2a: Chansey\n|-damage|p2a: Chansey|54\/100\n|\n|t:|1700939841\n|switch|p1a: Hydreigon|Hydreigon, M, tera:Poison|75\/100|[from] Volt Switch\n|move|p2a: Chansey|Soft-Boiled|p2a: Chansey\n|-heal|p2a: Chansey|100\/100\n|\n|-heal|p1a: Hydreigon|82\/100|[from] item: Leftovers\n|upkeep\n|turn|21\n|\n|t:|1700939862\n|move|p1a: Hydreigon|Fire Spin|p2a: Chansey\n|-damage|p2a: Chansey|97\/100\n|-activate|p2a: Chansey|move: Fire Spin|[of] p1a: Hydreigon\n|move|p2a: Chansey|Seismic Toss|p1a: Hydreigon\n|-damage|p1a: Hydreigon|56\/100\n|\n|-heal|p1a: Hydreigon|62\/100|[from] item: Leftovers\n|-damage|p2a: Chansey|85\/100|[from] move: Fire Spin|[partiallytrapped]\n|upkeep\n|turn|22\n|\n|t:|1700939873\n|move|p1a: Hydreigon|Taunt|p2a: Chansey\n|-start|p2a: Chansey|move: Taunt\n|move|p2a: Chansey|Seismic Toss|p1a: Hydreigon\n|-damage|p1a: Hydreigon|36\/100\n|\n|-heal|p1a: Hydreigon|43\/100|[from] item: Leftovers\n|-damage|p2a: Chansey|73\/100|[from] move: Fire Spin|[partiallytrapped]\n|upkeep\n|turn|23\n|\n|t:|1700939877\n|move|p1a: Hydreigon|Roost|p1a: Hydreigon\n|-heal|p1a: Hydreigon|93\/100\n|move|p2a: Chansey|Seismic Toss|p1a: Hydreigon\n|-damage|p1a: Hydreigon|67\/100\n|\n|-heal|p1a: Hydreigon|73\/100|[from] item: Leftovers\n|-damage|p2a: Chansey|60\/100|[from] move: Fire Spin|[partiallytrapped]\n|upkeep\n|turn|24\n|\n|t:|1700939895\n|move|p1a: Hydreigon|Earth Power|p2a: Chansey\n|-damage|p2a: Chansey|52\/100\n|-unboost|p2a: Chansey|spd|1\n|move|p2a: Chansey|Seismic Toss|p1a: Hydreigon\n|-damage|p1a: Hydreigon|47\/100\n|\n|-heal|p1a: Hydreigon|53\/100|[from] item: Leftovers\n|-damage|p2a: Chansey|40\/100|[from] move: Fire Spin|[partiallytrapped]\n|-end|p2a: Chansey|move: Taunt\n|upkeep\n|turn|25\n|\n|t:|1700939910\n|move|p1a: Hydreigon|Taunt|p2a: Chansey\n|-start|p2a: Chansey|move: Taunt\n|move|p2a: Chansey|Seismic Toss|p1a: Hydreigon\n|-damage|p1a: Hydreigon|28\/100\n|\n|-heal|p1a: Hydreigon|34\/100|[from] item: Leftovers\n|-damage|p2a: Chansey|27\/100|[from] move: Fire Spin|[partiallytrapped]\n|upkeep\n|turn|26\n|\n|t:|1700939918\n|move|p1a: Hydreigon|Fire Spin|p2a: Chansey\n|-damage|p2a: Chansey|23\/100\n|move|p2a: Chansey|Seismic Toss|p1a: Hydreigon\n|-damage|p1a: Hydreigon|8\/100\n|\n|-heal|p1a: Hydreigon|14\/100|[from] item: Leftovers\n|-end|p2a: Chansey|Fire Spin|[partiallytrapped]\n|upkeep\n|turn|27\n|\n|t:|1700939922\n|switch|p2a: Garganacl|Garganacl, M, tera:Water|26\/100\n|move|p1a: Hydreigon|Roost|p1a: Hydreigon\n|-heal|p1a: Hydreigon|64\/100\n|\n|-heal|p1a: Hydreigon|70\/100|[from] item: Leftovers\n|-heal|p2a: Garganacl|32\/100|[from] item: Leftovers\n|upkeep\n|turn|28\n|\n|t:|1700939928\n|move|p1a: Hydreigon|Taunt|p2a: Garganacl\n|-start|p2a: Garganacl|move: Taunt\n|move|p2a: Garganacl|Salt Cure|p1a: Hydreigon\n|-damage|p1a: Hydreigon|57\/100\n|-start|p1a: Hydreigon|Salt Cure\n|\n|-heal|p1a: Hydreigon|63\/100|[from] item: Leftovers\n|-heal|p2a: Garganacl|38\/100|[from] item: Leftovers\n|-damage|p1a: Hydreigon|51\/100|[from] Salt Cure\n|upkeep\n|turn|29\n|\n|t:|1700939937\n|switch|p2a: Gliscor|Gliscor, F|100\/100 tox\n|move|p1a: Hydreigon|Fire Spin|p2a: Gliscor\n|-damage|p2a: Gliscor|92\/100 tox\n|-activate|p2a: Gliscor|move: Fire Spin|[of] p1a: Hydreigon\n|\n|-heal|p1a: Hydreigon|57\/100|[from] item: Leftovers\n|-heal|p2a: Gliscor|100\/100 tox|[from] ability: Poison Heal\n|-damage|p1a: Hydreigon|45\/100|[from] Salt Cure\n|-damage|p2a: Gliscor|88\/100 tox|[from] move: Fire Spin|[partiallytrapped]\n|upkeep\n|turn|30\n|\n|t:|1700939945\n|move|p1a: Hydreigon|Roost|p1a: Hydreigon\n|-heal|p1a: Hydreigon|95\/100\n|move|p2a: Gliscor|Defog|p1a: Hydreigon\n|-unboost|p1a: Hydreigon|evasion|1\n|\n|-heal|p1a: Hydreigon|100\/100|[from] item: Leftovers\n|-heal|p2a: Gliscor|100\/100 tox|[from] ability: Poison Heal\n|-damage|p1a: Hydreigon|88\/100|[from] Salt Cure\n|-damage|p2a: Gliscor|88\/100 tox|[from] move: Fire Spin|[partiallytrapped]\n|upkeep\n|turn|31\n|\n|t:|1700939962\n|move|p1a: Hydreigon|Taunt|p2a: Gliscor\n|-start|p2a: Gliscor|move: Taunt\n|cant|p2a: Gliscor|move: Taunt|Defog\n|\n|-heal|p1a: Hydreigon|94\/100|[from] item: Leftovers\n|-heal|p2a: Gliscor|100\/100 tox|[from] ability: Poison Heal\n|-damage|p1a: Hydreigon|82\/100|[from] Salt Cure\n|-damage|p2a: Gliscor|88\/100 tox|[from] move: Fire Spin|[partiallytrapped]\n|upkeep\n|turn|32\n|\n|t:|1700939973\n|switch|p1a: Zapdos|Zapdos|74\/100\n|move|p2a: Gliscor|Earthquake|p1a: Zapdos\n|-immune|p1a: Zapdos\n|\n|-heal|p2a: Gliscor|100\/100 tox|[from] ability: Poison Heal\n|-end|p2a: Gliscor|Fire Spin|[partiallytrapped]|[silent]\n|upkeep\n|turn|33\n|\n|t:|1700939982\n|switch|p2a: Chansey|Chansey, F|23\/100\n|move|p1a: Zapdos|Hurricane|p2a: Chansey\n|-crit|p2a: Chansey\n|-damage|p2a: Chansey|2\/100\n|-start|p2a: Chansey|confusion\n|\n|upkeep\n|turn|34\n|\n|t:|1700939990\n|move|p1a: Zapdos|Volt Switch|p2a: Chansey\n|-damage|p2a: Chansey|0 fnt\n|faint|p2a: Chansey\n|\n|t:|1700939992\n|switch|p1a: Alomomola|Alomomola, M|100\/100 tox|[from] Volt Switch\n|\n|-damage|p1a: Alomomola|94\/100 tox|[from] psn\n|upkeep\n|\n|t:|1700939996\n|switch|p2a: Garganacl|Garganacl, M, tera:Water|38\/100\n|turn|35\n|\n|t:|1700940001\n|move|p1a: Alomomola|Flip Turn|p2a: Garganacl\n|-resisted|p2a: Garganacl\n|-damage|p2a: Garganacl|33\/100\n|\n|t:|1700940011\n|switch|p1a: Blaziken|Blaziken, M|100\/100|[from] Flip Turn\n|move|p2a: Garganacl|Recover|p2a: Garganacl\n|-heal|p2a: Garganacl|83\/100\n|\n|-heal|p2a: Garganacl|89\/100|[from] item: Leftovers\n|upkeep\n|turn|36\n|\n|t:|1700940016\n|move|p1a: Blaziken|Swords Dance|p1a: Blaziken\n|-boost|p1a: Blaziken|atk|2\n|move|p2a: Garganacl|Earthquake|p1a: Blaziken\n|-supereffective|p1a: Blaziken\n|-damage|p1a: Blaziken|34\/100\n|\n|-heal|p2a: Garganacl|95\/100|[from] item: Leftovers\n|-ability|p1a: Blaziken|Speed Boost|boost\n|-boost|p1a: Blaziken|spe|1\n|upkeep\n|turn|37\n|\n|t:|1700940024\n|-zpower|p1a: Blaziken\n|move|p1a: Blaziken|All-Out Pummeling|p2a: Garganacl|[zeffect]\n|-damage|p2a: Garganacl|0 fnt\n|faint|p2a: Garganacl\n|\n|-ability|p1a: Blaziken|Speed Boost|boost\n|-boost|p1a: Blaziken|spe|1\n|upkeep\n|\n|t:|1700940026\n|switch|p2a: Dondozo|Dondozo, M|100\/100\n|turn|38\n|\n|t:|1700940039\n|switch|p1a: Alomomola|Alomomola, M|100\/100 tox\n|move|p2a: Dondozo|Liquidation|p1a: Alomomola\n|-resisted|p1a: Alomomola\n|-damage|p1a: Alomomola|92\/100 tox\n|\n|-damage|p1a: Alomomola|85\/100 tox|[from] psn\n|upkeep\n|turn|39\n|\n|t:|1700940046\n|move|p1a: Alomomola|Toxic|p2a: Dondozo\n|-status|p2a: Dondozo|tox\n|move|p2a: Dondozo|Body Press|p1a: Alomomola\n|-damage|p1a: Alomomola|68\/100 tox\n|\n|-damage|p1a: Alomomola|56\/100 tox|[from] psn\n|-damage|p2a: Dondozo|94\/100 tox|[from] psn\n|upkeep\n|turn|40\n|\n|t:|1700940051\n|move|p1a: Alomomola|Wish|p1a: Alomomola\n|move|p2a: Dondozo|Body Press|p1a: Alomomola\n|-damage|p1a: Alomomola|37\/100 tox\n|\n|-heal|p2a: Dondozo|100\/100 tox|[from] item: Leftovers\n|-damage|p1a: Alomomola|19\/100 tox|[from] psn\n|-damage|p2a: Dondozo|88\/100 tox|[from] psn\n|upkeep\n|turn|41\n|\n|t:|1700940056\n|move|p1a: Alomomola|Flip Turn|p2a: Dondozo\n|-resisted|p2a: Dondozo\n|-damage|p2a: Dondozo|84\/100 tox\n|\n|t:|1700940065\n|switch|p1a: Zapdos|Zapdos|74\/100|[from] Flip Turn\n|move|p2a: Dondozo|Body Press|p1a: Zapdos\n|-resisted|p1a: Zapdos\n|-damage|p1a: Zapdos|64\/100\n|\n|-heal|p1a: Zapdos|100\/100|[from] move: Wish|[wisher] Alomomola\n|-heal|p2a: Dondozo|90\/100 tox|[from] item: Leftovers\n|-damage|p2a: Dondozo|72\/100 tox|[from] psn\n|upkeep\n|turn|42\n|\n|t:|1700940074\n|move|p1a: Zapdos|Hurricane|p2a: Dondozo\n|-damage|p2a: Dondozo|35\/100 tox\n|-start|p2a: Dondozo|confusion\n|-activate|p2a: Dondozo|confusion\n|move|p2a: Dondozo|Rest|p2a: Dondozo\n|-status|p2a: Dondozo|slp|[from] move: Rest\n|-heal|p2a: Dondozo|100\/100 slp|[silent]\n|\n|upkeep\n|turn|43\n|\n|t:|1700940081\n|switch|p2a: Gliscor|Gliscor, F|100\/100 tox\n|move|p1a: Zapdos|Volt Switch|p2a: Gliscor\n|-immune|p2a: Gliscor\n|\n|upkeep\n|turn|44\n|\n|t:|1700940091\n|switch|p1a: Hydreigon|Hydreigon, M, tera:Poison|82\/100\n|move|p2a: Gliscor|Toxic|p1a: Hydreigon\n|-immune|p1a: Hydreigon\n|\n|-heal|p1a: Hydreigon|88\/100|[from] item: Leftovers\n|upkeep\n|turn|45\n|-message|Epicgamergod69 forfeited.\n|\n|win|MajorHurricane\n|n|\u2606MajorHurricane|majorhurricane\n|n|\u2606Epicgamergod69|epicgamergod69\n|n| XXMurdrXX|xxmurdrxx\n|n| Ghha|ghha\n|l|\u2606Epicgamergod69\n","uploadtime":1700940118,"views":6,"p1id":"majorhurricane","p2id":"epicgamergod69","formatid":"gen9nationaldex","rating":0,"private":0,"password":""}