{"id":"gen9nationaldex-1989616333","p1":"Fjdjdthtvyccycy","p2":"lucky1111","format":"[Gen 9] National Dex","log":"|j|\u2606Fjdjdthtvyccycy\n|j|\u2606lucky1111\n|t:|1699879285\n|gametype|singles\n|player|p1|Fjdjdthtvyccycy|giovanni|1000\n|player|p2|lucky1111|dawn|1040\n|teamsize|p1|6\n|teamsize|p2|6\n|gen|9\n|tier|[Gen 9] National Dex\n|rated|\n|rule|HP Percentage Mod: HP is shown in percentages\n|rule|Endless Battle Clause: Forcing endless battles is banned\n|rule|OHKO Clause: OHKO moves are banned\n|rule|Evasion Clause: Evasion abilities, items, and moves are banned\n|rule|Evasion Abilities Clause: Evasion abilities are banned\n|rule|Evasion Items Clause: Evasion items are banned\n|rule|Evasion Moves Clause: Evasion moves are banned\n|rule|Species Clause: Limit one of each Pok\u00e9mon\n|rule|Sleep Clause Mod: Limit one foe put to sleep\n|clearpoke\n|poke|p1|Tapu Lele|\n|poke|p1|Lopunny, M|\n|poke|p1|Gliscor, F|\n|poke|p1|Deoxys-Defense|\n|poke|p1|Great Tusk|\n|poke|p1|Serperior, M|\n|poke|p2|Great Tusk|\n|poke|p2|Gliscor, F|\n|poke|p2|Charizard, M|\n|poke|p2|Alomomola, M|\n|poke|p2|Kommo-o, F|\n|poke|p2|Samurott-Hisui, M|\n|teampreview\n|\n|t:|1699879301\n|start\n|switch|p1a: Lopunny|Lopunny, M|100\/100\n|switch|p2a: Samurott|Samurott-Hisui, M|100\/100\n|turn|1\n|\n|t:|1699879310\n|detailschange|p1a: Lopunny|Lopunny-Mega, M\n|-mega|p1a: Lopunny|Lopunny|Lopunnite\n|move|p1a: Lopunny|Fake Out|p2a: Samurott\n|-damage|p2a: Samurott|74\/100\n|cant|p2a: Samurott|flinch\n|\n|upkeep\n|turn|2\n|\n|t:|1699879318\n|move|p2a: Samurott|Air Slash|p1a: Lopunny\n|-supereffective|p1a: Lopunny\n|-damage|p1a: Lopunny|41\/100\n|move|p1a: Lopunny|Close Combat|p2a: Samurott\n|-supereffective|p2a: Samurott\n|-damage|p2a: Samurott|0 fnt\n|-unboost|p1a: Lopunny|def|1\n|-unboost|p1a: Lopunny|spd|1\n|faint|p2a: Samurott\n|\n|upkeep\n|inactive|Battle timer is ON: inactive players will automatically lose when time's up. (requested by Fjdjdthtvyccycy)\n|\n|t:|1699879328\n|switch|p2a: Charizard|Charizard, M|100\/100\n|turn|3\n|\n|t:|1699879334\n|detailschange|p2a: Charizard|Charizard-Mega-Y, M\n|-mega|p2a: Charizard|Charizard|Charizardite Y\n|-weather|SunnyDay|[from] ability: Drought|[of] p2a: Charizard\n|move|p1a: Lopunny|U-turn|p2a: Charizard\n|-resisted|p2a: Charizard\n|-damage|p2a: Charizard|94\/100\n|\n|t:|1699879351\n|switch|p1a: Deoxys|Deoxys-Defense|100\/100|[from] U-turn\n|-ability|p1a: Deoxys|Pressure\n|move|p2a: Charizard|Air Slash|p1a: Deoxys\n|-damage|p1a: Deoxys|62\/100\n|\n|-weather|SunnyDay|[upkeep]\n|upkeep\n|turn|4\n|\n|t:|1699879361\n|move|p1a: Deoxys|Spikes|p2a: Charizard\n|-sidestart|p2: lucky1111|Spikes\n|move|p2a: Charizard|Weather Ball|p1a: Deoxys\n|-damage|p1a: Deoxys|0 fnt\n|faint|p1a: Deoxys\n|\n|-weather|SunnyDay|[upkeep]\n|upkeep\n|\n|t:|1699879367\n|switch|p1a: Tapu Lele|Tapu Lele|100\/100\n|-fieldstart|move: Psychic Terrain|[from] ability: Psychic Surge|[of] p1a: Tapu Lele\n|turn|5\n|\n|t:|1699879375\n|move|p1a: Tapu Lele|Psychic|p2a: Charizard\n|-damage|p2a: Charizard|19\/100\n|move|p2a: Charizard|Weather Ball|p1a: Tapu Lele\n|-damage|p1a: Tapu Lele|0 fnt\n|faint|p1a: Tapu Lele\n|\n|-weather|SunnyDay|[upkeep]\n|upkeep\n|\n|t:|1699879379\n|switch|p1a: Lopunny|Lopunny-Mega, M|41\/100\n|turn|6\n|\n|t:|1699879390\n|switch|p2a: Alomomola|Alomomola, M|100\/100\n|move|p1a: Lopunny|Return|p2a: Alomomola\n|-damage|p2a: Alomomola|70\/100\n|\n|-weather|SunnyDay|[upkeep]\n|upkeep\n|turn|7\n|\n|t:|1699879398\n|move|p1a: Lopunny|U-turn|p2a: Alomomola\n|-damage|p2a: Alomomola|54\/100\n|\n|t:|1699879400\n|switch|p1a: Serperior|Serperior, M|100\/100|[from] U-turn\n|move|p2a: Alomomola|Wish|p2a: Alomomola\n|\n|-weather|none\n|upkeep\n|turn|8\n|\n|t:|1699879411\n|switch|p2a: Charizard|Charizard-Mega-Y, M|19\/100\n|-weather|SunnyDay|[from] ability: Drought|[of] p2a: Charizard\n|move|p1a: Serperior|Leaf Storm|p2a: Charizard\n|-resisted|p2a: Charizard\n|-damage|p2a: Charizard|10\/100\n|-boost|p1a: Serperior|spa|2\n|\n|-weather|SunnyDay|[upkeep]\n|-heal|p2a: Charizard|84\/100|[from] move: Wish|[wisher] Alomomola\n|upkeep\n|turn|9\n|\n|t:|1699879425\n|move|p1a: Serperior|Glare|p2a: Charizard\n|-status|p2a: Charizard|par\n|move|p2a: Charizard|Weather Ball|p1a: Serperior\n|-supereffective|p1a: Serperior\n|-damage|p1a: Serperior|0 fnt\n|faint|p1a: Serperior\n|\n|-weather|SunnyDay|[upkeep]\n|-fieldend|move: Psychic Terrain\n|upkeep\n|-message|Fjdjdthtvyccycy forfeited.\n|\n|win|lucky1111\n|raw|Fjdjdthtvyccycy's rating: 1000 &rarr; <strong>1000<\/strong><br \/>(+0 for losing)\n|raw|lucky1111's rating: 1040 &rarr; <strong>1070<\/strong><br \/>(+30 for winning)\n|l|\u2606Fjdjdthtvyccycy\n","uploadtime":1699879439,"views":4,"p1id":"fjdjdthtvyccycy","p2id":"lucky1111","formatid":"gen9nationaldex","rating":1000,"private":0,"password":""}