{"id":"gen9nationaldex-1991074205","p1":"yaokai233","p2":"daniel241595","format":"[Gen 9] National Dex","log":"|j|\u2606yaokai233\n|j|\u2606daniel241595\n|t:|1700038715\n|gametype|singles\n|player|p1|yaokai233|wattson|1340\n|player|p2|daniel241595|gambler|1404\n|teamsize|p1|6\n|teamsize|p2|6\n|gen|9\n|tier|[Gen 9] National Dex\n|rated|\n|rule|HP Percentage Mod: HP is shown in percentages\n|rule|Endless Battle Clause: Forcing endless battles is banned\n|rule|OHKO Clause: OHKO moves are banned\n|rule|Evasion Clause: Evasion abilities, items, and moves are banned\n|rule|Evasion Abilities Clause: Evasion abilities are banned\n|rule|Evasion Items Clause: Evasion items are banned\n|rule|Evasion Moves Clause: Evasion moves are banned\n|rule|Species Clause: Limit one of each Pok\u00e9mon\n|rule|Sleep Clause Mod: Limit one foe put to sleep\n|clearpoke\n|poke|p1|Charizard, M|\n|poke|p1|Quagsire, F|\n|poke|p1|Serperior, F|\n|poke|p1|Skarmory, F|\n|poke|p1|Aegislash, F|\n|poke|p1|Clefable, F|\n|poke|p2|Arcanine, M|\n|poke|p2|Flygon, F|\n|poke|p2|Empoleon, M|\n|poke|p2|Eelektross, F|\n|poke|p2|Florges, F|\n|poke|p2|Kleavor, M|\n|teampreview\n|inactive|Battle timer is ON: inactive players will automatically lose when time's up. (requested by yaokai233)\n|\n|t:|1700038741\n|start\n|switch|p1a: Serperior|Serperior, F|100\/100\n|switch|p2a: Eelektross|Eelektross, F|100\/100\n|turn|1\n|\n|t:|1700038751\n|move|p1a: Serperior|Substitute|p1a: Serperior\n|-start|p1a: Serperior|Substitute\n|-damage|p1a: Serperior|76\/100\n|move|p2a: Eelektross|Dragon Tail|p1a: Serperior\n|-crit|p1a: Serperior\n|-end|p1a: Serperior|Substitute\n|\n|-heal|p1a: Serperior|82\/100|[from] item: Leftovers\n|upkeep\n|turn|2\n|\n|t:|1700038764\n|move|p1a: Serperior|Glare|p2a: Eelektross\n|-immune|p2a: Eelektross\n|move|p2a: Eelektross|Volt Switch|p1a: Serperior\n|-resisted|p1a: Serperior\n|-damage|p1a: Serperior|61\/100\n|\n|t:|1700038780\n|switch|p2a: Kleavor|Kleavor, M|100\/100|[from] Volt Switch\n|\n|-heal|p1a: Serperior|67\/100|[from] item: Leftovers\n|upkeep\n|turn|3\n|\n|t:|1700038790\n|switch|p1a: Quagsire|Quagsire, F|100\/100\n|move|p2a: Kleavor|Cross Poison|p1a: Quagsire\n|-resisted|p1a: Quagsire\n|-crit|p1a: Quagsire\n|-damage|p1a: Quagsire|81\/100\n|\n|-heal|p1a: Quagsire|87\/100|[from] item: Leftovers\n|upkeep\n|turn|4\n|\n|t:|1700038801\n|switch|p2a: Eelektross|Eelektross, F|100\/100\n|move|p1a: Quagsire|Earthquake|p2a: Eelektross\n|-immune|p2a: Eelektross|[from] ability: Levitate\n|\n|-heal|p1a: Quagsire|93\/100|[from] item: Leftovers\n|upkeep\n|turn|5\n|\n|t:|1700038811\n|switch|p1a: Aegislash|Aegislash, F|100\/100\n|move|p2a: Eelektross|Giga Drain|p1a: Aegislash\n|-resisted|p1a: Aegislash\n|-damage|p1a: Aegislash|91\/100\n|\n|upkeep\n|turn|6\n|\n|t:|1700038821\n|-formechange|p1a: Aegislash|Aegislash-Blade||[from] ability: Stance Change\n|move|p1a: Aegislash|Iron Head|p2a: Eelektross\n|-resisted|p2a: Eelektross\n|-damage|p2a: Eelektross|62\/100\n|cant|p2a: Eelektross|flinch\n|\n|upkeep\n|turn|7\n|\n|t:|1700038830\n|move|p1a: Aegislash|Iron Head|p2a: Eelektross\n|-resisted|p2a: Eelektross\n|-damage|p2a: Eelektross|22\/100\n|move|p2a: Eelektross|Volt Switch|p1a: Aegislash\n|-damage|p1a: Aegislash|31\/100\n|\n|t:|1700038858\n|switch|p2a: Arcanine|Arcanine, M, shiny|100\/100|[from] Volt Switch\n|-ability|p2a: Arcanine|Intimidate|boost\n|-unboost|p1a: Aegislash|atk|1\n|\n|upkeep\n|turn|8\n|\n|t:|1700038869\n|switch|p1a: Charizard|Charizard, M|100\/100\n|move|p2a: Arcanine|Flare Blitz|p1a: Charizard\n|-resisted|p1a: Charizard\n|-damage|p1a: Charizard|37\/100\n|-damage|p2a: Arcanine|84\/100|[from] Recoil\n|\n|upkeep\n|turn|9\n|\n|t:|1700038885\n|switch|p2a: Florges|Florges, F|100\/100\n|move|p1a: Charizard|Hurricane|p2a: Florges|[miss]\n|-miss|p1a: Charizard|p2a: Florges\n|\n|upkeep\n|turn|10\n|\n|t:|1700038897\n|switch|p1a: Skarmory|Skarmory, F|100\/100\n|move|p2a: Florges|Wish|p2a: Florges\n|\n|upkeep\n|turn|11\n|\n|t:|1700038906\n|switch|p2a: Eelektross|Eelektross, F|22\/100\n|move|p1a: Skarmory|Body Press|p2a: Eelektross\n|-damage|p2a: Eelektross|0 fnt\n|faint|p2a: Eelektross\n|\n|upkeep\n|\n|t:|1700038914\n|switch|p2a: Empoleon|Empoleon, M|100\/100\n|turn|12\n|\n|t:|1700038917\n|move|p1a: Skarmory|Tailwind|p1a: Skarmory\n|-sidestart|p1: yaokai233|move: Tailwind\n|move|p2a: Empoleon|Scald|p1a: Skarmory\n|-damage|p1a: Skarmory|58\/100\n|\n|-heal|p1a: Skarmory|64\/100|[from] item: Leftovers\n|upkeep\n|turn|13\n|\n|t:|1700038929\n|switch|p1a: Serperior|Serperior, F|67\/100\n|move|p2a: Empoleon|Scald|p1a: Serperior\n|-resisted|p1a: Serperior\n|-damage|p1a: Serperior|50\/100\n|\n|-heal|p1a: Serperior|56\/100|[from] item: Leftovers\n|upkeep\n|turn|14\n|\n|t:|1700038938\n|move|p1a: Serperior|Leaf Storm|p2a: Empoleon\n|-damage|p2a: Empoleon|60\/100\n|-boost|p1a: Serperior|spa|2\n|move|p2a: Empoleon|Ice Beam|p1a: Serperior\n|-supereffective|p1a: Serperior\n|-damage|p1a: Serperior|0 fnt\n|faint|p1a: Serperior\n|\n|upkeep\n|\n|t:|1700038949\n|switch|p1a: Charizard|Charizard, M|37\/100\n|turn|15\n|\n|t:|1700038957\n|detailschange|p1a: Charizard|Charizard-Mega-Y, M\n|-mega|p1a: Charizard|Charizard|Charizardite Y\n|-weather|SunnyDay|[from] ability: Drought|[of] p1a: Charizard\n|move|p1a: Charizard|Fire Blast|p2a: Empoleon\n|-damage|p2a: Empoleon|0 fnt\n|faint|p2a: Empoleon\n|\n|-weather|SunnyDay|[upkeep]\n|-sideend|p1: yaokai233|move: Tailwind\n|upkeep\n|\n|t:|1700038969\n|switch|p2a: Kleavor|Kleavor, M|100\/100\n|turn|16\n|\n|t:|1700038990\n|move|p1a: Charizard|Protect|p1a: Charizard\n|-singleturn|p1a: Charizard|Protect\n|move|p2a: Kleavor|Stone Axe|p1a: Charizard\n|-activate|p1a: Charizard|move: Protect\n|\n|-weather|SunnyDay|[upkeep]\n|upkeep\n|turn|17\n|\n|t:|1700038998\n|switch|p1a: Clefable|Clefable, F|100\/100\n|move|p2a: Kleavor|Stone Axe|p1a: Clefable\n|-damage|p1a: Clefable|61\/100\n|-sidestart|p1: yaokai233|move: Stealth Rock\n|\n|-weather|SunnyDay|[upkeep]\n|-heal|p1a: Clefable|67\/100|[from] item: Leftovers\n|upkeep\n|turn|18\n|\n|t:|1700039011\n|switch|p2a: Arcanine|Arcanine, M, shiny|84\/100\n|-ability|p2a: Arcanine|Intimidate|boost\n|-unboost|p1a: Clefable|atk|1\n|move|p1a: Clefable|Wish|p1a: Clefable\n|\n|-weather|SunnyDay|[upkeep]\n|-heal|p1a: Clefable|73\/100|[from] item: Leftovers\n|upkeep\n|turn|19\n|\n|t:|1700039021\n|move|p2a: Arcanine|Flare Blitz|p1a: Clefable\n|-damage|p1a: Clefable|0 fnt\n|faint|p1a: Clefable\n|-damage|p2a: Arcanine|60\/100|[from] Recoil\n|\n|-weather|none\n|upkeep\n|\n|t:|1700039028\n|switch|p1a: Skarmory|Skarmory, F|64\/100\n|-damage|p1a: Skarmory|52\/100|[from] Stealth Rock\n|turn|20\n|\n|t:|1700039033\n|-terastallize|p1a: Skarmory|Ground\n|move|p2a: Arcanine|Flare Blitz|p1a: Skarmory\n|-crit|p1a: Skarmory\n|-damage|p1a: Skarmory|0 fnt\n|faint|p1a: Skarmory\n|-damage|p2a: Arcanine|45\/100|[from] Recoil\n|\n|upkeep\n|c|\u2606yaokai233|wtf\n|\n|t:|1700039046\n|switch|p1a: Quagsire|Quagsire, F|93\/100\n|-damage|p1a: Quagsire|87\/100|[from] Stealth Rock\n|turn|21\n|\n|t:|1700039061\n|switch|p2a: Flygon|Flygon, F|100\/100\n|move|p1a: Quagsire|Waterfall|p2a: Flygon\n|-damage|p2a: Flygon|67\/100\n|\n|-heal|p1a: Quagsire|93\/100|[from] item: Leftovers\n|upkeep\n|turn|22\n|\n|t:|1700039068\n|move|p2a: Flygon|Dragon Dance|p2a: Flygon\n|-boost|p2a: Flygon|atk|1\n|-boost|p2a: Flygon|spe|1\n|move|p1a: Quagsire|Yawn|p2a: Flygon\n|-start|p2a: Flygon|move: Yawn|[of] p1a: Quagsire\n|\n|-heal|p1a: Quagsire|99\/100|[from] item: Leftovers\n|upkeep\n|turn|23\n|\n|t:|1700039087\n|move|p2a: Flygon|Earthquake|p1a: Quagsire\n|-damage|p1a: Quagsire|43\/100\n|-damage|p2a: Flygon|57\/100|[from] item: Life Orb\n|move|p1a: Quagsire|Waterfall|p2a: Flygon\n|-damage|p2a: Flygon|26\/100\n|\n|-heal|p1a: Quagsire|49\/100|[from] item: Leftovers\n|-end|p2a: Flygon|move: Yawn|[silent]\n|-status|p2a: Flygon|slp\n|upkeep\n|turn|24\n|\n|t:|1700039097\n|switch|p2a: Florges|Florges, F|100\/100\n|move|p1a: Quagsire|Waterfall|p2a: Florges\n|-damage|p2a: Florges|79\/100\n|\n|-heal|p2a: Florges|85\/100|[from] item: Leftovers\n|-heal|p1a: Quagsire|55\/100|[from] item: Leftovers\n|upkeep\n|turn|25\n|\n|t:|1700039105\n|move|p2a: Florges|Moonblast|p1a: Quagsire\n|-damage|p1a: Quagsire|10\/100\n|-unboost|p1a: Quagsire|spa|1\n|move|p1a: Quagsire|Recover|p1a: Quagsire\n|-heal|p1a: Quagsire|60\/100\n|\n|-heal|p2a: Florges|91\/100|[from] item: Leftovers\n|-heal|p1a: Quagsire|66\/100|[from] item: Leftovers\n|upkeep\n|turn|26\n|\n|t:|1700039116\n|switch|p1a: Aegislash|Aegislash, F|31\/100\n|-damage|p1a: Aegislash|25\/100|[from] Stealth Rock\n|move|p2a: Florges|Moonblast|p1a: Aegislash\n|-resisted|p1a: Aegislash\n|-damage|p1a: Aegislash|9\/100\n|\n|-heal|p2a: Florges|97\/100|[from] item: Leftovers\n|upkeep\n|turn|27\n|\n|t:|1700039126\n|-terastallize|p2a: Florges|Steel\n|move|p2a: Florges|Moonblast|p1a: Aegislash\n|-resisted|p1a: Aegislash\n|-damage|p1a: Aegislash|0 fnt\n|faint|p1a: Aegislash\n|\n|-heal|p2a: Florges|100\/100|[from] item: Leftovers\n|upkeep\n|\n|t:|1700039135\n|switch|p1a: Charizard|Charizard-Mega-Y, M|37\/100\n|-damage|p1a: Charizard|0 fnt|[from] Stealth Rock\n|faint|p1a: Charizard\n|\n|t:|1700039140\n|switch|p1a: Quagsire|Quagsire, F|66\/100\n|-damage|p1a: Quagsire|60\/100|[from] Stealth Rock\n|turn|28\n|\n|t:|1700039146\n|move|p2a: Florges|Moonblast|p1a: Quagsire\n|-damage|p1a: Quagsire|14\/100\n|move|p1a: Quagsire|Earthquake|p2a: Florges\n|-supereffective|p2a: Florges\n|-damage|p2a: Florges|45\/100\n|\n|-heal|p2a: Florges|51\/100|[from] item: Leftovers\n|-heal|p1a: Quagsire|20\/100|[from] item: Leftovers\n|upkeep\n|turn|29\n|\n|t:|1700039156\n|move|p2a: Florges|Moonblast|p1a: Quagsire\n|-damage|p1a: Quagsire|0 fnt\n|faint|p1a: Quagsire\n|\n|win|daniel241595\n|raw|yaokai233's rating: 1340 &rarr; <strong>1324<\/strong><br \/>(-16 for losing)\n|raw|daniel241595's rating: 1404 &rarr; <strong>1420<\/strong><br \/>(+16 for winning)\n|l|\u2606yaokai233\n","uploadtime":1700039164,"views":20,"p1id":"yaokai233","p2id":"daniel241595","formatid":"gen9nationaldex","rating":1324,"private":0,"password":""}