{"id":"gen9nationaldex-1987944068","p1":"DeltaTM06","p2":"TreinadorDeMemes","format":"[Gen 9] National Dex","log":"|j|\u2606DeltaTM06\n|j|\u2606TreinadorDeMemes\n|t:|1699651668\n|gametype|singles\n|player|p1|DeltaTM06|erika|1000\n|player|p2|TreinadorDeMemes|barry|1113\n|teamsize|p1|6\n|teamsize|p2|6\n|gen|9\n|tier|[Gen 9] National Dex\n|rated|\n|rule|HP Percentage Mod: HP is shown in percentages\n|rule|Endless Battle Clause: Forcing endless battles is banned\n|rule|OHKO Clause: OHKO moves are banned\n|rule|Evasion Clause: Evasion abilities, items, and moves are banned\n|rule|Evasion Abilities Clause: Evasion abilities are banned\n|rule|Evasion Items Clause: Evasion items are banned\n|rule|Evasion Moves Clause: Evasion moves are banned\n|rule|Species Clause: Limit one of each Pok\u00e9mon\n|rule|Sleep Clause Mod: Limit one foe put to sleep\n|clearpoke\n|poke|p1|Mamoswine, F|\n|poke|p1|Darmanitan, F|\n|poke|p1|Slowking-Galar, M|\n|poke|p1|Ambipom, M|\n|poke|p1|Sawsbuck-Winter, F|\n|poke|p1|Krookodile, F|\n|poke|p2|Scrafty, M|\n|poke|p2|Frosmoth, M|\n|poke|p2|Toxtricity, M|\n|poke|p2|Sableye, F|\n|poke|p2|Togekiss, M|\n|poke|p2|Pyukumuku, M|\n|teampreview\n|\n|t:|1699651681\n|start\n|switch|p1a: Ballin'|Darmanitan, F, shiny|100\/100\n|switch|p2a: \u00c9 s\u00f3 pegadinha|Sableye, F|100\/100\n|turn|1\n|\n|t:|1699651688\n|move|p2a: \u00c9 s\u00f3 pegadinha|Toxic|p1a: Ballin'\n|-status|p1a: Ballin'|tox\n|move|p1a: Ballin'|U-turn|p2a: \u00c9 s\u00f3 pegadinha\n|-damage|p2a: \u00c9 s\u00f3 pegadinha|66\/100\n|\n|t:|1699651699\n|switch|p1a: Bowser|Mamoswine, F|100\/100|[from] U-turn\n|\n|-heal|p2a: \u00c9 s\u00f3 pegadinha|72\/100|[from] item: Leftovers\n|upkeep\n|turn|2\n|\n|t:|1699651704\n|move|p2a: \u00c9 s\u00f3 pegadinha|Toxic|p1a: Bowser\n|-status|p1a: Bowser|tox\n|move|p1a: Bowser|Stealth Rock|p2a: \u00c9 s\u00f3 pegadinha\n|-sidestart|p2: TreinadorDeMemes|move: Stealth Rock\n|\n|-heal|p2a: \u00c9 s\u00f3 pegadinha|78\/100|[from] item: Leftovers\n|-damage|p1a: Bowser|94\/100 tox|[from] psn\n|upkeep\n|turn|3\n|\n|t:|1699651711\n|move|p1a: Bowser|Earthquake|p2a: \u00c9 s\u00f3 pegadinha\n|-damage|p2a: \u00c9 s\u00f3 pegadinha|4\/100\n|move|p2a: \u00c9 s\u00f3 pegadinha|Hex|p1a: Bowser\n|-damage|p1a: Bowser|46\/100 tox\n|\n|-heal|p2a: \u00c9 s\u00f3 pegadinha|10\/100|[from] item: Leftovers\n|-damage|p1a: Bowser|34\/100 tox|[from] psn\n|upkeep\n|turn|4\n|\n|t:|1699651725\n|move|p1a: Bowser|Ice Shard|p2a: \u00c9 s\u00f3 pegadinha\n|-damage|p2a: \u00c9 s\u00f3 pegadinha|0 fnt\n|faint|p2a: \u00c9 s\u00f3 pegadinha\n|\n|-damage|p1a: Bowser|15\/100 tox|[from] psn\n|upkeep\n|\n|t:|1699651734\n|switch|p2a: Toxtricity|Toxtricity, M|100\/100\n|-damage|p2a: Toxtricity|88\/100|[from] Stealth Rock\n|turn|5\n|\n|t:|1699651740\n|move|p1a: Bowser|Earthquake|p2a: Toxtricity\n|-supereffective|p2a: Toxtricity\n|-damage|p2a: Toxtricity|0 fnt\n|faint|p2a: Toxtricity\n|\n|-damage|p1a: Bowser|0 fnt|[from] psn\n|faint|p1a: Bowser\n|upkeep\n|\n|t:|1699651753\n|switch|p1a: BucksLikeMilwaukee|Sawsbuck-Winter, F|100\/100\n|switch|p2a: Meliodas|Pyukumuku, M|100\/100\n|-damage|p2a: Meliodas|88\/100|[from] Stealth Rock\n|turn|6\n|\n|t:|1699651759\n|move|p1a: BucksLikeMilwaukee|Horn Leech|p2a: Meliodas\n|-supereffective|p2a: Meliodas\n|-damage|p2a: Meliodas|7\/100\n|-enditem|p2a: Meliodas|Red Card|[of] p1a: BucksLikeMilwaukee\n|drag|p1a: Ballin'|Darmanitan, F, shiny|100\/100 tox\n|move|p2a: Meliodas|Toxic|p1a: Ballin'\n|-fail|p1a: Ballin'|tox\n|\n|-damage|p1a: Ballin'|95\/100 tox|[from] psn\n|upkeep\n|turn|7\n|\n|t:|1699651771\n|move|p1a: Ballin'|U-turn|p2a: Meliodas\n|-damage|p2a: Meliodas|0 fnt\n|-damage|p1a: Ballin'|90\/100 tox|[from] ability: Innards Out|[of] p2a: Meliodas\n|faint|p2a: Meliodas\n|\n|t:|1699651782\n|switch|p1a: Slappy Doo|Ambipom, M, shiny|100\/100|[from] U-turn\n|\n|upkeep\n|\n|t:|1699651787\n|switch|p2a: Avi\u00e3o|Togekiss, M|100\/100\n|-damage|p2a: Avi\u00e3o|76\/100|[from] Stealth Rock\n|turn|8\n|\n|t:|1699651791\n|move|p1a: Slappy Doo|Fake Out|p2a: Avi\u00e3o\n|-damage|p2a: Avi\u00e3o|46\/100\n|cant|p2a: Avi\u00e3o|flinch\n|\n|-heal|p2a: Avi\u00e3o|52\/100|[from] item: Leftovers\n|upkeep\n|turn|9\n|\n|t:|1699651807\n|move|p1a: Slappy Doo|Tail Slap|p2a: Avi\u00e3o\n|-damage|p2a: Avi\u00e3o|34\/100\n|-crit|p2a: Avi\u00e3o\n|-damage|p2a: Avi\u00e3o|8\/100\n|-damage|p2a: Avi\u00e3o|0 fnt\n|faint|p2a: Avi\u00e3o\n|-hitcount|p2: Avi\u00e3o|3\n|\n|upkeep\n|\n|t:|1699651810\n|switch|p2a: Mariposa|Frosmoth, M|100\/100\n|-damage|p2a: Mariposa|51\/100|[from] Stealth Rock\n|turn|10\n|\n|t:|1699651817\n|move|p1a: Slappy Doo|Tail Slap|p2a: Mariposa\n|-damage|p2a: Mariposa|19\/100\n|-damage|p2a: Mariposa|0 fnt\n|faint|p2a: Mariposa\n|-hitcount|p2: Mariposa|2\n|\n|upkeep\n|\n|t:|1699651824\n|switch|p2a: Capit\u00e3o cueca|Scrafty, M|100\/100\n|-damage|p2a: Capit\u00e3o cueca|94\/100|[from] Stealth Rock\n|turn|11\n|\n|t:|1699651829\n|move|p1a: Slappy Doo|Tail Slap|p2a: Capit\u00e3o cueca\n|-damage|p2a: Capit\u00e3o cueca|79\/100\n|-damage|p2a: Capit\u00e3o cueca|64\/100\n|-damage|p2a: Capit\u00e3o cueca|49\/100\n|-damage|p2a: Capit\u00e3o cueca|35\/100\n|-damage|p2a: Capit\u00e3o cueca|21\/100\n|-hitcount|p2a: Capit\u00e3o cueca|5\n|move|p2a: Capit\u00e3o cueca|Knock Off|p1a: Slappy Doo\n|-damage|p1a: Slappy Doo|51\/100\n|-enditem|p1a: Slappy Doo|Loaded Dice|[from] move: Knock Off|[of] p2a: Capit\u00e3o cueca\n|\n|-heal|p2a: Capit\u00e3o cueca|27\/100|[from] item: Leftovers\n|upkeep\n|turn|12\n|\n|t:|1699651842\n|move|p1a: Slappy Doo|Tail Slap|p2a: Capit\u00e3o cueca|[miss]\n|-miss|p1a: Slappy Doo|p2a: Capit\u00e3o cueca\n|move|p2a: Capit\u00e3o cueca|Rest|p2a: Capit\u00e3o cueca\n|-status|p2a: Capit\u00e3o cueca|slp|[from] move: Rest\n|-heal|p2a: Capit\u00e3o cueca|100\/100 slp|[silent]\n|\n|upkeep\n|turn|13\n|\n|t:|1699651850\n|move|p1a: Slappy Doo|U-turn|p2a: Capit\u00e3o cueca\n|-damage|p2a: Capit\u00e3o cueca|81\/100 slp\n|\n|t:|1699651860\n|switch|p1a: BucksLikeMilwaukee|Sawsbuck-Winter, F|100\/100|[from] U-turn\n|cant|p2a: Capit\u00e3o cueca|slp\n|\n|-heal|p2a: Capit\u00e3o cueca|87\/100 slp|[from] item: Leftovers\n|upkeep\n|turn|14\n|\n|t:|1699651866\n|move|p1a: BucksLikeMilwaukee|Jump Kick|p2a: Capit\u00e3o cueca\n|-supereffective|p2a: Capit\u00e3o cueca\n|-damage|p2a: Capit\u00e3o cueca|14\/100 slp\n|cant|p2a: Capit\u00e3o cueca|slp\n|\n|-heal|p2a: Capit\u00e3o cueca|21\/100 slp|[from] item: Leftovers\n|upkeep\n|turn|15\n|\n|t:|1699651872\n|-terastallize|p2a: Capit\u00e3o cueca|Fairy\n|move|p1a: BucksLikeMilwaukee|Jump Kick|p2a: Capit\u00e3o cueca\n|-resisted|p2a: Capit\u00e3o cueca\n|-damage|p2a: Capit\u00e3o cueca|0 fnt\n|faint|p2a: Capit\u00e3o cueca\n|\n|win|DeltaTM06\n|raw|DeltaTM06's rating: 1000 &rarr; <strong>1054<\/strong><br \/>(+54 for winning)\n|raw|TreinadorDeMemes's rating: 1131 &rarr; <strong>1097<\/strong><br \/>(-34 for losing)\n|l|\u2606TreinadorDeMemes\n|c|\u2606DeltaTM06|gg\n","uploadtime":1699651880,"views":22,"p1id":"deltatm06","p2id":"treinadordememes","formatid":"gen9nationaldex","rating":1054,"private":0,"password":""}