{"id":"gen9nationaldex-1995954724","p1":"ExLight","p2":"5anj1","format":"[Gen 9] National Dex","log":"|html|<div class=\"broadcast-blue\"><strong>[Gen 9] National Dex is currently suspecting Sneasler! For information on how to participate check out the <a href=\"https:\/\/www.smogon.com\/forums\/threads\/sv-national-dex-suspect-8-just-dance.3731534\/\">suspect thread<\/a>.<\/strong><\/div>\n|j|\u2606ExLight\n|j|\u26065anj1\n|t:|1700621607\n|gametype|singles\n|player|p1|ExLight|265|1298\n|player|p2|5anj1|supernerd|1483\n|teamsize|p1|6\n|teamsize|p2|6\n|gen|9\n|tier|[Gen 9] National Dex\n|rated|\n|rule|HP Percentage Mod: HP is shown in percentages\n|rule|Endless Battle Clause: Forcing endless battles is banned\n|rule|OHKO Clause: OHKO moves are banned\n|rule|Evasion Clause: Evasion abilities, items, and moves are banned\n|rule|Evasion Abilities Clause: Evasion abilities are banned\n|rule|Evasion Items Clause: Evasion items are banned\n|rule|Evasion Moves Clause: Evasion moves are banned\n|rule|Species Clause: Limit one of each Pok\u00e9mon\n|rule|Sleep Clause Mod: Limit one foe put to sleep\n|clearpoke\n|poke|p1|Shuckle, M|\n|poke|p1|Samurott-Hisui, M|\n|poke|p1|Tapu Koko|\n|poke|p1|Ogerpon-Wellspring, F|\n|poke|p1|Charizard, F|\n|poke|p1|Mr. Rime, M|\n|poke|p2|Rotom-Wash|\n|poke|p2|Volcarona, F|\n|poke|p2|Sneasler, M|\n|poke|p2|Corviknight, F|\n|poke|p2|Lopunny, M|\n|poke|p2|Tapu Koko|\n|teampreview\n|\n|t:|1700621624\n|start\n|switch|p1a: Shuckle|Shuckle, M|100\/100\n|switch|p2a: Rotom|Rotom-Wash|100\/100\n|turn|1\n|\n|t:|1700621627\n|move|p2a: Rotom|Hydro Pump|p1a: Shuckle\n|-supereffective|p1a: Shuckle\n|-damage|p1a: Shuckle|39\/100\n|move|p1a: Shuckle|Toxic|p2a: Rotom\n|-status|p2a: Rotom|tox\n|\n|-damage|p2a: Rotom|94\/100 tox|[from] psn\n|upkeep\n|turn|2\n|\n|t:|1700621640\n|switch|p1a: Mr. Rime|Mr. Rime, M|100\/100\n|move|p2a: Rotom|Hydro Pump|p1a: Mr. Rime\n|-damage|p1a: Mr. Rime|48\/100\n|\n|-damage|p2a: Rotom|82\/100 tox|[from] psn\n|upkeep\n|turn|3\n|\n|t:|1700621647\n|move|p2a: Rotom|Hydro Pump|p1a: Mr. Rime\n|-damage|p1a: Mr. Rime|0 fnt\n|faint|p1a: Mr. Rime\n|\n|-damage|p2a: Rotom|63\/100 tox|[from] psn\n|upkeep\n|\n|t:|1700621650\n|switch|p1a: Ogerpon|Ogerpon-Wellspring, F|100\/100\n|turn|4\n|\n|t:|1700621654\n|move|p1a: Ogerpon|Swords Dance|p1a: Ogerpon\n|-boost|p1a: Ogerpon|atk|2\n|move|p2a: Rotom|Will-O-Wisp|p1a: Ogerpon\n|-status|p1a: Ogerpon|brn\n|\n|-damage|p2a: Rotom|38\/100 tox|[from] psn\n|-damage|p1a: Ogerpon|95\/100 brn|[from] brn\n|upkeep\n|turn|5\n|\n|t:|1700621663\n|move|p1a: Ogerpon|Swords Dance|p1a: Ogerpon\n|-boost|p1a: Ogerpon|atk|2\n|move|p2a: Rotom|Volt Switch|p1a: Ogerpon\n|-damage|p1a: Ogerpon|59\/100 brn\n|\n|t:|1700621674\n|switch|p2a: Tapu Koko|Tapu Koko|100\/100|[from] Volt Switch\n|-fieldstart|move: Electric Terrain|[from] ability: Electric Surge|[of] p2a: Tapu Koko\n|\n|-damage|p1a: Ogerpon|53\/100 brn|[from] brn\n|upkeep\n|turn|6\n|\n|t:|1700621678\n|move|p2a: Tapu Koko|Volt Switch|p1a: Ogerpon\n|-damage|p1a: Ogerpon|5\/100 brn\n|\n|t:|1700621682\n|switch|p2a: Rotom|Rotom-Wash|38\/100 tox|[from] Volt Switch\n|move|p1a: Ogerpon|Ivy Cudgel|p2a: Rotom|[anim] Ivy Cudgel Water\n|-resisted|p2a: Rotom\n|-crit|p2a: Rotom\n|-damage|p2a: Rotom|0 fnt\n|faint|p2a: Rotom\n|\n|-damage|p1a: Ogerpon|0 fnt|[from] brn\n|faint|p1a: Ogerpon\n|upkeep\n|\n|t:|1700621690\n|switch|p1a: Shuckle|Shuckle, M|39\/100\n|switch|p2a: Sneasler|Sneasler, M|100\/100\n|-enditem|p2a: Sneasler|Electric Seed\n|-boost|p2a: Sneasler|def|1|[from] item: Electric Seed\n|turn|7\n|\n|t:|1700621693\n|move|p2a: Sneasler|Swords Dance|p2a: Sneasler\n|-boost|p2a: Sneasler|atk|2\n|move|p1a: Shuckle|Sticky Web|p2a: Sneasler\n|-sidestart|p2: 5anj1|move: Sticky Web\n|\n|upkeep\n|turn|8\n|\n|t:|1700621700\n|move|p2a: Sneasler|Acrobatics|p1a: Shuckle\n|-damage|p1a: Shuckle|0 fnt\n|faint|p1a: Shuckle\n|\n|upkeep\n|\n|t:|1700621704\n|switch|p1a: Tapu Koko|Tapu Koko|100\/100\n|-item|p1a: Tapu Koko|Air Balloon\n|turn|9\n|\n|t:|1700621712\n|-terastallize|p1a: Tapu Koko|Electric\n|move|p2a: Sneasler|Dire Claw|p1a: Tapu Koko\n|-damage|p1a: Tapu Koko|0 fnt\n|-enditem|p1a: Tapu Koko|Air Balloon\n|faint|p1a: Tapu Koko\n|\n|-fieldend|move: Electric Terrain\n|upkeep\n|\n|t:|1700621717\n|switch|p1a: Charizard|Charizard, F|100\/100\n|turn|10\n|\n|t:|1700621723\n|detailschange|p1a: Charizard|Charizard-Mega-Y, F\n|-mega|p1a: Charizard|Charizard|Charizardite Y\n|-weather|SunnyDay|[from] ability: Drought|[of] p1a: Charizard\n|move|p2a: Sneasler|Dire Claw|p1a: Charizard\n|-damage|p1a: Charizard|0 fnt\n|faint|p1a: Charizard\n|\n|-weather|SunnyDay|[upkeep]\n|upkeep\n|\n|t:|1700621726\n|switch|p1a: Samurott|Samurott-Hisui, M|100\/100\n|turn|11\n|\n|t:|1700621733\n|move|p2a: Sneasler|Close Combat|p1a: Samurott\n|-supereffective|p1a: Samurott\n|-damage|p1a: Samurott|0 fnt\n|-unboost|p2a: Sneasler|def|1\n|-unboost|p2a: Sneasler|spd|1\n|faint|p1a: Samurott\n|\n|win|5anj1\n|raw|ExLight's rating: 1298 &rarr; <strong>1285<\/strong><br \/>(-13 for losing)\n|raw|5anj1's rating: 1483 &rarr; <strong>1493<\/strong><br \/>(+10 for winning)\n|c|\u26065anj1|gg\n|c|\u2606ExLight|gg\n","uploadtime":1700621745,"views":3,"p1id":"exlight","p2id":"5anj1","formatid":"gen9nationaldex","rating":1285,"private":0,"password":""}