{"id":"gen9nationaldex-1998751756","p1":"4ygfcdhgjuyg","p2":"Die Zahnfee","format":"[Gen 9] National Dex","log":"|html|<div class=\"broadcast-blue\"><strong>[Gen 9] National Dex is currently suspecting Sneasler! For information on how to participate check out the <a href=\"https:\/\/www.smogon.com\/forums\/threads\/sv-national-dex-suspect-8-just-dance.3731534\/\">suspect thread<\/a>.<\/strong><\/div>\n|j|\u26064ygfcdhgjuyg\n|j|\u2606Die Zahnfee\n|t:|1700983382\n|gametype|singles\n|player|p1|4ygfcdhgjuyg|102|1030\n|player|p2|Die Zahnfee|blaine|1114\n|teamsize|p1|6\n|teamsize|p2|6\n|gen|9\n|tier|[Gen 9] National Dex\n|rated|\n|rule|HP Percentage Mod: HP is shown in percentages\n|rule|Endless Battle Clause: Forcing endless battles is banned\n|rule|OHKO Clause: OHKO moves are banned\n|rule|Evasion Clause: Evasion abilities, items, and moves are banned\n|rule|Evasion Abilities Clause: Evasion abilities are banned\n|rule|Evasion Items Clause: Evasion items are banned\n|rule|Evasion Moves Clause: Evasion moves are banned\n|rule|Species Clause: Limit one of each Pok\u00e9mon\n|rule|Sleep Clause Mod: Limit one foe put to sleep\n|clearpoke\n|poke|p1|Torkoal, F|\n|poke|p1|Serperior, M|\n|poke|p1|Venusaur, F|\n|poke|p1|Ceruledge, M|\n|poke|p1|Great Tusk|\n|poke|p1|Heliolisk, M|\n|poke|p2|Pangoro, F|\n|poke|p2|Necrozma|\n|poke|p2|Zapdos|\n|poke|p2|Serperior, F|\n|poke|p2|Beheeyem, M|\n|poke|p2|Sharpedo, F|\n|teampreview\n|\n|t:|1700983404\n|start\n|switch|p1a: Torkoal|Torkoal, F|100\/100\n|switch|p2a: Sharpedo|Sharpedo, F|100\/100\n|-weather|SunnyDay|[from] ability: Drought|[of] p1a: Torkoal\n|turn|1\n|\n|t:|1700983415\n|move|p2a: Sharpedo|Rain Dance|p2a: Sharpedo\n|-weather|RainDance\n|move|p1a: Torkoal|Stealth Rock|p2a: Sharpedo\n|-sidestart|p2: Die Zahnfee|move: Stealth Rock\n|\n|-weather|RainDance|[upkeep]\n|-ability|p2a: Sharpedo|Speed Boost|boost\n|-boost|p2a: Sharpedo|spe|1\n|upkeep\n|turn|2\n|\n|t:|1700983422\n|switch|p1a: Great Tusk|Great Tusk|100\/100\n|move|p2a: Sharpedo|Liquidation|p1a: Great Tusk\n|-supereffective|p1a: Great Tusk\n|-damage|p1a: Great Tusk|16\/100\n|\n|-weather|RainDance|[upkeep]\n|-ability|p2a: Sharpedo|Speed Boost|boost\n|-boost|p2a: Sharpedo|spe|1\n|upkeep\n|turn|3\n|\n|t:|1700983436\n|detailschange|p2a: Sharpedo|Sharpedo-Mega, F\n|-mega|p2a: Sharpedo|Sharpedo|Sharpedonite\n|move|p2a: Sharpedo|Liquidation|p1a: Great Tusk\n|-supereffective|p1a: Great Tusk\n|-damage|p1a: Great Tusk|0 fnt\n|faint|p1a: Great Tusk\n|-end|p1a: Great Tusk|Protosynthesis|[silent]\n|\n|-weather|RainDance|[upkeep]\n|upkeep\n|\n|t:|1700983444\n|switch|p1a: Torkoal|Torkoal, F|100\/100\n|-weather|SunnyDay|[from] ability: Drought|[of] p1a: Torkoal\n|turn|4\n|inactive|Battle timer is ON: inactive players will automatically lose when time's up. (requested by Die Zahnfee)\n|\n|t:|1700983455\n|switch|p1a: Heliolisk|Heliolisk, M|100\/100\n|move|p2a: Sharpedo|Rain Dance|p2a: Sharpedo\n|-weather|RainDance\n|\n|-weather|RainDance|[upkeep]\n|upkeep\n|turn|5\n|\n|t:|1700983461\n|move|p2a: Sharpedo|Close Combat|p1a: Heliolisk\n|-supereffective|p1a: Heliolisk\n|-damage|p1a: Heliolisk|0 fnt\n|-unboost|p2a: Sharpedo|def|1\n|-unboost|p2a: Sharpedo|spd|1\n|faint|p1a: Heliolisk\n|\n|-weather|RainDance|[upkeep]\n|upkeep\n|\n|t:|1700983468\n|switch|p1a: Serperior|Serperior, M|100\/100\n|turn|6\n|\n|t:|1700983472\n|move|p2a: Sharpedo|Crunch|p1a: Serperior\n|-damage|p1a: Serperior|16\/100\n|move|p1a: Serperior|Leaf Storm|p2a: Sharpedo\n|-supereffective|p2a: Sharpedo\n|-damage|p2a: Sharpedo|0 fnt\n|-boost|p1a: Serperior|spa|2\n|faint|p2a: Sharpedo\n|\n|-weather|RainDance|[upkeep]\n|upkeep\n|\n|t:|1700983486\n|switch|p2a: Zapdos|Zapdos|100\/100\n|-damage|p2a: Zapdos|76\/100|[from] Stealth Rock\n|turn|7\n|\n|t:|1700983491\n|move|p2a: Zapdos|Hurricane|p1a: Serperior\n|-supereffective|p1a: Serperior\n|-damage|p1a: Serperior|0 fnt\n|faint|p1a: Serperior\n|\n|-weather|RainDance|[upkeep]\n|upkeep\n|\n|t:|1700983499\n|switch|p1a: Torkoal|Torkoal, F|100\/100\n|-weather|SunnyDay|[from] ability: Drought|[of] p1a: Torkoal\n|turn|8\n|\n|t:|1700983508\n|switch|p2a: Pangoro|Pangoro, F|100\/100\n|-damage|p2a: Pangoro|94\/100|[from] Stealth Rock\n|-ability|p2a: Pangoro|Mold Breaker\n|move|p1a: Torkoal|Weather Ball|p2a: Pangoro\n|-damage|p2a: Pangoro|45\/100\n|\n|-weather|SunnyDay|[upkeep]\n|upkeep\n|turn|9\n|\n|t:|1700983523\n|move|p2a: Pangoro|Earthquake|p1a: Torkoal\n|-supereffective|p1a: Torkoal\n|-damage|p1a: Torkoal|23\/100\n|move|p1a: Torkoal|Weather Ball|p2a: Pangoro\n|-damage|p2a: Pangoro|0 fnt\n|faint|p2a: Pangoro\n|\n|-weather|SunnyDay|[upkeep]\n|upkeep\n|\n|t:|1700983534\n|switch|p2a: Necrozma|Necrozma|100\/100\n|-damage|p2a: Necrozma|88\/100|[from] Stealth Rock\n|turn|10\n|\n|t:|1700983542\n|switch|p1a: Ceruledge|Ceruledge, M|100\/100\n|move|p2a: Necrozma|Cosmic Power|p2a: Necrozma\n|-boost|p2a: Necrozma|def|1\n|-boost|p2a: Necrozma|spd|1\n|\n|-weather|SunnyDay|[upkeep]\n|upkeep\n|turn|11\n|\n|t:|1700983549\n|-zpower|p1a: Ceruledge\n|move|p1a: Ceruledge|Never-Ending Nightmare|p2a: Necrozma|[zeffect]\n|-supereffective|p2a: Necrozma\n|-damage|p2a: Necrozma|22\/100\n|-enditem|p2a: Necrozma|Weakness Policy\n|-boost|p2a: Necrozma|atk|2|[from] item: Weakness Policy\n|-boost|p2a: Necrozma|spa|2|[from] item: Weakness Policy\n|move|p2a: Necrozma|Cosmic Power|p2a: Necrozma\n|-boost|p2a: Necrozma|def|1\n|-boost|p2a: Necrozma|spd|1\n|\n|-weather|SunnyDay|[upkeep]\n|upkeep\n|turn|12\n|\n|t:|1700983563\n|move|p1a: Ceruledge|Poltergeist||[still]\n|-fail|p1a: Ceruledge\n|move|p2a: Necrozma|Moonlight|p2a: Necrozma\n|-heal|p2a: Necrozma|89\/100\n|\n|-weather|SunnyDay|[upkeep]\n|upkeep\n|turn|13\n|\n|t:|1700983577\n|move|p1a: Ceruledge|Bitter Blade|p2a: Necrozma\n|-damage|p2a: Necrozma|62\/100\n|move|p2a: Necrozma|Stored Power|p1a: Ceruledge\n|-damage|p1a: Ceruledge|0 fnt\n|faint|p1a: Ceruledge\n|\n|-weather|SunnyDay|[upkeep]\n|upkeep\n|-message|4ygfcdhgjuyg forfeited.\n|\n|win|Die Zahnfee\n|raw|4ygfcdhgjuyg's rating: 1030 &rarr; <strong>1019<\/strong><br \/>(-11 for losing)\n|raw|Die Zahnfee's rating: 1114 &rarr; <strong>1133<\/strong><br \/>(+19 for winning)\n|l|\u26064ygfcdhgjuyg\n","uploadtime":1700983589,"views":13,"p1id":"4ygfcdhgjuyg","p2id":"diezahnfee","formatid":"gen9nationaldex","rating":1019,"private":0,"password":""}