{"id":"gen9nationaldex-1989002773","p1":"ubygyuhbbhubiuobuy","p2":"shenye","format":"[Gen 9] National Dex","log":"|j|\u2606ubygyuhbbhubiuobuy\n|j|\u2606shenye\n|t:|1699800854\n|gametype|singles\n|player|p1|ubygyuhbbhubiuobuy|266|1060\n|player|p2|shenye|n|1110\n|teamsize|p1|6\n|teamsize|p2|6\n|gen|9\n|tier|[Gen 9] National Dex\n|rated|\n|rule|HP Percentage Mod: HP is shown in percentages\n|rule|Endless Battle Clause: Forcing endless battles is banned\n|rule|OHKO Clause: OHKO moves are banned\n|rule|Evasion Clause: Evasion abilities, items, and moves are banned\n|rule|Evasion Abilities Clause: Evasion abilities are banned\n|rule|Evasion Items Clause: Evasion items are banned\n|rule|Evasion Moves Clause: Evasion moves are banned\n|rule|Species Clause: Limit one of each Pok\u00e9mon\n|rule|Sleep Clause Mod: Limit one foe put to sleep\n|clearpoke\n|poke|p1|Sinistcha|\n|poke|p1|Zoroark-Hisui, M|\n|poke|p1|Diancie|\n|poke|p1|Alomomola, M|\n|poke|p1|Trevenant, F|\n|poke|p1|Scizor, M|\n|poke|p2|Dragonite, M|\n|poke|p2|Garchomp, M|\n|poke|p2|Kommo-o, M|\n|poke|p2|Goodra-Hisui, F|\n|poke|p2|Charizard, M|\n|poke|p2|Hydreigon, M|\n|teampreview\n|\n|t:|1699800872\n|start\n|switch|p1a: Sinistcha|Sinistcha|100\/100\n|switch|p2a: Charizard|Charizard, M|100\/100\n|turn|1\n|\n|t:|1699800890\n|detailschange|p2a: Charizard|Charizard-Mega-X, M\n|-mega|p2a: Charizard|Charizard|Charizardite X\n|move|p2a: Charizard|Dragon Dance|p2a: Charizard\n|-boost|p2a: Charizard|atk|1\n|-boost|p2a: Charizard|spe|1\n|move|p1a: Sinistcha|Strength Sap|p2a: Charizard\n|-unboost|p2a: Charizard|atk|1\n|\n|upkeep\n|turn|2\n|\n|t:|1699800899\n|move|p2a: Charizard|Flare Blitz|p1a: Sinistcha\n|-supereffective|p1a: Sinistcha\n|-crit|p1a: Sinistcha\n|-damage|p1a: Sinistcha|0 fnt\n|faint|p1a: Sinistcha\n|-damage|p2a: Charizard|62\/100|[from] Recoil\n|\n|upkeep\n|\n|t:|1699800908\n|switch|p1a: Alomomola|Alomomola, M|100\/100\n|turn|3\n|\n|t:|1699800918\n|move|p1a: Alomomola|Aqua Jet|p2a: Charizard\n|-damage|p2a: Charizard|50\/100\n|move|p2a: Charizard|Dragon Dance|p2a: Charizard\n|-boost|p2a: Charizard|atk|1\n|-boost|p2a: Charizard|spe|1\n|\n|upkeep\n|turn|4\n|\n|t:|1699800929\n|move|p2a: Charizard|Dragon Claw|p1a: Alomomola\n|-damage|p1a: Alomomola|33\/100\n|move|p1a: Alomomola|Knock Off|p2a: Charizard\n|-damage|p2a: Charizard|35\/100\n|\n|-heal|p1a: Alomomola|39\/100|[from] item: Leftovers\n|upkeep\n|turn|5\n|\n|t:|1699800939\n|move|p2a: Charizard|Dragon Claw|p1a: Alomomola\n|-damage|p1a: Alomomola|0 fnt\n|faint|p1a: Alomomola\n|\n|upkeep\n|\n|t:|1699800949\n|switch|p1a: Diancie|Diancie|100\/100\n|turn|6\n|\n|t:|1699800958\n|detailschange|p1a: Diancie|Diancie-Mega\n|-mega|p1a: Diancie|Diancie|Diancite\n|move|p2a: Charizard|Earthquake|p1a: Diancie\n|-supereffective|p1a: Diancie\n|-damage|p1a: Diancie|0 fnt\n|faint|p1a: Diancie\n|\n|upkeep\n|\n|t:|1699800972\n|switch|p1a: Trevenant|Trevenant, F|100\/100\n|turn|7\n|\n|t:|1699800986\n|move|p2a: Charizard|Flare Blitz|p1a: Trevenant\n|-supereffective|p1a: Trevenant\n|-damage|p1a: Trevenant|0 fnt\n|faint|p1a: Trevenant\n|-damage|p2a: Charizard|0 fnt|[from] Recoil\n|faint|p2a: Charizard\n|\n|upkeep\n|\n|t:|1699801000\n|switch|p2a: Kommo-o|Kommo-o, M|100\/100\n|switch|p1a: Scizor|Scizor, M|100\/100\n|turn|8\n|\n|t:|1699801009\n|move|p1a: Scizor|Will-O-Wisp|p2a: Kommo-o\n|-status|p2a: Kommo-o|brn\n|-zpower|p2a: Kommo-o\n|move|p2a: Kommo-o|Clangorous Soulblaze|p1a: Scizor|[zeffect]\n|-damage|p1a: Scizor|0 fnt\n|replace|p1a: Zoroark|Zoroark-Hisui, M\n|-end|p1a: Zoroark|Illusion\n|faint|p1a: Zoroark\n|-boost|p2a: Kommo-o|atk|1\n|-boost|p2a: Kommo-o|def|1\n|-boost|p2a: Kommo-o|spa|1\n|-boost|p2a: Kommo-o|spd|1\n|-boost|p2a: Kommo-o|spe|1\n|\n|-damage|p2a: Kommo-o|94\/100 brn|[from] brn\n|upkeep\n|\n|t:|1699801026\n|switch|p1a: Scizor|Scizor, M|100\/100\n|turn|9\n|\n|t:|1699801032\n|move|p2a: Kommo-o|Aura Sphere|p1a: Scizor\n|-damage|p1a: Scizor|21\/100\n|move|p1a: Scizor|Swords Dance|p1a: Scizor\n|-boost|p1a: Scizor|atk|2\n|\n|-damage|p2a: Kommo-o|88\/100 brn|[from] brn\n|upkeep\n|turn|10\n|\n|t:|1699801041\n|move|p1a: Scizor|Bullet Punch|p2a: Kommo-o\n|-damage|p2a: Kommo-o|48\/100 brn\n|move|p2a: Kommo-o|Aura Sphere|p1a: Scizor\n|-damage|p1a: Scizor|0 fnt\n|faint|p1a: Scizor\n|\n|win|shenye\n|raw|ubygyuhbbhubiuobuy's rating: 1060 &rarr; <strong>1044<\/strong><br \/>(-16 for losing)\n|raw|shenye's rating: 1110 &rarr; <strong>1131<\/strong><br \/>(+21 for winning)\n|l|\u2606ubygyuhbbhubiuobuy\n","uploadtime":1699801053,"views":16,"p1id":"ubygyuhbbhubiuobuy","p2id":"shenye","formatid":"gen9nationaldex","rating":1044,"private":0,"password":""}