{"id":"gen9nationaldex-1991541647","p1":"retrogamer1987","p2":"Tank Tests","format":"[Gen 9] National Dex","log":"|j|\u2606retrogamer1987\n|j|\u2606Tank Tests\n|t:|1700086554\n|gametype|singles\n|player|p1|retrogamer1987|265|1458\n|player|p2|Tank Tests|2|1372\n|teamsize|p1|6\n|teamsize|p2|6\n|gen|9\n|tier|[Gen 9] National Dex\n|rated|\n|rule|HP Percentage Mod: HP is shown in percentages\n|rule|Endless Battle Clause: Forcing endless battles is banned\n|rule|OHKO Clause: OHKO moves are banned\n|rule|Evasion Clause: Evasion abilities, items, and moves are banned\n|rule|Evasion Abilities Clause: Evasion abilities are banned\n|rule|Evasion Items Clause: Evasion items are banned\n|rule|Evasion Moves Clause: Evasion moves are banned\n|rule|Species Clause: Limit one of each Pok\u00e9mon\n|rule|Sleep Clause Mod: Limit one foe put to sleep\n|clearpoke\n|poke|p1|Sableye, F|\n|poke|p1|Hatterene, F|\n|poke|p1|Clefable, M|\n|poke|p1|Corviknight, F|\n|poke|p1|Chansey, F|\n|poke|p1|Dragonite, M|\n|poke|p2|Pawmot, M|\n|poke|p2|Rabsca, M|\n|poke|p2|Banette, M|\n|poke|p2|Victini|\n|poke|p2|Dragonite, F|\n|poke|p2|Forretress, M|\n|teampreview\n|inactive|Battle timer is ON: inactive players will automatically lose when time's up. (requested by retrogamer1987)\n|\n|t:|1700086560\n|start\n|switch|p1a: Dragonite|Dragonite, M|100\/100\n|switch|p2a: Victini|Victini|100\/100\n|turn|1\n|\n|t:|1700086565\n|move|p2a: Victini|Final Gambit|p1a: Dragonite\n|-damage|p1a: Dragonite|0 fnt\n|faint|p2a: Victini\n|faint|p1a: Dragonite\n|\n|upkeep\n|\n|t:|1700086574\n|switch|p2a: Rabsca|Rabsca, M|100\/100\n|switch|p1a: Sableye|Sableye, F|100\/100\n|turn|2\n|\n|t:|1700086582\n|detailschange|p1a: Sableye|Sableye-Mega, F\n|-mega|p1a: Sableye|Sableye|Sablenite\n|move|p2a: Rabsca|Revival Blessing|p2a: Rabsca\n|-enditem|p2a: Rabsca|Leppa Berry|[eat]\n|-activate|p2a: Rabsca|item: Leppa Berry|Revival Blessing|[consumed]\n|\n|t:|1700086587\n|-heal|p2: Victini|50\/100|[from] move: Revival Blessing\n|move|p1a: Sableye|Will-O-Wisp|p2a: Rabsca\n|-status|p2a: Rabsca|brn\n|-activate|p2a: Rabsca|ability: Synchronize\n|-status|p1a: Sableye|brn\n|\n|-damage|p2a: Rabsca|94\/100 brn|[from] brn\n|-damage|p1a: Sableye|95\/100 brn|[from] brn\n|upkeep\n|turn|3\n|\n|t:|1700086599\n|switch|p2a: Victini|Victini|50\/100\n|move|p1a: Sableye|Calm Mind|p1a: Sableye\n|-boost|p1a: Sableye|spa|1\n|-boost|p1a: Sableye|spd|1\n|\n|-damage|p1a: Sableye|89\/100 brn|[from] brn\n|upkeep\n|turn|4\n|\n|t:|1700086609\n|move|p2a: Victini|V-create|p1a: Sableye\n|-damage|p1a: Sableye|36\/100 brn\n|-unboost|p2a: Victini|spe|1\n|-unboost|p2a: Victini|def|1\n|-unboost|p2a: Victini|spd|1\n|move|p1a: Sableye|Hex|p2a: Victini\n|-supereffective|p2a: Victini\n|-damage|p2a: Victini|0 fnt\n|faint|p2a: Victini\n|\n|-damage|p1a: Sableye|30\/100 brn|[from] brn\n|upkeep\n|\n|t:|1700086618\n|switch|p2a: Rabsca|Rabsca, M|94\/100 brn\n|turn|5\n|\n|t:|1700086621\n|move|p2a: Rabsca|Bug Buzz|p1a: Sableye\n|-damage|p1a: Sableye|7\/100 brn\n|move|p1a: Sableye|Recover|p1a: Sableye\n|-heal|p1a: Sableye|57\/100 brn\n|\n|-damage|p2a: Rabsca|88\/100 brn|[from] brn\n|-damage|p1a: Sableye|51\/100 brn|[from] brn\n|upkeep\n|turn|6\n|\n|t:|1700086628\n|move|p2a: Rabsca|Revival Blessing|p2a: Rabsca\n|\n|t:|1700086633\n|-heal|p2: Victini|50\/100|[from] move: Revival Blessing\n|move|p1a: Sableye|Recover|p1a: Sableye\n|-heal|p1a: Sableye|100\/100 brn\n|\n|-damage|p2a: Rabsca|82\/100 brn|[from] brn\n|-damage|p1a: Sableye|95\/100 brn|[from] brn\n|upkeep\n|turn|7\n|\n|t:|1700086640\n|move|p2a: Rabsca|Bug Buzz|p1a: Sableye\n|-damage|p1a: Sableye|72\/100 brn\n|move|p1a: Sableye|Calm Mind|p1a: Sableye\n|-boost|p1a: Sableye|spa|1\n|-boost|p1a: Sableye|spd|1\n|\n|-damage|p2a: Rabsca|76\/100 brn|[from] brn\n|-damage|p1a: Sableye|67\/100 brn|[from] brn\n|upkeep\n|turn|8\n|\n|t:|1700086650\n|move|p2a: Rabsca|Bug Buzz|p1a: Sableye\n|-damage|p1a: Sableye|47\/100 brn\n|move|p1a: Sableye|Recover|p1a: Sableye\n|-heal|p1a: Sableye|98\/100 brn\n|\n|-damage|p2a: Rabsca|69\/100 brn|[from] brn\n|-damage|p1a: Sableye|92\/100 brn|[from] brn\n|upkeep\n|turn|9\n|\n|t:|1700086659\n|move|p2a: Rabsca|Bug Buzz|p1a: Sableye\n|-damage|p1a: Sableye|74\/100 brn\n|move|p1a: Sableye|Calm Mind|p1a: Sableye\n|-boost|p1a: Sableye|spa|1\n|-boost|p1a: Sableye|spd|1\n|\n|-damage|p2a: Rabsca|63\/100 brn|[from] brn\n|-damage|p1a: Sableye|68\/100 brn|[from] brn\n|upkeep\n|turn|10\n|\n|t:|1700086666\n|move|p2a: Rabsca|Bug Buzz|p1a: Sableye\n|-damage|p1a: Sableye|55\/100 brn\n|move|p1a: Sableye|Recover|p1a: Sableye\n|-heal|p1a: Sableye|100\/100 brn\n|\n|-damage|p2a: Rabsca|57\/100 brn|[from] brn\n|-damage|p1a: Sableye|95\/100 brn|[from] brn\n|upkeep\n|turn|11\n|\n|t:|1700086674\n|move|p2a: Rabsca|Bug Buzz|p1a: Sableye\n|-damage|p1a: Sableye|81\/100 brn\n|-unboost|p1a: Sableye|spd|1\n|move|p1a: Sableye|Hex|p2a: Rabsca\n|-supereffective|p2a: Rabsca\n|-damage|p2a: Rabsca|0 fnt\n|faint|p2a: Rabsca\n|\n|-damage|p1a: Sableye|75\/100 brn|[from] brn\n|upkeep\n|\n|t:|1700086680\n|switch|p2a: Victini|Victini|50\/100\n|turn|12\n|\n|t:|1700086684\n|move|p2a: Victini|V-create|p1a: Sableye\n|-damage|p1a: Sableye|25\/100 brn\n|-unboost|p2a: Victini|spe|1\n|-unboost|p2a: Victini|def|1\n|-unboost|p2a: Victini|spd|1\n|move|p1a: Sableye|Hex|p2a: Victini\n|-supereffective|p2a: Victini\n|-damage|p2a: Victini|0 fnt\n|faint|p2a: Victini\n|\n|-damage|p1a: Sableye|19\/100 brn|[from] brn\n|upkeep\n|\n|t:|1700086688\n|switch|p2a: Dragonite|Dragonite, F|100\/100\n|turn|13\n|\n|t:|1700086696\n|move|p2a: Dragonite|Dragon Claw|p1a: Sableye\n|-damage|p1a: Sableye|0 fnt\n|faint|p1a: Sableye\n|\n|upkeep\n|\n|t:|1700086706\n|switch|p1a: Clefable|Clefable, M|100\/100\n|turn|14\n|\n|t:|1700086713\n|switch|p2a: Forretress|Forretress, M|100\/100\n|move|p1a: Clefable|Calm Mind|p1a: Clefable\n|-boost|p1a: Clefable|spa|1\n|-boost|p1a: Clefable|spd|1\n|\n|upkeep\n|turn|15\n|\n|t:|1700086724\n|move|p1a: Clefable|Calm Mind|p1a: Clefable\n|-boost|p1a: Clefable|spa|1\n|-boost|p1a: Clefable|spd|1\n|move|p2a: Forretress|Stealth Rock|p1a: Clefable\n|-sidestart|p1: retrogamer1987|move: Stealth Rock\n|\n|upkeep\n|turn|16\n|\n|t:|1700086732\n|move|p1a: Clefable|Calm Mind|p1a: Clefable\n|-boost|p1a: Clefable|spa|1\n|-boost|p1a: Clefable|spd|1\n|move|p2a: Forretress|Thunder Wave|p1a: Clefable\n|-status|p1a: Clefable|par\n|\n|upkeep\n|turn|17\n|\n|t:|1700086744\n|move|p2a: Forretress|Rapid Spin|p1a: Clefable\n|-damage|p1a: Clefable|92\/100 par\n|-boost|p2a: Forretress|spe|1\n|move|p1a: Clefable|Calm Mind|p1a: Clefable\n|-boost|p1a: Clefable|spa|1\n|-boost|p1a: Clefable|spd|1\n|\n|upkeep\n|turn|18\n|\n|t:|1700086750\n|move|p2a: Forretress|Rapid Spin|p1a: Clefable\n|-damage|p1a: Clefable|84\/100 par\n|-boost|p2a: Forretress|spe|1\n|move|p1a: Clefable|Rest|p1a: Clefable\n|-status|p1a: Clefable|slp|[from] move: Rest\n|-heal|p1a: Clefable|100\/100 slp|[silent]\n|\n|upkeep\n|turn|19\n|\n|t:|1700086757\n|move|p2a: Forretress|Rapid Spin|p1a: Clefable\n|-damage|p1a: Clefable|93\/100 slp\n|-boost|p2a: Forretress|spe|1\n|cant|p1a: Clefable|slp\n|move|p1a: Clefable|Sleep Talk|p1a: Clefable\n|move|p1a: Clefable|Calm Mind|p1a: Clefable|[from]move: Sleep Talk\n|-boost|p1a: Clefable|spa|1\n|-boost|p1a: Clefable|spd|1\n|\n|upkeep\n|turn|20\n|\n|t:|1700086765\n|move|p2a: Forretress|Rapid Spin|p1a: Clefable\n|-damage|p1a: Clefable|85\/100 slp\n|-boost|p2a: Forretress|spe|1\n|cant|p1a: Clefable|slp\n|move|p1a: Clefable|Sleep Talk|p1a: Clefable\n|move|p1a: Clefable|Rest||[from]move: Sleep Talk|[still]\n|-fail|p1a: Clefable\n|\n|upkeep\n|turn|21\n|\n|t:|1700086774\n|move|p2a: Forretress|Explosion|p1a: Clefable\n|-damage|p1a: Clefable|42\/100 slp\n|faint|p2a: Forretress\n|-curestatus|p1a: Clefable|slp|[msg]\n|move|p1a: Clefable|Moonblast|p2: Forretress|[notarget]\n|-fail|p1a: Clefable\n|\n|upkeep\n|\n|t:|1700086782\n|switch|p2a: Banette|Banette, M|100\/100\n|turn|22\n|\n|t:|1700086785\n|detailschange|p2a: Banette|Banette-Mega, M\n|-mega|p2a: Banette|Banette|Banettite\n|move|p2a: Banette|Poltergeist|p1a: Clefable\n|-activate|p1a: Clefable|move: Poltergeist|Life Orb\n|-damage|p1a: Clefable|0 fnt\n|faint|p1a: Clefable\n|\n|upkeep\n|\n|t:|1700086812\n|switch|p1a: Corviknight|Corviknight, F|100\/100\n|-damage|p1a: Corviknight|88\/100|[from] Stealth Rock\n|-ability|p1a: Corviknight|Pressure\n|turn|23\n|\n|t:|1700086820\n|move|p2a: Banette|Taunt|p1a: Corviknight\n|-start|p1a: Corviknight|move: Taunt\n|cant|p1a: Corviknight|move: Taunt|Iron Defense\n|\n|-heal|p1a: Corviknight|94\/100|[from] item: Leftovers\n|upkeep\n|turn|24\n|\n|t:|1700086830\n|move|p2a: Banette|Poltergeist|p1a: Corviknight\n|-activate|p1a: Corviknight|move: Poltergeist|Leftovers\n|-damage|p1a: Corviknight|31\/100\n|move|p1a: Corviknight|Body Press|p2a: Banette\n|-immune|p2a: Banette\n|\n|-heal|p1a: Corviknight|37\/100|[from] item: Leftovers\n|upkeep\n|turn|25\n|-message|retrogamer1987 forfeited.\n|\n|win|Tank Tests\n|raw|retrogamer1987's rating: 1458 &rarr; <strong>1433<\/strong><br \/>(-25 for losing)\n|raw|Tank Tests's rating: 1372 &rarr; <strong>1397<\/strong><br \/>(+25 for winning)\n|l|\u2606retrogamer1987\n","uploadtime":1700086874,"views":19,"p1id":"retrogamer1987","p2id":"tanktests","formatid":"gen9nationaldex","rating":1397,"private":0,"password":""}