{"id":"gen9nationaldex-1996145530","p1":"AvaIWillWinYou","p2":"Danny yin","format":"[Gen 9] National Dex","log":"|html|<div class=\"broadcast-blue\"><strong>[Gen 9] National Dex is currently suspecting Sneasler! For information on how to participate check out the <a href=\"https:\/\/www.smogon.com\/forums\/threads\/sv-national-dex-suspect-8-just-dance.3731534\/\">suspect thread<\/a>.<\/strong><\/div>\n|j|\u2606AvaIWillWinYou\n|j|\u2606Danny yin\n|t:|1700650968\n|gametype|singles\n|player|p1|AvaIWillWinYou|cynthia|1121\n|player|p2|Danny yin|170|1182\n|teamsize|p1|6\n|teamsize|p2|6\n|gen|9\n|tier|[Gen 9] National Dex\n|rated|\n|rule|HP Percentage Mod: HP is shown in percentages\n|rule|Endless Battle Clause: Forcing endless battles is banned\n|rule|OHKO Clause: OHKO moves are banned\n|rule|Evasion Clause: Evasion abilities, items, and moves are banned\n|rule|Evasion Abilities Clause: Evasion abilities are banned\n|rule|Evasion Items Clause: Evasion items are banned\n|rule|Evasion Moves Clause: Evasion moves are banned\n|rule|Species Clause: Limit one of each Pok\u00e9mon\n|rule|Sleep Clause Mod: Limit one foe put to sleep\n|clearpoke\n|poke|p1|Urshifu-*, M|\n|poke|p1|Polteageist|\n|poke|p1|Garganacl, F|\n|poke|p1|Banette, M|\n|poke|p1|Slurpuff, M|\n|poke|p1|Togedemaru, L1, F|\n|poke|p2|Mawile, M|\n|poke|p2|Marowak-Alola, F|\n|poke|p2|Hatterene, F|\n|poke|p2|Cresselia, F|\n|poke|p2|Porygon2|\n|poke|p2|Ursaluna, M|\n|teampreview\n|inactive|Battle timer is ON: inactive players will automatically lose when time's up. (requested by AvaIWillWinYou)\n|j| Insurancefraud72\n|\n|t:|1700650984\n|start\n|switch|p1a: Lowbudget Kirby|Slurpuff, M|100\/100\n|switch|p2a: Hatterene|Hatterene, F|100\/100\n|turn|1\n|\n|t:|1700650994\n|move|p1a: Lowbudget Kirby|Belly Drum|p1a: Lowbudget Kirby\n|-damage|p1a: Lowbudget Kirby|50\/100\n|-setboost|p1a: Lowbudget Kirby|atk|6|[from] move: Belly Drum\n|-enditem|p1a: Lowbudget Kirby|Sitrus Berry|[eat]\n|-heal|p1a: Lowbudget Kirby|75\/100|[from] item: Sitrus Berry\n|move|p2a: Hatterene|Trick Room|p2a: Hatterene\n|-fieldstart|move: Trick Room|[of] p2a: Hatterene\n|\n|upkeep\n|turn|2\n|\n|t:|1700651008\n|move|p2a: Hatterene|Mystical Fire|p1a: Lowbudget Kirby\n|-damage|p1a: Lowbudget Kirby|31\/100\n|-unboost|p1a: Lowbudget Kirby|spa|1\n|move|p1a: Lowbudget Kirby|Play Rough|p2a: Hatterene\n|-enditem|p2a: Hatterene|Focus Sash\n|-damage|p2a: Hatterene|1\/100\n|\n|upkeep\n|turn|3\n|\n|t:|1700651018\n|move|p2a: Hatterene|Mystical Fire|p1a: Lowbudget Kirby\n|-damage|p1a: Lowbudget Kirby|0 fnt\n|faint|p1a: Lowbudget Kirby\n|\n|upkeep\n|\n|t:|1700651024\n|switch|p1a: Venom|Banette, M|100\/100\n|turn|4\n|\n|t:|1700651040\n|switch|p2a: Marowak|Marowak-Alola, F|100\/100\n|move|p1a: Venom|Shadow Sneak|p2a: Marowak\n|-supereffective|p2a: Marowak\n|-damage|p2a: Marowak|61\/100\n|\n|upkeep\n|turn|5\n|\n|t:|1700651058\n|move|p1a: Venom|Sucker Punch|p2a: Marowak\n|-supereffective|p2a: Marowak\n|-damage|p2a: Marowak|11\/100\n|move|p2a: Marowak|Poltergeist|p1a: Venom\n|-activate|p1a: Venom|move: Poltergeist|Banettite\n|-supereffective|p1a: Venom\n|-damage|p1a: Venom|0 fnt\n|faint|p1a: Venom\n|\n|-fieldend|move: Trick Room\n|upkeep\n|\n|t:|1700651067\n|switch|p1a: Not A Football|Togedemaru, L1, F|100\/100\n|turn|6\n|\n|t:|1700651080\n|switch|p2a: Porygon2|Porygon2|100\/100\n|-ability|p2a: Porygon2|Sturdy|[from] ability: Trace|[of] p1a: Not A Football\n|-terastallize|p1a: Not A Football|Normal\n|move|p1a: Not A Football|Toxic|p2a: Porygon2\n|-status|p2a: Porygon2|tox\n|\n|-damage|p2a: Porygon2|94\/100 tox|[from] psn\n|upkeep\n|turn|7\n|\n|t:|1700651095\n|move|p1a: Not A Football|Endeavor|p2a: Porygon2\n|-damage|p2a: Porygon2|4\/100 tox\n|move|p2a: Porygon2|Trick Room|p2a: Porygon2\n|-fieldstart|move: Trick Room|[of] p2a: Porygon2\n|\n|-damage|p2a: Porygon2|0 fnt|[from] psn\n|faint|p2a: Porygon2\n|upkeep\n|inactive|Danny yin has 120 seconds left.\n|\n|t:|1700651123\n|switch|p2a: Ursaluna|Ursaluna, M|100\/100\n|turn|8\n|inactive|Danny yin has 120 seconds left.\n|\n|t:|1700651137\n|move|p1a: Not A Football|Toxic|p2a: Ursaluna\n|-status|p2a: Ursaluna|tox\n|move|p2a: Ursaluna|Swords Dance|p2a: Ursaluna\n|-boost|p2a: Ursaluna|atk|2\n|\n|-damage|p2a: Ursaluna|94\/100 tox|[from] psn\n|upkeep\n|turn|9\n|\n|t:|1700651141\n|move|p1a: Not A Football|Endeavor|p2a: Ursaluna\n|-damage|p2a: Ursaluna|3\/100 tox\n|move|p2a: Ursaluna|Facade|p1a: Not A Football\n|-ability|p1a: Not A Football|Sturdy\n|-damage|p1a: Not A Football|8\/100\n|\n|-damage|p2a: Ursaluna|0 fnt|[from] psn\n|faint|p2a: Ursaluna\n|upkeep\n|\n|t:|1700651147\n|switch|p2a: Mawile|Mawile, M|100\/100\n|-ability|p2a: Mawile|Intimidate|boost\n|-unboost|p1a: Not A Football|atk|1\n|turn|10\n|\n|t:|1700651159\n|detailschange|p2a: Mawile|Mawile-Mega, M\n|-mega|p2a: Mawile|Mawile|Mawilite\n|move|p1a: Not A Football|Endeavor|p2a: Mawile\n|-damage|p2a: Mawile|1\/100\n|-heal|p1a: Not A Football|100\/100|[from] item: Shell Bell|[of] p2a: Mawile\n|move|p2a: Mawile|Ice Punch|p1a: Not A Football\n|-ability|p1a: Not A Football|Sturdy\n|-damage|p1a: Not A Football|8\/100\n|\n|upkeep\n|turn|11\n|\n|t:|1700651169\n|move|p1a: Not A Football|Spiky Shield|p1a: Not A Football\n|-singleturn|p1a: Not A Football|move: Protect\n|move|p2a: Mawile|Sucker Punch||[still]\n|-fail|p2a: Mawile\n|\n|-fieldend|move: Trick Room\n|upkeep\n|turn|12\n|\n|t:|1700651175\n|move|p2a: Mawile|Sucker Punch||[still]\n|-fail|p2a: Mawile\n|move|p1a: Not A Football|Toxic|p2a: Mawile\n|-immune|p2a: Mawile\n|\n|upkeep\n|turn|13\n|inactive|Danny yin has 120 seconds left.\n|\n|t:|1700651213\n|move|p1a: Not A Football|Spiky Shield|p1a: Not A Football\n|-singleturn|p1a: Not A Football|move: Protect\n|move|p2a: Mawile|Sucker Punch||[still]\n|-fail|p2a: Mawile\n|\n|upkeep\n|turn|14\n|\n|t:|1700651221\n|move|p2a: Mawile|Ice Punch|p1a: Not A Football\n|-damage|p1a: Not A Football|0 fnt\n|faint|p1a: Not A Football\n|\n|upkeep\n|\n|t:|1700651226\n|switch|p1a: Freddy Fazbear|Urshifu-Rapid-Strike, M|100\/100\n|turn|15\n|inactive|Danny yin has 120 seconds left.\n|\n|t:|1700651237\n|move|p1a: Freddy Fazbear|Surging Strikes|p2a: Mawile\n|-crit|p2a: Mawile\n|-damage|p2a: Mawile|0 fnt\n|faint|p2a: Mawile\n|-hitcount|p2: Mawile|1\n|\n|upkeep\n|\n|t:|1700651239\n|switch|p2a: Cresselia|Cresselia, F|100\/100\n|turn|16\n|\n|t:|1700651245\n|-terastallize|p2a: Cresselia|Water\n|move|p1a: Freddy Fazbear|Surging Strikes|p2a: Cresselia\n|-resisted|p2a: Cresselia\n|-crit|p2a: Cresselia\n|-damage|p2a: Cresselia|96\/100\n|-resisted|p2a: Cresselia\n|-crit|p2a: Cresselia\n|-damage|p2a: Cresselia|90\/100\n|-resisted|p2a: Cresselia\n|-crit|p2a: Cresselia\n|-damage|p2a: Cresselia|86\/100\n|-hitcount|p2a: Cresselia|3\n|move|p2a: Cresselia|Trick Room|p2a: Cresselia\n|-fieldstart|move: Trick Room|[of] p2a: Cresselia\n|\n|upkeep\n|turn|17\n|\n|t:|1700651254\n|switch|p1a: Tea|Polteageist|100\/100\n|move|p2a: Cresselia|Psychic|p1a: Tea\n|-crit|p1a: Tea\n|-damage|p1a: Tea|57\/100\n|\n|upkeep\n|turn|18\n|\n|t:|1700651268\n|switch|p2a: Hatterene|Hatterene, F|1\/100\n|move|p1a: Tea|Shell Smash|p1a: Tea\n|-unboost|p1a: Tea|def|1\n|-unboost|p1a: Tea|spd|1\n|-boost|p1a: Tea|atk|2\n|-boost|p1a: Tea|spa|2\n|-boost|p1a: Tea|spe|2\n|\n|upkeep\n|turn|19\n|\n|t:|1700651289\n|move|p2a: Hatterene|Healing Wish|p2a: Hatterene\n|faint|p2a: Hatterene\n|move|p1a: Tea|Stored Power|p2: Hatterene|[notarget]\n|-fail|p1a: Tea\n|\n|upkeep\n|\n|t:|1700651292\n|switch|p2a: Marowak|Marowak-Alola, F|11\/100\n|-heal|p2a: Marowak|100\/100|[from] move: Healing Wish\n|turn|20\n|\n|t:|1700651300\n|move|p2a: Marowak|Flare Blitz|p1a: Tea\n|-damage|p1a: Tea|0 fnt\n|faint|p1a: Tea\n|\n|-fieldend|move: Trick Room\n|upkeep\n|\n|t:|1700651307\n|switch|p1a: Just Some Rocks|Garganacl, F|100\/100\n|turn|21\n|\n|t:|1700651316\n|move|p1a: Just Some Rocks|Curse|p1a: Just Some Rocks\n|-unboost|p1a: Just Some Rocks|spe|1\n|-boost|p1a: Just Some Rocks|atk|1\n|-boost|p1a: Just Some Rocks|def|1\n|move|p2a: Marowak|Low Kick|p1a: Just Some Rocks\n|-supereffective|p1a: Just Some Rocks\n|-damage|p1a: Just Some Rocks|59\/100\n|\n|-heal|p1a: Just Some Rocks|66\/100|[from] item: Leftovers\n|upkeep\n|turn|22\n|\n|t:|1700651320\n|move|p2a: Marowak|Swords Dance|p2a: Marowak\n|-boost|p2a: Marowak|atk|2\n|move|p1a: Just Some Rocks|Curse|p1a: Just Some Rocks\n|-unboost|p1a: Just Some Rocks|spe|1\n|-boost|p1a: Just Some Rocks|atk|1\n|-boost|p1a: Just Some Rocks|def|1\n|\n|-heal|p1a: Just Some Rocks|72\/100|[from] item: Leftovers\n|upkeep\n|turn|23\n|\n|t:|1700651344\n|move|p2a: Marowak|Swords Dance|p2a: Marowak\n|-boost|p2a: Marowak|atk|2\n|move|p1a: Just Some Rocks|Curse|p1a: Just Some Rocks\n|-unboost|p1a: Just Some Rocks|spe|1\n|-boost|p1a: Just Some Rocks|atk|1\n|-boost|p1a: Just Some Rocks|def|1\n|\n|-heal|p1a: Just Some Rocks|78\/100|[from] item: Leftovers\n|upkeep\n|turn|24\n|\n|t:|1700651351\n|move|p2a: Marowak|Low Kick|p1a: Just Some Rocks\n|-supereffective|p1a: Just Some Rocks\n|-damage|p1a: Just Some Rocks|0 fnt\n|faint|p1a: Just Some Rocks\n|\n|upkeep\n|\n|t:|1700651356\n|switch|p1a: Freddy Fazbear|Urshifu-Rapid-Strike, M|100\/100\n|turn|25\n|\n|t:|1700651369\n|move|p1a: Freddy Fazbear|Thunder Punch|p2a: Marowak\n|-damage|p2a: Marowak|76\/100\n|move|p2a: Marowak|Poltergeist|p1a: Freddy Fazbear\n|-activate|p1a: Freddy Fazbear|move: Poltergeist|Choice Scarf\n|-damage|p1a: Freddy Fazbear|0 fnt\n|faint|p1a: Freddy Fazbear\n|\n|win|Danny yin\n|raw|AvaIWillWinYou's rating: 1121 &rarr; <strong>1100<\/strong><br \/>(-21 for losing)\n|raw|Danny yin's rating: 1182 &rarr; <strong>1203<\/strong><br \/>(+21 for winning)\n|l| Insurancefraud72\n|l|\u2606AvaIWillWinYou\n","uploadtime":1700651901,"views":0,"p1id":"avaiwillwinyou","p2id":"dannyyin","formatid":"gen9nationaldex","rating":1100,"private":0,"password":""}