{"id":"gen9nationaldex-1988696486","p1":"MV ice","p2":"ROBERTNIESTA","format":"[Gen 9] National Dex","log":"|j|\u2606MV ice\n|j|\u2606ROBERTNIESTA\n|t:|1699751826\n|gametype|singles\n|player|p1|MV ice|alain|1084\n|player|p2|ROBERTNIESTA|101|1000\n|teamsize|p1|6\n|teamsize|p2|6\n|gen|9\n|tier|[Gen 9] National Dex\n|rated|\n|rule|HP Percentage Mod: HP is shown in percentages\n|rule|Endless Battle Clause: Forcing endless battles is banned\n|rule|OHKO Clause: OHKO moves are banned\n|rule|Evasion Clause: Evasion abilities, items, and moves are banned\n|rule|Evasion Abilities Clause: Evasion abilities are banned\n|rule|Evasion Items Clause: Evasion items are banned\n|rule|Evasion Moves Clause: Evasion moves are banned\n|rule|Species Clause: Limit one of each Pok\u00e9mon\n|rule|Sleep Clause Mod: Limit one foe put to sleep\n|clearpoke\n|poke|p1|Medicham, M|\n|poke|p1|Vikavolt, F|\n|poke|p1|Clodsire, F|\n|poke|p1|Corviknight, F|\n|poke|p1|Samurott-Hisui, M|\n|poke|p1|Blaziken, M|\n|poke|p2|Medicham, F|\n|poke|p2|Gliscor, F|\n|poke|p2|Ninetales-Alola, F|\n|poke|p2|Rillaboom, M|\n|poke|p2|Dragonite, F|\n|poke|p2|Hippowdon, M|\n|teampreview\n|inactive|Battle timer is ON: inactive players will automatically lose when time's up. (requested by MV ice)\n|\n|t:|1699751842\n|start\n|switch|p1a: Medicham|Medicham, M|100\/100\n|switch|p2a: Ninetales|Ninetales-Alola, F|100\/100\n|-weather|Snow|[from] ability: Snow Warning|[of] p2a: Ninetales\n|turn|1\n|\n|t:|1699751847\n|detailschange|p1a: Medicham|Medicham-Mega, M\n|-mega|p1a: Medicham|Medicham|Medichamite\n|move|p1a: Medicham|Fake Out|p2a: Ninetales\n|-damage|p2a: Ninetales|80\/100\n|cant|p2a: Ninetales|flinch\n|\n|-weather|Snow|[upkeep]\n|upkeep\n|turn|2\n|\n|t:|1699751852\n|move|p1a: Medicham|Bullet Punch|p2a: Ninetales\n|-supereffective|p2a: Ninetales\n|-damage|p2a: Ninetales|0 fnt\n|faint|p2a: Ninetales\n|\n|-weather|Snow|[upkeep]\n|upkeep\n|\n|t:|1699751865\n|switch|p2a: Hippowdon|Hippowdon, M|100\/100\n|-weather|Sandstorm|[from] ability: Sand Stream|[of] p2a: Hippowdon\n|turn|3\n|\n|t:|1699751886\n|switch|p1a: Samurott|Samurott-Hisui, M|100\/100\n|move|p2a: Hippowdon|Stealth Rock|p1a: Samurott\n|-sidestart|p1: MV ice|move: Stealth Rock\n|\n|-weather|Sandstorm|[upkeep]\n|-damage|p1a: Samurott|94\/100|[from] Sandstorm\n|upkeep\n|turn|4\n|\n|t:|1699751895\n|switch|p2a: Rillaboom|Rillaboom, M|100\/100\n|-fieldstart|move: Grassy Terrain|[from] ability: Grassy Surge|[of] p2a: Rillaboom\n|move|p1a: Samurott|Ceaseless Edge|p2a: Rillaboom\n|-damage|p2a: Rillaboom|54\/100\n|-sidestart|p2: ROBERTNIESTA|Spikes\n|\n|-weather|Sandstorm|[upkeep]\n|-damage|p1a: Samurott|88\/100|[from] Sandstorm\n|-damage|p2a: Rillaboom|48\/100|[from] Sandstorm\n|-heal|p1a: Samurott|94\/100|[from] Grassy Terrain\n|-heal|p2a: Rillaboom|54\/100|[from] Grassy Terrain\n|upkeep\n|turn|5\n|\n|t:|1699751911\n|switch|p1a: Corviknight|Corviknight, F, shiny|100\/100\n|-damage|p1a: Corviknight|88\/100|[from] Stealth Rock\n|move|p2a: Rillaboom|Grassy Glide|p1a: Corviknight\n|-resisted|p1a: Corviknight\n|-damage|p1a: Corviknight|78\/100\n|-damage|p2a: Rillaboom|44\/100|[from] item: Life Orb\n|\n|-weather|Sandstorm|[upkeep]\n|-damage|p2a: Rillaboom|38\/100|[from] Sandstorm\n|-heal|p2a: Rillaboom|44\/100|[from] Grassy Terrain\n|upkeep\n|turn|6\n|\n|t:|1699751930\n|switch|p2a: Hippowdon|Hippowdon, M|100\/100\n|-damage|p2a: Hippowdon|88\/100|[from] Spikes\n|move|p1a: Corviknight|Iron Defense|p1a: Corviknight\n|-boost|p1a: Corviknight|def|2\n|\n|-weather|Sandstorm|[upkeep]\n|-heal|p2a: Hippowdon|94\/100|[from] Grassy Terrain\n|-heal|p2a: Hippowdon|100\/100|[from] item: Leftovers\n|upkeep\n|turn|7\n|\n|t:|1699751941\n|move|p1a: Corviknight|Agility|p1a: Corviknight\n|-boost|p1a: Corviknight|spe|2\n|move|p2a: Hippowdon|Body Press|p1a: Corviknight\n|-damage|p1a: Corviknight|65\/100\n|\n|-weather|none\n|upkeep\n|turn|8\n|\n|t:|1699751947\n|move|p1a: Corviknight|Iron Defense|p1a: Corviknight\n|-boost|p1a: Corviknight|def|2\n|move|p2a: Hippowdon|Body Press|p1a: Corviknight\n|-damage|p1a: Corviknight|58\/100\n|\n|-fieldend|move: Grassy Terrain\n|upkeep\n|turn|9\n|\n|t:|1699751951\n|move|p1a: Corviknight|Iron Defense|p1a: Corviknight\n|-boost|p1a: Corviknight|def|2\n|move|p2a: Hippowdon|Body Press|p1a: Corviknight\n|-crit|p1a: Corviknight\n|-damage|p1a: Corviknight|25\/100\n|\n|upkeep\n|turn|10\n|\n|t:|1699751954\n|move|p1a: Corviknight|Roost|p1a: Corviknight\n|-heal|p1a: Corviknight|75\/100\n|-singleturn|p1a: Corviknight|move: Roost\n|move|p2a: Hippowdon|Body Press|p1a: Corviknight\n|-supereffective|p1a: Corviknight\n|-damage|p1a: Corviknight|63\/100\n|-enditem|p1a: Corviknight|Weakness Policy\n|-boost|p1a: Corviknight|atk|2|[from] item: Weakness Policy\n|-boost|p1a: Corviknight|spa|2|[from] item: Weakness Policy\n|\n|upkeep\n|turn|11\n|\n|t:|1699751959\n|move|p1a: Corviknight|Roost|p1a: Corviknight\n|-heal|p1a: Corviknight|100\/100\n|-singleturn|p1a: Corviknight|move: Roost\n|move|p2a: Hippowdon|Body Press|p1a: Corviknight\n|-supereffective|p1a: Corviknight\n|-damage|p1a: Corviknight|88\/100\n|\n|upkeep\n|turn|12\n|\n|t:|1699751964\n|move|p1a: Corviknight|Power Trip|p2a: Hippowdon\n|-damage|p2a: Hippowdon|49\/100\n|move|p2a: Hippowdon|Body Press|p1a: Corviknight\n|-damage|p1a: Corviknight|82\/100\n|\n|-heal|p2a: Hippowdon|56\/100|[from] item: Leftovers\n|upkeep\n|turn|13\n|\n|t:|1699751971\n|move|p1a: Corviknight|Agility|p1a: Corviknight\n|-boost|p1a: Corviknight|spe|2\n|move|p2a: Hippowdon|Body Press|p1a: Corviknight\n|-damage|p1a: Corviknight|75\/100\n|\n|-heal|p2a: Hippowdon|62\/100|[from] item: Leftovers\n|upkeep\n|turn|14\n|\n|t:|1699751987\n|move|p1a: Corviknight|Power Trip|p2a: Hippowdon\n|-damage|p2a: Hippowdon|0 fnt\n|faint|p2a: Hippowdon\n|\n|upkeep\n|inactive|ROBERTNIESTA has 120 seconds left.\n|\n|t:|1699752009\n|switch|p2a: Dragonite|Dragonite, F|100\/100\n|turn|15\n|\n|t:|1699752023\n|move|p1a: Corviknight|Power Trip|p2a: Dragonite\n|-damage|p2a: Dragonite|44\/100\n|move|p2a: Dragonite|Defog|p1a: Corviknight\n|-ability|p1a: Corviknight|Mirror Armor\n|-unboost|p2a: Dragonite|evasion|1\n|-sideend|p1: MV ice|Stealth Rock|[from] move: Defog|[of] p2a: Dragonite\n|-sideend|p2: ROBERTNIESTA|Spikes|[from] move: Defog|[of] p2a: Dragonite\n|\n|upkeep\n|turn|16\n|-message|ROBERTNIESTA forfeited.\n|\n|win|MV ice\n|raw|MV ice's rating: 1084 &rarr; <strong>1105<\/strong><br \/>(+21 for winning)\n|raw|ROBERTNIESTA's rating: 1000 &rarr; <strong>1000<\/strong><br \/>(+0 for losing)\n|l|\u2606ROBERTNIESTA\n","uploadtime":1699752044,"views":13,"p1id":"mvice","p2id":"robertniesta","formatid":"gen9nationaldex","rating":1000,"private":0,"password":""}