{"id":"gen9nationaldex-1991492654","p1":"Grantypoo","p2":"SlowySlow","format":"[Gen 9] National Dex","log":"|j|\u2606Grantypoo\n|j|\u2606SlowySlow\n|t:|1700081920\n|gametype|singles\n|player|p1|Grantypoo|shauntal|1059\n|player|p2|SlowySlow|ash|1171\n|teamsize|p1|6\n|teamsize|p2|6\n|gen|9\n|tier|[Gen 9] National Dex\n|rated|\n|rule|HP Percentage Mod: HP is shown in percentages\n|rule|Endless Battle Clause: Forcing endless battles is banned\n|rule|OHKO Clause: OHKO moves are banned\n|rule|Evasion Clause: Evasion abilities, items, and moves are banned\n|rule|Evasion Abilities Clause: Evasion abilities are banned\n|rule|Evasion Items Clause: Evasion items are banned\n|rule|Evasion Moves Clause: Evasion moves are banned\n|rule|Species Clause: Limit one of each Pok\u00e9mon\n|rule|Sleep Clause Mod: Limit one foe put to sleep\n|clearpoke\n|poke|p1|Gardevoir, F|\n|poke|p1|Lopunny, F|\n|poke|p1|Lucario, M|\n|poke|p1|Vaporeon, F|\n|poke|p1|Cinderace, M|\n|poke|p1|Meowscarada, F|\n|poke|p2|Beedrill, M|\n|poke|p2|Slurpuff, F|\n|poke|p2|Gyarados, M|\n|poke|p2|Cinderace, F|\n|poke|p2|Kartana|\n|poke|p2|Xurkitree|\n|teampreview\n|inactive|Battle timer is ON: inactive players will automatically lose when time's up. (requested by SlowySlow)\n|c|\u2606Grantypoo|Greetings\n|c|\u2606SlowySlow|ok what the fuck\n|c|\u2606Grantypoo|What\n|\n|t:|1700081949\n|start\n|switch|p1a: Lucario|Lucario, M|100\/100\n|switch|p2a: Slurpuff|Slurpuff, F|100\/100\n|turn|1\n|\n|t:|1700081954\n|move|p1a: Lucario|Bullet Punch|p2a: Slurpuff\n|-supereffective|p2a: Slurpuff\n|-damage|p2a: Slurpuff|50\/100\n|-enditem|p2a: Slurpuff|Sitrus Berry|[eat]\n|-heal|p2a: Slurpuff|74\/100|[from] item: Sitrus Berry\n|-damage|p1a: Lucario|91\/100|[from] item: Life Orb\n|move|p2a: Slurpuff|Belly Drum|p2a: Slurpuff\n|-damage|p2a: Slurpuff|24\/100\n|-setboost|p2a: Slurpuff|atk|6|[from] move: Belly Drum\n|\n|upkeep\n|turn|2\n|\n|t:|1700081964\n|move|p1a: Lucario|Bullet Punch|p2a: Slurpuff\n|-supereffective|p2a: Slurpuff\n|-damage|p2a: Slurpuff|0 fnt\n|faint|p2a: Slurpuff\n|-damage|p1a: Lucario|81\/100|[from] item: Life Orb\n|\n|upkeep\n|\n|t:|1700081972\n|switch|p2a: Kartana|Kartana|100\/100\n|turn|3\n|\n|t:|1700081976\n|move|p2a: Kartana|Sacred Sword|p1a: Lucario\n|-supereffective|p1a: Lucario\n|-damage|p1a: Lucario|0 fnt\n|faint|p1a: Lucario\n|-ability|p2a: Kartana|Beast Boost|boost\n|-boost|p2a: Kartana|atk|1\n|\n|upkeep\n|\n|t:|1700081990\n|switch|p1a: Lopunny|Lopunny, F, shiny|100\/100\n|turn|4\n|\n|t:|1700081995\n|detailschange|p1a: Lopunny|Lopunny-Mega, F, shiny\n|-mega|p1a: Lopunny|Lopunny|Lopunnite\n|move|p1a: Lopunny|Fake Out|p2a: Kartana\n|-resisted|p2a: Kartana\n|-damage|p2a: Kartana|88\/100\n|cant|p2a: Kartana|flinch\n|\n|upkeep\n|turn|5\n|\n|t:|1700082003\n|move|p2a: Kartana|Sacred Sword|p1a: Lopunny\n|-supereffective|p1a: Lopunny\n|-damage|p1a: Lopunny|0 fnt\n|faint|p1a: Lopunny\n|-ability|p2a: Kartana|Beast Boost|boost\n|-boost|p2a: Kartana|atk|1\n|\n|upkeep\n|c|\u2606Grantypoo|Is that a choice scarf you got\n|\n|t:|1700082025\n|switch|p1a: Gardevoir|Gardevoir, F, shiny|100\/100\n|turn|6\n|c|\u2606SlowySlow|im sorry bro im not losing to someone playing with only one hand\n|\n|t:|1700082032\n|switch|p2a: Cinderace|Cinderace, F|100\/100\n|move|p1a: Gardevoir|Calm Mind|p1a: Gardevoir\n|-boost|p1a: Gardevoir|spa|1\n|-boost|p1a: Gardevoir|spd|1\n|\n|upkeep\n|turn|7\n|c|\u2606Grantypoo|You are wrong\n|inactive|Grantypoo has 120 seconds left.\n|c|\u2606Grantypoo|I'm not using any hands\n|\n|t:|1700082069\n|move|p2a: Cinderace|Pyro Ball|p1a: Gardevoir\n|-damage|p1a: Gardevoir|0 fnt\n|faint|p1a: Gardevoir\n|\n|upkeep\n|\n|t:|1700082086\n|switch|p1a: Vaporeon|Vaporeon, F|100\/100\n|turn|8\n|c|\u2606SlowySlow|nah bro wtf is this\ud83d\ude2d\n|\n|t:|1700082107\n|switch|p2a: Xurkitree|Xurkitree|100\/100\n|move|p1a: Vaporeon|Substitute|p1a: Vaporeon\n|-start|p1a: Vaporeon|Substitute\n|-damage|p1a: Vaporeon|75\/100\n|\n|-heal|p1a: Vaporeon|82\/100|[from] item: Leftovers\n|upkeep\n|turn|9\n|inactive|Grantypoo has 90 seconds left.\n|\n|t:|1700082123\n|move|p2a: Xurkitree|Thunderbolt|p1a: Vaporeon\n|-supereffective|p1a: Vaporeon\n|-end|p1a: Vaporeon|Substitute\n|move|p1a: Vaporeon|Icy Wind|p2a: Xurkitree\n|-damage|p2a: Xurkitree|79\/100\n|-unboost|p2a: Xurkitree|spe|1\n|\n|-heal|p1a: Vaporeon|88\/100|[from] item: Leftovers\n|upkeep\n|turn|10\n|\n|t:|1700082132\n|switch|p1a: Meowscarada|Meowscarada, F, shiny|100\/100\n|move|p2a: Xurkitree|Thunderbolt|p1a: Meowscarada\n|-resisted|p1a: Meowscarada\n|-damage|p1a: Meowscarada|58\/100\n|\n|upkeep\n|turn|11\n|\n|t:|1700082143\n|move|p1a: Meowscarada|Knock Off|p2a: Xurkitree\n|-start|p1a: Meowscarada|typechange|Dark|[from] ability: Protean\n|-damage|p2a: Xurkitree|34\/100\n|-zpower|p2a: Xurkitree\n|move|p2a: Xurkitree|Z-Hypnosis|p1a: Meowscarada|[anim]Hypnosis|[miss]\n|-boost|p2a: Xurkitree|spe|1|[zeffect]\n|-miss|p2a: Xurkitree|p1a: Meowscarada\n|\n|upkeep\n|turn|12\n|inactive|Grantypoo has 90 seconds left.\n|c|\u2606Grantypoo|Wow they can miss?\n|c|\u2606SlowySlow|police is coming to your house lil bud\n|\n|t:|1700082167\n|move|p1a: Meowscarada|Knock Off|p2a: Xurkitree\n|-damage|p2a: Xurkitree|0 fnt\n|faint|p2a: Xurkitree\n|\n|upkeep\n|c|\u2606SlowySlow|yeah z-moves can miss\n|\n|t:|1700082180\n|switch|p2a: Kartana|Kartana|88\/100\n|turn|13\n|c|\u2606SlowySlow|honestly better this way\n|inactive|Grantypoo has 90 seconds left.\n|\n|t:|1700082192\n|move|p2a: Kartana|Sacred Sword|p1a: Meowscarada\n|-supereffective|p1a: Meowscarada\n|-damage|p1a: Meowscarada|0 fnt\n|faint|p1a: Meowscarada\n|-ability|p2a: Kartana|Beast Boost|boost\n|-boost|p2a: Kartana|atk|1\n|\n|upkeep\n|inactive|Grantypoo has 90 seconds left.\n|c|\u2606Grantypoo|Yeah\n|c|\u2606SlowySlow|Z-Hypnosis with 100% acc would break meta\n|\n|t:|1700082204\n|switch|p1a: Vaporeon|Vaporeon, F|88\/100\n|turn|14\n|inactive|Grantypoo has 90 seconds left.\n|\n|t:|1700082220\n|move|p2a: Kartana|Sacred Sword|p1a: Vaporeon\n|-damage|p1a: Vaporeon|24\/100\n|move|p1a: Vaporeon|Icy Wind|p2a: Kartana\n|-damage|p2a: Kartana|45\/100\n|-unboost|p2a: Kartana|spe|1\n|\n|-heal|p1a: Vaporeon|30\/100|[from] item: Leftovers\n|upkeep\n|turn|15\n|\n|t:|1700082229\n|move|p2a: Kartana|Sacred Sword|p1a: Vaporeon\n|-damage|p1a: Vaporeon|0 fnt\n|faint|p1a: Vaporeon\n|-ability|p2a: Kartana|Beast Boost|boost\n|-boost|p2a: Kartana|atk|1\n|\n|upkeep\n|\n|t:|1700082234\n|switch|p1a: Cinderace|Cinderace, M|100\/100\n|turn|16\n|\n|t:|1700082239\n|switch|p2a: Beedrill|Beedrill, M|100\/100\n|move|p1a: Cinderace|Pyro Ball|p2a: Beedrill\n|-supereffective|p2a: Beedrill\n|-damage|p2a: Beedrill|0 fnt\n|faint|p2a: Beedrill\n|\n|upkeep\n|\n|t:|1700082241\n|switch|p2a: Kartana|Kartana|45\/100\n|turn|17\n|\n|t:|1700082247\n|move|p2a: Kartana|Knock Off|p1a: Cinderace\n|-damage|p1a: Cinderace|42\/100\n|-enditem|p1a: Cinderace|Assault Vest|[from] move: Knock Off|[of] p2a: Kartana\n|move|p1a: Cinderace|Pyro Ball|p2a: Kartana\n|-supereffective|p2a: Kartana\n|-damage|p2a: Kartana|0 fnt\n|faint|p2a: Kartana\n|\n|upkeep\n|\n|t:|1700082254\n|switch|p2a: Cinderace|Cinderace, F|100\/100\n|turn|18\n|\n|t:|1700082259\n|move|p2a: Cinderace|Sucker Punch|p1a: Cinderace\n|-start|p2a: Cinderace|typechange|Dark|[from] ability: Libero\n|-damage|p1a: Cinderace|0 fnt\n|faint|p1a: Cinderace\n|\n|win|SlowySlow\n|raw|Grantypoo's rating: 1059 &rarr; <strong>1046<\/strong><br \/>(-13 for losing)\n|raw|SlowySlow's rating: 1171 &rarr; <strong>1188<\/strong><br \/>(+17 for winning)\n|c|\u2606Grantypoo|gg\n|c|\u2606SlowySlow|gg\n","uploadtime":1700082277,"views":7,"p1id":"grantypoo","p2id":"slowyslow","formatid":"gen9nationaldex","rating":1046,"private":0,"password":""}