{"id":"gen9nationaldex-1998226573","p1":"AgenteDino","p2":"Mqwe","format":"[Gen 9] National Dex","log":"|html|<div class=\"broadcast-blue\"><strong>[Gen 9] National Dex is currently suspecting Sneasler! For information on how to participate check out the <a href=\"https:\/\/www.smogon.com\/forums\/threads\/sv-national-dex-suspect-8-just-dance.3731534\/\">suspect thread<\/a>.<\/strong><\/div>\n|j|\u2606AgenteDino\n|j|\u2606Mqwe\n|t:|1700916042\n|gametype|singles\n|player|p1|AgenteDino|marnie|1329\n|player|p2|Mqwe|cyclistf-gen4|1385\n|teamsize|p1|6\n|teamsize|p2|6\n|gen|9\n|tier|[Gen 9] National Dex\n|rated|\n|rule|HP Percentage Mod: HP is shown in percentages\n|rule|Endless Battle Clause: Forcing endless battles is banned\n|rule|OHKO Clause: OHKO moves are banned\n|rule|Evasion Clause: Evasion abilities, items, and moves are banned\n|rule|Evasion Abilities Clause: Evasion abilities are banned\n|rule|Evasion Items Clause: Evasion items are banned\n|rule|Evasion Moves Clause: Evasion moves are banned\n|rule|Species Clause: Limit one of each Pok\u00e9mon\n|rule|Sleep Clause Mod: Limit one foe put to sleep\n|clearpoke\n|poke|p1|Snorlax, M|\n|poke|p1|Rillaboom, M|\n|poke|p1|Garganacl, F|\n|poke|p1|Alomomola, F|\n|poke|p1|Xurkitree|\n|poke|p1|Clefable, F|\n|poke|p2|Volcanion|\n|poke|p2|Urshifu-*, F|\n|poke|p2|Toxapex, F|\n|poke|p2|Corviknight, F|\n|poke|p2|Ogerpon-Cornerstone, F|\n|poke|p2|Scizor, F|\n|teampreview\n|\n|t:|1700916053\n|start\n|switch|p1a: Alomomola|Alomomola, F|100\/100\n|switch|p2a: Urshifu|Urshifu-Rapid-Strike, F|100\/100\n|turn|1\n|\n|t:|1700916066\n|switch|p1a: Rillaboom|Rillaboom, M|100\/100\n|-fieldstart|move: Grassy Terrain|[from] ability: Grassy Surge|[of] p1a: Rillaboom\n|move|p2a: Urshifu|Close Combat|p1a: Rillaboom\n|-damage|p1a: Rillaboom|38\/100\n|-unboost|p2a: Urshifu|def|1\n|-unboost|p2a: Urshifu|spd|1\n|\n|-heal|p1a: Rillaboom|44\/100|[from] Grassy Terrain\n|upkeep\n|turn|2\n|\n|t:|1700916076\n|switch|p2a: Corviknight|Corviknight, F|100\/100\n|move|p1a: Rillaboom|Knock Off|p2a: Corviknight\n|-damage|p2a: Corviknight|60\/100\n|-damage|p1a: Rillaboom|27\/100|[from] item: Rocky Helmet|[of] p2a: Corviknight\n|-enditem|p2a: Corviknight|Rocky Helmet|[from] move: Knock Off|[of] p1a: Rillaboom\n|\n|-heal|p1a: Rillaboom|34\/100|[from] Grassy Terrain\n|upkeep\n|turn|3\n|\n|t:|1700916088\n|switch|p1a: Xurkitree|Xurkitree|100\/100\n|move|p2a: Corviknight|Roost|p2a: Corviknight\n|-heal|p2a: Corviknight|100\/100\n|-singleturn|p2a: Corviknight|move: Roost\n|\n|upkeep\n|turn|4\n|\n|t:|1700916100\n|switch|p2a: Scizor|Scizor, F|100\/100\n|move|p1a: Xurkitree|Tail Glow|p1a: Xurkitree\n|-boost|p1a: Xurkitree|spa|3\n|\n|upkeep\n|turn|5\n|\n|t:|1700916109\n|detailschange|p2a: Scizor|Scizor-Mega, F\n|-mega|p2a: Scizor|Scizor|Scizorite\n|move|p1a: Xurkitree|Discharge|p2a: Scizor\n|-damage|p2a: Scizor|0 fnt\n|faint|p2a: Scizor\n|-ability|p1a: Xurkitree|Beast Boost|boost\n|-boost|p1a: Xurkitree|spa|1\n|-damage|p1a: Xurkitree|91\/100|[from] item: Life Orb\n|\n|-heal|p1a: Xurkitree|97\/100|[from] Grassy Terrain\n|-fieldend|move: Grassy Terrain\n|upkeep\n|\n|t:|1700916124\n|switch|p2a: Ogerpon|Ogerpon-Cornerstone, F|100\/100\n|turn|6\n|\n|t:|1700916143\n|switch|p1a: Rillaboom|Rillaboom, M|34\/100\n|-fieldstart|move: Grassy Terrain|[from] ability: Grassy Surge|[of] p1a: Rillaboom\n|move|p2a: Ogerpon|Power Whip|p1a: Rillaboom\n|-resisted|p1a: Rillaboom\n|-damage|p1a: Rillaboom|0 fnt\n|faint|p1a: Rillaboom\n|\n|upkeep\n|\n|t:|1700916157\n|switch|p1a: Clefable|Clefable, F|100\/100\n|turn|7\n|\n|t:|1700916164\n|switch|p2a: Corviknight|Corviknight, F|100\/100\n|move|p1a: Clefable|Toxic|p2a: Corviknight\n|-immune|p2a: Corviknight\n|\n|upkeep\n|turn|8\n|\n|t:|1700916174\n|switch|p1a: Xurkitree|Xurkitree|97\/100\n|move|p2a: Corviknight|U-turn|p1a: Xurkitree\n|-damage|p1a: Xurkitree|75\/100\n|\n|t:|1700916186\n|switch|p2a: Ogerpon|Ogerpon-Cornerstone, F|100\/100|[from] U-turn\n|\n|-heal|p1a: Xurkitree|81\/100|[from] Grassy Terrain\n|upkeep\n|turn|9\n|\n|t:|1700916194\n|move|p2a: Ogerpon|Swords Dance|p2a: Ogerpon\n|-boost|p2a: Ogerpon|atk|2\n|move|p1a: Xurkitree|Signal Beam|p2a: Ogerpon\n|-supereffective|p2a: Ogerpon\n|-damage|p2a: Ogerpon|8\/100\n|-damage|p1a: Xurkitree|72\/100|[from] item: Life Orb\n|\n|-heal|p2a: Ogerpon|14\/100|[from] Grassy Terrain\n|-heal|p1a: Xurkitree|78\/100|[from] Grassy Terrain\n|upkeep\n|turn|10\n|\n|t:|1700916216\n|move|p2a: Ogerpon|Ivy Cudgel|p1a: Xurkitree|[anim] Ivy Cudgel Rock\n|-damage|p1a: Xurkitree|0 fnt\n|faint|p1a: Xurkitree\n|\n|-heal|p2a: Ogerpon|20\/100|[from] Grassy Terrain\n|-fieldend|move: Grassy Terrain\n|upkeep\n|\n|t:|1700916230\n|switch|p1a: Garganacl|Garganacl, F|100\/100\n|turn|11\n|\n|t:|1700916236\n|move|p2a: Ogerpon|Power Whip|p1a: Garganacl\n|-supereffective|p1a: Garganacl\n|-damage|p1a: Garganacl|0 fnt\n|faint|p1a: Garganacl\n|\n|upkeep\n|\n|t:|1700916239\n|switch|p1a: Alomomola|Alomomola, F|100\/100\n|turn|12\n|\n|t:|1700916246\n|move|p2a: Ogerpon|Spiky Shield|p2a: Ogerpon\n|-singleturn|p2a: Ogerpon|move: Protect\n|move|p1a: Alomomola|Scald|p2a: Ogerpon\n|-activate|p2a: Ogerpon|move: Protect\n|\n|upkeep\n|turn|13\n|\n|t:|1700916254\n|move|p2a: Ogerpon|Power Whip|p1a: Alomomola\n|-supereffective|p1a: Alomomola\n|-crit|p1a: Alomomola\n|-damage|p1a: Alomomola|0 fnt\n|faint|p1a: Alomomola\n|\n|upkeep\n|\n|t:|1700916256\n|switch|p1a: Snorlax|Snorlax, M|100\/100\n|turn|14\n|\n|t:|1700916268\n|move|p2a: Ogerpon|Power Whip|p1a: Snorlax\n|-damage|p1a: Snorlax|0 fnt\n|faint|p1a: Snorlax\n|\n|upkeep\n|\n|t:|1700916271\n|switch|p1a: Clefable|Clefable, F|100\/100\n|turn|15\n|\n|t:|1700916276\n|-terastallize|p2a: Ogerpon|Rock\n|detailschange|p2a: Ogerpon|Ogerpon-Cornerstone-Tera, F, tera:Rock\n|-ability|p2a: Ogerpon|Embody Aspect (Cornerstone)|boost\n|-boost|p2a: Ogerpon|def|1\n|move|p2a: Ogerpon|Ivy Cudgel|p1a: Clefable|[anim] Ivy Cudgel Rock\n|-crit|p1a: Clefable\n|-damage|p1a: Clefable|0 fnt\n|faint|p1a: Clefable\n|\n|win|Mqwe\n|raw|AgenteDino's rating: 1329 &rarr; <strong>1312<\/strong><br \/>(-17 for losing)\n|raw|Mqwe's rating: 1385 &rarr; <strong>1402<\/strong><br \/>(+17 for winning)\n|l|\u2606AgenteDino\n","uploadtime":1700916288,"views":5,"p1id":"agentedino","p2id":"mqwe","formatid":"gen9nationaldex","rating":1312,"private":0,"password":""}