{"id":"gen9nationaldex-1990518393","p1":"Mitico m","p2":"tprip14","format":"[Gen 9] National Dex","log":"|j|\u2606Mitico m\n|j|\u2606tprip14\n|t:|1699978060\n|gametype|singles\n|player|p1|Mitico m|2|1526\n|player|p2|tprip14|flint|1453\n|teamsize|p1|6\n|teamsize|p2|6\n|gen|9\n|tier|[Gen 9] National Dex\n|rated|\n|rule|HP Percentage Mod: HP is shown in percentages\n|rule|Endless Battle Clause: Forcing endless battles is banned\n|rule|OHKO Clause: OHKO moves are banned\n|rule|Evasion Clause: Evasion abilities, items, and moves are banned\n|rule|Evasion Abilities Clause: Evasion abilities are banned\n|rule|Evasion Items Clause: Evasion items are banned\n|rule|Evasion Moves Clause: Evasion moves are banned\n|rule|Species Clause: Limit one of each Pok\u00e9mon\n|rule|Sleep Clause Mod: Limit one foe put to sleep\n|clearpoke\n|poke|p1|Sinistcha|\n|poke|p1|Tapu Lele|\n|poke|p1|Urshifu-*, F|\n|poke|p1|Heatran, F|\n|poke|p1|Landorus-Therian, M|\n|poke|p1|Weavile, M|\n|poke|p2|Banette, F|\n|poke|p2|Ogerpon-Wellspring, F|\n|poke|p2|Heatran, F|\n|poke|p2|Landorus-Therian, M|\n|poke|p2|Kommo-o, M|\n|poke|p2|Tapu Lele|\n|teampreview\n|inactive|Battle timer is ON: inactive players will automatically lose when time's up. (requested by tprip14)\n|\n|t:|1699978079\n|start\n|switch|p1a: Landorus|Landorus-Therian, M|100\/100\n|switch|p2a: Landorus|Landorus-Therian, M|100\/100\n|-ability|p2a: Landorus|Intimidate|boost\n|-unboost|p1a: Landorus|atk|1\n|-ability|p1a: Landorus|Intimidate|boost\n|-unboost|p2a: Landorus|atk|1\n|turn|1\n|\n|t:|1699978088\n|move|p1a: Landorus|Toxic|p2a: Landorus\n|-status|p2a: Landorus|tox\n|move|p2a: Landorus|Stealth Rock|p1a: Landorus\n|-sidestart|p1: Mitico m|move: Stealth Rock\n|\n|-damage|p2a: Landorus|94\/100 tox|[from] psn\n|upkeep\n|turn|2\n|\n|t:|1699978098\n|move|p1a: Landorus|Defog|p2a: Landorus\n|-unboost|p2a: Landorus|evasion|1\n|-sideend|p1: Mitico m|Stealth Rock|[from] move: Defog|[of] p1a: Landorus\n|move|p2a: Landorus|U-turn|p1a: Landorus\n|-resisted|p1a: Landorus\n|-damage|p1a: Landorus|96\/100\n|\n|t:|1699978108\n|switch|p2a: Banette|Banette, F|100\/100|[from] U-turn\n|-item|p1a: Landorus|Leftovers|[from] ability: Frisk|[of] p2a: Banette|[identify]\n|\n|-heal|p1a: Landorus|100\/100|[from] item: Leftovers\n|upkeep\n|turn|3\n|\n|t:|1699978122\n|detailschange|p2a: Banette|Banette-Mega, F\n|-mega|p2a: Banette|Banette|Banettite\n|move|p2a: Banette|Encore|p1a: Landorus\n|-start|p1a: Landorus|Encore\n|move|p1a: Landorus|Defog|p2a: Banette\n|-unboost|p2a: Banette|evasion|1\n|\n|upkeep\n|turn|4\n|\n|t:|1699978140\n|switch|p1a: Weavile|Weavile, M|100\/100\n|-ability|p1a: Weavile|Pressure\n|move|p2a: Banette|Poltergeist|p1a: Weavile\n|-activate|p1a: Weavile|move: Poltergeist|Choice Band\n|-resisted|p1a: Weavile\n|-damage|p1a: Weavile|33\/100\n|\n|upkeep\n|turn|5\n|\n|t:|1699978166\n|switch|p2a: Landorus|Landorus-Therian, M|94\/100 tox\n|-ability|p2a: Landorus|Intimidate|boost\n|-unboost|p1a: Weavile|atk|1\n|move|p1a: Weavile|Knock Off|p2a: Landorus\n|-damage|p2a: Landorus|62\/100 tox\n|-damage|p1a: Weavile|17\/100|[from] item: Rocky Helmet|[of] p2a: Landorus\n|-enditem|p2a: Landorus|Rocky Helmet|[from] move: Knock Off|[of] p1a: Weavile\n|\n|-damage|p2a: Landorus|56\/100 tox|[from] psn\n|upkeep\n|turn|6\n|inactive|tprip14 has 120 seconds left.\n|inactive|Mitico m has 120 seconds left.\n|\n|t:|1699978194\n|switch|p1a: Tapu Lele|Tapu Lele|100\/100\n|-fieldstart|move: Psychic Terrain|[from] ability: Psychic Surge|[of] p1a: Tapu Lele\n|switch|p2a: Heatran|Heatran, F|100\/100\n|\n|upkeep\n|turn|7\n|inactive|Mitico m has 120 seconds left.\n|inactive|Mitico m has 90 seconds left.\n|\n|t:|1699978236\n|move|p1a: Tapu Lele|Focus Blast|p2a: Heatran|[miss]\n|-miss|p1a: Tapu Lele|p2a: Heatran\n|move|p2a: Heatran|Toxic|p1a: Tapu Lele\n|-status|p1a: Tapu Lele|tox\n|\n|-damage|p1a: Tapu Lele|94\/100 tox|[from] psn\n|upkeep\n|turn|8\n|inactive|Mitico m has 90 seconds left.\n|c|\u2606Mitico m|\ud83e\udd2c\ud83e\udd2c\ud83e\udd2c\ud83e\udd2c\ud83e\udd2c\ud83e\udd2c\ud83e\udd2c\ud83e\udd2c\ud83e\udd2c\n|inactive|tprip14 has 120 seconds left.\n|c|\u2606Mitico m|Die yourself\ud83e\udd2c\ud83e\udd2c\ud83e\udd2c\ud83e\udd2c\ud83e\udd2c\ud83e\udd2c\n|n|\u203dMitico m|miticom\n|c|&|\/log Mitico m was locked from talking by Artemis. (\u2606Mitico m: Die yourself\ud83e\udd2c\ud83e\udd2c\ud83e\udd2c\ud83e\udd2c\ud83e\udd2c\ud83e\udd2c)\n|c|&|\/raw <small>This action was done automatically. Want to learn more about the AI? <a href=\"https:\/\/www.smogon.com\/forums\/threads\/3570628\/#post-9056769\">Visit the information thread<\/a>.<\/small>\n|\n|t:|1699978269\n|switch|p2a: Tapu Lele|Tapu Lele|100\/100\n|move|p1a: Tapu Lele|Focus Blast|p2a: Tapu Lele|[miss]\n|-miss|p1a: Tapu Lele|p2a: Tapu Lele\n|\n|-damage|p1a: Tapu Lele|82\/100 tox|[from] psn\n|upkeep\n|turn|9\n|inactive|Mitico m has 60 seconds left.\n|\n|t:|1699978292\n|switch|p1a: Sinistcha|Sinistcha|100\/100\n|move|p2a: Tapu Lele|Hidden Power|p1a: Sinistcha\n|-resisted|p1a: Sinistcha\n|-damage|p1a: Sinistcha|87\/100\n|\n|-heal|p1a: Sinistcha|93\/100|[from] item: Leftovers\n|upkeep\n|turn|10\n|\n|t:|1699978304\n|switch|p2a: Heatran|Heatran, F|100\/100\n|move|p1a: Sinistcha|Calm Mind|p1a: Sinistcha\n|-boost|p1a: Sinistcha|spa|1\n|-boost|p1a: Sinistcha|spd|1\n|\n|-heal|p1a: Sinistcha|99\/100|[from] item: Leftovers\n|-fieldend|move: Psychic Terrain\n|upkeep\n|turn|11\n|\n|t:|1699978316\n|-terastallize|p1a: Sinistcha|Poison\n|move|p2a: Heatran|Taunt|p1a: Sinistcha\n|-start|p1a: Sinistcha|move: Taunt\n|cant|p1a: Sinistcha|move: Taunt|Calm Mind\n|\n|-heal|p1a: Sinistcha|100\/100|[from] item: Leftovers\n|upkeep\n|turn|12\n|\n|t:|1699978335\n|move|p2a: Heatran|Magma Storm|p1a: Sinistcha|[miss]\n|-miss|p2a: Heatran|p1a: Sinistcha\n|move|p1a: Sinistcha|Shadow Ball|p2a: Heatran\n|-damage|p2a: Heatran|72\/100\n|-unboost|p2a: Heatran|spd|1\n|\n|-heal|p2a: Heatran|78\/100|[from] item: Leftovers\n|upkeep\n|turn|13\n|inactive|Mitico m has 60 seconds left.\n|\n|t:|1699978368\n|switch|p2a: Kommo-o|Kommo-o, M|100\/100\n|move|p1a: Sinistcha|Shadow Ball|p2a: Kommo-o\n|-immune|p2a: Kommo-o|[from] ability: Bulletproof\n|\n|-end|p1a: Sinistcha|move: Taunt\n|upkeep\n|turn|14\n|\n|t:|1699978384\n|move|p2a: Kommo-o|Earthquake|p1a: Sinistcha\n|-supereffective|p1a: Sinistcha\n|-damage|p1a: Sinistcha|59\/100\n|move|p1a: Sinistcha|Strength Sap|p2a: Kommo-o\n|-unboost|p2a: Kommo-o|atk|1\n|-heal|p1a: Sinistcha|100\/100\n|\n|upkeep\n|turn|15\n|\n|t:|1699978394\n|switch|p2a: Banette|Banette-Mega, F|100\/100\n|move|p1a: Sinistcha|Matcha Gotcha|p2a: Banette\n|-damage|p2a: Banette|44\/100\n|-status|p2a: Banette|brn\n|\n|-damage|p2a: Banette|38\/100 brn|[from] brn\n|upkeep\n|turn|16\n|inactive|Mitico m has 30 seconds left.\n|inactive|Mitico m has 20 seconds left.\n|inactive|Mitico m has 15 seconds left.\n|inactive|Mitico m has 10 seconds left.\n|\n|t:|1699978441\n|move|p2a: Banette|Destiny Bond|p2a: Banette\n|-singlemove|p2a: Banette|Destiny Bond\n|move|p1a: Sinistcha|Shadow Ball|p2a: Banette\n|-supereffective|p2a: Banette\n|-damage|p2a: Banette|0 fnt\n|faint|p2a: Banette\n|-activate|p2a: Banette|move: Destiny Bond\n|faint|p1a: Sinistcha\n|\n|upkeep\n|inactive|Mitico m has 20 seconds left this turn.\n|inactive|Mitico m has 15 seconds left.\n|inactive|Mitico m has 10 seconds left.\n|\n|t:|1699978451\n|switch|p2a: Tapu Lele|Tapu Lele|100\/100\n|switch|p1a: Weavile|Weavile, M|17\/100\n|-fieldstart|move: Psychic Terrain|[from] ability: Psychic Surge|[of] p2a: Tapu Lele\n|-ability|p1a: Weavile|Pressure\n|turn|17\n|inactive|Mitico m has 20 seconds left this turn.\n|inactive|Mitico m has 15 seconds left.\n|\n|t:|1699978459\n|move|p2a: Tapu Lele|Hidden Power|p1a: Weavile\n|-damage|p1a: Weavile|0 fnt\n|faint|p1a: Weavile\n|\n|upkeep\n|inactive|Mitico m has 20 seconds left this turn.\n|inactive|Mitico m has 15 seconds left.\n|\n|t:|1699978466\n|switch|p1a: Tapu Lele|Tapu Lele|82\/100 tox\n|turn|18\n|inactive|Mitico m has 25 seconds left this turn.\n|inactive|Mitico m has 20 seconds left.\n|\n|t:|1699978471\n|switch|p2a: Heatran|Heatran, F|78\/100\n|move|p1a: Tapu Lele|Focus Blast|p2a: Heatran|[miss]\n|-miss|p1a: Tapu Lele|p2a: Heatran\n|\n|-heal|p2a: Heatran|84\/100|[from] item: Leftovers\n|-damage|p1a: Tapu Lele|76\/100 tox|[from] psn\n|upkeep\n|turn|19\n|inactive|Mitico m has 30 seconds left this turn.\n|\n|t:|1699978481\n|switch|p2a: Tapu Lele|Tapu Lele|100\/100\n|move|p1a: Tapu Lele|Focus Blast|p2a: Tapu Lele\n|-resisted|p2a: Tapu Lele\n|-damage|p2a: Tapu Lele|89\/100\n|-unboost|p2a: Tapu Lele|spd|1\n|\n|-damage|p1a: Tapu Lele|64\/100 tox|[from] psn\n|upkeep\n|turn|20\n|inactive|Mitico m has 30 seconds left.\n|\n|t:|1699978492\n|switch|p1a: Heatran|Heatran, F|100\/100\n|move|p2a: Tapu Lele|Moonblast|p1a: Heatran\n|-resisted|p1a: Heatran\n|-damage|p1a: Heatran|93\/100\n|\n|-heal|p1a: Heatran|99\/100|[from] item: Leftovers\n|upkeep\n|turn|21\n|inactive|Mitico m has 30 seconds left.\n|\n|t:|1699978503\n|switch|p2a: Landorus|Landorus-Therian, M|56\/100 tox\n|-ability|p2a: Landorus|Intimidate|boost\n|-unboost|p1a: Heatran|atk|1\n|move|p1a: Heatran|Earth Power|p2a: Landorus\n|-immune|p2a: Landorus\n|\n|-heal|p1a: Heatran|100\/100|[from] item: Leftovers\n|-damage|p2a: Landorus|50\/100 tox|[from] psn\n|-fieldend|move: Psychic Terrain\n|upkeep\n|turn|22\n|inactive|Mitico m has 30 seconds left.\n|\n|t:|1699978514\n|switch|p1a: Landorus|Landorus-Therian, M|100\/100\n|-ability|p1a: Landorus|Intimidate|boost\n|-unboost|p2a: Landorus|atk|1\n|move|p2a: Landorus|Stealth Rock|p1a: Landorus\n|-sidestart|p1: Mitico m|move: Stealth Rock\n|\n|-damage|p2a: Landorus|38\/100 tox|[from] psn\n|upkeep\n|turn|23\n|inactive|Mitico m has 30 seconds left.\n|\n|t:|1699978524\n|move|p1a: Landorus|Defog|p2a: Landorus\n|-unboost|p2a: Landorus|evasion|1\n|-sideend|p1: Mitico m|Stealth Rock|[from] move: Defog|[of] p1a: Landorus\n|move|p2a: Landorus|U-turn|p1a: Landorus\n|-resisted|p1a: Landorus\n|-damage|p1a: Landorus|96\/100\n|\n|t:|1699978534\n|switch|p2a: Ogerpon|Ogerpon-Wellspring, F|100\/100|[from] U-turn\n|\n|-heal|p1a: Landorus|100\/100|[from] item: Leftovers\n|upkeep\n|turn|24\n|\n|t:|1699978548\n|switch|p1a: Urshifu|Urshifu-Rapid-Strike, F|100\/100\n|-terastallize|p2a: Ogerpon|Water\n|detailschange|p2a: Ogerpon|Ogerpon-Wellspring-Tera, F, tera:Water\n|-ability|p2a: Ogerpon|Embody Aspect (Wellspring)|boost\n|-boost|p2a: Ogerpon|spd|1\n|move|p2a: Ogerpon|Ivy Cudgel|p1a: Urshifu|[anim] Ivy Cudgel Water\n|-resisted|p1a: Urshifu\n|-damage|p1a: Urshifu|59\/100\n|\n|upkeep\n|turn|25\n|inactive|Mitico m has 30 seconds left.\n|\n|t:|1699978563\n|move|p2a: Ogerpon|Trailblaze|p1a: Urshifu\n|-supereffective|p1a: Urshifu\n|-damage|p1a: Urshifu|2\/100\n|-boost|p2a: Ogerpon|spe|1\n|move|p1a: Urshifu|Close Combat|p2a: Ogerpon\n|-damage|p2a: Ogerpon|12\/100\n|-unboost|p1a: Urshifu|def|1\n|-unboost|p1a: Urshifu|spd|1\n|\n|upkeep\n|turn|26\n|inactive|Mitico m has 30 seconds left.\n|\n|t:|1699978575\n|move|p2a: Ogerpon|Horn Leech|p1a: Urshifu\n|-supereffective|p1a: Urshifu\n|-damage|p1a: Urshifu|0 fnt\n|-heal|p2a: Ogerpon|13\/100|[from] drain|[of] p1a: Urshifu\n|faint|p1a: Urshifu\n|\n|upkeep\n|inactive|Mitico m has 30 seconds left.\n|\n|t:|1699978587\n|switch|p1a: Landorus|Landorus-Therian, M|100\/100\n|-ability|p1a: Landorus|Intimidate|boost\n|-unboost|p2a: Ogerpon|atk|1\n|turn|27\n|inactive|Mitico m has 30 seconds left.\n|\n|t:|1699978597\n|switch|p2a: Landorus|Landorus-Therian, M|38\/100 tox\n|-ability|p2a: Landorus|Intimidate|boost\n|-unboost|p1a: Landorus|atk|1\n|move|p1a: Landorus|Earthquake|p2a: Landorus\n|-immune|p2a: Landorus\n|\n|-damage|p2a: Landorus|32\/100 tox|[from] psn\n|upkeep\n|turn|28\n|inactive|Mitico m has 30 seconds left.\n|\n|t:|1699978609\n|switch|p1a: Tapu Lele|Tapu Lele|64\/100 tox\n|-fieldstart|move: Psychic Terrain|[from] ability: Psychic Surge|[of] p1a: Tapu Lele\n|move|p2a: Landorus|U-turn|p1a: Tapu Lele\n|-damage|p1a: Tapu Lele|32\/100 tox\n|inactive|Mitico m has 30 seconds left this turn.\n|\n|t:|1699978613\n|switch|p2a: Tapu Lele|Tapu Lele|89\/100|[from] U-turn\n|\n|-damage|p1a: Tapu Lele|26\/100 tox|[from] psn\n|upkeep\n|turn|29\n|\n|t:|1699978622\n|move|p1a: Tapu Lele|Moonblast|p2a: Tapu Lele\n|-damage|p2a: Tapu Lele|34\/100\n|move|p2a: Tapu Lele|Hidden Power|p1a: Tapu Lele\n|-damage|p1a: Tapu Lele|0 fnt\n|faint|p1a: Tapu Lele\n|\n|upkeep\n|inactive|Mitico m has 30 seconds left.\n|\n|t:|1699978635\n|switch|p1a: Heatran|Heatran, F|100\/100\n|turn|30\n|\n|t:|1699978643\n|move|p2a: Tapu Lele|Hidden Power|p1a: Heatran\n|-supereffective|p1a: Heatran\n|-damage|p1a: Heatran|48\/100\n|move|p1a: Heatran|Magma Storm|p2a: Tapu Lele\n|-damage|p2a: Tapu Lele|0 fnt\n|faint|p2a: Tapu Lele\n|\n|-heal|p1a: Heatran|54\/100|[from] item: Leftovers\n|upkeep\n|\n|t:|1699978651\n|switch|p2a: Ogerpon|Ogerpon-Wellspring-Tera, F, tera:Water|13\/100\n|-ability|p2a: Ogerpon|Embody Aspect (Wellspring)|boost\n|-boost|p2a: Ogerpon|spd|1\n|turn|31\n|\n|t:|1699978658\n|switch|p1a: Landorus|Landorus-Therian, M|100\/100\n|-ability|p1a: Landorus|Intimidate|boost\n|-unboost|p2a: Ogerpon|atk|1\n|move|p2a: Ogerpon|Ivy Cudgel|p1a: Landorus|[anim] Ivy Cudgel Water\n|-supereffective|p1a: Landorus\n|-damage|p1a: Landorus|28\/100\n|\n|-heal|p1a: Landorus|34\/100|[from] item: Leftovers\n|upkeep\n|turn|32\n|\n|t:|1699978672\n|move|p2a: Ogerpon|Ivy Cudgel|p1a: Landorus|[anim] Ivy Cudgel Water\n|-supereffective|p1a: Landorus\n|-damage|p1a: Landorus|0 fnt\n|faint|p1a: Landorus\n|\n|-fieldend|move: Psychic Terrain\n|upkeep\n|inactive|Mitico m has 30 seconds left.\n|\n|t:|1699978696\n|switch|p1a: Heatran|Heatran, F|54\/100\n|turn|33\n|\n|t:|1699978700\n|move|p2a: Ogerpon|Ivy Cudgel|p1a: Heatran|[anim] Ivy Cudgel Water\n|-supereffective|p1a: Heatran\n|-crit|p1a: Heatran\n|-damage|p1a: Heatran|0 fnt\n|faint|p1a: Heatran\n|\n|win|tprip14\n|raw|Mitico m's rating: 1526 &rarr; <strong>1502<\/strong><br \/>(-24 for losing)\n|raw|tprip14's rating: 1453 &rarr; <strong>1477<\/strong><br \/>(+24 for winning)\n","uploadtime":1699978260,"views":3,"p1id":"miticom","p2id":"tprip14","formatid":"gen9nationaldex","rating":1477,"private":0,"password":""}