{"id":"gen9nationaldex-1992779437","p1":"fllaffy265","p2":"testing a funni3","format":"[Gen 9] National Dex","log":"|j|\u2606fllaffy265\n|j|\u2606testing a funni3\n|t:|1700234735\n|gametype|singles\n|player|p1|fllaffy265|hiker-gen4|1562\n|player|p2|testing a funni3|unknownf|1462\n|teamsize|p1|6\n|teamsize|p2|6\n|gen|9\n|tier|[Gen 9] National Dex\n|rated|\n|rule|HP Percentage Mod: HP is shown in percentages\n|rule|Endless Battle Clause: Forcing endless battles is banned\n|rule|OHKO Clause: OHKO moves are banned\n|rule|Evasion Clause: Evasion abilities, items, and moves are banned\n|rule|Evasion Abilities Clause: Evasion abilities are banned\n|rule|Evasion Items Clause: Evasion items are banned\n|rule|Evasion Moves Clause: Evasion moves are banned\n|rule|Species Clause: Limit one of each Pok\u00e9mon\n|rule|Sleep Clause Mod: Limit one foe put to sleep\n|clearpoke\n|poke|p1|Alomomola, F|\n|poke|p1|Beedrill, F|\n|poke|p1|Slowking-Galar, F|\n|poke|p1|Hydreigon, M|\n|poke|p1|Landorus-Therian, M|\n|poke|p1|Greninja-*, M|\n|poke|p2|Latios, M|\n|poke|p2|Buzzwole|\n|poke|p2|Gliscor, F|\n|poke|p2|Weavile, F|\n|poke|p2|Heatran, F|\n|poke|p2|Ogerpon-Wellspring, F|\n|teampreview\n|inactive|Battle timer is ON: inactive players will automatically lose when time's up. (requested by testing a funni3)\n|\n|t:|1700234760\n|start\n|switch|p1a: Beedrill|Beedrill, F, shiny|100\/100\n|switch|p2a: Weavile|Weavile, F|100\/100\n|-ability|p2a: Weavile|Pressure\n|turn|1\n|\n|t:|1700234767\n|detailschange|p1a: Beedrill|Beedrill-Mega, F, shiny\n|-mega|p1a: Beedrill|Beedrill|Beedrillite\n|move|p1a: Beedrill|U-turn|p2a: Weavile\n|-supereffective|p2a: Weavile\n|-damage|p2a: Weavile|0 fnt\n|faint|p2a: Weavile\n|\n|t:|1700234784\n|switch|p1a: Landorus|Landorus-Therian, M, shiny|100\/100|[from] U-turn\n|\n|upkeep\n|\n|t:|1700234794\n|switch|p2a: Latios|Latios, M|100\/100\n|turn|2\n|\n|t:|1700234797\n|detailschange|p2a: Latios|Latios-Mega, M\n|-mega|p2a: Latios|Latios|Latiosite\n|move|p2a: Latios|Psychic|p1a: Landorus\n|-damage|p1a: Landorus|26\/100\n|move|p1a: Landorus|U-turn|p2a: Latios\n|-supereffective|p2a: Latios\n|-damage|p2a: Latios|39\/100\n|\n|t:|1700234806\n|switch|p1a: Beedrill|Beedrill-Mega, F, shiny|100\/100|[from] U-turn\n|\n|upkeep\n|turn|3\n|\n|t:|1700234811\n|switch|p2a: Gliscor|Gliscor, F|100\/100\n|move|p1a: Beedrill|U-turn|p2a: Gliscor\n|-resisted|p2a: Gliscor\n|-damage|p2a: Gliscor|77\/100\n|\n|t:|1700234813\n|switch|p1a: Greninja|Greninja, M, shiny|100\/100|[from] U-turn\n|\n|-status|p2a: Gliscor|tox|[from] item: Toxic Orb\n|upkeep\n|turn|4\n|\n|t:|1700234822\n|switch|p2a: Ogerpon|Ogerpon-Wellspring, F|100\/100\n|move|p1a: Greninja|Ice Beam|p2a: Ogerpon\n|-start|p1a: Greninja|typechange|Ice|[from] ability: Protean\n|-damage|p2a: Ogerpon|55\/100\n|\n|upkeep\n|turn|5\n|\n|t:|1700234831\n|switch|p1a: Landorus|Landorus-Therian, M, shiny|26\/100\n|-ability|p1a: Landorus|Intimidate|boost\n|-unboost|p2a: Ogerpon|atk|1\n|-terastallize|p2a: Ogerpon|Water\n|detailschange|p2a: Ogerpon|Ogerpon-Wellspring-Tera, F, tera:Water\n|-ability|p2a: Ogerpon|Embody Aspect (Wellspring)|boost\n|-boost|p2a: Ogerpon|spd|1\n|move|p2a: Ogerpon|Ivy Cudgel|p1a: Landorus|[anim] Ivy Cudgel Water\n|-supereffective|p1a: Landorus\n|-damage|p1a: Landorus|0 fnt\n|faint|p1a: Landorus\n|\n|upkeep\n|\n|t:|1700234839\n|switch|p1a: Beedrill|Beedrill-Mega, F, shiny|100\/100\n|turn|6\n|\n|t:|1700234843\n|switch|p2a: Gliscor|Gliscor, F|77\/100 tox\n|move|p1a: Beedrill|Poison Jab|p2a: Gliscor\n|-resisted|p2a: Gliscor\n|-damage|p2a: Gliscor|53\/100 tox\n|\n|-heal|p2a: Gliscor|65\/100 tox|[from] ability: Poison Heal\n|upkeep\n|turn|7\n|\n|t:|1700234849\n|move|p1a: Beedrill|U-turn|p2a: Gliscor\n|-resisted|p2a: Gliscor\n|-damage|p2a: Gliscor|44\/100 tox\n|\n|t:|1700234852\n|switch|p1a: Alomomola|Alomomola, F, shiny|100\/100|[from] U-turn\n|move|p2a: Gliscor|Roost|p2a: Gliscor\n|-heal|p2a: Gliscor|94\/100 tox\n|-singleturn|p2a: Gliscor|move: Roost\n|\n|-heal|p2a: Gliscor|100\/100 tox|[from] ability: Poison Heal\n|upkeep\n|turn|8\n|\n|t:|1700234857\n|move|p2a: Gliscor|Toxic|p1a: Alomomola\n|-status|p1a: Alomomola|tox\n|move|p1a: Alomomola|Flip Turn|p2a: Gliscor\n|-supereffective|p2a: Gliscor\n|-damage|p2a: Gliscor|72\/100 tox\n|\n|t:|1700234860\n|switch|p1a: Greninja|Greninja, M, shiny|100\/100|[from] Flip Turn\n|\n|-heal|p2a: Gliscor|84\/100 tox|[from] ability: Poison Heal\n|upkeep\n|turn|9\n|\n|t:|1700234872\n|switch|p2a: Heatran|Heatran, F|100\/100\n|move|p1a: Greninja|Hydro Pump|p2a: Heatran\n|-start|p1a: Greninja|typechange|Water|[from] ability: Protean\n|-supereffective|p2a: Heatran\n|-damage|p2a: Heatran|41\/100\n|\n|-heal|p2a: Heatran|47\/100|[from] item: Leftovers\n|upkeep\n|turn|10\n|\n|t:|1700234879\n|move|p1a: Greninja|Hydro Pump|p2a: Heatran\n|-supereffective|p2a: Heatran\n|-damage|p2a: Heatran|0 fnt\n|faint|p2a: Heatran\n|\n|upkeep\n|\n|t:|1700234881\n|switch|p2a: Ogerpon|Ogerpon-Wellspring-Tera, F, tera:Water|55\/100\n|-ability|p2a: Ogerpon|Embody Aspect (Wellspring)|boost\n|-boost|p2a: Ogerpon|spd|1\n|turn|11\n|\n|t:|1700234888\n|switch|p1a: Hydreigon|Hydreigon, M, shiny|100\/100\n|move|p2a: Ogerpon|Power Whip|p1a: Hydreigon\n|-resisted|p1a: Hydreigon\n|-damage|p1a: Hydreigon|57\/100\n|\n|-heal|p1a: Hydreigon|63\/100|[from] item: Leftovers\n|upkeep\n|turn|12\n|\n|t:|1700234891\n|move|p2a: Ogerpon|Play Rough|p1a: Hydreigon\n|-supereffective|p1a: Hydreigon\n|-damage|p1a: Hydreigon|0 fnt\n|faint|p1a: Hydreigon\n|\n|upkeep\n|\n|t:|1700234897\n|switch|p1a: Beedrill|Beedrill-Mega, F, shiny|100\/100\n|turn|13\n|\n|t:|1700234900\n|switch|p2a: Gliscor|Gliscor, F|84\/100 tox\n|move|p1a: Beedrill|U-turn|p2a: Gliscor\n|-resisted|p2a: Gliscor\n|-damage|p2a: Gliscor|63\/100 tox\n|\n|t:|1700234902\n|switch|p1a: Greninja|Greninja, M, shiny|100\/100|[from] U-turn\n|\n|-heal|p2a: Gliscor|75\/100 tox|[from] ability: Poison Heal\n|upkeep\n|turn|14\n|\n|t:|1700234909\n|switch|p2a: Ogerpon|Ogerpon-Wellspring-Tera, F, tera:Water|55\/100\n|-ability|p2a: Ogerpon|Embody Aspect (Wellspring)|boost\n|-boost|p2a: Ogerpon|spd|1\n|move|p1a: Greninja|U-turn|p2a: Ogerpon\n|-start|p1a: Greninja|typechange|Bug|[from] ability: Protean\n|-damage|p2a: Ogerpon|26\/100\n|\n|t:|1700234913\n|switch|p1a: Beedrill|Beedrill-Mega, F, shiny|100\/100|[from] U-turn\n|\n|upkeep\n|turn|15\n|\n|t:|1700234917\n|switch|p2a: Buzzwole|Buzzwole|100\/100\n|move|p1a: Beedrill|U-turn|p2a: Buzzwole\n|-resisted|p2a: Buzzwole\n|-damage|p2a: Buzzwole|87\/100\n|\n|t:|1700234922\n|switch|p1a: Slowking|Slowking-Galar, F|100\/100|[from] U-turn\n|\n|upkeep\n|turn|16\n|\n|t:|1700234927\n|switch|p2a: Gliscor|Gliscor, F|75\/100 tox\n|move|p1a: Slowking|Fire Blast|p2a: Gliscor\n|-damage|p2a: Gliscor|51\/100 tox\n|\n|-heal|p2a: Gliscor|63\/100 tox|[from] ability: Poison Heal\n|upkeep\n|turn|17\n|\n|t:|1700234933\n|move|p2a: Gliscor|Earthquake|p1a: Slowking\n|-supereffective|p1a: Slowking\n|-damage|p1a: Slowking|37\/100\n|move|p1a: Slowking|Chilly Reception|p1a: Slowking\n|-weather|Snow\n|\n|t:|1700234935\n|switch|p1a: Greninja|Greninja, M, shiny|100\/100|[from] Chilly Reception\n|\n|-weather|Snow|[upkeep]\n|-heal|p2a: Gliscor|76\/100 tox|[from] ability: Poison Heal\n|upkeep\n|turn|18\n|\n|t:|1700234943\n|switch|p2a: Buzzwole|Buzzwole|87\/100\n|move|p1a: Greninja|Ice Beam|p2a: Buzzwole\n|-start|p1a: Greninja|typechange|Ice|[from] ability: Protean\n|-damage|p2a: Buzzwole|29\/100\n|\n|-weather|Snow|[upkeep]\n|upkeep\n|turn|19\n|\n|t:|1700234950\n|move|p1a: Greninja|Ice Beam|p2a: Buzzwole\n|-damage|p2a: Buzzwole|0 fnt\n|faint|p2a: Buzzwole\n|\n|-weather|Snow|[upkeep]\n|upkeep\n|\n|t:|1700234953\n|switch|p2a: Ogerpon|Ogerpon-Wellspring-Tera, F, tera:Water|26\/100\n|-ability|p2a: Ogerpon|Embody Aspect (Wellspring)|boost\n|-boost|p2a: Ogerpon|spd|1\n|turn|20\n|\n|t:|1700234958\n|switch|p1a: Alomomola|Alomomola, F, shiny|100\/100 tox\n|move|p2a: Ogerpon|Ivy Cudgel|p1a: Alomomola|[anim] Ivy Cudgel Water\n|-resisted|p1a: Alomomola\n|-damage|p1a: Alomomola|78\/100 tox\n|\n|-weather|Snow|[upkeep]\n|-heal|p1a: Alomomola|85\/100 tox|[from] item: Leftovers\n|-damage|p1a: Alomomola|78\/100 tox|[from] psn\n|upkeep\n|turn|21\n|\n|t:|1700234966\n|-terastallize|p1a: Alomomola|Dragon\n|move|p2a: Ogerpon|Power Whip|p1a: Alomomola\n|-resisted|p1a: Alomomola\n|-damage|p1a: Alomomola|60\/100 tox\n|move|p1a: Alomomola|Flip Turn|p2a: Ogerpon\n|-resisted|p2a: Ogerpon\n|-damage|p2a: Ogerpon|15\/100\n|\n|t:|1700234973\n|switch|p1a: Beedrill|Beedrill-Mega, F, shiny|100\/100|[from] Flip Turn\n|\n|-weather|none\n|upkeep\n|turn|22\n|\n|t:|1700234976\n|switch|p2a: Gliscor|Gliscor, F|76\/100 tox\n|move|p1a: Beedrill|U-turn|p2a: Gliscor\n|-resisted|p2a: Gliscor\n|-damage|p2a: Gliscor|55\/100 tox\n|\n|t:|1700234979\n|switch|p1a: Greninja|Greninja, M, shiny|100\/100|[from] U-turn\n|\n|-heal|p2a: Gliscor|68\/100 tox|[from] ability: Poison Heal\n|upkeep\n|turn|23\n|\n|t:|1700234982\n|move|p1a: Greninja|Ice Beam|p2a: Gliscor\n|-start|p1a: Greninja|typechange|Ice|[from] ability: Protean\n|-supereffective|p2a: Gliscor\n|-damage|p2a: Gliscor|0 fnt\n|faint|p2a: Gliscor\n|\n|upkeep\n|-message|testing a funni3 forfeited.\n|\n|win|fllaffy265\n|raw|fllaffy265's rating: 1562 &rarr; <strong>1576<\/strong><br \/>(+14 for winning)\n|raw|testing a funni3's rating: 1462 &rarr; <strong>1448<\/strong><br \/>(-14 for losing)\n|l|\u2606testing a funni3\n","uploadtime":1700234994,"views":25,"p1id":"fllaffy265","p2id":"testingafunni3","formatid":"gen9nationaldex","rating":1448,"private":0,"password":""}