{"id":"gen9nationaldex-1991024587","p1":"mtyqjltz5","p2":"GABRIEL_HU","format":"[Gen 9] National Dex","log":"|j|\u2606mtyqjltz5\n|j|\u2606GABRIEL_HU\n|t:|1700029987\n|gametype|singles\n|player|p1|mtyqjltz5|elesa|1406\n|player|p2|GABRIEL_HU|guitarist|1404\n|teamsize|p1|6\n|teamsize|p2|6\n|gen|9\n|tier|[Gen 9] National Dex\n|rated|\n|rule|HP Percentage Mod: HP is shown in percentages\n|rule|Endless Battle Clause: Forcing endless battles is banned\n|rule|OHKO Clause: OHKO moves are banned\n|rule|Evasion Clause: Evasion abilities, items, and moves are banned\n|rule|Evasion Abilities Clause: Evasion abilities are banned\n|rule|Evasion Items Clause: Evasion items are banned\n|rule|Evasion Moves Clause: Evasion moves are banned\n|rule|Species Clause: Limit one of each Pok\u00e9mon\n|rule|Sleep Clause Mod: Limit one foe put to sleep\n|clearpoke\n|poke|p1|Pidgeot, M|\n|poke|p1|Weezing-Galar, M|\n|poke|p1|Heatran, M|\n|poke|p1|Rillaboom, M|\n|poke|p1|Urshifu-*, M|\n|poke|p1|Slowking-Galar, M|\n|poke|p2|Garganacl, M|\n|poke|p2|Greninja-*, M|\n|poke|p2|Zapdos|\n|poke|p2|Great Tusk|\n|poke|p2|Heatran, M|\n|poke|p2|Scizor, M|\n|teampreview\n|inactive|Battle timer is ON: inactive players will automatically lose when time's up. (requested by mtyqjltz5)\n|\n|t:|1700030008\n|start\n|switch|p1a: Pidgeot|Pidgeot, M, shiny|100\/100\n|switch|p2a: Great Tusk|Great Tusk|100\/100\n|turn|1\n|\n|t:|1700030018\n|-end|p2a: Great Tusk|Protosynthesis|[silent]\n|switch|p2a: Zapdos|Zapdos|100\/100\n|detailschange|p1a: Pidgeot|Pidgeot-Mega, M, shiny\n|-mega|p1a: Pidgeot|Pidgeot|Pidgeotite\n|move|p1a: Pidgeot|Hurricane|p2a: Zapdos\n|-resisted|p2a: Zapdos\n|-damage|p2a: Zapdos|70\/100\n|-start|p2a: Zapdos|confusion\n|\n|upkeep\n|turn|2\n|\n|t:|1700030045\n|switch|p1a: Slowking|Slowking-Galar, M, shiny|100\/100\n|-activate|p2a: Zapdos|confusion\n|move|p2a: Zapdos|Discharge|p1a: Slowking\n|-damage|p1a: Slowking|74\/100\n|-status|p1a: Slowking|par\n|\n|upkeep\n|turn|3\n|\n|t:|1700030057\n|-activate|p2a: Zapdos|confusion\n|-damage|p2a: Zapdos|64\/100|[from] confusion\n|move|p1a: Slowking|Future Sight|p2a: Zapdos\n|-start|p1a: Slowking|move: Future Sight\n|\n|upkeep\n|turn|4\n|\n|t:|1700030063\n|-activate|p2a: Zapdos|confusion\n|move|p2a: Zapdos|U-turn|p1a: Slowking\n|-crit|p1a: Slowking\n|-damage|p1a: Slowking|59\/100 par\n|\n|t:|1700030066\n|switch|p2a: Greninja|Greninja, M|100\/100|[from] U-turn\n|cant|p1a: Slowking|par\n|\n|upkeep\n|turn|5\n|\n|t:|1700030073\n|switch|p1a: Urshifu|Urshifu-Rapid-Strike, M|100\/100\n|move|p2a: Greninja|Dark Pulse|p1a: Urshifu\n|-resisted|p1a: Urshifu\n|-damage|p1a: Urshifu|66\/100\n|-damage|p2a: Greninja|91\/100|[from] item: Life Orb\n|\n|-end|p2a: Greninja|move: Future Sight\n|-immune|p2a: Greninja\n|upkeep\n|turn|6\n|\n|t:|1700030086\n|switch|p2a: Zapdos|Zapdos|64\/100\n|move|p1a: Urshifu|U-turn|p2a: Zapdos\n|-resisted|p2a: Zapdos\n|-damage|p2a: Zapdos|55\/100\n|-status|p1a: Urshifu|par|[from] ability: Static|[of] p2a: Zapdos\n|inactive|mtyqjltz5 has 120 seconds left.\n|\n|t:|1700030114\n|switch|p1a: Heatran|Heatran, M|100\/100|[from] U-turn\n|\n|upkeep\n|turn|7\n|\n|t:|1700030123\n|move|p2a: Zapdos|Roost|p2a: Zapdos\n|-heal|p2a: Zapdos|100\/100\n|-singleturn|p2a: Zapdos|move: Roost\n|move|p1a: Heatran|Magma Storm|p2a: Zapdos\n|-damage|p2a: Zapdos|57\/100\n|-activate|p2a: Zapdos|move: Magma Storm|[of] p1a: Heatran\n|\n|-damage|p2a: Zapdos|45\/100|[from] move: Magma Storm|[partiallytrapped]\n|upkeep\n|turn|8\n|\n|t:|1700030138\n|move|p2a: Zapdos|U-turn|p1a: Heatran\n|-resisted|p1a: Heatran\n|-damage|p1a: Heatran|98\/100\n|\n|t:|1700030142\n|switch|p2a: Heatran|Heatran, M|100\/100|[from] U-turn\n|move|p1a: Heatran|Magma Storm|p2a: Heatran\n|-start|p2a: Heatran|ability: Flash Fire\n|\n|-heal|p1a: Heatran|100\/100|[from] item: Leftovers\n|upkeep\n|turn|9\n|\n|t:|1700030154\n|-terastallize|p1a: Heatran|Grass\n|move|p1a: Heatran|Earth Power|p2a: Heatran\n|-supereffective|p2a: Heatran\n|-damage|p2a: Heatran|39\/100\n|move|p2a: Heatran|Stealth Rock|p1a: Heatran\n|-sidestart|p1: mtyqjltz5|move: Stealth Rock\n|\n|upkeep\n|turn|10\n|\n|t:|1700030172\n|-end|p2a: Heatran|ability: Flash Fire|[silent]\n|switch|p2a: Great Tusk|Great Tusk|100\/100\n|move|p1a: Heatran|Earth Power|p2a: Great Tusk\n|-damage|p2a: Great Tusk|60\/100\n|-unboost|p2a: Great Tusk|spd|1\n|\n|upkeep\n|turn|11\n|\n|t:|1700030179\n|switch|p1a: Weezing|Weezing-Galar, M|100\/100\n|-damage|p1a: Weezing|88\/100|[from] Stealth Rock\n|-zpower|p2a: Great Tusk\n|move|p2a: Great Tusk|Subzero Slammer|p1a: Weezing|[zeffect]\n|-damage|p1a: Weezing|54\/100\n|\n|-heal|p1a: Weezing|60\/100|[from] item: Leftovers\n|upkeep\n|turn|12\n|inactive|mtyqjltz5 has 120 seconds left.\n|\n|t:|1700030221\n|-end|p2a: Great Tusk|Protosynthesis|[silent]\n|switch|p2a: Garganacl|Garganacl, M, shiny|100\/100\n|move|p1a: Weezing|Defog|p2a: Garganacl\n|-unboost|p2a: Garganacl|evasion|1\n|-sideend|p1: mtyqjltz5|Stealth Rock|[from] move: Defog|[of] p1a: Weezing\n|\n|-heal|p1a: Weezing|66\/100|[from] item: Leftovers\n|upkeep\n|turn|13\n|\n|t:|1700030229\n|switch|p1a: Rillaboom|Rillaboom, M|100\/100\n|-fieldstart|move: Grassy Terrain|[from] ability: Grassy Surge|[of] p1a: Rillaboom\n|move|p2a: Garganacl|Salt Cure|p1a: Rillaboom\n|-damage|p1a: Rillaboom|86\/100\n|-start|p1a: Rillaboom|Salt Cure\n|\n|-heal|p1a: Rillaboom|92\/100|[from] Grassy Terrain\n|-damage|p1a: Rillaboom|80\/100|[from] Salt Cure\n|upkeep\n|turn|14\n|\n|t:|1700030241\n|switch|p2a: Zapdos|Zapdos|45\/100\n|move|p1a: Rillaboom|Knock Off|p2a: Zapdos\n|-damage|p2a: Zapdos|10\/100\n|-status|p1a: Rillaboom|par|[from] ability: Static|[of] p2a: Zapdos\n|-enditem|p2a: Zapdos|Heavy-Duty Boots|[from] move: Knock Off|[of] p1a: Rillaboom\n|\n|-heal|p1a: Rillaboom|86\/100 par|[from] Grassy Terrain\n|-damage|p1a: Rillaboom|74\/100 par|[from] Salt Cure\n|upkeep\n|turn|15\n|\n|t:|1700030262\n|switch|p2a: Scizor|Scizor, M|100\/100\n|switch|p1a: Heatran|Heatran, M, tera:Grass|100\/100\n|\n|upkeep\n|turn|16\n|\n|t:|1700030269\n|switch|p1a: Weezing|Weezing-Galar, M|66\/100\n|detailschange|p2a: Scizor|Scizor-Mega, M\n|-mega|p2a: Scizor|Scizor|Scizorite\n|move|p2a: Scizor|U-turn|p1a: Weezing\n|-resisted|p1a: Weezing\n|-damage|p1a: Weezing|61\/100\n|\n|t:|1700030285\n|switch|p2a: Garganacl|Garganacl, M, shiny|100\/100|[from] U-turn\n|\n|-heal|p1a: Weezing|67\/100|[from] item: Leftovers\n|upkeep\n|turn|17\n|\n|t:|1700030295\n|switch|p1a: Rillaboom|Rillaboom, M|74\/100 par\n|move|p2a: Garganacl|Salt Cure|p1a: Rillaboom\n|-crit|p1a: Rillaboom\n|-damage|p1a: Rillaboom|53\/100 par\n|-start|p1a: Rillaboom|Salt Cure\n|\n|-heal|p1a: Rillaboom|59\/100 par|[from] Grassy Terrain\n|-damage|p1a: Rillaboom|47\/100 par|[from] Salt Cure\n|-fieldend|move: Grassy Terrain\n|upkeep\n|turn|18\n|\n|t:|1700030304\n|switch|p2a: Scizor|Scizor-Mega, M|100\/100\n|cant|p1a: Rillaboom|par\n|\n|-damage|p1a: Rillaboom|34\/100 par|[from] Salt Cure\n|upkeep\n|turn|19\n|\n|t:|1700030313\n|switch|p1a: Pidgeot|Pidgeot-Mega, M, shiny|100\/100\n|move|p2a: Scizor|Bullet Punch|p1a: Pidgeot\n|-damage|p1a: Pidgeot|61\/100\n|\n|upkeep\n|turn|20\n|\n|t:|1700030322\n|switch|p2a: Garganacl|Garganacl, M, shiny|100\/100\n|move|p1a: Pidgeot|Hurricane|p2a: Garganacl\n|-resisted|p2a: Garganacl\n|-damage|p2a: Garganacl|80\/100\n|-start|p2a: Garganacl|confusion\n|\n|-heal|p2a: Garganacl|86\/100|[from] item: Leftovers\n|upkeep\n|turn|21\n|\n|t:|1700030327\n|move|p1a: Pidgeot|U-turn|p2a: Garganacl\n|-damage|p2a: Garganacl|77\/100\n|\n|t:|1700030330\n|switch|p1a: Rillaboom|Rillaboom, M|34\/100 par|[from] U-turn\n|-fieldstart|move: Grassy Terrain|[from] ability: Grassy Surge|[of] p1a: Rillaboom\n|-activate|p2a: Garganacl|confusion\n|move|p2a: Garganacl|Salt Cure|p1a: Rillaboom\n|-damage|p1a: Rillaboom|18\/100 par\n|-start|p1a: Rillaboom|Salt Cure\n|\n|-heal|p1a: Rillaboom|24\/100 par|[from] Grassy Terrain\n|-heal|p2a: Garganacl|83\/100|[from] Grassy Terrain\n|-heal|p2a: Garganacl|90\/100|[from] item: Leftovers\n|-damage|p1a: Rillaboom|12\/100 par|[from] Salt Cure\n|upkeep\n|turn|22\n|\n|t:|1700030343\n|switch|p2a: Heatran|Heatran, M|39\/100\n|move|p1a: Rillaboom|U-turn|p2a: Heatran\n|-resisted|p2a: Heatran\n|-damage|p2a: Heatran|32\/100\n|-damage|p1a: Rillaboom|0 fnt|[from] item: Rocky Helmet|[of] p2a: Heatran\n|faint|p1a: Rillaboom\n|\n|-heal|p2a: Heatran|39\/100|[from] Grassy Terrain\n|upkeep\n|\n|t:|1700030361\n|switch|p1a: Heatran|Heatran, M, tera:Grass|100\/100\n|turn|23\n|\n|t:|1700030365\n|move|p2a: Heatran|Protect|p2a: Heatran\n|-singleturn|p2a: Heatran|Protect\n|move|p1a: Heatran|Earth Power|p2a: Heatran\n|-activate|p2a: Heatran|move: Protect\n|\n|-heal|p2a: Heatran|45\/100|[from] Grassy Terrain\n|upkeep\n|turn|24\n|\n|t:|1700030374\n|move|p1a: Heatran|Magma Storm|p2a: Heatran\n|-start|p2a: Heatran|ability: Flash Fire\n|move|p2a: Heatran|Toxic|p1a: Heatran\n|-status|p1a: Heatran|tox\n|\n|-heal|p2a: Heatran|51\/100|[from] Grassy Terrain\n|-damage|p1a: Heatran|94\/100 tox|[from] psn\n|upkeep\n|turn|25\n|\n|t:|1700030380\n|move|p2a: Heatran|Protect|p2a: Heatran\n|-singleturn|p2a: Heatran|Protect\n|move|p1a: Heatran|Stealth Rock|p2a: Heatran\n|-sidestart|p2: GABRIEL_HU|move: Stealth Rock\n|\n|-heal|p2a: Heatran|57\/100|[from] Grassy Terrain\n|-heal|p1a: Heatran|100\/100 tox|[from] Grassy Terrain\n|-damage|p1a: Heatran|88\/100 tox|[from] psn\n|-fieldend|move: Grassy Terrain\n|upkeep\n|turn|26\n|\n|t:|1700030386\n|move|p1a: Heatran|Magma Storm|p2a: Heatran\n|-immune|p2a: Heatran|[from] ability: Flash Fire\n|move|p2a: Heatran|Stealth Rock|p1a: Heatran\n|-sidestart|p1: mtyqjltz5|move: Stealth Rock\n|\n|-heal|p1a: Heatran|94\/100 tox|[from] item: Leftovers\n|-damage|p1a: Heatran|76\/100 tox|[from] psn\n|upkeep\n|turn|27\n|\n|t:|1700030391\n|move|p2a: Heatran|Protect|p2a: Heatran\n|-singleturn|p2a: Heatran|Protect\n|move|p1a: Heatran|Earth Power|p2a: Heatran\n|-activate|p2a: Heatran|move: Protect\n|\n|-heal|p1a: Heatran|82\/100 tox|[from] item: Leftovers\n|-damage|p1a: Heatran|57\/100 tox|[from] psn\n|upkeep\n|turn|28\n|\n|t:|1700030401\n|-end|p2a: Heatran|ability: Flash Fire|[silent]\n|switch|p2a: Zapdos|Zapdos|10\/100\n|-damage|p2a: Zapdos|0 fnt|[from] Stealth Rock\n|faint|p2a: Zapdos\n|move|p1a: Heatran|Earth Power|p2: Zapdos|[notarget]\n|-fail|p1a: Heatran\n|\n|-heal|p1a: Heatran|63\/100 tox|[from] item: Leftovers\n|-damage|p1a: Heatran|32\/100 tox|[from] psn\n|upkeep\n|\n|t:|1700030413\n|switch|p2a: Great Tusk|Great Tusk|60\/100\n|-damage|p2a: Great Tusk|57\/100|[from] Stealth Rock\n|turn|29\n|\n|t:|1700030430\n|move|p2a: Great Tusk|Rapid Spin|p1a: Heatran\n|-damage|p1a: Heatran|17\/100 tox\n|-boost|p2a: Great Tusk|spe|1\n|-sideend|p2: GABRIEL_HU|Stealth Rock|[from] move: Rapid Spin|[of] p2a: Great Tusk\n|move|p1a: Heatran|Magma Storm|p2a: Great Tusk\n|-damage|p2a: Great Tusk|0 fnt\n|faint|p2a: Great Tusk\n|-end|p2a: Great Tusk|Protosynthesis|[silent]\n|\n|-heal|p1a: Heatran|23\/100 tox|[from] item: Leftovers\n|-damage|p1a: Heatran|0 fnt|[from] psn\n|faint|p1a: Heatran\n|upkeep\n|\n|t:|1700030447\n|switch|p2a: Garganacl|Garganacl, M, shiny|90\/100\n|switch|p1a: Urshifu|Urshifu-Rapid-Strike, M|66\/100 par\n|-damage|p1a: Urshifu|60\/100 par|[from] Stealth Rock\n|turn|30\n|\n|t:|1700030453\n|-terastallize|p2a: Garganacl|Water\n|move|p1a: Urshifu|Surging Strikes|p2a: Garganacl\n|-resisted|p2a: Garganacl\n|-crit|p2a: Garganacl\n|-damage|p2a: Garganacl|83\/100\n|-resisted|p2a: Garganacl\n|-crit|p2a: Garganacl\n|-damage|p2a: Garganacl|76\/100\n|-resisted|p2a: Garganacl\n|-crit|p2a: Garganacl\n|-damage|p2a: Garganacl|70\/100\n|-hitcount|p2a: Garganacl|3\n|move|p2a: Garganacl|Salt Cure|p1a: Urshifu\n|-resisted|p1a: Urshifu\n|-crit|p1a: Urshifu\n|-damage|p1a: Urshifu|51\/100 par\n|-start|p1a: Urshifu|Salt Cure\n|\n|-heal|p2a: Garganacl|76\/100|[from] item: Leftovers\n|-damage|p1a: Urshifu|26\/100 par|[from] Salt Cure\n|upkeep\n|turn|31\n|\n|t:|1700030460\n|switch|p1a: Slowking|Slowking-Galar, M, shiny|92\/100 par\n|move|p2a: Garganacl|Iron Defense|p2a: Garganacl\n|-boost|p2a: Garganacl|def|2\n|\n|-heal|p2a: Garganacl|82\/100|[from] item: Leftovers\n|upkeep\n|turn|32\n|\n|t:|1700030463\n|move|p2a: Garganacl|Salt Cure|p1a: Slowking\n|-damage|p1a: Slowking|81\/100 par\n|-start|p1a: Slowking|Salt Cure\n|cant|p1a: Slowking|par\n|\n|-heal|p2a: Garganacl|88\/100|[from] item: Leftovers\n|-damage|p1a: Slowking|69\/100 par|[from] Salt Cure\n|upkeep\n|turn|33\n|\n|t:|1700030473\n|switch|p1a: Pidgeot|Pidgeot-Mega, M, shiny|61\/100\n|-damage|p1a: Pidgeot|37\/100|[from] Stealth Rock\n|move|p2a: Garganacl|Iron Defense|p2a: Garganacl\n|-boost|p2a: Garganacl|def|2\n|\n|-heal|p2a: Garganacl|94\/100|[from] item: Leftovers\n|upkeep\n|turn|34\n|\n|t:|1700030479\n|move|p1a: Pidgeot|Hurricane|p2a: Garganacl\n|-damage|p2a: Garganacl|53\/100\n|-start|p2a: Garganacl|confusion\n|-activate|p2a: Garganacl|confusion\n|-damage|p2a: Garganacl|51\/100|[from] confusion\n|\n|-heal|p2a: Garganacl|57\/100|[from] item: Leftovers\n|upkeep\n|turn|35\n|\n|t:|1700030490\n|move|p1a: Pidgeot|Hurricane|p2a: Garganacl\n|-damage|p2a: Garganacl|20\/100\n|-activate|p2a: Garganacl|confusion\n|move|p2a: Garganacl|Recover|p2a: Garganacl\n|-heal|p2a: Garganacl|70\/100\n|\n|-heal|p2a: Garganacl|76\/100|[from] item: Leftovers\n|upkeep\n|turn|36\n|\n|t:|1700030496\n|move|p1a: Pidgeot|Hurricane|p2a: Garganacl\n|-damage|p2a: Garganacl|37\/100\n|-activate|p2a: Garganacl|confusion\n|move|p2a: Garganacl|Salt Cure|p1a: Pidgeot\n|-supereffective|p1a: Pidgeot\n|-damage|p1a: Pidgeot|0 fnt\n|faint|p1a: Pidgeot\n|\n|-heal|p2a: Garganacl|44\/100|[from] item: Leftovers\n|upkeep\n|\n|t:|1700030503\n|switch|p1a: Slowking|Slowking-Galar, M, shiny|100\/100 par\n|turn|37\n|\n|t:|1700030508\n|-end|p2a: Garganacl|confusion\n|move|p2a: Garganacl|Recover|p2a: Garganacl\n|-heal|p2a: Garganacl|94\/100\n|move|p1a: Slowking|Future Sight|p2a: Garganacl\n|-start|p1a: Slowking|move: Future Sight\n|\n|-heal|p2a: Garganacl|99\/100|[from] item: Leftovers\n|upkeep\n|turn|38\n|inactive|mtyqjltz5 has 120 seconds left.\n|\n|t:|1700030551\n|move|p2a: Garganacl|Salt Cure|p1a: Slowking\n|-damage|p1a: Slowking|90\/100 par\n|-start|p1a: Slowking|Salt Cure\n|move|p1a: Slowking|Chilly Reception|p1a: Slowking\n|-weather|Snow\n|\n|t:|1700030556\n|switch|p1a: Weezing|Weezing-Galar, M|67\/100|[from] Chilly Reception\n|-damage|p1a: Weezing|54\/100|[from] Stealth Rock\n|\n|-weather|Snow|[upkeep]\n|-heal|p1a: Weezing|60\/100|[from] item: Leftovers\n|-heal|p2a: Garganacl|100\/100|[from] item: Leftovers\n|upkeep\n|turn|39\n|\n|t:|1700030560\n|move|p1a: Weezing|Strange Steam|p2a: Garganacl\n|-damage|p2a: Garganacl|83\/100\n|-start|p2a: Garganacl|confusion\n|-activate|p2a: Garganacl|confusion\n|move|p2a: Garganacl|Salt Cure|p1a: Weezing\n|-damage|p1a: Weezing|51\/100\n|-start|p1a: Weezing|Salt Cure\n|\n|-weather|Snow|[upkeep]\n|-end|p2a: Garganacl|move: Future Sight\n|-damage|p2a: Garganacl|56\/100\n|-heal|p1a: Weezing|57\/100|[from] item: Leftovers\n|-heal|p2a: Garganacl|62\/100|[from] item: Leftovers\n|-damage|p1a: Weezing|45\/100|[from] Salt Cure\n|upkeep\n|turn|40\n|\n|t:|1700030568\n|switch|p1a: Slowking|Slowking-Galar, M, shiny|100\/100 par\n|-activate|p2a: Garganacl|confusion\n|move|p2a: Garganacl|Salt Cure|p1a: Slowking\n|-crit|p1a: Slowking\n|-damage|p1a: Slowking|85\/100 par\n|-start|p1a: Slowking|Salt Cure\n|\n|-weather|Snow|[upkeep]\n|-heal|p2a: Garganacl|69\/100|[from] item: Leftovers\n|-damage|p1a: Slowking|73\/100 par|[from] Salt Cure\n|upkeep\n|turn|41\n|\n|t:|1700030573\n|-end|p2a: Garganacl|confusion\n|move|p2a: Garganacl|Recover|p2a: Garganacl\n|-heal|p2a: Garganacl|100\/100\n|move|p1a: Slowking|Future Sight|p2a: Garganacl\n|-start|p1a: Slowking|move: Future Sight\n|\n|-weather|Snow|[upkeep]\n|-damage|p1a: Slowking|60\/100 par|[from] Salt Cure\n|upkeep\n|turn|42\n|\n|t:|1700030583\n|move|p2a: Garganacl|Iron Defense|p2a: Garganacl\n|-boost|p2a: Garganacl|def|2\n|cant|p1a: Slowking|par\n|\n|-weather|none\n|-damage|p1a: Slowking|48\/100 par|[from] Salt Cure\n|upkeep\n|turn|43\n|\n|t:|1700030598\n|move|p2a: Garganacl|Body Press|p1a: Slowking\n|-resisted|p1a: Slowking\n|-damage|p1a: Slowking|31\/100 par\n|move|p1a: Slowking|Chilly Reception|p1a: Slowking\n|-weather|Snow\n|\n|t:|1700030603\n|switch|p1a: Weezing|Weezing-Galar, M|45\/100|[from] Chilly Reception\n|-damage|p1a: Weezing|33\/100|[from] Stealth Rock\n|\n|-weather|Snow|[upkeep]\n|-end|p2a: Garganacl|move: Future Sight\n|-damage|p2a: Garganacl|73\/100\n|-heal|p1a: Weezing|39\/100|[from] item: Leftovers\n|-heal|p2a: Garganacl|79\/100|[from] item: Leftovers\n|upkeep\n|turn|44\n|\n|t:|1700030608\n|move|p1a: Weezing|Strange Steam|p2a: Garganacl\n|-damage|p2a: Garganacl|61\/100\n|move|p2a: Garganacl|Salt Cure|p1a: Weezing\n|-crit|p1a: Weezing\n|-damage|p1a: Weezing|25\/100\n|-start|p1a: Weezing|Salt Cure\n|\n|-weather|Snow|[upkeep]\n|-heal|p1a: Weezing|31\/100|[from] item: Leftovers\n|-heal|p2a: Garganacl|67\/100|[from] item: Leftovers\n|-damage|p1a: Weezing|19\/100|[from] Salt Cure\n|upkeep\n|turn|45\n|\n|t:|1700030619\n|move|p1a: Weezing|Defog|p2a: Garganacl\n|-unboost|p2a: Garganacl|evasion|1\n|-sideend|p1: mtyqjltz5|Stealth Rock|[from] move: Defog|[of] p1a: Weezing\n|move|p2a: Garganacl|Body Press|p1a: Weezing\n|-resisted|p1a: Weezing\n|-damage|p1a: Weezing|5\/100\n|\n|-weather|Snow|[upkeep]\n|-heal|p1a: Weezing|11\/100|[from] item: Leftovers\n|-heal|p2a: Garganacl|73\/100|[from] item: Leftovers\n|-damage|p1a: Weezing|0 fnt|[from] Salt Cure\n|faint|p1a: Weezing\n|upkeep\n|\n|t:|1700030627\n|switch|p1a: Urshifu|Urshifu-Rapid-Strike, M|26\/100 par\n|turn|46\n|\n|t:|1700030630\n|move|p1a: Urshifu|Thunder Punch|p2a: Garganacl\n|-supereffective|p2a: Garganacl\n|-damage|p2a: Garganacl|64\/100\n|move|p2a: Garganacl|Salt Cure|p1a: Urshifu\n|-resisted|p1a: Urshifu\n|-damage|p1a: Urshifu|19\/100 par\n|-start|p1a: Urshifu|Salt Cure\n|\n|-weather|Snow|[upkeep]\n|-heal|p2a: Garganacl|70\/100|[from] item: Leftovers\n|-damage|p1a: Urshifu|0 fnt|[from] Salt Cure\n|faint|p1a: Urshifu\n|upkeep\n|\n|t:|1700030635\n|switch|p1a: Slowking|Slowking-Galar, M, shiny|64\/100 par\n|turn|47\n|\n|t:|1700030639\n|move|p2a: Garganacl|Salt Cure|p1a: Slowking\n|-damage|p1a: Slowking|52\/100 par\n|-start|p1a: Slowking|Salt Cure\n|move|p1a: Slowking|Future Sight|p2a: Garganacl\n|-start|p1a: Slowking|move: Future Sight\n|\n|-weather|none\n|-heal|p2a: Garganacl|76\/100|[from] item: Leftovers\n|-damage|p1a: Slowking|40\/100 par|[from] Salt Cure\n|upkeep\n|turn|48\n|\n|t:|1700030645\n|move|p2a: Garganacl|Body Press|p1a: Slowking\n|-resisted|p1a: Slowking\n|-damage|p1a: Slowking|21\/100 par\n|move|p1a: Slowking|Flamethrower|p2a: Garganacl\n|-resisted|p2a: Garganacl\n|-damage|p2a: Garganacl|69\/100\n|\n|-heal|p2a: Garganacl|75\/100|[from] item: Leftovers\n|-damage|p1a: Slowking|9\/100 par|[from] Salt Cure\n|upkeep\n|turn|49\n|\n|t:|1700030654\n|move|p2a: Garganacl|Salt Cure|p1a: Slowking\n|-damage|p1a: Slowking|0 fnt\n|faint|p1a: Slowking\n|\n|win|GABRIEL_HU\n|raw|mtyqjltz5's rating: 1406 &rarr; <strong>1386<\/strong><br \/>(-20 for losing)\n|raw|GABRIEL_HU's rating: 1404 &rarr; <strong>1424<\/strong><br \/>(+20 for winning)\n","uploadtime":1700030659,"views":4,"p1id":"mtyqjltz5","p2id":"gabrielhu","formatid":"gen9nationaldex","rating":1386,"private":0,"password":""}