{"id":"gen9nationaldex-1988468514","p1":"long84569391","p2":"Cornepum","format":"[Gen 9] National Dex","log":"|j|\u2606long84569391\n|j|\u2606Cornepum\n|t:|1699726179\n|gametype|singles\n|player|p1|long84569391|riley|1185\n|player|p2|Cornepum|101|1120\n|teamsize|p1|6\n|teamsize|p2|6\n|gen|9\n|tier|[Gen 9] National Dex\n|rated|\n|rule|HP Percentage Mod: HP is shown in percentages\n|rule|Endless Battle Clause: Forcing endless battles is banned\n|rule|OHKO Clause: OHKO moves are banned\n|rule|Evasion Clause: Evasion abilities, items, and moves are banned\n|rule|Evasion Abilities Clause: Evasion abilities are banned\n|rule|Evasion Items Clause: Evasion items are banned\n|rule|Evasion Moves Clause: Evasion moves are banned\n|rule|Species Clause: Limit one of each Pok\u00e9mon\n|rule|Sleep Clause Mod: Limit one foe put to sleep\n|clearpoke\n|poke|p1|Gyarados, M|\n|poke|p1|Great Tusk|\n|poke|p1|Clodsire, M|\n|poke|p1|Iron Moth|\n|poke|p1|Empoleon, M|\n|poke|p1|Rillaboom, M|\n|poke|p2|Braviary-Hisui, M|\n|poke|p2|Chandelure, M|\n|poke|p2|Inteleon, F|\n|poke|p2|Ting-Lu|\n|poke|p2|Venusaur, M|\n|poke|p2|Togekiss, M|\n|teampreview\n|inactive|Battle timer is ON: inactive players will automatically lose when time's up. (requested by long84569391)\n|\n|t:|1699726186\n|start\n|switch|p1a: Iron Moth|Iron Moth|100\/100\n|switch|p2a: Ting-Lu|Ting-Lu|100\/100\n|-ability|p2a: Ting-Lu|Vessel of Ruin\n|turn|1\n|\n|t:|1699726195\n|move|p1a: Iron Moth|U-turn|p2a: Ting-Lu\n|-supereffective|p2a: Ting-Lu\n|-damage|p2a: Ting-Lu|91\/100\n|\n|t:|1699726204\n|-end|p1a: Iron Moth|Quark Drive|[silent]\n|switch|p1a: Rillaboom|Rillaboom, M|100\/100|[from] U-turn\n|-fieldstart|move: Grassy Terrain|[from] ability: Grassy Surge|[of] p1a: Rillaboom\n|move|p2a: Ting-Lu|Stealth Rock|p1a: Rillaboom\n|-sidestart|p1: long84569391|move: Stealth Rock\n|\n|-heal|p2a: Ting-Lu|97\/100|[from] Grassy Terrain\n|-heal|p2a: Ting-Lu|100\/100|[from] item: Leftovers\n|upkeep\n|turn|2\n|\n|t:|1699726221\n|switch|p2a: Venusaur|Venusaur, M|100\/100\n|move|p1a: Rillaboom|U-turn|p2a: Venusaur\n|-damage|p2a: Venusaur|70\/100\n|\n|t:|1699726236\n|switch|p1a: Iron Moth|Iron Moth|100\/100|[from] U-turn\n|\n|-heal|p2a: Venusaur|76\/100|[from] Grassy Terrain\n|upkeep\n|turn|3\n|\n|t:|1699726249\n|switch|p2a: Ting-Lu|Ting-Lu|100\/100\n|-ability|p2a: Ting-Lu|Vessel of Ruin\n|move|p1a: Iron Moth|Fire Blast|p2a: Ting-Lu\n|-damage|p2a: Ting-Lu|65\/100\n|-status|p2a: Ting-Lu|brn\n|\n|-heal|p2a: Ting-Lu|72\/100 brn|[from] Grassy Terrain\n|-heal|p2a: Ting-Lu|78\/100 brn|[from] item: Leftovers\n|-damage|p2a: Ting-Lu|72\/100 brn|[from] brn\n|upkeep\n|turn|4\n|\n|t:|1699726260\n|move|p1a: Iron Moth|U-turn|p2a: Ting-Lu\n|-supereffective|p2a: Ting-Lu\n|-damage|p2a: Ting-Lu|62\/100 brn\n|\n|t:|1699726277\n|-end|p1a: Iron Moth|Quark Drive|[silent]\n|switch|p1a: Clodsire|Clodsire, M|100\/100|[from] U-turn\n|move|p2a: Ting-Lu|Spikes|p1a: Clodsire\n|-sidestart|p1: long84569391|Spikes\n|\n|-heal|p2a: Ting-Lu|68\/100 brn|[from] Grassy Terrain\n|-heal|p2a: Ting-Lu|74\/100 brn|[from] item: Leftovers\n|-damage|p2a: Ting-Lu|68\/100 brn|[from] brn\n|upkeep\n|turn|5\n|\n|t:|1699726287\n|move|p2a: Ting-Lu|Earthquake|p1a: Clodsire\n|-supereffective|p1a: Clodsire\n|-damage|p1a: Clodsire|80\/100\n|move|p1a: Clodsire|Toxic||[still]\n|-fail|p1a: Clodsire\n|\n|-heal|p2a: Ting-Lu|74\/100 brn|[from] Grassy Terrain\n|-heal|p2a: Ting-Lu|81\/100 brn|[from] item: Leftovers\n|-heal|p1a: Clodsire|86\/100|[from] Grassy Terrain\n|-damage|p2a: Ting-Lu|74\/100 brn|[from] brn\n|-fieldend|move: Grassy Terrain\n|upkeep\n|turn|6\n|\n|t:|1699726299\n|move|p2a: Ting-Lu|Spikes|p1a: Clodsire\n|-sidestart|p1: long84569391|Spikes\n|move|p1a: Clodsire|Spikes|p2a: Ting-Lu\n|-sidestart|p2: Cornepum|Spikes\n|\n|-heal|p2a: Ting-Lu|81\/100 brn|[from] item: Leftovers\n|-damage|p2a: Ting-Lu|74\/100 brn|[from] brn\n|upkeep\n|turn|7\n|\n|t:|1699726305\n|move|p2a: Ting-Lu|Ruination|p1a: Clodsire|[miss]\n|-miss|p2a: Ting-Lu|p1a: Clodsire\n|move|p1a: Clodsire|Spikes|p2a: Ting-Lu\n|-sidestart|p2: Cornepum|Spikes\n|\n|-heal|p2a: Ting-Lu|81\/100 brn|[from] item: Leftovers\n|-damage|p2a: Ting-Lu|74\/100 brn|[from] brn\n|upkeep\n|turn|8\n|\n|t:|1699726312\n|move|p2a: Ting-Lu|Ruination|p1a: Clodsire\n|-damage|p1a: Clodsire|43\/100\n|move|p1a: Clodsire|Spikes|p2a: Ting-Lu\n|-sidestart|p2: Cornepum|Spikes\n|\n|-heal|p2a: Ting-Lu|81\/100 brn|[from] item: Leftovers\n|-damage|p2a: Ting-Lu|74\/100 brn|[from] brn\n|upkeep\n|turn|9\n|\n|t:|1699726319\n|move|p2a: Ting-Lu|Spikes|p1a: Clodsire\n|-sidestart|p1: long84569391|Spikes\n|move|p1a: Clodsire|Recover|p1a: Clodsire\n|-heal|p1a: Clodsire|93\/100\n|\n|-heal|p2a: Ting-Lu|81\/100 brn|[from] item: Leftovers\n|-damage|p2a: Ting-Lu|74\/100 brn|[from] brn\n|upkeep\n|turn|10\n|\n|t:|1699726340\n|switch|p1a: Great Tusk|Great Tusk|100\/100\n|-damage|p1a: Great Tusk|98\/100|[from] Stealth Rock\n|-damage|p1a: Great Tusk|73\/100|[from] Spikes\n|move|p2a: Ting-Lu|Ruination|p1a: Great Tusk\n|-damage|p1a: Great Tusk|37\/100\n|\n|-heal|p1a: Great Tusk|43\/100|[from] item: Leftovers\n|-heal|p2a: Ting-Lu|81\/100 brn|[from] item: Leftovers\n|-damage|p2a: Ting-Lu|74\/100 brn|[from] brn\n|upkeep\n|turn|11\n|\n|t:|1699726356\n|switch|p2a: Braviary|Braviary-Hisui, M|100\/100\n|move|p1a: Great Tusk|Earthquake|p2a: Braviary\n|-immune|p2a: Braviary\n|\n|-heal|p1a: Great Tusk|49\/100|[from] item: Leftovers\n|upkeep\n|turn|12\n|\n|t:|1699726367\n|-terastallize|p1a: Great Tusk|Water\n|move|p1a: Great Tusk|Rapid Spin|p2a: Braviary\n|-damage|p2a: Braviary|83\/100\n|-boost|p1a: Great Tusk|spe|1\n|-sideend|p1: long84569391|Spikes|[from] move: Rapid Spin|[of] p1a: Great Tusk\n|-sideend|p1: long84569391|Stealth Rock|[from] move: Rapid Spin|[of] p1a: Great Tusk\n|move|p2a: Braviary|Whirlwind|p1a: Great Tusk\n|-end|p1a: Great Tusk|Protosynthesis|[silent]\n|drag|p1a: Iron Moth|Iron Moth|100\/100\n|\n|-heal|p2a: Braviary|89\/100|[from] item: Leftovers\n|upkeep\n|turn|13\n|inactive|long84569391 has 120 seconds left.\n|\n|t:|1699726385\n|move|p1a: Iron Moth|Fire Blast|p2a: Braviary\n|-damage|p2a: Braviary|23\/100\n|move|p2a: Braviary|Esper Wing|p1a: Iron Moth\n|-supereffective|p1a: Iron Moth\n|-damage|p1a: Iron Moth|13\/100\n|-boost|p2a: Braviary|spe|1\n|\n|-heal|p2a: Braviary|30\/100|[from] item: Leftovers\n|upkeep\n|turn|14\n|inactive|long84569391 has 120 seconds left.\n|\n|t:|1699726412\n|-end|p1a: Iron Moth|Quark Drive|[silent]\n|switch|p1a: Empoleon|Empoleon, M|100\/100\n|move|p2a: Braviary|Esper Wing|p1a: Empoleon\n|-resisted|p1a: Empoleon\n|-crit|p1a: Empoleon\n|-damage|p1a: Empoleon|71\/100\n|-boost|p2a: Braviary|spe|1\n|\n|-heal|p2a: Braviary|36\/100|[from] item: Leftovers\n|-heal|p1a: Empoleon|77\/100|[from] item: Leftovers\n|upkeep\n|turn|15\n|\n|t:|1699726424\n|move|p2a: Braviary|Heat Wave|p1a: Empoleon\n|-damage|p1a: Empoleon|49\/100\n|move|p1a: Empoleon|Ice Beam|p2a: Braviary\n|-supereffective|p2a: Braviary\n|-damage|p2a: Braviary|0 fnt\n|faint|p2a: Braviary\n|\n|-heal|p1a: Empoleon|56\/100|[from] item: Leftovers\n|upkeep\n|\n|t:|1699726438\n|switch|p2a: Ting-Lu|Ting-Lu|74\/100 brn\n|-damage|p2a: Ting-Lu|50\/100 brn|[from] Spikes\n|-ability|p2a: Ting-Lu|Vessel of Ruin\n|turn|16\n|\n|t:|1699726447\n|move|p1a: Empoleon|Flip Turn|p2a: Ting-Lu\n|-supereffective|p2a: Ting-Lu\n|-damage|p2a: Ting-Lu|37\/100 brn\n|\n|t:|1699726455\n|switch|p1a: Great Tusk|Great Tusk, tera:Water|49\/100|[from] Flip Turn\n|move|p2a: Ting-Lu|Stealth Rock|p1a: Great Tusk\n|-sidestart|p1: long84569391|move: Stealth Rock\n|\n|-heal|p1a: Great Tusk|55\/100|[from] item: Leftovers\n|-heal|p2a: Ting-Lu|43\/100 brn|[from] item: Leftovers\n|-damage|p2a: Ting-Lu|37\/100 brn|[from] brn\n|upkeep\n|turn|17\n|inactive|long84569391 has 120 seconds left.\n|\n|t:|1699726463\n|switch|p2a: Chandelure|Chandelure, M|100\/100\n|move|p1a: Great Tusk|Rapid Spin|p2a: Chandelure\n|-immune|p2a: Chandelure\n|\n|-heal|p1a: Great Tusk|62\/100|[from] item: Leftovers\n|upkeep\n|turn|18\n|\n|t:|1699726470\n|move|p2a: Chandelure|Will-O-Wisp|p1a: Great Tusk|[miss]\n|-miss|p2a: Chandelure|p1a: Great Tusk\n|move|p1a: Great Tusk|Earthquake|p2a: Chandelure\n|-supereffective|p2a: Chandelure\n|-damage|p2a: Chandelure|0 fnt\n|faint|p2a: Chandelure\n|\n|-heal|p1a: Great Tusk|68\/100|[from] item: Leftovers\n|upkeep\n|\n|t:|1699726484\n|switch|p2a: Venusaur|Venusaur, M|76\/100\n|-damage|p2a: Venusaur|51\/100|[from] Spikes\n|turn|19\n|\n|t:|1699726498\n|detailschange|p2a: Venusaur|Venusaur-Mega, M\n|-mega|p2a: Venusaur|Venusaur|Venusaurite\n|move|p1a: Great Tusk|Ice Spinner|p2a: Venusaur\n|-supereffective|p2a: Venusaur\n|-damage|p2a: Venusaur|37\/100\n|move|p2a: Venusaur|Leech Seed|p1a: Great Tusk\n|-start|p1a: Great Tusk|move: Leech Seed\n|\n|-heal|p1a: Great Tusk|74\/100|[from] item: Leftovers\n|-damage|p1a: Great Tusk|62\/100|[from] Leech Seed|[of] p2a: Venusaur\n|-heal|p2a: Venusaur|52\/100|[silent]\n|upkeep\n|turn|20\n|\n|t:|1699726514\n|move|p1a: Great Tusk|Rapid Spin|p2a: Venusaur\n|-damage|p2a: Venusaur|43\/100\n|-boost|p1a: Great Tusk|spe|1\n|-end|p1a: Great Tusk|Leech Seed|[from] move: Rapid Spin|[of] p1a: Great Tusk\n|-sideend|p1: long84569391|Stealth Rock|[from] move: Rapid Spin|[of] p1a: Great Tusk\n|move|p2a: Venusaur|Giga Drain|p1a: Great Tusk\n|-supereffective|p1a: Great Tusk\n|-damage|p1a: Great Tusk|0 fnt\n|-heal|p2a: Venusaur|79\/100|[from] drain|[of] p1a: Great Tusk\n|faint|p1a: Great Tusk\n|-end|p1a: Great Tusk|Protosynthesis|[silent]\n|\n|upkeep\n|inactive|long84569391 has 120 seconds left.\n|\n|t:|1699726525\n|switch|p1a: Gyarados|Gyarados, M, shiny|100\/100\n|turn|21\n|\n|t:|1699726532\n|move|p1a: Gyarados|Dragon Dance|p1a: Gyarados\n|-boost|p1a: Gyarados|atk|1\n|-boost|p1a: Gyarados|spe|1\n|move|p2a: Venusaur|Giga Drain|p1a: Gyarados\n|-damage|p1a: Gyarados|70\/100\n|-heal|p2a: Venusaur|93\/100|[from] drain|[of] p1a: Gyarados\n|\n|upkeep\n|turn|22\n|\n|t:|1699726539\n|-zpower|p1a: Gyarados\n|move|p1a: Gyarados|Supersonic Skystrike|p2a: Venusaur|[zeffect]\n|-supereffective|p2a: Venusaur\n|-damage|p2a: Venusaur|0 fnt\n|faint|p2a: Venusaur\n|-ability|p1a: Gyarados|Moxie|boost\n|-boost|p1a: Gyarados|atk|1\n|\n|upkeep\n|\n|t:|1699726547\n|switch|p2a: Togekiss|Togekiss, M|100\/100\n|turn|23\n|\n|t:|1699726551\n|move|p1a: Gyarados|Waterfall|p2a: Togekiss\n|-damage|p2a: Togekiss|10\/100\n|move|p2a: Togekiss|Ancient Power|p1a: Gyarados\n|-supereffective|p1a: Gyarados\n|-damage|p1a: Gyarados|31\/100\n|\n|upkeep\n|turn|24\n|\n|t:|1699726557\n|move|p1a: Gyarados|Waterfall|p2a: Togekiss\n|-damage|p2a: Togekiss|0 fnt\n|faint|p2a: Togekiss\n|-ability|p1a: Gyarados|Moxie|boost\n|-boost|p1a: Gyarados|atk|1\n|\n|upkeep\n|\n|t:|1699726559\n|switch|p2a: Inteleon|Inteleon, F|100\/100\n|-damage|p2a: Inteleon|76\/100|[from] Spikes\n|turn|25\n|\n|t:|1699726565\n|move|p1a: Gyarados|Earthquake|p2a: Inteleon\n|-damage|p2a: Inteleon|0 fnt\n|faint|p2a: Inteleon\n|-ability|p1a: Gyarados|Moxie|boost\n|-boost|p1a: Gyarados|atk|1\n|\n|upkeep\n|\n|t:|1699726567\n|switch|p2a: Ting-Lu|Ting-Lu|37\/100 brn\n|-damage|p2a: Ting-Lu|12\/100 brn|[from] Spikes\n|-ability|p2a: Ting-Lu|Vessel of Ruin\n|turn|26\n|\n|t:|1699726573\n|move|p1a: Gyarados|Waterfall|p2a: Ting-Lu\n|-supereffective|p2a: Ting-Lu\n|-damage|p2a: Ting-Lu|0 fnt\n|faint|p2a: Ting-Lu\n|\n|win|long84569391\n|raw|long84569391's rating: 1185 &rarr; <strong>1205<\/strong><br \/>(+20 for winning)\n|raw|Cornepum's rating: 1120 &rarr; <strong>1100<\/strong><br \/>(-20 for losing)\n","uploadtime":1699726579,"views":4,"p1id":"long84569391","p2id":"cornepum","formatid":"gen9nationaldex","rating":1100,"private":0,"password":""}