{"id":"gen9nationaldex-1988570739","p1":"female charizard","p2":"Over158","format":"[Gen 9] National Dex","log":"|j|\u2606female charizard\n|j|\u2606Over158\n|t:|1699737318\n|gametype|singles\n|player|p1|female charizard|170|1153\n|player|p2|Over158|colress|1188\n|teamsize|p1|6\n|teamsize|p2|6\n|gen|9\n|tier|[Gen 9] National Dex\n|rated|\n|rule|HP Percentage Mod: HP is shown in percentages\n|rule|Endless Battle Clause: Forcing endless battles is banned\n|rule|OHKO Clause: OHKO moves are banned\n|rule|Evasion Clause: Evasion abilities, items, and moves are banned\n|rule|Evasion Abilities Clause: Evasion abilities are banned\n|rule|Evasion Items Clause: Evasion items are banned\n|rule|Evasion Moves Clause: Evasion moves are banned\n|rule|Species Clause: Limit one of each Pok\u00e9mon\n|rule|Sleep Clause Mod: Limit one foe put to sleep\n|clearpoke\n|poke|p1|Kyurem|\n|poke|p1|Abomasnow, F|\n|poke|p1|Breloom, F|\n|poke|p1|Rhyperior, M|\n|poke|p1|Ogerpon, F|\n|poke|p1|Ekans, M|\n|poke|p2|Munkidori, M|\n|poke|p2|Dipplin, F|\n|poke|p2|Gyarados, F|\n|poke|p2|Latias, F|\n|poke|p2|Ceruledge, M|\n|poke|p2|Barraskewda, F|\n|teampreview\n|inactive|Battle timer is ON: inactive players will automatically lose when time's up. (requested by Over158)\n|j| snugglesnfluff\n|\n|t:|1699737333\n|start\n|switch|p1a: A subtle joke|Abomasnow, F|100\/100\n|switch|p2a: Ceruledge|Ceruledge, M, shiny|100\/100\n|-weather|Snow|[from] ability: Snow Warning|[of] p1a: A subtle joke\n|turn|1\n|\n|t:|1699737343\n|-terastallize|p1a: A subtle joke|Water\n|move|p2a: Ceruledge|Bitter Blade|p1a: A subtle joke\n|-resisted|p1a: A subtle joke\n|-damage|p1a: A subtle joke|74\/100\n|move|p1a: A subtle joke|Aurora Veil|p1a: A subtle joke\n|-sidestart|p1: female charizard|move: Aurora Veil\n|\n|-weather|Snow|[upkeep]\n|upkeep\n|turn|2\n|j| it's ogrepon\n|j| kung fu pokechu\n|j| imbleach\n|\n|t:|1699737366\n|switch|p2a: Gyarados|Gyarados, F, shiny|100\/100\n|move|p1a: A subtle joke|Blizzard|p2a: Gyarados\n|-damage|p2a: Gyarados|57\/100\n|-status|p2a: Gyarados|frz\n|\n|-weather|Snow|[upkeep]\n|upkeep\n|turn|3\n|c|\u2606Over158|\u2026\n|\n|t:|1699737391\n|-curestatus|p2a: Gyarados|frz|[msg]\n|move|p2a: Gyarados|Dragon Dance|p2a: Gyarados\n|-boost|p2a: Gyarados|atk|1\n|-boost|p2a: Gyarados|spe|1\n|move|p1a: A subtle joke|Blizzard|p2a: Gyarados\n|-damage|p2a: Gyarados|13\/100\n|-status|p2a: Gyarados|frz\n|\n|-weather|Snow|[upkeep]\n|upkeep\n|turn|4\n|inactive|Over158 has 120 seconds left.\n|c|\u2606Over158|2 times in a row\n|c|\u2606Over158|wth with your luck\n|\n|t:|1699737418\n|move|p1a: A subtle joke|Ice Shard|p2a: Gyarados\n|-damage|p2a: Gyarados|0 fnt\n|faint|p2a: Gyarados\n|\n|-weather|Snow|[upkeep]\n|upkeep\n|\n|t:|1699737421\n|switch|p2a: Munkidori|Munkidori, M|100\/100\n|turn|5\n|\n|t:|1699737424\n|move|p2a: Munkidori|Fake Out|p1a: A subtle joke\n|-damage|p1a: A subtle joke|70\/100\n|cant|p1a: A subtle joke|flinch\n|\n|-weather|none\n|upkeep\n|turn|6\n|\n|t:|1699737432\n|switch|p1a: thanks|Ekans, M|100\/100\n|-ability|p1a: thanks|Intimidate|boost\n|-unboost|p2a: Munkidori|atk|1\n|move|p2a: Munkidori|Parting Shot|p1a: thanks\n|-unboost|p1a: thanks|atk|1\n|-unboost|p1a: thanks|spa|1\n|\n|t:|1699737436\n|switch|p2a: Latias|Latias, F|100\/100|[from] Parting Shot\n|\n|upkeep\n|turn|7\n|\n|t:|1699737440\n|detailschange|p2a: Latias|Latias-Mega, F\n|-mega|p2a: Latias|Latias|Latiasite\n|move|p2a: Latias|Calm Mind|p2a: Latias\n|-boost|p2a: Latias|spa|1\n|-boost|p2a: Latias|spd|1\n|move|p1a: thanks|Glare|p2a: Latias\n|-status|p2a: Latias|par\n|\n|upkeep\n|turn|8\n|\n|t:|1699737452\n|move|p1a: thanks|Sucker Punch||[still]\n|-fail|p1a: thanks\n|move|p2a: Latias|Calm Mind|p2a: Latias\n|-boost|p2a: Latias|spa|1\n|-boost|p2a: Latias|spd|1\n|\n|-sideend|p1: female charizard|move: Aurora Veil\n|upkeep\n|turn|9\n|\n|t:|1699737465\n|switch|p1a: Kieran the cuck|Ogerpon, F|100\/100\n|cant|p2a: Latias|par\n|\n|upkeep\n|turn|10\n|\n|t:|1699737470\n|move|p1a: Kieran the cuck|Encore|p2a: Latias\n|-start|p2a: Latias|Encore\n|cant|p2a: Latias|par\n|\n|upkeep\n|turn|11\n|\n|t:|1699737479\n|switch|p2a: Munkidori|Munkidori, M|100\/100\n|move|p1a: Kieran the cuck|Swords Dance|p1a: Kieran the cuck\n|-boost|p1a: Kieran the cuck|atk|2\n|\n|upkeep\n|turn|12\n|l| kung fu pokechu\n|inactive|female charizard has 120 seconds left.\n|\n|t:|1699737515\n|move|p2a: Munkidori|Fake Out|p1a: Kieran the cuck\n|-damage|p1a: Kieran the cuck|88\/100\n|cant|p1a: Kieran the cuck|flinch\n|\n|-heal|p1a: Kieran the cuck|94\/100|[from] item: Leftovers\n|upkeep\n|turn|13\n|\n|t:|1699737520\n|switch|p2a: Dipplin|Dipplin, F, shiny|100\/100\n|move|p1a: Kieran the cuck|Encore||[still]\n|-fail|p1a: Kieran the cuck\n|\n|-heal|p1a: Kieran the cuck|99\/100|[from] item: Leftovers\n|upkeep\n|turn|14\n|\n|t:|1699737527\n|switch|p1a: A subtle joke|Abomasnow, F, tera:Water|70\/100\n|-weather|Snow|[from] ability: Snow Warning|[of] p1a: A subtle joke\n|move|p2a: Dipplin|Dragon Tail|p1a: A subtle joke\n|-damage|p1a: A subtle joke|50\/100\n|drag|p1a: SOLID SUGGESTER|Rhyperior, M|100\/100\n|\n|-weather|Snow|[upkeep]\n|upkeep\n|turn|15\n|\n|t:|1699737531\n|switch|p1a: pressure friends|Kyurem|100\/100\n|-ability|p1a: pressure friends|Pressure\n|move|p2a: Dipplin|Giga Drain|p1a: pressure friends\n|-resisted|p1a: pressure friends\n|-damage|p1a: pressure friends|90\/100\n|\n|-weather|Snow|[upkeep]\n|-heal|p1a: pressure friends|97\/100|[from] item: Leftovers\n|upkeep\n|turn|16\n|\n|t:|1699737535\n|move|p1a: pressure friends|Substitute|p1a: pressure friends\n|-start|p1a: pressure friends|Substitute\n|-damage|p1a: pressure friends|72\/100\n|move|p2a: Dipplin|Dragon Tail|p1a: pressure friends\n|-supereffective|p1a: pressure friends\n|-activate|p1a: pressure friends|move: Substitute|[damage]\n|\n|-weather|Snow|[upkeep]\n|-heal|p1a: pressure friends|78\/100|[from] item: Leftovers\n|upkeep\n|turn|17\n|\n|t:|1699737541\n|move|p1a: pressure friends|Freeze-Dry|p2a: Dipplin\n|-supereffective|p2a: Dipplin\n|-damage|p2a: Dipplin|8\/100\n|-status|p2a: Dipplin|frz\n|cant|p2a: Dipplin|frz\n|\n|-weather|Snow|[upkeep]\n|-heal|p1a: pressure friends|84\/100|[from] item: Leftovers\n|upkeep\n|turn|18\n|\n|t:|1699737545\n|move|p1a: pressure friends|Freeze-Dry|p2a: Dipplin\n|-supereffective|p2a: Dipplin\n|-damage|p2a: Dipplin|0 fnt\n|faint|p2a: Dipplin\n|\n|-weather|none\n|-heal|p1a: pressure friends|90\/100|[from] item: Leftovers\n|upkeep\n|c|\u2606Over158|Wth\n|c|\u2606female charizard|equivalent exchange\n|\n|t:|1699737560\n|switch|p2a: Barraskewda|Barraskewda, F, shiny|100\/100\n|turn|19\n|c|\u2606female charizard|you will get ridiculous luck in your next game\n|\n|t:|1699737568\n|move|p2a: Barraskewda|Flip Turn|p1a: pressure friends\n|-resisted|p1a: pressure friends\n|-end|p1a: pressure friends|Substitute\n|c|\u2606Over158|Nice reference to FMA\n|c|\u2606Over158|And I hope that be true\n|inactive|Over158 has 120 seconds left.\n|\n|t:|1699737600\n|switch|p2a: Munkidori|Munkidori, M|100\/100|[from] Flip Turn\n|move|p1a: pressure friends|Freeze-Dry|p2a: Munkidori\n|-damage|p2a: Munkidori|67\/100\n|\n|-heal|p1a: pressure friends|96\/100|[from] item: Leftovers\n|upkeep\n|turn|20\n|\n|t:|1699737605\n|move|p1a: pressure friends|Protect|p1a: pressure friends\n|-singleturn|p1a: pressure friends|Protect\n|move|p2a: Munkidori|Fake Out|p1a: pressure friends\n|-activate|p1a: pressure friends|move: Protect\n|\n|-heal|p1a: pressure friends|100\/100|[from] item: Leftovers\n|upkeep\n|turn|21\n|\n|t:|1699737608\n|move|p2a: Munkidori|U-turn|p1a: pressure friends\n|-damage|p1a: pressure friends|87\/100\n|\n|t:|1699737610\n|switch|p2a: Latias|Latias-Mega, F|100\/100 par|[from] U-turn\n|move|p1a: pressure friends|Substitute|p1a: pressure friends\n|-start|p1a: pressure friends|Substitute\n|-damage|p1a: pressure friends|62\/100\n|\n|-heal|p1a: pressure friends|68\/100|[from] item: Leftovers\n|upkeep\n|turn|22\n|j| kung fu pokechu\n|\n|t:|1699737613\n|move|p1a: pressure friends|Freeze-Dry|p2a: Latias\n|-supereffective|p2a: Latias\n|-damage|p2a: Latias|61\/100 par\n|cant|p2a: Latias|par\n|\n|-heal|p1a: pressure friends|74\/100|[from] item: Leftovers\n|upkeep\n|turn|23\n|\n|t:|1699737618\n|switch|p2a: Munkidori|Munkidori, M|67\/100\n|move|p1a: pressure friends|Freeze-Dry|p2a: Munkidori\n|-damage|p2a: Munkidori|30\/100\n|\n|-heal|p1a: pressure friends|80\/100|[from] item: Leftovers\n|upkeep\n|turn|24\n|\n|t:|1699737624\n|move|p1a: pressure friends|Protect|p1a: pressure friends\n|-singleturn|p1a: pressure friends|Protect\n|-zpower|p2a: Munkidori\n|move|p2a: Munkidori|Z-Parting Shot|p1a: pressure friends|[anim]Parting Shot\n|-activate|p2a: Munkidori|healreplacement\n|-activate|p1a: pressure friends|move: Protect\n|\n|-heal|p1a: pressure friends|87\/100|[from] item: Leftovers\n|upkeep\n|turn|25\n|c|\u2606Over158|Good\n|\n|t:|1699737636\n|move|p2a: Munkidori|Parting Shot|p1a: pressure friends\n|-unboost|p1a: pressure friends|atk|1\n|-unboost|p1a: pressure friends|spa|1\n|\n|t:|1699737638\n|switch|p2a: Latias|Latias-Mega, F|61\/100 par|[from] Parting Shot\n|-heal|p2a: Latias|100\/100 par|[from] move: Parting Shot|[zeffect]\n|move|p1a: pressure friends|Freeze-Dry|p2a: Latias\n|-supereffective|p2a: Latias\n|-damage|p2a: Latias|72\/100 par\n|\n|-heal|p1a: pressure friends|93\/100|[from] item: Leftovers\n|upkeep\n|turn|26\n|\n|t:|1699737649\n|switch|p1a: A subtle joke|Abomasnow, F, tera:Water|50\/100\n|-weather|Snow|[from] ability: Snow Warning|[of] p1a: A subtle joke\n|move|p2a: Latias|Calm Mind|p2a: Latias\n|-boost|p2a: Latias|spa|1\n|-boost|p2a: Latias|spd|1\n|\n|-weather|Snow|[upkeep]\n|upkeep\n|turn|27\n|\n|t:|1699737654\n|move|p1a: A subtle joke|Aurora Veil|p1a: A subtle joke\n|-sidestart|p1: female charizard|move: Aurora Veil\n|cant|p2a: Latias|par\n|\n|-weather|Snow|[upkeep]\n|upkeep\n|turn|28\n|\n|t:|1699737658\n|move|p1a: A subtle joke|Blizzard|p2a: Latias\n|-supereffective|p2a: Latias\n|-damage|p2a: Latias|31\/100 par\n|move|p2a: Latias|Aura Sphere|p1a: A subtle joke\n|-damage|p1a: A subtle joke|33\/100\n|\n|-weather|Snow|[upkeep]\n|upkeep\n|turn|29\n|\n|t:|1699737662\n|move|p1a: A subtle joke|Blizzard|p2a: Latias\n|-supereffective|p2a: Latias\n|-damage|p2a: Latias|0 fnt\n|faint|p2a: Latias\n|\n|-weather|Snow|[upkeep]\n|upkeep\n|\n|t:|1699737664\n|switch|p2a: Ceruledge|Ceruledge, M, shiny|100\/100\n|turn|30\n|\n|t:|1699737682\n|switch|p1a: bisexual|Breloom, F|100\/100\n|move|p2a: Ceruledge|Swords Dance|p2a: Ceruledge\n|-boost|p2a: Ceruledge|atk|2\n|\n|-weather|none\n|upkeep\n|turn|31\n|\n|t:|1699737690\n|move|p2a: Ceruledge|Bitter Blade|p1a: bisexual\n|-supereffective|p1a: bisexual\n|-damage|p1a: bisexual|0 fnt\n|faint|p1a: bisexual\n|\n|upkeep\n|\n|t:|1699737699\n|switch|p1a: thanks|Ekans, M|100\/100\n|-ability|p1a: thanks|Intimidate|boost\n|-unboost|p2a: Ceruledge|atk|1\n|turn|32\n|\n|t:|1699737704\n|move|p2a: Ceruledge|Will-O-Wisp|p1a: thanks\n|-status|p1a: thanks|brn\n|move|p1a: thanks|Glare|p2a: Ceruledge\n|-status|p2a: Ceruledge|par\n|\n|-damage|p1a: thanks|94\/100 brn|[from] brn\n|upkeep\n|turn|33\n|\n|t:|1699737711\n|move|p1a: thanks|Sucker Punch||[still]\n|-fail|p1a: thanks\n|move|p2a: Ceruledge|Swords Dance|p2a: Ceruledge\n|-boost|p2a: Ceruledge|atk|2\n|\n|-damage|p1a: thanks|88\/100 brn|[from] brn\n|upkeep\n|turn|34\n|\n|t:|1699737717\n|switch|p1a: Kieran the cuck|Ogerpon, F|99\/100\n|move|p2a: Ceruledge|Bitter Blade|p1a: Kieran the cuck\n|-supereffective|p1a: Kieran the cuck\n|-damage|p1a: Kieran the cuck|0 fnt\n|faint|p1a: Kieran the cuck\n|\n|-sideend|p1: female charizard|move: Aurora Veil\n|upkeep\n|\n|t:|1699737730\n|switch|p1a: SOLID SUGGESTER|Rhyperior, M|100\/100\n|turn|35\n|\n|t:|1699737734\n|move|p1a: SOLID SUGGESTER|Earthquake|p2a: Ceruledge\n|-supereffective|p2a: Ceruledge\n|-damage|p2a: Ceruledge|0 fnt\n|faint|p2a: Ceruledge\n|\n|upkeep\n|\n|t:|1699737737\n|switch|p2a: Barraskewda|Barraskewda, F, shiny|100\/100\n|turn|36\n|\n|t:|1699737741\n|switch|p1a: pressure friends|Kyurem|93\/100\n|-ability|p1a: pressure friends|Pressure\n|move|p2a: Barraskewda|Flip Turn|p1a: pressure friends\n|-resisted|p1a: pressure friends\n|-damage|p1a: pressure friends|74\/100\n|\n|t:|1699737744\n|switch|p2a: Munkidori|Munkidori, M|30\/100|[from] Flip Turn\n|\n|-heal|p1a: pressure friends|80\/100|[from] item: Leftovers\n|upkeep\n|turn|37\n|\n|t:|1699737746\n|move|p1a: pressure friends|Protect|p1a: pressure friends\n|-singleturn|p1a: pressure friends|Protect\n|move|p2a: Munkidori|Fake Out|p1a: pressure friends\n|-activate|p1a: pressure friends|move: Protect\n|\n|-heal|p1a: pressure friends|86\/100|[from] item: Leftovers\n|upkeep\n|turn|38\n|\n|t:|1699737748\n|move|p2a: Munkidori|Parting Shot|p1a: pressure friends\n|-unboost|p1a: pressure friends|atk|1\n|-unboost|p1a: pressure friends|spa|1\n|\n|t:|1699737750\n|switch|p2a: Barraskewda|Barraskewda, F, shiny|100\/100|[from] Parting Shot\n|move|p1a: pressure friends|Freeze-Dry|p2a: Barraskewda\n|-supereffective|p2a: Barraskewda\n|-damage|p2a: Barraskewda|14\/100\n|\n|-heal|p1a: pressure friends|92\/100|[from] item: Leftovers\n|upkeep\n|turn|39\n|\n|t:|1699737754\n|-terastallize|p2a: Barraskewda|Ice\n|move|p1a: pressure friends|Protect|p1a: pressure friends\n|-singleturn|p1a: pressure friends|Protect\n|move|p2a: Barraskewda|Ice Fang|p1a: pressure friends\n|-activate|p1a: pressure friends|move: Protect\n|\n|-heal|p1a: pressure friends|99\/100|[from] item: Leftovers\n|upkeep\n|turn|40\n|\n|t:|1699737757\n|switch|p1a: thanks|Ekans, M|88\/100 brn\n|-ability|p1a: thanks|Intimidate|boost\n|-unboost|p2a: Barraskewda|atk|1\n|move|p2a: Barraskewda|Ice Fang|p1a: thanks\n|-damage|p1a: thanks|10\/100 brn\n|\n|-damage|p1a: thanks|4\/100 brn|[from] brn\n|upkeep\n|turn|41\n|\n|t:|1699737762\n|switch|p2a: Munkidori|Munkidori, M|30\/100\n|move|p1a: thanks|Sucker Punch||[still]\n|-fail|p1a: thanks\n|\n|-damage|p1a: thanks|0 fnt|[from] brn\n|faint|p1a: thanks\n|upkeep\n|\n|t:|1699737769\n|switch|p1a: pressure friends|Kyurem|99\/100\n|-ability|p1a: pressure friends|Pressure\n|turn|42\n|\n|t:|1699737773\n|move|p1a: pressure friends|Protect|p1a: pressure friends\n|-singleturn|p1a: pressure friends|Protect\n|move|p2a: Munkidori|U-turn|p1a: pressure friends\n|-activate|p1a: pressure friends|move: Protect\n|\n|-heal|p1a: pressure friends|100\/100|[from] item: Leftovers\n|upkeep\n|turn|43\n|\n|t:|1699737776\n|move|p2a: Munkidori|Parting Shot|p1a: pressure friends\n|-unboost|p1a: pressure friends|atk|1\n|-unboost|p1a: pressure friends|spa|1\n|\n|t:|1699737778\n|switch|p2a: Barraskewda|Barraskewda, F, shiny, tera:Ice|14\/100|[from] Parting Shot\n|move|p1a: pressure friends|Freeze-Dry|p2a: Barraskewda\n|-resisted|p2a: Barraskewda\n|-damage|p2a: Barraskewda|0 fnt\n|faint|p2a: Barraskewda\n|\n|upkeep\n|\n|t:|1699737779\n|switch|p2a: Munkidori|Munkidori, M|30\/100\n|turn|44\n|\n|t:|1699737794\n|move|p2a: Munkidori|Fake Out|p1a: pressure friends\n|-damage|p1a: pressure friends|92\/100\n|cant|p1a: pressure friends|flinch\n|\n|-heal|p1a: pressure friends|99\/100|[from] item: Leftovers\n|upkeep\n|turn|45\n|\n|t:|1699737797\n|move|p2a: Munkidori|U-turn|p1a: pressure friends\n|-crit|p1a: pressure friends\n|-damage|p1a: pressure friends|77\/100\n|move|p1a: pressure friends|Freeze-Dry|p2a: Munkidori\n|-damage|p2a: Munkidori|6\/100\n|\n|-heal|p1a: pressure friends|83\/100|[from] item: Leftovers\n|upkeep\n|turn|46\n|c|\u2606Over158|gg\n|inactive|female charizard has 120 seconds left.\n|c| snugglesnfluff|it was a terrible game but thanks\n|\n|t:|1699737835\n|move|p2a: Munkidori|U-turn|p1a: pressure friends\n|-damage|p1a: pressure friends|68\/100\n|move|p1a: pressure friends|Freeze-Dry|p2a: Munkidori\n|-damage|p2a: Munkidori|0 fnt\n|faint|p2a: Munkidori\n|\n|win|female charizard\n|raw|female charizard's rating: 1153 &rarr; <strong>1181<\/strong><br \/>(+28 for winning)\n|raw|Over158's rating: 1188 &rarr; <strong>1160<\/strong><br \/>(-28 for losing)\n|c|\u2606Over158|Yeah, true\n","uploadtime":1699737759,"views":6,"p1id":"femalecharizard","p2id":"over158","formatid":"gen9nationaldex","rating":1160,"private":0,"password":""}