{"id":"gen9nationaldex-1999133215","p1":"Bigrokof","p2":"Pure Hackmons","format":"[Gen 9] National Dex","log":"|j|\u2606Bigrokof\n|j|\u2606Pure Hackmons\n|t:|1701036729\n|gametype|singles\n|player|p1|Bigrokof|hiker-gen4|\n|player|p2|Pure Hackmons|ethan|\n|teamsize|p1|6\n|teamsize|p2|6\n|gen|9\n|tier|[Gen 9] National Dex\n|rated|Tournament battle\n|rule|HP Percentage Mod: HP is shown in percentages\n|rule|Endless Battle Clause: Forcing endless battles is banned\n|rule|OHKO Clause: OHKO moves are banned\n|rule|Evasion Clause: Evasion abilities, items, and moves are banned\n|rule|Evasion Abilities Clause: Evasion abilities are banned\n|rule|Evasion Items Clause: Evasion items are banned\n|rule|Evasion Moves Clause: Evasion moves are banned\n|rule|Species Clause: Limit one of each Pok\u00e9mon\n|rule|Sleep Clause Mod: Limit one foe put to sleep\n|rule|Camomons Mod: Pok\u00e9mon have their types set to match their first two moves.\n|rule|CFZ Clause: Crystal-free Z-Moves are banned\n|rule|Sleep Moves Clause: Sleep-inducing moves are banned\n|rule|Terastal Clause: You cannot Terastallize\n|clearpoke\n|poke|p1|Slowking-Galar, M|\n|poke|p1|Coalossal, M|\n|poke|p1|Magnezone|\n|poke|p1|Mabosstiff, F|\n|poke|p1|Rhyperior, M|\n|poke|p1|Porygon-Z|\n|poke|p2|Alomomola, F|\n|poke|p2|Slowking, M|\n|poke|p2|Blissey, F|\n|poke|p2|Coalossal, F|\n|poke|p2|Avalugg-Hisui, M|\n|poke|p2|Ditto|\n|teampreview\n|j|%Iolanthe\n|c|\u2606Bigrokof|GOD NO\n|c|\u2606Pure Hackmons|hehe\n|c|\u2606Bigrokof|NOT THE DITTO\n|\n|t:|1701036743\n|start\n|switch|p1a: Slowking|Slowking-Galar, M|100\/100\n|switch|p2a: Ditto|Ditto|100\/100\n|-start|p2a: Ditto|typechange|Ground\/Flying|[silent]\n|-transform|p2a: Ditto|p1a: Slowking|[from] ability: Imposter\n|-start|p1a: Slowking|typechange|Dark\/Poison|[silent]\n|-start|p1a: Slowking|typechange|Dark\/Poison|[silent]\n|-start|p2a: Ditto|typechange|Dark\/Poison|[silent]\n|turn|1\n|l|%Iolanthe\n|\n|t:|1701036752\n|move|p2a: Ditto|U-turn|p1a: Slowking\n|-damage|p1a: Slowking|89\/100\n|\n|t:|1701036757\n|switch|p2a: Slowking|Slowking, M|100\/100|[from] U-turn\n|-start|p2a: Slowking|typechange|Dark\/Poison|[silent]\n|move|p1a: Slowking|Knock Off|p2a: Slowking\n|-resisted|p2a: Slowking\n|-damage|p2a: Slowking|88\/100\n|-enditem|p2a: Slowking|Assault Vest|[from] move: Knock Off|[of] p1a: Slowking\n|\n|upkeep\n|-start|p2a: Slowking|typechange|Dark\/Poison|[silent]\n|turn|2\n|\n|t:|1701036764\n|move|p1a: Slowking|Stone Axe|p2a: Slowking\n|-damage|p2a: Slowking|77\/100\n|-sidestart|p2: Pure Hackmons|move: Stealth Rock\n|move|p2a: Slowking|Knock Off|p1a: Slowking\n|-resisted|p1a: Slowking\n|-damage|p1a: Slowking|75\/100\n|-enditem|p1a: Slowking|Assault Vest|[from] move: Knock Off|[of] p2a: Slowking\n|\n|upkeep\n|turn|3\n|\n|t:|1701036774\n|switch|p1a: Mabosstiff|Mabosstiff, F|100\/100\n|-start|p1a: Mabosstiff|typechange|Steel\/Ground|[silent]\n|move|p2a: Slowking|Mortal Spin|p1a: Mabosstiff\n|-immune|p1a: Mabosstiff\n|\n|upkeep\n|-start|p1a: Mabosstiff|typechange|Steel\/Ground|[silent]\n|turn|4\n|j|%TheTrueLtaker\n|\n|t:|1701036786\n|switch|p2a: Alomomola|Alomomola, F|100\/100\n|-start|p2a: Alomomola|typechange|Water\/Ground|[silent]\n|-damage|p2a: Alomomola|94\/100|[from] Stealth Rock\n|move|p1a: Mabosstiff|Headlong Rush|p2a: Alomomola\n|-damage|p2a: Alomomola|6\/100\n|-unboost|p1a: Mabosstiff|def|1\n|-unboost|p1a: Mabosstiff|spd|1\n|-damage|p1a: Mabosstiff|84\/100|[from] item: Rocky Helmet|[of] p2a: Alomomola\n|\n|upkeep\n|-start|p2a: Alomomola|typechange|Water\/Ground|[silent]\n|turn|5\n|\n|t:|1701036799\n|switch|p2a: Blissey|Blissey, F|100\/100\n|-start|p2a: Blissey|typechange|Fairy\/Bug|[silent]\n|move|p1a: Mabosstiff|Headlong Rush|p2a: Blissey\n|-resisted|p2a: Blissey\n|-damage|p2a: Blissey|16\/100\n|-unboost|p1a: Mabosstiff|def|1\n|-unboost|p1a: Mabosstiff|spd|1\n|\n|upkeep\n|-start|p2a: Blissey|typechange|Fairy\/Bug|[silent]\n|turn|6\n|\n|t:|1701036802\n|move|p1a: Mabosstiff|Headlong Rush|p2a: Blissey\n|-resisted|p2a: Blissey\n|-damage|p2a: Blissey|0 fnt\n|-unboost|p1a: Mabosstiff|def|1\n|-unboost|p1a: Mabosstiff|spd|1\n|faint|p2a: Blissey\n|\n|upkeep\n|\n|t:|1701036805\n|switch|p2a: Ditto|Ditto|100\/100\n|-start|p2a: Ditto|typechange|Ground\/Flying|[silent]\n|-damage|p2a: Ditto|88\/100|[from] Stealth Rock\n|-transform|p2a: Ditto|p1a: Mabosstiff|[from] ability: Imposter\n|turn|7\n|\n|t:|1701036812\n|switch|p1a: Rhyperior|Rhyperior, M|100\/100\n|-start|p1a: Rhyperior|typechange|Steel\/Flying|[silent]\n|move|p2a: Ditto|Gigaton Hammer|p1a: Rhyperior\n|-resisted|p1a: Rhyperior\n|-damage|p1a: Rhyperior|66\/100\n|\n|upkeep\n|-start|p1a: Rhyperior|typechange|Steel\/Flying|[silent]\n|turn|8\n|l|%TheTrueLtaker\n|\n|t:|1701036820\n|switch|p2a: Avalugg|Avalugg-Hisui, M|100\/100\n|-start|p2a: Avalugg|typechange|Dark\/Ghost|[silent]\n|-damage|p2a: Avalugg|88\/100|[from] Stealth Rock\n|move|p1a: Rhyperior|U-turn|p2a: Avalugg\n|-damage|p2a: Avalugg|78\/100\n|\n|t:|1701036823\n|switch|p1a: Porygon-Z|Porygon-Z|100\/100|[from] U-turn\n|-start|p1a: Porygon-Z|typechange|Fighting\/Water|[silent]\n|\n|-heal|p2a: Avalugg|85\/100|[from] item: Leftovers\n|upkeep\n|-start|p1a: Porygon-Z|typechange|Fighting\/Water|[silent]\n|-start|p2a: Avalugg|typechange|Dark\/Ghost|[silent]\n|turn|9\n|\n|t:|1701036828\n|switch|p2a: Slowking|Slowking, M|100\/100\n|-start|p2a: Slowking|typechange|Dark\/Poison|[silent]\n|-damage|p2a: Slowking|88\/100|[from] Stealth Rock\n|move|p1a: Porygon-Z|Nasty Plot|p1a: Porygon-Z\n|-boost|p1a: Porygon-Z|spa|2\n|\n|upkeep\n|-start|p2a: Slowking|typechange|Dark\/Poison|[silent]\n|turn|10\n|\n|t:|1701036834\n|move|p1a: Porygon-Z|Hydro Steam|p2a: Slowking\n|-damage|p2a: Slowking|8\/100\n|-damage|p1a: Porygon-Z|91\/100|[from] item: Life Orb\n|move|p2a: Slowking|Mortal Spin|p1a: Porygon-Z\n|-damage|p1a: Porygon-Z|78\/100\n|-status|p1a: Porygon-Z|psn\n|-sideend|p2: Pure Hackmons|Stealth Rock|[from] move: Mortal Spin|[of] p2a: Slowking\n|\n|-damage|p1a: Porygon-Z|65\/100 psn|[from] psn\n|upkeep\n|turn|11\n|\n|t:|1701036840\n|switch|p2a: Avalugg|Avalugg-Hisui, M|85\/100\n|-start|p2a: Avalugg|typechange|Dark\/Ghost|[silent]\n|move|p1a: Porygon-Z|Freeze-Dry|p2a: Avalugg\n|-damage|p2a: Avalugg|0 fnt\n|faint|p2a: Avalugg\n|-damage|p1a: Porygon-Z|55\/100 psn|[from] item: Life Orb\n|\n|-damage|p1a: Porygon-Z|43\/100 psn|[from] psn\n|upkeep\n|\n|t:|1701036842\n|switch|p2a: Ditto|Ditto|88\/100\n|-start|p2a: Ditto|typechange|Ground\/Flying|[silent]\n|-transform|p2a: Ditto|p1a: Porygon-Z|[from] ability: Imposter\n|turn|12\n|\n|t:|1701036845\n|move|p2a: Ditto|Vacuum Wave|p1a: Porygon-Z\n|-damage|p1a: Porygon-Z|0 fnt\n|faint|p1a: Porygon-Z\n|\n|upkeep\n|\n|t:|1701036848\n|switch|p1a: Magnezone|Magnezone|100\/100\n|-start|p1a: Magnezone|typechange|Ground\/Electric|[silent]\n|-start|p1a: Magnezone|typechange|Ground\/Electric|[silent]\n|turn|13\n|\n|t:|1701036856\n|switch|p2a: Alomomola|Alomomola, F|39\/100\n|-start|p2a: Alomomola|typechange|Water\/Ground|[silent]\n|move|p1a: Magnezone|Thunderbolt|p2a: Alomomola\n|-immune|p2a: Alomomola\n|\n|upkeep\n|-start|p2a: Alomomola|typechange|Water\/Ground|[silent]\n|turn|14\n|\n|t:|1701036862\n|switch|p2a: Slowking|Slowking, M|41\/100\n|-start|p2a: Slowking|typechange|Dark\/Poison|[silent]\n|move|p1a: Magnezone|Sandsear Storm|p2a: Slowking\n|-supereffective|p2a: Slowking\n|-damage|p2a: Slowking|0 fnt\n|faint|p2a: Slowking\n|\n|upkeep\n|\n|t:|1701036866\n|switch|p2a: Ditto|Ditto|88\/100\n|-start|p2a: Ditto|typechange|Ground\/Flying|[silent]\n|-transform|p2a: Ditto|p1a: Magnezone|[from] ability: Imposter\n|turn|15\n|\n|t:|1701036877\n|switch|p2a: Coalossal|Coalossal, F|100\/100\n|-start|p2a: Coalossal|typechange|Bug\/Steel|[silent]\n|switch|p1a: Rhyperior|Rhyperior, M|66\/100\n|-start|p1a: Rhyperior|typechange|Steel\/Flying|[silent]\n|\n|upkeep\n|-start|p1a: Rhyperior|typechange|Steel\/Flying|[silent]\n|-start|p2a: Coalossal|typechange|Bug\/Steel|[silent]\n|turn|16\n|\n|t:|1701036887\n|switch|p2a: Alomomola|Alomomola, F|73\/100\n|-start|p2a: Alomomola|typechange|Water\/Ground|[silent]\n|move|p1a: Rhyperior|Heal Order|p1a: Rhyperior\n|-heal|p1a: Rhyperior|100\/100\n|\n|upkeep\n|-start|p2a: Alomomola|typechange|Water\/Ground|[silent]\n|turn|17\n|\n|t:|1701036891\n|-singleturn|p1a: Rhyperior|move: Beak Blast\n|move|p2a: Alomomola|Spikes|p1a: Rhyperior\n|-sidestart|p1: Bigrokof|Spikes\n|move|p1a: Rhyperior|Beak Blast|p2a: Alomomola\n|-damage|p2a: Alomomola|47\/100\n|\n|upkeep\n|turn|18\n|\n|t:|1701036896\n|switch|p1a: Slowking|Slowking-Galar, M|100\/100\n|-start|p1a: Slowking|typechange|Dark\/Poison|[silent]\n|-damage|p1a: Slowking|88\/100|[from] Spikes\n|move|p2a: Alomomola|Strength Sap|p1a: Slowking\n|-unboost|p1a: Slowking|atk|1\n|-heal|p2a: Alomomola|78\/100\n|\n|upkeep\n|-start|p1a: Slowking|typechange|Dark\/Poison|[silent]\n|turn|19\n|\n|t:|1701036903\n|switch|p2a: Ditto|Ditto|88\/100\n|-start|p2a: Ditto|typechange|Ground\/Flying|[silent]\n|-transform|p2a: Ditto|p1a: Slowking|[from] ability: Imposter\n|move|p1a: Slowking|Stone Axe|p2a: Ditto\n|-damage|p2a: Ditto|78\/100\n|-sidestart|p2: Pure Hackmons|move: Stealth Rock\n|\n|upkeep\n|turn|20\n|\n|t:|1701036909\n|switch|p1a: Coalossal|Coalossal, M|100\/100\n|-start|p1a: Coalossal|typechange|Steel\/Bug|[silent]\n|-damage|p1a: Coalossal|88\/100|[from] Spikes\n|move|p2a: Ditto|Stone Axe|p1a: Coalossal\n|-damage|p1a: Coalossal|84\/100\n|-sidestart|p1: Bigrokof|move: Stealth Rock\n|\n|-heal|p1a: Coalossal|91\/100|[from] item: Leftovers\n|upkeep\n|-start|p1a: Coalossal|typechange|Steel\/Bug|[silent]\n|turn|21\n|\n|t:|1701036916\n|switch|p2a: Alomomola|Alomomola, F|100\/100\n|-start|p2a: Alomomola|typechange|Water\/Ground|[silent]\n|-damage|p2a: Alomomola|94\/100|[from] Stealth Rock\n|move|p1a: Coalossal|Rapid Spin|p2a: Alomomola\n|-damage|p2a: Alomomola|89\/100\n|-boost|p1a: Coalossal|spe|1\n|-damage|p1a: Coalossal|74\/100|[from] item: Rocky Helmet|[of] p2a: Alomomola\n|-sideend|p1: Bigrokof|Spikes|[from] move: Rapid Spin|[of] p1a: Coalossal\n|-sideend|p1: Bigrokof|Stealth Rock|[from] move: Rapid Spin|[of] p1a: Coalossal\n|\n|-heal|p1a: Coalossal|80\/100|[from] item: Leftovers\n|upkeep\n|-start|p2a: Alomomola|typechange|Water\/Ground|[silent]\n|turn|22\n|c|\u2606Bigrokof|guess what\n|\n|t:|1701036923\n|switch|p1a: Slowking|Slowking-Galar, M|100\/100\n|-start|p1a: Slowking|typechange|Dark\/Poison|[silent]\n|move|p2a: Alomomola|Spikes|p1a: Slowking\n|-sidestart|p1: Bigrokof|Spikes\n|\n|upkeep\n|-start|p1a: Slowking|typechange|Dark\/Poison|[silent]\n|turn|23\n|\n|t:|1701036926\n|switch|p2a: Ditto|Ditto|100\/100\n|-start|p2a: Ditto|typechange|Ground\/Flying|[silent]\n|-damage|p2a: Ditto|88\/100|[from] Stealth Rock\n|-transform|p2a: Ditto|p1a: Slowking|[from] ability: Imposter\n|move|p1a: Slowking|Knock Off|p2a: Ditto\n|-resisted|p2a: Ditto\n|-damage|p2a: Ditto|71\/100\n|-enditem|p2a: Ditto|Choice Scarf|[from] move: Knock Off|[of] p1a: Slowking\n|\n|upkeep\n|turn|24\n|\n|t:|1701036932\n|switch|p1a: Coalossal|Coalossal, M|80\/100\n|-start|p1a: Coalossal|typechange|Steel\/Bug|[silent]\n|-damage|p1a: Coalossal|68\/100|[from] Spikes\n|move|p2a: Ditto|Mortal Spin|p1a: Coalossal\n|-immune|p1a: Coalossal\n|\n|-heal|p1a: Coalossal|74\/100|[from] item: Leftovers\n|upkeep\n|-start|p1a: Coalossal|typechange|Steel\/Bug|[silent]\n|turn|25\n|\n|t:|1701036936\n|move|p1a: Coalossal|Rapid Spin|p2a: Ditto\n|-damage|p2a: Ditto|58\/100\n|-boost|p1a: Coalossal|spe|1\n|-sideend|p1: Bigrokof|Spikes|[from] move: Rapid Spin|[of] p1a: Coalossal\n|move|p2a: Ditto|Knock Off|p1a: Coalossal\n|-crit|p1a: Coalossal\n|-damage|p1a: Coalossal|55\/100\n|-enditem|p1a: Coalossal|Leftovers|[from] move: Knock Off|[of] p2a: Ditto\n|\n|upkeep\n|turn|26\n|\n|t:|1701036940\n|switch|p2a: Alomomola|Alomomola, F|100\/100\n|-start|p2a: Alomomola|typechange|Water\/Ground|[silent]\n|-damage|p2a: Alomomola|94\/100|[from] Stealth Rock\n|move|p1a: Coalossal|Heal Order|p1a: Coalossal\n|-heal|p1a: Coalossal|100\/100\n|\n|upkeep\n|-start|p2a: Alomomola|typechange|Water\/Ground|[silent]\n|turn|27\n|\n|t:|1701036958\n|switch|p1a: Slowking|Slowking-Galar, M|100\/100\n|-start|p1a: Slowking|typechange|Dark\/Poison|[silent]\n|switch|p2a: Coalossal|Coalossal, F|100\/100\n|-start|p2a: Coalossal|typechange|Bug\/Steel|[silent]\n|-damage|p2a: Coalossal|88\/100|[from] Stealth Rock\n|\n|-heal|p2a: Coalossal|94\/100|[from] item: Leftovers\n|upkeep\n|-start|p1a: Slowking|typechange|Dark\/Poison|[silent]\n|-start|p2a: Coalossal|typechange|Bug\/Steel|[silent]\n|turn|28\n|\n|t:|1701036963\n|switch|p2a: Ditto|Ditto|91\/100\n|-start|p2a: Ditto|typechange|Ground\/Flying|[silent]\n|-damage|p2a: Ditto|79\/100|[from] Stealth Rock\n|-transform|p2a: Ditto|p1a: Slowking|[from] ability: Imposter\n|move|p1a: Slowking|U-turn|p2a: Ditto\n|-crit|p2a: Ditto\n|-damage|p2a: Ditto|58\/100\n|\n|t:|1701036966\n|switch|p1a: Mabosstiff|Mabosstiff, F|84\/100|[from] U-turn\n|-start|p1a: Mabosstiff|typechange|Steel\/Ground|[silent]\n|\n|upkeep\n|-start|p1a: Mabosstiff|typechange|Steel\/Ground|[silent]\n|turn|29\n|\n|t:|1701036969\n|switch|p2a: Alomomola|Alomomola, F|100\/100\n|-start|p2a: Alomomola|typechange|Water\/Ground|[silent]\n|-damage|p2a: Alomomola|94\/100|[from] Stealth Rock\n|move|p1a: Mabosstiff|Headlong Rush|p2a: Alomomola\n|-damage|p2a: Alomomola|0 fnt\n|-unboost|p1a: Mabosstiff|def|1\n|-unboost|p1a: Mabosstiff|spd|1\n|-damage|p1a: Mabosstiff|67\/100|[from] item: Rocky Helmet|[of] p2a: Alomomola\n|faint|p2a: Alomomola\n|\n|upkeep\n|\n|t:|1701036971\n|switch|p2a: Ditto|Ditto|91\/100\n|-start|p2a: Ditto|typechange|Ground\/Flying|[silent]\n|-damage|p2a: Ditto|79\/100|[from] Stealth Rock\n|-transform|p2a: Ditto|p1a: Mabosstiff|[from] ability: Imposter\n|turn|30\n|\n|t:|1701036976\n|switch|p1a: Rhyperior|Rhyperior, M|100\/100\n|-start|p1a: Rhyperior|typechange|Steel\/Flying|[silent]\n|move|p2a: Ditto|Trick|p1a: Rhyperior\n|-activate|p2a: Ditto|move: Trick|[of] p1a: Rhyperior\n|-enditem|p1a: Rhyperior|Ability Shield|[silent]|[from] move: Trick\n|-item|p2a: Ditto|Ability Shield|[from] move: Trick\n|\n|upkeep\n|-start|p1a: Rhyperior|typechange|Steel\/Flying|[silent]\n|turn|31\n|\n|t:|1701036983\n|switch|p2a: Coalossal|Coalossal, F|94\/100\n|-start|p2a: Coalossal|typechange|Bug\/Steel|[silent]\n|-damage|p2a: Coalossal|82\/100|[from] Stealth Rock\n|move|p1a: Rhyperior|U-turn|p2a: Coalossal\n|-resisted|p2a: Coalossal\n|-damage|p2a: Coalossal|75\/100\n|\n|t:|1701036986\n|switch|p1a: Magnezone|Magnezone|100\/100|[from] U-turn\n|-start|p1a: Magnezone|typechange|Ground\/Electric|[silent]\n|\n|-heal|p2a: Coalossal|81\/100|[from] item: Leftovers\n|upkeep\n|-start|p1a: Magnezone|typechange|Ground\/Electric|[silent]\n|-start|p2a: Coalossal|typechange|Bug\/Steel|[silent]\n|turn|32\n|c|\u2606Bigrokof|YOURE MINE\n|\n|t:|1701036991\n|move|p1a: Magnezone|Sandsear Storm|p2a: Coalossal\n|-damage|p2a: Coalossal|46\/100\n|move|p2a: Coalossal|Heal Order|p2a: Coalossal\n|-heal|p2a: Coalossal|96\/100\n|\n|-heal|p2a: Coalossal|100\/100|[from] item: Leftovers\n|upkeep\n|turn|33\n|c|\u2606Bigrokof|well damn\n|c|\u2606Pure Hackmons|rip\n|\n|t:|1701037005\n|move|p1a: Magnezone|Thunderbolt|p2a: Coalossal\n|-damage|p2a: Coalossal|69\/100\n|move|p2a: Coalossal|Tidy Up|p2a: Coalossal\n|-sideend|p2: Pure Hackmons|Stealth Rock\n|-activate|p2a: Coalossal|move: Tidy Up\n|-boost|p2a: Coalossal|atk|1\n|-boost|p2a: Coalossal|spe|1\n|\n|-heal|p2a: Coalossal|75\/100|[from] item: Leftovers\n|upkeep\n|turn|34\n|\n|t:|1701037009\n|switch|p1a: Coalossal|Coalossal, M|100\/100\n|-start|p1a: Coalossal|typechange|Steel\/Bug|[silent]\n|move|p2a: Coalossal|Heal Order|p2a: Coalossal\n|-heal|p2a: Coalossal|100\/100\n|\n|upkeep\n|-start|p1a: Coalossal|typechange|Steel\/Bug|[silent]\n|turn|35\n|\n|t:|1701037012\n|move|p2a: Coalossal|Anchor Shot|p1a: Coalossal\n|-resisted|p1a: Coalossal\n|-damage|p1a: Coalossal|92\/100\n|-activate|p1a: Coalossal|trapped\n|move|p1a: Coalossal|U-turn|p2a: Coalossal\n|-resisted|p2a: Coalossal\n|-damage|p2a: Coalossal|95\/100\n|\n|t:|1701037015\n|switch|p1a: Slowking|Slowking-Galar, M|100\/100|[from] U-turn\n|-start|p1a: Slowking|typechange|Dark\/Poison|[silent]\n|\n|-heal|p2a: Coalossal|100\/100|[from] item: Leftovers\n|upkeep\n|-start|p1a: Slowking|typechange|Dark\/Poison|[silent]\n|turn|36\n|\n|t:|1701037019\n|move|p2a: Coalossal|Tidy Up|p2a: Coalossal\n|-boost|p2a: Coalossal|atk|1\n|-boost|p2a: Coalossal|spe|1\n|move|p1a: Slowking|U-turn|p2a: Coalossal\n|-resisted|p2a: Coalossal\n|-damage|p2a: Coalossal|97\/100\n|\n|t:|1701037023\n|switch|p1a: Coalossal|Coalossal, M|92\/100|[from] U-turn\n|-start|p1a: Coalossal|typechange|Steel\/Bug|[silent]\n|\n|-heal|p2a: Coalossal|100\/100|[from] item: Leftovers\n|upkeep\n|-start|p1a: Coalossal|typechange|Steel\/Bug|[silent]\n|turn|37\n|\n|t:|1701037025\n|move|p2a: Coalossal|Tidy Up|p2a: Coalossal\n|-boost|p2a: Coalossal|atk|1\n|-boost|p2a: Coalossal|spe|1\n|move|p1a: Coalossal|U-turn|p2a: Coalossal\n|-resisted|p2a: Coalossal\n|-damage|p2a: Coalossal|94\/100\n|\n|t:|1701037027\n|switch|p1a: Rhyperior|Rhyperior, M|100\/100|[from] U-turn\n|-start|p1a: Rhyperior|typechange|Steel\/Flying|[silent]\n|\n|-heal|p2a: Coalossal|99\/100|[from] item: Leftovers\n|upkeep\n|-start|p1a: Rhyperior|typechange|Steel\/Flying|[silent]\n|turn|38\n|\n|t:|1701037030\n|-singleturn|p1a: Rhyperior|move: Beak Blast\n|move|p2a: Coalossal|Tidy Up|p2a: Coalossal\n|-boost|p2a: Coalossal|atk|1\n|-boost|p2a: Coalossal|spe|1\n|move|p1a: Rhyperior|Beak Blast|p2a: Coalossal\n|-crit|p2a: Coalossal\n|-damage|p2a: Coalossal|60\/100\n|\n|-heal|p2a: Coalossal|67\/100|[from] item: Leftovers\n|upkeep\n|turn|39\n|\n|t:|1701037034\n|-singleturn|p1a: Rhyperior|move: Beak Blast\n|move|p2a: Coalossal|Tidy Up|p2a: Coalossal\n|-boost|p2a: Coalossal|atk|1\n|-boost|p2a: Coalossal|spe|1\n|move|p1a: Rhyperior|Beak Blast|p2a: Coalossal\n|-damage|p2a: Coalossal|38\/100\n|\n|-heal|p2a: Coalossal|44\/100|[from] item: Leftovers\n|upkeep\n|turn|40\n|\n|t:|1701037042\n|-singleturn|p1a: Rhyperior|move: Beak Blast\n|move|p2a: Coalossal|Heal Order|p2a: Coalossal\n|-heal|p2a: Coalossal|94\/100\n|move|p1a: Rhyperior|Beak Blast|p2a: Coalossal\n|-damage|p2a: Coalossal|66\/100\n|\n|-heal|p2a: Coalossal|72\/100|[from] item: Leftovers\n|upkeep\n|turn|41\n|\n|t:|1701037046\n|move|p2a: Coalossal|Tidy Up|p2a: Coalossal\n|-boost|p2a: Coalossal|atk|1\n|-boost|p2a: Coalossal|spe|1\n|move|p1a: Rhyperior|Anchor Shot|p2a: Coalossal\n|-resisted|p2a: Coalossal\n|-damage|p2a: Coalossal|62\/100\n|-activate|p2a: Coalossal|trapped\n|\n|-heal|p2a: Coalossal|68\/100|[from] item: Leftovers\n|upkeep\n|turn|42\n|\n|t:|1701037050\n|-singleturn|p1a: Rhyperior|move: Beak Blast\n|move|p2a: Coalossal|Tidy Up||[still]\n|-fail|p2a: Coalossal\n|move|p1a: Rhyperior|Beak Blast|p2a: Coalossal\n|-damage|p2a: Coalossal|38\/100\n|\n|-heal|p2a: Coalossal|44\/100|[from] item: Leftovers\n|upkeep\n|turn|43\n|\n|t:|1701037054\n|move|p2a: Coalossal|Heal Order|p2a: Coalossal\n|-heal|p2a: Coalossal|94\/100\n|move|p1a: Rhyperior|Anchor Shot|p2a: Coalossal\n|-resisted|p2a: Coalossal\n|-damage|p2a: Coalossal|82\/100\n|\n|-heal|p2a: Coalossal|88\/100|[from] item: Leftovers\n|upkeep\n|turn|44\n|\n|t:|1701037057\n|move|p2a: Coalossal|Tidy Up||[still]\n|-fail|p2a: Coalossal\n|move|p1a: Rhyperior|Anchor Shot|p2a: Coalossal\n|-resisted|p2a: Coalossal\n|-damage|p2a: Coalossal|77\/100\n|\n|-heal|p2a: Coalossal|83\/100|[from] item: Leftovers\n|upkeep\n|turn|45\n|\n|t:|1701037060\n|-singleturn|p1a: Rhyperior|move: Beak Blast\n|move|p2a: Coalossal|Tidy Up||[still]\n|-fail|p2a: Coalossal\n|move|p1a: Rhyperior|Beak Blast|p2a: Coalossal\n|-damage|p2a: Coalossal|55\/100\n|\n|-heal|p2a: Coalossal|61\/100|[from] item: Leftovers\n|upkeep\n|turn|46\n|\n|t:|1701037069\n|-singleturn|p1a: Rhyperior|move: Beak Blast\n|move|p2a: Coalossal|Anchor Shot|p1a: Rhyperior\n|-resisted|p1a: Rhyperior\n|-damage|p1a: Rhyperior|80\/100\n|-status|p2a: Coalossal|brn\n|-activate|p1a: Rhyperior|trapped\n|move|p1a: Rhyperior|Beak Blast|p2a: Coalossal\n|-damage|p2a: Coalossal|32\/100 brn\n|\n|-heal|p2a: Coalossal|38\/100 brn|[from] item: Leftovers\n|-damage|p2a: Coalossal|32\/100 brn|[from] brn\n|upkeep\n|turn|47\n|\n|t:|1701037074\n|move|p2a: Coalossal|Heal Order|p2a: Coalossal\n|-heal|p2a: Coalossal|82\/100 brn\n|move|p1a: Rhyperior|U-turn|p2a: Coalossal\n|-resisted|p2a: Coalossal\n|-damage|p2a: Coalossal|76\/100 brn\n|\n|t:|1701037076\n|switch|p1a: Slowking|Slowking-Galar, M|100\/100|[from] U-turn\n|-start|p1a: Slowking|typechange|Dark\/Poison|[silent]\n|\n|-heal|p2a: Coalossal|82\/100 brn|[from] item: Leftovers\n|-damage|p2a: Coalossal|76\/100 brn|[from] brn\n|upkeep\n|-start|p1a: Slowking|typechange|Dark\/Poison|[silent]\n|turn|48\n|\n|t:|1701037078\n|move|p2a: Coalossal|Anchor Shot|p1a: Slowking\n|-damage|p1a: Slowking|54\/100\n|-activate|p1a: Slowking|trapped\n|move|p1a: Slowking|U-turn|p2a: Coalossal\n|-resisted|p2a: Coalossal\n|-damage|p2a: Coalossal|72\/100 brn\n|\n|t:|1701037082\n|switch|p1a: Coalossal|Coalossal, M|92\/100|[from] U-turn\n|-start|p1a: Coalossal|typechange|Steel\/Bug|[silent]\n|\n|-heal|p2a: Coalossal|79\/100 brn|[from] item: Leftovers\n|-damage|p2a: Coalossal|72\/100 brn|[from] brn\n|upkeep\n|-start|p1a: Coalossal|typechange|Steel\/Bug|[silent]\n|turn|49\n|\n|t:|1701037087\n|switch|p2a: Ditto|Ditto|79\/100\n|-start|p2a: Ditto|typechange|Ground\/Flying|[silent]\n|-transform|p2a: Ditto|p1a: Coalossal|[from] ability: Imposter\n|move|p1a: Coalossal|Rapid Spin|p2a: Ditto\n|-resisted|p2a: Ditto\n|-damage|p2a: Ditto|75\/100\n|-boost|p1a: Coalossal|spe|1\n|\n|upkeep\n|turn|50\n|\n|t:|1701037090\n|move|p1a: Coalossal|U-turn|p2a: Ditto\n|-resisted|p2a: Ditto\n|-damage|p2a: Ditto|67\/100\n|j|%TheTrueLtaker\n|\n|t:|1701037092\n|switch|p1a: Rhyperior|Rhyperior, M|80\/100|[from] U-turn\n|-start|p1a: Rhyperior|typechange|Steel\/Flying|[silent]\n|move|p2a: Ditto|Heal Order|p2a: Ditto\n|-heal|p2a: Ditto|100\/100\n|\n|upkeep\n|-start|p1a: Rhyperior|typechange|Steel\/Flying|[silent]\n|turn|51\n|\n|t:|1701037102\n|switch|p2a: Coalossal|Coalossal, F|72\/100 brn\n|-start|p2a: Coalossal|typechange|Bug\/Steel|[silent]\n|move|p1a: Rhyperior|Anchor Shot|p2a: Coalossal\n|-resisted|p2a: Coalossal\n|-damage|p2a: Coalossal|61\/100 brn\n|-activate|p2a: Coalossal|trapped\n|\n|-heal|p2a: Coalossal|67\/100 brn|[from] item: Leftovers\n|-damage|p2a: Coalossal|61\/100 brn|[from] brn\n|upkeep\n|-start|p2a: Coalossal|typechange|Bug\/Steel|[silent]\n|turn|52\n|\n|t:|1701037110\n|switch|p1a: Slowking|Slowking-Galar, M|88\/100\n|-start|p1a: Slowking|typechange|Dark\/Poison|[silent]\n|move|p2a: Coalossal|Tidy Up|p2a: Coalossal\n|-boost|p2a: Coalossal|atk|1\n|-boost|p2a: Coalossal|spe|1\n|\n|-heal|p2a: Coalossal|67\/100 brn|[from] item: Leftovers\n|-damage|p2a: Coalossal|61\/100 brn|[from] brn\n|upkeep\n|-start|p1a: Slowking|typechange|Dark\/Poison|[silent]\n|turn|53\n|\n|t:|1701037113\n|move|p2a: Coalossal|Heal Order|p2a: Coalossal\n|-heal|p2a: Coalossal|100\/100 brn\n|move|p1a: Slowking|Stone Axe|p2a: Coalossal\n|-damage|p2a: Coalossal|94\/100 brn\n|-sidestart|p2: Pure Hackmons|move: Stealth Rock\n|\n|-heal|p2a: Coalossal|99\/100 brn|[from] item: Leftovers\n|-damage|p2a: Coalossal|94\/100 brn|[from] brn\n|upkeep\n|turn|54\n|\n|t:|1701037123\n|move|p2a: Coalossal|Tidy Up|p2a: Coalossal\n|-sideend|p2: Pure Hackmons|Stealth Rock\n|-activate|p2a: Coalossal|move: Tidy Up\n|-boost|p2a: Coalossal|atk|1\n|-boost|p2a: Coalossal|spe|1\n|move|p1a: Slowking|Knock Off|p2a: Coalossal\n|-damage|p2a: Coalossal|80\/100 brn\n|-enditem|p2a: Coalossal|Leftovers|[from] move: Knock Off|[of] p1a: Slowking\n|\n|-damage|p2a: Coalossal|73\/100 brn|[from] brn\n|upkeep\n|turn|55\n|\n|t:|1701037131\n|move|p2a: Coalossal|Tidy Up|p2a: Coalossal\n|-boost|p2a: Coalossal|atk|1\n|-boost|p2a: Coalossal|spe|1\n|move|p1a: Slowking|Stone Axe|p2a: Coalossal\n|-damage|p2a: Coalossal|67\/100 brn\n|-sidestart|p2: Pure Hackmons|move: Stealth Rock\n|\n|-damage|p2a: Coalossal|61\/100 brn|[from] brn\n|upkeep\n|turn|56\n|\n|t:|1701037134\n|move|p2a: Coalossal|Tidy Up|p2a: Coalossal\n|-sideend|p2: Pure Hackmons|Stealth Rock\n|-activate|p2a: Coalossal|move: Tidy Up\n|-boost|p2a: Coalossal|atk|1\n|-boost|p2a: Coalossal|spe|1\n|move|p1a: Slowking|Knock Off|p2a: Coalossal\n|-damage|p2a: Coalossal|52\/100 brn\n|\n|-damage|p2a: Coalossal|46\/100 brn|[from] brn\n|upkeep\n|turn|57\n|c|%TheTrueLtaker|>burned\n|c|\u2606Bigrokof|hehe\n|\n|t:|1701037148\n|move|p2a: Coalossal|Heal Order|p2a: Coalossal\n|-heal|p2a: Coalossal|96\/100 brn\n|move|p1a: Slowking|Stone Axe|p2a: Coalossal\n|-damage|p2a: Coalossal|90\/100 brn\n|-sidestart|p2: Pure Hackmons|move: Stealth Rock\n|\n|-damage|p2a: Coalossal|84\/100 brn|[from] brn\n|upkeep\n|turn|58\n|\n|t:|1701037152\n|move|p2a: Coalossal|Tidy Up|p2a: Coalossal\n|-sideend|p2: Pure Hackmons|Stealth Rock\n|-activate|p2a: Coalossal|move: Tidy Up\n|-boost|p2a: Coalossal|atk|1\n|-boost|p2a: Coalossal|spe|1\n|move|p1a: Slowking|Knock Off|p2a: Coalossal\n|-damage|p2a: Coalossal|74\/100 brn\n|\n|-damage|p2a: Coalossal|68\/100 brn|[from] brn\n|upkeep\n|turn|59\n|\n|t:|1701037158\n|move|p2a: Coalossal|Tidy Up|p2a: Coalossal\n|-boost|p2a: Coalossal|atk|1\n|-boost|p2a: Coalossal|spe|1\n|move|p1a: Slowking|Stone Axe|p2a: Coalossal\n|-damage|p2a: Coalossal|62\/100 brn\n|-sidestart|p2: Pure Hackmons|move: Stealth Rock\n|\n|-damage|p2a: Coalossal|55\/100 brn|[from] brn\n|upkeep\n|turn|60\n|\n|t:|1701037161\n|move|p2a: Coalossal|Anchor Shot|p1a: Slowking\n|-damage|p1a: Slowking|40\/100\n|-activate|p1a: Slowking|trapped\n|move|p1a: Slowking|Stone Axe|p2a: Coalossal\n|-crit|p2a: Coalossal\n|-damage|p2a: Coalossal|45\/100 brn\n|\n|-damage|p2a: Coalossal|39\/100 brn|[from] brn\n|upkeep\n|turn|61\n|\n|t:|1701037164\n|move|p2a: Coalossal|Anchor Shot|p1a: Slowking\n|-damage|p1a: Slowking|0 fnt\n|faint|p1a: Slowking\n|\n|-damage|p2a: Coalossal|33\/100 brn|[from] brn\n|upkeep\n|\n|t:|1701037168\n|switch|p1a: Magnezone|Magnezone|100\/100\n|-start|p1a: Magnezone|typechange|Ground\/Electric|[silent]\n|-start|p1a: Magnezone|typechange|Ground\/Electric|[silent]\n|turn|62\n|\n|t:|1701037171\n|move|p2a: Coalossal|Heal Order|p2a: Coalossal\n|-heal|p2a: Coalossal|83\/100 brn\n|move|p1a: Magnezone|Sandsear Storm|p2a: Coalossal\n|-crit|p2a: Coalossal\n|-damage|p2a: Coalossal|30\/100 brn\n|\n|-damage|p2a: Coalossal|23\/100 brn|[from] brn\n|upkeep\n|turn|63\n|\n|t:|1701037173\n|move|p2a: Coalossal|Heal Order|p2a: Coalossal\n|-heal|p2a: Coalossal|73\/100 brn\n|move|p1a: Magnezone|Sandsear Storm|p2a: Coalossal\n|-damage|p2a: Coalossal|36\/100 brn\n|\n|-damage|p2a: Coalossal|30\/100 brn|[from] brn\n|upkeep\n|turn|64\n|\n|t:|1701037176\n|move|p2a: Coalossal|Heal Order|p2a: Coalossal\n|-heal|p2a: Coalossal|80\/100 brn\n|move|p1a: Magnezone|Sandsear Storm|p2a: Coalossal\n|-damage|p2a: Coalossal|44\/100 brn\n|\n|-damage|p2a: Coalossal|38\/100 brn|[from] brn\n|upkeep\n|turn|65\n|\n|t:|1701037178\n|move|p2a: Coalossal|Heal Order|p2a: Coalossal\n|-heal|p2a: Coalossal|88\/100 brn\n|move|p1a: Magnezone|Sandsear Storm|p2a: Coalossal\n|-damage|p2a: Coalossal|49\/100 brn\n|\n|-damage|p2a: Coalossal|43\/100 brn|[from] brn\n|upkeep\n|turn|66\n|\n|t:|1701037180\n|move|p2a: Coalossal|Heal Order|p2a: Coalossal\n|-heal|p2a: Coalossal|93\/100 brn\n|move|p1a: Magnezone|Sandsear Storm|p2a: Coalossal\n|-damage|p2a: Coalossal|58\/100 brn\n|\n|-damage|p2a: Coalossal|52\/100 brn|[from] brn\n|upkeep\n|turn|67\n|\n|t:|1701037182\n|move|p2a: Coalossal|Spectral Thief|p1a: Magnezone\n|-damage|p1a: Magnezone|67\/100\n|move|p1a: Magnezone|Sandsear Storm|p2a: Coalossal\n|-damage|p2a: Coalossal|17\/100 brn\n|\n|-damage|p2a: Coalossal|10\/100 brn|[from] brn\n|upkeep\n|turn|68\n|\n|t:|1701037185\n|move|p2a: Coalossal|Heal Order|p2a: Coalossal\n|-heal|p2a: Coalossal|60\/100 brn\n|move|p1a: Magnezone|Sandsear Storm|p2a: Coalossal\n|-damage|p2a: Coalossal|24\/100 brn\n|\n|-damage|p2a: Coalossal|18\/100 brn|[from] brn\n|upkeep\n|turn|69\n|\n|t:|1701037187\n|move|p2a: Coalossal|Heal Order|p2a: Coalossal\n|-heal|p2a: Coalossal|68\/100 brn\n|move|p1a: Magnezone|Sandsear Storm|p2a: Coalossal\n|-damage|p2a: Coalossal|33\/100 brn\n|\n|-damage|p2a: Coalossal|27\/100 brn|[from] brn\n|upkeep\n|turn|70\n|\n|t:|1701037190\n|move|p2a: Coalossal|Heal Order|p2a: Coalossal\n|-heal|p2a: Coalossal|77\/100 brn\n|move|p1a: Magnezone|Sandsear Storm|p2a: Coalossal\n|-damage|p2a: Coalossal|42\/100 brn\n|\n|-damage|p2a: Coalossal|35\/100 brn|[from] brn\n|upkeep\n|turn|71\n|\n|t:|1701037193\n|move|p2a: Coalossal|Heal Order|p2a: Coalossal\n|-heal|p2a: Coalossal|85\/100 brn\n|move|p1a: Magnezone|Sandsear Storm|p2a: Coalossal\n|-damage|p2a: Coalossal|48\/100 brn\n|\n|-damage|p2a: Coalossal|42\/100 brn|[from] brn\n|upkeep\n|turn|72\n|\n|t:|1701037196\n|move|p2a: Coalossal|Spectral Thief|p1a: Magnezone\n|-damage|p1a: Magnezone|29\/100\n|move|p1a: Magnezone|Sandsear Storm|p2a: Coalossal\n|-damage|p2a: Coalossal|4\/100 brn\n|\n|-damage|p2a: Coalossal|0 fnt|[from] brn\n|faint|p2a: Coalossal\n|upkeep\n|\n|t:|1701037198\n|switch|p2a: Ditto|Ditto|100\/100\n|-start|p2a: Ditto|typechange|Ground\/Flying|[silent]\n|-damage|p2a: Ditto|88\/100|[from] Stealth Rock\n|-transform|p2a: Ditto|p1a: Magnezone|[from] ability: Imposter\n|turn|73\n|\n|t:|1701037201\n|move|p1a: Magnezone|Sandsear Storm|p2a: Ditto\n|-supereffective|p2a: Ditto\n|-damage|p2a: Ditto|0 fnt\n|faint|p2a: Ditto\n|\n|win|Bigrokof\n|n|\u2606Bigrokof|bigrokof\n|n|\u2606Pure Hackmons|purehackmons\n|n| TheTrueLtaker|thetrueltaker\n","uploadtime":1701037202,"views":4,"p1id":"bigrokof","p2id":"purehackmons","formatid":"gen9nationaldex","rating":0,"private":0,"password":""}