{"id":"gen9nationaldex-1998803642","p1":"LRR121","p2":"jujibalaoshi001","format":"[Gen 9] National Dex","log":"|html|<div class=\"broadcast-blue\"><strong>[Gen 9] National Dex is currently suspecting Sneasler! For information on how to participate check out the <a href=\"https:\/\/www.smogon.com\/forums\/threads\/sv-national-dex-suspect-8-just-dance.3731534\/\">suspect thread<\/a>.<\/strong><\/div>\n|j|\u2606LRR121\n|j|\u2606jujibalaoshi001\n|t:|1700994231\n|gametype|singles\n|player|p1|LRR121|blue|1462\n|player|p2|jujibalaoshi001|hexmaniac-gen6|1485\n|teamsize|p1|6\n|teamsize|p2|6\n|gen|9\n|tier|[Gen 9] National Dex\n|rated|\n|rule|HP Percentage Mod: HP is shown in percentages\n|rule|Endless Battle Clause: Forcing endless battles is banned\n|rule|OHKO Clause: OHKO moves are banned\n|rule|Evasion Clause: Evasion abilities, items, and moves are banned\n|rule|Evasion Abilities Clause: Evasion abilities are banned\n|rule|Evasion Items Clause: Evasion items are banned\n|rule|Evasion Moves Clause: Evasion moves are banned\n|rule|Species Clause: Limit one of each Pok\u00e9mon\n|rule|Sleep Clause Mod: Limit one foe put to sleep\n|clearpoke\n|poke|p1|Heracross, M|\n|poke|p1|Alakazam, F|\n|poke|p1|Ninetales-Alola, F|\n|poke|p1|Tyranitar, F|\n|poke|p1|Arcanine-Hisui, M|\n|poke|p1|Blastoise, M|\n|poke|p2|Silvally-*|\n|poke|p2|Cloyster, F|\n|poke|p2|Landorus-Therian, M|\n|poke|p2|Celesteela|\n|poke|p2|Azelf|\n|poke|p2|Heatran, F|\n|teampreview\n|\n|t:|1700994240\n|start\n|switch|p1a: Ninetales|Ninetales-Alola, F|100\/100\n|switch|p2a: Azelf|Azelf|100\/100\n|-weather|Snow|[from] ability: Snow Warning|[of] p1a: Ninetales\n|turn|1\n|\n|t:|1700994249\n|move|p2a: Azelf|Taunt|p1a: Ninetales\n|-start|p1a: Ninetales|move: Taunt\n|cant|p1a: Ninetales|move: Taunt|Aurora Veil\n|\n|-weather|Snow|[upkeep]\n|upkeep\n|turn|2\n|\n|t:|1700994257\n|switch|p1a: Heracross|Heracross, M|100\/100\n|move|p2a: Azelf|Stealth Rock|p1a: Heracross\n|-sidestart|p1: LRR121|move: Stealth Rock\n|\n|-weather|Snow|[upkeep]\n|upkeep\n|turn|3\n|\n|t:|1700994270\n|detailschange|p1a: Heracross|Heracross-Mega, M\n|-mega|p1a: Heracross|Heracross|Heracronite\n|move|p2a: Azelf|Explosion|p1a: Heracross\n|-damage|p1a: Heracross|17\/100\n|faint|p2a: Azelf\n|move|p1a: Heracross|Trailblaze|p2: Azelf|[notarget]\n|-fail|p1a: Heracross\n|\n|-weather|Snow|[upkeep]\n|upkeep\n|\n|t:|1700994282\n|switch|p2a: Landorus|Landorus-Therian, M|100\/100\n|-ability|p2a: Landorus|Intimidate|boost\n|-unboost|p1a: Heracross|atk|1\n|turn|4\n|\n|t:|1700994290\n|move|p2a: Landorus|Earthquake|p1a: Heracross\n|-resisted|p1a: Heracross\n|-damage|p1a: Heracross|0 fnt\n|faint|p1a: Heracross\n|\n|-weather|Snow|[upkeep]\n|upkeep\n|\n|t:|1700994295\n|switch|p1a: Ninetales|Ninetales-Alola, F|100\/100\n|turn|5\n|\n|t:|1700994300\n|switch|p2a: Heatran|Heatran, F|100\/100\n|move|p1a: Ninetales|Aurora Veil|p1a: Ninetales\n|-sidestart|p1: LRR121|move: Aurora Veil\n|\n|-weather|none\n|upkeep\n|turn|6\n|\n|t:|1700994309\n|switch|p1a: Blastoise|Blastoise, M|100\/100\n|-damage|p1a: Blastoise|88\/100|[from] Stealth Rock\n|move|p2a: Heatran|Magma Storm|p1a: Blastoise\n|-resisted|p1a: Blastoise\n|-damage|p1a: Blastoise|76\/100\n|-activate|p1a: Blastoise|move: Magma Storm|[of] p2a: Heatran\n|\n|-damage|p1a: Blastoise|64\/100|[from] move: Magma Storm|[partiallytrapped]\n|upkeep\n|turn|7\n|\n|t:|1700994323\n|-terastallize|p2a: Heatran|Grass\n|move|p2a: Heatran|Earth Power|p1a: Blastoise\n|-damage|p1a: Blastoise|49\/100\n|move|p1a: Blastoise|Shell Smash|p1a: Blastoise\n|-unboost|p1a: Blastoise|def|1\n|-unboost|p1a: Blastoise|spd|1\n|-boost|p1a: Blastoise|atk|2\n|-boost|p1a: Blastoise|spa|2\n|-boost|p1a: Blastoise|spe|2\n|-enditem|p1a: Blastoise|White Herb\n|-clearnegativeboost|p1a: Blastoise|[silent]\n|\n|-damage|p1a: Blastoise|37\/100|[from] move: Magma Storm|[partiallytrapped]\n|upkeep\n|turn|8\n|\n|t:|1700994337\n|move|p1a: Blastoise|Ice Beam|p2a: Heatran\n|-supereffective|p2a: Heatran\n|-damage|p2a: Heatran|35\/100\n|move|p2a: Heatran|Earth Power|p1a: Blastoise\n|-damage|p1a: Blastoise|21\/100\n|\n|-damage|p1a: Blastoise|8\/100|[from] move: Magma Storm|[partiallytrapped]\n|upkeep\n|turn|9\n|\n|t:|1700994360\n|move|p1a: Blastoise|Ice Beam|p2a: Heatran\n|-supereffective|p2a: Heatran\n|-damage|p2a: Heatran|0 fnt\n|faint|p2a: Heatran\n|\n|-end|p1a: Blastoise|Magma Storm|[partiallytrapped]|[silent]\n|-sideend|p1: LRR121|move: Aurora Veil\n|upkeep\n|\n|t:|1700994364\n|switch|p2a: Cloyster|Cloyster, F|100\/100\n|turn|10\n|\n|t:|1700994373\n|move|p1a: Blastoise|Dragon Pulse|p2a: Cloyster\n|-enditem|p2a: Cloyster|Focus Sash\n|-damage|p2a: Cloyster|1\/100\n|move|p2a: Cloyster|Icicle Spear|p1a: Blastoise\n|-resisted|p1a: Blastoise\n|-damage|p1a: Blastoise|2\/100\n|-resisted|p1a: Blastoise\n|-damage|p1a: Blastoise|0 fnt\n|faint|p1a: Blastoise\n|-hitcount|p1: Blastoise|2\n|\n|upkeep\n|\n|t:|1700994380\n|switch|p1a: Arcanine|Arcanine-Hisui, M|100\/100\n|-damage|p1a: Arcanine|76\/100|[from] Stealth Rock\n|turn|11\n|\n|t:|1700994387\n|move|p1a: Arcanine|Extreme Speed|p2a: Cloyster\n|-damage|p2a: Cloyster|0 fnt\n|faint|p2a: Cloyster\n|\n|upkeep\n|\n|t:|1700994390\n|switch|p2a: Landorus|Landorus-Therian, M|100\/100\n|-ability|p2a: Landorus|Intimidate|boost\n|-unboost|p1a: Arcanine|atk|1\n|turn|12\n|\n|t:|1700994396\n|switch|p1a: Ninetales|Ninetales-Alola, F|100\/100\n|-weather|Snow|[from] ability: Snow Warning|[of] p1a: Ninetales\n|move|p2a: Landorus|U-turn|p1a: Ninetales\n|-resisted|p1a: Ninetales\n|-damage|p1a: Ninetales|87\/100\n|\n|t:|1700994408\n|switch|p2a: Celesteela|Celesteela|100\/100|[from] U-turn\n|\n|-weather|Snow|[upkeep]\n|upkeep\n|turn|13\n|\n|t:|1700994414\n|move|p1a: Ninetales|Aurora Veil|p1a: Ninetales\n|-sidestart|p1: LRR121|move: Aurora Veil\n|move|p2a: Celesteela|Autotomize|p2a: Celesteela\n|-boost|p2a: Celesteela|spe|2\n|-start|p2a: Celesteela|Autotomize\n|\n|-weather|Snow|[upkeep]\n|upkeep\n|turn|14\n|\n|t:|1700994423\n|move|p2a: Celesteela|Meteor Beam||[still]\n|-prepare|p2a: Celesteela|Meteor Beam\n|-boost|p2a: Celesteela|spa|1\n|-enditem|p2a: Celesteela|Power Herb\n|-anim|p2a: Celesteela|Meteor Beam|p1a: Ninetales\n|-supereffective|p1a: Ninetales\n|-damage|p1a: Ninetales|21\/100\n|move|p1a: Ninetales|Encore|p2a: Celesteela\n|-start|p2a: Celesteela|Encore\n|\n|-weather|Snow|[upkeep]\n|upkeep\n|turn|15\n|\n|t:|1700994435\n|switch|p1a: Arcanine|Arcanine-Hisui, M|76\/100\n|-damage|p1a: Arcanine|51\/100|[from] Stealth Rock\n|move|p2a: Celesteela|Meteor Beam||[still]\n|-prepare|p2a: Celesteela|Meteor Beam\n|-boost|p2a: Celesteela|spa|1\n|\n|-weather|Snow|[upkeep]\n|upkeep\n|turn|16\n|\n|t:|1700994441\n|-terastallize|p1a: Arcanine|Fire\n|move|p2a: Celesteela|Meteor Beam|p1a: Arcanine|[from]lockedmove\n|-supereffective|p1a: Arcanine\n|-damage|p1a: Arcanine|0 fnt\n|faint|p1a: Arcanine\n|-ability|p2a: Celesteela|Beast Boost|boost\n|-boost|p2a: Celesteela|spa|1\n|\n|-weather|none\n|upkeep\n|\n|t:|1700994454\n|switch|p1a: Tyranitar|Tyranitar, F|100\/100\n|-damage|p1a: Tyranitar|88\/100|[from] Stealth Rock\n|-weather|Sandstorm|[from] ability: Sand Stream|[of] p1a: Tyranitar\n|turn|17\n|\n|t:|1700994466\n|move|p2a: Celesteela|Meteor Beam||[still]\n|-prepare|p2a: Celesteela|Meteor Beam\n|-boost|p2a: Celesteela|spa|1\n|move|p1a: Tyranitar|Stone Edge|p2a: Celesteela\n|-damage|p2a: Celesteela|48\/100\n|\n|-weather|Sandstorm|[upkeep]\n|-end|p2a: Celesteela|Encore\n|-sideend|p1: LRR121|move: Aurora Veil\n|upkeep\n|turn|18\n|\n|t:|1700994475\n|move|p2a: Celesteela|Meteor Beam|p1a: Tyranitar|[from]lockedmove\n|-damage|p1a: Tyranitar|9\/100\n|move|p1a: Tyranitar|Stone Edge|p2a: Celesteela\n|-damage|p2a: Celesteela|0 fnt\n|faint|p2a: Celesteela\n|\n|-weather|Sandstorm|[upkeep]\n|upkeep\n|\n|t:|1700994483\n|switch|p2a: Landorus|Landorus-Therian, M|100\/100\n|-ability|p2a: Landorus|Intimidate|boost\n|-unboost|p1a: Tyranitar|atk|1\n|turn|19\n|\n|t:|1700994490\n|move|p2a: Landorus|U-turn|p1a: Tyranitar\n|-supereffective|p1a: Tyranitar\n|-damage|p1a: Tyranitar|0 fnt\n|faint|p1a: Tyranitar\n|\n|t:|1700994494\n|switch|p2a: Silvally|Silvally|100\/100|[from] U-turn\n|\n|-weather|Sandstorm|[upkeep]\n|-damage|p2a: Silvally|94\/100|[from] Sandstorm\n|upkeep\n|\n|t:|1700994502\n|switch|p1a: Ninetales|Ninetales-Alola, F|21\/100\n|-weather|Snow|[from] ability: Snow Warning|[of] p1a: Ninetales\n|turn|20\n|\n|t:|1700994511\n|move|p1a: Ninetales|Aurora Veil|p1a: Ninetales\n|-sidestart|p1: LRR121|move: Aurora Veil\n|move|p2a: Silvally|Flamethrower|p1a: Ninetales\n|-supereffective|p1a: Ninetales\n|-damage|p1a: Ninetales|0 fnt\n|faint|p1a: Ninetales\n|-damage|p2a: Silvally|85\/100|[from] item: Life Orb\n|\n|-weather|Snow|[upkeep]\n|upkeep\n|\n|t:|1700994517\n|switch|p1a: Alakazam|Alakazam, F|100\/100\n|turn|21\n|\n|t:|1700994525\n|move|p1a: Alakazam|Psychic|p2a: Silvally\n|-crit|p2a: Silvally\n|-damage|p2a: Silvally|0 fnt\n|faint|p2a: Silvally\n|\n|-weather|Snow|[upkeep]\n|upkeep\n|\n|t:|1700994531\n|switch|p2a: Landorus|Landorus-Therian, M|100\/100\n|-ability|p2a: Landorus|Intimidate|boost\n|-unboost|p1a: Alakazam|atk|1\n|turn|22\n|\n|t:|1700994537\n|move|p2a: Landorus|Explosion|p1a: Alakazam\n|-damage|p1a: Alakazam|0 fnt\n|faint|p2a: Landorus\n|faint|p1a: Alakazam\n|\n|win|LRR121\n|raw|LRR121's rating: 1462 &rarr; <strong>1483<\/strong><br \/>(+21 for winning)\n|raw|jujibalaoshi001's rating: 1485 &rarr; <strong>1464<\/strong><br \/>(-21 for losing)\n","uploadtime":1700994547,"views":3,"p1id":"lrr121","p2id":"jujibalaoshi001","formatid":"gen9nationaldex","rating":1464,"private":0,"password":""}