{"id":"gen9nationaldex-1996586857","p1":"jdkgbdj","p2":"FrostBv","format":"[Gen 9] National Dex","log":"|html|<div class=\"broadcast-blue\"><strong>[Gen 9] National Dex is currently suspecting Sneasler! For information on how to participate check out the <a href=\"https:\/\/www.smogon.com\/forums\/threads\/sv-national-dex-suspect-8-just-dance.3731534\/\">suspect thread<\/a>.<\/strong><\/div>\n|j|\u2606jdkgbdj\n|j|\u2606FrostBv\n|t:|1700697449\n|gametype|singles\n|player|p1|jdkgbdj|101|1184\n|player|p2|FrostBv|giovanni|1192\n|teamsize|p1|6\n|teamsize|p2|6\n|gen|9\n|tier|[Gen 9] National Dex\n|rated|\n|rule|HP Percentage Mod: HP is shown in percentages\n|rule|Endless Battle Clause: Forcing endless battles is banned\n|rule|OHKO Clause: OHKO moves are banned\n|rule|Evasion Clause: Evasion abilities, items, and moves are banned\n|rule|Evasion Abilities Clause: Evasion abilities are banned\n|rule|Evasion Items Clause: Evasion items are banned\n|rule|Evasion Moves Clause: Evasion moves are banned\n|rule|Species Clause: Limit one of each Pok\u00e9mon\n|rule|Sleep Clause Mod: Limit one foe put to sleep\n|clearpoke\n|poke|p1|Skeledirge, M|\n|poke|p1|Ting-Lu|\n|poke|p1|Azumarill, F|\n|poke|p1|Ferrothorn, M|\n|poke|p1|Mew|\n|poke|p1|Buzzwole|\n|poke|p2|Rotom-Wash|\n|poke|p2|Clodsire, F|\n|poke|p2|Weavile, F|\n|poke|p2|Samurott-Hisui, M|\n|poke|p2|Garchomp, M|\n|poke|p2|Scrafty, M|\n|teampreview\n|\n|t:|1700697465\n|start\n|switch|p1a: Ferrothorn|Ferrothorn, M|100\/100\n|switch|p2a: Ikar|Clodsire, F|100\/100\n|turn|1\n|\n|t:|1700697472\n|move|p2a: Ikar|Yawn|p1a: Ferrothorn\n|-start|p1a: Ferrothorn|move: Yawn|[of] p2a: Ikar\n|move|p1a: Ferrothorn|Leech Seed|p2a: Ikar\n|-start|p2a: Ikar|move: Leech Seed\n|\n|-damage|p2a: Ikar|88\/100|[from] Leech Seed|[of] p1a: Ferrothorn\n|upkeep\n|turn|2\n|\n|t:|1700697487\n|switch|p1a: Mew|Mew|100\/100\n|move|p2a: Ikar|Curse|p2a: Ikar\n|-unboost|p2a: Ikar|spe|1\n|-boost|p2a: Ikar|atk|1\n|-boost|p2a: Ikar|def|1\n|\n|-heal|p2a: Ikar|94\/100|[from] item: Black Sludge\n|-damage|p2a: Ikar|82\/100|[from] Leech Seed|[of] p1a: Mew\n|upkeep\n|turn|3\n|\n|t:|1700697498\n|move|p1a: Mew|Calm Mind|p1a: Mew\n|-boost|p1a: Mew|spa|1\n|-boost|p1a: Mew|spd|1\n|move|p2a: Ikar|Earthquake|p1a: Mew\n|-damage|p1a: Mew|60\/100\n|\n|-heal|p1a: Mew|66\/100|[from] item: Leftovers\n|-heal|p2a: Ikar|88\/100|[from] item: Black Sludge\n|-damage|p2a: Ikar|75\/100|[from] Leech Seed|[of] p1a: Mew\n|-heal|p1a: Mew|80\/100|[silent]\n|upkeep\n|turn|4\n|\n|t:|1700697510\n|move|p1a: Mew|Psychic|p2a: Ikar\n|-supereffective|p2a: Ikar\n|-damage|p2a: Ikar|0 fnt\n|faint|p2a: Ikar\n|\n|-heal|p1a: Mew|86\/100|[from] item: Leftovers\n|upkeep\n|\n|t:|1700697517\n|switch|p2a: Cholito|Weavile, F|100\/100\n|-ability|p2a: Cholito|Pressure\n|turn|5\n|\n|t:|1700697522\n|move|p2a: Cholito|Knock Off|p1a: Mew\n|-supereffective|p1a: Mew\n|-damage|p1a: Mew|12\/100\n|-enditem|p1a: Mew|Leftovers|[from] move: Knock Off|[of] p2a: Cholito\n|move|p1a: Mew|Draining Kiss|p2a: Cholito\n|-supereffective|p2a: Cholito\n|-damage|p2a: Cholito|44\/100\n|-heal|p1a: Mew|42\/100|[from] drain|[of] p2a: Cholito\n|\n|upkeep\n|turn|6\n|\n|t:|1700697532\n|move|p2a: Cholito|Knock Off|p1a: Mew\n|-supereffective|p1a: Mew\n|-damage|p1a: Mew|0 fnt\n|faint|p1a: Mew\n|\n|upkeep\n|\n|t:|1700697540\n|switch|p1a: Azumarill|Azumarill, F|100\/100\n|turn|7\n|\n|t:|1700697545\n|-zpower|p2a: Cholito\n|move|p2a: Cholito|Acid Downpour|p1a: Azumarill|[zeffect]\n|-supereffective|p1a: Azumarill\n|-damage|p1a: Azumarill|1\/100\n|move|p1a: Azumarill|Belly Drum||[still]\n|-fail|p1a: Azumarill\n|\n|-heal|p1a: Azumarill|7\/100|[from] item: Leftovers\n|upkeep\n|turn|8\n|\n|t:|1700697558\n|move|p1a: Azumarill|Aqua Jet|p2a: Cholito\n|-damage|p2a: Cholito|1\/100\n|move|p2a: Cholito|Poison Jab|p1a: Azumarill\n|-supereffective|p1a: Azumarill\n|-damage|p1a: Azumarill|0 fnt\n|faint|p1a: Azumarill\n|\n|upkeep\n|\n|t:|1700697582\n|switch|p1a: Buzzwole|Buzzwole|100\/100\n|turn|9\n|\n|t:|1700697588\n|move|p2a: Cholito|Fake Out||[still]\n|-hint|Fake Out only works on your first turn out.\n|-fail|p2a: Cholito\n|move|p1a: Buzzwole|Leech Life|p2a: Cholito\n|-supereffective|p2a: Cholito\n|-damage|p2a: Cholito|0 fnt\n|faint|p2a: Cholito\n|-ability|p1a: Buzzwole|Beast Boost|boost\n|-boost|p1a: Buzzwole|atk|1\n|\n|upkeep\n|\n|t:|1700697601\n|switch|p2a: Tiburoncin|Garchomp, M|100\/100\n|turn|10\n|\n|t:|1700697606\n|move|p2a: Tiburoncin|Rock Slide|p1a: Buzzwole\n|-damage|p1a: Buzzwole|85\/100\n|cant|p1a: Buzzwole|flinch\n|\n|upkeep\n|turn|11\n|\n|t:|1700697613\n|move|p2a: Tiburoncin|Swords Dance|p2a: Tiburoncin\n|-boost|p2a: Tiburoncin|atk|2\n|move|p1a: Buzzwole|Drain Punch|p2a: Tiburoncin\n|-damage|p2a: Tiburoncin|38\/100\n|-heal|p1a: Buzzwole|100\/100|[from] drain|[of] p2a: Tiburoncin\n|-damage|p1a: Buzzwole|88\/100|[from] ability: Rough Skin|[of] p2a: Tiburoncin\n|\n|-heal|p2a: Tiburoncin|44\/100|[from] item: Leftovers\n|upkeep\n|turn|12\n|\n|t:|1700697624\n|move|p2a: Tiburoncin|Rock Slide|p1a: Buzzwole\n|-damage|p1a: Buzzwole|54\/100\n|cant|p1a: Buzzwole|flinch\n|\n|-heal|p2a: Tiburoncin|51\/100|[from] item: Leftovers\n|upkeep\n|turn|13\n|\n|t:|1700697632\n|move|p2a: Tiburoncin|Rock Slide|p1a: Buzzwole\n|-damage|p1a: Buzzwole|23\/100\n|cant|p1a: Buzzwole|flinch\n|\n|-heal|p2a: Tiburoncin|57\/100|[from] item: Leftovers\n|upkeep\n|turn|14\n|\n|t:|1700697640\n|move|p2a: Tiburoncin|Rock Slide|p1a: Buzzwole\n|-damage|p1a: Buzzwole|0 fnt\n|faint|p1a: Buzzwole\n|\n|-heal|p2a: Tiburoncin|63\/100|[from] item: Leftovers\n|upkeep\n|\n|t:|1700697651\n|switch|p1a: Ferrothorn|Ferrothorn, M|100\/100\n|turn|15\n|\n|t:|1700697657\n|move|p2a: Tiburoncin|Earthquake|p1a: Ferrothorn\n|-damage|p1a: Ferrothorn|37\/100\n|move|p1a: Ferrothorn|Leech Seed|p2a: Tiburoncin\n|-start|p2a: Tiburoncin|move: Leech Seed\n|\n|-heal|p2a: Tiburoncin|69\/100|[from] item: Leftovers\n|-damage|p2a: Tiburoncin|57\/100|[from] Leech Seed|[of] p1a: Ferrothorn\n|-heal|p1a: Ferrothorn|50\/100|[silent]\n|upkeep\n|turn|16\n|\n|t:|1700697666\n|move|p2a: Tiburoncin|Earthquake|p1a: Ferrothorn\n|-damage|p1a: Ferrothorn|0 fnt\n|faint|p1a: Ferrothorn\n|\n|-heal|p2a: Tiburoncin|63\/100|[from] item: Leftovers\n|upkeep\n|\n|t:|1700697675\n|switch|p1a: Ting-Lu|Ting-Lu|100\/100\n|-ability|p1a: Ting-Lu|Vessel of Ruin\n|turn|17\n|\n|t:|1700697681\n|move|p2a: Tiburoncin|Earthquake|p1a: Ting-Lu\n|-damage|p1a: Ting-Lu|40\/100\n|move|p1a: Ting-Lu|Earthquake|p2a: Tiburoncin\n|-damage|p2a: Tiburoncin|14\/100\n|\n|-heal|p2a: Tiburoncin|20\/100|[from] item: Leftovers\n|-heal|p1a: Ting-Lu|46\/100|[from] item: Leftovers\n|-damage|p2a: Tiburoncin|8\/100|[from] Leech Seed|[of] p1a: Ting-Lu\n|-heal|p1a: Ting-Lu|54\/100|[silent]\n|upkeep\n|turn|18\n|\n|t:|1700697691\n|move|p2a: Tiburoncin|Earthquake|p1a: Ting-Lu\n|-damage|p1a: Ting-Lu|1\/100\n|move|p1a: Ting-Lu|Earthquake|p2a: Tiburoncin\n|-damage|p2a: Tiburoncin|0 fnt\n|faint|p2a: Tiburoncin\n|\n|-heal|p1a: Ting-Lu|8\/100|[from] item: Leftovers\n|upkeep\n|\n|t:|1700697706\n|switch|p2a: za za|Samurott-Hisui, M|100\/100\n|turn|19\n|\n|t:|1700697714\n|move|p2a: za za|Aqua Cutter|p1a: Ting-Lu\n|-supereffective|p1a: Ting-Lu\n|-damage|p1a: Ting-Lu|0 fnt\n|faint|p1a: Ting-Lu\n|\n|upkeep\n|\n|t:|1700697720\n|switch|p1a: Skeledirge|Skeledirge, M|100\/100\n|turn|20\n|-message|jdkgbdj forfeited.\n|\n|win|FrostBv\n|raw|jdkgbdj's rating: 1184 &rarr; <strong>1160<\/strong><br \/>(-24 for losing)\n|raw|FrostBv's rating: 1192 &rarr; <strong>1216<\/strong><br \/>(+24 for winning)\n|l|\u2606jdkgbdj\n","uploadtime":1700697734,"views":3,"p1id":"jdkgbdj","p2id":"frostbv","formatid":"gen9nationaldex","rating":1160,"private":0,"password":""}