{"id":"gen9nationaldex-1988660732","p1":"Chaos112","p2":"Kommokoko","format":"[Gen 9] National Dex","log":"|j|\u203dChaos112\n|j|\u2606Kommokoko\n|t:|1699747468\n|gametype|singles\n|player|p1|Chaos112|hilbert-wonderlauncher|1140\n|player|p2|Kommokoko|medium|1093\n|teamsize|p1|6\n|teamsize|p2|6\n|gen|9\n|tier|[Gen 9] National Dex\n|rated|\n|rule|HP Percentage Mod: HP is shown in percentages\n|rule|Endless Battle Clause: Forcing endless battles is banned\n|rule|OHKO Clause: OHKO moves are banned\n|rule|Evasion Clause: Evasion abilities, items, and moves are banned\n|rule|Evasion Abilities Clause: Evasion abilities are banned\n|rule|Evasion Items Clause: Evasion items are banned\n|rule|Evasion Moves Clause: Evasion moves are banned\n|rule|Species Clause: Limit one of each Pok\u00e9mon\n|rule|Sleep Clause Mod: Limit one foe put to sleep\n|clearpoke\n|poke|p1|Scizor, M|\n|poke|p1|Umbreon, F|\n|poke|p1|Tyranitar, F|\n|poke|p1|Milotic, F|\n|poke|p1|Arcanine, M|\n|poke|p1|Gardevoir, F|\n|poke|p2|Banette, M|\n|poke|p2|Blaziken, M|\n|poke|p2|Meowscarada, M|\n|poke|p2|Glimmora, F|\n|poke|p2|Garchomp, F|\n|poke|p2|Gliscor, M|\n|teampreview\n|inactive|Battle timer is ON: inactive players will automatically lose when time's up. (requested by Kommokoko)\n|\n|t:|1699747472\n|start\n|switch|p1a: Milotic|Milotic, F|100\/100\n|switch|p2a: Glimmora|Glimmora, F|100\/100\n|turn|1\n|\n|t:|1699747479\n|switch|p2a: Meowscarada|Meowscarada, M|100\/100\n|move|p1a: Milotic|Light Screen|p1a: Milotic\n|-sidestart|p1: Chaos112|move: Light Screen\n|\n|upkeep\n|turn|2\n|\n|t:|1699747485\n|switch|p1a: Scizor|Scizor, M|100\/100\n|move|p2a: Meowscarada|Flower Trick|p1a: Scizor\n|-start|p2a: Meowscarada|typechange|Grass|[from] ability: Protean\n|-resisted|p1a: Scizor\n|-crit|p1a: Scizor\n|-damage|p1a: Scizor|88\/100\n|\n|upkeep\n|turn|3\n|\n|t:|1699747494\n|move|p2a: Meowscarada|U-turn|p1a: Scizor\n|-resisted|p1a: Scizor\n|-damage|p1a: Scizor|76\/100\n|\n|t:|1699747501\n|switch|p2a: Blaziken|Blaziken, M|100\/100|[from] U-turn\n|move|p1a: Scizor|Swords Dance|p1a: Scizor\n|-boost|p1a: Scizor|atk|2\n|\n|upkeep\n|turn|4\n|\n|t:|1699747509\n|-terastallize|p1a: Scizor|Water\n|move|p2a: Blaziken|Blaze Kick|p1a: Scizor|[miss]\n|-miss|p2a: Blaziken|p1a: Scizor\n|move|p1a: Scizor|Dual Wingbeat|p2a: Blaziken\n|-supereffective|p2a: Blaziken\n|-damage|p2a: Blaziken|0 fnt\n|faint|p2a: Blaziken\n|-hitcount|p2: Blaziken|1\n|-damage|p1a: Scizor|66\/100|[from] item: Life Orb\n|\n|upkeep\n|\n|t:|1699747516\n|switch|p2a: Banette|Banette, M|100\/100\n|-item|p1a: Scizor|Life Orb|[from] ability: Frisk|[of] p2a: Banette|[identify]\n|turn|5\n|\n|t:|1699747524\n|detailschange|p2a: Banette|Banette-Mega, M\n|-mega|p2a: Banette|Banette|Banettite\n|move|p2a: Banette|Destiny Bond|p2a: Banette\n|-singlemove|p2a: Banette|Destiny Bond\n|move|p1a: Scizor|Bullet Punch|p2a: Banette\n|-damage|p2a: Banette|0 fnt\n|faint|p2a: Banette\n|-activate|p2a: Banette|move: Destiny Bond\n|faint|p1a: Scizor\n|\n|-sideend|p1: Chaos112|move: Light Screen\n|upkeep\n|\n|t:|1699747536\n|switch|p2a: Garchomp|Garchomp, F|100\/100\n|switch|p1a: Milotic|Milotic, F|100\/100\n|turn|6\n|\n|t:|1699747541\n|-zpower|p2a: Garchomp\n|move|p2a: Garchomp|Devastating Drake|p1a: Milotic|[zeffect]\n|-damage|p1a: Milotic|16\/100\n|move|p1a: Milotic|Light Screen|p1a: Milotic\n|-sidestart|p1: Chaos112|move: Light Screen\n|\n|-heal|p1a: Milotic|22\/100|[from] item: Leftovers\n|upkeep\n|turn|7\n|\n|t:|1699747552\n|move|p2a: Garchomp|Earthquake|p1a: Milotic\n|-crit|p1a: Milotic\n|-damage|p1a: Milotic|0 fnt\n|faint|p1a: Milotic\n|\n|upkeep\n|\n|t:|1699747558\n|switch|p1a: Umbreon|Umbreon, F|100\/100\n|turn|8\n|\n|t:|1699747563\n|move|p2a: Garchomp|Earthquake|p1a: Umbreon\n|-damage|p1a: Umbreon|71\/100\n|move|p1a: Umbreon|Toxic|p2a: Garchomp\n|-status|p2a: Garchomp|tox\n|\n|-damage|p2a: Garchomp|94\/100 tox|[from] psn\n|upkeep\n|turn|9\n|\n|t:|1699747571\n|switch|p2a: Glimmora|Glimmora, F|100\/100\n|move|p1a: Umbreon|Wish|p1a: Umbreon\n|\n|upkeep\n|turn|10\n|inactive|Chaos112 has 120 seconds left.\n|\n|t:|1699747605\n|switch|p2a: Meowscarada|Meowscarada, M|100\/100\n|switch|p1a: Gardevoir|Gardevoir, F, shiny|100\/100\n|-ability|p1a: Gardevoir|Protean|[from] ability: Trace|[of] p2a: Meowscarada\n|\n|-sideend|p1: Chaos112|move: Light Screen\n|upkeep\n|turn|11\n|inactive|Chaos112 has 120 seconds left.\n|\n|t:|1699747625\n|detailschange|p1a: Gardevoir|Gardevoir-Mega, F, shiny\n|-mega|p1a: Gardevoir|Gardevoir|Gardevoirite\n|move|p2a: Meowscarada|Thunder Punch|p1a: Gardevoir\n|-start|p2a: Meowscarada|typechange|Electric|[from] ability: Protean\n|-damage|p1a: Gardevoir|41\/100\n|move|p1a: Gardevoir|Moonblast|p2a: Meowscarada\n|-crit|p2a: Meowscarada\n|-damage|p2a: Meowscarada|0 fnt\n|faint|p2a: Meowscarada\n|\n|upkeep\n|\n|t:|1699747634\n|switch|p2a: Glimmora|Glimmora, F|100\/100\n|turn|12\n|\n|t:|1699747639\n|move|p1a: Gardevoir|Psyshock|p2a: Glimmora\n|-supereffective|p2a: Glimmora\n|-damage|p2a: Glimmora|0 fnt\n|faint|p2a: Glimmora\n|\n|upkeep\n|\n|t:|1699747645\n|switch|p2a: Gliscor|Gliscor, M|100\/100\n|turn|13\n|\n|t:|1699747652\n|-terastallize|p2a: Gliscor|Steel\n|move|p1a: Gardevoir|Grass Knot|p2a: Gliscor\n|-resisted|p2a: Gliscor\n|-damage|p2a: Gliscor|86\/100\n|move|p2a: Gliscor|Earthquake|p1a: Gardevoir\n|-damage|p1a: Gardevoir|0 fnt\n|faint|p1a: Gardevoir\n|\n|upkeep\n|\n|t:|1699747661\n|switch|p1a: Arcanine|Arcanine, M|100\/100\n|-ability|p1a: Arcanine|Intimidate|boost\n|-unboost|p2a: Gliscor|atk|1\n|turn|14\n|\n|t:|1699747666\n|move|p2a: Gliscor|Earthquake|p1a: Arcanine\n|-supereffective|p1a: Arcanine\n|-damage|p1a: Arcanine|65\/100\n|move|p1a: Arcanine|Will-O-Wisp|p2a: Gliscor|[miss]\n|-miss|p1a: Arcanine|p2a: Gliscor\n|\n|upkeep\n|turn|15\n|\n|t:|1699747677\n|move|p2a: Gliscor|Tailwind|p2a: Gliscor\n|-sidestart|p2: Kommokoko|move: Tailwind\n|move|p1a: Arcanine|Will-O-Wisp|p2a: Gliscor|[miss]\n|-miss|p1a: Arcanine|p2a: Gliscor\n|\n|upkeep\n|turn|16\n|\n|t:|1699747682\n|move|p2a: Gliscor|Earthquake|p1a: Arcanine\n|-supereffective|p1a: Arcanine\n|-damage|p1a: Arcanine|33\/100\n|move|p1a: Arcanine|Will-O-Wisp|p2a: Gliscor\n|-status|p2a: Gliscor|brn\n|\n|-damage|p2a: Gliscor|80\/100 brn|[from] brn\n|upkeep\n|turn|17\n|\n|t:|1699747692\n|move|p2a: Gliscor|Earthquake|p1a: Arcanine\n|-supereffective|p1a: Arcanine\n|-damage|p1a: Arcanine|17\/100\n|move|p1a: Arcanine|Morning Sun|p1a: Arcanine\n|-heal|p1a: Arcanine|67\/100\n|\n|-damage|p2a: Gliscor|74\/100 brn|[from] brn\n|upkeep\n|turn|18\n|\n|t:|1699747704\n|switch|p2a: Garchomp|Garchomp, F|94\/100 tox\n|move|p1a: Arcanine|Morning Sun|p1a: Arcanine\n|-heal|p1a: Arcanine|100\/100\n|\n|-damage|p2a: Garchomp|88\/100 tox|[from] psn\n|-sideend|p2: Kommokoko|move: Tailwind\n|upkeep\n|turn|19\n|\n|t:|1699747714\n|switch|p1a: Umbreon|Umbreon, F|71\/100\n|move|p2a: Garchomp|Earthquake|p1a: Umbreon\n|-damage|p1a: Umbreon|38\/100\n|\n|-damage|p2a: Garchomp|76\/100 tox|[from] psn\n|upkeep\n|turn|20\n|\n|t:|1699747722\n|move|p2a: Garchomp|Earthquake|p1a: Umbreon\n|-damage|p1a: Umbreon|5\/100\n|move|p1a: Umbreon|Wish|p1a: Umbreon\n|\n|-damage|p2a: Garchomp|57\/100 tox|[from] psn\n|upkeep\n|turn|21\n|\n|t:|1699747730\n|switch|p1a: Arcanine|Arcanine, M|100\/100\n|-ability|p1a: Arcanine|Intimidate|boost\n|-unboost|p2a: Garchomp|atk|1\n|move|p2a: Garchomp|Earthquake|p1a: Arcanine\n|-supereffective|p1a: Arcanine\n|-damage|p1a: Arcanine|47\/100\n|\n|-heal|p1a: Arcanine|98\/100|[from] move: Wish|[wisher] Umbreon\n|-damage|p2a: Garchomp|33\/100 tox|[from] psn\n|upkeep\n|turn|22\n|\n|t:|1699747747\n|switch|p2a: Gliscor|Gliscor, M, tera:Steel|74\/100 brn\n|switch|p1a: Umbreon|Umbreon, F|5\/100\n|\n|-damage|p2a: Gliscor|67\/100 brn|[from] brn\n|upkeep\n|turn|23\n|\n|t:|1699747756\n|move|p2a: Gliscor|Earthquake|p1a: Umbreon\n|-crit|p1a: Umbreon\n|-damage|p1a: Umbreon|0 fnt\n|faint|p1a: Umbreon\n|\n|-damage|p2a: Gliscor|61\/100 brn|[from] brn\n|upkeep\n|\n|t:|1699747764\n|switch|p1a: Arcanine|Arcanine, M|98\/100\n|-ability|p1a: Arcanine|Intimidate|boost\n|-unboost|p2a: Gliscor|atk|1\n|turn|24\n|\n|t:|1699747770\n|move|p1a: Arcanine|Extreme Speed|p2a: Gliscor\n|-resisted|p2a: Gliscor\n|-damage|p2a: Gliscor|55\/100 brn\n|move|p2a: Gliscor|Spikes|p1a: Arcanine\n|-sidestart|p1: Chaos112|Spikes\n|\n|-damage|p2a: Gliscor|49\/100 brn|[from] brn\n|upkeep\n|turn|25\n|\n|t:|1699747779\n|move|p2a: Gliscor|Spikes|p1a: Arcanine\n|-sidestart|p1: Chaos112|Spikes\n|move|p1a: Arcanine|Flare Blitz|p2a: Gliscor\n|-supereffective|p2a: Gliscor\n|-damage|p2a: Gliscor|0 fnt\n|faint|p2a: Gliscor\n|-damage|p1a: Arcanine|83\/100|[from] Recoil\n|\n|upkeep\n|\n|t:|1699747784\n|switch|p2a: Garchomp|Garchomp, F|33\/100 tox\n|turn|26\n|\n|t:|1699747790\n|move|p1a: Arcanine|Extreme Speed|p2a: Garchomp\n|-damage|p2a: Garchomp|14\/100 tox\n|-damage|p1a: Arcanine|71\/100|[from] ability: Rough Skin|[of] p2a: Garchomp\n|move|p2a: Garchomp|Earthquake|p1a: Arcanine\n|-supereffective|p1a: Arcanine\n|-damage|p1a: Arcanine|0 fnt\n|faint|p1a: Arcanine\n|\n|-damage|p2a: Garchomp|8\/100 tox|[from] psn\n|upkeep\n|\n|t:|1699747802\n|switch|p1a: Tyranitar|Tyranitar, F|100\/100\n|-damage|p1a: Tyranitar|84\/100|[from] Spikes\n|-weather|Sandstorm|[from] ability: Sand Stream|[of] p1a: Tyranitar\n|turn|27\n|\n|t:|1699747808\n|move|p2a: Garchomp|Earthquake|p1a: Tyranitar\n|-supereffective|p1a: Tyranitar\n|-damage|p1a: Tyranitar|0 fnt\n|faint|p1a: Tyranitar\n|\n|win|Kommokoko\n|raw|Chaos112's rating: 1140 &rarr; <strong>1112<\/strong><br \/>(-28 for losing)\n|raw|Kommokoko's rating: 1093 &rarr; <strong>1123<\/strong><br \/>(+30 for winning)\n|l|\u203dChaos112\n","uploadtime":1699747824,"views":4,"p1id":"chaos112","p2id":"kommokoko","formatid":"gen9nationaldex","rating":1112,"private":0,"password":""}