{"id":"gen9nationaldex-1995234377","p1":"batmanga","p2":"Prof. Morgenholz","format":"[Gen 9] National Dex","log":"|html|<div class=\"broadcast-blue\"><strong>[Gen 9] National Dex is currently suspecting Sneasler! For information on how to participate check out the <a href=\"https:\/\/www.smogon.com\/forums\/threads\/sv-national-dex-suspect-8-just-dance.3731534\/\">suspect thread<\/a>.<\/strong><\/div>\n|j|\u2606batmanga\n|j|\u2606Prof. Morgenholz\n|t:|1700537986\n|gametype|singles\n|player|p1|batmanga|riley|1607\n|player|p2|Prof. Morgenholz|blue|1658\n|teamsize|p1|6\n|teamsize|p2|6\n|gen|9\n|tier|[Gen 9] National Dex\n|rated|\n|rule|HP Percentage Mod: HP is shown in percentages\n|rule|Endless Battle Clause: Forcing endless battles is banned\n|rule|OHKO Clause: OHKO moves are banned\n|rule|Evasion Clause: Evasion abilities, items, and moves are banned\n|rule|Evasion Abilities Clause: Evasion abilities are banned\n|rule|Evasion Items Clause: Evasion items are banned\n|rule|Evasion Moves Clause: Evasion moves are banned\n|rule|Species Clause: Limit one of each Pok\u00e9mon\n|rule|Sleep Clause Mod: Limit one foe put to sleep\n|clearpoke\n|poke|p1|Arctozolt|\n|poke|p1|Ninetales-Alola, F|\n|poke|p1|Slowking, F|\n|poke|p1|Zamazenta-*|\n|poke|p1|Raticate, F|\n|poke|p1|Skeledirge, F|\n|poke|p2|Greninja-*, M|\n|poke|p2|Charizard, M|\n|poke|p2|Gyarados, M|\n|poke|p2|Garchomp, M|\n|poke|p2|Tapu Lele|\n|poke|p2|Porygon-Z|\n|teampreview\n|l|\u2606batmanga\n|player|p1|\n|j|\u2606batmanga\n|player|p1|batmanga|riley\n|\n|t:|1700538006\n|start\n|switch|p1a: Zamazenta|Zamazenta|100\/100\n|switch|p2a: Chompion|Garchomp, M|100\/100\n|-ability|p1a: Zamazenta|Dauntless Shield|boost\n|-boost|p1a: Zamazenta|def|1\n|turn|1\n|\n|t:|1700538014\n|move|p1a: Zamazenta|Ice Fang|p2a: Chompion\n|-supereffective|p2a: Chompion\n|-damage|p2a: Chompion|25\/100\n|-status|p2a: Chompion|frz\n|-damage|p1a: Zamazenta|88\/100|[from] ability: Rough Skin|[of] p2a: Chompion\n|-damage|p1a: Zamazenta|72\/100|[from] item: Rocky Helmet|[of] p2a: Chompion\n|cant|p2a: Chompion|frz\n|\n|upkeep\n|turn|2\n|\n|t:|1700538029\n|switch|p1a: Ninetales|Ninetales-Alola, F|100\/100\n|-weather|Snow|[from] ability: Snow Warning|[of] p1a: Ninetales\n|-terastallize|p2a: Chompion|Steel\n|cant|p2a: Chompion|frz\n|\n|-weather|Snow|[upkeep]\n|upkeep\n|turn|3\n|\n|t:|1700538038\n|move|p1a: Ninetales|Aurora Veil|p1a: Ninetales\n|-sidestart|p1: batmanga|move: Aurora Veil\n|cant|p2a: Chompion|frz\n|\n|-weather|Snow|[upkeep]\n|upkeep\n|turn|4\n|\n|t:|1700538052\n|switch|p1a: Arctozolt|Arctozolt|100\/100\n|-curestatus|p2a: Chompion|frz|[msg]\n|move|p2a: Chompion|Toxic|p1a: Arctozolt\n|-status|p1a: Arctozolt|tox\n|\n|-weather|Snow|[upkeep]\n|-damage|p1a: Arctozolt|94\/100 tox|[from] psn\n|upkeep\n|turn|5\n|\n|t:|1700538059\n|move|p1a: Arctozolt|Bolt Beak|p2a: Chompion\n|-damage|p2a: Chompion|0 fnt\n|-damage|p1a: Arctozolt|82\/100 tox|[from] ability: Rough Skin|[of] p2a: Chompion\n|-damage|p1a: Arctozolt|65\/100 tox|[from] item: Rocky Helmet|[of] p2a: Chompion\n|faint|p2a: Chompion\n|\n|-weather|Snow|[upkeep]\n|-damage|p1a: Arctozolt|53\/100 tox|[from] psn\n|upkeep\n|\n|t:|1700538079\n|switch|p2a: Battle Toad|Greninja, M|100\/100\n|turn|6\n|\n|t:|1700538088\n|move|p2a: Battle Toad|Water Shuriken|p1a: Arctozolt\n|-damage|p1a: Arctozolt|47\/100 tox\n|-damage|p1a: Arctozolt|42\/100 tox\n|-damage|p1a: Arctozolt|36\/100 tox\n|-damage|p1a: Arctozolt|30\/100 tox\n|-damage|p1a: Arctozolt|24\/100 tox\n|-hitcount|p1a: Arctozolt|5\n|-damage|p2a: Battle Toad|91\/100|[from] item: Life Orb\n|move|p1a: Arctozolt|Bolt Beak|p2a: Battle Toad\n|-supereffective|p2a: Battle Toad\n|-damage|p2a: Battle Toad|0 fnt\n|faint|p2a: Battle Toad\n|\n|-weather|Snow|[upkeep]\n|-damage|p1a: Arctozolt|5\/100 tox|[from] psn\n|upkeep\n|\n|t:|1700538105\n|switch|p2a: Supa Hot Fire|Charizard, M|100\/100\n|turn|7\n|\n|t:|1700538107\n|detailschange|p2a: Supa Hot Fire|Charizard-Mega-X, M\n|-mega|p2a: Supa Hot Fire|Charizard|Charizardite X\n|move|p1a: Arctozolt|Bolt Beak|p2a: Supa Hot Fire\n|-resisted|p2a: Supa Hot Fire\n|-damage|p2a: Supa Hot Fire|61\/100\n|move|p2a: Supa Hot Fire|Dragon Dance|p2a: Supa Hot Fire\n|-boost|p2a: Supa Hot Fire|atk|1\n|-boost|p2a: Supa Hot Fire|spe|1\n|\n|-weather|Snow|[upkeep]\n|-damage|p1a: Arctozolt|0 fnt|[from] psn\n|faint|p1a: Arctozolt\n|-sideend|p1: batmanga|move: Aurora Veil\n|upkeep\n|\n|t:|1700538131\n|switch|p1a: Skeledirge|Skeledirge, F|100\/100\n|turn|8\n|\n|t:|1700538141\n|move|p2a: Supa Hot Fire|Earthquake|p1a: Skeledirge\n|-supereffective|p1a: Skeledirge\n|-damage|p1a: Skeledirge|60\/100\n|move|p1a: Skeledirge|Torch Song|p2a: Supa Hot Fire\n|-resisted|p2a: Supa Hot Fire\n|-damage|p2a: Supa Hot Fire|51\/100\n|-boost|p1a: Skeledirge|spa|1\n|\n|-weather|Snow|[upkeep]\n|upkeep\n|turn|9\n|\n|t:|1700538152\n|move|p2a: Supa Hot Fire|Outrage|p1a: Skeledirge\n|-damage|p1a: Skeledirge|10\/100\n|move|p1a: Skeledirge|Slack Off|p1a: Skeledirge\n|-heal|p1a: Skeledirge|60\/100\n|\n|-weather|none\n|upkeep\n|turn|10\n|\n|t:|1700538167\n|switch|p1a: Ninetales|Ninetales-Alola, F|100\/100\n|-weather|Snow|[from] ability: Snow Warning|[of] p1a: Ninetales\n|move|p2a: Supa Hot Fire|Outrage|p1a: Ninetales|[from]lockedmove\n|-immune|p1a: Ninetales\n|-start|p2a: Supa Hot Fire|confusion|[fatigue]\n|\n|-weather|Snow|[upkeep]\n|upkeep\n|turn|11\n|\n|t:|1700538171\n|-activate|p2a: Supa Hot Fire|confusion\n|move|p2a: Supa Hot Fire|Flare Blitz|p1a: Ninetales\n|-supereffective|p1a: Ninetales\n|-damage|p1a: Ninetales|0 fnt\n|faint|p1a: Ninetales\n|-damage|p2a: Supa Hot Fire|12\/100|[from] Recoil\n|\n|-weather|Snow|[upkeep]\n|upkeep\n|\n|t:|1700538177\n|switch|p1a: Raticate|Raticate, F|100\/100\n|turn|12\n|\n|t:|1700538183\n|move|p1a: Raticate|Sucker Punch|p2a: Supa Hot Fire\n|-damage|p2a: Supa Hot Fire|0 fnt\n|faint|p2a: Supa Hot Fire\n|\n|-weather|Snow|[upkeep]\n|-status|p1a: Raticate|brn|[from] item: Flame Orb\n|upkeep\n|\n|t:|1700538188\n|switch|p2a: Gary Oak|Gyarados, M, shiny|100\/100\n|-ability|p2a: Gary Oak|Intimidate|boost\n|-unboost|p1a: Raticate|atk|1\n|turn|13\n|\n|t:|1700538196\n|move|p1a: Raticate|Facade|p2a: Gary Oak\n|-damage|p2a: Gary Oak|32\/100\n|move|p2a: Gary Oak|Substitute|p2a: Gary Oak\n|-start|p2a: Gary Oak|Substitute\n|-damage|p2a: Gary Oak|7\/100\n|\n|-weather|Snow|[upkeep]\n|-heal|p2a: Gary Oak|13\/100|[from] item: Leftovers\n|-damage|p1a: Raticate|95\/100 brn|[from] brn\n|upkeep\n|turn|14\n|\n|t:|1700538208\n|move|p1a: Raticate|Facade|p2a: Gary Oak\n|-end|p2a: Gary Oak|Substitute\n|move|p2a: Gary Oak|Waterfall|p1a: Raticate\n|-damage|p1a: Raticate|8\/100 brn\n|\n|-weather|Snow|[upkeep]\n|-heal|p2a: Gary Oak|19\/100|[from] item: Leftovers\n|-damage|p1a: Raticate|2\/100 brn|[from] brn\n|upkeep\n|turn|15\n|\n|t:|1700538216\n|move|p1a: Raticate|Facade|p2a: Gary Oak\n|-damage|p2a: Gary Oak|0 fnt\n|faint|p2a: Gary Oak\n|\n|-weather|Snow|[upkeep]\n|-damage|p1a: Raticate|0 fnt|[from] brn\n|faint|p1a: Raticate\n|upkeep\n|\n|t:|1700538222\n|switch|p1a: Zamazenta|Zamazenta|72\/100\n|switch|p2a: Hingledee|Tapu Lele|100\/100\n|-fieldstart|move: Psychic Terrain|[from] ability: Psychic Surge|[of] p2a: Hingledee\n|turn|16\n|\n|t:|1700538228\n|-terastallize|p1a: Zamazenta|Steel\n|move|p2a: Hingledee|Psychic|p1a: Zamazenta\n|-resisted|p1a: Zamazenta\n|-damage|p1a: Zamazenta|45\/100\n|move|p1a: Zamazenta|Heavy Slam|p2a: Hingledee\n|-supereffective|p2a: Hingledee\n|-damage|p2a: Hingledee|0 fnt\n|faint|p2a: Hingledee\n|\n|-weather|Snow|[upkeep]\n|upkeep\n|\n|t:|1700538234\n|switch|p2a: Zappy McDaddy|Porygon-Z|100\/100\n|turn|17\n|\n|t:|1700538237\n|move|p1a: Zamazenta|Heavy Slam|p2a: Zappy McDaddy\n|-damage|p2a: Zappy McDaddy|0 fnt\n|faint|p2a: Zappy McDaddy\n|\n|win|batmanga\n|raw|batmanga's rating: 1607 &rarr; <strong>1630<\/strong><br \/>(+23 for winning)\n|raw|Prof. Morgenholz's rating: 1658 &rarr; <strong>1635<\/strong><br \/>(-23 for losing)\n|l|\u2606Prof. Morgenholz\n","uploadtime":1700538257,"views":1,"p1id":"batmanga","p2id":"profmorgenholz","formatid":"gen9nationaldex","rating":1630,"private":0,"password":""}