{"id":"gen9nationaldex-1996374815","p1":"feed store","p2":"kittenbus0","format":"[Gen 9] National Dex","log":"|html|<div class=\"broadcast-blue\"><strong>[Gen 9] National Dex is currently suspecting Sneasler! For information on how to participate check out the <a href=\"https:\/\/www.smogon.com\/forums\/threads\/sv-national-dex-suspect-8-just-dance.3731534\/\">suspect thread<\/a>.<\/strong><\/div>\n|j|\u2606feed store\n|j|\u2606kittenbus0\n|t:|1700675998\n|gametype|singles\n|player|p1|feed store|clay|1112\n|player|p2|kittenbus0|swimmer-gen4dp|1075\n|teamsize|p1|6\n|teamsize|p2|6\n|gen|9\n|tier|[Gen 9] National Dex\n|rated|\n|rule|HP Percentage Mod: HP is shown in percentages\n|rule|Endless Battle Clause: Forcing endless battles is banned\n|rule|OHKO Clause: OHKO moves are banned\n|rule|Evasion Clause: Evasion abilities, items, and moves are banned\n|rule|Evasion Abilities Clause: Evasion abilities are banned\n|rule|Evasion Items Clause: Evasion items are banned\n|rule|Evasion Moves Clause: Evasion moves are banned\n|rule|Species Clause: Limit one of each Pok\u00e9mon\n|rule|Sleep Clause Mod: Limit one foe put to sleep\n|clearpoke\n|poke|p1|Zoroark-Hisui, F|\n|poke|p1|Nidoking, M|\n|poke|p1|Sinistcha|\n|poke|p1|Cobalion|\n|poke|p1|Rapidash-Galar, F|\n|poke|p1|Krookodile, F|\n|poke|p2|Cloyster, M|\n|poke|p2|Slowking, F|\n|poke|p2|Heatran, M|\n|poke|p2|Latias, F|\n|poke|p2|Lopunny, F|\n|poke|p2|Chansey, F|\n|teampreview\n|j| less might be more\n|j| kung fu pokechu\n|\n|t:|1700676020\n|start\n|switch|p1a: Krokodil|Krookodile, F|100\/100\n|switch|p2a: Heatran|Heatran, M|100\/100\n|turn|1\n|j| Lonsol\n|\n|t:|1700676036\n|move|p2a: Heatran|Eruption|p1a: Krokodil\n|-damage|p1a: Krokodil|0 fnt\n|faint|p1a: Krokodil\n|\n|upkeep\n|\n|t:|1700676043\n|switch|p1a: Cobson|Cobalion|100\/100\n|turn|2\n|\n|t:|1700676047\n|move|p2a: Heatran|Eruption|p1a: Cobson\n|-enditem|p1a: Cobson|Focus Sash\n|-damage|p1a: Cobson|1\/100\n|replace|p1a: 7\ud83d\udd34Up|Zoroark-Hisui, F\n|-end|p1a: 7\ud83d\udd34Up|Illusion\n|move|p1a: 7\ud83d\udd34Up|Shadow Ball|p2a: Heatran\n|-damage|p2a: Heatran|59\/100\n|\n|upkeep\n|turn|3\n|\n|t:|1700676058\n|move|p2a: Heatran|Eruption|p1a: 7\ud83d\udd34Up\n|-damage|p1a: 7\ud83d\udd34Up|0 fnt\n|faint|p1a: 7\ud83d\udd34Up\n|\n|upkeep\n|\n|t:|1700676063\n|switch|p1a: Rapid Ash|Rapidash-Galar, F|100\/100\n|turn|4\n|\n|t:|1700676069\n|move|p2a: Heatran|Eruption|p1a: Rapid Ash\n|-damage|p1a: Rapid Ash|47\/100\n|move|p1a: Rapid Ash|Calm Mind|p1a: Rapid Ash\n|-boost|p1a: Rapid Ash|spa|1\n|-boost|p1a: Rapid Ash|spd|1\n|\n|upkeep\n|turn|5\n|\n|t:|1700676079\n|move|p2a: Heatran|Eruption|p1a: Rapid Ash\n|-damage|p1a: Rapid Ash|11\/100\n|move|p1a: Rapid Ash|Agility|p1a: Rapid Ash\n|-boost|p1a: Rapid Ash|spe|2\n|\n|upkeep\n|turn|6\n|\n|t:|1700676087\n|move|p1a: Rapid Ash|Stored Power|p2a: Heatran\n|-resisted|p2a: Heatran\n|-damage|p2a: Heatran|35\/100\n|move|p2a: Heatran|Eruption|p1a: Rapid Ash\n|-damage|p1a: Rapid Ash|0 fnt\n|faint|p1a: Rapid Ash\n|\n|upkeep\n|\n|t:|1700676095\n|switch|p1a: Need a King?|Nidoking, M|100\/100\n|turn|7\n|\n|t:|1700676104\n|switch|p2a: Cloyster|Cloyster, M|100\/100\n|move|p1a: Need a King?|Earth Power|p2a: Cloyster\n|-damage|p2a: Cloyster|0 fnt\n|faint|p2a: Cloyster\n|\n|upkeep\n|\n|t:|1700676119\n|switch|p2a: Latias|Latias, F|100\/100\n|turn|8\n|\n|t:|1700676132\n|detailschange|p2a: Latias|Latias-Mega, F\n|-mega|p2a: Latias|Latias|Latiasite\n|move|p2a: Latias|Calm Mind|p2a: Latias\n|-boost|p2a: Latias|spa|1\n|-boost|p2a: Latias|spd|1\n|move|p1a: Need a King?|Ice Beam|p2a: Latias\n|-supereffective|p2a: Latias\n|-crit|p2a: Latias\n|-damage|p2a: Latias|0 fnt\n|faint|p2a: Latias\n|\n|upkeep\n|\n|t:|1700676148\n|switch|p2a: Lopunny|Lopunny, F|100\/100\n|turn|9\n|\n|t:|1700676161\n|move|p2a: Lopunny|Hyper Voice|p1a: Need a King?\n|-damage|p1a: Need a King?|74\/100\n|move|p1a: Need a King?|Earth Power|p2a: Lopunny\n|-damage|p2a: Lopunny|22\/100\n|\n|upkeep\n|turn|10\n|\n|t:|1700676180\n|switch|p1a: shellphone|Sinistcha, shiny|100\/100\n|move|p2a: Lopunny|Drain Punch|p1a: shellphone\n|-immune|p1a: shellphone\n|\n|upkeep\n|turn|11\n|\n|t:|1700676192\n|switch|p2a: Heatran|Heatran, M|35\/100\n|move|p1a: shellphone|Matcha Gotcha|p2a: Heatran\n|-resisted|p2a: Heatran\n|-damage|p2a: Heatran|26\/100\n|\n|upkeep\n|turn|12\n|\n|t:|1700676205\n|-terastallize|p1a: shellphone|Poison\n|move|p2a: Heatran|Eruption|p1a: shellphone\n|-damage|p1a: shellphone|88\/100\n|move|p1a: shellphone|Calm Mind|p1a: shellphone\n|-boost|p1a: shellphone|spa|1\n|-boost|p1a: shellphone|spd|1\n|\n|-heal|p1a: shellphone|94\/100|[from] item: Leftovers\n|upkeep\n|turn|13\n|\n|t:|1700676217\n|switch|p2a: Slowking|Slowking, F|100\/100\n|move|p1a: shellphone|Calm Mind|p1a: shellphone\n|-boost|p1a: shellphone|spa|1\n|-boost|p1a: shellphone|spd|1\n|\n|-heal|p1a: shellphone|99\/100|[from] item: Leftovers\n|upkeep\n|turn|14\n|\n|t:|1700676233\n|move|p1a: shellphone|Matcha Gotcha|p2a: Slowking\n|-supereffective|p2a: Slowking\n|-damage|p2a: Slowking|0 fnt\n|-heal|p1a: shellphone|100\/100|[from] drain|[of] p2a: Slowking\n|faint|p2a: Slowking\n|\n|upkeep\n|-message|kittenbus0 forfeited.\n|\n|win|feed store\n|raw|feed store's rating: 1112 &rarr; <strong>1134<\/strong><br \/>(+22 for winning)\n|raw|kittenbus0's rating: 1075 &rarr; <strong>1056<\/strong><br \/>(-19 for losing)\n|l|\u2606kittenbus0\n","uploadtime":1700676242,"views":1,"p1id":"feedstore","p2id":"kittenbus0","formatid":"gen9nationaldex","rating":1056,"private":0,"password":""}