{"id":"gen9nationaldex-1999724512","p1":"TESTINGgimmicks1","p2":"wildflower13","format":"[Gen 9] National Dex","log":"|html|<div class=\"broadcast-blue\"><strong>[Gen 9] National Dex is currently suspecting Sneasler! For information on how to participate check out the <a href=\"https:\/\/www.smogon.com\/forums\/threads\/sv-national-dex-suspect-8-just-dance.3731534\/\">suspect thread<\/a>.<\/strong><\/div>\n|j|\u2606TESTINGgimmicks1\n|j|\u2606wildflower13\n|t:|1701111121\n|gametype|singles\n|player|p1|TESTINGgimmicks1|erika|1559\n|player|p2|wildflower13|wallace|1750\n|teamsize|p1|6\n|teamsize|p2|6\n|gen|9\n|tier|[Gen 9] National Dex\n|rated|\n|rule|HP Percentage Mod: HP is shown in percentages\n|rule|Endless Battle Clause: Forcing endless battles is banned\n|rule|OHKO Clause: OHKO moves are banned\n|rule|Evasion Clause: Evasion abilities, items, and moves are banned\n|rule|Evasion Abilities Clause: Evasion abilities are banned\n|rule|Evasion Items Clause: Evasion items are banned\n|rule|Evasion Moves Clause: Evasion moves are banned\n|rule|Species Clause: Limit one of each Pok\u00e9mon\n|rule|Sleep Clause Mod: Limit one foe put to sleep\n|clearpoke\n|poke|p1|Glimmora, F|\n|poke|p1|Ogerpon-Wellspring, F|\n|poke|p1|Ceruledge, F|\n|poke|p1|Scizor, F|\n|poke|p1|Iron Valiant|\n|poke|p1|Dragonite, M|\n|poke|p2|Iron Valiant|\n|poke|p2|Primarina, M|\n|poke|p2|Mawile, M|\n|poke|p2|Ferrothorn, M|\n|poke|p2|Latias, F|\n|poke|p2|Landorus-Therian, M|\n|teampreview\n|c|\u2606TESTINGgimmicks1|glhf\n|c|\u2606wildflower13|u2\n|inactive|Battle timer is ON: inactive players will automatically lose when time's up. (requested by wildflower13)\n|\n|t:|1701111145\n|start\n|switch|p1a: Glimmora|Glimmora, F|100\/100\n|switch|p2a: Latias|Latias, F|100\/100\n|turn|1\n|\n|t:|1701111151\n|move|p2a: Latias|Surf|p1a: Glimmora\n|-supereffective|p1a: Glimmora\n|-damage|p1a: Glimmora|26\/100\n|move|p1a: Glimmora|Stealth Rock|p2a: Latias\n|-sidestart|p2: wildflower13|move: Stealth Rock\n|\n|upkeep\n|turn|2\n|\n|t:|1701111158\n|switch|p1a: Ogerpon|Ogerpon-Wellspring, F|100\/100\n|move|p2a: Latias|Surf|p1a: Ogerpon\n|-immune|p1a: Ogerpon|[from] ability: Water Absorb\n|\n|upkeep\n|turn|3\n|\n|t:|1701111166\n|switch|p1a: Glimmora|Glimmora, F|26\/100\n|-zpower|p2a: Latias\n|move|p2a: Latias|Devastating Drake|p1a: Glimmora|[zeffect]\n|-damage|p1a: Glimmora|0 fnt\n|faint|p1a: Glimmora\n|\n|upkeep\n|\n|t:|1701111177\n|switch|p1a: Iron Valiant|Iron Valiant|100\/100\n|-enditem|p1a: Iron Valiant|Booster Energy\n|-activate|p1a: Iron Valiant|ability: Quark Drive|[fromitem]\n|-start|p1a: Iron Valiant|quarkdrivespe\n|turn|4\n|\n|t:|1701111182\n|switch|p2a: Ferrothorn|Ferrothorn, M|100\/100\n|-damage|p2a: Ferrothorn|94\/100|[from] Stealth Rock\n|move|p1a: Iron Valiant|Calm Mind|p1a: Iron Valiant\n|-boost|p1a: Iron Valiant|spa|1\n|-boost|p1a: Iron Valiant|spd|1\n|\n|-heal|p2a: Ferrothorn|100\/100|[from] item: Leftovers\n|upkeep\n|turn|5\n|\n|t:|1701111191\n|move|p1a: Iron Valiant|Calm Mind|p1a: Iron Valiant\n|-boost|p1a: Iron Valiant|spa|1\n|-boost|p1a: Iron Valiant|spd|1\n|move|p2a: Ferrothorn|Leech Seed|p1a: Iron Valiant\n|-start|p1a: Iron Valiant|move: Leech Seed\n|\n|-damage|p1a: Iron Valiant|88\/100|[from] Leech Seed|[of] p2a: Ferrothorn\n|upkeep\n|turn|6\n|\n|t:|1701111198\n|move|p1a: Iron Valiant|Encore|p2a: Ferrothorn\n|-start|p2a: Ferrothorn|Encore\n|move|p2a: Ferrothorn|Leech Seed||[still]\n|-fail|p2a: Ferrothorn\n|\n|-damage|p1a: Iron Valiant|76\/100|[from] Leech Seed|[of] p2a: Ferrothorn\n|upkeep\n|turn|7\n|\n|t:|1701111205\n|switch|p2a: Landorus|Landorus-Therian, M|100\/100\n|-damage|p2a: Landorus|88\/100|[from] Stealth Rock\n|-ability|p2a: Landorus|Intimidate|boost\n|-unboost|p1a: Iron Valiant|atk|1\n|move|p1a: Iron Valiant|Calm Mind|p1a: Iron Valiant\n|-boost|p1a: Iron Valiant|spa|1\n|-boost|p1a: Iron Valiant|spd|1\n|\n|-damage|p1a: Iron Valiant|63\/100|[from] Leech Seed|[of] p2a: Landorus\n|-heal|p2a: Landorus|98\/100|[silent]\n|upkeep\n|turn|8\n|\n|t:|1701111215\n|switch|p2a: Ferrothorn|Ferrothorn, M|100\/100\n|-damage|p2a: Ferrothorn|94\/100|[from] Stealth Rock\n|move|p1a: Iron Valiant|Moonblast|p2a: Ferrothorn\n|-resisted|p2a: Ferrothorn\n|-damage|p2a: Ferrothorn|55\/100\n|\n|-heal|p2a: Ferrothorn|62\/100|[from] item: Leftovers\n|-damage|p1a: Iron Valiant|51\/100|[from] Leech Seed|[of] p2a: Ferrothorn\n|-heal|p2a: Ferrothorn|72\/100|[silent]\n|upkeep\n|turn|9\n|\n|t:|1701111225\n|move|p1a: Iron Valiant|Shadow Ball|p2a: Ferrothorn\n|-damage|p2a: Ferrothorn|32\/100\n|move|p2a: Ferrothorn|Power Whip|p1a: Iron Valiant\n|-damage|p1a: Iron Valiant|1\/100\n|\n|-heal|p2a: Ferrothorn|38\/100|[from] item: Leftovers\n|-damage|p1a: Iron Valiant|0 fnt|[from] Leech Seed|[of] p2a: Ferrothorn\n|-heal|p2a: Ferrothorn|39\/100|[silent]\n|faint|p1a: Iron Valiant\n|-end|p1a: Iron Valiant|Quark Drive|[silent]\n|upkeep\n|\n|t:|1701111231\n|switch|p1a: Ceruledge|Ceruledge, F|100\/100\n|turn|10\n|\n|t:|1701111239\n|move|p1a: Ceruledge|Swords Dance|p1a: Ceruledge\n|-boost|p1a: Ceruledge|atk|2\n|move|p2a: Ferrothorn|Leech Seed|p1a: Ceruledge\n|-start|p1a: Ceruledge|move: Leech Seed\n|\n|-heal|p2a: Ferrothorn|45\/100|[from] item: Leftovers\n|-damage|p1a: Ceruledge|88\/100|[from] Leech Seed|[of] p2a: Ferrothorn\n|-heal|p2a: Ferrothorn|55\/100|[silent]\n|upkeep\n|turn|11\n|\n|t:|1701111249\n|move|p1a: Ceruledge|Bitter Blade|p2a: Ferrothorn\n|-supereffective|p2a: Ferrothorn\n|-damage|p2a: Ferrothorn|0 fnt\n|-heal|p1a: Ceruledge|100\/100|[from] drain|[of] p2a: Ferrothorn\n|-damage|p1a: Ceruledge|88\/100|[from] ability: Iron Barbs|[of] p2a: Ferrothorn\n|faint|p2a: Ferrothorn\n|\n|upkeep\n|\n|t:|1701111260\n|switch|p2a: Landorus|Landorus-Therian, M|98\/100\n|-damage|p2a: Landorus|85\/100|[from] Stealth Rock\n|-ability|p2a: Landorus|Intimidate|boost\n|-unboost|p1a: Ceruledge|atk|1\n|turn|12\n|\n|t:|1701111268\n|switch|p1a: Dragonite|Dragonite, M|100\/100\n|move|p2a: Landorus|Earthquake|p1a: Dragonite\n|-immune|p1a: Dragonite\n|\n|upkeep\n|turn|13\n|\n|t:|1701111273\n|move|p1a: Dragonite|Dragon Dance|p1a: Dragonite\n|-boost|p1a: Dragonite|atk|1\n|-boost|p1a: Dragonite|spe|1\n|move|p2a: Landorus|Toxic|p1a: Dragonite\n|-status|p1a: Dragonite|tox\n|\n|-damage|p1a: Dragonite|94\/100 tox|[from] psn\n|upkeep\n|turn|14\n|\n|t:|1701111281\n|switch|p2a: Mawile|Mawile, M|100\/100\n|-damage|p2a: Mawile|95\/100|[from] Stealth Rock\n|-ability|p2a: Mawile|Intimidate|boost\n|-unboost|p1a: Dragonite|atk|1\n|-zpower|p1a: Dragonite\n|move|p1a: Dragonite|Devastating Drake|p2a: Mawile|[zeffect]\n|-immune|p2a: Mawile\n|\n|-damage|p1a: Dragonite|82\/100 tox|[from] psn\n|upkeep\n|turn|15\n|\n|t:|1701111293\n|switch|p2a: Landorus|Landorus-Therian, M|85\/100\n|-damage|p2a: Landorus|73\/100|[from] Stealth Rock\n|-ability|p2a: Landorus|Intimidate|boost\n|-unboost|p1a: Dragonite|atk|1\n|move|p1a: Dragonite|Earthquake|p2a: Landorus\n|-immune|p2a: Landorus\n|\n|-damage|p1a: Dragonite|63\/100 tox|[from] psn\n|upkeep\n|turn|16\n|\n|t:|1701111303\n|move|p1a: Dragonite|Dragon Dance|p1a: Dragonite\n|-boost|p1a: Dragonite|atk|1\n|-boost|p1a: Dragonite|spe|1\n|move|p2a: Landorus|Defog|p1a: Dragonite\n|-unboost|p1a: Dragonite|evasion|1\n|-sideend|p2: wildflower13|Stealth Rock|[from] move: Defog|[of] p2a: Landorus\n|\n|-damage|p1a: Dragonite|39\/100 tox|[from] psn\n|upkeep\n|turn|17\n|\n|t:|1701111311\n|move|p1a: Dragonite|Earthquake|p2a: Landorus\n|-immune|p2a: Landorus\n|move|p2a: Landorus|U-turn|p1a: Dragonite\n|-resisted|p1a: Dragonite\n|-damage|p1a: Dragonite|27\/100 tox\n|\n|t:|1701111317\n|switch|p2a: Mawile|Mawile, M|95\/100|[from] U-turn\n|-ability|p2a: Mawile|Intimidate|boost\n|-unboost|p1a: Dragonite|atk|1\n|\n|-damage|p1a: Dragonite|0 fnt|[from] psn\n|faint|p1a: Dragonite\n|upkeep\n|\n|t:|1701111326\n|switch|p1a: Ceruledge|Ceruledge, F|88\/100\n|turn|18\n|\n|t:|1701111329\n|switch|p2a: Landorus|Landorus-Therian, M|73\/100\n|-ability|p2a: Landorus|Intimidate|boost\n|-unboost|p1a: Ceruledge|atk|1\n|move|p1a: Ceruledge|Bitter Blade|p2a: Landorus\n|-damage|p2a: Landorus|48\/100\n|-heal|p1a: Ceruledge|100\/100|[from] drain|[of] p2a: Landorus\n|-damage|p1a: Ceruledge|84\/100|[from] item: Rocky Helmet|[of] p2a: Landorus\n|\n|upkeep\n|turn|19\n|\n|t:|1701111341\n|move|p1a: Ceruledge|Poltergeist|p2a: Landorus\n|-activate|p2a: Landorus|move: Poltergeist|Rocky Helmet\n|-damage|p2a: Landorus|18\/100\n|move|p2a: Landorus|U-turn|p1a: Ceruledge\n|-resisted|p1a: Ceruledge\n|-damage|p1a: Ceruledge|76\/100\n|-ability|p1a: Ceruledge|Weak Armor|boost\n|-unboost|p1a: Ceruledge|def|1\n|-boost|p1a: Ceruledge|spe|2\n|\n|t:|1701111351\n|switch|p2a: Mawile|Mawile, M|95\/100|[from] U-turn\n|-ability|p2a: Mawile|Intimidate|boost\n|-unboost|p1a: Ceruledge|atk|1\n|\n|upkeep\n|turn|20\n|\n|t:|1701111358\n|detailschange|p2a: Mawile|Mawile-Mega, M\n|-mega|p2a: Mawile|Mawile|Mawilite\n|move|p2a: Mawile|Sucker Punch|p1a: Ceruledge\n|-supereffective|p1a: Ceruledge\n|-damage|p1a: Ceruledge|0 fnt\n|faint|p1a: Ceruledge\n|\n|upkeep\n|\n|t:|1701111362\n|switch|p1a: Scizor|Scizor, F|100\/100\n|turn|21\n|\n|t:|1701111366\n|detailschange|p1a: Scizor|Scizor-Mega, F\n|-mega|p1a: Scizor|Scizor|Scizorite\n|move|p1a: Scizor|Swords Dance|p1a: Scizor\n|-boost|p1a: Scizor|atk|2\n|move|p2a: Mawile|Fire Fang|p1a: Scizor\n|-supereffective|p1a: Scizor\n|-damage|p1a: Scizor|0 fnt\n|faint|p1a: Scizor\n|\n|upkeep\n|\n|t:|1701111371\n|switch|p1a: Ogerpon|Ogerpon-Wellspring, F|100\/100\n|turn|22\n|\n|t:|1701111376\n|-terastallize|p1a: Ogerpon|Water\n|detailschange|p1a: Ogerpon|Ogerpon-Wellspring-Tera, F, tera:Water\n|-ability|p1a: Ogerpon|Embody Aspect (Wellspring)|boost\n|-boost|p1a: Ogerpon|spd|1\n|move|p1a: Ogerpon|Ivy Cudgel|p2a: Mawile|[anim] Ivy Cudgel Water\n|-damage|p2a: Mawile|17\/100\n|move|p2a: Mawile|Thunder Punch|p1a: Ogerpon\n|-supereffective|p1a: Ogerpon\n|-damage|p1a: Ogerpon|0 fnt\n|faint|p1a: Ogerpon\n|\n|win|wildflower13\n|raw|TESTINGgimmicks1's rating: 1559 &rarr; <strong>1549<\/strong><br \/>(-10 for losing)\n|raw|wildflower13's rating: 1750 &rarr; <strong>1760<\/strong><br \/>(+10 for winning)\n","uploadtime":1701111390,"views":11,"p1id":"testinggimmicks1","p2id":"wildflower13","formatid":"gen9nationaldex","rating":1549,"private":0,"password":""}