{"id":"gen9nationaldex-1988015129","p1":"PressStartpl","p2":"Jamescz","format":"[Gen 9] National Dex","log":"|j|\u2606PressStartpl\n|j|\u2606Jamescz\n|t:|1699659356\n|gametype|singles\n|player|p1|PressStartpl|drayden|1178\n|player|p2|Jamescz|2|1090\n|teamsize|p1|6\n|teamsize|p2|6\n|gen|9\n|tier|[Gen 9] National Dex\n|rated|\n|rule|HP Percentage Mod: HP is shown in percentages\n|rule|Endless Battle Clause: Forcing endless battles is banned\n|rule|OHKO Clause: OHKO moves are banned\n|rule|Evasion Clause: Evasion abilities, items, and moves are banned\n|rule|Evasion Abilities Clause: Evasion abilities are banned\n|rule|Evasion Items Clause: Evasion items are banned\n|rule|Evasion Moves Clause: Evasion moves are banned\n|rule|Species Clause: Limit one of each Pok\u00e9mon\n|rule|Sleep Clause Mod: Limit one foe put to sleep\n|clearpoke\n|poke|p1|Serperior, F|\n|poke|p1|Seviper, F|\n|poke|p1|Arbok, M|\n|poke|p1|Gyarados, M|\n|poke|p1|Steelix, F|\n|poke|p1|Hatterene, F|\n|poke|p2|Decidueye, F|\n|poke|p2|Incineroar, M|\n|poke|p2|Primarina, F|\n|poke|p2|Cinderace, M|\n|poke|p2|Inteleon, M|\n|poke|p2|Rillaboom, F|\n|teampreview\n|\n|t:|1699659367\n|start\n|switch|p1a: Snake Woman!!!!!|Hatterene, F|100\/100\n|switch|p2a: Cinderace|Cinderace, M|100\/100\n|turn|1\n|\n|t:|1699659379\n|move|p2a: Cinderace|U-turn|p1a: Snake Woman!!!!!\n|-start|p2a: Cinderace|typechange|Bug|[from] ability: Libero\n|-damage|p1a: Snake Woman!!!!!|50\/100\n|\n|t:|1699659384\n|switch|p2a: Decidueye|Decidueye, F|100\/100|[from] U-turn\n|move|p1a: Snake Woman!!!!!|Trick|p2a: Decidueye\n|-activate|p1a: Snake Woman!!!!!|move: Trick|[of] p2a: Decidueye\n|-item|p2a: Decidueye|Choice Scarf|[from] move: Trick\n|-item|p1a: Snake Woman!!!!!|Assault Vest|[from] move: Trick\n|\n|upkeep\n|turn|2\n|\n|t:|1699659394\n|move|p2a: Decidueye|Spirit Shackle|p1a: Snake Woman!!!!!\n|-supereffective|p1a: Snake Woman!!!!!\n|-damage|p1a: Snake Woman!!!!!|0 fnt\n|faint|p1a: Snake Woman!!!!!\n|\n|upkeep\n|\n|t:|1699659404\n|switch|p1a: Sea Serpent|Gyarados, M, shiny|100\/100\n|turn|3\n|\n|t:|1699659430\n|switch|p2a: Incineroar|Incineroar, M|100\/100\n|move|p1a: Sea Serpent|Dragon Dance|p1a: Sea Serpent\n|-boost|p1a: Sea Serpent|atk|1\n|-boost|p1a: Sea Serpent|spe|1\n|\n|upkeep\n|turn|4\n|\n|t:|1699659437\n|move|p1a: Sea Serpent|Waterfall|p2a: Incineroar\n|-supereffective|p2a: Incineroar\n|-damage|p2a: Incineroar|0 fnt\n|faint|p2a: Incineroar\n|-ability|p1a: Sea Serpent|Moxie|boost\n|-boost|p1a: Sea Serpent|atk|1\n|\n|upkeep\n|\n|t:|1699659451\n|switch|p2a: Decidueye|Decidueye, F|100\/100\n|turn|5\n|\n|t:|1699659458\n|-terastallize|p1a: Sea Serpent|Dark\n|move|p1a: Sea Serpent|Crunch|p2a: Decidueye\n|-supereffective|p2a: Decidueye\n|-damage|p2a: Decidueye|0 fnt\n|faint|p2a: Decidueye\n|-ability|p1a: Sea Serpent|Moxie|boost\n|-boost|p1a: Sea Serpent|atk|1\n|\n|upkeep\n|\n|t:|1699659470\n|switch|p2a: Primarina|Primarina, F|100\/100\n|turn|6\n|\n|t:|1699659485\n|move|p1a: Sea Serpent|Waterfall|p2a: Primarina\n|-resisted|p2a: Primarina\n|-damage|p2a: Primarina|18\/100\n|move|p2a: Primarina|Moonblast|p1a: Sea Serpent\n|-supereffective|p1a: Sea Serpent\n|-enditem|p1a: Sea Serpent|Focus Sash\n|-damage|p1a: Sea Serpent|1\/100\n|\n|upkeep\n|turn|7\n|\n|t:|1699659495\n|move|p1a: Sea Serpent|Waterfall|p2a: Primarina\n|-resisted|p2a: Primarina\n|-damage|p2a: Primarina|0 fnt\n|faint|p2a: Primarina\n|-ability|p1a: Sea Serpent|Moxie|boost\n|-boost|p1a: Sea Serpent|atk|1\n|\n|upkeep\n|c|\u2606Jamescz|bye gary\n|\n|t:|1699659503\n|switch|p2a: Inteleon|Inteleon, M|100\/100\n|turn|8\n|\n|t:|1699659507\n|move|p2a: Inteleon|Ice Shard|p1a: Sea Serpent\n|-damage|p1a: Sea Serpent|0 fnt\n|faint|p1a: Sea Serpent\n|\n|upkeep\n|\n|t:|1699659513\n|switch|p1a: GARDEN Snake!!!|Serperior, F, shiny|100\/100\n|turn|9\n|\n|t:|1699659522\n|move|p1a: GARDEN Snake!!!|Leaf Storm|p2a: Inteleon\n|-supereffective|p2a: Inteleon\n|-damage|p2a: Inteleon|0 fnt\n|-boost|p1a: GARDEN Snake!!!|spa|2\n|faint|p2a: Inteleon\n|\n|upkeep\n|\n|t:|1699659528\n|switch|p2a: Cinderace|Cinderace, M|100\/100\n|turn|10\n|\n|t:|1699659534\n|-terastallize|p2a: Cinderace|Fire\n|move|p1a: GARDEN Snake!!!|Giga Drain|p2a: Cinderace\n|-resisted|p2a: Cinderace\n|-damage|p2a: Cinderace|59\/100\n|move|p2a: Cinderace|Pyro Ball|p1a: GARDEN Snake!!!\n|-supereffective|p1a: GARDEN Snake!!!\n|-damage|p1a: GARDEN Snake!!!|0 fnt\n|faint|p1a: GARDEN Snake!!!\n|\n|upkeep\n|\n|t:|1699659547\n|switch|p1a: Snake!!! >:)|Steelix, F, shiny|100\/100\n|turn|11\n|\n|t:|1699659552\n|detailschange|p1a: Snake!!! >:)|Steelix-Mega, F, shiny\n|-mega|p1a: Snake!!! >:)|Steelix|Steelixite\n|move|p2a: Cinderace|Pyro Ball|p1a: Snake!!! >:)\n|-supereffective|p1a: Snake!!! >:)\n|-damage|p1a: Snake!!! >:)|0 fnt\n|faint|p1a: Snake!!! >:)\n|\n|upkeep\n|\n|t:|1699659561\n|switch|p1a: RAINBOW Snake!!!|Seviper, F, shiny|100\/100\n|turn|12\n|\n|t:|1699659565\n|move|p2a: Cinderace|Pyro Ball|p1a: RAINBOW Snake!!!\n|-enditem|p1a: RAINBOW Snake!!!|Focus Sash\n|-damage|p1a: RAINBOW Snake!!!|1\/100\n|move|p1a: RAINBOW Snake!!!|Swords Dance|p1a: RAINBOW Snake!!!\n|-boost|p1a: RAINBOW Snake!!!|atk|2\n|\n|upkeep\n|turn|13\n|c|\u2606PressStartpl|My Snnnaaaakkkkee\n|c|\u2606Jamescz|yes\n|\n|t:|1699659587\n|switch|p2a: Rillaboom|Rillaboom, F|100\/100\n|move|p1a: RAINBOW Snake!!!|Sucker Punch||[still]\n|-fail|p1a: RAINBOW Snake!!!\n|\n|upkeep\n|turn|14\n|c|\u2606Jamescz|jebaited\n|\n|t:|1699659608\n|move|p1a: RAINBOW Snake!!!|Sucker Punch|p2a: Rillaboom\n|-damage|p2a: Rillaboom|55\/100\n|move|p2a: Rillaboom|Earthquake|p1a: RAINBOW Snake!!!\n|-supereffective|p1a: RAINBOW Snake!!!\n|-damage|p1a: RAINBOW Snake!!!|0 fnt\n|faint|p1a: RAINBOW Snake!!!\n|\n|upkeep\n|\n|t:|1699659612\n|switch|p1a: GOLD Snake!!!|Arbok, M, shiny|100\/100\n|-ability|p1a: GOLD Snake!!!|Intimidate|boost\n|-unboost|p2a: Rillaboom|atk|1\n|-item|p1a: GOLD Snake!!!|Air Balloon\n|turn|15\n|\n|t:|1699659619\n|move|p1a: GOLD Snake!!!|Poison Jab|p2a: Rillaboom\n|-supereffective|p2a: Rillaboom\n|-damage|p2a: Rillaboom|0 fnt\n|faint|p2a: Rillaboom\n|\n|upkeep\n|\n|t:|1699659624\n|switch|p2a: Cinderace|Cinderace, M, tera:Fire|59\/100\n|turn|16\n|\n|t:|1699659632\n|move|p2a: Cinderace|Pyro Ball|p1a: GOLD Snake!!!\n|-damage|p1a: GOLD Snake!!!|0 fnt\n|-enditem|p1a: GOLD Snake!!!|Air Balloon\n|faint|p1a: GOLD Snake!!!\n|\n|win|Jamescz\n|raw|PressStartpl's rating: 1178 &rarr; <strong>1147<\/strong><br \/>(-31 for losing)\n|raw|Jamescz's rating: 1090 &rarr; <strong>1123<\/strong><br \/>(+33 for winning)\n|c|\u2606Jamescz|gg\n|c|\u2606PressStartpl|Gg\n","uploadtime":1699659644,"views":8,"p1id":"pressstartpl","p2id":"jamescz","formatid":"gen9nationaldex","rating":1123,"private":0,"password":""}