{"id":"gen9nationaldex-1997389105","p1":"Dustfan2","p2":"FlyingSudowoodo","format":"[Gen 9] National Dex","log":"|html|<div class=\"broadcast-blue\"><strong>[Gen 9] National Dex is currently suspecting Sneasler! For information on how to participate check out the <a href=\"https:\/\/www.smogon.com\/forums\/threads\/sv-national-dex-suspect-8-just-dance.3731534\/\">suspect thread<\/a>.<\/strong><\/div>\n|j|\u2606Dustfan2\n|j|\u2606FlyingSudowoodo\n|t:|1700797785\n|gametype|singles\n|player|p1|Dustfan2|ethan|1196\n|player|p2|FlyingSudowoodo|brock|1251\n|teamsize|p1|6\n|teamsize|p2|6\n|gen|9\n|tier|[Gen 9] National Dex\n|rated|\n|rule|HP Percentage Mod: HP is shown in percentages\n|rule|Endless Battle Clause: Forcing endless battles is banned\n|rule|OHKO Clause: OHKO moves are banned\n|rule|Evasion Clause: Evasion abilities, items, and moves are banned\n|rule|Evasion Abilities Clause: Evasion abilities are banned\n|rule|Evasion Items Clause: Evasion items are banned\n|rule|Evasion Moves Clause: Evasion moves are banned\n|rule|Species Clause: Limit one of each Pok\u00e9mon\n|rule|Sleep Clause Mod: Limit one foe put to sleep\n|clearpoke\n|poke|p1|Sneasler, M|\n|poke|p1|Landorus-Therian, M|\n|poke|p1|Wyrdeer, M|\n|poke|p1|Samurott-Hisui, F|\n|poke|p1|Ninetales-Alola, F|\n|poke|p1|Gardevoir, M|\n|poke|p2|Ribombee, M|\n|poke|p2|Glimmora, F|\n|poke|p2|Great Tusk|\n|poke|p2|Enamorus, F|\n|poke|p2|Samurott-Hisui, M|\n|poke|p2|Iron Moth|\n|teampreview\n|\n|t:|1700797800\n|start\n|switch|p1a: Samurott|Samurott-Hisui, F|100\/100\n|switch|p2a: Glimmora|Glimmora, F|100\/100\n|-item|p2a: Glimmora|Air Balloon\n|turn|1\n|inactive|Battle timer is ON: inactive players will automatically lose when time's up. (requested by FlyingSudowoodo)\n|\n|t:|1700797809\n|move|p2a: Glimmora|Mortal Spin|p1a: Samurott\n|-damage|p1a: Samurott|92\/100\n|-status|p1a: Samurott|psn\n|move|p1a: Samurott|Ceaseless Edge|p2a: Glimmora\n|-damage|p2a: Glimmora|15\/100\n|-activate|p2a: Glimmora|ability: Toxic Debris\n|-sidestart|p1: Dustfan2|move: Toxic Spikes\n|-enditem|p2a: Glimmora|Air Balloon\n|-sidestart|p2: FlyingSudowoodo|Spikes\n|\n|-damage|p1a: Samurott|80\/100 psn|[from] psn\n|upkeep\n|turn|2\n|\n|t:|1700797825\n|move|p2a: Glimmora|Stealth Rock|p1a: Samurott\n|-sidestart|p1: Dustfan2|move: Stealth Rock\n|move|p1a: Samurott|Ceaseless Edge|p2a: Glimmora|[miss]\n|-miss|p1a: Samurott|p2a: Glimmora\n|\n|-damage|p1a: Samurott|67\/100 psn|[from] psn\n|upkeep\n|turn|3\n|\n|t:|1700797835\n|move|p2a: Glimmora|Power Gem|p1a: Samurott\n|-damage|p1a: Samurott|6\/100 psn\n|move|p1a: Samurott|Ceaseless Edge|p2a: Glimmora\n|-damage|p2a: Glimmora|0 fnt\n|-activate|p2a: Glimmora|ability: Toxic Debris\n|-sidestart|p1: Dustfan2|move: Toxic Spikes\n|-sidestart|p2: FlyingSudowoodo|Spikes\n|faint|p2a: Glimmora\n|\n|-damage|p1a: Samurott|0 fnt|[from] psn\n|faint|p1a: Samurott\n|upkeep\n|\n|t:|1700797846\n|switch|p2a: Ribombee|Ribombee, M|100\/100\n|switch|p1a: Sneasler|Sneasler, M|100\/100\n|-damage|p2a: Ribombee|84\/100|[from] Spikes\n|-sideend|p1: Dustfan2|move: Toxic Spikes|[of] p1a: Sneasler\n|-damage|p1a: Sneasler|95\/100|[from] Stealth Rock\n|turn|4\n|\n|t:|1700797857\n|move|p1a: Sneasler|Fake Out|p2a: Ribombee\n|-damage|p2a: Ribombee|45\/100\n|-damage|p1a: Sneasler|85\/100|[from] item: Life Orb\n|move|p2a: Ribombee|Tailwind|p2a: Ribombee\n|-sidestart|p2: FlyingSudowoodo|move: Tailwind\n|\n|upkeep\n|turn|5\n|\n|t:|1700797865\n|move|p2a: Ribombee|Sticky Web|p1a: Sneasler\n|-sidestart|p1: Dustfan2|move: Sticky Web\n|move|p1a: Sneasler|Dire Claw|p2a: Ribombee\n|-supereffective|p2a: Ribombee\n|-damage|p2a: Ribombee|0 fnt\n|faint|p2a: Ribombee\n|-damage|p1a: Sneasler|75\/100|[from] item: Life Orb\n|\n|upkeep\n|\n|t:|1700797879\n|switch|p2a: Iron Moth|Iron Moth|100\/100\n|-damage|p2a: Iron Moth|84\/100|[from] Spikes\n|-enditem|p2a: Iron Moth|Booster Energy\n|-activate|p2a: Iron Moth|ability: Quark Drive|[fromitem]\n|-start|p2a: Iron Moth|quarkdrivespe\n|turn|6\n|\n|t:|1700797895\n|move|p2a: Iron Moth|Psychic|p1a: Sneasler\n|-supereffective|p1a: Sneasler\n|-damage|p1a: Sneasler|0 fnt\n|faint|p1a: Sneasler\n|\n|upkeep\n|\n|t:|1700797898\n|switch|p1a: Landorus|Landorus-Therian, M|100\/100\n|-damage|p1a: Landorus|88\/100|[from] Stealth Rock\n|-ability|p1a: Landorus|Intimidate|boost\n|-unboost|p2a: Iron Moth|atk|1\n|turn|7\n|\n|t:|1700797905\n|-terastallize|p2a: Iron Moth|Grass\n|-terastallize|p1a: Landorus|Ground\n|move|p2a: Iron Moth|Fire Blast|p1a: Landorus\n|-damage|p1a: Landorus|33\/100\n|move|p1a: Landorus|Earthquake|p2a: Iron Moth\n|-resisted|p2a: Iron Moth\n|-damage|p2a: Iron Moth|36\/100\n|\n|-heal|p1a: Landorus|39\/100|[from] item: Leftovers\n|-sideend|p2: FlyingSudowoodo|move: Tailwind\n|upkeep\n|turn|8\n|\n|t:|1700797915\n|move|p2a: Iron Moth|Energy Ball|p1a: Landorus\n|-supereffective|p1a: Landorus\n|-damage|p1a: Landorus|0 fnt\n|faint|p1a: Landorus\n|\n|upkeep\n|\n|t:|1700797923\n|switch|p1a: Wyrdeer|Wyrdeer, M|100\/100\n|-damage|p1a: Wyrdeer|88\/100|[from] Stealth Rock\n|-activate|p1a: Wyrdeer|move: Sticky Web\n|-unboost|p1a: Wyrdeer|spe|1\n|-ability|p1a: Wyrdeer|Intimidate|boost\n|-unboost|p2a: Iron Moth|atk|1\n|turn|9\n|\n|t:|1700797931\n|move|p1a: Wyrdeer|Sucker Punch|p2a: Iron Moth\n|-damage|p2a: Iron Moth|6\/100\n|move|p2a: Iron Moth|Fire Blast|p1a: Wyrdeer\n|-damage|p1a: Wyrdeer|33\/100\n|\n|upkeep\n|turn|10\n|\n|t:|1700797938\n|-end|p2a: Iron Moth|Quark Drive|[silent]\n|switch|p2a: Great Tusk|Great Tusk|100\/100\n|-damage|p2a: Great Tusk|84\/100|[from] Spikes\n|move|p1a: Wyrdeer|Body Slam|p2a: Great Tusk\n|-enditem|p1a: Wyrdeer|Normal Gem|[from] gem\n|-damage|p2a: Great Tusk|53\/100\n|\n|-heal|p2a: Great Tusk|59\/100|[from] item: Leftovers\n|upkeep\n|turn|11\n|\n|t:|1700797947\n|move|p2a: Great Tusk|Rapid Spin|p1a: Wyrdeer\n|-damage|p1a: Wyrdeer|17\/100\n|-boost|p2a: Great Tusk|spe|1\n|-sideend|p2: FlyingSudowoodo|Spikes|[from] move: Rapid Spin|[of] p2a: Great Tusk\n|move|p1a: Wyrdeer|Psyshield Bash|p2a: Great Tusk\n|-supereffective|p2a: Great Tusk\n|-damage|p2a: Great Tusk|22\/100\n|-boost|p1a: Wyrdeer|def|1\n|\n|-heal|p2a: Great Tusk|28\/100|[from] item: Leftovers\n|upkeep\n|turn|12\n|inactive|FlyingSudowoodo has 120 seconds left.\n|\n|t:|1700797978\n|move|p2a: Great Tusk|Rapid Spin|p1a: Wyrdeer\n|-damage|p1a: Wyrdeer|6\/100\n|-boost|p2a: Great Tusk|spe|1\n|move|p1a: Wyrdeer|Megahorn|p2a: Great Tusk\n|-resisted|p2a: Great Tusk\n|-damage|p2a: Great Tusk|18\/100\n|\n|-heal|p2a: Great Tusk|24\/100|[from] item: Leftovers\n|upkeep\n|turn|13\n|\n|t:|1700797987\n|move|p2a: Great Tusk|Rapid Spin|p1a: Wyrdeer\n|-damage|p1a: Wyrdeer|0 fnt\n|-boost|p2a: Great Tusk|spe|1\n|faint|p1a: Wyrdeer\n|\n|-heal|p2a: Great Tusk|30\/100|[from] item: Leftovers\n|upkeep\n|\n|t:|1700797989\n|switch|p1a: Ninetales|Ninetales-Alola, F|100\/100\n|-damage|p1a: Ninetales|76\/100|[from] Stealth Rock\n|-activate|p1a: Ninetales|move: Sticky Web\n|-unboost|p1a: Ninetales|spe|1\n|-weather|Snow|[from] ability: Snow Warning|[of] p1a: Ninetales\n|turn|14\n|\n|t:|1700797999\n|move|p2a: Great Tusk|Headlong Rush|p1a: Ninetales\n|-damage|p1a: Ninetales|21\/100\n|-unboost|p2a: Great Tusk|def|1\n|-unboost|p2a: Great Tusk|spd|1\n|move|p1a: Ninetales|Aurora Veil|p1a: Ninetales\n|-sidestart|p1: Dustfan2|move: Aurora Veil\n|\n|-weather|Snow|[upkeep]\n|-heal|p2a: Great Tusk|36\/100|[from] item: Leftovers\n|upkeep\n|turn|15\n|\n|t:|1700798006\n|move|p2a: Great Tusk|Headlong Rush|p1a: Ninetales\n|-damage|p1a: Ninetales|0 fnt\n|-unboost|p2a: Great Tusk|def|1\n|-unboost|p2a: Great Tusk|spd|1\n|faint|p1a: Ninetales\n|\n|-weather|Snow|[upkeep]\n|-heal|p2a: Great Tusk|42\/100|[from] item: Leftovers\n|upkeep\n|\n|t:|1700798009\n|switch|p1a: Gardevoir|Gardevoir, M|100\/100\n|-damage|p1a: Gardevoir|88\/100|[from] Stealth Rock\n|-activate|p1a: Gardevoir|move: Sticky Web\n|-unboost|p1a: Gardevoir|spe|1\n|turn|16\n|\n|t:|1700798022\n|detailschange|p1a: Gardevoir|Gardevoir-Mega, M\n|-mega|p1a: Gardevoir|Gardevoir|Gardevoirite\n|move|p2a: Great Tusk|Headlong Rush|p1a: Gardevoir\n|-damage|p1a: Gardevoir|42\/100\n|-unboost|p2a: Great Tusk|def|1\n|-unboost|p2a: Great Tusk|spd|1\n|move|p1a: Gardevoir|Hyper Voice|p2a: Great Tusk\n|-supereffective|p2a: Great Tusk\n|-damage|p2a: Great Tusk|0 fnt\n|faint|p2a: Great Tusk\n|-end|p2a: Great Tusk|Protosynthesis|[silent]\n|\n|-weather|Snow|[upkeep]\n|upkeep\n|\n|t:|1700798034\n|switch|p2a: Iron Moth|Iron Moth, tera:Grass|6\/100\n|turn|17\n|\n|t:|1700798037\n|move|p2a: Iron Moth|Sludge Wave|p1a: Gardevoir\n|-supereffective|p1a: Gardevoir\n|-damage|p1a: Gardevoir|0 fnt\n|faint|p1a: Gardevoir\n|\n|win|FlyingSudowoodo\n|raw|Dustfan2's rating: 1196 &rarr; <strong>1175<\/strong><br \/>(-21 for losing)\n|raw|FlyingSudowoodo's rating: 1251 &rarr; <strong>1272<\/strong><br \/>(+21 for winning)\n|l|\u2606Dustfan2\n","uploadtime":1700798044,"views":15,"p1id":"dustfan2","p2id":"flyingsudowoodo","formatid":"gen9nationaldex","rating":1175,"private":0,"password":""}