{"id":"gen9nationaldex-1997639129","p1":"TPD JOHTO","p2":"TAPUFINIOOOOOO","format":"[Gen 9] National Dex","log":"|html|<div class=\"broadcast-blue\"><strong>[Gen 9] National Dex is currently suspecting Sneasler! For information on how to participate check out the <a href=\"https:\/\/www.smogon.com\/forums\/threads\/sv-national-dex-suspect-8-just-dance.3731534\/\">suspect thread<\/a>.<\/strong><\/div>\n|j|\u2606TPD JOHTO\n|j|\u2606TAPUFINIOOOOOO\n|t:|1700836220\n|gametype|singles\n|player|p1|TPD JOHTO|drayden|1544\n|player|p2|TAPUFINIOOOOOO|2|1468\n|teamsize|p1|6\n|teamsize|p2|6\n|gen|9\n|tier|[Gen 9] National Dex\n|rated|\n|rule|HP Percentage Mod: HP is shown in percentages\n|rule|Endless Battle Clause: Forcing endless battles is banned\n|rule|OHKO Clause: OHKO moves are banned\n|rule|Evasion Clause: Evasion abilities, items, and moves are banned\n|rule|Evasion Abilities Clause: Evasion abilities are banned\n|rule|Evasion Items Clause: Evasion items are banned\n|rule|Evasion Moves Clause: Evasion moves are banned\n|rule|Species Clause: Limit one of each Pok\u00e9mon\n|rule|Sleep Clause Mod: Limit one foe put to sleep\n|clearpoke\n|poke|p1|Raikou|\n|poke|p1|Suicune|\n|poke|p1|Entei|\n|poke|p1|Tyranitar, M|\n|poke|p1|Celebi|\n|poke|p1|Skarmory, F|\n|poke|p2|Rillaboom, M|\n|poke|p2|Heatran, F|\n|poke|p2|Urshifu-*, F|\n|poke|p2|Slowking-Galar, M|\n|poke|p2|Thundurus-Therian, M|\n|poke|p2|Weezing-Galar, M|\n|teampreview\n|inactive|Battle timer is ON: inactive players will automatically lose when time's up. (requested by TAPUFINIOOOOOO)\n|inactive|TPD JOHTO has 120 seconds left.\n|\n|t:|1700836265\n|start\n|switch|p1a: Rock|Tyranitar, M, shiny|100\/100\n|switch|p2a: Urshifu|Urshifu-Rapid-Strike, F|100\/100\n|-weather|Sandstorm|[from] ability: Sand Stream|[of] p1a: Rock\n|turn|1\n|inactive|TAPUFINIOOOOOO has 120 seconds left.\n|\n|t:|1700836298\n|switch|p1a: Scissors|Skarmory, F, shiny|100\/100\n|move|p2a: Urshifu|U-turn|p1a: Scissors\n|-resisted|p1a: Scissors\n|-damage|p1a: Scissors|95\/100\n|-damage|p2a: Urshifu|84\/100|[from] item: Rocky Helmet|[of] p1a: Scissors\n|inactive|TAPUFINIOOOOOO has 120 seconds left.\n|\n|t:|1700836306\n|switch|p2a: Heatran|Heatran, F|100\/100|[from] U-turn\n|\n|-weather|Sandstorm|[upkeep]\n|upkeep\n|turn|2\n|\n|t:|1700836312\n|switch|p1a: Moose|Suicune, shiny|100\/100\n|-ability|p1a: Moose|Pressure\n|move|p2a: Heatran|Stealth Rock|p1a: Moose\n|-sidestart|p1: TPD JOHTO|move: Stealth Rock\n|\n|-weather|Sandstorm|[upkeep]\n|-damage|p1a: Moose|94\/100|[from] Sandstorm\n|-heal|p1a: Moose|100\/100|[from] item: Leftovers\n|upkeep\n|turn|3\n|\n|t:|1700836322\n|move|p1a: Moose|Substitute|p1a: Moose\n|-start|p1a: Moose|Substitute\n|-damage|p1a: Moose|75\/100\n|move|p2a: Heatran|Taunt|p1a: Moose\n|-start|p1a: Moose|move: Taunt\n|\n|-weather|Sandstorm|[upkeep]\n|-damage|p1a: Moose|69\/100|[from] Sandstorm\n|-heal|p1a: Moose|75\/100|[from] item: Leftovers\n|upkeep\n|turn|4\n|inactive|TAPUFINIOOOOOO has 120 seconds left.\n|\n|t:|1700836339\n|switch|p2a: Slowking|Slowking-Galar, M|100\/100\n|move|p1a: Moose|Scald|p2a: Slowking\n|-damage|p2a: Slowking|86\/100\n|\n|-weather|Sandstorm|[upkeep]\n|-damage|p1a: Moose|69\/100|[from] Sandstorm\n|-damage|p2a: Slowking|80\/100|[from] Sandstorm\n|-heal|p1a: Moose|75\/100|[from] item: Leftovers\n|upkeep\n|turn|5\n|\n|t:|1700836346\n|move|p1a: Moose|Scald|p2a: Slowking\n|-damage|p2a: Slowking|65\/100\n|-status|p2a: Slowking|brn\n|move|p2a: Slowking|Future Sight|p1a: Moose\n|-start|p2a: Slowking|move: Future Sight\n|\n|-weather|none\n|-heal|p1a: Moose|82\/100|[from] item: Leftovers\n|-damage|p2a: Slowking|59\/100 brn|[from] brn\n|upkeep\n|turn|6\n|\n|t:|1700836353\n|move|p1a: Moose|Scald|p2a: Slowking\n|-damage|p2a: Slowking|44\/100 brn\n|move|p2a: Slowking|Chilly Reception|p2a: Slowking\n|-weather|Snow\n|\n|t:|1700836360\n|switch|p2a: Rillaboom|Rillaboom, M|100\/100|[from] Chilly Reception\n|-fieldstart|move: Grassy Terrain|[from] ability: Grassy Surge|[of] p2a: Rillaboom\n|\n|-weather|Snow|[upkeep]\n|-heal|p1a: Moose|88\/100|[from] Grassy Terrain\n|-heal|p1a: Moose|94\/100|[from] item: Leftovers\n|-end|p1a: Moose|move: Taunt\n|upkeep\n|turn|7\n|\n|t:|1700836373\n|move|p2a: Rillaboom|Grassy Glide|p1a: Moose\n|-supereffective|p1a: Moose\n|-end|p1a: Moose|Substitute\n|move|p1a: Moose|Substitute|p1a: Moose\n|-start|p1a: Moose|Substitute\n|-damage|p1a: Moose|69\/100\n|\n|-weather|Snow|[upkeep]\n|-end|p1a: Moose|move: Future Sight\n|-end|p1a: Moose|Substitute\n|-heal|p1a: Moose|75\/100|[from] Grassy Terrain\n|-heal|p1a: Moose|81\/100|[from] item: Leftovers\n|upkeep\n|turn|8\n|\n|t:|1700836382\n|switch|p1a: Scissors|Skarmory, F, shiny|95\/100\n|-damage|p1a: Scissors|83\/100|[from] Stealth Rock\n|move|p2a: Rillaboom|Grassy Glide|p1a: Scissors\n|-resisted|p1a: Scissors\n|-damage|p1a: Scissors|75\/100\n|-damage|p2a: Rillaboom|84\/100|[from] item: Rocky Helmet|[of] p1a: Scissors\n|\n|-weather|Snow|[upkeep]\n|-heal|p2a: Rillaboom|90\/100|[from] Grassy Terrain\n|upkeep\n|turn|9\n|\n|t:|1700836392\n|switch|p2a: Heatran|Heatran, F|100\/100\n|move|p1a: Scissors|Defog|p2a: Heatran\n|-unboost|p2a: Heatran|evasion|1\n|-sideend|p1: TPD JOHTO|Stealth Rock|[from] move: Defog|[of] p1a: Scissors\n|-fieldend|move: Grassy Terrain\n|\n|-weather|Snow|[upkeep]\n|upkeep\n|turn|10\n|\n|t:|1700836397\n|switch|p1a: Moose|Suicune, shiny|81\/100\n|-ability|p1a: Moose|Pressure\n|move|p2a: Heatran|Taunt|p1a: Moose\n|-start|p1a: Moose|move: Taunt\n|\n|-weather|none\n|-heal|p1a: Moose|88\/100|[from] item: Leftovers\n|upkeep\n|turn|11\n|\n|t:|1700836411\n|switch|p2a: Slowking|Slowking-Galar, M|77\/100 brn\n|move|p1a: Moose|Scald|p2a: Slowking\n|-damage|p2a: Slowking|63\/100 brn\n|\n|-heal|p1a: Moose|94\/100|[from] item: Leftovers\n|-damage|p2a: Slowking|56\/100 brn|[from] brn\n|upkeep\n|turn|12\n|\n|t:|1700836415\n|switch|p1a: Rock|Tyranitar, M, shiny|100\/100\n|-weather|Sandstorm|[from] ability: Sand Stream|[of] p1a: Rock\n|move|p2a: Slowking|Chilly Reception|p2a: Slowking\n|-weather|Snow\n|\n|t:|1700836422\n|switch|p2a: Rillaboom|Rillaboom, M|90\/100|[from] Chilly Reception\n|-fieldstart|move: Grassy Terrain|[from] ability: Grassy Surge|[of] p2a: Rillaboom\n|\n|-weather|Snow|[upkeep]\n|-heal|p2a: Rillaboom|96\/100|[from] Grassy Terrain\n|upkeep\n|turn|13\n|\n|t:|1700836427\n|switch|p1a: Scissors|Skarmory, F, shiny|75\/100\n|move|p2a: Rillaboom|Knock Off|p1a: Scissors\n|-damage|p1a: Scissors|44\/100\n|-damage|p2a: Rillaboom|80\/100|[from] item: Rocky Helmet|[of] p1a: Scissors\n|-enditem|p1a: Scissors|Rocky Helmet|[from] move: Knock Off|[of] p2a: Rillaboom\n|\n|-weather|Snow|[upkeep]\n|-heal|p2a: Rillaboom|86\/100|[from] Grassy Terrain\n|upkeep\n|turn|14\n|\n|t:|1700836438\n|switch|p2a: Heatran|Heatran, F|100\/100\n|move|p1a: Scissors|Roost|p1a: Scissors\n|-heal|p1a: Scissors|94\/100\n|-singleturn|p1a: Scissors|move: Roost\n|\n|-weather|Snow|[upkeep]\n|-heal|p1a: Scissors|99\/100|[from] Grassy Terrain\n|upkeep\n|turn|15\n|\n|t:|1700836444\n|switch|p1a: Moose|Suicune, shiny|94\/100\n|-ability|p1a: Moose|Pressure\n|move|p2a: Heatran|Magma Storm|p1a: Moose\n|-resisted|p1a: Moose\n|-damage|p1a: Moose|77\/100\n|-activate|p1a: Moose|move: Magma Storm|[of] p2a: Heatran\n|\n|-weather|Snow|[upkeep]\n|-heal|p1a: Moose|84\/100|[from] Grassy Terrain\n|-heal|p1a: Moose|90\/100|[from] item: Leftovers\n|-damage|p1a: Moose|77\/100|[from] move: Magma Storm|[partiallytrapped]\n|upkeep\n|turn|16\n|\n|t:|1700836458\n|move|p1a: Moose|Substitute|p1a: Moose\n|-start|p1a: Moose|Substitute\n|-end|p1a: Moose|Magma Storm|[partiallytrapped]|[silent]\n|-damage|p1a: Moose|52\/100\n|move|p2a: Heatran|Taunt|p1a: Moose\n|-start|p1a: Moose|move: Taunt\n|\n|-weather|none\n|-heal|p1a: Moose|59\/100|[from] Grassy Terrain\n|-heal|p1a: Moose|65\/100|[from] item: Leftovers\n|-fieldend|move: Grassy Terrain\n|upkeep\n|turn|17\n|\n|t:|1700836472\n|move|p1a: Moose|Scald|p2a: Heatran\n|-supereffective|p2a: Heatran\n|-damage|p2a: Heatran|70\/100\n|move|p2a: Heatran|Stealth Rock|p1a: Moose\n|-sidestart|p1: TPD JOHTO|move: Stealth Rock\n|\n|-heal|p1a: Moose|71\/100|[from] item: Leftovers\n|-heal|p2a: Heatran|77\/100|[from] item: Leftovers\n|upkeep\n|turn|18\n|\n|t:|1700836476\n|switch|p2a: Rillaboom|Rillaboom, M|86\/100\n|-fieldstart|move: Grassy Terrain|[from] ability: Grassy Surge|[of] p2a: Rillaboom\n|move|p1a: Moose|Scald|p2a: Rillaboom\n|-resisted|p2a: Rillaboom\n|-damage|p2a: Rillaboom|70\/100\n|\n|-heal|p2a: Rillaboom|76\/100|[from] Grassy Terrain\n|-heal|p1a: Moose|77\/100|[from] Grassy Terrain\n|-heal|p1a: Moose|83\/100|[from] item: Leftovers\n|upkeep\n|turn|19\n|\n|t:|1700836481\n|move|p2a: Rillaboom|Grassy Glide|p1a: Moose\n|-supereffective|p1a: Moose\n|-end|p1a: Moose|Substitute\n|move|p1a: Moose|Scald|p2a: Rillaboom\n|-resisted|p2a: Rillaboom\n|-damage|p2a: Rillaboom|59\/100\n|\n|-heal|p2a: Rillaboom|65\/100|[from] Grassy Terrain\n|-heal|p1a: Moose|90\/100|[from] Grassy Terrain\n|-heal|p1a: Moose|96\/100|[from] item: Leftovers\n|-end|p1a: Moose|move: Taunt\n|upkeep\n|turn|20\n|\n|t:|1700836487\n|switch|p1a: Scissors|Skarmory, F, shiny|99\/100\n|-damage|p1a: Scissors|88\/100|[from] Stealth Rock\n|move|p2a: Rillaboom|Grassy Glide|p1a: Scissors\n|-resisted|p1a: Scissors\n|-damage|p1a: Scissors|79\/100\n|\n|-heal|p2a: Rillaboom|71\/100|[from] Grassy Terrain\n|upkeep\n|turn|21\n|\n|t:|1700836496\n|switch|p2a: Thundurus|Thundurus-Therian, M|100\/100\n|move|p1a: Scissors|Defog|p2a: Thundurus\n|-unboost|p2a: Thundurus|evasion|1\n|-sideend|p1: TPD JOHTO|Stealth Rock|[from] move: Defog|[of] p1a: Scissors\n|-fieldend|move: Grassy Terrain\n|\n|upkeep\n|turn|22\n|\n|t:|1700836503\n|switch|p1a: Kubo|Raikou, shiny|100\/100\n|-ability|p1a: Kubo|Pressure\n|move|p2a: Thundurus|Volt Switch|p1a: Kubo\n|-resisted|p1a: Kubo\n|-damage|p1a: Kubo|83\/100\n|\n|t:|1700836513\n|switch|p2a: Rillaboom|Rillaboom, M|71\/100|[from] Volt Switch\n|-fieldstart|move: Grassy Terrain|[from] ability: Grassy Surge|[of] p2a: Rillaboom\n|\n|-heal|p1a: Kubo|89\/100|[from] Grassy Terrain\n|-heal|p1a: Kubo|95\/100|[from] item: Leftovers\n|-heal|p2a: Rillaboom|77\/100|[from] Grassy Terrain\n|upkeep\n|turn|23\n|\n|t:|1700836522\n|move|p1a: Kubo|Protect|p1a: Kubo\n|-singleturn|p1a: Kubo|Protect\n|move|p2a: Rillaboom|U-turn|p1a: Kubo\n|-activate|p1a: Kubo|move: Protect\n|\n|-heal|p1a: Kubo|100\/100|[from] Grassy Terrain\n|-heal|p2a: Rillaboom|83\/100|[from] Grassy Terrain\n|upkeep\n|turn|24\n|\n|t:|1700836531\n|switch|p1a: Scissors|Skarmory, F, shiny|79\/100\n|switch|p2a: Thundurus|Thundurus-Therian, M|100\/100\n|\n|upkeep\n|turn|25\n|\n|t:|1700836537\n|switch|p1a: Kubo|Raikou, shiny|100\/100\n|-ability|p1a: Kubo|Pressure\n|move|p2a: Thundurus|Volt Switch|p1a: Kubo\n|-resisted|p1a: Kubo\n|-damage|p1a: Kubo|84\/100\n|\n|t:|1700836548\n|switch|p2a: Heatran|Heatran, F|77\/100|[from] Volt Switch\n|\n|-heal|p1a: Kubo|90\/100|[from] Grassy Terrain\n|-heal|p1a: Kubo|96\/100|[from] item: Leftovers\n|-heal|p2a: Heatran|83\/100|[from] Grassy Terrain\n|-heal|p2a: Heatran|89\/100|[from] item: Leftovers\n|upkeep\n|turn|26\n|\n|t:|1700836559\n|move|p1a: Kubo|Substitute|p1a: Kubo\n|-start|p1a: Kubo|Substitute\n|-damage|p1a: Kubo|71\/100\n|move|p2a: Heatran|Taunt|p1a: Kubo\n|-start|p1a: Kubo|move: Taunt\n|\n|-heal|p1a: Kubo|77\/100|[from] Grassy Terrain\n|-heal|p1a: Kubo|84\/100|[from] item: Leftovers\n|-heal|p2a: Heatran|95\/100|[from] Grassy Terrain\n|-heal|p2a: Heatran|100\/100|[from] item: Leftovers\n|-fieldend|move: Grassy Terrain\n|upkeep\n|turn|27\n|\n|t:|1700836564\n|move|p1a: Kubo|Scald|p2a: Heatran\n|-supereffective|p2a: Heatran\n|-damage|p2a: Heatran|74\/100\n|move|p2a: Heatran|Earth Power|p1a: Kubo\n|-supereffective|p1a: Kubo\n|-end|p1a: Kubo|Substitute\n|\n|-heal|p1a: Kubo|90\/100|[from] item: Leftovers\n|-heal|p2a: Heatran|81\/100|[from] item: Leftovers\n|upkeep\n|turn|28\n|\n|t:|1700836576\n|switch|p1a: Moose|Suicune, shiny|96\/100\n|-ability|p1a: Moose|Pressure\n|move|p2a: Heatran|Magma Storm|p1a: Moose|[miss]\n|-miss|p2a: Heatran|p1a: Moose\n|\n|-heal|p1a: Moose|100\/100|[from] item: Leftovers\n|-heal|p2a: Heatran|87\/100|[from] item: Leftovers\n|upkeep\n|turn|29\n|\n|t:|1700836590\n|move|p1a: Moose|Substitute|p1a: Moose\n|-start|p1a: Moose|Substitute\n|-damage|p1a: Moose|75\/100\n|move|p2a: Heatran|Taunt|p1a: Moose\n|-start|p1a: Moose|move: Taunt\n|\n|-heal|p1a: Moose|82\/100|[from] item: Leftovers\n|-heal|p2a: Heatran|93\/100|[from] item: Leftovers\n|upkeep\n|turn|30\n|\n|t:|1700836597\n|switch|p2a: Slowking|Slowking-Galar, M|90\/100 brn\n|move|p1a: Moose|Scald|p2a: Slowking\n|-damage|p2a: Slowking|74\/100 brn\n|\n|-heal|p1a: Moose|88\/100|[from] item: Leftovers\n|-damage|p2a: Slowking|67\/100 brn|[from] brn\n|upkeep\n|turn|31\n|\n|t:|1700836608\n|move|p1a: Moose|Scald|p2a: Slowking\n|-damage|p2a: Slowking|53\/100 brn\n|move|p2a: Slowking|Chilly Reception|p2a: Slowking\n|-weather|Snow\n|\n|t:|1700836614\n|switch|p2a: Thundurus|Thundurus-Therian, M|100\/100|[from] Chilly Reception\n|\n|-weather|Snow|[upkeep]\n|-heal|p1a: Moose|94\/100|[from] item: Leftovers\n|upkeep\n|turn|32\n|\n|t:|1700836620\n|move|p2a: Thundurus|Thunderbolt|p1a: Moose\n|-supereffective|p1a: Moose\n|-end|p1a: Moose|Substitute\n|move|p1a: Moose|Scald|p2a: Thundurus\n|-damage|p2a: Thundurus|64\/100\n|\n|-weather|Snow|[upkeep]\n|-heal|p1a: Moose|99\/100|[from] item: Leftovers\n|-end|p1a: Moose|move: Taunt\n|upkeep\n|turn|33\n|\n|t:|1700836634\n|switch|p2a: Rillaboom|Rillaboom, M|83\/100\n|-fieldstart|move: Grassy Terrain|[from] ability: Grassy Surge|[of] p2a: Rillaboom\n|switch|p1a: Kubo|Raikou, shiny|90\/100\n|-ability|p1a: Kubo|Pressure\n|\n|-weather|Snow|[upkeep]\n|-heal|p1a: Kubo|96\/100|[from] Grassy Terrain\n|-heal|p1a: Kubo|100\/100|[from] item: Leftovers\n|-heal|p2a: Rillaboom|89\/100|[from] Grassy Terrain\n|upkeep\n|turn|34\n|\n|t:|1700836643\n|move|p1a: Kubo|Protect|p1a: Kubo\n|-singleturn|p1a: Kubo|Protect\n|move|p2a: Rillaboom|Knock Off|p1a: Kubo\n|-activate|p1a: Kubo|move: Protect\n|\n|-weather|Snow|[upkeep]\n|-heal|p2a: Rillaboom|96\/100|[from] Grassy Terrain\n|upkeep\n|turn|35\n|\n|t:|1700836648\n|switch|p1a: Scissors|Skarmory, F, shiny|79\/100\n|move|p2a: Rillaboom|Knock Off|p1a: Scissors\n|-damage|p1a: Scissors|58\/100\n|\n|-weather|none\n|-heal|p2a: Rillaboom|100\/100|[from] Grassy Terrain\n|upkeep\n|turn|36\n|\n|t:|1700836658\n|switch|p2a: Weezing|Weezing-Galar, M|100\/100\n|-ability|p2a: Weezing|Neutralizing Gas\n|move|p1a: Scissors|Spikes|p2a: Weezing\n|-sidestart|p2: TAPUFINIOOOOOO|Spikes\n|\n|upkeep\n|turn|37\n|\n|t:|1700836669\n|switch|p1a: Kubo|Raikou, shiny|100\/100\n|move|p2a: Weezing|Will-O-Wisp|p1a: Kubo\n|-status|p1a: Kubo|brn\n|\n|-damage|p1a: Kubo|94\/100 brn|[from] brn\n|-fieldend|move: Grassy Terrain\n|upkeep\n|turn|38\n|\n|t:|1700836678\n|move|p1a: Kubo|Scald|p2a: Weezing\n|-damage|p2a: Weezing|73\/100\n|-status|p2a: Weezing|brn\n|move|p2a: Weezing|Defog|p1a: Kubo\n|-unboost|p1a: Kubo|evasion|1\n|-sideend|p2: TAPUFINIOOOOOO|Spikes|[from] move: Defog|[of] p2a: Weezing\n|\n|-heal|p1a: Kubo|100\/100 brn|[from] item: Leftovers\n|-heal|p2a: Weezing|79\/100 brn|[from] item: Leftovers\n|-damage|p1a: Kubo|94\/100 brn|[from] brn\n|-damage|p2a: Weezing|73\/100 brn|[from] brn\n|upkeep\n|turn|39\n|\n|t:|1700836684\n|move|p1a: Kubo|Scald|p2a: Weezing\n|-damage|p2a: Weezing|43\/100 brn\n|move|p2a: Weezing|Toxic Spikes|p1a: Kubo\n|-sidestart|p1: TPD JOHTO|move: Toxic Spikes\n|\n|-heal|p1a: Kubo|100\/100 brn|[from] item: Leftovers\n|-heal|p2a: Weezing|49\/100 brn|[from] item: Leftovers\n|-damage|p1a: Kubo|94\/100 brn|[from] brn\n|-damage|p2a: Weezing|43\/100 brn|[from] brn\n|upkeep\n|turn|40\n|\n|t:|1700836694\n|-end|p2a: Weezing|ability: Neutralizing Gas\n|-ability|p1a: Kubo|Pressure\n|switch|p2a: Slowking|Slowking-Galar, M|86\/100 brn\n|move|p1a: Kubo|Calm Mind|p1a: Kubo\n|-boost|p1a: Kubo|spa|1\n|-boost|p1a: Kubo|spd|1\n|\n|-heal|p1a: Kubo|100\/100 brn|[from] item: Leftovers\n|-damage|p1a: Kubo|94\/100 brn|[from] brn\n|-damage|p2a: Slowking|80\/100 brn|[from] brn\n|upkeep\n|turn|41\n|\n|t:|1700836703\n|move|p1a: Kubo|Substitute|p1a: Kubo\n|-start|p1a: Kubo|Substitute\n|-damage|p1a: Kubo|69\/100 brn\n|move|p2a: Slowking|Future Sight|p1a: Kubo\n|-start|p2a: Slowking|move: Future Sight\n|\n|-heal|p1a: Kubo|76\/100 brn|[from] item: Leftovers\n|-damage|p1a: Kubo|69\/100 brn|[from] brn\n|-damage|p2a: Slowking|74\/100 brn|[from] brn\n|upkeep\n|turn|42\n|\n|t:|1700836708\n|move|p1a: Kubo|Calm Mind|p1a: Kubo\n|-boost|p1a: Kubo|spa|1\n|-boost|p1a: Kubo|spd|1\n|move|p2a: Slowking|Chilly Reception|p2a: Slowking\n|-weather|Snow\n|\n|t:|1700836712\n|switch|p2a: Rillaboom|Rillaboom, M|100\/100|[from] Chilly Reception\n|-fieldstart|move: Grassy Terrain|[from] ability: Grassy Surge|[of] p2a: Rillaboom\n|\n|-weather|Snow|[upkeep]\n|-heal|p1a: Kubo|76\/100 brn|[from] Grassy Terrain\n|-heal|p1a: Kubo|82\/100 brn|[from] item: Leftovers\n|-damage|p1a: Kubo|76\/100 brn|[from] brn\n|upkeep\n|turn|43\n|\n|t:|1700836720\n|move|p1a: Kubo|Protect|p1a: Kubo\n|-singleturn|p1a: Kubo|Protect\n|move|p2a: Rillaboom|Wood Hammer|p1a: Kubo\n|-activate|p1a: Kubo|move: Protect\n|\n|-weather|Snow|[upkeep]\n|-end|p1a: Kubo|move: Future Sight\n|-activate|p1a: Kubo|move: Substitute|[damage]\n|-heal|p1a: Kubo|82\/100 brn|[from] Grassy Terrain\n|-heal|p1a: Kubo|88\/100 brn|[from] item: Leftovers\n|-damage|p1a: Kubo|82\/100 brn|[from] brn\n|upkeep\n|turn|44\n|\n|t:|1700836739\n|move|p1a: Kubo|Substitute|p1a: Kubo\n|-fail|p1a: Kubo|move: Substitute\n|move|p2a: Rillaboom|Wood Hammer|p1a: Kubo\n|-end|p1a: Kubo|Substitute\n|-damage|p2a: Rillaboom|99\/100|[from] Recoil|[of] p1a: Kubo\n|\n|-weather|Snow|[upkeep]\n|-heal|p1a: Kubo|88\/100 brn|[from] Grassy Terrain\n|-heal|p1a: Kubo|94\/100 brn|[from] item: Leftovers\n|-heal|p2a: Rillaboom|100\/100|[from] Grassy Terrain\n|-damage|p1a: Kubo|88\/100 brn|[from] brn\n|upkeep\n|turn|45\n|\n|t:|1700836752\n|move|p1a: Kubo|Protect|p1a: Kubo\n|-singleturn|p1a: Kubo|Protect\n|move|p2a: Rillaboom|Wood Hammer|p1a: Kubo\n|-activate|p1a: Kubo|move: Protect\n|\n|-weather|Snow|[upkeep]\n|-heal|p1a: Kubo|94\/100 brn|[from] Grassy Terrain\n|-heal|p1a: Kubo|100\/100 brn|[from] item: Leftovers\n|-damage|p1a: Kubo|94\/100 brn|[from] brn\n|upkeep\n|turn|46\n|\n|t:|1700836758\n|switch|p1a: Scissors|Skarmory, F, shiny|58\/100\n|move|p2a: Rillaboom|Wood Hammer|p1a: Scissors\n|-resisted|p1a: Scissors\n|-damage|p1a: Scissors|38\/100\n|-damage|p2a: Rillaboom|94\/100|[from] Recoil\n|\n|-weather|none\n|-heal|p2a: Rillaboom|99\/100|[from] Grassy Terrain\n|-fieldend|move: Grassy Terrain\n|upkeep\n|turn|47\n|\n|t:|1700836777\n|switch|p2a: Urshifu|Urshifu-Rapid-Strike, F|84\/100\n|move|p1a: Scissors|Roost|p1a: Scissors\n|-heal|p1a: Scissors|88\/100\n|-singleturn|p1a: Scissors|move: Roost\n|\n|upkeep\n|turn|48\n|\n|t:|1700836794\n|move|p2a: Urshifu|Close Combat|p1a: Scissors\n|-crit|p1a: Scissors\n|-damage|p1a: Scissors|3\/100\n|-unboost|p2a: Urshifu|def|1\n|-unboost|p2a: Urshifu|spd|1\n|move|p1a: Scissors|Defog|p2a: Urshifu\n|-unboost|p2a: Urshifu|evasion|1\n|-sideend|p1: TPD JOHTO|Toxic Spikes|[from] move: Defog|[of] p1a: Scissors\n|\n|upkeep\n|turn|49\n|\n|t:|1700836809\n|switch|p2a: Heatran|Heatran, F|93\/100\n|switch|p1a: Paper|Celebi|100\/100\n|\n|-heal|p2a: Heatran|99\/100|[from] item: Leftovers\n|upkeep\n|turn|50\n|\n|t:|1700836817\n|switch|p1a: Scissors|Skarmory, F, shiny|3\/100\n|move|p2a: Heatran|Taunt|p1a: Scissors\n|-start|p1a: Scissors|move: Taunt\n|\n|-heal|p2a: Heatran|100\/100|[from] item: Leftovers\n|upkeep\n|turn|51\n|\n|t:|1700836824\n|switch|p1a: Moose|Suicune, shiny|99\/100\n|-ability|p1a: Moose|Pressure\n|move|p2a: Heatran|Stealth Rock|p1a: Moose\n|-sidestart|p1: TPD JOHTO|move: Stealth Rock\n|\n|-heal|p1a: Moose|100\/100|[from] item: Leftovers\n|upkeep\n|turn|52\n|\n|t:|1700836832\n|move|p1a: Moose|Scald|p2a: Heatran\n|-supereffective|p2a: Heatran\n|-damage|p2a: Heatran|69\/100\n|move|p2a: Heatran|Taunt|p1a: Moose\n|-start|p1a: Moose|move: Taunt\n|\n|-heal|p2a: Heatran|75\/100|[from] item: Leftovers\n|upkeep\n|turn|53\n|\n|t:|1700836851\n|switch|p2a: Slowking|Slowking-Galar, M|100\/100 brn\n|move|p1a: Moose|Scald|p2a: Slowking\n|-damage|p2a: Slowking|83\/100 brn\n|\n|-damage|p2a: Slowking|77\/100 brn|[from] brn\n|upkeep\n|turn|54\n|\n|t:|1700836856\n|switch|p1a: Rock|Tyranitar, M, shiny|100\/100\n|-damage|p1a: Rock|88\/100|[from] Stealth Rock\n|-weather|Sandstorm|[from] ability: Sand Stream|[of] p1a: Rock\n|move|p2a: Slowking|Future Sight|p1a: Rock\n|-start|p2a: Slowking|move: Future Sight\n|\n|-weather|Sandstorm|[upkeep]\n|-damage|p2a: Slowking|71\/100 brn|[from] Sandstorm\n|-heal|p1a: Rock|94\/100|[from] item: Leftovers\n|-damage|p2a: Slowking|65\/100 brn|[from] brn\n|upkeep\n|turn|55\n|\n|t:|1700836865\n|switch|p2a: Urshifu|Urshifu-Rapid-Strike, F|84\/100\n|move|p1a: Rock|Stealth Rock|p2a: Urshifu\n|-sidestart|p2: TAPUFINIOOOOOO|move: Stealth Rock\n|\n|-weather|Sandstorm|[upkeep]\n|-damage|p2a: Urshifu|78\/100|[from] Sandstorm\n|-heal|p1a: Rock|100\/100|[from] item: Leftovers\n|upkeep\n|turn|56\n|\n|t:|1700836883\n|switch|p2a: Slowking|Slowking-Galar, M|98\/100 brn\n|switch|p1a: Scissors|Skarmory, F, shiny|3\/100\n|-damage|p1a: Scissors|0 fnt|[from] Stealth Rock\n|faint|p1a: Scissors\n|\n|-weather|Sandstorm|[upkeep]\n|-damage|p2a: Slowking|92\/100 brn|[from] Sandstorm\n|-hint|Future Sight did not hit because the target is fainted.\n|-damage|p2a: Slowking|86\/100 brn|[from] brn\n|upkeep\n|\n|t:|1700836891\n|switch|p1a: Simba|Entei, shiny|100\/100\n|-damage|p1a: Simba|76\/100|[from] Stealth Rock\n|-ability|p1a: Simba|Pressure\n|turn|57\n|\n|t:|1700836899\n|move|p1a: Simba|Curse|p1a: Simba\n|-unboost|p1a: Simba|spe|1\n|-boost|p1a: Simba|atk|1\n|-boost|p1a: Simba|def|1\n|move|p2a: Slowking|Thunder Wave|p1a: Simba\n|-status|p1a: Simba|par\n|\n|-weather|Sandstorm|[upkeep]\n|-damage|p1a: Simba|69\/100 par|[from] Sandstorm\n|-damage|p2a: Slowking|80\/100 brn|[from] Sandstorm\n|-heal|p1a: Simba|76\/100 par|[from] item: Leftovers\n|-damage|p2a: Slowking|74\/100 brn|[from] brn\n|upkeep\n|turn|58\n|\n|t:|1700836908\n|cant|p1a: Simba|par\n|move|p2a: Slowking|Chilly Reception|p2a: Slowking\n|-weather|Snow\n|\n|t:|1700836916\n|switch|p2a: Urshifu|Urshifu-Rapid-Strike, F|78\/100|[from] Chilly Reception\n|-damage|p2a: Urshifu|72\/100|[from] Stealth Rock\n|\n|-weather|Snow|[upkeep]\n|-heal|p1a: Simba|82\/100 par|[from] item: Leftovers\n|upkeep\n|turn|59\n|\n|t:|1700836930\n|switch|p1a: Paper|Celebi|100\/100\n|-damage|p1a: Paper|88\/100|[from] Stealth Rock\n|move|p2a: Urshifu|U-turn|p1a: Paper\n|-supereffective|p1a: Paper\n|-crit|p1a: Paper\n|-damage|p1a: Paper|0 fnt\n|faint|p1a: Paper\n|\n|t:|1700836944\n|switch|p2a: Weezing|Weezing-Galar, M|43\/100 brn|[from] U-turn\n|-ability|p2a: Weezing|Neutralizing Gas\n|-damage|p2a: Weezing|31\/100 brn|[from] Stealth Rock\n|\n|-weather|Snow|[upkeep]\n|-heal|p2a: Weezing|37\/100 brn|[from] item: Leftovers\n|-damage|p2a: Weezing|31\/100 brn|[from] brn\n|upkeep\n|\n|t:|1700836948\n|switch|p1a: Moose|Suicune, shiny|100\/100\n|-damage|p1a: Moose|88\/100|[from] Stealth Rock\n|turn|60\n|\n|t:|1700836954\n|move|p1a: Moose|Substitute|p1a: Moose\n|-start|p1a: Moose|Substitute\n|-damage|p1a: Moose|63\/100\n|move|p2a: Weezing|Defog|p1a: Moose\n|-sideend|p1: TPD JOHTO|Stealth Rock|[from] move: Defog|[of] p2a: Weezing\n|-sideend|p2: TAPUFINIOOOOOO|Stealth Rock|[from] move: Defog|[of] p2a: Weezing\n|\n|-weather|Snow|[upkeep]\n|-heal|p1a: Moose|69\/100|[from] item: Leftovers\n|-heal|p2a: Weezing|37\/100 brn|[from] item: Leftovers\n|-damage|p2a: Weezing|31\/100 brn|[from] brn\n|upkeep\n|turn|61\n|\n|t:|1700836958\n|move|p1a: Moose|Calm Mind|p1a: Moose\n|-boost|p1a: Moose|spa|1\n|-boost|p1a: Moose|spd|1\n|move|p2a: Weezing|Toxic Spikes|p1a: Moose\n|-sidestart|p1: TPD JOHTO|move: Toxic Spikes\n|\n|-weather|Snow|[upkeep]\n|-heal|p1a: Moose|75\/100|[from] item: Leftovers\n|-heal|p2a: Weezing|37\/100 brn|[from] item: Leftovers\n|-damage|p2a: Weezing|31\/100 brn|[from] brn\n|upkeep\n|turn|62\n|\n|t:|1700836967\n|-end|p2a: Weezing|ability: Neutralizing Gas\n|-ability|p1a: Moose|Pressure\n|switch|p2a: Rillaboom|Rillaboom, M|99\/100\n|-fieldstart|move: Grassy Terrain|[from] ability: Grassy Surge|[of] p2a: Rillaboom\n|move|p1a: Moose|Calm Mind|p1a: Moose\n|-boost|p1a: Moose|spa|1\n|-boost|p1a: Moose|spd|1\n|\n|-weather|none\n|-heal|p2a: Rillaboom|100\/100|[from] Grassy Terrain\n|-heal|p1a: Moose|82\/100|[from] Grassy Terrain\n|-heal|p1a: Moose|88\/100|[from] item: Leftovers\n|upkeep\n|turn|63\n|\n|t:|1700836979\n|move|p2a: Rillaboom|Wood Hammer|p1a: Moose\n|-supereffective|p1a: Moose\n|-end|p1a: Moose|Substitute\n|-damage|p2a: Rillaboom|91\/100|[from] Recoil|[of] p1a: Moose\n|move|p1a: Moose|Calm Mind|p1a: Moose\n|-boost|p1a: Moose|spa|1\n|-boost|p1a: Moose|spd|1\n|\n|-heal|p2a: Rillaboom|97\/100|[from] Grassy Terrain\n|-heal|p1a: Moose|94\/100|[from] Grassy Terrain\n|-heal|p1a: Moose|99\/100|[from] item: Leftovers\n|upkeep\n|turn|64\n|\n|t:|1700836985\n|-terastallize|p1a: Moose|Grass\n|move|p2a: Rillaboom|Wood Hammer|p1a: Moose\n|-resisted|p1a: Moose\n|-damage|p1a: Moose|65\/100\n|-damage|p2a: Rillaboom|83\/100|[from] Recoil\n|move|p1a: Moose|Substitute|p1a: Moose\n|-start|p1a: Moose|Substitute\n|-damage|p1a: Moose|40\/100\n|\n|-heal|p2a: Rillaboom|89\/100|[from] Grassy Terrain\n|-heal|p1a: Moose|47\/100|[from] Grassy Terrain\n|-heal|p1a: Moose|53\/100|[from] item: Leftovers\n|upkeep\n|turn|65\n|\n|t:|1700837006\n|move|p2a: Rillaboom|Wood Hammer|p1a: Moose\n|-resisted|p1a: Moose\n|-end|p1a: Moose|Substitute\n|-damage|p2a: Rillaboom|80\/100|[from] Recoil|[of] p1a: Moose\n|move|p1a: Moose|Scald|p2a: Rillaboom\n|-resisted|p2a: Rillaboom\n|-damage|p2a: Rillaboom|39\/100\n|\n|-heal|p2a: Rillaboom|45\/100|[from] Grassy Terrain\n|-heal|p1a: Moose|59\/100|[from] Grassy Terrain\n|-heal|p1a: Moose|65\/100|[from] item: Leftovers\n|upkeep\n|turn|66\n|\n|t:|1700837011\n|-terastallize|p2a: Rillaboom|Grass\n|move|p2a: Rillaboom|Wood Hammer|p1a: Moose\n|-resisted|p1a: Moose\n|-damage|p1a: Moose|21\/100\n|-damage|p2a: Rillaboom|28\/100|[from] Recoil\n|move|p1a: Moose|Scald|p2a: Rillaboom\n|-resisted|p2a: Rillaboom\n|-damage|p2a: Rillaboom|0 fnt\n|faint|p2a: Rillaboom\n|\n|-heal|p1a: Moose|27\/100|[from] Grassy Terrain\n|-heal|p1a: Moose|33\/100|[from] item: Leftovers\n|-fieldend|move: Grassy Terrain\n|upkeep\n|\n|t:|1700837019\n|switch|p2a: Urshifu|Urshifu-Rapid-Strike, F|72\/100\n|turn|67\n|\n|t:|1700837027\n|move|p2a: Urshifu|U-turn|p1a: Moose\n|-supereffective|p1a: Moose\n|-damage|p1a: Moose|0 fnt\n|faint|p1a: Moose\n|\n|t:|1700837032\n|switch|p2a: Thundurus|Thundurus-Therian, M|64\/100|[from] U-turn\n|\n|upkeep\n|\n|t:|1700837044\n|switch|p1a: Simba|Entei, shiny|82\/100 par\n|-ability|p1a: Simba|Pressure\n|turn|68\n|\n|t:|1700837050\n|move|p2a: Thundurus|Volt Switch|p1a: Simba\n|-damage|p1a: Simba|53\/100 par\n|\n|t:|1700837057\n|switch|p2a: Heatran|Heatran, F|75\/100|[from] Volt Switch\n|move|p1a: Simba|Curse|p1a: Simba\n|-unboost|p1a: Simba|spe|1\n|-boost|p1a: Simba|atk|1\n|-boost|p1a: Simba|def|1\n|\n|-heal|p2a: Heatran|81\/100|[from] item: Leftovers\n|-heal|p1a: Simba|59\/100 par|[from] item: Leftovers\n|upkeep\n|turn|69\n|\n|t:|1700837064\n|move|p2a: Heatran|Earth Power|p1a: Simba\n|-supereffective|p1a: Simba\n|-damage|p1a: Simba|25\/100 par\n|-unboost|p1a: Simba|spd|1\n|move|p1a: Simba|Curse|p1a: Simba\n|-unboost|p1a: Simba|spe|1\n|-boost|p1a: Simba|atk|1\n|-boost|p1a: Simba|def|1\n|\n|-heal|p2a: Heatran|87\/100|[from] item: Leftovers\n|-heal|p1a: Simba|31\/100 par|[from] item: Leftovers\n|upkeep\n|turn|70\n|\n|t:|1700837070\n|move|p1a: Simba|Extreme Speed|p2a: Heatran\n|-resisted|p2a: Heatran\n|-damage|p2a: Heatran|71\/100\n|move|p2a: Heatran|Earth Power|p1a: Simba\n|-supereffective|p1a: Simba\n|-damage|p1a: Simba|0 fnt\n|faint|p1a: Simba\n|\n|-heal|p2a: Heatran|77\/100|[from] item: Leftovers\n|upkeep\n|c|\u2606TPD JOHTO|Gg\n|-message|TPD JOHTO forfeited.\n|\n|win|TAPUFINIOOOOOO\n|raw|TPD JOHTO's rating: 1544 &rarr; <strong>1520<\/strong><br \/>(-24 for losing)\n|raw|TAPUFINIOOOOOO's rating: 1468 &rarr; <strong>1492<\/strong><br \/>(+24 for winning)\n|l|\u2606TPD JOHTO\n","uploadtime":1700837090,"views":3,"p1id":"tpdjohto","p2id":"tapufinioooooo","formatid":"gen9nationaldex","rating":1492,"private":0,"password":""}