{"id":"gen9nationaldex-1995953080","p1":"tgfdth","p2":"Saltator","format":"[Gen 9] National Dex","log":"|html|<div class=\"broadcast-blue\"><strong>[Gen 9] National Dex is currently suspecting Sneasler! For information on how to participate check out the <a href=\"https:\/\/www.smogon.com\/forums\/threads\/sv-national-dex-suspect-8-just-dance.3731534\/\">suspect thread<\/a>.<\/strong><\/div>\n|j|\u2606tgfdth\n|j|\u2606Saltator\n|t:|1700621408\n|gametype|singles\n|player|p1|tgfdth|dawn|1323\n|player|p2|Saltator|ghetsis|1360\n|teamsize|p1|6\n|teamsize|p2|6\n|gen|9\n|tier|[Gen 9] National Dex\n|rated|\n|rule|HP Percentage Mod: HP is shown in percentages\n|rule|Endless Battle Clause: Forcing endless battles is banned\n|rule|OHKO Clause: OHKO moves are banned\n|rule|Evasion Clause: Evasion abilities, items, and moves are banned\n|rule|Evasion Abilities Clause: Evasion abilities are banned\n|rule|Evasion Items Clause: Evasion items are banned\n|rule|Evasion Moves Clause: Evasion moves are banned\n|rule|Species Clause: Limit one of each Pok\u00e9mon\n|rule|Sleep Clause Mod: Limit one foe put to sleep\n|clearpoke\n|poke|p1|Mimikyu, M|\n|poke|p1|Corviknight, M|\n|poke|p1|Jirachi|\n|poke|p1|Glimmora, F|\n|poke|p1|Munkidori, M|\n|poke|p1|Enamorus, F|\n|poke|p2|Salazzle, F|\n|poke|p2|Magnemite, L1|\n|poke|p2|Probopass, L2, F|\n|poke|p2|Mandibuzz, F|\n|poke|p2|Nosepass, L1, F|\n|poke|p2|Tentacruel, F|\n|teampreview\n|\n|t:|1700621419\n|start\n|switch|p1a: Glimmora|Glimmora, F|100\/100\n|switch|p2a: Sh\ud83d\udca9tsquid|Tentacruel, F|100\/100\n|turn|1\n|\n|t:|1700621433\n|move|p2a: Sh\ud83d\udca9tsquid|Scald|p1a: Glimmora\n|-supereffective|p1a: Glimmora\n|-damage|p1a: Glimmora|43\/100\n|-status|p1a: Glimmora|brn\n|move|p1a: Glimmora|Earth Power|p2a: Sh\ud83d\udca9tsquid\n|-supereffective|p2a: Sh\ud83d\udca9tsquid\n|-damage|p2a: Sh\ud83d\udca9tsquid|61\/100\n|\n|-heal|p2a: Sh\ud83d\udca9tsquid|68\/100|[from] item: Leftovers\n|-damage|p1a: Glimmora|37\/100 brn|[from] brn\n|upkeep\n|turn|2\n|\n|t:|1700621447\n|move|p2a: Sh\ud83d\udca9tsquid|Scald|p1a: Glimmora\n|-supereffective|p1a: Glimmora\n|-damage|p1a: Glimmora|0 fnt\n|faint|p1a: Glimmora\n|\n|-heal|p2a: Sh\ud83d\udca9tsquid|74\/100|[from] item: Leftovers\n|upkeep\n|\n|t:|1700621462\n|switch|p1a: Jirachi|Jirachi, shiny|100\/100\n|turn|3\n|\n|t:|1700621466\n|switch|p2a: Sh\ud83d\udca9tbird|Mandibuzz, F|100\/100\n|-zpower|p1a: Jirachi\n|move|p1a: Jirachi|Z-Happy Hour|p1a: Jirachi|[anim]Happy Hour\n|-boost|p1a: Jirachi|atk|1|[zeffect]\n|-boost|p1a: Jirachi|def|1|[zeffect]\n|-boost|p1a: Jirachi|spa|1|[zeffect]\n|-boost|p1a: Jirachi|spd|1|[zeffect]\n|-boost|p1a: Jirachi|spe|1|[zeffect]\n|\n|upkeep\n|turn|4\n|\n|t:|1700621474\n|move|p1a: Jirachi|Substitute|p1a: Jirachi\n|-start|p1a: Jirachi|Substitute\n|-damage|p1a: Jirachi|76\/100\n|move|p2a: Sh\ud83d\udca9tbird|Foul Play|p1a: Jirachi\n|-supereffective|p1a: Jirachi\n|-end|p1a: Jirachi|Substitute\n|\n|upkeep\n|turn|5\n|\n|t:|1700621483\n|move|p1a: Jirachi|Iron Head|p2a: Sh\ud83d\udca9tbird\n|-damage|p2a: Sh\ud83d\udca9tbird|76\/100\n|move|p2a: Sh\ud83d\udca9tbird|Foul Play|p1a: Jirachi\n|-supereffective|p1a: Jirachi\n|-damage|p1a: Jirachi|20\/100\n|\n|upkeep\n|turn|6\n|\n|t:|1700621492\n|move|p1a: Jirachi|Iron Head|p2a: Sh\ud83d\udca9tbird\n|-damage|p2a: Sh\ud83d\udca9tbird|54\/100\n|move|p2a: Sh\ud83d\udca9tbird|Foul Play|p1a: Jirachi\n|-supereffective|p1a: Jirachi\n|-damage|p1a: Jirachi|0 fnt\n|faint|p1a: Jirachi\n|\n|upkeep\n|\n|t:|1700621499\n|switch|p1a: Munkidori|Munkidori, M|100\/100\n|turn|7\n|\n|t:|1700621546\n|switch|p2a: Sh\ud83d\udca9tsquid|Tentacruel, F|74\/100\n|move|p1a: Munkidori|Fake Out|p2a: Sh\ud83d\udca9tsquid\n|-damage|p2a: Sh\ud83d\udca9tsquid|63\/100\n|\n|-heal|p2a: Sh\ud83d\udca9tsquid|69\/100|[from] item: Leftovers\n|upkeep\n|turn|8\n|inactive|Battle timer is ON: inactive players will automatically lose when time's up. (requested by tgfdth)\n|\n|t:|1700621561\n|move|p1a: Munkidori|Parting Shot|p2a: Sh\ud83d\udca9tsquid\n|-fail|p2a: Sh\ud83d\udca9tsquid|unboost|[from] ability: Clear Body|[of] p2a: Sh\ud83d\udca9tsquid\n|move|p2a: Sh\ud83d\udca9tsquid|Knock Off|p1a: Munkidori\n|-supereffective|p1a: Munkidori\n|-damage|p1a: Munkidori|51\/100\n|-enditem|p1a: Munkidori|Heavy-Duty Boots|[from] move: Knock Off|[of] p2a: Sh\ud83d\udca9tsquid\n|\n|-heal|p2a: Sh\ud83d\udca9tsquid|75\/100|[from] item: Leftovers\n|upkeep\n|turn|9\n|\n|t:|1700621584\n|switch|p1a: Corviknight|Corviknight, M|100\/100\n|move|p2a: Sh\ud83d\udca9tsquid|Knock Off|p1a: Corviknight\n|-damage|p1a: Corviknight|87\/100\n|-enditem|p1a: Corviknight|Leftovers|[from] move: Knock Off|[of] p2a: Sh\ud83d\udca9tsquid\n|\n|-heal|p2a: Sh\ud83d\udca9tsquid|81\/100|[from] item: Leftovers\n|upkeep\n|turn|10\n|\n|t:|1700621590\n|switch|p2a: Sh\ud83d\udca9tbird|Mandibuzz, F|54\/100\n|move|p1a: Corviknight|Agility|p1a: Corviknight\n|-boost|p1a: Corviknight|spe|2\n|\n|upkeep\n|turn|11\n|inactive|Saltator has 120 seconds left.\n|\n|t:|1700621617\n|move|p1a: Corviknight|Agility|p1a: Corviknight\n|-boost|p1a: Corviknight|spe|2\n|move|p2a: Sh\ud83d\udca9tbird|Roost|p2a: Sh\ud83d\udca9tbird\n|-heal|p2a: Sh\ud83d\udca9tbird|100\/100\n|-singleturn|p2a: Sh\ud83d\udca9tbird|move: Roost\n|\n|upkeep\n|turn|12\n|\n|t:|1700621624\n|move|p1a: Corviknight|Bulk Up|p1a: Corviknight\n|-boost|p1a: Corviknight|atk|1\n|-boost|p1a: Corviknight|def|1\n|move|p2a: Sh\ud83d\udca9tbird|Foul Play|p1a: Corviknight\n|-damage|p1a: Corviknight|64\/100\n|\n|upkeep\n|turn|13\n|inactive|Saltator has 120 seconds left.\n|\n|t:|1700621650\n|switch|p2a: No Fun Allowed|Salazzle, F|100\/100\n|move|p1a: Corviknight|Agility|p1a: Corviknight\n|-boost|p1a: Corviknight|spe|2\n|\n|upkeep\n|turn|14\n|\n|t:|1700621668\n|move|p1a: Corviknight|Power Trip|p2a: No Fun Allowed\n|-damage|p2a: No Fun Allowed|2\/100\n|move|p2a: No Fun Allowed|Toxic|p1a: Corviknight\n|-status|p1a: Corviknight|tox\n|\n|-heal|p2a: No Fun Allowed|8\/100|[from] item: Leftovers\n|-damage|p1a: Corviknight|58\/100 tox|[from] psn\n|upkeep\n|turn|15\n|\n|t:|1700621676\n|move|p2a: No Fun Allowed|Protect|p2a: No Fun Allowed\n|-singleturn|p2a: No Fun Allowed|Protect\n|move|p1a: Corviknight|Power Trip|p2a: No Fun Allowed\n|-activate|p2a: No Fun Allowed|move: Protect\n|\n|-heal|p2a: No Fun Allowed|14\/100|[from] item: Leftovers\n|-damage|p1a: Corviknight|45\/100 tox|[from] psn\n|upkeep\n|turn|16\n|\n|t:|1700621681\n|switch|p2a: Literally Level 1|Magnemite, L1|100\/100\n|move|p1a: Corviknight|Power Trip|p2a: Literally Level 1\n|-ability|p2a: Literally Level 1|Sturdy\n|-damage|p2a: Literally Level 1|10\/100\n|-enditem|p2a: Literally Level 1|Berry Juice\n|-heal|p2a: Literally Level 1|100\/100|[from] item: Berry Juice\n|\n|-damage|p1a: Corviknight|26\/100 tox|[from] psn\n|upkeep\n|turn|17\n|\n|t:|1700621699\n|move|p1a: Corviknight|Roost|p1a: Corviknight\n|-heal|p1a: Corviknight|76\/100 tox\n|-singleturn|p1a: Corviknight|move: Roost\n|move|p2a: Literally Level 1|Recycle|p2a: Literally Level 1\n|-item|p2a: Literally Level 1|Berry Juice|[from] move: Recycle\n|\n|-damage|p1a: Corviknight|51\/100 tox|[from] psn\n|upkeep\n|turn|18\n|\n|t:|1700621707\n|move|p1a: Corviknight|Power Trip|p2a: Literally Level 1\n|-ability|p2a: Literally Level 1|Sturdy\n|-damage|p2a: Literally Level 1|10\/100\n|-enditem|p2a: Literally Level 1|Berry Juice\n|-heal|p2a: Literally Level 1|100\/100|[from] item: Berry Juice\n|move|p2a: Literally Level 1|Toxic|p1a: Corviknight\n|-fail|p1a: Corviknight|tox\n|\n|-damage|p1a: Corviknight|20\/100 tox|[from] psn\n|upkeep\n|turn|19\n|inactive|Saltator has 120 seconds left.\n|-message|tgfdth forfeited.\n|\n|win|Saltator\n|raw|tgfdth's rating: 1323 &rarr; <strong>1305<\/strong><br \/>(-18 for losing)\n|raw|Saltator's rating: 1360 &rarr; <strong>1378<\/strong><br \/>(+18 for winning)\n|l|\u2606tgfdth\n","uploadtime":1700621752,"views":0,"p1id":"tgfdth","p2id":"saltator","formatid":"gen9nationaldex","rating":1305,"private":0,"password":""}