{"id":"gen9nationaldex-1991575161","p1":"rakinzera","p2":"133268pwz","format":"[Gen 9] National Dex","log":"|j|\u2606rakinzera\n|j|\u2606133268pwz\n|t:|1700090012\n|gametype|singles\n|player|p1|rakinzera|169|1154\n|player|p2|133268pwz|102|1249\n|teamsize|p1|6\n|teamsize|p2|6\n|gen|9\n|tier|[Gen 9] National Dex\n|rated|\n|rule|HP Percentage Mod: HP is shown in percentages\n|rule|Endless Battle Clause: Forcing endless battles is banned\n|rule|OHKO Clause: OHKO moves are banned\n|rule|Evasion Clause: Evasion abilities, items, and moves are banned\n|rule|Evasion Abilities Clause: Evasion abilities are banned\n|rule|Evasion Items Clause: Evasion items are banned\n|rule|Evasion Moves Clause: Evasion moves are banned\n|rule|Species Clause: Limit one of each Pok\u00e9mon\n|rule|Sleep Clause Mod: Limit one foe put to sleep\n|clearpoke\n|poke|p1|Garchomp, F|\n|poke|p1|Ditto|\n|poke|p1|Gyarados, F|\n|poke|p1|Linoone, F|\n|poke|p1|Glimmora, F|\n|poke|p1|Medicham, M|\n|poke|p2|Ferrothorn, F|\n|poke|p2|Landorus-Therian, M|\n|poke|p2|Rillaboom, F|\n|poke|p2|Gyarados, F|\n|poke|p2|Ninetales-Alola, M|\n|poke|p2|Slowking-Galar, M|\n|teampreview\n|\n|t:|1700090020\n|start\n|switch|p1a: Ditto|Ditto|100\/100\n|switch|p2a: Ninetales|Ninetales-Alola, M|100\/100\n|-weather|Snow|[from] ability: Snow Warning|[of] p2a: Ninetales\n|-transform|p1a: Ditto|p2a: Ninetales|[from] ability: Imposter\n|turn|1\n|\n|t:|1700090032\n|move|p1a: Ditto|Aurora Veil|p1a: Ditto\n|-sidestart|p1: rakinzera|move: Aurora Veil\n|move|p2a: Ninetales|Aurora Veil|p2a: Ninetales\n|-sidestart|p2: 133268pwz|move: Aurora Veil\n|\n|-weather|Snow|[upkeep]\n|upkeep\n|turn|2\n|\n|t:|1700090040\n|switch|p1a: Glimmora|Glimmora, F|100\/100\n|switch|p2a: Slowking|Slowking-Galar, M|100\/100\n|\n|-weather|Snow|[upkeep]\n|upkeep\n|turn|3\n|\n|t:|1700090050\n|move|p1a: Glimmora|Stealth Rock|p2a: Slowking\n|-sidestart|p2: 133268pwz|move: Stealth Rock\n|move|p2a: Slowking|Yawn|p1a: Glimmora\n|-start|p1a: Glimmora|move: Yawn|[of] p2a: Slowking\n|\n|-weather|Snow|[upkeep]\n|upkeep\n|turn|4\n|\n|t:|1700090061\n|move|p1a: Glimmora|Toxic Spikes|p2a: Slowking\n|-sidestart|p2: 133268pwz|move: Toxic Spikes\n|move|p2a: Slowking|Toxic|p1a: Glimmora\n|-immune|p1a: Glimmora\n|\n|-weather|Snow|[upkeep]\n|-end|p1a: Glimmora|move: Yawn|[silent]\n|-status|p1a: Glimmora|slp\n|upkeep\n|turn|5\n|\n|t:|1700090073\n|cant|p1a: Glimmora|slp\n|move|p2a: Slowking|Chilly Reception|p2a: Slowking\n|\n|t:|1700090079\n|switch|p2a: Ferrothorn|Ferrothorn, F|100\/100|[from] Chilly Reception\n|-damage|p2a: Ferrothorn|94\/100|[from] Stealth Rock\n|\n|-weather|none\n|-heal|p2a: Ferrothorn|100\/100|[from] item: Leftovers\n|-sideend|p1: rakinzera|move: Aurora Veil\n|upkeep\n|turn|6\n|\n|t:|1700090089\n|cant|p1a: Glimmora|slp\n|move|p2a: Ferrothorn|Stealth Rock|p1a: Glimmora\n|-sidestart|p1: rakinzera|move: Stealth Rock\n|\n|upkeep\n|turn|7\n|\n|t:|1700090096\n|-curestatus|p1a: Glimmora|slp|[msg]\n|move|p1a: Glimmora|Toxic Spikes|p2a: Ferrothorn\n|-sidestart|p2: 133268pwz|move: Toxic Spikes\n|move|p2a: Ferrothorn|Leech Seed|p1a: Glimmora\n|-start|p1a: Glimmora|move: Leech Seed\n|\n|-damage|p1a: Glimmora|88\/100|[from] Leech Seed|[of] p2a: Ferrothorn\n|upkeep\n|turn|8\n|\n|t:|1700090115\n|switch|p1a: Garchomp|Garchomp, F|100\/100\n|-damage|p1a: Garchomp|94\/100|[from] Stealth Rock\n|switch|p2a: Slowking|Slowking-Galar, M|100\/100\n|-damage|p2a: Slowking|88\/100|[from] Stealth Rock\n|-sideend|p2: 133268pwz|move: Toxic Spikes|[of] p2a: Slowking\n|\n|-sideend|p2: 133268pwz|move: Aurora Veil\n|upkeep\n|turn|9\n|\n|t:|1700090126\n|move|p1a: Garchomp|Earthquake|p2a: Slowking\n|-supereffective|p2a: Slowking\n|-crit|p2a: Slowking\n|-damage|p2a: Slowking|0 fnt\n|faint|p2a: Slowking\n|\n|upkeep\n|\n|t:|1700090133\n|switch|p2a: Landorus|Landorus-Therian, M|100\/100\n|-damage|p2a: Landorus|88\/100|[from] Stealth Rock\n|-ability|p2a: Landorus|Intimidate|boost\n|-unboost|p1a: Garchomp|atk|1\n|turn|10\n|\n|t:|1700090140\n|move|p1a: Garchomp|Iron Head|p2a: Landorus\n|-damage|p2a: Landorus|77\/100\n|-damage|p1a: Garchomp|78\/100|[from] item: Rocky Helmet|[of] p2a: Landorus\n|move|p2a: Landorus|Defog|p1a: Garchomp\n|-unboost|p1a: Garchomp|evasion|1\n|-sideend|p1: rakinzera|Stealth Rock|[from] move: Defog|[of] p2a: Landorus\n|-sideend|p2: 133268pwz|Stealth Rock|[from] move: Defog|[of] p2a: Landorus\n|\n|upkeep\n|turn|11\n|\n|t:|1700090149\n|move|p1a: Garchomp|Dragon Claw|p2a: Landorus\n|-damage|p2a: Landorus|61\/100\n|-damage|p1a: Garchomp|61\/100|[from] item: Rocky Helmet|[of] p2a: Landorus\n|move|p2a: Landorus|U-turn|p1a: Garchomp\n|-damage|p1a: Garchomp|48\/100\n|-damage|p2a: Landorus|49\/100|[from] ability: Rough Skin|[of] p1a: Garchomp\n|-damage|p2a: Landorus|33\/100|[from] item: Rocky Helmet|[of] p1a: Garchomp\n|\n|t:|1700090160\n|switch|p2a: Gyarados|Gyarados, F|100\/100|[from] U-turn\n|-ability|p2a: Gyarados|Intimidate|boost\n|-unboost|p1a: Garchomp|atk|1\n|\n|upkeep\n|turn|12\n|\n|t:|1700090167\n|switch|p2a: Rillaboom|Rillaboom, F|100\/100\n|-fieldstart|move: Grassy Terrain|[from] ability: Grassy Surge|[of] p2a: Rillaboom\n|move|p1a: Garchomp|Iron Head|p2a: Rillaboom\n|-damage|p2a: Rillaboom|90\/100\n|\n|-heal|p1a: Garchomp|55\/100|[from] Grassy Terrain\n|-heal|p2a: Rillaboom|96\/100|[from] Grassy Terrain\n|upkeep\n|turn|13\n|\n|t:|1700090179\n|switch|p1a: Ditto|Ditto|100\/100\n|-transform|p1a: Ditto|p2a: Rillaboom|[from] ability: Imposter\n|move|p2a: Rillaboom|Swords Dance|p2a: Rillaboom\n|-boost|p2a: Rillaboom|atk|2\n|\n|-heal|p2a: Rillaboom|100\/100|[from] Grassy Terrain\n|upkeep\n|turn|14\n|\n|t:|1700090190\n|move|p1a: Ditto|U-turn|p2a: Rillaboom\n|-supereffective|p2a: Rillaboom\n|-damage|p2a: Rillaboom|56\/100\n|\n|t:|1700090195\n|switch|p1a: Garchomp|Garchomp, F|55\/100|[from] U-turn\n|move|p2a: Rillaboom|U-turn|p1a: Garchomp\n|-damage|p1a: Garchomp|19\/100\n|-damage|p2a: Rillaboom|44\/100|[from] ability: Rough Skin|[of] p1a: Garchomp\n|-damage|p2a: Rillaboom|27\/100|[from] item: Rocky Helmet|[of] p1a: Garchomp\n|-damage|p2a: Rillaboom|17\/100|[from] item: Life Orb\n|\n|t:|1700090209\n|switch|p2a: Ninetales|Ninetales-Alola, M|100\/100|[from] U-turn\n|-weather|Snow|[from] ability: Snow Warning|[of] p2a: Ninetales\n|\n|-weather|Snow|[upkeep]\n|-heal|p1a: Garchomp|25\/100|[from] Grassy Terrain\n|upkeep\n|turn|15\n|\n|t:|1700090218\n|move|p2a: Ninetales|Hypnosis|p1a: Garchomp|[miss]\n|-miss|p2a: Ninetales|p1a: Garchomp\n|move|p1a: Garchomp|Earthquake|p2a: Ninetales\n|-damage|p2a: Ninetales|78\/100\n|\n|-weather|Snow|[upkeep]\n|-heal|p2a: Ninetales|85\/100|[from] Grassy Terrain\n|-heal|p1a: Garchomp|31\/100|[from] Grassy Terrain\n|upkeep\n|turn|16\n|\n|t:|1700090228\n|move|p2a: Ninetales|Aurora Veil|p2a: Ninetales\n|-sidestart|p2: 133268pwz|move: Aurora Veil\n|move|p1a: Garchomp|Iron Head|p2a: Ninetales\n|-supereffective|p2a: Ninetales\n|-damage|p2a: Ninetales|41\/100\n|\n|-weather|Snow|[upkeep]\n|-heal|p2a: Ninetales|47\/100|[from] Grassy Terrain\n|-heal|p1a: Garchomp|37\/100|[from] Grassy Terrain\n|-fieldend|move: Grassy Terrain\n|upkeep\n|turn|17\n|\n|t:|1700090239\n|move|p1a: Garchomp|Iron Head|p2a: Ninetales\n|-supereffective|p2a: Ninetales\n|-damage|p2a: Ninetales|0 fnt\n|faint|p2a: Ninetales\n|\n|-weather|Snow|[upkeep]\n|upkeep\n|\n|t:|1700090247\n|switch|p2a: Gyarados|Gyarados, F|100\/100\n|-ability|p2a: Gyarados|Intimidate|boost\n|-unboost|p1a: Garchomp|atk|1\n|turn|18\n|\n|t:|1700090252\n|move|p2a: Gyarados|Dragon Dance|p2a: Gyarados\n|-boost|p2a: Gyarados|atk|1\n|-boost|p2a: Gyarados|spe|1\n|move|p1a: Garchomp|Dragon Claw|p2a: Gyarados\n|-damage|p2a: Gyarados|85\/100\n|\n|-weather|none\n|upkeep\n|turn|19\n|\n|t:|1700090261\n|move|p2a: Gyarados|Dragon Dance|p2a: Gyarados\n|-boost|p2a: Gyarados|atk|1\n|-boost|p2a: Gyarados|spe|1\n|move|p1a: Garchomp|Iron Head|p2a: Gyarados\n|-resisted|p2a: Gyarados\n|-damage|p2a: Gyarados|81\/100\n|\n|upkeep\n|turn|20\n|\n|t:|1700090271\n|detailschange|p2a: Gyarados|Gyarados-Mega, F\n|-mega|p2a: Gyarados|Gyarados|Gyaradosite\n|-ability|p2a: Gyarados|Mold Breaker\n|move|p2a: Gyarados|Waterfall|p1a: Garchomp\n|-damage|p1a: Garchomp|0 fnt\n|-damage|p2a: Gyarados|69\/100|[from] ability: Rough Skin|[of] p1a: Garchomp\n|-damage|p2a: Gyarados|52\/100|[from] item: Rocky Helmet|[of] p1a: Garchomp\n|faint|p1a: Garchomp\n|\n|upkeep\n|\n|t:|1700090276\n|switch|p1a: Ditto|Ditto|100\/100\n|-transform|p1a: Ditto|p2a: Gyarados|[from] ability: Imposter\n|-ability|p1a: Ditto|Mold Breaker\n|turn|21\n|\n|t:|1700090287\n|move|p1a: Ditto|Power Whip|p2a: Gyarados|[miss]\n|-miss|p1a: Ditto|p2a: Gyarados\n|move|p2a: Gyarados|Power Whip|p1a: Ditto\n|-supereffective|p1a: Ditto\n|-crit|p1a: Ditto\n|-damage|p1a: Ditto|0 fnt\n|faint|p1a: Ditto\n|\n|upkeep\n|c|\u2606rakinzera|luck\n|c|\u2606rakinzera|so muxh\n|\n|t:|1700090308\n|switch|p1a: Medicham|Medicham, M|100\/100\n|turn|22\n|\n|t:|1700090312\n|detailschange|p1a: Medicham|Medicham-Mega, M\n|-mega|p1a: Medicham|Medicham|Medichamite\n|move|p1a: Medicham|Fake Out|p2a: Gyarados\n|-damage|p2a: Gyarados|41\/100\n|cant|p2a: Gyarados|flinch\n|\n|upkeep\n|turn|23\n|\n|t:|1700090320\n|switch|p1a: Glimmora|Glimmora, F|88\/100\n|move|p2a: Gyarados|Waterfall|p1a: Glimmora\n|-supereffective|p1a: Glimmora\n|-damage|p1a: Glimmora|0 fnt\n|-activate|p1a: Glimmora|ability: Toxic Debris\n|-sidestart|p2: 133268pwz|move: Toxic Spikes\n|faint|p1a: Glimmora\n|\n|-sideend|p2: 133268pwz|move: Aurora Veil\n|upkeep\n|\n|t:|1700090325\n|switch|p1a: Medicham|Medicham-Mega, M|100\/100\n|turn|24\n|\n|t:|1700090338\n|move|p1a: Medicham|Fake Out|p2a: Gyarados\n|-damage|p2a: Gyarados|20\/100\n|cant|p2a: Gyarados|flinch\n|\n|upkeep\n|turn|25\n|\n|t:|1700090344\n|move|p1a: Medicham|Bullet Punch|p2a: Gyarados\n|-resisted|p2a: Gyarados\n|-damage|p2a: Gyarados|10\/100\n|move|p2a: Gyarados|Waterfall|p1a: Medicham\n|-damage|p1a: Medicham|0 fnt\n|faint|p1a: Medicham\n|\n|upkeep\n|\n|t:|1700090348\n|switch|p1a: Linoone|Linoone, F|100\/100\n|turn|26\n|\n|t:|1700090354\n|-terastallize|p1a: Linoone|Normal\n|move|p1a: Linoone|Extreme Speed|p2a: Gyarados\n|-damage|p2a: Gyarados|0 fnt\n|faint|p2a: Gyarados\n|\n|upkeep\n|\n|t:|1700090362\n|switch|p2a: Landorus|Landorus-Therian, M|33\/100\n|-ability|p2a: Landorus|Intimidate|boost\n|-unboost|p1a: Linoone|atk|1\n|turn|27\n|\n|t:|1700090370\n|move|p1a: Linoone|Play Rough|p2a: Landorus\n|-damage|p2a: Landorus|22\/100\n|-damage|p1a: Linoone|84\/100|[from] item: Rocky Helmet|[of] p2a: Landorus\n|move|p2a: Landorus|Knock Off|p1a: Linoone\n|-damage|p1a: Linoone|28\/100\n|-enditem|p1a: Linoone|Sitrus Berry|[from] move: Knock Off|[of] p2a: Landorus\n|\n|upkeep\n|turn|28\n|\n|t:|1700090379\n|move|p1a: Linoone|Extreme Speed|p2a: Landorus\n|-damage|p2a: Landorus|5\/100\n|-damage|p1a: Linoone|12\/100|[from] item: Rocky Helmet|[of] p2a: Landorus\n|move|p2a: Landorus|U-turn|p1a: Linoone\n|-damage|p1a: Linoone|0 fnt\n|faint|p1a: Linoone\n|\n|t:|1700090388\n|switch|p2a: Ferrothorn|Ferrothorn, F|100\/100|[from] U-turn\n|\n|upkeep\n|\n|t:|1700090392\n|switch|p1a: Gyarados|Gyarados, F|100\/100\n|turn|29\n|\n|t:|1700090398\n|move|p1a: Gyarados|Ice Fang|p2a: Ferrothorn\n|-damage|p2a: Ferrothorn|85\/100\n|-damage|p1a: Gyarados|88\/100|[from] ability: Iron Barbs|[of] p2a: Ferrothorn\n|move|p2a: Ferrothorn|Leech Seed|p1a: Gyarados\n|-start|p1a: Gyarados|move: Leech Seed\n|\n|-heal|p2a: Ferrothorn|91\/100|[from] item: Leftovers\n|-damage|p1a: Gyarados|76\/100|[from] Leech Seed|[of] p2a: Ferrothorn\n|-heal|p2a: Ferrothorn|100\/100|[silent]\n|upkeep\n|turn|30\n|\n|t:|1700090412\n|move|p1a: Gyarados|Dragon Dance|p1a: Gyarados\n|-boost|p1a: Gyarados|atk|1\n|-boost|p1a: Gyarados|spe|1\n|move|p2a: Ferrothorn|Gyro Ball|p1a: Gyarados\n|-resisted|p1a: Gyarados\n|-damage|p1a: Gyarados|48\/100\n|\n|-damage|p1a: Gyarados|35\/100|[from] Leech Seed|[of] p2a: Ferrothorn\n|upkeep\n|turn|31\n|c|\u2606rakinzera|staller\n|n|!rakinzera|rakinzera\n|\n|t:|1700090423\n|move|p1a: Gyarados|Dragon Dance|p1a: Gyarados\n|-boost|p1a: Gyarados|atk|1\n|-boost|p1a: Gyarados|spe|1\n|move|p2a: Ferrothorn|Gyro Ball|p1a: Gyarados\n|-resisted|p1a: Gyarados\n|-damage|p1a: Gyarados|7\/100\n|\n|-damage|p1a: Gyarados|0 fnt|[from] Leech Seed|[of] p2a: Ferrothorn\n|faint|p1a: Gyarados\n|\n|win|133268pwz\n|upkeep\n|raw|rakinzera's rating: 1154 &rarr; <strong>1136<\/strong><br \/>(-18 for losing)\n|raw|133268pwz's rating: 1249 &rarr; <strong>1267<\/strong><br \/>(+18 for winning)\n","uploadtime":1700090421,"views":4,"p1id":"rakinzera","p2id":"133268pwz","formatid":"gen9nationaldex","rating":1136,"private":0,"password":""}