{"id":"gen9nationaldex-1997322261","p1":"Hyperdink","p2":"Yakkosalabama","format":"[Gen 9] National Dex","log":"|html|<div class=\"broadcast-blue\"><strong>[Gen 9] National Dex is currently suspecting Sneasler! For information on how to participate check out the <a href=\"https:\/\/www.smogon.com\/forums\/threads\/sv-national-dex-suspect-8-just-dance.3731534\/\">suspect thread<\/a>.<\/strong><\/div>\n|j|\u2606Hyperdink\n|j|\u2606Yakkosalabama\n|t:|1700789256\n|gametype|singles\n|player|p1|Hyperdink|riley|1248\n|player|p2|Yakkosalabama|volo|1355\n|teamsize|p1|6\n|teamsize|p2|6\n|gen|9\n|tier|[Gen 9] National Dex\n|rated|\n|rule|HP Percentage Mod: HP is shown in percentages\n|rule|Endless Battle Clause: Forcing endless battles is banned\n|rule|OHKO Clause: OHKO moves are banned\n|rule|Evasion Clause: Evasion abilities, items, and moves are banned\n|rule|Evasion Abilities Clause: Evasion abilities are banned\n|rule|Evasion Items Clause: Evasion items are banned\n|rule|Evasion Moves Clause: Evasion moves are banned\n|rule|Species Clause: Limit one of each Pok\u00e9mon\n|rule|Sleep Clause Mod: Limit one foe put to sleep\n|clearpoke\n|poke|p1|Whiscash, M|\n|poke|p1|Iron Valiant|\n|poke|p1|Clodsire, F|\n|poke|p1|Diancie|\n|poke|p1|Zeraora|\n|poke|p1|Great Tusk|\n|poke|p2|Kommo-o, F|\n|poke|p2|Kartana|\n|poke|p2|Tapu Koko|\n|poke|p2|Diancie|\n|poke|p2|Landorus-Therian, M|\n|poke|p2|Grimmsnarl, M|\n|teampreview\n|inactive|Battle timer is ON: inactive players will automatically lose when time's up. (requested by Hyperdink)\n|inactive|Yakkosalabama also wants the timer to be on.\n|\n|t:|1700789270\n|start\n|switch|p1a: Diancie|Diancie|100\/100\n|switch|p2a: Grimmsnarl|Grimmsnarl, M|100\/100\n|turn|1\n|\n|t:|1700789273\n|detailschange|p1a: Diancie|Diancie-Mega\n|-mega|p1a: Diancie|Diancie|Diancite\n|move|p2a: Grimmsnarl|Light Screen|p2a: Grimmsnarl\n|-sidestart|p2: Yakkosalabama|move: Light Screen\n|move|p1a: Diancie|Calm Mind|p1a: Diancie\n|-boost|p1a: Diancie|spa|1\n|-boost|p1a: Diancie|spd|1\n|\n|upkeep\n|turn|2\n|\n|t:|1700789283\n|move|p1a: Diancie|Draining Kiss|p2a: Grimmsnarl\n|-supereffective|p2a: Grimmsnarl\n|-damage|p2a: Grimmsnarl|51\/100\n|move|p2a: Grimmsnarl|Spirit Break|p1a: Diancie\n|-damage|p1a: Diancie|60\/100\n|-unboost|p1a: Diancie|spa|1\n|\n|upkeep\n|turn|3\n|\n|t:|1700789289\n|move|p1a: Diancie|Calm Mind|p1a: Diancie\n|-boost|p1a: Diancie|spa|1\n|-boost|p1a: Diancie|spd|1\n|move|p2a: Grimmsnarl|Spirit Break|p1a: Diancie\n|-damage|p1a: Diancie|19\/100\n|-unboost|p1a: Diancie|spa|1\n|\n|upkeep\n|turn|4\n|\n|t:|1700789293\n|move|p1a: Diancie|Draining Kiss|p2a: Grimmsnarl\n|-supereffective|p2a: Grimmsnarl\n|-damage|p2a: Grimmsnarl|22\/100\n|-heal|p1a: Diancie|54\/100|[from] drain|[of] p2a: Grimmsnarl\n|move|p2a: Grimmsnarl|Spirit Break|p1a: Diancie\n|-damage|p1a: Diancie|12\/100\n|-unboost|p1a: Diancie|spa|1\n|\n|upkeep\n|turn|5\n|\n|t:|1700789297\n|move|p1a: Diancie|Draining Kiss|p2a: Grimmsnarl\n|-supereffective|p2a: Grimmsnarl\n|-damage|p2a: Grimmsnarl|1\/100\n|-heal|p1a: Diancie|37\/100|[from] drain|[of] p2a: Grimmsnarl\n|move|p2a: Grimmsnarl|Spirit Break|p1a: Diancie\n|-damage|p1a: Diancie|0 fnt\n|faint|p1a: Diancie\n|\n|upkeep\n|\n|t:|1700789311\n|switch|p1a: Clodsire|Clodsire, F|100\/100\n|turn|6\n|\n|t:|1700789315\n|move|p2a: Grimmsnarl|Reflect|p2a: Grimmsnarl\n|-sidestart|p2: Yakkosalabama|Reflect\n|move|p1a: Clodsire|Earthquake|p2a: Grimmsnarl\n|-damage|p2a: Grimmsnarl|0 fnt\n|faint|p2a: Grimmsnarl\n|\n|upkeep\n|\n|t:|1700789320\n|switch|p2a: Landorus|Landorus-Therian, M|100\/100\n|-ability|p2a: Landorus|Intimidate|boost\n|-unboost|p1a: Clodsire|atk|1\n|turn|7\n|\n|t:|1700789322\n|move|p2a: Landorus|Stealth Rock|p1a: Clodsire\n|-sidestart|p1: Hyperdink|move: Stealth Rock\n|move|p1a: Clodsire|Toxic|p2a: Landorus\n|-status|p2a: Landorus|tox\n|\n|-damage|p2a: Landorus|94\/100 tox|[from] psn\n|upkeep\n|turn|8\n|\n|t:|1700789325\n|move|p2a: Landorus|Earthquake|p1a: Clodsire\n|-supereffective|p1a: Clodsire\n|-damage|p1a: Clodsire|0 fnt\n|faint|p1a: Clodsire\n|\n|-heal|p2a: Landorus|100\/100 tox|[from] item: Leftovers\n|-damage|p2a: Landorus|88\/100 tox|[from] psn\n|-sideend|p2: Yakkosalabama|move: Light Screen\n|upkeep\n|\n|t:|1700789342\n|switch|p1a: Great Tusk|Great Tusk|100\/100\n|-damage|p1a: Great Tusk|98\/100|[from] Stealth Rock\n|-enditem|p1a: Great Tusk|Booster Energy\n|-activate|p1a: Great Tusk|ability: Protosynthesis|[fromitem]\n|-start|p1a: Great Tusk|protosynthesisatk\n|turn|9\n|\n|t:|1700789348\n|move|p1a: Great Tusk|Rapid Spin|p2a: Landorus\n|-damage|p2a: Landorus|78\/100 tox\n|-boost|p1a: Great Tusk|spe|1\n|-sideend|p1: Hyperdink|Stealth Rock|[from] move: Rapid Spin|[of] p1a: Great Tusk\n|move|p2a: Landorus|Earthquake|p1a: Great Tusk\n|-damage|p1a: Great Tusk|58\/100\n|\n|-heal|p2a: Landorus|84\/100 tox|[from] item: Leftovers\n|-damage|p2a: Landorus|66\/100 tox|[from] psn\n|upkeep\n|turn|10\n|\n|t:|1700789374\n|-terastallize|p2a: Landorus|Ground\n|move|p1a: Great Tusk|Stealth Rock|p2a: Landorus\n|-sidestart|p2: Yakkosalabama|move: Stealth Rock\n|move|p2a: Landorus|Earthquake|p1a: Great Tusk\n|-damage|p1a: Great Tusk|0 fnt\n|faint|p1a: Great Tusk\n|-end|p1a: Great Tusk|Protosynthesis|[silent]\n|\n|-heal|p2a: Landorus|72\/100 tox|[from] item: Leftovers\n|-damage|p2a: Landorus|48\/100 tox|[from] psn\n|upkeep\n|\n|t:|1700789380\n|switch|p1a: Zeraora|Zeraora|100\/100\n|turn|11\n|\n|t:|1700789387\n|move|p1a: Zeraora|Knock Off|p2a: Landorus\n|-crit|p2a: Landorus\n|-damage|p2a: Landorus|6\/100 tox\n|-enditem|p2a: Landorus|Leftovers|[from] move: Knock Off|[of] p1a: Zeraora\n|move|p2a: Landorus|Earthquake|p1a: Zeraora\n|-supereffective|p1a: Zeraora\n|-damage|p1a: Zeraora|0 fnt\n|faint|p1a: Zeraora\n|\n|-damage|p2a: Landorus|0 fnt|[from] psn\n|faint|p2a: Landorus\n|upkeep\n|\n|t:|1700789398\n|switch|p1a: Whiscash|Whiscash, M|100\/100\n|switch|p2a: Diancie|Diancie|100\/100\n|-damage|p2a: Diancie|88\/100|[from] Stealth Rock\n|turn|12\n|\n|t:|1700789405\n|move|p1a: Whiscash|Dragon Dance|p1a: Whiscash\n|-boost|p1a: Whiscash|atk|1\n|-boost|p1a: Whiscash|spe|1\n|move|p2a: Diancie|Calm Mind|p2a: Diancie\n|-boost|p2a: Diancie|spa|1\n|-boost|p2a: Diancie|spd|1\n|\n|upkeep\n|turn|13\n|\n|t:|1700789417\n|-terastallize|p1a: Whiscash|Fire\n|move|p1a: Whiscash|Dragon Dance|p1a: Whiscash\n|-boost|p1a: Whiscash|atk|1\n|-boost|p1a: Whiscash|spe|1\n|move|p2a: Diancie|Diamond Storm|p1a: Whiscash\n|-supereffective|p1a: Whiscash\n|-damage|p1a: Whiscash|11\/100\n|\n|-sideend|p2: Yakkosalabama|Reflect\n|upkeep\n|turn|14\n|\n|t:|1700789426\n|move|p1a: Whiscash|Earthquake|p2a: Diancie\n|-supereffective|p2a: Diancie\n|-damage|p2a: Diancie|0 fnt\n|faint|p2a: Diancie\n|-damage|p1a: Whiscash|1\/100|[from] item: Life Orb\n|\n|upkeep\n|\n|t:|1700789434\n|switch|p2a: Kartana|Kartana|100\/100\n|-damage|p2a: Kartana|94\/100|[from] Stealth Rock\n|turn|15\n|\n|t:|1700789438\n|move|p1a: Whiscash|Tera Blast|p2a: Kartana|[anim] Tera Blast Fire\n|-supereffective|p2a: Kartana\n|-damage|p2a: Kartana|0 fnt\n|faint|p2a: Kartana\n|-damage|p1a: Whiscash|0 fnt|[from] item: Life Orb\n|faint|p1a: Whiscash\n|\n|upkeep\n|\n|t:|1700789442\n|switch|p2a: Tapu Koko|Tapu Koko|100\/100\n|switch|p1a: Iron Valiant|Iron Valiant|100\/100\n|-damage|p2a: Tapu Koko|88\/100|[from] Stealth Rock\n|-fieldstart|move: Electric Terrain|[from] ability: Electric Surge|[of] p2a: Tapu Koko\n|-activate|p1a: Iron Valiant|ability: Quark Drive\n|-start|p1a: Iron Valiant|quarkdrivespe\n|turn|16\n|\n|t:|1700789445\n|move|p1a: Iron Valiant|Calm Mind|p1a: Iron Valiant\n|-boost|p1a: Iron Valiant|spa|1\n|-boost|p1a: Iron Valiant|spd|1\n|move|p2a: Tapu Koko|Toxic|p1a: Iron Valiant\n|-status|p1a: Iron Valiant|tox\n|\n|-heal|p2a: Tapu Koko|94\/100|[from] item: Leftovers\n|-damage|p1a: Iron Valiant|94\/100 tox|[from] psn\n|upkeep\n|turn|17\n|\n|t:|1700789450\n|move|p1a: Iron Valiant|Moonblast|p2a: Tapu Koko\n|-damage|p2a: Tapu Koko|7\/100\n|move|p2a: Tapu Koko|Dazzling Gleam|p1a: Iron Valiant\n|-supereffective|p1a: Iron Valiant\n|-damage|p1a: Iron Valiant|29\/100 tox\n|\n|-heal|p2a: Tapu Koko|14\/100|[from] item: Leftovers\n|-damage|p1a: Iron Valiant|17\/100 tox|[from] psn\n|upkeep\n|turn|18\n|\n|t:|1700789455\n|move|p1a: Iron Valiant|Moonblast|p2a: Tapu Koko\n|-damage|p2a: Tapu Koko|0 fnt\n|faint|p2a: Tapu Koko\n|\n|-damage|p1a: Iron Valiant|0 fnt|[from] psn\n|faint|p1a: Iron Valiant\n|-end|p1a: Iron Valiant|Quark Drive|[silent]\n|\n|win|Yakkosalabama\n|upkeep\n|raw|Hyperdink's rating: 1248 &rarr; <strong>1230<\/strong><br \/>(-18 for losing)\n|raw|Yakkosalabama's rating: 1355 &rarr; <strong>1369<\/strong><br \/>(+14 for winning)\n|l|\u2606Hyperdink\n|c|\u2606Yakkosalabama|Gg\n","uploadtime":1700789461,"views":3,"p1id":"hyperdink","p2id":"yakkosalabama","formatid":"gen9nationaldex","rating":1230,"private":0,"password":""}