{"id":"gen9nationaldex-1993480092","p1":"wochaobie","p2":"Koolwraith","format":"[Gen 9] National Dex","log":"|j|\u2606wochaobie\n|j|\u2606Koolwraith\n|t:|1700322955\n|gametype|singles\n|player|p1|wochaobie|169|1261\n|player|p2|Koolwraith|karen|1325\n|teamsize|p1|6\n|teamsize|p2|6\n|gen|9\n|tier|[Gen 9] National Dex\n|rated|\n|rule|HP Percentage Mod: HP is shown in percentages\n|rule|Endless Battle Clause: Forcing endless battles is banned\n|rule|OHKO Clause: OHKO moves are banned\n|rule|Evasion Clause: Evasion abilities, items, and moves are banned\n|rule|Evasion Abilities Clause: Evasion abilities are banned\n|rule|Evasion Items Clause: Evasion items are banned\n|rule|Evasion Moves Clause: Evasion moves are banned\n|rule|Species Clause: Limit one of each Pok\u00e9mon\n|rule|Sleep Clause Mod: Limit one foe put to sleep\n|clearpoke\n|poke|p1|Samurott-Hisui, F|\n|poke|p1|Bisharp, F|\n|poke|p1|Kartana|\n|poke|p1|Aegislash, F|\n|poke|p1|Iron Valiant|\n|poke|p1|Ceruledge, M|\n|poke|p2|Galvantula, F|\n|poke|p2|Porygon2|\n|poke|p2|Breloom, F|\n|poke|p2|Togekiss, M|\n|poke|p2|Swampert, M|\n|poke|p2|Mew|\n|teampreview\n|inactive|Battle timer is ON: inactive players will automatically lose when time's up. (requested by Koolwraith)\n|\n|t:|1700322965\n|start\n|switch|p1a: Samurott|Samurott-Hisui, F|100\/100\n|switch|p2a: Joule|Galvantula, F|100\/100\n|turn|1\n|\n|t:|1700322980\n|move|p1a: Samurott|Ceaseless Edge|p2a: Joule\n|-damage|p2a: Joule|16\/100\n|-sidestart|p2: Koolwraith|Spikes\n|move|p2a: Joule|Thunder|p1a: Samurott\n|-supereffective|p1a: Samurott\n|-damage|p1a: Samurott|0 fnt\n|faint|p1a: Samurott\n|\n|upkeep\n|\n|t:|1700322999\n|switch|p1a: Bisharp|Bisharp, F|100\/100\n|turn|2\n|\n|t:|1700323003\n|move|p2a: Joule|Sticky Web|p1a: Bisharp\n|-sidestart|p1: wochaobie|move: Sticky Web\n|move|p1a: Bisharp|Knock Off|p2a: Joule\n|-damage|p2a: Joule|0 fnt\n|-enditem|p2a: Joule|Focus Sash|[from] move: Knock Off|[of] p1a: Bisharp\n|faint|p2a: Joule\n|\n|upkeep\n|\n|t:|1700323012\n|switch|p2a: Icarus|Togekiss, M|100\/100\n|turn|3\n|\n|t:|1700323019\n|move|p2a: Icarus|Thunder Wave|p1a: Bisharp\n|-status|p1a: Bisharp|par\n|move|p1a: Bisharp|Swords Dance|p1a: Bisharp\n|-boost|p1a: Bisharp|atk|2\n|\n|upkeep\n|turn|4\n|\n|t:|1700323029\n|-terastallize|p2a: Icarus|Steel\n|move|p1a: Bisharp|Sucker Punch|p2a: Icarus\n|-damage|p2a: Icarus|23\/100\n|move|p2a: Icarus|Ancient Power|p1a: Bisharp\n|-resisted|p1a: Bisharp\n|-damage|p1a: Bisharp|91\/100 par\n|\n|-heal|p2a: Icarus|29\/100|[from] item: Leftovers\n|upkeep\n|turn|5\n|\n|t:|1700323038\n|move|p1a: Bisharp|Sucker Punch||[still]\n|-fail|p1a: Bisharp\n|move|p2a: Icarus|Roost|p2a: Icarus\n|-heal|p2a: Icarus|79\/100\n|\n|-heal|p2a: Icarus|85\/100|[from] item: Leftovers\n|upkeep\n|turn|6\n|\n|t:|1700323046\n|cant|p1a: Bisharp|par\n|move|p2a: Icarus|Roost|p2a: Icarus\n|-heal|p2a: Icarus|100\/100\n|\n|upkeep\n|turn|7\n|\n|t:|1700323057\n|move|p2a: Icarus|Ancient Power|p1a: Bisharp\n|-resisted|p1a: Bisharp\n|-damage|p1a: Bisharp|81\/100 par\n|move|p1a: Bisharp|Knock Off|p2a: Icarus\n|-damage|p2a: Icarus|4\/100\n|-enditem|p2a: Icarus|Leftovers|[from] move: Knock Off|[of] p1a: Bisharp\n|\n|upkeep\n|turn|8\n|\n|t:|1700323065\n|move|p2a: Icarus|Air Slash|p1a: Bisharp|[miss]\n|-miss|p2a: Icarus|p1a: Bisharp\n|move|p1a: Bisharp|Knock Off|p2a: Icarus\n|-damage|p2a: Icarus|0 fnt\n|faint|p2a: Icarus\n|\n|upkeep\n|\n|t:|1700323074\n|switch|p2a: Parasol|Breloom, F|100\/100\n|-damage|p2a: Parasol|88\/100|[from] Spikes\n|turn|9\n|\n|t:|1700323089\n|switch|p1a: Kartana|Kartana|100\/100\n|-activate|p1a: Kartana|move: Sticky Web\n|-unboost|p1a: Kartana|spe|1\n|move|p2a: Parasol|Mach Punch|p1a: Kartana\n|-supereffective|p1a: Kartana\n|-damage|p1a: Kartana|18\/100\n|-damage|p2a: Parasol|78\/100|[from] item: Life Orb\n|\n|upkeep\n|turn|10\n|\n|t:|1700323103\n|switch|p1a: Ceruledge|Ceruledge, M|100\/100\n|-activate|p1a: Ceruledge|move: Sticky Web\n|-unboost|p1a: Ceruledge|spe|1\n|move|p2a: Parasol|Mach Punch|p1a: Ceruledge\n|-immune|p1a: Ceruledge\n|\n|upkeep\n|turn|11\n|\n|t:|1700323111\n|move|p2a: Parasol|Spore|p1a: Ceruledge\n|-status|p1a: Ceruledge|slp|[from] move: Spore\n|cant|p1a: Ceruledge|slp\n|\n|upkeep\n|turn|12\n|\n|t:|1700323119\n|switch|p1a: Iron Valiant|Iron Valiant|100\/100\n|-activate|p1a: Iron Valiant|move: Sticky Web\n|-unboost|p1a: Iron Valiant|spe|1\n|-enditem|p1a: Iron Valiant|Booster Energy\n|-activate|p1a: Iron Valiant|ability: Quark Drive|[fromitem]\n|-start|p1a: Iron Valiant|quarkdriveatk\n|move|p2a: Parasol|Rock Tomb|p1a: Iron Valiant|[miss]\n|-miss|p2a: Parasol|p1a: Iron Valiant\n|\n|upkeep\n|turn|13\n|\n|t:|1700323135\n|move|p2a: Parasol|Bullet Seed|p1a: Iron Valiant\n|-damage|p1a: Iron Valiant|69\/100\n|-damage|p1a: Iron Valiant|36\/100\n|-damage|p1a: Iron Valiant|5\/100\n|-hitcount|p1a: Iron Valiant|3\n|-damage|p2a: Parasol|68\/100|[from] item: Life Orb\n|move|p1a: Iron Valiant|Close Combat|p2a: Parasol\n|-damage|p2a: Parasol|0 fnt\n|-unboost|p1a: Iron Valiant|def|1\n|-unboost|p1a: Iron Valiant|spd|1\n|faint|p2a: Parasol\n|\n|upkeep\n|inactive|Koolwraith has 120 seconds left.\n|\n|t:|1700323158\n|switch|p2a: UnderTruck|Mew|100\/100\n|-damage|p2a: UnderTruck|88\/100|[from] Spikes\n|turn|14\n|\n|t:|1700323166\n|move|p1a: Iron Valiant|Close Combat|p2a: UnderTruck\n|-resisted|p2a: UnderTruck\n|-damage|p2a: UnderTruck|52\/100\n|-unboost|p1a: Iron Valiant|def|1\n|-unboost|p1a: Iron Valiant|spd|1\n|move|p2a: UnderTruck|Cosmic Power|p2a: UnderTruck\n|-boost|p2a: UnderTruck|def|1\n|-boost|p2a: UnderTruck|spd|1\n|\n|upkeep\n|turn|15\n|\n|t:|1700323176\n|move|p1a: Iron Valiant|Ice Punch|p2a: UnderTruck\n|-damage|p2a: UnderTruck|34\/100\n|move|p2a: UnderTruck|Roost|p2a: UnderTruck\n|-heal|p2a: UnderTruck|84\/100\n|-singleturn|p2a: UnderTruck|move: Roost\n|\n|upkeep\n|turn|16\n|\n|t:|1700323196\n|move|p1a: Iron Valiant|Moonblast|p2a: UnderTruck\n|-damage|p2a: UnderTruck|67\/100\n|-unboost|p2a: UnderTruck|spa|1\n|move|p2a: UnderTruck|Cosmic Power|p2a: UnderTruck\n|-boost|p2a: UnderTruck|def|1\n|-boost|p2a: UnderTruck|spd|1\n|\n|upkeep\n|turn|17\n|\n|t:|1700323214\n|-end|p1a: Iron Valiant|Quark Drive|[silent]\n|switch|p1a: Aegislash|Aegislash, F, shiny|100\/100\n|-activate|p1a: Aegislash|move: Sticky Web\n|-unboost|p1a: Aegislash|spe|1\n|move|p2a: UnderTruck|Cosmic Power|p2a: UnderTruck\n|-boost|p2a: UnderTruck|def|1\n|-boost|p2a: UnderTruck|spd|1\n|\n|upkeep\n|turn|18\n|\n|t:|1700323223\n|move|p2a: UnderTruck|Roost|p2a: UnderTruck\n|-heal|p2a: UnderTruck|100\/100\n|-singleturn|p2a: UnderTruck|move: Roost\n|-formechange|p1a: Aegislash|Aegislash-Blade||[from] ability: Stance Change\n|move|p1a: Aegislash|Shadow Ball|p2a: UnderTruck\n|-supereffective|p2a: UnderTruck\n|-damage|p2a: UnderTruck|78\/100\n|-unboost|p2a: UnderTruck|spd|1\n|-enditem|p2a: UnderTruck|Weakness Policy\n|-boost|p2a: UnderTruck|atk|2|[from] item: Weakness Policy\n|-boost|p2a: UnderTruck|spa|2|[from] item: Weakness Policy\n|\n|upkeep\n|turn|19\n|\n|t:|1700323236\n|-formechange|p1a: Aegislash|Aegislash||[from] ability: Stance Change\n|move|p1a: Aegislash|King's Shield|p1a: Aegislash\n|-singleturn|p1a: Aegislash|Protect\n|move|p2a: UnderTruck|Cosmic Power|p2a: UnderTruck\n|-boost|p2a: UnderTruck|def|1\n|-boost|p2a: UnderTruck|spd|1\n|\n|upkeep\n|turn|20\n|\n|t:|1700323245\n|-terastallize|p1a: Aegislash|Poison\n|move|p2a: UnderTruck|Stored Power|p1a: Aegislash\n|-supereffective|p1a: Aegislash\n|-damage|p1a: Aegislash|0 fnt\n|faint|p1a: Aegislash\n|\n|upkeep\n|\n|t:|1700323260\n|switch|p1a: Kartana|Kartana|18\/100\n|-activate|p1a: Kartana|move: Sticky Web\n|-unboost|p1a: Kartana|spe|1\n|turn|21\n|\n|t:|1700323266\n|move|p1a: Kartana|Night Slash|p2a: UnderTruck\n|-supereffective|p2a: UnderTruck\n|-damage|p2a: UnderTruck|60\/100\n|move|p2a: UnderTruck|Stored Power|p1a: Kartana\n|-resisted|p1a: Kartana\n|-damage|p1a: Kartana|0 fnt\n|faint|p1a: Kartana\n|\n|upkeep\n|\n|t:|1700323272\n|switch|p1a: Ceruledge|Ceruledge, M|100\/100 slp\n|-activate|p1a: Ceruledge|move: Sticky Web\n|-unboost|p1a: Ceruledge|spe|1\n|turn|22\n|\n|t:|1700323276\n|cant|p1a: Ceruledge|slp\n|move|p2a: UnderTruck|Roost|p2a: UnderTruck\n|-heal|p2a: UnderTruck|100\/100\n|-singleturn|p2a: UnderTruck|move: Roost\n|\n|upkeep\n|turn|23\n|\n|t:|1700323281\n|move|p2a: UnderTruck|Stored Power|p1a: Ceruledge\n|-enditem|p1a: Ceruledge|Focus Sash\n|-damage|p1a: Ceruledge|1\/100 slp\n|cant|p1a: Ceruledge|slp\n|\n|upkeep\n|turn|24\n|\n|t:|1700323287\n|-curestatus|p1a: Ceruledge|slp|[msg]\n|move|p1a: Ceruledge|Shadow Sneak|p2a: UnderTruck\n|-supereffective|p2a: UnderTruck\n|-damage|p2a: UnderTruck|90\/100\n|move|p2a: UnderTruck|Stored Power|p1a: Ceruledge\n|-damage|p1a: Ceruledge|0 fnt\n|faint|p1a: Ceruledge\n|\n|upkeep\n|\n|t:|1700323292\n|switch|p1a: Bisharp|Bisharp, F|81\/100 par\n|-activate|p1a: Bisharp|move: Sticky Web\n|-unboost|p1a: Bisharp|spe|1\n|-ability|p1a: Bisharp|Defiant|boost\n|-boost|p1a: Bisharp|atk|2\n|turn|25\n|\n|t:|1700323298\n|cant|p1a: Bisharp|par\n|move|p2a: UnderTruck|Body Press|p1a: Bisharp\n|-supereffective|p1a: Bisharp\n|-damage|p1a: Bisharp|0 fnt\n|faint|p1a: Bisharp\n|\n|upkeep\n|\n|t:|1700323304\n|switch|p1a: Iron Valiant|Iron Valiant|5\/100\n|-activate|p1a: Iron Valiant|move: Sticky Web\n|-unboost|p1a: Iron Valiant|spe|1\n|turn|26\n|\n|t:|1700323307\n|move|p1a: Iron Valiant|Close Combat|p2a: UnderTruck\n|-resisted|p2a: UnderTruck\n|-damage|p2a: UnderTruck|80\/100\n|-unboost|p1a: Iron Valiant|def|1\n|-unboost|p1a: Iron Valiant|spd|1\n|move|p2a: UnderTruck|Stored Power|p1a: Iron Valiant\n|-supereffective|p1a: Iron Valiant\n|-damage|p1a: Iron Valiant|0 fnt\n|faint|p1a: Iron Valiant\n|-end|p1a: Iron Valiant|Quark Drive|[silent]\n|\n|win|Koolwraith\n|raw|wochaobie's rating: 1261 &rarr; <strong>1241<\/strong><br \/>(-20 for losing)\n|raw|Koolwraith's rating: 1325 &rarr; <strong>1341<\/strong><br \/>(+16 for winning)\n|l|\u2606wochaobie\n","uploadtime":1700323324,"views":6,"p1id":"wochaobie","p2id":"koolwraith","formatid":"gen9nationaldex","rating":1241,"private":0,"password":""}