{"id":"gen9nationaldex-1998114263","p1":"Glonxxu","p2":"silentcementery","format":"[Gen 9] National Dex","log":"|html|<div class=\"broadcast-blue\"><strong>[Gen 9] National Dex is currently suspecting Sneasler! For information on how to participate check out the <a href=\"https:\/\/www.smogon.com\/forums\/threads\/sv-national-dex-suspect-8-just-dance.3731534\/\">suspect thread<\/a>.<\/strong><\/div>\n|j|\u2606Glonxxu\n|j|\u2606silentcementery\n|t:|1700893818\n|gametype|singles\n|player|p1|Glonxxu|candice|1318\n|player|p2|silentcementery|102|1399\n|teamsize|p1|6\n|teamsize|p2|6\n|gen|9\n|tier|[Gen 9] National Dex\n|rated|\n|rule|HP Percentage Mod: HP is shown in percentages\n|rule|Endless Battle Clause: Forcing endless battles is banned\n|rule|OHKO Clause: OHKO moves are banned\n|rule|Evasion Clause: Evasion abilities, items, and moves are banned\n|rule|Evasion Abilities Clause: Evasion abilities are banned\n|rule|Evasion Items Clause: Evasion items are banned\n|rule|Evasion Moves Clause: Evasion moves are banned\n|rule|Species Clause: Limit one of each Pok\u00e9mon\n|rule|Sleep Clause Mod: Limit one foe put to sleep\n|clearpoke\n|poke|p1|Ninetales-Alola, F|\n|poke|p1|Arctozolt|\n|poke|p1|Weavile, M|\n|poke|p1|Froslass, F|\n|poke|p1|Lapras, M|\n|poke|p1|Frosmoth, F|\n|poke|p2|Torterra, F|\n|poke|p2|Grimmsnarl, M|\n|poke|p2|Diancie|\n|poke|p2|Greninja-*, M|\n|poke|p2|Kommo-o, M|\n|poke|p2|Gliscor, F|\n|teampreview\n|inactive|Battle timer is ON: inactive players will automatically lose when time's up. (requested by Glonxxu)\n|\n|t:|1700893832\n|start\n|switch|p1a: Ninetales|Ninetales-Alola, F|100\/100\n|switch|p2a: Diancie|Diancie|100\/100\n|-weather|Snow|[from] ability: Snow Warning|[of] p1a: Ninetales\n|turn|1\n|inactive|Glonxxu has 120 seconds left.\n|inactive|silentcementery has 120 seconds left.\n|\n|t:|1700893869\n|switch|p1a: Frosmoth|Frosmoth, F|100\/100\n|detailschange|p2a: Diancie|Diancie-Mega\n|-mega|p2a: Diancie|Diancie|Diancite\n|move|p2a: Diancie|Diamond Storm|p1a: Frosmoth\n|-supereffective|p1a: Frosmoth\n|-damage|p1a: Frosmoth|0 fnt\n|-boost|p2a: Diancie|def|2\n|faint|p1a: Frosmoth\n|\n|-weather|Snow|[upkeep]\n|upkeep\n|inactive|Glonxxu has 120 seconds left.\n|c|\u2606silentcementery|brooooo\n|\n|t:|1700893881\n|switch|p1a: Froslass|Froslass, F|100\/100\n|turn|2\n|\n|t:|1700893886\n|move|p2a: Diancie|Diamond Storm|p1a: Froslass\n|-supereffective|p1a: Froslass\n|-damage|p1a: Froslass|13\/100\n|-boost|p2a: Diancie|def|2\n|-start|p2a: Diancie|Disable|Diamond Storm|[from] ability: Cursed Body|[of] p1a: Froslass\n|move|p1a: Froslass|Destiny Bond|p1a: Froslass\n|-singlemove|p1a: Froslass|Destiny Bond\n|\n|-weather|Snow|[upkeep]\n|upkeep\n|turn|3\n|inactive|Glonxxu has 120 seconds left.\n|\n|t:|1700893901\n|switch|p2a: ok|Gliscor, F, shiny|100\/100\n|move|p1a: Froslass|Aurora Veil|p1a: Froslass\n|-sidestart|p1: Glonxxu|move: Aurora Veil\n|\n|-weather|Snow|[upkeep]\n|-status|p2a: ok|tox|[from] item: Toxic Orb\n|upkeep\n|turn|4\n|inactive|Glonxxu has 120 seconds left.\n|\n|t:|1700893916\n|switch|p1a: Arctozolt|Arctozolt|100\/100\n|move|p2a: ok|Defog|p1a: Arctozolt\n|-unboost|p1a: Arctozolt|evasion|1\n|-sideend|p1: Glonxxu|move: Aurora Veil\n|\n|-weather|Snow|[upkeep]\n|upkeep\n|turn|5\n|\n|t:|1700893923\n|move|p1a: Arctozolt|Blizzard|p2a: ok\n|-supereffective|p2a: ok\n|-damage|p2a: ok|0 fnt\n|faint|p2a: ok\n|-damage|p1a: Arctozolt|91\/100|[from] item: Life Orb\n|\n|-weather|Snow|[upkeep]\n|upkeep\n|\n|t:|1700893932\n|switch|p2a: Torterra|Torterra, F|100\/100\n|turn|6\n|\n|t:|1700893942\n|-terastallize|p2a: Torterra|Steel\n|move|p1a: Arctozolt|Blizzard|p2a: Torterra\n|-resisted|p2a: Torterra\n|-damage|p2a: Torterra|73\/100\n|-damage|p1a: Arctozolt|81\/100|[from] item: Life Orb\n|move|p2a: Torterra|Shell Smash|p2a: Torterra\n|-unboost|p2a: Torterra|def|1\n|-unboost|p2a: Torterra|spd|1\n|-boost|p2a: Torterra|atk|2\n|-boost|p2a: Torterra|spa|2\n|-boost|p2a: Torterra|spe|2\n|\n|-weather|Snow|[upkeep]\n|upkeep\n|turn|7\n|\n|t:|1700893965\n|move|p1a: Arctozolt|Low Kick|p2a: Torterra\n|-supereffective|p2a: Torterra\n|-damage|p2a: Torterra|0 fnt\n|faint|p2a: Torterra\n|-damage|p1a: Arctozolt|71\/100|[from] item: Life Orb\n|\n|-weather|Snow|[upkeep]\n|upkeep\n|c|\u2606silentcementery|how\n|inactive|silentcementery has 120 seconds left.\n|c|\u2606Glonxxu|en\n|\n|t:|1700893987\n|switch|p2a: change race|Grimmsnarl, M, shiny|100\/100\n|turn|8\n|c|\u2606silentcementery|wut\n|inactive|Glonxxu has 120 seconds left.\n|\n|t:|1700894008\n|switch|p1a: Froslass|Froslass, F|13\/100\n|move|p2a: change race|Fake Out|p1a: Froslass\n|-immune|p1a: Froslass\n|\n|-weather|none\n|upkeep\n|turn|9\n|c|\u2606silentcementery|bro im faster\n|\n|t:|1700894015\n|switch|p1a: Ninetales|Ninetales-Alola, F|100\/100\n|-weather|Snow|[from] ability: Snow Warning|[of] p1a: Ninetales\n|move|p2a: change race|Parting Shot|p1a: Ninetales\n|-unboost|p1a: Ninetales|atk|1\n|-unboost|p1a: Ninetales|spa|1\n|\n|t:|1700894022\n|switch|p2a: Diancie|Diancie-Mega|100\/100|[from] Parting Shot\n|\n|-weather|Snow|[upkeep]\n|upkeep\n|turn|10\n|\n|t:|1700894033\n|switch|p1a: Froslass|Froslass, F|13\/100\n|move|p2a: Diancie|Mystical Fire|p1a: Froslass\n|-supereffective|p1a: Froslass\n|-damage|p1a: Froslass|0 fnt\n|-start|p2a: Diancie|Disable|Mystical Fire|[from] ability: Cursed Body|[of] p1a: Froslass\n|faint|p1a: Froslass\n|\n|-weather|Snow|[upkeep]\n|upkeep\n|\n|t:|1700894043\n|switch|p1a: Arctozolt|Arctozolt|71\/100\n|turn|11\n|\n|t:|1700894050\n|move|p1a: Arctozolt|Stomping Tantrum|p2a: Diancie\n|-supereffective|p2a: Diancie\n|-damage|p2a: Diancie|24\/100\n|-damage|p1a: Arctozolt|61\/100|[from] item: Life Orb\n|move|p2a: Diancie|Earth Power|p1a: Arctozolt\n|-supereffective|p1a: Arctozolt\n|-damage|p1a: Arctozolt|0 fnt\n|faint|p1a: Arctozolt\n|\n|-weather|Snow|[upkeep]\n|upkeep\n|\n|t:|1700894070\n|switch|p1a: Weavile|Weavile, M|100\/100\n|-ability|p1a: Weavile|Pressure\n|turn|12\n|inactive|silentcementery has 120 seconds left.\n|\n|t:|1700894104\n|move|p1a: Weavile|Knock Off|p2a: Diancie\n|-resisted|p2a: Diancie\n|-damage|p2a: Diancie|0 fnt\n|faint|p2a: Diancie\n|\n|-weather|Snow|[upkeep]\n|upkeep\n|inactive|silentcementery has 120 seconds left.\n|\n|t:|1700894110\n|switch|p2a: change race|Grimmsnarl, M, shiny|100\/100\n|turn|13\n|\n|t:|1700894119\n|move|p2a: change race|Fake Out|p1a: Weavile\n|-damage|p1a: Weavile|87\/100\n|cant|p1a: Weavile|flinch\n|\n|-weather|Snow|[upkeep]\n|upkeep\n|turn|14\n|inactive|silentcementery has 120 seconds left.\n|\n|t:|1700894153\n|switch|p1a: Ninetales|Ninetales-Alola, F|100\/100\n|move|p2a: change race|Light Screen|p2a: change race\n|-sidestart|p2: silentcementery|move: Light Screen\n|\n|-weather|Snow|[upkeep]\n|upkeep\n|turn|15\n|\n|t:|1700894164\n|move|p2a: change race|Parting Shot|p1a: Ninetales\n|-unboost|p1a: Ninetales|atk|1\n|-unboost|p1a: Ninetales|spa|1\n|\n|t:|1700894167\n|switch|p2a: Kommo-o|Kommo-o, M|100\/100|[from] Parting Shot\n|move|p1a: Ninetales|Moonblast|p2a: Kommo-o\n|-supereffective|p2a: Kommo-o\n|-damage|p2a: Kommo-o|39\/100\n|\n|-weather|Snow|[upkeep]\n|upkeep\n|turn|16\n|\n|t:|1700894174\n|move|p1a: Ninetales|Moonblast|p2a: Kommo-o\n|-supereffective|p2a: Kommo-o\n|-damage|p2a: Kommo-o|0 fnt\n|faint|p2a: Kommo-o\n|\n|-weather|none\n|upkeep\n|\n|t:|1700894177\n|switch|p2a: Greninja|Greninja, M|100\/100\n|turn|17\n|\n|t:|1700894190\n|switch|p1a: Lapras|Lapras, M|100\/100\n|move|p2a: Greninja|Extrasensory|p1a: Lapras\n|-damage|p1a: Lapras|77\/100\n|-damage|p2a: Greninja|91\/100|[from] item: Life Orb\n|\n|-heal|p1a: Lapras|83\/100|[from] item: Leftovers\n|upkeep\n|turn|18\n|\n|t:|1700894205\n|move|p2a: Greninja|Dark Pulse|p1a: Lapras\n|-damage|p1a: Lapras|51\/100\n|-damage|p2a: Greninja|81\/100|[from] item: Life Orb\n|move|p1a: Lapras|Megahorn|p2a: Greninja\n|-supereffective|p2a: Greninja\n|-damage|p2a: Greninja|0 fnt\n|faint|p2a: Greninja\n|\n|-heal|p1a: Lapras|58\/100|[from] item: Leftovers\n|upkeep\n|-message|silentcementery forfeited.\n|\n|win|Glonxxu\n|raw|Glonxxu's rating: 1318 &rarr; <strong>1343<\/strong><br \/>(+25 for winning)\n|raw|silentcementery's rating: 1399 &rarr; <strong>1374<\/strong><br \/>(-25 for losing)\n|l|\u2606silentcementery\n","uploadtime":1700894220,"views":2,"p1id":"glonxxu","p2id":"silentcementery","formatid":"gen9nationaldex","rating":1343,"private":0,"password":""}