{"id":"gen9nationaldex-1996882140","p1":"Tarizzler","p2":"hepe","format":"[Gen 9] National Dex","log":"|html|<div class=\"broadcast-blue\"><strong>[Gen 9] National Dex is currently suspecting Sneasler! For information on how to participate check out the <a href=\"https:\/\/www.smogon.com\/forums\/threads\/sv-national-dex-suspect-8-just-dance.3731534\/\">suspect thread<\/a>.<\/strong><\/div>\n|j|\u2606Tarizzler\n|j|\u2606hepe\n|t:|1700739795\n|gametype|singles\n|player|p1|Tarizzler|cheren|1080\n|player|p2|hepe|2|1017\n|teamsize|p1|6\n|teamsize|p2|6\n|gen|9\n|tier|[Gen 9] National Dex\n|rated|\n|rule|HP Percentage Mod: HP is shown in percentages\n|rule|Endless Battle Clause: Forcing endless battles is banned\n|rule|OHKO Clause: OHKO moves are banned\n|rule|Evasion Clause: Evasion abilities, items, and moves are banned\n|rule|Evasion Abilities Clause: Evasion abilities are banned\n|rule|Evasion Items Clause: Evasion items are banned\n|rule|Evasion Moves Clause: Evasion moves are banned\n|rule|Species Clause: Limit one of each Pok\u00e9mon\n|rule|Sleep Clause Mod: Limit one foe put to sleep\n|clearpoke\n|poke|p1|Gyarados, M|\n|poke|p1|Scrafty, M|\n|poke|p1|Incineroar, F|\n|poke|p1|Hitmontop, M|\n|poke|p1|Arcanine, F|\n|poke|p1|Overqwil, M|\n|poke|p2|Crawdaunt, F|\n|poke|p2|Charizard, F|\n|poke|p2|Blaziken, F|\n|poke|p2|Ludicolo, M|\n|poke|p2|Beedrill, F|\n|poke|p2|Greninja-*, M|\n|teampreview\n|inactive|Battle timer is ON: inactive players will automatically lose when time's up. (requested by Tarizzler)\n|\n|t:|1700739800\n|start\n|switch|p1a: Incineroar|Incineroar, F|100\/100\n|switch|p2a: Ludicolo|Ludicolo, M|100\/100\n|-ability|p1a: Incineroar|Intimidate|boost\n|-unboost|p2a: Ludicolo|atk|1\n|turn|1\n|\n|t:|1700739806\n|move|p1a: Incineroar|Fake Out|p2a: Ludicolo\n|-damage|p2a: Ludicolo|81\/100\n|cant|p2a: Ludicolo|flinch\n|\n|upkeep\n|turn|2\n|\n|t:|1700739810\n|move|p2a: Ludicolo|Rain Dance|p2a: Ludicolo\n|-weather|RainDance\n|move|p1a: Incineroar|Parting Shot|p2a: Ludicolo\n|-unboost|p2a: Ludicolo|atk|1\n|-unboost|p2a: Ludicolo|spa|1\n|\n|t:|1700739817\n|switch|p1a: Gyarados|Gyarados, M|100\/100|[from] Parting Shot\n|-ability|p1a: Gyarados|Intimidate|boost\n|-unboost|p2a: Ludicolo|atk|1\n|\n|-weather|RainDance|[upkeep]\n|upkeep\n|turn|3\n|\n|t:|1700739822\n|detailschange|p1a: Gyarados|Gyarados-Mega, M\n|-mega|p1a: Gyarados|Gyarados|Gyaradosite\n|-ability|p1a: Gyarados|Mold Breaker\n|move|p2a: Ludicolo|Giga Drain|p1a: Gyarados\n|-supereffective|p1a: Gyarados\n|-damage|p1a: Gyarados|64\/100\n|-heal|p2a: Ludicolo|100\/100|[from] drain|[of] p1a: Gyarados\n|move|p1a: Gyarados|Dragon Dance|p1a: Gyarados\n|-boost|p1a: Gyarados|atk|1\n|-boost|p1a: Gyarados|spe|1\n|\n|-weather|RainDance|[upkeep]\n|upkeep\n|turn|4\n|\n|t:|1700739836\n|move|p1a: Gyarados|Dragon Dance|p1a: Gyarados\n|-boost|p1a: Gyarados|atk|1\n|-boost|p1a: Gyarados|spe|1\n|move|p2a: Ludicolo|Giga Drain|p1a: Gyarados\n|-supereffective|p1a: Gyarados\n|-damage|p1a: Gyarados|24\/100\n|\n|-weather|RainDance|[upkeep]\n|upkeep\n|turn|5\n|\n|t:|1700739842\n|move|p1a: Gyarados|Crunch|p2a: Ludicolo\n|-enditem|p2a: Ludicolo|Focus Sash\n|-damage|p2a: Ludicolo|1\/100\n|move|p2a: Ludicolo|Giga Drain|p1a: Gyarados\n|-supereffective|p1a: Gyarados\n|-damage|p1a: Gyarados|0 fnt\n|-heal|p2a: Ludicolo|14\/100|[from] drain|[of] p1a: Gyarados\n|faint|p1a: Gyarados\n|\n|-weather|RainDance|[upkeep]\n|upkeep\n|\n|t:|1700739850\n|switch|p1a: Hitmontop|Hitmontop, M|100\/100\n|-ability|p1a: Hitmontop|Intimidate|boost\n|-unboost|p2a: Ludicolo|atk|1\n|turn|6\n|\n|t:|1700739857\n|move|p1a: Hitmontop|Fake Out|p2a: Ludicolo\n|-damage|p2a: Ludicolo|0 fnt\n|faint|p2a: Ludicolo\n|\n|-weather|none\n|upkeep\n|\n|t:|1700739862\n|switch|p2a: Greninja|Greninja, M|100\/100\n|turn|7\n|\n|t:|1700739874\n|switch|p1a: Overqwil|Overqwil, M|100\/100\n|-ability|p1a: Overqwil|Intimidate|boost\n|-unboost|p2a: Greninja|atk|1\n|-item|p1a: Overqwil|Air Balloon\n|move|p2a: Greninja|Extrasensory|p1a: Overqwil\n|-immune|p1a: Overqwil\n|\n|upkeep\n|turn|8\n|\n|t:|1700739887\n|move|p2a: Greninja|Water Shuriken|p1a: Overqwil\n|-damage|p1a: Overqwil|89\/100\n|-enditem|p1a: Overqwil|Air Balloon\n|-damage|p1a: Overqwil|77\/100\n|-hitcount|p1a: Overqwil|2\n|move|p1a: Overqwil|Swords Dance|p1a: Overqwil\n|-boost|p1a: Overqwil|atk|2\n|\n|upkeep\n|turn|9\n|\n|t:|1700739896\n|move|p1a: Overqwil|Barb Barrage|p2a: Greninja\n|-enditem|p2a: Greninja|Focus Sash\n|-damage|p2a: Greninja|1\/100\n|-status|p2a: Greninja|psn\n|move|p2a: Greninja|Scald|p1a: Overqwil\n|-damage|p1a: Overqwil|16\/100\n|-status|p1a: Overqwil|brn\n|\n|-damage|p2a: Greninja|0 fnt|[from] psn\n|faint|p2a: Greninja\n|-damage|p1a: Overqwil|10\/100 brn|[from] brn\n|upkeep\n|\n|t:|1700739911\n|switch|p2a: Beedrill|Beedrill, F|100\/100\n|turn|10\n|\n|t:|1700739922\n|switch|p1a: Incineroar|Incineroar, F|100\/100\n|-ability|p1a: Incineroar|Intimidate|boost\n|-unboost|p2a: Beedrill|atk|1\n|detailschange|p2a: Beedrill|Beedrill-Mega, F\n|-mega|p2a: Beedrill|Beedrill|Beedrillite\n|move|p2a: Beedrill|Fell Stinger|p1a: Incineroar\n|-damage|p1a: Incineroar|75\/100\n|\n|upkeep\n|turn|11\n|\n|t:|1700739933\n|move|p1a: Incineroar|Fake Out|p2a: Beedrill\n|-damage|p2a: Beedrill|64\/100\n|cant|p2a: Beedrill|flinch\n|\n|upkeep\n|turn|12\n|\n|t:|1700739937\n|move|p2a: Beedrill|Drill Run|p1a: Incineroar\n|-supereffective|p1a: Incineroar\n|-damage|p1a: Incineroar|35\/100\n|move|p1a: Incineroar|Overheat|p2a: Beedrill\n|-supereffective|p2a: Beedrill\n|-damage|p2a: Beedrill|0 fnt\n|-unboost|p1a: Incineroar|spa|2\n|faint|p2a: Beedrill\n|\n|upkeep\n|\n|t:|1700739947\n|switch|p2a: Crawdaunt|Crawdaunt, F, shiny|100\/100\n|turn|13\n|\n|t:|1700739954\n|switch|p1a: Overqwil|Overqwil, M|10\/100 brn\n|-ability|p1a: Overqwil|Intimidate|boost\n|-unboost|p2a: Crawdaunt|atk|1\n|move|p2a: Crawdaunt|Crabhammer|p1a: Overqwil\n|-damage|p1a: Overqwil|0 fnt\n|faint|p1a: Overqwil\n|\n|upkeep\n|\n|t:|1700739965\n|switch|p1a: Scrafty|Scrafty, M|100\/100\n|-ability|p1a: Scrafty|Intimidate|boost\n|-unboost|p2a: Crawdaunt|atk|1\n|turn|14\n|\n|t:|1700739973\n|switch|p2a: Blaziken|Blaziken, F|100\/100\n|move|p1a: Scrafty|Fake Out|p2a: Blaziken\n|-damage|p2a: Blaziken|82\/100\n|\n|upkeep\n|turn|15\n|\n|t:|1700739981\n|switch|p1a: Arcanine|Arcanine, F|100\/100\n|-ability|p1a: Arcanine|Intimidate|boost\n|-unboost|p2a: Blaziken|atk|1\n|move|p2a: Blaziken|Swords Dance|p2a: Blaziken\n|-boost|p2a: Blaziken|atk|2\n|\n|-ability|p2a: Blaziken|Speed Boost|boost\n|-boost|p2a: Blaziken|spe|1\n|upkeep\n|turn|16\n|\n|t:|1700739991\n|move|p2a: Blaziken|Earthquake|p1a: Arcanine\n|-supereffective|p1a: Arcanine\n|-damage|p1a: Arcanine|0 fnt\n|faint|p1a: Arcanine\n|\n|-ability|p2a: Blaziken|Speed Boost|boost\n|-boost|p2a: Blaziken|spe|1\n|upkeep\n|\n|t:|1700739997\n|switch|p1a: Hitmontop|Hitmontop, M|100\/100\n|-ability|p1a: Hitmontop|Intimidate|boost\n|-unboost|p2a: Blaziken|atk|1\n|turn|17\n|\n|t:|1700740005\n|move|p1a: Hitmontop|Fake Out|p2a: Blaziken\n|-damage|p2a: Blaziken|65\/100\n|cant|p2a: Blaziken|flinch\n|\n|-ability|p2a: Blaziken|Speed Boost|boost\n|-boost|p2a: Blaziken|spe|1\n|upkeep\n|turn|18\n|\n|t:|1700740011\n|move|p2a: Blaziken|Blaze Kick|p1a: Hitmontop\n|-damage|p1a: Hitmontop|48\/100\n|move|p1a: Hitmontop|High Jump Kick|p2a: Blaziken\n|-damage|p2a: Blaziken|0 fnt\n|faint|p2a: Blaziken\n|\n|upkeep\n|\n|t:|1700740023\n|switch|p2a: Crawdaunt|Crawdaunt, F, shiny|100\/100\n|turn|19\n|\n|t:|1700740035\n|move|p1a: Hitmontop|Mach Punch|p2a: Crawdaunt\n|-supereffective|p2a: Crawdaunt\n|-damage|p2a: Crawdaunt|49\/100\n|move|p2a: Crawdaunt|Crabhammer|p1a: Hitmontop\n|-damage|p1a: Hitmontop|0 fnt\n|faint|p1a: Hitmontop\n|\n|upkeep\n|\n|t:|1700740043\n|switch|p1a: Incineroar|Incineroar, F|35\/100\n|-ability|p1a: Incineroar|Intimidate|boost\n|-unboost|p2a: Crawdaunt|atk|1\n|turn|20\n|\n|t:|1700740047\n|move|p1a: Incineroar|Fake Out|p2a: Crawdaunt\n|-damage|p2a: Crawdaunt|29\/100\n|cant|p2a: Crawdaunt|flinch\n|\n|upkeep\n|turn|21\n|\n|t:|1700740054\n|switch|p1a: Scrafty|Scrafty, M|100\/100\n|-ability|p1a: Scrafty|Intimidate|boost\n|-unboost|p2a: Crawdaunt|atk|1\n|move|p2a: Crawdaunt|Aqua Jet|p1a: Scrafty\n|-damage|p1a: Scrafty|86\/100\n|\n|-heal|p1a: Scrafty|92\/100|[from] item: Leftovers\n|upkeep\n|turn|22\n|\n|t:|1700740066\n|switch|p2a: Charizard|Charizard, F, shiny|100\/100\n|move|p1a: Scrafty|Fake Out|p2a: Charizard\n|-damage|p2a: Charizard|82\/100\n|\n|-heal|p1a: Scrafty|98\/100|[from] item: Leftovers\n|upkeep\n|turn|23\n|\n|t:|1700740075\n|move|p2a: Charizard|Dragon Dance|p2a: Charizard\n|-boost|p2a: Charizard|atk|1\n|-boost|p2a: Charizard|spe|1\n|move|p1a: Scrafty|Bulk Up|p1a: Scrafty\n|-boost|p1a: Scrafty|atk|1\n|-boost|p1a: Scrafty|def|1\n|\n|-heal|p1a: Scrafty|100\/100|[from] item: Leftovers\n|upkeep\n|turn|24\n|\n|t:|1700740084\n|move|p2a: Charizard|Earthquake|p1a: Scrafty\n|-damage|p1a: Scrafty|76\/100\n|move|p1a: Scrafty|Bulk Up|p1a: Scrafty\n|-boost|p1a: Scrafty|atk|1\n|-boost|p1a: Scrafty|def|1\n|\n|-heal|p1a: Scrafty|82\/100|[from] item: Leftovers\n|upkeep\n|turn|25\n|\n|t:|1700740093\n|move|p2a: Charizard|Dragon Dance|p2a: Charizard\n|-boost|p2a: Charizard|atk|1\n|-boost|p2a: Charizard|spe|1\n|move|p1a: Scrafty|Bulk Up|p1a: Scrafty\n|-boost|p1a: Scrafty|atk|1\n|-boost|p1a: Scrafty|def|1\n|\n|-heal|p1a: Scrafty|88\/100|[from] item: Leftovers\n|upkeep\n|turn|26\n|\n|t:|1700740100\n|move|p2a: Charizard|Blaze Kick|p1a: Scrafty\n|-damage|p1a: Scrafty|59\/100\n|move|p1a: Scrafty|Bulk Up|p1a: Scrafty\n|-boost|p1a: Scrafty|atk|1\n|-boost|p1a: Scrafty|def|1\n|\n|-heal|p1a: Scrafty|65\/100|[from] item: Leftovers\n|upkeep\n|turn|27\n|\n|t:|1700740113\n|move|p2a: Charizard|Blaze Kick|p1a: Scrafty\n|-damage|p1a: Scrafty|45\/100\n|move|p1a: Scrafty|Crunch|p2a: Charizard\n|-damage|p2a: Charizard|0 fnt\n|faint|p2a: Charizard\n|\n|-heal|p1a: Scrafty|51\/100|[from] item: Leftovers\n|upkeep\n|\n|t:|1700740120\n|switch|p2a: Crawdaunt|Crawdaunt, F, shiny|29\/100\n|turn|28\n|-message|hepe forfeited.\n|\n|win|Tarizzler\n|raw|Tarizzler's rating: 1080 &rarr; <strong>1103<\/strong><br \/>(+23 for winning)\n|raw|hepe's rating: 1017 &rarr; <strong>1007<\/strong><br \/>(-10 for losing)\n|l|\u2606hepe\n","uploadtime":1700740143,"views":3,"p1id":"tarizzler","p2id":"hepe","formatid":"gen9nationaldex","rating":1007,"private":0,"password":""}