{"id":"gen9nationaldex-1997587489","p1":"Oceanclouds","p2":"Twoinwardsoup","format":"[Gen 9] National Dex","log":"|html|<div class=\"broadcast-blue\"><strong>[Gen 9] National Dex is currently suspecting Sneasler! For information on how to participate check out the <a href=\"https:\/\/www.smogon.com\/forums\/threads\/sv-national-dex-suspect-8-just-dance.3731534\/\">suspect thread<\/a>.<\/strong><\/div>\n|j|\u2606Oceanclouds\n|j|\u2606Twoinwardsoup\n|t:|1700829566\n|gametype|singles\n|player|p1|Oceanclouds|169|1096\n|player|p2|Twoinwardsoup|unknown|1152\n|teamsize|p1|6\n|teamsize|p2|6\n|gen|9\n|tier|[Gen 9] National Dex\n|rated|\n|rule|HP Percentage Mod: HP is shown in percentages\n|rule|Endless Battle Clause: Forcing endless battles is banned\n|rule|OHKO Clause: OHKO moves are banned\n|rule|Evasion Clause: Evasion abilities, items, and moves are banned\n|rule|Evasion Abilities Clause: Evasion abilities are banned\n|rule|Evasion Items Clause: Evasion items are banned\n|rule|Evasion Moves Clause: Evasion moves are banned\n|rule|Species Clause: Limit one of each Pok\u00e9mon\n|rule|Sleep Clause Mod: Limit one foe put to sleep\n|clearpoke\n|poke|p1|Breloom, M|\n|poke|p1|Eelektross, M|\n|poke|p1|Altaria, F|\n|poke|p1|Dragonite, M|\n|poke|p1|Togekiss, F|\n|poke|p1|Vivillon-Pokeball, F|\n|poke|p2|Pyukumuku, M|\n|poke|p2|Toxapex, F|\n|poke|p2|Urshifu-*, F|\n|poke|p2|Gyarados, F|\n|poke|p2|Alomomola, M|\n|poke|p2|Greninja-*, M|\n|teampreview\n|inactive|Battle timer is ON: inactive players will automatically lose when time's up. (requested by Twoinwardsoup)\n|\n|t:|1700829588\n|start\n|switch|p1a: Vivillon|Vivillon-Pokeball, F|100\/100\n|switch|p2a: Pyukumuku|Pyukumuku, M, shiny|100\/100\n|turn|1\n|inactive|Twoinwardsoup has 120 seconds left.\n|\n|t:|1700829648\n|move|p1a: Vivillon|Quiver Dance|p1a: Vivillon\n|-boost|p1a: Vivillon|spa|1\n|-boost|p1a: Vivillon|spd|1\n|-boost|p1a: Vivillon|spe|1\n|move|p2a: Pyukumuku|Mirror Coat||[still]\n|-fail|p2a: Pyukumuku\n|\n|upkeep\n|turn|2\n|inactive|Oceanclouds has 120 seconds left.\n|inactive|Oceanclouds has 90 seconds left.\n|\n|t:|1700829709\n|move|p1a: Vivillon|Quiver Dance|p1a: Vivillon\n|-boost|p1a: Vivillon|spa|1\n|-boost|p1a: Vivillon|spd|1\n|-boost|p1a: Vivillon|spe|1\n|move|p2a: Pyukumuku|Mirror Coat||[still]\n|-fail|p2a: Pyukumuku\n|\n|upkeep\n|turn|3\n|\n|t:|1700829714\n|move|p1a: Vivillon|Quiver Dance|p1a: Vivillon\n|-boost|p1a: Vivillon|spa|1\n|-boost|p1a: Vivillon|spd|1\n|-boost|p1a: Vivillon|spe|1\n|move|p2a: Pyukumuku|Mirror Coat||[still]\n|-fail|p2a: Pyukumuku\n|\n|upkeep\n|turn|4\n|\n|t:|1700829723\n|move|p1a: Vivillon|Sleep Powder|p2a: Pyukumuku\n|-status|p2a: Pyukumuku|slp|[from] move: Sleep Powder\n|-enditem|p2a: Pyukumuku|Chesto Berry|[eat]\n|-curestatus|p2a: Pyukumuku|slp|[msg]\n|move|p2a: Pyukumuku|Mirror Coat||[still]\n|-fail|p2a: Pyukumuku\n|\n|upkeep\n|turn|5\n|\n|t:|1700829738\n|move|p1a: Vivillon|Sleep Powder|p2a: Pyukumuku\n|-status|p2a: Pyukumuku|slp|[from] move: Sleep Powder\n|cant|p2a: Pyukumuku|slp\n|\n|upkeep\n|turn|6\n|\n|t:|1700829744\n|move|p1a: Vivillon|Hurricane|p2a: Pyukumuku\n|-damage|p2a: Pyukumuku|63\/100 slp\n|-curestatus|p2a: Pyukumuku|slp|[msg]\n|move|p2a: Pyukumuku|Mirror Coat|p1a: Vivillon\n|-damage|p1a: Vivillon|22\/100\n|\n|upkeep\n|turn|7\n|\n|t:|1700829764\n|move|p1a: Vivillon|Sleep Powder|p2a: Pyukumuku\n|-status|p2a: Pyukumuku|slp|[from] move: Sleep Powder\n|cant|p2a: Pyukumuku|slp\n|\n|upkeep\n|turn|8\n|\n|t:|1700829769\n|move|p1a: Vivillon|Hurricane|p2a: Pyukumuku\n|-damage|p2a: Pyukumuku|28\/100 slp\n|-start|p2a: Pyukumuku|confusion\n|-curestatus|p2a: Pyukumuku|slp|[msg]\n|-activate|p2a: Pyukumuku|confusion\n|move|p2a: Pyukumuku|Mirror Coat|p1a: Vivillon\n|-damage|p1a: Vivillon|0 fnt\n|faint|p1a: Vivillon\n|\n|upkeep\n|\n|t:|1700829774\n|switch|p1a: Dragonite|Dragonite, M|100\/100\n|turn|9\n|\n|t:|1700829779\n|move|p1a: Dragonite|Dragon Dance|p1a: Dragonite\n|-boost|p1a: Dragonite|atk|1\n|-boost|p1a: Dragonite|spe|1\n|-activate|p2a: Pyukumuku|confusion\n|move|p2a: Pyukumuku|Recycle|p2a: Pyukumuku\n|-item|p2a: Pyukumuku|Chesto Berry|[from] move: Recycle\n|\n|upkeep\n|turn|10\n|inactive|Oceanclouds has 120 seconds left.\n|\n|t:|1700829789\n|move|p1a: Dragonite|Extreme Speed|p2a: Pyukumuku\n|-damage|p2a: Pyukumuku|3\/100\n|-damage|p1a: Dragonite|91\/100|[from] item: Life Orb\n|-activate|p2a: Pyukumuku|confusion\n|move|p2a: Pyukumuku|Rest|p2a: Pyukumuku\n|-status|p2a: Pyukumuku|slp|[from] move: Rest\n|-heal|p2a: Pyukumuku|100\/100 slp|[silent]\n|-enditem|p2a: Pyukumuku|Chesto Berry|[eat]\n|-curestatus|p2a: Pyukumuku|slp|[msg]\n|\n|upkeep\n|turn|11\n|\n|t:|1700829798\n|move|p1a: Dragonite|Dragon Dance|p1a: Dragonite\n|-boost|p1a: Dragonite|atk|1\n|-boost|p1a: Dragonite|spe|1\n|-end|p2a: Pyukumuku|confusion\n|move|p2a: Pyukumuku|Counter||[still]\n|-fail|p2a: Pyukumuku\n|\n|upkeep\n|turn|12\n|\n|t:|1700829801\n|move|p1a: Dragonite|Dragon Dance|p1a: Dragonite\n|-boost|p1a: Dragonite|atk|1\n|-boost|p1a: Dragonite|spe|1\n|move|p2a: Pyukumuku|Counter||[still]\n|-fail|p2a: Pyukumuku\n|\n|upkeep\n|turn|13\n|\n|t:|1700829805\n|move|p1a: Dragonite|Dragon Dance|p1a: Dragonite\n|-boost|p1a: Dragonite|atk|1\n|-boost|p1a: Dragonite|spe|1\n|move|p2a: Pyukumuku|Counter||[still]\n|-fail|p2a: Pyukumuku\n|\n|upkeep\n|turn|14\n|\n|t:|1700829808\n|move|p1a: Dragonite|Dragon Dance|p1a: Dragonite\n|-boost|p1a: Dragonite|atk|1\n|-boost|p1a: Dragonite|spe|1\n|move|p2a: Pyukumuku|Counter||[still]\n|-fail|p2a: Pyukumuku\n|\n|upkeep\n|turn|15\n|\n|t:|1700829816\n|move|p1a: Dragonite|Dragon Dance|p1a: Dragonite\n|-boost|p1a: Dragonite|atk|1\n|-boost|p1a: Dragonite|spe|1\n|move|p2a: Pyukumuku|Counter||[still]\n|-fail|p2a: Pyukumuku\n|\n|upkeep\n|turn|16\n|\n|t:|1700829820\n|move|p1a: Dragonite|Dragon Dance|p1a: Dragonite\n|-boost|p1a: Dragonite|atk|0\n|-boost|p1a: Dragonite|spe|0\n|move|p2a: Pyukumuku|Counter||[still]\n|-fail|p2a: Pyukumuku\n|\n|upkeep\n|turn|17\n|inactive|Oceanclouds has 120 seconds left.\n|\n|t:|1700829852\n|move|p1a: Dragonite|Fire Punch|p2a: Pyukumuku\n|-resisted|p2a: Pyukumuku\n|-damage|p2a: Pyukumuku|88\/100\n|-damage|p1a: Dragonite|81\/100|[from] item: Life Orb\n|move|p2a: Pyukumuku|Counter|p1a: Dragonite\n|-damage|p1a: Dragonite|56\/100\n|\n|upkeep\n|turn|18\n|\n|t:|1700829861\n|-terastallize|p1a: Dragonite|Normal\n|move|p1a: Dragonite|Extreme Speed|p2a: Pyukumuku\n|-damage|p2a: Pyukumuku|45\/100\n|-damage|p1a: Dragonite|46\/100|[from] item: Life Orb\n|move|p2a: Pyukumuku|Counter|p1a: Dragonite\n|-damage|p1a: Dragonite|0 fnt\n|faint|p1a: Dragonite\n|\n|upkeep\n|inactive|Oceanclouds has 120 seconds left.\n|-message|Oceanclouds forfeited.\n|\n|win|Twoinwardsoup\n|raw|Oceanclouds's rating: 1096 &rarr; <strong>1075<\/strong><br \/>(-21 for losing)\n|raw|Twoinwardsoup's rating: 1152 &rarr; <strong>1173<\/strong><br \/>(+21 for winning)\n|l|\u2606Oceanclouds\n|c|\u2606Twoinwardsoup|Lmao\n","uploadtime":1700829884,"views":7,"p1id":"oceanclouds","p2id":"twoinwardsoup","formatid":"gen9nationaldex","rating":1075,"private":0,"password":""}