{"id":"gen9nationaldex-1988990992","p1":"TianBing","p2":"backin95","format":"[Gen 9] National Dex","log":"|j|\u2606TianBing\n|j|\u2606backin95\n|t:|1699799295\n|gametype|singles\n|player|p1|TianBing|cynthia|1404\n|player|p2|backin95|clair|1297\n|teamsize|p1|6\n|teamsize|p2|6\n|gen|9\n|tier|[Gen 9] National Dex\n|rated|\n|rule|HP Percentage Mod: HP is shown in percentages\n|rule|Endless Battle Clause: Forcing endless battles is banned\n|rule|OHKO Clause: OHKO moves are banned\n|rule|Evasion Clause: Evasion abilities, items, and moves are banned\n|rule|Evasion Abilities Clause: Evasion abilities are banned\n|rule|Evasion Items Clause: Evasion items are banned\n|rule|Evasion Moves Clause: Evasion moves are banned\n|rule|Species Clause: Limit one of each Pok\u00e9mon\n|rule|Sleep Clause Mod: Limit one foe put to sleep\n|clearpoke\n|poke|p1|Skarmory, M|\n|poke|p1|Garganacl, F|\n|poke|p1|Toxapex, M|\n|poke|p1|Dondozo, F|\n|poke|p1|Sableye, M|\n|poke|p1|Chansey, F|\n|poke|p2|Samurott-Hisui, F|\n|poke|p2|Excadrill, M|\n|poke|p2|Iron Valiant|\n|poke|p2|Tapu Koko|\n|poke|p2|Charizard, M|\n|poke|p2|Corviknight, M|\n|teampreview\n|\n|t:|1699799308\n|start\n|switch|p1a: Toxapex|Toxapex, M|100\/100\n|switch|p2a: Tapu Koko|Tapu Koko|100\/100\n|-fieldstart|move: Electric Terrain|[from] ability: Electric Surge|[of] p2a: Tapu Koko\n|turn|1\n|\n|t:|1699799334\n|switch|p1a: Chansey|Chansey, F|100\/100\n|move|p2a: Tapu Koko|Volt Switch|p1a: Chansey\n|-damage|p1a: Chansey|92\/100\n|\n|t:|1699799368\n|switch|p2a: Excadrill|Excadrill, M|100\/100|[from] Volt Switch\n|-ability|p2a: Excadrill|Mold Breaker\n|\n|upkeep\n|turn|2\n|\n|t:|1699799383\n|switch|p1a: Skarmory|Skarmory, M|100\/100\n|move|p2a: Excadrill|Stealth Rock|p1a: Skarmory\n|-sidestart|p1: TianBing|move: Stealth Rock\n|\n|upkeep\n|turn|3\n|\n|t:|1699799391\n|switch|p2a: Tapu Koko|Tapu Koko|100\/100\n|move|p1a: Skarmory|Stealth Rock|p2a: Tapu Koko\n|-sidestart|p2: backin95|move: Stealth Rock\n|\n|upkeep\n|turn|4\n|\n|t:|1699799399\n|switch|p1a: Chansey|Chansey, F|92\/100\n|-damage|p1a: Chansey|80\/100|[from] Stealth Rock\n|move|p2a: Tapu Koko|Volt Switch|p1a: Chansey\n|-damage|p1a: Chansey|71\/100\n|\n|t:|1699799403\n|switch|p2a: Samurott|Samurott-Hisui, F|100\/100|[from] Volt Switch\n|-damage|p2a: Samurott|88\/100|[from] Stealth Rock\n|\n|upkeep\n|turn|5\n|\n|t:|1699799412\n|switch|p1a: Skarmory|Skarmory, M|100\/100\n|-damage|p1a: Skarmory|88\/100|[from] Stealth Rock\n|move|p2a: Samurott|Ceaseless Edge|p1a: Skarmory|[miss]\n|-miss|p2a: Samurott|p1a: Skarmory\n|\n|-fieldend|move: Electric Terrain\n|upkeep\n|turn|6\n|\n|t:|1699799421\n|move|p2a: Samurott|Ceaseless Edge|p1a: Skarmory\n|-damage|p1a: Skarmory|64\/100\n|-damage|p2a: Samurott|72\/100|[from] item: Rocky Helmet|[of] p1a: Skarmory\n|-sidestart|p1: TianBing|Spikes\n|move|p1a: Skarmory|Brave Bird|p2a: Samurott\n|-damage|p2a: Samurott|30\/100\n|-damage|p1a: Skarmory|51\/100|[from] Recoil\n|\n|upkeep\n|turn|7\n|\n|t:|1699799431\n|switch|p2a: Excadrill|Excadrill, M|100\/100\n|-damage|p2a: Excadrill|97\/100|[from] Stealth Rock\n|-ability|p2a: Excadrill|Mold Breaker\n|move|p1a: Skarmory|Roost|p1a: Skarmory\n|-heal|p1a: Skarmory|100\/100\n|-singleturn|p1a: Skarmory|move: Roost\n|\n|-heal|p2a: Excadrill|100\/100|[from] item: Leftovers\n|upkeep\n|turn|8\n|\n|t:|1699799454\n|move|p2a: Excadrill|Toxic|p1a: Skarmory|[miss]\n|-miss|p2a: Excadrill|p1a: Skarmory\n|move|p1a: Skarmory|Spikes|p2a: Excadrill\n|-sidestart|p2: backin95|Spikes\n|\n|upkeep\n|turn|9\n|\n|t:|1699799459\n|move|p2a: Excadrill|Rapid Spin|p1a: Skarmory\n|-resisted|p1a: Skarmory\n|-damage|p1a: Skarmory|96\/100\n|-boost|p2a: Excadrill|spe|1\n|-damage|p2a: Excadrill|84\/100|[from] item: Rocky Helmet|[of] p1a: Skarmory\n|-sideend|p2: backin95|Spikes|[from] move: Rapid Spin|[of] p2a: Excadrill\n|-sideend|p2: backin95|Stealth Rock|[from] move: Rapid Spin|[of] p2a: Excadrill\n|move|p1a: Skarmory|Spikes|p2a: Excadrill\n|-sidestart|p2: backin95|Spikes\n|\n|-heal|p2a: Excadrill|90\/100|[from] item: Leftovers\n|upkeep\n|turn|10\n|\n|t:|1699799469\n|switch|p2a: Charizard|Charizard, M|100\/100\n|move|p1a: Skarmory|Stealth Rock|p2a: Charizard\n|-sidestart|p2: backin95|move: Stealth Rock\n|\n|upkeep\n|turn|11\n|\n|t:|1699799477\n|switch|p1a: Dondozo|Dondozo, F|100\/100\n|-damage|p1a: Dondozo|88\/100|[from] Stealth Rock\n|-damage|p1a: Dondozo|76\/100|[from] Spikes\n|detailschange|p2a: Charizard|Charizard-Mega-X, M\n|-mega|p2a: Charizard|Charizard|Charizardite X\n|move|p2a: Charizard|Dragon Dance|p2a: Charizard\n|-boost|p2a: Charizard|atk|1\n|-boost|p2a: Charizard|spe|1\n|\n|-heal|p1a: Dondozo|82\/100|[from] item: Leftovers\n|upkeep\n|turn|12\n|inactive|Battle timer is ON: inactive players will automatically lose when time's up. (requested by TianBing)\n|\n|t:|1699799552\n|move|p2a: Charizard|Earthquake|p1a: Dondozo\n|-damage|p1a: Dondozo|67\/100\n|move|p1a: Dondozo|Liquidation|p2a: Charizard\n|-damage|p2a: Charizard|70\/100\n|\n|-heal|p1a: Dondozo|74\/100|[from] item: Leftovers\n|upkeep\n|turn|13\n|\n|t:|1699799565\n|switch|p2a: Tapu Koko|Tapu Koko|100\/100\n|-damage|p2a: Tapu Koko|88\/100|[from] Spikes\n|-damage|p2a: Tapu Koko|76\/100|[from] Stealth Rock\n|-fieldstart|move: Electric Terrain|[from] ability: Electric Surge|[of] p2a: Tapu Koko\n|move|p1a: Dondozo|Curse|p1a: Dondozo\n|-unboost|p1a: Dondozo|spe|1\n|-boost|p1a: Dondozo|atk|1\n|-boost|p1a: Dondozo|def|1\n|\n|-heal|p1a: Dondozo|80\/100|[from] item: Leftovers\n|upkeep\n|turn|14\n|\n|t:|1699799577\n|switch|p1a: Chansey|Chansey, F|71\/100\n|-damage|p1a: Chansey|58\/100|[from] Stealth Rock\n|-damage|p1a: Chansey|46\/100|[from] Spikes\n|-zpower|p2a: Tapu Koko\n|move|p2a: Tapu Koko|Gigavolt Havoc|p1a: Chansey|[zeffect]\n|-damage|p1a: Chansey|29\/100\n|\n|upkeep\n|turn|15\n|\n|t:|1699799591\n|move|p2a: Tapu Koko|Taunt|p1a: Chansey\n|-start|p1a: Chansey|move: Taunt\n|cant|p1a: Chansey|move: Taunt|Soft-Boiled\n|\n|upkeep\n|turn|16\n|\n|t:|1699799612\n|switch|p1a: Sableye|Sableye, M|100\/100\n|-damage|p1a: Sableye|88\/100|[from] Stealth Rock\n|-damage|p1a: Sableye|75\/100|[from] Spikes\n|move|p2a: Tapu Koko|U-turn|p1a: Sableye\n|-damage|p1a: Sableye|54\/100\n|\n|t:|1699799620\n|switch|p2a: Iron Valiant|Iron Valiant|100\/100|[from] U-turn\n|-damage|p2a: Iron Valiant|88\/100|[from] Spikes\n|-damage|p2a: Iron Valiant|82\/100|[from] Stealth Rock\n|-activate|p2a: Iron Valiant|ability: Quark Drive\n|-start|p2a: Iron Valiant|quarkdrivespe\n|\n|upkeep\n|turn|17\n|\n|t:|1699799637\n|move|p1a: Sableye|Protect|p1a: Sableye\n|-singleturn|p1a: Sableye|Protect\n|move|p2a: Iron Valiant|Calm Mind|p2a: Iron Valiant\n|-boost|p2a: Iron Valiant|spa|1\n|-boost|p2a: Iron Valiant|spd|1\n|\n|-fieldend|move: Electric Terrain\n|-end|p2a: Iron Valiant|Quark Drive\n|upkeep\n|turn|18\n|\n|t:|1699799648\n|detailschange|p1a: Sableye|Sableye-Mega, M\n|-mega|p1a: Sableye|Sableye|Sablenite\n|move|p2a: Iron Valiant|Calm Mind|p2a: Iron Valiant\n|-boost|p2a: Iron Valiant|spa|1\n|-boost|p2a: Iron Valiant|spd|1\n|move|p1a: Sableye|Will-O-Wisp|p2a: Iron Valiant\n|-status|p2a: Iron Valiant|brn\n|\n|-damage|p2a: Iron Valiant|76\/100 brn|[from] brn\n|upkeep\n|turn|19\n|\n|t:|1699799661\n|move|p1a: Sableye|Protect|p1a: Sableye\n|-singleturn|p1a: Sableye|Protect\n|move|p2a: Iron Valiant|Psychic|p1a: Sableye\n|-activate|p1a: Sableye|move: Protect\n|\n|-damage|p2a: Iron Valiant|69\/100 brn|[from] brn\n|upkeep\n|turn|20\n|\n|t:|1699799666\n|switch|p1a: Dondozo|Dondozo, F|80\/100\n|-damage|p1a: Dondozo|67\/100|[from] Stealth Rock\n|-damage|p1a: Dondozo|55\/100|[from] Spikes\n|move|p2a: Iron Valiant|Moonblast|p1a: Dondozo\n|-damage|p1a: Dondozo|3\/100\n|-damage|p2a: Iron Valiant|60\/100 brn|[from] item: Life Orb\n|\n|-heal|p1a: Dondozo|9\/100|[from] item: Leftovers\n|-damage|p2a: Iron Valiant|53\/100 brn|[from] brn\n|upkeep\n|turn|21\n|\n|t:|1699799674\n|move|p2a: Iron Valiant|Moonblast|p1a: Dondozo\n|-damage|p1a: Dondozo|0 fnt\n|faint|p1a: Dondozo\n|-damage|p2a: Iron Valiant|44\/100 brn|[from] item: Life Orb\n|\n|-damage|p2a: Iron Valiant|38\/100 brn|[from] brn\n|upkeep\n|\n|t:|1699799686\n|switch|p1a: Sableye|Sableye-Mega, M|54\/100\n|-damage|p1a: Sableye|41\/100|[from] Stealth Rock\n|-damage|p1a: Sableye|29\/100|[from] Spikes\n|turn|22\n|\n|t:|1699799695\n|move|p1a: Sableye|Protect|p1a: Sableye\n|-singleturn|p1a: Sableye|Protect\n|move|p2a: Iron Valiant|Moonblast|p1a: Sableye\n|-activate|p1a: Sableye|move: Protect\n|\n|-damage|p2a: Iron Valiant|31\/100 brn|[from] brn\n|upkeep\n|turn|23\n|\n|t:|1699799702\n|move|p2a: Iron Valiant|Moonblast|p1a: Sableye\n|-supereffective|p1a: Sableye\n|-damage|p1a: Sableye|0 fnt\n|faint|p1a: Sableye\n|-damage|p2a: Iron Valiant|22\/100 brn|[from] item: Life Orb\n|\n|-damage|p2a: Iron Valiant|15\/100 brn|[from] brn\n|upkeep\n|\n|t:|1699799707\n|switch|p1a: Chansey|Chansey, F|29\/100\n|-damage|p1a: Chansey|16\/100|[from] Stealth Rock\n|-damage|p1a: Chansey|4\/100|[from] Spikes\n|turn|24\n|\n|t:|1699799712\n|move|p2a: Iron Valiant|Moonblast|p1a: Chansey\n|-damage|p1a: Chansey|0 fnt\n|faint|p1a: Chansey\n|-damage|p2a: Iron Valiant|6\/100 brn|[from] item: Life Orb\n|\n|-damage|p2a: Iron Valiant|0 fnt|[from] brn\n|faint|p2a: Iron Valiant\n|-end|p2a: Iron Valiant|Quark Drive|[silent]\n|upkeep\n|inactive|TianBing has 120 seconds left.\n|\n|t:|1699799749\n|switch|p2a: Tapu Koko|Tapu Koko|76\/100\n|switch|p1a: Garganacl|Garganacl, F|100\/100\n|-damage|p2a: Tapu Koko|63\/100|[from] Spikes\n|-damage|p2a: Tapu Koko|51\/100|[from] Stealth Rock\n|-fieldstart|move: Electric Terrain|[from] ability: Electric Surge|[of] p2a: Tapu Koko\n|-damage|p1a: Garganacl|88\/100|[from] Stealth Rock\n|-damage|p1a: Garganacl|76\/100|[from] Spikes\n|turn|25\n|\n|t:|1699799756\n|move|p2a: Tapu Koko|Taunt|p1a: Garganacl\n|-start|p1a: Garganacl|move: Taunt\n|move|p1a: Garganacl|Salt Cure|p2a: Tapu Koko\n|-damage|p2a: Tapu Koko|30\/100\n|-start|p2a: Tapu Koko|Salt Cure\n|\n|-heal|p1a: Garganacl|82\/100|[from] item: Leftovers\n|-damage|p2a: Tapu Koko|18\/100|[from] Salt Cure\n|upkeep\n|turn|26\n|\n|t:|1699799762\n|move|p2a: Tapu Koko|Volt Switch|p1a: Garganacl\n|-damage|p1a: Garganacl|58\/100\n|\n|t:|1699799765\n|switch|p2a: Excadrill|Excadrill, M|90\/100|[from] Volt Switch\n|-damage|p2a: Excadrill|78\/100|[from] Spikes\n|-damage|p2a: Excadrill|75\/100|[from] Stealth Rock\n|-ability|p2a: Excadrill|Mold Breaker\n|move|p1a: Garganacl|Salt Cure|p2a: Excadrill\n|-resisted|p2a: Excadrill\n|-damage|p2a: Excadrill|70\/100\n|-start|p2a: Excadrill|Salt Cure\n|\n|-heal|p2a: Excadrill|76\/100|[from] item: Leftovers\n|-heal|p1a: Garganacl|64\/100|[from] item: Leftovers\n|-damage|p2a: Excadrill|51\/100|[from] Salt Cure\n|upkeep\n|turn|27\n|\n|t:|1699799777\n|switch|p2a: Tapu Koko|Tapu Koko|18\/100\n|-damage|p2a: Tapu Koko|5\/100|[from] Spikes\n|-damage|p2a: Tapu Koko|0 fnt|[from] Stealth Rock\n|faint|p2a: Tapu Koko\n|switch|p1a: Skarmory|Skarmory, M|96\/100\n|-damage|p1a: Skarmory|84\/100|[from] Stealth Rock\n|\n|upkeep\n|\n|t:|1699799783\n|switch|p2a: Charizard|Charizard-Mega-X, M|70\/100\n|-damage|p2a: Charizard|57\/100|[from] Spikes\n|-damage|p2a: Charizard|32\/100|[from] Stealth Rock\n|turn|28\n|\n|t:|1699799790\n|switch|p1a: Toxapex|Toxapex, M|100\/100\n|move|p2a: Charizard|Roost|p2a: Charizard\n|-heal|p2a: Charizard|83\/100\n|-singleturn|p2a: Charizard|move: Roost\n|\n|upkeep\n|turn|29\n|\n|t:|1699799795\n|move|p2a: Charizard|Dragon Dance|p2a: Charizard\n|-boost|p2a: Charizard|atk|1\n|-boost|p2a: Charizard|spe|1\n|move|p1a: Toxapex|Toxic|p2a: Charizard\n|-status|p2a: Charizard|tox\n|\n|-damage|p2a: Charizard|77\/100 tox|[from] psn\n|-fieldend|move: Electric Terrain\n|upkeep\n|turn|30\n|\n|t:|1699799799\n|move|p2a: Charizard|Dragon Dance|p2a: Charizard\n|-boost|p2a: Charizard|atk|1\n|-boost|p2a: Charizard|spe|1\n|move|p1a: Toxapex|Haze|p1a: Toxapex\n|-clearallboost\n|\n|-damage|p2a: Charizard|64\/100 tox|[from] psn\n|upkeep\n|turn|31\n|\n|t:|1699799803\n|move|p2a: Charizard|Dragon Dance|p2a: Charizard\n|-boost|p2a: Charizard|atk|1\n|-boost|p2a: Charizard|spe|1\n|move|p1a: Toxapex|Scald|p2a: Charizard\n|-damage|p2a: Charizard|40\/100 tox\n|\n|-damage|p2a: Charizard|22\/100 tox|[from] psn\n|upkeep\n|turn|32\n|\n|t:|1699799807\n|switch|p1a: Skarmory|Skarmory, M|84\/100\n|-damage|p1a: Skarmory|71\/100|[from] Stealth Rock\n|move|p2a: Charizard|Earthquake|p1a: Skarmory\n|-immune|p1a: Skarmory\n|\n|-damage|p2a: Charizard|0 fnt|[from] psn\n|faint|p2a: Charizard\n|upkeep\n|-message|backin95 forfeited.\n|\n|win|TianBing\n|raw|TianBing's rating: 1404 &rarr; <strong>1418<\/strong><br \/>(+14 for winning)\n|raw|backin95's rating: 1297 &rarr; <strong>1279<\/strong><br \/>(-18 for losing)\n|l|\u2606backin95\n","uploadtime":1699799831,"views":6,"p1id":"tianbing","p2id":"backin95","formatid":"gen9nationaldex","rating":1279,"private":0,"password":""}