{"id":"gen9nationaldex-1997781175","p1":"umm... hedgehog?","p2":"CHI balance builds","format":"[Gen 9] National Dex","log":"|html|<div class=\"broadcast-blue\"><strong>[Gen 9] National Dex is currently suspecting Sneasler! For information on how to participate check out the <a href=\"https:\/\/www.smogon.com\/forums\/threads\/sv-national-dex-suspect-8-just-dance.3731534\/\">suspect thread<\/a>.<\/strong><\/div>\n|j|\u2606umm... hedgehog?\n|j|\u2606CHI balance builds\n|t:|1700851975\n|gametype|singles\n|player|p1|umm... hedgehog?|ghetsis|1555\n|player|p2|CHI balance builds|ariana|1637\n|teamsize|p1|6\n|teamsize|p2|6\n|gen|9\n|tier|[Gen 9] National Dex\n|rated|\n|rule|HP Percentage Mod: HP is shown in percentages\n|rule|Endless Battle Clause: Forcing endless battles is banned\n|rule|OHKO Clause: OHKO moves are banned\n|rule|Evasion Clause: Evasion abilities, items, and moves are banned\n|rule|Evasion Abilities Clause: Evasion abilities are banned\n|rule|Evasion Items Clause: Evasion items are banned\n|rule|Evasion Moves Clause: Evasion moves are banned\n|rule|Species Clause: Limit one of each Pok\u00e9mon\n|rule|Sleep Clause Mod: Limit one foe put to sleep\n|clearpoke\n|poke|p1|Alomomola, M|\n|poke|p1|Slowking-Galar, M|\n|poke|p1|Medicham, F|\n|poke|p1|Weavile, M|\n|poke|p1|Garganacl, M|\n|poke|p1|Zapdos|\n|poke|p2|Scizor, M|\n|poke|p2|Garchomp, F|\n|poke|p2|Zeraora|\n|poke|p2|Skeledirge, M|\n|poke|p2|Slowking-Galar, F|\n|poke|p2|Samurott-Hisui, M|\n|teampreview\n|inactive|Battle timer is ON: inactive players will automatically lose when time's up. (requested by CHI balance builds)\n|\n|t:|1700851987\n|start\n|switch|p1a: Medicham|Medicham, F|100\/100\n|switch|p2a: Zeraora|Zeraora|100\/100\n|turn|1\n|\n|t:|1700851994\n|switch|p2a: Skeledirge|Skeledirge, M|100\/100\n|detailschange|p1a: Medicham|Medicham-Mega, F\n|-mega|p1a: Medicham|Medicham|Medichamite\n|move|p1a: Medicham|Fake Out|p2a: Skeledirge\n|-immune|p2a: Skeledirge\n|\n|upkeep\n|turn|2\n|\n|t:|1700852002\n|switch|p1a: Garganacl|Garganacl, M|100\/100\n|move|p2a: Skeledirge|Will-O-Wisp|p1a: Garganacl\n|-immune|p1a: Garganacl|[from] ability: Purifying Salt\n|\n|upkeep\n|turn|3\n|\n|t:|1700852010\n|switch|p2a: Slowking|Slowking-Galar, F|100\/100\n|move|p1a: Garganacl|Stealth Rock|p2a: Slowking\n|-sidestart|p2: CHI balance builds|move: Stealth Rock\n|\n|upkeep\n|turn|4\n|\n|t:|1700852017\n|move|p1a: Garganacl|Salt Cure|p2a: Slowking\n|-damage|p2a: Slowking|87\/100\n|-start|p2a: Slowking|Salt Cure\n|move|p2a: Slowking|Chilly Reception|p2a: Slowking\n|-weather|Snow\n|\n|t:|1700852021\n|switch|p2a: Garchomp|Garchomp, F|100\/100|[from] Chilly Reception\n|-damage|p2a: Garchomp|94\/100|[from] Stealth Rock\n|\n|-weather|Snow|[upkeep]\n|upkeep\n|turn|5\n|\n|t:|1700852029\n|move|p2a: Garchomp|Earthquake|p1a: Garganacl\n|-supereffective|p1a: Garganacl\n|-damage|p1a: Garganacl|32\/100\n|move|p1a: Garganacl|Salt Cure|p2a: Garchomp\n|-resisted|p2a: Garchomp\n|-damage|p2a: Garchomp|87\/100\n|-start|p2a: Garchomp|Salt Cure\n|\n|-weather|Snow|[upkeep]\n|-heal|p1a: Garganacl|38\/100|[from] item: Leftovers\n|-damage|p2a: Garchomp|75\/100|[from] Salt Cure\n|upkeep\n|turn|6\n|\n|t:|1700852041\n|switch|p1a: Alomomola|Alomomola, M|100\/100\n|move|p2a: Garchomp|Stealth Rock|p1a: Alomomola\n|-sidestart|p1: umm... hedgehog?|move: Stealth Rock\n|\n|-weather|Snow|[upkeep]\n|-damage|p2a: Garchomp|63\/100|[from] Salt Cure\n|upkeep\n|turn|7\n|\n|t:|1700852049\n|switch|p2a: Scizor|Scizor, M|100\/100\n|-damage|p2a: Scizor|88\/100|[from] Stealth Rock\n|move|p1a: Alomomola|Wish|p1a: Alomomola\n|\n|-weather|Snow|[upkeep]\n|upkeep\n|turn|8\n|\n|t:|1700852056\n|detailschange|p2a: Scizor|Scizor-Mega, M\n|-mega|p2a: Scizor|Scizor|Scizorite\n|move|p2a: Scizor|U-turn|p1a: Alomomola\n|-damage|p1a: Alomomola|84\/100\n|\n|t:|1700852065\n|switch|p2a: Skeledirge|Skeledirge, M|100\/100|[from] U-turn\n|move|p1a: Alomomola|Flip Turn|p2a: Skeledirge\n|-supereffective|p2a: Skeledirge\n|-damage|p2a: Skeledirge|81\/100\n|\n|t:|1700852073\n|switch|p1a: Garganacl|Garganacl, M|38\/100|[from] Flip Turn\n|-damage|p1a: Garganacl|26\/100|[from] Stealth Rock\n|\n|-weather|none\n|-heal|p1a: Garganacl|92\/100|[from] move: Wish|[wisher] Alomomola\n|-heal|p1a: Garganacl|98\/100|[from] item: Leftovers\n|upkeep\n|turn|9\n|\n|t:|1700852085\n|switch|p2a: Scizor|Scizor-Mega, M|88\/100\n|-damage|p2a: Scizor|75\/100|[from] Stealth Rock\n|move|p1a: Garganacl|Salt Cure|p2a: Scizor\n|-damage|p2a: Scizor|68\/100\n|-start|p2a: Scizor|Salt Cure\n|\n|-heal|p1a: Garganacl|100\/100|[from] item: Leftovers\n|-damage|p2a: Scizor|43\/100|[from] Salt Cure\n|upkeep\n|turn|10\n|\n|t:|1700852096\n|switch|p1a: Zapdos|Zapdos|100\/100\n|move|p2a: Scizor|Roost|p2a: Scizor\n|-heal|p2a: Scizor|93\/100\n|-singleturn|p2a: Scizor|move: Roost\n|\n|-damage|p2a: Scizor|68\/100|[from] Salt Cure\n|upkeep\n|turn|11\n|\n|t:|1700852105\n|switch|p2a: Zeraora|Zeraora|100\/100\n|-damage|p2a: Zeraora|88\/100|[from] Stealth Rock\n|move|p1a: Zapdos|Defog|p2a: Zeraora\n|-unboost|p2a: Zeraora|evasion|1\n|-sideend|p2: CHI balance builds|Stealth Rock|[from] move: Defog|[of] p1a: Zapdos\n|-sideend|p1: umm... hedgehog?|Stealth Rock|[from] move: Defog|[of] p1a: Zapdos\n|\n|upkeep\n|turn|12\n|\n|t:|1700852116\n|switch|p1a: Garganacl|Garganacl, M|100\/100\n|move|p2a: Zeraora|Plasma Fists|p1a: Garganacl\n|-damage|p1a: Garganacl|70\/100\n|-fieldactivate|move: Ion Deluge\n|-hint|Normal-type moves become Electric-type after using Plasma Fists.\n|\n|-heal|p1a: Garganacl|76\/100|[from] item: Leftovers\n|upkeep\n|turn|13\n|\n|t:|1700852127\n|move|p2a: Zeraora|Close Combat|p1a: Garganacl\n|-supereffective|p1a: Garganacl\n|-damage|p1a: Garganacl|18\/100\n|-unboost|p2a: Zeraora|def|1\n|-unboost|p2a: Zeraora|spd|1\n|move|p1a: Garganacl|Salt Cure|p2a: Zeraora\n|-damage|p2a: Zeraora|57\/100\n|-start|p2a: Zeraora|Salt Cure\n|\n|-heal|p1a: Garganacl|25\/100|[from] item: Leftovers\n|-damage|p2a: Zeraora|44\/100|[from] Salt Cure\n|upkeep\n|turn|14\n|\n|t:|1700852140\n|switch|p2a: Garchomp|Garchomp, F|63\/100\n|switch|p1a: Zapdos|Zapdos|100\/100\n|\n|upkeep\n|turn|15\n|\n|t:|1700852148\n|switch|p1a: Alomomola|Alomomola, M|100\/100\n|move|p2a: Garchomp|Stealth Rock|p1a: Alomomola\n|-sidestart|p1: umm... hedgehog?|move: Stealth Rock\n|\n|upkeep\n|turn|16\n|\n|t:|1700852154\n|move|p2a: Garchomp|Swords Dance|p2a: Garchomp\n|-boost|p2a: Garchomp|atk|2\n|move|p1a: Alomomola|Wish|p1a: Alomomola\n|\n|upkeep\n|turn|17\n|\n|t:|1700852163\n|move|p2a: Garchomp|Swords Dance|p2a: Garchomp\n|-boost|p2a: Garchomp|atk|2\n|move|p1a: Alomomola|Flip Turn|p2a: Garchomp\n|-damage|p2a: Garchomp|45\/100\n|-damage|p1a: Alomomola|88\/100|[from] ability: Rough Skin|[of] p2a: Garchomp\n|\n|t:|1700852173\n|switch|p1a: Medicham|Medicham-Mega, F|100\/100|[from] Flip Turn\n|-damage|p1a: Medicham|94\/100|[from] Stealth Rock\n|\n|-heal|p1a: Medicham|100\/100|[from] move: Wish|[wisher] Alomomola\n|upkeep\n|turn|18\n|\n|t:|1700852181\n|move|p1a: Medicham|Fake Out|p2a: Garchomp\n|-damage|p2a: Garchomp|22\/100\n|-damage|p1a: Medicham|88\/100|[from] ability: Rough Skin|[of] p2a: Garchomp\n|cant|p2a: Garchomp|flinch\n|\n|upkeep\n|turn|19\n|\n|t:|1700852188\n|move|p1a: Medicham|Bullet Punch|p2a: Garchomp\n|-damage|p2a: Garchomp|0 fnt\n|-damage|p1a: Medicham|76\/100|[from] ability: Rough Skin|[of] p2a: Garchomp\n|faint|p2a: Garchomp\n|\n|upkeep\n|\n|t:|1700852193\n|switch|p2a: Samurott|Samurott-Hisui, M|100\/100\n|turn|20\n|\n|t:|1700852205\n|switch|p1a: Zapdos|Zapdos|100\/100\n|move|p2a: Samurott|Flip Turn|p1a: Zapdos\n|-damage|p1a: Zapdos|77\/100\n|-status|p2a: Samurott|par|[from] ability: Static|[of] p1a: Zapdos\n|\n|t:|1700852209\n|switch|p2a: Slowking|Slowking-Galar, F|100\/100|[from] Flip Turn\n|\n|upkeep\n|turn|21\n|\n|t:|1700852215\n|move|p1a: Zapdos|Defog|p2a: Slowking\n|-unboost|p2a: Slowking|evasion|1\n|-sideend|p1: umm... hedgehog?|Stealth Rock|[from] move: Defog|[of] p1a: Zapdos\n|move|p2a: Slowking|Future Sight|p1a: Zapdos\n|-start|p2a: Slowking|move: Future Sight\n|\n|upkeep\n|turn|22\n|\n|t:|1700852221\n|move|p1a: Zapdos|Volt Switch|p2a: Slowking\n|-damage|p2a: Slowking|82\/100\n|\n|t:|1700852229\n|switch|p1a: Weavile|Weavile, M|100\/100|[from] Volt Switch\n|-ability|p1a: Weavile|Pressure\n|move|p2a: Slowking|Chilly Reception|p2a: Slowking\n|-weather|Snow\n|\n|t:|1700852233\n|switch|p2a: Zeraora|Zeraora|44\/100|[from] Chilly Reception\n|\n|-weather|Snow|[upkeep]\n|upkeep\n|turn|23\n|\n|t:|1700852259\n|move|p1a: Weavile|Ice Shard|p2a: Zeraora\n|-damage|p2a: Zeraora|1\/100\n|move|p2a: Zeraora|Close Combat|p1a: Weavile\n|-supereffective|p1a: Weavile\n|-damage|p1a: Weavile|0 fnt\n|-unboost|p2a: Zeraora|def|1\n|-unboost|p2a: Zeraora|spd|1\n|faint|p1a: Weavile\n|\n|-weather|Snow|[upkeep]\n|-hint|Future Sight did not hit because the target is fainted.\n|upkeep\n|inactive|umm... hedgehog? has 120 seconds left.\n|\n|t:|1700852272\n|switch|p1a: Alomomola|Alomomola, M|100\/100\n|turn|24\n|\n|t:|1700852276\n|move|p2a: Zeraora|Volt Switch|p1a: Alomomola\n|-supereffective|p1a: Alomomola\n|-damage|p1a: Alomomola|24\/100\n|\n|t:|1700852279\n|switch|p2a: Slowking|Slowking-Galar, F|100\/100|[from] Volt Switch\n|move|p1a: Alomomola|Flip Turn|p2a: Slowking\n|-crit|p2a: Slowking\n|-damage|p2a: Slowking|73\/100\n|\n|t:|1700852286\n|switch|p1a: Garganacl|Garganacl, M|25\/100|[from] Flip Turn\n|\n|-weather|Snow|[upkeep]\n|-heal|p1a: Garganacl|31\/100|[from] item: Leftovers\n|upkeep\n|turn|25\n|\n|t:|1700852293\n|move|p1a: Garganacl|Stealth Rock|p2a: Slowking\n|-sidestart|p2: CHI balance builds|move: Stealth Rock\n|move|p2a: Slowking|Future Sight|p1a: Garganacl\n|-start|p2a: Slowking|move: Future Sight\n|\n|-weather|Snow|[upkeep]\n|-heal|p1a: Garganacl|37\/100|[from] item: Leftovers\n|upkeep\n|turn|26\n|\n|t:|1700852301\n|move|p1a: Garganacl|Recover|p1a: Garganacl\n|-heal|p1a: Garganacl|87\/100\n|move|p2a: Slowking|Chilly Reception|p2a: Slowking\n|inactive|CHI balance builds has 120 seconds left.\n|l|\u2606CHI balance builds\n|inactive|CHI balance builds disconnected and has a minute to reconnect!\n|player|p2|\n|j|\u2606CHI balance builds\n|inactive|CHI balance builds reconnected and has 105 seconds left.\n|player|p2|CHI balance builds|ariana\n|\n|t:|1700852359\n|switch|p2a: Scizor|Scizor-Mega, M|68\/100|[from] Chilly Reception\n|-damage|p2a: Scizor|55\/100|[from] Stealth Rock\n|\n|-weather|none\n|-heal|p1a: Garganacl|93\/100|[from] item: Leftovers\n|upkeep\n|turn|27\n|\n|t:|1700852367\n|move|p2a: Scizor|Bullet Punch|p1a: Garganacl\n|-supereffective|p1a: Garganacl\n|-damage|p1a: Garganacl|53\/100\n|move|p1a: Garganacl|Salt Cure|p2a: Scizor\n|-damage|p2a: Scizor|47\/100\n|-start|p2a: Scizor|Salt Cure\n|\n|-end|p1a: Garganacl|move: Future Sight\n|-damage|p1a: Garganacl|25\/100\n|-heal|p1a: Garganacl|31\/100|[from] item: Leftovers\n|-damage|p2a: Scizor|22\/100|[from] Salt Cure\n|upkeep\n|turn|28\n|\n|t:|1700852381\n|switch|p1a: Alomomola|Alomomola, M|58\/100\n|move|p2a: Scizor|Roost|p2a: Scizor\n|-heal|p2a: Scizor|72\/100\n|-singleturn|p2a: Scizor|move: Roost\n|\n|-damage|p2a: Scizor|47\/100|[from] Salt Cure\n|upkeep\n|turn|29\n|\n|t:|1700852389\n|move|p2a: Scizor|Roost|p2a: Scizor\n|-heal|p2a: Scizor|97\/100\n|-singleturn|p2a: Scizor|move: Roost\n|move|p1a: Alomomola|Wish|p1a: Alomomola\n|\n|-damage|p2a: Scizor|72\/100|[from] Salt Cure\n|upkeep\n|turn|30\n|\n|t:|1700852397\n|move|p2a: Scizor|Defog|p1a: Alomomola\n|-unboost|p1a: Alomomola|evasion|1\n|-sideend|p2: CHI balance builds|Stealth Rock|[from] move: Defog|[of] p2a: Scizor\n|move|p1a: Alomomola|Flip Turn|p2a: Scizor\n|-damage|p2a: Scizor|62\/100\n|\n|t:|1700852425\n|switch|p1a: Medicham|Medicham-Mega, F|76\/100|[from] Flip Turn\n|\n|-heal|p1a: Medicham|100\/100|[from] move: Wish|[wisher] Alomomola\n|-damage|p2a: Scizor|37\/100|[from] Salt Cure\n|upkeep\n|turn|31\n|\n|t:|1700852434\n|switch|p2a: Skeledirge|Skeledirge, M|81\/100\n|move|p1a: Medicham|Fake Out|p2a: Skeledirge\n|-immune|p2a: Skeledirge\n|\n|upkeep\n|turn|32\n|\n|t:|1700852440\n|switch|p1a: Garganacl|Garganacl, M|31\/100\n|move|p2a: Skeledirge|Will-O-Wisp|p1a: Garganacl\n|-immune|p1a: Garganacl|[from] ability: Purifying Salt\n|\n|-heal|p1a: Garganacl|37\/100|[from] item: Leftovers\n|upkeep\n|turn|33\n|\n|t:|1700852450\n|switch|p2a: Samurott|Samurott-Hisui, M|100\/100 par\n|move|p1a: Garganacl|Recover|p1a: Garganacl\n|-heal|p1a: Garganacl|87\/100\n|\n|-heal|p1a: Garganacl|93\/100|[from] item: Leftovers\n|upkeep\n|turn|34\n|\n|t:|1700852459\n|switch|p1a: Alomomola|Alomomola, M|91\/100\n|move|p2a: Samurott|Ceaseless Edge|p1a: Alomomola|[miss]\n|-miss|p2a: Samurott|p1a: Alomomola\n|\n|upkeep\n|turn|35\n|\n|t:|1700852467\n|cant|p2a: Samurott|par\n|move|p1a: Alomomola|Wish|p1a: Alomomola\n|\n|upkeep\n|turn|36\n|\n|t:|1700852472\n|move|p2a: Samurott|Ceaseless Edge|p1a: Alomomola\n|-damage|p1a: Alomomola|67\/100\n|-sidestart|p1: umm... hedgehog?|Spikes\n|move|p1a: Alomomola|Flip Turn|p2a: Samurott\n|-resisted|p2a: Samurott\n|-damage|p2a: Samurott|91\/100 par\n|j| Twintail_Fetish\n|\n|t:|1700852492\n|switch|p1a: Medicham|Medicham-Mega, F|100\/100|[from] Flip Turn\n|-damage|p1a: Medicham|88\/100|[from] Spikes\n|\n|-heal|p1a: Medicham|100\/100|[from] move: Wish|[wisher] Alomomola\n|upkeep\n|turn|37\n|\n|t:|1700852501\n|move|p1a: Medicham|Close Combat|p2a: Samurott\n|-supereffective|p2a: Samurott\n|-damage|p2a: Samurott|0 fnt\n|-unboost|p1a: Medicham|def|1\n|-unboost|p1a: Medicham|spd|1\n|faint|p2a: Samurott\n|\n|upkeep\n|\n|t:|1700852504\n|switch|p2a: Zeraora|Zeraora|1\/100\n|turn|38\n|\n|t:|1700852514\n|switch|p1a: Slowking|Slowking-Galar, M|100\/100\n|-damage|p1a: Slowking|88\/100|[from] Spikes\n|-terastallize|p2a: Zeraora|Electric\n|move|p2a: Zeraora|Plasma Fists|p1a: Slowking\n|-damage|p1a: Slowking|20\/100\n|-fieldactivate|move: Ion Deluge\n|-hint|Normal-type moves become Electric-type after using Plasma Fists.\n|\n|upkeep\n|turn|39\n|\n|t:|1700852533\n|switch|p1a: Zapdos|Zapdos|77\/100\n|move|p2a: Zeraora|Plasma Fists|p1a: Zapdos\n|-damage|p1a: Zapdos|28\/100\n|-fieldactivate|move: Ion Deluge\n|-hint|Normal-type moves become Electric-type after using Plasma Fists.\n|\n|upkeep\n|turn|40\n|\n|t:|1700852542\n|move|p2a: Zeraora|Plasma Fists|p1a: Zapdos\n|-damage|p1a: Zapdos|0 fnt\n|-fieldactivate|move: Ion Deluge\n|-hint|Normal-type moves become Electric-type after using Plasma Fists.\n|faint|p1a: Zapdos\n|\n|upkeep\n|\n|t:|1700852550\n|switch|p1a: Medicham|Medicham-Mega, F|100\/100\n|-damage|p1a: Medicham|88\/100|[from] Spikes\n|turn|41\n|inactive|CHI balance builds has 120 seconds left.\n|\n|t:|1700852601\n|move|p1a: Medicham|Bullet Punch|p2a: Zeraora\n|-resisted|p2a: Zeraora\n|-damage|p2a: Zeraora|0 fnt\n|faint|p2a: Zeraora\n|\n|upkeep\n|\n|t:|1700852605\n|switch|p2a: Skeledirge|Skeledirge, M|81\/100\n|turn|42\n|\n|t:|1700852616\n|switch|p1a: Garganacl|Garganacl, M|93\/100\n|-damage|p1a: Garganacl|81\/100|[from] Spikes\n|move|p2a: Skeledirge|Torch Song|p1a: Garganacl\n|-resisted|p1a: Garganacl\n|-damage|p1a: Garganacl|71\/100\n|-boost|p2a: Skeledirge|spa|1\n|\n|-heal|p1a: Garganacl|77\/100|[from] item: Leftovers\n|upkeep\n|turn|43\n|\n|t:|1700852629\n|move|p2a: Skeledirge|Torch Song|p1a: Garganacl\n|-resisted|p1a: Garganacl\n|-damage|p1a: Garganacl|62\/100\n|-boost|p2a: Skeledirge|spa|1\n|move|p1a: Garganacl|Salt Cure|p2a: Skeledirge\n|-supereffective|p2a: Skeledirge\n|-damage|p2a: Skeledirge|64\/100\n|-start|p2a: Skeledirge|Salt Cure\n|\n|-heal|p1a: Garganacl|68\/100|[from] item: Leftovers\n|-damage|p2a: Skeledirge|51\/100|[from] Salt Cure\n|upkeep\n|turn|44\n|\n|t:|1700852644\n|move|p2a: Skeledirge|Torch Song|p1a: Garganacl\n|-resisted|p1a: Garganacl\n|-damage|p1a: Garganacl|49\/100\n|-boost|p2a: Skeledirge|spa|1\n|move|p1a: Garganacl|Salt Cure|p2a: Skeledirge\n|-supereffective|p2a: Skeledirge\n|-damage|p2a: Skeledirge|35\/100\n|\n|-heal|p1a: Garganacl|55\/100|[from] item: Leftovers\n|-damage|p2a: Skeledirge|22\/100|[from] Salt Cure\n|upkeep\n|turn|45\n|\n|t:|1700852656\n|switch|p1a: Slowking|Slowking-Galar, M|53\/100\n|-damage|p1a: Slowking|40\/100|[from] Spikes\n|move|p2a: Skeledirge|Slack Off|p2a: Skeledirge\n|-heal|p2a: Skeledirge|72\/100\n|\n|-damage|p2a: Skeledirge|60\/100|[from] Salt Cure\n|upkeep\n|turn|46\n|\n|t:|1700852668\n|switch|p1a: Garganacl|Garganacl, M|55\/100\n|-damage|p1a: Garganacl|42\/100|[from] Spikes\n|move|p2a: Skeledirge|Shadow Ball|p1a: Garganacl\n|-damage|p1a: Garganacl|16\/100\n|\n|-heal|p1a: Garganacl|22\/100|[from] item: Leftovers\n|-damage|p2a: Skeledirge|48\/100|[from] Salt Cure\n|upkeep\n|turn|47\n|\n|t:|1700852679\n|move|p2a: Skeledirge|Slack Off|p2a: Skeledirge\n|-heal|p2a: Skeledirge|98\/100\n|move|p1a: Garganacl|Recover|p1a: Garganacl\n|-heal|p1a: Garganacl|72\/100\n|\n|-heal|p1a: Garganacl|78\/100|[from] item: Leftovers\n|-damage|p2a: Skeledirge|85\/100|[from] Salt Cure\n|upkeep\n|turn|48\n|\n|t:|1700852690\n|move|p2a: Skeledirge|Torch Song|p1a: Garganacl\n|-resisted|p1a: Garganacl\n|-damage|p1a: Garganacl|53\/100\n|-boost|p2a: Skeledirge|spa|1\n|move|p1a: Garganacl|Salt Cure|p2a: Skeledirge\n|-supereffective|p2a: Skeledirge\n|-damage|p2a: Skeledirge|67\/100\n|\n|-heal|p1a: Garganacl|59\/100|[from] item: Leftovers\n|-damage|p2a: Skeledirge|55\/100|[from] Salt Cure\n|upkeep\n|turn|49\n|\n|t:|1700852702\n|move|p1a: Garganacl|Protect|p1a: Garganacl\n|-singleturn|p1a: Garganacl|Protect\n|move|p2a: Skeledirge|Slack Off|p2a: Skeledirge\n|-heal|p2a: Skeledirge|100\/100\n|\n|-heal|p1a: Garganacl|66\/100|[from] item: Leftovers\n|-damage|p2a: Skeledirge|88\/100|[from] Salt Cure\n|upkeep\n|turn|50\n|\n|t:|1700852712\n|move|p2a: Skeledirge|Torch Song|p1a: Garganacl\n|-resisted|p1a: Garganacl\n|-damage|p1a: Garganacl|38\/100\n|-boost|p2a: Skeledirge|spa|1\n|move|p1a: Garganacl|Salt Cure|p2a: Skeledirge\n|-supereffective|p2a: Skeledirge\n|-damage|p2a: Skeledirge|71\/100\n|\n|-heal|p1a: Garganacl|44\/100|[from] item: Leftovers\n|-damage|p2a: Skeledirge|58\/100|[from] Salt Cure\n|upkeep\n|turn|51\n|\n|t:|1700852724\n|move|p1a: Garganacl|Protect|p1a: Garganacl\n|-singleturn|p1a: Garganacl|Protect\n|move|p2a: Skeledirge|Torch Song|p1a: Garganacl\n|-activate|p1a: Garganacl|move: Protect\n|\n|-heal|p1a: Garganacl|50\/100|[from] item: Leftovers\n|-damage|p2a: Skeledirge|46\/100|[from] Salt Cure\n|upkeep\n|turn|52\n|\n|t:|1700852736\n|move|p2a: Skeledirge|Slack Off|p2a: Skeledirge\n|-heal|p2a: Skeledirge|96\/100\n|move|p1a: Garganacl|Recover|p1a: Garganacl\n|-heal|p1a: Garganacl|99\/100\n|\n|-heal|p1a: Garganacl|100\/100|[from] item: Leftovers\n|-damage|p2a: Skeledirge|84\/100|[from] Salt Cure\n|upkeep\n|turn|53\n|\n|t:|1700852753\n|switch|p1a: Slowking|Slowking-Galar, M|74\/100\n|-damage|p1a: Slowking|61\/100|[from] Spikes\n|move|p2a: Skeledirge|Torch Song|p1a: Slowking\n|-damage|p1a: Slowking|18\/100\n|-boost|p2a: Skeledirge|spa|1\n|\n|-damage|p2a: Skeledirge|71\/100|[from] Salt Cure\n|upkeep\n|turn|54\n|\n|t:|1700852766\n|switch|p1a: Garganacl|Garganacl, M|100\/100\n|-damage|p1a: Garganacl|88\/100|[from] Spikes\n|move|p2a: Skeledirge|Shadow Ball|p1a: Garganacl\n|-damage|p1a: Garganacl|48\/100\n|-unboost|p1a: Garganacl|spd|1\n|\n|-heal|p1a: Garganacl|54\/100|[from] item: Leftovers\n|-damage|p2a: Skeledirge|59\/100|[from] Salt Cure\n|upkeep\n|turn|55\n|c|\u2606umm... hedgehog?|No\n|\n|t:|1700852783\n|switch|p1a: Slowking|Slowking-Galar, M|52\/100\n|-damage|p1a: Slowking|39\/100|[from] Spikes\n|move|p2a: Skeledirge|Slack Off|p2a: Skeledirge\n|-heal|p2a: Skeledirge|100\/100\n|\n|-damage|p2a: Skeledirge|88\/100|[from] Salt Cure\n|upkeep\n|turn|56\n|\n|t:|1700852795\n|move|p2a: Skeledirge|Shadow Ball|p1a: Slowking\n|-supereffective|p1a: Slowking\n|-damage|p1a: Slowking|0 fnt\n|faint|p1a: Slowking\n|\n|-damage|p2a: Skeledirge|76\/100|[from] Salt Cure\n|upkeep\n|\n|t:|1700852802\n|switch|p1a: Garganacl|Garganacl, M|54\/100\n|-damage|p1a: Garganacl|42\/100|[from] Spikes\n|turn|57\n|\n|t:|1700852808\n|move|p1a: Garganacl|Protect|p1a: Garganacl\n|-singleturn|p1a: Garganacl|Protect\n|move|p2a: Skeledirge|Shadow Ball|p1a: Garganacl\n|-activate|p1a: Garganacl|move: Protect\n|\n|-heal|p1a: Garganacl|48\/100|[from] item: Leftovers\n|-damage|p2a: Skeledirge|63\/100|[from] Salt Cure\n|upkeep\n|turn|58\n|\n|t:|1700852818\n|move|p2a: Skeledirge|Shadow Ball|p1a: Garganacl\n|-damage|p1a: Garganacl|6\/100\n|-unboost|p1a: Garganacl|spd|1\n|move|p1a: Garganacl|Recover|p1a: Garganacl\n|-heal|p1a: Garganacl|56\/100\n|\n|-heal|p1a: Garganacl|63\/100|[from] item: Leftovers\n|-damage|p2a: Skeledirge|51\/100|[from] Salt Cure\n|upkeep\n|turn|59\n|\n|t:|1700852829\n|switch|p1a: Alomomola|Alomomola, M|99\/100\n|move|p2a: Skeledirge|Slack Off|p2a: Skeledirge\n|-heal|p2a: Skeledirge|100\/100\n|\n|-damage|p2a: Skeledirge|88\/100|[from] Salt Cure\n|upkeep\n|turn|60\n|\n|t:|1700852840\n|move|p2a: Skeledirge|Shadow Ball|p1a: Alomomola\n|-damage|p1a: Alomomola|0 fnt\n|faint|p1a: Alomomola\n|\n|-damage|p2a: Skeledirge|76\/100|[from] Salt Cure\n|upkeep\n|\n|t:|1700852848\n|switch|p1a: Garganacl|Garganacl, M|63\/100\n|-damage|p1a: Garganacl|50\/100|[from] Spikes\n|turn|61\n|l| Twintail_Fetish\n|\n|t:|1700852852\n|move|p1a: Garganacl|Protect|p1a: Garganacl\n|-singleturn|p1a: Garganacl|Protect\n|move|p2a: Skeledirge|Shadow Ball|p1a: Garganacl\n|-activate|p1a: Garganacl|move: Protect\n|\n|-heal|p1a: Garganacl|56\/100|[from] item: Leftovers\n|-damage|p2a: Skeledirge|63\/100|[from] Salt Cure\n|upkeep\n|turn|62\n|\n|t:|1700852862\n|move|p2a: Skeledirge|Shadow Ball|p1a: Garganacl\n|-damage|p1a: Garganacl|15\/100\n|move|p1a: Garganacl|Recover|p1a: Garganacl\n|-heal|p1a: Garganacl|65\/100\n|\n|-heal|p1a: Garganacl|72\/100|[from] item: Leftovers\n|-damage|p2a: Skeledirge|51\/100|[from] Salt Cure\n|upkeep\n|turn|63\n|\n|t:|1700852873\n|move|p2a: Skeledirge|Slack Off|p2a: Skeledirge\n|-heal|p2a: Skeledirge|100\/100\n|move|p1a: Garganacl|Salt Cure|p2a: Skeledirge\n|-supereffective|p2a: Skeledirge\n|-damage|p2a: Skeledirge|83\/100\n|\n|-heal|p1a: Garganacl|78\/100|[from] item: Leftovers\n|-damage|p2a: Skeledirge|71\/100|[from] Salt Cure\n|upkeep\n|turn|64\n|\n|t:|1700852883\n|move|p2a: Skeledirge|Shadow Ball|p1a: Garganacl\n|-damage|p1a: Garganacl|40\/100\n|-unboost|p1a: Garganacl|spd|1\n|move|p1a: Garganacl|Salt Cure|p2a: Skeledirge\n|-supereffective|p2a: Skeledirge\n|-damage|p2a: Skeledirge|55\/100\n|\n|-heal|p1a: Garganacl|46\/100|[from] item: Leftovers\n|-damage|p2a: Skeledirge|42\/100|[from] Salt Cure\n|upkeep\n|turn|65\n|\n|t:|1700852901\n|move|p1a: Garganacl|Protect|p1a: Garganacl\n|-singleturn|p1a: Garganacl|Protect\n|move|p2a: Skeledirge|Slack Off|p2a: Skeledirge\n|-heal|p2a: Skeledirge|92\/100\n|\n|-heal|p1a: Garganacl|52\/100|[from] item: Leftovers\n|-damage|p2a: Skeledirge|80\/100|[from] Salt Cure\n|upkeep\n|turn|66\n|\n|t:|1700852912\n|move|p1a: Garganacl|Protect|p1a: Garganacl\n|-singleturn|p1a: Garganacl|Protect\n|move|p2a: Skeledirge|Shadow Ball|p1a: Garganacl\n|-activate|p1a: Garganacl|move: Protect\n|\n|-heal|p1a: Garganacl|58\/100|[from] item: Leftovers\n|-damage|p2a: Skeledirge|67\/100|[from] Salt Cure\n|upkeep\n|turn|67\n|\n|t:|1700852924\n|move|p2a: Skeledirge|Shadow Ball|p1a: Garganacl\n|-damage|p1a: Garganacl|17\/100\n|move|p1a: Garganacl|Salt Cure|p2a: Skeledirge\n|-supereffective|p2a: Skeledirge\n|-damage|p2a: Skeledirge|50\/100\n|\n|-heal|p1a: Garganacl|23\/100|[from] item: Leftovers\n|-damage|p2a: Skeledirge|37\/100|[from] Salt Cure\n|upkeep\n|turn|68\n|\n|t:|1700852937\n|switch|p2a: Scizor|Scizor-Mega, M|37\/100\n|move|p1a: Garganacl|Protect||[still]\n|-fail|p1a: Garganacl\n|\n|-heal|p1a: Garganacl|29\/100|[from] item: Leftovers\n|upkeep\n|turn|69\n|\n|t:|1700852948\n|move|p1a: Garganacl|Protect|p1a: Garganacl\n|-singleturn|p1a: Garganacl|Protect\n|move|p2a: Scizor|Bullet Punch|p1a: Garganacl\n|-activate|p1a: Garganacl|move: Protect\n|\n|-heal|p1a: Garganacl|35\/100|[from] item: Leftovers\n|upkeep\n|turn|70\n|\n|t:|1700852957\n|-terastallize|p1a: Garganacl|Water\n|move|p2a: Scizor|Bullet Punch|p1a: Garganacl\n|-resisted|p1a: Garganacl\n|-damage|p1a: Garganacl|26\/100\n|move|p1a: Garganacl|Recover|p1a: Garganacl\n|-heal|p1a: Garganacl|76\/100\n|\n|-heal|p1a: Garganacl|82\/100|[from] item: Leftovers\n|upkeep\n|turn|71\n|\n|t:|1700852967\n|move|p2a: Scizor|Roost|p2a: Scizor\n|-heal|p2a: Scizor|87\/100\n|-singleturn|p2a: Scizor|move: Roost\n|move|p1a: Garganacl|Salt Cure|p2a: Scizor\n|-damage|p2a: Scizor|79\/100\n|-start|p2a: Scizor|Salt Cure\n|\n|-heal|p1a: Garganacl|88\/100|[from] item: Leftovers\n|-damage|p2a: Scizor|54\/100|[from] Salt Cure\n|upkeep\n|turn|72\n|\n|t:|1700852977\n|move|p1a: Garganacl|Protect|p1a: Garganacl\n|-singleturn|p1a: Garganacl|Protect\n|move|p2a: Scizor|Roost|p2a: Scizor\n|-heal|p2a: Scizor|100\/100\n|-singleturn|p2a: Scizor|move: Roost\n|\n|-heal|p1a: Garganacl|95\/100|[from] item: Leftovers\n|-damage|p2a: Scizor|75\/100|[from] Salt Cure\n|upkeep\n|turn|73\n|\n|t:|1700852986\n|move|p2a: Scizor|U-turn|p1a: Garganacl\n|-damage|p1a: Garganacl|73\/100\n|\n|t:|1700852988\n|switch|p2a: Slowking|Slowking-Galar, F|100\/100|[from] U-turn\n|move|p1a: Garganacl|Stealth Rock|p2a: Slowking\n|-sidestart|p2: CHI balance builds|move: Stealth Rock\n|\n|-heal|p1a: Garganacl|79\/100|[from] item: Leftovers\n|upkeep\n|turn|74\n|\n|t:|1700853002\n|switch|p1a: Medicham|Medicham-Mega, F|88\/100\n|-damage|p1a: Medicham|76\/100|[from] Spikes\n|move|p2a: Slowking|Flamethrower|p1a: Medicham\n|-damage|p1a: Medicham|45\/100\n|\n|upkeep\n|turn|75\n|\n|t:|1700853014\n|switch|p1a: Garganacl|Garganacl, M, tera:Water|79\/100\n|-damage|p1a: Garganacl|67\/100|[from] Spikes\n|move|p2a: Slowking|Flamethrower|p1a: Garganacl\n|-resisted|p1a: Garganacl\n|-damage|p1a: Garganacl|60\/100\n|\n|-heal|p1a: Garganacl|66\/100|[from] item: Leftovers\n|upkeep\n|turn|76\n|\n|t:|1700853024\n|move|p1a: Garganacl|Salt Cure|p2a: Slowking\n|-damage|p2a: Slowking|86\/100\n|-start|p2a: Slowking|Salt Cure\n|move|p2a: Slowking|Future Sight|p1a: Garganacl\n|-start|p2a: Slowking|move: Future Sight\n|\n|-heal|p1a: Garganacl|72\/100|[from] item: Leftovers\n|-damage|p2a: Slowking|74\/100|[from] Salt Cure\n|upkeep\n|turn|77\n|\n|t:|1700853033\n|move|p1a: Garganacl|Protect|p1a: Garganacl\n|-singleturn|p1a: Garganacl|Protect\n|move|p2a: Slowking|Chilly Reception|p2a: Slowking\n|-weather|Snow\n|\n|t:|1700853035\n|switch|p2a: Skeledirge|Skeledirge, M|37\/100|[from] Chilly Reception\n|\n|-weather|Snow|[upkeep]\n|-heal|p1a: Garganacl|78\/100|[from] item: Leftovers\n|upkeep\n|turn|78\n|\n|t:|1700853048\n|switch|p2a: Slowking|Slowking-Galar, F|100\/100\n|move|p1a: Garganacl|Salt Cure|p2a: Slowking\n|-damage|p2a: Slowking|85\/100\n|-start|p2a: Slowking|Salt Cure\n|\n|-weather|Snow|[upkeep]\n|-end|p1a: Garganacl|move: Future Sight\n|-damage|p1a: Garganacl|51\/100\n|-heal|p1a: Garganacl|57\/100|[from] item: Leftovers\n|-damage|p2a: Slowking|73\/100|[from] Salt Cure\n|upkeep\n|turn|79\n|\n|t:|1700853060\n|move|p1a: Garganacl|Stealth Rock||[still]\n|-fail|p1a: Garganacl\n|move|p2a: Slowking|Future Sight|p1a: Garganacl\n|-start|p2a: Slowking|move: Future Sight\n|\n|-weather|Snow|[upkeep]\n|-heal|p1a: Garganacl|64\/100|[from] item: Leftovers\n|-damage|p2a: Slowking|61\/100|[from] Salt Cure\n|upkeep\n|turn|80\n|\n|t:|1700853068\n|move|p1a: Garganacl|Stealth Rock||[still]\n|-fail|p1a: Garganacl\n|move|p2a: Slowking|Chilly Reception|p2a: Slowking\n|\n|t:|1700853070\n|switch|p2a: Skeledirge|Skeledirge, M|37\/100|[from] Chilly Reception\n|\n|-weather|Snow|[upkeep]\n|-heal|p1a: Garganacl|70\/100|[from] item: Leftovers\n|upkeep\n|turn|81\n|\n|t:|1700853094\n|switch|p2a: Slowking|Slowking-Galar, F|94\/100\n|move|p1a: Garganacl|Salt Cure|p2a: Slowking\n|-damage|p2a: Slowking|79\/100\n|-start|p2a: Slowking|Salt Cure\n|\n|-weather|none\n|-end|p1a: Garganacl|move: Future Sight\n|-damage|p1a: Garganacl|40\/100\n|-heal|p1a: Garganacl|46\/100|[from] item: Leftovers\n|-damage|p2a: Slowking|66\/100|[from] Salt Cure\n|upkeep\n|turn|82\n|inactive|umm... hedgehog? has 120 seconds left.\n|\n|t:|1700853115\n|move|p1a: Garganacl|Stealth Rock||[still]\n|-fail|p1a: Garganacl\n|move|p2a: Slowking|Future Sight|p1a: Garganacl\n|-start|p2a: Slowking|move: Future Sight\n|\n|-heal|p1a: Garganacl|52\/100|[from] item: Leftovers\n|-damage|p2a: Slowking|54\/100|[from] Salt Cure\n|upkeep\n|turn|83\n|\n|t:|1700853123\n|move|p1a: Garganacl|Stealth Rock||[still]\n|-fail|p1a: Garganacl\n|move|p2a: Slowking|Flamethrower|p1a: Garganacl\n|-resisted|p1a: Garganacl\n|-crit|p1a: Garganacl\n|-damage|p1a: Garganacl|42\/100\n|\n|-heal|p1a: Garganacl|48\/100|[from] item: Leftovers\n|-damage|p2a: Slowking|42\/100|[from] Salt Cure\n|upkeep\n|turn|84\n|\n|t:|1700853141\n|move|p1a: Garganacl|Stealth Rock||[still]\n|-fail|p1a: Garganacl\n|move|p2a: Slowking|Slack Off|p2a: Slowking\n|-heal|p2a: Slowking|92\/100\n|\n|-end|p1a: Garganacl|move: Future Sight\n|-damage|p1a: Garganacl|19\/100\n|-heal|p1a: Garganacl|25\/100|[from] item: Leftovers\n|-damage|p2a: Slowking|80\/100|[from] Salt Cure\n|upkeep\n|turn|85\n|\n|t:|1700853153\n|move|p1a: Garganacl|Salt Cure|p2a: Slowking\n|-damage|p2a: Slowking|66\/100\n|move|p2a: Slowking|Future Sight|p1a: Garganacl\n|-start|p2a: Slowking|move: Future Sight\n|\n|-heal|p1a: Garganacl|31\/100|[from] item: Leftovers\n|-damage|p2a: Slowking|54\/100|[from] Salt Cure\n|upkeep\n|turn|86\n|\n|t:|1700853161\n|move|p1a: Garganacl|Salt Cure|p2a: Slowking\n|-damage|p2a: Slowking|40\/100\n|move|p2a: Slowking|Chilly Reception|p2a: Slowking\n|-weather|Snow\n|\n|t:|1700853163\n|switch|p2a: Scizor|Scizor-Mega, M|75\/100|[from] Chilly Reception\n|-damage|p2a: Scizor|63\/100|[from] Stealth Rock\n|\n|-weather|Snow|[upkeep]\n|-heal|p1a: Garganacl|38\/100|[from] item: Leftovers\n|upkeep\n|turn|87\n|\n|t:|1700853174\n|move|p2a: Scizor|U-turn|p1a: Garganacl\n|-damage|p1a: Garganacl|14\/100\n|\n|t:|1700853176\n|switch|p2a: Slowking|Slowking-Galar, F|73\/100|[from] U-turn\n|move|p1a: Garganacl|Recover|p1a: Garganacl\n|-heal|p1a: Garganacl|64\/100\n|\n|-weather|Snow|[upkeep]\n|-end|p1a: Garganacl|move: Future Sight\n|-damage|p1a: Garganacl|32\/100\n|-heal|p1a: Garganacl|38\/100|[from] item: Leftovers\n|upkeep\n|turn|88\n|\n|t:|1700853189\n|move|p1a: Garganacl|Salt Cure|p2a: Slowking\n|-damage|p2a: Slowking|60\/100\n|-start|p2a: Slowking|Salt Cure\n|move|p2a: Slowking|Future Sight|p1a: Garganacl\n|-start|p2a: Slowking|move: Future Sight\n|\n|-weather|Snow|[upkeep]\n|-heal|p1a: Garganacl|44\/100|[from] item: Leftovers\n|-damage|p2a: Slowking|47\/100|[from] Salt Cure\n|upkeep\n|turn|89\n|\n|t:|1700853198\n|move|p1a: Garganacl|Protect|p1a: Garganacl\n|-singleturn|p1a: Garganacl|Protect\n|move|p2a: Slowking|Slack Off|p2a: Slowking\n|-heal|p2a: Slowking|97\/100\n|\n|-weather|Snow|[upkeep]\n|-heal|p1a: Garganacl|50\/100|[from] item: Leftovers\n|-damage|p2a: Slowking|85\/100|[from] Salt Cure\n|upkeep\n|turn|90\n|\n|t:|1700853208\n|move|p1a: Garganacl|Salt Cure|p2a: Slowking\n|-damage|p2a: Slowking|71\/100\n|move|p2a: Slowking|Chilly Reception|p2a: Slowking\n|\n|t:|1700853217\n|switch|p2a: Scizor|Scizor-Mega, M|63\/100|[from] Chilly Reception\n|-damage|p2a: Scizor|50\/100|[from] Stealth Rock\n|\n|-weather|none\n|-end|p1a: Garganacl|move: Future Sight\n|-damage|p1a: Garganacl|23\/100\n|-heal|p1a: Garganacl|29\/100|[from] item: Leftovers\n|upkeep\n|turn|91\n|\n|t:|1700853229\n|move|p2a: Scizor|U-turn|p1a: Garganacl\n|-damage|p1a: Garganacl|5\/100\n|\n|t:|1700853231\n|switch|p2a: Slowking|Slowking-Galar, F|100\/100|[from] U-turn\n|move|p1a: Garganacl|Salt Cure|p2a: Slowking\n|-damage|p2a: Slowking|86\/100\n|-start|p2a: Slowking|Salt Cure\n|\n|-heal|p1a: Garganacl|12\/100|[from] item: Leftovers\n|-damage|p2a: Slowking|74\/100|[from] Salt Cure\n|upkeep\n|turn|92\n|\n|t:|1700853242\n|move|p1a: Garganacl|Stealth Rock||[still]\n|-fail|p1a: Garganacl\n|move|p2a: Slowking|Chilly Reception|p2a: Slowking\n|-weather|Snow\n|\n|t:|1700853245\n|switch|p2a: Skeledirge|Skeledirge, M|37\/100|[from] Chilly Reception\n|\n|-weather|Snow|[upkeep]\n|-heal|p1a: Garganacl|18\/100|[from] item: Leftovers\n|upkeep\n|turn|93\n|\n|t:|1700853255\n|switch|p2a: Slowking|Slowking-Galar, F|100\/100\n|move|p1a: Garganacl|Salt Cure|p2a: Slowking\n|-damage|p2a: Slowking|86\/100\n|-start|p2a: Slowking|Salt Cure\n|\n|-weather|Snow|[upkeep]\n|-heal|p1a: Garganacl|24\/100|[from] item: Leftovers\n|-damage|p2a: Slowking|74\/100|[from] Salt Cure\n|upkeep\n|turn|94\n|\n|t:|1700853266\n|move|p1a: Garganacl|Stealth Rock||[still]\n|-fail|p1a: Garganacl\n|move|p2a: Slowking|Future Sight|p1a: Garganacl\n|-start|p2a: Slowking|move: Future Sight\n|\n|-weather|Snow|[upkeep]\n|-heal|p1a: Garganacl|30\/100|[from] item: Leftovers\n|-damage|p2a: Slowking|62\/100|[from] Salt Cure\n|upkeep\n|turn|95\n|\n|t:|1700853275\n|move|p1a: Garganacl|Stealth Rock||[still]\n|-fail|p1a: Garganacl\n|move|p2a: Slowking|Chilly Reception|p2a: Slowking\n|\n|t:|1700853276\n|switch|p2a: Scizor|Scizor-Mega, M|50\/100|[from] Chilly Reception\n|-damage|p2a: Scizor|38\/100|[from] Stealth Rock\n|\n|-weather|Snow|[upkeep]\n|-heal|p1a: Garganacl|36\/100|[from] item: Leftovers\n|upkeep\n|turn|96\n|\n|t:|1700853286\n|move|p2a: Scizor|Roost|p2a: Scizor\n|-heal|p2a: Scizor|88\/100\n|-singleturn|p2a: Scizor|move: Roost\n|move|p1a: Garganacl|Salt Cure|p2a: Scizor\n|-damage|p2a: Scizor|80\/100\n|-start|p2a: Scizor|Salt Cure\n|\n|-weather|none\n|-end|p1a: Garganacl|move: Future Sight\n|-damage|p1a: Garganacl|7\/100\n|-heal|p1a: Garganacl|14\/100|[from] item: Leftovers\n|-damage|p2a: Scizor|55\/100|[from] Salt Cure\n|upkeep\n|turn|97\n|inactive|umm... hedgehog? has 90 seconds left.\n|\n|t:|1700853298\n|move|p1a: Garganacl|Protect|p1a: Garganacl\n|-singleturn|p1a: Garganacl|Protect\n|move|p2a: Scizor|Roost|p2a: Scizor\n|-heal|p2a: Scizor|100\/100\n|-singleturn|p2a: Scizor|move: Roost\n|\n|-heal|p1a: Garganacl|20\/100|[from] item: Leftovers\n|-damage|p2a: Scizor|75\/100|[from] Salt Cure\n|upkeep\n|turn|98\n|inactive|umm... hedgehog? has 90 seconds left.\n|\n|t:|1700853309\n|move|p1a: Garganacl|Protect|p1a: Garganacl\n|-singleturn|p1a: Garganacl|Protect\n|move|p2a: Scizor|U-turn|p1a: Garganacl\n|-activate|p1a: Garganacl|move: Protect\n|\n|-heal|p1a: Garganacl|26\/100|[from] item: Leftovers\n|-damage|p2a: Scizor|50\/100|[from] Salt Cure\n|upkeep\n|turn|99\n|\n|t:|1700853321\n|move|p2a: Scizor|Roost|p2a: Scizor\n|-heal|p2a: Scizor|100\/100\n|-singleturn|p2a: Scizor|move: Roost\n|move|p1a: Garganacl|Salt Cure|p2a: Scizor\n|-damage|p2a: Scizor|93\/100\n|\n|-heal|p1a: Garganacl|32\/100|[from] item: Leftovers\n|-damage|p2a: Scizor|68\/100|[from] Salt Cure\n|upkeep\n|turn|100\n|\n|t:|1700853331\n|switch|p2a: Slowking|Slowking-Galar, F|95\/100\n|move|p1a: Garganacl|Stealth Rock||[still]\n|-fail|p1a: Garganacl\n|\n|-heal|p1a: Garganacl|38\/100|[from] item: Leftovers\n|upkeep\n|turn|101\n|\n|t:|1700853339\n|move|p1a: Garganacl|Stealth Rock||[still]\n|-fail|p1a: Garganacl\n|move|p2a: Slowking|Future Sight|p1a: Garganacl\n|-start|p2a: Slowking|move: Future Sight\n|\n|-heal|p1a: Garganacl|45\/100|[from] item: Leftovers\n|upkeep\n|turn|102\n|\n|t:|1700853345\n|move|p1a: Garganacl|Stealth Rock||[still]\n|-fail|p1a: Garganacl\n|move|p2a: Slowking|Chilly Reception|p2a: Slowking\n|-weather|Snow\n|\n|t:|1700853347\n|switch|p2a: Skeledirge|Skeledirge, M|37\/100|[from] Chilly Reception\n|\n|-weather|Snow|[upkeep]\n|-heal|p1a: Garganacl|51\/100|[from] item: Leftovers\n|upkeep\n|turn|103\n|\n|t:|1700853358\n|move|p1a: Garganacl|Protect|p1a: Garganacl\n|-singleturn|p1a: Garganacl|Protect\n|move|p2a: Skeledirge|Torch Song|p1a: Garganacl\n|-activate|p1a: Garganacl|move: Protect\n|\n|-weather|Snow|[upkeep]\n|-end|p1a: Garganacl|move: Future Sight\n|-damage|p1a: Garganacl|20\/100\n|-heal|p1a: Garganacl|26\/100|[from] item: Leftovers\n|upkeep\n|turn|104\n|\n|t:|1700853369\n|move|p2a: Skeledirge|Shadow Ball|p1a: Garganacl\n|-damage|p1a: Garganacl|16\/100\n|move|p1a: Garganacl|Stealth Rock||[still]\n|-fail|p1a: Garganacl\n|\n|-weather|Snow|[upkeep]\n|-heal|p1a: Garganacl|22\/100|[from] item: Leftovers\n|upkeep\n|turn|105\n|\n|t:|1700853378\n|move|p1a: Garganacl|Protect|p1a: Garganacl\n|-singleturn|p1a: Garganacl|Protect\n|move|p2a: Skeledirge|Shadow Ball|p1a: Garganacl\n|-activate|p1a: Garganacl|move: Protect\n|\n|-weather|Snow|[upkeep]\n|-heal|p1a: Garganacl|28\/100|[from] item: Leftovers\n|upkeep\n|turn|106\n|\n|t:|1700853387\n|move|p2a: Skeledirge|Shadow Ball|p1a: Garganacl\n|-damage|p1a: Garganacl|19\/100\n|move|p1a: Garganacl|Stealth Rock||[still]\n|-fail|p1a: Garganacl\n|\n|-weather|none\n|-heal|p1a: Garganacl|25\/100|[from] item: Leftovers\n|upkeep\n|turn|107\n|\n|t:|1700853398\n|move|p2a: Skeledirge|Shadow Ball|p1a: Garganacl\n|-damage|p1a: Garganacl|15\/100\n|move|p1a: Garganacl|Stealth Rock||[still]\n|-fail|p1a: Garganacl\n|\n|-heal|p1a: Garganacl|21\/100|[from] item: Leftovers\n|upkeep\n|turn|108\n|\n|t:|1700853407\n|move|p2a: Skeledirge|Torch Song|p1a: Garganacl\n|-resisted|p1a: Garganacl\n|-damage|p1a: Garganacl|11\/100\n|-boost|p2a: Skeledirge|spa|1\n|move|p1a: Garganacl|Stealth Rock||[still]\n|-fail|p1a: Garganacl\n|\n|-heal|p1a: Garganacl|17\/100|[from] item: Leftovers\n|upkeep\n|turn|109\n|\n|t:|1700853416\n|switch|p2a: Slowking|Slowking-Galar, F|100\/100\n|move|p1a: Garganacl|Protect||[still]\n|-fail|p1a: Garganacl\n|\n|-heal|p1a: Garganacl|23\/100|[from] item: Leftovers\n|upkeep\n|turn|110\n|\n|t:|1700853429\n|move|p1a: Garganacl|Stealth Rock||[still]\n|-fail|p1a: Garganacl\n|move|p2a: Slowking|Flamethrower|p1a: Garganacl\n|-resisted|p1a: Garganacl\n|-damage|p1a: Garganacl|15\/100\n|\n|-heal|p1a: Garganacl|22\/100|[from] item: Leftovers\n|upkeep\n|turn|111\n|c|\u2606CHI balance builds|Gg\n|\n|t:|1700853438\n|move|p1a: Garganacl|Stealth Rock||[still]\n|-fail|p1a: Garganacl\n|move|p2a: Slowking|Flamethrower|p1a: Garganacl\n|-resisted|p1a: Garganacl\n|-damage|p1a: Garganacl|14\/100\n|\n|-heal|p1a: Garganacl|20\/100|[from] item: Leftovers\n|upkeep\n|turn|112\n|\n|t:|1700853447\n|move|p1a: Garganacl|Stealth Rock||[still]\n|-fail|p1a: Garganacl\n|move|p2a: Slowking|Future Sight|p1a: Garganacl\n|-start|p2a: Slowking|move: Future Sight\n|\n|-heal|p1a: Garganacl|26\/100|[from] item: Leftovers\n|upkeep\n|turn|113\n|\n|t:|1700853453\n|move|p1a: Garganacl|Stealth Rock||[still]\n|-fail|p1a: Garganacl\n|move|p2a: Slowking|Chilly Reception|p2a: Slowking\n|-weather|Snow\n|\n|t:|1700853455\n|switch|p2a: Skeledirge|Skeledirge, M|37\/100|[from] Chilly Reception\n|\n|-weather|Snow|[upkeep]\n|-heal|p1a: Garganacl|32\/100|[from] item: Leftovers\n|upkeep\n|turn|114\n|\n|t:|1700853464\n|move|p2a: Skeledirge|Torch Song|p1a: Garganacl\n|-resisted|p1a: Garganacl\n|-damage|p1a: Garganacl|22\/100\n|-boost|p2a: Skeledirge|spa|1\n|move|p1a: Garganacl|Stealth Rock||[still]\n|-fail|p1a: Garganacl\n|\n|-weather|Snow|[upkeep]\n|-end|p1a: Garganacl|move: Future Sight\n|-damage|p1a: Garganacl|0 fnt\n|faint|p1a: Garganacl\n|upkeep\n|\n|t:|1700853475\n|switch|p1a: Medicham|Medicham-Mega, F|45\/100\n|-damage|p1a: Medicham|33\/100|[from] Spikes\n|turn|115\n|c|\u2606CHI balance builds|Gg\n|\n|t:|1700853488\n|move|p1a: Medicham|Zen Headbutt|p2a: Skeledirge\n|-damage|p2a: Skeledirge|0 fnt\n|faint|p2a: Skeledirge\n|\n|-weather|Snow|[upkeep]\n|upkeep\n|\n|t:|1700853492\n|switch|p2a: Scizor|Scizor-Mega, M|68\/100\n|-damage|p2a: Scizor|55\/100|[from] Stealth Rock\n|turn|116\n|c|\u2606umm... hedgehog?|This was fun\n|\n|t:|1700853497\n|switch|p2a: Slowking|Slowking-Galar, F|100\/100\n|move|p1a: Medicham|Close Combat|p2a: Slowking\n|-resisted|p2a: Slowking\n|-damage|p2a: Slowking|74\/100\n|-unboost|p1a: Medicham|def|1\n|-unboost|p1a: Medicham|spd|1\n|\n|-weather|Snow|[upkeep]\n|upkeep\n|turn|117\n|\n|t:|1700853508\n|move|p1a: Medicham|Zen Headbutt|p2a: Slowking\n|-damage|p2a: Slowking|0 fnt\n|faint|p2a: Slowking\n|\n|-weather|none\n|upkeep\n|\n|t:|1700853510\n|switch|p2a: Scizor|Scizor-Mega, M|55\/100\n|-damage|p2a: Scizor|43\/100|[from] Stealth Rock\n|turn|118\n|\n|t:|1700853517\n|move|p2a: Scizor|Bullet Punch|p1a: Medicham\n|-damage|p1a: Medicham|0 fnt\n|faint|p1a: Medicham\n|\n|win|CHI balance builds\n|raw|umm... hedgehog?'s rating: 1555 &rarr; <strong>1540<\/strong><br \/>(-15 for losing)\n|raw|CHI balance builds's rating: 1637 &rarr; <strong>1652<\/strong><br \/>(+15 for winning)\n|c|\u2606umm... hedgehog?|Longest battle I've played\n|l|\u2606umm... hedgehog?\n|l|\u2606CHI balance builds\n|j|\u2606CHI balance builds\n|player|p2|CHI balance builds|ariana\n","uploadtime":1700853528,"views":2,"p1id":"ummhedgehog","p2id":"chibalancebuilds","formatid":"gen9nationaldex","rating":1540,"private":0,"password":""}