{"id":"gen9nationaldex-1993969807","p1":"The power of ROCK","p2":"wcyoubing\u8349\u55b5\u72c2\u70ed\u7c89","format":"[Gen 9] National Dex","log":"|j|\u2606The power of ROCK\n|j|\u2606wcyoubing\u8349\u55b5\u72c2\u70ed\u7c89\n|inactive|Battle timer is ON: inactive players will automatically lose when time's up.\n|t:|1700385238\n|gametype|singles\n|player|p1|The power of ROCK|roark|\n|player|p2|wcyoubing\u8349\u55b5\u72c2\u70ed\u7c89|alec-anime|\n|teamsize|p1|6\n|teamsize|p2|6\n|gen|9\n|tier|[Gen 9] National Dex\n|rated|Tournament battle\n|rule|HP Percentage Mod: HP is shown in percentages\n|rule|Endless Battle Clause: Forcing endless battles is banned\n|rule|OHKO Clause: OHKO moves are banned\n|rule|Evasion Clause: Evasion abilities, items, and moves are banned\n|rule|Evasion Abilities Clause: Evasion abilities are banned\n|rule|Evasion Items Clause: Evasion items are banned\n|rule|Evasion Moves Clause: Evasion moves are banned\n|rule|Species Clause: Limit one of each Pok\u00e9mon\n|rule|Sleep Clause Mod: Limit one foe put to sleep\n|clearpoke\n|poke|p1|Tyranitar, M|\n|poke|p1|Garganacl, F|\n|poke|p1|Aggron, M|\n|poke|p1|Cradily, F|\n|poke|p1|Glimmora, F|\n|poke|p1|Avalugg-Hisui, M|\n|poke|p2|Banette, M|\n|poke|p2|Zamazenta-*|\n|poke|p2|Alomomola, F|\n|poke|p2|Thundurus-Therian, M|\n|poke|p2|Aegislash, M|\n|poke|p2|Toxapex, F|\n|teampreview\n|c|\u2606The power of ROCK|Welcome to the ROCK gym\n|\n|t:|1700385262\n|start\n|switch|p1a: Glimmora|Glimmora, F|100\/100\n|switch|p2a: \u76fe\u4e4b\u738b\u6015\u75bc\uff0c\u5e26\u5f31\u70b9\u4fdd\u9669\u5408\u7406\u5427|Zamazenta|100\/100\n|-ability|p2a: \u76fe\u4e4b\u738b\u6015\u75bc\uff0c\u5e26\u5f31\u70b9\u4fdd\u9669\u5408\u7406\u5427|Dauntless Shield|boost\n|-boost|p2a: \u76fe\u4e4b\u738b\u6015\u75bc\uff0c\u5e26\u5f31\u70b9\u4fdd\u9669\u5408\u7406\u5427|def|1\n|turn|1\n|c|\u2606wcyoubing\u8349\u55b5\u72c2\u70ed\u7c89|awa\n|j| Domin0999\n|\n|t:|1700385274\n|move|p1a: Glimmora|Sludge Wave|p2a: \u76fe\u4e4b\u738b\u6015\u75bc\uff0c\u5e26\u5f31\u70b9\u4fdd\u9669\u5408\u7406\u5427\n|-damage|p2a: \u76fe\u4e4b\u738b\u6015\u75bc\uff0c\u5e26\u5f31\u70b9\u4fdd\u9669\u5408\u7406\u5427|60\/100\n|move|p2a: \u76fe\u4e4b\u738b\u6015\u75bc\uff0c\u5e26\u5f31\u70b9\u4fdd\u9669\u5408\u7406\u5427|Substitute|p2a: \u76fe\u4e4b\u738b\u6015\u75bc\uff0c\u5e26\u5f31\u70b9\u4fdd\u9669\u5408\u7406\u5427\n|-start|p2a: \u76fe\u4e4b\u738b\u6015\u75bc\uff0c\u5e26\u5f31\u70b9\u4fdd\u9669\u5408\u7406\u5427|Substitute\n|-damage|p2a: \u76fe\u4e4b\u738b\u6015\u75bc\uff0c\u5e26\u5f31\u70b9\u4fdd\u9669\u5408\u7406\u5427|35\/100\n|\n|-heal|p2a: \u76fe\u4e4b\u738b\u6015\u75bc\uff0c\u5e26\u5f31\u70b9\u4fdd\u9669\u5408\u7406\u5427|41\/100|[from] item: Leftovers\n|upkeep\n|turn|2\n|j| GoYouSureYeahGetit\n|\n|t:|1700385279\n|move|p1a: Glimmora|Sludge Wave|p2a: \u76fe\u4e4b\u738b\u6015\u75bc\uff0c\u5e26\u5f31\u70b9\u4fdd\u9669\u5408\u7406\u5427\n|-crit|p2a: \u76fe\u4e4b\u738b\u6015\u75bc\uff0c\u5e26\u5f31\u70b9\u4fdd\u9669\u5408\u7406\u5427\n|-end|p2a: \u76fe\u4e4b\u738b\u6015\u75bc\uff0c\u5e26\u5f31\u70b9\u4fdd\u9669\u5408\u7406\u5427|Substitute\n|move|p2a: \u76fe\u4e4b\u738b\u6015\u75bc\uff0c\u5e26\u5f31\u70b9\u4fdd\u9669\u5408\u7406\u5427|Iron Defense|p2a: \u76fe\u4e4b\u738b\u6015\u75bc\uff0c\u5e26\u5f31\u70b9\u4fdd\u9669\u5408\u7406\u5427\n|-boost|p2a: \u76fe\u4e4b\u738b\u6015\u75bc\uff0c\u5e26\u5f31\u70b9\u4fdd\u9669\u5408\u7406\u5427|def|2\n|\n|-heal|p2a: \u76fe\u4e4b\u738b\u6015\u75bc\uff0c\u5e26\u5f31\u70b9\u4fdd\u9669\u5408\u7406\u5427|48\/100|[from] item: Leftovers\n|upkeep\n|turn|3\n|\n|t:|1700385284\n|move|p1a: Glimmora|Sludge Wave|p2a: \u76fe\u4e4b\u738b\u6015\u75bc\uff0c\u5e26\u5f31\u70b9\u4fdd\u9669\u5408\u7406\u5427\n|-damage|p2a: \u76fe\u4e4b\u738b\u6015\u75bc\uff0c\u5e26\u5f31\u70b9\u4fdd\u9669\u5408\u7406\u5427|7\/100\n|move|p2a: \u76fe\u4e4b\u738b\u6015\u75bc\uff0c\u5e26\u5f31\u70b9\u4fdd\u9669\u5408\u7406\u5427|Body Press|p1a: Glimmora\n|-damage|p1a: Glimmora|0 fnt\n|-activate|p1a: Glimmora|ability: Toxic Debris\n|-sidestart|p2: wcyoubing\u8349\u55b5\u72c2\u70ed\u7c89|move: Toxic Spikes\n|faint|p1a: Glimmora\n|\n|-heal|p2a: \u76fe\u4e4b\u738b\u6015\u75bc\uff0c\u5e26\u5f31\u70b9\u4fdd\u9669\u5408\u7406\u5427|13\/100|[from] item: Leftovers\n|upkeep\n|l| GoYouSureYeahGetit\n|\n|t:|1700385289\n|switch|p1a: Garganacl|Garganacl, F|100\/100\n|turn|4\n|\n|t:|1700385296\n|-terastallize|p1a: Garganacl|Ghost\n|move|p2a: \u76fe\u4e4b\u738b\u6015\u75bc\uff0c\u5e26\u5f31\u70b9\u4fdd\u9669\u5408\u7406\u5427|Body Press|p1a: Garganacl\n|-immune|p1a: Garganacl\n|move|p1a: Garganacl|Salt Cure|p2a: \u76fe\u4e4b\u738b\u6015\u75bc\uff0c\u5e26\u5f31\u70b9\u4fdd\u9669\u5408\u7406\u5427\n|-resisted|p2a: \u76fe\u4e4b\u738b\u6015\u75bc\uff0c\u5e26\u5f31\u70b9\u4fdd\u9669\u5408\u7406\u5427\n|-damage|p2a: \u76fe\u4e4b\u738b\u6015\u75bc\uff0c\u5e26\u5f31\u70b9\u4fdd\u9669\u5408\u7406\u5427|12\/100\n|-start|p2a: \u76fe\u4e4b\u738b\u6015\u75bc\uff0c\u5e26\u5f31\u70b9\u4fdd\u9669\u5408\u7406\u5427|Salt Cure\n|\n|-heal|p2a: \u76fe\u4e4b\u738b\u6015\u75bc\uff0c\u5e26\u5f31\u70b9\u4fdd\u9669\u5408\u7406\u5427|18\/100|[from] item: Leftovers\n|-damage|p2a: \u76fe\u4e4b\u738b\u6015\u75bc\uff0c\u5e26\u5f31\u70b9\u4fdd\u9669\u5408\u7406\u5427|5\/100|[from] Salt Cure\n|upkeep\n|turn|5\n|\n|t:|1700385302\n|switch|p2a: Toxapex|Toxapex, F|100\/100\n|-sideend|p2: wcyoubing\u8349\u55b5\u72c2\u70ed\u7c89|move: Toxic Spikes|[of] p2a: Toxapex\n|move|p1a: Garganacl|Iron Defense|p1a: Garganacl\n|-boost|p1a: Garganacl|def|2\n|\n|upkeep\n|turn|6\n|\n|t:|1700385308\n|move|p2a: Toxapex|Toxic|p1a: Garganacl\n|-immune|p1a: Garganacl|[from] ability: Purifying Salt\n|move|p1a: Garganacl|Salt Cure|p2a: Toxapex\n|-damage|p2a: Toxapex|89\/100\n|-start|p2a: Toxapex|Salt Cure\n|\n|-heal|p2a: Toxapex|95\/100|[from] item: Black Sludge\n|-damage|p2a: Toxapex|70\/100|[from] Salt Cure\n|upkeep\n|turn|7\n|\n|t:|1700385311\n|move|p2a: Toxapex|Scald|p1a: Garganacl\n|-damage|p1a: Garganacl|88\/100\n|-enditem|p1a: Garganacl|Maranga Berry|[eat]\n|-boost|p1a: Garganacl|spd|1|[from] item: Maranga Berry\n|move|p1a: Garganacl|Salt Cure|p2a: Toxapex\n|-damage|p2a: Toxapex|59\/100\n|\n|-heal|p2a: Toxapex|65\/100|[from] item: Black Sludge\n|-damage|p2a: Toxapex|40\/100|[from] Salt Cure\n|upkeep\n|turn|8\n|\n|t:|1700385324\n|switch|p2a: \u9b3c\u9b3c\u559c\u6b22\u6076\u4f5c\u5267|Banette, M|100\/100\n|move|p1a: Garganacl|Salt Cure|p2a: \u9b3c\u9b3c\u559c\u6b22\u6076\u4f5c\u5267\n|-damage|p2a: \u9b3c\u9b3c\u559c\u6b22\u6076\u4f5c\u5267|76\/100\n|-start|p2a: \u9b3c\u9b3c\u559c\u6b22\u6076\u4f5c\u5267|Salt Cure\n|\n|-damage|p2a: \u9b3c\u9b3c\u559c\u6b22\u6076\u4f5c\u5267|63\/100|[from] Salt Cure\n|upkeep\n|turn|9\n|\n|t:|1700385327\n|detailschange|p2a: \u9b3c\u9b3c\u559c\u6b22\u6076\u4f5c\u5267|Banette-Mega, M\n|-mega|p2a: \u9b3c\u9b3c\u559c\u6b22\u6076\u4f5c\u5267|Banette|Banettite\n|move|p2a: \u9b3c\u9b3c\u559c\u6b22\u6076\u4f5c\u5267|Encore|p1a: Garganacl\n|-start|p1a: Garganacl|Encore\n|move|p1a: Garganacl|Salt Cure|p2a: \u9b3c\u9b3c\u559c\u6b22\u6076\u4f5c\u5267\n|-damage|p2a: \u9b3c\u9b3c\u559c\u6b22\u6076\u4f5c\u5267|43\/100\n|\n|-damage|p2a: \u9b3c\u9b3c\u559c\u6b22\u6076\u4f5c\u5267|30\/100|[from] Salt Cure\n|upkeep\n|turn|10\n|\n|t:|1700385335\n|switch|p1a: Tyranitar|Tyranitar, M|100\/100\n|-weather|Sandstorm|[from] ability: Sand Stream|[of] p1a: Tyranitar\n|move|p2a: \u9b3c\u9b3c\u559c\u6b22\u6076\u4f5c\u5267|Destiny Bond|p2a: \u9b3c\u9b3c\u559c\u6b22\u6076\u4f5c\u5267\n|-singlemove|p2a: \u9b3c\u9b3c\u559c\u6b22\u6076\u4f5c\u5267|Destiny Bond\n|\n|-weather|Sandstorm|[upkeep]\n|-damage|p2a: \u9b3c\u9b3c\u559c\u6b22\u6076\u4f5c\u5267|24\/100|[from] Sandstorm\n|-damage|p2a: \u9b3c\u9b3c\u559c\u6b22\u6076\u4f5c\u5267|12\/100|[from] Salt Cure\n|upkeep\n|turn|11\n|\n|t:|1700385343\n|switch|p2a: \u4fdd\u59c6\u66fc\u6ce2\u8868\u793a\u6211\u4e5f\u60f3c|Alomomola, F, shiny|100\/100\n|switch|p1a: Cradily|Cradily, F|100\/100\n|\n|-weather|Sandstorm|[upkeep]\n|-damage|p2a: \u4fdd\u59c6\u66fc\u6ce2\u8868\u793a\u6211\u4e5f\u60f3c|94\/100|[from] Sandstorm\n|upkeep\n|turn|12\n|\n|t:|1700385347\n|move|p2a: \u4fdd\u59c6\u66fc\u6ce2\u8868\u793a\u6211\u4e5f\u60f3c|Toxic|p1a: Cradily\n|-status|p1a: Cradily|tox\n|move|p1a: Cradily|Infestation|p2a: \u4fdd\u59c6\u66fc\u6ce2\u8868\u793a\u6211\u4e5f\u60f3c\n|-damage|p2a: \u4fdd\u59c6\u66fc\u6ce2\u8868\u793a\u6211\u4e5f\u60f3c|90\/100\n|-activate|p2a: \u4fdd\u59c6\u66fc\u6ce2\u8868\u793a\u6211\u4e5f\u60f3c|move: Infestation|[of] p1a: Cradily\n|-damage|p1a: Cradily|84\/100 tox|[from] item: Rocky Helmet|[of] p2a: \u4fdd\u59c6\u66fc\u6ce2\u8868\u793a\u6211\u4e5f\u60f3c\n|\n|-weather|Sandstorm|[upkeep]\n|-damage|p2a: \u4fdd\u59c6\u66fc\u6ce2\u8868\u793a\u6211\u4e5f\u60f3c|84\/100|[from] Sandstorm\n|-damage|p1a: Cradily|78\/100 tox|[from] psn\n|-damage|p2a: \u4fdd\u59c6\u66fc\u6ce2\u8868\u793a\u6211\u4e5f\u60f3c|67\/100|[from] move: Infestation|[partiallytrapped]\n|upkeep\n|turn|13\n|\n|t:|1700385352\n|move|p2a: \u4fdd\u59c6\u66fc\u6ce2\u8868\u793a\u6211\u4e5f\u60f3c|Wish|p2a: \u4fdd\u59c6\u66fc\u6ce2\u8868\u793a\u6211\u4e5f\u60f3c\n|move|p1a: Cradily|Leech Seed|p2a: \u4fdd\u59c6\u66fc\u6ce2\u8868\u793a\u6211\u4e5f\u60f3c\n|-start|p2a: \u4fdd\u59c6\u66fc\u6ce2\u8868\u793a\u6211\u4e5f\u60f3c|move: Leech Seed\n|\n|-weather|Sandstorm|[upkeep]\n|-damage|p2a: \u4fdd\u59c6\u66fc\u6ce2\u8868\u793a\u6211\u4e5f\u60f3c|61\/100|[from] Sandstorm\n|-damage|p2a: \u4fdd\u59c6\u66fc\u6ce2\u8868\u793a\u6211\u4e5f\u60f3c|49\/100|[from] Leech Seed|[of] p1a: Cradily\n|-heal|p1a: Cradily|95\/100 tox|[silent]\n|-damage|p1a: Cradily|83\/100 tox|[from] psn\n|-damage|p2a: \u4fdd\u59c6\u66fc\u6ce2\u8868\u793a\u6211\u4e5f\u60f3c|32\/100|[from] move: Infestation|[partiallytrapped]\n|upkeep\n|turn|14\n|\n|t:|1700385358\n|move|p2a: \u4fdd\u59c6\u66fc\u6ce2\u8868\u793a\u6211\u4e5f\u60f3c|Protect|p2a: \u4fdd\u59c6\u66fc\u6ce2\u8868\u793a\u6211\u4e5f\u60f3c\n|-singleturn|p2a: \u4fdd\u59c6\u66fc\u6ce2\u8868\u793a\u6211\u4e5f\u60f3c|Protect\n|move|p1a: Cradily|Block|p2a: \u4fdd\u59c6\u66fc\u6ce2\u8868\u793a\u6211\u4e5f\u60f3c\n|-activate|p2a: \u4fdd\u59c6\u66fc\u6ce2\u8868\u793a\u6211\u4e5f\u60f3c|trapped\n|\n|-weather|none\n|-heal|p2a: \u4fdd\u59c6\u66fc\u6ce2\u8868\u793a\u6211\u4e5f\u60f3c|82\/100|[from] move: Wish|[wisher] \u4fdd\u59c6\u66fc\u6ce2\u8868\u793a\u6211\u4e5f\u60f3c\n|-damage|p2a: \u4fdd\u59c6\u66fc\u6ce2\u8868\u793a\u6211\u4e5f\u60f3c|70\/100|[from] Leech Seed|[of] p1a: Cradily\n|-heal|p1a: Cradily|100\/100 tox|[silent]\n|-damage|p1a: Cradily|82\/100 tox|[from] psn\n|-damage|p2a: \u4fdd\u59c6\u66fc\u6ce2\u8868\u793a\u6211\u4e5f\u60f3c|53\/100|[from] move: Infestation|[partiallytrapped]\n|upkeep\n|turn|15\n|\n|t:|1700385364\n|move|p2a: \u4fdd\u59c6\u66fc\u6ce2\u8868\u793a\u6211\u4e5f\u60f3c|Wish|p2a: \u4fdd\u59c6\u66fc\u6ce2\u8868\u793a\u6211\u4e5f\u60f3c\n|move|p1a: Cradily|Rest|p1a: Cradily\n|-status|p1a: Cradily|slp|[from] move: Rest\n|-heal|p1a: Cradily|100\/100 slp|[silent]\n|\n|-damage|p2a: \u4fdd\u59c6\u66fc\u6ce2\u8868\u793a\u6211\u4e5f\u60f3c|41\/100|[from] Leech Seed|[of] p1a: Cradily\n|-damage|p2a: \u4fdd\u59c6\u66fc\u6ce2\u8868\u793a\u6211\u4e5f\u60f3c|24\/100|[from] move: Infestation|[partiallytrapped]\n|upkeep\n|turn|16\n|\n|t:|1700385380\n|move|p2a: \u4fdd\u59c6\u66fc\u6ce2\u8868\u793a\u6211\u4e5f\u60f3c|Wish||[still]\n|-fail|p2a: \u4fdd\u59c6\u66fc\u6ce2\u8868\u793a\u6211\u4e5f\u60f3c\n|cant|p1a: Cradily|slp\n|\n|-heal|p2a: \u4fdd\u59c6\u66fc\u6ce2\u8868\u793a\u6211\u4e5f\u60f3c|74\/100|[from] move: Wish|[wisher] \u4fdd\u59c6\u66fc\u6ce2\u8868\u793a\u6211\u4e5f\u60f3c\n|-damage|p2a: \u4fdd\u59c6\u66fc\u6ce2\u8868\u793a\u6211\u4e5f\u60f3c|62\/100|[from] Leech Seed|[of] p1a: Cradily\n|-end|p2a: \u4fdd\u59c6\u66fc\u6ce2\u8868\u793a\u6211\u4e5f\u60f3c|Infestation|[partiallytrapped]\n|upkeep\n|turn|17\n|\n|t:|1700385384\n|move|p2a: \u4fdd\u59c6\u66fc\u6ce2\u8868\u793a\u6211\u4e5f\u60f3c|Wish|p2a: \u4fdd\u59c6\u66fc\u6ce2\u8868\u793a\u6211\u4e5f\u60f3c\n|cant|p1a: Cradily|slp\n|\n|-damage|p2a: \u4fdd\u59c6\u66fc\u6ce2\u8868\u793a\u6211\u4e5f\u60f3c|49\/100|[from] Leech Seed|[of] p1a: Cradily\n|upkeep\n|turn|18\n|\n|t:|1700385390\n|move|p2a: \u4fdd\u59c6\u66fc\u6ce2\u8868\u793a\u6211\u4e5f\u60f3c|Wish||[still]\n|-fail|p2a: \u4fdd\u59c6\u66fc\u6ce2\u8868\u793a\u6211\u4e5f\u60f3c\n|-curestatus|p1a: Cradily|slp|[msg]\n|move|p1a: Cradily|Infestation|p2a: \u4fdd\u59c6\u66fc\u6ce2\u8868\u793a\u6211\u4e5f\u60f3c\n|-damage|p2a: \u4fdd\u59c6\u66fc\u6ce2\u8868\u793a\u6211\u4e5f\u60f3c|45\/100\n|-activate|p2a: \u4fdd\u59c6\u66fc\u6ce2\u8868\u793a\u6211\u4e5f\u60f3c|move: Infestation|[of] p1a: Cradily\n|-damage|p1a: Cradily|84\/100|[from] item: Rocky Helmet|[of] p2a: \u4fdd\u59c6\u66fc\u6ce2\u8868\u793a\u6211\u4e5f\u60f3c\n|\n|-heal|p2a: \u4fdd\u59c6\u66fc\u6ce2\u8868\u793a\u6211\u4e5f\u60f3c|95\/100|[from] move: Wish|[wisher] \u4fdd\u59c6\u66fc\u6ce2\u8868\u793a\u6211\u4e5f\u60f3c\n|-damage|p2a: \u4fdd\u59c6\u66fc\u6ce2\u8868\u793a\u6211\u4e5f\u60f3c|83\/100|[from] Leech Seed|[of] p1a: Cradily\n|-heal|p1a: Cradily|100\/100|[silent]\n|-damage|p2a: \u4fdd\u59c6\u66fc\u6ce2\u8868\u793a\u6211\u4e5f\u60f3c|66\/100|[from] move: Infestation|[partiallytrapped]\n|upkeep\n|turn|19\n|\n|t:|1700385395\n|move|p2a: \u4fdd\u59c6\u66fc\u6ce2\u8868\u793a\u6211\u4e5f\u60f3c|Toxic|p1a: Cradily\n|-status|p1a: Cradily|tox\n|move|p1a: Cradily|Infestation|p2a: \u4fdd\u59c6\u66fc\u6ce2\u8868\u793a\u6211\u4e5f\u60f3c\n|-damage|p2a: \u4fdd\u59c6\u66fc\u6ce2\u8868\u793a\u6211\u4e5f\u60f3c|62\/100\n|-damage|p1a: Cradily|84\/100 tox|[from] item: Rocky Helmet|[of] p2a: \u4fdd\u59c6\u66fc\u6ce2\u8868\u793a\u6211\u4e5f\u60f3c\n|\n|-damage|p2a: \u4fdd\u59c6\u66fc\u6ce2\u8868\u793a\u6211\u4e5f\u60f3c|50\/100|[from] Leech Seed|[of] p1a: Cradily\n|-heal|p1a: Cradily|100\/100 tox|[silent]\n|-damage|p1a: Cradily|94\/100 tox|[from] psn\n|-damage|p2a: \u4fdd\u59c6\u66fc\u6ce2\u8868\u793a\u6211\u4e5f\u60f3c|33\/100|[from] move: Infestation|[partiallytrapped]\n|upkeep\n|turn|20\n|\n|t:|1700385398\n|move|p2a: \u4fdd\u59c6\u66fc\u6ce2\u8868\u793a\u6211\u4e5f\u60f3c|Wish|p2a: \u4fdd\u59c6\u66fc\u6ce2\u8868\u793a\u6211\u4e5f\u60f3c\n|move|p1a: Cradily|Infestation|p2a: \u4fdd\u59c6\u66fc\u6ce2\u8868\u793a\u6211\u4e5f\u60f3c\n|-damage|p2a: \u4fdd\u59c6\u66fc\u6ce2\u8868\u793a\u6211\u4e5f\u60f3c|29\/100\n|-damage|p1a: Cradily|78\/100 tox|[from] item: Rocky Helmet|[of] p2a: \u4fdd\u59c6\u66fc\u6ce2\u8868\u793a\u6211\u4e5f\u60f3c\n|\n|-damage|p2a: \u4fdd\u59c6\u66fc\u6ce2\u8868\u793a\u6211\u4e5f\u60f3c|16\/100|[from] Leech Seed|[of] p1a: Cradily\n|-heal|p1a: Cradily|95\/100 tox|[silent]\n|-damage|p1a: Cradily|83\/100 tox|[from] psn\n|-damage|p2a: \u4fdd\u59c6\u66fc\u6ce2\u8868\u793a\u6211\u4e5f\u60f3c|0 fnt|[from] move: Infestation|[partiallytrapped]\n|faint|p2a: \u4fdd\u59c6\u66fc\u6ce2\u8868\u793a\u6211\u4e5f\u60f3c\n|upkeep\n|\n|t:|1700385410\n|switch|p2a: \u89c1\u8fc7\u65e0\u9632\u5b88\u7684\u9b3c\u5251\u5417|Aegislash, M, shiny|100\/100\n|turn|21\n|\n|t:|1700385413\n|move|p2a: \u89c1\u8fc7\u65e0\u9632\u5b88\u7684\u9b3c\u5251\u5417|Swords Dance|p2a: \u89c1\u8fc7\u65e0\u9632\u5b88\u7684\u9b3c\u5251\u5417\n|-boost|p2a: \u89c1\u8fc7\u65e0\u9632\u5b88\u7684\u9b3c\u5251\u5417|atk|2\n|move|p1a: Cradily|Leech Seed|p2a: \u89c1\u8fc7\u65e0\u9632\u5b88\u7684\u9b3c\u5251\u5417\n|-start|p2a: \u89c1\u8fc7\u65e0\u9632\u5b88\u7684\u9b3c\u5251\u5417|move: Leech Seed\n|\n|-damage|p2a: \u89c1\u8fc7\u65e0\u9632\u5b88\u7684\u9b3c\u5251\u5417|88\/100|[from] Leech Seed|[of] p1a: Cradily\n|-heal|p1a: Cradily|92\/100 tox|[silent]\n|-damage|p1a: Cradily|73\/100 tox|[from] psn\n|upkeep\n|turn|22\n|\n|t:|1700385426\n|switch|p1a: Avalugg|Avalugg-Hisui, M|100\/100\n|move|p2a: \u89c1\u8fc7\u65e0\u9632\u5b88\u7684\u9b3c\u5251\u5417|Swords Dance|p2a: \u89c1\u8fc7\u65e0\u9632\u5b88\u7684\u9b3c\u5251\u5417\n|-boost|p2a: \u89c1\u8fc7\u65e0\u9632\u5b88\u7684\u9b3c\u5251\u5417|atk|2\n|\n|-damage|p2a: \u89c1\u8fc7\u65e0\u9632\u5b88\u7684\u9b3c\u5251\u5417|76\/100|[from] Leech Seed|[of] p1a: Avalugg\n|upkeep\n|turn|23\n|\n|t:|1700385431\n|-formechange|p2a: \u89c1\u8fc7\u65e0\u9632\u5b88\u7684\u9b3c\u5251\u5417|Aegislash-Blade||[from] ability: Stance Change\n|move|p2a: \u89c1\u8fc7\u65e0\u9632\u5b88\u7684\u9b3c\u5251\u5417|Close Combat|p1a: Avalugg\n|-supereffective|p1a: Avalugg\n|-ability|p1a: Avalugg|Sturdy\n|-damage|p1a: Avalugg|1\/100\n|-unboost|p2a: \u89c1\u8fc7\u65e0\u9632\u5b88\u7684\u9b3c\u5251\u5417|def|1\n|-unboost|p2a: \u89c1\u8fc7\u65e0\u9632\u5b88\u7684\u9b3c\u5251\u5417|spd|1\n|move|p1a: Avalugg|Avalanche|p2a: \u89c1\u8fc7\u65e0\u9632\u5b88\u7684\u9b3c\u5251\u5417\n|-resisted|p2a: \u89c1\u8fc7\u65e0\u9632\u5b88\u7684\u9b3c\u5251\u5417\n|-damage|p2a: \u89c1\u8fc7\u65e0\u9632\u5b88\u7684\u9b3c\u5251\u5417|0 fnt\n|faint|p2a: \u89c1\u8fc7\u65e0\u9632\u5b88\u7684\u9b3c\u5251\u5417\n|\n|upkeep\n|\n|t:|1700385451\n|switch|p2a: \u76fe\u4e4b\u738b\u6015\u75bc\uff0c\u5e26\u5f31\u70b9\u4fdd\u9669\u5408\u7406\u5427|Zamazenta|5\/100\n|turn|24\n|\n|t:|1700385458\n|move|p2a: \u76fe\u4e4b\u738b\u6015\u75bc\uff0c\u5e26\u5f31\u70b9\u4fdd\u9669\u5408\u7406\u5427|Crunch|p1a: Avalugg\n|-damage|p1a: Avalugg|0 fnt\n|faint|p1a: Avalugg\n|\n|-heal|p2a: \u76fe\u4e4b\u738b\u6015\u75bc\uff0c\u5e26\u5f31\u70b9\u4fdd\u9669\u5408\u7406\u5427|12\/100|[from] item: Leftovers\n|upkeep\n|\n|t:|1700385463\n|switch|p1a: Garganacl|Garganacl, F, tera:Ghost|88\/100\n|turn|25\n|\n|t:|1700385471\n|switch|p2a: Toxapex|Toxapex, F|73\/100\n|move|p1a: Garganacl|Salt Cure|p2a: Toxapex\n|-damage|p2a: Toxapex|62\/100\n|-start|p2a: Toxapex|Salt Cure\n|\n|-heal|p2a: Toxapex|68\/100|[from] item: Black Sludge\n|-damage|p2a: Toxapex|43\/100|[from] Salt Cure\n|upkeep\n|turn|26\n|\n|t:|1700385474\n|move|p1a: Garganacl|Iron Defense|p1a: Garganacl\n|-boost|p1a: Garganacl|def|2\n|move|p2a: Toxapex|Recover|p2a: Toxapex\n|-heal|p2a: Toxapex|93\/100\n|\n|-heal|p2a: Toxapex|99\/100|[from] item: Black Sludge\n|-damage|p2a: Toxapex|75\/100|[from] Salt Cure\n|upkeep\n|turn|27\n|\n|t:|1700385477\n|switch|p2a: \u9b3c\u9b3c\u559c\u6b22\u6076\u4f5c\u5267|Banette-Mega, M|12\/100\n|move|p1a: Garganacl|Iron Defense|p1a: Garganacl\n|-boost|p1a: Garganacl|def|2\n|\n|upkeep\n|turn|28\n|\n|t:|1700385479\n|switch|p1a: Tyranitar|Tyranitar, M|100\/100\n|-weather|Sandstorm|[from] ability: Sand Stream|[of] p1a: Tyranitar\n|move|p2a: \u9b3c\u9b3c\u559c\u6b22\u6076\u4f5c\u5267|Encore|p1a: Tyranitar\n|-hint|Since gen 7, Dark is immune to Prankster moves.\n|-immune|p1a: Tyranitar\n|\n|-weather|Sandstorm|[upkeep]\n|-damage|p2a: \u9b3c\u9b3c\u559c\u6b22\u6076\u4f5c\u5267|6\/100|[from] Sandstorm\n|upkeep\n|turn|29\n|\n|t:|1700385486\n|switch|p2a: Toxapex|Toxapex, F|100\/100\n|switch|p1a: Garganacl|Garganacl, F, tera:Ghost|88\/100\n|\n|-weather|Sandstorm|[upkeep]\n|-damage|p1a: Garganacl|82\/100|[from] Sandstorm\n|-damage|p2a: Toxapex|94\/100|[from] Sandstorm\n|-heal|p2a: Toxapex|100\/100|[from] item: Black Sludge\n|upkeep\n|turn|30\n|\n|t:|1700385496\n|move|p2a: Toxapex|Scald|p1a: Garganacl\n|-damage|p1a: Garganacl|71\/100\n|move|p1a: Garganacl|Iron Defense|p1a: Garganacl\n|-boost|p1a: Garganacl|def|2\n|\n|-weather|Sandstorm|[upkeep]\n|-damage|p1a: Garganacl|65\/100|[from] Sandstorm\n|-damage|p2a: Toxapex|94\/100|[from] Sandstorm\n|-heal|p2a: Toxapex|100\/100|[from] item: Black Sludge\n|upkeep\n|turn|31\n|\n|t:|1700385499\n|move|p2a: Toxapex|Scald|p1a: Garganacl\n|-damage|p1a: Garganacl|53\/100\n|move|p1a: Garganacl|Recover|p1a: Garganacl\n|-heal|p1a: Garganacl|100\/100\n|\n|-weather|Sandstorm|[upkeep]\n|-damage|p2a: Toxapex|94\/100|[from] Sandstorm\n|-damage|p1a: Garganacl|94\/100|[from] Sandstorm\n|-heal|p2a: Toxapex|100\/100|[from] item: Black Sludge\n|upkeep\n|turn|32\n|\n|t:|1700385503\n|move|p1a: Garganacl|Salt Cure|p2a: Toxapex\n|-crit|p2a: Toxapex\n|-damage|p2a: Toxapex|83\/100\n|-start|p2a: Toxapex|Salt Cure\n|move|p2a: Toxapex|Scald|p1a: Garganacl\n|-damage|p1a: Garganacl|84\/100\n|\n|-weather|none\n|-heal|p2a: Toxapex|90\/100|[from] item: Black Sludge\n|-damage|p2a: Toxapex|65\/100|[from] Salt Cure\n|upkeep\n|turn|33\n|\n|t:|1700385505\n|move|p1a: Garganacl|Body Press|p2a: Toxapex\n|-resisted|p2a: Toxapex\n|-damage|p2a: Toxapex|48\/100\n|move|p2a: Toxapex|Scald|p1a: Garganacl\n|-damage|p1a: Garganacl|73\/100\n|\n|-heal|p2a: Toxapex|54\/100|[from] item: Black Sludge\n|-damage|p2a: Toxapex|29\/100|[from] Salt Cure\n|upkeep\n|turn|34\n|\n|t:|1700385510\n|move|p1a: Garganacl|Salt Cure|p2a: Toxapex\n|-damage|p2a: Toxapex|17\/100\n|move|p2a: Toxapex|Recover|p2a: Toxapex\n|-heal|p2a: Toxapex|67\/100\n|\n|-heal|p2a: Toxapex|74\/100|[from] item: Black Sludge\n|-damage|p2a: Toxapex|49\/100|[from] Salt Cure\n|upkeep\n|turn|35\n|\n|t:|1700385513\n|move|p2a: Toxapex|Scald|p1a: Garganacl\n|-crit|p1a: Garganacl\n|-damage|p1a: Garganacl|55\/100\n|move|p1a: Garganacl|Body Press|p2a: Toxapex\n|-resisted|p2a: Toxapex\n|-damage|p2a: Toxapex|29\/100\n|\n|-heal|p2a: Toxapex|35\/100|[from] item: Black Sludge\n|-damage|p2a: Toxapex|10\/100|[from] Salt Cure\n|upkeep\n|turn|36\n|\n|t:|1700385515\n|move|p1a: Garganacl|Recover|p1a: Garganacl\n|-heal|p1a: Garganacl|100\/100\n|move|p2a: Toxapex|Recover|p2a: Toxapex\n|-heal|p2a: Toxapex|60\/100\n|\n|-heal|p2a: Toxapex|67\/100|[from] item: Black Sludge\n|-damage|p2a: Toxapex|42\/100|[from] Salt Cure\n|upkeep\n|turn|37\n|\n|t:|1700385519\n|move|p2a: Toxapex|Recover|p2a: Toxapex\n|-heal|p2a: Toxapex|92\/100\n|move|p1a: Garganacl|Salt Cure|p2a: Toxapex\n|-damage|p2a: Toxapex|80\/100\n|\n|-heal|p2a: Toxapex|87\/100|[from] item: Black Sludge\n|-damage|p2a: Toxapex|62\/100|[from] Salt Cure\n|upkeep\n|turn|38\n|\n|t:|1700385526\n|move|p1a: Garganacl|Iron Defense|p1a: Garganacl\n|-boost|p1a: Garganacl|def|2\n|move|p2a: Toxapex|Recover|p2a: Toxapex\n|-heal|p2a: Toxapex|100\/100\n|\n|-damage|p2a: Toxapex|75\/100|[from] Salt Cure\n|upkeep\n|turn|39\n|\n|t:|1700385529\n|move|p2a: Toxapex|Scald|p1a: Garganacl\n|-damage|p1a: Garganacl|89\/100\n|move|p1a: Garganacl|Iron Defense|p1a: Garganacl\n|-boost|p1a: Garganacl|def|2\n|\n|-heal|p2a: Toxapex|82\/100|[from] item: Black Sludge\n|-damage|p2a: Toxapex|57\/100|[from] Salt Cure\n|upkeep\n|turn|40\n|\n|t:|1700385546\n|switch|p2a: Thundurus|Thundurus-Therian, M|100\/100\n|move|p1a: Garganacl|Salt Cure|p2a: Thundurus\n|-supereffective|p2a: Thundurus\n|-damage|p2a: Thundurus|62\/100\n|-start|p2a: Thundurus|Salt Cure\n|\n|-damage|p2a: Thundurus|49\/100|[from] Salt Cure\n|upkeep\n|turn|41\n|\n|t:|1700385551\n|move|p2a: Thundurus|Volt Switch|p1a: Garganacl\n|-damage|p1a: Garganacl|50\/100\n|\n|t:|1700385556\n|switch|p2a: \u9b3c\u9b3c\u559c\u6b22\u6076\u4f5c\u5267|Banette-Mega, M|6\/100|[from] Volt Switch\n|move|p1a: Garganacl|Body Press|p2a: \u9b3c\u9b3c\u559c\u6b22\u6076\u4f5c\u5267\n|-immune|p2a: \u9b3c\u9b3c\u559c\u6b22\u6076\u4f5c\u5267\n|\n|upkeep\n|turn|42\n|\n|t:|1700385563\n|switch|p2a: Toxapex|Toxapex, F|90\/100\n|switch|p1a: Tyranitar|Tyranitar, M|100\/100\n|-weather|Sandstorm|[from] ability: Sand Stream|[of] p1a: Tyranitar\n|\n|-weather|Sandstorm|[upkeep]\n|-damage|p2a: Toxapex|84\/100|[from] Sandstorm\n|-heal|p2a: Toxapex|90\/100|[from] item: Black Sludge\n|upkeep\n|turn|43\n|\n|t:|1700385572\n|switch|p1a: Garganacl|Garganacl, F, tera:Ghost|50\/100\n|switch|p2a: Thundurus|Thundurus-Therian, M|49\/100\n|\n|-weather|Sandstorm|[upkeep]\n|-damage|p2a: Thundurus|43\/100|[from] Sandstorm\n|-damage|p1a: Garganacl|44\/100|[from] Sandstorm\n|upkeep\n|turn|44\n|\n|t:|1700385578\n|switch|p1a: Tyranitar|Tyranitar, M|100\/100\n|move|p2a: Thundurus|Volt Switch|p1a: Tyranitar\n|-crit|p1a: Tyranitar\n|-damage|p1a: Tyranitar|78\/100\n|\n|t:|1700385587\n|switch|p2a: \u76fe\u4e4b\u738b\u6015\u75bc\uff0c\u5e26\u5f31\u70b9\u4fdd\u9669\u5408\u7406\u5427|Zamazenta|12\/100|[from] Volt Switch\n|\n|-weather|Sandstorm|[upkeep]\n|-damage|p2a: \u76fe\u4e4b\u738b\u6015\u75bc\uff0c\u5e26\u5f31\u70b9\u4fdd\u9669\u5408\u7406\u5427|5\/100|[from] Sandstorm\n|-heal|p2a: \u76fe\u4e4b\u738b\u6015\u75bc\uff0c\u5e26\u5f31\u70b9\u4fdd\u9669\u5408\u7406\u5427|12\/100|[from] item: Leftovers\n|upkeep\n|turn|45\n|\n|t:|1700385613\n|switch|p1a: Aggron|Aggron, M|100\/100\n|move|p2a: \u76fe\u4e4b\u738b\u6015\u75bc\uff0c\u5e26\u5f31\u70b9\u4fdd\u9669\u5408\u7406\u5427|Crunch|p1a: Aggron\n|-damage|p1a: Aggron|91\/100\n|\n|-weather|Sandstorm|[upkeep]\n|-damage|p2a: \u76fe\u4e4b\u738b\u6015\u75bc\uff0c\u5e26\u5f31\u70b9\u4fdd\u9669\u5408\u7406\u5427|5\/100|[from] Sandstorm\n|-heal|p2a: \u76fe\u4e4b\u738b\u6015\u75bc\uff0c\u5e26\u5f31\u70b9\u4fdd\u9669\u5408\u7406\u5427|12\/100|[from] item: Leftovers\n|upkeep\n|turn|46\n|\n|t:|1700385619\n|detailschange|p1a: Aggron|Aggron-Mega, M\n|-mega|p1a: Aggron|Aggron|Aggronite\n|move|p2a: \u76fe\u4e4b\u738b\u6015\u75bc\uff0c\u5e26\u5f31\u70b9\u4fdd\u9669\u5408\u7406\u5427|Body Press|p1a: Aggron\n|-supereffective|p1a: Aggron\n|-damage|p1a: Aggron|71\/100\n|move|p1a: Aggron|Body Press|p2a: \u76fe\u4e4b\u738b\u6015\u75bc\uff0c\u5e26\u5f31\u70b9\u4fdd\u9669\u5408\u7406\u5427\n|-damage|p2a: \u76fe\u4e4b\u738b\u6015\u75bc\uff0c\u5e26\u5f31\u70b9\u4fdd\u9669\u5408\u7406\u5427|0 fnt\n|faint|p2a: \u76fe\u4e4b\u738b\u6015\u75bc\uff0c\u5e26\u5f31\u70b9\u4fdd\u9669\u5408\u7406\u5427\n|\n|-weather|none\n|upkeep\n|\n|t:|1700385626\n|switch|p2a: Thundurus|Thundurus-Therian, M|43\/100\n|turn|47\n|\n|t:|1700385631\n|switch|p1a: Tyranitar|Tyranitar, M|78\/100\n|-weather|Sandstorm|[from] ability: Sand Stream|[of] p1a: Tyranitar\n|move|p2a: Thundurus|Volt Switch|p1a: Tyranitar\n|-damage|p1a: Tyranitar|62\/100\n|\n|t:|1700385639\n|switch|p2a: Toxapex|Toxapex, F|100\/100|[from] Volt Switch\n|\n|-weather|Sandstorm|[upkeep]\n|-damage|p2a: Toxapex|94\/100|[from] Sandstorm\n|-heal|p2a: Toxapex|100\/100|[from] item: Black Sludge\n|upkeep\n|turn|48\n|\n|t:|1700385658\n|switch|p1a: Cradily|Cradily, F|73\/100 tox\n|switch|p2a: \u9b3c\u9b3c\u559c\u6b22\u6076\u4f5c\u5267|Banette-Mega, M|6\/100\n|\n|-weather|Sandstorm|[upkeep]\n|-damage|p2a: \u9b3c\u9b3c\u559c\u6b22\u6076\u4f5c\u5267|0 fnt|[from] Sandstorm\n|faint|p2a: \u9b3c\u9b3c\u559c\u6b22\u6076\u4f5c\u5267\n|-damage|p1a: Cradily|67\/100 tox|[from] psn\n|upkeep\n|\n|t:|1700385665\n|switch|p2a: Thundurus|Thundurus-Therian, M|43\/100\n|turn|49\n|\n|t:|1700385675\n|move|p2a: Thundurus|Grass Knot|p1a: Cradily\n|-damage|p1a: Cradily|40\/100 tox\n|move|p1a: Cradily|Infestation|p2a: Thundurus\n|-resisted|p2a: Thundurus\n|-damage|p2a: Thundurus|41\/100\n|-activate|p2a: Thundurus|move: Infestation|[of] p1a: Cradily\n|\n|-weather|Sandstorm|[upkeep]\n|-damage|p2a: Thundurus|35\/100|[from] Sandstorm\n|-damage|p1a: Cradily|28\/100 tox|[from] psn\n|-damage|p2a: Thundurus|19\/100|[from] move: Infestation|[partiallytrapped]\n|upkeep\n|turn|50\n|\n|t:|1700385681\n|move|p2a: Thundurus|Grass Knot|p1a: Cradily\n|-damage|p1a: Cradily|3\/100 tox\n|move|p1a: Cradily|Rest|p1a: Cradily\n|-status|p1a: Cradily|slp|[from] move: Rest\n|-heal|p1a: Cradily|100\/100 slp|[silent]\n|\n|-weather|Sandstorm|[upkeep]\n|-damage|p2a: Thundurus|13\/100|[from] Sandstorm\n|-damage|p2a: Thundurus|0 fnt|[from] move: Infestation|[partiallytrapped]\n|faint|p2a: Thundurus\n|upkeep\n|\n|t:|1700385684\n|switch|p2a: Toxapex|Toxapex, F|100\/100\n|turn|51\n|c|\u2606wcyoubing\u8349\u55b5\u72c2\u70ed\u7c89|gg\n|-message|wcyoubing\u8349\u55b5\u72c2\u70ed\u7c89 forfeited.\n|\n|win|The power of ROCK\n|n|\u2606The power of ROCK|thepowerofrock\n|n|\u2606wcyoubing\u8349\u55b5\u72c2\u70ed\u7c89|wcyoubing\n|n| Domin0999|domin0999\n|l|\u2606wcyoubing\u8349\u55b5\u72c2\u70ed\u7c89\n|l| Domin0999\n|c|\u2606The power of ROCK|gg\n|c|\u2606The power of ROCK|: )\n","uploadtime":1700385696,"views":6,"p1id":"thepowerofrock","p2id":"wcyoubing","formatid":"gen9nationaldex","rating":0,"private":0,"password":""}