{"id":"gen9nationaldex-1988346949","p1":"dadi02","p2":"kupkoko","format":"[Gen 9] National Dex","log":"|j|\u2606dadi02\n|j|\u2606kupkoko\n|t:|1699711971\n|gametype|singles\n|player|p1|dadi02|guitarist|1216\n|player|p2|kupkoko|ltsurge|1314\n|teamsize|p1|6\n|teamsize|p2|6\n|gen|9\n|tier|[Gen 9] National Dex\n|rated|\n|rule|HP Percentage Mod: HP is shown in percentages\n|rule|Endless Battle Clause: Forcing endless battles is banned\n|rule|OHKO Clause: OHKO moves are banned\n|rule|Evasion Clause: Evasion abilities, items, and moves are banned\n|rule|Evasion Abilities Clause: Evasion abilities are banned\n|rule|Evasion Items Clause: Evasion items are banned\n|rule|Evasion Moves Clause: Evasion moves are banned\n|rule|Species Clause: Limit one of each Pok\u00e9mon\n|rule|Sleep Clause Mod: Limit one foe put to sleep\n|clearpoke\n|poke|p1|Slowbro, F|\n|poke|p1|Ursaluna, F|\n|poke|p1|Garchomp, M|\n|poke|p1|Moltres|\n|poke|p1|Scizor, M|\n|poke|p1|Heatran, M|\n|poke|p2|Tyranitar, F|\n|poke|p2|Ogerpon-Cornerstone, F|\n|poke|p2|Dracozolt|\n|poke|p2|Dondozo, F|\n|poke|p2|Glimmora, M|\n|poke|p2|Gliscor, M|\n|teampreview\n|inactive|Battle timer is ON: inactive players will automatically lose when time's up. (requested by kupkoko)\n|\n|t:|1699712001\n|start\n|switch|p1a: Ursaluna|Ursaluna, F|100\/100\n|switch|p2a: Glimmora|Glimmora, M|100\/100\n|turn|1\n|\n|t:|1699712012\n|move|p2a: Glimmora|Mortal Spin|p1a: Ursaluna\n|-resisted|p1a: Ursaluna\n|-damage|p1a: Ursaluna|98\/100\n|-status|p1a: Ursaluna|psn\n|move|p1a: Ursaluna|Body Slam|p2a: Glimmora\n|-resisted|p2a: Glimmora\n|-damage|p2a: Glimmora|70\/100\n|-activate|p2a: Glimmora|ability: Toxic Debris\n|-sidestart|p1: dadi02|move: Toxic Spikes\n|\n|-damage|p1a: Ursaluna|86\/100 psn|[from] psn\n|upkeep\n|turn|2\n|\n|t:|1699712024\n|move|p2a: Glimmora|Stealth Rock|p1a: Ursaluna\n|-sidestart|p1: dadi02|move: Stealth Rock\n|move|p1a: Ursaluna|Headlong Rush|p2a: Glimmora\n|-supereffective|p2a: Glimmora\n|-damage|p2a: Glimmora|0 fnt\n|-unboost|p1a: Ursaluna|def|1\n|-unboost|p1a: Ursaluna|spd|1\n|-activate|p2a: Glimmora|ability: Toxic Debris\n|-sidestart|p1: dadi02|move: Toxic Spikes\n|faint|p2a: Glimmora\n|\n|-damage|p1a: Ursaluna|73\/100 psn|[from] psn\n|upkeep\n|\n|t:|1699712039\n|switch|p2a: Gliscor|Gliscor, M|100\/100\n|turn|3\n|\n|t:|1699712043\n|switch|p1a: \u949b\u6676\u521a\u600e\u4e48\u4f60\u4e86|Moltres|100\/100\n|move|p2a: Gliscor|Earthquake|p1a: \u949b\u6676\u521a\u600e\u4e48\u4f60\u4e86\n|-immune|p1a: \u949b\u6676\u521a\u600e\u4e48\u4f60\u4e86\n|\n|-status|p2a: Gliscor|tox|[from] item: Toxic Orb\n|upkeep\n|turn|4\n|\n|t:|1699712051\n|move|p2a: Gliscor|U-turn|p1a: \u949b\u6676\u521a\u600e\u4e48\u4f60\u4e86\n|-resisted|p1a: \u949b\u6676\u521a\u600e\u4e48\u4f60\u4e86\n|-damage|p1a: \u949b\u6676\u521a\u600e\u4e48\u4f60\u4e86|98\/100\n|\n|t:|1699712058\n|switch|p2a: Dondozo|Dondozo, F|100\/100|[from] U-turn\n|move|p1a: \u949b\u6676\u521a\u600e\u4e48\u4f60\u4e86|Defog|p2a: Dondozo\n|-unboost|p2a: Dondozo|evasion|1\n|-sideend|p1: dadi02|Toxic Spikes|[from] move: Defog|[of] p1a: \u949b\u6676\u521a\u600e\u4e48\u4f60\u4e86\n|-sideend|p1: dadi02|Stealth Rock|[from] move: Defog|[of] p1a: \u949b\u6676\u521a\u600e\u4e48\u4f60\u4e86\n|\n|upkeep\n|turn|5\n|\n|t:|1699712070\n|switch|p1a: \u725b\u9a6c\u591a\u8fb9\u517d|Heatran, M|100\/100\n|move|p2a: Dondozo|Liquidation|p1a: \u725b\u9a6c\u591a\u8fb9\u517d\n|-supereffective|p1a: \u725b\u9a6c\u591a\u8fb9\u517d\n|-damage|p1a: \u725b\u9a6c\u591a\u8fb9\u517d|39\/100\n|\n|upkeep\n|turn|6\n|\n|t:|1699712079\n|-zpower|p1a: \u725b\u9a6c\u591a\u8fb9\u517d\n|move|p1a: \u725b\u9a6c\u591a\u8fb9\u517d|Bloom Doom|p2a: Dondozo|[zeffect]\n|-supereffective|p2a: Dondozo\n|-damage|p2a: Dondozo|0 fnt\n|faint|p2a: Dondozo\n|\n|upkeep\n|c|\u2606kupkoko|\u8349Z\uff1f\uff1f\uff1f\uff1f\uff1f\uff1f\uff1f\uff01\n|\n|t:|1699712105\n|switch|p2a: Gliscor|Gliscor, M|100\/100 tox\n|turn|7\n|\n|t:|1699712120\n|switch|p1a: \u949b\u6676\u521a\u600e\u4e48\u4f60\u4e86|Moltres|98\/100\n|move|p2a: Gliscor|Earthquake|p1a: \u949b\u6676\u521a\u600e\u4e48\u4f60\u4e86\n|-immune|p1a: \u949b\u6676\u521a\u600e\u4e48\u4f60\u4e86\n|\n|upkeep\n|turn|8\n|c|\u2606kupkoko|\u771f\u662f\u725b\u9a6c\n|\n|t:|1699712134\n|move|p2a: Gliscor|U-turn|p1a: \u949b\u6676\u521a\u600e\u4e48\u4f60\u4e86\n|-resisted|p1a: \u949b\u6676\u521a\u600e\u4e48\u4f60\u4e86\n|-damage|p1a: \u949b\u6676\u521a\u600e\u4e48\u4f60\u4e86|95\/100\n|\n|t:|1699712145\n|switch|p2a: Tyranitar|Tyranitar, F|100\/100|[from] U-turn\n|-weather|Sandstorm|[from] ability: Sand Stream|[of] p2a: Tyranitar\n|move|p1a: \u949b\u6676\u521a\u600e\u4e48\u4f60\u4e86|Flamethrower|p2a: Tyranitar\n|-resisted|p2a: Tyranitar\n|-damage|p2a: Tyranitar|88\/100\n|\n|-weather|Sandstorm|[upkeep]\n|-damage|p1a: \u949b\u6676\u521a\u600e\u4e48\u4f60\u4e86|89\/100|[from] Sandstorm\n|upkeep\n|turn|9\n|\n|t:|1699712160\n|switch|p1a: \u6211\u53bb\uff0c\u5510|Scizor, M, shiny|100\/100\n|detailschange|p2a: Tyranitar|Tyranitar-Mega, F\n|-mega|p2a: Tyranitar|Tyranitar|Tyranitarite\n|move|p2a: Tyranitar|Dragon Dance|p2a: Tyranitar\n|-boost|p2a: Tyranitar|atk|1\n|-boost|p2a: Tyranitar|spe|1\n|\n|-weather|Sandstorm|[upkeep]\n|upkeep\n|turn|10\n|inactive|kupkoko has 120 seconds left.\n|\n|t:|1699712187\n|switch|p2a: Dracozolt|Dracozolt|100\/100\n|detailschange|p1a: \u6211\u53bb\uff0c\u5510|Scizor-Mega, M, shiny\n|-mega|p1a: \u6211\u53bb\uff0c\u5510|Scizor|Scizorite\n|move|p1a: \u6211\u53bb\uff0c\u5510|Knock Off|p2a: Dracozolt\n|-damage|p2a: Dracozolt|65\/100\n|-enditem|p2a: Dracozolt|Life Orb|[from] move: Knock Off|[of] p1a: \u6211\u53bb\uff0c\u5510\n|\n|-weather|Sandstorm|[upkeep]\n|upkeep\n|turn|11\n|\n|t:|1699712201\n|move|p1a: \u6211\u53bb\uff0c\u5510|Bullet Punch|p2a: Dracozolt\n|-resisted|p2a: Dracozolt\n|-damage|p2a: Dracozolt|47\/100\n|move|p2a: Dracozolt|Fire Blast|p1a: \u6211\u53bb\uff0c\u5510\n|-supereffective|p1a: \u6211\u53bb\uff0c\u5510\n|-damage|p1a: \u6211\u53bb\uff0c\u5510|33\/100\n|\n|-weather|Sandstorm|[upkeep]\n|upkeep\n|turn|12\n|\n|t:|1699712213\n|switch|p1a: \u725b\u9a6c\u591a\u8fb9\u517d|Heatran, M|39\/100\n|move|p2a: Dracozolt|Fire Blast|p1a: \u725b\u9a6c\u591a\u8fb9\u517d\n|-start|p1a: \u725b\u9a6c\u591a\u8fb9\u517d|ability: Flash Fire\n|\n|-weather|none\n|upkeep\n|turn|13\n|\n|t:|1699712226\n|move|p1a: \u725b\u9a6c\u591a\u8fb9\u517d|Magma Storm|p2a: Dracozolt\n|-resisted|p2a: Dracozolt\n|-damage|p2a: Dracozolt|0 fnt\n|faint|p2a: Dracozolt\n|\n|upkeep\n|\n|t:|1699712244\n|switch|p2a: Gliscor|Gliscor, M|100\/100 tox\n|turn|14\n|\n|t:|1699712257\n|-end|p1a: \u725b\u9a6c\u591a\u8fb9\u517d|ability: Flash Fire|[silent]\n|switch|p1a: \u949b\u6676\u521a\u600e\u4e48\u4f60\u4e86|Moltres|89\/100\n|move|p2a: Gliscor|Earthquake|p1a: \u949b\u6676\u521a\u600e\u4e48\u4f60\u4e86\n|-immune|p1a: \u949b\u6676\u521a\u600e\u4e48\u4f60\u4e86\n|\n|upkeep\n|turn|15\n|\n|t:|1699712269\n|move|p2a: Gliscor|U-turn|p1a: \u949b\u6676\u521a\u600e\u4e48\u4f60\u4e86\n|-resisted|p1a: \u949b\u6676\u521a\u600e\u4e48\u4f60\u4e86\n|-damage|p1a: \u949b\u6676\u521a\u600e\u4e48\u4f60\u4e86|87\/100\n|\n|t:|1699712273\n|switch|p2a: Tyranitar|Tyranitar-Mega, F|88\/100|[from] U-turn\n|-weather|Sandstorm|[from] ability: Sand Stream|[of] p2a: Tyranitar\n|move|p1a: \u949b\u6676\u521a\u600e\u4e48\u4f60\u4e86|Roost|p1a: \u949b\u6676\u521a\u600e\u4e48\u4f60\u4e86\n|-heal|p1a: \u949b\u6676\u521a\u600e\u4e48\u4f60\u4e86|100\/100\n|-singleturn|p1a: \u949b\u6676\u521a\u600e\u4e48\u4f60\u4e86|move: Roost\n|\n|-weather|Sandstorm|[upkeep]\n|-damage|p1a: \u949b\u6676\u521a\u600e\u4e48\u4f60\u4e86|94\/100|[from] Sandstorm\n|upkeep\n|turn|16\n|\n|t:|1699712285\n|-activate|p1a: \u949b\u6676\u521a\u600e\u4e48\u4f60\u4e86|move: Pursuit\n|move|p2a: Tyranitar|Pursuit|p1a: \u949b\u6676\u521a\u600e\u4e48\u4f60\u4e86|[from]Pursuit\n|-crit|p1a: \u949b\u6676\u521a\u600e\u4e48\u4f60\u4e86\n|-damage|p1a: \u949b\u6676\u521a\u600e\u4e48\u4f60\u4e86|36\/100\n|switch|p1a: \u7b28\u6bd4\u86cb\u9ec4|Slowbro, F|100\/100\n|\n|-weather|Sandstorm|[upkeep]\n|-damage|p1a: \u7b28\u6bd4\u86cb\u9ec4|94\/100|[from] Sandstorm\n|upkeep\n|turn|17\n|\n|t:|1699712302\n|-terastallize|p1a: \u7b28\u6bd4\u86cb\u9ec4|Fairy\n|move|p2a: Tyranitar|Crunch|p1a: \u7b28\u6bd4\u86cb\u9ec4\n|-resisted|p1a: \u7b28\u6bd4\u86cb\u9ec4\n|-damage|p1a: \u7b28\u6bd4\u86cb\u9ec4|78\/100\n|-damage|p2a: Tyranitar|72\/100|[from] item: Rocky Helmet|[of] p1a: \u7b28\u6bd4\u86cb\u9ec4\n|move|p1a: \u7b28\u6bd4\u86cb\u9ec4|Scald|p2a: Tyranitar\n|-supereffective|p2a: Tyranitar\n|-damage|p2a: Tyranitar|40\/100\n|\n|-weather|Sandstorm|[upkeep]\n|-damage|p1a: \u7b28\u6bd4\u86cb\u9ec4|72\/100|[from] Sandstorm\n|upkeep\n|turn|18\n|inactive|kupkoko has 120 seconds left.\n|\n|t:|1699712330\n|move|p2a: Tyranitar|Stone Edge|p1a: \u7b28\u6bd4\u86cb\u9ec4\n|-damage|p1a: \u7b28\u6bd4\u86cb\u9ec4|34\/100\n|move|p1a: \u7b28\u6bd4\u86cb\u9ec4|Scald|p2a: Tyranitar\n|-supereffective|p2a: Tyranitar\n|-damage|p2a: Tyranitar|11\/100\n|\n|-weather|Sandstorm|[upkeep]\n|-damage|p1a: \u7b28\u6bd4\u86cb\u9ec4|28\/100|[from] Sandstorm\n|upkeep\n|turn|19\n|\n|t:|1699712347\n|switch|p1a: \u6211\u53bb\uff0c\u5510|Scizor-Mega, M, shiny|33\/100\n|move|p2a: Tyranitar|Stone Edge|p1a: \u6211\u53bb\uff0c\u5510\n|-crit|p1a: \u6211\u53bb\uff0c\u5510\n|-damage|p1a: \u6211\u53bb\uff0c\u5510|0 fnt\n|faint|p1a: \u6211\u53bb\uff0c\u5510\n|\n|-weather|none\n|upkeep\n|\n|t:|1699712354\n|switch|p1a: \u7b28\u6bd4\u86cb\u9ec4|Slowbro, F, tera:Fairy|61\/100\n|turn|20\n|\n|t:|1699712363\n|switch|p2a: Gliscor|Gliscor, M|100\/100 tox\n|move|p1a: \u7b28\u6bd4\u86cb\u9ec4|Scald|p2a: Gliscor\n|-supereffective|p2a: Gliscor\n|-damage|p2a: Gliscor|53\/100 tox\n|\n|-heal|p2a: Gliscor|65\/100 tox|[from] ability: Poison Heal\n|upkeep\n|turn|21\n|\n|t:|1699712376\n|move|p2a: Gliscor|Protect|p2a: Gliscor\n|-singleturn|p2a: Gliscor|Protect\n|move|p1a: \u7b28\u6bd4\u86cb\u9ec4|Slack Off|p1a: \u7b28\u6bd4\u86cb\u9ec4\n|-heal|p1a: \u7b28\u6bd4\u86cb\u9ec4|100\/100\n|\n|-heal|p2a: Gliscor|78\/100 tox|[from] ability: Poison Heal\n|upkeep\n|turn|22\n|\n|t:|1699712391\n|switch|p2a: Tyranitar|Tyranitar-Mega, F|11\/100\n|-weather|Sandstorm|[from] ability: Sand Stream|[of] p2a: Tyranitar\n|move|p1a: \u7b28\u6bd4\u86cb\u9ec4|Scald|p2a: Tyranitar\n|-supereffective|p2a: Tyranitar\n|-damage|p2a: Tyranitar|0 fnt\n|faint|p2a: Tyranitar\n|\n|-weather|Sandstorm|[upkeep]\n|-damage|p1a: \u7b28\u6bd4\u86cb\u9ec4|94\/100|[from] Sandstorm\n|upkeep\n|\n|t:|1699712398\n|switch|p2a: Ogerpon|Ogerpon-Cornerstone, F|100\/100\n|turn|23\n|\n|t:|1699712406\n|move|p2a: Ogerpon|Swords Dance|p2a: Ogerpon\n|-boost|p2a: Ogerpon|atk|2\n|move|p1a: \u7b28\u6bd4\u86cb\u9ec4|Scald|p2a: Ogerpon\n|-damage|p2a: Ogerpon|78\/100\n|\n|-weather|Sandstorm|[upkeep]\n|-damage|p1a: \u7b28\u6bd4\u86cb\u9ec4|88\/100|[from] Sandstorm\n|upkeep\n|turn|24\n|\n|t:|1699712414\n|-terastallize|p2a: Ogerpon|Rock\n|detailschange|p2a: Ogerpon|Ogerpon-Cornerstone-Tera, F, tera:Rock\n|-ability|p2a: Ogerpon|Embody Aspect (Cornerstone)|boost\n|-boost|p2a: Ogerpon|def|1\n|move|p2a: Ogerpon|Ivy Cudgel|p1a: \u7b28\u6bd4\u86cb\u9ec4\n|-damage|p1a: \u7b28\u6bd4\u86cb\u9ec4|3\/100\n|move|p1a: \u7b28\u6bd4\u86cb\u9ec4|Trick Room|p1a: \u7b28\u6bd4\u86cb\u9ec4\n|-fieldstart|move: Trick Room|[of] p1a: \u7b28\u6bd4\u86cb\u9ec4\n|\n|-weather|Sandstorm|[upkeep]\n|-damage|p1a: \u7b28\u6bd4\u86cb\u9ec4|0 fnt|[from] Sandstorm\n|faint|p1a: \u7b28\u6bd4\u86cb\u9ec4\n|upkeep\n|\n|t:|1699712443\n|switch|p1a: \u725b\u9a6c\u591a\u8fb9\u517d|Heatran, M|39\/100\n|turn|25\n|inactive|kupkoko has 120 seconds left.\n|\n|t:|1699712487\n|move|p1a: \u725b\u9a6c\u591a\u8fb9\u517d|Earth Power|p2a: Ogerpon\n|-supereffective|p2a: Ogerpon\n|-damage|p2a: Ogerpon|24\/100\n|move|p2a: Ogerpon|Brick Break|p1a: \u725b\u9a6c\u591a\u8fb9\u517d\n|-supereffective|p1a: \u725b\u9a6c\u591a\u8fb9\u517d\n|-damage|p1a: \u725b\u9a6c\u591a\u8fb9\u517d|0 fnt\n|faint|p1a: \u725b\u9a6c\u591a\u8fb9\u517d\n|\n|-weather|Sandstorm|[upkeep]\n|upkeep\n|\n|t:|1699712495\n|switch|p1a: Ursaluna|Ursaluna, F|73\/100 psn\n|turn|26\n|\n|t:|1699712501\n|switch|p2a: Gliscor|Gliscor, M|78\/100 tox\n|move|p1a: Ursaluna|Headlong Rush|p2a: Gliscor\n|-immune|p2a: Gliscor\n|\n|-weather|none\n|-damage|p1a: Ursaluna|61\/100 psn|[from] psn\n|-heal|p2a: Gliscor|90\/100 tox|[from] ability: Poison Heal\n|upkeep\n|turn|27\n|\n|t:|1699712511\n|switch|p1a: \u949b\u6676\u521a\u600e\u4e48\u4f60\u4e86|Moltres|36\/100\n|move|p2a: Gliscor|Protect||[still]\n|-fail|p2a: Gliscor\n|\n|-heal|p2a: Gliscor|100\/100 tox|[from] ability: Poison Heal\n|upkeep\n|turn|28\n|\n|t:|1699712518\n|move|p1a: \u949b\u6676\u521a\u600e\u4e48\u4f60\u4e86|Roost|p1a: \u949b\u6676\u521a\u600e\u4e48\u4f60\u4e86\n|-heal|p1a: \u949b\u6676\u521a\u600e\u4e48\u4f60\u4e86|86\/100\n|-singleturn|p1a: \u949b\u6676\u521a\u600e\u4e48\u4f60\u4e86|move: Roost\n|move|p2a: Gliscor|U-turn|p1a: \u949b\u6676\u521a\u600e\u4e48\u4f60\u4e86\n|-resisted|p1a: \u949b\u6676\u521a\u600e\u4e48\u4f60\u4e86\n|-damage|p1a: \u949b\u6676\u521a\u600e\u4e48\u4f60\u4e86|80\/100\n|\n|t:|1699712526\n|switch|p2a: Ogerpon|Ogerpon-Cornerstone-Tera, F, tera:Rock|24\/100|[from] U-turn\n|-ability|p2a: Ogerpon|Embody Aspect (Cornerstone)|boost\n|-boost|p2a: Ogerpon|def|1\n|\n|-fieldend|move: Trick Room\n|upkeep\n|turn|29\n|\n|t:|1699712543\n|switch|p1a: \u949b\u6676\u51b0\u8fd8\u4e0d\u8dd1\uff1f|Garchomp, M, shiny|100\/100\n|move|p2a: Ogerpon|Swords Dance|p2a: Ogerpon\n|-boost|p2a: Ogerpon|atk|2\n|\n|upkeep\n|turn|30\n|\n|t:|1699712553\n|move|p2a: Ogerpon|Horn Leech|p1a: \u949b\u6676\u51b0\u8fd8\u4e0d\u8dd1\uff1f\n|-damage|p1a: \u949b\u6676\u51b0\u8fd8\u4e0d\u8dd1\uff1f|13\/100\n|-heal|p2a: Ogerpon|77\/100|[from] drain|[of] p1a: \u949b\u6676\u51b0\u8fd8\u4e0d\u8dd1\uff1f\n|-damage|p2a: Ogerpon|64\/100|[from] ability: Rough Skin|[of] p1a: \u949b\u6676\u51b0\u8fd8\u4e0d\u8dd1\uff1f\n|-enditem|p1a: \u949b\u6676\u51b0\u8fd8\u4e0d\u8dd1\uff1f|Sitrus Berry|[eat]\n|-heal|p1a: \u949b\u6676\u51b0\u8fd8\u4e0d\u8dd1\uff1f|38\/100|[from] item: Sitrus Berry\n|move|p1a: \u949b\u6676\u51b0\u8fd8\u4e0d\u8dd1\uff1f|Outrage|p2a: Ogerpon\n|-damage|p2a: Ogerpon|7\/100\n|\n|upkeep\n|turn|31\n|\n|t:|1699712568\n|move|p2a: Ogerpon|Horn Leech|p1a: \u949b\u6676\u51b0\u8fd8\u4e0d\u8dd1\uff1f\n|-damage|p1a: \u949b\u6676\u51b0\u8fd8\u4e0d\u8dd1\uff1f|0 fnt\n|-heal|p2a: Ogerpon|29\/100|[from] drain|[of] p1a: \u949b\u6676\u51b0\u8fd8\u4e0d\u8dd1\uff1f\n|-damage|p2a: Ogerpon|17\/100|[from] ability: Rough Skin|[of] p1a: \u949b\u6676\u51b0\u8fd8\u4e0d\u8dd1\uff1f\n|faint|p1a: \u949b\u6676\u51b0\u8fd8\u4e0d\u8dd1\uff1f\n|\n|upkeep\n|\n|t:|1699712579\n|switch|p1a: Ursaluna|Ursaluna, F|61\/100 psn\n|turn|32\n|\n|t:|1699712586\n|move|p2a: Ogerpon|Horn Leech|p1a: Ursaluna\n|-supereffective|p1a: Ursaluna\n|-damage|p1a: Ursaluna|0 fnt\n|-heal|p2a: Ogerpon|61\/100|[from] drain|[of] p1a: Ursaluna\n|faint|p1a: Ursaluna\n|\n|upkeep\n|\n|t:|1699712592\n|switch|p1a: \u949b\u6676\u521a\u600e\u4e48\u4f60\u4e86|Moltres|80\/100\n|turn|33\n|\n|t:|1699712596\n|move|p2a: Ogerpon|Ivy Cudgel|p1a: \u949b\u6676\u521a\u600e\u4e48\u4f60\u4e86\n|-supereffective|p1a: \u949b\u6676\u521a\u600e\u4e48\u4f60\u4e86\n|-damage|p1a: \u949b\u6676\u521a\u600e\u4e48\u4f60\u4e86|0 fnt\n|faint|p1a: \u949b\u6676\u521a\u600e\u4e48\u4f60\u4e86\n|\n|win|kupkoko\n|raw|dadi02's rating: 1216 &rarr; <strong>1198<\/strong><br \/>(-18 for losing)\n|raw|kupkoko's rating: 1314 &rarr; <strong>1329<\/strong><br \/>(+15 for winning)\n","uploadtime":1699712602,"views":22,"p1id":"dadi02","p2id":"kupkoko","formatid":"gen9nationaldex","rating":1198,"private":0,"password":""}