{"id":"gen9nationaldex-1991191200","p1":"KyosukeKamijou","p2":"A Thing23","format":"[Gen 9] National Dex","log":"|j|\u2606KyosukeKamijou\n|j|\u2606A Thing23\n|t:|1700055461\n|gametype|singles\n|player|p1|KyosukeKamijou|ghetsis|1117\n|player|p2|A Thing23|2|1225\n|teamsize|p1|6\n|teamsize|p2|6\n|gen|9\n|tier|[Gen 9] National Dex\n|rated|\n|rule|HP Percentage Mod: HP is shown in percentages\n|rule|Endless Battle Clause: Forcing endless battles is banned\n|rule|OHKO Clause: OHKO moves are banned\n|rule|Evasion Clause: Evasion abilities, items, and moves are banned\n|rule|Evasion Abilities Clause: Evasion abilities are banned\n|rule|Evasion Items Clause: Evasion items are banned\n|rule|Evasion Moves Clause: Evasion moves are banned\n|rule|Species Clause: Limit one of each Pok\u00e9mon\n|rule|Sleep Clause Mod: Limit one foe put to sleep\n|clearpoke\n|poke|p1|Kommo-o, M|\n|poke|p1|Great Tusk|\n|poke|p1|Ogerpon-Cornerstone, F|\n|poke|p1|Charizard, M|\n|poke|p1|Greninja-*, M|\n|poke|p1|Volcarona, F|\n|poke|p2|Scizor, F|\n|poke|p2|Volcarona, F|\n|poke|p2|Ogerpon-Wellspring, F|\n|poke|p2|Rillaboom, M|\n|poke|p2|Sneasler, F|\n|poke|p2|Kartana|\n|teampreview\n|inactive|Battle timer is ON: inactive players will automatically lose when time's up. (requested by A Thing23)\n|inactive|KyosukeKamijou has 120 seconds left.\n|inactive|KyosukeKamijou has 90 seconds left.\n|\n|t:|1700055526\n|start\n|switch|p1a: Change Dragon|Charizard, M|100\/100\n|switch|p2a: Ogerpon|Ogerpon-Wellspring, F|100\/100\n|turn|1\n|\n|t:|1700055537\n|detailschange|p1a: Change Dragon|Charizard-Mega-Y, M\n|-mega|p1a: Change Dragon|Charizard|Charizardite Y\n|-weather|SunnyDay|[from] ability: Drought|[of] p1a: Change Dragon\n|move|p2a: Ogerpon|Ivy Cudgel|p1a: Change Dragon|[anim] Ivy Cudgel Water\n|-supereffective|p1a: Change Dragon\n|-damage|p1a: Change Dragon|23\/100\n|move|p1a: Change Dragon|Air Slash|p2a: Ogerpon\n|-supereffective|p2a: Ogerpon\n|-damage|p2a: Ogerpon|0 fnt\n|faint|p2a: Ogerpon\n|\n|-weather|SunnyDay|[upkeep]\n|upkeep\n|\n|t:|1700055546\n|switch|p2a: Kartana|Kartana|100\/100\n|turn|2\n|\n|t:|1700055552\n|switch|p1a: PapillonOhger|Volcarona, F, shiny|100\/100\n|move|p2a: Kartana|Knock Off|p1a: PapillonOhger\n|-damage|p1a: PapillonOhger|52\/100\n|-enditem|p1a: PapillonOhger|Heavy-Duty Boots|[from] move: Knock Off|[of] p2a: Kartana\n|\n|-weather|SunnyDay|[upkeep]\n|upkeep\n|turn|3\n|\n|t:|1700055561\n|switch|p2a: Volcarona|Volcarona, F|100\/100\n|move|p1a: PapillonOhger|Flamethrower|p2a: Volcarona\n|-damage|p2a: Volcarona|13\/100\n|\n|-weather|SunnyDay|[upkeep]\n|upkeep\n|turn|4\n|\n|t:|1700055569\n|move|p2a: Volcarona|Flamethrower|p1a: PapillonOhger\n|-damage|p1a: PapillonOhger|0 fnt\n|faint|p1a: PapillonOhger\n|\n|-weather|SunnyDay|[upkeep]\n|upkeep\n|\n|t:|1700055573\n|switch|p1a: Ninja Black|Greninja, M, shiny|100\/100\n|turn|5\n|\n|t:|1700055577\n|move|p1a: Ninja Black|Water Shuriken|p2a: Volcarona\n|-start|p1a: Ninja Black|typechange|Water|[from] ability: Protean\n|-supereffective|p2a: Volcarona\n|-damage|p2a: Volcarona|4\/100\n|-supereffective|p2a: Volcarona\n|-damage|p2a: Volcarona|0 fnt\n|faint|p2a: Volcarona\n|-hitcount|p2: Volcarona|2\n|\n|-weather|none\n|upkeep\n|\n|t:|1700055584\n|switch|p2a: Rillaboom|Rillaboom, M|100\/100\n|-fieldstart|move: Grassy Terrain|[from] ability: Grassy Surge|[of] p2a: Rillaboom\n|turn|6\n|\n|t:|1700055591\n|switch|p1a: Change Dragon|Charizard-Mega-Y, M|23\/100\n|-weather|SunnyDay|[from] ability: Drought|[of] p1a: Change Dragon\n|move|p2a: Rillaboom|Grassy Glide|p1a: Change Dragon\n|-resisted|p1a: Change Dragon\n|-damage|p1a: Change Dragon|10\/100\n|\n|-weather|SunnyDay|[upkeep]\n|upkeep\n|turn|7\n|\n|t:|1700055600\n|move|p2a: Rillaboom|Grassy Glide|p1a: Change Dragon\n|-resisted|p1a: Change Dragon\n|-damage|p1a: Change Dragon|0 fnt\n|faint|p1a: Change Dragon\n|\n|-weather|SunnyDay|[upkeep]\n|upkeep\n|\n|t:|1700055606\n|switch|p1a: Onisister|Ogerpon-Cornerstone, F|100\/100\n|turn|8\n|\n|t:|1700055614\n|move|p1a: Onisister|Spiky Shield|p1a: Onisister\n|-singleturn|p1a: Onisister|move: Protect\n|move|p2a: Rillaboom|Grassy Glide|p1a: Onisister\n|-activate|p1a: Onisister|move: Protect\n|-damage|p2a: Rillaboom|88\/100|[from] Spiky Shield|[of] p1a: Onisister\n|\n|-weather|SunnyDay|[upkeep]\n|-heal|p2a: Rillaboom|94\/100|[from] Grassy Terrain\n|upkeep\n|turn|9\n|\n|t:|1700055623\n|move|p2a: Rillaboom|Grassy Glide|p1a: Onisister\n|-damage|p1a: Onisister|54\/100\n|move|p1a: Onisister|Ivy Cudgel|p2a: Rillaboom|[anim] Ivy Cudgel Rock\n|-damage|p2a: Rillaboom|49\/100\n|\n|-weather|SunnyDay|[upkeep]\n|-heal|p1a: Onisister|60\/100|[from] Grassy Terrain\n|-heal|p2a: Rillaboom|55\/100|[from] Grassy Terrain\n|upkeep\n|turn|10\n|\n|t:|1700055632\n|move|p1a: Onisister|Spiky Shield|p1a: Onisister\n|-singleturn|p1a: Onisister|move: Protect\n|move|p2a: Rillaboom|Swords Dance|p2a: Rillaboom\n|-boost|p2a: Rillaboom|atk|2\n|\n|-weather|none\n|-heal|p1a: Onisister|66\/100|[from] Grassy Terrain\n|-heal|p2a: Rillaboom|61\/100|[from] Grassy Terrain\n|upkeep\n|turn|11\n|\n|t:|1700055640\n|move|p2a: Rillaboom|Grassy Glide|p1a: Onisister\n|-damage|p1a: Onisister|0 fnt\n|faint|p1a: Onisister\n|\n|-heal|p2a: Rillaboom|67\/100|[from] Grassy Terrain\n|upkeep\n|\n|t:|1700055647\n|switch|p1a: Ninja Black|Greninja, M, shiny|100\/100\n|turn|12\n|\n|t:|1700055650\n|move|p2a: Rillaboom|Grassy Glide|p1a: Ninja Black\n|-supereffective|p1a: Ninja Black\n|-damage|p1a: Ninja Black|0 fnt\n|faint|p1a: Ninja Black\n|\n|-heal|p2a: Rillaboom|74\/100|[from] Grassy Terrain\n|upkeep\n|\n|t:|1700055657\n|switch|p1a: Ryuranger|Kommo-o, M|100\/100\n|turn|13\n|\n|t:|1700055669\n|-zpower|p1a: Ryuranger\n|move|p1a: Ryuranger|Clangorous Soulblaze|p2a: Rillaboom|[zeffect]\n|-damage|p2a: Rillaboom|0 fnt\n|faint|p2a: Rillaboom\n|-boost|p1a: Ryuranger|atk|1\n|-boost|p1a: Ryuranger|def|1\n|-boost|p1a: Ryuranger|spa|1\n|-boost|p1a: Ryuranger|spd|1\n|-boost|p1a: Ryuranger|spe|1\n|\n|-fieldend|move: Grassy Terrain\n|upkeep\n|\n|t:|1700055676\n|switch|p2a: Scizor|Scizor, F|100\/100\n|turn|14\n|\n|t:|1700055695\n|detailschange|p2a: Scizor|Scizor-Mega, F\n|-mega|p2a: Scizor|Scizor|Scizorite\n|move|p1a: Ryuranger|Flamethrower|p2a: Scizor\n|-supereffective|p2a: Scizor\n|-damage|p2a: Scizor|0 fnt\n|faint|p2a: Scizor\n|\n|upkeep\n|-message|A Thing23 forfeited.\n|\n|win|KyosukeKamijou\n|raw|KyosukeKamijou's rating: 1117 &rarr; <strong>1150<\/strong><br \/>(+33 for winning)\n|raw|A Thing23's rating: 1225 &rarr; <strong>1192<\/strong><br \/>(-33 for losing)\n|l|\u2606A Thing23\n","uploadtime":1700055705,"views":4,"p1id":"kyosukekamijou","p2id":"athing23","formatid":"gen9nationaldex","rating":1150,"private":0,"password":""}