{"id":"gen9nationaldex-1990268879","p1":"Amber-acid","p2":"qweplm","format":"[Gen 9] National Dex","log":"|j|\u2606Amber-acid\n|j|\u2606qweplm\n|t:|1699947950\n|gametype|singles\n|player|p1|Amber-acid|170|1344\n|player|p2|qweplm|pokemaniac|1259\n|teamsize|p1|6\n|teamsize|p2|6\n|gen|9\n|tier|[Gen 9] National Dex\n|rated|\n|rule|HP Percentage Mod: HP is shown in percentages\n|rule|Endless Battle Clause: Forcing endless battles is banned\n|rule|OHKO Clause: OHKO moves are banned\n|rule|Evasion Clause: Evasion abilities, items, and moves are banned\n|rule|Evasion Abilities Clause: Evasion abilities are banned\n|rule|Evasion Items Clause: Evasion items are banned\n|rule|Evasion Moves Clause: Evasion moves are banned\n|rule|Species Clause: Limit one of each Pok\u00e9mon\n|rule|Sleep Clause Mod: Limit one foe put to sleep\n|clearpoke\n|poke|p1|Pelipper, F|\n|poke|p1|Barraskewda, M|\n|poke|p1|Swampert, F|\n|poke|p1|Moltres|\n|poke|p1|Ferrothorn, M|\n|poke|p1|Kingdra, M|\n|poke|p2|Alomomola, M|\n|poke|p2|Clodsire, M|\n|poke|p2|Corviknight, M|\n|poke|p2|Clefable, M|\n|poke|p2|Skeledirge, M|\n|poke|p2|Sableye, M|\n|teampreview\n|inactive|Battle timer is ON: inactive players will automatically lose when time's up. (requested by Amber-acid)\n|\n|t:|1699947975\n|start\n|switch|p1a: Pelipper|Pelipper, F|100\/100\n|switch|p2a: Clefable|Clefable, M|100\/100\n|-weather|RainDance|[from] ability: Drizzle|[of] p1a: Pelipper\n|turn|1\n|\n|t:|1699947990\n|move|p1a: Pelipper|U-turn|p2a: Clefable\n|-resisted|p2a: Clefable\n|-damage|p2a: Clefable|96\/100\n|\n|t:|1699947995\n|switch|p1a: Swampert|Swampert, F|100\/100|[from] U-turn\n|move|p2a: Clefable|Thunder Wave|p1a: Swampert\n|-immune|p1a: Swampert\n|\n|-weather|RainDance|[upkeep]\n|-heal|p2a: Clefable|100\/100|[from] item: Leftovers\n|upkeep\n|turn|2\n|\n|t:|1699948014\n|switch|p2a: Corviknight|Corviknight, M|100\/100\n|-ability|p2a: Corviknight|Pressure\n|detailschange|p1a: Swampert|Swampert-Mega, F\n|-mega|p1a: Swampert|Swampert|Swampertite\n|move|p1a: Swampert|Liquidation|p2a: Corviknight\n|-crit|p2a: Corviknight\n|-damage|p2a: Corviknight|5\/100\n|\n|-weather|RainDance|[upkeep]\n|upkeep\n|turn|3\n|inactive|qweplm has 120 seconds left.\n|\n|t:|1699948041\n|switch|p2a: Alomomola|Alomomola, M|100\/100\n|move|p1a: Swampert|Liquidation|p2a: Alomomola\n|-resisted|p2a: Alomomola\n|-damage|p2a: Alomomola|74\/100\n|\n|-weather|RainDance|[upkeep]\n|upkeep\n|turn|4\n|\n|t:|1699948052\n|move|p1a: Swampert|Earthquake|p2a: Alomomola\n|-damage|p2a: Alomomola|35\/100\n|move|p2a: Alomomola|Wish|p2a: Alomomola\n|\n|-weather|RainDance|[upkeep]\n|upkeep\n|turn|5\n|\n|t:|1699948063\n|move|p2a: Alomomola|Protect|p2a: Alomomola\n|-singleturn|p2a: Alomomola|Protect\n|move|p1a: Swampert|Liquidation|p2a: Alomomola\n|-activate|p2a: Alomomola|move: Protect\n|\n|-weather|RainDance|[upkeep]\n|-heal|p2a: Alomomola|85\/100|[from] move: Wish|[wisher] Alomomola\n|upkeep\n|turn|6\n|\n|t:|1699948071\n|move|p1a: Swampert|Earthquake|p2a: Alomomola\n|-damage|p2a: Alomomola|46\/100\n|move|p2a: Alomomola|Wish|p2a: Alomomola\n|\n|-weather|RainDance|[upkeep]\n|upkeep\n|turn|7\n|\n|t:|1699948081\n|move|p2a: Alomomola|Protect|p2a: Alomomola\n|-singleturn|p2a: Alomomola|Protect\n|move|p1a: Swampert|Brick Break|p2a: Alomomola\n|-activate|p2a: Alomomola|move: Protect\n|\n|-weather|RainDance|[upkeep]\n|-heal|p2a: Alomomola|96\/100|[from] move: Wish|[wisher] Alomomola\n|upkeep\n|turn|8\n|\n|t:|1699948090\n|move|p1a: Swampert|Liquidation|p2a: Alomomola\n|-resisted|p2a: Alomomola\n|-damage|p2a: Alomomola|72\/100\n|move|p2a: Alomomola|Toxic|p1a: Swampert\n|-status|p1a: Swampert|tox\n|\n|-weather|none\n|-damage|p1a: Swampert|94\/100 tox|[from] psn\n|upkeep\n|turn|9\n|\n|t:|1699948098\n|switch|p1a: Ferrothorn|Ferrothorn, M|100\/100\n|move|p2a: Alomomola|Wish|p2a: Alomomola\n|\n|upkeep\n|turn|10\n|\n|t:|1699948112\n|switch|p2a: Sableye|Sableye, M|100\/100\n|move|p1a: Ferrothorn|Stealth Rock|p2a: Sableye\n|-sidestart|p2: qweplm|move: Stealth Rock\n|\n|upkeep\n|turn|11\n|\n|t:|1699948117\n|switch|p1a: Pelipper|Pelipper, F|100\/100\n|-weather|RainDance|[from] ability: Drizzle|[of] p1a: Pelipper\n|move|p2a: Sableye|Will-O-Wisp|p1a: Pelipper\n|-status|p1a: Pelipper|brn\n|\n|-weather|RainDance|[upkeep]\n|-damage|p1a: Pelipper|94\/100 brn|[from] brn\n|upkeep\n|turn|12\n|\n|t:|1699948128\n|switch|p2a: Alomomola|Alomomola, M|100\/100\n|move|p1a: Pelipper|U-turn|p2a: Alomomola\n|-damage|p2a: Alomomola|98\/100\n|\n|t:|1699948144\n|switch|p1a: Moltres|Moltres|100\/100|[from] U-turn\n|\n|-weather|RainDance|[upkeep]\n|upkeep\n|turn|13\n|\n|t:|1699948149\n|move|p1a: Moltres|Toxic|p2a: Alomomola\n|-status|p2a: Alomomola|tox\n|move|p2a: Alomomola|Wish|p2a: Alomomola\n|\n|-weather|RainDance|[upkeep]\n|-damage|p2a: Alomomola|92\/100 tox|[from] psn\n|upkeep\n|turn|14\n|\n|t:|1699948161\n|switch|p1a: Barraskewda|Barraskewda, M, shiny|100\/100\n|move|p2a: Alomomola|Flip Turn|p1a: Barraskewda\n|-resisted|p1a: Barraskewda\n|-damage|p1a: Barraskewda|78\/100\n|\n|t:|1699948171\n|switch|p2a: Corviknight|Corviknight, M|5\/100|[from] Flip Turn\n|-ability|p2a: Corviknight|Pressure\n|\n|-weather|RainDance|[upkeep]\n|-heal|p2a: Corviknight|64\/100|[from] move: Wish|[wisher] Alomomola\n|upkeep\n|turn|15\n|\n|t:|1699948182\n|move|p1a: Barraskewda|Flip Turn|p2a: Corviknight\n|-damage|p2a: Corviknight|3\/100\n|\n|t:|1699948203\n|switch|p1a: Swampert|Swampert-Mega, F|94\/100 tox|[from] Flip Turn\n|move|p2a: Corviknight|Iron Defense|p2a: Corviknight\n|-boost|p2a: Corviknight|def|2\n|\n|-weather|RainDance|[upkeep]\n|-damage|p1a: Swampert|88\/100 tox|[from] psn\n|upkeep\n|turn|16\n|\n|t:|1699948213\n|switch|p2a: Alomomola|Alomomola, M|100\/100 tox\n|move|p1a: Swampert|Liquidation|p2a: Alomomola\n|-resisted|p2a: Alomomola\n|-damage|p2a: Alomomola|74\/100 tox\n|\n|-weather|RainDance|[upkeep]\n|-damage|p1a: Swampert|76\/100 tox|[from] psn\n|-damage|p2a: Alomomola|68\/100 tox|[from] psn\n|upkeep\n|turn|17\n|\n|t:|1699948225\n|switch|p1a: Ferrothorn|Ferrothorn, M|100\/100\n|move|p2a: Alomomola|Wish|p2a: Alomomola\n|\n|-weather|RainDance|[upkeep]\n|-damage|p2a: Alomomola|55\/100 tox|[from] psn\n|upkeep\n|turn|18\n|\n|t:|1699948234\n|move|p2a: Alomomola|Flip Turn|p1a: Ferrothorn\n|-resisted|p1a: Ferrothorn\n|-damage|p1a: Ferrothorn|93\/100\n|-damage|p2a: Alomomola|43\/100 tox|[from] ability: Iron Barbs|[of] p1a: Ferrothorn\n|-damage|p2a: Alomomola|26\/100 tox|[from] item: Rocky Helmet|[of] p1a: Ferrothorn\n|\n|t:|1699948240\n|switch|p2a: Corviknight|Corviknight, M|3\/100|[from] Flip Turn\n|-ability|p2a: Corviknight|Pressure\n|move|p1a: Ferrothorn|Leech Seed|p2a: Corviknight\n|-start|p2a: Corviknight|move: Leech Seed\n|\n|-weather|none\n|-heal|p2a: Corviknight|62\/100|[from] move: Wish|[wisher] Alomomola\n|-damage|p2a: Corviknight|50\/100|[from] Leech Seed|[of] p1a: Ferrothorn\n|-heal|p1a: Ferrothorn|100\/100|[silent]\n|upkeep\n|turn|19\n|\n|t:|1699948251\n|move|p2a: Corviknight|Roost|p2a: Corviknight\n|-heal|p2a: Corviknight|99\/100\n|-singleturn|p2a: Corviknight|move: Roost\n|move|p1a: Ferrothorn|Body Press|p2a: Corviknight\n|-supereffective|p2a: Corviknight\n|-crit|p2a: Corviknight\n|-damage|p2a: Corviknight|38\/100\n|\n|-damage|p2a: Corviknight|26\/100|[from] Leech Seed|[of] p1a: Ferrothorn\n|upkeep\n|turn|20\n|\n|t:|1699948263\n|move|p2a: Corviknight|Defog|p1a: Ferrothorn\n|-unboost|p1a: Ferrothorn|evasion|1\n|-sideend|p2: qweplm|Stealth Rock|[from] move: Defog|[of] p2a: Corviknight\n|move|p1a: Ferrothorn|Body Press|p2a: Corviknight\n|-damage|p2a: Corviknight|4\/100\n|\n|-damage|p2a: Corviknight|0 fnt|[from] Leech Seed|[of] p1a: Ferrothorn\n|faint|p2a: Corviknight\n|upkeep\n|\n|t:|1699948274\n|switch|p2a: Skeledirge|Skeledirge, M, shiny|100\/100\n|turn|21\n|\n|t:|1699948285\n|switch|p1a: Pelipper|Pelipper, F|94\/100 brn\n|-weather|RainDance|[from] ability: Drizzle|[of] p1a: Pelipper\n|move|p2a: Skeledirge|Hex|p1a: Pelipper\n|-damage|p1a: Pelipper|29\/100 brn\n|\n|-weather|RainDance|[upkeep]\n|-damage|p1a: Pelipper|23\/100 brn|[from] brn\n|upkeep\n|turn|22\n|\n|t:|1699948299\n|switch|p1a: Barraskewda|Barraskewda, M, shiny|78\/100\n|-terastallize|p2a: Skeledirge|Water\n|move|p2a: Skeledirge|Hex|p1a: Barraskewda\n|-damage|p1a: Barraskewda|18\/100\n|\n|-weather|RainDance|[upkeep]\n|upkeep\n|turn|23\n|\n|t:|1699948307\n|move|p1a: Barraskewda|Flip Turn|p2a: Skeledirge\n|-resisted|p2a: Skeledirge\n|-damage|p2a: Skeledirge|76\/100\n|\n|t:|1699948313\n|switch|p1a: Kingdra|Kingdra, M|100\/100|[from] Flip Turn\n|move|p2a: Skeledirge|Will-O-Wisp|p1a: Kingdra\n|-status|p1a: Kingdra|brn\n|\n|-weather|RainDance|[upkeep]\n|-damage|p1a: Kingdra|94\/100 brn|[from] brn\n|upkeep\n|turn|24\n|\n|t:|1699948330\n|switch|p2a: Clodsire|Clodsire, M|100\/100\n|move|p1a: Kingdra|Draco Meteor|p2a: Clodsire\n|-damage|p2a: Clodsire|57\/100\n|-unboost|p1a: Kingdra|spa|2\n|-damage|p1a: Kingdra|84\/100 brn|[from] item: Life Orb\n|\n|-weather|RainDance|[upkeep]\n|-damage|p1a: Kingdra|78\/100 brn|[from] brn\n|upkeep\n|turn|25\n|\n|t:|1699948344\n|switch|p1a: Ferrothorn|Ferrothorn, M|100\/100\n|move|p2a: Clodsire|Stealth Rock|p1a: Ferrothorn\n|-sidestart|p1: Amber-acid|move: Stealth Rock\n|\n|-weather|RainDance|[upkeep]\n|upkeep\n|turn|26\n|\n|t:|1699948355\n|switch|p2a: Sableye|Sableye, M|100\/100\n|move|p1a: Ferrothorn|Stealth Rock|p2a: Sableye\n|-sidestart|p2: qweplm|move: Stealth Rock\n|\n|-weather|RainDance|[upkeep]\n|upkeep\n|turn|27\n|\n|t:|1699948364\n|switch|p1a: Moltres|Moltres|100\/100\n|move|p2a: Sableye|Will-O-Wisp|p1a: Moltres\n|-immune|p1a: Moltres\n|\n|-weather|RainDance|[upkeep]\n|upkeep\n|turn|28\n|\n|t:|1699948377\n|detailschange|p2a: Sableye|Sableye-Mega, M\n|-mega|p2a: Sableye|Sableye|Sablenite\n|move|p2a: Sableye|Protect|p2a: Sableye\n|-singleturn|p2a: Sableye|Protect\n|move|p1a: Moltres|Toxic|p2a: Sableye\n|-activate|p2a: Sableye|move: Protect\n|\n|-weather|none\n|upkeep\n|turn|29\n|\n|t:|1699948395\n|switch|p1a: Ferrothorn|Ferrothorn, M|100\/100\n|-damage|p1a: Ferrothorn|94\/100|[from] Stealth Rock\n|move|p2a: Sableye|Knock Off|p1a: Ferrothorn\n|-damage|p1a: Ferrothorn|75\/100\n|-damage|p2a: Sableye|88\/100|[from] ability: Iron Barbs|[of] p1a: Ferrothorn\n|-damage|p2a: Sableye|72\/100|[from] item: Rocky Helmet|[of] p1a: Ferrothorn\n|-enditem|p1a: Ferrothorn|Rocky Helmet|[from] move: Knock Off|[of] p2a: Sableye\n|\n|upkeep\n|turn|30\n|\n|t:|1699948414\n|switch|p1a: Swampert|Swampert-Mega, F|76\/100 tox\n|-damage|p1a: Swampert|70\/100 tox|[from] Stealth Rock\n|move|p2a: Sableye|Will-O-Wisp||[still]\n|-fail|p2a: Sableye\n|\n|-damage|p1a: Swampert|64\/100 tox|[from] psn\n|upkeep\n|turn|31\n|\n|t:|1699948422\n|switch|p2a: Alomomola|Alomomola, M|60\/100 tox\n|move|p1a: Swampert|Earthquake|p2a: Alomomola\n|-damage|p2a: Alomomola|24\/100 tox\n|\n|-damage|p1a: Swampert|51\/100 tox|[from] psn\n|-damage|p2a: Alomomola|18\/100 tox|[from] psn\n|upkeep\n|turn|32\n|inactive|qweplm has 120 seconds left.\n|\n|t:|1699948452\n|move|p1a: Swampert|Earthquake|p2a: Alomomola\n|-damage|p2a: Alomomola|0 fnt\n|faint|p2a: Alomomola\n|\n|-damage|p1a: Swampert|33\/100 tox|[from] psn\n|upkeep\n|inactive|qweplm has 120 seconds left.\n|\n|t:|1699948460\n|switch|p2a: Sableye|Sableye-Mega, M|72\/100\n|-damage|p2a: Sableye|60\/100|[from] Stealth Rock\n|turn|33\n|\n|t:|1699948475\n|switch|p1a: Moltres|Moltres|100\/100\n|move|p2a: Sableye|Protect||[still]\n|-fail|p2a: Sableye\n|\n|upkeep\n|turn|34\n|\n|t:|1699948482\n|move|p1a: Moltres|Hurricane|p2a: Sableye|[miss]\n|-miss|p1a: Moltres|p2a: Sableye\n|move|p2a: Sableye|Knock Off|p1a: Moltres\n|-damage|p1a: Moltres|80\/100\n|-enditem|p1a: Moltres|Heavy-Duty Boots|[from] move: Knock Off|[of] p2a: Sableye\n|\n|upkeep\n|turn|35\n|inactive|qweplm has 120 seconds left.\n|\n|t:|1699948510\n|switch|p2a: Clodsire|Clodsire, M|57\/100\n|move|p1a: Moltres|Defog|p2a: Clodsire\n|-unboost|p2a: Clodsire|evasion|1\n|-sideend|p2: qweplm|Stealth Rock|[from] move: Defog|[of] p1a: Moltres\n|-sideend|p1: Amber-acid|Stealth Rock|[from] move: Defog|[of] p1a: Moltres\n|\n|upkeep\n|turn|36\n|\n|t:|1699948518\n|switch|p1a: Pelipper|Pelipper, F|23\/100 brn\n|-weather|RainDance|[from] ability: Drizzle|[of] p1a: Pelipper\n|move|p2a: Clodsire|Toxic||[still]\n|-fail|p2a: Clodsire\n|\n|-weather|RainDance|[upkeep]\n|-damage|p1a: Pelipper|17\/100 brn|[from] brn\n|upkeep\n|turn|37\n|\n|t:|1699948527\n|move|p1a: Pelipper|U-turn|p2a: Clodsire\n|-resisted|p2a: Clodsire\n|-damage|p2a: Clodsire|55\/100\n|\n|t:|1699948530\n|switch|p1a: Barraskewda|Barraskewda, M, shiny|18\/100|[from] U-turn\n|move|p2a: Clodsire|Recover|p2a: Clodsire\n|-heal|p2a: Clodsire|100\/100\n|\n|-weather|RainDance|[upkeep]\n|upkeep\n|turn|38\n|\n|t:|1699948537\n|switch|p2a: Skeledirge|Skeledirge, M, shiny, tera:Water|76\/100\n|move|p1a: Barraskewda|Flip Turn|p2a: Skeledirge\n|-resisted|p2a: Skeledirge\n|-damage|p2a: Skeledirge|54\/100\n|\n|t:|1699948550\n|switch|p1a: Ferrothorn|Ferrothorn, M|75\/100|[from] Flip Turn\n|\n|-weather|RainDance|[upkeep]\n|upkeep\n|turn|39\n|\n|t:|1699948563\n|switch|p2a: Clefable|Clefable, M|100\/100\n|switch|p1a: Kingdra|Kingdra, M|78\/100 brn\n|\n|-weather|RainDance|[upkeep]\n|-damage|p1a: Kingdra|72\/100 brn|[from] brn\n|upkeep\n|turn|40\n|\n|t:|1699948578\n|-terastallize|p1a: Kingdra|Water\n|move|p1a: Kingdra|Surf|p2a: Clefable\n|-damage|p2a: Clefable|23\/100\n|-damage|p1a: Kingdra|62\/100 brn|[from] item: Life Orb\n|move|p2a: Clefable|Moonblast|p1a: Kingdra\n|-damage|p1a: Kingdra|26\/100 brn\n|\n|-weather|RainDance|[upkeep]\n|-heal|p2a: Clefable|29\/100|[from] item: Leftovers\n|-damage|p1a: Kingdra|20\/100 brn|[from] brn\n|upkeep\n|turn|41\n|\n|t:|1699948593\n|switch|p2a: Skeledirge|Skeledirge, M, shiny, tera:Water|54\/100\n|move|p1a: Kingdra|Hurricane|p2a: Skeledirge\n|-damage|p2a: Skeledirge|5\/100\n|-damage|p1a: Kingdra|10\/100 brn|[from] item: Life Orb\n|\n|-weather|RainDance|[upkeep]\n|-damage|p1a: Kingdra|4\/100 brn|[from] brn\n|upkeep\n|turn|42\n|\n|t:|1699948605\n|move|p1a: Kingdra|Hurricane|p2a: Skeledirge\n|-damage|p2a: Skeledirge|0 fnt\n|faint|p2a: Skeledirge\n|-damage|p1a: Kingdra|0 fnt|[from] item: Life Orb\n|faint|p1a: Kingdra\n|\n|-weather|RainDance|[upkeep]\n|upkeep\n|\n|t:|1699948613\n|switch|p1a: Barraskewda|Barraskewda, M, shiny|18\/100\n|switch|p2a: Clefable|Clefable, M|29\/100\n|turn|43\n|\n|t:|1699948618\n|switch|p2a: Sableye|Sableye-Mega, M|60\/100\n|move|p1a: Barraskewda|Flip Turn|p2a: Sableye\n|-damage|p2a: Sableye|0 fnt\n|faint|p2a: Sableye\n|\n|t:|1699948625\n|switch|p1a: Ferrothorn|Ferrothorn, M|75\/100|[from] Flip Turn\n|\n|-weather|none\n|upkeep\n|-message|qweplm forfeited.\n|\n|win|Amber-acid\n|raw|Amber-acid's rating: 1344 &rarr; <strong>1359<\/strong><br \/>(+15 for winning)\n|raw|qweplm's rating: 1259 &rarr; <strong>1240<\/strong><br \/>(-19 for losing)\n|l|\u2606qweplm\n","uploadtime":1699948631,"views":6,"p1id":"amberacid","p2id":"qweplm","formatid":"gen9nationaldex","rating":1240,"private":0,"password":""}