{"id":"gen9nationaldex-1994322779","p1":"Justability","p2":"Prtbl_Trash","format":"[Gen 9] National Dex","log":"|j|\u2606Justability\n|j|\u2606Prtbl_Trash\n|t:|1700431014\n|gametype|singles\n|player|p1|Justability|waitress|1308\n|player|p2|Prtbl_Trash|rosa|1354\n|teamsize|p1|6\n|teamsize|p2|6\n|gen|9\n|tier|[Gen 9] National Dex\n|rated|\n|rule|HP Percentage Mod: HP is shown in percentages\n|rule|Endless Battle Clause: Forcing endless battles is banned\n|rule|OHKO Clause: OHKO moves are banned\n|rule|Evasion Clause: Evasion abilities, items, and moves are banned\n|rule|Evasion Abilities Clause: Evasion abilities are banned\n|rule|Evasion Items Clause: Evasion items are banned\n|rule|Evasion Moves Clause: Evasion moves are banned\n|rule|Species Clause: Limit one of each Pok\u00e9mon\n|rule|Sleep Clause Mod: Limit one foe put to sleep\n|clearpoke\n|poke|p1|Volcarona, M|\n|poke|p1|Ninetales-Alola, M|\n|poke|p1|Arctozolt|\n|poke|p1|Hatterene, F|\n|poke|p1|Lopunny, M|\n|poke|p1|Blaziken, M|\n|poke|p2|Gallade, M|\n|poke|p2|Corviknight, M|\n|poke|p2|Hydreigon, M|\n|poke|p2|Sandy Shocks|\n|poke|p2|Azumarill, F|\n|poke|p2|Skeledirge, M|\n|teampreview\n|inactive|Battle timer is ON: inactive players will automatically lose when time's up. (requested by Prtbl_Trash)\n|inactive|Justability also wants the timer to be on.\n|\n|t:|1700431025\n|start\n|switch|p1a: Smash 4|Blaziken, M, shiny|100\/100\n|switch|p2a: Hydreigon|Hydreigon, M|100\/100\n|turn|1\n|\n|t:|1700431031\n|switch|p2a: Skeledirge|Skeledirge, M|100\/100\n|move|p1a: Smash 4|Protect||[still]\n|-fail|p1a: Smash 4\n|\n|-ability|p1a: Smash 4|Speed Boost|boost\n|-boost|p1a: Smash 4|spe|1\n|upkeep\n|turn|2\n|\n|t:|1700431039\n|switch|p1a: Smash 2|Hatterene, F|100\/100\n|move|p2a: Skeledirge|Torch Song|p1a: Smash 2\n|-damage|p1a: Smash 2|69\/100\n|-boost|p2a: Skeledirge|spa|1\n|-enditem|p1a: Smash 2|Eject Button\n|\n|t:|1700431055\n|switch|p1a: Smash 1|Ninetales-Alola, M|100\/100\n|-weather|Snow|[from] ability: Snow Warning|[of] p1a: Smash 1\n|\n|-weather|Snow|[upkeep]\n|upkeep\n|turn|3\n|\n|t:|1700431060\n|move|p1a: Smash 1|Aurora Veil|p1a: Smash 1\n|-sidestart|p1: Justability|move: Aurora Veil\n|move|p2a: Skeledirge|Torch Song|p1a: Smash 1\n|-supereffective|p1a: Smash 1\n|-damage|p1a: Smash 1|53\/100\n|-boost|p2a: Skeledirge|spa|1\n|\n|-weather|Snow|[upkeep]\n|upkeep\n|turn|4\n|\n|t:|1700431069\n|switch|p1a: Pass 2|Arctozolt|100\/100\n|move|p2a: Skeledirge|Torch Song|p1a: Pass 2\n|-supereffective|p1a: Pass 2\n|-damage|p1a: Pass 2|10\/100\n|-boost|p2a: Skeledirge|spa|1\n|\n|-weather|Snow|[upkeep]\n|upkeep\n|turn|5\n|\n|t:|1700431074\n|move|p1a: Pass 2|Bolt Beak|p2a: Skeledirge\n|-damage|p2a: Skeledirge|59\/100\n|move|p2a: Skeledirge|Torch Song|p1a: Pass 2\n|-supereffective|p1a: Pass 2\n|-damage|p1a: Pass 2|0 fnt\n|-boost|p2a: Skeledirge|spa|1\n|faint|p1a: Pass 2\n|\n|-weather|Snow|[upkeep]\n|upkeep\n|\n|t:|1700431079\n|switch|p1a: Pass 1|Volcarona, M|100\/100\n|turn|6\n|\n|t:|1700431084\n|move|p1a: Pass 1|Hidden Power|p2a: Skeledirge\n|-supereffective|p2a: Skeledirge\n|-damage|p2a: Skeledirge|16\/100\n|move|p2a: Skeledirge|Torch Song|p1a: Pass 1\n|-damage|p1a: Pass 1|58\/100\n|-boost|p2a: Skeledirge|spa|1\n|\n|-weather|none\n|upkeep\n|turn|7\n|\n|t:|1700431092\n|move|p1a: Pass 1|Hidden Power|p2a: Skeledirge\n|-supereffective|p2a: Skeledirge\n|-damage|p2a: Skeledirge|0 fnt\n|faint|p2a: Skeledirge\n|\n|upkeep\n|\n|t:|1700431098\n|switch|p2a: Azumarill|Azumarill, F|100\/100\n|turn|8\n|\n|t:|1700431106\n|move|p1a: Pass 1|Bug Buzz|p2a: Azumarill\n|-resisted|p2a: Azumarill\n|-damage|p2a: Azumarill|85\/100\n|move|p2a: Azumarill|Liquidation|p1a: Pass 1\n|-supereffective|p1a: Pass 1\n|-damage|p1a: Pass 1|0 fnt\n|faint|p1a: Pass 1\n|\n|upkeep\n|\n|t:|1700431114\n|switch|p1a: Smash 1|Ninetales-Alola, M|53\/100\n|-weather|Snow|[from] ability: Snow Warning|[of] p1a: Smash 1\n|turn|9\n|\n|t:|1700431118\n|switch|p2a: Corviknight|Corviknight, M|100\/100\n|-ability|p2a: Corviknight|Pressure\n|move|p1a: Smash 1|Freeze-Dry|p2a: Corviknight\n|-damage|p2a: Corviknight|83\/100\n|\n|-weather|Snow|[upkeep]\n|upkeep\n|turn|10\n|\n|t:|1700431124\n|switch|p1a: Smash 4|Blaziken, M, shiny|100\/100\n|move|p2a: Corviknight|Brave Bird|p1a: Smash 4\n|-supereffective|p1a: Smash 4\n|-damage|p1a: Smash 4|41\/100\n|-damage|p2a: Corviknight|68\/100|[from] Recoil\n|\n|-weather|Snow|[upkeep]\n|-sideend|p1: Justability|move: Aurora Veil\n|upkeep\n|turn|11\n|\n|t:|1700431134\n|switch|p2a: Azumarill|Azumarill, F|85\/100\n|-zpower|p1a: Smash 4\n|move|p1a: Smash 4|Inferno Overdrive|p2a: Azumarill|[zeffect]\n|-resisted|p2a: Azumarill\n|-damage|p2a: Azumarill|31\/100\n|\n|-weather|Snow|[upkeep]\n|-ability|p1a: Smash 4|Speed Boost|boost\n|-boost|p1a: Smash 4|spe|1\n|upkeep\n|turn|12\n|\n|t:|1700431148\n|move|p2a: Azumarill|Aqua Jet|p1a: Smash 4\n|-supereffective|p1a: Smash 4\n|-damage|p1a: Smash 4|0 fnt\n|faint|p1a: Smash 4\n|\n|-weather|Snow|[upkeep]\n|upkeep\n|\n|t:|1700431151\n|switch|p1a: Smash 3|Lopunny, M, shiny|100\/100\n|turn|13\n|\n|t:|1700431156\n|switch|p2a: Corviknight|Corviknight, M|68\/100\n|-ability|p2a: Corviknight|Pressure\n|detailschange|p1a: Smash 3|Lopunny-Mega, M, shiny\n|-mega|p1a: Smash 3|Lopunny|Lopunnite\n|move|p1a: Smash 3|Frustration|p2a: Corviknight\n|-resisted|p2a: Corviknight\n|-damage|p2a: Corviknight|51\/100\n|-damage|p1a: Smash 3|84\/100|[from] item: Rocky Helmet|[of] p2a: Corviknight\n|\n|-weather|none\n|upkeep\n|turn|14\n|\n|t:|1700431162\n|move|p1a: Smash 3|Close Combat|p2a: Corviknight\n|-damage|p2a: Corviknight|8\/100\n|-unboost|p1a: Smash 3|def|1\n|-unboost|p1a: Smash 3|spd|1\n|-damage|p1a: Smash 3|67\/100|[from] item: Rocky Helmet|[of] p2a: Corviknight\n|move|p2a: Corviknight|U-turn|p1a: Smash 3\n|-resisted|p1a: Smash 3\n|-damage|p1a: Smash 3|54\/100\n|\n|t:|1700431171\n|switch|p2a: Azumarill|Azumarill, F|31\/100|[from] U-turn\n|\n|upkeep\n|turn|15\n|\n|t:|1700431176\n|switch|p1a: Smash 2|Hatterene, F|69\/100\n|-terastallize|p2a: Azumarill|Water\n|move|p2a: Azumarill|Aqua Jet|p1a: Smash 2\n|-damage|p1a: Smash 2|40\/100\n|\n|upkeep\n|turn|16\n|\n|t:|1700431180\n|move|p2a: Azumarill|Liquidation|p1a: Smash 2\n|-damage|p1a: Smash 2|0 fnt\n|faint|p1a: Smash 2\n|\n|upkeep\n|\n|t:|1700431183\n|switch|p1a: Smash 1|Ninetales-Alola, M|53\/100\n|-weather|Snow|[from] ability: Snow Warning|[of] p1a: Smash 1\n|turn|17\n|\n|t:|1700431190\n|switch|p2a: Sandy Shocks|Sandy Shocks|100\/100\n|move|p1a: Smash 1|Freeze-Dry|p2a: Sandy Shocks\n|-supereffective|p2a: Sandy Shocks\n|-damage|p2a: Sandy Shocks|52\/100\n|\n|-weather|Snow|[upkeep]\n|upkeep\n|turn|18\n|\n|t:|1700431197\n|move|p1a: Smash 1|Aurora Veil|p1a: Smash 1\n|-sidestart|p1: Justability|move: Aurora Veil\n|move|p2a: Sandy Shocks|Volt Switch|p1a: Smash 1\n|-damage|p1a: Smash 1|31\/100\n|-damage|p2a: Sandy Shocks|42\/100|[from] item: Life Orb\n|\n|t:|1700431206\n|-end|p2a: Sandy Shocks|Protosynthesis|[silent]\n|switch|p2a: Gallade|Gallade, M|100\/100|[from] Volt Switch\n|\n|-weather|Snow|[upkeep]\n|upkeep\n|turn|19\n|\n|t:|1700431213\n|detailschange|p2a: Gallade|Gallade-Mega, M\n|-mega|p2a: Gallade|Gallade|Galladite\n|move|p2a: Gallade|Psycho Cut|p1a: Smash 1\n|-crit|p1a: Smash 1\n|-damage|p1a: Smash 1|0 fnt\n|faint|p1a: Smash 1\n|\n|-weather|Snow|[upkeep]\n|upkeep\n|\n|t:|1700431217\n|switch|p1a: Smash 3|Lopunny-Mega, M, shiny|54\/100\n|turn|20\n|\n|t:|1700431223\n|move|p1a: Smash 3|Frustration|p2a: Gallade\n|-damage|p2a: Gallade|33\/100\n|move|p2a: Gallade|Close Combat|p1a: Smash 3\n|-supereffective|p1a: Smash 3\n|-damage|p1a: Smash 3|0 fnt\n|-unboost|p2a: Gallade|def|1\n|-unboost|p2a: Gallade|spd|1\n|faint|p1a: Smash 3\n|\n|win|Prtbl_Trash\n|raw|Justability's rating: 1308 &rarr; <strong>1291<\/strong><br \/>(-17 for losing)\n|raw|Prtbl_Trash's rating: 1354 &rarr; <strong>1371<\/strong><br \/>(+17 for winning)\n|l|\u2606Justability\n","uploadtime":1700431425,"views":11,"p1id":"justability","p2id":"prtbltrash","formatid":"gen9nationaldex","rating":1291,"private":0,"password":""}