{"id":"gen9nationaldex-1988076475","p1":"TheCoolGuy69","p2":"srgbladeofthunder","format":"[Gen 9] National Dex","log":"|j|\u2606TheCoolGuy69\n|j|\u2606srgbladeofthunder\n|t:|1699666629\n|gametype|singles\n|player|p1|TheCoolGuy69|rocketgruntf|1000\n|player|p2|srgbladeofthunder|102|1000\n|teamsize|p1|6\n|teamsize|p2|6\n|gen|9\n|tier|[Gen 9] National Dex\n|rated|\n|rule|HP Percentage Mod: HP is shown in percentages\n|rule|Endless Battle Clause: Forcing endless battles is banned\n|rule|OHKO Clause: OHKO moves are banned\n|rule|Evasion Clause: Evasion abilities, items, and moves are banned\n|rule|Evasion Abilities Clause: Evasion abilities are banned\n|rule|Evasion Items Clause: Evasion items are banned\n|rule|Evasion Moves Clause: Evasion moves are banned\n|rule|Species Clause: Limit one of each Pok\u00e9mon\n|rule|Sleep Clause Mod: Limit one foe put to sleep\n|clearpoke\n|poke|p1|Krookodile, F|\n|poke|p1|Gliscor, M|\n|poke|p1|Garchomp, M|\n|poke|p1|Ursaluna, M|\n|poke|p1|Nidoqueen, F|\n|poke|p1|Swampert, F|\n|poke|p2|Bisharp, M|\n|poke|p2|Ceruledge, M|\n|poke|p2|Garchomp, M|\n|poke|p2|Gallade, M|\n|poke|p2|Clodsire, F|\n|poke|p2|Beedrill, M|\n|teampreview\n|\n|t:|1699666639\n|start\n|switch|p1a: Gliscor|Gliscor, M|100\/100\n|switch|p2a: Clodsire|Clodsire, F|100\/100\n|-item|p2a: Clodsire|Air Balloon\n|turn|1\n|\n|t:|1699666654\n|move|p1a: Gliscor|Spikes|p2a: Clodsire\n|-sidestart|p2: srgbladeofthunder|Spikes\n|move|p2a: Clodsire|Toxic Spikes|p1a: Gliscor\n|-sidestart|p1: TheCoolGuy69|move: Toxic Spikes\n|\n|-status|p1a: Gliscor|tox|[from] item: Toxic Orb\n|upkeep\n|turn|2\n|\n|t:|1699666664\n|move|p1a: Gliscor|Ice Fang|p2a: Clodsire\n|-supereffective|p2a: Clodsire\n|-damage|p2a: Clodsire|63\/100\n|-enditem|p2a: Clodsire|Air Balloon\n|cant|p2a: Clodsire|flinch\n|\n|upkeep\n|turn|3\n|\n|t:|1699666673\n|move|p1a: Gliscor|High Horsepower|p2a: Clodsire\n|-supereffective|p2a: Clodsire\n|-damage|p2a: Clodsire|0 fnt\n|faint|p2a: Clodsire\n|\n|upkeep\n|\n|t:|1699666689\n|switch|p2a: Gallade|Gallade, M|100\/100\n|-damage|p2a: Gallade|88\/100|[from] Spikes\n|turn|4\n|\n|t:|1699666696\n|move|p2a: Gallade|Aqua Cutter|p1a: Gliscor\n|-supereffective|p1a: Gliscor\n|-damage|p1a: Gliscor|42\/100 tox\n|move|p1a: Gliscor|Facade|p2a: Gallade\n|-damage|p2a: Gallade|30\/100\n|\n|-heal|p1a: Gliscor|55\/100 tox|[from] ability: Poison Heal\n|upkeep\n|turn|5\n|\n|t:|1699666723\n|move|p2a: Gallade|Aqua Cutter|p1a: Gliscor\n|-supereffective|p1a: Gliscor\n|-damage|p1a: Gliscor|0 fnt\n|faint|p1a: Gliscor\n|\n|upkeep\n|\n|t:|1699666731\n|switch|p1a: Garchomp|Garchomp, M|100\/100\n|-status|p1a: Garchomp|psn\n|turn|6\n|\n|t:|1699666750\n|move|p2a: Gallade|Sacred Sword|p1a: Garchomp\n|-damage|p1a: Garchomp|37\/100 psn\n|-damage|p2a: Gallade|17\/100|[from] ability: Rough Skin|[of] p1a: Garchomp\n|move|p1a: Garchomp|Dragon Claw|p2a: Gallade\n|-damage|p2a: Gallade|0 fnt\n|faint|p2a: Gallade\n|\n|-heal|p1a: Garchomp|43\/100 psn|[from] item: Leftovers\n|-damage|p1a: Garchomp|30\/100 psn|[from] psn\n|upkeep\n|\n|t:|1699666765\n|switch|p2a: Garchomp|Garchomp, M|100\/100\n|-damage|p2a: Garchomp|88\/100|[from] Spikes\n|turn|7\n|\n|t:|1699666771\n|move|p2a: Garchomp|Outrage|p1a: Garchomp\n|-supereffective|p1a: Garchomp\n|-damage|p1a: Garchomp|0 fnt\n|-damage|p2a: Garchomp|76\/100|[from] ability: Rough Skin|[of] p1a: Garchomp\n|faint|p1a: Garchomp\n|\n|upkeep\n|\n|t:|1699666778\n|switch|p1a: Ursaluna|Ursaluna, M|100\/100\n|turn|8\n|\n|t:|1699666782\n|move|p2a: Garchomp|Outrage|p1a: Ursaluna|[from]lockedmove\n|-damage|p1a: Ursaluna|34\/100\n|move|p1a: Ursaluna|Play Rough|p2a: Garchomp\n|-supereffective|p2a: Garchomp\n|-damage|p2a: Garchomp|11\/100\n|-damage|p1a: Ursaluna|22\/100|[from] ability: Rough Skin|[of] p2a: Garchomp\n|\n|upkeep\n|turn|9\n|\n|t:|1699666792\n|move|p1a: Ursaluna|Protect|p1a: Ursaluna\n|-singleturn|p1a: Ursaluna|Protect\n|move|p2a: Garchomp|Outrage|p1a: Ursaluna|[from]lockedmove\n|-activate|p1a: Ursaluna|move: Protect\n|-start|p2a: Garchomp|confusion|[fatigue]\n|\n|upkeep\n|turn|10\n|\n|t:|1699666801\n|-activate|p2a: Garchomp|confusion\n|move|p2a: Garchomp|Outrage|p1a: Ursaluna\n|-damage|p1a: Ursaluna|0 fnt\n|faint|p1a: Ursaluna\n|\n|upkeep\n|\n|t:|1699666808\n|switch|p1a: Nidoqueen|Nidoqueen, F|100\/100\n|-sideend|p1: TheCoolGuy69|move: Toxic Spikes|[of] p1a: Nidoqueen\n|turn|11\n|\n|t:|1699666815\n|-end|p2a: Garchomp|confusion\n|move|p2a: Garchomp|Outrage|p1a: Nidoqueen|[from]lockedmove\n|-damage|p1a: Nidoqueen|2\/100\n|-status|p2a: Garchomp|psn|[from] ability: Poison Point|[of] p1a: Nidoqueen\n|move|p1a: Nidoqueen|Crunch|p2a: Garchomp\n|-damage|p2a: Garchomp|0 fnt\n|-damage|p1a: Nidoqueen|0 fnt|[from] ability: Rough Skin|[of] p2a: Garchomp\n|faint|p2a: Garchomp\n|faint|p1a: Nidoqueen\n|\n|upkeep\n|\n|t:|1699666839\n|switch|p2a: Beedrill|Beedrill, M|100\/100\n|switch|p1a: Swampert|Swampert, F, shiny|100\/100\n|-damage|p2a: Beedrill|88\/100|[from] Spikes\n|turn|12\n|\n|t:|1699666850\n|detailschange|p2a: Beedrill|Beedrill-Mega, M\n|-mega|p2a: Beedrill|Beedrill|Beedrillite\n|move|p2a: Beedrill|X-Scissor|p1a: Swampert\n|-damage|p1a: Swampert|41\/100\n|move|p1a: Swampert|Bulk Up|p1a: Swampert\n|-boost|p1a: Swampert|atk|1\n|-boost|p1a: Swampert|def|1\n|\n|upkeep\n|turn|13\n|\n|t:|1699666863\n|detailschange|p1a: Swampert|Swampert-Mega, F, shiny\n|-mega|p1a: Swampert|Swampert|Swampertite\n|move|p2a: Beedrill|X-Scissor|p1a: Swampert\n|-damage|p1a: Swampert|8\/100\n|move|p1a: Swampert|Liquidation|p2a: Beedrill\n|-damage|p2a: Beedrill|0 fnt\n|faint|p2a: Beedrill\n|\n|upkeep\n|\n|t:|1699666873\n|switch|p2a: Bisharp|Bisharp, M|100\/100\n|-damage|p2a: Bisharp|88\/100|[from] Spikes\n|turn|14\n|\n|t:|1699666881\n|move|p2a: Bisharp|Sucker Punch|p1a: Swampert\n|-damage|p1a: Swampert|0 fnt\n|faint|p1a: Swampert\n|\n|upkeep\n|\n|t:|1699666887\n|switch|p1a: Krookodile|Krookodile, F|100\/100\n|turn|15\n|\n|t:|1699666894\n|-terastallize|p2a: Bisharp|Dark\n|move|p1a: Krookodile|Earthquake|p2a: Bisharp\n|-damage|p2a: Bisharp|19\/100\n|-damage|p1a: Krookodile|91\/100|[from] item: Life Orb\n|move|p2a: Bisharp|Night Slash|p1a: Krookodile\n|-resisted|p1a: Krookodile\n|-damage|p1a: Krookodile|64\/100\n|\n|upkeep\n|turn|16\n|\n|t:|1699666906\n|move|p2a: Bisharp|Sucker Punch|p1a: Krookodile\n|-resisted|p1a: Krookodile\n|-damage|p1a: Krookodile|34\/100\n|move|p1a: Krookodile|Outrage|p2a: Bisharp\n|-damage|p2a: Bisharp|0 fnt\n|faint|p2a: Bisharp\n|-damage|p1a: Krookodile|24\/100|[from] item: Life Orb\n|\n|upkeep\n|\n|t:|1699666920\n|switch|p2a: Ceruledge|Ceruledge, M|100\/100\n|-damage|p2a: Ceruledge|88\/100|[from] Spikes\n|turn|17\n|\n|t:|1699666928\n|move|p2a: Ceruledge|Poltergeist|p1a: Krookodile|[miss]\n|-miss|p2a: Ceruledge|p1a: Krookodile\n|move|p1a: Krookodile|Outrage|p2a: Ceruledge|[from]lockedmove\n|-damage|p2a: Ceruledge|10\/100\n|-damage|p1a: Krookodile|14\/100|[from] item: Life Orb\n|-start|p1a: Krookodile|confusion|[fatigue]\n|\n|upkeep\n|turn|18\n|\n|t:|1699666939\n|move|p2a: Ceruledge|Bitter Blade|p1a: Krookodile\n|-damage|p1a: Krookodile|0 fnt\n|-heal|p2a: Ceruledge|19\/100|[from] drain|[of] p1a: Krookodile\n|faint|p1a: Krookodile\n|-heal|p2a: Ceruledge|21\/100|[from] item: Shell Bell|[of] p1: Krookodile\n|\n|win|srgbladeofthunder\n|raw|TheCoolGuy69's rating: 1000 &rarr; <strong>1000<\/strong><br \/>(+0 for losing)\n|raw|srgbladeofthunder's rating: 1000 &rarr; <strong>1040<\/strong><br \/>(+40 for winning)\n|c|\u2606TheCoolGuy69|Gg\n|c|\u2606srgbladeofthunder|Gg\n|l|\u2606TheCoolGuy69\n","uploadtime":1699667132,"views":38,"p1id":"thecoolguy69","p2id":"srgbladeofthunder","formatid":"gen9nationaldex","rating":1000,"private":0,"password":""}