{"id":"gen9nationaldex-1997508166","p1":"crotes69","p2":"johim","format":"[Gen 9] National Dex","log":"|html|<div class=\"broadcast-blue\"><strong>[Gen 9] National Dex is currently suspecting Sneasler! For information on how to participate check out the <a href=\"https:\/\/www.smogon.com\/forums\/threads\/sv-national-dex-suspect-8-just-dance.3731534\/\">suspect thread<\/a>.<\/strong><\/div>\n|j|\u2606crotes69\n|j|\u2606johim\n|t:|1700817391\n|gametype|singles\n|player|p1|crotes69|169|1180\n|player|p2|johim|riley|1239\n|teamsize|p1|6\n|teamsize|p2|6\n|gen|9\n|tier|[Gen 9] National Dex\n|rated|\n|rule|HP Percentage Mod: HP is shown in percentages\n|rule|Endless Battle Clause: Forcing endless battles is banned\n|rule|OHKO Clause: OHKO moves are banned\n|rule|Evasion Clause: Evasion abilities, items, and moves are banned\n|rule|Evasion Abilities Clause: Evasion abilities are banned\n|rule|Evasion Items Clause: Evasion items are banned\n|rule|Evasion Moves Clause: Evasion moves are banned\n|rule|Species Clause: Limit one of each Pok\u00e9mon\n|rule|Sleep Clause Mod: Limit one foe put to sleep\n|clearpoke\n|poke|p1|Grumpig, F|\n|poke|p1|Quaquaval, F|\n|poke|p1|Empoleon, F|\n|poke|p1|Sneasler, F|\n|poke|p1|Tauros, M|\n|poke|p1|Jolteon, M|\n|poke|p2|Charizard, M|\n|poke|p2|Rhydon, M|\n|poke|p2|Cloyster, M|\n|poke|p2|Crobat, M|\n|poke|p2|Magneton|\n|poke|p2|Hitmonlee, M|\n|teampreview\n|\n|t:|1700817415\n|start\n|switch|p1a: Jolteon|Jolteon, M|100\/100\n|switch|p2a: Hitmonlee|Hitmonlee, M|100\/100\n|turn|1\n|\n|t:|1700817425\n|switch|p1a: Grumpig|Grumpig, F|100\/100\n|move|p2a: Hitmonlee|Rapid Spin|p1a: Grumpig\n|-damage|p1a: Grumpig|74\/100\n|-boost|p2a: Hitmonlee|spe|1\n|\n|upkeep\n|turn|2\n|\n|t:|1700817440\n|move|p2a: Hitmonlee|Stone Edge|p1a: Grumpig\n|-damage|p1a: Grumpig|20\/100\n|-enditem|p1a: Grumpig|Salac Berry|[eat]\n|-boost|p1a: Grumpig|spe|1|[from] item: Salac Berry\n|move|p1a: Grumpig|Nasty Plot|p1a: Grumpig\n|-boost|p1a: Grumpig|spa|2\n|\n|upkeep\n|turn|3\n|\n|t:|1700817447\n|-terastallize|p1a: Grumpig|Ghost\n|move|p2a: Hitmonlee|Close Combat|p1a: Grumpig\n|-immune|p1a: Grumpig\n|move|p1a: Grumpig|Shadow Ball|p2a: Hitmonlee\n|-damage|p2a: Hitmonlee|2\/100\n|\n|upkeep\n|turn|4\n|\n|t:|1700817461\n|move|p2a: Hitmonlee|Stone Edge|p1a: Grumpig\n|-damage|p1a: Grumpig|0 fnt\n|faint|p1a: Grumpig\n|\n|upkeep\n|\n|t:|1700817471\n|switch|p1a: Quaquaval|Quaquaval, F|100\/100\n|turn|5\n|\n|t:|1700817476\n|move|p2a: Hitmonlee|Close Combat|p1a: Quaquaval\n|-damage|p1a: Quaquaval|25\/100\n|-unboost|p2a: Hitmonlee|def|1\n|-unboost|p2a: Hitmonlee|spd|1\n|move|p1a: Quaquaval|Aqua Step|p2a: Hitmonlee\n|-damage|p2a: Hitmonlee|0 fnt\n|-boost|p1a: Quaquaval|spe|1\n|faint|p2a: Hitmonlee\n|-ability|p1a: Quaquaval|Moxie|boost\n|-boost|p1a: Quaquaval|atk|1\n|\n|upkeep\n|\n|t:|1700817482\n|switch|p2a: Magneton|Magneton|100\/100\n|turn|6\n|\n|t:|1700817487\n|move|p1a: Quaquaval|Close Combat|p2a: Magneton\n|-supereffective|p2a: Magneton\n|-ability|p2a: Magneton|Sturdy\n|-damage|p2a: Magneton|1\/100\n|-unboost|p1a: Quaquaval|def|1\n|-unboost|p1a: Quaquaval|spd|1\n|move|p2a: Magneton|Flash Cannon|p1a: Quaquaval\n|-resisted|p1a: Quaquaval\n|-damage|p1a: Quaquaval|0 fnt\n|faint|p1a: Quaquaval\n|\n|upkeep\n|\n|t:|1700817500\n|switch|p1a: Tauros|Tauros, M|100\/100\n|turn|7\n|\n|t:|1700817503\n|move|p1a: Tauros|Trailblaze|p2a: Magneton\n|-resisted|p2a: Magneton\n|-damage|p2a: Magneton|0 fnt\n|faint|p2a: Magneton\n|\n|upkeep\n|\n|t:|1700817522\n|switch|p2a: Crobat|Crobat, M|100\/100\n|turn|8\n|c|\u2606crotes69|oh shit sheer force removes the trailblaze speedboost huh\n|\n|t:|1700817566\n|switch|p1a: Empoleon|Empoleon, F|100\/100\n|move|p2a: Crobat|Air Slash|p1a: Empoleon\n|-resisted|p1a: Empoleon\n|-damage|p1a: Empoleon|87\/100\n|\n|upkeep\n|turn|9\n|\n|t:|1700817573\n|move|p2a: Crobat|Nasty Plot|p2a: Crobat\n|-boost|p2a: Crobat|spa|2\n|move|p1a: Empoleon|Stealth Rock|p2a: Crobat\n|-sidestart|p2: johim|move: Stealth Rock\n|\n|upkeep\n|turn|10\n|\n|t:|1700817585\n|move|p2a: Crobat|Heat Wave|p1a: Empoleon\n|-damage|p1a: Empoleon|43\/100\n|move|p1a: Empoleon|Agility|p1a: Empoleon\n|-boost|p1a: Empoleon|spe|2\n|\n|upkeep\n|turn|11\n|\n|t:|1700817592\n|move|p2a: Crobat|Heat Wave|p1a: Empoleon\n|-damage|p1a: Empoleon|2\/100\n|move|p1a: Empoleon|Hydro Pump|p2a: Crobat|[miss]\n|-miss|p1a: Empoleon|p2a: Crobat\n|\n|upkeep\n|turn|12\n|\n|t:|1700817602\n|move|p2a: Crobat|Giga Drain|p1a: Empoleon\n|-damage|p1a: Empoleon|0 fnt\n|faint|p1a: Empoleon\n|\n|upkeep\n|\n|t:|1700817635\n|switch|p1a: Jolteon|Jolteon, M|100\/100\n|turn|13\n|\n|t:|1700817646\n|move|p2a: Crobat|Heat Wave|p1a: Jolteon\n|-damage|p1a: Jolteon|40\/100\n|move|p1a: Jolteon|Thunderbolt|p2a: Crobat\n|-supereffective|p2a: Crobat\n|-enditem|p2a: Crobat|Focus Sash\n|-damage|p2a: Crobat|1\/100\n|\n|upkeep\n|turn|14\n|\n|t:|1700817658\n|move|p2a: Crobat|Heat Wave|p1a: Jolteon\n|-damage|p1a: Jolteon|0 fnt\n|faint|p1a: Jolteon\n|\n|upkeep\n|\n|t:|1700817677\n|switch|p1a: Tauros|Tauros, M|100\/100\n|turn|15\n|\n|t:|1700817682\n|move|p2a: Crobat|Air Slash|p1a: Tauros\n|-damage|p1a: Tauros|16\/100\n|move|p1a: Tauros|Raging Bull|p2a: Crobat\n|-damage|p2a: Crobat|0 fnt\n|faint|p2a: Crobat\n|-damage|p1a: Tauros|6\/100|[from] item: Life Orb\n|\n|upkeep\n|\n|t:|1700817689\n|switch|p2a: Rhydon|Rhydon, M|100\/100\n|-damage|p2a: Rhydon|94\/100|[from] Stealth Rock\n|turn|16\n|\n|t:|1700817693\n|-terastallize|p2a: Rhydon|Water\n|move|p1a: Tauros|Earthquake|p2a: Rhydon\n|-damage|p2a: Rhydon|75\/100\n|-damage|p1a: Tauros|0 fnt|[from] item: Life Orb\n|faint|p1a: Tauros\n|move|p2a: Rhydon|Earthquake|p1: Tauros|[notarget]\n|-fail|p2a: Rhydon\n|\n|upkeep\n|\n|t:|1700817698\n|switch|p1a: Sneasler|Sneasler, F|100\/100\n|-item|p1a: Sneasler|Air Balloon\n|turn|17\n|\n|t:|1700817702\n|move|p1a: Sneasler|Swords Dance|p1a: Sneasler\n|-boost|p1a: Sneasler|atk|2\n|move|p2a: Rhydon|Ice Punch|p1a: Sneasler\n|-damage|p1a: Sneasler|65\/100\n|-enditem|p1a: Sneasler|Air Balloon\n|\n|upkeep\n|turn|18\n|\n|t:|1700817712\n|move|p1a: Sneasler|Close Combat|p2a: Rhydon\n|-damage|p2a: Rhydon|11\/100\n|-unboost|p1a: Sneasler|def|1\n|-unboost|p1a: Sneasler|spd|1\n|move|p2a: Rhydon|Earthquake|p1a: Sneasler\n|-supereffective|p1a: Sneasler\n|-damage|p1a: Sneasler|0 fnt\n|faint|p1a: Sneasler\n|\n|win|johim\n|raw|crotes69's rating: 1180 &rarr; <strong>1159<\/strong><br \/>(-21 for losing)\n|raw|johim's rating: 1239 &rarr; <strong>1260<\/strong><br \/>(+21 for winning)\n|l|\u2606crotes69\n","uploadtime":1700817726,"views":4,"p1id":"crotes69","p2id":"johim","formatid":"gen9nationaldex","rating":1159,"private":0,"password":""}