{"id":"gen9nationaldex-1993516086","p1":"Torkonpeter","p2":"mushroomtester","format":"[Gen 9] National Dex","log":"|j|\u2606Torkonpeter\n|j|\u2606mushroomtester\n|t:|1700327002\n|gametype|singles\n|player|p1|Torkonpeter|hilbert|\n|player|p2|mushroomtester|caitlin|\n|teamsize|p1|6\n|teamsize|p2|6\n|gen|9\n|tier|[Gen 9] National Dex\n|rule|HP Percentage Mod: HP is shown in percentages\n|rule|Endless Battle Clause: Forcing endless battles is banned\n|rule|OHKO Clause: OHKO moves are banned\n|rule|Evasion Clause: Evasion abilities, items, and moves are banned\n|rule|Evasion Abilities Clause: Evasion abilities are banned\n|rule|Evasion Items Clause: Evasion items are banned\n|rule|Evasion Moves Clause: Evasion moves are banned\n|rule|Species Clause: Limit one of each Pok\u00e9mon\n|rule|Sleep Clause Mod: Limit one foe put to sleep\n|clearpoke\n|poke|p1|Seedot, M|\n|poke|p1|Poochyena, F|\n|poke|p1|Whismur, F|\n|poke|p1|Feebas, F|\n|poke|p1|Slakoth, F|\n|poke|p1|Tynamo, M|\n|poke|p2|Sunkern, M|\n|poke|p2|Seedot, F|\n|poke|p2|Cosmog|\n|poke|p2|Poochyena, M|\n|poke|p2|Whismur, F|\n|poke|p2|Tynamo, F|\n|teampreview\n|c|\u2606mushroomtester|Glhf\n|\n|t:|1700327033\n|start\n|switch|p1a: Tynamo|Tynamo, M|100\/100\n|switch|p2a: Whismur|Whismur, F|100\/100\n|turn|1\n|c|\u2606Torkonpeter|you 2\n|\n|t:|1700327040\n|move|p1a: Tynamo|Knock Off|p2a: Whismur\n|-damage|p2a: Whismur|58\/100\n|-ability|p2a: Whismur|Rattled|boost\n|-boost|p2a: Whismur|spe|1\n|-enditem|p2a: Whismur|Heat Rock|[from] move: Knock Off|[of] p1a: Tynamo\n|move|p2a: Whismur|Sunny Day|p2a: Whismur\n|-weather|SunnyDay\n|\n|-weather|SunnyDay|[upkeep]\n|upkeep\n|turn|2\n|\n|t:|1700327051\n|move|p1a: Tynamo|Thunder Wave|p2a: Whismur\n|-status|p2a: Whismur|par\n|move|p2a: Whismur|Flamethrower|p1a: Tynamo\n|-crit|p1a: Tynamo\n|-damage|p1a: Tynamo|60\/100\n|\n|-weather|SunnyDay|[upkeep]\n|upkeep\n|turn|3\n|\n|t:|1700327061\n|switch|p2a: Cosmog|Cosmog|100\/100\n|move|p1a: Tynamo|Charge|p1a: Tynamo\n|-boost|p1a: Tynamo|spd|1\n|-start|p1a: Tynamo|Charge\n|\n|-weather|SunnyDay|[upkeep]\n|upkeep\n|turn|4\n|\n|t:|1700327066\n|move|p1a: Tynamo|Charge Beam|p2a: Cosmog\n|-damage|p2a: Cosmog|81\/100\n|-end|p1a: Tynamo|Charge|[silent]\n|move|p2a: Cosmog|Teleport|p2a: Cosmog\n|\n|t:|1700327071\n|switch|p2a: Sunkern|Sunkern, M|100\/100|[from] Teleport\n|\n|-weather|SunnyDay|[upkeep]\n|upkeep\n|turn|5\n|\n|t:|1700327080\n|move|p2a: Sunkern|Weather Ball|p1a: Tynamo\n|-damage|p1a: Tynamo|44\/100\n|move|p1a: Tynamo|Thunder Wave|p2a: Sunkern\n|-status|p2a: Sunkern|par\n|\n|-weather|none\n|upkeep\n|turn|6\n|\n|t:|1700327093\n|move|p1a: Tynamo|Charge Beam|p2a: Sunkern\n|-resisted|p2a: Sunkern\n|-damage|p2a: Sunkern|83\/100 par\n|-boost|p1a: Tynamo|spa|1\n|move|p2a: Sunkern|Sunny Day|p2a: Sunkern\n|-weather|SunnyDay\n|\n|-weather|SunnyDay|[upkeep]\n|upkeep\n|turn|7\n|\n|t:|1700327099\n|cant|p2a: Sunkern|par\n|move|p1a: Tynamo|Charge|p1a: Tynamo\n|-boost|p1a: Tynamo|spd|1\n|-start|p1a: Tynamo|Charge\n|\n|-weather|SunnyDay|[upkeep]\n|upkeep\n|turn|8\n|\n|t:|1700327103\n|cant|p2a: Sunkern|par\n|move|p1a: Tynamo|Charge Beam|p2a: Sunkern\n|-resisted|p2a: Sunkern\n|-damage|p2a: Sunkern|25\/100 par\n|-boost|p1a: Tynamo|spa|1\n|-end|p1a: Tynamo|Charge|[silent]\n|\n|-weather|SunnyDay|[upkeep]\n|upkeep\n|turn|9\n|\n|t:|1700327111\n|switch|p2a: Cosmog|Cosmog|81\/100\n|move|p1a: Tynamo|Charge|p1a: Tynamo\n|-boost|p1a: Tynamo|spd|1\n|-start|p1a: Tynamo|Charge\n|\n|-weather|SunnyDay|[upkeep]\n|upkeep\n|turn|10\n|\n|t:|1700327115\n|move|p1a: Tynamo|Charge Beam|p2a: Cosmog\n|-damage|p2a: Cosmog|61\/100\n|-boost|p1a: Tynamo|spa|1\n|-end|p1a: Tynamo|Charge|[silent]\n|move|p2a: Cosmog|Teleport|p2a: Cosmog\n|\n|t:|1700327136\n|switch|p2a: Poochyena|Poochyena, M|100\/100|[from] Teleport\n|\n|-weather|none\n|upkeep\n|turn|11\n|\n|t:|1700327142\n|move|p2a: Poochyena|Sucker Punch||[still]\n|-fail|p2a: Poochyena\n|move|p1a: Tynamo|Thunder Wave|p2a: Poochyena\n|-status|p2a: Poochyena|par\n|\n|upkeep\n|turn|12\n|\n|t:|1700327150\n|move|p2a: Poochyena|Fire Fang|p1a: Tynamo\n|-damage|p1a: Tynamo|18\/100\n|-status|p1a: Tynamo|brn\n|move|p1a: Tynamo|Charge Beam|p2a: Poochyena\n|-damage|p2a: Poochyena|57\/100 par\n|-boost|p1a: Tynamo|spa|1\n|\n|-damage|p1a: Tynamo|12\/100 brn|[from] brn\n|upkeep\n|turn|13\n|\n|t:|1700327157\n|move|p2a: Poochyena|Trailblaze|p1a: Tynamo\n|-damage|p1a: Tynamo|0 fnt\n|-boost|p2a: Poochyena|spe|1\n|faint|p1a: Tynamo\n|\n|upkeep\n|\n|t:|1700327172\n|switch|p1a: Seedot|Seedot, M|100\/100\n|turn|14\n|\n|t:|1700327176\n|move|p2a: Poochyena|Fire Fang|p1a: Seedot\n|-supereffective|p1a: Seedot\n|-damage|p1a: Seedot|74\/100\n|move|p1a: Seedot|Hidden Power|p2a: Poochyena\n|-damage|p2a: Poochyena|46\/100 par\n|\n|upkeep\n|turn|15\n|\n|t:|1700327183\n|move|p2a: Poochyena|Fire Fang|p1a: Seedot\n|-supereffective|p1a: Seedot\n|-damage|p1a: Seedot|49\/100\n|move|p1a: Seedot|Hidden Power|p2a: Poochyena\n|-damage|p2a: Poochyena|34\/100 par\n|\n|upkeep\n|turn|16\n|\n|t:|1700327189\n|move|p2a: Poochyena|Fire Fang|p1a: Seedot\n|-supereffective|p1a: Seedot\n|-crit|p1a: Seedot\n|-damage|p1a: Seedot|12\/100\n|move|p1a: Seedot|Rest|p1a: Seedot\n|-status|p1a: Seedot|slp|[from] move: Rest\n|-heal|p1a: Seedot|100\/100 slp|[silent]\n|\n|upkeep\n|turn|17\n|\n|t:|1700327199\n|cant|p1a: Seedot|slp\n|cant|p2a: Poochyena|par\n|\n|upkeep\n|turn|18\n|\n|t:|1700327206\n|-curestatus|p1a: Seedot|slp|[msg]\n|move|p1a: Seedot|Protect|p1a: Seedot\n|-singleturn|p1a: Seedot|Protect\n|move|p2a: Poochyena|Sunny Day|p2a: Poochyena\n|-weather|SunnyDay\n|\n|-weather|SunnyDay|[upkeep]\n|upkeep\n|turn|19\n|\n|t:|1700327219\n|switch|p2a: Sunkern|Sunkern, M|25\/100 par\n|switch|p1a: Slakoth|Slakoth, F|100\/100\n|\n|-weather|SunnyDay|[upkeep]\n|upkeep\n|turn|20\n|\n|t:|1700327226\n|cant|p2a: Sunkern|par\n|move|p1a: Slakoth|Hammer Arm|p2a: Sunkern\n|-damage|p2a: Sunkern|0 fnt\n|-unboost|p1a: Slakoth|spe|1\n|faint|p2a: Sunkern\n|\n|-weather|SunnyDay|[upkeep]\n|upkeep\n|\n|t:|1700327235\n|switch|p2a: Seedot|Seedot, F|100\/100\n|turn|21\n|\n|t:|1700327241\n|switch|p1a: Whismur|Whismur, F, shiny|100\/100\n|move|p2a: Seedot|Growth|p2a: Seedot\n|-boost|p2a: Seedot|atk|2\n|-boost|p2a: Seedot|spa|2\n|\n|-weather|SunnyDay|[upkeep]\n|upkeep\n|turn|22\n|\n|t:|1700327248\n|move|p2a: Seedot|Seed Bomb|p1a: Whismur\n|-damage|p1a: Whismur|0 fnt\n|faint|p1a: Whismur\n|-damage|p2a: Seedot|91\/100|[from] item: Life Orb\n|\n|-weather|none\n|upkeep\n|\n|t:|1700327251\n|switch|p1a: Seedot|Seedot, M|100\/100\n|turn|23\n|\n|t:|1700327258\n|move|p2a: Seedot|Body Slam|p1a: Seedot\n|-damage|p1a: Seedot|64\/100\n|-damage|p2a: Seedot|81\/100|[from] item: Life Orb\n|move|p1a: Seedot|Toxic|p2a: Seedot\n|-status|p2a: Seedot|tox\n|\n|-damage|p2a: Seedot|75\/100 tox|[from] psn\n|upkeep\n|turn|24\n|\n|t:|1700327266\n|move|p1a: Seedot|Protect|p1a: Seedot\n|-singleturn|p1a: Seedot|Protect\n|move|p2a: Seedot|Body Slam|p1a: Seedot\n|-activate|p1a: Seedot|move: Protect\n|\n|-damage|p2a: Seedot|63\/100 tox|[from] psn\n|upkeep\n|turn|25\n|\n|t:|1700327271\n|move|p2a: Seedot|Body Slam|p1a: Seedot\n|-damage|p1a: Seedot|26\/100\n|-status|p1a: Seedot|par\n|-damage|p2a: Seedot|53\/100 tox|[from] item: Life Orb\n|cant|p1a: Seedot|par\n|\n|-damage|p2a: Seedot|35\/100 tox|[from] psn\n|upkeep\n|turn|26\n|\n|t:|1700327278\n|move|p1a: Seedot|Protect|p1a: Seedot\n|-singleturn|p1a: Seedot|Protect\n|move|p2a: Seedot|Body Slam|p1a: Seedot\n|-activate|p1a: Seedot|move: Protect\n|\n|-damage|p2a: Seedot|12\/100 tox|[from] psn\n|upkeep\n|turn|27\n|\n|t:|1700327283\n|move|p2a: Seedot|Body Slam|p1a: Seedot\n|-damage|p1a: Seedot|0 fnt\n|faint|p1a: Seedot\n|-damage|p2a: Seedot|2\/100 tox|[from] item: Life Orb\n|\n|-damage|p2a: Seedot|0 fnt|[from] psn\n|faint|p2a: Seedot\n|upkeep\n|\n|t:|1700327291\n|switch|p2a: Cosmog|Cosmog|61\/100\n|switch|p1a: Feebas|Feebas, F, shiny|100\/100\n|turn|28\n|\n|t:|1700327297\n|move|p1a: Feebas|Hypnosis|p2a: Cosmog\n|-status|p2a: Cosmog|slp|[from] move: Hypnosis\n|cant|p2a: Cosmog|slp\n|\n|upkeep\n|turn|29\n|\n|t:|1700327301\n|move|p1a: Feebas|Brine|p2a: Cosmog\n|-damage|p2a: Cosmog|43\/100 slp\n|-curestatus|p2a: Cosmog|slp|[msg]\n|move|p2a: Cosmog|Teleport|p2a: Cosmog\n|\n|t:|1700327304\n|switch|p2a: Tynamo|Tynamo, F, shiny|100\/100|[from] Teleport\n|\n|upkeep\n|turn|30\n|\n|t:|1700327309\n|move|p1a: Feebas|Hypnosis|p2a: Tynamo|[miss]\n|-miss|p1a: Feebas|p2a: Tynamo\n|move|p2a: Tynamo|Thunder Wave|p1a: Feebas\n|-status|p1a: Feebas|par\n|\n|upkeep\n|turn|31\n|\n|t:|1700327318\n|switch|p1a: Slakoth|Slakoth, F|100\/100\n|move|p2a: Tynamo|Charge Beam|p1a: Slakoth\n|-damage|p1a: Slakoth|86\/100\n|-boost|p2a: Tynamo|spa|1\n|\n|upkeep\n|turn|32\n|\n|t:|1700327326\n|move|p2a: Tynamo|Thunder Wave|p1a: Slakoth\n|-status|p1a: Slakoth|par\n|cant|p1a: Slakoth|par\n|\n|upkeep\n|turn|33\n|\n|t:|1700327332\n|move|p2a: Tynamo|Knock Off|p1a: Slakoth\n|-damage|p1a: Slakoth|71\/100 par\n|-enditem|p1a: Slakoth|Eviolite|[from] move: Knock Off|[of] p2a: Tynamo\n|cant|p1a: Slakoth|ability: Truant\n|\n|upkeep\n|turn|34\n|\n|t:|1700327337\n|move|p2a: Tynamo|Charge Beam|p1a: Slakoth\n|-damage|p1a: Slakoth|40\/100 par\n|move|p1a: Slakoth|Slack Off|p1a: Slakoth\n|-heal|p1a: Slakoth|90\/100 par\n|\n|upkeep\n|turn|35\n|\n|t:|1700327343\n|switch|p1a: Sonic|Poochyena, F, shiny|100\/100\n|move|p2a: Tynamo|Charge Beam|p1a: Sonic\n|-damage|p1a: Sonic|51\/100\n|-boost|p2a: Tynamo|spa|1\n|\n|upkeep\n|turn|36\n|\n|t:|1700327349\n|move|p2a: Tynamo|Thunder Wave|p1a: Sonic\n|-status|p1a: Sonic|par\n|cant|p1a: Sonic|par\n|\n|upkeep\n|turn|37\n|\n|t:|1700327354\n|move|p2a: Tynamo|Charge Beam|p1a: Sonic\n|-damage|p1a: Sonic|0 fnt\n|-boost|p2a: Tynamo|spa|1\n|faint|p1a: Sonic\n|\n|upkeep\n|c|\u2606Torkonpeter|whatg is my luck\n|\n|t:|1700327360\n|switch|p1a: Feebas|Feebas, F, shiny|100\/100 par\n|turn|38\n|\n|t:|1700327363\n|move|p2a: Tynamo|Charge Beam|p1a: Feebas\n|-supereffective|p1a: Feebas\n|-damage|p1a: Feebas|0 fnt\n|faint|p1a: Feebas\n|\n|upkeep\n|\n|t:|1700327366\n|switch|p1a: Slakoth|Slakoth, F|90\/100 par\n|turn|39\n|\n|t:|1700327375\n|move|p2a: Tynamo|Charge Beam|p1a: Slakoth\n|-damage|p1a: Slakoth|36\/100 par\n|-boost|p2a: Tynamo|spa|1\n|move|p1a: Slakoth|Hammer Arm|p2a: Tynamo\n|-damage|p2a: Tynamo|64\/100\n|-unboost|p1a: Slakoth|spe|1\n|\n|upkeep\n|turn|40\n|c|\u2606Torkonpeter|that was stupid\n|\n|t:|1700327381\n|move|p2a: Tynamo|Charge Beam|p1a: Slakoth\n|-damage|p1a: Slakoth|0 fnt\n|-boost|p2a: Tynamo|spa|1\n|faint|p1a: Slakoth\n|\n|win|mushroomtester\n|c|\u2606mushroomtester|I should not have won that\n","uploadtime":1700327409,"views":15,"p1id":"torkonpeter","p2id":"mushroomtester","formatid":"gen9nationaldex","rating":0,"private":0,"password":""}