{"id":"gen9nationaldex-1996820649","p1":"The power of ROCK","p2":"prince5","format":"[Gen 9] National Dex","log":"|html|<div class=\"broadcast-blue\"><strong>[Gen 9] National Dex is currently suspecting Sneasler! For information on how to participate check out the <a href=\"https:\/\/www.smogon.com\/forums\/threads\/sv-national-dex-suspect-8-just-dance.3731534\/\">suspect thread<\/a>.<\/strong><\/div>\n|j|\u2606The power of ROCK\n|j|\u2606prince5\n|inactive|Battle timer is ON: inactive players will automatically lose when time's up.\n|t:|1700730700\n|gametype|singles\n|player|p1|The power of ROCK|roark|\n|player|p2|prince5|anabel|\n|teamsize|p1|6\n|teamsize|p2|6\n|gen|9\n|tier|[Gen 9] National Dex\n|rated|Tournament battle\n|rule|HP Percentage Mod: HP is shown in percentages\n|rule|Endless Battle Clause: Forcing endless battles is banned\n|rule|OHKO Clause: OHKO moves are banned\n|rule|Evasion Clause: Evasion abilities, items, and moves are banned\n|rule|Evasion Abilities Clause: Evasion abilities are banned\n|rule|Evasion Items Clause: Evasion items are banned\n|rule|Evasion Moves Clause: Evasion moves are banned\n|rule|Species Clause: Limit one of each Pok\u00e9mon\n|rule|Sleep Clause Mod: Limit one foe put to sleep\n|clearpoke\n|poke|p1|Tyranitar, M|\n|poke|p1|Garganacl, M|\n|poke|p1|Aggron, M|\n|poke|p1|Glimmora, F|\n|poke|p1|Aurorus, M|\n|poke|p1|Rampardos, M|\n|poke|p2|Infernape, M|\n|poke|p2|Gliscor, M|\n|poke|p2|Sceptile, M|\n|poke|p2|Snorlax, M|\n|poke|p2|Charizard, M|\n|poke|p2|Heracross, M|\n|teampreview\n|j| red fintans\n|l| red fintans\n|j| bingo bronson\n|c|\u2606The power of ROCK|Welcome to the ROCK gym\n|c|\u2606prince5|hi\n|c|\u2606prince5|my name is ash\n|c|\u2606prince5|im from pallet town\n|inactive|The power of ROCK has 120 seconds left.\n|inactive|prince5 has 120 seconds left.\n|\n|t:|1700730734\n|start\n|switch|p1a: Glimmora|Glimmora, F|100\/100\n|switch|p2a: Gliscor|Gliscor, M|100\/100\n|turn|1\n|\n|t:|1700730741\n|switch|p1a: Aurorus|Aurorus, M|100\/100\n|-weather|Snow|[from] ability: Snow Warning|[of] p1a: Aurorus\n|move|p2a: Gliscor|Earthquake|p1a: Aurorus\n|-supereffective|p1a: Aurorus\n|-damage|p1a: Aurorus|69\/100\n|\n|-weather|Snow|[upkeep]\n|-status|p2a: Gliscor|tox|[from] item: Toxic Orb\n|upkeep\n|turn|2\n|\n|t:|1700730752\n|-terastallize|p2a: Gliscor|Fairy\n|move|p2a: Gliscor|Earthquake|p1a: Aurorus\n|-supereffective|p1a: Aurorus\n|-damage|p1a: Aurorus|38\/100\n|move|p1a: Aurorus|Aurora Veil|p1a: Aurorus\n|-sidestart|p1: The power of ROCK|move: Aurora Veil\n|\n|-weather|Snow|[upkeep]\n|upkeep\n|turn|3\n|\n|t:|1700730759\n|move|p2a: Gliscor|Defog|p1a: Aurorus\n|-unboost|p1a: Aurorus|evasion|1\n|-sideend|p1: The power of ROCK|move: Aurora Veil\n|move|p1a: Aurorus|Stealth Rock|p2a: Gliscor\n|-sidestart|p2: prince5|move: Stealth Rock\n|\n|-weather|Snow|[upkeep]\n|upkeep\n|turn|4\n|j| red fintans\n|inactive|The power of ROCK has 120 seconds left.\n|\n|t:|1700730791\n|move|p2a: Gliscor|Defog|p1a: Aurorus\n|-unboost|p1a: Aurorus|evasion|1\n|-sideend|p2: prince5|Stealth Rock|[from] move: Defog|[of] p2a: Gliscor\n|move|p1a: Aurorus|Aurora Veil|p1a: Aurorus\n|-sidestart|p1: The power of ROCK|move: Aurora Veil\n|\n|-weather|Snow|[upkeep]\n|upkeep\n|turn|5\n|l| red fintans\n|\n|t:|1700730798\n|switch|p1a: Aggron|Aggron, M|100\/100\n|move|p2a: Gliscor|Earthquake|p1a: Aggron\n|-supereffective|p1a: Aggron\n|-damage|p1a: Aggron|72\/100\n|\n|-weather|none\n|upkeep\n|turn|6\n|\n|t:|1700730804\n|detailschange|p1a: Aggron|Aggron-Mega, M\n|-mega|p1a: Aggron|Aggron|Aggronite\n|move|p2a: Gliscor|Defog|p1a: Aggron\n|-unboost|p1a: Aggron|evasion|1\n|-sideend|p1: The power of ROCK|move: Aurora Veil\n|move|p1a: Aggron|Iron Defense|p1a: Aggron\n|-boost|p1a: Aggron|def|2\n|\n|upkeep\n|turn|7\n|\n|t:|1700730811\n|switch|p2a: Sceptile|Sceptile, M|100\/100\n|move|p1a: Aggron|Body Press|p2a: Sceptile\n|-enditem|p2a: Sceptile|Focus Sash\n|-damage|p2a: Sceptile|1\/100\n|\n|upkeep\n|turn|8\n|\n|t:|1700730817\n|switch|p1a: Tyranitar|Tyranitar, M|100\/100\n|-weather|Sandstorm|[from] ability: Sand Stream|[of] p1a: Tyranitar\n|move|p2a: Sceptile|Focus Blast|p1a: Tyranitar\n|-supereffective|p1a: Tyranitar\n|-damage|p1a: Tyranitar|62\/100\n|\n|-weather|Sandstorm|[upkeep]\n|-damage|p2a: Sceptile|0 fnt|[from] Sandstorm\n|faint|p2a: Sceptile\n|upkeep\n|\n|t:|1700730826\n|switch|p2a: Heracross|Heracross, M|100\/100\n|turn|9\n|\n|t:|1700730831\n|switch|p1a: Glimmora|Glimmora, F|100\/100\n|move|p2a: Heracross|Close Combat|p1a: Glimmora\n|-damage|p1a: Glimmora|31\/100\n|-unboost|p2a: Heracross|def|1\n|-unboost|p2a: Heracross|spd|1\n|-activate|p1a: Glimmora|ability: Toxic Debris\n|-sidestart|p2: prince5|move: Toxic Spikes\n|\n|-weather|Sandstorm|[upkeep]\n|-damage|p2a: Heracross|95\/100|[from] Sandstorm\n|upkeep\n|turn|10\n|\n|t:|1700730841\n|move|p1a: Glimmora|Sludge Wave|p2a: Heracross\n|-damage|p2a: Heracross|6\/100\n|move|p2a: Heracross|Close Combat|p1a: Glimmora\n|-damage|p1a: Glimmora|0 fnt\n|-unboost|p2a: Heracross|def|1\n|-unboost|p2a: Heracross|spd|1\n|-activate|p1a: Glimmora|ability: Toxic Debris\n|-sidestart|p2: prince5|move: Toxic Spikes\n|faint|p1a: Glimmora\n|-ability|p2a: Heracross|Moxie|boost\n|-boost|p2a: Heracross|atk|1\n|\n|-weather|Sandstorm|[upkeep]\n|-damage|p2a: Heracross|0 fnt|[from] Sandstorm\n|faint|p2a: Heracross\n|upkeep\n|\n|t:|1700730853\n|switch|p1a: Garganacl|Garganacl, M|100\/100\n|switch|p2a: Gliscor|Gliscor, M, tera:Fairy|100\/100 tox\n|turn|11\n|\n|t:|1700730858\n|-terastallize|p1a: Garganacl|Ghost\n|move|p2a: Gliscor|Defog|p1a: Garganacl\n|-unboost|p1a: Garganacl|evasion|1\n|-sideend|p2: prince5|Toxic Spikes|[from] move: Defog|[of] p2a: Gliscor\n|move|p1a: Garganacl|Iron Defense|p1a: Garganacl\n|-boost|p1a: Garganacl|def|2\n|\n|-weather|Sandstorm|[upkeep]\n|-damage|p2a: Gliscor|94\/100 tox|[from] Sandstorm\n|-damage|p1a: Garganacl|94\/100|[from] Sandstorm\n|-heal|p2a: Gliscor|100\/100 tox|[from] ability: Poison Heal\n|upkeep\n|turn|12\n|\n|t:|1700730869\n|switch|p2a: Infernape|Infernape, M|100\/100\n|move|p1a: Garganacl|Salt Cure|p2a: Infernape\n|-damage|p2a: Infernape|79\/100\n|-start|p2a: Infernape|Salt Cure\n|\n|-weather|none\n|-damage|p2a: Infernape|66\/100|[from] Salt Cure\n|upkeep\n|turn|13\n|\n|t:|1700730878\n|move|p2a: Infernape|Switcheroo|p1a: Garganacl\n|-activate|p2a: Infernape|move: Trick|[of] p1a: Garganacl\n|-item|p1a: Garganacl|Choice Scarf|[from] move: Switcheroo\n|-item|p2a: Infernape|Maranga Berry|[from] move: Switcheroo\n|move|p1a: Garganacl|Recover|p1a: Garganacl\n|-heal|p1a: Garganacl|100\/100\n|\n|-damage|p2a: Infernape|54\/100|[from] Salt Cure\n|upkeep\n|turn|14\n|\n|t:|1700730888\n|switch|p2a: Gliscor|Gliscor, M, tera:Fairy|100\/100 tox\n|switch|p1a: Aurorus|Aurorus, M|38\/100\n|-weather|Snow|[from] ability: Snow Warning|[of] p1a: Aurorus\n|\n|-weather|Snow|[upkeep]\n|upkeep\n|turn|15\n|\n|t:|1700730895\n|move|p2a: Gliscor|Earthquake|p1a: Aurorus\n|-supereffective|p1a: Aurorus\n|-damage|p1a: Aurorus|8\/100\n|move|p1a: Aurorus|Aurora Veil|p1a: Aurorus\n|-sidestart|p1: The power of ROCK|move: Aurora Veil\n|\n|-weather|Snow|[upkeep]\n|upkeep\n|turn|16\n|\n|t:|1700730902\n|switch|p1a: Aggron|Aggron-Mega, M|72\/100\n|move|p2a: Gliscor|Defog|p1a: Aggron\n|-unboost|p1a: Aggron|evasion|1\n|-sideend|p1: The power of ROCK|move: Aurora Veil\n|\n|-weather|Snow|[upkeep]\n|upkeep\n|turn|17\n|\n|t:|1700730908\n|switch|p2a: Infernape|Infernape, M|54\/100\n|move|p1a: Aggron|Iron Defense|p1a: Aggron\n|-boost|p1a: Aggron|def|2\n|\n|-weather|Snow|[upkeep]\n|upkeep\n|turn|18\n|\n|t:|1700730918\n|switch|p1a: Garganacl|Garganacl, M, tera:Ghost|100\/100\n|move|p2a: Infernape|Fire Blast|p1a: Garganacl\n|-damage|p1a: Garganacl|68\/100\n|\n|-weather|none\n|upkeep\n|turn|19\n|\n|t:|1700730925\n|switch|p2a: Gliscor|Gliscor, M, tera:Fairy|100\/100 tox\n|move|p1a: Garganacl|Salt Cure|p2a: Gliscor\n|-damage|p2a: Gliscor|89\/100 tox\n|-start|p2a: Gliscor|Salt Cure\n|\n|-heal|p2a: Gliscor|100\/100 tox|[from] ability: Poison Heal\n|-damage|p2a: Gliscor|88\/100 tox|[from] Salt Cure\n|upkeep\n|turn|20\n|\n|t:|1700730935\n|switch|p2a: Infernape|Infernape, M|54\/100\n|switch|p1a: Aurorus|Aurorus, M|8\/100\n|-weather|Snow|[from] ability: Snow Warning|[of] p1a: Aurorus\n|\n|-weather|Snow|[upkeep]\n|upkeep\n|turn|21\n|\n|t:|1700730943\n|move|p2a: Infernape|Vacuum Wave|p1a: Aurorus\n|-supereffective|p1a: Aurorus\n|-damage|p1a: Aurorus|0 fnt\n|faint|p1a: Aurorus\n|\n|-weather|Snow|[upkeep]\n|upkeep\n|\n|t:|1700730945\n|switch|p1a: Garganacl|Garganacl, M, tera:Ghost|68\/100\n|turn|22\n|\n|t:|1700730951\n|switch|p2a: Gliscor|Gliscor, M, tera:Fairy|88\/100 tox\n|move|p1a: Garganacl|Salt Cure|p2a: Gliscor\n|-damage|p2a: Gliscor|78\/100 tox\n|-start|p2a: Gliscor|Salt Cure\n|\n|-weather|Snow|[upkeep]\n|-heal|p2a: Gliscor|90\/100 tox|[from] ability: Poison Heal\n|-damage|p2a: Gliscor|78\/100 tox|[from] Salt Cure\n|upkeep\n|turn|23\n|\n|t:|1700730960\n|move|p2a: Gliscor|Earthquake|p1a: Garganacl\n|-damage|p1a: Garganacl|47\/100\n|move|p1a: Garganacl|Salt Cure|p2a: Gliscor\n|-damage|p2a: Gliscor|67\/100 tox\n|\n|-weather|Snow|[upkeep]\n|-heal|p2a: Gliscor|79\/100 tox|[from] ability: Poison Heal\n|-damage|p2a: Gliscor|67\/100 tox|[from] Salt Cure\n|upkeep\n|turn|24\n|\n|t:|1700730968\n|switch|p1a: Aggron|Aggron-Mega, M|72\/100\n|move|p2a: Gliscor|Earthquake|p1a: Aggron\n|-supereffective|p1a: Aggron\n|-damage|p1a: Aggron|53\/100\n|\n|-weather|none\n|-heal|p2a: Gliscor|79\/100 tox|[from] ability: Poison Heal\n|-damage|p2a: Gliscor|67\/100 tox|[from] Salt Cure\n|upkeep\n|turn|25\n|\n|t:|1700730976\n|switch|p2a: Charizard|Charizard, M|100\/100\n|move|p1a: Aggron|Body Press|p2a: Charizard\n|-resisted|p2a: Charizard\n|-crit|p2a: Charizard\n|-damage|p2a: Charizard|51\/100\n|\n|upkeep\n|turn|26\n|\n|t:|1700731002\n|detailschange|p2a: Charizard|Charizard-Mega-X, M\n|-mega|p2a: Charizard|Charizard|Charizardite X\n|move|p2a: Charizard|Fire Punch|p1a: Aggron\n|-supereffective|p1a: Aggron\n|-damage|p1a: Aggron|23\/100\n|-status|p1a: Aggron|brn\n|move|p1a: Aggron|Iron Defense|p1a: Aggron\n|-boost|p1a: Aggron|def|2\n|\n|-damage|p1a: Aggron|17\/100 brn|[from] brn\n|upkeep\n|turn|27\n|\n|t:|1700731017\n|move|p2a: Charizard|Dragon Dance|p2a: Charizard\n|-boost|p2a: Charizard|atk|1\n|-boost|p2a: Charizard|spe|1\n|move|p1a: Aggron|Rest|p1a: Aggron\n|-status|p1a: Aggron|slp|[from] move: Rest\n|-heal|p1a: Aggron|100\/100 slp|[silent]\n|\n|upkeep\n|turn|28\n|\n|t:|1700731024\n|switch|p2a: Infernape|Infernape, M|54\/100\n|cant|p1a: Aggron|slp\n|move|p1a: Aggron|Sleep Talk|p1a: Aggron\n|move|p1a: Aggron|Iron Defense|p1a: Aggron|[from]move: Sleep Talk\n|-boost|p1a: Aggron|def|2\n|\n|upkeep\n|turn|29\n|\n|t:|1700731031\n|switch|p1a: Tyranitar|Tyranitar, M|62\/100\n|-weather|Sandstorm|[from] ability: Sand Stream|[of] p1a: Tyranitar\n|move|p2a: Infernape|Fire Blast|p1a: Tyranitar\n|-resisted|p1a: Tyranitar\n|-crit|p1a: Tyranitar\n|-damage|p1a: Tyranitar|51\/100\n|-status|p1a: Tyranitar|brn\n|\n|-weather|Sandstorm|[upkeep]\n|-damage|p2a: Infernape|48\/100|[from] Sandstorm\n|-damage|p1a: Tyranitar|45\/100 brn|[from] brn\n|upkeep\n|turn|30\n|\n|t:|1700731046\n|move|p2a: Infernape|Close Combat|p1a: Tyranitar\n|-supereffective|p1a: Tyranitar\n|-damage|p1a: Tyranitar|0 fnt\n|-unboost|p2a: Infernape|def|1\n|-unboost|p2a: Infernape|spd|1\n|faint|p1a: Tyranitar\n|\n|-weather|Sandstorm|[upkeep]\n|-damage|p2a: Infernape|42\/100|[from] Sandstorm\n|upkeep\n|\n|t:|1700731057\n|switch|p1a: Garganacl|Garganacl, M, tera:Ghost|47\/100\n|turn|31\n|\n|t:|1700731066\n|switch|p2a: Gliscor|Gliscor, M, tera:Fairy|67\/100 tox\n|move|p1a: Garganacl|Salt Cure|p2a: Gliscor\n|-crit|p2a: Gliscor\n|-damage|p2a: Gliscor|50\/100 tox\n|-start|p2a: Gliscor|Salt Cure\n|\n|-weather|Sandstorm|[upkeep]\n|-damage|p2a: Gliscor|44\/100 tox|[from] Sandstorm\n|-damage|p1a: Garganacl|40\/100|[from] Sandstorm\n|-heal|p2a: Gliscor|57\/100 tox|[from] ability: Poison Heal\n|-damage|p2a: Gliscor|44\/100 tox|[from] Salt Cure\n|upkeep\n|turn|32\n|\n|t:|1700731079\n|move|p2a: Gliscor|Earthquake|p1a: Garganacl\n|-damage|p1a: Garganacl|19\/100\n|move|p1a: Garganacl|Salt Cure|p2a: Gliscor\n|-damage|p2a: Gliscor|33\/100 tox\n|\n|-weather|Sandstorm|[upkeep]\n|-damage|p2a: Gliscor|27\/100 tox|[from] Sandstorm\n|-damage|p1a: Garganacl|12\/100|[from] Sandstorm\n|-heal|p2a: Gliscor|39\/100 tox|[from] ability: Poison Heal\n|-damage|p2a: Gliscor|27\/100 tox|[from] Salt Cure\n|upkeep\n|turn|33\n|\n|t:|1700731089\n|move|p2a: Gliscor|Earthquake|p1a: Garganacl\n|-damage|p1a: Garganacl|0 fnt\n|faint|p1a: Garganacl\n|\n|-weather|none\n|-heal|p2a: Gliscor|39\/100 tox|[from] ability: Poison Heal\n|-damage|p2a: Gliscor|27\/100 tox|[from] Salt Cure\n|upkeep\n|\n|t:|1700731092\n|switch|p1a: Aggron|Aggron-Mega, M|100\/100 slp\n|turn|34\n|\n|t:|1700731098\n|switch|p2a: Charizard|Charizard-Mega-X, M|51\/100\n|cant|p1a: Aggron|slp\n|move|p1a: Aggron|Sleep Talk|p1a: Aggron\n|move|p1a: Aggron|Rest||[from]move: Sleep Talk|[still]\n|-fail|p1a: Aggron\n|\n|upkeep\n|turn|35\n|\n|t:|1700731105\n|move|p2a: Charizard|Fire Punch|p1a: Aggron\n|-supereffective|p1a: Aggron\n|-damage|p1a: Aggron|70\/100 slp\n|-curestatus|p1a: Aggron|slp|[msg]\n|move|p1a: Aggron|Iron Defense|p1a: Aggron\n|-boost|p1a: Aggron|def|2\n|\n|upkeep\n|turn|36\n|\n|t:|1700731111\n|move|p2a: Charizard|Fire Punch|p1a: Aggron\n|-supereffective|p1a: Aggron\n|-damage|p1a: Aggron|54\/100\n|move|p1a: Aggron|Body Press|p2a: Charizard\n|-damage|p2a: Charizard|0 fnt\n|faint|p2a: Charizard\n|\n|upkeep\n|\n|t:|1700731118\n|switch|p2a: Infernape|Infernape, M|42\/100\n|turn|37\n|\n|t:|1700731121\n|move|p2a: Infernape|Fire Blast|p1a: Aggron\n|-supereffective|p1a: Aggron\n|-damage|p1a: Aggron|0 fnt\n|faint|p1a: Aggron\n|\n|upkeep\n|\n|t:|1700731123\n|switch|p1a: Rampardos|Rampardos, M|100\/100\n|-ability|p1a: Rampardos|Mold Breaker\n|turn|38\n|c|\u2606The power of ROCK|gg\n|-message|The power of ROCK forfeited.\n|\n|win|prince5\n|n|\u2606The power of ROCK|thepowerofrock\n|n|\u2606prince5|prince5\n|n| bingo bronson|bingobronson\n|l| bingo bronson\n|c|\u2606prince5|gg\n|c|\u2606The power of ROCK|i didn't know it gets switcheroo\n|c|\u2606The power of ROCK|gg lol\n|l|\u2606The power of ROCK\n|j|\u2606The power of ROCK\n|player|p1|The power of ROCK|roark\n","uploadtime":1700731157,"views":2,"p1id":"thepowerofrock","p2id":"prince5","formatid":"gen9nationaldex","rating":0,"private":0,"password":""}