{"id":"gen9nationaldex-1996057639","p1":"liuyulol","p2":"daybreak wave3","format":"[Gen 9] National Dex","log":"|html|<div class=\"broadcast-blue\"><strong>[Gen 9] National Dex is currently suspecting Sneasler! For information on how to participate check out the <a href=\"https:\/\/www.smogon.com\/forums\/threads\/sv-national-dex-suspect-8-just-dance.3731534\/\">suspect thread<\/a>.<\/strong><\/div>\n|j|\u2606liuyulol\n|j|\u2606daybreak wave3\n|t:|1700636889\n|gametype|singles\n|player|p1|liuyulol|iono|1539\n|player|p2|daybreak wave3|lillie-masters2|1492\n|teamsize|p1|6\n|teamsize|p2|6\n|gen|9\n|tier|[Gen 9] National Dex\n|rated|\n|rule|HP Percentage Mod: HP is shown in percentages\n|rule|Endless Battle Clause: Forcing endless battles is banned\n|rule|OHKO Clause: OHKO moves are banned\n|rule|Evasion Clause: Evasion abilities, items, and moves are banned\n|rule|Evasion Abilities Clause: Evasion abilities are banned\n|rule|Evasion Items Clause: Evasion items are banned\n|rule|Evasion Moves Clause: Evasion moves are banned\n|rule|Species Clause: Limit one of each Pok\u00e9mon\n|rule|Sleep Clause Mod: Limit one foe put to sleep\n|clearpoke\n|poke|p1|Swellow, F|\n|poke|p1|Kommo-o, F|\n|poke|p1|Heatran, M|\n|poke|p1|Landorus-Therian, M|\n|poke|p1|Zapdos|\n|poke|p1|Banette, F|\n|poke|p2|Aegislash, M|\n|poke|p2|Ogerpon-Wellspring, F|\n|poke|p2|Moltres|\n|poke|p2|Clodsire, F|\n|poke|p2|Tapu Koko|\n|poke|p2|Garganacl, F|\n|teampreview\n|inactive|Battle timer is ON: inactive players will automatically lose when time's up. (requested by liuyulol)\n|\n|t:|1700636904\n|start\n|switch|p1a: Landorus|Landorus-Therian, M|100\/100\n|switch|p2a: Tapu Koko|Tapu Koko|100\/100\n|-fieldstart|move: Electric Terrain|[from] ability: Electric Surge|[of] p2a: Tapu Koko\n|-ability|p1a: Landorus|Intimidate|boost\n|-unboost|p2a: Tapu Koko|atk|1\n|turn|1\n|\n|t:|1700636907\n|move|p2a: Tapu Koko|Hidden Power|p1a: Landorus\n|-supereffective|p1a: Landorus\n|-damage|p1a: Landorus|27\/100\n|move|p1a: Landorus|Stealth Rock|p2a: Tapu Koko\n|-sidestart|p2: daybreak wave3|move: Stealth Rock\n|\n|-heal|p1a: Landorus|33\/100|[from] item: Leftovers\n|upkeep\n|turn|2\n|\n|t:|1700636917\n|switch|p2a: \u70c8\u7bad\u9e70|Moltres|100\/100\n|move|p1a: Landorus|Earthquake|p2a: \u70c8\u7bad\u9e70\n|-immune|p2a: \u70c8\u7bad\u9e70\n|\n|-heal|p1a: Landorus|39\/100|[from] item: Leftovers\n|upkeep\n|turn|3\n|\n|t:|1700636942\n|switch|p1a: Heatran|Heatran, M|100\/100\n|move|p2a: \u70c8\u7bad\u9e70|Defog|p1a: Heatran\n|-unboost|p1a: Heatran|evasion|1\n|-sideend|p2: daybreak wave3|Stealth Rock|[from] move: Defog|[of] p2a: \u70c8\u7bad\u9e70\n|-fieldend|move: Electric Terrain\n|\n|upkeep\n|turn|4\n|\n|t:|1700636951\n|move|p2a: \u70c8\u7bad\u9e70|U-turn|p1a: Heatran\n|-resisted|p1a: Heatran\n|-damage|p1a: Heatran|97\/100\n|\n|t:|1700636959\n|switch|p2a: \u571f~\u2191\u738b|Clodsire, F|100\/100|[from] U-turn\n|move|p1a: Heatran|Magma Storm|p2a: \u571f~\u2191\u738b|[miss]\n|-miss|p1a: Heatran|p2a: \u571f~\u2191\u738b\n|\n|-heal|p1a: Heatran|100\/100|[from] item: Leftovers\n|upkeep\n|turn|5\n|\n|t:|1700636971\n|switch|p1a: Landorus|Landorus-Therian, M|39\/100\n|-ability|p1a: Landorus|Intimidate|boost\n|-unboost|p2a: \u571f~\u2191\u738b|atk|1\n|move|p2a: \u571f~\u2191\u738b|Spikes|p1a: Landorus\n|-sidestart|p1: liuyulol|Spikes\n|\n|-heal|p1a: Landorus|45\/100|[from] item: Leftovers\n|upkeep\n|turn|6\n|\n|t:|1700636996\n|switch|p2a: Tapu Koko|Tapu Koko|100\/100\n|-fieldstart|move: Electric Terrain|[from] ability: Electric Surge|[of] p2a: Tapu Koko\n|move|p1a: Landorus|Earthquake|p2a: Tapu Koko\n|-supereffective|p2a: Tapu Koko\n|-damage|p2a: Tapu Koko|0 fnt\n|faint|p2a: Tapu Koko\n|\n|-heal|p1a: Landorus|51\/100|[from] item: Leftovers\n|upkeep\n|\n|t:|1700637004\n|switch|p2a: Ogerpon|Ogerpon-Wellspring, F|100\/100\n|turn|7\n|\n|t:|1700637013\n|switch|p1a: Zapdos|Zapdos|100\/100\n|move|p2a: Ogerpon|Ivy Cudgel|p1a: Zapdos|[anim] Ivy Cudgel Water\n|-damage|p1a: Zapdos|56\/100\n|\n|upkeep\n|turn|8\n|\n|t:|1700637020\n|move|p2a: Ogerpon|Swords Dance|p2a: Ogerpon\n|-boost|p2a: Ogerpon|atk|2\n|move|p1a: Zapdos|Discharge|p2a: Ogerpon\n|-damage|p2a: Ogerpon|61\/100\n|-status|p2a: Ogerpon|par\n|\n|upkeep\n|turn|9\n|\n|t:|1700637028\n|move|p1a: Zapdos|Roost|p1a: Zapdos\n|-heal|p1a: Zapdos|100\/100\n|-singleturn|p1a: Zapdos|move: Roost\n|move|p2a: Ogerpon|Ivy Cudgel|p1a: Zapdos|[anim] Ivy Cudgel Water\n|-damage|p1a: Zapdos|9\/100\n|\n|upkeep\n|turn|10\n|\n|t:|1700637036\n|move|p1a: Zapdos|Hurricane|p2a: Ogerpon\n|-supereffective|p2a: Ogerpon\n|-damage|p2a: Ogerpon|0 fnt\n|faint|p2a: Ogerpon\n|\n|-fieldend|move: Electric Terrain\n|upkeep\n|\n|t:|1700637048\n|switch|p2a: \u585e\u8c6a\u5bcc|Aegislash, M, shiny|100\/100\n|turn|11\n|\n|t:|1700637052\n|switch|p1a: Landorus|Landorus-Therian, M|51\/100\n|-ability|p1a: Landorus|Intimidate|boost\n|-unboost|p2a: \u585e\u8c6a\u5bcc|atk|1\n|-formechange|p2a: \u585e\u8c6a\u5bcc|Aegislash-Blade||[from] ability: Stance Change\n|move|p2a: \u585e\u8c6a\u5bcc|Shadow Sneak|p1a: Landorus\n|-damage|p1a: Landorus|39\/100\n|\n|-heal|p1a: Landorus|45\/100|[from] item: Leftovers\n|upkeep\n|turn|12\n|\n|t:|1700637064\n|switch|p2a: \u70c8\u7bad\u9e70|Moltres|100\/100\n|move|p1a: Landorus|Stealth Rock|p2a: \u70c8\u7bad\u9e70\n|-sidestart|p2: daybreak wave3|move: Stealth Rock\n|\n|-heal|p1a: Landorus|51\/100|[from] item: Leftovers\n|upkeep\n|turn|13\n|\n|t:|1700637071\n|switch|p1a: Zapdos|Zapdos|9\/100\n|move|p2a: \u70c8\u7bad\u9e70|Flamethrower|p1a: Zapdos\n|-damage|p1a: Zapdos|0 fnt\n|faint|p1a: Zapdos\n|\n|upkeep\n|\n|t:|1700637076\n|switch|p1a: Heatran|Heatran, M|100\/100\n|-damage|p1a: Heatran|88\/100|[from] Spikes\n|turn|14\n|\n|t:|1700637089\n|move|p2a: \u70c8\u7bad\u9e70|Defog|p1a: Heatran\n|-unboost|p1a: Heatran|evasion|1\n|-sideend|p1: liuyulol|Spikes|[from] move: Defog|[of] p2a: \u70c8\u7bad\u9e70\n|-sideend|p2: daybreak wave3|Stealth Rock|[from] move: Defog|[of] p2a: \u70c8\u7bad\u9e70\n|move|p1a: Heatran|Magma Storm|p2a: \u70c8\u7bad\u9e70\n|-resisted|p2a: \u70c8\u7bad\u9e70\n|-damage|p2a: \u70c8\u7bad\u9e70|75\/100\n|-activate|p2a: \u70c8\u7bad\u9e70|move: Magma Storm|[of] p1a: Heatran\n|\n|-heal|p1a: Heatran|94\/100|[from] item: Leftovers\n|-damage|p2a: \u70c8\u7bad\u9e70|62\/100|[from] move: Magma Storm|[partiallytrapped]\n|upkeep\n|turn|15\n|\n|t:|1700637102\n|move|p2a: \u70c8\u7bad\u9e70|Roost|p2a: \u70c8\u7bad\u9e70\n|-heal|p2a: \u70c8\u7bad\u9e70|100\/100\n|-singleturn|p2a: \u70c8\u7bad\u9e70|move: Roost\n|move|p1a: Heatran|Earth Power|p2a: \u70c8\u7bad\u9e70\n|-supereffective|p2a: \u70c8\u7bad\u9e70\n|-damage|p2a: \u70c8\u7bad\u9e70|33\/100\n|\n|-heal|p1a: Heatran|100\/100|[from] item: Leftovers\n|-damage|p2a: \u70c8\u7bad\u9e70|20\/100|[from] move: Magma Storm|[partiallytrapped]\n|upkeep\n|turn|16\n|\n|t:|1700637110\n|move|p2a: \u70c8\u7bad\u9e70|U-turn|p1a: Heatran\n|-resisted|p1a: Heatran\n|-damage|p1a: Heatran|97\/100\n|\n|t:|1700637118\n|switch|p2a: \u571f~\u2191\u738b|Clodsire, F|100\/100|[from] U-turn\n|move|p1a: Heatran|Earth Power|p2a: \u571f~\u2191\u738b\n|-supereffective|p2a: \u571f~\u2191\u738b\n|-damage|p2a: \u571f~\u2191\u738b|67\/100\n|\n|-heal|p1a: Heatran|100\/100|[from] item: Leftovers\n|upkeep\n|turn|17\n|\n|t:|1700637127\n|switch|p1a: Landorus|Landorus-Therian, M|51\/100\n|-ability|p1a: Landorus|Intimidate|boost\n|-unboost|p2a: \u571f~\u2191\u738b|atk|1\n|move|p2a: \u571f~\u2191\u738b|Toxic|p1a: Landorus\n|-status|p1a: Landorus|tox\n|\n|-heal|p1a: Landorus|57\/100 tox|[from] item: Leftovers\n|-damage|p1a: Landorus|51\/100 tox|[from] psn\n|upkeep\n|turn|18\n|\n|t:|1700637137\n|switch|p2a: \u70c8\u7bad\u9e70|Moltres|20\/100\n|move|p1a: Landorus|U-turn|p2a: \u70c8\u7bad\u9e70\n|-resisted|p2a: \u70c8\u7bad\u9e70\n|-damage|p2a: \u70c8\u7bad\u9e70|16\/100\n|\n|t:|1700637147\n|switch|p1a: Kommo-o|Kommo-o, F|100\/100|[from] U-turn\n|\n|upkeep\n|turn|19\n|\n|t:|1700637157\n|move|p1a: Kommo-o|Boomburst|p2a: \u70c8\u7bad\u9e70\n|-damage|p2a: \u70c8\u7bad\u9e70|0 fnt\n|faint|p2a: \u70c8\u7bad\u9e70\n|\n|upkeep\n|\n|t:|1700637164\n|switch|p2a: \u585e\u8c6a\u5bcc|Aegislash, M, shiny|100\/100\n|turn|20\n|\n|t:|1700637167\n|-zpower|p1a: Kommo-o\n|move|p1a: Kommo-o|Clangorous Soulblaze|p2a: \u585e\u8c6a\u5bcc|[zeffect]\n|-resisted|p2a: \u585e\u8c6a\u5bcc\n|-damage|p2a: \u585e\u8c6a\u5bcc|68\/100\n|-boost|p1a: Kommo-o|atk|1\n|-boost|p1a: Kommo-o|def|1\n|-boost|p1a: Kommo-o|spa|1\n|-boost|p1a: Kommo-o|spd|1\n|-boost|p1a: Kommo-o|spe|1\n|-zpower|p2a: \u585e\u8c6a\u5bcc\n|-formechange|p2a: \u585e\u8c6a\u5bcc|Aegislash-Blade||[from] ability: Stance Change\n|move|p2a: \u585e\u8c6a\u5bcc|Never-Ending Nightmare|p1a: Kommo-o|[zeffect]\n|-damage|p1a: Kommo-o|33\/100\n|\n|upkeep\n|turn|21\n|\n|t:|1700637177\n|-formechange|p2a: \u585e\u8c6a\u5bcc|Aegislash||[from] ability: Stance Change\n|move|p2a: \u585e\u8c6a\u5bcc|King's Shield|p2a: \u585e\u8c6a\u5bcc\n|-singleturn|p2a: \u585e\u8c6a\u5bcc|Protect\n|move|p1a: Kommo-o|Flamethrower|p2a: \u585e\u8c6a\u5bcc\n|-activate|p2a: \u585e\u8c6a\u5bcc|move: Protect\n|\n|upkeep\n|turn|22\n|\n|t:|1700637185\n|switch|p2a: \u571f~\u2191\u738b|Clodsire, F|67\/100\n|move|p1a: Kommo-o|Flamethrower|p2a: \u571f~\u2191\u738b\n|-damage|p2a: \u571f~\u2191\u738b|54\/100\n|-status|p2a: \u571f~\u2191\u738b|brn\n|\n|-damage|p2a: \u571f~\u2191\u738b|47\/100 brn|[from] brn\n|upkeep\n|turn|23\n|\n|t:|1700637191\n|move|p1a: Kommo-o|Boomburst|p2a: \u571f~\u2191\u738b\n|-damage|p2a: \u571f~\u2191\u738b|27\/100 brn\n|move|p2a: \u571f~\u2191\u738b|Recover|p2a: \u571f~\u2191\u738b\n|-heal|p2a: \u571f~\u2191\u738b|77\/100 brn\n|\n|-damage|p2a: \u571f~\u2191\u738b|71\/100 brn|[from] brn\n|upkeep\n|turn|24\n|inactive|liuyulol has 120 seconds left.\n|\n|t:|1700637230\n|switch|p1a: Landorus|Landorus-Therian, M|51\/100 tox\n|-ability|p1a: Landorus|Intimidate|boost\n|-unboost|p2a: \u571f~\u2191\u738b|atk|1\n|move|p2a: \u571f~\u2191\u738b|Toxic|p1a: Landorus\n|-fail|p1a: Landorus|tox\n|\n|-heal|p1a: Landorus|57\/100 tox|[from] item: Leftovers\n|-damage|p1a: Landorus|51\/100 tox|[from] psn\n|-damage|p2a: \u571f~\u2191\u738b|65\/100 brn|[from] brn\n|upkeep\n|turn|25\n|inactive|liuyulol has 120 seconds left.\n|\n|t:|1700637238\n|move|p1a: Landorus|Earthquake|p2a: \u571f~\u2191\u738b\n|-supereffective|p2a: \u571f~\u2191\u738b\n|-damage|p2a: \u571f~\u2191\u738b|0 fnt\n|faint|p2a: \u571f~\u2191\u738b\n|\n|-heal|p1a: Landorus|57\/100 tox|[from] item: Leftovers\n|-damage|p1a: Landorus|45\/100 tox|[from] psn\n|upkeep\n|\n|t:|1700637243\n|switch|p2a: Garganacl|Garganacl, F|100\/100\n|turn|26\n|\n|t:|1700637249\n|move|p2a: Garganacl|Protect|p2a: Garganacl\n|-singleturn|p2a: Garganacl|Protect\n|move|p1a: Landorus|U-turn|p2a: Garganacl\n|-activate|p2a: Garganacl|move: Protect\n|\n|-heal|p1a: Landorus|51\/100 tox|[from] item: Leftovers\n|-damage|p1a: Landorus|33\/100 tox|[from] psn\n|upkeep\n|turn|27\n|\n|t:|1700637262\n|move|p1a: Landorus|U-turn|p2a: Garganacl\n|-damage|p2a: Garganacl|86\/100\n|\n|t:|1700637264\n|switch|p1a: Kommo-o|Kommo-o, F|33\/100|[from] U-turn\n|move|p2a: Garganacl|Salt Cure|p1a: Kommo-o\n|-resisted|p1a: Kommo-o\n|-damage|p1a: Kommo-o|27\/100\n|-start|p1a: Kommo-o|Salt Cure\n|\n|-heal|p2a: Garganacl|92\/100|[from] item: Leftovers\n|-damage|p1a: Kommo-o|14\/100|[from] Salt Cure\n|upkeep\n|turn|28\n|\n|t:|1700637274\n|switch|p1a: Heatran|Heatran, M|100\/100\n|move|p2a: Garganacl|Protect||[still]\n|-fail|p2a: Garganacl\n|\n|-heal|p2a: Garganacl|99\/100|[from] item: Leftovers\n|upkeep\n|turn|29\n|\n|t:|1700637281\n|-terastallize|p1a: Heatran|Grass\n|move|p1a: Heatran|Magma Storm|p2a: Garganacl\n|-resisted|p2a: Garganacl\n|-damage|p2a: Garganacl|81\/100\n|-activate|p2a: Garganacl|move: Magma Storm|[of] p1a: Heatran\n|move|p2a: Garganacl|Salt Cure|p1a: Heatran\n|-damage|p1a: Heatran|90\/100\n|-start|p1a: Heatran|Salt Cure\n|\n|-heal|p1a: Heatran|96\/100|[from] item: Leftovers\n|-heal|p2a: Garganacl|87\/100|[from] item: Leftovers\n|-damage|p1a: Heatran|83\/100|[from] Salt Cure\n|-damage|p2a: Garganacl|75\/100|[from] move: Magma Storm|[partiallytrapped]\n|upkeep\n|turn|30\n|\n|t:|1700637291\n|move|p2a: Garganacl|Protect|p2a: Garganacl\n|-singleturn|p2a: Garganacl|Protect\n|move|p1a: Heatran|Taunt|p2a: Garganacl\n|-activate|p2a: Garganacl|move: Protect\n|\n|-heal|p1a: Heatran|90\/100|[from] item: Leftovers\n|-heal|p2a: Garganacl|81\/100|[from] item: Leftovers\n|-damage|p1a: Heatran|77\/100|[from] Salt Cure\n|-damage|p2a: Garganacl|68\/100|[from] move: Magma Storm|[partiallytrapped]\n|upkeep\n|turn|31\n|\n|t:|1700637312\n|move|p1a: Heatran|Taunt|p2a: Garganacl\n|-start|p2a: Garganacl|move: Taunt\n|cant|p2a: Garganacl|move: Taunt|Stealth Rock\n|\n|-heal|p1a: Heatran|83\/100|[from] item: Leftovers\n|-heal|p2a: Garganacl|75\/100|[from] item: Leftovers\n|-damage|p1a: Heatran|71\/100|[from] Salt Cure\n|-damage|p2a: Garganacl|62\/100|[from] move: Magma Storm|[partiallytrapped]\n|upkeep\n|turn|32\n|\n|t:|1700637318\n|-terastallize|p2a: Garganacl|Ground\n|move|p1a: Heatran|Earth Power|p2a: Garganacl\n|-damage|p2a: Garganacl|39\/100\n|move|p2a: Garganacl|Salt Cure|p1a: Heatran\n|-damage|p1a: Heatran|58\/100\n|\n|-heal|p1a: Heatran|64\/100|[from] item: Leftovers\n|-heal|p2a: Garganacl|45\/100|[from] item: Leftovers\n|-damage|p1a: Heatran|52\/100|[from] Salt Cure\n|-damage|p2a: Garganacl|33\/100|[from] move: Magma Storm|[partiallytrapped]\n|upkeep\n|turn|33\n|\n|t:|1700637326\n|move|p1a: Heatran|Earth Power|p2a: Garganacl\n|-damage|p2a: Garganacl|9\/100\n|move|p2a: Garganacl|Salt Cure|p1a: Heatran\n|-damage|p1a: Heatran|40\/100\n|\n|-heal|p1a: Heatran|46\/100|[from] item: Leftovers\n|-heal|p2a: Garganacl|15\/100|[from] item: Leftovers\n|-damage|p1a: Heatran|33\/100|[from] Salt Cure\n|-end|p2a: Garganacl|Magma Storm|[partiallytrapped]\n|-end|p2a: Garganacl|move: Taunt\n|upkeep\n|turn|34\n|\n|t:|1700637332\n|move|p2a: Garganacl|Protect|p2a: Garganacl\n|-singleturn|p2a: Garganacl|Protect\n|move|p1a: Heatran|Magma Storm|p2a: Garganacl\n|-activate|p2a: Garganacl|move: Protect\n|\n|-heal|p1a: Heatran|40\/100|[from] item: Leftovers\n|-heal|p2a: Garganacl|22\/100|[from] item: Leftovers\n|-damage|p1a: Heatran|27\/100|[from] Salt Cure\n|upkeep\n|turn|35\n|\n|t:|1700637339\n|move|p1a: Heatran|Earth Power|p2a: Garganacl\n|-damage|p2a: Garganacl|1\/100\n|move|p2a: Garganacl|Recover|p2a: Garganacl\n|-heal|p2a: Garganacl|51\/100\n|\n|-heal|p1a: Heatran|33\/100|[from] item: Leftovers\n|-heal|p2a: Garganacl|57\/100|[from] item: Leftovers\n|-damage|p1a: Heatran|21\/100|[from] Salt Cure\n|upkeep\n|turn|36\n|\n|t:|1700637351\n|switch|p1a: Banette|Banette, F|100\/100\n|-item|p2a: Garganacl|Leftovers|[from] ability: Frisk|[of] p1a: Banette|[identify]\n|move|p2a: Garganacl|Protect||[still]\n|-fail|p2a: Garganacl\n|\n|-heal|p2a: Garganacl|63\/100|[from] item: Leftovers\n|upkeep\n|turn|37\n|\n|t:|1700637355\n|detailschange|p1a: Banette|Banette-Mega, F\n|-mega|p1a: Banette|Banette|Banettite\n|move|p1a: Banette|Shadow Sneak|p2a: Garganacl\n|-damage|p2a: Garganacl|54\/100\n|move|p2a: Garganacl|Recover|p2a: Garganacl\n|-heal|p2a: Garganacl|100\/100\n|\n|upkeep\n|turn|38\n|\n|t:|1700637359\n|move|p1a: Banette|Poltergeist|p2a: Garganacl\n|-activate|p2a: Garganacl|move: Poltergeist|Leftovers\n|-damage|p2a: Garganacl|76\/100\n|move|p2a: Garganacl|Salt Cure|p1a: Banette\n|-damage|p1a: Banette|78\/100\n|-start|p1a: Banette|Salt Cure\n|\n|-heal|p2a: Garganacl|82\/100|[from] item: Leftovers\n|-damage|p1a: Banette|66\/100|[from] Salt Cure\n|upkeep\n|turn|39\n|\n|t:|1700637366\n|switch|p1a: Heatran|Heatran, M, tera:Grass|21\/100\n|move|p2a: Garganacl|Stealth Rock|p1a: Heatran\n|-sidestart|p1: liuyulol|move: Stealth Rock\n|\n|-heal|p1a: Heatran|27\/100|[from] item: Leftovers\n|-heal|p2a: Garganacl|88\/100|[from] item: Leftovers\n|upkeep\n|turn|40\n|\n|t:|1700637371\n|move|p1a: Heatran|Magma Storm|p2a: Garganacl|[miss]\n|-miss|p1a: Heatran|p2a: Garganacl\n|move|p2a: Garganacl|Salt Cure|p1a: Heatran\n|-damage|p1a: Heatran|16\/100\n|-start|p1a: Heatran|Salt Cure\n|\n|-heal|p1a: Heatran|22\/100|[from] item: Leftovers\n|-heal|p2a: Garganacl|95\/100|[from] item: Leftovers\n|-damage|p1a: Heatran|9\/100|[from] Salt Cure\n|upkeep\n|turn|41\n|\n|t:|1700637374\n|move|p2a: Garganacl|Protect|p2a: Garganacl\n|-singleturn|p2a: Garganacl|Protect\n|move|p1a: Heatran|Magma Storm|p2a: Garganacl\n|-activate|p2a: Garganacl|move: Protect\n|\n|-heal|p1a: Heatran|16\/100|[from] item: Leftovers\n|-heal|p2a: Garganacl|100\/100|[from] item: Leftovers\n|-damage|p1a: Heatran|3\/100|[from] Salt Cure\n|upkeep\n|turn|42\n|\n|t:|1700637388\n|switch|p2a: \u585e\u8c6a\u5bcc|Aegislash, M, shiny|68\/100\n|move|p1a: Heatran|Taunt|p2a: \u585e\u8c6a\u5bcc\n|-start|p2a: \u585e\u8c6a\u5bcc|move: Taunt\n|\n|-heal|p1a: Heatran|9\/100|[from] item: Leftovers\n|-damage|p1a: Heatran|0 fnt|[from] Salt Cure\n|faint|p1a: Heatran\n|upkeep\n|\n|t:|1700637407\n|switch|p1a: Banette|Banette-Mega, F|66\/100\n|-damage|p1a: Banette|53\/100|[from] Stealth Rock\n|turn|43\n|\n|t:|1700637422\n|switch|p2a: Garganacl|Garganacl, F, tera:Ground|100\/100\n|move|p1a: Banette|Destiny Bond|p1a: Banette\n|-singlemove|p1a: Banette|Destiny Bond\n|\n|upkeep\n|turn|44\n|\n|t:|1700637427\n|move|p1a: Banette|Poltergeist|p2a: Garganacl\n|-activate|p2a: Garganacl|move: Poltergeist|Leftovers\n|-damage|p2a: Garganacl|76\/100\n|move|p2a: Garganacl|Salt Cure|p1a: Banette\n|-damage|p1a: Banette|30\/100\n|-start|p1a: Banette|Salt Cure\n|\n|-heal|p2a: Garganacl|82\/100|[from] item: Leftovers\n|-damage|p1a: Banette|18\/100|[from] Salt Cure\n|upkeep\n|turn|45\n|\n|t:|1700637437\n|move|p2a: Garganacl|Protect|p2a: Garganacl\n|-singleturn|p2a: Garganacl|Protect\n|move|p1a: Banette|Poltergeist|p2a: Garganacl\n|-activate|p2a: Garganacl|move: Protect\n|\n|-heal|p2a: Garganacl|88\/100|[from] item: Leftovers\n|-damage|p1a: Banette|5\/100|[from] Salt Cure\n|upkeep\n|turn|46\n|\n|t:|1700637443\n|move|p1a: Banette|Encore|p2a: Garganacl\n|-start|p2a: Garganacl|Encore\n|move|p2a: Garganacl|Protect||[still]\n|-fail|p2a: Garganacl\n|\n|-heal|p2a: Garganacl|94\/100|[from] item: Leftovers\n|-damage|p1a: Banette|0 fnt|[from] Salt Cure\n|faint|p1a: Banette\n|upkeep\n|\n|t:|1700637455\n|switch|p1a: Landorus|Landorus-Therian, M|33\/100 tox\n|-damage|p1a: Landorus|20\/100 tox|[from] Stealth Rock\n|-ability|p1a: Landorus|Intimidate|boost\n|-unboost|p2a: Garganacl|atk|1\n|turn|47\n|\n|t:|1700637463\n|switch|p2a: \u585e\u8c6a\u5bcc|Aegislash, M, shiny|68\/100\n|move|p1a: Landorus|Earthquake|p2a: \u585e\u8c6a\u5bcc\n|-supereffective|p2a: \u585e\u8c6a\u5bcc\n|-damage|p2a: \u585e\u8c6a\u5bcc|0 fnt\n|faint|p2a: \u585e\u8c6a\u5bcc\n|\n|-heal|p1a: Landorus|26\/100 tox|[from] item: Leftovers\n|-damage|p1a: Landorus|20\/100 tox|[from] psn\n|upkeep\n|\n|t:|1700637468\n|switch|p2a: Garganacl|Garganacl, F, tera:Ground|94\/100\n|turn|48\n|\n|t:|1700637472\n|move|p2a: Garganacl|Protect|p2a: Garganacl\n|-singleturn|p2a: Garganacl|Protect\n|move|p1a: Landorus|Defog|p2a: Garganacl\n|-activate|p2a: Garganacl|move: Protect\n|\n|-heal|p1a: Landorus|26\/100 tox|[from] item: Leftovers\n|-heal|p2a: Garganacl|100\/100|[from] item: Leftovers\n|-damage|p1a: Landorus|14\/100 tox|[from] psn\n|upkeep\n|turn|49\n|\n|t:|1700637482\n|move|p1a: Landorus|Defog|p2a: Garganacl\n|-unboost|p2a: Garganacl|evasion|1\n|-sideend|p1: liuyulol|Stealth Rock|[from] move: Defog|[of] p1a: Landorus\n|move|p2a: Garganacl|Stealth Rock|p1a: Landorus\n|-sidestart|p1: liuyulol|move: Stealth Rock\n|\n|-heal|p1a: Landorus|20\/100 tox|[from] item: Leftovers\n|-damage|p1a: Landorus|2\/100 tox|[from] psn\n|upkeep\n|turn|50\n|\n|t:|1700637489\n|move|p2a: Garganacl|Protect|p2a: Garganacl\n|-singleturn|p2a: Garganacl|Protect\n|move|p1a: Landorus|Defog|p2a: Garganacl\n|-activate|p2a: Garganacl|move: Protect\n|\n|-heal|p1a: Landorus|8\/100 tox|[from] item: Leftovers\n|-damage|p1a: Landorus|0 fnt|[from] psn\n|faint|p1a: Landorus\n|upkeep\n|\n|t:|1700637493\n|switch|p1a: Kommo-o|Kommo-o, F|14\/100\n|-damage|p1a: Kommo-o|8\/100|[from] Stealth Rock\n|turn|51\n|\n|t:|1700637499\n|move|p1a: Kommo-o|Clanging Scales|p2a: Garganacl\n|-damage|p2a: Garganacl|68\/100\n|-unboost|p1a: Kommo-o|def|1\n|move|p2a: Garganacl|Salt Cure|p1a: Kommo-o\n|-resisted|p1a: Kommo-o\n|-damage|p1a: Kommo-o|0 fnt\n|faint|p1a: Kommo-o\n|\n|-heal|p2a: Garganacl|74\/100|[from] item: Leftovers\n|upkeep\n|\n|t:|1700637502\n|switch|p1a: Swellow|Swellow, F|100\/100\n|-damage|p1a: Swellow|76\/100|[from] Stealth Rock\n|turn|52\n|\n|t:|1700637517\n|move|p1a: Swellow|Boomburst|p2a: Garganacl\n|-damage|p2a: Garganacl|26\/100\n|move|p2a: Garganacl|Salt Cure|p1a: Swellow\n|-supereffective|p1a: Swellow\n|-damage|p1a: Swellow|20\/100\n|-start|p1a: Swellow|Salt Cure\n|\n|-heal|p2a: Garganacl|32\/100|[from] item: Leftovers\n|-damage|p1a: Swellow|8\/100|[from] Salt Cure\n|upkeep\n|turn|53\n|\n|t:|1700637523\n|move|p2a: Garganacl|Protect|p2a: Garganacl\n|-singleturn|p2a: Garganacl|Protect\n|move|p1a: Swellow|Boomburst|p2a: Garganacl\n|-activate|p2a: Garganacl|move: Protect\n|\n|-heal|p2a: Garganacl|38\/100|[from] item: Leftovers\n|-damage|p1a: Swellow|0 fnt|[from] Salt Cure\n|faint|p1a: Swellow\n|\n|win|daybreak wave3\n|upkeep\n|raw|liuyulol's rating: 1539 &rarr; <strong>1516<\/strong><br \/>(-23 for losing)\n|raw|daybreak wave3's rating: 1492 &rarr; <strong>1515<\/strong><br \/>(+23 for winning)\n|l|\u2606liuyulol\n","uploadtime":1700637534,"views":0,"p1id":"liuyulol","p2id":"daybreakwave3","formatid":"gen9nationaldex","rating":1515,"private":0,"password":""}