{"id":"gen9nationaldex-1987890929","p1":"thagreatbuffalo","p2":"TKODATRUTH","format":"[Gen 9] National Dex","log":"|j|\u2606thagreatbuffalo\n|j|\u2606TKODATRUTH\n|t:|1699646386\n|gametype|singles\n|player|p1|thagreatbuffalo|diantha-masters2|1517\n|player|p2|TKODATRUTH|unknown|1628\n|teamsize|p1|6\n|teamsize|p2|6\n|gen|9\n|tier|[Gen 9] National Dex\n|rated|\n|rule|HP Percentage Mod: HP is shown in percentages\n|rule|Endless Battle Clause: Forcing endless battles is banned\n|rule|OHKO Clause: OHKO moves are banned\n|rule|Evasion Clause: Evasion abilities, items, and moves are banned\n|rule|Evasion Abilities Clause: Evasion abilities are banned\n|rule|Evasion Items Clause: Evasion items are banned\n|rule|Evasion Moves Clause: Evasion moves are banned\n|rule|Species Clause: Limit one of each Pok\u00e9mon\n|rule|Sleep Clause Mod: Limit one foe put to sleep\n|clearpoke\n|poke|p1|Okidogi, M|\n|poke|p1|Urshifu-*, M|\n|poke|p1|Tapu Bulu|\n|poke|p1|Sneasler, M|\n|poke|p1|Aerodactyl, F|\n|poke|p1|Dondozo, M|\n|poke|p2|Charizard, M|\n|poke|p2|Mew|\n|poke|p2|Greninja-*, M|\n|poke|p2|Zamazenta-*|\n|poke|p2|Rillaboom, M|\n|poke|p2|Ninetales-Alola, M|\n|teampreview\n|\n|t:|1699646404\n|start\n|switch|p1a: Okidogi|Okidogi, M|100\/100\n|switch|p2a: Optimus|Greninja, M|100\/100\n|turn|1\n|\n|t:|1699646415\n|-terastallize|p2a: Optimus|Water\n|move|p2a: Optimus|Work Up|p2a: Optimus\n|-boost|p2a: Optimus|atk|1\n|-boost|p2a: Optimus|spa|1\n|move|p1a: Okidogi|Close Combat|p2a: Optimus\n|-damage|p2a: Optimus|0 fnt\n|-unboost|p1a: Okidogi|def|1\n|-unboost|p1a: Okidogi|spd|1\n|faint|p2a: Optimus\n|\n|upkeep\n|\n|t:|1699646439\n|switch|p2a: Kong|Rillaboom, M, shiny|100\/100\n|-fieldstart|move: Grassy Terrain|[from] ability: Grassy Surge|[of] p2a: Kong\n|turn|2\n|\n|t:|1699646462\n|move|p2a: Kong|U-turn|p1a: Okidogi\n|-resisted|p1a: Okidogi\n|-damage|p1a: Okidogi|89\/100\n|\n|t:|1699646475\n|switch|p2a: Maximus|Zamazenta, shiny|100\/100|[from] U-turn\n|-ability|p2a: Maximus|Dauntless Shield|boost\n|-boost|p2a: Maximus|def|1\n|move|p1a: Okidogi|Ice Punch|p2a: Maximus\n|-damage|p2a: Maximus|87\/100\n|\n|-heal|p2a: Maximus|93\/100|[from] Grassy Terrain\n|-heal|p2a: Maximus|99\/100|[from] item: Leftovers\n|-heal|p1a: Okidogi|95\/100|[from] Grassy Terrain\n|upkeep\n|turn|3\n|\n|t:|1699646501\n|switch|p1a: Dondozo|Dondozo, M|100\/100\n|move|p2a: Maximus|Iron Defense|p2a: Maximus\n|-boost|p2a: Maximus|def|2\n|\n|-heal|p2a: Maximus|100\/100|[from] Grassy Terrain\n|upkeep\n|turn|4\n|\n|t:|1699646511\n|switch|p2a: Silverbolt|Ninetales-Alola, M, shiny|100\/100\n|-weather|Snow|[from] ability: Snow Warning|[of] p2a: Silverbolt\n|move|p1a: Dondozo|Curse|p1a: Dondozo\n|-unboost|p1a: Dondozo|spe|1\n|-boost|p1a: Dondozo|atk|1\n|-boost|p1a: Dondozo|def|1\n|\n|-weather|Snow|[upkeep]\n|upkeep\n|turn|5\n|\n|t:|1699646522\n|switch|p1a: Okidogi|Okidogi, M|95\/100\n|move|p2a: Silverbolt|Encore||[still]\n|-fail|p2a: Silverbolt\n|\n|-weather|Snow|[upkeep]\n|-heal|p1a: Okidogi|100\/100|[from] Grassy Terrain\n|upkeep\n|turn|6\n|\n|t:|1699646530\n|move|p2a: Silverbolt|Aurora Veil|p2a: Silverbolt\n|-sidestart|p2: TKODATRUTH|move: Aurora Veil\n|move|p1a: Okidogi|Poison Jab|p2a: Silverbolt\n|-supereffective|p2a: Silverbolt\n|-damage|p2a: Silverbolt|66\/100\n|\n|-weather|Snow|[upkeep]\n|-heal|p2a: Silverbolt|72\/100|[from] Grassy Terrain\n|-fieldend|move: Grassy Terrain\n|upkeep\n|turn|7\n|\n|t:|1699646550\n|switch|p2a: Prince|Mew, shiny|100\/100\n|move|p1a: Okidogi|Poison Jab|p2a: Prince\n|-damage|p2a: Prince|80\/100\n|-status|p2a: Prince|psn\n|-activate|p2a: Prince|ability: Synchronize\n|-immune|p1a: Okidogi\n|\n|-weather|Snow|[upkeep]\n|-damage|p2a: Prince|68\/100 psn|[from] psn\n|upkeep\n|turn|8\n|\n|t:|1699646565\n|-terastallize|p1a: Okidogi|Dark\n|move|p2a: Prince|Cosmic Power|p2a: Prince\n|-boost|p2a: Prince|def|1\n|-boost|p2a: Prince|spd|1\n|move|p1a: Okidogi|Crunch|p2a: Prince\n|-supereffective|p2a: Prince\n|-damage|p2a: Prince|41\/100 psn\n|-enditem|p2a: Prince|Weakness Policy\n|-boost|p2a: Prince|atk|2|[from] item: Weakness Policy\n|-boost|p2a: Prince|spa|2|[from] item: Weakness Policy\n|\n|-weather|none\n|-damage|p2a: Prince|29\/100 psn|[from] psn\n|upkeep\n|turn|9\n|\n|t:|1699646577\n|move|p2a: Prince|Draining Kiss|p1a: Okidogi\n|-supereffective|p1a: Okidogi\n|-damage|p1a: Okidogi|58\/100\n|-heal|p2a: Prince|62\/100 psn|[from] drain|[of] p1a: Okidogi\n|move|p1a: Okidogi|Crunch|p2a: Prince\n|-supereffective|p2a: Prince\n|-damage|p2a: Prince|36\/100 psn\n|-unboost|p2a: Prince|def|1\n|\n|-damage|p2a: Prince|24\/100 psn|[from] psn\n|upkeep\n|turn|10\n|\n|t:|1699646587\n|move|p2a: Prince|Draining Kiss|p1a: Okidogi\n|-supereffective|p1a: Okidogi\n|-damage|p1a: Okidogi|14\/100\n|-heal|p2a: Prince|59\/100 psn|[from] drain|[of] p1a: Okidogi\n|move|p1a: Okidogi|Crunch|p2a: Prince\n|-supereffective|p2a: Prince\n|-damage|p2a: Prince|18\/100 psn\n|\n|-damage|p2a: Prince|6\/100 psn|[from] psn\n|upkeep\n|turn|11\n|\n|t:|1699646596\n|switch|p1a: Dondozo|Dondozo, M|100\/100\n|move|p2a: Prince|Draining Kiss|p1a: Dondozo\n|-damage|p1a: Dondozo|84\/100\n|-heal|p2a: Prince|23\/100 psn|[from] drain|[of] p1a: Dondozo\n|\n|-damage|p2a: Prince|10\/100 psn|[from] psn\n|upkeep\n|turn|12\n|\n|t:|1699646605\n|move|p2a: Prince|Stored Power|p1a: Dondozo\n|-damage|p1a: Dondozo|32\/100\n|move|p1a: Dondozo|Wave Crash|p2a: Prince\n|-damage|p2a: Prince|0 fnt\n|faint|p2a: Prince\n|-damage|p1a: Dondozo|29\/100|[from] Recoil\n|\n|upkeep\n|j| Ghha\n|\n|t:|1699646640\n|switch|p2a: Silverbolt|Ninetales-Alola, M, shiny|72\/100\n|-weather|Snow|[from] ability: Snow Warning|[of] p2a: Silverbolt\n|turn|13\n|\n|t:|1699646651\n|move|p2a: Silverbolt|Freeze-Dry|p1a: Dondozo\n|-supereffective|p1a: Dondozo\n|-damage|p1a: Dondozo|0 fnt\n|faint|p1a: Dondozo\n|\n|-weather|Snow|[upkeep]\n|-sideend|p2: TKODATRUTH|move: Aurora Veil\n|upkeep\n|\n|t:|1699646657\n|switch|p1a: Aerodactyl|Aerodactyl, F|100\/100\n|turn|14\n|\n|t:|1699646670\n|switch|p2a: Maximus|Zamazenta, shiny|100\/100\n|detailschange|p1a: Aerodactyl|Aerodactyl-Mega, F\n|-mega|p1a: Aerodactyl|Aerodactyl|Aerodactylite\n|move|p1a: Aerodactyl|Stone Edge|p2a: Maximus\n|-resisted|p2a: Maximus\n|-damage|p2a: Maximus|78\/100\n|\n|-weather|Snow|[upkeep]\n|-heal|p2a: Maximus|84\/100|[from] item: Leftovers\n|upkeep\n|turn|15\n|\n|t:|1699646691\n|move|p1a: Aerodactyl|Dual Wingbeat|p2a: Maximus|[miss]\n|-miss|p1a: Aerodactyl|p2a: Maximus\n|move|p2a: Maximus|Heavy Slam|p1a: Aerodactyl\n|-supereffective|p1a: Aerodactyl\n|-damage|p1a: Aerodactyl|54\/100\n|\n|-weather|Snow|[upkeep]\n|-heal|p2a: Maximus|90\/100|[from] item: Leftovers\n|upkeep\n|turn|16\n|\n|t:|1699646709\n|switch|p1a: Tapu Bulu|Tapu Bulu, shiny|100\/100\n|-fieldstart|move: Grassy Terrain|[from] ability: Grassy Surge|[of] p1a: Tapu Bulu\n|move|p2a: Maximus|Heavy Slam|p1a: Tapu Bulu\n|-supereffective|p1a: Tapu Bulu\n|-damage|p1a: Tapu Bulu|53\/100\n|\n|-weather|Snow|[upkeep]\n|-heal|p2a: Maximus|97\/100|[from] Grassy Terrain\n|-heal|p2a: Maximus|100\/100|[from] item: Leftovers\n|-heal|p1a: Tapu Bulu|59\/100|[from] Grassy Terrain\n|-heal|p1a: Tapu Bulu|65\/100|[from] item: Leftovers\n|upkeep\n|turn|17\n|\n|t:|1699646731\n|move|p2a: Maximus|Iron Defense|p2a: Maximus\n|-boost|p2a: Maximus|def|2\n|move|p1a: Tapu Bulu|Horn Leech|p2a: Maximus\n|-damage|p2a: Maximus|79\/100\n|-heal|p1a: Tapu Bulu|75\/100|[from] drain|[of] p2a: Maximus\n|\n|-weather|none\n|-heal|p2a: Maximus|85\/100|[from] Grassy Terrain\n|-heal|p2a: Maximus|92\/100|[from] item: Leftovers\n|-heal|p1a: Tapu Bulu|82\/100|[from] Grassy Terrain\n|-heal|p1a: Tapu Bulu|88\/100|[from] item: Leftovers\n|upkeep\n|turn|18\n|\n|t:|1699646743\n|switch|p1a: Okidogi|Okidogi, M, tera:Dark|14\/100\n|move|p2a: Maximus|Heavy Slam|p1a: Okidogi\n|-damage|p1a: Okidogi|0 fnt\n|faint|p1a: Okidogi\n|\n|-heal|p2a: Maximus|98\/100|[from] Grassy Terrain\n|-heal|p2a: Maximus|100\/100|[from] item: Leftovers\n|upkeep\n|\n|t:|1699646748\n|switch|p1a: Urshifu|Urshifu-Rapid-Strike, M|100\/100\n|turn|19\n|\n|t:|1699646758\n|move|p1a: Urshifu|Surging Strikes|p2a: Maximus\n|-crit|p2a: Maximus\n|-damage|p2a: Maximus|83\/100\n|-crit|p2a: Maximus\n|-damage|p2a: Maximus|66\/100\n|-crit|p2a: Maximus\n|-damage|p2a: Maximus|50\/100\n|-hitcount|p2a: Maximus|3\n|move|p2a: Maximus|Body Press|p1a: Urshifu\n|-damage|p1a: Urshifu|26\/100\n|\n|-heal|p1a: Urshifu|32\/100|[from] Grassy Terrain\n|-heal|p2a: Maximus|56\/100|[from] Grassy Terrain\n|-heal|p2a: Maximus|62\/100|[from] item: Leftovers\n|upkeep\n|turn|20\n|\n|t:|1699646771\n|move|p1a: Urshifu|Surging Strikes|p2a: Maximus\n|-crit|p2a: Maximus\n|-damage|p2a: Maximus|47\/100\n|-crit|p2a: Maximus\n|-damage|p2a: Maximus|32\/100\n|-crit|p2a: Maximus\n|-damage|p2a: Maximus|16\/100\n|-hitcount|p2a: Maximus|3\n|move|p2a: Maximus|Body Press|p1a: Urshifu\n|-damage|p1a: Urshifu|0 fnt\n|faint|p1a: Urshifu\n|\n|-heal|p2a: Maximus|22\/100|[from] Grassy Terrain\n|-heal|p2a: Maximus|28\/100|[from] item: Leftovers\n|-fieldend|move: Grassy Terrain\n|upkeep\n|\n|t:|1699646778\n|switch|p1a: Aerodactyl|Aerodactyl-Mega, F|54\/100\n|turn|21\n|\n|t:|1699646788\n|move|p1a: Aerodactyl|Dual Wingbeat|p2a: Maximus|[miss]\n|-miss|p1a: Aerodactyl|p2a: Maximus\n|move|p2a: Maximus|Body Press|p1a: Aerodactyl\n|-damage|p1a: Aerodactyl|0 fnt\n|faint|p1a: Aerodactyl\n|\n|-heal|p2a: Maximus|34\/100|[from] item: Leftovers\n|upkeep\n|\n|t:|1699646798\n|switch|p1a: Tapu Bulu|Tapu Bulu, shiny|88\/100\n|-fieldstart|move: Grassy Terrain|[from] ability: Grassy Surge|[of] p1a: Tapu Bulu\n|turn|22\n|\n|t:|1699646803\n|move|p2a: Maximus|Heavy Slam|p1a: Tapu Bulu\n|-supereffective|p1a: Tapu Bulu\n|-damage|p1a: Tapu Bulu|36\/100\n|move|p1a: Tapu Bulu|Horn Leech|p2a: Maximus\n|-damage|p2a: Maximus|10\/100\n|-heal|p1a: Tapu Bulu|48\/100|[from] drain|[of] p2a: Maximus\n|\n|-heal|p2a: Maximus|16\/100|[from] Grassy Terrain\n|-heal|p2a: Maximus|23\/100|[from] item: Leftovers\n|-heal|p1a: Tapu Bulu|54\/100|[from] Grassy Terrain\n|-heal|p1a: Tapu Bulu|60\/100|[from] item: Leftovers\n|upkeep\n|turn|23\n|\n|t:|1699646815\n|move|p2a: Maximus|Heavy Slam|p1a: Tapu Bulu\n|-supereffective|p1a: Tapu Bulu\n|-crit|p1a: Tapu Bulu\n|-damage|p1a: Tapu Bulu|0 fnt\n|faint|p1a: Tapu Bulu\n|\n|-heal|p2a: Maximus|29\/100|[from] Grassy Terrain\n|-heal|p2a: Maximus|35\/100|[from] item: Leftovers\n|upkeep\n|\n|t:|1699646819\n|switch|p1a: Sneasler|Sneasler, M, shiny|100\/100\n|-enditem|p1a: Sneasler|Grassy Seed\n|-boost|p1a: Sneasler|def|1|[from] item: Grassy Seed\n|turn|24\n|l| Ghha\n|\n|t:|1699646833\n|move|p1a: Sneasler|Swords Dance|p1a: Sneasler\n|-boost|p1a: Sneasler|atk|2\n|move|p2a: Maximus|Heavy Slam|p1a: Sneasler\n|-damage|p1a: Sneasler|66\/100\n|\n|-heal|p1a: Sneasler|72\/100|[from] Grassy Terrain\n|-heal|p2a: Maximus|41\/100|[from] Grassy Terrain\n|-heal|p2a: Maximus|47\/100|[from] item: Leftovers\n|upkeep\n|turn|25\n|\n|t:|1699646851\n|move|p1a: Sneasler|Acrobatics|p2a: Maximus\n|-supereffective|p2a: Maximus\n|-damage|p2a: Maximus|0 fnt\n|faint|p2a: Maximus\n|\n|-heal|p1a: Sneasler|78\/100|[from] Grassy Terrain\n|upkeep\n|\n|t:|1699646879\n|switch|p2a: Jetfire|Charizard, M, shiny|100\/100\n|turn|26\n|\n|t:|1699646888\n|detailschange|p2a: Jetfire|Charizard-Mega-X, M, shiny\n|-mega|p2a: Jetfire|Charizard|Charizardite X\n|move|p1a: Sneasler|Dire Claw|p2a: Jetfire\n|-damage|p2a: Jetfire|4\/100\n|move|p2a: Jetfire|Outrage|p1a: Sneasler\n|-crit|p1a: Sneasler\n|-damage|p1a: Sneasler|0 fnt\n|faint|p1a: Sneasler\n|\n|win|TKODATRUTH\n|raw|thagreatbuffalo's rating: 1517 &rarr; <strong>1503<\/strong><br \/>(-14 for losing)\n|raw|TKODATRUTH's rating: 1628 &rarr; <strong>1642<\/strong><br \/>(+14 for winning)\n","uploadtime":1699646899,"views":6,"p1id":"thagreatbuffalo","p2id":"tkodatruth","formatid":"gen9nationaldex","rating":1503,"private":0,"password":""}