{"id":"gen9nationaldex-1996938739","p1":"penpen233","p2":"UMR12138","format":"[Gen 9] National Dex","log":"|html|<div class=\"broadcast-blue\"><strong>[Gen 9] National Dex is currently suspecting Sneasler! For information on how to participate check out the <a href=\"https:\/\/www.smogon.com\/forums\/threads\/sv-national-dex-suspect-8-just-dance.3731534\/\">suspect thread<\/a>.<\/strong><\/div>\n|j|\u2606penpen233\n|j|\u2606UMR12138\n|t:|1700747261\n|gametype|singles\n|player|p1|penpen233|ash-kalos|1677\n|player|p2|UMR12138|lillie-z|1661\n|teamsize|p1|6\n|teamsize|p2|6\n|gen|9\n|tier|[Gen 9] National Dex\n|rated|\n|rule|HP Percentage Mod: HP is shown in percentages\n|rule|Endless Battle Clause: Forcing endless battles is banned\n|rule|OHKO Clause: OHKO moves are banned\n|rule|Evasion Clause: Evasion abilities, items, and moves are banned\n|rule|Evasion Abilities Clause: Evasion abilities are banned\n|rule|Evasion Items Clause: Evasion items are banned\n|rule|Evasion Moves Clause: Evasion moves are banned\n|rule|Species Clause: Limit one of each Pok\u00e9mon\n|rule|Sleep Clause Mod: Limit one foe put to sleep\n|clearpoke\n|poke|p1|Sneasler, M|\n|poke|p1|Serperior, F|\n|poke|p1|Galvantula, F|\n|poke|p1|Charizard, F|\n|poke|p1|Iron Treads|\n|poke|p1|Tapu Lele|\n|poke|p2|Vulpix-Alola, F|\n|poke|p2|Shaymin|\n|poke|p2|Jirachi|\n|poke|p2|Victini|\n|poke|p2|Diancie|\n|poke|p2|Mew|\n|teampreview\n|inactive|Battle timer is ON: inactive players will automatically lose when time's up. (requested by penpen233)\n|\n|t:|1700747268\n|start\n|switch|p1a: \u6492\u4e2a\u7f51|Galvantula, F|100\/100\n|switch|p2a: \u521b\u9020\u80dc\u5229|Victini|100\/100\n|turn|1\n|\n|t:|1700747286\n|move|p2a: \u521b\u9020\u80dc\u5229|U-turn|p1a: \u6492\u4e2a\u7f51\n|-damage|p1a: \u6492\u4e2a\u7f51|69\/100\n|\n|t:|1700747288\n|switch|p2a: \u77ff\u56fd\u7684\u516c\u4e3b|Diancie|100\/100|[from] U-turn\n|move|p1a: \u6492\u4e2a\u7f51|Thunder Wave|p2a: \u77ff\u56fd\u7684\u516c\u4e3b\n|-status|p2a: \u77ff\u56fd\u7684\u516c\u4e3b|par\n|\n|upkeep\n|turn|2\n|c|\u2606penpen233|\u5e7b\u517d\u54e5\u597d\n|c|\u2606UMR12138|\u665a\u4e0a\u597d\n|\n|t:|1700747311\n|detailschange|p2a: \u77ff\u56fd\u7684\u516c\u4e3b|Diancie-Mega\n|-mega|p2a: \u77ff\u56fd\u7684\u516c\u4e3b|Diancie|Diancite\n|move|p1a: \u6492\u4e2a\u7f51|Energy Ball|p2a: \u77ff\u56fd\u7684\u516c\u4e3b\n|-supereffective|p2a: \u77ff\u56fd\u7684\u516c\u4e3b\n|-damage|p2a: \u77ff\u56fd\u7684\u516c\u4e3b|22\/100 par\n|cant|p2a: \u77ff\u56fd\u7684\u516c\u4e3b|par\n|\n|upkeep\n|turn|3\n|\n|t:|1700747327\n|switch|p2a: \u521b\u9020\u80dc\u5229|Victini|100\/100\n|move|p1a: \u6492\u4e2a\u7f51|Thunder|p2a: \u521b\u9020\u80dc\u5229\n|-damage|p2a: \u521b\u9020\u80dc\u5229|62\/100\n|\n|upkeep\n|turn|4\n|inactive|penpen233 has 120 seconds left.\n|\n|t:|1700747348\n|move|p2a: \u521b\u9020\u80dc\u5229|U-turn|p1a: \u6492\u4e2a\u7f51\n|-crit|p1a: \u6492\u4e2a\u7f51\n|-damage|p1a: \u6492\u4e2a\u7f51|23\/100\n|\n|t:|1700747352\n|switch|p2a: \u77ff\u56fd\u7684\u516c\u4e3b|Diancie-Mega|22\/100 par|[from] U-turn\n|move|p1a: \u6492\u4e2a\u7f51|Sticky Web|p2a: \u77ff\u56fd\u7684\u516c\u4e3b\n|move|p2a: \u77ff\u56fd\u7684\u516c\u4e3b|Sticky Web|p1a: \u6492\u4e2a\u7f51|[from]ability: Magic Bounce\n|-sidestart|p1: penpen233|move: Sticky Web\n|\n|upkeep\n|turn|5\n|inactive|penpen233 has 120 seconds left.\n|\n|t:|1700747363\n|move|p1a: \u6492\u4e2a\u7f51|Thunder|p2a: \u77ff\u56fd\u7684\u516c\u4e3b\n|-damage|p2a: \u77ff\u56fd\u7684\u516c\u4e3b|0 fnt\n|faint|p2a: \u77ff\u56fd\u7684\u516c\u4e3b\n|\n|upkeep\n|\n|t:|1700747369\n|switch|p2a: \u521b\u9020\u80dc\u5229|Victini|62\/100\n|turn|6\n|\n|t:|1700747374\n|move|p2a: \u521b\u9020\u80dc\u5229|U-turn|p1a: \u6492\u4e2a\u7f51\n|-damage|p1a: \u6492\u4e2a\u7f51|0 fnt\n|faint|p1a: \u6492\u4e2a\u7f51\n|\n|t:|1700747381\n|switch|p2a: \u8d85\u840c\u7684\u9006\u88ad|Mew, shiny|100\/100|[from] U-turn\n|\n|upkeep\n|\n|t:|1700747387\n|switch|p1a: \u654c\u4e0d\u52a8\u6211\u5c31\u52a8|Serperior, F|100\/100\n|-activate|p1a: \u654c\u4e0d\u52a8\u6211\u5c31\u52a8|move: Sticky Web\n|-boost|p1a: \u654c\u4e0d\u52a8\u6211\u5c31\u52a8|spe|1\n|turn|7\n|\n|t:|1700747393\n|-terastallize|p2a: \u8d85\u840c\u7684\u9006\u88ad|Fire\n|move|p1a: \u654c\u4e0d\u52a8\u6211\u5c31\u52a8|Substitute|p1a: \u654c\u4e0d\u52a8\u6211\u5c31\u52a8\n|-start|p1a: \u654c\u4e0d\u52a8\u6211\u5c31\u52a8|Substitute\n|-damage|p1a: \u654c\u4e0d\u52a8\u6211\u5c31\u52a8|76\/100\n|move|p2a: \u8d85\u840c\u7684\u9006\u88ad|Fire Blast|p1a: \u654c\u4e0d\u52a8\u6211\u5c31\u52a8\n|-supereffective|p1a: \u654c\u4e0d\u52a8\u6211\u5c31\u52a8\n|-end|p1a: \u654c\u4e0d\u52a8\u6211\u5c31\u52a8|Substitute\n|\n|-heal|p1a: \u654c\u4e0d\u52a8\u6211\u5c31\u52a8|82\/100|[from] item: Leftovers\n|upkeep\n|turn|8\n|\n|t:|1700747407\n|-terastallize|p1a: \u654c\u4e0d\u52a8\u6211\u5c31\u52a8|Water\n|move|p1a: \u654c\u4e0d\u52a8\u6211\u5c31\u52a8|Substitute|p1a: \u654c\u4e0d\u52a8\u6211\u5c31\u52a8\n|-start|p1a: \u654c\u4e0d\u52a8\u6211\u5c31\u52a8|Substitute\n|-damage|p1a: \u654c\u4e0d\u52a8\u6211\u5c31\u52a8|57\/100\n|move|p2a: \u8d85\u840c\u7684\u9006\u88ad|Agility|p2a: \u8d85\u840c\u7684\u9006\u88ad\n|-boost|p2a: \u8d85\u840c\u7684\u9006\u88ad|spe|2\n|\n|-heal|p1a: \u654c\u4e0d\u52a8\u6211\u5c31\u52a8|63\/100|[from] item: Leftovers\n|upkeep\n|turn|9\n|c|\u2606UMR12138|\u554a\uff1f\n|\n|t:|1700747416\n|move|p1a: \u654c\u4e0d\u52a8\u6211\u5c31\u52a8|Leaf Storm|p2a: \u8d85\u840c\u7684\u9006\u88ad\n|-resisted|p2a: \u8d85\u840c\u7684\u9006\u88ad\n|-damage|p2a: \u8d85\u840c\u7684\u9006\u88ad|81\/100\n|-boost|p1a: \u654c\u4e0d\u52a8\u6211\u5c31\u52a8|spa|2\n|move|p2a: \u8d85\u840c\u7684\u9006\u88ad|Psychic|p1a: \u654c\u4e0d\u52a8\u6211\u5c31\u52a8\n|-end|p1a: \u654c\u4e0d\u52a8\u6211\u5c31\u52a8|Substitute\n|\n|-heal|p1a: \u654c\u4e0d\u52a8\u6211\u5c31\u52a8|69\/100|[from] item: Leftovers\n|upkeep\n|turn|10\n|\n|t:|1700747427\n|move|p1a: \u654c\u4e0d\u52a8\u6211\u5c31\u52a8|Hidden Power|p2a: \u8d85\u840c\u7684\u9006\u88ad\n|-supereffective|p2a: \u8d85\u840c\u7684\u9006\u88ad\n|-damage|p2a: \u8d85\u840c\u7684\u9006\u88ad|8\/100\n|move|p2a: \u8d85\u840c\u7684\u9006\u88ad|Agility|p2a: \u8d85\u840c\u7684\u9006\u88ad\n|-boost|p2a: \u8d85\u840c\u7684\u9006\u88ad|spe|2\n|\n|-heal|p1a: \u654c\u4e0d\u52a8\u6211\u5c31\u52a8|76\/100|[from] item: Leftovers\n|upkeep\n|turn|11\n|\n|t:|1700747439\n|move|p2a: \u8d85\u840c\u7684\u9006\u88ad|Meteor Beam||[still]\n|-prepare|p2a: \u8d85\u840c\u7684\u9006\u88ad|Meteor Beam\n|-boost|p2a: \u8d85\u840c\u7684\u9006\u88ad|spa|1\n|-enditem|p2a: \u8d85\u840c\u7684\u9006\u88ad|Power Herb\n|-anim|p2a: \u8d85\u840c\u7684\u9006\u88ad|Meteor Beam|p1a: \u654c\u4e0d\u52a8\u6211\u5c31\u52a8\n|-crit|p1a: \u654c\u4e0d\u52a8\u6211\u5c31\u52a8\n|-damage|p1a: \u654c\u4e0d\u52a8\u6211\u5c31\u52a8|0 fnt\n|faint|p1a: \u654c\u4e0d\u52a8\u6211\u5c31\u52a8\n|\n|upkeep\n|c|\u2606UMR12138|sorry\n|c|\u2606penpen233|\u5bc4\u4e86\n|inactive|penpen233 has 120 seconds left.\n|\n|t:|1700747467\n|switch|p1a: \u94c1\u5e9f\u7269|Iron Treads|100\/100\n|-activate|p1a: \u94c1\u5e9f\u7269|move: Sticky Web\n|-unboost|p1a: \u94c1\u5e9f\u7269|spe|1\n|turn|12\n|\n|t:|1700747472\n|move|p2a: \u8d85\u840c\u7684\u9006\u88ad|Fire Blast|p1a: \u94c1\u5e9f\u7269\n|-supereffective|p1a: \u94c1\u5e9f\u7269\n|-damage|p1a: \u94c1\u5e9f\u7269|3\/100\n|move|p1a: \u94c1\u5e9f\u7269|Rapid Spin|p2a: \u8d85\u840c\u7684\u9006\u88ad\n|-damage|p2a: \u8d85\u840c\u7684\u9006\u88ad|0 fnt\n|-boost|p1a: \u94c1\u5e9f\u7269|spe|1\n|-sideend|p1: penpen233|Sticky Web|[from] move: Rapid Spin|[of] p1a: \u94c1\u5e9f\u7269\n|faint|p2a: \u8d85\u840c\u7684\u9006\u88ad\n|\n|upkeep\n|c|\u2606penpen233|\u3002\u3002\n|\n|t:|1700747487\n|switch|p2a: \u51b0\u96ea\u7684\u5c0f\u7cbe\u7075|Vulpix-Alola, F, shiny|100\/100\n|-weather|Snow|[from] ability: Snow Warning|[of] p2a: \u51b0\u96ea\u7684\u5c0f\u7cbe\u7075\n|turn|13\n|\n|t:|1700747497\n|move|p1a: \u94c1\u5e9f\u7269|Heavy Slam|p2a: \u51b0\u96ea\u7684\u5c0f\u7cbe\u7075\n|-supereffective|p2a: \u51b0\u96ea\u7684\u5c0f\u7cbe\u7075\n|-damage|p2a: \u51b0\u96ea\u7684\u5c0f\u7cbe\u7075|36\/100\n|move|p2a: \u51b0\u96ea\u7684\u5c0f\u7cbe\u7075|Aurora Veil|p2a: \u51b0\u96ea\u7684\u5c0f\u7cbe\u7075\n|-sidestart|p2: UMR12138|move: Aurora Veil\n|\n|-weather|Snow|[upkeep]\n|upkeep\n|turn|14\n|\n|t:|1700747511\n|move|p1a: \u94c1\u5e9f\u7269|Knock Off|p2a: \u51b0\u96ea\u7684\u5c0f\u7cbe\u7075\n|-damage|p2a: \u51b0\u96ea\u7684\u5c0f\u7cbe\u7075|28\/100\n|-enditem|p2a: \u51b0\u96ea\u7684\u5c0f\u7cbe\u7075|Eviolite|[from] move: Knock Off|[of] p1a: \u94c1\u5e9f\u7269\n|move|p2a: \u51b0\u96ea\u7684\u5c0f\u7cbe\u7075|Foul Play|p1a: \u94c1\u5e9f\u7269\n|-damage|p1a: \u94c1\u5e9f\u7269|0 fnt\n|faint|p1a: \u94c1\u5e9f\u7269\n|-end|p1a: \u94c1\u5e9f\u7269|Quark Drive|[silent]\n|\n|-weather|Snow|[upkeep]\n|upkeep\n|\n|t:|1700747520\n|switch|p1a: \u56fd\u4ea7\u55b7|Charizard, F|100\/100\n|turn|15\n|\n|t:|1700747526\n|detailschange|p1a: \u56fd\u4ea7\u55b7|Charizard-Mega-X, F\n|-mega|p1a: \u56fd\u4ea7\u55b7|Charizard|Charizardite X\n|move|p1a: \u56fd\u4ea7\u55b7|Flame Charge|p2a: \u51b0\u96ea\u7684\u5c0f\u7cbe\u7075\n|-supereffective|p2a: \u51b0\u96ea\u7684\u5c0f\u7cbe\u7075\n|-damage|p2a: \u51b0\u96ea\u7684\u5c0f\u7cbe\u7075|0 fnt\n|-boost|p1a: \u56fd\u4ea7\u55b7|spe|1\n|faint|p2a: \u51b0\u96ea\u7684\u5c0f\u7cbe\u7075\n|\n|-weather|Snow|[upkeep]\n|upkeep\n|\n|t:|1700747549\n|switch|p2a: \u4e03\u591c\u7684\u8bb8\u613f\u661f|Jirachi, shiny|100\/100\n|turn|16\n|c|\u2606penpen233|\u597d\u50cf\u6709\u53cd\u8f6c\n|\n|t:|1700747556\n|move|p1a: \u56fd\u4ea7\u55b7|Flame Charge|p2a: \u4e03\u591c\u7684\u8bb8\u613f\u661f\n|-supereffective|p2a: \u4e03\u591c\u7684\u8bb8\u613f\u661f\n|-damage|p2a: \u4e03\u591c\u7684\u8bb8\u613f\u661f|76\/100\n|-boost|p1a: \u56fd\u4ea7\u55b7|spe|1\n|-enditem|p2a: \u4e03\u591c\u7684\u8bb8\u613f\u661f|Weakness Policy\n|-boost|p2a: \u4e03\u591c\u7684\u8bb8\u613f\u661f|atk|2|[from] item: Weakness Policy\n|-boost|p2a: \u4e03\u591c\u7684\u8bb8\u613f\u661f|spa|2|[from] item: Weakness Policy\n|move|p2a: \u4e03\u591c\u7684\u8bb8\u613f\u661f|Stored Power|p1a: \u56fd\u4ea7\u55b7\n|-damage|p1a: \u56fd\u4ea7\u55b7|16\/100\n|\n|-weather|Snow|[upkeep]\n|upkeep\n|turn|17\n|\n|t:|1700747579\n|move|p1a: \u56fd\u4ea7\u55b7|Flame Charge|p2a: \u4e03\u591c\u7684\u8bb8\u613f\u661f\n|-supereffective|p2a: \u4e03\u591c\u7684\u8bb8\u613f\u661f\n|-damage|p2a: \u4e03\u591c\u7684\u8bb8\u613f\u661f|52\/100\n|-boost|p1a: \u56fd\u4ea7\u55b7|spe|1\n|move|p2a: \u4e03\u591c\u7684\u8bb8\u613f\u661f|Stored Power|p1a: \u56fd\u4ea7\u55b7\n|-damage|p1a: \u56fd\u4ea7\u55b7|0 fnt\n|faint|p1a: \u56fd\u4ea7\u55b7\n|\n|-weather|none\n|-sideend|p2: UMR12138|move: Aurora Veil\n|upkeep\n|inactive|penpen233 has 120 seconds left.\n|\n|t:|1700747596\n|switch|p1a: \u6ca1\u5e26\u56f4\u5dfe|Tapu Lele|100\/100\n|-fieldstart|move: Psychic Terrain|[from] ability: Psychic Surge|[of] p1a: \u6ca1\u5e26\u56f4\u5dfe\n|turn|18\n|\n|t:|1700747601\n|move|p2a: \u4e03\u591c\u7684\u8bb8\u613f\u661f|Wish|p2a: \u4e03\u591c\u7684\u8bb8\u613f\u661f\n|move|p1a: \u6ca1\u5e26\u56f4\u5dfe|Hidden Power|p2a: \u4e03\u591c\u7684\u8bb8\u613f\u661f\n|-supereffective|p2a: \u4e03\u591c\u7684\u8bb8\u613f\u661f\n|-damage|p2a: \u4e03\u591c\u7684\u8bb8\u613f\u661f|0 fnt\n|faint|p2a: \u4e03\u591c\u7684\u8bb8\u613f\u661f\n|\n|upkeep\n|\n|t:|1700747625\n|switch|p2a: \u51b0\u7a7a\u7684\u82b1\u675f|Shaymin|100\/100\n|turn|19\n|\n|t:|1700747627\n|move|p1a: \u6ca1\u5e26\u56f4\u5dfe|Hidden Power|p2a: \u51b0\u7a7a\u7684\u82b1\u675f\n|-supereffective|p2a: \u51b0\u7a7a\u7684\u82b1\u675f\n|-damage|p2a: \u51b0\u7a7a\u7684\u82b1\u675f|40\/100\n|-zpower|p2a: \u51b0\u7a7a\u7684\u82b1\u675f\n|move|p2a: \u51b0\u7a7a\u7684\u82b1\u675f|Z-Celebrate|p2a: \u51b0\u7a7a\u7684\u82b1\u675f|[anim]Celebrate\n|-boost|p2a: \u51b0\u7a7a\u7684\u82b1\u675f|atk|1|[zeffect]\n|-boost|p2a: \u51b0\u7a7a\u7684\u82b1\u675f|def|1|[zeffect]\n|-boost|p2a: \u51b0\u7a7a\u7684\u82b1\u675f|spa|1|[zeffect]\n|-boost|p2a: \u51b0\u7a7a\u7684\u82b1\u675f|spd|1|[zeffect]\n|-boost|p2a: \u51b0\u7a7a\u7684\u82b1\u675f|spe|1|[zeffect]\n|-activate|p2a: \u51b0\u7a7a\u7684\u82b1\u675f|move: Celebrate\n|\n|-heal|p2a: \u51b0\u7a7a\u7684\u82b1\u675f|99\/100|[from] move: Wish|[wisher] \u4e03\u591c\u7684\u8bb8\u613f\u661f\n|upkeep\n|turn|20\n|\n|t:|1700747638\n|move|p2a: \u51b0\u7a7a\u7684\u82b1\u675f|Seed Flare|p1a: \u6ca1\u5e26\u56f4\u5dfe\n|-damage|p1a: \u6ca1\u5e26\u56f4\u5dfe|2\/100\n|move|p1a: \u6ca1\u5e26\u56f4\u5dfe|Hidden Power|p2a: \u51b0\u7a7a\u7684\u82b1\u675f\n|-supereffective|p2a: \u51b0\u7a7a\u7684\u82b1\u675f\n|-damage|p2a: \u51b0\u7a7a\u7684\u82b1\u675f|59\/100\n|\n|upkeep\n|turn|21\n|\n|t:|1700747650\n|move|p2a: \u51b0\u7a7a\u7684\u82b1\u675f|Celebrate|p2a: \u51b0\u7a7a\u7684\u82b1\u675f\n|-activate|p2a: \u51b0\u7a7a\u7684\u82b1\u675f|move: Celebrate\n|move|p1a: \u6ca1\u5e26\u56f4\u5dfe|Hidden Power|p2a: \u51b0\u7a7a\u7684\u82b1\u675f\n|-supereffective|p2a: \u51b0\u7a7a\u7684\u82b1\u675f\n|-damage|p2a: \u51b0\u7a7a\u7684\u82b1\u675f|17\/100\n|\n|upkeep\n|turn|22\n|\n|t:|1700747655\n|move|p2a: \u51b0\u7a7a\u7684\u82b1\u675f|Earth Power|p1a: \u6ca1\u5e26\u56f4\u5dfe\n|-damage|p1a: \u6ca1\u5e26\u56f4\u5dfe|0 fnt\n|faint|p1a: \u6ca1\u5e26\u56f4\u5dfe\n|\n|-fieldend|move: Psychic Terrain\n|upkeep\n|\n|t:|1700747662\n|switch|p1a: \u51fb\u638c\u5947\u88ad|Sneasler, M|100\/100\n|turn|23\n|c|\u2606penpen233|\u3002\u3002\n|c|\u2606penpen233|\u662f\u6211\u83dc\u4e86\n|c|\u2606UMR12138|\u7cbe\u9ad3\u5e86\u795d\n|inactive|penpen233 has 120 seconds left.\n|c|\u2606penpen233|\u786e\u5b9e\n|\n|t:|1700747701\n|move|p2a: \u51b0\u7a7a\u7684\u82b1\u675f|Earth Power|p1a: \u51fb\u638c\u5947\u88ad\n|-supereffective|p1a: \u51fb\u638c\u5947\u88ad\n|-damage|p1a: \u51fb\u638c\u5947\u88ad|0 fnt\n|faint|p1a: \u51fb\u638c\u5947\u88ad\n|\n|win|UMR12138\n|raw|penpen233's rating: 1677 &rarr; <strong>1656<\/strong><br \/>(-21 for losing)\n|raw|UMR12138's rating: 1661 &rarr; <strong>1682<\/strong><br \/>(+21 for winning)\n","uploadtime":1700747708,"views":0,"p1id":"penpen233","p2id":"umr12138","formatid":"gen9nationaldex","rating":1656,"private":0,"password":""}