{"id":"gen9nationaldex-1988575305","p1":"KillerZodiac03","p2":"AjoFC","format":"[Gen 9] National Dex","log":"|j|\u2606KillerZodiac03\n|j|\u2606AjoFC\n|t:|1699737818\n|gametype|singles\n|player|p1|KillerZodiac03|ghetsis-gen5bw|\n|player|p2|AjoFC|juggler|\n|teamsize|p1|6\n|teamsize|p2|6\n|gen|9\n|tier|[Gen 9] National Dex\n|rule|HP Percentage Mod: HP is shown in percentages\n|rule|Endless Battle Clause: Forcing endless battles is banned\n|rule|OHKO Clause: OHKO moves are banned\n|rule|Evasion Clause: Evasion abilities, items, and moves are banned\n|rule|Evasion Abilities Clause: Evasion abilities are banned\n|rule|Evasion Items Clause: Evasion items are banned\n|rule|Evasion Moves Clause: Evasion moves are banned\n|rule|Species Clause: Limit one of each Pok\u00e9mon\n|rule|Sleep Clause Mod: Limit one foe put to sleep\n|clearpoke\n|poke|p1|Charizard, M|\n|poke|p1|Metagross|\n|poke|p1|Garganacl, M|\n|poke|p1|Urshifu-*, M|\n|poke|p1|Kartana|\n|poke|p1|Grimmsnarl, M|\n|poke|p2|Maushold-Four|\n|poke|p2|Lopunny, M|\n|poke|p2|Ditto|\n|poke|p2|Porygon-Z|\n|poke|p2|Zoroark-Hisui, F|\n|poke|p2|Sinistcha-Masterpiece|\n|teampreview\n|inactive|Battle timer is ON: inactive players will automatically lose when time's up. (requested by AjoFC)\n|j| Sylveon(404)\n|l|\u2606AjoFC\n|inactive|AjoFC disconnected and has 300 seconds to reconnect!\n|player|p2|\n|j| ericmont\n|inactive|KillerZodiac03 has 270 seconds left.\n|\n|t:|1699737852\n|start\n|switch|p1a: Grimmsnarl|Grimmsnarl, M|100\/100\n|switch|p2a: Harvest|Maushold-Four|100\/100\n|turn|1\n|j|\u2606AjoFC\n|inactive|AjoFC reconnected and has 300 seconds left.\n|player|p2|AjoFC|juggler\n|\n|t:|1699737863\n|move|p1a: Grimmsnarl|Thunder Wave|p2a: Harvest\n|-status|p2a: Harvest|par\n|move|p2a: Harvest|Tidy Up|p2a: Harvest\n|-boost|p2a: Harvest|atk|1\n|-boost|p2a: Harvest|spe|1\n|\n|upkeep\n|turn|2\n|j| Sai4rr\n|\n|t:|1699737870\n|move|p1a: Grimmsnarl|Reflect|p1a: Grimmsnarl\n|-sidestart|p1: KillerZodiac03|Reflect\n|cant|p2a: Harvest|par\n|\n|upkeep\n|turn|3\n|j| WSoldat\n|\n|t:|1699737875\n|move|p1a: Grimmsnarl|Parting Shot|p2a: Harvest\n|-unboost|p2a: Harvest|atk|1\n|-unboost|p2a: Harvest|spa|1\n|\n|t:|1699737884\n|switch|p1a: Kartana|Kartana|100\/100|[from] Parting Shot\n|move|p2a: Harvest|Tidy Up|p2a: Harvest\n|-boost|p2a: Harvest|atk|1\n|-boost|p2a: Harvest|spe|1\n|\n|upkeep\n|turn|4\n|\n|t:|1699737897\n|move|p1a: Kartana|Sacred Sword|p2a: Harvest\n|-supereffective|p2a: Harvest\n|-damage|p2a: Harvest|0 fnt\n|faint|p2a: Harvest\n|-ability|p1a: Kartana|Beast Boost|boost\n|-boost|p1a: Kartana|atk|1\n|\n|upkeep\n|c| WSoldat|EN VOS CONFIO BIG CHOTAS\n|\n|t:|1699737908\n|switch|p2a: Mr Tea|Sinistcha-Masterpiece|100\/100\n|turn|5\n|\n|t:|1699737916\n|switch|p1a: Grimmsnarl|Grimmsnarl, M|100\/100\n|move|p2a: Mr Tea|Strength Sap|p1a: Grimmsnarl\n|-unboost|p1a: Grimmsnarl|atk|1\n|\n|upkeep\n|turn|6\n|\n|t:|1699737924\n|move|p1a: Grimmsnarl|Light Screen|p1a: Grimmsnarl\n|-sidestart|p1: KillerZodiac03|move: Light Screen\n|move|p2a: Mr Tea|Calm Mind|p2a: Mr Tea\n|-boost|p2a: Mr Tea|spa|1\n|-boost|p2a: Mr Tea|spd|1\n|\n|upkeep\n|turn|7\n|\n|t:|1699737929\n|move|p1a: Grimmsnarl|Thunder Wave|p2a: Mr Tea\n|-status|p2a: Mr Tea|par\n|move|p2a: Mr Tea|Calm Mind|p2a: Mr Tea\n|-boost|p2a: Mr Tea|spa|1\n|-boost|p2a: Mr Tea|spd|1\n|\n|upkeep\n|turn|8\n|\n|t:|1699737955\n|move|p1a: Grimmsnarl|Parting Shot|p2a: Mr Tea\n|-unboost|p2a: Mr Tea|atk|1\n|-unboost|p2a: Mr Tea|spa|1\n|\n|t:|1699737960\n|switch|p1a: Garganacl|Garganacl, M, shiny|100\/100|[from] Parting Shot\n|move|p2a: Mr Tea|Calm Mind|p2a: Mr Tea\n|-boost|p2a: Mr Tea|spa|1\n|-boost|p2a: Mr Tea|spd|1\n|\n|upkeep\n|turn|9\n|\n|t:|1699737967\n|-terastallize|p1a: Garganacl|Ghost\n|move|p1a: Garganacl|Salt Cure|p2a: Mr Tea\n|-damage|p2a: Mr Tea|88\/100 par\n|-start|p2a: Mr Tea|Salt Cure\n|cant|p2a: Mr Tea|par\n|\n|-damage|p2a: Mr Tea|76\/100 par|[from] Salt Cure\n|-sideend|p1: KillerZodiac03|Reflect\n|upkeep\n|turn|10\n|c| ericmont|q\n|\n|t:|1699737982\n|switch|p1a: Grimmsnarl|Grimmsnarl, M|100\/100\n|move|p2a: Mr Tea|Matcha Gotcha|p1a: Grimmsnarl\n|-damage|p1a: Grimmsnarl|68\/100\n|-heal|p2a: Mr Tea|91\/100 par|[from] drain|[of] p1a: Grimmsnarl\n|\n|-damage|p2a: Mr Tea|79\/100 par|[from] Salt Cure\n|upkeep\n|turn|11\n|\n|t:|1699737992\n|move|p1a: Grimmsnarl|Parting Shot|p2a: Mr Tea\n|-unboost|p2a: Mr Tea|atk|1\n|-unboost|p2a: Mr Tea|spa|1\n|\n|t:|1699737998\n|switch|p1a: Metagross|Metagross, shiny|100\/100|[from] Parting Shot\n|move|p2a: Mr Tea|Calm Mind|p2a: Mr Tea\n|-boost|p2a: Mr Tea|spa|1\n|-boost|p2a: Mr Tea|spd|1\n|\n|-damage|p2a: Mr Tea|66\/100 par|[from] Salt Cure\n|upkeep\n|turn|12\n|\n|t:|1699738012\n|move|p1a: Metagross|Zen Headbutt|p2a: Mr Tea\n|-damage|p2a: Mr Tea|24\/100 par\n|-damage|p1a: Metagross|84\/100|[from] item: Rocky Helmet|[of] p2a: Mr Tea\n|move|p2a: Mr Tea|Substitute|p2a: Mr Tea\n|-fail|p2a: Mr Tea|move: Substitute|[weak]\n|\n|-heal|p1a: Metagross|90\/100|[from] item: Leftovers\n|-damage|p2a: Mr Tea|12\/100 par|[from] Salt Cure\n|upkeep\n|turn|13\n|\n|t:|1699738022\n|move|p1a: Metagross|Rock Polish|p1a: Metagross\n|-boost|p1a: Metagross|spe|2\n|move|p2a: Mr Tea|Strength Sap|p1a: Metagross\n|-fail|p1a: Metagross|unboost|[from] ability: Clear Body|[of] p1a: Metagross\n|-heal|p2a: Mr Tea|100\/100 par\n|\n|-heal|p1a: Metagross|96\/100|[from] item: Leftovers\n|-damage|p2a: Mr Tea|88\/100 par|[from] Salt Cure\n|-sideend|p1: KillerZodiac03|move: Light Screen\n|upkeep\n|turn|14\n|\n|t:|1699738039\n|move|p1a: Metagross|Ice Punch|p2a: Mr Tea\n|-supereffective|p2a: Mr Tea\n|-damage|p2a: Mr Tea|35\/100 par\n|-damage|p1a: Metagross|79\/100|[from] item: Rocky Helmet|[of] p2a: Mr Tea\n|move|p2a: Mr Tea|Substitute|p2a: Mr Tea\n|-start|p2a: Mr Tea|Substitute\n|-damage|p2a: Mr Tea|11\/100 par\n|\n|-heal|p1a: Metagross|85\/100|[from] item: Leftovers\n|-damage|p2a: Mr Tea|0 fnt|[from] Salt Cure\n|faint|p2a: Mr Tea\n|upkeep\n|\n|t:|1699738052\n|switch|p2a: SOY TU XD|Ditto|100\/100\n|-transform|p2a: SOY TU XD|p1a: Metagross|[from] ability: Imposter\n|turn|15\n|\n|t:|1699738070\n|switch|p1a: Garganacl|Garganacl, M, shiny, tera:Ghost|100\/100\n|move|p2a: SOY TU XD|Meteor Mash|p1a: Garganacl\n|-damage|p1a: Garganacl|67\/100\n|-boost|p2a: SOY TU XD|atk|1\n|\n|-heal|p1a: Garganacl|73\/100|[from] item: Leftovers\n|upkeep\n|turn|16\n|\n|t:|1699738082\n|move|p2a: SOY TU XD|Meteor Mash|p1a: Garganacl\n|-damage|p1a: Garganacl|24\/100\n|move|p1a: Garganacl|Salt Cure|p2a: SOY TU XD\n|-resisted|p2a: SOY TU XD\n|-damage|p2a: SOY TU XD|94\/100\n|-start|p2a: SOY TU XD|Salt Cure\n|\n|-heal|p1a: Garganacl|30\/100|[from] item: Leftovers\n|-damage|p2a: SOY TU XD|69\/100|[from] Salt Cure\n|upkeep\n|turn|17\n|\n|t:|1699738093\n|-terastallize|p2a: SOY TU XD|Electric\n|move|p2a: SOY TU XD|Meteor Mash|p1a: Garganacl\n|-damage|p1a: Garganacl|0 fnt\n|faint|p1a: Garganacl\n|\n|-damage|p2a: SOY TU XD|57\/100|[from] Salt Cure\n|upkeep\n|c| Sai4rr|XDddd\n|\n|t:|1699738105\n|switch|p1a: Charizard|Charizard, M, shiny|100\/100\n|turn|18\n|\n|t:|1699738114\n|detailschange|p1a: Charizard|Charizard-Mega-Y, M, shiny\n|-mega|p1a: Charizard|Charizard|Charizardite Y\n|-weather|SunnyDay|[from] ability: Drought|[of] p1a: Charizard\n|move|p2a: SOY TU XD|Ice Punch|p1a: Charizard\n|-damage|p1a: Charizard|39\/100\n|move|p1a: Charizard|Flamethrower|p2a: SOY TU XD\n|-damage|p2a: SOY TU XD|0 fnt\n|faint|p2a: SOY TU XD\n|\n|-weather|SunnyDay|[upkeep]\n|upkeep\n|\n|t:|1699738125\n|switch|p2a: OwO|Lopunny, M|100\/100\n|turn|19\n|\n|t:|1699738134\n|detailschange|p2a: OwO|Lopunny-Mega, M\n|-mega|p2a: OwO|Lopunny|Lopunnite\n|move|p2a: OwO|Fake Out|p1a: Charizard\n|-damage|p1a: Charizard|8\/100\n|cant|p1a: Charizard|flinch\n|\n|-weather|SunnyDay|[upkeep]\n|upkeep\n|turn|20\n|\n|t:|1699738144\n|move|p2a: OwO|Power-Up Punch|p1a: Charizard\n|-resisted|p1a: Charizard\n|-crit|p1a: Charizard\n|-damage|p1a: Charizard|0 fnt\n|-boost|p2a: OwO|atk|1\n|faint|p1a: Charizard\n|\n|-weather|SunnyDay|[upkeep]\n|upkeep\n|\n|t:|1699738160\n|switch|p1a: Grimmsnarl|Grimmsnarl, M|68\/100\n|turn|21\n|\n|t:|1699738173\n|switch|p2a: OwO|Lopunny-Mega, M|100\/100\n|move|p1a: Grimmsnarl|Thunder Wave|p2a: OwO\n|-status|p2a: OwO|par\n|\n|-weather|SunnyDay|[upkeep]\n|upkeep\n|turn|22\n|\n|t:|1699738188\n|move|p1a: Grimmsnarl|Light Screen|p1a: Grimmsnarl\n|-sidestart|p1: KillerZodiac03|move: Light Screen\n|move|p2a: OwO|Flamethrower|p1a: Grimmsnarl\n|-damage|p1a: Grimmsnarl|47\/100\n|\n|-weather|none\n|upkeep\n|turn|23\n|\n|t:|1699738217\n|move|p1a: Grimmsnarl|Parting Shot|p2a: OwO\n|-unboost|p2a: OwO|atk|1\n|-unboost|p2a: OwO|spa|1\n|\n|t:|1699738227\n|switch|p1a: Urshifu|Urshifu-Rapid-Strike, M|100\/100|[from] Parting Shot\n|move|p2a: OwO|Nasty Plot|p2a: OwO\n|-boost|p2a: OwO|spa|2\n|\n|upkeep\n|turn|24\n|\n|t:|1699738240\n|move|p1a: Urshifu|Surging Strikes|p2a: OwO\n|-crit|p2a: OwO\n|-damage|p2a: OwO|39\/100 par\n|replace|p2a: MONDONGO|Zoroark-Hisui, F\n|-end|p2a: MONDONGO|Illusion\n|-crit|p2a: MONDONGO\n|-damage|p2a: MONDONGO|0 fnt\n|faint|p2a: MONDONGO\n|-hitcount|p2: MONDONGO|2\n|\n|upkeep\n|\n|t:|1699738249\n|switch|p2a: OwO|Lopunny-Mega, M|100\/100\n|turn|25\n|\n|t:|1699738258\n|move|p2a: OwO|Fake Out|p1a: Urshifu\n|-damage|p1a: Urshifu|79\/100\n|cant|p1a: Urshifu|flinch\n|\n|upkeep\n|turn|26\n|\n|t:|1699738267\n|move|p2a: OwO|Close Combat|p1a: Urshifu\n|-damage|p1a: Urshifu|20\/100\n|-unboost|p2a: OwO|def|1\n|-unboost|p2a: OwO|spd|1\n|move|p1a: Urshifu|Surging Strikes|p2a: OwO\n|-crit|p2a: OwO\n|-damage|p2a: OwO|46\/100\n|-crit|p2a: OwO\n|-damage|p2a: OwO|0 fnt\n|faint|p2a: OwO\n|-hitcount|p2: OwO|2\n|\n|upkeep\n|\n|t:|1699738279\n|switch|p2a: Spamton|Porygon-Z|100\/100\n|turn|27\n|\n|t:|1699738284\n|move|p1a: Urshifu|Surging Strikes|p2a: Spamton\n|-crit|p2a: Spamton\n|-damage|p2a: Spamton|60\/100\n|-crit|p2a: Spamton\n|-damage|p2a: Spamton|16\/100\n|-crit|p2a: Spamton\n|-damage|p2a: Spamton|0 fnt\n|faint|p2a: Spamton\n|-hitcount|p2: Spamton|3\n|\n|win|KillerZodiac03\n|l|\u2606AjoFC\n|c|\u2606KillerZodiac03|gg\n|l| Sylveon(404)\n|l|\u2606KillerZodiac03\n|l| Sai4rr\n","uploadtime":1699738308,"views":5,"p1id":"killerzodiac03","p2id":"ajofc","formatid":"gen9nationaldex","rating":0,"private":0,"password":""}