{"id":"gen9nationaldex-1990790312","p1":"KingoftheTitans","p2":"TheMurkrowGurl","format":"[Gen 9] National Dex","log":"|j|\u2606KingoftheTitans\n|j|\u2606TheMurkrowGurl\n|t:|1700001108\n|gametype|singles\n|player|p1|KingoftheTitans|101|1379\n|player|p2|TheMurkrowGurl|dawn|1435\n|teamsize|p1|6\n|teamsize|p2|6\n|gen|9\n|tier|[Gen 9] National Dex\n|rated|\n|rule|HP Percentage Mod: HP is shown in percentages\n|rule|Endless Battle Clause: Forcing endless battles is banned\n|rule|OHKO Clause: OHKO moves are banned\n|rule|Evasion Clause: Evasion abilities, items, and moves are banned\n|rule|Evasion Abilities Clause: Evasion abilities are banned\n|rule|Evasion Items Clause: Evasion items are banned\n|rule|Evasion Moves Clause: Evasion moves are banned\n|rule|Species Clause: Limit one of each Pok\u00e9mon\n|rule|Sleep Clause Mod: Limit one foe put to sleep\n|clearpoke\n|poke|p1|Ampharos, F|\n|poke|p1|Slurpuff, F|\n|poke|p1|Tapu Lele|\n|poke|p1|Slowbro-Galar, M|\n|poke|p1|Alomomola, F|\n|poke|p1|Enamorus, F|\n|poke|p2|Tangela, F|\n|poke|p2|Piloswine, F|\n|poke|p2|Araquanid, F|\n|poke|p2|Murkrow, F|\n|poke|p2|Nihilego|\n|poke|p2|Slowking, F|\n|teampreview\n|\n|t:|1700001118\n|start\n|switch|p1a: Enamorus|Enamorus, F|100\/100\n|switch|p2a: Bloo|Nihilego, shiny|100\/100\n|turn|1\n|\n|t:|1700001141\n|move|p1a: Enamorus|Earth Power|p2a: Bloo\n|-supereffective|p2a: Bloo\n|-damage|p2a: Bloo|44\/100\n|move|p2a: Bloo|Sludge Bomb|p1a: Enamorus\n|-supereffective|p1a: Enamorus\n|-damage|p1a: Enamorus|0 fnt\n|faint|p1a: Enamorus\n|-ability|p2a: Bloo|Beast Boost|boost\n|-boost|p2a: Bloo|spa|1\n|\n|upkeep\n|\n|t:|1700001154\n|switch|p1a: Tapu Lele|Tapu Lele|100\/100\n|-fieldstart|move: Psychic Terrain|[from] ability: Psychic Surge|[of] p1a: Tapu Lele\n|turn|2\n|\n|t:|1700001159\n|switch|p2a: Slowqueen|Slowking, F, shiny|100\/100\n|move|p1a: Tapu Lele|Focus Blast|p2a: Slowqueen\n|-resisted|p2a: Slowqueen\n|-damage|p2a: Slowqueen|83\/100\n|-unboost|p2a: Slowqueen|spd|1\n|\n|upkeep\n|turn|3\n|\n|t:|1700001172\n|switch|p1a: Slurpuff|Slurpuff, F|100\/100\n|move|p2a: Slowqueen|Scald|p1a: Slurpuff\n|-damage|p1a: Slurpuff|23\/100\n|-enditem|p1a: Slurpuff|Sitrus Berry|[eat]\n|-heal|p1a: Slurpuff|48\/100|[from] item: Sitrus Berry\n|\n|upkeep\n|turn|4\n|\n|t:|1700001181\n|move|p1a: Slurpuff|Play Rough|p2a: Slowqueen\n|-crit|p2a: Slowqueen\n|-damage|p2a: Slowqueen|27\/100\n|move|p2a: Slowqueen|Scald|p1a: Slurpuff\n|-damage|p1a: Slurpuff|0 fnt\n|faint|p1a: Slurpuff\n|\n|upkeep\n|\n|t:|1700001191\n|switch|p1a: Slowbro|Slowbro-Galar, M|100\/100\n|turn|5\n|c|\u2606TheMurkrowGurl|Crit mattered\n|c|\u2606KingoftheTitans|Lol yes\n|\n|t:|1700001205\n|switch|p2a: Charlotte|Araquanid, F, shiny|100\/100\n|move|p1a: Slowbro|Sludge Bomb|p2a: Charlotte\n|-damage|p2a: Charlotte|66\/100\n|\n|upkeep\n|turn|6\n|-activate|p1a: Slowbro|ability: Quick Draw\n|\n|t:|1700001216\n|-terastallize|p2a: Charlotte|Water\n|move|p1a: Slowbro|Expanding Force|p2a: Charlotte\n|-damage|p2a: Charlotte|0 fnt\n|faint|p2a: Charlotte\n|\n|-fieldend|move: Psychic Terrain\n|upkeep\n|\n|t:|1700001227\n|switch|p2a: Pillow|Piloswine, F, shiny|100\/100\n|turn|7\n|\n|t:|1700001235\n|switch|p2a: Noodle|Tangela, F, shiny|100\/100\n|move|p1a: Slowbro|Focus Blast|p2a: Noodle|[miss]\n|-miss|p1a: Slowbro|p2a: Noodle\n|\n|upkeep\n|turn|8\n|\n|t:|1700001244\n|switch|p2a: Slowqueen|Slowking, F, shiny|60\/100\n|move|p1a: Slowbro|Sludge Bomb|p2a: Slowqueen\n|-damage|p2a: Slowqueen|23\/100\n|\n|upkeep\n|turn|9\n|\n|t:|1700001254\n|switch|p2a: Bloo|Nihilego, shiny|44\/100\n|move|p1a: Slowbro|Scald|p2a: Bloo\n|-supereffective|p2a: Bloo\n|-damage|p2a: Bloo|19\/100\n|-status|p2a: Bloo|brn\n|\n|-damage|p2a: Bloo|13\/100 brn|[from] brn\n|upkeep\n|turn|10\n|\n|t:|1700001264\n|switch|p1a: Alomomola|Alomomola, F|100\/100\n|move|p2a: Bloo|Power Gem|p1a: Alomomola\n|-damage|p1a: Alomomola|70\/100\n|\n|-heal|p1a: Alomomola|76\/100|[from] item: Leftovers\n|-damage|p2a: Bloo|7\/100 brn|[from] brn\n|upkeep\n|turn|11\n|\n|t:|1700001272\n|move|p2a: Bloo|Thunderbolt|p1a: Alomomola\n|-supereffective|p1a: Alomomola\n|-damage|p1a: Alomomola|29\/100\n|-status|p1a: Alomomola|par\n|cant|p1a: Alomomola|par\n|\n|-heal|p1a: Alomomola|36\/100 par|[from] item: Leftovers\n|-damage|p2a: Bloo|1\/100 brn|[from] brn\n|upkeep\n|turn|12\n|\n|t:|1700001286\n|move|p1a: Alomomola|Protect|p1a: Alomomola\n|-singleturn|p1a: Alomomola|Protect\n|move|p2a: Bloo|Sludge Bomb|p1a: Alomomola\n|-activate|p1a: Alomomola|move: Protect\n|\n|-heal|p1a: Alomomola|42\/100 par|[from] item: Leftovers\n|-damage|p2a: Bloo|0 fnt|[from] brn\n|faint|p2a: Bloo\n|upkeep\n|\n|t:|1700001294\n|switch|p2a: Slowqueen|Slowking, F, shiny|56\/100\n|turn|13\n|\n|t:|1700001298\n|move|p2a: Slowqueen|Scald|p1a: Alomomola\n|-resisted|p1a: Alomomola\n|-damage|p1a: Alomomola|20\/100 par\n|move|p1a: Alomomola|Knock Off|p2a: Slowqueen\n|-supereffective|p2a: Slowqueen\n|-damage|p2a: Slowqueen|22\/100\n|-enditem|p2a: Slowqueen|Choice Specs|[from] move: Knock Off|[of] p1a: Alomomola\n|\n|-heal|p1a: Alomomola|26\/100 par|[from] item: Leftovers\n|upkeep\n|turn|14\n|c|\u2606TheMurkrowGurl|Grrrr.\n|c|\u2606KingoftheTitans|No wonder Scald did so much\n|\n|t:|1700001327\n|switch|p2a: Noodle|Tangela, F, shiny|100\/100\n|move|p1a: Alomomola|Protect||[still]\n|-fail|p1a: Alomomola\n|\n|-heal|p1a: Alomomola|32\/100 par|[from] item: Leftovers\n|upkeep\n|turn|15\n|\n|t:|1700001335\n|move|p2a: Noodle|Giga Drain|p1a: Alomomola\n|-supereffective|p1a: Alomomola\n|-damage|p1a: Alomomola|0 fnt\n|faint|p1a: Alomomola\n|\n|upkeep\n|\n|t:|1700001339\n|switch|p1a: Tapu Lele|Tapu Lele|100\/100\n|-fieldstart|move: Psychic Terrain|[from] ability: Psychic Surge|[of] p1a: Tapu Lele\n|turn|16\n|\n|t:|1700001348\n|move|p1a: Tapu Lele|Moonblast|p2a: Noodle\n|-damage|p2a: Noodle|35\/100\n|move|p2a: Noodle|Giga Drain|p1a: Tapu Lele\n|-damage|p1a: Tapu Lele|59\/100\n|-heal|p2a: Noodle|53\/100|[from] drain|[of] p1a: Tapu Lele\n|\n|upkeep\n|turn|17\n|\n|t:|1700001365\n|move|p1a: Tapu Lele|Moonblast|p2a: Noodle\n|-damage|p2a: Noodle|0 fnt\n|faint|p2a: Noodle\n|\n|upkeep\n|\n|t:|1700001371\n|switch|p2a: Slowqueen|Slowking, F, shiny|56\/100\n|turn|18\n|\n|t:|1700001378\n|switch|p1a: Ampharos|Ampharos, F, shiny|100\/100\n|move|p2a: Slowqueen|Scald|p1a: Ampharos\n|-damage|p1a: Ampharos|61\/100\n|\n|upkeep\n|turn|19\n|\n|t:|1700001389\n|detailschange|p1a: Ampharos|Ampharos-Mega, F, shiny\n|-mega|p1a: Ampharos|Ampharos|Ampharosite\n|-ability|p1a: Ampharos|Mold Breaker\n|move|p1a: Ampharos|Volt Switch|p2a: Slowqueen\n|-supereffective|p2a: Slowqueen\n|-damage|p2a: Slowqueen|0 fnt\n|faint|p2a: Slowqueen\n|\n|t:|1700001396\n|switch|p1a: Slowbro|Slowbro-Galar, M|100\/100|[from] Volt Switch\n|\n|upkeep\n|c|\u2606TheMurkrowGurl|Grrr\n|c|\u2606TheMurkrowGurl|Why did i expect focus blast\n|\n|t:|1700001406\n|switch|p2a: Pillow|Piloswine, F, shiny|100\/100\n|turn|20\n|c|\u2606KingoftheTitans|:P\n|\n|t:|1700001412\n|move|p2a: Pillow|Earthquake|p1a: Slowbro\n|-supereffective|p1a: Slowbro\n|-damage|p1a: Slowbro|7\/100\n|move|p1a: Slowbro|Focus Blast|p2a: Pillow|[miss]\n|-miss|p1a: Slowbro|p2a: Pillow\n|\n|-heal|p1a: Slowbro|13\/100|[from] item: Black Sludge\n|-fieldend|move: Psychic Terrain\n|upkeep\n|turn|21\n|c|\u2606KingoftheTitans|DAMN IT\n|-activate|p1a: Slowbro|ability: Quick Draw\n|\n|t:|1700001424\n|move|p2a: Pillow|Ice Shard|p1a: Slowbro\n|-damage|p1a: Slowbro|0 fnt\n|faint|p1a: Slowbro\n|\n|upkeep\n|c|\u2606KingoftheTitans|OH COME ON\n|\n|t:|1700001432\n|switch|p1a: Tapu Lele|Tapu Lele|59\/100\n|-fieldstart|move: Psychic Terrain|[from] ability: Psychic Surge|[of] p1a: Tapu Lele\n|turn|22\n|c|\u2606TheMurkrowGurl|My draw was quicker.\n|\n|t:|1700001451\n|move|p1a: Tapu Lele|Focus Blast|p2a: Pillow\n|-supereffective|p2a: Pillow\n|-damage|p2a: Pillow|29\/100\n|move|p2a: Pillow|Earthquake|p1a: Tapu Lele\n|-damage|p1a: Tapu Lele|0 fnt\n|faint|p1a: Tapu Lele\n|\n|upkeep\n|\n|t:|1700001457\n|switch|p1a: Ampharos|Ampharos-Mega, F, shiny|61\/100\n|-ability|p1a: Ampharos|Mold Breaker\n|turn|23\n|\n|t:|1700001463\n|move|p2a: Pillow|Earthquake|p1a: Ampharos\n|-supereffective|p1a: Ampharos\n|-damage|p1a: Ampharos|0 fnt\n|faint|p1a: Ampharos\n|\n|win|TheMurkrowGurl\n|raw|KingoftheTitans's rating: 1379 &rarr; <strong>1362<\/strong><br \/>(-17 for losing)\n|raw|TheMurkrowGurl's rating: 1435 &rarr; <strong>1452<\/strong><br \/>(+17 for winning)\n|c|\u2606KingoftheTitans|WHAT\n|c|\u2606TheMurkrowGurl|Gg\n|c|\u2606KingoftheTitans|gg\n|c|\u2606KingoftheTitans|OH COME ON\n|c|\u2606TheMurkrowGurl|Piloswine power\n|c|\u2606KingoftheTitans|D:\n|l|\u2606TheMurkrowGurl\n","uploadtime":1700001476,"views":22,"p1id":"kingofthetitans","p2id":"themurkrowgurl","formatid":"gen9nationaldex","rating":1362,"private":0,"password":""}