{"id":"gen9nationaldex-1996682565","p1":"LimeyAce","p2":"conkzilla","format":"[Gen 9] National Dex","log":"|html|<div class=\"broadcast-blue\"><strong>[Gen 9] National Dex is currently suspecting Sneasler! For information on how to participate check out the <a href=\"https:\/\/www.smogon.com\/forums\/threads\/sv-national-dex-suspect-8-just-dance.3731534\/\">suspect thread<\/a>.<\/strong><\/div>\n|j|\u2606LimeyAce\n|j|\u2606conkzilla\n|t:|1700709174\n|gametype|singles\n|player|p1|LimeyAce|iris|\n|player|p2|conkzilla|gardenia|\n|teamsize|p1|6\n|teamsize|p2|6\n|gen|9\n|tier|[Gen 9] National Dex\n|rule|HP Percentage Mod: HP is shown in percentages\n|rule|Endless Battle Clause: Forcing endless battles is banned\n|rule|OHKO Clause: OHKO moves are banned\n|rule|Evasion Clause: Evasion abilities, items, and moves are banned\n|rule|Evasion Abilities Clause: Evasion abilities are banned\n|rule|Evasion Items Clause: Evasion items are banned\n|rule|Evasion Moves Clause: Evasion moves are banned\n|rule|Species Clause: Limit one of each Pok\u00e9mon\n|rule|Sleep Clause Mod: Limit one foe put to sleep\n|clearpoke\n|poke|p1|Garganacl, M|\n|poke|p1|Ceruledge, F|\n|poke|p1|Iron Valiant|\n|poke|p1|Tsareena, F|\n|poke|p1|Grimmsnarl, M|\n|poke|p1|Pikachu, F|\n|poke|p2|Lilligant-Hisui, F|\n|poke|p2|Hatterene, F|\n|poke|p2|Volcarona, M|\n|poke|p2|Glimmora, M|\n|poke|p2|Greninja-*, M|\n|poke|p2|Gliscor, F|\n|teampreview\n|\n|t:|1700709184\n|start\n|switch|p1a: Joker|Grimmsnarl, M|100\/100\n|switch|p2a: Unexpecting Plant|Glimmora, M|100\/100\n|turn|1\n|\n|t:|1700709191\n|move|p1a: Joker|Taunt|p2a: Unexpecting Plant\n|-start|p2a: Unexpecting Plant|move: Taunt\n|cant|p2a: Unexpecting Plant|move: Taunt|Stealth Rock\n|\n|upkeep\n|turn|2\n|\n|t:|1700709198\n|move|p1a: Joker|Light Screen|p1a: Joker\n|-sidestart|p1: LimeyAce|move: Light Screen\n|move|p2a: Unexpecting Plant|Sludge Wave|p1a: Joker\n|-supereffective|p1a: Joker\n|-damage|p1a: Joker|61\/100\n|\n|upkeep\n|turn|3\n|\n|t:|1700709211\n|switch|p1a: Steve|Garganacl, M, shiny|100\/100\n|move|p2a: Unexpecting Plant|Sludge Wave|p1a: Steve\n|-resisted|p1a: Steve\n|-damage|p1a: Steve|88\/100\n|\n|-heal|p1a: Steve|94\/100|[from] item: Leftovers\n|-end|p2a: Unexpecting Plant|move: Taunt\n|upkeep\n|turn|4\n|\n|t:|1700709219\n|move|p2a: Unexpecting Plant|Stealth Rock|p1a: Steve\n|-sidestart|p1: LimeyAce|move: Stealth Rock\n|move|p1a: Steve|Stealth Rock|p2a: Unexpecting Plant\n|-sidestart|p2: conkzilla|move: Stealth Rock\n|\n|-heal|p1a: Steve|100\/100|[from] item: Leftovers\n|upkeep\n|turn|5\n|\n|t:|1700709230\n|move|p2a: Unexpecting Plant|Mortal Spin|p1a: Steve\n|-resisted|p1a: Steve\n|-damage|p1a: Steve|99\/100\n|-sideend|p2: conkzilla|Stealth Rock|[from] move: Mortal Spin|[of] p2a: Unexpecting Plant\n|move|p1a: Steve|Earthquake|p2a: Unexpecting Plant\n|-supereffective|p2a: Unexpecting Plant\n|-enditem|p2a: Unexpecting Plant|Focus Sash\n|-damage|p2a: Unexpecting Plant|1\/100\n|-activate|p2a: Unexpecting Plant|ability: Toxic Debris\n|-sidestart|p1: LimeyAce|move: Toxic Spikes\n|\n|-heal|p1a: Steve|100\/100|[from] item: Leftovers\n|upkeep\n|turn|6\n|\n|t:|1700709243\n|move|p2a: Unexpecting Plant|Earth Power|p1a: Steve\n|-supereffective|p1a: Steve\n|-damage|p1a: Steve|74\/100\n|move|p1a: Steve|Earthquake|p2a: Unexpecting Plant\n|-supereffective|p2a: Unexpecting Plant\n|-damage|p2a: Unexpecting Plant|0 fnt\n|-activate|p2a: Unexpecting Plant|ability: Toxic Debris\n|-sidestart|p1: LimeyAce|move: Toxic Spikes\n|faint|p2a: Unexpecting Plant\n|\n|-heal|p1a: Steve|80\/100|[from] item: Leftovers\n|upkeep\n|\n|t:|1700709258\n|switch|p2a: Nerfed as Hell|Greninja, M|100\/100\n|turn|7\n|\n|t:|1700709263\n|move|p2a: Nerfed as Hell|Surf|p1a: Steve\n|-supereffective|p1a: Steve\n|-damage|p1a: Steve|31\/100\n|-damage|p2a: Nerfed as Hell|91\/100|[from] item: Life Orb\n|move|p1a: Steve|Salt Cure|p2a: Nerfed as Hell\n|-damage|p2a: Nerfed as Hell|65\/100\n|-start|p2a: Nerfed as Hell|Salt Cure\n|\n|-heal|p1a: Steve|37\/100|[from] item: Leftovers\n|-damage|p2a: Nerfed as Hell|40\/100|[from] Salt Cure\n|upkeep\n|turn|8\n|\n|t:|1700709278\n|switch|p1a: Joker|Grimmsnarl, M|61\/100\n|-damage|p1a: Joker|49\/100|[from] Stealth Rock\n|-status|p1a: Joker|tox\n|move|p2a: Nerfed as Hell|Surf|p1a: Joker\n|-damage|p1a: Joker|28\/100 tox\n|-damage|p2a: Nerfed as Hell|31\/100|[from] item: Life Orb\n|\n|-damage|p1a: Joker|22\/100 tox|[from] psn\n|-damage|p2a: Nerfed as Hell|6\/100|[from] Salt Cure\n|upkeep\n|turn|9\n|\n|t:|1700709297\n|move|p1a: Joker|Reflect|p1a: Joker\n|-sidestart|p1: LimeyAce|Reflect\n|move|p2a: Nerfed as Hell|Ice Beam|p1a: Joker\n|-damage|p1a: Joker|10\/100 tox\n|-damage|p2a: Nerfed as Hell|0 fnt|[from] item: Life Orb\n|faint|p2a: Nerfed as Hell\n|\n|-damage|p1a: Joker|0 fnt|[from] psn\n|faint|p1a: Joker\n|-sideend|p1: LimeyAce|move: Light Screen\n|upkeep\n|\n|t:|1700709317\n|switch|p2a: Bad Apple|Lilligant-Hisui, F, shiny|100\/100\n|switch|p1a: Bayonetta|Tsareena, F|100\/100\n|turn|10\n|\n|t:|1700709322\n|move|p2a: Bad Apple|Victory Dance|p2a: Bad Apple\n|-boost|p2a: Bad Apple|atk|1\n|-boost|p2a: Bad Apple|def|1\n|-boost|p2a: Bad Apple|spe|1\n|move|p1a: Bayonetta|Rapid Spin|p2a: Bad Apple\n|-damage|p2a: Bad Apple|83\/100\n|-boost|p1a: Bayonetta|spe|1\n|-sideend|p1: LimeyAce|Toxic Spikes|[from] move: Rapid Spin|[of] p1a: Bayonetta\n|-sideend|p1: LimeyAce|Stealth Rock|[from] move: Rapid Spin|[of] p1a: Bayonetta\n|\n|upkeep\n|turn|11\n|\n|t:|1700709331\n|move|p2a: Bad Apple|Ice Spinner|p1a: Bayonetta\n|-supereffective|p1a: Bayonetta\n|-damage|p1a: Bayonetta|42\/100\n|move|p1a: Bayonetta|Triple Axel|p2a: Bad Apple\n|-supereffective|p2a: Bad Apple\n|-damage|p2a: Bad Apple|67\/100\n|-supereffective|p2a: Bad Apple\n|-damage|p2a: Bad Apple|37\/100\n|-supereffective|p2a: Bad Apple\n|-damage|p2a: Bad Apple|0 fnt\n|faint|p2a: Bad Apple\n|-hitcount|p2: Bad Apple|3\n|\n|upkeep\n|\n|t:|1700709344\n|switch|p2a: Based Gardevoir|Hatterene, F|100\/100\n|turn|12\n|\n|t:|1700709362\n|switch|p1a: Steve|Garganacl, M, shiny|37\/100\n|-terastallize|p2a: Based Gardevoir|Steel\n|move|p2a: Based Gardevoir|Mystical Fire|p1a: Steve\n|-resisted|p1a: Steve\n|-damage|p1a: Steve|27\/100\n|-unboost|p1a: Steve|spa|1\n|\n|-heal|p1a: Steve|34\/100|[from] item: Leftovers\n|upkeep\n|turn|13\n|\n|t:|1700709375\n|move|p2a: Based Gardevoir|Psychic|p1a: Steve\n|-damage|p1a: Steve|0 fnt\n|faint|p1a: Steve\n|\n|upkeep\n|\n|t:|1700709394\n|switch|p1a: Pyra|Ceruledge, F|100\/100\n|turn|14\n|\n|t:|1700709397\n|switch|p2a: Buford Van Stomm|Gliscor, F, shiny|100\/100\n|move|p1a: Pyra|Swords Dance|p1a: Pyra\n|-boost|p1a: Pyra|atk|2\n|\n|-status|p2a: Buford Van Stomm|tox|[from] item: Toxic Orb\n|upkeep\n|turn|15\n|\n|t:|1700709408\n|-terastallize|p1a: Pyra|Grass\n|move|p1a: Pyra|Bitter Blade|p2a: Buford Van Stomm\n|-damage|p2a: Buford Van Stomm|36\/100 tox\n|move|p2a: Buford Van Stomm|Earthquake|p1a: Pyra\n|-resisted|p1a: Pyra\n|-damage|p1a: Pyra|89\/100\n|-ability|p1a: Pyra|Weak Armor|boost\n|-unboost|p1a: Pyra|def|1\n|-boost|p1a: Pyra|spe|2\n|\n|-heal|p2a: Buford Van Stomm|49\/100 tox|[from] ability: Poison Heal\n|upkeep\n|turn|16\n|\n|t:|1700709423\n|switch|p2a: Kylo Ren Ball Gif|Volcarona, M|100\/100\n|move|p1a: Pyra|Bitter Blade|p2a: Kylo Ren Ball Gif\n|-damage|p2a: Kylo Ren Ball Gif|1\/100\n|-heal|p1a: Pyra|100\/100|[from] drain|[of] p2a: Kylo Ren Ball Gif\n|\n|-sideend|p1: LimeyAce|Reflect\n|upkeep\n|turn|17\n|\n|t:|1700709443\n|move|p1a: Pyra|Shadow Sneak|p2a: Kylo Ren Ball Gif\n|-damage|p2a: Kylo Ren Ball Gif|0 fnt\n|-status|p1a: Pyra|brn|[from] ability: Flame Body|[of] p2a: Kylo Ren Ball Gif\n|faint|p2a: Kylo Ren Ball Gif\n|\n|-damage|p1a: Pyra|94\/100 brn|[from] brn\n|upkeep\n|\n|t:|1700709453\n|switch|p2a: Buford Van Stomm|Gliscor, F, shiny|49\/100 tox\n|turn|18\n|\n|t:|1700709460\n|move|p1a: Pyra|Swords Dance|p1a: Pyra\n|-boost|p1a: Pyra|atk|2\n|move|p2a: Buford Van Stomm|Earthquake|p1a: Pyra\n|-resisted|p1a: Pyra\n|-damage|p1a: Pyra|53\/100 brn\n|-ability|p1a: Pyra|Weak Armor|boost\n|-unboost|p1a: Pyra|def|1\n|-boost|p1a: Pyra|spe|2\n|\n|-heal|p2a: Buford Van Stomm|61\/100 tox|[from] ability: Poison Heal\n|-damage|p1a: Pyra|47\/100 brn|[from] brn\n|upkeep\n|turn|19\n|\n|t:|1700709471\n|move|p1a: Pyra|Bitter Blade|p2a: Buford Van Stomm\n|-damage|p2a: Buford Van Stomm|15\/100 tox\n|-heal|p1a: Pyra|75\/100 brn|[from] drain|[of] p2a: Buford Van Stomm\n|move|p2a: Buford Van Stomm|Earthquake|p1a: Pyra\n|-resisted|p1a: Pyra\n|-damage|p1a: Pyra|23\/100 brn\n|-ability|p1a: Pyra|Weak Armor|boost\n|-unboost|p1a: Pyra|def|1\n|-boost|p1a: Pyra|spe|2\n|\n|-heal|p2a: Buford Van Stomm|27\/100 tox|[from] ability: Poison Heal\n|-damage|p1a: Pyra|17\/100 brn|[from] brn\n|upkeep\n|turn|20\n|\n|t:|1700709488\n|move|p1a: Pyra|Bitter Blade|p2a: Buford Van Stomm\n|-damage|p2a: Buford Van Stomm|0 fnt\n|-heal|p1a: Pyra|33\/100 brn|[from] drain|[of] p2a: Buford Van Stomm\n|faint|p2a: Buford Van Stomm\n|\n|-damage|p1a: Pyra|27\/100 brn|[from] brn\n|upkeep\n|\n|t:|1700709495\n|switch|p2a: Based Gardevoir|Hatterene, F, tera:Steel|100\/100\n|turn|21\n|\n|t:|1700709499\n|move|p1a: Pyra|Bitter Blade|p2a: Based Gardevoir\n|-supereffective|p2a: Based Gardevoir\n|-damage|p2a: Based Gardevoir|0 fnt\n|-heal|p1a: Pyra|82\/100 brn|[from] drain|[of] p2a: Based Gardevoir\n|faint|p2a: Based Gardevoir\n|\n|win|LimeyAce\n|l|\u2606conkzilla\n","uploadtime":1700709509,"views":6,"p1id":"limeyace","p2id":"conkzilla","formatid":"gen9nationaldex","rating":0,"private":0,"password":""}