{"id":"gen9nationaldex-1990019408","p1":"camfre10","p2":"JogadorCaro","format":"[Gen 9] National Dex","log":"|j|\u2606camfre10\n|j|\u2606JogadorCaro\n|t:|1699915986\n|gametype|singles\n|player|p1|camfre10|grimsley|1731\n|player|p2|JogadorCaro|tate|1683\n|teamsize|p1|6\n|teamsize|p2|6\n|gen|9\n|tier|[Gen 9] National Dex\n|rated|\n|rule|HP Percentage Mod: HP is shown in percentages\n|rule|Endless Battle Clause: Forcing endless battles is banned\n|rule|OHKO Clause: OHKO moves are banned\n|rule|Evasion Clause: Evasion abilities, items, and moves are banned\n|rule|Evasion Abilities Clause: Evasion abilities are banned\n|rule|Evasion Items Clause: Evasion items are banned\n|rule|Evasion Moves Clause: Evasion moves are banned\n|rule|Species Clause: Limit one of each Pok\u00e9mon\n|rule|Sleep Clause Mod: Limit one foe put to sleep\n|clearpoke\n|poke|p1|Reuniclus, M|\n|poke|p1|Alakazam, M|\n|poke|p1|Zamazenta-*|\n|poke|p1|Blissey, F|\n|poke|p1|Mandibuzz, F|\n|poke|p1|Snorlax, F|\n|poke|p2|Garganacl, F|\n|poke|p2|Zamazenta-*|\n|poke|p2|Volcarona, M|\n|poke|p2|Hoopa-Unbound|\n|poke|p2|Dondozo, M|\n|poke|p2|Rotom-Wash|\n|teampreview\n|inactive|Battle timer is ON: inactive players will automatically lose when time's up. (requested by camfre10)\n|c|\u2606JogadorCaro|Camfre!\n|c|\u2606JogadorCaro|Nice to see you again\n|\n|t:|1699916026\n|start\n|switch|p1a: Zamazenta|Zamazenta|100\/100\n|switch|p2a: mulher|Rotom-Wash|100\/100\n|-ability|p1a: Zamazenta|Dauntless Shield|boost\n|-boost|p1a: Zamazenta|def|1\n|turn|1\n|\n|t:|1699916033\n|move|p1a: Zamazenta|Close Combat|p2a: mulher\n|-damage|p2a: mulher|7\/100\n|-unboost|p1a: Zamazenta|def|1\n|-unboost|p1a: Zamazenta|spd|1\n|-damage|p1a: Zamazenta|91\/100|[from] item: Life Orb\n|move|p2a: mulher|Volt Switch|p1a: Zamazenta\n|-crit|p1a: Zamazenta\n|-damage|p1a: Zamazenta|39\/100\n|\n|t:|1699916049\n|switch|p2a: Toji|Zamazenta|100\/100|[from] Volt Switch\n|-ability|p2a: Toji|Dauntless Shield|boost\n|-boost|p2a: Toji|def|1\n|\n|upkeep\n|turn|2\n|\n|t:|1699916054\n|switch|p1a: Mandibuzz|Mandibuzz, F|100\/100\n|move|p2a: Toji|Wild Charge|p1a: Mandibuzz\n|-supereffective|p1a: Mandibuzz\n|-damage|p1a: Mandibuzz|51\/100\n|-damage|p2a: Toji|84\/100|[from] item: Rocky Helmet|[of] p1a: Mandibuzz\n|-damage|p2a: Toji|68\/100|[from] Recoil\n|\n|upkeep\n|turn|3\n|\n|t:|1699916062\n|move|p2a: Toji|Wild Charge|p1a: Mandibuzz\n|-supereffective|p1a: Mandibuzz\n|-damage|p1a: Mandibuzz|0 fnt\n|-damage|p2a: Toji|51\/100|[from] item: Rocky Helmet|[of] p1a: Mandibuzz\n|faint|p1a: Mandibuzz\n|-damage|p2a: Toji|35\/100|[from] Recoil\n|\n|upkeep\n|\n|t:|1699916069\n|switch|p1a: Zamazenta|Zamazenta|39\/100\n|turn|4\n|\n|t:|1699916072\n|move|p2a: Toji|Wild Charge|p1a: Zamazenta\n|-damage|p1a: Zamazenta|0 fnt\n|faint|p1a: Zamazenta\n|-damage|p2a: Toji|25\/100|[from] Recoil\n|\n|upkeep\n|\n|t:|1699916077\n|switch|p1a: Snorlax|Snorlax, F|100\/100\n|turn|5\n|\n|t:|1699916082\n|switch|p2a: mulher|Rotom-Wash|7\/100\n|move|p1a: Snorlax|Curse|p1a: Snorlax\n|-unboost|p1a: Snorlax|spe|1\n|-boost|p1a: Snorlax|atk|1\n|-boost|p1a: Snorlax|def|1\n|\n|-heal|p2a: mulher|13\/100|[from] item: Leftovers\n|upkeep\n|turn|6\n|\n|t:|1699916090\n|move|p2a: mulher|Pain Split|p1a: Snorlax\n|-sethp|p1a: Snorlax|54\/100|[from] move: Pain Split|[silent]\n|-sethp|p2a: mulher|93\/100|[from] move: Pain Split\n|move|p1a: Snorlax|Curse|p1a: Snorlax\n|-unboost|p1a: Snorlax|spe|1\n|-boost|p1a: Snorlax|atk|1\n|-boost|p1a: Snorlax|def|1\n|\n|-heal|p2a: mulher|99\/100|[from] item: Leftovers\n|-heal|p1a: Snorlax|60\/100|[from] item: Leftovers\n|upkeep\n|turn|7\n|\n|t:|1699916101\n|switch|p2a: Bale\u00e3o|Dondozo, M|100\/100\n|move|p1a: Snorlax|Earthquake|p2a: Bale\u00e3o\n|-damage|p2a: Bale\u00e3o|86\/100\n|\n|-heal|p2a: Bale\u00e3o|93\/100|[from] item: Leftovers\n|-heal|p1a: Snorlax|66\/100|[from] item: Leftovers\n|upkeep\n|turn|8\n|c|\u2606JogadorCaro|my turn\n|\n|t:|1699916114\n|move|p2a: Bale\u00e3o|Curse|p2a: Bale\u00e3o\n|-unboost|p2a: Bale\u00e3o|spe|1\n|-boost|p2a: Bale\u00e3o|atk|1\n|-boost|p2a: Bale\u00e3o|def|1\n|move|p1a: Snorlax|Curse|p1a: Snorlax\n|-unboost|p1a: Snorlax|spe|1\n|-boost|p1a: Snorlax|atk|1\n|-boost|p1a: Snorlax|def|1\n|\n|-heal|p2a: Bale\u00e3o|99\/100|[from] item: Leftovers\n|-heal|p1a: Snorlax|72\/100|[from] item: Leftovers\n|upkeep\n|turn|9\n|\n|t:|1699916125\n|move|p2a: Bale\u00e3o|Curse|p2a: Bale\u00e3o\n|-unboost|p2a: Bale\u00e3o|spe|1\n|-boost|p2a: Bale\u00e3o|atk|1\n|-boost|p2a: Bale\u00e3o|def|1\n|move|p1a: Snorlax|Curse|p1a: Snorlax\n|-unboost|p1a: Snorlax|spe|1\n|-boost|p1a: Snorlax|atk|1\n|-boost|p1a: Snorlax|def|1\n|\n|-heal|p2a: Bale\u00e3o|100\/100|[from] item: Leftovers\n|-heal|p1a: Snorlax|79\/100|[from] item: Leftovers\n|upkeep\n|turn|10\n|\n|t:|1699916136\n|switch|p1a: Reuniclus|Reuniclus, M|100\/100\n|move|p2a: Bale\u00e3o|Curse|p2a: Bale\u00e3o\n|-unboost|p2a: Bale\u00e3o|spe|1\n|-boost|p2a: Bale\u00e3o|atk|1\n|-boost|p2a: Bale\u00e3o|def|1\n|\n|upkeep\n|turn|11\n|\n|t:|1699916142\n|move|p1a: Reuniclus|Energy Ball|p2a: Bale\u00e3o\n|-supereffective|p2a: Bale\u00e3o\n|-damage|p2a: Bale\u00e3o|68\/100\n|move|p2a: Bale\u00e3o|Wave Crash|p1a: Reuniclus\n|-damage|p1a: Reuniclus|28\/100\n|-damage|p2a: Bale\u00e3o|52\/100|[from] item: Rocky Helmet|[of] p1a: Reuniclus\n|-damage|p2a: Bale\u00e3o|31\/100|[from] Recoil\n|\n|-heal|p2a: Bale\u00e3o|38\/100|[from] item: Leftovers\n|upkeep\n|turn|12\n|\n|t:|1699916158\n|-terastallize|p2a: Bale\u00e3o|Dragon\n|move|p1a: Reuniclus|Recover|p1a: Reuniclus\n|-heal|p1a: Reuniclus|78\/100\n|move|p2a: Bale\u00e3o|Rest|p2a: Bale\u00e3o\n|-status|p2a: Bale\u00e3o|slp|[from] move: Rest\n|-heal|p2a: Bale\u00e3o|100\/100 slp|[silent]\n|\n|upkeep\n|turn|13\n|\n|t:|1699916167\n|switch|p1a: Alakazam|Alakazam, M|100\/100\n|cant|p2a: Bale\u00e3o|slp\n|move|p2a: Bale\u00e3o|Sleep Talk|p2a: Bale\u00e3o\n|move|p2a: Bale\u00e3o|Wave Crash|p1a: Alakazam|[from]move: Sleep Talk\n|-enditem|p1a: Alakazam|Focus Sash\n|-damage|p1a: Alakazam|1\/100\n|-damage|p2a: Bale\u00e3o|84\/100 slp|[from] Recoil\n|\n|-heal|p2a: Bale\u00e3o|90\/100 slp|[from] item: Leftovers\n|upkeep\n|turn|14\n|\n|t:|1699916178\n|move|p1a: Alakazam|Dazzling Gleam|p2a: Bale\u00e3o\n|-supereffective|p2a: Bale\u00e3o\n|-damage|p2a: Bale\u00e3o|56\/100 slp\n|cant|p2a: Bale\u00e3o|slp\n|move|p2a: Bale\u00e3o|Sleep Talk|p2a: Bale\u00e3o\n|move|p2a: Bale\u00e3o|Wave Crash|p1a: Alakazam|[from]move: Sleep Talk\n|-damage|p1a: Alakazam|0 fnt\n|faint|p1a: Alakazam\n|-damage|p2a: Bale\u00e3o|56\/100 slp|[from] Recoil\n|\n|-heal|p2a: Bale\u00e3o|62\/100 slp|[from] item: Leftovers\n|upkeep\n|-message|camfre10 forfeited.\n|\n|win|JogadorCaro\n|raw|camfre10's rating: 1731 &rarr; <strong>1708<\/strong><br \/>(-23 for losing)\n|raw|JogadorCaro's rating: 1683 &rarr; <strong>1706<\/strong><br \/>(+23 for winning)\n|l|\u2606camfre10\n","uploadtime":1699916194,"views":6,"p1id":"camfre10","p2id":"jogadorcaro","formatid":"gen9nationaldex","rating":1706,"private":0,"password":""}