{"id":"gen9nationaldex-1996937896","p1":"Necrozminator","p2":"S0lar_Flare","format":"[Gen 9] National Dex","log":"|html|<div class=\"broadcast-blue\"><strong>[Gen 9] National Dex is currently suspecting Sneasler! For information on how to participate check out the <a href=\"https:\/\/www.smogon.com\/forums\/threads\/sv-national-dex-suspect-8-just-dance.3731534\/\">suspect thread<\/a>.<\/strong><\/div>\n|j|\u2606Necrozminator\n|j|\u2606S0lar_Flare\n|t:|1700747160\n|gametype|singles\n|player|p1|Necrozminator|will|1116\n|player|p2|S0lar_Flare|266|1074\n|teamsize|p1|6\n|teamsize|p2|6\n|gen|9\n|tier|[Gen 9] National Dex\n|rated|\n|rule|HP Percentage Mod: HP is shown in percentages\n|rule|Endless Battle Clause: Forcing endless battles is banned\n|rule|OHKO Clause: OHKO moves are banned\n|rule|Evasion Clause: Evasion abilities, items, and moves are banned\n|rule|Evasion Abilities Clause: Evasion abilities are banned\n|rule|Evasion Items Clause: Evasion items are banned\n|rule|Evasion Moves Clause: Evasion moves are banned\n|rule|Species Clause: Limit one of each Pok\u00e9mon\n|rule|Sleep Clause Mod: Limit one foe put to sleep\n|clearpoke\n|poke|p1|Zebstrika, F|\n|poke|p1|Carnivine, M|\n|poke|p1|Braviary-Hisui, M|\n|poke|p1|Glimmora, F|\n|poke|p1|Scizor, F|\n|poke|p1|Great Tusk|\n|poke|p2|Swampert, M|\n|poke|p2|Pelipper, F|\n|poke|p2|Glimmora, M|\n|poke|p2|Kingdra, F|\n|poke|p2|Deoxys-Defense|\n|poke|p2|Zapdos|\n|teampreview\n|inactive|Battle timer is ON: inactive players will automatically lose when time's up. (requested by Necrozminator)\n|\n|t:|1700747169\n|start\n|switch|p1a: Braviary|Braviary-Hisui, M|100\/100\n|switch|p2a: Pelipper|Pelipper, F|100\/100\n|-weather|RainDance|[from] ability: Drizzle|[of] p2a: Pelipper\n|turn|1\n|\n|t:|1700747178\n|switch|p2a: Kingdra|Kingdra, F|100\/100\n|move|p1a: Braviary|Air Slash|p2a: Kingdra\n|-damage|p2a: Kingdra|23\/100\n|\n|-weather|RainDance|[upkeep]\n|upkeep\n|turn|2\n|\n|t:|1700747194\n|switch|p1a: Scizor|Scizor, F|100\/100\n|move|p2a: Kingdra|Surf|p1a: Scizor\n|-damage|p1a: Scizor|0 fnt\n|faint|p1a: Scizor\n|\n|-weather|RainDance|[upkeep]\n|upkeep\n|\n|t:|1700747212\n|switch|p1a: Carnivine|Carnivine, M, shiny|100\/100\n|turn|3\n|\n|t:|1700747220\n|switch|p2a: Zapdos|Zapdos|100\/100\n|move|p1a: Carnivine|Leech Seed|p2a: Zapdos\n|-start|p2a: Zapdos|move: Leech Seed\n|\n|-weather|RainDance|[upkeep]\n|-damage|p2a: Zapdos|88\/100|[from] Leech Seed|[of] p1a: Carnivine\n|upkeep\n|turn|4\n|\n|t:|1700747233\n|-terastallize|p1a: Carnivine|Electric\n|move|p2a: Zapdos|Hurricane|p1a: Carnivine\n|-resisted|p1a: Carnivine\n|-damage|p1a: Carnivine|68\/100\n|-start|p1a: Carnivine|confusion\n|-activate|p1a: Carnivine|confusion\n|move|p1a: Carnivine|Substitute|p1a: Carnivine\n|-start|p1a: Carnivine|Substitute\n|-damage|p1a: Carnivine|43\/100\n|\n|-weather|RainDance|[upkeep]\n|-heal|p1a: Carnivine|49\/100|[from] item: Leftovers\n|-damage|p2a: Zapdos|76\/100|[from] Leech Seed|[of] p1a: Carnivine\n|-heal|p1a: Carnivine|60\/100|[silent]\n|upkeep\n|turn|5\n|\n|t:|1700747254\n|move|p2a: Zapdos|Volt Switch|p1a: Carnivine\n|-resisted|p1a: Carnivine\n|-activate|p1a: Carnivine|move: Substitute|[damage]\n|\n|t:|1700747259\n|switch|p2a: Deoxys|Deoxys-Defense|100\/100|[from] Volt Switch\n|-ability|p2a: Deoxys|Pressure\n|-end|p1a: Carnivine|confusion\n|move|p1a: Carnivine|Swords Dance|p1a: Carnivine\n|-boost|p1a: Carnivine|atk|2\n|\n|-weather|RainDance|[upkeep]\n|-heal|p1a: Carnivine|66\/100|[from] item: Leftovers\n|upkeep\n|turn|6\n|\n|t:|1700747273\n|move|p2a: Deoxys|Drain Punch|p1a: Carnivine\n|-end|p1a: Carnivine|Substitute\n|move|p1a: Carnivine|Leech Seed|p2a: Deoxys\n|-start|p2a: Deoxys|move: Leech Seed\n|\n|-weather|RainDance|[upkeep]\n|-heal|p1a: Carnivine|73\/100|[from] item: Leftovers\n|-damage|p2a: Deoxys|88\/100|[from] Leech Seed|[of] p1a: Carnivine\n|-heal|p1a: Carnivine|81\/100|[silent]\n|upkeep\n|turn|7\n|\n|t:|1700747286\n|move|p2a: Deoxys|Drain Punch|p1a: Carnivine\n|-damage|p1a: Carnivine|66\/100\n|-heal|p2a: Deoxys|99\/100|[from] drain|[of] p1a: Carnivine\n|move|p1a: Carnivine|Frustration|p2a: Deoxys\n|-damage|p2a: Deoxys|61\/100\n|\n|-weather|RainDance|[upkeep]\n|-heal|p1a: Carnivine|72\/100|[from] item: Leftovers\n|-damage|p2a: Deoxys|49\/100|[from] Leech Seed|[of] p1a: Carnivine\n|-heal|p1a: Carnivine|81\/100|[silent]\n|upkeep\n|turn|8\n|\n|t:|1700747299\n|move|p2a: Deoxys|Recover|p2a: Deoxys\n|-heal|p2a: Deoxys|99\/100\n|move|p1a: Carnivine|Swords Dance|p1a: Carnivine\n|-boost|p1a: Carnivine|atk|2\n|\n|-weather|none\n|-heal|p1a: Carnivine|87\/100|[from] item: Leftovers\n|-damage|p2a: Deoxys|87\/100|[from] Leech Seed|[of] p1a: Carnivine\n|-heal|p1a: Carnivine|95\/100|[silent]\n|upkeep\n|turn|9\n|\n|t:|1700747310\n|switch|p2a: Glimmora|Glimmora, M|100\/100\n|move|p1a: Carnivine|Frustration|p2a: Glimmora\n|-resisted|p2a: Glimmora\n|-damage|p2a: Glimmora|75\/100\n|-activate|p2a: Glimmora|ability: Toxic Debris\n|-sidestart|p1: Necrozminator|move: Toxic Spikes\n|\n|-heal|p1a: Carnivine|100\/100|[from] item: Leftovers\n|-heal|p2a: Glimmora|81\/100|[from] item: Leftovers\n|upkeep\n|turn|10\n|\n|t:|1700747323\n|move|p1a: Carnivine|Substitute|p1a: Carnivine\n|-start|p1a: Carnivine|Substitute\n|-damage|p1a: Carnivine|75\/100\n|move|p2a: Glimmora|Toxic||[still]\n|-fail|p2a: Glimmora\n|\n|-heal|p1a: Carnivine|82\/100|[from] item: Leftovers\n|-heal|p2a: Glimmora|88\/100|[from] item: Leftovers\n|upkeep\n|turn|11\n|\n|t:|1700747333\n|move|p2a: Glimmora|Protect|p2a: Glimmora\n|-singleturn|p2a: Glimmora|Protect\n|move|p1a: Carnivine|Leech Seed|p2a: Glimmora\n|-activate|p2a: Glimmora|move: Protect\n|\n|-heal|p1a: Carnivine|88\/100|[from] item: Leftovers\n|-heal|p2a: Glimmora|94\/100|[from] item: Leftovers\n|upkeep\n|turn|12\n|\n|t:|1700747343\n|move|p1a: Carnivine|Leech Seed|p2a: Glimmora\n|-start|p2a: Glimmora|move: Leech Seed\n|move|p2a: Glimmora|Sludge Bomb|p1a: Carnivine\n|-end|p1a: Carnivine|Substitute\n|\n|-heal|p1a: Carnivine|94\/100|[from] item: Leftovers\n|-heal|p2a: Glimmora|99\/100|[from] item: Leftovers\n|-damage|p2a: Glimmora|88\/100|[from] Leech Seed|[of] p1a: Carnivine\n|-heal|p1a: Carnivine|100\/100|[silent]\n|upkeep\n|turn|13\n|\n|t:|1700747355\n|move|p1a: Carnivine|Substitute|p1a: Carnivine\n|-start|p1a: Carnivine|Substitute\n|-damage|p1a: Carnivine|75\/100\n|move|p2a: Glimmora|Toxic||[still]\n|-fail|p2a: Glimmora\n|\n|-heal|p1a: Carnivine|82\/100|[from] item: Leftovers\n|-heal|p2a: Glimmora|94\/100|[from] item: Leftovers\n|-damage|p2a: Glimmora|81\/100|[from] Leech Seed|[of] p1a: Carnivine\n|-heal|p1a: Carnivine|95\/100|[silent]\n|upkeep\n|turn|14\n|\n|t:|1700747366\n|move|p1a: Carnivine|Swords Dance|p1a: Carnivine\n|-boost|p1a: Carnivine|atk|2\n|move|p2a: Glimmora|Sludge Bomb|p1a: Carnivine\n|-crit|p1a: Carnivine\n|-end|p1a: Carnivine|Substitute\n|\n|-heal|p1a: Carnivine|100\/100|[from] item: Leftovers\n|-heal|p2a: Glimmora|88\/100|[from] item: Leftovers\n|-damage|p2a: Glimmora|75\/100|[from] Leech Seed|[of] p1a: Carnivine\n|upkeep\n|turn|15\n|\n|t:|1700747388\n|move|p1a: Carnivine|Substitute|p1a: Carnivine\n|-start|p1a: Carnivine|Substitute\n|-damage|p1a: Carnivine|75\/100\n|move|p2a: Glimmora|Sludge Bomb|p1a: Carnivine\n|-end|p1a: Carnivine|Substitute\n|\n|-heal|p1a: Carnivine|82\/100|[from] item: Leftovers\n|-heal|p2a: Glimmora|81\/100|[from] item: Leftovers\n|-damage|p2a: Glimmora|69\/100|[from] Leech Seed|[of] p1a: Carnivine\n|-heal|p1a: Carnivine|95\/100|[silent]\n|upkeep\n|turn|16\n|\n|t:|1700747400\n|move|p1a: Carnivine|Substitute|p1a: Carnivine\n|-start|p1a: Carnivine|Substitute\n|-damage|p1a: Carnivine|70\/100\n|move|p2a: Glimmora|Sludge Bomb|p1a: Carnivine\n|-end|p1a: Carnivine|Substitute\n|\n|-heal|p1a: Carnivine|76\/100|[from] item: Leftovers\n|-heal|p2a: Glimmora|75\/100|[from] item: Leftovers\n|-damage|p2a: Glimmora|63\/100|[from] Leech Seed|[of] p1a: Carnivine\n|-heal|p1a: Carnivine|89\/100|[silent]\n|upkeep\n|turn|17\n|\n|t:|1700747414\n|move|p1a: Carnivine|Substitute|p1a: Carnivine\n|-start|p1a: Carnivine|Substitute\n|-damage|p1a: Carnivine|64\/100\n|move|p2a: Glimmora|Sludge Bomb|p1a: Carnivine\n|-end|p1a: Carnivine|Substitute\n|\n|-heal|p1a: Carnivine|70\/100|[from] item: Leftovers\n|-heal|p2a: Glimmora|69\/100|[from] item: Leftovers\n|-damage|p2a: Glimmora|56\/100|[from] Leech Seed|[of] p1a: Carnivine\n|-heal|p1a: Carnivine|83\/100|[silent]\n|upkeep\n|turn|18\n|\n|t:|1700747427\n|move|p1a: Carnivine|Substitute|p1a: Carnivine\n|-start|p1a: Carnivine|Substitute\n|-damage|p1a: Carnivine|58\/100\n|move|p2a: Glimmora|Sludge Bomb|p1a: Carnivine\n|-end|p1a: Carnivine|Substitute\n|\n|-heal|p1a: Carnivine|65\/100|[from] item: Leftovers\n|-heal|p2a: Glimmora|63\/100|[from] item: Leftovers\n|-damage|p2a: Glimmora|50\/100|[from] Leech Seed|[of] p1a: Carnivine\n|-heal|p1a: Carnivine|78\/100|[silent]\n|upkeep\n|turn|19\n|\n|t:|1700747440\n|move|p1a: Carnivine|Frustration|p2a: Glimmora\n|-resisted|p2a: Glimmora\n|-damage|p2a: Glimmora|18\/100\n|-activate|p2a: Glimmora|ability: Toxic Debris\n|-sidestart|p1: Necrozminator|move: Toxic Spikes\n|move|p2a: Glimmora|Sludge Bomb|p1a: Carnivine\n|-damage|p1a: Carnivine|29\/100\n|\n|-heal|p1a: Carnivine|35\/100|[from] item: Leftovers\n|-heal|p2a: Glimmora|24\/100|[from] item: Leftovers\n|-damage|p2a: Glimmora|12\/100|[from] Leech Seed|[of] p1a: Carnivine\n|-heal|p1a: Carnivine|48\/100|[silent]\n|upkeep\n|turn|20\n|inactive|S0lar_Flare has 120 seconds left.\n|\n|t:|1700747464\n|switch|p2a: Swampert|Swampert, M|100\/100\n|move|p1a: Carnivine|Frustration|p2a: Swampert\n|-damage|p2a: Swampert|4\/100\n|\n|-heal|p1a: Carnivine|54\/100|[from] item: Leftovers\n|upkeep\n|turn|21\n|inactive|S0lar_Flare has 120 seconds left.\n|\n|t:|1700747474\n|move|p2a: Swampert|Earthquake|p1a: Carnivine\n|-immune|p1a: Carnivine|[from] ability: Levitate\n|move|p1a: Carnivine|Frustration|p2a: Swampert\n|-damage|p2a: Swampert|0 fnt\n|faint|p2a: Swampert\n|\n|-heal|p1a: Carnivine|61\/100|[from] item: Leftovers\n|upkeep\n|-message|S0lar_Flare forfeited.\n|\n|win|Necrozminator\n|raw|Necrozminator's rating: 1116 &rarr; <strong>1138<\/strong><br \/>(+22 for winning)\n|raw|S0lar_Flare's rating: 1074 &rarr; <strong>1055<\/strong><br \/>(-19 for losing)\n|l|\u2606S0lar_Flare\n","uploadtime":1700747506,"views":0,"p1id":"necrozminator","p2id":"s0larflare","formatid":"gen9nationaldex","rating":1055,"private":0,"password":""}