{"id":"gen9nationaldex-1994464151","p1":"jdblissey","p2":"sgzf","format":"[Gen 9] National Dex","log":"|j|\u2606jdblissey\n|j|\u2606sgzf\n|t:|1700446916\n|gametype|singles\n|player|p1|jdblissey|cynthia-gen4|1118\n|player|p2|sgzf|dawn-gen4pt|1172\n|teamsize|p1|6\n|teamsize|p2|6\n|gen|9\n|tier|[Gen 9] National Dex\n|rated|\n|rule|HP Percentage Mod: HP is shown in percentages\n|rule|Endless Battle Clause: Forcing endless battles is banned\n|rule|OHKO Clause: OHKO moves are banned\n|rule|Evasion Clause: Evasion abilities, items, and moves are banned\n|rule|Evasion Abilities Clause: Evasion abilities are banned\n|rule|Evasion Items Clause: Evasion items are banned\n|rule|Evasion Moves Clause: Evasion moves are banned\n|rule|Species Clause: Limit one of each Pok\u00e9mon\n|rule|Sleep Clause Mod: Limit one foe put to sleep\n|clearpoke\n|poke|p1|Serperior, F|\n|poke|p1|Reuniclus, F|\n|poke|p1|Volcarona, F|\n|poke|p1|Hydreigon, F|\n|poke|p1|Excadrill, F|\n|poke|p1|Conkeldurr, F|\n|poke|p2|Garchomp, F|\n|poke|p2|Ferrothorn, F|\n|poke|p2|Lopunny, M|\n|poke|p2|Moltres|\n|poke|p2|Slowking-Galar, F|\n|poke|p2|Corviknight, M|\n|teampreview\n|inactive|Battle timer is ON: inactive players will automatically lose when time's up. (requested by jdblissey)\n|\n|t:|1700446926\n|start\n|switch|p1a: Volcarona|Volcarona, F|100\/100\n|switch|p2a: Garchomp|Garchomp, F|100\/100\n|turn|1\n|\n|t:|1700446950\n|move|p2a: Garchomp|Stealth Rock|p1a: Volcarona\n|-sidestart|p1: jdblissey|move: Stealth Rock\n|move|p1a: Volcarona|Quiver Dance|p1a: Volcarona\n|-boost|p1a: Volcarona|spa|1\n|-boost|p1a: Volcarona|spd|1\n|-boost|p1a: Volcarona|spe|1\n|\n|upkeep\n|turn|2\n|\n|t:|1700446956\n|move|p1a: Volcarona|Bug Buzz|p2a: Garchomp\n|-damage|p2a: Garchomp|32\/100\n|-zpower|p2a: Garchomp\n|move|p2a: Garchomp|Devastating Drake|p1a: Volcarona|[zeffect]\n|-damage|p1a: Volcarona|0 fnt\n|faint|p1a: Volcarona\n|\n|upkeep\n|\n|t:|1700446959\n|switch|p1a: Hydreigon|Hydreigon, F|100\/100\n|-damage|p1a: Hydreigon|88\/100|[from] Stealth Rock\n|turn|3\n|\n|t:|1700446976\n|switch|p2a: Ferrothorn|Ferrothorn, F|100\/100\n|move|p1a: Hydreigon|Draco Meteor|p2a: Ferrothorn\n|-resisted|p2a: Ferrothorn\n|-damage|p2a: Ferrothorn|72\/100\n|-unboost|p1a: Hydreigon|spa|2\n|\n|-heal|p2a: Ferrothorn|78\/100|[from] item: Leftovers\n|upkeep\n|turn|4\n|\n|t:|1700446986\n|switch|p1a: Serperior|Serperior, F|100\/100\n|-damage|p1a: Serperior|88\/100|[from] Stealth Rock\n|move|p2a: Ferrothorn|Thunder Wave|p1a: Serperior\n|-status|p1a: Serperior|par\n|\n|-heal|p1a: Serperior|94\/100 par|[from] item: Leftovers\n|-heal|p2a: Ferrothorn|84\/100|[from] item: Leftovers\n|upkeep\n|turn|5\n|\n|t:|1700446990\n|move|p1a: Serperior|Hidden Power|p2a: Ferrothorn\n|-supereffective|p2a: Ferrothorn\n|-damage|p2a: Ferrothorn|35\/100\n|move|p2a: Ferrothorn|Knock Off|p1a: Serperior\n|-damage|p1a: Serperior|70\/100 par\n|-enditem|p1a: Serperior|Leftovers|[from] move: Knock Off|[of] p2a: Ferrothorn\n|\n|-heal|p2a: Ferrothorn|41\/100|[from] item: Leftovers\n|upkeep\n|turn|6\n|\n|t:|1700446998\n|switch|p2a: Moltres|Moltres|100\/100\n|move|p1a: Serperior|Hidden Power|p2a: Moltres\n|-resisted|p2a: Moltres\n|-damage|p2a: Moltres|94\/100\n|\n|upkeep\n|turn|7\n|\n|t:|1700447020\n|switch|p1a: Reuniclus|Reuniclus, F|100\/100\n|move|p2a: Moltres|Flamethrower|p1a: Reuniclus\n|-damage|p1a: Reuniclus|64\/100\n|\n|upkeep\n|turn|8\n|\n|t:|1700447044\n|move|p2a: Moltres|Flamethrower|p1a: Reuniclus\n|-crit|p1a: Reuniclus\n|-damage|p1a: Reuniclus|15\/100\n|move|p1a: Reuniclus|Calm Mind|p1a: Reuniclus\n|-boost|p1a: Reuniclus|spa|1\n|-boost|p1a: Reuniclus|spd|1\n|\n|upkeep\n|turn|9\n|\n|t:|1700447053\n|move|p2a: Moltres|Flamethrower|p1a: Reuniclus\n|-damage|p1a: Reuniclus|0 fnt\n|faint|p1a: Reuniclus\n|\n|upkeep\n|\n|t:|1700447069\n|switch|p1a: Hydreigon|Hydreigon, F|88\/100\n|-damage|p1a: Hydreigon|76\/100|[from] Stealth Rock\n|turn|10\n|\n|t:|1700447086\n|move|p1a: Hydreigon|Dark Pulse|p2a: Moltres\n|-crit|p2a: Moltres\n|-damage|p2a: Moltres|27\/100\n|move|p2a: Moltres|Scorching Sands|p1a: Hydreigon\n|-immune|p1a: Hydreigon|[from] ability: Levitate\n|\n|upkeep\n|turn|11\n|\n|t:|1700447096\n|switch|p2a: Garchomp|Garchomp, F|32\/100\n|move|p1a: Hydreigon|Dark Pulse|p2a: Garchomp\n|-damage|p2a: Garchomp|0 fnt\n|faint|p2a: Garchomp\n|\n|upkeep\n|\n|t:|1700447098\n|switch|p2a: Lopunny|Lopunny, M|100\/100\n|turn|12\n|\n|t:|1700447108\n|detailschange|p2a: Lopunny|Lopunny-Mega, M\n|-mega|p2a: Lopunny|Lopunny|Lopunnite\n|move|p2a: Lopunny|Fake Out|p1a: Hydreigon\n|-damage|p1a: Hydreigon|49\/100\n|cant|p1a: Hydreigon|flinch\n|\n|upkeep\n|turn|13\n|\n|t:|1700447114\n|move|p1a: Hydreigon|Dark Pulse|p2a: Lopunny\n|-resisted|p2a: Lopunny\n|-damage|p2a: Lopunny|76\/100\n|cant|p2a: Lopunny|flinch\n|\n|upkeep\n|turn|14\n|\n|t:|1700447124\n|switch|p1a: Conkeldurr|Conkeldurr, F|100\/100\n|-damage|p1a: Conkeldurr|94\/100|[from] Stealth Rock\n|move|p2a: Lopunny|U-turn|p1a: Conkeldurr\n|-resisted|p1a: Conkeldurr\n|-damage|p1a: Conkeldurr|83\/100\n|\n|t:|1700447130\n|switch|p2a: Ferrothorn|Ferrothorn, F|41\/100|[from] U-turn\n|\n|-heal|p2a: Ferrothorn|47\/100|[from] item: Leftovers\n|-status|p1a: Conkeldurr|brn|[from] item: Flame Orb\n|upkeep\n|turn|15\n|\n|t:|1700447136\n|move|p1a: Conkeldurr|Mach Punch|p2a: Ferrothorn\n|-supereffective|p2a: Ferrothorn\n|-damage|p2a: Ferrothorn|3\/100\n|-damage|p1a: Conkeldurr|70\/100 brn|[from] ability: Iron Barbs|[of] p2a: Ferrothorn\n|move|p2a: Ferrothorn|Thunder Wave||[still]\n|-fail|p2a: Ferrothorn\n|\n|-heal|p2a: Ferrothorn|9\/100|[from] item: Leftovers\n|-damage|p1a: Conkeldurr|64\/100 brn|[from] brn\n|upkeep\n|turn|16\n|\n|t:|1700447147\n|switch|p2a: Moltres|Moltres|27\/100\n|move|p1a: Conkeldurr|Mach Punch|p2a: Moltres\n|-resisted|p2a: Moltres\n|-damage|p2a: Moltres|14\/100\n|\n|-damage|p1a: Conkeldurr|58\/100 brn|[from] brn\n|upkeep\n|turn|17\n|\n|t:|1700447152\n|move|p2a: Moltres|Roost|p2a: Moltres\n|-heal|p2a: Moltres|64\/100\n|-singleturn|p2a: Moltres|move: Roost\n|move|p1a: Conkeldurr|Facade|p2a: Moltres\n|-crit|p2a: Moltres\n|-damage|p2a: Moltres|0 fnt\n|faint|p2a: Moltres\n|\n|-damage|p1a: Conkeldurr|52\/100 brn|[from] brn\n|upkeep\n|\n|t:|1700447164\n|switch|p2a: Slowking|Slowking-Galar, F|100\/100\n|turn|18\n|\n|t:|1700447175\n|move|p1a: Conkeldurr|Knock Off|p2a: Slowking\n|-supereffective|p2a: Slowking\n|-damage|p2a: Slowking|0 fnt\n|-enditem|p2a: Slowking|Heavy-Duty Boots|[from] move: Knock Off|[of] p1a: Conkeldurr\n|faint|p2a: Slowking\n|\n|-damage|p1a: Conkeldurr|46\/100 brn|[from] brn\n|upkeep\n|\n|t:|1700447178\n|switch|p2a: Lopunny|Lopunny-Mega, M|76\/100\n|turn|19\n|\n|t:|1700447183\n|move|p2a: Lopunny|Fake Out|p1a: Conkeldurr\n|-damage|p1a: Conkeldurr|26\/100 brn\n|cant|p1a: Conkeldurr|flinch\n|\n|-damage|p1a: Conkeldurr|20\/100 brn|[from] brn\n|upkeep\n|turn|20\n|\n|t:|1700447190\n|move|p2a: Lopunny|U-turn|p1a: Conkeldurr\n|-resisted|p1a: Conkeldurr\n|-damage|p1a: Conkeldurr|8\/100 brn\n|\n|t:|1700447195\n|switch|p2a: Corviknight|Corviknight, M|100\/100|[from] U-turn\n|-ability|p2a: Corviknight|Pressure\n|move|p1a: Conkeldurr|Facade|p2a: Corviknight\n|-resisted|p2a: Corviknight\n|-crit|p2a: Corviknight\n|-damage|p2a: Corviknight|61\/100\n|\n|-heal|p2a: Corviknight|67\/100|[from] item: Leftovers\n|-damage|p1a: Conkeldurr|2\/100 brn|[from] brn\n|upkeep\n|turn|21\n|\n|t:|1700447205\n|move|p1a: Conkeldurr|Mach Punch|p2a: Corviknight\n|-damage|p2a: Corviknight|45\/100\n|move|p2a: Corviknight|Iron Defense|p2a: Corviknight\n|-boost|p2a: Corviknight|def|2\n|\n|-heal|p2a: Corviknight|51\/100|[from] item: Leftovers\n|-damage|p1a: Conkeldurr|0 fnt|[from] brn\n|faint|p1a: Conkeldurr\n|upkeep\n|\n|t:|1700447212\n|switch|p1a: Hydreigon|Hydreigon, F|49\/100\n|-damage|p1a: Hydreigon|36\/100|[from] Stealth Rock\n|turn|22\n|\n|t:|1700447216\n|move|p1a: Hydreigon|Flamethrower|p2a: Corviknight\n|-supereffective|p2a: Corviknight\n|-damage|p2a: Corviknight|0 fnt\n|faint|p2a: Corviknight\n|\n|upkeep\n|\n|t:|1700447219\n|switch|p2a: Lopunny|Lopunny-Mega, M|76\/100\n|turn|23\n|\n|t:|1700447227\n|move|p1a: Hydreigon|Flamethrower|p2a: Lopunny\n|-damage|p2a: Lopunny|38\/100\n|move|p2a: Lopunny|Close Combat|p1a: Hydreigon\n|-supereffective|p1a: Hydreigon\n|-damage|p1a: Hydreigon|0 fnt\n|-unboost|p2a: Lopunny|def|1\n|-unboost|p2a: Lopunny|spd|1\n|faint|p1a: Hydreigon\n|\n|upkeep\n|\n|t:|1700447233\n|switch|p1a: Excadrill|Excadrill, F|100\/100\n|-damage|p1a: Excadrill|97\/100|[from] Stealth Rock\n|turn|24\n|\n|t:|1700447238\n|move|p2a: Lopunny|U-turn|p1a: Excadrill\n|-resisted|p1a: Excadrill\n|-damage|p1a: Excadrill|78\/100\n|\n|t:|1700447240\n|switch|p2a: Ferrothorn|Ferrothorn, F|9\/100|[from] U-turn\n|move|p1a: Excadrill|Iron Head|p2a: Ferrothorn\n|-resisted|p2a: Ferrothorn\n|-damage|p2a: Ferrothorn|0 fnt\n|-damage|p1a: Excadrill|66\/100|[from] ability: Iron Barbs|[of] p2a: Ferrothorn\n|faint|p2a: Ferrothorn\n|\n|upkeep\n|\n|t:|1700447242\n|switch|p2a: Lopunny|Lopunny-Mega, M|38\/100\n|turn|25\n|\n|t:|1700447249\n|move|p2a: Lopunny|Fake Out|p1a: Excadrill\n|-resisted|p1a: Excadrill\n|-damage|p1a: Excadrill|52\/100\n|cant|p1a: Excadrill|flinch\n|\n|upkeep\n|turn|26\n|\n|t:|1700447254\n|move|p2a: Lopunny|Close Combat|p1a: Excadrill\n|-supereffective|p1a: Excadrill\n|-damage|p1a: Excadrill|0 fnt\n|-unboost|p2a: Lopunny|def|1\n|-unboost|p2a: Lopunny|spd|1\n|faint|p1a: Excadrill\n|\n|upkeep\n|\n|t:|1700447260\n|switch|p1a: Serperior|Serperior, F|70\/100 par\n|-damage|p1a: Serperior|58\/100 par|[from] Stealth Rock\n|turn|27\n|\n|t:|1700447264\n|move|p2a: Lopunny|Close Combat|p1a: Serperior\n|-damage|p1a: Serperior|0 fnt\n|-unboost|p2a: Lopunny|def|1\n|-unboost|p2a: Lopunny|spd|1\n|faint|p1a: Serperior\n|\n|win|sgzf\n|raw|jdblissey's rating: 1118 &rarr; <strong>1097<\/strong><br \/>(-21 for losing)\n|raw|sgzf's rating: 1172 &rarr; <strong>1193<\/strong><br \/>(+21 for winning)\n|c|\u2606jdblissey|gg!\n","uploadtime":1700447273,"views":4,"p1id":"jdblissey","p2id":"sgzf","formatid":"gen9nationaldex","rating":1097,"private":0,"password":""}