{"id":"gen9nationaldex-1993430967","p1":"Andolic 47","p2":"Krish2278","format":"[Gen 9] National Dex","log":"|j|\u2606Andolic 47\n|j|\u2606Krish2278\n|t:|1700316986\n|gametype|singles\n|player|p1|Andolic 47|acetrainer|\n|player|p2|Krish2278|riley|\n|teamsize|p1|6\n|teamsize|p2|6\n|gen|9\n|tier|[Gen 9] National Dex\n|rule|HP Percentage Mod: HP is shown in percentages\n|rule|Endless Battle Clause: Forcing endless battles is banned\n|rule|OHKO Clause: OHKO moves are banned\n|rule|Evasion Clause: Evasion abilities, items, and moves are banned\n|rule|Evasion Abilities Clause: Evasion abilities are banned\n|rule|Evasion Items Clause: Evasion items are banned\n|rule|Evasion Moves Clause: Evasion moves are banned\n|rule|Species Clause: Limit one of each Pok\u00e9mon\n|rule|Sleep Clause Mod: Limit one foe put to sleep\n|clearpoke\n|poke|p1|Iron Leaves|\n|poke|p1|Tapu Koko|\n|poke|p1|Aegislash, M|\n|poke|p1|Hawlucha, M|\n|poke|p1|Greninja-*, M|\n|poke|p1|Heatran, M|\n|poke|p2|Gliscor, M|\n|poke|p2|Rillaboom, M|\n|poke|p2|Dragonite, F|\n|poke|p2|Scizor, F|\n|poke|p2|Zapdos|\n|poke|p2|Kommo-o, F|\n|teampreview\n|\n|t:|1700317005\n|start\n|switch|p1a: Greninja|Greninja, M|100\/100\n|switch|p2a: Drimitry|Zapdos|100\/100\n|turn|1\n|\n|t:|1700317019\n|switch|p1a: Tapu Koko|Tapu Koko|100\/100\n|-fieldstart|move: Electric Terrain|[from] ability: Electric Surge|[of] p1a: Tapu Koko\n|switch|p2a: Orion|Scizor, F, shiny|100\/100\n|\n|upkeep\n|turn|2\n|\n|t:|1700317028\n|switch|p1a: Heatran|Heatran, M|100\/100\n|-item|p1a: Heatran|Air Balloon\n|detailschange|p2a: Orion|Scizor-Mega, F, shiny\n|-mega|p2a: Orion|Scizor|Scizorite\n|move|p2a: Orion|Trailblaze|p1a: Heatran\n|-resisted|p1a: Heatran\n|-damage|p1a: Heatran|92\/100\n|-boost|p2a: Orion|spe|1\n|-status|p2a: Orion|brn|[from] ability: Flame Body|[of] p1a: Heatran\n|-enditem|p1a: Heatran|Air Balloon\n|\n|-damage|p2a: Orion|94\/100 brn|[from] brn\n|upkeep\n|turn|3\n|\n|t:|1700317052\n|switch|p2a: Sonia|Kommo-o, F, shiny|100\/100\n|move|p1a: Heatran|Stealth Rock|p2a: Sonia\n|-sidestart|p2: Krish2278|move: Stealth Rock\n|\n|upkeep\n|turn|4\n|\n|t:|1700317062\n|switch|p1a: Hawlucha|Hawlucha, M|100\/100\n|-enditem|p1a: Hawlucha|Electric Seed\n|-boost|p1a: Hawlucha|def|1|[from] item: Electric Seed\n|move|p2a: Sonia|Earthquake|p1a: Hawlucha\n|-immune|p1a: Hawlucha\n|\n|upkeep\n|turn|5\n|j| Poke_Gamer_Devil\n|\n|t:|1700317070\n|switch|p2a: Drimitry|Zapdos|100\/100\n|-damage|p2a: Drimitry|76\/100|[from] Stealth Rock\n|move|p1a: Hawlucha|Swords Dance|p1a: Hawlucha\n|-boost|p1a: Hawlucha|atk|2\n|\n|-heal|p2a: Drimitry|82\/100|[from] item: Leftovers\n|upkeep\n|turn|6\n|\n|t:|1700317083\n|move|p1a: Hawlucha|Acrobatics|p2a: Drimitry\n|-resisted|p2a: Drimitry\n|-damage|p2a: Drimitry|24\/100\n|move|p2a: Drimitry|Thunderbolt|p1a: Hawlucha\n|-supereffective|p1a: Hawlucha\n|-crit|p1a: Hawlucha\n|-damage|p1a: Hawlucha|0 fnt\n|faint|p1a: Hawlucha\n|\n|-heal|p2a: Drimitry|30\/100|[from] item: Leftovers\n|upkeep\n|\n|t:|1700317095\n|switch|p1a: Greninja|Greninja, M|100\/100\n|turn|7\n|c|\u2606Krish2278|Merko static karna tha\n|\n|t:|1700317103\n|switch|p2a: Orion|Scizor-Mega, F, shiny|94\/100 brn\n|-damage|p2a: Orion|82\/100 brn|[from] Stealth Rock\n|move|p1a: Greninja|Ice Beam|p2a: Orion\n|-resisted|p2a: Orion\n|-damage|p2a: Orion|68\/100 brn\n|\n|-damage|p2a: Orion|62\/100 brn|[from] brn\n|upkeep\n|turn|8\n|c| Poke_Gamer_Devil|Luck \ud83d\udc80\n|c| Poke_Gamer_Devil|Flame bodu\n|j| Gaurav Charizard x\n|\n|t:|1700317113\n|switch|p1a: Aegislash|Aegislash, M|100\/100\n|move|p2a: Orion|Close Combat|p1a: Aegislash\n|-immune|p1a: Aegislash\n|\n|-damage|p2a: Orion|56\/100 brn|[from] brn\n|-fieldend|move: Electric Terrain\n|upkeep\n|turn|9\n|\n|t:|1700317123\n|move|p2a: Orion|Swords Dance|p2a: Orion\n|-boost|p2a: Orion|atk|2\n|-formechange|p1a: Aegislash|Aegislash-Blade||[from] ability: Stance Change\n|move|p1a: Aegislash|Shadow Ball|p2a: Orion\n|-damage|p2a: Orion|22\/100 brn\n|\n|-damage|p2a: Orion|16\/100 brn|[from] brn\n|upkeep\n|turn|10\n|c| Poke_Gamer_Devil|Wow acrobatics\n|\n|t:|1700317134\n|-formechange|p1a: Aegislash|Aegislash||[from] ability: Stance Change\n|move|p1a: Aegislash|King's Shield|p1a: Aegislash\n|-singleturn|p1a: Aegislash|Protect\n|move|p2a: Orion|Trailblaze|p1a: Aegislash\n|-activate|p1a: Aegislash|move: Protect\n|-unboost|p2a: Orion|atk|1\n|\n|-damage|p2a: Orion|10\/100 brn|[from] brn\n|upkeep\n|turn|11\n|\n|t:|1700317147\n|move|p2a: Orion|Trailblaze|p1a: Aegislash\n|-resisted|p1a: Aegislash\n|-damage|p1a: Aegislash|92\/100\n|-boost|p2a: Orion|spe|1\n|-formechange|p1a: Aegislash|Aegislash-Blade||[from] ability: Stance Change\n|move|p1a: Aegislash|Shadow Ball|p2a: Orion\n|-damage|p2a: Orion|0 fnt\n|faint|p2a: Orion\n|\n|upkeep\n|j| Kartik thats it\n|\n|t:|1700317165\n|switch|p2a: Wokomg|Dragonite, F, shiny|100\/100\n|turn|12\n|\n|t:|1700317174\n|move|p2a: Wokomg|Dragon Dance|p2a: Wokomg\n|-boost|p2a: Wokomg|atk|1\n|-boost|p2a: Wokomg|spe|1\n|-zpower|p1a: Aegislash\n|move|p1a: Aegislash|Corkscrew Crash|p2a: Wokomg|[zeffect]\n|-damage|p2a: Wokomg|58\/100\n|\n|upkeep\n|turn|13\n|c| Poke_Gamer_Devil|Rs wins\n|\n|t:|1700317184\n|move|p2a: Wokomg|Dragon Dance|p2a: Wokomg\n|-boost|p2a: Wokomg|atk|1\n|-boost|p2a: Wokomg|spe|1\n|move|p1a: Aegislash|Shadow Ball|p2a: Wokomg\n|-damage|p2a: Wokomg|20\/100\n|\n|upkeep\n|turn|14\n|\n|t:|1700317192\n|-terastallize|p2a: Wokomg|Normal\n|-formechange|p1a: Aegislash|Aegislash||[from] ability: Stance Change\n|move|p1a: Aegislash|King's Shield|p1a: Aegislash\n|-singleturn|p1a: Aegislash|Protect\n|move|p2a: Wokomg|Earthquake|p1a: Aegislash\n|-activate|p1a: Aegislash|move: Protect\n|\n|upkeep\n|turn|15\n|\n|t:|1700317202\n|move|p2a: Wokomg|Earthquake|p1a: Aegislash\n|-supereffective|p1a: Aegislash\n|-damage|p1a: Aegislash|0 fnt\n|faint|p1a: Aegislash\n|\n|upkeep\n|\n|t:|1700317217\n|switch|p1a: Tapu Koko|Tapu Koko|100\/100\n|-fieldstart|move: Electric Terrain|[from] ability: Electric Surge|[of] p1a: Tapu Koko\n|turn|16\n|c| Poke_Gamer_Devil|Greninja\n|c| Poke_Gamer_Devil|Aur water shuriken\n|\n|t:|1700317223\n|move|p2a: Wokomg|Earthquake|p1a: Tapu Koko\n|-supereffective|p1a: Tapu Koko\n|-damage|p1a: Tapu Koko|0 fnt\n|faint|p1a: Tapu Koko\n|\n|upkeep\n|c| Poke_Gamer_Devil|Vaah\n|\n|t:|1700317237\n|switch|p1a: Greninja|Greninja, M|100\/100\n|turn|17\n|\n|t:|1700317241\n|move|p2a: Wokomg|Extreme Speed|p1a: Greninja\n|-enditem|p1a: Greninja|Focus Sash\n|-damage|p1a: Greninja|1\/100\n|move|p1a: Greninja|Ice Beam|p2a: Wokomg\n|-damage|p2a: Wokomg|0 fnt\n|faint|p2a: Wokomg\n|-ability|p1a: Greninja|Battle Bond|boost\n|-boost|p1a: Greninja|atk|1\n|-boost|p1a: Greninja|spa|1\n|-boost|p1a: Greninja|spe|1\n|-activate|p1a: Greninja|ability: Battle Bond\n|\n|upkeep\n|c|\u2606Krish2278|Yaar\n|c|\u2606Krish2278|Slash\n|c| Poke_Gamer_Devil|Sash*\n|c| Poke_Gamer_Devil|Water shuri chlana tha usko\n|\n|t:|1700317272\n|switch|p2a: Woko|Rillaboom, M, shiny|100\/100\n|-damage|p2a: Woko|88\/100|[from] Stealth Rock\n|-fieldstart|move: Grassy Terrain|[from] ability: Grassy Surge|[of] p2a: Woko\n|turn|18\n|\n|t:|1700317278\n|switch|p1a: Heatran|Heatran, M|92\/100\n|move|p2a: Woko|Grassy Glide|p1a: Heatran\n|-resisted|p1a: Heatran\n|-damage|p1a: Heatran|80\/100\n|-damage|p2a: Woko|78\/100|[from] item: Life Orb\n|\n|-heal|p2a: Woko|84\/100|[from] Grassy Terrain\n|-heal|p1a: Heatran|86\/100|[from] Grassy Terrain\n|upkeep\n|turn|19\n|\n|t:|1700317289\n|move|p2a: Woko|Drain Punch|p1a: Heatran\n|-supereffective|p1a: Heatran\n|-damage|p1a: Heatran|15\/100\n|-heal|p2a: Woko|100\/100|[from] drain|[of] p1a: Heatran\n|-damage|p2a: Woko|91\/100|[from] item: Life Orb\n|move|p1a: Heatran|Magma Storm|p2a: Woko\n|-supereffective|p2a: Woko\n|-damage|p2a: Woko|0 fnt\n|faint|p2a: Woko\n|\n|-heal|p1a: Heatran|21\/100|[from] Grassy Terrain\n|upkeep\n|\n|t:|1700317302\n|switch|p2a: Skyler|Gliscor, M, shiny|100\/100\n|-damage|p2a: Skyler|88\/100|[from] Stealth Rock\n|turn|20\n|\n|t:|1700317312\n|move|p1a: Heatran|Magma Storm|p2a: Skyler|[miss]\n|-miss|p1a: Heatran|p2a: Skyler\n|move|p2a: Skyler|Defog|p1a: Heatran\n|-unboost|p1a: Heatran|evasion|1\n|-sideend|p2: Krish2278|Stealth Rock|[from] move: Defog|[of] p2a: Skyler\n|-fieldend|move: Grassy Terrain\n|\n|-status|p2a: Skyler|tox|[from] item: Toxic Orb\n|upkeep\n|turn|21\n|\n|t:|1700317323\n|move|p1a: Heatran|Magma Storm|p2a: Skyler|[miss]\n|-miss|p1a: Heatran|p2a: Skyler\n|move|p2a: Skyler|Facade|p1a: Heatran\n|-resisted|p1a: Heatran\n|-damage|p1a: Heatran|0 fnt\n|faint|p1a: Heatran\n|\n|-heal|p2a: Skyler|100\/100 tox|[from] ability: Poison Heal\n|upkeep\n|c| Poke_Gamer_Devil|Bichari iron leaves\n|\n|t:|1700317334\n|switch|p1a: Greninja|Greninja, M|1\/100\n|turn|22\n|c| Poke_Gamer_Devil|Ice beam spam\n|\n|t:|1700317348\n|move|p1a: Greninja|Ice Beam|p2a: Skyler\n|-supereffective|p2a: Skyler\n|-damage|p2a: Skyler|0 fnt\n|faint|p2a: Skyler\n|\n|upkeep\n|\n|t:|1700317352\n|switch|p2a: Sonia|Kommo-o, F, shiny|100\/100\n|turn|23\n|\n|t:|1700317358\n|move|p1a: Greninja|Ice Beam|p2a: Sonia\n|-supereffective|p2a: Sonia\n|-damage|p2a: Sonia|34\/100\n|-zpower|p2a: Sonia\n|move|p2a: Sonia|Clangorous Soulblaze|p1a: Greninja|[zeffect]\n|-damage|p1a: Greninja|0 fnt\n|faint|p1a: Greninja\n|-boost|p2a: Sonia|atk|1\n|-boost|p2a: Sonia|def|1\n|-boost|p2a: Sonia|spa|1\n|-boost|p2a: Sonia|spd|1\n|-boost|p2a: Sonia|spe|1\n|\n|upkeep\n|c|\u2606Krish2278|Intresting match\n|c| Poke_Gamer_Devil|\ud83c\udf1a\n|\n|t:|1700317373\n|switch|p1a: Iron Leaves|Iron Leaves|100\/100\n|-enditem|p1a: Iron Leaves|Booster Energy\n|-activate|p1a: Iron Leaves|ability: Quark Drive|[fromitem]\n|-start|p1a: Iron Leaves|quarkdriveatk\n|turn|24\n|c| Poke_Gamer_Devil|Meko to nai lga\n|\n|t:|1700317380\n|-terastallize|p1a: Iron Leaves|Fairy\n|move|p2a: Sonia|Clanging Scales|p1a: Iron Leaves\n|-immune|p1a: Iron Leaves\n|move|p1a: Iron Leaves|Psyblade|p2a: Sonia\n|-supereffective|p2a: Sonia\n|-damage|p2a: Sonia|0 fnt\n|faint|p2a: Sonia\n|\n|upkeep\n|c|\u2606Krish2278|Fu k\n|c|\u2606Krish2278|Rs wo\n|c| Poke_Gamer_Devil|Lol ho gya\n|c| Kartik thats it|Yeah\n|\n|t:|1700317394\n|switch|p2a: Drimitry|Zapdos|30\/100\n|turn|25\n|c| Poke_Gamer_Devil|\ud83d\ude02\ud83d\ude02\n|\n|t:|1700317399\n|move|p1a: Iron Leaves|Psyblade|p2a: Drimitry\n|-damage|p2a: Drimitry|0 fnt\n|faint|p2a: Drimitry\n|\n|win|Andolic 47\n|c|\u2606Krish2278|Fuck\n","uploadtime":1700317458,"views":7,"p1id":"andolic47","p2id":"krish2278","formatid":"gen9nationaldex","rating":0,"private":0,"password":""}