{"id":"gen9nationaldex-1988911748","p1":"SylverOmega","p2":"Remus154","format":"[Gen 9] National Dex","log":"|j|\u2606SylverOmega\n|j|\u2606Remus154\n|t:|1699786303\n|gametype|singles\n|player|p1|SylverOmega|palmer|1259\n|player|p2|Remus154|101|1224\n|teamsize|p1|6\n|teamsize|p2|6\n|gen|9\n|tier|[Gen 9] National Dex\n|rated|\n|rule|HP Percentage Mod: HP is shown in percentages\n|rule|Endless Battle Clause: Forcing endless battles is banned\n|rule|OHKO Clause: OHKO moves are banned\n|rule|Evasion Clause: Evasion abilities, items, and moves are banned\n|rule|Evasion Abilities Clause: Evasion abilities are banned\n|rule|Evasion Items Clause: Evasion items are banned\n|rule|Evasion Moves Clause: Evasion moves are banned\n|rule|Species Clause: Limit one of each Pok\u00e9mon\n|rule|Sleep Clause Mod: Limit one foe put to sleep\n|clearpoke\n|poke|p1|Torkoal, M|\n|poke|p1|Ceruledge, M|\n|poke|p1|Sceptile, F|\n|poke|p1|Moltres|\n|poke|p1|Enamorus, F|\n|poke|p1|Lilligant-Hisui, F|\n|poke|p2|Ferrothorn, M|\n|poke|p2|Darmanitan, M|\n|poke|p2|Crawdaunt, M|\n|poke|p2|Serperior, M|\n|poke|p2|Garchomp, M|\n|poke|p2|Zoroark-Hisui, M|\n|teampreview\n|inactive|Battle timer is ON: inactive players will automatically lose when time's up. (requested by SylverOmega)\n|c|\u2606SylverOmega|Hf\n|\n|t:|1699786318\n|start\n|switch|p1a: Torkoal|Torkoal, M|100\/100\n|switch|p2a: Garchomp|Garchomp, M|100\/100\n|-weather|SunnyDay|[from] ability: Drought|[of] p1a: Torkoal\n|turn|1\n|\n|t:|1699786333\n|switch|p1a: Sceptile|Sceptile, F|100\/100\n|move|p2a: Garchomp|Earth Power|p1a: Sceptile\n|-resisted|p1a: Sceptile\n|-damage|p1a: Sceptile|65\/100\n|\n|-weather|SunnyDay|[upkeep]\n|upkeep\n|turn|2\n|\n|t:|1699786343\n|switch|p2a: Ferrothorn|Ferrothorn, M|100\/100\n|detailschange|p1a: Sceptile|Sceptile-Mega, F\n|-mega|p1a: Sceptile|Sceptile|Sceptilite\n|move|p1a: Sceptile|Dragon Pulse|p2a: Ferrothorn\n|-resisted|p2a: Ferrothorn\n|-damage|p2a: Ferrothorn|79\/100\n|\n|-weather|SunnyDay|[upkeep]\n|upkeep\n|turn|3\n|\n|t:|1699786354\n|move|p1a: Sceptile|Focus Blast|p2a: Ferrothorn\n|-supereffective|p2a: Ferrothorn\n|-damage|p2a: Ferrothorn|0 fnt\n|faint|p2a: Ferrothorn\n|\n|-weather|SunnyDay|[upkeep]\n|upkeep\n|\n|t:|1699786363\n|switch|p2a: Darmanitan|Darmanitan, M|100\/100\n|turn|4\n|\n|t:|1699786377\n|switch|p1a: Torkoal|Torkoal, M|100\/100\n|move|p2a: Darmanitan|U-turn|p1a: Torkoal\n|-resisted|p1a: Torkoal\n|-damage|p1a: Torkoal|91\/100\n|\n|t:|1699786384\n|switch|p2a: Garchomp|Garchomp, M|100\/100|[from] U-turn\n|\n|-weather|SunnyDay|[upkeep]\n|upkeep\n|turn|5\n|\n|t:|1699786391\n|move|p2a: Garchomp|Power Gem|p1a: Torkoal\n|-supereffective|p1a: Torkoal\n|-damage|p1a: Torkoal|41\/100\n|move|p1a: Torkoal|Will-O-Wisp|p2a: Garchomp\n|-status|p2a: Garchomp|brn\n|\n|-weather|SunnyDay|[upkeep]\n|-damage|p2a: Garchomp|94\/100 brn|[from] brn\n|upkeep\n|turn|6\n|\n|t:|1699786402\n|switch|p1a: Lilligant|Lilligant-Hisui, F|100\/100\n|move|p2a: Garchomp|Power Gem|p1a: Lilligant\n|-resisted|p1a: Lilligant\n|-damage|p1a: Lilligant|77\/100\n|\n|-weather|SunnyDay|[upkeep]\n|-damage|p2a: Garchomp|88\/100 brn|[from] brn\n|upkeep\n|turn|7\n|\n|t:|1699786413\n|switch|p2a: Darmanitan|Darmanitan, M|100\/100\n|move|p1a: Lilligant|Ice Spinner|p2a: Darmanitan\n|-resisted|p2a: Darmanitan\n|-damage|p2a: Darmanitan|80\/100\n|\n|-weather|SunnyDay|[upkeep]\n|upkeep\n|turn|8\n|\n|t:|1699786428\n|move|p1a: Lilligant|Axe Kick|p2a: Darmanitan|[miss]\n|-miss|p1a: Lilligant|p2a: Darmanitan\n|-damage|p1a: Lilligant|27\/100|[from] highjumpkick\n|move|p2a: Darmanitan|Flare Blitz|p1a: Lilligant\n|-supereffective|p1a: Lilligant\n|-damage|p1a: Lilligant|0 fnt\n|faint|p1a: Lilligant\n|-damage|p2a: Darmanitan|73\/100|[from] Recoil\n|\n|-weather|none\n|upkeep\n|\n|t:|1699786442\n|switch|p1a: Torkoal|Torkoal, M|41\/100\n|-weather|SunnyDay|[from] ability: Drought|[of] p1a: Torkoal\n|turn|9\n|\n|t:|1699786449\n|switch|p1a: Ceruledge|Ceruledge, M|100\/100\n|-terastallize|p2a: Darmanitan|Fire\n|move|p2a: Darmanitan|Flare Blitz|p1a: Ceruledge\n|-resisted|p1a: Ceruledge\n|-enditem|p1a: Ceruledge|Focus Sash\n|-damage|p1a: Ceruledge|1\/100\n|-ability|p1a: Ceruledge|Weak Armor|boost\n|-unboost|p1a: Ceruledge|def|1\n|-boost|p1a: Ceruledge|spe|2\n|-damage|p2a: Darmanitan|46\/100|[from] Recoil\n|\n|-weather|SunnyDay|[upkeep]\n|upkeep\n|turn|10\n|\n|t:|1699786465\n|-terastallize|p1a: Ceruledge|Fire\n|move|p2a: Darmanitan|Flare Blitz|p1a: Ceruledge\n|-resisted|p1a: Ceruledge\n|-crit|p1a: Ceruledge\n|-damage|p1a: Ceruledge|0 fnt\n|faint|p1a: Ceruledge\n|-damage|p2a: Darmanitan|46\/100|[from] Recoil\n|\n|-weather|SunnyDay|[upkeep]\n|upkeep\n|\n|t:|1699786479\n|switch|p1a: Moltres|Moltres|100\/100\n|turn|11\n|\n|t:|1699786485\n|move|p2a: Darmanitan|Flare Blitz|p1a: Moltres\n|-resisted|p1a: Moltres\n|-damage|p1a: Moltres|37\/100\n|-damage|p2a: Darmanitan|23\/100|[from] Recoil\n|move|p1a: Moltres|Air Slash|p2a: Darmanitan\n|-damage|p2a: Darmanitan|0 fnt\n|faint|p2a: Darmanitan\n|\n|-weather|SunnyDay|[upkeep]\n|upkeep\n|\n|t:|1699786498\n|switch|p2a: Garchomp|Garchomp, M|88\/100 brn\n|turn|12\n|\n|t:|1699786504\n|switch|p1a: Sceptile|Sceptile-Mega, F|65\/100\n|move|p2a: Garchomp|Power Gem|p1a: Sceptile\n|-damage|p1a: Sceptile|21\/100\n|\n|-weather|SunnyDay|[upkeep]\n|-damage|p2a: Garchomp|82\/100 brn|[from] brn\n|upkeep\n|turn|13\n|\n|t:|1699786520\n|switch|p2a: Serperior|Serperior, M|100\/100\n|move|p1a: Sceptile|Solar Beam||[still]\n|-prepare|p1a: Sceptile|Solar Beam\n|-anim|p1a: Sceptile|Solar Beam|p2a: Serperior\n|-resisted|p2a: Serperior\n|-crit|p2a: Serperior\n|-damage|p2a: Serperior|44\/100\n|\n|-weather|SunnyDay|[upkeep]\n|-heal|p2a: Serperior|50\/100|[from] item: Leftovers\n|upkeep\n|turn|14\n|\n|t:|1699786532\n|move|p1a: Sceptile|Dragon Pulse|p2a: Serperior\n|-damage|p2a: Serperior|0 fnt\n|faint|p2a: Serperior\n|\n|-weather|SunnyDay|[upkeep]\n|upkeep\n|\n|t:|1699786541\n|switch|p2a: Crawdaunt|Crawdaunt, M|100\/100\n|turn|15\n|\n|t:|1699786547\n|move|p1a: Sceptile|Solar Beam||[still]\n|-prepare|p1a: Sceptile|Solar Beam\n|-anim|p1a: Sceptile|Solar Beam|p2a: Crawdaunt\n|-enditem|p2a: Crawdaunt|Focus Sash\n|-damage|p2a: Crawdaunt|1\/100\n|replace|p2a: Zoroark|Zoroark-Hisui, M\n|-end|p2a: Zoroark|Illusion\n|move|p2a: Zoroark|Bitter Malice|p1a: Sceptile\n|-damage|p1a: Sceptile|0 fnt\n|faint|p1a: Sceptile\n|\n|-weather|SunnyDay|[upkeep]\n|upkeep\n|\n|t:|1699786564\n|switch|p1a: Enamorus|Enamorus, F|100\/100\n|turn|16\n|\n|t:|1699786573\n|move|p1a: Enamorus|Moonblast|p2a: Zoroark\n|-damage|p2a: Zoroark|0 fnt\n|faint|p2a: Zoroark\n|\n|-weather|none\n|upkeep\n|\n|t:|1699786584\n|switch|p2a: Crawdaunt|Crawdaunt, M|100\/100\n|turn|17\n|\n|t:|1699786592\n|switch|p1a: Torkoal|Torkoal, M|41\/100\n|-weather|SunnyDay|[from] ability: Drought|[of] p1a: Torkoal\n|move|p2a: Crawdaunt|Aqua Jet|p1a: Torkoal\n|-supereffective|p1a: Torkoal\n|-damage|p1a: Torkoal|7\/100\n|\n|-weather|SunnyDay|[upkeep]\n|upkeep\n|turn|18\n|\n|t:|1699786605\n|move|p2a: Crawdaunt|Aqua Jet|p1a: Torkoal\n|-supereffective|p1a: Torkoal\n|-damage|p1a: Torkoal|0 fnt\n|faint|p1a: Torkoal\n|\n|-weather|SunnyDay|[upkeep]\n|upkeep\n|\n|t:|1699786612\n|switch|p1a: Moltres|Moltres|37\/100\n|turn|19\n|\n|t:|1699786621\n|move|p2a: Crawdaunt|Aqua Jet|p1a: Moltres\n|-supereffective|p1a: Moltres\n|-damage|p1a: Moltres|8\/100\n|-status|p2a: Crawdaunt|brn|[from] ability: Flame Body|[of] p1a: Moltres\n|move|p1a: Moltres|Roost|p1a: Moltres\n|-heal|p1a: Moltres|58\/100\n|-singleturn|p1a: Moltres|move: Roost\n|\n|-weather|SunnyDay|[upkeep]\n|-damage|p2a: Crawdaunt|94\/100 brn|[from] brn\n|upkeep\n|turn|20\n|\n|t:|1699786638\n|switch|p2a: Garchomp|Garchomp, M|82\/100 brn\n|move|p1a: Moltres|Roost|p1a: Moltres\n|-heal|p1a: Moltres|100\/100\n|-singleturn|p1a: Moltres|move: Roost\n|\n|-weather|SunnyDay|[upkeep]\n|-damage|p2a: Garchomp|76\/100 brn|[from] brn\n|upkeep\n|turn|21\n|\n|t:|1699786648\n|move|p2a: Garchomp|Power Gem|p1a: Moltres\n|-supereffective|p1a: Moltres\n|-damage|p1a: Moltres|0 fnt\n|faint|p1a: Moltres\n|\n|-weather|SunnyDay|[upkeep]\n|-damage|p2a: Garchomp|70\/100 brn|[from] brn\n|upkeep\n|\n|t:|1699786656\n|switch|p1a: Enamorus|Enamorus, F|100\/100\n|turn|22\n|\n|t:|1699786662\n|move|p1a: Enamorus|Moonblast|p2a: Garchomp\n|-supereffective|p2a: Garchomp\n|-damage|p2a: Garchomp|0 fnt\n|faint|p2a: Garchomp\n|\n|-weather|SunnyDay|[upkeep]\n|upkeep\n|\n|t:|1699786669\n|switch|p2a: Crawdaunt|Crawdaunt, M|94\/100 brn\n|turn|23\n|\n|t:|1699786674\n|move|p1a: Enamorus|Moonblast|p2a: Crawdaunt\n|-supereffective|p2a: Crawdaunt\n|-damage|p2a: Crawdaunt|0 fnt\n|faint|p2a: Crawdaunt\n|\n|win|SylverOmega\n|raw|SylverOmega's rating: 1259 &rarr; <strong>1281<\/strong><br \/>(+22 for winning)\n|raw|Remus154's rating: 1224 &rarr; <strong>1202<\/strong><br \/>(-22 for losing)\n|l|\u2606Remus154\n","uploadtime":1699786682,"views":5,"p1id":"sylveromega","p2id":"remus154","formatid":"gen9nationaldex","rating":1202,"private":0,"password":""}