{"id":"gen9nationaldex-1987407177","p1":"plague070","p2":"trenko","format":"[Gen 9] National Dex","log":"|j|\u2606plague070\n|j|\u203dtrenko\n|t:|1699587317\n|gametype|singles\n|player|p1|plague070|allister|\n|player|p2|trenko|pokekid|\n|teamsize|p1|6\n|teamsize|p2|6\n|gen|9\n|tier|[Gen 9] National Dex\n|rule|HP Percentage Mod: HP is shown in percentages\n|rule|Endless Battle Clause: Forcing endless battles is banned\n|rule|OHKO Clause: OHKO moves are banned\n|rule|Evasion Clause: Evasion abilities, items, and moves are banned\n|rule|Evasion Abilities Clause: Evasion abilities are banned\n|rule|Evasion Items Clause: Evasion items are banned\n|rule|Evasion Moves Clause: Evasion moves are banned\n|rule|Species Clause: Limit one of each Pok\u00e9mon\n|rule|Sleep Clause Mod: Limit one foe put to sleep\n|clearpoke\n|poke|p1|Tapu Lele|\n|poke|p1|Blacephalon|\n|poke|p1|Sneasler, M|\n|poke|p1|Gastrodon, M|\n|poke|p1|Moltres|\n|poke|p1|Altaria, F|\n|poke|p2|Mew|\n|poke|p2|Hatterene, F|\n|poke|p2|Marowak-Alola, F|\n|poke|p2|Iron Hands|\n|poke|p2|Stakataka|\n|poke|p2|Abomasnow, F|\n|teampreview\n|inactive|Battle timer is ON: inactive players will automatically lose when time's up. (requested by trenko)\n|c|\u2606plague070|yo this dude lied LMFAO\n|j| homixide poopoo\n|j| jonglobobe\n|j| Megakid20\n|inactive|plague070 has 270 seconds left.\n|inactive|trenko has 270 seconds left.\n|c|\u2606plague070|almost took reuniclus out the subs\n|c| Megakid20|wow\n|j| stepback wemby\n|c|\u2606plague070|glad i aint\n|c| Megakid20|trenko just lied LMAO\n|j| Keykard\n|c| Keykard|what a pos\n|j| troubadour9\n|inactive|plague070 has 240 seconds left.\n|inactive|trenko has 240 seconds left.\n|j| atraino3\n|inactive|trenko has 210 seconds left.\n|\n|t:|1699587420\n|start\n|switch|p1a: Mr dappermint|Blacephalon|100\/100\n|switch|p2a: Mew|Mew|100\/100\n|turn|1\n|inactive|trenko has 270 seconds left.\n|\n|t:|1699587426\n|move|p1a: Mr dappermint|Shadow Ball|p2a: Mew\n|-supereffective|p2a: Mew\n|-enditem|p2a: Mew|Kasib Berry|[eat]\n|-enditem|p2a: Mew|Kasib Berry|[weaken]\n|-damage|p2a: Mew|47\/100\n|-unboost|p2a: Mew|spd|1\n|move|p2a: Mew|Trick Room|p2a: Mew\n|-fieldstart|move: Trick Room|[of] p2a: Mew\n|\n|upkeep\n|turn|2\n|c| stepback wemby|W NAME\n|c| stepback wemby|>???\n|inactive|trenko has 270 seconds left.\n|c| Keykard|LMFAO\n|c|\u2606plague070|dude\n|c| Keykard|please ban berries\n|c|\u2606plague070|where did my sneasler name go????\n|inactive|plague070 has 270 seconds left.\n|\n|t:|1699587464\n|switch|p2a: Stakataka|Stakataka|100\/100\n|switch|p1a: Gastro boomin|Gastrodon, M|100\/100\n|\n|upkeep\n|turn|3\n|l| jonglobobe\n|j| jonglobobe\n|inactive|plague070 has 270 seconds left.\n|n| jonglobobe|jonglobobe\n|\n|t:|1699587473\n|switch|p2a: Mew|Mew|47\/100\n|move|p1a: Gastro boomin|Earth Power|p2a: Mew\n|-damage|p2a: Mew|25\/100\n|\n|upkeep\n|turn|4\n|\n|t:|1699587479\n|move|p1a: Gastro boomin|Toxic|p2a: Mew|[miss]\n|-miss|p1a: Gastro boomin|p2a: Mew\n|move|p2a: Mew|Roost|p2a: Mew\n|-heal|p2a: Mew|75\/100\n|-singleturn|p2a: Mew|move: Roost\n|\n|upkeep\n|turn|5\n|c| Keykard|wow\n|\n|t:|1699587491\n|switch|p2a: Hatterene|Hatterene, F|100\/100\n|move|p1a: Gastro boomin|Toxic|p2a: Hatterene\n|move|p2a: Hatterene|Toxic|p1a: Gastro boomin|[from]ability: Magic Bounce\n|-status|p1a: Gastro boomin|tox\n|\n|-damage|p1a: Gastro boomin|94\/100 tox|[from] psn\n|-fieldend|move: Trick Room\n|upkeep\n|turn|6\n|c| stepback wemby|gg\n|c| Keykard|LOL\n|c|\u2606plague070|dude i forgot\n|c|\u2606plague070|this asshole\n|c| stepback wemby|click x\n|inactive|plague070 has 270 seconds left.\n|c|\u2606plague070|has that\n|c|\u2606plague070|LMFAO\n|c|\u2606plague070|ok\n|\n|t:|1699587511\n|switch|p1a: Chicken|Moltres|100\/100\n|move|p2a: Hatterene|Trick Room|p2a: Hatterene\n|-fieldstart|move: Trick Room|[of] p2a: Hatterene\n|\n|upkeep\n|turn|7\n|c| jonglobobe|Thats not a fortnite skin\n|c|\u2606plague070|yeah sorry\n|\n|t:|1699587526\n|switch|p2a: Marowak|Marowak-Alola, F, shiny|100\/100\n|move|p1a: Chicken|U-turn|p2a: Marowak\n|-resisted|p2a: Marowak\n|-damage|p2a: Marowak|97\/100\n|c|\u2606plague070|i clocked out of that theme at dappermint\n|inactive|plague070 has 270 seconds left.\n|\n|t:|1699587555\n|switch|p1a: Lana Del Rey|Altaria, F|100\/100|[from] U-turn\n|\n|upkeep\n|turn|8\n|\n|t:|1699587565\n|switch|p2a: Abomasnow|Abomasnow, F|100\/100\n|-weather|Snow|[from] ability: Snow Warning|[of] p2a: Abomasnow\n|detailschange|p1a: Lana Del Rey|Altaria-Mega, F\n|-mega|p1a: Lana Del Rey|Altaria|Altarianite\n|move|p1a: Lana Del Rey|Earthquake|p2a: Abomasnow\n|-resisted|p2a: Abomasnow\n|-damage|p2a: Abomasnow|89\/100\n|\n|-weather|Snow|[upkeep]\n|upkeep\n|turn|9\n|\n|t:|1699587577\n|switch|p1a: Chicken|Moltres|100\/100\n|detailschange|p2a: Abomasnow|Abomasnow-Mega, F\n|-mega|p2a: Abomasnow|Abomasnow|Abomasite\n|move|p2a: Abomasnow|Aurora Veil|p2a: Abomasnow\n|-sidestart|p2: trenko|move: Aurora Veil\n|\n|-weather|Snow|[upkeep]\n|upkeep\n|turn|10\n|\n|t:|1699587586\n|move|p2a: Abomasnow|Rock Slide|p1a: Chicken\n|-supereffective|p1a: Chicken\n|-damage|p1a: Chicken|11\/100\n|move|p1a: Chicken|Defog|p2a: Abomasnow\n|-unboost|p2a: Abomasnow|evasion|1\n|-sideend|p2: trenko|move: Aurora Veil\n|\n|-weather|Snow|[upkeep]\n|-fieldend|move: Trick Room\n|upkeep\n|turn|11\n|inactive|plague070 has 270 seconds left.\n|\n|t:|1699587593\n|switch|p2a: Hatterene|Hatterene, F|100\/100\n|move|p1a: Chicken|U-turn|p2a: Hatterene\n|-damage|p2a: Hatterene|84\/100\n|\n|t:|1699587597\n|switch|p1a: Mr dappermint|Blacephalon|100\/100|[from] U-turn\n|\n|-weather|Snow|[upkeep]\n|-heal|p2a: Hatterene|90\/100|[from] item: Leftovers\n|upkeep\n|turn|12\n|\n|t:|1699587601\n|-terastallize|p2a: Hatterene|Water\n|move|p1a: Mr dappermint|Shadow Ball|p2a: Hatterene\n|-damage|p2a: Hatterene|39\/100\n|-unboost|p2a: Hatterene|spd|1\n|move|p2a: Hatterene|Trick Room|p2a: Hatterene\n|-fieldstart|move: Trick Room|[of] p2a: Hatterene\n|\n|-weather|none\n|-heal|p2a: Hatterene|45\/100|[from] item: Leftovers\n|upkeep\n|turn|13\n|inactive|plague070 has 270 seconds left.\n|\n|t:|1699587631\n|switch|p2a: Stakataka|Stakataka|100\/100\n|switch|p1a: Hi|Tapu Lele|100\/100\n|-fieldstart|move: Psychic Terrain|[from] ability: Psychic Surge|[of] p1a: Hi\n|\n|upkeep\n|turn|14\n|inactive|plague070 has 270 seconds left.\n|\n|t:|1699587666\n|switch|p1a: Gastro boomin|Gastrodon, M|94\/100 tox\n|move|p2a: Stakataka|Gyro Ball|p1a: Gastro boomin\n|-resisted|p1a: Gastro boomin\n|-damage|p1a: Gastro boomin|69\/100 tox\n|-damage|p2a: Stakataka|91\/100|[from] item: Life Orb\n|\n|-heal|p1a: Gastro boomin|75\/100 tox|[from] item: Leftovers\n|-damage|p1a: Gastro boomin|69\/100 tox|[from] psn\n|upkeep\n|turn|15\n|\n|t:|1699587674\n|switch|p2a: Abomasnow|Abomasnow-Mega, F|89\/100\n|-weather|Snow|[from] ability: Snow Warning|[of] p2a: Abomasnow\n|move|p1a: Gastro boomin|Earth Power|p2a: Abomasnow\n|-resisted|p2a: Abomasnow\n|-damage|p2a: Abomasnow|76\/100\n|\n|-weather|Snow|[upkeep]\n|-heal|p1a: Gastro boomin|75\/100 tox|[from] item: Leftovers\n|-damage|p1a: Gastro boomin|63\/100 tox|[from] psn\n|upkeep\n|turn|16\n|inactive|plague070 has 240 seconds left.\n|j| tidaltao\n|\n|t:|1699587707\n|switch|p1a: Sneasler|Sneasler, M|100\/100\n|-enditem|p1a: Sneasler|Psychic Seed\n|-boost|p1a: Sneasler|spd|1|[from] item: Psychic Seed\n|move|p2a: Abomasnow|Aurora Veil|p2a: Abomasnow\n|-sidestart|p2: trenko|move: Aurora Veil\n|\n|-weather|Snow|[upkeep]\n|-fieldend|move: Trick Room\n|upkeep\n|turn|17\n|c| tidaltao|gyattt\n|c| tidaltao|gyatttytt\n|inactive|plague070 has 210 seconds left.\n|c| tidaltao|I got the gyatti 16\n|c| stepback wemby|shut up[\n|\n|t:|1699587751\n|switch|p2a: Mew|Mew|75\/100\n|-terastallize|p1a: Sneasler|Ice\n|move|p1a: Sneasler|Brick Break|p2a: Mew\n|-sideend|p2: trenko|move: Aurora Veil\n|-resisted|p2a: Mew\n|-damage|p2a: Mew|58\/100\n|\n|-weather|Snow|[upkeep]\n|-fieldend|move: Psychic Terrain\n|upkeep\n|turn|18\n|\n|t:|1699587761\n|move|p1a: Sneasler|Dire Claw|p2a: Mew\n|-damage|p2a: Mew|29\/100\n|-status|p2a: Mew|slp\n|cant|p2a: Mew|slp\n|\n|-weather|Snow|[upkeep]\n|upkeep\n|turn|19\n|j| kensei4k\n|c|\u2606plague070|hugeeee\n|inactive|plague070 has 210 seconds left.\n|l| kensei4k\n|c| stepback wemby|LOL\n|c| tidaltao|I keep that gyatti on me\n|j| kensei4k\n|l| kensei4k\n|\n|t:|1699587778\n|move|p1a: Sneasler|Dire Claw|p2a: Mew\n|-damage|p2a: Mew|0 fnt\n|faint|p2a: Mew\n|\n|-weather|none\n|upkeep\n|j| kensei4k\n|\n|t:|1699587784\n|switch|p2a: Marowak|Marowak-Alola, F, shiny|97\/100\n|turn|20\n|inactive|plague070 has 210 seconds left.\n|inactive|plague070 has 180 seconds left.\n|\n|t:|1699587834\n|switch|p1a: Lana Del Rey|Altaria-Mega, F|100\/100\n|move|p2a: Marowak|Earthquake|p1a: Lana Del Rey\n|-damage|p1a: Lana Del Rey|37\/100\n|\n|upkeep\n|turn|21\n|c| tidaltao|gyattlicious\n|inactive|plague070 has 180 seconds left.\n|\n|t:|1699587841\n|switch|p2a: Abomasnow|Abomasnow-Mega, F|76\/100\n|-weather|Snow|[from] ability: Snow Warning|[of] p2a: Abomasnow\n|move|p1a: Lana Del Rey|Roost|p1a: Lana Del Rey\n|-heal|p1a: Lana Del Rey|87\/100\n|-singleturn|p1a: Lana Del Rey|move: Roost\n|\n|-weather|Snow|[upkeep]\n|upkeep\n|turn|22\n|inactive|plague070 has 180 seconds left.\n|c| tidaltao|Lvl 3 gyatt o yeah\n|l| troubadour9\n|c| stepback wemby|I dont even get what your talking about\n|c|\u2606plague070|lmfao\n|\n|t:|1699587878\n|switch|p1a: Chicken|Moltres|11\/100\n|move|p2a: Abomasnow|Aurora Veil|p2a: Abomasnow\n|-sidestart|p2: trenko|move: Aurora Veil\n|\n|-weather|Snow|[upkeep]\n|upkeep\n|turn|23\n|\n|t:|1699587898\n|move|p1a: Chicken|Roost|p1a: Chicken\n|-heal|p1a: Chicken|61\/100\n|-singleturn|p1a: Chicken|move: Roost\n|move|p2a: Abomasnow|Blizzard|p1a: Chicken\n|-resisted|p1a: Chicken\n|-damage|p1a: Chicken|40\/100\n|\n|-weather|Snow|[upkeep]\n|upkeep\n|turn|24\n|\n|t:|1699587904\n|move|p1a: Chicken|U-turn|p2a: Abomasnow\n|-supereffective|p2a: Abomasnow\n|-damage|p2a: Abomasnow|68\/100\n|\n|t:|1699587914\n|switch|p1a: Sneasler|Sneasler, M, tera:Ice|100\/100|[from] U-turn\n|move|p2a: Abomasnow|Rock Slide|p1a: Sneasler\n|-supereffective|p1a: Sneasler\n|-damage|p1a: Sneasler|48\/100\n|\n|-weather|Snow|[upkeep]\n|upkeep\n|turn|25\n|c| tidaltao|@stepback wemby gyatt ahh\n|inactive|plague070 has 150 seconds left.\n|c| stepback wemby|Wtf\n|\n|t:|1699587944\n|switch|p2a: Marowak|Marowak-Alola, F, shiny|97\/100\n|move|p1a: Sneasler|Dire Claw|p2a: Marowak\n|-resisted|p2a: Marowak\n|-damage|p2a: Marowak|86\/100\n|-status|p2a: Marowak|par\n|\n|-weather|none\n|upkeep\n|turn|26\n|c| jonglobobe|Hi\n|inactive|plague070 has 150 seconds left.\n|c|\u2606plague070|cool\n|c| stepback wemby|I didnt even know u could ping me in showdown\n|c| Keykard|\"gyatt\" ahh dreads\n|c| stepback wemby|Hi\n|\n|t:|1699587965\n|switch|p1a: Chicken|Moltres|40\/100\n|move|p2a: Marowak|Flare Blitz|p1a: Chicken\n|-resisted|p1a: Chicken\n|-damage|p1a: Chicken|0 fnt\n|faint|p1a: Chicken\n|\n|-sideend|p2: trenko|move: Aurora Veil\n|upkeep\n|c| tidaltao|should\u2019ve seen the look on that pricks face when he saw the gyatt\n|\n|t:|1699587971\n|switch|p1a: Hi|Tapu Lele|100\/100\n|-fieldstart|move: Psychic Terrain|[from] ability: Psychic Surge|[of] p1a: Hi\n|turn|27\n|\n|t:|1699587983\n|switch|p2a: Stakataka|Stakataka|91\/100\n|move|p1a: Hi|Shadow Ball|p2a: Stakataka\n|-damage|p2a: Stakataka|48\/100\n|\n|upkeep\n|turn|28\n|inactive|plague070 has 120 seconds left.\n|c| tidaltao|Hi\n|\n|t:|1699588027\n|switch|p1a: Gastro boomin|Gastrodon, M|63\/100 tox\n|move|p2a: Stakataka|Trick Room|p2a: Stakataka\n|-fieldstart|move: Trick Room|[of] p2a: Stakataka\n|\n|-heal|p1a: Gastro boomin|69\/100 tox|[from] item: Leftovers\n|-damage|p1a: Gastro boomin|63\/100 tox|[from] psn\n|upkeep\n|turn|29\n|\n|t:|1699588037\n|switch|p2a: Hatterene|Hatterene, F, tera:Water|45\/100\n|move|p1a: Gastro boomin|Earth Power|p2a: Hatterene\n|-damage|p2a: Hatterene|24\/100\n|-unboost|p2a: Hatterene|spd|1\n|\n|-heal|p2a: Hatterene|30\/100|[from] item: Leftovers\n|-heal|p1a: Gastro boomin|69\/100 tox|[from] item: Leftovers\n|-damage|p1a: Gastro boomin|57\/100 tox|[from] psn\n|upkeep\n|turn|30\n|inactive|plague070 has 120 seconds left.\n|\n|t:|1699588044\n|move|p2a: Hatterene|Expanding Force|p1a: Gastro boomin\n|-damage|p1a: Gastro boomin|0 fnt\n|faint|p1a: Gastro boomin\n|\n|-heal|p2a: Hatterene|36\/100|[from] item: Leftovers\n|upkeep\n|inactive|plague070 has 120 seconds left.\n|c| tidaltao|adams gyatted\n|inactive|plague070 has 90 seconds left.\n|c| Keykard|how do i mute someone\n|c|\u2606plague070|LMFAO\n|c| tidaltao|I\u2019d take u to gyat town @keykard\n|\n|t:|1699588107\n|switch|p1a: Hi|Tapu Lele|100\/100\n|turn|31\n|\n|t:|1699588121\n|move|p2a: Hatterene|Healing Wish|p2a: Hatterene\n|faint|p2a: Hatterene\n|move|p1a: Hi|Psychic|p2: Hatterene|[notarget]\n|-fail|p1a: Hi\n|\n|-fieldend|move: Psychic Terrain\n|upkeep\n|\n|t:|1699588124\n|switch|p2a: Stakataka|Stakataka|48\/100\n|-heal|p2a: Stakataka|100\/100|[from] move: Healing Wish\n|turn|32\n|\n|t:|1699588148\n|switch|p1a: Sneasler|Sneasler, M, tera:Ice|48\/100\n|move|p2a: Stakataka|Gyro Ball|p1a: Sneasler\n|-supereffective|p1a: Sneasler\n|-damage|p1a: Sneasler|0 fnt\n|faint|p1a: Sneasler\n|-ability|p2a: Stakataka|Beast Boost|boost\n|-boost|p2a: Stakataka|atk|1\n|-damage|p2a: Stakataka|91\/100|[from] item: Life Orb\n|\n|-fieldend|move: Trick Room\n|upkeep\n|\n|t:|1699588153\n|switch|p1a: Lana Del Rey|Altaria-Mega, F|87\/100\n|turn|33\n|c| kensei4k|paul\n|inactive|plague070 has 60 seconds left.\n|l| tidaltao\n|\n|t:|1699588184\n|switch|p2a: Iron Hands|Iron Hands|100\/100\n|move|p1a: Lana Del Rey|Return|p2a: Iron Hands\n|-supereffective|p2a: Iron Hands\n|-damage|p2a: Iron Hands|28\/100\n|\n|upkeep\n|turn|34\n|\n|t:|1699588192\n|move|p1a: Lana Del Rey|Earthquake|p2a: Iron Hands\n|-supereffective|p2a: Iron Hands\n|-damage|p2a: Iron Hands|0 fnt\n|faint|p2a: Iron Hands\n|-end|p2a: Iron Hands|Quark Drive|[silent]\n|\n|upkeep\n|\n|t:|1699588194\n|switch|p2a: Abomasnow|Abomasnow-Mega, F|68\/100\n|-weather|Snow|[from] ability: Snow Warning|[of] p2a: Abomasnow\n|turn|35\n|inactive|plague070 has 60 seconds left.\n|\n|t:|1699588204\n|switch|p1a: Mr dappermint|Blacephalon|100\/100\n|move|p2a: Abomasnow|Aurora Veil|p2a: Abomasnow\n|-sidestart|p2: trenko|move: Aurora Veil\n|\n|-weather|Snow|[upkeep]\n|upkeep\n|turn|36\n|\n|t:|1699588214\n|move|p1a: Mr dappermint|Flamethrower|p2a: Abomasnow\n|-supereffective|p2a: Abomasnow\n|-damage|p2a: Abomasnow|0 fnt\n|faint|p2a: Abomasnow\n|-ability|p1a: Mr dappermint|Beast Boost|boost\n|-boost|p1a: Mr dappermint|spa|1\n|\n|-weather|Snow|[upkeep]\n|upkeep\n|\n|t:|1699588216\n|switch|p2a: Stakataka|Stakataka|91\/100\n|turn|37\n|\n|t:|1699588219\n|move|p1a: Mr dappermint|Flamethrower|p2a: Stakataka\n|-damage|p2a: Stakataka|27\/100\n|-status|p2a: Stakataka|brn\n|move|p2a: Stakataka|Trick Room|p2a: Stakataka\n|-fieldstart|move: Trick Room|[of] p2a: Stakataka\n|\n|-weather|Snow|[upkeep]\n|-damage|p2a: Stakataka|21\/100 brn|[from] brn\n|upkeep\n|turn|38\n|inactive|plague070 has 90 seconds left.\n|\n|t:|1699588229\n|switch|p1a: Lana Del Rey|Altaria-Mega, F|87\/100\n|move|p2a: Stakataka|Gyro Ball|p1a: Lana Del Rey\n|-supereffective|p1a: Lana Del Rey\n|-damage|p1a: Lana Del Rey|0 fnt\n|faint|p1a: Lana Del Rey\n|-ability|p2a: Stakataka|Beast Boost|boost\n|-boost|p2a: Stakataka|atk|1\n|-damage|p2a: Stakataka|11\/100 brn|[from] item: Life Orb\n|\n|-weather|Snow|[upkeep]\n|-damage|p2a: Stakataka|5\/100 brn|[from] brn\n|upkeep\n|\n|t:|1699588233\n|switch|p1a: Hi|Tapu Lele|100\/100\n|-fieldstart|move: Psychic Terrain|[from] ability: Psychic Surge|[of] p1a: Hi\n|turn|39\n|c| stepback wemby|lotto man lotto man aye aye\n|\n|t:|1699588242\n|move|p2a: Stakataka|Gyro Ball|p1a: Hi\n|-supereffective|p1a: Hi\n|-damage|p1a: Hi|0 fnt\n|faint|p1a: Hi\n|-ability|p2a: Stakataka|Beast Boost|boost\n|-boost|p2a: Stakataka|atk|1\n|-damage|p2a: Stakataka|0 fnt|[from] item: Life Orb\n|faint|p2a: Stakataka\n|\n|-weather|none\n|-sideend|p2: trenko|move: Aurora Veil\n|upkeep\n|c| stepback wemby|oh my god\n|c|\u2606plague070|gg\n|c| stepback wemby|lmfao\n|\n|t:|1699588252\n|switch|p2a: Marowak|Marowak-Alola, F, shiny|86\/100 par\n|switch|p1a: Mr dappermint|Blacephalon|100\/100\n|turn|40\n|c| stepback wemby|this guy is generational\n|c|\u2606plague070|para??\n|c|\u2606plague070|pls\n|c|\u2606plague070|plsplspsls\n|\n|t:|1699588269\n|move|p2a: Marowak|Earthquake|p1a: Mr dappermint\n|-supereffective|p1a: Mr dappermint\n|-damage|p1a: Mr dappermint|0 fnt\n|faint|p1a: Mr dappermint\n|\n|win|trenko\n|c|\u2606plague070|DFUCKKK\n|j| alpha4k\n|l|\u203dtrenko\n|l| kensei4k\n|l| alpha4k\n|j| tidaltao\n|l| tidaltao\n","uploadtime":1699588273,"views":13,"p1id":"plague070","p2id":"trenko","formatid":"gen9nationaldex","rating":0,"private":0,"password":""}