{"id":"gen9nationaldex-1990299306","p1":"sdsslsy","p2":"xxyyzlu","format":"[Gen 9] National Dex","log":"|j|\u2606sdsslsy\n|j|\u2606xxyyzlu\n|t:|1699953006\n|gametype|singles\n|player|p1|sdsslsy|1|1591\n|player|p2|xxyyzlu|2|1524\n|teamsize|p1|6\n|teamsize|p2|6\n|gen|9\n|tier|[Gen 9] National Dex\n|rated|\n|rule|HP Percentage Mod: HP is shown in percentages\n|rule|Endless Battle Clause: Forcing endless battles is banned\n|rule|OHKO Clause: OHKO moves are banned\n|rule|Evasion Clause: Evasion abilities, items, and moves are banned\n|rule|Evasion Abilities Clause: Evasion abilities are banned\n|rule|Evasion Items Clause: Evasion items are banned\n|rule|Evasion Moves Clause: Evasion moves are banned\n|rule|Species Clause: Limit one of each Pok\u00e9mon\n|rule|Sleep Clause Mod: Limit one foe put to sleep\n|clearpoke\n|poke|p1|Zeraora|\n|poke|p1|Alomomola, M|\n|poke|p1|Chansey, F|\n|poke|p1|Diancie|\n|poke|p1|Dragonite, M|\n|poke|p1|Great Tusk|\n|poke|p2|Garchomp, M|\n|poke|p2|Goodra-Hisui, F|\n|poke|p2|Absol, F|\n|poke|p2|Munkidori, M|\n|poke|p2|Gliscor, F|\n|poke|p2|Rotom-Wash|\n|teampreview\n|inactive|Battle timer is ON: inactive players will automatically lose when time's up. (requested by sdsslsy)\n|\n|t:|1699953016\n|start\n|switch|p1a: Zeraora|Zeraora|100\/100\n|switch|p2a: Absol|Absol, F|100\/100\n|-ability|p2a: Absol|Pressure\n|turn|1\n|\n|t:|1699953023\n|switch|p2a: Garchomp|Garchomp, M|100\/100\n|move|p1a: Zeraora|Knock Off|p2a: Garchomp\n|-damage|p2a: Garchomp|75\/100\n|-damage|p1a: Zeraora|88\/100|[from] ability: Rough Skin|[of] p2a: Garchomp\n|-damage|p1a: Zeraora|72\/100|[from] item: Rocky Helmet|[of] p2a: Garchomp\n|-enditem|p2a: Garchomp|Rocky Helmet|[from] move: Knock Off|[of] p1a: Zeraora\n|\n|upkeep\n|turn|2\n|\n|t:|1699953029\n|switch|p1a: Alomomola|Alomomola, M|100\/100\n|move|p2a: Garchomp|Stealth Rock|p1a: Alomomola\n|-sidestart|p1: sdsslsy|move: Stealth Rock\n|\n|upkeep\n|turn|3\n|\n|t:|1699953032\n|move|p1a: Alomomola|Toxic|p2a: Garchomp\n|-status|p2a: Garchomp|tox\n|move|p2a: Garchomp|Dragon Tail|p1a: Alomomola|[miss]\n|-miss|p2a: Garchomp|p1a: Alomomola\n|\n|-damage|p2a: Garchomp|69\/100 tox|[from] psn\n|upkeep\n|turn|4\n|\n|t:|1699953040\n|switch|p2a: Gliscor|Gliscor, F|100\/100\n|move|p1a: Alomomola|Protect||[still]\n|-fail|p1a: Alomomola\n|\n|-status|p2a: Gliscor|tox|[from] item: Toxic Orb\n|upkeep\n|turn|5\n|\n|t:|1699953046\n|move|p2a: Gliscor|Knock Off|p1a: Alomomola\n|-damage|p1a: Alomomola|89\/100\n|-damage|p2a: Gliscor|84\/100 tox|[from] item: Rocky Helmet|[of] p1a: Alomomola\n|-enditem|p1a: Alomomola|Rocky Helmet|[from] move: Knock Off|[of] p2a: Gliscor\n|move|p1a: Alomomola|Flip Turn|p2a: Gliscor\n|-supereffective|p2a: Gliscor\n|-damage|p2a: Gliscor|63\/100 tox\n|\n|t:|1699953048\n|switch|p1a: Great Tusk|Great Tusk|100\/100|[from] Flip Turn\n|-damage|p1a: Great Tusk|98\/100|[from] Stealth Rock\n|\n|-heal|p1a: Great Tusk|100\/100|[from] item: Leftovers\n|-heal|p2a: Gliscor|75\/100 tox|[from] ability: Poison Heal\n|upkeep\n|turn|6\n|\n|t:|1699953052\n|switch|p2a: Garchomp|Garchomp, M|69\/100 tox\n|move|p1a: Great Tusk|Ice Spinner|p2a: Garchomp\n|-supereffective|p2a: Garchomp\n|-damage|p2a: Garchomp|10\/100 tox\n|-damage|p1a: Great Tusk|88\/100|[from] ability: Rough Skin|[of] p2a: Garchomp\n|\n|-heal|p1a: Great Tusk|94\/100|[from] item: Leftovers\n|-damage|p2a: Garchomp|4\/100 tox|[from] psn\n|upkeep\n|turn|7\n|\n|t:|1699953055\n|move|p1a: Great Tusk|Rapid Spin|p2a: Garchomp\n|-damage|p2a: Garchomp|0 fnt\n|-boost|p1a: Great Tusk|spe|1\n|-damage|p1a: Great Tusk|82\/100|[from] ability: Rough Skin|[of] p2a: Garchomp\n|-sideend|p1: sdsslsy|Stealth Rock|[from] move: Rapid Spin|[of] p1a: Great Tusk\n|faint|p2a: Garchomp\n|\n|-heal|p1a: Great Tusk|88\/100|[from] item: Leftovers\n|upkeep\n|\n|t:|1699953061\n|switch|p2a: Rotom|Rotom-Wash|100\/100\n|turn|8\n|\n|t:|1699953069\n|-end|p1a: Great Tusk|Protosynthesis|[silent]\n|switch|p1a: Chansey|Chansey, F|100\/100\n|move|p2a: Rotom|Will-O-Wisp|p1a: Chansey\n|-status|p1a: Chansey|brn\n|\n|-damage|p1a: Chansey|94\/100 brn|[from] brn\n|upkeep\n|turn|9\n|\n|t:|1699953073\n|move|p2a: Rotom|Volt Switch|p1a: Chansey\n|-damage|p1a: Chansey|86\/100 brn\n|\n|t:|1699953077\n|switch|p2a: Gliscor|Gliscor, F|75\/100 tox|[from] Volt Switch\n|move|p1a: Chansey|Teleport|p1a: Chansey\n|\n|t:|1699953085\n|-curestatus|p1a: Chansey|brn|[from] ability: Natural Cure\n|switch|p1a: Alomomola|Alomomola, M|100\/100|[from] Teleport\n|\n|-heal|p2a: Gliscor|88\/100 tox|[from] ability: Poison Heal\n|upkeep\n|turn|10\n|\n|t:|1699953092\n|switch|p2a: Absol|Absol, F|100\/100\n|-ability|p2a: Absol|Pressure\n|move|p1a: Alomomola|Flip Turn|p2a: Absol\n|-damage|p2a: Absol|67\/100\n|\n|t:|1699953098\n|switch|p1a: Diancie|Diancie|100\/100|[from] Flip Turn\n|\n|upkeep\n|turn|11\n|\n|t:|1699953104\n|switch|p2a: Goodra|Goodra-Hisui, F|100\/100\n|detailschange|p1a: Diancie|Diancie-Mega\n|-mega|p1a: Diancie|Diancie|Diancite\n|move|p1a: Diancie|Moonblast|p2a: Goodra\n|-crit|p2a: Goodra\n|-damage|p2a: Goodra|63\/100\n|-unboost|p2a: Goodra|spa|1\n|\n|upkeep\n|turn|12\n|\n|t:|1699953109\n|move|p1a: Diancie|Earth Power|p2a: Goodra\n|-supereffective|p2a: Goodra\n|-damage|p2a: Goodra|29\/100\n|move|p2a: Goodra|Flash Cannon|p1a: Diancie\n|-supereffective|p1a: Diancie\n|-damage|p1a: Diancie|0 fnt\n|faint|p1a: Diancie\n|\n|upkeep\n|\n|t:|1699953118\n|switch|p1a: Great Tusk|Great Tusk|88\/100\n|turn|13\n|\n|t:|1699953125\n|switch|p2a: Gliscor|Gliscor, F|88\/100 tox\n|move|p1a: Great Tusk|Headlong Rush|p2a: Gliscor\n|-immune|p2a: Gliscor\n|\n|-heal|p1a: Great Tusk|94\/100|[from] item: Leftovers\n|-heal|p2a: Gliscor|99\/100 tox|[from] ability: Poison Heal\n|upkeep\n|turn|14\n|\n|t:|1699953130\n|switch|p2a: Rotom|Rotom-Wash|100\/100\n|move|p1a: Great Tusk|Ice Spinner|p2a: Rotom\n|-resisted|p2a: Rotom\n|-damage|p2a: Rotom|87\/100\n|\n|-heal|p1a: Great Tusk|100\/100|[from] item: Leftovers\n|-heal|p2a: Rotom|94\/100|[from] item: Leftovers\n|upkeep\n|turn|15\n|\n|t:|1699953138\n|-end|p1a: Great Tusk|Protosynthesis|[silent]\n|switch|p1a: Chansey|Chansey, F|86\/100\n|move|p2a: Rotom|Volt Switch|p1a: Chansey\n|-damage|p1a: Chansey|79\/100\n|\n|t:|1699953143\n|switch|p2a: Absol|Absol, F|67\/100|[from] Volt Switch\n|-ability|p2a: Absol|Pressure\n|\n|upkeep\n|turn|16\n|\n|t:|1699953147\n|switch|p1a: Great Tusk|Great Tusk|100\/100\n|detailschange|p2a: Absol|Absol-Mega, F\n|-mega|p2a: Absol|Absol|Absolite\n|move|p2a: Absol|Close Combat|p1a: Great Tusk\n|-damage|p1a: Great Tusk|79\/100\n|-unboost|p2a: Absol|def|1\n|-unboost|p2a: Absol|spd|1\n|\n|-heal|p1a: Great Tusk|86\/100|[from] item: Leftovers\n|upkeep\n|turn|17\n|\n|t:|1699953159\n|-end|p1a: Great Tusk|Protosynthesis|[silent]\n|switch|p1a: Chansey|Chansey, F|79\/100\n|move|p2a: Absol|Ice Beam|p1a: Chansey\n|-damage|p1a: Chansey|69\/100\n|\n|upkeep\n|turn|18\n|\n|t:|1699953165\n|switch|p1a: Alomomola|Alomomola, M|100\/100\n|move|p2a: Absol|Close Combat|p1a: Alomomola\n|-damage|p1a: Alomomola|80\/100\n|-unboost|p2a: Absol|def|1\n|-unboost|p2a: Absol|spd|1\n|\n|upkeep\n|turn|19\n|\n|t:|1699953167\n|move|p2a: Absol|Thunderbolt|p1a: Alomomola\n|-supereffective|p1a: Alomomola\n|-damage|p1a: Alomomola|13\/100\n|move|p1a: Alomomola|Flip Turn|p2a: Absol\n|-damage|p2a: Absol|0 fnt\n|faint|p2a: Absol\n|\n|t:|1699953177\n|switch|p1a: Great Tusk|Great Tusk|86\/100|[from] Flip Turn\n|\n|-heal|p1a: Great Tusk|92\/100|[from] item: Leftovers\n|upkeep\n|\n|t:|1699953179\n|switch|p2a: Munkidori|Munkidori, M|100\/100\n|turn|20\n|\n|t:|1699953182\n|-end|p1a: Great Tusk|Protosynthesis|[silent]\n|switch|p1a: Chansey|Chansey, F|69\/100\n|move|p2a: Munkidori|Psyshock|p1a: Chansey\n|-damage|p1a: Chansey|43\/100\n|\n|upkeep\n|turn|21\n|\n|t:|1699953187\n|move|p2a: Munkidori|Psyshock|p1a: Chansey\n|-damage|p1a: Chansey|19\/100\n|move|p1a: Chansey|Soft-Boiled|p1a: Chansey\n|-heal|p1a: Chansey|69\/100\n|\n|upkeep\n|turn|22\n|\n|t:|1699953191\n|move|p2a: Munkidori|Psyshock|p1a: Chansey\n|-damage|p1a: Chansey|41\/100\n|-status|p1a: Chansey|tox|[from] ability: Toxic Chain|[of] p2a: Munkidori\n|move|p1a: Chansey|Soft-Boiled|p1a: Chansey\n|-heal|p1a: Chansey|91\/100 tox\n|\n|-damage|p1a: Chansey|84\/100 tox|[from] psn\n|upkeep\n|turn|23\n|\n|t:|1699953195\n|move|p2a: Munkidori|Psyshock|p1a: Chansey\n|-damage|p1a: Chansey|57\/100 tox\n|move|p1a: Chansey|Teleport|p1a: Chansey\n|\n|t:|1699953197\n|-curestatus|p1a: Chansey|tox|[from] ability: Natural Cure\n|switch|p1a: Zeraora|Zeraora|72\/100|[from] Teleport\n|\n|upkeep\n|turn|24\n|\n|t:|1699953204\n|switch|p2a: Gliscor|Gliscor, F|99\/100 tox\n|move|p1a: Zeraora|Knock Off|p2a: Gliscor\n|-damage|p2a: Gliscor|74\/100 tox\n|-enditem|p2a: Gliscor|Toxic Orb|[from] move: Knock Off|[of] p1a: Zeraora\n|\n|-heal|p2a: Gliscor|87\/100 tox|[from] ability: Poison Heal\n|upkeep\n|turn|25\n|\n|t:|1699953208\n|switch|p1a: Alomomola|Alomomola, M|46\/100\n|move|p2a: Gliscor|Knock Off|p1a: Alomomola\n|-damage|p1a: Alomomola|39\/100\n|\n|-heal|p2a: Gliscor|99\/100 tox|[from] ability: Poison Heal\n|upkeep\n|turn|26\n|\n|t:|1699953212\n|switch|p2a: Munkidori|Munkidori, M|100\/100\n|move|p1a: Alomomola|Flip Turn|p2a: Munkidori\n|-damage|p2a: Munkidori|76\/100\n|\n|t:|1699953221\n|switch|p1a: Zeraora|Zeraora|72\/100|[from] Flip Turn\n|\n|upkeep\n|turn|27\n|\n|t:|1699953223\n|move|p2a: Munkidori|Fake Out|p1a: Zeraora\n|-damage|p1a: Zeraora|62\/100\n|-status|p1a: Zeraora|tox|[from] ability: Toxic Chain|[of] p2a: Munkidori\n|cant|p1a: Zeraora|flinch\n|\n|-damage|p1a: Zeraora|56\/100 tox|[from] psn\n|upkeep\n|turn|28\n|\n|t:|1699953231\n|switch|p1a: Chansey|Chansey, F|57\/100\n|switch|p2a: Gliscor|Gliscor, F|99\/100 tox\n|\n|-heal|p2a: Gliscor|100\/100 tox|[from] ability: Poison Heal\n|upkeep\n|turn|29\n|\n|t:|1699953233\n|move|p2a: Gliscor|Knock Off|p1a: Chansey\n|-damage|p1a: Chansey|43\/100\n|-enditem|p1a: Chansey|Eviolite|[from] move: Knock Off|[of] p2a: Gliscor\n|move|p1a: Chansey|Heal Bell|p1a: Chansey\n|-activate|p1a: Chansey|move: Heal Bell\n|-curestatus|p1: Zeraora|tox|[msg]\n|\n|upkeep\n|turn|30\n|\n|t:|1699953240\n|move|p2a: Gliscor|Earthquake|p1a: Chansey\n|-damage|p1a: Chansey|12\/100\n|move|p1a: Chansey|Soft-Boiled|p1a: Chansey\n|-heal|p1a: Chansey|62\/100\n|\n|upkeep\n|turn|31\n|\n|t:|1699953245\n|switch|p2a: Munkidori|Munkidori, M|76\/100\n|move|p1a: Chansey|Soft-Boiled|p1a: Chansey\n|-heal|p1a: Chansey|100\/100\n|\n|upkeep\n|turn|32\n|\n|t:|1699953250\n|move|p2a: Munkidori|Psyshock|p1a: Chansey\n|-damage|p1a: Chansey|57\/100\n|move|p1a: Chansey|Teleport|p1a: Chansey\n|\n|t:|1699953254\n|switch|p1a: Dragonite|Dragonite, M|100\/100|[from] Teleport\n|\n|upkeep\n|turn|33\n|\n|t:|1699953259\n|move|p2a: Munkidori|U-turn|p1a: Dragonite\n|-resisted|p1a: Dragonite\n|-damage|p1a: Dragonite|98\/100\n|-status|p1a: Dragonite|tox|[from] ability: Toxic Chain|[of] p2a: Munkidori\n|\n|t:|1699953267\n|switch|p2a: Gliscor|Gliscor, F|100\/100 tox|[from] U-turn\n|move|p1a: Dragonite|Dual Wingbeat|p2a: Gliscor\n|-damage|p2a: Gliscor|79\/100 tox\n|-damage|p2a: Gliscor|57\/100 tox\n|-hitcount|p2a: Gliscor|2\n|\n|-damage|p1a: Dragonite|91\/100 tox|[from] psn\n|-heal|p2a: Gliscor|69\/100 tox|[from] ability: Poison Heal\n|upkeep\n|turn|34\n|\n|t:|1699953273\n|move|p1a: Dragonite|Dual Wingbeat|p2a: Gliscor\n|-damage|p2a: Gliscor|50\/100 tox\n|-damage|p2a: Gliscor|27\/100 tox\n|-hitcount|p2a: Gliscor|2\n|move|p2a: Gliscor|Knock Off|p1a: Dragonite\n|-damage|p1a: Dragonite|70\/100 tox\n|-enditem|p1a: Dragonite|Choice Band|[from] move: Knock Off|[of] p2a: Gliscor\n|\n|-damage|p1a: Dragonite|58\/100 tox|[from] psn\n|-heal|p2a: Gliscor|40\/100 tox|[from] ability: Poison Heal\n|upkeep\n|turn|35\n|\n|t:|1699953281\n|switch|p1a: Great Tusk|Great Tusk|92\/100\n|move|p2a: Gliscor|Roost|p2a: Gliscor\n|-heal|p2a: Gliscor|90\/100 tox\n|-singleturn|p2a: Gliscor|move: Roost\n|\n|-heal|p1a: Great Tusk|98\/100|[from] item: Leftovers\n|-heal|p2a: Gliscor|100\/100 tox|[from] ability: Poison Heal\n|upkeep\n|turn|36\n|\n|t:|1699953287\n|move|p1a: Great Tusk|Rapid Spin|p2a: Gliscor\n|-damage|p2a: Gliscor|92\/100 tox\n|-boost|p1a: Great Tusk|spe|1\n|move|p2a: Gliscor|Knock Off|p1a: Great Tusk\n|-resisted|p1a: Great Tusk\n|-damage|p1a: Great Tusk|92\/100\n|-enditem|p1a: Great Tusk|Leftovers|[from] move: Knock Off|[of] p2a: Gliscor\n|\n|-heal|p2a: Gliscor|100\/100 tox|[from] ability: Poison Heal\n|upkeep\n|turn|37\n|\n|t:|1699953294\n|switch|p2a: Rotom|Rotom-Wash|94\/100\n|move|p1a: Great Tusk|Bulk Up|p1a: Great Tusk\n|-boost|p1a: Great Tusk|atk|1\n|-boost|p1a: Great Tusk|def|1\n|\n|-heal|p2a: Rotom|99\/100|[from] item: Leftovers\n|upkeep\n|turn|38\n|\n|t:|1699953300\n|-end|p1a: Great Tusk|Protosynthesis|[silent]\n|switch|p1a: Zeraora|Zeraora|56\/100\n|move|p2a: Rotom|Will-O-Wisp|p1a: Zeraora\n|-status|p1a: Zeraora|brn\n|\n|-heal|p2a: Rotom|100\/100|[from] item: Leftovers\n|-damage|p1a: Zeraora|50\/100 brn|[from] brn\n|upkeep\n|turn|39\n|\n|t:|1699953311\n|switch|p2a: Gliscor|Gliscor, F|100\/100 tox\n|move|p1a: Zeraora|Knock Off|p2a: Gliscor\n|-damage|p2a: Gliscor|92\/100 tox\n|\n|-heal|p2a: Gliscor|100\/100 tox|[from] ability: Poison Heal\n|-damage|p1a: Zeraora|44\/100 brn|[from] brn\n|upkeep\n|turn|40\n|\n|t:|1699953318\n|switch|p1a: Great Tusk|Great Tusk|92\/100\n|move|p2a: Gliscor|Earthquake|p1a: Great Tusk\n|-damage|p1a: Great Tusk|76\/100\n|\n|upkeep\n|turn|41\n|\n|t:|1699953326\n|-end|p1a: Great Tusk|Protosynthesis|[silent]\n|switch|p1a: Chansey|Chansey, F|57\/100\n|switch|p2a: Rotom|Rotom-Wash|100\/100\n|\n|upkeep\n|turn|42\n|\n|t:|1699953331\n|move|p2a: Rotom|Volt Switch|p1a: Chansey\n|-damage|p1a: Chansey|45\/100\n|\n|t:|1699953334\n|switch|p2a: Munkidori|Munkidori, M|76\/100|[from] Volt Switch\n|move|p1a: Chansey|Heal Bell|p1a: Chansey\n|-activate|p1a: Chansey|move: Heal Bell\n|-curestatus|p1: Zeraora|brn|[msg]\n|-curestatus|p1: Dragonite|tox|[msg]\n|\n|upkeep\n|turn|43\n|\n|t:|1699953343\n|move|p2a: Munkidori|Psyshock|p1a: Chansey\n|-damage|p1a: Chansey|4\/100\n|move|p1a: Chansey|Soft-Boiled|p1a: Chansey\n|-heal|p1a: Chansey|54\/100\n|\n|upkeep\n|turn|44\n|\n|t:|1699953348\n|move|p2a: Munkidori|Psyshock|p1a: Chansey\n|-damage|p1a: Chansey|16\/100\n|-status|p1a: Chansey|tox|[from] ability: Toxic Chain|[of] p2a: Munkidori\n|move|p1a: Chansey|Soft-Boiled|p1a: Chansey\n|-heal|p1a: Chansey|66\/100 tox\n|\n|-damage|p1a: Chansey|60\/100 tox|[from] psn\n|upkeep\n|turn|45\n|\n|t:|1699953354\n|move|p2a: Munkidori|U-turn|p1a: Chansey\n|-damage|p1a: Chansey|49\/100 tox\n|\n|t:|1699953359\n|switch|p2a: Gliscor|Gliscor, F|100\/100 tox|[from] U-turn\n|move|p1a: Chansey|Teleport|p1a: Chansey\n|\n|t:|1699953366\n|-curestatus|p1a: Chansey|tox|[from] ability: Natural Cure\n|switch|p1a: Great Tusk|Great Tusk|76\/100|[from] Teleport\n|\n|upkeep\n|turn|46\n|\n|t:|1699953372\n|-end|p1a: Great Tusk|Protosynthesis|[silent]\n|switch|p1a: Zeraora|Zeraora|44\/100\n|move|p2a: Gliscor|Earthquake|p1a: Zeraora\n|-supereffective|p1a: Zeraora\n|-damage|p1a: Zeraora|0 fnt\n|faint|p1a: Zeraora\n|\n|upkeep\n|\n|t:|1699953375\n|switch|p1a: Dragonite|Dragonite, M|58\/100\n|turn|47\n|\n|t:|1699953382\n|switch|p2a: Rotom|Rotom-Wash|100\/100\n|-terastallize|p1a: Dragonite|Normal\n|move|p1a: Dragonite|Extreme Speed|p2a: Rotom\n|-damage|p2a: Rotom|49\/100\n|\n|-heal|p2a: Rotom|55\/100|[from] item: Leftovers\n|upkeep\n|turn|48\n|\n|t:|1699953395\n|switch|p1a: Chansey|Chansey, F|49\/100\n|move|p2a: Rotom|Will-O-Wisp|p1a: Chansey\n|-status|p1a: Chansey|brn\n|\n|-heal|p2a: Rotom|62\/100|[from] item: Leftovers\n|-damage|p1a: Chansey|43\/100 brn|[from] brn\n|upkeep\n|turn|49\n|\n|t:|1699953400\n|move|p2a: Rotom|Volt Switch|p1a: Chansey\n|-damage|p1a: Chansey|31\/100 brn\n|\n|t:|1699953403\n|switch|p2a: Munkidori|Munkidori, M|76\/100|[from] Volt Switch\n|move|p1a: Chansey|Teleport|p1a: Chansey\n|\n|t:|1699953410\n|-curestatus|p1a: Chansey|brn|[from] ability: Natural Cure\n|switch|p1a: Dragonite|Dragonite, M, tera:Normal|58\/100|[from] Teleport\n|\n|upkeep\n|turn|50\n|\n|t:|1699953414\n|move|p2a: Munkidori|Fake Out|p1a: Dragonite\n|-damage|p1a: Dragonite|51\/100\n|-status|p1a: Dragonite|tox|[from] ability: Toxic Chain|[of] p2a: Munkidori\n|cant|p1a: Dragonite|flinch\n|\n|-damage|p1a: Dragonite|44\/100 tox|[from] psn\n|upkeep\n|turn|51\n|\n|t:|1699953423\n|switch|p2a: Gliscor|Gliscor, F|100\/100 tox\n|move|p1a: Dragonite|Dual Wingbeat|p2a: Gliscor\n|-damage|p2a: Gliscor|87\/100 tox\n|-damage|p2a: Gliscor|73\/100 tox\n|-hitcount|p2a: Gliscor|2\n|\n|-damage|p1a: Dragonite|32\/100 tox|[from] psn\n|-heal|p2a: Gliscor|86\/100 tox|[from] ability: Poison Heal\n|upkeep\n|turn|52\n|\n|t:|1699953431\n|switch|p1a: Alomomola|Alomomola, M|72\/100\n|move|p2a: Gliscor|Earthquake|p1a: Alomomola\n|-damage|p1a: Alomomola|56\/100\n|\n|-heal|p2a: Gliscor|98\/100 tox|[from] ability: Poison Heal\n|upkeep\n|turn|53\n|\n|t:|1699953437\n|move|p2a: Gliscor|Knock Off|p1a: Alomomola\n|-damage|p1a: Alomomola|49\/100\n|move|p1a: Alomomola|Wish|p1a: Alomomola\n|\n|-heal|p2a: Gliscor|100\/100 tox|[from] ability: Poison Heal\n|upkeep\n|turn|54\n|\n|t:|1699953442\n|switch|p2a: Goodra|Goodra-Hisui, F|29\/100\n|move|p1a: Alomomola|Flip Turn|p2a: Goodra\n|-resisted|p2a: Goodra\n|-damage|p2a: Goodra|22\/100\n|\n|t:|1699953447\n|switch|p1a: Dragonite|Dragonite, M, tera:Normal|32\/100 tox|[from] Flip Turn\n|\n|-heal|p1a: Dragonite|100\/100 tox|[from] move: Wish|[wisher] Alomomola\n|-damage|p1a: Dragonite|94\/100 tox|[from] psn\n|upkeep\n|turn|55\n|\n|t:|1699953455\n|move|p1a: Dragonite|Fire Punch|p2a: Goodra\n|-damage|p2a: Goodra|0 fnt\n|faint|p2a: Goodra\n|\n|-damage|p1a: Dragonite|82\/100 tox|[from] psn\n|upkeep\n|\n|t:|1699953461\n|switch|p2a: Gliscor|Gliscor, F|100\/100 tox\n|turn|56\n|\n|t:|1699953467\n|switch|p1a: Alomomola|Alomomola, M|82\/100\n|switch|p2a: Munkidori|Munkidori, M|76\/100\n|\n|upkeep\n|turn|57\n|\n|t:|1699953473\n|move|p1a: Alomomola|Protect|p1a: Alomomola\n|-singleturn|p1a: Alomomola|Protect\n|move|p2a: Munkidori|Sludge Bomb|p1a: Alomomola\n|-activate|p1a: Alomomola|move: Protect\n|\n|upkeep\n|turn|58\n|\n|t:|1699953477\n|move|p2a: Munkidori|Sludge Bomb|p1a: Alomomola\n|-damage|p1a: Alomomola|27\/100\n|move|p1a: Alomomola|Flip Turn|p2a: Munkidori\n|-damage|p2a: Munkidori|49\/100\n|\n|t:|1699953484\n|switch|p1a: Dragonite|Dragonite, M, tera:Normal|82\/100 tox|[from] Flip Turn\n|\n|-damage|p1a: Dragonite|76\/100 tox|[from] psn\n|upkeep\n|turn|59\n|\n|t:|1699953492\n|switch|p2a: Gliscor|Gliscor, F|100\/100 tox\n|switch|p1a: Great Tusk|Great Tusk|76\/100\n|\n|upkeep\n|turn|60\n|\n|t:|1699953499\n|switch|p2a: Rotom|Rotom-Wash|62\/100\n|move|p1a: Great Tusk|Ice Spinner|p2a: Rotom\n|-resisted|p2a: Rotom\n|-damage|p2a: Rotom|49\/100\n|\n|-heal|p2a: Rotom|55\/100|[from] item: Leftovers\n|upkeep\n|turn|61\n|\n|t:|1699953506\n|-end|p1a: Great Tusk|Protosynthesis|[silent]\n|switch|p1a: Chansey|Chansey, F|31\/100\n|move|p2a: Rotom|Volt Switch|p1a: Chansey\n|-crit|p1a: Chansey\n|-damage|p1a: Chansey|13\/100\n|\n|t:|1699953510\n|switch|p2a: Munkidori|Munkidori, M|49\/100|[from] Volt Switch\n|\n|upkeep\n|turn|62\n|\n|t:|1699953518\n|switch|p1a: Dragonite|Dragonite, M, tera:Normal|76\/100 tox\n|move|p2a: Munkidori|Psyshock|p1a: Dragonite\n|-damage|p1a: Dragonite|29\/100 tox\n|\n|-damage|p1a: Dragonite|23\/100 tox|[from] psn\n|upkeep\n|turn|63\n|\n|t:|1699953526\n|switch|p2a: Gliscor|Gliscor, F|100\/100 tox\n|move|p1a: Dragonite|Extreme Speed|p2a: Gliscor\n|-damage|p2a: Gliscor|75\/100 tox\n|\n|-damage|p1a: Dragonite|11\/100 tox|[from] psn\n|-heal|p2a: Gliscor|87\/100 tox|[from] ability: Poison Heal\n|upkeep\n|turn|64\n|\n|t:|1699953536\n|switch|p1a: Alomomola|Alomomola, M|60\/100\n|switch|p2a: Rotom|Rotom-Wash|55\/100\n|\n|-heal|p2a: Rotom|61\/100|[from] item: Leftovers\n|upkeep\n|turn|65\n|\n|t:|1699953540\n|switch|p1a: Chansey|Chansey, F|13\/100\n|move|p2a: Rotom|Volt Switch|p1a: Chansey\n|-damage|p1a: Chansey|2\/100\n|\n|t:|1699953543\n|switch|p2a: Munkidori|Munkidori, M|49\/100|[from] Volt Switch\n|\n|upkeep\n|turn|66\n|\n|t:|1699953550\n|move|p2a: Munkidori|Psyshock|p1a: Chansey\n|-damage|p1a: Chansey|0 fnt\n|faint|p1a: Chansey\n|\n|upkeep\n|\n|t:|1699953552\n|switch|p1a: Dragonite|Dragonite, M, tera:Normal|11\/100 tox\n|turn|67\n|\n|t:|1699953554\n|switch|p2a: Gliscor|Gliscor, F|87\/100 tox\n|move|p1a: Dragonite|Extreme Speed|p2a: Gliscor\n|-damage|p2a: Gliscor|57\/100 tox\n|\n|-damage|p1a: Dragonite|5\/100 tox|[from] psn\n|-heal|p2a: Gliscor|70\/100 tox|[from] ability: Poison Heal\n|upkeep\n|turn|68\n|\n|t:|1699953557\n|switch|p1a: Alomomola|Alomomola, M|93\/100\n|move|p2a: Gliscor|Roost|p2a: Gliscor\n|-heal|p2a: Gliscor|100\/100 tox\n|-singleturn|p2a: Gliscor|move: Roost\n|\n|upkeep\n|turn|69\n|\n|t:|1699953560\n|switch|p2a: Rotom|Rotom-Wash|61\/100\n|move|p1a: Alomomola|Wish|p1a: Alomomola\n|\n|-heal|p2a: Rotom|67\/100|[from] item: Leftovers\n|upkeep\n|turn|70\n|\n|t:|1699953566\n|move|p2a: Rotom|Hydro Pump|p1a: Alomomola\n|-resisted|p1a: Alomomola\n|-damage|p1a: Alomomola|70\/100\n|move|p1a: Alomomola|Flip Turn|p2a: Rotom\n|-resisted|p2a: Rotom\n|-damage|p2a: Rotom|59\/100\n|\n|t:|1699953571\n|switch|p1a: Dragonite|Dragonite, M, tera:Normal|5\/100 tox|[from] Flip Turn\n|\n|-heal|p1a: Dragonite|83\/100 tox|[from] move: Wish|[wisher] Alomomola\n|-heal|p2a: Rotom|65\/100|[from] item: Leftovers\n|-damage|p1a: Dragonite|77\/100 tox|[from] psn\n|upkeep\n|turn|71\n|\n|t:|1699953579\n|move|p2a: Rotom|Protect|p2a: Rotom\n|-singleturn|p2a: Rotom|Protect\n|move|p1a: Dragonite|Extreme Speed|p2a: Rotom\n|-activate|p2a: Rotom|move: Protect\n|\n|-heal|p2a: Rotom|72\/100|[from] item: Leftovers\n|-damage|p1a: Dragonite|64\/100 tox|[from] psn\n|upkeep\n|turn|72\n|\n|t:|1699953585\n|switch|p1a: Alomomola|Alomomola, M|100\/100\n|switch|p2a: Gliscor|Gliscor, F|100\/100 tox\n|\n|upkeep\n|turn|73\n|\n|t:|1699953592\n|switch|p2a: Rotom|Rotom-Wash|72\/100\n|move|p1a: Alomomola|Toxic|p2a: Rotom\n|-status|p2a: Rotom|tox\n|\n|-heal|p2a: Rotom|78\/100 tox|[from] item: Leftovers\n|-damage|p2a: Rotom|72\/100 tox|[from] psn\n|upkeep\n|turn|74\n|\n|t:|1699953597\n|move|p1a: Alomomola|Protect|p1a: Alomomola\n|-singleturn|p1a: Alomomola|Protect\n|move|p2a: Rotom|Volt Switch|p1a: Alomomola\n|-activate|p1a: Alomomola|move: Protect\n|\n|-heal|p2a: Rotom|78\/100 tox|[from] item: Leftovers\n|-damage|p2a: Rotom|65\/100 tox|[from] psn\n|upkeep\n|turn|75\n|\n|t:|1699953604\n|move|p2a: Rotom|Volt Switch|p1a: Alomomola\n|-supereffective|p1a: Alomomola\n|-damage|p1a: Alomomola|38\/100\n|\n|t:|1699953607\n|switch|p2a: Munkidori|Munkidori, M|49\/100|[from] Volt Switch\n|move|p1a: Alomomola|Flip Turn|p2a: Munkidori\n|-damage|p2a: Munkidori|24\/100\n|\n|t:|1699953615\n|switch|p1a: Dragonite|Dragonite, M, tera:Normal|64\/100 tox|[from] Flip Turn\n|\n|-damage|p1a: Dragonite|58\/100 tox|[from] psn\n|upkeep\n|turn|76\n|\n|t:|1699953621\n|move|p2a: Munkidori|Fake Out|p1a: Dragonite\n|-damage|p1a: Dragonite|52\/100 tox\n|cant|p1a: Dragonite|flinch\n|\n|-damage|p1a: Dragonite|39\/100 tox|[from] psn\n|upkeep\n|turn|77\n|\n|t:|1699953626\n|switch|p2a: Gliscor|Gliscor, F|100\/100 tox\n|move|p1a: Dragonite|Dual Wingbeat|p2a: Gliscor\n|-damage|p2a: Gliscor|87\/100 tox\n|-damage|p2a: Gliscor|71\/100 tox\n|-hitcount|p2a: Gliscor|2\n|\n|-damage|p1a: Dragonite|21\/100 tox|[from] psn\n|-heal|p2a: Gliscor|84\/100 tox|[from] ability: Poison Heal\n|upkeep\n|turn|78\n|\n|t:|1699953631\n|switch|p1a: Alomomola|Alomomola, M|72\/100\n|switch|p2a: Rotom|Rotom-Wash|65\/100 tox\n|\n|-heal|p2a: Rotom|72\/100 tox|[from] item: Leftovers\n|-damage|p2a: Rotom|65\/100 tox|[from] psn\n|upkeep\n|turn|79\n|\n|t:|1699953636\n|switch|p1a: Great Tusk|Great Tusk|76\/100\n|move|p2a: Rotom|Volt Switch|p1a: Great Tusk\n|-immune|p1a: Great Tusk\n|\n|-heal|p2a: Rotom|72\/100 tox|[from] item: Leftovers\n|-damage|p2a: Rotom|59\/100 tox|[from] psn\n|upkeep\n|turn|80\n|\n|t:|1699953639\n|-end|p1a: Great Tusk|Protosynthesis|[silent]\n|switch|p1a: Alomomola|Alomomola, M|100\/100\n|move|p2a: Rotom|Hydro Pump|p1a: Alomomola\n|-resisted|p1a: Alomomola\n|-damage|p1a: Alomomola|78\/100\n|\n|-heal|p2a: Rotom|65\/100 tox|[from] item: Leftovers\n|-damage|p2a: Rotom|47\/100 tox|[from] psn\n|upkeep\n|turn|81\n|\n|t:|1699953644\n|move|p1a: Alomomola|Protect|p1a: Alomomola\n|-singleturn|p1a: Alomomola|Protect\n|move|p2a: Rotom|Volt Switch|p1a: Alomomola\n|-activate|p1a: Alomomola|move: Protect\n|\n|-heal|p2a: Rotom|53\/100 tox|[from] item: Leftovers\n|-damage|p2a: Rotom|28\/100 tox|[from] psn\n|upkeep\n|turn|82\n|\n|t:|1699953663\n|move|p2a: Rotom|Hydro Pump|p1a: Alomomola\n|-resisted|p1a: Alomomola\n|-damage|p1a: Alomomola|56\/100\n|move|p1a: Alomomola|Wish|p1a: Alomomola\n|\n|-heal|p2a: Rotom|34\/100 tox|[from] item: Leftovers\n|-damage|p2a: Rotom|3\/100 tox|[from] psn\n|upkeep\n|turn|83\n|\n|t:|1699953668\n|move|p1a: Alomomola|Protect|p1a: Alomomola\n|-singleturn|p1a: Alomomola|Protect\n|move|p2a: Rotom|Volt Switch|p1a: Alomomola\n|-activate|p1a: Alomomola|move: Protect\n|\n|-heal|p1a: Alomomola|100\/100|[from] move: Wish|[wisher] Alomomola\n|-heal|p2a: Rotom|9\/100 tox|[from] item: Leftovers\n|-damage|p2a: Rotom|0 fnt|[from] psn\n|faint|p2a: Rotom\n|upkeep\n|\n|t:|1699953670\n|switch|p2a: Munkidori|Munkidori, M|24\/100\n|turn|84\n|\n|t:|1699953675\n|move|p2a: Munkidori|Fake Out|p1a: Alomomola\n|-damage|p1a: Alomomola|97\/100\n|cant|p1a: Alomomola|flinch\n|\n|upkeep\n|turn|85\n|\n|t:|1699953679\n|move|p2a: Munkidori|Sludge Bomb|p1a: Alomomola\n|-crit|p1a: Alomomola\n|-damage|p1a: Alomomola|18\/100\n|move|p1a: Alomomola|Flip Turn|p2a: Munkidori\n|-damage|p2a: Munkidori|0 fnt\n|faint|p2a: Munkidori\n|\n|t:|1699953682\n|switch|p1a: Great Tusk|Great Tusk|76\/100|[from] Flip Turn\n|\n|upkeep\n|\n|t:|1699953683\n|switch|p2a: Gliscor|Gliscor, F|84\/100 tox\n|turn|86\n|\n|t:|1699953686\n|move|p1a: Great Tusk|Ice Spinner|p2a: Gliscor\n|-supereffective|p2a: Gliscor\n|-damage|p2a: Gliscor|30\/100 tox\n|move|p2a: Gliscor|Earthquake|p1a: Great Tusk\n|-damage|p1a: Great Tusk|58\/100\n|\n|-heal|p2a: Gliscor|42\/100 tox|[from] ability: Poison Heal\n|upkeep\n|turn|87\n|\n|t:|1699953689\n|move|p2a: Gliscor|Protect|p2a: Gliscor\n|-singleturn|p2a: Gliscor|Protect\n|move|p1a: Great Tusk|Ice Spinner|p2a: Gliscor\n|-activate|p2a: Gliscor|move: Protect\n|\n|-heal|p2a: Gliscor|54\/100 tox|[from] ability: Poison Heal\n|upkeep\n|turn|88\n|\n|t:|1699953695\n|-terastallize|p2a: Gliscor|Water\n|move|p1a: Great Tusk|Ice Spinner|p2a: Gliscor\n|-resisted|p2a: Gliscor\n|-damage|p2a: Gliscor|48\/100 tox\n|move|p2a: Gliscor|Roost|p2a: Gliscor\n|-heal|p2a: Gliscor|98\/100 tox\n|\n|-heal|p2a: Gliscor|100\/100 tox|[from] ability: Poison Heal\n|upkeep\n|turn|89\n|\n|t:|1699953700\n|move|p1a: Great Tusk|Bulk Up|p1a: Great Tusk\n|-boost|p1a: Great Tusk|atk|1\n|-boost|p1a: Great Tusk|def|1\n|move|p2a: Gliscor|Earthquake|p1a: Great Tusk\n|-damage|p1a: Great Tusk|47\/100\n|\n|upkeep\n|turn|90\n|\n|t:|1699953703\n|move|p1a: Great Tusk|Bulk Up|p1a: Great Tusk\n|-boost|p1a: Great Tusk|atk|1\n|-boost|p1a: Great Tusk|def|1\n|move|p2a: Gliscor|Earthquake|p1a: Great Tusk\n|-damage|p1a: Great Tusk|38\/100\n|\n|upkeep\n|turn|91\n|\n|t:|1699953704\n|move|p1a: Great Tusk|Bulk Up|p1a: Great Tusk\n|-boost|p1a: Great Tusk|atk|1\n|-boost|p1a: Great Tusk|def|1\n|move|p2a: Gliscor|Earthquake|p1a: Great Tusk\n|-damage|p1a: Great Tusk|30\/100\n|\n|upkeep\n|turn|92\n|\n|t:|1699953708\n|move|p1a: Great Tusk|Headlong Rush|p2a: Gliscor\n|-damage|p2a: Gliscor|27\/100 tox\n|-unboost|p1a: Great Tusk|def|1\n|-unboost|p1a: Great Tusk|spd|1\n|move|p2a: Gliscor|Earthquake|p1a: Great Tusk\n|-damage|p1a: Great Tusk|21\/100\n|\n|-heal|p2a: Gliscor|39\/100 tox|[from] ability: Poison Heal\n|upkeep\n|turn|93\n|\n|t:|1699953712\n|move|p2a: Gliscor|Protect|p2a: Gliscor\n|-singleturn|p2a: Gliscor|Protect\n|move|p1a: Great Tusk|Headlong Rush|p2a: Gliscor\n|-activate|p2a: Gliscor|move: Protect\n|\n|-heal|p2a: Gliscor|52\/100 tox|[from] ability: Poison Heal\n|upkeep\n|turn|94\n|\n|t:|1699953714\n|move|p1a: Great Tusk|Headlong Rush|p2a: Gliscor\n|-damage|p2a: Gliscor|0 fnt\n|-unboost|p1a: Great Tusk|def|1\n|-unboost|p1a: Great Tusk|spd|1\n|faint|p2a: Gliscor\n|\n|win|sdsslsy\n|raw|sdsslsy's rating: 1591 &rarr; <strong>1607<\/strong><br \/>(+16 for winning)\n|raw|xxyyzlu's rating: 1524 &rarr; <strong>1508<\/strong><br \/>(-16 for losing)\n|l|\u2606xxyyzlu\n","uploadtime":1699953722,"views":8,"p1id":"sdsslsy","p2id":"xxyyzlu","formatid":"gen9nationaldex","rating":1508,"private":0,"password":""}