{"id":"gen9nationaldex-1989453139","p1":"IplayforFuns","p2":"FlyingSudowoodo","format":"[Gen 9] National Dex","log":"|j|\u2606IplayforFuns\n|j|\u2606FlyingSudowoodo\n|t:|1699852754\n|gametype|singles\n|player|p1|IplayforFuns|pokemaniac|1435\n|player|p2|FlyingSudowoodo|cheren|1432\n|teamsize|p1|6\n|teamsize|p2|6\n|gen|9\n|tier|[Gen 9] National Dex\n|rated|\n|rule|HP Percentage Mod: HP is shown in percentages\n|rule|Endless Battle Clause: Forcing endless battles is banned\n|rule|OHKO Clause: OHKO moves are banned\n|rule|Evasion Clause: Evasion abilities, items, and moves are banned\n|rule|Evasion Abilities Clause: Evasion abilities are banned\n|rule|Evasion Items Clause: Evasion items are banned\n|rule|Evasion Moves Clause: Evasion moves are banned\n|rule|Species Clause: Limit one of each Pok\u00e9mon\n|rule|Sleep Clause Mod: Limit one foe put to sleep\n|clearpoke\n|poke|p1|Ceruledge, M|\n|poke|p1|Tapu Koko|\n|poke|p1|Sneasler, F|\n|poke|p1|Ninetales-Alola, F|\n|poke|p1|Iron Valiant|\n|poke|p1|Glimmora, M|\n|poke|p2|Pelipper, F|\n|poke|p2|Corviknight, M|\n|poke|p2|Gliscor, M|\n|poke|p2|Talonflame, M|\n|poke|p2|Zapdos|\n|poke|p2|Enamorus, F|\n|teampreview\n|c|\u2606IplayforFuns|ooo nice mono flying\n|inactive|Battle timer is ON: inactive players will automatically lose when time's up. (requested by IplayforFuns)\n|inactive|FlyingSudowoodo has 120 seconds left.\n|\n|t:|1699852846\n|start\n|switch|p1a: Dia|Tapu Koko, shiny|100\/100\n|switch|p2a: Corviknight|Corviknight, M, shiny|100\/100\n|-fieldstart|move: Electric Terrain|[from] ability: Electric Surge|[of] p1a: Dia\n|turn|1\n|\n|t:|1699852869\n|switch|p2a: Gliscor|Gliscor, M, shiny|100\/100\n|move|p1a: Dia|Hidden Power|p2a: Gliscor\n|-supereffective|p2a: Gliscor\n|-damage|p2a: Gliscor|38\/100\n|\n|-status|p2a: Gliscor|tox|[from] item: Toxic Orb\n|upkeep\n|turn|2\n|inactive|FlyingSudowoodo has 120 seconds left.\n|\n|t:|1699852908\n|-terastallize|p2a: Gliscor|Fairy\n|move|p1a: Dia|Hidden Power|p2a: Gliscor\n|-damage|p2a: Gliscor|23\/100 tox\n|move|p2a: Gliscor|Earthquake|p1a: Dia\n|-supereffective|p1a: Dia\n|-damage|p1a: Dia|9\/100\n|\n|-heal|p2a: Gliscor|35\/100 tox|[from] ability: Poison Heal\n|upkeep\n|turn|3\n|\n|t:|1699852923\n|switch|p2a: Zapdos|Zapdos|100\/100\n|move|p1a: Dia|U-turn|p2a: Zapdos\n|-resisted|p2a: Zapdos\n|-damage|p2a: Zapdos|91\/100\n|\n|t:|1699852938\n|switch|p1a: Tsukiyomi|Ninetales-Alola, F, shiny|100\/100|[from] U-turn\n|-weather|Snow|[from] ability: Snow Warning|[of] p1a: Tsukiyomi\n|\n|-weather|Snow|[upkeep]\n|upkeep\n|turn|4\n|\n|t:|1699852951\n|switch|p2a: Corviknight|Corviknight, M, shiny|100\/100\n|move|p1a: Tsukiyomi|Aurora Veil|p1a: Tsukiyomi\n|-sidestart|p1: IplayforFuns|move: Aurora Veil\n|\n|-weather|Snow|[upkeep]\n|upkeep\n|turn|5\n|\n|t:|1699852977\n|move|p1a: Tsukiyomi|Blizzard|p2a: Corviknight\n|-damage|p2a: Corviknight|58\/100\n|move|p2a: Corviknight|Defog|p1a: Tsukiyomi\n|-unboost|p1a: Tsukiyomi|evasion|1\n|-sideend|p1: IplayforFuns|move: Aurora Veil\n|-fieldend|move: Electric Terrain\n|\n|-weather|Snow|[upkeep]\n|upkeep\n|turn|6\n|\n|t:|1699852985\n|switch|p2a: Pelipper|Pelipper, F|100\/100\n|-weather|RainDance|[from] ability: Drizzle|[of] p2a: Pelipper\n|move|p1a: Tsukiyomi|Encore||[still]\n|-fail|p1a: Tsukiyomi\n|\n|-weather|RainDance|[upkeep]\n|upkeep\n|turn|7\n|inactive|FlyingSudowoodo has 120 seconds left.\n|\n|t:|1699853010\n|move|p1a: Tsukiyomi|Moonblast|p2a: Pelipper\n|-damage|p2a: Pelipper|48\/100\n|move|p2a: Pelipper|U-turn|p1a: Tsukiyomi\n|-resisted|p1a: Tsukiyomi\n|-damage|p1a: Tsukiyomi|94\/100\n|\n|t:|1699853031\n|switch|p2a: Zapdos|Zapdos|91\/100|[from] U-turn\n|\n|-weather|RainDance|[upkeep]\n|upkeep\n|turn|8\n|\n|t:|1699853043\n|switch|p1a: Rocky|Glimmora, M, shiny|100\/100\n|move|p2a: Zapdos|Hurricane|p1a: Rocky\n|-resisted|p1a: Rocky\n|-damage|p1a: Rocky|57\/100\n|\n|-weather|RainDance|[upkeep]\n|upkeep\n|turn|9\n|\n|t:|1699853051\n|move|p2a: Zapdos|Weather Ball|p1a: Rocky\n|-supereffective|p1a: Rocky\n|-damage|p1a: Rocky|0 fnt\n|faint|p1a: Rocky\n|\n|-weather|RainDance|[upkeep]\n|upkeep\n|inactive|IplayforFuns has 120 seconds left.\n|\n|t:|1699853074\n|switch|p1a: Dia|Tapu Koko, shiny|9\/100\n|-fieldstart|move: Electric Terrain|[from] ability: Electric Surge|[of] p1a: Dia\n|turn|10\n|inactive|FlyingSudowoodo has 120 seconds left.\n|\n|t:|1699853081\n|move|p1a: Dia|Thunderbolt|p2a: Zapdos\n|-damage|p2a: Zapdos|42\/100\n|move|p2a: Zapdos|Volt Switch|p1a: Dia\n|-resisted|p1a: Dia\n|-damage|p1a: Dia|0 fnt\n|faint|p1a: Dia\n|inactive|FlyingSudowoodo has 120 seconds left.\n|\n|t:|1699853089\n|switch|p2a: Corviknight|Corviknight, M, shiny|58\/100|[from] Volt Switch\n|\n|-weather|RainDance|[upkeep]\n|upkeep\n|\n|t:|1699853101\n|switch|p1a: Tsukiyomi|Ninetales-Alola, F, shiny|94\/100\n|-weather|Snow|[from] ability: Snow Warning|[of] p1a: Tsukiyomi\n|turn|11\n|\n|t:|1699853106\n|move|p1a: Tsukiyomi|Blizzard|p2a: Corviknight\n|-damage|p2a: Corviknight|16\/100\n|move|p2a: Corviknight|Defog|p1a: Tsukiyomi\n|-unboost|p1a: Tsukiyomi|evasion|1\n|-fieldend|move: Electric Terrain\n|\n|-weather|Snow|[upkeep]\n|upkeep\n|turn|12\n|\n|t:|1699853121\n|switch|p2a: Pelipper|Pelipper, F|48\/100\n|-weather|RainDance|[from] ability: Drizzle|[of] p2a: Pelipper\n|move|p1a: Tsukiyomi|Blizzard|p2a: Pelipper\n|-damage|p2a: Pelipper|0 fnt\n|faint|p2a: Pelipper\n|\n|-weather|RainDance|[upkeep]\n|upkeep\n|\n|t:|1699853132\n|switch|p2a: Enamorus|Enamorus, F|100\/100\n|turn|13\n|\n|t:|1699853147\n|switch|p1a: Ceru|Ceruledge, M, shiny|100\/100\n|move|p2a: Enamorus|Earth Power|p1a: Ceru\n|-supereffective|p1a: Ceru\n|-damage|p1a: Ceru|0 fnt\n|faint|p1a: Ceru\n|-damage|p2a: Enamorus|91\/100|[from] item: Life Orb\n|\n|-weather|RainDance|[upkeep]\n|upkeep\n|\n|t:|1699853149\n|switch|p1a: Tsukiyomi|Ninetales-Alola, F, shiny|94\/100\n|-weather|Snow|[from] ability: Snow Warning|[of] p1a: Tsukiyomi\n|turn|14\n|\n|t:|1699853162\n|move|p1a: Tsukiyomi|Aurora Veil|p1a: Tsukiyomi\n|-sidestart|p1: IplayforFuns|move: Aurora Veil\n|move|p2a: Enamorus|Mystical Fire|p1a: Tsukiyomi\n|-supereffective|p1a: Tsukiyomi\n|-damage|p1a: Tsukiyomi|51\/100\n|-unboost|p1a: Tsukiyomi|spa|1\n|-damage|p2a: Enamorus|81\/100|[from] item: Life Orb\n|\n|-weather|Snow|[upkeep]\n|upkeep\n|turn|15\n|\n|t:|1699853183\n|move|p1a: Tsukiyomi|Blizzard|p2a: Enamorus\n|-supereffective|p2a: Enamorus\n|-damage|p2a: Enamorus|4\/100\n|move|p2a: Enamorus|Mystical Fire|p1a: Tsukiyomi\n|-supereffective|p1a: Tsukiyomi\n|-damage|p1a: Tsukiyomi|11\/100\n|-unboost|p1a: Tsukiyomi|spa|1\n|-damage|p2a: Enamorus|0 fnt|[from] item: Life Orb\n|faint|p2a: Enamorus\n|\n|-weather|Snow|[upkeep]\n|upkeep\n|\n|t:|1699853197\n|switch|p2a: Gliscor|Gliscor, M, shiny, tera:Fairy|35\/100 tox\n|turn|16\n|\n|t:|1699853203\n|move|p1a: Tsukiyomi|Blizzard|p2a: Gliscor\n|-damage|p2a: Gliscor|18\/100 tox\n|move|p2a: Gliscor|Roost|p2a: Gliscor\n|-heal|p2a: Gliscor|68\/100 tox\n|\n|-weather|Snow|[upkeep]\n|-heal|p2a: Gliscor|80\/100 tox|[from] ability: Poison Heal\n|upkeep\n|turn|17\n|\n|t:|1699853226\n|switch|p2a: Zapdos|Zapdos|42\/100\n|move|p1a: Tsukiyomi|Encore||[still]\n|-fail|p1a: Tsukiyomi\n|\n|-weather|Snow|[upkeep]\n|upkeep\n|turn|18\n|\n|t:|1699853238\n|switch|p2a: Gliscor|Gliscor, M, shiny, tera:Fairy|80\/100 tox\n|move|p1a: Tsukiyomi|Blizzard|p2a: Gliscor\n|-damage|p2a: Gliscor|63\/100 tox\n|\n|-weather|none\n|-heal|p2a: Gliscor|75\/100 tox|[from] ability: Poison Heal\n|upkeep\n|turn|19\n|\n|t:|1699853247\n|move|p1a: Tsukiyomi|Moonblast|p2a: Gliscor\n|-crit|p2a: Gliscor\n|-damage|p2a: Gliscor|31\/100 tox\n|-unboost|p2a: Gliscor|spa|1\n|move|p2a: Gliscor|Taunt|p1a: Tsukiyomi\n|-start|p1a: Tsukiyomi|move: Taunt\n|\n|-heal|p2a: Gliscor|43\/100 tox|[from] ability: Poison Heal\n|upkeep\n|turn|20\n|\n|t:|1699853260\n|switch|p2a: Corviknight|Corviknight, M, shiny|16\/100\n|move|p1a: Tsukiyomi|Moonblast|p2a: Corviknight\n|-resisted|p2a: Corviknight\n|-damage|p2a: Corviknight|7\/100\n|\n|upkeep\n|turn|21\n|\n|t:|1699853267\n|move|p1a: Tsukiyomi|Moonblast|p2a: Corviknight\n|-resisted|p2a: Corviknight\n|-damage|p2a: Corviknight|0 fnt\n|faint|p2a: Corviknight\n|\n|-sideend|p1: IplayforFuns|move: Aurora Veil\n|upkeep\n|\n|t:|1699853274\n|switch|p2a: Talonflame|Talonflame, M, shiny|100\/100\n|turn|22\n|\n|t:|1699853283\n|move|p2a: Talonflame|Hurricane|p1a: Tsukiyomi\n|-damage|p1a: Tsukiyomi|0 fnt\n|faint|p1a: Tsukiyomi\n|\n|upkeep\n|\n|t:|1699853292\n|switch|p1a: Titania|Iron Valiant, shiny|100\/100\n|-enditem|p1a: Titania|Booster Energy\n|-activate|p1a: Titania|ability: Quark Drive|[fromitem]\n|-start|p1a: Titania|quarkdrivespe\n|turn|23\n|\n|t:|1699853302\n|-terastallize|p1a: Titania|Electric\n|move|p2a: Talonflame|Hurricane|p1a: Titania\n|-resisted|p1a: Titania\n|-damage|p1a: Titania|54\/100\n|-start|p1a: Titania|confusion\n|-activate|p1a: Titania|confusion\n|move|p1a: Titania|Calm Mind|p1a: Titania\n|-boost|p1a: Titania|spa|1\n|-boost|p1a: Titania|spd|1\n|\n|upkeep\n|turn|24\n|\n|t:|1699853313\n|switch|p2a: Gliscor|Gliscor, M, shiny, tera:Fairy|43\/100 tox\n|-activate|p1a: Titania|confusion\n|-damage|p1a: Titania|39\/100|[from] confusion\n|\n|-heal|p2a: Gliscor|55\/100 tox|[from] ability: Poison Heal\n|upkeep\n|turn|25\n|\n|t:|1699853320\n|-activate|p1a: Titania|confusion\n|move|p1a: Titania|Moonblast|p2a: Gliscor\n|-damage|p2a: Gliscor|0 fnt\n|faint|p2a: Gliscor\n|\n|upkeep\n|\n|t:|1699853327\n|switch|p2a: Zapdos|Zapdos|42\/100\n|turn|26\n|\n|t:|1699853340\n|-activate|p1a: Titania|confusion\n|-damage|p1a: Titania|26\/100|[from] confusion\n|move|p2a: Zapdos|Roost|p2a: Zapdos\n|-heal|p2a: Zapdos|92\/100\n|-singleturn|p2a: Zapdos|move: Roost\n|\n|upkeep\n|turn|27\n|\n|t:|1699853347\n|-end|p1a: Titania|confusion\n|move|p1a: Titania|Encore|p2a: Zapdos\n|-start|p2a: Zapdos|Encore\n|move|p2a: Zapdos|Roost|p2a: Zapdos\n|-heal|p2a: Zapdos|100\/100\n|-singleturn|p2a: Zapdos|move: Roost\n|\n|upkeep\n|turn|28\n|\n|t:|1699853357\n|switch|p2a: Talonflame|Talonflame, M, shiny|100\/100\n|move|p1a: Titania|Calm Mind|p1a: Titania\n|-boost|p1a: Titania|spa|1\n|-boost|p1a: Titania|spd|1\n|\n|upkeep\n|turn|29\n|\n|t:|1699853364\n|move|p2a: Talonflame|Hurricane|p1a: Titania\n|-resisted|p1a: Titania\n|-damage|p1a: Titania|5\/100\n|move|p1a: Titania|Thunderbolt|p2a: Talonflame\n|-supereffective|p2a: Talonflame\n|-damage|p2a: Talonflame|0 fnt\n|faint|p2a: Talonflame\n|\n|upkeep\n|\n|t:|1699853371\n|switch|p2a: Zapdos|Zapdos|100\/100\n|turn|30\n|\n|t:|1699853375\n|move|p1a: Titania|Thunderbolt|p2a: Zapdos\n|-damage|p2a: Zapdos|3\/100\n|move|p2a: Zapdos|Weather Ball|p1a: Titania\n|-damage|p1a: Titania|0 fnt\n|faint|p1a: Titania\n|-end|p1a: Titania|Quark Drive|[silent]\n|\n|upkeep\n|\n|t:|1699853378\n|switch|p1a: Zera\u00f2ra|Sneasler, F, shiny|100\/100\n|turn|31\n|-message|FlyingSudowoodo forfeited.\n|\n|win|IplayforFuns\n|raw|IplayforFuns's rating: 1451 &rarr; <strong>1470<\/strong><br \/>(+19 for winning)\n|raw|FlyingSudowoodo's rating: 1432 &rarr; <strong>1413<\/strong><br \/>(-19 for losing)\n|l|\u2606FlyingSudowoodo\n","uploadtime":1699853388,"views":5,"p1id":"iplayforfuns","p2id":"flyingsudowoodo","formatid":"gen9nationaldex","rating":1413,"private":0,"password":""}