{"id":"gen9nationaldex-1992729902","p1":"DeathRayKPK","p2":"DracoShivam","format":"[Gen 9] National Dex","log":"|j|\u2606DeathRayKPK\n|j|\u2606DracoShivam\n|t:|1700229958\n|gametype|singles\n|player|p1|DeathRayKPK|101|\n|player|p2|DracoShivam|blue|\n|teamsize|p1|6\n|teamsize|p2|6\n|gen|9\n|tier|[Gen 9] National Dex\n|rule|HP Percentage Mod: HP is shown in percentages\n|rule|Endless Battle Clause: Forcing endless battles is banned\n|rule|OHKO Clause: OHKO moves are banned\n|rule|Evasion Clause: Evasion abilities, items, and moves are banned\n|rule|Evasion Abilities Clause: Evasion abilities are banned\n|rule|Evasion Items Clause: Evasion items are banned\n|rule|Evasion Moves Clause: Evasion moves are banned\n|rule|Species Clause: Limit one of each Pok\u00e9mon\n|rule|Sleep Clause Mod: Limit one foe put to sleep\n|clearpoke\n|poke|p1|Clefable, F|\n|poke|p1|Ogerpon-Wellspring, F|\n|poke|p1|Heatran, M|\n|poke|p1|Zapdos|\n|poke|p1|Volcarona, M|\n|poke|p1|Garganacl, M|\n|poke|p2|Mimikyu, F|\n|poke|p2|Marowak-Alola, M|\n|poke|p2|Corsola-Galar, M|\n|poke|p2|Sinistcha-Masterpiece|\n|poke|p2|Ceruledge, M|\n|poke|p2|Blacephalon|\n|teampreview\n|inactive|Battle timer is ON: inactive players will automatically lose when time's up. (requested by DracoShivam)\n|inactive|DeathRayKPK has 270 seconds left.\n|inactive|DracoShivam has 270 seconds left.\n|j| nepherae\n|inactive|DeathRayKPK has 240 seconds left.\n|c| nepherae|corsola-g huh\n|c| nepherae|certified stall member\n|c|\u2606DeathRayKPK|oh it started?\n|c|\u2606DeathRayKPK|didn't get any notification\n|c|\u2606DeathRayKPK|ssorry\n|c|\u2606DeathRayKPK|glhf\n|\n|t:|1700230043\n|start\n|switch|p1a: Ogerpon|Ogerpon-Wellspring, F|100\/100\n|switch|p2a: Corsola|Corsola-Galar, M|100\/100\n|turn|1\n|c| nepherae|mans clutching the timer since turn 0\n|\n|t:|1700230070\n|move|p1a: Ogerpon|Swords Dance|p1a: Ogerpon\n|-boost|p1a: Ogerpon|atk|2\n|move|p2a: Corsola|Disable|p1a: Ogerpon\n|-start|p1a: Ogerpon|Disable|Swords Dance\n|\n|upkeep\n|turn|2\n|\n|t:|1700230087\n|move|p1a: Ogerpon|Knock Off|p2a: Corsola\n|-supereffective|p2a: Corsola\n|-damage|p2a: Corsola|0 fnt\n|-enditem|p2a: Corsola|Eviolite|[from] move: Knock Off|[of] p1a: Ogerpon\n|faint|p2a: Corsola\n|\n|upkeep\n|c| nepherae|ouch\n|inactive|DracoShivam has 270 seconds left.\n|\n|t:|1700230103\n|switch|p2a: Mimikyu|Mimikyu, F|100\/100\n|turn|3\n|inactive|DeathRayKPK has 270 seconds left.\n|\n|t:|1700230124\n|switch|p1a: Heatran|Heatran, M|100\/100\n|move|p2a: Mimikyu|Thunder Wave|p1a: Heatran\n|-status|p1a: Heatran|par\n|\n|upkeep\n|turn|4\n|c| nepherae|if it's not a willo toxic drain punch destinybond set i want no mimikyu\n|inactive|DracoShivam has 270 seconds left.\n|\n|t:|1700230172\n|switch|p2a: Marowak|Marowak-Alola, M|100\/100\n|move|p1a: Heatran|Toxic|p2a: Marowak\n|-status|p2a: Marowak|tox\n|\n|-damage|p2a: Marowak|94\/100 tox|[from] psn\n|upkeep\n|turn|5\n|inactive|DeathRayKPK has 270 seconds left.\n|j| Najirs\n|j| plasma_fistem\n|inactive|DeathRayKPK has 240 seconds left.\n|\n|t:|1700230218\n|switch|p1a: Zapdos|Zapdos|100\/100\n|move|p2a: Marowak|Knock Off|p1a: Zapdos\n|-damage|p1a: Zapdos|64\/100\n|-enditem|p1a: Zapdos|Heavy-Duty Boots|[from] move: Knock Off|[of] p2a: Marowak\n|\n|-damage|p2a: Marowak|82\/100 tox|[from] psn\n|upkeep\n|turn|6\n|inactive|DeathRayKPK has 240 seconds left.\n|\n|t:|1700230235\n|switch|p2a: Sinistcha|Sinistcha-Masterpiece|100\/100\n|move|p1a: Zapdos|Hurricane|p2a: Sinistcha|[miss]\n|-miss|p1a: Zapdos|p2a: Sinistcha\n|\n|upkeep\n|turn|7\n|inactive|DeathRayKPK has 240 seconds left.\n|\n|t:|1700230245\n|move|p1a: Zapdos|Hurricane|p2a: Sinistcha\n|-supereffective|p2a: Sinistcha\n|-damage|p2a: Sinistcha|0 fnt\n|faint|p2a: Sinistcha\n|\n|upkeep\n|\n|t:|1700230250\n|switch|p2a: Blacephalon|Blacephalon|100\/100\n|turn|8\n|inactive|DeathRayKPK has 240 seconds left.\n|c| nepherae|i just noticed\n|c| nepherae|this is half a mono fire team\n|inactive|DeathRayKPK has 210 seconds left.\n|c| nepherae|if heatran was tera normal for some reason it'd be really funny\n|\n|t:|1700230305\n|move|p2a: Blacephalon|Dark Pulse|p1a: Zapdos\n|-damage|p1a: Zapdos|31\/100\n|move|p1a: Zapdos|Hurricane|p2a: Blacephalon\n|-damage|p2a: Blacephalon|18\/100\n|\n|upkeep\n|turn|9\n|\n|t:|1700230313\n|move|p2a: Blacephalon|Dark Pulse|p1a: Zapdos\n|-damage|p1a: Zapdos|0 fnt\n|faint|p1a: Zapdos\n|-ability|p2a: Blacephalon|Beast Boost|boost\n|-boost|p2a: Blacephalon|spa|1\n|\n|upkeep\n|inactive|DeathRayKPK has 180 seconds left.\n|inactive|DeathRayKPK has 150 seconds left.\n|\n|t:|1700230389\n|switch|p1a: Garganacl|Garganacl, M|100\/100\n|turn|10\n|inactive|DracoShivam has 240 seconds left.\n|\n|t:|1700230416\n|switch|p2a: Mimikyu|Mimikyu, F|100\/100\n|move|p1a: Garganacl|Earthquake|p2a: Mimikyu\n|-activate|p2a: Mimikyu|ability: Disguise\n|-damage|p2a: Mimikyu|100\/100\n|detailschange|p2a: Mimikyu|Mimikyu-Busted, F\n|-damage|p2a: Mimikyu|88\/100|[from] pokemon: Mimikyu-Busted\n|\n|upkeep\n|turn|11\n|inactive|DracoShivam has 240 seconds left.\n|\n|t:|1700230445\n|switch|p1a: Heatran|Heatran, M|100\/100 par\n|-zpower|p2a: Mimikyu\n|move|p2a: Mimikyu|Let's Snuggle Forever|p1a: Heatran|[zeffect]\n|-resisted|p1a: Heatran\n|-damage|p1a: Heatran|85\/100 par\n|\n|-heal|p1a: Heatran|92\/100 par|[from] item: Leftovers\n|upkeep\n|turn|12\n|\n|t:|1700230470\n|switch|p2a: Ceruledge|Ceruledge, M|100\/100\n|cant|p1a: Heatran|par\n|\n|-heal|p1a: Heatran|98\/100 par|[from] item: Leftovers\n|upkeep\n|turn|13\n|inactive|DeathRayKPK has 120 seconds left.\n|\n|t:|1700230511\n|-terastallize|p1a: Heatran|Bug\n|move|p2a: Ceruledge|Swords Dance|p2a: Ceruledge\n|-boost|p2a: Ceruledge|atk|2\n|move|p1a: Heatran|Earth Power|p2a: Ceruledge\n|-supereffective|p2a: Ceruledge\n|-damage|p2a: Ceruledge|36\/100\n|\n|-heal|p1a: Heatran|100\/100 par|[from] item: Leftovers\n|upkeep\n|turn|14\n|inactive|DracoShivam has 210 seconds left.\n|\n|t:|1700230549\n|switch|p2a: Mimikyu|Mimikyu-Busted, F|88\/100\n|move|p1a: Heatran|Earth Power|p2a: Mimikyu\n|-damage|p2a: Mimikyu|60\/100\n|\n|upkeep\n|turn|15\n|inactive|DeathRayKPK has 90 seconds left.\n|\n|t:|1700230566\n|move|p2a: Mimikyu|Play Rough|p1a: Heatran\n|-damage|p1a: Heatran|67\/100 par\n|move|p1a: Heatran|Toxic|p2a: Mimikyu\n|-status|p2a: Mimikyu|tox\n|\n|-heal|p1a: Heatran|73\/100 par|[from] item: Leftovers\n|-damage|p2a: Mimikyu|54\/100 tox|[from] psn\n|upkeep\n|turn|16\n|inactive|DracoShivam has 210 seconds left.\n|inactive|DeathRayKPK has 90 seconds left.\n|\n|t:|1700230594\n|move|p2a: Mimikyu|Play Rough|p1a: Heatran\n|-damage|p1a: Heatran|40\/100 par\n|cant|p1a: Heatran|par\n|\n|-heal|p1a: Heatran|46\/100 par|[from] item: Leftovers\n|-damage|p2a: Mimikyu|42\/100 tox|[from] psn\n|upkeep\n|turn|17\n|c| Najirs|Terrible unnecessary bug para\n|\n|t:|1700230608\n|switch|p1a: Volcarona|Volcarona, M|100\/100\n|move|p2a: Mimikyu|Play Rough|p1a: Volcarona\n|-resisted|p1a: Volcarona\n|-damage|p1a: Volcarona|84\/100\n|\n|-damage|p2a: Mimikyu|24\/100 tox|[from] psn\n|upkeep\n|turn|18\n|\n|t:|1700230622\n|switch|p1a: Heatran|Heatran, M, tera:Bug|46\/100 par\n|move|p2a: Mimikyu|Trick Room|p2a: Mimikyu\n|-fieldstart|move: Trick Room|[of] p2a: Mimikyu\n|\n|-heal|p1a: Heatran|52\/100 par|[from] item: Leftovers\n|-damage|p2a: Mimikyu|0 fnt|[from] psn\n|faint|p2a: Mimikyu\n|upkeep\n|c|\u2606DeathRayKPK|ah para helping me in trick room mode\n|inactive|DracoShivam has 180 seconds left.\n|\n|t:|1700230644\n|switch|p2a: Marowak|Marowak-Alola, M|82\/100 tox\n|turn|19\n|\n|t:|1700230652\n|-terastallize|p2a: Marowak|Fairy\n|move|p1a: Heatran|Earth Power|p2a: Marowak\n|-damage|p2a: Marowak|48\/100 tox\n|move|p2a: Marowak|Shadow Bone|p1a: Heatran\n|-damage|p1a: Heatran|0 fnt\n|faint|p1a: Heatran\n|\n|-damage|p2a: Marowak|42\/100 tox|[from] psn\n|upkeep\n|\n|t:|1700230671\n|switch|p1a: Clefable-Hisui|Clefable, F, shiny|100\/100\n|turn|20\n|\n|t:|1700230679\n|move|p1a: Clefable-Hisui|Protect|p1a: Clefable-Hisui\n|-singleturn|p1a: Clefable-Hisui|Protect\n|move|p2a: Marowak|Flare Blitz|p1a: Clefable-Hisui\n|-activate|p1a: Clefable-Hisui|move: Protect\n|\n|-damage|p2a: Marowak|30\/100 tox|[from] psn\n|upkeep\n|turn|21\n|c| Najirs|Lol\n|\n|t:|1700230697\n|move|p2a: Marowak|Flare Blitz|p1a: Clefable-Hisui\n|-damage|p1a: Clefable-Hisui|27\/100\n|move|p1a: Clefable-Hisui|Wish|p1a: Clefable-Hisui\n|\n|-heal|p1a: Clefable-Hisui|33\/100|[from] item: Leftovers\n|-damage|p2a: Marowak|11\/100 tox|[from] psn\n|upkeep\n|turn|22\n|\n|t:|1700230706\n|switch|p2a: Blacephalon|Blacephalon|18\/100\n|move|p1a: Clefable-Hisui|Protect||[still]\n|-fail|p1a: Clefable-Hisui\n|\n|-heal|p1a: Clefable-Hisui|83\/100|[from] move: Wish|[wisher] Clefable-Hisui\n|-heal|p1a: Clefable-Hisui|89\/100|[from] item: Leftovers\n|-fieldend|move: Trick Room\n|upkeep\n|turn|23\n|inactive|DeathRayKPK has 90 seconds left.\n|inactive|DracoShivam has 210 seconds left.\n|\n|t:|1700230728\n|move|p2a: Blacephalon|Trick|p1a: Clefable-Hisui\n|-activate|p2a: Blacephalon|move: Trick|[of] p1a: Clefable-Hisui\n|-item|p1a: Clefable-Hisui|Choice Scarf|[from] move: Trick\n|-item|p2a: Blacephalon|Leftovers|[from] move: Trick\n|move|p1a: Clefable-Hisui|Moonblast|p2a: Blacephalon\n|-resisted|p2a: Blacephalon\n|-damage|p2a: Blacephalon|0 fnt\n|faint|p2a: Blacephalon\n|\n|upkeep\n|\n|t:|1700230737\n|switch|p2a: Ceruledge|Ceruledge, M|36\/100\n|turn|24\n|inactive|DracoShivam has 210 seconds left.\n|c| Najirs|When did marowak get toxiced\n|\n|t:|1700230754\n|move|p1a: Clefable-Hisui|Moonblast|p2a: Ceruledge\n|-resisted|p2a: Ceruledge\n|-damage|p2a: Ceruledge|20\/100\n|move|p2a: Ceruledge|Bitter Blade|p1a: Clefable-Hisui\n|-damage|p1a: Clefable-Hisui|38\/100\n|-heal|p2a: Ceruledge|52\/100|[from] drain|[of] p1a: Clefable-Hisui\n|-damage|p2a: Ceruledge|43\/100|[from] item: Life Orb\n|\n|upkeep\n|turn|25\n|c| Najirs|Which tuen\n|c| Najirs|Lmao mono fire\n|inactive|DracoShivam has 210 seconds left.\n|c| Najirs|Anyway gg\n|inactive|DeathRayKPK has 60 seconds left.\n|\n|t:|1700230781\n|switch|p1a: Garganacl|Garganacl, M|100\/100\n|move|p2a: Ceruledge|Bitter Blade|p1a: Garganacl\n|-resisted|p1a: Garganacl\n|-damage|p1a: Garganacl|79\/100\n|-heal|p2a: Ceruledge|57\/100|[from] drain|[of] p1a: Garganacl\n|-damage|p2a: Ceruledge|47\/100|[from] item: Life Orb\n|\n|-heal|p1a: Garganacl|85\/100|[from] item: Leftovers\n|upkeep\n|turn|26\n|inactive|DeathRayKPK has 60 seconds left.\n|inactive|DracoShivam has 210 seconds left.\n|\n|t:|1700230805\n|move|p2a: Ceruledge|Close Combat|p1a: Garganacl\n|-supereffective|p1a: Garganacl\n|-damage|p1a: Garganacl|10\/100\n|-unboost|p2a: Ceruledge|def|1\n|-unboost|p2a: Ceruledge|spd|1\n|-damage|p2a: Ceruledge|37\/100|[from] item: Life Orb\n|move|p1a: Garganacl|Earthquake|p2a: Ceruledge\n|-supereffective|p2a: Ceruledge\n|-damage|p2a: Ceruledge|0 fnt\n|faint|p2a: Ceruledge\n|\n|-heal|p1a: Garganacl|16\/100|[from] item: Leftovers\n|upkeep\n|inactive|DracoShivam has 210 seconds left.\n|\n|t:|1700230813\n|switch|p2a: Marowak|Marowak-Alola, M, tera:Fairy|11\/100 tox\n|turn|27\n|inactive|DeathRayKPK has 60 seconds left.\n|\n|t:|1700230821\n|move|p2a: Marowak|Earthquake|p1a: Garganacl\n|-supereffective|p1a: Garganacl\n|-damage|p1a: Garganacl|0 fnt\n|faint|p1a: Garganacl\n|\n|-damage|p2a: Marowak|5\/100 tox|[from] psn\n|upkeep\n|inactive|DeathRayKPK has 60 seconds left.\n|\n|t:|1700230827\n|switch|p1a: Ogerpon|Ogerpon-Wellspring, F|100\/100\n|turn|28\n|\n|t:|1700230832\n|move|p1a: Ogerpon|Ivy Cudgel|p2a: Marowak|[anim] Ivy Cudgel Water\n|-damage|p2a: Marowak|0 fnt\n|faint|p2a: Marowak\n|\n|win|DeathRayKPK\n|c|\u2606DeathRayKPK|sheesh\n|c|\u2606DracoShivam|gg\n|c|\u2606DeathRayKPK|gg\n|c| plasma_fistem|Lmao gg\n|c|\u2606DeathRayKPK|that was scary\n|c| Najirs|Why\n|c| nepherae|gg\n|c| Najirs|Gg\n|c|\u2606DeathRayKPK|idk man draco's teams are usually boombastic\n|c|\u2606DeathRayKPK|full huge moves that hit you on the face\n|l| plasma_fistem\n|j| plasma_fistem\n|l| nepherae\n|l|\u2606DracoShivam\n|l| plasma_fistem\n","uploadtime":1700231148,"views":22,"p1id":"deathraykpk","p2id":"dracoshivam","formatid":"gen9nationaldex","rating":0,"private":0,"password":""}