{"id":"gen9nationaldex-1988213816","p1":"BaronTPDPurgestein","p2":"braydenaaaaa","format":"[Gen 9] National Dex","log":"|j|\u2606BaronTPDPurgestein\n|j|\u2606braydenaaaaa\n|t:|1699686623\n|gametype|singles\n|player|p1|BaronTPDPurgestein|artist|1195\n|player|p2|braydenaaaaa|170|1069\n|teamsize|p1|6\n|teamsize|p2|6\n|gen|9\n|tier|[Gen 9] National Dex\n|rated|\n|rule|HP Percentage Mod: HP is shown in percentages\n|rule|Endless Battle Clause: Forcing endless battles is banned\n|rule|OHKO Clause: OHKO moves are banned\n|rule|Evasion Clause: Evasion abilities, items, and moves are banned\n|rule|Evasion Abilities Clause: Evasion abilities are banned\n|rule|Evasion Items Clause: Evasion items are banned\n|rule|Evasion Moves Clause: Evasion moves are banned\n|rule|Species Clause: Limit one of each Pok\u00e9mon\n|rule|Sleep Clause Mod: Limit one foe put to sleep\n|clearpoke\n|poke|p1|Beedrill, M|\n|poke|p1|Sneasler, M|\n|poke|p1|Munkidori, M|\n|poke|p1|Nidoking, M|\n|poke|p1|Fezandipiti, M|\n|poke|p1|Skuntank, F|\n|poke|p2|Weavile, M|\n|poke|p2|Corviknight, M|\n|poke|p2|Tapu Koko|\n|poke|p2|Iron Valiant|\n|poke|p2|Sneasler, M|\n|poke|p2|Gastrodon, M|\n|teampreview\n|\n|t:|1699686629\n|start\n|switch|p1a: Neko Von Purger|Nidoking, M, shiny|100\/100\n|switch|p2a: Corviknight|Corviknight, M|100\/100\n|-ability|p2a: Corviknight|Pressure\n|turn|1\n|inactive|Battle timer is ON: inactive players will automatically lose when time's up. (requested by BaronTPDPurgestein)\n|\n|t:|1699686668\n|switch|p2a: Gastrodon|Gastrodon, M|100\/100\n|move|p1a: Neko Von Purger|Flamethrower|p2a: Gastrodon\n|-resisted|p2a: Gastrodon\n|-damage|p2a: Gastrodon|89\/100\n|\n|upkeep\n|turn|2\n|\n|t:|1699686682\n|switch|p1a: StinkyVonPurge|Skuntank, F, shiny|100\/100\n|-item|p1a: StinkyVonPurge|Air Balloon\n|-terastallize|p2a: Gastrodon|Poison\n|move|p2a: Gastrodon|Scald|p1a: StinkyVonPurge\n|-damage|p1a: StinkyVonPurge|72\/100\n|-enditem|p1a: StinkyVonPurge|Air Balloon\n|\n|upkeep\n|turn|3\n|\n|t:|1699686690\n|move|p1a: StinkyVonPurge|Knock Off|p2a: Gastrodon\n|-damage|p2a: Gastrodon|55\/100\n|-damage|p1a: StinkyVonPurge|56\/100|[from] item: Rocky Helmet|[of] p2a: Gastrodon\n|-enditem|p2a: Gastrodon|Rocky Helmet|[from] move: Knock Off|[of] p1a: StinkyVonPurge\n|move|p2a: Gastrodon|Stealth Rock|p1a: StinkyVonPurge\n|-sidestart|p1: BaronTPDPurgestein|move: Stealth Rock\n|\n|upkeep\n|turn|4\n|\n|t:|1699686699\n|move|p1a: StinkyVonPurge|Defog|p2a: Gastrodon\n|-unboost|p2a: Gastrodon|evasion|1\n|-sideend|p1: BaronTPDPurgestein|Stealth Rock|[from] move: Defog|[of] p1a: StinkyVonPurge\n|move|p2a: Gastrodon|Recover|p2a: Gastrodon\n|-heal|p2a: Gastrodon|100\/100\n|\n|upkeep\n|turn|5\n|\n|t:|1699686704\n|move|p1a: StinkyVonPurge|Taunt|p2a: Gastrodon\n|-start|p2a: Gastrodon|move: Taunt\n|move|p2a: Gastrodon|Scald|p1a: StinkyVonPurge\n|-damage|p1a: StinkyVonPurge|25\/100\n|\n|upkeep\n|turn|6\n|\n|t:|1699686714\n|switch|p1a: PurgeCarrier|Sneasler, M, shiny|100\/100\n|move|p2a: Gastrodon|Scald|p1a: PurgeCarrier\n|-damage|p1a: PurgeCarrier|66\/100\n|\n|upkeep\n|turn|7\n|\n|t:|1699686717\n|move|p1a: PurgeCarrier|Fake Out|p2a: Gastrodon\n|-damage|p2a: Gastrodon|82\/100\n|-damage|p1a: PurgeCarrier|56\/100|[from] item: Life Orb\n|cant|p2a: Gastrodon|flinch\n|\n|-end|p2a: Gastrodon|move: Taunt\n|upkeep\n|turn|8\n|\n|t:|1699686721\n|move|p1a: PurgeCarrier|Close Combat|p2a: Gastrodon\n|-resisted|p2a: Gastrodon\n|-damage|p2a: Gastrodon|35\/100\n|-unboost|p1a: PurgeCarrier|def|1\n|-unboost|p1a: PurgeCarrier|spd|1\n|-damage|p1a: PurgeCarrier|46\/100|[from] item: Life Orb\n|move|p2a: Gastrodon|Toxic|p1a: PurgeCarrier\n|-immune|p1a: PurgeCarrier\n|\n|upkeep\n|turn|9\n|\n|t:|1699686725\n|move|p1a: PurgeCarrier|Close Combat|p2a: Gastrodon\n|-resisted|p2a: Gastrodon\n|-damage|p2a: Gastrodon|0 fnt\n|-unboost|p1a: PurgeCarrier|def|1\n|-unboost|p1a: PurgeCarrier|spd|1\n|faint|p2a: Gastrodon\n|-damage|p1a: PurgeCarrier|36\/100|[from] item: Life Orb\n|\n|upkeep\n|\n|t:|1699686733\n|switch|p2a: Weavile|Weavile, M|100\/100\n|-ability|p2a: Weavile|Pressure\n|turn|10\n|\n|t:|1699686738\n|move|p2a: Weavile|Knock Off|p1a: PurgeCarrier\n|-resisted|p1a: PurgeCarrier\n|-damage|p1a: PurgeCarrier|0 fnt\n|-enditem|p1a: PurgeCarrier|Life Orb|[from] move: Knock Off|[of] p2a: Weavile\n|faint|p1a: PurgeCarrier\n|\n|upkeep\n|\n|t:|1699686744\n|switch|p1a: Neko Von Purger|Nidoking, M, shiny|100\/100\n|turn|11\n|\n|t:|1699686755\n|move|p1a: Neko Von Purger|Flamethrower|p2a: Weavile\n|-supereffective|p2a: Weavile\n|-damage|p2a: Weavile|11\/100\n|move|p2a: Weavile|Knock Off|p1a: Neko Von Purger\n|-damage|p1a: Neko Von Purger|0 fnt\n|-enditem|p1a: Neko Von Purger|Choice Scarf|[from] move: Knock Off|[of] p2a: Weavile\n|faint|p1a: Neko Von Purger\n|\n|upkeep\n|\n|t:|1699686761\n|switch|p1a: BeePurging|Beedrill, M|100\/100\n|turn|12\n|\n|t:|1699686764\n|detailschange|p1a: BeePurging|Beedrill-Mega, M\n|-mega|p1a: BeePurging|Beedrill|Beedrillite\n|move|p1a: BeePurging|Fell Stinger|p2a: Weavile\n|-supereffective|p2a: Weavile\n|-damage|p2a: Weavile|0 fnt\n|faint|p2a: Weavile\n|-boost|p1a: BeePurging|atk|3\n|\n|upkeep\n|\n|t:|1699686768\n|switch|p2a: Sneasler|Sneasler, M|100\/100\n|turn|13\n|\n|t:|1699686772\n|move|p2a: Sneasler|Fake Out|p1a: BeePurging\n|-enditem|p2a: Sneasler|Normal Gem|[from] gem\n|-damage|p1a: BeePurging|47\/100\n|cant|p1a: BeePurging|flinch\n|\n|upkeep\n|turn|14\n|\n|t:|1699686775\n|move|p1a: BeePurging|Drill Run|p2a: Sneasler\n|-supereffective|p2a: Sneasler\n|-damage|p2a: Sneasler|0 fnt\n|faint|p2a: Sneasler\n|\n|upkeep\n|\n|t:|1699686777\n|switch|p2a: Iron Valiant|Iron Valiant|100\/100\n|turn|15\n|\n|t:|1699686781\n|move|p1a: BeePurging|Poison Jab|p2a: Iron Valiant\n|-supereffective|p2a: Iron Valiant\n|-damage|p2a: Iron Valiant|0 fnt\n|faint|p2a: Iron Valiant\n|-end|p2a: Iron Valiant|Quark Drive|[silent]\n|\n|upkeep\n|\n|t:|1699686783\n|switch|p2a: Tapu Koko|Tapu Koko|100\/100\n|-fieldstart|move: Electric Terrain|[from] ability: Electric Surge|[of] p2a: Tapu Koko\n|turn|16\n|\n|t:|1699686786\n|move|p1a: BeePurging|Poison Jab|p2a: Tapu Koko\n|-supereffective|p2a: Tapu Koko\n|-damage|p2a: Tapu Koko|0 fnt\n|faint|p2a: Tapu Koko\n|\n|upkeep\n|\n|t:|1699686787\n|switch|p2a: Corviknight|Corviknight, M|100\/100\n|-ability|p2a: Corviknight|Pressure\n|turn|17\n|\n|t:|1699686791\n|move|p1a: BeePurging|U-turn|p2a: Corviknight\n|-resisted|p2a: Corviknight\n|-damage|p2a: Corviknight|80\/100\n|-damage|p1a: BeePurging|31\/100|[from] item: Rocky Helmet|[of] p2a: Corviknight\n|\n|t:|1699686795\n|switch|p1a: StinkyVonPurge|Skuntank, F, shiny|25\/100|[from] U-turn\n|move|p2a: Corviknight|Brave Bird|p1a: StinkyVonPurge\n|-damage|p1a: StinkyVonPurge|0 fnt\n|-damage|p2a: Corviknight|55\/100|[from] ability: Aftermath|[of] p1a: StinkyVonPurge\n|faint|p1a: StinkyVonPurge\n|-damage|p2a: Corviknight|47\/100|[from] Recoil\n|\n|upkeep\n|\n|t:|1699686799\n|switch|p1a: SimpVonPurge|Munkidori, M|100\/100\n|-item|p2a: Corviknight|Rocky Helmet|[from] ability: Frisk|[of] p1a: SimpVonPurge|[identify]\n|turn|18\n|\n|t:|1699686804\n|move|p1a: SimpVonPurge|Trick|p2a: Corviknight\n|-activate|p1a: SimpVonPurge|move: Trick|[of] p2a: Corviknight\n|-item|p2a: Corviknight|Choice Scarf|[from] move: Trick\n|-item|p1a: SimpVonPurge|Rocky Helmet|[from] move: Trick\n|move|p2a: Corviknight|Roost|p2a: Corviknight\n|-heal|p2a: Corviknight|97\/100\n|-singleturn|p2a: Corviknight|move: Roost\n|\n|upkeep\n|turn|19\n|\n|t:|1699686813\n|-terastallize|p1a: SimpVonPurge|Fighting\n|move|p1a: SimpVonPurge|Tera Blast|p2a: Corviknight|[anim] Tera Blast Fighting\n|-damage|p2a: Corviknight|64\/100\n|move|p2a: Corviknight|Roost|p2a: Corviknight\n|-heal|p2a: Corviknight|100\/100\n|-singleturn|p2a: Corviknight|move: Roost\n|\n|upkeep\n|turn|20\n|\n|t:|1699686820\n|move|p1a: SimpVonPurge|Tera Blast|p2a: Corviknight|[anim] Tera Blast Fighting\n|-crit|p2a: Corviknight\n|-damage|p2a: Corviknight|50\/100\n|move|p2a: Corviknight|Roost|p2a: Corviknight\n|-heal|p2a: Corviknight|99\/100\n|-singleturn|p2a: Corviknight|move: Roost\n|\n|-fieldend|move: Electric Terrain\n|upkeep\n|turn|21\n|\n|t:|1699686824\n|move|p1a: SimpVonPurge|Tera Blast|p2a: Corviknight|[anim] Tera Blast Fighting\n|-damage|p2a: Corviknight|69\/100\n|move|p2a: Corviknight|Roost|p2a: Corviknight\n|-heal|p2a: Corviknight|100\/100\n|-singleturn|p2a: Corviknight|move: Roost\n|\n|upkeep\n|turn|22\n|\n|t:|1699686829\n|move|p1a: SimpVonPurge|Psychic|p2a: Corviknight\n|-resisted|p2a: Corviknight\n|-damage|p2a: Corviknight|80\/100\n|move|p2a: Corviknight|Roost|p2a: Corviknight\n|-heal|p2a: Corviknight|100\/100\n|-singleturn|p2a: Corviknight|move: Roost\n|\n|upkeep\n|turn|23\n|\n|t:|1699686832\n|move|p1a: SimpVonPurge|Psychic|p2a: Corviknight\n|-resisted|p2a: Corviknight\n|-damage|p2a: Corviknight|83\/100\n|move|p2a: Corviknight|Roost|p2a: Corviknight\n|-heal|p2a: Corviknight|100\/100\n|-singleturn|p2a: Corviknight|move: Roost\n|\n|upkeep\n|turn|24\n|\n|t:|1699686837\n|move|p1a: SimpVonPurge|Psychic|p2a: Corviknight\n|-resisted|p2a: Corviknight\n|-damage|p2a: Corviknight|82\/100\n|-unboost|p2a: Corviknight|spd|1\n|move|p2a: Corviknight|Roost|p2a: Corviknight\n|-heal|p2a: Corviknight|100\/100\n|-singleturn|p2a: Corviknight|move: Roost\n|\n|upkeep\n|turn|25\n|\n|t:|1699686845\n|move|p1a: SimpVonPurge|Psychic|p2a: Corviknight\n|-resisted|p2a: Corviknight\n|-damage|p2a: Corviknight|74\/100\n|move|p2a: Corviknight|Roost|p2a: Corviknight\n|-heal|p2a: Corviknight|100\/100\n|-singleturn|p2a: Corviknight|move: Roost\n|\n|upkeep\n|turn|26\n|\n|t:|1699686850\n|move|p1a: SimpVonPurge|Tera Blast|p2a: Corviknight|[anim] Tera Blast Fighting\n|-damage|p2a: Corviknight|47\/100\n|-activate|p2a: Corviknight|move: Struggle\n|move|p2a: Corviknight|Struggle|p1a: SimpVonPurge\n|-damage|p1a: SimpVonPurge|88\/100\n|-damage|p2a: Corviknight|31\/100|[from] item: Rocky Helmet|[of] p1a: SimpVonPurge\n|-damage|p2a: Corviknight|6\/100|[from] recoil\n|\n|upkeep\n|turn|27\n|\n|t:|1699686855\n|move|p1a: SimpVonPurge|Tera Blast|p2a: Corviknight|[anim] Tera Blast Fighting\n|-damage|p2a: Corviknight|0 fnt\n|faint|p2a: Corviknight\n|\n|win|BaronTPDPurgestein\n|raw|BaronTPDPurgestein's rating: 1195 &rarr; <strong>1211<\/strong><br \/>(+16 for winning)\n|raw|braydenaaaaa's rating: 1069 &rarr; <strong>1056<\/strong><br \/>(-13 for losing)\n","uploadtime":1699686863,"views":5,"p1id":"barontpdpurgestein","p2id":"braydenaaaaa","formatid":"gen9nationaldex","rating":1056,"private":0,"password":""}