{"id":"gen9nationaldex-1998691672","p1":"JuzOzuj","p2":"mixco","format":"[Gen 9] National Dex","log":"|html|<div class=\"broadcast-blue\"><strong>[Gen 9] National Dex is currently suspecting Sneasler! For information on how to participate check out the <a href=\"https:\/\/www.smogon.com\/forums\/threads\/sv-national-dex-suspect-8-just-dance.3731534\/\">suspect thread<\/a>.<\/strong><\/div>\n|j|\u2606JuzOzuj\n|j|\u2606mixco\n|t:|1700973224\n|gametype|singles\n|player|p1|JuzOzuj|265|\n|player|p2|mixco|penny|\n|teamsize|p1|6\n|teamsize|p2|6\n|gen|9\n|tier|[Gen 9] National Dex\n|rule|HP Percentage Mod: HP is shown in percentages\n|rule|Endless Battle Clause: Forcing endless battles is banned\n|rule|OHKO Clause: OHKO moves are banned\n|rule|Evasion Clause: Evasion abilities, items, and moves are banned\n|rule|Evasion Abilities Clause: Evasion abilities are banned\n|rule|Evasion Items Clause: Evasion items are banned\n|rule|Evasion Moves Clause: Evasion moves are banned\n|rule|Species Clause: Limit one of each Pok\u00e9mon\n|rule|Sleep Clause Mod: Limit one foe put to sleep\n|clearpoke\n|poke|p1|Leafeon, M|\n|poke|p1|Empoleon, M|\n|poke|p1|Garchomp, F|\n|poke|p1|Yanmega, F|\n|poke|p1|Electivire, M|\n|poke|p1|Floatzel, F|\n|poke|p2|Typhlosion, F|\n|poke|p2|Togekiss, M|\n|poke|p2|Bellossom, F|\n|poke|p2|Heracross, M|\n|poke|p2|Espeon, F|\n|poke|p2|Lanturn, M|\n|teampreview\n|j| OnlyPyper\n|c|\u2606JuzOzuj|Suertem miadas uwu\n|c| OnlyPyper|Pinches putas\n|c|\u2606JuzOzuj|Tu cola.\n|c| OnlyPyper|Dir\u00eda la tuya pero sabemos que no tienes\n|c| OnlyPyper|Pinche plana\n|c|\u2606JuzOzuj|Si tengo wey xd\n|c|\u2606mixco|Pasa prueba\n|c|\u2606mixco|Foto o feik\n|c| OnlyPyper|La tienes pero para adentro\n|c|\u2606JuzOzuj|Al rato\n|c|\u2606JuzOzuj|cuando terminemos te la paso\n|c|\u2606JuzOzuj|:namnam:\n|c|\u2606mixco|\ud83d\uddff\n|c| OnlyPyper|\ud83d\uddff\n|\n|t:|1700973315\n|start\n|switch|p1a: Denryoku|Electivire, M|100\/100\n|switch|p2a: Dansu|Bellossom, F|100\/100\n|turn|1\n|c|\u2606mixco|JAJSJAJS LA GATA DE MRD ESTA EN SUSPECT\n|c|\u2606JuzOzuj|Khe\n|c| OnlyPyper|Ekisde\n|c|\u2606JuzOzuj|?\n|c| OnlyPyper|Apenas te das cuenta? XD\n|c|\u2606mixco|Sneasler\n|c|\u2606JuzOzuj|XDDDDDDDDDD\n|c|\u2606mixco|Si ekisde\n|\n|t:|1700973361\n|move|p1a: Denryoku|Wild Charge|p2a: Dansu\n|-resisted|p2a: Dansu\n|-damage|p2a: Dansu|83\/100\n|-damage|p1a: Denryoku|95\/100|[from] Recoil\n|move|p2a: Dansu|Strength Sap|p1a: Denryoku\n|-unboost|p1a: Denryoku|atk|1\n|-heal|p2a: Dansu|100\/100\n|\n|upkeep\n|turn|2\n|\n|t:|1700973375\n|switch|p1a: Ester|Yanmega, F|100\/100\n|move|p2a: Dansu|Quiver Dance|p2a: Dansu\n|-boost|p2a: Dansu|spa|1\n|-boost|p2a: Dansu|spd|1\n|-boost|p2a: Dansu|spe|1\n|\n|upkeep\n|turn|3\n|\n|t:|1700973389\n|switch|p2a: Flyan|Togekiss, M|100\/100\n|move|p1a: Ester|Air Slash|p2a: Flyan\n|-damage|p2a: Flyan|72\/100\n|\n|-ability|p1a: Ester|Speed Boost|boost\n|-boost|p1a: Ester|spe|1\n|upkeep\n|turn|4\n|\n|t:|1700973412\n|switch|p1a: Denryoku|Electivire, M|95\/100\n|move|p2a: Flyan|Air Slash|p1a: Denryoku\n|-resisted|p1a: Denryoku\n|-damage|p1a: Denryoku|71\/100\n|\n|upkeep\n|turn|5\n|c| OnlyPyper|Que bueno que yanmega no tiene ninguna forma buena de boostearse el ataque especial ekisde\n|\n|t:|1700973422\n|switch|p2a: Tiny|Lanturn, M|100\/100\n|move|p1a: Denryoku|Volt Switch|p2a: Tiny\n|-immune|p2a: Tiny|[from] ability: Volt Absorb\n|\n|upkeep\n|turn|6\n|\n|t:|1700973435\n|switch|p1a: Dakari|Leafeon, M|100\/100\n|move|p2a: Tiny|Thunder Wave|p1a: Dakari\n|-status|p1a: Dakari|par\n|\n|upkeep\n|turn|7\n|\n|t:|1700973457\n|switch|p2a: Flyan|Togekiss, M|72\/100\n|move|p1a: Dakari|Toxic|p2a: Flyan\n|-status|p2a: Flyan|tox\n|\n|-damage|p2a: Flyan|66\/100 tox|[from] psn\n|upkeep\n|turn|8\n|\n|t:|1700973471\n|switch|p1a: Constantine|Empoleon, M|100\/100\n|move|p2a: Flyan|Roost|p2a: Flyan\n|-heal|p2a: Flyan|100\/100 tox\n|-singleturn|p2a: Flyan|move: Roost\n|\n|-damage|p2a: Flyan|88\/100 tox|[from] psn\n|upkeep\n|turn|9\n|\n|t:|1700973481\n|switch|p2a: Heraclio|Heracross, M|100\/100\n|move|p1a: Constantine|Stealth Rock|p2a: Heraclio\n|-sidestart|p2: mixco|move: Stealth Rock\n|\n|-status|p2a: Heraclio|brn|[from] item: Flame Orb\n|upkeep\n|turn|10\n|\n|t:|1700973493\n|switch|p1a: Dakari|Leafeon, M|100\/100 par\n|move|p2a: Heraclio|Trailblaze|p1a: Dakari\n|-resisted|p1a: Dakari\n|-damage|p1a: Dakari|93\/100 par\n|-boost|p2a: Heraclio|spe|1\n|-damage|p2a: Heraclio|84\/100 brn|[from] item: Rocky Helmet|[of] p1a: Dakari\n|\n|-damage|p2a: Heraclio|78\/100 brn|[from] brn\n|upkeep\n|turn|11\n|\n|t:|1700973505\n|-terastallize|p2a: Heraclio|Normal\n|move|p2a: Heraclio|Facade|p1a: Dakari\n|-damage|p1a: Dakari|27\/100 par\n|-damage|p2a: Heraclio|61\/100 brn|[from] item: Rocky Helmet|[of] p1a: Dakari\n|move|p1a: Dakari|Knock Off|p2a: Heraclio\n|-damage|p2a: Heraclio|27\/100 brn\n|-enditem|p2a: Heraclio|Flame Orb|[from] move: Knock Off|[of] p1a: Dakari\n|\n|-damage|p2a: Heraclio|21\/100 brn|[from] brn\n|upkeep\n|turn|12\n|\n|t:|1700973522\n|move|p2a: Heraclio|Knock Off|p1a: Dakari\n|-damage|p1a: Dakari|0 fnt\n|-damage|p2a: Heraclio|4\/100 brn|[from] item: Rocky Helmet|[of] p1a: Dakari\n|-enditem|p1a: Dakari|Rocky Helmet|[from] move: Knock Off|[of] p2a: Heraclio\n|faint|p1a: Dakari\n|\n|-damage|p2a: Heraclio|0 fnt|[from] brn\n|faint|p2a: Heraclio\n|upkeep\n|c| OnlyPyper|Ekisde\n|c|\u2606JuzOzuj|Ubiera hecho sintesis\n|\n|t:|1700973539\n|switch|p2a: Dansu|Bellossom, F|100\/100\n|switch|p1a: Denryoku|Electivire, M|71\/100\n|-damage|p2a: Dansu|88\/100|[from] Stealth Rock\n|turn|13\n|c| OnlyPyper|Eras m\u00e1s lenta mensa\n|\n|t:|1700973555\n|move|p1a: Denryoku|Earthquake|p2a: Dansu\n|-resisted|p2a: Dansu\n|-damage|p2a: Dansu|76\/100\n|move|p2a: Dansu|Hidden Power|p1a: Denryoku\n|-damage|p1a: Denryoku|52\/100\n|\n|-heal|p2a: Dansu|83\/100|[from] item: Leftovers\n|upkeep\n|turn|14\n|\n|t:|1700973562\n|switch|p1a: Ester|Yanmega, F|100\/100\n|move|p2a: Dansu|Quiver Dance|p2a: Dansu\n|-boost|p2a: Dansu|spa|1\n|-boost|p2a: Dansu|spd|1\n|-boost|p2a: Dansu|spe|1\n|\n|-heal|p2a: Dansu|89\/100|[from] item: Leftovers\n|upkeep\n|turn|15\n|c| OnlyPyper|Eso no es hp tierra ekisde\n|\n|t:|1700973576\n|switch|p2a: Tiny|Lanturn, M|100\/100\n|move|p1a: Ester|Air Slash|p2a: Tiny\n|-resisted|p2a: Tiny\n|-damage|p2a: Tiny|89\/100\n|\n|-ability|p1a: Ester|Speed Boost|boost\n|-boost|p1a: Ester|spe|1\n|upkeep\n|turn|16\n|\n|t:|1700973585\n|move|p1a: Ester|Protect|p1a: Ester\n|-singleturn|p1a: Ester|Protect\n|move|p2a: Tiny|Scald|p1a: Ester\n|-activate|p1a: Ester|move: Protect\n|\n|-ability|p1a: Ester|Speed Boost|boost\n|-boost|p1a: Ester|spe|1\n|upkeep\n|turn|17\n|\n|t:|1700973601\n|switch|p1a: Denryoku|Electivire, M|52\/100\n|move|p2a: Tiny|Scald|p1a: Denryoku\n|-damage|p1a: Denryoku|22\/100\n|\n|upkeep\n|turn|18\n|\n|t:|1700973614\n|switch|p2a: Dansu|Bellossom, F|89\/100\n|-damage|p2a: Dansu|76\/100|[from] Stealth Rock\n|move|p1a: Denryoku|Earthquake|p2a: Dansu\n|-resisted|p2a: Dansu\n|-damage|p2a: Dansu|65\/100\n|\n|-heal|p2a: Dansu|71\/100|[from] item: Leftovers\n|upkeep\n|turn|19\n|\n|t:|1700973625\n|switch|p1a: Ester|Yanmega, F|100\/100\n|move|p2a: Dansu|Strength Sap|p1a: Ester\n|-unboost|p1a: Ester|atk|1\n|-heal|p2a: Dansu|100\/100\n|\n|upkeep\n|turn|20\n|\n|t:|1700973638\n|switch|p2a: Flyan|Togekiss, M|88\/100 tox\n|move|p1a: Ester|Bug Buzz|p2a: Flyan\n|-resisted|p2a: Flyan\n|-damage|p2a: Flyan|80\/100 tox\n|\n|-damage|p2a: Flyan|74\/100 tox|[from] psn\n|-ability|p1a: Ester|Speed Boost|boost\n|-boost|p1a: Ester|spe|1\n|upkeep\n|turn|21\n|\n|t:|1700973659\n|switch|p1a: Constantine|Empoleon, M|100\/100\n|switch|p2a: Pyriam|Typhlosion, F|100\/100\n|-damage|p2a: Pyriam|76\/100|[from] Stealth Rock\n|\n|upkeep\n|turn|22\n|\n|t:|1700973670\n|switch|p2a: Dansu|Bellossom, F|100\/100\n|-damage|p2a: Dansu|88\/100|[from] Stealth Rock\n|move|p1a: Constantine|Scald|p2a: Dansu\n|-resisted|p2a: Dansu\n|-damage|p2a: Dansu|74\/100\n|-status|p2a: Dansu|brn\n|\n|-heal|p2a: Dansu|80\/100 brn|[from] item: Leftovers\n|-damage|p2a: Dansu|74\/100 brn|[from] brn\n|upkeep\n|turn|23\n|c| OnlyPyper|Se la quemaron\n|\n|t:|1700973707\n|switch|p1a: Ester|Yanmega, F|100\/100\n|move|p2a: Dansu|Hidden Power|p1a: Ester\n|-supereffective|p1a: Ester\n|-damage|p1a: Ester|57\/100\n|\n|-heal|p2a: Dansu|80\/100 brn|[from] item: Leftovers\n|-damage|p2a: Dansu|74\/100 brn|[from] brn\n|upkeep\n|turn|24\n|\n|t:|1700973724\n|switch|p2a: Tiny|Lanturn, M|89\/100\n|move|p1a: Ester|Air Slash|p2a: Tiny\n|-resisted|p2a: Tiny\n|-crit|p2a: Tiny\n|-damage|p2a: Tiny|73\/100\n|\n|-ability|p1a: Ester|Speed Boost|boost\n|-boost|p1a: Ester|spe|1\n|upkeep\n|turn|25\n|c|\u2606JuzOzuj|Pensanding\n|\n|t:|1700973774\n|move|p1a: Ester|Protect|p1a: Ester\n|-singleturn|p1a: Ester|Protect\n|move|p2a: Tiny|Scald|p1a: Ester\n|-activate|p1a: Ester|move: Protect\n|\n|-ability|p1a: Ester|Speed Boost|boost\n|-boost|p1a: Ester|spe|1\n|upkeep\n|turn|26\n|\n|t:|1700973788\n|move|p1a: Ester|Bug Buzz|p2a: Tiny\n|-damage|p2a: Tiny|47\/100\n|move|p2a: Tiny|Volt Switch|p1a: Ester\n|-supereffective|p1a: Ester\n|-damage|p1a: Ester|0 fnt\n|faint|p1a: Ester\n|c|\u2606JuzOzuj|Puta madre\n|c|\u2606JuzOzuj|no se cual era la idea\n|c| OnlyPyper|Era obvio mensa ekisde\n|c|\u2606JuzOzuj|xd\n|\n|t:|1700973819\n|switch|p2a: Dansu|Bellossom, F|74\/100 brn|[from] Volt Switch\n|-damage|p2a: Dansu|61\/100 brn|[from] Stealth Rock\n|\n|-heal|p2a: Dansu|67\/100 brn|[from] item: Leftovers\n|-damage|p2a: Dansu|61\/100 brn|[from] brn\n|upkeep\n|c| OnlyPyper|*pat pat *\n|\n|t:|1700973827\n|switch|p1a: Denryoku|Electivire, M|22\/100\n|turn|27\n|\n|t:|1700973831\n|move|p1a: Denryoku|Ice Punch|p2a: Dansu\n|-supereffective|p2a: Dansu\n|-damage|p2a: Dansu|23\/100 brn\n|move|p2a: Dansu|Strength Sap|p1a: Denryoku\n|-unboost|p1a: Denryoku|atk|1\n|-heal|p2a: Dansu|100\/100 brn\n|\n|-damage|p2a: Dansu|94\/100 brn|[from] brn\n|upkeep\n|turn|28\n|c|\u2606JuzOzuj|Gg\n|c|\u2606mixco|Como alguien que es tan uwu puede ser tan sidosa xD\n|c|\u2606mixco|La jumpluff:\n|c| OnlyPyper|Tu la volviste sidosa\n|\n|t:|1700973896\n|switch|p1a: Genesis|Garchomp, F|100\/100\n|move|p2a: Dansu|Quiver Dance|p2a: Dansu\n|-boost|p2a: Dansu|spa|1\n|-boost|p2a: Dansu|spd|1\n|-boost|p2a: Dansu|spe|1\n|\n|-heal|p2a: Dansu|100\/100 brn|[from] item: Leftovers\n|-damage|p2a: Dansu|94\/100 brn|[from] brn\n|upkeep\n|turn|29\n|c|\u2606mixco|Me gusta muuucho mas este set xd\n|\n|t:|1700973913\n|move|p1a: Genesis|Swords Dance|p1a: Genesis\n|-boost|p1a: Genesis|atk|2\n|move|p2a: Dansu|Quiver Dance|p2a: Dansu\n|-boost|p2a: Dansu|spa|1\n|-boost|p2a: Dansu|spd|1\n|-boost|p2a: Dansu|spe|1\n|\n|-heal|p2a: Dansu|100\/100 brn|[from] item: Leftovers\n|-damage|p2a: Dansu|94\/100 brn|[from] brn\n|upkeep\n|turn|30\n|\n|t:|1700973954\n|move|p1a: Genesis|Scale Shot|p2a: Dansu\n|-damage|p2a: Dansu|76\/100 brn\n|-damage|p2a: Dansu|59\/100 brn\n|-damage|p2a: Dansu|38\/100 brn\n|-damage|p2a: Dansu|20\/100 brn\n|-damage|p2a: Dansu|1\/100 brn\n|-hitcount|p2a: Dansu|5\n|-unboost|p1a: Genesis|def|1\n|-boost|p1a: Genesis|spe|1\n|move|p2a: Dansu|Strength Sap|p1a: Genesis\n|-unboost|p1a: Genesis|atk|1\n|-heal|p2a: Dansu|100\/100 brn\n|\n|-damage|p2a: Dansu|94\/100 brn|[from] brn\n|upkeep\n|turn|31\n|c|\u2606JuzOzuj|AAAAAAAAAAA\n|\n|t:|1700973977\n|-terastallize|p1a: Genesis|Fire\n|move|p1a: Genesis|Fire Fang|p2a: Dansu\n|-supereffective|p2a: Dansu\n|-damage|p2a: Dansu|28\/100 brn\n|move|p2a: Dansu|Quiver Dance|p2a: Dansu\n|-boost|p2a: Dansu|spa|1\n|-boost|p2a: Dansu|spd|1\n|-boost|p2a: Dansu|spe|1\n|\n|-heal|p2a: Dansu|34\/100 brn|[from] item: Leftovers\n|-damage|p2a: Dansu|28\/100 brn|[from] brn\n|upkeep\n|turn|32\n|\n|t:|1700973986\n|move|p1a: Genesis|Scale Shot|p2a: Dansu\n|-crit|p2a: Dansu\n|-damage|p2a: Dansu|7\/100 brn\n|-damage|p2a: Dansu|0 fnt\n|faint|p2a: Dansu\n|-hitcount|p2: Dansu|2\n|-unboost|p1a: Genesis|def|1\n|-boost|p1a: Genesis|spe|1\n|\n|upkeep\n|c|\u2606mixco|buen gg xd\n|c|\u2606mixco|No debi gastar el tera\n|\n|t:|1700974007\n|switch|p2a: Flyan|Togekiss, M|74\/100 tox\n|turn|33\n|c| OnlyPyper|Nopis\n|\n|t:|1700974024\n|move|p1a: Genesis|Fire Fang|p2a: Flyan\n|-damage|p2a: Flyan|20\/100 tox\n|move|p2a: Flyan|Air Slash|p1a: Genesis\n|-damage|p1a: Genesis|64\/100\n|\n|-damage|p2a: Flyan|14\/100 tox|[from] psn\n|upkeep\n|turn|34\n|\n|t:|1700974036\n|move|p1a: Genesis|Fire Fang|p2a: Flyan\n|-damage|p2a: Flyan|0 fnt\n|faint|p2a: Flyan\n|\n|upkeep\n|c|\u2606mixco|Bueno erroes\n|\n|t:|1700974042\n|switch|p2a: Pyriam|Typhlosion, F|76\/100\n|-damage|p2a: Pyriam|51\/100|[from] Stealth Rock\n|turn|35\n|\n|t:|1700974047\n|move|p1a: Genesis|Earthquake|p2a: Pyriam\n|-supereffective|p2a: Pyriam\n|-damage|p2a: Pyriam|0 fnt\n|faint|p2a: Pyriam\n|\n|upkeep\n|\n|t:|1700974050\n|switch|p2a: Tiny|Lanturn, M|47\/100\n|turn|36\n|\n|t:|1700974053\n|move|p1a: Genesis|Earthquake|p2a: Tiny\n|-supereffective|p2a: Tiny\n|-damage|p2a: Tiny|0 fnt\n|faint|p2a: Tiny\n|\n|upkeep\n|\n|t:|1700974055\n|switch|p2a: Lucy|Espeon, F|100\/100\n|-damage|p2a: Lucy|88\/100|[from] Stealth Rock\n|turn|37\n|\n|t:|1700974060\n|move|p1a: Genesis|Scale Shot|p2a: Lucy\n|-damage|p2a: Lucy|51\/100\n|-damage|p2a: Lucy|13\/100\n|-damage|p2a: Lucy|0 fnt\n|faint|p2a: Lucy\n|-hitcount|p2: Lucy|3\n|\n|win|JuzOzuj\n|c|\u2606JuzOzuj|gg\n|c|\u2606JuzOzuj|dios\n|c| OnlyPyper|Gg\n|c|\u2606JuzOzuj|porfin gano con este team\n|c| OnlyPyper|Sigo yo uwu\n|c|\u2606JuzOzuj|sipis uwu\n|c|\u2606mixco|no se pq queria matar tanto a Dakari pero bueno\n","uploadtime":1700974098,"views":2,"p1id":"juzozuj","p2id":"mixco","formatid":"gen9nationaldex","rating":0,"private":0,"password":""}