{"id":"gen9nationaldex-1988532170","p1":"Greenmoosen","p2":"dinoistakenistaken","format":"[Gen 9] National Dex","log":"|j|\u2606Greenmoosen\n|j|\u2606dinoistakenistaken\n|t:|1699733043\n|gametype|singles\n|player|p1|Greenmoosen|dawn|1095\n|player|p2|dinoistakenistaken|101|1006\n|teamsize|p1|6\n|teamsize|p2|6\n|gen|9\n|tier|[Gen 9] National Dex\n|rated|\n|rule|HP Percentage Mod: HP is shown in percentages\n|rule|Endless Battle Clause: Forcing endless battles is banned\n|rule|OHKO Clause: OHKO moves are banned\n|rule|Evasion Clause: Evasion abilities, items, and moves are banned\n|rule|Evasion Abilities Clause: Evasion abilities are banned\n|rule|Evasion Items Clause: Evasion items are banned\n|rule|Evasion Moves Clause: Evasion moves are banned\n|rule|Species Clause: Limit one of each Pok\u00e9mon\n|rule|Sleep Clause Mod: Limit one foe put to sleep\n|clearpoke\n|poke|p1|Blaziken, M|\n|poke|p1|Marowak-Alola, F|\n|poke|p1|Centiskorch, F|\n|poke|p1|Armarouge, M|\n|poke|p1|Talonflame, M|\n|poke|p1|Volcanion|\n|poke|p2|Shuckle, F|\n|poke|p2|Glimmora, F|\n|poke|p2|Mew|\n|poke|p2|Copperajah, F|\n|poke|p2|Murkrow, M|\n|poke|p2|Aggron, M|\n|teampreview\n|inactive|Battle timer is ON: inactive players will automatically lose when time's up. (requested by Greenmoosen)\n|\n|t:|1699733051\n|start\n|switch|p1a: Blaziken|Blaziken, M|100\/100\n|switch|p2a: Shuckle|Shuckle, F|100\/100\n|turn|1\n|\n|t:|1699733056\n|move|p1a: Blaziken|Swords Dance|p1a: Blaziken\n|-boost|p1a: Blaziken|atk|2\n|move|p2a: Shuckle|Sticky Web|p1a: Blaziken\n|-sidestart|p1: Greenmoosen|move: Sticky Web\n|\n|-ability|p1a: Blaziken|Speed Boost|boost\n|-boost|p1a: Blaziken|spe|1\n|upkeep\n|turn|2\n|\n|t:|1699733064\n|move|p1a: Blaziken|Swords Dance|p1a: Blaziken\n|-boost|p1a: Blaziken|atk|2\n|move|p2a: Shuckle|Stealth Rock|p1a: Blaziken\n|-sidestart|p1: Greenmoosen|move: Stealth Rock\n|\n|-ability|p1a: Blaziken|Speed Boost|boost\n|-boost|p1a: Blaziken|spe|1\n|upkeep\n|turn|3\n|\n|t:|1699733072\n|move|p1a: Blaziken|Swords Dance|p1a: Blaziken\n|-boost|p1a: Blaziken|atk|2\n|move|p2a: Shuckle|Knock Off|p1a: Blaziken\n|-resisted|p1a: Blaziken\n|-damage|p1a: Blaziken|96\/100\n|-enditem|p1a: Blaziken|Wide Lens|[from] move: Knock Off|[of] p2a: Shuckle\n|\n|-ability|p1a: Blaziken|Speed Boost|boost\n|-boost|p1a: Blaziken|spe|1\n|upkeep\n|turn|4\n|\n|t:|1699733085\n|move|p2a: Shuckle|Protect|p2a: Shuckle\n|-singleturn|p2a: Shuckle|Protect\n|move|p1a: Blaziken|High Jump Kick|p2a: Shuckle\n|-activate|p2a: Shuckle|move: Protect\n|-damage|p1a: Blaziken|46\/100|[from] highjumpkick\n|\n|-ability|p1a: Blaziken|Speed Boost|boost\n|-boost|p1a: Blaziken|spe|1\n|upkeep\n|turn|5\n|\n|t:|1699733096\n|move|p2a: Shuckle|Protect||[still]\n|-fail|p2a: Shuckle\n|move|p1a: Blaziken|Blaze Kick|p2a: Shuckle\n|-damage|p2a: Shuckle|0 fnt\n|faint|p2a: Shuckle\n|\n|-ability|p1a: Blaziken|Speed Boost|boost\n|-boost|p1a: Blaziken|spe|1\n|upkeep\n|\n|t:|1699733113\n|switch|p2a: Copperajah|Copperajah, F|100\/100\n|turn|6\n|\n|t:|1699733118\n|-terastallize|p2a: Copperajah|Ghost\n|move|p1a: Blaziken|Blaze Kick|p2a: Copperajah\n|-crit|p2a: Copperajah\n|-damage|p2a: Copperajah|0 fnt\n|faint|p2a: Copperajah\n|\n|-ability|p1a: Blaziken|Speed Boost|boost\n|-boost|p1a: Blaziken|spe|1\n|upkeep\n|\n|t:|1699733125\n|switch|p2a: Mew|Mew|100\/100\n|turn|7\n|\n|t:|1699733131\n|move|p1a: Blaziken|Blaze Kick|p2a: Mew|[miss]\n|-miss|p1a: Blaziken|p2a: Mew\n|move|p2a: Mew|Whirlwind|p1a: Blaziken\n|drag|p1a: Centiskorch|Centiskorch, F, shiny|100\/100\n|-activate|p1a: Centiskorch|move: Sticky Web\n|-unboost|p1a: Centiskorch|spe|1\n|-damage|p1a: Centiskorch|51\/100|[from] Stealth Rock\n|\n|upkeep\n|turn|8\n|\n|t:|1699733141\n|move|p2a: Mew|Spikes|p1a: Centiskorch\n|-sidestart|p1: Greenmoosen|Spikes\n|move|p1a: Centiskorch|X-Scissor|p2a: Mew\n|-supereffective|p2a: Mew\n|-damage|p2a: Mew|20\/100\n|-enditem|p2a: Mew|Aguav Berry|[eat]\n|-heal|p2a: Mew|54\/100|[from] item: Aguav Berry\n|-damage|p1a: Centiskorch|41\/100|[from] item: Life Orb\n|\n|upkeep\n|turn|9\n|\n|t:|1699733153\n|move|p2a: Mew|Spikes|p1a: Centiskorch\n|-sidestart|p1: Greenmoosen|Spikes\n|move|p1a: Centiskorch|X-Scissor|p2a: Mew\n|-supereffective|p2a: Mew\n|-damage|p2a: Mew|0 fnt\n|faint|p2a: Mew\n|-damage|p1a: Centiskorch|31\/100|[from] item: Life Orb\n|\n|upkeep\n|\n|t:|1699733157\n|switch|p2a: Glimmora|Glimmora, F|100\/100\n|turn|10\n|\n|t:|1699733167\n|move|p2a: Glimmora|Toxic Spikes|p1a: Centiskorch\n|-sidestart|p1: Greenmoosen|move: Toxic Spikes\n|move|p1a: Centiskorch|Coil|p1a: Centiskorch\n|-boost|p1a: Centiskorch|atk|1\n|-boost|p1a: Centiskorch|def|1\n|-boost|p1a: Centiskorch|accuracy|1\n|\n|upkeep\n|turn|11\n|\n|t:|1699733174\n|move|p2a: Glimmora|Spikes|p1a: Centiskorch\n|-sidestart|p1: Greenmoosen|Spikes\n|move|p1a: Centiskorch|Coil|p1a: Centiskorch\n|-boost|p1a: Centiskorch|atk|1\n|-boost|p1a: Centiskorch|def|1\n|-boost|p1a: Centiskorch|accuracy|1\n|\n|upkeep\n|turn|12\n|\n|t:|1699733181\n|move|p2a: Glimmora|Toxic Spikes|p1a: Centiskorch\n|-sidestart|p1: Greenmoosen|move: Toxic Spikes\n|move|p1a: Centiskorch|Coil|p1a: Centiskorch\n|-boost|p1a: Centiskorch|atk|1\n|-boost|p1a: Centiskorch|def|1\n|-boost|p1a: Centiskorch|accuracy|1\n|\n|upkeep\n|turn|13\n|\n|t:|1699733192\n|move|p2a: Glimmora|Dazzling Gleam|p1a: Centiskorch\n|-resisted|p1a: Centiskorch\n|-damage|p1a: Centiskorch|21\/100\n|move|p1a: Centiskorch|Coil|p1a: Centiskorch\n|-boost|p1a: Centiskorch|atk|1\n|-boost|p1a: Centiskorch|def|1\n|-boost|p1a: Centiskorch|accuracy|1\n|\n|upkeep\n|turn|14\n|\n|t:|1699733204\n|move|p2a: Glimmora|Dazzling Gleam|p1a: Centiskorch\n|-resisted|p1a: Centiskorch\n|-damage|p1a: Centiskorch|11\/100\n|move|p1a: Centiskorch|Fire Lash|p2a: Glimmora\n|-resisted|p2a: Glimmora\n|-damage|p2a: Glimmora|9\/100\n|-unboost|p2a: Glimmora|def|1\n|-enditem|p2a: Glimmora|Aguav Berry|[eat]\n|-heal|p2a: Glimmora|42\/100|[from] item: Aguav Berry\n|-damage|p1a: Centiskorch|1\/100|[from] item: Life Orb\n|\n|upkeep\n|turn|15\n|\n|t:|1699733219\n|move|p2a: Glimmora|Dazzling Gleam|p1a: Centiskorch\n|-resisted|p1a: Centiskorch\n|-damage|p1a: Centiskorch|0 fnt\n|faint|p1a: Centiskorch\n|\n|upkeep\n|\n|t:|1699733229\n|switch|p1a: Armarouge|Armarouge, M|100\/100\n|-activate|p1a: Armarouge|move: Sticky Web\n|-unboost|p1a: Armarouge|spe|1\n|-damage|p1a: Armarouge|76\/100|[from] Stealth Rock\n|-damage|p1a: Armarouge|51\/100|[from] Spikes\n|-status|p1a: Armarouge|tox\n|turn|16\n|\n|t:|1699733238\n|move|p2a: Glimmora|Protect|p2a: Glimmora\n|-singleturn|p2a: Glimmora|Protect\n|move|p1a: Armarouge|Armor Cannon|p2a: Glimmora\n|-activate|p2a: Glimmora|move: Protect\n|\n|-damage|p1a: Armarouge|45\/100 tox|[from] psn\n|upkeep\n|turn|17\n|\n|t:|1699733247\n|move|p2a: Glimmora|Dazzling Gleam|p1a: Armarouge\n|-resisted|p1a: Armarouge\n|-damage|p1a: Armarouge|33\/100 tox\n|move|p1a: Armarouge|Armor Cannon|p2a: Glimmora\n|-resisted|p2a: Glimmora\n|-damage|p2a: Glimmora|7\/100\n|-unboost|p1a: Armarouge|def|1\n|-unboost|p1a: Armarouge|spd|1\n|\n|-damage|p1a: Armarouge|21\/100 tox|[from] psn\n|upkeep\n|turn|18\n|\n|t:|1699733259\n|move|p2a: Glimmora|Protect|p2a: Glimmora\n|-singleturn|p2a: Glimmora|Protect\n|move|p1a: Armarouge|Expanding Force|p2a: Glimmora\n|-activate|p2a: Glimmora|move: Protect\n|\n|-damage|p1a: Armarouge|3\/100 tox|[from] psn\n|upkeep\n|turn|19\n|\n|t:|1699733268\n|move|p2a: Glimmora|Dazzling Gleam|p1a: Armarouge\n|-resisted|p1a: Armarouge\n|-damage|p1a: Armarouge|0 fnt\n|faint|p1a: Armarouge\n|\n|upkeep\n|\n|t:|1699733275\n|switch|p1a: Volcanion|Volcanion|100\/100\n|-activate|p1a: Volcanion|move: Sticky Web\n|-unboost|p1a: Volcanion|spe|1\n|-damage|p1a: Volcanion|76\/100|[from] Stealth Rock\n|-damage|p1a: Volcanion|51\/100|[from] Spikes\n|-status|p1a: Volcanion|tox\n|turn|20\n|\n|t:|1699733285\n|move|p2a: Glimmora|Protect|p2a: Glimmora\n|-singleturn|p2a: Glimmora|Protect\n|move|p1a: Volcanion|Flash Cannon|p2a: Glimmora\n|-activate|p2a: Glimmora|move: Protect\n|\n|-damage|p1a: Volcanion|45\/100 tox|[from] psn\n|upkeep\n|turn|21\n|\n|t:|1699733293\n|move|p2a: Glimmora|Dazzling Gleam|p1a: Volcanion\n|-resisted|p1a: Volcanion\n|-damage|p1a: Volcanion|31\/100 tox\n|move|p1a: Volcanion|Flash Cannon|p2a: Glimmora\n|-supereffective|p2a: Glimmora\n|-damage|p2a: Glimmora|0 fnt\n|faint|p2a: Glimmora\n|-damage|p1a: Volcanion|21\/100 tox|[from] item: Life Orb\n|\n|-damage|p1a: Volcanion|9\/100 tox|[from] psn\n|upkeep\n|\n|t:|1699733302\n|switch|p2a: Murkrow|Murkrow, M|100\/100\n|turn|22\n|\n|t:|1699733307\n|move|p2a: Murkrow|Sucker Punch|p1a: Volcanion\n|-damage|p1a: Volcanion|0 fnt\n|faint|p1a: Volcanion\n|\n|upkeep\n|\n|t:|1699733314\n|switch|p1a: Marowak|Marowak-Alola, F, shiny|100\/100\n|-activate|p1a: Marowak|move: Sticky Web\n|-unboost|p1a: Marowak|spe|1\n|-damage|p1a: Marowak|76\/100|[from] Stealth Rock\n|-damage|p1a: Marowak|51\/100|[from] Spikes\n|-status|p1a: Marowak|tox\n|turn|23\n|\n|t:|1699733323\n|move|p2a: Murkrow|Protect|p2a: Murkrow\n|-singleturn|p2a: Murkrow|Protect\n|move|p1a: Marowak|Thunder Punch|p2a: Murkrow\n|-activate|p2a: Murkrow|move: Protect\n|\n|-damage|p1a: Marowak|45\/100 tox|[from] psn\n|upkeep\n|turn|24\n|\n|t:|1699733332\n|move|p2a: Murkrow|Sucker Punch|p1a: Marowak\n|-supereffective|p1a: Marowak\n|-damage|p1a: Marowak|0 fnt\n|faint|p1a: Marowak\n|\n|upkeep\n|\n|t:|1699733337\n|switch|p1a: Blaziken|Blaziken, M|46\/100\n|-activate|p1a: Blaziken|move: Sticky Web\n|-unboost|p1a: Blaziken|spe|1\n|-damage|p1a: Blaziken|34\/100|[from] Stealth Rock\n|-damage|p1a: Blaziken|9\/100|[from] Spikes\n|-status|p1a: Blaziken|tox\n|turn|25\n|\n|t:|1699733365\n|move|p2a: Murkrow|Protect|p2a: Murkrow\n|-singleturn|p2a: Murkrow|Protect\n|move|p1a: Blaziken|Blaze Kick|p2a: Murkrow\n|-activate|p2a: Murkrow|move: Protect\n|\n|-damage|p1a: Blaziken|3\/100 tox|[from] psn\n|-ability|p1a: Blaziken|Speed Boost|boost\n|-boost|p1a: Blaziken|spe|1\n|upkeep\n|turn|26\n|\n|t:|1699733375\n|move|p2a: Murkrow|Sucker Punch|p1a: Blaziken\n|-resisted|p1a: Blaziken\n|-damage|p1a: Blaziken|0 fnt\n|faint|p1a: Blaziken\n|\n|upkeep\n|\n|t:|1699733380\n|switch|p1a: Talonflame|Talonflame, M|100\/100\n|-damage|p1a: Talonflame|51\/100|[from] Stealth Rock\n|turn|27\n|\n|t:|1699733389\n|move|p2a: Murkrow|Sucker Punch|p1a: Talonflame\n|-damage|p1a: Talonflame|19\/100\n|move|p1a: Talonflame|U-turn|p2a: Murkrow\n|-damage|p2a: Murkrow|65\/100\n|\n|upkeep\n|turn|28\n|-message|Greenmoosen forfeited.\n|\n|win|dinoistakenistaken\n|raw|Greenmoosen's rating: 1095 &rarr; <strong>1065<\/strong><br \/>(-30 for losing)\n|raw|dinoistakenistaken's rating: 1006 &rarr; <strong>1055<\/strong><br \/>(+49 for winning)\n|l|\u2606Greenmoosen\n","uploadtime":1699733407,"views":6,"p1id":"greenmoosen","p2id":"dinoistakenistaken","formatid":"gen9nationaldex","rating":1055,"private":0,"password":""}