{"id":"gen9nationaldex-1999562843","p1":"PWA Wright","p2":"baigu","format":"[Gen 9] National Dex","log":"|html|<div class=\"broadcast-blue\"><strong>[Gen 9] National Dex is currently suspecting Sneasler! For information on how to participate check out the <a href=\"https:\/\/www.smogon.com\/forums\/threads\/sv-national-dex-suspect-8-just-dance.3731534\/\">suspect thread<\/a>.<\/strong><\/div>\n|j|\u2606PWA Wright\n|j|\u2606baigu\n|t:|1701096446\n|gametype|singles\n|player|p1|PWA Wright|cynthia|1784\n|player|p2|baigu|266|1889\n|teamsize|p1|6\n|teamsize|p2|6\n|gen|9\n|tier|[Gen 9] National Dex\n|rated|\n|rule|HP Percentage Mod: HP is shown in percentages\n|rule|Endless Battle Clause: Forcing endless battles is banned\n|rule|OHKO Clause: OHKO moves are banned\n|rule|Evasion Clause: Evasion abilities, items, and moves are banned\n|rule|Evasion Abilities Clause: Evasion abilities are banned\n|rule|Evasion Items Clause: Evasion items are banned\n|rule|Evasion Moves Clause: Evasion moves are banned\n|rule|Species Clause: Limit one of each Pok\u00e9mon\n|rule|Sleep Clause Mod: Limit one foe put to sleep\n|clearpoke\n|poke|p1|Garchomp, M|\n|poke|p1|Dondozo, M|\n|poke|p1|Tyranitar, F|\n|poke|p1|Charizard, F|\n|poke|p1|Clodsire, F|\n|poke|p1|Corviknight, M|\n|poke|p2|Ursaluna, F|\n|poke|p2|Slowking, M|\n|poke|p2|Corviknight, F|\n|poke|p2|Hoopa-Unbound|\n|poke|p2|Dragonite, M|\n|poke|p2|Tapu Koko|\n|teampreview\n|\n|t:|1701096460\n|start\n|switch|p1a: Charizard|Charizard, F|100\/100\n|switch|p2a: Tapu Koko|Tapu Koko|100\/100\n|-fieldstart|move: Electric Terrain|[from] ability: Electric Surge|[of] p2a: Tapu Koko\n|turn|1\n|\n|t:|1701096467\n|switch|p1a: Clodsire|Clodsire, F|100\/100\n|move|p2a: Tapu Koko|Volt Switch|p1a: Clodsire\n|-immune|p1a: Clodsire\n|\n|upkeep\n|turn|2\n|\n|t:|1701096475\n|switch|p2a: \u718a\u5927|Ursaluna, F|100\/100\n|move|p1a: Clodsire|Stealth Rock|p2a: \u718a\u5927\n|-sidestart|p2: baigu|move: Stealth Rock\n|\n|-status|p2a: \u718a\u5927|brn|[from] item: Flame Orb\n|upkeep\n|turn|3\n|\n|t:|1701096482\n|switch|p1a: Corviknight|Corviknight, M|100\/100\n|-ability|p1a: Corviknight|Pressure\n|move|p2a: \u718a\u5927|Fire Punch|p1a: Corviknight\n|-supereffective|p1a: Corviknight\n|-damage|p1a: Corviknight|44\/100\n|-damage|p2a: \u718a\u5927|84\/100 brn|[from] item: Rocky Helmet|[of] p1a: Corviknight\n|\n|-damage|p2a: \u718a\u5927|78\/100 brn|[from] brn\n|upkeep\n|turn|4\n|j| kfnlvdikgtid\n|\n|t:|1701096497\n|-terastallize|p2a: \u718a\u5927|Normal\n|-terastallize|p1a: Corviknight|Dragon\n|move|p2a: \u718a\u5927|Facade|p1a: Corviknight\n|-damage|p1a: Corviknight|0 fnt\n|-damage|p2a: \u718a\u5927|61\/100 brn|[from] item: Rocky Helmet|[of] p1a: Corviknight\n|faint|p1a: Corviknight\n|\n|-damage|p2a: \u718a\u5927|55\/100 brn|[from] brn\n|upkeep\n|\n|t:|1701096521\n|switch|p1a: Charizard|Charizard, F|100\/100\n|turn|5\n|\n|t:|1701096527\n|switch|p2a: Slowking|Slowking, M|100\/100\n|detailschange|p1a: Charizard|Charizard-Mega-Y, F\n|-mega|p1a: Charizard|Charizard|Charizardite Y\n|-weather|SunnyDay|[from] ability: Drought|[of] p1a: Charizard\n|move|p1a: Charizard|Solar Beam||[still]\n|-prepare|p1a: Charizard|Solar Beam\n|-anim|p1a: Charizard|Solar Beam|p2a: Slowking\n|-supereffective|p2a: Slowking\n|-damage|p2a: Slowking|46\/100\n|\n|-weather|SunnyDay|[upkeep]\n|-fieldend|move: Electric Terrain\n|upkeep\n|turn|6\n|\n|t:|1701096539\n|switch|p2a: Dragonite|Dragonite, M|100\/100\n|-damage|p2a: Dragonite|75\/100|[from] Stealth Rock\n|move|p1a: Charizard|Weather Ball|p2a: Dragonite\n|-resisted|p2a: Dragonite\n|-damage|p2a: Dragonite|30\/100\n|\n|-weather|SunnyDay|[upkeep]\n|upkeep\n|turn|7\n|\n|t:|1701096552\n|move|p2a: Dragonite|Extreme Speed|p1a: Charizard\n|-damage|p1a: Charizard|36\/100\n|move|p1a: Charizard|Weather Ball|p2a: Dragonite\n|-resisted|p2a: Dragonite\n|-damage|p2a: Dragonite|0 fnt\n|faint|p2a: Dragonite\n|\n|-weather|SunnyDay|[upkeep]\n|upkeep\n|\n|t:|1701096555\n|switch|p2a: Tapu Koko|Tapu Koko|100\/100\n|-damage|p2a: Tapu Koko|88\/100|[from] Stealth Rock\n|-fieldstart|move: Electric Terrain|[from] ability: Electric Surge|[of] p2a: Tapu Koko\n|turn|8\n|\n|t:|1701096560\n|switch|p1a: Clodsire|Clodsire, F|100\/100\n|move|p2a: Tapu Koko|U-turn|p1a: Clodsire\n|-resisted|p1a: Clodsire\n|-damage|p1a: Clodsire|92\/100\n|\n|t:|1701096571\n|switch|p2a: Slowking|Slowking, M|79\/100|[from] U-turn\n|\n|-weather|SunnyDay|[upkeep]\n|-heal|p1a: Clodsire|98\/100|[from] item: Leftovers\n|upkeep\n|turn|9\n|\n|t:|1701096578\n|move|p1a: Clodsire|Toxic|p2a: Slowking\n|-status|p2a: Slowking|tox\n|move|p2a: Slowking|Trick Room|p2a: Slowking\n|-fieldstart|move: Trick Room|[of] p2a: Slowking\n|\n|-weather|none\n|-heal|p1a: Clodsire|100\/100|[from] item: Leftovers\n|-damage|p2a: Slowking|73\/100 tox|[from] psn\n|upkeep\n|turn|10\n|\n|t:|1701096589\n|switch|p1a: Dondozo|Dondozo, M|100\/100\n|move|p2a: Slowking|Teleport|p2a: Slowking\n|\n|t:|1701096592\n|switch|p2a: Corviknight|Corviknight, F|100\/100|[from] Teleport\n|-damage|p2a: Corviknight|88\/100|[from] Stealth Rock\n|-ability|p2a: Corviknight|Pressure\n|\n|upkeep\n|turn|11\n|\n|t:|1701096595\n|move|p1a: Dondozo|Curse|p1a: Dondozo\n|-unboost|p1a: Dondozo|spe|1\n|-boost|p1a: Dondozo|atk|1\n|-boost|p1a: Dondozo|def|1\n|move|p2a: Corviknight|Defog|p1a: Dondozo\n|-unboost|p1a: Dondozo|evasion|1\n|-sideend|p2: baigu|Stealth Rock|[from] move: Defog|[of] p2a: Corviknight\n|-fieldend|move: Electric Terrain\n|\n|upkeep\n|turn|12\n|\n|t:|1701096602\n|move|p1a: Dondozo|Curse|p1a: Dondozo\n|-unboost|p1a: Dondozo|spe|1\n|-boost|p1a: Dondozo|atk|1\n|-boost|p1a: Dondozo|def|1\n|move|p2a: Corviknight|Roost|p2a: Corviknight\n|-heal|p2a: Corviknight|100\/100\n|-singleturn|p2a: Corviknight|move: Roost\n|\n|upkeep\n|turn|13\n|\n|t:|1701096606\n|move|p1a: Dondozo|Wave Crash|p2a: Corviknight\n|-damage|p2a: Corviknight|49\/100\n|-damage|p1a: Dondozo|84\/100|[from] item: Rocky Helmet|[of] p2a: Corviknight\n|-damage|p1a: Dondozo|71\/100|[from] Recoil\n|move|p2a: Corviknight|U-turn|p1a: Dondozo\n|-crit|p1a: Dondozo\n|-damage|p1a: Dondozo|62\/100\n|-damage|p2a: Corviknight|33\/100|[from] item: Rocky Helmet|[of] p1a: Dondozo\n|\n|t:|1701096610\n|switch|p2a: Tapu Koko|Tapu Koko|88\/100|[from] U-turn\n|-fieldstart|move: Electric Terrain|[from] ability: Electric Surge|[of] p2a: Tapu Koko\n|\n|-fieldend|move: Trick Room\n|upkeep\n|turn|14\n|\n|t:|1701096613\n|switch|p1a: Clodsire|Clodsire, F|100\/100\n|move|p2a: Tapu Koko|U-turn|p1a: Clodsire\n|-resisted|p1a: Clodsire\n|-damage|p1a: Clodsire|92\/100\n|\n|t:|1701096615\n|switch|p2a: \u718a\u5927|Ursaluna, F, tera:Normal|55\/100 brn|[from] U-turn\n|\n|-heal|p1a: Clodsire|98\/100|[from] item: Leftovers\n|-damage|p2a: \u718a\u5927|49\/100 brn|[from] brn\n|upkeep\n|turn|15\n|\n|t:|1701096628\n|switch|p1a: Tyranitar|Tyranitar, F|100\/100\n|-weather|Sandstorm|[from] ability: Sand Stream|[of] p1a: Tyranitar\n|move|p2a: \u718a\u5927|Facade|p1a: Tyranitar\n|-resisted|p1a: Tyranitar\n|-damage|p1a: Tyranitar|35\/100\n|\n|-weather|Sandstorm|[upkeep]\n|-damage|p2a: \u718a\u5927|43\/100 brn|[from] Sandstorm\n|-damage|p2a: \u718a\u5927|37\/100 brn|[from] brn\n|upkeep\n|turn|16\n|\n|t:|1701096632\n|move|p1a: Tyranitar|Earthquake|p2a: \u718a\u5927\n|-damage|p2a: \u718a\u5927|16\/100 brn\n|move|p2a: \u718a\u5927|Facade|p1a: Tyranitar\n|-resisted|p1a: Tyranitar\n|-damage|p1a: Tyranitar|0 fnt\n|faint|p1a: Tyranitar\n|\n|-weather|Sandstorm|[upkeep]\n|-damage|p2a: \u718a\u5927|10\/100 brn|[from] Sandstorm\n|-damage|p2a: \u718a\u5927|3\/100 brn|[from] brn\n|upkeep\n|\n|t:|1701096643\n|switch|p1a: Garchomp|Garchomp, M|100\/100\n|turn|17\n|\n|t:|1701096651\n|switch|p2a: Corviknight|Corviknight, F|33\/100\n|-ability|p2a: Corviknight|Pressure\n|move|p1a: Garchomp|Earthquake|p2a: Corviknight\n|-immune|p2a: Corviknight\n|\n|-weather|Sandstorm|[upkeep]\n|-fieldend|move: Electric Terrain\n|upkeep\n|turn|18\n|\n|t:|1701096657\n|move|p1a: Garchomp|Scale Shot|p2a: Corviknight\n|-resisted|p2a: Corviknight\n|-damage|p2a: Corviknight|29\/100\n|-resisted|p2a: Corviknight\n|-damage|p2a: Corviknight|25\/100\n|-resisted|p2a: Corviknight\n|-damage|p2a: Corviknight|21\/100\n|-resisted|p2a: Corviknight\n|-damage|p2a: Corviknight|17\/100\n|-resisted|p2a: Corviknight\n|-damage|p2a: Corviknight|13\/100\n|-hitcount|p2a: Corviknight|5\n|-unboost|p1a: Garchomp|def|1\n|-boost|p1a: Garchomp|spe|1\n|move|p2a: Corviknight|U-turn|p1a: Garchomp\n|-damage|p1a: Garchomp|80\/100\n|-damage|p2a: Corviknight|1\/100|[from] ability: Rough Skin|[of] p1a: Garchomp\n|\n|t:|1701096663\n|switch|p2a: Slowking|Slowking, M|100\/100 tox|[from] U-turn\n|\n|-weather|Sandstorm|[upkeep]\n|-damage|p2a: Slowking|94\/100 tox|[from] Sandstorm\n|-damage|p2a: Slowking|88\/100 tox|[from] psn\n|upkeep\n|turn|19\n|\n|t:|1701096669\n|move|p1a: Garchomp|Swords Dance|p1a: Garchomp\n|-boost|p1a: Garchomp|atk|2\n|move|p2a: Slowking|Trick Room|p2a: Slowking\n|-fieldstart|move: Trick Room|[of] p2a: Slowking\n|\n|-weather|none\n|-damage|p2a: Slowking|76\/100 tox|[from] psn\n|upkeep\n|turn|20\n|\n|t:|1701096678\n|switch|p2a: \u718a\u5927|Ursaluna, F, tera:Normal|3\/100 brn\n|move|p1a: Garchomp|Scale Shot|p2a: \u718a\u5927\n|-damage|p2a: \u718a\u5927|0 fnt\n|faint|p2a: \u718a\u5927\n|-hitcount|p2: \u718a\u5927|1\n|-unboost|p1a: Garchomp|def|1\n|-boost|p1a: Garchomp|spe|1\n|\n|upkeep\n|\n|t:|1701096683\n|switch|p2a: Hoopa|Hoopa-Unbound|100\/100\n|turn|21\n|inactive|Battle timer is ON: inactive players will automatically lose when time's up. (requested by baigu)\n|\n|t:|1701096709\n|switch|p1a: Dondozo|Dondozo, M|62\/100\n|-zpower|p2a: Hoopa\n|move|p2a: Hoopa|All-Out Pummeling|p1a: Dondozo|[zeffect]\n|-damage|p1a: Dondozo|0 fnt\n|faint|p1a: Dondozo\n|\n|upkeep\n|j| littlecat151\n|\n|t:|1701096712\n|switch|p1a: Clodsire|Clodsire, F|98\/100\n|turn|22\n|\n|t:|1701096722\n|move|p1a: Clodsire|Earthquake|p2a: Hoopa\n|-damage|p2a: Hoopa|48\/100\n|move|p2a: Hoopa|Nasty Plot|p2a: Hoopa\n|-boost|p2a: Hoopa|spa|2\n|\n|-heal|p1a: Clodsire|100\/100|[from] item: Leftovers\n|upkeep\n|turn|23\n|\n|t:|1701096728\n|switch|p2a: Slowking|Slowking, M|100\/100 tox\n|move|p1a: Clodsire|Earthquake|p2a: Slowking\n|-damage|p2a: Slowking|71\/100 tox\n|\n|-damage|p2a: Slowking|65\/100 tox|[from] psn\n|-fieldend|move: Trick Room\n|upkeep\n|turn|24\n|\n|t:|1701096742\n|switch|p1a: Charizard|Charizard-Mega-Y, F|36\/100\n|-weather|SunnyDay|[from] ability: Drought|[of] p1a: Charizard\n|move|p2a: Slowking|Teleport|p2a: Slowking\n|\n|t:|1701096745\n|switch|p2a: Tapu Koko|Tapu Koko|88\/100|[from] Teleport\n|-fieldstart|move: Electric Terrain|[from] ability: Electric Surge|[of] p2a: Tapu Koko\n|\n|-weather|SunnyDay|[upkeep]\n|upkeep\n|turn|25\n|\n|t:|1701096751\n|switch|p1a: Garchomp|Garchomp, M|80\/100\n|move|p2a: Tapu Koko|U-turn|p1a: Garchomp\n|-damage|p1a: Garchomp|62\/100\n|-damage|p2a: Tapu Koko|76\/100|[from] ability: Rough Skin|[of] p1a: Garchomp\n|\n|t:|1701096765\n|switch|p2a: Slowking|Slowking, M|98\/100 tox|[from] U-turn\n|\n|-weather|SunnyDay|[upkeep]\n|-damage|p2a: Slowking|92\/100 tox|[from] psn\n|upkeep\n|turn|26\n|\n|t:|1701096769\n|move|p1a: Garchomp|Scale Shot|p2a: Slowking\n|-damage|p2a: Slowking|78\/100 tox\n|-damage|p2a: Slowking|64\/100 tox\n|-damage|p2a: Slowking|51\/100 tox\n|-damage|p2a: Slowking|37\/100 tox\n|-hitcount|p2a: Slowking|4\n|-unboost|p1a: Garchomp|def|1\n|-boost|p1a: Garchomp|spe|1\n|move|p2a: Slowking|Trick Room|p2a: Slowking\n|-fieldstart|move: Trick Room|[of] p2a: Slowking\n|\n|-weather|SunnyDay|[upkeep]\n|-damage|p2a: Slowking|25\/100 tox|[from] psn\n|upkeep\n|turn|27\n|\n|t:|1701096779\n|switch|p2a: Tapu Koko|Tapu Koko|76\/100\n|move|p1a: Garchomp|Earthquake|p2a: Tapu Koko\n|-supereffective|p2a: Tapu Koko\n|-damage|p2a: Tapu Koko|0 fnt\n|faint|p2a: Tapu Koko\n|\n|-weather|SunnyDay|[upkeep]\n|upkeep\n|\n|t:|1701096782\n|switch|p2a: Hoopa|Hoopa-Unbound|48\/100\n|turn|28\n|\n|t:|1701096792\n|move|p2a: Hoopa|Psychic|p1a: Garchomp\n|-damage|p1a: Garchomp|4\/100\n|-unboost|p1a: Garchomp|spd|1\n|move|p1a: Garchomp|Earthquake|p2a: Hoopa\n|-damage|p2a: Hoopa|0 fnt\n|faint|p2a: Hoopa\n|\n|-weather|none\n|-fieldend|move: Electric Terrain\n|upkeep\n|\n|t:|1701096796\n|switch|p2a: Corviknight|Corviknight, F|1\/100\n|-ability|p2a: Corviknight|Pressure\n|turn|29\n|\n|t:|1701096801\n|move|p2a: Corviknight|Roost|p2a: Corviknight\n|-heal|p2a: Corviknight|51\/100\n|-singleturn|p2a: Corviknight|move: Roost\n|move|p1a: Garchomp|Earthquake|p2a: Corviknight\n|-supereffective|p2a: Corviknight\n|-damage|p2a: Corviknight|0 fnt\n|faint|p2a: Corviknight\n|\n|upkeep\n|\n|t:|1701096808\n|switch|p2a: Slowking|Slowking, M|58\/100 tox\n|turn|30\n|c|\u2606PWA Wright|gg.\n|\n|t:|1701096812\n|move|p2a: Slowking|Scald|p1a: Garchomp\n|-damage|p1a: Garchomp|0 fnt\n|faint|p1a: Garchomp\n|\n|-damage|p2a: Slowking|52\/100 tox|[from] psn\n|-fieldend|move: Trick Room\n|upkeep\n|\n|t:|1701096815\n|switch|p1a: Clodsire|Clodsire, F|100\/100\n|turn|31\n|\n|t:|1701096817\n|move|p2a: Slowking|Slack Off|p2a: Slowking\n|-heal|p2a: Slowking|100\/100 tox\n|move|p1a: Clodsire|Earthquake|p2a: Slowking\n|-damage|p2a: Slowking|74\/100 tox\n|\n|-damage|p2a: Slowking|61\/100 tox|[from] psn\n|upkeep\n|turn|32\n|\n|t:|1701096820\n|move|p2a: Slowking|Scald|p1a: Clodsire\n|-immune|p1a: Clodsire|[from] ability: Water Absorb\n|move|p1a: Clodsire|Earthquake|p2a: Slowking\n|-damage|p2a: Slowking|34\/100 tox\n|\n|-damage|p2a: Slowking|16\/100 tox|[from] psn\n|upkeep\n|turn|33\n|-message|baigu forfeited.\n|\n|win|PWA Wright\n|raw|PWA Wright's rating: 1784 &rarr; <strong>1810<\/strong><br \/>(+26 for winning)\n|raw|baigu's rating: 1889 &rarr; <strong>1863<\/strong><br \/>(-26 for losing)\n|l|\u2606baigu\n","uploadtime":1701096830,"views":3,"p1id":"pwawright","p2id":"baigu","formatid":"gen9nationaldex","rating":1810,"private":0,"password":""}