{"id":"gen9nationaldex-1997540034","p1":"bingenji JAPAN","p2":"DampKitKat","format":"[Gen 9] National Dex","log":"|html|<div class=\"broadcast-blue\"><strong>[Gen 9] National Dex is currently suspecting Sneasler! For information on how to participate check out the <a href=\"https:\/\/www.smogon.com\/forums\/threads\/sv-national-dex-suspect-8-just-dance.3731534\/\">suspect thread<\/a>.<\/strong><\/div>\n|j|\u2606bingenji JAPAN\n|j|\u2606DampKitKat\n|t:|1700822477\n|gametype|singles\n|player|p1|bingenji JAPAN|swimmerf|\n|player|p2|DampKitKat|102|\n|teamsize|p1|6\n|teamsize|p2|6\n|gen|9\n|tier|[Gen 9] National Dex\n|rule|HP Percentage Mod: HP is shown in percentages\n|rule|Endless Battle Clause: Forcing endless battles is banned\n|rule|OHKO Clause: OHKO moves are banned\n|rule|Evasion Clause: Evasion abilities, items, and moves are banned\n|rule|Evasion Abilities Clause: Evasion abilities are banned\n|rule|Evasion Items Clause: Evasion items are banned\n|rule|Evasion Moves Clause: Evasion moves are banned\n|rule|Species Clause: Limit one of each Pok\u00e9mon\n|rule|Sleep Clause Mod: Limit one foe put to sleep\n|clearpoke\n|poke|p1|Lopunny, F|\n|poke|p1|Amoonguss, F|\n|poke|p1|Slowking, F|\n|poke|p1|Slaking, F|\n|poke|p1|Breloom, F|\n|poke|p1|Dragonite, M|\n|poke|p2|Blaziken, M|\n|poke|p2|Garganacl, M|\n|poke|p2|Swampert, F|\n|poke|p2|Tapu Koko|\n|poke|p2|Pelipper, F|\n|poke|p2|Dusclops, M|\n|teampreview\n|\n|t:|1700822485\n|start\n|switch|p1a: josiah|Slaking, F|100\/100\n|switch|p2a: Pelican-opener|Pelipper, F|100\/100\n|-weather|RainDance|[from] ability: Drizzle|[of] p2a: Pelican-opener\n|turn|1\n|\n|t:|1700822523\n|move|p1a: josiah|Body Slam|p2a: Pelican-opener\n|-damage|p2a: Pelican-opener|19\/100\n|move|p2a: Pelican-opener|Hurricane|p1a: josiah\n|-damage|p1a: josiah|52\/100\n|-start|p1a: josiah|confusion\n|\n|-weather|RainDance|[upkeep]\n|upkeep\n|turn|2\n|\n|t:|1700822535\n|switch|p1a: mommy|Lopunny, F, shiny|100\/100\n|switch|p2a: Tappy Bappy|Tapu Koko|100\/100\n|-fieldstart|move: Electric Terrain|[from] ability: Electric Surge|[of] p2a: Tappy Bappy\n|\n|-weather|RainDance|[upkeep]\n|upkeep\n|turn|3\n|c|\u2606bingenji JAPAN|!dt electric terrain\n|raw|<ul class=\"utilichart\"><li class=\"result\"><span class=\"col movenamecol\"><a href=\"https:\/\/dex.pokemonshowdown.com\/moves\/electricterrain\">Electric Terrain<\/a><\/span> <span class=\"col typecol\"><img src=\"\/\/play.pokemonshowdown.com\/sprites\/types\/Electric.png\" alt=\"Electric\" width=\"32\" height=\"14\"><img src=\"\/\/play.pokemonshowdown.com\/sprites\/categories\/Status.png\" alt=\"Status\" width=\"32\" height=\"14\"><\/span> <span class=\"col widelabelcol\"><em>Accuracy<\/em><br>\u2014<\/span> <span class=\"col pplabelcol\"><em>PP<\/em><br>16<\/span> <span class=\"col movedesccol\">5 turns. Grounded: +Electric power, can't sleep.<\/span> <\/li><li style=\"clear:both\"><\/li><\/ul>\n|raw|<font size=\"1\"><font color=\"#686868\">Priority:<\/font> 0&nbsp;|&ThickSpace;<font color=\"#686868\">Gen:<\/font> 6&nbsp;|&ThickSpace;&#10003; Bypasses Protect&nbsp;|&ThickSpace;<font color=\"#686868\">Z-Effect:<\/font>  Speed +1&nbsp;|&ThickSpace;<font color=\"#686868\">Target:<\/font> All Pok\u00e9mon<\/font>\n\n|\n|t:|1700822559\n|detailschange|p1a: mommy|Lopunny-Mega, F, shiny\n|-mega|p1a: mommy|Lopunny|Lopunnite\n|move|p1a: mommy|Fake Out|p2a: Tappy Bappy\n|-damage|p2a: Tappy Bappy|71\/100\n|cant|p2a: Tappy Bappy|flinch\n|\n|-weather|RainDance|[upkeep]\n|upkeep\n|turn|4\n|\n|t:|1700822567\n|move|p1a: mommy|Last Resort|p2a: Tappy Bappy\n|-damage|p2a: Tappy Bappy|0 fnt\n|faint|p2a: Tappy Bappy\n|\n|-weather|RainDance|[upkeep]\n|upkeep\n|\n|t:|1700822574\n|switch|p2a: Jamal|Dusclops, M|100\/100\n|-ability|p2a: Jamal|Pressure\n|turn|5\n|\n|t:|1700822583\n|move|p1a: mommy|Last Resort|p2a: Jamal\n|-damage|p2a: Jamal|55\/100\n|move|p2a: Jamal|Will-O-Wisp|p1a: mommy|[miss]\n|-miss|p2a: Jamal|p1a: mommy\n|\n|-weather|RainDance|[upkeep]\n|upkeep\n|turn|6\n|\n|t:|1700822589\n|move|p1a: mommy|Last Resort|p2a: Jamal\n|-damage|p2a: Jamal|7\/100\n|move|p2a: Jamal|Rest||[still]\n|-activate|p2a: Jamal|move: Electric Terrain\n|-fail|p2a: Jamal\n|\n|-weather|RainDance|[upkeep]\n|-fieldend|move: Electric Terrain\n|upkeep\n|turn|7\n|c|\u2606bingenji JAPAN|!data scrappy\n|raw|<ul class=\"utilichart\"><li class=\"result\"><span class=\"col namecol\"><a href=\"https:\/\/dex.pokemonshowdown.com\/abilities\/scrappy\">Scrappy<\/a><\/span> <span class=\"col abilitydesccol\">Fighting, Normal moves hit Ghost. Immune to Intimidate.<\/span> <\/li><li style=\"clear:both\"><\/li><\/ul>\n\n|\n|t:|1700822620\n|switch|p2a: Big Timmy|Swampert, F|100\/100\n|move|p1a: mommy|Last Resort|p2a: Big Timmy\n|-damage|p2a: Big Timmy|18\/100\n|\n|-weather|RainDance|[upkeep]\n|upkeep\n|turn|8\n|\n|t:|1700822637\n|switch|p2a: Jamal|Dusclops, M|7\/100\n|-ability|p2a: Jamal|Pressure\n|move|p1a: mommy|Last Resort|p2a: Jamal\n|-damage|p2a: Jamal|0 fnt\n|faint|p2a: Jamal\n|\n|-weather|none\n|upkeep\n|\n|t:|1700822648\n|switch|p2a: Pelican-opener|Pelipper, F|19\/100\n|-weather|RainDance|[from] ability: Drizzle|[of] p2a: Pelican-opener\n|turn|9\n|\n|t:|1700822661\n|switch|p1a: i hate nacl|Dragonite, M|100\/100\n|switch|p2a: Gargantuar|Garganacl, M|100\/100\n|\n|-weather|RainDance|[upkeep]\n|upkeep\n|turn|10\n|\n|t:|1700822674\n|move|p1a: i hate nacl|Dragon Dance|p1a: i hate nacl\n|-boost|p1a: i hate nacl|atk|1\n|-boost|p1a: i hate nacl|spe|1\n|move|p2a: Gargantuar|Salt Cure|p1a: i hate nacl\n|-supereffective|p1a: i hate nacl\n|-damage|p1a: i hate nacl|86\/100\n|-start|p1a: i hate nacl|Salt Cure\n|\n|-weather|RainDance|[upkeep]\n|-heal|p1a: i hate nacl|92\/100|[from] item: Leftovers\n|-damage|p1a: i hate nacl|80\/100|[from] Salt Cure\n|upkeep\n|turn|11\n|\n|t:|1700822690\n|switch|p2a: Big Timmy|Swampert, F|18\/100\n|move|p1a: i hate nacl|Dragon Dance|p1a: i hate nacl\n|-boost|p1a: i hate nacl|atk|1\n|-boost|p1a: i hate nacl|spe|1\n|\n|-weather|RainDance|[upkeep]\n|-heal|p1a: i hate nacl|86\/100|[from] item: Leftovers\n|-damage|p1a: i hate nacl|74\/100|[from] Salt Cure\n|upkeep\n|turn|12\n|\n|t:|1700822699\n|detailschange|p2a: Big Timmy|Swampert-Mega, F\n|-mega|p2a: Big Timmy|Swampert|Swampertite\n|move|p1a: i hate nacl|Extreme Speed|p2a: Big Timmy\n|-damage|p2a: Big Timmy|0 fnt\n|faint|p2a: Big Timmy\n|\n|-weather|RainDance|[upkeep]\n|-heal|p1a: i hate nacl|80\/100|[from] item: Leftovers\n|-damage|p1a: i hate nacl|68\/100|[from] Salt Cure\n|upkeep\n|\n|t:|1700822708\n|switch|p2a: John Johnson|Blaziken, M|100\/100\n|turn|13\n|\n|t:|1700822713\n|move|p1a: i hate nacl|Earthquake|p2a: John Johnson\n|-supereffective|p2a: John Johnson\n|-enditem|p2a: John Johnson|Focus Sash\n|-damage|p2a: John Johnson|1\/100\n|move|p2a: John Johnson|Swords Dance|p2a: John Johnson\n|-boost|p2a: John Johnson|atk|2\n|\n|-weather|RainDance|[upkeep]\n|-heal|p1a: i hate nacl|74\/100|[from] item: Leftovers\n|-damage|p1a: i hate nacl|61\/100|[from] Salt Cure\n|-ability|p2a: John Johnson|Speed Boost|boost\n|-boost|p2a: John Johnson|spe|1\n|upkeep\n|turn|14\n|\n|t:|1700822726\n|-terastallize|p2a: John Johnson|Flying\n|move|p1a: i hate nacl|Extreme Speed|p2a: John Johnson\n|-damage|p2a: John Johnson|0 fnt\n|faint|p2a: John Johnson\n|\n|-weather|RainDance|[upkeep]\n|-heal|p1a: i hate nacl|68\/100|[from] item: Leftovers\n|-damage|p1a: i hate nacl|55\/100|[from] Salt Cure\n|upkeep\n|\n|t:|1700822757\n|switch|p2a: Pelican-opener|Pelipper, F|19\/100\n|turn|15\n|\n|t:|1700822763\n|move|p1a: i hate nacl|Extreme Speed|p2a: Pelican-opener\n|-damage|p2a: Pelican-opener|0 fnt\n|faint|p2a: Pelican-opener\n|\n|-weather|RainDance|[upkeep]\n|-heal|p1a: i hate nacl|61\/100|[from] item: Leftovers\n|-damage|p1a: i hate nacl|49\/100|[from] Salt Cure\n|upkeep\n|\n|t:|1700822770\n|switch|p2a: Gargantuar|Garganacl, M|100\/100\n|turn|16\n|\n|t:|1700822776\n|move|p1a: i hate nacl|Earthquake|p2a: Gargantuar\n|-supereffective|p2a: Gargantuar\n|-damage|p2a: Gargantuar|16\/100\n|-enditem|p2a: Gargantuar|Sitrus Berry|[eat]\n|-heal|p2a: Gargantuar|41\/100|[from] item: Sitrus Berry\n|move|p2a: Gargantuar|Body Press|p1a: i hate nacl\n|-resisted|p1a: i hate nacl\n|-damage|p1a: i hate nacl|32\/100\n|\n|-weather|none\n|-heal|p1a: i hate nacl|39\/100|[from] item: Leftovers\n|-damage|p1a: i hate nacl|26\/100|[from] Salt Cure\n|upkeep\n|turn|17\n|\n|t:|1700822787\n|move|p1a: i hate nacl|Earthquake|p2a: Gargantuar\n|-supereffective|p2a: Gargantuar\n|-damage|p2a: Gargantuar|0 fnt\n|faint|p2a: Gargantuar\n|\n|win|bingenji JAPAN\n|l|\u2606DampKitKat\n","uploadtime":1700822796,"views":3,"p1id":"bingenjijapan","p2id":"dampkitkat","formatid":"gen9nationaldex","rating":0,"private":0,"password":""}