{"id":"gen9nationaldex-1993363638","p1":"kerryistina","p2":"puzaifan01","format":"[Gen 9] National Dex","log":"|j|\u2606kerryistina\n|j|\u2606puzaifan01\n|t:|1700306393\n|gametype|singles\n|player|p1|kerryistina|bellelba|1214\n|player|p2|puzaifan01|dawn|1213\n|teamsize|p1|6\n|teamsize|p2|6\n|gen|9\n|tier|[Gen 9] National Dex\n|rated|\n|rule|HP Percentage Mod: HP is shown in percentages\n|rule|Endless Battle Clause: Forcing endless battles is banned\n|rule|OHKO Clause: OHKO moves are banned\n|rule|Evasion Clause: Evasion abilities, items, and moves are banned\n|rule|Evasion Abilities Clause: Evasion abilities are banned\n|rule|Evasion Items Clause: Evasion items are banned\n|rule|Evasion Moves Clause: Evasion moves are banned\n|rule|Species Clause: Limit one of each Pok\u00e9mon\n|rule|Sleep Clause Mod: Limit one foe put to sleep\n|clearpoke\n|poke|p1|Clodsire, F|\n|poke|p1|Iron Valiant|\n|poke|p1|Tapu Koko|\n|poke|p1|Scizor, F|\n|poke|p1|Corviknight, F|\n|poke|p1|Landorus-Therian, M|\n|poke|p2|Alomomola, F|\n|poke|p2|Banette, M|\n|poke|p2|Garchomp, M|\n|poke|p2|Thundurus, M|\n|poke|p2|Heatran, F|\n|poke|p2|Pawmot, M|\n|teampreview\n|inactive|Battle timer is ON: inactive players will automatically lose when time's up. (requested by puzaifan01)\n|\n|t:|1700306407\n|start\n|switch|p1a: Tapu Koko|Tapu Koko|100\/100\n|switch|p2a: Garchomp|Garchomp, M, shiny|100\/100\n|-fieldstart|move: Electric Terrain|[from] ability: Electric Surge|[of] p1a: Tapu Koko\n|turn|1\n|\n|t:|1700306421\n|move|p1a: Tapu Koko|Reflect|p1a: Tapu Koko\n|-sidestart|p1: kerryistina|Reflect\n|move|p2a: Garchomp|Earthquake|p1a: Tapu Koko\n|-supereffective|p1a: Tapu Koko\n|-damage|p1a: Tapu Koko|37\/100\n|\n|upkeep\n|turn|2\n|\n|t:|1700306428\n|move|p1a: Tapu Koko|U-turn|p2a: Garchomp\n|-damage|p2a: Garchomp|82\/100\n|-damage|p1a: Tapu Koko|24\/100|[from] ability: Rough Skin|[of] p2a: Garchomp\n|\n|t:|1700306438\n|switch|p1a: Landorus|Landorus-Therian, M|100\/100|[from] U-turn\n|-ability|p1a: Landorus|Intimidate|boost\n|-unboost|p2a: Garchomp|atk|1\n|move|p2a: Garchomp|Earthquake|p1a: Landorus\n|-immune|p1a: Landorus\n|\n|upkeep\n|turn|3\n|\n|t:|1700306444\n|-zpower|p2a: Garchomp\n|move|p2a: Garchomp|Devastating Drake|p1a: Landorus|[zeffect]\n|-damage|p1a: Landorus|63\/100\n|move|p1a: Landorus|Stealth Rock|p2a: Garchomp\n|-sidestart|p2: puzaifan01|move: Stealth Rock\n|\n|upkeep\n|turn|4\n|\n|t:|1700306455\n|move|p2a: Garchomp|Stealth Rock|p1a: Landorus\n|-sidestart|p1: kerryistina|move: Stealth Rock\n|move|p1a: Landorus|Swords Dance|p1a: Landorus\n|-boost|p1a: Landorus|atk|2\n|\n|upkeep\n|turn|5\n|\n|t:|1700306460\n|move|p2a: Garchomp|Outrage|p1a: Landorus\n|-crit|p1a: Landorus\n|-damage|p1a: Landorus|0 fnt\n|faint|p1a: Landorus\n|\n|-fieldend|move: Electric Terrain\n|upkeep\n|\n|t:|1700306485\n|switch|p1a: Iron Valiant|Iron Valiant|100\/100\n|-damage|p1a: Iron Valiant|94\/100|[from] Stealth Rock\n|turn|6\n|inactive|puzaifan01 has 120 seconds left.\n|\n|t:|1700306515\n|move|p1a: Iron Valiant|Close Combat|p2a: Garchomp\n|-damage|p2a: Garchomp|30\/100\n|-unboost|p1a: Iron Valiant|def|1\n|-unboost|p1a: Iron Valiant|spd|1\n|-damage|p1a: Iron Valiant|82\/100|[from] ability: Rough Skin|[of] p2a: Garchomp\n|move|p2a: Garchomp|Outrage|p1a: Iron Valiant|[from]lockedmove\n|-immune|p1a: Iron Valiant\n|-start|p2a: Garchomp|confusion|[fatigue]\n|\n|upkeep\n|turn|7\n|inactive|puzaifan01 has 120 seconds left.\n|\n|t:|1700306535\n|switch|p2a: Alomomola|Alomomola, F, shiny|100\/100\n|-damage|p2a: Alomomola|88\/100|[from] Stealth Rock\n|move|p1a: Iron Valiant|Moonblast|p2a: Alomomola\n|-damage|p2a: Alomomola|35\/100\n|\n|upkeep\n|turn|8\n|\n|t:|1700306545\n|move|p2a: Alomomola|Protect|p2a: Alomomola\n|-singleturn|p2a: Alomomola|Protect\n|move|p1a: Iron Valiant|Thunderbolt|p2a: Alomomola\n|-activate|p2a: Alomomola|move: Protect\n|\n|-sideend|p1: kerryistina|Reflect\n|upkeep\n|turn|9\n|\n|t:|1700306550\n|move|p1a: Iron Valiant|Thunderbolt|p2a: Alomomola\n|-supereffective|p2a: Alomomola\n|-damage|p2a: Alomomola|0 fnt\n|faint|p2a: Alomomola\n|\n|upkeep\n|\n|t:|1700306558\n|switch|p2a: Banette|Banette, M, shiny|100\/100\n|-damage|p2a: Banette|88\/100|[from] Stealth Rock\n|-item|p1a: Iron Valiant|Expert Belt|[from] ability: Frisk|[of] p2a: Banette|[identify]\n|turn|10\n|\n|t:|1700306566\n|-end|p1a: Iron Valiant|Quark Drive|[silent]\n|switch|p1a: Corviknight|Corviknight, F|100\/100\n|-damage|p1a: Corviknight|88\/100|[from] Stealth Rock\n|-ability|p1a: Corviknight|Pressure\n|detailschange|p2a: Banette|Banette-Mega, M, shiny\n|-mega|p2a: Banette|Banette|Banettite\n|move|p2a: Banette|Destiny Bond|p2a: Banette\n|-singlemove|p2a: Banette|Destiny Bond\n|\n|upkeep\n|turn|11\n|\n|t:|1700306577\n|move|p2a: Banette|Destiny Bond||[still]\n|-fail|p2a: Banette\n|move|p1a: Corviknight|Defog|p2a: Banette\n|-unboost|p2a: Banette|evasion|1\n|-sideend|p2: puzaifan01|Stealth Rock|[from] move: Defog|[of] p1a: Corviknight\n|-sideend|p1: kerryistina|Stealth Rock|[from] move: Defog|[of] p1a: Corviknight\n|\n|upkeep\n|turn|12\n|\n|t:|1700306585\n|move|p2a: Banette|Encore|p1a: Corviknight\n|-start|p1a: Corviknight|Encore\n|move|p1a: Corviknight|Defog|p2a: Banette\n|-unboost|p2a: Banette|evasion|1\n|\n|upkeep\n|turn|13\n|\n|t:|1700306599\n|switch|p2a: Heatran|Heatran, F|100\/100\n|switch|p1a: Tapu Koko|Tapu Koko|24\/100\n|-fieldstart|move: Electric Terrain|[from] ability: Electric Surge|[of] p1a: Tapu Koko\n|\n|upkeep\n|turn|14\n|\n|t:|1700306608\n|move|p1a: Tapu Koko|U-turn|p2a: Heatran\n|-resisted|p2a: Heatran\n|-damage|p2a: Heatran|98\/100\n|\n|t:|1700306613\n|switch|p1a: Clodsire|Clodsire, F|100\/100|[from] U-turn\n|move|p2a: Heatran|Magma Storm|p1a: Clodsire|[miss]\n|-miss|p2a: Heatran|p1a: Clodsire\n|\n|upkeep\n|turn|15\n|\n|t:|1700306626\n|-terastallize|p2a: Heatran|Grass\n|move|p2a: Heatran|Earth Power|p1a: Clodsire\n|-supereffective|p1a: Clodsire\n|-damage|p1a: Clodsire|73\/100\n|move|p1a: Clodsire|Stealth Rock|p2a: Heatran\n|-sidestart|p2: puzaifan01|move: Stealth Rock\n|\n|-heal|p1a: Clodsire|79\/100|[from] item: Black Sludge\n|upkeep\n|turn|16\n|\n|t:|1700306633\n|move|p2a: Heatran|Magma Storm|p1a: Clodsire\n|-damage|p1a: Clodsire|57\/100\n|-activate|p1a: Clodsire|move: Magma Storm|[of] p2a: Heatran\n|move|p1a: Clodsire|Toxic|p2a: Heatran\n|-status|p2a: Heatran|tox\n|\n|-heal|p1a: Clodsire|63\/100|[from] item: Black Sludge\n|-damage|p2a: Heatran|92\/100 tox|[from] psn\n|-damage|p1a: Clodsire|51\/100|[from] move: Magma Storm|[partiallytrapped]\n|upkeep\n|turn|17\n|\n|t:|1700306642\n|move|p2a: Heatran|Earth Power|p1a: Clodsire\n|-supereffective|p1a: Clodsire\n|-damage|p1a: Clodsire|25\/100\n|move|p1a: Clodsire|Recover|p1a: Clodsire\n|-heal|p1a: Clodsire|75\/100\n|\n|-heal|p1a: Clodsire|81\/100|[from] item: Black Sludge\n|-damage|p2a: Heatran|79\/100 tox|[from] psn\n|-damage|p1a: Clodsire|69\/100|[from] move: Magma Storm|[partiallytrapped]\n|-fieldend|move: Electric Terrain\n|upkeep\n|turn|18\n|\n|t:|1700306659\n|switch|p2a: Thundurus|Thundurus, M, shiny|100\/100\n|move|p1a: Clodsire|Recover|p1a: Clodsire\n|-heal|p1a: Clodsire|100\/100\n|\n|-end|p1a: Clodsire|Magma Storm|[partiallytrapped]|[silent]\n|upkeep\n|turn|19\n|\n|t:|1700306664\n|move|p2a: Thundurus|Defog|p1a: Clodsire\n|-unboost|p1a: Clodsire|evasion|1\n|-sideend|p2: puzaifan01|Stealth Rock|[from] move: Defog|[of] p2a: Thundurus\n|move|p1a: Clodsire|Toxic|p2a: Thundurus\n|-status|p2a: Thundurus|tox\n|\n|-damage|p2a: Thundurus|94\/100 tox|[from] psn\n|upkeep\n|turn|20\n|\n|t:|1700306670\n|move|p2a: Thundurus|Flash Cannon|p1a: Clodsire\n|-damage|p1a: Clodsire|85\/100\n|move|p1a: Clodsire|Stealth Rock|p2a: Thundurus\n|-sidestart|p2: puzaifan01|move: Stealth Rock\n|\n|-heal|p1a: Clodsire|91\/100|[from] item: Black Sludge\n|-damage|p2a: Thundurus|82\/100 tox|[from] psn\n|upkeep\n|turn|21\n|\n|t:|1700306678\n|switch|p1a: Scizor|Scizor, F|100\/100\n|move|p2a: Thundurus|Tera Blast|p1a: Scizor\n|-resisted|p1a: Scizor\n|-damage|p1a: Scizor|85\/100\n|\n|-damage|p2a: Thundurus|64\/100 tox|[from] psn\n|upkeep\n|turn|22\n|\n|t:|1700306687\n|detailschange|p1a: Scizor|Scizor-Mega, F\n|-mega|p1a: Scizor|Scizor|Scizorite\n|move|p2a: Thundurus|Volt Switch|p1a: Scizor\n|-damage|p1a: Scizor|53\/100\n|\n|t:|1700306696\n|switch|p2a: Heatran|Heatran, F, tera:Grass|79\/100 tox|[from] Volt Switch\n|-damage|p2a: Heatran|67\/100 tox|[from] Stealth Rock\n|move|p1a: Scizor|Swords Dance|p1a: Scizor\n|-boost|p1a: Scizor|atk|2\n|\n|-damage|p2a: Heatran|61\/100 tox|[from] psn\n|upkeep\n|turn|23\n|\n|t:|1700306712\n|move|p1a: Scizor|U-turn|p2a: Heatran\n|-supereffective|p2a: Heatran\n|-damage|p2a: Heatran|0 fnt\n|faint|p2a: Heatran\n|\n|t:|1700306725\n|switch|p1a: Clodsire|Clodsire, F|91\/100|[from] U-turn\n|\n|-heal|p1a: Clodsire|97\/100|[from] item: Black Sludge\n|upkeep\n|\n|t:|1700306732\n|switch|p2a: Garchomp|Garchomp, M, shiny|30\/100\n|-damage|p2a: Garchomp|23\/100|[from] Stealth Rock\n|turn|24\n|\n|t:|1700306746\n|move|p2a: Garchomp|Swords Dance|p2a: Garchomp\n|-boost|p2a: Garchomp|atk|2\n|move|p1a: Clodsire|Toxic|p2a: Garchomp\n|-status|p2a: Garchomp|tox\n|\n|-heal|p1a: Clodsire|100\/100|[from] item: Black Sludge\n|-damage|p2a: Garchomp|17\/100 tox|[from] psn\n|upkeep\n|turn|25\n|\n|t:|1700306753\n|switch|p1a: Corviknight|Corviknight, F|88\/100\n|-ability|p1a: Corviknight|Pressure\n|move|p2a: Garchomp|Earthquake|p1a: Corviknight\n|-immune|p1a: Corviknight\n|\n|-damage|p2a: Garchomp|5\/100 tox|[from] psn\n|upkeep\n|turn|26\n|\n|t:|1700306762\n|move|p2a: Garchomp|Earthquake|p1a: Corviknight\n|-immune|p1a: Corviknight\n|move|p1a: Corviknight|U-turn|p2a: Garchomp\n|-damage|p2a: Garchomp|0 fnt\n|-damage|p1a: Corviknight|75\/100|[from] ability: Rough Skin|[of] p2a: Garchomp\n|faint|p2a: Garchomp\n|\n|t:|1700306778\n|switch|p1a: Scizor|Scizor-Mega, F|53\/100|[from] U-turn\n|\n|upkeep\n|\n|t:|1700306781\n|switch|p2a: Banette|Banette-Mega, M, shiny|88\/100\n|-damage|p2a: Banette|76\/100|[from] Stealth Rock\n|turn|27\n|\n|t:|1700306784\n|move|p2a: Banette|Poltergeist|p1a: Scizor\n|-activate|p1a: Scizor|move: Poltergeist|Scizorite\n|-damage|p1a: Scizor|6\/100\n|move|p1a: Scizor|Swords Dance|p1a: Scizor\n|-boost|p1a: Scizor|atk|2\n|\n|upkeep\n|turn|28\n|\n|t:|1700306793\n|move|p2a: Banette|Encore|p1a: Scizor\n|-start|p1a: Scizor|Encore\n|move|p1a: Scizor|Swords Dance|p1a: Scizor\n|-boost|p1a: Scizor|atk|2\n|\n|upkeep\n|turn|29\n|\n|t:|1700306799\n|switch|p1a: Corviknight|Corviknight, F|75\/100\n|-ability|p1a: Corviknight|Pressure\n|move|p2a: Banette|Shadow Sneak|p1a: Corviknight\n|-damage|p1a: Corviknight|59\/100\n|-damage|p2a: Banette|59\/100|[from] item: Rocky Helmet|[of] p1a: Corviknight\n|\n|upkeep\n|turn|30\n|\n|t:|1700306810\n|move|p2a: Banette|Poltergeist|p1a: Corviknight|[miss]\n|-miss|p2a: Banette|p1a: Corviknight\n|move|p1a: Corviknight|Roost|p1a: Corviknight\n|-heal|p1a: Corviknight|100\/100\n|-singleturn|p1a: Corviknight|move: Roost\n|\n|upkeep\n|turn|31\n|inactive|kerryistina has 120 seconds left.\n|\n|t:|1700306842\n|switch|p1a: Scizor|Scizor-Mega, F|6\/100\n|move|p2a: Banette|Encore||[still]\n|-fail|p2a: Banette\n|\n|upkeep\n|turn|32\n|\n|t:|1700306849\n|move|p2a: Banette|Shadow Sneak|p1a: Scizor\n|-crit|p1a: Scizor\n|-damage|p1a: Scizor|0 fnt\n|faint|p1a: Scizor\n|\n|upkeep\n|\n|t:|1700306855\n|switch|p1a: Corviknight|Corviknight, F|100\/100\n|-ability|p1a: Corviknight|Pressure\n|turn|33\n|\n|t:|1700306861\n|move|p2a: Banette|Destiny Bond|p2a: Banette\n|-singlemove|p2a: Banette|Destiny Bond\n|move|p1a: Corviknight|Brave Bird|p2a: Banette\n|-damage|p2a: Banette|3\/100\n|-damage|p1a: Corviknight|88\/100|[from] Recoil\n|\n|upkeep\n|turn|34\n|\n|t:|1700306868\n|switch|p1a: Clodsire|Clodsire, F|100\/100\n|move|p2a: Banette|Encore||[still]\n|-fail|p2a: Banette\n|\n|upkeep\n|turn|35\n|\n|t:|1700306875\n|move|p2a: Banette|Poltergeist|p1a: Clodsire\n|-activate|p1a: Clodsire|move: Poltergeist|Black Sludge\n|-damage|p1a: Clodsire|17\/100\n|move|p1a: Clodsire|Toxic|p2a: Banette\n|-status|p2a: Banette|tox\n|\n|-heal|p1a: Clodsire|23\/100|[from] item: Black Sludge\n|-damage|p2a: Banette|0 fnt|[from] psn\n|faint|p2a: Banette\n|upkeep\n|\n|t:|1700306885\n|switch|p2a: Pawmot|Pawmot, M, shiny|100\/100\n|-damage|p2a: Pawmot|94\/100|[from] Stealth Rock\n|turn|36\n|\n|t:|1700306896\n|switch|p1a: Corviknight|Corviknight, F|88\/100\n|-ability|p1a: Corviknight|Pressure\n|move|p2a: Pawmot|Revival Blessing|p2a: Pawmot\n|\n|t:|1700306902\n|-heal|p2: Banette|50\/100|[from] move: Revival Blessing\n|\n|upkeep\n|turn|37\n|\n|t:|1700306909\n|move|p2a: Pawmot|Close Combat|p1a: Corviknight\n|-damage|p1a: Corviknight|55\/100\n|-unboost|p2a: Pawmot|def|1\n|-unboost|p2a: Pawmot|spd|1\n|-damage|p2a: Pawmot|78\/100|[from] item: Rocky Helmet|[of] p1a: Corviknight\n|move|p1a: Corviknight|Brave Bird|p2a: Pawmot\n|-damage|p2a: Pawmot|0 fnt\n|faint|p2a: Pawmot\n|-damage|p1a: Corviknight|37\/100|[from] Recoil\n|\n|upkeep\n|\n|t:|1700306913\n|switch|p2a: Banette|Banette-Mega, M, shiny|50\/100\n|-damage|p2a: Banette|38\/100|[from] Stealth Rock\n|turn|38\n|\n|t:|1700306924\n|move|p2a: Banette|Destiny Bond|p2a: Banette\n|-singlemove|p2a: Banette|Destiny Bond\n|move|p1a: Corviknight|Roost|p1a: Corviknight\n|-heal|p1a: Corviknight|87\/100\n|-singleturn|p1a: Corviknight|move: Roost\n|\n|upkeep\n|turn|39\n|\n|t:|1700306932\n|switch|p1a: Clodsire|Clodsire, F|23\/100\n|move|p2a: Banette|Encore||[still]\n|-fail|p2a: Banette\n|\n|-heal|p1a: Clodsire|29\/100|[from] item: Black Sludge\n|upkeep\n|turn|40\n|\n|t:|1700306955\n|switch|p1a: Tapu Koko|Tapu Koko|24\/100\n|-fieldstart|move: Electric Terrain|[from] ability: Electric Surge|[of] p1a: Tapu Koko\n|move|p2a: Banette|Poltergeist|p1a: Tapu Koko\n|-activate|p1a: Tapu Koko|move: Poltergeist|Light Clay\n|-damage|p1a: Tapu Koko|0 fnt\n|faint|p1a: Tapu Koko\n|\n|upkeep\n|\n|t:|1700306962\n|switch|p1a: Corviknight|Corviknight, F|87\/100\n|-ability|p1a: Corviknight|Pressure\n|turn|41\n|\n|t:|1700306966\n|move|p2a: Banette|Destiny Bond|p2a: Banette\n|-singlemove|p2a: Banette|Destiny Bond\n|move|p1a: Corviknight|Brave Bird|p2a: Banette\n|-damage|p2a: Banette|0 fnt\n|faint|p2a: Banette\n|-activate|p2a: Banette|move: Destiny Bond\n|faint|p1a: Corviknight\n|\n|upkeep\n|\n|t:|1700306973\n|switch|p2a: Thundurus|Thundurus, M, shiny|64\/100 tox\n|switch|p1a: Iron Valiant|Iron Valiant|82\/100\n|-activate|p1a: Iron Valiant|ability: Quark Drive\n|-start|p1a: Iron Valiant|quarkdrivespe\n|turn|42\n|\n|t:|1700306984\n|move|p1a: Iron Valiant|Moonblast|p2a: Thundurus\n|-damage|p2a: Thundurus|0 fnt\n|faint|p2a: Thundurus\n|\n|win|kerryistina\n|raw|kerryistina's rating: 1214 &rarr; <strong>1239<\/strong><br \/>(+25 for winning)\n|raw|puzaifan01's rating: 1213 &rarr; <strong>1188<\/strong><br \/>(-25 for losing)\n","uploadtime":1700306991,"views":14,"p1id":"kerryistina","p2id":"puzaifan01","formatid":"gen9nationaldex","rating":1188,"private":0,"password":""}