{"id":"gen9nationaldex-1996606826","p1":"Miku Nakano ily","p2":"YeahNoUm","format":"[Gen 9] National Dex","log":"|html|<div class=\"broadcast-blue\"><strong>[Gen 9] National Dex is currently suspecting Sneasler! For information on how to participate check out the <a href=\"https:\/\/www.smogon.com\/forums\/threads\/sv-national-dex-suspect-8-just-dance.3731534\/\">suspect thread<\/a>.<\/strong><\/div>\n|j|\u2606Miku Nakano ily\n|j|\u2606YeahNoUm\n|inactive|Battle timer is ON: inactive players will automatically lose when time's up.\n|t:|1700699885\n|gametype|singles\n|player|p1|Miku Nakano ily|red|\n|player|p2|YeahNoUm|beauty-gen4dp|\n|teamsize|p1|6\n|teamsize|p2|6\n|gen|9\n|tier|[Gen 9] National Dex\n|rated|Tournament battle\n|rule|HP Percentage Mod: HP is shown in percentages\n|rule|Endless Battle Clause: Forcing endless battles is banned\n|rule|OHKO Clause: OHKO moves are banned\n|rule|Evasion Clause: Evasion abilities, items, and moves are banned\n|rule|Evasion Abilities Clause: Evasion abilities are banned\n|rule|Evasion Items Clause: Evasion items are banned\n|rule|Evasion Moves Clause: Evasion moves are banned\n|rule|Species Clause: Limit one of each Pok\u00e9mon\n|rule|Sleep Clause Mod: Limit one foe put to sleep\n|clearpoke\n|poke|p1|Charizard, F|\n|poke|p1|Alomomola, F|\n|poke|p1|Slowking-Galar, F|\n|poke|p1|Iron Valiant|\n|poke|p1|Landorus-Therian, M|\n|poke|p1|Cinderace, M|\n|poke|p2|Tapu Koko|\n|poke|p2|Sneasler, M|\n|poke|p2|Gyarados, M|\n|poke|p2|Volcarona, M|\n|poke|p2|Toxapex, F|\n|poke|p2|Slowking-Galar, F|\n|teampreview\n|c|\u2606Miku Nakano ily|Hf\n|c|\u2606YeahNoUm|u2\n|\n|t:|1700699896\n|start\n|switch|p1a: Alomomola|Alomomola, F|100\/100\n|switch|p2a: Tapu Koko|Tapu Koko, shiny|100\/100\n|-fieldstart|move: Electric Terrain|[from] ability: Electric Surge|[of] p2a: Tapu Koko\n|turn|1\n|\n|t:|1700699906\n|switch|p1a: Landorus|Landorus-Therian, M|100\/100\n|-ability|p1a: Landorus|Intimidate|boost\n|-unboost|p2a: Tapu Koko|atk|1\n|move|p2a: Tapu Koko|Reflect|p2a: Tapu Koko\n|-sidestart|p2: YeahNoUm|Reflect\n|\n|upkeep\n|turn|2\n|\n|t:|1700699915\n|-terastallize|p2a: Tapu Koko|Flying\n|move|p2a: Tapu Koko|Taunt|p1a: Landorus\n|-start|p1a: Landorus|move: Taunt\n|cant|p1a: Landorus|move: Taunt|Taunt\n|\n|upkeep\n|turn|3\n|\n|t:|1700699922\n|move|p2a: Tapu Koko|Light Screen|p2a: Tapu Koko\n|-sidestart|p2: YeahNoUm|move: Light Screen\n|move|p1a: Landorus|Knock Off|p2a: Tapu Koko\n|-damage|p2a: Tapu Koko|83\/100\n|-enditem|p2a: Tapu Koko|Light Clay|[from] move: Knock Off|[of] p1a: Landorus\n|\n|upkeep\n|turn|4\n|\n|t:|1700699929\n|switch|p2a: Volcarona|Volcarona, M|100\/100\n|switch|p1a: Slowking|Slowking-Galar, F|100\/100\n|\n|upkeep\n|turn|5\n|\n|t:|1700699934\n|move|p2a: Volcarona|Quiver Dance|p2a: Volcarona\n|-boost|p2a: Volcarona|spa|1\n|-boost|p2a: Volcarona|spd|1\n|-boost|p2a: Volcarona|spe|1\n|move|p1a: Slowking|Chilly Reception|p1a: Slowking\n|-weather|Snow\n|\n|t:|1700699936\n|switch|p1a: Cinderace|Cinderace, M|100\/100|[from] Chilly Reception\n|\n|-weather|Snow|[upkeep]\n|-fieldend|move: Electric Terrain\n|upkeep\n|turn|6\n|\n|t:|1700699945\n|move|p2a: Volcarona|Bug Buzz|p1a: Cinderace\n|-resisted|p1a: Cinderace\n|-damage|p1a: Cinderace|55\/100\n|move|p1a: Cinderace|Court Change|p1a: Cinderace\n|-start|p1a: Cinderace|typechange|Normal|[from] ability: Libero\n|-swapsideconditions\n|-activate|p1a: Cinderace|move: Court Change\n|\n|-weather|Snow|[upkeep]\n|upkeep\n|turn|7\n|\n|t:|1700699954\n|move|p2a: Volcarona|Bug Buzz|p1a: Cinderace\n|-damage|p1a: Cinderace|13\/100\n|move|p1a: Cinderace|U-turn|p2a: Volcarona\n|-resisted|p2a: Volcarona\n|-damage|p2a: Volcarona|90\/100\n|j| XXMurdrXX\n|\n|t:|1700699961\n|switch|p1a: Landorus|Landorus-Therian, M|100\/100|[from] U-turn\n|-ability|p1a: Landorus|Intimidate|boost\n|-unboost|p2a: Volcarona|atk|1\n|\n|-weather|Snow|[upkeep]\n|upkeep\n|turn|8\n|\n|t:|1700699969\n|move|p2a: Volcarona|Fiery Dance|p1a: Landorus\n|-crit|p1a: Landorus\n|-damage|p1a: Landorus|37\/100\n|move|p1a: Landorus|Earthquake|p2a: Volcarona\n|-damage|p2a: Volcarona|48\/100\n|\n|-weather|Snow|[upkeep]\n|-heal|p1a: Landorus|43\/100|[from] item: Leftovers\n|-sideend|p1: Miku Nakano ily|Reflect\n|upkeep\n|turn|9\n|\n|t:|1700699976\n|move|p2a: Volcarona|Roost|p2a: Volcarona\n|-heal|p2a: Volcarona|99\/100\n|-singleturn|p2a: Volcarona|move: Roost\n|move|p1a: Landorus|Earthquake|p2a: Volcarona\n|-damage|p2a: Volcarona|57\/100\n|\n|-weather|none\n|-heal|p1a: Landorus|49\/100|[from] item: Leftovers\n|upkeep\n|turn|10\n|\n|t:|1700699983\n|move|p2a: Volcarona|Roost|p2a: Volcarona\n|-heal|p2a: Volcarona|100\/100\n|-singleturn|p2a: Volcarona|move: Roost\n|move|p1a: Landorus|Earthquake|p2a: Volcarona\n|-damage|p2a: Volcarona|55\/100\n|\n|-heal|p1a: Landorus|55\/100|[from] item: Leftovers\n|-sideend|p1: Miku Nakano ily|move: Light Screen\n|upkeep\n|turn|11\n|\n|t:|1700699988\n|move|p2a: Volcarona|Fiery Dance|p1a: Landorus\n|-damage|p1a: Landorus|8\/100\n|move|p1a: Landorus|Earthquake|p2a: Volcarona\n|-damage|p2a: Volcarona|11\/100\n|\n|-heal|p1a: Landorus|14\/100|[from] item: Leftovers\n|upkeep\n|turn|12\n|\n|t:|1700699994\n|move|p2a: Volcarona|Roost|p2a: Volcarona\n|-heal|p2a: Volcarona|61\/100\n|-singleturn|p2a: Volcarona|move: Roost\n|move|p1a: Landorus|Earthquake|p2a: Volcarona\n|-damage|p2a: Volcarona|19\/100\n|\n|-heal|p1a: Landorus|20\/100|[from] item: Leftovers\n|upkeep\n|turn|13\n|\n|t:|1700699996\n|move|p2a: Volcarona|Roost|p2a: Volcarona\n|-heal|p2a: Volcarona|69\/100\n|-singleturn|p2a: Volcarona|move: Roost\n|move|p1a: Landorus|Earthquake|p2a: Volcarona\n|-damage|p2a: Volcarona|27\/100\n|\n|-heal|p1a: Landorus|26\/100|[from] item: Leftovers\n|upkeep\n|turn|14\n|\n|t:|1700700001\n|move|p2a: Volcarona|Fiery Dance|p1a: Landorus\n|-damage|p1a: Landorus|0 fnt\n|-boost|p2a: Volcarona|spa|1\n|faint|p1a: Landorus\n|\n|upkeep\n|\n|t:|1700700015\n|switch|p1a: Charizard|Charizard, F|100\/100\n|turn|15\n|\n|t:|1700700019\n|detailschange|p1a: Charizard|Charizard-Mega-Y, F\n|-mega|p1a: Charizard|Charizard|Charizardite Y\n|-weather|SunnyDay|[from] ability: Drought|[of] p1a: Charizard\n|move|p2a: Volcarona|Roost|p2a: Volcarona\n|-heal|p2a: Volcarona|77\/100\n|-singleturn|p2a: Volcarona|move: Roost\n|move|p1a: Charizard|Weather Ball|p2a: Volcarona\n|-damage|p2a: Volcarona|19\/100\n|\n|-weather|SunnyDay|[upkeep]\n|upkeep\n|turn|16\n|\n|t:|1700700026\n|move|p2a: Volcarona|Fiery Dance|p1a: Charizard\n|-resisted|p1a: Charizard\n|-damage|p1a: Charizard|50\/100\n|-boost|p2a: Volcarona|spa|1\n|move|p1a: Charizard|Air Slash|p2a: Volcarona\n|-supereffective|p2a: Volcarona\n|-damage|p2a: Volcarona|0 fnt\n|faint|p2a: Volcarona\n|\n|-weather|SunnyDay|[upkeep]\n|upkeep\n|\n|t:|1700700033\n|switch|p2a: Tapu Koko|Tapu Koko, shiny, tera:Flying|83\/100\n|-fieldstart|move: Electric Terrain|[from] ability: Electric Surge|[of] p2a: Tapu Koko\n|turn|17\n|\n|t:|1700700037\n|switch|p1a: Slowking|Slowking-Galar, F|100\/100\n|move|p2a: Tapu Koko|Volt Switch|p1a: Slowking\n|-damage|p1a: Slowking|87\/100\n|\n|t:|1700700047\n|switch|p2a: Gyarados|Gyarados, M, shiny|100\/100|[from] Volt Switch\n|-ability|p2a: Gyarados|Intimidate|boost\n|-unboost|p1a: Slowking|atk|1\n|\n|-weather|SunnyDay|[upkeep]\n|-heal|p1a: Slowking|93\/100|[from] item: Leftovers\n|upkeep\n|turn|18\n|\n|t:|1700700052\n|move|p2a: Gyarados|Substitute|p2a: Gyarados\n|-start|p2a: Gyarados|Substitute\n|-damage|p2a: Gyarados|76\/100\n|move|p1a: Slowking|Chilly Reception|p1a: Slowking\n|-weather|Snow\n|\n|t:|1700700058\n|switch|p1a: Cinderace|Cinderace, M|13\/100|[from] Chilly Reception\n|\n|-weather|Snow|[upkeep]\n|upkeep\n|turn|19\n|\n|t:|1700700064\n|detailschange|p2a: Gyarados|Gyarados-Mega, M, shiny\n|-mega|p2a: Gyarados|Gyarados|Gyaradosite\n|-ability|p2a: Gyarados|Mold Breaker\n|move|p1a: Cinderace|High Jump Kick|p2a: Gyarados|[miss]\n|-start|p1a: Cinderace|typechange|Fighting|[from] ability: Libero\n|-miss|p1a: Cinderace|p2a: Gyarados\n|-damage|p1a: Cinderace|0 fnt|[from] highjumpkick\n|faint|p1a: Cinderace\n|move|p2a: Gyarados|Dragon Dance|p2a: Gyarados\n|-boost|p2a: Gyarados|atk|1\n|-boost|p2a: Gyarados|spe|1\n|\n|-weather|Snow|[upkeep]\n|upkeep\n|c|\u2606Miku Nakano ily|Ow\n|c|\u2606YeahNoUm|Sorry\n|\n|t:|1700700081\n|switch|p1a: Charizard|Charizard-Mega-Y, F|50\/100\n|-weather|SunnyDay|[from] ability: Drought|[of] p1a: Charizard\n|turn|20\n|c|\u2606YeahNoUm|though, how are you stopping this gyara\n|\n|t:|1700700086\n|move|p2a: Gyarados|Crunch|p1a: Charizard\n|-damage|p1a: Charizard|0 fnt\n|faint|p1a: Charizard\n|\n|-weather|SunnyDay|[upkeep]\n|upkeep\n|\n|t:|1700700089\n|switch|p1a: Alomomola|Alomomola, F|100\/100\n|turn|21\n|\n|t:|1700700094\n|move|p2a: Gyarados|Dragon Dance|p2a: Gyarados\n|-boost|p2a: Gyarados|atk|1\n|-boost|p2a: Gyarados|spe|1\n|move|p1a: Alomomola|Flip Turn|p2a: Gyarados\n|-resisted|p2a: Gyarados\n|-activate|p2a: Gyarados|move: Substitute|[damage]\n|\n|t:|1700700100\n|switch|p1a: Slowking|Slowking-Galar, F|100\/100|[from] Flip Turn\n|\n|-weather|SunnyDay|[upkeep]\n|-fieldend|move: Electric Terrain\n|upkeep\n|turn|22\n|\n|t:|1700700103\n|move|p2a: Gyarados|Crunch|p1a: Slowking\n|-supereffective|p1a: Slowking\n|-damage|p1a: Slowking|0 fnt\n|faint|p1a: Slowking\n|\n|-weather|SunnyDay|[upkeep]\n|upkeep\n|\n|t:|1700700106\n|switch|p1a: Alomomola|Alomomola, F|100\/100\n|turn|23\n|\n|t:|1700700109\n|move|p2a: Gyarados|Dragon Dance|p2a: Gyarados\n|-boost|p2a: Gyarados|atk|1\n|-boost|p2a: Gyarados|spe|1\n|move|p1a: Alomomola|Flip Turn|p2a: Gyarados\n|-resisted|p2a: Gyarados\n|-activate|p2a: Gyarados|move: Substitute|[damage]\n|c|\u2606YeahNoUm|gg\n|c|\u2606Miku Nakano ily|Yeah I was hoping to at least break the sub with ace\n|c|\u2606Miku Nakano ily|Gg\n|-message|Miku Nakano ily forfeited.\n|\n|win|YeahNoUm\n|n|\u2606Miku Nakano ily|mikunakanoily\n|n|\u2606YeahNoUm|yeahnoum\n|n| XXMurdrXX|xxmurdrxx\n","uploadtime":1700700133,"views":2,"p1id":"mikunakanoily","p2id":"yeahnoum","formatid":"gen9nationaldex","rating":0,"private":0,"password":""}