{"id":"gen9nationaldex-1994392492","p1":"bunniiiiiis","p2":"Jkdodlfjfj","format":"[Gen 9] National Dex","log":"|j|\u2606bunniiiiiis\n|j|\u203dJkdodlfjfj\n|t:|1700438701\n|gametype|singles\n|player|p1|bunniiiiiis|lady|1303\n|player|p2|Jkdodlfjfj|102|1321\n|teamsize|p1|6\n|teamsize|p2|6\n|gen|9\n|tier|[Gen 9] National Dex\n|rated|\n|rule|HP Percentage Mod: HP is shown in percentages\n|rule|Endless Battle Clause: Forcing endless battles is banned\n|rule|OHKO Clause: OHKO moves are banned\n|rule|Evasion Clause: Evasion abilities, items, and moves are banned\n|rule|Evasion Abilities Clause: Evasion abilities are banned\n|rule|Evasion Items Clause: Evasion items are banned\n|rule|Evasion Moves Clause: Evasion moves are banned\n|rule|Species Clause: Limit one of each Pok\u00e9mon\n|rule|Sleep Clause Mod: Limit one foe put to sleep\n|clearpoke\n|poke|p1|Victini|\n|poke|p1|Tapu Lele|\n|poke|p1|Alakazam, M|\n|poke|p1|Slowbro, M|\n|poke|p1|Meowscarada, M|\n|poke|p1|Clodsire, F|\n|poke|p2|Comfey, M|\n|poke|p2|Ferrothorn, F|\n|poke|p2|Regice|\n|poke|p2|Great Tusk|\n|poke|p2|Tentacruel, F|\n|poke|p2|Kartana|\n|teampreview\n|inactive|Battle timer is ON: inactive players will automatically lose when time's up. (requested by Jkdodlfjfj)\n|\n|t:|1700438725\n|start\n|switch|p1a: squiggle|Clodsire, F|100\/100\n|switch|p2a: Tentacruel|Tentacruel, F|100\/100\n|turn|1\n|\n|t:|1700438731\n|move|p2a: Tentacruel|Surf|p1a: squiggle\n|-supereffective|p1a: squiggle\n|-damage|p1a: squiggle|71\/100\n|move|p1a: squiggle|Stealth Rock|p2a: Tentacruel\n|-sidestart|p2: Jkdodlfjfj|move: Stealth Rock\n|\n|upkeep\n|turn|2\n|inactive|Jkdodlfjfj has 120 seconds left.\n|\n|t:|1700438767\n|switch|p1a: teacup|Tapu Lele|100\/100\n|-fieldstart|move: Psychic Terrain|[from] ability: Psychic Surge|[of] p1a: teacup\n|move|p2a: Tentacruel|Surf|p1a: teacup\n|-damage|p1a: teacup|71\/100\n|\n|upkeep\n|turn|3\n|\n|t:|1700438780\n|move|p1a: teacup|Psychic|p2a: Tentacruel\n|-supereffective|p2a: Tentacruel\n|-damage|p2a: Tentacruel|27\/100\n|move|p2a: Tentacruel|Toxic|p1a: teacup\n|-status|p1a: teacup|tox\n|\n|-heal|p2a: Tentacruel|33\/100|[from] item: Black Sludge\n|-damage|p1a: teacup|65\/100 tox|[from] psn\n|upkeep\n|turn|4\n|\n|t:|1700438785\n|move|p1a: teacup|Psychic|p2a: Tentacruel\n|-supereffective|p2a: Tentacruel\n|-damage|p2a: Tentacruel|0 fnt\n|faint|p2a: Tentacruel\n|\n|-damage|p1a: teacup|53\/100 tox|[from] psn\n|upkeep\n|\n|t:|1700438797\n|switch|p2a: Comfey|Comfey, M, shiny|100\/100\n|-damage|p2a: Comfey|88\/100|[from] Stealth Rock\n|turn|5\n|\n|t:|1700438802\n|switch|p1a: squiggle|Clodsire, F|71\/100\n|move|p2a: Comfey|Defog|p1a: squiggle\n|-unboost|p1a: squiggle|evasion|1\n|-sideend|p2: Jkdodlfjfj|Stealth Rock|[from] move: Defog|[of] p2a: Comfey\n|-fieldend|move: Psychic Terrain\n|\n|upkeep\n|turn|6\n|\n|t:|1700438810\n|switch|p2a: Ferrothorn|Ferrothorn, F, shiny|100\/100\n|move|p1a: squiggle|Toxic|p2a: Ferrothorn\n|-immune|p2a: Ferrothorn\n|\n|upkeep\n|turn|7\n|\n|t:|1700438815\n|switch|p1a: fastsis|Slowbro, M|100\/100\n|move|p2a: Ferrothorn|Stealth Rock|p1a: fastsis\n|-sidestart|p1: bunniiiiiis|move: Stealth Rock\n|\n|upkeep\n|turn|8\n|\n|t:|1700438822\n|detailschange|p1a: fastsis|Slowbro-Mega, M\n|-mega|p1a: fastsis|Slowbro|Slowbronite\n|move|p1a: fastsis|Ice Beam|p2a: Ferrothorn\n|-damage|p2a: Ferrothorn|80\/100\n|move|p2a: Ferrothorn|Toxic|p1a: fastsis\n|-status|p1a: fastsis|tox\n|\n|-damage|p1a: fastsis|94\/100 tox|[from] psn\n|upkeep\n|turn|9\n|\n|t:|1700438828\n|switch|p1a: squiggle|Clodsire, F|71\/100\n|move|p2a: Ferrothorn|Leech Seed|p1a: squiggle\n|-start|p1a: squiggle|move: Leech Seed\n|\n|-damage|p1a: squiggle|58\/100|[from] Leech Seed|[of] p2a: Ferrothorn\n|-heal|p2a: Ferrothorn|96\/100|[silent]\n|upkeep\n|turn|10\n|\n|t:|1700438832\n|move|p1a: squiggle|Stealth Rock|p2a: Ferrothorn\n|-sidestart|p2: Jkdodlfjfj|move: Stealth Rock\n|move|p2a: Ferrothorn|Spikes|p1a: squiggle\n|-sidestart|p1: bunniiiiiis|Spikes\n|\n|-damage|p1a: squiggle|46\/100|[from] Leech Seed|[of] p2a: Ferrothorn\n|-heal|p2a: Ferrothorn|100\/100|[silent]\n|upkeep\n|turn|11\n|\n|t:|1700438837\n|switch|p1a: sqeak|Victini|100\/100\n|-damage|p1a: sqeak|76\/100|[from] Stealth Rock\n|-damage|p1a: sqeak|63\/100|[from] Spikes\n|move|p2a: Ferrothorn|Spikes|p1a: sqeak\n|-sidestart|p1: bunniiiiiis|Spikes\n|\n|upkeep\n|turn|12\n|\n|t:|1700438847\n|-terastallize|p2a: Ferrothorn|Water\n|-zpower|p1a: sqeak\n|move|p1a: sqeak|Z-Celebrate|p1a: sqeak|[anim]Celebrate\n|-boost|p1a: sqeak|atk|1|[zeffect]\n|-boost|p1a: sqeak|def|1|[zeffect]\n|-boost|p1a: sqeak|spa|1|[zeffect]\n|-boost|p1a: sqeak|spd|1|[zeffect]\n|-boost|p1a: sqeak|spe|1|[zeffect]\n|-activate|p1a: sqeak|move: Celebrate\n|move|p2a: Ferrothorn|Toxic|p1a: sqeak|[miss]\n|-miss|p2a: Ferrothorn|p1a: sqeak\n|\n|upkeep\n|turn|13\n|\n|t:|1700438857\n|move|p1a: sqeak|Stored Power|p2a: Ferrothorn\n|-damage|p2a: Ferrothorn|39\/100\n|move|p2a: Ferrothorn|Toxic|p1a: sqeak\n|-status|p1a: sqeak|tox\n|\n|-damage|p1a: sqeak|57\/100 tox|[from] psn\n|upkeep\n|turn|14\n|\n|t:|1700438874\n|move|p1a: sqeak|Stored Power|p2a: Ferrothorn\n|-crit|p2a: Ferrothorn\n|-damage|p2a: Ferrothorn|0 fnt\n|faint|p2a: Ferrothorn\n|\n|-damage|p1a: sqeak|45\/100 tox|[from] psn\n|upkeep\n|\n|t:|1700438880\n|switch|p2a: Great Tusk|Great Tusk, shiny|100\/100\n|-damage|p2a: Great Tusk|97\/100|[from] Stealth Rock\n|-enditem|p2a: Great Tusk|Booster Energy\n|-activate|p2a: Great Tusk|ability: Protosynthesis|[fromitem]\n|-start|p2a: Great Tusk|protosynthesisatk\n|turn|15\n|\n|t:|1700438888\n|-end|p2a: Great Tusk|Protosynthesis|[silent]\n|switch|p2a: Regice|Regice|100\/100\n|-damage|p2a: Regice|76\/100|[from] Stealth Rock\n|move|p1a: sqeak|Stored Power|p2a: Regice\n|-damage|p2a: Regice|43\/100\n|\n|-heal|p2a: Regice|50\/100|[from] item: Leftovers\n|-damage|p1a: sqeak|26\/100 tox|[from] psn\n|upkeep\n|turn|16\n|\n|t:|1700438896\n|move|p2a: Regice|Protect|p2a: Regice\n|-singleturn|p2a: Regice|Protect\n|move|p1a: sqeak|Focus Blast|p2a: Regice\n|-activate|p2a: Regice|move: Protect\n|\n|-heal|p2a: Regice|56\/100|[from] item: Leftovers\n|-damage|p1a: sqeak|2\/100 tox|[from] psn\n|upkeep\n|turn|17\n|\n|t:|1700438900\n|move|p2a: Regice|Protect||[still]\n|-fail|p2a: Regice\n|move|p1a: sqeak|Searing Shot|p2a: Regice\n|-supereffective|p2a: Regice\n|-damage|p2a: Regice|4\/100\n|\n|-heal|p2a: Regice|10\/100|[from] item: Leftovers\n|-damage|p1a: sqeak|0 fnt|[from] psn\n|faint|p1a: sqeak\n|upkeep\n|\n|t:|1700438905\n|switch|p1a: squiggle|Clodsire, F|46\/100\n|turn|18\n|\n|t:|1700438907\n|move|p2a: Regice|Ice Beam|p1a: squiggle\n|-supereffective|p1a: squiggle\n|-damage|p1a: squiggle|12\/100\n|move|p1a: squiggle|Recover|p1a: squiggle\n|-heal|p1a: squiggle|62\/100\n|\n|-heal|p2a: Regice|16\/100|[from] item: Leftovers\n|upkeep\n|turn|19\n|\n|t:|1700438915\n|switch|p2a: Kartana|Kartana|100\/100\n|-damage|p2a: Kartana|94\/100|[from] Stealth Rock\n|move|p1a: squiggle|Toxic|p2a: Kartana\n|-immune|p2a: Kartana\n|\n|upkeep\n|turn|20\n|\n|t:|1700438926\n|-terastallize|p1a: squiggle|Dark\n|move|p2a: Kartana|Knock Off|p1a: squiggle\n|-resisted|p1a: squiggle\n|-damage|p1a: squiggle|34\/100\n|-enditem|p1a: squiggle|Heavy-Duty Boots|[from] move: Knock Off|[of] p2a: Kartana\n|move|p1a: squiggle|Earthquake|p2a: Kartana\n|-damage|p2a: Kartana|65\/100\n|\n|upkeep\n|turn|21\n|\n|t:|1700438935\n|switch|p2a: Regice|Regice|16\/100\n|-damage|p2a: Regice|0 fnt|[from] Stealth Rock\n|faint|p2a: Regice\n|move|p1a: squiggle|Recover|p1a: squiggle\n|-heal|p1a: squiggle|84\/100\n|\n|upkeep\n|\n|t:|1700438940\n|switch|p2a: Great Tusk|Great Tusk, shiny|97\/100\n|-damage|p2a: Great Tusk|94\/100|[from] Stealth Rock\n|turn|22\n|\n|t:|1700438942\n|move|p2a: Great Tusk|Rapid Spin|p1a: squiggle\n|-damage|p1a: squiggle|64\/100\n|-boost|p2a: Great Tusk|spe|1\n|-sideend|p2: Jkdodlfjfj|Stealth Rock|[from] move: Rapid Spin|[of] p2a: Great Tusk\n|move|p1a: squiggle|Toxic|p2a: Great Tusk\n|-status|p2a: Great Tusk|tox\n|\n|-damage|p2a: Great Tusk|88\/100 tox|[from] psn\n|upkeep\n|turn|23\n|\n|t:|1700438947\n|move|p2a: Great Tusk|Headlong Rush|p1a: squiggle\n|-damage|p1a: squiggle|0 fnt\n|-unboost|p2a: Great Tusk|def|1\n|-unboost|p2a: Great Tusk|spd|1\n|faint|p1a: squiggle\n|\n|-damage|p2a: Great Tusk|76\/100 tox|[from] psn\n|upkeep\n|\n|t:|1700438951\n|switch|p1a: boots|Meowscarada, M|100\/100\n|-damage|p1a: boots|88\/100|[from] Stealth Rock\n|-damage|p1a: boots|72\/100|[from] Spikes\n|turn|24\n|\n|t:|1700438959\n|move|p2a: Great Tusk|Close Combat|p1a: boots\n|-supereffective|p1a: boots\n|-damage|p1a: boots|0 fnt\n|-unboost|p2a: Great Tusk|def|1\n|-unboost|p2a: Great Tusk|spd|1\n|faint|p1a: boots\n|\n|-damage|p2a: Great Tusk|57\/100 tox|[from] psn\n|upkeep\n|\n|t:|1700438962\n|switch|p1a: teacup|Tapu Lele|53\/100 tox\n|-damage|p1a: teacup|41\/100 tox|[from] Stealth Rock\n|-damage|p1a: teacup|24\/100 tox|[from] Spikes\n|-fieldstart|move: Psychic Terrain|[from] ability: Psychic Surge|[of] p1a: teacup\n|turn|25\n|\n|t:|1700438969\n|move|p2a: Great Tusk|Rapid Spin|p1a: teacup\n|-damage|p1a: teacup|0 fnt\n|-boost|p2a: Great Tusk|spe|1\n|faint|p1a: teacup\n|\n|-damage|p2a: Great Tusk|32\/100 tox|[from] psn\n|upkeep\n|\n|t:|1700438971\n|switch|p1a: fastsis|Slowbro-Mega, M|94\/100 tox\n|-damage|p1a: fastsis|82\/100 tox|[from] Stealth Rock\n|-damage|p1a: fastsis|65\/100 tox|[from] Spikes\n|turn|26\n|\n|t:|1700438976\n|move|p2a: Great Tusk|Headlong Rush|p1a: fastsis\n|-damage|p1a: fastsis|34\/100 tox\n|-unboost|p2a: Great Tusk|def|1\n|-unboost|p2a: Great Tusk|spd|1\n|move|p1a: fastsis|Psyshock|p2a: Great Tusk\n|-supereffective|p2a: Great Tusk\n|-damage|p2a: Great Tusk|0 fnt\n|faint|p2a: Great Tusk\n|-end|p2a: Great Tusk|Protosynthesis|[silent]\n|\n|-damage|p1a: fastsis|28\/100 tox|[from] psn\n|upkeep\n|\n|t:|1700438983\n|switch|p2a: Kartana|Kartana|65\/100\n|turn|27\n|\n|t:|1700438987\n|move|p2a: Kartana|Knock Off|p1a: fastsis\n|-supereffective|p1a: fastsis\n|-damage|p1a: fastsis|0 fnt\n|faint|p1a: fastsis\n|-ability|p2a: Kartana|Beast Boost|boost\n|-boost|p2a: Kartana|atk|1\n|\n|upkeep\n|\n|t:|1700438988\n|switch|p1a: spoon full|Alakazam, M|100\/100\n|turn|28\n|\n|t:|1700438994\n|move|p2a: Kartana|Knock Off|p1a: spoon full\n|-supereffective|p1a: spoon full\n|-enditem|p1a: spoon full|Focus Sash\n|-damage|p1a: spoon full|1\/100\n|move|p1a: spoon full|Expanding Force|p2a: Kartana\n|-resisted|p2a: Kartana\n|-damage|p2a: Kartana|0 fnt\n|faint|p2a: Kartana\n|\n|upkeep\n|\n|t:|1700438998\n|switch|p2a: Comfey|Comfey, M, shiny|88\/100\n|turn|29\n|\n|t:|1700439002\n|move|p2a: Comfey|Draining Kiss|p1a: spoon full\n|-activate|p1a: spoon full|move: Psychic Terrain\n|move|p1a: spoon full|Expanding Force|p2a: Comfey\n|-damage|p2a: Comfey|0 fnt\n|faint|p2a: Comfey\n|\n|win|bunniiiiiis\n|raw|bunniiiiiis's rating: 1303 &rarr; <strong>1324<\/strong><br \/>(+21 for winning)\n|raw|Jkdodlfjfj's rating: 1321 &rarr; <strong>1300<\/strong><br \/>(-21 for losing)\n|c|\u2606bunniiiiiis|gg\n|l|\u203dJkdodlfjfj\n","uploadtime":1700439066,"views":17,"p1id":"bunniiiiiis","p2id":"jkdodlfjfj","formatid":"gen9nationaldex","rating":1300,"private":0,"password":""}