{"id":"gen9nationaldex-1987622288","p1":"xiaowozhang","p2":"Kobe1919810\u7262\u5927","format":"[Gen 9] National Dex","log":"|j|\u2606xiaowozhang\n|j|\u2606Kobe1919810\u7262\u5927\n|t:|1699620761\n|gametype|singles\n|player|p1|xiaowozhang|101|1444\n|player|p2|Kobe1919810\u7262\u5927|rosa-masters2|1459\n|teamsize|p1|6\n|teamsize|p2|6\n|gen|9\n|tier|[Gen 9] National Dex\n|rated|\n|rule|HP Percentage Mod: HP is shown in percentages\n|rule|Endless Battle Clause: Forcing endless battles is banned\n|rule|OHKO Clause: OHKO moves are banned\n|rule|Evasion Clause: Evasion abilities, items, and moves are banned\n|rule|Evasion Abilities Clause: Evasion abilities are banned\n|rule|Evasion Items Clause: Evasion items are banned\n|rule|Evasion Moves Clause: Evasion moves are banned\n|rule|Species Clause: Limit one of each Pok\u00e9mon\n|rule|Sleep Clause Mod: Limit one foe put to sleep\n|clearpoke\n|poke|p1|Landorus-Therian, M|\n|poke|p1|Iron Valiant|\n|poke|p1|Ogerpon-Wellspring, F|\n|poke|p1|Rillaboom, F|\n|poke|p1|Charizard, F|\n|poke|p1|Sneasler, F|\n|poke|p2|Blacephalon|\n|poke|p2|Lopunny, F|\n|poke|p2|Ting-Lu|\n|poke|p2|Zapdos|\n|poke|p2|Hatterene, F|\n|poke|p2|Greninja-*, M|\n|teampreview\n|inactive|Battle timer is ON: inactive players will automatically lose when time's up. (requested by Kobe1919810\u7262\u5927)\n|inactive|xiaowozhang also wants the timer to be on.\n|\n|t:|1699620770\n|start\n|switch|p1a: Landorus|Landorus-Therian, M|100\/100\n|switch|p2a: Lopunny|Lopunny, F|100\/100\n|-ability|p1a: Landorus|Intimidate|boost\n|-unboost|p2a: Lopunny|atk|1\n|turn|1\n|\n|t:|1699620777\n|detailschange|p2a: Lopunny|Lopunny-Mega, F\n|-mega|p2a: Lopunny|Lopunny|Lopunnite\n|move|p2a: Lopunny|Fake Out|p1a: Landorus\n|-damage|p1a: Landorus|84\/100\n|cant|p1a: Landorus|flinch\n|\n|upkeep\n|turn|2\n|\n|t:|1699620782\n|move|p2a: Lopunny|U-turn|p1a: Landorus\n|-resisted|p1a: Landorus\n|-damage|p1a: Landorus|73\/100\n|\n|t:|1699620784\n|switch|p2a: Hatterene|Hatterene, F|100\/100|[from] U-turn\n|move|p1a: Landorus|Stealth Rock|p2a: Hatterene\n|move|p2a: Hatterene|Stealth Rock|p1a: Landorus|[from]ability: Magic Bounce\n|-sidestart|p1: xiaowozhang|move: Stealth Rock\n|\n|upkeep\n|turn|3\n|\n|t:|1699620791\n|move|p1a: Landorus|Defog|p2a: Hatterene\n|move|p2a: Hatterene|Defog|p1a: Landorus|[from]ability: Magic Bounce\n|-unboost|p1a: Landorus|evasion|1\n|-sideend|p1: xiaowozhang|Stealth Rock|[from] move: Defog|[of] p2a: Hatterene\n|move|p2a: Hatterene|Draining Kiss|p1a: Landorus\n|-crit|p1a: Landorus\n|-damage|p1a: Landorus|17\/100\n|\n|upkeep\n|turn|4\n|\n|t:|1699620802\n|move|p1a: Landorus|Earthquake|p2a: Hatterene\n|-damage|p2a: Hatterene|39\/100\n|move|p2a: Hatterene|Draining Kiss|p1a: Landorus\n|-damage|p1a: Landorus|0 fnt\n|-heal|p2a: Hatterene|51\/100|[from] drain|[of] p1a: Landorus\n|faint|p1a: Landorus\n|\n|-heal|p2a: Hatterene|57\/100|[from] item: Leftovers\n|upkeep\n|\n|t:|1699620814\n|switch|p1a: Charizard|Charizard, F|100\/100\n|turn|5\n|\n|t:|1699620826\n|move|p1a: Charizard|Dragon Dance|p1a: Charizard\n|-boost|p1a: Charizard|atk|1\n|-boost|p1a: Charizard|spe|1\n|move|p2a: Hatterene|Nuzzle|p1a: Charizard\n|-supereffective|p1a: Charizard\n|-damage|p1a: Charizard|89\/100\n|-status|p1a: Charizard|par\n|\n|-heal|p2a: Hatterene|63\/100|[from] item: Leftovers\n|upkeep\n|turn|6\n|\n|t:|1699620841\n|switch|p2a: Lopunny|Lopunny-Mega, F|100\/100\n|move|p1a: Charizard|Dragon Dance|p1a: Charizard\n|-boost|p1a: Charizard|atk|1\n|-boost|p1a: Charizard|spe|1\n|\n|upkeep\n|turn|7\n|\n|t:|1699620850\n|detailschange|p1a: Charizard|Charizard-Mega-X, F\n|-mega|p1a: Charizard|Charizard|Charizardite X\n|move|p2a: Lopunny|Fake Out|p1a: Charizard\n|-damage|p1a: Charizard|65\/100 par\n|cant|p1a: Charizard|flinch\n|\n|upkeep\n|turn|8\n|\n|t:|1699620858\n|move|p2a: Lopunny|Close Combat|p1a: Charizard\n|-damage|p1a: Charizard|0 fnt\n|-unboost|p2a: Lopunny|def|1\n|-unboost|p2a: Lopunny|spd|1\n|faint|p1a: Charizard\n|\n|upkeep\n|\n|t:|1699620865\n|switch|p1a: Ogerpon|Ogerpon-Wellspring, F|100\/100\n|turn|9\n|\n|t:|1699620870\n|move|p2a: Lopunny|U-turn|p1a: Ogerpon\n|-supereffective|p1a: Ogerpon\n|-damage|p1a: Ogerpon|34\/100\n|\n|t:|1699620873\n|switch|p2a: Hatterene|Hatterene, F|63\/100|[from] U-turn\n|move|p1a: Ogerpon|Swords Dance|p1a: Ogerpon\n|-boost|p1a: Ogerpon|atk|2\n|\n|-heal|p2a: Hatterene|69\/100|[from] item: Leftovers\n|upkeep\n|turn|10\n|\n|t:|1699620880\n|move|p1a: Ogerpon|Horn Leech|p2a: Hatterene\n|-damage|p2a: Hatterene|0 fnt\n|-heal|p1a: Ogerpon|71\/100|[from] drain|[of] p2a: Hatterene\n|faint|p2a: Hatterene\n|\n|upkeep\n|\n|t:|1699620893\n|switch|p2a: Lopunny|Lopunny-Mega, F|100\/100\n|turn|11\n|\n|t:|1699620900\n|move|p2a: Lopunny|Fake Out|p1a: Ogerpon\n|-damage|p1a: Ogerpon|41\/100\n|cant|p1a: Ogerpon|flinch\n|\n|upkeep\n|turn|12\n|\n|t:|1699620904\n|move|p2a: Lopunny|Frustration|p1a: Ogerpon\n|-damage|p1a: Ogerpon|0 fnt\n|faint|p1a: Ogerpon\n|\n|upkeep\n|\n|t:|1699620910\n|switch|p1a: Rillaboom|Rillaboom, F|100\/100\n|-fieldstart|move: Grassy Terrain|[from] ability: Grassy Surge|[of] p1a: Rillaboom\n|turn|13\n|\n|t:|1699620914\n|switch|p2a: Blacephalon|Blacephalon|100\/100\n|move|p1a: Rillaboom|U-turn|p2a: Blacephalon\n|-resisted|p2a: Blacephalon\n|-damage|p2a: Blacephalon|77\/100\n|\n|t:|1699620919\n|switch|p1a: Sneasler|Sneasler, F|100\/100|[from] U-turn\n|-enditem|p1a: Sneasler|Grassy Seed\n|-boost|p1a: Sneasler|def|1|[from] item: Grassy Seed\n|\n|-heal|p2a: Blacephalon|83\/100|[from] Grassy Terrain\n|upkeep\n|turn|14\n|\n|t:|1699620926\n|-terastallize|p1a: Sneasler|Flying\n|move|p1a: Sneasler|Swords Dance|p1a: Sneasler\n|-boost|p1a: Sneasler|atk|2\n|move|p2a: Blacephalon|Mind Blown|p1a: Sneasler\n|-damage|p1a: Sneasler|0 fnt\n|-damage|p2a: Blacephalon|33\/100|[from] mindblown\n|faint|p1a: Sneasler\n|-ability|p2a: Blacephalon|Beast Boost|boost\n|-boost|p2a: Blacephalon|spa|1\n|\n|-heal|p2a: Blacephalon|39\/100|[from] Grassy Terrain\n|upkeep\n|-message|xiaowozhang forfeited.\n|\n|win|Kobe1919810\u7262\u5927\n|raw|xiaowozhang's rating: 1444 &rarr; <strong>1425<\/strong><br \/>(-19 for losing)\n|raw|Kobe1919810\u7262\u5927's rating: 1459 &rarr; <strong>1478<\/strong><br \/>(+19 for winning)\n|l|\u2606xiaowozhang\n","uploadtime":1699620938,"views":4,"p1id":"xiaowozhang","p2id":"kobe1919810","formatid":"gen9nationaldex","rating":1425,"private":0,"password":""}