{"id":"gen9nationaldex-1995996157","p1":"KICHUBIJEESH","p2":"runeatest","format":"[Gen 9] National Dex","log":"|html|<div class=\"broadcast-blue\"><strong>[Gen 9] National Dex is currently suspecting Sneasler! For information on how to participate check out the <a href=\"https:\/\/www.smogon.com\/forums\/threads\/sv-national-dex-suspect-8-just-dance.3731534\/\">suspect thread<\/a>.<\/strong><\/div>\n|j|\u2606KICHUBIJEESH\n|j|\u2606runeatest\n|t:|1700626920\n|gametype|singles\n|player|p1|KICHUBIJEESH|youngster-gen4dp|1147\n|player|p2|runeatest|fisherman-gen4|1106\n|teamsize|p1|6\n|teamsize|p2|6\n|gen|9\n|tier|[Gen 9] National Dex\n|rated|\n|rule|HP Percentage Mod: HP is shown in percentages\n|rule|Endless Battle Clause: Forcing endless battles is banned\n|rule|OHKO Clause: OHKO moves are banned\n|rule|Evasion Clause: Evasion abilities, items, and moves are banned\n|rule|Evasion Abilities Clause: Evasion abilities are banned\n|rule|Evasion Items Clause: Evasion items are banned\n|rule|Evasion Moves Clause: Evasion moves are banned\n|rule|Species Clause: Limit one of each Pok\u00e9mon\n|rule|Sleep Clause Mod: Limit one foe put to sleep\n|clearpoke\n|poke|p1|Ferrothorn, M|\n|poke|p1|Toxapex, M|\n|poke|p1|Glimmora, M|\n|poke|p1|Charizard, M|\n|poke|p1|Great Tusk|\n|poke|p1|Torterra, M|\n|poke|p2|Vaporeon, M|\n|poke|p2|Salamence, M|\n|poke|p2|Hitmontop, M|\n|poke|p2|Electivire, M|\n|poke|p2|Togekiss, M|\n|poke|p2|Houndoom, M|\n|teampreview\n|inactive|Battle timer is ON: inactive players will automatically lose when time's up. (requested by KICHUBIJEESH)\n|\n|t:|1700626946\n|start\n|switch|p1a: Ferrothorn|Ferrothorn, M|100\/100\n|switch|p2a: Salamence|Salamence, M|100\/100\n|-ability|p2a: Salamence|Intimidate|boost\n|-unboost|p1a: Ferrothorn|atk|1\n|turn|1\n|\n|t:|1700626954\n|move|p2a: Salamence|Flamethrower|p1a: Ferrothorn\n|-supereffective|p1a: Ferrothorn\n|-damage|p1a: Ferrothorn|0 fnt\n|faint|p1a: Ferrothorn\n|\n|upkeep\n|\n|t:|1700626977\n|switch|p1a: Glimmora|Glimmora, M|100\/100\n|turn|2\n|\n|t:|1700627004\n|switch|p2a: Vaporeon|Vaporeon, M|100\/100\n|move|p1a: Glimmora|Mortal Spin|p2a: Vaporeon\n|-damage|p2a: Vaporeon|95\/100\n|-status|p2a: Vaporeon|psn\n|\n|-heal|p2a: Vaporeon|100\/100 psn|[from] item: Leftovers\n|-damage|p2a: Vaporeon|88\/100 psn|[from] psn\n|upkeep\n|turn|3\n|\n|t:|1700627015\n|switch|p1a: Toxapex|Toxapex, M|100\/100\n|move|p2a: Vaporeon|Heal Bell|p2a: Vaporeon\n|-activate|p2a: Vaporeon|move: Heal Bell\n|-curestatus|p2a: Vaporeon|psn|[msg]\n|\n|-heal|p2a: Vaporeon|94\/100|[from] item: Leftovers\n|upkeep\n|turn|4\n|\n|t:|1700627029\n|switch|p2a: Togekiss|Togekiss, M, shiny|100\/100\n|move|p1a: Toxapex|Toxic Spikes|p2a: Togekiss\n|-sidestart|p2: runeatest|move: Toxic Spikes\n|\n|upkeep\n|turn|5\n|\n|t:|1700627036\n|switch|p1a: Glimmora|Glimmora, M|100\/100\n|move|p2a: Togekiss|Thunder Wave|p1a: Glimmora\n|-status|p1a: Glimmora|par\n|\n|upkeep\n|turn|6\n|\n|t:|1700627044\n|switch|p2a: Salamence|Salamence, M|100\/100\n|-ability|p2a: Salamence|Intimidate|boost\n|-unboost|p1a: Glimmora|atk|1\n|move|p1a: Glimmora|Stealth Rock|p2a: Salamence\n|-sidestart|p2: runeatest|move: Stealth Rock\n|\n|upkeep\n|turn|7\n|\n|t:|1700627053\n|move|p2a: Salamence|Hydro Pump|p1a: Glimmora\n|-supereffective|p1a: Glimmora\n|-damage|p1a: Glimmora|0 fnt\n|faint|p1a: Glimmora\n|\n|upkeep\n|\n|t:|1700627064\n|switch|p1a: Toxapex|Toxapex, M|100\/100\n|turn|8\n|\n|t:|1700627069\n|move|p2a: Salamence|Hydro Pump|p1a: Toxapex\n|-resisted|p1a: Toxapex\n|-damage|p1a: Toxapex|77\/100\n|move|p1a: Toxapex|Scald|p2a: Salamence\n|-resisted|p2a: Salamence\n|-damage|p2a: Salamence|91\/100\n|\n|-heal|p1a: Toxapex|83\/100|[from] item: Black Sludge\n|upkeep\n|turn|9\n|\n|t:|1700627081\n|switch|p2a: Hitmontop|Hitmontop, M|100\/100\n|-status|p2a: Hitmontop|psn\n|-damage|p2a: Hitmontop|94\/100 psn|[from] Stealth Rock\n|move|p1a: Toxapex|Toxic Spikes|p2a: Hitmontop\n|-sidestart|p2: runeatest|move: Toxic Spikes\n|\n|-heal|p1a: Toxapex|89\/100|[from] item: Black Sludge\n|-damage|p2a: Hitmontop|82\/100 psn|[from] psn\n|upkeep\n|turn|10\n|\n|t:|1700627092\n|move|p1a: Toxapex|Baneful Bunker|p1a: Toxapex\n|-singleturn|p1a: Toxapex|move: Protect\n|move|p2a: Hitmontop|Rapid Spin|p1a: Toxapex\n|-activate|p1a: Toxapex|move: Protect\n|\n|-heal|p1a: Toxapex|95\/100|[from] item: Black Sludge\n|-damage|p2a: Hitmontop|70\/100 psn|[from] psn\n|upkeep\n|turn|11\n|\n|t:|1700627102\n|move|p2a: Hitmontop|Rapid Spin|p1a: Toxapex\n|-crit|p1a: Toxapex\n|-damage|p1a: Toxapex|67\/100\n|-boost|p2a: Hitmontop|spe|1\n|-sideend|p2: runeatest|Toxic Spikes|[from] move: Rapid Spin|[of] p2a: Hitmontop\n|-sideend|p2: runeatest|Stealth Rock|[from] move: Rapid Spin|[of] p2a: Hitmontop\n|move|p1a: Toxapex|Toxic Spikes|p2a: Hitmontop\n|-sidestart|p2: runeatest|move: Toxic Spikes\n|\n|-heal|p1a: Toxapex|73\/100|[from] item: Black Sludge\n|-damage|p2a: Hitmontop|57\/100 psn|[from] psn\n|upkeep\n|turn|12\n|\n|t:|1700627114\n|switch|p2a: Electivire|Electivire, M, shiny|100\/100\n|-item|p2a: Electivire|Air Balloon\n|move|p1a: Toxapex|Baneful Bunker||[still]\n|-fail|p1a: Toxapex\n|\n|-heal|p1a: Toxapex|79\/100|[from] item: Black Sludge\n|upkeep\n|turn|13\n|\n|t:|1700627123\n|move|p1a: Toxapex|Baneful Bunker|p1a: Toxapex\n|-singleturn|p1a: Toxapex|move: Protect\n|move|p2a: Electivire|Thunder Punch|p1a: Toxapex\n|-activate|p1a: Toxapex|move: Protect\n|-status|p2a: Electivire|psn\n|\n|-heal|p1a: Toxapex|86\/100|[from] item: Black Sludge\n|-damage|p2a: Electivire|88\/100 psn|[from] psn\n|upkeep\n|turn|14\n|\n|t:|1700627135\n|switch|p1a: Great Tusk|Great Tusk|100\/100\n|move|p2a: Electivire|Ice Punch|p1a: Great Tusk\n|-supereffective|p1a: Great Tusk\n|-damage|p1a: Great Tusk|61\/100\n|\n|-heal|p1a: Great Tusk|67\/100|[from] item: Leftovers\n|-damage|p2a: Electivire|76\/100 psn|[from] psn\n|upkeep\n|turn|15\n|\n|t:|1700627147\n|switch|p2a: Salamence|Salamence, M|91\/100\n|-ability|p2a: Salamence|Intimidate|boost\n|-unboost|p1a: Great Tusk|atk|1\n|-terastallize|p1a: Great Tusk|Steel\n|move|p1a: Great Tusk|Rapid Spin|p2a: Salamence\n|-damage|p2a: Salamence|75\/100\n|-boost|p1a: Great Tusk|spe|1\n|\n|-heal|p1a: Great Tusk|74\/100|[from] item: Leftovers\n|upkeep\n|turn|16\n|\n|t:|1700627160\n|move|p1a: Great Tusk|Bulk Up|p1a: Great Tusk\n|-boost|p1a: Great Tusk|atk|1\n|-boost|p1a: Great Tusk|def|1\n|move|p2a: Salamence|Flamethrower|p1a: Great Tusk\n|-supereffective|p1a: Great Tusk\n|-damage|p1a: Great Tusk|0 fnt\n|faint|p1a: Great Tusk\n|-end|p1a: Great Tusk|Protosynthesis|[silent]\n|\n|upkeep\n|\n|t:|1700627170\n|switch|p1a: Charizard|Charizard, M|100\/100\n|turn|17\n|\n|t:|1700627179\n|detailschange|p1a: Charizard|Charizard-Mega-Y, M\n|-mega|p1a: Charizard|Charizard|Charizardite Y\n|-weather|SunnyDay|[from] ability: Drought|[of] p1a: Charizard\n|move|p2a: Salamence|Flamethrower|p1a: Charizard\n|-resisted|p1a: Charizard\n|-damage|p1a: Charizard|71\/100\n|move|p1a: Charizard|Weather Ball|p2a: Salamence\n|-resisted|p2a: Salamence\n|-damage|p2a: Salamence|20\/100\n|\n|-weather|SunnyDay|[upkeep]\n|upkeep\n|turn|18\n|\n|t:|1700627192\n|move|p2a: Salamence|Flamethrower|p1a: Charizard\n|-resisted|p1a: Charizard\n|-damage|p1a: Charizard|41\/100\n|move|p1a: Charizard|Ancient Power|p2a: Salamence\n|-supereffective|p2a: Salamence\n|-damage|p2a: Salamence|0 fnt\n|-boost|p1a: Charizard|atk|1\n|-boost|p1a: Charizard|def|1\n|-boost|p1a: Charizard|spa|1\n|-boost|p1a: Charizard|spd|1\n|-boost|p1a: Charizard|spe|1\n|faint|p2a: Salamence\n|\n|-weather|SunnyDay|[upkeep]\n|upkeep\n|\n|t:|1700627213\n|switch|p2a: Hitmontop|Hitmontop, M|57\/100 psn\n|turn|19\n|\n|t:|1700627226\n|move|p2a: Hitmontop|Fake Out|p1a: Charizard\n|-damage|p1a: Charizard|23\/100\n|cant|p1a: Charizard|flinch\n|\n|-weather|SunnyDay|[upkeep]\n|-damage|p2a: Hitmontop|45\/100 psn|[from] psn\n|upkeep\n|turn|20\n|\n|t:|1700627235\n|move|p2a: Hitmontop|Sucker Punch|p1a: Charizard\n|-damage|p1a: Charizard|1\/100\n|move|p1a: Charizard|Weather Ball|p2a: Hitmontop\n|-damage|p2a: Hitmontop|0 fnt\n|faint|p2a: Hitmontop\n|\n|-weather|SunnyDay|[upkeep]\n|upkeep\n|\n|t:|1700627245\n|switch|p2a: Houndoom|Houndoom, M|100\/100\n|-status|p2a: Houndoom|psn\n|turn|21\n|\n|t:|1700627251\n|move|p1a: Charizard|Air Slash|p2a: Houndoom\n|-damage|p2a: Houndoom|9\/100 psn\n|move|p2a: Houndoom|Dark Pulse|p1a: Charizard\n|-damage|p1a: Charizard|0 fnt\n|faint|p1a: Charizard\n|\n|-weather|none\n|-damage|p2a: Houndoom|0 fnt|[from] psn\n|faint|p2a: Houndoom\n|upkeep\n|\n|t:|1700627262\n|switch|p1a: Torterra|Torterra, M|100\/100\n|switch|p2a: Togekiss|Togekiss, M, shiny|100\/100\n|turn|22\n|\n|t:|1700627268\n|move|p2a: Togekiss|Air Slash|p1a: Torterra\n|-supereffective|p1a: Torterra\n|-damage|p1a: Torterra|8\/100\n|cant|p1a: Torterra|flinch\n|\n|upkeep\n|turn|23\n|-message|KICHUBIJEESH forfeited.\n|\n|win|runeatest\n|raw|KICHUBIJEESH's rating: 1147 &rarr; <strong>1119<\/strong><br \/>(-28 for losing)\n|raw|runeatest's rating: 1106 &rarr; <strong>1134<\/strong><br \/>(+28 for winning)\n|l|\u2606KICHUBIJEESH\n","uploadtime":1700627307,"views":0,"p1id":"kichubijeesh","p2id":"runeatest","formatid":"gen9nationaldex","rating":1119,"private":0,"password":""}