{"id":"gen9nationaldex-2000666427","p1":"Jay'sAlt","p2":"TheStroker","format":"[Gen 9] National Dex","log":"|html|<div class=\"broadcast-blue\"><strong>[Gen 9] National Dex is currently suspecting Sneasler! For information on how to participate check out the <a href=\"https:\/\/www.smogon.com\/forums\/threads\/sv-national-dex-suspect-8-just-dance.3731534\/\">suspect thread<\/a>.<\/strong><\/div>\n|j|\u203dJay'sAlt\n|j|\u2606TheStroker\n|t:|1701216427\n|gametype|singles\n|player|p1|Jay'sAlt|lucas|1541\n|player|p2|TheStroker|janitor|1640\n|teamsize|p1|6\n|teamsize|p2|6\n|gen|9\n|tier|[Gen 9] National Dex\n|rated|\n|rule|HP Percentage Mod: HP is shown in percentages\n|rule|Endless Battle Clause: Forcing endless battles is banned\n|rule|OHKO Clause: OHKO moves are banned\n|rule|Evasion Clause: Evasion abilities, items, and moves are banned\n|rule|Evasion Abilities Clause: Evasion abilities are banned\n|rule|Evasion Items Clause: Evasion items are banned\n|rule|Evasion Moves Clause: Evasion moves are banned\n|rule|Species Clause: Limit one of each Pok\u00e9mon\n|rule|Sleep Clause Mod: Limit one foe put to sleep\n|clearpoke\n|poke|p1|Excadrill, F|\n|poke|p1|Hatterene, F|\n|poke|p1|Magnezone|\n|poke|p1|Pinsir, M|\n|poke|p1|Landorus-Therian, M|\n|poke|p1|Ogerpon-Wellspring, F|\n|poke|p2|Meloetta|\n|poke|p2|Weavile, M|\n|poke|p2|Sneasler, M|\n|poke|p2|Goodra-Hisui, F|\n|poke|p2|Heatran, M|\n|poke|p2|Mew|\n|teampreview\n|j| Zangoosefriend96\n|j| errantgamer\n|\n|t:|1701216452\n|start\n|switch|p1a: Landorus|Landorus-Therian, M|100\/100\n|switch|p2a: Noobler|Sneasler, M|100\/100\n|-ability|p1a: Landorus|Intimidate|boost\n|-unboost|p2a: Noobler|atk|1\n|turn|1\n|\n|t:|1701216456\n|move|p2a: Noobler|Dire Claw|p1a: Landorus\n|-resisted|p1a: Landorus\n|-damage|p1a: Landorus|84\/100\n|-status|p1a: Landorus|par\n|move|p1a: Landorus|Earthquake|p2a: Noobler\n|-supereffective|p2a: Noobler\n|-damage|p2a: Noobler|0 fnt\n|faint|p2a: Noobler\n|\n|upkeep\n|\n|t:|1701216466\n|switch|p2a: 8 moves|Meloetta|100\/100\n|turn|2\n|inactive|Battle timer is ON: inactive players will automatically lose when time's up. (requested by TheStroker)\n|\n|t:|1701216470\n|switch|p1a: Hatterene|Hatterene, F|100\/100\n|-zpower|p2a: 8 moves\n|move|p2a: 8 moves|Z-Celebrate|p2a: 8 moves|[anim]Celebrate\n|-boost|p2a: 8 moves|atk|1|[zeffect]\n|-boost|p2a: 8 moves|def|1|[zeffect]\n|-boost|p2a: 8 moves|spa|1|[zeffect]\n|-boost|p2a: 8 moves|spd|1|[zeffect]\n|-boost|p2a: 8 moves|spe|1|[zeffect]\n|-activate|p2a: 8 moves|move: Celebrate\n|\n|upkeep\n|turn|3\n|\n|t:|1701216473\n|move|p2a: 8 moves|Hyper Voice|p1a: Hatterene\n|-crit|p1a: Hatterene\n|-damage|p1a: Hatterene|0 fnt\n|faint|p1a: Hatterene\n|\n|upkeep\n|\n|t:|1701216482\n|switch|p1a: Excadrill|Excadrill, F|100\/100\n|-ability|p1a: Excadrill|Mold Breaker\n|turn|4\n|\n|t:|1701216485\n|move|p2a: 8 moves|Focus Blast|p1a: Excadrill|[miss]\n|-miss|p2a: 8 moves|p1a: Excadrill\n|move|p1a: Excadrill|Earthquake|p2a: 8 moves\n|-damage|p2a: 8 moves|55\/100\n|\n|upkeep\n|turn|5\n|\n|t:|1701216491\n|move|p2a: 8 moves|Focus Blast|p1a: Excadrill\n|-supereffective|p1a: Excadrill\n|-enditem|p1a: Excadrill|Focus Sash\n|-damage|p1a: Excadrill|1\/100\n|move|p1a: Excadrill|Earthquake|p2a: 8 moves\n|-damage|p2a: 8 moves|14\/100\n|\n|upkeep\n|turn|6\n|\n|t:|1701216495\n|move|p2a: 8 moves|Hyper Voice|p1a: Excadrill\n|-resisted|p1a: Excadrill\n|-damage|p1a: Excadrill|0 fnt\n|faint|p1a: Excadrill\n|\n|upkeep\n|\n|t:|1701216502\n|switch|p1a: Pinsir|Pinsir, M|100\/100\n|turn|7\n|\n|t:|1701216509\n|detailschange|p1a: Pinsir|Pinsir-Mega, M\n|-mega|p1a: Pinsir|Pinsir|Pinsirite\n|move|p1a: Pinsir|Quick Attack|p2a: 8 moves\n|-crit|p2a: 8 moves\n|-damage|p2a: 8 moves|0 fnt\n|faint|p2a: 8 moves\n|\n|upkeep\n|\n|t:|1701216516\n|switch|p2a: Name my|Weavile, M|100\/100\n|-ability|p2a: Name my|Pressure\n|turn|8\n|\n|t:|1701216523\n|switch|p1a: Magnezone|Magnezone|100\/100\n|move|p2a: Name my|Knock Off|p1a: Magnezone\n|-damage|p1a: Magnezone|18\/100\n|-enditem|p1a: Magnezone|Choice Specs|[from] move: Knock Off|[of] p2a: Name my\n|\n|upkeep\n|turn|9\n|\n|t:|1701216527\n|move|p2a: Name my|Knock Off|p1a: Magnezone\n|-damage|p1a: Magnezone|0 fnt\n|faint|p1a: Magnezone\n|\n|upkeep\n|\n|t:|1701216529\n|switch|p1a: Landorus|Landorus-Therian, M|84\/100 par\n|-ability|p1a: Landorus|Intimidate|boost\n|-unboost|p2a: Name my|atk|1\n|turn|10\n|\n|t:|1701216536\n|switch|p2a: hellfrog|Heatran, M|100\/100\n|cant|p1a: Landorus|par\n|\n|upkeep\n|turn|11\n|\n|t:|1701216544\n|move|p1a: Landorus|U-turn|p2a: hellfrog\n|-resisted|p2a: hellfrog\n|-damage|p2a: hellfrog|95\/100\n|\n|t:|1701216546\n|switch|p1a: Ogerpon|Ogerpon-Wellspring, F|100\/100|[from] U-turn\n|move|p2a: hellfrog|Substitute|p2a: hellfrog\n|-start|p2a: hellfrog|Substitute\n|-damage|p2a: hellfrog|70\/100\n|\n|-heal|p2a: hellfrog|77\/100|[from] item: Leftovers\n|upkeep\n|turn|12\n|\n|t:|1701216549\n|move|p1a: Ogerpon|Ivy Cudgel|p2a: hellfrog|[anim] Ivy Cudgel Water\n|-supereffective|p2a: hellfrog\n|-crit|p2a: hellfrog\n|-end|p2a: hellfrog|Substitute\n|move|p2a: hellfrog|Lava Plume|p1a: Ogerpon\n|-damage|p1a: Ogerpon|62\/100\n|\n|-heal|p2a: hellfrog|83\/100|[from] item: Leftovers\n|upkeep\n|turn|13\n|\n|t:|1701216554\n|move|p1a: Ogerpon|Ivy Cudgel|p2a: hellfrog|[anim] Ivy Cudgel Water\n|-supereffective|p2a: hellfrog\n|-damage|p2a: hellfrog|0 fnt\n|faint|p2a: hellfrog\n|\n|upkeep\n|\n|t:|1701216559\n|switch|p2a: Goob|Goodra-Hisui, F|100\/100\n|turn|14\n|\n|t:|1701216570\n|move|p1a: Ogerpon|Ivy Cudgel|p2a: Goob|[anim] Ivy Cudgel Water\n|-resisted|p2a: Goob\n|-damage|p2a: Goob|72\/100\n|move|p2a: Goob|Dragon Pulse|p1a: Ogerpon\n|-damage|p1a: Ogerpon|7\/100\n|\n|upkeep\n|turn|15\n|\n|t:|1701216576\n|move|p1a: Ogerpon|Ivy Cudgel|p2a: Goob|[anim] Ivy Cudgel Water\n|-resisted|p2a: Goob\n|-damage|p2a: Goob|46\/100\n|move|p2a: Goob|Dragon Pulse|p1a: Ogerpon\n|-damage|p1a: Ogerpon|0 fnt\n|faint|p1a: Ogerpon\n|\n|upkeep\n|\n|t:|1701216578\n|switch|p1a: Pinsir|Pinsir-Mega, M|100\/100\n|turn|16\n|\n|t:|1701216582\n|move|p1a: Pinsir|Swords Dance|p1a: Pinsir\n|-boost|p1a: Pinsir|atk|2\n|move|p2a: Goob|Ice Beam|p1a: Pinsir\n|-supereffective|p1a: Pinsir\n|-damage|p1a: Pinsir|13\/100\n|\n|upkeep\n|turn|17\n|\n|t:|1701216588\n|move|p1a: Pinsir|Earthquake|p2a: Goob\n|-supereffective|p2a: Goob\n|-damage|p2a: Goob|0 fnt\n|faint|p2a: Goob\n|\n|upkeep\n|\n|t:|1701216590\n|switch|p2a: Name my|Weavile, M|100\/100\n|-ability|p2a: Name my|Pressure\n|turn|18\n|\n|t:|1701216594\n|move|p2a: Name my|Ice Shard|p1a: Pinsir\n|-supereffective|p1a: Pinsir\n|-damage|p1a: Pinsir|0 fnt\n|faint|p1a: Pinsir\n|\n|upkeep\n|\n|t:|1701216597\n|switch|p1a: Landorus|Landorus-Therian, M|84\/100 par\n|-ability|p1a: Landorus|Intimidate|boost\n|-unboost|p2a: Name my|atk|1\n|turn|19\n|\n|t:|1701216606\n|-terastallize|p2a: Name my|Ice\n|-terastallize|p1a: Landorus|Ice\n|move|p2a: Name my|Ice Shard|p1a: Landorus\n|-resisted|p1a: Landorus\n|-damage|p1a: Landorus|67\/100 par\n|move|p1a: Landorus|Earthquake|p2a: Name my\n|-damage|p2a: Name my|0 fnt\n|faint|p2a: Name my\n|\n|upkeep\n|\n|t:|1701216611\n|switch|p2a: If legal|Mew|100\/100\n|turn|20\n|\n|t:|1701216616\n|move|p2a: If legal|Body Press|p1a: Landorus\n|-supereffective|p1a: Landorus\n|-damage|p1a: Landorus|27\/100 par\n|move|p1a: Landorus|Earthquake|p2a: If legal\n|-damage|p2a: If legal|55\/100\n|\n|-heal|p2a: If legal|61\/100|[from] item: Leftovers\n|upkeep\n|turn|21\n|\n|t:|1701216621\n|move|p2a: If legal|Body Press|p1a: Landorus\n|-supereffective|p1a: Landorus\n|-damage|p1a: Landorus|0 fnt\n|faint|p1a: Landorus\n|\n|win|TheStroker\n|raw|Jay&apos;sAlt's rating: 1541 &rarr; <strong>1527<\/strong><br \/>(-14 for losing)\n|raw|TheStroker's rating: 1640 &rarr; <strong>1654<\/strong><br \/>(+14 for winning)\n","uploadtime":1701216625,"views":0,"p1id":"jaysalt","p2id":"thestroker","formatid":"gen9nationaldex","rating":1527,"private":0,"password":""}