{"id":"gen9nationaldex-1991613085","p1":"eaemanin","p2":"ReptileMedias","format":"[Gen 9] National Dex","log":"|j|\u2606eaemanin\n|j|\u2606ReptileMedias\n|t:|1700094248\n|gametype|singles\n|player|p1|eaemanin|giovanni|1266\n|player|p2|ReptileMedias|may|1198\n|teamsize|p1|6\n|teamsize|p2|6\n|gen|9\n|tier|[Gen 9] National Dex\n|rated|\n|rule|HP Percentage Mod: HP is shown in percentages\n|rule|Endless Battle Clause: Forcing endless battles is banned\n|rule|OHKO Clause: OHKO moves are banned\n|rule|Evasion Clause: Evasion abilities, items, and moves are banned\n|rule|Evasion Abilities Clause: Evasion abilities are banned\n|rule|Evasion Items Clause: Evasion items are banned\n|rule|Evasion Moves Clause: Evasion moves are banned\n|rule|Species Clause: Limit one of each Pok\u00e9mon\n|rule|Sleep Clause Mod: Limit one foe put to sleep\n|clearpoke\n|poke|p1|Charizard, F|\n|poke|p1|Weavile, F|\n|poke|p1|Tapu Koko|\n|poke|p1|Kartana|\n|poke|p1|Ogerpon-Wellspring, F|\n|poke|p1|Garchomp, F|\n|poke|p2|Scizor, M|\n|poke|p2|Venusaur, M|\n|poke|p2|Arcanine, M|\n|poke|p2|Crawdaunt, M|\n|poke|p2|Jolteon, M|\n|poke|p2|Crobat, M|\n|teampreview\n|\n|t:|1700094255\n|start\n|switch|p1a: Lizard|Charizard, F|100\/100\n|switch|p2a: Lobstarno|Crawdaunt, M|100\/100\n|turn|1\n|\n|t:|1700094261\n|detailschange|p1a: Lizard|Charizard-Mega-X, F\n|-mega|p1a: Lizard|Charizard|Charizardite X\n|move|p2a: Lobstarno|Aqua Jet|p1a: Lizard\n|-damage|p1a: Lizard|59\/100\n|move|p1a: Lizard|Dragon Dance|p1a: Lizard\n|-boost|p1a: Lizard|atk|1\n|-boost|p1a: Lizard|spe|1\n|\n|upkeep\n|turn|2\n|\n|t:|1700094287\n|switch|p2a: Adult|Arcanine, M|100\/100\n|move|p1a: Lizard|Thunder Punch|p2a: Adult\n|-damage|p2a: Adult|24\/100\n|\n|-heal|p2a: Adult|30\/100|[from] item: Leftovers\n|upkeep\n|turn|3\n|\n|t:|1700094295\n|move|p2a: Adult|Extreme Speed|p1a: Lizard\n|-damage|p1a: Lizard|30\/100\n|move|p1a: Lizard|Dragon Claw|p2a: Adult\n|-damage|p2a: Adult|0 fnt\n|faint|p2a: Adult\n|\n|upkeep\n|\n|t:|1700094305\n|switch|p2a: Lobstarno|Crawdaunt, M|100\/100\n|turn|4\n|\n|t:|1700094309\n|move|p2a: Lobstarno|Aqua Jet|p1a: Lizard\n|-damage|p1a: Lizard|0 fnt\n|faint|p1a: Lizard\n|\n|upkeep\n|\n|t:|1700094315\n|switch|p1a: Maskara|Ogerpon-Wellspring, F|100\/100\n|turn|5\n|\n|t:|1700094319\n|switch|p2a: Penusaur|Venusaur, M|100\/100\n|-terastallize|p1a: Maskara|Water\n|detailschange|p1a: Maskara|Ogerpon-Wellspring-Tera, F, tera:Water\n|-ability|p1a: Maskara|Embody Aspect (Wellspring)|boost\n|-boost|p1a: Maskara|spd|1\n|move|p1a: Maskara|Swords Dance|p1a: Maskara\n|-boost|p1a: Maskara|atk|2\n|\n|upkeep\n|turn|6\n|\n|t:|1700094328\n|detailschange|p2a: Penusaur|Venusaur-Mega, M\n|-mega|p2a: Penusaur|Venusaur|Venusaurite\n|move|p1a: Maskara|Swords Dance|p1a: Maskara\n|-boost|p1a: Maskara|atk|2\n|move|p2a: Penusaur|Giga Drain|p1a: Maskara\n|-supereffective|p1a: Maskara\n|-damage|p1a: Maskara|51\/100\n|\n|upkeep\n|turn|7\n|\n|t:|1700094336\n|move|p1a: Maskara|Swords Dance|p1a: Maskara\n|-boost|p1a: Maskara|atk|2\n|move|p2a: Penusaur|Giga Drain|p1a: Maskara\n|-supereffective|p1a: Maskara\n|-damage|p1a: Maskara|0 fnt\n|faint|p1a: Maskara\n|\n|upkeep\n|\n|t:|1700094347\n|switch|p1a: Tubar\u00e3o na areia|Garchomp, F, shiny|100\/100\n|turn|8\n|\n|t:|1700094353\n|move|p1a: Tubar\u00e3o na areia|Fire Fang|p2a: Penusaur\n|-supereffective|p2a: Penusaur\n|-damage|p2a: Penusaur|78\/100\n|-damage|p1a: Tubar\u00e3o na areia|91\/100|[from] item: Life Orb\n|move|p2a: Penusaur|Leech Seed|p1a: Tubar\u00e3o na areia\n|-start|p1a: Tubar\u00e3o na areia|move: Leech Seed\n|\n|-damage|p1a: Tubar\u00e3o na areia|78\/100|[from] Leech Seed|[of] p2a: Penusaur\n|-heal|p2a: Penusaur|90\/100|[silent]\n|upkeep\n|turn|9\n|\n|t:|1700094361\n|move|p1a: Tubar\u00e3o na areia|Scale Shot|p2a: Penusaur\n|-damage|p2a: Penusaur|76\/100\n|-damage|p2a: Penusaur|62\/100\n|-hitcount|p2a: Penusaur|2\n|-unboost|p1a: Tubar\u00e3o na areia|def|1\n|-boost|p1a: Tubar\u00e3o na areia|spe|1\n|-damage|p1a: Tubar\u00e3o na areia|69\/100|[from] item: Life Orb\n|move|p2a: Penusaur|Giga Drain|p1a: Tubar\u00e3o na areia\n|-damage|p1a: Tubar\u00e3o na areia|33\/100\n|-heal|p2a: Penusaur|79\/100|[from] drain|[of] p1a: Tubar\u00e3o na areia\n|\n|-damage|p1a: Tubar\u00e3o na areia|21\/100|[from] Leech Seed|[of] p2a: Penusaur\n|-heal|p2a: Penusaur|91\/100|[silent]\n|upkeep\n|turn|10\n|\n|t:|1700094373\n|move|p1a: Tubar\u00e3o na areia|Scale Shot|p2a: Penusaur\n|-damage|p2a: Penusaur|79\/100\n|-damage|p2a: Penusaur|66\/100\n|-hitcount|p2a: Penusaur|2\n|-unboost|p1a: Tubar\u00e3o na areia|def|1\n|-boost|p1a: Tubar\u00e3o na areia|spe|1\n|-damage|p1a: Tubar\u00e3o na areia|11\/100|[from] item: Life Orb\n|move|p2a: Penusaur|Giga Drain|p1a: Tubar\u00e3o na areia\n|-damage|p1a: Tubar\u00e3o na areia|0 fnt\n|-heal|p2a: Penusaur|71\/100|[from] drain|[of] p1a: Tubar\u00e3o na areia\n|faint|p1a: Tubar\u00e3o na areia\n|\n|upkeep\n|\n|t:|1700094389\n|switch|p1a: Kami no ken|Kartana, shiny|100\/100\n|turn|11\n|\n|t:|1700094398\n|switch|p2a: COw bat (lol)|Crobat, M|100\/100\n|move|p1a: Kami no ken|Air Slash|p2a: COw bat (lol)\n|-damage|p2a: COw bat (lol)|88\/100\n|\n|upkeep\n|turn|12\n|\n|t:|1700094405\n|switch|p1a: Electric shield|Tapu Koko, shiny|100\/100\n|-fieldstart|move: Electric Terrain|[from] ability: Electric Surge|[of] p1a: Electric shield\n|move|p2a: COw bat (lol)|Heat Wave|p1a: Electric shield\n|-damage|p1a: Electric shield|64\/100\n|\n|upkeep\n|turn|13\n|\n|t:|1700094411\n|switch|p2a: Sharp David|Jolteon, M|100\/100\n|move|p1a: Electric shield|Volt Switch|p2a: Sharp David\n|-immune|p2a: Sharp David|[from] ability: Volt Absorb\n|\n|upkeep\n|turn|14\n|\n|t:|1700094422\n|switch|p1a: Kami no ken|Kartana, shiny|100\/100\n|-terastallize|p2a: Sharp David|Electric\n|move|p2a: Sharp David|Thunderbolt|p1a: Kami no ken\n|-resisted|p1a: Kami no ken\n|-damage|p1a: Kami no ken|0 fnt\n|faint|p1a: Kami no ken\n|\n|upkeep\n|\n|t:|1700094431\n|switch|p1a: Weavile|Weavile, F|100\/100\n|-ability|p1a: Weavile|Pressure\n|turn|15\n|c|\u2606eaemanin|gg\n|\n|t:|1700094486\n|move|p2a: Sharp David|Thunderbolt|p1a: Weavile\n|-enditem|p1a: Weavile|Focus Sash\n|-damage|p1a: Weavile|1\/100\n|move|p1a: Weavile|Throat Chop|p2a: Sharp David\n|-damage|p2a: Sharp David|29\/100\n|-start|p2a: Sharp David|Throat Chop|[silent]\n|\n|upkeep\n|turn|16\n|\n|t:|1700094493\n|move|p2a: Sharp David|Thunderbolt|p1a: Weavile\n|-damage|p1a: Weavile|0 fnt\n|faint|p1a: Weavile\n|\n|-end|p2a: Sharp David|Throat Chop|[silent]\n|-fieldend|move: Electric Terrain\n|upkeep\n|\n|t:|1700094499\n|switch|p1a: Electric shield|Tapu Koko, shiny|64\/100\n|-fieldstart|move: Electric Terrain|[from] ability: Electric Surge|[of] p1a: Electric shield\n|turn|17\n|\n|t:|1700094515\n|move|p2a: Sharp David|Thunderbolt|p1a: Electric shield\n|-resisted|p1a: Electric shield\n|-damage|p1a: Electric shield|0 fnt\n|faint|p1a: Electric shield\n|\n|win|ReptileMedias\n|raw|eaemanin's rating: 1266 &rarr; <strong>1236<\/strong><br \/>(-30 for losing)\n|raw|ReptileMedias's rating: 1198 &rarr; <strong>1228<\/strong><br \/>(+30 for winning)\n","uploadtime":1700094521,"views":4,"p1id":"eaemanin","p2id":"reptilemedias","formatid":"gen9nationaldex","rating":1228,"private":0,"password":""}