{"id":"gen9nationaldex-1999529563","p1":"NDSNEZ untruwu","p2":"BlazingHero657","format":"[Gen 9] National Dex","log":"|html|<div class=\"broadcast-blue\"><strong>[Gen 9] National Dex is currently suspecting Sneasler! For information on how to participate check out the <a href=\"https:\/\/www.smogon.com\/forums\/threads\/sv-national-dex-suspect-8-just-dance.3731534\/\">suspect thread<\/a>.<\/strong><\/div>\n|j|\u2606NDSNEZ untruwu\n|j|\u2606BlazingHero657\n|t:|1701092969\n|gametype|singles\n|player|p1|NDSNEZ untruwu|psychic-gen2|1396\n|player|p2|BlazingHero657|pokemonbreederf-gen4|1594\n|teamsize|p1|6\n|teamsize|p2|6\n|gen|9\n|tier|[Gen 9] National Dex\n|rated|\n|rule|HP Percentage Mod: HP is shown in percentages\n|rule|Endless Battle Clause: Forcing endless battles is banned\n|rule|OHKO Clause: OHKO moves are banned\n|rule|Evasion Clause: Evasion abilities, items, and moves are banned\n|rule|Evasion Abilities Clause: Evasion abilities are banned\n|rule|Evasion Items Clause: Evasion items are banned\n|rule|Evasion Moves Clause: Evasion moves are banned\n|rule|Species Clause: Limit one of each Pok\u00e9mon\n|rule|Sleep Clause Mod: Limit one foe put to sleep\n|clearpoke\n|poke|p1|Blissey, F|\n|poke|p1|Clodsire, F|\n|poke|p1|Skeledirge, F|\n|poke|p1|Cresselia, F|\n|poke|p1|Dondozo, F|\n|poke|p1|Gliscor, M|\n|poke|p2|Serperior, F|\n|poke|p2|Garchomp, M|\n|poke|p2|Chansey, F|\n|poke|p2|Corviknight, F|\n|poke|p2|Alomomola, F|\n|poke|p2|Heatran, M|\n|teampreview\n|inactive|Battle timer is ON: inactive players will automatically lose when time's up. (requested by NDSNEZ untruwu)\n|\n|t:|1701092986\n|start\n|switch|p1a: Gliscor|Gliscor, M|100\/100\n|switch|p2a: Alomomola|Alomomola, F|100\/100\n|turn|1\n|\n|t:|1701092993\n|switch|p1a: Blissey|Blissey, F|100\/100\n|move|p2a: Alomomola|Knock Off|p1a: Blissey\n|-damage|p1a: Blissey|85\/100\n|-enditem|p1a: Blissey|Heavy-Duty Boots|[from] move: Knock Off|[of] p2a: Alomomola\n|\n|upkeep\n|turn|2\n|\n|t:|1701092997\n|switch|p2a: Chansey|Chansey, F|100\/100\n|move|p1a: Blissey|Stealth Rock|p2a: Chansey\n|-sidestart|p2: BlazingHero657|move: Stealth Rock\n|\n|upkeep\n|turn|3\n|\n|t:|1701093000\n|move|p1a: Blissey|Wish|p1a: Blissey\n|move|p2a: Chansey|Teleport|p2a: Chansey\n|\n|t:|1701093002\n|switch|p2a: Serperior|Serperior, F, shiny|100\/100|[from] Teleport\n|-damage|p2a: Serperior|88\/100|[from] Stealth Rock\n|\n|-heal|p2a: Serperior|94\/100|[from] item: Leftovers\n|upkeep\n|turn|4\n|\n|t:|1701093009\n|switch|p1a: Gliscor|Gliscor, M|100\/100\n|move|p2a: Serperior|Substitute|p2a: Serperior\n|-start|p2a: Serperior|Substitute\n|-damage|p2a: Serperior|69\/100\n|\n|-heal|p2a: Serperior|76\/100|[from] item: Leftovers\n|-status|p1a: Gliscor|tox|[from] item: Toxic Orb\n|upkeep\n|turn|5\n|\n|t:|1701093013\n|switch|p1a: Clodsire|Clodsire, F|100\/100\n|move|p2a: Serperior|Leaf Storm|p1a: Clodsire\n|-damage|p1a: Clodsire|79\/100\n|-boost|p2a: Serperior|spa|2\n|\n|-heal|p2a: Serperior|82\/100|[from] item: Leftovers\n|-heal|p1a: Clodsire|85\/100|[from] item: Leftovers\n|upkeep\n|turn|6\n|\n|t:|1701093016\n|move|p2a: Serperior|Glare|p1a: Clodsire\n|-status|p1a: Clodsire|par\n|move|p1a: Clodsire|Spikes|p2a: Serperior\n|-sidestart|p2: BlazingHero657|Spikes\n|\n|-heal|p2a: Serperior|88\/100|[from] item: Leftovers\n|-heal|p1a: Clodsire|91\/100 par|[from] item: Leftovers\n|upkeep\n|turn|7\n|\n|t:|1701093022\n|move|p2a: Serperior|Leaf Storm|p1a: Clodsire\n|-damage|p1a: Clodsire|66\/100 par\n|-boost|p2a: Serperior|spa|2\n|move|p1a: Clodsire|Spikes|p2a: Serperior\n|-sidestart|p2: BlazingHero657|Spikes\n|\n|-heal|p2a: Serperior|94\/100|[from] item: Leftovers\n|-heal|p1a: Clodsire|72\/100 par|[from] item: Leftovers\n|upkeep\n|turn|8\n|\n|t:|1701093025\n|switch|p2a: Corviknight|Corviknight, F|100\/100\n|-damage|p2a: Corviknight|88\/100|[from] Stealth Rock\n|-ability|p2a: Corviknight|Pressure\n|move|p1a: Clodsire|Spikes|p2a: Corviknight\n|-sidestart|p2: BlazingHero657|Spikes\n|\n|-heal|p2a: Corviknight|94\/100|[from] item: Leftovers\n|-heal|p1a: Clodsire|78\/100 par|[from] item: Leftovers\n|upkeep\n|turn|9\n|\n|t:|1701093028\n|switch|p1a: Skeledirge|Skeledirge, F|100\/100\n|move|p2a: Corviknight|Defog|p1a: Skeledirge\n|-unboost|p1a: Skeledirge|evasion|1\n|-sideend|p2: BlazingHero657|Spikes|[from] move: Defog|[of] p2a: Corviknight\n|-sideend|p2: BlazingHero657|Stealth Rock|[from] move: Defog|[of] p2a: Corviknight\n|\n|-heal|p2a: Corviknight|99\/100|[from] item: Leftovers\n|upkeep\n|turn|10\n|\n|t:|1701093031\n|switch|p2a: Chansey|Chansey, F|100\/100\n|move|p1a: Skeledirge|Will-O-Wisp|p2a: Chansey\n|-status|p2a: Chansey|brn\n|\n|-damage|p2a: Chansey|94\/100 brn|[from] brn\n|upkeep\n|turn|11\n|\n|t:|1701093038\n|switch|p1a: Gliscor|Gliscor, M|100\/100 tox\n|move|p2a: Chansey|Teleport|p2a: Chansey\n|\n|t:|1701093046\n|-curestatus|p2a: Chansey|brn|[from] ability: Natural Cure\n|switch|p2a: Serperior|Serperior, F, shiny|94\/100|[from] Teleport\n|\n|-heal|p2a: Serperior|100\/100|[from] item: Leftovers\n|upkeep\n|turn|12\n|\n|t:|1701093049\n|move|p2a: Serperior|Substitute|p2a: Serperior\n|-start|p2a: Serperior|Substitute\n|-damage|p2a: Serperior|76\/100\n|move|p1a: Gliscor|Knock Off|p2a: Serperior\n|-activate|p2a: Serperior|move: Substitute|[damage]\n|\n|-heal|p2a: Serperior|82\/100|[from] item: Leftovers\n|upkeep\n|turn|13\n|\n|t:|1701093054\n|switch|p1a: Clodsire|Clodsire, F|78\/100 par\n|move|p2a: Serperior|Hidden Power|p1a: Clodsire\n|-damage|p1a: Clodsire|70\/100 par\n|\n|-heal|p2a: Serperior|88\/100|[from] item: Leftovers\n|-heal|p1a: Clodsire|77\/100 par|[from] item: Leftovers\n|upkeep\n|turn|14\n|\n|t:|1701093058\n|switch|p2a: Corviknight|Corviknight, F|99\/100\n|-ability|p2a: Corviknight|Pressure\n|cant|p1a: Clodsire|par\n|\n|-heal|p2a: Corviknight|100\/100|[from] item: Leftovers\n|-heal|p1a: Clodsire|83\/100 par|[from] item: Leftovers\n|upkeep\n|turn|15\n|\n|t:|1701093063\n|switch|p1a: Dondozo|Dondozo, F|100\/100\n|move|p2a: Corviknight|Iron Defense|p2a: Corviknight\n|-boost|p2a: Corviknight|def|2\n|\n|upkeep\n|turn|16\n|\n|t:|1701093067\n|switch|p1a: Skeledirge|Skeledirge, F|100\/100\n|move|p2a: Corviknight|Defog|p1a: Skeledirge\n|-unboost|p1a: Skeledirge|evasion|1\n|\n|upkeep\n|turn|17\n|\n|t:|1701093073\n|switch|p2a: Chansey|Chansey, F|94\/100\n|move|p1a: Skeledirge|Will-O-Wisp|p2a: Chansey\n|-status|p2a: Chansey|brn\n|\n|-damage|p2a: Chansey|88\/100 brn|[from] brn\n|upkeep\n|turn|18\n|\n|t:|1701093077\n|switch|p1a: Gliscor|Gliscor, M|100\/100 tox\n|move|p2a: Chansey|Teleport|p2a: Chansey\n|\n|t:|1701093079\n|-curestatus|p2a: Chansey|brn|[from] ability: Natural Cure\n|switch|p2a: Serperior|Serperior, F, shiny|88\/100|[from] Teleport\n|\n|-heal|p2a: Serperior|94\/100|[from] item: Leftovers\n|upkeep\n|turn|19\n|\n|t:|1701093084\n|move|p2a: Serperior|Substitute|p2a: Serperior\n|-start|p2a: Serperior|Substitute\n|-damage|p2a: Serperior|69\/100\n|move|p1a: Gliscor|Knock Off|p2a: Serperior\n|-end|p2a: Serperior|Substitute\n|\n|-heal|p2a: Serperior|76\/100|[from] item: Leftovers\n|upkeep\n|turn|20\n|\n|t:|1701093088\n|move|p2a: Serperior|Substitute|p2a: Serperior\n|-start|p2a: Serperior|Substitute\n|-damage|p2a: Serperior|51\/100\n|move|p1a: Gliscor|Knock Off|p2a: Serperior\n|-end|p2a: Serperior|Substitute\n|\n|-heal|p2a: Serperior|57\/100|[from] item: Leftovers\n|upkeep\n|turn|21\n|\n|t:|1701093092\n|switch|p2a: Corviknight|Corviknight, F|100\/100\n|-ability|p2a: Corviknight|Pressure\n|move|p1a: Gliscor|Knock Off|p2a: Corviknight\n|-damage|p2a: Corviknight|88\/100\n|-enditem|p2a: Corviknight|Leftovers|[from] move: Knock Off|[of] p1a: Gliscor\n|\n|upkeep\n|turn|22\n|\n|t:|1701093097\n|switch|p1a: Skeledirge|Skeledirge, F|100\/100\n|move|p2a: Corviknight|Iron Defense|p2a: Corviknight\n|-boost|p2a: Corviknight|def|2\n|\n|upkeep\n|turn|23\n|\n|t:|1701093100\n|switch|p2a: Heatran|Heatran, M|100\/100\n|move|p1a: Skeledirge|Torch Song|p2a: Heatran\n|-start|p2a: Heatran|ability: Flash Fire\n|\n|upkeep\n|turn|24\n|\n|t:|1701093104\n|switch|p1a: Blissey|Blissey, F|85\/100\n|move|p2a: Heatran|Magma Storm|p1a: Blissey\n|-damage|p1a: Blissey|62\/100\n|-activate|p1a: Blissey|move: Magma Storm|[of] p2a: Heatran\n|\n|-damage|p1a: Blissey|49\/100|[from] move: Magma Storm|[partiallytrapped]\n|upkeep\n|turn|25\n|\n|t:|1701093108\n|move|p2a: Heatran|Taunt|p1a: Blissey\n|-start|p1a: Blissey|move: Taunt\n|cant|p1a: Blissey|move: Taunt|Soft-Boiled\n|\n|-damage|p1a: Blissey|37\/100|[from] move: Magma Storm|[partiallytrapped]\n|upkeep\n|turn|26\n|\n|t:|1701093111\n|move|p2a: Heatran|Stealth Rock|p1a: Blissey\n|-sidestart|p1: NDSNEZ untruwu|move: Stealth Rock\n|move|p1a: Blissey|Seismic Toss|p2a: Heatran\n|-damage|p2a: Heatran|75\/100\n|\n|-heal|p2a: Heatran|81\/100|[from] item: Leftovers\n|-damage|p1a: Blissey|24\/100|[from] move: Magma Storm|[partiallytrapped]\n|upkeep\n|turn|27\n|\n|t:|1701093113\n|move|p2a: Heatran|Magma Storm|p1a: Blissey\n|-damage|p1a: Blissey|2\/100\n|move|p1a: Blissey|Seismic Toss|p2a: Heatran\n|-damage|p2a: Heatran|55\/100\n|\n|-heal|p2a: Heatran|61\/100|[from] item: Leftovers\n|-damage|p1a: Blissey|0 fnt|[from] move: Magma Storm|[partiallytrapped]\n|faint|p1a: Blissey\n|upkeep\n|\n|t:|1701093116\n|switch|p1a: Clodsire|Clodsire, F|83\/100 par\n|-damage|p1a: Clodsire|77\/100 par|[from] Stealth Rock\n|turn|28\n|\n|t:|1701093119\n|-end|p2a: Heatran|ability: Flash Fire|[silent]\n|switch|p2a: Corviknight|Corviknight, F|88\/100\n|-ability|p2a: Corviknight|Pressure\n|move|p1a: Clodsire|Earthquake|p2a: Corviknight\n|-immune|p2a: Corviknight\n|\n|-heal|p1a: Clodsire|83\/100 par|[from] item: Leftovers\n|upkeep\n|turn|29\n|\n|t:|1701093124\n|move|p2a: Corviknight|Iron Defense|p2a: Corviknight\n|-boost|p2a: Corviknight|def|2\n|move|p1a: Clodsire|Spikes|p2a: Corviknight\n|-sidestart|p2: BlazingHero657|Spikes\n|\n|-heal|p1a: Clodsire|89\/100 par|[from] item: Leftovers\n|upkeep\n|turn|30\n|\n|t:|1701093127\n|switch|p1a: Skeledirge|Skeledirge, F|100\/100\n|move|p2a: Corviknight|Iron Defense|p2a: Corviknight\n|-boost|p2a: Corviknight|def|2\n|\n|upkeep\n|turn|31\n|\n|t:|1701093130\n|switch|p2a: Chansey|Chansey, F|88\/100\n|-damage|p2a: Chansey|76\/100|[from] Spikes\n|move|p1a: Skeledirge|Hex|p2a: Chansey\n|-immune|p2a: Chansey\n|\n|upkeep\n|turn|32\n|\n|t:|1701093134\n|switch|p1a: Clodsire|Clodsire, F|89\/100 par\n|-damage|p1a: Clodsire|83\/100 par|[from] Stealth Rock\n|move|p2a: Chansey|Teleport|p2a: Chansey\n|\n|t:|1701093137\n|switch|p2a: Garchomp|Garchomp, M|100\/100|[from] Teleport\n|-damage|p2a: Garchomp|88\/100|[from] Spikes\n|\n|-heal|p1a: Clodsire|89\/100 par|[from] item: Leftovers\n|upkeep\n|turn|33\n|\n|t:|1701093143\n|switch|p1a: Gliscor|Gliscor, M|100\/100 tox\n|-damage|p1a: Gliscor|88\/100 tox|[from] Stealth Rock\n|move|p2a: Garchomp|Earthquake|p1a: Gliscor\n|-immune|p1a: Gliscor\n|\n|-heal|p1a: Gliscor|100\/100 tox|[from] ability: Poison Heal\n|upkeep\n|turn|34\n|\n|t:|1701093146\n|switch|p2a: Corviknight|Corviknight, F|88\/100\n|-ability|p2a: Corviknight|Pressure\n|move|p1a: Gliscor|Knock Off|p2a: Corviknight\n|-damage|p2a: Corviknight|79\/100\n|\n|upkeep\n|turn|35\n|\n|t:|1701093149\n|switch|p1a: Skeledirge|Skeledirge, F|100\/100\n|move|p2a: Corviknight|Iron Defense|p2a: Corviknight\n|-boost|p2a: Corviknight|def|2\n|\n|upkeep\n|turn|36\n|\n|t:|1701093154\n|switch|p2a: Heatran|Heatran, M|61\/100\n|-damage|p2a: Heatran|49\/100|[from] Spikes\n|move|p1a: Skeledirge|Torch Song|p2a: Heatran\n|-start|p2a: Heatran|ability: Flash Fire\n|\n|-heal|p2a: Heatran|55\/100|[from] item: Leftovers\n|upkeep\n|turn|37\n|\n|t:|1701093162\n|move|p2a: Heatran|Magma Storm|p1a: Skeledirge\n|-resisted|p1a: Skeledirge\n|-damage|p1a: Skeledirge|69\/100\n|-activate|p1a: Skeledirge|move: Magma Storm|[of] p2a: Heatran\n|move|p1a: Skeledirge|Hex|p2a: Heatran\n|-damage|p2a: Heatran|40\/100\n|\n|-heal|p2a: Heatran|46\/100|[from] item: Leftovers\n|-damage|p1a: Skeledirge|57\/100|[from] move: Magma Storm|[partiallytrapped]\n|upkeep\n|turn|38\n|\n|t:|1701093170\n|switch|p1a: Clodsire|Clodsire, F|89\/100 par\n|-damage|p1a: Clodsire|83\/100 par|[from] Stealth Rock\n|move|p2a: Heatran|Taunt|p1a: Clodsire\n|-start|p1a: Clodsire|move: Taunt\n|\n|-heal|p2a: Heatran|52\/100|[from] item: Leftovers\n|-heal|p1a: Clodsire|89\/100 par|[from] item: Leftovers\n|upkeep\n|turn|39\n|\n|t:|1701093173\n|-end|p2a: Heatran|ability: Flash Fire|[silent]\n|switch|p2a: Corviknight|Corviknight, F|79\/100\n|-ability|p2a: Corviknight|Pressure\n|move|p1a: Clodsire|Earthquake|p2a: Corviknight\n|-immune|p2a: Corviknight\n|\n|-heal|p1a: Clodsire|95\/100 par|[from] item: Leftovers\n|upkeep\n|turn|40\n|\n|t:|1701093177\n|switch|p1a: Skeledirge|Skeledirge, F|57\/100\n|move|p2a: Corviknight|Body Press|p1a: Skeledirge\n|-immune|p1a: Skeledirge\n|\n|upkeep\n|turn|41\n|\n|t:|1701093180\n|switch|p2a: Chansey|Chansey, F|76\/100\n|-damage|p2a: Chansey|64\/100|[from] Spikes\n|move|p1a: Skeledirge|Slack Off|p1a: Skeledirge\n|-heal|p1a: Skeledirge|100\/100\n|\n|upkeep\n|turn|42\n|\n|t:|1701093187\n|move|p1a: Skeledirge|Torch Song|p2a: Chansey\n|-damage|p2a: Chansey|54\/100\n|-boost|p1a: Skeledirge|spa|1\n|move|p2a: Chansey|Soft-Boiled|p2a: Chansey\n|-heal|p2a: Chansey|100\/100\n|\n|upkeep\n|turn|43\n|\n|t:|1701093193\n|switch|p1a: Gliscor|Gliscor, M|100\/100 tox\n|-damage|p1a: Gliscor|88\/100 tox|[from] Stealth Rock\n|move|p2a: Chansey|Toxic|p1a: Gliscor\n|-fail|p1a: Gliscor|tox\n|\n|-heal|p1a: Gliscor|100\/100 tox|[from] ability: Poison Heal\n|upkeep\n|turn|44\n|\n|t:|1701093198\n|switch|p2a: Corviknight|Corviknight, F|79\/100\n|-ability|p2a: Corviknight|Pressure\n|move|p1a: Gliscor|Knock Off|p2a: Corviknight\n|-damage|p2a: Corviknight|70\/100\n|\n|upkeep\n|turn|45\n|\n|t:|1701093202\n|switch|p1a: Skeledirge|Skeledirge, F|100\/100\n|move|p2a: Corviknight|Roost|p2a: Corviknight\n|-heal|p2a: Corviknight|100\/100\n|-singleturn|p2a: Corviknight|move: Roost\n|\n|upkeep\n|turn|46\n|\n|t:|1701093206\n|switch|p2a: Heatran|Heatran, M|52\/100\n|-damage|p2a: Heatran|40\/100|[from] Spikes\n|move|p1a: Skeledirge|Hex|p2a: Heatran\n|-damage|p2a: Heatran|24\/100\n|\n|-heal|p2a: Heatran|30\/100|[from] item: Leftovers\n|upkeep\n|turn|47\n|\n|t:|1701093213\n|switch|p2a: Chansey|Chansey, F|100\/100\n|-damage|p2a: Chansey|88\/100|[from] Spikes\n|move|p1a: Skeledirge|Hex|p2a: Chansey\n|-immune|p2a: Chansey\n|\n|upkeep\n|turn|48\n|\n|t:|1701093216\n|switch|p1a: Clodsire|Clodsire, F|95\/100 par\n|-damage|p1a: Clodsire|89\/100 par|[from] Stealth Rock\n|move|p2a: Chansey|Teleport|p2a: Chansey\n|\n|t:|1701093218\n|switch|p2a: Alomomola|Alomomola, F|100\/100|[from] Teleport\n|\n|-heal|p1a: Clodsire|95\/100 par|[from] item: Leftovers\n|upkeep\n|turn|49\n|\n|t:|1701093223\n|switch|p2a: Corviknight|Corviknight, F|100\/100\n|-ability|p2a: Corviknight|Pressure\n|move|p1a: Clodsire|Spikes|p2a: Corviknight\n|-sidestart|p2: BlazingHero657|Spikes\n|\n|-heal|p1a: Clodsire|100\/100 par|[from] item: Leftovers\n|upkeep\n|turn|50\n|\n|t:|1701093225\n|switch|p1a: Skeledirge|Skeledirge, F|100\/100\n|move|p2a: Corviknight|Defog|p1a: Skeledirge\n|-unboost|p1a: Skeledirge|evasion|1\n|-sideend|p1: NDSNEZ untruwu|Stealth Rock|[from] move: Defog|[of] p2a: Corviknight\n|-sideend|p2: BlazingHero657|Spikes|[from] move: Defog|[of] p2a: Corviknight\n|\n|upkeep\n|turn|51\n|\n|t:|1701093228\n|switch|p2a: Chansey|Chansey, F|88\/100\n|move|p1a: Skeledirge|Torch Song|p2a: Chansey\n|-damage|p2a: Chansey|79\/100\n|-boost|p1a: Skeledirge|spa|1\n|\n|upkeep\n|turn|52\n|\n|t:|1701093231\n|switch|p1a: Clodsire|Clodsire, F|100\/100 par\n|move|p2a: Chansey|Teleport|p2a: Chansey\n|\n|t:|1701093233\n|switch|p2a: Garchomp|Garchomp, M|88\/100|[from] Teleport\n|\n|upkeep\n|turn|53\n|\n|t:|1701093239\n|switch|p1a: Gliscor|Gliscor, M|100\/100 tox\n|move|p2a: Garchomp|Swords Dance|p2a: Garchomp\n|-boost|p2a: Garchomp|atk|2\n|\n|upkeep\n|turn|54\n|\n|t:|1701093242\n|switch|p1a: Dondozo|Dondozo, F|100\/100\n|detailschange|p2a: Garchomp|Garchomp-Mega, M\n|-mega|p2a: Garchomp|Garchomp|Garchompite\n|move|p2a: Garchomp|Iron Head|p1a: Dondozo\n|-resisted|p1a: Dondozo\n|-damage|p1a: Dondozo|93\/100\n|-damage|p2a: Garchomp|72\/100|[from] item: Rocky Helmet|[of] p1a: Dondozo\n|\n|upkeep\n|turn|55\n|\n|t:|1701093247\n|switch|p2a: Alomomola|Alomomola, F|100\/100\n|move|p1a: Dondozo|Curse|p1a: Dondozo\n|-unboost|p1a: Dondozo|spe|1\n|-boost|p1a: Dondozo|atk|1\n|-boost|p1a: Dondozo|def|1\n|\n|upkeep\n|turn|56\n|\n|t:|1701093254\n|move|p2a: Alomomola|Wish|p2a: Alomomola\n|move|p1a: Dondozo|Waterfall|p2a: Alomomola\n|-resisted|p2a: Alomomola\n|-damage|p2a: Alomomola|90\/100\n|\n|upkeep\n|turn|57\n|\n|t:|1701093256\n|move|p2a: Alomomola|Scald|p1a: Dondozo\n|-resisted|p1a: Dondozo\n|-damage|p1a: Dondozo|86\/100\n|move|p1a: Dondozo|Curse|p1a: Dondozo\n|-unboost|p1a: Dondozo|spe|1\n|-boost|p1a: Dondozo|atk|1\n|-boost|p1a: Dondozo|def|1\n|\n|-heal|p2a: Alomomola|100\/100|[from] move: Wish|[wisher] Alomomola\n|upkeep\n|turn|58\n|\n|t:|1701093260\n|move|p2a: Alomomola|Knock Off|p1a: Dondozo\n|-damage|p1a: Dondozo|82\/100\n|-damage|p2a: Alomomola|84\/100|[from] item: Rocky Helmet|[of] p1a: Dondozo\n|-enditem|p1a: Dondozo|Rocky Helmet|[from] move: Knock Off|[of] p2a: Alomomola\n|move|p1a: Dondozo|Curse|p1a: Dondozo\n|-unboost|p1a: Dondozo|spe|1\n|-boost|p1a: Dondozo|atk|1\n|-boost|p1a: Dondozo|def|1\n|\n|upkeep\n|turn|59\n|\n|t:|1701093264\n|move|p2a: Alomomola|Scald|p1a: Dondozo\n|-resisted|p1a: Dondozo\n|-damage|p1a: Dondozo|75\/100\n|move|p1a: Dondozo|Curse|p1a: Dondozo\n|-unboost|p1a: Dondozo|spe|1\n|-boost|p1a: Dondozo|atk|1\n|-boost|p1a: Dondozo|def|1\n|\n|upkeep\n|turn|60\n|\n|t:|1701093270\n|move|p2a: Alomomola|Wish|p2a: Alomomola\n|move|p1a: Dondozo|Waterfall|p2a: Alomomola\n|-resisted|p2a: Alomomola\n|-damage|p2a: Alomomola|61\/100\n|\n|upkeep\n|turn|61\n|\n|t:|1701093273\n|switch|p2a: Serperior|Serperior, F, shiny|57\/100\n|move|p1a: Dondozo|Curse|p1a: Dondozo\n|-unboost|p1a: Dondozo|spe|1\n|-boost|p1a: Dondozo|atk|1\n|-boost|p1a: Dondozo|def|1\n|\n|-heal|p2a: Serperior|100\/100|[from] move: Wish|[wisher] Alomomola\n|upkeep\n|turn|62\n|\n|t:|1701093276\n|switch|p1a: Clodsire|Clodsire, F|100\/100 par\n|move|p2a: Serperior|Substitute|p2a: Serperior\n|-start|p2a: Serperior|Substitute\n|-damage|p2a: Serperior|76\/100\n|\n|-heal|p2a: Serperior|82\/100|[from] item: Leftovers\n|upkeep\n|turn|63\n|\n|t:|1701093281\n|move|p2a: Serperior|Hidden Power|p1a: Clodsire\n|-damage|p1a: Clodsire|93\/100 par\n|cant|p1a: Clodsire|par\n|\n|-heal|p2a: Serperior|88\/100|[from] item: Leftovers\n|-heal|p1a: Clodsire|99\/100 par|[from] item: Leftovers\n|upkeep\n|turn|64\n|\n|t:|1701093285\n|switch|p2a: Corviknight|Corviknight, F|100\/100\n|-ability|p2a: Corviknight|Pressure\n|move|p1a: Clodsire|Spikes|p2a: Corviknight\n|-sidestart|p2: BlazingHero657|Spikes\n|\n|-heal|p1a: Clodsire|100\/100 par|[from] item: Leftovers\n|upkeep\n|turn|65\n|\n|t:|1701093289\n|switch|p1a: Skeledirge|Skeledirge, F|100\/100\n|move|p2a: Corviknight|Defog|p1a: Skeledirge\n|-unboost|p1a: Skeledirge|evasion|1\n|-sideend|p2: BlazingHero657|Spikes|[from] move: Defog|[of] p2a: Corviknight\n|\n|upkeep\n|turn|66\n|\n|t:|1701093294\n|switch|p2a: Alomomola|Alomomola, F|95\/100\n|move|p1a: Skeledirge|Hex|p2a: Alomomola\n|-damage|p2a: Alomomola|67\/100\n|\n|upkeep\n|turn|67\n|\n|t:|1701093297\n|move|p1a: Skeledirge|Will-O-Wisp|p2a: Alomomola\n|-status|p2a: Alomomola|brn\n|move|p2a: Alomomola|Knock Off|p1a: Skeledirge\n|-supereffective|p1a: Skeledirge\n|-damage|p1a: Skeledirge|90\/100\n|-enditem|p1a: Skeledirge|Heavy-Duty Boots|[from] move: Knock Off|[of] p2a: Alomomola\n|\n|-damage|p2a: Alomomola|60\/100 brn|[from] brn\n|upkeep\n|turn|68\n|\n|t:|1701093304\n|switch|p2a: Chansey|Chansey, F|79\/100\n|move|p1a: Skeledirge|Hex|p2a: Chansey\n|-immune|p2a: Chansey\n|\n|upkeep\n|turn|69\n|\n|t:|1701093307\n|switch|p1a: Clodsire|Clodsire, F|100\/100 par\n|move|p2a: Chansey|Teleport|p2a: Chansey\n|\n|t:|1701093311\n|switch|p2a: Alomomola|Alomomola, F|94\/100 brn|[from] Teleport\n|\n|-damage|p2a: Alomomola|88\/100 brn|[from] brn\n|upkeep\n|turn|70\n|\n|t:|1701093313\n|move|p2a: Alomomola|Knock Off|p1a: Clodsire\n|-damage|p1a: Clodsire|91\/100 par\n|-enditem|p1a: Clodsire|Leftovers|[from] move: Knock Off|[of] p2a: Alomomola\n|cant|p1a: Clodsire|par\n|\n|-damage|p2a: Alomomola|81\/100 brn|[from] brn\n|upkeep\n|turn|71\n|\n|t:|1701093317\n|move|p2a: Alomomola|Wish|p2a: Alomomola\n|move|p1a: Clodsire|Spikes|p2a: Alomomola\n|-sidestart|p2: BlazingHero657|Spikes\n|\n|-damage|p2a: Alomomola|75\/100 brn|[from] brn\n|upkeep\n|turn|72\n|\n|t:|1701093326\n|switch|p2a: Garchomp|Garchomp-Mega, M|72\/100\n|-damage|p2a: Garchomp|59\/100|[from] Spikes\n|cant|p1a: Clodsire|par\n|\n|-heal|p2a: Garchomp|100\/100|[from] move: Wish|[wisher] Alomomola\n|upkeep\n|turn|73\n|\n|t:|1701093333\n|switch|p2a: Corviknight|Corviknight, F|100\/100\n|-ability|p2a: Corviknight|Pressure\n|cant|p1a: Clodsire|par\n|\n|upkeep\n|turn|74\n|\n|t:|1701093338\n|switch|p2a: Alomomola|Alomomola, F|100\/100 brn\n|switch|p1a: Skeledirge|Skeledirge, F|90\/100\n|\n|-damage|p2a: Alomomola|94\/100 brn|[from] brn\n|upkeep\n|turn|75\n|\n|t:|1701093346\n|move|p1a: Skeledirge|Torch Song|p2a: Alomomola\n|-resisted|p2a: Alomomola\n|-damage|p2a: Alomomola|76\/100 brn\n|-boost|p1a: Skeledirge|spa|1\n|move|p2a: Alomomola|Wish|p2a: Alomomola\n|\n|-damage|p2a: Alomomola|70\/100 brn|[from] brn\n|upkeep\n|turn|76\n|\n|t:|1701093354\n|move|p1a: Skeledirge|Hex|p2a: Alomomola\n|-damage|p2a: Alomomola|0 fnt\n|faint|p2a: Alomomola\n|\n|upkeep\n|\n|t:|1701093359\n|switch|p2a: Chansey|Chansey, F|79\/100\n|-damage|p2a: Chansey|66\/100|[from] Spikes\n|turn|77\n|\n|t:|1701093363\n|switch|p1a: Gliscor|Gliscor, M|100\/100 tox\n|move|p2a: Chansey|Teleport|p2a: Chansey\n|\n|t:|1701093366\n|switch|p2a: Corviknight|Corviknight, F|100\/100|[from] Teleport\n|-ability|p2a: Corviknight|Pressure\n|\n|upkeep\n|turn|78\n|\n|t:|1701093371\n|switch|p1a: Skeledirge|Skeledirge, F|90\/100\n|move|p2a: Corviknight|Iron Defense|p2a: Corviknight\n|-boost|p2a: Corviknight|def|2\n|\n|upkeep\n|turn|79\n|\n|t:|1701093375\n|switch|p2a: Chansey|Chansey, F|66\/100\n|-damage|p2a: Chansey|54\/100|[from] Spikes\n|move|p1a: Skeledirge|Hex|p2a: Chansey\n|-immune|p2a: Chansey\n|\n|upkeep\n|turn|80\n|\n|t:|1701093377\n|switch|p1a: Clodsire|Clodsire, F|91\/100 par\n|move|p2a: Chansey|Soft-Boiled|p2a: Chansey\n|-heal|p2a: Chansey|100\/100\n|\n|upkeep\n|turn|81\n|\n|t:|1701093380\n|move|p2a: Chansey|Seismic Toss|p1a: Clodsire\n|-damage|p1a: Clodsire|70\/100 par\n|move|p1a: Clodsire|Spikes|p2a: Chansey\n|-sidestart|p2: BlazingHero657|Spikes\n|\n|upkeep\n|turn|82\n|\n|t:|1701093384\n|switch|p1a: Gliscor|Gliscor, M|100\/100 tox\n|move|p2a: Chansey|Seismic Toss|p1a: Gliscor\n|-damage|p1a: Gliscor|72\/100 tox\n|\n|-heal|p1a: Gliscor|85\/100 tox|[from] ability: Poison Heal\n|upkeep\n|turn|83\n|\n|t:|1701093387\n|switch|p2a: Corviknight|Corviknight, F|100\/100\n|-ability|p2a: Corviknight|Pressure\n|move|p1a: Gliscor|Knock Off|p2a: Corviknight\n|-damage|p2a: Corviknight|92\/100\n|\n|-heal|p1a: Gliscor|97\/100 tox|[from] ability: Poison Heal\n|upkeep\n|turn|84\n|\n|t:|1701093389\n|switch|p1a: Skeledirge|Skeledirge, F|90\/100\n|move|p2a: Corviknight|Defog|p1a: Skeledirge\n|-unboost|p1a: Skeledirge|evasion|1\n|-sideend|p2: BlazingHero657|Spikes|[from] move: Defog|[of] p2a: Corviknight\n|\n|upkeep\n|turn|85\n|\n|t:|1701093396\n|switch|p2a: Chansey|Chansey, F|100\/100\n|move|p1a: Skeledirge|Torch Song|p2a: Chansey\n|-damage|p2a: Chansey|91\/100\n|-boost|p1a: Skeledirge|spa|1\n|\n|upkeep\n|turn|86\n|\n|t:|1701093399\n|switch|p1a: Gliscor|Gliscor, M|97\/100 tox\n|move|p2a: Chansey|Toxic|p1a: Gliscor\n|-fail|p1a: Gliscor|tox\n|\n|-heal|p1a: Gliscor|100\/100 tox|[from] ability: Poison Heal\n|upkeep\n|turn|87\n|\n|t:|1701093402\n|switch|p2a: Corviknight|Corviknight, F|92\/100\n|-ability|p2a: Corviknight|Pressure\n|move|p1a: Gliscor|Knock Off|p2a: Corviknight\n|-damage|p2a: Corviknight|83\/100\n|\n|upkeep\n|turn|88\n|\n|t:|1701093413\n|switch|p1a: Cresselia|Cresselia, F|100\/100\n|move|p2a: Corviknight|Iron Defense|p2a: Corviknight\n|-boost|p2a: Corviknight|def|2\n|\n|upkeep\n|turn|89\n|\n|t:|1701093419\n|switch|p1a: Dondozo|Dondozo, F|75\/100\n|switch|p2a: Heatran|Heatran, M|30\/100\n|\n|-heal|p2a: Heatran|37\/100|[from] item: Leftovers\n|upkeep\n|turn|90\n|\n|t:|1701093422\n|switch|p2a: Serperior|Serperior, F, shiny|88\/100\n|move|p1a: Dondozo|Waterfall|p2a: Serperior\n|-resisted|p2a: Serperior\n|-damage|p2a: Serperior|73\/100\n|\n|-heal|p2a: Serperior|79\/100|[from] item: Leftovers\n|upkeep\n|turn|91\n|\n|t:|1701093426\n|switch|p1a: Clodsire|Clodsire, F|70\/100 par\n|move|p2a: Serperior|Substitute|p2a: Serperior\n|-start|p2a: Serperior|Substitute\n|-damage|p2a: Serperior|54\/100\n|\n|-heal|p2a: Serperior|60\/100|[from] item: Leftovers\n|upkeep\n|turn|92\n|\n|t:|1701093430\n|move|p2a: Serperior|Hidden Power|p1a: Clodsire\n|-damage|p1a: Clodsire|63\/100 par\n|move|p1a: Clodsire|Spikes|p2a: Serperior\n|-sidestart|p2: BlazingHero657|Spikes\n|\n|-heal|p2a: Serperior|67\/100|[from] item: Leftovers\n|upkeep\n|turn|93\n|\n|t:|1701093434\n|move|p2a: Serperior|Hidden Power|p1a: Clodsire\n|-damage|p1a: Clodsire|55\/100 par\n|move|p1a: Clodsire|Recover|p1a: Clodsire\n|-heal|p1a: Clodsire|100\/100 par\n|\n|-heal|p2a: Serperior|73\/100|[from] item: Leftovers\n|upkeep\n|turn|94\n|\n|t:|1701093439\n|switch|p1a: Skeledirge|Skeledirge, F|90\/100\n|move|p2a: Serperior|Hidden Power|p1a: Skeledirge\n|-resisted|p1a: Skeledirge\n|-damage|p1a: Skeledirge|83\/100\n|\n|-heal|p2a: Serperior|79\/100|[from] item: Leftovers\n|upkeep\n|turn|95\n|\n|t:|1701093445\n|switch|p2a: Chansey|Chansey, F|91\/100\n|-damage|p2a: Chansey|78\/100|[from] Spikes\n|move|p1a: Skeledirge|Torch Song|p2a: Chansey\n|-crit|p2a: Chansey\n|-damage|p2a: Chansey|64\/100\n|-boost|p1a: Skeledirge|spa|1\n|\n|upkeep\n|turn|96\n|\n|t:|1701093449\n|switch|p1a: Clodsire|Clodsire, F|100\/100 par\n|move|p2a: Chansey|Teleport|p2a: Chansey\n|\n|t:|1701093451\n|switch|p2a: Corviknight|Corviknight, F|83\/100|[from] Teleport\n|-ability|p2a: Corviknight|Pressure\n|\n|upkeep\n|turn|97\n|\n|t:|1701093458\n|move|p2a: Corviknight|Defog|p1a: Clodsire\n|-unboost|p1a: Clodsire|evasion|1\n|-sideend|p2: BlazingHero657|Spikes|[from] move: Defog|[of] p2a: Corviknight\n|move|p1a: Clodsire|Spikes|p2a: Corviknight\n|-sidestart|p2: BlazingHero657|Spikes\n|\n|upkeep\n|turn|98\n|\n|t:|1701093464\n|move|p2a: Corviknight|Defog|p1a: Clodsire\n|-unboost|p1a: Clodsire|evasion|1\n|-sideend|p2: BlazingHero657|Spikes|[from] move: Defog|[of] p2a: Corviknight\n|move|p1a: Clodsire|Spikes|p2a: Corviknight\n|-sidestart|p2: BlazingHero657|Spikes\n|\n|upkeep\n|turn|99\n|\n|t:|1701093467\n|switch|p1a: Skeledirge|Skeledirge, F|83\/100\n|move|p2a: Corviknight|Defog|p1a: Skeledirge\n|-unboost|p1a: Skeledirge|evasion|1\n|-sideend|p2: BlazingHero657|Spikes|[from] move: Defog|[of] p2a: Corviknight\n|\n|upkeep\n|turn|100\n|\n|t:|1701093470\n|switch|p2a: Chansey|Chansey, F|64\/100\n|switch|p1a: Dondozo|Dondozo, F|75\/100\n|\n|upkeep\n|turn|101\n|\n|t:|1701093473\n|switch|p2a: Serperior|Serperior, F, shiny|79\/100\n|switch|p1a: Gliscor|Gliscor, M|100\/100 tox\n|\n|-heal|p2a: Serperior|85\/100|[from] item: Leftovers\n|upkeep\n|turn|102\n|\n|t:|1701093478\n|switch|p2a: Corviknight|Corviknight, F|83\/100\n|-ability|p2a: Corviknight|Pressure\n|move|p1a: Gliscor|Knock Off|p2a: Corviknight\n|-damage|p2a: Corviknight|75\/100\n|\n|upkeep\n|turn|103\n|\n|t:|1701093483\n|switch|p1a: Dondozo|Dondozo, F|75\/100\n|move|p2a: Corviknight|Iron Defense|p2a: Corviknight\n|-boost|p2a: Corviknight|def|2\n|\n|upkeep\n|turn|104\n|\n|t:|1701093486\n|switch|p2a: Serperior|Serperior, F, shiny|85\/100\n|switch|p1a: Skeledirge|Skeledirge, F|83\/100\n|\n|-heal|p2a: Serperior|92\/100|[from] item: Leftovers\n|upkeep\n|turn|105\n|\n|t:|1701093490\n|switch|p2a: Chansey|Chansey, F|64\/100\n|move|p1a: Skeledirge|Torch Song|p2a: Chansey\n|-damage|p2a: Chansey|55\/100\n|-boost|p1a: Skeledirge|spa|1\n|\n|upkeep\n|turn|106\n|\n|t:|1701093493\n|move|p1a: Skeledirge|Torch Song|p2a: Chansey\n|-damage|p2a: Chansey|41\/100\n|-boost|p1a: Skeledirge|spa|1\n|move|p2a: Chansey|Soft-Boiled|p2a: Chansey\n|-heal|p2a: Chansey|91\/100\n|\n|upkeep\n|turn|107\n|\n|t:|1701093497\n|switch|p1a: Gliscor|Gliscor, M|100\/100 tox\n|move|p2a: Chansey|Teleport|p2a: Chansey\n|\n|t:|1701093500\n|switch|p2a: Heatran|Heatran, M|37\/100|[from] Teleport\n|\n|-heal|p2a: Heatran|43\/100|[from] item: Leftovers\n|upkeep\n|turn|108\n|\n|t:|1701093506\n|switch|p2a: Corviknight|Corviknight, F|75\/100\n|-ability|p2a: Corviknight|Pressure\n|move|p1a: Gliscor|Earthquake|p2a: Corviknight\n|-immune|p2a: Corviknight\n|\n|upkeep\n|turn|109\n|\n|t:|1701093513\n|switch|p1a: Skeledirge|Skeledirge, F|83\/100\n|move|p2a: Corviknight|Iron Defense|p2a: Corviknight\n|-boost|p2a: Corviknight|def|2\n|\n|upkeep\n|turn|110\n|\n|t:|1701093519\n|switch|p2a: Chansey|Chansey, F|91\/100\n|switch|p1a: Dondozo|Dondozo, F|75\/100\n|\n|upkeep\n|turn|111\n|\n|t:|1701093524\n|move|p2a: Chansey|Toxic|p1a: Dondozo\n|-status|p1a: Dondozo|tox\n|move|p1a: Dondozo|Curse|p1a: Dondozo\n|-unboost|p1a: Dondozo|spe|1\n|-boost|p1a: Dondozo|atk|1\n|-boost|p1a: Dondozo|def|1\n|\n|-damage|p1a: Dondozo|69\/100 tox|[from] psn\n|upkeep\n|turn|112\n|\n|t:|1701093529\n|switch|p2a: Serperior|Serperior, F, shiny|92\/100\n|switch|p1a: Skeledirge|Skeledirge, F|83\/100\n|\n|-heal|p2a: Serperior|98\/100|[from] item: Leftovers\n|upkeep\n|turn|113\n|\n|t:|1701093534\n|switch|p2a: Chansey|Chansey, F|91\/100\n|switch|p1a: Gliscor|Gliscor, M|100\/100 tox\n|\n|upkeep\n|turn|114\n|\n|t:|1701093538\n|switch|p2a: Corviknight|Corviknight, F|75\/100\n|-ability|p2a: Corviknight|Pressure\n|move|p1a: Gliscor|Knock Off|p2a: Corviknight\n|-damage|p2a: Corviknight|66\/100\n|\n|upkeep\n|turn|115\n|\n|t:|1701093543\n|switch|p1a: Skeledirge|Skeledirge, F|83\/100\n|move|p2a: Corviknight|Body Press|p1a: Skeledirge\n|-immune|p1a: Skeledirge\n|\n|upkeep\n|turn|116\n|\n|t:|1701093547\n|switch|p2a: Chansey|Chansey, F|91\/100\n|switch|p1a: Dondozo|Dondozo, F|69\/100 tox\n|\n|-damage|p1a: Dondozo|63\/100 tox|[from] psn\n|upkeep\n|turn|117\n|\n|t:|1701093551\n|move|p2a: Chansey|Seismic Toss|p1a: Dondozo\n|-damage|p1a: Dondozo|43\/100 tox\n|move|p1a: Dondozo|Rest|p1a: Dondozo\n|-status|p1a: Dondozo|slp|[from] move: Rest\n|-heal|p1a: Dondozo|100\/100 slp|[silent]\n|\n|upkeep\n|turn|118\n|\n|t:|1701093556\n|switch|p1a: Skeledirge|Skeledirge, F|83\/100\n|move|p2a: Chansey|Teleport|p2a: Chansey\n|\n|t:|1701093557\n|switch|p2a: Garchomp|Garchomp-Mega, M|100\/100|[from] Teleport\n|\n|upkeep\n|turn|119\n|\n|t:|1701093562\n|switch|p2a: Chansey|Chansey, F|91\/100\n|-terastallize|p1a: Skeledirge|Fairy\n|move|p1a: Skeledirge|Will-O-Wisp|p2a: Chansey\n|-status|p2a: Chansey|brn\n|\n|-damage|p2a: Chansey|85\/100 brn|[from] brn\n|upkeep\n|turn|120\n|\n|t:|1701093566\n|switch|p1a: Gliscor|Gliscor, M|100\/100 tox\n|move|p2a: Chansey|Teleport|p2a: Chansey\n|\n|t:|1701093568\n|-curestatus|p2a: Chansey|brn|[from] ability: Natural Cure\n|switch|p2a: Heatran|Heatran, M|43\/100|[from] Teleport\n|\n|-heal|p2a: Heatran|49\/100|[from] item: Leftovers\n|upkeep\n|turn|121\n|\n|t:|1701093572\n|switch|p1a: Dondozo|Dondozo, F|100\/100 slp\n|switch|p2a: Corviknight|Corviknight, F|66\/100\n|-ability|p2a: Corviknight|Pressure\n|\n|upkeep\n|turn|122\n|\n|t:|1701093578\n|switch|p2a: Serperior|Serperior, F, shiny|98\/100\n|switch|p1a: Gliscor|Gliscor, M|100\/100 tox\n|\n|-heal|p2a: Serperior|100\/100|[from] item: Leftovers\n|upkeep\n|turn|123\n|\n|t:|1701093582\n|switch|p2a: Corviknight|Corviknight, F|66\/100\n|-ability|p2a: Corviknight|Pressure\n|switch|p1a: Clodsire|Clodsire, F|100\/100 par\n|\n|upkeep\n|turn|124\n|\n|t:|1701093587\n|switch|p1a: Skeledirge|Skeledirge, F, tera:Fairy|83\/100\n|move|p2a: Corviknight|Roost|p2a: Corviknight\n|-heal|p2a: Corviknight|100\/100\n|-singleturn|p2a: Corviknight|move: Roost\n|\n|upkeep\n|turn|125\n|\n|t:|1701093591\n|switch|p2a: Heatran|Heatran, M|49\/100\n|switch|p1a: Gliscor|Gliscor, M|100\/100 tox\n|\n|-heal|p2a: Heatran|55\/100|[from] item: Leftovers\n|upkeep\n|turn|126\n|\n|t:|1701093596\n|switch|p2a: Corviknight|Corviknight, F|100\/100\n|-ability|p2a: Corviknight|Pressure\n|move|p1a: Gliscor|Earthquake|p2a: Corviknight\n|-immune|p2a: Corviknight\n|\n|upkeep\n|turn|127\n|\n|t:|1701093604\n|switch|p1a: Skeledirge|Skeledirge, F, tera:Fairy|83\/100\n|move|p2a: Corviknight|Body Press|p1a: Skeledirge\n|-resisted|p1a: Skeledirge\n|-damage|p1a: Skeledirge|76\/100\n|\n|upkeep\n|turn|128\n|\n|t:|1701093607\n|switch|p2a: Heatran|Heatran, M|55\/100\n|switch|p1a: Dondozo|Dondozo, F|100\/100 slp\n|\n|-heal|p2a: Heatran|61\/100|[from] item: Leftovers\n|upkeep\n|turn|129\n|\n|t:|1701093614\n|move|p2a: Heatran|Stealth Rock|p1a: Dondozo\n|-sidestart|p1: NDSNEZ untruwu|move: Stealth Rock\n|cant|p1a: Dondozo|slp\n|move|p1a: Dondozo|Sleep Talk|p1a: Dondozo\n|move|p1a: Dondozo|Curse|p1a: Dondozo|[from]move: Sleep Talk\n|-unboost|p1a: Dondozo|spe|1\n|-boost|p1a: Dondozo|atk|1\n|-boost|p1a: Dondozo|def|1\n|\n|-heal|p2a: Heatran|68\/100|[from] item: Leftovers\n|upkeep\n|turn|130\n|\n|t:|1701093617\n|move|p2a: Heatran|Taunt|p1a: Dondozo\n|-start|p1a: Dondozo|move: Taunt\n|cant|p1a: Dondozo|slp\n|cant|p1a: Dondozo|move: Taunt|Sleep Talk\n|\n|-heal|p2a: Heatran|74\/100|[from] item: Leftovers\n|upkeep\n|turn|131\n|\n|t:|1701093627\n|switch|p2a: Serperior|Serperior, F, shiny|100\/100\n|-curestatus|p1a: Dondozo|slp|[msg]\n|move|p1a: Dondozo|Waterfall|p2a: Serperior\n|-resisted|p2a: Serperior\n|-damage|p2a: Serperior|76\/100\n|\n|-heal|p2a: Serperior|82\/100|[from] item: Leftovers\n|upkeep\n|turn|132\n|\n|t:|1701093630\n|switch|p1a: Gliscor|Gliscor, M|100\/100 tox\n|-damage|p1a: Gliscor|88\/100 tox|[from] Stealth Rock\n|move|p2a: Serperior|Substitute|p2a: Serperior\n|-start|p2a: Serperior|Substitute\n|-damage|p2a: Serperior|57\/100\n|\n|-heal|p2a: Serperior|63\/100|[from] item: Leftovers\n|-heal|p1a: Gliscor|100\/100 tox|[from] ability: Poison Heal\n|upkeep\n|turn|133\n|\n|t:|1701093635\n|switch|p1a: Clodsire|Clodsire, F|100\/100 par\n|-damage|p1a: Clodsire|94\/100 par|[from] Stealth Rock\n|move|p2a: Serperior|Leaf Storm|p1a: Clodsire\n|-damage|p1a: Clodsire|71\/100 par\n|-boost|p2a: Serperior|spa|2\n|\n|-heal|p2a: Serperior|70\/100|[from] item: Leftovers\n|upkeep\n|turn|134\n|\n|t:|1701093640\n|move|p2a: Serperior|Hidden Power|p1a: Clodsire\n|-damage|p1a: Clodsire|63\/100 par\n|move|p1a: Clodsire|Spikes|p2a: Serperior\n|-sidestart|p2: BlazingHero657|Spikes\n|\n|-heal|p2a: Serperior|76\/100|[from] item: Leftovers\n|upkeep\n|turn|135\n|\n|t:|1701093645\n|move|p2a: Serperior|Leaf Storm|p1a: Clodsire|[miss]\n|-miss|p2a: Serperior|p1a: Clodsire\n|move|p1a: Clodsire|Recover|p1a: Clodsire\n|-heal|p1a: Clodsire|100\/100 par\n|\n|-heal|p2a: Serperior|82\/100|[from] item: Leftovers\n|upkeep\n|turn|136\n|\n|t:|1701093650\n|move|p2a: Serperior|Hidden Power|p1a: Clodsire\n|-damage|p1a: Clodsire|93\/100 par\n|cant|p1a: Clodsire|par\n|\n|-heal|p2a: Serperior|88\/100|[from] item: Leftovers\n|upkeep\n|turn|137\n|\n|t:|1701093655\n|switch|p2a: Corviknight|Corviknight, F|100\/100\n|-ability|p2a: Corviknight|Pressure\n|move|p1a: Clodsire|Spikes|p2a: Corviknight\n|-sidestart|p2: BlazingHero657|Spikes\n|\n|upkeep\n|turn|138\n|\n|t:|1701093663\n|switch|p1a: Skeledirge|Skeledirge, F, tera:Fairy|76\/100\n|-damage|p1a: Skeledirge|64\/100|[from] Stealth Rock\n|move|p2a: Corviknight|Defog|p1a: Skeledirge\n|-unboost|p1a: Skeledirge|evasion|1\n|-sideend|p1: NDSNEZ untruwu|Stealth Rock|[from] move: Defog|[of] p2a: Corviknight\n|-sideend|p2: BlazingHero657|Spikes|[from] move: Defog|[of] p2a: Corviknight\n|\n|upkeep\n|turn|139\n|\n|t:|1701093668\n|switch|p2a: Heatran|Heatran, M|74\/100\n|switch|p1a: Dondozo|Dondozo, F|100\/100\n|\n|-heal|p2a: Heatran|80\/100|[from] item: Leftovers\n|upkeep\n|turn|140\n|\n|t:|1701093674\n|switch|p2a: Serperior|Serperior, F, shiny|88\/100\n|move|p1a: Dondozo|Curse|p1a: Dondozo\n|-unboost|p1a: Dondozo|spe|1\n|-boost|p1a: Dondozo|atk|1\n|-boost|p1a: Dondozo|def|1\n|\n|-heal|p2a: Serperior|95\/100|[from] item: Leftovers\n|upkeep\n|turn|141\n|\n|t:|1701093679\n|switch|p1a: Clodsire|Clodsire, F|93\/100 par\n|move|p2a: Serperior|Glare|p1a: Clodsire\n|-fail|p1a: Clodsire|par\n|\n|-heal|p2a: Serperior|100\/100|[from] item: Leftovers\n|upkeep\n|turn|142\n|\n|t:|1701093684\n|switch|p2a: Corviknight|Corviknight, F|100\/100\n|-ability|p2a: Corviknight|Pressure\n|switch|p1a: Gliscor|Gliscor, M|100\/100 tox\n|\n|upkeep\n|turn|143\n|\n|t:|1701093693\n|switch|p1a: Skeledirge|Skeledirge, F, tera:Fairy|64\/100\n|move|p2a: Corviknight|Iron Defense|p2a: Corviknight\n|-boost|p2a: Corviknight|def|2\n|\n|upkeep\n|turn|144\n|\n|t:|1701093696\n|switch|p2a: Chansey|Chansey, F|85\/100\n|switch|p1a: Dondozo|Dondozo, F|100\/100\n|\n|upkeep\n|turn|145\n|\n|t:|1701093700\n|switch|p1a: Clodsire|Clodsire, F|93\/100 par\n|move|p2a: Chansey|Toxic|p1a: Clodsire|[miss]\n|-miss|p2a: Chansey|p1a: Clodsire\n|\n|upkeep\n|turn|146\n|\n|t:|1701093703\n|switch|p2a: Corviknight|Corviknight, F|100\/100\n|-ability|p2a: Corviknight|Pressure\n|switch|p1a: Gliscor|Gliscor, M|100\/100 tox\n|\n|upkeep\n|turn|147\n|\n|t:|1701093712\n|switch|p1a: Skeledirge|Skeledirge, F, tera:Fairy|64\/100\n|move|p2a: Corviknight|Iron Defense|p2a: Corviknight\n|-boost|p2a: Corviknight|def|2\n|\n|upkeep\n|turn|148\n|\n|t:|1701093720\n|switch|p2a: Heatran|Heatran, M|80\/100\n|move|p1a: Skeledirge|Slack Off|p1a: Skeledirge\n|-heal|p1a: Skeledirge|100\/100\n|\n|-heal|p2a: Heatran|86\/100|[from] item: Leftovers\n|upkeep\n|turn|149\n|\n|t:|1701093732\n|switch|p1a: Clodsire|Clodsire, F|93\/100 par\n|move|p2a: Heatran|Magma Storm|p1a: Clodsire\n|-damage|p1a: Clodsire|69\/100 par\n|-activate|p1a: Clodsire|move: Magma Storm|[of] p2a: Heatran\n|\n|-heal|p2a: Heatran|92\/100|[from] item: Leftovers\n|-damage|p1a: Clodsire|57\/100 par|[from] move: Magma Storm|[partiallytrapped]\n|upkeep\n|turn|150\n|\n|t:|1701093738\n|switch|p2a: Corviknight|Corviknight, F|100\/100\n|-ability|p2a: Corviknight|Pressure\n|move|p1a: Clodsire|Spikes|p2a: Corviknight\n|-sidestart|p2: BlazingHero657|Spikes\n|\n|-end|p1a: Clodsire|Magma Storm|[partiallytrapped]|[silent]\n|upkeep\n|turn|151\n|\n|t:|1701093742\n|switch|p1a: Skeledirge|Skeledirge, F, tera:Fairy|100\/100\n|move|p2a: Corviknight|Defog|p1a: Skeledirge\n|-unboost|p1a: Skeledirge|evasion|1\n|-sideend|p2: BlazingHero657|Spikes|[from] move: Defog|[of] p2a: Corviknight\n|\n|upkeep\n|turn|152\n|\n|t:|1701093745\n|switch|p2a: Heatran|Heatran, M|92\/100\n|switch|p1a: Gliscor|Gliscor, M|100\/100 tox\n|\n|-heal|p2a: Heatran|99\/100|[from] item: Leftovers\n|upkeep\n|turn|153\n|\n|t:|1701093750\n|switch|p1a: Clodsire|Clodsire, F|57\/100 par\n|switch|p2a: Corviknight|Corviknight, F|100\/100\n|-ability|p2a: Corviknight|Pressure\n|\n|upkeep\n|turn|154\n|\n|t:|1701093756\n|switch|p1a: Gliscor|Gliscor, M|100\/100 tox\n|move|p2a: Corviknight|Body Press|p1a: Gliscor\n|-resisted|p1a: Gliscor\n|-damage|p1a: Gliscor|90\/100 tox\n|\n|-heal|p1a: Gliscor|100\/100 tox|[from] ability: Poison Heal\n|upkeep\n|turn|155\n|\n|t:|1701093760\n|switch|p1a: Skeledirge|Skeledirge, F, tera:Fairy|100\/100\n|move|p2a: Corviknight|Iron Defense|p2a: Corviknight\n|-boost|p2a: Corviknight|def|2\n|\n|upkeep\n|turn|156\n|\n|t:|1701093764\n|switch|p2a: Heatran|Heatran, M|99\/100\n|move|p1a: Skeledirge|Torch Song|p2a: Heatran\n|-start|p2a: Heatran|ability: Flash Fire\n|\n|-heal|p2a: Heatran|100\/100|[from] item: Leftovers\n|upkeep\n|turn|157\n|\n|t:|1701093774\n|switch|p1a: Gliscor|Gliscor, M|100\/100 tox\n|move|p2a: Heatran|Stealth Rock|p1a: Gliscor\n|-sidestart|p1: NDSNEZ untruwu|move: Stealth Rock\n|\n|upkeep\n|turn|158\n|\n|t:|1701093777\n|-end|p2a: Heatran|ability: Flash Fire|[silent]\n|switch|p2a: Corviknight|Corviknight, F|100\/100\n|-ability|p2a: Corviknight|Pressure\n|move|p1a: Gliscor|Defog|p2a: Corviknight\n|-unboost|p2a: Corviknight|evasion|1\n|-sideend|p1: NDSNEZ untruwu|Stealth Rock|[from] move: Defog|[of] p1a: Gliscor\n|\n|upkeep\n|turn|159\n|\n|t:|1701093785\n|switch|p1a: Dondozo|Dondozo, F|100\/100\n|move|p2a: Corviknight|Iron Defense|p2a: Corviknight\n|-boost|p2a: Corviknight|def|2\n|\n|upkeep\n|turn|160\n|\n|t:|1701093791\n|switch|p2a: Serperior|Serperior, F, shiny|100\/100\n|switch|p1a: Gliscor|Gliscor, M|100\/100 tox\n|\n|upkeep\n|turn|161\n|\n|t:|1701093795\n|switch|p1a: Skeledirge|Skeledirge, F, tera:Fairy|100\/100\n|move|p2a: Serperior|Substitute|p2a: Serperior\n|-start|p2a: Serperior|Substitute\n|-damage|p2a: Serperior|76\/100\n|\n|-heal|p2a: Serperior|82\/100|[from] item: Leftovers\n|upkeep\n|turn|162\n|\n|t:|1701093797\n|switch|p1a: Clodsire|Clodsire, F|57\/100 par\n|move|p2a: Serperior|Glare|p1a: Clodsire\n|-fail|p1a: Clodsire|par\n|\n|-heal|p2a: Serperior|88\/100|[from] item: Leftovers\n|upkeep\n|turn|163\n|\n|t:|1701093805\n|switch|p2a: Chansey|Chansey, F|85\/100\n|move|p1a: Clodsire|Spikes|p2a: Chansey\n|-sidestart|p2: BlazingHero657|Spikes\n|\n|upkeep\n|turn|164\n|\n|t:|1701093809\n|switch|p1a: Gliscor|Gliscor, M|100\/100 tox\n|move|p2a: Chansey|Seismic Toss|p1a: Gliscor\n|-damage|p1a: Gliscor|72\/100 tox\n|\n|-heal|p1a: Gliscor|85\/100 tox|[from] ability: Poison Heal\n|upkeep\n|turn|165\n|\n|t:|1701093816\n|switch|p1a: Dondozo|Dondozo, F|100\/100\n|switch|p2a: Corviknight|Corviknight, F|100\/100\n|-ability|p2a: Corviknight|Pressure\n|\n|upkeep\n|turn|166\n|\n|t:|1701093821\n|switch|p1a: Gliscor|Gliscor, M|85\/100 tox\n|move|p2a: Corviknight|Defog|p1a: Gliscor\n|-unboost|p1a: Gliscor|evasion|1\n|-sideend|p2: BlazingHero657|Spikes|[from] move: Defog|[of] p2a: Corviknight\n|\n|-heal|p1a: Gliscor|97\/100 tox|[from] ability: Poison Heal\n|upkeep\n|turn|167\n|\n|t:|1701093828\n|switch|p1a: Skeledirge|Skeledirge, F, tera:Fairy|100\/100\n|move|p2a: Corviknight|Body Press|p1a: Skeledirge\n|-resisted|p1a: Skeledirge\n|-damage|p1a: Skeledirge|93\/100\n|\n|upkeep\n|turn|168\n|\n|t:|1701093832\n|switch|p2a: Heatran|Heatran, M|100\/100\n|switch|p1a: Gliscor|Gliscor, M|97\/100 tox\n|\n|-heal|p1a: Gliscor|100\/100 tox|[from] ability: Poison Heal\n|upkeep\n|turn|169\n|\n|t:|1701093835\n|switch|p2a: Corviknight|Corviknight, F|100\/100\n|-ability|p2a: Corviknight|Pressure\n|move|p1a: Gliscor|Earthquake|p2a: Corviknight\n|-immune|p2a: Corviknight\n|\n|upkeep\n|turn|170\n|\n|t:|1701093842\n|switch|p1a: Skeledirge|Skeledirge, F, tera:Fairy|93\/100\n|switch|p2a: Heatran|Heatran, M|100\/100\n|\n|upkeep\n|turn|171\n|\n|t:|1701093846\n|switch|p1a: Gliscor|Gliscor, M|100\/100 tox\n|move|p2a: Heatran|Stealth Rock|p1a: Gliscor\n|-sidestart|p1: NDSNEZ untruwu|move: Stealth Rock\n|\n|upkeep\n|turn|172\n|\n|t:|1701093861\n|switch|p2a: Corviknight|Corviknight, F|100\/100\n|-ability|p2a: Corviknight|Pressure\n|move|p1a: Gliscor|Defog|p2a: Corviknight\n|-unboost|p2a: Corviknight|evasion|1\n|-sideend|p1: NDSNEZ untruwu|Stealth Rock|[from] move: Defog|[of] p1a: Gliscor\n|\n|upkeep\n|turn|173\n|\n|t:|1701093868\n|switch|p1a: Cresselia|Cresselia, F|100\/100\n|switch|p2a: Garchomp|Garchomp-Mega, M|100\/100\n|\n|upkeep\n|turn|174\n|\n|t:|1701093875\n|switch|p1a: Dondozo|Dondozo, F|100\/100\n|move|p2a: Garchomp|Swords Dance|p2a: Garchomp\n|-boost|p2a: Garchomp|atk|2\n|\n|upkeep\n|turn|175\n|\n|t:|1701093882\n|switch|p2a: Corviknight|Corviknight, F|100\/100\n|-ability|p2a: Corviknight|Pressure\n|move|p1a: Dondozo|Waterfall|p2a: Corviknight\n|-damage|p2a: Corviknight|84\/100\n|\n|upkeep\n|turn|176\n|\n|t:|1701093886\n|switch|p2a: Serperior|Serperior, F, shiny|88\/100\n|switch|p1a: Gliscor|Gliscor, M|100\/100 tox\n|\n|-heal|p2a: Serperior|94\/100|[from] item: Leftovers\n|upkeep\n|turn|177\n|\n|t:|1701093891\n|switch|p2a: Corviknight|Corviknight, F|84\/100\n|-ability|p2a: Corviknight|Pressure\n|switch|p1a: Clodsire|Clodsire, F|57\/100 par\n|\n|upkeep\n|turn|178\n|\n|t:|1701093897\n|switch|p2a: Heatran|Heatran, M|100\/100\n|switch|p1a: Cresselia|Cresselia, F|100\/100\n|\n|upkeep\n|turn|179\n|\n|t:|1701093900\n|switch|p1a: Gliscor|Gliscor, M|100\/100 tox\n|move|p2a: Heatran|Taunt|p1a: Gliscor\n|-start|p1a: Gliscor|move: Taunt\n|\n|upkeep\n|turn|180\n|\n|t:|1701093908\n|switch|p1a: Clodsire|Clodsire, F|57\/100 par\n|switch|p2a: Corviknight|Corviknight, F|84\/100\n|-ability|p2a: Corviknight|Pressure\n|\n|upkeep\n|turn|181\n|\n|t:|1701093915\n|switch|p2a: Chansey|Chansey, F|85\/100\n|switch|p1a: Gliscor|Gliscor, M|100\/100 tox\n|\n|upkeep\n|turn|182\n|\n|t:|1701093924\n|switch|p1a: Skeledirge|Skeledirge, F, tera:Fairy|93\/100\n|switch|p2a: Corviknight|Corviknight, F|84\/100\n|-ability|p2a: Corviknight|Pressure\n|\n|upkeep\n|turn|183\n|\n|t:|1701093931\n|switch|p2a: Heatran|Heatran, M|100\/100\n|switch|p1a: Gliscor|Gliscor, M|100\/100 tox\n|\n|upkeep\n|turn|184\n|\n|t:|1701093936\n|switch|p2a: Corviknight|Corviknight, F|84\/100\n|-ability|p2a: Corviknight|Pressure\n|move|p1a: Gliscor|Earthquake|p2a: Corviknight\n|-immune|p2a: Corviknight\n|\n|upkeep\n|turn|185\n|\n|t:|1701093946\n|switch|p1a: Skeledirge|Skeledirge, F, tera:Fairy|93\/100\n|move|p2a: Corviknight|Defog|p1a: Skeledirge\n|-unboost|p1a: Skeledirge|evasion|1\n|\n|upkeep\n|turn|186\n|\n|t:|1701093955\n|switch|p2a: Heatran|Heatran, M|100\/100\n|switch|p1a: Gliscor|Gliscor, M|100\/100 tox\n|\n|upkeep\n|turn|187\n|\n|t:|1701093967\n|switch|p2a: Corviknight|Corviknight, F|84\/100\n|-ability|p2a: Corviknight|Pressure\n|move|p1a: Gliscor|Earthquake|p2a: Corviknight\n|-immune|p2a: Corviknight\n|\n|upkeep\n|turn|188\n|\n|t:|1701093978\n|switch|p1a: Dondozo|Dondozo, F|100\/100\n|switch|p2a: Garchomp|Garchomp-Mega, M|100\/100\n|\n|upkeep\n|turn|189\n|\n|t:|1701093983\n|switch|p2a: Serperior|Serperior, F, shiny|94\/100\n|move|p1a: Dondozo|Curse|p1a: Dondozo\n|-unboost|p1a: Dondozo|spe|1\n|-boost|p1a: Dondozo|atk|1\n|-boost|p1a: Dondozo|def|1\n|\n|-heal|p2a: Serperior|100\/100|[from] item: Leftovers\n|upkeep\n|turn|190\n|\n|t:|1701093989\n|switch|p1a: Gliscor|Gliscor, M|100\/100 tox\n|move|p2a: Serperior|Glare||[still]\n|-fail|p2a: Serperior\n|\n|upkeep\n|turn|191\n|\n|t:|1701093994\n|switch|p2a: Corviknight|Corviknight, F|84\/100\n|-ability|p2a: Corviknight|Pressure\n|move|p1a: Gliscor|Defog|p2a: Corviknight\n|-unboost|p2a: Corviknight|evasion|1\n|\n|upkeep\n|turn|192\n|\n|t:|1701094000\n|switch|p1a: Skeledirge|Skeledirge, F, tera:Fairy|93\/100\n|move|p2a: Corviknight|Iron Defense|p2a: Corviknight\n|-boost|p2a: Corviknight|def|2\n|\n|upkeep\n|turn|193\n|\n|t:|1701094007\n|switch|p2a: Heatran|Heatran, M|100\/100\n|switch|p1a: Dondozo|Dondozo, F|100\/100\n|\n|upkeep\n|turn|194\n|\n|t:|1701094011\n|switch|p1a: Gliscor|Gliscor, M|100\/100 tox\n|move|p2a: Heatran|Stealth Rock|p1a: Gliscor\n|-sidestart|p1: NDSNEZ untruwu|move: Stealth Rock\n|\n|upkeep\n|turn|195\n|\n|t:|1701094015\n|switch|p2a: Corviknight|Corviknight, F|84\/100\n|-ability|p2a: Corviknight|Pressure\n|move|p1a: Gliscor|Defog|p2a: Corviknight\n|-unboost|p2a: Corviknight|evasion|1\n|-sideend|p1: NDSNEZ untruwu|Stealth Rock|[from] move: Defog|[of] p1a: Gliscor\n|\n|upkeep\n|turn|196\n|\n|t:|1701094024\n|switch|p1a: Cresselia|Cresselia, F|100\/100\n|switch|p2a: Serperior|Serperior, F, shiny|100\/100\n|\n|upkeep\n|turn|197\n|\n|t:|1701094030\n|switch|p1a: Gliscor|Gliscor, M|100\/100 tox\n|move|p2a: Serperior|Glare||[still]\n|-fail|p2a: Serperior\n|\n|upkeep\n|turn|198\n|\n|t:|1701094037\n|switch|p2a: Corviknight|Corviknight, F|84\/100\n|-ability|p2a: Corviknight|Pressure\n|switch|p1a: Cresselia|Cresselia, F|100\/100\n|\n|upkeep\n|turn|199\n|\n|t:|1701094041\n|switch|p1a: Gliscor|Gliscor, M|100\/100 tox\n|switch|p2a: Heatran|Heatran, M|100\/100\n|\n|upkeep\n|turn|200\n|\n|t:|1701094050\n|switch|p1a: Clodsire|Clodsire, F|57\/100 par\n|switch|p2a: Corviknight|Corviknight, F|84\/100\n|-ability|p2a: Corviknight|Pressure\n|\n|upkeep\n|turn|201\n|\n|t:|1701094057\n|switch|p2a: Chansey|Chansey, F|85\/100\n|move|p1a: Clodsire|Recover|p1a: Clodsire\n|-heal|p1a: Clodsire|100\/100 par\n|\n|upkeep\n|turn|202\n|\n|t:|1701094060\n|switch|p1a: Gliscor|Gliscor, M|100\/100 tox\n|move|p2a: Chansey|Teleport|p2a: Chansey\n|\n|t:|1701094062\n|switch|p2a: Garchomp|Garchomp-Mega, M|100\/100|[from] Teleport\n|\n|upkeep\n|turn|203\n|\n|t:|1701094068\n|switch|p2a: Corviknight|Corviknight, F|84\/100\n|-ability|p2a: Corviknight|Pressure\n|switch|p1a: Dondozo|Dondozo, F|100\/100\n|\n|upkeep\n|turn|204\n|\n|t:|1701094075\n|switch|p2a: Serperior|Serperior, F, shiny|100\/100\n|switch|p1a: Gliscor|Gliscor, M|100\/100 tox\n|\n|upkeep\n|turn|205\n|\n|t:|1701094083\n|switch|p2a: Corviknight|Corviknight, F|84\/100\n|-ability|p2a: Corviknight|Pressure\n|switch|p1a: Cresselia|Cresselia, F|100\/100\n|\n|upkeep\n|turn|206\n|\n|t:|1701094086\n|switch|p1a: Gliscor|Gliscor, M|100\/100 tox\n|switch|p2a: Heatran|Heatran, M|100\/100\n|\n|upkeep\n|turn|207\n|\n|t:|1701094089\n|switch|p1a: Cresselia|Cresselia, F|100\/100\n|switch|p2a: Corviknight|Corviknight, F|84\/100\n|-ability|p2a: Corviknight|Pressure\n|\n|upkeep\n|turn|208\n|\n|t:|1701094092\n|switch|p1a: Gliscor|Gliscor, M|100\/100 tox\n|switch|p2a: Heatran|Heatran, M|100\/100\n|\n|upkeep\n|turn|209\n|\n|t:|1701094094\n|switch|p1a: Cresselia|Cresselia, F|100\/100\n|switch|p2a: Corviknight|Corviknight, F|84\/100\n|-ability|p2a: Corviknight|Pressure\n|\n|upkeep\n|turn|210\n|\n|t:|1701094097\n|switch|p1a: Gliscor|Gliscor, M|100\/100 tox\n|switch|p2a: Heatran|Heatran, M|100\/100\n|\n|upkeep\n|turn|211\n|\n|t:|1701094102\n|switch|p2a: Corviknight|Corviknight, F|84\/100\n|-ability|p2a: Corviknight|Pressure\n|move|p1a: Gliscor|Earthquake|p2a: Corviknight\n|-immune|p2a: Corviknight\n|\n|upkeep\n|turn|212\n|\n|t:|1701094109\n|switch|p1a: Cresselia|Cresselia, F|100\/100\n|move|p2a: Corviknight|Iron Defense|p2a: Corviknight\n|-boost|p2a: Corviknight|def|2\n|\n|upkeep\n|turn|213\n|\n|t:|1701094116\n|switch|p1a: Gliscor|Gliscor, M|100\/100 tox\n|switch|p2a: Heatran|Heatran, M|100\/100\n|\n|upkeep\n|turn|214\n|\n|t:|1701094123\n|switch|p1a: Clodsire|Clodsire, F|100\/100 par\n|switch|p2a: Corviknight|Corviknight, F|84\/100\n|-ability|p2a: Corviknight|Pressure\n|\n|upkeep\n|turn|215\n|\n|t:|1701094125\n|switch|p2a: Chansey|Chansey, F|85\/100\n|switch|p1a: Gliscor|Gliscor, M|100\/100 tox\n|\n|upkeep\n|turn|216\n|\n|t:|1701094128\n|switch|p1a: Clodsire|Clodsire, F|100\/100 par\n|switch|p2a: Corviknight|Corviknight, F|84\/100\n|-ability|p2a: Corviknight|Pressure\n|\n|upkeep\n|turn|217\n|\n|t:|1701094131\n|switch|p2a: Chansey|Chansey, F|85\/100\n|switch|p1a: Gliscor|Gliscor, M|100\/100 tox\n|\n|upkeep\n|turn|218\n|\n|t:|1701094137\n|switch|p1a: Clodsire|Clodsire, F|100\/100 par\n|switch|p2a: Corviknight|Corviknight, F|84\/100\n|-ability|p2a: Corviknight|Pressure\n|\n|upkeep\n|turn|219\n|\n|t:|1701094140\n|switch|p2a: Chansey|Chansey, F|85\/100\n|switch|p1a: Gliscor|Gliscor, M|100\/100 tox\n|\n|upkeep\n|turn|220\n|\n|t:|1701094143\n|switch|p1a: Clodsire|Clodsire, F|100\/100 par\n|switch|p2a: Corviknight|Corviknight, F|84\/100\n|-ability|p2a: Corviknight|Pressure\n|\n|upkeep\n|turn|221\n|\n|t:|1701094148\n|switch|p2a: Heatran|Heatran, M|100\/100\n|switch|p1a: Gliscor|Gliscor, M|100\/100 tox\n|\n|upkeep\n|turn|222\n|\n|t:|1701094151\n|switch|p1a: Clodsire|Clodsire, F|100\/100 par\n|switch|p2a: Corviknight|Corviknight, F|84\/100\n|-ability|p2a: Corviknight|Pressure\n|\n|upkeep\n|turn|223\n|\n|t:|1701094154\n|switch|p2a: Heatran|Heatran, M|100\/100\n|switch|p1a: Gliscor|Gliscor, M|100\/100 tox\n|\n|upkeep\n|turn|224\n|\n|t:|1701094158\n|switch|p1a: Clodsire|Clodsire, F|100\/100 par\n|move|p2a: Heatran|Stealth Rock|p1a: Clodsire\n|-sidestart|p1: NDSNEZ untruwu|move: Stealth Rock\n|\n|upkeep\n|turn|225\n|\n|t:|1701094164\n|switch|p1a: Gliscor|Gliscor, M|100\/100 tox\n|-damage|p1a: Gliscor|88\/100 tox|[from] Stealth Rock\n|-terastallize|p2a: Heatran|Grass\n|move|p2a: Heatran|Taunt|p1a: Gliscor\n|-start|p1a: Gliscor|move: Taunt\n|\n|-heal|p1a: Gliscor|100\/100 tox|[from] ability: Poison Heal\n|upkeep\n|turn|226\n|\n|t:|1701094177\n|switch|p1a: Cresselia|Cresselia, F|100\/100\n|-damage|p1a: Cresselia|88\/100|[from] Stealth Rock\n|switch|p2a: Corviknight|Corviknight, F|84\/100\n|-ability|p2a: Corviknight|Pressure\n|\n|upkeep\n|turn|227\n|\n|t:|1701094181\n|switch|p1a: Gliscor|Gliscor, M|100\/100 tox\n|-damage|p1a: Gliscor|88\/100 tox|[from] Stealth Rock\n|switch|p2a: Heatran|Heatran, M, tera:Grass|100\/100\n|\n|-heal|p1a: Gliscor|100\/100 tox|[from] ability: Poison Heal\n|upkeep\n|turn|228\n|\n|t:|1701094187\n|switch|p2a: Corviknight|Corviknight, F|84\/100\n|-ability|p2a: Corviknight|Pressure\n|move|p1a: Gliscor|Defog|p2a: Corviknight\n|-unboost|p2a: Corviknight|evasion|1\n|-sideend|p1: NDSNEZ untruwu|Stealth Rock|[from] move: Defog|[of] p1a: Gliscor\n|\n|upkeep\n|turn|229\n|\n|t:|1701094194\n|switch|p1a: Clodsire|Clodsire, F|100\/100 par\n|move|p2a: Corviknight|Body Press|p1a: Clodsire\n|-resisted|p1a: Clodsire\n|-damage|p1a: Clodsire|86\/100 par\n|\n|upkeep\n|turn|230\n|\n|t:|1701094199\n|switch|p2a: Chansey|Chansey, F|85\/100\n|move|p1a: Clodsire|Toxic|p2a: Chansey\n|-status|p2a: Chansey|tox\n|\n|-damage|p2a: Chansey|79\/100 tox|[from] psn\n|upkeep\n|turn|231\n|\n|t:|1701094202\n|move|p1a: Clodsire|Spikes|p2a: Chansey\n|-sidestart|p2: BlazingHero657|Spikes\n|move|p2a: Chansey|Teleport|p2a: Chansey\n|\n|t:|1701094204\n|-curestatus|p2a: Chansey|tox|[from] ability: Natural Cure\n|switch|p2a: Corviknight|Corviknight, F|84\/100|[from] Teleport\n|-ability|p2a: Corviknight|Pressure\n|\n|upkeep\n|turn|232\n|\n|t:|1701094209\n|switch|p1a: Skeledirge|Skeledirge, F, tera:Fairy|93\/100\n|move|p2a: Corviknight|Defog|p1a: Skeledirge\n|-unboost|p1a: Skeledirge|evasion|1\n|-sideend|p2: BlazingHero657|Spikes|[from] move: Defog|[of] p2a: Corviknight\n|\n|upkeep\n|turn|233\n|\n|t:|1701094213\n|switch|p2a: Chansey|Chansey, F|79\/100\n|switch|p1a: Clodsire|Clodsire, F|86\/100 par\n|\n|upkeep\n|turn|234\n|\n|t:|1701094216\n|switch|p1a: Gliscor|Gliscor, M|100\/100 tox\n|move|p2a: Chansey|Seismic Toss|p1a: Gliscor\n|-damage|p1a: Gliscor|72\/100 tox\n|\n|-heal|p1a: Gliscor|85\/100 tox|[from] ability: Poison Heal\n|upkeep\n|turn|235\n|\n|t:|1701094220\n|switch|p1a: Clodsire|Clodsire, F|86\/100 par\n|switch|p2a: Corviknight|Corviknight, F|84\/100\n|-ability|p2a: Corviknight|Pressure\n|\n|upkeep\n|turn|236\n|\n|t:|1701094224\n|switch|p2a: Chansey|Chansey, F|79\/100\n|switch|p1a: Gliscor|Gliscor, M|85\/100 tox\n|\n|-heal|p1a: Gliscor|97\/100 tox|[from] ability: Poison Heal\n|upkeep\n|turn|237\n|\n|t:|1701094230\n|switch|p1a: Dondozo|Dondozo, F|100\/100\n|switch|p2a: Corviknight|Corviknight, F|84\/100\n|-ability|p2a: Corviknight|Pressure\n|\n|upkeep\n|turn|238\n|\n|t:|1701094233\n|switch|p2a: Serperior|Serperior, F, shiny|100\/100\n|switch|p1a: Gliscor|Gliscor, M|97\/100 tox\n|\n|-heal|p1a: Gliscor|100\/100 tox|[from] ability: Poison Heal\n|upkeep\n|turn|239\n|\n|t:|1701094241\n|switch|p2a: Garchomp|Garchomp-Mega, M|100\/100\n|switch|p1a: Cresselia|Cresselia, F|88\/100\n|\n|upkeep\n|turn|240\n|\n|t:|1701094246\n|switch|p2a: Heatran|Heatran, M, tera:Grass|100\/100\n|move|p1a: Cresselia|Moonblast|p2a: Heatran\n|-damage|p2a: Heatran|89\/100\n|\n|-heal|p2a: Heatran|95\/100|[from] item: Leftovers\n|upkeep\n|turn|241\n|\n|t:|1701094250\n|switch|p1a: Gliscor|Gliscor, M|100\/100 tox\n|move|p2a: Heatran|Stealth Rock|p1a: Gliscor\n|-sidestart|p1: NDSNEZ untruwu|move: Stealth Rock\n|\n|-heal|p2a: Heatran|100\/100|[from] item: Leftovers\n|upkeep\n|turn|242\n|\n|t:|1701094254\n|switch|p2a: Corviknight|Corviknight, F|84\/100\n|-ability|p2a: Corviknight|Pressure\n|move|p1a: Gliscor|Defog|p2a: Corviknight\n|-unboost|p2a: Corviknight|evasion|1\n|-sideend|p1: NDSNEZ untruwu|Stealth Rock|[from] move: Defog|[of] p1a: Gliscor\n|\n|upkeep\n|turn|243\n|\n|t:|1701094263\n|switch|p1a: Skeledirge|Skeledirge, F, tera:Fairy|93\/100\n|move|p2a: Corviknight|Body Press|p1a: Skeledirge\n|-resisted|p1a: Skeledirge\n|-damage|p1a: Skeledirge|84\/100\n|\n|upkeep\n|turn|244\n|c|\u2606NDSNEZ untruwu|Welp I'm struggling soon and I'm at 8 percent\n|c|\u2606NDSNEZ untruwu|Wp bro\n|c|\u2606NDSNEZ untruwu|Gg\n|-message|NDSNEZ untruwu forfeited.\n|\n|win|BlazingHero657\n|raw|NDSNEZ untruwu's rating: 1396 &rarr; <strong>1386<\/strong><br \/>(-10 for losing)\n|raw|BlazingHero657's rating: 1594 &rarr; <strong>1604<\/strong><br \/>(+10 for winning)\n|l|\u2606NDSNEZ untruwu\n|c|\u2606BlazingHero657|Gg\n","uploadtime":1701094297,"views":33,"p1id":"ndsnezuntruwu","p2id":"blazinghero657","formatid":"gen9nationaldex","rating":1386,"private":0,"password":""}