{"id":"gen9nationaldex-1998542589","p1":"2764ou","p2":"Garry97","format":"[Gen 9] National Dex","log":"|html|<div class=\"broadcast-blue\"><strong>[Gen 9] National Dex is currently suspecting Sneasler! For information on how to participate check out the <a href=\"https:\/\/www.smogon.com\/forums\/threads\/sv-national-dex-suspect-8-just-dance.3731534\/\">suspect thread<\/a>.<\/strong><\/div>\n|j|\u26062764ou\n|j|\u2606Garry97\n|t:|1700954283\n|gametype|singles\n|player|p1|2764ou|dawn|1327\n|player|p2|Garry97|eri|1456\n|teamsize|p1|6\n|teamsize|p2|6\n|gen|9\n|tier|[Gen 9] National Dex\n|rated|\n|rule|HP Percentage Mod: HP is shown in percentages\n|rule|Endless Battle Clause: Forcing endless battles is banned\n|rule|OHKO Clause: OHKO moves are banned\n|rule|Evasion Clause: Evasion abilities, items, and moves are banned\n|rule|Evasion Abilities Clause: Evasion abilities are banned\n|rule|Evasion Items Clause: Evasion items are banned\n|rule|Evasion Moves Clause: Evasion moves are banned\n|rule|Species Clause: Limit one of each Pok\u00e9mon\n|rule|Sleep Clause Mod: Limit one foe put to sleep\n|clearpoke\n|poke|p1|Pelipper, F|\n|poke|p1|Medicham, M|\n|poke|p1|Barraskewda, M|\n|poke|p1|Clodsire, M|\n|poke|p1|Ferrothorn, M|\n|poke|p1|Gliscor, M|\n|poke|p2|Lucario, M|\n|poke|p2|Blaziken, M|\n|poke|p2|Aggron, M|\n|poke|p2|Gardevoir, F|\n|poke|p2|Milotic, F|\n|poke|p2|Salamence, M|\n|teampreview\n|\n|t:|1700954300\n|start\n|switch|p1a: Ferrothorn|Ferrothorn, M|100\/100\n|switch|p2a: Elena FDEZ|Gardevoir, F|100\/100\n|-ability|p2a: Elena FDEZ|Iron Barbs|[from] ability: Trace|[of] p1a: Ferrothorn\n|turn|1\n|\n|t:|1700954310\n|move|p1a: Ferrothorn|Protect|p1a: Ferrothorn\n|-singleturn|p1a: Ferrothorn|Protect\n|move|p2a: Elena FDEZ|Mystical Fire|p1a: Ferrothorn\n|-activate|p1a: Ferrothorn|move: Protect\n|\n|upkeep\n|turn|2\n|\n|t:|1700954318\n|switch|p2a: Dracule Mihawk|Salamence, M|100\/100\n|-ability|p2a: Dracule Mihawk|Intimidate|boost\n|-unboost|p1a: Ferrothorn|atk|1\n|switch|p1a: Clodsire|Clodsire, M|100\/100\n|\n|upkeep\n|turn|3\n|\n|t:|1700954328\n|switch|p2a: Reinhardt|Aggron, M|100\/100\n|switch|p1a: Pelipper|Pelipper, F|100\/100\n|-weather|RainDance|[from] ability: Drizzle|[of] p1a: Pelipper\n|\n|-weather|RainDance|[upkeep]\n|upkeep\n|turn|4\n|\n|t:|1700954337\n|detailschange|p2a: Reinhardt|Aggron-Mega, M\n|-mega|p2a: Reinhardt|Aggron|Aggronite\n|move|p1a: Pelipper|Knock Off|p2a: Reinhardt\n|-damage|p2a: Reinhardt|98\/100\n|move|p2a: Reinhardt|Stealth Rock|p1a: Pelipper\n|-sidestart|p1: 2764ou|move: Stealth Rock\n|\n|-weather|RainDance|[upkeep]\n|upkeep\n|turn|5\n|\n|t:|1700954346\n|switch|p2a: Ogopogo|Milotic, F|100\/100\n|move|p1a: Pelipper|U-turn|p2a: Ogopogo\n|-damage|p2a: Ogopogo|91\/100\n|\n|t:|1700954352\n|switch|p1a: Clodsire|Clodsire, M|100\/100|[from] U-turn\n|-damage|p1a: Clodsire|94\/100|[from] Stealth Rock\n|\n|-weather|RainDance|[upkeep]\n|-heal|p2a: Ogopogo|97\/100|[from] item: Leftovers\n|-heal|p1a: Clodsire|100\/100|[from] item: Black Sludge\n|upkeep\n|turn|6\n|\n|t:|1700954362\n|switch|p2a: Reinhardt|Aggron-Mega, M|98\/100\n|move|p1a: Clodsire|Toxic Spikes|p2a: Reinhardt\n|-sidestart|p2: Garry97|move: Toxic Spikes\n|\n|-weather|RainDance|[upkeep]\n|upkeep\n|turn|7\n|\n|t:|1700954370\n|move|p1a: Clodsire|Toxic Spikes|p2a: Reinhardt\n|-sidestart|p2: Garry97|move: Toxic Spikes\n|move|p2a: Reinhardt|Avalanche|p1a: Clodsire\n|-supereffective|p1a: Clodsire\n|-damage|p1a: Clodsire|59\/100\n|\n|-weather|RainDance|[upkeep]\n|-heal|p1a: Clodsire|65\/100|[from] item: Black Sludge\n|upkeep\n|turn|8\n|\n|t:|1700954379\n|switch|p2a: Dracule Mihawk|Salamence, M|100\/100\n|-ability|p2a: Dracule Mihawk|Intimidate|boost\n|-unboost|p1a: Clodsire|atk|1\n|move|p1a: Clodsire|Spikes|p2a: Dracule Mihawk\n|-sidestart|p2: Garry97|Spikes\n|\n|-weather|RainDance|[upkeep]\n|-heal|p1a: Clodsire|71\/100|[from] item: Black Sludge\n|upkeep\n|turn|9\n|\n|t:|1700954389\n|switch|p1a: Gliscor|Gliscor, M|100\/100\n|-damage|p1a: Gliscor|88\/100|[from] Stealth Rock\n|move|p2a: Dracule Mihawk|Defog|p1a: Gliscor\n|-unboost|p1a: Gliscor|evasion|1\n|-sideend|p1: 2764ou|Stealth Rock|[from] move: Defog|[of] p2a: Dracule Mihawk\n|-sideend|p2: Garry97|Spikes|[from] move: Defog|[of] p2a: Dracule Mihawk\n|-sideend|p2: Garry97|Toxic Spikes|[from] move: Defog|[of] p2a: Dracule Mihawk\n|\n|-weather|RainDance|[upkeep]\n|-status|p1a: Gliscor|tox|[from] item: Toxic Orb\n|upkeep\n|turn|10\n|\n|t:|1700954400\n|move|p1a: Gliscor|Swords Dance|p1a: Gliscor\n|-boost|p1a: Gliscor|atk|2\n|move|p2a: Dracule Mihawk|Hydro Pump|p1a: Gliscor\n|-supereffective|p1a: Gliscor\n|-damage|p1a: Gliscor|0 fnt\n|faint|p1a: Gliscor\n|\n|-weather|none\n|upkeep\n|\n|t:|1700954410\n|switch|p1a: Pelipper|Pelipper, F|100\/100\n|-weather|RainDance|[from] ability: Drizzle|[of] p1a: Pelipper\n|turn|11\n|\n|t:|1700954415\n|switch|p2a: Reinhardt|Aggron-Mega, M|98\/100\n|move|p1a: Pelipper|Toxic|p2a: Reinhardt\n|-immune|p2a: Reinhardt\n|\n|-weather|RainDance|[upkeep]\n|upkeep\n|turn|12\n|\n|t:|1700954424\n|move|p1a: Pelipper|U-turn|p2a: Reinhardt\n|-resisted|p2a: Reinhardt\n|-damage|p2a: Reinhardt|96\/100\n|\n|t:|1700954428\n|switch|p1a: Barraskewda|Barraskewda, M|100\/100|[from] U-turn\n|move|p2a: Reinhardt|Stealth Rock|p1a: Barraskewda\n|-sidestart|p1: 2764ou|move: Stealth Rock\n|\n|-weather|RainDance|[upkeep]\n|upkeep\n|turn|13\n|\n|t:|1700954436\n|move|p1a: Barraskewda|Close Combat|p2a: Reinhardt\n|-supereffective|p2a: Reinhardt\n|-damage|p2a: Reinhardt|60\/100\n|-unboost|p1a: Barraskewda|def|1\n|-unboost|p1a: Barraskewda|spd|1\n|move|p2a: Reinhardt|Body Press|p1a: Barraskewda\n|-damage|p1a: Barraskewda|0 fnt\n|faint|p1a: Barraskewda\n|\n|-weather|RainDance|[upkeep]\n|upkeep\n|\n|t:|1700954447\n|switch|p1a: Medicham|Medicham, M|100\/100\n|-damage|p1a: Medicham|94\/100|[from] Stealth Rock\n|turn|14\n|\n|t:|1700954457\n|switch|p2a: Dracule Mihawk|Salamence, M|100\/100\n|-ability|p2a: Dracule Mihawk|Intimidate|boost\n|-unboost|p1a: Medicham|atk|1\n|detailschange|p1a: Medicham|Medicham-Mega, M\n|-mega|p1a: Medicham|Medicham|Medichamite\n|move|p1a: Medicham|Fake Out|p2a: Dracule Mihawk\n|-damage|p2a: Dracule Mihawk|81\/100\n|\n|-weather|RainDance|[upkeep]\n|upkeep\n|turn|15\n|\n|t:|1700954474\n|switch|p2a: Reinhardt|Aggron-Mega, M|60\/100\n|move|p1a: Medicham|Thunder Punch|p2a: Reinhardt\n|-damage|p2a: Reinhardt|49\/100\n|\n|-weather|RainDance|[upkeep]\n|upkeep\n|turn|16\n|\n|t:|1700954482\n|move|p1a: Medicham|Close Combat|p2a: Reinhardt\n|-supereffective|p2a: Reinhardt\n|-damage|p2a: Reinhardt|10\/100\n|-unboost|p1a: Medicham|def|1\n|-unboost|p1a: Medicham|spd|1\n|move|p2a: Reinhardt|Heavy Slam|p1a: Medicham\n|-damage|p1a: Medicham|0 fnt\n|faint|p1a: Medicham\n|\n|-weather|RainDance|[upkeep]\n|upkeep\n|\n|t:|1700954494\n|switch|p1a: Ferrothorn|Ferrothorn, M|100\/100\n|-damage|p1a: Ferrothorn|94\/100|[from] Stealth Rock\n|turn|17\n|\n|t:|1700954498\n|move|p2a: Reinhardt|Body Press|p1a: Ferrothorn\n|-supereffective|p1a: Ferrothorn\n|-damage|p1a: Ferrothorn|38\/100\n|-damage|p2a: Reinhardt|0 fnt|[from] ability: Iron Barbs|[of] p1a: Ferrothorn\n|faint|p2a: Reinhardt\n|move|p1a: Ferrothorn|Thunder Wave|p2: Reinhardt|[notarget]\n|-fail|p1a: Ferrothorn\n|\n|-weather|RainDance|[upkeep]\n|-heal|p1a: Ferrothorn|44\/100|[from] item: Leftovers\n|upkeep\n|-message|2764ou forfeited.\n|\n|win|Garry97\n|raw|2764ou's rating: 1327 &rarr; <strong>1314<\/strong><br \/>(-13 for losing)\n|raw|Garry97's rating: 1456 &rarr; <strong>1469<\/strong><br \/>(+13 for winning)\n|l|\u26062764ou\n","uploadtime":1700954515,"views":11,"p1id":"2764ou","p2id":"garry97","formatid":"gen9nationaldex","rating":1314,"private":0,"password":""}