{"id":"gen9nationaldex-1996696231","p1":"GGwebas","p2":"Jadii_Xii","format":"[Gen 9] National Dex","log":"|html|<div class=\"broadcast-blue\"><strong>[Gen 9] National Dex is currently suspecting Sneasler! For information on how to participate check out the <a href=\"https:\/\/www.smogon.com\/forums\/threads\/sv-national-dex-suspect-8-just-dance.3731534\/\">suspect thread<\/a>.<\/strong><\/div>\n|j|\u2606GGwebas\n|j|\u2606Jadii_Xii\n|t:|1700710935\n|gametype|singles\n|player|p1|GGwebas|preschooler|1380\n|player|p2|Jadii_Xii|aaron|1359\n|teamsize|p1|6\n|teamsize|p2|6\n|gen|9\n|tier|[Gen 9] National Dex\n|rated|\n|rule|HP Percentage Mod: HP is shown in percentages\n|rule|Endless Battle Clause: Forcing endless battles is banned\n|rule|OHKO Clause: OHKO moves are banned\n|rule|Evasion Clause: Evasion abilities, items, and moves are banned\n|rule|Evasion Abilities Clause: Evasion abilities are banned\n|rule|Evasion Items Clause: Evasion items are banned\n|rule|Evasion Moves Clause: Evasion moves are banned\n|rule|Species Clause: Limit one of each Pok\u00e9mon\n|rule|Sleep Clause Mod: Limit one foe put to sleep\n|clearpoke\n|poke|p1|Diancie|\n|poke|p1|Torkoal, M|\n|poke|p1|Venusaur, F|\n|poke|p1|Tapu Fini|\n|poke|p1|Lucario, F|\n|poke|p1|Blacephalon|\n|poke|p2|Urshifu-*, M|\n|poke|p2|Togekiss, F|\n|poke|p2|Porygon-Z|\n|poke|p2|Gengar, F|\n|poke|p2|Garchomp, M|\n|poke|p2|Volcarona, M|\n|teampreview\n|inactive|Battle timer is ON: inactive players will automatically lose when time's up. (requested by Jadii_Xii)\n|\n|t:|1700710938\n|start\n|switch|p1a: Diancie|Diancie, shiny|100\/100\n|switch|p2a: Garchomp|Garchomp, M|100\/100\n|turn|1\n|j| nzthenoob\n|\n|t:|1700710942\n|detailschange|p1a: Diancie|Diancie-Mega, shiny\n|-mega|p1a: Diancie|Diancie|Diancite\n|-terastallize|p2a: Garchomp|Steel\n|move|p1a: Diancie|Moonblast|p2a: Garchomp\n|-resisted|p2a: Garchomp\n|-crit|p2a: Garchomp\n|-damage|p2a: Garchomp|60\/100\n|move|p2a: Garchomp|Earthquake|p1a: Diancie\n|-supereffective|p1a: Diancie\n|-damage|p1a: Diancie|0 fnt\n|faint|p1a: Diancie\n|\n|upkeep\n|j| Bayern72915\n|l| nzthenoob\n|\n|t:|1700710955\n|switch|p1a: Blacephalon|Blacephalon, shiny|100\/100\n|turn|2\n|\n|t:|1700710958\n|switch|p2a: Gengar|Gengar, F|100\/100\n|move|p1a: Blacephalon|Flamethrower|p2a: Gengar\n|-damage|p2a: Gengar|22\/100\n|\n|upkeep\n|turn|3\n|\n|t:|1700710969\n|switch|p1a: Lucario|Lucario, F, shiny|100\/100\n|move|p2a: Gengar|Shadow Ball|p1a: Lucario\n|-damage|p1a: Lucario|42\/100\n|\n|upkeep\n|turn|4\n|\n|t:|1700710973\n|switch|p2a: Volcarona|Volcarona, M|100\/100\n|move|p1a: Lucario|Meteor Mash|p2a: Volcarona\n|-resisted|p2a: Volcarona\n|-damage|p2a: Volcarona|61\/100\n|-damage|p1a: Lucario|32\/100|[from] item: Life Orb\n|\n|upkeep\n|turn|5\n|\n|t:|1700710975\n|move|p2a: Volcarona|Quiver Dance|p2a: Volcarona\n|-boost|p2a: Volcarona|spa|1\n|-boost|p2a: Volcarona|spd|1\n|-boost|p2a: Volcarona|spe|1\n|move|p1a: Lucario|Close Combat|p2a: Volcarona\n|-resisted|p2a: Volcarona\n|-damage|p2a: Volcarona|11\/100\n|-unboost|p1a: Lucario|def|1\n|-unboost|p1a: Lucario|spd|1\n|-damage|p1a: Lucario|22\/100|[from] item: Life Orb\n|\n|upkeep\n|turn|6\n|\n|t:|1700710978\n|switch|p2a: Garchomp|Garchomp, M, tera:Steel|60\/100\n|move|p1a: Lucario|Extreme Speed|p2a: Garchomp\n|-resisted|p2a: Garchomp\n|-damage|p2a: Garchomp|47\/100\n|-damage|p1a: Lucario|9\/100|[from] ability: Rough Skin|[of] p2a: Garchomp\n|-damage|p1a: Lucario|0 fnt|[from] item: Rocky Helmet|[of] p2a: Garchomp\n|faint|p1a: Lucario\n|\n|upkeep\n|\n|t:|1700710985\n|switch|p1a: Blacephalon|Blacephalon, shiny|100\/100\n|turn|7\n|\n|t:|1700710987\n|switch|p2a: Gengar|Gengar, F|22\/100\n|move|p1a: Blacephalon|Flamethrower|p2a: Gengar\n|-damage|p2a: Gengar|0 fnt\n|faint|p2a: Gengar\n|-ability|p1a: Blacephalon|Beast Boost|boost\n|-boost|p1a: Blacephalon|spa|1\n|\n|upkeep\n|\n|t:|1700710990\n|switch|p2a: Togekiss|Togekiss, F, shiny|100\/100\n|turn|8\n|\n|t:|1700710995\n|switch|p1a: Tapu Fini|Tapu Fini, shiny|100\/100\n|-fieldstart|move: Misty Terrain|[from] ability: Misty Surge|[of] p1a: Tapu Fini\n|move|p2a: Togekiss|Yawn|p1a: Tapu Fini\n|-start|p1a: Tapu Fini|move: Yawn|[of] p2a: Togekiss\n|\n|upkeep\n|turn|9\n|\n|t:|1700710998\n|switch|p1a: Blacephalon|Blacephalon, shiny|100\/100\n|move|p2a: Togekiss|Light Screen|p2a: Togekiss\n|-sidestart|p2: Jadii_Xii|move: Light Screen\n|\n|upkeep\n|turn|10\n|\n|t:|1700711003\n|move|p1a: Blacephalon|Shadow Ball|p2a: Togekiss\n|-damage|p2a: Togekiss|83\/100\n|move|p2a: Togekiss|Dazzling Gleam|p1a: Blacephalon\n|-resisted|p1a: Blacephalon\n|-damage|p1a: Blacephalon|74\/100\n|\n|upkeep\n|turn|11\n|\n|t:|1700711010\n|switch|p1a: Torkoal|Torkoal, M, shiny|100\/100\n|-weather|SunnyDay|[from] ability: Drought|[of] p1a: Torkoal\n|switch|p2a: Porygon-Z|Porygon-Z, shiny|100\/100\n|-ability|p2a: Porygon-Z|Download|boost\n|-boost|p2a: Porygon-Z|spa|1\n|\n|-weather|SunnyDay|[upkeep]\n|upkeep\n|turn|12\n|\n|t:|1700711014\n|switch|p2a: Garchomp|Garchomp, M, tera:Steel|47\/100\n|move|p1a: Torkoal|Stealth Rock|p2a: Garchomp\n|-sidestart|p2: Jadii_Xii|move: Stealth Rock\n|\n|-weather|SunnyDay|[upkeep]\n|-fieldend|Misty Terrain\n|upkeep\n|turn|13\n|\n|t:|1700711021\n|move|p2a: Garchomp|Stealth Rock|p1a: Torkoal\n|-sidestart|p1: GGwebas|move: Stealth Rock\n|move|p1a: Torkoal|Overheat|p2a: Garchomp\n|-supereffective|p2a: Garchomp\n|-damage|p2a: Garchomp|0 fnt\n|-unboost|p1a: Torkoal|spa|2\n|faint|p2a: Garchomp\n|\n|-weather|SunnyDay|[upkeep]\n|-sideend|p2: Jadii_Xii|move: Light Screen\n|upkeep\n|\n|t:|1700711028\n|switch|p2a: Porygon-Z|Porygon-Z, shiny|100\/100\n|-damage|p2a: Porygon-Z|88\/100|[from] Stealth Rock\n|-ability|p2a: Porygon-Z|Download|boost\n|-boost|p2a: Porygon-Z|spa|1\n|turn|14\n|\n|t:|1700711032\n|move|p2a: Porygon-Z|Conversion|p2a: Porygon-Z\n|-start|p2a: Porygon-Z|typechange|Ghost\n|move|p1a: Torkoal|Overheat|p2a: Porygon-Z|[miss]\n|-miss|p1a: Torkoal|p2a: Porygon-Z\n|\n|-weather|SunnyDay|[upkeep]\n|upkeep\n|turn|15\n|\n|t:|1700711036\n|move|p2a: Porygon-Z|Shadow Ball|p1a: Torkoal\n|-damage|p1a: Torkoal|25\/100\n|-unboost|p1a: Torkoal|spd|1\n|move|p1a: Torkoal|Overheat|p2a: Porygon-Z\n|-damage|p2a: Porygon-Z|48\/100\n|-unboost|p1a: Torkoal|spa|2\n|\n|-weather|SunnyDay|[upkeep]\n|upkeep\n|turn|16\n|\n|t:|1700711041\n|move|p2a: Porygon-Z|Shadow Ball|p1a: Torkoal\n|-damage|p1a: Torkoal|0 fnt\n|faint|p1a: Torkoal\n|\n|-weather|SunnyDay|[upkeep]\n|upkeep\n|\n|t:|1700711045\n|switch|p1a: Blacephalon|Blacephalon, shiny|74\/100\n|-damage|p1a: Blacephalon|49\/100|[from] Stealth Rock\n|turn|17\n|\n|t:|1700711049\n|switch|p2a: Togekiss|Togekiss, F, shiny|83\/100\n|-damage|p2a: Togekiss|58\/100|[from] Stealth Rock\n|-terastallize|p1a: Blacephalon|Ghost\n|move|p1a: Blacephalon|Shadow Ball|p2a: Togekiss\n|-damage|p2a: Togekiss|7\/100\n|-enditem|p2a: Togekiss|Aguav Berry|[eat]\n|-heal|p2a: Togekiss|40\/100|[from] item: Aguav Berry\n|\n|-weather|SunnyDay|[upkeep]\n|upkeep\n|turn|18\n|\n|t:|1700711053\n|move|p1a: Blacephalon|Shadow Ball|p2a: Togekiss\n|-damage|p2a: Togekiss|0 fnt\n|faint|p2a: Togekiss\n|-ability|p1a: Blacephalon|Beast Boost|boost\n|-boost|p1a: Blacephalon|spa|1\n|\n|-weather|none\n|upkeep\n|\n|t:|1700711056\n|switch|p2a: Porygon-Z|Porygon-Z, shiny|48\/100\n|-damage|p2a: Porygon-Z|36\/100|[from] Stealth Rock\n|-ability|p2a: Porygon-Z|Download|boost\n|-boost|p2a: Porygon-Z|atk|1\n|turn|19\n|\n|t:|1700711060\n|switch|p1a: Tapu Fini|Tapu Fini, shiny|100\/100\n|-damage|p1a: Tapu Fini|88\/100|[from] Stealth Rock\n|-fieldstart|move: Misty Terrain|[from] ability: Misty Surge|[of] p1a: Tapu Fini\n|move|p2a: Porygon-Z|Thunderbolt|p1a: Tapu Fini\n|-supereffective|p1a: Tapu Fini\n|-damage|p1a: Tapu Fini|37\/100\n|\n|-heal|p1a: Tapu Fini|43\/100|[from] item: Leftovers\n|upkeep\n|turn|20\n|\n|t:|1700711064\n|move|p2a: Porygon-Z|Thunderbolt|p1a: Tapu Fini\n|-supereffective|p1a: Tapu Fini\n|-damage|p1a: Tapu Fini|0 fnt\n|faint|p1a: Tapu Fini\n|\n|upkeep\n|\n|t:|1700711067\n|switch|p1a: Venusaur|Venusaur, F, shiny|100\/100\n|turn|21\n|\n|t:|1700711072\n|switch|p2a: Volcarona|Volcarona, M|11\/100\n|move|p1a: Venusaur|Sludge Bomb|p2a: Volcarona\n|-damage|p2a: Volcarona|0 fnt\n|faint|p2a: Volcarona\n|\n|upkeep\n|\n|t:|1700711074\n|switch|p2a: Porygon-Z|Porygon-Z, shiny|36\/100\n|-damage|p2a: Porygon-Z|23\/100|[from] Stealth Rock\n|-ability|p2a: Porygon-Z|Download|boost\n|-boost|p2a: Porygon-Z|atk|1\n|turn|22\n|\n|t:|1700711078\n|-zpower|p2a: Porygon-Z\n|move|p2a: Porygon-Z|Z-Conversion|p2a: Porygon-Z|[anim]Conversion\n|-boost|p2a: Porygon-Z|atk|1|[zeffect]\n|-boost|p2a: Porygon-Z|def|1|[zeffect]\n|-boost|p2a: Porygon-Z|spa|1|[zeffect]\n|-boost|p2a: Porygon-Z|spd|1|[zeffect]\n|-boost|p2a: Porygon-Z|spe|1|[zeffect]\n|-start|p2a: Porygon-Z|typechange|Ghost\n|move|p1a: Venusaur|Sludge Bomb|p2a: Porygon-Z\n|-resisted|p2a: Porygon-Z\n|-damage|p2a: Porygon-Z|2\/100\n|\n|upkeep\n|turn|23\n|\n|t:|1700711082\n|move|p2a: Porygon-Z|Ice Beam|p1a: Venusaur\n|-supereffective|p1a: Venusaur\n|-damage|p1a: Venusaur|0 fnt\n|faint|p1a: Venusaur\n|\n|-fieldend|Misty Terrain\n|upkeep\n|\n|t:|1700711085\n|switch|p1a: Blacephalon|Blacephalon, shiny, tera:Ghost|49\/100\n|-damage|p1a: Blacephalon|37\/100|[from] Stealth Rock\n|turn|24\n|\n|t:|1700711087\n|switch|p2a: Urshifu|Urshifu-Rapid-Strike, M|100\/100\n|-damage|p2a: Urshifu|94\/100|[from] Stealth Rock\n|move|p1a: Blacephalon|Shadow Ball|p2a: Urshifu\n|-damage|p2a: Urshifu|0 fnt\n|faint|p2a: Urshifu\n|-ability|p1a: Blacephalon|Beast Boost|boost\n|-boost|p1a: Blacephalon|spa|1\n|\n|upkeep\n|\n|t:|1700711091\n|switch|p2a: Porygon-Z|Porygon-Z, shiny|2\/100\n|-damage|p2a: Porygon-Z|0 fnt|[from] Stealth Rock\n|faint|p2a: Porygon-Z\n|\n|win|GGwebas\n|raw|GGwebas's rating: 1380 &rarr; <strong>1399<\/strong><br \/>(+19 for winning)\n|raw|Jadii_Xii's rating: 1359 &rarr; <strong>1340<\/strong><br \/>(-19 for losing)\n|c|\u2606Jadii_Xii|gg\n|c|\u2606GGwebas|gg\n|c|\u2606Jadii_Xii|wp\n|l|\u2606GGwebas\n","uploadtime":1700711109,"views":3,"p1id":"ggwebas","p2id":"jadiixii","formatid":"gen9nationaldex","rating":1340,"private":0,"password":""}