{"id":"gen9nationaldex-1987807976","p1":"I am Useless Meta","p2":"cescentmoon","format":"[Gen 9] National Dex","log":"|j|\u2606I am Useless Meta\n|j|\u2606cescentmoon\n|t:|1699638726\n|gametype|singles\n|player|p1|I am Useless Meta|kieran-festival|\n|player|p2|cescentmoon|winona|\n|teamsize|p1|6\n|teamsize|p2|6\n|gen|9\n|tier|[Gen 9] National Dex\n|rule|HP Percentage Mod: HP is shown in percentages\n|rule|Endless Battle Clause: Forcing endless battles is banned\n|rule|OHKO Clause: OHKO moves are banned\n|rule|Evasion Clause: Evasion abilities, items, and moves are banned\n|rule|Evasion Abilities Clause: Evasion abilities are banned\n|rule|Evasion Items Clause: Evasion items are banned\n|rule|Evasion Moves Clause: Evasion moves are banned\n|rule|Species Clause: Limit one of each Pok\u00e9mon\n|rule|Sleep Clause Mod: Limit one foe put to sleep\n|clearpoke\n|poke|p1|Celesteela|\n|poke|p1|Jynx, F|\n|poke|p1|Altaria, M|\n|poke|p1|Crawdaunt, M|\n|poke|p1|Toxtricity-Low-Key, F|\n|poke|p1|Hariyama, M|\n|poke|p2|Slowbro-Galar, M|\n|poke|p2|Shiftry, F|\n|poke|p2|Buzzwole|\n|poke|p2|Floatzel, F|\n|poke|p2|Pawmot, F|\n|poke|p2|Toedscruel, F|\n|teampreview\n|inactive|Battle timer is ON: inactive players will automatically lose when time's up. (requested by I am Useless Meta)\n|c|\u2606I am Useless Meta|glhf\n|c|\u2606cescentmoon|gl\n|inactive|I am Useless Meta has 270 seconds left.\n|c|\u2606cescentmoon|do we have to record this\n|inactive|cescentmoon has 270 seconds left.\n|c|\u2606I am Useless Meta|there's a link to the replay at the end\n|c|\u2606I am Useless Meta|I'll post it so dw\n|c|\u2606cescentmoon|ok\n|inactive|I am Useless Meta has 240 seconds left.\n|\n|t:|1699638804\n|start\n|switch|p1a: Hariyama|Hariyama, M|100\/100\n|switch|p2a: Floatzel|Floatzel, F|100\/100\n|turn|1\n|inactive|I am Useless Meta has 270 seconds left.\n|\n|t:|1699638859\n|switch|p1a: Jynx|Jynx, F|100\/100\n|move|p2a: Floatzel|Waterfall|p1a: Jynx\n|-immune|p1a: Jynx|[from] ability: Dry Skin\n|\n|upkeep\n|turn|2\n|inactive|I am Useless Meta has 240 seconds left.\n|\n|t:|1699638877\n|-terastallize|p1a: Jynx|Fairy\n|move|p2a: Floatzel|Pursuit|p1a: Jynx\n|-resisted|p1a: Jynx\n|-damage|p1a: Jynx|85\/100\n|-damage|p2a: Floatzel|91\/100|[from] item: Life Orb\n|move|p1a: Jynx|Sing|p2a: Floatzel\n|-status|p2a: Floatzel|slp|[from] move: Sing\n|\n|upkeep\n|turn|3\n|inactive|I am Useless Meta has 240 seconds left.\n|\n|t:|1699638895\n|switch|p2a: Slowbro|Slowbro-Galar, M|100\/100\n|switch|p1a: Toxtricity|Toxtricity-Low-Key, F|100\/100\n|\n|upkeep\n|turn|4\n|inactive|I am Useless Meta has 240 seconds left.\n|\n|t:|1699638905\n|move|p1a: Toxtricity|Volt Switch|p2a: Slowbro\n|-damage|p2a: Slowbro|68\/100\n|\n|t:|1699638909\n|switch|p1a: Crawdaunt|Crawdaunt, M|100\/100|[from] Volt Switch\n|move|p2a: Slowbro|Psychic|p1a: Crawdaunt\n|-immune|p1a: Crawdaunt\n|\n|-heal|p2a: Slowbro|75\/100|[from] item: Leftovers\n|upkeep\n|turn|5\n|inactive|I am Useless Meta has 240 seconds left.\n|\n|t:|1699638952\n|switch|p2a: Floatzel|Floatzel, F|91\/100 slp\n|move|p1a: Crawdaunt|Knock Off|p2a: Floatzel\n|-damage|p2a: Floatzel|0 fnt\n|-enditem|p2a: Floatzel|Life Orb|[from] move: Knock Off|[of] p1a: Crawdaunt\n|faint|p2a: Floatzel\n|-damage|p1a: Crawdaunt|91\/100|[from] item: Life Orb\n|\n|upkeep\n|inactive|cescentmoon has 270 seconds left.\n|\n|t:|1699638968\n|switch|p2a: Toedscruel|Toedscruel, F|100\/100\n|turn|6\n|inactive|cescentmoon has 270 seconds left.\n|\n|t:|1699638984\n|switch|p1a: Altaria|Altaria, M|100\/100\n|move|p2a: Toedscruel|Leech Seed|p1a: Altaria\n|-start|p1a: Altaria|move: Leech Seed\n|\n|-damage|p1a: Altaria|88\/100|[from] Leech Seed|[of] p2a: Toedscruel\n|upkeep\n|turn|7\n|inactive|cescentmoon has 270 seconds left.\n|\n|t:|1699639012\n|switch|p2a: Slowbro|Slowbro-Galar, M|100\/100\n|move|p1a: Altaria|Hurricane|p2a: Slowbro\n|-damage|p2a: Slowbro|71\/100\n|\n|-heal|p2a: Slowbro|77\/100|[from] item: Leftovers\n|-damage|p1a: Altaria|76\/100|[from] Leech Seed|[of] p2a: Slowbro\n|-heal|p2a: Slowbro|90\/100|[silent]\n|upkeep\n|turn|8\n|\n|t:|1699639026\n|switch|p1a: Celesteela|Celesteela|100\/100\n|move|p2a: Slowbro|Shell Side Arm|p1a: Celesteela|[anim] Shell Side Arm Special\n|-immune|p1a: Celesteela\n|\n|-heal|p2a: Slowbro|96\/100|[from] item: Leftovers\n|upkeep\n|turn|9\n|\n|t:|1699639034\n|move|p1a: Celesteela|Substitute|p1a: Celesteela\n|-start|p1a: Celesteela|Substitute\n|-damage|p1a: Celesteela|75\/100\n|move|p2a: Slowbro|Fire Blast|p1a: Celesteela\n|-supereffective|p1a: Celesteela\n|-end|p1a: Celesteela|Substitute\n|\n|-heal|p1a: Celesteela|82\/100|[from] item: Leftovers\n|-heal|p2a: Slowbro|100\/100|[from] item: Leftovers\n|upkeep\n|turn|10\n|\n|t:|1699639052\n|move|p1a: Celesteela|Protect|p1a: Celesteela\n|-singleturn|p1a: Celesteela|Protect\n|move|p2a: Slowbro|Fire Blast|p1a: Celesteela\n|-activate|p1a: Celesteela|move: Protect\n|\n|-heal|p1a: Celesteela|88\/100|[from] item: Leftovers\n|upkeep\n|turn|11\n|inactive|cescentmoon has 240 seconds left.\n|\n|t:|1699639077\n|switch|p1a: Crawdaunt|Crawdaunt, M|91\/100\n|move|p2a: Slowbro|Fire Blast|p1a: Crawdaunt\n|-resisted|p1a: Crawdaunt\n|-damage|p1a: Crawdaunt|66\/100\n|\n|upkeep\n|turn|12\n|inactive|cescentmoon has 240 seconds left.\n|\n|t:|1699639097\n|move|p2a: Slowbro|Protect|p2a: Slowbro\n|-singleturn|p2a: Slowbro|Protect\n|move|p1a: Crawdaunt|Knock Off|p2a: Slowbro\n|-activate|p2a: Slowbro|move: Protect\n|\n|upkeep\n|turn|13\n|inactive|cescentmoon has 240 seconds left.\n|\n|t:|1699639117\n|switch|p2a: Shiftry|Shiftry, F|100\/100\n|move|p1a: Crawdaunt|Knock Off|p2a: Shiftry\n|-resisted|p2a: Shiftry\n|-damage|p2a: Shiftry|22\/100\n|-enditem|p2a: Shiftry|Life Orb|[from] move: Knock Off|[of] p1a: Crawdaunt\n|-damage|p1a: Crawdaunt|57\/100|[from] item: Life Orb\n|\n|upkeep\n|turn|14\n|\n|t:|1699639131\n|move|p2a: Shiftry|Fake Out|p1a: Crawdaunt\n|-damage|p1a: Crawdaunt|37\/100\n|cant|p1a: Crawdaunt|flinch\n|\n|upkeep\n|turn|15\n|\n|t:|1699639146\n|move|p1a: Crawdaunt|Aqua Jet|p2a: Shiftry\n|-resisted|p2a: Shiftry\n|-damage|p2a: Shiftry|0 fnt\n|faint|p2a: Shiftry\n|-damage|p1a: Crawdaunt|27\/100|[from] item: Life Orb\n|\n|upkeep\n|\n|t:|1699639159\n|switch|p2a: Toedscruel|Toedscruel, F|100\/100\n|turn|16\n|inactive|I am Useless Meta has 240 seconds left.\n|\n|t:|1699639181\n|switch|p1a: Altaria|Altaria, M|76\/100\n|move|p2a: Toedscruel|Leech Seed|p1a: Altaria\n|-start|p1a: Altaria|move: Leech Seed\n|\n|-damage|p1a: Altaria|63\/100|[from] Leech Seed|[of] p2a: Toedscruel\n|upkeep\n|turn|17\n|inactive|cescentmoon has 210 seconds left.\n|\n|t:|1699639203\n|switch|p1a: Crawdaunt|Crawdaunt, M|27\/100\n|-terastallize|p2a: Toedscruel|Ground\n|move|p2a: Toedscruel|Toxic|p1a: Crawdaunt|[miss]\n|-miss|p2a: Toedscruel|p1a: Crawdaunt\n|\n|upkeep\n|turn|18\n|\n|t:|1699639211\n|move|p1a: Crawdaunt|Aqua Jet|p2a: Toedscruel\n|-supereffective|p2a: Toedscruel\n|-damage|p2a: Toedscruel|12\/100\n|-damage|p1a: Crawdaunt|18\/100|[from] item: Life Orb\n|move|p2a: Toedscruel|Leech Seed|p1a: Crawdaunt\n|-start|p1a: Crawdaunt|move: Leech Seed\n|\n|-heal|p2a: Toedscruel|18\/100|[from] item: Leftovers\n|-damage|p1a: Crawdaunt|5\/100|[from] Leech Seed|[of] p2a: Toedscruel\n|-heal|p2a: Toedscruel|30\/100|[silent]\n|upkeep\n|turn|19\n|inactive|cescentmoon has 210 seconds left.\n|\n|t:|1699639228\n|move|p2a: Toedscruel|Rapid Spin|p1a: Crawdaunt\n|-damage|p1a: Crawdaunt|0 fnt\n|-boost|p2a: Toedscruel|spe|1\n|faint|p1a: Crawdaunt\n|\n|-heal|p2a: Toedscruel|36\/100|[from] item: Leftovers\n|upkeep\n|\n|t:|1699639242\n|switch|p1a: Celesteela|Celesteela|88\/100\n|turn|20\n|\n|t:|1699639256\n|move|p1a: Celesteela|Leech Seed|p2a: Toedscruel\n|-start|p2a: Toedscruel|move: Leech Seed\n|move|p2a: Toedscruel|Leech Seed|p1a: Celesteela\n|-start|p1a: Celesteela|move: Leech Seed\n|\n|-heal|p2a: Toedscruel|42\/100|[from] item: Leftovers\n|-heal|p1a: Celesteela|94\/100|[from] item: Leftovers\n|-damage|p2a: Toedscruel|29\/100|[from] Leech Seed|[of] p1a: Celesteela\n|-heal|p1a: Celesteela|100\/100|[silent]\n|-damage|p1a: Celesteela|88\/100|[from] Leech Seed|[of] p2a: Toedscruel\n|-heal|p2a: Toedscruel|45\/100|[silent]\n|upkeep\n|turn|21\n|\n|t:|1699639272\n|move|p1a: Celesteela|Substitute|p1a: Celesteela\n|-start|p1a: Celesteela|Substitute\n|-damage|p1a: Celesteela|63\/100\n|move|p2a: Toedscruel|Toxic||[still]\n|-fail|p2a: Toedscruel\n|\n|-heal|p2a: Toedscruel|51\/100|[from] item: Leftovers\n|-heal|p1a: Celesteela|69\/100|[from] item: Leftovers\n|-damage|p2a: Toedscruel|39\/100|[from] Leech Seed|[of] p1a: Celesteela\n|-heal|p1a: Celesteela|79\/100|[silent]\n|-damage|p1a: Celesteela|66\/100|[from] Leech Seed|[of] p2a: Toedscruel\n|-heal|p2a: Toedscruel|55\/100|[silent]\n|upkeep\n|turn|22\n|\n|t:|1699639283\n|switch|p2a: Slowbro|Slowbro-Galar, M|100\/100\n|move|p1a: Celesteela|Air Slash|p2a: Slowbro\n|-damage|p2a: Slowbro|77\/100\n|\n|-heal|p1a: Celesteela|73\/100|[from] item: Leftovers\n|-heal|p2a: Slowbro|83\/100|[from] item: Leftovers\n|-damage|p1a: Celesteela|60\/100|[from] Leech Seed|[of] p2a: Slowbro\n|-heal|p2a: Slowbro|97\/100|[silent]\n|upkeep\n|turn|23\n|inactive|cescentmoon has 210 seconds left.\n|\n|t:|1699639302\n|move|p1a: Celesteela|Leech Seed|p2a: Slowbro|[miss]\n|-miss|p1a: Celesteela|p2a: Slowbro\n|move|p2a: Slowbro|Fire Blast|p1a: Celesteela\n|-supereffective|p1a: Celesteela\n|-end|p1a: Celesteela|Substitute\n|\n|-heal|p1a: Celesteela|66\/100|[from] item: Leftovers\n|-heal|p2a: Slowbro|100\/100|[from] item: Leftovers\n|-damage|p1a: Celesteela|54\/100|[from] Leech Seed|[of] p2a: Slowbro\n|upkeep\n|turn|24\n|inactive|I am Useless Meta has 240 seconds left.\n|inactive|cescentmoon has 210 seconds left.\n|\n|t:|1699639327\n|switch|p1a: Altaria|Altaria, M|63\/100\n|move|p2a: Slowbro|Fire Blast|p1a: Altaria\n|-resisted|p1a: Altaria\n|-damage|p1a: Altaria|52\/100\n|\n|upkeep\n|turn|25\n|inactive|cescentmoon has 210 seconds left.\n|\n|t:|1699639344\n|move|p1a: Altaria|Roost|p1a: Altaria\n|-heal|p1a: Altaria|100\/100\n|-singleturn|p1a: Altaria|move: Roost\n|move|p2a: Slowbro|Psychic|p1a: Altaria\n|-damage|p1a: Altaria|71\/100\n|\n|upkeep\n|turn|26\n|inactive|I am Useless Meta has 240 seconds left.\n|\n|t:|1699639363\n|move|p1a: Altaria|Hurricane|p2a: Slowbro\n|-damage|p2a: Slowbro|71\/100\n|move|p2a: Slowbro|Shell Side Arm|p1a: Altaria|[anim] Shell Side Arm Special\n|-damage|p1a: Altaria|44\/100\n|-hint|Special Shell Side Arm\n|\n|-heal|p2a: Slowbro|77\/100|[from] item: Leftovers\n|upkeep\n|turn|27\n|inactive|cescentmoon has 210 seconds left.\n|\n|t:|1699639384\n|move|p1a: Altaria|Roost|p1a: Altaria\n|-heal|p1a: Altaria|94\/100\n|-singleturn|p1a: Altaria|move: Roost\n|move|p2a: Slowbro|Shell Side Arm|p1a: Altaria|[anim] Shell Side Arm Special\n|-damage|p1a: Altaria|65\/100\n|-hint|Special Shell Side Arm\n|\n|-heal|p2a: Slowbro|83\/100|[from] item: Leftovers\n|upkeep\n|turn|28\n|inactive|I am Useless Meta has 240 seconds left.\n|\n|t:|1699639393\n|switch|p1a: Toxtricity|Toxtricity-Low-Key, F|100\/100\n|switch|p2a: Toedscruel|Toedscruel, F, tera:Ground|55\/100\n|\n|-heal|p2a: Toedscruel|61\/100|[from] item: Leftovers\n|upkeep\n|turn|29\n|inactive|I am Useless Meta has 240 seconds left.\n|\n|t:|1699639416\n|switch|p1a: Celesteela|Celesteela|54\/100\n|move|p2a: Toedscruel|Leech Seed|p1a: Celesteela\n|-start|p1a: Celesteela|move: Leech Seed\n|\n|-heal|p2a: Toedscruel|67\/100|[from] item: Leftovers\n|-heal|p1a: Celesteela|60\/100|[from] item: Leftovers\n|-damage|p1a: Celesteela|48\/100|[from] Leech Seed|[of] p2a: Toedscruel\n|-heal|p2a: Toedscruel|83\/100|[silent]\n|upkeep\n|turn|30\n|\n|t:|1699639428\n|switch|p2a: Slowbro|Slowbro-Galar, M|100\/100\n|switch|p1a: Altaria|Altaria, M|65\/100\n|\n|upkeep\n|turn|31\n|\n|t:|1699639445\n|switch|p2a: Toedscruel|Toedscruel, F, tera:Ground|83\/100\n|move|p1a: Altaria|Hurricane|p2a: Toedscruel|[miss]\n|-miss|p1a: Altaria|p2a: Toedscruel\n|\n|-heal|p2a: Toedscruel|89\/100|[from] item: Leftovers\n|upkeep\n|turn|32\n|inactive|I am Useless Meta has 240 seconds left.\n|\n|t:|1699639456\n|move|p1a: Altaria|Hurricane|p2a: Toedscruel\n|-damage|p2a: Toedscruel|64\/100\n|-start|p2a: Toedscruel|confusion\n|-activate|p2a: Toedscruel|confusion\n|move|p2a: Toedscruel|Toxic|p1a: Altaria\n|-status|p1a: Altaria|tox\n|\n|-heal|p2a: Toedscruel|70\/100|[from] item: Leftovers\n|-damage|p1a: Altaria|59\/100 tox|[from] psn\n|upkeep\n|turn|33\n|\n|t:|1699639466\n|switch|p2a: Slowbro|Slowbro-Galar, M|100\/100\n|move|p1a: Altaria|Roost|p1a: Altaria\n|-heal|p1a: Altaria|100\/100 tox\n|-singleturn|p1a: Altaria|move: Roost\n|\n|-damage|p1a: Altaria|88\/100 tox|[from] psn\n|upkeep\n|turn|34\n|\n|t:|1699639477\n|-curestatus|p1a: Altaria|tox|[from] ability: Natural Cure\n|switch|p1a: Celesteela|Celesteela|48\/100\n|move|p2a: Slowbro|Shell Side Arm|p1a: Celesteela|[anim] Shell Side Arm Special\n|-immune|p1a: Celesteela\n|\n|-heal|p1a: Celesteela|54\/100|[from] item: Leftovers\n|upkeep\n|turn|35\n|\n|t:|1699639486\n|move|p1a: Celesteela|Protect|p1a: Celesteela\n|-singleturn|p1a: Celesteela|Protect\n|move|p2a: Slowbro|Fire Blast|p1a: Celesteela\n|-activate|p1a: Celesteela|move: Protect\n|\n|-heal|p1a: Celesteela|60\/100|[from] item: Leftovers\n|upkeep\n|turn|36\n|inactive|cescentmoon has 210 seconds left.\n|\n|t:|1699639506\n|switch|p1a: Altaria|Altaria, M|88\/100\n|move|p2a: Slowbro|Fire Blast|p1a: Altaria\n|-resisted|p1a: Altaria\n|-damage|p1a: Altaria|75\/100\n|\n|upkeep\n|turn|37\n|inactive|I am Useless Meta has 270 seconds left.\n|\n|t:|1699639522\n|move|p2a: Slowbro|Protect|p2a: Slowbro\n|-singleturn|p2a: Slowbro|Protect\n|move|p1a: Altaria|Hurricane|p2a: Slowbro\n|-activate|p2a: Slowbro|move: Protect\n|\n|upkeep\n|turn|38\n|\n|t:|1699639535\n|switch|p2a: Toedscruel|Toedscruel, F, tera:Ground|70\/100\n|move|p1a: Altaria|Hurricane|p2a: Toedscruel\n|-damage|p2a: Toedscruel|44\/100\n|-start|p2a: Toedscruel|confusion\n|\n|-heal|p2a: Toedscruel|50\/100|[from] item: Leftovers\n|upkeep\n|turn|39\n|\n|t:|1699639544\n|switch|p1a: Hariyama|Hariyama, M|100\/100\n|-activate|p2a: Toedscruel|confusion\n|move|p2a: Toedscruel|Leech Seed|p1a: Hariyama\n|-start|p1a: Hariyama|move: Leech Seed\n|\n|-heal|p2a: Toedscruel|56\/100|[from] item: Leftovers\n|-damage|p1a: Hariyama|88\/100|[from] Leech Seed|[of] p2a: Toedscruel\n|-heal|p2a: Toedscruel|74\/100|[silent]\n|-status|p1a: Hariyama|brn|[from] item: Flame Orb\n|upkeep\n|turn|40\n|\n|t:|1699639558\n|switch|p2a: Slowbro|Slowbro-Galar, M|100\/100\n|move|p1a: Hariyama|Knock Off|p2a: Slowbro\n|-supereffective|p2a: Slowbro\n|-damage|p2a: Slowbro|7\/100\n|-enditem|p2a: Slowbro|Leftovers|[from] move: Knock Off|[of] p1a: Hariyama\n|\n|-damage|p1a: Hariyama|76\/100 brn|[from] Leech Seed|[of] p2a: Slowbro\n|-heal|p2a: Slowbro|24\/100|[silent]\n|-damage|p1a: Hariyama|69\/100 brn|[from] brn\n|upkeep\n|turn|41\n|\n|t:|1699639587\n|move|p2a: Slowbro|Protect|p2a: Slowbro\n|-singleturn|p2a: Slowbro|Protect\n|move|p1a: Hariyama|Knock Off|p2a: Slowbro\n|-activate|p2a: Slowbro|move: Protect\n|\n|-damage|p1a: Hariyama|57\/100 brn|[from] Leech Seed|[of] p2a: Slowbro\n|-heal|p2a: Slowbro|41\/100|[silent]\n|-damage|p1a: Hariyama|51\/100 brn|[from] brn\n|upkeep\n|turn|42\n|\n|t:|1699639604\n|move|p1a: Hariyama|Knock Off|p2a: Slowbro\n|-supereffective|p2a: Slowbro\n|-damage|p2a: Slowbro|0 fnt\n|faint|p2a: Slowbro\n|\n|-damage|p1a: Hariyama|44\/100 brn|[from] brn\n|upkeep\n|\n|t:|1699639611\n|switch|p2a: Pawmot|Pawmot, F|100\/100\n|turn|43\n|\n|t:|1699639617\n|move|p2a: Pawmot|Fake Out|p1a: Hariyama\n|-damage|p1a: Hariyama|27\/100 brn\n|cant|p1a: Hariyama|flinch\n|\n|-damage|p1a: Hariyama|15\/100 brn|[from] Leech Seed|[of] p2a: Pawmot\n|-damage|p1a: Hariyama|9\/100 brn|[from] brn\n|upkeep\n|turn|44\n|\n|t:|1699639624\n|move|p2a: Pawmot|Thunder Punch|p1a: Hariyama\n|-damage|p1a: Hariyama|0 fnt\n|faint|p1a: Hariyama\n|\n|upkeep\n|\n|t:|1699639635\n|switch|p1a: Altaria|Altaria, M|75\/100\n|turn|45\n|\n|t:|1699639640\n|detailschange|p1a: Altaria|Altaria-Mega, M\n|-mega|p1a: Altaria|Altaria|Altarianite\n|move|p2a: Pawmot|Revival Blessing|p2a: Pawmot\n|\n|t:|1699639645\n|-heal|p2: Slowbro|50\/100|[from] move: Revival Blessing\n|move|p1a: Altaria|Hyper Voice|p2a: Pawmot\n|-supereffective|p2a: Pawmot\n|-damage|p2a: Pawmot|0 fnt\n|faint|p2a: Pawmot\n|\n|upkeep\n|inactive|cescentmoon has 210 seconds left.\n|\n|t:|1699639661\n|switch|p2a: Slowbro|Slowbro-Galar, M|50\/100\n|turn|46\n|\n|t:|1699639686\n|switch|p1a: Toxtricity|Toxtricity-Low-Key, F|100\/100\n|move|p2a: Slowbro|Fire Blast|p1a: Toxtricity\n|-damage|p1a: Toxtricity|64\/100\n|\n|upkeep\n|turn|47\n|inactive|cescentmoon has 180 seconds left.\n|\n|t:|1699639706\n|move|p1a: Toxtricity|Overdrive|p2a: Slowbro\n|-damage|p2a: Slowbro|4\/100\n|move|p2a: Slowbro|Psychic|p1a: Toxtricity\n|-supereffective|p1a: Toxtricity\n|-damage|p1a: Toxtricity|0 fnt\n|faint|p1a: Toxtricity\n|\n|upkeep\n|inactive|I am Useless Meta has 270 seconds left.\n|\n|t:|1699639729\n|switch|p1a: Jynx|Jynx, F, tera:Fairy|85\/100\n|turn|48\n|\n|t:|1699639733\n|switch|p2a: Toedscruel|Toedscruel, F, tera:Ground|74\/100\n|move|p1a: Jynx|Psychic|p2a: Toedscruel\n|-damage|p2a: Toedscruel|34\/100\n|\n|-heal|p2a: Toedscruel|40\/100|[from] item: Leftovers\n|upkeep\n|turn|49\n|\n|t:|1699639744\n|move|p1a: Jynx|Energy Ball|p2a: Toedscruel\n|-supereffective|p2a: Toedscruel\n|-damage|p2a: Toedscruel|0 fnt\n|faint|p2a: Toedscruel\n|\n|upkeep\n|\n|t:|1699639761\n|switch|p2a: Slowbro|Slowbro-Galar, M|37\/100\n|turn|50\n|\n|t:|1699639767\n|move|p1a: Jynx|Psychic|p2a: Slowbro\n|-damage|p2a: Slowbro|0 fnt\n|faint|p2a: Slowbro\n|\n|upkeep\n|\n|t:|1699639771\n|switch|p2a: Buzzwole|Buzzwole|100\/100\n|turn|51\n|c|\u2606I am Useless Meta|gg\n|\n|t:|1699639782\n|move|p1a: Jynx|Psychic|p2a: Buzzwole\n|-supereffective|p2a: Buzzwole\n|-damage|p2a: Buzzwole|38\/100\n|move|p2a: Buzzwole|Iron Head|p1a: Jynx\n|-supereffective|p1a: Jynx\n|-damage|p1a: Jynx|0 fnt\n|faint|p1a: Jynx\n|-ability|p2a: Buzzwole|Beast Boost|boost\n|-boost|p2a: Buzzwole|atk|1\n|\n|upkeep\n|\n|t:|1699639785\n|switch|p1a: Altaria|Altaria-Mega, M|75\/100\n|turn|52\n|\n|t:|1699639798\n|move|p1a: Altaria|Hyper Voice|p2a: Buzzwole\n|-supereffective|p2a: Buzzwole\n|-damage|p2a: Buzzwole|0 fnt\n|faint|p2a: Buzzwole\n|\n|win|I am Useless Meta\n|c|\u2606cescentmoon|gg\n|c|\u2606I am Useless Meta|wait\n|c|\u2606I am Useless Meta|I think it's bo3\n|c|\u2606cescentmoon|ok\n|c|\u2606cescentmoon|we can do it anytime\n|c|\u2606I am Useless Meta|round 1\n","uploadtime":1699639807,"views":51,"p1id":"iamuselessmeta","p2id":"cescentmoon","formatid":"gen9nationaldex","rating":0,"private":0,"password":""}