{"id":"gen9nationaldex-1998549099","p1":"davidbelolong3","p2":"Garry97","format":"[Gen 9] National Dex","log":"|html|<div class=\"broadcast-blue\"><strong>[Gen 9] National Dex is currently suspecting Sneasler! For information on how to participate check out the <a href=\"https:\/\/www.smogon.com\/forums\/threads\/sv-national-dex-suspect-8-just-dance.3731534\/\">suspect thread<\/a>.<\/strong><\/div>\n|j|\u2606davidbelolong3\n|j|\u2606Garry97\n|t:|1700955054\n|gametype|singles\n|player|p1|davidbelolong3|crasherwake|1381\n|player|p2|Garry97|eri|1492\n|teamsize|p1|6\n|teamsize|p2|6\n|gen|9\n|tier|[Gen 9] National Dex\n|rated|\n|rule|HP Percentage Mod: HP is shown in percentages\n|rule|Endless Battle Clause: Forcing endless battles is banned\n|rule|OHKO Clause: OHKO moves are banned\n|rule|Evasion Clause: Evasion abilities, items, and moves are banned\n|rule|Evasion Abilities Clause: Evasion abilities are banned\n|rule|Evasion Items Clause: Evasion items are banned\n|rule|Evasion Moves Clause: Evasion moves are banned\n|rule|Species Clause: Limit one of each Pok\u00e9mon\n|rule|Sleep Clause Mod: Limit one foe put to sleep\n|clearpoke\n|poke|p1|Torkoal, M|\n|poke|p1|Charizard, F|\n|poke|p1|Venusaur, M|\n|poke|p1|Blaziken, F|\n|poke|p1|Dragonite, F|\n|poke|p1|Heatran, F|\n|poke|p2|Lucario, M|\n|poke|p2|Blaziken, M|\n|poke|p2|Aggron, M|\n|poke|p2|Gardevoir, F|\n|poke|p2|Milotic, F|\n|poke|p2|Salamence, M|\n|teampreview\n|inactive|Battle timer is ON: inactive players will automatically lose when time's up. (requested by davidbelolong3)\n|\n|t:|1700955068\n|start\n|switch|p1a: Torkoal|Torkoal, M|100\/100\n|switch|p2a: Dracule Mihawk|Salamence, M|100\/100\n|-ability|p2a: Dracule Mihawk|Intimidate|boost\n|-unboost|p1a: Torkoal|atk|1\n|-weather|SunnyDay|[from] ability: Drought|[of] p1a: Torkoal\n|turn|1\n|\n|t:|1700955079\n|move|p2a: Dracule Mihawk|Dragon Pulse|p1a: Torkoal\n|-damage|p1a: Torkoal|44\/100\n|move|p1a: Torkoal|Yawn|p2a: Dracule Mihawk\n|-start|p2a: Dracule Mihawk|move: Yawn|[of] p1a: Torkoal\n|\n|-weather|SunnyDay|[upkeep]\n|upkeep\n|turn|2\n|\n|t:|1700955094\n|switch|p2a: Elena FDEZ|Gardevoir, F|100\/100\n|-ability|p2a: Elena FDEZ|Drought|[from] ability: Trace|[of] p1a: Torkoal\n|switch|p1a: Heatran|Heatran, F|100\/100\n|\n|-weather|SunnyDay|[upkeep]\n|upkeep\n|turn|3\n|\n|t:|1700955105\n|switch|p2a: Ogopogo|Milotic, F|100\/100\n|move|p1a: Heatran|Magma Storm|p2a: Ogopogo\n|-resisted|p2a: Ogopogo\n|-damage|p2a: Ogopogo|84\/100\n|-activate|p2a: Ogopogo|move: Magma Storm|[of] p1a: Heatran\n|\n|-weather|SunnyDay|[upkeep]\n|-heal|p2a: Ogopogo|90\/100|[from] item: Leftovers\n|-damage|p2a: Ogopogo|77\/100|[from] move: Magma Storm|[partiallytrapped]\n|upkeep\n|turn|4\n|\n|t:|1700955118\n|switch|p1a: Venusaur|Venusaur, M|100\/100\n|move|p2a: Ogopogo|Surf|p1a: Venusaur\n|-resisted|p1a: Venusaur\n|-damage|p1a: Venusaur|93\/100\n|\n|-weather|SunnyDay|[upkeep]\n|-heal|p2a: Ogopogo|83\/100|[from] item: Leftovers\n|-end|p2a: Ogopogo|Magma Storm|[partiallytrapped]|[silent]\n|upkeep\n|turn|5\n|\n|t:|1700955132\n|-terastallize|p1a: Venusaur|Grass\n|move|p1a: Venusaur|Solar Beam||[still]\n|-prepare|p1a: Venusaur|Solar Beam\n|-anim|p1a: Venusaur|Solar Beam|p2a: Ogopogo\n|-supereffective|p2a: Ogopogo\n|-damage|p2a: Ogopogo|0 fnt\n|faint|p2a: Ogopogo\n|-damage|p1a: Venusaur|83\/100|[from] item: Life Orb\n|\n|-weather|SunnyDay|[upkeep]\n|upkeep\n|inactive|Garry97 has 120 seconds left.\n|\n|t:|1700955159\n|switch|p2a: Elena FDEZ|Gardevoir, F|100\/100\n|-ability|p2a: Elena FDEZ|Chlorophyll|[from] ability: Trace|[of] p1a: Venusaur\n|turn|6\n|\n|t:|1700955166\n|move|p2a: Elena FDEZ|Focus Blast|p1a: Venusaur|[miss]\n|-miss|p2a: Elena FDEZ|p1a: Venusaur\n|move|p1a: Venusaur|Sludge Bomb|p2a: Elena FDEZ\n|-supereffective|p2a: Elena FDEZ\n|-damage|p2a: Elena FDEZ|0 fnt\n|faint|p2a: Elena FDEZ\n|-damage|p1a: Venusaur|73\/100|[from] item: Life Orb\n|\n|-weather|SunnyDay|[upkeep]\n|upkeep\n|inactive|Garry97 has 120 seconds left.\n|\n|t:|1700955181\n|switch|p2a: Dracule Mihawk|Salamence, M|100\/100\n|-ability|p2a: Dracule Mihawk|Intimidate|boost\n|-unboost|p1a: Venusaur|atk|1\n|turn|7\n|\n|t:|1700955191\n|switch|p2a: Reinhardt|Aggron, M|100\/100\n|move|p1a: Venusaur|Sludge Bomb|p2a: Reinhardt\n|-immune|p2a: Reinhardt\n|\n|-weather|SunnyDay|[upkeep]\n|upkeep\n|turn|8\n|\n|t:|1700955201\n|move|p1a: Venusaur|Weather Ball|p2a: Reinhardt\n|-damage|p2a: Reinhardt|12\/100\n|-damage|p1a: Venusaur|63\/100|[from] item: Life Orb\n|move|p2a: Reinhardt|Stealth Rock|p1a: Venusaur\n|-sidestart|p1: davidbelolong3|move: Stealth Rock\n|\n|-weather|none\n|upkeep\n|turn|9\n|\n|t:|1700955212\n|move|p1a: Venusaur|Earth Power|p2a: Reinhardt\n|-supereffective|p2a: Reinhardt\n|-damage|p2a: Reinhardt|0 fnt\n|faint|p2a: Reinhardt\n|-damage|p1a: Venusaur|53\/100|[from] item: Life Orb\n|\n|upkeep\n|inactive|Garry97 has 120 seconds left.\n|\n|t:|1700955225\n|switch|p2a: Pollo Hermano|Blaziken, M|100\/100\n|turn|10\n|\n|t:|1700955253\n|switch|p1a: Heatran|Heatran, F|100\/100\n|-damage|p1a: Heatran|88\/100|[from] Stealth Rock\n|move|p2a: Pollo Hermano|Protect||[still]\n|-fail|p2a: Pollo Hermano\n|\n|-heal|p1a: Heatran|94\/100|[from] item: Leftovers\n|-ability|p2a: Pollo Hermano|Speed Boost|boost\n|-boost|p2a: Pollo Hermano|spe|1\n|upkeep\n|turn|11\n|\n|t:|1700955263\n|move|p2a: Pollo Hermano|Close Combat|p1a: Heatran\n|-supereffective|p1a: Heatran\n|-damage|p1a: Heatran|0 fnt\n|-unboost|p2a: Pollo Hermano|def|1\n|-unboost|p2a: Pollo Hermano|spd|1\n|faint|p1a: Heatran\n|-damage|p2a: Pollo Hermano|91\/100|[from] item: Life Orb\n|\n|-ability|p2a: Pollo Hermano|Speed Boost|boost\n|-boost|p2a: Pollo Hermano|spe|1\n|upkeep\n|inactive|davidbelolong3 has 120 seconds left.\n|\n|t:|1700955276\n|switch|p1a: Blaziken|Blaziken, F|100\/100\n|-damage|p1a: Blaziken|88\/100|[from] Stealth Rock\n|turn|12\n|\n|t:|1700955280\n|move|p2a: Pollo Hermano|Close Combat|p1a: Blaziken\n|-damage|p1a: Blaziken|0 fnt\n|-unboost|p2a: Pollo Hermano|def|1\n|-unboost|p2a: Pollo Hermano|spd|1\n|faint|p1a: Blaziken\n|-damage|p2a: Pollo Hermano|81\/100|[from] item: Life Orb\n|\n|-ability|p2a: Pollo Hermano|Speed Boost|boost\n|-boost|p2a: Pollo Hermano|spe|1\n|upkeep\n|\n|t:|1700955290\n|switch|p1a: Dragonite|Dragonite, F|100\/100\n|turn|13\n|\n|t:|1700955300\n|switch|p2a: Dracule Mihawk|Salamence, M|100\/100\n|-ability|p2a: Dracule Mihawk|Intimidate|boost\n|-unboost|p1a: Dragonite|atk|1\n|move|p1a: Dragonite|Dragon Dance|p1a: Dragonite\n|-boost|p1a: Dragonite|atk|1\n|-boost|p1a: Dragonite|spe|1\n|\n|upkeep\n|turn|14\n|\n|t:|1700955311\n|-terastallize|p2a: Dracule Mihawk|Steel\n|move|p1a: Dragonite|Ice Spinner|p2a: Dracule Mihawk\n|-resisted|p2a: Dracule Mihawk\n|-damage|p2a: Dracule Mihawk|82\/100\n|move|p2a: Dracule Mihawk|Dragon Pulse|p1a: Dragonite\n|-supereffective|p1a: Dragonite\n|-damage|p1a: Dragonite|56\/100\n|\n|upkeep\n|turn|15\n|\n|t:|1700955321\n|move|p1a: Dragonite|Earthquake|p2a: Dracule Mihawk\n|-supereffective|p2a: Dracule Mihawk\n|-damage|p2a: Dracule Mihawk|0 fnt\n|faint|p2a: Dracule Mihawk\n|\n|upkeep\n|\n|t:|1700955329\n|switch|p2a: Lord Beerus|Lucario, M|100\/100\n|turn|16\n|\n|t:|1700955333\n|move|p2a: Lord Beerus|Extreme Speed|p1a: Dragonite\n|-damage|p1a: Dragonite|20\/100\n|move|p1a: Dragonite|Earthquake|p2a: Lord Beerus\n|-supereffective|p2a: Lord Beerus\n|-damage|p2a: Lord Beerus|0 fnt\n|faint|p2a: Lord Beerus\n|\n|upkeep\n|\n|t:|1700955342\n|switch|p2a: Pollo Hermano|Blaziken, M|81\/100\n|turn|17\n|\n|t:|1700955349\n|move|p2a: Pollo Hermano|Protect|p2a: Pollo Hermano\n|-singleturn|p2a: Pollo Hermano|Protect\n|move|p1a: Dragonite|Earthquake|p2a: Pollo Hermano\n|-activate|p2a: Pollo Hermano|move: Protect\n|\n|-ability|p2a: Pollo Hermano|Speed Boost|boost\n|-boost|p2a: Pollo Hermano|spe|1\n|upkeep\n|turn|18\n|\n|t:|1700955360\n|move|p1a: Dragonite|Extreme Speed|p2a: Pollo Hermano\n|-damage|p2a: Pollo Hermano|36\/100\n|move|p2a: Pollo Hermano|Close Combat|p1a: Dragonite\n|-resisted|p1a: Dragonite\n|-damage|p1a: Dragonite|0 fnt\n|-unboost|p2a: Pollo Hermano|def|1\n|-unboost|p2a: Pollo Hermano|spd|1\n|faint|p1a: Dragonite\n|-damage|p2a: Pollo Hermano|26\/100|[from] item: Life Orb\n|\n|-ability|p2a: Pollo Hermano|Speed Boost|boost\n|-boost|p2a: Pollo Hermano|spe|1\n|upkeep\n|\n|t:|1700955373\n|switch|p1a: Charizard|Charizard, F|100\/100\n|-damage|p1a: Charizard|51\/100|[from] Stealth Rock\n|turn|19\n|\n|t:|1700955379\n|detailschange|p1a: Charizard|Charizard-Mega-Y, F\n|-mega|p1a: Charizard|Charizard|Charizardite Y\n|-weather|SunnyDay|[from] ability: Drought|[of] p1a: Charizard\n|move|p2a: Pollo Hermano|Stone Edge|p1a: Charizard\n|-supereffective|p1a: Charizard\n|-crit|p1a: Charizard\n|-damage|p1a: Charizard|0 fnt\n|faint|p1a: Charizard\n|-damage|p2a: Pollo Hermano|16\/100|[from] item: Life Orb\n|\n|-weather|SunnyDay|[upkeep]\n|-ability|p2a: Pollo Hermano|Speed Boost|boost\n|-boost|p2a: Pollo Hermano|spe|1\n|upkeep\n|\n|t:|1700955392\n|switch|p1a: Torkoal|Torkoal, M|44\/100\n|-damage|p1a: Torkoal|19\/100|[from] Stealth Rock\n|turn|20\n|\n|t:|1700955397\n|move|p2a: Pollo Hermano|Close Combat|p1a: Torkoal\n|-damage|p1a: Torkoal|0 fnt\n|-unboost|p2a: Pollo Hermano|def|1\n|-unboost|p2a: Pollo Hermano|spd|1\n|faint|p1a: Torkoal\n|-damage|p2a: Pollo Hermano|6\/100|[from] item: Life Orb\n|\n|-weather|SunnyDay|[upkeep]\n|-ability|p2a: Pollo Hermano|Speed Boost|boost\n|-boost|p2a: Pollo Hermano|spe|1\n|upkeep\n|\n|t:|1700955407\n|switch|p1a: Venusaur|Venusaur, M, tera:Grass|53\/100\n|-damage|p1a: Venusaur|40\/100|[from] Stealth Rock\n|turn|21\n|\n|t:|1700955412\n|move|p2a: Pollo Hermano|Close Combat|p1a: Venusaur\n|-damage|p1a: Venusaur|0 fnt\n|-unboost|p2a: Pollo Hermano|def|1\n|-unboost|p2a: Pollo Hermano|spd|1\n|faint|p1a: Venusaur\n|-damage|p2a: Pollo Hermano|0 fnt|[from] item: Life Orb\n|faint|p2a: Pollo Hermano\n|\n|win|Garry97\n|raw|davidbelolong3's rating: 1381 &rarr; <strong>1367<\/strong><br \/>(-14 for losing)\n|raw|Garry97's rating: 1492 &rarr; <strong>1506<\/strong><br \/>(+14 for winning)\n|c|\u2606Garry97|gg\n","uploadtime":1700955428,"views":9,"p1id":"davidbelolong3","p2id":"garry97","formatid":"gen9nationaldex","rating":1367,"private":0,"password":""}