{"id":"gen9nationaldex-1999199802","p1":"01Hdeside","p2":"k00dinha","format":"[Gen 9] National Dex","log":"|html|<div class=\"broadcast-blue\"><strong>[Gen 9] National Dex is currently suspecting Sneasler! For information on how to participate check out the <a href=\"https:\/\/www.smogon.com\/forums\/threads\/sv-national-dex-suspect-8-just-dance.3731534\/\">suspect thread<\/a>.<\/strong><\/div>\n|j|\u260601Hdeside\n|j|\u2606k00dinha\n|t:|1701044544\n|gametype|singles\n|player|p1|01Hdeside|fisherman-gen4|1164\n|player|p2|k00dinha|akari|1124\n|teamsize|p1|6\n|teamsize|p2|6\n|gen|9\n|tier|[Gen 9] National Dex\n|rated|\n|rule|HP Percentage Mod: HP is shown in percentages\n|rule|Endless Battle Clause: Forcing endless battles is banned\n|rule|OHKO Clause: OHKO moves are banned\n|rule|Evasion Clause: Evasion abilities, items, and moves are banned\n|rule|Evasion Abilities Clause: Evasion abilities are banned\n|rule|Evasion Items Clause: Evasion items are banned\n|rule|Evasion Moves Clause: Evasion moves are banned\n|rule|Species Clause: Limit one of each Pok\u00e9mon\n|rule|Sleep Clause Mod: Limit one foe put to sleep\n|clearpoke\n|poke|p1|Pelipper, F|\n|poke|p1|Goodra-Hisui, F|\n|poke|p1|Volcarona, F|\n|poke|p1|Tsareena, F|\n|poke|p1|Toxapex, F|\n|poke|p1|Golisopod, F|\n|poke|p2|Torkoal, F|\n|poke|p2|Venusaur, M|\n|poke|p2|Charizard, M|\n|poke|p2|Darmanitan, F|\n|poke|p2|Tornadus-Therian, M|\n|poke|p2|Ribombee, M|\n|teampreview\n|inactive|Battle timer is ON: inactive players will automatically lose when time's up. (requested by k00dinha)\n|\n|t:|1701044549\n|start\n|switch|p1a: Toxapex|Toxapex, F, shiny|100\/100\n|switch|p2a: Grudento|Ribombee, M|100\/100\n|turn|1\n|\n|t:|1701044560\n|move|p2a: Grudento|Sticky Web|p1a: Toxapex\n|-sidestart|p1: 01Hdeside|move: Sticky Web\n|move|p1a: Toxapex|Toxic Spikes|p2a: Grudento\n|-sidestart|p2: k00dinha|move: Toxic Spikes\n|\n|upkeep\n|turn|2\n|\n|t:|1701044569\n|move|p2a: Grudento|Quiver Dance|p2a: Grudento\n|-boost|p2a: Grudento|spa|1\n|-boost|p2a: Grudento|spd|1\n|-boost|p2a: Grudento|spe|1\n|move|p1a: Toxapex|Toxic Spikes|p2a: Grudento\n|-sidestart|p2: k00dinha|move: Toxic Spikes\n|\n|upkeep\n|turn|3\n|\n|t:|1701044589\n|switch|p1a: Goodra|Goodra-Hisui, F, shiny|100\/100\n|-activate|p1a: Goodra|move: Sticky Web\n|-unboost|p1a: Goodra|spe|1\n|move|p2a: Grudento|Quiver Dance|p2a: Grudento\n|-boost|p2a: Grudento|spa|1\n|-boost|p2a: Grudento|spd|1\n|-boost|p2a: Grudento|spe|1\n|\n|upkeep\n|turn|4\n|\n|t:|1701044602\n|move|p2a: Grudento|Quiver Dance|p2a: Grudento\n|-boost|p2a: Grudento|spa|1\n|-boost|p2a: Grudento|spd|1\n|-boost|p2a: Grudento|spe|1\n|move|p1a: Goodra|Heavy Slam|p2a: Grudento\n|-supereffective|p2a: Grudento\n|-enditem|p2a: Grudento|Focus Sash\n|-damage|p2a: Grudento|1\/100\n|\n|upkeep\n|turn|5\n|\n|t:|1701044614\n|move|p2a: Grudento|Moonblast|p1a: Goodra\n|-damage|p1a: Goodra|43\/100\n|move|p1a: Goodra|Heavy Slam|p2a: Grudento\n|-supereffective|p2a: Grudento\n|-damage|p2a: Grudento|0 fnt\n|faint|p2a: Grudento\n|\n|-heal|p1a: Goodra|50\/100|[from] item: Leftovers\n|upkeep\n|\n|t:|1701044624\n|switch|p2a: Noiada|Torkoal, F|100\/100\n|-status|p2a: Noiada|tox\n|-weather|SunnyDay|[from] ability: Drought|[of] p2a: Noiada\n|turn|6\n|\n|t:|1701044638\n|switch|p1a: Pelipper|Pelipper, F, shiny|100\/100\n|-weather|RainDance|[from] ability: Drizzle|[of] p1a: Pelipper\n|move|p2a: Noiada|Rapid Spin|p1a: Pelipper\n|-damage|p1a: Pelipper|90\/100\n|-boost|p2a: Noiada|spe|1\n|-sideend|p2: k00dinha|Toxic Spikes|[from] move: Rapid Spin|[of] p2a: Noiada\n|\n|-weather|RainDance|[upkeep]\n|-damage|p2a: Noiada|94\/100 tox|[from] psn\n|upkeep\n|turn|7\n|\n|t:|1701044649\n|move|p1a: Pelipper|Ice Beam|p2a: Noiada\n|-resisted|p2a: Noiada\n|-damage|p2a: Noiada|68\/100 tox\n|move|p2a: Noiada|Stealth Rock|p1a: Pelipper\n|-sidestart|p1: 01Hdeside|move: Stealth Rock\n|\n|-weather|RainDance|[upkeep]\n|-damage|p2a: Noiada|56\/100 tox|[from] psn\n|upkeep\n|turn|8\n|\n|t:|1701044667\n|switch|p1a: Tsareena|Tsareena, F, shiny|100\/100\n|-activate|p1a: Tsareena|move: Sticky Web\n|-unboost|p1a: Tsareena|spe|1\n|-damage|p1a: Tsareena|88\/100|[from] Stealth Rock\n|switch|p2a: Ancestral|Charizard, M, shiny|100\/100\n|\n|-weather|RainDance|[upkeep]\n|upkeep\n|turn|9\n|\n|t:|1701044677\n|detailschange|p2a: Ancestral|Charizard-Mega-Y, M, shiny\n|-mega|p2a: Ancestral|Charizard|Charizardite Y\n|-weather|SunnyDay|[from] ability: Drought|[of] p2a: Ancestral\n|move|p2a: Ancestral|Flamethrower|p1a: Tsareena\n|-supereffective|p1a: Tsareena\n|-damage|p1a: Tsareena|0 fnt\n|faint|p1a: Tsareena\n|\n|-weather|SunnyDay|[upkeep]\n|upkeep\n|\n|t:|1701044687\n|switch|p1a: Pelipper|Pelipper, F, shiny|90\/100\n|-damage|p1a: Pelipper|65\/100|[from] Stealth Rock\n|-weather|RainDance|[from] ability: Drizzle|[of] p1a: Pelipper\n|turn|10\n|\n|t:|1701044700\n|switch|p1a: Golisopod|Golisopod, F, shiny|100\/100\n|-activate|p1a: Golisopod|move: Sticky Web\n|-unboost|p1a: Golisopod|spe|1\n|-damage|p1a: Golisopod|76\/100|[from] Stealth Rock\n|move|p2a: Ancestral|Ancient Power|p1a: Golisopod\n|-supereffective|p1a: Golisopod\n|-damage|p1a: Golisopod|21\/100\n|-activate|p1a: Golisopod|ability: Emergency Exit\n|\n|t:|1701044719\n|switch|p1a: Toxapex|Toxapex, F, shiny|100\/100\n|-activate|p1a: Toxapex|move: Sticky Web\n|-unboost|p1a: Toxapex|spe|1\n|-damage|p1a: Toxapex|88\/100|[from] Stealth Rock\n|\n|-weather|RainDance|[upkeep]\n|-heal|p1a: Toxapex|94\/100|[from] item: Black Sludge\n|upkeep\n|turn|11\n|\n|t:|1701044731\n|move|p2a: Ancestral|Ancient Power|p1a: Toxapex\n|-damage|p1a: Toxapex|73\/100\n|move|p1a: Toxapex|Scald|p2a: Ancestral\n|-supereffective|p2a: Ancestral\n|-damage|p2a: Ancestral|29\/100\n|\n|-weather|RainDance|[upkeep]\n|-heal|p1a: Toxapex|79\/100|[from] item: Black Sludge\n|upkeep\n|turn|12\n|\n|t:|1701044740\n|switch|p2a: Noiada|Torkoal, F|56\/100 tox\n|-weather|SunnyDay|[from] ability: Drought|[of] p2a: Noiada\n|move|p1a: Toxapex|Scald|p2a: Noiada\n|-supereffective|p2a: Noiada\n|-damage|p2a: Noiada|24\/100 tox\n|\n|-weather|SunnyDay|[upkeep]\n|-heal|p1a: Toxapex|85\/100|[from] item: Black Sludge\n|-damage|p2a: Noiada|18\/100 tox|[from] psn\n|upkeep\n|turn|13\n|\n|t:|1701044753\n|move|p1a: Toxapex|Toxic Spikes|p2a: Noiada\n|-sidestart|p2: k00dinha|move: Toxic Spikes\n|move|p2a: Noiada|Yawn|p1a: Toxapex\n|-start|p1a: Toxapex|move: Yawn|[of] p2a: Noiada\n|\n|-weather|SunnyDay|[upkeep]\n|-heal|p1a: Toxapex|91\/100|[from] item: Black Sludge\n|-damage|p2a: Noiada|6\/100 tox|[from] psn\n|upkeep\n|turn|14\n|\n|t:|1701044767\n|switch|p1a: Pelipper|Pelipper, F, shiny|65\/100\n|-damage|p1a: Pelipper|40\/100|[from] Stealth Rock\n|-weather|RainDance|[from] ability: Drizzle|[of] p1a: Pelipper\n|move|p2a: Noiada|Rapid Spin|p1a: Pelipper\n|-damage|p1a: Pelipper|30\/100\n|-boost|p2a: Noiada|spe|1\n|-sideend|p2: k00dinha|Toxic Spikes|[from] move: Rapid Spin|[of] p2a: Noiada\n|\n|-weather|RainDance|[upkeep]\n|-damage|p2a: Noiada|0 fnt|[from] psn\n|faint|p2a: Noiada\n|upkeep\n|\n|t:|1701044780\n|switch|p2a: Ancestral|Charizard-Mega-Y, M, shiny|29\/100\n|-weather|SunnyDay|[from] ability: Drought|[of] p2a: Ancestral\n|turn|15\n|\n|t:|1701044793\n|switch|p1a: Toxapex|Toxapex, F, shiny|100\/100\n|-activate|p1a: Toxapex|move: Sticky Web\n|-unboost|p1a: Toxapex|spe|1\n|-damage|p1a: Toxapex|88\/100|[from] Stealth Rock\n|move|p2a: Ancestral|Ancient Power|p1a: Toxapex\n|-damage|p1a: Toxapex|69\/100\n|\n|-weather|SunnyDay|[upkeep]\n|-heal|p1a: Toxapex|75\/100|[from] item: Black Sludge\n|upkeep\n|turn|16\n|\n|t:|1701044805\n|move|p2a: Ancestral|Tailwind|p2a: Ancestral\n|-sidestart|p2: k00dinha|move: Tailwind\n|move|p1a: Toxapex|Scald|p2a: Ancestral\n|-supereffective|p2a: Ancestral\n|-damage|p2a: Ancestral|3\/100\n|\n|-weather|SunnyDay|[upkeep]\n|-heal|p1a: Toxapex|81\/100|[from] item: Black Sludge\n|upkeep\n|turn|17\n|\n|t:|1701044819\n|move|p2a: Ancestral|Flamethrower|p1a: Toxapex\n|-resisted|p1a: Toxapex\n|-damage|p1a: Toxapex|48\/100\n|move|p1a: Toxapex|Hex|p2a: Ancestral\n|-damage|p2a: Ancestral|0 fnt\n|faint|p2a: Ancestral\n|\n|-weather|SunnyDay|[upkeep]\n|-heal|p1a: Toxapex|54\/100|[from] item: Black Sludge\n|upkeep\n|\n|t:|1701044828\n|switch|p2a: XD|Darmanitan, F|100\/100\n|turn|18\n|\n|t:|1701044837\n|move|p2a: XD|Earthquake|p1a: Toxapex\n|-supereffective|p1a: Toxapex\n|-damage|p1a: Toxapex|0 fnt\n|faint|p1a: Toxapex\n|\n|-weather|SunnyDay|[upkeep]\n|upkeep\n|\n|t:|1701044847\n|switch|p1a: Volcarona|Volcarona, F, shiny|100\/100\n|turn|19\n|\n|t:|1701044858\n|switch|p2a: Tornado|Tornadus-Therian, M|100\/100\n|move|p1a: Volcarona|Quiver Dance|p1a: Volcarona\n|-boost|p1a: Volcarona|spa|1\n|-boost|p1a: Volcarona|spd|1\n|-boost|p1a: Volcarona|spe|1\n|\n|-weather|none\n|-sideend|p2: k00dinha|move: Tailwind\n|upkeep\n|turn|20\n|\n|t:|1701044869\n|-terastallize|p1a: Volcarona|Fire\n|move|p2a: Tornado|Air Slash|p1a: Volcarona\n|-damage|p1a: Volcarona|81\/100\n|move|p1a: Volcarona|Quiver Dance|p1a: Volcarona\n|-boost|p1a: Volcarona|spa|1\n|-boost|p1a: Volcarona|spd|1\n|-boost|p1a: Volcarona|spe|1\n|\n|upkeep\n|turn|21\n|\n|t:|1701044876\n|move|p1a: Volcarona|Quiver Dance|p1a: Volcarona\n|-boost|p1a: Volcarona|spa|1\n|-boost|p1a: Volcarona|spd|1\n|-boost|p1a: Volcarona|spe|1\n|move|p2a: Tornado|Chilling Water|p1a: Volcarona\n|-supereffective|p1a: Volcarona\n|-damage|p1a: Volcarona|70\/100\n|-unboost|p1a: Volcarona|atk|1\n|\n|upkeep\n|turn|22\n|\n|t:|1701044887\n|move|p1a: Volcarona|Heat Wave|p2a: Tornado\n|-enditem|p2a: Tornado|Focus Sash\n|-damage|p2a: Tornado|1\/100\n|move|p2a: Tornado|Air Slash|p1a: Volcarona\n|-damage|p1a: Volcarona|56\/100\n|\n|upkeep\n|turn|23\n|-message|k00dinha forfeited.\n|\n|win|01Hdeside\n|raw|01Hdeside's rating: 1164 &rarr; <strong>1186<\/strong><br \/>(+22 for winning)\n|raw|k00dinha's rating: 1124 &rarr; <strong>1102<\/strong><br \/>(-22 for losing)\n|l|\u2606k00dinha\n","uploadtime":1701044935,"views":2,"p1id":"01hdeside","p2id":"k00dinha","formatid":"gen9nationaldex","rating":1102,"private":0,"password":""}