{"id":"gen9nationaldex-1997907237","p1":"yohansudario","p2":"Hysuto","format":"[Gen 9] National Dex","log":"|html|<div class=\"broadcast-blue\"><strong>[Gen 9] National Dex is currently suspecting Sneasler! For information on how to participate check out the <a href=\"https:\/\/www.smogon.com\/forums\/threads\/sv-national-dex-suspect-8-just-dance.3731534\/\">suspect thread<\/a>.<\/strong><\/div>\n|j|\u2606yohansudario\n|j|\u2606Hysuto\n|t:|1700866068\n|gametype|singles\n|player|p1|yohansudario|2|1452\n|player|p2|Hysuto|burglar|1523\n|teamsize|p1|6\n|teamsize|p2|6\n|gen|9\n|tier|[Gen 9] National Dex\n|rated|\n|rule|HP Percentage Mod: HP is shown in percentages\n|rule|Endless Battle Clause: Forcing endless battles is banned\n|rule|OHKO Clause: OHKO moves are banned\n|rule|Evasion Clause: Evasion abilities, items, and moves are banned\n|rule|Evasion Abilities Clause: Evasion abilities are banned\n|rule|Evasion Items Clause: Evasion items are banned\n|rule|Evasion Moves Clause: Evasion moves are banned\n|rule|Species Clause: Limit one of each Pok\u00e9mon\n|rule|Sleep Clause Mod: Limit one foe put to sleep\n|clearpoke\n|poke|p1|Kommo-o, M|\n|poke|p1|Samurott-Hisui, M|\n|poke|p1|Sneasler, F|\n|poke|p1|Ogerpon-Wellspring, F|\n|poke|p1|Glimmora, F|\n|poke|p1|Heatran, M|\n|poke|p2|Alomomola, F|\n|poke|p2|Aggron, M|\n|poke|p2|Heatran, M|\n|poke|p2|Rillaboom, M|\n|poke|p2|Sneasler, M|\n|poke|p2|Moltres|\n|teampreview\n|inactive|Battle timer is ON: inactive players will automatically lose when time's up. (requested by yohansudario)\n|inactive|Hysuto also wants the timer to be on.\n|\n|t:|1700866087\n|start\n|switch|p1a: Samurott|Samurott-Hisui, M|100\/100\n|switch|p2a: Rillaboom|Rillaboom, M|100\/100\n|-fieldstart|move: Grassy Terrain|[from] ability: Grassy Surge|[of] p2a: Rillaboom\n|turn|1\n|\n|t:|1700866095\n|move|p1a: Samurott|Ceaseless Edge|p2a: Rillaboom\n|-damage|p2a: Rillaboom|53\/100\n|-sidestart|p2: Hysuto|Spikes\n|move|p2a: Rillaboom|U-turn|p1a: Samurott\n|-supereffective|p1a: Samurott\n|-damage|p1a: Samurott|11\/100\n|\n|t:|1700866108\n|switch|p2a: Sneasler|Sneasler, M, shiny|100\/100|[from] U-turn\n|-damage|p2a: Sneasler|88\/100|[from] Spikes\n|-enditem|p2a: Sneasler|Grassy Seed\n|-boost|p2a: Sneasler|def|1|[from] item: Grassy Seed\n|\n|-heal|p2a: Sneasler|94\/100|[from] Grassy Terrain\n|-heal|p1a: Samurott|18\/100|[from] Grassy Terrain\n|upkeep\n|turn|2\n|\n|t:|1700866115\n|move|p2a: Sneasler|Swords Dance|p2a: Sneasler\n|-boost|p2a: Sneasler|atk|2\n|move|p1a: Samurott|Ceaseless Edge|p2a: Sneasler\n|-resisted|p2a: Sneasler\n|-damage|p2a: Sneasler|69\/100\n|-sidestart|p2: Hysuto|Spikes\n|\n|-heal|p2a: Sneasler|75\/100|[from] Grassy Terrain\n|-heal|p1a: Samurott|24\/100|[from] Grassy Terrain\n|upkeep\n|turn|3\n|\n|t:|1700866124\n|move|p2a: Sneasler|Acrobatics|p1a: Samurott\n|-damage|p1a: Samurott|0 fnt\n|faint|p1a: Samurott\n|\n|-heal|p2a: Sneasler|81\/100|[from] Grassy Terrain\n|upkeep\n|\n|t:|1700866129\n|switch|p1a: Heatran|Heatran, M|100\/100\n|turn|4\n|\n|t:|1700866132\n|-terastallize|p1a: Heatran|Grass\n|move|p2a: Sneasler|Substitute|p2a: Sneasler\n|-start|p2a: Sneasler|Substitute\n|-damage|p2a: Sneasler|56\/100\n|move|p1a: Heatran|Earth Power|p2a: Sneasler\n|-supereffective|p2a: Sneasler\n|-end|p2a: Sneasler|Substitute\n|\n|-heal|p2a: Sneasler|62\/100|[from] Grassy Terrain\n|upkeep\n|turn|5\n|\n|t:|1700866141\n|-terastallize|p2a: Sneasler|Flying\n|move|p2a: Sneasler|Substitute|p2a: Sneasler\n|-start|p2a: Sneasler|Substitute\n|-damage|p2a: Sneasler|37\/100\n|move|p1a: Heatran|Earth Power|p2a: Sneasler\n|-immune|p2a: Sneasler\n|\n|-fieldend|move: Grassy Terrain\n|upkeep\n|turn|6\n|\n|t:|1700866148\n|move|p2a: Sneasler|Acrobatics|p1a: Heatran\n|-supereffective|p1a: Heatran\n|-damage|p1a: Heatran|0 fnt\n|faint|p1a: Heatran\n|\n|upkeep\n|\n|t:|1700866153\n|switch|p1a: Glimmora|Glimmora, F|100\/100\n|turn|7\n|\n|t:|1700866156\n|move|p2a: Sneasler|Acrobatics|p1a: Glimmora\n|-resisted|p1a: Glimmora\n|-damage|p1a: Glimmora|30\/100\n|-damage|p2a: Sneasler|20\/100|[from] item: Rocky Helmet|[of] p1a: Glimmora\n|-activate|p1a: Glimmora|ability: Toxic Debris\n|-sidestart|p2: Hysuto|move: Toxic Spikes\n|move|p1a: Glimmora|Power Gem|p2a: Sneasler\n|-supereffective|p2a: Sneasler\n|-end|p2a: Sneasler|Substitute\n|\n|upkeep\n|turn|8\n|\n|t:|1700866166\n|move|p2a: Sneasler|Acrobatics|p1a: Glimmora\n|-resisted|p1a: Glimmora\n|-damage|p1a: Glimmora|0 fnt\n|-damage|p2a: Sneasler|4\/100|[from] item: Rocky Helmet|[of] p1a: Glimmora\n|-activate|p1a: Glimmora|ability: Toxic Debris\n|-sidestart|p2: Hysuto|move: Toxic Spikes\n|faint|p1a: Glimmora\n|\n|upkeep\n|\n|t:|1700866178\n|switch|p1a: Kommo-o|Kommo-o, M|100\/100\n|turn|9\n|c|\u2606Hysuto|Rocky helmet is dumb\n|\n|t:|1700866185\n|move|p2a: Sneasler|Acrobatics|p1a: Kommo-o\n|-supereffective|p1a: Kommo-o\n|-damage|p1a: Kommo-o|0 fnt\n|faint|p1a: Kommo-o\n|\n|upkeep\n|\n|t:|1700866191\n|switch|p1a: Sneasler|Sneasler, F|100\/100\n|-item|p1a: Sneasler|Air Balloon\n|turn|10\n|\n|t:|1700866196\n|move|p2a: Sneasler|Acrobatics|p1a: Sneasler\n|-supereffective|p1a: Sneasler\n|-damage|p1a: Sneasler|0 fnt\n|-enditem|p1a: Sneasler|Air Balloon\n|faint|p1a: Sneasler\n|\n|upkeep\n|\n|t:|1700866198\n|switch|p1a: Ogerpon|Ogerpon-Wellspring, F|100\/100\n|turn|11\n|\n|t:|1700866200\n|move|p2a: Sneasler|Acrobatics|p1a: Ogerpon\n|-supereffective|p1a: Ogerpon\n|-crit|p1a: Ogerpon\n|-damage|p1a: Ogerpon|0 fnt\n|faint|p1a: Ogerpon\n|\n|win|Hysuto\n|raw|yohansudario's rating: 1452 &rarr; <strong>1436<\/strong><br \/>(-16 for losing)\n|raw|Hysuto's rating: 1523 &rarr; <strong>1539<\/strong><br \/>(+16 for winning)\n|l|\u2606yohansudario\n","uploadtime":1700866210,"views":1,"p1id":"yohansudario","p2id":"hysuto","formatid":"gen9nationaldex","rating":1436,"private":0,"password":""}