{"id":"gen9nationaldex-1994936706","p1":"Maxer59","p2":"Raiulenx9","format":"[Gen 9] National Dex","log":"|html|<div class=\"broadcast-blue\"><strong>[Gen 9] National Dex is currently suspecting Sneasler! For information on how to participate check out the <a href=\"https:\/\/www.smogon.com\/forums\/threads\/sv-national-dex-suspect-8-just-dance.3731534\/\">suspect thread<\/a>.<\/strong><\/div>\n|j|\u2606Maxer59\n|j|\u2606Raiulenx9\n|t:|1700506212\n|gametype|singles\n|player|p1|Maxer59|lucas|1220\n|player|p2|Raiulenx9|n|1199\n|teamsize|p1|6\n|teamsize|p2|6\n|gen|9\n|tier|[Gen 9] National Dex\n|rated|\n|rule|HP Percentage Mod: HP is shown in percentages\n|rule|Endless Battle Clause: Forcing endless battles is banned\n|rule|OHKO Clause: OHKO moves are banned\n|rule|Evasion Clause: Evasion abilities, items, and moves are banned\n|rule|Evasion Abilities Clause: Evasion abilities are banned\n|rule|Evasion Items Clause: Evasion items are banned\n|rule|Evasion Moves Clause: Evasion moves are banned\n|rule|Species Clause: Limit one of each Pok\u00e9mon\n|rule|Sleep Clause Mod: Limit one foe put to sleep\n|clearpoke\n|poke|p1|Pikachu, F|\n|poke|p1|Kleavor, M|\n|poke|p1|Dragonite, F|\n|poke|p1|Gallade, M|\n|poke|p1|Crawdaunt, M|\n|poke|p1|Absol, M|\n|poke|p2|Volcarona, F|\n|poke|p2|Toxapex, M|\n|poke|p2|Ninetales-Alola, M|\n|poke|p2|Sneasler, M|\n|poke|p2|Gliscor, F|\n|poke|p2|Rotom-Wash|\n|teampreview\n|inactive|Battle timer is ON: inactive players will automatically lose when time's up. (requested by Maxer59)\n|\n|t:|1700506225\n|start\n|switch|p1a: PikaGOD|Pikachu, F|100\/100\n|switch|p2a: Ninetales|Ninetales-Alola, M|100\/100\n|-weather|Snow|[from] ability: Snow Warning|[of] p2a: Ninetales\n|turn|1\n|\n|t:|1700506232\n|-terastallize|p1a: PikaGOD|Normal\n|move|p1a: PikaGOD|Fake Out|p2a: Ninetales\n|-damage|p2a: Ninetales|77\/100\n|cant|p2a: Ninetales|flinch\n|\n|-weather|Snow|[upkeep]\n|upkeep\n|turn|2\n|\n|t:|1700506250\n|switch|p1a: Fast rock|Kleavor, M|100\/100\n|move|p2a: Ninetales|Aurora Veil|p2a: Ninetales\n|-sidestart|p2: Raiulenx9|move: Aurora Veil\n|\n|-weather|Snow|[upkeep]\n|upkeep\n|turn|3\n|\n|t:|1700506274\n|switch|p2a: Rotom|Rotom-Wash|100\/100\n|move|p1a: Fast rock|Brick Break|p2a: Rotom\n|-sideend|p2: Raiulenx9|move: Aurora Veil\n|-damage|p2a: Rotom|70\/100\n|\n|-weather|Snow|[upkeep]\n|upkeep\n|turn|4\n|\n|t:|1700506284\n|switch|p1a: Don't use ice|Dragonite, F|100\/100\n|move|p2a: Rotom|Hydro Pump|p1a: Don't use ice|[miss]\n|-miss|p2a: Rotom|p1a: Don't use ice\n|\n|-weather|Snow|[upkeep]\n|upkeep\n|turn|5\n|\n|t:|1700506291\n|move|p2a: Rotom|Hydro Pump|p1a: Don't use ice\n|-resisted|p1a: Don't use ice\n|-damage|p1a: Don't use ice|92\/100\n|move|p1a: Don't use ice|Dragon Dance|p1a: Don't use ice\n|-boost|p1a: Don't use ice|atk|1\n|-boost|p1a: Don't use ice|spe|1\n|\n|-weather|none\n|upkeep\n|turn|6\n|\n|t:|1700506300\n|switch|p2a: Toxapex|Toxapex, M|100\/100\n|move|p1a: Don't use ice|Dragon Dance|p1a: Don't use ice\n|-boost|p1a: Don't use ice|atk|1\n|-boost|p1a: Don't use ice|spe|1\n|\n|upkeep\n|turn|7\n|\n|t:|1700506308\n|move|p1a: Don't use ice|Dragon Claw|p2a: Toxapex\n|-damage|p2a: Toxapex|33\/100\n|move|p2a: Toxapex|Haze|p2a: Toxapex\n|-clearallboost\n|\n|upkeep\n|turn|8\n|\n|t:|1700506316\n|switch|p2a: Ninetales|Ninetales-Alola, M|77\/100\n|-weather|Snow|[from] ability: Snow Warning|[of] p2a: Ninetales\n|move|p1a: Don't use ice|Dual Wingbeat|p2a: Ninetales\n|-damage|p2a: Ninetales|58\/100\n|-damage|p2a: Ninetales|42\/100\n|-hitcount|p2a: Ninetales|2\n|\n|-weather|Snow|[upkeep]\n|upkeep\n|turn|9\n|\n|t:|1700506326\n|move|p1a: Don't use ice|Extreme Speed|p2a: Ninetales\n|-damage|p2a: Ninetales|17\/100\n|move|p2a: Ninetales|Freeze-Dry|p1a: Don't use ice\n|-supereffective|p1a: Don't use ice\n|-damage|p1a: Don't use ice|25\/100\n|-enditem|p1a: Don't use ice|Weakness Policy\n|-boost|p1a: Don't use ice|atk|2|[from] item: Weakness Policy\n|-boost|p1a: Don't use ice|spa|2|[from] item: Weakness Policy\n|\n|-weather|Snow|[upkeep]\n|upkeep\n|turn|10\n|\n|t:|1700506353\n|move|p1a: Don't use ice|Extreme Speed|p2a: Ninetales\n|-damage|p2a: Ninetales|0 fnt\n|faint|p2a: Ninetales\n|\n|-weather|Snow|[upkeep]\n|upkeep\n|\n|t:|1700506360\n|switch|p2a: Rotom|Rotom-Wash|70\/100\n|turn|11\n|\n|t:|1700506369\n|-terastallize|p2a: Rotom|Steel\n|move|p1a: Don't use ice|Extreme Speed|p2a: Rotom\n|-resisted|p2a: Rotom\n|-damage|p2a: Rotom|40\/100\n|move|p2a: Rotom|Volt Switch|p1a: Don't use ice\n|-damage|p1a: Don't use ice|0 fnt\n|faint|p1a: Don't use ice\n|\n|t:|1700506377\n|switch|p2a: Toxapex|Toxapex, M|66\/100|[from] Volt Switch\n|\n|-weather|Snow|[upkeep]\n|upkeep\n|\n|t:|1700506381\n|switch|p1a: PikaGOD|Pikachu, F, tera:Normal|100\/100\n|turn|12\n|\n|t:|1700506385\n|switch|p2a: Gliscor|Gliscor, F, shiny|100\/100\n|move|p1a: PikaGOD|Fake Out|p2a: Gliscor\n|-damage|p2a: Gliscor|80\/100\n|\n|-weather|none\n|-status|p2a: Gliscor|tox|[from] item: Toxic Orb\n|upkeep\n|turn|13\n|\n|t:|1700506396\n|switch|p1a: Fast rock|Kleavor, M|100\/100\n|move|p2a: Gliscor|Stealth Rock|p1a: Fast rock\n|-sidestart|p1: Maxer59|move: Stealth Rock\n|\n|-heal|p2a: Gliscor|92\/100 tox|[from] ability: Poison Heal\n|upkeep\n|turn|14\n|\n|t:|1700506402\n|move|p1a: Fast rock|Stone Axe|p2a: Gliscor\n|-damage|p2a: Gliscor|45\/100 tox\n|-sidestart|p2: Raiulenx9|move: Stealth Rock\n|move|p2a: Gliscor|Knock Off|p1a: Fast rock\n|-damage|p1a: Fast rock|74\/100\n|-enditem|p1a: Fast rock|Choice Scarf|[from] move: Knock Off|[of] p2a: Gliscor\n|\n|-heal|p2a: Gliscor|57\/100 tox|[from] ability: Poison Heal\n|upkeep\n|turn|15\n|\n|t:|1700506412\n|move|p2a: Gliscor|Protect|p2a: Gliscor\n|-singleturn|p2a: Gliscor|Protect\n|move|p1a: Fast rock|Stone Axe|p2a: Gliscor\n|-activate|p2a: Gliscor|move: Protect\n|\n|-heal|p2a: Gliscor|70\/100 tox|[from] ability: Poison Heal\n|upkeep\n|turn|16\n|\n|t:|1700506420\n|switch|p2a: Toxapex|Toxapex, M|99\/100\n|move|p1a: Fast rock|Stone Axe|p2a: Toxapex\n|-damage|p2a: Toxapex|58\/100\n|\n|upkeep\n|turn|17\n|\n|t:|1700506426\n|move|p1a: Fast rock|Knock Off|p2a: Toxapex\n|-damage|p2a: Toxapex|27\/100\n|-enditem|p2a: Toxapex|Heavy-Duty Boots|[from] move: Knock Off|[of] p1a: Fast rock\n|move|p2a: Toxapex|Recover|p2a: Toxapex\n|-heal|p2a: Toxapex|77\/100\n|\n|upkeep\n|turn|18\n|\n|t:|1700506433\n|move|p1a: Fast rock|Stone Axe|p2a: Toxapex\n|-damage|p2a: Toxapex|32\/100\n|move|p2a: Toxapex|Scald|p1a: Fast rock\n|-supereffective|p1a: Fast rock\n|-damage|p1a: Fast rock|14\/100\n|\n|upkeep\n|turn|19\n|\n|t:|1700506444\n|switch|p2a: Gliscor|Gliscor, F, shiny|70\/100 tox\n|-damage|p2a: Gliscor|57\/100 tox|[from] Stealth Rock\n|move|p1a: Fast rock|Stone Axe|p2a: Gliscor\n|-damage|p2a: Gliscor|8\/100 tox\n|\n|-heal|p2a: Gliscor|21\/100 tox|[from] ability: Poison Heal\n|upkeep\n|turn|20\n|\n|t:|1700506452\n|move|p2a: Gliscor|Protect|p2a: Gliscor\n|-singleturn|p2a: Gliscor|Protect\n|move|p1a: Fast rock|Stone Axe|p2a: Gliscor\n|-activate|p2a: Gliscor|move: Protect\n|\n|-heal|p2a: Gliscor|33\/100 tox|[from] ability: Poison Heal\n|upkeep\n|turn|21\n|\n|t:|1700506460\n|move|p1a: Fast rock|Stone Axe|p2a: Gliscor\n|-damage|p2a: Gliscor|0 fnt\n|faint|p2a: Gliscor\n|\n|upkeep\n|\n|t:|1700506466\n|switch|p2a: Sneasler|Sneasler, M|100\/100\n|-damage|p2a: Sneasler|95\/100|[from] Stealth Rock\n|turn|22\n|\n|t:|1700506475\n|move|p2a: Sneasler|Dire Claw|p1a: Fast rock\n|-resisted|p1a: Fast rock\n|-damage|p1a: Fast rock|0 fnt\n|faint|p1a: Fast rock\n|\n|upkeep\n|\n|t:|1700506479\n|switch|p1a: PikaGOD|Pikachu, F, tera:Normal|100\/100\n|-damage|p1a: PikaGOD|88\/100|[from] Stealth Rock\n|turn|23\n|\n|t:|1700506487\n|switch|p2a: Toxapex|Toxapex, M|65\/100\n|-damage|p2a: Toxapex|53\/100|[from] Stealth Rock\n|move|p1a: PikaGOD|Fake Out|p2a: Toxapex\n|-damage|p2a: Toxapex|32\/100\n|\n|upkeep\n|turn|24\n|\n|t:|1700506493\n|move|p1a: PikaGOD|Volt Switch|p2a: Toxapex\n|-supereffective|p2a: Toxapex\n|-damage|p2a: Toxapex|0 fnt\n|faint|p2a: Toxapex\n|\n|t:|1700506503\n|switch|p1a: Excalibur is ZZZ|Gallade, M|100\/100|[from] Volt Switch\n|-damage|p1a: Excalibur is ZZZ|94\/100|[from] Stealth Rock\n|\n|upkeep\n|\n|t:|1700506512\n|switch|p2a: Sneasler|Sneasler, M|95\/100\n|-damage|p2a: Sneasler|89\/100|[from] Stealth Rock\n|turn|25\n|\n|t:|1700506521\n|move|p1a: Excalibur is ZZZ|Psycho Cut|p2a: Sneasler\n|-supereffective|p2a: Sneasler\n|-damage|p2a: Sneasler|0 fnt\n|faint|p2a: Sneasler\n|\n|upkeep\n|-message|Raiulenx9 forfeited.\n|\n|win|Maxer59\n|raw|Maxer59's rating: 1220 &rarr; <strong>1243<\/strong><br \/>(+23 for winning)\n|raw|Raiulenx9's rating: 1199 &rarr; <strong>1176<\/strong><br \/>(-23 for losing)\n|l|\u2606Raiulenx9\n|j|\u2606Raiulenx9\n|player|p2|Raiulenx9|n\n|l|\u2606Raiulenx9\n|player|p2|\n","uploadtime":1700506543,"views":3,"p1id":"maxer59","p2id":"raiulenx9","formatid":"gen9nationaldex","rating":1176,"private":0,"password":""}