{"id":"gen9nationaldex-1994490226","p1":"Tank Tests","p2":"gonza956","format":"[Gen 9] National Dex","log":"|j|\u2606Tank Tests\n|j|\u2606gonza956\n|t:|1700450018\n|gametype|singles\n|player|p1|Tank Tests|266|1333\n|player|p2|gonza956|riley|1317\n|teamsize|p1|6\n|teamsize|p2|6\n|gen|9\n|tier|[Gen 9] National Dex\n|rated|\n|rule|HP Percentage Mod: HP is shown in percentages\n|rule|Endless Battle Clause: Forcing endless battles is banned\n|rule|OHKO Clause: OHKO moves are banned\n|rule|Evasion Clause: Evasion abilities, items, and moves are banned\n|rule|Evasion Abilities Clause: Evasion abilities are banned\n|rule|Evasion Items Clause: Evasion items are banned\n|rule|Evasion Moves Clause: Evasion moves are banned\n|rule|Species Clause: Limit one of each Pok\u00e9mon\n|rule|Sleep Clause Mod: Limit one foe put to sleep\n|clearpoke\n|poke|p1|Pawmot, M|\n|poke|p1|Rabsca, F|\n|poke|p1|Banette, F|\n|poke|p1|Victini|\n|poke|p1|Dragonite, M|\n|poke|p1|Forretress, F|\n|poke|p2|Meowscarada, F|\n|poke|p2|Great Tusk|\n|poke|p2|Clodsire, F|\n|poke|p2|Glimmora, F|\n|poke|p2|Skeledirge, M|\n|poke|p2|Maushold-Four|\n|teampreview\n|\n|t:|1700450046\n|start\n|switch|p1a: Banette|Banette, F|100\/100\n|switch|p2a: Glimmora|Glimmora, F|100\/100\n|turn|1\n|\n|t:|1700450053\n|detailschange|p1a: Banette|Banette-Mega, F\n|-mega|p1a: Banette|Banette|Banettite\n|move|p2a: Glimmora|Stealth Rock|p1a: Banette\n|-sidestart|p1: Tank Tests|move: Stealth Rock\n|move|p1a: Banette|Poltergeist|p2a: Glimmora\n|-activate|p2a: Glimmora|move: Poltergeist|Focus Sash\n|-damage|p2a: Glimmora|3\/100\n|-activate|p2a: Glimmora|ability: Toxic Debris\n|-sidestart|p1: Tank Tests|move: Toxic Spikes\n|\n|upkeep\n|turn|2\n|\n|t:|1700450070\n|move|p1a: Banette|Encore|p2a: Glimmora\n|-start|p2a: Glimmora|Encore\n|move|p2a: Glimmora|Stealth Rock||[still]\n|-fail|p2a: Glimmora\n|\n|upkeep\n|turn|3\n|\n|t:|1700450085\n|move|p2a: Glimmora|Stealth Rock||[still]\n|-fail|p2a: Glimmora\n|move|p1a: Banette|Poltergeist|p2a: Glimmora\n|-activate|p2a: Glimmora|move: Poltergeist|Focus Sash\n|-damage|p2a: Glimmora|0 fnt\n|-activate|p2a: Glimmora|ability: Toxic Debris\n|-sidestart|p1: Tank Tests|move: Toxic Spikes\n|faint|p2a: Glimmora\n|\n|upkeep\n|\n|t:|1700450100\n|switch|p2a: Clodsire|Clodsire, F|100\/100\n|-item|p2a: Clodsire|Air Balloon\n|turn|4\n|\n|t:|1700450104\n|move|p1a: Banette|Poltergeist|p2a: Clodsire\n|-activate|p2a: Clodsire|move: Poltergeist|Air Balloon\n|-damage|p2a: Clodsire|19\/100\n|-enditem|p2a: Clodsire|Air Balloon\n|move|p2a: Clodsire|Toxic|p1a: Banette\n|-status|p1a: Banette|tox\n|\n|-damage|p1a: Banette|95\/100 tox|[from] psn\n|upkeep\n|turn|5\n|\n|t:|1700450117\n|switch|p2a: Great Tusk|Great Tusk|100\/100\n|move|p1a: Banette|Encore||[still]\n|-fail|p1a: Banette\n|\n|-damage|p1a: Banette|83\/100 tox|[from] psn\n|upkeep\n|turn|6\n|\n|t:|1700450130\n|move|p1a: Banette|Destiny Bond|p1a: Banette\n|-singlemove|p1a: Banette|Destiny Bond\n|move|p2a: Great Tusk|Headlong Rush|p1a: Banette\n|-damage|p1a: Banette|0 fnt\n|-unboost|p2a: Great Tusk|def|1\n|-unboost|p2a: Great Tusk|spd|1\n|faint|p1a: Banette\n|-activate|p1a: Banette|move: Destiny Bond\n|faint|p2a: Great Tusk\n|-end|p2a: Great Tusk|Protosynthesis|[silent]\n|\n|upkeep\n|\n|t:|1700450142\n|switch|p1a: Dragonite|Dragonite, M|100\/100\n|switch|p2a: Maushold|Maushold-Four|100\/100\n|-damage|p1a: Dragonite|76\/100|[from] Stealth Rock\n|turn|7\n|\n|t:|1700450149\n|move|p2a: Maushold|Tidy Up|p2a: Maushold\n|-sideend|p1: Tank Tests|Toxic Spikes\n|-sideend|p1: Tank Tests|Stealth Rock\n|-activate|p2a: Maushold|move: Tidy Up\n|-boost|p2a: Maushold|atk|1\n|-boost|p2a: Maushold|spe|1\n|move|p1a: Dragonite|Dragon Dance|p1a: Dragonite\n|-boost|p1a: Dragonite|atk|1\n|-boost|p1a: Dragonite|spe|1\n|\n|upkeep\n|turn|8\n|\n|t:|1700450156\n|-terastallize|p2a: Maushold|Normal\n|move|p1a: Dragonite|Extreme Speed|p2a: Maushold\n|-damage|p2a: Maushold|27\/100\n|move|p2a: Maushold|Population Bomb|p1a: Dragonite\n|-damage|p1a: Dragonite|48\/100\n|-damage|p1a: Dragonite|21\/100\n|-hitcount|p1a: Dragonite|2\n|\n|upkeep\n|turn|9\n|\n|t:|1700450185\n|switch|p2a: Skeledirge|Skeledirge, M|100\/100\n|move|p1a: Dragonite|Extreme Speed|p2a: Skeledirge\n|-immune|p2a: Skeledirge\n|\n|upkeep\n|turn|10\n|\n|t:|1700450191\n|move|p1a: Dragonite|Earthquake|p2a: Skeledirge\n|-supereffective|p2a: Skeledirge\n|-damage|p2a: Skeledirge|56\/100\n|move|p2a: Skeledirge|Yawn|p1a: Dragonite\n|-start|p1a: Dragonite|move: Yawn|[of] p2a: Skeledirge\n|\n|-heal|p2a: Skeledirge|62\/100|[from] item: Leftovers\n|upkeep\n|turn|11\n|\n|t:|1700450204\n|switch|p1a: Pawmot|Pawmot, M|100\/100\n|move|p2a: Skeledirge|Slack Off|p2a: Skeledirge\n|-heal|p2a: Skeledirge|100\/100\n|\n|upkeep\n|turn|12\n|\n|t:|1700450211\n|move|p1a: Pawmot|Thunder Wave|p2a: Skeledirge\n|-status|p2a: Skeledirge|par\n|move|p2a: Skeledirge|Torch Song|p1a: Pawmot\n|-damage|p1a: Pawmot|47\/100\n|-boost|p2a: Skeledirge|spa|1\n|\n|upkeep\n|turn|13\n|\n|t:|1700450215\n|move|p1a: Pawmot|Revival Blessing|p1a: Pawmot\n|-enditem|p1a: Pawmot|Leppa Berry|[eat]\n|-activate|p1a: Pawmot|item: Leppa Berry|Revival Blessing|[consumed]\n|\n|t:|1700450218\n|-heal|p1: Banette|50\/100|[from] move: Revival Blessing\n|move|p2a: Skeledirge|Yawn|p1a: Pawmot\n|-start|p1a: Pawmot|move: Yawn|[of] p2a: Skeledirge\n|\n|upkeep\n|turn|14\n|\n|t:|1700450223\n|switch|p1a: Dragonite|Dragonite, M|21\/100\n|move|p2a: Skeledirge|Yawn|p1a: Dragonite\n|-start|p1a: Dragonite|move: Yawn|[of] p2a: Skeledirge\n|\n|upkeep\n|turn|15\n|\n|t:|1700450235\n|switch|p2a: Clodsire|Clodsire, F|19\/100\n|move|p1a: Dragonite|Earthquake|p2a: Clodsire\n|-supereffective|p2a: Clodsire\n|-damage|p2a: Clodsire|0 fnt\n|faint|p2a: Clodsire\n|\n|-end|p1a: Dragonite|move: Yawn|[silent]\n|-status|p1a: Dragonite|slp\n|upkeep\n|\n|t:|1700450239\n|switch|p2a: Maushold|Maushold-Four, tera:Normal|27\/100\n|turn|16\n|\n|t:|1700450242\n|cant|p1a: Dragonite|slp\n|move|p2a: Maushold|Tidy Up|p2a: Maushold\n|-boost|p2a: Maushold|atk|1\n|-boost|p2a: Maushold|spe|1\n|\n|upkeep\n|turn|17\n|\n|t:|1700450246\n|-curestatus|p1a: Dragonite|slp|[msg]\n|move|p1a: Dragonite|Extreme Speed|p2a: Maushold\n|-damage|p2a: Maushold|0 fnt\n|faint|p2a: Maushold\n|\n|upkeep\n|\n|t:|1700450254\n|switch|p2a: Meowscarada|Meowscarada, F|100\/100\n|turn|18\n|\n|t:|1700450257\n|move|p1a: Dragonite|Extreme Speed|p2a: Meowscarada\n|-damage|p2a: Meowscarada|49\/100\n|move|p2a: Meowscarada|Play Rough|p1a: Dragonite|[miss]\n|-start|p2a: Meowscarada|typechange|Fairy|[from] ability: Protean\n|-miss|p2a: Meowscarada|p1a: Dragonite\n|\n|upkeep\n|turn|19\n|\n|t:|1700450268\n|switch|p2a: Skeledirge|Skeledirge, M|100\/100 par\n|move|p1a: Dragonite|Extreme Speed|p2a: Skeledirge\n|-immune|p2a: Skeledirge\n|\n|upkeep\n|turn|20\n|\n|t:|1700450275\n|move|p1a: Dragonite|Earthquake|p2a: Skeledirge\n|-supereffective|p2a: Skeledirge\n|-damage|p2a: Skeledirge|56\/100 par\n|cant|p2a: Skeledirge|par\n|\n|-heal|p2a: Skeledirge|62\/100 par|[from] item: Leftovers\n|upkeep\n|turn|21\n|\n|t:|1700450286\n|move|p1a: Dragonite|Earthquake|p2a: Skeledirge\n|-supereffective|p2a: Skeledirge\n|-damage|p2a: Skeledirge|14\/100 par\n|move|p2a: Skeledirge|Shadow Ball|p1a: Dragonite\n|-damage|p1a: Dragonite|0 fnt\n|faint|p1a: Dragonite\n|\n|-heal|p2a: Skeledirge|20\/100 par|[from] item: Leftovers\n|upkeep\n|\n|t:|1700450291\n|switch|p1a: Banette|Banette-Mega, F|50\/100\n|turn|22\n|\n|t:|1700450295\n|switch|p2a: Meowscarada|Meowscarada, F|49\/100\n|move|p1a: Banette|Poltergeist|p2a: Meowscarada\n|-activate|p2a: Meowscarada|move: Poltergeist|Life Orb\n|-resisted|p2a: Meowscarada\n|-crit|p2a: Meowscarada\n|-damage|p2a: Meowscarada|0 fnt\n|faint|p2a: Meowscarada\n|\n|upkeep\n|\n|t:|1700450298\n|switch|p2a: Skeledirge|Skeledirge, M|20\/100 par\n|turn|23\n|\n|t:|1700450302\n|move|p1a: Banette|Poltergeist|p2a: Skeledirge|[miss]\n|-miss|p1a: Banette|p2a: Skeledirge\n|move|p2a: Skeledirge|Torch Song|p1a: Banette\n|-damage|p1a: Banette|0 fnt\n|-boost|p2a: Skeledirge|spa|1\n|faint|p1a: Banette\n|\n|-heal|p2a: Skeledirge|26\/100 par|[from] item: Leftovers\n|upkeep\n|\n|t:|1700450306\n|switch|p1a: Pawmot|Pawmot, M|47\/100\n|turn|24\n|\n|t:|1700450309\n|move|p1a: Pawmot|Double Shock|p2a: Skeledirge\n|-damage|p2a: Skeledirge|0 fnt\n|-start|p1a: Pawmot|typechange|???\/Fighting|[from] move: Double Shock\n|faint|p2a: Skeledirge\n|\n|win|Tank Tests\n|raw|Tank Tests's rating: 1333 &rarr; <strong>1352<\/strong><br \/>(+19 for winning)\n|raw|gonza956's rating: 1317 &rarr; <strong>1298<\/strong><br \/>(-19 for losing)\n|c|\u2606Tank Tests|gg\n|l|\u2606gonza956\n","uploadtime":1700450321,"views":4,"p1id":"tanktests","p2id":"gonza956","formatid":"gen9nationaldex","rating":1298,"private":0,"password":""}