{"id":"gen9nationaldex-1987753957","p1":"yadavlucky96","p2":"HolyChomper","format":"[Gen 9] National Dex","log":"|j|\u2606yadavlucky96\n|j|\u2606HolyChomper\n|t:|1699633861\n|gametype|singles\n|player|p1|yadavlucky96|1|1079\n|player|p2|HolyChomper|byron|1000\n|teamsize|p1|6\n|teamsize|p2|6\n|gen|9\n|tier|[Gen 9] National Dex\n|rated|\n|rule|HP Percentage Mod: HP is shown in percentages\n|rule|Endless Battle Clause: Forcing endless battles is banned\n|rule|OHKO Clause: OHKO moves are banned\n|rule|Evasion Clause: Evasion abilities, items, and moves are banned\n|rule|Evasion Abilities Clause: Evasion abilities are banned\n|rule|Evasion Items Clause: Evasion items are banned\n|rule|Evasion Moves Clause: Evasion moves are banned\n|rule|Species Clause: Limit one of each Pok\u00e9mon\n|rule|Sleep Clause Mod: Limit one foe put to sleep\n|clearpoke\n|poke|p1|Charizard, M|\n|poke|p1|Scizor, F|\n|poke|p1|Tyranitar, F|\n|poke|p1|Urshifu-*, M|\n|poke|p1|Ninetales-Alola, F|\n|poke|p1|Decidueye, M|\n|poke|p2|Pelipper, F|\n|poke|p2|Swampert, F|\n|poke|p2|Barraskewda, F|\n|poke|p2|Overqwil, F|\n|poke|p2|Scizor, M|\n|poke|p2|Kilowattrel, F|\n|teampreview\n|c|\u2606HolyChomper|Glhf\n|inactive|Battle timer is ON: inactive players will automatically lose when time's up. (requested by yadavlucky96)\n|\n|t:|1699633873\n|start\n|switch|p1a: Tyranitar|Tyranitar, F|100\/100\n|switch|p2a: Scizor|Scizor, M|100\/100\n|-weather|Sandstorm|[from] ability: Sand Stream|[of] p1a: Tyranitar\n|turn|1\n|\n|t:|1699633883\n|move|p1a: Tyranitar|Earthquake|p2a: Scizor\n|-damage|p2a: Scizor|73\/100\n|move|p2a: Scizor|Close Combat|p1a: Tyranitar\n|-supereffective|p1a: Tyranitar\n|-damage|p1a: Tyranitar|0 fnt\n|-unboost|p2a: Scizor|def|1\n|-unboost|p2a: Scizor|spd|1\n|faint|p1a: Tyranitar\n|\n|-weather|Sandstorm|[upkeep]\n|-heal|p2a: Scizor|79\/100|[from] item: Leftovers\n|upkeep\n|\n|t:|1699633899\n|switch|p1a: Charizard|Charizard, M|100\/100\n|turn|2\n|\n|t:|1699633905\n|switch|p2a: Pelipper|Pelipper, F|100\/100\n|-weather|RainDance|[from] ability: Drizzle|[of] p2a: Pelipper\n|move|p1a: Charizard|Fire Blast|p2a: Pelipper\n|-resisted|p2a: Pelipper\n|-damage|p2a: Pelipper|86\/100\n|\n|-weather|RainDance|[upkeep]\n|upkeep\n|turn|3\n|\n|t:|1699633921\n|switch|p1a: Ninetales|Ninetales-Alola, F, shiny|100\/100\n|-weather|Snow|[from] ability: Snow Warning|[of] p1a: Ninetales\n|move|p2a: Pelipper|U-turn|p1a: Ninetales\n|-resisted|p1a: Ninetales\n|-damage|p1a: Ninetales|97\/100\n|\n|t:|1699633929\n|switch|p2a: Scizor|Scizor, M|79\/100|[from] U-turn\n|\n|-weather|Snow|[upkeep]\n|-heal|p2a: Scizor|85\/100|[from] item: Leftovers\n|upkeep\n|turn|4\n|\n|t:|1699633937\n|switch|p1a: Charizard|Charizard, M|100\/100\n|move|p2a: Scizor|Bullet Punch|p1a: Charizard\n|-resisted|p1a: Charizard\n|-damage|p1a: Charizard|80\/100\n|\n|-weather|Snow|[upkeep]\n|-heal|p2a: Scizor|91\/100|[from] item: Leftovers\n|upkeep\n|turn|5\n|\n|t:|1699633947\n|switch|p2a: Pelipper|Pelipper, F|86\/100\n|-weather|RainDance|[from] ability: Drizzle|[of] p2a: Pelipper\n|move|p1a: Charizard|Fire Blast|p2a: Pelipper\n|-resisted|p2a: Pelipper\n|-damage|p2a: Pelipper|71\/100\n|\n|-weather|RainDance|[upkeep]\n|upkeep\n|turn|6\n|\n|t:|1699633960\n|switch|p1a: Ninetales|Ninetales-Alola, F, shiny|97\/100\n|-weather|Snow|[from] ability: Snow Warning|[of] p1a: Ninetales\n|move|p2a: Pelipper|U-turn|p1a: Ninetales\n|-resisted|p1a: Ninetales\n|-damage|p1a: Ninetales|94\/100\n|\n|t:|1699633971\n|switch|p2a: Overqwil|Overqwil, F|100\/100|[from] U-turn\n|\n|-weather|Snow|[upkeep]\n|upkeep\n|turn|7\n|\n|t:|1699633980\n|-zpower|p1a: Ninetales\n|move|p1a: Ninetales|Twinkle Tackle|p2a: Overqwil|[zeffect]\n|-damage|p2a: Overqwil|28\/100\n|move|p2a: Overqwil|Gunk Shot|p1a: Ninetales\n|-supereffective|p1a: Ninetales\n|-damage|p1a: Ninetales|0 fnt\n|faint|p1a: Ninetales\n|\n|-weather|Snow|[upkeep]\n|-heal|p2a: Overqwil|34\/100|[from] item: Black Sludge\n|upkeep\n|\n|t:|1699633999\n|switch|p1a: Scizor|Scizor, F, shiny|100\/100\n|turn|8\n|\n|t:|1699634005\n|switch|p2a: Pelipper|Pelipper, F|71\/100\n|-weather|RainDance|[from] ability: Drizzle|[of] p2a: Pelipper\n|detailschange|p1a: Scizor|Scizor-Mega, F, shiny\n|-mega|p1a: Scizor|Scizor|Scizorite\n|move|p1a: Scizor|Flash Cannon|p2a: Pelipper\n|-resisted|p2a: Pelipper\n|-damage|p2a: Pelipper|57\/100\n|\n|-weather|RainDance|[upkeep]\n|upkeep\n|turn|9\n|\n|t:|1699634020\n|switch|p1a: Decidueye|Decidueye, M, shiny|100\/100\n|move|p2a: Pelipper|Roost|p2a: Pelipper\n|-heal|p2a: Pelipper|100\/100\n|-singleturn|p2a: Pelipper|move: Roost\n|\n|-weather|RainDance|[upkeep]\n|upkeep\n|turn|10\n|\n|t:|1699634037\n|switch|p2a: Overqwil|Overqwil, F|34\/100\n|move|p1a: Decidueye|Spirit Shackle|p2a: Overqwil\n|-resisted|p2a: Overqwil\n|-damage|p2a: Overqwil|17\/100\n|-activate|p2a: Overqwil|trapped\n|\n|-weather|RainDance|[upkeep]\n|-heal|p2a: Overqwil|23\/100|[from] item: Black Sludge\n|upkeep\n|turn|11\n|\n|t:|1699634048\n|move|p2a: Overqwil|Crunch|p1a: Decidueye\n|-supereffective|p1a: Decidueye\n|-damage|p1a: Decidueye|0 fnt\n|faint|p1a: Decidueye\n|\n|-weather|RainDance|[upkeep]\n|-heal|p2a: Overqwil|29\/100|[from] item: Black Sludge\n|upkeep\n|\n|t:|1699634053\n|switch|p1a: Charizard|Charizard, M|80\/100\n|turn|12\n|\n|t:|1699634058\n|move|p2a: Overqwil|Liquidation|p1a: Charizard\n|-supereffective|p1a: Charizard\n|-damage|p1a: Charizard|0 fnt\n|faint|p1a: Charizard\n|\n|-weather|none\n|-heal|p2a: Overqwil|35\/100|[from] item: Black Sludge\n|upkeep\n|\n|t:|1699634066\n|switch|p1a: Urshifu|Urshifu-Rapid-Strike, M|100\/100\n|turn|13\n|\n|t:|1699634071\n|switch|p2a: Pelipper|Pelipper, F|100\/100\n|-weather|RainDance|[from] ability: Drizzle|[of] p2a: Pelipper\n|move|p1a: Urshifu|Close Combat|p2a: Pelipper\n|-resisted|p2a: Pelipper\n|-damage|p2a: Pelipper|81\/100\n|-unboost|p1a: Urshifu|def|1\n|-unboost|p1a: Urshifu|spd|1\n|\n|-weather|RainDance|[upkeep]\n|upkeep\n|turn|14\n|\n|t:|1699634084\n|move|p1a: Urshifu|Liquidation|p2a: Pelipper\n|-resisted|p2a: Pelipper\n|-damage|p2a: Pelipper|60\/100\n|move|p2a: Pelipper|Hurricane|p1a: Urshifu\n|-supereffective|p1a: Urshifu\n|-damage|p1a: Urshifu|0 fnt\n|faint|p1a: Urshifu\n|\n|-weather|RainDance|[upkeep]\n|upkeep\n|\n|t:|1699634094\n|switch|p1a: Scizor|Scizor-Mega, F, shiny|100\/100\n|turn|15\n|\n|t:|1699634099\n|move|p1a: Scizor|Swords Dance|p1a: Scizor\n|-boost|p1a: Scizor|atk|2\n|move|p2a: Pelipper|Hurricane|p1a: Scizor\n|-damage|p1a: Scizor|62\/100\n|-start|p1a: Scizor|confusion\n|\n|-weather|RainDance|[upkeep]\n|upkeep\n|turn|16\n|\n|t:|1699634109\n|-activate|p1a: Scizor|confusion\n|move|p1a: Scizor|Flash Cannon|p2a: Pelipper\n|-resisted|p2a: Pelipper\n|-damage|p2a: Pelipper|46\/100\n|move|p2a: Pelipper|Hurricane|p1a: Scizor\n|-damage|p1a: Scizor|23\/100\n|\n|-weather|RainDance|[upkeep]\n|upkeep\n|turn|17\n|\n|t:|1699634123\n|-end|p1a: Scizor|confusion\n|move|p1a: Scizor|Superpower|p2a: Pelipper\n|-resisted|p2a: Pelipper\n|-damage|p2a: Pelipper|17\/100\n|-unboost|p1a: Scizor|atk|1\n|-unboost|p1a: Scizor|def|1\n|move|p2a: Pelipper|Hurricane|p1a: Scizor\n|-damage|p1a: Scizor|0 fnt\n|faint|p1a: Scizor\n|\n|win|HolyChomper\n|raw|yadavlucky96's rating: 1079 &rarr; <strong>1052<\/strong><br \/>(-27 for losing)\n|raw|HolyChomper's rating: 1000 &rarr; <strong>1049<\/strong><br \/>(+49 for winning)\n|l|\u2606yadavlucky96\n|c|\u2606HolyChomper|Gg\n","uploadtime":1699634382,"views":5,"p1id":"yadavlucky96","p2id":"holychomper","formatid":"gen9nationaldex","rating":1049,"private":0,"password":""}