{"id":"gen9nationaldex-1988204357","p1":"lhsilhs","p2":"Therealdevin","format":"[Gen 9] National Dex","log":"|j|\u2606lhsilhs\n|j|\u2606Therealdevin\n|t:|1699684754\n|gametype|singles\n|player|p1|lhsilhs|ltsurge|\n|player|p2|Therealdevin|elesa|\n|teamsize|p1|6\n|teamsize|p2|6\n|gen|9\n|tier|[Gen 9] National Dex\n|rated|Tournament battle\n|rule|HP Percentage Mod: HP is shown in percentages\n|rule|Endless Battle Clause: Forcing endless battles is banned\n|rule|OHKO Clause: OHKO moves are banned\n|rule|Evasion Clause: Evasion abilities, items, and moves are banned\n|rule|Evasion Abilities Clause: Evasion abilities are banned\n|rule|Evasion Items Clause: Evasion items are banned\n|rule|Evasion Moves Clause: Evasion moves are banned\n|rule|Species Clause: Limit one of each Pok\u00e9mon\n|rule|Sleep Clause Mod: Limit one foe put to sleep\n|clearpoke\n|poke|p1|Pinsir, F|\n|poke|p1|Volcarona, M|\n|poke|p1|Kleavor, M|\n|poke|p1|Buzzwole|\n|poke|p1|Lokix, F|\n|poke|p1|Accelgor, F|\n|poke|p2|Ninetales-Alola, M|\n|poke|p2|Eiscue, M|\n|poke|p2|Avalugg-Hisui, M|\n|poke|p2|Sandslash-Alola, M|\n|poke|p2|Beartic, F|\n|poke|p2|Cloyster, M|\n|teampreview\n|inactive|Battle timer is ON: inactive players will automatically lose when time's up. (requested by Therealdevin)\n|j| Pijiet\n|\n|t:|1699684773\n|start\n|switch|p1a: Accelgor|Accelgor, F|100\/100\n|switch|p2a: Ninetales|Ninetales-Alola, M|100\/100\n|-weather|Snow|[from] ability: Snow Warning|[of] p2a: Ninetales\n|turn|1\n|\n|t:|1699684793\n|move|p1a: Accelgor|Toxic Spikes|p2a: Ninetales\n|-sidestart|p2: Therealdevin|move: Toxic Spikes\n|move|p2a: Ninetales|Disable|p1a: Accelgor\n|-start|p1a: Accelgor|Disable|Toxic Spikes\n|\n|-weather|Snow|[upkeep]\n|upkeep\n|turn|2\n|\n|t:|1699684801\n|move|p1a: Accelgor|Spikes|p2a: Ninetales\n|-sidestart|p2: Therealdevin|Spikes\n|move|p2a: Ninetales|Aurora Veil|p2a: Ninetales\n|-sidestart|p2: Therealdevin|move: Aurora Veil\n|\n|-weather|Snow|[upkeep]\n|upkeep\n|turn|3\n|\n|t:|1699684809\n|move|p1a: Accelgor|Spikes|p2a: Ninetales\n|-sidestart|p2: Therealdevin|Spikes\n|move|p2a: Ninetales|Blizzard|p1a: Accelgor\n|-damage|p1a: Accelgor|18\/100\n|-damage|p2a: Ninetales|91\/100|[from] item: Life Orb\n|\n|-weather|Snow|[upkeep]\n|upkeep\n|turn|4\n|\n|t:|1699684818\n|move|p1a: Accelgor|Facade|p2a: Ninetales\n|-damage|p2a: Ninetales|85\/100\n|move|p2a: Ninetales|Blizzard|p1a: Accelgor\n|-damage|p1a: Accelgor|0 fnt\n|faint|p1a: Accelgor\n|-damage|p2a: Ninetales|75\/100|[from] item: Life Orb\n|\n|-weather|Snow|[upkeep]\n|upkeep\n|j| zhenjibochouxiang\n|\n|t:|1699684829\n|switch|p1a: Lokix|Lokix, F|100\/100\n|turn|5\n|\n|t:|1699684834\n|move|p1a: Lokix|First Impression|p2a: Ninetales\n|-resisted|p2a: Ninetales\n|-damage|p2a: Ninetales|47\/100\n|-damage|p1a: Lokix|91\/100|[from] item: Life Orb\n|move|p2a: Ninetales|Moonblast|p1a: Lokix\n|-supereffective|p1a: Lokix\n|-crit|p1a: Lokix\n|-damage|p1a: Lokix|0 fnt\n|faint|p1a: Lokix\n|-damage|p2a: Ninetales|37\/100|[from] item: Life Orb\n|\n|-weather|none\n|upkeep\n|\n|t:|1699684846\n|switch|p1a: Volcarona|Volcarona, M|100\/100\n|turn|6\n|\n|t:|1699684851\n|switch|p2a: Cloyster|Cloyster, M|100\/100\n|-status|p2a: Cloyster|psn\n|-damage|p2a: Cloyster|84\/100 psn|[from] Spikes\n|move|p1a: Volcarona|Fiery Dance|p2a: Cloyster\n|-damage|p2a: Cloyster|35\/100 psn\n|-boost|p1a: Volcarona|spa|1\n|\n|-damage|p2a: Cloyster|22\/100 psn|[from] psn\n|-sideend|p2: Therealdevin|move: Aurora Veil\n|upkeep\n|turn|7\n|\n|t:|1699684868\n|move|p2a: Cloyster|Ice Shard|p1a: Volcarona\n|-resisted|p1a: Volcarona\n|-damage|p1a: Volcarona|91\/100\n|-damage|p2a: Cloyster|12\/100 psn|[from] item: Life Orb\n|move|p1a: Volcarona|Bug Buzz|p2a: Cloyster\n|-damage|p2a: Cloyster|0 fnt\n|faint|p2a: Cloyster\n|\n|upkeep\n|\n|t:|1699684882\n|switch|p2a: Ninetales|Ninetales-Alola, M|37\/100\n|-status|p2a: Ninetales|psn\n|-damage|p2a: Ninetales|21\/100 psn|[from] Spikes\n|-weather|Snow|[from] ability: Snow Warning|[of] p2a: Ninetales\n|turn|8\n|\n|t:|1699684889\n|move|p2a: Ninetales|Aurora Veil|p2a: Ninetales\n|-sidestart|p2: Therealdevin|move: Aurora Veil\n|move|p1a: Volcarona|Quiver Dance|p1a: Volcarona\n|-boost|p1a: Volcarona|spa|1\n|-boost|p1a: Volcarona|spd|1\n|-boost|p1a: Volcarona|spe|1\n|\n|-weather|Snow|[upkeep]\n|-damage|p2a: Ninetales|9\/100 psn|[from] psn\n|upkeep\n|turn|9\n|\n|t:|1699684898\n|move|p1a: Volcarona|Bug Buzz|p2a: Ninetales\n|-resisted|p2a: Ninetales\n|-damage|p2a: Ninetales|0 fnt\n|faint|p2a: Ninetales\n|\n|-weather|Snow|[upkeep]\n|upkeep\n|\n|t:|1699684910\n|switch|p2a: Avalugg|Avalugg-Hisui, M|100\/100\n|-status|p2a: Avalugg|psn\n|-damage|p2a: Avalugg|84\/100 psn|[from] Spikes\n|turn|10\n|\n|t:|1699684920\n|move|p1a: Volcarona|Fiery Dance|p2a: Avalugg\n|-damage|p2a: Avalugg|13\/100 psn\n|-boost|p1a: Volcarona|spa|1\n|move|p2a: Avalugg|Rock Tomb|p1a: Volcarona\n|-supereffective|p1a: Volcarona\n|-damage|p1a: Volcarona|0 fnt\n|faint|p1a: Volcarona\n|-damage|p2a: Avalugg|3\/100 psn|[from] item: Life Orb\n|\n|-weather|Snow|[upkeep]\n|-damage|p2a: Avalugg|0 fnt|[from] psn\n|faint|p2a: Avalugg\n|upkeep\n|\n|t:|1699684951\n|switch|p1a: Buzzwole|Buzzwole|100\/100\n|switch|p2a: Sandslash|Sandslash-Alola, M|100\/100\n|-damage|p2a: Sandslash|84\/100|[from] Spikes\n|turn|11\n|inactive|lhsilhs has 120 seconds left.\n|\n|t:|1699684983\n|move|p2a: Sandslash|Iron Head|p1a: Buzzwole\n|-damage|p1a: Buzzwole|67\/100\n|move|p1a: Buzzwole|Close Combat|p2a: Sandslash\n|-supereffective|p2a: Sandslash\n|-damage|p2a: Sandslash|6\/100\n|-unboost|p1a: Buzzwole|def|1\n|-unboost|p1a: Buzzwole|spd|1\n|\n|-weather|Snow|[upkeep]\n|-heal|p1a: Buzzwole|73\/100|[from] item: Leftovers\n|upkeep\n|turn|12\n|j| Atkcc\n|inactive|Therealdevin has 120 seconds left.\n|c| Atkcc|\u554a\uff1f\n|\n|t:|1699685003\n|move|p2a: Sandslash|Iron Head|p1a: Buzzwole\n|-damage|p1a: Buzzwole|16\/100\n|move|p1a: Buzzwole|Earthquake|p2a: Sandslash\n|-supereffective|p2a: Sandslash\n|-damage|p2a: Sandslash|0 fnt\n|faint|p2a: Sandslash\n|-ability|p1a: Buzzwole|Beast Boost|boost\n|-boost|p1a: Buzzwole|atk|1\n|\n|-weather|none\n|-heal|p1a: Buzzwole|23\/100|[from] item: Leftovers\n|-sideend|p2: Therealdevin|move: Aurora Veil\n|upkeep\n|\n|t:|1699685008\n|switch|p2a: Beartic|Beartic, F|100\/100\n|-status|p2a: Beartic|psn\n|-damage|p2a: Beartic|84\/100 psn|[from] Spikes\n|turn|13\n|inactive|lhsilhs has 120 seconds left.\n|inactive|lhsilhs has 90 seconds left.\n|\n|t:|1699685060\n|move|p2a: Beartic|Aqua Jet|p1a: Buzzwole\n|-damage|p1a: Buzzwole|6\/100\n|-damage|p2a: Beartic|74\/100 psn|[from] item: Life Orb\n|move|p1a: Buzzwole|Close Combat|p2a: Beartic\n|-supereffective|p2a: Beartic\n|-damage|p2a: Beartic|0 fnt\n|-unboost|p1a: Buzzwole|def|1\n|-unboost|p1a: Buzzwole|spd|1\n|faint|p2a: Beartic\n|-ability|p1a: Buzzwole|Beast Boost|boost\n|-boost|p1a: Buzzwole|atk|1\n|\n|-heal|p1a: Buzzwole|12\/100|[from] item: Leftovers\n|upkeep\n|inactive|Therealdevin has 120 seconds left.\n|inactive|Therealdevin has 90 seconds left.\n|\n|t:|1699685117\n|switch|p2a: Eiscue|Eiscue, M|100\/100\n|-status|p2a: Eiscue|psn\n|-damage|p2a: Eiscue|84\/100 psn|[from] Spikes\n|turn|14\n|\n|t:|1699685126\n|-terastallize|p2a: Eiscue|Ice\n|move|p1a: Buzzwole|Roost|p1a: Buzzwole\n|-heal|p1a: Buzzwole|62\/100\n|-singleturn|p1a: Buzzwole|move: Roost\n|move|p2a: Eiscue|Belly Drum|p2a: Eiscue\n|-damage|p2a: Eiscue|34\/100 psn\n|-setboost|p2a: Eiscue|atk|6|[from] move: Belly Drum\n|-enditem|p2a: Eiscue|Sitrus Berry|[eat]\n|-heal|p2a: Eiscue|59\/100 psn|[from] item: Sitrus Berry\n|\n|-heal|p1a: Buzzwole|68\/100|[from] item: Leftovers\n|-damage|p2a: Eiscue|46\/100 psn|[from] psn\n|upkeep\n|turn|15\n|inactive|lhsilhs has 90 seconds left.\n|\n|t:|1699685139\n|move|p1a: Buzzwole|Earthquake|p2a: Eiscue\n|-activate|p2a: Eiscue|ability: Ice Face\n|-damage|p2a: Eiscue|46\/100 psn\n|detailschange|p2a: Eiscue|Eiscue-Noice, M, tera:Ice\n|move|p2a: Eiscue|Liquidation|p1a: Buzzwole\n|-damage|p1a: Buzzwole|0 fnt\n|faint|p1a: Buzzwole\n|\n|-damage|p2a: Eiscue|34\/100 psn|[from] psn\n|upkeep\n|\n|t:|1699685157\n|switch|p1a: Pinsir|Pinsir, F, shiny|100\/100\n|-ability|p1a: Pinsir|Mold Breaker\n|turn|16\n|\n|t:|1699685162\n|detailschange|p1a: Pinsir|Pinsir-Mega, F, shiny\n|-mega|p1a: Pinsir|Pinsir|Pinsirite\n|move|p1a: Pinsir|Double-Edge|p2a: Eiscue\n|-damage|p2a: Eiscue|0 fnt\n|faint|p2a: Eiscue\n|-damage|p1a: Pinsir|86\/100|[from] Recoil\n|\n|win|lhsilhs\n|n|\u2606lhsilhs|lhsilhs\n|n|\u2606Therealdevin|therealdevin\n|n| Pijiet|pijiet\n|n| zhenjibochouxiang|zhenjibochouxiang\n|n| Atkcc|atkcc\n|l|\u2606lhsilhs\n|l| Atkcc\n|j| tsukishirohinami\u6708\u767d\n|l| tsukishirohinami\u6708\u767d\n|l|\u2606Therealdevin\n","uploadtime":1699685502,"views":6,"p1id":"lhsilhs","p2id":"therealdevin","formatid":"gen9nationaldex","rating":0,"private":0,"password":""}