{"id":"gen9nationaldex-1994718418","p1":"ALEX.HONG","p2":"Monte73","format":"[Gen 9] National Dex","log":"|html|<div class=\"broadcast-blue\"><strong>[Gen 9] National Dex is currently suspecting Sneasler! For information on how to participate check out the <a href=\"https:\/\/www.smogon.com\/forums\/threads\/sv-national-dex-suspect-8-just-dance.3731534\/\">suspect thread<\/a>.<\/strong><\/div>\n|j|\u2606ALEX.HONG\n|j|\u2606Monte73\n|t:|1700485262\n|gametype|singles\n|player|p1|ALEX.HONG|giovanni|1414\n|player|p2|Monte73|veteran|1522\n|teamsize|p1|6\n|teamsize|p2|6\n|gen|9\n|tier|[Gen 9] National Dex\n|rated|\n|rule|HP Percentage Mod: HP is shown in percentages\n|rule|Endless Battle Clause: Forcing endless battles is banned\n|rule|OHKO Clause: OHKO moves are banned\n|rule|Evasion Clause: Evasion abilities, items, and moves are banned\n|rule|Evasion Abilities Clause: Evasion abilities are banned\n|rule|Evasion Items Clause: Evasion items are banned\n|rule|Evasion Moves Clause: Evasion moves are banned\n|rule|Species Clause: Limit one of each Pok\u00e9mon\n|rule|Sleep Clause Mod: Limit one foe put to sleep\n|clearpoke\n|poke|p1|Celesteela|\n|poke|p1|Salamence, F|\n|poke|p1|Glimmora, F|\n|poke|p1|Magnezone|\n|poke|p1|Amoonguss, F|\n|poke|p1|Staraptor, M|\n|poke|p2|Charizard, M|\n|poke|p2|Tyranitar, M|\n|poke|p2|Great Tusk|\n|poke|p2|Volcarona, F|\n|poke|p2|Garganacl, M|\n|poke|p2|Tornadus-Therian, M|\n|teampreview\n|inactive|Battle timer is ON: inactive players will automatically lose when time's up. (requested by ALEX.HONG)\n|\n|t:|1700485269\n|start\n|switch|p1a: Glimmora|Glimmora, F|100\/100\n|switch|p2a: Tornadus|Tornadus-Therian, M|100\/100\n|turn|1\n|\n|t:|1700485280\n|move|p2a: Tornadus|U-turn|p1a: Glimmora\n|-resisted|p1a: Glimmora\n|-damage|p1a: Glimmora|91\/100\n|-activate|p1a: Glimmora|ability: Toxic Debris\n|-sidestart|p2: Monte73|move: Toxic Spikes\n|\n|t:|1700485282\n|switch|p2a: Great Tusk|Great Tusk|100\/100|[from] U-turn\n|move|p1a: Glimmora|Stealth Rock|p2a: Great Tusk\n|-sidestart|p2: Monte73|move: Stealth Rock\n|\n|upkeep\n|turn|2\n|\n|t:|1700485292\n|move|p2a: Great Tusk|Headlong Rush|p1a: Glimmora\n|-supereffective|p1a: Glimmora\n|-damage|p1a: Glimmora|0 fnt\n|-unboost|p2a: Great Tusk|def|1\n|-unboost|p2a: Great Tusk|spd|1\n|-activate|p1a: Glimmora|ability: Toxic Debris\n|-sidestart|p2: Monte73|move: Toxic Spikes\n|faint|p1a: Glimmora\n|\n|upkeep\n|\n|t:|1700485299\n|switch|p1a: Salamence|Salamence, F|100\/100\n|turn|3\n|\n|t:|1700485303\n|move|p1a: Salamence|Dual Wingbeat|p2a: Great Tusk\n|-supereffective|p2a: Great Tusk\n|-damage|p2a: Great Tusk|55\/100\n|-supereffective|p2a: Great Tusk\n|-damage|p2a: Great Tusk|12\/100\n|-hitcount|p2a: Great Tusk|2\n|move|p2a: Great Tusk|Ice Spinner|p1a: Salamence\n|-supereffective|p1a: Salamence\n|-damage|p1a: Salamence|0 fnt\n|faint|p1a: Salamence\n|\n|upkeep\n|\n|t:|1700485311\n|switch|p1a: Celesteela|Celesteela|100\/100\n|turn|4\n|\n|t:|1700485317\n|move|p2a: Great Tusk|Rapid Spin|p1a: Celesteela\n|-resisted|p1a: Celesteela\n|-damage|p1a: Celesteela|91\/100\n|-boost|p2a: Great Tusk|spe|1\n|-sideend|p2: Monte73|Toxic Spikes|[from] move: Rapid Spin|[of] p2a: Great Tusk\n|-sideend|p2: Monte73|Stealth Rock|[from] move: Rapid Spin|[of] p2a: Great Tusk\n|move|p1a: Celesteela|Autotomize|p1a: Celesteela\n|-boost|p1a: Celesteela|spe|2\n|-start|p1a: Celesteela|Autotomize\n|\n|upkeep\n|turn|5\n|\n|t:|1700485328\n|move|p2a: Great Tusk|Close Combat|p1a: Celesteela\n|-damage|p1a: Celesteela|34\/100\n|-unboost|p2a: Great Tusk|def|1\n|-unboost|p2a: Great Tusk|spd|1\n|move|p1a: Celesteela|Air Slash|p2a: Great Tusk\n|-supereffective|p2a: Great Tusk\n|-damage|p2a: Great Tusk|0 fnt\n|faint|p2a: Great Tusk\n|-end|p2a: Great Tusk|Protosynthesis|[silent]\n|-ability|p1a: Celesteela|Beast Boost|boost\n|-boost|p1a: Celesteela|spa|1\n|\n|upkeep\n|\n|t:|1700485341\n|switch|p2a: Garganacl|Garganacl, M|100\/100\n|turn|6\n|\n|t:|1700485352\n|switch|p1a: Staraptor|Staraptor, M|100\/100\n|move|p2a: Garganacl|Salt Cure|p1a: Staraptor\n|-supereffective|p1a: Staraptor\n|-damage|p1a: Staraptor|65\/100\n|-start|p1a: Staraptor|Salt Cure\n|\n|-damage|p1a: Staraptor|52\/100|[from] Salt Cure\n|upkeep\n|turn|7\n|-message|ALEX.HONG forfeited.\n|\n|win|Monte73\n|raw|ALEX.HONG's rating: 1414 &rarr; <strong>1400<\/strong><br \/>(-14 for losing)\n|raw|Monte73's rating: 1522 &rarr; <strong>1536<\/strong><br \/>(+14 for winning)\n|l|\u2606ALEX.HONG\n","uploadtime":1700485363,"views":2,"p1id":"alexhong","p2id":"monte73","formatid":"gen9nationaldex","rating":1400,"private":0,"password":""}