{"id":"gen9nationaldex-1989205060","p1":"SylverOmega","p2":"zMisaka","format":"[Gen 9] National Dex","log":"|j|\u2606SylverOmega\n|j|\u2606zMisaka\n|t:|1699823215\n|gametype|singles\n|player|p1|SylverOmega|palmer|\n|player|p2|zMisaka|guitarist|\n|teamsize|p1|6\n|teamsize|p2|6\n|gen|9\n|tier|[Gen 9] National Dex\n|rule|HP Percentage Mod: HP is shown in percentages\n|rule|Endless Battle Clause: Forcing endless battles is banned\n|rule|OHKO Clause: OHKO moves are banned\n|rule|Evasion Clause: Evasion abilities, items, and moves are banned\n|rule|Evasion Abilities Clause: Evasion abilities are banned\n|rule|Evasion Items Clause: Evasion items are banned\n|rule|Evasion Moves Clause: Evasion moves are banned\n|rule|Species Clause: Limit one of each Pok\u00e9mon\n|rule|Sleep Clause Mod: Limit one foe put to sleep\n|clearpoke\n|poke|p1|Scizor, M|\n|poke|p1|Iron Valiant|\n|poke|p1|Dragonite, M|\n|poke|p1|Samurott-Hisui, M|\n|poke|p1|Volcarona, F|\n|poke|p1|Ceruledge, M|\n|poke|p2|Volcarona, F|\n|poke|p2|Gyarados, F|\n|poke|p2|Corviknight, M|\n|poke|p2|Gliscor, F|\n|poke|p2|Tapu Lele|\n|poke|p2|Urshifu-*, M|\n|teampreview\n|inactive|Battle timer is ON: inactive players will automatically lose when time's up. (requested by SylverOmega)\n|c|\u2606SylverOmega|Hf\n|inactive|SylverOmega has 270 seconds left.\n|inactive|zMisaka has 270 seconds left.\n|c|\u2606zMisaka|Hf\n|inactive|SylverOmega has 240 seconds left.\n|j| tempo di anguria\n|inactive|SylverOmega has 210 seconds left.\n|\n|t:|1699823312\n|start\n|switch|p1a: Dragonite|Dragonite, M, shiny|100\/100\n|switch|p2a: Tapu Lele|Tapu Lele|100\/100\n|-fieldstart|move: Psychic Terrain|[from] ability: Psychic Surge|[of] p2a: Tapu Lele\n|turn|1\n|inactive|SylverOmega has 270 seconds left.\n|\n|t:|1699823326\n|switch|p1a: Scizor|Scizor, M, shiny|100\/100\n|move|p2a: Tapu Lele|Psychic|p1a: Scizor\n|-resisted|p1a: Scizor\n|-damage|p1a: Scizor|38\/100\n|-unboost|p1a: Scizor|spd|1\n|\n|upkeep\n|turn|2\n|inactive|SylverOmega has 270 seconds left.\n|j| Huarguensy\n|inactive|SylverOmega has 240 seconds left.\n|\n|t:|1699823371\n|switch|p2a: Urshifu|Urshifu-Rapid-Strike, M|100\/100\n|switch|p1a: Samurott|Samurott-Hisui, M|100\/100\n|\n|upkeep\n|turn|3\n|\n|t:|1699823388\n|move|p2a: Urshifu|U-turn|p1a: Samurott\n|-supereffective|p1a: Samurott\n|-damage|p1a: Samurott|29\/100\n|\n|t:|1699823392\n|switch|p2a: Corviknight|Corviknight, M|100\/100|[from] U-turn\n|-ability|p2a: Corviknight|Pressure\n|move|p1a: Samurott|Ceaseless Edge|p2a: Corviknight\n|-damage|p2a: Corviknight|74\/100\n|-sidestart|p2: zMisaka|Spikes\n|\n|-heal|p2a: Corviknight|80\/100|[from] item: Leftovers\n|upkeep\n|turn|4\n|\n|t:|1699823420\n|switch|p1a: Ceruledge|Ceruledge, M|100\/100\n|move|p2a: Corviknight|U-turn|p1a: Ceruledge\n|-resisted|p1a: Ceruledge\n|-damage|p1a: Ceruledge|95\/100\n|-ability|p1a: Ceruledge|Weak Armor|boost\n|-unboost|p1a: Ceruledge|def|1\n|-boost|p1a: Ceruledge|spe|2\n|\n|t:|1699823431\n|switch|p2a: Gyarados|Gyarados, F|100\/100|[from] U-turn\n|-ability|p2a: Gyarados|Intimidate|boost\n|-unboost|p1a: Ceruledge|atk|1\n|\n|upkeep\n|turn|5\n|\n|t:|1699823449\n|switch|p1a: Dragonite|Dragonite, M, shiny|100\/100\n|detailschange|p2a: Gyarados|Gyarados-Mega, F\n|-mega|p2a: Gyarados|Gyarados|Gyaradosite\n|-ability|p2a: Gyarados|Mold Breaker\n|move|p2a: Gyarados|Crunch|p1a: Dragonite\n|-damage|p1a: Dragonite|40\/100\n|\n|-fieldend|move: Psychic Terrain\n|upkeep\n|turn|6\n|\n|t:|1699823466\n|move|p1a: Dragonite|Extreme Speed|p2a: Gyarados\n|-damage|p2a: Gyarados|68\/100\n|move|p2a: Gyarados|Crunch|p1a: Dragonite\n|-damage|p1a: Dragonite|0 fnt\n|faint|p1a: Dragonite\n|\n|upkeep\n|inactive|SylverOmega has 210 seconds left.\n|\n|t:|1699823491\n|switch|p1a: Iron Valiant|Iron Valiant|100\/100\n|-enditem|p1a: Iron Valiant|Booster Energy\n|-activate|p1a: Iron Valiant|ability: Quark Drive|[fromitem]\n|-start|p1a: Iron Valiant|quarkdrivespe\n|turn|7\n|\n|t:|1699823506\n|move|p1a: Iron Valiant|Calm Mind|p1a: Iron Valiant\n|-boost|p1a: Iron Valiant|spa|1\n|-boost|p1a: Iron Valiant|spd|1\n|move|p2a: Gyarados|Waterfall|p1a: Iron Valiant\n|-damage|p1a: Iron Valiant|32\/100\n|\n|upkeep\n|turn|8\n|\n|t:|1699823521\n|move|p1a: Iron Valiant|Moonblast|p2a: Gyarados\n|-supereffective|p2a: Gyarados\n|-damage|p2a: Gyarados|0 fnt\n|faint|p2a: Gyarados\n|\n|upkeep\n|\n|t:|1699823526\n|switch|p2a: Gliscor|Gliscor, F|100\/100\n|turn|9\n|\n|t:|1699823532\n|move|p1a: Iron Valiant|Moonblast|p2a: Gliscor\n|-damage|p2a: Gliscor|43\/100\n|move|p2a: Gliscor|Earthquake|p1a: Iron Valiant\n|-damage|p1a: Iron Valiant|0 fnt\n|faint|p1a: Iron Valiant\n|-end|p1a: Iron Valiant|Quark Drive|[silent]\n|\n|-status|p2a: Gliscor|tox|[from] item: Toxic Orb\n|upkeep\n|inactive|SylverOmega has 210 seconds left.\n|\n|t:|1699823542\n|switch|p1a: Scizor|Scizor, M, shiny|38\/100\n|turn|10\n|inactive|SylverOmega has 210 seconds left.\n|\n|t:|1699823553\n|move|p1a: Scizor|Knock Off|p2a: Gliscor\n|-damage|p2a: Gliscor|18\/100 tox\n|-enditem|p2a: Gliscor|Toxic Orb|[from] move: Knock Off|[of] p1a: Scizor\n|move|p2a: Gliscor|U-turn|p1a: Scizor\n|-resisted|p1a: Scizor\n|-damage|p1a: Scizor|29\/100\n|\n|t:|1699823574\n|switch|p2a: Volcarona|Volcarona, F|100\/100|[from] U-turn\n|\n|upkeep\n|turn|11\n|inactive|SylverOmega has 210 seconds left.\n|\n|t:|1699823592\n|switch|p1a: Volcarona|Volcarona, F|100\/100\n|move|p2a: Volcarona|Quiver Dance|p2a: Volcarona\n|-boost|p2a: Volcarona|spa|1\n|-boost|p2a: Volcarona|spd|1\n|-boost|p2a: Volcarona|spe|1\n|\n|upkeep\n|turn|12\n|\n|t:|1699823602\n|move|p2a: Volcarona|Quiver Dance|p2a: Volcarona\n|-boost|p2a: Volcarona|spa|1\n|-boost|p2a: Volcarona|spd|1\n|-boost|p2a: Volcarona|spe|1\n|move|p1a: Volcarona|Quiver Dance|p1a: Volcarona\n|-boost|p1a: Volcarona|spa|1\n|-boost|p1a: Volcarona|spd|1\n|-boost|p1a: Volcarona|spe|1\n|\n|upkeep\n|turn|13\n|\n|t:|1699823611\n|move|p2a: Volcarona|Fiery Dance|p1a: Volcarona\n|-damage|p1a: Volcarona|36\/100\n|move|p1a: Volcarona|Quiver Dance|p1a: Volcarona\n|-boost|p1a: Volcarona|spa|1\n|-boost|p1a: Volcarona|spd|1\n|-boost|p1a: Volcarona|spe|1\n|\n|upkeep\n|turn|14\n|\n|t:|1699823622\n|move|p1a: Volcarona|Flamethrower|p2a: Volcarona\n|-damage|p2a: Volcarona|49\/100\n|move|p2a: Volcarona|Fiery Dance|p1a: Volcarona\n|-damage|p1a: Volcarona|0 fnt\n|faint|p1a: Volcarona\n|\n|upkeep\n|\n|t:|1699823632\n|switch|p1a: Ceruledge|Ceruledge, M|95\/100\n|turn|15\n|\n|t:|1699823643\n|move|p2a: Volcarona|Hidden Power|p1a: Ceruledge\n|-supereffective|p1a: Ceruledge\n|-damage|p1a: Ceruledge|0 fnt\n|faint|p1a: Ceruledge\n|\n|upkeep\n|c|\u2606SylverOmega|Gg\n|\n|t:|1699823653\n|switch|p1a: Scizor|Scizor, M, shiny|29\/100\n|turn|16\n|\n|t:|1699823657\n|detailschange|p1a: Scizor|Scizor-Mega, M, shiny\n|-mega|p1a: Scizor|Scizor|Scizorite\n|move|p1a: Scizor|Bullet Punch|p2a: Volcarona\n|-resisted|p2a: Volcarona\n|-damage|p2a: Volcarona|22\/100\n|move|p2a: Volcarona|Fiery Dance|p1a: Scizor\n|-supereffective|p1a: Scizor\n|-damage|p1a: Scizor|0 fnt\n|faint|p1a: Scizor\n|\n|upkeep\n|\n|t:|1699823669\n|switch|p1a: Samurott|Samurott-Hisui, M|29\/100\n|turn|17\n|\n|t:|1699823674\n|move|p2a: Volcarona|Bug Buzz|p1a: Samurott\n|-supereffective|p1a: Samurott\n|-damage|p1a: Samurott|0 fnt\n|faint|p1a: Samurott\n|\n|win|zMisaka\n|c|\u2606zMisaka|Gg\n|l| tempo di anguria\n|l| Huarguensy\n","uploadtime":1699823690,"views":40,"p1id":"sylveromega","p2id":"zmisaka","formatid":"gen9nationaldex","rating":0,"private":0,"password":""}