{"id":"gen9nationaldex-1995417419","p1":"rainfallbeats","p2":"Lajonnne","format":"[Gen 9] National Dex","log":"|html|<div class=\"broadcast-blue\"><strong>[Gen 9] National Dex is currently suspecting Sneasler! For information on how to participate check out the <a href=\"https:\/\/www.smogon.com\/forums\/threads\/sv-national-dex-suspect-8-just-dance.3731534\/\">suspect thread<\/a>.<\/strong><\/div>\n|j|\u2606rainfallbeats\n|j|\u2606Lajonnne\n|t:|1700568090\n|gametype|singles\n|player|p1|rainfallbeats|hilbert-wonderlauncher|1139\n|player|p2|Lajonnne|riley|1111\n|teamsize|p1|6\n|teamsize|p2|6\n|gen|9\n|tier|[Gen 9] National Dex\n|rated|\n|rule|HP Percentage Mod: HP is shown in percentages\n|rule|Endless Battle Clause: Forcing endless battles is banned\n|rule|OHKO Clause: OHKO moves are banned\n|rule|Evasion Clause: Evasion abilities, items, and moves are banned\n|rule|Evasion Abilities Clause: Evasion abilities are banned\n|rule|Evasion Items Clause: Evasion items are banned\n|rule|Evasion Moves Clause: Evasion moves are banned\n|rule|Species Clause: Limit one of each Pok\u00e9mon\n|rule|Sleep Clause Mod: Limit one foe put to sleep\n|clearpoke\n|poke|p1|Pelipper, M|\n|poke|p1|Swampert, F|\n|poke|p1|Ferrothorn, F|\n|poke|p1|Zapdos|\n|poke|p1|Ludicolo, F|\n|poke|p1|Pawmot, F|\n|poke|p2|Kartana|\n|poke|p2|Goodra-Hisui, F|\n|poke|p2|Excadrill, M|\n|poke|p2|Aegislash, M|\n|poke|p2|Greninja-*, M|\n|poke|p2|Grimmsnarl, M|\n|teampreview\n|\n|t:|1700568104\n|start\n|switch|p1a: Pelipper|Pelipper, M|100\/100\n|switch|p2a: Kartana|Kartana|100\/100\n|-weather|RainDance|[from] ability: Drizzle|[of] p1a: Pelipper\n|turn|1\n|\n|t:|1700568112\n|switch|p1a: Ferrothorn|Ferrothorn, F|100\/100\n|-terastallize|p2a: Kartana|Grass\n|move|p2a: Kartana|Leaf Blade|p1a: Ferrothorn\n|-resisted|p1a: Ferrothorn\n|-damage|p1a: Ferrothorn|89\/100\n|-damage|p2a: Kartana|88\/100|[from] ability: Iron Barbs|[of] p1a: Ferrothorn\n|\n|-weather|RainDance|[upkeep]\n|-heal|p1a: Ferrothorn|95\/100|[from] item: Leftovers\n|upkeep\n|turn|2\n|\n|t:|1700568127\n|switch|p2a: Excadrill|Excadrill, M|100\/100\n|-ability|p2a: Excadrill|Mold Breaker\n|move|p1a: Ferrothorn|Knock Off|p2a: Excadrill\n|-damage|p2a: Excadrill|72\/100\n|-enditem|p2a: Excadrill|Salac Berry|[from] move: Knock Off|[of] p1a: Ferrothorn\n|\n|-weather|RainDance|[upkeep]\n|-heal|p1a: Ferrothorn|100\/100|[from] item: Leftovers\n|upkeep\n|turn|3\n|\n|t:|1700568136\n|move|p2a: Excadrill|Swords Dance|p2a: Excadrill\n|-boost|p2a: Excadrill|atk|2\n|move|p1a: Ferrothorn|Leech Seed|p2a: Excadrill|[miss]\n|-miss|p1a: Ferrothorn|p2a: Excadrill\n|\n|-weather|RainDance|[upkeep]\n|upkeep\n|turn|4\n|\n|t:|1700568145\n|move|p2a: Excadrill|Swords Dance|p2a: Excadrill\n|-boost|p2a: Excadrill|atk|2\n|move|p1a: Ferrothorn|Body Press|p2a: Excadrill\n|-supereffective|p2a: Excadrill\n|-damage|p2a: Excadrill|0 fnt\n|faint|p2a: Excadrill\n|\n|-weather|RainDance|[upkeep]\n|upkeep\n|\n|t:|1700568155\n|switch|p2a: Goodra|Goodra-Hisui, F|100\/100\n|turn|5\n|\n|t:|1700568159\n|move|p1a: Ferrothorn|Knock Off|p2a: Goodra\n|-damage|p2a: Goodra|82\/100\n|-enditem|p2a: Goodra|Assault Vest|[from] move: Knock Off|[of] p1a: Ferrothorn\n|move|p2a: Goodra|Dragon Tail|p1a: Ferrothorn\n|-resisted|p1a: Ferrothorn\n|-damage|p1a: Ferrothorn|95\/100\n|-damage|p2a: Goodra|70\/100|[from] ability: Iron Barbs|[of] p1a: Ferrothorn\n|drag|p1a: Ludicolo|Ludicolo, F|100\/100\n|\n|-weather|RainDance|[upkeep]\n|upkeep\n|turn|6\n|\n|t:|1700568173\n|move|p1a: Ludicolo|Leech Seed|p2a: Goodra\n|-ability|p2a: Goodra|Sap Sipper|boost\n|-boost|p2a: Goodra|atk|1\n|move|p2a: Goodra|Draco Meteor|p1a: Ludicolo\n|-damage|p1a: Ludicolo|35\/100\n|-unboost|p2a: Goodra|spa|2\n|\n|-weather|RainDance|[upkeep]\n|-heal|p1a: Ludicolo|41\/100|[from] ability: Rain Dish\n|-heal|p1a: Ludicolo|47\/100|[from] item: Leftovers\n|upkeep\n|turn|7\n|\n|t:|1700568183\n|move|p1a: Ludicolo|Protect|p1a: Ludicolo\n|-singleturn|p1a: Ludicolo|Protect\n|move|p2a: Goodra|Earthquake|p1a: Ludicolo\n|-activate|p1a: Ludicolo|move: Protect\n|\n|-weather|RainDance|[upkeep]\n|-heal|p1a: Ludicolo|53\/100|[from] ability: Rain Dish\n|-heal|p1a: Ludicolo|59\/100|[from] item: Leftovers\n|upkeep\n|turn|8\n|\n|t:|1700568200\n|switch|p1a: Pelipper|Pelipper, M|100\/100\n|move|p2a: Goodra|Earthquake|p1a: Pelipper\n|-immune|p1a: Pelipper\n|\n|-weather|none\n|upkeep\n|turn|9\n|\n|t:|1700568213\n|switch|p2a: Grimmsnarl|Grimmsnarl, M|100\/100\n|move|p1a: Pelipper|Air Slash|p2a: Grimmsnarl\n|-damage|p2a: Grimmsnarl|83\/100\n|\n|-heal|p2a: Grimmsnarl|89\/100|[from] item: Leftovers\n|upkeep\n|turn|10\n|\n|t:|1700568221\n|switch|p1a: Ferrothorn|Ferrothorn, F|95\/100\n|move|p2a: Grimmsnarl|Parting Shot|p1a: Ferrothorn\n|-unboost|p1a: Ferrothorn|atk|1\n|-unboost|p1a: Ferrothorn|spa|1\n|\n|t:|1700568227\n|switch|p2a: Goodra|Goodra-Hisui, F|70\/100|[from] Parting Shot\n|\n|-heal|p1a: Ferrothorn|100\/100|[from] item: Leftovers\n|upkeep\n|turn|11\n|\n|t:|1700568234\n|move|p2a: Goodra|Draco Meteor|p1a: Ferrothorn\n|-resisted|p1a: Ferrothorn\n|-damage|p1a: Ferrothorn|72\/100\n|-unboost|p2a: Goodra|spa|2\n|move|p1a: Ferrothorn|Body Press|p2a: Goodra\n|-supereffective|p2a: Goodra\n|-damage|p2a: Goodra|15\/100\n|\n|-heal|p1a: Ferrothorn|79\/100|[from] item: Leftovers\n|upkeep\n|turn|12\n|\n|t:|1700568243\n|move|p2a: Goodra|Flamethrower|p1a: Ferrothorn\n|-supereffective|p1a: Ferrothorn\n|-damage|p1a: Ferrothorn|29\/100\n|move|p1a: Ferrothorn|Body Press|p2a: Goodra\n|-supereffective|p2a: Goodra\n|-damage|p2a: Goodra|0 fnt\n|faint|p2a: Goodra\n|\n|-heal|p1a: Ferrothorn|35\/100|[from] item: Leftovers\n|upkeep\n|\n|t:|1700568258\n|switch|p2a: Greninja|Greninja, M|100\/100\n|turn|13\n|\n|t:|1700568278\n|switch|p1a: Pelipper|Pelipper, M|100\/100\n|-weather|RainDance|[from] ability: Drizzle|[of] p1a: Pelipper\n|move|p2a: Greninja|Dark Pulse|p1a: Pelipper\n|-crit|p1a: Pelipper\n|-damage|p1a: Pelipper|0 fnt\n|faint|p1a: Pelipper\n|-ability|p2a: Greninja|Battle Bond|boost\n|-boost|p2a: Greninja|atk|1\n|-boost|p2a: Greninja|spa|1\n|-boost|p2a: Greninja|spe|1\n|-activate|p2a: Greninja|ability: Battle Bond\n|-damage|p2a: Greninja|91\/100|[from] item: Life Orb\n|\n|-weather|RainDance|[upkeep]\n|upkeep\n|\n|t:|1700568289\n|switch|p1a: Pawmot|Pawmot, F|100\/100\n|turn|14\n|\n|t:|1700568294\n|move|p2a: Greninja|Water Shuriken|p1a: Pawmot\n|-damage|p1a: Pawmot|67\/100\n|-damage|p1a: Pawmot|33\/100\n|-hitcount|p1a: Pawmot|2\n|-damage|p2a: Greninja|81\/100|[from] item: Life Orb\n|move|p1a: Pawmot|Double Shock|p2a: Greninja\n|-supereffective|p2a: Greninja\n|-damage|p2a: Greninja|0 fnt\n|-start|p1a: Pawmot|typechange|???\/Fighting|[from] move: Double Shock\n|faint|p2a: Greninja\n|\n|-weather|RainDance|[upkeep]\n|upkeep\n|\n|t:|1700568306\n|switch|p2a: Kartana|Kartana, tera:Grass|88\/100\n|turn|15\n|\n|t:|1700568313\n|switch|p1a: Ferrothorn|Ferrothorn, F|35\/100\n|move|p2a: Kartana|Leaf Blade|p1a: Ferrothorn\n|-resisted|p1a: Ferrothorn\n|-crit|p1a: Ferrothorn\n|-damage|p1a: Ferrothorn|17\/100\n|-damage|p2a: Kartana|76\/100|[from] ability: Iron Barbs|[of] p1a: Ferrothorn\n|\n|-weather|RainDance|[upkeep]\n|-heal|p1a: Ferrothorn|23\/100|[from] item: Leftovers\n|upkeep\n|turn|16\n|\n|t:|1700568325\n|switch|p2a: Aegislash|Aegislash, M|100\/100\n|move|p1a: Ferrothorn|Body Press|p2a: Aegislash\n|-immune|p2a: Aegislash\n|\n|-weather|RainDance|[upkeep]\n|-heal|p1a: Ferrothorn|29\/100|[from] item: Leftovers\n|upkeep\n|turn|17\n|\n|t:|1700568332\n|-formechange|p2a: Aegislash|Aegislash-Blade||[from] ability: Stance Change\n|move|p2a: Aegislash|Sacred Sword|p1a: Ferrothorn\n|-supereffective|p1a: Ferrothorn\n|-damage|p1a: Ferrothorn|0 fnt\n|-damage|p2a: Aegislash|88\/100|[from] ability: Iron Barbs|[of] p1a: Ferrothorn\n|faint|p1a: Ferrothorn\n|\n|-weather|RainDance|[upkeep]\n|-heal|p2a: Aegislash|94\/100|[from] item: Leftovers\n|upkeep\n|\n|t:|1700568341\n|switch|p1a: Swampert|Swampert, F|100\/100\n|turn|18\n|\n|t:|1700568351\n|detailschange|p1a: Swampert|Swampert-Mega, F\n|-mega|p1a: Swampert|Swampert|Swampertite\n|-formechange|p2a: Aegislash|Aegislash||[from] ability: Stance Change\n|move|p2a: Aegislash|King's Shield|p2a: Aegislash\n|-singleturn|p2a: Aegislash|Protect\n|move|p1a: Swampert|Earthquake|p2a: Aegislash\n|-activate|p2a: Aegislash|move: Protect\n|\n|-weather|RainDance|[upkeep]\n|-heal|p2a: Aegislash|100\/100|[from] item: Leftovers\n|upkeep\n|turn|19\n|\n|t:|1700568363\n|move|p1a: Swampert|Earthquake|p2a: Aegislash\n|-supereffective|p2a: Aegislash\n|-damage|p2a: Aegislash|2\/100\n|-formechange|p2a: Aegislash|Aegislash-Blade||[from] ability: Stance Change\n|move|p2a: Aegislash|Iron Head|p1a: Swampert\n|-resisted|p1a: Swampert\n|-damage|p1a: Swampert|80\/100\n|\n|-weather|RainDance|[upkeep]\n|-heal|p2a: Aegislash|8\/100|[from] item: Leftovers\n|upkeep\n|turn|20\n|\n|t:|1700568375\n|switch|p1a: Ludicolo|Ludicolo, F|59\/100\n|move|p2a: Aegislash|Shadow Sneak|p1a: Ludicolo\n|-damage|p1a: Ludicolo|40\/100\n|\n|-weather|none\n|-heal|p1a: Ludicolo|46\/100|[from] item: Leftovers\n|-heal|p2a: Aegislash|14\/100|[from] item: Leftovers\n|upkeep\n|turn|21\n|\n|t:|1700568388\n|move|p1a: Ludicolo|Knock Off|p2a: Aegislash\n|-supereffective|p2a: Aegislash\n|-damage|p2a: Aegislash|0 fnt\n|-enditem|p2a: Aegislash|Leftovers|[from] move: Knock Off|[of] p1a: Ludicolo\n|faint|p2a: Aegislash\n|\n|-heal|p1a: Ludicolo|52\/100|[from] item: Leftovers\n|upkeep\n|\n|t:|1700568395\n|switch|p2a: Kartana|Kartana, tera:Grass|76\/100\n|turn|22\n|\n|t:|1700568408\n|move|p2a: Kartana|X-Scissor|p1a: Ludicolo\n|-supereffective|p1a: Ludicolo\n|-damage|p1a: Ludicolo|0 fnt\n|faint|p1a: Ludicolo\n|-ability|p2a: Kartana|Beast Boost|boost\n|-boost|p2a: Kartana|atk|1\n|\n|upkeep\n|\n|t:|1700568414\n|switch|p1a: Zapdos|Zapdos|100\/100\n|-ability|p1a: Zapdos|Pressure\n|turn|23\n|\n|t:|1700568420\n|switch|p2a: Grimmsnarl|Grimmsnarl, M|89\/100\n|move|p1a: Zapdos|Hurricane|p2a: Grimmsnarl|[miss]\n|-miss|p1a: Zapdos|p2a: Grimmsnarl\n|\n|-heal|p2a: Grimmsnarl|95\/100|[from] item: Leftovers\n|upkeep\n|turn|24\n|\n|t:|1700568435\n|move|p1a: Zapdos|Volt Switch|p2a: Grimmsnarl\n|-damage|p2a: Grimmsnarl|63\/100\n|\n|t:|1700568438\n|switch|p1a: Pawmot|Pawmot, F|33\/100|[from] Volt Switch\n|move|p2a: Grimmsnarl|Spirit Break|p1a: Pawmot\n|-supereffective|p1a: Pawmot\n|-damage|p1a: Pawmot|0 fnt\n|faint|p1a: Pawmot\n|\n|-heal|p2a: Grimmsnarl|69\/100|[from] item: Leftovers\n|upkeep\n|\n|t:|1700568447\n|switch|p1a: Zapdos|Zapdos|100\/100\n|-ability|p1a: Zapdos|Pressure\n|turn|25\n|\n|t:|1700568452\n|move|p2a: Grimmsnarl|Light Screen|p2a: Grimmsnarl\n|-sidestart|p2: Lajonnne|move: Light Screen\n|move|p1a: Zapdos|Hurricane|p2a: Grimmsnarl\n|-damage|p2a: Grimmsnarl|47\/100\n|\n|-heal|p2a: Grimmsnarl|54\/100|[from] item: Leftovers\n|upkeep\n|turn|26\n|\n|t:|1700568463\n|move|p2a: Grimmsnarl|Reflect|p2a: Grimmsnarl\n|-sidestart|p2: Lajonnne|Reflect\n|move|p1a: Zapdos|Hurricane|p2a: Grimmsnarl\n|-damage|p2a: Grimmsnarl|32\/100\n|\n|-heal|p2a: Grimmsnarl|38\/100|[from] item: Leftovers\n|upkeep\n|turn|27\n|\n|t:|1700568469\n|move|p1a: Zapdos|Hurricane|p2a: Grimmsnarl|[miss]\n|-miss|p1a: Zapdos|p2a: Grimmsnarl\n|move|p2a: Grimmsnarl|Spirit Break|p1a: Zapdos\n|-damage|p1a: Zapdos|70\/100\n|-unboost|p1a: Zapdos|spa|1\n|\n|-heal|p2a: Grimmsnarl|44\/100|[from] item: Leftovers\n|upkeep\n|turn|28\n|\n|t:|1700568477\n|move|p1a: Zapdos|Volt Switch|p2a: Grimmsnarl\n|-damage|p2a: Grimmsnarl|35\/100\n|\n|t:|1700568481\n|switch|p1a: Swampert|Swampert-Mega, F|80\/100|[from] Volt Switch\n|move|p2a: Grimmsnarl|Spirit Break|p1a: Swampert\n|-damage|p1a: Swampert|52\/100\n|-unboost|p1a: Swampert|spa|1\n|\n|-heal|p2a: Grimmsnarl|41\/100|[from] item: Leftovers\n|upkeep\n|turn|29\n|\n|t:|1700568488\n|move|p1a: Swampert|Liquidation|p2a: Grimmsnarl\n|-crit|p2a: Grimmsnarl\n|-damage|p2a: Grimmsnarl|0 fnt\n|faint|p2a: Grimmsnarl\n|\n|-sideend|p2: Lajonnne|move: Light Screen\n|upkeep\n|\n|t:|1700568494\n|switch|p2a: Kartana|Kartana, tera:Grass|76\/100\n|turn|30\n|\n|t:|1700568499\n|move|p2a: Kartana|Leaf Blade|p1a: Swampert\n|-supereffective|p1a: Swampert\n|-damage|p1a: Swampert|0 fnt\n|faint|p1a: Swampert\n|-ability|p2a: Kartana|Beast Boost|boost\n|-boost|p2a: Kartana|atk|1\n|\n|-sideend|p2: Lajonnne|Reflect\n|upkeep\n|\n|t:|1700568501\n|switch|p1a: Zapdos|Zapdos|70\/100\n|-ability|p1a: Zapdos|Pressure\n|turn|31\n|\n|t:|1700568508\n|move|p2a: Kartana|Leaf Blade|p1a: Zapdos\n|-resisted|p1a: Zapdos\n|-damage|p1a: Zapdos|9\/100\n|move|p1a: Zapdos|Hurricane|p2a: Kartana|[miss]\n|-miss|p1a: Zapdos|p2a: Kartana\n|\n|upkeep\n|turn|32\n|c|\u2606Lajonnne|GG\n|-message|rainfallbeats forfeited.\n|\n|win|Lajonnne\n|raw|rainfallbeats's rating: 1139 &rarr; <strong>1112<\/strong><br \/>(-27 for losing)\n|raw|Lajonnne's rating: 1111 &rarr; <strong>1138<\/strong><br \/>(+27 for winning)\n|l|\u2606rainfallbeats\n|c|\u2606Lajonnne|great match\n","uploadtime":1700568529,"views":0,"p1id":"rainfallbeats","p2id":"lajonnne","formatid":"gen9nationaldex","rating":1112,"private":0,"password":""}