{"id":"gen9nationaldex-1997022477","p1":"xiaoxiao5","p2":"Glass101","format":"[Gen 9] National Dex","log":"|html|<div class=\"broadcast-blue\"><strong>[Gen 9] National Dex is currently suspecting Sneasler! For information on how to participate check out the <a href=\"https:\/\/www.smogon.com\/forums\/threads\/sv-national-dex-suspect-8-just-dance.3731534\/\">suspect thread<\/a>.<\/strong><\/div>\n|j|\u2606xiaoxiao5\n|j|\u2606Glass101\n|t:|1700756645\n|gametype|singles\n|player|p1|xiaoxiao5|101|1249\n|player|p2|Glass101|rocketgruntf|1354\n|teamsize|p1|6\n|teamsize|p2|6\n|gen|9\n|tier|[Gen 9] National Dex\n|rated|\n|rule|HP Percentage Mod: HP is shown in percentages\n|rule|Endless Battle Clause: Forcing endless battles is banned\n|rule|OHKO Clause: OHKO moves are banned\n|rule|Evasion Clause: Evasion abilities, items, and moves are banned\n|rule|Evasion Abilities Clause: Evasion abilities are banned\n|rule|Evasion Items Clause: Evasion items are banned\n|rule|Evasion Moves Clause: Evasion moves are banned\n|rule|Species Clause: Limit one of each Pok\u00e9mon\n|rule|Sleep Clause Mod: Limit one foe put to sleep\n|clearpoke\n|poke|p1|Tyranitar, F|\n|poke|p1|Rillaboom, F|\n|poke|p1|Flygon, F|\n|poke|p1|Hawlucha, M|\n|poke|p1|Celesteela|\n|poke|p1|Ting-Lu|\n|poke|p2|Kyurem|\n|poke|p2|Galvantula, M|\n|poke|p2|Cresselia, F|\n|poke|p2|Ceruledge, M|\n|poke|p2|Glimmora, M|\n|poke|p2|Clodsire, F|\n|teampreview\n|inactive|Battle timer is ON: inactive players will automatically lose when time's up. (requested by Glass101)\n|\n|t:|1700756668\n|start\n|switch|p1a: Ting-Lu|Ting-Lu|100\/100\n|switch|p2a: Glimmora|Glimmora, M|100\/100\n|-ability|p1a: Ting-Lu|Vessel of Ruin\n|turn|1\n|\n|t:|1700756672\n|move|p2a: Glimmora|Stealth Rock|p1a: Ting-Lu\n|-sidestart|p1: xiaoxiao5|move: Stealth Rock\n|move|p1a: Ting-Lu|Stealth Rock|p2a: Glimmora\n|-sidestart|p2: Glass101|move: Stealth Rock\n|\n|upkeep\n|turn|2\n|\n|t:|1700756675\n|move|p2a: Glimmora|Mortal Spin|p1a: Ting-Lu\n|-resisted|p1a: Ting-Lu\n|-damage|p1a: Ting-Lu|99\/100\n|-status|p1a: Ting-Lu|psn\n|-sideend|p2: Glass101|Stealth Rock|[from] move: Mortal Spin|[of] p2a: Glimmora\n|move|p1a: Ting-Lu|Earthquake|p2a: Glimmora\n|-supereffective|p2a: Glimmora\n|-enditem|p2a: Glimmora|Focus Sash\n|-damage|p2a: Glimmora|1\/100\n|-activate|p2a: Glimmora|ability: Toxic Debris\n|-sidestart|p1: xiaoxiao5|move: Toxic Spikes\n|\n|-heal|p1a: Ting-Lu|100\/100 psn|[from] item: Leftovers\n|-damage|p1a: Ting-Lu|88\/100 psn|[from] psn\n|upkeep\n|turn|3\n|\n|t:|1700756683\n|move|p2a: Glimmora|Earth Power|p1a: Ting-Lu\n|-damage|p1a: Ting-Lu|73\/100 psn\n|move|p1a: Ting-Lu|Earthquake|p2a: Glimmora\n|-supereffective|p2a: Glimmora\n|-damage|p2a: Glimmora|0 fnt\n|-activate|p2a: Glimmora|ability: Toxic Debris\n|-sidestart|p1: xiaoxiao5|move: Toxic Spikes\n|faint|p2a: Glimmora\n|\n|-heal|p1a: Ting-Lu|79\/100 psn|[from] item: Leftovers\n|-damage|p1a: Ting-Lu|67\/100 psn|[from] psn\n|upkeep\n|\n|t:|1700756689\n|switch|p2a: Kyurem|Kyurem|100\/100\n|-ability|p2a: Kyurem|Pressure\n|turn|4\n|\n|t:|1700756694\n|move|p2a: Kyurem|Substitute|p2a: Kyurem\n|-start|p2a: Kyurem|Substitute\n|-damage|p2a: Kyurem|76\/100\n|move|p1a: Ting-Lu|Stealth Rock|p2a: Kyurem\n|-sidestart|p2: Glass101|move: Stealth Rock\n|\n|-heal|p1a: Ting-Lu|73\/100 psn|[from] item: Leftovers\n|-damage|p1a: Ting-Lu|61\/100 psn|[from] psn\n|upkeep\n|turn|5\n|\n|t:|1700756697\n|move|p2a: Kyurem|Freeze-Dry|p1a: Ting-Lu\n|-supereffective|p1a: Ting-Lu\n|-damage|p1a: Ting-Lu|13\/100 psn\n|-damage|p2a: Kyurem|66\/100|[from] item: Life Orb\n|move|p1a: Ting-Lu|Whirlwind|p2a: Kyurem\n|drag|p2a: Ceruledge|Ceruledge, M|100\/100\n|\n|-heal|p1a: Ting-Lu|19\/100 psn|[from] item: Leftovers\n|-damage|p1a: Ting-Lu|7\/100 psn|[from] psn\n|upkeep\n|turn|6\n|\n|t:|1700756706\n|move|p2a: Ceruledge|Bitter Blade|p1a: Ting-Lu\n|-damage|p1a: Ting-Lu|0 fnt\n|faint|p1a: Ting-Lu\n|\n|upkeep\n|\n|t:|1700756712\n|switch|p1a: Flygon|Flygon, F|100\/100\n|-damage|p1a: Flygon|95\/100|[from] Stealth Rock\n|turn|7\n|\n|t:|1700756726\n|switch|p2a: Galvantula|Galvantula, M|100\/100\n|-damage|p2a: Galvantula|76\/100|[from] Stealth Rock\n|move|p1a: Flygon|Earthquake|p2a: Galvantula\n|-damage|p2a: Galvantula|0 fnt\n|faint|p2a: Galvantula\n|-damage|p1a: Flygon|85\/100|[from] item: Life Orb\n|\n|upkeep\n|\n|t:|1700756733\n|switch|p2a: Cresselia|Cresselia, F|100\/100\n|-damage|p2a: Cresselia|88\/100|[from] Stealth Rock\n|turn|8\n|\n|t:|1700756738\n|move|p1a: Flygon|Fire Blast|p2a: Cresselia|[miss]\n|-miss|p1a: Flygon|p2a: Cresselia\n|move|p2a: Cresselia|Calm Mind|p2a: Cresselia\n|-boost|p2a: Cresselia|spa|1\n|-boost|p2a: Cresselia|spd|1\n|\n|upkeep\n|turn|9\n|\n|t:|1700756753\n|switch|p1a: Rillaboom|Rillaboom, F|100\/100\n|-damage|p1a: Rillaboom|88\/100|[from] Stealth Rock\n|-status|p1a: Rillaboom|tox\n|-fieldstart|move: Grassy Terrain|[from] ability: Grassy Surge|[of] p1a: Rillaboom\n|move|p2a: Cresselia|Calm Mind|p2a: Cresselia\n|-boost|p2a: Cresselia|spa|1\n|-boost|p2a: Cresselia|spd|1\n|\n|-heal|p1a: Rillaboom|94\/100 tox|[from] Grassy Terrain\n|-damage|p1a: Rillaboom|88\/100 tox|[from] psn\n|upkeep\n|turn|10\n|\n|t:|1700756758\n|-terastallize|p2a: Cresselia|Poison\n|move|p1a: Rillaboom|Wood Hammer|p2a: Cresselia\n|-resisted|p2a: Cresselia\n|-damage|p2a: Cresselia|48\/100\n|-damage|p1a: Rillaboom|71\/100 tox|[from] Recoil\n|move|p2a: Cresselia|Calm Mind|p2a: Cresselia\n|-boost|p2a: Cresselia|spa|1\n|-boost|p2a: Cresselia|spd|1\n|\n|-heal|p1a: Rillaboom|77\/100 tox|[from] Grassy Terrain\n|-damage|p1a: Rillaboom|65\/100 tox|[from] psn\n|upkeep\n|turn|11\n|\n|t:|1700756768\n|move|p1a: Rillaboom|Wood Hammer|p2a: Cresselia\n|-resisted|p2a: Cresselia\n|-damage|p2a: Cresselia|14\/100\n|-damage|p1a: Rillaboom|50\/100 tox|[from] Recoil\n|move|p2a: Cresselia|Moonlight|p2a: Cresselia\n|-heal|p2a: Cresselia|64\/100\n|\n|-heal|p1a: Rillaboom|56\/100 tox|[from] Grassy Terrain\n|-damage|p1a: Rillaboom|38\/100 tox|[from] psn\n|upkeep\n|turn|12\n|\n|t:|1700756774\n|move|p1a: Rillaboom|Wood Hammer|p2a: Cresselia\n|-resisted|p2a: Cresselia\n|-damage|p2a: Cresselia|27\/100\n|-damage|p1a: Rillaboom|22\/100 tox|[from] Recoil\n|move|p2a: Cresselia|Moonlight|p2a: Cresselia\n|-heal|p2a: Cresselia|77\/100\n|\n|-heal|p1a: Rillaboom|28\/100 tox|[from] Grassy Terrain\n|-damage|p1a: Rillaboom|4\/100 tox|[from] psn\n|upkeep\n|turn|13\n|\n|t:|1700756779\n|move|p1a: Rillaboom|Wood Hammer|p2a: Cresselia\n|-resisted|p2a: Cresselia\n|-damage|p2a: Cresselia|37\/100\n|-damage|p1a: Rillaboom|0 fnt|[from] Recoil\n|faint|p1a: Rillaboom\n|move|p2a: Cresselia|Moonlight|p2a: Cresselia\n|-heal|p2a: Cresselia|87\/100\n|\n|-fieldend|move: Grassy Terrain\n|upkeep\n|\n|t:|1700756799\n|switch|p1a: Hawlucha|Hawlucha, M|100\/100\n|-damage|p1a: Hawlucha|88\/100|[from] Stealth Rock\n|turn|14\n|\n|t:|1700756804\n|-terastallize|p1a: Hawlucha|Steel\n|move|p1a: Hawlucha|Swords Dance|p1a: Hawlucha\n|-boost|p1a: Hawlucha|atk|2\n|move|p2a: Cresselia|Stored Power|p1a: Hawlucha\n|-resisted|p1a: Hawlucha\n|-damage|p1a: Hawlucha|14\/100\n|\n|upkeep\n|turn|15\n|\n|t:|1700756813\n|move|p1a: Hawlucha|High Jump Kick|p2a: Cresselia\n|-resisted|p2a: Cresselia\n|-damage|p2a: Cresselia|54\/100\n|move|p2a: Cresselia|Stored Power|p1a: Hawlucha\n|-resisted|p1a: Hawlucha\n|-damage|p1a: Hawlucha|0 fnt\n|faint|p1a: Hawlucha\n|\n|upkeep\n|\n|t:|1700756818\n|switch|p1a: Tyranitar|Tyranitar, F|100\/100\n|-damage|p1a: Tyranitar|88\/100|[from] Stealth Rock\n|-status|p1a: Tyranitar|tox\n|-weather|Sandstorm|[from] ability: Sand Stream|[of] p1a: Tyranitar\n|turn|16\n|\n|t:|1700756825\n|detailschange|p1a: Tyranitar|Tyranitar-Mega, F\n|-mega|p1a: Tyranitar|Tyranitar|Tyranitarite\n|move|p1a: Tyranitar|Stone Edge|p2a: Cresselia\n|-damage|p2a: Cresselia|17\/100\n|move|p2a: Cresselia|Moonlight|p2a: Cresselia\n|-heal|p2a: Cresselia|42\/100\n|\n|-weather|Sandstorm|[upkeep]\n|-damage|p2a: Cresselia|36\/100|[from] Sandstorm\n|-damage|p1a: Tyranitar|82\/100 tox|[from] psn\n|upkeep\n|turn|17\n|\n|t:|1700756833\n|move|p1a: Tyranitar|Dragon Dance|p1a: Tyranitar\n|-boost|p1a: Tyranitar|atk|1\n|-boost|p1a: Tyranitar|spe|1\n|move|p2a: Cresselia|Moonblast|p1a: Tyranitar\n|-supereffective|p1a: Tyranitar\n|-damage|p1a: Tyranitar|36\/100 tox\n|\n|-weather|Sandstorm|[upkeep]\n|-damage|p2a: Cresselia|30\/100|[from] Sandstorm\n|-damage|p1a: Tyranitar|23\/100 tox|[from] psn\n|upkeep\n|turn|18\n|\n|t:|1700756847\n|move|p1a: Tyranitar|Knock Off|p2a: Cresselia\n|-damage|p2a: Cresselia|0 fnt\n|-enditem|p2a: Cresselia|Covert Cloak|[from] move: Knock Off|[of] p1a: Tyranitar\n|faint|p2a: Cresselia\n|\n|-weather|Sandstorm|[upkeep]\n|-damage|p1a: Tyranitar|5\/100 tox|[from] psn\n|upkeep\n|\n|t:|1700756850\n|switch|p2a: Clodsire|Clodsire, F|100\/100\n|-damage|p2a: Clodsire|94\/100|[from] Stealth Rock\n|turn|19\n|\n|t:|1700756859\n|move|p1a: Tyranitar|Knock Off|p2a: Clodsire\n|-damage|p2a: Clodsire|44\/100\n|-enditem|p2a: Clodsire|Ability Shield|[from] move: Knock Off|[of] p1a: Tyranitar\n|move|p2a: Clodsire|Recover|p2a: Clodsire\n|-heal|p2a: Clodsire|94\/100\n|\n|-weather|Sandstorm|[upkeep]\n|-damage|p1a: Tyranitar|0 fnt|[from] psn\n|faint|p1a: Tyranitar\n|upkeep\n|\n|t:|1700756870\n|switch|p1a: Celesteela|Celesteela|100\/100\n|-damage|p1a: Celesteela|88\/100|[from] Stealth Rock\n|turn|20\n|\n|t:|1700756881\n|switch|p2a: Kyurem|Kyurem|66\/100\n|-damage|p2a: Kyurem|41\/100|[from] Stealth Rock\n|-ability|p2a: Kyurem|Pressure\n|move|p1a: Celesteela|Autotomize|p1a: Celesteela\n|-boost|p1a: Celesteela|spe|2\n|-start|p1a: Celesteela|Autotomize\n|\n|-weather|none\n|upkeep\n|turn|21\n|\n|t:|1700756891\n|move|p1a: Celesteela|Meteor Beam||[still]\n|-prepare|p1a: Celesteela|Meteor Beam\n|-boost|p1a: Celesteela|spa|1\n|-enditem|p1a: Celesteela|Power Herb\n|-anim|p1a: Celesteela|Meteor Beam|p2a: Kyurem\n|-supereffective|p2a: Kyurem\n|-crit|p2a: Kyurem\n|-damage|p2a: Kyurem|0 fnt\n|faint|p2a: Kyurem\n|-ability|p1a: Celesteela|Beast Boost|boost\n|-boost|p1a: Celesteela|spa|1\n|\n|upkeep\n|\n|t:|1700756895\n|switch|p2a: Ceruledge|Ceruledge, M|100\/100\n|turn|22\n|\n|t:|1700756901\n|move|p1a: Celesteela|Air Slash|p2a: Ceruledge\n|-damage|p2a: Ceruledge|29\/100\n|move|p2a: Ceruledge|Bitter Blade|p1a: Celesteela\n|-supereffective|p1a: Celesteela\n|-damage|p1a: Celesteela|0 fnt\n|-heal|p2a: Ceruledge|76\/100|[from] drain|[of] p1a: Celesteela\n|faint|p1a: Celesteela\n|\n|upkeep\n|\n|t:|1700756906\n|switch|p1a: Flygon|Flygon, F|85\/100\n|-damage|p1a: Flygon|79\/100|[from] Stealth Rock\n|turn|23\n|\n|t:|1700756917\n|move|p1a: Flygon|Earthquake|p2a: Ceruledge\n|-supereffective|p2a: Ceruledge\n|-damage|p2a: Ceruledge|0 fnt\n|faint|p2a: Ceruledge\n|-damage|p1a: Flygon|69\/100|[from] item: Life Orb\n|\n|upkeep\n|\n|t:|1700756918\n|switch|p2a: Clodsire|Clodsire, F|94\/100\n|-damage|p2a: Clodsire|88\/100|[from] Stealth Rock\n|turn|24\n|\n|t:|1700756921\n|move|p1a: Flygon|Earthquake|p2a: Clodsire\n|-supereffective|p2a: Clodsire\n|-damage|p2a: Clodsire|17\/100\n|-damage|p1a: Flygon|59\/100|[from] item: Life Orb\n|move|p2a: Clodsire|Counter|p1a: Flygon\n|-damage|p1a: Flygon|0 fnt\n|faint|p1a: Flygon\n|\n|win|Glass101\n|raw|xiaoxiao5's rating: 1249 &rarr; <strong>1231<\/strong><br \/>(-18 for losing)\n|raw|Glass101's rating: 1354 &rarr; <strong>1368<\/strong><br \/>(+14 for winning)\n|c|\u2606Glass101|Clod the god .-.\n|l|\u2606xiaoxiao5\n|c|\u2606Glass101|Gg\n","uploadtime":1700756945,"views":1,"p1id":"xiaoxiao5","p2id":"glass101","formatid":"gen9nationaldex","rating":1231,"private":0,"password":""}