{"id":"gen9nationaldex-1995217068","p1":"Mr.Coxinha","p2":"TheTurtwigWrangler","format":"[Gen 9] National Dex","log":"|html|<div class=\"broadcast-blue\"><strong>[Gen 9] National Dex is currently suspecting Sneasler! For information on how to participate check out the <a href=\"https:\/\/www.smogon.com\/forums\/threads\/sv-national-dex-suspect-8-just-dance.3731534\/\">suspect thread<\/a>.<\/strong><\/div>\n|j|\u2606Mr.Coxinha\n|j|\u2606TheTurtwigWrangler\n|t:|1700535815\n|gametype|singles\n|player|p1|Mr.Coxinha|janitor|1086\n|player|p2|TheTurtwigWrangler|worker|1187\n|teamsize|p1|6\n|teamsize|p2|6\n|gen|9\n|tier|[Gen 9] National Dex\n|rated|\n|rule|HP Percentage Mod: HP is shown in percentages\n|rule|Endless Battle Clause: Forcing endless battles is banned\n|rule|OHKO Clause: OHKO moves are banned\n|rule|Evasion Clause: Evasion abilities, items, and moves are banned\n|rule|Evasion Abilities Clause: Evasion abilities are banned\n|rule|Evasion Items Clause: Evasion items are banned\n|rule|Evasion Moves Clause: Evasion moves are banned\n|rule|Species Clause: Limit one of each Pok\u00e9mon\n|rule|Sleep Clause Mod: Limit one foe put to sleep\n|clearpoke\n|poke|p1|Swampert, M|\n|poke|p1|Kabutops, F|\n|poke|p1|Pelipper, M|\n|poke|p1|Toxapex, F|\n|poke|p1|Rotom-Wash|\n|poke|p1|Poliwrath, M|\n|poke|p2|Charizard, F|\n|poke|p2|Venusaur, F|\n|poke|p2|Torkoal, M|\n|poke|p2|Scovillain, M|\n|poke|p2|Great Tusk|\n|poke|p2|Sceptile, M|\n|teampreview\n|\n|t:|1700535833\n|start\n|switch|p1a: Nigel|Pelipper, M|100\/100\n|switch|p2a: Fat Fuck|Venusaur, F|100\/100\n|-weather|RainDance|[from] ability: Drizzle|[of] p1a: Nigel\n|turn|1\n|\n|t:|1700535846\n|-terastallize|p2a: Fat Fuck|Poison\n|move|p2a: Fat Fuck|Growth|p2a: Fat Fuck\n|-boost|p2a: Fat Fuck|atk|1\n|-boost|p2a: Fat Fuck|spa|1\n|move|p1a: Nigel|Hurricane|p2a: Fat Fuck\n|-damage|p2a: Fat Fuck|57\/100\n|\n|-weather|RainDance|[upkeep]\n|-heal|p2a: Fat Fuck|63\/100|[from] item: Black Sludge\n|upkeep\n|turn|2\n|\n|t:|1700535859\n|move|p2a: Fat Fuck|Energy Ball|p1a: Nigel\n|-damage|p1a: Nigel|0 fnt\n|faint|p1a: Nigel\n|\n|-weather|RainDance|[upkeep]\n|-heal|p2a: Fat Fuck|69\/100|[from] item: Black Sludge\n|upkeep\n|\n|t:|1700535869\n|switch|p1a: Bigger Mudkip|Swampert, M|100\/100\n|turn|3\n|\n|t:|1700535874\n|detailschange|p1a: Bigger Mudkip|Swampert-Mega, M\n|-mega|p1a: Bigger Mudkip|Swampert|Swampertite\n|move|p1a: Bigger Mudkip|Earthquake|p2a: Fat Fuck\n|-supereffective|p2a: Fat Fuck\n|-damage|p2a: Fat Fuck|0 fnt\n|faint|p2a: Fat Fuck\n|\n|-weather|RainDance|[upkeep]\n|upkeep\n|\n|t:|1700535883\n|switch|p2a: Lord Bong|Torkoal, M|100\/100\n|-weather|SunnyDay|[from] ability: Drought|[of] p2a: Lord Bong\n|turn|4\n|\n|t:|1700535890\n|move|p1a: Bigger Mudkip|Aqua Tail|p2a: Lord Bong\n|-supereffective|p2a: Lord Bong\n|-damage|p2a: Lord Bong|56\/100\n|move|p2a: Lord Bong|Yawn|p1a: Bigger Mudkip\n|-start|p1a: Bigger Mudkip|move: Yawn|[of] p2a: Lord Bong\n|\n|-weather|SunnyDay|[upkeep]\n|upkeep\n|turn|5\n|\n|t:|1700535907\n|switch|p1a: Bocchi|Toxapex, F, shiny|100\/100\n|switch|p2a: Salsa|Sceptile, M|100\/100\n|\n|-weather|SunnyDay|[upkeep]\n|upkeep\n|turn|6\n|\n|t:|1700535918\n|move|p1a: Bocchi|Baneful Bunker|p1a: Bocchi\n|-singleturn|p1a: Bocchi|move: Protect\n|move|p2a: Salsa|Solar Beam||[still]\n|-prepare|p2a: Salsa|Solar Beam\n|-anim|p2a: Salsa|Solar Beam|p1a: Bocchi\n|-activate|p1a: Bocchi|move: Protect\n|\n|-weather|SunnyDay|[upkeep]\n|upkeep\n|turn|7\n|\n|t:|1700535930\n|move|p2a: Salsa|Thunder Punch|p1a: Bocchi\n|-supereffective|p1a: Bocchi\n|-damage|p1a: Bocchi|67\/100\n|move|p1a: Bocchi|Toxic|p2a: Salsa\n|-status|p2a: Salsa|tox\n|\n|-weather|SunnyDay|[upkeep]\n|-heal|p1a: Bocchi|73\/100|[from] item: Black Sludge\n|-damage|p2a: Salsa|94\/100 tox|[from] psn\n|upkeep\n|turn|8\n|\n|t:|1700535942\n|switch|p2a: Lord Bong|Torkoal, M|56\/100\n|move|p1a: Bocchi|Sludge Wave|p2a: Lord Bong\n|-damage|p2a: Lord Bong|32\/100\n|\n|-weather|SunnyDay|[upkeep]\n|-heal|p1a: Bocchi|79\/100|[from] item: Black Sludge\n|upkeep\n|turn|9\n|\n|t:|1700535951\n|move|p1a: Bocchi|Sludge Wave|p2a: Lord Bong\n|-damage|p2a: Lord Bong|8\/100\n|move|p2a: Lord Bong|Yawn|p1a: Bocchi\n|-start|p1a: Bocchi|move: Yawn|[of] p2a: Lord Bong\n|\n|-weather|SunnyDay|[upkeep]\n|-heal|p1a: Bocchi|85\/100|[from] item: Black Sludge\n|upkeep\n|turn|10\n|\n|t:|1700535961\n|switch|p1a: Alien From MIB|Kabutops, F|100\/100\n|switch|p2a: Salsa|Sceptile, M|94\/100 tox\n|\n|-weather|SunnyDay|[upkeep]\n|-damage|p2a: Salsa|88\/100 tox|[from] psn\n|upkeep\n|turn|11\n|\n|t:|1700535971\n|switch|p1a: Bocchi|Toxapex, F, shiny|85\/100\n|move|p2a: Salsa|Solar Beam||[still]\n|-prepare|p2a: Salsa|Solar Beam\n|-anim|p2a: Salsa|Solar Beam|p1a: Bocchi\n|-damage|p1a: Bocchi|45\/100\n|\n|-weather|none\n|-heal|p1a: Bocchi|51\/100|[from] item: Black Sludge\n|-damage|p2a: Salsa|76\/100 tox|[from] psn\n|upkeep\n|turn|12\n|\n|t:|1700535984\n|move|p2a: Salsa|Thunder Punch|p1a: Bocchi\n|-supereffective|p1a: Bocchi\n|-damage|p1a: Bocchi|21\/100\n|move|p1a: Bocchi|Sludge Wave|p2a: Salsa\n|-supereffective|p2a: Salsa\n|-crit|p2a: Salsa\n|-damage|p2a: Salsa|0 fnt\n|faint|p2a: Salsa\n|\n|-heal|p1a: Bocchi|27\/100|[from] item: Black Sludge\n|upkeep\n|\n|t:|1700536001\n|switch|p2a: Summer Mamoswine|Great Tusk|100\/100\n|turn|13\n|\n|t:|1700536006\n|switch|p1a: Eletrolux|Rotom-Wash, shiny|100\/100\n|move|p2a: Summer Mamoswine|Headlong Rush|p1a: Eletrolux\n|-immune|p1a: Eletrolux|[from] ability: Levitate\n|\n|upkeep\n|turn|14\n|\n|t:|1700536021\n|-end|p2a: Summer Mamoswine|Protosynthesis|[silent]\n|switch|p2a: Lord Bong|Torkoal, M|8\/100\n|-weather|SunnyDay|[from] ability: Drought|[of] p2a: Lord Bong\n|move|p1a: Eletrolux|Toxic|p2a: Lord Bong\n|-status|p2a: Lord Bong|tox\n|\n|-weather|SunnyDay|[upkeep]\n|-damage|p2a: Lord Bong|2\/100 tox|[from] psn\n|upkeep\n|turn|15\n|\n|t:|1700536028\n|move|p1a: Eletrolux|Substitute|p1a: Eletrolux\n|-start|p1a: Eletrolux|Substitute\n|-damage|p1a: Eletrolux|76\/100\n|move|p2a: Lord Bong|Stealth Rock|p1a: Eletrolux\n|-sidestart|p1: Mr.Coxinha|move: Stealth Rock\n|\n|-weather|SunnyDay|[upkeep]\n|-heal|p1a: Eletrolux|82\/100|[from] item: Leftovers\n|-damage|p2a: Lord Bong|0 fnt|[from] psn\n|faint|p2a: Lord Bong\n|upkeep\n|\n|t:|1700536034\n|switch|p2a: Scorchero|Scovillain, M|100\/100\n|turn|16\n|\n|t:|1700536039\n|move|p2a: Scorchero|Solar Beam||[still]\n|-prepare|p2a: Scorchero|Solar Beam\n|-anim|p2a: Scorchero|Solar Beam|p1a: Eletrolux\n|-supereffective|p1a: Eletrolux\n|-end|p1a: Eletrolux|Substitute\n|move|p1a: Eletrolux|Toxic|p2a: Scorchero|[miss]\n|-miss|p1a: Eletrolux|p2a: Scorchero\n|\n|-weather|SunnyDay|[upkeep]\n|-heal|p1a: Eletrolux|88\/100|[from] item: Leftovers\n|upkeep\n|turn|17\n|\n|t:|1700536048\n|-terastallize|p1a: Eletrolux|Poison\n|move|p2a: Scorchero|Solar Beam||[still]\n|-prepare|p2a: Scorchero|Solar Beam\n|-anim|p2a: Scorchero|Solar Beam|p1a: Eletrolux\n|-resisted|p1a: Eletrolux\n|-damage|p1a: Eletrolux|44\/100\n|move|p1a: Eletrolux|Substitute|p1a: Eletrolux\n|-start|p1a: Eletrolux|Substitute\n|-damage|p1a: Eletrolux|20\/100\n|\n|-weather|SunnyDay|[upkeep]\n|-heal|p1a: Eletrolux|26\/100|[from] item: Leftovers\n|upkeep\n|turn|18\n|\n|t:|1700536055\n|move|p2a: Scorchero|Fire Blast|p1a: Eletrolux\n|-end|p1a: Eletrolux|Substitute\n|move|p1a: Eletrolux|Toxic|p2a: Scorchero\n|-status|p2a: Scorchero|tox\n|\n|-weather|SunnyDay|[upkeep]\n|-heal|p1a: Eletrolux|32\/100|[from] item: Leftovers\n|-damage|p2a: Scorchero|95\/100 tox|[from] psn\n|upkeep\n|turn|19\n|\n|t:|1700536069\n|switch|p1a: Glenn|Poliwrath, M, shiny|100\/100\n|-damage|p1a: Glenn|94\/100|[from] Stealth Rock\n|move|p2a: Scorchero|Solar Beam||[still]\n|-prepare|p2a: Scorchero|Solar Beam\n|-anim|p2a: Scorchero|Solar Beam|p1a: Glenn\n|-supereffective|p1a: Glenn\n|-damage|p1a: Glenn|0 fnt\n|faint|p1a: Glenn\n|\n|-weather|SunnyDay|[upkeep]\n|-damage|p2a: Scorchero|83\/100 tox|[from] psn\n|upkeep\n|\n|t:|1700536081\n|switch|p1a: Alien From MIB|Kabutops, F|100\/100\n|-damage|p1a: Alien From MIB|88\/100|[from] Stealth Rock\n|turn|20\n|\n|t:|1700536088\n|move|p2a: Scorchero|Solar Beam||[still]\n|-prepare|p2a: Scorchero|Solar Beam\n|-anim|p2a: Scorchero|Solar Beam|p1a: Alien From MIB\n|-supereffective|p1a: Alien From MIB\n|-damage|p1a: Alien From MIB|0 fnt\n|faint|p1a: Alien From MIB\n|\n|-weather|SunnyDay|[upkeep]\n|-damage|p2a: Scorchero|65\/100 tox|[from] psn\n|upkeep\n|\n|t:|1700536092\n|switch|p1a: Bocchi|Toxapex, F, shiny|27\/100\n|-damage|p1a: Bocchi|15\/100|[from] Stealth Rock\n|turn|21\n|\n|t:|1700536103\n|switch|p2a: Charitard|Charizard, F|100\/100\n|move|p1a: Bocchi|Baneful Bunker||[still]\n|-fail|p1a: Bocchi\n|\n|-weather|none\n|-heal|p1a: Bocchi|21\/100|[from] item: Black Sludge\n|upkeep\n|turn|22\n|\n|t:|1700536108\n|move|p2a: Charitard|Dragon Dance|p2a: Charitard\n|-boost|p2a: Charitard|atk|1\n|-boost|p2a: Charitard|spe|1\n|move|p1a: Bocchi|Recover|p1a: Bocchi\n|-heal|p1a: Bocchi|71\/100\n|\n|-heal|p1a: Bocchi|77\/100|[from] item: Black Sludge\n|upkeep\n|turn|23\n|\n|t:|1700536122\n|detailschange|p2a: Charitard|Charizard-Mega-Y, F\n|-mega|p2a: Charitard|Charizard|Charizardite Y\n|-weather|SunnyDay|[from] ability: Drought|[of] p2a: Charitard\n|move|p2a: Charitard|Solar Beam||[still]\n|-prepare|p2a: Charitard|Solar Beam\n|-anim|p2a: Charitard|Solar Beam|p1a: Bocchi\n|-crit|p1a: Bocchi\n|-damage|p1a: Bocchi|2\/100\n|move|p1a: Bocchi|Toxic|p2a: Charitard\n|-status|p2a: Charitard|tox\n|\n|-weather|SunnyDay|[upkeep]\n|-heal|p1a: Bocchi|8\/100|[from] item: Black Sludge\n|-damage|p2a: Charitard|94\/100 tox|[from] psn\n|upkeep\n|turn|24\n|\n|t:|1700536135\n|move|p1a: Bocchi|Baneful Bunker|p1a: Bocchi\n|-singleturn|p1a: Bocchi|move: Protect\n|move|p2a: Charitard|Dragon Dance|p2a: Charitard\n|-boost|p2a: Charitard|atk|1\n|-boost|p2a: Charitard|spe|1\n|\n|-weather|SunnyDay|[upkeep]\n|-heal|p1a: Bocchi|15\/100|[from] item: Black Sludge\n|-damage|p2a: Charitard|82\/100 tox|[from] psn\n|upkeep\n|turn|25\n|\n|t:|1700536146\n|move|p2a: Charitard|Solar Beam||[still]\n|-prepare|p2a: Charitard|Solar Beam\n|-anim|p2a: Charitard|Solar Beam|p1a: Bocchi\n|-damage|p1a: Bocchi|0 fnt\n|faint|p1a: Bocchi\n|\n|-weather|SunnyDay|[upkeep]\n|-damage|p2a: Charitard|64\/100 tox|[from] psn\n|upkeep\n|-message|Mr.Coxinha forfeited.\n|\n|win|TheTurtwigWrangler\n|raw|Mr.Coxinha's rating: 1086 &rarr; <strong>1070<\/strong><br \/>(-16 for losing)\n|raw|TheTurtwigWrangler's rating: 1187 &rarr; <strong>1205<\/strong><br \/>(+18 for winning)\n|l|\u2606Mr.Coxinha\n","uploadtime":1700536161,"views":1,"p1id":"mrcoxinha","p2id":"theturtwigwrangler","formatid":"gen9nationaldex","rating":1070,"private":0,"password":""}