{"id":"gen9nationaldex-1993221435","p1":"wcyoubing\u8349\u55b5\u72c2\u70ed\u7c89","p2":"ND9T2 tutiop","format":"[Gen 9] National Dex","log":"|j|\u2606wcyoubing\u8349\u55b5\u72c2\u70ed\u7c89\n|j|\u2606ND9T2 tutiop\n|t:|1700279982\n|gametype|singles\n|player|p1|wcyoubing\u8349\u55b5\u72c2\u70ed\u7c89|alec-anime|1566\n|player|p2|ND9T2 tutiop|ingo|1836\n|teamsize|p1|6\n|teamsize|p2|6\n|gen|9\n|tier|[Gen 9] National Dex\n|rated|\n|rule|HP Percentage Mod: HP is shown in percentages\n|rule|Endless Battle Clause: Forcing endless battles is banned\n|rule|OHKO Clause: OHKO moves are banned\n|rule|Evasion Clause: Evasion abilities, items, and moves are banned\n|rule|Evasion Abilities Clause: Evasion abilities are banned\n|rule|Evasion Items Clause: Evasion items are banned\n|rule|Evasion Moves Clause: Evasion moves are banned\n|rule|Species Clause: Limit one of each Pok\u00e9mon\n|rule|Sleep Clause Mod: Limit one foe put to sleep\n|clearpoke\n|poke|p1|Banette, F|\n|poke|p1|Zamazenta-*|\n|poke|p1|Alomomola, M|\n|poke|p1|Thundurus-Therian, M|\n|poke|p1|Aegislash, M|\n|poke|p1|Hoopa-Unbound|\n|poke|p2|Ursaluna, F|\n|poke|p2|Slowbro, M|\n|poke|p2|Bronzong|\n|poke|p2|Mawile, F|\n|poke|p2|Iron Hands|\n|poke|p2|Cresselia, F|\n|teampreview\n|\n|t:|1700279991\n|start\n|switch|p1a: \u76fe\u4e4b\u738b\u6015\u75bc\uff0c\u5e26\u5f31\u70b9\u4fdd\u9669\u5408\u7406\u5427|Zamazenta|100\/100\n|switch|p2a: Bronzong|Bronzong|100\/100\n|-ability|p1a: \u76fe\u4e4b\u738b\u6015\u75bc\uff0c\u5e26\u5f31\u70b9\u4fdd\u9669\u5408\u7406\u5427|Dauntless Shield|boost\n|-boost|p1a: \u76fe\u4e4b\u738b\u6015\u75bc\uff0c\u5e26\u5f31\u70b9\u4fdd\u9669\u5408\u7406\u5427|def|1\n|turn|1\n|inactive|Battle timer is ON: inactive players will automatically lose when time's up. (requested by wcyoubing\u8349\u55b5\u72c2\u70ed\u7c89)\n|\n|t:|1700280017\n|move|p1a: \u76fe\u4e4b\u738b\u6015\u75bc\uff0c\u5e26\u5f31\u70b9\u4fdd\u9669\u5408\u7406\u5427|Substitute|p1a: \u76fe\u4e4b\u738b\u6015\u75bc\uff0c\u5e26\u5f31\u70b9\u4fdd\u9669\u5408\u7406\u5427\n|-start|p1a: \u76fe\u4e4b\u738b\u6015\u75bc\uff0c\u5e26\u5f31\u70b9\u4fdd\u9669\u5408\u7406\u5427|Substitute\n|-damage|p1a: \u76fe\u4e4b\u738b\u6015\u75bc\uff0c\u5e26\u5f31\u70b9\u4fdd\u9669\u5408\u7406\u5427|75\/100\n|move|p2a: Bronzong|Stealth Rock|p1a: \u76fe\u4e4b\u738b\u6015\u75bc\uff0c\u5e26\u5f31\u70b9\u4fdd\u9669\u5408\u7406\u5427\n|-sidestart|p1: wcyoubing\u8349\u55b5\u72c2\u70ed\u7c89|move: Stealth Rock\n|\n|-heal|p1a: \u76fe\u4e4b\u738b\u6015\u75bc\uff0c\u5e26\u5f31\u70b9\u4fdd\u9669\u5408\u7406\u5427|82\/100|[from] item: Leftovers\n|upkeep\n|turn|2\n|\n|t:|1700280021\n|move|p1a: \u76fe\u4e4b\u738b\u6015\u75bc\uff0c\u5e26\u5f31\u70b9\u4fdd\u9669\u5408\u7406\u5427|Iron Defense|p1a: \u76fe\u4e4b\u738b\u6015\u75bc\uff0c\u5e26\u5f31\u70b9\u4fdd\u9669\u5408\u7406\u5427\n|-boost|p1a: \u76fe\u4e4b\u738b\u6015\u75bc\uff0c\u5e26\u5f31\u70b9\u4fdd\u9669\u5408\u7406\u5427|def|2\n|move|p2a: Bronzong|Trick Room|p2a: Bronzong\n|-fieldstart|move: Trick Room|[of] p2a: Bronzong\n|\n|-heal|p1a: \u76fe\u4e4b\u738b\u6015\u75bc\uff0c\u5e26\u5f31\u70b9\u4fdd\u9669\u5408\u7406\u5427|88\/100|[from] item: Leftovers\n|upkeep\n|turn|3\n|\n|t:|1700280025\n|switch|p2a: Slowbro|Slowbro, M|100\/100\n|move|p1a: \u76fe\u4e4b\u738b\u6015\u75bc\uff0c\u5e26\u5f31\u70b9\u4fdd\u9669\u5408\u7406\u5427|Iron Defense|p1a: \u76fe\u4e4b\u738b\u6015\u75bc\uff0c\u5e26\u5f31\u70b9\u4fdd\u9669\u5408\u7406\u5427\n|-boost|p1a: \u76fe\u4e4b\u738b\u6015\u75bc\uff0c\u5e26\u5f31\u70b9\u4fdd\u9669\u5408\u7406\u5427|def|2\n|\n|-heal|p1a: \u76fe\u4e4b\u738b\u6015\u75bc\uff0c\u5e26\u5f31\u70b9\u4fdd\u9669\u5408\u7406\u5427|94\/100|[from] item: Leftovers\n|upkeep\n|turn|4\n|\n|t:|1700280041\n|move|p2a: Slowbro|Scald|p1a: \u76fe\u4e4b\u738b\u6015\u75bc\uff0c\u5e26\u5f31\u70b9\u4fdd\u9669\u5408\u7406\u5427\n|-activate|p1a: \u76fe\u4e4b\u738b\u6015\u75bc\uff0c\u5e26\u5f31\u70b9\u4fdd\u9669\u5408\u7406\u5427|move: Substitute|[damage]\n|move|p1a: \u76fe\u4e4b\u738b\u6015\u75bc\uff0c\u5e26\u5f31\u70b9\u4fdd\u9669\u5408\u7406\u5427|Iron Defense|p1a: \u76fe\u4e4b\u738b\u6015\u75bc\uff0c\u5e26\u5f31\u70b9\u4fdd\u9669\u5408\u7406\u5427\n|-boost|p1a: \u76fe\u4e4b\u738b\u6015\u75bc\uff0c\u5e26\u5f31\u70b9\u4fdd\u9669\u5408\u7406\u5427|def|1\n|\n|-heal|p1a: \u76fe\u4e4b\u738b\u6015\u75bc\uff0c\u5e26\u5f31\u70b9\u4fdd\u9669\u5408\u7406\u5427|99\/100|[from] item: Leftovers\n|upkeep\n|turn|5\n|\n|t:|1700280046\n|move|p2a: Slowbro|Scald|p1a: \u76fe\u4e4b\u738b\u6015\u75bc\uff0c\u5e26\u5f31\u70b9\u4fdd\u9669\u5408\u7406\u5427\n|-end|p1a: \u76fe\u4e4b\u738b\u6015\u75bc\uff0c\u5e26\u5f31\u70b9\u4fdd\u9669\u5408\u7406\u5427|Substitute\n|move|p1a: \u76fe\u4e4b\u738b\u6015\u75bc\uff0c\u5e26\u5f31\u70b9\u4fdd\u9669\u5408\u7406\u5427|Body Press|p2a: Slowbro\n|-resisted|p2a: Slowbro\n|-damage|p2a: Slowbro|62\/100\n|\n|-heal|p1a: \u76fe\u4e4b\u738b\u6015\u75bc\uff0c\u5e26\u5f31\u70b9\u4fdd\u9669\u5408\u7406\u5427|100\/100|[from] item: Leftovers\n|upkeep\n|turn|6\n|\n|t:|1700280053\n|move|p2a: Slowbro|Scald|p1a: \u76fe\u4e4b\u738b\u6015\u75bc\uff0c\u5e26\u5f31\u70b9\u4fdd\u9669\u5408\u7406\u5427\n|-damage|p1a: \u76fe\u4e4b\u738b\u6015\u75bc\uff0c\u5e26\u5f31\u70b9\u4fdd\u9669\u5408\u7406\u5427|80\/100\n|move|p1a: \u76fe\u4e4b\u738b\u6015\u75bc\uff0c\u5e26\u5f31\u70b9\u4fdd\u9669\u5408\u7406\u5427|Crunch|p2a: Slowbro\n|-supereffective|p2a: Slowbro\n|-damage|p2a: Slowbro|37\/100\n|\n|-heal|p1a: \u76fe\u4e4b\u738b\u6015\u75bc\uff0c\u5e26\u5f31\u70b9\u4fdd\u9669\u5408\u7406\u5427|86\/100|[from] item: Leftovers\n|-fieldend|move: Trick Room\n|upkeep\n|turn|7\n|\n|t:|1700280063\n|switch|p2a: Bronzong|Bronzong|100\/100\n|move|p1a: \u76fe\u4e4b\u738b\u6015\u75bc\uff0c\u5e26\u5f31\u70b9\u4fdd\u9669\u5408\u7406\u5427|Substitute|p1a: \u76fe\u4e4b\u738b\u6015\u75bc\uff0c\u5e26\u5f31\u70b9\u4fdd\u9669\u5408\u7406\u5427\n|-start|p1a: \u76fe\u4e4b\u738b\u6015\u75bc\uff0c\u5e26\u5f31\u70b9\u4fdd\u9669\u5408\u7406\u5427|Substitute\n|-damage|p1a: \u76fe\u4e4b\u738b\u6015\u75bc\uff0c\u5e26\u5f31\u70b9\u4fdd\u9669\u5408\u7406\u5427|61\/100\n|\n|-heal|p1a: \u76fe\u4e4b\u738b\u6015\u75bc\uff0c\u5e26\u5f31\u70b9\u4fdd\u9669\u5408\u7406\u5427|68\/100|[from] item: Leftovers\n|upkeep\n|turn|8\n|\n|t:|1700280068\n|move|p1a: \u76fe\u4e4b\u738b\u6015\u75bc\uff0c\u5e26\u5f31\u70b9\u4fdd\u9669\u5408\u7406\u5427|Body Press|p2a: Bronzong\n|-damage|p2a: Bronzong|18\/100\n|move|p2a: Bronzong|Trick Room|p2a: Bronzong\n|-fieldstart|move: Trick Room|[of] p2a: Bronzong\n|\n|-heal|p1a: \u76fe\u4e4b\u738b\u6015\u75bc\uff0c\u5e26\u5f31\u70b9\u4fdd\u9669\u5408\u7406\u5427|74\/100|[from] item: Leftovers\n|upkeep\n|turn|9\n|\n|t:|1700280071\n|move|p2a: Bronzong|Explosion|p1a: \u76fe\u4e4b\u738b\u6015\u75bc\uff0c\u5e26\u5f31\u70b9\u4fdd\u9669\u5408\u7406\u5427\n|-activate|p1a: \u76fe\u4e4b\u738b\u6015\u75bc\uff0c\u5e26\u5f31\u70b9\u4fdd\u9669\u5408\u7406\u5427|move: Substitute|[damage]\n|faint|p2a: Bronzong\n|move|p1a: \u76fe\u4e4b\u738b\u6015\u75bc\uff0c\u5e26\u5f31\u70b9\u4fdd\u9669\u5408\u7406\u5427|Body Press|p2: Bronzong|[notarget]\n|-fail|p1a: \u76fe\u4e4b\u738b\u6015\u75bc\uff0c\u5e26\u5f31\u70b9\u4fdd\u9669\u5408\u7406\u5427\n|\n|-heal|p1a: \u76fe\u4e4b\u738b\u6015\u75bc\uff0c\u5e26\u5f31\u70b9\u4fdd\u9669\u5408\u7406\u5427|80\/100|[from] item: Leftovers\n|upkeep\n|\n|t:|1700280073\n|switch|p2a: Slowbro|Slowbro, M|70\/100\n|turn|10\n|\n|t:|1700280076\n|move|p2a: Slowbro|Scald|p1a: \u76fe\u4e4b\u738b\u6015\u75bc\uff0c\u5e26\u5f31\u70b9\u4fdd\u9669\u5408\u7406\u5427\n|-end|p1a: \u76fe\u4e4b\u738b\u6015\u75bc\uff0c\u5e26\u5f31\u70b9\u4fdd\u9669\u5408\u7406\u5427|Substitute\n|move|p1a: \u76fe\u4e4b\u738b\u6015\u75bc\uff0c\u5e26\u5f31\u70b9\u4fdd\u9669\u5408\u7406\u5427|Body Press|p2a: Slowbro\n|-resisted|p2a: Slowbro\n|-damage|p2a: Slowbro|30\/100\n|\n|-heal|p1a: \u76fe\u4e4b\u738b\u6015\u75bc\uff0c\u5e26\u5f31\u70b9\u4fdd\u9669\u5408\u7406\u5427|86\/100|[from] item: Leftovers\n|upkeep\n|turn|11\n|\n|t:|1700280082\n|move|p2a: Slowbro|Scald|p1a: \u76fe\u4e4b\u738b\u6015\u75bc\uff0c\u5e26\u5f31\u70b9\u4fdd\u9669\u5408\u7406\u5427\n|-damage|p1a: \u76fe\u4e4b\u738b\u6015\u75bc\uff0c\u5e26\u5f31\u70b9\u4fdd\u9669\u5408\u7406\u5427|64\/100\n|move|p1a: \u76fe\u4e4b\u738b\u6015\u75bc\uff0c\u5e26\u5f31\u70b9\u4fdd\u9669\u5408\u7406\u5427|Body Press|p2a: Slowbro\n|-resisted|p2a: Slowbro\n|-damage|p2a: Slowbro|0 fnt\n|faint|p2a: Slowbro\n|\n|-heal|p1a: \u76fe\u4e4b\u738b\u6015\u75bc\uff0c\u5e26\u5f31\u70b9\u4fdd\u9669\u5408\u7406\u5427|71\/100|[from] item: Leftovers\n|upkeep\n|-message|ND9T2 tutiop forfeited.\n|\n|win|wcyoubing\u8349\u55b5\u72c2\u70ed\u7c89\n|raw|wcyoubing\u8349\u55b5\u72c2\u70ed\u7c89's rating: 1566 &rarr; <strong>1599<\/strong><br \/>(+33 for winning)\n|raw|ND9T2 tutiop's rating: 1836 &rarr; <strong>1803<\/strong><br \/>(-33 for losing)\n|l|\u2606ND9T2 tutiop\n","uploadtime":1700280099,"views":10,"p1id":"wcyoubing","p2id":"nd9t2tutiop","formatid":"gen9nationaldex","rating":1599,"private":0,"password":""}