{"id":"gen9nationaldex-1998044333","p1":"Red Ragnor","p2":"Nah Id win P","format":"[Gen 9] National Dex","log":"|html|<div class=\"broadcast-blue\"><strong>[Gen 9] National Dex is currently suspecting Sneasler! For information on how to participate check out the <a href=\"https:\/\/www.smogon.com\/forums\/threads\/sv-national-dex-suspect-8-just-dance.3731534\/\">suspect thread<\/a>.<\/strong><\/div>\n|j|\u2606Red Ragnor\n|j|\u2606Nah Id win P\n|t:|1700882996\n|gametype|singles\n|player|p1|Red Ragnor|266|\n|player|p2|Nah Id win P|1|\n|teamsize|p1|6\n|teamsize|p2|6\n|gen|9\n|tier|[Gen 9] National Dex\n|rule|HP Percentage Mod: HP is shown in percentages\n|rule|Endless Battle Clause: Forcing endless battles is banned\n|rule|OHKO Clause: OHKO moves are banned\n|rule|Evasion Clause: Evasion abilities, items, and moves are banned\n|rule|Evasion Abilities Clause: Evasion abilities are banned\n|rule|Evasion Items Clause: Evasion items are banned\n|rule|Evasion Moves Clause: Evasion moves are banned\n|rule|Species Clause: Limit one of each Pok\u00e9mon\n|rule|Sleep Clause Mod: Limit one foe put to sleep\n|clearpoke\n|poke|p1|Hydreigon, F|\n|poke|p1|Azumarill, F|\n|poke|p1|Volcarona, F|\n|poke|p1|Clodsire, F|\n|poke|p1|Corviknight, M|\n|poke|p1|Sinistcha-Masterpiece|\n|poke|p2|Tyranitar, F|\n|poke|p2|Haxorus, M|\n|poke|p2|Rowlet, M|\n|poke|p2|Rotom-Wash|\n|poke|p2|Iron Moth|\n|poke|p2|Corviknight, F|\n|teampreview\n|inactive|Battle timer is ON: inactive players will automatically lose when time's up. (requested by Red Ragnor)\n|inactiveoff|Battle timer is now OFF.\n|c|\u2606Red Ragnor|Nihao\n|j| trusyren\n|l|\u2606Nah Id win P\n|player|p2|\n|j|\u2606Nah Id win P\n|player|p2|Nah Id win P|1\n|\n|t:|1700883286\n|start\n|switch|p1a: Corviknight|Corviknight, M, shiny|100\/100\n|switch|p2a: Rotom|Rotom-Wash|100\/100\n|turn|1\n|l| trusyren\n|\n|t:|1700883312\n|switch|p1a: Sinistcha|Sinistcha-Masterpiece|100\/100\n|move|p2a: Rotom|Volt Switch|p1a: Sinistcha\n|-resisted|p1a: Sinistcha\n|-damage|p1a: Sinistcha|82\/100\n|\n|t:|1700883349\n|switch|p2a: Tyranitar|Tyranitar, F|100\/100|[from] Volt Switch\n|-ability|p2a: Tyranitar|Unnerve\n|\n|-heal|p1a: Sinistcha|88\/100|[from] item: Leftovers\n|upkeep\n|turn|2\n|\n|t:|1700883365\n|switch|p1a: Clodsire|Clodsire, F|100\/100\n|move|p2a: Tyranitar|Stealth Rock|p1a: Clodsire\n|-sidestart|p1: Red Ragnor|move: Stealth Rock\n|\n|upkeep\n|turn|3\n|\n|t:|1700883429\n|switch|p2a: Corviknight|Corviknight, F, shiny|100\/100\n|move|p1a: Clodsire|Stealth Rock|p2a: Corviknight\n|-sidestart|p2: Nah Id win P|move: Stealth Rock\n|\n|upkeep\n|turn|4\n|\n|t:|1700883472\n|move|p2a: Corviknight|Defog|p1a: Clodsire\n|-unboost|p1a: Clodsire|evasion|1\n|-sideend|p1: Red Ragnor|Stealth Rock|[from] move: Defog|[of] p2a: Corviknight\n|-sideend|p2: Nah Id win P|Stealth Rock|[from] move: Defog|[of] p2a: Corviknight\n|move|p1a: Clodsire|Toxic|p2a: Corviknight\n|-immune|p2a: Corviknight\n|\n|upkeep\n|turn|5\n|\n|t:|1700883498\n|switch|p1a: Azumarill|Azumarill, F|100\/100\n|move|p2a: Corviknight|Bulk Up|p2a: Corviknight\n|-boost|p2a: Corviknight|atk|1\n|-boost|p2a: Corviknight|def|1\n|\n|upkeep\n|turn|6\n|\n|t:|1700883509\n|move|p1a: Azumarill|Aqua Jet|p2a: Corviknight\n|-damage|p2a: Corviknight|85\/100\n|move|p2a: Corviknight|Bulk Up|p2a: Corviknight\n|-boost|p2a: Corviknight|atk|1\n|-boost|p2a: Corviknight|def|1\n|\n|-heal|p2a: Corviknight|91\/100|[from] item: Leftovers\n|upkeep\n|turn|7\n|\n|t:|1700883526\n|move|p1a: Azumarill|Aqua Jet|p2a: Corviknight\n|-damage|p2a: Corviknight|78\/100\n|move|p2a: Corviknight|Bulk Up|p2a: Corviknight\n|-boost|p2a: Corviknight|atk|1\n|-boost|p2a: Corviknight|def|1\n|\n|-heal|p2a: Corviknight|85\/100|[from] item: Leftovers\n|upkeep\n|turn|8\n|\n|t:|1700883545\n|move|p1a: Azumarill|Aqua Jet|p2a: Corviknight\n|-damage|p2a: Corviknight|75\/100\n|move|p2a: Corviknight|Brave Bird|p1a: Azumarill\n|-damage|p1a: Azumarill|8\/100\n|-damage|p2a: Corviknight|43\/100|[from] Recoil\n|\n|-heal|p2a: Corviknight|49\/100|[from] item: Leftovers\n|upkeep\n|turn|9\n|\n|t:|1700883558\n|move|p1a: Azumarill|Aqua Jet|p2a: Corviknight\n|-damage|p2a: Corviknight|39\/100\n|move|p2a: Corviknight|Roost|p2a: Corviknight\n|-heal|p2a: Corviknight|89\/100\n|-singleturn|p2a: Corviknight|move: Roost\n|\n|-heal|p2a: Corviknight|95\/100|[from] item: Leftovers\n|upkeep\n|turn|10\n|l|\u2606Nah Id win P\n|player|p2|\n|j|\u2606Nah Id win P\n|player|p2|Nah Id win P|1\n|\n|t:|1700883654\n|switch|p1a: Corviknight|Corviknight, M, shiny|100\/100\n|move|p2a: Corviknight|Brave Bird|p1a: Corviknight\n|-resisted|p1a: Corviknight\n|-damage|p1a: Corviknight|71\/100\n|-damage|p2a: Corviknight|85\/100|[from] Recoil\n|\n|-heal|p1a: Corviknight|78\/100|[from] item: Leftovers\n|-heal|p2a: Corviknight|92\/100|[from] item: Leftovers\n|upkeep\n|turn|11\n|\n|t:|1700883681\n|switch|p2a: Rowlet|Rowlet, M|100\/100\n|move|p1a: Corviknight|Bulk Up|p1a: Corviknight\n|-boost|p1a: Corviknight|atk|1\n|-boost|p1a: Corviknight|def|1\n|\n|-heal|p1a: Corviknight|84\/100|[from] item: Leftovers\n|upkeep\n|turn|12\n|\n|t:|1700883711\n|move|p1a: Corviknight|Bulk Up|p1a: Corviknight\n|-boost|p1a: Corviknight|atk|1\n|-boost|p1a: Corviknight|def|1\n|move|p2a: Rowlet|Knock Off|p1a: Corviknight\n|-damage|p1a: Corviknight|80\/100\n|-enditem|p1a: Corviknight|Leftovers|[from] move: Knock Off|[of] p2a: Rowlet\n|\n|upkeep\n|turn|13\n|\n|t:|1700883734\n|move|p1a: Corviknight|Bulk Up|p1a: Corviknight\n|-boost|p1a: Corviknight|atk|1\n|-boost|p1a: Corviknight|def|1\n|move|p2a: Rowlet|Night Shade|p1a: Corviknight\n|-damage|p1a: Corviknight|54\/100\n|\n|upkeep\n|turn|14\n|\n|t:|1700883762\n|move|p1a: Corviknight|Bulk Up|p1a: Corviknight\n|-boost|p1a: Corviknight|atk|1\n|-boost|p1a: Corviknight|def|1\n|move|p2a: Rowlet|Haze|p2a: Rowlet\n|-clearallboost\n|\n|upkeep\n|turn|15\n|\n|t:|1700883798\n|move|p1a: Corviknight|Brave Bird|p2a: Rowlet\n|-supereffective|p2a: Rowlet\n|-damage|p2a: Rowlet|47\/100\n|-damage|p1a: Corviknight|38\/100|[from] Recoil\n|move|p2a: Rowlet|Night Shade|p1a: Corviknight\n|-damage|p1a: Corviknight|12\/100\n|\n|upkeep\n|turn|16\n|l|\u2606Nah Id win P\n|player|p2|\n|j|\u2606Nah Id win P\n|player|p2|Nah Id win P|1\n|\n|t:|1700883834\n|move|p1a: Corviknight|Bulk Up|p1a: Corviknight\n|-boost|p1a: Corviknight|atk|1\n|-boost|p1a: Corviknight|def|1\n|move|p2a: Rowlet|Roost|p2a: Rowlet\n|-heal|p2a: Rowlet|98\/100\n|-singleturn|p2a: Rowlet|move: Roost\n|\n|upkeep\n|turn|17\n|\n|t:|1700883856\n|switch|p2a: Iron Moth|Iron Moth|100\/100\n|-enditem|p2a: Iron Moth|Booster Energy\n|-activate|p2a: Iron Moth|ability: Quark Drive|[fromitem]\n|-start|p2a: Iron Moth|quarkdrivespe\n|move|p1a: Corviknight|Bulk Up|p1a: Corviknight\n|-boost|p1a: Corviknight|atk|1\n|-boost|p1a: Corviknight|def|1\n|\n|upkeep\n|turn|18\n|\n|t:|1700883909\n|move|p2a: Iron Moth|Fiery Dance|p1a: Corviknight\n|-supereffective|p1a: Corviknight\n|-damage|p1a: Corviknight|0 fnt\n|faint|p1a: Corviknight\n|\n|upkeep\n|\n|t:|1700883942\n|switch|p1a: Azumarill|Azumarill, F|8\/100\n|turn|19\n|\n|t:|1700883973\n|-terastallize|p2a: Iron Moth|Grass\n|move|p1a: Azumarill|Aqua Jet|p2a: Iron Moth\n|-resisted|p2a: Iron Moth\n|-damage|p2a: Iron Moth|74\/100\n|move|p2a: Iron Moth|Fiery Dance|p1a: Azumarill\n|-resisted|p1a: Azumarill\n|-damage|p1a: Azumarill|0 fnt\n|faint|p1a: Azumarill\n|\n|upkeep\n|\n|t:|1700884047\n|switch|p1a: Clodsire|Clodsire, F|100\/100\n|turn|20\n|\n|t:|1700884081\n|move|p2a: Iron Moth|Energy Ball|p1a: Clodsire\n|-crit|p1a: Clodsire\n|-damage|p1a: Clodsire|66\/100\n|move|p1a: Clodsire|Recover|p1a: Clodsire\n|-heal|p1a: Clodsire|100\/100\n|\n|upkeep\n|turn|21\n|\n|t:|1700884111\n|-end|p2a: Iron Moth|Quark Drive|[silent]\n|switch|p2a: Rotom|Rotom-Wash|100\/100\n|move|p1a: Clodsire|Toxic|p2a: Rotom\n|-status|p2a: Rotom|tox\n|\n|-damage|p2a: Rotom|94\/100 tox|[from] psn\n|upkeep\n|turn|22\n|\n|t:|1700884154\n|move|p2a: Rotom|Trick|p1a: Clodsire\n|-activate|p2a: Rotom|move: Trick|[of] p1a: Clodsire\n|-item|p1a: Clodsire|Choice Scarf|[from] move: Trick\n|-item|p2a: Rotom|Black Sludge|[from] move: Trick\n|move|p1a: Clodsire|Earthquake|p2a: Rotom\n|-immune|p2a: Rotom|[from] ability: Levitate\n|\n|-damage|p2a: Rotom|82\/100 tox|[from] item: Black Sludge\n|-damage|p2a: Rotom|69\/100 tox|[from] psn\n|upkeep\n|turn|23\n|\n|t:|1700884194\n|switch|p2a: Tyranitar|Tyranitar, F|100\/100\n|-ability|p2a: Tyranitar|Unnerve\n|switch|p1a: Sinistcha|Sinistcha-Masterpiece|88\/100\n|\n|-heal|p1a: Sinistcha|94\/100|[from] item: Leftovers\n|upkeep\n|turn|24\n|\n|t:|1700884217\n|move|p1a: Sinistcha|Matcha Gotcha|p2a: Tyranitar\n|-supereffective|p2a: Tyranitar\n|-damage|p2a: Tyranitar|51\/100\n|-heal|p1a: Sinistcha|100\/100|[from] drain|[of] p2a: Tyranitar\n|move|p2a: Tyranitar|Toxic|p1a: Sinistcha\n|-status|p1a: Sinistcha|tox\n|\n|-heal|p2a: Tyranitar|57\/100|[from] item: Leftovers\n|-damage|p1a: Sinistcha|94\/100 tox|[from] psn\n|upkeep\n|turn|25\n|\n|t:|1700884269\n|move|p1a: Sinistcha|Calm Mind|p1a: Sinistcha\n|-boost|p1a: Sinistcha|spa|1\n|-boost|p1a: Sinistcha|spd|1\n|move|p2a: Tyranitar|Knock Off|p1a: Sinistcha\n|-supereffective|p1a: Sinistcha\n|-crit|p1a: Sinistcha\n|-damage|p1a: Sinistcha|0 fnt\n|-enditem|p1a: Sinistcha|Leftovers|[from] move: Knock Off|[of] p2a: Tyranitar\n|faint|p1a: Sinistcha\n|\n|-heal|p2a: Tyranitar|63\/100|[from] item: Leftovers\n|upkeep\n|\n|t:|1700884282\n|switch|p1a: Clodsire|Clodsire, F|100\/100\n|turn|26\n|\n|t:|1700884287\n|move|p2a: Tyranitar|Knock Off|p1a: Clodsire\n|-damage|p1a: Clodsire|54\/100\n|-enditem|p1a: Clodsire|Choice Scarf|[from] move: Knock Off|[of] p2a: Tyranitar\n|move|p1a: Clodsire|Recover|p1a: Clodsire\n|-heal|p1a: Clodsire|100\/100\n|\n|-heal|p2a: Tyranitar|70\/100|[from] item: Leftovers\n|upkeep\n|turn|27\n|\n|t:|1700884308\n|switch|p2a: Haxorus|Haxorus, M|100\/100\n|-ability|p2a: Haxorus|Mold Breaker\n|move|p1a: Clodsire|Stealth Rock|p2a: Haxorus\n|-sidestart|p2: Nah Id win P|move: Stealth Rock\n|\n|upkeep\n|turn|28\n|\n|t:|1700884332\n|switch|p1a: Hydreigon|Hydreigon, F|100\/100\n|move|p2a: Haxorus|Dragon Dance|p2a: Haxorus\n|-boost|p2a: Haxorus|atk|1\n|-boost|p2a: Haxorus|spe|1\n|\n|upkeep\n|turn|29\n|\n|t:|1700884352\n|move|p1a: Hydreigon|Draco Meteor|p2a: Haxorus\n|-supereffective|p2a: Haxorus\n|-enditem|p2a: Haxorus|Focus Sash\n|-damage|p2a: Haxorus|1\/100\n|-unboost|p1a: Hydreigon|spa|2\n|move|p2a: Haxorus|Dragon Dance|p2a: Haxorus\n|-boost|p2a: Haxorus|atk|1\n|-boost|p2a: Haxorus|spe|1\n|\n|upkeep\n|turn|30\n|\n|t:|1700884365\n|move|p2a: Haxorus|Dragon Claw|p1a: Hydreigon\n|-supereffective|p1a: Hydreigon\n|-damage|p1a: Hydreigon|0 fnt\n|faint|p1a: Hydreigon\n|\n|upkeep\n|\n|t:|1700884370\n|switch|p1a: Clodsire|Clodsire, F|100\/100\n|turn|31\n|\n|t:|1700884376\n|move|p2a: Haxorus|Earthquake|p1a: Clodsire\n|-supereffective|p1a: Clodsire\n|-damage|p1a: Clodsire|0 fnt\n|faint|p1a: Clodsire\n|\n|upkeep\n|\n|t:|1700884380\n|switch|p1a: Volcarona|Volcarona, F|100\/100\n|turn|32\n|\n|t:|1700884384\n|move|p2a: Haxorus|Earthquake|p1a: Volcarona\n|-damage|p1a: Volcarona|0 fnt\n|faint|p1a: Volcarona\n|\n|win|Nah Id win P\n|l|\u2606Nah Id win P\n|j|\u2606Nah Id win P\n|player|p2|Nah Id win P|1\n|l|\u2606Red Ragnor\n|j|\u2606Red Ragnor\n|player|p1|Red Ragnor|266\n","uploadtime":1700884431,"views":8,"p1id":"redragnor","p2id":"nahidwinp","formatid":"gen9nationaldex","rating":0,"private":0,"password":""}