{"id":"gen9nationaldex-1996292789","p1":"VincyXD","p2":"chz3781873","format":"[Gen 9] National Dex","log":"|html|<div class=\"broadcast-blue\"><strong>[Gen 9] National Dex is currently suspecting Sneasler! For information on how to participate check out the <a href=\"https:\/\/www.smogon.com\/forums\/threads\/sv-national-dex-suspect-8-just-dance.3731534\/\">suspect thread<\/a>.<\/strong><\/div>\n|j|\u2606VincyXD\n|j|\u2606chz3781873\n|t:|1700668241\n|gametype|singles\n|player|p1|VincyXD|1|1314\n|player|p2|chz3781873|norman|1235\n|teamsize|p1|6\n|teamsize|p2|6\n|gen|9\n|tier|[Gen 9] National Dex\n|rated|\n|rule|HP Percentage Mod: HP is shown in percentages\n|rule|Endless Battle Clause: Forcing endless battles is banned\n|rule|OHKO Clause: OHKO moves are banned\n|rule|Evasion Clause: Evasion abilities, items, and moves are banned\n|rule|Evasion Abilities Clause: Evasion abilities are banned\n|rule|Evasion Items Clause: Evasion items are banned\n|rule|Evasion Moves Clause: Evasion moves are banned\n|rule|Species Clause: Limit one of each Pok\u00e9mon\n|rule|Sleep Clause Mod: Limit one foe put to sleep\n|clearpoke\n|poke|p1|Diancie|\n|poke|p1|Volcarona, M|\n|poke|p1|Clodsire, M|\n|poke|p1|Corviknight, F|\n|poke|p1|Kommo-o, M|\n|poke|p1|Samurott-Hisui, F|\n|poke|p2|Venusaur, F|\n|poke|p2|Torkoal, M|\n|poke|p2|Clodsire, F|\n|poke|p2|Great Tusk|\n|poke|p2|Charizard, M|\n|poke|p2|Bisharp, M|\n|teampreview\n|inactive|Battle timer is ON: inactive players will automatically lose when time's up. (requested by VincyXD)\n|\n|t:|1700668256\n|start\n|switch|p1a: Samurott|Samurott-Hisui, F|100\/100\n|switch|p2a: Torkoal|Torkoal, M|100\/100\n|-weather|SunnyDay|[from] ability: Drought|[of] p2a: Torkoal\n|turn|1\n|\n|t:|1700668263\n|move|p1a: Samurott|Ceaseless Edge|p2a: Torkoal\n|-damage|p2a: Torkoal|63\/100\n|-sidestart|p2: chz3781873|Spikes\n|move|p2a: Torkoal|Body Press|p1a: Samurott\n|-supereffective|p1a: Samurott\n|-damage|p1a: Samurott|24\/100\n|\n|-weather|SunnyDay|[upkeep]\n|upkeep\n|turn|2\n|\n|t:|1700668274\n|move|p1a: Samurott|Ceaseless Edge|p2a: Torkoal\n|-damage|p2a: Torkoal|24\/100\n|-sidestart|p2: chz3781873|Spikes\n|move|p2a: Torkoal|Body Press|p1a: Samurott\n|-supereffective|p1a: Samurott\n|-damage|p1a: Samurott|0 fnt\n|faint|p1a: Samurott\n|\n|-weather|SunnyDay|[upkeep]\n|upkeep\n|\n|t:|1700668294\n|switch|p1a: Diancie|Diancie|100\/100\n|turn|3\n|\n|t:|1700668308\n|detailschange|p1a: Diancie|Diancie-Mega\n|-mega|p1a: Diancie|Diancie|Diancite\n|move|p1a: Diancie|Diamond Storm|p2a: Torkoal\n|-supereffective|p2a: Torkoal\n|-damage|p2a: Torkoal|0 fnt\n|-boost|p1a: Diancie|def|2\n|faint|p2a: Torkoal\n|\n|-weather|SunnyDay|[upkeep]\n|upkeep\n|\n|t:|1700668328\n|switch|p2a: Venusaur|Venusaur, F|100\/100\n|-damage|p2a: Venusaur|84\/100|[from] Spikes\n|turn|4\n|\n|t:|1700668338\n|move|p2a: Venusaur|Giga Drain|p1a: Diancie\n|-supereffective|p1a: Diancie\n|-damage|p1a: Diancie|0 fnt\n|-heal|p2a: Venusaur|100\/100|[from] drain|[of] p1a: Diancie\n|faint|p1a: Diancie\n|-damage|p2a: Venusaur|91\/100|[from] item: Life Orb\n|\n|-weather|SunnyDay|[upkeep]\n|upkeep\n|\n|t:|1700668344\n|switch|p1a: Clodsire|Clodsire, M|100\/100\n|turn|5\n|\n|t:|1700668354\n|move|p2a: Venusaur|Growth|p2a: Venusaur\n|-boost|p2a: Venusaur|atk|2\n|-boost|p2a: Venusaur|spa|2\n|move|p1a: Clodsire|Stealth Rock|p2a: Venusaur\n|-sidestart|p2: chz3781873|move: Stealth Rock\n|\n|-weather|SunnyDay|[upkeep]\n|upkeep\n|turn|6\n|\n|t:|1700668360\n|move|p2a: Venusaur|Earth Power|p1a: Clodsire\n|-supereffective|p1a: Clodsire\n|-damage|p1a: Clodsire|61\/100\n|-damage|p2a: Venusaur|81\/100|[from] item: Life Orb\n|move|p1a: Clodsire|Earthquake|p2a: Venusaur\n|-damage|p2a: Venusaur|45\/100\n|\n|-weather|SunnyDay|[upkeep]\n|upkeep\n|turn|7\n|\n|t:|1700668369\n|move|p2a: Venusaur|Giga Drain|p1a: Clodsire\n|-damage|p1a: Clodsire|40\/100\n|-heal|p2a: Venusaur|62\/100|[from] drain|[of] p1a: Clodsire\n|-damage|p2a: Venusaur|52\/100|[from] item: Life Orb\n|move|p1a: Clodsire|Earthquake|p2a: Venusaur\n|-crit|p2a: Venusaur\n|-damage|p2a: Venusaur|1\/100\n|\n|-weather|SunnyDay|[upkeep]\n|upkeep\n|turn|8\n|\n|t:|1700668385\n|move|p2a: Venusaur|Weather Ball|p1a: Clodsire\n|-damage|p1a: Clodsire|8\/100\n|-damage|p2a: Venusaur|0 fnt|[from] item: Life Orb\n|faint|p2a: Venusaur\n|move|p1a: Clodsire|Recover|p1a: Clodsire\n|-heal|p1a: Clodsire|58\/100\n|\n|-weather|none\n|upkeep\n|\n|t:|1700668393\n|switch|p2a: Great Tusk|Great Tusk|100\/100\n|-damage|p2a: Great Tusk|84\/100|[from] Spikes\n|-damage|p2a: Great Tusk|81\/100|[from] Stealth Rock\n|turn|9\n|\n|t:|1700668399\n|switch|p1a: Corviknight|Corviknight, F|100\/100\n|-ability|p1a: Corviknight|Pressure\n|move|p2a: Great Tusk|Rapid Spin|p1a: Corviknight\n|-resisted|p1a: Corviknight\n|-damage|p1a: Corviknight|96\/100\n|-boost|p2a: Great Tusk|spe|1\n|-damage|p2a: Great Tusk|64\/100|[from] item: Rocky Helmet|[of] p1a: Corviknight\n|-sideend|p2: chz3781873|Spikes|[from] move: Rapid Spin|[of] p2a: Great Tusk\n|-sideend|p2: chz3781873|Stealth Rock|[from] move: Rapid Spin|[of] p2a: Great Tusk\n|\n|upkeep\n|turn|10\n|\n|t:|1700668429\n|-end|p2a: Great Tusk|Protosynthesis|[silent]\n|switch|p2a: Charizard|Charizard, M, shiny|100\/100\n|-terastallize|p1a: Corviknight|Flying\n|move|p1a: Corviknight|Brave Bird|p2a: Charizard\n|-damage|p2a: Charizard|29\/100\n|-damage|p1a: Corviknight|78\/100|[from] Recoil\n|\n|upkeep\n|turn|11\n|\n|t:|1700668441\n|switch|p1a: Clodsire|Clodsire, M|58\/100\n|detailschange|p2a: Charizard|Charizard-Mega-Y, M, shiny\n|-mega|p2a: Charizard|Charizard|Charizardite Y\n|-weather|SunnyDay|[from] ability: Drought|[of] p2a: Charizard\n|move|p2a: Charizard|Weather Ball|p1a: Clodsire\n|-crit|p1a: Clodsire\n|-damage|p1a: Clodsire|0 fnt\n|faint|p1a: Clodsire\n|\n|-weather|SunnyDay|[upkeep]\n|upkeep\n|\n|t:|1700668449\n|switch|p1a: Kommo-o|Kommo-o, M|100\/100\n|turn|12\n|\n|t:|1700668460\n|move|p2a: Charizard|Air Slash|p1a: Kommo-o\n|-supereffective|p1a: Kommo-o\n|-damage|p1a: Kommo-o|0 fnt\n|faint|p1a: Kommo-o\n|\n|-weather|SunnyDay|[upkeep]\n|upkeep\n|\n|t:|1700668467\n|switch|p1a: Volcarona|Volcarona, M|100\/100\n|turn|13\n|\n|t:|1700668474\n|move|p2a: Charizard|Air Slash|p1a: Volcarona\n|-supereffective|p1a: Volcarona\n|-damage|p1a: Volcarona|8\/100\n|move|p1a: Volcarona|Quiver Dance|p1a: Volcarona\n|-boost|p1a: Volcarona|spa|1\n|-boost|p1a: Volcarona|spd|1\n|-boost|p1a: Volcarona|spe|1\n|\n|-weather|SunnyDay|[upkeep]\n|upkeep\n|turn|14\n|inactive|chz3781873 has 120 seconds left.\n|\n|t:|1700668504\n|move|p1a: Volcarona|Giga Drain|p2a: Charizard\n|-resisted|p2a: Charizard\n|-damage|p2a: Charizard|14\/100\n|-heal|p1a: Volcarona|15\/100|[from] drain|[of] p2a: Charizard\n|-damage|p1a: Volcarona|5\/100|[from] item: Life Orb\n|move|p2a: Charizard|Air Slash|p1a: Volcarona\n|-supereffective|p1a: Volcarona\n|-damage|p1a: Volcarona|0 fnt\n|faint|p1a: Volcarona\n|\n|-weather|SunnyDay|[upkeep]\n|upkeep\n|\n|t:|1700668509\n|switch|p1a: Corviknight|Corviknight, F, tera:Flying|78\/100\n|-ability|p1a: Corviknight|Pressure\n|turn|15\n|-message|VincyXD forfeited.\n|\n|win|chz3781873\n|raw|VincyXD's rating: 1314 &rarr; <strong>1290<\/strong><br \/>(-24 for losing)\n|raw|chz3781873's rating: 1235 &rarr; <strong>1266<\/strong><br \/>(+31 for winning)\n|l|\u2606VincyXD\n","uploadtime":1700668536,"views":0,"p1id":"vincyxd","p2id":"chz3781873","formatid":"gen9nationaldex","rating":1266,"private":0,"password":""}