{"id":"gen9nationaldex-1988239125","p1":"hsenb\u59da\u67d0","p2":"keyiquan","format":"[Gen 9] National Dex","log":"|j|\u2606hsenb\u59da\u67d0\n|j|\u2606keyiquan\n|t:|1699691986\n|gametype|singles\n|player|p1|hsenb\u59da\u67d0|may-contest|1627\n|player|p2|keyiquan|1|1550\n|teamsize|p1|6\n|teamsize|p2|6\n|gen|9\n|tier|[Gen 9] National Dex\n|rated|\n|rule|HP Percentage Mod: HP is shown in percentages\n|rule|Endless Battle Clause: Forcing endless battles is banned\n|rule|OHKO Clause: OHKO moves are banned\n|rule|Evasion Clause: Evasion abilities, items, and moves are banned\n|rule|Evasion Abilities Clause: Evasion abilities are banned\n|rule|Evasion Items Clause: Evasion items are banned\n|rule|Evasion Moves Clause: Evasion moves are banned\n|rule|Species Clause: Limit one of each Pok\u00e9mon\n|rule|Sleep Clause Mod: Limit one foe put to sleep\n|clearpoke\n|poke|p1|Diancie|\n|poke|p1|Garganacl, F|\n|poke|p1|Arcanine-Hisui, F|\n|poke|p1|Nihilego|\n|poke|p1|Glimmora, M|\n|poke|p1|Kleavor, F|\n|poke|p2|Ribombee, M|\n|poke|p2|Landorus-Therian, M|\n|poke|p2|Glimmora, M|\n|poke|p2|Nidoking, M|\n|poke|p2|Tapu Lele|\n|poke|p2|Skeledirge, M|\n|teampreview\n|\n|t:|1699692007\n|start\n|switch|p1a: Glimmora|Glimmora, M|100\/100\n|switch|p2a: Landorus|Landorus-Therian, M|100\/100\n|-ability|p2a: Landorus|Intimidate|boost\n|-unboost|p1a: Glimmora|atk|1\n|turn|1\n|inactive|Battle timer is ON: inactive players will automatically lose when time's up. (requested by keyiquan)\n|\n|t:|1699692024\n|move|p2a: Landorus|Earthquake|p1a: Glimmora\n|-supereffective|p1a: Glimmora\n|-enditem|p1a: Glimmora|Focus Sash\n|-damage|p1a: Glimmora|1\/100\n|-activate|p1a: Glimmora|ability: Toxic Debris\n|-sidestart|p2: keyiquan|move: Toxic Spikes\n|move|p1a: Glimmora|Stealth Rock|p2a: Landorus\n|-sidestart|p2: keyiquan|move: Stealth Rock\n|\n|upkeep\n|turn|2\n|\n|t:|1699692034\n|move|p2a: Landorus|Earthquake|p1a: Glimmora\n|-supereffective|p1a: Glimmora\n|-damage|p1a: Glimmora|0 fnt\n|-activate|p1a: Glimmora|ability: Toxic Debris\n|-sidestart|p2: keyiquan|move: Toxic Spikes\n|faint|p1a: Glimmora\n|\n|upkeep\n|\n|t:|1699692038\n|switch|p1a: Kleavor|Kleavor, F|100\/100\n|turn|3\n|\n|t:|1699692057\n|move|p1a: Kleavor|Stone Axe|p2a: Landorus\n|-damage|p2a: Landorus|34\/100\n|move|p2a: Landorus|Fly||[still]\n|-prepare|p2a: Landorus|Fly\n|\n|upkeep\n|turn|4\n|\n|t:|1699692073\n|switch|p1a: Diancie|Diancie|100\/100\n|move|p2a: Landorus|Fly|p1a: Diancie|[from]lockedmove\n|-resisted|p1a: Diancie\n|-damage|p1a: Diancie|72\/100\n|\n|upkeep\n|turn|5\n|\n|t:|1699692087\n|detailschange|p1a: Diancie|Diancie-Mega\n|-mega|p1a: Diancie|Diancie|Diancite\n|move|p1a: Diancie|Diamond Storm|p2a: Landorus|[miss]\n|-miss|p1a: Diancie|p2a: Landorus\n|move|p2a: Landorus|Earthquake|p1a: Diancie\n|-supereffective|p1a: Diancie\n|-damage|p1a: Diancie|0 fnt\n|faint|p1a: Diancie\n|\n|upkeep\n|\n|t:|1699692098\n|switch|p1a: Nihilego|Nihilego|100\/100\n|turn|6\n|\n|t:|1699692115\n|move|p1a: Nihilego|Meteor Beam||[still]\n|-prepare|p1a: Nihilego|Meteor Beam\n|-boost|p1a: Nihilego|spa|1\n|-enditem|p1a: Nihilego|Power Herb\n|-anim|p1a: Nihilego|Meteor Beam|p2a: Landorus|[miss]\n|-miss|p1a: Nihilego|p2a: Landorus\n|move|p2a: Landorus|Earthquake|p1a: Nihilego\n|-supereffective|p1a: Nihilego\n|-damage|p1a: Nihilego|0 fnt\n|faint|p1a: Nihilego\n|\n|upkeep\n|\n|t:|1699692122\n|switch|p1a: Kleavor|Kleavor, F|100\/100\n|turn|7\n|c|\u2606keyiquan|lol\n|c|\u2606hsenb\u59da\u67d0|\u715e\u7b14\u6e38\u620f\n|\n|t:|1699692145\n|switch|p2a: Nidoking|Nidoking, M|100\/100\n|-sideend|p2: keyiquan|move: Toxic Spikes|[of] p2a: Nidoking\n|-damage|p2a: Nidoking|95\/100|[from] Stealth Rock\n|move|p1a: Kleavor|Stone Axe|p2a: Nidoking\n|-resisted|p2a: Nidoking\n|-damage|p2a: Nidoking|56\/100\n|\n|upkeep\n|turn|8\n|\n|t:|1699692167\n|switch|p1a: Arcanine|Arcanine-Hisui, F|100\/100\n|move|p2a: Nidoking|Earth Power|p1a: Arcanine\n|-supereffective|p1a: Arcanine\n|-damage|p1a: Arcanine|0 fnt\n|faint|p1a: Arcanine\n|\n|upkeep\n|\n|t:|1699692170\n|switch|p1a: Garganacl|Garganacl, F|100\/100\n|turn|9\n|c|\u2606keyiquan|\u7b11\u6b7b\n|\n|t:|1699692179\n|-terastallize|p1a: Garganacl|Ghost\n|move|p2a: Nidoking|Earth Power|p1a: Garganacl\n|-damage|p1a: Garganacl|64\/100\n|move|p1a: Garganacl|Salt Cure|p2a: Nidoking\n|-resisted|p2a: Nidoking\n|-damage|p2a: Nidoking|45\/100\n|-start|p2a: Nidoking|Salt Cure\n|\n|-heal|p1a: Garganacl|70\/100|[from] item: Leftovers\n|-damage|p2a: Nidoking|33\/100|[from] Salt Cure\n|upkeep\n|turn|10\n|\n|t:|1699692192\n|switch|p2a: Glimmora|Glimmora, M|100\/100\n|-damage|p2a: Glimmora|88\/100|[from] Stealth Rock\n|move|p1a: Garganacl|Recover|p1a: Garganacl\n|-heal|p1a: Garganacl|100\/100\n|\n|upkeep\n|turn|11\n|\n|t:|1699692199\n|switch|p1a: Kleavor|Kleavor, F|100\/100\n|move|p2a: Glimmora|Mortal Spin|p1a: Kleavor\n|-resisted|p1a: Kleavor\n|-damage|p1a: Kleavor|97\/100\n|-status|p1a: Kleavor|psn\n|-sideend|p2: keyiquan|Stealth Rock|[from] move: Mortal Spin|[of] p2a: Glimmora\n|\n|-damage|p1a: Kleavor|84\/100 psn|[from] psn\n|upkeep\n|turn|12\n|\n|t:|1699692210\n|switch|p2a: Landorus|Landorus-Therian, M|34\/100\n|-ability|p2a: Landorus|Intimidate|boost\n|-unboost|p1a: Kleavor|atk|1\n|move|p1a: Kleavor|Stone Axe|p2a: Landorus\n|-damage|p2a: Landorus|0 fnt\n|-sidestart|p2: keyiquan|move: Stealth Rock\n|faint|p2a: Landorus\n|\n|-damage|p1a: Kleavor|72\/100 psn|[from] psn\n|upkeep\n|\n|t:|1699692230\n|switch|p2a: Skeledirge|Skeledirge, M|100\/100\n|turn|13\n|\n|t:|1699692241\n|-terastallize|p2a: Skeledirge|Water\n|move|p1a: Kleavor|Stone Axe|p2a: Skeledirge\n|-damage|p2a: Skeledirge|69\/100\n|move|p2a: Skeledirge|Torch Song|p1a: Kleavor\n|-damage|p1a: Kleavor|23\/100 psn\n|-boost|p2a: Skeledirge|spa|1\n|\n|-damage|p1a: Kleavor|10\/100 psn|[from] psn\n|upkeep\n|turn|14\n|\n|t:|1699692259\n|move|p1a: Kleavor|Stone Axe|p2a: Skeledirge\n|-damage|p2a: Skeledirge|37\/100\n|move|p2a: Skeledirge|Slack Off|p2a: Skeledirge\n|-heal|p2a: Skeledirge|87\/100\n|\n|-damage|p1a: Kleavor|0 fnt|[from] psn\n|faint|p1a: Kleavor\n|upkeep\n|\n|t:|1699692263\n|switch|p1a: Garganacl|Garganacl, F, tera:Ghost|100\/100\n|turn|15\n|\n|t:|1699692281\n|move|p2a: Skeledirge|Torch Song|p1a: Garganacl\n|-damage|p1a: Garganacl|71\/100\n|-boost|p2a: Skeledirge|spa|1\n|move|p1a: Garganacl|Salt Cure|p2a: Skeledirge\n|-damage|p2a: Skeledirge|79\/100\n|-start|p2a: Skeledirge|Salt Cure\n|\n|-heal|p1a: Garganacl|77\/100|[from] item: Leftovers\n|-damage|p2a: Skeledirge|54\/100|[from] Salt Cure\n|upkeep\n|turn|16\n|\n|t:|1699692300\n|move|p2a: Skeledirge|Torch Song|p1a: Garganacl\n|-damage|p1a: Garganacl|38\/100\n|-boost|p2a: Skeledirge|spa|1\n|move|p1a: Garganacl|Salt Cure|p2a: Skeledirge\n|-damage|p2a: Skeledirge|46\/100\n|\n|-heal|p1a: Garganacl|44\/100|[from] item: Leftovers\n|-damage|p2a: Skeledirge|21\/100|[from] Salt Cure\n|upkeep\n|turn|17\n|\n|t:|1699692312\n|move|p2a: Skeledirge|Slack Off|p2a: Skeledirge\n|-heal|p2a: Skeledirge|71\/100\n|move|p1a: Garganacl|Recover|p1a: Garganacl\n|-heal|p1a: Garganacl|94\/100\n|\n|-heal|p1a: Garganacl|99\/100|[from] item: Leftovers\n|-damage|p2a: Skeledirge|46\/100|[from] Salt Cure\n|upkeep\n|turn|18\n|\n|t:|1699692321\n|move|p1a: Garganacl|Protect|p1a: Garganacl\n|-singleturn|p1a: Garganacl|Protect\n|move|p2a: Skeledirge|Torch Song|p1a: Garganacl\n|-activate|p1a: Garganacl|move: Protect\n|\n|-heal|p1a: Garganacl|100\/100|[from] item: Leftovers\n|-damage|p2a: Skeledirge|21\/100|[from] Salt Cure\n|upkeep\n|turn|19\n|\n|t:|1699692333\n|move|p2a: Skeledirge|Torch Song|p1a: Garganacl\n|-damage|p1a: Garganacl|56\/100\n|-boost|p2a: Skeledirge|spa|1\n|move|p1a: Garganacl|Salt Cure|p2a: Skeledirge\n|-damage|p2a: Skeledirge|13\/100\n|\n|-heal|p1a: Garganacl|62\/100|[from] item: Leftovers\n|-damage|p2a: Skeledirge|0 fnt|[from] Salt Cure\n|faint|p2a: Skeledirge\n|upkeep\n|inactive|keyiquan has 120 seconds left.\n|\n|t:|1699692350\n|switch|p2a: Ribombee|Ribombee, M|100\/100\n|-damage|p2a: Ribombee|76\/100|[from] Stealth Rock\n|turn|20\n|\n|t:|1699692362\n|move|p1a: Garganacl|Protect|p1a: Garganacl\n|-singleturn|p1a: Garganacl|Protect\n|move|p2a: Ribombee|Moonblast|p1a: Garganacl\n|-activate|p1a: Garganacl|move: Protect\n|\n|-heal|p1a: Garganacl|68\/100|[from] item: Leftovers\n|upkeep\n|turn|21\n|\n|t:|1699692372\n|move|p2a: Ribombee|Moonblast|p1a: Garganacl\n|-damage|p1a: Garganacl|41\/100\n|-unboost|p1a: Garganacl|spa|1\n|move|p1a: Garganacl|Recover|p1a: Garganacl\n|-heal|p1a: Garganacl|91\/100\n|\n|-heal|p1a: Garganacl|98\/100|[from] item: Leftovers\n|upkeep\n|turn|22\n|\n|t:|1699692381\n|move|p2a: Ribombee|Moonblast|p1a: Garganacl\n|-damage|p1a: Garganacl|72\/100\n|move|p1a: Garganacl|Salt Cure|p2a: Ribombee\n|-supereffective|p2a: Ribombee\n|-damage|p2a: Ribombee|22\/100\n|\n|-heal|p1a: Garganacl|78\/100|[from] item: Leftovers\n|upkeep\n|turn|23\n|\n|t:|1699692401\n|move|p1a: Garganacl|Protect|p1a: Garganacl\n|-singleturn|p1a: Garganacl|Protect\n|move|p2a: Ribombee|Moonblast|p1a: Garganacl\n|-activate|p1a: Garganacl|move: Protect\n|\n|-heal|p1a: Garganacl|84\/100|[from] item: Leftovers\n|upkeep\n|turn|24\n|\n|t:|1699692411\n|move|p2a: Ribombee|Moonblast|p1a: Garganacl\n|-damage|p1a: Garganacl|60\/100\n|move|p1a: Garganacl|Salt Cure|p2a: Ribombee\n|-supereffective|p2a: Ribombee\n|-damage|p2a: Ribombee|0 fnt\n|faint|p2a: Ribombee\n|\n|-heal|p1a: Garganacl|67\/100|[from] item: Leftovers\n|upkeep\n|\n|t:|1699692422\n|switch|p2a: Glimmora|Glimmora, M|88\/100\n|-damage|p2a: Glimmora|76\/100|[from] Stealth Rock\n|turn|25\n|\n|t:|1699692431\n|move|p2a: Glimmora|Mortal Spin|p1a: Garganacl\n|-resisted|p1a: Garganacl\n|-damage|p1a: Garganacl|64\/100\n|-sideend|p2: keyiquan|Stealth Rock|[from] move: Mortal Spin|[of] p2a: Glimmora\n|move|p1a: Garganacl|Recover|p1a: Garganacl\n|-heal|p1a: Garganacl|100\/100\n|\n|upkeep\n|turn|26\n|\n|t:|1699692441\n|move|p2a: Glimmora|Power Gem|p1a: Garganacl\n|-damage|p1a: Garganacl|72\/100\n|move|p1a: Garganacl|Salt Cure|p2a: Glimmora\n|-damage|p2a: Glimmora|58\/100\n|-start|p2a: Glimmora|Salt Cure\n|-activate|p2a: Glimmora|ability: Toxic Debris\n|-sidestart|p1: hsenb\u59da\u67d0|move: Toxic Spikes\n|\n|-heal|p1a: Garganacl|78\/100|[from] item: Leftovers\n|-damage|p2a: Glimmora|45\/100|[from] Salt Cure\n|upkeep\n|turn|27\n|\n|t:|1699692455\n|switch|p2a: Tapu Lele|Tapu Lele|100\/100\n|-fieldstart|move: Psychic Terrain|[from] ability: Psychic Surge|[of] p2a: Tapu Lele\n|move|p1a: Garganacl|Salt Cure|p2a: Tapu Lele\n|-damage|p2a: Tapu Lele|79\/100\n|-start|p2a: Tapu Lele|Salt Cure\n|\n|-heal|p1a: Garganacl|84\/100|[from] item: Leftovers\n|-damage|p2a: Tapu Lele|67\/100|[from] Salt Cure\n|upkeep\n|turn|28\n|\n|t:|1699692468\n|switch|p2a: Glimmora|Glimmora, M|45\/100\n|move|p1a: Garganacl|Protect||[still]\n|-fail|p1a: Garganacl\n|\n|-heal|p1a: Garganacl|91\/100|[from] item: Leftovers\n|upkeep\n|turn|29\n|\n|t:|1699692491\n|move|p2a: Glimmora|Power Gem|p1a: Garganacl\n|-damage|p1a: Garganacl|62\/100\n|move|p1a: Garganacl|Salt Cure|p2a: Glimmora\n|-crit|p2a: Glimmora\n|-damage|p2a: Glimmora|22\/100\n|-start|p2a: Glimmora|Salt Cure\n|-activate|p2a: Glimmora|ability: Toxic Debris\n|-sidestart|p1: hsenb\u59da\u67d0|move: Toxic Spikes\n|\n|-heal|p1a: Garganacl|68\/100|[from] item: Leftovers\n|-damage|p2a: Glimmora|9\/100|[from] Salt Cure\n|upkeep\n|turn|30\n|inactive|hsenb\u59da\u67d0 has 120 seconds left.\n|\n|t:|1699692520\n|move|p2a: Glimmora|Power Gem|p1a: Garganacl\n|-damage|p1a: Garganacl|39\/100\n|move|p1a: Garganacl|Recover|p1a: Garganacl\n|-heal|p1a: Garganacl|89\/100\n|\n|-heal|p1a: Garganacl|96\/100|[from] item: Leftovers\n|-damage|p2a: Glimmora|0 fnt|[from] Salt Cure\n|faint|p2a: Glimmora\n|upkeep\n|c|\u2606keyiquan|\u5ca9\u77f3\u5de8\u7075\u5565\u65f6\u5019\u6b7b\n|\n|t:|1699692530\n|switch|p2a: Tapu Lele|Tapu Lele|67\/100\n|turn|31\n|inactive|hsenb\u59da\u67d0 has 120 seconds left.\n|\n|t:|1699692552\n|move|p2a: Tapu Lele|Psychic|p1a: Garganacl\n|-damage|p1a: Garganacl|39\/100\n|move|p1a: Garganacl|Salt Cure|p2a: Tapu Lele\n|-damage|p2a: Tapu Lele|46\/100\n|-start|p2a: Tapu Lele|Salt Cure\n|\n|-heal|p1a: Garganacl|45\/100|[from] item: Leftovers\n|-damage|p2a: Tapu Lele|34\/100|[from] Salt Cure\n|-fieldend|move: Psychic Terrain\n|upkeep\n|turn|32\n|\n|t:|1699692566\n|switch|p2a: Nidoking|Nidoking, M|33\/100\n|move|p1a: Garganacl|Recover|p1a: Garganacl\n|-heal|p1a: Garganacl|95\/100\n|\n|-heal|p1a: Garganacl|100\/100|[from] item: Leftovers\n|upkeep\n|turn|33\n|\n|t:|1699692575\n|move|p2a: Nidoking|Earth Power|p1a: Garganacl\n|-damage|p1a: Garganacl|62\/100\n|move|p1a: Garganacl|Salt Cure|p2a: Nidoking\n|-resisted|p2a: Nidoking\n|-damage|p2a: Nidoking|24\/100\n|-start|p2a: Nidoking|Salt Cure\n|\n|-heal|p1a: Garganacl|68\/100|[from] item: Leftovers\n|-damage|p2a: Nidoking|12\/100|[from] Salt Cure\n|upkeep\n|turn|34\n|inactive|hsenb\u59da\u67d0 has 120 seconds left.\n|\n|t:|1699692586\n|move|p2a: Nidoking|Earth Power|p1a: Garganacl\n|-damage|p1a: Garganacl|29\/100\n|move|p1a: Garganacl|Recover|p1a: Garganacl\n|-heal|p1a: Garganacl|79\/100\n|\n|-heal|p1a: Garganacl|86\/100|[from] item: Leftovers\n|-damage|p2a: Nidoking|0 fnt|[from] Salt Cure\n|faint|p2a: Nidoking\n|upkeep\n|\n|t:|1699692596\n|switch|p2a: Tapu Lele|Tapu Lele|34\/100\n|-fieldstart|move: Psychic Terrain|[from] ability: Psychic Surge|[of] p2a: Tapu Lele\n|turn|35\n|c|\u2606keyiquan|gg\uff0c\u8f93\u4e86\n|l|\u2606keyiquan\n|inactive|keyiquan disconnected and has a minute to reconnect!\n|player|p2|\n|c|\u2606hsenb\u59da\u67d0|\u6700\u89e3\u6c14\u7684\u4e00\u96c6\n|inactive|keyiquan has 30 seconds to reconnect!\n|inactive|keyiquan has 20 seconds to reconnect!\n|j|\u2606keyiquan\n|inactive|keyiquan reconnected and has 100 seconds left.\n|player|p2|keyiquan|1\n|\n|t:|1699692654\n|move|p1a: Garganacl|Protect|p1a: Garganacl\n|-singleturn|p1a: Garganacl|Protect\n|move|p2a: Tapu Lele|Psychic|p1a: Garganacl\n|-activate|p1a: Garganacl|move: Protect\n|\n|-heal|p1a: Garganacl|92\/100|[from] item: Leftovers\n|upkeep\n|turn|36\n|\n|t:|1699692666\n|move|p2a: Tapu Lele|Psychic|p1a: Garganacl\n|-damage|p1a: Garganacl|29\/100\n|move|p1a: Garganacl|Salt Cure|p2a: Tapu Lele\n|-damage|p2a: Tapu Lele|11\/100\n|-start|p2a: Tapu Lele|Salt Cure\n|\n|-heal|p1a: Garganacl|35\/100|[from] item: Leftovers\n|-damage|p2a: Tapu Lele|0 fnt|[from] Salt Cure\n|faint|p2a: Tapu Lele\n|\n|win|hsenb\u59da\u67d0\n|upkeep\n|raw|hsenb\u59da\u67d0's rating: 1648 &rarr; <strong>1663<\/strong><br \/>(+15 for winning)\n|raw|keyiquan's rating: 1550 &rarr; <strong>1535<\/strong><br \/>(-15 for losing)\n|l|\u2606keyiquan\n|l|\u2606hsenb\u59da\u67d0\n|j|\u2606hsenb\u59da\u67d0\n|player|p1|hsenb\u59da\u67d0|may-contest\n","uploadtime":1699693413,"views":9,"p1id":"hsenb","p2id":"keyiquan","formatid":"gen9nationaldex","rating":1535,"private":0,"password":""}