{"id":"gen9nationaldex-1998295914","p1":"EmeraldDunes","p2":"emerald567","format":"[Gen 9] National Dex","log":"|html|<div class=\"broadcast-blue\"><strong>[Gen 9] National Dex is currently suspecting Sneasler! For information on how to participate check out the <a href=\"https:\/\/www.smogon.com\/forums\/threads\/sv-national-dex-suspect-8-just-dance.3731534\/\">suspect thread<\/a>.<\/strong><\/div>\n|j|\u2606EmeraldDunes\n|j|\u2606emerald567\n|t:|1700926072\n|gametype|singles\n|player|p1|EmeraldDunes|gambler|\n|player|p2|emerald567|hilbert|\n|teamsize|p1|6\n|teamsize|p2|6\n|gen|9\n|tier|[Gen 9] National Dex\n|rule|HP Percentage Mod: HP is shown in percentages\n|rule|Endless Battle Clause: Forcing endless battles is banned\n|rule|OHKO Clause: OHKO moves are banned\n|rule|Evasion Clause: Evasion abilities, items, and moves are banned\n|rule|Evasion Abilities Clause: Evasion abilities are banned\n|rule|Evasion Items Clause: Evasion items are banned\n|rule|Evasion Moves Clause: Evasion moves are banned\n|rule|Species Clause: Limit one of each Pok\u00e9mon\n|rule|Sleep Clause Mod: Limit one foe put to sleep\n|clearpoke\n|poke|p1|Banette, M|\n|poke|p1|Pelipper, M|\n|poke|p1|Kommo-o, F|\n|poke|p1|Iron Valiant|\n|poke|p1|Zapdos|\n|poke|p1|Ferrothorn, F|\n|poke|p2|Swampert, M|\n|poke|p2|Gabite, F|\n|poke|p2|Decidueye-Hisui, M|\n|poke|p2|Incineroar, M|\n|poke|p2|Zapdos-Galar|\n|poke|p2|Goodra-Hisui, M|\n|teampreview\n|\n|t:|1700926082\n|start\n|switch|p1a: wish.com godzilla|Kommo-o, F|100\/100\n|switch|p2a: Try II|Zapdos-Galar|100\/100\n|turn|1\n|\n|t:|1700926100\n|switch|p2a: Not a God|Goodra-Hisui, M|100\/100\n|-zpower|p1a: wish.com godzilla\n|move|p1a: wish.com godzilla|Clangorous Soulblaze|p2a: Not a God|[zeffect]\n|-damage|p2a: Not a God|61\/100\n|-boost|p1a: wish.com godzilla|atk|1\n|-boost|p1a: wish.com godzilla|def|1\n|-boost|p1a: wish.com godzilla|spa|1\n|-boost|p1a: wish.com godzilla|spd|1\n|-boost|p1a: wish.com godzilla|spe|1\n|\n|-heal|p2a: Not a God|68\/100|[from] item: Leftovers\n|upkeep\n|turn|2\n|\n|t:|1700926118\n|move|p1a: wish.com godzilla|Clangorous Soul|p1a: wish.com godzilla\n|-boost|p1a: wish.com godzilla|atk|1\n|-boost|p1a: wish.com godzilla|def|1\n|-boost|p1a: wish.com godzilla|spa|1\n|-boost|p1a: wish.com godzilla|spd|1\n|-boost|p1a: wish.com godzilla|spe|1\n|-damage|p1a: wish.com godzilla|68\/100\n|move|p2a: Not a God|Dragon Pulse|p1a: wish.com godzilla\n|-supereffective|p1a: wish.com godzilla\n|-crit|p1a: wish.com godzilla\n|-damage|p1a: wish.com godzilla|0 fnt\n|faint|p1a: wish.com godzilla\n|\n|-heal|p2a: Not a God|74\/100|[from] item: Leftovers\n|upkeep\n|\n|t:|1700926131\n|switch|p1a: spocky gjost|Banette, M|100\/100\n|turn|3\n|\n|t:|1700926151\n|detailschange|p1a: spocky gjost|Banette-Mega, M\n|-mega|p1a: spocky gjost|Banette|Banettite\n|move|p1a: spocky gjost|Curse|p2a: Not a God\n|-start|p2a: Not a God|Curse|[of] p1a: spocky gjost\n|-damage|p1a: spocky gjost|50\/100\n|move|p2a: Not a God|Sludge Bomb|p1a: spocky gjost\n|-resisted|p1a: spocky gjost\n|-damage|p1a: spocky gjost|34\/100\n|\n|-heal|p2a: Not a God|80\/100|[from] item: Leftovers\n|-damage|p2a: Not a God|55\/100|[from] Curse\n|upkeep\n|turn|4\n|\n|t:|1700926183\n|switch|p2a: A man with Z's|Incineroar, M|100\/100\n|-ability|p2a: A man with Z's|Intimidate|boost\n|-unboost|p1a: spocky gjost|atk|1\n|move|p1a: spocky gjost|Body Slam|p2a: A man with Z's\n|-damage|p2a: A man with Z's|78\/100\n|\n|upkeep\n|turn|5\n|\n|t:|1700926213\n|move|p1a: spocky gjost|Gunk Shot|p2a: A man with Z's\n|-damage|p2a: A man with Z's|46\/100\n|-zpower|p2a: A man with Z's\n|move|p2a: A man with Z's|Malicious Moonsault|p1a: spocky gjost|[zeffect]\n|-supereffective|p1a: spocky gjost\n|-damage|p1a: spocky gjost|0 fnt\n|faint|p1a: spocky gjost\n|\n|upkeep\n|\n|t:|1700926223\n|switch|p1a: cleave n dismantle|Iron Valiant|100\/100\n|turn|6\n|\n|t:|1700926275\n|switch|p2a: Choice|Decidueye-Hisui, M, shiny|100\/100\n|move|p1a: cleave n dismantle|Aura Sphere|p2a: Choice\n|-damage|p2a: Choice|62\/100\n|\n|upkeep\n|turn|7\n|\n|t:|1700926292\n|-end|p1a: cleave n dismantle|Quark Drive|[silent]\n|switch|p1a: agency boss|Pelipper, M|100\/100\n|-weather|RainDance|[from] ability: Drizzle|[of] p1a: agency boss\n|move|p2a: Choice|Triple Arrows|p1a: agency boss\n|-resisted|p1a: agency boss\n|-damage|p1a: agency boss|77\/100\n|-unboost|p1a: agency boss|def|1\n|\n|-weather|RainDance|[upkeep]\n|-heal|p1a: agency boss|84\/100|[from] item: Leftovers\n|upkeep\n|turn|8\n|\n|t:|1700926303\n|switch|p2a: Try II|Zapdos-Galar|100\/100\n|move|p1a: agency boss|Tailwind|p1a: agency boss\n|-sidestart|p1: EmeraldDunes|move: Tailwind\n|\n|-weather|RainDance|[upkeep]\n|-heal|p1a: agency boss|90\/100|[from] item: Leftovers\n|upkeep\n|turn|9\n|\n|t:|1700926318\n|-terastallize|p2a: Try II|Electric\n|move|p1a: agency boss|Ice Beam|p2a: Try II\n|-damage|p2a: Try II|68\/100\n|move|p2a: Try II|Tera Blast|p1a: agency boss|[anim] Tera Blast Electric\n|-supereffective|p1a: agency boss\n|-damage|p1a: agency boss|0 fnt\n|faint|p1a: agency boss\n|-damage|p2a: Try II|58\/100|[from] item: Life Orb\n|\n|-weather|RainDance|[upkeep]\n|upkeep\n|\n|t:|1700926324\n|switch|p1a: cleave n dismantle|Iron Valiant|100\/100\n|turn|10\n|\n|t:|1700926333\n|move|p1a: cleave n dismantle|Energy Ball|p2a: Try II\n|-damage|p2a: Try II|8\/100\n|move|p2a: Try II|Acrobatics|p1a: cleave n dismantle\n|-supereffective|p1a: cleave n dismantle\n|-damage|p1a: cleave n dismantle|9\/100\n|-damage|p2a: Try II|0 fnt|[from] item: Life Orb\n|faint|p2a: Try II\n|\n|-weather|RainDance|[upkeep]\n|upkeep\n|\n|t:|1700926352\n|switch|p2a: Not a God|Goodra-Hisui, M|55\/100\n|turn|11\n|\n|t:|1700926358\n|-end|p1a: cleave n dismantle|Quark Drive|[silent]\n|switch|p1a: im sorry|Ferrothorn, F|100\/100\n|move|p2a: Not a God|Ice Beam|p1a: im sorry\n|-damage|p1a: im sorry|75\/100\n|\n|-weather|none\n|-heal|p2a: Not a God|61\/100|[from] item: Leftovers\n|-heal|p1a: im sorry|81\/100|[from] item: Leftovers\n|-sideend|p1: EmeraldDunes|move: Tailwind\n|upkeep\n|turn|12\n|\n|t:|1700926367\n|move|p2a: Not a God|Sludge Bomb|p1a: im sorry\n|-immune|p1a: im sorry\n|move|p1a: im sorry|Stealth Rock|p2a: Not a God\n|-sidestart|p2: emerald567|move: Stealth Rock\n|\n|-heal|p2a: Not a God|67\/100|[from] item: Leftovers\n|-heal|p1a: im sorry|87\/100|[from] item: Leftovers\n|upkeep\n|turn|13\n|\n|t:|1700926375\n|move|p2a: Not a God|Dragon Pulse|p1a: im sorry\n|-resisted|p1a: im sorry\n|-damage|p1a: im sorry|70\/100\n|move|p1a: im sorry|Leech Seed|p2a: Not a God|[miss]\n|-miss|p1a: im sorry|p2a: Not a God\n|\n|-heal|p2a: Not a God|73\/100|[from] item: Leftovers\n|-heal|p1a: im sorry|76\/100|[from] item: Leftovers\n|upkeep\n|turn|14\n|\n|t:|1700926391\n|switch|p2a: A man with Z's|Incineroar, M|46\/100\n|-damage|p2a: A man with Z's|21\/100|[from] Stealth Rock\n|-ability|p2a: A man with Z's|Intimidate|boost\n|-unboost|p1a: im sorry|atk|1\n|move|p1a: im sorry|Leech Seed|p2a: A man with Z's\n|-start|p2a: A man with Z's|move: Leech Seed\n|\n|-heal|p1a: im sorry|82\/100|[from] item: Leftovers\n|-damage|p2a: A man with Z's|9\/100|[from] Leech Seed|[of] p1a: im sorry\n|-heal|p1a: im sorry|96\/100|[silent]\n|upkeep\n|turn|15\n|\n|t:|1700926404\n|switch|p1a: electrified|Zapdos|100\/100\n|-ability|p1a: electrified|Pressure\n|move|p2a: A man with Z's|Blaze Kick|p1a: electrified\n|-damage|p1a: electrified|41\/100\n|-status|p1a: electrified|brn\n|\n|-damage|p2a: A man with Z's|0 fnt|[from] Leech Seed|[of] p1a: electrified\n|-heal|p1a: electrified|51\/100 brn|[silent]\n|faint|p2a: A man with Z's\n|-damage|p1a: electrified|45\/100 brn|[from] brn\n|upkeep\n|\n|t:|1700926436\n|switch|p2a: Best Boy|Swampert, M|100\/100\n|-damage|p2a: Best Boy|94\/100|[from] Stealth Rock\n|turn|16\n|\n|t:|1700926451\n|-terastallize|p1a: electrified|Ground\n|move|p1a: electrified|Extrasensory|p2a: Best Boy\n|-damage|p2a: Best Boy|59\/100\n|-damage|p1a: electrified|35\/100 brn|[from] item: Life Orb\n|move|p2a: Best Boy|Hidden Power|p1a: electrified\n|-supereffective|p1a: electrified\n|-damage|p1a: electrified|7\/100 brn\n|\n|-damage|p1a: electrified|1\/100 brn|[from] brn\n|upkeep\n|turn|17\n|\n|t:|1700926465\n|switch|p2a: Not a God|Goodra-Hisui, M|73\/100\n|-damage|p2a: Not a God|67\/100|[from] Stealth Rock\n|move|p1a: electrified|Ancient Power|p2a: Not a God\n|-resisted|p2a: Not a God\n|-damage|p2a: Not a God|58\/100\n|-damage|p1a: electrified|0 fnt|[from] item: Life Orb\n|faint|p1a: electrified\n|\n|-heal|p2a: Not a God|64\/100|[from] item: Leftovers\n|upkeep\n|\n|t:|1700926473\n|switch|p1a: cleave n dismantle|Iron Valiant|9\/100\n|turn|18\n|\n|t:|1700926478\n|move|p1a: cleave n dismantle|Aura Sphere|p2a: Not a God\n|-supereffective|p2a: Not a God\n|-damage|p2a: Not a God|0 fnt\n|faint|p2a: Not a God\n|\n|upkeep\n|\n|t:|1700926487\n|switch|p2a: Choice|Decidueye-Hisui, M, shiny|62\/100\n|-damage|p2a: Choice|56\/100|[from] Stealth Rock\n|turn|19\n|\n|t:|1700926497\n|-end|p1a: cleave n dismantle|Quark Drive|[silent]\n|switch|p1a: im sorry|Ferrothorn, F|96\/100\n|move|p2a: Choice|Leaf Blade|p1a: im sorry\n|-resisted|p1a: im sorry\n|-crit|p1a: im sorry\n|-damage|p1a: im sorry|85\/100\n|-damage|p2a: Choice|43\/100|[from] ability: Iron Barbs|[of] p1a: im sorry\n|\n|-heal|p1a: im sorry|91\/100|[from] item: Leftovers\n|upkeep\n|turn|20\n|\n|t:|1700926530\n|switch|p2a: Luck|Gabite, F|100\/100\n|-damage|p2a: Luck|94\/100|[from] Stealth Rock\n|move|p1a: im sorry|Gyro Ball|p2a: Luck\n|-damage|p2a: Luck|36\/100\n|-damage|p1a: im sorry|79\/100|[from] ability: Rough Skin|[of] p2a: Luck\n|\n|-heal|p1a: im sorry|85\/100|[from] item: Leftovers\n|upkeep\n|turn|21\n|\n|t:|1700926542\n|move|p2a: Luck|Scorching Sands|p1a: im sorry\n|-damage|p1a: im sorry|74\/100\n|move|p1a: im sorry|Leech Seed|p2a: Luck\n|-start|p2a: Luck|move: Leech Seed\n|\n|-heal|p1a: im sorry|81\/100|[from] item: Leftovers\n|-damage|p2a: Luck|23\/100|[from] Leech Seed|[of] p1a: im sorry\n|-heal|p1a: im sorry|90\/100|[silent]\n|upkeep\n|turn|22\n|\n|t:|1700926551\n|move|p2a: Luck|Dragon Claw|p1a: im sorry\n|-resisted|p1a: im sorry\n|-damage|p1a: im sorry|79\/100\n|-damage|p2a: Luck|11\/100|[from] ability: Iron Barbs|[of] p1a: im sorry\n|move|p1a: im sorry|Power Whip|p2a: Luck\n|-damage|p2a: Luck|0 fnt\n|-damage|p1a: im sorry|67\/100|[from] ability: Rough Skin|[of] p2a: Luck\n|faint|p2a: Luck\n|\n|-heal|p1a: im sorry|73\/100|[from] item: Leftovers\n|upkeep\n|\n|t:|1700926558\n|switch|p2a: Choice|Decidueye-Hisui, M, shiny|43\/100\n|-damage|p2a: Choice|37\/100|[from] Stealth Rock\n|turn|23\n|\n|t:|1700926572\n|move|p2a: Choice|Triple Arrows|p1a: im sorry\n|-supereffective|p1a: im sorry\n|-damage|p1a: im sorry|9\/100\n|move|p1a: im sorry|Gyro Ball|p2a: Choice\n|-damage|p2a: Choice|6\/100\n|\n|-heal|p1a: im sorry|16\/100|[from] item: Leftovers\n|upkeep\n|turn|24\n|\n|t:|1700926586\n|move|p2a: Choice|Triple Arrows|p1a: im sorry\n|-supereffective|p1a: im sorry\n|-damage|p1a: im sorry|0 fnt\n|faint|p1a: im sorry\n|\n|upkeep\n|\n|t:|1700926588\n|switch|p1a: cleave n dismantle|Iron Valiant|9\/100\n|turn|25\n|\n|t:|1700926595\n|move|p1a: cleave n dismantle|Energy Ball|p2a: Choice\n|-resisted|p2a: Choice\n|-damage|p2a: Choice|0 fnt\n|faint|p2a: Choice\n|\n|upkeep\n|\n|t:|1700926599\n|switch|p2a: Best Boy|Swampert, M|59\/100\n|-damage|p2a: Best Boy|53\/100|[from] Stealth Rock\n|turn|26\n|\n|t:|1700926609\n|detailschange|p2a: Best Boy|Swampert-Mega, M\n|-mega|p2a: Best Boy|Swampert|Swampertite\n|move|p1a: cleave n dismantle|Energy Ball|p2a: Best Boy\n|-supereffective|p2a: Best Boy\n|-damage|p2a: Best Boy|0 fnt\n|faint|p2a: Best Boy\n|\n|win|EmeraldDunes\n","uploadtime":1700926616,"views":1,"p1id":"emeralddunes","p2id":"emerald567","formatid":"gen9nationaldex","rating":0,"private":0,"password":""}