{"id":"gen9nationaldex-1995344109","p1":"wjssz","p2":"KumikoOVO","format":"[Gen 9] National Dex","log":"|html|<div class=\"broadcast-blue\"><strong>[Gen 9] National Dex is currently suspecting Sneasler! For information on how to participate check out the <a href=\"https:\/\/www.smogon.com\/forums\/threads\/sv-national-dex-suspect-8-just-dance.3731534\/\">suspect thread<\/a>.<\/strong><\/div>\n|j|\u2606wjssz\n|j|\u2606KumikoOVO\n|t:|1700557113\n|gametype|singles\n|player|p1|wjssz|cheryl|1271\n|player|p2|KumikoOVO|1|1309\n|teamsize|p1|6\n|teamsize|p2|6\n|gen|9\n|tier|[Gen 9] National Dex\n|rated|\n|rule|HP Percentage Mod: HP is shown in percentages\n|rule|Endless Battle Clause: Forcing endless battles is banned\n|rule|OHKO Clause: OHKO moves are banned\n|rule|Evasion Clause: Evasion abilities, items, and moves are banned\n|rule|Evasion Abilities Clause: Evasion abilities are banned\n|rule|Evasion Items Clause: Evasion items are banned\n|rule|Evasion Moves Clause: Evasion moves are banned\n|rule|Species Clause: Limit one of each Pok\u00e9mon\n|rule|Sleep Clause Mod: Limit one foe put to sleep\n|clearpoke\n|poke|p1|Garganacl, F|\n|poke|p1|Iron Valiant|\n|poke|p1|Tapu Lele|\n|poke|p1|Urshifu-*, M|\n|poke|p1|Lopunny, F|\n|poke|p1|Blaziken, F|\n|poke|p2|Toxapex, F|\n|poke|p2|Tornadus-Therian, M|\n|poke|p2|Reuniclus, F|\n|poke|p2|Slowking-Galar, F|\n|poke|p2|Tangrowth, F|\n|poke|p2|Alomomola, F|\n|teampreview\n|\n|t:|1700557128\n|start\n|switch|p1a: \u6211\u662f\u9664\u5723|Garganacl, F|100\/100\n|switch|p2a: Alomomola|Alomomola, F|100\/100\n|turn|1\n|\n|t:|1700557133\n|move|p2a: Alomomola|Flip Turn|p1a: \u6211\u662f\u9664\u5723\n|-supereffective|p1a: \u6211\u662f\u9664\u5723\n|-damage|p1a: \u6211\u662f\u9664\u5723|84\/100\n|\n|t:|1700557142\n|switch|p2a: Tornadus|Tornadus-Therian, M|100\/100|[from] Flip Turn\n|move|p1a: \u6211\u662f\u9664\u5723|Salt Cure|p2a: Tornadus\n|-supereffective|p2a: Tornadus\n|-damage|p2a: Tornadus|62\/100\n|-start|p2a: Tornadus|Salt Cure\n|\n|-heal|p1a: \u6211\u662f\u9664\u5723|90\/100|[from] item: Leftovers\n|-damage|p2a: Tornadus|49\/100|[from] Salt Cure\n|upkeep\n|turn|2\n|inactive|Battle timer is ON: inactive players will automatically lose when time's up. (requested by wjssz)\n|\n|t:|1700557165\n|move|p1a: \u6211\u662f\u9664\u5723|Protect|p1a: \u6211\u662f\u9664\u5723\n|-singleturn|p1a: \u6211\u662f\u9664\u5723|Protect\n|move|p2a: Tornadus|U-turn|p1a: \u6211\u662f\u9664\u5723\n|-activate|p1a: \u6211\u662f\u9664\u5723|move: Protect\n|\n|-heal|p1a: \u6211\u662f\u9664\u5723|97\/100|[from] item: Leftovers\n|-damage|p2a: Tornadus|37\/100|[from] Salt Cure\n|upkeep\n|turn|3\n|\n|t:|1700557173\n|move|p2a: Tornadus|U-turn|p1a: \u6211\u662f\u9664\u5723\n|-damage|p1a: \u6211\u662f\u9664\u5723|85\/100\n|\n|t:|1700557175\n|switch|p2a: Reuniclus|Reuniclus, F, shiny|100\/100|[from] U-turn\n|move|p1a: \u6211\u662f\u9664\u5723|Salt Cure|p2a: Reuniclus\n|-damage|p2a: Reuniclus|86\/100\n|-start|p2a: Reuniclus|Salt Cure\n|\n|-heal|p1a: \u6211\u662f\u9664\u5723|92\/100|[from] item: Leftovers\n|-heal|p2a: Reuniclus|92\/100|[from] item: Leftovers\n|upkeep\n|turn|4\n|\n|t:|1700557187\n|switch|p1a: \u6211\u4f1a\u9f13\u638c|Iron Valiant|100\/100\n|-enditem|p1a: \u6211\u4f1a\u9f13\u638c|Booster Energy\n|-activate|p1a: \u6211\u4f1a\u9f13\u638c|ability: Quark Drive|[fromitem]\n|-start|p1a: \u6211\u4f1a\u9f13\u638c|quarkdrivespe\n|move|p2a: Reuniclus|Acid Armor|p2a: Reuniclus\n|-boost|p2a: Reuniclus|def|2\n|\n|-heal|p2a: Reuniclus|98\/100|[from] item: Leftovers\n|upkeep\n|turn|5\n|\n|t:|1700557197\n|switch|p2a: Tangrowth|Tangrowth, F|100\/100\n|move|p1a: \u6211\u4f1a\u9f13\u638c|Encore||[still]\n|-fail|p1a: \u6211\u4f1a\u9f13\u638c\n|\n|upkeep\n|turn|6\n|\n|t:|1700557208\n|move|p1a: \u6211\u4f1a\u9f13\u638c|Moonblast|p2a: Tangrowth\n|-damage|p2a: Tangrowth|70\/100\n|move|p2a: Tangrowth|Sludge Bomb|p1a: \u6211\u4f1a\u9f13\u638c\n|-supereffective|p1a: \u6211\u4f1a\u9f13\u638c\n|-damage|p1a: \u6211\u4f1a\u9f13\u638c|17\/100\n|-status|p1a: \u6211\u4f1a\u9f13\u638c|psn\n|\n|-damage|p1a: \u6211\u4f1a\u9f13\u638c|5\/100 psn|[from] psn\n|upkeep\n|turn|7\n|\n|t:|1700557222\n|switch|p2a: Slowking|Slowking-Galar, F|100\/100\n|move|p1a: \u6211\u4f1a\u9f13\u638c|Moonblast|p2a: Slowking\n|-resisted|p2a: Slowking\n|-damage|p2a: Slowking|87\/100\n|\n|-damage|p1a: \u6211\u4f1a\u9f13\u638c|0 fnt|[from] psn\n|faint|p1a: \u6211\u4f1a\u9f13\u638c\n|-end|p1a: \u6211\u4f1a\u9f13\u638c|Quark Drive|[silent]\n|upkeep\n|\n|t:|1700557228\n|switch|p1a: \u6211\u4f1a\u51fb\u638c|Lopunny, F|100\/100\n|turn|8\n|\n|t:|1700557233\n|switch|p2a: Alomomola|Alomomola, F|100\/100\n|detailschange|p1a: \u6211\u4f1a\u51fb\u638c|Lopunny-Mega, F\n|-mega|p1a: \u6211\u4f1a\u51fb\u638c|Lopunny|Lopunnite\n|move|p1a: \u6211\u4f1a\u51fb\u638c|Fake Out|p2a: Alomomola\n|-damage|p2a: Alomomola|89\/100\n|-damage|p1a: \u6211\u4f1a\u51fb\u638c|84\/100|[from] item: Rocky Helmet|[of] p2a: Alomomola\n|\n|upkeep\n|turn|9\n|\n|t:|1700557240\n|move|p1a: \u6211\u4f1a\u51fb\u638c|U-turn|p2a: Alomomola\n|-damage|p2a: Alomomola|76\/100\n|-damage|p1a: \u6211\u4f1a\u51fb\u638c|67\/100|[from] item: Rocky Helmet|[of] p2a: Alomomola\n|\n|t:|1700557243\n|switch|p1a: \u6211\u662f\u5934\u5e26|Urshifu-Rapid-Strike, M|100\/100|[from] U-turn\n|move|p2a: Alomomola|Scald|p1a: \u6211\u662f\u5934\u5e26\n|-resisted|p1a: \u6211\u662f\u5934\u5e26\n|-damage|p1a: \u6211\u662f\u5934\u5e26|91\/100\n|\n|upkeep\n|turn|10\n|\n|t:|1700557260\n|switch|p1a: \u6211\u662f\u9664\u5723|Garganacl, F|92\/100\n|move|p2a: Alomomola|Wish|p2a: Alomomola\n|\n|-heal|p1a: \u6211\u662f\u9664\u5723|98\/100|[from] item: Leftovers\n|upkeep\n|turn|11\n|\n|t:|1700557267\n|move|p2a: Alomomola|Flip Turn|p1a: \u6211\u662f\u9664\u5723\n|-supereffective|p1a: \u6211\u662f\u9664\u5723\n|-damage|p1a: \u6211\u662f\u9664\u5723|84\/100\n|\n|t:|1700557271\n|switch|p2a: Reuniclus|Reuniclus, F, shiny|98\/100|[from] Flip Turn\n|move|p1a: \u6211\u662f\u9664\u5723|Salt Cure|p2a: Reuniclus\n|-damage|p2a: Reuniclus|84\/100\n|-start|p2a: Reuniclus|Salt Cure\n|\n|-heal|p2a: Reuniclus|100\/100|[from] move: Wish|[wisher] Alomomola\n|-heal|p1a: \u6211\u662f\u9664\u5723|90\/100|[from] item: Leftovers\n|upkeep\n|turn|12\n|\n|t:|1700557282\n|switch|p1a: \u6211\u662f\u5934\u5e26|Urshifu-Rapid-Strike, M|91\/100\n|move|p2a: Reuniclus|Acid Armor|p2a: Reuniclus\n|-boost|p2a: Reuniclus|def|2\n|\n|upkeep\n|turn|13\n|\n|t:|1700557290\n|switch|p2a: Alomomola|Alomomola, F|100\/100\n|-terastallize|p1a: \u6211\u662f\u5934\u5e26|Water\n|move|p1a: \u6211\u662f\u5934\u5e26|Surging Strikes|p2a: Alomomola\n|-resisted|p2a: Alomomola\n|-crit|p2a: Alomomola\n|-damage|p2a: Alomomola|92\/100\n|-resisted|p2a: Alomomola\n|-crit|p2a: Alomomola\n|-damage|p2a: Alomomola|83\/100\n|-resisted|p2a: Alomomola\n|-crit|p2a: Alomomola\n|-damage|p2a: Alomomola|73\/100\n|-hitcount|p2a: Alomomola|3\n|\n|upkeep\n|turn|14\n|\n|t:|1700557304\n|switch|p1a: \u6211\u662f\u56f4\u5dfe|Tapu Lele|100\/100\n|-fieldstart|move: Psychic Terrain|[from] ability: Psychic Surge|[of] p1a: \u6211\u662f\u56f4\u5dfe\n|move|p2a: Alomomola|Wish|p2a: Alomomola\n|\n|upkeep\n|turn|15\n|\n|t:|1700557322\n|switch|p2a: Slowking|Slowking-Galar, F|100\/100\n|move|p1a: \u6211\u662f\u56f4\u5dfe|Future Sight|p2a: Slowking\n|-start|p1a: \u6211\u662f\u56f4\u5dfe|move: Future Sight\n|\n|upkeep\n|turn|16\n|\n|t:|1700557338\n|switch|p1a: \u6211\u662f\u9664\u5723|Garganacl, F|90\/100\n|move|p2a: Slowking|Sludge Bomb|p1a: \u6211\u662f\u9664\u5723\n|-resisted|p1a: \u6211\u662f\u9664\u5723\n|-damage|p1a: \u6211\u662f\u9664\u5723|75\/100\n|\n|-heal|p1a: \u6211\u662f\u9664\u5723|82\/100|[from] item: Leftovers\n|upkeep\n|turn|17\n|\n|t:|1700557352\n|move|p1a: \u6211\u662f\u9664\u5723|Salt Cure|p2a: Slowking\n|-damage|p2a: Slowking|86\/100\n|-start|p2a: Slowking|Salt Cure\n|move|p2a: Slowking|Chilly Reception|p2a: Slowking\n|-weather|Snow\n|\n|t:|1700557358\n|switch|p2a: Reuniclus|Reuniclus, F, shiny|100\/100|[from] Chilly Reception\n|\n|-weather|Snow|[upkeep]\n|-end|p2a: Reuniclus|move: Future Sight\n|-resisted|p2a: Reuniclus\n|-damage|p2a: Reuniclus|72\/100\n|-heal|p1a: \u6211\u662f\u9664\u5723|88\/100|[from] item: Leftovers\n|-heal|p2a: Reuniclus|78\/100|[from] item: Leftovers\n|upkeep\n|turn|18\n|\n|t:|1700557371\n|switch|p2a: Slowking|Slowking-Galar, F|100\/100\n|move|p1a: \u6211\u662f\u9664\u5723|Ice Punch|p2a: Slowking\n|-damage|p2a: Slowking|82\/100\n|\n|-weather|Snow|[upkeep]\n|-heal|p1a: \u6211\u662f\u9664\u5723|94\/100|[from] item: Leftovers\n|-fieldend|move: Psychic Terrain\n|upkeep\n|turn|19\n|\n|t:|1700557382\n|move|p1a: \u6211\u662f\u9664\u5723|Salt Cure|p2a: Slowking\n|-damage|p2a: Slowking|67\/100\n|-start|p2a: Slowking|Salt Cure\n|move|p2a: Slowking|Chilly Reception|p2a: Slowking\n|\n|t:|1700557386\n|switch|p2a: Tornadus|Tornadus-Therian, M|70\/100|[from] Chilly Reception\n|\n|-weather|Snow|[upkeep]\n|-heal|p1a: \u6211\u662f\u9664\u5723|99\/100|[from] item: Leftovers\n|upkeep\n|turn|20\n|\n|t:|1700557390\n|move|p2a: Tornadus|U-turn|p1a: \u6211\u662f\u9664\u5723\n|-damage|p1a: \u6211\u662f\u9664\u5723|90\/100\n|\n|t:|1700557398\n|switch|p2a: Alomomola|Alomomola, F|100\/100|[from] U-turn\n|move|p1a: \u6211\u662f\u9664\u5723|Ice Punch|p2a: Alomomola\n|-resisted|p2a: Alomomola\n|-damage|p2a: Alomomola|96\/100\n|-damage|p1a: \u6211\u662f\u9664\u5723|73\/100|[from] item: Rocky Helmet|[of] p2a: Alomomola\n|\n|-weather|Snow|[upkeep]\n|-heal|p1a: \u6211\u662f\u9664\u5723|79\/100|[from] item: Leftovers\n|upkeep\n|turn|21\n|\n|t:|1700557404\n|move|p2a: Alomomola|Wish|p2a: Alomomola\n|move|p1a: \u6211\u662f\u9664\u5723|Salt Cure|p2a: Alomomola\n|-damage|p2a: Alomomola|88\/100\n|-start|p2a: Alomomola|Salt Cure\n|\n|-weather|none\n|-heal|p1a: \u6211\u662f\u9664\u5723|85\/100|[from] item: Leftovers\n|-damage|p2a: Alomomola|63\/100|[from] Salt Cure\n|upkeep\n|turn|22\n|\n|t:|1700557410\n|switch|p2a: Tornadus|Tornadus-Therian, M|100\/100\n|move|p1a: \u6211\u662f\u9664\u5723|Protect||[still]\n|-fail|p1a: \u6211\u662f\u9664\u5723\n|\n|-heal|p1a: \u6211\u662f\u9664\u5723|92\/100|[from] item: Leftovers\n|upkeep\n|turn|23\n|\n|t:|1700557415\n|move|p2a: Tornadus|Knock Off|p1a: \u6211\u662f\u9664\u5723\n|-damage|p1a: \u6211\u662f\u9664\u5723|78\/100\n|-enditem|p1a: \u6211\u662f\u9664\u5723|Leftovers|[from] move: Knock Off|[of] p2a: Tornadus\n|move|p1a: \u6211\u662f\u9664\u5723|Salt Cure|p2a: Tornadus\n|-supereffective|p2a: Tornadus\n|-damage|p2a: Tornadus|62\/100\n|-start|p2a: Tornadus|Salt Cure\n|\n|-damage|p2a: Tornadus|49\/100|[from] Salt Cure\n|upkeep\n|turn|24\n|\n|t:|1700557425\n|switch|p2a: Tangrowth|Tangrowth, F|100\/100\n|move|p1a: \u6211\u662f\u9664\u5723|Protect||[still]\n|-fail|p1a: \u6211\u662f\u9664\u5723\n|\n|upkeep\n|turn|25\n|\n|t:|1700557433\n|move|p2a: Tangrowth|Leaf Storm|p1a: \u6211\u662f\u9664\u5723\n|-supereffective|p1a: \u6211\u662f\u9664\u5723\n|-damage|p1a: \u6211\u662f\u9664\u5723|0 fnt\n|-unboost|p2a: Tangrowth|spa|2\n|faint|p1a: \u6211\u662f\u9664\u5723\n|\n|upkeep\n|\n|t:|1700557439\n|switch|p1a: \u6211\u4f1a\u52a0\u901f|Blaziken, F|100\/100\n|turn|26\n|\n|t:|1700557445\n|switch|p2a: Toxapex|Toxapex, F|100\/100\n|move|p1a: \u6211\u4f1a\u52a0\u901f|Swords Dance|p1a: \u6211\u4f1a\u52a0\u901f\n|-boost|p1a: \u6211\u4f1a\u52a0\u901f|atk|2\n|\n|-ability|p1a: \u6211\u4f1a\u52a0\u901f|Speed Boost|boost\n|-boost|p1a: \u6211\u4f1a\u52a0\u901f|spe|1\n|upkeep\n|turn|27\n|\n|t:|1700557455\n|switch|p1a: \u6211\u662f\u56f4\u5dfe|Tapu Lele|100\/100\n|-fieldstart|move: Psychic Terrain|[from] ability: Psychic Surge|[of] p1a: \u6211\u662f\u56f4\u5dfe\n|move|p2a: Toxapex|Baneful Bunker||[still]\n|-fail|p2a: Toxapex\n|\n|upkeep\n|turn|28\n|\n|t:|1700557464\n|switch|p2a: Slowking|Slowking-Galar, F|99\/100\n|move|p1a: \u6211\u662f\u56f4\u5dfe|Future Sight|p2a: Slowking\n|-start|p1a: \u6211\u662f\u56f4\u5dfe|move: Future Sight\n|\n|upkeep\n|turn|29\n|\n|t:|1700557476\n|switch|p1a: \u6211\u4f1a\u52a0\u901f|Blaziken, F|100\/100\n|move|p2a: Slowking|Sludge Bomb|p1a: \u6211\u4f1a\u52a0\u901f\n|-damage|p1a: \u6211\u4f1a\u52a0\u901f|52\/100\n|-status|p1a: \u6211\u4f1a\u52a0\u901f|psn\n|\n|-damage|p1a: \u6211\u4f1a\u52a0\u901f|40\/100 psn|[from] psn\n|upkeep\n|turn|30\n|\n|t:|1700557487\n|move|p1a: \u6211\u4f1a\u52a0\u901f|Flare Blitz|p2a: Slowking\n|-damage|p2a: Slowking|32\/100\n|-damage|p1a: \u6211\u4f1a\u52a0\u901f|11\/100 psn|[from] Recoil\n|move|p2a: Slowking|Chilly Reception|p2a: Slowking\n|-weather|Snow\n|\n|t:|1700557492\n|switch|p2a: Reuniclus|Reuniclus, F, shiny|78\/100|[from] Chilly Reception\n|\n|-weather|Snow|[upkeep]\n|-end|p2a: Reuniclus|move: Future Sight\n|-resisted|p2a: Reuniclus\n|-damage|p2a: Reuniclus|54\/100\n|-heal|p2a: Reuniclus|60\/100|[from] item: Leftovers\n|-damage|p1a: \u6211\u4f1a\u52a0\u901f|0 fnt|[from] psn\n|faint|p1a: \u6211\u4f1a\u52a0\u901f\n|upkeep\n|\n|t:|1700557502\n|switch|p1a: \u6211\u662f\u56f4\u5dfe|Tapu Lele|100\/100\n|turn|31\n|\n|t:|1700557520\n|move|p1a: \u6211\u662f\u56f4\u5dfe|Moonblast|p2a: Reuniclus\n|-damage|p2a: Reuniclus|27\/100\n|-unboost|p2a: Reuniclus|spa|1\n|move|p2a: Reuniclus|Calm Mind|p2a: Reuniclus\n|-boost|p2a: Reuniclus|spa|1\n|-boost|p2a: Reuniclus|spd|1\n|\n|-weather|Snow|[upkeep]\n|-heal|p2a: Reuniclus|33\/100|[from] item: Leftovers\n|-fieldend|move: Psychic Terrain\n|upkeep\n|turn|32\n|\n|t:|1700557531\n|move|p1a: \u6211\u662f\u56f4\u5dfe|Moonblast|p2a: Reuniclus\n|-damage|p2a: Reuniclus|11\/100\n|move|p2a: Reuniclus|Recover|p2a: Reuniclus\n|-heal|p2a: Reuniclus|61\/100\n|\n|-weather|Snow|[upkeep]\n|-heal|p2a: Reuniclus|67\/100|[from] item: Leftovers\n|upkeep\n|turn|33\n|\n|t:|1700557537\n|move|p1a: \u6211\u662f\u56f4\u5dfe|Future Sight|p2a: Reuniclus\n|-start|p1a: \u6211\u662f\u56f4\u5dfe|move: Future Sight\n|move|p2a: Reuniclus|Recover|p2a: Reuniclus\n|-heal|p2a: Reuniclus|100\/100\n|\n|-weather|Snow|[upkeep]\n|upkeep\n|turn|34\n|\n|t:|1700557545\n|switch|p1a: \u6211\u662f\u5934\u5e26|Urshifu-Rapid-Strike, M, tera:Water|91\/100\n|move|p2a: Reuniclus|Calm Mind|p2a: Reuniclus\n|-boost|p2a: Reuniclus|spa|1\n|-boost|p2a: Reuniclus|spd|1\n|\n|-weather|none\n|upkeep\n|turn|35\n|\n|t:|1700557552\n|switch|p2a: Alomomola|Alomomola, F|97\/100\n|move|p1a: \u6211\u662f\u5934\u5e26|Surging Strikes|p2a: Alomomola\n|-resisted|p2a: Alomomola\n|-crit|p2a: Alomomola\n|-damage|p2a: Alomomola|89\/100\n|-resisted|p2a: Alomomola\n|-crit|p2a: Alomomola\n|-damage|p2a: Alomomola|80\/100\n|-resisted|p2a: Alomomola\n|-crit|p2a: Alomomola\n|-damage|p2a: Alomomola|72\/100\n|-hitcount|p2a: Alomomola|3\n|\n|-end|p2a: Alomomola|move: Future Sight\n|-damage|p2a: Alomomola|1\/100\n|upkeep\n|turn|36\n|\n|t:|1700557566\n|switch|p2a: Toxapex|Toxapex, F|100\/100\n|move|p1a: \u6211\u662f\u5934\u5e26|Surging Strikes|p2a: Toxapex\n|-resisted|p2a: Toxapex\n|-crit|p2a: Toxapex\n|-damage|p2a: Toxapex|88\/100\n|-resisted|p2a: Toxapex\n|-crit|p2a: Toxapex\n|-damage|p2a: Toxapex|75\/100\n|-resisted|p2a: Toxapex\n|-crit|p2a: Toxapex\n|-damage|p2a: Toxapex|61\/100\n|-hitcount|p2a: Toxapex|3\n|\n|-heal|p2a: Toxapex|67\/100|[from] item: Black Sludge\n|upkeep\n|turn|37\n|\n|t:|1700557574\n|switch|p2a: Alomomola|Alomomola, F|34\/100\n|move|p1a: \u6211\u662f\u5934\u5e26|Surging Strikes|p2a: Alomomola\n|-resisted|p2a: Alomomola\n|-crit|p2a: Alomomola\n|-damage|p2a: Alomomola|26\/100\n|-resisted|p2a: Alomomola\n|-crit|p2a: Alomomola\n|-damage|p2a: Alomomola|18\/100\n|-resisted|p2a: Alomomola\n|-crit|p2a: Alomomola\n|-damage|p2a: Alomomola|8\/100\n|-hitcount|p2a: Alomomola|3\n|\n|upkeep\n|turn|38\n|\n|t:|1700557579\n|switch|p2a: Toxapex|Toxapex, F|99\/100\n|move|p1a: \u6211\u662f\u5934\u5e26|Surging Strikes|p2a: Toxapex\n|-resisted|p2a: Toxapex\n|-crit|p2a: Toxapex\n|-damage|p2a: Toxapex|88\/100\n|-resisted|p2a: Toxapex\n|-crit|p2a: Toxapex\n|-damage|p2a: Toxapex|76\/100\n|-resisted|p2a: Toxapex\n|-crit|p2a: Toxapex\n|-damage|p2a: Toxapex|64\/100\n|-hitcount|p2a: Toxapex|3\n|\n|-heal|p2a: Toxapex|70\/100|[from] item: Black Sludge\n|upkeep\n|turn|39\n|\n|t:|1700557584\n|switch|p1a: \u6211\u662f\u56f4\u5dfe|Tapu Lele|100\/100\n|-fieldstart|move: Psychic Terrain|[from] ability: Psychic Surge|[of] p1a: \u6211\u662f\u56f4\u5dfe\n|switch|p2a: Alomomola|Alomomola, F|42\/100\n|\n|upkeep\n|turn|40\n|\n|t:|1700557591\n|switch|p2a: Slowking|Slowking-Galar, F|65\/100\n|move|p1a: \u6211\u662f\u56f4\u5dfe|Future Sight|p2a: Slowking\n|-start|p1a: \u6211\u662f\u56f4\u5dfe|move: Future Sight\n|\n|upkeep\n|turn|41\n|\n|t:|1700557601\n|switch|p1a: \u6211\u4f1a\u51fb\u638c|Lopunny-Mega, F|67\/100\n|move|p2a: Slowking|Sludge Bomb|p1a: \u6211\u4f1a\u51fb\u638c\n|-damage|p1a: \u6211\u4f1a\u51fb\u638c|25\/100\n|\n|upkeep\n|turn|42\n|\n|t:|1700557622\n|switch|p2a: Tangrowth|Tangrowth, F|100\/100\n|move|p1a: \u6211\u4f1a\u51fb\u638c|Triple Axel|p2a: Tangrowth\n|-supereffective|p2a: Tangrowth\n|-damage|p2a: Tangrowth|91\/100\n|-supereffective|p2a: Tangrowth\n|-damage|p2a: Tangrowth|73\/100\n|-supereffective|p2a: Tangrowth\n|-damage|p2a: Tangrowth|46\/100\n|-hitcount|p2a: Tangrowth|3\n|\n|-end|p2a: Tangrowth|move: Future Sight\n|-damage|p2a: Tangrowth|0 fnt\n|faint|p2a: Tangrowth\n|upkeep\n|\n|t:|1700557637\n|switch|p2a: Alomomola|Alomomola, F|75\/100\n|turn|43\n|\n|t:|1700557643\n|switch|p1a: \u6211\u662f\u56f4\u5dfe|Tapu Lele|100\/100\n|move|p2a: Alomomola|Scald|p1a: \u6211\u662f\u56f4\u5dfe\n|-damage|p1a: \u6211\u662f\u56f4\u5dfe|85\/100\n|\n|-fieldend|move: Psychic Terrain\n|upkeep\n|turn|44\n|\n|t:|1700557656\n|switch|p2a: Reuniclus|Reuniclus, F, shiny|100\/100\n|move|p1a: \u6211\u662f\u56f4\u5dfe|Future Sight|p2a: Reuniclus\n|-start|p1a: \u6211\u662f\u56f4\u5dfe|move: Future Sight\n|\n|upkeep\n|turn|45\n|\n|t:|1700557660\n|switch|p1a: \u6211\u662f\u5934\u5e26|Urshifu-Rapid-Strike, M, tera:Water|91\/100\n|move|p2a: Reuniclus|Acid Armor|p2a: Reuniclus\n|-boost|p2a: Reuniclus|def|2\n|\n|upkeep\n|turn|46\n|inactive|KumikoOVO has 120 seconds left.\n|\n|t:|1700557690\n|switch|p2a: Toxapex|Toxapex, F|100\/100\n|move|p1a: \u6211\u662f\u5934\u5e26|Surging Strikes|p2a: Toxapex\n|-resisted|p2a: Toxapex\n|-crit|p2a: Toxapex\n|-damage|p2a: Toxapex|87\/100\n|-resisted|p2a: Toxapex\n|-crit|p2a: Toxapex\n|-damage|p2a: Toxapex|75\/100\n|-resisted|p2a: Toxapex\n|-crit|p2a: Toxapex\n|-damage|p2a: Toxapex|61\/100\n|-hitcount|p2a: Toxapex|3\n|\n|-end|p2a: Toxapex|move: Future Sight\n|-supereffective|p2a: Toxapex\n|-damage|p2a: Toxapex|0 fnt\n|faint|p2a: Toxapex\n|upkeep\n|inactive|KumikoOVO has 120 seconds left.\n|\n|t:|1700557700\n|switch|p2a: Tornadus|Tornadus-Therian, M|82\/100\n|turn|47\n|\n|t:|1700557707\n|move|p2a: Tornadus|Toxic|p1a: \u6211\u662f\u5934\u5e26|[miss]\n|-miss|p2a: Tornadus|p1a: \u6211\u662f\u5934\u5e26\n|move|p1a: \u6211\u662f\u5934\u5e26|Surging Strikes|p2a: Tornadus\n|-crit|p2a: Tornadus\n|-damage|p2a: Tornadus|40\/100\n|-crit|p2a: Tornadus\n|-damage|p2a: Tornadus|0 fnt\n|faint|p2a: Tornadus\n|-hitcount|p2: Tornadus|2\n|\n|upkeep\n|\n|t:|1700557712\n|switch|p2a: Alomomola|Alomomola, F|100\/100\n|turn|48\n|\n|t:|1700557725\n|switch|p1a: \u6211\u4f1a\u51fb\u638c|Lopunny-Mega, F|25\/100\n|move|p2a: Alomomola|Scald|p1a: \u6211\u4f1a\u51fb\u638c\n|-damage|p1a: \u6211\u4f1a\u51fb\u638c|9\/100\n|\n|upkeep\n|turn|49\n|\n|t:|1700557730\n|move|p1a: \u6211\u4f1a\u51fb\u638c|Fake Out|p2a: Alomomola\n|-damage|p2a: Alomomola|90\/100\n|-damage|p1a: \u6211\u4f1a\u51fb\u638c|0 fnt|[from] item: Rocky Helmet|[of] p2a: Alomomola\n|faint|p1a: \u6211\u4f1a\u51fb\u638c\n|cant|p2a: Alomomola|flinch\n|\n|upkeep\n|\n|t:|1700557735\n|switch|p1a: \u6211\u662f\u56f4\u5dfe|Tapu Lele|85\/100\n|-fieldstart|move: Psychic Terrain|[from] ability: Psychic Surge|[of] p1a: \u6211\u662f\u56f4\u5dfe\n|turn|50\n|\n|t:|1700557743\n|move|p1a: \u6211\u662f\u56f4\u5dfe|Future Sight|p2a: Alomomola\n|-start|p1a: \u6211\u662f\u56f4\u5dfe|move: Future Sight\n|move|p2a: Alomomola|Wish|p2a: Alomomola\n|\n|upkeep\n|turn|51\n|\n|t:|1700557750\n|-zpower|p1a: \u6211\u662f\u56f4\u5dfe\n|move|p1a: \u6211\u662f\u56f4\u5dfe|All-Out Pummeling|p2a: Alomomola|[zeffect]\n|-damage|p2a: Alomomola|18\/100\n|move|p2a: Alomomola|Flip Turn|p1a: \u6211\u662f\u56f4\u5dfe\n|-damage|p1a: \u6211\u662f\u56f4\u5dfe|63\/100\n|\n|t:|1700557758\n|switch|p2a: Slowking|Slowking-Galar, F|98\/100|[from] Flip Turn\n|\n|-heal|p2a: Slowking|100\/100|[from] move: Wish|[wisher] Alomomola\n|upkeep\n|turn|52\n|\n|t:|1700557764\n|move|p1a: \u6211\u662f\u56f4\u5dfe|Psyshock|p2a: Slowking\n|-damage|p2a: Slowking|45\/100\n|move|p2a: Slowking|Sludge Bomb|p1a: \u6211\u662f\u56f4\u5dfe\n|-supereffective|p1a: \u6211\u662f\u56f4\u5dfe\n|-damage|p1a: \u6211\u662f\u56f4\u5dfe|0 fnt\n|faint|p1a: \u6211\u662f\u56f4\u5dfe\n|\n|-end|p2a: Slowking|move: Future Sight\n|-damage|p2a: Slowking|0 fnt\n|faint|p2a: Slowking\n|upkeep\n|\n|t:|1700557772\n|switch|p1a: \u6211\u662f\u5934\u5e26|Urshifu-Rapid-Strike, M, tera:Water|91\/100\n|switch|p2a: Alomomola|Alomomola, F|51\/100\n|turn|53\n|\n|t:|1700557776\n|move|p1a: \u6211\u662f\u5934\u5e26|Close Combat|p2a: Alomomola\n|-damage|p2a: Alomomola|12\/100\n|-unboost|p1a: \u6211\u662f\u5934\u5e26|def|1\n|-unboost|p1a: \u6211\u662f\u5934\u5e26|spd|1\n|-damage|p1a: \u6211\u662f\u5934\u5e26|74\/100|[from] item: Rocky Helmet|[of] p2a: Alomomola\n|move|p2a: Alomomola|Wish|p2a: Alomomola\n|\n|upkeep\n|turn|54\n|\n|t:|1700557788\n|switch|p2a: Reuniclus|Reuniclus, F, shiny|100\/100\n|move|p1a: \u6211\u662f\u5934\u5e26|Surging Strikes|p2a: Reuniclus\n|-crit|p2a: Reuniclus\n|-damage|p2a: Reuniclus|67\/100\n|-crit|p2a: Reuniclus\n|-damage|p2a: Reuniclus|34\/100\n|-crit|p2a: Reuniclus\n|-damage|p2a: Reuniclus|0 fnt\n|faint|p2a: Reuniclus\n|-hitcount|p2: Reuniclus|3\n|\n|-fieldend|move: Psychic Terrain\n|upkeep\n|\n|t:|1700557794\n|switch|p2a: Alomomola|Alomomola, F|46\/100\n|turn|55\n|\n|t:|1700557802\n|move|p1a: \u6211\u662f\u5934\u5e26|Close Combat|p2a: Alomomola\n|-damage|p2a: Alomomola|9\/100\n|-unboost|p1a: \u6211\u662f\u5934\u5e26|def|1\n|-unboost|p1a: \u6211\u662f\u5934\u5e26|spd|1\n|-damage|p1a: \u6211\u662f\u5934\u5e26|58\/100|[from] item: Rocky Helmet|[of] p2a: Alomomola\n|move|p2a: Alomomola|Wish|p2a: Alomomola\n|\n|upkeep\n|turn|56\n|\n|t:|1700557812\n|move|p2a: Alomomola|Protect|p2a: Alomomola\n|-singleturn|p2a: Alomomola|Protect\n|move|p1a: \u6211\u662f\u5934\u5e26|Close Combat|p2a: Alomomola\n|-damage|p2a: Alomomola|0 fnt\n|-unboost|p1a: \u6211\u662f\u5934\u5e26|def|1\n|-unboost|p1a: \u6211\u662f\u5934\u5e26|spd|1\n|-damage|p1a: \u6211\u662f\u5934\u5e26|42\/100|[from] item: Rocky Helmet|[of] p2a: Alomomola\n|faint|p2a: Alomomola\n|\n|win|wjssz\n|raw|wjssz's rating: 1271 &rarr; <strong>1299<\/strong><br \/>(+28 for winning)\n|raw|KumikoOVO's rating: 1309 &rarr; <strong>1287<\/strong><br \/>(-22 for losing)\n|l|\u2606KumikoOVO\n","uploadtime":1700557825,"views":4,"p1id":"wjssz","p2id":"kumikoovo","formatid":"gen9nationaldex","rating":1287,"private":0,"password":""}