{"id":"gen9nationaldex-1988309638","p1":"XYStarshone.\u6c34\u706b\u4fa0\u661f\u8000","p2":"bao26062002","format":"[Gen 9] National Dex","log":"|j|\u2606XYStarshone.\u6c34\u706b\u4fa0\u661f\u8000\n|j|\u2606bao26062002\n|t:|1699706194\n|gametype|singles\n|player|p1|XYStarshone.\u6c34\u706b\u4fa0\u661f\u8000|psychic-lgpe|1459\n|player|p2|bao26062002|265|1530\n|teamsize|p1|6\n|teamsize|p2|6\n|gen|9\n|tier|[Gen 9] National Dex\n|rated|\n|rule|HP Percentage Mod: HP is shown in percentages\n|rule|Endless Battle Clause: Forcing endless battles is banned\n|rule|OHKO Clause: OHKO moves are banned\n|rule|Evasion Clause: Evasion abilities, items, and moves are banned\n|rule|Evasion Abilities Clause: Evasion abilities are banned\n|rule|Evasion Items Clause: Evasion items are banned\n|rule|Evasion Moves Clause: Evasion moves are banned\n|rule|Species Clause: Limit one of each Pok\u00e9mon\n|rule|Sleep Clause Mod: Limit one foe put to sleep\n|clearpoke\n|poke|p1|Ceruledge, F|\n|poke|p1|Great Tusk|\n|poke|p1|Iron Valiant|\n|poke|p1|Banette, M|\n|poke|p1|Volcanion|\n|poke|p1|Serperior, F|\n|poke|p2|Ogerpon-Wellspring, F|\n|poke|p2|Clodsire, F|\n|poke|p2|Alomomola, M|\n|poke|p2|Ceruledge, F|\n|poke|p2|Tapu Lele|\n|poke|p2|Scizor, M|\n|teampreview\n|inactive|Battle timer is ON: inactive players will automatically lose when time's up. (requested by bao26062002)\n|\n|t:|1699706211\n|start\n|switch|p1a: \u600e\u4e48\u6709\u6c34\u706b\u8fd9\u4e48\u5e05\u7684\u5b9d\u53ef\u68a6|Volcanion|100\/100\n|switch|p2a: Tapu Lele|Tapu Lele|100\/100\n|-fieldstart|move: Psychic Terrain|[from] ability: Psychic Surge|[of] p2a: Tapu Lele\n|turn|1\n|\n|t:|1699706223\n|move|p2a: Tapu Lele|Psychic|p1a: \u600e\u4e48\u6709\u6c34\u706b\u8fd9\u4e48\u5e05\u7684\u5b9d\u53ef\u68a6\n|-damage|p1a: \u600e\u4e48\u6709\u6c34\u706b\u8fd9\u4e48\u5e05\u7684\u5b9d\u53ef\u68a6|0 fnt\n|faint|p1a: \u600e\u4e48\u6709\u6c34\u706b\u8fd9\u4e48\u5e05\u7684\u5b9d\u53ef\u68a6\n|\n|upkeep\n|\n|t:|1699706235\n|switch|p1a: \u518dmiss\u8ba9\u4f60\u5403\u661f\u788e|Banette, M, shiny|100\/100\n|-item|p2a: Tapu Lele|Choice Specs|[from] ability: Frisk|[of] p1a: \u518dmiss\u8ba9\u4f60\u5403\u661f\u788e|[identify]\n|turn|2\n|\n|t:|1699706247\n|detailschange|p1a: \u518dmiss\u8ba9\u4f60\u5403\u661f\u788e|Banette-Mega, M, shiny\n|-mega|p1a: \u518dmiss\u8ba9\u4f60\u5403\u661f\u788e|Banette|Banettite\n|move|p1a: \u518dmiss\u8ba9\u4f60\u5403\u661f\u788e|Destiny Bond|p1a: \u518dmiss\u8ba9\u4f60\u5403\u661f\u788e\n|-singlemove|p1a: \u518dmiss\u8ba9\u4f60\u5403\u661f\u788e|Destiny Bond\n|move|p2a: Tapu Lele|Psychic|p1a: \u518dmiss\u8ba9\u4f60\u5403\u661f\u788e\n|-damage|p1a: \u518dmiss\u8ba9\u4f60\u5403\u661f\u788e|0 fnt\n|faint|p1a: \u518dmiss\u8ba9\u4f60\u5403\u661f\u788e\n|-activate|p1a: \u518dmiss\u8ba9\u4f60\u5403\u661f\u788e|move: Destiny Bond\n|faint|p2a: Tapu Lele\n|\n|upkeep\n|c|\u2606XYStarshone.\u6c34\u706b\u4fa0\u661f\u8000|specs?\n|inactive|XYStarshone.\u6c34\u706b\u4fa0\u661f\u8000 has 120 seconds left.\n|\n|t:|1699706278\n|switch|p2a: Scizor|Scizor, M|100\/100\n|switch|p1a: \u518dmiss\u8ba9\u4f60\u5403\u7206\u70b8\u70c8\u7130|Serperior, F, shiny|100\/100\n|turn|3\n|c|\u2606bao26062002|Bingo\n|c|\u2606XYStarshone.\u6c34\u706b\u4fa0\u661f\u8000|omg\n|inactive|XYStarshone.\u6c34\u706b\u4fa0\u661f\u8000 has 120 seconds left.\n|\n|t:|1699706293\n|switch|p1a: \u518dmiss\u8ba9\u4f60\u5403\u6c34\u6d41\u8fde\u6253|Ceruledge, F|100\/100\n|detailschange|p2a: Scizor|Scizor-Mega, M\n|-mega|p2a: Scizor|Scizor|Scizorite\n|move|p2a: Scizor|Bug Bite|p1a: \u518dmiss\u8ba9\u4f60\u5403\u6c34\u6d41\u8fde\u6253\n|-resisted|p1a: \u518dmiss\u8ba9\u4f60\u5403\u6c34\u6d41\u8fde\u6253\n|-damage|p1a: \u518dmiss\u8ba9\u4f60\u5403\u6c34\u6d41\u8fde\u6253|82\/100\n|-ability|p1a: \u518dmiss\u8ba9\u4f60\u5403\u6c34\u6d41\u8fde\u6253|Weak Armor|boost\n|-unboost|p1a: \u518dmiss\u8ba9\u4f60\u5403\u6c34\u6d41\u8fde\u6253|def|1\n|-boost|p1a: \u518dmiss\u8ba9\u4f60\u5403\u6c34\u6d41\u8fde\u6253|spe|2\n|\n|upkeep\n|turn|4\n|inactive|XYStarshone.\u6c34\u706b\u4fa0\u661f\u8000 has 120 seconds left.\n|c|\u2606XYStarshone.\u6c34\u706b\u4fa0\u661f\u8000|!dt bug bite\n|raw|<ul class=\"utilichart\"><li class=\"result\"><span class=\"col movenamecol\"><a href=\"https:\/\/dex.pokemonshowdown.com\/moves\/bugbite\">Bug Bite<\/a><\/span> <span class=\"col typecol\"><img src=\"\/\/play.pokemonshowdown.com\/sprites\/types\/Bug.png\" alt=\"Bug\" width=\"32\" height=\"14\"><img src=\"\/\/play.pokemonshowdown.com\/sprites\/categories\/Physical.png\" alt=\"Physical\" width=\"32\" height=\"14\"><\/span> <span class=\"col labelcol\"><em>Power<\/em><br>60<\/span> <span class=\"col widelabelcol\"><em>Accuracy<\/em><br>100%<\/span> <span class=\"col pplabelcol\"><em>PP<\/em><br>32<\/span> <span class=\"col movedesccol\">User steals and eats the target's Berry.<\/span> <\/li><li style=\"clear:both\"><\/li><\/ul>\n|raw|<font size=\"1\"><font color=\"#686868\">Priority:<\/font> 0&nbsp;|&ThickSpace;<font color=\"#686868\">Gen:<\/font> 4&nbsp;|&ThickSpace;&#10003; Contact&nbsp;|&ThickSpace;<font color=\"#686868\">Z-Power:<\/font> 120&nbsp;|&ThickSpace;<font color=\"#686868\">Dynamax Power:<\/font> 110&nbsp;|&ThickSpace;<font color=\"#686868\">Target:<\/font> One Adjacent Pok\u00e9mon<\/font>\n\n|c|\u2606XYStarshone.\u6c34\u706b\u4fa0\u661f\u8000|wow\n|\n|t:|1699706312\n|switch|p2a: Alomomola|Alomomola, M|100\/100\n|move|p1a: \u518dmiss\u8ba9\u4f60\u5403\u6c34\u6d41\u8fde\u6253|Bitter Blade|p2a: Alomomola\n|-resisted|p2a: Alomomola\n|-damage|p2a: Alomomola|89\/100\n|-heal|p1a: \u518dmiss\u8ba9\u4f60\u5403\u6c34\u6d41\u8fde\u6253|93\/100|[from] drain|[of] p2a: Alomomola\n|-damage|p1a: \u518dmiss\u8ba9\u4f60\u5403\u6c34\u6d41\u8fde\u6253|76\/100|[from] item: Rocky Helmet|[of] p2a: Alomomola\n|\n|upkeep\n|turn|5\n|inactive|XYStarshone.\u6c34\u706b\u4fa0\u661f\u8000 has 120 seconds left.\n|\n|t:|1699706319\n|switch|p1a: \u518dmiss\u8ba9\u4f60\u5403\u7206\u70b8\u70c8\u7130|Serperior, F, shiny|100\/100\n|move|p2a: Alomomola|Toxic|p1a: \u518dmiss\u8ba9\u4f60\u5403\u7206\u70b8\u70c8\u7130\n|-status|p1a: \u518dmiss\u8ba9\u4f60\u5403\u7206\u70b8\u70c8\u7130|tox\n|\n|-damage|p1a: \u518dmiss\u8ba9\u4f60\u5403\u7206\u70b8\u70c8\u7130|94\/100 tox|[from] psn\n|-fieldend|move: Psychic Terrain\n|upkeep\n|turn|6\n|\n|t:|1699706323\n|switch|p2a: Clodsire|Clodsire, F|100\/100\n|move|p1a: \u518dmiss\u8ba9\u4f60\u5403\u7206\u70b8\u70c8\u7130|Substitute|p1a: \u518dmiss\u8ba9\u4f60\u5403\u7206\u70b8\u70c8\u7130\n|-start|p1a: \u518dmiss\u8ba9\u4f60\u5403\u7206\u70b8\u70c8\u7130|Substitute\n|-damage|p1a: \u518dmiss\u8ba9\u4f60\u5403\u7206\u70b8\u70c8\u7130|70\/100 tox\n|\n|-heal|p1a: \u518dmiss\u8ba9\u4f60\u5403\u7206\u70b8\u70c8\u7130|76\/100 tox|[from] item: Leftovers\n|-damage|p1a: \u518dmiss\u8ba9\u4f60\u5403\u7206\u70b8\u70c8\u7130|63\/100 tox|[from] psn\n|upkeep\n|turn|7\n|\n|t:|1699706326\n|move|p1a: \u518dmiss\u8ba9\u4f60\u5403\u7206\u70b8\u70c8\u7130|Leaf Storm|p2a: Clodsire\n|-damage|p2a: Clodsire|77\/100\n|-boost|p1a: \u518dmiss\u8ba9\u4f60\u5403\u7206\u70b8\u70c8\u7130|spa|2\n|move|p2a: Clodsire|Stealth Rock|p1a: \u518dmiss\u8ba9\u4f60\u5403\u7206\u70b8\u70c8\u7130\n|-sidestart|p1: XYStarshone.\u6c34\u706b\u4fa0\u661f\u8000|move: Stealth Rock\n|\n|-heal|p1a: \u518dmiss\u8ba9\u4f60\u5403\u7206\u70b8\u70c8\u7130|70\/100 tox|[from] item: Leftovers\n|-heal|p2a: Clodsire|83\/100|[from] item: Leftovers\n|-damage|p1a: \u518dmiss\u8ba9\u4f60\u5403\u7206\u70b8\u70c8\u7130|51\/100 tox|[from] psn\n|upkeep\n|turn|8\n|\n|t:|1699706329\n|move|p1a: \u518dmiss\u8ba9\u4f60\u5403\u7206\u70b8\u70c8\u7130|Leaf Storm|p2a: Clodsire\n|-damage|p2a: Clodsire|59\/100\n|-boost|p1a: \u518dmiss\u8ba9\u4f60\u5403\u7206\u70b8\u70c8\u7130|spa|2\n|move|p2a: Clodsire|Earthquake|p1a: \u518dmiss\u8ba9\u4f60\u5403\u7206\u70b8\u70c8\u7130\n|-resisted|p1a: \u518dmiss\u8ba9\u4f60\u5403\u7206\u70b8\u70c8\u7130\n|-activate|p1a: \u518dmiss\u8ba9\u4f60\u5403\u7206\u70b8\u70c8\u7130|move: Substitute|[damage]\n|\n|-heal|p1a: \u518dmiss\u8ba9\u4f60\u5403\u7206\u70b8\u70c8\u7130|57\/100 tox|[from] item: Leftovers\n|-heal|p2a: Clodsire|65\/100|[from] item: Leftovers\n|-damage|p1a: \u518dmiss\u8ba9\u4f60\u5403\u7206\u70b8\u70c8\u7130|32\/100 tox|[from] psn\n|upkeep\n|turn|9\n|\n|t:|1699706335\n|switch|p1a: \u7259\u5723\uff01|Great Tusk|100\/100\n|-damage|p1a: \u7259\u5723\uff01|98\/100|[from] Stealth Rock\n|-enditem|p1a: \u7259\u5723\uff01|Booster Energy\n|-activate|p1a: \u7259\u5723\uff01|ability: Protosynthesis|[fromitem]\n|-start|p1a: \u7259\u5723\uff01|protosynthesisspe\n|move|p2a: Clodsire|Recover|p2a: Clodsire\n|-heal|p2a: Clodsire|100\/100\n|\n|upkeep\n|turn|10\n|\n|t:|1699706341\n|switch|p2a: Alomomola|Alomomola, M|100\/100\n|move|p1a: \u7259\u5723\uff01|Rapid Spin|p2a: Alomomola\n|-damage|p2a: Alomomola|93\/100\n|-boost|p1a: \u7259\u5723\uff01|spe|1\n|-damage|p1a: \u7259\u5723\uff01|81\/100|[from] item: Rocky Helmet|[of] p2a: Alomomola\n|-sideend|p1: XYStarshone.\u6c34\u706b\u4fa0\u661f\u8000|Stealth Rock|[from] move: Rapid Spin|[of] p1a: \u7259\u5723\uff01\n|\n|upkeep\n|turn|11\n|\n|t:|1699706344\n|move|p1a: \u7259\u5723\uff01|Stealth Rock|p2a: Alomomola\n|-sidestart|p2: bao26062002|move: Stealth Rock\n|move|p2a: Alomomola|Toxic|p1a: \u7259\u5723\uff01|[miss]\n|-miss|p2a: Alomomola|p1a: \u7259\u5723\uff01\n|\n|upkeep\n|turn|12\n|\n|t:|1699706351\n|-end|p1a: \u7259\u5723\uff01|Protosynthesis|[silent]\n|switch|p1a: \u518dmiss\u8ba9\u4f60\u5403\u7206\u70b8\u70c8\u7130|Serperior, F, shiny|32\/100 tox\n|move|p2a: Alomomola|Toxic|p1a: \u518dmiss\u8ba9\u4f60\u5403\u7206\u70b8\u70c8\u7130\n|-fail|p1a: \u518dmiss\u8ba9\u4f60\u5403\u7206\u70b8\u70c8\u7130|tox\n|\n|-heal|p1a: \u518dmiss\u8ba9\u4f60\u5403\u7206\u70b8\u70c8\u7130|39\/100 tox|[from] item: Leftovers\n|-damage|p1a: \u518dmiss\u8ba9\u4f60\u5403\u7206\u70b8\u70c8\u7130|32\/100 tox|[from] psn\n|upkeep\n|turn|13\n|\n|t:|1699706355\n|move|p2a: Alomomola|Protect|p2a: Alomomola\n|-singleturn|p2a: Alomomola|Protect\n|move|p1a: \u518dmiss\u8ba9\u4f60\u5403\u7206\u70b8\u70c8\u7130|Leaf Storm|p2a: Alomomola\n|-activate|p2a: Alomomola|move: Protect\n|\n|-heal|p1a: \u518dmiss\u8ba9\u4f60\u5403\u7206\u70b8\u70c8\u7130|39\/100 tox|[from] item: Leftovers\n|-damage|p1a: \u518dmiss\u8ba9\u4f60\u5403\u7206\u70b8\u70c8\u7130|26\/100 tox|[from] psn\n|upkeep\n|turn|14\n|\n|t:|1699706358\n|switch|p2a: Clodsire|Clodsire, F|100\/100\n|-damage|p2a: Clodsire|94\/100|[from] Stealth Rock\n|move|p1a: \u518dmiss\u8ba9\u4f60\u5403\u7206\u70b8\u70c8\u7130|Leaf Storm|p2a: Clodsire\n|-damage|p2a: Clodsire|71\/100\n|-boost|p1a: \u518dmiss\u8ba9\u4f60\u5403\u7206\u70b8\u70c8\u7130|spa|2\n|\n|-heal|p1a: \u518dmiss\u8ba9\u4f60\u5403\u7206\u70b8\u70c8\u7130|32\/100 tox|[from] item: Leftovers\n|-heal|p2a: Clodsire|77\/100|[from] item: Leftovers\n|-damage|p1a: \u518dmiss\u8ba9\u4f60\u5403\u7206\u70b8\u70c8\u7130|14\/100 tox|[from] psn\n|upkeep\n|turn|15\n|\n|t:|1699706362\n|move|p1a: \u518dmiss\u8ba9\u4f60\u5403\u7206\u70b8\u70c8\u7130|Glare|p2a: Clodsire\n|-status|p2a: Clodsire|par\n|cant|p2a: Clodsire|par\n|\n|-heal|p1a: \u518dmiss\u8ba9\u4f60\u5403\u7206\u70b8\u70c8\u7130|20\/100 tox|[from] item: Leftovers\n|-heal|p2a: Clodsire|83\/100 par|[from] item: Leftovers\n|-damage|p1a: \u518dmiss\u8ba9\u4f60\u5403\u7206\u70b8\u70c8\u7130|0 fnt|[from] psn\n|faint|p1a: \u518dmiss\u8ba9\u4f60\u5403\u7206\u70b8\u70c8\u7130\n|upkeep\n|\n|t:|1699706369\n|switch|p1a: \u518dmiss\u8ba9\u4f60\u5403\u6c34\u6d41\u8fde\u6253|Ceruledge, F|76\/100\n|turn|16\n|\n|t:|1699706372\n|move|p1a: \u518dmiss\u8ba9\u4f60\u5403\u6c34\u6d41\u8fde\u6253|Poltergeist|p2a: Clodsire\n|-activate|p2a: Clodsire|move: Poltergeist|Leftovers\n|-damage|p2a: Clodsire|22\/100 par\n|cant|p2a: Clodsire|par\n|\n|-heal|p2a: Clodsire|28\/100 par|[from] item: Leftovers\n|upkeep\n|turn|17\n|\n|t:|1699706379\n|move|p1a: \u518dmiss\u8ba9\u4f60\u5403\u6c34\u6d41\u8fde\u6253|Bitter Blade|p2a: Clodsire\n|-damage|p2a: Clodsire|0 fnt\n|-heal|p1a: \u518dmiss\u8ba9\u4f60\u5403\u6c34\u6d41\u8fde\u6253|98\/100|[from] drain|[of] p2a: Clodsire\n|faint|p2a: Clodsire\n|\n|upkeep\n|\n|t:|1699706382\n|switch|p2a: Ogerpon|Ogerpon-Wellspring, F|100\/100\n|-damage|p2a: Ogerpon|88\/100|[from] Stealth Rock\n|turn|18\n|\n|t:|1699706387\n|move|p1a: \u518dmiss\u8ba9\u4f60\u5403\u6c34\u6d41\u8fde\u6253|Endure|p1a: \u518dmiss\u8ba9\u4f60\u5403\u6c34\u6d41\u8fde\u6253\n|-singleturn|p1a: \u518dmiss\u8ba9\u4f60\u5403\u6c34\u6d41\u8fde\u6253|move: Endure\n|move|p2a: Ogerpon|Ivy Cudgel|p1a: \u518dmiss\u8ba9\u4f60\u5403\u6c34\u6d41\u8fde\u6253\n|-supereffective|p1a: \u518dmiss\u8ba9\u4f60\u5403\u6c34\u6d41\u8fde\u6253\n|-activate|p1a: \u518dmiss\u8ba9\u4f60\u5403\u6c34\u6d41\u8fde\u6253|move: Endure\n|-damage|p1a: \u518dmiss\u8ba9\u4f60\u5403\u6c34\u6d41\u8fde\u6253|1\/100\n|-ability|p1a: \u518dmiss\u8ba9\u4f60\u5403\u6c34\u6d41\u8fde\u6253|Weak Armor|boost\n|-unboost|p1a: \u518dmiss\u8ba9\u4f60\u5403\u6c34\u6d41\u8fde\u6253|def|1\n|-boost|p1a: \u518dmiss\u8ba9\u4f60\u5403\u6c34\u6d41\u8fde\u6253|spe|2\n|-enditem|p1a: \u518dmiss\u8ba9\u4f60\u5403\u6c34\u6d41\u8fde\u6253|Weakness Policy\n|-boost|p1a: \u518dmiss\u8ba9\u4f60\u5403\u6c34\u6d41\u8fde\u6253|atk|2|[from] item: Weakness Policy\n|-boost|p1a: \u518dmiss\u8ba9\u4f60\u5403\u6c34\u6d41\u8fde\u6253|spa|2|[from] item: Weakness Policy\n|\n|upkeep\n|turn|19\n|\n|t:|1699706391\n|switch|p2a: Alomomola|Alomomola, M|100\/100\n|-damage|p2a: Alomomola|88\/100|[from] Stealth Rock\n|move|p1a: \u518dmiss\u8ba9\u4f60\u5403\u6c34\u6d41\u8fde\u6253|Bitter Blade|p2a: Alomomola\n|-resisted|p2a: Alomomola\n|-damage|p2a: Alomomola|63\/100\n|-heal|p1a: \u518dmiss\u8ba9\u4f60\u5403\u6c34\u6d41\u8fde\u6253|24\/100|[from] drain|[of] p2a: Alomomola\n|-damage|p1a: \u518dmiss\u8ba9\u4f60\u5403\u6c34\u6d41\u8fde\u6253|8\/100|[from] item: Rocky Helmet|[of] p2a: Alomomola\n|\n|upkeep\n|turn|20\n|\n|t:|1699706394\n|move|p2a: Alomomola|Protect|p2a: Alomomola\n|-singleturn|p2a: Alomomola|Protect\n|move|p1a: \u518dmiss\u8ba9\u4f60\u5403\u6c34\u6d41\u8fde\u6253|Poltergeist|p2a: Alomomola\n|-activate|p2a: Alomomola|move: Protect\n|\n|upkeep\n|turn|21\n|\n|t:|1699706397\n|move|p1a: \u518dmiss\u8ba9\u4f60\u5403\u6c34\u6d41\u8fde\u6253|Poltergeist|p2a: Alomomola\n|-activate|p2a: Alomomola|move: Poltergeist|Rocky Helmet\n|-damage|p2a: Alomomola|0 fnt\n|faint|p2a: Alomomola\n|\n|upkeep\n|\n|t:|1699706402\n|switch|p2a: Scizor|Scizor-Mega, M|100\/100\n|-damage|p2a: Scizor|88\/100|[from] Stealth Rock\n|turn|22\n|\n|t:|1699706404\n|move|p2a: Scizor|Bullet Punch|p1a: \u518dmiss\u8ba9\u4f60\u5403\u6c34\u6d41\u8fde\u6253\n|-resisted|p1a: \u518dmiss\u8ba9\u4f60\u5403\u6c34\u6d41\u8fde\u6253\n|-damage|p1a: \u518dmiss\u8ba9\u4f60\u5403\u6c34\u6d41\u8fde\u6253|0 fnt\n|faint|p1a: \u518dmiss\u8ba9\u4f60\u5403\u6c34\u6d41\u8fde\u6253\n|\n|upkeep\n|\n|t:|1699706405\n|switch|p1a: \u518d\u9ebb\u8ba9\u4f60\u5403\u5de8\u517d\u65a9|Iron Valiant, shiny|100\/100\n|-enditem|p1a: \u518d\u9ebb\u8ba9\u4f60\u5403\u5de8\u517d\u65a9|Booster Energy\n|-activate|p1a: \u518d\u9ebb\u8ba9\u4f60\u5403\u5de8\u517d\u65a9|ability: Quark Drive|[fromitem]\n|-start|p1a: \u518d\u9ebb\u8ba9\u4f60\u5403\u5de8\u517d\u65a9|quarkdrivespe\n|turn|23\n|\n|t:|1699706408\n|-terastallize|p1a: \u518d\u9ebb\u8ba9\u4f60\u5403\u5de8\u517d\u65a9|Steel\n|move|p2a: Scizor|Bullet Punch|p1a: \u518d\u9ebb\u8ba9\u4f60\u5403\u5de8\u517d\u65a9\n|-resisted|p1a: \u518d\u9ebb\u8ba9\u4f60\u5403\u5de8\u517d\u65a9\n|-damage|p1a: \u518d\u9ebb\u8ba9\u4f60\u5403\u5de8\u517d\u65a9|78\/100\n|move|p1a: \u518d\u9ebb\u8ba9\u4f60\u5403\u5de8\u517d\u65a9|Encore|p2a: Scizor\n|-start|p2a: Scizor|Encore\n|\n|upkeep\n|turn|24\n|\n|t:|1699706412\n|switch|p2a: Ogerpon|Ogerpon-Wellspring, F|88\/100\n|-damage|p2a: Ogerpon|76\/100|[from] Stealth Rock\n|move|p1a: \u518d\u9ebb\u8ba9\u4f60\u5403\u5de8\u517d\u65a9|Swords Dance|p1a: \u518d\u9ebb\u8ba9\u4f60\u5403\u5de8\u517d\u65a9\n|-boost|p1a: \u518d\u9ebb\u8ba9\u4f60\u5403\u5de8\u517d\u65a9|atk|2\n|\n|upkeep\n|turn|25\n|\n|t:|1699706439\n|move|p1a: \u518d\u9ebb\u8ba9\u4f60\u5403\u5de8\u517d\u65a9|Close Combat|p2a: Ogerpon\n|-damage|p2a: Ogerpon|0 fnt\n|-unboost|p1a: \u518d\u9ebb\u8ba9\u4f60\u5403\u5de8\u517d\u65a9|def|1\n|-unboost|p1a: \u518d\u9ebb\u8ba9\u4f60\u5403\u5de8\u517d\u65a9|spd|1\n|faint|p2a: Ogerpon\n|\n|upkeep\n|\n|t:|1699706445\n|switch|p2a: Scizor|Scizor-Mega, M|88\/100\n|-damage|p2a: Scizor|76\/100|[from] Stealth Rock\n|turn|26\n|\n|t:|1699706455\n|move|p2a: Scizor|Bullet Punch|p1a: \u518d\u9ebb\u8ba9\u4f60\u5403\u5de8\u517d\u65a9\n|-resisted|p1a: \u518d\u9ebb\u8ba9\u4f60\u5403\u5de8\u517d\u65a9\n|-crit|p1a: \u518d\u9ebb\u8ba9\u4f60\u5403\u5de8\u517d\u65a9\n|-damage|p1a: \u518d\u9ebb\u8ba9\u4f60\u5403\u5de8\u517d\u65a9|26\/100\n|move|p1a: \u518d\u9ebb\u8ba9\u4f60\u5403\u5de8\u517d\u65a9|Close Combat|p2a: Scizor\n|-damage|p2a: Scizor|0 fnt\n|-unboost|p1a: \u518d\u9ebb\u8ba9\u4f60\u5403\u5de8\u517d\u65a9|def|1\n|-unboost|p1a: \u518d\u9ebb\u8ba9\u4f60\u5403\u5de8\u517d\u65a9|spd|1\n|faint|p2a: Scizor\n|\n|upkeep\n|\n|t:|1699706457\n|switch|p2a: Ceruledge|Ceruledge, F|100\/100\n|-damage|p2a: Ceruledge|76\/100|[from] Stealth Rock\n|turn|27\n|\n|t:|1699706459\n|move|p2a: Ceruledge|Endure|p2a: Ceruledge\n|-singleturn|p2a: Ceruledge|move: Endure\n|move|p1a: \u518d\u9ebb\u8ba9\u4f60\u5403\u5de8\u517d\u65a9|Knock Off|p2a: Ceruledge\n|-supereffective|p2a: Ceruledge\n|-activate|p2a: Ceruledge|move: Endure\n|-damage|p2a: Ceruledge|1\/100\n|-ability|p2a: Ceruledge|Weak Armor|boost\n|-unboost|p2a: Ceruledge|def|1\n|-boost|p2a: Ceruledge|spe|2\n|-enditem|p2a: Ceruledge|Weakness Policy\n|-boost|p2a: Ceruledge|atk|2|[from] item: Weakness Policy\n|-boost|p2a: Ceruledge|spa|2|[from] item: Weakness Policy\n|\n|upkeep\n|turn|28\n|\n|t:|1699706466\n|move|p2a: Ceruledge|Endure||[still]\n|-fail|p2a: Ceruledge\n|move|p1a: \u518d\u9ebb\u8ba9\u4f60\u5403\u5de8\u517d\u65a9|Encore|p2a: Ceruledge\n|-start|p2a: Ceruledge|Encore\n|\n|upkeep\n|turn|29\n|\n|t:|1699706471\n|move|p2a: Ceruledge|Endure|p2a: Ceruledge\n|-singleturn|p2a: Ceruledge|move: Endure\n|move|p1a: \u518d\u9ebb\u8ba9\u4f60\u5403\u5de8\u517d\u65a9|Knock Off|p2a: Ceruledge\n|-supereffective|p2a: Ceruledge\n|-activate|p2a: Ceruledge|move: Endure\n|-damage|p2a: Ceruledge|1\/100\n|-ability|p2a: Ceruledge|Weak Armor|boost\n|-unboost|p2a: Ceruledge|def|1\n|-boost|p2a: Ceruledge|spe|2\n|\n|upkeep\n|turn|30\n|\n|t:|1699706473\n|move|p2a: Ceruledge|Endure|p2a: Ceruledge\n|-singleturn|p2a: Ceruledge|move: Endure\n|move|p1a: \u518d\u9ebb\u8ba9\u4f60\u5403\u5de8\u517d\u65a9|Knock Off|p2a: Ceruledge\n|-supereffective|p2a: Ceruledge\n|-activate|p2a: Ceruledge|move: Endure\n|-damage|p2a: Ceruledge|1\/100\n|-ability|p2a: Ceruledge|Weak Armor|boost\n|-unboost|p2a: Ceruledge|def|1\n|-boost|p2a: Ceruledge|spe|2\n|\n|upkeep\n|turn|31\n|\n|t:|1699706478\n|move|p2a: Ceruledge|Endure||[still]\n|-fail|p2a: Ceruledge\n|move|p1a: \u518d\u9ebb\u8ba9\u4f60\u5403\u5de8\u517d\u65a9|Knock Off|p2a: Ceruledge\n|-supereffective|p2a: Ceruledge\n|-damage|p2a: Ceruledge|0 fnt\n|faint|p2a: Ceruledge\n|\n|win|XYStarshone.\u6c34\u706b\u4fa0\u661f\u8000\n|raw|XYStarshone.\u6c34\u706b\u4fa0\u661f\u8000's rating: 1480 &rarr; <strong>1503<\/strong><br \/>(+23 for winning)\n|raw|bao26062002's rating: 1530 &rarr; <strong>1507<\/strong><br \/>(-23 for losing)\n|c|\u2606bao26062002|Gg\n|l|\u2606bao26062002\n","uploadtime":1699706491,"views":27,"p1id":"xystarshone","p2id":"bao26062002","formatid":"gen9nationaldex","rating":1503,"private":0,"password":""}