{"id":"gen9nationaldex-1993868948","p1":"As cheu","p2":"oldoguy","format":"[Gen 9] National Dex","log":"|j|\u2606As cheu\n|j|\u2606oldoguy\n|t:|1700367655\n|gametype|singles\n|player|p1|As cheu|officeworker|1664\n|player|p2|oldoguy|iris-gen5bw2|1602\n|teamsize|p1|6\n|teamsize|p2|6\n|gen|9\n|tier|[Gen 9] National Dex\n|rated|\n|rule|HP Percentage Mod: HP is shown in percentages\n|rule|Endless Battle Clause: Forcing endless battles is banned\n|rule|OHKO Clause: OHKO moves are banned\n|rule|Evasion Clause: Evasion abilities, items, and moves are banned\n|rule|Evasion Abilities Clause: Evasion abilities are banned\n|rule|Evasion Items Clause: Evasion items are banned\n|rule|Evasion Moves Clause: Evasion moves are banned\n|rule|Species Clause: Limit one of each Pok\u00e9mon\n|rule|Sleep Clause Mod: Limit one foe put to sleep\n|clearpoke\n|poke|p1|Cloyster, M|\n|poke|p1|Umbreon, F|\n|poke|p1|Gardevoir, F|\n|poke|p1|Forretress, M|\n|poke|p1|Thundurus-Therian, M|\n|poke|p1|Sneasler, M|\n|poke|p2|Rillaboom, F|\n|poke|p2|Charizard, F|\n|poke|p2|Alomomola, F|\n|poke|p2|Cinderace, M|\n|poke|p2|Sinistcha|\n|poke|p2|Iron Treads|\n|teampreview\n|inactive|Battle timer is ON: inactive players will automatically lose when time's up. (requested by oldoguy)\n|\n|t:|1700367677\n|start\n|switch|p1a: Thundurus|Thundurus-Therian, M|100\/100\n|switch|p2a: Alomomola|Alomomola, F|100\/100\n|turn|1\n|\n|t:|1700367685\n|move|p1a: Thundurus|Thunderbolt|p2a: Alomomola\n|-supereffective|p2a: Alomomola\n|-damage|p2a: Alomomola|0 fnt\n|faint|p2a: Alomomola\n|\n|upkeep\n|\n|t:|1700367688\n|switch|p2a: Iron Treads|Iron Treads|100\/100\n|turn|2\n|\n|t:|1700367695\n|move|p1a: Thundurus|Focus Blast|p2a: Iron Treads|[miss]\n|-miss|p1a: Thundurus|p2a: Iron Treads\n|move|p2a: Iron Treads|Stone Edge|p1a: Thundurus|[miss]\n|-miss|p2a: Iron Treads|p1a: Thundurus\n|\n|upkeep\n|turn|3\n|\n|t:|1700367706\n|move|p1a: Thundurus|Focus Blast|p2a: Iron Treads|[miss]\n|-miss|p1a: Thundurus|p2a: Iron Treads\n|move|p2a: Iron Treads|Volt Switch|p1a: Thundurus\n|-immune|p1a: Thundurus|[from] ability: Volt Absorb\n|\n|upkeep\n|turn|4\n|\n|t:|1700367711\n|switch|p1a: Forretress|Forretress, M|100\/100\n|move|p2a: Iron Treads|Stone Edge|p1a: Forretress|[miss]\n|-miss|p2a: Iron Treads|p1a: Forretress\n|\n|upkeep\n|turn|5\n|\n|t:|1700367714\n|move|p2a: Iron Treads|Volt Switch|p1a: Forretress\n|-damage|p1a: Forretress|88\/100\n|\n|t:|1700367723\n|-end|p2a: Iron Treads|Quark Drive|[silent]\n|switch|p2a: Charizard|Charizard, F|100\/100|[from] Volt Switch\n|move|p1a: Forretress|Earthquake|p2a: Charizard\n|-immune|p2a: Charizard\n|\n|upkeep\n|turn|6\n|\n|t:|1700367728\n|detailschange|p2a: Charizard|Charizard-Mega-Y, F\n|-mega|p2a: Charizard|Charizard|Charizardite Y\n|-weather|SunnyDay|[from] ability: Drought|[of] p2a: Charizard\n|-terastallize|p1a: Forretress|Fire\n|move|p2a: Charizard|Flamethrower|p1a: Forretress\n|-resisted|p1a: Forretress\n|-damage|p1a: Forretress|42\/100\n|move|p1a: Forretress|Toxic|p2a: Charizard\n|-status|p2a: Charizard|tox\n|\n|-weather|SunnyDay|[upkeep]\n|-damage|p2a: Charizard|94\/100 tox|[from] psn\n|upkeep\n|turn|7\n|\n|t:|1700367743\n|switch|p1a: \u56e1\u56e1|Umbreon, F|100\/100\n|move|p2a: Charizard|Toxic|p1a: \u56e1\u56e1|[miss]\n|-miss|p2a: Charizard|p1a: \u56e1\u56e1\n|\n|-weather|SunnyDay|[upkeep]\n|-damage|p2a: Charizard|82\/100 tox|[from] psn\n|upkeep\n|turn|8\n|\n|t:|1700367748\n|move|p1a: \u56e1\u56e1|Protect|p1a: \u56e1\u56e1\n|-singleturn|p1a: \u56e1\u56e1|Protect\n|move|p2a: Charizard|Scorching Sands|p1a: \u56e1\u56e1\n|-activate|p1a: \u56e1\u56e1|move: Protect\n|\n|-weather|SunnyDay|[upkeep]\n|-damage|p2a: Charizard|64\/100 tox|[from] psn\n|upkeep\n|turn|9\n|\n|t:|1700367752\n|move|p2a: Charizard|Flamethrower|p1a: \u56e1\u56e1\n|-damage|p1a: \u56e1\u56e1|39\/100\n|move|p1a: \u56e1\u56e1|Wish|p1a: \u56e1\u56e1\n|\n|-weather|SunnyDay|[upkeep]\n|-heal|p1a: \u56e1\u56e1|45\/100|[from] item: Leftovers\n|-damage|p2a: Charizard|40\/100 tox|[from] psn\n|upkeep\n|turn|10\n|\n|t:|1700367759\n|switch|p2a: Cinderace|Cinderace, M|100\/100\n|move|p1a: \u56e1\u56e1|Protect||[still]\n|-fail|p1a: \u56e1\u56e1\n|\n|-weather|none\n|-heal|p1a: \u56e1\u56e1|95\/100|[from] move: Wish|[wisher] \u56e1\u56e1\n|-heal|p1a: \u56e1\u56e1|100\/100|[from] item: Leftovers\n|upkeep\n|turn|11\n|\n|t:|1700367767\n|move|p1a: \u56e1\u56e1|Protect|p1a: \u56e1\u56e1\n|-singleturn|p1a: \u56e1\u56e1|Protect\n|move|p2a: Cinderace|U-turn|p1a: \u56e1\u56e1\n|-start|p2a: Cinderace|typechange|Bug|[from] ability: Libero\n|-activate|p1a: \u56e1\u56e1|move: Protect\n|\n|upkeep\n|turn|12\n|\n|t:|1700367776\n|move|p2a: Cinderace|U-turn|p1a: \u56e1\u56e1\n|-supereffective|p1a: \u56e1\u56e1\n|-damage|p1a: \u56e1\u56e1|62\/100\n|j| xuxiansheng\n|\n|t:|1700367779\n|switch|p2a: Iron Treads|Iron Treads|100\/100|[from] U-turn\n|move|p1a: \u56e1\u56e1|Foul Play|p2a: Iron Treads\n|-damage|p2a: Iron Treads|74\/100\n|-enditem|p2a: Iron Treads|Eject Button\n|\n|t:|1700367783\n|-end|p2a: Iron Treads|Quark Drive|[silent]\n|switch|p2a: Charizard|Charizard-Mega-Y, F|40\/100 tox\n|-weather|SunnyDay|[from] ability: Drought|[of] p2a: Charizard\n|\n|-weather|SunnyDay|[upkeep]\n|-heal|p1a: \u56e1\u56e1|68\/100|[from] item: Leftovers\n|-damage|p2a: Charizard|34\/100 tox|[from] psn\n|upkeep\n|turn|13\n|\n|t:|1700367788\n|move|p1a: \u56e1\u56e1|Protect|p1a: \u56e1\u56e1\n|-singleturn|p1a: \u56e1\u56e1|Protect\n|move|p2a: Charizard|Flamethrower|p1a: \u56e1\u56e1\n|-activate|p1a: \u56e1\u56e1|move: Protect\n|\n|-weather|SunnyDay|[upkeep]\n|-heal|p1a: \u56e1\u56e1|74\/100|[from] item: Leftovers\n|-damage|p2a: Charizard|22\/100 tox|[from] psn\n|upkeep\n|turn|14\n|\n|t:|1700367794\n|switch|p1a: Forretress|Forretress, M, tera:Fire|42\/100\n|move|p2a: Charizard|Flamethrower|p1a: Forretress\n|-resisted|p1a: Forretress\n|-damage|p1a: Forretress|0 fnt\n|faint|p1a: Forretress\n|\n|-weather|SunnyDay|[upkeep]\n|-damage|p2a: Charizard|4\/100 tox|[from] psn\n|upkeep\n|\n|t:|1700367800\n|switch|p1a: Sneasler|Sneasler, M|100\/100\n|turn|15\n|\n|t:|1700367821\n|move|p1a: Sneasler|U-turn|p2a: Charizard\n|-resisted|p2a: Charizard\n|-damage|p2a: Charizard|0 fnt\n|faint|p2a: Charizard\n|\n|t:|1700367827\n|switch|p1a: \u56e1\u56e1|Umbreon, F|74\/100|[from] U-turn\n|\n|-weather|SunnyDay|[upkeep]\n|-heal|p1a: \u56e1\u56e1|80\/100|[from] item: Leftovers\n|upkeep\n|\n|t:|1700367832\n|switch|p2a: Cinderace|Cinderace, M|100\/100\n|turn|16\n|\n|t:|1700367836\n|move|p1a: \u56e1\u56e1|Protect|p1a: \u56e1\u56e1\n|-singleturn|p1a: \u56e1\u56e1|Protect\n|move|p2a: Cinderace|Pyro Ball|p1a: \u56e1\u56e1\n|-activate|p1a: \u56e1\u56e1|move: Protect\n|\n|-weather|none\n|-heal|p1a: \u56e1\u56e1|86\/100|[from] item: Leftovers\n|upkeep\n|turn|17\n|\n|t:|1700367843\n|-zpower|p2a: Cinderace\n|move|p2a: Cinderace|Breakneck Blitz|p1a: \u56e1\u56e1|[zeffect]\n|-start|p2a: Cinderace|typechange|Normal|[from] ability: Libero\n|-damage|p1a: \u56e1\u56e1|30\/100\n|move|p1a: \u56e1\u56e1|Wish|p1a: \u56e1\u56e1\n|\n|-heal|p1a: \u56e1\u56e1|37\/100|[from] item: Leftovers\n|upkeep\n|turn|18\n|j| Bagpipie\n|\n|t:|1700367860\n|switch|p2a: Rillaboom|Rillaboom, F|100\/100\n|-fieldstart|move: Grassy Terrain|[from] ability: Grassy Surge|[of] p2a: Rillaboom\n|move|p1a: \u56e1\u56e1|Protect||[still]\n|-fail|p1a: \u56e1\u56e1\n|\n|-heal|p1a: \u56e1\u56e1|87\/100|[from] move: Wish|[wisher] \u56e1\u56e1\n|-heal|p1a: \u56e1\u56e1|93\/100|[from] Grassy Terrain\n|-heal|p1a: \u56e1\u56e1|99\/100|[from] item: Leftovers\n|upkeep\n|turn|19\n|\n|t:|1700367868\n|move|p2a: Rillaboom|U-turn|p1a: \u56e1\u56e1\n|-supereffective|p1a: \u56e1\u56e1\n|-damage|p1a: \u56e1\u56e1|65\/100\n|\n|t:|1700367872\n|switch|p2a: Iron Treads|Iron Treads|74\/100|[from] U-turn\n|move|p1a: \u56e1\u56e1|Foul Play|p2a: Iron Treads\n|-damage|p2a: Iron Treads|46\/100\n|\n|-heal|p2a: Iron Treads|52\/100|[from] Grassy Terrain\n|-heal|p1a: \u56e1\u56e1|71\/100|[from] Grassy Terrain\n|-heal|p1a: \u56e1\u56e1|77\/100|[from] item: Leftovers\n|upkeep\n|turn|20\n|\n|t:|1700367882\n|switch|p1a: \u9b3c\u65af|Cloyster, M|100\/100\n|move|p2a: Iron Treads|Stealth Rock|p1a: \u9b3c\u65af\n|-sidestart|p1: As cheu|move: Stealth Rock\n|\n|-heal|p2a: Iron Treads|59\/100|[from] Grassy Terrain\n|upkeep\n|turn|21\n|\n|t:|1700367890\n|move|p2a: Iron Treads|Volt Switch|p1a: \u9b3c\u65af\n|-supereffective|p1a: \u9b3c\u65af\n|-damage|p1a: \u9b3c\u65af|46\/100\n|\n|t:|1700367901\n|-end|p2a: Iron Treads|Quark Drive|[silent]\n|switch|p2a: Rillaboom|Rillaboom, F|100\/100|[from] Volt Switch\n|move|p1a: \u9b3c\u65af|Shell Smash|p1a: \u9b3c\u65af\n|-unboost|p1a: \u9b3c\u65af|def|1\n|-unboost|p1a: \u9b3c\u65af|spd|1\n|-boost|p1a: \u9b3c\u65af|atk|2\n|-boost|p1a: \u9b3c\u65af|spa|2\n|-boost|p1a: \u9b3c\u65af|spe|2\n|\n|-heal|p1a: \u9b3c\u65af|52\/100|[from] Grassy Terrain\n|upkeep\n|turn|22\n|\n|t:|1700367907\n|move|p1a: \u9b3c\u65af|Ice Shard|p2a: Rillaboom\n|-supereffective|p2a: Rillaboom\n|-damage|p2a: Rillaboom|30\/100\n|move|p2a: Rillaboom|Grassy Glide|p1a: \u9b3c\u65af\n|-supereffective|p1a: \u9b3c\u65af\n|-damage|p1a: \u9b3c\u65af|0 fnt\n|faint|p1a: \u9b3c\u65af\n|\n|-heal|p2a: Rillaboom|36\/100|[from] Grassy Terrain\n|-fieldend|move: Grassy Terrain\n|upkeep\n|\n|t:|1700367912\n|switch|p1a: Thundurus|Thundurus-Therian, M|100\/100\n|turn|23\n|\n|t:|1700367920\n|switch|p2a: Iron Treads|Iron Treads|59\/100\n|move|p1a: Thundurus|Nasty Plot|p1a: Thundurus\n|-boost|p1a: Thundurus|spa|2\n|\n|upkeep\n|turn|24\n|\n|t:|1700367926\n|move|p1a: Thundurus|Focus Blast|p2a: Iron Treads\n|-supereffective|p2a: Iron Treads\n|-damage|p2a: Iron Treads|0 fnt\n|faint|p2a: Iron Treads\n|-end|p2a: Iron Treads|Quark Drive|[silent]\n|\n|upkeep\n|\n|t:|1700367930\n|switch|p2a: Cinderace|Cinderace, M|100\/100\n|turn|25\n|\n|t:|1700367938\n|move|p2a: Cinderace|Double-Edge|p1a: Thundurus\n|-start|p2a: Cinderace|typechange|Normal|[from] ability: Libero\n|-damage|p1a: Thundurus|5\/100\n|-damage|p2a: Cinderace|69\/100|[from] Recoil\n|move|p1a: Thundurus|Thunderbolt|p2a: Cinderace\n|-damage|p2a: Cinderace|0 fnt\n|faint|p2a: Cinderace\n|\n|upkeep\n|\n|t:|1700367943\n|switch|p2a: Rillaboom|Rillaboom, F|36\/100\n|-fieldstart|move: Grassy Terrain|[from] ability: Grassy Surge|[of] p2a: Rillaboom\n|turn|26\n|\n|t:|1700367947\n|switch|p1a: Sneasler|Sneasler, M|100\/100\n|-damage|p1a: Sneasler|95\/100|[from] Stealth Rock\n|move|p2a: Rillaboom|Grassy Glide|p1a: Sneasler\n|-resisted|p1a: Sneasler\n|-damage|p1a: Sneasler|62\/100\n|\n|-heal|p1a: Sneasler|68\/100|[from] Grassy Terrain\n|-heal|p2a: Rillaboom|42\/100|[from] Grassy Terrain\n|upkeep\n|turn|27\n|\n|t:|1700367955\n|move|p2a: Rillaboom|Grassy Glide|p1a: Sneasler\n|-resisted|p1a: Sneasler\n|-damage|p1a: Sneasler|33\/100\n|move|p1a: Sneasler|Switcheroo|p2a: Rillaboom\n|-activate|p1a: Sneasler|move: Trick|[of] p2a: Rillaboom\n|-item|p2a: Rillaboom|Choice Scarf|[from] move: Switcheroo\n|-item|p1a: Sneasler|Assault Vest|[from] move: Switcheroo\n|\n|-heal|p1a: Sneasler|39\/100|[from] Grassy Terrain\n|-heal|p2a: Rillaboom|49\/100|[from] Grassy Terrain\n|upkeep\n|turn|28\n|\n|t:|1700367964\n|move|p1a: Sneasler|Dire Claw|p2a: Rillaboom\n|-supereffective|p2a: Rillaboom\n|-damage|p2a: Rillaboom|0 fnt\n|faint|p2a: Rillaboom\n|\n|-heal|p1a: Sneasler|45\/100|[from] Grassy Terrain\n|upkeep\n|\n|t:|1700367967\n|switch|p2a: Sinistcha|Sinistcha|100\/100\n|-enditem|p2a: Sinistcha|Grassy Seed\n|-boost|p2a: Sinistcha|def|1|[from] item: Grassy Seed\n|turn|29\n|\n|t:|1700367973\n|switch|p1a: \u88d9\u4e0b\u4e4b\u81e3|Gardevoir, F, shiny|100\/100\n|-damage|p1a: \u88d9\u4e0b\u4e4b\u81e3|88\/100|[from] Stealth Rock\n|-ability|p1a: \u88d9\u4e0b\u4e4b\u81e3|Heatproof|[from] ability: Trace|[of] p2a: Sinistcha\n|-terastallize|p2a: Sinistcha|Poison\n|move|p2a: Sinistcha|Calm Mind|p2a: Sinistcha\n|-boost|p2a: Sinistcha|spa|1\n|-boost|p2a: Sinistcha|spd|1\n|\n|-heal|p1a: \u88d9\u4e0b\u4e4b\u81e3|94\/100|[from] Grassy Terrain\n|upkeep\n|turn|30\n|\n|t:|1700367979\n|detailschange|p1a: \u88d9\u4e0b\u4e4b\u81e3|Gardevoir-Mega, F, shiny\n|-mega|p1a: \u88d9\u4e0b\u4e4b\u81e3|Gardevoir|Gardevoirite\n|move|p1a: \u88d9\u4e0b\u4e4b\u81e3|Calm Mind|p1a: \u88d9\u4e0b\u4e4b\u81e3\n|-boost|p1a: \u88d9\u4e0b\u4e4b\u81e3|spa|1\n|-boost|p1a: \u88d9\u4e0b\u4e4b\u81e3|spd|1\n|move|p2a: Sinistcha|Calm Mind|p2a: Sinistcha\n|-boost|p2a: Sinistcha|spa|1\n|-boost|p2a: Sinistcha|spd|1\n|\n|-heal|p1a: \u88d9\u4e0b\u4e4b\u81e3|100\/100|[from] Grassy Terrain\n|-fieldend|move: Grassy Terrain\n|upkeep\n|turn|31\n|\n|t:|1700367983\n|move|p1a: \u88d9\u4e0b\u4e4b\u81e3|Calm Mind|p1a: \u88d9\u4e0b\u4e4b\u81e3\n|-boost|p1a: \u88d9\u4e0b\u4e4b\u81e3|spa|1\n|-boost|p1a: \u88d9\u4e0b\u4e4b\u81e3|spd|1\n|move|p2a: Sinistcha|Hex|p1a: \u88d9\u4e0b\u4e4b\u81e3\n|-supereffective|p1a: \u88d9\u4e0b\u4e4b\u81e3\n|-damage|p1a: \u88d9\u4e0b\u4e4b\u81e3|62\/100\n|\n|upkeep\n|turn|32\n|\n|t:|1700367991\n|move|p1a: \u88d9\u4e0b\u4e4b\u81e3|Psyshock|p2a: Sinistcha\n|-supereffective|p2a: Sinistcha\n|-damage|p2a: Sinistcha|5\/100\n|move|p2a: Sinistcha|Calm Mind|p2a: Sinistcha\n|-boost|p2a: Sinistcha|spa|1\n|-boost|p2a: Sinistcha|spd|1\n|\n|upkeep\n|turn|33\n|\n|t:|1700367995\n|move|p1a: \u88d9\u4e0b\u4e4b\u81e3|Psyshock|p2a: Sinistcha\n|-supereffective|p2a: Sinistcha\n|-damage|p2a: Sinistcha|0 fnt\n|faint|p2a: Sinistcha\n|\n|win|As cheu\n|raw|As cheu's rating: 1664 &rarr; <strong>1680<\/strong><br \/>(+16 for winning)\n|raw|oldoguy's rating: 1602 &rarr; <strong>1586<\/strong><br \/>(-16 for losing)\n|l|\u2606oldoguy\n","uploadtime":1700368002,"views":13,"p1id":"ascheu","p2id":"oldoguy","formatid":"gen9nationaldex","rating":1586,"private":0,"password":""}