{"id":"gen9nationaldex-1988940563","p1":"Wicxk","p2":"MrGoddessli","format":"[Gen 9] National Dex","log":"|j|\u2606Wicxk\n|j|\u2606MrGoddessli\n|t:|1699791639\n|gametype|singles\n|player|p1|Wicxk|170|1362\n|player|p2|MrGoddessli|iris-gen5bw2|1460\n|teamsize|p1|6\n|teamsize|p2|6\n|gen|9\n|tier|[Gen 9] National Dex\n|rated|\n|rule|HP Percentage Mod: HP is shown in percentages\n|rule|Endless Battle Clause: Forcing endless battles is banned\n|rule|OHKO Clause: OHKO moves are banned\n|rule|Evasion Clause: Evasion abilities, items, and moves are banned\n|rule|Evasion Abilities Clause: Evasion abilities are banned\n|rule|Evasion Items Clause: Evasion items are banned\n|rule|Evasion Moves Clause: Evasion moves are banned\n|rule|Species Clause: Limit one of each Pok\u00e9mon\n|rule|Sleep Clause Mod: Limit one foe put to sleep\n|clearpoke\n|poke|p1|Alomomola, M|\n|poke|p1|Moltres|\n|poke|p1|Gyarados, M|\n|poke|p1|Samurott-Hisui, F|\n|poke|p1|Aerodactyl, F|\n|poke|p1|Ogerpon-Cornerstone, F|\n|poke|p2|Ninetales-Alola, M|\n|poke|p2|Rillaboom, M|\n|poke|p2|Greninja-*, M|\n|poke|p2|Volcarona, F|\n|poke|p2|Blaziken, F|\n|poke|p2|Kommo-o, M|\n|teampreview\n|inactive|Battle timer is ON: inactive players will automatically lose when time's up. (requested by Wicxk)\n|\n|t:|1699791656\n|start\n|switch|p1a: Gyarados|Gyarados, M|100\/100\n|switch|p2a: Ninetales|Ninetales-Alola, M, shiny|100\/100\n|-weather|Snow|[from] ability: Snow Warning|[of] p2a: Ninetales\n|turn|1\n|\n|t:|1699791665\n|move|p2a: Ninetales|Toxic|p1a: Gyarados\n|-status|p1a: Gyarados|tox\n|move|p1a: Gyarados|Dragon Dance|p1a: Gyarados\n|-boost|p1a: Gyarados|atk|1\n|-boost|p1a: Gyarados|spe|1\n|\n|-weather|Snow|[upkeep]\n|-damage|p1a: Gyarados|94\/100 tox|[from] psn\n|upkeep\n|turn|2\n|\n|t:|1699791672\n|move|p1a: Gyarados|Dragon Dance|p1a: Gyarados\n|-boost|p1a: Gyarados|atk|1\n|-boost|p1a: Gyarados|spe|1\n|move|p2a: Ninetales|Aurora Veil|p2a: Ninetales\n|-sidestart|p2: MrGoddessli|move: Aurora Veil\n|\n|-weather|Snow|[upkeep]\n|-damage|p1a: Gyarados|82\/100 tox|[from] psn\n|upkeep\n|turn|3\n|\n|t:|1699791683\n|-zpower|p1a: Gyarados\n|move|p1a: Gyarados|Supersonic Skystrike|p2a: Ninetales|[zeffect]\n|-damage|p2a: Ninetales|26\/100\n|move|p2a: Ninetales|Blizzard|p1a: Gyarados\n|-damage|p1a: Gyarados|48\/100 tox\n|\n|-weather|Snow|[upkeep]\n|-damage|p1a: Gyarados|30\/100 tox|[from] psn\n|upkeep\n|turn|4\n|\n|t:|1699791695\n|switch|p2a: Rillaboom|Rillaboom, M, shiny|100\/100\n|-fieldstart|move: Grassy Terrain|[from] ability: Grassy Surge|[of] p2a: Rillaboom\n|move|p1a: Gyarados|Waterfall|p2a: Rillaboom\n|-resisted|p2a: Rillaboom\n|-damage|p2a: Rillaboom|81\/100\n|\n|-weather|Snow|[upkeep]\n|-heal|p2a: Rillaboom|88\/100|[from] Grassy Terrain\n|-damage|p1a: Gyarados|5\/100 tox|[from] psn\n|upkeep\n|turn|5\n|\n|t:|1699791708\n|move|p2a: Rillaboom|Grassy Glide|p1a: Gyarados\n|-damage|p1a: Gyarados|0 fnt\n|faint|p1a: Gyarados\n|\n|-weather|none\n|-heal|p2a: Rillaboom|94\/100|[from] Grassy Terrain\n|upkeep\n|\n|t:|1699791716\n|switch|p1a: Aerodactyl|Aerodactyl, F|100\/100\n|-ability|p1a: Aerodactyl|Pressure\n|turn|6\n|inactive|MrGoddessli has 120 seconds left.\n|\n|t:|1699791752\n|switch|p2a: Greninja|Greninja, M|100\/100\n|detailschange|p1a: Aerodactyl|Aerodactyl-Mega, F\n|-mega|p1a: Aerodactyl|Aerodactyl|Aerodactylite\n|move|p1a: Aerodactyl|Dual Wingbeat|p2a: Greninja\n|-damage|p2a: Greninja|74\/100\n|-damage|p2a: Greninja|47\/100\n|-hitcount|p2a: Greninja|2\n|\n|-heal|p2a: Greninja|53\/100|[from] Grassy Terrain\n|upkeep\n|turn|7\n|inactive|MrGoddessli has 120 seconds left.\n|\n|t:|1699791767\n|switch|p1a: Samurott|Samurott-Hisui, F|100\/100\n|move|p2a: Greninja|Water Shuriken|p1a: Samurott\n|-resisted|p1a: Samurott\n|-damage|p1a: Samurott|94\/100\n|-resisted|p1a: Samurott\n|-damage|p1a: Samurott|88\/100\n|-resisted|p1a: Samurott\n|-damage|p1a: Samurott|82\/100\n|-resisted|p1a: Samurott\n|-damage|p1a: Samurott|75\/100\n|-hitcount|p1a: Samurott|4\n|-damage|p2a: Greninja|43\/100|[from] item: Life Orb\n|\n|-heal|p2a: Greninja|49\/100|[from] Grassy Terrain\n|-heal|p1a: Samurott|81\/100|[from] Grassy Terrain\n|upkeep\n|turn|8\n|inactive|MrGoddessli has 120 seconds left.\n|\n|t:|1699791781\n|switch|p2a: Kommo-o|Kommo-o, M|100\/100\n|move|p1a: Samurott|Ceaseless Edge|p2a: Kommo-o|[miss]\n|-miss|p1a: Samurott|p2a: Kommo-o\n|\n|-heal|p1a: Samurott|88\/100|[from] Grassy Terrain\n|-fieldend|move: Grassy Terrain\n|upkeep\n|turn|9\n|\n|t:|1699791799\n|switch|p1a: Aerodactyl|Aerodactyl-Mega, F|100\/100\n|-zpower|p2a: Kommo-o\n|move|p2a: Kommo-o|Clangorous Soulblaze|p1a: Aerodactyl|[zeffect]\n|-damage|p1a: Aerodactyl|0 fnt\n|faint|p1a: Aerodactyl\n|-boost|p2a: Kommo-o|atk|1\n|-boost|p2a: Kommo-o|def|1\n|-boost|p2a: Kommo-o|spa|1\n|-boost|p2a: Kommo-o|spd|1\n|-boost|p2a: Kommo-o|spe|1\n|\n|-sideend|p2: MrGoddessli|move: Aurora Veil\n|upkeep\n|\n|t:|1699791815\n|switch|p1a: Alomomola|Alomomola, M|100\/100\n|turn|10\n|\n|t:|1699791820\n|-terastallize|p1a: Alomomola|Fairy\n|move|p2a: Kommo-o|Taunt|p1a: Alomomola\n|-start|p1a: Alomomola|move: Taunt\n|cant|p1a: Alomomola|move: Taunt|Toxic\n|\n|upkeep\n|turn|11\n|-message|Wicxk forfeited.\n|\n|win|MrGoddessli\n|raw|Wicxk's rating: 1362 &rarr; <strong>1347<\/strong><br \/>(-15 for losing)\n|raw|MrGoddessli's rating: 1460 &rarr; <strong>1475<\/strong><br \/>(+15 for winning)\n|l|\u2606Wicxk\n","uploadtime":1699791830,"views":4,"p1id":"wicxk","p2id":"mrgoddessli","formatid":"gen9nationaldex","rating":1347,"private":0,"password":""}