{"id":"gen9nationaldex-1998094670","p1":"OnlyPyper","p2":"Corazonmorado27","format":"[Gen 9] National Dex","log":"|html|<div class=\"broadcast-blue\"><strong>[Gen 9] National Dex is currently suspecting Sneasler! For information on how to participate check out the <a href=\"https:\/\/www.smogon.com\/forums\/threads\/sv-national-dex-suspect-8-just-dance.3731534\/\">suspect thread<\/a>.<\/strong><\/div>\n|j|\u2606OnlyPyper\n|j|\u2606Corazonmorado27\n|t:|1700890375\n|gametype|singles\n|player|p1|OnlyPyper|shauntal|\n|player|p2|Corazonmorado27|parasollady|\n|teamsize|p1|6\n|teamsize|p2|6\n|gen|9\n|tier|[Gen 9] National Dex\n|rule|HP Percentage Mod: HP is shown in percentages\n|rule|Endless Battle Clause: Forcing endless battles is banned\n|rule|OHKO Clause: OHKO moves are banned\n|rule|Evasion Clause: Evasion abilities, items, and moves are banned\n|rule|Evasion Abilities Clause: Evasion abilities are banned\n|rule|Evasion Items Clause: Evasion items are banned\n|rule|Evasion Moves Clause: Evasion moves are banned\n|rule|Species Clause: Limit one of each Pok\u00e9mon\n|rule|Sleep Clause Mod: Limit one foe put to sleep\n|clearpoke\n|poke|p1|Greninja-*, F|\n|poke|p1|Tyrantrum, F|\n|poke|p1|Aegislash, F|\n|poke|p1|Meowstic-F, F|\n|poke|p1|Gourgeist-*, F|\n|poke|p1|Gallade, M|\n|poke|p2|Delphox, F|\n|poke|p2|Meowstic, M|\n|poke|p2|Slurpuff, M|\n|poke|p2|Vivillon-Elegant, M|\n|poke|p2|Ribombee, F|\n|poke|p2|Falinks|\n|teampreview\n|c|\u2606OnlyPyper|Suerte uwu\n|c|\u2606Corazonmorado27|suerte uwu\n|\n|t:|1700890406\n|start\n|switch|p1a: Ashi|Meowstic-F, F|100\/100\n|switch|p2a: Nani|Ribombee, F|100\/100\n|turn|1\n|c|\u2606Corazonmorado27|a ver que tan kk sale esto XD\n|\n|t:|1700890427\n|switch|p1a: Gardien|Aegislash, F|100\/100\n|move|p2a: Nani|Sticky Web|p1a: Gardien\n|-sidestart|p1: OnlyPyper|move: Sticky Web\n|\n|upkeep\n|turn|2\n|j| JuzOzuj\n|c|\u2606OnlyPyper|Sabes que la Sticky ayuda a Ashi involuntariamente vdd? XD\n|\n|t:|1700890443\n|move|p2a: Nani|Stun Spore|p1a: Gardien\n|-status|p1a: Gardien|par\n|move|p1a: Gardien|Swords Dance|p1a: Gardien\n|-boost|p1a: Gardien|atk|2\n|\n|upkeep\n|turn|3\n|c|\u2606Corazonmorado27|ekisde?\n|c| JuzOzuj|Lpm\n|c| JuzOzuj|ni me cargan los sprites\n|c|\u2606OnlyPyper|Competitive cora jsjsjsjsjs\n|c| JuzOzuj|XDDD\n|c|\u2606Corazonmorado27|oooo ya\n|c|\u2606Corazonmorado27|nambre\n|\n|t:|1700890485\n|switch|p2a: Falscher|Falinks|100\/100\n|-formechange|p1a: Gardien|Aegislash-Blade||[from] ability: Stance Change\n|move|p1a: Gardien|Iron Head|p2a: Falscher\n|-damage|p2a: Falscher|0 fnt\n|faint|p2a: Falscher\n|\n|upkeep\n|c|\u2606OnlyPyper|Muri\u00f3 el nazi\n|\n|t:|1700890501\n|switch|p2a: Charo|Meowstic, M|100\/100\n|turn|4\n|c|\u2606Corazonmorado27|y ching\u00f3 a su madre\n|c|\u2606Corazonmorado27|XD\n|c|\u2606OnlyPyper|Me obligan a esto\n|\n|t:|1700890515\n|switch|p1a: Ashi|Meowstic-F, F|100\/100\n|-activate|p1a: Ashi|move: Sticky Web\n|-unboost|p1a: Ashi|spe|1\n|-ability|p1a: Ashi|Competitive|boost\n|-boost|p1a: Ashi|spa|2\n|move|p2a: Charo|Reflect|p2a: Charo\n|-sidestart|p2: Corazonmorado27|Reflect\n|\n|upkeep\n|turn|5\n|c|\u2606Corazonmorado27|epiko\n|\n|t:|1700890525\n|move|p2a: Charo|Light Screen|p2a: Charo\n|-sidestart|p2: Corazonmorado27|move: Light Screen\n|move|p1a: Ashi|Nasty Plot|p1a: Ashi\n|-boost|p1a: Ashi|spa|2\n|\n|upkeep\n|turn|6\n|\n|t:|1700890534\n|move|p2a: Charo|Thunder Wave|p1a: Ashi\n|-status|p1a: Ashi|par\n|move|p1a: Ashi|Shadow Ball|p2a: Charo\n|-supereffective|p2a: Charo\n|-damage|p2a: Charo|39\/100\n|\n|upkeep\n|turn|7\n|c| JuzOzuj|va a pegar RICO\n|c| JuzOzuj|lol\n|c| JuzOzuj|y aguanto\n|\n|t:|1700890559\n|move|p2a: Charo|Psyshock|p1a: Ashi\n|-resisted|p1a: Ashi\n|-damage|p1a: Ashi|84\/100 par\n|move|p1a: Ashi|Shadow Ball|p2a: Charo\n|-supereffective|p2a: Charo\n|-damage|p2a: Charo|0 fnt\n|faint|p2a: Charo\n|\n|upkeep\n|c|\u2606OnlyPyper|Casi tiro Nasty de nuevo sksbkszbsb\n|\n|t:|1700890573\n|switch|p2a: C\u00e9cit\u00e9|Slurpuff, M|100\/100\n|turn|8\n|c|\u2606Corazonmorado27|ekisde\n|l| JuzOzuj\n|\n|t:|1700890584\n|-terastallize|p1a: Ashi|Electric\n|move|p2a: C\u00e9cit\u00e9|Belly Drum|p2a: C\u00e9cit\u00e9\n|-damage|p2a: C\u00e9cit\u00e9|50\/100\n|-setboost|p2a: C\u00e9cit\u00e9|atk|6|[from] move: Belly Drum\n|-enditem|p2a: C\u00e9cit\u00e9|Sitrus Berry|[eat]\n|-heal|p2a: C\u00e9cit\u00e9|75\/100|[from] item: Sitrus Berry\n|move|p1a: Ashi|Thunderbolt|p2a: C\u00e9cit\u00e9\n|-damage|p2a: C\u00e9cit\u00e9|3\/100\n|\n|upkeep\n|turn|9\n|\n|t:|1700890596\n|switch|p1a: Gardien|Aegislash, F|100\/100 par\n|-activate|p1a: Gardien|move: Sticky Web\n|-unboost|p1a: Gardien|spe|1\n|move|p2a: C\u00e9cit\u00e9|Drain Punch|p1a: Gardien\n|-immune|p1a: Gardien\n|\n|upkeep\n|turn|10\n|c|\u2606Corazonmorado27|que pta\n|c|\u2606OnlyPyper|UwU\n|\n|t:|1700890610\n|-terastallize|p2a: C\u00e9cit\u00e9|Normal\n|cant|p1a: Gardien|par\n|move|p2a: C\u00e9cit\u00e9|Play Rough|p1a: Gardien\n|-resisted|p1a: Gardien\n|-damage|p1a: Gardien|45\/100 par\n|-unboost|p1a: Gardien|atk|1\n|\n|upkeep\n|turn|11\n|c|\u2606Corazonmorado27|yomi\n|c|\u2606OnlyPyper|Rico para\n|\n|t:|1700890627\n|move|p1a: Gardien|King's Shield|p1a: Gardien\n|-singleturn|p1a: Gardien|Protect\n|move|p2a: C\u00e9cit\u00e9|Play Rough|p1a: Gardien\n|-activate|p1a: Gardien|move: Protect\n|-unboost|p2a: C\u00e9cit\u00e9|atk|1\n|\n|-sideend|p2: Corazonmorado27|Reflect\n|upkeep\n|turn|12\n|\n|t:|1700890635\n|move|p2a: C\u00e9cit\u00e9|Play Rough|p1a: Gardien\n|-resisted|p1a: Gardien\n|-damage|p1a: Gardien|0 fnt\n|faint|p1a: Gardien\n|\n|-sideend|p2: Corazonmorado27|move: Light Screen\n|upkeep\n|j| JuzOzuj\n|c|\u2606OnlyPyper|Gg ekisde\n|c|\u2606Corazonmorado27|no tienes prioridad?\n|\n|t:|1700890655\n|switch|p1a: Gwen|Gourgeist-Super, F|100\/100\n|-activate|p1a: Gwen|move: Sticky Web\n|-unboost|p1a: Gwen|spe|1\n|turn|13\n|c|\u2606OnlyPyper|Shadow Sneak\n|c|\u2606Corazonmorado27|ekisde\n|c|\u2606OnlyPyper|Y es normal hora\n|c|\u2606Corazonmorado27|no water shuriken?\n|\n|t:|1700890678\n|move|p2a: C\u00e9cit\u00e9|Play Rough|p1a: Gwen\n|-damage|p1a: Gwen|26\/100\n|move|p1a: Gwen|Will-O-Wisp|p2a: C\u00e9cit\u00e9\n|-status|p2a: C\u00e9cit\u00e9|brn\n|\n|-heal|p1a: Gwen|32\/100|[from] item: Leftovers\n|-damage|p2a: C\u00e9cit\u00e9|0 fnt|[from] brn\n|faint|p2a: C\u00e9cit\u00e9\n|upkeep\n|c|\u2606OnlyPyper|Nop\n|c|\u2606Corazonmorado27|lol\n|c| JuzOzuj|EEEEEEEEEEEKISDEEEEEEEEEEEEEEEEEEE\n|c|\u2606OnlyPyper|Mira\n|c|\u2606OnlyPyper|Gwen carrera\n|\n|t:|1700890699\n|switch|p2a: Crisal Ignis|Delphox, F|100\/100\n|turn|14\n|\n|t:|1700890706\n|move|p2a: Crisal Ignis|Nasty Plot|p2a: Crisal Ignis\n|-boost|p2a: Crisal Ignis|spa|2\n|move|p1a: Gwen|Poltergeist|p2a: Crisal Ignis\n|-activate|p2a: Crisal Ignis|move: Poltergeist|Blunder Policy\n|-supereffective|p2a: Crisal Ignis\n|-damage|p2a: Crisal Ignis|0 fnt\n|faint|p2a: Crisal Ignis\n|\n|-heal|p1a: Gwen|38\/100|[from] item: Leftovers\n|upkeep\n|c| JuzOzuj|cora?\n|c|\u2606Corazonmorado27|esperaba que cambiara\n|c|\u2606OnlyPyper|Gracias ekisde\n|c|\u2606Corazonmorado27|XD\n|c|\u2606OnlyPyper|Yo tmb lo esperaba\n|\n|t:|1700890728\n|switch|p2a: Imin|Vivillon-Elegant, M|100\/100\n|turn|15\n|c|\u2606Corazonmorado27|ekisde\n|c|\u2606OnlyPyper|Pero gwen ya no serv\u00eda ekisde\n|\n|t:|1700890746\n|move|p2a: Imin|Hurricane|p1a: Gwen\n|-supereffective|p1a: Gwen\n|-damage|p1a: Gwen|0 fnt\n|faint|p1a: Gwen\n|\n|upkeep\n|\n|t:|1700890756\n|switch|p1a: Ashi|Meowstic-F, F, tera:Electric|84\/100 par\n|-activate|p1a: Ashi|move: Sticky Web\n|-unboost|p1a: Ashi|spe|1\n|-ability|p1a: Ashi|Competitive|boost\n|-boost|p1a: Ashi|spa|2\n|turn|16\n|c|\u2606Corazonmorado27|va a pegar suaaaave\n|\n|t:|1700890792\n|move|p2a: Imin|Quiver Dance|p2a: Imin\n|-boost|p2a: Imin|spa|1\n|-boost|p2a: Imin|spd|1\n|-boost|p2a: Imin|spe|1\n|move|p1a: Ashi|Thunderbolt|p2a: Imin\n|-supereffective|p2a: Imin\n|-damage|p2a: Imin|0 fnt\n|faint|p2a: Imin\n|\n|upkeep\n|c|\u2606Corazonmorado27|gg\n|\n|t:|1700890800\n|switch|p2a: Nani|Ribombee, F|100\/100\n|turn|17\n|c|\u2606Corazonmorado27|pero si fue clave la tera de c\u00e9cit\u00e9\n|c|\u2606Corazonmorado27|XD\n|c|\u2606OnlyPyper|Si ya se puteo al gato que supuestamente quer\u00eda imag\u00ednense al resto ekisde\n|c| JuzOzuj|le ubieras tirado hurricane aver si se confundia y se volvia gay\n|c| JuzOzuj|XD\n|c|\u2606Corazonmorado27|XDXD\n|\n|t:|1700890837\n|move|p2a: Nani|Moonblast|p1a: Ashi\n|-damage|p1a: Ashi|29\/100 par\n|move|p1a: Ashi|Psyshock|p2a: Nani\n|-enditem|p2a: Nani|Focus Sash\n|-damage|p2a: Nani|1\/100\n|\n|upkeep\n|turn|18\n|\n|t:|1700890846\n|move|p2a: Nani|Moonblast|p1a: Ashi\n|-damage|p1a: Ashi|0 fnt\n|faint|p1a: Ashi\n|\n|upkeep\n|c|\u2606OnlyPyper|Lo peor es que pierdo\n|\n|t:|1700890857\n|switch|p1a: Grayson|Gallade, M|100\/100\n|-activate|p1a: Grayson|move: Sticky Web\n|-unboost|p1a: Grayson|spe|1\n|turn|19\n|c|\u2606Corazonmorado27|Nani en plan: cague pipipi\n|\n|t:|1700890864\n|detailschange|p1a: Grayson|Gallade-Mega, M\n|-mega|p1a: Grayson|Gallade|Galladite\n|move|p2a: Nani|Moonblast|p1a: Grayson\n|-supereffective|p1a: Grayson\n|-damage|p1a: Grayson|11\/100\n|-unboost|p1a: Grayson|spa|1\n|move|p1a: Grayson|Close Combat|p2a: Nani\n|-resisted|p2a: Nani\n|-damage|p2a: Nani|0 fnt\n|-unboost|p1a: Grayson|def|1\n|-unboost|p1a: Grayson|spd|1\n|faint|p2a: Nani\n|\n|win|OnlyPyper\n|c|\u2606OnlyPyper|Menos mal\n|c|\u2606Corazonmorado27|gg\n|c| JuzOzuj|Nombre gg\n|c| JuzOzuj|XDDD\n|c|\u2606OnlyPyper|Si no perd\u00eda xd\n|c|\u2606OnlyPyper|Gg\n|c|\u2606Corazonmorado27|tienen algo de defensa especial\n|c|\u2606Corazonmorado27|XD\n|c|\u2606Corazonmorado27|osea, garde y gallade\n","uploadtime":1700890883,"views":8,"p1id":"onlypyper","p2id":"corazonmorado27","formatid":"gen9nationaldex","rating":0,"private":0,"password":""}