{"id":"gen9nationaldex-1989791168","p1":"graduq","p2":"Z-Bean","format":"[Gen 9] National Dex","log":"|j|\u2606graduq\n|j|\u2606Z-Bean\n|t:|1699896043\n|gametype|singles\n|player|p1|graduq|swimmerf|1206\n|player|p2|Z-Bean|crasherwake|1231\n|teamsize|p1|6\n|teamsize|p2|6\n|gen|9\n|tier|[Gen 9] National Dex\n|rated|\n|rule|HP Percentage Mod: HP is shown in percentages\n|rule|Endless Battle Clause: Forcing endless battles is banned\n|rule|OHKO Clause: OHKO moves are banned\n|rule|Evasion Clause: Evasion abilities, items, and moves are banned\n|rule|Evasion Abilities Clause: Evasion abilities are banned\n|rule|Evasion Items Clause: Evasion items are banned\n|rule|Evasion Moves Clause: Evasion moves are banned\n|rule|Species Clause: Limit one of each Pok\u00e9mon\n|rule|Sleep Clause Mod: Limit one foe put to sleep\n|clearpoke\n|poke|p1|Lopunny, F|\n|poke|p1|Rillaboom, M|\n|poke|p1|Weavile, F|\n|poke|p1|Mienshao, F|\n|poke|p1|Salazzle, F|\n|poke|p1|Zeraora|\n|poke|p2|Ogerpon-Wellspring, F|\n|poke|p2|Gliscor, M|\n|poke|p2|Golisopod, M|\n|poke|p2|Ribombee, F|\n|poke|p2|Slowking-Galar, F|\n|poke|p2|Samurott-Hisui, M|\n|teampreview\n|inactive|Battle timer is ON: inactive players will automatically lose when time's up. (requested by graduq)\n|\n|t:|1699896056\n|start\n|switch|p1a: Lopunny|Lopunny, F|100\/100\n|switch|p2a: Ikaika|Golisopod, M|100\/100\n|turn|1\n|\n|t:|1699896063\n|switch|p2a: Oil Slick|Gliscor, M|100\/100\n|detailschange|p1a: Lopunny|Lopunny-Mega, F\n|-mega|p1a: Lopunny|Lopunny|Lopunnite\n|move|p1a: Lopunny|Fake Out|p2a: Oil Slick\n|-damage|p2a: Oil Slick|83\/100\n|\n|-status|p2a: Oil Slick|tox|[from] item: Toxic Orb\n|upkeep\n|turn|2\n|\n|t:|1699896071\n|move|p1a: Lopunny|Triple Axel|p2a: Oil Slick\n|-supereffective|p2a: Oil Slick\n|-damage|p2a: Oil Slick|58\/100 tox\n|-supereffective|p2a: Oil Slick\n|-damage|p2a: Oil Slick|11\/100 tox\n|-supereffective|p2a: Oil Slick\n|-damage|p2a: Oil Slick|0 fnt\n|faint|p2a: Oil Slick\n|-hitcount|p2: Oil Slick|3\n|\n|upkeep\n|\n|t:|1699896077\n|switch|p2a: Quartz|Ribombee, F|100\/100\n|turn|3\n|\n|t:|1699896082\n|move|p1a: Lopunny|Triple Axel|p2a: Quartz\n|-damage|p2a: Quartz|87\/100\n|-damage|p2a: Quartz|61\/100\n|-damage|p2a: Quartz|19\/100\n|-hitcount|p2a: Quartz|3\n|move|p2a: Quartz|Draining Kiss|p1a: Lopunny\n|-supereffective|p1a: Lopunny\n|-damage|p1a: Lopunny|44\/100\n|-heal|p2a: Quartz|63\/100|[from] drain|[of] p1a: Lopunny\n|\n|upkeep\n|turn|4\n|\n|t:|1699896091\n|move|p1a: Lopunny|U-turn|p2a: Quartz\n|-resisted|p2a: Quartz\n|-damage|p2a: Quartz|38\/100\n|\n|t:|1699896094\n|switch|p1a: Salazzle|Salazzle, F|100\/100|[from] U-turn\n|move|p2a: Quartz|Draining Kiss|p1a: Salazzle\n|-resisted|p1a: Salazzle\n|-damage|p1a: Salazzle|93\/100\n|-heal|p2a: Quartz|46\/100|[from] drain|[of] p1a: Salazzle\n|\n|-heal|p1a: Salazzle|99\/100|[from] item: Leftovers\n|upkeep\n|turn|5\n|\n|t:|1699896106\n|move|p2a: Quartz|Sticky Web|p1a: Salazzle\n|-sidestart|p1: graduq|move: Sticky Web\n|move|p1a: Salazzle|Toxic|p2a: Quartz\n|-status|p2a: Quartz|tox\n|\n|-heal|p1a: Salazzle|100\/100|[from] item: Leftovers\n|-damage|p2a: Quartz|40\/100 tox|[from] psn\n|upkeep\n|turn|6\n|\n|t:|1699896115\n|move|p2a: Quartz|Bug Buzz|p1a: Salazzle\n|-resisted|p1a: Salazzle\n|-damage|p1a: Salazzle|86\/100\n|-unboost|p1a: Salazzle|spd|1\n|move|p1a: Salazzle|Toxic|p2a: Quartz\n|-fail|p2a: Quartz|tox\n|\n|-heal|p1a: Salazzle|92\/100|[from] item: Leftovers\n|-damage|p2a: Quartz|28\/100 tox|[from] psn\n|upkeep\n|turn|7\n|\n|t:|1699896136\n|switch|p1a: Mienshao|Mienshao, F|100\/100\n|-activate|p1a: Mienshao|move: Sticky Web\n|-unboost|p1a: Mienshao|spe|1\n|move|p2a: Quartz|Bug Buzz|p1a: Mienshao\n|-resisted|p1a: Mienshao\n|-crit|p1a: Mienshao\n|-damage|p1a: Mienshao|70\/100\n|\n|-damage|p2a: Quartz|9\/100 tox|[from] psn\n|upkeep\n|turn|8\n|\n|t:|1699896148\n|move|p1a: Mienshao|Fake Out|p2a: Quartz\n|-damage|p2a: Quartz|0 fnt\n|faint|p2a: Quartz\n|\n|upkeep\n|\n|t:|1699896150\n|switch|p2a: Nelly|Slowking-Galar, F|100\/100\n|turn|9\n|\n|t:|1699896158\n|move|p1a: Mienshao|U-turn|p2a: Nelly\n|-damage|p2a: Nelly|70\/100\n|\n|t:|1699896165\n|switch|p1a: Weavile|Weavile, F|100\/100|[from] U-turn\n|-activate|p1a: Weavile|move: Sticky Web\n|-unboost|p1a: Weavile|spe|1\n|move|p2a: Nelly|Future Sight|p1a: Weavile\n|-start|p2a: Nelly|move: Future Sight\n|\n|-heal|p2a: Nelly|76\/100|[from] item: Leftovers\n|upkeep\n|turn|10\n|\n|t:|1699896176\n|switch|p2a: Ikaika|Golisopod, M|100\/100\n|move|p1a: Weavile|Fake Out|p2a: Ikaika\n|-damage|p2a: Ikaika|90\/100\n|\n|upkeep\n|turn|11\n|\n|t:|1699896187\n|move|p1a: Weavile|Triple Axel|p2a: Ikaika\n|-resisted|p2a: Ikaika\n|-damage|p2a: Ikaika|86\/100\n|-resisted|p2a: Ikaika\n|-damage|p2a: Ikaika|79\/100\n|-hitcount|p2a: Ikaika|2\n|move|p2a: Ikaika|Liquidation|p1a: Weavile\n|-damage|p1a: Weavile|18\/100\n|\n|-end|p1a: Weavile|move: Future Sight\n|-immune|p1a: Weavile\n|upkeep\n|turn|12\n|\n|t:|1699896199\n|switch|p1a: Rillaboom|Rillaboom, M|100\/100\n|-activate|p1a: Rillaboom|move: Sticky Web\n|-unboost|p1a: Rillaboom|spe|1\n|-fieldstart|move: Grassy Terrain|[from] ability: Grassy Surge|[of] p1a: Rillaboom\n|switch|p2a: Mizuma|Samurott-Hisui, M|100\/100\n|\n|upkeep\n|turn|13\n|\n|t:|1699896209\n|switch|p2a: Ikaika|Golisopod, M|79\/100\n|move|p1a: Rillaboom|Fake Out|p2a: Ikaika\n|-damage|p2a: Ikaika|68\/100\n|\n|-heal|p2a: Ikaika|74\/100|[from] Grassy Terrain\n|upkeep\n|turn|14\n|\n|t:|1699896225\n|move|p1a: Rillaboom|Grassy Glide|p2a: Ikaika\n|-damage|p2a: Ikaika|47\/100\n|-activate|p2a: Ikaika|ability: Emergency Exit\n|\n|t:|1699896229\n|switch|p2a: Ogerpon!|Ogerpon-Wellspring, F|100\/100\n|\n|upkeep\n|turn|15\n|\n|t:|1699896238\n|move|p2a: Ogerpon!|Swords Dance|p2a: Ogerpon!\n|-boost|p2a: Ogerpon!|atk|2\n|move|p1a: Rillaboom|U-turn|p2a: Ogerpon!\n|-supereffective|p2a: Ogerpon!\n|-damage|p2a: Ogerpon!|37\/100\n|\n|t:|1699896247\n|switch|p1a: Zeraora|Zeraora|100\/100|[from] U-turn\n|-activate|p1a: Zeraora|move: Sticky Web\n|-unboost|p1a: Zeraora|spe|1\n|\n|-heal|p2a: Ogerpon!|43\/100|[from] Grassy Terrain\n|upkeep\n|turn|16\n|\n|t:|1699896254\n|move|p1a: Zeraora|Fake Out|p2a: Ogerpon!\n|-damage|p2a: Ogerpon!|27\/100\n|cant|p2a: Ogerpon!|flinch\n|\n|-heal|p2a: Ogerpon!|33\/100|[from] Grassy Terrain\n|-fieldend|move: Grassy Terrain\n|upkeep\n|turn|17\n|\n|t:|1699896266\n|switch|p1a: Rillaboom|Rillaboom, M|100\/100\n|-activate|p1a: Rillaboom|move: Sticky Web\n|-unboost|p1a: Rillaboom|spe|1\n|-fieldstart|move: Grassy Terrain|[from] ability: Grassy Surge|[of] p1a: Rillaboom\n|move|p2a: Ogerpon!|Horn Leech|p1a: Rillaboom\n|-resisted|p1a: Rillaboom\n|-damage|p1a: Rillaboom|33\/100\n|-heal|p2a: Ogerpon!|71\/100|[from] drain|[of] p1a: Rillaboom\n|\n|-heal|p2a: Ogerpon!|77\/100|[from] Grassy Terrain\n|-heal|p1a: Rillaboom|40\/100|[from] Grassy Terrain\n|-heal|p1a: Rillaboom|46\/100|[from] item: Leftovers\n|upkeep\n|turn|18\n|\n|t:|1699896281\n|move|p1a: Rillaboom|Fake Out|p2a: Ogerpon!\n|-damage|p2a: Ogerpon!|60\/100\n|cant|p2a: Ogerpon!|flinch\n|\n|-heal|p2a: Ogerpon!|66\/100|[from] Grassy Terrain\n|-heal|p1a: Rillaboom|52\/100|[from] Grassy Terrain\n|-heal|p1a: Rillaboom|58\/100|[from] item: Leftovers\n|upkeep\n|turn|19\n|\n|t:|1699896293\n|move|p2a: Ogerpon!|Horn Leech|p1a: Rillaboom\n|-resisted|p1a: Rillaboom\n|-damage|p1a: Rillaboom|0 fnt\n|-heal|p2a: Ogerpon!|99\/100|[from] drain|[of] p1a: Rillaboom\n|faint|p1a: Rillaboom\n|\n|-heal|p2a: Ogerpon!|100\/100|[from] Grassy Terrain\n|upkeep\n|\n|t:|1699896301\n|switch|p1a: Salazzle|Salazzle, F|92\/100\n|-activate|p1a: Salazzle|move: Sticky Web\n|-unboost|p1a: Salazzle|spe|1\n|turn|20\n|\n|t:|1699896310\n|move|p1a: Salazzle|Fake Out|p2a: Ogerpon!\n|-damage|p2a: Ogerpon!|91\/100\n|cant|p2a: Ogerpon!|flinch\n|\n|-heal|p2a: Ogerpon!|97\/100|[from] Grassy Terrain\n|-heal|p1a: Salazzle|98\/100|[from] Grassy Terrain\n|-heal|p1a: Salazzle|100\/100|[from] item: Leftovers\n|upkeep\n|turn|21\n|\n|t:|1699896319\n|-terastallize|p1a: Salazzle|Poison\n|move|p2a: Ogerpon!|Ivy Cudgel|p1a: Salazzle\n|-damage|p1a: Salazzle|0 fnt\n|faint|p1a: Salazzle\n|\n|-heal|p2a: Ogerpon!|100\/100|[from] Grassy Terrain\n|-fieldend|move: Grassy Terrain\n|upkeep\n|\n|t:|1699896326\n|switch|p1a: Weavile|Weavile, F|18\/100\n|-activate|p1a: Weavile|move: Sticky Web\n|-unboost|p1a: Weavile|spe|1\n|turn|22\n|\n|t:|1699896330\n|move|p1a: Weavile|Fake Out|p2a: Ogerpon!\n|-damage|p2a: Ogerpon!|83\/100\n|cant|p2a: Ogerpon!|flinch\n|\n|upkeep\n|turn|23\n|\n|t:|1699896337\n|move|p1a: Weavile|Ice Shard|p2a: Ogerpon!\n|-damage|p2a: Ogerpon!|57\/100\n|move|p2a: Ogerpon!|Trailblaze|p1a: Weavile\n|-damage|p1a: Weavile|0 fnt\n|-boost|p2a: Ogerpon!|spe|1\n|faint|p1a: Weavile\n|\n|upkeep\n|\n|t:|1699896346\n|switch|p1a: Lopunny|Lopunny-Mega, F|44\/100\n|-activate|p1a: Lopunny|move: Sticky Web\n|-unboost|p1a: Lopunny|spe|1\n|turn|24\n|\n|t:|1699896362\n|move|p1a: Lopunny|Fake Out|p2a: Ogerpon!\n|-damage|p2a: Ogerpon!|31\/100\n|cant|p2a: Ogerpon!|flinch\n|\n|upkeep\n|turn|25\n|\n|t:|1699896379\n|move|p2a: Ogerpon!|Horn Leech|p1a: Lopunny\n|-damage|p1a: Lopunny|0 fnt\n|-heal|p2a: Ogerpon!|51\/100|[from] drain|[of] p1a: Lopunny\n|faint|p1a: Lopunny\n|\n|upkeep\n|\n|t:|1699896384\n|switch|p1a: Mienshao|Mienshao, F|100\/100\n|-activate|p1a: Mienshao|move: Sticky Web\n|-unboost|p1a: Mienshao|spe|1\n|turn|26\n|\n|t:|1699896393\n|move|p1a: Mienshao|Fake Out|p2a: Ogerpon!\n|-damage|p2a: Ogerpon!|29\/100\n|cant|p2a: Ogerpon!|flinch\n|\n|upkeep\n|turn|27\n|\n|t:|1699896398\n|move|p2a: Ogerpon!|Horn Leech|p1a: Mienshao\n|-damage|p1a: Mienshao|0 fnt\n|-heal|p2a: Ogerpon!|85\/100|[from] drain|[of] p1a: Mienshao\n|faint|p1a: Mienshao\n|\n|upkeep\n|\n|t:|1699896403\n|switch|p1a: Zeraora|Zeraora|100\/100\n|-activate|p1a: Zeraora|move: Sticky Web\n|-unboost|p1a: Zeraora|spe|1\n|turn|28\n|\n|t:|1699896410\n|move|p2a: Ogerpon!|Horn Leech|p1a: Zeraora\n|-damage|p1a: Zeraora|0 fnt\n|-heal|p2a: Ogerpon!|100\/100|[from] drain|[of] p1a: Zeraora\n|faint|p1a: Zeraora\n|\n|win|Z-Bean\n|raw|graduq's rating: 1206 &rarr; <strong>1183<\/strong><br \/>(-23 for losing)\n|raw|Z-Bean's rating: 1231 &rarr; <strong>1254<\/strong><br \/>(+23 for winning)\n|l|\u2606graduq\n","uploadtime":1699896429,"views":4,"p1id":"graduq","p2id":"zbean","formatid":"gen9nationaldex","rating":1183,"private":0,"password":""}