{"id":"gen9nationaldex-2000035061","p1":"Matthew081302","p2":"pigeonmuffdiver","format":"[Gen 9] National Dex","log":"|html|<div class=\"broadcast-blue\"><strong>[Gen 9] National Dex is currently suspecting Sneasler! For information on how to participate check out the <a href=\"https:\/\/www.smogon.com\/forums\/threads\/sv-national-dex-suspect-8-just-dance.3731534\/\">suspect thread<\/a>.<\/strong><\/div>\n|j|\u2606Matthew081302\n|j|\u2606pigeonmuffdiver\n|t:|1701143994\n|gametype|singles\n|player|p1|Matthew081302|gambler|1254\n|player|p2|pigeonmuffdiver|boarder|1337\n|teamsize|p1|6\n|teamsize|p2|6\n|gen|9\n|tier|[Gen 9] National Dex\n|rated|\n|rule|HP Percentage Mod: HP is shown in percentages\n|rule|Endless Battle Clause: Forcing endless battles is banned\n|rule|OHKO Clause: OHKO moves are banned\n|rule|Evasion Clause: Evasion abilities, items, and moves are banned\n|rule|Evasion Abilities Clause: Evasion abilities are banned\n|rule|Evasion Items Clause: Evasion items are banned\n|rule|Evasion Moves Clause: Evasion moves are banned\n|rule|Species Clause: Limit one of each Pok\u00e9mon\n|rule|Sleep Clause Mod: Limit one foe put to sleep\n|clearpoke\n|poke|p1|Ursaring, F|\n|poke|p1|Azumarill, F|\n|poke|p1|Oricorio-Pom-Pom, F|\n|poke|p1|Thievul, F|\n|poke|p1|Banette, M|\n|poke|p1|Gengar, F|\n|poke|p2|Golisopod, M|\n|poke|p2|Arcanine-Hisui, M|\n|poke|p2|Exeggutor-Alola, F|\n|poke|p2|Kleavor, F|\n|poke|p2|Slowbro, F|\n|poke|p2|Runerigus, M|\n|teampreview\n|\n|t:|1701144009\n|start\n|switch|p1a: Puppet|Banette, M|100\/100\n|switch|p2a: Darius|Kleavor, F|100\/100\n|turn|1\n|\n|t:|1701144029\n|detailschange|p1a: Puppet|Banette-Mega, M\n|-mega|p1a: Puppet|Banette|Banettite\n|move|p1a: Puppet|Will-O-Wisp|p2a: Darius|[miss]\n|-miss|p1a: Puppet|p2a: Darius\n|move|p2a: Darius|Stone Axe|p1a: Puppet\n|-damage|p1a: Puppet|22\/100\n|-sidestart|p1: Matthew081302|move: Stealth Rock\n|\n|upkeep\n|turn|2\n|c|\u2606Matthew081302|boutta be in spain but without the p\n|\n|t:|1701144054\n|move|p1a: Puppet|Thunder Wave|p2a: Darius\n|-status|p2a: Darius|par\n|move|p2a: Darius|Stone Axe|p1a: Puppet\n|-damage|p1a: Puppet|0 fnt\n|faint|p1a: Puppet\n|\n|upkeep\n|\n|t:|1701144076\n|switch|p1a: Bonnie Bunny|Azumarill, F|100\/100\n|-damage|p1a: Bonnie Bunny|88\/100|[from] Stealth Rock\n|turn|3\n|\n|t:|1701144091\n|switch|p2a: Xerath|Runerigus, M|100\/100\n|move|p1a: Bonnie Bunny|Belly Drum|p1a: Bonnie Bunny\n|-damage|p1a: Bonnie Bunny|38\/100\n|-setboost|p1a: Bonnie Bunny|atk|6|[from] move: Belly Drum\n|-enditem|p1a: Bonnie Bunny|Sitrus Berry|[eat]\n|-heal|p1a: Bonnie Bunny|63\/100|[from] item: Sitrus Berry\n|\n|upkeep\n|turn|4\n|\n|t:|1701144104\n|move|p1a: Bonnie Bunny|Knock Off|p2a: Xerath\n|-supereffective|p2a: Xerath\n|-damage|p2a: Xerath|0 fnt\n|-activate|p2a: Xerath|ability: Wandering Spirit|Huge Power|Wandering Spirit|[of] p1a: Bonnie Bunny\n|faint|p2a: Xerath\n|\n|upkeep\n|\n|t:|1701144124\n|switch|p2a: Rammus|Slowbro, F|100\/100\n|turn|5\n|\n|t:|1701144127\n|move|p1a: Bonnie Bunny|Knock Off|p2a: Rammus\n|-supereffective|p2a: Rammus\n|-damage|p2a: Rammus|38\/100\n|move|p2a: Rammus|Trick Room|p2a: Rammus\n|-fieldstart|move: Trick Room|[of] p2a: Rammus\n|\n|upkeep\n|turn|6\n|\n|t:|1701144136\n|switch|p2a: Maokai|Exeggutor-Alola, F|100\/100\n|move|p1a: Bonnie Bunny|Knock Off|p2a: Maokai\n|-damage|p2a: Maokai|17\/100\n|-enditem|p2a: Maokai|Choice Specs|[from] move: Knock Off|[of] p1a: Bonnie Bunny\n|\n|upkeep\n|turn|7\n|\n|t:|1701144149\n|move|p2a: Maokai|Leaf Storm|p1a: Bonnie Bunny\n|-supereffective|p1a: Bonnie Bunny\n|-damage|p1a: Bonnie Bunny|0 fnt\n|-unboost|p2a: Maokai|spa|2\n|faint|p1a: Bonnie Bunny\n|\n|upkeep\n|\n|t:|1701144163\n|switch|p1a: Freddy Fazbear|Ursaring, F|100\/100\n|-damage|p1a: Freddy Fazbear|88\/100|[from] Stealth Rock\n|turn|8\n|\n|t:|1701144177\n|switch|p2a: Rammus|Slowbro, F|72\/100\n|move|p1a: Freddy Fazbear|Bulk Up|p1a: Freddy Fazbear\n|-boost|p1a: Freddy Fazbear|atk|1\n|-boost|p1a: Freddy Fazbear|def|1\n|\n|upkeep\n|turn|9\n|\n|t:|1701144190\n|move|p2a: Rammus|Scald|p1a: Freddy Fazbear\n|-damage|p1a: Freddy Fazbear|72\/100\n|move|p1a: Freddy Fazbear|Bulk Up|p1a: Freddy Fazbear\n|-boost|p1a: Freddy Fazbear|atk|1\n|-boost|p1a: Freddy Fazbear|def|1\n|\n|-fieldend|move: Trick Room\n|upkeep\n|turn|10\n|\n|t:|1701144209\n|move|p1a: Freddy Fazbear|Play Rough|p2a: Rammus\n|-damage|p2a: Rammus|41\/100\n|move|p2a: Rammus|Trick Room|p2a: Rammus\n|-fieldstart|move: Trick Room|[of] p2a: Rammus\n|\n|upkeep\n|turn|11\n|\n|t:|1701144216\n|move|p2a: Rammus|Slack Off|p2a: Rammus\n|-heal|p2a: Rammus|92\/100\n|move|p1a: Freddy Fazbear|Bulk Up|p1a: Freddy Fazbear\n|-boost|p1a: Freddy Fazbear|atk|1\n|-boost|p1a: Freddy Fazbear|def|1\n|\n|upkeep\n|turn|12\n|\n|t:|1701144222\n|move|p2a: Rammus|Scald|p1a: Freddy Fazbear\n|-damage|p1a: Freddy Fazbear|56\/100\n|move|p1a: Freddy Fazbear|Bulk Up|p1a: Freddy Fazbear\n|-boost|p1a: Freddy Fazbear|atk|1\n|-boost|p1a: Freddy Fazbear|def|1\n|\n|upkeep\n|turn|13\n|\n|t:|1701144229\n|move|p2a: Rammus|Scald|p1a: Freddy Fazbear\n|-damage|p1a: Freddy Fazbear|40\/100\n|-status|p1a: Freddy Fazbear|brn\n|move|p1a: Freddy Fazbear|Bulk Up|p1a: Freddy Fazbear\n|-boost|p1a: Freddy Fazbear|atk|1\n|-boost|p1a: Freddy Fazbear|def|1\n|\n|-damage|p1a: Freddy Fazbear|34\/100 brn|[from] brn\n|upkeep\n|turn|14\n|\n|t:|1701144239\n|move|p2a: Rammus|Scald|p1a: Freddy Fazbear\n|-damage|p1a: Freddy Fazbear|18\/100 brn\n|move|p1a: Freddy Fazbear|Rest|p1a: Freddy Fazbear\n|-status|p1a: Freddy Fazbear|slp|[from] move: Rest\n|-heal|p1a: Freddy Fazbear|100\/100 slp|[silent]\n|\n|-fieldend|move: Trick Room\n|upkeep\n|turn|15\n|\n|t:|1701144246\n|cant|p1a: Freddy Fazbear|slp\n|move|p1a: Freddy Fazbear|Sleep Talk|p1a: Freddy Fazbear\n|move|p1a: Freddy Fazbear|Bulk Up|p1a: Freddy Fazbear|[from]move: Sleep Talk\n|-boost|p1a: Freddy Fazbear|atk|1\n|-boost|p1a: Freddy Fazbear|def|1\n|move|p2a: Rammus|Scald|p1a: Freddy Fazbear\n|-damage|p1a: Freddy Fazbear|84\/100 slp\n|\n|upkeep\n|turn|16\n|\n|t:|1701144256\n|cant|p1a: Freddy Fazbear|slp\n|move|p1a: Freddy Fazbear|Sleep Talk|p1a: Freddy Fazbear\n|move|p1a: Freddy Fazbear|Bulk Up|p1a: Freddy Fazbear|[from]move: Sleep Talk\n|-boost|p1a: Freddy Fazbear|atk|0\n|-boost|p1a: Freddy Fazbear|def|0\n|move|p2a: Rammus|Trick Room|p2a: Rammus\n|-fieldstart|move: Trick Room|[of] p2a: Rammus\n|\n|upkeep\n|turn|17\n|\n|t:|1701144263\n|-curestatus|p1a: Freddy Fazbear|slp|[msg]\n|move|p1a: Freddy Fazbear|Play Rough|p2a: Rammus\n|-damage|p2a: Rammus|28\/100\n|move|p2a: Rammus|Teleport|p2a: Rammus\n|\n|t:|1701144268\n|switch|p2a: Maokai|Exeggutor-Alola, F|17\/100|[from] Teleport\n|-item|p1a: Freddy Fazbear|Eviolite|[from] ability: Frisk|[of] p2a: Maokai|[identify]\n|\n|upkeep\n|turn|18\n|\n|t:|1701144289\n|-terastallize|p2a: Maokai|Grass\n|-terastallize|p1a: Freddy Fazbear|Fairy\n|move|p2a: Maokai|Leaf Storm|p1a: Freddy Fazbear\n|-damage|p1a: Freddy Fazbear|28\/100\n|-unboost|p2a: Maokai|spa|2\n|move|p1a: Freddy Fazbear|Rest|p1a: Freddy Fazbear\n|-status|p1a: Freddy Fazbear|slp|[from] move: Rest\n|-heal|p1a: Freddy Fazbear|100\/100 slp|[silent]\n|\n|upkeep\n|turn|19\n|\n|t:|1701144300\n|switch|p2a: Rammus|Slowbro, F|62\/100\n|cant|p1a: Freddy Fazbear|slp\n|move|p1a: Freddy Fazbear|Sleep Talk|p1a: Freddy Fazbear\n|move|p1a: Freddy Fazbear|Play Rough|p2a: Rammus|[from]move: Sleep Talk\n|-damage|p2a: Rammus|0 fnt\n|faint|p2a: Rammus\n|\n|upkeep\n|\n|t:|1701144309\n|switch|p2a: Maokai|Exeggutor-Alola, F, tera:Grass|17\/100\n|-item|p1a: Freddy Fazbear|Eviolite|[from] ability: Frisk|[of] p2a: Maokai|[identify]\n|turn|20\n|\n|t:|1701144313\n|move|p2a: Maokai|Leaf Storm|p1a: Freddy Fazbear\n|-damage|p1a: Freddy Fazbear|49\/100 slp\n|-unboost|p2a: Maokai|spa|2\n|cant|p1a: Freddy Fazbear|slp\n|move|p1a: Freddy Fazbear|Sleep Talk|p1a: Freddy Fazbear\n|move|p1a: Freddy Fazbear|Play Rough|p2a: Maokai|[from]move: Sleep Talk\n|-damage|p2a: Maokai|0 fnt\n|faint|p2a: Maokai\n|\n|-fieldend|move: Trick Room\n|upkeep\n|\n|t:|1701144332\n|switch|p2a: Rek'Sai|Golisopod, M|100\/100\n|turn|21\n|\n|t:|1701144340\n|-curestatus|p1a: Freddy Fazbear|slp|[msg]\n|move|p1a: Freddy Fazbear|Rest|p1a: Freddy Fazbear\n|-status|p1a: Freddy Fazbear|slp|[from] move: Rest\n|-heal|p1a: Freddy Fazbear|100\/100 slp|[silent]\n|move|p2a: Rek'Sai|Knock Off|p1a: Freddy Fazbear\n|-resisted|p1a: Freddy Fazbear\n|-damage|p1a: Freddy Fazbear|97\/100 slp\n|-enditem|p1a: Freddy Fazbear|Eviolite|[from] move: Knock Off|[of] p2a: Rek'Sai\n|\n|upkeep\n|turn|22\n|\n|t:|1701144353\n|switch|p2a: Darius|Kleavor, F|100\/100 par\n|cant|p1a: Freddy Fazbear|slp\n|move|p1a: Freddy Fazbear|Sleep Talk|p1a: Freddy Fazbear\n|move|p1a: Freddy Fazbear|Rest||[from]move: Sleep Talk|[still]\n|-fail|p1a: Freddy Fazbear\n|\n|upkeep\n|turn|23\n|\n|t:|1701144363\n|cant|p2a: Darius|par\n|cant|p1a: Freddy Fazbear|slp\n|move|p1a: Freddy Fazbear|Sleep Talk|p1a: Freddy Fazbear\n|move|p1a: Freddy Fazbear|Rest||[from]move: Sleep Talk|[still]\n|-fail|p1a: Freddy Fazbear\n|\n|upkeep\n|turn|24\n|\n|t:|1701144371\n|move|p2a: Darius|Stone Axe|p1a: Freddy Fazbear\n|-damage|p1a: Freddy Fazbear|83\/100 slp\n|-curestatus|p1a: Freddy Fazbear|slp|[msg]\n|move|p1a: Freddy Fazbear|Play Rough|p2a: Darius\n|-damage|p2a: Darius|0 fnt\n|faint|p2a: Darius\n|\n|upkeep\n|\n|t:|1701144379\n|switch|p2a: Naafiri|Arcanine-Hisui, M|100\/100\n|turn|25\n|\n|t:|1701144385\n|move|p2a: Naafiri|Head Smash|p1a: Freddy Fazbear\n|-damage|p1a: Freddy Fazbear|59\/100\n|move|p1a: Freddy Fazbear|Play Rough|p2a: Naafiri\n|-resisted|p2a: Naafiri\n|-damage|p2a: Naafiri|9\/100\n|\n|upkeep\n|turn|26\n|\n|t:|1701144394\n|move|p2a: Naafiri|Head Smash|p1a: Freddy Fazbear|[miss]\n|-miss|p2a: Naafiri|p1a: Freddy Fazbear\n|move|p1a: Freddy Fazbear|Play Rough|p2a: Naafiri\n|-resisted|p2a: Naafiri\n|-damage|p2a: Naafiri|0 fnt\n|faint|p2a: Naafiri\n|\n|upkeep\n|\n|t:|1701144404\n|switch|p2a: Rek'Sai|Golisopod, M|100\/100\n|turn|27\n|\n|t:|1701144407\n|move|p2a: Rek'Sai|First Impression|p1a: Freddy Fazbear\n|-resisted|p1a: Freddy Fazbear\n|-damage|p1a: Freddy Fazbear|52\/100\n|move|p1a: Freddy Fazbear|Play Rough|p2a: Rek'Sai\n|-damage|p2a: Rek'Sai|0 fnt\n|faint|p2a: Rek'Sai\n|\n|win|Matthew081302\n|raw|Matthew081302's rating: 1254 &rarr; <strong>1285<\/strong><br \/>(+31 for winning)\n|raw|pigeonmuffdiver's rating: 1337 &rarr; <strong>1312<\/strong><br \/>(-25 for losing)\n|l|\u2606pigeonmuffdiver\n","uploadtime":1701144427,"views":9,"p1id":"matthew081302","p2id":"pigeonmuffdiver","formatid":"gen9nationaldex","rating":1285,"private":0,"password":""}