{"id":"gen9nationaldex-1993908180","p1":"RoboDriveisthebest","p2":"cgrtier","format":"[Gen 9] National Dex","log":"|j|\u2606RoboDriveisthebest\n|j|\u2606cgrtier\n|t:|1700373561\n|gametype|singles\n|player|p1|RoboDriveisthebest|cilan|1431\n|player|p2|cgrtier|diantha-masters|1373\n|teamsize|p1|6\n|teamsize|p2|6\n|gen|9\n|tier|[Gen 9] National Dex\n|rated|\n|rule|HP Percentage Mod: HP is shown in percentages\n|rule|Endless Battle Clause: Forcing endless battles is banned\n|rule|OHKO Clause: OHKO moves are banned\n|rule|Evasion Clause: Evasion abilities, items, and moves are banned\n|rule|Evasion Abilities Clause: Evasion abilities are banned\n|rule|Evasion Items Clause: Evasion items are banned\n|rule|Evasion Moves Clause: Evasion moves are banned\n|rule|Species Clause: Limit one of each Pok\u00e9mon\n|rule|Sleep Clause Mod: Limit one foe put to sleep\n|clearpoke\n|poke|p1|Banette, F|\n|poke|p1|Ogerpon-Wellspring, F|\n|poke|p1|Heatran, F|\n|poke|p1|Kommo-o, M|\n|poke|p1|Gliscor, F|\n|poke|p1|Weavile, M|\n|poke|p2|Magnezone|\n|poke|p2|Charizard, M|\n|poke|p2|Moltres|\n|poke|p2|Rillaboom, F|\n|poke|p2|Alomomola, F|\n|poke|p2|Kleavor, M|\n|teampreview\n|\n|t:|1700373570\n|start\n|switch|p1a: Weavile|Weavile, M|100\/100\n|switch|p2a: Kleavor|Kleavor, M|100\/100\n|-ability|p1a: Weavile|Pressure\n|turn|1\n|\n|t:|1700373585\n|switch|p1a: Kommo-o|Kommo-o, M|100\/100\n|move|p2a: Kleavor|Stone Axe|p1a: Kommo-o\n|-resisted|p1a: Kommo-o\n|-damage|p1a: Kommo-o|76\/100\n|-sidestart|p1: RoboDriveisthebest|move: Stealth Rock\n|\n|upkeep\n|turn|2\n|\n|t:|1700373594\n|move|p2a: Kleavor|Toxic|p1a: Kommo-o\n|-status|p1a: Kommo-o|tox\n|move|p1a: Kommo-o|Clangorous Soul|p1a: Kommo-o\n|-boost|p1a: Kommo-o|atk|1\n|-boost|p1a: Kommo-o|def|1\n|-boost|p1a: Kommo-o|spa|1\n|-boost|p1a: Kommo-o|spd|1\n|-boost|p1a: Kommo-o|spe|1\n|-damage|p1a: Kommo-o|43\/100 tox\n|-enditem|p1a: Kommo-o|Throat Spray\n|-boost|p1a: Kommo-o|spa|1|[from] item: Throat Spray\n|\n|-damage|p1a: Kommo-o|37\/100 tox|[from] psn\n|upkeep\n|turn|3\n|\n|t:|1700373605\n|move|p1a: Kommo-o|Flamethrower|p2a: Kleavor\n|-damage|p2a: Kleavor|18\/100\n|move|p2a: Kleavor|Tailwind|p2a: Kleavor\n|-sidestart|p2: cgrtier|move: Tailwind\n|\n|-damage|p1a: Kommo-o|24\/100 tox|[from] psn\n|upkeep\n|turn|4\n|\n|t:|1700373610\n|move|p2a: Kleavor|Stone Axe|p1a: Kommo-o\n|-resisted|p1a: Kommo-o\n|-damage|p1a: Kommo-o|9\/100 tox\n|move|p1a: Kommo-o|Flamethrower|p2a: Kleavor\n|-damage|p2a: Kleavor|0 fnt\n|faint|p2a: Kleavor\n|\n|-damage|p1a: Kommo-o|0 fnt|[from] psn\n|faint|p1a: Kommo-o\n|upkeep\n|\n|t:|1700373615\n|switch|p1a: Weavile|Weavile, M|100\/100\n|switch|p2a: Charizard|Charizard, M|100\/100\n|-damage|p1a: Weavile|76\/100|[from] Stealth Rock\n|-ability|p1a: Weavile|Pressure\n|turn|5\n|\n|t:|1700373622\n|detailschange|p2a: Charizard|Charizard-Mega-Y, M\n|-mega|p2a: Charizard|Charizard|Charizardite Y\n|-weather|SunnyDay|[from] ability: Drought|[of] p2a: Charizard\n|move|p2a: Charizard|Weather Ball|p1a: Weavile\n|-supereffective|p1a: Weavile\n|-damage|p1a: Weavile|0 fnt\n|faint|p1a: Weavile\n|\n|-weather|SunnyDay|[upkeep]\n|upkeep\n|\n|t:|1700373636\n|switch|p1a: Ogerpon|Ogerpon-Wellspring, F|100\/100\n|-damage|p1a: Ogerpon|88\/100|[from] Stealth Rock\n|turn|6\n|\n|t:|1700373642\n|move|p2a: Charizard|Air Slash|p1a: Ogerpon\n|-supereffective|p1a: Ogerpon\n|-damage|p1a: Ogerpon|0 fnt\n|faint|p1a: Ogerpon\n|\n|-weather|SunnyDay|[upkeep]\n|-sideend|p2: cgrtier|move: Tailwind\n|upkeep\n|\n|t:|1700373651\n|switch|p1a: Heatran|Heatran, F|100\/100\n|-damage|p1a: Heatran|88\/100|[from] Stealth Rock\n|turn|7\n|\n|t:|1700373659\n|-terastallize|p1a: Heatran|Grass\n|move|p2a: Charizard|Scorching Sands|p1a: Heatran\n|-resisted|p1a: Heatran\n|-damage|p1a: Heatran|80\/100\n|move|p1a: Heatran|Magma Storm|p2a: Charizard|[miss]\n|-miss|p1a: Heatran|p2a: Charizard\n|\n|-weather|SunnyDay|[upkeep]\n|-heal|p1a: Heatran|86\/100|[from] item: Leftovers\n|upkeep\n|turn|8\n|\n|t:|1700373666\n|move|p2a: Charizard|Air Slash|p1a: Heatran\n|-supereffective|p1a: Heatran\n|-damage|p1a: Heatran|25\/100\n|move|p1a: Heatran|Magma Storm|p2a: Charizard\n|-resisted|p2a: Charizard\n|-damage|p2a: Charizard|68\/100\n|-activate|p2a: Charizard|move: Magma Storm|[of] p1a: Heatran\n|\n|-weather|SunnyDay|[upkeep]\n|-heal|p1a: Heatran|31\/100|[from] item: Leftovers\n|-damage|p2a: Charizard|56\/100|[from] move: Magma Storm|[partiallytrapped]\n|upkeep\n|turn|9\n|\n|t:|1700373677\n|move|p2a: Charizard|Air Slash|p1a: Heatran\n|-supereffective|p1a: Heatran\n|-damage|p1a: Heatran|0 fnt\n|faint|p1a: Heatran\n|\n|-weather|none\n|-end|p2a: Charizard|Magma Storm|[partiallytrapped]|[silent]\n|upkeep\n|\n|t:|1700373679\n|switch|p1a: Banette|Banette, F|100\/100\n|-damage|p1a: Banette|88\/100|[from] Stealth Rock\n|-item|p2a: Charizard|Charizardite Y|[from] ability: Frisk|[of] p1a: Banette|[identify]\n|turn|10\n|\n|t:|1700373684\n|switch|p2a: Magnezone|Magnezone|100\/100\n|detailschange|p1a: Banette|Banette-Mega, F\n|-mega|p1a: Banette|Banette|Banettite\n|move|p1a: Banette|Swords Dance|p1a: Banette\n|-boost|p1a: Banette|atk|2\n|\n|upkeep\n|turn|11\n|\n|t:|1700373687\n|move|p1a: Banette|Poltergeist|p2a: Magnezone\n|-activate|p2a: Magnezone|move: Poltergeist|Choice Specs\n|-damage|p2a: Magnezone|0 fnt\n|faint|p2a: Magnezone\n|\n|upkeep\n|\n|t:|1700373694\n|switch|p2a: Rillaboom|Rillaboom, F|100\/100\n|-fieldstart|move: Grassy Terrain|[from] ability: Grassy Surge|[of] p2a: Rillaboom\n|turn|12\n|\n|t:|1700373697\n|-terastallize|p2a: Rillaboom|Grass\n|move|p2a: Rillaboom|Grassy Glide|p1a: Banette\n|-damage|p1a: Banette|0 fnt\n|faint|p1a: Banette\n|\n|upkeep\n|\n|t:|1700373702\n|switch|p1a: Gliscor|Gliscor, F|100\/100\n|-damage|p1a: Gliscor|88\/100|[from] Stealth Rock\n|turn|13\n|\n|t:|1700373706\n|move|p2a: Rillaboom|Grassy Glide|p1a: Gliscor\n|-damage|p1a: Gliscor|21\/100\n|move|p1a: Gliscor|Toxic|p2a: Rillaboom\n|-status|p2a: Rillaboom|tox\n|\n|-damage|p2a: Rillaboom|94\/100 tox|[from] psn\n|-status|p1a: Gliscor|tox|[from] item: Toxic Orb\n|upkeep\n|turn|14\n|\n|t:|1700373710\n|move|p2a: Rillaboom|Grassy Glide|p1a: Gliscor\n|-damage|p1a: Gliscor|0 fnt\n|faint|p1a: Gliscor\n|\n|win|cgrtier\n|raw|RoboDriveisthebest's rating: 1431 &rarr; <strong>1408<\/strong><br \/>(-23 for losing)\n|raw|cgrtier's rating: 1373 &rarr; <strong>1396<\/strong><br \/>(+23 for winning)\n|l|\u2606RoboDriveisthebest\n","uploadtime":1700373720,"views":6,"p1id":"robodriveisthebest","p2id":"cgrtier","formatid":"gen9nationaldex","rating":1396,"private":0,"password":""}