{"id":"gen9nationaldex-1996077211","p1":"turtle lover 069","p2":"Satellarish","format":"[Gen 9] National Dex","log":"|html|<div class=\"broadcast-blue\"><strong>[Gen 9] National Dex is currently suspecting Sneasler! For information on how to participate check out the <a href=\"https:\/\/www.smogon.com\/forums\/threads\/sv-national-dex-suspect-8-just-dance.3731534\/\">suspect thread<\/a>.<\/strong><\/div>\n|j|\u2606turtle lover 069\n|j|\u2606Satellarish\n|t:|1700640319\n|gametype|singles\n|player|p1|turtle lover 069|unknown|1358\n|player|p2|Satellarish|pokemonranger-gen4|1270\n|teamsize|p1|6\n|teamsize|p2|6\n|gen|9\n|tier|[Gen 9] National Dex\n|rated|\n|rule|HP Percentage Mod: HP is shown in percentages\n|rule|Endless Battle Clause: Forcing endless battles is banned\n|rule|OHKO Clause: OHKO moves are banned\n|rule|Evasion Clause: Evasion abilities, items, and moves are banned\n|rule|Evasion Abilities Clause: Evasion abilities are banned\n|rule|Evasion Items Clause: Evasion items are banned\n|rule|Evasion Moves Clause: Evasion moves are banned\n|rule|Species Clause: Limit one of each Pok\u00e9mon\n|rule|Sleep Clause Mod: Limit one foe put to sleep\n|clearpoke\n|poke|p1|Zapdos|\n|poke|p1|Gliscor, F|\n|poke|p1|Heatran, M|\n|poke|p1|Tornadus-Therian, M|\n|poke|p1|Ogerpon-Wellspring, F|\n|poke|p1|Scizor, M|\n|poke|p2|Skeledirge, M|\n|poke|p2|Rotom-Mow|\n|poke|p2|Glimmora, F|\n|poke|p2|Great Tusk|\n|poke|p2|Zarude-Dada|\n|poke|p2|Clodsire, F|\n|teampreview\n|inactive|Battle timer is ON: inactive players will automatically lose when time's up. (requested by turtle lover 069)\n|\n|t:|1700640322\n|start\n|switch|p1a: Ogerpon|Ogerpon-Wellspring, F|100\/100\n|switch|p2a: Rotom|Rotom-Mow|100\/100\n|turn|1\n|\n|t:|1700640333\n|switch|p1a: Tornadus|Tornadus-Therian, M|100\/100\n|move|p2a: Rotom|Will-O-Wisp|p1a: Tornadus\n|-status|p1a: Tornadus|brn\n|\n|-damage|p1a: Tornadus|94\/100 brn|[from] brn\n|upkeep\n|turn|2\n|\n|t:|1700640346\n|switch|p2a: Glimmora|Glimmora, F|100\/100\n|move|p1a: Tornadus|Bleakwind Storm|p2a: Glimmora\n|-resisted|p2a: Glimmora\n|-damage|p2a: Glimmora|73\/100\n|-unboost|p2a: Glimmora|spe|1\n|\n|-damage|p1a: Tornadus|88\/100 brn|[from] brn\n|upkeep\n|turn|3\n|\n|t:|1700640360\n|move|p2a: Glimmora|Power Gem|p1a: Tornadus\n|-supereffective|p1a: Tornadus\n|-damage|p1a: Tornadus|46\/100 brn\n|move|p1a: Tornadus|U-turn|p2a: Glimmora\n|-resisted|p2a: Glimmora\n|-damage|p2a: Glimmora|69\/100\n|-activate|p2a: Glimmora|ability: Toxic Debris\n|-sidestart|p1: turtle lover 069|move: Toxic Spikes\n|\n|t:|1700640365\n|switch|p1a: Scizor|Scizor, M|100\/100|[from] U-turn\n|\n|upkeep\n|turn|4\n|\n|t:|1700640376\n|switch|p2a: Skeledirge|Skeledirge, M|100\/100\n|detailschange|p1a: Scizor|Scizor-Mega, M\n|-mega|p1a: Scizor|Scizor|Scizorite\n|move|p1a: Scizor|Bullet Punch|p2a: Skeledirge\n|-resisted|p2a: Skeledirge\n|-damage|p2a: Skeledirge|87\/100\n|\n|-heal|p2a: Skeledirge|93\/100|[from] item: Leftovers\n|upkeep\n|turn|5\n|\n|t:|1700640397\n|switch|p1a: Heatran|Heatran, M|100\/100\n|switch|p2a: Clodsire|Clodsire, F|100\/100\n|\n|upkeep\n|turn|6\n|\n|t:|1700640409\n|-terastallize|p1a: Heatran|Grass\n|move|p1a: Heatran|Magma Storm|p2a: Clodsire\n|-damage|p2a: Clodsire|70\/100\n|-activate|p2a: Clodsire|move: Magma Storm|[of] p1a: Heatran\n|move|p2a: Clodsire|Stealth Rock|p1a: Heatran\n|-sidestart|p1: turtle lover 069|move: Stealth Rock\n|\n|-heal|p2a: Clodsire|76\/100|[from] item: Black Sludge\n|-damage|p2a: Clodsire|64\/100|[from] move: Magma Storm|[partiallytrapped]\n|upkeep\n|turn|7\n|\n|t:|1700640422\n|move|p1a: Heatran|Taunt|p2a: Clodsire\n|-start|p2a: Clodsire|move: Taunt\n|move|p2a: Clodsire|Earthquake|p1a: Heatran\n|-resisted|p1a: Heatran\n|-damage|p1a: Heatran|89\/100\n|\n|-heal|p1a: Heatran|95\/100|[from] item: Leftovers\n|-heal|p2a: Clodsire|70\/100|[from] item: Black Sludge\n|-damage|p2a: Clodsire|57\/100|[from] move: Magma Storm|[partiallytrapped]\n|upkeep\n|turn|8\n|\n|t:|1700640435\n|move|p1a: Heatran|Earth Power|p2a: Clodsire\n|-supereffective|p2a: Clodsire\n|-damage|p2a: Clodsire|22\/100\n|move|p2a: Clodsire|Earthquake|p1a: Heatran\n|-resisted|p1a: Heatran\n|-damage|p1a: Heatran|84\/100\n|\n|-heal|p1a: Heatran|90\/100|[from] item: Leftovers\n|-heal|p2a: Clodsire|28\/100|[from] item: Black Sludge\n|-damage|p2a: Clodsire|16\/100|[from] move: Magma Storm|[partiallytrapped]\n|upkeep\n|turn|9\n|\n|t:|1700640447\n|move|p1a: Heatran|Earth Power|p2a: Clodsire\n|-supereffective|p2a: Clodsire\n|-damage|p2a: Clodsire|0 fnt\n|faint|p2a: Clodsire\n|\n|-heal|p1a: Heatran|96\/100|[from] item: Leftovers\n|upkeep\n|\n|t:|1700640456\n|switch|p2a: Great Tusk|Great Tusk|100\/100\n|turn|10\n|\n|t:|1700640461\n|switch|p1a: Gliscor|Gliscor, F|100\/100\n|-damage|p1a: Gliscor|88\/100|[from] Stealth Rock\n|move|p2a: Great Tusk|Ice Spinner|p1a: Gliscor\n|-supereffective|p1a: Gliscor\n|-damage|p1a: Gliscor|8\/100\n|\n|-status|p1a: Gliscor|tox|[from] item: Toxic Orb\n|upkeep\n|turn|11\n|\n|t:|1700640475\n|move|p2a: Great Tusk|Rapid Spin|p1a: Gliscor\n|-damage|p1a: Gliscor|0 fnt\n|-boost|p2a: Great Tusk|spe|1\n|faint|p1a: Gliscor\n|\n|upkeep\n|-message|turtle lover 069 forfeited.\n|\n|win|Satellarish\n|raw|turtle lover 069's rating: 1358 &rarr; <strong>1333<\/strong><br \/>(-25 for losing)\n|raw|Satellarish's rating: 1270 &rarr; <strong>1301<\/strong><br \/>(+31 for winning)\n|l|\u2606turtle lover 069\n","uploadtime":1700640486,"views":0,"p1id":"turtlelover069","p2id":"satellarish","formatid":"gen9nationaldex","rating":1301,"private":0,"password":""}