{"id":"gen9nationaldex-1988816801","p1":"Omarnyte","p2":"wuyanxi","format":"[Gen 9] National Dex","log":"|j|\u2606Omarnyte\n|j|\u2606wuyanxi\n|t:|1699767482\n|gametype|singles\n|player|p1|Omarnyte|169|1434\n|player|p2|wuyanxi|janitor|1462\n|teamsize|p1|6\n|teamsize|p2|6\n|gen|9\n|tier|[Gen 9] National Dex\n|rated|\n|rule|HP Percentage Mod: HP is shown in percentages\n|rule|Endless Battle Clause: Forcing endless battles is banned\n|rule|OHKO Clause: OHKO moves are banned\n|rule|Evasion Clause: Evasion abilities, items, and moves are banned\n|rule|Evasion Abilities Clause: Evasion abilities are banned\n|rule|Evasion Items Clause: Evasion items are banned\n|rule|Evasion Moves Clause: Evasion moves are banned\n|rule|Species Clause: Limit one of each Pok\u00e9mon\n|rule|Sleep Clause Mod: Limit one foe put to sleep\n|clearpoke\n|poke|p1|Gallade, M|\n|poke|p1|Mamoswine, F|\n|poke|p1|Gengar, M|\n|poke|p1|Tauros, M|\n|poke|p1|Omastar, M|\n|poke|p1|Decidueye, M|\n|poke|p2|Dragonite, M|\n|poke|p2|Ursaluna, F|\n|poke|p2|Tapu Koko|\n|poke|p2|Garchomp, M|\n|poke|p2|Hoopa-Unbound|\n|poke|p2|Moltres|\n|teampreview\n|j| TrainerStorma\n|inactive|Battle timer is ON: inactive players will automatically lose when time's up. (requested by wuyanxi)\n|\n|t:|1699767509\n|start\n|switch|p1a: Mamoswine|Mamoswine, F|100\/100\n|switch|p2a: Tapu Koko|Tapu Koko|100\/100\n|-fieldstart|move: Electric Terrain|[from] ability: Electric Surge|[of] p2a: Tapu Koko\n|turn|1\n|\n|t:|1699767527\n|move|p2a: Tapu Koko|U-turn|p1a: Mamoswine\n|-damage|p1a: Mamoswine|84\/100\n|\n|t:|1699767531\n|switch|p2a: Moltres|Moltres|100\/100|[from] U-turn\n|move|p1a: Mamoswine|Icicle Crash|p2a: Moltres\n|-damage|p2a: Moltres|68\/100\n|\n|-heal|p1a: Mamoswine|90\/100|[from] item: Leftovers\n|upkeep\n|turn|2\n|\n|t:|1699767537\n|move|p2a: Moltres|Flamethrower|p1a: Mamoswine\n|-supereffective|p1a: Mamoswine\n|-damage|p1a: Mamoswine|42\/100\n|move|p1a: Mamoswine|Icicle Crash|p2a: Moltres\n|-damage|p2a: Moltres|33\/100\n|\n|-heal|p1a: Mamoswine|48\/100|[from] item: Leftovers\n|upkeep\n|turn|3\n|\n|t:|1699767565\n|move|p2a: Moltres|Flamethrower|p1a: Mamoswine\n|-supereffective|p1a: Mamoswine\n|-damage|p1a: Mamoswine|1\/100\n|move|p1a: Mamoswine|Icicle Crash|p2a: Moltres\n|-damage|p2a: Moltres|1\/100\n|\n|-heal|p1a: Mamoswine|7\/100|[from] item: Leftovers\n|upkeep\n|turn|4\n|\n|t:|1699767573\n|move|p1a: Mamoswine|Ice Shard|p2a: Moltres\n|-damage|p2a: Moltres|0 fnt\n|faint|p2a: Moltres\n|\n|-heal|p1a: Mamoswine|14\/100|[from] item: Leftovers\n|upkeep\n|\n|t:|1699767577\n|switch|p2a: Dragonite|Dragonite, M|100\/100\n|turn|5\n|\n|t:|1699767581\n|move|p2a: Dragonite|Extreme Speed|p1a: Mamoswine\n|-damage|p1a: Mamoswine|0 fnt\n|faint|p1a: Mamoswine\n|\n|-fieldend|move: Electric Terrain\n|upkeep\n|\n|t:|1699767585\n|switch|p1a: Gengar|Gengar, M|100\/100\n|turn|6\n|\n|t:|1699767587\n|switch|p2a: Ursaluna|Ursaluna, F|100\/100\n|move|p1a: Gengar|Nasty Plot|p1a: Gengar\n|-boost|p1a: Gengar|spa|2\n|\n|upkeep\n|turn|7\n|\n|t:|1699767591\n|move|p1a: Gengar|Focus Blast|p2a: Ursaluna\n|-immune|p2a: Ursaluna|[from] ability: Bulletproof\n|move|p2a: Ursaluna|Headlong Rush|p1a: Gengar\n|-supereffective|p1a: Gengar\n|-enditem|p1a: Gengar|Focus Sash\n|-damage|p1a: Gengar|1\/100\n|-unboost|p2a: Ursaluna|def|1\n|-unboost|p2a: Ursaluna|spd|1\n|\n|upkeep\n|turn|8\n|\n|t:|1699767599\n|move|p1a: Gengar|Sludge Wave|p2a: Ursaluna\n|-resisted|p2a: Ursaluna\n|-damage|p2a: Ursaluna|60\/100\n|-status|p2a: Ursaluna|psn\n|move|p2a: Ursaluna|Fire Punch|p1a: Gengar\n|-damage|p1a: Gengar|0 fnt\n|-start|p2a: Ursaluna|Disable|Fire Punch|[from] ability: Cursed Body|[of] p1a: Gengar\n|faint|p1a: Gengar\n|\n|-damage|p2a: Ursaluna|48\/100 psn|[from] psn\n|upkeep\n|\n|t:|1699767612\n|switch|p1a: Gallade|Gallade, M, shiny|100\/100\n|turn|9\n|\n|t:|1699767626\n|-terastallize|p2a: Ursaluna|Ghost\n|move|p1a: Gallade|Sacred Sword|p2a: Ursaluna\n|-immune|p2a: Ursaluna\n|move|p2a: Ursaluna|Headlong Rush|p1a: Gallade\n|-damage|p1a: Gallade|0 fnt\n|-unboost|p2a: Ursaluna|def|1\n|-unboost|p2a: Ursaluna|spd|1\n|faint|p1a: Gallade\n|\n|-damage|p2a: Ursaluna|35\/100 psn|[from] psn\n|upkeep\n|\n|t:|1699767633\n|switch|p1a: Decidueye|Decidueye, M|100\/100\n|turn|10\n|\n|t:|1699767637\n|move|p1a: Decidueye|Giga Drain|p2a: Ursaluna\n|-damage|p2a: Ursaluna|0 fnt\n|faint|p2a: Ursaluna\n|\n|upkeep\n|\n|t:|1699767644\n|switch|p2a: Dragonite|Dragonite, M|100\/100\n|turn|11\n|\n|t:|1699767664\n|move|p2a: Dragonite|Dual Wingbeat|p1a: Decidueye\n|-supereffective|p1a: Decidueye\n|-damage|p1a: Decidueye|13\/100\n|-supereffective|p1a: Decidueye\n|-damage|p1a: Decidueye|0 fnt\n|faint|p1a: Decidueye\n|-hitcount|p1: Decidueye|2\n|\n|upkeep\n|\n|t:|1699767668\n|switch|p1a: Omastar|Omastar, M|100\/100\n|turn|12\n|\n|t:|1699767675\n|switch|p2a: Tapu Koko|Tapu Koko|100\/100\n|-fieldstart|move: Electric Terrain|[from] ability: Electric Surge|[of] p2a: Tapu Koko\n|move|p1a: Omastar|Shell Smash|p1a: Omastar\n|-unboost|p1a: Omastar|def|1\n|-unboost|p1a: Omastar|spd|1\n|-boost|p1a: Omastar|atk|2\n|-boost|p1a: Omastar|spa|2\n|-boost|p1a: Omastar|spe|2\n|\n|upkeep\n|turn|13\n|\n|t:|1699767684\n|move|p1a: Omastar|Surf|p2a: Tapu Koko\n|-damage|p2a: Tapu Koko|0 fnt\n|faint|p2a: Tapu Koko\n|\n|upkeep\n|\n|t:|1699767688\n|switch|p2a: Garchomp|Garchomp, M|100\/100\n|turn|14\n|\n|t:|1699767692\n|move|p2a: Garchomp|Earthquake|p1a: Omastar\n|-supereffective|p1a: Omastar\n|-enditem|p1a: Omastar|Focus Sash\n|-damage|p1a: Omastar|1\/100\n|-ability|p1a: Omastar|Weak Armor|boost\n|-unboost|p1a: Omastar|def|1\n|-boost|p1a: Omastar|spe|2\n|move|p1a: Omastar|Ice Beam|p2a: Garchomp\n|-supereffective|p2a: Garchomp\n|-damage|p2a: Garchomp|0 fnt\n|faint|p2a: Garchomp\n|\n|upkeep\n|\n|t:|1699767698\n|switch|p2a: Dragonite|Dragonite, M|100\/100\n|turn|15\n|\n|t:|1699767701\n|move|p2a: Dragonite|Extreme Speed|p1a: Omastar\n|-resisted|p1a: Omastar\n|-damage|p1a: Omastar|0 fnt\n|faint|p1a: Omastar\n|\n|upkeep\n|\n|t:|1699767704\n|switch|p1a: Tauros|Tauros, M|100\/100\n|turn|16\n|\n|t:|1699767709\n|switch|p2a: Hoopa|Hoopa-Unbound|100\/100\n|move|p1a: Tauros|Work Up|p1a: Tauros\n|-boost|p1a: Tauros|atk|1\n|-boost|p1a: Tauros|spa|1\n|\n|-fieldend|move: Electric Terrain\n|upkeep\n|turn|17\n|\n|t:|1699767714\n|move|p1a: Tauros|Body Slam|p2a: Hoopa\n|-damage|p2a: Hoopa|0 fnt\n|faint|p2a: Hoopa\n|\n|upkeep\n|\n|t:|1699767718\n|switch|p2a: Dragonite|Dragonite, M|100\/100\n|turn|18\n|\n|t:|1699767721\n|-terastallize|p1a: Tauros|Ghost\n|move|p1a: Tauros|Work Up|p1a: Tauros\n|-boost|p1a: Tauros|atk|1\n|-boost|p1a: Tauros|spa|1\n|move|p2a: Dragonite|Superpower|p1a: Tauros\n|-immune|p1a: Tauros\n|\n|upkeep\n|turn|19\n|-message|wuyanxi forfeited.\n|\n|win|Omarnyte\n|raw|Omarnyte's rating: 1434 &rarr; <strong>1457<\/strong><br \/>(+23 for winning)\n|raw|wuyanxi's rating: 1494 &rarr; <strong>1471<\/strong><br \/>(-23 for losing)\n|l|\u2606wuyanxi\n|c|\u2606Omarnyte|:o\n|c| TrainerStorma|wow\n|l| TrainerStorma\n","uploadtime":1699768911,"views":5,"p1id":"omarnyte","p2id":"wuyanxi","formatid":"gen9nationaldex","rating":1457,"private":0,"password":""}