{"id":"gen9nationaldex-1994056573","p1":"moniika","p2":"UserJexx","format":"[Gen 9] National Dex","log":"|j|\u2606moniika\n|j|\u2606UserJexx\n|t:|1700400912\n|gametype|singles\n|player|p1|moniika|hexmaniac-gen6|\n|player|p2|UserJexx|lusamine-nihilego|\n|teamsize|p1|6\n|teamsize|p2|6\n|gen|9\n|tier|[Gen 9] National Dex\n|rule|HP Percentage Mod: HP is shown in percentages\n|rule|Endless Battle Clause: Forcing endless battles is banned\n|rule|OHKO Clause: OHKO moves are banned\n|rule|Evasion Clause: Evasion abilities, items, and moves are banned\n|rule|Evasion Abilities Clause: Evasion abilities are banned\n|rule|Evasion Items Clause: Evasion items are banned\n|rule|Evasion Moves Clause: Evasion moves are banned\n|rule|Species Clause: Limit one of each Pok\u00e9mon\n|rule|Sleep Clause Mod: Limit one foe put to sleep\n|clearpoke\n|poke|p1|Gardevoir, F|\n|poke|p1|Garchomp, F|\n|poke|p1|Bisharp, F|\n|poke|p1|Serperior, F|\n|poke|p1|Ribombee, F|\n|poke|p1|Ditto|\n|poke|p2|Goodra-Hisui, M|\n|poke|p2|Ceruledge, F|\n|poke|p2|Gliscor, F|\n|poke|p2|Hatterene, F|\n|poke|p2|Gastrodon-East, F|\n|poke|p2|Ditto|\n|teampreview\n|inactive|Battle timer is ON: inactive players will automatically lose when time's up. (requested by moniika)\n|c|\u2606moniika|honestly I win if I didn't miss hollow purple\n|\n|t:|1700400939\n|start\n|switch|p1a: Beezilla|Ribombee, F, shiny|100\/100\n|switch|p2a: \u2694\ufe0f|Ceruledge, F, shiny|100\/100\n|turn|1\n|c|\u2606UserJexx|Oh yeah?\n|l|\u2606moniika\n|inactive|moniika disconnected and has 300 seconds to reconnect!\n|player|p1|\n|j|\u2606moniika\n|inactive|moniika reconnected and has 285 seconds left.\n|player|p1|moniika|hexmaniac-gen6\n|c|\u2606UserJexx|I\u2019m gonna slice you\n|c|\u2606moniika|is that flash fire\n|inactive|moniika has 270 seconds left.\n|\n|t:|1700400994\n|move|p2a: \u2694\ufe0f|Bitter Blade|p1a: Beezilla\n|-supereffective|p1a: Beezilla\n|-enditem|p1a: Beezilla|Focus Sash\n|-damage|p1a: Beezilla|1\/100\n|move|p1a: Beezilla|Skill Swap|p2a: \u2694\ufe0f\n|-activate|p1a: Beezilla|move: Skill Swap|Flash Fire|Shield Dust|[of] p2a: \u2694\ufe0f\n|\n|upkeep\n|turn|2\n|c|\u2606UserJexx|No\n|inactive|moniika has 270 seconds left.\n|c|\u2606moniika|amazing\n|\n|t:|1700401013\n|switch|p2a: \ud83d\udc1a|Goodra-Hisui, M|100\/100\n|move|p1a: Beezilla|Sticky Web|p2a: \ud83d\udc1a\n|-sidestart|p2: UserJexx|move: Sticky Web\n|\n|upkeep\n|turn|3\n|inactive|moniika has 270 seconds left.\n|\n|t:|1700401019\n|move|p1a: Beezilla|Stun Spore|p2a: \ud83d\udc1a\n|-ability|p2a: \ud83d\udc1a|Sap Sipper|boost\n|-boost|p2a: \ud83d\udc1a|atk|1\n|move|p2a: \ud83d\udc1a|Heavy Slam|p1a: Beezilla\n|-supereffective|p1a: Beezilla\n|-damage|p1a: Beezilla|0 fnt\n|faint|p1a: Beezilla\n|\n|upkeep\n|inactive|moniika has 270 seconds left.\n|c|\u2606UserJexx|Mmmmm\n|c|\u2606moniika|for\n|\n|t:|1700401032\n|switch|p1a: Zankaoka|Bisharp, F, shiny|100\/100\n|turn|4\n|\n|t:|1700401036\n|-terastallize|p1a: Zankaoka|Flying\n|move|p1a: Zankaoka|Knock Off|p2a: \ud83d\udc1a\n|-damage|p2a: \ud83d\udc1a|50\/100\n|-enditem|p2a: \ud83d\udc1a|Assault Vest|[from] move: Knock Off|[of] p1a: Zankaoka\n|move|p2a: \ud83d\udc1a|Earthquake|p1a: Zankaoka\n|-immune|p1a: Zankaoka\n|\n|upkeep\n|turn|5\n|c|\u2606UserJexx|NO\n|c|\u2606UserJexx|NOO\n|c|\u2606moniika|nah I'd win\n|inactive|moniika has 270 seconds left.\n|\n|t:|1700401053\n|move|p1a: Zankaoka|Pursuit|p2a: \ud83d\udc1a\n|-crit|p2a: \ud83d\udc1a\n|-damage|p2a: \ud83d\udc1a|18\/100\n|move|p2a: \ud83d\udc1a|Ice Spinner|p1a: Zankaoka\n|-supereffective|p1a: Zankaoka\n|-damage|p1a: Zankaoka|37\/100\n|\n|upkeep\n|turn|6\n|\n|t:|1700401061\n|move|p1a: Zankaoka|Knock Off|p2a: \ud83d\udc1a\n|-damage|p2a: \ud83d\udc1a|0 fnt\n|faint|p2a: \ud83d\udc1a\n|\n|upkeep\n|\n|t:|1700401069\n|switch|p2a: \ud83e\uddec|Ditto|100\/100\n|-activate|p2a: \ud83e\uddec|move: Sticky Web\n|-unboost|p2a: \ud83e\uddec|spe|1\n|-transform|p2a: \ud83e\uddec|p1a: Zankaoka|[from] ability: Imposter\n|-start|p2a: \ud83e\uddec|typechange|Dark\/Steel|[silent]\n|turn|7\n|inactive|moniika has 270 seconds left.\n|c|\u2606moniika|u gonna sucker\n|c|\u2606moniika|or naw\n|\n|t:|1700401103\n|move|p2a: \ud83e\uddec|Pursuit|p1a: Zankaoka\n|-damage|p1a: Zankaoka|21\/100\n|move|p1a: Zankaoka|Knock Off|p2a: \ud83e\uddec\n|-resisted|p2a: \ud83e\uddec\n|-damage|p2a: \ud83e\uddec|70\/100\n|-enditem|p2a: \ud83e\uddec|Choice Scarf|[from] move: Knock Off|[of] p1a: Zankaoka\n|\n|upkeep\n|turn|8\n|c|\u2606moniika|lol\n|c|\u2606UserJexx|I\n|c|\u2606UserJexx|im a fool\n|c|\u2606UserJexx|NAH ID LOSE\n|c|\u2606UserJexx|HELP\n|\n|t:|1700401124\n|move|p2a: \ud83e\uddec|Sucker Punch|p1a: Zankaoka\n|-damage|p1a: Zankaoka|0 fnt\n|faint|p1a: Zankaoka\n|\n|upkeep\n|c|\u2606moniika|I'd win\n|\n|t:|1700401134\n|switch|p1a: Frank|Serperior, F, shiny|100\/100\n|turn|9\n|\n|t:|1700401140\n|move|p1a: Frank|Substitute|p1a: Frank\n|-start|p1a: Frank|Substitute\n|-damage|p1a: Frank|76\/100\n|move|p2a: \ud83e\uddec|Knock Off|p1a: Frank\n|-end|p1a: Frank|Substitute\n|\n|-heal|p1a: Frank|82\/100|[from] item: Leftovers\n|upkeep\n|turn|10\n|\n|t:|1700401144\n|move|p1a: Frank|Glare|p2a: \ud83e\uddec\n|-status|p2a: \ud83e\uddec|par\n|cant|p2a: \ud83e\uddec|par\n|\n|-heal|p1a: Frank|88\/100|[from] item: Leftovers\n|upkeep\n|turn|11\n|c|\u2606UserJexx|WHAT\n|\n|t:|1700401154\n|move|p1a: Frank|Substitute|p1a: Frank\n|-start|p1a: Frank|Substitute\n|-damage|p1a: Frank|63\/100\n|cant|p2a: \ud83e\uddec|par\n|\n|-heal|p1a: Frank|69\/100|[from] item: Leftovers\n|upkeep\n|turn|12\n|c|\u2606UserJexx|WHAT\n|c|\u2606moniika|0.2 domain expansion\n|c|\u2606moniika|infinite rizz\n|\n|t:|1700401170\n|move|p1a: Frank|Leaf Storm|p2a: \ud83e\uddec\n|-resisted|p2a: \ud83e\uddec\n|-damage|p2a: \ud83e\uddec|40\/100 par\n|-boost|p1a: Frank|spa|2\n|move|p2a: \ud83e\uddec|Knock Off|p1a: Frank\n|-end|p1a: Frank|Substitute\n|\n|-heal|p1a: Frank|75\/100|[from] item: Leftovers\n|upkeep\n|turn|13\n|\n|t:|1700401177\n|move|p1a: Frank|Substitute|p1a: Frank\n|-start|p1a: Frank|Substitute\n|-damage|p1a: Frank|50\/100\n|move|p2a: \ud83e\uddec|Knock Off|p1a: Frank\n|-end|p1a: Frank|Substitute\n|\n|-heal|p1a: Frank|57\/100|[from] item: Leftovers\n|upkeep\n|turn|14\n|c|\u2606UserJexx|DONT FLIND\n|\n|t:|1700401189\n|move|p1a: Frank|Substitute|p1a: Frank\n|-start|p1a: Frank|Substitute\n|-damage|p1a: Frank|32\/100\n|move|p2a: \ud83e\uddec|Knock Off|p1a: Frank\n|-end|p1a: Frank|Substitute\n|\n|-heal|p1a: Frank|38\/100|[from] item: Leftovers\n|upkeep\n|turn|15\n|c|\u2606moniika|click sucker\n|c|\u2606UserJexx|DONT FLINCH\n|\n|t:|1700401198\n|move|p1a: Frank|Substitute|p1a: Frank\n|-start|p1a: Frank|Substitute\n|-damage|p1a: Frank|13\/100\n|cant|p2a: \ud83e\uddec|par\n|\n|-heal|p1a: Frank|19\/100|[from] item: Leftovers\n|upkeep\n|turn|16\n|c|\u2606UserJexx|NO\n|c|\u2606moniika|I win\n|\n|t:|1700401207\n|move|p2a: \ud83e\uddec|Sucker Punch|p1a: Frank\n|-end|p1a: Frank|Substitute\n|move|p1a: Frank|Leaf Storm|p2a: \ud83e\uddec\n|-resisted|p2a: \ud83e\uddec\n|-damage|p2a: \ud83e\uddec|0 fnt\n|-boost|p1a: Frank|spa|2\n|faint|p2a: \ud83e\uddec\n|\n|-heal|p1a: Frank|25\/100|[from] item: Leftovers\n|upkeep\n|\n|t:|1700401214\n|switch|p2a: \u2694\ufe0f|Ceruledge, F, shiny|100\/100\n|-activate|p2a: \u2694\ufe0f|move: Sticky Web\n|-unboost|p2a: \u2694\ufe0f|spe|1\n|turn|17\n|c|\u2606moniika|nice scarf\n|\n|t:|1700401227\n|move|p1a: Frank|Leaf Storm|p2a: \u2694\ufe0f\n|-resisted|p2a: \u2694\ufe0f\n|-damage|p2a: \u2694\ufe0f|35\/100\n|-boost|p1a: Frank|spa|2\n|move|p2a: \u2694\ufe0f|Bitter Blade|p1a: Frank\n|-supereffective|p1a: Frank\n|-damage|p1a: Frank|0 fnt\n|-heal|p2a: \u2694\ufe0f|49\/100|[from] drain|[of] p1a: Frank\n|faint|p1a: Frank\n|\n|upkeep\n|c|\u2606UserJexx|LIVE\n|\n|t:|1700401235\n|switch|p1a: IXIA|Gardevoir, F, shiny|100\/100\n|-ability|p1a: IXIA|Flash Fire|[from] ability: Trace|[of] p2a: \u2694\ufe0f\n|turn|18\n|c|\u2606moniika|lol\n|c|\u2606UserJexx|NO\n|\n|t:|1700401251\n|switch|p2a: \ud83d\udeac\ud83d\udc80|Gastrodon-East, F|100\/100\n|-activate|p2a: \ud83d\udeac\ud83d\udc80|move: Sticky Web\n|-unboost|p2a: \ud83d\udeac\ud83d\udc80|spe|1\n|move|p1a: IXIA|Psyshock|p2a: \ud83d\udeac\ud83d\udc80\n|-damage|p2a: \ud83d\udeac\ud83d\udc80|61\/100\n|\n|-heal|p2a: \ud83d\udeac\ud83d\udc80|67\/100|[from] item: Leftovers\n|upkeep\n|turn|19\n|\n|t:|1700401261\n|switch|p1a: dingus|Ditto, shiny|100\/100\n|-transform|p1a: dingus|p2a: \ud83d\udeac\ud83d\udc80|[from] ability: Imposter\n|move|p2a: \ud83d\udeac\ud83d\udc80|Earth Power|p1a: dingus\n|-damage|p1a: dingus|45\/100\n|\n|-heal|p2a: \ud83d\udeac\ud83d\udc80|73\/100|[from] item: Leftovers\n|upkeep\n|turn|20\n|c|\u2606UserJexx|NAH IF WIN\n|c|\u2606moniika|mr that hurt\n|\n|t:|1700401278\n|move|p1a: dingus|Recover|p1a: dingus\n|-heal|p1a: dingus|95\/100\n|move|p2a: \ud83d\udeac\ud83d\udc80|Earth Power|p1a: dingus\n|-damage|p1a: dingus|43\/100\n|\n|-heal|p2a: \ud83d\udeac\ud83d\udc80|79\/100|[from] item: Leftovers\n|upkeep\n|turn|21\n|c|\u2606UserJexx|DAMN RIGHT\n|\n|t:|1700401284\n|move|p1a: dingus|Recover|p1a: dingus\n|-heal|p1a: dingus|93\/100\n|move|p2a: \ud83d\udeac\ud83d\udc80|Earth Power|p1a: dingus\n|-damage|p1a: dingus|38\/100\n|\n|-heal|p2a: \ud83d\udeac\ud83d\udc80|85\/100|[from] item: Leftovers\n|upkeep\n|turn|22\n|c|\u2606moniika|stallin\n|\n|t:|1700401293\n|move|p1a: dingus|Recover|p1a: dingus\n|-heal|p1a: dingus|88\/100\n|move|p2a: \ud83d\udeac\ud83d\udc80|Earth Power|p1a: dingus\n|-crit|p1a: dingus\n|-damage|p1a: dingus|2\/100\n|\n|-heal|p2a: \ud83d\udeac\ud83d\udc80|91\/100|[from] item: Leftovers\n|upkeep\n|turn|23\n|c|\u2606UserJexx|BRING ME THAT SHARK\n|c|\u2606moniika|in a bit\n|c|\u2606UserJexx|I DARE YOU\n|c|\u2606moniika|nah\n|\n|t:|1700401321\n|move|p1a: dingus|Recover|p1a: dingus\n|-heal|p1a: dingus|52\/100\n|move|p2a: \ud83d\udeac\ud83d\udc80|Earth Power|p1a: dingus\n|-crit|p1a: dingus\n|-damage|p1a: dingus|0 fnt\n|faint|p1a: dingus\n|\n|-heal|p2a: \ud83d\udeac\ud83d\udc80|97\/100|[from] item: Leftovers\n|upkeep\n|c|\u2606moniika|nice hacks\n|inactive|moniika has 270 seconds left.\n|c|\u2606UserJexx|ID WIN\n|c|\u2606moniika|u wanna clear dkog\n|\n|t:|1700401344\n|switch|p1a: Hurtcore|Garchomp, F, shiny|100\/100\n|turn|24\n|\n|t:|1700401348\n|move|p1a: Hurtcore|Swords Dance|p1a: Hurtcore\n|-boost|p1a: Hurtcore|atk|2\n|move|p2a: \ud83d\udeac\ud83d\udc80|Clear Smog|p1a: Hurtcore\n|-resisted|p1a: Hurtcore\n|-damage|p1a: Hurtcore|92\/100\n|-clearboost|p1a: Hurtcore\n|\n|-heal|p2a: \ud83d\udeac\ud83d\udc80|100\/100|[from] item: Leftovers\n|upkeep\n|turn|25\n|c|\u2606UserJexx|Yes pwease\n|\n|t:|1700401357\n|move|p1a: Hurtcore|Swords Dance|p1a: Hurtcore\n|-boost|p1a: Hurtcore|atk|2\n|move|p2a: \ud83d\udeac\ud83d\udc80|Clear Smog|p1a: Hurtcore\n|-resisted|p1a: Hurtcore\n|-damage|p1a: Hurtcore|84\/100\n|-clearboost|p1a: Hurtcore\n|\n|upkeep\n|turn|26\n|\n|t:|1700401368\n|move|p1a: Hurtcore|Scale Shot|p2a: \ud83d\udeac\ud83d\udc80\n|-damage|p2a: \ud83d\udeac\ud83d\udc80|85\/100\n|-damage|p2a: \ud83d\udeac\ud83d\udc80|72\/100\n|-damage|p2a: \ud83d\udeac\ud83d\udc80|58\/100\n|-damage|p2a: \ud83d\udeac\ud83d\udc80|43\/100\n|-damage|p2a: \ud83d\udeac\ud83d\udc80|28\/100\n|-hitcount|p2a: \ud83d\udeac\ud83d\udc80|5\n|-unboost|p1a: Hurtcore|def|1\n|-boost|p1a: Hurtcore|spe|1\n|move|p2a: \ud83d\udeac\ud83d\udc80|Clear Smog|p1a: Hurtcore\n|-resisted|p1a: Hurtcore\n|-damage|p1a: Hurtcore|75\/100\n|-clearboost|p1a: Hurtcore\n|\n|-heal|p2a: \ud83d\udeac\ud83d\udc80|35\/100|[from] item: Leftovers\n|upkeep\n|turn|27\n|\n|t:|1700401380\n|move|p1a: Hurtcore|Swords Dance|p1a: Hurtcore\n|-boost|p1a: Hurtcore|atk|2\n|move|p2a: \ud83d\udeac\ud83d\udc80|Clear Smog|p1a: Hurtcore\n|-resisted|p1a: Hurtcore\n|-damage|p1a: Hurtcore|67\/100\n|-clearboost|p1a: Hurtcore\n|\n|-heal|p2a: \ud83d\udeac\ud83d\udc80|41\/100|[from] item: Leftovers\n|upkeep\n|turn|28\n|c|\u2606UserJexx|Nope\n|c|\u2606UserJexx|Call me choiced\n|\n|t:|1700401391\n|move|p1a: Hurtcore|Earthquake|p2a: \ud83d\udeac\ud83d\udc80\n|-damage|p2a: \ud83d\udeac\ud83d\udc80|0 fnt\n|faint|p2a: \ud83d\udeac\ud83d\udc80\n|\n|upkeep\n|c|\u2606moniika|ok bro\n|\n|t:|1700401394\n|switch|p2a: \ud83c\udf38|Hatterene, F, shiny|100\/100\n|-activate|p2a: \ud83c\udf38|move: Sticky Web\n|-unboost|p2a: \ud83c\udf38|spe|1\n|turn|29\n|c|\u2606UserJexx|Mwa\n|inactive|moniika has 270 seconds left.\n|c|\u2606moniika|hmm\n|c|\u2606moniika|nah I'd win\n|\n|t:|1700401425\n|switch|p1a: IXIA|Gardevoir, F, shiny|100\/100\n|-ability|p1a: IXIA|Magic Bounce|[from] ability: Trace|[of] p2a: \ud83c\udf38\n|move|p2a: \ud83c\udf38|Draining Kiss|p1a: IXIA\n|-damage|p1a: IXIA|69\/100\n|\n|upkeep\n|turn|30\n|inactive|moniika has 270 seconds left.\n|\n|t:|1700401438\n|switch|p2a: \u2694\ufe0f|Ceruledge, F, shiny|49\/100\n|-activate|p2a: \u2694\ufe0f|move: Sticky Web\n|-unboost|p2a: \u2694\ufe0f|spe|1\n|detailschange|p1a: IXIA|Gardevoir-Mega, F, shiny\n|-mega|p1a: IXIA|Gardevoir|Gardevoirite\n|move|p1a: IXIA|Hyper Voice|p2a: \u2694\ufe0f\n|-resisted|p2a: \u2694\ufe0f\n|-damage|p2a: \u2694\ufe0f|13\/100\n|\n|upkeep\n|turn|31\n|c|\u2606moniika|bad idea\n|inactive|moniika has 270 seconds left.\n|\n|t:|1700401449\n|switch|p1a: Hurtcore|Garchomp, F, shiny|67\/100\n|move|p2a: \u2694\ufe0f|Poltergeist|p1a: Hurtcore\n|-activate|p1a: Hurtcore|move: Poltergeist|Loaded Dice\n|-damage|p1a: Hurtcore|10\/100\n|\n|upkeep\n|turn|32\n|inactive|moniika has 270 seconds left.\n|c|\u2606UserJexx|HEHE\n|\n|t:|1700401462\n|move|p1a: Hurtcore|Earthquake|p2a: \u2694\ufe0f\n|-supereffective|p2a: \u2694\ufe0f\n|-damage|p2a: \u2694\ufe0f|0 fnt\n|faint|p2a: \u2694\ufe0f\n|\n|upkeep\n|\n|t:|1700401464\n|switch|p2a: \ud83e\udd87|Gliscor, F, shiny|100\/100\n|turn|33\n|c|\u2606moniika|nah I'd win\n|\n|t:|1700401473\n|move|p1a: Hurtcore|Fire Fang|p2a: \ud83e\udd87\n|-damage|p2a: \ud83e\udd87|85\/100\n|-status|p2a: \ud83e\udd87|brn\n|move|p2a: \ud83e\udd87|Earthquake|p1a: Hurtcore\n|-damage|p1a: Hurtcore|0 fnt\n|faint|p1a: Hurtcore\n|\n|-damage|p2a: \ud83e\udd87|79\/100 brn|[from] brn\n|upkeep\n|c|\u2606moniika|LOL\n|c|\u2606UserJexx|WHA\n|\n|t:|1700401484\n|switch|p1a: IXIA|Gardevoir-Mega, F, shiny|69\/100\n|turn|34\n|\n|t:|1700401493\n|move|p1a: IXIA|Taunt|p2a: \ud83e\udd87\n|-start|p2a: \ud83e\udd87|move: Taunt\n|move|p2a: \ud83e\udd87|Earthquake|p1a: IXIA\n|-damage|p1a: IXIA|42\/100\n|\n|-damage|p2a: \ud83e\udd87|73\/100 brn|[from] brn\n|upkeep\n|turn|35\n|c|\u2606UserJexx|DIEE\n|c|\u2606moniika|ow\n|\n|t:|1700401504\n|move|p1a: IXIA|Hyper Voice|p2a: \ud83e\udd87\n|-damage|p2a: \ud83e\udd87|0 fnt\n|faint|p2a: \ud83e\udd87\n|\n|upkeep\n|\n|t:|1700401507\n|switch|p2a: \ud83c\udf38|Hatterene, F, shiny|100\/100\n|-activate|p2a: \ud83c\udf38|move: Sticky Web\n|-unboost|p2a: \ud83c\udf38|spe|1\n|turn|36\n|c|\u2606moniika|insane damage\n|c|\u2606UserJexx|Erm\n|c|\u2606moniika|nah I'd win\n|inactive|UserJexx has 270 seconds left.\n|c|\u2606moniika|click myself fire\n|c|\u2606UserJexx|UHHHHHH\n|c|\u2606moniika|good idea actually\n|c|\u2606moniika|then spam calm mind\n|inactive|UserJexx has 240 seconds left.\n|c|\u2606UserJexx|UHHH\n|c|\u2606moniika|I'll blast through with psyshock\n|c|\u2606moniika|wait did u Tera yet\n|inactive|UserJexx has 210 seconds left.\n|c|\u2606UserJexx|No\n|c|\u2606UserJexx|ermmm\n|c|\u2606moniika|what it got lol\n|c|\u2606moniika|!showset 1\n|c| moniika|\/raw <div class=\"infobox\">IXIA (Gardevoir) (F) @ Gardevoirite  <br \/>Ability: Trace  <br \/>Shiny: Yes  <br \/>Tera Type: Psychic  <br \/>EVs: 116 HP &#x2f; 136 SpA &#x2f; 4 SpD &#x2f; 252 Spe  <br \/>Timid Nature  <br \/>IVs: 0 Atk  <br \/>- Psyshock  <br \/>- Hyper Voice  <br \/>- Focus Blast  <br \/>- Taunt  <br \/><br \/><\/div>\n|inactive|UserJexx has 180 seconds left.\n|c|\u2606moniika|I got Chinese evd\n|c|\u2606moniika|you can't Ohko it\n|c|\u2606UserJexx|EHH\n|inactive|UserJexx has 150 seconds left.\n|c|\u2606moniika|nah I'd win\n|inactive|UserJexx has 120 seconds left.\n|c|\u2606moniika|nah I'd win\n|c|\u2606moniika|just click something already\n|inactive|UserJexx has 90 seconds left.\n|c|\u2606UserJexx|Eemmm\n|inactive|UserJexx has 60 seconds left.\n|c|\u2606UserJexx|Ok\n|c|\u2606UserJexx|ok\n|c|\u2606moniika|Tera fire mysfire cm bro\n|c|\u2606UserJexx|I\u2019m gonna win\n|\n|t:|1700401756\n|move|p1a: IXIA|Hyper Voice|p2a: \ud83c\udf38\n|-crit|p2a: \ud83c\udf38\n|-damage|p2a: \ud83c\udf38|4\/100\n|move|p2a: \ud83c\udf38|Draining Kiss|p1a: IXIA\n|-damage|p1a: IXIA|14\/100\n|-heal|p2a: \ud83c\udf38|30\/100|[from] drain|[of] p1a: IXIA\n|\n|upkeep\n|turn|37\n|c|\u2606moniika|nah I'd win\n|c|\u2606UserJexx|NO\n|c|\u2606UserJexx|NO\n|inactive|UserJexx has 60 seconds left.\n|c|\u2606UserJexx|NO\n|c|\u2606moniika|LOL\n|c|\u2606UserJexx|WHAT\n|c|\u2606moniika|96\n|c|\u2606UserJexx|I WAS GONNA WIN\n|c|\u2606moniika|THE GOAT\n|c|\u2606UserJexx|NO\n|c|\u2606UserJexx|THE CRIT\n|inactive|UserJexx has 30 seconds left.\n|c|\u2606UserJexx|THE CRIT MATTERED\n|c|\u2606UserJexx|NO\n|inactive|UserJexx has 20 seconds left.\n|c|\u2606UserJexx|NOT FAIT\n|inactive|UserJexx has 15 seconds left.\n|c|\u2606UserJexx|I DONT WANNA PLAY\n|inactive|UserJexx has 10 seconds left.\n|c|\u2606UserJexx|NO\n|inactive|UserJexx has 5 seconds left.\n|\n|t:|1700401817\n|-terastallize|p2a: \ud83c\udf38|Normal\n|move|p1a: IXIA|Hyper Voice|p2a: \ud83c\udf38\n|-damage|p2a: \ud83c\udf38|0 fnt\n|faint|p2a: \ud83c\udf38\n|\n|win|moniika\n|inactive|UserJexx has 10 seconds left this turn.\n|c|\u2606moniika|THROUGHOUT HEAVEN AND EARTH I ALONR AM THE HONORED ONE\n|c|\u2606UserJexx|I WAS GONNA WIN\n|c|\u2606moniika|I win\n|c|\u2606UserJexx|I WOULD WON\n|c|\u2606UserJexx|NO\n","uploadtime":1700401842,"views":9,"p1id":"moniika","p2id":"userjexx","formatid":"gen9nationaldex","rating":0,"private":0,"password":""}