{"id":"gen9nationaldex-1986987849","p1":"MatMerguez","p2":"EvelynIsBased","format":"[Gen 9] National Dex","log":"|j|\u2606MatMerguez\n|j|\u2606EvelynIsBased\n|t:|1699546922\n|gametype|singles\n|player|p1|MatMerguez|marshal|1248\n|player|p2|EvelynIsBased|guitarist|1290\n|teamsize|p1|6\n|teamsize|p2|6\n|gen|9\n|tier|[Gen 9] National Dex\n|rated|\n|rule|HP Percentage Mod: HP is shown in percentages\n|rule|Endless Battle Clause: Forcing endless battles is banned\n|rule|OHKO Clause: OHKO moves are banned\n|rule|Evasion Clause: Evasion abilities, items, and moves are banned\n|rule|Evasion Abilities Clause: Evasion abilities are banned\n|rule|Evasion Items Clause: Evasion items are banned\n|rule|Evasion Moves Clause: Evasion moves are banned\n|rule|Species Clause: Limit one of each Pok\u00e9mon\n|rule|Sleep Clause Mod: Limit one foe put to sleep\n|clearpoke\n|poke|p1|Kartana|\n|poke|p1|Moltres|\n|poke|p1|Kleavor, M|\n|poke|p1|Cursola, M|\n|poke|p1|Sharpedo, F|\n|poke|p1|Weavile, F|\n|poke|p2|Hippowdon, F|\n|poke|p2|Bisharp, F|\n|poke|p2|Aegislash, M|\n|poke|p2|Great Tusk|\n|poke|p2|Greninja-*, M|\n|poke|p2|Toxapex, M|\n|teampreview\n|inactive|Battle timer is ON: inactive players will automatically lose when time's up. (requested by MatMerguez)\n|\n|t:|1699546936\n|start\n|switch|p1a: Kleavor|Kleavor, M|100\/100\n|switch|p2a: Toxapex|Toxapex, M|100\/100\n|turn|1\n|\n|t:|1699546943\n|move|p2a: Toxapex|Baneful Bunker|p2a: Toxapex\n|-singleturn|p2a: Toxapex|move: Protect\n|move|p1a: Kleavor|Knock Off|p2a: Toxapex\n|-activate|p2a: Toxapex|move: Protect\n|-status|p1a: Kleavor|psn\n|\n|-damage|p1a: Kleavor|88\/100 psn|[from] psn\n|upkeep\n|turn|2\n|\n|t:|1699546950\n|move|p1a: Kleavor|Knock Off|p2a: Toxapex\n|-damage|p2a: Toxapex|70\/100\n|-enditem|p2a: Toxapex|Black Sludge|[from] move: Knock Off|[of] p1a: Kleavor\n|move|p2a: Toxapex|Toxic Spikes|p1a: Kleavor\n|-sidestart|p1: MatMerguez|move: Toxic Spikes\n|\n|-damage|p1a: Kleavor|76\/100 psn|[from] psn\n|upkeep\n|turn|3\n|\n|t:|1699546956\n|move|p1a: Kleavor|Stone Axe|p2a: Toxapex|[miss]\n|-miss|p1a: Kleavor|p2a: Toxapex\n|move|p2a: Toxapex|Toxic Spikes|p1a: Kleavor\n|-sidestart|p1: MatMerguez|move: Toxic Spikes\n|\n|-damage|p1a: Kleavor|63\/100 psn|[from] psn\n|upkeep\n|turn|4\n|\n|t:|1699546962\n|move|p2a: Toxapex|Baneful Bunker|p2a: Toxapex\n|-singleturn|p2a: Toxapex|move: Protect\n|move|p1a: Kleavor|Stone Axe|p2a: Toxapex\n|-activate|p2a: Toxapex|move: Protect\n|\n|-damage|p1a: Kleavor|51\/100 psn|[from] psn\n|upkeep\n|turn|5\n|\n|t:|1699546968\n|switch|p2a: Hippowdon|Hippowdon, F|100\/100\n|move|p1a: Kleavor|Stone Axe|p2a: Hippowdon\n|-resisted|p2a: Hippowdon\n|-damage|p2a: Hippowdon|84\/100\n|-damage|p1a: Kleavor|34\/100 psn|[from] item: Rocky Helmet|[of] p2a: Hippowdon\n|-sidestart|p2: EvelynIsBased|move: Stealth Rock\n|\n|-damage|p1a: Kleavor|22\/100 psn|[from] psn\n|upkeep\n|turn|6\n|\n|t:|1699546973\n|move|p1a: Kleavor|Knock Off|p2a: Hippowdon\n|-damage|p2a: Hippowdon|63\/100\n|-damage|p1a: Kleavor|5\/100 psn|[from] item: Rocky Helmet|[of] p2a: Hippowdon\n|-enditem|p2a: Hippowdon|Rocky Helmet|[from] move: Knock Off|[of] p1a: Kleavor\n|move|p2a: Hippowdon|Stealth Rock|p1a: Kleavor\n|-sidestart|p1: MatMerguez|move: Stealth Rock\n|\n|-damage|p1a: Kleavor|0 fnt|[from] psn\n|faint|p1a: Kleavor\n|upkeep\n|\n|t:|1699546980\n|switch|p1a: Sharpedo|Sharpedo, F|100\/100\n|-status|p1a: Sharpedo|tox\n|-damage|p1a: Sharpedo|88\/100 tox|[from] Stealth Rock\n|turn|7\n|\n|t:|1699546985\n|move|p1a: Sharpedo|Crunch|p2a: Hippowdon\n|-damage|p2a: Hippowdon|37\/100\n|move|p2a: Hippowdon|Roar|p1a: Sharpedo\n|drag|p1a: Cursola|Cursola, M|100\/100\n|-status|p1a: Cursola|tox\n|-damage|p1a: Cursola|88\/100 tox|[from] Stealth Rock\n|\n|-damage|p1a: Cursola|82\/100 tox|[from] psn\n|upkeep\n|turn|8\n|\n|t:|1699546995\n|move|p1a: Cursola|Giga Drain|p2a: Hippowdon\n|-supereffective|p2a: Hippowdon\n|-damage|p2a: Hippowdon|0 fnt\n|-heal|p1a: Cursola|100\/100 tox|[from] drain|[of] p2a: Hippowdon\n|faint|p2a: Hippowdon\n|\n|-damage|p1a: Cursola|88\/100 tox|[from] psn\n|upkeep\n|\n|t:|1699547004\n|switch|p2a: Great Tusk|Great Tusk|100\/100\n|-damage|p2a: Great Tusk|98\/100|[from] Stealth Rock\n|turn|9\n|\n|t:|1699547015\n|-terastallize|p2a: Great Tusk|Ghost\n|move|p2a: Great Tusk|Knock Off|p1a: Cursola\n|-supereffective|p1a: Cursola\n|-damage|p1a: Cursola|0 fnt\n|-ability|p1a: Cursola|Perish Body\n|-enditem|p1a: Cursola|Custap Berry|[from] move: Knock Off|[of] p2a: Great Tusk\n|faint|p1a: Cursola\n|\n|-heal|p2a: Great Tusk|100\/100|[from] item: Leftovers\n|-start|p2a: Great Tusk|perish3\n|upkeep\n|inactive|MatMerguez has 120 seconds left.\n|\n|t:|1699547050\n|switch|p1a: Weavile|Weavile, F|100\/100\n|-status|p1a: Weavile|tox\n|-damage|p1a: Weavile|76\/100 tox|[from] Stealth Rock\n|turn|10\n|\n|t:|1699547054\n|move|p1a: Weavile|Swords Dance|p1a: Weavile\n|-boost|p1a: Weavile|atk|2\n|move|p2a: Great Tusk|Roar|p1a: Weavile\n|drag|p1a: Kartana|Kartana|100\/100\n|-damage|p1a: Kartana|94\/100|[from] Stealth Rock\n|\n|-start|p2a: Great Tusk|perish2\n|upkeep\n|turn|11\n|\n|t:|1699547062\n|move|p1a: Kartana|Knock Off|p2a: Great Tusk\n|-supereffective|p2a: Great Tusk\n|-damage|p2a: Great Tusk|63\/100\n|-enditem|p2a: Great Tusk|Leftovers|[from] move: Knock Off|[of] p1a: Kartana\n|move|p2a: Great Tusk|Body Press|p1a: Kartana\n|-supereffective|p1a: Kartana\n|-damage|p1a: Kartana|2\/100\n|\n|-start|p2a: Great Tusk|perish1\n|upkeep\n|turn|12\n|\n|t:|1699547077\n|-end|p2a: Great Tusk|Protosynthesis|[silent]\n|switch|p2a: Aegislash|Aegislash, M|100\/100\n|-damage|p2a: Aegislash|94\/100|[from] Stealth Rock\n|-item|p2a: Aegislash|Air Balloon\n|move|p1a: Kartana|Knock Off|p2a: Aegislash\n|-supereffective|p2a: Aegislash\n|-damage|p2a: Aegislash|12\/100\n|-enditem|p2a: Aegislash|Air Balloon\n|\n|upkeep\n|turn|13\n|\n|t:|1699547085\n|-formechange|p2a: Aegislash|Aegislash-Blade||[from] ability: Stance Change\n|move|p2a: Aegislash|Shadow Sneak|p1a: Kartana\n|-damage|p1a: Kartana|0 fnt\n|faint|p1a: Kartana\n|\n|upkeep\n|\n|t:|1699547088\n|switch|p1a: Sharpedo|Sharpedo, F|88\/100 tox\n|-damage|p1a: Sharpedo|76\/100 tox|[from] Stealth Rock\n|turn|14\n|\n|t:|1699547092\n|-formechange|p2a: Aegislash|Aegislash||[from] ability: Stance Change\n|move|p2a: Aegislash|King's Shield|p2a: Aegislash\n|-singleturn|p2a: Aegislash|Protect\n|move|p1a: Sharpedo|Crunch|p2a: Aegislash\n|-activate|p2a: Aegislash|move: Protect\n|-unboost|p1a: Sharpedo|atk|1\n|\n|-damage|p1a: Sharpedo|70\/100 tox|[from] psn\n|-ability|p1a: Sharpedo|Speed Boost|boost\n|-boost|p1a: Sharpedo|spe|1\n|upkeep\n|turn|15\n|\n|t:|1699547101\n|move|p1a: Sharpedo|Crunch|p2a: Aegislash\n|-supereffective|p2a: Aegislash\n|-damage|p2a: Aegislash|0 fnt\n|faint|p2a: Aegislash\n|\n|-damage|p1a: Sharpedo|58\/100 tox|[from] psn\n|-ability|p1a: Sharpedo|Speed Boost|boost\n|-boost|p1a: Sharpedo|spe|1\n|upkeep\n|\n|t:|1699547104\n|switch|p2a: Bisharp|Bisharp, F|100\/100\n|-damage|p2a: Bisharp|95\/100|[from] Stealth Rock\n|turn|16\n|\n|t:|1699547108\n|detailschange|p1a: Sharpedo|Sharpedo-Mega, F\n|-mega|p1a: Sharpedo|Sharpedo|Sharpedonite\n|move|p1a: Sharpedo|Close Combat|p2a: Bisharp\n|-supereffective|p2a: Bisharp\n|-damage|p2a: Bisharp|0 fnt\n|-unboost|p1a: Sharpedo|def|1\n|-unboost|p1a: Sharpedo|spd|1\n|faint|p2a: Bisharp\n|\n|-damage|p1a: Sharpedo|40\/100 tox|[from] psn\n|upkeep\n|\n|t:|1699547117\n|switch|p2a: Toxapex|Toxapex, M|100\/100\n|-damage|p2a: Toxapex|88\/100|[from] Stealth Rock\n|turn|17\n|\n|t:|1699547121\n|move|p2a: Toxapex|Baneful Bunker|p2a: Toxapex\n|-singleturn|p2a: Toxapex|move: Protect\n|move|p1a: Sharpedo|Psychic Fangs|p2a: Toxapex\n|-activate|p2a: Toxapex|move: Protect\n|\n|-damage|p1a: Sharpedo|15\/100 tox|[from] psn\n|upkeep\n|turn|18\n|\n|t:|1699547132\n|move|p1a: Sharpedo|Close Combat|p2a: Toxapex\n|-resisted|p2a: Toxapex\n|-damage|p2a: Toxapex|74\/100\n|-unboost|p1a: Sharpedo|def|1\n|-unboost|p1a: Sharpedo|spd|1\n|move|p2a: Toxapex|Recover|p2a: Toxapex\n|-heal|p2a: Toxapex|100\/100\n|\n|-damage|p1a: Sharpedo|0 fnt|[from] psn\n|faint|p1a: Sharpedo\n|upkeep\n|\n|t:|1699547137\n|switch|p1a: Moltres|Moltres|100\/100\n|turn|19\n|\n|t:|1699547141\n|move|p1a: Moltres|Will-O-Wisp|p2a: Toxapex\n|-status|p2a: Toxapex|brn\n|move|p2a: Toxapex|Toxic|p1a: Moltres\n|-status|p1a: Moltres|tox\n|\n|-damage|p1a: Moltres|94\/100 tox|[from] psn\n|-damage|p2a: Toxapex|94\/100 brn|[from] brn\n|upkeep\n|turn|20\n|\n|t:|1699547156\n|move|p2a: Toxapex|Baneful Bunker|p2a: Toxapex\n|-singleturn|p2a: Toxapex|move: Protect\n|move|p1a: Moltres|Scorching Sands|p2a: Toxapex\n|-activate|p2a: Toxapex|move: Protect\n|\n|-damage|p1a: Moltres|82\/100 tox|[from] psn\n|-damage|p2a: Toxapex|88\/100 brn|[from] brn\n|upkeep\n|turn|21\n|\n|t:|1699547167\n|move|p1a: Moltres|Air Slash|p2a: Toxapex\n|-damage|p2a: Toxapex|63\/100 brn\n|move|p2a: Toxapex|Recover|p2a: Toxapex\n|-heal|p2a: Toxapex|100\/100 brn\n|\n|-damage|p1a: Moltres|63\/100 tox|[from] psn\n|-damage|p2a: Toxapex|94\/100 brn|[from] brn\n|upkeep\n|turn|22\n|\n|t:|1699547172\n|switch|p1a: Weavile|Weavile, F|76\/100 tox\n|-damage|p1a: Weavile|51\/100 tox|[from] Stealth Rock\n|move|p2a: Toxapex|Baneful Bunker||[still]\n|-fail|p2a: Toxapex\n|\n|-damage|p1a: Weavile|45\/100 tox|[from] psn\n|-damage|p2a: Toxapex|88\/100 brn|[from] brn\n|upkeep\n|turn|23\n|\n|t:|1699547179\n|switch|p2a: Greninja|Greninja, M|100\/100\n|-damage|p2a: Greninja|88\/100|[from] Stealth Rock\n|-zpower|p1a: Weavile\n|move|p1a: Weavile|Black Hole Eclipse|p2a: Greninja|[zeffect]\n|-resisted|p2a: Greninja\n|-damage|p2a: Greninja|43\/100\n|\n|-damage|p1a: Weavile|33\/100 tox|[from] psn\n|upkeep\n|turn|24\n|\n|t:|1699547193\n|move|p1a: Weavile|Ice Shard|p2a: Greninja\n|-resisted|p2a: Greninja\n|-damage|p2a: Greninja|27\/100\n|move|p2a: Greninja|Hydro Pump|p1a: Weavile\n|-damage|p1a: Weavile|0 fnt\n|faint|p1a: Weavile\n|-ability|p2a: Greninja|Battle Bond|boost\n|-boost|p2a: Greninja|atk|1\n|-boost|p2a: Greninja|spa|1\n|-boost|p2a: Greninja|spe|1\n|-activate|p2a: Greninja|ability: Battle Bond\n|\n|upkeep\n|\n|t:|1699547199\n|switch|p1a: Moltres|Moltres|63\/100 tox\n|turn|25\n|\n|t:|1699547212\n|move|p2a: Greninja|Hydro Pump|p1a: Moltres|[miss]\n|-miss|p2a: Greninja|p1a: Moltres\n|move|p1a: Moltres|U-turn|p2a: Greninja\n|-supereffective|p2a: Greninja\n|-damage|p2a: Greninja|0 fnt\n|faint|p2a: Greninja\n|\n|-damage|p1a: Moltres|57\/100 tox|[from] psn\n|upkeep\n|\n|t:|1699547220\n|switch|p2a: Great Tusk|Great Tusk, tera:Ghost|63\/100\n|-damage|p2a: Great Tusk|50\/100|[from] Stealth Rock\n|turn|26\n|inactive|MatMerguez has 120 seconds left.\n|inactive|MatMerguez has 90 seconds left.\n|\n|t:|1699547297\n|move|p1a: Moltres|Will-O-Wisp|p2a: Great Tusk\n|-status|p2a: Great Tusk|brn\n|move|p2a: Great Tusk|Knock Off|p1a: Moltres\n|-damage|p1a: Moltres|47\/100 tox\n|-enditem|p1a: Moltres|Heavy-Duty Boots|[from] move: Knock Off|[of] p2a: Great Tusk\n|\n|-damage|p1a: Moltres|35\/100 tox|[from] psn\n|-damage|p2a: Great Tusk|44\/100 brn|[from] brn\n|upkeep\n|turn|27\n|\n|t:|1699547316\n|move|p1a: Moltres|Air Slash|p2a: Great Tusk\n|-damage|p2a: Great Tusk|4\/100 brn\n|move|p2a: Great Tusk|Knock Off|p1a: Moltres\n|-damage|p1a: Moltres|29\/100 tox\n|\n|-damage|p1a: Moltres|10\/100 tox|[from] psn\n|-damage|p2a: Great Tusk|0 fnt|[from] brn\n|faint|p2a: Great Tusk\n|-end|p2a: Great Tusk|Protosynthesis|[silent]\n|upkeep\n|\n|t:|1699547322\n|switch|p2a: Toxapex|Toxapex, M|100\/100 brn\n|-damage|p2a: Toxapex|88\/100 brn|[from] Stealth Rock\n|turn|28\n|inactive|MatMerguez has 90 seconds left.\n|\n|t:|1699547333\n|move|p2a: Toxapex|Baneful Bunker|p2a: Toxapex\n|-singleturn|p2a: Toxapex|move: Protect\n|move|p1a: Moltres|Scorching Sands|p2a: Toxapex\n|-activate|p2a: Toxapex|move: Protect\n|\n|-damage|p1a: Moltres|0 fnt|[from] psn\n|faint|p1a: Moltres\n|\n|win|EvelynIsBased\n|upkeep\n|raw|MatMerguez's rating: 1248 &rarr; <strong>1226<\/strong><br \/>(-22 for losing)\n|raw|EvelynIsBased's rating: 1290 &rarr; <strong>1312<\/strong><br \/>(+22 for winning)\n|l|\u2606MatMerguez\n|c|\u2606EvelynIsBased|gg\n","uploadtime":1699547349,"views":4,"p1id":"matmerguez","p2id":"evelynisbased","formatid":"gen9nationaldex","rating":1226,"private":0,"password":""}