{"id":"gen9nationaldex-1993064019","p1":"Vuridia","p2":"voltorbys","format":"[Gen 9] National Dex","log":"|j|\u2606Vuridia\n|j|\u2606voltorbys\n|t:|1700260697\n|gametype|singles\n|player|p1|Vuridia|cheryl|\n|player|p2|voltorbys|1|\n|teamsize|p1|6\n|teamsize|p2|6\n|gen|9\n|tier|[Gen 9] National Dex\n|rule|HP Percentage Mod: HP is shown in percentages\n|rule|Endless Battle Clause: Forcing endless battles is banned\n|rule|OHKO Clause: OHKO moves are banned\n|rule|Evasion Clause: Evasion abilities, items, and moves are banned\n|rule|Evasion Abilities Clause: Evasion abilities are banned\n|rule|Evasion Items Clause: Evasion items are banned\n|rule|Evasion Moves Clause: Evasion moves are banned\n|rule|Species Clause: Limit one of each Pok\u00e9mon\n|rule|Sleep Clause Mod: Limit one foe put to sleep\n|clearpoke\n|poke|p1|Gardevoir, M|\n|poke|p1|Bronzong|\n|poke|p1|Clodsire, F|\n|poke|p1|Skeledirge, M|\n|poke|p1|Xurkitree|\n|poke|p1|Milotic, F|\n|poke|p2|Swampert, M|\n|poke|p2|Grimmsnarl, M|\n|poke|p2|Scizor, M|\n|poke|p2|Volcanion|\n|poke|p2|Hatterene, F|\n|poke|p2|Dachsbun, F|\n|teampreview\n|\n|t:|1700260722\n|start\n|switch|p1a: Plughead|Xurkitree, shiny|100\/100\n|switch|p2a: Grimmsnarl|Grimmsnarl, M|100\/100\n|-item|p1a: Plughead|Air Balloon\n|turn|1\n|\n|t:|1700260731\n|move|p2a: Grimmsnarl|Light Screen|p2a: Grimmsnarl\n|-sidestart|p2: voltorbys|move: Light Screen\n|move|p1a: Plughead|Volt Switch|p2a: Grimmsnarl\n|-damage|p2a: Grimmsnarl|82\/100\n|\n|t:|1700260736\n|switch|p1a: Bell|Bronzong|100\/100|[from] Volt Switch\n|\n|upkeep\n|turn|2\n|\n|t:|1700260746\n|move|p2a: Grimmsnarl|Sucker Punch||[still]\n|-fail|p2a: Grimmsnarl\n|move|p1a: Bell|Reflect|p1a: Bell\n|-sidestart|p1: Vuridia|Reflect\n|\n|upkeep\n|turn|3\n|\n|t:|1700260751\n|move|p2a: Grimmsnarl|Thunder Wave|p1a: Bell\n|-status|p1a: Bell|par\n|move|p1a: Bell|Light Screen|p1a: Bell\n|-sidestart|p1: Vuridia|move: Light Screen\n|\n|upkeep\n|turn|4\n|\n|t:|1700260757\n|move|p2a: Grimmsnarl|Sucker Punch|p1a: Bell\n|-supereffective|p1a: Bell\n|-damage|p1a: Bell|75\/100 par\n|cant|p1a: Bell|par\n|\n|upkeep\n|turn|5\n|\n|t:|1700260764\n|move|p2a: Grimmsnarl|Sucker Punch|p1a: Bell\n|-supereffective|p1a: Bell\n|-crit|p1a: Bell\n|-damage|p1a: Bell|1\/100 par\n|cant|p1a: Bell|par\n|\n|-sideend|p2: voltorbys|move: Light Screen\n|upkeep\n|turn|6\n|\n|t:|1700260775\n|move|p2a: Grimmsnarl|Sucker Punch||[still]\n|-fail|p2a: Grimmsnarl\n|move|p1a: Bell|Light Screen||[still]\n|-fail|p1a: Bell\n|\n|upkeep\n|turn|7\n|\n|t:|1700260785\n|move|p2a: Grimmsnarl|Sucker Punch|p1a: Bell\n|-supereffective|p1a: Bell\n|-damage|p1a: Bell|0 fnt\n|faint|p1a: Bell\n|\n|upkeep\n|\n|t:|1700260789\n|switch|p1a: Goodest Boi|Clodsire, F|100\/100\n|turn|8\n|\n|t:|1700260795\n|move|p2a: Grimmsnarl|Parting Shot|p1a: Goodest Boi\n|-unboost|p1a: Goodest Boi|atk|1\n|-unboost|p1a: Goodest Boi|spa|1\n|\n|t:|1700260804\n|switch|p2a: Swampert|Swampert, M|100\/100|[from] Parting Shot\n|move|p1a: Goodest Boi|Iron Head|p2a: Swampert\n|-resisted|p2a: Swampert\n|-damage|p2a: Swampert|93\/100\n|\n|upkeep\n|turn|9\n|\n|t:|1700260819\n|switch|p1a: Plughead|Xurkitree, shiny|100\/100\n|-item|p1a: Plughead|Air Balloon\n|detailschange|p2a: Swampert|Swampert-Mega, M\n|-mega|p2a: Swampert|Swampert|Swampertite\n|move|p2a: Swampert|Stealth Rock|p1a: Plughead\n|-sidestart|p1: Vuridia|move: Stealth Rock\n|\n|-sideend|p1: Vuridia|Reflect\n|upkeep\n|turn|10\n|\n|t:|1700260834\n|switch|p2a: Scizor|Scizor, M|100\/100\n|move|p1a: Plughead|Energy Ball|p2a: Scizor\n|-resisted|p2a: Scizor\n|-damage|p2a: Scizor|89\/100\n|-unboost|p2a: Scizor|spd|1\n|\n|-sideend|p1: Vuridia|move: Light Screen\n|upkeep\n|turn|11\n|\n|t:|1700260863\n|move|p1a: Plughead|Hidden Power|p2a: Scizor\n|-supereffective|p2a: Scizor\n|-damage|p2a: Scizor|0 fnt\n|faint|p2a: Scizor\n|-ability|p1a: Plughead|Beast Boost|boost\n|-boost|p1a: Plughead|spa|1\n|\n|upkeep\n|\n|t:|1700260906\n|switch|p2a: Grimmsnarl|Grimmsnarl, M|82\/100\n|turn|12\n|\n|t:|1700260911\n|move|p2a: Grimmsnarl|Light Screen|p2a: Grimmsnarl\n|-sidestart|p2: voltorbys|move: Light Screen\n|move|p1a: Plughead|Volt Switch|p2a: Grimmsnarl\n|-damage|p2a: Grimmsnarl|58\/100\n|\n|t:|1700260920\n|switch|p1a: Ted|Skeledirge, M|100\/100|[from] Volt Switch\n|\n|upkeep\n|turn|13\n|\n|t:|1700260928\n|move|p2a: Grimmsnarl|Thunder Wave|p1a: Ted\n|-status|p1a: Ted|par\n|move|p1a: Ted|Torch Song|p2a: Grimmsnarl\n|-damage|p2a: Grimmsnarl|41\/100\n|-boost|p1a: Ted|spa|1\n|\n|upkeep\n|turn|14\n|\n|t:|1700260943\n|move|p2a: Grimmsnarl|Sucker Punch|p1a: Ted\n|-supereffective|p1a: Ted\n|-damage|p1a: Ted|44\/100 par\n|move|p1a: Ted|Torch Song|p2a: Grimmsnarl\n|-damage|p2a: Grimmsnarl|20\/100\n|-boost|p1a: Ted|spa|1\n|\n|upkeep\n|turn|15\n|\n|t:|1700260950\n|move|p2a: Grimmsnarl|Sucker Punch||[still]\n|-fail|p2a: Grimmsnarl\n|move|p1a: Ted|Slack Off|p1a: Ted\n|-heal|p1a: Ted|94\/100 par\n|\n|upkeep\n|turn|16\n|\n|t:|1700260957\n|move|p2a: Grimmsnarl|Parting Shot|p1a: Ted\n|-unboost|p1a: Ted|atk|1\n|-unboost|p1a: Ted|spa|1\n|\n|t:|1700260960\n|switch|p2a: Dachsbun|Dachsbun, F|100\/100|[from] Parting Shot\n|move|p1a: Ted|Torch Song|p2a: Dachsbun\n|-ability|p2a: Dachsbun|Well-Baked Body|boost\n|-boost|p2a: Dachsbun|def|2\n|\n|-sideend|p2: voltorbys|move: Light Screen\n|upkeep\n|turn|17\n|\n|t:|1700260972\n|switch|p1a: Goodest Boi|Clodsire, F|100\/100\n|-damage|p1a: Goodest Boi|94\/100|[from] Stealth Rock\n|move|p2a: Dachsbun|Roar|p1a: Goodest Boi\n|drag|p1a: Abyss|Milotic, F, shiny|100\/100\n|-damage|p1a: Abyss|88\/100|[from] Stealth Rock\n|\n|-heal|p1a: Abyss|94\/100|[from] item: Leftovers\n|upkeep\n|turn|18\n|\n|t:|1700260995\n|move|p2a: Dachsbun|Wish|p2a: Dachsbun\n|move|p1a: Abyss|Scald|p2a: Dachsbun\n|-damage|p2a: Dachsbun|56\/100\n|\n|-heal|p2a: Dachsbun|62\/100|[from] item: Leftovers\n|-heal|p1a: Abyss|99\/100|[from] item: Leftovers\n|upkeep\n|turn|19\n|\n|t:|1700261002\n|move|p2a: Dachsbun|Play Rough|p1a: Abyss\n|-damage|p1a: Abyss|52\/100\n|move|p1a: Abyss|Scald|p2a: Dachsbun\n|-damage|p2a: Dachsbun|16\/100\n|-status|p2a: Dachsbun|brn\n|\n|-heal|p2a: Dachsbun|66\/100 brn|[from] move: Wish|[wisher] Dachsbun\n|-heal|p2a: Dachsbun|72\/100 brn|[from] item: Leftovers\n|-heal|p1a: Abyss|58\/100|[from] item: Leftovers\n|-damage|p2a: Dachsbun|66\/100 brn|[from] brn\n|upkeep\n|turn|20\n|\n|t:|1700261024\n|switch|p2a: Volcanion|Volcanion|100\/100\n|move|p1a: Abyss|Recover|p1a: Abyss\n|-heal|p1a: Abyss|100\/100\n|\n|upkeep\n|turn|21\n|\n|t:|1700261042\n|switch|p1a: Goodest Boi|Clodsire, F|94\/100\n|-damage|p1a: Goodest Boi|88\/100|[from] Stealth Rock\n|move|p2a: Volcanion|Sludge Wave|p1a: Goodest Boi\n|-resisted|p1a: Goodest Boi\n|-damage|p1a: Goodest Boi|81\/100\n|\n|-heal|p1a: Goodest Boi|87\/100|[from] item: Black Sludge\n|upkeep\n|turn|22\n|\n|t:|1700261065\n|move|p2a: Volcanion|Steam Eruption|p1a: Goodest Boi\n|-heal|p1a: Goodest Boi|100\/100|[from] ability: Water Absorb|[of] p2a: Volcanion\n|move|p1a: Goodest Boi|Earthquake|p2a: Volcanion\n|-supereffective|p2a: Volcanion\n|-damage|p2a: Volcanion|46\/100\n|\n|upkeep\n|turn|23\n|\n|t:|1700261091\n|switch|p2a: Swampert|Swampert-Mega, M|93\/100\n|move|p1a: Goodest Boi|Iron Head|p2a: Swampert\n|-resisted|p2a: Swampert\n|-damage|p2a: Swampert|85\/100\n|\n|upkeep\n|turn|24\n|\n|t:|1700261100\n|switch|p1a: Plughead|Xurkitree, shiny|100\/100\n|-damage|p1a: Plughead|88\/100|[from] Stealth Rock\n|-item|p1a: Plughead|Air Balloon\n|move|p2a: Swampert|Waterfall|p1a: Plughead\n|-damage|p1a: Plughead|12\/100\n|-enditem|p1a: Plughead|Air Balloon\n|\n|upkeep\n|turn|25\n|\n|t:|1700261163\n|switch|p2a: Hatterene|Hatterene, F|100\/100\n|move|p1a: Plughead|Energy Ball|p2a: Hatterene\n|-damage|p2a: Hatterene|62\/100\n|-unboost|p2a: Hatterene|spd|1\n|\n|upkeep\n|turn|26\n|\n|t:|1700261187\n|switch|p2a: Dachsbun|Dachsbun, F|66\/100 brn\n|move|p1a: Plughead|Thunderbolt|p2a: Dachsbun\n|-damage|p2a: Dachsbun|0 fnt\n|faint|p2a: Dachsbun\n|-ability|p1a: Plughead|Beast Boost|boost\n|-boost|p1a: Plughead|spa|1\n|\n|upkeep\n|\n|t:|1700261197\n|switch|p2a: Grimmsnarl|Grimmsnarl, M|20\/100\n|turn|27\n|\n|t:|1700261208\n|switch|p1a: Abyss|Milotic, F, shiny|100\/100\n|-damage|p1a: Abyss|88\/100|[from] Stealth Rock\n|move|p2a: Grimmsnarl|Sucker Punch||[still]\n|-fail|p2a: Grimmsnarl\n|\n|-heal|p1a: Abyss|94\/100|[from] item: Leftovers\n|upkeep\n|turn|28\n|\n|t:|1700261218\n|move|p2a: Grimmsnarl|Parting Shot|p1a: Abyss\n|-unboost|p1a: Abyss|atk|1\n|-ability|p1a: Abyss|Competitive|boost\n|-boost|p1a: Abyss|spa|2\n|-unboost|p1a: Abyss|spa|1\n|-ability|p1a: Abyss|Competitive|boost\n|-boost|p1a: Abyss|spa|2\n|\n|t:|1700261237\n|switch|p2a: Volcanion|Volcanion|46\/100|[from] Parting Shot\n|move|p1a: Abyss|Hidden Power|p2a: Volcanion\n|-supereffective|p2a: Volcanion\n|-damage|p2a: Volcanion|0 fnt\n|faint|p2a: Volcanion\n|\n|-heal|p1a: Abyss|99\/100|[from] item: Leftovers\n|upkeep\n|\n|t:|1700261328\n|switch|p2a: Hatterene|Hatterene, F|62\/100\n|turn|29\n|\n|t:|1700261337\n|move|p1a: Abyss|Scald|p2a: Hatterene\n|-damage|p2a: Hatterene|0 fnt\n|faint|p2a: Hatterene\n|\n|-heal|p1a: Abyss|100\/100|[from] item: Leftovers\n|upkeep\n|\n|t:|1700261363\n|switch|p2a: Swampert|Swampert-Mega, M|85\/100\n|turn|30\n|\n|t:|1700261375\n|move|p2a: Swampert|Earthquake|p1a: Abyss\n|-damage|p1a: Abyss|17\/100\n|move|p1a: Abyss|Ice Beam|p2a: Swampert\n|-damage|p2a: Swampert|22\/100\n|\n|-heal|p1a: Abyss|23\/100|[from] item: Leftovers\n|upkeep\n|turn|31\n|\n|t:|1700261388\n|move|p2a: Swampert|Earthquake|p1a: Abyss\n|-damage|p1a: Abyss|0 fnt\n|faint|p1a: Abyss\n|\n|upkeep\n|\n|t:|1700261392\n|switch|p1a: Plughead|Xurkitree, shiny|12\/100\n|-damage|p1a: Plughead|0 fnt|[from] Stealth Rock\n|faint|p1a: Plughead\n|\n|t:|1700261399\n|switch|p1a: Grace|Gardevoir, M, shiny|100\/100\n|-damage|p1a: Grace|88\/100|[from] Stealth Rock\n|-ability|p1a: Grace|Swift Swim|[from] ability: Trace|[of] p2a: Swampert\n|turn|32\n|\n|t:|1700261427\n|move|p1a: Grace|Psychic|p2a: Swampert\n|-damage|p2a: Swampert|0 fnt\n|faint|p2a: Swampert\n|\n|upkeep\n|\n|t:|1700261431\n|switch|p2a: Grimmsnarl|Grimmsnarl, M|20\/100\n|turn|33\n|\n|t:|1700261441\n|switch|p1a: Ted|Skeledirge, M|94\/100 par\n|move|p2a: Grimmsnarl|Parting Shot|p1a: Ted\n|-unboost|p1a: Ted|atk|1\n|-unboost|p1a: Ted|spa|1\n|\n|upkeep\n|turn|34\n|c|\u2606voltorbys|ggs\n|\n|t:|1700261453\n|switch|p1a: Goodest Boi|Clodsire, F|100\/100\n|-damage|p1a: Goodest Boi|94\/100|[from] Stealth Rock\n|move|p2a: Grimmsnarl|Thunder Wave|p1a: Goodest Boi\n|-immune|p1a: Goodest Boi\n|\n|-heal|p1a: Goodest Boi|100\/100|[from] item: Black Sludge\n|upkeep\n|turn|35\n|\n|t:|1700261461\n|move|p2a: Grimmsnarl|Light Screen|p2a: Grimmsnarl\n|-sidestart|p2: voltorbys|move: Light Screen\n|move|p1a: Goodest Boi|Iron Head|p2a: Grimmsnarl\n|-supereffective|p2a: Grimmsnarl\n|-damage|p2a: Grimmsnarl|0 fnt\n|faint|p2a: Grimmsnarl\n|\n|win|Vuridia\n|c|\u2606Vuridia|gg\n|l|\u2606Vuridia\n","uploadtime":1700261484,"views":20,"p1id":"vuridia","p2id":"voltorbys","formatid":"gen9nationaldex","rating":0,"private":0,"password":""}