{"id":"gen9nationaldex-1992260216","p1":"derfred","p2":"Enzoodonnell","format":"[Gen 9] National Dex","log":"|j|\u2606derfred\n|j|\u2606Enzoodonnell\n|t:|1700168599\n|gametype|singles\n|player|p1|derfred|265|1323\n|player|p2|Enzoodonnell|steven|1286\n|teamsize|p1|6\n|teamsize|p2|6\n|gen|9\n|tier|[Gen 9] National Dex\n|rated|\n|rule|HP Percentage Mod: HP is shown in percentages\n|rule|Endless Battle Clause: Forcing endless battles is banned\n|rule|OHKO Clause: OHKO moves are banned\n|rule|Evasion Clause: Evasion abilities, items, and moves are banned\n|rule|Evasion Abilities Clause: Evasion abilities are banned\n|rule|Evasion Items Clause: Evasion items are banned\n|rule|Evasion Moves Clause: Evasion moves are banned\n|rule|Species Clause: Limit one of each Pok\u00e9mon\n|rule|Sleep Clause Mod: Limit one foe put to sleep\n|clearpoke\n|poke|p1|Manaphy|\n|poke|p1|Aggron, F|\n|poke|p1|Landorus-Therian, M|\n|poke|p1|Victini|\n|poke|p1|Ninetales-Alola, F|\n|poke|p1|Moltres|\n|poke|p2|Toxtricity, F|\n|poke|p2|Persian-Alola, F|\n|poke|p2|Excadrill, M|\n|poke|p2|Incineroar, F|\n|poke|p2|Urshifu-*, F|\n|poke|p2|Gardevoir, M|\n|teampreview\n|inactive|Battle timer is ON: inactive players will automatically lose when time's up. (requested by Enzoodonnell)\n|inactive|derfred has 120 seconds left.\n|inactive|derfred has 90 seconds left.\n|inactive|derfred has 60 seconds left.\n|\n|t:|1700168702\n|start\n|switch|p1a: Landorus|Landorus-Therian, M|100\/100\n|switch|p2a: Urshifu|Urshifu-Rapid-Strike, F|100\/100\n|-ability|p1a: Landorus|Intimidate|boost\n|-unboost|p2a: Urshifu|atk|1\n|turn|1\n|\n|t:|1700168707\n|move|p1a: Landorus|Stealth Rock|p2a: Urshifu\n|-sidestart|p2: Enzoodonnell|move: Stealth Rock\n|move|p2a: Urshifu|Surging Strikes|p1a: Landorus\n|-supereffective|p1a: Landorus\n|-crit|p1a: Landorus\n|-damage|p1a: Landorus|55\/100\n|-supereffective|p1a: Landorus\n|-crit|p1a: Landorus\n|-damage|p1a: Landorus|11\/100\n|-supereffective|p1a: Landorus\n|-crit|p1a: Landorus\n|-damage|p1a: Landorus|0 fnt\n|faint|p1a: Landorus\n|-hitcount|p1: Landorus|3\n|\n|upkeep\n|\n|t:|1700168712\n|switch|p1a: Aggron|Aggron, F|100\/100\n|turn|2\n|\n|t:|1700168720\n|detailschange|p1a: Aggron|Aggron-Mega, F\n|-mega|p1a: Aggron|Aggron|Aggronite\n|move|p2a: Urshifu|U-turn|p1a: Aggron\n|-resisted|p1a: Aggron\n|-damage|p1a: Aggron|96\/100\n|\n|t:|1700168725\n|switch|p2a: Excadrill|Excadrill, M|100\/100|[from] U-turn\n|-ability|p2a: Excadrill|Mold Breaker\n|move|p1a: Aggron|Rock Polish|p1a: Aggron\n|-boost|p1a: Aggron|spe|2\n|\n|upkeep\n|turn|3\n|\n|t:|1700168729\n|move|p1a: Aggron|Iron Defense|p1a: Aggron\n|-boost|p1a: Aggron|def|2\n|move|p2a: Excadrill|Rapid Spin|p1a: Aggron\n|-resisted|p1a: Aggron\n|-damage|p1a: Aggron|94\/100\n|-boost|p2a: Excadrill|spe|1\n|-sideend|p2: Enzoodonnell|Stealth Rock|[from] move: Rapid Spin|[of] p2a: Excadrill\n|\n|upkeep\n|turn|4\n|\n|t:|1700168736\n|-terastallize|p2a: Excadrill|Ground\n|move|p2a: Excadrill|Earthquake|p1a: Aggron\n|-supereffective|p1a: Aggron\n|-damage|p1a: Aggron|59\/100\n|move|p1a: Aggron|Rock Polish|p1a: Aggron\n|-boost|p1a: Aggron|spe|2\n|\n|upkeep\n|turn|5\n|\n|t:|1700168743\n|move|p1a: Aggron|Iron Defense|p1a: Aggron\n|-boost|p1a: Aggron|def|2\n|move|p2a: Excadrill|Earthquake|p1a: Aggron\n|-supereffective|p1a: Aggron\n|-damage|p1a: Aggron|33\/100\n|\n|upkeep\n|turn|6\n|\n|t:|1700168756\n|move|p1a: Aggron|Body Press|p2a: Excadrill\n|-damage|p2a: Excadrill|0 fnt\n|faint|p2a: Excadrill\n|\n|upkeep\n|\n|t:|1700168758\n|switch|p2a: Toxtricity|Toxtricity, F|100\/100\n|turn|7\n|\n|t:|1700168764\n|move|p1a: Aggron|Body Press|p2a: Toxtricity\n|-resisted|p2a: Toxtricity\n|-damage|p2a: Toxtricity|20\/100\n|move|p2a: Toxtricity|Volt Switch|p1a: Aggron\n|-damage|p1a: Aggron|0 fnt\n|faint|p1a: Aggron\n|\n|t:|1700168771\n|switch|p2a: Persian|Persian-Alola, F|100\/100|[from] Volt Switch\n|\n|upkeep\n|\n|t:|1700168781\n|switch|p1a: Manaphy|Manaphy|100\/100\n|turn|8\n|\n|t:|1700168784\n|move|p2a: Persian|Fake Out|p1a: Manaphy\n|-damage|p1a: Manaphy|95\/100\n|cant|p1a: Manaphy|flinch\n|\n|-heal|p1a: Manaphy|100\/100|[from] item: Leftovers\n|upkeep\n|turn|9\n|\n|t:|1700168786\n|move|p2a: Persian|Taunt|p1a: Manaphy\n|-start|p1a: Manaphy|move: Taunt\n|cant|p1a: Manaphy|move: Taunt|Acid Armor\n|\n|upkeep\n|turn|10\n|\n|t:|1700168789\n|switch|p1a: Moltres|Moltres|100\/100\n|-ability|p1a: Moltres|Pressure\n|-zpower|p2a: Persian\n|move|p2a: Persian|Z-Parting Shot|p1a: Moltres|[anim]Parting Shot\n|-activate|p2a: Persian|healreplacement\n|-unboost|p1a: Moltres|atk|1\n|-unboost|p1a: Moltres|spa|1\n|\n|t:|1700168791\n|switch|p2a: Toxtricity|Toxtricity, F|20\/100|[from] Parting Shot\n|-heal|p2a: Toxtricity|100\/100|[from] move: Parting Shot|[zeffect]\n|\n|upkeep\n|turn|11\n|\n|t:|1700168806\n|switch|p1a: Ninetales|Ninetales-Alola, F|100\/100\n|-weather|Snow|[from] ability: Snow Warning|[of] p1a: Ninetales\n|move|p2a: Toxtricity|Volt Switch|p1a: Ninetales\n|-damage|p1a: Ninetales|51\/100\n|\n|t:|1700168817\n|switch|p2a: Persian|Persian-Alola, F|100\/100|[from] Volt Switch\n|\n|-weather|Snow|[upkeep]\n|upkeep\n|turn|12\n|\n|t:|1700168829\n|move|p2a: Persian|Fake Out|p1a: Ninetales\n|-damage|p1a: Ninetales|45\/100\n|cant|p1a: Ninetales|flinch\n|\n|-weather|Snow|[upkeep]\n|upkeep\n|turn|13\n|\n|t:|1700168840\n|move|p2a: Persian|Parting Shot|p1a: Ninetales\n|-unboost|p1a: Ninetales|atk|1\n|-unboost|p1a: Ninetales|spa|1\n|\n|t:|1700168842\n|switch|p2a: Incineroar|Incineroar, F|100\/100|[from] Parting Shot\n|-ability|p2a: Incineroar|Intimidate|boost\n|-unboost|p1a: Ninetales|atk|1\n|move|p1a: Ninetales|Aurora Veil|p1a: Ninetales\n|-sidestart|p1: derfred|move: Aurora Veil\n|\n|-weather|Snow|[upkeep]\n|upkeep\n|turn|14\n|\n|t:|1700168846\n|move|p1a: Ninetales|Toxic|p2a: Incineroar\n|-status|p2a: Incineroar|tox\n|move|p2a: Incineroar|Parting Shot|p1a: Ninetales\n|-unboost|p1a: Ninetales|atk|1\n|-unboost|p1a: Ninetales|spa|1\n|\n|t:|1700168849\n|switch|p2a: Toxtricity|Toxtricity, F|100\/100|[from] Parting Shot\n|\n|-weather|Snow|[upkeep]\n|upkeep\n|turn|15\n|\n|t:|1700168856\n|move|p1a: Ninetales|Blizzard|p2a: Toxtricity\n|-damage|p2a: Toxtricity|81\/100\n|move|p2a: Toxtricity|Volt Switch|p1a: Ninetales\n|-damage|p1a: Ninetales|19\/100\n|\n|t:|1700168862\n|switch|p2a: Persian|Persian-Alola, F|100\/100|[from] Volt Switch\n|\n|-weather|none\n|upkeep\n|turn|16\n|\n|t:|1700168871\n|move|p2a: Persian|Fake Out|p1a: Ninetales\n|-damage|p1a: Ninetales|16\/100\n|cant|p1a: Ninetales|flinch\n|\n|upkeep\n|turn|17\n|\n|t:|1700168874\n|move|p2a: Persian|Parting Shot|p1a: Ninetales\n|-unboost|p1a: Ninetales|atk|1\n|-unboost|p1a: Ninetales|spa|1\n|\n|t:|1700168876\n|switch|p2a: Incineroar|Incineroar, F|100\/100 tox|[from] Parting Shot\n|-ability|p2a: Incineroar|Intimidate|boost\n|-unboost|p1a: Ninetales|atk|1\n|move|p1a: Ninetales|Toxic|p2a: Incineroar\n|-fail|p2a: Incineroar|tox\n|\n|-damage|p2a: Incineroar|94\/100 tox|[from] psn\n|upkeep\n|turn|18\n|\n|t:|1700168883\n|move|p1a: Ninetales|Blizzard|p2a: Incineroar\n|-resisted|p2a: Incineroar\n|-damage|p2a: Incineroar|90\/100 tox\n|move|p2a: Incineroar|Parting Shot|p1a: Ninetales\n|-unboost|p1a: Ninetales|atk|1\n|-unboost|p1a: Ninetales|spa|1\n|\n|t:|1700168889\n|switch|p2a: Persian|Persian-Alola, F|100\/100|[from] Parting Shot\n|\n|upkeep\n|turn|19\n|\n|t:|1700168897\n|move|p2a: Persian|Parting Shot|p1a: Ninetales\n|-unboost|p1a: Ninetales|atk|0\n|-unboost|p1a: Ninetales|spa|1\n|\n|t:|1700168903\n|switch|p2a: Toxtricity|Toxtricity, F|81\/100|[from] Parting Shot\n|move|p1a: Ninetales|Roar|p2a: Toxtricity\n|drag|p2a: Urshifu|Urshifu-Rapid-Strike, F|100\/100\n|\n|upkeep\n|turn|20\n|\n|t:|1700168912\n|move|p1a: Ninetales|Blizzard|p2a: Urshifu|[miss]\n|-miss|p1a: Ninetales|p2a: Urshifu\n|move|p2a: Urshifu|Trailblaze|p1a: Ninetales\n|-damage|p1a: Ninetales|4\/100\n|-boost|p2a: Urshifu|spe|1\n|\n|-sideend|p1: derfred|move: Aurora Veil\n|upkeep\n|turn|21\n|inactive|derfred has 120 seconds left.\n|inactive|derfred has 90 seconds left.\n|inactive|derfred has 60 seconds left.\n|inactive|derfred has 30 seconds left.\n|c|\u2606Enzoodonnell|Bruh\n|inactive|derfred has 20 seconds left.\n|c|\u2606Enzoodonnell|Just finish the game\n|inactive|derfred has 15 seconds left.\n|c|\u2606Enzoodonnell|You lost\n|inactiveoff|Battle timer is now OFF.\n|c|\u2606Enzoodonnell|Don't be a scrub lmao\n|l|\u2606derfred\n|player|p1|\n|inactive|Battle timer is ON: inactive players will automatically lose when time's up. (requested by Enzoodonnell)\n|inactive|derfred has 20 seconds left this turn.\n|inactive|derfred has 15 seconds left.\n|inactive|derfred has 10 seconds left.\n|inactive|derfred has 5 seconds left.\n|-message|derfred lost due to inactivity.\n|\n|win|Enzoodonnell\n|raw|derfred's rating: 1323 &rarr; <strong>1301<\/strong><br \/>(-22 for losing)\n|raw|Enzoodonnell's rating: 1286 &rarr; <strong>1314<\/strong><br \/>(+28 for winning)\n","uploadtime":1700169193,"views":4,"p1id":"derfred","p2id":"enzoodonnell","formatid":"gen9nationaldex","rating":1301,"private":0,"password":""}