{"id":"gen9nationaldex-1989926121","p1":"Bblacksniper","p2":"halpu","format":"[Gen 9] National Dex","log":"|j|\u2606Bblacksniper\n|j|\u2606halpu\n|t:|1699907326\n|gametype|singles\n|player|p1|Bblacksniper|265|1414\n|player|p2|halpu|cynthia-masters|1538\n|teamsize|p1|6\n|teamsize|p2|6\n|gen|9\n|tier|[Gen 9] National Dex\n|rated|\n|rule|HP Percentage Mod: HP is shown in percentages\n|rule|Endless Battle Clause: Forcing endless battles is banned\n|rule|OHKO Clause: OHKO moves are banned\n|rule|Evasion Clause: Evasion abilities, items, and moves are banned\n|rule|Evasion Abilities Clause: Evasion abilities are banned\n|rule|Evasion Items Clause: Evasion items are banned\n|rule|Evasion Moves Clause: Evasion moves are banned\n|rule|Species Clause: Limit one of each Pok\u00e9mon\n|rule|Sleep Clause Mod: Limit one foe put to sleep\n|clearpoke\n|poke|p1|Slowking-Galar, M|\n|poke|p1|Ferrothorn, M|\n|poke|p1|Thundurus-Therian, M|\n|poke|p1|Great Tusk|\n|poke|p1|Tornadus-Therian, M|\n|poke|p1|Garganacl, F|\n|poke|p2|Kartana|\n|poke|p2|Blacephalon|\n|poke|p2|Alomomola, M|\n|poke|p2|Slowking-Galar, F|\n|poke|p2|Zapdos|\n|poke|p2|Serperior, M|\n|teampreview\n|\n|t:|1699907350\n|start\n|switch|p1a: IM A BIRD|Tornadus-Therian, M|100\/100\n|switch|p2a: Alomomola|Alomomola, M|100\/100\n|turn|1\n|\n|t:|1699907353\n|move|p1a: IM A BIRD|Knock Off|p2a: Alomomola\n|-damage|p2a: Alomomola|89\/100\n|-enditem|p2a: Alomomola|Leftovers|[from] move: Knock Off|[of] p1a: IM A BIRD\n|move|p2a: Alomomola|Flip Turn|p1a: IM A BIRD\n|-damage|p1a: IM A BIRD|81\/100\n|j| Gypsum\n|inactive|Battle timer is ON: inactive players will automatically lose when time's up. (requested by Bblacksniper)\n|\n|t:|1699907369\n|switch|p2a: Zapdos|Zapdos|100\/100|[from] Flip Turn\n|\n|upkeep\n|turn|2\n|\n|t:|1699907375\n|switch|p1a: Rock C*ck Ballin|Garganacl, F|100\/100\n|move|p2a: Zapdos|Heat Wave|p1a: Rock C*ck Ballin|[miss]\n|-miss|p2a: Zapdos|p1a: Rock C*ck Ballin\n|\n|upkeep\n|turn|3\n|\n|t:|1699907380\n|move|p2a: Zapdos|Volt Switch|p1a: Rock C*ck Ballin\n|-damage|p1a: Rock C*ck Ballin|82\/100\n|\n|t:|1699907408\n|switch|p2a: Serperior|Serperior, M|100\/100|[from] Volt Switch\n|move|p1a: Rock C*ck Ballin|Salt Cure|p2a: Serperior\n|-damage|p2a: Serperior|84\/100\n|-start|p2a: Serperior|Salt Cure\n|\n|-heal|p1a: Rock C*ck Ballin|88\/100|[from] item: Leftovers\n|-damage|p2a: Serperior|72\/100|[from] Salt Cure\n|upkeep\n|turn|4\n|\n|t:|1699907415\n|switch|p1a: IM A BIRD|Tornadus-Therian, M|100\/100\n|move|p2a: Serperior|Leaf Storm|p1a: IM A BIRD|[miss]\n|-miss|p2a: Serperior|p1a: IM A BIRD\n|\n|-damage|p2a: Serperior|59\/100|[from] Salt Cure\n|upkeep\n|turn|5\n|c|\u2606halpu|bro i cant hit shit today\n|\n|t:|1699907426\n|switch|p2a: Alomomola|Alomomola, M|100\/100\n|move|p1a: IM A BIRD|Bleakwind Storm|p2a: Alomomola\n|-damage|p2a: Alomomola|54\/100\n|\n|upkeep\n|turn|6\n|\n|t:|1699907431\n|move|p2a: Alomomola|Protect|p2a: Alomomola\n|-singleturn|p2a: Alomomola|Protect\n|move|p1a: IM A BIRD|Bleakwind Storm|p2a: Alomomola\n|-activate|p2a: Alomomola|move: Protect\n|\n|upkeep\n|turn|7\n|\n|t:|1699907436\n|switch|p2a: Zapdos|Zapdos|100\/100\n|move|p1a: IM A BIRD|Bleakwind Storm|p2a: Zapdos\n|-resisted|p2a: Zapdos\n|-damage|p2a: Zapdos|83\/100\n|-unboost|p2a: Zapdos|spe|1\n|\n|upkeep\n|turn|8\n|\n|t:|1699907442\n|switch|p1a: Thun dor us|Thundurus-Therian, M|100\/100\n|move|p2a: Zapdos|Volt Switch|p1a: Thun dor us\n|-immune|p1a: Thun dor us|[from] ability: Volt Absorb\n|\n|upkeep\n|turn|9\n|\n|t:|1699907448\n|switch|p2a: Slowking|Slowking-Galar, F|100\/100\n|move|p1a: Thun dor us|Agility|p1a: Thun dor us\n|-boost|p1a: Thun dor us|spe|2\n|\n|upkeep\n|turn|10\n|c| Gypsum|how in the world did you get Renegade Cynthia as an avatar?\n|c|\u2606halpu|theres a website with alternative avatars that arent in the main roster\n|c|\u2606halpu|idk the link, was under a yt video\n|inactive|halpu has 120 seconds left.\n|c|\u2606halpu|you can google it\n|\n|t:|1699907482\n|move|p1a: Thun dor us|U-turn|p2a: Slowking\n|-damage|p2a: Slowking|85\/100\n|\n|t:|1699907485\n|switch|p1a: Rock C*ck Ballin|Garganacl, F|88\/100|[from] U-turn\n|move|p2a: Slowking|Ice Beam|p1a: Rock C*ck Ballin\n|-damage|p1a: Rock C*ck Ballin|71\/100\n|\n|-heal|p1a: Rock C*ck Ballin|77\/100|[from] item: Leftovers\n|upkeep\n|turn|11\n|\n|t:|1699907490\n|move|p1a: Rock C*ck Ballin|Salt Cure|p2a: Slowking\n|-damage|p2a: Slowking|70\/100\n|-start|p2a: Slowking|Salt Cure\n|move|p2a: Slowking|Sludge Bomb|p1a: Rock C*ck Ballin\n|-resisted|p1a: Rock C*ck Ballin\n|-damage|p1a: Rock C*ck Ballin|64\/100\n|\n|-heal|p1a: Rock C*ck Ballin|70\/100|[from] item: Leftovers\n|-damage|p2a: Slowking|57\/100|[from] Salt Cure\n|upkeep\n|turn|12\n|\n|t:|1699907497\n|switch|p2a: Serperior|Serperior, M|59\/100\n|move|p1a: Rock C*ck Ballin|Recover|p1a: Rock C*ck Ballin\n|-heal|p1a: Rock C*ck Ballin|100\/100\n|\n|upkeep\n|turn|13\n|\n|t:|1699907502\n|switch|p1a: IM A BIRD|Tornadus-Therian, M|100\/100\n|move|p2a: Serperior|Substitute|p2a: Serperior\n|-start|p2a: Serperior|Substitute\n|-damage|p2a: Serperior|35\/100\n|\n|upkeep\n|turn|14\n|\n|t:|1699907507\n|move|p1a: IM A BIRD|Bleakwind Storm|p2a: Serperior\n|-supereffective|p2a: Serperior\n|-end|p2a: Serperior|Substitute\n|move|p2a: Serperior|Leaf Storm|p1a: IM A BIRD\n|-resisted|p1a: IM A BIRD\n|-damage|p1a: IM A BIRD|82\/100\n|-boost|p2a: Serperior|spa|2\n|\n|upkeep\n|turn|15\n|\n|t:|1699907511\n|move|p2a: Serperior|Protect|p2a: Serperior\n|-singleturn|p2a: Serperior|Protect\n|move|p1a: IM A BIRD|Bleakwind Storm|p2a: Serperior\n|-activate|p2a: Serperior|move: Protect\n|\n|upkeep\n|turn|16\n|\n|t:|1699907515\n|switch|p2a: Zapdos|Zapdos|83\/100\n|move|p1a: IM A BIRD|U-turn|p2a: Zapdos\n|-resisted|p2a: Zapdos\n|-damage|p2a: Zapdos|77\/100\n|\n|t:|1699907521\n|switch|p1a: Great Tusk|Great Tusk|100\/100|[from] U-turn\n|\n|upkeep\n|turn|17\n|\n|t:|1699907533\n|switch|p2a: Alomomola|Alomomola, M|88\/100\n|move|p1a: Great Tusk|Head Smash|p2a: Alomomola\n|-damage|p2a: Alomomola|43\/100\n|-damage|p1a: Great Tusk|68\/100|[from] Recoil\n|\n|upkeep\n|turn|18\n|\n|t:|1699907537\n|move|p1a: Great Tusk|Head Smash|p2a: Alomomola\n|-damage|p2a: Alomomola|0 fnt\n|faint|p2a: Alomomola\n|-damage|p1a: Great Tusk|38\/100|[from] Recoil\n|\n|upkeep\n|\n|t:|1699907543\n|switch|p2a: Blacephalon|Blacephalon|100\/100\n|turn|19\n|\n|t:|1699907552\n|switch|p2a: Kartana|Kartana|100\/100\n|-end|p1a: Great Tusk|Protosynthesis|[silent]\n|switch|p1a: Rock C*ck Ballin|Garganacl, F|100\/100\n|\n|upkeep\n|turn|20\n|\n|t:|1699907560\n|switch|p1a: Ferroussy|Ferrothorn, M|100\/100\n|move|p2a: Kartana|Knock Off|p1a: Ferroussy\n|-damage|p1a: Ferroussy|65\/100\n|-damage|p2a: Kartana|88\/100|[from] ability: Iron Barbs|[of] p1a: Ferroussy\n|-damage|p2a: Kartana|72\/100|[from] item: Rocky Helmet|[of] p1a: Ferroussy\n|-enditem|p1a: Ferroussy|Rocky Helmet|[from] move: Knock Off|[of] p2a: Kartana\n|\n|upkeep\n|turn|21\n|\n|t:|1699907567\n|switch|p2a: Blacephalon|Blacephalon|100\/100\n|move|p1a: Ferroussy|Stealth Rock|p2a: Blacephalon\n|-sidestart|p2: halpu|move: Stealth Rock\n|\n|upkeep\n|turn|22\n|\n|t:|1699907572\n|switch|p1a: Rock C*ck Ballin|Garganacl, F|100\/100\n|move|p2a: Blacephalon|Fire Blast|p1a: Rock C*ck Ballin\n|-resisted|p1a: Rock C*ck Ballin\n|-damage|p1a: Rock C*ck Ballin|80\/100\n|\n|-heal|p1a: Rock C*ck Ballin|87\/100|[from] item: Leftovers\n|upkeep\n|turn|23\n|\n|t:|1699907578\n|switch|p2a: Kartana|Kartana|72\/100\n|-damage|p2a: Kartana|65\/100|[from] Stealth Rock\n|move|p1a: Rock C*ck Ballin|Salt Cure|p2a: Kartana\n|-resisted|p2a: Kartana\n|-damage|p2a: Kartana|57\/100\n|-start|p2a: Kartana|Salt Cure\n|\n|-heal|p1a: Rock C*ck Ballin|93\/100|[from] item: Leftovers\n|-damage|p2a: Kartana|33\/100|[from] Salt Cure\n|upkeep\n|turn|24\n|\n|t:|1699907582\n|switch|p1a: Ferroussy|Ferrothorn, M|65\/100\n|move|p2a: Kartana|Sacred Sword|p1a: Ferroussy\n|-supereffective|p1a: Ferroussy\n|-damage|p1a: Ferroussy|0 fnt\n|-damage|p2a: Kartana|20\/100|[from] ability: Iron Barbs|[of] p1a: Ferroussy\n|faint|p1a: Ferroussy\n|-ability|p2a: Kartana|Beast Boost|boost\n|-boost|p2a: Kartana|atk|1\n|\n|-damage|p2a: Kartana|0 fnt|[from] Salt Cure\n|faint|p2a: Kartana\n|upkeep\n|c|\u2606halpu|bro i hate garg so much\n|c|\u2606halpu|this fat shit team of yours is insane\n|c|\u2606halpu|i cba to endure this, have a good day\n|inactive|halpu has 120 seconds left.\n|-message|halpu forfeited.\n|\n|win|Bblacksniper\n|raw|Bblacksniper's rating: 1414 &rarr; <strong>1441<\/strong><br \/>(+27 for winning)\n|raw|halpu's rating: 1538 &rarr; <strong>1511<\/strong><br \/>(-27 for losing)\n|l|\u2606halpu\n","uploadtime":1699907593,"views":4,"p1id":"bblacksniper","p2id":"halpu","formatid":"gen9nationaldex","rating":1441,"private":0,"password":""}