{"id":"gen9nationaldex-1991024784","p1":"JustSnakessss","p2":"saziki","format":"[Gen 9] National Dex","log":"|j|\u2606JustSnakessss\n|j|\u2606saziki\n|t:|1700030025\n|gametype|singles\n|player|p1|JustSnakessss|pokemonbreederf-gen4|1242\n|player|p2|saziki|giovanni|1389\n|teamsize|p1|6\n|teamsize|p2|6\n|gen|9\n|tier|[Gen 9] National Dex\n|rated|\n|rule|HP Percentage Mod: HP is shown in percentages\n|rule|Endless Battle Clause: Forcing endless battles is banned\n|rule|OHKO Clause: OHKO moves are banned\n|rule|Evasion Clause: Evasion abilities, items, and moves are banned\n|rule|Evasion Abilities Clause: Evasion abilities are banned\n|rule|Evasion Items Clause: Evasion items are banned\n|rule|Evasion Moves Clause: Evasion moves are banned\n|rule|Species Clause: Limit one of each Pok\u00e9mon\n|rule|Sleep Clause Mod: Limit one foe put to sleep\n|clearpoke\n|poke|p1|Serperior, M|\n|poke|p1|Sandaconda, F|\n|poke|p1|Milotic, F|\n|poke|p1|Dragonair, F|\n|poke|p1|Seviper, M|\n|poke|p1|Gyarados, M|\n|poke|p2|Dragonite, F|\n|poke|p2|Ferrothorn, M|\n|poke|p2|Charizard, M|\n|poke|p2|Gliscor, F|\n|poke|p2|Sneasler, M|\n|poke|p2|Tapu Lele|\n|teampreview\n|\n|t:|1700030037\n|start\n|switch|p1a: Snake Pope|Sandaconda, F|100\/100\n|switch|p2a: Charizard|Charizard, M|100\/100\n|turn|1\n|c|\u2606saziki|snake team\n|c|\u2606JustSnakessss|U like Ssssssnakes?\n|\n|t:|1700030059\n|detailschange|p2a: Charizard|Charizard-Mega-Y, M\n|-mega|p2a: Charizard|Charizard|Charizardite Y\n|-weather|SunnyDay|[from] ability: Drought|[of] p2a: Charizard\n|move|p2a: Charizard|Air Slash|p1a: Snake Pope\n|-damage|p1a: Snake Pope|38\/100\n|move|p1a: Snake Pope|Stealth Rock|p2a: Charizard\n|-sidestart|p2: saziki|move: Stealth Rock\n|\n|-weather|SunnyDay|[upkeep]\n|-heal|p1a: Snake Pope|44\/100|[from] item: Leftovers\n|upkeep\n|turn|2\n|\n|t:|1700030068\n|move|p2a: Charizard|Air Slash|p1a: Snake Pope\n|-damage|p1a: Snake Pope|0 fnt\n|faint|p1a: Snake Pope\n|\n|-weather|SunnyDay|[upkeep]\n|upkeep\n|c|\u2606saziki|no\n|\n|t:|1700030079\n|switch|p1a: Snake Queen|Milotic, F|100\/100\n|turn|3\n|c|\u2606JustSnakessss|whyyy\n|\n|t:|1700030088\n|move|p2a: Charizard|Solar Beam||[still]\n|-prepare|p2a: Charizard|Solar Beam\n|-anim|p2a: Charizard|Solar Beam|p1a: Snake Queen\n|-supereffective|p1a: Snake Queen\n|-damage|p1a: Snake Queen|44\/100\n|move|p1a: Snake Queen|Scald|p2a: Charizard\n|-supereffective|p2a: Charizard\n|-damage|p2a: Charizard|76\/100\n|\n|-weather|SunnyDay|[upkeep]\n|-heal|p1a: Snake Queen|50\/100|[from] item: Leftovers\n|upkeep\n|turn|4\n|\n|t:|1700030105\n|-terastallize|p1a: Snake Queen|Dragon\n|move|p2a: Charizard|Solar Beam||[still]\n|-prepare|p2a: Charizard|Solar Beam\n|-anim|p2a: Charizard|Solar Beam|p1a: Snake Queen\n|-resisted|p1a: Snake Queen\n|-damage|p1a: Snake Queen|37\/100\n|move|p1a: Snake Queen|Recover|p1a: Snake Queen\n|-heal|p1a: Snake Queen|87\/100\n|\n|-weather|SunnyDay|[upkeep]\n|-heal|p1a: Snake Queen|93\/100|[from] item: Leftovers\n|upkeep\n|turn|5\n|c|\u2606saziki|little ugly\n|c|\u2606saziki|in my view\n|c|\u2606JustSnakessss|They are cute\n|\n|t:|1700030131\n|switch|p2a: Ferrothorn|Ferrothorn, M|100\/100\n|-damage|p2a: Ferrothorn|94\/100|[from] Stealth Rock\n|move|p1a: Snake Queen|Scald|p2a: Ferrothorn\n|-resisted|p2a: Ferrothorn\n|-damage|p2a: Ferrothorn|90\/100\n|\n|-weather|none\n|-heal|p1a: Snake Queen|99\/100|[from] item: Leftovers\n|-heal|p2a: Ferrothorn|96\/100|[from] item: Leftovers\n|upkeep\n|turn|6\n|c|\u2606JustSnakessss|So silly creatures\n|\n|t:|1700030149\n|switch|p1a: Snake Inquisition|Gyarados, M|100\/100\n|-ability|p1a: Snake Inquisition|Intimidate|boost\n|-unboost|p2a: Ferrothorn|atk|1\n|move|p2a: Ferrothorn|Leech Seed|p1a: Snake Inquisition\n|-start|p1a: Snake Inquisition|move: Leech Seed\n|\n|-heal|p2a: Ferrothorn|100\/100|[from] item: Leftovers\n|-damage|p1a: Snake Inquisition|88\/100|[from] Leech Seed|[of] p2a: Ferrothorn\n|upkeep\n|turn|7\n|c|\u2606saziki|okay\n|\n|t:|1700030161\n|switch|p1a: Snake Executioner|Seviper, M|100\/100\n|move|p2a: Ferrothorn|Power Whip|p1a: Snake Executioner\n|-resisted|p1a: Snake Executioner\n|-damage|p1a: Snake Executioner|80\/100\n|\n|-heal|p1a: Snake Executioner|86\/100|[from] item: Leftovers\n|upkeep\n|turn|8\n|\n|t:|1700030172\n|move|p1a: Snake Executioner|Coil|p1a: Snake Executioner\n|-boost|p1a: Snake Executioner|atk|1\n|-boost|p1a: Snake Executioner|def|1\n|-boost|p1a: Snake Executioner|accuracy|1\n|move|p2a: Ferrothorn|Gyro Ball|p1a: Snake Executioner\n|-damage|p1a: Snake Executioner|63\/100\n|\n|-heal|p1a: Snake Executioner|69\/100|[from] item: Leftovers\n|upkeep\n|turn|9\n|\n|t:|1700030180\n|move|p1a: Snake Executioner|Coil|p1a: Snake Executioner\n|-boost|p1a: Snake Executioner|atk|1\n|-boost|p1a: Snake Executioner|def|1\n|-boost|p1a: Snake Executioner|accuracy|1\n|move|p2a: Ferrothorn|Leech Seed|p1a: Snake Executioner|[miss]\n|-miss|p2a: Ferrothorn|p1a: Snake Executioner\n|\n|-heal|p1a: Snake Executioner|75\/100|[from] item: Leftovers\n|upkeep\n|turn|10\n|\n|t:|1700030191\n|move|p1a: Snake Executioner|Coil|p1a: Snake Executioner\n|-boost|p1a: Snake Executioner|atk|1\n|-boost|p1a: Snake Executioner|def|1\n|-boost|p1a: Snake Executioner|accuracy|1\n|move|p2a: Ferrothorn|Leech Seed|p1a: Snake Executioner\n|-start|p1a: Snake Executioner|move: Leech Seed\n|\n|-heal|p1a: Snake Executioner|81\/100|[from] item: Leftovers\n|-damage|p1a: Snake Executioner|69\/100|[from] Leech Seed|[of] p2a: Ferrothorn\n|upkeep\n|turn|11\n|\n|t:|1700030200\n|move|p1a: Snake Executioner|Earthquake|p2a: Ferrothorn\n|-damage|p2a: Ferrothorn|43\/100\n|move|p2a: Ferrothorn|Gyro Ball|p1a: Snake Executioner\n|-damage|p1a: Snake Executioner|54\/100\n|\n|-heal|p1a: Snake Executioner|60\/100|[from] item: Leftovers\n|-heal|p2a: Ferrothorn|49\/100|[from] item: Leftovers\n|-damage|p1a: Snake Executioner|48\/100|[from] Leech Seed|[of] p2a: Ferrothorn\n|-heal|p2a: Ferrothorn|61\/100|[silent]\n|upkeep\n|turn|12\n|\n|t:|1700030210\n|switch|p2a: Gliscor|Gliscor, F|100\/100\n|-damage|p2a: Gliscor|88\/100|[from] Stealth Rock\n|move|p1a: Snake Executioner|Earthquake|p2a: Gliscor\n|-immune|p2a: Gliscor\n|\n|-heal|p1a: Snake Executioner|54\/100|[from] item: Leftovers\n|-damage|p1a: Snake Executioner|41\/100|[from] Leech Seed|[of] p2a: Gliscor\n|-heal|p2a: Gliscor|99\/100|[silent]\n|-status|p2a: Gliscor|tox|[from] item: Toxic Orb\n|upkeep\n|turn|13\n|\n|t:|1700030224\n|move|p2a: Gliscor|Protect|p2a: Gliscor\n|-singleturn|p2a: Gliscor|Protect\n|move|p1a: Snake Executioner|Gunk Shot|p2a: Gliscor\n|-activate|p2a: Gliscor|move: Protect\n|\n|-heal|p1a: Snake Executioner|47\/100|[from] item: Leftovers\n|-damage|p1a: Snake Executioner|35\/100|[from] Leech Seed|[of] p2a: Gliscor\n|-heal|p2a: Gliscor|100\/100 tox|[silent]\n|upkeep\n|turn|14\n|\n|t:|1700030238\n|switch|p2a: Ferrothorn|Ferrothorn, M|61\/100\n|-damage|p2a: Ferrothorn|55\/100|[from] Stealth Rock\n|move|p1a: Snake Executioner|Rest|p1a: Snake Executioner\n|-status|p1a: Snake Executioner|slp|[from] move: Rest\n|-heal|p1a: Snake Executioner|100\/100 slp|[silent]\n|\n|-heal|p2a: Ferrothorn|61\/100|[from] item: Leftovers\n|-damage|p1a: Snake Executioner|88\/100 slp|[from] Leech Seed|[of] p2a: Ferrothorn\n|-heal|p2a: Ferrothorn|74\/100|[silent]\n|upkeep\n|turn|15\n|\n|t:|1700030252\n|cant|p1a: Snake Executioner|slp\n|move|p2a: Ferrothorn|Gyro Ball|p1a: Snake Executioner\n|-damage|p1a: Snake Executioner|68\/100 slp\n|\n|-activate|p1a: Snake Executioner|ability: Shed Skin\n|-curestatus|p1a: Snake Executioner|slp|[msg]\n|-heal|p1a: Snake Executioner|74\/100|[from] item: Leftovers\n|-heal|p2a: Ferrothorn|80\/100|[from] item: Leftovers\n|-damage|p1a: Snake Executioner|62\/100|[from] Leech Seed|[of] p2a: Ferrothorn\n|-heal|p2a: Ferrothorn|92\/100|[silent]\n|upkeep\n|turn|16\n|\n|t:|1700030265\n|move|p2a: Ferrothorn|Protect|p2a: Ferrothorn\n|-singleturn|p2a: Ferrothorn|Protect\n|move|p1a: Snake Executioner|Coil|p1a: Snake Executioner\n|-boost|p1a: Snake Executioner|atk|1\n|-boost|p1a: Snake Executioner|def|1\n|-boost|p1a: Snake Executioner|accuracy|1\n|\n|-heal|p1a: Snake Executioner|68\/100|[from] item: Leftovers\n|-heal|p2a: Ferrothorn|98\/100|[from] item: Leftovers\n|-damage|p1a: Snake Executioner|56\/100|[from] Leech Seed|[of] p2a: Ferrothorn\n|-heal|p2a: Ferrothorn|100\/100|[silent]\n|upkeep\n|turn|17\n|\n|t:|1700030275\n|move|p1a: Snake Executioner|Coil|p1a: Snake Executioner\n|-boost|p1a: Snake Executioner|atk|1\n|-boost|p1a: Snake Executioner|def|1\n|-boost|p1a: Snake Executioner|accuracy|1\n|move|p2a: Ferrothorn|Gyro Ball|p1a: Snake Executioner\n|-crit|p1a: Snake Executioner\n|-damage|p1a: Snake Executioner|0 fnt\n|faint|p1a: Snake Executioner\n|\n|upkeep\n|\n|t:|1700030287\n|switch|p1a: Snake King|Serperior, M|100\/100\n|turn|18\n|\n|t:|1700030296\n|move|p1a: Snake King|Leaf Storm|p2a: Ferrothorn\n|-resisted|p2a: Ferrothorn\n|-damage|p2a: Ferrothorn|92\/100\n|-boost|p1a: Snake King|spa|2\n|move|p2a: Ferrothorn|Gyro Ball|p1a: Snake King\n|-damage|p1a: Snake King|46\/100\n|\n|-heal|p2a: Ferrothorn|98\/100|[from] item: Leftovers\n|upkeep\n|turn|19\n|\n|t:|1700030309\n|move|p1a: Snake King|Hidden Power|p2a: Ferrothorn\n|-supereffective|p2a: Ferrothorn\n|-damage|p2a: Ferrothorn|20\/100\n|move|p2a: Ferrothorn|Gyro Ball|p1a: Snake King\n|-damage|p1a: Snake King|0 fnt\n|faint|p1a: Snake King\n|\n|-heal|p2a: Ferrothorn|26\/100|[from] item: Leftovers\n|upkeep\n|\n|t:|1700030323\n|switch|p1a: Snake Captain|Dragonair, F|100\/100\n|turn|20\n|\n|t:|1700030330\n|move|p2a: Ferrothorn|Protect|p2a: Ferrothorn\n|-singleturn|p2a: Ferrothorn|Protect\n|move|p1a: Snake Captain|Dragon Dance|p1a: Snake Captain\n|-boost|p1a: Snake Captain|atk|1\n|-boost|p1a: Snake Captain|spe|1\n|\n|-heal|p2a: Ferrothorn|32\/100|[from] item: Leftovers\n|upkeep\n|turn|21\n|c|\u2606saziki|\uff1f\n|\n|t:|1700030339\n|move|p1a: Snake Captain|Outrage|p2a: Ferrothorn\n|-resisted|p2a: Ferrothorn\n|-damage|p2a: Ferrothorn|5\/100\n|-damage|p1a: Snake Captain|88\/100|[from] ability: Iron Barbs|[of] p2a: Ferrothorn\n|move|p2a: Ferrothorn|Leech Seed|p1a: Snake Captain\n|-start|p1a: Snake Captain|move: Leech Seed\n|\n|-heal|p2a: Ferrothorn|11\/100|[from] item: Leftovers\n|-damage|p1a: Snake Captain|75\/100|[from] Leech Seed|[of] p2a: Ferrothorn\n|-heal|p2a: Ferrothorn|21\/100|[silent]\n|upkeep\n|turn|22\n|c|\u2606saziki|unexpected\n|\n|t:|1700030362\n|move|p2a: Ferrothorn|Protect|p2a: Ferrothorn\n|-singleturn|p2a: Ferrothorn|Protect\n|move|p1a: Snake Captain|Outrage|p2a: Ferrothorn|[from]lockedmove\n|-activate|p2a: Ferrothorn|move: Protect\n|\n|-heal|p2a: Ferrothorn|27\/100|[from] item: Leftovers\n|-damage|p1a: Snake Captain|63\/100|[from] Leech Seed|[of] p2a: Ferrothorn\n|-heal|p2a: Ferrothorn|36\/100|[silent]\n|upkeep\n|turn|23\n|c|\u2606JustSnakessss|The snakes are quite the same...\n|\n|t:|1700030385\n|move|p1a: Snake Captain|Outrage|p2a: Ferrothorn\n|-resisted|p2a: Ferrothorn\n|-damage|p2a: Ferrothorn|10\/100\n|-damage|p1a: Snake Captain|50\/100|[from] ability: Iron Barbs|[of] p2a: Ferrothorn\n|move|p2a: Ferrothorn|Gyro Ball|p1a: Snake Captain\n|-damage|p1a: Snake Captain|0 fnt\n|faint|p1a: Snake Captain\n|\n|-heal|p2a: Ferrothorn|16\/100|[from] item: Leftovers\n|upkeep\n|\n|t:|1700030398\n|switch|p1a: Snake Inquisition|Gyarados, M|88\/100\n|-ability|p1a: Snake Inquisition|Intimidate|boost\n|-unboost|p2a: Ferrothorn|atk|1\n|turn|24\n|\n|t:|1700030406\n|move|p1a: Snake Inquisition|Substitute|p1a: Snake Inquisition\n|-start|p1a: Snake Inquisition|Substitute\n|-damage|p1a: Snake Inquisition|63\/100\n|move|p2a: Ferrothorn|Leech Seed||[still]\n|-fail|p2a: Ferrothorn\n|\n|-heal|p2a: Ferrothorn|22\/100|[from] item: Leftovers\n|upkeep\n|turn|25\n|\n|t:|1700030417\n|move|p1a: Snake Inquisition|Dragon Dance|p1a: Snake Inquisition\n|-boost|p1a: Snake Inquisition|atk|1\n|-boost|p1a: Snake Inquisition|spe|1\n|move|p2a: Ferrothorn|Power Whip|p1a: Snake Inquisition\n|-end|p1a: Snake Inquisition|Substitute\n|\n|-heal|p2a: Ferrothorn|29\/100|[from] item: Leftovers\n|upkeep\n|turn|26\n|\n|t:|1700030429\n|detailschange|p1a: Snake Inquisition|Gyarados-Mega, M\n|-mega|p1a: Snake Inquisition|Gyarados|Gyaradosite\n|-ability|p1a: Snake Inquisition|Mold Breaker\n|move|p1a: Snake Inquisition|Crunch|p2a: Ferrothorn\n|-damage|p2a: Ferrothorn|0 fnt\n|-damage|p1a: Snake Inquisition|51\/100|[from] ability: Iron Barbs|[of] p2a: Ferrothorn\n|faint|p2a: Ferrothorn\n|\n|upkeep\n|\n|t:|1700030441\n|switch|p2a: Gliscor|Gliscor, F|100\/100 tox\n|-damage|p2a: Gliscor|88\/100 tox|[from] Stealth Rock\n|turn|27\n|\n|t:|1700030449\n|move|p1a: Snake Inquisition|Substitute|p1a: Snake Inquisition\n|-start|p1a: Snake Inquisition|Substitute\n|-damage|p1a: Snake Inquisition|26\/100\n|move|p2a: Gliscor|Toxic||[still]\n|-fail|p2a: Gliscor\n|\n|-heal|p2a: Gliscor|100\/100 tox|[from] ability: Poison Heal\n|upkeep\n|turn|28\n|\n|t:|1700030457\n|move|p1a: Snake Inquisition|Dragon Dance|p1a: Snake Inquisition\n|-boost|p1a: Snake Inquisition|atk|1\n|-boost|p1a: Snake Inquisition|spe|1\n|move|p2a: Gliscor|Earthquake|p1a: Snake Inquisition\n|-end|p1a: Snake Inquisition|Substitute\n|\n|upkeep\n|turn|29\n|\n|t:|1700030466\n|move|p1a: Snake Inquisition|Waterfall|p2a: Gliscor\n|-supereffective|p2a: Gliscor\n|-damage|p2a: Gliscor|0 fnt\n|faint|p2a: Gliscor\n|\n|upkeep\n|\n|t:|1700030471\n|switch|p2a: Dragonite|Dragonite, F|100\/100\n|turn|30\n|\n|t:|1700030476\n|move|p2a: Dragonite|Extreme Speed|p1a: Snake Inquisition\n|-damage|p1a: Snake Inquisition|0 fnt\n|faint|p1a: Snake Inquisition\n|\n|upkeep\n|\n|t:|1700030480\n|switch|p1a: Snake Queen|Milotic, F, tera:Dragon|99\/100\n|turn|31\n|\n|t:|1700030489\n|move|p1a: Snake Queen|Scald|p2a: Dragonite\n|-resisted|p2a: Dragonite\n|-damage|p2a: Dragonite|95\/100\n|move|p2a: Dragonite|Curse|p2a: Dragonite\n|-unboost|p2a: Dragonite|spe|1\n|-boost|p2a: Dragonite|atk|1\n|-boost|p2a: Dragonite|def|1\n|\n|-heal|p1a: Snake Queen|100\/100|[from] item: Leftovers\n|upkeep\n|turn|32\n|\n|t:|1700030499\n|move|p1a: Snake Queen|Haze|p1a: Snake Queen\n|-clearallboost\n|move|p2a: Dragonite|Earthquake|p1a: Snake Queen\n|-damage|p1a: Snake Queen|59\/100\n|\n|-heal|p1a: Snake Queen|65\/100|[from] item: Leftovers\n|upkeep\n|turn|33\n|\n|t:|1700030507\n|move|p1a: Snake Queen|Scald|p2a: Dragonite\n|-resisted|p2a: Dragonite\n|-damage|p2a: Dragonite|82\/100\n|move|p2a: Dragonite|Earthquake|p1a: Snake Queen\n|-damage|p1a: Snake Queen|24\/100\n|\n|-heal|p1a: Snake Queen|30\/100|[from] item: Leftovers\n|upkeep\n|turn|34\n|\n|t:|1700030515\n|move|p1a: Snake Queen|Recover|p1a: Snake Queen\n|-heal|p1a: Snake Queen|80\/100\n|move|p2a: Dragonite|Earthquake|p1a: Snake Queen\n|-damage|p1a: Snake Queen|37\/100\n|\n|-heal|p1a: Snake Queen|43\/100|[from] item: Leftovers\n|upkeep\n|turn|35\n|\n|t:|1700030522\n|move|p1a: Snake Queen|Recover|p1a: Snake Queen\n|-heal|p1a: Snake Queen|93\/100\n|move|p2a: Dragonite|Earthquake|p1a: Snake Queen\n|-damage|p1a: Snake Queen|51\/100\n|\n|-heal|p1a: Snake Queen|57\/100|[from] item: Leftovers\n|upkeep\n|turn|36\n|\n|t:|1700030529\n|move|p1a: Snake Queen|Scald|p2a: Dragonite\n|-resisted|p2a: Dragonite\n|-damage|p2a: Dragonite|69\/100\n|-status|p2a: Dragonite|brn\n|move|p2a: Dragonite|Earthquake|p1a: Snake Queen\n|-damage|p1a: Snake Queen|37\/100\n|\n|-heal|p1a: Snake Queen|43\/100|[from] item: Leftovers\n|-damage|p2a: Dragonite|63\/100 brn|[from] brn\n|upkeep\n|turn|37\n|\n|t:|1700030540\n|move|p1a: Snake Queen|Recover|p1a: Snake Queen\n|-heal|p1a: Snake Queen|93\/100\n|move|p2a: Dragonite|Earthquake|p1a: Snake Queen\n|-damage|p1a: Snake Queen|74\/100\n|\n|-heal|p1a: Snake Queen|80\/100|[from] item: Leftovers\n|-damage|p2a: Dragonite|57\/100 brn|[from] brn\n|upkeep\n|turn|38\n|\n|t:|1700030551\n|move|p1a: Snake Queen|Scald|p2a: Dragonite\n|-resisted|p2a: Dragonite\n|-damage|p2a: Dragonite|45\/100 brn\n|move|p2a: Dragonite|Earthquake|p1a: Snake Queen\n|-damage|p1a: Snake Queen|58\/100\n|\n|-heal|p1a: Snake Queen|64\/100|[from] item: Leftovers\n|-damage|p2a: Dragonite|39\/100 brn|[from] brn\n|upkeep\n|turn|39\n|\n|t:|1700030560\n|move|p1a: Snake Queen|Scald|p2a: Dragonite\n|-resisted|p2a: Dragonite\n|-damage|p2a: Dragonite|26\/100 brn\n|move|p2a: Dragonite|Roost|p2a: Dragonite\n|-heal|p2a: Dragonite|76\/100 brn\n|-singleturn|p2a: Dragonite|move: Roost\n|\n|-heal|p1a: Snake Queen|70\/100|[from] item: Leftovers\n|-damage|p2a: Dragonite|70\/100 brn|[from] brn\n|upkeep\n|turn|40\n|\n|t:|1700030571\n|move|p1a: Snake Queen|Scald|p2a: Dragonite\n|-resisted|p2a: Dragonite\n|-damage|p2a: Dragonite|58\/100 brn\n|move|p2a: Dragonite|Earthquake|p1a: Snake Queen\n|-damage|p1a: Snake Queen|48\/100\n|\n|-heal|p1a: Snake Queen|54\/100|[from] item: Leftovers\n|-damage|p2a: Dragonite|52\/100 brn|[from] brn\n|upkeep\n|turn|41\n|c|\u2606saziki|added speed\uff1f\n|\n|t:|1700030584\n|move|p1a: Snake Queen|Scald|p2a: Dragonite\n|-resisted|p2a: Dragonite\n|-damage|p2a: Dragonite|39\/100 brn\n|move|p2a: Dragonite|Earthquake|p1a: Snake Queen\n|-damage|p1a: Snake Queen|33\/100\n|\n|-heal|p1a: Snake Queen|39\/100|[from] item: Leftovers\n|-damage|p2a: Dragonite|33\/100 brn|[from] brn\n|upkeep\n|turn|42\n|c|\u2606JustSnakessss|One must imagine...\n|\n|t:|1700030595\n|move|p1a: Snake Queen|Recover|p1a: Snake Queen\n|-heal|p1a: Snake Queen|89\/100\n|move|p2a: Dragonite|Roost|p2a: Dragonite\n|-heal|p2a: Dragonite|83\/100 brn\n|-singleturn|p2a: Dragonite|move: Roost\n|\n|-heal|p1a: Snake Queen|95\/100|[from] item: Leftovers\n|-damage|p2a: Dragonite|77\/100 brn|[from] brn\n|upkeep\n|turn|43\n|\n|t:|1700030610\n|move|p1a: Snake Queen|Scald|p2a: Dragonite\n|-resisted|p2a: Dragonite\n|-damage|p2a: Dragonite|64\/100 brn\n|move|p2a: Dragonite|Earthquake|p1a: Snake Queen\n|-crit|p1a: Snake Queen\n|-damage|p1a: Snake Queen|65\/100\n|\n|-heal|p1a: Snake Queen|72\/100|[from] item: Leftovers\n|-damage|p2a: Dragonite|58\/100 brn|[from] brn\n|upkeep\n|turn|44\n|\n|t:|1700030619\n|move|p1a: Snake Queen|Scald|p2a: Dragonite\n|-resisted|p2a: Dragonite\n|-damage|p2a: Dragonite|45\/100 brn\n|move|p2a: Dragonite|Earthquake|p1a: Snake Queen\n|-damage|p1a: Snake Queen|51\/100\n|\n|-heal|p1a: Snake Queen|57\/100|[from] item: Leftovers\n|-damage|p2a: Dragonite|39\/100 brn|[from] brn\n|upkeep\n|turn|45\n|\n|t:|1700030629\n|move|p1a: Snake Queen|Scald|p2a: Dragonite\n|-resisted|p2a: Dragonite\n|-damage|p2a: Dragonite|26\/100 brn\n|move|p2a: Dragonite|Roost|p2a: Dragonite\n|-heal|p2a: Dragonite|76\/100 brn\n|-singleturn|p2a: Dragonite|move: Roost\n|\n|-heal|p1a: Snake Queen|63\/100|[from] item: Leftovers\n|-damage|p2a: Dragonite|70\/100 brn|[from] brn\n|upkeep\n|turn|46\n|c|\u2606JustSnakessss|Why you dont have dragon type attacks?\n|\n|t:|1700030646\n|move|p1a: Snake Queen|Scald|p2a: Dragonite\n|-resisted|p2a: Dragonite\n|-damage|p2a: Dragonite|57\/100 brn\n|move|p2a: Dragonite|Earthquake|p1a: Snake Queen\n|-damage|p1a: Snake Queen|45\/100\n|\n|-heal|p1a: Snake Queen|51\/100|[from] item: Leftovers\n|-damage|p2a: Dragonite|51\/100 brn|[from] brn\n|upkeep\n|turn|47\n|c|\u2606saziki|not take it\n|\n|t:|1700030659\n|move|p1a: Snake Queen|Scald|p2a: Dragonite\n|-resisted|p2a: Dragonite\n|-damage|p2a: Dragonite|40\/100 brn\n|move|p2a: Dragonite|Earthquake|p1a: Snake Queen\n|-damage|p1a: Snake Queen|28\/100\n|\n|-heal|p1a: Snake Queen|35\/100|[from] item: Leftovers\n|-damage|p2a: Dragonite|34\/100 brn|[from] brn\n|upkeep\n|turn|48\n|c|\u2606JustSnakessss|gg lol\n|c|\u2606saziki|gg\n|\n|t:|1700030671\n|move|p1a: Snake Queen|Recover|p1a: Snake Queen\n|-heal|p1a: Snake Queen|85\/100\n|move|p2a: Dragonite|Earthquake|p1a: Snake Queen\n|-damage|p1a: Snake Queen|65\/100\n|\n|-heal|p1a: Snake Queen|71\/100|[from] item: Leftovers\n|-damage|p2a: Dragonite|27\/100 brn|[from] brn\n|upkeep\n|turn|49\n|\n|t:|1700030679\n|move|p1a: Snake Queen|Scald|p2a: Dragonite\n|-resisted|p2a: Dragonite\n|-damage|p2a: Dragonite|16\/100 brn\n|move|p2a: Dragonite|Earthquake|p1a: Snake Queen\n|-damage|p1a: Snake Queen|51\/100\n|\n|-heal|p1a: Snake Queen|57\/100|[from] item: Leftovers\n|-damage|p2a: Dragonite|10\/100 brn|[from] brn\n|upkeep\n|turn|50\n|\n|t:|1700030688\n|move|p1a: Snake Queen|Scald|p2a: Dragonite\n|-resisted|p2a: Dragonite\n|-damage|p2a: Dragonite|0 fnt\n|faint|p2a: Dragonite\n|\n|-heal|p1a: Snake Queen|63\/100|[from] item: Leftovers\n|upkeep\n|\n|t:|1700030695\n|switch|p2a: Tapu Lele|Tapu Lele|100\/100\n|-damage|p2a: Tapu Lele|88\/100|[from] Stealth Rock\n|-fieldstart|move: Psychic Terrain|[from] ability: Psychic Surge|[of] p2a: Tapu Lele\n|turn|51\n|\n|t:|1700030705\n|move|p2a: Tapu Lele|Moonblast|p1a: Snake Queen\n|-supereffective|p1a: Snake Queen\n|-damage|p1a: Snake Queen|8\/100\n|move|p1a: Snake Queen|Mirror Coat|p2a: Tapu Lele\n|-damage|p2a: Tapu Lele|0 fnt\n|faint|p2a: Tapu Lele\n|\n|-heal|p1a: Snake Queen|14\/100|[from] item: Leftovers\n|upkeep\n|c|\u2606saziki|wow\n|\n|t:|1700030715\n|switch|p2a: Sneasler|Sneasler, M|100\/100\n|-damage|p2a: Sneasler|95\/100|[from] Stealth Rock\n|-enditem|p2a: Sneasler|Psychic Seed\n|-boost|p2a: Sneasler|spd|1|[from] item: Psychic Seed\n|turn|52\n|c|\u2606JustSnakessss|wow indeed\n|\n|t:|1700030726\n|move|p2a: Sneasler|Dire Claw|p1a: Snake Queen\n|-damage|p1a: Snake Queen|0 fnt\n|faint|p1a: Snake Queen\n|\n|win|saziki\n|raw|JustSnakessss's rating: 1242 &rarr; <strong>1227<\/strong><br \/>(-15 for losing)\n|raw|saziki's rating: 1389 &rarr; <strong>1401<\/strong><br \/>(+12 for winning)\n|c|\u2606JustSnakessss|gg\n|c|\u2606saziki|gg\n|c|\u2606JustSnakessss|I hope u like more snakes\n|c|\u2606saziki|okay\n|c|\u2606saziki|i will\n|c|\u2606JustSnakessss|yaay\n|c|\u2606JustSnakessss|ily\n|c|\u2606JustSnakessss|Snakes love you too\n|c|\u2606JustSnakessss|ssssss\n|c|\u2606saziki|so cute\n|c|\u2606JustSnakessss|Yes they are\n|c|\u2606saziki|bye \u6ca1\u6709\u3001\n|c|\u2606JustSnakessss|Bye bye\n|c|\u2606saziki|bye my friend\n","uploadtime":1700030818,"views":5,"p1id":"justsnakessss","p2id":"saziki","formatid":"gen9nationaldex","rating":1227,"private":0,"password":""}