{"id":"gen9nationaldex-1994327608","p1":"TexanFarmersMarket","p2":"iamjustanillusion","format":"[Gen 9] National Dex","log":"|j|\u2606TexanFarmersMarket\n|j|\u2606iamjustanillusion\n|t:|1700431528\n|gametype|singles\n|player|p1|TexanFarmersMarket|gambler|\n|player|p2|iamjustanillusion|winona|\n|teamsize|p1|6\n|teamsize|p2|6\n|gen|9\n|tier|[Gen 9] National Dex\n|rule|HP Percentage Mod: HP is shown in percentages\n|rule|Endless Battle Clause: Forcing endless battles is banned\n|rule|OHKO Clause: OHKO moves are banned\n|rule|Evasion Clause: Evasion abilities, items, and moves are banned\n|rule|Evasion Abilities Clause: Evasion abilities are banned\n|rule|Evasion Items Clause: Evasion items are banned\n|rule|Evasion Moves Clause: Evasion moves are banned\n|rule|Species Clause: Limit one of each Pok\u00e9mon\n|rule|Sleep Clause Mod: Limit one foe put to sleep\n|clearpoke\n|poke|p1|Farigiraf, F|\n|poke|p1|Ditto|\n|poke|p1|Swellow, M|\n|poke|p1|Ursaluna, M|\n|poke|p1|Zoroark-Hisui, F|\n|poke|p1|Lopunny, F|\n|poke|p2|Minior|\n|poke|p2|Flygon, M|\n|poke|p2|Gliscor, M|\n|poke|p2|Aerodactyl, F|\n|poke|p2|Latios, M|\n|poke|p2|Dragonite, M|\n|teampreview\n|c|\u2606iamjustanillusion|monkey\n|c|\u2606TexanFarmersMarket|ced jknvfkndsknjvfvdskbhfsdvbhjkjfdvshb\n|\n|t:|1700431544\n|start\n|switch|p1a: Lopunny|Lopunny, F|100\/100\n|switch|p2a: Gliscor|Gliscor, M|100\/100\n|turn|1\n|\n|t:|1700431552\n|move|p2a: Gliscor|Protect|p2a: Gliscor\n|-singleturn|p2a: Gliscor|Protect\n|move|p1a: Lopunny|Taunt|p2a: Gliscor\n|-activate|p2a: Gliscor|move: Protect\n|\n|-status|p2a: Gliscor|tox|[from] item: Toxic Orb\n|upkeep\n|turn|2\n|\n|t:|1700431566\n|move|p1a: Lopunny|Taunt|p2a: Gliscor\n|-start|p2a: Gliscor|move: Taunt\n|move|p2a: Gliscor|Earthquake|p1a: Lopunny\n|-damage|p1a: Lopunny|33\/100\n|replace|p1a: Zoroark|Zoroark-Hisui, F\n|-end|p1a: Zoroark|Illusion\n|\n|upkeep\n|turn|3\n|\n|t:|1700431577\n|switch|p1a: Ditto|Ditto|100\/100\n|-transform|p1a: Ditto|p2a: Gliscor|[from] ability: Imposter\n|move|p2a: Gliscor|Earthquake|p1a: Ditto\n|-immune|p1a: Ditto\n|\n|upkeep\n|turn|4\n|c|\u2606TexanFarmersMarket|why roost\n|c|\u2606iamjustanillusion|i dont know\n|\n|t:|1700431613\n|switch|p1a: Ursaluna|Ursaluna, M|100\/100\n|switch|p2a: Latios|Latios, M|100\/100\n|\n|-status|p1a: Ursaluna|brn|[from] item: Flame Orb\n|upkeep\n|turn|5\n|\n|t:|1700431627\n|move|p2a: Latios|Dragon Pulse|p1a: Ursaluna\n|-damage|p1a: Ursaluna|50\/100 brn\n|move|p1a: Ursaluna|Facade|p2a: Latios\n|-damage|p2a: Latios|0 fnt\n|faint|p2a: Latios\n|\n|-damage|p1a: Ursaluna|44\/100 brn|[from] brn\n|upkeep\n|c|\u2606TexanFarmersMarket|peanut butter\n|\n|t:|1700431654\n|switch|p2a: Flygon|Flygon, M|100\/100\n|turn|6\n|\n|t:|1700431658\n|move|p2a: Flygon|Power-Up Punch|p1a: Ursaluna\n|-supereffective|p1a: Ursaluna\n|-damage|p1a: Ursaluna|23\/100 brn\n|-boost|p2a: Flygon|atk|1\n|-damage|p2a: Flygon|91\/100|[from] item: Life Orb\n|move|p1a: Ursaluna|Smack Down|p2a: Flygon\n|-resisted|p2a: Flygon\n|-damage|p2a: Flygon|71\/100\n|-start|p2a: Flygon|Smack Down\n|\n|-damage|p1a: Ursaluna|17\/100 brn|[from] brn\n|upkeep\n|turn|7\n|\n|t:|1700431669\n|move|p2a: Flygon|Power-Up Punch|p1a: Ursaluna\n|-supereffective|p1a: Ursaluna\n|-damage|p1a: Ursaluna|0 fnt\n|-boost|p2a: Flygon|atk|1\n|faint|p1a: Ursaluna\n|-damage|p2a: Flygon|61\/100|[from] item: Life Orb\n|\n|upkeep\n|\n|t:|1700431674\n|switch|p1a: Ditto|Ditto|100\/100\n|-transform|p1a: Ditto|p2a: Flygon|[from] ability: Imposter\n|turn|8\n|\n|t:|1700431684\n|-terastallize|p2a: Flygon|Steel\n|move|p1a: Ditto|Dragon Claw|p2a: Flygon\n|-resisted|p2a: Flygon\n|-damage|p2a: Flygon|10\/100\n|move|p2a: Flygon|Dragon Claw|p1a: Ditto\n|-supereffective|p1a: Ditto\n|-damage|p1a: Ditto|0 fnt\n|faint|p1a: Ditto\n|-damage|p2a: Flygon|0 fnt|[from] item: Life Orb\n|faint|p2a: Flygon\n|\n|upkeep\n|c|\u2606TexanFarmersMarket|ouch\n|\n|t:|1700431699\n|switch|p2a: Aerodactyl|Aerodactyl, F|100\/100\n|switch|p1a: Lopunny|Lopunny, F|33\/100\n|-ability|p2a: Aerodactyl|Unnerve\n|turn|9\n|\n|t:|1700431707\n|detailschange|p2a: Aerodactyl|Aerodactyl-Mega, F\n|-mega|p2a: Aerodactyl|Aerodactyl|Aerodactylite\n|move|p2a: Aerodactyl|Dual Wingbeat|p1a: Lopunny\n|-damage|p1a: Lopunny|0 fnt\n|replace|p1a: Zoroark|Zoroark-Hisui, F\n|-end|p1a: Zoroark|Illusion\n|faint|p1a: Zoroark\n|-hitcount|p1: Zoroark|1\n|\n|upkeep\n|\n|t:|1700431713\n|switch|p1a: Farigiraf|Farigiraf, F|100\/100\n|turn|10\n|\n|t:|1700431725\n|move|p2a: Aerodactyl|Dual Wingbeat|p1a: Farigiraf\n|-damage|p1a: Farigiraf|69\/100\n|-damage|p1a: Farigiraf|39\/100\n|-enditem|p1a: Farigiraf|Sitrus Berry|[eat]\n|-heal|p1a: Farigiraf|64\/100|[from] item: Sitrus Berry\n|-hitcount|p1a: Farigiraf|2\n|move|p1a: Farigiraf|Calm Mind|p1a: Farigiraf\n|-boost|p1a: Farigiraf|spa|1\n|-boost|p1a: Farigiraf|spd|1\n|\n|upkeep\n|turn|11\n|\n|t:|1700431734\n|move|p2a: Aerodactyl|Dual Wingbeat|p1a: Farigiraf\n|-damage|p1a: Farigiraf|34\/100\n|-damage|p1a: Farigiraf|3\/100\n|-hitcount|p1a: Farigiraf|2\n|move|p1a: Farigiraf|Psychic|p2a: Aerodactyl\n|-damage|p2a: Aerodactyl|26\/100\n|\n|-activate|p1a: Farigiraf|ability: Cud Chew\n|-enditem|p1a: Farigiraf|Sitrus Berry|[eat]\n|-heal|p1a: Farigiraf|28\/100|[from] item: Sitrus Berry\n|upkeep\n|turn|12\n|\n|t:|1700431744\n|move|p2a: Aerodactyl|Dual Wingbeat|p1a: Farigiraf\n|-damage|p1a: Farigiraf|0 fnt\n|faint|p1a: Farigiraf\n|-hitcount|p1: Farigiraf|1\n|\n|upkeep\n|\n|t:|1700431746\n|switch|p1a: Lopunny|Lopunny, F|100\/100\n|turn|13\n|\n|t:|1700431750\n|detailschange|p1a: Lopunny|Lopunny-Mega, F\n|-mega|p1a: Lopunny|Lopunny|Lopunnite\n|move|p1a: Lopunny|Fake Out|p2a: Aerodactyl\n|-resisted|p2a: Aerodactyl\n|-damage|p2a: Aerodactyl|11\/100\n|cant|p2a: Aerodactyl|flinch\n|\n|upkeep\n|turn|14\n|\n|t:|1700431762\n|switch|p1a: Swellow|Swellow, M|100\/100\n|move|p2a: Aerodactyl|Dual Wingbeat|p1a: Swellow\n|-damage|p1a: Swellow|37\/100\n|-damage|p1a: Swellow|0 fnt\n|faint|p1a: Swellow\n|-hitcount|p1: Swellow|2\n|\n|upkeep\n|\n|t:|1700431766\n|switch|p1a: Lopunny|Lopunny-Mega, F|100\/100\n|turn|15\n|c|\u2606iamjustanillusion|oh well\n|c|\u2606iamjustanillusion|gg\n|\n|t:|1700431772\n|move|p1a: Lopunny|Fake Out|p2a: Aerodactyl\n|-resisted|p2a: Aerodactyl\n|-damage|p2a: Aerodactyl|0 fnt\n|faint|p2a: Aerodactyl\n|\n|upkeep\n|\n|t:|1700431781\n|switch|p2a: Gliscor|Gliscor, M|100\/100 tox\n|turn|16\n|\n|t:|1700431785\n|move|p1a: Lopunny|Ice Punch|p2a: Gliscor\n|-supereffective|p2a: Gliscor\n|-damage|p2a: Gliscor|37\/100 tox\n|move|p2a: Gliscor|Toxic|p1a: Lopunny\n|-status|p1a: Lopunny|tox\n|\n|-damage|p1a: Lopunny|95\/100 tox|[from] psn\n|-heal|p2a: Gliscor|50\/100 tox|[from] ability: Poison Heal\n|upkeep\n|turn|17\n|\n|t:|1700431793\n|move|p2a: Gliscor|Protect|p2a: Gliscor\n|-singleturn|p2a: Gliscor|Protect\n|move|p1a: Lopunny|Ice Punch|p2a: Gliscor\n|-activate|p2a: Gliscor|move: Protect\n|\n|-damage|p1a: Lopunny|83\/100 tox|[from] psn\n|-heal|p2a: Gliscor|62\/100 tox|[from] ability: Poison Heal\n|upkeep\n|turn|18\n|\n|t:|1700431801\n|move|p1a: Lopunny|Ice Punch|p2a: Gliscor\n|-supereffective|p2a: Gliscor\n|-damage|p2a: Gliscor|0 fnt\n|faint|p2a: Gliscor\n|\n|-damage|p1a: Lopunny|65\/100 tox|[from] psn\n|upkeep\n|\n|t:|1700431806\n|switch|p2a: Minior|Minior|100\/100\n|-formechange|p2a: Minior|Minior-Meteor||[from] ability: Shields Down\n|turn|19\n|\n|t:|1700431812\n|move|p1a: Lopunny|Ice Punch|p2a: Minior\n|-supereffective|p2a: Minior\n|-damage|p2a: Minior|17\/100\n|move|p2a: Minior|Shell Smash|p2a: Minior\n|-unboost|p2a: Minior|def|1\n|-unboost|p2a: Minior|spd|1\n|-boost|p2a: Minior|atk|2\n|-boost|p2a: Minior|spa|2\n|-boost|p2a: Minior|spe|2\n|\n|-damage|p1a: Lopunny|41\/100 tox|[from] psn\n|-formechange|p2a: Minior|Minior||[from] ability: Shields Down\n|upkeep\n|turn|20\n|c|\u2606TexanFarmersMarket|aw no freeze\n|\n|t:|1700431825\n|move|p2a: Minior|Acrobatics|p1a: Lopunny\n|-supereffective|p1a: Lopunny\n|-damage|p1a: Lopunny|0 fnt\n|faint|p1a: Lopunny\n|\n|win|iamjustanillusion\n|c|\u2606iamjustanillusion|die\n|c|\u2606TexanFarmersMarket|ggwp\n|c|\u2606iamjustanillusion|gg\n","uploadtime":1700431832,"views":10,"p1id":"texanfarmersmarket","p2id":"iamjustanillusion","formatid":"gen9nationaldex","rating":0,"private":0,"password":""}