{"id":"gen9nationaldex-1991002289","p1":"blanknight","p2":"Kuzwa","format":"[Gen 9] National Dex","log":"|j|\u2606blanknight\n|j|\u2606Kuzwa\n|t:|1700026110\n|gametype|singles\n|player|p1|blanknight|dawn|1257\n|player|p2|Kuzwa|parasollady|1293\n|teamsize|p1|6\n|teamsize|p2|6\n|gen|9\n|tier|[Gen 9] National Dex\n|rated|\n|rule|HP Percentage Mod: HP is shown in percentages\n|rule|Endless Battle Clause: Forcing endless battles is banned\n|rule|OHKO Clause: OHKO moves are banned\n|rule|Evasion Clause: Evasion abilities, items, and moves are banned\n|rule|Evasion Abilities Clause: Evasion abilities are banned\n|rule|Evasion Items Clause: Evasion items are banned\n|rule|Evasion Moves Clause: Evasion moves are banned\n|rule|Species Clause: Limit one of each Pok\u00e9mon\n|rule|Sleep Clause Mod: Limit one foe put to sleep\n|clearpoke\n|poke|p1|Charizard, M|\n|poke|p1|Serperior, F|\n|poke|p1|Tyranitar, M|\n|poke|p1|Alomomola, M|\n|poke|p1|Great Tusk|\n|poke|p1|Doublade, F|\n|poke|p2|Kartana|\n|poke|p2|Weavile, M|\n|poke|p2|Ogerpon-Wellspring, F|\n|poke|p2|Zeraora|\n|poke|p2|Glimmora, M|\n|poke|p2|Urshifu-*, M|\n|teampreview\n|\n|t:|1700026126\n|start\n|switch|p1a: Great Tusk|Great Tusk, shiny|100\/100\n|switch|p2a: thing|Glimmora, M|100\/100\n|-item|p2a: thing|Air Balloon\n|turn|1\n|\n|t:|1700026133\n|move|p1a: Great Tusk|Rapid Spin|p2a: thing\n|-resisted|p2a: thing\n|-damage|p2a: thing|90\/100\n|-boost|p1a: Great Tusk|spe|1\n|-activate|p2a: thing|ability: Toxic Debris\n|-sidestart|p1: blanknight|move: Toxic Spikes\n|-enditem|p2a: thing|Air Balloon\n|-sideend|p1: blanknight|Toxic Spikes|[from] move: Rapid Spin|[of] p1a: Great Tusk\n|move|p2a: thing|Power Gem|p1a: Great Tusk\n|-resisted|p1a: Great Tusk\n|-damage|p1a: Great Tusk|85\/100\n|\n|upkeep\n|turn|2\n|inactive|Battle timer is ON: inactive players will automatically lose when time's up. (requested by blanknight)\n|\n|t:|1700026138\n|move|p1a: Great Tusk|Headlong Rush|p2a: thing\n|-supereffective|p2a: thing\n|-damage|p2a: thing|0 fnt\n|-unboost|p1a: Great Tusk|def|1\n|-unboost|p1a: Great Tusk|spd|1\n|-activate|p2a: thing|ability: Toxic Debris\n|-sidestart|p1: blanknight|move: Toxic Spikes\n|faint|p2a: thing\n|\n|upkeep\n|\n|t:|1700026144\n|switch|p2a: Junpei Iori|Weavile, M, shiny|100\/100\n|turn|3\n|\n|t:|1700026154\n|-zpower|p1a: Great Tusk\n|move|p1a: Great Tusk|Continental Crush|p2a: Junpei Iori|[zeffect]\n|-supereffective|p2a: Junpei Iori\n|-enditem|p2a: Junpei Iori|Focus Sash\n|-damage|p2a: Junpei Iori|1\/100\n|move|p2a: Junpei Iori|Ice Spinner|p1a: Great Tusk\n|-supereffective|p1a: Great Tusk\n|-damage|p1a: Great Tusk|0 fnt\n|faint|p1a: Great Tusk\n|-end|p1a: Great Tusk|Protosynthesis|[silent]\n|\n|upkeep\n|\n|t:|1700026165\n|switch|p1a: Doublade|Doublade, F, shiny|100\/100\n|turn|4\n|\n|t:|1700026168\n|move|p1a: Doublade|Shadow Sneak|p2a: Junpei Iori\n|-resisted|p2a: Junpei Iori\n|-damage|p2a: Junpei Iori|0 fnt\n|faint|p2a: Junpei Iori\n|\n|upkeep\n|\n|t:|1700026177\n|switch|p2a: Akihiko Sanada|Urshifu-Rapid-Strike, M|100\/100\n|turn|5\n|\n|t:|1700026186\n|move|p2a: Akihiko Sanada|Swords Dance|p2a: Akihiko Sanada\n|-boost|p2a: Akihiko Sanada|atk|2\n|move|p1a: Doublade|Gyro Ball|p2a: Akihiko Sanada\n|-resisted|p2a: Akihiko Sanada\n|-damage|p2a: Akihiko Sanada|68\/100\n|\n|upkeep\n|turn|6\n|\n|t:|1700026195\n|move|p2a: Akihiko Sanada|Surging Strikes|p1a: Doublade\n|-crit|p1a: Doublade\n|-damage|p1a: Doublade|81\/100\n|-crit|p1a: Doublade\n|-damage|p1a: Doublade|60\/100\n|-crit|p1a: Doublade\n|-damage|p1a: Doublade|41\/100\n|-hitcount|p1a: Doublade|3\n|move|p1a: Doublade|Shadow Claw|p2a: Akihiko Sanada\n|-damage|p2a: Akihiko Sanada|32\/100\n|\n|upkeep\n|turn|7\n|\n|t:|1700026209\n|-terastallize|p1a: Doublade|Water\n|move|p2a: Akihiko Sanada|Surging Strikes|p1a: Doublade\n|-resisted|p1a: Doublade\n|-crit|p1a: Doublade\n|-damage|p1a: Doublade|31\/100\n|-resisted|p1a: Doublade\n|-crit|p1a: Doublade\n|-damage|p1a: Doublade|22\/100\n|-resisted|p1a: Doublade\n|-crit|p1a: Doublade\n|-damage|p1a: Doublade|12\/100\n|-hitcount|p1a: Doublade|3\n|move|p1a: Doublade|Shadow Claw|p2a: Akihiko Sanada\n|-damage|p2a: Akihiko Sanada|0 fnt\n|faint|p2a: Akihiko Sanada\n|\n|upkeep\n|\n|t:|1700026219\n|switch|p2a: Ken Amada|Zeraora|100\/100\n|turn|8\n|\n|t:|1700026225\n|move|p2a: Ken Amada|Fake Out|p1a: Doublade\n|-damage|p1a: Doublade|6\/100\n|cant|p1a: Doublade|flinch\n|\n|upkeep\n|turn|9\n|\n|t:|1700026231\n|move|p2a: Ken Amada|Drain Punch|p1a: Doublade\n|-damage|p1a: Doublade|0 fnt\n|faint|p1a: Doublade\n|\n|upkeep\n|\n|t:|1700026244\n|switch|p1a: Serperior|Serperior, F, shiny|100\/100\n|-status|p1a: Serperior|psn\n|turn|10\n|\n|t:|1700026254\n|switch|p2a: Aigis|Ogerpon-Wellspring, F|100\/100\n|move|p1a: Serperior|Substitute|p1a: Serperior\n|-start|p1a: Serperior|Substitute\n|-damage|p1a: Serperior|76\/100 psn\n|\n|-heal|p1a: Serperior|82\/100 psn|[from] item: Leftovers\n|-damage|p1a: Serperior|69\/100 psn|[from] psn\n|upkeep\n|turn|11\n|\n|t:|1700026265\n|move|p1a: Serperior|Leaf Storm|p2a: Aigis|[miss]\n|-miss|p1a: Serperior|p2a: Aigis\n|move|p2a: Aigis|U-turn|p1a: Serperior\n|-supereffective|p1a: Serperior\n|-end|p1a: Serperior|Substitute\n|\n|t:|1700026270\n|switch|p2a: Ken Amada|Zeraora|100\/100|[from] U-turn\n|\n|-heal|p1a: Serperior|76\/100 psn|[from] item: Leftovers\n|-damage|p1a: Serperior|63\/100 psn|[from] psn\n|upkeep\n|turn|12\n|\n|t:|1700026274\n|move|p2a: Ken Amada|Fake Out|p1a: Serperior\n|-damage|p1a: Serperior|47\/100 psn\n|cant|p1a: Serperior|flinch\n|\n|-heal|p1a: Serperior|53\/100 psn|[from] item: Leftovers\n|-damage|p1a: Serperior|41\/100 psn|[from] psn\n|upkeep\n|turn|13\n|\n|t:|1700026278\n|move|p2a: Ken Amada|Drain Punch|p1a: Serperior\n|-crit|p1a: Serperior\n|-damage|p1a: Serperior|0 fnt\n|faint|p1a: Serperior\n|\n|upkeep\n|\n|t:|1700026286\n|switch|p1a: Tyranitar|Tyranitar, M|100\/100\n|-status|p1a: Tyranitar|psn\n|-weather|Sandstorm|[from] ability: Sand Stream|[of] p1a: Tyranitar\n|turn|14\n|\n|t:|1700026292\n|switch|p2a: Aigis|Ogerpon-Wellspring, F|100\/100\n|move|p1a: Tyranitar|Knock Off|p2a: Aigis\n|-damage|p2a: Aigis|62\/100\n|\n|-weather|Sandstorm|[upkeep]\n|-damage|p2a: Aigis|56\/100|[from] Sandstorm\n|-damage|p1a: Tyranitar|88\/100 psn|[from] psn\n|upkeep\n|turn|15\n|\n|t:|1700026303\n|move|p2a: Aigis|Horn Leech|p1a: Tyranitar\n|-supereffective|p1a: Tyranitar\n|-damage|p1a: Tyranitar|16\/100 psn\n|-heal|p2a: Aigis|100\/100|[from] drain|[of] p1a: Tyranitar\n|move|p1a: Tyranitar|Fire Blast|p2a: Aigis|[miss]\n|-miss|p1a: Tyranitar|p2a: Aigis\n|\n|-weather|Sandstorm|[upkeep]\n|-damage|p2a: Aigis|95\/100|[from] Sandstorm\n|-damage|p1a: Tyranitar|4\/100 psn|[from] psn\n|upkeep\n|turn|16\n|\n|t:|1700026313\n|move|p2a: Aigis|Ivy Cudgel|p1a: Tyranitar|[anim] Ivy Cudgel Water\n|-supereffective|p1a: Tyranitar\n|-damage|p1a: Tyranitar|0 fnt\n|faint|p1a: Tyranitar\n|\n|-weather|Sandstorm|[upkeep]\n|-damage|p2a: Aigis|89\/100|[from] Sandstorm\n|upkeep\n|\n|t:|1700026316\n|switch|p1a: Charizard|Charizard, M, shiny|100\/100\n|turn|17\n|\n|t:|1700026321\n|detailschange|p1a: Charizard|Charizard-Mega-Y, M, shiny\n|-mega|p1a: Charizard|Charizard|Charizardite Y\n|-weather|SunnyDay|[from] ability: Drought|[of] p1a: Charizard\n|move|p2a: Aigis|Ivy Cudgel|p1a: Charizard|[anim] Ivy Cudgel Water\n|-supereffective|p1a: Charizard\n|-damage|p1a: Charizard|20\/100\n|move|p1a: Charizard|Solar Beam||[still]\n|-prepare|p1a: Charizard|Solar Beam\n|-anim|p1a: Charizard|Solar Beam|p2a: Aigis\n|-damage|p2a: Aigis|30\/100\n|\n|-weather|SunnyDay|[upkeep]\n|upkeep\n|turn|18\n|-message|blanknight forfeited.\n|\n|win|Kuzwa\n|raw|blanknight's rating: 1257 &rarr; <strong>1235<\/strong><br \/>(-22 for losing)\n|raw|Kuzwa's rating: 1293 &rarr; <strong>1315<\/strong><br \/>(+22 for winning)\n|l|\u2606blanknight\n","uploadtime":1700026333,"views":4,"p1id":"blanknight","p2id":"kuzwa","formatid":"gen9nationaldex","rating":1235,"private":0,"password":""}