{"id":"gen9nationaldex-1998661727","p1":"ivelu","p2":"GlaDos500","format":"[Gen 9] National Dex","log":"|html|<div class=\"broadcast-blue\"><strong>[Gen 9] National Dex is currently suspecting Sneasler! For information on how to participate check out the <a href=\"https:\/\/www.smogon.com\/forums\/threads\/sv-national-dex-suspect-8-just-dance.3731534\/\">suspect thread<\/a>.<\/strong><\/div>\n|j|\u2606ivelu\n|j|\u2606GlaDos500\n|t:|1700969106\n|gametype|singles\n|player|p1|ivelu|madame|1000\n|player|p2|GlaDos500|cheren-gen5bw2|1000\n|teamsize|p1|6\n|teamsize|p2|6\n|gen|9\n|tier|[Gen 9] National Dex\n|rated|\n|rule|HP Percentage Mod: HP is shown in percentages\n|rule|Endless Battle Clause: Forcing endless battles is banned\n|rule|OHKO Clause: OHKO moves are banned\n|rule|Evasion Clause: Evasion abilities, items, and moves are banned\n|rule|Evasion Abilities Clause: Evasion abilities are banned\n|rule|Evasion Items Clause: Evasion items are banned\n|rule|Evasion Moves Clause: Evasion moves are banned\n|rule|Species Clause: Limit one of each Pok\u00e9mon\n|rule|Sleep Clause Mod: Limit one foe put to sleep\n|clearpoke\n|poke|p1|Mawile, F|\n|poke|p1|Glaceon, F|\n|poke|p1|Ampharos, M|\n|poke|p1|Ariados, F|\n|poke|p1|Primarina, F|\n|poke|p1|Bewear, M|\n|poke|p2|Audino, F|\n|poke|p2|Scolipede, M|\n|poke|p2|Delphox, F|\n|poke|p2|Krookodile, M|\n|poke|p2|Aegislash, M|\n|poke|p2|Ditto|\n|teampreview\n|\n|t:|1700969111\n|start\n|switch|p1a: Glaceon|Glaceon, F|100\/100\n|switch|p2a: Lemonade|Delphox, F|100\/100\n|turn|1\n|\n|t:|1700969118\n|move|p2a: Lemonade|Trick||[still]\n|-fail|p2a: Lemonade\n|move|p1a: Glaceon|Shadow Ball|p2a: Lemonade\n|-supereffective|p2a: Lemonade\n|-damage|p2a: Lemonade|35\/100\n|-unboost|p2a: Lemonade|spd|1\n|\n|upkeep\n|turn|2\n|j| Jason1223\n|\n|t:|1700969132\n|switch|p2a: Courtesy Call|Audino, F|100\/100\n|switch|p1a: Ampharos|Ampharos, M|100\/100\n|\n|upkeep\n|turn|3\n|\n|t:|1700969142\n|detailschange|p1a: Ampharos|Ampharos-Mega, M\n|-mega|p1a: Ampharos|Ampharos|Ampharosite\n|-ability|p1a: Ampharos|Mold Breaker\n|move|p1a: Ampharos|Dragon Pulse|p2a: Courtesy Call\n|-damage|p2a: Courtesy Call|62\/100\n|move|p2a: Courtesy Call|Yawn|p1a: Ampharos\n|-start|p1a: Ampharos|move: Yawn|[of] p2a: Courtesy Call\n|\n|-heal|p2a: Courtesy Call|68\/100|[from] item: Leftovers\n|upkeep\n|turn|4\n|l| Jason1223\n|\n|t:|1700969156\n|switch|p1a: Primarina|Primarina, F|100\/100\n|move|p2a: Courtesy Call|Calm Mind|p2a: Courtesy Call\n|-boost|p2a: Courtesy Call|spa|1\n|-boost|p2a: Courtesy Call|spd|1\n|\n|-heal|p2a: Courtesy Call|74\/100|[from] item: Leftovers\n|upkeep\n|turn|5\n|\n|t:|1700969169\n|move|p1a: Primarina|Moonblast|p2a: Courtesy Call\n|-damage|p2a: Courtesy Call|56\/100\n|move|p2a: Courtesy Call|Light Screen|p2a: Courtesy Call\n|-sidestart|p2: GlaDos500|move: Light Screen\n|\n|-heal|p2a: Courtesy Call|62\/100|[from] item: Leftovers\n|upkeep\n|turn|6\n|\n|t:|1700969178\n|move|p1a: Primarina|Scald|p2a: Courtesy Call\n|-damage|p2a: Courtesy Call|55\/100\n|move|p2a: Courtesy Call|Draining Kiss|p1a: Primarina\n|-damage|p1a: Primarina|92\/100\n|-heal|p2a: Courtesy Call|61\/100|[from] drain|[of] p1a: Primarina\n|\n|-heal|p1a: Primarina|98\/100|[from] item: Leftovers\n|-heal|p2a: Courtesy Call|67\/100|[from] item: Leftovers\n|upkeep\n|turn|7\n|\n|t:|1700969189\n|move|p1a: Primarina|Scald|p2a: Courtesy Call\n|-damage|p2a: Courtesy Call|59\/100\n|move|p2a: Courtesy Call|Yawn|p1a: Primarina\n|-start|p1a: Primarina|move: Yawn|[of] p2a: Courtesy Call\n|\n|-heal|p1a: Primarina|100\/100|[from] item: Leftovers\n|-heal|p2a: Courtesy Call|65\/100|[from] item: Leftovers\n|upkeep\n|turn|8\n|\n|t:|1700969200\n|move|p1a: Primarina|Scald|p2a: Courtesy Call\n|-damage|p2a: Courtesy Call|58\/100\n|move|p2a: Courtesy Call|Calm Mind|p2a: Courtesy Call\n|-boost|p2a: Courtesy Call|spa|1\n|-boost|p2a: Courtesy Call|spd|1\n|\n|-heal|p2a: Courtesy Call|64\/100|[from] item: Leftovers\n|-end|p1a: Primarina|move: Yawn|[silent]\n|-status|p1a: Primarina|slp\n|upkeep\n|turn|9\n|\n|t:|1700969209\n|cant|p1a: Primarina|slp\n|move|p2a: Courtesy Call|Calm Mind|p2a: Courtesy Call\n|-boost|p2a: Courtesy Call|spa|1\n|-boost|p2a: Courtesy Call|spd|1\n|\n|-heal|p2a: Courtesy Call|70\/100|[from] item: Leftovers\n|-sideend|p2: GlaDos500|move: Light Screen\n|upkeep\n|turn|10\n|\n|t:|1700969220\n|cant|p1a: Primarina|slp\n|move|p1a: Primarina|Sleep Talk|p1a: Primarina\n|move|p1a: Primarina|Moonblast|p2a: Courtesy Call|[from]move: Sleep Talk\n|-damage|p2a: Courtesy Call|60\/100\n|move|p2a: Courtesy Call|Calm Mind|p2a: Courtesy Call\n|-boost|p2a: Courtesy Call|spa|1\n|-boost|p2a: Courtesy Call|spd|1\n|\n|-heal|p2a: Courtesy Call|67\/100|[from] item: Leftovers\n|upkeep\n|turn|11\n|\n|t:|1700969233\n|-curestatus|p1a: Primarina|slp|[msg]\n|move|p1a: Primarina|Sleep Talk||[still]\n|-fail|p1a: Primarina\n|move|p2a: Courtesy Call|Calm Mind|p2a: Courtesy Call\n|-boost|p2a: Courtesy Call|spa|1\n|-boost|p2a: Courtesy Call|spd|1\n|\n|-heal|p2a: Courtesy Call|73\/100|[from] item: Leftovers\n|upkeep\n|turn|12\n|\n|t:|1700969243\n|move|p1a: Primarina|Scald|p2a: Courtesy Call\n|-damage|p2a: Courtesy Call|66\/100\n|move|p2a: Courtesy Call|Yawn|p1a: Primarina\n|-start|p1a: Primarina|move: Yawn|[of] p2a: Courtesy Call\n|\n|-heal|p2a: Courtesy Call|72\/100|[from] item: Leftovers\n|upkeep\n|turn|13\n|\n|t:|1700969253\n|move|p1a: Primarina|Scald|p2a: Courtesy Call\n|-damage|p2a: Courtesy Call|66\/100\n|move|p2a: Courtesy Call|Calm Mind|p2a: Courtesy Call\n|-boost|p2a: Courtesy Call|spa|1\n|-boost|p2a: Courtesy Call|spd|1\n|\n|-heal|p2a: Courtesy Call|72\/100|[from] item: Leftovers\n|-end|p1a: Primarina|move: Yawn|[silent]\n|-status|p1a: Primarina|slp\n|upkeep\n|turn|14\n|\n|t:|1700969262\n|cant|p1a: Primarina|slp\n|move|p1a: Primarina|Sleep Talk|p1a: Primarina\n|move|p1a: Primarina|Rest||[from]move: Sleep Talk|[still]\n|-fail|p1a: Primarina\n|move|p2a: Courtesy Call|Draining Kiss|p1a: Primarina\n|-damage|p1a: Primarina|77\/100 slp\n|-heal|p2a: Courtesy Call|88\/100|[from] drain|[of] p1a: Primarina\n|\n|-heal|p1a: Primarina|83\/100 slp|[from] item: Leftovers\n|-heal|p2a: Courtesy Call|94\/100|[from] item: Leftovers\n|upkeep\n|turn|15\n|\n|t:|1700969277\n|cant|p1a: Primarina|slp\n|move|p1a: Primarina|Sleep Talk|p1a: Primarina\n|move|p1a: Primarina|Rest||[from]move: Sleep Talk|[still]\n|-fail|p1a: Primarina\n|move|p2a: Courtesy Call|Draining Kiss|p1a: Primarina\n|-damage|p1a: Primarina|59\/100 slp\n|-heal|p2a: Courtesy Call|100\/100|[from] drain|[of] p1a: Primarina\n|\n|-heal|p1a: Primarina|65\/100 slp|[from] item: Leftovers\n|upkeep\n|turn|16\n|\n|t:|1700969290\n|cant|p1a: Primarina|slp\n|move|p1a: Primarina|Sleep Talk|p1a: Primarina\n|move|p1a: Primarina|Scald|p2a: Courtesy Call|[from]move: Sleep Talk\n|-damage|p2a: Courtesy Call|95\/100\n|move|p2a: Courtesy Call|Draining Kiss|p1a: Primarina\n|-damage|p1a: Primarina|44\/100 slp\n|-heal|p2a: Courtesy Call|100\/100|[from] drain|[of] p1a: Primarina\n|\n|-heal|p1a: Primarina|50\/100 slp|[from] item: Leftovers\n|upkeep\n|turn|17\n|\n|t:|1700969307\n|-curestatus|p1a: Primarina|slp|[msg]\n|move|p1a: Primarina|Sleep Talk||[still]\n|-fail|p1a: Primarina\n|move|p2a: Courtesy Call|Yawn|p1a: Primarina\n|-start|p1a: Primarina|move: Yawn|[of] p2a: Courtesy Call\n|\n|-heal|p1a: Primarina|56\/100|[from] item: Leftovers\n|upkeep\n|turn|18\n|\n|t:|1700969319\n|move|p1a: Primarina|Rest|p1a: Primarina\n|-status|p1a: Primarina|slp|[from] move: Rest\n|-heal|p1a: Primarina|100\/100 slp|[silent]\n|move|p2a: Courtesy Call|Draining Kiss|p1a: Primarina\n|-damage|p1a: Primarina|77\/100 slp\n|\n|-heal|p1a: Primarina|83\/100 slp|[from] item: Leftovers\n|-end|p1a: Primarina|move: Yawn|[silent]\n|upkeep\n|turn|19\n|\n|t:|1700969330\n|cant|p1a: Primarina|slp\n|move|p1a: Primarina|Sleep Talk|p1a: Primarina\n|move|p1a: Primarina|Rest||[from]move: Sleep Talk|[still]\n|-fail|p1a: Primarina\n|move|p2a: Courtesy Call|Draining Kiss|p1a: Primarina\n|-damage|p1a: Primarina|61\/100 slp\n|\n|-heal|p1a: Primarina|68\/100 slp|[from] item: Leftovers\n|upkeep\n|turn|20\n|\n|t:|1700969341\n|-terastallize|p2a: Courtesy Call|Fairy\n|cant|p1a: Primarina|slp\n|move|p1a: Primarina|Sleep Talk|p1a: Primarina\n|move|p1a: Primarina|Moonblast|p2a: Courtesy Call|[from]move: Sleep Talk\n|-damage|p2a: Courtesy Call|93\/100\n|move|p2a: Courtesy Call|Draining Kiss|p1a: Primarina\n|-damage|p1a: Primarina|24\/100 slp\n|-heal|p2a: Courtesy Call|100\/100|[from] drain|[of] p1a: Primarina\n|\n|-heal|p1a: Primarina|30\/100 slp|[from] item: Leftovers\n|upkeep\n|turn|21\n|\n|t:|1700969356\n|-curestatus|p1a: Primarina|slp|[msg]\n|move|p1a: Primarina|Rest|p1a: Primarina\n|-status|p1a: Primarina|slp|[from] move: Rest\n|-heal|p1a: Primarina|100\/100 slp|[silent]\n|move|p2a: Courtesy Call|Draining Kiss|p1a: Primarina\n|-damage|p1a: Primarina|61\/100 slp\n|\n|-heal|p1a: Primarina|67\/100 slp|[from] item: Leftovers\n|upkeep\n|turn|22\n|\n|t:|1700969368\n|cant|p1a: Primarina|slp\n|move|p1a: Primarina|Sleep Talk|p1a: Primarina\n|move|p1a: Primarina|Rest||[from]move: Sleep Talk|[still]\n|-fail|p1a: Primarina\n|move|p2a: Courtesy Call|Draining Kiss|p1a: Primarina\n|-damage|p1a: Primarina|29\/100 slp\n|\n|-heal|p1a: Primarina|35\/100 slp|[from] item: Leftovers\n|upkeep\n|turn|23\n|\n|t:|1700969380\n|switch|p1a: Pokra|Mawile, F|100\/100\n|-ability|p1a: Pokra|Intimidate|boost\n|-unboost|p2a: Courtesy Call|atk|1\n|move|p2a: Courtesy Call|Draining Kiss|p1a: Pokra\n|-resisted|p1a: Pokra\n|-damage|p1a: Pokra|39\/100\n|\n|upkeep\n|turn|24\n|\n|t:|1700969391\n|move|p1a: Pokra|Ice Punch|p2a: Courtesy Call\n|-damage|p2a: Courtesy Call|75\/100\n|-damage|p1a: Pokra|29\/100|[from] item: Life Orb\n|move|p2a: Courtesy Call|Draining Kiss|p1a: Pokra\n|-resisted|p1a: Pokra\n|-damage|p1a: Pokra|0 fnt\n|-heal|p2a: Courtesy Call|88\/100|[from] drain|[of] p1a: Pokra\n|faint|p1a: Pokra\n|\n|-heal|p2a: Courtesy Call|94\/100|[from] item: Leftovers\n|upkeep\n|\n|t:|1700969403\n|switch|p1a: Ariados|Ariados, F|100\/100\n|turn|25\n|\n|t:|1700969411\n|move|p1a: Ariados|Cross Poison|p2a: Courtesy Call\n|-supereffective|p2a: Courtesy Call\n|-crit|p2a: Courtesy Call\n|-damage|p2a: Courtesy Call|0 fnt\n|faint|p2a: Courtesy Call\n|\n|upkeep\n|\n|t:|1700969420\n|switch|p2a: Eye Sword|Aegislash, M|100\/100\n|turn|26\n|\n|t:|1700969428\n|move|p2a: Eye Sword|Swords Dance|p2a: Eye Sword\n|-boost|p2a: Eye Sword|atk|2\n|move|p1a: Ariados|Cross Poison|p2a: Eye Sword\n|-immune|p2a: Eye Sword\n|\n|upkeep\n|turn|27\n|\n|t:|1700969437\n|switch|p1a: Ampharos|Ampharos-Mega, M|100\/100\n|-ability|p1a: Ampharos|Mold Breaker\n|move|p2a: Eye Sword|Swords Dance|p2a: Eye Sword\n|-boost|p2a: Eye Sword|atk|2\n|\n|upkeep\n|turn|28\n|\n|t:|1700969447\n|-formechange|p2a: Eye Sword|Aegislash-Blade||[from] ability: Stance Change\n|move|p2a: Eye Sword|Iron Head|p1a: Ampharos\n|-resisted|p1a: Ampharos\n|-damage|p1a: Ampharos|35\/100\n|cant|p1a: Ampharos|flinch\n|\n|upkeep\n|turn|29\n|\n|t:|1700969464\n|move|p2a: Eye Sword|Iron Head|p1a: Ampharos\n|-resisted|p1a: Ampharos\n|-damage|p1a: Ampharos|0 fnt\n|faint|p1a: Ampharos\n|\n|upkeep\n|\n|t:|1700969469\n|switch|p1a: Glaceon|Glaceon, F|100\/100\n|turn|30\n|\n|t:|1700969479\n|-formechange|p2a: Eye Sword|Aegislash||[from] ability: Stance Change\n|move|p2a: Eye Sword|King's Shield|p2a: Eye Sword\n|-singleturn|p2a: Eye Sword|Protect\n|move|p1a: Glaceon|Hidden Power|p2a: Eye Sword\n|-activate|p2a: Eye Sword|move: Protect\n|\n|upkeep\n|turn|31\n|\n|t:|1700969488\n|move|p1a: Glaceon|Hidden Power|p2a: Eye Sword\n|-damage|p2a: Eye Sword|78\/100\n|-formechange|p2a: Eye Sword|Aegislash-Blade||[from] ability: Stance Change\n|move|p2a: Eye Sword|Sacred Sword|p1a: Glaceon\n|-supereffective|p1a: Glaceon\n|-damage|p1a: Glaceon|0 fnt\n|faint|p1a: Glaceon\n|\n|upkeep\n|\n|t:|1700969498\n|switch|p1a: Bewear|Bewear, M|100\/100\n|turn|32\n|\n|t:|1700969503\n|-formechange|p2a: Eye Sword|Aegislash||[from] ability: Stance Change\n|move|p2a: Eye Sword|King's Shield|p2a: Eye Sword\n|-singleturn|p2a: Eye Sword|Protect\n|move|p1a: Bewear|Shadow Claw|p2a: Eye Sword\n|-activate|p2a: Eye Sword|move: Protect\n|-unboost|p1a: Bewear|atk|1\n|\n|upkeep\n|turn|33\n|\n|t:|1700969514\n|move|p1a: Bewear|Shadow Claw|p2a: Eye Sword\n|-supereffective|p2a: Eye Sword\n|-damage|p2a: Eye Sword|23\/100\n|-enditem|p2a: Eye Sword|Weakness Policy\n|-boost|p2a: Eye Sword|atk|2|[from] item: Weakness Policy\n|-boost|p2a: Eye Sword|spa|2|[from] item: Weakness Policy\n|-formechange|p2a: Eye Sword|Aegislash-Blade||[from] ability: Stance Change\n|move|p2a: Eye Sword|Sacred Sword|p1a: Bewear\n|-supereffective|p1a: Bewear\n|-damage|p1a: Bewear|0 fnt\n|faint|p1a: Bewear\n|\n|upkeep\n|\n|t:|1700969528\n|switch|p1a: Primarina|Primarina, F|35\/100 slp\n|turn|34\n|\n|t:|1700969532\n|move|p2a: Eye Sword|Iron Head|p1a: Primarina\n|-damage|p1a: Primarina|0 fnt\n|faint|p1a: Primarina\n|\n|upkeep\n|\n|t:|1700969537\n|switch|p1a: Ariados|Ariados, F|100\/100\n|turn|35\n|\n|t:|1700969544\n|move|p1a: Ariados|Sucker Punch|p2a: Eye Sword\n|-supereffective|p2a: Eye Sword\n|-damage|p2a: Eye Sword|0 fnt\n|faint|p2a: Eye Sword\n|\n|upkeep\n|\n|t:|1700969550\n|switch|p2a: Lemonade|Delphox, F|35\/100\n|turn|36\n|\n|t:|1700969560\n|move|p1a: Ariados|Sucker Punch||[still]\n|-fail|p1a: Ariados\n|move|p2a: Lemonade|Trick|p1a: Ariados\n|-activate|p2a: Lemonade|move: Trick|[of] p1a: Ariados\n|-item|p1a: Ariados|Choice Scarf|[from] move: Trick\n|-item|p2a: Lemonade|Scope Lens|[from] move: Trick\n|\n|upkeep\n|turn|37\n|\n|t:|1700969568\n|move|p1a: Ariados|Sucker Punch||[still]\n|-fail|p1a: Ariados\n|move|p2a: Lemonade|Calm Mind|p2a: Lemonade\n|-boost|p2a: Lemonade|spa|1\n|-boost|p2a: Lemonade|spd|1\n|\n|upkeep\n|turn|38\n|\n|t:|1700969576\n|move|p1a: Ariados|Sucker Punch||[still]\n|-fail|p1a: Ariados\n|move|p2a: Lemonade|Calm Mind|p2a: Lemonade\n|-boost|p2a: Lemonade|spa|1\n|-boost|p2a: Lemonade|spd|1\n|\n|upkeep\n|turn|39\n|\n|t:|1700969583\n|move|p1a: Ariados|Sucker Punch||[still]\n|-fail|p1a: Ariados\n|move|p2a: Lemonade|Calm Mind|p2a: Lemonade\n|-boost|p2a: Lemonade|spa|1\n|-boost|p2a: Lemonade|spd|1\n|\n|upkeep\n|turn|40\n|\n|t:|1700969589\n|move|p1a: Ariados|Sucker Punch||[still]\n|-fail|p1a: Ariados\n|move|p2a: Lemonade|Calm Mind|p2a: Lemonade\n|-boost|p2a: Lemonade|spa|1\n|-boost|p2a: Lemonade|spd|1\n|\n|upkeep\n|turn|41\n|\n|t:|1700969596\n|move|p1a: Ariados|Sucker Punch||[still]\n|-fail|p1a: Ariados\n|move|p2a: Lemonade|Calm Mind|p2a: Lemonade\n|-boost|p2a: Lemonade|spa|1\n|-boost|p2a: Lemonade|spd|1\n|\n|upkeep\n|turn|42\n|\n|t:|1700969603\n|move|p1a: Ariados|Sucker Punch||[still]\n|-fail|p1a: Ariados\n|move|p2a: Lemonade|Calm Mind|p2a: Lemonade\n|-boost|p2a: Lemonade|spa|1\n|-boost|p2a: Lemonade|spd|1\n|\n|upkeep\n|turn|43\n|\n|t:|1700969610\n|move|p2a: Lemonade|Fire Blast|p1a: Ariados\n|-supereffective|p1a: Ariados\n|-damage|p1a: Ariados|0 fnt\n|faint|p1a: Ariados\n|\n|win|GlaDos500\n|raw|ivelu's rating: 1000 &rarr; <strong>1000<\/strong><br \/>(+0 for losing)\n|raw|GlaDos500's rating: 1000 &rarr; <strong>1040<\/strong><br \/>(+40 for winning)\n|l|\u2606ivelu\n","uploadtime":1700969629,"views":9,"p1id":"ivelu","p2id":"glados500","formatid":"gen9nationaldex","rating":1000,"private":0,"password":""}