{"id":"gen9nationaldex-1990205392","p1":"playeraccount","p2":"PWA Wright","format":"[Gen 9] National Dex","log":"|j|\u2606playeraccount\n|j|\u2606PWA Wright\n|t:|1699937146\n|gametype|singles\n|player|p1|playeraccount|bea|1669\n|player|p2|PWA Wright|cynthia|1671\n|teamsize|p1|6\n|teamsize|p2|6\n|gen|9\n|tier|[Gen 9] National Dex\n|rated|\n|rule|HP Percentage Mod: HP is shown in percentages\n|rule|Endless Battle Clause: Forcing endless battles is banned\n|rule|OHKO Clause: OHKO moves are banned\n|rule|Evasion Clause: Evasion abilities, items, and moves are banned\n|rule|Evasion Abilities Clause: Evasion abilities are banned\n|rule|Evasion Items Clause: Evasion items are banned\n|rule|Evasion Moves Clause: Evasion moves are banned\n|rule|Species Clause: Limit one of each Pok\u00e9mon\n|rule|Sleep Clause Mod: Limit one foe put to sleep\n|clearpoke\n|poke|p1|Xurkitree|\n|poke|p1|Zapdos-Galar|\n|poke|p1|Landorus-Therian, M|\n|poke|p1|Alomomola, M|\n|poke|p1|Chansey, F|\n|poke|p1|Scizor, M|\n|poke|p2|Garchomp, M|\n|poke|p2|Dondozo, M|\n|poke|p2|Tyranitar, F|\n|poke|p2|Charizard, F|\n|poke|p2|Clodsire, F|\n|poke|p2|Corviknight, M|\n|teampreview\n|c|\u2606playeraccount|gl hf\n|\n|t:|1699937161\n|start\n|switch|p1a: Landorus|Landorus-Therian, M, shiny|100\/100\n|switch|p2a: Charizard|Charizard, F|100\/100\n|-ability|p1a: Landorus|Intimidate|boost\n|-unboost|p2a: Charizard|atk|1\n|turn|1\n|inactive|Battle timer is ON: inactive players will automatically lose when time's up. (requested by playeraccount)\n|c|\u2606PWA Wright|ghf\n|\n|t:|1699937170\n|switch|p1a: Chansey|Chansey, F, shiny|100\/100\n|detailschange|p2a: Charizard|Charizard-Mega-Y, F\n|-mega|p2a: Charizard|Charizard|Charizardite Y\n|-weather|SunnyDay|[from] ability: Drought|[of] p2a: Charizard\n|move|p2a: Charizard|Weather Ball|p1a: Chansey\n|-damage|p1a: Chansey|74\/100\n|\n|-weather|SunnyDay|[upkeep]\n|upkeep\n|turn|2\n|\n|t:|1699937176\n|switch|p2a: Clodsire|Clodsire, F|100\/100\n|move|p1a: Chansey|Teleport|p1a: Chansey\n|\n|t:|1699937181\n|switch|p1a: Landorus|Landorus-Therian, M, shiny|100\/100|[from] Teleport\n|-ability|p1a: Landorus|Intimidate|boost\n|-unboost|p2a: Clodsire|atk|1\n|\n|-weather|SunnyDay|[upkeep]\n|upkeep\n|turn|3\n|\n|t:|1699937184\n|switch|p2a: Corviknight|Corviknight, M|100\/100\n|-ability|p2a: Corviknight|Pressure\n|move|p1a: Landorus|Stealth Rock|p2a: Corviknight\n|-sidestart|p2: PWA Wright|move: Stealth Rock\n|\n|-weather|SunnyDay|[upkeep]\n|upkeep\n|turn|4\n|\n|t:|1699937193\n|move|p1a: Landorus|U-turn|p2a: Corviknight\n|-resisted|p2a: Corviknight\n|-damage|p2a: Corviknight|97\/100\n|-damage|p1a: Landorus|84\/100|[from] item: Rocky Helmet|[of] p2a: Corviknight\n|\n|t:|1699937195\n|switch|p1a: Xurkitree|Xurkitree, shiny|100\/100|[from] U-turn\n|move|p2a: Corviknight|Defog|p1a: Xurkitree\n|-unboost|p1a: Xurkitree|evasion|1\n|-sideend|p2: PWA Wright|Stealth Rock|[from] move: Defog|[of] p2a: Corviknight\n|\n|-weather|SunnyDay|[upkeep]\n|upkeep\n|turn|5\n|\n|t:|1699937199\n|switch|p2a: Clodsire|Clodsire, F|100\/100\n|move|p1a: Xurkitree|Hidden Power|p2a: Clodsire\n|-supereffective|p2a: Clodsire\n|-damage|p2a: Clodsire|75\/100\n|\n|-weather|none\n|-heal|p2a: Clodsire|81\/100|[from] item: Leftovers\n|upkeep\n|turn|6\n|\n|t:|1699937209\n|switch|p1a: Landorus|Landorus-Therian, M, shiny|84\/100\n|-ability|p1a: Landorus|Intimidate|boost\n|-unboost|p2a: Clodsire|atk|1\n|move|p2a: Clodsire|Stealth Rock|p1a: Landorus\n|-sidestart|p1: playeraccount|move: Stealth Rock\n|\n|-heal|p2a: Clodsire|87\/100|[from] item: Leftovers\n|upkeep\n|turn|7\n|\n|t:|1699937217\n|move|p1a: Landorus|Stealth Rock|p2a: Clodsire\n|-sidestart|p2: PWA Wright|move: Stealth Rock\n|move|p2a: Clodsire|Toxic|p1a: Landorus\n|-status|p1a: Landorus|tox\n|\n|-heal|p2a: Clodsire|93\/100|[from] item: Leftovers\n|-damage|p1a: Landorus|78\/100 tox|[from] psn\n|upkeep\n|turn|8\n|\n|t:|1699937221\n|switch|p2a: Corviknight|Corviknight, M|97\/100\n|-damage|p2a: Corviknight|85\/100|[from] Stealth Rock\n|-ability|p2a: Corviknight|Pressure\n|move|p1a: Landorus|Earthquake|p2a: Corviknight\n|-immune|p2a: Corviknight\n|\n|-damage|p1a: Landorus|66\/100 tox|[from] psn\n|upkeep\n|turn|9\n|\n|t:|1699937229\n|switch|p1a: Xurkitree|Xurkitree, shiny|100\/100\n|-damage|p1a: Xurkitree|88\/100|[from] Stealth Rock\n|move|p2a: Corviknight|Defog|p1a: Xurkitree\n|-unboost|p1a: Xurkitree|evasion|1\n|-sideend|p1: playeraccount|Stealth Rock|[from] move: Defog|[of] p2a: Corviknight\n|-sideend|p2: PWA Wright|Stealth Rock|[from] move: Defog|[of] p2a: Corviknight\n|\n|upkeep\n|turn|10\n|\n|t:|1699937240\n|switch|p2a: Clodsire|Clodsire, F|93\/100\n|move|p1a: Xurkitree|Hidden Power|p2a: Clodsire\n|-supereffective|p2a: Clodsire\n|-damage|p2a: Clodsire|66\/100\n|\n|-heal|p2a: Clodsire|72\/100|[from] item: Leftovers\n|upkeep\n|turn|11\n|\n|t:|1699937246\n|switch|p1a: Landorus|Landorus-Therian, M, shiny|66\/100 tox\n|-ability|p1a: Landorus|Intimidate|boost\n|-unboost|p2a: Clodsire|atk|1\n|move|p2a: Clodsire|Stealth Rock|p1a: Landorus\n|-sidestart|p1: playeraccount|move: Stealth Rock\n|\n|-heal|p2a: Clodsire|78\/100|[from] item: Leftovers\n|-damage|p1a: Landorus|60\/100 tox|[from] psn\n|upkeep\n|turn|12\n|\n|t:|1699937249\n|switch|p2a: Corviknight|Corviknight, M|85\/100\n|-ability|p2a: Corviknight|Pressure\n|move|p1a: Landorus|Stealth Rock|p2a: Corviknight\n|-sidestart|p2: PWA Wright|move: Stealth Rock\n|\n|-damage|p1a: Landorus|48\/100 tox|[from] psn\n|upkeep\n|turn|13\n|\n|t:|1699937254\n|switch|p1a: Alomomola|Alomomola, M, shiny|100\/100\n|-damage|p1a: Alomomola|88\/100|[from] Stealth Rock\n|move|p2a: Corviknight|Defog|p1a: Alomomola\n|-unboost|p1a: Alomomola|evasion|1\n|-sideend|p1: playeraccount|Stealth Rock|[from] move: Defog|[of] p2a: Corviknight\n|-sideend|p2: PWA Wright|Stealth Rock|[from] move: Defog|[of] p2a: Corviknight\n|\n|upkeep\n|turn|14\n|j| Ghha\n|l| Ghha\n|\n|t:|1699937259\n|switch|p2a: Clodsire|Clodsire, F|78\/100\n|move|p1a: Alomomola|Wish|p1a: Alomomola\n|\n|-heal|p2a: Clodsire|84\/100|[from] item: Leftovers\n|upkeep\n|turn|15\n|\n|t:|1699937266\n|move|p1a: Alomomola|Flip Turn|p2a: Clodsire\n|-heal|p2a: Clodsire|100\/100|[from] ability: Water Absorb|[of] p1a: Alomomola\n|move|p2a: Clodsire|Toxic|p1a: Alomomola\n|-status|p1a: Alomomola|tox\n|\n|-heal|p1a: Alomomola|100\/100 tox|[from] move: Wish|[wisher] Alomomola\n|-damage|p1a: Alomomola|94\/100 tox|[from] psn\n|upkeep\n|turn|16\n|\n|t:|1699937270\n|move|p1a: Alomomola|Wish|p1a: Alomomola\n|move|p2a: Clodsire|Stealth Rock|p1a: Alomomola\n|-sidestart|p1: playeraccount|move: Stealth Rock\n|\n|-damage|p1a: Alomomola|82\/100 tox|[from] psn\n|upkeep\n|turn|17\n|\n|t:|1699937278\n|switch|p1a: Landorus|Landorus-Therian, M, shiny|48\/100 tox\n|-damage|p1a: Landorus|35\/100 tox|[from] Stealth Rock\n|-ability|p1a: Landorus|Intimidate|boost\n|-unboost|p2a: Clodsire|atk|1\n|switch|p2a: Charizard|Charizard-Mega-Y, F|100\/100\n|-weather|SunnyDay|[from] ability: Drought|[of] p2a: Charizard\n|\n|-weather|SunnyDay|[upkeep]\n|-heal|p1a: Landorus|100\/100 tox|[from] move: Wish|[wisher] Alomomola\n|-damage|p1a: Landorus|94\/100 tox|[from] psn\n|upkeep\n|turn|18\n|\n|t:|1699937283\n|switch|p1a: Chansey|Chansey, F, shiny|74\/100\n|-damage|p1a: Chansey|62\/100|[from] Stealth Rock\n|move|p2a: Charizard|Weather Ball|p1a: Chansey\n|-damage|p1a: Chansey|33\/100\n|\n|-weather|SunnyDay|[upkeep]\n|upkeep\n|turn|19\n|\n|t:|1699937288\n|move|p2a: Charizard|Weather Ball|p1a: Chansey\n|-damage|p1a: Chansey|2\/100\n|move|p1a: Chansey|Soft-Boiled|p1a: Chansey\n|-heal|p1a: Chansey|52\/100\n|\n|-weather|SunnyDay|[upkeep]\n|upkeep\n|turn|20\n|\n|t:|1699937291\n|move|p2a: Charizard|Air Slash|p1a: Chansey\n|-crit|p1a: Chansey\n|-damage|p1a: Chansey|30\/100\n|move|p1a: Chansey|Soft-Boiled|p1a: Chansey\n|-heal|p1a: Chansey|80\/100\n|\n|-weather|SunnyDay|[upkeep]\n|upkeep\n|turn|21\n|\n|t:|1699937301\n|switch|p2a: Corviknight|Corviknight, M|85\/100\n|-ability|p2a: Corviknight|Pressure\n|move|p1a: Chansey|Heal Bell|p1a: Chansey\n|-activate|p1a: Chansey|move: Heal Bell\n|-curestatus|p1: Alomomola|tox|[msg]\n|-curestatus|p1: Landorus|tox|[msg]\n|\n|-weather|none\n|upkeep\n|turn|22\n|\n|t:|1699937305\n|move|p2a: Corviknight|U-turn|p1a: Chansey\n|-damage|p1a: Chansey|71\/100\n|\n|t:|1699937308\n|switch|p2a: Clodsire|Clodsire, F|100\/100|[from] U-turn\n|move|p1a: Chansey|Teleport|p1a: Chansey\n|\n|t:|1699937310\n|switch|p1a: Landorus|Landorus-Therian, M, shiny|94\/100|[from] Teleport\n|-damage|p1a: Landorus|82\/100|[from] Stealth Rock\n|-ability|p1a: Landorus|Intimidate|boost\n|-unboost|p2a: Clodsire|atk|1\n|\n|upkeep\n|turn|23\n|\n|t:|1699937313\n|switch|p2a: Corviknight|Corviknight, M|85\/100\n|-ability|p2a: Corviknight|Pressure\n|move|p1a: Landorus|Stealth Rock|p2a: Corviknight\n|-sidestart|p2: PWA Wright|move: Stealth Rock\n|\n|upkeep\n|turn|24\n|\n|t:|1699937318\n|switch|p1a: Alomomola|Alomomola, M, shiny|100\/100\n|-damage|p1a: Alomomola|88\/100|[from] Stealth Rock\n|move|p2a: Corviknight|Defog|p1a: Alomomola\n|-unboost|p1a: Alomomola|evasion|1\n|-sideend|p1: playeraccount|Stealth Rock|[from] move: Defog|[of] p2a: Corviknight\n|-sideend|p2: PWA Wright|Stealth Rock|[from] move: Defog|[of] p2a: Corviknight\n|\n|upkeep\n|turn|25\n|\n|t:|1699937321\n|switch|p2a: Clodsire|Clodsire, F|100\/100\n|move|p1a: Alomomola|Flip Turn|p2a: Clodsire\n|-immune|p2a: Clodsire|[from] ability: Water Absorb\n|\n|upkeep\n|turn|26\n|\n|t:|1699937326\n|switch|p1a: Landorus|Landorus-Therian, M, shiny|82\/100\n|-ability|p1a: Landorus|Intimidate|boost\n|-unboost|p2a: Clodsire|atk|1\n|move|p2a: Clodsire|Toxic|p1a: Landorus\n|-status|p1a: Landorus|tox\n|\n|-damage|p1a: Landorus|76\/100 tox|[from] psn\n|upkeep\n|turn|27\n|\n|t:|1699937339\n|switch|p2a: Corviknight|Corviknight, M|85\/100\n|-ability|p2a: Corviknight|Pressure\n|move|p1a: Landorus|Earthquake|p2a: Corviknight\n|-immune|p2a: Corviknight\n|\n|-damage|p1a: Landorus|64\/100 tox|[from] psn\n|upkeep\n|turn|28\n|\n|t:|1699937342\n|move|p1a: Landorus|Stealth Rock|p2a: Corviknight\n|-sidestart|p2: PWA Wright|move: Stealth Rock\n|move|p2a: Corviknight|Defog|p1a: Landorus\n|-unboost|p1a: Landorus|evasion|1\n|-sideend|p2: PWA Wright|Stealth Rock|[from] move: Defog|[of] p2a: Corviknight\n|\n|-damage|p1a: Landorus|46\/100 tox|[from] psn\n|upkeep\n|turn|29\n|\n|t:|1699937366\n|switch|p1a: Alomomola|Alomomola, M, shiny|100\/100\n|move|p2a: Corviknight|U-turn|p1a: Alomomola\n|-damage|p1a: Alomomola|93\/100\n|-damage|p2a: Corviknight|68\/100|[from] item: Rocky Helmet|[of] p1a: Alomomola\n|\n|t:|1699937377\n|switch|p2a: Clodsire|Clodsire, F|100\/100|[from] U-turn\n|\n|upkeep\n|turn|30\n|\n|t:|1699937392\n|move|p1a: Alomomola|Wish|p1a: Alomomola\n|move|p2a: Clodsire|Stealth Rock|p1a: Alomomola\n|-sidestart|p1: playeraccount|move: Stealth Rock\n|\n|upkeep\n|turn|31\n|\n|t:|1699937400\n|switch|p1a: Landorus|Landorus-Therian, M, shiny|46\/100 tox\n|-damage|p1a: Landorus|34\/100 tox|[from] Stealth Rock\n|-ability|p1a: Landorus|Intimidate|boost\n|-unboost|p2a: Clodsire|atk|1\n|switch|p2a: Corviknight|Corviknight, M|68\/100\n|-ability|p2a: Corviknight|Pressure\n|\n|-heal|p1a: Landorus|100\/100 tox|[from] move: Wish|[wisher] Alomomola\n|-damage|p1a: Landorus|94\/100 tox|[from] psn\n|upkeep\n|turn|32\n|\n|t:|1699937424\n|move|p1a: Landorus|Stealth Rock|p2a: Corviknight\n|-sidestart|p2: PWA Wright|move: Stealth Rock\n|move|p2a: Corviknight|Roost|p2a: Corviknight\n|-heal|p2a: Corviknight|100\/100\n|-singleturn|p2a: Corviknight|move: Roost\n|\n|-damage|p1a: Landorus|82\/100 tox|[from] psn\n|upkeep\n|turn|33\n|\n|t:|1699937433\n|switch|p1a: Xurkitree|Xurkitree, shiny|88\/100\n|-damage|p1a: Xurkitree|76\/100|[from] Stealth Rock\n|move|p2a: Corviknight|Defog|p1a: Xurkitree\n|-unboost|p1a: Xurkitree|evasion|1\n|-sideend|p1: playeraccount|Stealth Rock|[from] move: Defog|[of] p2a: Corviknight\n|-sideend|p2: PWA Wright|Stealth Rock|[from] move: Defog|[of] p2a: Corviknight\n|\n|upkeep\n|turn|34\n|\n|t:|1699937443\n|switch|p1a: Landorus|Landorus-Therian, M, shiny|82\/100 tox\n|-ability|p1a: Landorus|Intimidate|boost\n|-unboost|p2a: Corviknight|atk|1\n|switch|p2a: Clodsire|Clodsire, F|100\/100\n|\n|-damage|p1a: Landorus|76\/100 tox|[from] psn\n|upkeep\n|turn|35\n|\n|t:|1699937448\n|switch|p2a: Corviknight|Corviknight, M|100\/100\n|-ability|p2a: Corviknight|Pressure\n|move|p1a: Landorus|Stealth Rock|p2a: Corviknight\n|-sidestart|p2: PWA Wright|move: Stealth Rock\n|\n|-damage|p1a: Landorus|64\/100 tox|[from] psn\n|upkeep\n|turn|36\n|\n|t:|1699937464\n|switch|p1a: Alomomola|Alomomola, M, shiny|100\/100\n|move|p2a: Corviknight|Defog|p1a: Alomomola\n|-unboost|p1a: Alomomola|evasion|1\n|-sideend|p2: PWA Wright|Stealth Rock|[from] move: Defog|[of] p2a: Corviknight\n|\n|upkeep\n|turn|37\n|\n|t:|1699937480\n|move|p2a: Corviknight|U-turn|p1a: Alomomola\n|-damage|p1a: Alomomola|93\/100\n|-damage|p2a: Corviknight|84\/100|[from] item: Rocky Helmet|[of] p1a: Alomomola\n|\n|t:|1699937491\n|switch|p2a: Clodsire|Clodsire, F|100\/100|[from] U-turn\n|move|p1a: Alomomola|Flip Turn|p2a: Clodsire\n|-immune|p2a: Clodsire|[from] ability: Water Absorb\n|\n|upkeep\n|turn|38\n|inactive|playeraccount has 120 seconds left.\n|\n|t:|1699937532\n|move|p1a: Alomomola|Wish|p1a: Alomomola\n|move|p2a: Clodsire|Stealth Rock|p1a: Alomomola\n|-sidestart|p1: playeraccount|move: Stealth Rock\n|\n|upkeep\n|turn|39\n|\n|t:|1699937547\n|switch|p1a: Landorus|Landorus-Therian, M, shiny|64\/100 tox\n|-damage|p1a: Landorus|52\/100 tox|[from] Stealth Rock\n|-ability|p1a: Landorus|Intimidate|boost\n|-unboost|p2a: Clodsire|atk|1\n|move|p2a: Clodsire|Toxic|p1a: Landorus\n|-fail|p1a: Landorus|tox\n|\n|-heal|p1a: Landorus|100\/100 tox|[from] move: Wish|[wisher] Alomomola\n|-damage|p1a: Landorus|94\/100 tox|[from] psn\n|upkeep\n|turn|40\n|inactive|playeraccount has 120 seconds left.\n|\n|t:|1699937574\n|switch|p2a: Corviknight|Corviknight, M|84\/100\n|-ability|p2a: Corviknight|Pressure\n|move|p1a: Landorus|Stealth Rock|p2a: Corviknight\n|-sidestart|p2: PWA Wright|move: Stealth Rock\n|\n|-damage|p1a: Landorus|82\/100 tox|[from] psn\n|upkeep\n|turn|41\n|\n|t:|1699937592\n|switch|p1a: Alomomola|Alomomola, M, shiny|100\/100\n|-damage|p1a: Alomomola|88\/100|[from] Stealth Rock\n|move|p2a: Corviknight|Defog|p1a: Alomomola\n|-unboost|p1a: Alomomola|evasion|1\n|-sideend|p1: playeraccount|Stealth Rock|[from] move: Defog|[of] p2a: Corviknight\n|-sideend|p2: PWA Wright|Stealth Rock|[from] move: Defog|[of] p2a: Corviknight\n|\n|upkeep\n|turn|42\n|\n|t:|1699937598\n|switch|p2a: Clodsire|Clodsire, F|100\/100\n|move|p1a: Alomomola|Flip Turn|p2a: Clodsire\n|-immune|p2a: Clodsire|[from] ability: Water Absorb\n|\n|upkeep\n|turn|43\n|\n|t:|1699937611\n|switch|p1a: Landorus|Landorus-Therian, M, shiny|82\/100 tox\n|-ability|p1a: Landorus|Intimidate|boost\n|-unboost|p2a: Clodsire|atk|1\n|move|p2a: Clodsire|Stealth Rock|p1a: Landorus\n|-sidestart|p1: playeraccount|move: Stealth Rock\n|\n|-damage|p1a: Landorus|76\/100 tox|[from] psn\n|upkeep\n|turn|44\n|\n|t:|1699937615\n|switch|p2a: Corviknight|Corviknight, M|84\/100\n|-ability|p2a: Corviknight|Pressure\n|move|p1a: Landorus|Stealth Rock|p2a: Corviknight\n|-sidestart|p2: PWA Wright|move: Stealth Rock\n|\n|-damage|p1a: Landorus|64\/100 tox|[from] psn\n|upkeep\n|turn|45\n|inactive|playeraccount has 120 seconds left.\n|\n|t:|1699937635\n|switch|p1a: Zapdos|Zapdos-Galar|100\/100\n|-damage|p1a: Zapdos|88\/100|[from] Stealth Rock\n|move|p2a: Corviknight|Defog|p1a: Zapdos\n|-unboost|p1a: Zapdos|evasion|1\n|-ability|p1a: Zapdos|Defiant|boost\n|-boost|p1a: Zapdos|atk|2\n|-sideend|p1: playeraccount|Stealth Rock|[from] move: Defog|[of] p2a: Corviknight\n|-sideend|p2: PWA Wright|Stealth Rock|[from] move: Defog|[of] p2a: Corviknight\n|\n|upkeep\n|turn|46\n|\n|t:|1699937645\n|switch|p2a: Dondozo|Dondozo, M|100\/100\n|move|p1a: Zapdos|Blaze Kick|p2a: Dondozo\n|-resisted|p2a: Dondozo\n|-damage|p2a: Dondozo|95\/100\n|-damage|p1a: Zapdos|72\/100|[from] item: Rocky Helmet|[of] p2a: Dondozo\n|\n|upkeep\n|turn|47\n|inactive|playeraccount has 120 seconds left.\n|\n|t:|1699937651\n|switch|p1a: Alomomola|Alomomola, M, shiny|100\/100\n|move|p2a: Dondozo|Body Press|p1a: Alomomola\n|-damage|p1a: Alomomola|85\/100\n|-damage|p2a: Dondozo|78\/100|[from] item: Rocky Helmet|[of] p1a: Alomomola\n|\n|upkeep\n|turn|48\n|inactive|playeraccount has 120 seconds left.\n|\n|t:|1699937671\n|switch|p2a: Clodsire|Clodsire, F|100\/100\n|move|p1a: Alomomola|Flip Turn|p2a: Clodsire\n|-immune|p2a: Clodsire|[from] ability: Water Absorb\n|\n|upkeep\n|turn|49\n|\n|t:|1699937675\n|move|p1a: Alomomola|Wish|p1a: Alomomola\n|move|p2a: Clodsire|Stealth Rock|p1a: Alomomola\n|-sidestart|p1: playeraccount|move: Stealth Rock\n|\n|upkeep\n|turn|50\n|\n|t:|1699937687\n|switch|p1a: Landorus|Landorus-Therian, M, shiny|64\/100 tox\n|-damage|p1a: Landorus|52\/100 tox|[from] Stealth Rock\n|-ability|p1a: Landorus|Intimidate|boost\n|-unboost|p2a: Clodsire|atk|1\n|switch|p2a: Corviknight|Corviknight, M|84\/100\n|-ability|p2a: Corviknight|Pressure\n|\n|-heal|p1a: Landorus|100\/100 tox|[from] move: Wish|[wisher] Alomomola\n|-damage|p1a: Landorus|94\/100 tox|[from] psn\n|upkeep\n|turn|51\n|inactive|playeraccount has 120 seconds left.\n|\n|t:|1699937714\n|move|p1a: Landorus|Stealth Rock|p2a: Corviknight\n|-sidestart|p2: PWA Wright|move: Stealth Rock\n|move|p2a: Corviknight|Body Press|p1a: Landorus\n|-resisted|p1a: Landorus\n|-damage|p1a: Landorus|85\/100 tox\n|\n|-damage|p1a: Landorus|73\/100 tox|[from] psn\n|upkeep\n|turn|52\n|inactive|playeraccount has 90 seconds left.\n|\n|t:|1699937747\n|move|p1a: Landorus|U-turn|p2a: Corviknight\n|-resisted|p2a: Corviknight\n|-damage|p2a: Corviknight|80\/100\n|-damage|p1a: Landorus|56\/100 tox|[from] item: Rocky Helmet|[of] p2a: Corviknight\n|\n|t:|1699937750\n|switch|p1a: Alomomola|Alomomola, M, shiny|100\/100|[from] U-turn\n|-damage|p1a: Alomomola|88\/100|[from] Stealth Rock\n|move|p2a: Corviknight|Defog|p1a: Alomomola\n|-unboost|p1a: Alomomola|evasion|1\n|-sideend|p1: playeraccount|Stealth Rock|[from] move: Defog|[of] p2a: Corviknight\n|-sideend|p2: PWA Wright|Stealth Rock|[from] move: Defog|[of] p2a: Corviknight\n|\n|upkeep\n|turn|53\n|\n|t:|1699937754\n|switch|p2a: Clodsire|Clodsire, F|100\/100\n|move|p1a: Alomomola|Flip Turn|p2a: Clodsire\n|-immune|p2a: Clodsire|[from] ability: Water Absorb\n|\n|upkeep\n|turn|54\n|\n|t:|1699937757\n|move|p1a: Alomomola|Wish|p1a: Alomomola\n|move|p2a: Clodsire|Stealth Rock|p1a: Alomomola\n|-sidestart|p1: playeraccount|move: Stealth Rock\n|\n|upkeep\n|turn|55\n|\n|t:|1699937762\n|switch|p1a: Landorus|Landorus-Therian, M, shiny|56\/100 tox\n|-damage|p1a: Landorus|44\/100 tox|[from] Stealth Rock\n|-ability|p1a: Landorus|Intimidate|boost\n|-unboost|p2a: Clodsire|atk|1\n|move|p2a: Clodsire|Earthquake|p1a: Landorus\n|-immune|p1a: Landorus\n|\n|-heal|p1a: Landorus|100\/100 tox|[from] move: Wish|[wisher] Alomomola\n|-damage|p1a: Landorus|94\/100 tox|[from] psn\n|upkeep\n|turn|56\n|\n|t:|1699937767\n|switch|p2a: Corviknight|Corviknight, M|80\/100\n|-ability|p2a: Corviknight|Pressure\n|move|p1a: Landorus|Stealth Rock|p2a: Corviknight\n|-sidestart|p2: PWA Wright|move: Stealth Rock\n|\n|-damage|p1a: Landorus|82\/100 tox|[from] psn\n|upkeep\n|turn|57\n|\n|t:|1699937776\n|switch|p1a: Zapdos|Zapdos-Galar|72\/100\n|-damage|p1a: Zapdos|59\/100|[from] Stealth Rock\n|move|p2a: Corviknight|Defog|p1a: Zapdos\n|-unboost|p1a: Zapdos|evasion|1\n|-ability|p1a: Zapdos|Defiant|boost\n|-boost|p1a: Zapdos|atk|2\n|-sideend|p1: playeraccount|Stealth Rock|[from] move: Defog|[of] p2a: Corviknight\n|-sideend|p2: PWA Wright|Stealth Rock|[from] move: Defog|[of] p2a: Corviknight\n|\n|upkeep\n|turn|58\n|\n|t:|1699937779\n|switch|p2a: Dondozo|Dondozo, M|78\/100\n|move|p1a: Zapdos|Knock Off|p2a: Dondozo\n|-damage|p2a: Dondozo|64\/100\n|-damage|p1a: Zapdos|43\/100|[from] item: Rocky Helmet|[of] p2a: Dondozo\n|-enditem|p2a: Dondozo|Rocky Helmet|[from] move: Knock Off|[of] p1a: Zapdos\n|\n|upkeep\n|turn|59\n|\n|t:|1699937788\n|switch|p1a: Alomomola|Alomomola, M, shiny|100\/100\n|move|p2a: Dondozo|Curse|p2a: Dondozo\n|-unboost|p2a: Dondozo|spe|1\n|-boost|p2a: Dondozo|atk|1\n|-boost|p2a: Dondozo|def|1\n|\n|upkeep\n|turn|60\n|\n|t:|1699937793\n|switch|p2a: Clodsire|Clodsire, F|100\/100\n|move|p1a: Alomomola|Wish|p1a: Alomomola\n|\n|upkeep\n|turn|61\n|\n|t:|1699937798\n|switch|p1a: Zapdos|Zapdos-Galar|43\/100\n|move|p2a: Clodsire|Stealth Rock|p1a: Zapdos\n|-sidestart|p1: playeraccount|move: Stealth Rock\n|\n|-heal|p1a: Zapdos|100\/100|[from] move: Wish|[wisher] Alomomola\n|upkeep\n|turn|62\n|\n|t:|1699937805\n|switch|p2a: Dondozo|Dondozo, M|64\/100\n|move|p1a: Zapdos|Knock Off|p2a: Dondozo\n|-damage|p2a: Dondozo|53\/100\n|\n|upkeep\n|turn|63\n|\n|t:|1699937816\n|switch|p1a: Landorus|Landorus-Therian, M, shiny|82\/100 tox\n|-damage|p1a: Landorus|70\/100 tox|[from] Stealth Rock\n|-ability|p1a: Landorus|Intimidate|boost\n|-unboost|p2a: Dondozo|atk|1\n|move|p2a: Dondozo|Rest|p2a: Dondozo\n|-status|p2a: Dondozo|slp|[from] move: Rest\n|-heal|p2a: Dondozo|100\/100 slp|[silent]\n|\n|-damage|p1a: Landorus|64\/100 tox|[from] psn\n|upkeep\n|turn|64\n|\n|t:|1699937818\n|switch|p2a: Corviknight|Corviknight, M|80\/100\n|-ability|p2a: Corviknight|Pressure\n|move|p1a: Landorus|Stealth Rock|p2a: Corviknight\n|-sidestart|p2: PWA Wright|move: Stealth Rock\n|\n|-damage|p1a: Landorus|52\/100 tox|[from] psn\n|upkeep\n|turn|65\n|\n|t:|1699937822\n|switch|p1a: Zapdos|Zapdos-Galar|100\/100\n|-damage|p1a: Zapdos|88\/100|[from] Stealth Rock\n|move|p2a: Corviknight|Defog|p1a: Zapdos\n|-unboost|p1a: Zapdos|evasion|1\n|-ability|p1a: Zapdos|Defiant|boost\n|-boost|p1a: Zapdos|atk|2\n|-sideend|p1: playeraccount|Stealth Rock|[from] move: Defog|[of] p2a: Corviknight\n|-sideend|p2: PWA Wright|Stealth Rock|[from] move: Defog|[of] p2a: Corviknight\n|\n|upkeep\n|turn|66\n|\n|t:|1699937826\n|switch|p2a: Dondozo|Dondozo, M|100\/100 slp\n|move|p1a: Zapdos|Thunderous Kick|p2a: Dondozo\n|-damage|p2a: Dondozo|81\/100 slp\n|-unboost|p2a: Dondozo|def|1\n|\n|upkeep\n|turn|67\n|\n|t:|1699937845\n|move|p1a: Zapdos|Thunderous Kick|p2a: Dondozo\n|-damage|p2a: Dondozo|52\/100 slp\n|-unboost|p2a: Dondozo|def|1\n|cant|p2a: Dondozo|slp\n|\n|upkeep\n|turn|68\n|\n|t:|1699937861\n|-terastallize|p2a: Dondozo|Ghost\n|move|p1a: Zapdos|Thunderous Kick|p2a: Dondozo\n|-immune|p2a: Dondozo\n|cant|p2a: Dondozo|slp\n|\n|upkeep\n|turn|69\n|inactive|PWA Wright has 120 seconds left.\n|\n|t:|1699937900\n|switch|p1a: Alomomola|Alomomola, M, shiny|100\/100\n|-curestatus|p2a: Dondozo|slp|[msg]\n|move|p2a: Dondozo|Rest|p2a: Dondozo\n|-status|p2a: Dondozo|slp|[from] move: Rest\n|-heal|p2a: Dondozo|100\/100 slp|[silent]\n|\n|upkeep\n|turn|70\n|\n|t:|1699937903\n|switch|p1a: Xurkitree|Xurkitree, shiny|76\/100\n|switch|p2a: Clodsire|Clodsire, F|100\/100\n|\n|upkeep\n|turn|71\n|inactive|PWA Wright has 120 seconds left.\n|\n|t:|1699937916\n|switch|p1a: Landorus|Landorus-Therian, M, shiny|52\/100 tox\n|-ability|p1a: Landorus|Intimidate|boost\n|-unboost|p2a: Clodsire|atk|1\n|move|p2a: Clodsire|Toxic|p1a: Landorus\n|-fail|p1a: Landorus|tox\n|\n|-damage|p1a: Landorus|46\/100 tox|[from] psn\n|upkeep\n|turn|72\n|\n|t:|1699937920\n|switch|p2a: Corviknight|Corviknight, M|80\/100\n|-ability|p2a: Corviknight|Pressure\n|move|p1a: Landorus|Stealth Rock|p2a: Corviknight\n|-sidestart|p2: PWA Wright|move: Stealth Rock\n|\n|-damage|p1a: Landorus|34\/100 tox|[from] psn\n|upkeep\n|turn|73\n|\n|t:|1699937927\n|switch|p1a: Zapdos|Zapdos-Galar|88\/100\n|move|p2a: Corviknight|Defog|p1a: Zapdos\n|-unboost|p1a: Zapdos|evasion|1\n|-ability|p1a: Zapdos|Defiant|boost\n|-boost|p1a: Zapdos|atk|2\n|-sideend|p2: PWA Wright|Stealth Rock|[from] move: Defog|[of] p2a: Corviknight\n|\n|upkeep\n|turn|74\n|\n|t:|1699937932\n|switch|p2a: Dondozo|Dondozo, M, tera:Ghost|100\/100 slp\n|move|p1a: Zapdos|Knock Off|p2a: Dondozo\n|-supereffective|p2a: Dondozo\n|-damage|p2a: Dondozo|82\/100 slp\n|\n|upkeep\n|turn|75\n|\n|t:|1699937940\n|switch|p1a: Alomomola|Alomomola, M, shiny|100\/100\n|cant|p2a: Dondozo|slp\n|\n|upkeep\n|turn|76\n|inactive|PWA Wright has 120 seconds left.\n|\n|t:|1699937987\n|switch|p2a: Clodsire|Clodsire, F|100\/100\n|move|p1a: Alomomola|Wish|p1a: Alomomola\n|\n|upkeep\n|turn|77\n|\n|t:|1699937992\n|switch|p1a: Landorus|Landorus-Therian, M, shiny|34\/100 tox\n|-ability|p1a: Landorus|Intimidate|boost\n|-unboost|p2a: Clodsire|atk|1\n|move|p2a: Clodsire|Stealth Rock|p1a: Landorus\n|-sidestart|p1: playeraccount|move: Stealth Rock\n|\n|-heal|p1a: Landorus|100\/100 tox|[from] move: Wish|[wisher] Alomomola\n|-damage|p1a: Landorus|94\/100 tox|[from] psn\n|upkeep\n|turn|78\n|\n|t:|1699937995\n|switch|p2a: Corviknight|Corviknight, M|80\/100\n|-ability|p2a: Corviknight|Pressure\n|move|p1a: Landorus|Stealth Rock|p2a: Corviknight\n|-sidestart|p2: PWA Wright|move: Stealth Rock\n|\n|-damage|p1a: Landorus|82\/100 tox|[from] psn\n|upkeep\n|turn|79\n|inactive|PWA Wright has 120 seconds left.\n|\n|t:|1699938008\n|switch|p1a: Chansey|Chansey, F, shiny|71\/100\n|-damage|p1a: Chansey|58\/100|[from] Stealth Rock\n|move|p2a: Corviknight|Defog|p1a: Chansey\n|-unboost|p1a: Chansey|evasion|1\n|-sideend|p1: playeraccount|Stealth Rock|[from] move: Defog|[of] p2a: Corviknight\n|-sideend|p2: PWA Wright|Stealth Rock|[from] move: Defog|[of] p2a: Corviknight\n|\n|upkeep\n|turn|80\n|\n|t:|1699938012\n|move|p1a: Chansey|Heal Bell|p1a: Chansey\n|-activate|p1a: Chansey|move: Heal Bell\n|-curestatus|p1: Landorus|tox|[msg]\n|move|p2a: Corviknight|U-turn|p1a: Chansey\n|-damage|p1a: Chansey|49\/100\n|j| Ghha\n|l| Ghha\n|inactive|PWA Wright has 120 seconds left.\n|\n|t:|1699938037\n|switch|p2a: Clodsire|Clodsire, F|100\/100|[from] U-turn\n|\n|upkeep\n|turn|81\n|l|\u2606playeraccount\n|inactive|playeraccount disconnected and has a minute to reconnect!\n|player|p1|\n|j|\u2606playeraccount\n|inactive|playeraccount reconnected and has 130 seconds left.\n|player|p1|playeraccount|bea\n|\n|t:|1699938063\n|move|p1a: Chansey|Soft-Boiled|p1a: Chansey\n|-heal|p1a: Chansey|99\/100\n|move|p2a: Clodsire|Stealth Rock|p1a: Chansey\n|-sidestart|p1: playeraccount|move: Stealth Rock\n|\n|upkeep\n|turn|82\n|inactive|PWA Wright has 120 seconds left.\n|\n|t:|1699938075\n|move|p2a: Clodsire|Toxic|p1a: Chansey\n|-status|p1a: Chansey|tox\n|move|p1a: Chansey|Teleport|p1a: Chansey\n|inactive|playeraccount has 120 seconds left.\n|\n|t:|1699938085\n|-curestatus|p1a: Chansey|tox|[from] ability: Natural Cure\n|switch|p1a: Landorus|Landorus-Therian, M, shiny|82\/100|[from] Teleport\n|-damage|p1a: Landorus|70\/100|[from] Stealth Rock\n|-ability|p1a: Landorus|Intimidate|boost\n|-unboost|p2a: Clodsire|atk|1\n|\n|upkeep\n|turn|83\n|\n|t:|1699938090\n|switch|p2a: Corviknight|Corviknight, M|80\/100\n|-ability|p2a: Corviknight|Pressure\n|move|p1a: Landorus|Stealth Rock|p2a: Corviknight\n|-sidestart|p2: PWA Wright|move: Stealth Rock\n|\n|upkeep\n|turn|84\n|\n|t:|1699938098\n|switch|p1a: Xurkitree|Xurkitree, shiny|76\/100\n|-damage|p1a: Xurkitree|63\/100|[from] Stealth Rock\n|move|p2a: Corviknight|Defog|p1a: Xurkitree\n|-unboost|p1a: Xurkitree|evasion|1\n|-sideend|p1: playeraccount|Stealth Rock|[from] move: Defog|[of] p2a: Corviknight\n|-sideend|p2: PWA Wright|Stealth Rock|[from] move: Defog|[of] p2a: Corviknight\n|\n|upkeep\n|turn|85\n|\n|t:|1699938102\n|switch|p2a: Clodsire|Clodsire, F|100\/100\n|-terastallize|p1a: Xurkitree|Grass\n|move|p1a: Xurkitree|Energy Ball|p2a: Clodsire\n|-damage|p2a: Clodsire|68\/100\n|\n|-heal|p2a: Clodsire|74\/100|[from] item: Leftovers\n|upkeep\n|turn|86\n|\n|t:|1699938112\n|switch|p1a: Scizor|Scizor, M, shiny|100\/100\n|move|p2a: Clodsire|Toxic|p1a: Scizor\n|-immune|p1a: Scizor\n|\n|-heal|p2a: Clodsire|80\/100|[from] item: Leftovers\n|upkeep\n|turn|87\n|\n|t:|1699938116\n|switch|p2a: Corviknight|Corviknight, M|80\/100\n|-ability|p2a: Corviknight|Pressure\n|detailschange|p1a: Scizor|Scizor-Mega, M, shiny\n|-mega|p1a: Scizor|Scizor|Scizorite\n|move|p1a: Scizor|Bullet Punch|p2a: Corviknight\n|-resisted|p2a: Corviknight\n|-damage|p2a: Corviknight|70\/100\n|-damage|p1a: Scizor|84\/100|[from] item: Rocky Helmet|[of] p2a: Corviknight\n|\n|upkeep\n|turn|88\n|\n|t:|1699938126\n|switch|p1a: Alomomola|Alomomola, M, shiny|100\/100\n|move|p2a: Corviknight|Body Press|p1a: Alomomola\n|-damage|p1a: Alomomola|87\/100\n|-damage|p2a: Corviknight|54\/100|[from] item: Rocky Helmet|[of] p1a: Alomomola\n|\n|upkeep\n|turn|89\n|\n|t:|1699938142\n|switch|p1a: Scizor|Scizor-Mega, M, shiny|84\/100\n|move|p2a: Corviknight|Roost|p2a: Corviknight\n|-heal|p2a: Corviknight|100\/100\n|-singleturn|p2a: Corviknight|move: Roost\n|\n|upkeep\n|turn|90\n|\n|t:|1699938146\n|move|p1a: Scizor|U-turn|p2a: Corviknight\n|-resisted|p2a: Corviknight\n|-damage|p2a: Corviknight|94\/100\n|-damage|p1a: Scizor|67\/100|[from] item: Rocky Helmet|[of] p2a: Corviknight\n|\n|t:|1699938149\n|switch|p1a: Alomomola|Alomomola, M, shiny|100\/100|[from] U-turn\n|move|p2a: Corviknight|U-turn|p1a: Alomomola\n|-damage|p1a: Alomomola|93\/100\n|-damage|p2a: Corviknight|78\/100|[from] item: Rocky Helmet|[of] p1a: Alomomola\n|\n|t:|1699938151\n|switch|p2a: Clodsire|Clodsire, F|80\/100|[from] U-turn\n|\n|-heal|p2a: Clodsire|86\/100|[from] item: Leftovers\n|upkeep\n|turn|91\n|\n|t:|1699938156\n|switch|p1a: Scizor|Scizor-Mega, M, shiny|67\/100\n|move|p2a: Clodsire|Stealth Rock|p1a: Scizor\n|-sidestart|p1: playeraccount|move: Stealth Rock\n|\n|-heal|p2a: Clodsire|92\/100|[from] item: Leftovers\n|upkeep\n|turn|92\n|\n|t:|1699938161\n|switch|p2a: Charizard|Charizard-Mega-Y, F|100\/100\n|-weather|SunnyDay|[from] ability: Drought|[of] p2a: Charizard\n|move|p1a: Scizor|Defog|p2a: Charizard\n|-unboost|p2a: Charizard|evasion|1\n|-sideend|p1: playeraccount|Stealth Rock|[from] move: Defog|[of] p1a: Scizor\n|\n|-weather|SunnyDay|[upkeep]\n|upkeep\n|turn|93\n|\n|t:|1699938164\n|switch|p1a: Chansey|Chansey, F, shiny|99\/100\n|move|p2a: Charizard|Weather Ball|p1a: Chansey\n|-damage|p1a: Chansey|68\/100\n|\n|-weather|SunnyDay|[upkeep]\n|upkeep\n|turn|94\n|\n|t:|1699938167\n|switch|p2a: Corviknight|Corviknight, M|78\/100\n|-ability|p2a: Corviknight|Pressure\n|move|p1a: Chansey|Teleport|p1a: Chansey\n|\n|t:|1699938172\n|switch|p1a: Zapdos|Zapdos-Galar|88\/100|[from] Teleport\n|\n|-weather|SunnyDay|[upkeep]\n|upkeep\n|turn|95\n|\n|t:|1699938179\n|switch|p2a: Dondozo|Dondozo, M, tera:Ghost|82\/100 slp\n|move|p1a: Zapdos|Blaze Kick|p2a: Dondozo\n|-crit|p2a: Dondozo\n|-damage|p2a: Dondozo|55\/100 slp\n|\n|-weather|SunnyDay|[upkeep]\n|upkeep\n|turn|96\n|\n|t:|1699938187\n|switch|p1a: Alomomola|Alomomola, M, shiny|100\/100\n|cant|p2a: Dondozo|slp\n|\n|-weather|none\n|upkeep\n|turn|97\n|\n|t:|1699938195\n|switch|p1a: Scizor|Scizor-Mega, M, shiny|67\/100\n|switch|p2a: Clodsire|Clodsire, F|92\/100\n|\n|-heal|p2a: Clodsire|98\/100|[from] item: Leftovers\n|upkeep\n|turn|98\n|\n|t:|1699938203\n|switch|p1a: Landorus|Landorus-Therian, M, shiny|70\/100\n|-ability|p1a: Landorus|Intimidate|boost\n|-unboost|p2a: Clodsire|atk|1\n|switch|p2a: Corviknight|Corviknight, M|78\/100\n|-ability|p2a: Corviknight|Pressure\n|\n|upkeep\n|turn|99\n|j| xuxiansheng\n|\n|t:|1699938209\n|switch|p1a: Alomomola|Alomomola, M, shiny|100\/100\n|move|p2a: Corviknight|Body Press|p1a: Alomomola\n|-damage|p1a: Alomomola|86\/100\n|-damage|p2a: Corviknight|61\/100|[from] item: Rocky Helmet|[of] p1a: Alomomola\n|\n|upkeep\n|turn|100\n|\n|t:|1699938219\n|move|p2a: Corviknight|Roost|p2a: Corviknight\n|-heal|p2a: Corviknight|100\/100\n|-singleturn|p2a: Corviknight|move: Roost\n|move|p1a: Alomomola|Flip Turn|p2a: Corviknight\n|-damage|p2a: Corviknight|91\/100\n|-damage|p1a: Alomomola|69\/100|[from] item: Rocky Helmet|[of] p2a: Corviknight\nplayeraccount is offering a tie.\n|\n|t:|1699938231\n|switch|p1a: Xurkitree|Xurkitree, shiny, tera:Grass|63\/100|[from] Flip Turn\n|\n|upkeep\n|turn|101\n|c|\u2606PWA Wright|Im not sure if its a tie yet, but we'll see\n|c|\u2606playeraccount|\uff1f\uff1f\uff1f\uff1f\uff1f\uff1f\uff1f\uff1f\uff1f\n|c|\u2606playeraccount|come on\n|c|\u2606PWA Wright|It is taking long since we're kinda defensively good against eachother.\n|inactive|playeraccount has 120 seconds left.\n|inactive|PWA Wright has 120 seconds left.\n|c|\u2606playeraccount|it is just wasting time\n|c|\u2606PWA Wright|Chansey wont be able to heal bell forever, nor will alolomola's wish last forever\n|c|\u2606PWA Wright|Which, sucks cause it's 100 turns in and nothing's really happened, but progress is being made\n|\n|t:|1699938288\n|switch|p1a: Alomomola|Alomomola, M, shiny|100\/100\n|switch|p2a: Clodsire|Clodsire, F|98\/100\n|\n|-heal|p2a: Clodsire|100\/100|[from] item: Leftovers\n|upkeep\n|turn|102\n|\n|t:|1699938298\n|switch|p1a: Scizor|Scizor-Mega, M, shiny|67\/100\n|move|p2a: Clodsire|Stealth Rock|p1a: Scizor\n|-sidestart|p1: playeraccount|move: Stealth Rock\n|\n|upkeep\n|turn|103\n|\n|t:|1699938303\n|switch|p2a: Charizard|Charizard-Mega-Y, F|100\/100\n|-weather|SunnyDay|[from] ability: Drought|[of] p2a: Charizard\n|move|p1a: Scizor|Defog|p2a: Charizard\n|-unboost|p2a: Charizard|evasion|1\n|-sideend|p1: playeraccount|Stealth Rock|[from] move: Defog|[of] p1a: Scizor\n|\n|-weather|SunnyDay|[upkeep]\n|upkeep\n|turn|104\n|\n|t:|1699938306\n|switch|p1a: Chansey|Chansey, F, shiny|68\/100\n|move|p2a: Charizard|Weather Ball|p1a: Chansey\n|-damage|p1a: Chansey|38\/100\n|\n|-weather|SunnyDay|[upkeep]\n|upkeep\n|turn|105\n|\n|t:|1699938312\n|move|p2a: Charizard|Air Slash|p1a: Chansey\n|-damage|p1a: Chansey|24\/100\n|move|p1a: Chansey|Soft-Boiled|p1a: Chansey\n|-heal|p1a: Chansey|74\/100\n|\n|-weather|SunnyDay|[upkeep]\n|upkeep\n|turn|106\n|\n|t:|1699938318\n|switch|p2a: Corviknight|Corviknight, M|91\/100\n|-ability|p2a: Corviknight|Pressure\n|move|p1a: Chansey|Seismic Toss|p2a: Corviknight\n|-damage|p2a: Corviknight|66\/100\n|-damage|p1a: Chansey|57\/100|[from] item: Rocky Helmet|[of] p2a: Corviknight\n|\n|-weather|SunnyDay|[upkeep]\n|upkeep\n|turn|107\n|\n|t:|1699938323\n|move|p1a: Chansey|Soft-Boiled|p1a: Chansey\n|-heal|p1a: Chansey|100\/100\n|move|p2a: Corviknight|U-turn|p1a: Chansey\n|-damage|p1a: Chansey|92\/100\n|\n|t:|1699938328\n|switch|p2a: Clodsire|Clodsire, F|100\/100|[from] U-turn\n|\n|-weather|none\n|upkeep\n|turn|108\n|\n|t:|1699938335\n|switch|p1a: Landorus|Landorus-Therian, M, shiny|70\/100\n|-ability|p1a: Landorus|Intimidate|boost\n|-unboost|p2a: Clodsire|atk|1\n|move|p2a: Clodsire|Stealth Rock|p1a: Landorus\n|-sidestart|p1: playeraccount|move: Stealth Rock\n|\n|upkeep\n|turn|109\n|\n|t:|1699938346\n|switch|p2a: Corviknight|Corviknight, M|66\/100\n|-ability|p2a: Corviknight|Pressure\n|move|p1a: Landorus|Stealth Rock|p2a: Corviknight\n|-sidestart|p2: PWA Wright|move: Stealth Rock\n|\n|upkeep\n|turn|110\n|\n|t:|1699938348\n|switch|p1a: Zapdos|Zapdos-Galar|88\/100\n|-damage|p1a: Zapdos|76\/100|[from] Stealth Rock\n|move|p2a: Corviknight|Defog|p1a: Zapdos\n|-unboost|p1a: Zapdos|evasion|1\n|-ability|p1a: Zapdos|Defiant|boost\n|-boost|p1a: Zapdos|atk|2\n|-sideend|p1: playeraccount|Stealth Rock|[from] move: Defog|[of] p2a: Corviknight\n|-sideend|p2: PWA Wright|Stealth Rock|[from] move: Defog|[of] p2a: Corviknight\n|\n|upkeep\n|turn|111\n|inactive|PWA Wright has 120 seconds left.\n|\n|t:|1699938371\n|switch|p2a: Dondozo|Dondozo, M, tera:Ghost|55\/100 slp\n|move|p1a: Zapdos|Brave Bird|p2a: Dondozo\n|-damage|p2a: Dondozo|28\/100 slp\n|-damage|p1a: Zapdos|62\/100|[from] Recoil\n|\n|upkeep\n|turn|112\n|\n|t:|1699938377\n|move|p1a: Zapdos|Brave Bird|p2a: Dondozo\n|-damage|p2a: Dondozo|0 fnt\n|faint|p2a: Dondozo\n|-damage|p1a: Zapdos|48\/100|[from] Recoil\n|\n|upkeep\n|\n|t:|1699938381\n|switch|p2a: Garchomp|Garchomp, M|100\/100\n|turn|113\n|inactive|PWA Wright has 120 seconds left.\n|\n|t:|1699938386\n|switch|p1a: Alomomola|Alomomola, M, shiny|100\/100\n|move|p2a: Garchomp|Scale Shot|p1a: Alomomola\n|-damage|p1a: Alomomola|93\/100\n|-damage|p1a: Alomomola|86\/100\n|-damage|p1a: Alomomola|79\/100\n|-damage|p1a: Alomomola|71\/100\n|-damage|p1a: Alomomola|64\/100\n|-hitcount|p1a: Alomomola|5\n|-unboost|p2a: Garchomp|def|1\n|-boost|p2a: Garchomp|spe|1\n|\n|upkeep\n|turn|114\n|inactive|PWA Wright has 120 seconds left.\n|\n|t:|1699938395\n|switch|p2a: Clodsire|Clodsire, F|100\/100\n|move|p1a: Alomomola|Flip Turn|p2a: Clodsire\n|-immune|p2a: Clodsire|[from] ability: Water Absorb\n|\n|upkeep\n|turn|115\n|inactive|PWA Wright has 120 seconds left.\n|inactive|playeraccount has 120 seconds left.\n|\n|t:|1699938416\n|move|p1a: Alomomola|Wish|p1a: Alomomola\n|move|p2a: Clodsire|Stealth Rock|p1a: Alomomola\n|-sidestart|p1: playeraccount|move: Stealth Rock\n|\n|upkeep\n|turn|116\n|c|\u2606PWA Wright|Good zapdos play btw\n|\n|t:|1699938437\n|switch|p1a: Zapdos|Zapdos-Galar|48\/100\n|-damage|p1a: Zapdos|35\/100|[from] Stealth Rock\n|move|p2a: Clodsire|Toxic|p1a: Zapdos\n|-status|p1a: Zapdos|tox\n|\n|-heal|p1a: Zapdos|100\/100 tox|[from] move: Wish|[wisher] Alomomola\n|-damage|p1a: Zapdos|94\/100 tox|[from] psn\n|upkeep\n|turn|117\nplayeraccount is offering a tie.\n|inactive|playeraccount has 120 seconds left.\n|inactive|PWA Wright has 90 seconds left.\n|\n|t:|1699938453\n|switch|p1a: Chansey|Chansey, F, shiny|92\/100\n|-damage|p1a: Chansey|79\/100|[from] Stealth Rock\n|switch|p2a: Garchomp|Garchomp, M|100\/100\n|\n|upkeep\n|turn|118\n|inactive|playeraccount has 120 seconds left.\n|\n|t:|1699938458\n|switch|p1a: Alomomola|Alomomola, M, shiny|98\/100\n|-damage|p1a: Alomomola|85\/100|[from] Stealth Rock\n|move|p2a: Garchomp|Swords Dance|p2a: Garchomp\n|-boost|p2a: Garchomp|atk|2\n|\n|upkeep\n|turn|119\n|inactive|playeraccount has 120 seconds left.\n|\n|t:|1699938470\n|switch|p2a: Clodsire|Clodsire, F|100\/100\n|move|p1a: Alomomola|Toxic|p2a: Clodsire\n|-immune|p2a: Clodsire\n|\n|upkeep\n|turn|120\n|\n|t:|1699938479\n|switch|p1a: Chansey|Chansey, F, shiny|79\/100\n|-damage|p1a: Chansey|67\/100|[from] Stealth Rock\n|switch|p2a: Corviknight|Corviknight, M|66\/100\n|-ability|p2a: Corviknight|Pressure\n|\n|upkeep\n|turn|121\n|\n|t:|1699938483\n|move|p1a: Chansey|Heal Bell|p1a: Chansey\n|-activate|p1a: Chansey|move: Heal Bell\n|-curestatus|p1: Zapdos|tox|[msg]\n|move|p2a: Corviknight|Body Press|p1a: Chansey\n|-supereffective|p1a: Chansey\n|-damage|p1a: Chansey|35\/100\n|\n|upkeep\n|turn|122\n|\n|t:|1699938493\n|switch|p1a: Alomomola|Alomomola, M, shiny|100\/100\n|-damage|p1a: Alomomola|88\/100|[from] Stealth Rock\n|move|p2a: Corviknight|Body Press|p1a: Alomomola\n|-damage|p1a: Alomomola|73\/100\n|-damage|p2a: Corviknight|50\/100|[from] item: Rocky Helmet|[of] p1a: Alomomola\n|\n|upkeep\n|turn|123\n|\n|t:|1699938500\n|move|p2a: Corviknight|Roost|p2a: Corviknight\n|-heal|p2a: Corviknight|99\/100\n|-singleturn|p2a: Corviknight|move: Roost\n|move|p1a: Alomomola|Flip Turn|p2a: Corviknight\n|-damage|p2a: Corviknight|90\/100\n|-damage|p1a: Alomomola|56\/100|[from] item: Rocky Helmet|[of] p2a: Corviknight\n|\n|t:|1699938509\n|switch|p1a: Zapdos|Zapdos-Galar|94\/100|[from] Flip Turn\n|-damage|p1a: Zapdos|82\/100|[from] Stealth Rock\n|\n|upkeep\n|turn|124\n|\n|t:|1699938518\n|move|p1a: Zapdos|Knock Off|p2a: Corviknight\n|-damage|p2a: Corviknight|70\/100\n|-damage|p1a: Zapdos|65\/100|[from] item: Rocky Helmet|[of] p2a: Corviknight\n|-enditem|p2a: Corviknight|Rocky Helmet|[from] move: Knock Off|[of] p1a: Zapdos\n|move|p2a: Corviknight|U-turn|p1a: Zapdos\n|-resisted|p1a: Zapdos\n|-damage|p1a: Zapdos|61\/100\n|\n|t:|1699938523\n|switch|p2a: Charizard|Charizard-Mega-Y, F|100\/100|[from] U-turn\n|-weather|SunnyDay|[from] ability: Drought|[of] p2a: Charizard\n|\n|-weather|SunnyDay|[upkeep]\n|upkeep\n|turn|125\n|\n|t:|1699938538\n|switch|p1a: Chansey|Chansey, F, shiny|35\/100\n|-damage|p1a: Chansey|22\/100|[from] Stealth Rock\n|move|p2a: Charizard|Weather Ball|p1a: Chansey\n|-damage|p1a: Chansey|0 fnt\n|faint|p1a: Chansey\n|\n|-weather|SunnyDay|[upkeep]\n|upkeep\n|\n|t:|1699938540\n|switch|p1a: Zapdos|Zapdos-Galar|61\/100\n|-damage|p1a: Zapdos|48\/100|[from] Stealth Rock\n|turn|126\n|\n|t:|1699938543\n|move|p1a: Zapdos|Brave Bird|p2a: Charizard\n|-damage|p2a: Charizard|8\/100\n|-damage|p1a: Zapdos|20\/100|[from] Recoil\n|move|p2a: Charizard|Weather Ball|p1a: Zapdos\n|-damage|p1a: Zapdos|0 fnt\n|faint|p1a: Zapdos\n|\n|-weather|SunnyDay|[upkeep]\n|upkeep\n|\n|t:|1699938546\n|switch|p1a: Scizor|Scizor-Mega, M, shiny|67\/100\n|-damage|p1a: Scizor|55\/100|[from] Stealth Rock\n|turn|127\n|\n|t:|1699938550\n|switch|p2a: Corviknight|Corviknight, M|70\/100\n|-ability|p2a: Corviknight|Pressure\n|move|p1a: Scizor|Bullet Punch|p2a: Corviknight\n|-resisted|p2a: Corviknight\n|-damage|p2a: Corviknight|61\/100\n|\n|-weather|SunnyDay|[upkeep]\n|upkeep\n|turn|128\n|\n|t:|1699938559\n|move|p1a: Scizor|Defog|p2a: Corviknight\n|-unboost|p2a: Corviknight|evasion|1\n|-sideend|p1: playeraccount|Stealth Rock|[from] move: Defog|[of] p1a: Scizor\n|move|p2a: Corviknight|Roost|p2a: Corviknight\n|-heal|p2a: Corviknight|100\/100\n|-singleturn|p2a: Corviknight|move: Roost\n|\n|-weather|none\n|upkeep\n|turn|129\n|\n|t:|1699938565\n|move|p1a: Scizor|Roost|p1a: Scizor\n|-heal|p1a: Scizor|100\/100\n|-singleturn|p1a: Scizor|move: Roost\n|move|p2a: Corviknight|U-turn|p1a: Scizor\n|-resisted|p1a: Scizor\n|-damage|p1a: Scizor|95\/100\n|\n|t:|1699938571\n|switch|p2a: Clodsire|Clodsire, F|100\/100|[from] U-turn\n|\n|upkeep\n|turn|130\n|\n|t:|1699938581\n|move|p1a: Scizor|U-turn|p2a: Clodsire\n|-resisted|p2a: Clodsire\n|-damage|p2a: Clodsire|80\/100\n|\n|t:|1699938583\n|switch|p1a: Landorus|Landorus-Therian, M, shiny|70\/100|[from] U-turn\n|-ability|p1a: Landorus|Intimidate|boost\n|-unboost|p2a: Clodsire|atk|1\n|move|p2a: Clodsire|Stealth Rock|p1a: Landorus\n|-sidestart|p1: playeraccount|move: Stealth Rock\n|\n|-heal|p2a: Clodsire|86\/100|[from] item: Leftovers\n|upkeep\n|turn|131\n|\n|t:|1699938590\n|switch|p2a: Corviknight|Corviknight, M|100\/100\n|-ability|p2a: Corviknight|Pressure\n|move|p1a: Landorus|Stealth Rock|p2a: Corviknight\n|-sidestart|p2: PWA Wright|move: Stealth Rock\n|\n|upkeep\n|turn|132\n|l| xuxiansheng\n|\n|t:|1699938597\n|move|p1a: Landorus|U-turn|p2a: Corviknight\n|-resisted|p2a: Corviknight\n|-damage|p2a: Corviknight|97\/100\n|\n|t:|1699938606\n|switch|p1a: Xurkitree|Xurkitree, shiny, tera:Grass|63\/100|[from] U-turn\n|-damage|p1a: Xurkitree|51\/100|[from] Stealth Rock\n|move|p2a: Corviknight|Defog|p1a: Xurkitree\n|-unboost|p1a: Xurkitree|evasion|1\n|-sideend|p1: playeraccount|Stealth Rock|[from] move: Defog|[of] p2a: Corviknight\n|-sideend|p2: PWA Wright|Stealth Rock|[from] move: Defog|[of] p2a: Corviknight\n|\n|upkeep\n|turn|133\n|inactive|playeraccount has 120 seconds left.\n|\n|t:|1699938637\n|switch|p1a: Scizor|Scizor-Mega, M, shiny|95\/100\n|switch|p2a: Clodsire|Clodsire, F|86\/100\n|\n|-heal|p2a: Clodsire|92\/100|[from] item: Leftovers\n|upkeep\n|turn|134\n|\n|t:|1699938648\n|move|p1a: Scizor|Bullet Punch|p2a: Clodsire\n|-damage|p2a: Clodsire|59\/100\n|move|p2a: Clodsire|Stealth Rock|p1a: Scizor\n|-sidestart|p1: playeraccount|move: Stealth Rock\n|\n|-heal|p2a: Clodsire|65\/100|[from] item: Leftovers\n|upkeep\n|turn|135\n|\n|t:|1699938663\n|switch|p2a: Garchomp|Garchomp, M|100\/100\n|move|p1a: Scizor|Defog|p2a: Garchomp\n|-unboost|p2a: Garchomp|evasion|1\n|-sideend|p1: playeraccount|Stealth Rock|[from] move: Defog|[of] p1a: Scizor\n|\n|upkeep\n|turn|136\n|inactive|playeraccount has 120 seconds left.\n|\n|t:|1699938679\n|switch|p1a: Landorus|Landorus-Therian, M, shiny|70\/100\n|-ability|p1a: Landorus|Intimidate|boost\n|-unboost|p2a: Garchomp|atk|1\n|move|p2a: Garchomp|Swords Dance|p2a: Garchomp\n|-boost|p2a: Garchomp|atk|2\n|\n|upkeep\n|turn|137\n|\n|t:|1699938685\n|switch|p2a: Corviknight|Corviknight, M|97\/100\n|-ability|p2a: Corviknight|Pressure\n|-zpower|p1a: Landorus\n|move|p1a: Landorus|Supersonic Skystrike|p2a: Corviknight|[zeffect]\n|-resisted|p2a: Corviknight\n|-damage|p2a: Corviknight|68\/100\n|\n|upkeep\n|turn|138\n|\n|t:|1699938695\n|move|p1a: Landorus|U-turn|p2a: Corviknight\n|-resisted|p2a: Corviknight\n|-damage|p2a: Corviknight|65\/100\n|\n|t:|1699938700\n|switch|p1a: Scizor|Scizor-Mega, M, shiny|95\/100|[from] U-turn\n|move|p2a: Corviknight|U-turn|p1a: Scizor\n|-resisted|p1a: Scizor\n|-damage|p1a: Scizor|89\/100\n|\n|t:|1699938703\n|switch|p2a: Garchomp|Garchomp, M|100\/100|[from] U-turn\n|\n|upkeep\n|turn|139\n|\n|t:|1699938705\n|move|p1a: Scizor|Bullet Punch|p2a: Garchomp\n|-damage|p2a: Garchomp|69\/100\n|-damage|p1a: Scizor|77\/100|[from] ability: Rough Skin|[of] p2a: Garchomp\n|move|p2a: Garchomp|Swords Dance|p2a: Garchomp\n|-boost|p2a: Garchomp|atk|2\n|\n|upkeep\n|turn|140\n|\n|t:|1699938715\n|move|p2a: Garchomp|Earthquake|p1a: Scizor\n|-damage|p1a: Scizor|0 fnt\n|faint|p1a: Scizor\n|\n|upkeep\n|\n|t:|1699938719\n|switch|p1a: Alomomola|Alomomola, M, shiny|89\/100\n|turn|141\n|\n|t:|1699938722\n|switch|p2a: Clodsire|Clodsire, F|65\/100\n|move|p1a: Alomomola|Toxic|p2a: Clodsire\n|-immune|p2a: Clodsire\n|\n|-heal|p2a: Clodsire|71\/100|[from] item: Leftovers\n|upkeep\n|turn|142\n|\n|t:|1699938724\n|switch|p1a: Landorus|Landorus-Therian, M, shiny|70\/100\n|-ability|p1a: Landorus|Intimidate|boost\n|-unboost|p2a: Clodsire|atk|1\n|move|p2a: Clodsire|Toxic|p1a: Landorus\n|-status|p1a: Landorus|tox\n|\n|-heal|p2a: Clodsire|77\/100|[from] item: Leftovers\n|-damage|p1a: Landorus|64\/100 tox|[from] psn\n|upkeep\n|turn|143\n|\n|t:|1699938732\n|switch|p2a: Corviknight|Corviknight, M|65\/100\n|-ability|p2a: Corviknight|Pressure\n|move|p1a: Landorus|U-turn|p2a: Corviknight\n|-resisted|p2a: Corviknight\n|-damage|p2a: Corviknight|61\/100\n|\n|t:|1699938737\n|switch|p1a: Xurkitree|Xurkitree, shiny, tera:Grass|51\/100|[from] U-turn\n|\n|upkeep\n|turn|144\n|\n|t:|1699938755\n|switch|p2a: Tyranitar|Tyranitar, F|100\/100\n|-weather|Sandstorm|[from] ability: Sand Stream|[of] p2a: Tyranitar\n|move|p1a: Xurkitree|Zap Cannon|p2a: Tyranitar\n|-damage|p2a: Tyranitar|77\/100\n|-status|p2a: Tyranitar|par\n|\n|-weather|Sandstorm|[upkeep]\n|-damage|p1a: Xurkitree|45\/100|[from] Sandstorm\n|upkeep\n|turn|145\n|\n|t:|1699938759\n|move|p1a: Xurkitree|Energy Ball|p2a: Tyranitar\n|-supereffective|p2a: Tyranitar\n|-damage|p2a: Tyranitar|46\/100 par\n|move|p2a: Tyranitar|Pursuit|p1a: Xurkitree\n|-damage|p1a: Xurkitree|18\/100\n|\n|-weather|Sandstorm|[upkeep]\n|-damage|p1a: Xurkitree|12\/100|[from] Sandstorm\n|upkeep\n|turn|146\n|\n|t:|1699938763\n|move|p1a: Xurkitree|Energy Ball|p2a: Tyranitar\n|-supereffective|p2a: Tyranitar\n|-damage|p2a: Tyranitar|14\/100 par\n|move|p2a: Tyranitar|Pursuit|p1a: Xurkitree\n|-damage|p1a: Xurkitree|0 fnt\n|faint|p1a: Xurkitree\n|\n|-weather|Sandstorm|[upkeep]\n|upkeep\n|\n|t:|1699938768\n|switch|p1a: Landorus|Landorus-Therian, M, shiny|64\/100 tox\n|-ability|p1a: Landorus|Intimidate|boost\n|-unboost|p2a: Tyranitar|atk|1\n|turn|147\n|\n|t:|1699938788\n|switch|p2a: Corviknight|Corviknight, M|61\/100\n|-ability|p2a: Corviknight|Pressure\n|move|p1a: Landorus|U-turn|p2a: Corviknight\n|-resisted|p2a: Corviknight\n|-damage|p2a: Corviknight|57\/100\n|\n|t:|1699938792\n|switch|p1a: Alomomola|Alomomola, M, shiny|100\/100|[from] U-turn\n|\n|-weather|Sandstorm|[upkeep]\n|-damage|p1a: Alomomola|94\/100|[from] Sandstorm\n|upkeep\n|turn|148\n|\n|t:|1699938801\n|switch|p2a: Clodsire|Clodsire, F|77\/100\n|move|p1a: Alomomola|Flip Turn|p2a: Clodsire\n|-heal|p2a: Clodsire|100\/100|[from] ability: Water Absorb|[of] p1a: Alomomola\n|\n|-weather|none\n|upkeep\n|turn|149\n|\n|t:|1699938804\n|switch|p1a: Landorus|Landorus-Therian, M, shiny|64\/100 tox\n|-ability|p1a: Landorus|Intimidate|boost\n|-unboost|p2a: Clodsire|atk|1\n|move|p2a: Clodsire|Toxic|p1a: Landorus\n|-fail|p1a: Landorus|tox\n|\n|-damage|p1a: Landorus|58\/100 tox|[from] psn\n|upkeep\n|turn|150\n|\n|t:|1699938809\n|switch|p2a: Corviknight|Corviknight, M|57\/100\n|-ability|p2a: Corviknight|Pressure\n|move|p1a: Landorus|U-turn|p2a: Corviknight\n|-resisted|p2a: Corviknight\n|-damage|p2a: Corviknight|53\/100\n|\n|t:|1699938812\n|switch|p1a: Alomomola|Alomomola, M, shiny|100\/100|[from] U-turn\n|\n|upkeep\n|turn|151\n|c|\u2606playeraccount|gg\n|c|\u2606PWA Wright|gg\n|-message|playeraccount forfeited.\n|\n|win|PWA Wright\n|raw|playeraccount's rating: 1669 &rarr; <strong>1649<\/strong><br \/>(-20 for losing)\n|raw|PWA Wright's rating: 1671 &rarr; <strong>1691<\/strong><br \/>(+20 for winning)\n|c|\u2606PWA Wright|sorry it took so long\n|c|\u2606PWA Wright|Well played\n","uploadtime":1699938831,"views":12,"p1id":"playeraccount","p2id":"pwawright","formatid":"gen9nationaldex","rating":1649,"private":0,"password":""}