{"id":"gen9nationaldex-1999981020","p1":"Tenama","p2":"LTRYHARD343","format":"[Gen 9] National Dex","log":"|html|<div class=\"broadcast-blue\"><strong>[Gen 9] National Dex is currently suspecting Sneasler! For information on how to participate check out the <a href=\"https:\/\/www.smogon.com\/forums\/threads\/sv-national-dex-suspect-8-just-dance.3731534\/\">suspect thread<\/a>.<\/strong><\/div>\n|j|\u2606Tenama\n|j|\u2606LTRYHARD343\n|t:|1701137280\n|gametype|singles\n|player|p1|Tenama|beauty-gen2|1111\n|player|p2|LTRYHARD343|266|1000\n|teamsize|p1|6\n|teamsize|p2|6\n|gen|9\n|tier|[Gen 9] National Dex\n|rated|\n|rule|HP Percentage Mod: HP is shown in percentages\n|rule|Endless Battle Clause: Forcing endless battles is banned\n|rule|OHKO Clause: OHKO moves are banned\n|rule|Evasion Clause: Evasion abilities, items, and moves are banned\n|rule|Evasion Abilities Clause: Evasion abilities are banned\n|rule|Evasion Items Clause: Evasion items are banned\n|rule|Evasion Moves Clause: Evasion moves are banned\n|rule|Species Clause: Limit one of each Pok\u00e9mon\n|rule|Sleep Clause Mod: Limit one foe put to sleep\n|clearpoke\n|poke|p1|Gardevoir, F|\n|poke|p1|Tsareena, F|\n|poke|p1|Lopunny, F|\n|poke|p1|Salazzle, F|\n|poke|p1|Jynx, F|\n|poke|p1|Nidoqueen, F|\n|poke|p2|Raikou|\n|poke|p2|Pinsir, F|\n|poke|p2|Rotom-Wash|\n|poke|p2|Victini|\n|poke|p2|Mandibuzz, F|\n|poke|p2|Magnezone|\n|teampreview\n|\n|t:|1701137284\n|start\n|switch|p1a: Gardevoir|Gardevoir, F|100\/100\n|switch|p2a: Mandibuzz|Mandibuzz, F, shiny|100\/100\n|-ability|p1a: Gardevoir|Overcoat|[from] ability: Trace|[of] p2a: Mandibuzz\n|turn|1\n|\n|t:|1701137295\n|detailschange|p1a: Gardevoir|Gardevoir-Mega, F\n|-mega|p1a: Gardevoir|Gardevoir|Gardevoirite\n|move|p1a: Gardevoir|Aura Sphere|p2a: Mandibuzz\n|-damage|p2a: Mandibuzz|71\/100\n|move|p2a: Mandibuzz|Foul Play|p1a: Gardevoir\n|-damage|p1a: Gardevoir|65\/100\n|\n|upkeep\n|turn|2\n|\n|t:|1701137308\n|move|p1a: Gardevoir|Dazzling Gleam|p2a: Mandibuzz\n|-supereffective|p2a: Mandibuzz\n|-damage|p2a: Mandibuzz|0 fnt\n|faint|p2a: Mandibuzz\n|\n|upkeep\n|\n|t:|1701137329\n|switch|p2a: Victini|Victini|100\/100\n|turn|3\n|\n|t:|1701137336\n|move|p2a: Victini|V-create|p1a: Gardevoir\n|-damage|p1a: Gardevoir|0 fnt\n|-unboost|p2a: Victini|spe|1\n|-unboost|p2a: Victini|def|1\n|-unboost|p2a: Victini|spd|1\n|faint|p1a: Gardevoir\n|\n|upkeep\n|\n|t:|1701137345\n|switch|p1a: Nidoqueen|Nidoqueen, F|100\/100\n|turn|4\n|\n|t:|1701137358\n|switch|p2a: Rotom|Rotom-Wash|100\/100\n|move|p1a: Nidoqueen|Super Fang|p2a: Rotom|[miss]\n|-miss|p1a: Nidoqueen|p2a: Rotom\n|\n|upkeep\n|turn|5\n|\n|t:|1701137366\n|switch|p1a: Tsareena|Tsareena, F|100\/100\n|move|p2a: Rotom|Will-O-Wisp|p1a: Tsareena\n|-status|p1a: Tsareena|brn\n|\n|-damage|p1a: Tsareena|94\/100 brn|[from] brn\n|upkeep\n|turn|6\n|\n|t:|1701137391\n|move|p2a: Rotom|Volt Switch|p1a: Tsareena\n|-resisted|p1a: Tsareena\n|-damage|p1a: Tsareena|82\/100 brn\n|\n|t:|1701137400\n|switch|p2a: Victini|Victini|100\/100|[from] Volt Switch\n|move|p1a: Tsareena|Power Whip|p2a: Victini\n|-resisted|p2a: Victini\n|-damage|p2a: Victini|80\/100\n|-damage|p1a: Tsareena|73\/100 brn|[from] item: Life Orb\n|\n|-damage|p1a: Tsareena|67\/100 brn|[from] brn\n|upkeep\n|turn|7\n|\n|t:|1701137413\n|move|p2a: Victini|V-create|p1a: Tsareena\n|-supereffective|p1a: Tsareena\n|-damage|p1a: Tsareena|0 fnt\n|-unboost|p2a: Victini|spe|1\n|-unboost|p2a: Victini|def|1\n|-unboost|p2a: Victini|spd|1\n|faint|p1a: Tsareena\n|\n|upkeep\n|\n|t:|1701137420\n|switch|p1a: Salazzle|Salazzle, F|100\/100\n|-item|p1a: Salazzle|Air Balloon\n|turn|8\n|\n|t:|1701137442\n|switch|p2a: Rotom|Rotom-Wash|100\/100\n|move|p1a: Salazzle|Toxic|p2a: Rotom\n|-status|p2a: Rotom|tox\n|\n|-damage|p2a: Rotom|94\/100 tox|[from] psn\n|upkeep\n|turn|9\n|\n|t:|1701137453\n|switch|p1a: Jynx|Jynx, F|100\/100\n|move|p2a: Rotom|Hydro Pump|p1a: Jynx\n|-immune|p1a: Jynx|[from] ability: Dry Skin\n|\n|-heal|p2a: Rotom|100\/100 tox|[from] item: Leftovers\n|-damage|p2a: Rotom|88\/100 tox|[from] psn\n|upkeep\n|turn|10\n|\n|t:|1701137481\n|switch|p2a: Raikou|Raikou|100\/100\n|-ability|p2a: Raikou|Pressure\n|move|p1a: Jynx|Shadow Ball|p2a: Raikou\n|-damage|p2a: Raikou|75\/100\n|\n|upkeep\n|turn|11\n|\n|t:|1701137492\n|switch|p1a: Nidoqueen|Nidoqueen, F|100\/100\n|move|p2a: Raikou|Volt Switch|p1a: Nidoqueen\n|-immune|p1a: Nidoqueen\n|\n|upkeep\n|turn|12\n|\n|t:|1701137504\n|switch|p2a: Rotom|Rotom-Wash|88\/100 tox\n|move|p1a: Nidoqueen|Super Fang|p2a: Rotom\n|-damage|p2a: Rotom|44\/100 tox\n|\n|-heal|p2a: Rotom|50\/100 tox|[from] item: Leftovers\n|-damage|p2a: Rotom|44\/100 tox|[from] psn\n|upkeep\n|turn|13\n|\n|t:|1701137515\n|move|p2a: Rotom|Volt Switch|p1a: Nidoqueen\n|-immune|p1a: Nidoqueen\n|move|p1a: Nidoqueen|Super Fang|p2a: Rotom\n|-damage|p2a: Rotom|23\/100 tox\n|\n|-heal|p2a: Rotom|29\/100 tox|[from] item: Leftovers\n|-damage|p2a: Rotom|16\/100 tox|[from] psn\n|upkeep\n|turn|14\n|\n|t:|1701137525\n|switch|p1a: Jynx|Jynx, F|100\/100\n|move|p2a: Rotom|Hydro Pump|p1a: Jynx\n|-immune|p1a: Jynx|[from] ability: Dry Skin\n|\n|-heal|p2a: Rotom|23\/100 tox|[from] item: Leftovers\n|-damage|p2a: Rotom|4\/100 tox|[from] psn\n|upkeep\n|turn|15\n|\n|t:|1701137536\n|switch|p1a: Nidoqueen|Nidoqueen, F|100\/100\n|move|p2a: Rotom|Will-O-Wisp|p1a: Nidoqueen\n|-status|p1a: Nidoqueen|brn\n|\n|-heal|p2a: Rotom|10\/100 tox|[from] item: Leftovers\n|-damage|p2a: Rotom|0 fnt|[from] psn\n|faint|p2a: Rotom\n|-damage|p1a: Nidoqueen|94\/100 brn|[from] brn\n|upkeep\n|\n|t:|1701137548\n|switch|p2a: Pinsir|Pinsir, F|100\/100\n|turn|16\n|\n|t:|1701137556\n|detailschange|p2a: Pinsir|Pinsir-Mega, F\n|-mega|p2a: Pinsir|Pinsir|Pinsirite\n|move|p2a: Pinsir|Swords Dance|p2a: Pinsir\n|-boost|p2a: Pinsir|atk|2\n|move|p1a: Nidoqueen|Super Fang|p2a: Pinsir\n|-damage|p2a: Pinsir|50\/100\n|\n|-heal|p1a: Nidoqueen|100\/100 brn|[from] item: Leftovers\n|-damage|p1a: Nidoqueen|94\/100 brn|[from] brn\n|upkeep\n|turn|17\n|\n|t:|1701137569\n|move|p2a: Pinsir|Return|p1a: Nidoqueen\n|-damage|p1a: Nidoqueen|0 fnt\n|faint|p1a: Nidoqueen\n|\n|upkeep\n|\n|t:|1701137575\n|switch|p1a: Salazzle|Salazzle, F|100\/100\n|-item|p1a: Salazzle|Air Balloon\n|turn|18\n|\n|t:|1701137581\n|move|p1a: Salazzle|Flamethrower|p2a: Pinsir\n|-supereffective|p2a: Pinsir\n|-damage|p2a: Pinsir|0 fnt\n|faint|p2a: Pinsir\n|\n|upkeep\n|\n|t:|1701137589\n|switch|p2a: Victini|Victini|80\/100\n|turn|19\n|\n|t:|1701137601\n|move|p2a: Victini|Zen Headbutt|p1a: Salazzle\n|-supereffective|p1a: Salazzle\n|-damage|p1a: Salazzle|0 fnt\n|-enditem|p1a: Salazzle|Air Balloon\n|faint|p1a: Salazzle\n|\n|upkeep\n|\n|t:|1701137607\n|switch|p1a: Lopunny|Lopunny, F|100\/100\n|turn|20\n|\n|t:|1701137612\n|-terastallize|p1a: Lopunny|Normal\n|move|p2a: Victini|Zen Headbutt|p1a: Lopunny\n|-damage|p1a: Lopunny|41\/100\n|move|p1a: Lopunny|Dizzy Punch|p2a: Victini\n|-damage|p2a: Victini|42\/100\n|\n|upkeep\n|turn|21\n|\n|t:|1701137623\n|move|p2a: Victini|Zen Headbutt|p1a: Lopunny\n|-damage|p1a: Lopunny|0 fnt\n|faint|p1a: Lopunny\n|\n|upkeep\n|\n|t:|1701137628\n|switch|p1a: Jynx|Jynx, F|100\/100\n|turn|22\n|\n|t:|1701137635\n|-terastallize|p2a: Victini|Psychic\n|move|p2a: Victini|Zen Headbutt|p1a: Jynx\n|-resisted|p1a: Jynx\n|-damage|p1a: Jynx|23\/100\n|move|p1a: Jynx|Shadow Ball|p2a: Victini\n|-supereffective|p2a: Victini\n|-damage|p2a: Victini|0 fnt\n|faint|p2a: Victini\n|\n|upkeep\n|\n|t:|1701137646\n|switch|p2a: Magnezone|Magnezone|100\/100\n|turn|23\n|\n|t:|1701137651\n|move|p2a: Magnezone|Hidden Power|p1a: Jynx\n|-supereffective|p1a: Jynx\n|-damage|p1a: Jynx|0 fnt\n|faint|p1a: Jynx\n|\n|win|LTRYHARD343\n|raw|Tenama's rating: 1111 &rarr; <strong>1078<\/strong><br \/>(-33 for losing)\n|raw|LTRYHARD343's rating: 1000 &rarr; <strong>1052<\/strong><br \/>(+52 for winning)\n|c|\u2606Tenama|Gg\n|l|\u2606Tenama\n|l|\u2606LTRYHARD343\n","uploadtime":1701137678,"views":6,"p1id":"tenama","p2id":"ltryhard343","formatid":"gen9nationaldex","rating":1052,"private":0,"password":""}