{"id":"gen9nationaldex-1997480564","p1":"meizhishi","p2":"Daisyiio","format":"[Gen 9] National Dex","log":"|html|<div class=\"broadcast-blue\"><strong>[Gen 9] National Dex is currently suspecting Sneasler! For information on how to participate check out the <a href=\"https:\/\/www.smogon.com\/forums\/threads\/sv-national-dex-suspect-8-just-dance.3731534\/\">suspect thread<\/a>.<\/strong><\/div>\n|j|\u2606meizhishi\n|j|\u2606Daisyiio\n|t:|1700812790\n|gametype|singles\n|player|p1|meizhishi|101|1495\n|player|p2|Daisyiio|170|1506\n|teamsize|p1|6\n|teamsize|p2|6\n|gen|9\n|tier|[Gen 9] National Dex\n|rated|\n|rule|HP Percentage Mod: HP is shown in percentages\n|rule|Endless Battle Clause: Forcing endless battles is banned\n|rule|OHKO Clause: OHKO moves are banned\n|rule|Evasion Clause: Evasion abilities, items, and moves are banned\n|rule|Evasion Abilities Clause: Evasion abilities are banned\n|rule|Evasion Items Clause: Evasion items are banned\n|rule|Evasion Moves Clause: Evasion moves are banned\n|rule|Species Clause: Limit one of each Pok\u00e9mon\n|rule|Sleep Clause Mod: Limit one foe put to sleep\n|clearpoke\n|poke|p1|Tapu Lele|\n|poke|p1|Sneasler, F|\n|poke|p1|Urshifu-*, M|\n|poke|p1|Ting-Lu|\n|poke|p1|Heatran, M|\n|poke|p1|Rotom-Wash|\n|poke|p2|Aggron, M|\n|poke|p2|Diancie|\n|poke|p2|Hawlucha, M|\n|poke|p2|Bisharp, M|\n|poke|p2|Victini|\n|poke|p2|Zamazenta-*|\n|teampreview\n|\n|t:|1700812809\n|start\n|switch|p1a: Urshifu|Urshifu-Rapid-Strike, M|100\/100\n|switch|p2a: Victini|Victini|100\/100\n|turn|1\n|\n|t:|1700812816\n|switch|p1a: Ting-Lu|Ting-Lu|100\/100\n|-ability|p1a: Ting-Lu|Vessel of Ruin\n|move|p2a: Victini|Final Gambit|p1a: Ting-Lu\n|-damage|p1a: Ting-Lu|22\/100\n|faint|p2a: Victini\n|\n|-heal|p1a: Ting-Lu|28\/100|[from] item: Leftovers\n|upkeep\n|\n|t:|1700812835\n|switch|p2a: Zamazenta|Zamazenta|100\/100\n|-ability|p2a: Zamazenta|Dauntless Shield|boost\n|-boost|p2a: Zamazenta|def|1\n|turn|2\n|\n|t:|1700812841\n|move|p2a: Zamazenta|Body Press|p1a: Ting-Lu\n|-supereffective|p1a: Ting-Lu\n|-damage|p1a: Ting-Lu|0 fnt\n|faint|p1a: Ting-Lu\n|\n|upkeep\n|\n|t:|1700812848\n|switch|p1a: Tapu Lele|Tapu Lele|100\/100\n|-fieldstart|move: Psychic Terrain|[from] ability: Psychic Surge|[of] p1a: Tapu Lele\n|turn|3\n|\n|t:|1700812855\n|-terastallize|p2a: Zamazenta|Steel\n|move|p2a: Zamazenta|Heavy Slam|p1a: Tapu Lele\n|-supereffective|p1a: Tapu Lele\n|-damage|p1a: Tapu Lele|0 fnt\n|faint|p1a: Tapu Lele\n|\n|upkeep\n|\n|t:|1700812875\n|switch|p1a: Sneasler|Sneasler, F|100\/100\n|-enditem|p1a: Sneasler|Psychic Seed\n|-boost|p1a: Sneasler|spd|1|[from] item: Psychic Seed\n|turn|4\n|\n|t:|1700812884\n|move|p1a: Sneasler|Swords Dance|p1a: Sneasler\n|-boost|p1a: Sneasler|atk|2\n|move|p2a: Zamazenta|Iron Defense|p2a: Zamazenta\n|-boost|p2a: Zamazenta|def|2\n|\n|upkeep\n|turn|5\n|\n|t:|1700812890\n|move|p1a: Sneasler|Swords Dance|p1a: Sneasler\n|-boost|p1a: Sneasler|atk|2\n|move|p2a: Zamazenta|Iron Defense|p2a: Zamazenta\n|-boost|p2a: Zamazenta|def|2\n|\n|upkeep\n|turn|6\n|\n|t:|1700812896\n|move|p1a: Sneasler|Close Combat|p2a: Zamazenta\n|-supereffective|p2a: Zamazenta\n|-damage|p2a: Zamazenta|19\/100\n|-unboost|p1a: Sneasler|def|1\n|-unboost|p1a: Sneasler|spd|1\n|move|p2a: Zamazenta|Body Press|p1a: Sneasler\n|-resisted|p1a: Sneasler\n|-damage|p1a: Sneasler|0 fnt\n|faint|p1a: Sneasler\n|\n|upkeep\n|\n|t:|1700812904\n|switch|p1a: Urshifu|Urshifu-Rapid-Strike, M|100\/100\n|turn|7\n|\n|t:|1700812912\n|-terastallize|p1a: Urshifu|Water\n|move|p1a: Urshifu|Surging Strikes|p2a: Zamazenta\n|-crit|p2a: Zamazenta\n|-damage|p2a: Zamazenta|0 fnt\n|faint|p2a: Zamazenta\n|-hitcount|p2: Zamazenta|1\n|\n|-fieldend|move: Psychic Terrain\n|upkeep\n|\n|t:|1700812929\n|switch|p2a: Bisharp|Bisharp, M|100\/100\n|turn|8\n|\n|t:|1700812946\n|move|p2a: Bisharp|Sucker Punch|p1a: Urshifu\n|-damage|p1a: Urshifu|42\/100\n|move|p1a: Urshifu|Surging Strikes|p2a: Bisharp\n|-crit|p2a: Bisharp\n|-damage|p2a: Bisharp|68\/100\n|-crit|p2a: Bisharp\n|-damage|p2a: Bisharp|34\/100\n|-crit|p2a: Bisharp\n|-damage|p2a: Bisharp|1\/100\n|-hitcount|p2a: Bisharp|3\n|\n|upkeep\n|turn|9\n|\n|t:|1700812955\n|switch|p1a: Rotom|Rotom-Wash|100\/100\n|move|p2a: Bisharp|Sucker Punch||[still]\n|-fail|p2a: Bisharp\n|\n|upkeep\n|turn|10\n|\n|t:|1700812963\n|switch|p2a: Aggron|Aggron, M|100\/100\n|move|p1a: Rotom|Volt Switch|p2a: Aggron\n|-damage|p2a: Aggron|51\/100\n|\n|t:|1700812969\n|switch|p1a: Urshifu|Urshifu-Rapid-Strike, M, tera:Water|42\/100|[from] Volt Switch\n|\n|upkeep\n|turn|11\n|\n|t:|1700812983\n|move|p1a: Urshifu|Surging Strikes|p2a: Aggron\n|-supereffective|p2a: Aggron\n|-crit|p2a: Aggron\n|-damage|p2a: Aggron|11\/100\n|-supereffective|p2a: Aggron\n|-crit|p2a: Aggron\n|-damage|p2a: Aggron|0 fnt\n|faint|p2a: Aggron\n|-hitcount|p2: Aggron|2\n|\n|upkeep\n|\n|t:|1700812985\n|switch|p2a: Bisharp|Bisharp, M|1\/100\n|turn|12\n|\n|t:|1700812992\n|switch|p1a: Rotom|Rotom-Wash|100\/100\n|switch|p2a: Diancie|Diancie|100\/100\n|\n|upkeep\n|turn|13\n|\n|t:|1700812999\n|detailschange|p2a: Diancie|Diancie-Mega\n|-mega|p2a: Diancie|Diancie|Diancite\n|move|p2a: Diancie|Substitute|p2a: Diancie\n|-start|p2a: Diancie|Substitute\n|-damage|p2a: Diancie|76\/100\n|move|p1a: Rotom|Hydro Pump|p2a: Diancie\n|-supereffective|p2a: Diancie\n|-end|p2a: Diancie|Substitute\n|\n|upkeep\n|turn|14\n|\n|t:|1700813006\n|move|p2a: Diancie|Substitute|p2a: Diancie\n|-start|p2a: Diancie|Substitute\n|-damage|p2a: Diancie|51\/100\n|move|p1a: Rotom|Hydro Pump|p2a: Diancie\n|-supereffective|p2a: Diancie\n|-end|p2a: Diancie|Substitute\n|\n|upkeep\n|turn|15\n|\n|t:|1700813009\n|move|p2a: Diancie|Substitute|p2a: Diancie\n|-start|p2a: Diancie|Substitute\n|-damage|p2a: Diancie|26\/100\n|move|p1a: Rotom|Hydro Pump|p2a: Diancie\n|-supereffective|p2a: Diancie\n|-crit|p2a: Diancie\n|-end|p2a: Diancie|Substitute\n|\n|upkeep\n|turn|16\n|\n|t:|1700813014\n|move|p2a: Diancie|Substitute|p2a: Diancie\n|-start|p2a: Diancie|Substitute\n|-damage|p2a: Diancie|1\/100\n|move|p1a: Rotom|Hydro Pump|p2a: Diancie\n|-supereffective|p2a: Diancie\n|-end|p2a: Diancie|Substitute\n|\n|upkeep\n|turn|17\n|\n|t:|1700813029\n|move|p2a: Diancie|Explosion|p1a: Rotom\n|-damage|p1a: Rotom|24\/100\n|faint|p2a: Diancie\n|move|p1a: Rotom|Volt Switch|p2: Diancie|[notarget]\n|-fail|p1a: Rotom\n|\n|-heal|p1a: Rotom|30\/100|[from] item: Leftovers\n|upkeep\n|\n|t:|1700813040\n|switch|p2a: Bisharp|Bisharp, M|1\/100\n|turn|18\n|\n|t:|1700813066\n|move|p2a: Bisharp|Knock Off|p1a: Rotom\n|-damage|p1a: Rotom|0 fnt\n|-enditem|p1a: Rotom|Leftovers|[from] move: Knock Off|[of] p2a: Bisharp\n|faint|p1a: Rotom\n|\n|upkeep\n|\n|t:|1700813068\n|switch|p1a: Heatran|Heatran, M|100\/100\n|turn|19\n|\n|t:|1700813075\n|switch|p2a: Hawlucha|Hawlucha, M|100\/100\n|move|p1a: Heatran|Magma Storm|p2a: Hawlucha|[miss]\n|-miss|p1a: Heatran|p2a: Hawlucha\n|\n|upkeep\n|turn|20\n|\n|t:|1700813081\n|move|p2a: Hawlucha|Substitute|p2a: Hawlucha\n|-start|p2a: Hawlucha|Substitute\n|-damage|p2a: Hawlucha|76\/100\n|move|p1a: Heatran|Toxic|p2a: Hawlucha|[miss]\n|-miss|p1a: Heatran|p2a: Hawlucha\n|\n|upkeep\n|turn|21\n|\n|t:|1700813093\n|move|p2a: Hawlucha|Reversal|p1a: Heatran\n|-supereffective|p1a: Heatran\n|-damage|p1a: Heatran|87\/100\n|move|p1a: Heatran|Magma Storm|p2a: Hawlucha\n|-end|p2a: Hawlucha|Substitute\n|\n|-heal|p1a: Heatran|93\/100|[from] item: Leftovers\n|upkeep\n|turn|22\n|\n|t:|1700813100\n|move|p2a: Hawlucha|Substitute|p2a: Hawlucha\n|-start|p2a: Hawlucha|Substitute\n|-damage|p2a: Hawlucha|51\/100\n|move|p1a: Heatran|Magma Storm|p2a: Hawlucha\n|-end|p2a: Hawlucha|Substitute\n|\n|-heal|p1a: Heatran|99\/100|[from] item: Leftovers\n|upkeep\n|turn|23\n|\n|t:|1700813110\n|move|p2a: Hawlucha|Substitute|p2a: Hawlucha\n|-start|p2a: Hawlucha|Substitute\n|-damage|p2a: Hawlucha|26\/100\n|move|p1a: Heatran|Taunt|p2a: Hawlucha\n|-start|p2a: Hawlucha|move: Taunt\n|\n|-heal|p1a: Heatran|100\/100|[from] item: Leftovers\n|upkeep\n|turn|24\n|\n|t:|1700813118\n|move|p2a: Hawlucha|Endeavor|p1a: Heatran\n|-damage|p1a: Heatran|20\/100\n|move|p1a: Heatran|Magma Storm|p2a: Hawlucha|[miss]\n|-miss|p1a: Heatran|p2a: Hawlucha\n|\n|-heal|p1a: Heatran|26\/100|[from] item: Leftovers\n|upkeep\n|turn|25\n|\n|t:|1700813125\n|move|p2a: Hawlucha|Reversal|p1a: Heatran\n|-supereffective|p1a: Heatran\n|-damage|p1a: Heatran|0 fnt\n|faint|p1a: Heatran\n|\n|upkeep\n|\n|t:|1700813129\n|switch|p1a: Urshifu|Urshifu-Rapid-Strike, M, tera:Water|42\/100\n|turn|26\n|\n|t:|1700813132\n|move|p1a: Urshifu|Surging Strikes|p2a: Hawlucha\n|-crit|p2a: Hawlucha\n|-end|p2a: Hawlucha|Substitute\n|-crit|p2a: Hawlucha\n|-damage|p2a: Hawlucha|0 fnt\n|faint|p2a: Hawlucha\n|-hitcount|p2: Hawlucha|2\n|\n|upkeep\n|\n|t:|1700813134\n|switch|p2a: Bisharp|Bisharp, M|1\/100\n|turn|27\n|\n|t:|1700813137\n|move|p2a: Bisharp|Sucker Punch|p1a: Urshifu\n|-damage|p1a: Urshifu|0 fnt\n|faint|p1a: Urshifu\n|\n|win|Daisyiio\n|raw|meizhishi's rating: 1495 &rarr; <strong>1476<\/strong><br \/>(-19 for losing)\n|raw|Daisyiio's rating: 1506 &rarr; <strong>1525<\/strong><br \/>(+19 for winning)\n|l|\u2606meizhishi\n","uploadtime":1700813146,"views":4,"p1id":"meizhishi","p2id":"daisyiio","formatid":"gen9nationaldex","rating":1476,"private":0,"password":""}