{"id":"gen9nationaldex-1988633190","p1":"female charizard","p2":"Senor Arthurbot","format":"[Gen 9] National Dex","log":"|j|\u2606female charizard\n|j|\u2606Senor Arthurbot\n|t:|1699744283\n|gametype|singles\n|player|p1|female charizard|170|1222\n|player|p2|Senor Arthurbot|alder|1141\n|teamsize|p1|6\n|teamsize|p2|6\n|gen|9\n|tier|[Gen 9] National Dex\n|rated|\n|rule|HP Percentage Mod: HP is shown in percentages\n|rule|Endless Battle Clause: Forcing endless battles is banned\n|rule|OHKO Clause: OHKO moves are banned\n|rule|Evasion Clause: Evasion abilities, items, and moves are banned\n|rule|Evasion Abilities Clause: Evasion abilities are banned\n|rule|Evasion Items Clause: Evasion items are banned\n|rule|Evasion Moves Clause: Evasion moves are banned\n|rule|Species Clause: Limit one of each Pok\u00e9mon\n|rule|Sleep Clause Mod: Limit one foe put to sleep\n|clearpoke\n|poke|p1|Kyurem|\n|poke|p1|Abomasnow, M|\n|poke|p1|Breloom, F|\n|poke|p1|Rhyperior, F|\n|poke|p1|Ogerpon-Wellspring, F|\n|poke|p1|Arbok, M|\n|poke|p2|Ferrothorn, M|\n|poke|p2|Diancie|\n|poke|p2|Garganacl, M|\n|poke|p2|Volcarona, M|\n|poke|p2|Gliscor, F|\n|poke|p2|Rillaboom, F|\n|teampreview\n|\n|t:|1699744294\n|start\n|switch|p1a: A subtle joke|Abomasnow, M|100\/100\n|switch|p2a: Gliscor|Gliscor, F|100\/100\n|-weather|Snow|[from] ability: Snow Warning|[of] p1a: A subtle joke\n|turn|1\n|\n|t:|1699744299\n|switch|p2a: Ferrothorn|Ferrothorn, M|100\/100\n|move|p1a: A subtle joke|Aurora Veil|p1a: A subtle joke\n|-sidestart|p1: female charizard|move: Aurora Veil\n|\n|-weather|Snow|[upkeep]\n|upkeep\n|turn|2\n|\n|t:|1699744314\n|switch|p1a: bisexual|Breloom, F|100\/100\n|move|p2a: Ferrothorn|Knock Off|p1a: bisexual\n|-resisted|p1a: bisexual\n|-damage|p1a: bisexual|93\/100\n|-enditem|p1a: bisexual|Blunder Policy|[from] move: Knock Off|[of] p2a: Ferrothorn\n|\n|-weather|Snow|[upkeep]\n|upkeep\n|turn|3\n|\n|t:|1699744319\n|move|p1a: bisexual|Dynamic Punch|p2a: Ferrothorn\n|-supereffective|p2a: Ferrothorn\n|-damage|p2a: Ferrothorn|39\/100\n|-start|p2a: Ferrothorn|confusion\n|-damage|p1a: bisexual|81\/100|[from] ability: Iron Barbs|[of] p2a: Ferrothorn\n|-damage|p1a: bisexual|64\/100|[from] item: Rocky Helmet|[of] p2a: Ferrothorn\n|-activate|p2a: Ferrothorn|confusion\n|move|p2a: Ferrothorn|Thunder Wave|p1a: bisexual\n|-status|p1a: bisexual|par\n|\n|-weather|Snow|[upkeep]\n|upkeep\n|turn|4\n|\n|t:|1699744325\n|cant|p1a: bisexual|par\n|-end|p2a: Ferrothorn|confusion\n|move|p2a: Ferrothorn|Body Press|p1a: bisexual\n|-damage|p1a: bisexual|41\/100 par\n|\n|-weather|Snow|[upkeep]\n|upkeep\n|turn|5\n|\n|t:|1699744331\n|cant|p1a: bisexual|par\n|move|p2a: Ferrothorn|Body Press|p1a: bisexual\n|-damage|p1a: bisexual|17\/100 par\n|\n|-weather|none\n|upkeep\n|turn|6\n|\n|t:|1699744339\n|move|p1a: bisexual|Dynamic Punch|p2a: Ferrothorn\n|-supereffective|p2a: Ferrothorn\n|-damage|p2a: Ferrothorn|0 fnt\n|-damage|p1a: bisexual|5\/100 par|[from] ability: Iron Barbs|[of] p2a: Ferrothorn\n|-damage|p1a: bisexual|0 fnt|[from] item: Rocky Helmet|[of] p2a: Ferrothorn\n|faint|p2a: Ferrothorn\n|faint|p1a: bisexual\n|\n|upkeep\n|\n|t:|1699744344\n|switch|p1a: pressure friends|Kyurem|100\/100\n|switch|p2a: Gliscor|Gliscor, F|100\/100\n|-ability|p1a: pressure friends|Pressure\n|turn|7\n|\n|t:|1699744354\n|switch|p1a: mods annoy me|Ogerpon-Wellspring, F|100\/100\n|move|p2a: Gliscor|Earthquake|p1a: mods annoy me\n|-resisted|p1a: mods annoy me\n|-damage|p1a: mods annoy me|90\/100\n|\n|-status|p2a: Gliscor|tox|[from] item: Toxic Orb\n|upkeep\n|turn|8\n|\n|t:|1699744362\n|move|p1a: mods annoy me|Swords Dance|p1a: mods annoy me\n|-boost|p1a: mods annoy me|atk|2\n|move|p2a: Gliscor|Toxic|p1a: mods annoy me\n|-status|p1a: mods annoy me|tox\n|\n|-damage|p1a: mods annoy me|84\/100 tox|[from] psn\n|-sideend|p1: female charizard|move: Aurora Veil\n|upkeep\n|turn|9\n|\n|t:|1699744371\n|-terastallize|p2a: Gliscor|Water\n|move|p1a: mods annoy me|Horn Leech|p2a: Gliscor\n|-supereffective|p2a: Gliscor\n|-damage|p2a: Gliscor|0 fnt\n|-heal|p1a: mods annoy me|100\/100 tox|[from] drain|[of] p2a: Gliscor\n|faint|p2a: Gliscor\n|\n|-damage|p1a: mods annoy me|89\/100 tox|[from] psn\n|upkeep\n|j| kung fu pokechu\n|\n|t:|1699744376\n|switch|p2a: Volcarona|Volcarona, M|100\/100\n|turn|10\n|\n|t:|1699744383\n|-terastallize|p1a: mods annoy me|Water\n|detailschange|p1a: mods annoy me|Ogerpon-Wellspring-Tera, F, tera:Water\n|-ability|p1a: mods annoy me|Embody Aspect (Wellspring)|boost\n|-boost|p1a: mods annoy me|spd|1\n|move|p1a: mods annoy me|Ivy Cudgel|p2a: Volcarona\n|-supereffective|p2a: Volcarona\n|-damage|p2a: Volcarona|0 fnt\n|faint|p2a: Volcarona\n|\n|-damage|p1a: mods annoy me|71\/100 tox|[from] psn\n|upkeep\n|\n|t:|1699744389\n|switch|p2a: Diancie|Diancie|100\/100\n|turn|11\n|j| Adamanzane\n|\n|t:|1699744395\n|detailschange|p2a: Diancie|Diancie-Mega\n|-mega|p2a: Diancie|Diancie|Diancite\n|move|p2a: Diancie|Diamond Storm|p1a: mods annoy me\n|-damage|p1a: mods annoy me|0 fnt\n|faint|p1a: mods annoy me\n|\n|upkeep\n|\n|t:|1699744415\n|switch|p1a: SOLID SUGGESTER|Rhyperior, F|100\/100\n|turn|12\n|\n|t:|1699744420\n|switch|p2a: Rillaboom|Rillaboom, F|100\/100\n|-fieldstart|move: Grassy Terrain|[from] ability: Grassy Surge|[of] p2a: Rillaboom\n|move|p1a: SOLID SUGGESTER|Earthquake|p2a: Rillaboom\n|-resisted|p2a: Rillaboom\n|-damage|p2a: Rillaboom|85\/100\n|\n|-heal|p2a: Rillaboom|91\/100|[from] Grassy Terrain\n|upkeep\n|turn|13\n|\n|t:|1699744424\n|switch|p1a: at last|Arbok, M|100\/100\n|-ability|p1a: at last|Intimidate|boost\n|-unboost|p2a: Rillaboom|atk|1\n|move|p2a: Rillaboom|Grassy Glide|p1a: at last\n|-resisted|p1a: at last\n|-damage|p1a: at last|69\/100\n|\n|-heal|p2a: Rillaboom|97\/100|[from] Grassy Terrain\n|-heal|p1a: at last|76\/100|[from] Grassy Terrain\n|upkeep\n|turn|14\n|\n|t:|1699744434\n|switch|p2a: Diancie|Diancie-Mega|100\/100\n|move|p1a: at last|Coil|p1a: at last\n|-boost|p1a: at last|atk|1\n|-boost|p1a: at last|def|1\n|-boost|p1a: at last|accuracy|1\n|\n|-heal|p1a: at last|82\/100|[from] Grassy Terrain\n|upkeep\n|turn|15\n|\n|t:|1699744439\n|move|p2a: Diancie|Calm Mind|p2a: Diancie\n|-boost|p2a: Diancie|spa|1\n|-boost|p2a: Diancie|spd|1\n|move|p1a: at last|Earthquake|p2a: Diancie\n|-supereffective|p2a: Diancie\n|-damage|p2a: Diancie|37\/100\n|\n|-heal|p2a: Diancie|44\/100|[from] Grassy Terrain\n|-heal|p1a: at last|88\/100|[from] Grassy Terrain\n|upkeep\n|turn|16\n|\n|t:|1699744441\n|move|p2a: Diancie|Earth Power|p1a: at last\n|-supereffective|p1a: at last\n|-damage|p1a: at last|0 fnt\n|faint|p1a: at last\n|\n|-heal|p2a: Diancie|50\/100|[from] Grassy Terrain\n|-fieldend|move: Grassy Terrain\n|upkeep\n|\n|t:|1699744447\n|switch|p1a: pressure friends|Kyurem|100\/100\n|-ability|p1a: pressure friends|Pressure\n|turn|17\n|\n|t:|1699744454\n|move|p2a: Diancie|Diamond Storm|p1a: pressure friends\n|-supereffective|p1a: pressure friends\n|-damage|p1a: pressure friends|12\/100\n|-boost|p2a: Diancie|def|2\n|move|p1a: pressure friends|Freeze-Dry|p2a: Diancie\n|-damage|p2a: Diancie|23\/100\n|\n|-heal|p1a: pressure friends|18\/100|[from] item: Leftovers\n|upkeep\n|turn|18\n|\n|t:|1699744461\n|move|p1a: pressure friends|Protect|p1a: pressure friends\n|-singleturn|p1a: pressure friends|Protect\n|move|p2a: Diancie|Draining Kiss|p1a: pressure friends\n|-activate|p1a: pressure friends|move: Protect\n|\n|-heal|p1a: pressure friends|24\/100|[from] item: Leftovers\n|upkeep\n|turn|19\n|\n|t:|1699744472\n|move|p2a: Diancie|Draining Kiss|p1a: pressure friends\n|-supereffective|p1a: pressure friends\n|-damage|p1a: pressure friends|0 fnt\n|-heal|p2a: Diancie|57\/100|[from] drain|[of] p1a: pressure friends\n|faint|p1a: pressure friends\n|\n|upkeep\n|\n|t:|1699744477\n|switch|p1a: SOLID SUGGESTER|Rhyperior, F|100\/100\n|turn|20\n|inactive|Battle timer is ON: inactive players will automatically lose when time's up. (requested by female charizard)\n|l|\u2606Senor Arthurbot\n|inactive|Senor Arthurbot disconnected and has a minute to reconnect!\n|player|p2|\n|inactive|Senor Arthurbot has 30 seconds to reconnect!\n|inactive|Senor Arthurbot has 20 seconds to reconnect!\n|inactive|Senor Arthurbot has 15 seconds to reconnect!\n|inactive|Senor Arthurbot has 10 seconds to reconnect!\n|inactive|Senor Arthurbot has 5 seconds to reconnect!\n|-message|Senor Arthurbot lost due to inactivity.\n|\n|win|female charizard\n|raw|female charizard's rating: 1218 &rarr; <strong>1238<\/strong><br \/>(+20 for winning)\n|raw|Senor Arthurbot's rating: 1141 &rarr; <strong>1121<\/strong><br \/>(-20 for losing)\n","uploadtime":1699744728,"views":5,"p1id":"femalecharizard","p2id":"senorarthurbot","formatid":"gen9nationaldex","rating":1121,"private":0,"password":""}