{"id":"gen9nationaldex-1996604902","p1":"papunutriaxd","p2":"IronFlashGaming","format":"[Gen 9] National Dex","log":"|html|<div class=\"broadcast-blue\"><strong>[Gen 9] National Dex is currently suspecting Sneasler! For information on how to participate check out the <a href=\"https:\/\/www.smogon.com\/forums\/threads\/sv-national-dex-suspect-8-just-dance.3731534\/\">suspect thread<\/a>.<\/strong><\/div>\n|j|\u2606papunutriaxd\n|j|\u2606IronFlashGaming\n|t:|1700699651\n|gametype|singles\n|player|p1|papunutriaxd|266|1355\n|player|p2|IronFlashGaming|ltsurge|1377\n|teamsize|p1|6\n|teamsize|p2|6\n|gen|9\n|tier|[Gen 9] National Dex\n|rated|\n|rule|HP Percentage Mod: HP is shown in percentages\n|rule|Endless Battle Clause: Forcing endless battles is banned\n|rule|OHKO Clause: OHKO moves are banned\n|rule|Evasion Clause: Evasion abilities, items, and moves are banned\n|rule|Evasion Abilities Clause: Evasion abilities are banned\n|rule|Evasion Items Clause: Evasion items are banned\n|rule|Evasion Moves Clause: Evasion moves are banned\n|rule|Species Clause: Limit one of each Pok\u00e9mon\n|rule|Sleep Clause Mod: Limit one foe put to sleep\n|clearpoke\n|poke|p1|Urshifu-*, M|\n|poke|p1|Great Tusk|\n|poke|p1|Ogerpon-Cornerstone, F|\n|poke|p1|Heatran, F|\n|poke|p1|Glimmora, F|\n|poke|p1|Zapdos|\n|poke|p2|Togekiss, F|\n|poke|p2|Jirachi|\n|poke|p2|Serperior, M|\n|poke|p2|Greninja-*, M|\n|poke|p2|Garchomp, F|\n|poke|p2|Tapu Koko|\n|teampreview\n|\n|t:|1700699682\n|start\n|switch|p1a: Great Tusk|Great Tusk|100\/100\n|switch|p2a: Garchomp|Garchomp, F|100\/100\n|turn|1\n|\n|t:|1700699687\n|move|p2a: Garchomp|Earthquake|p1a: Great Tusk\n|-damage|p1a: Great Tusk|71\/100\n|move|p1a: Great Tusk|Ice Spinner|p2a: Garchomp\n|-supereffective|p2a: Garchomp\n|-damage|p2a: Garchomp|2\/100\n|-damage|p1a: Great Tusk|58\/100|[from] ability: Rough Skin|[of] p2a: Garchomp\n|\n|-heal|p1a: Great Tusk|64\/100|[from] item: Leftovers\n|upkeep\n|turn|2\n|\n|t:|1700699699\n|move|p2a: Garchomp|Stealth Rock|p1a: Great Tusk\n|-sidestart|p1: papunutriaxd|move: Stealth Rock\n|move|p1a: Great Tusk|Rapid Spin|p2a: Garchomp\n|-damage|p2a: Garchomp|0 fnt\n|-boost|p1a: Great Tusk|spe|1\n|-damage|p1a: Great Tusk|52\/100|[from] ability: Rough Skin|[of] p2a: Garchomp\n|-sideend|p1: papunutriaxd|Stealth Rock|[from] move: Rapid Spin|[of] p1a: Great Tusk\n|faint|p2a: Garchomp\n|\n|-heal|p1a: Great Tusk|58\/100|[from] item: Leftovers\n|upkeep\n|\n|t:|1700699708\n|switch|p2a: Greninja|Greninja, M|100\/100\n|turn|3\n|\n|t:|1700699711\n|-end|p1a: Great Tusk|Protosynthesis|[silent]\n|switch|p1a: Zapdos|Zapdos|100\/100\n|move|p2a: Greninja|Water Shuriken|p1a: Zapdos\n|-damage|p1a: Zapdos|91\/100\n|-damage|p1a: Zapdos|83\/100\n|-damage|p1a: Zapdos|75\/100\n|-damage|p1a: Zapdos|66\/100\n|-damage|p1a: Zapdos|58\/100\n|-hitcount|p1a: Zapdos|5\n|-damage|p2a: Greninja|91\/100|[from] item: Life Orb\n|\n|upkeep\n|turn|4\n|\n|t:|1700699716\n|move|p2a: Greninja|Surf|p1a: Zapdos\n|-damage|p1a: Zapdos|7\/100\n|-damage|p2a: Greninja|81\/100|[from] item: Life Orb\n|move|p1a: Zapdos|Volt Switch|p2a: Greninja\n|-supereffective|p2a: Greninja\n|-damage|p2a: Greninja|0 fnt\n|faint|p2a: Greninja\n|\n|t:|1700699723\n|switch|p1a: Glimmora|Glimmora, F|100\/100|[from] Volt Switch\n|\n|upkeep\n|inactive|Battle timer is ON: inactive players will automatically lose when time's up. (requested by papunutriaxd)\n|\n|t:|1700699749\n|switch|p2a: Jirachi|Jirachi|100\/100\n|turn|5\n|\n|t:|1700699754\n|move|p2a: Jirachi|Iron Head|p1a: Glimmora\n|-supereffective|p1a: Glimmora\n|-damage|p1a: Glimmora|30\/100\n|-activate|p1a: Glimmora|ability: Toxic Debris\n|-sidestart|p2: IronFlashGaming|move: Toxic Spikes\n|cant|p1a: Glimmora|flinch\n|\n|upkeep\n|turn|6\n|\n|t:|1700699761\n|switch|p1a: Heatran|Heatran, F|100\/100\n|move|p2a: Jirachi|Iron Head|p1a: Heatran\n|-resisted|p1a: Heatran\n|-damage|p1a: Heatran|95\/100\n|\n|-heal|p1a: Heatran|100\/100|[from] item: Leftovers\n|upkeep\n|turn|7\n|\n|t:|1700699767\n|move|p2a: Jirachi|Thunder Wave|p1a: Heatran\n|-status|p1a: Heatran|par\n|cant|p1a: Heatran|par\n|\n|upkeep\n|turn|8\n|\n|t:|1700699773\n|move|p2a: Jirachi|Substitute|p2a: Jirachi\n|-start|p2a: Jirachi|Substitute\n|-damage|p2a: Jirachi|75\/100\n|cant|p1a: Heatran|par\n|\n|-heal|p2a: Jirachi|82\/100|[from] item: Leftovers\n|upkeep\n|turn|9\n|\n|t:|1700699778\n|move|p2a: Jirachi|Iron Head|p1a: Heatran\n|-resisted|p1a: Heatran\n|-damage|p1a: Heatran|95\/100 par\n|cant|p1a: Heatran|flinch\n|\n|-heal|p2a: Jirachi|88\/100|[from] item: Leftovers\n|-heal|p1a: Heatran|100\/100 par|[from] item: Leftovers\n|upkeep\n|turn|10\n|\n|t:|1700699783\n|move|p2a: Jirachi|Iron Head|p1a: Heatran\n|-resisted|p1a: Heatran\n|-damage|p1a: Heatran|95\/100 par\n|cant|p1a: Heatran|flinch\n|\n|-heal|p2a: Jirachi|94\/100|[from] item: Leftovers\n|-heal|p1a: Heatran|100\/100 par|[from] item: Leftovers\n|upkeep\n|turn|11\n|\n|t:|1700699789\n|move|p2a: Jirachi|Iron Head|p1a: Heatran\n|-resisted|p1a: Heatran\n|-damage|p1a: Heatran|94\/100 par\n|cant|p1a: Heatran|flinch\n|\n|-heal|p2a: Jirachi|99\/100|[from] item: Leftovers\n|-heal|p1a: Heatran|100\/100 par|[from] item: Leftovers\n|upkeep\n|turn|12\n|\n|t:|1700699797\n|move|p2a: Jirachi|Iron Head|p1a: Heatran\n|-resisted|p1a: Heatran\n|-damage|p1a: Heatran|95\/100 par\n|cant|p1a: Heatran|par\n|\n|-heal|p2a: Jirachi|100\/100|[from] item: Leftovers\n|-heal|p1a: Heatran|100\/100 par|[from] item: Leftovers\n|upkeep\n|turn|13\n|\n|t:|1700699814\n|move|p2a: Jirachi|Iron Head|p1a: Heatran\n|-resisted|p1a: Heatran\n|-damage|p1a: Heatran|94\/100 par\n|cant|p1a: Heatran|flinch\n|\n|-heal|p1a: Heatran|100\/100 par|[from] item: Leftovers\n|upkeep\n|turn|14\n|\n|t:|1700699826\n|move|p2a: Jirachi|Iron Head|p1a: Heatran\n|-resisted|p1a: Heatran\n|-damage|p1a: Heatran|94\/100 par\n|cant|p1a: Heatran|flinch\n|\n|-heal|p1a: Heatran|100\/100 par|[from] item: Leftovers\n|upkeep\n|turn|15\n|\n|t:|1700699829\n|move|p2a: Jirachi|Iron Head|p1a: Heatran\n|-resisted|p1a: Heatran\n|-damage|p1a: Heatran|95\/100 par\n|cant|p1a: Heatran|flinch\n|\n|-heal|p1a: Heatran|100\/100 par|[from] item: Leftovers\n|upkeep\n|turn|16\n|\n|t:|1700699835\n|move|p2a: Jirachi|Iron Head|p1a: Heatran\n|-resisted|p1a: Heatran\n|-crit|p1a: Heatran\n|-damage|p1a: Heatran|92\/100 par\n|cant|p1a: Heatran|flinch\n|\n|-heal|p1a: Heatran|98\/100 par|[from] item: Leftovers\n|upkeep\n|turn|17\n|\n|t:|1700699843\n|move|p2a: Jirachi|Iron Head|p1a: Heatran\n|-resisted|p1a: Heatran\n|-damage|p1a: Heatran|93\/100 par\n|move|p1a: Heatran|Magma Storm|p2a: Jirachi\n|-supereffective|p2a: Jirachi\n|-end|p2a: Jirachi|Substitute\n|\n|-heal|p1a: Heatran|99\/100 par|[from] item: Leftovers\n|upkeep\n|turn|18\n|\n|t:|1700699849\n|move|p2a: Jirachi|Iron Head|p1a: Heatran\n|-resisted|p1a: Heatran\n|-damage|p1a: Heatran|94\/100 par\n|cant|p1a: Heatran|flinch\n|\n|-heal|p1a: Heatran|99\/100 par|[from] item: Leftovers\n|upkeep\n|turn|19\n|\n|t:|1700699853\n|move|p2a: Jirachi|Iron Head|p1a: Heatran\n|-resisted|p1a: Heatran\n|-damage|p1a: Heatran|94\/100 par\n|move|p1a: Heatran|Magma Storm|p2a: Jirachi|[miss]\n|-miss|p1a: Heatran|p2a: Jirachi\n|\n|-heal|p1a: Heatran|99\/100 par|[from] item: Leftovers\n|upkeep\n|turn|20\n|\n|t:|1700699859\n|move|p2a: Jirachi|Iron Head|p1a: Heatran\n|-resisted|p1a: Heatran\n|-damage|p1a: Heatran|94\/100 par\n|cant|p1a: Heatran|flinch\n|\n|-heal|p1a: Heatran|100\/100 par|[from] item: Leftovers\n|upkeep\n|turn|21\n|\n|t:|1700699863\n|move|p2a: Jirachi|Iron Head|p1a: Heatran\n|-resisted|p1a: Heatran\n|-damage|p1a: Heatran|95\/100 par\n|cant|p1a: Heatran|flinch\n|\n|-heal|p1a: Heatran|100\/100 par|[from] item: Leftovers\n|upkeep\n|turn|22\n|\n|t:|1700699868\n|move|p2a: Jirachi|Iron Head|p1a: Heatran\n|-resisted|p1a: Heatran\n|-damage|p1a: Heatran|95\/100 par\n|cant|p1a: Heatran|par\n|\n|-heal|p1a: Heatran|100\/100 par|[from] item: Leftovers\n|upkeep\n|turn|23\n|\n|t:|1700699873\n|move|p2a: Jirachi|Iron Head|p1a: Heatran\n|-resisted|p1a: Heatran\n|-damage|p1a: Heatran|95\/100 par\n|cant|p1a: Heatran|flinch\n|\n|-heal|p1a: Heatran|100\/100 par|[from] item: Leftovers\n|upkeep\n|turn|24\n|\n|t:|1700699880\n|move|p2a: Jirachi|Iron Head|p1a: Heatran\n|-resisted|p1a: Heatran\n|-damage|p1a: Heatran|95\/100 par\n|cant|p1a: Heatran|flinch\n|\n|-heal|p1a: Heatran|100\/100 par|[from] item: Leftovers\n|upkeep\n|turn|25\n|\n|t:|1700699886\n|move|p2a: Jirachi|Iron Head|p1a: Heatran\n|-resisted|p1a: Heatran\n|-damage|p1a: Heatran|95\/100 par\n|cant|p1a: Heatran|flinch\n|\n|-heal|p1a: Heatran|100\/100 par|[from] item: Leftovers\n|upkeep\n|turn|26\n|\n|t:|1700699890\n|move|p2a: Jirachi|Iron Head|p1a: Heatran\n|-resisted|p1a: Heatran\n|-damage|p1a: Heatran|95\/100 par\n|move|p1a: Heatran|Magma Storm|p2a: Jirachi\n|-supereffective|p2a: Jirachi\n|-damage|p2a: Jirachi|9\/100\n|-activate|p2a: Jirachi|move: Magma Storm|[of] p1a: Heatran\n|\n|-heal|p2a: Jirachi|16\/100|[from] item: Leftovers\n|-heal|p1a: Heatran|100\/100 par|[from] item: Leftovers\n|-damage|p2a: Jirachi|3\/100|[from] move: Magma Storm|[partiallytrapped]\n|upkeep\n|turn|27\n|\n|t:|1700699897\n|move|p2a: Jirachi|Iron Head|p1a: Heatran\n|-resisted|p1a: Heatran\n|-damage|p1a: Heatran|95\/100 par\n|cant|p1a: Heatran|flinch\n|\n|-heal|p2a: Jirachi|9\/100|[from] item: Leftovers\n|-heal|p1a: Heatran|100\/100 par|[from] item: Leftovers\n|-damage|p2a: Jirachi|0 fnt|[from] move: Magma Storm|[partiallytrapped]\n|faint|p2a: Jirachi\n|upkeep\n|\n|t:|1700699901\n|switch|p2a: Tapu Koko|Tapu Koko|100\/100\n|-status|p2a: Tapu Koko|psn\n|-fieldstart|move: Electric Terrain|[from] ability: Electric Surge|[of] p2a: Tapu Koko\n|turn|28\n|\n|t:|1700699904\n|move|p2a: Tapu Koko|Thunderbolt|p1a: Heatran\n|-damage|p1a: Heatran|55\/100 par\n|cant|p1a: Heatran|par\n|\n|-heal|p1a: Heatran|62\/100 par|[from] item: Leftovers\n|-damage|p2a: Tapu Koko|88\/100 psn|[from] psn\n|upkeep\n|turn|29\n|\n|t:|1700699910\n|switch|p1a: Zapdos|Zapdos|7\/100\n|move|p2a: Tapu Koko|Thunderbolt|p1a: Zapdos\n|-damage|p1a: Zapdos|0 fnt\n|faint|p1a: Zapdos\n|\n|-damage|p2a: Tapu Koko|76\/100 psn|[from] psn\n|upkeep\n|\n|t:|1700699915\n|switch|p1a: Urshifu|Urshifu-Rapid-Strike, M|100\/100\n|turn|30\n|\n|t:|1700699920\n|move|p1a: Urshifu|Poison Jab|p2a: Tapu Koko\n|-supereffective|p2a: Tapu Koko\n|-damage|p2a: Tapu Koko|1\/100 psn\n|-zpower|p2a: Tapu Koko\n|move|p2a: Tapu Koko|Twinkle Tackle|p1a: Urshifu|[zeffect]\n|-supereffective|p1a: Urshifu\n|-damage|p1a: Urshifu|0 fnt\n|faint|p1a: Urshifu\n|\n|-damage|p2a: Tapu Koko|0 fnt|[from] psn\n|faint|p2a: Tapu Koko\n|upkeep\n|\n|t:|1700699932\n|switch|p2a: Serperior|Serperior, M|100\/100\n|switch|p1a: Heatran|Heatran, F|62\/100 par\n|-status|p2a: Serperior|psn\n|turn|31\n|\n|t:|1700699935\n|move|p2a: Serperior|Leaf Storm|p1a: Heatran\n|-resisted|p1a: Heatran\n|-damage|p1a: Heatran|52\/100 par\n|-boost|p2a: Serperior|spa|2\n|cant|p1a: Heatran|par\n|\n|-heal|p1a: Heatran|58\/100 par|[from] item: Leftovers\n|-damage|p2a: Serperior|88\/100 psn|[from] psn\n|upkeep\n|turn|32\n|\n|t:|1700699939\n|move|p2a: Serperior|Leaf Storm|p1a: Heatran\n|-resisted|p1a: Heatran\n|-damage|p1a: Heatran|39\/100 par\n|-boost|p2a: Serperior|spa|2\n|move|p1a: Heatran|Magma Storm|p2a: Serperior\n|-supereffective|p2a: Serperior\n|-damage|p2a: Serperior|0 fnt\n|faint|p2a: Serperior\n|\n|-heal|p1a: Heatran|46\/100 par|[from] item: Leftovers\n|-fieldend|move: Electric Terrain\n|upkeep\n|\n|t:|1700699942\n|switch|p2a: Togekiss|Togekiss, F|100\/100\n|turn|33\n|\n|t:|1700699952\n|-terastallize|p2a: Togekiss|Flying\n|move|p2a: Togekiss|Air Slash|p1a: Heatran\n|-resisted|p1a: Heatran\n|-damage|p1a: Heatran|24\/100 par\n|cant|p1a: Heatran|flinch\n|\n|-heal|p1a: Heatran|30\/100 par|[from] item: Leftovers\n|upkeep\n|turn|34\n|\n|t:|1700699957\n|move|p2a: Togekiss|Air Slash|p1a: Heatran\n|-resisted|p1a: Heatran\n|-damage|p1a: Heatran|10\/100 par\n|cant|p1a: Heatran|flinch\n|\n|-heal|p1a: Heatran|16\/100 par|[from] item: Leftovers\n|upkeep\n|turn|35\n|\n|t:|1700699963\n|switch|p1a: Glimmora|Glimmora, F|30\/100\n|move|p2a: Togekiss|Air Slash|p1a: Glimmora\n|-resisted|p1a: Glimmora\n|-damage|p1a: Glimmora|0 fnt\n|faint|p1a: Glimmora\n|\n|upkeep\n|\n|t:|1700699968\n|switch|p1a: Heatran|Heatran, F|16\/100 par\n|turn|36\n|\n|t:|1700699971\n|move|p2a: Togekiss|Air Slash|p1a: Heatran\n|-resisted|p1a: Heatran\n|-damage|p1a: Heatran|0 fnt\n|faint|p1a: Heatran\n|\n|upkeep\n|\n|t:|1700699975\n|switch|p1a: Ogerpon|Ogerpon-Cornerstone, F|100\/100\n|turn|37\n|\n|t:|1700699979\n|-terastallize|p1a: Ogerpon|Rock\n|detailschange|p1a: Ogerpon|Ogerpon-Cornerstone-Tera, F, tera:Rock\n|-ability|p1a: Ogerpon|Embody Aspect (Cornerstone)|boost\n|-boost|p1a: Ogerpon|def|1\n|move|p2a: Togekiss|Air Slash|p1a: Ogerpon\n|-resisted|p1a: Ogerpon\n|-damage|p1a: Ogerpon|69\/100\n|cant|p1a: Ogerpon|flinch\n|\n|upkeep\n|turn|38\n|\n|t:|1700699988\n|move|p2a: Togekiss|Air Slash|p1a: Ogerpon\n|-resisted|p1a: Ogerpon\n|-damage|p1a: Ogerpon|41\/100\n|cant|p1a: Ogerpon|flinch\n|\n|upkeep\n|turn|39\n|\n|t:|1700699992\n|move|p2a: Togekiss|Air Slash|p1a: Ogerpon\n|-resisted|p1a: Ogerpon\n|-damage|p1a: Ogerpon|12\/100\n|cant|p1a: Ogerpon|flinch\n|\n|upkeep\n|turn|40\n|\n|t:|1700699996\n|move|p2a: Togekiss|Air Slash|p1a: Ogerpon\n|-resisted|p1a: Ogerpon\n|-damage|p1a: Ogerpon|0 fnt\n|faint|p1a: Ogerpon\n|\n|upkeep\n|\n|t:|1700699998\n|switch|p1a: Great Tusk|Great Tusk|58\/100\n|turn|41\n|\n|t:|1700700000\n|move|p2a: Togekiss|Air Slash|p1a: Great Tusk\n|-supereffective|p1a: Great Tusk\n|-damage|p1a: Great Tusk|0 fnt\n|faint|p1a: Great Tusk\n|-end|p1a: Great Tusk|Protosynthesis|[silent]\n|\n|win|IronFlashGaming\n|raw|papunutriaxd's rating: 1355 &rarr; <strong>1336<\/strong><br \/>(-19 for losing)\n|raw|IronFlashGaming's rating: 1377 &rarr; <strong>1396<\/strong><br \/>(+19 for winning)\n","uploadtime":1700700004,"views":5,"p1id":"papunutriaxd","p2id":"ironflashgaming","formatid":"gen9nationaldex","rating":1336,"private":0,"password":""}