{"id":"gen9nationaldex-2000642304","p1":"daniel241595","p2":"fadida3","format":"[Gen 9] National Dex","log":"|html|<div class=\"broadcast-blue\"><strong>[Gen 9] National Dex is currently suspecting Sneasler! For information on how to participate check out the <a href=\"https:\/\/www.smogon.com\/forums\/threads\/sv-national-dex-suspect-8-just-dance.3731534\/\">suspect thread<\/a>.<\/strong><\/div>\n|j|\u2606daniel241595\n|j|\u2606fadida3\n|t:|1701213676\n|gametype|singles\n|player|p1|daniel241595|266|1423\n|player|p2|fadida3|101|1434\n|teamsize|p1|6\n|teamsize|p2|6\n|gen|9\n|tier|[Gen 9] National Dex\n|rated|\n|rule|HP Percentage Mod: HP is shown in percentages\n|rule|Endless Battle Clause: Forcing endless battles is banned\n|rule|OHKO Clause: OHKO moves are banned\n|rule|Evasion Clause: Evasion abilities, items, and moves are banned\n|rule|Evasion Abilities Clause: Evasion abilities are banned\n|rule|Evasion Items Clause: Evasion items are banned\n|rule|Evasion Moves Clause: Evasion moves are banned\n|rule|Species Clause: Limit one of each Pok\u00e9mon\n|rule|Sleep Clause Mod: Limit one foe put to sleep\n|clearpoke\n|poke|p1|Arcanine, M|\n|poke|p1|Flygon, F|\n|poke|p1|Empoleon, M|\n|poke|p1|Eelektross, F|\n|poke|p1|Florges, F|\n|poke|p1|Kleavor, M|\n|poke|p2|Sneasler, M|\n|poke|p2|Tapu Lele|\n|poke|p2|Ogerpon-Wellspring, F|\n|poke|p2|Heatran, F|\n|poke|p2|Gliscor, M|\n|poke|p2|Lopunny, F|\n|teampreview\n|inactive|Battle timer is ON: inactive players will automatically lose when time's up. (requested by daniel241595)\n|\n|t:|1701213689\n|start\n|switch|p1a: Kleavor|Kleavor, M|100\/100\n|switch|p2a: Heatran|Heatran, F|100\/100\n|turn|1\n|\n|t:|1701213696\n|move|p1a: Kleavor|Stone Axe|p2a: Heatran\n|-damage|p2a: Heatran|57\/100\n|-sidestart|p2: fadida3|move: Stealth Rock\n|move|p2a: Heatran|Magma Storm|p1a: Kleavor\n|-damage|p1a: Kleavor|30\/100\n|-activate|p1a: Kleavor|move: Magma Storm|[of] p2a: Heatran\n|\n|-heal|p2a: Heatran|64\/100|[from] item: Leftovers\n|-damage|p1a: Kleavor|17\/100|[from] move: Magma Storm|[partiallytrapped]\n|upkeep\n|turn|2\n|\n|t:|1701213703\n|move|p1a: Kleavor|Stone Axe|p2a: Heatran\n|-damage|p2a: Heatran|23\/100\n|move|p2a: Heatran|Stealth Rock|p1a: Kleavor\n|-sidestart|p1: daniel241595|move: Stealth Rock\n|\n|-heal|p2a: Heatran|29\/100|[from] item: Leftovers\n|-damage|p1a: Kleavor|5\/100|[from] move: Magma Storm|[partiallytrapped]\n|upkeep\n|turn|3\n|\n|t:|1701213710\n|move|p1a: Kleavor|Stone Axe|p2a: Heatran\n|-damage|p2a: Heatran|0 fnt\n|faint|p2a: Heatran\n|\n|-end|p1a: Kleavor|Magma Storm|[partiallytrapped]|[silent]\n|upkeep\n|\n|t:|1701213716\n|switch|p2a: Tapu Lele|Tapu Lele|100\/100\n|-damage|p2a: Tapu Lele|88\/100|[from] Stealth Rock\n|-fieldstart|move: Psychic Terrain|[from] ability: Psychic Surge|[of] p2a: Tapu Lele\n|turn|4\n|\n|t:|1701213723\n|move|p2a: Tapu Lele|Psychic|p1a: Kleavor\n|-damage|p1a: Kleavor|0 fnt\n|faint|p1a: Kleavor\n|\n|upkeep\n|\n|t:|1701213743\n|switch|p1a: Empoleon|Empoleon, M|100\/100\n|-damage|p1a: Empoleon|94\/100|[from] Stealth Rock\n|turn|5\n|\n|t:|1701213747\n|switch|p2a: Ogerpon|Ogerpon-Wellspring, F|100\/100\n|-damage|p2a: Ogerpon|88\/100|[from] Stealth Rock\n|move|p1a: Empoleon|Defog|p2a: Ogerpon\n|-unboost|p2a: Ogerpon|evasion|1\n|-sideend|p2: fadida3|Stealth Rock|[from] move: Defog|[of] p1a: Empoleon\n|-sideend|p1: daniel241595|Stealth Rock|[from] move: Defog|[of] p1a: Empoleon\n|-fieldend|move: Psychic Terrain\n|\n|upkeep\n|turn|6\n|\n|t:|1701213760\n|move|p2a: Ogerpon|Ivy Cudgel|p1a: Empoleon|[anim] Ivy Cudgel Water\n|-resisted|p1a: Empoleon\n|-damage|p1a: Empoleon|72\/100\n|move|p1a: Empoleon|Ice Beam|p2a: Ogerpon\n|-damage|p2a: Ogerpon|63\/100\n|\n|upkeep\n|turn|7\n|\n|t:|1701213766\n|move|p2a: Ogerpon|Swords Dance|p2a: Ogerpon\n|-boost|p2a: Ogerpon|atk|2\n|move|p1a: Empoleon|Ice Beam|p2a: Ogerpon\n|-damage|p2a: Ogerpon|39\/100\n|\n|upkeep\n|turn|8\n|\n|t:|1701213771\n|switch|p1a: Arcanine|Arcanine, M, shiny|100\/100\n|-ability|p1a: Arcanine|Intimidate|boost\n|-unboost|p2a: Ogerpon|atk|1\n|move|p2a: Ogerpon|Horn Leech|p1a: Arcanine\n|-resisted|p1a: Arcanine\n|-damage|p1a: Arcanine|63\/100\n|-heal|p2a: Ogerpon|63\/100|[from] drain|[of] p1a: Arcanine\n|\n|upkeep\n|turn|9\n|\n|t:|1701213787\n|-terastallize|p1a: Arcanine|Normal\n|move|p1a: Arcanine|Extreme Speed|p2a: Ogerpon\n|-damage|p2a: Ogerpon|0 fnt\n|faint|p2a: Ogerpon\n|\n|upkeep\n|\n|t:|1701213792\n|switch|p2a: Tapu Lele|Tapu Lele|88\/100\n|-fieldstart|move: Psychic Terrain|[from] ability: Psychic Surge|[of] p2a: Tapu Lele\n|turn|10\n|\n|t:|1701213800\n|switch|p2a: Sneasler|Sneasler, M|100\/100\n|-enditem|p2a: Sneasler|Psychic Seed\n|-boost|p2a: Sneasler|spd|1|[from] item: Psychic Seed\n|switch|p1a: Florges|Florges, F|100\/100\n|\n|upkeep\n|turn|11\n|\n|t:|1701213815\n|move|p2a: Sneasler|Swords Dance|p2a: Sneasler\n|-boost|p2a: Sneasler|atk|2\n|move|p1a: Florges|Moonblast|p2a: Sneasler\n|-damage|p2a: Sneasler|67\/100\n|\n|upkeep\n|turn|12\n|\n|t:|1701213825\n|switch|p1a: Empoleon|Empoleon, M|72\/100\n|move|p2a: Sneasler|Dire Claw|p1a: Empoleon\n|-immune|p1a: Empoleon\n|\n|upkeep\n|turn|13\n|\n|t:|1701213832\n|switch|p1a: Florges|Florges, F|100\/100\n|move|p2a: Sneasler|Close Combat|p1a: Florges\n|-resisted|p1a: Florges\n|-damage|p1a: Florges|38\/100\n|-unboost|p2a: Sneasler|def|1\n|-unboost|p2a: Sneasler|spd|1\n|\n|-heal|p1a: Florges|44\/100|[from] item: Leftovers\n|upkeep\n|turn|14\n|\n|t:|1701213856\n|move|p2a: Sneasler|Close Combat|p1a: Florges\n|-resisted|p1a: Florges\n|-crit|p1a: Florges\n|-damage|p1a: Florges|0 fnt\n|-unboost|p2a: Sneasler|def|1\n|-unboost|p2a: Sneasler|spd|1\n|faint|p1a: Florges\n|\n|-fieldend|move: Psychic Terrain\n|upkeep\n|\n|t:|1701213862\n|switch|p1a: Arcanine|Arcanine, M, shiny, tera:Normal|63\/100\n|-ability|p1a: Arcanine|Intimidate|boost\n|-unboost|p2a: Sneasler|atk|1\n|turn|15\n|\n|t:|1701213867\n|switch|p2a: Tapu Lele|Tapu Lele|88\/100\n|-fieldstart|move: Psychic Terrain|[from] ability: Psychic Surge|[of] p2a: Tapu Lele\n|move|p1a: Arcanine|Iron Head|p2a: Tapu Lele\n|-supereffective|p2a: Tapu Lele\n|-damage|p2a: Tapu Lele|0 fnt\n|faint|p2a: Tapu Lele\n|\n|upkeep\n|\n|t:|1701213873\n|switch|p2a: Sneasler|Sneasler, M|67\/100\n|turn|16\n|\n|t:|1701213883\n|move|p2a: Sneasler|Swords Dance|p2a: Sneasler\n|-boost|p2a: Sneasler|atk|2\n|move|p1a: Arcanine|Iron Head|p2a: Sneasler\n|-damage|p2a: Sneasler|0 fnt\n|faint|p2a: Sneasler\n|\n|upkeep\n|-message|fadida3 forfeited.\n|\n|win|daniel241595\n|raw|daniel241595's rating: 1423 &rarr; <strong>1444<\/strong><br \/>(+21 for winning)\n|raw|fadida3's rating: 1434 &rarr; <strong>1413<\/strong><br \/>(-21 for losing)\n|l|\u2606fadida3\n","uploadtime":1701213896,"views":3,"p1id":"daniel241595","p2id":"fadida3","formatid":"gen9nationaldex","rating":1413,"private":0,"password":""}