{"id":"gen9nationaldex-1988991742","p1":"NotAnElk","p2":"Phillammon","format":"[Gen 9] National Dex","log":"|j|\u2606NotAnElk\n|j|\u2606Phillammon\n|t:|1699799394\n|gametype|singles\n|player|p1|NotAnElk|nita|\n|player|p2|Phillammon|erika|\n|teamsize|p1|6\n|teamsize|p2|6\n|gen|9\n|tier|[Gen 9] National Dex\n|rule|HP Percentage Mod: HP is shown in percentages\n|rule|Endless Battle Clause: Forcing endless battles is banned\n|rule|OHKO Clause: OHKO moves are banned\n|rule|Evasion Clause: Evasion abilities, items, and moves are banned\n|rule|Evasion Abilities Clause: Evasion abilities are banned\n|rule|Evasion Items Clause: Evasion items are banned\n|rule|Evasion Moves Clause: Evasion moves are banned\n|rule|Species Clause: Limit one of each Pok\u00e9mon\n|rule|Sleep Clause Mod: Limit one foe put to sleep\n|clearpoke\n|poke|p1|Frosmoth, F|\n|poke|p1|Iron Valiant|\n|poke|p1|Kartana|\n|poke|p1|Vanilluxe, F|\n|poke|p1|Volcarona, F|\n|poke|p1|Slurpuff, M|\n|poke|p2|Garchomp, M|\n|poke|p2|Azumarill, M|\n|poke|p2|Sneasler, F|\n|poke|p2|Greninja-*, M|\n|poke|p2|Quaquaval, M|\n|poke|p2|Hydreigon, M|\n|teampreview\n|\n|t:|1699799406\n|start\n|switch|p1a: Flesh Moth|Volcarona, F|100\/100\n|switch|p2a: Garchomp|Garchomp, M|100\/100\n|turn|1\n|\n|t:|1699799434\n|switch|p1a: The Twins|Vanilluxe, F|100\/100\n|-weather|Snow|[from] ability: Snow Warning|[of] p1a: The Twins\n|move|p2a: Garchomp|Swords Dance|p2a: Garchomp\n|-boost|p2a: Garchomp|atk|2\n|\n|-weather|Snow|[upkeep]\n|upkeep\n|turn|2\n|\n|t:|1699799453\n|move|p2a: Garchomp|Earthquake|p1a: The Twins\n|-damage|p1a: The Twins|8\/100\n|move|p1a: The Twins|Blizzard|p2a: Garchomp\n|-supereffective|p2a: Garchomp\n|-damage|p2a: Garchomp|0 fnt\n|faint|p2a: Garchomp\n|\n|-weather|Snow|[upkeep]\n|upkeep\n|\n|t:|1699799462\n|switch|p2a: Sneasler|Sneasler, F|100\/100\n|turn|3\n|\n|t:|1699799468\n|switch|p1a: Flesh Moth|Volcarona, F|100\/100\n|move|p2a: Sneasler|Fake Out|p1a: Flesh Moth\n|-enditem|p2a: Sneasler|Normal Gem|[from] gem\n|-damage|p1a: Flesh Moth|72\/100\n|\n|-weather|Snow|[upkeep]\n|upkeep\n|turn|4\n|\n|t:|1699799491\n|-terastallize|p2a: Sneasler|Flying\n|move|p2a: Sneasler|Swords Dance|p2a: Sneasler\n|-boost|p2a: Sneasler|atk|2\n|move|p1a: Flesh Moth|Fiery Dance|p2a: Sneasler\n|-damage|p2a: Sneasler|41\/100\n|-boost|p1a: Flesh Moth|spa|1\n|\n|-weather|Snow|[upkeep]\n|upkeep\n|turn|5\n|\n|t:|1699799503\n|move|p2a: Sneasler|Acrobatics|p1a: Flesh Moth\n|-supereffective|p1a: Flesh Moth\n|-damage|p1a: Flesh Moth|0 fnt\n|faint|p1a: Flesh Moth\n|\n|-weather|none\n|upkeep\n|\n|t:|1699799507\n|switch|p1a: Gender|Iron Valiant|100\/100\n|-enditem|p1a: Gender|Booster Energy\n|-activate|p1a: Gender|ability: Quark Drive|[fromitem]\n|-start|p1a: Gender|quarkdrivespe\n|turn|6\n|\n|t:|1699799536\n|move|p2a: Sneasler|Acrobatics|p1a: Gender\n|-supereffective|p1a: Gender\n|-damage|p1a: Gender|0 fnt\n|faint|p1a: Gender\n|-end|p1a: Gender|Quark Drive|[silent]\n|\n|upkeep\n|\n|t:|1699799543\n|switch|p1a: The Twins|Vanilluxe, F|8\/100\n|-weather|Snow|[from] ability: Snow Warning|[of] p1a: The Twins\n|turn|7\n|\n|t:|1699799550\n|move|p2a: Sneasler|Acrobatics|p1a: The Twins\n|-crit|p1a: The Twins\n|-damage|p1a: The Twins|0 fnt\n|faint|p1a: The Twins\n|\n|-weather|Snow|[upkeep]\n|upkeep\n|\n|t:|1699799554\n|switch|p1a: Just a lil' guy|Slurpuff, M|100\/100\n|turn|8\n|\n|t:|1699799562\n|move|p2a: Sneasler|Acrobatics|p1a: Just a lil' guy\n|-damage|p1a: Just a lil' guy|0 fnt\n|faint|p1a: Just a lil' guy\n|\n|-weather|Snow|[upkeep]\n|upkeep\n|\n|t:|1699799566\n|switch|p1a: Yeowch paper cut|Kartana|100\/100\n|turn|9\n|\n|t:|1699799583\n|-terastallize|p1a: Yeowch paper cut|Grass\n|move|p2a: Sneasler|Acrobatics|p1a: Yeowch paper cut\n|-supereffective|p1a: Yeowch paper cut\n|-damage|p1a: Yeowch paper cut|0 fnt\n|faint|p1a: Yeowch paper cut\n|\n|-weather|Snow|[upkeep]\n|upkeep\n|\n|t:|1699799587\n|switch|p1a: Me|Frosmoth, F|100\/100\n|turn|10\n|\n|t:|1699799591\n|move|p2a: Sneasler|Acrobatics|p1a: Me\n|-supereffective|p1a: Me\n|-crit|p1a: Me\n|-damage|p1a: Me|0 fnt\n|faint|p1a: Me\n|\n|win|Phillammon\n|c|\u2606NotAnElk|gg\n","uploadtime":1699799596,"views":29,"p1id":"notanelk","p2id":"phillammon","formatid":"gen9nationaldex","rating":0,"private":0,"password":""}