{"id":"gen9nationaldex-1997917832","p1":"pietr56","p2":"EmotionalSpprtNuke","format":"[Gen 9] National Dex","log":"|html|<div class=\"broadcast-blue\"><strong>[Gen 9] National Dex is currently suspecting Sneasler! For information on how to participate check out the <a href=\"https:\/\/www.smogon.com\/forums\/threads\/sv-national-dex-suspect-8-just-dance.3731534\/\">suspect thread<\/a>.<\/strong><\/div>\n|j|\u2606pietr56\n|j|\u2606EmotionalSpprtNuke\n|t:|1700867280\n|gametype|singles\n|player|p1|pietr56|red|1137\n|player|p2|EmotionalSpprtNuke|lusamine-nihilego|1132\n|teamsize|p1|6\n|teamsize|p2|6\n|gen|9\n|tier|[Gen 9] National Dex\n|rated|\n|rule|HP Percentage Mod: HP is shown in percentages\n|rule|Endless Battle Clause: Forcing endless battles is banned\n|rule|OHKO Clause: OHKO moves are banned\n|rule|Evasion Clause: Evasion abilities, items, and moves are banned\n|rule|Evasion Abilities Clause: Evasion abilities are banned\n|rule|Evasion Items Clause: Evasion items are banned\n|rule|Evasion Moves Clause: Evasion moves are banned\n|rule|Species Clause: Limit one of each Pok\u00e9mon\n|rule|Sleep Clause Mod: Limit one foe put to sleep\n|clearpoke\n|poke|p1|Quaquaval, M|\n|poke|p1|Sinistcha|\n|poke|p1|Iron Valiant|\n|poke|p1|Ursaluna, F|\n|poke|p1|Armarouge, M|\n|poke|p1|Glimmora, F|\n|poke|p2|Toxapex, M|\n|poke|p2|Gliscor, F|\n|poke|p2|Beedrill, F|\n|poke|p2|Ninetales-Alola, F|\n|poke|p2|Wo-Chien|\n|poke|p2|Clefable, M|\n|teampreview\n|\n|t:|1700867293\n|start\n|switch|p1a: Glimmora|Glimmora, F|100\/100\n|switch|p2a: Ninetales|Ninetales-Alola, F|100\/100\n|-weather|Snow|[from] ability: Snow Warning|[of] p2a: Ninetales\n|turn|1\n|\n|t:|1700867302\n|move|p2a: Ninetales|Aurora Veil|p2a: Ninetales\n|-sidestart|p2: EmotionalSpprtNuke|move: Aurora Veil\n|move|p1a: Glimmora|Stealth Rock|p2a: Ninetales\n|-sidestart|p2: EmotionalSpprtNuke|move: Stealth Rock\n|\n|-weather|Snow|[upkeep]\n|upkeep\n|turn|2\n|\n|t:|1700867310\n|switch|p2a: Gliscor|Gliscor, F|100\/100\n|-damage|p2a: Gliscor|88\/100|[from] Stealth Rock\n|move|p1a: Glimmora|Spikes|p2a: Gliscor\n|-sidestart|p2: EmotionalSpprtNuke|Spikes\n|\n|-weather|Snow|[upkeep]\n|-status|p2a: Gliscor|tox|[from] item: Toxic Orb\n|upkeep\n|turn|3\n|\n|t:|1700867320\n|move|p1a: Glimmora|Spikes|p2a: Gliscor\n|-sidestart|p2: EmotionalSpprtNuke|Spikes\n|move|p2a: Gliscor|Earthquake|p1a: Glimmora\n|-supereffective|p1a: Glimmora\n|-enditem|p1a: Glimmora|Focus Sash\n|-damage|p1a: Glimmora|1\/100\n|-activate|p1a: Glimmora|ability: Toxic Debris\n|-sidestart|p2: EmotionalSpprtNuke|move: Toxic Spikes\n|\n|-weather|Snow|[upkeep]\n|-heal|p2a: Gliscor|100\/100 tox|[from] ability: Poison Heal\n|upkeep\n|turn|4\n|\n|t:|1700867325\n|move|p1a: Glimmora|Spikes|p2a: Gliscor\n|-sidestart|p2: EmotionalSpprtNuke|Spikes\n|move|p2a: Gliscor|Earthquake|p1a: Glimmora\n|-supereffective|p1a: Glimmora\n|-damage|p1a: Glimmora|0 fnt\n|-activate|p1a: Glimmora|ability: Toxic Debris\n|-sidestart|p2: EmotionalSpprtNuke|move: Toxic Spikes\n|faint|p1a: Glimmora\n|\n|-weather|Snow|[upkeep]\n|upkeep\n|\n|t:|1700867333\n|switch|p1a: Quaquaval|Quaquaval, M|100\/100\n|turn|5\n|\n|t:|1700867343\n|move|p1a: Quaquaval|Ice Spinner|p2a: Gliscor\n|-supereffective|p2a: Gliscor\n|-damage|p2a: Gliscor|60\/100 tox\n|move|p2a: Gliscor|Defog|p1a: Quaquaval\n|-unboost|p1a: Quaquaval|evasion|1\n|-sideend|p2: EmotionalSpprtNuke|Spikes|[from] move: Defog|[of] p2a: Gliscor\n|-sideend|p2: EmotionalSpprtNuke|Toxic Spikes|[from] move: Defog|[of] p2a: Gliscor\n|-sideend|p2: EmotionalSpprtNuke|Stealth Rock|[from] move: Defog|[of] p2a: Gliscor\n|\n|-weather|none\n|-heal|p2a: Gliscor|72\/100 tox|[from] ability: Poison Heal\n|upkeep\n|turn|6\n|\n|t:|1700867352\n|move|p2a: Gliscor|Protect|p2a: Gliscor\n|-singleturn|p2a: Gliscor|Protect\n|move|p1a: Quaquaval|Aqua Step|p2a: Gliscor\n|-activate|p2a: Gliscor|move: Protect\n|\n|-heal|p2a: Gliscor|85\/100 tox|[from] ability: Poison Heal\n|upkeep\n|turn|7\n|\n|t:|1700867359\n|move|p1a: Quaquaval|Aqua Step|p2a: Gliscor\n|-supereffective|p2a: Gliscor\n|-damage|p2a: Gliscor|54\/100 tox\n|-boost|p1a: Quaquaval|spe|1\n|move|p2a: Gliscor|Knock Off|p1a: Quaquaval\n|-resisted|p1a: Quaquaval\n|-damage|p1a: Quaquaval|90\/100\n|-enditem|p1a: Quaquaval|Leftovers|[from] move: Knock Off|[of] p2a: Gliscor\n|\n|-heal|p2a: Gliscor|67\/100 tox|[from] ability: Poison Heal\n|upkeep\n|turn|8\n|\n|t:|1700867369\n|switch|p2a: Wo-Chien|Wo-Chien|100\/100\n|-ability|p2a: Wo-Chien|Tablets of Ruin\n|move|p1a: Quaquaval|Swords Dance|p1a: Quaquaval\n|-boost|p1a: Quaquaval|atk|2\n|\n|-sideend|p2: EmotionalSpprtNuke|move: Aurora Veil\n|upkeep\n|turn|9\n|\n|t:|1700867376\n|move|p1a: Quaquaval|Close Combat|p2a: Wo-Chien\n|-supereffective|p2a: Wo-Chien\n|-damage|p2a: Wo-Chien|0 fnt\n|-unboost|p1a: Quaquaval|def|1\n|-unboost|p1a: Quaquaval|spd|1\n|faint|p2a: Wo-Chien\n|-ability|p1a: Quaquaval|Moxie|boost\n|-boost|p1a: Quaquaval|atk|1\n|\n|upkeep\n|\n|t:|1700867379\n|switch|p2a: Clefable|Clefable, M, shiny|100\/100\n|turn|10\n|\n|t:|1700867390\n|move|p1a: Quaquaval|Close Combat|p2a: Clefable\n|-resisted|p2a: Clefable\n|-damage|p2a: Clefable|34\/100\n|-unboost|p1a: Quaquaval|def|1\n|-unboost|p1a: Quaquaval|spd|1\n|move|p2a: Clefable|Cosmic Power|p2a: Clefable\n|-boost|p2a: Clefable|def|1\n|-boost|p2a: Clefable|spd|1\n|\n|-heal|p2a: Clefable|40\/100|[from] item: Leftovers\n|upkeep\n|turn|11\n|\n|t:|1700867398\n|move|p1a: Quaquaval|Aqua Step|p2a: Clefable\n|-damage|p2a: Clefable|0 fnt\n|-boost|p1a: Quaquaval|spe|1\n|faint|p2a: Clefable\n|-ability|p1a: Quaquaval|Moxie|boost\n|-boost|p1a: Quaquaval|atk|1\n|\n|upkeep\n|\n|t:|1700867406\n|switch|p2a: Ninetales|Ninetales-Alola, F|100\/100\n|-weather|Snow|[from] ability: Snow Warning|[of] p2a: Ninetales\n|turn|12\n|\n|t:|1700867412\n|move|p1a: Quaquaval|Close Combat|p2a: Ninetales\n|-damage|p2a: Ninetales|0 fnt\n|-unboost|p1a: Quaquaval|def|1\n|-unboost|p1a: Quaquaval|spd|1\n|faint|p2a: Ninetales\n|-ability|p1a: Quaquaval|Moxie|boost\n|-boost|p1a: Quaquaval|atk|1\n|\n|-weather|Snow|[upkeep]\n|upkeep\n|\n|t:|1700867416\n|switch|p2a: Toxapex|Toxapex, M|100\/100\n|turn|13\n|\n|t:|1700867421\n|move|p1a: Quaquaval|Close Combat|p2a: Toxapex\n|-resisted|p2a: Toxapex\n|-damage|p2a: Toxapex|36\/100\n|-unboost|p1a: Quaquaval|def|1\n|-unboost|p1a: Quaquaval|spd|1\n|move|p2a: Toxapex|Toxic|p1a: Quaquaval\n|-status|p1a: Quaquaval|tox\n|\n|-weather|Snow|[upkeep]\n|-heal|p2a: Toxapex|42\/100|[from] item: Leftovers\n|-damage|p1a: Quaquaval|84\/100 tox|[from] psn\n|upkeep\n|turn|14\n|\n|t:|1700867430\n|move|p1a: Quaquaval|Aqua Step|p2a: Toxapex\n|-resisted|p2a: Toxapex\n|-damage|p2a: Toxapex|0 fnt\n|-boost|p1a: Quaquaval|spe|1\n|faint|p2a: Toxapex\n|-ability|p1a: Quaquaval|Moxie|boost\n|-boost|p1a: Quaquaval|atk|1\n|\n|-weather|Snow|[upkeep]\n|-damage|p1a: Quaquaval|72\/100 tox|[from] psn\n|upkeep\n|\n|t:|1700867436\n|switch|p2a: Beedrill|Beedrill, F|100\/100\n|turn|15\n|\n|t:|1700867440\n|detailschange|p2a: Beedrill|Beedrill-Mega, F\n|-mega|p2a: Beedrill|Beedrill|Beedrillite\n|move|p1a: Quaquaval|Ice Spinner|p2a: Beedrill\n|-damage|p2a: Beedrill|0 fnt\n|faint|p2a: Beedrill\n|\n|-weather|Snow|[upkeep]\n|-damage|p1a: Quaquaval|54\/100 tox|[from] psn\n|upkeep\n|\n|t:|1700867445\n|switch|p2a: Gliscor|Gliscor, F|67\/100 tox\n|turn|16\n|\n|t:|1700867451\n|move|p2a: Gliscor|Protect|p2a: Gliscor\n|-singleturn|p2a: Gliscor|Protect\n|move|p1a: Quaquaval|Ice Spinner|p2a: Gliscor\n|-activate|p2a: Gliscor|move: Protect\n|\n|-weather|none\n|-damage|p1a: Quaquaval|29\/100 tox|[from] psn\n|-heal|p2a: Gliscor|79\/100 tox|[from] ability: Poison Heal\n|upkeep\n|turn|17\n|c|\u2606EmotionalSpprtNuke|gg\n|-message|EmotionalSpprtNuke forfeited.\n|\n|win|pietr56\n|raw|pietr56's rating: 1137 &rarr; <strong>1162<\/strong><br \/>(+25 for winning)\n|raw|EmotionalSpprtNuke's rating: 1132 &rarr; <strong>1107<\/strong><br \/>(-25 for losing)\n|l|\u2606EmotionalSpprtNuke\n","uploadtime":1700867474,"views":8,"p1id":"pietr56","p2id":"emotionalspprtnuke","formatid":"gen9nationaldex","rating":1107,"private":0,"password":""}