{"id":"gen9nationaldex-1991632127","p1":"Sencopion","p2":"abigolname","format":"[Gen 9] National Dex","log":"|j|\u2606Sencopion\n|j|\u2606abigolname\n|t:|1700096386\n|gametype|singles\n|player|p1|Sencopion|roxie|1457\n|player|p2|abigolname|102|1540\n|teamsize|p1|6\n|teamsize|p2|6\n|gen|9\n|tier|[Gen 9] National Dex\n|rated|\n|rule|HP Percentage Mod: HP is shown in percentages\n|rule|Endless Battle Clause: Forcing endless battles is banned\n|rule|OHKO Clause: OHKO moves are banned\n|rule|Evasion Clause: Evasion abilities, items, and moves are banned\n|rule|Evasion Abilities Clause: Evasion abilities are banned\n|rule|Evasion Items Clause: Evasion items are banned\n|rule|Evasion Moves Clause: Evasion moves are banned\n|rule|Species Clause: Limit one of each Pok\u00e9mon\n|rule|Sleep Clause Mod: Limit one foe put to sleep\n|clearpoke\n|poke|p1|Xurkitree|\n|poke|p1|Great Tusk|\n|poke|p1|Scizor, M|\n|poke|p1|Ting-Lu|\n|poke|p1|Volcanion|\n|poke|p1|Dragonite, M|\n|poke|p2|Thundurus-Therian, M|\n|poke|p2|Alomomola, F|\n|poke|p2|Urshifu-*, M|\n|poke|p2|Breloom, F|\n|poke|p2|Garganacl, M|\n|poke|p2|Skeledirge, F|\n|teampreview\n|inactive|Battle timer is ON: inactive players will automatically lose when time's up. (requested by Sencopion)\n|\n|t:|1700096400\n|start\n|switch|p1a: Xurkitree|Xurkitree, shiny|100\/100\n|switch|p2a: Breloom|Breloom, F|100\/100\n|turn|1\n|\n|t:|1700096404\n|move|p2a: Breloom|Protect|p2a: Breloom\n|-singleturn|p2a: Breloom|Protect\n|-zpower|p1a: Xurkitree\n|move|p1a: Xurkitree|Z-Hypnosis|p2a: Breloom|[anim]Hypnosis\n|-boost|p1a: Xurkitree|spe|1|[zeffect]\n|-activate|p2a: Breloom|move: Protect\n|\n|-status|p2a: Breloom|tox|[from] item: Toxic Orb\n|upkeep\n|turn|2\n|\n|t:|1700096410\n|move|p1a: Xurkitree|Hidden Power|p2a: Breloom\n|-supereffective|p2a: Breloom\n|-damage|p2a: Breloom|21\/100 tox\n|move|p2a: Breloom|Spore|p1a: Xurkitree\n|-status|p1a: Xurkitree|slp|[from] move: Spore\n|\n|-heal|p2a: Breloom|33\/100 tox|[from] ability: Poison Heal\n|upkeep\n|turn|3\n|\n|t:|1700096415\n|-singleturn|p2a: Breloom|move: Focus Punch\n|cant|p1a: Xurkitree|slp\n|move|p2a: Breloom|Focus Punch|p1a: Xurkitree\n|-damage|p1a: Xurkitree|0 fnt\n|faint|p1a: Xurkitree\n|\n|-heal|p2a: Breloom|46\/100 tox|[from] ability: Poison Heal\n|upkeep\n|\n|t:|1700096443\n|switch|p1a: Great Tusk|Great Tusk|100\/100\n|turn|4\n|\n|t:|1700096448\n|move|p2a: Breloom|Protect|p2a: Breloom\n|-singleturn|p2a: Breloom|Protect\n|move|p1a: Great Tusk|Ice Spinner|p2a: Breloom\n|-activate|p2a: Breloom|move: Protect\n|\n|-heal|p2a: Breloom|58\/100 tox|[from] ability: Poison Heal\n|upkeep\n|turn|5\n|\n|t:|1700096459\n|switch|p2a: Alomomola|Alomomola, F|100\/100\n|move|p1a: Great Tusk|Ice Spinner|p2a: Alomomola\n|-resisted|p2a: Alomomola\n|-damage|p2a: Alomomola|93\/100\n|-enditem|p2a: Alomomola|Eject Button\n|\n|t:|1700096474\n|switch|p2a: Thundurus|Thundurus-Therian, M|100\/100\n|\n|upkeep\n|turn|6\n|\n|t:|1700096489\n|-end|p1a: Great Tusk|Protosynthesis|[silent]\n|switch|p1a: Ting-Lu|Ting-Lu|100\/100\n|-ability|p1a: Ting-Lu|Vessel of Ruin\n|-terastallize|p2a: Thundurus|Ice\n|move|p2a: Thundurus|Tera Blast|p1a: Ting-Lu|[anim] Tera Blast Ice\n|-supereffective|p1a: Ting-Lu\n|-damage|p1a: Ting-Lu|65\/100\n|\n|-heal|p1a: Ting-Lu|72\/100|[from] item: Leftovers\n|upkeep\n|turn|7\n|\n|t:|1700096496\n|move|p2a: Thundurus|Nasty Plot|p2a: Thundurus\n|-boost|p2a: Thundurus|spa|2\n|move|p1a: Ting-Lu|Earthquake|p2a: Thundurus\n|-damage|p2a: Thundurus|42\/100\n|\n|-heal|p1a: Ting-Lu|78\/100|[from] item: Leftovers\n|upkeep\n|turn|8\n|\n|t:|1700096508\n|switch|p2a: Breloom|Breloom, F|58\/100 tox\n|move|p1a: Ting-Lu|Earthquake|p2a: Breloom\n|-resisted|p2a: Breloom\n|-damage|p2a: Breloom|35\/100 tox\n|\n|-heal|p1a: Ting-Lu|84\/100|[from] item: Leftovers\n|-heal|p2a: Breloom|47\/100 tox|[from] ability: Poison Heal\n|upkeep\n|turn|9\n|\n|t:|1700096517\n|move|p2a: Breloom|Spore|p1a: Ting-Lu\n|-status|p1a: Ting-Lu|slp|[from] move: Spore\n|cant|p1a: Ting-Lu|slp\n|\n|-heal|p1a: Ting-Lu|90\/100 slp|[from] item: Leftovers\n|-heal|p2a: Breloom|59\/100 tox|[from] ability: Poison Heal\n|upkeep\n|turn|10\n|\n|t:|1700096519\n|switch|p1a: Dragonite|Dragonite, M|100\/100\n|-singleturn|p2a: Breloom|move: Focus Punch\n|move|p2a: Breloom|Focus Punch|p1a: Dragonite\n|-resisted|p1a: Dragonite\n|-damage|p1a: Dragonite|76\/100\n|\n|-heal|p2a: Breloom|72\/100 tox|[from] ability: Poison Heal\n|upkeep\n|turn|11\n|\n|t:|1700096531\n|switch|p2a: Alomomola|Alomomola, F|100\/100\n|move|p1a: Dragonite|Dragon Dance|p1a: Dragonite\n|-boost|p1a: Dragonite|atk|1\n|-boost|p1a: Dragonite|spe|1\n|\n|upkeep\n|turn|12\n|\n|t:|1700096537\n|switch|p1a: Scizor|Scizor, M|100\/100\n|move|p2a: Alomomola|Toxic|p1a: Scizor\n|-immune|p1a: Scizor\n|\n|upkeep\n|turn|13\n|\n|t:|1700096543\n|detailschange|p1a: Scizor|Scizor-Mega, M\n|-mega|p1a: Scizor|Scizor|Scizorite\n|move|p1a: Scizor|Swords Dance|p1a: Scizor\n|-boost|p1a: Scizor|atk|2\n|move|p2a: Alomomola|Scald|p1a: Scizor\n|-damage|p1a: Scizor|84\/100\n|-status|p1a: Scizor|brn\n|\n|-damage|p1a: Scizor|78\/100 brn|[from] brn\n|upkeep\n|turn|14\n|\n|t:|1700096549\n|move|p1a: Scizor|Knock Off|p2a: Alomomola\n|-damage|p2a: Alomomola|84\/100\n|move|p2a: Alomomola|Wish|p2a: Alomomola\n|\n|-damage|p1a: Scizor|72\/100 brn|[from] brn\n|upkeep\n|turn|15\n|\n|t:|1700096553\n|switch|p2a: Thundurus|Thundurus-Therian, M, tera:Ice|42\/100\n|move|p1a: Scizor|Swords Dance|p1a: Scizor\n|-boost|p1a: Scizor|atk|2\n|\n|-heal|p2a: Thundurus|100\/100|[from] move: Wish|[wisher] Alomomola\n|-damage|p1a: Scizor|66\/100 brn|[from] brn\n|upkeep\n|turn|16\n|\n|t:|1700096558\n|switch|p2a: Skeledirge|Skeledirge, F|100\/100\n|move|p1a: Scizor|Bullet Punch|p2a: Skeledirge\n|-resisted|p2a: Skeledirge\n|-crit|p2a: Skeledirge\n|-damage|p2a: Skeledirge|88\/100\n|\n|-damage|p1a: Scizor|60\/100 brn|[from] brn\n|upkeep\n|turn|17\n|\n|t:|1700096563\n|move|p1a: Scizor|Knock Off|p2a: Skeledirge\n|-supereffective|p2a: Skeledirge\n|-damage|p2a: Skeledirge|55\/100\n|-enditem|p2a: Skeledirge|Heavy-Duty Boots|[from] move: Knock Off|[of] p1a: Scizor\n|move|p2a: Skeledirge|Torch Song|p1a: Scizor\n|-supereffective|p1a: Scizor\n|-damage|p1a: Scizor|0 fnt\n|-boost|p2a: Skeledirge|spa|1\n|faint|p1a: Scizor\n|\n|upkeep\n|\n|t:|1700096571\n|switch|p1a: Volcanion|Volcanion|100\/100\n|turn|18\n|\n|t:|1700096587\n|switch|p2a: Garganacl|Garganacl, M|100\/100\n|move|p1a: Volcanion|Earth Power|p2a: Garganacl\n|-supereffective|p2a: Garganacl\n|-damage|p2a: Garganacl|28\/100\n|\n|-heal|p2a: Garganacl|34\/100|[from] item: Leftovers\n|upkeep\n|turn|19\n|\n|t:|1700096592\n|move|p1a: Volcanion|Earth Power|p2a: Garganacl\n|-supereffective|p2a: Garganacl\n|-damage|p2a: Garganacl|0 fnt\n|faint|p2a: Garganacl\n|\n|upkeep\n|\n|t:|1700096595\n|switch|p2a: Thundurus|Thundurus-Therian, M, tera:Ice|100\/100\n|turn|20\n|\n|t:|1700096606\n|switch|p1a: Great Tusk|Great Tusk|100\/100\n|move|p2a: Thundurus|Thunderbolt|p1a: Great Tusk\n|-immune|p1a: Great Tusk\n|\n|upkeep\n|turn|21\n|\n|t:|1700096616\n|-terastallize|p1a: Great Tusk|Water\n|move|p2a: Thundurus|Tera Blast|p1a: Great Tusk|[anim] Tera Blast Ice\n|-resisted|p1a: Great Tusk\n|-damage|p1a: Great Tusk|73\/100\n|move|p1a: Great Tusk|Earthquake|p2a: Thundurus\n|-damage|p2a: Thundurus|35\/100\n|\n|upkeep\n|turn|22\n|\n|t:|1700096624\n|-end|p1a: Great Tusk|Protosynthesis|[silent]\n|switch|p1a: Ting-Lu|Ting-Lu|90\/100 slp\n|-ability|p1a: Ting-Lu|Vessel of Ruin\n|move|p2a: Thundurus|Thunderbolt|p1a: Ting-Lu\n|-immune|p1a: Ting-Lu\n|\n|-heal|p1a: Ting-Lu|97\/100 slp|[from] item: Leftovers\n|upkeep\n|turn|23\n|\n|t:|1700096629\n|move|p2a: Thundurus|Nasty Plot|p2a: Thundurus\n|-boost|p2a: Thundurus|spa|2\n|-curestatus|p1a: Ting-Lu|slp|[msg]\n|move|p1a: Ting-Lu|Earthquake|p2a: Thundurus\n|-damage|p2a: Thundurus|0 fnt\n|faint|p2a: Thundurus\n|\n|-heal|p1a: Ting-Lu|100\/100|[from] item: Leftovers\n|upkeep\n|\n|t:|1700096638\n|switch|p2a: Urshifu|Urshifu-Rapid-Strike, M|100\/100\n|turn|24\n|\n|t:|1700096641\n|move|p2a: Urshifu|Swords Dance|p2a: Urshifu\n|-boost|p2a: Urshifu|atk|2\n|move|p1a: Ting-Lu|Ruination|p2a: Urshifu\n|-damage|p2a: Urshifu|51\/100\n|\n|upkeep\n|turn|25\n|\n|t:|1700096649\n|move|p2a: Urshifu|Close Combat|p1a: Ting-Lu\n|-supereffective|p1a: Ting-Lu\n|-damage|p1a: Ting-Lu|0 fnt\n|-unboost|p2a: Urshifu|def|1\n|-unboost|p2a: Urshifu|spd|1\n|faint|p1a: Ting-Lu\n|\n|upkeep\n|\n|t:|1700096653\n|switch|p1a: Dragonite|Dragonite, M|76\/100\n|turn|26\n|\n|t:|1700096657\n|switch|p2a: Skeledirge|Skeledirge, F|55\/100\n|move|p1a: Dragonite|Extreme Speed|p2a: Skeledirge\n|-immune|p2a: Skeledirge\n|\n|upkeep\n|turn|27\n|\n|t:|1700096662\n|switch|p1a: Volcanion|Volcanion|100\/100\n|move|p2a: Skeledirge|Slack Off|p2a: Skeledirge\n|-heal|p2a: Skeledirge|100\/100\n|\n|upkeep\n|turn|28\n|\n|t:|1700096679\n|move|p1a: Volcanion|Earth Power|p2a: Skeledirge\n|-supereffective|p2a: Skeledirge\n|-damage|p2a: Skeledirge|31\/100\n|move|p2a: Skeledirge|Earth Power|p1a: Volcanion\n|-supereffective|p1a: Volcanion\n|-damage|p1a: Volcanion|43\/100\n|\n|upkeep\n|turn|29\n|\n|t:|1700096689\n|switch|p2a: Breloom|Breloom, F|72\/100 tox\n|move|p1a: Volcanion|Earth Power|p2a: Breloom\n|-resisted|p2a: Breloom\n|-damage|p2a: Breloom|34\/100 tox\n|\n|-heal|p2a: Breloom|46\/100 tox|[from] ability: Poison Heal\n|upkeep\n|turn|30\n|\n|t:|1700096699\n|switch|p1a: Great Tusk|Great Tusk, tera:Water|73\/100\n|move|p2a: Breloom|Spore|p1a: Great Tusk\n|-status|p1a: Great Tusk|slp|[from] move: Spore\n|\n|-heal|p2a: Breloom|59\/100 tox|[from] ability: Poison Heal\n|upkeep\n|turn|31\n|\n|t:|1700096704\n|-end|p1a: Great Tusk|Protosynthesis|[silent]\n|switch|p1a: Dragonite|Dragonite, M|76\/100\n|-singleturn|p2a: Breloom|move: Focus Punch\n|move|p2a: Breloom|Focus Punch|p1a: Dragonite\n|-resisted|p1a: Dragonite\n|-damage|p1a: Dragonite|32\/100\n|\n|-heal|p2a: Breloom|71\/100 tox|[from] ability: Poison Heal\n|upkeep\n|turn|32\n|\n|t:|1700096710\n|move|p1a: Dragonite|Roost|p1a: Dragonite\n|-heal|p1a: Dragonite|82\/100\n|-singleturn|p1a: Dragonite|move: Roost\n|move|p2a: Breloom|Substitute|p2a: Breloom\n|-start|p2a: Breloom|Substitute\n|-damage|p2a: Breloom|46\/100 tox\n|\n|-heal|p2a: Breloom|59\/100 tox|[from] ability: Poison Heal\n|upkeep\n|turn|33\n|\n|t:|1700096719\n|-singleturn|p2a: Breloom|move: Focus Punch\n|move|p1a: Dragonite|Dragon Dance|p1a: Dragonite\n|-boost|p1a: Dragonite|atk|1\n|-boost|p1a: Dragonite|spe|1\n|move|p2a: Breloom|Focus Punch|p1a: Dragonite\n|-resisted|p1a: Dragonite\n|-damage|p1a: Dragonite|34\/100\n|\n|-heal|p2a: Breloom|71\/100 tox|[from] ability: Poison Heal\n|upkeep\n|turn|34\n|\n|t:|1700096722\n|-singleturn|p2a: Breloom|move: Focus Punch\n|move|p1a: Dragonite|Roost|p1a: Dragonite\n|-heal|p1a: Dragonite|84\/100\n|-singleturn|p1a: Dragonite|move: Roost\n|move|p2a: Breloom|Focus Punch|p1a: Dragonite\n|-damage|p1a: Dragonite|0 fnt\n|faint|p1a: Dragonite\n|\n|-heal|p2a: Breloom|83\/100 tox|[from] ability: Poison Heal\n|upkeep\n|-message|Sencopion forfeited.\n|\n|win|abigolname\n|raw|Sencopion's rating: 1457 &rarr; <strong>1442<\/strong><br \/>(-15 for losing)\n|raw|abigolname's rating: 1540 &rarr; <strong>1555<\/strong><br \/>(+15 for winning)\n|l|\u2606Sencopion\n","uploadtime":1700096741,"views":14,"p1id":"sencopion","p2id":"abigolname","formatid":"gen9nationaldex","rating":1442,"private":0,"password":""}