{"id":"gen9nationaldex-1997729461","p1":"Pontinic","p2":"Autistic_Rabbit","format":"[Gen 9] National Dex","log":"|html|<div class=\"broadcast-blue\"><strong>[Gen 9] National Dex is currently suspecting Sneasler! For information on how to participate check out the <a href=\"https:\/\/www.smogon.com\/forums\/threads\/sv-national-dex-suspect-8-just-dance.3731534\/\">suspect thread<\/a>.<\/strong><\/div>\n|j|\u2606Pontinic\n|j|\u2606Autistic_Rabbit\n|t:|1700846470\n|gametype|singles\n|player|p1|Pontinic|dawn|1732\n|player|p2|Autistic_Rabbit|dawn|1596\n|teamsize|p1|6\n|teamsize|p2|6\n|gen|9\n|tier|[Gen 9] National Dex\n|rated|\n|rule|HP Percentage Mod: HP is shown in percentages\n|rule|Endless Battle Clause: Forcing endless battles is banned\n|rule|OHKO Clause: OHKO moves are banned\n|rule|Evasion Clause: Evasion abilities, items, and moves are banned\n|rule|Evasion Abilities Clause: Evasion abilities are banned\n|rule|Evasion Items Clause: Evasion items are banned\n|rule|Evasion Moves Clause: Evasion moves are banned\n|rule|Species Clause: Limit one of each Pok\u00e9mon\n|rule|Sleep Clause Mod: Limit one foe put to sleep\n|clearpoke\n|poke|p1|Tapu Koko|\n|poke|p1|Sneasler, M|\n|poke|p1|Raichu-Alola, F|\n|poke|p1|Azumarill, M|\n|poke|p1|Altaria, F|\n|poke|p1|Landorus-Therian, M|\n|poke|p2|Mawile, M|\n|poke|p2|Marowak-Alola, M|\n|poke|p2|Hatterene, F|\n|poke|p2|Cresselia, F|\n|poke|p2|Porygon2|\n|poke|p2|Ursaluna, F|\n|teampreview\n|inactive|Battle timer is ON: inactive players will automatically lose when time's up. (requested by Pontinic)\n|\n|t:|1700846487\n|start\n|switch|p1a: Azumarill|Azumarill, M|100\/100\n|switch|p2a: Porygon2|Porygon2|100\/100\n|-ability|p2a: Porygon2|Huge Power|[from] ability: Trace|[of] p1a: Azumarill\n|turn|1\n|\n|t:|1700846493\n|move|p1a: Azumarill|Liquidation|p2a: Porygon2\n|-damage|p2a: Porygon2|62\/100\n|move|p2a: Porygon2|Trick Room|p2a: Porygon2\n|-fieldstart|move: Trick Room|[of] p2a: Porygon2\n|\n|upkeep\n|turn|2\n|\n|t:|1700846499\n|move|p1a: Azumarill|Liquidation|p2a: Porygon2\n|-damage|p2a: Porygon2|24\/100\n|move|p2a: Porygon2|Teleport|p2a: Porygon2\n|\n|t:|1700846507\n|switch|p2a: Ursaluna|Ursaluna, F|100\/100|[from] Teleport\n|\n|-status|p2a: Ursaluna|brn|[from] item: Flame Orb\n|upkeep\n|turn|3\n|\n|t:|1700846512\n|switch|p1a: Landorus|Landorus-Therian, M|100\/100\n|-ability|p1a: Landorus|Intimidate|boost\n|-unboost|p2a: Ursaluna|atk|1\n|-terastallize|p2a: Ursaluna|Normal\n|move|p2a: Ursaluna|Facade|p1a: Landorus\n|-damage|p1a: Landorus|17\/100\n|\n|-damage|p2a: Ursaluna|94\/100 brn|[from] brn\n|upkeep\n|turn|4\n|\n|t:|1700846520\n|move|p2a: Ursaluna|Facade|p1a: Landorus\n|-damage|p1a: Landorus|0 fnt\n|faint|p1a: Landorus\n|\n|-damage|p2a: Ursaluna|88\/100 brn|[from] brn\n|upkeep\n|\n|t:|1700846524\n|switch|p1a: Azumarill|Azumarill, M|100\/100\n|turn|5\n|\n|t:|1700846529\n|move|p2a: Ursaluna|Facade|p1a: Azumarill\n|-damage|p1a: Azumarill|0 fnt\n|faint|p1a: Azumarill\n|\n|-damage|p2a: Ursaluna|82\/100 brn|[from] brn\n|-fieldend|move: Trick Room\n|upkeep\n|\n|t:|1700846532\n|switch|p1a: Tapu Koko|Tapu Koko|100\/100\n|-fieldstart|move: Electric Terrain|[from] ability: Electric Surge|[of] p1a: Tapu Koko\n|turn|6\n|\n|t:|1700846540\n|move|p1a: Tapu Koko|Thunderbolt|p2a: Ursaluna\n|-damage|p2a: Ursaluna|36\/100 brn\n|move|p2a: Ursaluna|Facade|p1a: Tapu Koko\n|-damage|p1a: Tapu Koko|0 fnt\n|faint|p1a: Tapu Koko\n|\n|-damage|p2a: Ursaluna|30\/100 brn|[from] brn\n|upkeep\n|\n|t:|1700846545\n|switch|p1a: Raichu|Raichu-Alola, F|100\/100\n|turn|7\n|\n|t:|1700846550\n|switch|p2a: Porygon2|Porygon2|24\/100\n|-ability|p2a: Porygon2|Surge Surfer|[from] ability: Trace|[of] p1a: Raichu\n|move|p1a: Raichu|Rising Voltage|p2a: Porygon2\n|-hint|Rising Voltage's BP doubled on grounded target.\n|-damage|p2a: Porygon2|0 fnt\n|faint|p2a: Porygon2\n|-damage|p1a: Raichu|91\/100|[from] item: Life Orb\n|\n|upkeep\n|\n|t:|1700846558\n|switch|p2a: Hatterene|Hatterene, F|100\/100\n|turn|8\n|\n|t:|1700846561\n|-terastallize|p1a: Raichu|Electric\n|move|p1a: Raichu|Rising Voltage|p2a: Hatterene\n|-hint|Rising Voltage's BP doubled on grounded target.\n|-enditem|p2a: Hatterene|Focus Sash\n|-damage|p2a: Hatterene|1\/100\n|-damage|p1a: Raichu|81\/100|[from] item: Life Orb\n|move|p2a: Hatterene|Trick Room|p2a: Hatterene\n|-fieldstart|move: Trick Room|[of] p2a: Hatterene\n|\n|upkeep\n|turn|9\n|\n|t:|1700846570\n|switch|p1a: Altaria|Altaria, F|100\/100\n|-ability|p1a: Altaria|Cloud Nine\n|move|p2a: Hatterene|Misty Explosion|p1a: Altaria\n|-supereffective|p1a: Altaria\n|-damage|p1a: Altaria|15\/100\n|faint|p2a: Hatterene\n|\n|upkeep\n|\n|t:|1700846573\n|switch|p2a: Ursaluna|Ursaluna, F, tera:Normal|30\/100 brn\n|turn|10\n|\n|t:|1700846575\n|detailschange|p1a: Altaria|Altaria-Mega, F\n|-mega|p1a: Altaria|Altaria|Altarianite\n|move|p2a: Ursaluna|Facade|p1a: Altaria\n|-crit|p1a: Altaria\n|-damage|p1a: Altaria|0 fnt\n|faint|p1a: Altaria\n|\n|-damage|p2a: Ursaluna|24\/100 brn|[from] brn\n|upkeep\n|\n|t:|1700846578\n|switch|p1a: Sneasler|Sneasler, M|100\/100\n|-enditem|p1a: Sneasler|Electric Seed\n|-boost|p1a: Sneasler|def|1|[from] item: Electric Seed\n|turn|11\n|\n|t:|1700846582\n|move|p2a: Ursaluna|Headlong Rush|p1a: Sneasler\n|-supereffective|p1a: Sneasler\n|-damage|p1a: Sneasler|0 fnt\n|-unboost|p2a: Ursaluna|def|1\n|-unboost|p2a: Ursaluna|spd|1\n|faint|p1a: Sneasler\n|\n|-damage|p2a: Ursaluna|18\/100 brn|[from] brn\n|upkeep\n|-message|Pontinic forfeited.\n|\n|win|Autistic_Rabbit\n|raw|Pontinic's rating: 1732 &rarr; <strong>1705<\/strong><br \/>(-27 for losing)\n|raw|Autistic_Rabbit's rating: 1596 &rarr; <strong>1623<\/strong><br \/>(+27 for winning)\n|l|\u2606Pontinic\n","uploadtime":1700846596,"views":6,"p1id":"pontinic","p2id":"autisticrabbit","formatid":"gen9nationaldex","rating":1623,"private":0,"password":""}