{"id":"gen9nationaldex-1991622575","p1":"abigolname","p2":"yanami-go","format":"[Gen 9] National Dex","log":"|j|\u2606abigolname\n|j|\u2606yanami-go\n|t:|1700095311\n|gametype|singles\n|player|p1|abigolname|102|1538\n|player|p2|yanami-go|dawn-masters3|1490\n|teamsize|p1|6\n|teamsize|p2|6\n|gen|9\n|tier|[Gen 9] National Dex\n|rated|\n|rule|HP Percentage Mod: HP is shown in percentages\n|rule|Endless Battle Clause: Forcing endless battles is banned\n|rule|OHKO Clause: OHKO moves are banned\n|rule|Evasion Clause: Evasion abilities, items, and moves are banned\n|rule|Evasion Abilities Clause: Evasion abilities are banned\n|rule|Evasion Items Clause: Evasion items are banned\n|rule|Evasion Moves Clause: Evasion moves are banned\n|rule|Species Clause: Limit one of each Pok\u00e9mon\n|rule|Sleep Clause Mod: Limit one foe put to sleep\n|clearpoke\n|poke|p1|Thundurus-Therian, M|\n|poke|p1|Alomomola, F|\n|poke|p1|Urshifu-*, M|\n|poke|p1|Breloom, M|\n|poke|p1|Garganacl, M|\n|poke|p1|Quagsire, M|\n|poke|p2|Tapu Koko|\n|poke|p2|Sinistcha-Masterpiece|\n|poke|p2|Landorus-Therian, M|\n|poke|p2|Ditto|\n|poke|p2|Dragonite, F|\n|poke|p2|Garganacl, F|\n|teampreview\n|\n|t:|1700095327\n|start\n|switch|p1a: Breloom|Breloom, M|100\/100\n|switch|p2a: Tapu Koko|Tapu Koko|100\/100\n|-fieldstart|move: Electric Terrain|[from] ability: Electric Surge|[of] p2a: Tapu Koko\n|turn|1\n|inactive|Battle timer is ON: inactive players will automatically lose when time's up. (requested by abigolname)\n|\n|t:|1700095332\n|move|p1a: Breloom|Protect|p1a: Breloom\n|-singleturn|p1a: Breloom|Protect\n|move|p2a: Tapu Koko|Volt Switch|p1a: Breloom\n|-activate|p1a: Breloom|move: Protect\n|\n|-status|p1a: Breloom|tox|[from] item: Toxic Orb\n|upkeep\n|turn|2\n|\n|t:|1700095338\n|move|p2a: Tapu Koko|Volt Switch|p1a: Breloom\n|-resisted|p1a: Breloom\n|-damage|p1a: Breloom|70\/100 tox\n|\n|t:|1700095343\n|switch|p2a: Sinistcha|Sinistcha-Masterpiece|100\/100|[from] Volt Switch\n|move|p1a: Breloom|Substitute|p1a: Breloom\n|-start|p1a: Breloom|Substitute\n|-damage|p1a: Breloom|45\/100 tox\n|\n|-heal|p1a: Breloom|57\/100 tox|[from] ability: Poison Heal\n|upkeep\n|turn|3\n|\n|t:|1700095353\n|switch|p1a: Garganacl|Garganacl, M|100\/100\n|move|p2a: Sinistcha|Calm Mind|p2a: Sinistcha\n|-boost|p2a: Sinistcha|spa|1\n|-boost|p2a: Sinistcha|spd|1\n|\n|upkeep\n|turn|4\n|\n|t:|1700095361\n|-terastallize|p1a: Garganacl|Dragon\n|move|p2a: Sinistcha|Calm Mind|p2a: Sinistcha\n|-boost|p2a: Sinistcha|spa|1\n|-boost|p2a: Sinistcha|spd|1\n|move|p1a: Garganacl|Salt Cure|p2a: Sinistcha\n|-damage|p2a: Sinistcha|90\/100\n|-start|p2a: Sinistcha|Salt Cure\n|\n|-heal|p2a: Sinistcha|96\/100|[from] item: Leftovers\n|-damage|p2a: Sinistcha|84\/100|[from] Salt Cure\n|upkeep\n|turn|5\n|\n|t:|1700095375\n|switch|p1a: Quagsire|Quagsire, M, shiny|100\/100\n|move|p2a: Sinistcha|Calm Mind|p2a: Sinistcha\n|-boost|p2a: Sinistcha|spa|1\n|-boost|p2a: Sinistcha|spd|1\n|\n|-heal|p2a: Sinistcha|90\/100|[from] item: Leftovers\n|-damage|p2a: Sinistcha|77\/100|[from] Salt Cure\n|-fieldend|move: Electric Terrain\n|upkeep\n|turn|6\n|\n|t:|1700095378\n|move|p2a: Sinistcha|Matcha Gotcha|p1a: Quagsire|[miss]\n|-miss|p2a: Sinistcha|p1a: Quagsire\n|move|p1a: Quagsire|Haze|p1a: Quagsire\n|-clearallboost\n|\n|-heal|p2a: Sinistcha|83\/100|[from] item: Leftovers\n|-damage|p2a: Sinistcha|71\/100|[from] Salt Cure\n|upkeep\n|turn|7\n|\n|t:|1700095391\n|switch|p1a: Thundurus|Thundurus-Therian, M|100\/100\n|move|p2a: Sinistcha|Matcha Gotcha|p1a: Thundurus\n|-resisted|p1a: Thundurus\n|-damage|p1a: Thundurus|79\/100\n|-heal|p2a: Sinistcha|81\/100|[from] drain|[of] p1a: Thundurus\n|\n|-heal|p2a: Sinistcha|87\/100|[from] item: Leftovers\n|-damage|p2a: Sinistcha|74\/100|[from] Salt Cure\n|upkeep\n|turn|8\n|\n|t:|1700095397\n|move|p1a: Thundurus|Nasty Plot|p1a: Thundurus\n|-boost|p1a: Thundurus|spa|2\n|move|p2a: Sinistcha|Calm Mind|p2a: Sinistcha\n|-boost|p2a: Sinistcha|spa|1\n|-boost|p2a: Sinistcha|spd|1\n|\n|-heal|p2a: Sinistcha|80\/100|[from] item: Leftovers\n|-damage|p2a: Sinistcha|68\/100|[from] Salt Cure\n|upkeep\n|turn|9\n|\n|t:|1700095402\n|move|p1a: Thundurus|Thunderbolt|p2a: Sinistcha\n|-resisted|p2a: Sinistcha\n|-crit|p2a: Sinistcha\n|-damage|p2a: Sinistcha|0 fnt\n|faint|p2a: Sinistcha\n|\n|upkeep\n|\n|t:|1700095416\n|switch|p2a: Dragonite|Dragonite, F|100\/100\n|turn|10\n|\n|t:|1700095419\n|-terastallize|p2a: Dragonite|Normal\n|move|p2a: Dragonite|Extreme Speed|p1a: Thundurus\n|-damage|p1a: Thundurus|3\/100\n|move|p1a: Thundurus|Thunderbolt|p2a: Dragonite\n|-damage|p2a: Dragonite|56\/100\n|\n|upkeep\n|turn|11\n|\n|t:|1700095429\n|switch|p1a: Alomomola|Alomomola, F|100\/100\n|move|p2a: Dragonite|Extreme Speed|p1a: Alomomola\n|-damage|p1a: Alomomola|71\/100\n|-enditem|p1a: Alomomola|Eject Button\n|\n|t:|1700095434\n|switch|p1a: Urshifu|Urshifu-Rapid-Strike, M|100\/100\n|\n|upkeep\n|turn|12\n|\n|t:|1700095445\n|move|p1a: Urshifu|Close Combat|p2a: Dragonite\n|-supereffective|p2a: Dragonite\n|-damage|p2a: Dragonite|0 fnt\n|-unboost|p1a: Urshifu|def|1\n|-unboost|p1a: Urshifu|spd|1\n|faint|p2a: Dragonite\n|\n|upkeep\n|\n|t:|1700095449\n|switch|p2a: Tapu Koko|Tapu Koko|100\/100\n|-fieldstart|move: Electric Terrain|[from] ability: Electric Surge|[of] p2a: Tapu Koko\n|turn|13\n|\n|t:|1700095454\n|switch|p1a: Quagsire|Quagsire, M, shiny|100\/100\n|move|p2a: Tapu Koko|Dazzling Gleam|p1a: Quagsire\n|-damage|p1a: Quagsire|72\/100\n|\n|-heal|p1a: Quagsire|78\/100|[from] item: Leftovers\n|upkeep\n|turn|14\n|\n|t:|1700095463\n|switch|p2a: Garganacl|Garganacl, F|100\/100\n|move|p1a: Quagsire|Stealth Rock|p2a: Garganacl\n|-sidestart|p2: yanami-go|move: Stealth Rock\n|\n|-heal|p1a: Quagsire|84\/100|[from] item: Leftovers\n|upkeep\n|turn|15\n|\n|t:|1700095474\n|move|p1a: Quagsire|Earthquake|p2a: Garganacl\n|-supereffective|p2a: Garganacl\n|-damage|p2a: Garganacl|57\/100\n|move|p2a: Garganacl|Salt Cure|p1a: Quagsire\n|-resisted|p1a: Quagsire\n|-damage|p1a: Quagsire|78\/100\n|-start|p1a: Quagsire|Salt Cure\n|\n|-heal|p1a: Quagsire|84\/100|[from] item: Leftovers\n|-heal|p2a: Garganacl|64\/100|[from] item: Leftovers\n|-damage|p1a: Quagsire|59\/100|[from] Salt Cure\n|upkeep\n|turn|16\n|\n|t:|1700095480\n|switch|p1a: Breloom|Breloom, M|57\/100 tox\n|move|p2a: Garganacl|Recover|p2a: Garganacl\n|-heal|p2a: Garganacl|100\/100\n|\n|-heal|p1a: Breloom|69\/100 tox|[from] ability: Poison Heal\n|upkeep\n|turn|17\n|\n|t:|1700095484\n|move|p1a: Breloom|Substitute|p1a: Breloom\n|-start|p1a: Breloom|Substitute\n|-damage|p1a: Breloom|44\/100 tox\n|move|p2a: Garganacl|Iron Defense|p2a: Garganacl\n|-boost|p2a: Garganacl|def|2\n|\n|-heal|p1a: Breloom|57\/100 tox|[from] ability: Poison Heal\n|-fieldend|move: Electric Terrain\n|upkeep\n|turn|18\n|\n|t:|1700095487\n|-singleturn|p1a: Breloom|move: Focus Punch\n|move|p2a: Garganacl|Iron Defense|p2a: Garganacl\n|-boost|p2a: Garganacl|def|2\n|move|p1a: Breloom|Focus Punch|p2a: Garganacl\n|-supereffective|p2a: Garganacl\n|-damage|p2a: Garganacl|60\/100\n|\n|-heal|p2a: Garganacl|67\/100|[from] item: Leftovers\n|-heal|p1a: Breloom|69\/100 tox|[from] ability: Poison Heal\n|upkeep\n|turn|19\n|\n|t:|1700095492\n|-singleturn|p1a: Breloom|move: Focus Punch\n|move|p2a: Garganacl|Recover|p2a: Garganacl\n|-heal|p2a: Garganacl|100\/100\n|move|p1a: Breloom|Focus Punch|p2a: Garganacl\n|-supereffective|p2a: Garganacl\n|-damage|p2a: Garganacl|64\/100\n|\n|-heal|p2a: Garganacl|71\/100|[from] item: Leftovers\n|-heal|p1a: Breloom|81\/100 tox|[from] ability: Poison Heal\n|upkeep\n|turn|20\n|\n|t:|1700095494\n|-singleturn|p1a: Breloom|move: Focus Punch\n|move|p2a: Garganacl|Body Press|p1a: Breloom\n|-end|p1a: Breloom|Substitute\n|move|p1a: Breloom|Focus Punch|p2a: Garganacl\n|-supereffective|p2a: Garganacl\n|-damage|p2a: Garganacl|34\/100\n|\n|-heal|p2a: Garganacl|41\/100|[from] item: Leftovers\n|-heal|p1a: Breloom|94\/100 tox|[from] ability: Poison Heal\n|upkeep\n|turn|21\n|\n|t:|1700095503\n|switch|p1a: Quagsire|Quagsire, M, shiny|59\/100\n|move|p2a: Garganacl|Recover|p2a: Garganacl\n|-heal|p2a: Garganacl|91\/100\n|\n|-heal|p2a: Garganacl|97\/100|[from] item: Leftovers\n|-heal|p1a: Quagsire|65\/100|[from] item: Leftovers\n|upkeep\n|turn|22\n|\n|t:|1700095506\n|move|p1a: Quagsire|Haze|p1a: Quagsire\n|-clearallboost\n|move|p2a: Garganacl|Salt Cure|p1a: Quagsire\n|-resisted|p1a: Quagsire\n|-damage|p1a: Quagsire|59\/100\n|-start|p1a: Quagsire|Salt Cure\n|\n|-heal|p2a: Garganacl|100\/100|[from] item: Leftovers\n|-heal|p1a: Quagsire|65\/100|[from] item: Leftovers\n|-damage|p1a: Quagsire|40\/100|[from] Salt Cure\n|upkeep\n|turn|23\n|\n|t:|1700095510\n|switch|p1a: Breloom|Breloom, M|94\/100 tox\n|move|p2a: Garganacl|Iron Defense|p2a: Garganacl\n|-boost|p2a: Garganacl|def|2\n|\n|-heal|p1a: Breloom|100\/100 tox|[from] ability: Poison Heal\n|upkeep\n|turn|24\n|\n|t:|1700095523\n|switch|p1a: Urshifu|Urshifu-Rapid-Strike, M|100\/100\n|move|p2a: Garganacl|Iron Defense|p2a: Garganacl\n|-boost|p2a: Garganacl|def|2\n|\n|upkeep\n|turn|25\n|\n|t:|1700095527\n|move|p1a: Urshifu|Surging Strikes|p2a: Garganacl\n|-supereffective|p2a: Garganacl\n|-crit|p2a: Garganacl\n|-damage|p2a: Garganacl|72\/100\n|-supereffective|p2a: Garganacl\n|-crit|p2a: Garganacl\n|-damage|p2a: Garganacl|46\/100\n|-supereffective|p2a: Garganacl\n|-crit|p2a: Garganacl\n|-damage|p2a: Garganacl|21\/100\n|-hitcount|p2a: Garganacl|3\n|move|p2a: Garganacl|Body Press|p1a: Urshifu\n|-damage|p1a: Urshifu|35\/100\n|\n|-heal|p2a: Garganacl|27\/100|[from] item: Leftovers\n|upkeep\n|turn|26\n|\n|t:|1700095532\n|move|p1a: Urshifu|Surging Strikes|p2a: Garganacl\n|-supereffective|p2a: Garganacl\n|-crit|p2a: Garganacl\n|-damage|p2a: Garganacl|0 fnt\n|faint|p2a: Garganacl\n|-hitcount|p2: Garganacl|1\n|\n|upkeep\n|\n|t:|1700095536\n|switch|p2a: Ditto|Ditto|100\/100\n|-damage|p2a: Ditto|88\/100|[from] Stealth Rock\n|-transform|p2a: Ditto|p1a: Urshifu|[from] ability: Imposter\n|turn|27\n|\n|t:|1700095539\n|switch|p1a: Alomomola|Alomomola, F|100\/100\n|move|p2a: Ditto|Close Combat|p1a: Alomomola\n|-damage|p1a: Alomomola|67\/100\n|-unboost|p2a: Ditto|def|1\n|-unboost|p2a: Ditto|spd|1\n|\n|upkeep\n|turn|28\n|\n|t:|1700095565\n|move|p2a: Ditto|Close Combat|p1a: Alomomola\n|-damage|p1a: Alomomola|30\/100\n|-unboost|p2a: Ditto|def|1\n|-unboost|p2a: Ditto|spd|1\n|move|p1a: Alomomola|Wish|p1a: Alomomola\n|\n|upkeep\n|turn|29\n|\n|t:|1700095577\n|switch|p1a: Quagsire|Quagsire, M, shiny|40\/100\n|move|p2a: Ditto|Close Combat|p1a: Quagsire\n|-damage|p1a: Quagsire|0 fnt\n|-unboost|p2a: Ditto|def|1\n|-unboost|p2a: Ditto|spd|1\n|faint|p1a: Quagsire\n|\n|upkeep\n|\n|t:|1700095585\n|switch|p1a: Urshifu|Urshifu-Rapid-Strike, M|35\/100\n|turn|30\n|\n|t:|1700095591\n|switch|p1a: Garganacl|Garganacl, M, tera:Dragon|100\/100\n|move|p2a: Ditto|Close Combat|p1a: Garganacl\n|-damage|p1a: Garganacl|56\/100\n|-unboost|p2a: Ditto|def|1\n|-unboost|p2a: Ditto|spd|1\n|\n|-heal|p1a: Garganacl|62\/100|[from] item: Leftovers\n|upkeep\n|turn|31\n|\n|t:|1700095599\n|switch|p2a: Tapu Koko|Tapu Koko|100\/100\n|-damage|p2a: Tapu Koko|88\/100|[from] Stealth Rock\n|-fieldstart|move: Electric Terrain|[from] ability: Electric Surge|[of] p2a: Tapu Koko\n|move|p1a: Garganacl|Body Press|p2a: Tapu Koko\n|-resisted|p2a: Tapu Koko\n|-damage|p2a: Tapu Koko|71\/100\n|\n|-heal|p1a: Garganacl|68\/100|[from] item: Leftovers\n|upkeep\n|turn|32\n|\n|t:|1700095603\n|move|p2a: Tapu Koko|Dazzling Gleam|p1a: Garganacl\n|-supereffective|p1a: Garganacl\n|-damage|p1a: Garganacl|22\/100\n|move|p1a: Garganacl|Recover|p1a: Garganacl\n|-heal|p1a: Garganacl|72\/100\n|\n|-heal|p1a: Garganacl|78\/100|[from] item: Leftovers\n|upkeep\n|turn|33\n|\n|t:|1700095610\n|switch|p1a: Thundurus|Thundurus-Therian, M|3\/100\n|move|p2a: Tapu Koko|Dazzling Gleam|p1a: Thundurus\n|-damage|p1a: Thundurus|0 fnt\n|faint|p1a: Thundurus\n|\n|upkeep\n|\n|t:|1700095616\n|switch|p1a: Alomomola|Alomomola, F|64\/100\n|turn|34\n|\n|t:|1700095622\n|move|p2a: Tapu Koko|Thunderbolt|p1a: Alomomola\n|-supereffective|p1a: Alomomola\n|-damage|p1a: Alomomola|0 fnt\n|faint|p1a: Alomomola\n|\n|upkeep\n|\n|t:|1700095628\n|switch|p1a: Garganacl|Garganacl, M, tera:Dragon|78\/100\n|turn|35\n|\n|t:|1700095631\n|move|p2a: Tapu Koko|Volt Switch|p1a: Garganacl\n|-resisted|p1a: Garganacl\n|-damage|p1a: Garganacl|65\/100\n|\n|t:|1700095632\n|switch|p2a: Landorus|Landorus-Therian, M|100\/100|[from] Volt Switch\n|-damage|p2a: Landorus|88\/100|[from] Stealth Rock\n|-ability|p2a: Landorus|Intimidate|boost\n|-unboost|p1a: Garganacl|atk|1\n|move|p1a: Garganacl|Salt Cure|p2a: Landorus\n|-damage|p2a: Landorus|82\/100\n|-start|p2a: Landorus|Salt Cure\n|\n|-heal|p1a: Garganacl|71\/100|[from] item: Leftovers\n|-damage|p2a: Landorus|69\/100|[from] Salt Cure\n|-fieldend|move: Electric Terrain\n|upkeep\n|turn|36\n|\n|t:|1700095637\n|switch|p1a: Breloom|Breloom, M|100\/100 tox\n|move|p2a: Landorus|Defog|p1a: Breloom\n|-unboost|p1a: Breloom|evasion|1\n|-sideend|p2: yanami-go|Stealth Rock|[from] move: Defog|[of] p2a: Landorus\n|\n|-damage|p2a: Landorus|57\/100|[from] Salt Cure\n|upkeep\n|turn|37\n|\n|t:|1700095644\n|switch|p2a: Tapu Koko|Tapu Koko|71\/100\n|-fieldstart|move: Electric Terrain|[from] ability: Electric Surge|[of] p2a: Tapu Koko\n|move|p1a: Breloom|Spore|p2a: Tapu Koko\n|-activate|p2a: Tapu Koko|move: Electric Terrain\n|\n|upkeep\n|turn|38\n|\n|t:|1700095655\n|move|p1a: Breloom|Protect|p1a: Breloom\n|-singleturn|p1a: Breloom|Protect\n|move|p2a: Tapu Koko|Dazzling Gleam|p1a: Breloom\n|-activate|p1a: Breloom|move: Protect\n|\n|upkeep\n|turn|39\n|\n|t:|1700095658\n|switch|p1a: Garganacl|Garganacl, M, tera:Dragon|71\/100\n|move|p2a: Tapu Koko|Dazzling Gleam|p1a: Garganacl\n|-supereffective|p1a: Garganacl\n|-damage|p1a: Garganacl|26\/100\n|\n|-heal|p1a: Garganacl|32\/100|[from] item: Leftovers\n|upkeep\n|turn|40\n|\n|t:|1700095661\n|move|p2a: Tapu Koko|Dazzling Gleam|p1a: Garganacl\n|-supereffective|p1a: Garganacl\n|-damage|p1a: Garganacl|0 fnt\n|faint|p1a: Garganacl\n|\n|upkeep\n|\n|t:|1700095667\n|switch|p1a: Urshifu|Urshifu-Rapid-Strike, M|35\/100\n|turn|41\n|\n|t:|1700095673\n|switch|p2a: Ditto|Ditto|88\/100\n|-transform|p2a: Ditto|p1a: Urshifu|[from] ability: Imposter\n|move|p1a: Urshifu|Surging Strikes|p2a: Ditto\n|-resisted|p2a: Ditto\n|-crit|p2a: Ditto\n|-damage|p2a: Ditto|76\/100\n|-resisted|p2a: Ditto\n|-crit|p2a: Ditto\n|-damage|p2a: Ditto|64\/100\n|-resisted|p2a: Ditto\n|-crit|p2a: Ditto\n|-damage|p2a: Ditto|53\/100\n|-hitcount|p2a: Ditto|3\n|\n|-fieldend|move: Electric Terrain\n|upkeep\n|turn|42\n|\n|t:|1700095681\n|switch|p1a: Breloom|Breloom, M|100\/100 tox\n|move|p2a: Ditto|Close Combat|p1a: Breloom\n|-damage|p1a: Breloom|25\/100 tox\n|-unboost|p2a: Ditto|def|1\n|-unboost|p2a: Ditto|spd|1\n|\n|-heal|p1a: Breloom|38\/100 tox|[from] ability: Poison Heal\n|upkeep\n|turn|43\n|\n|t:|1700095687\n|move|p2a: Ditto|Close Combat|p1a: Breloom\n|-damage|p1a: Breloom|0 fnt\n|-unboost|p2a: Ditto|def|1\n|-unboost|p2a: Ditto|spd|1\n|faint|p1a: Breloom\n|\n|upkeep\n|-message|abigolname forfeited.\n|\n|win|yanami-go\n|raw|abigolname's rating: 1538 &rarr; <strong>1515<\/strong><br \/>(-23 for losing)\n|raw|yanami-go's rating: 1490 &rarr; <strong>1513<\/strong><br \/>(+23 for winning)\n","uploadtime":1700095725,"views":10,"p1id":"abigolname","p2id":"yanamigo","formatid":"gen9nationaldex","rating":1513,"private":0,"password":""}