{"id":"gen9nationaldex-1997669155","p1":"Ribbit Mania","p2":"Pepinillo_345","format":"[Gen 9] National Dex","log":"|html|<div class=\"broadcast-blue\"><strong>[Gen 9] National Dex is currently suspecting Sneasler! For information on how to participate check out the <a href=\"https:\/\/www.smogon.com\/forums\/threads\/sv-national-dex-suspect-8-just-dance.3731534\/\">suspect thread<\/a>.<\/strong><\/div>\n|j|\u2606Ribbit Mania\n|j|\u2606Pepinillo_345\n|t:|1700839777\n|gametype|singles\n|player|p1|Ribbit Mania|skierf|1082\n|player|p2|Pepinillo_345|koga|1042\n|teamsize|p1|6\n|teamsize|p2|6\n|gen|9\n|tier|[Gen 9] National Dex\n|rated|\n|rule|HP Percentage Mod: HP is shown in percentages\n|rule|Endless Battle Clause: Forcing endless battles is banned\n|rule|OHKO Clause: OHKO moves are banned\n|rule|Evasion Clause: Evasion abilities, items, and moves are banned\n|rule|Evasion Abilities Clause: Evasion abilities are banned\n|rule|Evasion Items Clause: Evasion items are banned\n|rule|Evasion Moves Clause: Evasion moves are banned\n|rule|Species Clause: Limit one of each Pok\u00e9mon\n|rule|Sleep Clause Mod: Limit one foe put to sleep\n|clearpoke\n|poke|p1|Maushold|\n|poke|p1|Cloyster, F|\n|poke|p1|Cinccino, M|\n|poke|p1|Gliscor, M|\n|poke|p1|Blaziken, M|\n|poke|p1|Beedrill, F|\n|poke|p2|Sirfetch\u2019d, M|\n|poke|p2|Electrode-Hisui|\n|poke|p2|Bruxish, M|\n|poke|p2|Stonjourner, F|\n|poke|p2|Camerupt, F|\n|poke|p2|Gogoat, F|\n|teampreview\n|inactive|Battle timer is ON: inactive players will automatically lose when time's up. (requested by Ribbit Mania)\n|\n|t:|1700839795\n|start\n|switch|p1a: MUDAMUDAMUDAMUDA|Maushold|100\/100\n|switch|p2a: Rocodromo|Stonjourner, F, shiny|100\/100\n|turn|1\n|\n|t:|1700839803\n|move|p1a: MUDAMUDAMUDAMUDA|Tidy Up|p1a: MUDAMUDAMUDAMUDA\n|-boost|p1a: MUDAMUDAMUDAMUDA|atk|1\n|-boost|p1a: MUDAMUDAMUDAMUDA|spe|1\n|move|p2a: Rocodromo|Stealth Rock|p1a: MUDAMUDAMUDAMUDA\n|-sidestart|p1: Ribbit Mania|move: Stealth Rock\n|\n|upkeep\n|turn|2\n|\n|t:|1700839808\n|move|p1a: MUDAMUDAMUDAMUDA|Bullet Seed|p2a: Rocodromo\n|-supereffective|p2a: Rocodromo\n|-damage|p2a: Rocodromo|83\/100\n|-supereffective|p2a: Rocodromo\n|-damage|p2a: Rocodromo|64\/100\n|-supereffective|p2a: Rocodromo\n|-damage|p2a: Rocodromo|47\/100\n|-supereffective|p2a: Rocodromo\n|-damage|p2a: Rocodromo|29\/100\n|-supereffective|p2a: Rocodromo\n|-damage|p2a: Rocodromo|11\/100\n|-hitcount|p2a: Rocodromo|5\n|move|p2a: Rocodromo|Stone Edge|p1a: MUDAMUDAMUDAMUDA\n|-damage|p1a: MUDAMUDAMUDAMUDA|15\/100\n|\n|upkeep\n|turn|3\n|\n|t:|1700839821\n|-terastallize|p1a: MUDAMUDAMUDAMUDA|Ghost\n|move|p1a: MUDAMUDAMUDAMUDA|Tidy Up|p1a: MUDAMUDAMUDAMUDA\n|-sideend|p1: Ribbit Mania|Stealth Rock\n|-activate|p1a: MUDAMUDAMUDAMUDA|move: Tidy Up\n|-boost|p1a: MUDAMUDAMUDAMUDA|atk|1\n|-boost|p1a: MUDAMUDAMUDAMUDA|spe|1\n|move|p2a: Rocodromo|Earthquake|p1a: MUDAMUDAMUDAMUDA\n|-damage|p1a: MUDAMUDAMUDAMUDA|0 fnt\n|faint|p1a: MUDAMUDAMUDAMUDA\n|\n|upkeep\n|\n|t:|1700839838\n|switch|p1a: Miles Prower|Cinccino, M, shiny|100\/100\n|turn|4\n|\n|t:|1700839843\n|move|p1a: Miles Prower|Bullet Seed|p2a: Rocodromo\n|-supereffective|p2a: Rocodromo\n|-damage|p2a: Rocodromo|0 fnt\n|faint|p2a: Rocodromo\n|-hitcount|p2: Rocodromo|1\n|-damage|p1a: Miles Prower|91\/100|[from] item: Life Orb\n|\n|upkeep\n|\n|t:|1700839865\n|switch|p2a: Pollo|Sirfetch\u2019d, M, shiny|100\/100\n|turn|5\n|\n|t:|1700839876\n|move|p1a: Miles Prower|Triple Axel|p2a: Pollo\n|-damage|p2a: Pollo|93\/100\n|-damage|p2a: Pollo|76\/100\n|-damage|p2a: Pollo|52\/100\n|-hitcount|p2a: Pollo|3\n|-damage|p1a: Miles Prower|81\/100|[from] item: Life Orb\n|move|p2a: Pollo|Meteor Assault|p1a: Miles Prower\n|-supereffective|p1a: Miles Prower\n|-crit|p1a: Miles Prower\n|-damage|p1a: Miles Prower|0 fnt\n|-mustrecharge|p2a: Pollo\n|faint|p1a: Miles Prower\n|\n|upkeep\n|\n|t:|1700839881\n|switch|p1a: Euphemism|Cloyster, F|100\/100\n|turn|6\n|\n|t:|1700839892\n|move|p1a: Euphemism|Shell Smash|p1a: Euphemism\n|-unboost|p1a: Euphemism|def|1\n|-unboost|p1a: Euphemism|spd|1\n|-boost|p1a: Euphemism|atk|2\n|-boost|p1a: Euphemism|spa|2\n|-boost|p1a: Euphemism|spe|2\n|cant|p2a: Pollo|recharge\n|\n|upkeep\n|turn|7\n|\n|t:|1700839905\n|move|p1a: Euphemism|Icicle Spear|p2a: Pollo\n|-damage|p2a: Pollo|25\/100\n|-damage|p2a: Pollo|0 fnt\n|faint|p2a: Pollo\n|-hitcount|p2: Pollo|2\n|\n|upkeep\n|\n|t:|1700839912\n|switch|p2a: PokeOld|Electrode-Hisui, shiny|100\/100\n|turn|8\n|\n|t:|1700839921\n|-terastallize|p2a: PokeOld|Electric\n|move|p1a: Euphemism|Shell Smash|p1a: Euphemism\n|-unboost|p1a: Euphemism|def|1\n|-unboost|p1a: Euphemism|spd|1\n|-boost|p1a: Euphemism|atk|2\n|-boost|p1a: Euphemism|spa|2\n|-boost|p1a: Euphemism|spe|2\n|move|p2a: PokeOld|Thunderbolt|p1a: Euphemism\n|-supereffective|p1a: Euphemism\n|-enditem|p1a: Euphemism|Focus Sash\n|-damage|p1a: Euphemism|1\/100\n|\n|upkeep\n|turn|9\n|\n|t:|1700839941\n|move|p1a: Euphemism|Icicle Spear|p2a: PokeOld\n|-damage|p2a: PokeOld|41\/100\n|-damage|p2a: PokeOld|0 fnt\n|faint|p2a: PokeOld\n|-hitcount|p2: PokeOld|2\n|\n|upkeep\n|\n|t:|1700839947\n|switch|p2a: CabraVoladora|Gogoat, F, shiny|100\/100\n|turn|10\n|\n|t:|1700839953\n|move|p1a: Euphemism|Icicle Spear|p2a: CabraVoladora\n|-supereffective|p2a: CabraVoladora\n|-damage|p2a: CabraVoladora|28\/100\n|-supereffective|p2a: CabraVoladora\n|-damage|p2a: CabraVoladora|0 fnt\n|faint|p2a: CabraVoladora\n|-hitcount|p2: CabraVoladora|2\n|\n|upkeep\n|\n|t:|1700839964\n|switch|p2a: Carmen|Bruxish, M, shiny|100\/100\n|turn|11\n|\n|t:|1700839968\n|move|p1a: Euphemism|Icicle Spear|p2a: Carmen\n|-resisted|p2a: Carmen\n|-damage|p2a: Carmen|74\/100\n|-resisted|p2a: Carmen\n|-damage|p2a: Carmen|47\/100\n|-resisted|p2a: Carmen\n|-damage|p2a: Carmen|17\/100\n|-resisted|p2a: Carmen\n|-damage|p2a: Carmen|0 fnt\n|faint|p2a: Carmen\n|-hitcount|p2: Carmen|4\n|\n|upkeep\n|\n|t:|1700839978\n|switch|p2a: Palmas|Camerupt, F, shiny|100\/100\n|turn|12\n|\n|t:|1700839982\n|detailschange|p2a: Palmas|Camerupt-Mega, F, shiny\n|-mega|p2a: Palmas|Camerupt|Cameruptite\n|move|p2a: Palmas|Protect|p2a: Palmas\n|-singleturn|p2a: Palmas|Protect\n|move|p1a: Euphemism|Icicle Spear|p2a: Palmas\n|-activate|p2a: Palmas|move: Protect\n|\n|upkeep\n|turn|13\n|\n|t:|1700839990\n|move|p1a: Euphemism|Icicle Spear|p2a: Palmas\n|-damage|p2a: Palmas|69\/100\n|-damage|p2a: Palmas|32\/100\n|-damage|p2a: Palmas|0 fnt\n|faint|p2a: Palmas\n|-hitcount|p2: Palmas|3\n|\n|win|Ribbit Mania\n|raw|Ribbit Mania's rating: 1082 &rarr; <strong>1107<\/strong><br \/>(+25 for winning)\n|raw|Pepinillo_345's rating: 1042 &rarr; <strong>1028<\/strong><br \/>(-14 for losing)\n|c|\u2606Ribbit Mania|Gg\n|l|\u2606Pepinillo_345\n","uploadtime":1700840137,"views":0,"p1id":"ribbitmania","p2id":"pepinillo345","formatid":"gen9nationaldex","rating":1028,"private":0,"password":""}