{"id":"gen9nationaldex-1998450835","p1":"Onlymanever","p2":"rgsilent3","format":"[Gen 9] National Dex","log":"|html|<div class=\"broadcast-blue\"><strong>[Gen 9] National Dex is currently suspecting Sneasler! For information on how to participate check out the <a href=\"https:\/\/www.smogon.com\/forums\/threads\/sv-national-dex-suspect-8-just-dance.3731534\/\">suspect thread<\/a>.<\/strong><\/div>\n|j|\u203dOnlymanever\n|j|\u2606rgsilent3\n|t:|1700943737\n|gametype|singles\n|player|p1|Onlymanever|lyra|1104\n|player|p2|rgsilent3|266|1088\n|teamsize|p1|6\n|teamsize|p2|6\n|gen|9\n|tier|[Gen 9] National Dex\n|rated|\n|rule|HP Percentage Mod: HP is shown in percentages\n|rule|Endless Battle Clause: Forcing endless battles is banned\n|rule|OHKO Clause: OHKO moves are banned\n|rule|Evasion Clause: Evasion abilities, items, and moves are banned\n|rule|Evasion Abilities Clause: Evasion abilities are banned\n|rule|Evasion Items Clause: Evasion items are banned\n|rule|Evasion Moves Clause: Evasion moves are banned\n|rule|Species Clause: Limit one of each Pok\u00e9mon\n|rule|Sleep Clause Mod: Limit one foe put to sleep\n|clearpoke\n|poke|p1|Raichu, F|\n|poke|p1|Poliwrath, F|\n|poke|p1|Charizard, F|\n|poke|p1|Tauros, M|\n|poke|p1|Machamp, M|\n|poke|p1|Vileplume, M|\n|poke|p2|Gyarados, M|\n|poke|p2|Tyranitar, M|\n|poke|p2|Vaporeon, F|\n|poke|p2|Ditto|\n|poke|p2|Eelektross, F|\n|poke|p2|Camerupt, M|\n|teampreview\n|inactive|Battle timer is ON: inactive players will automatically lose when time's up. (requested by Onlymanever)\n|\n|t:|1700943753\n|start\n|switch|p1a: Poliwrath|Poliwrath, F|100\/100\n|switch|p2a: Camerupt|Camerupt, M, shiny|100\/100\n|-item|p2a: Camerupt|Air Balloon\n|turn|1\n|\n|t:|1700943764\n|switch|p2a: Vaporeon|Vaporeon, F, shiny|100\/100\n|move|p1a: Poliwrath|Liquidation|p2a: Vaporeon\n|-immune|p2a: Vaporeon|[from] ability: Water Absorb\n|\n|upkeep\n|turn|2\n|\n|t:|1700943776\n|move|p1a: Poliwrath|Belly Drum|p1a: Poliwrath\n|-damage|p1a: Poliwrath|51\/100\n|-setboost|p1a: Poliwrath|atk|6|[from] move: Belly Drum\n|move|p2a: Vaporeon|Toxic|p1a: Poliwrath\n|-status|p1a: Poliwrath|tox\n|\n|-heal|p1a: Poliwrath|57\/100 tox|[from] item: Leftovers\n|-damage|p1a: Poliwrath|51\/100 tox|[from] psn\n|upkeep\n|turn|3\n|\n|t:|1700943787\n|move|p1a: Poliwrath|Close Combat|p2a: Vaporeon\n|-damage|p2a: Vaporeon|0 fnt\n|-unboost|p1a: Poliwrath|def|1\n|-unboost|p1a: Poliwrath|spd|1\n|faint|p2a: Vaporeon\n|\n|-heal|p1a: Poliwrath|57\/100 tox|[from] item: Leftovers\n|-damage|p1a: Poliwrath|44\/100 tox|[from] psn\n|upkeep\n|\n|t:|1700943794\n|switch|p2a: Ditto|Ditto, shiny|100\/100\n|-transform|p2a: Ditto|p1a: Poliwrath|[from] ability: Imposter\n|turn|4\n|\n|t:|1700943803\n|move|p2a: Ditto|Close Combat|p1a: Poliwrath\n|-damage|p1a: Poliwrath|0 fnt\n|-unboost|p2a: Ditto|def|1\n|-unboost|p2a: Ditto|spd|1\n|faint|p1a: Poliwrath\n|\n|upkeep\n|\n|t:|1700943810\n|switch|p1a: Raichu|Raichu, F|100\/100\n|turn|5\n|\n|t:|1700943814\n|move|p2a: Ditto|Close Combat|p1a: Raichu\n|-damage|p1a: Raichu|0 fnt\n|-unboost|p2a: Ditto|def|1\n|-unboost|p2a: Ditto|spd|1\n|faint|p1a: Raichu\n|\n|upkeep\n|\n|t:|1700943822\n|switch|p1a: Vileplume|Vileplume, M|100\/100\n|turn|6\n|\n|t:|1700943827\n|switch|p2a: Camerupt|Camerupt, M, shiny|100\/100\n|-item|p2a: Camerupt|Air Balloon\n|move|p1a: Vileplume|Giga Drain|p2a: Camerupt\n|-damage|p2a: Camerupt|61\/100\n|-enditem|p2a: Camerupt|Air Balloon\n|\n|upkeep\n|turn|7\n|\n|t:|1700943851\n|-terastallize|p1a: Vileplume|Electric\n|-terastallize|p2a: Camerupt|Fire\n|move|p1a: Vileplume|Growth|p1a: Vileplume\n|-boost|p1a: Vileplume|atk|1\n|-boost|p1a: Vileplume|spa|1\n|move|p2a: Camerupt|Lava Plume|p1a: Vileplume\n|-damage|p1a: Vileplume|52\/100\n|-status|p1a: Vileplume|brn\n|\n|-heal|p1a: Vileplume|58\/100 brn|[from] item: Leftovers\n|-damage|p1a: Vileplume|52\/100 brn|[from] brn\n|upkeep\n|turn|8\n|\n|t:|1700943866\n|move|p1a: Vileplume|Sludge Bomb|p2a: Camerupt\n|-damage|p2a: Camerupt|0 fnt\n|faint|p2a: Camerupt\n|\n|-heal|p1a: Vileplume|58\/100 brn|[from] item: Leftovers\n|-damage|p1a: Vileplume|52\/100 brn|[from] brn\n|upkeep\n|\n|t:|1700943875\n|switch|p2a: Tyranitar|Tyranitar, M, shiny|100\/100\n|-weather|Sandstorm|[from] ability: Sand Stream|[of] p2a: Tyranitar\n|turn|9\n|\n|t:|1700943880\n|move|p2a: Tyranitar|Earthquake|p1a: Vileplume\n|-supereffective|p1a: Vileplume\n|-damage|p1a: Vileplume|0 fnt\n|faint|p1a: Vileplume\n|\n|-weather|Sandstorm|[upkeep]\n|upkeep\n|\n|t:|1700943888\n|switch|p1a: Machamp|Machamp, M|100\/100\n|turn|10\n|\n|t:|1700943895\n|switch|p2a: Gyarados|Gyarados, M, shiny|100\/100\n|-ability|p2a: Gyarados|Intimidate|boost\n|-unboost|p1a: Machamp|atk|1\n|move|p1a: Machamp|Bulk Up|p1a: Machamp\n|-boost|p1a: Machamp|atk|1\n|-boost|p1a: Machamp|def|1\n|\n|-weather|Sandstorm|[upkeep]\n|-damage|p2a: Gyarados|94\/100|[from] Sandstorm\n|-damage|p1a: Machamp|94\/100|[from] Sandstorm\n|-heal|p1a: Machamp|100\/100|[from] item: Leftovers\n|upkeep\n|turn|11\n|\n|t:|1700943908\n|detailschange|p2a: Gyarados|Gyarados-Mega, M, shiny\n|-mega|p2a: Gyarados|Gyarados|Gyaradosite\n|-ability|p2a: Gyarados|Mold Breaker\n|move|p2a: Gyarados|Taunt|p1a: Machamp\n|-start|p1a: Machamp|move: Taunt\n|cant|p1a: Machamp|move: Taunt|Encore\n|\n|-weather|Sandstorm|[upkeep]\n|-damage|p2a: Gyarados|88\/100|[from] Sandstorm\n|-damage|p1a: Machamp|94\/100|[from] Sandstorm\n|-heal|p1a: Machamp|100\/100|[from] item: Leftovers\n|upkeep\n|turn|12\n|\n|t:|1700943920\n|move|p2a: Gyarados|Waterfall|p1a: Machamp\n|-damage|p1a: Machamp|55\/100\n|cant|p1a: Machamp|flinch\n|\n|-weather|Sandstorm|[upkeep]\n|-damage|p2a: Gyarados|82\/100|[from] Sandstorm\n|-damage|p1a: Machamp|49\/100|[from] Sandstorm\n|-heal|p1a: Machamp|55\/100|[from] item: Leftovers\n|upkeep\n|turn|13\n|\n|t:|1700943930\n|move|p2a: Gyarados|Waterfall|p1a: Machamp\n|-damage|p1a: Machamp|12\/100\n|move|p1a: Machamp|Close Combat|p2a: Gyarados\n|-supereffective|p2a: Gyarados\n|-damage|p2a: Gyarados|0 fnt\n|-unboost|p1a: Machamp|def|1\n|-unboost|p1a: Machamp|spd|1\n|faint|p2a: Gyarados\n|\n|-weather|none\n|-heal|p1a: Machamp|19\/100|[from] item: Leftovers\n|-end|p1a: Machamp|move: Taunt\n|upkeep\n|\n|t:|1700943936\n|switch|p2a: Eelektross|Eelektross, F|100\/100\n|turn|14\n|\n|t:|1700943951\n|move|p1a: Machamp|Close Combat|p2a: Eelektross\n|-crit|p2a: Eelektross\n|-damage|p2a: Eelektross|0 fnt\n|-unboost|p1a: Machamp|def|1\n|-unboost|p1a: Machamp|spd|1\n|faint|p2a: Eelektross\n|\n|-heal|p1a: Machamp|25\/100|[from] item: Leftovers\n|upkeep\n|\n|t:|1700943955\n|switch|p2a: Tyranitar|Tyranitar, M, shiny|100\/100\n|-weather|Sandstorm|[from] ability: Sand Stream|[of] p2a: Tyranitar\n|turn|15\n|\n|t:|1700943968\n|move|p2a: Tyranitar|Crunch|p1a: Machamp\n|-resisted|p1a: Machamp\n|-damage|p1a: Machamp|0 fnt\n|faint|p1a: Machamp\n|\n|-weather|Sandstorm|[upkeep]\n|upkeep\n|\n|t:|1700943977\n|switch|p1a: Tauros|Tauros, M|100\/100\n|turn|16\n|\n|t:|1700943982\n|move|p1a: Tauros|Close Combat|p2a: Tyranitar\n|-supereffective|p2a: Tyranitar\n|-damage|p2a: Tyranitar|0 fnt\n|-unboost|p1a: Tauros|def|1\n|-unboost|p1a: Tauros|spd|1\n|faint|p2a: Tyranitar\n|\n|-weather|Sandstorm|[upkeep]\n|-damage|p1a: Tauros|94\/100|[from] Sandstorm\n|-heal|p1a: Tauros|100\/100|[from] item: Leftovers\n|upkeep\n|\n|t:|1700943985\n|switch|p2a: Ditto|Ditto, shiny|100\/100\n|-transform|p2a: Ditto|p1a: Tauros|[from] ability: Imposter\n|turn|17\n|\n|t:|1700944006\n|move|p2a: Ditto|Close Combat|p1a: Tauros\n|-supereffective|p1a: Tauros\n|-damage|p1a: Tauros|0 fnt\n|-unboost|p2a: Ditto|def|1\n|-unboost|p2a: Ditto|spd|1\n|faint|p1a: Tauros\n|\n|-weather|Sandstorm|[upkeep]\n|-damage|p2a: Ditto|94\/100|[from] Sandstorm\n|upkeep\n|\n|t:|1700944014\n|switch|p1a: Charizard|Charizard, F|100\/100\n|turn|18\n|\n|t:|1700944019\n|move|p2a: Ditto|Close Combat|p1a: Charizard\n|-resisted|p1a: Charizard\n|-damage|p1a: Charizard|75\/100\n|-unboost|p2a: Ditto|def|1\n|-unboost|p2a: Ditto|spd|1\n|move|p1a: Charizard|Fire Blast|p2a: Ditto\n|-damage|p2a: Ditto|0 fnt\n|faint|p2a: Ditto\n|\n|win|Onlymanever\n|raw|Onlymanever's rating: 1104 &rarr; <strong>1128<\/strong><br \/>(+24 for winning)\n|raw|rgsilent3's rating: 1088 &rarr; <strong>1066<\/strong><br \/>(-22 for losing)\n|l|\u2606rgsilent3\n","uploadtime":1700944032,"views":8,"p1id":"onlymanever","p2id":"rgsilent3","formatid":"gen9nationaldex","rating":1066,"private":0,"password":""}