{"id":"gen9nationaldex-1994904695","p1":"AlastorTheOverlord","p2":"RedFRLG2004","format":"[Gen 9] National Dex","log":"|html|<div class=\"broadcast-blue\"><strong>[Gen 9] National Dex is currently suspecting Sneasler! For information on how to participate check out the <a href=\"https:\/\/www.smogon.com\/forums\/threads\/sv-national-dex-suspect-8-just-dance.3731534\/\">suspect thread<\/a>.<\/strong><\/div>\n|j|\u2606AlastorTheOverlord\n|j|\u2606RedFRLG2004\n|t:|1700503373\n|gametype|singles\n|player|p1|AlastorTheOverlord|n|\n|player|p2|RedFRLG2004|red-gen3|\n|teamsize|p1|6\n|teamsize|p2|6\n|gen|9\n|tier|[Gen 9] National Dex\n|rule|HP Percentage Mod: HP is shown in percentages\n|rule|Endless Battle Clause: Forcing endless battles is banned\n|rule|OHKO Clause: OHKO moves are banned\n|rule|Evasion Clause: Evasion abilities, items, and moves are banned\n|rule|Evasion Abilities Clause: Evasion abilities are banned\n|rule|Evasion Items Clause: Evasion items are banned\n|rule|Evasion Moves Clause: Evasion moves are banned\n|rule|Species Clause: Limit one of each Pok\u00e9mon\n|rule|Sleep Clause Mod: Limit one foe put to sleep\n|clearpoke\n|poke|p1|Greninja-*, M|\n|poke|p1|Garchomp, M|\n|poke|p1|Chandelure, M|\n|poke|p1|Azumarill, M|\n|poke|p1|Aegislash, F|\n|poke|p1|Talonflame, M|\n|poke|p2|Infernape, M|\n|poke|p2|Staraptor, M|\n|poke|p2|Luxray, M|\n|poke|p2|Garchomp, M|\n|poke|p2|Roserade, F|\n|poke|p2|Gastrodon, M|\n|teampreview\n|inactive|Battle timer is ON: inactive players will automatically lose when time's up. (requested by AlastorTheOverlord)\n|\n|t:|1700503391\n|start\n|switch|p1a: Talonflame|Talonflame, M|100\/100\n|switch|p2a: Monfire|Infernape, M|100\/100\n|turn|1\n|\n|t:|1700503400\n|move|p2a: Monfire|Fake Out|p1a: Talonflame\n|-crit|p1a: Talonflame\n|-damage|p1a: Talonflame|71\/100\n|cant|p1a: Talonflame|flinch\n|\n|upkeep\n|turn|2\n|\n|t:|1700503404\n|move|p1a: Talonflame|Brave Bird|p2a: Monfire\n|-supereffective|p2a: Monfire\n|-damage|p2a: Monfire|0 fnt\n|faint|p2a: Monfire\n|-damage|p1a: Talonflame|38\/100|[from] Recoil\n|\n|upkeep\n|\n|t:|1700503411\n|switch|p2a: Staraptor|Staraptor, M|100\/100\n|turn|3\n|l|\u2606RedFRLG2004\n|inactive|RedFRLG2004 disconnected and has 300 seconds to reconnect!\n|player|p2|\n|j|\u2606RedFRLG2004\n|inactive|RedFRLG2004 reconnected and has 290 seconds left.\n|player|p2|RedFRLG2004|red-gen3\n|\n|t:|1700503436\n|move|p2a: Staraptor|Brave Bird|p1a: Talonflame\n|-damage|p1a: Talonflame|0 fnt\n|faint|p1a: Talonflame\n|-damage|p2a: Staraptor|89\/100|[from] Recoil\n|\n|upkeep\n|\n|t:|1700503466\n|switch|p1a: Garchomp|Garchomp, M|100\/100\n|turn|4\n|\n|t:|1700503475\n|detailschange|p1a: Garchomp|Garchomp-Mega, M\n|-mega|p1a: Garchomp|Garchomp|Garchompite\n|move|p2a: Staraptor|Brave Bird|p1a: Garchomp\n|-crit|p1a: Garchomp\n|-damage|p1a: Garchomp|4\/100\n|-damage|p2a: Staraptor|52\/100|[from] Recoil\n|move|p1a: Garchomp|Rock Slide|p2a: Staraptor\n|-supereffective|p2a: Staraptor\n|-damage|p2a: Staraptor|0 fnt\n|faint|p2a: Staraptor\n|\n|upkeep\n|\n|t:|1700503484\n|switch|p2a: Garchomp|Garchomp, M|100\/100\n|turn|5\n|\n|t:|1700503493\n|-terastallize|p2a: Garchomp|Steel\n|move|p2a: Garchomp|Swords Dance|p2a: Garchomp\n|-boost|p2a: Garchomp|atk|2\n|move|p1a: Garchomp|Scale Shot|p2a: Garchomp\n|-resisted|p2a: Garchomp\n|-damage|p2a: Garchomp|93\/100\n|-resisted|p2a: Garchomp\n|-damage|p2a: Garchomp|84\/100\n|-resisted|p2a: Garchomp\n|-damage|p2a: Garchomp|76\/100\n|-hitcount|p2a: Garchomp|3\n|-unboost|p1a: Garchomp|def|1\n|-boost|p1a: Garchomp|spe|1\n|\n|upkeep\n|turn|6\n|\n|t:|1700503502\n|move|p1a: Garchomp|Earthquake|p2a: Garchomp\n|-supereffective|p2a: Garchomp\n|-damage|p2a: Garchomp|0 fnt\n|faint|p2a: Garchomp\n|\n|upkeep\n|\n|t:|1700503507\n|switch|p2a: Luxray|Luxray, M|100\/100\n|-ability|p2a: Luxray|Intimidate|boost\n|-unboost|p1a: Garchomp|atk|1\n|turn|7\n|\n|t:|1700503514\n|move|p1a: Garchomp|Earthquake|p2a: Luxray\n|-supereffective|p2a: Luxray\n|-damage|p2a: Luxray|28\/100\n|move|p2a: Luxray|Toxic|p1a: Garchomp\n|-status|p1a: Garchomp|tox\n|\n|-damage|p1a: Garchomp|0 fnt|[from] psn\n|faint|p1a: Garchomp\n|upkeep\n|\n|t:|1700503521\n|switch|p1a: Aegislash|Aegislash, F|100\/100\n|turn|8\n|\n|t:|1700503525\n|move|p2a: Luxray|Wild Charge|p1a: Aegislash\n|-damage|p1a: Aegislash|73\/100\n|-damage|p2a: Luxray|22\/100|[from] Recoil\n|move|p1a: Aegislash|Swords Dance|p1a: Aegislash\n|-boost|p1a: Aegislash|atk|2\n|\n|-heal|p1a: Aegislash|79\/100|[from] item: Leftovers\n|upkeep\n|turn|9\n|\n|t:|1700503530\n|move|p2a: Luxray|Wild Charge|p1a: Aegislash\n|-damage|p1a: Aegislash|52\/100\n|-damage|p2a: Luxray|16\/100|[from] Recoil\n|move|p1a: Aegislash|Swords Dance|p1a: Aegislash\n|-boost|p1a: Aegislash|atk|2\n|\n|-heal|p1a: Aegislash|58\/100|[from] item: Leftovers\n|upkeep\n|turn|10\n|\n|t:|1700503534\n|-formechange|p1a: Aegislash|Aegislash-Blade||[from] ability: Stance Change\n|move|p1a: Aegislash|Shadow Sneak|p2a: Luxray\n|-crit|p2a: Luxray\n|-damage|p2a: Luxray|0 fnt\n|-damage|p1a: Aegislash|42\/100|[from] item: Rocky Helmet|[of] p2a: Luxray\n|faint|p2a: Luxray\n|\n|-heal|p1a: Aegislash|48\/100|[from] item: Leftovers\n|upkeep\n|\n|t:|1700503537\n|switch|p2a: Roserade|Roserade, F|100\/100\n|turn|11\n|inactive|AlastorTheOverlord has 270 seconds left.\n|\n|t:|1700503595\n|move|p2a: Roserade|Hidden Power|p1a: Aegislash\n|-supereffective|p1a: Aegislash\n|-damage|p1a: Aegislash|0 fnt\n|faint|p1a: Aegislash\n|-damage|p2a: Roserade|91\/100|[from] item: Life Orb\n|\n|upkeep\n|\n|t:|1700503600\n|switch|p1a: Chandelure|Chandelure, M|100\/100\n|turn|12\n|\n|t:|1700503604\n|switch|p2a: Gastrodon|Gastrodon, M|100\/100\n|move|p1a: Chandelure|Energy Ball|p2a: Gastrodon\n|-supereffective|p2a: Gastrodon\n|-damage|p2a: Gastrodon|14\/100\n|-unboost|p2a: Gastrodon|spd|1\n|\n|-heal|p2a: Gastrodon|20\/100|[from] item: Leftovers\n|upkeep\n|turn|13\n|\n|t:|1700503613\n|switch|p2a: Roserade|Roserade, F|91\/100\n|move|p1a: Chandelure|Energy Ball|p2a: Roserade\n|-resisted|p2a: Roserade\n|-damage|p2a: Roserade|81\/100\n|\n|upkeep\n|turn|14\n|c|\u2606AlastorTheOverlord|predic\n|\n|t:|1700503626\n|move|p1a: Chandelure|Energy Ball|p2a: Roserade\n|-resisted|p2a: Roserade\n|-crit|p2a: Roserade\n|-damage|p2a: Roserade|64\/100\n|move|p2a: Roserade|Sludge Bomb|p1a: Chandelure\n|-resisted|p1a: Chandelure\n|-damage|p1a: Chandelure|62\/100\n|-status|p1a: Chandelure|psn\n|-damage|p2a: Roserade|54\/100|[from] item: Life Orb\n|\n|-damage|p1a: Chandelure|50\/100 psn|[from] psn\n|upkeep\n|turn|15\n|\n|t:|1700503636\n|switch|p1a: Greninja|Greninja, M|100\/100\n|move|p2a: Roserade|Energy Ball|p1a: Greninja\n|-supereffective|p1a: Greninja\n|-damage|p1a: Greninja|0 fnt\n|faint|p1a: Greninja\n|-damage|p2a: Roserade|44\/100|[from] item: Life Orb\n|\n|upkeep\n|inactive|AlastorTheOverlord has 270 seconds left.\n|\n|t:|1700503642\n|switch|p1a: Chandelure|Chandelure, M|50\/100 psn\n|turn|16\n|\n|t:|1700503653\n|move|p1a: Chandelure|Energy Ball|p2a: Roserade\n|-resisted|p2a: Roserade\n|-damage|p2a: Roserade|33\/100\n|move|p2a: Roserade|Leaf Storm|p1a: Chandelure\n|-resisted|p1a: Chandelure\n|-damage|p1a: Chandelure|0 fnt\n|-unboost|p2a: Roserade|spa|2\n|faint|p1a: Chandelure\n|-damage|p2a: Roserade|23\/100|[from] item: Life Orb\n|\n|upkeep\n|\n|t:|1700503657\n|switch|p1a: Azumarill|Azumarill, M|100\/100\n|turn|17\n|\n|t:|1700503661\n|move|p2a: Roserade|Leaf Storm|p1a: Azumarill\n|-supereffective|p1a: Azumarill\n|-damage|p1a: Azumarill|6\/100\n|-unboost|p2a: Roserade|spa|2\n|-enditem|p1a: Azumarill|Sitrus Berry|[eat]\n|-heal|p1a: Azumarill|30\/100|[from] item: Sitrus Berry\n|-damage|p2a: Roserade|13\/100|[from] item: Life Orb\n|move|p1a: Azumarill|Ice Spinner|p2a: Roserade\n|-supereffective|p2a: Roserade\n|-damage|p2a: Roserade|0 fnt\n|faint|p2a: Roserade\n|\n|upkeep\n|\n|t:|1700503667\n|switch|p2a: Gastrodon|Gastrodon, M|20\/100\n|turn|18\n|\n|t:|1700503672\n|move|p1a: Azumarill|Aqua Jet|p2a: Gastrodon\n|-ability|p2a: Gastrodon|Storm Drain|boost\n|-boost|p2a: Gastrodon|spa|1\n|move|p2a: Gastrodon|Recover|p2a: Gastrodon\n|-heal|p2a: Gastrodon|70\/100\n|\n|-heal|p2a: Gastrodon|76\/100|[from] item: Leftovers\n|upkeep\n|turn|19\n|\n|t:|1700503677\n|move|p1a: Azumarill|Play Rough|p2a: Gastrodon\n|-damage|p2a: Gastrodon|17\/100\n|move|p2a: Gastrodon|Scald|p1a: Azumarill\n|-resisted|p1a: Azumarill\n|-damage|p1a: Azumarill|11\/100\n|\n|-heal|p2a: Gastrodon|23\/100|[from] item: Leftovers\n|upkeep\n|turn|20\n|\n|t:|1700503685\n|move|p1a: Azumarill|Play Rough|p2a: Gastrodon\n|-damage|p2a: Gastrodon|0 fnt\n|faint|p2a: Gastrodon\n|\n|win|AlastorTheOverlord\n|l|\u2606RedFRLG2004\n","uploadtime":1700503691,"views":4,"p1id":"alastortheoverlord","p2id":"redfrlg2004","formatid":"gen9nationaldex","rating":0,"private":0,"password":""}