{"id":"gen9nationaldex-1996320135","p1":"AlastorTheOverlord","p2":"830r","format":"[Gen 9] National Dex","log":"|html|<div class=\"broadcast-blue\"><strong>[Gen 9] National Dex is currently suspecting Sneasler! For information on how to participate check out the <a href=\"https:\/\/www.smogon.com\/forums\/threads\/sv-national-dex-suspect-8-just-dance.3731534\/\">suspect thread<\/a>.<\/strong><\/div>\n|j|\u2606AlastorTheOverlord\n|j|\u2606830r\n|t:|1700670828\n|gametype|singles\n|player|p1|AlastorTheOverlord|n|1188\n|player|p2|830r|veteran|1255\n|teamsize|p1|6\n|teamsize|p2|6\n|gen|9\n|tier|[Gen 9] National Dex\n|rated|\n|rule|HP Percentage Mod: HP is shown in percentages\n|rule|Endless Battle Clause: Forcing endless battles is banned\n|rule|OHKO Clause: OHKO moves are banned\n|rule|Evasion Clause: Evasion abilities, items, and moves are banned\n|rule|Evasion Abilities Clause: Evasion abilities are banned\n|rule|Evasion Items Clause: Evasion items are banned\n|rule|Evasion Moves Clause: Evasion moves are banned\n|rule|Species Clause: Limit one of each Pok\u00e9mon\n|rule|Sleep Clause Mod: Limit one foe put to sleep\n|clearpoke\n|poke|p1|Greninja-*, M|\n|poke|p1|Garchomp, M|\n|poke|p1|Chandelure, M|\n|poke|p1|Azumarill, M|\n|poke|p1|Aegislash, F|\n|poke|p1|Talonflame, M|\n|poke|p2|Celesteela|\n|poke|p2|Toxapex, F|\n|poke|p2|Garganacl, F|\n|poke|p2|Zamazenta-*|\n|poke|p2|Crawdaunt, F|\n|poke|p2|Mew|\n|teampreview\n|inactive|Battle timer is ON: inactive players will automatically lose when time's up. (requested by 830r)\n|inactive|AlastorTheOverlord also wants the timer to be on.\n|inactive|830r has 120 seconds left.\n|\n|t:|1700670861\n|start\n|switch|p1a: Aegislash|Aegislash, F|100\/100\n|switch|p2a: Celesteela|Celesteela|100\/100\n|turn|1\n|\n|t:|1700670867\n|move|p1a: Aegislash|Swords Dance|p1a: Aegislash\n|-boost|p1a: Aegislash|atk|2\n|move|p2a: Celesteela|Substitute|p2a: Celesteela\n|-start|p2a: Celesteela|Substitute\n|-damage|p2a: Celesteela|76\/100\n|\n|-heal|p2a: Celesteela|82\/100|[from] item: Leftovers\n|upkeep\n|turn|2\n|\n|t:|1700670874\n|-formechange|p1a: Aegislash|Aegislash-Blade||[from] ability: Stance Change\n|move|p1a: Aegislash|Shadow Sneak|p2a: Celesteela\n|-end|p2a: Celesteela|Substitute\n|move|p2a: Celesteela|Leech Seed|p1a: Aegislash\n|-start|p1a: Aegislash|move: Leech Seed\n|\n|-heal|p2a: Celesteela|88\/100|[from] item: Leftovers\n|-damage|p1a: Aegislash|88\/100|[from] Leech Seed|[of] p2a: Celesteela\n|-heal|p2a: Celesteela|98\/100|[silent]\n|upkeep\n|turn|3\n|\n|t:|1700670879\n|move|p1a: Aegislash|Swords Dance|p1a: Aegislash\n|-boost|p1a: Aegislash|atk|2\n|move|p2a: Celesteela|Substitute|p2a: Celesteela\n|-start|p2a: Celesteela|Substitute\n|-damage|p2a: Celesteela|73\/100\n|\n|-heal|p1a: Aegislash|94\/100|[from] item: Leftovers\n|-heal|p2a: Celesteela|79\/100|[from] item: Leftovers\n|-damage|p1a: Aegislash|82\/100|[from] Leech Seed|[of] p2a: Celesteela\n|-heal|p2a: Celesteela|89\/100|[silent]\n|upkeep\n|turn|4\n|\n|t:|1700670892\n|move|p1a: Aegislash|Swords Dance|p1a: Aegislash\n|-boost|p1a: Aegislash|atk|2\n|move|p2a: Celesteela|Substitute|p2a: Celesteela\n|-fail|p2a: Celesteela|move: Substitute\n|\n|-heal|p1a: Aegislash|88\/100|[from] item: Leftovers\n|-heal|p2a: Celesteela|95\/100|[from] item: Leftovers\n|-damage|p1a: Aegislash|76\/100|[from] Leech Seed|[of] p2a: Celesteela\n|-heal|p2a: Celesteela|100\/100|[silent]\n|upkeep\n|turn|5\n|\n|t:|1700670896\n|move|p1a: Aegislash|Shadow Sneak|p2a: Celesteela\n|-end|p2a: Celesteela|Substitute\n|move|p2a: Celesteela|Substitute|p2a: Celesteela\n|-start|p2a: Celesteela|Substitute\n|-damage|p2a: Celesteela|76\/100\n|\n|-heal|p1a: Aegislash|82\/100|[from] item: Leftovers\n|-heal|p2a: Celesteela|82\/100|[from] item: Leftovers\n|-damage|p1a: Aegislash|70\/100|[from] Leech Seed|[of] p2a: Celesteela\n|-heal|p2a: Celesteela|92\/100|[silent]\n|upkeep\n|turn|6\n|\n|t:|1700670900\n|move|p1a: Aegislash|Shadow Sneak|p2a: Celesteela\n|-end|p2a: Celesteela|Substitute\n|move|p2a: Celesteela|Substitute|p2a: Celesteela\n|-start|p2a: Celesteela|Substitute\n|-damage|p2a: Celesteela|67\/100\n|\n|-heal|p1a: Aegislash|76\/100|[from] item: Leftovers\n|-heal|p2a: Celesteela|73\/100|[from] item: Leftovers\n|-damage|p1a: Aegislash|63\/100|[from] Leech Seed|[of] p2a: Celesteela\n|-heal|p2a: Celesteela|83\/100|[silent]\n|upkeep\n|turn|7\n|\n|t:|1700670904\n|move|p1a: Aegislash|Iron Head|p2a: Celesteela\n|-resisted|p2a: Celesteela\n|-end|p2a: Celesteela|Substitute\n|move|p2a: Celesteela|Substitute|p2a: Celesteela\n|-start|p2a: Celesteela|Substitute\n|-damage|p2a: Celesteela|58\/100\n|\n|-heal|p1a: Aegislash|70\/100|[from] item: Leftovers\n|-heal|p2a: Celesteela|64\/100|[from] item: Leftovers\n|-damage|p1a: Aegislash|57\/100|[from] Leech Seed|[of] p2a: Celesteela\n|-heal|p2a: Celesteela|74\/100|[silent]\n|upkeep\n|turn|8\n|\n|t:|1700670916\n|move|p1a: Aegislash|Iron Head|p2a: Celesteela\n|-resisted|p2a: Celesteela\n|-end|p2a: Celesteela|Substitute\n|move|p2a: Celesteela|Substitute|p2a: Celesteela\n|-start|p2a: Celesteela|Substitute\n|-damage|p2a: Celesteela|49\/100\n|\n|-heal|p1a: Aegislash|63\/100|[from] item: Leftovers\n|-heal|p2a: Celesteela|55\/100|[from] item: Leftovers\n|-damage|p1a: Aegislash|51\/100|[from] Leech Seed|[of] p2a: Celesteela\n|-heal|p2a: Celesteela|65\/100|[silent]\n|upkeep\n|turn|9\n|\n|t:|1700670928\n|move|p1a: Aegislash|Iron Head|p2a: Celesteela\n|-resisted|p2a: Celesteela\n|-end|p2a: Celesteela|Substitute\n|move|p2a: Celesteela|Substitute|p2a: Celesteela\n|-start|p2a: Celesteela|Substitute\n|-damage|p2a: Celesteela|40\/100\n|\n|-heal|p1a: Aegislash|57\/100|[from] item: Leftovers\n|-heal|p2a: Celesteela|46\/100|[from] item: Leftovers\n|-damage|p1a: Aegislash|45\/100|[from] Leech Seed|[of] p2a: Celesteela\n|-heal|p2a: Celesteela|57\/100|[silent]\n|upkeep\n|turn|10\n|\n|t:|1700670937\n|move|p1a: Aegislash|Sacred Sword|p2a: Celesteela\n|-end|p2a: Celesteela|Substitute\n|move|p2a: Celesteela|Substitute|p2a: Celesteela\n|-start|p2a: Celesteela|Substitute\n|-damage|p2a: Celesteela|32\/100\n|\n|-heal|p1a: Aegislash|51\/100|[from] item: Leftovers\n|-heal|p2a: Celesteela|38\/100|[from] item: Leftovers\n|-damage|p1a: Aegislash|39\/100|[from] Leech Seed|[of] p2a: Celesteela\n|-heal|p2a: Celesteela|48\/100|[silent]\n|upkeep\n|turn|11\n|\n|t:|1700670950\n|move|p1a: Aegislash|Shadow Sneak|p2a: Celesteela\n|-end|p2a: Celesteela|Substitute\n|move|p2a: Celesteela|Substitute|p2a: Celesteela\n|-start|p2a: Celesteela|Substitute\n|-damage|p2a: Celesteela|23\/100\n|\n|-heal|p1a: Aegislash|45\/100|[from] item: Leftovers\n|-heal|p2a: Celesteela|29\/100|[from] item: Leftovers\n|-damage|p1a: Aegislash|32\/100|[from] Leech Seed|[of] p2a: Celesteela\n|-heal|p2a: Celesteela|39\/100|[silent]\n|upkeep\n|turn|12\n|\n|t:|1700670953\n|move|p1a: Aegislash|Shadow Sneak|p2a: Celesteela\n|-end|p2a: Celesteela|Substitute\n|move|p2a: Celesteela|Substitute|p2a: Celesteela\n|-start|p2a: Celesteela|Substitute\n|-damage|p2a: Celesteela|14\/100\n|\n|-heal|p1a: Aegislash|39\/100|[from] item: Leftovers\n|-heal|p2a: Celesteela|20\/100|[from] item: Leftovers\n|-damage|p1a: Aegislash|26\/100|[from] Leech Seed|[of] p2a: Celesteela\n|-heal|p2a: Celesteela|30\/100|[silent]\n|upkeep\n|turn|13\n|\n|t:|1700670956\n|move|p1a: Aegislash|Shadow Sneak|p2a: Celesteela\n|-end|p2a: Celesteela|Substitute\n|move|p2a: Celesteela|Substitute|p2a: Celesteela\n|-start|p2a: Celesteela|Substitute\n|-damage|p2a: Celesteela|5\/100\n|\n|-heal|p1a: Aegislash|32\/100|[from] item: Leftovers\n|-heal|p2a: Celesteela|11\/100|[from] item: Leftovers\n|-damage|p1a: Aegislash|20\/100|[from] Leech Seed|[of] p2a: Celesteela\n|-heal|p2a: Celesteela|21\/100|[silent]\n|upkeep\n|turn|14\n|\n|t:|1700670960\n|move|p1a: Aegislash|Shadow Sneak|p2a: Celesteela\n|-end|p2a: Celesteela|Substitute\n|move|p2a: Celesteela|Heavy Slam|p1a: Aegislash\n|-resisted|p1a: Aegislash\n|-damage|p1a: Aegislash|0 fnt\n|faint|p1a: Aegislash\n|-ability|p2a: Celesteela|Beast Boost|boost\n|-boost|p2a: Celesteela|spd|1\n|\n|-heal|p2a: Celesteela|27\/100|[from] item: Leftovers\n|upkeep\n|\n|t:|1700670972\n|switch|p1a: Talonflame|Talonflame, M|100\/100\n|turn|15\n|\n|t:|1700670977\n|switch|p2a: Toxapex|Toxapex, F, shiny|100\/100\n|move|p1a: Talonflame|Flare Blitz|p2a: Toxapex\n|-resisted|p2a: Toxapex\n|-damage|p2a: Toxapex|86\/100\n|-damage|p1a: Talonflame|95\/100|[from] Recoil\n|\n|-heal|p2a: Toxapex|92\/100|[from] item: Black Sludge\n|upkeep\n|turn|16\n|\n|t:|1700670990\n|move|p1a: Talonflame|Brave Bird|p2a: Toxapex\n|-damage|p2a: Toxapex|58\/100\n|-damage|p1a: Talonflame|84\/100|[from] Recoil\n|move|p2a: Toxapex|Toxic|p1a: Talonflame\n|-status|p1a: Talonflame|tox\n|\n|-heal|p2a: Toxapex|64\/100|[from] item: Black Sludge\n|-damage|p1a: Talonflame|78\/100 tox|[from] psn\n|upkeep\n|turn|17\n|\n|t:|1700670998\n|move|p1a: Talonflame|Defog|p2a: Toxapex\n|-unboost|p2a: Toxapex|evasion|1\n|move|p2a: Toxapex|Infestation|p1a: Talonflame\n|-resisted|p1a: Talonflame\n|-damage|p1a: Talonflame|77\/100 tox\n|-activate|p1a: Talonflame|move: Infestation|[of] p2a: Toxapex\n|\n|-heal|p2a: Toxapex|71\/100|[from] item: Black Sludge\n|-damage|p1a: Talonflame|65\/100 tox|[from] psn\n|-damage|p1a: Talonflame|53\/100 tox|[from] move: Infestation|[partiallytrapped]\n|upkeep\n|turn|18\n|\n|t:|1700671004\n|move|p2a: Toxapex|Baneful Bunker|p2a: Toxapex\n|-singleturn|p2a: Toxapex|move: Protect\n|move|p1a: Talonflame|Brave Bird|p2a: Toxapex\n|-activate|p2a: Toxapex|move: Protect\n|\n|-heal|p2a: Toxapex|77\/100|[from] item: Black Sludge\n|-damage|p1a: Talonflame|34\/100 tox|[from] psn\n|-damage|p1a: Talonflame|22\/100 tox|[from] move: Infestation|[partiallytrapped]\n|upkeep\n|turn|19\n|\n|t:|1700671009\n|move|p1a: Talonflame|Brave Bird|p2a: Toxapex\n|-damage|p2a: Toxapex|45\/100\n|-damage|p1a: Talonflame|11\/100 tox|[from] Recoil\n|move|p2a: Toxapex|Recover|p2a: Toxapex\n|-heal|p2a: Toxapex|95\/100\n|\n|-heal|p2a: Toxapex|100\/100|[from] item: Black Sludge\n|-damage|p1a: Talonflame|0 fnt|[from] psn\n|faint|p1a: Talonflame\n|upkeep\n|\n|t:|1700671022\n|switch|p1a: Greninja|Greninja, M|100\/100\n|turn|20\n|\n|t:|1700671027\n|move|p1a: Greninja|Grass Knot|p2a: Toxapex\n|-start|p1a: Greninja|typechange|Grass|[from] ability: Protean\n|-damage|p2a: Toxapex|85\/100\n|-damage|p1a: Greninja|91\/100|[from] item: Life Orb\n|move|p2a: Toxapex|Toxic|p1a: Greninja\n|-status|p1a: Greninja|tox\n|\n|-heal|p2a: Toxapex|91\/100|[from] item: Black Sludge\n|-damage|p1a: Greninja|85\/100 tox|[from] psn\n|upkeep\n|turn|21\n|\n|t:|1700671036\n|switch|p1a: Garchomp|Garchomp, M|100\/100\n|move|p2a: Toxapex|Infestation|p1a: Garchomp\n|-damage|p1a: Garchomp|97\/100\n|-activate|p1a: Garchomp|move: Infestation|[of] p2a: Toxapex\n|-damage|p2a: Toxapex|78\/100|[from] ability: Rough Skin|[of] p1a: Garchomp\n|\n|-heal|p2a: Toxapex|85\/100|[from] item: Black Sludge\n|-damage|p1a: Garchomp|85\/100|[from] move: Infestation|[partiallytrapped]\n|upkeep\n|turn|22\n|\n|t:|1700671049\n|detailschange|p1a: Garchomp|Garchomp-Mega, M\n|-mega|p1a: Garchomp|Garchomp|Garchompite\n|move|p2a: Toxapex|Baneful Bunker|p2a: Toxapex\n|-singleturn|p2a: Toxapex|move: Protect\n|move|p1a: Garchomp|Swords Dance|p1a: Garchomp\n|-boost|p1a: Garchomp|atk|2\n|\n|-heal|p2a: Toxapex|91\/100|[from] item: Black Sludge\n|-damage|p1a: Garchomp|73\/100|[from] move: Infestation|[partiallytrapped]\n|upkeep\n|turn|23\n|\n|t:|1700671058\n|switch|p2a: Celesteela|Celesteela|27\/100\n|move|p1a: Garchomp|Swords Dance|p1a: Garchomp\n|-boost|p1a: Garchomp|atk|2\n|\n|-heal|p2a: Celesteela|33\/100|[from] item: Leftovers\n|-end|p1a: Garchomp|Infestation|[partiallytrapped]|[silent]\n|upkeep\n|turn|24\n|\n|t:|1700671074\n|move|p1a: Garchomp|Rock Slide|p2a: Celesteela\n|-damage|p2a: Celesteela|0 fnt\n|faint|p2a: Celesteela\n|\n|upkeep\n|\n|t:|1700671085\n|switch|p2a: Garganacl|Garganacl, F|100\/100\n|turn|25\n|\n|t:|1700671102\n|-terastallize|p2a: Garganacl|Ghost\n|move|p1a: Garchomp|Earthquake|p2a: Garganacl\n|-damage|p2a: Garganacl|0 fnt\n|faint|p2a: Garganacl\n|\n|upkeep\n|\n|t:|1700671111\n|switch|p2a: Crawdaunt|Crawdaunt, F|100\/100\n|turn|26\n|\n|t:|1700671118\n|move|p2a: Crawdaunt|Aqua Jet|p1a: Garchomp\n|-damage|p1a: Garchomp|47\/100\n|move|p1a: Garchomp|Earthquake|p2a: Crawdaunt\n|-damage|p2a: Crawdaunt|0 fnt\n|faint|p2a: Crawdaunt\n|\n|upkeep\n|\n|t:|1700671125\n|switch|p2a: Zamazenta|Zamazenta|100\/100\n|-ability|p2a: Zamazenta|Dauntless Shield|boost\n|-boost|p2a: Zamazenta|def|1\n|turn|27\n|\n|t:|1700671130\n|move|p2a: Zamazenta|Body Press|p1a: Garchomp\n|-damage|p1a: Garchomp|4\/100\n|move|p1a: Garchomp|Scale Shot|p2a: Zamazenta\n|-damage|p2a: Zamazenta|77\/100\n|-damage|p2a: Zamazenta|53\/100\n|-damage|p2a: Zamazenta|32\/100\n|-crit|p2a: Zamazenta\n|-damage|p2a: Zamazenta|0 fnt\n|faint|p2a: Zamazenta\n|-hitcount|p2: Zamazenta|4\n|-unboost|p1a: Garchomp|def|1\n|-boost|p1a: Garchomp|spe|1\n|\n|upkeep\n|\n|t:|1700671134\n|switch|p2a: Mew|Mew, shiny|100\/100\n|turn|28\n|\n|t:|1700671144\n|move|p1a: Garchomp|Scale Shot|p2a: Mew\n|-damage|p2a: Mew|63\/100\n|-damage|p2a: Mew|28\/100\n|-hitcount|p2a: Mew|2\n|-unboost|p1a: Garchomp|def|1\n|-boost|p1a: Garchomp|spe|1\n|move|p2a: Mew|Stored Power|p1a: Garchomp\n|-damage|p1a: Garchomp|0 fnt\n|faint|p1a: Garchomp\n|\n|-heal|p2a: Mew|35\/100|[from] item: Leftovers\n|upkeep\n|\n|t:|1700671153\n|switch|p1a: Chandelure|Chandelure, M|100\/100\n|turn|29\n|\n|t:|1700671157\n|move|p1a: Chandelure|Shadow Ball|p2a: Mew\n|-supereffective|p2a: Mew\n|-crit|p2a: Mew\n|-damage|p2a: Mew|0 fnt\n|faint|p2a: Mew\n|\n|upkeep\n|\n|t:|1700671159\n|switch|p2a: Toxapex|Toxapex, F, shiny|100\/100\n|turn|30\n|\n|t:|1700671163\n|move|p1a: Chandelure|Shadow Ball|p2a: Toxapex\n|-damage|p2a: Toxapex|71\/100\n|move|p2a: Toxapex|Toxic|p1a: Chandelure\n|-status|p1a: Chandelure|tox\n|\n|-heal|p2a: Toxapex|77\/100|[from] item: Black Sludge\n|-damage|p1a: Chandelure|94\/100 tox|[from] psn\n|upkeep\n|turn|31\n|\n|t:|1700671166\n|move|p1a: Chandelure|Shadow Ball|p2a: Toxapex\n|-damage|p2a: Toxapex|45\/100\n|move|p2a: Toxapex|Infestation|p1a: Chandelure\n|-resisted|p1a: Chandelure\n|-damage|p1a: Chandelure|93\/100 tox\n|-activate|p1a: Chandelure|move: Infestation|[of] p2a: Toxapex\n|\n|-heal|p2a: Toxapex|51\/100|[from] item: Black Sludge\n|-damage|p1a: Chandelure|81\/100 tox|[from] psn\n|-damage|p1a: Chandelure|69\/100 tox|[from] move: Infestation|[partiallytrapped]\n|upkeep\n|turn|32\n|\n|t:|1700671169\n|move|p2a: Toxapex|Baneful Bunker|p2a: Toxapex\n|-singleturn|p2a: Toxapex|move: Protect\n|move|p1a: Chandelure|Shadow Ball|p2a: Toxapex\n|-activate|p2a: Toxapex|move: Protect\n|\n|-heal|p2a: Toxapex|58\/100|[from] item: Black Sludge\n|-damage|p1a: Chandelure|50\/100 tox|[from] psn\n|-damage|p1a: Chandelure|38\/100 tox|[from] move: Infestation|[partiallytrapped]\n|upkeep\n|turn|33\n|\n|t:|1700671172\n|move|p1a: Chandelure|Shadow Ball|p2a: Toxapex\n|-damage|p2a: Toxapex|24\/100\n|move|p2a: Toxapex|Recover|p2a: Toxapex\n|-heal|p2a: Toxapex|74\/100\n|\n|-heal|p2a: Toxapex|80\/100|[from] item: Black Sludge\n|-damage|p1a: Chandelure|14\/100 tox|[from] psn\n|-damage|p1a: Chandelure|2\/100 tox|[from] move: Infestation|[partiallytrapped]\n|upkeep\n|turn|34\n|\n|t:|1700671177\n|switch|p1a: Greninja|Greninja, M|85\/100 tox\n|move|p2a: Toxapex|Baneful Bunker||[still]\n|-fail|p2a: Toxapex\n|\n|-heal|p2a: Toxapex|87\/100|[from] item: Black Sludge\n|-damage|p1a: Greninja|79\/100 tox|[from] psn\n|upkeep\n|turn|35\n|\n|t:|1700671182\n|move|p1a: Greninja|Surf|p2a: Toxapex\n|-start|p1a: Greninja|typechange|Water|[from] ability: Protean\n|-resisted|p2a: Toxapex\n|-damage|p2a: Toxapex|68\/100\n|-damage|p1a: Greninja|69\/100 tox|[from] item: Life Orb\n|move|p2a: Toxapex|Infestation|p1a: Greninja\n|-damage|p1a: Greninja|64\/100 tox\n|-activate|p1a: Greninja|move: Infestation|[of] p2a: Toxapex\n|\n|-heal|p2a: Toxapex|75\/100|[from] item: Black Sludge\n|-damage|p1a: Greninja|52\/100 tox|[from] psn\n|-damage|p1a: Greninja|40\/100 tox|[from] move: Infestation|[partiallytrapped]\n|upkeep\n|turn|36\n|\n|t:|1700671190\n|move|p2a: Toxapex|Baneful Bunker|p2a: Toxapex\n|-singleturn|p2a: Toxapex|move: Protect\n|move|p1a: Greninja|Dark Pulse|p2a: Toxapex\n|-activate|p2a: Toxapex|move: Protect\n|\n|-heal|p2a: Toxapex|81\/100|[from] item: Black Sludge\n|-damage|p1a: Greninja|22\/100 tox|[from] psn\n|-damage|p1a: Greninja|10\/100 tox|[from] move: Infestation|[partiallytrapped]\n|upkeep\n|turn|37\n|\n|t:|1700671196\n|move|p1a: Greninja|Dark Pulse|p2a: Toxapex\n|-damage|p2a: Toxapex|59\/100\n|-damage|p1a: Greninja|0 fnt|[from] item: Life Orb\n|faint|p1a: Greninja\n|move|p2a: Toxapex|Recover|p2a: Toxapex\n|-heal|p2a: Toxapex|100\/100\n|\n|upkeep\n|\n|t:|1700671203\n|switch|p1a: Chandelure|Chandelure, M|2\/100 tox\n|turn|38\n|\n|t:|1700671214\n|move|p2a: Toxapex|Baneful Bunker|p2a: Toxapex\n|-singleturn|p2a: Toxapex|move: Protect\n|move|p1a: Chandelure|Trick|p2a: Toxapex\n|-activate|p2a: Toxapex|move: Protect\n|\n|-damage|p1a: Chandelure|0 fnt|[from] psn\n|faint|p1a: Chandelure\n|upkeep\n|\n|t:|1700671223\n|switch|p1a: Azumarill|Azumarill, M|100\/100\n|turn|39\n|\n|t:|1700671226\n|move|p1a: Azumarill|Belly Drum|p1a: Azumarill\n|-damage|p1a: Azumarill|51\/100\n|-setboost|p1a: Azumarill|atk|6|[from] move: Belly Drum\n|move|p2a: Toxapex|Toxic|p1a: Azumarill\n|-status|p1a: Azumarill|tox\n|\n|-damage|p1a: Azumarill|45\/100 tox|[from] psn\n|upkeep\n|-enditem|p1a: Azumarill|Sitrus Berry|[eat]\n|-heal|p1a: Azumarill|70\/100 tox|[from] item: Sitrus Berry\n|turn|40\n|\n|t:|1700671231\n|move|p1a: Azumarill|Aqua Jet|p2a: Toxapex\n|-resisted|p2a: Toxapex\n|-damage|p2a: Toxapex|66\/100\n|move|p2a: Toxapex|Infestation|p1a: Azumarill\n|-resisted|p1a: Azumarill\n|-damage|p1a: Azumarill|68\/100 tox\n|-activate|p1a: Azumarill|move: Infestation|[of] p2a: Toxapex\n|\n|-heal|p2a: Toxapex|72\/100|[from] item: Black Sludge\n|-damage|p1a: Azumarill|56\/100 tox|[from] psn\n|-damage|p1a: Azumarill|44\/100 tox|[from] move: Infestation|[partiallytrapped]\n|upkeep\n|turn|41\n|\n|t:|1700671235\n|move|p2a: Toxapex|Baneful Bunker|p2a: Toxapex\n|-singleturn|p2a: Toxapex|move: Protect\n|move|p1a: Azumarill|Aqua Jet|p2a: Toxapex\n|-activate|p2a: Toxapex|move: Protect\n|\n|-heal|p2a: Toxapex|78\/100|[from] item: Black Sludge\n|-damage|p1a: Azumarill|26\/100 tox|[from] psn\n|-damage|p1a: Azumarill|13\/100 tox|[from] move: Infestation|[partiallytrapped]\n|upkeep\n|turn|42\n|\n|t:|1700671247\n|move|p2a: Toxapex|Baneful Bunker||[still]\n|-fail|p2a: Toxapex\n|move|p1a: Azumarill|Play Rough|p2a: Toxapex\n|-resisted|p2a: Toxapex\n|-damage|p2a: Toxapex|0 fnt\n|faint|p2a: Toxapex\n|\n|win|AlastorTheOverlord\n|raw|AlastorTheOverlord's rating: 1188 &rarr; <strong>1218<\/strong><br \/>(+30 for winning)\n|raw|830r's rating: 1255 &rarr; <strong>1225<\/strong><br \/>(-30 for losing)\n|j| Ammarkillomar\n|c|\u2606830r|Noooo\n|c|\u2606830r|gg\n|c|\u2606AlastorTheOverlord|gg\n|c|\u2606AlastorTheOverlord|good bye\n|c|\u2606830r|Sya\n|l|\u2606830r\n|c|\u2606AlastorTheOverlord|ty for the battle\n","uploadtime":1700671253,"views":0,"p1id":"alastortheoverlord","p2id":"830r","formatid":"gen9nationaldex","rating":1218,"private":0,"password":""}