{"id":"gen9nationaldex-1993864692","p1":"baigu2","p2":"zizhuzhaosheng","format":"[Gen 9] National Dex","log":"|j|\u2606baigu2\n|j|\u2606zizhuzhaosheng\n|t:|1700367063\n|gametype|singles\n|player|p1|baigu2|dawn|1727\n|player|p2|zizhuzhaosheng|archer|1683\n|teamsize|p1|6\n|teamsize|p2|6\n|gen|9\n|tier|[Gen 9] National Dex\n|rated|\n|rule|HP Percentage Mod: HP is shown in percentages\n|rule|Endless Battle Clause: Forcing endless battles is banned\n|rule|OHKO Clause: OHKO moves are banned\n|rule|Evasion Clause: Evasion abilities, items, and moves are banned\n|rule|Evasion Abilities Clause: Evasion abilities are banned\n|rule|Evasion Items Clause: Evasion items are banned\n|rule|Evasion Moves Clause: Evasion moves are banned\n|rule|Species Clause: Limit one of each Pok\u00e9mon\n|rule|Sleep Clause Mod: Limit one foe put to sleep\n|clearpoke\n|poke|p1|Ursaluna, F|\n|poke|p1|Dragonite, F|\n|poke|p1|Slowking, M|\n|poke|p1|Tapu Koko|\n|poke|p1|Hoopa-Unbound|\n|poke|p1|Great Tusk|\n|poke|p2|Latias, F|\n|poke|p2|Urshifu-*, M|\n|poke|p2|Heatran, F|\n|poke|p2|Landorus-Therian, M|\n|poke|p2|Iron Valiant|\n|poke|p2|Tapu Koko|\n|teampreview\n|inactive|Battle timer is ON: inactive players will automatically lose when time's up. (requested by zizhuzhaosheng)\n|\n|t:|1700367080\n|start\n|switch|p1a: Great Tusk|Great Tusk|100\/100\n|switch|p2a: Urshifu|Urshifu-Rapid-Strike, M|100\/100\n|turn|1\n|\n|t:|1700367085\n|-end|p1a: Great Tusk|Protosynthesis|[silent]\n|switch|p1a: Dragonite|Dragonite, F|100\/100\n|move|p2a: Urshifu|U-turn|p1a: Dragonite\n|-resisted|p1a: Dragonite\n|-damage|p1a: Dragonite|95\/100\n|\n|t:|1700367096\n|switch|p2a: Iron Valiant|Iron Valiant|100\/100|[from] U-turn\n|\n|upkeep\n|turn|2\n|\n|t:|1700367101\n|-terastallize|p1a: Dragonite|Normal\n|move|p1a: Dragonite|Extreme Speed|p2a: Iron Valiant\n|-damage|p2a: Iron Valiant|16\/100\n|move|p2a: Iron Valiant|Moonblast|p1a: Dragonite\n|-damage|p1a: Dragonite|45\/100\n|-damage|p2a: Iron Valiant|6\/100|[from] item: Life Orb\n|\n|upkeep\n|turn|3\n|\n|t:|1700367110\n|-end|p2a: Iron Valiant|Quark Drive|[silent]\n|switch|p2a: Heatran|Heatran, F|100\/100\n|move|p1a: Dragonite|Extreme Speed|p2a: Heatran\n|-resisted|p2a: Heatran\n|-damage|p2a: Heatran|69\/100\n|\n|-heal|p2a: Heatran|75\/100|[from] item: Leftovers\n|upkeep\n|turn|4\n|\n|t:|1700367117\n|switch|p1a: Great Tusk|Great Tusk|100\/100\n|move|p2a: Heatran|Magma Storm|p1a: Great Tusk\n|-damage|p1a: Great Tusk|44\/100\n|-activate|p1a: Great Tusk|move: Magma Storm|[of] p2a: Heatran\n|\n|-heal|p2a: Heatran|81\/100|[from] item: Leftovers\n|-damage|p1a: Great Tusk|31\/100|[from] move: Magma Storm|[partiallytrapped]\n|upkeep\n|turn|5\n|\n|t:|1700367123\n|switch|p2a: Latias|Latias, F|100\/100\n|move|p1a: Great Tusk|Stealth Rock|p2a: Latias\n|-sidestart|p2: zizhuzhaosheng|move: Stealth Rock\n|\n|-end|p1a: Great Tusk|Magma Storm|[partiallytrapped]|[silent]\n|upkeep\n|turn|6\n|\n|t:|1700367128\n|-end|p1a: Great Tusk|Protosynthesis|[silent]\n|switch|p1a: Slowking|Slowking, M|100\/100\n|detailschange|p2a: Latias|Latias-Mega, F\n|-mega|p2a: Latias|Latias|Latiasite\n|move|p2a: Latias|Psychic|p1a: Slowking\n|-resisted|p1a: Slowking\n|-damage|p1a: Slowking|85\/100\n|\n|upkeep\n|turn|7\n|j| xuxiansheng\n|\n|t:|1700367130\n|switch|p2a: Landorus|Landorus-Therian, M|100\/100\n|-damage|p2a: Landorus|88\/100|[from] Stealth Rock\n|-ability|p2a: Landorus|Intimidate|boost\n|-unboost|p1a: Slowking|atk|1\n|move|p1a: Slowking|Trick Room|p1a: Slowking\n|-fieldstart|move: Trick Room|[of] p1a: Slowking\n|\n|upkeep\n|turn|8\n|\n|t:|1700367135\n|move|p2a: Landorus|Defog|p1a: Slowking\n|-unboost|p1a: Slowking|evasion|1\n|-sideend|p2: zizhuzhaosheng|Stealth Rock|[from] move: Defog|[of] p2a: Landorus\n|move|p1a: Slowking|Teleport|p1a: Slowking\n|\n|t:|1700367138\n|switch|p1a: Ursaluna|Ursaluna, F|100\/100|[from] Teleport\n|\n|-status|p1a: Ursaluna|brn|[from] item: Flame Orb\n|upkeep\n|turn|9\n|\n|t:|1700367144\n|switch|p2a: Heatran|Heatran, F|81\/100\n|move|p1a: Ursaluna|Facade|p2a: Heatran\n|-resisted|p2a: Heatran\n|-damage|p2a: Heatran|25\/100\n|\n|-heal|p2a: Heatran|31\/100|[from] item: Leftovers\n|-damage|p1a: Ursaluna|94\/100 brn|[from] brn\n|upkeep\n|turn|10\n|\n|t:|1700367146\n|switch|p2a: Landorus|Landorus-Therian, M|88\/100\n|-ability|p2a: Landorus|Intimidate|boost\n|-unboost|p1a: Ursaluna|atk|1\n|move|p1a: Ursaluna|Facade|p2a: Landorus\n|-damage|p2a: Landorus|28\/100\n|-damage|p1a: Ursaluna|78\/100 brn|[from] item: Rocky Helmet|[of] p2a: Landorus\n|\n|-damage|p1a: Ursaluna|71\/100 brn|[from] brn\n|upkeep\n|turn|11\n|\n|t:|1700367149\n|move|p1a: Ursaluna|Facade|p2a: Landorus\n|-damage|p2a: Landorus|0 fnt\n|-damage|p1a: Ursaluna|55\/100 brn|[from] item: Rocky Helmet|[of] p2a: Landorus\n|faint|p2a: Landorus\n|\n|-damage|p1a: Ursaluna|49\/100 brn|[from] brn\n|-fieldend|move: Trick Room\n|upkeep\n|\n|t:|1700367159\n|switch|p2a: Iron Valiant|Iron Valiant|6\/100\n|turn|12\n|\n|t:|1700367162\n|switch|p1a: Slowking|Slowking, M|100\/100\n|move|p2a: Iron Valiant|Thunderbolt|p1a: Slowking\n|-supereffective|p1a: Slowking\n|-damage|p1a: Slowking|56\/100\n|-damage|p2a: Iron Valiant|0 fnt|[from] item: Life Orb\n|faint|p2a: Iron Valiant\n|-end|p2a: Iron Valiant|Quark Drive|[silent]\n|\n|upkeep\n|\n|t:|1700367166\n|switch|p2a: Tapu Koko|Tapu Koko|100\/100\n|-fieldstart|move: Electric Terrain|[from] ability: Electric Surge|[of] p2a: Tapu Koko\n|turn|13\n|\n|t:|1700367171\n|switch|p1a: Tapu Koko|Tapu Koko|100\/100\n|move|p2a: Tapu Koko|Thunderbolt|p1a: Tapu Koko\n|-resisted|p1a: Tapu Koko\n|-damage|p1a: Tapu Koko|63\/100\n|\n|upkeep\n|turn|14\n|\n|t:|1700367175\n|move|p1a: Tapu Koko|Volt Switch|p2a: Tapu Koko\n|-resisted|p2a: Tapu Koko\n|-damage|p2a: Tapu Koko|58\/100\n|\n|t:|1700367181\n|switch|p1a: Great Tusk|Great Tusk|31\/100|[from] Volt Switch\n|-zpower|p2a: Tapu Koko\n|move|p2a: Tapu Koko|Gigavolt Havoc|p1a: Great Tusk|[zeffect]\n|-immune|p1a: Great Tusk\n|\n|upkeep\n|turn|15\n|\n|t:|1700367185\n|move|p2a: Tapu Koko|Dazzling Gleam|p1a: Great Tusk\n|-supereffective|p1a: Great Tusk\n|-damage|p1a: Great Tusk|0 fnt\n|faint|p1a: Great Tusk\n|-end|p1a: Great Tusk|Protosynthesis|[silent]\n|\n|upkeep\n|\n|t:|1700367194\n|switch|p1a: Dragonite|Dragonite, F, tera:Normal|45\/100\n|turn|16\n|\n|t:|1700367200\n|switch|p2a: Heatran|Heatran, F|31\/100\n|move|p1a: Dragonite|Extreme Speed|p2a: Heatran\n|-resisted|p2a: Heatran\n|-damage|p2a: Heatran|0 fnt\n|faint|p2a: Heatran\n|\n|upkeep\n|\n|t:|1700367202\n|switch|p2a: Urshifu|Urshifu-Rapid-Strike, M|100\/100\n|turn|17\n|\n|t:|1700367210\n|switch|p1a: Hoopa|Hoopa-Unbound|100\/100\n|move|p2a: Urshifu|Close Combat|p1a: Hoopa\n|-damage|p1a: Hoopa|0 fnt\n|-unboost|p2a: Urshifu|def|1\n|-unboost|p2a: Urshifu|spd|1\n|faint|p1a: Hoopa\n|\n|-fieldend|move: Electric Terrain\n|upkeep\n|\n|t:|1700367212\n|switch|p1a: Slowking|Slowking, M|90\/100\n|turn|18\n|\n|t:|1700367215\n|switch|p2a: Tapu Koko|Tapu Koko|58\/100\n|-fieldstart|move: Electric Terrain|[from] ability: Electric Surge|[of] p2a: Tapu Koko\n|move|p1a: Slowking|Trick Room|p1a: Slowking\n|-fieldstart|move: Trick Room|[of] p1a: Slowking\n|\n|upkeep\n|turn|19\n|\n|t:|1700367220\n|move|p2a: Tapu Koko|Volt Switch|p1a: Slowking\n|-supereffective|p1a: Slowking\n|-damage|p1a: Slowking|46\/100\n|\n|t:|1700367224\n|switch|p2a: Latias|Latias-Mega, F|100\/100|[from] Volt Switch\n|move|p1a: Slowking|Teleport|p1a: Slowking\n|\n|t:|1700367226\n|switch|p1a: Ursaluna|Ursaluna, F|49\/100 brn|[from] Teleport\n|\n|-damage|p1a: Ursaluna|42\/100 brn|[from] brn\n|upkeep\n|turn|20\n|\n|t:|1700367229\n|move|p1a: Ursaluna|Facade|p2a: Latias\n|-damage|p2a: Latias|0 fnt\n|faint|p2a: Latias\n|\n|-damage|p1a: Ursaluna|36\/100 brn|[from] brn\n|upkeep\n|\n|t:|1700367232\n|switch|p2a: Urshifu|Urshifu-Rapid-Strike, M|100\/100\n|turn|21\n|\n|t:|1700367234\n|-terastallize|p2a: Urshifu|Water\n|move|p1a: Ursaluna|Facade|p2a: Urshifu\n|-damage|p2a: Urshifu|0 fnt\n|faint|p2a: Urshifu\n|\n|-damage|p1a: Ursaluna|30\/100 brn|[from] brn\n|upkeep\n|\n|t:|1700367238\n|switch|p2a: Tapu Koko|Tapu Koko|58\/100\n|turn|22\n|\n|t:|1700367240\n|move|p1a: Ursaluna|Facade|p2a: Tapu Koko\n|-damage|p2a: Tapu Koko|0 fnt\n|faint|p2a: Tapu Koko\n|\n|win|baigu2\n|raw|baigu2's rating: 1727 &rarr; <strong>1744<\/strong><br \/>(+17 for winning)\n|raw|zizhuzhaosheng's rating: 1683 &rarr; <strong>1666<\/strong><br \/>(-17 for losing)\n","uploadtime":1700367243,"views":7,"p1id":"baigu2","p2id":"zizhuzhaosheng","formatid":"gen9nationaldex","rating":1666,"private":0,"password":""}