{"id":"gen9nationaldex-1992984180","p1":"hackilla15","p2":"The Critical God","format":"[Gen 9] National Dex","log":"|j|\u2606hackilla15\n|j|\u203dThe Critical God\n|t:|1700252712\n|gametype|singles\n|player|p1|hackilla15|ethan|1291\n|player|p2|The Critical God|101|1204\n|teamsize|p1|6\n|teamsize|p2|6\n|gen|9\n|tier|[Gen 9] National Dex\n|rated|\n|rule|HP Percentage Mod: HP is shown in percentages\n|rule|Endless Battle Clause: Forcing endless battles is banned\n|rule|OHKO Clause: OHKO moves are banned\n|rule|Evasion Clause: Evasion abilities, items, and moves are banned\n|rule|Evasion Abilities Clause: Evasion abilities are banned\n|rule|Evasion Items Clause: Evasion items are banned\n|rule|Evasion Moves Clause: Evasion moves are banned\n|rule|Species Clause: Limit one of each Pok\u00e9mon\n|rule|Sleep Clause Mod: Limit one foe put to sleep\n|clearpoke\n|poke|p1|Zoroark-Hisui, F|\n|poke|p1|Venusaur, F|\n|poke|p1|Ceruledge, M|\n|poke|p1|Muk-Alola, F|\n|poke|p1|Corviknight, M|\n|poke|p1|Dragonite, M|\n|poke|p2|Volcarona, F|\n|poke|p2|Rillaboom, F|\n|poke|p2|Corviknight, M|\n|poke|p2|Gliscor, M|\n|poke|p2|Garganacl, M|\n|poke|p2|Weezing-Galar, M|\n|teampreview\n|inactive|Battle timer is ON: inactive players will automatically lose when time's up. (requested by hackilla15)\n|\n|t:|1700252727\n|start\n|switch|p1a: Moody Edge|Ceruledge, M, shiny|100\/100\n|switch|p2a: Weezing|Weezing-Galar, M|100\/100\n|turn|1\n|\n|t:|1700252736\n|switch|p2a: Garganacl|Garganacl, M|100\/100\n|move|p1a: Moody Edge|Swords Dance|p1a: Moody Edge\n|-boost|p1a: Moody Edge|atk|2\n|\n|upkeep\n|turn|2\n|\n|t:|1700252739\n|move|p1a: Moody Edge|Close Combat|p2a: Garganacl\n|-supereffective|p2a: Garganacl\n|-damage|p2a: Garganacl|0 fnt\n|-unboost|p1a: Moody Edge|def|1\n|-unboost|p1a: Moody Edge|spd|1\n|faint|p2a: Garganacl\n|\n|upkeep\n|\n|t:|1700252747\n|switch|p2a: Gliscor|Gliscor, M|100\/100\n|turn|3\n|\n|t:|1700252750\n|switch|p1a: Lancelot|Corviknight, M, shiny|100\/100\n|move|p2a: Gliscor|Earthquake|p1a: Lancelot\n|-immune|p1a: Lancelot\n|\n|-status|p2a: Gliscor|tox|[from] item: Toxic Orb\n|upkeep\n|turn|4\n|\n|t:|1700252779\n|switch|p2a: Weezing|Weezing-Galar, M|100\/100\n|move|p1a: Lancelot|Reflect|p1a: Lancelot\n|-sidestart|p1: hackilla15|Reflect\n|\n|upkeep\n|turn|5\n|inactive|hackilla15 has 120 seconds left.\n|\n|t:|1700252811\n|move|p1a: Lancelot|Light Screen|p1a: Lancelot\n|-sidestart|p1: hackilla15|move: Light Screen\n|move|p2a: Weezing|Flamethrower|p1a: Lancelot\n|-supereffective|p1a: Lancelot\n|-damage|p1a: Lancelot|79\/100\n|\n|upkeep\n|turn|6\n|\n|t:|1700252821\n|move|p1a: Lancelot|Iron Head|p2a: Weezing\n|-supereffective|p2a: Weezing\n|-damage|p2a: Weezing|60\/100\n|move|p2a: Weezing|Toxic Spikes|p1a: Lancelot\n|-sidestart|p1: hackilla15|move: Toxic Spikes\n|\n|-heal|p2a: Weezing|66\/100|[from] item: Leftovers\n|upkeep\n|turn|7\n|\n|t:|1700252833\n|switch|p2a: Volcarona|Volcarona, F|100\/100\n|move|p1a: Lancelot|Iron Head|p2a: Volcarona\n|-resisted|p2a: Volcarona\n|-damage|p2a: Volcarona|81\/100\n|\n|upkeep\n|turn|8\n|\n|t:|1700252837\n|switch|p1a: BIG BERTHA|Muk-Alola, F|100\/100\n|-sideend|p1: hackilla15|move: Toxic Spikes|[of] p1a: BIG BERTHA\n|move|p2a: Volcarona|Quiver Dance|p2a: Volcarona\n|-boost|p2a: Volcarona|spa|1\n|-boost|p2a: Volcarona|spd|1\n|-boost|p2a: Volcarona|spe|1\n|\n|upkeep\n|turn|9\n|\n|t:|1700252841\n|move|p2a: Volcarona|Fiery Dance|p1a: BIG BERTHA\n|-damage|p1a: BIG BERTHA|73\/100\n|move|p1a: BIG BERTHA|Haze|p1a: BIG BERTHA\n|-clearallboost\n|\n|upkeep\n|turn|10\n|\n|t:|1700252847\n|switch|p2a: Weezing|Weezing-Galar, M|66\/100\n|move|p1a: BIG BERTHA|Knock Off|p2a: Weezing\n|-resisted|p2a: Weezing\n|-crit|p2a: Weezing\n|-damage|p2a: Weezing|38\/100\n|-enditem|p2a: Weezing|Leftovers|[from] move: Knock Off|[of] p1a: BIG BERTHA\n|\n|upkeep\n|turn|11\n|\n|t:|1700252862\n|move|p2a: Weezing|Strange Steam|p1a: BIG BERTHA|[miss]\n|-miss|p2a: Weezing|p1a: BIG BERTHA\n|move|p1a: BIG BERTHA|Poison Jab|p2a: Weezing\n|-damage|p2a: Weezing|3\/100\n|\n|-sideend|p1: hackilla15|Reflect\n|upkeep\n|turn|12\n|-message|The Critical God forfeited.\n|\n|win|hackilla15\n|raw|hackilla15's rating: 1291 &rarr; <strong>1310<\/strong><br \/>(+19 for winning)\n|raw|The Critical God's rating: 1204 &rarr; <strong>1185<\/strong><br \/>(-19 for losing)\n|l|\u203dThe Critical God\n|c|\u2606hackilla15|Bites\n","uploadtime":1700252883,"views":6,"p1id":"hackilla15","p2id":"thecriticalgod","formatid":"gen9nationaldex","rating":1185,"private":0,"password":""}