{"id":"gen9nationaldex-1997762430","p1":"Jack the Ripper21","p2":"Will55555","format":"[Gen 9] National Dex","log":"|html|<div class=\"broadcast-blue\"><strong>[Gen 9] National Dex is currently suspecting Sneasler! For information on how to participate check out the <a href=\"https:\/\/www.smogon.com\/forums\/threads\/sv-national-dex-suspect-8-just-dance.3731534\/\">suspect thread<\/a>.<\/strong><\/div>\n|j|\u2606Jack the Ripper21\n|j|\u2606Will55555\n|t:|1700849972\n|gametype|singles\n|player|p1|Jack the Ripper21|gentleman-gen4dp|\n|player|p2|Will55555|169|\n|teamsize|p1|6\n|teamsize|p2|6\n|gen|9\n|tier|[Gen 9] National Dex\n|rule|HP Percentage Mod: HP is shown in percentages\n|rule|Endless Battle Clause: Forcing endless battles is banned\n|rule|OHKO Clause: OHKO moves are banned\n|rule|Evasion Clause: Evasion abilities, items, and moves are banned\n|rule|Evasion Abilities Clause: Evasion abilities are banned\n|rule|Evasion Items Clause: Evasion items are banned\n|rule|Evasion Moves Clause: Evasion moves are banned\n|rule|Species Clause: Limit one of each Pok\u00e9mon\n|rule|Sleep Clause Mod: Limit one foe put to sleep\n|clearpoke\n|poke|p1|Sneasler, M|\n|poke|p1|Glimmora, F|\n|poke|p1|Clodsire, M|\n|poke|p1|Iron Moth|\n|poke|p1|Venusaur, F|\n|poke|p1|Nihilego|\n|poke|p2|Pawmot, M|\n|poke|p2|Blissey, F|\n|poke|p2|Alomomola, F|\n|poke|p2|Iron Valiant|\n|poke|p2|Landorus-Therian, M|\n|poke|p2|Dragonite, M|\n|teampreview\n|\n|t:|1700849986\n|start\n|switch|p1a: Mutated ball sack|Glimmora, F|100\/100\n|switch|p2a: Landorus|Landorus-Therian, M|100\/100\n|-item|p1a: Mutated ball sack|Air Balloon\n|-ability|p2a: Landorus|Intimidate|boost\n|-unboost|p1a: Mutated ball sack|atk|1\n|turn|1\n|\n|t:|1700850016\n|move|p1a: Mutated ball sack|Stealth Rock|p2a: Landorus\n|-sidestart|p2: Will55555|move: Stealth Rock\n|move|p2a: Landorus|U-turn|p1a: Mutated ball sack\n|-resisted|p1a: Mutated ball sack\n|-damage|p1a: Mutated ball sack|86\/100\n|-activate|p1a: Mutated ball sack|ability: Toxic Debris\n|-sidestart|p2: Will55555|move: Toxic Spikes\n|-enditem|p1a: Mutated ball sack|Air Balloon\n|\n|t:|1700850023\n|switch|p2a: Dragonite|Dragonite, M|100\/100|[from] U-turn\n|\n|upkeep\n|turn|2\n|\n|t:|1700850027\n|move|p1a: Mutated ball sack|Mortal Spin|p2a: Dragonite\n|-damage|p2a: Dragonite|98\/100\n|-status|p2a: Dragonite|psn\n|move|p2a: Dragonite|Earthquake|p1a: Mutated ball sack\n|-supereffective|p1a: Mutated ball sack\n|-damage|p1a: Mutated ball sack|0 fnt\n|-activate|p1a: Mutated ball sack|ability: Toxic Debris\n|-sidestart|p2: Will55555|move: Toxic Spikes\n|faint|p1a: Mutated ball sack\n|\n|-damage|p2a: Dragonite|86\/100 psn|[from] psn\n|upkeep\n|\n|t:|1700850041\n|switch|p1a: Ripper|Sneasler, M|100\/100\n|turn|3\n|\n|t:|1700850112\n|switch|p2a: Alomomola|Alomomola, F|100\/100\n|move|p1a: Ripper|Fake Out|p2a: Alomomola\n|-enditem|p1a: Ripper|Normal Gem|[from] gem\n|-damage|p2a: Alomomola|90\/100\n|\n|upkeep\n|turn|4\n|\n|t:|1700850140\n|-terastallize|p1a: Ripper|Flying\n|move|p1a: Ripper|Acrobatics|p2a: Alomomola\n|-damage|p2a: Alomomola|58\/100\n|move|p2a: Alomomola|Flip Turn|p1a: Ripper\n|-damage|p1a: Ripper|73\/100\n|j| TexanFarmersMarket\n|\n|t:|1700850157\n|switch|p2a: Landorus|Landorus-Therian, M|100\/100|[from] Flip Turn\n|-damage|p2a: Landorus|88\/100|[from] Stealth Rock\n|-ability|p2a: Landorus|Intimidate|boost\n|-unboost|p1a: Ripper|atk|1\n|\n|upkeep\n|turn|5\n|\n|t:|1700850166\n|move|p1a: Ripper|Acrobatics|p2a: Landorus\n|-damage|p2a: Landorus|48\/100\n|-damage|p1a: Ripper|57\/100|[from] item: Rocky Helmet|[of] p2a: Landorus\n|move|p2a: Landorus|Defog|p1a: Ripper\n|-unboost|p1a: Ripper|evasion|1\n|-sideend|p2: Will55555|Toxic Spikes|[from] move: Defog|[of] p2a: Landorus\n|-sideend|p2: Will55555|Stealth Rock|[from] move: Defog|[of] p2a: Landorus\n|\n|upkeep\n|turn|6\n|\n|t:|1700850178\n|move|p1a: Ripper|Acrobatics|p2a: Landorus\n|-damage|p2a: Landorus|7\/100\n|-damage|p1a: Ripper|40\/100|[from] item: Rocky Helmet|[of] p2a: Landorus\n|move|p2a: Landorus|Stealth Rock|p1a: Ripper\n|-sidestart|p1: Jack the Ripper21|move: Stealth Rock\n|\n|upkeep\n|turn|7\n|\n|t:|1700850189\n|switch|p2a: Alomomola|Alomomola, F|91\/100\n|move|p1a: Ripper|Acrobatics|p2a: Alomomola\n|-damage|p2a: Alomomola|69\/100\n|\n|upkeep\n|turn|8\n|\n|t:|1700850198\n|move|p1a: Ripper|Dire Claw|p2a: Alomomola\n|-damage|p2a: Alomomola|53\/100\n|move|p2a: Alomomola|Toxic|p1a: Ripper\n|-status|p1a: Ripper|tox\n|\n|-damage|p1a: Ripper|34\/100 tox|[from] psn\n|upkeep\n|turn|9\n|\n|t:|1700850206\n|move|p1a: Ripper|Dire Claw|p2a: Alomomola\n|-damage|p2a: Alomomola|38\/100\n|move|p2a: Alomomola|Wish|p2a: Alomomola\n|\n|-damage|p1a: Ripper|22\/100 tox|[from] psn\n|upkeep\n|turn|10\n|\n|t:|1700850213\n|switch|p1a: YOHOHOHOHO|Nihilego|100\/100\n|-damage|p1a: YOHOHOHOHO|88\/100|[from] Stealth Rock\n|move|p2a: Alomomola|Protect||[still]\n|-fail|p2a: Alomomola\n|\n|-heal|p2a: Alomomola|88\/100|[from] move: Wish|[wisher] Alomomola\n|upkeep\n|turn|11\n|\n|t:|1700850224\n|move|p1a: YOHOHOHOHO|Meteor Beam||[still]\n|-prepare|p1a: YOHOHOHOHO|Meteor Beam\n|-boost|p1a: YOHOHOHOHO|spa|1\n|-enditem|p1a: YOHOHOHOHO|Power Herb\n|-anim|p1a: YOHOHOHOHO|Meteor Beam|p2a: Alomomola\n|-damage|p2a: Alomomola|0 fnt\n|faint|p2a: Alomomola\n|-ability|p1a: YOHOHOHOHO|Beast Boost|boost\n|-boost|p1a: YOHOHOHOHO|spe|1\n|\n|upkeep\n|\n|t:|1700850232\n|switch|p2a: Blissey|Blissey, F|100\/100\n|turn|12\n|\n|t:|1700850244\n|move|p1a: YOHOHOHOHO|Sludge Wave|p2a: Blissey\n|-damage|p2a: Blissey|81\/100\n|move|p2a: Blissey|Seismic Toss|p1a: YOHOHOHOHO\n|-damage|p1a: YOHOHOHOHO|62\/100\n|\n|-heal|p2a: Blissey|87\/100|[from] item: Leftovers\n|upkeep\n|turn|13\n|\n|t:|1700850256\n|switch|p1a: Clodsire|Clodsire, M|100\/100\n|-damage|p1a: Clodsire|94\/100|[from] Stealth Rock\n|move|p2a: Blissey|Seismic Toss|p1a: Clodsire\n|-damage|p1a: Clodsire|73\/100\n|\n|-heal|p2a: Blissey|93\/100|[from] item: Leftovers\n|-heal|p1a: Clodsire|79\/100|[from] item: Leftovers\n|upkeep\n|turn|14\n|c|\u2606Will55555|O:\n|c|\u2606Jack the Ripper21|cock your gun clodsire\n|\n|t:|1700850282\n|move|p2a: Blissey|Protect|p2a: Blissey\n|-singleturn|p2a: Blissey|Protect\n|move|p1a: Clodsire|Curse|p1a: Clodsire\n|-unboost|p1a: Clodsire|spe|1\n|-boost|p1a: Clodsire|atk|1\n|-boost|p1a: Clodsire|def|1\n|\n|-heal|p2a: Blissey|99\/100|[from] item: Leftovers\n|-heal|p1a: Clodsire|85\/100|[from] item: Leftovers\n|upkeep\n|turn|15\n|\n|t:|1700850298\n|move|p2a: Blissey|Wish|p2a: Blissey\n|move|p1a: Clodsire|Curse|p1a: Clodsire\n|-unboost|p1a: Clodsire|spe|1\n|-boost|p1a: Clodsire|atk|1\n|-boost|p1a: Clodsire|def|1\n|\n|-heal|p2a: Blissey|100\/100|[from] item: Leftovers\n|-heal|p1a: Clodsire|91\/100|[from] item: Leftovers\n|upkeep\n|turn|16\n|\n|t:|1700850308\n|switch|p2a: Landorus|Landorus-Therian, M|7\/100\n|-ability|p2a: Landorus|Intimidate|boost\n|-unboost|p1a: Clodsire|atk|1\n|move|p1a: Clodsire|Curse|p1a: Clodsire\n|-unboost|p1a: Clodsire|spe|1\n|-boost|p1a: Clodsire|atk|1\n|-boost|p1a: Clodsire|def|1\n|\n|-heal|p2a: Landorus|100\/100|[from] move: Wish|[wisher] Blissey\n|-heal|p1a: Clodsire|98\/100|[from] item: Leftovers\n|upkeep\n|turn|17\n|\n|t:|1700850325\n|move|p2a: Landorus|Earthquake|p1a: Clodsire\n|-supereffective|p1a: Clodsire\n|-damage|p1a: Clodsire|54\/100\n|move|p1a: Clodsire|Toxic|p2a: Landorus\n|-status|p2a: Landorus|tox\n|\n|-heal|p1a: Clodsire|60\/100|[from] item: Leftovers\n|-damage|p2a: Landorus|94\/100 tox|[from] psn\n|upkeep\n|turn|18\n|\n|t:|1700850365\n|move|p2a: Landorus|Earthquake|p1a: Clodsire\n|-supereffective|p1a: Clodsire\n|-damage|p1a: Clodsire|17\/100\n|move|p1a: Clodsire|Recover|p1a: Clodsire\n|-heal|p1a: Clodsire|67\/100\n|\n|-heal|p1a: Clodsire|74\/100|[from] item: Leftovers\n|-damage|p2a: Landorus|82\/100 tox|[from] psn\n|upkeep\n|turn|19\n|\n|t:|1700850384\n|switch|p2a: Dragonite|Dragonite, M|86\/100 psn\n|move|p1a: Clodsire|Recover|p1a: Clodsire\n|-heal|p1a: Clodsire|100\/100\n|\n|-damage|p2a: Dragonite|74\/100 psn|[from] psn\n|upkeep\n|turn|20\n|\n|t:|1700850393\n|move|p2a: Dragonite|Dragon Dance|p2a: Dragonite\n|-boost|p2a: Dragonite|atk|1\n|-boost|p2a: Dragonite|spe|1\n|move|p1a: Clodsire|Curse|p1a: Clodsire\n|-unboost|p1a: Clodsire|spe|1\n|-boost|p1a: Clodsire|atk|1\n|-boost|p1a: Clodsire|def|1\n|\n|-damage|p2a: Dragonite|61\/100 psn|[from] psn\n|upkeep\n|turn|21\n|\n|t:|1700850403\n|move|p2a: Dragonite|Dragon Dance|p2a: Dragonite\n|-boost|p2a: Dragonite|atk|1\n|-boost|p2a: Dragonite|spe|1\n|move|p1a: Clodsire|Curse|p1a: Clodsire\n|-unboost|p1a: Clodsire|spe|1\n|-boost|p1a: Clodsire|atk|1\n|-boost|p1a: Clodsire|def|1\n|\n|-damage|p2a: Dragonite|49\/100 psn|[from] psn\n|upkeep\n|turn|22\n|\n|t:|1700850425\n|move|p2a: Dragonite|Earthquake|p1a: Clodsire\n|-supereffective|p1a: Clodsire\n|-damage|p1a: Clodsire|77\/100\n|move|p1a: Clodsire|Curse|p1a: Clodsire\n|-unboost|p1a: Clodsire|spe|1\n|-boost|p1a: Clodsire|atk|1\n|-boost|p1a: Clodsire|def|1\n|\n|-heal|p1a: Clodsire|83\/100|[from] item: Leftovers\n|-damage|p2a: Dragonite|36\/100 psn|[from] psn\n|upkeep\n|turn|23\n|c|\u2606Jack the Ripper21|clodsire  was my true weapon\n|\n|t:|1700850438\n|switch|p2a: Blissey|Blissey, F|100\/100\n|move|p1a: Clodsire|Recover|p1a: Clodsire\n|-heal|p1a: Clodsire|100\/100\n|\n|upkeep\n|turn|24\n|\n|t:|1700850449\n|move|p2a: Blissey|Protect|p2a: Blissey\n|-singleturn|p2a: Blissey|Protect\n|move|p1a: Clodsire|Earthquake|p2a: Blissey\n|-activate|p2a: Blissey|move: Protect\n|\n|upkeep\n|turn|25\n|c|\u2606Jack the Ripper21|clodsire 19 speed go brrr\n|\n|t:|1700850506\n|switch|p2a: Dragonite|Dragonite, M|36\/100 psn\n|move|p1a: Clodsire|Curse|p1a: Clodsire\n|-boost|p1a: Clodsire|atk|1\n|\n|-damage|p2a: Dragonite|24\/100 psn|[from] psn\n|upkeep\n|turn|26\n|\n|t:|1700850517\n|move|p2a: Dragonite|Earthquake|p1a: Clodsire\n|-supereffective|p1a: Clodsire\n|-damage|p1a: Clodsire|79\/100\n|move|p1a: Clodsire|Toxic||[still]\n|-fail|p1a: Clodsire\n|\n|-heal|p1a: Clodsire|85\/100|[from] item: Leftovers\n|-damage|p2a: Dragonite|12\/100 psn|[from] psn\n|upkeep\n|turn|27\n|c|\u2606Jack the Ripper21|i am unaware\n|\n|t:|1700850530\n|move|p2a: Dragonite|Earthquake|p1a: Clodsire\n|-supereffective|p1a: Clodsire\n|-damage|p1a: Clodsire|62\/100\n|move|p1a: Clodsire|Earthquake|p2a: Dragonite\n|-immune|p2a: Dragonite\n|\n|-heal|p1a: Clodsire|69\/100|[from] item: Leftovers\n|-damage|p2a: Dragonite|0 fnt|[from] psn\n|faint|p2a: Dragonite\n|upkeep\n|\n|t:|1700850559\n|switch|p2a: Landorus|Landorus-Therian, M|82\/100 tox\n|-ability|p2a: Landorus|Intimidate|boost\n|-unboost|p1a: Clodsire|atk|1\n|turn|28\n|\n|t:|1700850569\n|move|p2a: Landorus|Earthquake|p1a: Clodsire\n|-supereffective|p1a: Clodsire\n|-damage|p1a: Clodsire|40\/100\n|move|p1a: Clodsire|Recover|p1a: Clodsire\n|-heal|p1a: Clodsire|90\/100\n|\n|-heal|p1a: Clodsire|96\/100|[from] item: Leftovers\n|-damage|p2a: Landorus|76\/100 tox|[from] psn\n|upkeep\n|turn|29\n|\n|t:|1700850581\n|move|p2a: Landorus|Earthquake|p1a: Clodsire\n|-supereffective|p1a: Clodsire\n|-damage|p1a: Clodsire|68\/100\n|move|p1a: Clodsire|Curse|p1a: Clodsire\n|-boost|p1a: Clodsire|atk|1\n|\n|-heal|p1a: Clodsire|74\/100|[from] item: Leftovers\n|-damage|p2a: Landorus|64\/100 tox|[from] psn\n|upkeep\n|turn|30\n|\n|t:|1700850600\n|move|p2a: Landorus|Earthquake|p1a: Clodsire\n|-supereffective|p1a: Clodsire\n|-damage|p1a: Clodsire|48\/100\n|move|p1a: Clodsire|Earthquake|p2a: Landorus\n|-immune|p2a: Landorus\n|\n|-heal|p1a: Clodsire|54\/100|[from] item: Leftovers\n|-damage|p2a: Landorus|46\/100 tox|[from] psn\n|upkeep\n|turn|31\n|\n|t:|1700850610\n|move|p2a: Landorus|Earthquake|p1a: Clodsire\n|-supereffective|p1a: Clodsire\n|-damage|p1a: Clodsire|28\/100\n|move|p1a: Clodsire|Recover|p1a: Clodsire\n|-heal|p1a: Clodsire|78\/100\n|\n|-heal|p1a: Clodsire|85\/100|[from] item: Leftovers\n|-damage|p2a: Landorus|22\/100 tox|[from] psn\n|upkeep\n|turn|32\n|\n|t:|1700850626\n|move|p2a: Landorus|Earthquake|p1a: Clodsire\n|-supereffective|p1a: Clodsire\n|-damage|p1a: Clodsire|57\/100\n|move|p1a: Clodsire|Earthquake|p2a: Landorus\n|-immune|p2a: Landorus\n|\n|-heal|p1a: Clodsire|63\/100|[from] item: Leftovers\n|-damage|p2a: Landorus|0 fnt|[from] psn\n|faint|p2a: Landorus\n|upkeep\n|\n|t:|1700850636\n|switch|p2a: Pawmot|Pawmot, M|100\/100\n|turn|33\n|\n|t:|1700850655\n|move|p2a: Pawmot|Revival Blessing|p2a: Pawmot\n|-enditem|p2a: Pawmot|Leppa Berry|[eat]\n|-activate|p2a: Pawmot|item: Leppa Berry|Revival Blessing|[consumed]\n|c|\u2606Jack the Ripper21|you only get one revive you know that right\n|c|\u2606Jack the Ripper21|choose wisely\n|c| TexanFarmersMarket|oh i forgot i was here\n|\n|t:|1700850675\n|-heal|p2: Landorus|50\/100|[from] move: Revival Blessing\n|move|p1a: Clodsire|Earthquake|p2a: Pawmot\n|-supereffective|p2a: Pawmot\n|-damage|p2a: Pawmot|0 fnt\n|faint|p2a: Pawmot\n|\n|-heal|p1a: Clodsire|69\/100|[from] item: Leftovers\n|upkeep\n|c|\u2606Jack the Ripper21|clodsire a menace\n|\n|t:|1700850691\n|switch|p2a: Landorus|Landorus-Therian, M|50\/100\n|-ability|p2a: Landorus|Intimidate|boost\n|-unboost|p1a: Clodsire|atk|1\n|turn|34\n|\n|t:|1700850707\n|-terastallize|p2a: Landorus|Steel\n|move|p2a: Landorus|Earthquake|p1a: Clodsire\n|-supereffective|p1a: Clodsire\n|-damage|p1a: Clodsire|42\/100\n|move|p1a: Clodsire|Toxic|p2a: Landorus\n|-immune|p2a: Landorus\n|\n|-heal|p1a: Clodsire|48\/100|[from] item: Leftovers\n|upkeep\n|turn|35\n|c|\u2606Jack the Ripper21|oh nice\n|\n|t:|1700850723\n|move|p2a: Landorus|Earthquake|p1a: Clodsire\n|-supereffective|p1a: Clodsire\n|-damage|p1a: Clodsire|22\/100\n|move|p1a: Clodsire|Recover|p1a: Clodsire\n|-heal|p1a: Clodsire|72\/100\n|\n|-heal|p1a: Clodsire|79\/100|[from] item: Leftovers\n|upkeep\n|turn|36\n|c|\u2606Jack the Ripper21|but now your not flying\n|\n|t:|1700850740\n|move|p2a: Landorus|Earthquake|p1a: Clodsire\n|-supereffective|p1a: Clodsire\n|-damage|p1a: Clodsire|50\/100\n|move|p1a: Clodsire|Earthquake|p2a: Landorus\n|-supereffective|p2a: Landorus\n|-damage|p2a: Landorus|0 fnt\n|faint|p2a: Landorus\n|\n|-heal|p1a: Clodsire|56\/100|[from] item: Leftovers\n|upkeep\n|\n|t:|1700850748\n|switch|p2a: Iron Valiant|Iron Valiant|100\/100\n|-enditem|p2a: Iron Valiant|Booster Energy\n|-activate|p2a: Iron Valiant|ability: Quark Drive|[fromitem]\n|-start|p2a: Iron Valiant|quarkdrivespe\n|turn|37\n|\n|t:|1700850756\n|move|p2a: Iron Valiant|Moonblast|p1a: Clodsire\n|-resisted|p1a: Clodsire\n|-damage|p1a: Clodsire|44\/100\n|move|p1a: Clodsire|Earthquake|p2a: Iron Valiant\n|-damage|p2a: Iron Valiant|0 fnt\n|faint|p2a: Iron Valiant\n|-end|p2a: Iron Valiant|Quark Drive|[silent]\n|\n|-heal|p1a: Clodsire|50\/100|[from] item: Leftovers\n|upkeep\n|\n|t:|1700850764\n|switch|p2a: Blissey|Blissey, F|100\/100\n|turn|38\n|\n|t:|1700850769\n|move|p2a: Blissey|Seismic Toss|p1a: Clodsire\n|-damage|p1a: Clodsire|29\/100\n|move|p1a: Clodsire|Toxic|p2a: Blissey\n|-status|p2a: Blissey|tox\n|\n|-heal|p1a: Clodsire|35\/100|[from] item: Leftovers\n|-damage|p2a: Blissey|94\/100 tox|[from] psn\n|upkeep\n|turn|39\n|\n|t:|1700850778\n|move|p2a: Blissey|Seismic Toss|p1a: Clodsire\n|-damage|p1a: Clodsire|13\/100\n|move|p1a: Clodsire|Recover|p1a: Clodsire\n|-heal|p1a: Clodsire|63\/100\n|\n|-heal|p2a: Blissey|100\/100 tox|[from] item: Leftovers\n|-heal|p1a: Clodsire|69\/100|[from] item: Leftovers\n|-damage|p2a: Blissey|88\/100 tox|[from] psn\n|upkeep\n|turn|40\n|c|\u2606Jack the Ripper21|:)\n|\n|t:|1700850788\n|move|p2a: Blissey|Seismic Toss|p1a: Clodsire\n|-damage|p1a: Clodsire|48\/100\n|move|p1a: Clodsire|Earthquake|p2a: Blissey\n|-crit|p2a: Blissey\n|-damage|p2a: Blissey|0 fnt\n|faint|p2a: Blissey\n|\n|win|Jack the Ripper21\n|c|\u2606Jack the Ripper21|this clodsire aint stall\n|c|\u2606Jack the Ripper21|gg though\n|c|\u2606Will55555|can we rematch\n|c|\u2606Will55555|gg\n|c|\u2606Jack the Ripper21|im only doing 1 match a day per challengers for now\n|c|\u2606Will55555|ok\n|c|\u2606Jack the Ripper21|still learning from switching to singles\n|c|\u2606Jack the Ripper21|and i got shit to do\n","uploadtime":1700850845,"views":1,"p1id":"jacktheripper21","p2id":"will55555","formatid":"gen9nationaldex","rating":0,"private":0,"password":""}