{"id":"gen9nationaldex-1995121488","p1":"Jadii_Xii","p2":"weirdnomad","format":"[Gen 9] National Dex","log":"|html|<div class=\"broadcast-blue\"><strong>[Gen 9] National Dex is currently suspecting Sneasler! For information on how to participate check out the <a href=\"https:\/\/www.smogon.com\/forums\/threads\/sv-national-dex-suspect-8-just-dance.3731534\/\">suspect thread<\/a>.<\/strong><\/div>\n|j|\u2606Jadii_Xii\n|j|\u2606weirdnomad\n|t:|1700524931\n|gametype|singles\n|player|p1|Jadii_Xii|aaron|1458\n|player|p2|weirdnomad|hiker-gen4|1497\n|teamsize|p1|6\n|teamsize|p2|6\n|gen|9\n|tier|[Gen 9] National Dex\n|rated|\n|rule|HP Percentage Mod: HP is shown in percentages\n|rule|Endless Battle Clause: Forcing endless battles is banned\n|rule|OHKO Clause: OHKO moves are banned\n|rule|Evasion Clause: Evasion abilities, items, and moves are banned\n|rule|Evasion Abilities Clause: Evasion abilities are banned\n|rule|Evasion Items Clause: Evasion items are banned\n|rule|Evasion Moves Clause: Evasion moves are banned\n|rule|Species Clause: Limit one of each Pok\u00e9mon\n|rule|Sleep Clause Mod: Limit one foe put to sleep\n|clearpoke\n|poke|p1|Urshifu-*, M|\n|poke|p1|Togekiss, F|\n|poke|p1|Porygon-Z|\n|poke|p1|Gengar, F|\n|poke|p1|Garchomp, M|\n|poke|p1|Volcarona, M|\n|poke|p2|Corviknight, M|\n|poke|p2|Mamoswine, M|\n|poke|p2|Azumarill, F|\n|poke|p2|Gengar, M|\n|poke|p2|Blaziken, M|\n|poke|p2|Hydreigon, F|\n|teampreview\n|inactive|Battle timer is ON: inactive players will automatically lose when time's up. (requested by Jadii_Xii)\n|\n|t:|1700524939\n|start\n|switch|p1a: Garchomp|Garchomp, M|100\/100\n|switch|p2a: Bubbles|Azumarill, F, shiny|100\/100\n|turn|1\n|\n|t:|1700524945\n|move|p1a: Garchomp|Earthquake|p2a: Bubbles\n|-damage|p2a: Bubbles|57\/100\n|move|p2a: Bubbles|Play Rough|p1a: Garchomp|[miss]\n|-miss|p2a: Bubbles|p1a: Garchomp\n|\n|upkeep\n|turn|2\n|\n|t:|1700524951\n|move|p1a: Garchomp|Stealth Rock|p2a: Bubbles\n|-sidestart|p2: weirdnomad|move: Stealth Rock\n|move|p2a: Bubbles|Play Rough|p1a: Garchomp\n|-supereffective|p1a: Garchomp\n|-damage|p1a: Garchomp|0 fnt\n|-damage|p2a: Bubbles|44\/100|[from] ability: Rough Skin|[of] p1a: Garchomp\n|-damage|p2a: Bubbles|28\/100|[from] item: Rocky Helmet|[of] p1a: Garchomp\n|faint|p1a: Garchomp\n|\n|upkeep\n|\n|t:|1700524957\n|switch|p1a: Togekiss|Togekiss, F, shiny|100\/100\n|turn|3\n|\n|t:|1700524974\n|switch|p2a: Titan|Corviknight, M, shiny|100\/100\n|-damage|p2a: Titan|88\/100|[from] Stealth Rock\n|-ability|p2a: Titan|Pressure\n|move|p1a: Togekiss|Yawn|p2a: Titan\n|-start|p2a: Titan|move: Yawn|[of] p1a: Togekiss\n|\n|upkeep\n|turn|4\n|\n|t:|1700524982\n|switch|p1a: Volcarona|Volcarona, M|100\/100\n|move|p2a: Titan|U-turn|p1a: Volcarona\n|-resisted|p1a: Volcarona\n|-damage|p1a: Volcarona|90\/100\n|-status|p2a: Titan|brn|[from] ability: Flame Body|[of] p1a: Volcarona\n|\n|t:|1700524989\n|switch|p2a: Bubbles|Azumarill, F, shiny|28\/100|[from] U-turn\n|-damage|p2a: Bubbles|15\/100|[from] Stealth Rock\n|\n|upkeep\n|turn|5\n|\n|t:|1700524993\n|move|p2a: Bubbles|Aqua Jet|p1a: Volcarona\n|-supereffective|p1a: Volcarona\n|-damage|p1a: Volcarona|0 fnt\n|faint|p1a: Volcarona\n|\n|upkeep\n|\n|t:|1700524998\n|switch|p1a: Urshifu|Urshifu-Rapid-Strike, M|100\/100\n|turn|6\n|\n|t:|1700525001\n|move|p2a: Bubbles|Aqua Jet|p1a: Urshifu\n|-resisted|p1a: Urshifu\n|-damage|p1a: Urshifu|85\/100\n|move|p1a: Urshifu|Trailblaze|p2a: Bubbles\n|-supereffective|p2a: Bubbles\n|-damage|p2a: Bubbles|0 fnt\n|-boost|p1a: Urshifu|spe|1\n|faint|p2a: Bubbles\n|\n|upkeep\n|\n|t:|1700525010\n|switch|p2a: Titan|Corviknight, M, shiny|88\/100 brn\n|-damage|p2a: Titan|75\/100 brn|[from] Stealth Rock\n|-ability|p2a: Titan|Pressure\n|turn|7\n|\n|t:|1700525020\n|-terastallize|p1a: Urshifu|Water\n|move|p1a: Urshifu|Surging Strikes|p2a: Titan\n|-crit|p2a: Titan\n|-damage|p2a: Titan|60\/100 brn\n|-crit|p2a: Titan\n|-damage|p2a: Titan|45\/100 brn\n|-crit|p2a: Titan\n|-damage|p2a: Titan|30\/100 brn\n|-hitcount|p2a: Titan|3\n|move|p2a: Titan|Brave Bird|p1a: Urshifu\n|-damage|p1a: Urshifu|68\/100\n|-damage|p2a: Titan|25\/100 brn|[from] Recoil\n|\n|-damage|p2a: Titan|19\/100 brn|[from] brn\n|upkeep\n|turn|8\n|\n|t:|1700525035\n|move|p1a: Urshifu|Drain Punch|p2a: Titan\n|-damage|p2a: Titan|0 fnt\n|-heal|p1a: Urshifu|79\/100|[from] drain|[of] p2a: Titan\n|faint|p2a: Titan\n|\n|upkeep\n|\n|t:|1700525044\n|switch|p2a: Daemon|Gengar, M, shiny|100\/100\n|-damage|p2a: Daemon|88\/100|[from] Stealth Rock\n|turn|9\n|\n|t:|1700525048\n|-terastallize|p2a: Daemon|Grass\n|move|p1a: Urshifu|Surging Strikes|p2a: Daemon\n|-resisted|p2a: Daemon\n|-crit|p2a: Daemon\n|-damage|p2a: Daemon|61\/100\n|-start|p1a: Urshifu|Disable|Surging Strikes|[from] ability: Cursed Body|[of] p2a: Daemon\n|-resisted|p2a: Daemon\n|-crit|p2a: Daemon\n|-damage|p2a: Daemon|34\/100\n|-resisted|p2a: Daemon\n|-crit|p2a: Daemon\n|-damage|p2a: Daemon|9\/100\n|-hitcount|p2a: Daemon|3\n|move|p2a: Daemon|Giga Drain|p1a: Urshifu\n|-supereffective|p1a: Urshifu\n|-damage|p1a: Urshifu|0 fnt\n|-heal|p2a: Daemon|60\/100|[from] drain|[of] p1a: Urshifu\n|faint|p1a: Urshifu\n|\n|upkeep\n|\n|t:|1700525053\n|switch|p1a: Gengar|Gengar, F|100\/100\n|turn|10\n|\n|t:|1700525065\n|switch|p2a: Lilly|Hydreigon, F, shiny|100\/100\n|-damage|p2a: Lilly|88\/100|[from] Stealth Rock\n|move|p1a: Gengar|Sludge Wave|p2a: Lilly\n|-damage|p2a: Lilly|60\/100\n|\n|-heal|p2a: Lilly|66\/100|[from] item: Leftovers\n|upkeep\n|turn|11\n|\n|t:|1700525075\n|move|p1a: Gengar|Sludge Wave|p2a: Lilly\n|-damage|p2a: Lilly|34\/100\n|move|p2a: Lilly|Stealth Rock|p1a: Gengar\n|-sidestart|p1: Jadii_Xii|move: Stealth Rock\n|\n|-heal|p2a: Lilly|41\/100|[from] item: Leftovers\n|upkeep\n|turn|12\n|\n|t:|1700525081\n|move|p1a: Gengar|Sludge Wave|p2a: Lilly\n|-damage|p2a: Lilly|11\/100\n|move|p2a: Lilly|Dark Pulse|p1a: Gengar\n|-supereffective|p1a: Gengar\n|-damage|p1a: Gengar|10\/100\n|\n|-heal|p2a: Lilly|17\/100|[from] item: Leftovers\n|upkeep\n|turn|13\n|\n|t:|1700525088\n|move|p1a: Gengar|Sludge Wave|p2a: Lilly\n|-damage|p2a: Lilly|0 fnt\n|faint|p2a: Lilly\n|\n|upkeep\n|\n|t:|1700525095\n|switch|p2a: Muay|Blaziken, M|100\/100\n|turn|14\n|\n|t:|1700525098\n|move|p2a: Muay|Protect|p2a: Muay\n|-singleturn|p2a: Muay|Protect\n|move|p1a: Gengar|Perish Song|p1a: Gengar\n|-start|p1a: Gengar|perish3|[silent]\n|-start|p2a: Muay|perish3|[silent]\n|-fieldactivate|move: Perish Song\n|\n|-start|p1a: Gengar|perish3\n|-start|p2a: Muay|perish3\n|-ability|p2a: Muay|Speed Boost|boost\n|-boost|p2a: Muay|spe|1\n|upkeep\n|turn|15\n|\n|t:|1700525107\n|move|p2a: Muay|Flare Blitz|p1a: Gengar\n|-damage|p1a: Gengar|0 fnt\n|faint|p1a: Gengar\n|-damage|p2a: Muay|98\/100|[from] Recoil\n|\n|-start|p2a: Muay|perish2\n|-ability|p2a: Muay|Speed Boost|boost\n|-boost|p2a: Muay|spe|1\n|upkeep\n|\n|t:|1700525110\n|switch|p1a: Togekiss|Togekiss, F, shiny|100\/100\n|-damage|p1a: Togekiss|75\/100|[from] Stealth Rock\n|turn|16\n|\n|t:|1700525118\n|move|p2a: Muay|Flare Blitz|p1a: Togekiss\n|-damage|p1a: Togekiss|25\/100\n|-enditem|p1a: Togekiss|Aguav Berry|[eat]\n|-heal|p1a: Togekiss|58\/100|[from] item: Aguav Berry\n|-damage|p2a: Muay|80\/100|[from] Recoil\n|move|p1a: Togekiss|Light Screen|p1a: Togekiss\n|-sidestart|p1: Jadii_Xii|move: Light Screen\n|\n|-start|p2a: Muay|perish1\n|-ability|p2a: Muay|Speed Boost|boost\n|-boost|p2a: Muay|spe|1\n|upkeep\n|turn|17\n|\n|t:|1700525128\n|move|p2a: Muay|Flare Blitz|p1a: Togekiss\n|-damage|p1a: Togekiss|13\/100\n|-damage|p2a: Muay|63\/100|[from] Recoil\n|move|p1a: Togekiss|Yawn|p2a: Muay\n|-start|p2a: Muay|move: Yawn|[of] p1a: Togekiss\n|\n|-start|p2a: Muay|perish0\n|faint|p2a: Muay\n|upkeep\n|\n|t:|1700525141\n|switch|p2a: Daemon|Gengar, M, shiny, tera:Grass|60\/100\n|-damage|p2a: Daemon|48\/100|[from] Stealth Rock\n|turn|18\n|\n|t:|1700525146\n|move|p2a: Daemon|Sludge Bomb|p1a: Togekiss\n|-supereffective|p1a: Togekiss\n|-damage|p1a: Togekiss|0 fnt\n|faint|p1a: Togekiss\n|\n|upkeep\n|\n|t:|1700525149\n|switch|p1a: Porygon-Z|Porygon-Z, shiny|100\/100\n|-damage|p1a: Porygon-Z|88\/100|[from] Stealth Rock\n|-ability|p1a: Porygon-Z|Download|boost\n|-boost|p1a: Porygon-Z|atk|1\n|turn|19\n|\n|t:|1700525154\n|move|p2a: Daemon|Sludge Bomb|p1a: Porygon-Z\n|-damage|p1a: Porygon-Z|40\/100\n|-zpower|p1a: Porygon-Z\n|move|p1a: Porygon-Z|Z-Conversion|p1a: Porygon-Z|[anim]Conversion\n|-boost|p1a: Porygon-Z|atk|1|[zeffect]\n|-boost|p1a: Porygon-Z|def|1|[zeffect]\n|-boost|p1a: Porygon-Z|spa|1|[zeffect]\n|-boost|p1a: Porygon-Z|spd|1|[zeffect]\n|-boost|p1a: Porygon-Z|spe|1|[zeffect]\n|-start|p1a: Porygon-Z|typechange|Ghost\n|\n|upkeep\n|turn|20\n|\n|t:|1700525163\n|move|p1a: Porygon-Z|Ice Beam|p2a: Daemon\n|-supereffective|p2a: Daemon\n|-damage|p2a: Daemon|0 fnt\n|faint|p2a: Daemon\n|\n|-sideend|p1: Jadii_Xii|move: Light Screen\n|upkeep\n|\n|t:|1700525169\n|switch|p2a: Sigurd|Mamoswine, M|100\/100\n|-damage|p2a: Sigurd|88\/100|[from] Stealth Rock\n|turn|21\n|\n|t:|1700525173\n|move|p1a: Porygon-Z|Shadow Ball|p2a: Sigurd\n|-damage|p2a: Sigurd|43\/100\n|move|p2a: Sigurd|Knock Off|p1a: Porygon-Z\n|-supereffective|p1a: Porygon-Z\n|-crit|p1a: Porygon-Z\n|-damage|p1a: Porygon-Z|0 fnt\n|faint|p1a: Porygon-Z\n|\n|win|weirdnomad\n|raw|Jadii_Xii's rating: 1458 &rarr; <strong>1440<\/strong><br \/>(-18 for losing)\n|raw|weirdnomad's rating: 1497 &rarr; <strong>1515<\/strong><br \/>(+18 for winning)\n|l|\u2606Jadii_Xii\n|c|\u2606weirdnomad|gg\n","uploadtime":1700525191,"views":2,"p1id":"jadiixii","p2id":"weirdnomad","formatid":"gen9nationaldex","rating":1440,"private":0,"password":""}