{"id":"gen9nationaldex-1991903601","p1":"bosskingeee","p2":"poklmn","format":"[Gen 9] National Dex","log":"|j|\u2606bosskingeee\n|j|\u2606poklmn\n|t:|1700136104\n|gametype|singles\n|player|p1|bosskingeee|266|1421\n|player|p2|poklmn|dawn|1443\n|teamsize|p1|6\n|teamsize|p2|6\n|gen|9\n|tier|[Gen 9] National Dex\n|rated|\n|rule|HP Percentage Mod: HP is shown in percentages\n|rule|Endless Battle Clause: Forcing endless battles is banned\n|rule|OHKO Clause: OHKO moves are banned\n|rule|Evasion Clause: Evasion abilities, items, and moves are banned\n|rule|Evasion Abilities Clause: Evasion abilities are banned\n|rule|Evasion Items Clause: Evasion items are banned\n|rule|Evasion Moves Clause: Evasion moves are banned\n|rule|Species Clause: Limit one of each Pok\u00e9mon\n|rule|Sleep Clause Mod: Limit one foe put to sleep\n|clearpoke\n|poke|p1|Tapu Lele|\n|poke|p1|Zamazenta-*|\n|poke|p1|Aggron, M|\n|poke|p1|Heatran, F|\n|poke|p1|Garganacl, M|\n|poke|p1|Latias, F|\n|poke|p2|Dragonite, M|\n|poke|p2|Ursaluna, F|\n|poke|p2|Tapu Koko|\n|poke|p2|Garchomp, M|\n|poke|p2|Hoopa-Unbound|\n|poke|p2|Moltres|\n|teampreview\n|inactive|Battle timer is ON: inactive players will automatically lose when time's up. (requested by poklmn)\n|\n|t:|1700136112\n|start\n|switch|p1a: Tapu Lele|Tapu Lele|100\/100\n|switch|p2a: Tapu Koko|Tapu Koko|100\/100\n|-fieldstart|move: Electric Terrain|[from] ability: Electric Surge|[of] p2a: Tapu Koko\n|-fieldstart|move: Psychic Terrain|[from] ability: Psychic Surge|[of] p1a: Tapu Lele\n|turn|1\n|\n|t:|1700136122\n|move|p2a: Tapu Koko|Volt Switch|p1a: Tapu Lele\n|-damage|p1a: Tapu Lele|64\/100\n|\n|t:|1700136128\n|switch|p2a: Moltres|Moltres|100\/100|[from] Volt Switch\n|move|p1a: Tapu Lele|Moonblast|p2a: Moltres\n|-resisted|p2a: Moltres\n|-damage|p2a: Moltres|72\/100\n|\n|upkeep\n|turn|2\n|\n|t:|1700136142\n|-zpower|p1a: Tapu Lele\n|move|p1a: Tapu Lele|Shattered Psyche|p2a: Moltres|[zeffect]\n|-damage|p2a: Moltres|0 fnt\n|faint|p2a: Moltres\n|\n|upkeep\n|\n|t:|1700136148\n|switch|p2a: Garchomp|Garchomp, M|100\/100\n|turn|3\n|\n|t:|1700136156\n|switch|p1a: Heatran|Heatran, F|100\/100\n|move|p2a: Garchomp|Earthquake|p1a: Heatran\n|-supereffective|p1a: Heatran\n|-damage|p1a: Heatran|0 fnt\n|faint|p1a: Heatran\n|\n|upkeep\n|\n|t:|1700136164\n|switch|p1a: Latias|Latias, F|100\/100\n|turn|4\n|\n|t:|1700136170\n|switch|p2a: Tapu Koko|Tapu Koko|100\/100\n|-fieldstart|move: Electric Terrain|[from] ability: Electric Surge|[of] p2a: Tapu Koko\n|switch|p1a: Garganacl|Garganacl, M|100\/100\n|\n|upkeep\n|turn|5\n|\n|t:|1700136181\n|move|p2a: Tapu Koko|Volt Switch|p1a: Garganacl\n|-damage|p1a: Garganacl|66\/100\n|\n|t:|1700136184\n|switch|p2a: Hoopa|Hoopa-Unbound|100\/100|[from] Volt Switch\n|move|p1a: Garganacl|Salt Cure|p2a: Hoopa\n|-crit|p2a: Hoopa\n|-damage|p2a: Hoopa|62\/100\n|-start|p2a: Hoopa|Salt Cure\n|\n|-heal|p1a: Garganacl|72\/100|[from] item: Leftovers\n|-damage|p2a: Hoopa|49\/100|[from] Salt Cure\n|upkeep\n|turn|6\n|\n|t:|1700136195\n|switch|p1a: Zamazenta|Zamazenta|100\/100\n|-ability|p1a: Zamazenta|Dauntless Shield|boost\n|-boost|p1a: Zamazenta|def|1\n|move|p2a: Hoopa|Psyshock|p1a: Zamazenta\n|-supereffective|p1a: Zamazenta\n|-damage|p1a: Zamazenta|47\/100\n|\n|-heal|p1a: Zamazenta|53\/100|[from] item: Leftovers\n|-damage|p2a: Hoopa|37\/100|[from] Salt Cure\n|upkeep\n|turn|7\n|\n|t:|1700136206\n|switch|p2a: Dragonite|Dragonite, M|100\/100\n|move|p1a: Zamazenta|Body Press|p2a: Dragonite\n|-resisted|p2a: Dragonite\n|-damage|p2a: Dragonite|84\/100\n|\n|-heal|p1a: Zamazenta|59\/100|[from] item: Leftovers\n|upkeep\n|turn|8\n|\n|t:|1700136218\n|move|p1a: Zamazenta|Iron Defense|p1a: Zamazenta\n|-boost|p1a: Zamazenta|def|2\n|move|p2a: Dragonite|Dual Wingbeat|p1a: Zamazenta\n|-supereffective|p1a: Zamazenta\n|-damage|p1a: Zamazenta|40\/100\n|-supereffective|p1a: Zamazenta\n|-damage|p1a: Zamazenta|22\/100\n|-hitcount|p1a: Zamazenta|2\n|\n|-heal|p1a: Zamazenta|28\/100|[from] item: Leftovers\n|-fieldend|move: Electric Terrain\n|upkeep\n|turn|9\n|\n|t:|1700136233\n|-terastallize|p1a: Zamazenta|Fire\n|move|p1a: Zamazenta|Iron Defense|p1a: Zamazenta\n|-boost|p1a: Zamazenta|def|2\n|move|p2a: Dragonite|Dual Wingbeat|p1a: Zamazenta\n|-damage|p1a: Zamazenta|21\/100\n|-damage|p1a: Zamazenta|13\/100\n|-hitcount|p1a: Zamazenta|2\n|\n|-heal|p1a: Zamazenta|20\/100|[from] item: Leftovers\n|upkeep\n|turn|10\n|\n|t:|1700136244\n|switch|p2a: Hoopa|Hoopa-Unbound|37\/100\n|move|p1a: Zamazenta|Body Press|p2a: Hoopa\n|-damage|p2a: Hoopa|0 fnt\n|faint|p2a: Hoopa\n|\n|-heal|p1a: Zamazenta|26\/100|[from] item: Leftovers\n|upkeep\n|\n|t:|1700136249\n|switch|p2a: Garchomp|Garchomp, M|100\/100\n|turn|11\n|\n|t:|1700136256\n|move|p2a: Garchomp|Earthquake|p1a: Zamazenta\n|-supereffective|p1a: Zamazenta\n|-damage|p1a: Zamazenta|6\/100\n|move|p1a: Zamazenta|Body Press|p2a: Garchomp\n|-damage|p2a: Garchomp|0 fnt\n|-damage|p1a: Zamazenta|0 fnt|[from] ability: Rough Skin|[of] p2a: Garchomp\n|faint|p2a: Garchomp\n|faint|p1a: Zamazenta\n|\n|upkeep\n|\n|t:|1700136270\n|switch|p1a: Aggron|Aggron, M|100\/100\n|switch|p2a: Tapu Koko|Tapu Koko|100\/100\n|-fieldstart|move: Electric Terrain|[from] ability: Electric Surge|[of] p2a: Tapu Koko\n|turn|12\n|\n|t:|1700136278\n|move|p2a: Tapu Koko|Volt Switch|p1a: Aggron\n|-damage|p1a: Aggron|19\/100\n|\n|t:|1700136286\n|switch|p2a: Ursaluna|Ursaluna, F|100\/100|[from] Volt Switch\n|move|p1a: Aggron|Metal Burst|p2a: Ursaluna\n|-damage|p2a: Ursaluna|3\/100\n|\n|-heal|p1a: Aggron|25\/100|[from] item: Leftovers\n|upkeep\n|turn|13\n|\n|t:|1700136297\n|move|p1a: Aggron|Body Press|p2a: Ursaluna\n|-supereffective|p2a: Ursaluna\n|-damage|p2a: Ursaluna|0 fnt\n|faint|p2a: Ursaluna\n|\n|-heal|p1a: Aggron|31\/100|[from] item: Leftovers\n|upkeep\n|\n|t:|1700136300\n|switch|p2a: Tapu Koko|Tapu Koko|100\/100\n|turn|14\n|\n|t:|1700136307\n|move|p2a: Tapu Koko|Volt Switch|p1a: Aggron\n|-damage|p1a: Aggron|0 fnt\n|faint|p1a: Aggron\n|\n|t:|1700136310\n|switch|p2a: Dragonite|Dragonite, M|84\/100|[from] Volt Switch\n|\n|upkeep\n|\n|t:|1700136317\n|switch|p1a: Tapu Lele|Tapu Lele|64\/100\n|-fieldstart|move: Psychic Terrain|[from] ability: Psychic Surge|[of] p1a: Tapu Lele\n|turn|15\n|\n|t:|1700136328\n|-terastallize|p2a: Dragonite|Normal\n|move|p2a: Dragonite|Dual Wingbeat|p1a: Tapu Lele\n|-damage|p1a: Tapu Lele|23\/100\n|-damage|p1a: Tapu Lele|0 fnt\n|faint|p1a: Tapu Lele\n|-hitcount|p1: Tapu Lele|2\n|\n|upkeep\n|\n|t:|1700136339\n|switch|p1a: Latias|Latias, F|100\/100\n|turn|16\n|\n|t:|1700136347\n|switch|p2a: Tapu Koko|Tapu Koko|100\/100\n|-fieldstart|move: Electric Terrain|[from] ability: Electric Surge|[of] p2a: Tapu Koko\n|detailschange|p1a: Latias|Latias-Mega, F\n|-mega|p1a: Latias|Latias|Latiasite\n|move|p1a: Latias|Calm Mind|p1a: Latias\n|-boost|p1a: Latias|spa|1\n|-boost|p1a: Latias|spd|1\n|\n|upkeep\n|turn|17\n|\n|t:|1700136358\n|move|p2a: Tapu Koko|Dazzling Gleam|p1a: Latias\n|-supereffective|p1a: Latias\n|-damage|p1a: Latias|55\/100\n|move|p1a: Latias|Reflect|p1a: Latias\n|-sidestart|p1: bosskingeee|Reflect\n|\n|upkeep\n|turn|18\n|\n|t:|1700136364\n|move|p2a: Tapu Koko|Dazzling Gleam|p1a: Latias\n|-supereffective|p1a: Latias\n|-damage|p1a: Latias|11\/100\n|move|p1a: Latias|Recover|p1a: Latias\n|-heal|p1a: Latias|61\/100\n|\n|upkeep\n|turn|19\n|\n|t:|1700136375\n|move|p2a: Tapu Koko|Dazzling Gleam|p1a: Latias\n|-supereffective|p1a: Latias\n|-damage|p1a: Latias|18\/100\n|move|p1a: Latias|Recover|p1a: Latias\n|-heal|p1a: Latias|68\/100\n|\n|upkeep\n|turn|20\n|\n|t:|1700136381\n|move|p2a: Tapu Koko|Dazzling Gleam|p1a: Latias\n|-supereffective|p1a: Latias\n|-damage|p1a: Latias|24\/100\n|move|p1a: Latias|Recover|p1a: Latias\n|-heal|p1a: Latias|74\/100\n|\n|-fieldend|move: Electric Terrain\n|upkeep\n|turn|21\n|\n|t:|1700136389\n|move|p2a: Tapu Koko|Dazzling Gleam|p1a: Latias\n|-supereffective|p1a: Latias\n|-damage|p1a: Latias|29\/100\n|move|p1a: Latias|Recover|p1a: Latias\n|-heal|p1a: Latias|79\/100\n|\n|-sideend|p1: bosskingeee|Reflect\n|upkeep\n|turn|22\n|\n|t:|1700136398\n|move|p2a: Tapu Koko|Dazzling Gleam|p1a: Latias\n|-supereffective|p1a: Latias\n|-damage|p1a: Latias|38\/100\n|move|p1a: Latias|Recover|p1a: Latias\n|-heal|p1a: Latias|88\/100\n|\n|upkeep\n|turn|23\n|\n|t:|1700136405\n|move|p2a: Tapu Koko|Dazzling Gleam|p1a: Latias\n|-supereffective|p1a: Latias\n|-damage|p1a: Latias|43\/100\n|move|p1a: Latias|Calm Mind|p1a: Latias\n|-boost|p1a: Latias|spa|1\n|-boost|p1a: Latias|spd|1\n|\n|upkeep\n|turn|24\n|\n|t:|1700136413\n|move|p2a: Tapu Koko|Dazzling Gleam|p1a: Latias\n|-supereffective|p1a: Latias\n|-damage|p1a: Latias|12\/100\n|move|p1a: Latias|Recover|p1a: Latias\n|-heal|p1a: Latias|62\/100\n|\n|upkeep\n|turn|25\n|\n|t:|1700136420\n|move|p2a: Tapu Koko|Dazzling Gleam|p1a: Latias\n|-supereffective|p1a: Latias\n|-damage|p1a: Latias|27\/100\n|move|p1a: Latias|Recover|p1a: Latias\n|-heal|p1a: Latias|77\/100\n|\n|upkeep\n|turn|26\n|\n|t:|1700136427\n|move|p2a: Tapu Koko|Dazzling Gleam|p1a: Latias\n|-supereffective|p1a: Latias\n|-damage|p1a: Latias|44\/100\n|move|p1a: Latias|Stored Power|p2a: Tapu Koko\n|-damage|p2a: Tapu Koko|0 fnt\n|faint|p2a: Tapu Koko\n|\n|upkeep\n|\n|t:|1700136431\n|switch|p2a: Dragonite|Dragonite, M, tera:Normal|84\/100\n|turn|27\n|\n|t:|1700136439\n|move|p2a: Dragonite|Extreme Speed|p1a: Latias\n|-damage|p1a: Latias|0 fnt\n|faint|p1a: Latias\n|\n|upkeep\n|\n|t:|1700136444\n|switch|p1a: Garganacl|Garganacl, M|72\/100\n|turn|28\n|\n|t:|1700136452\n|move|p2a: Dragonite|Extreme Speed|p1a: Garganacl\n|-resisted|p1a: Garganacl\n|-damage|p1a: Garganacl|50\/100\n|move|p1a: Garganacl|Iron Defense|p1a: Garganacl\n|-boost|p1a: Garganacl|def|2\n|\n|-heal|p1a: Garganacl|56\/100|[from] item: Leftovers\n|upkeep\n|turn|29\n|-message|poklmn forfeited.\n|\n|win|bosskingeee\n|raw|bosskingeee's rating: 1421 &rarr; <strong>1442<\/strong><br \/>(+21 for winning)\n|raw|poklmn's rating: 1443 &rarr; <strong>1422<\/strong><br \/>(-21 for losing)\n|l|\u2606poklmn\n|c|\u2606bosskingeee|\u5934\u5e26\u5feb\u9f99\n","uploadtime":1700136473,"views":14,"p1id":"bosskingeee","p2id":"poklmn","formatid":"gen9nationaldex","rating":1422,"private":0,"password":""}