{"id":"gen9nationaldex-1989706711","p1":"oreoman129934","p2":"Wembsley","format":"[Gen 9] National Dex","log":"|j|\u2606oreoman129934\n|j|\u2606Wembsley\n|t:|1699888720\n|gametype|singles\n|player|p1|oreoman129934|skier|1478\n|player|p2|Wembsley|shadowtriad|1479\n|teamsize|p1|6\n|teamsize|p2|6\n|gen|9\n|tier|[Gen 9] National Dex\n|rated|\n|rule|HP Percentage Mod: HP is shown in percentages\n|rule|Endless Battle Clause: Forcing endless battles is banned\n|rule|OHKO Clause: OHKO moves are banned\n|rule|Evasion Clause: Evasion abilities, items, and moves are banned\n|rule|Evasion Abilities Clause: Evasion abilities are banned\n|rule|Evasion Items Clause: Evasion items are banned\n|rule|Evasion Moves Clause: Evasion moves are banned\n|rule|Species Clause: Limit one of each Pok\u00e9mon\n|rule|Sleep Clause Mod: Limit one foe put to sleep\n|clearpoke\n|poke|p1|Tapu Koko|\n|poke|p1|Iron Moth|\n|poke|p1|Gliscor, F|\n|poke|p1|Sneasler, M|\n|poke|p1|Gyarados, M|\n|poke|p1|Garganacl, F|\n|poke|p2|Scizor, F|\n|poke|p2|Rotom-Wash|\n|poke|p2|Garchomp, F|\n|poke|p2|Heatran, M|\n|poke|p2|Landorus-Therian, M|\n|poke|p2|Kartana|\n|teampreview\n|inactive|Battle timer is ON: inactive players will automatically lose when time's up. (requested by Wembsley)\n|inactive|oreoman129934 also wants the timer to be on.\n|\n|t:|1699888725\n|start\n|switch|p1a: Gliscor|Gliscor, F|100\/100\n|switch|p2a: Fake Dog|Landorus-Therian, M|100\/100\n|-ability|p2a: Fake Dog|Intimidate|boost\n|-unboost|p1a: Gliscor|atk|1\n|turn|1\n|\n|t:|1699888728\n|move|p1a: Gliscor|Protect|p1a: Gliscor\n|-singleturn|p1a: Gliscor|Protect\n|move|p2a: Fake Dog|Hidden Power|p1a: Gliscor\n|-activate|p1a: Gliscor|move: Protect\n|\n|-status|p1a: Gliscor|tox|[from] item: Toxic Orb\n|upkeep\n|turn|2\n|\n|t:|1699888732\n|move|p2a: Fake Dog|Hidden Power|p1a: Gliscor\n|-supereffective|p1a: Gliscor\n|-crit|p1a: Gliscor\n|-damage|p1a: Gliscor|2\/100 tox\n|move|p1a: Gliscor|Toxic|p2a: Fake Dog\n|-status|p2a: Fake Dog|tox\n|\n|-damage|p2a: Fake Dog|95\/100 tox|[from] psn\n|-heal|p1a: Gliscor|15\/100 tox|[from] ability: Poison Heal\n|upkeep\n|turn|3\n|\n|t:|1699888738\n|switch|p2a: Sharknado|Garchomp, F|100\/100\n|move|p1a: Gliscor|Protect||[still]\n|-fail|p1a: Gliscor\n|\n|-heal|p1a: Gliscor|27\/100 tox|[from] ability: Poison Heal\n|upkeep\n|turn|4\n|\n|t:|1699888745\n|switch|p1a: Gyarados|Gyarados, M|100\/100\n|-ability|p1a: Gyarados|Intimidate|boost\n|-unboost|p2a: Sharknado|atk|1\n|move|p2a: Sharknado|Stone Edge|p1a: Gyarados\n|-supereffective|p1a: Gyarados\n|-damage|p1a: Gyarados|37\/100\n|\n|upkeep\n|turn|5\n|\n|t:|1699888753\n|detailschange|p1a: Gyarados|Gyarados-Mega, M\n|-mega|p1a: Gyarados|Gyarados|Gyaradosite\n|-ability|p1a: Gyarados|Mold Breaker\n|move|p2a: Sharknado|Stealth Rock|p1a: Gyarados\n|-sidestart|p1: oreoman129934|move: Stealth Rock\n|move|p1a: Gyarados|Dragon Dance|p1a: Gyarados\n|-boost|p1a: Gyarados|atk|1\n|-boost|p1a: Gyarados|spe|1\n|\n|upkeep\n|turn|6\n|\n|t:|1699888758\n|switch|p2a: Hiding Place|Rotom-Wash|100\/100\n|move|p1a: Gyarados|Waterfall|p2a: Hiding Place\n|-resisted|p2a: Hiding Place\n|-damage|p2a: Hiding Place|71\/100\n|\n|-heal|p2a: Hiding Place|77\/100|[from] item: Leftovers\n|upkeep\n|turn|7\n|\n|t:|1699888761\n|move|p1a: Gyarados|Earthquake|p2a: Hiding Place\n|-supereffective|p2a: Hiding Place\n|-damage|p2a: Hiding Place|0 fnt\n|faint|p2a: Hiding Place\n|\n|upkeep\n|\n|t:|1699888763\n|switch|p2a: Also No Running|Kartana|100\/100\n|turn|8\n|\n|t:|1699888768\n|move|p2a: Also No Running|Leaf Blade|p1a: Gyarados\n|-supereffective|p1a: Gyarados\n|-damage|p1a: Gyarados|0 fnt\n|faint|p1a: Gyarados\n|-ability|p2a: Also No Running|Beast Boost|boost\n|-boost|p2a: Also No Running|atk|1\n|\n|upkeep\n|\n|t:|1699888774\n|switch|p1a: Iron Moth|Iron Moth|100\/100\n|-damage|p1a: Iron Moth|76\/100|[from] Stealth Rock\n|-item|p1a: Iron Moth|Air Balloon\n|turn|9\n|\n|t:|1699888778\n|switch|p2a: Abomination|Heatran, M|100\/100\n|move|p1a: Iron Moth|Discharge|p2a: Abomination\n|-damage|p2a: Abomination|80\/100\n|\n|-heal|p2a: Abomination|87\/100|[from] item: Leftovers\n|upkeep\n|turn|10\n|\n|t:|1699888785\n|move|p1a: Iron Moth|Discharge|p2a: Abomination\n|-damage|p2a: Abomination|68\/100\n|move|p2a: Abomination|Magma Storm|p1a: Iron Moth|[miss]\n|-miss|p2a: Abomination|p1a: Iron Moth\n|\n|-heal|p2a: Abomination|74\/100|[from] item: Leftovers\n|upkeep\n|turn|11\n|\n|t:|1699888789\n|move|p1a: Iron Moth|Discharge|p2a: Abomination\n|-damage|p2a: Abomination|52\/100\n|-status|p2a: Abomination|par\n|cant|p2a: Abomination|par\n|\n|-heal|p2a: Abomination|59\/100 par|[from] item: Leftovers\n|upkeep\n|turn|12\n|\n|t:|1699888794\n|-end|p1a: Iron Moth|Quark Drive|[silent]\n|switch|p1a: Gliscor|Gliscor, F|27\/100 tox\n|-damage|p1a: Gliscor|15\/100 tox|[from] Stealth Rock\n|move|p2a: Abomination|Magma Storm|p1a: Gliscor\n|-crit|p1a: Gliscor\n|-damage|p1a: Gliscor|0 fnt\n|faint|p1a: Gliscor\n|\n|-heal|p2a: Abomination|65\/100 par|[from] item: Leftovers\n|upkeep\n|c|\u2606Wembsley|you enjoying the luck?\n|\n|t:|1699888803\n|switch|p1a: Tapu Koko|Tapu Koko|100\/100\n|-damage|p1a: Tapu Koko|88\/100|[from] Stealth Rock\n|-fieldstart|move: Electric Terrain|[from] ability: Electric Surge|[of] p1a: Tapu Koko\n|turn|13\n|\n|t:|1699888806\n|move|p1a: Tapu Koko|Hidden Power|p2a: Abomination\n|-resisted|p2a: Abomination\n|-damage|p2a: Abomination|62\/100 par\n|move|p2a: Abomination|Toxic|p1a: Tapu Koko\n|-status|p1a: Tapu Koko|tox\n|\n|-heal|p2a: Abomination|68\/100 par|[from] item: Leftovers\n|-damage|p1a: Tapu Koko|82\/100 tox|[from] psn\n|upkeep\n|turn|14\n|\n|t:|1699888811\n|switch|p2a: Fake Dog|Landorus-Therian, M|95\/100 tox\n|-ability|p2a: Fake Dog|Intimidate|boost\n|-unboost|p1a: Tapu Koko|atk|1\n|-zpower|p1a: Tapu Koko\n|move|p1a: Tapu Koko|Gigavolt Havoc|p2a: Fake Dog|[zeffect]\n|-immune|p2a: Fake Dog\n|\n|-damage|p2a: Fake Dog|89\/100 tox|[from] psn\n|-damage|p1a: Tapu Koko|70\/100 tox|[from] psn\n|upkeep\n|turn|15\n|\n|t:|1699888815\n|move|p2a: Fake Dog|U-turn|p1a: Tapu Koko\n|-resisted|p1a: Tapu Koko\n|-damage|p1a: Tapu Koko|52\/100 tox\n|\n|t:|1699888817\n|switch|p2a: Abomination|Heatran, M|68\/100 par|[from] U-turn\n|move|p1a: Tapu Koko|Hidden Power|p2a: Abomination\n|-resisted|p2a: Abomination\n|-damage|p2a: Abomination|66\/100 par\n|\n|-heal|p2a: Abomination|72\/100 par|[from] item: Leftovers\n|-damage|p1a: Tapu Koko|34\/100 tox|[from] psn\n|upkeep\n|turn|16\n|\n|t:|1699888821\n|switch|p2a: No Running|Scizor, F|100\/100\n|move|p1a: Tapu Koko|Hidden Power|p2a: No Running\n|-resisted|p2a: No Running\n|-damage|p2a: No Running|93\/100\n|\n|-damage|p1a: Tapu Koko|10\/100 tox|[from] psn\n|upkeep\n|turn|17\n|\n|t:|1699888825\n|switch|p2a: Sharknado|Garchomp, F|100\/100\n|move|p1a: Tapu Koko|Thunderbolt|p2a: Sharknado\n|-immune|p2a: Sharknado\n|\n|-damage|p1a: Tapu Koko|0 fnt|[from] psn\n|faint|p1a: Tapu Koko\n|-fieldend|move: Electric Terrain\n|upkeep\n|\n|t:|1699888828\n|switch|p1a: Garganacl|Garganacl, F|100\/100\n|-damage|p1a: Garganacl|88\/100|[from] Stealth Rock\n|turn|18\n|\n|t:|1699888830\n|move|p2a: Sharknado|Earthquake|p1a: Garganacl\n|-supereffective|p1a: Garganacl\n|-damage|p1a: Garganacl|28\/100\n|move|p1a: Garganacl|Curse|p1a: Garganacl\n|-unboost|p1a: Garganacl|spe|1\n|-boost|p1a: Garganacl|atk|1\n|-boost|p1a: Garganacl|def|1\n|\n|-heal|p1a: Garganacl|34\/100|[from] item: Leftovers\n|upkeep\n|turn|19\n|\n|t:|1699888835\n|-terastallize|p1a: Garganacl|Dark\n|move|p2a: Sharknado|Earthquake|p1a: Garganacl\n|-damage|p1a: Garganacl|16\/100\n|move|p1a: Garganacl|Recover|p1a: Garganacl\n|-heal|p1a: Garganacl|66\/100\n|\n|-heal|p1a: Garganacl|73\/100|[from] item: Leftovers\n|upkeep\n|turn|20\n|\n|t:|1699888839\n|move|p2a: Sharknado|Swords Dance|p2a: Sharknado\n|-boost|p2a: Sharknado|atk|2\n|move|p1a: Garganacl|Recover|p1a: Garganacl\n|-heal|p1a: Garganacl|100\/100\n|\n|upkeep\n|turn|21\n|\n|t:|1699888842\n|move|p2a: Sharknado|Swords Dance|p2a: Sharknado\n|-boost|p2a: Sharknado|atk|2\n|move|p1a: Garganacl|Salt Cure|p2a: Sharknado\n|-resisted|p2a: Sharknado\n|-damage|p2a: Sharknado|90\/100\n|-start|p2a: Sharknado|Salt Cure\n|\n|-damage|p2a: Sharknado|78\/100|[from] Salt Cure\n|upkeep\n|turn|22\n|\n|t:|1699888845\n|move|p2a: Sharknado|Swords Dance|p2a: Sharknado\n|-boost|p2a: Sharknado|atk|2\n|move|p1a: Garganacl|Curse|p1a: Garganacl\n|-unboost|p1a: Garganacl|spe|1\n|-boost|p1a: Garganacl|atk|1\n|-boost|p1a: Garganacl|def|1\n|\n|-damage|p2a: Sharknado|66\/100|[from] Salt Cure\n|upkeep\n|turn|23\n|\n|t:|1699888847\n|-zpower|p2a: Sharknado\n|move|p2a: Sharknado|Continental Crush|p1a: Garganacl|[zeffect]\n|-damage|p1a: Garganacl|28\/100\n|move|p1a: Garganacl|Curse|p1a: Garganacl\n|-unboost|p1a: Garganacl|spe|1\n|-boost|p1a: Garganacl|atk|1\n|-boost|p1a: Garganacl|def|1\n|\n|-heal|p1a: Garganacl|34\/100|[from] item: Leftovers\n|-damage|p2a: Sharknado|53\/100|[from] Salt Cure\n|upkeep\n|turn|24\n|\n|t:|1699888851\n|move|p2a: Sharknado|Earthquake|p1a: Garganacl\n|-damage|p1a: Garganacl|0 fnt\n|faint|p1a: Garganacl\n|\n|-damage|p2a: Sharknado|41\/100|[from] Salt Cure\n|upkeep\n|\n|t:|1699888855\n|switch|p1a: Sneasler|Sneasler, M|100\/100\n|-damage|p1a: Sneasler|95\/100|[from] Stealth Rock\n|turn|25\n|\n|t:|1699888859\n|move|p1a: Sneasler|Dire Claw|p2a: Sharknado\n|-resisted|p2a: Sharknado\n|-damage|p2a: Sharknado|17\/100\n|-status|p2a: Sharknado|psn\n|-damage|p1a: Sneasler|82\/100|[from] ability: Rough Skin|[of] p2a: Sharknado\n|move|p2a: Sharknado|Earthquake|p1a: Sneasler\n|-supereffective|p1a: Sneasler\n|-damage|p1a: Sneasler|0 fnt\n|faint|p1a: Sneasler\n|\n|-damage|p2a: Sharknado|5\/100 psn|[from] psn\n|-damage|p2a: Sharknado|0 fnt|[from] Salt Cure\n|faint|p2a: Sharknado\n|upkeep\n|c|\u2606Wembsley|LOL\n|c|\u2606Wembsley|ur bad\n|c|\u2606Wembsley|even the luck tried to save you\n|\n|t:|1699888878\n|switch|p1a: Iron Moth|Iron Moth|76\/100\n|switch|p2a: Abomination|Heatran, M|72\/100 par\n|-damage|p1a: Iron Moth|51\/100|[from] Stealth Rock\n|-item|p1a: Iron Moth|Air Balloon\n|turn|26\n|\n|t:|1699888882\n|move|p1a: Iron Moth|Discharge|p2a: Abomination\n|-damage|p2a: Abomination|53\/100 par\n|move|p2a: Abomination|Magma Storm|p1a: Iron Moth\n|-resisted|p1a: Iron Moth\n|-crit|p1a: Iron Moth\n|-damage|p1a: Iron Moth|15\/100\n|-activate|p1a: Iron Moth|move: Magma Storm|[of] p2a: Abomination\n|-enditem|p1a: Iron Moth|Air Balloon\n|\n|-heal|p2a: Abomination|59\/100 par|[from] item: Leftovers\n|-damage|p1a: Iron Moth|2\/100|[from] move: Magma Storm|[partiallytrapped]\n|upkeep\n|turn|27\n|\n|t:|1699888888\n|switch|p2a: Fake Dog|Landorus-Therian, M|89\/100 tox\n|-ability|p2a: Fake Dog|Intimidate|boost\n|-unboost|p1a: Iron Moth|atk|1\n|move|p1a: Iron Moth|Discharge|p2a: Fake Dog\n|-immune|p2a: Fake Dog\n|\n|-damage|p2a: Fake Dog|83\/100 tox|[from] psn\n|-end|p1a: Iron Moth|Magma Storm|[partiallytrapped]|[silent]\n|upkeep\n|turn|28\n|\n|t:|1699888892\n|switch|p2a: Abomination|Heatran, M|59\/100 par\n|move|p1a: Iron Moth|Fiery Dance|p2a: Abomination\n|-start|p2a: Abomination|ability: Flash Fire\n|\n|-heal|p2a: Abomination|66\/100 par|[from] item: Leftovers\n|upkeep\n|turn|29\n|\n|t:|1699888895\n|-end|p2a: Abomination|ability: Flash Fire|[silent]\n|switch|p2a: Fake Dog|Landorus-Therian, M|83\/100 tox\n|-ability|p2a: Fake Dog|Intimidate|boost\n|-unboost|p1a: Iron Moth|atk|1\n|move|p1a: Iron Moth|Discharge|p2a: Fake Dog\n|-immune|p2a: Fake Dog\n|\n|-damage|p2a: Fake Dog|77\/100 tox|[from] psn\n|upkeep\n|turn|30\n|\n|t:|1699888897\n|switch|p2a: No Running|Scizor, F|93\/100\n|move|p1a: Iron Moth|Discharge|p2a: No Running\n|-damage|p2a: No Running|67\/100\n|-status|p2a: No Running|par\n|\n|upkeep\n|turn|31\n|\n|t:|1699888900\n|switch|p2a: Abomination|Heatran, M|66\/100 par\n|move|p1a: Iron Moth|Fiery Dance|p2a: Abomination\n|-start|p2a: Abomination|ability: Flash Fire\n|\n|-heal|p2a: Abomination|72\/100 par|[from] item: Leftovers\n|upkeep\n|turn|32\n|\n|t:|1699888903\n|-end|p2a: Abomination|ability: Flash Fire|[silent]\n|switch|p2a: Fake Dog|Landorus-Therian, M|77\/100 tox\n|-ability|p2a: Fake Dog|Intimidate|boost\n|-unboost|p1a: Iron Moth|atk|1\n|move|p1a: Iron Moth|Discharge|p2a: Fake Dog\n|-immune|p2a: Fake Dog\n|\n|-damage|p2a: Fake Dog|71\/100 tox|[from] psn\n|upkeep\n|turn|33\n|\n|t:|1699888906\n|switch|p2a: No Running|Scizor, F|67\/100 par\n|move|p1a: Iron Moth|Discharge|p2a: No Running\n|-damage|p2a: No Running|41\/100 par\n|\n|upkeep\n|turn|34\n|\n|t:|1699888909\n|move|p2a: No Running|Bullet Punch|p1a: Iron Moth\n|-resisted|p1a: Iron Moth\n|-damage|p1a: Iron Moth|0 fnt\n|faint|p1a: Iron Moth\n|-end|p1a: Iron Moth|Quark Drive|[silent]\n|\n|win|Wembsley\n|raw|oreoman129934's rating: 1478 &rarr; <strong>1458<\/strong><br \/>(-20 for losing)\n|raw|Wembsley's rating: 1479 &rarr; <strong>1499<\/strong><br \/>(+20 for winning)\n|c|\u2606Wembsley|gg\n|c|\u2606oreoman129934|hilarious\n|c|\u2606oreoman129934|saving this\n|c|\u2606Wembsley|lol\n|c|\u2606Wembsley|go for it\n|c|\u2606Wembsley|the reads on koko went crazy\n|c|\u2606Wembsley|might just save it too\n","uploadtime":1699888950,"views":4,"p1id":"oreoman129934","p2id":"wembsley","formatid":"gen9nationaldex","rating":1458,"private":0,"password":""}