{"id":"gen9nationaldex-1988459737","p1":"FiveFingerIcePunch","p2":"affwdaxax","format":"[Gen 9] National Dex","log":"|j|\u2606FiveFingerIcePunch\n|j|\u2606affwdaxax\n|t:|1699725251\n|gametype|singles\n|player|p1|FiveFingerIcePunch|workerice|1561\n|player|p2|affwdaxax|dawn|1497\n|teamsize|p1|6\n|teamsize|p2|6\n|gen|9\n|tier|[Gen 9] National Dex\n|rated|\n|rule|HP Percentage Mod: HP is shown in percentages\n|rule|Endless Battle Clause: Forcing endless battles is banned\n|rule|OHKO Clause: OHKO moves are banned\n|rule|Evasion Clause: Evasion abilities, items, and moves are banned\n|rule|Evasion Abilities Clause: Evasion abilities are banned\n|rule|Evasion Items Clause: Evasion items are banned\n|rule|Evasion Moves Clause: Evasion moves are banned\n|rule|Species Clause: Limit one of each Pok\u00e9mon\n|rule|Sleep Clause Mod: Limit one foe put to sleep\n|clearpoke\n|poke|p1|Tangela, M|\n|poke|p1|Iron Valiant|\n|poke|p1|Excadrill, M|\n|poke|p1|Toxapex, F|\n|poke|p1|Lopunny, F|\n|poke|p1|Kommo-o, M|\n|poke|p2|Ninetales-Alola, M|\n|poke|p2|Tapu Lele|\n|poke|p2|Charizard, M|\n|poke|p2|Rillaboom, F|\n|poke|p2|Moltres-Galar|\n|poke|p2|Ogerpon-Wellspring, F|\n|teampreview\n|inactive|Battle timer is ON: inactive players will automatically lose when time's up. (requested by affwdaxax)\n|\n|t:|1699725257\n|start\n|switch|p1a: Hello Brother|Excadrill, M, shiny|100\/100\n|switch|p2a: Ninetales|Ninetales-Alola, M|100\/100\n|-weather|Snow|[from] ability: Snow Warning|[of] p2a: Ninetales\n|-ability|p1a: Hello Brother|Mold Breaker\n|turn|1\n|c|\u2606FiveFingerIcePunch|Gl;Hf\n|\n|t:|1699725264\n|move|p2a: Ninetales|Aurora Veil|p2a: Ninetales\n|-sidestart|p2: affwdaxax|move: Aurora Veil\n|move|p1a: Hello Brother|Rapid Spin|p2a: Ninetales\n|-damage|p2a: Ninetales|93\/100\n|-boost|p1a: Hello Brother|spe|1\n|\n|-weather|Snow|[upkeep]\n|upkeep\n|turn|2\n|\n|t:|1699725270\n|switch|p2a: Charizard|Charizard, M|100\/100\n|move|p1a: Hello Brother|Swords Dance|p1a: Hello Brother\n|-boost|p1a: Hello Brother|atk|2\n|\n|-weather|Snow|[upkeep]\n|upkeep\n|turn|3\n|\n|t:|1699725276\n|detailschange|p2a: Charizard|Charizard-Mega-X, M\n|-mega|p2a: Charizard|Charizard|Charizardite X\n|move|p1a: Hello Brother|Earthquake|p2a: Charizard\n|-supereffective|p2a: Charizard\n|-damage|p2a: Charizard|0 fnt\n|faint|p2a: Charizard\n|\n|-weather|Snow|[upkeep]\n|upkeep\n|\n|t:|1699725282\n|switch|p2a: Ogerpon|Ogerpon-Wellspring, F|100\/100\n|turn|4\n|\n|t:|1699725286\n|move|p1a: Hello Brother|Iron Head|p2a: Ogerpon\n|-resisted|p2a: Ogerpon\n|-crit|p2a: Ogerpon\n|-damage|p2a: Ogerpon|23\/100\n|move|p2a: Ogerpon|Ivy Cudgel|p1a: Hello Brother\n|-supereffective|p1a: Hello Brother\n|-enditem|p1a: Hello Brother|Focus Sash\n|-damage|p1a: Hello Brother|1\/100\n|\n|-weather|Snow|[upkeep]\n|upkeep\n|turn|5\n|\n|t:|1699725289\n|move|p1a: Hello Brother|Iron Head|p2a: Ogerpon\n|-resisted|p2a: Ogerpon\n|-damage|p2a: Ogerpon|0 fnt\n|faint|p2a: Ogerpon\n|\n|-weather|none\n|upkeep\n|\n|t:|1699725294\n|switch|p2a: Rillaboom|Rillaboom, F, shiny|100\/100\n|-fieldstart|move: Grassy Terrain|[from] ability: Grassy Surge|[of] p2a: Rillaboom\n|turn|6\n|\n|t:|1699725299\n|switch|p1a: Spaghetti Man|Tangela, M, shiny|100\/100\n|move|p2a: Rillaboom|Grassy Glide|p1a: Spaghetti Man\n|-resisted|p1a: Spaghetti Man\n|-damage|p1a: Spaghetti Man|87\/100\n|\n|-heal|p1a: Spaghetti Man|93\/100|[from] Grassy Terrain\n|upkeep\n|turn|7\n|-message|affwdaxax forfeited.\n|\n|win|FiveFingerIcePunch\n|raw|FiveFingerIcePunch's rating: 1561 &rarr; <strong>1577<\/strong><br \/>(+16 for winning)\n|raw|affwdaxax's rating: 1497 &rarr; <strong>1481<\/strong><br \/>(-16 for losing)\n|l|\u2606affwdaxax\n","uploadtime":1699725317,"views":7,"p1id":"fivefingericepunch","p2id":"affwdaxax","formatid":"gen9nationaldex","rating":1481,"private":0,"password":""}