{"id":"gen9nationaldex-1995360290","p1":"batmanga","p2":"buyi12137","format":"[Gen 9] National Dex","log":"|html|<div class=\"broadcast-blue\"><strong>[Gen 9] National Dex is currently suspecting Sneasler! For information on how to participate check out the <a href=\"https:\/\/www.smogon.com\/forums\/threads\/sv-national-dex-suspect-8-just-dance.3731534\/\">suspect thread<\/a>.<\/strong><\/div>\n|j|\u2606batmanga\n|j|\u2606buyi12137\n|t:|1700559735\n|gametype|singles\n|player|p1|batmanga|riley|1567\n|player|p2|buyi12137|firebreather|1529\n|teamsize|p1|6\n|teamsize|p2|6\n|gen|9\n|tier|[Gen 9] National Dex\n|rated|\n|rule|HP Percentage Mod: HP is shown in percentages\n|rule|Endless Battle Clause: Forcing endless battles is banned\n|rule|OHKO Clause: OHKO moves are banned\n|rule|Evasion Clause: Evasion abilities, items, and moves are banned\n|rule|Evasion Abilities Clause: Evasion abilities are banned\n|rule|Evasion Items Clause: Evasion items are banned\n|rule|Evasion Moves Clause: Evasion moves are banned\n|rule|Species Clause: Limit one of each Pok\u00e9mon\n|rule|Sleep Clause Mod: Limit one foe put to sleep\n|clearpoke\n|poke|p1|Slowking, M|\n|poke|p1|Zamazenta-*|\n|poke|p1|Raticate, F|\n|poke|p1|Skeledirge, M|\n|poke|p1|Arctozolt|\n|poke|p1|Iron Treads|\n|poke|p2|Toxapex, F|\n|poke|p2|Dondozo, M|\n|poke|p2|Garganacl, M|\n|poke|p2|Sableye, M|\n|poke|p2|Clodsire, F|\n|poke|p2|Gliscor, F|\n|teampreview\n|\n|t:|1700559748\n|start\n|switch|p1a: Skeledirge|Skeledirge, M|100\/100\n|switch|p2a: Sableye|Sableye, M|100\/100\n|turn|1\n|\n|t:|1700559757\n|switch|p2a: Toxapex|Toxapex, F|100\/100\n|move|p1a: Skeledirge|Torch Song|p2a: Toxapex\n|-resisted|p2a: Toxapex\n|-damage|p2a: Toxapex|91\/100\n|-boost|p1a: Skeledirge|spa|1\n|\n|upkeep\n|turn|2\n|\n|t:|1700559764\n|switch|p1a: Raticate|Raticate, F|100\/100\n|move|p2a: Toxapex|Toxic|p1a: Raticate\n|-status|p1a: Raticate|tox\n|\n|-damage|p1a: Raticate|95\/100 tox|[from] psn\n|upkeep\n|turn|3\n|\n|t:|1700559771\n|switch|p2a: Gliscor|Gliscor, F|100\/100\n|move|p1a: Raticate|Swords Dance|p1a: Raticate\n|-boost|p1a: Raticate|atk|2\n|\n|-damage|p1a: Raticate|83\/100 tox|[from] psn\n|-status|p2a: Gliscor|tox|[from] item: Toxic Orb\n|upkeep\n|turn|4\n|\n|t:|1700559779\n|switch|p2a: Dondozo|Dondozo, M|100\/100\n|-terastallize|p1a: Raticate|Normal\n|move|p1a: Raticate|Facade|p2a: Dondozo\n|-damage|p2a: Dondozo|50\/100\n|\n|-heal|p2a: Dondozo|56\/100|[from] item: Leftovers\n|-damage|p1a: Raticate|65\/100 tox|[from] psn\n|upkeep\n|turn|5\n|\n|t:|1700559789\n|switch|p2a: Sableye|Sableye, M|100\/100\n|move|p1a: Raticate|Stomping Tantrum|p2a: Sableye\n|-damage|p2a: Sableye|43\/100\n|\n|-damage|p1a: Raticate|41\/100 tox|[from] psn\n|upkeep\n|turn|6\n|\n|t:|1700559797\n|switch|p1a: Slowking|Slowking, M|100\/100\n|move|p2a: Sableye|Protect||[still]\n|-fail|p2a: Sableye\n|\n|upkeep\n|turn|7\n|\n|t:|1700559803\n|move|p2a: Sableye|Recover|p2a: Sableye\n|-heal|p2a: Sableye|93\/100\n|move|p1a: Slowking|Future Sight|p2a: Sableye\n|-start|p1a: Slowking|move: Future Sight\n|\n|upkeep\n|turn|8\n|\n|t:|1700559807\n|move|p2a: Sableye|Knock Off|p1a: Slowking\n|-supereffective|p1a: Slowking\n|-damage|p1a: Slowking|44\/100\n|-enditem|p1a: Slowking|Icy Rock|[from] move: Knock Off|[of] p2a: Sableye\n|move|p1a: Slowking|Chilly Reception|p1a: Slowking\n|-weather|Snow\n|\n|t:|1700559811\n|switch|p1a: Arctozolt|Arctozolt|100\/100|[from] Chilly Reception\n|\n|-weather|Snow|[upkeep]\n|upkeep\n|turn|9\n|\n|t:|1700559817\n|switch|p1a: Raticate|Raticate, F, tera:Normal|41\/100 tox\n|move|p2a: Sableye|Will-O-Wisp|p1a: Raticate|[miss]\n|-miss|p2a: Sableye|p1a: Raticate\n|\n|-weather|Snow|[upkeep]\n|-end|p2a: Sableye|move: Future Sight\n|-immune|p2a: Sableye\n|-damage|p1a: Raticate|35\/100 tox|[from] psn\n|upkeep\n|turn|10\n|\n|t:|1700559826\n|move|p1a: Raticate|Stomping Tantrum|p2a: Sableye\n|-damage|p2a: Sableye|64\/100\n|move|p2a: Sableye|Knock Off|p1a: Raticate\n|-damage|p1a: Raticate|0 fnt\n|-enditem|p1a: Raticate|Flame Orb|[from] move: Knock Off|[of] p2a: Sableye\n|faint|p1a: Raticate\n|\n|-weather|Snow|[upkeep]\n|upkeep\n|\n|t:|1700559829\n|switch|p1a: Iron Treads|Iron Treads|100\/100\n|-enditem|p1a: Iron Treads|Booster Energy\n|-activate|p1a: Iron Treads|ability: Quark Drive|[fromitem]\n|-start|p1a: Iron Treads|quarkdrivespe\n|turn|11\n|\n|t:|1700559837\n|move|p2a: Sableye|Will-O-Wisp|p1a: Iron Treads\n|-status|p1a: Iron Treads|brn\n|move|p1a: Iron Treads|Stealth Rock|p2a: Sableye\n|-sidestart|p2: buyi12137|move: Stealth Rock\n|\n|-weather|Snow|[upkeep]\n|-damage|p1a: Iron Treads|94\/100 brn|[from] brn\n|upkeep\n|turn|12\n|\n|t:|1700559844\n|move|p2a: Sableye|Recover|p2a: Sableye\n|-heal|p2a: Sableye|100\/100\n|move|p1a: Iron Treads|Steel Beam|p2a: Sableye\n|-damage|p2a: Sableye|18\/100\n|-damage|p1a: Iron Treads|44\/100 brn|[from] steelbeam\n|\n|-weather|none\n|-damage|p1a: Iron Treads|38\/100 brn|[from] brn\n|upkeep\n|turn|13\n|\n|t:|1700559852\n|move|p2a: Sableye|Recover|p2a: Sableye\n|-heal|p2a: Sableye|68\/100\n|move|p1a: Iron Treads|Earthquake|p2a: Sableye\n|-damage|p2a: Sableye|50\/100\n|\n|-damage|p1a: Iron Treads|32\/100 brn|[from] brn\n|upkeep\n|turn|14\n|\n|t:|1700559859\n|move|p2a: Sableye|Recover|p2a: Sableye\n|-heal|p2a: Sableye|99\/100\n|move|p1a: Iron Treads|Steel Beam|p2a: Sableye\n|-damage|p2a: Sableye|14\/100\n|-damage|p1a: Iron Treads|0 fnt|[from] steelbeam\n|faint|p1a: Iron Treads\n|-end|p1a: Iron Treads|Quark Drive|[silent]\n|\n|upkeep\n|\n|t:|1700559864\n|switch|p1a: Skeledirge|Skeledirge, M|100\/100\n|turn|15\n|\n|t:|1700559872\n|switch|p2a: Toxapex|Toxapex, F|100\/100\n|move|p1a: Skeledirge|Torch Song|p2a: Toxapex\n|-resisted|p2a: Toxapex\n|-damage|p2a: Toxapex|92\/100\n|-boost|p1a: Skeledirge|spa|1\n|\n|upkeep\n|turn|16\n|\n|t:|1700559880\n|switch|p1a: Slowking|Slowking, M|77\/100\n|move|p2a: Toxapex|Toxic|p1a: Slowking\n|-status|p1a: Slowking|tox\n|\n|-damage|p1a: Slowking|71\/100 tox|[from] psn\n|upkeep\n|turn|17\n|\n|t:|1700559888\n|switch|p2a: Gliscor|Gliscor, F|100\/100 tox\n|-damage|p2a: Gliscor|88\/100 tox|[from] Stealth Rock\n|move|p1a: Slowking|Future Sight|p2a: Gliscor\n|-start|p1a: Slowking|move: Future Sight\n|\n|-heal|p2a: Gliscor|100\/100 tox|[from] ability: Poison Heal\n|-damage|p1a: Slowking|59\/100 tox|[from] psn\n|upkeep\n|turn|18\n|\n|t:|1700559896\n|move|p2a: Gliscor|Defog|p1a: Slowking\n|-unboost|p1a: Slowking|evasion|1\n|-sideend|p2: buyi12137|Stealth Rock|[from] move: Defog|[of] p2a: Gliscor\n|move|p1a: Slowking|Chilly Reception|p1a: Slowking\n|-weather|Snow\n|\n|t:|1700559899\n|switch|p1a: Arctozolt|Arctozolt|100\/100|[from] Chilly Reception\n|\n|-weather|Snow|[upkeep]\n|upkeep\n|turn|19\n|\n|t:|1700559917\n|move|p1a: Arctozolt|Substitute|p1a: Arctozolt\n|-start|p1a: Arctozolt|Substitute\n|-damage|p1a: Arctozolt|76\/100\n|move|p2a: Gliscor|Toxic||[still]\n|-fail|p2a: Gliscor\n|\n|-weather|Snow|[upkeep]\n|-end|p2a: Gliscor|move: Future Sight\n|-damage|p2a: Gliscor|49\/100 tox\n|-heal|p2a: Gliscor|61\/100 tox|[from] ability: Poison Heal\n|upkeep\n|turn|20\n|\n|t:|1700559929\n|switch|p2a: Dondozo|Dondozo, M|56\/100\n|move|p1a: Arctozolt|Blizzard|p2a: Dondozo\n|-resisted|p2a: Dondozo\n|-damage|p2a: Dondozo|39\/100\n|\n|-weather|Snow|[upkeep]\n|-heal|p2a: Dondozo|46\/100|[from] item: Leftovers\n|upkeep\n|turn|21\n|\n|t:|1700559942\n|switch|p2a: Clodsire|Clodsire, F|100\/100\n|move|p1a: Arctozolt|Bolt Beak|p2a: Clodsire\n|-immune|p2a: Clodsire\n|\n|-weather|Snow|[upkeep]\n|upkeep\n|turn|22\n|\n|t:|1700559950\n|move|p1a: Arctozolt|Blizzard|p2a: Clodsire\n|-supereffective|p2a: Clodsire\n|-damage|p2a: Clodsire|66\/100\n|-status|p2a: Clodsire|frz\n|cant|p2a: Clodsire|frz\n|\n|-weather|none\n|upkeep\n|turn|23\n|\n|t:|1700559957\n|switch|p1a: Zamazenta|Zamazenta|100\/100\n|-ability|p1a: Zamazenta|Dauntless Shield|boost\n|-boost|p1a: Zamazenta|def|1\n|cant|p2a: Clodsire|frz\n|\n|upkeep\n|turn|24\n|\n|t:|1700559964\n|switch|p2a: Toxapex|Toxapex, F|100\/100\n|move|p1a: Zamazenta|Ice Fang|p2a: Toxapex\n|-resisted|p2a: Toxapex\n|-damage|p2a: Toxapex|89\/100\n|-status|p2a: Toxapex|frz\n|\n|upkeep\n|turn|25\n|c|\u2606buyi12137|666\n|\n|t:|1700559975\n|switch|p1a: Slowking|Slowking, M|92\/100 tox\n|-curestatus|p2a: Toxapex|frz|[from] move: Scald\n|move|p2a: Toxapex|Scald|p1a: Slowking\n|-resisted|p1a: Slowking\n|-damage|p1a: Slowking|88\/100 tox\n|\n|-damage|p1a: Slowking|81\/100 tox|[from] psn\n|upkeep\n|turn|26\n|\n|t:|1700559986\n|move|p2a: Toxapex|Toxic|p1a: Slowking\n|-fail|p1a: Slowking|tox\n|move|p1a: Slowking|Future Sight|p2a: Toxapex\n|-start|p1a: Slowking|move: Future Sight\n|\n|-damage|p1a: Slowking|69\/100 tox|[from] psn\n|upkeep\n|turn|27\n|\n|t:|1700559998\n|switch|p2a: Gliscor|Gliscor, F|61\/100 tox\n|move|p1a: Slowking|Chilly Reception|p1a: Slowking\n|-weather|Snow\n|\n|t:|1700560000\n|switch|p1a: Arctozolt|Arctozolt|76\/100|[from] Chilly Reception\n|\n|-weather|Snow|[upkeep]\n|-heal|p2a: Gliscor|73\/100 tox|[from] ability: Poison Heal\n|upkeep\n|turn|28\n|\n|t:|1700560008\n|move|p1a: Arctozolt|Blizzard|p2a: Gliscor\n|-supereffective|p2a: Gliscor\n|-crit|p2a: Gliscor\n|-damage|p2a: Gliscor|0 fnt\n|faint|p2a: Gliscor\n|\n|-weather|Snow|[upkeep]\n|-hint|Future Sight did not hit because the target is fainted.\n|upkeep\n|\n|t:|1700560017\n|switch|p2a: Clodsire|Clodsire, F|66\/100 frz\n|turn|29\n|\n|t:|1700560024\n|switch|p1a: Zamazenta|Zamazenta|100\/100\n|-terastallize|p2a: Clodsire|Dark\n|cant|p2a: Clodsire|frz\n|\n|-weather|Snow|[upkeep]\n|upkeep\n|turn|30\n|\n|t:|1700560030\n|move|p1a: Zamazenta|Ice Fang|p2a: Clodsire\n|-damage|p2a: Clodsire|29\/100 frz\n|cant|p2a: Clodsire|frz\n|\n|-weather|Snow|[upkeep]\n|upkeep\n|turn|31\n|c|\u2606buyi12137|666\n|\n|t:|1700560039\n|move|p1a: Zamazenta|Ice Fang|p2a: Clodsire\n|-damage|p2a: Clodsire|0 fnt\n|faint|p2a: Clodsire\n|\n|-weather|none\n|upkeep\n|\n|t:|1700560044\n|switch|p2a: Garganacl|Garganacl, M|100\/100\n|turn|32\n|\n|t:|1700560049\n|switch|p1a: Slowking|Slowking, M|100\/100 tox\n|move|p2a: Garganacl|Salt Cure|p1a: Slowking\n|-damage|p1a: Slowking|86\/100 tox\n|-start|p1a: Slowking|Salt Cure\n|\n|-damage|p1a: Slowking|80\/100 tox|[from] psn\n|-damage|p1a: Slowking|55\/100 tox|[from] Salt Cure\n|upkeep\n|turn|33\n|\n|t:|1700560058\n|move|p2a: Garganacl|Stealth Rock|p1a: Slowking\n|-sidestart|p1: batmanga|move: Stealth Rock\n|move|p1a: Slowking|Future Sight|p2a: Garganacl\n|-start|p1a: Slowking|move: Future Sight\n|\n|-damage|p1a: Slowking|43\/100 tox|[from] psn\n|-damage|p1a: Slowking|18\/100 tox|[from] Salt Cure\n|upkeep\n|turn|34\n|\n|t:|1700560073\n|move|p2a: Garganacl|Salt Cure|p1a: Slowking\n|-damage|p1a: Slowking|4\/100 tox\n|move|p1a: Slowking|Chilly Reception|p1a: Slowking\n|-weather|Snow\n|\n|t:|1700560078\n|switch|p1a: Arctozolt|Arctozolt|76\/100|[from] Chilly Reception\n|\n|-weather|Snow|[upkeep]\n|upkeep\n|turn|35\n|\n|t:|1700560091\n|switch|p1a: Zamazenta|Zamazenta|100\/100\n|-damage|p1a: Zamazenta|94\/100|[from] Stealth Rock\n|move|p2a: Garganacl|Protect||[still]\n|-fail|p2a: Garganacl\n|\n|-weather|Snow|[upkeep]\n|-end|p2a: Garganacl|move: Future Sight\n|-damage|p2a: Garganacl|73\/100\n|-heal|p2a: Garganacl|79\/100|[from] item: Leftovers\n|upkeep\n|turn|36\n|\n|t:|1700560101\n|move|p1a: Zamazenta|Close Combat|p2a: Garganacl\n|-supereffective|p2a: Garganacl\n|-damage|p2a: Garganacl|0 fnt\n|-unboost|p1a: Zamazenta|def|1\n|-unboost|p1a: Zamazenta|spd|1\n|faint|p2a: Garganacl\n|\n|-weather|Snow|[upkeep]\n|upkeep\n|\n|t:|1700560107\n|switch|p2a: Dondozo|Dondozo, M|46\/100\n|turn|37\n|-message|buyi12137 forfeited.\n|\n|win|batmanga\n|raw|batmanga's rating: 1567 &rarr; <strong>1585<\/strong><br \/>(+18 for winning)\n|raw|buyi12137's rating: 1529 &rarr; <strong>1511<\/strong><br \/>(-18 for losing)\n|l|\u2606buyi12137\n","uploadtime":1700560131,"views":2,"p1id":"batmanga","p2id":"buyi12137","formatid":"gen9nationaldex","rating":1511,"private":0,"password":""}