{"id":"gen9nationaldex-1991908417","p1":"Ralsei Hatty","p2":"XLioneldoX","format":"[Gen 9] National Dex","log":"|j|\u2606Ralsei Hatty\n|j|\u2606XLioneldoX\n|t:|1700136752\n|gametype|singles\n|player|p1|Ralsei Hatty|kieran|1172\n|player|p2|XLioneldoX|266|1123\n|teamsize|p1|6\n|teamsize|p2|6\n|gen|9\n|tier|[Gen 9] National Dex\n|rated|\n|rule|HP Percentage Mod: HP is shown in percentages\n|rule|Endless Battle Clause: Forcing endless battles is banned\n|rule|OHKO Clause: OHKO moves are banned\n|rule|Evasion Clause: Evasion abilities, items, and moves are banned\n|rule|Evasion Abilities Clause: Evasion abilities are banned\n|rule|Evasion Items Clause: Evasion items are banned\n|rule|Evasion Moves Clause: Evasion moves are banned\n|rule|Species Clause: Limit one of each Pok\u00e9mon\n|rule|Sleep Clause Mod: Limit one foe put to sleep\n|clearpoke\n|poke|p1|Banette, F|\n|poke|p1|Ribombee, M|\n|poke|p1|Sneasler, M|\n|poke|p1|Great Tusk|\n|poke|p1|Weavile, M|\n|poke|p1|Tapu Lele|\n|poke|p2|Banette, M|\n|poke|p2|Tapu Koko|\n|poke|p2|Samurott-Hisui, M|\n|poke|p2|Landorus-Therian, M|\n|poke|p2|Iron Valiant|\n|poke|p2|Volcarona, M|\n|teampreview\n|\n|t:|1700136770\n|start\n|switch|p1a: Bomb Bee|Ribombee, M|100\/100\n|switch|p2a: Samurott|Samurott-Hisui, M|100\/100\n|turn|1\n|\n|t:|1700136779\n|move|p2a: Samurott|Razor Shell|p1a: Bomb Bee\n|-damage|p1a: Bomb Bee|18\/100\n|move|p1a: Bomb Bee|Sticky Web|p2a: Samurott\n|-sidestart|p2: XLioneldoX|move: Sticky Web\n|\n|upkeep\n|turn|2\n|\n|t:|1700136791\n|move|p2a: Samurott|Razor Shell|p1a: Bomb Bee\n|-damage|p1a: Bomb Bee|0 fnt\n|faint|p1a: Bomb Bee\n|\n|upkeep\n|inactive|Battle timer is ON: inactive players will automatically lose when time's up. (requested by XLioneldoX)\n|\n|t:|1700136816\n|switch|p1a: Skill|Sneasler, M|100\/100\n|turn|3\n|\n|t:|1700136824\n|switch|p2a: Landorus|Landorus-Therian, M|100\/100\n|-ability|p2a: Landorus|Intimidate|boost\n|-unboost|p1a: Skill|atk|1\n|-enditem|p1a: Skill|White Herb\n|-clearnegativeboost|p1a: Skill|[silent]\n|move|p1a: Skill|Close Combat|p2a: Landorus\n|-resisted|p2a: Landorus\n|-damage|p2a: Landorus|66\/100\n|-unboost|p1a: Skill|def|1\n|-unboost|p1a: Skill|spd|1\n|\n|upkeep\n|turn|4\n|\n|t:|1700136841\n|move|p1a: Skill|Gunk Shot|p2a: Landorus\n|-resisted|p2a: Landorus\n|-damage|p2a: Landorus|33\/100\n|-status|p2a: Landorus|psn\n|move|p2a: Landorus|Stealth Rock|p1a: Skill\n|-sidestart|p1: Ralsei Hatty|move: Stealth Rock\n|\n|-damage|p2a: Landorus|20\/100 psn|[from] psn\n|upkeep\n|turn|5\n|\n|t:|1700136851\n|switch|p2a: Tapu Koko|Tapu Koko|100\/100\n|-activate|p2a: Tapu Koko|move: Sticky Web\n|-unboost|p2a: Tapu Koko|spe|1\n|-fieldstart|move: Electric Terrain|[from] ability: Electric Surge|[of] p2a: Tapu Koko\n|move|p1a: Skill|Swords Dance|p1a: Skill\n|-boost|p1a: Skill|atk|2\n|\n|upkeep\n|turn|6\n|\n|t:|1700136858\n|move|p1a: Skill|Gunk Shot|p2a: Tapu Koko\n|-supereffective|p2a: Tapu Koko\n|-damage|p2a: Tapu Koko|0 fnt\n|faint|p2a: Tapu Koko\n|\n|upkeep\n|\n|t:|1700136878\n|switch|p2a: Banette|Banette, M|100\/100\n|-activate|p2a: Banette|move: Sticky Web\n|-unboost|p2a: Banette|spe|1\n|turn|7\n|\n|t:|1700136885\n|detailschange|p2a: Banette|Banette-Mega, M\n|-mega|p2a: Banette|Banette|Banettite\n|move|p2a: Banette|Sucker Punch||[still]\n|-fail|p2a: Banette\n|move|p1a: Skill|Swords Dance|p1a: Skill\n|-boost|p1a: Skill|atk|2\n|\n|upkeep\n|turn|8\n|\n|t:|1700136901\n|move|p2a: Banette|Sucker Punch|p1a: Skill\n|-resisted|p1a: Skill\n|-damage|p1a: Skill|58\/100\n|move|p1a: Skill|Night Slash|p2a: Banette\n|-supereffective|p2a: Banette\n|-damage|p2a: Banette|0 fnt\n|faint|p2a: Banette\n|\n|upkeep\n|\n|t:|1700136906\n|switch|p2a: Samurott|Samurott-Hisui, M|100\/100\n|-activate|p2a: Samurott|move: Sticky Web\n|-unboost|p2a: Samurott|spe|1\n|turn|9\n|\n|t:|1700136911\n|move|p1a: Skill|Close Combat|p2a: Samurott\n|-supereffective|p2a: Samurott\n|-damage|p2a: Samurott|0 fnt\n|-unboost|p1a: Skill|def|1\n|-unboost|p1a: Skill|spd|1\n|faint|p2a: Samurott\n|\n|-fieldend|move: Electric Terrain\n|upkeep\n|-message|XLioneldoX forfeited.\n|\n|win|Ralsei Hatty\n|raw|Ralsei Hatty's rating: 1172 &rarr; <strong>1193<\/strong><br \/>(+21 for winning)\n|raw|XLioneldoX's rating: 1123 &rarr; <strong>1102<\/strong><br \/>(-21 for losing)\n|l|\u2606XLioneldoX\n","uploadtime":1700136925,"views":4,"p1id":"ralseihatty","p2id":"xlioneldox","formatid":"gen9nationaldex","rating":1102,"private":0,"password":""}