{"id":"gen9nationaldex-1993622418","p1":"andrey99999","p2":"Shoma Yusa","format":"[Gen 9] National Dex","log":"|j|\u2606andrey99999\n|j|\u2606Shoma Yusa\n|t:|1700338535\n|gametype|singles\n|player|p1|andrey99999|volkner|\n|player|p2|Shoma Yusa|grimsley|\n|teamsize|p1|6\n|teamsize|p2|6\n|gen|9\n|tier|[Gen 9] National Dex\n|rule|HP Percentage Mod: HP is shown in percentages\n|rule|Endless Battle Clause: Forcing endless battles is banned\n|rule|OHKO Clause: OHKO moves are banned\n|rule|Evasion Clause: Evasion abilities, items, and moves are banned\n|rule|Evasion Abilities Clause: Evasion abilities are banned\n|rule|Evasion Items Clause: Evasion items are banned\n|rule|Evasion Moves Clause: Evasion moves are banned\n|rule|Species Clause: Limit one of each Pok\u00e9mon\n|rule|Sleep Clause Mod: Limit one foe put to sleep\n|clearpoke\n|poke|p1|Rotom-Wash|\n|poke|p1|Hippowdon, F|\n|poke|p1|Medicham, F|\n|poke|p1|Cinderace, F|\n|poke|p1|Garganacl, F|\n|poke|p1|Rillaboom, M|\n|poke|p2|Meowscarada, F|\n|poke|p2|Zamazenta-*|\n|poke|p2|Grimmsnarl, M|\n|poke|p2|Mandibuzz, F|\n|poke|p2|Bisharp, F|\n|poke|p2|Greninja-*, M|\n|teampreview\n|c|\u2606Shoma Yusa|mucha suerte retador , espero que las penumbras\n|\n|t:|1700338552\n|start\n|switch|p1a: Cinderace|Cinderace, F|100\/100\n|switch|p2a: Meowscarada|Meowscarada, F|100\/100\n|turn|1\n|c|\u2606Shoma Yusa|NO TE CONSUMAN!\n|\n|t:|1700338564\n|move|p2a: Meowscarada|U-turn|p1a: Cinderace\n|-start|p2a: Meowscarada|typechange|Bug|[from] ability: Protean\n|-resisted|p1a: Cinderace\n|-crit|p1a: Cinderace\n|-damage|p1a: Cinderace|68\/100\n|\n|t:|1700338571\n|switch|p2a: Mandibuzz|Mandibuzz, F|100\/100|[from] U-turn\n|move|p1a: Cinderace|U-turn|p2a: Mandibuzz\n|-start|p1a: Cinderace|typechange|Bug|[from] ability: Libero\n|-damage|p2a: Mandibuzz|81\/100\n|\n|t:|1700338581\n|switch|p1a: Rotom|Rotom-Wash|100\/100|[from] U-turn\n|\n|upkeep\n|turn|2\n|\n|t:|1700338594\n|move|p1a: Rotom|Discharge|p2a: Mandibuzz\n|-supereffective|p2a: Mandibuzz\n|-damage|p2a: Mandibuzz|34\/100\n|move|p2a: Mandibuzz|Roost|p2a: Mandibuzz\n|-heal|p2a: Mandibuzz|84\/100\n|-singleturn|p2a: Mandibuzz|move: Roost\n|\n|upkeep\n|turn|3\n|\n|t:|1700338603\n|move|p1a: Rotom|Discharge|p2a: Mandibuzz\n|-supereffective|p2a: Mandibuzz\n|-damage|p2a: Mandibuzz|32\/100\n|move|p2a: Mandibuzz|Toxic|p1a: Rotom\n|-status|p1a: Rotom|tox\n|\n|-damage|p1a: Rotom|94\/100 tox|[from] psn\n|upkeep\n|turn|4\n|\n|t:|1700338613\n|switch|p2a: Grimmsnarl|Grimmsnarl, M|100\/100\n|move|p1a: Rotom|Discharge|p2a: Grimmsnarl\n|-damage|p2a: Grimmsnarl|81\/100\n|\n|-heal|p1a: Rotom|100\/100 tox|[from] item: Leftovers\n|-damage|p1a: Rotom|88\/100 tox|[from] psn\n|upkeep\n|turn|5\n|\n|t:|1700338623\n|move|p2a: Grimmsnarl|Taunt|p1a: Rotom\n|-start|p1a: Rotom|move: Taunt\n|move|p1a: Rotom|Discharge|p2a: Grimmsnarl\n|-damage|p2a: Grimmsnarl|61\/100\n|\n|-heal|p1a: Rotom|94\/100 tox|[from] item: Leftovers\n|-damage|p1a: Rotom|75\/100 tox|[from] psn\n|upkeep\n|turn|6\n|\n|t:|1700338647\n|switch|p1a: Hippowdon|Hippowdon, F|100\/100\n|move|p2a: Grimmsnarl|Light Screen|p2a: Grimmsnarl\n|-sidestart|p2: Shoma Yusa|move: Light Screen\n|\n|upkeep\n|turn|7\n|\n|t:|1700338654\n|move|p2a: Grimmsnarl|Taunt|p1a: Hippowdon\n|-start|p1a: Hippowdon|move: Taunt\n|cant|p1a: Hippowdon|move: Taunt|Toxic\n|\n|upkeep\n|turn|8\n|\n|t:|1700338662\n|move|p2a: Grimmsnarl|Reflect|p2a: Grimmsnarl\n|-sidestart|p2: Shoma Yusa|Reflect\n|move|p1a: Hippowdon|Body Slam|p2a: Grimmsnarl\n|-damage|p2a: Grimmsnarl|48\/100\n|\n|upkeep\n|turn|9\n|\n|t:|1700338680\n|switch|p1a: Medicham|Medicham, F|100\/100\n|move|p2a: Grimmsnarl|Parting Shot|p1a: Medicham\n|-unboost|p1a: Medicham|atk|1\n|-unboost|p1a: Medicham|spa|1\n|\n|t:|1700338722\n|switch|p2a: Oreno Ace|Zamazenta|100\/100|[from] Parting Shot\n|-ability|p2a: Oreno Ace|Dauntless Shield|boost\n|-boost|p2a: Oreno Ace|def|1\n|\n|upkeep\n|turn|10\n|\n|t:|1700338731\n|detailschange|p1a: Medicham|Medicham-Mega, F\n|-mega|p1a: Medicham|Medicham|Medichamite\n|move|p1a: Medicham|Fake Out|p2a: Oreno Ace\n|-damage|p2a: Oreno Ace|97\/100\n|cant|p2a: Oreno Ace|flinch\n|\n|-heal|p2a: Oreno Ace|100\/100|[from] item: Leftovers\n|upkeep\n|turn|11\n|c|\u2606Shoma Yusa|adelante , mega evoluciona!\n|\n|t:|1700338744\n|switch|p1a: Garganacl|Garganacl, F|100\/100\n|move|p2a: Oreno Ace|Iron Defense|p2a: Oreno Ace\n|-boost|p2a: Oreno Ace|def|2\n|\n|upkeep\n|turn|12\n|\n|t:|1700338753\n|move|p2a: Oreno Ace|Substitute|p2a: Oreno Ace\n|-start|p2a: Oreno Ace|Substitute\n|-damage|p2a: Oreno Ace|75\/100\n|move|p1a: Garganacl|Salt Cure|p2a: Oreno Ace\n|-resisted|p2a: Oreno Ace\n|-activate|p2a: Oreno Ace|move: Substitute|[damage]\n|\n|-heal|p2a: Oreno Ace|82\/100|[from] item: Leftovers\n|upkeep\n|turn|13\n|\n|t:|1700338764\n|move|p2a: Oreno Ace|Iron Defense|p2a: Oreno Ace\n|-boost|p2a: Oreno Ace|def|2\n|move|p1a: Garganacl|Stealth Rock|p2a: Oreno Ace\n|-sidestart|p2: Shoma Yusa|move: Stealth Rock\n|\n|-heal|p2a: Oreno Ace|88\/100|[from] item: Leftovers\n|-sideend|p2: Shoma Yusa|move: Light Screen\n|upkeep\n|turn|14\n|\n|t:|1700338778\n|switch|p1a: Hippowdon|Hippowdon, F|100\/100\n|move|p2a: Oreno Ace|Iron Defense|p2a: Oreno Ace\n|-boost|p2a: Oreno Ace|def|1\n|\n|-heal|p2a: Oreno Ace|94\/100|[from] item: Leftovers\n|upkeep\n|turn|15\n|\n|t:|1700338786\n|move|p2a: Oreno Ace|Body Press|p1a: Hippowdon\n|-damage|p1a: Hippowdon|30\/100\n|-damage|p2a: Oreno Ace|78\/100|[from] item: Rocky Helmet|[of] p1a: Hippowdon\n|move|p1a: Hippowdon|Roar|p2a: Oreno Ace\n|drag|p2a: Mandibuzz|Mandibuzz, F|32\/100\n|\n|-sideend|p2: Shoma Yusa|Reflect\n|upkeep\n|turn|16\n|inactive|Battle timer is ON: inactive players will automatically lose when time's up. (requested by Shoma Yusa)\n|inactiveoff|Battle timer is now OFF.\n|\n|t:|1700338802\n|move|p2a: Mandibuzz|Defog|p1a: Hippowdon\n|-unboost|p1a: Hippowdon|evasion|1\n|-sideend|p2: Shoma Yusa|Stealth Rock|[from] move: Defog|[of] p2a: Mandibuzz\n|move|p1a: Hippowdon|Slack Off|p1a: Hippowdon\n|-heal|p1a: Hippowdon|80\/100\n|\n|upkeep\n|turn|17\n|\n|t:|1700338809\n|move|p2a: Mandibuzz|Toxic|p1a: Hippowdon\n|-status|p1a: Hippowdon|tox\n|move|p1a: Hippowdon|Toxic|p2a: Mandibuzz\n|-status|p2a: Mandibuzz|tox\n|\n|-damage|p2a: Mandibuzz|26\/100 tox|[from] psn\n|-damage|p1a: Hippowdon|74\/100 tox|[from] psn\n|upkeep\n|turn|18\n|\n|t:|1700338821\n|switch|p1a: Rotom|Rotom-Wash|75\/100 tox\n|move|p2a: Mandibuzz|Roost|p2a: Mandibuzz\n|-heal|p2a: Mandibuzz|76\/100 tox\n|-singleturn|p2a: Mandibuzz|move: Roost\n|\n|-heal|p1a: Rotom|82\/100 tox|[from] item: Leftovers\n|-damage|p1a: Rotom|75\/100 tox|[from] psn\n|-damage|p2a: Mandibuzz|64\/100 tox|[from] psn\n|upkeep\n|turn|19\n|\n|t:|1700338835\n|switch|p2a: Meowscarada|Meowscarada, F|100\/100\n|move|p1a: Rotom|Discharge|p2a: Meowscarada\n|-resisted|p2a: Meowscarada\n|-damage|p2a: Meowscarada|80\/100\n|\n|-heal|p1a: Rotom|82\/100 tox|[from] item: Leftovers\n|-damage|p1a: Rotom|69\/100 tox|[from] psn\n|upkeep\n|turn|20\n|\n|t:|1700338876\n|switch|p1a: Cinderace|Cinderace, F|68\/100\n|move|p2a: Meowscarada|Knock Off|p1a: Cinderace\n|-start|p2a: Meowscarada|typechange|Dark|[from] ability: Protean\n|-damage|p1a: Cinderace|7\/100\n|-enditem|p1a: Cinderace|Choice Scarf|[from] move: Knock Off|[of] p2a: Meowscarada\n|\n|upkeep\n|turn|21\n|\n|t:|1700338893\n|switch|p1a: Medicham|Medicham-Mega, F|100\/100\n|move|p2a: Meowscarada|Knock Off|p1a: Medicham\n|-damage|p1a: Medicham|55\/100\n|\n|upkeep\n|turn|22\n|\n|t:|1700338903\n|switch|p2a: Bisharp|Bisharp, F|100\/100\n|move|p1a: Medicham|High Jump Kick|p2a: Bisharp\n|-supereffective|p2a: Bisharp\n|-damage|p2a: Bisharp|0 fnt\n|faint|p2a: Bisharp\n|\n|upkeep\n|\n|t:|1700338908\n|switch|p2a: Meowscarada|Meowscarada, F|80\/100\n|turn|23\n|\n|t:|1700338922\n|switch|p1a: Rillaboom|Rillaboom, M|100\/100\n|-fieldstart|move: Grassy Terrain|[from] ability: Grassy Surge|[of] p1a: Rillaboom\n|move|p2a: Meowscarada|Play Rough|p1a: Rillaboom\n|-start|p2a: Meowscarada|typechange|Fairy|[from] ability: Protean\n|-damage|p1a: Rillaboom|55\/100\n|\n|-heal|p2a: Meowscarada|86\/100|[from] Grassy Terrain\n|-heal|p1a: Rillaboom|61\/100|[from] Grassy Terrain\n|upkeep\n|turn|24\n|\n|t:|1700338936\n|switch|p2a: Mandibuzz|Mandibuzz, F|64\/100 tox\n|move|p1a: Rillaboom|Knock Off|p2a: Mandibuzz\n|-resisted|p2a: Mandibuzz\n|-damage|p2a: Mandibuzz|51\/100 tox\n|-enditem|p2a: Mandibuzz|Heavy-Duty Boots|[from] move: Knock Off|[of] p1a: Rillaboom\n|-damage|p1a: Rillaboom|52\/100|[from] item: Life Orb\n|\n|-heal|p1a: Rillaboom|58\/100|[from] Grassy Terrain\n|-damage|p2a: Mandibuzz|45\/100 tox|[from] psn\n|upkeep\n|turn|25\n|\n|t:|1700338950\n|move|p1a: Rillaboom|U-turn|p2a: Mandibuzz\n|-damage|p2a: Mandibuzz|27\/100 tox\n|-damage|p1a: Rillaboom|48\/100|[from] item: Life Orb\n|\n|t:|1700338961\n|switch|p1a: Rotom|Rotom-Wash|69\/100 tox|[from] U-turn\n|move|p2a: Mandibuzz|Roost|p2a: Mandibuzz\n|-heal|p2a: Mandibuzz|77\/100 tox\n|-singleturn|p2a: Mandibuzz|move: Roost\n|\n|-heal|p1a: Rotom|75\/100 tox|[from] item: Leftovers\n|-heal|p2a: Mandibuzz|83\/100 tox|[from] Grassy Terrain\n|-damage|p1a: Rotom|69\/100 tox|[from] psn\n|-damage|p2a: Mandibuzz|71\/100 tox|[from] psn\n|upkeep\n|turn|26\n|\n|t:|1700338979\n|move|p1a: Rotom|Discharge|p2a: Mandibuzz\n|-supereffective|p2a: Mandibuzz\n|-damage|p2a: Mandibuzz|26\/100 tox\n|move|p2a: Mandibuzz|Roost|p2a: Mandibuzz\n|-heal|p2a: Mandibuzz|76\/100 tox\n|-singleturn|p2a: Mandibuzz|move: Roost\n|\n|-heal|p1a: Rotom|75\/100 tox|[from] item: Leftovers\n|-heal|p2a: Mandibuzz|83\/100 tox|[from] Grassy Terrain\n|-damage|p1a: Rotom|63\/100 tox|[from] psn\n|-damage|p2a: Mandibuzz|64\/100 tox|[from] psn\n|upkeep\n|turn|27\n|\n|t:|1700338993\n|switch|p2a: Grimmsnarl|Grimmsnarl, M|48\/100\n|move|p1a: Rotom|Discharge|p2a: Grimmsnarl\n|-damage|p2a: Grimmsnarl|27\/100\n|\n|-heal|p1a: Rotom|69\/100 tox|[from] item: Leftovers\n|-heal|p2a: Grimmsnarl|33\/100|[from] Grassy Terrain\n|-damage|p1a: Rotom|50\/100 tox|[from] psn\n|-fieldend|move: Grassy Terrain\n|upkeep\n|turn|28\n|\n|t:|1700339007\n|switch|p1a: Rillaboom|Rillaboom, M|48\/100\n|-fieldstart|move: Grassy Terrain|[from] ability: Grassy Surge|[of] p1a: Rillaboom\n|move|p2a: Grimmsnarl|Reflect|p2a: Grimmsnarl\n|-sidestart|p2: Shoma Yusa|Reflect\n|\n|-heal|p1a: Rillaboom|54\/100|[from] Grassy Terrain\n|-heal|p2a: Grimmsnarl|39\/100|[from] Grassy Terrain\n|upkeep\n|turn|29\n|\n|t:|1700339018\n|move|p2a: Grimmsnarl|Parting Shot|p1a: Rillaboom\n|-unboost|p1a: Rillaboom|atk|1\n|-unboost|p1a: Rillaboom|spa|1\n|\n|t:|1700339021\n|switch|p2a: Mandibuzz|Mandibuzz, F|64\/100 tox|[from] Parting Shot\n|move|p1a: Rillaboom|Drain Punch|p2a: Mandibuzz\n|-damage|p2a: Mandibuzz|58\/100 tox\n|-heal|p1a: Rillaboom|58\/100|[from] drain|[of] p2a: Mandibuzz\n|-damage|p1a: Rillaboom|48\/100|[from] item: Life Orb\n|\n|-heal|p1a: Rillaboom|54\/100|[from] Grassy Terrain\n|-damage|p2a: Mandibuzz|52\/100 tox|[from] psn\n|upkeep\n|turn|30\n|\n|t:|1700339036\n|move|p1a: Rillaboom|U-turn|p2a: Mandibuzz\n|-damage|p2a: Mandibuzz|46\/100 tox\n|-damage|p1a: Rillaboom|44\/100|[from] item: Life Orb\n|\n|t:|1700339042\n|switch|p1a: Garganacl|Garganacl, F|100\/100|[from] U-turn\n|move|p2a: Mandibuzz|Roost|p2a: Mandibuzz\n|-heal|p2a: Mandibuzz|96\/100 tox\n|-singleturn|p2a: Mandibuzz|move: Roost\n|\n|-heal|p2a: Mandibuzz|100\/100 tox|[from] Grassy Terrain\n|-damage|p2a: Mandibuzz|88\/100 tox|[from] psn\n|upkeep\n|turn|31\n|\n|t:|1700339055\n|switch|p2a: Grimmsnarl|Grimmsnarl, M|39\/100\n|move|p1a: Garganacl|Salt Cure|p2a: Grimmsnarl\n|-damage|p2a: Grimmsnarl|31\/100\n|-start|p2a: Grimmsnarl|Salt Cure\n|\n|-heal|p2a: Grimmsnarl|37\/100|[from] Grassy Terrain\n|-damage|p2a: Grimmsnarl|25\/100|[from] Salt Cure\n|upkeep\n|turn|32\n|\n|t:|1700339069\n|move|p2a: Grimmsnarl|Parting Shot|p1a: Garganacl\n|-unboost|p1a: Garganacl|atk|1\n|-unboost|p1a: Garganacl|spa|1\n|\n|t:|1700339077\n|switch|p2a: Meowscarada|Meowscarada, F|86\/100|[from] Parting Shot\n|move|p1a: Garganacl|Stealth Rock|p2a: Meowscarada\n|-sidestart|p2: Shoma Yusa|move: Stealth Rock\n|\n|-heal|p2a: Meowscarada|92\/100|[from] Grassy Terrain\n|-fieldend|move: Grassy Terrain\n|upkeep\n|turn|33\n|\n|t:|1700339096\n|-terastallize|p1a: Garganacl|Ghost\n|move|p2a: Meowscarada|Flower Trick|p1a: Garganacl\n|-start|p2a: Meowscarada|typechange|Grass|[from] ability: Protean\n|-crit|p1a: Garganacl\n|-damage|p1a: Garganacl|71\/100\n|move|p1a: Garganacl|Avalanche|p2a: Meowscarada\n|-supereffective|p2a: Meowscarada\n|-damage|p2a: Meowscarada|65\/100\n|\n|upkeep\n|turn|34\n|\n|t:|1700339115\n|switch|p2a: Grimmsnarl|Grimmsnarl, M|25\/100\n|-damage|p2a: Grimmsnarl|12\/100|[from] Stealth Rock\n|switch|p1a: Medicham|Medicham-Mega, F|55\/100\n|\n|upkeep\n|turn|35\n|\n|t:|1700339124\n|move|p1a: Medicham|Fake Out|p2a: Grimmsnarl\n|-damage|p2a: Grimmsnarl|0 fnt\n|faint|p2a: Grimmsnarl\n|\n|-sideend|p2: Shoma Yusa|Reflect\n|upkeep\n|\n|t:|1700339130\n|switch|p2a: Meowscarada|Meowscarada, F|65\/100\n|-damage|p2a: Meowscarada|53\/100|[from] Stealth Rock\n|turn|36\n|\n|t:|1700339147\n|switch|p1a: Cinderace|Cinderace, F|7\/100\n|move|p2a: Meowscarada|Play Rough|p1a: Cinderace\n|-start|p2a: Meowscarada|typechange|Fairy|[from] ability: Protean\n|-resisted|p1a: Cinderace\n|-damage|p1a: Cinderace|0 fnt\n|faint|p1a: Cinderace\n|\n|upkeep\n|\n|t:|1700339174\n|switch|p1a: Hippowdon|Hippowdon, F|74\/100 tox\n|turn|37\n|\n|t:|1700339179\n|switch|p2a: Mandibuzz|Mandibuzz, F|88\/100 tox\n|-damage|p2a: Mandibuzz|63\/100 tox|[from] Stealth Rock\n|move|p1a: Hippowdon|Body Slam|p2a: Mandibuzz\n|-damage|p2a: Mandibuzz|51\/100 tox\n|\n|-damage|p2a: Mandibuzz|44\/100 tox|[from] psn\n|-damage|p1a: Hippowdon|68\/100 tox|[from] psn\n|upkeep\n|turn|38\n|\n|t:|1700339190\n|switch|p1a: Rotom|Rotom-Wash|50\/100 tox\n|move|p2a: Mandibuzz|Defog|p1a: Rotom\n|-unboost|p1a: Rotom|evasion|1\n|-sideend|p2: Shoma Yusa|Stealth Rock|[from] move: Defog|[of] p2a: Mandibuzz\n|\n|-heal|p1a: Rotom|57\/100 tox|[from] item: Leftovers\n|-damage|p1a: Rotom|50\/100 tox|[from] psn\n|-damage|p2a: Mandibuzz|32\/100 tox|[from] psn\n|upkeep\n|turn|39\n|\n|t:|1700339200\n|-terastallize|p2a: Mandibuzz|Dark\n|move|p1a: Rotom|Discharge|p2a: Mandibuzz\n|-damage|p2a: Mandibuzz|8\/100 tox\n|move|p2a: Mandibuzz|Roost|p2a: Mandibuzz\n|-heal|p2a: Mandibuzz|58\/100 tox\n|\n|-heal|p1a: Rotom|57\/100 tox|[from] item: Leftovers\n|-damage|p1a: Rotom|44\/100 tox|[from] psn\n|-damage|p2a: Mandibuzz|40\/100 tox|[from] psn\n|upkeep\n|turn|40\n|\n|t:|1700339213\n|move|p1a: Rotom|Hydro Pump|p2a: Mandibuzz\n|-damage|p2a: Mandibuzz|9\/100 tox\n|move|p2a: Mandibuzz|Roost|p2a: Mandibuzz\n|-heal|p2a: Mandibuzz|59\/100 tox\n|\n|-heal|p1a: Rotom|50\/100 tox|[from] item: Leftovers\n|-damage|p1a: Rotom|32\/100 tox|[from] psn\n|-damage|p2a: Mandibuzz|34\/100 tox|[from] psn\n|upkeep\n|turn|41\n|\n|t:|1700339229\n|move|p1a: Rotom|Discharge|p2a: Mandibuzz\n|-damage|p2a: Mandibuzz|11\/100 tox\n|move|p2a: Mandibuzz|Roost|p2a: Mandibuzz\n|-heal|p2a: Mandibuzz|61\/100 tox\n|\n|-heal|p1a: Rotom|38\/100 tox|[from] item: Leftovers\n|-damage|p1a: Rotom|13\/100 tox|[from] psn\n|-damage|p2a: Mandibuzz|31\/100 tox|[from] psn\n|upkeep\n|turn|42\n|\n|t:|1700339240\n|move|p1a: Rotom|Discharge|p2a: Mandibuzz\n|-damage|p2a: Mandibuzz|5\/100 tox\n|move|p2a: Mandibuzz|Foul Play|p1a: Rotom\n|-damage|p1a: Rotom|0 fnt\n|faint|p1a: Rotom\n|\n|-damage|p2a: Mandibuzz|0 fnt|[from] psn\n|faint|p2a: Mandibuzz\n|upkeep\n|\n|t:|1700339260\n|switch|p1a: Medicham|Medicham-Mega, F|55\/100\n|switch|p2a: Greninja|Greninja, M|100\/100\n|turn|43\n|\n|t:|1700339269\n|move|p1a: Medicham|Fake Out|p2a: Greninja\n|-damage|p2a: Greninja|59\/100\n|cant|p2a: Greninja|flinch\n|\n|upkeep\n|turn|44\n|\n|t:|1700339280\n|switch|p1a: Garganacl|Garganacl, F, tera:Ghost|71\/100\n|move|p2a: Greninja|Dark Pulse|p1a: Garganacl\n|-start|p2a: Greninja|typechange|Dark|[from] ability: Protean\n|-supereffective|p1a: Garganacl\n|-damage|p1a: Garganacl|0 fnt\n|faint|p1a: Garganacl\n|\n|upkeep\n|\n|t:|1700339292\n|switch|p1a: Rillaboom|Rillaboom, M|44\/100\n|-fieldstart|move: Grassy Terrain|[from] ability: Grassy Surge|[of] p1a: Rillaboom\n|turn|45\n|\n|t:|1700339301\n|switch|p2a: Oreno Ace|Zamazenta|78\/100\n|move|p1a: Rillaboom|Grassy Glide|p2a: Oreno Ace\n|-damage|p2a: Oreno Ace|40\/100\n|-damage|p1a: Rillaboom|34\/100|[from] item: Life Orb\n|\n|-heal|p2a: Oreno Ace|47\/100|[from] Grassy Terrain\n|-heal|p2a: Oreno Ace|53\/100|[from] item: Leftovers\n|-heal|p1a: Rillaboom|40\/100|[from] Grassy Terrain\n|upkeep\n|turn|46\n|\n|t:|1700339329\n|move|p1a: Rillaboom|Grassy Glide|p2a: Oreno Ace\n|-damage|p2a: Oreno Ace|15\/100\n|-damage|p1a: Rillaboom|30\/100|[from] item: Life Orb\n|move|p2a: Oreno Ace|Body Press|p1a: Rillaboom\n|-damage|p1a: Rillaboom|0 fnt\n|faint|p1a: Rillaboom\n|\n|-heal|p2a: Oreno Ace|21\/100|[from] Grassy Terrain\n|-heal|p2a: Oreno Ace|27\/100|[from] item: Leftovers\n|upkeep\n|\n|t:|1700339341\n|switch|p1a: Medicham|Medicham-Mega, F|55\/100\n|turn|47\n|\n|t:|1700339345\n|move|p1a: Medicham|Fake Out|p2a: Oreno Ace\n|-damage|p2a: Oreno Ace|8\/100\n|cant|p2a: Oreno Ace|flinch\n|\n|-heal|p2a: Oreno Ace|14\/100|[from] Grassy Terrain\n|-heal|p2a: Oreno Ace|20\/100|[from] item: Leftovers\n|-heal|p1a: Medicham|61\/100|[from] Grassy Terrain\n|upkeep\n|turn|48\n|\n|t:|1700339356\n|move|p2a: Oreno Ace|Body Press|p1a: Medicham\n|-resisted|p1a: Medicham\n|-damage|p1a: Medicham|37\/100\n|move|p1a: Medicham|Zen Headbutt|p2a: Oreno Ace\n|-supereffective|p2a: Oreno Ace\n|-damage|p2a: Oreno Ace|0 fnt\n|faint|p2a: Oreno Ace\n|\n|-heal|p1a: Medicham|43\/100|[from] Grassy Terrain\n|upkeep\n|\n|t:|1700339359\n|switch|p2a: Greninja|Greninja, M|59\/100\n|turn|49\n|\n|t:|1700339375\n|move|p2a: Greninja|Surf|p1a: Medicham\n|-start|p2a: Greninja|typechange|Water|[from] ability: Protean\n|-damage|p1a: Medicham|0 fnt\n|faint|p1a: Medicham\n|\n|-heal|p2a: Greninja|65\/100|[from] Grassy Terrain\n|-fieldend|move: Grassy Terrain\n|upkeep\n|c|\u2606Shoma Yusa|GG\n|\n|t:|1700339384\n|switch|p1a: Hippowdon|Hippowdon, F|68\/100 tox\n|turn|50\n|\n|t:|1700339389\n|move|p2a: Greninja|Surf|p1a: Hippowdon\n|-supereffective|p1a: Hippowdon\n|-damage|p1a: Hippowdon|0 fnt\n|faint|p1a: Hippowdon\n|\n|win|Shoma Yusa\n","uploadtime":1700339396,"views":29,"p1id":"andrey99999","p2id":"shomayusa","formatid":"gen9nationaldex","rating":0,"private":0,"password":""}