{"id":"gen9nationaldex-1999983577","p1":"Togatas","p2":"eusoufael","format":"[Gen 9] National Dex","log":"|html|<div class=\"broadcast-blue\"><strong>[Gen 9] National Dex is currently suspecting Sneasler! For information on how to participate check out the <a href=\"https:\/\/www.smogon.com\/forums\/threads\/sv-national-dex-suspect-8-just-dance.3731534\/\">suspect thread<\/a>.<\/strong><\/div>\n|j|\u2606Togatas\n|j|\u2606eusoufael\n|t:|1701137579\n|gametype|singles\n|player|p1|Togatas|blue-gen3|1000\n|player|p2|eusoufael|ethan|1028\n|teamsize|p1|6\n|teamsize|p2|6\n|gen|9\n|tier|[Gen 9] National Dex\n|rated|\n|rule|HP Percentage Mod: HP is shown in percentages\n|rule|Endless Battle Clause: Forcing endless battles is banned\n|rule|OHKO Clause: OHKO moves are banned\n|rule|Evasion Clause: Evasion abilities, items, and moves are banned\n|rule|Evasion Abilities Clause: Evasion abilities are banned\n|rule|Evasion Items Clause: Evasion items are banned\n|rule|Evasion Moves Clause: Evasion moves are banned\n|rule|Species Clause: Limit one of each Pok\u00e9mon\n|rule|Sleep Clause Mod: Limit one foe put to sleep\n|clearpoke\n|poke|p1|Charizard, M|\n|poke|p1|Electivire, M|\n|poke|p1|Lapras, F|\n|poke|p1|Weavile, F|\n|poke|p1|Espeon, F|\n|poke|p1|Lopunny, F|\n|poke|p2|Electivire, F|\n|poke|p2|Charizard, M|\n|poke|p2|Torterra, F|\n|poke|p2|Gengar, M|\n|poke|p2|Dragonite, M|\n|poke|p2|Lucario, F|\n|teampreview\n|\n|t:|1701137582\n|start\n|switch|p1a: Delinquent|Weavile, F|100\/100\n|switch|p2a: Torterra|Torterra, F|100\/100\n|-ability|p1a: Delinquent|Pressure\n|turn|1\n|\n|t:|1701137593\n|move|p1a: Delinquent|Ice Punch|p2a: Torterra\n|-supereffective|p2a: Torterra\n|-damage|p2a: Torterra|0 fnt\n|faint|p2a: Torterra\n|\n|upkeep\n|\n|t:|1701137598\n|switch|p2a: Charizard|Charizard, M|100\/100\n|turn|2\n|\n|t:|1701137608\n|detailschange|p2a: Charizard|Charizard-Mega-Y, M\n|-mega|p2a: Charizard|Charizard|Charizardite Y\n|-weather|SunnyDay|[from] ability: Drought|[of] p2a: Charizard\n|move|p1a: Delinquent|Ice Punch|p2a: Charizard\n|-damage|p2a: Charizard|42\/100\n|move|p2a: Charizard|Flamethrower|p1a: Delinquent\n|-supereffective|p1a: Delinquent\n|-damage|p1a: Delinquent|0 fnt\n|faint|p1a: Delinquent\n|\n|-weather|SunnyDay|[upkeep]\n|upkeep\n|\n|t:|1701137622\n|switch|p1a: Cool Shiny|Charizard, M, shiny|100\/100\n|turn|3\n|\n|t:|1701137629\n|detailschange|p1a: Cool Shiny|Charizard-Mega-Y, M, shiny\n|-mega|p1a: Cool Shiny|Charizard|Charizardite Y\n|move|p1a: Cool Shiny|Dragon Pulse|p2a: Charizard\n|-crit|p2a: Charizard\n|-damage|p2a: Charizard|0 fnt\n|faint|p2a: Charizard\n|\n|-weather|SunnyDay|[upkeep]\n|upkeep\n|\n|t:|1701137634\n|switch|p2a: Electivire|Electivire, F, shiny|100\/100\n|turn|4\n|\n|t:|1701137641\n|move|p1a: Cool Shiny|Rock Slide|p2a: Electivire\n|-damage|p2a: Electivire|72\/100\n|move|p2a: Electivire|Thunder Punch|p1a: Cool Shiny\n|-supereffective|p1a: Cool Shiny\n|-damage|p1a: Cool Shiny|0 fnt\n|faint|p1a: Cool Shiny\n|\n|-weather|SunnyDay|[upkeep]\n|-heal|p2a: Electivire|78\/100|[from] item: Leftovers\n|upkeep\n|\n|t:|1701137656\n|switch|p1a: Brute Force|Electivire, M|100\/100\n|turn|5\n|\n|t:|1701137662\n|move|p1a: Brute Force|Power-Up Punch|p2a: Electivire\n|-damage|p2a: Electivire|55\/100\n|-boost|p1a: Brute Force|atk|1\n|move|p2a: Electivire|Earthquake|p1a: Brute Force\n|-supereffective|p1a: Brute Force\n|-damage|p1a: Brute Force|0 fnt\n|faint|p1a: Brute Force\n|\n|-weather|SunnyDay|[upkeep]\n|-heal|p2a: Electivire|62\/100|[from] item: Leftovers\n|upkeep\n|\n|t:|1701137671\n|switch|p1a: Time-waster|Espeon, F|100\/100\n|turn|6\n|\n|t:|1701137677\n|move|p1a: Time-waster|Calm Mind|p1a: Time-waster\n|-boost|p1a: Time-waster|spa|1\n|-boost|p1a: Time-waster|spd|1\n|move|p2a: Electivire|Thunder Punch|p1a: Time-waster\n|-damage|p1a: Time-waster|25\/100\n|\n|-weather|none\n|-heal|p2a: Electivire|68\/100|[from] item: Leftovers\n|upkeep\n|turn|7\n|\n|t:|1701137686\n|move|p1a: Time-waster|Psychic|p2a: Electivire\n|-damage|p2a: Electivire|0 fnt\n|faint|p2a: Electivire\n|\n|upkeep\n|\n|t:|1701137694\n|switch|p2a: Dragonite|Dragonite, M|100\/100\n|turn|8\n|\n|t:|1701137700\n|move|p1a: Time-waster|Protect|p1a: Time-waster\n|-singleturn|p1a: Time-waster|Protect\n|move|p2a: Dragonite|Dragon Claw|p1a: Time-waster\n|-activate|p1a: Time-waster|move: Protect\n|\n|upkeep\n|turn|9\n|\n|t:|1701137706\n|move|p1a: Time-waster|Psychic|p2a: Dragonite\n|-damage|p2a: Dragonite|69\/100\n|move|p2a: Dragonite|Dragon Claw|p1a: Time-waster\n|-damage|p1a: Time-waster|0 fnt\n|faint|p1a: Time-waster\n|\n|upkeep\n|\n|t:|1701137712\n|switch|p1a: Nessie|Lapras, F|100\/100\n|turn|10\n|\n|t:|1701137719\n|move|p2a: Dragonite|Roost|p2a: Dragonite\n|-heal|p2a: Dragonite|100\/100\n|-singleturn|p2a: Dragonite|move: Roost\n|move|p1a: Nessie|Ice Beam|p2a: Dragonite\n|-supereffective|p2a: Dragonite\n|-damage|p2a: Dragonite|67\/100\n|\n|upkeep\n|turn|11\n|\n|t:|1701137733\n|move|p2a: Dragonite|Dragon Claw|p1a: Nessie\n|-damage|p1a: Nessie|60\/100\n|move|p1a: Nessie|Sing|p2a: Dragonite|[miss]\n|-miss|p1a: Nessie|p2a: Dragonite\n|\n|-heal|p1a: Nessie|66\/100|[from] item: Leftovers\n|upkeep\n|turn|12\n|\n|t:|1701137740\n|move|p2a: Dragonite|Dragon Claw|p1a: Nessie\n|-damage|p1a: Nessie|27\/100\n|move|p1a: Nessie|Sing|p2a: Dragonite|[miss]\n|-miss|p1a: Nessie|p2a: Dragonite\n|\n|-heal|p1a: Nessie|34\/100|[from] item: Leftovers\n|upkeep\n|turn|13\n|\n|t:|1701137749\n|move|p2a: Dragonite|Dragon Claw|p1a: Nessie\n|-damage|p1a: Nessie|0 fnt\n|faint|p1a: Nessie\n|\n|upkeep\n|\n|t:|1701137753\n|switch|p1a: R&D Slot|Lopunny, F|100\/100\n|turn|14\n|\n|t:|1701137757\n|move|p1a: R&D Slot|Ice Punch|p2a: Dragonite\n|-supereffective|p2a: Dragonite\n|-damage|p2a: Dragonite|2\/100\n|-damage|p1a: R&D Slot|84\/100|[from] item: Rocky Helmet|[of] p2a: Dragonite\n|move|p2a: Dragonite|Dragon Claw|p1a: R&D Slot\n|-damage|p1a: R&D Slot|15\/100\n|\n|upkeep\n|turn|15\n|\n|t:|1701137766\n|move|p1a: R&D Slot|Power-Up Punch|p2a: Dragonite\n|-resisted|p2a: Dragonite\n|-damage|p2a: Dragonite|0 fnt\n|-boost|p1a: R&D Slot|atk|1\n|-damage|p1a: R&D Slot|0 fnt|[from] item: Rocky Helmet|[of] p2a: Dragonite\n|faint|p2a: Dragonite\n|faint|p1a: R&D Slot\n|\n|win|eusoufael\n|raw|Togatas's rating: 1000 &rarr; <strong>1000<\/strong><br \/>(+0 for losing)\n|raw|eusoufael's rating: 1028 &rarr; <strong>1061<\/strong><br \/>(+33 for winning)\n|c|\u2606Togatas|gg\n|l|\u2606Togatas\n","uploadtime":1701137780,"views":2,"p1id":"togatas","p2id":"eusoufael","formatid":"gen9nationaldex","rating":1000,"private":0,"password":""}