{"id":"gen9nationaldex-2000376866","p1":"talalcht","p2":"Papasfritas 12345","format":"[Gen 9] National Dex","log":"|html|<div class=\"broadcast-blue\"><strong>[Gen 9] National Dex is currently suspecting Sneasler! For information on how to participate check out the <a href=\"https:\/\/www.smogon.com\/forums\/threads\/sv-national-dex-suspect-8-just-dance.3731534\/\">suspect thread<\/a>.<\/strong><\/div>\n|j|\u2606talalcht\n|j|\u2606Papasfritas 12345\n|t:|1701189660\n|gametype|singles\n|player|p1|talalcht|palmer|\n|player|p2|Papasfritas 12345|riley|\n|teamsize|p1|6\n|teamsize|p2|6\n|gen|9\n|tier|[Gen 9] National Dex\n|rule|HP Percentage Mod: HP is shown in percentages\n|rule|Endless Battle Clause: Forcing endless battles is banned\n|rule|OHKO Clause: OHKO moves are banned\n|rule|Evasion Clause: Evasion abilities, items, and moves are banned\n|rule|Evasion Abilities Clause: Evasion abilities are banned\n|rule|Evasion Items Clause: Evasion items are banned\n|rule|Evasion Moves Clause: Evasion moves are banned\n|rule|Species Clause: Limit one of each Pok\u00e9mon\n|rule|Sleep Clause Mod: Limit one foe put to sleep\n|clearpoke\n|poke|p1|Altaria, M|\n|poke|p1|Celesteela|\n|poke|p1|Samurott-Hisui, M|\n|poke|p1|Nidoking, M|\n|poke|p1|Volcarona, M|\n|poke|p1|Galvantula, M|\n|poke|p2|Incineroar, M|\n|poke|p2|Aegislash, M|\n|poke|p2|Gastrodon-East, F|\n|poke|p2|Togekiss, F|\n|poke|p2|Gallade, M|\n|poke|p2|Zapdos|\n|teampreview\n|inactive|Battle timer is ON: inactive players will automatically lose when time's up. (requested by talalcht)\n|c|\u2606Papasfritas 12345|Este es el \u00fanico equipo que me dej\u00f3 jugar\n|\n|t:|1701189683\n|start\n|switch|p1a: Ciel|Altaria, M, shiny|100\/100\n|switch|p2a: Togebeso|Togekiss, F|100\/100\n|-ability|p1a: Ciel|Cloud Nine\n|turn|1\n|\n|t:|1701189703\n|switch|p1a: Apollo 11|Celesteela|100\/100\n|move|p2a: Togebeso|Trick|p1a: Apollo 11\n|-activate|p2a: Togebeso|move: Trick|[of] p1a: Apollo 11\n|-item|p1a: Apollo 11|Choice Scarf|[from] move: Trick\n|-item|p2a: Togebeso|Power Herb|[from] move: Trick\n|\n|upkeep\n|turn|2\n|\n|t:|1701189717\n|move|p2a: Togebeso|Aura Sphere|p1a: Apollo 11\n|-damage|p1a: Apollo 11|77\/100\n|move|p1a: Apollo 11|Meteor Beam||[still]\n|-prepare|p1a: Apollo 11|Meteor Beam\n|-boost|p1a: Apollo 11|spa|1\n|\n|upkeep\n|turn|3\n|\n|t:|1701189731\n|switch|p2a: Odin|Incineroar, M|100\/100\n|-ability|p2a: Odin|Intimidate|boost\n|-unboost|p1a: Apollo 11|atk|1\n|move|p1a: Apollo 11|Meteor Beam|p2a: Odin|[from]lockedmove|[miss]\n|-miss|p1a: Apollo 11|p2a: Odin\n|\n|upkeep\n|turn|4\n|c|\u2606talalcht|No me jodas\n|c|\u2606Papasfritas 12345|XD\n|inactive|talalcht has 270 seconds left.\n|c|\u2606talalcht|Deb\u00ed ponerle el que fallo no el aterriz\u00f3\n|\n|t:|1701189772\n|switch|p1a: Galvantula|Galvantula, M|100\/100\n|move|p2a: Odin|Fake Out|p1a: Galvantula\n|-damage|p1a: Galvantula|72\/100\n|\n|upkeep\n|turn|5\n|\n|t:|1701189788\n|move|p1a: Galvantula|Sticky Web|p2a: Odin\n|-sidestart|p2: Papasfritas 12345|move: Sticky Web\n|move|p2a: Odin|Flare Blitz|p1a: Galvantula\n|-supereffective|p1a: Galvantula\n|-damage|p1a: Galvantula|0 fnt\n|faint|p1a: Galvantula\n|-damage|p2a: Odin|83\/100|[from] Recoil\n|\n|upkeep\n|\n|t:|1701189808\n|switch|p1a: Cain|Nidoking, M, shiny|100\/100\n|turn|6\n|\n|t:|1701189813\n|move|p1a: Cain|Earth Power|p2a: Odin\n|-supereffective|p2a: Odin\n|-crit|p2a: Odin\n|-damage|p2a: Odin|0 fnt\n|faint|p2a: Odin\n|\n|upkeep\n|c|\u2606talalcht|Vamos Ca\u00edn\n|\n|t:|1701189827\n|switch|p2a: Zaptwo|Zapdos|100\/100\n|-ability|p2a: Zaptwo|Pressure\n|turn|7\n|\n|t:|1701189838\n|move|p2a: Zaptwo|Defog|p1a: Cain\n|-unboost|p1a: Cain|evasion|1\n|-sideend|p2: Papasfritas 12345|Sticky Web|[from] move: Defog|[of] p2a: Zaptwo\n|move|p1a: Cain|Sludge Wave|p2a: Zaptwo\n|-damage|p2a: Zaptwo|44\/100\n|\n|upkeep\n|turn|8\n|inactive|talalcht has 270 seconds left.\n|\n|t:|1701189851\n|switch|p2a: Babosa|Gastrodon-East, F|100\/100\n|move|p1a: Cain|Blizzard|p2a: Babosa\n|-damage|p2a: Babosa|52\/100\n|\n|-heal|p2a: Babosa|58\/100|[from] item: Leftovers\n|upkeep\n|turn|9\n|inactive|talalcht has 270 seconds left.\n|\n|t:|1701189864\n|switch|p1a: Apollo 11|Celesteela|77\/100\n|move|p2a: Babosa|Scald|p1a: Apollo 11\n|-damage|p1a: Apollo 11|55\/100\n|-status|p1a: Apollo 11|brn\n|\n|-heal|p2a: Babosa|64\/100|[from] item: Leftovers\n|-damage|p1a: Apollo 11|49\/100 brn|[from] brn\n|upkeep\n|turn|10\n|inactive|talalcht has 270 seconds left.\n|c|\u2606Papasfritas 12345|Cu\u00e1l era la probabilidad?\n|\n|t:|1701189888\n|move|p1a: Apollo 11|Air Slash|p2a: Babosa\n|-damage|p2a: Babosa|25\/100\n|move|p2a: Babosa|Recover|p2a: Babosa\n|-heal|p2a: Babosa|75\/100\n|\n|-heal|p2a: Babosa|81\/100|[from] item: Leftovers\n|-damage|p1a: Apollo 11|43\/100 brn|[from] brn\n|upkeep\n|turn|11\n|\n|t:|1701189898\n|move|p1a: Apollo 11|Air Slash|p2a: Babosa\n|-damage|p2a: Babosa|44\/100\n|cant|p2a: Babosa|flinch\n|\n|-heal|p2a: Babosa|50\/100|[from] item: Leftovers\n|-damage|p1a: Apollo 11|37\/100 brn|[from] brn\n|upkeep\n|turn|12\n|c|\u2606talalcht|No me sorprende\n|\n|t:|1701189911\n|move|p1a: Apollo 11|Air Slash|p2a: Babosa\n|-damage|p2a: Babosa|15\/100\n|move|p2a: Babosa|Recover|p2a: Babosa\n|-heal|p2a: Babosa|65\/100\n|\n|-heal|p2a: Babosa|71\/100|[from] item: Leftovers\n|-damage|p1a: Apollo 11|31\/100 brn|[from] brn\n|upkeep\n|turn|13\n|c|\u2606talalcht|Hermano esto va a ser eterno\n|inactive|talalcht has 270 seconds left.\n|\n|t:|1701189926\n|move|p1a: Apollo 11|Air Slash|p2a: Babosa\n|-damage|p2a: Babosa|34\/100\n|move|p2a: Babosa|Ice Beam|p1a: Apollo 11\n|-damage|p1a: Apollo 11|15\/100 brn\n|\n|-heal|p2a: Babosa|40\/100|[from] item: Leftovers\n|-damage|p1a: Apollo 11|9\/100 brn|[from] brn\n|upkeep\n|turn|14\n|\n|t:|1701189935\n|move|p1a: Apollo 11|Air Slash|p2a: Babosa\n|-damage|p2a: Babosa|3\/100\n|move|p2a: Babosa|Recover|p2a: Babosa\n|-heal|p2a: Babosa|53\/100\n|\n|-heal|p2a: Babosa|59\/100|[from] item: Leftovers\n|-damage|p1a: Apollo 11|3\/100 brn|[from] brn\n|upkeep\n|turn|15\n|c|\u2606Papasfritas 12345|B\u00e1sicamente si\n|\n|t:|1701189944\n|move|p1a: Apollo 11|Air Slash|p2a: Babosa\n|-damage|p2a: Babosa|20\/100\n|cant|p2a: Babosa|flinch\n|\n|-heal|p2a: Babosa|26\/100|[from] item: Leftovers\n|-damage|p1a: Apollo 11|0 fnt|[from] brn\n|faint|p1a: Apollo 11\n|upkeep\n|\n|t:|1701189956\n|switch|p1a: Cain|Nidoking, M, shiny|100\/100\n|turn|16\n|\n|t:|1701189965\n|move|p1a: Cain|Earth Power|p2a: Babosa\n|-damage|p2a: Babosa|0 fnt\n|faint|p2a: Babosa\n|\n|upkeep\n|\n|t:|1701189972\n|switch|p2a: Togebeso|Togekiss, F|100\/100\n|turn|17\n|\n|t:|1701189981\n|move|p2a: Togebeso|Air Slash|p1a: Cain\n|-damage|p1a: Cain|48\/100\n|cant|p1a: Cain|flinch\n|\n|upkeep\n|turn|18\n|\n|t:|1701189998\n|move|p2a: Togebeso|Air Slash|p1a: Cain\n|-damage|p1a: Cain|0 fnt\n|faint|p1a: Cain\n|\n|upkeep\n|\n|t:|1701190008\n|switch|p1a: Zorro|Samurott-Hisui, M|100\/100\n|turn|19\n|\n|t:|1701190013\n|-terastallize|p1a: Zorro|Water\n|move|p1a: Zorro|Razor Shell|p2a: Togebeso\n|-damage|p2a: Togebeso|45\/100\n|-unboost|p2a: Togebeso|def|1\n|move|p2a: Togebeso|Aura Sphere|p1a: Zorro\n|-damage|p1a: Zorro|60\/100\n|\n|upkeep\n|turn|20\n|\n|t:|1701190027\n|move|p1a: Zorro|Razor Shell|p2a: Togebeso\n|-damage|p2a: Togebeso|0 fnt\n|faint|p2a: Togebeso\n|\n|upkeep\n|\n|t:|1701190033\n|switch|p2a: Zaptwo|Zapdos|44\/100\n|-ability|p2a: Zaptwo|Pressure\n|turn|21\n|\n|t:|1701190039\n|move|p1a: Zorro|Razor Shell|p2a: Zaptwo\n|-damage|p2a: Zaptwo|0 fnt\n|faint|p2a: Zaptwo\n|\n|upkeep\n|\n|t:|1701190045\n|switch|p2a: Edgar partinus|Aegislash, M|100\/100\n|turn|22\n|\n|t:|1701190058\n|move|p1a: Zorro|Sucker Punch|p2a: Edgar partinus\n|-supereffective|p2a: Edgar partinus\n|-damage|p2a: Edgar partinus|50\/100\n|-formechange|p2a: Edgar partinus|Aegislash-Blade||[from] ability: Stance Change\n|move|p2a: Edgar partinus|Sacred Sword|p1a: Zorro\n|-damage|p1a: Zorro|16\/100\n|\n|upkeep\n|turn|23\n|\n|t:|1701190069\n|move|p1a: Zorro|Sucker Punch|p2a: Edgar partinus\n|-supereffective|p2a: Edgar partinus\n|-damage|p2a: Edgar partinus|0 fnt\n|faint|p2a: Edgar partinus\n|\n|upkeep\n|\n|t:|1701190074\n|switch|p2a: V\u00edctor blade|Gallade, M|100\/100\n|turn|24\n|\n|t:|1701190082\n|detailschange|p2a: V\u00edctor blade|Gallade-Mega, M\n|-mega|p2a: V\u00edctor blade|Gallade|Galladite\n|move|p2a: V\u00edctor blade|Psycho Cut|p1a: Zorro\n|-damage|p1a: Zorro|0 fnt\n|faint|p1a: Zorro\n|\n|upkeep\n|c|\u2606talalcht|Como te quiero zoro\n|\n|t:|1701190094\n|switch|p1a: Ciel|Altaria, M, shiny|100\/100\n|-ability|p1a: Ciel|Cloud Nine\n|turn|25\n|\n|t:|1701190101\n|detailschange|p1a: Ciel|Altaria-Mega, M, shiny\n|-mega|p1a: Ciel|Altaria|Altarianite\n|move|p2a: V\u00edctor blade|Ice Punch|p1a: Ciel\n|-supereffective|p1a: Ciel\n|-damage|p1a: Ciel|32\/100\n|move|p1a: Ciel|Return|p2a: V\u00edctor blade\n|-supereffective|p2a: V\u00edctor blade\n|-damage|p2a: V\u00edctor blade|0 fnt\n|faint|p2a: V\u00edctor blade\n|\n|win|talalcht\n|c|\u2606talalcht|GG\n|l|\u2606Papasfritas 12345\n","uploadtime":1701190116,"views":2,"p1id":"talalcht","p2id":"papasfritas12345","formatid":"gen9nationaldex","rating":0,"private":0,"password":""}