{"id":"gen9nationaldex-1996083376","p1":"Saltator","p2":"KKK12138","format":"[Gen 9] National Dex","log":"|html|<div class=\"broadcast-blue\"><strong>[Gen 9] National Dex is currently suspecting Sneasler! For information on how to participate check out the <a href=\"https:\/\/www.smogon.com\/forums\/threads\/sv-national-dex-suspect-8-just-dance.3731534\/\">suspect thread<\/a>.<\/strong><\/div>\n|j|\u2606Saltator\n|j|\u2606KKK12138\n|t:|1700641345\n|gametype|singles\n|player|p1|Saltator|ghetsis|1319\n|player|p2|KKK12138|265|1369\n|teamsize|p1|6\n|teamsize|p2|6\n|gen|9\n|tier|[Gen 9] National Dex\n|rated|\n|rule|HP Percentage Mod: HP is shown in percentages\n|rule|Endless Battle Clause: Forcing endless battles is banned\n|rule|OHKO Clause: OHKO moves are banned\n|rule|Evasion Clause: Evasion abilities, items, and moves are banned\n|rule|Evasion Abilities Clause: Evasion abilities are banned\n|rule|Evasion Items Clause: Evasion items are banned\n|rule|Evasion Moves Clause: Evasion moves are banned\n|rule|Species Clause: Limit one of each Pok\u00e9mon\n|rule|Sleep Clause Mod: Limit one foe put to sleep\n|clearpoke\n|poke|p1|Salazzle, F|\n|poke|p1|Magnemite, L1|\n|poke|p1|Probopass, L2, M|\n|poke|p1|Mandibuzz, F|\n|poke|p1|Nosepass, L1, F|\n|poke|p1|Tentacruel, F|\n|poke|p2|Zapdos-Galar|\n|poke|p2|Venusaur, F|\n|poke|p2|Azumarill, M|\n|poke|p2|Slowbro, F|\n|poke|p2|Mamoswine, M|\n|poke|p2|Jirachi|\n|teampreview\n|\n|t:|1700641356\n|start\n|switch|p1a: Sh\ud83d\udca9tsquid|Tentacruel, F|100\/100\n|switch|p2a: Zapdos|Zapdos-Galar, shiny|100\/100\n|turn|1\n|\n|t:|1700641361\n|-terastallize|p2a: Zapdos|Flying\n|move|p1a: Sh\ud83d\udca9tsquid|Toxic|p2a: Zapdos\n|-status|p2a: Zapdos|tox\n|move|p2a: Zapdos|Brave Bird|p1a: Sh\ud83d\udca9tsquid\n|-damage|p1a: Sh\ud83d\udca9tsquid|0 fnt\n|faint|p1a: Sh\ud83d\udca9tsquid\n|-damage|p2a: Zapdos|63\/100 tox|[from] Recoil\n|\n|-damage|p2a: Zapdos|57\/100 tox|[from] psn\n|upkeep\n|inactive|Battle timer is ON: inactive players will automatically lose when time's up. (requested by KKK12138)\n|\n|t:|1700641373\n|switch|p1a: No Fun Allowed|Salazzle, F|100\/100\n|turn|2\n|\n|t:|1700641378\n|move|p1a: No Fun Allowed|Substitute|p1a: No Fun Allowed\n|-start|p1a: No Fun Allowed|Substitute\n|-damage|p1a: No Fun Allowed|76\/100\n|move|p2a: Zapdos|Brave Bird|p1a: No Fun Allowed\n|-end|p1a: No Fun Allowed|Substitute\n|-damage|p2a: Zapdos|50\/100 tox|[from] Recoil|[of] p1a: No Fun Allowed\n|\n|-heal|p1a: No Fun Allowed|82\/100|[from] item: Leftovers\n|-damage|p2a: Zapdos|37\/100 tox|[from] psn\n|upkeep\n|turn|3\n|\n|t:|1700641390\n|move|p1a: No Fun Allowed|Flamethrower|p2a: Zapdos\n|-damage|p2a: Zapdos|0 fnt\n|faint|p2a: Zapdos\n|\n|-heal|p1a: No Fun Allowed|88\/100|[from] item: Leftovers\n|upkeep\n|\n|t:|1700641393\n|switch|p2a: Azumarill|Azumarill, M, shiny|100\/100\n|turn|4\n|\n|t:|1700641397\n|switch|p1a: Literally Level 1|Magnemite, L1|100\/100\n|move|p2a: Azumarill|Aqua Jet|p1a: Literally Level 1\n|-ability|p1a: Literally Level 1|Sturdy\n|-damage|p1a: Literally Level 1|10\/100\n|-enditem|p1a: Literally Level 1|Berry Juice\n|-heal|p1a: Literally Level 1|100\/100|[from] item: Berry Juice\n|\n|upkeep\n|turn|5\n|\n|t:|1700641401\n|move|p2a: Azumarill|Aqua Jet|p1a: Literally Level 1\n|-ability|p1a: Literally Level 1|Sturdy\n|-damage|p1a: Literally Level 1|10\/100\n|move|p1a: Literally Level 1|Recycle|p1a: Literally Level 1\n|-item|p1a: Literally Level 1|Berry Juice|[from] move: Recycle\n|-enditem|p1a: Literally Level 1|Berry Juice\n|-heal|p1a: Literally Level 1|100\/100|[from] item: Berry Juice\n|\n|upkeep\n|turn|6\n|\n|t:|1700641409\n|move|p2a: Azumarill|Aqua Jet|p1a: Literally Level 1\n|-ability|p1a: Literally Level 1|Sturdy\n|-damage|p1a: Literally Level 1|10\/100\n|move|p1a: Literally Level 1|Recycle|p1a: Literally Level 1\n|-item|p1a: Literally Level 1|Berry Juice|[from] move: Recycle\n|-enditem|p1a: Literally Level 1|Berry Juice\n|-heal|p1a: Literally Level 1|100\/100|[from] item: Berry Juice\n|\n|upkeep\n|turn|7\n|\n|t:|1700641413\n|move|p1a: Literally Level 1|Protect|p1a: Literally Level 1\n|-singleturn|p1a: Literally Level 1|Protect\n|move|p2a: Azumarill|Aqua Jet|p1a: Literally Level 1\n|-activate|p1a: Literally Level 1|move: Protect\n|\n|upkeep\n|turn|8\n|\n|t:|1700641431\n|move|p2a: Azumarill|Aqua Jet|p1a: Literally Level 1\n|-ability|p1a: Literally Level 1|Sturdy\n|-damage|p1a: Literally Level 1|10\/100\n|move|p1a: Literally Level 1|Recycle|p1a: Literally Level 1\n|-item|p1a: Literally Level 1|Berry Juice|[from] move: Recycle\n|-enditem|p1a: Literally Level 1|Berry Juice\n|-heal|p1a: Literally Level 1|100\/100|[from] item: Berry Juice\n|\n|upkeep\n|turn|9\n|\n|t:|1700641438\n|switch|p2a: Mamoswine|Mamoswine, M, shiny|100\/100\n|move|p1a: Literally Level 1|Toxic|p2a: Mamoswine\n|-status|p2a: Mamoswine|tox\n|\n|-damage|p2a: Mamoswine|94\/100 tox|[from] psn\n|upkeep\n|turn|10\n|\n|t:|1700641441\n|move|p2a: Mamoswine|Stealth Rock|p1a: Literally Level 1\n|-sidestart|p1: Saltator|move: Stealth Rock\n|move|p1a: Literally Level 1|Recycle|p1a: Literally Level 1\n|-item|p1a: Literally Level 1|Berry Juice|[from] move: Recycle\n|\n|-damage|p2a: Mamoswine|82\/100 tox|[from] psn\n|upkeep\n|turn|11\n|\n|t:|1700641444\n|move|p1a: Literally Level 1|Protect|p1a: Literally Level 1\n|-singleturn|p1a: Literally Level 1|Protect\n|move|p2a: Mamoswine|Earthquake|p1a: Literally Level 1\n|-activate|p1a: Literally Level 1|move: Protect\n|\n|-damage|p2a: Mamoswine|64\/100 tox|[from] psn\n|upkeep\n|turn|12\n|\n|t:|1700641448\n|move|p2a: Mamoswine|Earthquake|p1a: Literally Level 1\n|-supereffective|p1a: Literally Level 1\n|-ability|p1a: Literally Level 1|Sturdy\n|-damage|p1a: Literally Level 1|10\/100\n|-enditem|p1a: Literally Level 1|Berry Juice\n|-heal|p1a: Literally Level 1|100\/100|[from] item: Berry Juice\n|move|p1a: Literally Level 1|Recycle|p1a: Literally Level 1\n|-item|p1a: Literally Level 1|Berry Juice|[from] move: Recycle\n|\n|-damage|p2a: Mamoswine|40\/100 tox|[from] psn\n|upkeep\n|turn|13\n|\n|t:|1700641453\n|move|p1a: Literally Level 1|Protect|p1a: Literally Level 1\n|-singleturn|p1a: Literally Level 1|Protect\n|move|p2a: Mamoswine|Earthquake|p1a: Literally Level 1\n|-activate|p1a: Literally Level 1|move: Protect\n|\n|-damage|p2a: Mamoswine|9\/100 tox|[from] psn\n|upkeep\n|turn|14\n|\n|t:|1700641456\n|move|p2a: Mamoswine|Ice Shard|p1a: Literally Level 1\n|-resisted|p1a: Literally Level 1\n|-ability|p1a: Literally Level 1|Sturdy\n|-damage|p1a: Literally Level 1|10\/100\n|-enditem|p1a: Literally Level 1|Berry Juice\n|-heal|p1a: Literally Level 1|100\/100|[from] item: Berry Juice\n|move|p1a: Literally Level 1|Recycle|p1a: Literally Level 1\n|-item|p1a: Literally Level 1|Berry Juice|[from] move: Recycle\n|\n|-damage|p2a: Mamoswine|0 fnt|[from] psn\n|faint|p2a: Mamoswine\n|upkeep\n|\n|t:|1700641461\n|switch|p2a: Azumarill|Azumarill, M, shiny|100\/100\n|turn|15\n|\n|t:|1700641464\n|move|p2a: Azumarill|Aqua Jet|p1a: Literally Level 1\n|-ability|p1a: Literally Level 1|Sturdy\n|-damage|p1a: Literally Level 1|10\/100\n|-enditem|p1a: Literally Level 1|Berry Juice\n|-heal|p1a: Literally Level 1|100\/100|[from] item: Berry Juice\n|move|p1a: Literally Level 1|Toxic|p2a: Azumarill\n|-status|p2a: Azumarill|tox\n|\n|-damage|p2a: Azumarill|94\/100 tox|[from] psn\n|upkeep\n|turn|16\n|\n|t:|1700641467\n|move|p2a: Azumarill|Aqua Jet|p1a: Literally Level 1\n|-ability|p1a: Literally Level 1|Sturdy\n|-damage|p1a: Literally Level 1|10\/100\n|move|p1a: Literally Level 1|Recycle|p1a: Literally Level 1\n|-item|p1a: Literally Level 1|Berry Juice|[from] move: Recycle\n|-enditem|p1a: Literally Level 1|Berry Juice\n|-heal|p1a: Literally Level 1|100\/100|[from] item: Berry Juice\n|\n|-damage|p2a: Azumarill|82\/100 tox|[from] psn\n|upkeep\n|turn|17\n|c|\u2606Saltator|lol\n|\n|t:|1700641471\n|move|p1a: Literally Level 1|Protect|p1a: Literally Level 1\n|-singleturn|p1a: Literally Level 1|Protect\n|move|p2a: Azumarill|Aqua Jet|p1a: Literally Level 1\n|-activate|p1a: Literally Level 1|move: Protect\n|\n|-damage|p2a: Azumarill|63\/100 tox|[from] psn\n|upkeep\n|turn|18\n|\n|t:|1700641473\n|move|p2a: Azumarill|Aqua Jet|p1a: Literally Level 1\n|-crit|p1a: Literally Level 1\n|-ability|p1a: Literally Level 1|Sturdy\n|-damage|p1a: Literally Level 1|10\/100\n|move|p1a: Literally Level 1|Recycle|p1a: Literally Level 1\n|-item|p1a: Literally Level 1|Berry Juice|[from] move: Recycle\n|-enditem|p1a: Literally Level 1|Berry Juice\n|-heal|p1a: Literally Level 1|100\/100|[from] item: Berry Juice\n|\n|-damage|p2a: Azumarill|39\/100 tox|[from] psn\n|upkeep\n|-enditem|p2a: Azumarill|Sitrus Berry|[eat]\n|-heal|p2a: Azumarill|64\/100 tox|[from] item: Sitrus Berry\n|turn|19\n|\n|t:|1700641474\n|move|p1a: Literally Level 1|Protect|p1a: Literally Level 1\n|-singleturn|p1a: Literally Level 1|Protect\n|move|p2a: Azumarill|Aqua Jet|p1a: Literally Level 1\n|-activate|p1a: Literally Level 1|move: Protect\n|\n|-damage|p2a: Azumarill|33\/100 tox|[from] psn\n|upkeep\n|turn|20\n|\n|t:|1700641476\n|move|p2a: Azumarill|Aqua Jet|p1a: Literally Level 1\n|-ability|p1a: Literally Level 1|Sturdy\n|-damage|p1a: Literally Level 1|10\/100\n|move|p1a: Literally Level 1|Recycle|p1a: Literally Level 1\n|-item|p1a: Literally Level 1|Berry Juice|[from] move: Recycle\n|-enditem|p1a: Literally Level 1|Berry Juice\n|-heal|p1a: Literally Level 1|100\/100|[from] item: Berry Juice\n|\n|-damage|p2a: Azumarill|0 fnt|[from] psn\n|faint|p2a: Azumarill\n|upkeep\n|\n|t:|1700641479\n|switch|p2a: Jirachi|Jirachi, shiny|100\/100\n|turn|21\n|\n|t:|1700641484\n|switch|p1a: Sh\ud83d\udca9tbird|Mandibuzz, F|100\/100\n|-zpower|p2a: Jirachi\n|move|p2a: Jirachi|Z-Happy Hour|p2a: Jirachi|[anim]Happy Hour\n|-boost|p2a: Jirachi|atk|1|[zeffect]\n|-boost|p2a: Jirachi|def|1|[zeffect]\n|-boost|p2a: Jirachi|spa|1|[zeffect]\n|-boost|p2a: Jirachi|spd|1|[zeffect]\n|-boost|p2a: Jirachi|spe|1|[zeffect]\n|\n|upkeep\n|turn|22\n|\n|t:|1700641487\n|move|p2a: Jirachi|Thunderbolt|p1a: Sh\ud83d\udca9tbird\n|-supereffective|p1a: Sh\ud83d\udca9tbird\n|-damage|p1a: Sh\ud83d\udca9tbird|39\/100\n|move|p1a: Sh\ud83d\udca9tbird|Defog|p2a: Jirachi\n|-unboost|p2a: Jirachi|evasion|1\n|-sideend|p1: Saltator|Stealth Rock|[from] move: Defog|[of] p1a: Sh\ud83d\udca9tbird\n|\n|upkeep\n|turn|23\n|\n|t:|1700641494\n|-terastallize|p1a: Sh\ud83d\udca9tbird|Ground\n|move|p2a: Jirachi|Thunderbolt|p1a: Sh\ud83d\udca9tbird\n|-immune|p1a: Sh\ud83d\udca9tbird\n|move|p1a: Sh\ud83d\udca9tbird|Roost|p1a: Sh\ud83d\udca9tbird\n|-heal|p1a: Sh\ud83d\udca9tbird|89\/100\n|\n|upkeep\n|turn|24\n|\n|t:|1700641497\n|move|p2a: Jirachi|Stored Power|p1a: Sh\ud83d\udca9tbird\n|-damage|p1a: Sh\ud83d\udca9tbird|23\/100\n|move|p1a: Sh\ud83d\udca9tbird|Foul Play|p2a: Jirachi\n|-supereffective|p2a: Jirachi\n|-damage|p2a: Jirachi|49\/100\n|\n|upkeep\n|turn|25\n|\n|t:|1700641510\n|switch|p1a: Click the \u274c|Nosepass, L1, F, shiny|100\/100\n|move|p2a: Jirachi|Stored Power|p1a: Click the \u274c\n|-ability|p1a: Click the \u274c|Sturdy\n|-damage|p1a: Click the \u274c|10\/100\n|-enditem|p1a: Click the \u274c|Berry Juice\n|-heal|p1a: Click the \u274c|100\/100|[from] item: Berry Juice\n|\n|upkeep\n|turn|26\n|\n|t:|1700641515\n|move|p1a: Click the \u274c|Protect|p1a: Click the \u274c\n|-singleturn|p1a: Click the \u274c|Protect\n|move|p2a: Jirachi|Stored Power|p1a: Click the \u274c\n|-activate|p1a: Click the \u274c|move: Protect\n|\n|upkeep\n|turn|27\n|\n|t:|1700641518\n|move|p2a: Jirachi|Stored Power|p1a: Click the \u274c\n|-ability|p1a: Click the \u274c|Sturdy\n|-damage|p1a: Click the \u274c|10\/100\n|move|p1a: Click the \u274c|Pain Split|p2a: Jirachi\n|-sethp|p2a: Jirachi|25\/100|[from] move: Pain Split|[silent]\n|-sethp|p1a: Click the \u274c|100\/100|[from] move: Pain Split\n|\n|upkeep\n|turn|28\n|\n|t:|1700641523\n|move|p1a: Click the \u274c|Protect|p1a: Click the \u274c\n|-singleturn|p1a: Click the \u274c|Protect\n|move|p2a: Jirachi|Stored Power|p1a: Click the \u274c\n|-activate|p1a: Click the \u274c|move: Protect\n|\n|upkeep\n|turn|29\n|\n|t:|1700641526\n|move|p2a: Jirachi|Stored Power|p1a: Click the \u274c\n|-ability|p1a: Click the \u274c|Sturdy\n|-damage|p1a: Click the \u274c|10\/100\n|move|p1a: Click the \u274c|Pain Split|p2a: Jirachi\n|-sethp|p2a: Jirachi|13\/100|[from] move: Pain Split|[silent]\n|-sethp|p1a: Click the \u274c|100\/100|[from] move: Pain Split\n|\n|upkeep\n|turn|30\n|\n|t:|1700641528\n|move|p1a: Click the \u274c|Protect|p1a: Click the \u274c\n|-singleturn|p1a: Click the \u274c|Protect\n|move|p2a: Jirachi|Stored Power|p1a: Click the \u274c\n|-activate|p1a: Click the \u274c|move: Protect\n|\n|upkeep\n|turn|31\n|\n|t:|1700641533\n|move|p2a: Jirachi|Flash Cannon|p1a: Click the \u274c\n|-supereffective|p1a: Click the \u274c\n|-ability|p1a: Click the \u274c|Sturdy\n|-damage|p1a: Click the \u274c|10\/100\n|move|p1a: Click the \u274c|Pain Split|p2a: Jirachi\n|-sethp|p2a: Jirachi|7\/100|[from] move: Pain Split|[silent]\n|-sethp|p1a: Click the \u274c|100\/100|[from] move: Pain Split\n|\n|upkeep\n|turn|32\n|\n|t:|1700641549\n|move|p1a: Click the \u274c|Protect|p1a: Click the \u274c\n|-singleturn|p1a: Click the \u274c|Protect\n|move|p2a: Jirachi|Flash Cannon|p1a: Click the \u274c\n|-activate|p1a: Click the \u274c|move: Protect\n|\n|upkeep\n|turn|33\n|\n|t:|1700641555\n|move|p2a: Jirachi|Flash Cannon|p1a: Click the \u274c\n|-supereffective|p1a: Click the \u274c\n|-ability|p1a: Click the \u274c|Sturdy\n|-damage|p1a: Click the \u274c|10\/100\n|move|p1a: Click the \u274c|Pain Split|p2a: Jirachi\n|-sethp|p2a: Jirachi|4\/100|[from] move: Pain Split|[silent]\n|-sethp|p1a: Click the \u274c|100\/100|[from] move: Pain Split\n|\n|upkeep\n|turn|34\n|\n|t:|1700641561\n|move|p1a: Click the \u274c|Protect|p1a: Click the \u274c\n|-singleturn|p1a: Click the \u274c|Protect\n|move|p2a: Jirachi|Flash Cannon|p1a: Click the \u274c\n|-activate|p1a: Click the \u274c|move: Protect\n|\n|upkeep\n|turn|35\n|l|\u2606KKK12138\n|inactive|KKK12138 disconnected and has a minute to reconnect!\n|player|p2|\n|\n|t:|1700641571\n|move|p1a: Click the \u274c|Protect||[still]\n|-fail|p1a: Click the \u274c\n|move|p2a: Jirachi|Flash Cannon|p1a: Click the \u274c\n|-supereffective|p1a: Click the \u274c\n|-ability|p1a: Click the \u274c|Sturdy\n|-damage|p1a: Click the \u274c|10\/100\n|\n|upkeep\n|turn|36\n|inactive|KKK12138 has 30 seconds to reconnect!\n|inactive|KKK12138 has 20 seconds to reconnect!\n|inactive|KKK12138 has 15 seconds to reconnect!\n|inactive|KKK12138 has 10 seconds to reconnect!\n|inactive|KKK12138 has 5 seconds to reconnect!\n|-message|KKK12138 lost due to inactivity.\n|\n|win|Saltator\n|raw|Saltator's rating: 1336 &rarr; <strong>1358<\/strong><br \/>(+22 for winning)\n|raw|KKK12138's rating: 1369 &rarr; <strong>1347<\/strong><br \/>(-22 for losing)\n|c|\u2606Saltator|lol\n","uploadtime":1700641652,"views":0,"p1id":"saltator","p2id":"kkk12138","formatid":"gen9nationaldex","rating":1347,"private":0,"password":""}