{"id":"gen9nationaldex-1993149234","p1":"Drascore666","p2":"xiaopiki123","format":"[Gen 9] National Dex","log":"|j|\u2606Drascore666\n|j|\u2606xiaopiki123\n|t:|1700270709\n|gametype|singles\n|player|p1|Drascore666|steven|1538\n|player|p2|xiaopiki123|elesa|1627\n|teamsize|p1|6\n|teamsize|p2|6\n|gen|9\n|tier|[Gen 9] National Dex\n|rated|\n|rule|HP Percentage Mod: HP is shown in percentages\n|rule|Endless Battle Clause: Forcing endless battles is banned\n|rule|OHKO Clause: OHKO moves are banned\n|rule|Evasion Clause: Evasion abilities, items, and moves are banned\n|rule|Evasion Abilities Clause: Evasion abilities are banned\n|rule|Evasion Items Clause: Evasion items are banned\n|rule|Evasion Moves Clause: Evasion moves are banned\n|rule|Species Clause: Limit one of each Pok\u00e9mon\n|rule|Sleep Clause Mod: Limit one foe put to sleep\n|clearpoke\n|poke|p1|Sneasler, M|\n|poke|p1|Tapu Koko|\n|poke|p1|Landorus-Therian, M|\n|poke|p1|Moltres|\n|poke|p1|Heatran, M|\n|poke|p1|Kyurem|\n|poke|p2|Tyranitar, M|\n|poke|p2|Ogerpon-Wellspring, F|\n|poke|p2|Moltres|\n|poke|p2|Tapu Lele|\n|poke|p2|Zamazenta-*|\n|poke|p2|Charizard, M|\n|teampreview\n|inactive|Battle timer is ON: inactive players will automatically lose when time's up. (requested by Drascore666)\n|\n|t:|1700270735\n|start\n|switch|p1a: farfuretsouhormone|Sneasler, M|100\/100\n|switch|p2a: Tyranitar|Tyranitar, M|100\/100\n|-weather|Sandstorm|[from] ability: Sand Stream|[of] p2a: Tyranitar\n|turn|1\n|\n|t:|1700270743\n|switch|p2a: Moltres|Moltres|100\/100\n|move|p1a: farfuretsouhormone|U-turn|p2a: Moltres\n|-resisted|p2a: Moltres\n|-damage|p2a: Moltres|96\/100\n|-status|p1a: farfuretsouhormone|brn|[from] ability: Flame Body|[of] p2a: Moltres\n|-status|p2a: Moltres|psn|[from] ability: Poison Touch|[of] p1a: farfuretsouhormone\n|\n|t:|1700270756\n|switch|p1a: \u00e9bullilave|Heatran, M|100\/100|[from] U-turn\n|\n|-weather|Sandstorm|[upkeep]\n|-damage|p2a: Moltres|90\/100 psn|[from] Sandstorm\n|-damage|p2a: Moltres|77\/100 psn|[from] psn\n|upkeep\n|turn|2\n|\n|t:|1700270764\n|switch|p2a: Tyranitar|Tyranitar, M|100\/100\n|move|p1a: \u00e9bullilave|Stealth Rock|p2a: Tyranitar\n|-sidestart|p2: xiaopiki123|move: Stealth Rock\n|\n|-weather|Sandstorm|[upkeep]\n|upkeep\n|turn|3\n|\n|t:|1700270770\n|switch|p1a: Face of OU|Landorus-Therian, M|100\/100\n|-ability|p1a: Face of OU|Intimidate|boost\n|-unboost|p2a: Tyranitar|atk|1\n|move|p2a: Tyranitar|Stone Edge|p1a: Face of OU\n|-damage|p1a: Face of OU|59\/100\n|\n|-weather|Sandstorm|[upkeep]\n|-heal|p1a: Face of OU|65\/100|[from] item: Leftovers\n|upkeep\n|turn|4\n|\n|t:|1700270781\n|move|p1a: Face of OU|Knock Off|p2a: Tyranitar\n|-resisted|p2a: Tyranitar\n|-damage|p2a: Tyranitar|89\/100\n|-enditem|p2a: Tyranitar|Choice Band|[from] move: Knock Off|[of] p1a: Face of OU\n|move|p2a: Tyranitar|Stone Edge|p1a: Face of OU\n|-damage|p1a: Face of OU|40\/100\n|\n|-weather|Sandstorm|[upkeep]\n|-heal|p1a: Face of OU|46\/100|[from] item: Leftovers\n|upkeep\n|turn|5\n|\n|t:|1700270791\n|switch|p2a: Moltres|Moltres|77\/100 psn\n|move|p1a: Face of OU|Earthquake|p2a: Moltres\n|-immune|p2a: Moltres\n|\n|-weather|none\n|-heal|p1a: Face of OU|52\/100|[from] item: Leftovers\n|-damage|p2a: Moltres|65\/100 psn|[from] psn\n|upkeep\n|turn|6\n|\n|t:|1700270799\n|switch|p1a: \u00e9bullilave|Heatran, M|100\/100\n|move|p2a: Moltres|Defog|p1a: \u00e9bullilave\n|-unboost|p1a: \u00e9bullilave|evasion|1\n|-sideend|p2: xiaopiki123|Stealth Rock|[from] move: Defog|[of] p2a: Moltres\n|\n|-damage|p2a: Moltres|52\/100 psn|[from] psn\n|upkeep\n|turn|7\n|\n|t:|1700270814\n|switch|p2a: Ogerpon|Ogerpon-Wellspring, F|100\/100\n|move|p1a: \u00e9bullilave|Stealth Rock|p2a: Ogerpon\n|-sidestart|p2: xiaopiki123|move: Stealth Rock\n|\n|upkeep\n|turn|8\n|\n|t:|1700270823\n|switch|p1a: TheChikenFinalyFly|Moltres|100\/100\n|move|p2a: Ogerpon|Trailblaze|p1a: TheChikenFinalyFly\n|-resisted|p1a: TheChikenFinalyFly\n|-damage|p1a: TheChikenFinalyFly|93\/100\n|-boost|p2a: Ogerpon|spe|1\n|-status|p2a: Ogerpon|brn|[from] ability: Flame Body|[of] p1a: TheChikenFinalyFly\n|\n|-damage|p2a: Ogerpon|95\/100 brn|[from] brn\n|upkeep\n|turn|9\n|\n|t:|1700270834\n|move|p2a: Ogerpon|Ivy Cudgel|p1a: TheChikenFinalyFly|[anim] Ivy Cudgel Water\n|-supereffective|p1a: TheChikenFinalyFly\n|-damage|p1a: TheChikenFinalyFly|39\/100\n|move|p1a: TheChikenFinalyFly|Hurricane|p2a: Ogerpon\n|-supereffective|p2a: Ogerpon\n|-damage|p2a: Ogerpon|0 fnt\n|faint|p2a: Ogerpon\n|\n|upkeep\n|\n|t:|1700270840\n|switch|p2a: Moltres|Moltres|52\/100 psn\n|turn|10\n|\n|t:|1700270847\n|move|p1a: TheChikenFinalyFly|Roost|p1a: TheChikenFinalyFly\n|-heal|p1a: TheChikenFinalyFly|89\/100\n|-singleturn|p1a: TheChikenFinalyFly|move: Roost\n|move|p2a: Moltres|Defog|p1a: TheChikenFinalyFly\n|-unboost|p1a: TheChikenFinalyFly|evasion|1\n|-sideend|p2: xiaopiki123|Stealth Rock|[from] move: Defog|[of] p2a: Moltres\n|\n|-damage|p2a: Moltres|40\/100 psn|[from] psn\n|upkeep\n|turn|11\n|\n|t:|1700270857\n|switch|p2a: Tyranitar|Tyranitar, M|89\/100\n|-weather|Sandstorm|[from] ability: Sand Stream|[of] p2a: Tyranitar\n|move|p1a: TheChikenFinalyFly|Hurricane|p2a: Tyranitar\n|-resisted|p2a: Tyranitar\n|-damage|p2a: Tyranitar|70\/100\n|-start|p2a: Tyranitar|confusion\n|\n|-weather|Sandstorm|[upkeep]\n|-damage|p1a: TheChikenFinalyFly|83\/100|[from] Sandstorm\n|upkeep\n|turn|12\n|\n|t:|1700270867\n|move|p1a: TheChikenFinalyFly|U-turn|p2a: Tyranitar\n|-supereffective|p2a: Tyranitar\n|-damage|p2a: Tyranitar|48\/100\n|\n|t:|1700270870\n|switch|p1a: Face of OU|Landorus-Therian, M|52\/100|[from] U-turn\n|-ability|p1a: Face of OU|Intimidate|boost\n|-unboost|p2a: Tyranitar|atk|1\n|-activate|p2a: Tyranitar|confusion\n|move|p2a: Tyranitar|Stone Edge|p1a: Face of OU|[miss]\n|-miss|p2a: Tyranitar|p1a: Face of OU\n|\n|-weather|Sandstorm|[upkeep]\n|-heal|p1a: Face of OU|58\/100|[from] item: Leftovers\n|upkeep\n|turn|13\n|\n|t:|1700270882\n|switch|p2a: Moltres|Moltres|40\/100 psn\n|move|p1a: Face of OU|U-turn|p2a: Moltres\n|-resisted|p2a: Moltres\n|-damage|p2a: Moltres|36\/100 psn\n|-status|p1a: Face of OU|brn|[from] ability: Flame Body|[of] p2a: Moltres\n|\n|t:|1700270896\n|switch|p1a: tape le coco|Tapu Koko|100\/100|[from] U-turn\n|-fieldstart|move: Electric Terrain|[from] ability: Electric Surge|[of] p1a: tape le coco\n|\n|-weather|Sandstorm|[upkeep]\n|-damage|p1a: tape le coco|94\/100|[from] Sandstorm\n|-damage|p2a: Moltres|30\/100 psn|[from] Sandstorm\n|-damage|p2a: Moltres|17\/100 psn|[from] psn\n|upkeep\n|turn|14\n|\n|t:|1700270906\n|move|p1a: tape le coco|Thunderbolt|p2a: Moltres\n|-supereffective|p2a: Moltres\n|-damage|p2a: Moltres|0 fnt\n|faint|p2a: Moltres\n|\n|-weather|Sandstorm|[upkeep]\n|-damage|p1a: tape le coco|88\/100|[from] Sandstorm\n|upkeep\n|\n|t:|1700270911\n|switch|p2a: Tapu Lele|Tapu Lele|100\/100\n|-fieldstart|move: Psychic Terrain|[from] ability: Psychic Surge|[of] p2a: Tapu Lele\n|turn|15\n|\n|t:|1700270916\n|switch|p2a: Tyranitar|Tyranitar, M|48\/100\n|switch|p1a: \u00e9bullilave|Heatran, M|100\/100\n|\n|-weather|none\n|upkeep\n|turn|16\n|\n|t:|1700270923\n|switch|p1a: Face of OU|Landorus-Therian, M|58\/100 brn\n|-ability|p1a: Face of OU|Intimidate|boost\n|-unboost|p2a: Tyranitar|atk|1\n|move|p2a: Tyranitar|Stone Edge|p1a: Face of OU|[miss]\n|-miss|p2a: Tyranitar|p1a: Face of OU\n|\n|-heal|p1a: Face of OU|64\/100 brn|[from] item: Leftovers\n|-damage|p1a: Face of OU|58\/100 brn|[from] brn\n|upkeep\n|turn|17\n|\n|t:|1700270934\n|switch|p2a: Charizard|Charizard, M|100\/100\n|move|p1a: Face of OU|U-turn|p2a: Charizard\n|-resisted|p2a: Charizard\n|-damage|p2a: Charizard|97\/100\n|\n|t:|1700270954\n|switch|p1a: tape le coco|Tapu Koko|88\/100|[from] U-turn\n|-fieldstart|move: Electric Terrain|[from] ability: Electric Surge|[of] p1a: tape le coco\n|\n|upkeep\n|turn|18\n|\n|t:|1700270964\n|switch|p2a: Tyranitar|Tyranitar, M|48\/100\n|-weather|Sandstorm|[from] ability: Sand Stream|[of] p2a: Tyranitar\n|move|p1a: tape le coco|Thunderbolt|p2a: Tyranitar\n|-damage|p2a: Tyranitar|3\/100\n|\n|-weather|Sandstorm|[upkeep]\n|-damage|p1a: tape le coco|82\/100|[from] Sandstorm\n|upkeep\n|turn|19\n|\n|t:|1700270973\n|move|p1a: tape le coco|Thunderbolt|p2a: Tyranitar\n|-damage|p2a: Tyranitar|0 fnt\n|faint|p2a: Tyranitar\n|\n|-weather|Sandstorm|[upkeep]\n|-damage|p1a: tape le coco|76\/100|[from] Sandstorm\n|upkeep\n|\n|t:|1700270976\n|switch|p2a: Zamazenta|Zamazenta|100\/100\n|-ability|p2a: Zamazenta|Dauntless Shield|boost\n|-boost|p2a: Zamazenta|def|1\n|turn|20\n|\n|t:|1700270985\n|switch|p1a: TheChikenFinalyFly|Moltres|83\/100\n|move|p2a: Zamazenta|Iron Defense|p2a: Zamazenta\n|-boost|p2a: Zamazenta|def|2\n|\n|-weather|Sandstorm|[upkeep]\n|-damage|p2a: Zamazenta|94\/100|[from] Sandstorm\n|-damage|p1a: TheChikenFinalyFly|77\/100|[from] Sandstorm\n|-heal|p2a: Zamazenta|100\/100|[from] item: Leftovers\n|upkeep\n|turn|21\n|\n|t:|1700270993\n|move|p2a: Zamazenta|Iron Defense|p2a: Zamazenta\n|-boost|p2a: Zamazenta|def|2\n|move|p1a: TheChikenFinalyFly|Hurricane|p2a: Zamazenta\n|-supereffective|p2a: Zamazenta\n|-damage|p2a: Zamazenta|0 fnt\n|faint|p2a: Zamazenta\n|\n|-weather|Sandstorm|[upkeep]\n|-damage|p1a: TheChikenFinalyFly|71\/100|[from] Sandstorm\n|-fieldend|move: Electric Terrain\n|upkeep\n|\n|t:|1700270997\n|switch|p2a: Charizard|Charizard, M|97\/100\n|turn|22\n|\n|t:|1700271014\n|move|p2a: Charizard|Weather Ball|p1a: TheChikenFinalyFly\n|-supereffective|p1a: TheChikenFinalyFly\n|-damage|p1a: TheChikenFinalyFly|0 fnt\n|faint|p1a: TheChikenFinalyFly\n|\n|-weather|none\n|upkeep\n|\n|t:|1700271021\n|switch|p1a: tape le coco|Tapu Koko|76\/100\n|-fieldstart|move: Electric Terrain|[from] ability: Electric Surge|[of] p1a: tape le coco\n|turn|23\n|\n|t:|1700271026\n|switch|p2a: Tapu Lele|Tapu Lele|100\/100\n|-fieldstart|move: Psychic Terrain|[from] ability: Psychic Surge|[of] p2a: Tapu Lele\n|move|p1a: tape le coco|Thunderbolt|p2a: Tapu Lele\n|-damage|p2a: Tapu Lele|44\/100\n|\n|upkeep\n|turn|24\n|\n|t:|1700271041\n|switch|p2a: Charizard|Charizard, M|97\/100\n|switch|p1a: Face of OU|Landorus-Therian, M|58\/100 brn\n|-ability|p1a: Face of OU|Intimidate|boost\n|-unboost|p2a: Charizard|atk|1\n|\n|-heal|p1a: Face of OU|64\/100 brn|[from] item: Leftovers\n|-damage|p1a: Face of OU|58\/100 brn|[from] brn\n|upkeep\n|turn|25\n|\n|t:|1700271052\n|detailschange|p2a: Charizard|Charizard-Mega-Y, M\n|-mega|p2a: Charizard|Charizard|Charizardite Y\n|-weather|SunnyDay|[from] ability: Drought|[of] p2a: Charizard\n|move|p2a: Charizard|Air Slash|p1a: Face of OU\n|-damage|p1a: Face of OU|9\/100 brn\n|cant|p1a: Face of OU|flinch\n|\n|-weather|SunnyDay|[upkeep]\n|-heal|p1a: Face of OU|15\/100 brn|[from] item: Leftovers\n|-damage|p1a: Face of OU|9\/100 brn|[from] brn\n|upkeep\n|turn|26\n|\n|t:|1700271062\n|move|p2a: Charizard|Weather Ball|p1a: Face of OU\n|-damage|p1a: Face of OU|0 fnt\n|faint|p1a: Face of OU\n|\n|-weather|SunnyDay|[upkeep]\n|upkeep\n|\n|t:|1700271068\n|switch|p1a: tape le coco|Tapu Koko|76\/100\n|-fieldstart|move: Electric Terrain|[from] ability: Electric Surge|[of] p1a: tape le coco\n|turn|27\n|\n|t:|1700271073\n|move|p1a: tape le coco|Thunderbolt|p2a: Charizard\n|-supereffective|p2a: Charizard\n|-damage|p2a: Charizard|0 fnt\n|faint|p2a: Charizard\n|\n|-weather|SunnyDay|[upkeep]\n|upkeep\n|\n|t:|1700271075\n|switch|p2a: Tapu Lele|Tapu Lele|44\/100\n|-fieldstart|move: Psychic Terrain|[from] ability: Psychic Surge|[of] p2a: Tapu Lele\n|turn|28\n|\n|t:|1700271085\n|switch|p1a: Le Bg|Kyurem|100\/100\n|-ability|p1a: Le Bg|Pressure\n|move|p2a: Tapu Lele|Psychic|p1a: Le Bg\n|-damage|p1a: Le Bg|49\/100\n|\n|-weather|SunnyDay|[upkeep]\n|-heal|p1a: Le Bg|55\/100|[from] item: Leftovers\n|upkeep\n|turn|29\n|\n|t:|1700271095\n|-terastallize|p2a: Tapu Lele|Psychic\n|move|p2a: Tapu Lele|Psychic|p1a: Le Bg\n|-damage|p1a: Le Bg|0 fnt\n|faint|p1a: Le Bg\n|\n|-weather|none\n|upkeep\n|\n|t:|1700271102\n|switch|p1a: tape le coco|Tapu Koko|76\/100\n|-fieldstart|move: Electric Terrain|[from] ability: Electric Surge|[of] p1a: tape le coco\n|turn|30\n|inactive|xiaopiki123 has 120 seconds left.\n|inactive|xiaopiki123 has 90 seconds left.\n|inactive|xiaopiki123 has 60 seconds left.\n|inactive|xiaopiki123 has 30 seconds left.\n|inactive|xiaopiki123 has 20 seconds left.\n|inactive|xiaopiki123 has 15 seconds left.\n|inactive|xiaopiki123 has 10 seconds left.\n|inactive|xiaopiki123 has 5 seconds left.\n|-message|xiaopiki123 lost due to inactivity.\n|\n|win|Drascore666\n|raw|Drascore666's rating: 1538 &rarr; <strong>1563<\/strong><br \/>(+25 for winning)\n|raw|xiaopiki123's rating: 1635 &rarr; <strong>1610<\/strong><br \/>(-25 for losing)\n","uploadtime":1700271259,"views":14,"p1id":"drascore666","p2id":"xiaopiki123","formatid":"gen9nationaldex","rating":1563,"private":0,"password":""}