{"id":"gen9nationaldex-1989129206","p1":"Barkwitz","p2":"d9ryan","format":"[Gen 9] National Dex","log":"|j|\u2606Barkwitz\n|j|\u2606d9ryan\n|t:|1699815356\n|gametype|singles\n|player|p1|Barkwitz|janitor|1112\n|player|p2|d9ryan|roughneck|1071\n|teamsize|p1|6\n|teamsize|p2|6\n|gen|9\n|tier|[Gen 9] National Dex\n|rated|\n|rule|HP Percentage Mod: HP is shown in percentages\n|rule|Endless Battle Clause: Forcing endless battles is banned\n|rule|OHKO Clause: OHKO moves are banned\n|rule|Evasion Clause: Evasion abilities, items, and moves are banned\n|rule|Evasion Abilities Clause: Evasion abilities are banned\n|rule|Evasion Items Clause: Evasion items are banned\n|rule|Evasion Moves Clause: Evasion moves are banned\n|rule|Species Clause: Limit one of each Pok\u00e9mon\n|rule|Sleep Clause Mod: Limit one foe put to sleep\n|clearpoke\n|poke|p1|Torkoal, M|\n|poke|p1|Eelektross, F|\n|poke|p1|Darmanitan, M|\n|poke|p1|Scrafty, M|\n|poke|p1|Whimsicott, M|\n|poke|p1|Hitmonchan, M|\n|poke|p2|Thundurus-Therian, M|\n|poke|p2|Slowking-Galar, M|\n|poke|p2|Starmie|\n|poke|p2|Weezing-Galar, M|\n|poke|p2|Pinsir, M|\n|poke|p2|Crawdaunt, M|\n|teampreview\n|inactive|Battle timer is ON: inactive players will automatically lose when time's up. (requested by Barkwitz)\n|l|\u2606d9ryan\n|inactive|d9ryan disconnected and has a minute to reconnect!\n|player|p2|\n|j|\u2606d9ryan\n|inactive|d9ryan reconnected and has 120 seconds left.\n|player|p2|d9ryan|roughneck\n|\n|t:|1699815396\n|start\n|switch|p1a: 420\u00b0F|Torkoal, M|100\/100\n|switch|p2a: Thundurus|Thundurus-Therian, M, shiny|100\/100\n|-weather|SunnyDay|[from] ability: Drought|[of] p1a: 420\u00b0F\n|turn|1\n|inactive|Barkwitz has 120 seconds left.\n|\n|t:|1699815434\n|move|p2a: Thundurus|Taunt|p1a: 420\u00b0F\n|-start|p1a: 420\u00b0F|move: Taunt\n|move|p1a: 420\u00b0F|Lava Plume|p2a: Thundurus\n|-damage|p2a: Thundurus|24\/100\n|\n|-weather|SunnyDay|[upkeep]\n|upkeep\n|turn|2\n|\n|t:|1699815439\n|move|p2a: Thundurus|Volt Switch|p1a: 420\u00b0F\n|-damage|p1a: 420\u00b0F|47\/100\n|\n|t:|1699815442\n|switch|p2a: Slowking|Slowking-Galar, M, shiny|100\/100|[from] Volt Switch\n|move|p1a: 420\u00b0F|Lava Plume|p2a: Slowking\n|-damage|p2a: Slowking|80\/100\n|\n|-weather|SunnyDay|[upkeep]\n|upkeep\n|turn|3\n|\n|t:|1699815450\n|switch|p1a: AAAAAHHH|Eelektross, F|100\/100\n|move|p2a: Slowking|Sludge Wave|p1a: AAAAAHHH\n|-damage|p1a: AAAAAHHH|74\/100\n|\n|-weather|SunnyDay|[upkeep]\n|upkeep\n|turn|4\n|\n|t:|1699815458\n|move|p1a: AAAAAHHH|Fire Punch|p2a: Slowking\n|-damage|p2a: Slowking|41\/100\n|-status|p2a: Slowking|brn\n|move|p2a: Slowking|Psyshock|p1a: AAAAAHHH\n|-damage|p1a: AAAAAHHH|43\/100\n|\n|-weather|SunnyDay|[upkeep]\n|-damage|p2a: Slowking|35\/100 brn|[from] brn\n|upkeep\n|turn|5\n|\n|t:|1699815470\n|switch|p2a: Weezing|Weezing-Galar, M, shiny|100\/100\n|move|p1a: AAAAAHHH|Fire Punch|p2a: Weezing\n|-damage|p2a: Weezing|73\/100\n|\n|-weather|SunnyDay|[upkeep]\n|-heal|p2a: Weezing|79\/100|[from] item: Leftovers\n|upkeep\n|turn|6\n|\n|t:|1699815482\n|move|p2a: Weezing|Will-O-Wisp|p1a: AAAAAHHH\n|-status|p1a: AAAAAHHH|brn\n|move|p1a: AAAAAHHH|Fire Punch|p2a: Weezing\n|-damage|p2a: Weezing|66\/100\n|\n|-weather|SunnyDay|[upkeep]\n|-heal|p2a: Weezing|72\/100|[from] item: Leftovers\n|-damage|p1a: AAAAAHHH|37\/100 brn|[from] brn\n|upkeep\n|turn|7\n|\n|t:|1699815487\n|move|p2a: Weezing|Toxic Spikes|p1a: AAAAAHHH\n|-sidestart|p1: Barkwitz|move: Toxic Spikes\n|move|p1a: AAAAAHHH|Thunder Punch|p2a: Weezing\n|-damage|p2a: Weezing|59\/100\n|\n|-weather|SunnyDay|[upkeep]\n|-heal|p2a: Weezing|65\/100|[from] item: Leftovers\n|-damage|p1a: AAAAAHHH|30\/100 brn|[from] brn\n|upkeep\n|turn|8\n|\n|t:|1699815502\n|switch|p1a: 420\u00b0F|Torkoal, M|47\/100\n|-status|p1a: 420\u00b0F|psn\n|move|p2a: Weezing|Toxic Spikes|p1a: 420\u00b0F\n|-sidestart|p1: Barkwitz|move: Toxic Spikes\n|\n|-weather|none\n|-heal|p2a: Weezing|71\/100|[from] item: Leftovers\n|-damage|p1a: 420\u00b0F|35\/100 psn|[from] psn\n|upkeep\n|turn|9\n|\n|t:|1699815526\n|move|p2a: Weezing|Will-O-Wisp||[still]\n|-fail|p2a: Weezing\n|move|p1a: 420\u00b0F|Rapid Spin|p2a: Weezing\n|-crit|p2a: Weezing\n|-damage|p2a: Weezing|62\/100\n|-boost|p1a: 420\u00b0F|spe|1\n|-sideend|p1: Barkwitz|Toxic Spikes|[from] move: Rapid Spin|[of] p1a: 420\u00b0F\n|\n|-heal|p2a: Weezing|68\/100|[from] item: Leftovers\n|-damage|p1a: 420\u00b0F|23\/100 psn|[from] psn\n|upkeep\n|turn|10\n|c|\u2606Barkwitz|???\n|c|\u2606Barkwitz|will o wisp on a fire type lol\n|\n|t:|1699815545\n|move|p2a: Weezing|Acid Spray|p1a: 420\u00b0F\n|-damage|p1a: 420\u00b0F|7\/100 psn\n|-unboost|p1a: 420\u00b0F|spd|2\n|move|p1a: 420\u00b0F|Stealth Rock|p2a: Weezing\n|-sidestart|p2: d9ryan|move: Stealth Rock\n|\n|-heal|p2a: Weezing|74\/100|[from] item: Leftovers\n|-damage|p1a: 420\u00b0F|0 fnt|[from] psn\n|faint|p1a: 420\u00b0F\n|upkeep\n|\n|t:|1699815549\n|switch|p1a: Kaioken x10!!|Darmanitan, M|100\/100\n|turn|11\n|c|\u2606d9ryan|lol I changed the set it used to be taunt\n|c|\u2606Barkwitz|ooooh dude i feel that\n|\n|t:|1699815571\n|move|p1a: Kaioken x10!!|Flare Blitz|p2a: Weezing\n|-damage|p2a: Weezing|14\/100\n|-damage|p1a: Kaioken x10!!|82\/100|[from] Recoil\n|move|p2a: Weezing|Toxic Spikes|p1a: Kaioken x10!!\n|-sidestart|p1: Barkwitz|move: Toxic Spikes\n|\n|-heal|p2a: Weezing|20\/100|[from] item: Leftovers\n|upkeep\n|turn|12\n|c|\u2606Barkwitz|muscle memory be your worst enemy sometimes\n|\n|t:|1699815581\n|switch|p2a: Starmie|Starmie|100\/100\n|move|p1a: Kaioken x10!!|Flare Blitz|p2a: Starmie\n|-resisted|p2a: Starmie\n|-damage|p2a: Starmie|46\/100\n|-damage|p1a: Kaioken x10!!|65\/100|[from] Recoil\n|\n|upkeep\n|turn|13\n|\n|t:|1699815584\n|move|p1a: Kaioken x10!!|Flare Blitz|p2a: Starmie\n|-resisted|p2a: Starmie\n|-damage|p2a: Starmie|0 fnt\n|faint|p2a: Starmie\n|-damage|p1a: Kaioken x10!!|51\/100|[from] Recoil\n|\n|upkeep\n|\n|t:|1699815589\n|switch|p2a: Crawdaunt|Crawdaunt, M|100\/100\n|-damage|p2a: Crawdaunt|88\/100|[from] Stealth Rock\n|turn|14\n|\n|t:|1699815594\n|move|p2a: Crawdaunt|Aqua Jet|p1a: Kaioken x10!!\n|-supereffective|p1a: Kaioken x10!!\n|-damage|p1a: Kaioken x10!!|0 fnt\n|faint|p1a: Kaioken x10!!\n|-damage|p2a: Crawdaunt|78\/100|[from] item: Life Orb\n|\n|upkeep\n|\n|t:|1699815602\n|switch|p1a: Lil ol guy|Whimsicott, M|100\/100\n|-status|p1a: Lil ol guy|psn\n|turn|15\n|c|\u2606d9ryan|fr\n|\n|t:|1699815618\n|switch|p2a: Thundurus|Thundurus-Therian, M, shiny|24\/100\n|-terastallize|p1a: Lil ol guy|Poison\n|move|p1a: Lil ol guy|Leech Seed|p2a: Thundurus\n|-start|p2a: Thundurus|move: Leech Seed\n|\n|-damage|p2a: Thundurus|12\/100|[from] Leech Seed|[of] p1a: Lil ol guy\n|-damage|p1a: Lil ol guy|88\/100 psn|[from] psn\n|upkeep\n|turn|16\n|\n|t:|1699815629\n|switch|p1a: AAAAAHHH|Eelektross, F|30\/100 brn\n|move|p2a: Thundurus|Discharge|p1a: AAAAAHHH\n|-resisted|p1a: AAAAAHHH\n|-damage|p1a: AAAAAHHH|15\/100 brn\n|\n|-damage|p2a: Thundurus|0 fnt|[from] Leech Seed|[of] p1a: AAAAAHHH\n|-heal|p1a: AAAAAHHH|24\/100 brn|[silent]\n|faint|p2a: Thundurus\n|-damage|p1a: AAAAAHHH|18\/100 brn|[from] brn\n|upkeep\n|\n|t:|1699815646\n|switch|p2a: Crawdaunt|Crawdaunt, M|78\/100\n|-damage|p2a: Crawdaunt|66\/100|[from] Stealth Rock\n|turn|17\n|\n|t:|1699815651\n|-terastallize|p2a: Crawdaunt|Water\n|move|p2a: Crawdaunt|Aqua Jet|p1a: AAAAAHHH\n|-damage|p1a: AAAAAHHH|0 fnt\n|faint|p1a: AAAAAHHH\n|-damage|p2a: Crawdaunt|56\/100|[from] item: Life Orb\n|\n|upkeep\n|\n|t:|1699815657\n|switch|p1a: Lil ol guy|Whimsicott, M, tera:Poison|88\/100 psn\n|-sideend|p1: Barkwitz|move: Toxic Spikes|[of] p1a: Lil ol guy\n|turn|18\n|\n|t:|1699815663\n|move|p1a: Lil ol guy|Leech Seed|p2a: Crawdaunt\n|-start|p2a: Crawdaunt|move: Leech Seed\n|move|p2a: Crawdaunt|Aqua Jet|p1a: Lil ol guy\n|-damage|p1a: Lil ol guy|35\/100 psn\n|-damage|p2a: Crawdaunt|46\/100|[from] item: Life Orb\n|\n|-heal|p1a: Lil ol guy|41\/100 psn|[from] item: Leftovers\n|-damage|p2a: Crawdaunt|33\/100|[from] Leech Seed|[of] p1a: Lil ol guy\n|-heal|p1a: Lil ol guy|54\/100 psn|[silent]\n|-damage|p1a: Lil ol guy|41\/100 psn|[from] psn\n|upkeep\n|turn|19\n|\n|t:|1699815666\n|move|p1a: Lil ol guy|Cotton Guard|p1a: Lil ol guy\n|-boost|p1a: Lil ol guy|def|3\n|move|p2a: Crawdaunt|Aqua Jet|p1a: Lil ol guy\n|-crit|p1a: Lil ol guy\n|-damage|p1a: Lil ol guy|0 fnt\n|faint|p1a: Lil ol guy\n|-damage|p2a: Crawdaunt|23\/100|[from] item: Life Orb\n|\n|upkeep\n|\n|t:|1699815674\n|switch|p1a: Zillakami|Scrafty, M|100\/100\n|turn|20\n|c|\u2606d9ryan|ouch sorry\n|\n|t:|1699815684\n|move|p2a: Crawdaunt|Aqua Jet|p1a: Zillakami\n|-damage|p1a: Zillakami|62\/100\n|-damage|p2a: Crawdaunt|13\/100|[from] item: Life Orb\n|move|p1a: Zillakami|Bulk Up|p1a: Zillakami\n|-boost|p1a: Zillakami|atk|1\n|-boost|p1a: Zillakami|def|1\n|\n|-heal|p1a: Zillakami|68\/100|[from] item: Leftovers\n|-damage|p2a: Crawdaunt|1\/100|[from] Leech Seed|[of] p1a: Zillakami\n|-heal|p1a: Zillakami|80\/100|[silent]\n|upkeep\n|turn|21\n|\n|t:|1699815696\n|move|p1a: Zillakami|Bulk Up|p1a: Zillakami\n|-boost|p1a: Zillakami|atk|1\n|-boost|p1a: Zillakami|def|1\n|move|p2a: Crawdaunt|Close Combat|p1a: Zillakami\n|-supereffective|p1a: Zillakami\n|-damage|p1a: Zillakami|30\/100\n|-unboost|p2a: Crawdaunt|def|1\n|-unboost|p2a: Crawdaunt|spd|1\n|-damage|p2a: Crawdaunt|0 fnt|[from] item: Life Orb\n|faint|p2a: Crawdaunt\n|\n|-heal|p1a: Zillakami|36\/100|[from] item: Leftovers\n|upkeep\n|\n|t:|1699815701\n|switch|p2a: Weezing|Weezing-Galar, M, shiny|20\/100\n|-damage|p2a: Weezing|8\/100|[from] Stealth Rock\n|turn|22\n|\n|t:|1699815704\n|move|p2a: Weezing|Will-O-Wisp|p1a: Zillakami|[miss]\n|-miss|p2a: Weezing|p1a: Zillakami\n|move|p1a: Zillakami|Iron Head|p2a: Weezing\n|-supereffective|p2a: Weezing\n|-damage|p2a: Weezing|0 fnt\n|faint|p2a: Weezing\n|\n|-heal|p1a: Zillakami|42\/100|[from] item: Leftovers\n|upkeep\n|\n|t:|1699815709\n|switch|p2a: Slowking|Slowking-Galar, M, shiny|69\/100 brn\n|-damage|p2a: Slowking|56\/100 brn|[from] Stealth Rock\n|turn|23\n|\n|t:|1699815718\n|move|p1a: Zillakami|Iron Head|p2a: Slowking\n|-damage|p2a: Slowking|11\/100 brn\n|cant|p2a: Slowking|flinch\n|\n|-heal|p1a: Zillakami|48\/100|[from] item: Leftovers\n|-damage|p2a: Slowking|5\/100 brn|[from] brn\n|upkeep\n|turn|24\n|\n|t:|1699815724\n|move|p1a: Zillakami|Iron Head|p2a: Slowking\n|-damage|p2a: Slowking|0 fnt\n|faint|p2a: Slowking\n|\n|-heal|p1a: Zillakami|53\/100|[from] item: Leftovers\n|upkeep\n|\n|t:|1699815726\n|switch|p2a: Pinsir|Pinsir, M|100\/100\n|-damage|p2a: Pinsir|76\/100|[from] Stealth Rock\n|turn|25\n|c|\u2606Barkwitz|rngesus i praise you\n|\n|t:|1699815737\n|detailschange|p2a: Pinsir|Pinsir-Mega, M\n|-mega|p2a: Pinsir|Pinsir|Pinsirite\n|move|p2a: Pinsir|Double-Edge|p1a: Zillakami\n|-supereffective|p1a: Zillakami\n|-damage|p1a: Zillakami|0 fnt\n|faint|p1a: Zillakami\n|-damage|p2a: Pinsir|54\/100|[from] Recoil\n|\n|upkeep\n|\n|t:|1699815742\n|switch|p1a: Kaioken x5!!|Hitmonchan, M|100\/100\n|turn|26\n|c|\u2606Barkwitz|rngesus give me strength\n|\n|t:|1699815755\n|move|p2a: Pinsir|Quick Attack|p1a: Kaioken x5!!\n|-supereffective|p1a: Kaioken x5!!\n|-damage|p1a: Kaioken x5!!|8\/100\n|move|p1a: Kaioken x5!!|Fire Punch|p2a: Pinsir\n|-supereffective|p2a: Pinsir\n|-damage|p2a: Pinsir|0 fnt\n|faint|p2a: Pinsir\n|-damage|p1a: Kaioken x5!!|0 fnt|[from] item: Life Orb\n|faint|p1a: Kaioken x5!!\n|\n|win|Barkwitz\n|raw|Barkwitz's rating: 1112 &rarr; <strong>1134<\/strong><br \/>(+22 for winning)\n|raw|d9ryan's rating: 1071 &rarr; <strong>1053<\/strong><br \/>(-18 for losing)\n|l|\u2606d9ryan\n|c|\u2606Barkwitz|gg\n","uploadtime":1699815781,"views":5,"p1id":"barkwitz","p2id":"d9ryan","formatid":"gen9nationaldex","rating":1053,"private":0,"password":""}