{"id":"gen9nationaldex-1988020825","p1":"AdvilPills","p2":"Dinotrooper","format":"[Gen 9] National Dex","log":"|j|\u2606AdvilPills\n|j|\u2606Dinotrooper\n|t:|1699660006\n|gametype|singles\n|player|p1|AdvilPills|1|\n|player|p2|Dinotrooper|169|\n|teamsize|p1|6\n|teamsize|p2|6\n|gen|9\n|tier|[Gen 9] National Dex\n|rule|HP Percentage Mod: HP is shown in percentages\n|rule|Endless Battle Clause: Forcing endless battles is banned\n|rule|OHKO Clause: OHKO moves are banned\n|rule|Evasion Clause: Evasion abilities, items, and moves are banned\n|rule|Evasion Abilities Clause: Evasion abilities are banned\n|rule|Evasion Items Clause: Evasion items are banned\n|rule|Evasion Moves Clause: Evasion moves are banned\n|rule|Species Clause: Limit one of each Pok\u00e9mon\n|rule|Sleep Clause Mod: Limit one foe put to sleep\n|clearpoke\n|poke|p1|Murkrow, F|\n|poke|p1|Landorus-Therian, M|\n|poke|p1|Heatran, F|\n|poke|p1|Clefable, F|\n|poke|p1|Rillaboom, M|\n|poke|p1|Goodra-Hisui, F|\n|poke|p2|Hydreigon, F|\n|poke|p2|Kyurem|\n|poke|p2|Altaria, F|\n|poke|p2|Turtonator, M|\n|poke|p2|Appletun, F|\n|poke|p2|Tyrantrum, F|\n|teampreview\n|c|\u2606Dinotrooper|glhf\n|c|\u2606AdvilPills|dang, you really changed your team\n|\n|t:|1699660036\n|start\n|switch|p1a: Goodra|Goodra-Hisui, F|100\/100\n|switch|p2a: Turtonator|Turtonator, M|100\/100\n|turn|1\n|\n|t:|1699660071\n|switch|p2a: Appletun|Appletun, F|100\/100\n|move|p1a: Goodra|Draco Meteor|p2a: Appletun\n|-supereffective|p2a: Appletun\n|-damage|p2a: Appletun|9\/100\n|-unboost|p1a: Goodra|spa|2\n|\n|-heal|p2a: Appletun|15\/100|[from] item: Leftovers\n|upkeep\n|turn|2\n|c|\u2606Dinotrooper|:o\n|c|\u2606Dinotrooper|I was planning a sack\n|\n|t:|1699660090\n|switch|p2a: Altaria|Altaria, F|100\/100\n|move|p1a: Goodra|Ice Beam|p2a: Altaria\n|-supereffective|p2a: Altaria\n|-damage|p2a: Altaria|30\/100\n|\n|upkeep\n|turn|3\n|\n|t:|1699660100\n|switch|p2a: Kyurem|Kyurem|100\/100\n|-ability|p2a: Kyurem|Pressure\n|move|p1a: Goodra|Ice Beam|p2a: Kyurem\n|-crit|p2a: Kyurem\n|-damage|p2a: Kyurem|60\/100\n|\n|upkeep\n|turn|4\n|\n|t:|1699660106\n|move|p2a: Kyurem|Dragon Dance|p2a: Kyurem\n|-boost|p2a: Kyurem|atk|1\n|-boost|p2a: Kyurem|spe|1\n|move|p1a: Goodra|Draco Meteor|p2a: Kyurem\n|-supereffective|p2a: Kyurem\n|-damage|p2a: Kyurem|0 fnt\n|-unboost|p1a: Goodra|spa|2\n|faint|p2a: Kyurem\n|\n|upkeep\n|\n|t:|1699660116\n|switch|p2a: Tyrantrum|Tyrantrum, F|100\/100\n|turn|5\n|\n|t:|1699660123\n|move|p2a: Tyrantrum|Close Combat|p1a: Goodra\n|-supereffective|p1a: Goodra\n|-damage|p1a: Goodra|21\/100\n|-unboost|p2a: Tyrantrum|def|1\n|-unboost|p2a: Tyrantrum|spd|1\n|move|p1a: Goodra|Draco Meteor|p2a: Tyrantrum\n|-supereffective|p2a: Tyrantrum\n|-damage|p2a: Tyrantrum|0 fnt\n|-unboost|p1a: Goodra|spa|2\n|faint|p2a: Tyrantrum\n|\n|-heal|p1a: Goodra|27\/100|[from] item: Leftovers\n|upkeep\n|\n|t:|1699660132\n|switch|p2a: Hydreigon|Hydreigon, F|100\/100\n|turn|6\n|\n|t:|1699660136\n|move|p2a: Hydreigon|Dark Pulse|p1a: Goodra\n|-crit|p1a: Goodra\n|-damage|p1a: Goodra|0 fnt\n|faint|p1a: Goodra\n|-damage|p2a: Hydreigon|91\/100|[from] item: Life Orb\n|\n|upkeep\n|\n|t:|1699660143\n|switch|p1a: Clefable|Clefable, F|100\/100\n|turn|7\n|\n|t:|1699660152\n|-terastallize|p2a: Hydreigon|Fire\n|move|p2a: Hydreigon|Nasty Plot|p2a: Hydreigon\n|-boost|p2a: Hydreigon|spa|2\n|move|p1a: Clefable|Fire Blast|p2a: Hydreigon\n|-resisted|p2a: Hydreigon\n|-damage|p2a: Hydreigon|70\/100\n|\n|upkeep\n|turn|8\n|c|\u2606AdvilPills|I was reading tera steel\n|\n|t:|1699660166\n|move|p2a: Hydreigon|Fire Blast|p1a: Clefable|[miss]\n|-miss|p2a: Hydreigon|p1a: Clefable\n|move|p1a: Clefable|Stealth Rock|p2a: Hydreigon\n|-sidestart|p2: Dinotrooper|move: Stealth Rock\n|\n|upkeep\n|turn|9\n|\n|t:|1699660173\n|move|p2a: Hydreigon|Nasty Plot|p2a: Hydreigon\n|-boost|p2a: Hydreigon|spa|2\n|move|p1a: Clefable|Thunderbolt|p2a: Hydreigon\n|-damage|p2a: Hydreigon|38\/100\n|-status|p2a: Hydreigon|par\n|\n|upkeep\n|turn|10\n|\n|t:|1699660179\n|move|p2a: Hydreigon|Fire Blast|p1a: Clefable\n|-damage|p1a: Clefable|0 fnt\n|faint|p1a: Clefable\n|-damage|p2a: Hydreigon|29\/100 par|[from] item: Life Orb\n|\n|upkeep\n|\n|t:|1699660191\n|switch|p1a: Rillaboom|Rillaboom, M|100\/100\n|-fieldstart|move: Grassy Terrain|[from] ability: Grassy Surge|[of] p1a: Rillaboom\n|-enditem|p1a: Rillaboom|Grassy Seed\n|-boost|p1a: Rillaboom|def|1|[from] item: Grassy Seed\n|turn|11\n|\n|t:|1699660199\n|move|p1a: Rillaboom|Acrobatics|p2a: Hydreigon\n|-damage|p2a: Hydreigon|0 fnt\n|faint|p2a: Hydreigon\n|\n|upkeep\n|\n|t:|1699660203\n|switch|p2a: Turtonator|Turtonator, M|100\/100\n|-damage|p2a: Turtonator|76\/100|[from] Stealth Rock\n|turn|12\n|\n|t:|1699660208\n|-terastallize|p1a: Rillaboom|Flying\n|move|p1a: Rillaboom|Acrobatics|p2a: Turtonator\n|-damage|p2a: Turtonator|32\/100\n|move|p2a: Turtonator|Shell Smash|p2a: Turtonator\n|-unboost|p2a: Turtonator|def|1\n|-unboost|p2a: Turtonator|spd|1\n|-boost|p2a: Turtonator|atk|2\n|-boost|p2a: Turtonator|spa|2\n|-boost|p2a: Turtonator|spe|2\n|-enditem|p2a: Turtonator|White Herb\n|-clearnegativeboost|p2a: Turtonator|[silent]\n|\n|-heal|p2a: Turtonator|38\/100|[from] Grassy Terrain\n|upkeep\n|turn|13\n|\n|t:|1699660221\n|move|p1a: Rillaboom|Acrobatics|p2a: Turtonator\n|-damage|p2a: Turtonator|0 fnt\n|faint|p2a: Turtonator\n|\n|upkeep\n|\n|t:|1699660224\n|switch|p2a: Altaria|Altaria, F|30\/100\n|-damage|p2a: Altaria|6\/100|[from] Stealth Rock\n|turn|14\n|\n|t:|1699660231\n|detailschange|p2a: Altaria|Altaria-Mega, F\n|-mega|p2a: Altaria|Altaria|Altarianite\n|move|p1a: Rillaboom|U-turn|p2a: Altaria\n|-resisted|p2a: Altaria\n|-damage|p2a: Altaria|0 fnt\n|faint|p2a: Altaria\n|\n|t:|1699660239\n|switch|p1a: Heatran|Heatran, F|100\/100|[from] U-turn\n|\n|upkeep\n|\n|t:|1699660248\n|switch|p2a: Appletun|Appletun, F|15\/100\n|-damage|p2a: Appletun|2\/100|[from] Stealth Rock\n|turn|15\n|\n|t:|1699660255\n|move|p2a: Appletun|Protect|p2a: Appletun\n|-singleturn|p2a: Appletun|Protect\n|move|p1a: Heatran|Flash Cannon|p2a: Appletun\n|-activate|p2a: Appletun|move: Protect\n|\n|-heal|p2a: Appletun|8\/100|[from] Grassy Terrain\n|-heal|p2a: Appletun|14\/100|[from] item: Leftovers\n|-fieldend|move: Grassy Terrain\n|upkeep\n|turn|16\n|\n|t:|1699660261\n|move|p2a: Appletun|Protect|p2a: Appletun\n|-singleturn|p2a: Appletun|Protect\n|move|p1a: Heatran|Lava Plume|p2a: Appletun\n|-activate|p2a: Appletun|move: Protect\n|\n|-heal|p2a: Appletun|21\/100|[from] item: Leftovers\n|upkeep\n|turn|17\n|\n|t:|1699660273\n|move|p1a: Heatran|Lava Plume|p2a: Appletun\n|-damage|p2a: Appletun|6\/100\n|-status|p2a: Appletun|brn\n|move|p2a: Appletun|Recover|p2a: Appletun\n|-heal|p2a: Appletun|56\/100 brn\n|\n|-heal|p2a: Appletun|62\/100 brn|[from] item: Leftovers\n|-damage|p2a: Appletun|56\/100 brn|[from] brn\n|upkeep\n|turn|18\n|c|\u2606AdvilPills|huh?\n|c|\u2606AdvilPills|oh thick fat\n|\n|t:|1699660287\n|move|p1a: Heatran|Flash Cannon|p2a: Appletun\n|-damage|p2a: Appletun|25\/100 brn\n|move|p2a: Appletun|Leech Seed|p1a: Heatran\n|-start|p1a: Heatran|move: Leech Seed\n|\n|-heal|p2a: Appletun|31\/100 brn|[from] item: Leftovers\n|-damage|p1a: Heatran|88\/100|[from] Leech Seed|[of] p2a: Appletun\n|-heal|p2a: Appletun|42\/100 brn|[silent]\n|-damage|p2a: Appletun|36\/100 brn|[from] brn\n|upkeep\n|turn|19\n|\n|t:|1699660292\n|move|p2a: Appletun|Protect|p2a: Appletun\n|-singleturn|p2a: Appletun|Protect\n|move|p1a: Heatran|Flash Cannon|p2a: Appletun\n|-activate|p2a: Appletun|move: Protect\n|\n|-heal|p1a: Heatran|94\/100|[from] item: Leftovers\n|-heal|p2a: Appletun|42\/100 brn|[from] item: Leftovers\n|-damage|p1a: Heatran|82\/100|[from] Leech Seed|[of] p2a: Appletun\n|-heal|p2a: Appletun|53\/100 brn|[silent]\n|-damage|p2a: Appletun|47\/100 brn|[from] brn\n|upkeep\n|turn|20\n|\n|t:|1699660297\n|move|p1a: Heatran|Flash Cannon|p2a: Appletun\n|-damage|p2a: Appletun|16\/100 brn\n|move|p2a: Appletun|Recover|p2a: Appletun\n|-heal|p2a: Appletun|66\/100 brn\n|\n|-heal|p1a: Heatran|88\/100|[from] item: Leftovers\n|-heal|p2a: Appletun|72\/100 brn|[from] item: Leftovers\n|-damage|p1a: Heatran|76\/100|[from] Leech Seed|[of] p2a: Appletun\n|-heal|p2a: Appletun|84\/100 brn|[silent]\n|-damage|p2a: Appletun|77\/100 brn|[from] brn\n|upkeep\n|turn|21\n|\n|t:|1699660306\n|switch|p1a: Landorus|Landorus-Therian, M|100\/100\n|-ability|p1a: Landorus|Intimidate|boost\n|-unboost|p2a: Appletun|atk|1\n|move|p2a: Appletun|Apple Acid|p1a: Landorus\n|-damage|p1a: Landorus|58\/100\n|-unboost|p1a: Landorus|spd|1\n|\n|-heal|p1a: Landorus|64\/100|[from] item: Leftovers\n|-heal|p2a: Appletun|84\/100 brn|[from] item: Leftovers\n|-damage|p2a: Appletun|77\/100 brn|[from] brn\n|upkeep\n|turn|22\n|\n|t:|1699660313\n|move|p1a: Landorus|U-turn|p2a: Appletun\n|-supereffective|p2a: Appletun\n|-damage|p2a: Appletun|30\/100 brn\n|\n|t:|1699660316\n|switch|p1a: Rillaboom|Rillaboom, M, tera:Flying|100\/100|[from] U-turn\n|-fieldstart|move: Grassy Terrain|[from] ability: Grassy Surge|[of] p1a: Rillaboom\n|move|p2a: Appletun|Leech Seed|p1a: Rillaboom\n|-start|p1a: Rillaboom|move: Leech Seed\n|\n|-heal|p2a: Appletun|36\/100 brn|[from] Grassy Terrain\n|-heal|p2a: Appletun|42\/100 brn|[from] item: Leftovers\n|-damage|p1a: Rillaboom|88\/100|[from] Leech Seed|[of] p2a: Appletun\n|-heal|p2a: Appletun|52\/100 brn|[silent]\n|-damage|p2a: Appletun|46\/100 brn|[from] brn\n|upkeep\n|turn|23\n|\n|t:|1699660323\n|move|p2a: Appletun|Protect|p2a: Appletun\n|-singleturn|p2a: Appletun|Protect\n|move|p1a: Rillaboom|Acrobatics|p2a: Appletun\n|-activate|p2a: Appletun|move: Protect\n|\n|-heal|p2a: Appletun|52\/100 brn|[from] Grassy Terrain\n|-heal|p2a: Appletun|58\/100 brn|[from] item: Leftovers\n|-damage|p1a: Rillaboom|76\/100|[from] Leech Seed|[of] p2a: Appletun\n|-heal|p2a: Appletun|68\/100 brn|[silent]\n|-damage|p2a: Appletun|62\/100 brn|[from] brn\n|upkeep\n|turn|24\n|\n|t:|1699660329\n|move|p2a: Appletun|Protect|p2a: Appletun\n|-singleturn|p2a: Appletun|Protect\n|move|p1a: Rillaboom|Acrobatics|p2a: Appletun\n|-activate|p2a: Appletun|move: Protect\n|\n|-heal|p2a: Appletun|68\/100 brn|[from] Grassy Terrain\n|-heal|p2a: Appletun|74\/100 brn|[from] item: Leftovers\n|-damage|p1a: Rillaboom|64\/100|[from] Leech Seed|[of] p2a: Appletun\n|-heal|p2a: Appletun|84\/100 brn|[silent]\n|-damage|p2a: Appletun|78\/100 brn|[from] brn\n|upkeep\n|turn|25\n|\n|t:|1699660334\n|move|p1a: Rillaboom|Acrobatics|p2a: Appletun\n|-supereffective|p2a: Appletun\n|-damage|p2a: Appletun|0 fnt\n|faint|p2a: Appletun\n|\n|win|AdvilPills\n|c|\u2606Dinotrooper|gg\n|c|\u2606AdvilPills|gg\n","uploadtime":1699660372,"views":9,"p1id":"advilpills","p2id":"dinotrooper","formatid":"gen9nationaldex","rating":0,"private":0,"password":""}