{"id":"gen9nationaldex-1988379241","p1":"yueyue12345","p2":"Santino696969","format":"[Gen 9] National Dex","log":"|j|\u2606yueyue12345\n|j|\u2606Santino696969\n|t:|1699716217\n|gametype|singles\n|player|p1|yueyue12345|lucas|1303\n|player|p2|Santino696969|ethan|1379\n|teamsize|p1|6\n|teamsize|p2|6\n|gen|9\n|tier|[Gen 9] National Dex\n|rated|\n|rule|HP Percentage Mod: HP is shown in percentages\n|rule|Endless Battle Clause: Forcing endless battles is banned\n|rule|OHKO Clause: OHKO moves are banned\n|rule|Evasion Clause: Evasion abilities, items, and moves are banned\n|rule|Evasion Abilities Clause: Evasion abilities are banned\n|rule|Evasion Items Clause: Evasion items are banned\n|rule|Evasion Moves Clause: Evasion moves are banned\n|rule|Species Clause: Limit one of each Pok\u00e9mon\n|rule|Sleep Clause Mod: Limit one foe put to sleep\n|clearpoke\n|poke|p1|Banette, M|\n|poke|p1|Sneasler, M|\n|poke|p1|Tapu Lele|\n|poke|p1|Zoroark-Hisui, F|\n|poke|p1|Blacephalon|\n|poke|p1|Grimmsnarl, M|\n|poke|p2|Ogerpon, F|\n|poke|p2|Weavile, F|\n|poke|p2|Forretress, F|\n|poke|p2|Sneasler, M|\n|poke|p2|Iron Moth|\n|poke|p2|Aegislash, M|\n|teampreview\n|inactive|Battle timer is ON: inactive players will automatically lose when time's up. (requested by Santino696969)\n|\n|t:|1699716232\n|start\n|switch|p1a: Grimmsnarl|Grimmsnarl, M|100\/100\n|switch|p2a: Forretress|Forretress, F|100\/100\n|turn|1\n|\n|t:|1699716239\n|move|p1a: Grimmsnarl|Flamethrower|p2a: Forretress\n|-supereffective|p2a: Forretress\n|-ability|p2a: Forretress|Sturdy\n|-damage|p2a: Forretress|1\/100\n|move|p2a: Forretress|Explosion|p1a: Grimmsnarl\n|-immune|p1a: Grimmsnarl\n|faint|p2a: Forretress\n|\n|upkeep\n|\n|t:|1699716249\n|switch|p2a: Sneasler|Sneasler, M|100\/100\n|turn|2\n|\n|t:|1699716255\n|move|p2a: Sneasler|Dire Claw|p1a: Grimmsnarl\n|-resisted|p1a: Grimmsnarl\n|-damage|p1a: Grimmsnarl|44\/100\n|-status|p1a: Grimmsnarl|slp\n|replace|p1a: Zoroark|Zoroark-Hisui, F\n|-end|p1a: Zoroark|Illusion\n|-damage|p2a: Sneasler|91\/100|[from] item: Life Orb\n|cant|p1a: Zoroark|slp\n|\n|upkeep\n|turn|3\n|\n|t:|1699716264\n|move|p2a: Sneasler|Fire Punch|p1a: Zoroark\n|-damage|p1a: Zoroark|0 fnt\n|faint|p1a: Zoroark\n|-damage|p2a: Sneasler|81\/100|[from] item: Life Orb\n|\n|upkeep\n|\n|t:|1699716272\n|switch|p1a: Blacephalon|Blacephalon|100\/100\n|turn|4\n|\n|t:|1699716275\n|move|p2a: Sneasler|Fire Punch|p1a: Blacephalon\n|-resisted|p1a: Blacephalon\n|-damage|p1a: Blacephalon|56\/100\n|-damage|p2a: Sneasler|71\/100|[from] item: Life Orb\n|move|p1a: Blacephalon|Flamethrower|p2a: Sneasler\n|-damage|p2a: Sneasler|0 fnt\n|faint|p2a: Sneasler\n|-ability|p1a: Blacephalon|Beast Boost|boost\n|-boost|p1a: Blacephalon|spa|1\n|\n|upkeep\n|\n|t:|1699716287\n|switch|p2a: Iron Moth|Iron Moth|100\/100\n|-enditem|p2a: Iron Moth|Booster Energy\n|-activate|p2a: Iron Moth|ability: Quark Drive|[fromitem]\n|-start|p2a: Iron Moth|quarkdrivespe\n|turn|5\n|\n|t:|1699716295\n|move|p2a: Iron Moth|Fiery Dance|p1a: Blacephalon\n|-resisted|p1a: Blacephalon\n|-damage|p1a: Blacephalon|28\/100\n|-boost|p2a: Iron Moth|spa|1\n|move|p1a: Blacephalon|Mind Blown|p2a: Iron Moth\n|-resisted|p2a: Iron Moth\n|-damage|p2a: Iron Moth|40\/100\n|-damage|p1a: Blacephalon|0 fnt|[from] mindblown\n|faint|p1a: Blacephalon\n|\n|upkeep\n|\n|t:|1699716302\n|switch|p1a: Grimmsnarl|Grimmsnarl, M|100\/100\n|turn|6\n|\n|t:|1699716307\n|move|p1a: Grimmsnarl|Sucker Punch|p2a: Iron Moth\n|-damage|p2a: Iron Moth|0 fnt\n|faint|p2a: Iron Moth\n|-end|p2a: Iron Moth|Quark Drive|[silent]\n|-damage|p1a: Grimmsnarl|91\/100|[from] item: Life Orb\n|\n|upkeep\n|\n|t:|1699716309\n|switch|p2a: Weavile|Weavile, F|100\/100\n|-ability|p2a: Weavile|Pressure\n|turn|7\n|\n|t:|1699716316\n|move|p2a: Weavile|Swords Dance|p2a: Weavile\n|-boost|p2a: Weavile|atk|2\n|move|p1a: Grimmsnarl|Low Kick|p2a: Weavile\n|-supereffective|p2a: Weavile\n|-damage|p2a: Weavile|0 fnt\n|faint|p2a: Weavile\n|-damage|p1a: Grimmsnarl|81\/100|[from] item: Life Orb\n|\n|upkeep\n|\n|t:|1699716327\n|switch|p2a: Ogerpon|Ogerpon, F|100\/100\n|turn|8\n|\n|t:|1699716331\n|move|p2a: Ogerpon|Swords Dance|p2a: Ogerpon\n|-boost|p2a: Ogerpon|atk|2\n|move|p1a: Grimmsnarl|Ice Punch|p2a: Ogerpon\n|-supereffective|p2a: Ogerpon\n|-damage|p2a: Ogerpon|4\/100\n|-damage|p1a: Grimmsnarl|71\/100|[from] item: Life Orb\n|\n|upkeep\n|turn|9\n|\n|t:|1699716338\n|move|p1a: Grimmsnarl|Sucker Punch|p2a: Ogerpon\n|-damage|p2a: Ogerpon|0 fnt\n|faint|p2a: Ogerpon\n|-damage|p1a: Grimmsnarl|61\/100|[from] item: Life Orb\n|\n|upkeep\n|-message|Santino696969 forfeited.\n|\n|win|yueyue12345\n|raw|yueyue12345's rating: 1303 &rarr; <strong>1327<\/strong><br \/>(+24 for winning)\n|raw|Santino696969's rating: 1379 &rarr; <strong>1355<\/strong><br \/>(-24 for losing)\n|l|\u2606Santino696969\n","uploadtime":1699716346,"views":4,"p1id":"yueyue12345","p2id":"santino696969","formatid":"gen9nationaldex","rating":1327,"private":0,"password":""}