{"id":"gen9nationaldex-1988618556","p1":"female charizard","p2":"monkey masher","format":"[Gen 9] National Dex","log":"|j|\u2606female charizard\n|j|\u2606monkey masher\n|t:|1699742604\n|gametype|singles\n|player|p1|female charizard|170|1195\n|player|p2|monkey masher|ghetsis|1121\n|teamsize|p1|6\n|teamsize|p2|6\n|gen|9\n|tier|[Gen 9] National Dex\n|rated|\n|rule|HP Percentage Mod: HP is shown in percentages\n|rule|Endless Battle Clause: Forcing endless battles is banned\n|rule|OHKO Clause: OHKO moves are banned\n|rule|Evasion Clause: Evasion abilities, items, and moves are banned\n|rule|Evasion Abilities Clause: Evasion abilities are banned\n|rule|Evasion Items Clause: Evasion items are banned\n|rule|Evasion Moves Clause: Evasion moves are banned\n|rule|Species Clause: Limit one of each Pok\u00e9mon\n|rule|Sleep Clause Mod: Limit one foe put to sleep\n|clearpoke\n|poke|p1|Kyurem|\n|poke|p1|Abomasnow, M|\n|poke|p1|Breloom, F|\n|poke|p1|Rhyperior, M|\n|poke|p1|Ogerpon-Wellspring, F|\n|poke|p1|Arbok, M|\n|poke|p2|Medicham, F|\n|poke|p2|Hawlucha, F|\n|poke|p2|Tapu Koko|\n|poke|p2|Armaldo, F|\n|poke|p2|Blacephalon|\n|poke|p2|Kyurem|\n|teampreview\n|inactive|Battle timer is ON: inactive players will automatically lose when time's up. (requested by monkey masher)\n|\n|t:|1699742608\n|start\n|switch|p1a: A subtle joke|Abomasnow, M|100\/100\n|switch|p2a: Armaldo|Armaldo, F|100\/100\n|-weather|Snow|[from] ability: Snow Warning|[of] p1a: A subtle joke\n|turn|1\n|\n|t:|1699742619\n|move|p1a: A subtle joke|Aurora Veil|p1a: A subtle joke\n|-sidestart|p1: female charizard|move: Aurora Veil\n|move|p2a: Armaldo|Knock Off|p1a: A subtle joke\n|-damage|p1a: A subtle joke|91\/100\n|-enditem|p1a: A subtle joke|Light Clay|[from] move: Knock Off|[of] p2a: Armaldo\n|\n|-weather|Snow|[upkeep]\n|upkeep\n|turn|2\n|\n|t:|1699742625\n|switch|p1a: at last|Arbok, M|100\/100\n|-ability|p1a: at last|Intimidate|boost\n|-unboost|p2a: Armaldo|atk|1\n|move|p2a: Armaldo|Stealth Rock|p1a: at last\n|-sidestart|p1: female charizard|move: Stealth Rock\n|\n|-weather|Snow|[upkeep]\n|upkeep\n|turn|3\n|j| snugglesnfluff\n|j| kung fu pokechu\n|\n|t:|1699742631\n|move|p1a: at last|Coil|p1a: at last\n|-boost|p1a: at last|atk|1\n|-boost|p1a: at last|def|1\n|-boost|p1a: at last|accuracy|1\n|move|p2a: Armaldo|Knock Off|p1a: at last\n|-damage|p1a: at last|89\/100\n|-enditem|p1a: at last|Leftovers|[from] move: Knock Off|[of] p2a: Armaldo\n|\n|-weather|Snow|[upkeep]\n|upkeep\n|turn|4\n|\n|t:|1699742639\n|switch|p2a: Medicham|Medicham, F, shiny|100\/100\n|move|p1a: at last|Coil|p1a: at last\n|-boost|p1a: at last|atk|1\n|-boost|p1a: at last|def|1\n|-boost|p1a: at last|accuracy|1\n|\n|-weather|Snow|[upkeep]\n|upkeep\n|turn|5\n|\n|t:|1699742646\n|detailschange|p2a: Medicham|Medicham-Mega, F, shiny\n|-mega|p2a: Medicham|Medicham|Medichamite\n|-terastallize|p1a: at last|Dragon\n|move|p2a: Medicham|Fake Out|p1a: at last\n|-damage|p1a: at last|79\/100\n|cant|p1a: at last|flinch\n|\n|-weather|none\n|upkeep\n|turn|6\n|j| mistahmerrikuu\n|l|\u2606female charizard\n|inactive|female charizard disconnected and has a minute to reconnect!\n|player|p1|\n|c|\u2606monkey masher|bruh\n|j|\u2606female charizard\n|inactive|female charizard reconnected and has 130 seconds left.\n|player|p1|female charizard|170\n|\n|t:|1699742672\n|move|p2a: Medicham|Ice Punch|p1a: at last\n|-supereffective|p1a: at last\n|-crit|p1a: at last\n|-damage|p1a: at last|0 fnt\n|faint|p1a: at last\n|\n|upkeep\n|c|\u2606female charizard|nice crit sister\n|inactive|female charizard has 120 seconds left.\n|c|\u2606monkey masher|thanks bb\n|j| Adamanzane\n|\n|t:|1699742695\n|switch|p1a: mods annoy me|Ogerpon-Wellspring, F|100\/100\n|-damage|p1a: mods annoy me|88\/100|[from] Stealth Rock\n|turn|7\n|\n|t:|1699742701\n|switch|p2a: Tapu Koko|Tapu Koko|100\/100\n|-fieldstart|move: Electric Terrain|[from] ability: Electric Surge|[of] p2a: Tapu Koko\n|move|p1a: mods annoy me|Ivy Cudgel|p2a: Tapu Koko\n|-damage|p2a: Tapu Koko|27\/100\n|\n|upkeep\n|turn|8\n|\n|t:|1699742708\n|move|p2a: Tapu Koko|Volt Switch|p1a: mods annoy me\n|-damage|p1a: mods annoy me|65\/100\n|\n|t:|1699742712\n|switch|p2a: Hawlucha|Hawlucha, F|100\/100|[from] Volt Switch\n|-enditem|p2a: Hawlucha|Electric Seed\n|-boost|p2a: Hawlucha|def|1|[from] item: Electric Seed\n|move|p1a: mods annoy me|Ivy Cudgel|p2a: Hawlucha\n|-damage|p2a: Hawlucha|46\/100\n|\n|-sideend|p1: female charizard|move: Aurora Veil\n|upkeep\n|turn|9\n|\n|t:|1699742721\n|switch|p1a: bisexual|Breloom, F|100\/100\n|-damage|p1a: bisexual|94\/100|[from] Stealth Rock\n|move|p2a: Hawlucha|Acrobatics|p1a: bisexual\n|-supereffective|p1a: bisexual\n|-damage|p1a: bisexual|0 fnt\n|faint|p1a: bisexual\n|\n|upkeep\n|\n|t:|1699742732\n|switch|p1a: SOLID SUGGESTER|Rhyperior, M|100\/100\n|-damage|p1a: SOLID SUGGESTER|94\/100|[from] Stealth Rock\n|turn|10\n|j| less might be more\n|\n|t:|1699742736\n|move|p2a: Hawlucha|High Jump Kick|p1a: SOLID SUGGESTER\n|-supereffective|p1a: SOLID SUGGESTER\n|-damage|p1a: SOLID SUGGESTER|30\/100\n|-enditem|p1a: SOLID SUGGESTER|Weakness Policy\n|-boost|p1a: SOLID SUGGESTER|atk|2|[from] item: Weakness Policy\n|-boost|p1a: SOLID SUGGESTER|spa|2|[from] item: Weakness Policy\n|move|p1a: SOLID SUGGESTER|Rock Blast|p2a: Hawlucha\n|-damage|p2a: Hawlucha|22\/100\n|-damage|p2a: Hawlucha|0 fnt\n|faint|p2a: Hawlucha\n|-hitcount|p2: Hawlucha|2\n|\n|upkeep\n|\n|t:|1699742746\n|switch|p2a: Tapu Koko|Tapu Koko|27\/100\n|turn|11\n|\n|t:|1699742751\n|move|p2a: Tapu Koko|Hidden Power|p1a: SOLID SUGGESTER\n|-supereffective|p1a: SOLID SUGGESTER\n|-crit|p1a: SOLID SUGGESTER\n|-damage|p1a: SOLID SUGGESTER|0 fnt\n|faint|p1a: SOLID SUGGESTER\n|\n|-fieldend|move: Electric Terrain\n|upkeep\n|\n|t:|1699742758\n|switch|p1a: pressure friends|Kyurem|100\/100\n|-damage|p1a: pressure friends|76\/100|[from] Stealth Rock\n|-ability|p1a: pressure friends|Pressure\n|turn|12\n|\n|t:|1699742765\n|move|p2a: Tapu Koko|Roost|p2a: Tapu Koko\n|-heal|p2a: Tapu Koko|77\/100\n|-singleturn|p2a: Tapu Koko|move: Roost\n|move|p1a: pressure friends|Substitute|p1a: pressure friends\n|-start|p1a: pressure friends|Substitute\n|-damage|p1a: pressure friends|51\/100\n|\n|-heal|p1a: pressure friends|57\/100|[from] item: Leftovers\n|upkeep\n|turn|13\n|\n|t:|1699742772\n|move|p2a: Tapu Koko|Thunderbolt|p1a: pressure friends\n|-resisted|p1a: pressure friends\n|-activate|p1a: pressure friends|move: Substitute|[damage]\n|move|p1a: pressure friends|Roost|p1a: pressure friends\n|-heal|p1a: pressure friends|100\/100\n|-singleturn|p1a: pressure friends|move: Roost\n|\n|upkeep\n|turn|14\n|c|\u2606monkey masher|uh oh\n|\n|t:|1699742778\n|move|p2a: Tapu Koko|Thunderbolt|p1a: pressure friends\n|-resisted|p1a: pressure friends\n|-end|p1a: pressure friends|Substitute\n|move|p1a: pressure friends|Freeze-Dry|p2a: Tapu Koko\n|-damage|p2a: Tapu Koko|34\/100\n|\n|upkeep\n|turn|15\n|\n|t:|1699742785\n|move|p2a: Tapu Koko|Hidden Power|p1a: pressure friends\n|-damage|p1a: pressure friends|86\/100\n|move|p1a: pressure friends|Substitute|p1a: pressure friends\n|-start|p1a: pressure friends|Substitute\n|-damage|p1a: pressure friends|61\/100\n|\n|-heal|p1a: pressure friends|67\/100|[from] item: Leftovers\n|upkeep\n|turn|16\n|\n|t:|1699742792\n|move|p2a: Tapu Koko|Thunderbolt|p1a: pressure friends\n|-resisted|p1a: pressure friends\n|-activate|p1a: pressure friends|move: Substitute|[damage]\n|move|p1a: pressure friends|Freeze-Dry|p2a: Tapu Koko\n|-damage|p2a: Tapu Koko|0 fnt\n|faint|p2a: Tapu Koko\n|\n|-heal|p1a: pressure friends|74\/100|[from] item: Leftovers\n|upkeep\n|\n|t:|1699742802\n|switch|p2a: Blacephalon|Blacephalon|100\/100\n|turn|17\n|\n|t:|1699742806\n|move|p1a: pressure friends|Protect|p1a: pressure friends\n|-singleturn|p1a: pressure friends|Protect\n|move|p2a: Blacephalon|Flamethrower|p1a: pressure friends\n|-activate|p1a: pressure friends|move: Protect\n|\n|-heal|p1a: pressure friends|80\/100|[from] item: Leftovers\n|upkeep\n|turn|18\n|\n|t:|1699742824\n|move|p2a: Blacephalon|Flamethrower|p1a: pressure friends\n|-end|p1a: pressure friends|Substitute\n|move|p1a: pressure friends|Freeze-Dry|p2a: Blacephalon\n|-resisted|p2a: Blacephalon\n|-damage|p2a: Blacephalon|76\/100\n|-status|p2a: Blacephalon|frz\n|\n|-heal|p2a: Blacephalon|82\/100 frz|[from] item: Leftovers\n|-heal|p1a: pressure friends|86\/100|[from] item: Leftovers\n|upkeep\n|turn|19\n|c|\u2606monkey masher|damnnnn\n|c|\u2606female charizard|deserved.\n|\n|t:|1699742837\n|cant|p2a: Blacephalon|frz\n|move|p1a: pressure friends|Substitute|p1a: pressure friends\n|-start|p1a: pressure friends|Substitute\n|-damage|p1a: pressure friends|61\/100\n|\n|-heal|p2a: Blacephalon|88\/100 frz|[from] item: Leftovers\n|-heal|p1a: pressure friends|67\/100|[from] item: Leftovers\n|upkeep\n|turn|20\n|c|\u2606monkey masher|thats facts\n|c|\u2606monkey masher|i got two lucky crits lmao\n|\n|t:|1699742848\n|-curestatus|p2a: Blacephalon|frz|[msg]\n|move|p2a: Blacephalon|Flamethrower|p1a: pressure friends\n|-end|p1a: pressure friends|Substitute\n|move|p1a: pressure friends|Freeze-Dry|p2a: Blacephalon\n|-resisted|p2a: Blacephalon\n|-damage|p2a: Blacephalon|64\/100\n|\n|-heal|p2a: Blacephalon|70\/100|[from] item: Leftovers\n|-heal|p1a: pressure friends|73\/100|[from] item: Leftovers\n|upkeep\n|turn|21\n|\n|t:|1699742859\n|move|p1a: pressure friends|Protect|p1a: pressure friends\n|-singleturn|p1a: pressure friends|Protect\n|move|p2a: Blacephalon|Flamethrower|p1a: pressure friends\n|-activate|p1a: pressure friends|move: Protect\n|\n|-heal|p2a: Blacephalon|76\/100|[from] item: Leftovers\n|-heal|p1a: pressure friends|80\/100|[from] item: Leftovers\n|upkeep\n|turn|22\n|\n|t:|1699742868\n|move|p2a: Blacephalon|Flamethrower|p1a: pressure friends\n|-damage|p1a: pressure friends|40\/100\n|move|p1a: pressure friends|Roost|p1a: pressure friends\n|-heal|p1a: pressure friends|90\/100\n|-singleturn|p1a: pressure friends|move: Roost\n|\n|-heal|p2a: Blacephalon|82\/100|[from] item: Leftovers\n|-heal|p1a: pressure friends|96\/100|[from] item: Leftovers\n|upkeep\n|turn|23\n|\n|t:|1699742876\n|move|p2a: Blacephalon|Will-O-Wisp|p1a: pressure friends\n|-status|p1a: pressure friends|brn\n|move|p1a: pressure friends|Substitute|p1a: pressure friends\n|-start|p1a: pressure friends|Substitute\n|-damage|p1a: pressure friends|71\/100 brn\n|\n|-heal|p2a: Blacephalon|88\/100|[from] item: Leftovers\n|-heal|p1a: pressure friends|77\/100 brn|[from] item: Leftovers\n|-damage|p1a: pressure friends|71\/100 brn|[from] brn\n|upkeep\n|turn|24\n|\n|t:|1699742887\n|move|p2a: Blacephalon|Flamethrower|p1a: pressure friends\n|-end|p1a: pressure friends|Substitute\n|move|p1a: pressure friends|Roost|p1a: pressure friends\n|-heal|p1a: pressure friends|100\/100 brn\n|-singleturn|p1a: pressure friends|move: Roost\n|\n|-heal|p2a: Blacephalon|94\/100|[from] item: Leftovers\n|-damage|p1a: pressure friends|94\/100 brn|[from] brn\n|upkeep\n|turn|25\n|\n|t:|1699742903\n|move|p2a: Blacephalon|Shadow Ball|p1a: pressure friends\n|-damage|p1a: pressure friends|57\/100 brn\n|move|p1a: pressure friends|Substitute|p1a: pressure friends\n|-start|p1a: pressure friends|Substitute\n|-damage|p1a: pressure friends|32\/100 brn\n|\n|-heal|p2a: Blacephalon|100\/100|[from] item: Leftovers\n|-heal|p1a: pressure friends|38\/100 brn|[from] item: Leftovers\n|-damage|p1a: pressure friends|32\/100 brn|[from] brn\n|upkeep\n|turn|26\n|\n|t:|1699742913\n|move|p2a: Blacephalon|Psyshock|p1a: pressure friends\n|-end|p1a: pressure friends|Substitute\n|move|p1a: pressure friends|Roost|p1a: pressure friends\n|-heal|p1a: pressure friends|82\/100 brn\n|-singleturn|p1a: pressure friends|move: Roost\n|\n|-heal|p1a: pressure friends|88\/100 brn|[from] item: Leftovers\n|-damage|p1a: pressure friends|82\/100 brn|[from] brn\n|upkeep\n|turn|27\n|\n|t:|1699742922\n|move|p1a: pressure friends|Protect|p1a: pressure friends\n|-singleturn|p1a: pressure friends|Protect\n|move|p2a: Blacephalon|Psyshock|p1a: pressure friends\n|-activate|p1a: pressure friends|move: Protect\n|\n|-heal|p1a: pressure friends|88\/100 brn|[from] item: Leftovers\n|-damage|p1a: pressure friends|82\/100 brn|[from] brn\n|upkeep\n|turn|28\n|\n|t:|1699742930\n|move|p2a: Blacephalon|Psyshock|p1a: pressure friends\n|-damage|p1a: pressure friends|56\/100 brn\n|move|p1a: pressure friends|Substitute|p1a: pressure friends\n|-start|p1a: pressure friends|Substitute\n|-damage|p1a: pressure friends|31\/100 brn\n|\n|-heal|p1a: pressure friends|37\/100 brn|[from] item: Leftovers\n|-damage|p1a: pressure friends|31\/100 brn|[from] brn\n|upkeep\n|turn|29\n|\n|t:|1699742937\n|move|p2a: Blacephalon|Shadow Ball|p1a: pressure friends\n|-end|p1a: pressure friends|Substitute\n|move|p1a: pressure friends|Roost|p1a: pressure friends\n|-heal|p1a: pressure friends|81\/100 brn\n|-singleturn|p1a: pressure friends|move: Roost\n|\n|-heal|p1a: pressure friends|87\/100 brn|[from] item: Leftovers\n|-damage|p1a: pressure friends|81\/100 brn|[from] brn\n|upkeep\n|turn|30\n|\n|t:|1699742946\n|move|p1a: pressure friends|Protect|p1a: pressure friends\n|-singleturn|p1a: pressure friends|Protect\n|move|p2a: Blacephalon|Shadow Ball|p1a: pressure friends\n|-activate|p1a: pressure friends|move: Protect\n|\n|-heal|p1a: pressure friends|87\/100 brn|[from] item: Leftovers\n|-damage|p1a: pressure friends|81\/100 brn|[from] brn\n|upkeep\n|turn|31\n|\n|t:|1699742959\n|move|p2a: Blacephalon|Shadow Ball|p1a: pressure friends\n|-damage|p1a: pressure friends|43\/100 brn\n|move|p1a: pressure friends|Substitute|p1a: pressure friends\n|-start|p1a: pressure friends|Substitute\n|-damage|p1a: pressure friends|18\/100 brn\n|\n|-heal|p1a: pressure friends|24\/100 brn|[from] item: Leftovers\n|-damage|p1a: pressure friends|18\/100 brn|[from] brn\n|upkeep\n|turn|32\n|c|\u2606monkey masher|this is harsh\n|\n|t:|1699742967\n|move|p2a: Blacephalon|Shadow Ball|p1a: pressure friends\n|-end|p1a: pressure friends|Substitute\n|move|p1a: pressure friends|Roost|p1a: pressure friends\n|-heal|p1a: pressure friends|68\/100 brn\n|-singleturn|p1a: pressure friends|move: Roost\n|\n|-heal|p1a: pressure friends|74\/100 brn|[from] item: Leftovers\n|-damage|p1a: pressure friends|68\/100 brn|[from] brn\n|upkeep\n|turn|33\n|\n|t:|1699742977\n|move|p1a: pressure friends|Protect|p1a: pressure friends\n|-singleturn|p1a: pressure friends|Protect\n|move|p2a: Blacephalon|Shadow Ball|p1a: pressure friends\n|-activate|p1a: pressure friends|move: Protect\n|\n|-heal|p1a: pressure friends|74\/100 brn|[from] item: Leftovers\n|-damage|p1a: pressure friends|68\/100 brn|[from] brn\n|upkeep\n|turn|34\n|\n|t:|1699742984\n|move|p2a: Blacephalon|Shadow Ball|p1a: pressure friends\n|-damage|p1a: pressure friends|33\/100 brn\n|move|p1a: pressure friends|Roost|p1a: pressure friends\n|-heal|p1a: pressure friends|83\/100 brn\n|-singleturn|p1a: pressure friends|move: Roost\n|\n|-heal|p1a: pressure friends|89\/100 brn|[from] item: Leftovers\n|-damage|p1a: pressure friends|83\/100 brn|[from] brn\n|upkeep\n|turn|35\n|\n|t:|1699742995\n|switch|p2a: Kyurem|Kyurem|100\/100\n|-ability|p2a: Kyurem|Pressure\n|move|p1a: pressure friends|Substitute|p1a: pressure friends\n|-start|p1a: pressure friends|Substitute\n|-damage|p1a: pressure friends|58\/100 brn\n|\n|-heal|p1a: pressure friends|64\/100 brn|[from] item: Leftovers\n|-damage|p1a: pressure friends|58\/100 brn|[from] brn\n|upkeep\n|turn|36\n|\n|t:|1699743005\n|move|p1a: pressure friends|Freeze-Dry|p2a: Kyurem\n|-damage|p2a: Kyurem|70\/100\n|move|p2a: Kyurem|Freeze-Dry|p1a: pressure friends\n|-end|p1a: pressure friends|Substitute\n|\n|-heal|p1a: pressure friends|64\/100 brn|[from] item: Leftovers\n|-damage|p1a: pressure friends|58\/100 brn|[from] brn\n|upkeep\n|turn|37\n|\n|t:|1699743017\n|move|p1a: pressure friends|Roost|p1a: pressure friends\n|-heal|p1a: pressure friends|100\/100 brn\n|-singleturn|p1a: pressure friends|move: Roost\n|move|p2a: Kyurem|Freeze-Dry|p1a: pressure friends\n|-damage|p1a: pressure friends|65\/100 brn\n|\n|-heal|p1a: pressure friends|71\/100 brn|[from] item: Leftovers\n|-damage|p1a: pressure friends|65\/100 brn|[from] brn\n|upkeep\n|turn|38\n|\n|t:|1699743025\n|move|p1a: pressure friends|Freeze-Dry|p2a: Kyurem\n|-damage|p2a: Kyurem|43\/100\n|move|p2a: Kyurem|Freeze-Dry|p1a: pressure friends\n|-damage|p1a: pressure friends|31\/100 brn\n|\n|-heal|p1a: pressure friends|37\/100 brn|[from] item: Leftovers\n|-damage|p1a: pressure friends|31\/100 brn|[from] brn\n|upkeep\n|turn|39\n|inactive|female charizard has 120 seconds left.\n|\n|t:|1699743057\n|move|p1a: pressure friends|Freeze-Dry|p2a: Kyurem\n|-damage|p2a: Kyurem|12\/100\n|move|p2a: Kyurem|Roost|p2a: Kyurem\n|-heal|p2a: Kyurem|62\/100\n|-singleturn|p2a: Kyurem|move: Roost\n|\n|-heal|p1a: pressure friends|37\/100 brn|[from] item: Leftovers\n|-damage|p1a: pressure friends|31\/100 brn|[from] brn\n|upkeep\n|turn|40\n|c|\u2606female charizard|copier >:(\n|c|\u2606monkey masher|oops\n|inactive|female charizard has 120 seconds left.\n|\n|t:|1699743072\n|switch|p1a: A subtle joke|Abomasnow, M|91\/100\n|-damage|p1a: A subtle joke|66\/100|[from] Stealth Rock\n|-weather|Snow|[from] ability: Snow Warning|[of] p1a: A subtle joke\n|move|p2a: Kyurem|Freeze-Dry|p1a: A subtle joke\n|-damage|p1a: A subtle joke|26\/100\n|\n|-weather|Snow|[upkeep]\n|upkeep\n|turn|41\n|\n|t:|1699743081\n|move|p2a: Kyurem|Hidden Power|p1a: A subtle joke\n|-supereffective|p1a: A subtle joke\n|-damage|p1a: A subtle joke|0 fnt\n|faint|p1a: A subtle joke\n|\n|-weather|Snow|[upkeep]\n|upkeep\n|\n|t:|1699743088\n|switch|p1a: mods annoy me|Ogerpon-Wellspring, F|65\/100\n|-damage|p1a: mods annoy me|53\/100|[from] Stealth Rock\n|turn|42\n|\n|t:|1699743093\n|move|p1a: mods annoy me|Horn Leech|p2a: Kyurem\n|-resisted|p2a: Kyurem\n|-damage|p2a: Kyurem|47\/100\n|-heal|p1a: mods annoy me|63\/100|[from] drain|[of] p2a: Kyurem\n|move|p2a: Kyurem|Freeze-Dry|p1a: mods annoy me\n|-supereffective|p1a: mods annoy me\n|-damage|p1a: mods annoy me|0 fnt\n|faint|p1a: mods annoy me\n|\n|-weather|Snow|[upkeep]\n|upkeep\n|\n|t:|1699743105\n|switch|p1a: pressure friends|Kyurem|31\/100 brn\n|-damage|p1a: pressure friends|6\/100 brn|[from] Stealth Rock\n|-ability|p1a: pressure friends|Pressure\n|turn|43\n|\n|t:|1699743111\n|move|p1a: pressure friends|Freeze-Dry|p2a: Kyurem\n|-damage|p2a: Kyurem|17\/100\n|move|p2a: Kyurem|Freeze-Dry|p1a: pressure friends\n|-damage|p1a: pressure friends|0 fnt\n|faint|p1a: pressure friends\n|\n|win|monkey masher\n|raw|female charizard's rating: 1214 &rarr; <strong>1182<\/strong><br \/>(-32 for losing)\n|raw|monkey masher's rating: 1121 &rarr; <strong>1153<\/strong><br \/>(+32 for winning)\n","uploadtime":1699743118,"views":4,"p1id":"femalecharizard","p2id":"monkeymasher","formatid":"gen9nationaldex","rating":1153,"private":0,"password":""}