{"id":"gen9nationaldex-1992399396","p1":"NotAnHacker","p2":"sonyhawkproskater","format":"[Gen 9] National Dex","log":"|j|\u2606NotAnHacker\n|j|\u2606sonyhawkproskater\n|t:|1700183068\n|gametype|singles\n|player|p1|NotAnHacker|volkner|\n|player|p2|sonyhawkproskater|galacticgruntf|\n|teamsize|p1|6\n|teamsize|p2|6\n|gen|9\n|tier|[Gen 9] National Dex\n|rule|HP Percentage Mod: HP is shown in percentages\n|rule|Endless Battle Clause: Forcing endless battles is banned\n|rule|OHKO Clause: OHKO moves are banned\n|rule|Evasion Clause: Evasion abilities, items, and moves are banned\n|rule|Evasion Abilities Clause: Evasion abilities are banned\n|rule|Evasion Items Clause: Evasion items are banned\n|rule|Evasion Moves Clause: Evasion moves are banned\n|rule|Species Clause: Limit one of each Pok\u00e9mon\n|rule|Sleep Clause Mod: Limit one foe put to sleep\n|clearpoke\n|poke|p1|Diancie|\n|poke|p1|Wormadam-Sandy, F|\n|poke|p1|Falinks|\n|poke|p1|Togedemaru, M|\n|poke|p1|Hoopa|\n|poke|p1|Absol, M|\n|poke|p2|Dodrio, M|\n|poke|p2|Toxicroak, F|\n|poke|p2|Brambleghast, F|\n|poke|p2|Mawile, F|\n|poke|p2|Liepard, F|\n|poke|p2|Golem-Alola, M|\n|teampreview\n|c|\u2606sonyhawkproskater|glhf!\n|c|\u2606sonyhawkproskater|you cool with the mean lookers?\n|c|\u2606NotAnHacker|Thx u too\n|c|\u2606NotAnHacker|want to ping mean lookers?\n|c|\u2606sonyhawkproskater|ya\n|j| lilidae\n|j| Perturbo\n|j| Pyos\n|\n|t:|1700183178\n|start\n|switch|p1a: Sparta JumpScare|Falinks|100\/100\n|switch|p2a: Evil Aleister|Liepard, F|100\/100\n|turn|1\n|\n|t:|1700183189\n|move|p2a: Evil Aleister|Yawn|p1a: Sparta JumpScare\n|-start|p1a: Sparta JumpScare|move: Yawn|[of] p2a: Evil Aleister\n|move|p1a: Sparta JumpScare|No Retreat|p1a: Sparta JumpScare\n|-boost|p1a: Sparta JumpScare|atk|1\n|-boost|p1a: Sparta JumpScare|def|1\n|-boost|p1a: Sparta JumpScare|spa|1\n|-boost|p1a: Sparta JumpScare|spd|1\n|-boost|p1a: Sparta JumpScare|spe|1\n|-start|p1a: Sparta JumpScare|move: No Retreat\n|\n|upkeep\n|turn|2\n|\n|t:|1700183217\n|move|p1a: Sparta JumpScare|Close Combat|p2a: Evil Aleister\n|-supereffective|p2a: Evil Aleister\n|-enditem|p2a: Evil Aleister|Focus Sash\n|-damage|p2a: Evil Aleister|1\/100\n|-unboost|p1a: Sparta JumpScare|def|1\n|-unboost|p1a: Sparta JumpScare|spd|1\n|move|p2a: Evil Aleister|U-turn|p1a: Sparta JumpScare\n|-resisted|p1a: Sparta JumpScare\n|-damage|p1a: Sparta JumpScare|88\/100\n|\n|t:|1700183227\n|switch|p2a: Dirty Harry|Golem-Alola, M|100\/100|[from] U-turn\n|\n|-end|p1a: Sparta JumpScare|move: Yawn|[silent]\n|-status|p1a: Sparta JumpScare|slp\n|upkeep\n|turn|3\n|\n|t:|1700183235\n|cant|p1a: Sparta JumpScare|slp\n|move|p2a: Dirty Harry|Autotomize|p2a: Dirty Harry\n|-boost|p2a: Dirty Harry|spe|2\n|-start|p2a: Dirty Harry|Autotomize\n|\n|upkeep\n|turn|4\n|\n|t:|1700183243\n|move|p2a: Dirty Harry|Return|p1a: Sparta JumpScare\n|-damage|p1a: Sparta JumpScare|16\/100 slp\n|cant|p1a: Sparta JumpScare|slp\n|\n|upkeep\n|turn|5\n|\n|t:|1700183254\n|move|p2a: Dirty Harry|Earthquake|p1a: Sparta JumpScare\n|-damage|p1a: Sparta JumpScare|0 fnt\n|faint|p1a: Sparta JumpScare\n|\n|upkeep\n|c| Perturbo|We're gaming folks\n|\n|t:|1700183289\n|switch|p1a: Bug Fight?|Wormadam-Sandy, F|100\/100\n|turn|6\n|\n|t:|1700183298\n|move|p2a: Dirty Harry|Rock Blast|p1a: Bug Fight?\n|-damage|p1a: Bug Fight?|91\/100\n|-damage|p1a: Bug Fight?|81\/100\n|-damage|p1a: Bug Fight?|71\/100\n|-damage|p1a: Bug Fight?|62\/100\n|-hitcount|p1a: Bug Fight?|4\n|move|p1a: Bug Fight?|Earthquake|p2a: Dirty Harry\n|-supereffective|p2a: Dirty Harry\n|-damage|p2a: Dirty Harry|0 fnt\n|faint|p2a: Dirty Harry\n|\n|-heal|p1a: Bug Fight?|68\/100|[from] item: Leftovers\n|upkeep\n|\n|t:|1700183323\n|switch|p2a: Bust-a-Move|Brambleghast, F|100\/100\n|turn|7\n|j| tpaz198\n|\n|t:|1700183377\n|switch|p1a: Gen 1 Persian|Absol, M|100\/100\n|move|p2a: Bust-a-Move|Spikes|p1a: Gen 1 Persian\n|-sidestart|p1: NotAnHacker|Spikes\n|\n|upkeep\n|turn|8\n|\n|t:|1700183392\n|move|p2a: Bust-a-Move|Spikes|p1a: Gen 1 Persian\n|-sidestart|p1: NotAnHacker|Spikes\n|move|p1a: Gen 1 Persian|Night Slash|p2a: Bust-a-Move\n|-supereffective|p2a: Bust-a-Move\n|-crit|p2a: Bust-a-Move\n|-enditem|p2a: Bust-a-Move|Colbur Berry|[eat]\n|-enditem|p2a: Bust-a-Move|Colbur Berry|[weaken]\n|-damage|p2a: Bust-a-Move|2\/100\n|\n|upkeep\n|turn|9\n|c|\u2606sonyhawkproskater|:eyes:\n|c| tpaz198|This is insane\n|c| Perturbo|Super luck or smth\n|\n|t:|1700183419\n|move|p2a: Bust-a-Move|Giga Drain|p1a: Gen 1 Persian\n|-damage|p1a: Gen 1 Persian|58\/100\n|-heal|p2a: Bust-a-Move|29\/100|[from] drain|[of] p1a: Gen 1 Persian\n|move|p1a: Gen 1 Persian|Night Slash|p2a: Bust-a-Move\n|-supereffective|p2a: Bust-a-Move\n|-crit|p2a: Bust-a-Move\n|-damage|p2a: Bust-a-Move|0 fnt\n|faint|p2a: Bust-a-Move\n|\n|upkeep\n|\n|t:|1700183431\n|switch|p2a: SmileLikeYaMeanIt|Mawile, F|100\/100\n|-ability|p2a: SmileLikeYaMeanIt|Intimidate|boost\n|-unboost|p1a: Gen 1 Persian|atk|1\n|turn|10\n|\n|t:|1700183438\n|move|p1a: Gen 1 Persian|Close Combat|p2a: SmileLikeYaMeanIt\n|-damage|p2a: SmileLikeYaMeanIt|59\/100\n|-unboost|p1a: Gen 1 Persian|def|1\n|-unboost|p1a: Gen 1 Persian|spd|1\n|move|p2a: SmileLikeYaMeanIt|Stealth Rock|p1a: Gen 1 Persian\n|-sidestart|p1: NotAnHacker|move: Stealth Rock\n|\n|-heal|p2a: SmileLikeYaMeanIt|65\/100|[from] item: Leftovers\n|upkeep\n|turn|11\n|j| bwill243\n|\n|t:|1700183464\n|move|p1a: Gen 1 Persian|Close Combat|p2a: SmileLikeYaMeanIt\n|-damage|p2a: SmileLikeYaMeanIt|26\/100\n|-unboost|p1a: Gen 1 Persian|def|1\n|-unboost|p1a: Gen 1 Persian|spd|1\n|move|p2a: SmileLikeYaMeanIt|Play Rough|p1a: Gen 1 Persian\n|-supereffective|p1a: Gen 1 Persian\n|-damage|p1a: Gen 1 Persian|0 fnt\n|faint|p1a: Gen 1 Persian\n|\n|-heal|p2a: SmileLikeYaMeanIt|32\/100|[from] item: Leftovers\n|upkeep\n|\n|t:|1700183484\n|switch|p1a: Big Numbers|Hoopa|100\/100\n|-damage|p1a: Big Numbers|84\/100|[from] Spikes\n|-damage|p1a: Big Numbers|71\/100|[from] Stealth Rock\n|turn|12\n|c|\u2606NotAnHacker|I am yet to get a crit on close combat with 50\/50 chance\n|c| Perturbo|Was that scope lens\n|c| Perturbo|Super luck\n|c|\u2606NotAnHacker|Yes\n|c| Perturbo|Lol\n|l| Perturbo\n|\n|t:|1700183585\n|move|p1a: Big Numbers|Shadow Ball|p2a: SmileLikeYaMeanIt\n|-damage|p2a: SmileLikeYaMeanIt|0 fnt\n|faint|p2a: SmileLikeYaMeanIt\n|\n|upkeep\n|\n|t:|1700183596\n|switch|p2a: D. novaehollandiae|Dodrio, M|100\/100\n|turn|13\n|\n|t:|1700183607\n|move|p1a: Big Numbers|Endure|p1a: Big Numbers\n|-singleturn|p1a: Big Numbers|move: Endure\n|move|p2a: D. novaehollandiae|Knock Off|p1a: Big Numbers\n|-supereffective|p1a: Big Numbers\n|-activate|p1a: Big Numbers|move: Endure\n|-damage|p1a: Big Numbers|1\/100\n|-enditem|p1a: Big Numbers|Salac Berry|[from] move: Knock Off|[of] p2a: D. novaehollandiae\n|\n|upkeep\n|turn|14\n|\n|t:|1700183619\n|move|p2a: D. novaehollandiae|Knock Off|p1a: Big Numbers\n|-supereffective|p1a: Big Numbers\n|-damage|p1a: Big Numbers|0 fnt\n|faint|p1a: Big Numbers\n|\n|upkeep\n|c|\u2606NotAnHacker|Sadge\n|c| tpaz198|I forget ADV tactics don't work when everything has Knock Off\n|c|\u2606sonyhawkproskater|that big distribution\n|\n|t:|1700183667\n|switch|p1a: p=mv|Togedemaru, M|100\/100\n|-damage|p1a: p=mv|84\/100|[from] Spikes\n|-damage|p1a: p=mv|78\/100|[from] Stealth Rock\n|turn|15\n|\n|t:|1700183676\n|switch|p2a: Oh You Nasty Boys|Toxicroak, F|100\/100\n|move|p1a: p=mv|Spiky Shield||[still]\n|-fail|p1a: p=mv\n|\n|upkeep\n|turn|16\n|j| Perturbo\n|\n|t:|1700183689\n|move|p1a: p=mv|Nuzzle|p2a: Oh You Nasty Boys\n|-damage|p2a: Oh You Nasty Boys|90\/100\n|-status|p2a: Oh You Nasty Boys|par\n|-enditem|p2a: Oh You Nasty Boys|Lum Berry|[eat]\n|-curestatus|p2a: Oh You Nasty Boys|par|[msg]\n|move|p2a: Oh You Nasty Boys|Earthquake|p1a: p=mv\n|-supereffective|p1a: p=mv\n|-damage|p1a: p=mv|0 fnt\n|faint|p1a: p=mv\n|\n|upkeep\n|\n|t:|1700183696\n|switch|p1a: Bug Fight?|Wormadam-Sandy, F|68\/100\n|-damage|p1a: Bug Fight?|51\/100|[from] Spikes\n|-damage|p1a: Bug Fight?|39\/100|[from] Stealth Rock\n|turn|17\n|\n|t:|1700183703\n|move|p1a: Bug Fight?|Protect|p1a: Bug Fight?\n|-singleturn|p1a: Bug Fight?|Protect\n|move|p2a: Oh You Nasty Boys|Knock Off|p1a: Bug Fight?\n|-activate|p1a: Bug Fight?|move: Protect\n|\n|-heal|p1a: Bug Fight?|45\/100|[from] item: Leftovers\n|upkeep\n|turn|18\n|c| Perturbo|Is this bo3\n|c|\u2606sonyhawkproskater|bo1\n|l| Perturbo\n|\n|t:|1700183751\n|move|p2a: Oh You Nasty Boys|Knock Off|p1a: Bug Fight?\n|-damage|p1a: Bug Fight?|22\/100\n|-enditem|p1a: Bug Fight?|Leftovers|[from] move: Knock Off|[of] p2a: Oh You Nasty Boys\n|move|p1a: Bug Fight?|Stealth Rock|p2a: Oh You Nasty Boys\n|-sidestart|p2: sonyhawkproskater|move: Stealth Rock\n|\n|upkeep\n|turn|19\n|\n|t:|1700183779\n|move|p2a: Oh You Nasty Boys|Close Combat|p1a: Bug Fight?\n|-resisted|p1a: Bug Fight?\n|-damage|p1a: Bug Fight?|3\/100\n|-unboost|p2a: Oh You Nasty Boys|def|1\n|-unboost|p2a: Oh You Nasty Boys|spd|1\n|move|p1a: Bug Fight?|Earthquake|p2a: Oh You Nasty Boys\n|-supereffective|p2a: Oh You Nasty Boys\n|-damage|p2a: Oh You Nasty Boys|0 fnt\n|faint|p2a: Oh You Nasty Boys\n|\n|upkeep\n|c|\u2606sonyhawkproskater|this worm\n|c|\u2606NotAnHacker|Shout out to setting up rocks with maybe 5 turn left in the battle\n|\n|t:|1700183831\n|switch|p2a: D. novaehollandiae|Dodrio, M|100\/100\n|-damage|p2a: D. novaehollandiae|76\/100|[from] Stealth Rock\n|turn|20\n|\n|t:|1700183836\n|move|p2a: D. novaehollandiae|Jump Kick|p1a: Bug Fight?|[miss]\n|-miss|p2a: D. novaehollandiae|p1a: Bug Fight?\n|-damage|p2a: D. novaehollandiae|26\/100|[from] jumpkick\n|move|p1a: Bug Fight?|Rock Blast|p2a: D. novaehollandiae\n|-supereffective|p2a: D. novaehollandiae\n|-damage|p2a: D. novaehollandiae|10\/100\n|-supereffective|p2a: D. novaehollandiae\n|-damage|p2a: D. novaehollandiae|0 fnt\n|faint|p2a: D. novaehollandiae\n|-hitcount|p2: D. novaehollandiae|2\n|\n|upkeep\n|c|\u2606NotAnHacker|Oof\n|c|\u2606sonyhawkproskater|ow\n|\n|t:|1700183845\n|switch|p2a: Evil Aleister|Liepard, F|1\/100\n|-damage|p2a: Evil Aleister|0 fnt|[from] Stealth Rock\n|faint|p2a: Evil Aleister\n|\n|win|NotAnHacker\n|c|\u2606sonyhawkproskater|gg!\n|c|\u2606NotAnHacker|gg\n|l| lilidae\n|l| Pyos\n|c| tpaz198|Damn what a turn of events\n|c| tpaz198|Gg to both\n|j| 0v4n\n|c|\u2606NotAnHacker|Was that scarf?\n|c|\u2606sonyhawkproskater|ya\n|c|\u2606NotAnHacker|I am so sad falinks didn\u2019t work\n|c|\u2606NotAnHacker|i played around encore not yawn\n|c|\u2606sonyhawkproskater|i super prepped for falinks lo\n|c|\u2606sonyhawkproskater|lol\n|c|\u2606NotAnHacker|It may have just won if it got it\u2019s free turn\n|j| fayestra\n|l| fayestra\n|c|\u2606sonyhawkproskater|true, i was so scared of the guys\n|l| bwill243\n","uploadtime":1700183943,"views":56,"p1id":"notanhacker","p2id":"sonyhawkproskater","formatid":"gen9nationaldex","rating":0,"private":0,"password":""}