{"id":"gen9nationaldex-1998240237","p1":"hanwujiwandou","p2":"ldsadsadcsf","format":"[Gen 9] National Dex","log":"|html|<div class=\"broadcast-blue\"><strong>[Gen 9] National Dex is currently suspecting Sneasler! For information on how to participate check out the <a href=\"https:\/\/www.smogon.com\/forums\/threads\/sv-national-dex-suspect-8-just-dance.3731534\/\">suspect thread<\/a>.<\/strong><\/div>\n|j|\u203dhanwujiwandou\n|j|\u2606ldsadsadcsf\n|t:|1700918294\n|gametype|singles\n|player|p1|hanwujiwandou|lillie-z|1455\n|player|p2|ldsadsadcsf|unknown|1480\n|teamsize|p1|6\n|teamsize|p2|6\n|gen|9\n|tier|[Gen 9] National Dex\n|rated|\n|rule|HP Percentage Mod: HP is shown in percentages\n|rule|Endless Battle Clause: Forcing endless battles is banned\n|rule|OHKO Clause: OHKO moves are banned\n|rule|Evasion Clause: Evasion abilities, items, and moves are banned\n|rule|Evasion Abilities Clause: Evasion abilities are banned\n|rule|Evasion Items Clause: Evasion items are banned\n|rule|Evasion Moves Clause: Evasion moves are banned\n|rule|Species Clause: Limit one of each Pok\u00e9mon\n|rule|Sleep Clause Mod: Limit one foe put to sleep\n|clearpoke\n|poke|p1|Heatran, M|\n|poke|p1|Ferrothorn, F|\n|poke|p1|Pinsir, F|\n|poke|p1|Clodsire, M|\n|poke|p1|Empoleon, M|\n|poke|p1|Zapdos|\n|poke|p2|Zamazenta-*|\n|poke|p2|Garganacl, M|\n|poke|p2|Heatran, F|\n|poke|p2|Zapdos|\n|poke|p2|Pinsir, M|\n|poke|p2|Landorus-Therian, M|\n|teampreview\n|inactive|Battle timer is ON: inactive players will automatically lose when time's up. (requested by ldsadsadcsf)\n|\n|t:|1700918305\n|start\n|switch|p1a: Ferrothorn|Ferrothorn, F|100\/100\n|switch|p2a: \u571f\u54e5|Landorus-Therian, M, shiny|100\/100\n|-ability|p2a: \u571f\u54e5|Intimidate|boost\n|-unboost|p1a: Ferrothorn|atk|1\n|turn|1\n|\n|t:|1700918314\n|switch|p2a: \u706b\u54e5|Heatran, F, shiny|100\/100\n|move|p1a: Ferrothorn|Leech Seed|p2a: \u706b\u54e5\n|-start|p2a: \u706b\u54e5|move: Leech Seed\n|\n|-damage|p2a: \u706b\u54e5|88\/100|[from] Leech Seed|[of] p1a: Ferrothorn\n|upkeep\n|turn|2\n|\n|t:|1700918327\n|switch|p1a: Clodsire|Clodsire, M|100\/100\n|move|p2a: \u706b\u54e5|Taunt|p1a: Clodsire\n|-start|p1a: Clodsire|move: Taunt\n|\n|-heal|p2a: \u706b\u54e5|94\/100|[from] item: Leftovers\n|-damage|p2a: \u706b\u54e5|82\/100|[from] Leech Seed|[of] p1a: Clodsire\n|upkeep\n|turn|3\n|\n|t:|1700918337\n|switch|p2a: \u7532\u54e5|Pinsir, M|100\/100\n|-ability|p2a: \u7532\u54e5|Mold Breaker\n|switch|p1a: Heatran|Heatran, M|100\/100\n|\n|upkeep\n|turn|4\n|\n|t:|1700918345\n|detailschange|p2a: \u7532\u54e5|Pinsir-Mega, M\n|-mega|p2a: \u7532\u54e5|Pinsir|Pinsirite\n|move|p2a: \u7532\u54e5|Earthquake|p1a: Heatran\n|-supereffective|p1a: Heatran\n|-damage|p1a: Heatran|0 fnt\n|faint|p1a: Heatran\n|\n|upkeep\n|\n|t:|1700918359\n|switch|p1a: Zapdos|Zapdos|100\/100\n|turn|5\n|\n|t:|1700918366\n|switch|p2a: \u76d0\u54e5|Garganacl, M, shiny|100\/100\n|move|p1a: Zapdos|Hidden Power|p2a: \u76d0\u54e5\n|-damage|p2a: \u76d0\u54e5|87\/100\n|\n|-heal|p2a: \u76d0\u54e5|94\/100|[from] item: Leftovers\n|upkeep\n|turn|6\n|\n|t:|1700918374\n|switch|p1a: Empoleon|Empoleon, M|100\/100\n|move|p2a: \u76d0\u54e5|Salt Cure|p1a: Empoleon\n|-resisted|p1a: Empoleon\n|-crit|p1a: Empoleon\n|-damage|p1a: Empoleon|89\/100\n|\n|-heal|p2a: \u76d0\u54e5|99\/100|[from] item: Leftovers\n|upkeep\n|turn|7\n|\n|t:|1700918391\n|move|p1a: Empoleon|Hydro Pump|p2a: \u76d0\u54e5\n|-supereffective|p2a: \u76d0\u54e5\n|-crit|p2a: \u76d0\u54e5\n|-damage|p2a: \u76d0\u54e5|0 fnt\n|faint|p2a: \u76d0\u54e5\n|\n|upkeep\n|\n|t:|1700918403\n|switch|p2a: \u72d7\u54e5|Zamazenta|100\/100\n|-ability|p2a: \u72d7\u54e5|Dauntless Shield|boost\n|-boost|p2a: \u72d7\u54e5|def|1\n|turn|8\n|\n|t:|1700918422\n|switch|p1a: Zapdos|Zapdos|100\/100\n|move|p2a: \u72d7\u54e5|Substitute|p2a: \u72d7\u54e5\n|-start|p2a: \u72d7\u54e5|Substitute\n|-damage|p2a: \u72d7\u54e5|75\/100\n|\n|-heal|p2a: \u72d7\u54e5|82\/100|[from] item: Leftovers\n|upkeep\n|turn|9\n|\n|t:|1700918427\n|move|p2a: \u72d7\u54e5|Iron Defense|p2a: \u72d7\u54e5\n|-boost|p2a: \u72d7\u54e5|def|2\n|move|p1a: Zapdos|Thunderbolt|p2a: \u72d7\u54e5\n|-end|p2a: \u72d7\u54e5|Substitute\n|\n|-heal|p2a: \u72d7\u54e5|88\/100|[from] item: Leftovers\n|upkeep\n|turn|10\n|\n|t:|1700918444\n|-terastallize|p2a: \u72d7\u54e5|Electric\n|move|p2a: \u72d7\u54e5|Substitute|p2a: \u72d7\u54e5\n|-start|p2a: \u72d7\u54e5|Substitute\n|-damage|p2a: \u72d7\u54e5|63\/100\n|move|p1a: Zapdos|Thunderbolt|p2a: \u72d7\u54e5\n|-resisted|p2a: \u72d7\u54e5\n|-activate|p2a: \u72d7\u54e5|move: Substitute|[damage]\n|\n|-heal|p2a: \u72d7\u54e5|69\/100|[from] item: Leftovers\n|upkeep\n|turn|11\n|\n|t:|1700918456\n|move|p2a: \u72d7\u54e5|Iron Defense|p2a: \u72d7\u54e5\n|-boost|p2a: \u72d7\u54e5|def|2\n|move|p1a: Zapdos|Hidden Power|p2a: \u72d7\u54e5\n|-end|p2a: \u72d7\u54e5|Substitute\n|\n|-heal|p2a: \u72d7\u54e5|75\/100|[from] item: Leftovers\n|upkeep\n|turn|12\n|\n|t:|1700918461\n|move|p2a: \u72d7\u54e5|Body Press|p1a: Zapdos\n|-resisted|p1a: Zapdos\n|-damage|p1a: Zapdos|43\/100\n|move|p1a: Zapdos|Hidden Power|p2a: \u72d7\u54e5\n|-damage|p2a: \u72d7\u54e5|60\/100\n|\n|-heal|p2a: \u72d7\u54e5|67\/100|[from] item: Leftovers\n|upkeep\n|turn|13\n|\n|t:|1700918473\n|move|p2a: \u72d7\u54e5|Body Press|p1a: Zapdos\n|-resisted|p1a: Zapdos\n|-damage|p1a: Zapdos|0 fnt\n|faint|p1a: Zapdos\n|\n|-heal|p2a: \u72d7\u54e5|73\/100|[from] item: Leftovers\n|upkeep\n|\n|t:|1700918476\n|switch|p1a: Empoleon|Empoleon, M|89\/100\n|turn|14\n|\n|t:|1700918485\n|-terastallize|p1a: Empoleon|Ghost\n|move|p2a: \u72d7\u54e5|Body Press|p1a: Empoleon\n|-immune|p1a: Empoleon\n|move|p1a: Empoleon|Hydro Pump|p2a: \u72d7\u54e5\n|-damage|p2a: \u72d7\u54e5|20\/100\n|\n|-heal|p2a: \u72d7\u54e5|26\/100|[from] item: Leftovers\n|upkeep\n|turn|15\n|\n|t:|1700918497\n|switch|p1a: Ferrothorn|Ferrothorn, F|100\/100\n|move|p2a: \u72d7\u54e5|Crunch|p1a: Ferrothorn\n|-damage|p1a: Ferrothorn|88\/100\n|-unboost|p1a: Ferrothorn|def|1\n|-damage|p2a: \u72d7\u54e5|14\/100|[from] ability: Iron Barbs|[of] p1a: Ferrothorn\n|\n|-heal|p2a: \u72d7\u54e5|20\/100|[from] item: Leftovers\n|-heal|p1a: Ferrothorn|94\/100|[from] item: Leftovers\n|upkeep\n|turn|16\n|\n|t:|1700918507\n|switch|p1a: Empoleon|Empoleon, M, tera:Ghost|89\/100\n|move|p2a: \u72d7\u54e5|Crunch|p1a: Empoleon\n|-supereffective|p1a: Empoleon\n|-damage|p1a: Empoleon|47\/100\n|\n|-heal|p2a: \u72d7\u54e5|26\/100|[from] item: Leftovers\n|upkeep\n|turn|17\n|\n|t:|1700918512\n|switch|p1a: Ferrothorn|Ferrothorn, F|94\/100\n|move|p2a: \u72d7\u54e5|Crunch|p1a: Ferrothorn\n|-damage|p1a: Ferrothorn|83\/100\n|-unboost|p1a: Ferrothorn|def|1\n|-damage|p2a: \u72d7\u54e5|14\/100|[from] ability: Iron Barbs|[of] p1a: Ferrothorn\n|\n|-heal|p2a: \u72d7\u54e5|20\/100|[from] item: Leftovers\n|-heal|p1a: Ferrothorn|89\/100|[from] item: Leftovers\n|upkeep\n|turn|18\n|\n|t:|1700918516\n|move|p2a: \u72d7\u54e5|Body Press|p1a: Ferrothorn\n|-supereffective|p1a: Ferrothorn\n|-damage|p1a: Ferrothorn|0 fnt\n|-damage|p2a: \u72d7\u54e5|7\/100|[from] ability: Iron Barbs|[of] p1a: Ferrothorn\n|faint|p1a: Ferrothorn\n|\n|-heal|p2a: \u72d7\u54e5|14\/100|[from] item: Leftovers\n|upkeep\n|\n|t:|1700918520\n|switch|p1a: Pinsir|Pinsir, F|100\/100\n|turn|19\n|\n|t:|1700918537\n|detailschange|p1a: Pinsir|Pinsir-Mega, F\n|-mega|p1a: Pinsir|Pinsir|Pinsirite\n|move|p2a: \u72d7\u54e5|Body Press|p1a: Pinsir\n|-resisted|p1a: Pinsir\n|-damage|p1a: Pinsir|62\/100\n|move|p1a: Pinsir|Swords Dance|p1a: Pinsir\n|-boost|p1a: Pinsir|atk|2\n|\n|-heal|p2a: \u72d7\u54e5|20\/100|[from] item: Leftovers\n|upkeep\n|turn|20\n|\n|t:|1700918543\n|move|p2a: \u72d7\u54e5|Body Press|p1a: Pinsir\n|-resisted|p1a: Pinsir\n|-damage|p1a: Pinsir|19\/100\n|move|p1a: Pinsir|Return|p2a: \u72d7\u54e5\n|-resisted|p2a: \u72d7\u54e5\n|-damage|p2a: \u72d7\u54e5|5\/100\n|\n|-heal|p2a: \u72d7\u54e5|11\/100|[from] item: Leftovers\n|upkeep\n|turn|21\n|\n|t:|1700918546\n|move|p1a: Pinsir|Quick Attack|p2a: \u72d7\u54e5\n|-resisted|p2a: \u72d7\u54e5\n|-damage|p2a: \u72d7\u54e5|6\/100\n|move|p2a: \u72d7\u54e5|Body Press|p1a: Pinsir\n|-resisted|p1a: Pinsir\n|-damage|p1a: Pinsir|0 fnt\n|faint|p1a: Pinsir\n|\n|-heal|p2a: \u72d7\u54e5|12\/100|[from] item: Leftovers\n|upkeep\n|-message|hanwujiwandou forfeited.\n|\n|win|ldsadsadcsf\n|raw|hanwujiwandou's rating: 1455 &rarr; <strong>1436<\/strong><br \/>(-19 for losing)\n|raw|ldsadsadcsf's rating: 1480 &rarr; <strong>1499<\/strong><br \/>(+19 for winning)\n|l|\u203dhanwujiwandou\n","uploadtime":1700918557,"views":2,"p1id":"hanwujiwandou","p2id":"ldsadsadcsf","formatid":"gen9nationaldex","rating":1436,"private":0,"password":""}