{"id":"gen9nationaldex-1991675301","p1":"HeirEhm","p2":"Solaris2003","format":"[Gen 9] National Dex","log":"|j|\u2606HeirEhm\n|j|\u2606Solaris2003\n|t:|1700101315\n|gametype|singles\n|player|p1|HeirEhm|cynthia-gen7|\n|player|p2|Solaris2003|169|\n|teamsize|p1|6\n|teamsize|p2|6\n|gen|9\n|tier|[Gen 9] National Dex\n|rule|HP Percentage Mod: HP is shown in percentages\n|rule|Endless Battle Clause: Forcing endless battles is banned\n|rule|OHKO Clause: OHKO moves are banned\n|rule|Evasion Clause: Evasion abilities, items, and moves are banned\n|rule|Evasion Abilities Clause: Evasion abilities are banned\n|rule|Evasion Items Clause: Evasion items are banned\n|rule|Evasion Moves Clause: Evasion moves are banned\n|rule|Species Clause: Limit one of each Pok\u00e9mon\n|rule|Sleep Clause Mod: Limit one foe put to sleep\n|clearpoke\n|poke|p1|Garganacl, M|\n|poke|p1|Ceruledge, M|\n|poke|p1|Klefki, F|\n|poke|p1|Electrode-Hisui|\n|poke|p1|Chansey, F|\n|poke|p1|Murkrow, F|\n|poke|p2|Cinderace, F|\n|poke|p2|Lycanroc-Dusk, F|\n|poke|p2|Noivern, F|\n|poke|p2|Copperajah, M|\n|poke|p2|Leafeon, F|\n|poke|p2|Flaaffy, F|\n|teampreview\n|\n|t:|1700101324\n|start\n|switch|p1a: Jingle Jingle|Klefki, F|100\/100\n|switch|p2a: Cinderace|Cinderace, F|100\/100\n|turn|1\n|\n|t:|1700101335\n|move|p1a: Jingle Jingle|Switcheroo|p2a: Cinderace\n|-activate|p1a: Jingle Jingle|move: Trick|[of] p2a: Cinderace\n|-item|p2a: Cinderace|Toxic Orb|[from] move: Switcheroo\n|-item|p1a: Jingle Jingle|Heavy-Duty Boots|[from] move: Switcheroo\n|move|p2a: Cinderace|Pyro Ball|p1a: Jingle Jingle\n|-supereffective|p1a: Jingle Jingle\n|-damage|p1a: Jingle Jingle|7\/100\n|\n|-status|p2a: Cinderace|tox|[from] item: Toxic Orb\n|upkeep\n|turn|2\n|\n|t:|1700101349\n|move|p2a: Cinderace|Sucker Punch||[still]\n|-fail|p2a: Cinderace\n|move|p1a: Jingle Jingle|Spikes|p2a: Cinderace\n|-sidestart|p2: Solaris2003|Spikes\n|\n|-damage|p2a: Cinderace|95\/100 tox|[from] psn\n|upkeep\n|turn|3\n|j| Jam20Jam\n|\n|t:|1700101359\n|move|p1a: Jingle Jingle|Spikes|p2a: Cinderace\n|-sidestart|p2: Solaris2003|Spikes\n|move|p2a: Cinderace|Gunk Shot|p1a: Jingle Jingle\n|-start|p2a: Cinderace|typechange|Poison|[from] ability: Libero\n|-immune|p1a: Jingle Jingle\n|\n|-damage|p2a: Cinderace|83\/100 tox|[from] psn\n|upkeep\n|turn|4\n|\n|t:|1700101373\n|move|p1a: Jingle Jingle|Spikes|p2a: Cinderace\n|-sidestart|p2: Solaris2003|Spikes\n|move|p2a: Cinderace|Pyro Ball|p1a: Jingle Jingle\n|-supereffective|p1a: Jingle Jingle\n|-damage|p1a: Jingle Jingle|0 fnt\n|faint|p1a: Jingle Jingle\n|\n|-damage|p2a: Cinderace|65\/100 tox|[from] psn\n|upkeep\n|\n|t:|1700101432\n|switch|p1a: Beyblade beyblade|Electrode-Hisui|100\/100\n|turn|5\n|\n|t:|1700101436\n|move|p1a: Beyblade beyblade|Thunderbolt|p2a: Cinderace\n|-damage|p2a: Cinderace|0 fnt\n|faint|p2a: Cinderace\n|\n|upkeep\n|\n|t:|1700101448\n|switch|p2a: Noivern|Noivern, F|100\/100\n|turn|6\n|\n|t:|1700101460\n|move|p1a: Beyblade beyblade|Thunderbolt|p2a: Noivern\n|-damage|p2a: Noivern|28\/100\n|move|p2a: Noivern|Flamethrower|p1a: Beyblade beyblade\n|-supereffective|p1a: Beyblade beyblade\n|-damage|p1a: Beyblade beyblade|6\/100\n|\n|upkeep\n|turn|7\n|\n|t:|1700101500\n|move|p1a: Beyblade beyblade|Thunderbolt|p2a: Noivern\n|-damage|p2a: Noivern|0 fnt\n|faint|p2a: Noivern\n|\n|upkeep\n|\n|t:|1700101513\n|switch|p2a: Lycanroc|Lycanroc-Dusk, F|100\/100\n|-damage|p2a: Lycanroc|76\/100|[from] Spikes\n|turn|8\n|\n|t:|1700101520\n|switch|p1a: RegiSalt|Garganacl, M, shiny|100\/100\n|move|p2a: Lycanroc|Accelerock|p1a: RegiSalt\n|-damage|p1a: RegiSalt|74\/100\n|\n|-heal|p1a: RegiSalt|80\/100|[from] item: Leftovers\n|upkeep\n|turn|9\n|\n|t:|1700101532\n|switch|p2a: Flaaffy|Flaaffy, F|100\/100\n|-damage|p2a: Flaaffy|76\/100|[from] Spikes\n|switch|p1a: SWORDSFORHANDS|Ceruledge, M|100\/100\n|\n|upkeep\n|turn|10\n|\n|t:|1700101541\n|move|p1a: SWORDSFORHANDS|Bulk Up|p1a: SWORDSFORHANDS\n|-boost|p1a: SWORDSFORHANDS|atk|1\n|-boost|p1a: SWORDSFORHANDS|def|1\n|move|p2a: Flaaffy|Reflect|p2a: Flaaffy\n|-sidestart|p2: Solaris2003|Reflect\n|\n|upkeep\n|turn|11\n|\n|t:|1700101548\n|move|p1a: SWORDSFORHANDS|Bulk Up|p1a: SWORDSFORHANDS\n|-boost|p1a: SWORDSFORHANDS|atk|1\n|-boost|p1a: SWORDSFORHANDS|def|1\n|move|p2a: Flaaffy|Sunny Day|p2a: Flaaffy\n|-weather|SunnyDay\n|\n|-weather|SunnyDay|[upkeep]\n|upkeep\n|turn|12\n|\n|t:|1700101555\n|move|p1a: SWORDSFORHANDS|Bitter Blade|p2a: Flaaffy\n|-damage|p2a: Flaaffy|0 fnt\n|faint|p2a: Flaaffy\n|\n|-weather|SunnyDay|[upkeep]\n|upkeep\n|\n|t:|1700101569\n|switch|p2a: Lycanroc|Lycanroc-Dusk, F|76\/100\n|-damage|p2a: Lycanroc|51\/100|[from] Spikes\n|turn|13\n|\n|t:|1700101592\n|move|p2a: Lycanroc|Psychic Fangs|p1a: SWORDSFORHANDS\n|-damage|p1a: SWORDSFORHANDS|62\/100\n|-ability|p1a: SWORDSFORHANDS|Weak Armor|boost\n|-unboost|p1a: SWORDSFORHANDS|def|1\n|-boost|p1a: SWORDSFORHANDS|spe|2\n|move|p1a: SWORDSFORHANDS|Night Slash|p2a: Lycanroc\n|-damage|p2a: Lycanroc|10\/100\n|\n|-weather|SunnyDay|[upkeep]\n|upkeep\n|turn|14\n|\n|t:|1700101602\n|move|p1a: SWORDSFORHANDS|Shadow Sneak|p2a: Lycanroc\n|-damage|p2a: Lycanroc|0 fnt\n|faint|p2a: Lycanroc\n|\n|-weather|SunnyDay|[upkeep]\n|-sideend|p2: Solaris2003|Reflect\n|upkeep\n|\n|t:|1700101606\n|switch|p2a: Glockeon Jr|Leafeon, F|100\/100\n|-damage|p2a: Glockeon Jr|76\/100|[from] Spikes\n|turn|15\n|\n|t:|1700101615\n|move|p1a: SWORDSFORHANDS|Bitter Blade|p2a: Glockeon Jr\n|-supereffective|p2a: Glockeon Jr\n|-crit|p2a: Glockeon Jr\n|-damage|p2a: Glockeon Jr|0 fnt\n|-heal|p1a: SWORDSFORHANDS|97\/100|[from] drain|[of] p2a: Glockeon Jr\n|faint|p2a: Glockeon Jr\n|\n|-weather|SunnyDay|[upkeep]\n|upkeep\n|\n|t:|1700101622\n|switch|p2a: Copperajah|Copperajah, M|100\/100\n|-damage|p2a: Copperajah|75\/100|[from] Spikes\n|turn|16\n|\n|t:|1700101630\n|move|p1a: SWORDSFORHANDS|Bitter Blade|p2a: Copperajah\n|-supereffective|p2a: Copperajah\n|-damage|p2a: Copperajah|0 fnt\n|-heal|p1a: SWORDSFORHANDS|100\/100|[from] drain|[of] p2a: Copperajah\n|faint|p2a: Copperajah\n|\n|win|HeirEhm\n","uploadtime":1700101662,"views":4,"p1id":"heirehm","p2id":"solaris2003","formatid":"gen9nationaldex","rating":0,"private":0,"password":""}