{"id":"gen9nationaldex-1996105478","p1":"DJRRRR","p2":"koyi1992","format":"[Gen 9] National Dex","log":"|html|<div class=\"broadcast-blue\"><strong>[Gen 9] National Dex is currently suspecting Sneasler! For information on how to participate check out the <a href=\"https:\/\/www.smogon.com\/forums\/threads\/sv-national-dex-suspect-8-just-dance.3731534\/\">suspect thread<\/a>.<\/strong><\/div>\n|j|\u2606DJRRRR\n|j|\u2606koyi1992\n|t:|1700644921\n|gametype|singles\n|player|p1|DJRRRR|265|1440\n|player|p2|koyi1992|170|1323\n|teamsize|p1|6\n|teamsize|p2|6\n|gen|9\n|tier|[Gen 9] National Dex\n|rated|\n|rule|HP Percentage Mod: HP is shown in percentages\n|rule|Endless Battle Clause: Forcing endless battles is banned\n|rule|OHKO Clause: OHKO moves are banned\n|rule|Evasion Clause: Evasion abilities, items, and moves are banned\n|rule|Evasion Abilities Clause: Evasion abilities are banned\n|rule|Evasion Items Clause: Evasion items are banned\n|rule|Evasion Moves Clause: Evasion moves are banned\n|rule|Species Clause: Limit one of each Pok\u00e9mon\n|rule|Sleep Clause Mod: Limit one foe put to sleep\n|clearpoke\n|poke|p1|Banette, M|\n|poke|p1|Dragonite, F|\n|poke|p1|Tapu Koko|\n|poke|p1|Iron Valiant|\n|poke|p1|Rillaboom, F|\n|poke|p1|Greninja-*, M|\n|poke|p2|Rillaboom, M|\n|poke|p2|Ogerpon-Cornerstone, F|\n|poke|p2|Alomomola, M|\n|poke|p2|Moltres|\n|poke|p2|Lopunny, F|\n|poke|p2|Heatran, F|\n|teampreview\n|inactive|Battle timer is ON: inactive players will automatically lose when time's up. (requested by koyi1992)\n|\n|t:|1700644947\n|start\n|switch|p1a: Tapu Koko|Tapu Koko|100\/100\n|switch|p2a: Lopunny|Lopunny, F|100\/100\n|-fieldstart|move: Electric Terrain|[from] ability: Electric Surge|[of] p1a: Tapu Koko\n|turn|1\n|\n|t:|1700644954\n|switch|p1a: Iron Valiant|Iron Valiant|100\/100\n|-activate|p1a: Iron Valiant|ability: Quark Drive\n|-start|p1a: Iron Valiant|quarkdrivespe\n|detailschange|p2a: Lopunny|Lopunny-Mega, F\n|-mega|p2a: Lopunny|Lopunny|Lopunnite\n|move|p2a: Lopunny|Fake Out|p1a: Iron Valiant\n|-damage|p1a: Iron Valiant|71\/100\n|\n|upkeep\n|turn|2\n|\n|t:|1700644976\n|switch|p2a: Moltres|Moltres|100\/100\n|move|p1a: Iron Valiant|Close Combat|p2a: Moltres\n|-resisted|p2a: Moltres\n|-damage|p2a: Moltres|61\/100\n|-unboost|p1a: Iron Valiant|def|1\n|-unboost|p1a: Iron Valiant|spd|1\n|-damage|p1a: Iron Valiant|62\/100|[from] item: Life Orb\n|\n|upkeep\n|turn|3\n|\n|t:|1700644986\n|-end|p1a: Iron Valiant|Quark Drive|[silent]\n|switch|p1a: Tapu Koko|Tapu Koko|100\/100\n|move|p2a: Moltres|U-turn|p1a: Tapu Koko\n|-resisted|p1a: Tapu Koko\n|-damage|p1a: Tapu Koko|91\/100\n|\n|t:|1700644992\n|switch|p2a: Lopunny|Lopunny-Mega, F|100\/100|[from] U-turn\n|\n|upkeep\n|turn|4\n|\n|t:|1700645014\n|switch|p1a: Rillaboom|Rillaboom, F|100\/100\n|-fieldstart|move: Grassy Terrain|[from] ability: Grassy Surge|[of] p1a: Rillaboom\n|move|p2a: Lopunny|Fake Out|p1a: Rillaboom\n|-damage|p1a: Rillaboom|75\/100\n|\n|-heal|p1a: Rillaboom|81\/100|[from] Grassy Terrain\n|upkeep\n|turn|5\n|\n|t:|1700645027\n|switch|p2a: Heatran|Heatran, F|100\/100\n|switch|p1a: Tapu Koko|Tapu Koko|91\/100\n|-fieldstart|move: Electric Terrain|[from] ability: Electric Surge|[of] p1a: Tapu Koko\n|\n|upkeep\n|turn|6\n|\n|t:|1700645034\n|-terastallize|p1a: Tapu Koko|Electric\n|move|p1a: Tapu Koko|Volt Switch|p2a: Heatran\n|-damage|p2a: Heatran|54\/100\n|\n|t:|1700645042\n|switch|p1a: Dragonite|Dragonite, F|100\/100|[from] Volt Switch\n|move|p2a: Heatran|Earth Power|p1a: Dragonite\n|-immune|p1a: Dragonite\n|\n|-heal|p2a: Heatran|61\/100|[from] item: Leftovers\n|upkeep\n|turn|7\n|\n|t:|1700645053\n|switch|p2a: Alomomola|Alomomola, M|100\/100\n|switch|p1a: Tapu Koko|Tapu Koko, tera:Electric|91\/100\n|\n|upkeep\n|turn|8\n|\n|t:|1700645060\n|switch|p2a: Rillaboom|Rillaboom, M|100\/100\n|-fieldstart|move: Grassy Terrain|[from] ability: Grassy Surge|[of] p2a: Rillaboom\n|move|p1a: Tapu Koko|Volt Switch|p2a: Rillaboom\n|-resisted|p2a: Rillaboom\n|-damage|p2a: Rillaboom|59\/100\n|\n|t:|1700645069\n|switch|p1a: Rillaboom|Rillaboom, F|81\/100|[from] Volt Switch\n|\n|-heal|p2a: Rillaboom|66\/100|[from] Grassy Terrain\n|-heal|p1a: Rillaboom|87\/100|[from] Grassy Terrain\n|upkeep\n|turn|9\n|\n|t:|1700645075\n|move|p1a: Rillaboom|U-turn|p2a: Rillaboom\n|-supereffective|p2a: Rillaboom\n|-damage|p2a: Rillaboom|0 fnt\n|faint|p2a: Rillaboom\n|\n|t:|1700645079\n|switch|p1a: Tapu Koko|Tapu Koko, tera:Electric|91\/100|[from] U-turn\n|-fieldstart|move: Electric Terrain|[from] ability: Electric Surge|[of] p1a: Tapu Koko\n|\n|upkeep\n|\n|t:|1700645086\n|switch|p2a: Lopunny|Lopunny-Mega, F|100\/100\n|turn|10\n|\n|t:|1700645090\n|switch|p1a: Rillaboom|Rillaboom, F|87\/100\n|-fieldstart|move: Grassy Terrain|[from] ability: Grassy Surge|[of] p1a: Rillaboom\n|move|p2a: Lopunny|Fake Out|p1a: Rillaboom\n|-damage|p1a: Rillaboom|62\/100\n|\n|-heal|p1a: Rillaboom|69\/100|[from] Grassy Terrain\n|upkeep\n|turn|11\n|\n|t:|1700645098\n|move|p1a: Rillaboom|Grassy Glide|p2a: Lopunny\n|-damage|p2a: Lopunny|14\/100\n|move|p2a: Lopunny|Return|p1a: Rillaboom\n|-damage|p1a: Rillaboom|6\/100\n|\n|-heal|p2a: Lopunny|21\/100|[from] Grassy Terrain\n|-heal|p1a: Rillaboom|12\/100|[from] Grassy Terrain\n|upkeep\n|turn|12\n|\n|t:|1700645108\n|switch|p2a: Moltres|Moltres|61\/100\n|switch|p1a: Tapu Koko|Tapu Koko, tera:Electric|91\/100\n|-fieldstart|move: Electric Terrain|[from] ability: Electric Surge|[of] p1a: Tapu Koko\n|\n|upkeep\n|turn|13\n|\n|t:|1700645112\n|switch|p2a: Heatran|Heatran, F|61\/100\n|move|p1a: Tapu Koko|Volt Switch|p2a: Heatran\n|-damage|p2a: Heatran|9\/100\n|-message|koyi1992 forfeited.\n|\n|win|DJRRRR\n|raw|DJRRRR's rating: 1440 &rarr; <strong>1454<\/strong><br \/>(+14 for winning)\n|raw|koyi1992's rating: 1323 &rarr; <strong>1309<\/strong><br \/>(-14 for losing)\n|l|\u2606koyi1992\n","uploadtime":1700645126,"views":4,"p1id":"djrrrr","p2id":"koyi1992","formatid":"gen9nationaldex","rating":1309,"private":0,"password":""}