{"id":"gen9nationaldex-1990154025","p1":"mtyqjltz4","p2":"hair bucket","format":"[Gen 9] National Dex","log":"|j|\u2606mtyqjltz4\n|j|\u2606hair bucket\n|t:|1699930494\n|gametype|singles\n|player|p1|mtyqjltz4|elesa|1534\n|player|p2|hair bucket|eusine|1580\n|teamsize|p1|6\n|teamsize|p2|6\n|gen|9\n|tier|[Gen 9] National Dex\n|rated|\n|rule|HP Percentage Mod: HP is shown in percentages\n|rule|Endless Battle Clause: Forcing endless battles is banned\n|rule|OHKO Clause: OHKO moves are banned\n|rule|Evasion Clause: Evasion abilities, items, and moves are banned\n|rule|Evasion Abilities Clause: Evasion abilities are banned\n|rule|Evasion Items Clause: Evasion items are banned\n|rule|Evasion Moves Clause: Evasion moves are banned\n|rule|Species Clause: Limit one of each Pok\u00e9mon\n|rule|Sleep Clause Mod: Limit one foe put to sleep\n|clearpoke\n|poke|p1|Beedrill, M|\n|poke|p1|Chansey, F|\n|poke|p1|Garchomp, M|\n|poke|p1|Urshifu-*, M|\n|poke|p1|Zapdos|\n|poke|p1|Tapu Lele|\n|poke|p2|Charizard, F|\n|poke|p2|Mamoswine, M|\n|poke|p2|Samurott-Hisui, F|\n|poke|p2|Aegislash, M|\n|poke|p2|Garganacl, F|\n|poke|p2|Iron Valiant|\n|teampreview\n|inactive|Battle timer is ON: inactive players will automatically lose when time's up. (requested by mtyqjltz4)\n|\n|t:|1699930512\n|start\n|switch|p1a: Urshifu|Urshifu-Rapid-Strike, M|100\/100\n|switch|p2a: Samurott|Samurott-Hisui, F, shiny|100\/100\n|turn|1\n|\n|t:|1699930522\n|move|p1a: Urshifu|Trailblaze|p2a: Samurott\n|-supereffective|p2a: Samurott\n|-damage|p2a: Samurott|56\/100\n|-boost|p1a: Urshifu|spe|1\n|move|p2a: Samurott|Ceaseless Edge|p1a: Urshifu\n|-resisted|p1a: Urshifu\n|-damage|p1a: Urshifu|77\/100\n|-sidestart|p1: mtyqjltz4|Spikes\n|\n|upkeep\n|turn|2\n|\n|t:|1699930534\n|move|p1a: Urshifu|Close Combat|p2a: Samurott\n|-supereffective|p2a: Samurott\n|-damage|p2a: Samurott|0 fnt\n|-unboost|p1a: Urshifu|def|1\n|-unboost|p1a: Urshifu|spd|1\n|faint|p2a: Samurott\n|\n|upkeep\n|\n|t:|1699930539\n|switch|p2a: Iron Valiant|Iron Valiant|100\/100\n|-enditem|p2a: Iron Valiant|Booster Energy\n|-activate|p2a: Iron Valiant|ability: Quark Drive|[fromitem]\n|-start|p2a: Iron Valiant|quarkdrivespe\n|turn|3\n|\n|t:|1699930561\n|switch|p1a: Chansey|Chansey, F|100\/100\n|-damage|p1a: Chansey|88\/100|[from] Spikes\n|move|p2a: Iron Valiant|Spirit Break|p1a: Chansey\n|-damage|p1a: Chansey|63\/100\n|-unboost|p1a: Chansey|spa|1\n|\n|upkeep\n|turn|4\n|\n|t:|1699930576\n|switch|p1a: Zapdos|Zapdos|100\/100\n|move|p2a: Iron Valiant|Close Combat|p1a: Zapdos\n|-resisted|p1a: Zapdos\n|-damage|p1a: Zapdos|79\/100\n|-unboost|p2a: Iron Valiant|def|1\n|-unboost|p2a: Iron Valiant|spd|1\n|-status|p2a: Iron Valiant|par|[from] ability: Static|[of] p1a: Zapdos\n|\n|upkeep\n|turn|5\n|\n|t:|1699930584\n|cant|p2a: Iron Valiant|par\n|move|p1a: Zapdos|Volt Switch|p2a: Iron Valiant\n|-damage|p2a: Iron Valiant|20\/100 par\n|\n|t:|1699930599\n|switch|p1a: Beedrill|Beedrill, M|100\/100|[from] Volt Switch\n|-damage|p1a: Beedrill|88\/100|[from] Spikes\n|\n|upkeep\n|turn|6\n|\n|t:|1699930609\n|-end|p2a: Iron Valiant|Quark Drive|[silent]\n|switch|p2a: Aegislash|Aegislash, M, shiny|100\/100\n|detailschange|p1a: Beedrill|Beedrill-Mega, M\n|-mega|p1a: Beedrill|Beedrill|Beedrillite\n|move|p1a: Beedrill|Poison Jab|p2a: Aegislash\n|-immune|p2a: Aegislash\n|\n|upkeep\n|turn|7\n|\n|t:|1699930616\n|move|p1a: Beedrill|Drill Run|p2a: Aegislash\n|-supereffective|p2a: Aegislash\n|-damage|p2a: Aegislash|50\/100\n|-formechange|p2a: Aegislash|Aegislash-Blade||[from] ability: Stance Change\n|move|p2a: Aegislash|Flash Cannon|p1a: Beedrill\n|-damage|p1a: Beedrill|9\/100\n|\n|upkeep\n|turn|8\n|\n|t:|1699930630\n|switch|p1a: Zapdos|Zapdos|79\/100\n|move|p2a: Aegislash|Shadow Sneak|p1a: Zapdos\n|-damage|p1a: Zapdos|65\/100\n|\n|upkeep\n|turn|9\n|\n|t:|1699930637\n|switch|p2a: Garganacl|Garganacl, F, shiny|100\/100\n|move|p1a: Zapdos|Defog|p2a: Garganacl\n|-unboost|p2a: Garganacl|evasion|1\n|-sideend|p1: mtyqjltz4|Spikes|[from] move: Defog|[of] p1a: Zapdos\n|\n|upkeep\n|turn|10\n|\n|t:|1699930642\n|move|p1a: Zapdos|Volt Switch|p2a: Garganacl\n|-damage|p2a: Garganacl|83\/100\n|\n|t:|1699930660\n|switch|p1a: Garchomp|Garchomp, M, shiny|100\/100|[from] Volt Switch\n|move|p2a: Garganacl|Salt Cure|p1a: Garchomp\n|-resisted|p1a: Garchomp\n|-damage|p1a: Garchomp|94\/100\n|-start|p1a: Garchomp|Salt Cure\n|\n|-heal|p2a: Garganacl|89\/100|[from] item: Leftovers\n|-damage|p1a: Garchomp|81\/100|[from] Salt Cure\n|upkeep\n|turn|11\n|\n|t:|1699930684\n|-terastallize|p2a: Garganacl|Ghost\n|move|p1a: Garchomp|Swords Dance|p1a: Garchomp\n|-boost|p1a: Garchomp|atk|2\n|move|p2a: Garganacl|Salt Cure|p1a: Garchomp\n|-resisted|p1a: Garchomp\n|-damage|p1a: Garchomp|74\/100\n|\n|-heal|p2a: Garganacl|96\/100|[from] item: Leftovers\n|-damage|p1a: Garchomp|62\/100|[from] Salt Cure\n|upkeep\n|turn|12\n|\n|t:|1699930696\n|move|p1a: Garchomp|Earthquake|p2a: Garganacl\n|-damage|p2a: Garganacl|23\/100\n|move|p2a: Garganacl|Stealth Rock|p1a: Garchomp\n|-sidestart|p1: mtyqjltz4|move: Stealth Rock\n|\n|-heal|p2a: Garganacl|29\/100|[from] item: Leftovers\n|-damage|p1a: Garchomp|49\/100|[from] Salt Cure\n|upkeep\n|turn|13\n|\n|t:|1699930702\n|move|p2a: Garganacl|Protect|p2a: Garganacl\n|-singleturn|p2a: Garganacl|Protect\n|move|p1a: Garchomp|Earthquake|p2a: Garganacl\n|-activate|p2a: Garganacl|move: Protect\n|\n|-heal|p2a: Garganacl|35\/100|[from] item: Leftovers\n|-damage|p1a: Garchomp|37\/100|[from] Salt Cure\n|upkeep\n|turn|14\n|\n|t:|1699930707\n|switch|p2a: Iron Valiant|Iron Valiant|20\/100 par\n|move|p1a: Garchomp|Earthquake|p2a: Iron Valiant\n|-damage|p2a: Iron Valiant|0 fnt\n|faint|p2a: Iron Valiant\n|-end|p2a: Iron Valiant|Quark Drive|[silent]\n|\n|-damage|p1a: Garchomp|25\/100|[from] Salt Cure\n|upkeep\n|\n|t:|1699930717\n|switch|p2a: Aegislash|Aegislash, M, shiny|50\/100\n|turn|15\n|\n|t:|1699930744\n|switch|p1a: Chansey|Chansey, F|63\/100\n|-damage|p1a: Chansey|50\/100|[from] Stealth Rock\n|move|p2a: Aegislash|King's Shield||[still]\n|-fail|p2a: Aegislash\n|\n|upkeep\n|turn|16\n|\n|t:|1699930751\n|switch|p2a: Garganacl|Garganacl, F, shiny, tera:Ghost|35\/100\n|move|p1a: Chansey|Soft-Boiled|p1a: Chansey\n|-heal|p1a: Chansey|100\/100\n|\n|-heal|p2a: Garganacl|41\/100|[from] item: Leftovers\n|upkeep\n|turn|17\n|\n|t:|1699930768\n|switch|p1a: Garchomp|Garchomp, M, shiny|25\/100\n|-damage|p1a: Garchomp|18\/100|[from] Stealth Rock\n|move|p2a: Garganacl|Recover|p2a: Garganacl\n|-heal|p2a: Garganacl|91\/100\n|\n|-heal|p2a: Garganacl|98\/100|[from] item: Leftovers\n|upkeep\n|turn|18\n|\n|t:|1699930776\n|-zpower|p1a: Garchomp\n|move|p1a: Garchomp|Devastating Drake|p2a: Garganacl|[zeffect]\n|-damage|p2a: Garganacl|25\/100\n|move|p2a: Garganacl|Salt Cure|p1a: Garchomp\n|-resisted|p1a: Garchomp\n|-damage|p1a: Garchomp|11\/100\n|-start|p1a: Garchomp|Salt Cure\n|\n|-heal|p2a: Garganacl|32\/100|[from] item: Leftovers\n|-damage|p1a: Garchomp|0 fnt|[from] Salt Cure\n|faint|p1a: Garchomp\n|upkeep\n|\n|t:|1699930788\n|switch|p1a: Urshifu|Urshifu-Rapid-Strike, M|77\/100\n|-damage|p1a: Urshifu|71\/100|[from] Stealth Rock\n|turn|19\n|\n|t:|1699930791\n|move|p1a: Urshifu|Surging Strikes|p2a: Garganacl\n|-crit|p2a: Garganacl\n|-damage|p2a: Garganacl|17\/100\n|-crit|p2a: Garganacl\n|-damage|p2a: Garganacl|2\/100\n|-crit|p2a: Garganacl\n|-damage|p2a: Garganacl|0 fnt\n|faint|p2a: Garganacl\n|-hitcount|p2: Garganacl|3\n|\n|upkeep\n|\n|t:|1699930797\n|switch|p2a: Charizard|Charizard, F, shiny|100\/100\n|turn|20\n|inactive|mtyqjltz4 has 120 seconds left.\n|\n|t:|1699930828\n|detailschange|p2a: Charizard|Charizard-Mega-Y, F, shiny\n|-mega|p2a: Charizard|Charizard|Charizardite Y\n|-weather|SunnyDay|[from] ability: Drought|[of] p2a: Charizard\n|-terastallize|p1a: Urshifu|Grass\n|move|p2a: Charizard|Solar Beam||[still]\n|-prepare|p2a: Charizard|Solar Beam\n|-anim|p2a: Charizard|Solar Beam|p1a: Urshifu\n|-resisted|p1a: Urshifu\n|-crit|p1a: Urshifu\n|-damage|p1a: Urshifu|19\/100\n|move|p1a: Urshifu|Trailblaze|p2a: Charizard\n|-resisted|p2a: Charizard\n|-damage|p2a: Charizard|89\/100\n|-boost|p1a: Urshifu|spe|1\n|\n|-weather|SunnyDay|[upkeep]\n|upkeep\n|turn|21\n|\n|t:|1699930848\n|switch|p2a: Mamoswine|Mamoswine, M, shiny|100\/100\n|move|p1a: Urshifu|Surging Strikes|p2a: Mamoswine\n|-supereffective|p2a: Mamoswine\n|-crit|p2a: Mamoswine\n|-damage|p2a: Mamoswine|77\/100\n|-supereffective|p2a: Mamoswine\n|-crit|p2a: Mamoswine\n|-damage|p2a: Mamoswine|54\/100\n|-supereffective|p2a: Mamoswine\n|-crit|p2a: Mamoswine\n|-damage|p2a: Mamoswine|27\/100\n|-hitcount|p2a: Mamoswine|3\n|\n|-weather|SunnyDay|[upkeep]\n|upkeep\n|turn|22\n|inactive|mtyqjltz4 has 120 seconds left.\n|\n|t:|1699930864\n|switch|p1a: Tapu Lele|Tapu Lele|100\/100\n|-damage|p1a: Tapu Lele|88\/100|[from] Stealth Rock\n|-fieldstart|move: Psychic Terrain|[from] ability: Psychic Surge|[of] p1a: Tapu Lele\n|move|p2a: Mamoswine|Ice Shard|p1a: Tapu Lele\n|-activate|p1a: Tapu Lele|move: Psychic Terrain\n|\n|-weather|SunnyDay|[upkeep]\n|upkeep\n|turn|23\n|\n|t:|1699930877\n|switch|p2a: Aegislash|Aegislash, M, shiny|50\/100\n|move|p1a: Tapu Lele|Hidden Power|p2a: Aegislash\n|-supereffective|p2a: Aegislash\n|-damage|p2a: Aegislash|1\/100\n|\n|-weather|SunnyDay|[upkeep]\n|upkeep\n|turn|24\n|\n|t:|1699930889\n|move|p1a: Tapu Lele|Hidden Power|p2a: Aegislash\n|-supereffective|p2a: Aegislash\n|-damage|p2a: Aegislash|0 fnt\n|faint|p2a: Aegislash\n|\n|-weather|none\n|upkeep\n|\n|t:|1699930891\n|switch|p2a: Charizard|Charizard-Mega-Y, F, shiny|89\/100\n|-weather|SunnyDay|[from] ability: Drought|[of] p2a: Charizard\n|turn|25\n|\n|t:|1699930895\n|switch|p1a: Chansey|Chansey, F|100\/100\n|-damage|p1a: Chansey|88\/100|[from] Stealth Rock\n|move|p2a: Charizard|Flamethrower|p1a: Chansey\n|-damage|p1a: Chansey|65\/100\n|\n|-weather|SunnyDay|[upkeep]\n|upkeep\n|turn|26\n|\n|t:|1699930912\n|switch|p2a: Mamoswine|Mamoswine, M, shiny|27\/100\n|move|p1a: Chansey|Toxic|p2a: Mamoswine\n|-status|p2a: Mamoswine|tox\n|\n|-weather|SunnyDay|[upkeep]\n|-damage|p2a: Mamoswine|21\/100 tox|[from] psn\n|-fieldend|move: Psychic Terrain\n|upkeep\n|turn|27\n|\n|t:|1699930918\n|switch|p1a: Zapdos|Zapdos|65\/100\n|move|p2a: Mamoswine|Icicle Spear|p1a: Zapdos\n|-supereffective|p1a: Zapdos\n|-damage|p1a: Zapdos|46\/100\n|-supereffective|p1a: Zapdos\n|-damage|p1a: Zapdos|27\/100\n|-supereffective|p1a: Zapdos\n|-damage|p1a: Zapdos|9\/100\n|-supereffective|p1a: Zapdos\n|-damage|p1a: Zapdos|0 fnt\n|faint|p1a: Zapdos\n|-hitcount|p1: Zapdos|4\n|\n|-weather|SunnyDay|[upkeep]\n|-damage|p2a: Mamoswine|9\/100 tox|[from] psn\n|upkeep\n|\n|t:|1699930927\n|switch|p1a: Tapu Lele|Tapu Lele|88\/100\n|-damage|p1a: Tapu Lele|76\/100|[from] Stealth Rock\n|-fieldstart|move: Psychic Terrain|[from] ability: Psychic Surge|[of] p1a: Tapu Lele\n|turn|28\n|\n|t:|1699930932\n|move|p1a: Tapu Lele|Psychic|p2a: Mamoswine\n|-damage|p2a: Mamoswine|0 fnt\n|faint|p2a: Mamoswine\n|\n|-weather|SunnyDay|[upkeep]\n|upkeep\n|\n|t:|1699930933\n|switch|p2a: Charizard|Charizard-Mega-Y, F, shiny|89\/100\n|turn|29\n|\n|t:|1699930940\n|switch|p1a: Beedrill|Beedrill-Mega, M|9\/100\n|-damage|p1a: Beedrill|0 fnt|[from] Stealth Rock\n|faint|p1a: Beedrill\n|move|p2a: Charizard|Flamethrower|p1: Beedrill|[notarget]\n|-fail|p2a: Charizard\n|\n|-weather|none\n|upkeep\n|\n|t:|1699930949\n|switch|p1a: Chansey|Chansey, F|65\/100\n|-damage|p1a: Chansey|52\/100|[from] Stealth Rock\n|turn|30\n|\n|t:|1699930952\n|move|p2a: Charizard|Flamethrower|p1a: Chansey\n|-damage|p1a: Chansey|35\/100\n|move|p1a: Chansey|Soft-Boiled|p1a: Chansey\n|-heal|p1a: Chansey|86\/100\n|\n|upkeep\n|turn|31\n|\n|t:|1699930955\n|move|p2a: Charizard|Flamethrower|p1a: Chansey\n|-damage|p1a: Chansey|70\/100\n|move|p1a: Chansey|Toxic|p2a: Charizard\n|-status|p2a: Charizard|tox\n|\n|-damage|p2a: Charizard|83\/100 tox|[from] psn\n|upkeep\n|turn|32\n|-message|hair bucket forfeited.\n|\n|win|mtyqjltz4\n|raw|mtyqjltz4's rating: 1534 &rarr; <strong>1557<\/strong><br \/>(+23 for winning)\n|raw|hair bucket's rating: 1580 &rarr; <strong>1557<\/strong><br \/>(-23 for losing)\n|l|\u2606hair bucket\n","uploadtime":1699930964,"views":7,"p1id":"mtyqjltz4","p2id":"hairbucket","formatid":"gen9nationaldex","rating":1557,"private":0,"password":""}