{"id":"gen9nationaldex-1987856637","p1":"Calebthegoat7347","p2":"221savage","format":"[Gen 9] National Dex","log":"|j|\u2606Calebthegoat7347\n|j|\u2606221savage\n|t:|1699643180\n|gametype|singles\n|player|p1|Calebthegoat7347|hilbert|1291\n|player|p2|221savage|1|1384\n|teamsize|p1|6\n|teamsize|p2|6\n|gen|9\n|tier|[Gen 9] National Dex\n|rated|\n|rule|HP Percentage Mod: HP is shown in percentages\n|rule|Endless Battle Clause: Forcing endless battles is banned\n|rule|OHKO Clause: OHKO moves are banned\n|rule|Evasion Clause: Evasion abilities, items, and moves are banned\n|rule|Evasion Abilities Clause: Evasion abilities are banned\n|rule|Evasion Items Clause: Evasion items are banned\n|rule|Evasion Moves Clause: Evasion moves are banned\n|rule|Species Clause: Limit one of each Pok\u00e9mon\n|rule|Sleep Clause Mod: Limit one foe put to sleep\n|clearpoke\n|poke|p1|Glimmora, F|\n|poke|p1|Thundurus-Therian, M|\n|poke|p1|Samurott-Hisui, M|\n|poke|p1|Ogerpon-Wellspring, F|\n|poke|p1|Charizard, F|\n|poke|p1|Rillaboom, M|\n|poke|p2|Crawdaunt, M|\n|poke|p2|Banette, M|\n|poke|p2|Machamp, M|\n|poke|p2|Darmanitan, M|\n|poke|p2|Xurkitree|\n|poke|p2|Serperior, M|\n|teampreview\n|\n|t:|1699643189\n|start\n|switch|p1a: Glimmora|Glimmora, F|100\/100\n|switch|p2a: Xurkitree|Xurkitree|100\/100\n|turn|1\n|\n|t:|1699643194\n|-zpower|p2a: Xurkitree\n|move|p2a: Xurkitree|Z-Hypnosis|p1a: Glimmora|[anim]Hypnosis|[miss]\n|-boost|p2a: Xurkitree|spe|1|[zeffect]\n|-miss|p2a: Xurkitree|p1a: Glimmora\n|move|p1a: Glimmora|Stealth Rock|p2a: Xurkitree\n|-sidestart|p2: 221savage|move: Stealth Rock\n|\n|upkeep\n|turn|2\n|\n|t:|1699643203\n|move|p2a: Xurkitree|Hypnosis|p1a: Glimmora\n|-status|p1a: Glimmora|slp|[from] move: Hypnosis\n|cant|p1a: Glimmora|slp\n|\n|upkeep\n|turn|3\n|\n|t:|1699643210\n|move|p2a: Xurkitree|Tail Glow|p2a: Xurkitree\n|-boost|p2a: Xurkitree|spa|3\n|-curestatus|p1a: Glimmora|slp|[msg]\n|move|p1a: Glimmora|Spikes|p2a: Xurkitree\n|-sidestart|p2: 221savage|Spikes\n|\n|upkeep\n|turn|4\n|\n|t:|1699643216\n|move|p2a: Xurkitree|Thunderbolt|p1a: Glimmora\n|-enditem|p1a: Glimmora|Focus Sash\n|-damage|p1a: Glimmora|1\/100\n|move|p1a: Glimmora|Spikes|p2a: Xurkitree\n|-sidestart|p2: 221savage|Spikes\n|\n|upkeep\n|turn|5\n|\n|t:|1699643224\n|move|p2a: Xurkitree|Energy Ball|p1a: Glimmora\n|-damage|p1a: Glimmora|0 fnt\n|faint|p1a: Glimmora\n|-ability|p2a: Xurkitree|Beast Boost|boost\n|-boost|p2a: Xurkitree|spa|1\n|\n|upkeep\n|\n|t:|1699643230\n|switch|p1a: Thundurus|Thundurus-Therian, M, shiny|100\/100\n|turn|6\n|\n|t:|1699643238\n|move|p2a: Xurkitree|Hypnosis|p1a: Thundurus\n|-status|p1a: Thundurus|slp|[from] move: Hypnosis\n|cant|p1a: Thundurus|slp\n|\n|upkeep\n|turn|7\n|\n|t:|1699643242\n|move|p2a: Xurkitree|Energy Ball|p1a: Thundurus\n|-resisted|p1a: Thundurus\n|-damage|p1a: Thundurus|13\/100 slp\n|-curestatus|p1a: Thundurus|slp|[msg]\n|move|p1a: Thundurus|Nasty Plot|p1a: Thundurus\n|-boost|p1a: Thundurus|spa|2\n|\n|upkeep\n|turn|8\n|\n|t:|1699643251\n|move|p2a: Xurkitree|Energy Ball|p1a: Thundurus\n|-resisted|p1a: Thundurus\n|-crit|p1a: Thundurus\n|-damage|p1a: Thundurus|0 fnt\n|faint|p1a: Thundurus\n|-ability|p2a: Xurkitree|Beast Boost|boost\n|-boost|p2a: Xurkitree|spa|1\n|\n|upkeep\n|\n|t:|1699643257\n|switch|p1a: Rillaboom|Rillaboom, M, shiny|100\/100\n|-fieldstart|move: Grassy Terrain|[from] ability: Grassy Surge|[of] p1a: Rillaboom\n|turn|9\n|\n|t:|1699643261\n|move|p1a: Rillaboom|Fake Out|p2a: Xurkitree\n|-damage|p2a: Xurkitree|80\/100\n|cant|p2a: Xurkitree|flinch\n|\n|-heal|p2a: Xurkitree|87\/100|[from] Grassy Terrain\n|upkeep\n|turn|10\n|\n|t:|1699643269\n|move|p1a: Rillaboom|Grassy Glide|p2a: Xurkitree\n|-damage|p2a: Xurkitree|24\/100\n|move|p2a: Xurkitree|Thunderbolt|p1a: Rillaboom\n|-resisted|p1a: Rillaboom\n|-damage|p1a: Rillaboom|0 fnt\n|faint|p1a: Rillaboom\n|-ability|p2a: Xurkitree|Beast Boost|boost\n|-boost|p2a: Xurkitree|spa|1\n|\n|-heal|p2a: Xurkitree|30\/100|[from] Grassy Terrain\n|upkeep\n|\n|t:|1699643281\n|switch|p1a: Samurott|Samurott-Hisui, M, shiny|100\/100\n|turn|11\n|\n|t:|1699643285\n|move|p1a: Samurott|Aqua Jet|p2a: Xurkitree\n|-damage|p2a: Xurkitree|0 fnt\n|faint|p2a: Xurkitree\n|\n|upkeep\n|\n|t:|1699643299\n|switch|p2a: Serperior|Serperior, M|100\/100\n|-damage|p2a: Serperior|88\/100|[from] Stealth Rock\n|-damage|p2a: Serperior|72\/100|[from] Spikes\n|turn|12\n|\n|t:|1699643307\n|move|p2a: Serperior|Leaf Storm|p1a: Samurott\n|-supereffective|p1a: Samurott\n|-damage|p1a: Samurott|0 fnt\n|-boost|p2a: Serperior|spa|2\n|faint|p1a: Samurott\n|\n|-heal|p2a: Serperior|78\/100|[from] Grassy Terrain\n|-heal|p2a: Serperior|84\/100|[from] item: Leftovers\n|upkeep\n|\n|t:|1699643322\n|switch|p1a: Charizard|Charizard, F, shiny|100\/100\n|turn|13\n|\n|t:|1699643328\n|detailschange|p1a: Charizard|Charizard-Mega-Y, F, shiny\n|-mega|p1a: Charizard|Charizard|Charizardite Y\n|-weather|SunnyDay|[from] ability: Drought|[of] p1a: Charizard\n|move|p2a: Serperior|Dragon Pulse|p1a: Charizard\n|-damage|p1a: Charizard|58\/100\n|move|p1a: Charizard|Flamethrower|p2a: Serperior\n|-supereffective|p2a: Serperior\n|-damage|p2a: Serperior|0 fnt\n|faint|p2a: Serperior\n|\n|-weather|SunnyDay|[upkeep]\n|-fieldend|move: Grassy Terrain\n|upkeep\n|\n|t:|1699643335\n|switch|p2a: Darmanitan|Darmanitan, M|100\/100\n|-damage|p2a: Darmanitan|75\/100|[from] Stealth Rock\n|-damage|p2a: Darmanitan|59\/100|[from] Spikes\n|turn|14\n|\n|t:|1699643342\n|move|p2a: Darmanitan|Flare Blitz|p1a: Charizard\n|-resisted|p1a: Charizard\n|-damage|p1a: Charizard|0 fnt\n|faint|p1a: Charizard\n|-damage|p2a: Darmanitan|43\/100|[from] Recoil\n|\n|-weather|SunnyDay|[upkeep]\n|upkeep\n|\n|t:|1699643348\n|switch|p1a: Ogerpon|Ogerpon-Wellspring, F|100\/100\n|turn|15\n|\n|t:|1699643352\n|-terastallize|p2a: Darmanitan|Fire\n|-terastallize|p1a: Ogerpon|Water\n|detailschange|p1a: Ogerpon|Ogerpon-Wellspring-Tera, F, tera:Water\n|-ability|p1a: Ogerpon|Embody Aspect (Wellspring)|boost\n|-boost|p1a: Ogerpon|spd|1\n|move|p2a: Darmanitan|Flare Blitz|p1a: Ogerpon\n|-resisted|p1a: Ogerpon\n|-damage|p1a: Ogerpon|0 fnt\n|faint|p1a: Ogerpon\n|-damage|p2a: Darmanitan|15\/100|[from] Recoil\n|\n|win|221savage\n|raw|Calebthegoat7347's rating: 1291 &rarr; <strong>1273<\/strong><br \/>(-18 for losing)\n|raw|221savage's rating: 1384 &rarr; <strong>1399<\/strong><br \/>(+15 for winning)\n|l|\u2606Calebthegoat7347\n","uploadtime":1699643366,"views":4,"p1id":"calebthegoat7347","p2id":"221savage","formatid":"gen9nationaldex","rating":1273,"private":0,"password":""}