{"id":"gen9nationaldex-1998029928","p1":"treeshhhh","p2":"SrPorquet","format":"[Gen 9] National Dex","log":"|html|<div class=\"broadcast-blue\"><strong>[Gen 9] National Dex is currently suspecting Sneasler! For information on how to participate check out the <a href=\"https:\/\/www.smogon.com\/forums\/threads\/sv-national-dex-suspect-8-just-dance.3731534\/\">suspect thread<\/a>.<\/strong><\/div>\n|j|\u2606treeshhhh\n|j|\u203dSrPorquet\n|t:|1700881090\n|gametype|singles\n|player|p1|treeshhhh|lucas|1267\n|player|p2|SrPorquet|falkner|1229\n|teamsize|p1|6\n|teamsize|p2|6\n|gen|9\n|tier|[Gen 9] National Dex\n|rated|\n|rule|HP Percentage Mod: HP is shown in percentages\n|rule|Endless Battle Clause: Forcing endless battles is banned\n|rule|OHKO Clause: OHKO moves are banned\n|rule|Evasion Clause: Evasion abilities, items, and moves are banned\n|rule|Evasion Abilities Clause: Evasion abilities are banned\n|rule|Evasion Items Clause: Evasion items are banned\n|rule|Evasion Moves Clause: Evasion moves are banned\n|rule|Species Clause: Limit one of each Pok\u00e9mon\n|rule|Sleep Clause Mod: Limit one foe put to sleep\n|clearpoke\n|poke|p1|Steelix, F|\n|poke|p1|Tyranitar, M|\n|poke|p1|Rillaboom, M|\n|poke|p1|Sneasler, F|\n|poke|p1|Rotom-Wash|\n|poke|p1|Kartana|\n|poke|p2|Goodra-Hisui, M|\n|poke|p2|Wyrdeer, M|\n|poke|p2|Leavanny, F|\n|poke|p2|Avalugg, M|\n|poke|p2|Togekiss, M|\n|poke|p2|Floatzel, M|\n|teampreview\n|c|\u2606treeshhhh|wydeer has sprite nice\n|\n|t:|1700881115\n|start\n|switch|p1a: Rotom|Rotom-Wash|100\/100\n|switch|p2a: Leavanny|Leavanny, F|100\/100\n|turn|1\n|\n|t:|1700881121\n|move|p2a: Leavanny|Leaf Blade|p1a: Rotom\n|-supereffective|p1a: Rotom\n|-crit|p1a: Rotom\n|-damage|p1a: Rotom|7\/100\n|move|p1a: Rotom|Thunder Wave|p2a: Leavanny\n|-status|p2a: Leavanny|par\n|\n|upkeep\n|turn|2\n|\n|t:|1700881126\n|move|p1a: Rotom|Volt Switch|p2a: Leavanny\n|-resisted|p2a: Leavanny\n|-damage|p2a: Leavanny|84\/100 par\n|\n|t:|1700881132\n|switch|p1a: Rillaboom|Rillaboom, M|100\/100|[from] Volt Switch\n|-fieldstart|move: Grassy Terrain|[from] ability: Grassy Surge|[of] p1a: Rillaboom\n|cant|p2a: Leavanny|par\n|\n|-heal|p2a: Leavanny|90\/100 par|[from] Grassy Terrain\n|upkeep\n|turn|3\n|\n|t:|1700881140\n|move|p1a: Rillaboom|U-turn|p2a: Leavanny\n|-supereffective|p2a: Leavanny\n|-damage|p2a: Leavanny|0 fnt\n|faint|p2a: Leavanny\n|\n|t:|1700881164\n|switch|p1a: Sneasler|Sneasler, F|100\/100|[from] U-turn\n|-enditem|p1a: Sneasler|Grassy Seed\n|-boost|p1a: Sneasler|def|1|[from] item: Grassy Seed\n|\n|upkeep\n|\n|t:|1700881177\n|switch|p2a: Wyrdeer|Wyrdeer, M|100\/100\n|-ability|p2a: Wyrdeer|Intimidate|boost\n|-unboost|p1a: Sneasler|atk|1\n|turn|4\n|\n|t:|1700881183\n|move|p1a: Sneasler|Dire Claw|p2a: Wyrdeer\n|-damage|p2a: Wyrdeer|62\/100\n|move|p2a: Wyrdeer|Zen Headbutt|p1a: Sneasler\n|-supereffective|p1a: Sneasler\n|-damage|p1a: Sneasler|0 fnt\n|faint|p1a: Sneasler\n|\n|-heal|p2a: Wyrdeer|68\/100|[from] Grassy Terrain\n|upkeep\n|\n|t:|1700881189\n|switch|p1a: yink|Steelix, F|100\/100\n|turn|5\n|\n|t:|1700881194\n|switch|p2a: Floatzel|Floatzel, M|100\/100\n|detailschange|p1a: yink|Steelix-Mega, F\n|-mega|p1a: yink|Steelix|Steelixite\n|move|p1a: yink|Iron Defense|p1a: yink\n|-boost|p1a: yink|def|2\n|\n|upkeep\n|turn|6\n|\n|t:|1700881201\n|move|p2a: Floatzel|Wave Crash|p1a: yink\n|-supereffective|p1a: yink\n|-damage|p1a: yink|64\/100\n|-damage|p2a: Floatzel|88\/100|[from] Recoil\n|-damage|p2a: Floatzel|78\/100|[from] item: Life Orb\n|move|p1a: yink|Body Press|p2a: Floatzel\n|-damage|p2a: Floatzel|0 fnt\n|faint|p2a: Floatzel\n|\n|-heal|p1a: yink|70\/100|[from] Grassy Terrain\n|-fieldend|move: Grassy Terrain\n|upkeep\n|\n|t:|1700881209\n|switch|p2a: Togekiss|Togekiss, M|100\/100\n|turn|7\n|\n|t:|1700881217\n|-terastallize|p2a: Togekiss|Steel\n|move|p2a: Togekiss|Aura Sphere|p1a: yink\n|-supereffective|p1a: yink\n|-damage|p1a: yink|18\/100\n|move|p1a: yink|Rock Polish|p1a: yink\n|-boost|p1a: yink|spe|2\n|\n|upkeep\n|turn|8\n|\n|t:|1700881226\n|move|p1a: yink|Body Press|p2a: Togekiss\n|-supereffective|p2a: Togekiss\n|-damage|p2a: Togekiss|0 fnt\n|faint|p2a: Togekiss\n|\n|upkeep\n|\n|t:|1700881231\n|switch|p2a: Avalugg|Avalugg, M|100\/100\n|turn|9\n|\n|t:|1700881234\n|move|p1a: yink|Body Press|p2a: Avalugg\n|-supereffective|p2a: Avalugg\n|-damage|p2a: Avalugg|24\/100\n|-damage|p1a: yink|1\/100|[from] item: Rocky Helmet|[of] p2a: Avalugg\n|move|p2a: Avalugg|Earthquake|p1a: yink\n|-supereffective|p1a: yink\n|-damage|p1a: yink|0 fnt\n|faint|p1a: yink\n|\n|upkeep\n|\n|t:|1700881244\n|switch|p1a: Rillaboom|Rillaboom, M|100\/100\n|-fieldstart|move: Grassy Terrain|[from] ability: Grassy Surge|[of] p1a: Rillaboom\n|turn|10\n|\n|t:|1700881255\n|move|p1a: Rillaboom|Wood Hammer|p2a: Avalugg\n|-damage|p2a: Avalugg|0 fnt\n|-damage|p1a: Rillaboom|84\/100|[from] item: Rocky Helmet|[of] p2a: Avalugg\n|faint|p2a: Avalugg\n|-damage|p1a: Rillaboom|75\/100|[from] Recoil\n|\n|-heal|p1a: Rillaboom|81\/100|[from] Grassy Terrain\n|upkeep\n|\n|t:|1700881258\n|switch|p2a: Goodra|Goodra-Hisui, M|100\/100\n|turn|11\n|j| RedChashmah\n|\n|t:|1700881269\n|switch|p1a: Rotom|Rotom-Wash|7\/100\n|move|p2a: Goodra|Dragon Pulse|p1a: Rotom\n|-damage|p1a: Rotom|0 fnt\n|faint|p1a: Rotom\n|\n|upkeep\n|\n|t:|1700881273\n|switch|p1a: Kartana|Kartana|100\/100\n|turn|12\n|\n|t:|1700881277\n|move|p1a: Kartana|Sacred Sword|p2a: Goodra\n|-supereffective|p2a: Goodra\n|-damage|p2a: Goodra|31\/100\n|-ability|p2a: Goodra|Gooey\n|-unboost|p1a: Kartana|spe|1\n|move|p2a: Goodra|Fire Blast|p1a: Kartana\n|-supereffective|p1a: Kartana\n|-damage|p1a: Kartana|0 fnt\n|faint|p1a: Kartana\n|\n|-heal|p2a: Goodra|37\/100|[from] Grassy Terrain\n|-heal|p2a: Goodra|43\/100|[from] item: Leftovers\n|upkeep\n|\n|t:|1700881285\n|switch|p1a: Tyranitar|Tyranitar, M|100\/100\n|-weather|Sandstorm|[from] ability: Sand Stream|[of] p1a: Tyranitar\n|turn|13\n|\n|t:|1700881289\n|move|p1a: Tyranitar|Knock Off|p2a: Goodra\n|-damage|p2a: Goodra|0 fnt\n|-ability|p2a: Goodra|Gooey\n|-unboost|p1a: Tyranitar|spe|1\n|-enditem|p2a: Goodra|Leftovers|[from] move: Knock Off|[of] p1a: Tyranitar\n|faint|p2a: Goodra\n|\n|-weather|Sandstorm|[upkeep]\n|upkeep\n|\n|t:|1700881291\n|switch|p2a: Wyrdeer|Wyrdeer, M|68\/100\n|-ability|p2a: Wyrdeer|Intimidate|boost\n|-unboost|p1a: Tyranitar|atk|1\n|turn|14\n|inactive|Battle timer is ON: inactive players will automatically lose when time's up. (requested by treeshhhh)\n|inactive|SrPorquet has 120 seconds left.\n|inactive|SrPorquet has 90 seconds left.\n|inactive|SrPorquet has 60 seconds left.\n|inactive|SrPorquet has 30 seconds left.\n|inactive|SrPorquet has 20 seconds left.\n|inactive|SrPorquet has 15 seconds left.\n|inactive|SrPorquet has 10 seconds left.\n|inactive|SrPorquet has 5 seconds left.\n|-message|SrPorquet lost due to inactivity.\n|\n|win|treeshhhh\n|raw|treeshhhh's rating: 1287 &rarr; <strong>1307<\/strong><br \/>(+20 for winning)\n|raw|SrPorquet's rating: 1221 &rarr; <strong>1201<\/strong><br \/>(-20 for losing)\n|l| RedChashmah\n","uploadtime":1700881594,"views":1,"p1id":"treeshhhh","p2id":"srporquet","formatid":"gen9nationaldex","rating":1201,"private":0,"password":""}