{"id":"gen9nationaldex-1996896269","p1":"minipokeneuron","p2":"poly gone zee","format":"[Gen 9] National Dex","log":"|html|<div class=\"broadcast-blue\"><strong>[Gen 9] National Dex is currently suspecting Sneasler! For information on how to participate check out the <a href=\"https:\/\/www.smogon.com\/forums\/threads\/sv-national-dex-suspect-8-just-dance.3731534\/\">suspect thread<\/a>.<\/strong><\/div>\n|j|\u2606minipokeneuron\n|j|\u2606poly gone zee\n|t:|1700741766\n|gametype|singles\n|player|p1|minipokeneuron|101|1570\n|player|p2|poly gone zee|preschooler|1467\n|teamsize|p1|6\n|teamsize|p2|6\n|gen|9\n|tier|[Gen 9] National Dex\n|rated|\n|rule|HP Percentage Mod: HP is shown in percentages\n|rule|Endless Battle Clause: Forcing endless battles is banned\n|rule|OHKO Clause: OHKO moves are banned\n|rule|Evasion Clause: Evasion abilities, items, and moves are banned\n|rule|Evasion Abilities Clause: Evasion abilities are banned\n|rule|Evasion Items Clause: Evasion items are banned\n|rule|Evasion Moves Clause: Evasion moves are banned\n|rule|Species Clause: Limit one of each Pok\u00e9mon\n|rule|Sleep Clause Mod: Limit one foe put to sleep\n|clearpoke\n|poke|p1|Medicham, F|\n|poke|p1|Samurott-Hisui, M|\n|poke|p1|Ursaluna, M|\n|poke|p1|Alomomola, F|\n|poke|p1|Moltres|\n|poke|p1|Swellow, M|\n|poke|p2|Rotom-Wash|\n|poke|p2|Iron Valiant|\n|poke|p2|Ferrothorn, F|\n|poke|p2|Charizard, F|\n|poke|p2|Slowking-Galar, M|\n|poke|p2|Ursaluna, M|\n|teampreview\n|inactive|Battle timer is ON: inactive players will automatically lose when time's up. (requested by poly gone zee)\n|\n|t:|1700741786\n|start\n|switch|p1a: Ursaluna|Ursaluna, M|100\/100\n|switch|p2a: Ferrothorn|Ferrothorn, F|100\/100\n|turn|1\n|\n|t:|1700741791\n|move|p1a: Ursaluna|Fire Punch|p2a: Ferrothorn\n|-supereffective|p2a: Ferrothorn\n|-damage|p2a: Ferrothorn|41\/100\n|-damage|p1a: Ursaluna|88\/100|[from] ability: Iron Barbs|[of] p2a: Ferrothorn\n|-damage|p1a: Ursaluna|72\/100|[from] item: Rocky Helmet|[of] p2a: Ferrothorn\n|move|p2a: Ferrothorn|Power Whip|p1a: Ursaluna\n|-supereffective|p1a: Ursaluna\n|-damage|p1a: Ursaluna|0 fnt\n|faint|p1a: Ursaluna\n|\n|upkeep\n|\n|t:|1700741802\n|switch|p1a: Moltres|Moltres|100\/100\n|turn|2\n|\n|t:|1700741808\n|switch|p2a: Rotom|Rotom-Wash|100\/100\n|move|p1a: Moltres|U-turn|p2a: Rotom\n|-damage|p2a: Rotom|86\/100\n|\n|t:|1700741813\n|switch|p1a: Samurott|Samurott-Hisui, M, shiny|100\/100|[from] U-turn\n|\n|upkeep\n|turn|3\n|\n|t:|1700741818\n|move|p1a: Samurott|Ceaseless Edge|p2a: Rotom\n|-damage|p2a: Rotom|40\/100\n|-sidestart|p2: poly gone zee|Spikes\n|move|p2a: Rotom|Thunder Wave|p1a: Samurott\n|-status|p1a: Samurott|par\n|\n|upkeep\n|turn|4\n|\n|t:|1700741825\n|move|p2a: Rotom|Volt Switch|p1a: Samurott\n|-supereffective|p1a: Samurott\n|-damage|p1a: Samurott|16\/100 par\n|\n|t:|1700741827\n|switch|p2a: Ferrothorn|Ferrothorn, F|41\/100|[from] Volt Switch\n|-damage|p2a: Ferrothorn|29\/100|[from] Spikes\n|cant|p1a: Samurott|par\n|\n|upkeep\n|turn|5\n|\n|t:|1700741834\n|cant|p1a: Samurott|par\n|move|p2a: Ferrothorn|Stealth Rock|p1a: Samurott\n|-sidestart|p1: minipokeneuron|move: Stealth Rock\n|\n|upkeep\n|turn|6\n|\n|t:|1700741839\n|move|p1a: Samurott|Sacred Sword|p2a: Ferrothorn\n|-supereffective|p2a: Ferrothorn\n|-damage|p2a: Ferrothorn|0 fnt\n|-damage|p1a: Samurott|4\/100 par|[from] ability: Iron Barbs|[of] p2a: Ferrothorn\n|-damage|p1a: Samurott|0 fnt|[from] item: Rocky Helmet|[of] p2a: Ferrothorn\n|faint|p2a: Ferrothorn\n|faint|p1a: Samurott\n|\n|upkeep\n|\n|t:|1700741852\n|switch|p1a: Medicham|Medicham, F|100\/100\n|switch|p2a: Rotom|Rotom-Wash|40\/100\n|-damage|p1a: Medicham|94\/100|[from] Stealth Rock\n|turn|7\n|\n|t:|1700741864\n|detailschange|p1a: Medicham|Medicham-Mega, F\n|-mega|p1a: Medicham|Medicham|Medichamite\n|move|p1a: Medicham|Zen Headbutt|p2a: Rotom\n|-damage|p2a: Rotom|0 fnt\n|faint|p2a: Rotom\n|\n|upkeep\n|\n|t:|1700741873\n|switch|p2a: Iron Valiant|Iron Valiant|100\/100\n|-damage|p2a: Iron Valiant|88\/100|[from] Spikes\n|-enditem|p2a: Iron Valiant|Booster Energy\n|-activate|p2a: Iron Valiant|ability: Quark Drive|[fromitem]\n|-start|p2a: Iron Valiant|quarkdrivespe\n|turn|8\n|\n|t:|1700741884\n|switch|p1a: Moltres|Moltres|100\/100\n|move|p2a: Iron Valiant|Moonblast|p1a: Moltres\n|-resisted|p1a: Moltres\n|-damage|p1a: Moltres|76\/100\n|\n|upkeep\n|turn|9\n|\n|t:|1700741893\n|move|p2a: Iron Valiant|Calm Mind|p2a: Iron Valiant\n|-boost|p2a: Iron Valiant|spa|1\n|-boost|p2a: Iron Valiant|spd|1\n|move|p1a: Moltres|Burn Up|p2a: Iron Valiant\n|-damage|p2a: Iron Valiant|26\/100\n|-start|p1a: Moltres|typechange|???\/Flying|[from] move: Burn Up\n|\n|upkeep\n|turn|10\n|\n|t:|1700741903\n|switch|p1a: Alomomola|Alomomola, F|100\/100\n|-damage|p1a: Alomomola|88\/100|[from] Stealth Rock\n|move|p2a: Iron Valiant|Psyshock|p1a: Alomomola\n|-damage|p1a: Alomomola|67\/100\n|\n|upkeep\n|turn|11\n|\n|t:|1700741912\n|move|p2a: Iron Valiant|Moonblast|p1a: Alomomola\n|-damage|p1a: Alomomola|0 fnt\n|faint|p1a: Alomomola\n|\n|upkeep\n|\n|t:|1700741916\n|switch|p1a: Medicham|Medicham-Mega, F|94\/100\n|-damage|p1a: Medicham|88\/100|[from] Stealth Rock\n|turn|12\n|\n|t:|1700741921\n|move|p1a: Medicham|Fake Out|p2a: Iron Valiant\n|-damage|p2a: Iron Valiant|0 fnt\n|faint|p2a: Iron Valiant\n|-end|p2a: Iron Valiant|Quark Drive|[silent]\n|\n|upkeep\n|\n|t:|1700741926\n|switch|p2a: Charizard|Charizard, F|100\/100\n|turn|13\n|\n|t:|1700741933\n|detailschange|p2a: Charizard|Charizard-Mega-Y, F\n|-mega|p2a: Charizard|Charizard|Charizardite Y\n|-weather|SunnyDay|[from] ability: Drought|[of] p2a: Charizard\n|move|p1a: Medicham|Zen Headbutt|p2a: Charizard\n|-damage|p2a: Charizard|9\/100\n|move|p2a: Charizard|Air Slash|p1a: Medicham\n|-supereffective|p1a: Medicham\n|-damage|p1a: Medicham|0 fnt\n|faint|p1a: Medicham\n|\n|-weather|SunnyDay|[upkeep]\n|upkeep\n|\n|t:|1700741943\n|switch|p1a: Swellow|Swellow, M|100\/100\n|-damage|p1a: Swellow|76\/100|[from] Stealth Rock\n|turn|14\n|\n|t:|1700741948\n|switch|p2a: Slowking|Slowking-Galar, M|100\/100\n|-damage|p2a: Slowking|88\/100|[from] Spikes\n|-terastallize|p1a: Swellow|Normal\n|move|p1a: Swellow|Boomburst|p2a: Slowking\n|-damage|p2a: Slowking|16\/100\n|\n|-weather|SunnyDay|[upkeep]\n|-heal|p2a: Slowking|22\/100|[from] item: Leftovers\n|upkeep\n|turn|15\n|\n|t:|1700741954\n|move|p1a: Swellow|Boomburst|p2a: Slowking\n|-damage|p2a: Slowking|0 fnt\n|faint|p2a: Slowking\n|\n|-weather|SunnyDay|[upkeep]\n|upkeep\n|\n|t:|1700741961\n|switch|p2a: Ursaluna|Ursaluna, M|100\/100\n|-damage|p2a: Ursaluna|88\/100|[from] Spikes\n|turn|16\n|\n|t:|1700741965\n|switch|p1a: Moltres|Moltres|76\/100\n|move|p2a: Ursaluna|Drain Punch|p1a: Moltres\n|-resisted|p1a: Moltres\n|-damage|p1a: Moltres|67\/100\n|-heal|p2a: Ursaluna|92\/100|[from] drain|[of] p1a: Moltres\n|\n|-weather|SunnyDay|[upkeep]\n|-status|p2a: Ursaluna|brn|[from] item: Flame Orb\n|upkeep\n|turn|17\n|\n|t:|1700741974\n|move|p1a: Moltres|Burn Up|p2a: Ursaluna\n|-damage|p2a: Ursaluna|23\/100 brn\n|-start|p1a: Moltres|typechange|???\/Flying|[from] move: Burn Up\n|move|p2a: Ursaluna|Facade|p1a: Moltres\n|-damage|p1a: Moltres|0 fnt\n|faint|p1a: Moltres\n|\n|-weather|none\n|-damage|p2a: Ursaluna|17\/100 brn|[from] brn\n|upkeep\n|\n|t:|1700741981\n|switch|p1a: Swellow|Swellow, M, tera:Normal|76\/100\n|-damage|p1a: Swellow|63\/100|[from] Stealth Rock\n|turn|18\n|\n|t:|1700741985\n|move|p1a: Swellow|Boomburst|p2a: Ursaluna\n|-damage|p2a: Ursaluna|0 fnt\n|faint|p2a: Ursaluna\n|\n|upkeep\n|\n|t:|1700741986\n|switch|p2a: Charizard|Charizard-Mega-Y, F|9\/100\n|-weather|SunnyDay|[from] ability: Drought|[of] p2a: Charizard\n|turn|19\n|l|\u2606minipokeneuron\n|inactive|minipokeneuron disconnected and has a minute to reconnect!\n|player|p1|\n|j|\u2606minipokeneuron\n|inactive|minipokeneuron reconnected and has 135 seconds left.\n|player|p1|minipokeneuron|101\n|\n|t:|1700742005\n|move|p1a: Swellow|Boomburst|p2a: Charizard\n|-damage|p2a: Charizard|0 fnt\n|faint|p2a: Charizard\n|\n|win|minipokeneuron\n|raw|minipokeneuron's rating: 1570 &rarr; <strong>1584<\/strong><br \/>(+14 for winning)\n|raw|poly gone zee's rating: 1467 &rarr; <strong>1453<\/strong><br \/>(-14 for losing)\n|l|\u2606poly gone zee\n","uploadtime":1700742010,"views":1,"p1id":"minipokeneuron","p2id":"polygonezee","formatid":"gen9nationaldex","rating":1453,"private":0,"password":""}