{"id":"gen9nationaldex-1988780825","p1":"Chrisstan","p2":"The Isiah","format":"[Gen 9] National Dex","log":"|j|\u2606Chrisstan\n|j|\u2606The Isiah\n|t:|1699762260\n|gametype|singles\n|player|p1|Chrisstan|169|1244\n|player|p2|The Isiah|170|1231\n|teamsize|p1|6\n|teamsize|p2|6\n|gen|9\n|tier|[Gen 9] National Dex\n|rated|\n|rule|HP Percentage Mod: HP is shown in percentages\n|rule|Endless Battle Clause: Forcing endless battles is banned\n|rule|OHKO Clause: OHKO moves are banned\n|rule|Evasion Clause: Evasion abilities, items, and moves are banned\n|rule|Evasion Abilities Clause: Evasion abilities are banned\n|rule|Evasion Items Clause: Evasion items are banned\n|rule|Evasion Moves Clause: Evasion moves are banned\n|rule|Species Clause: Limit one of each Pok\u00e9mon\n|rule|Sleep Clause Mod: Limit one foe put to sleep\n|clearpoke\n|poke|p1|Charizard, M|\n|poke|p1|Serperior, F|\n|poke|p1|Tyranitar, M|\n|poke|p1|Great Tusk|\n|poke|p1|Doublade, M|\n|poke|p1|Alomomola, M|\n|poke|p2|Gliscor, M|\n|poke|p2|Diancie|\n|poke|p2|Sneasler, M|\n|poke|p2|Rillaboom, F|\n|poke|p2|Volcarona, M|\n|poke|p2|Great Tusk|\n|teampreview\n|inactive|Battle timer is ON: inactive players will automatically lose when time's up. (requested by The Isiah)\n|\n|t:|1699762274\n|start\n|switch|p1a: Tyranitar|Tyranitar, M|100\/100\n|switch|p2a: Rillaboom|Rillaboom, F|100\/100\n|-fieldstart|move: Grassy Terrain|[from] ability: Grassy Surge|[of] p2a: Rillaboom\n|-weather|Sandstorm|[from] ability: Sand Stream|[of] p1a: Tyranitar\n|turn|1\n|\n|t:|1699762283\n|move|p2a: Rillaboom|U-turn|p1a: Tyranitar\n|-supereffective|p1a: Tyranitar\n|-damage|p1a: Tyranitar|47\/100\n|\n|t:|1699762287\n|switch|p2a: Diancie|Diancie|100\/100|[from] U-turn\n|move|p1a: Tyranitar|Ice Beam|p2a: Diancie\n|-damage|p2a: Diancie|82\/100\n|\n|-weather|Sandstorm|[upkeep]\n|-heal|p2a: Diancie|88\/100|[from] Grassy Terrain\n|-heal|p1a: Tyranitar|53\/100|[from] Grassy Terrain\n|upkeep\n|turn|2\n|\n|t:|1699762302\n|switch|p1a: Alomomola|Alomomola, M, shiny|100\/100\n|detailschange|p2a: Diancie|Diancie-Mega\n|-mega|p2a: Diancie|Diancie|Diancite\n|move|p2a: Diancie|Diamond Storm|p1a: Alomomola\n|-damage|p1a: Alomomola|69\/100\n|-boost|p2a: Diancie|def|2\n|\n|-weather|Sandstorm|[upkeep]\n|-damage|p1a: Alomomola|63\/100|[from] Sandstorm\n|-heal|p2a: Diancie|94\/100|[from] Grassy Terrain\n|-heal|p1a: Alomomola|69\/100|[from] Grassy Terrain\n|upkeep\n|turn|3\n|\n|t:|1699762324\n|switch|p2a: Rillaboom|Rillaboom, F|100\/100\n|move|p1a: Alomomola|Wish|p1a: Alomomola\n|\n|-weather|Sandstorm|[upkeep]\n|-damage|p2a: Rillaboom|94\/100|[from] Sandstorm\n|-damage|p1a: Alomomola|63\/100|[from] Sandstorm\n|-heal|p2a: Rillaboom|100\/100|[from] Grassy Terrain\n|-heal|p1a: Alomomola|69\/100|[from] Grassy Terrain\n|upkeep\n|turn|4\n|\n|t:|1699762347\n|switch|p1a: Doublade|Doublade, M|100\/100\n|move|p2a: Rillaboom|U-turn|p1a: Doublade\n|-resisted|p1a: Doublade\n|-damage|p1a: Doublade|96\/100\n|\n|t:|1699762355\n|switch|p2a: Volcarona|Volcarona, M|100\/100|[from] U-turn\n|\n|-weather|Sandstorm|[upkeep]\n|-damage|p2a: Volcarona|94\/100|[from] Sandstorm\n|-heal|p1a: Doublade|100\/100|[from] move: Wish|[wisher] Alomomola\n|-heal|p2a: Volcarona|100\/100|[from] Grassy Terrain\n|upkeep\n|turn|5\n|inactive|Chrisstan has 120 seconds left.\n|\n|t:|1699762375\n|switch|p1a: Tyranitar|Tyranitar, M|53\/100\n|move|p2a: Volcarona|Quiver Dance|p2a: Volcarona\n|-boost|p2a: Volcarona|spa|1\n|-boost|p2a: Volcarona|spd|1\n|-boost|p2a: Volcarona|spe|1\n|\n|-weather|none\n|-heal|p1a: Tyranitar|59\/100|[from] Grassy Terrain\n|-fieldend|move: Grassy Terrain\n|upkeep\n|turn|6\n|inactive|Chrisstan has 120 seconds left.\n|\n|t:|1699762403\n|move|p2a: Volcarona|Bug Buzz|p1a: Tyranitar\n|-supereffective|p1a: Tyranitar\n|-damage|p1a: Tyranitar|0 fnt\n|faint|p1a: Tyranitar\n|\n|upkeep\n|\n|t:|1699762407\n|switch|p1a: Alomomola|Alomomola, M, shiny|100\/100\n|turn|7\n|\n|t:|1699762411\n|move|p2a: Volcarona|Quiver Dance|p2a: Volcarona\n|-boost|p2a: Volcarona|spa|1\n|-boost|p2a: Volcarona|spd|1\n|-boost|p2a: Volcarona|spe|1\n|move|p1a: Alomomola|Flip Turn|p2a: Volcarona\n|-supereffective|p2a: Volcarona\n|-damage|p2a: Volcarona|62\/100\n|inactive|Chrisstan has 120 seconds left.\n|\n|t:|1699762418\n|switch|p1a: Serperior|Serperior, F|100\/100|[from] Flip Turn\n|\n|upkeep\n|turn|8\n|\n|t:|1699762424\n|-terastallize|p1a: Serperior|Fire\n|move|p2a: Volcarona|Fiery Dance|p1a: Serperior\n|-resisted|p1a: Serperior\n|-damage|p1a: Serperior|48\/100\n|move|p1a: Serperior|Glare|p2a: Volcarona\n|-status|p2a: Volcarona|par\n|\n|-heal|p1a: Serperior|54\/100|[from] item: Leftovers\n|upkeep\n|turn|9\n|\n|t:|1699762433\n|move|p1a: Serperior|Leaf Storm|p2a: Volcarona\n|-resisted|p2a: Volcarona\n|-damage|p2a: Volcarona|56\/100 par\n|-boost|p1a: Serperior|spa|2\n|cant|p2a: Volcarona|par\n|\n|-heal|p1a: Serperior|60\/100|[from] item: Leftovers\n|upkeep\n|turn|10\n|\n|t:|1699762442\n|move|p1a: Serperior|Hidden Power|p2a: Volcarona\n|-crit|p2a: Volcarona\n|-damage|p2a: Volcarona|0 fnt\n|faint|p2a: Volcarona\n|\n|-heal|p1a: Serperior|67\/100|[from] item: Leftovers\n|upkeep\n|\n|t:|1699762451\n|switch|p2a: Rillaboom|Rillaboom, F|100\/100\n|-fieldstart|move: Grassy Terrain|[from] ability: Grassy Surge|[of] p2a: Rillaboom\n|turn|11\n|\n|t:|1699762461\n|move|p2a: Rillaboom|Fake Out|p1a: Serperior\n|-damage|p1a: Serperior|42\/100\n|cant|p1a: Serperior|flinch\n|\n|-heal|p1a: Serperior|48\/100|[from] Grassy Terrain\n|-heal|p1a: Serperior|54\/100|[from] item: Leftovers\n|upkeep\n|turn|12\n|\n|t:|1699762476\n|move|p2a: Rillaboom|Fake Out||[still]\n|-hint|Fake Out only works on your first turn out.\n|-fail|p2a: Rillaboom\n|move|p1a: Serperior|Substitute|p1a: Serperior\n|-start|p1a: Serperior|Substitute\n|-damage|p1a: Serperior|29\/100\n|\n|-heal|p1a: Serperior|36\/100|[from] Grassy Terrain\n|-heal|p1a: Serperior|42\/100|[from] item: Leftovers\n|upkeep\n|turn|13\n|\n|t:|1699762485\n|move|p2a: Rillaboom|Fake Out||[still]\n|-hint|Fake Out only works on your first turn out.\n|-fail|p2a: Rillaboom\n|move|p1a: Serperior|Leaf Storm|p2a: Rillaboom\n|-resisted|p2a: Rillaboom\n|-damage|p2a: Rillaboom|20\/100\n|-boost|p1a: Serperior|spa|2\n|\n|-heal|p1a: Serperior|48\/100|[from] Grassy Terrain\n|-heal|p1a: Serperior|54\/100|[from] item: Leftovers\n|-heal|p2a: Rillaboom|27\/100|[from] Grassy Terrain\n|upkeep\n|turn|14\n|\n|t:|1699762509\n|move|p2a: Rillaboom|Fake Out||[still]\n|-hint|Fake Out only works on your first turn out.\n|-fail|p2a: Rillaboom\n|move|p1a: Serperior|Leaf Storm|p2a: Rillaboom\n|-resisted|p2a: Rillaboom\n|-damage|p2a: Rillaboom|0 fnt\n|-boost|p1a: Serperior|spa|2\n|faint|p2a: Rillaboom\n|\n|-heal|p1a: Serperior|60\/100|[from] Grassy Terrain\n|-heal|p1a: Serperior|67\/100|[from] item: Leftovers\n|upkeep\n|\n|t:|1699762523\n|switch|p2a: Sneasler|Sneasler, M|100\/100\n|-enditem|p2a: Sneasler|Grassy Seed\n|-boost|p2a: Sneasler|def|1|[from] item: Grassy Seed\n|turn|15\n|\n|t:|1699762545\n|-terastallize|p2a: Sneasler|Flying\n|move|p2a: Sneasler|Acrobatics|p1a: Serperior\n|-end|p1a: Serperior|Substitute\n|move|p1a: Serperior|Hidden Power|p2a: Sneasler\n|-damage|p2a: Sneasler|0 fnt\n|faint|p2a: Sneasler\n|\n|-heal|p1a: Serperior|73\/100|[from] Grassy Terrain\n|-heal|p1a: Serperior|79\/100|[from] item: Leftovers\n|-fieldend|move: Grassy Terrain\n|upkeep\n|\n|t:|1699762556\n|switch|p2a: Diancie|Diancie-Mega|94\/100\n|turn|16\n|\n|t:|1699762568\n|move|p1a: Serperior|Leaf Storm|p2a: Diancie\n|-supereffective|p2a: Diancie\n|-damage|p2a: Diancie|0 fnt\n|faint|p2a: Diancie\n|\n|-heal|p1a: Serperior|85\/100|[from] item: Leftovers\n|upkeep\n|-message|The Isiah forfeited.\n|\n|win|Chrisstan\n|raw|Chrisstan's rating: 1244 &rarr; <strong>1268<\/strong><br \/>(+24 for winning)\n|raw|The Isiah's rating: 1231 &rarr; <strong>1207<\/strong><br \/>(-24 for losing)\n|l|\u2606The Isiah\n","uploadtime":1699762577,"views":4,"p1id":"chrisstan","p2id":"theisiah","formatid":"gen9nationaldex","rating":1207,"private":0,"password":""}