{"id":"gen9nationaldex-1995996243","p1":"busjla","p2":"FlyingSudowoodo","format":"[Gen 9] National Dex","log":"|html|<div class=\"broadcast-blue\"><strong>[Gen 9] National Dex is currently suspecting Sneasler! For information on how to participate check out the <a href=\"https:\/\/www.smogon.com\/forums\/threads\/sv-national-dex-suspect-8-just-dance.3731534\/\">suspect thread<\/a>.<\/strong><\/div>\n|j|\u2606busjla\n|j|\u2606FlyingSudowoodo\n|t:|1700626934\n|gametype|singles\n|player|p1|busjla|fisherman-gen4|1473\n|player|p2|FlyingSudowoodo|brock|1419\n|teamsize|p1|6\n|teamsize|p2|6\n|gen|9\n|tier|[Gen 9] National Dex\n|rated|\n|rule|HP Percentage Mod: HP is shown in percentages\n|rule|Endless Battle Clause: Forcing endless battles is banned\n|rule|OHKO Clause: OHKO moves are banned\n|rule|Evasion Clause: Evasion abilities, items, and moves are banned\n|rule|Evasion Abilities Clause: Evasion abilities are banned\n|rule|Evasion Items Clause: Evasion items are banned\n|rule|Evasion Moves Clause: Evasion moves are banned\n|rule|Species Clause: Limit one of each Pok\u00e9mon\n|rule|Sleep Clause Mod: Limit one foe put to sleep\n|clearpoke\n|poke|p1|Garchomp, F|\n|poke|p1|Ferrothorn, F|\n|poke|p1|Lopunny, F|\n|poke|p1|Moltres|\n|poke|p1|Slowking-Galar, F|\n|poke|p1|Kyurem|\n|poke|p2|Volcarona, M|\n|poke|p2|Ferrothorn, M|\n|poke|p2|Zapdos|\n|poke|p2|Scizor, M|\n|poke|p2|Urshifu-*, F|\n|poke|p2|Heatran, F|\n|teampreview\n|inactive|Battle timer is ON: inactive players will automatically lose when time's up. (requested by FlyingSudowoodo)\n|\n|t:|1700626966\n|start\n|switch|p1a: Garchomp|Garchomp, F|100\/100\n|switch|p2a: Heatran|Heatran, F|100\/100\n|turn|1\n|\n|t:|1700626973\n|move|p2a: Heatran|Protect|p2a: Heatran\n|-singleturn|p2a: Heatran|Protect\n|move|p1a: Garchomp|Stealth Rock|p2a: Heatran\n|-sidestart|p2: FlyingSudowoodo|move: Stealth Rock\n|\n|upkeep\n|turn|2\n|\n|t:|1700626983\n|-terastallize|p2a: Heatran|Grass\n|move|p1a: Garchomp|Swords Dance|p1a: Garchomp\n|-boost|p1a: Garchomp|atk|2\n|move|p2a: Heatran|Toxic|p1a: Garchomp\n|-status|p1a: Garchomp|tox\n|\n|-damage|p1a: Garchomp|94\/100 tox|[from] psn\n|upkeep\n|turn|3\n|\n|t:|1700626995\n|switch|p2a: Ferrothorn|Ferrothorn, M, shiny|100\/100\n|-damage|p2a: Ferrothorn|94\/100|[from] Stealth Rock\n|-zpower|p1a: Garchomp\n|move|p1a: Garchomp|Devastating Drake|p2a: Ferrothorn|[zeffect]\n|-resisted|p2a: Ferrothorn\n|-damage|p2a: Ferrothorn|35\/100\n|\n|-damage|p1a: Garchomp|82\/100 tox|[from] psn\n|upkeep\n|turn|4\n|\n|t:|1700627005\n|move|p1a: Garchomp|Earthquake|p2a: Ferrothorn\n|-damage|p2a: Ferrothorn|0 fnt\n|faint|p2a: Ferrothorn\n|\n|-damage|p1a: Garchomp|64\/100 tox|[from] psn\n|upkeep\n|\n|t:|1700627016\n|switch|p2a: Heatran|Heatran, F, tera:Grass|100\/100\n|-damage|p2a: Heatran|88\/100|[from] Stealth Rock\n|turn|5\n|\n|t:|1700627020\n|move|p2a: Heatran|Protect|p2a: Heatran\n|-singleturn|p2a: Heatran|Protect\n|move|p1a: Garchomp|Outrage|p2a: Heatran\n|-activate|p2a: Heatran|move: Protect\n|\n|-heal|p2a: Heatran|94\/100|[from] item: Leftovers\n|-damage|p1a: Garchomp|39\/100 tox|[from] psn\n|upkeep\n|turn|6\n|\n|t:|1700627031\n|switch|p2a: Scizor|Scizor, M|100\/100\n|-damage|p2a: Scizor|88\/100|[from] Stealth Rock\n|move|p1a: Garchomp|Outrage|p2a: Scizor\n|-resisted|p2a: Scizor\n|-damage|p2a: Scizor|28\/100\n|\n|-damage|p1a: Garchomp|8\/100 tox|[from] psn\n|upkeep\n|turn|7\n|\n|t:|1700627042\n|detailschange|p2a: Scizor|Scizor-Mega, M\n|-mega|p2a: Scizor|Scizor|Scizorite\n|move|p2a: Scizor|Bullet Punch|p1a: Garchomp\n|-damage|p1a: Garchomp|0 fnt\n|-damage|p2a: Scizor|16\/100|[from] ability: Rough Skin|[of] p1a: Garchomp\n|faint|p1a: Garchomp\n|\n|upkeep\n|\n|t:|1700627062\n|switch|p1a: Moltres|Moltres|100\/100\n|turn|8\n|\n|t:|1700627070\n|switch|p1a: Lopunny|Lopunny, F|100\/100\n|switch|p2a: Heatran|Heatran, F, tera:Grass|94\/100\n|-damage|p2a: Heatran|82\/100|[from] Stealth Rock\n|\n|-heal|p2a: Heatran|88\/100|[from] item: Leftovers\n|upkeep\n|turn|9\n|\n|t:|1700627079\n|detailschange|p1a: Lopunny|Lopunny-Mega, F\n|-mega|p1a: Lopunny|Lopunny|Lopunnite\n|move|p2a: Heatran|Protect|p2a: Heatran\n|-singleturn|p2a: Heatran|Protect\n|move|p1a: Lopunny|Fake Out|p2a: Heatran\n|-activate|p2a: Heatran|move: Protect\n|\n|-heal|p2a: Heatran|94\/100|[from] item: Leftovers\n|upkeep\n|turn|10\n|\n|t:|1700627088\n|switch|p2a: Zapdos|Zapdos, shiny|100\/100\n|-damage|p2a: Zapdos|76\/100|[from] Stealth Rock\n|move|p1a: Lopunny|Triple Axel|p2a: Zapdos|[miss]\n|-miss|p1a: Lopunny|p2a: Zapdos\n|\n|upkeep\n|turn|11\n|\n|t:|1700627103\n|switch|p1a: Ferrothorn|Ferrothorn, F|100\/100\n|switch|p2a: Volcarona|Volcarona, M|100\/100\n|\n|upkeep\n|turn|12\n|\n|t:|1700627112\n|move|p2a: Volcarona|Quiver Dance|p2a: Volcarona\n|-boost|p2a: Volcarona|spa|1\n|-boost|p2a: Volcarona|spd|1\n|-boost|p2a: Volcarona|spe|1\n|move|p1a: Ferrothorn|Thunder Wave|p2a: Volcarona\n|-status|p2a: Volcarona|par\n|\n|upkeep\n|turn|13\n|\n|t:|1700627121\n|switch|p1a: Lopunny|Lopunny-Mega, F|100\/100\n|move|p2a: Volcarona|Fiery Dance|p1a: Lopunny\n|-damage|p1a: Lopunny|31\/100\n|\n|upkeep\n|turn|14\n|\n|t:|1700627132\n|move|p1a: Lopunny|Fake Out|p2a: Volcarona\n|-damage|p2a: Volcarona|79\/100 par\n|cant|p2a: Volcarona|flinch\n|\n|upkeep\n|turn|15\n|\n|t:|1700627140\n|move|p1a: Lopunny|Close Combat|p2a: Volcarona\n|-resisted|p2a: Volcarona\n|-damage|p2a: Volcarona|47\/100 par\n|-unboost|p1a: Lopunny|def|1\n|-unboost|p1a: Lopunny|spd|1\n|-status|p1a: Lopunny|brn|[from] ability: Flame Body|[of] p2a: Volcarona\n|move|p2a: Volcarona|Fiery Dance|p1a: Lopunny\n|-damage|p1a: Lopunny|0 fnt\n|-boost|p2a: Volcarona|spa|1\n|faint|p1a: Lopunny\n|\n|upkeep\n|\n|t:|1700627162\n|switch|p1a: Kyurem|Kyurem|100\/100\n|-ability|p1a: Kyurem|Pressure\n|turn|16\n|\n|t:|1700627173\n|move|p1a: Kyurem|Earth Power|p2a: Volcarona\n|-damage|p2a: Volcarona|19\/100 par\n|move|p2a: Volcarona|Fiery Dance|p1a: Kyurem\n|-damage|p1a: Kyurem|30\/100\n|-boost|p2a: Volcarona|spa|1\n|\n|upkeep\n|turn|17\n|\n|t:|1700627184\n|move|p1a: Kyurem|Earth Power|p2a: Volcarona\n|-damage|p2a: Volcarona|0 fnt\n|faint|p2a: Volcarona\n|\n|upkeep\n|\n|t:|1700627187\n|switch|p2a: Urshifu|Urshifu-Rapid-Strike, F|100\/100\n|-damage|p2a: Urshifu|94\/100|[from] Stealth Rock\n|turn|18\n|\n|t:|1700627199\n|switch|p1a: Slowking|Slowking-Galar, F|100\/100\n|move|p2a: Urshifu|Surging Strikes|p1a: Slowking\n|-crit|p1a: Slowking\n|-damage|p1a: Slowking|79\/100\n|-crit|p1a: Slowking\n|-damage|p1a: Slowking|58\/100\n|-crit|p1a: Slowking\n|-damage|p1a: Slowking|38\/100\n|-hitcount|p1a: Slowking|3\n|\n|upkeep\n|turn|19\n|\n|t:|1700627209\n|move|p2a: Urshifu|Surging Strikes|p1a: Slowking\n|-crit|p1a: Slowking\n|-damage|p1a: Slowking|18\/100\n|-crit|p1a: Slowking\n|-damage|p1a: Slowking|0 fnt\n|faint|p1a: Slowking\n|-hitcount|p1: Slowking|2\n|\n|upkeep\n|\n|t:|1700627217\n|switch|p1a: Ferrothorn|Ferrothorn, F|100\/100\n|turn|20\n|\n|t:|1700627225\n|switch|p2a: Scizor|Scizor-Mega, M|16\/100\n|-damage|p2a: Scizor|3\/100|[from] Stealth Rock\n|move|p1a: Ferrothorn|Spikes|p2a: Scizor\n|-sidestart|p2: FlyingSudowoodo|Spikes\n|\n|upkeep\n|turn|21\n|\n|t:|1700627233\n|move|p2a: Scizor|Defog|p1a: Ferrothorn\n|-unboost|p1a: Ferrothorn|evasion|1\n|-sideend|p2: FlyingSudowoodo|Spikes|[from] move: Defog|[of] p2a: Scizor\n|-sideend|p2: FlyingSudowoodo|Stealth Rock|[from] move: Defog|[of] p2a: Scizor\n|move|p1a: Ferrothorn|Thunder Wave|p2a: Scizor\n|-status|p2a: Scizor|par\n|\n|upkeep\n|turn|22\n|\n|t:|1700627241\n|move|p2a: Scizor|Bullet Punch|p1a: Ferrothorn\n|-resisted|p1a: Ferrothorn\n|-damage|p1a: Ferrothorn|92\/100\n|-damage|p2a: Scizor|0 fnt|[from] ability: Iron Barbs|[of] p1a: Ferrothorn\n|faint|p2a: Scizor\n|move|p1a: Ferrothorn|Spikes|p2: Scizor\n|-sidestart|p2: FlyingSudowoodo|Spikes\n|\n|-heal|p1a: Ferrothorn|98\/100|[from] item: Leftovers\n|upkeep\n|\n|t:|1700627249\n|switch|p2a: Heatran|Heatran, F, tera:Grass|94\/100\n|-damage|p2a: Heatran|82\/100|[from] Spikes\n|turn|23\n|\n|t:|1700627266\n|move|p2a: Heatran|Magma Storm|p1a: Ferrothorn\n|-supereffective|p1a: Ferrothorn\n|-crit|p1a: Ferrothorn\n|-damage|p1a: Ferrothorn|0 fnt\n|faint|p1a: Ferrothorn\n|\n|-heal|p2a: Heatran|88\/100|[from] item: Leftovers\n|upkeep\n|\n|t:|1700627268\n|switch|p1a: Kyurem|Kyurem|30\/100\n|-ability|p1a: Kyurem|Pressure\n|turn|24\n|\n|t:|1700627284\n|move|p1a: Kyurem|Blizzard|p2a: Heatran\n|-supereffective|p2a: Heatran\n|-damage|p2a: Heatran|0 fnt\n|faint|p2a: Heatran\n|\n|upkeep\n|\n|t:|1700627291\n|switch|p2a: Urshifu|Urshifu-Rapid-Strike, F|94\/100\n|-damage|p2a: Urshifu|82\/100|[from] Spikes\n|turn|25\n|\n|t:|1700627296\n|move|p2a: Urshifu|Close Combat|p1a: Kyurem\n|-supereffective|p1a: Kyurem\n|-damage|p1a: Kyurem|0 fnt\n|-unboost|p2a: Urshifu|def|1\n|-unboost|p2a: Urshifu|spd|1\n|faint|p1a: Kyurem\n|\n|upkeep\n|\n|t:|1700627299\n|switch|p1a: Moltres|Moltres|100\/100\n|turn|26\n|\n|t:|1700627304\n|move|p2a: Urshifu|Surging Strikes|p1a: Moltres\n|-supereffective|p1a: Moltres\n|-crit|p1a: Moltres\n|-damage|p1a: Moltres|71\/100\n|-supereffective|p1a: Moltres\n|-crit|p1a: Moltres\n|-damage|p1a: Moltres|40\/100\n|-supereffective|p1a: Moltres\n|-crit|p1a: Moltres\n|-damage|p1a: Moltres|12\/100\n|-hitcount|p1a: Moltres|3\n|move|p1a: Moltres|Flamethrower|p2a: Urshifu\n|-resisted|p2a: Urshifu\n|-damage|p2a: Urshifu|43\/100\n|\n|upkeep\n|turn|27\n|\n|t:|1700627315\n|-terastallize|p1a: Moltres|Water\n|move|p2a: Urshifu|Surging Strikes|p1a: Moltres\n|-resisted|p1a: Moltres\n|-crit|p1a: Moltres\n|-damage|p1a: Moltres|5\/100\n|-resisted|p1a: Moltres\n|-crit|p1a: Moltres\n|-damage|p1a: Moltres|0 fnt\n|faint|p1a: Moltres\n|-hitcount|p1: Moltres|2\n|\n|win|FlyingSudowoodo\n|raw|busjla's rating: 1473 &rarr; <strong>1450<\/strong><br \/>(-23 for losing)\n|raw|FlyingSudowoodo's rating: 1419 &rarr; <strong>1442<\/strong><br \/>(+23 for winning)\n|l|\u2606busjla\n","uploadtime":1700627327,"views":0,"p1id":"busjla","p2id":"flyingsudowoodo","formatid":"gen9nationaldex","rating":1442,"private":0,"password":""}