{"id":"gen9nationaldex-1992666280","p1":"AlphaOmega07","p2":"PS-Therian","format":"[Gen 9] National Dex","log":"|j|\u2606AlphaOmega07\n|j|\u203dPS-Therian\n|t:|1700222608\n|gametype|singles\n|player|p1|AlphaOmega07|veteran|1217\n|player|p2|PS-Therian|lucas|1170\n|teamsize|p1|6\n|teamsize|p2|6\n|gen|9\n|tier|[Gen 9] National Dex\n|rated|\n|rule|HP Percentage Mod: HP is shown in percentages\n|rule|Endless Battle Clause: Forcing endless battles is banned\n|rule|OHKO Clause: OHKO moves are banned\n|rule|Evasion Clause: Evasion abilities, items, and moves are banned\n|rule|Evasion Abilities Clause: Evasion abilities are banned\n|rule|Evasion Items Clause: Evasion items are banned\n|rule|Evasion Moves Clause: Evasion moves are banned\n|rule|Species Clause: Limit one of each Pok\u00e9mon\n|rule|Sleep Clause Mod: Limit one foe put to sleep\n|clearpoke\n|poke|p1|Kommo-o, M|\n|poke|p1|Hawlucha, F|\n|poke|p1|Ceruledge, F|\n|poke|p1|Grimmsnarl, M|\n|poke|p1|Volcarona, M|\n|poke|p1|Gliscor, F|\n|poke|p2|Landorus-Therian, M|\n|poke|p2|Scizor, F|\n|poke|p2|Iron Valiant|\n|poke|p2|Rillaboom, F|\n|poke|p2|Ferrothorn, M|\n|poke|p2|Tornadus-Therian, M|\n|teampreview\n|inactive|Battle timer is ON: inactive players will automatically lose when time's up. (requested by PS-Therian)\n|inactive|AlphaOmega07 also wants the timer to be on.\n|\n|t:|1700222629\n|start\n|switch|p1a: Life|Hawlucha, F, shiny|100\/100\n|switch|p2a: Rillaboom|Rillaboom, F|100\/100\n|-fieldstart|move: Grassy Terrain|[from] ability: Grassy Surge|[of] p2a: Rillaboom\n|turn|1\n|\n|t:|1700222638\n|switch|p2a: Ferrothorn|Ferrothorn, M|100\/100\n|move|p1a: Life|Sky Attack||[still]\n|-prepare|p1a: Life|Sky Attack\n|-enditem|p1a: Life|Power Herb\n|-anim|p1a: Life|Sky Attack|p2a: Ferrothorn\n|-damage|p2a: Ferrothorn|66\/100\n|\n|-heal|p2a: Ferrothorn|73\/100|[from] Grassy Terrain\n|-heal|p2a: Ferrothorn|79\/100|[from] item: Leftovers\n|upkeep\n|turn|2\n|\n|t:|1700222648\n|switch|p2a: Tornadus|Tornadus-Therian, M|100\/100\n|move|p1a: Life|Drain Punch|p2a: Tornadus\n|-resisted|p2a: Tornadus\n|-damage|p2a: Tornadus|81\/100\n|\n|upkeep\n|turn|3\n|\n|t:|1700222654\n|move|p1a: Life|Acrobatics|p2a: Tornadus\n|-damage|p2a: Tornadus|24\/100\n|move|p2a: Tornadus|Hurricane|p1a: Life\n|-supereffective|p1a: Life\n|-damage|p1a: Life|0 fnt\n|faint|p1a: Life\n|\n|upkeep\n|\n|t:|1700222666\n|switch|p1a: Gliscor|Gliscor, F|100\/100\n|turn|4\n|\n|t:|1700222672\n|switch|p2a: Scizor|Scizor, F|100\/100\n|move|p1a: Gliscor|Ice Fang|p2a: Scizor\n|-resisted|p2a: Scizor\n|-damage|p2a: Scizor|91\/100\n|\n|-heal|p2a: Scizor|97\/100|[from] Grassy Terrain\n|-status|p1a: Gliscor|tox|[from] item: Toxic Orb\n|upkeep\n|turn|5\n|\n|t:|1700222683\n|detailschange|p2a: Scizor|Scizor-Mega, F\n|-mega|p2a: Scizor|Scizor|Scizorite\n|move|p1a: Gliscor|Earthquake|p2a: Scizor\n|-damage|p2a: Scizor|82\/100\n|move|p2a: Scizor|U-turn|p1a: Gliscor\n|-resisted|p1a: Gliscor\n|-crit|p1a: Gliscor\n|-damage|p1a: Gliscor|71\/100 tox\n|\n|t:|1700222688\n|switch|p2a: Tornadus|Tornadus-Therian, M|57\/100|[from] U-turn\n|\n|-heal|p1a: Gliscor|83\/100 tox|[from] ability: Poison Heal\n|-fieldend|move: Grassy Terrain\n|upkeep\n|turn|6\n|\n|t:|1700222696\n|move|p2a: Tornadus|U-turn|p1a: Gliscor\n|-resisted|p1a: Gliscor\n|-damage|p1a: Gliscor|76\/100 tox\n|\n|t:|1700222704\n|switch|p2a: Scizor|Scizor-Mega, F|82\/100|[from] U-turn\n|move|p1a: Gliscor|Ice Fang|p2a: Scizor\n|-resisted|p2a: Scizor\n|-damage|p2a: Scizor|76\/100\n|\n|-heal|p1a: Gliscor|88\/100 tox|[from] ability: Poison Heal\n|upkeep\n|turn|7\n|\n|t:|1700222716\n|move|p1a: Gliscor|Earthquake|p2a: Scizor\n|-damage|p2a: Scizor|45\/100\n|move|p2a: Scizor|Roost|p2a: Scizor\n|-heal|p2a: Scizor|95\/100\n|-singleturn|p2a: Scizor|move: Roost\n|\n|-heal|p1a: Gliscor|100\/100 tox|[from] ability: Poison Heal\n|upkeep\n|turn|8\n|\n|t:|1700222725\n|move|p1a: Gliscor|Earthquake|p2a: Scizor\n|-damage|p2a: Scizor|63\/100\n|move|p2a: Scizor|Swords Dance|p2a: Scizor\n|-boost|p2a: Scizor|atk|2\n|\n|upkeep\n|turn|9\n|\n|t:|1700222731\n|move|p1a: Gliscor|Earthquake|p2a: Scizor\n|-crit|p2a: Scizor\n|-damage|p2a: Scizor|21\/100\n|move|p2a: Scizor|Roost|p2a: Scizor\n|-heal|p2a: Scizor|71\/100\n|-singleturn|p2a: Scizor|move: Roost\n|\n|upkeep\n|turn|10\n|\n|t:|1700222737\n|move|p1a: Gliscor|Earthquake|p2a: Scizor\n|-damage|p2a: Scizor|41\/100\n|move|p2a: Scizor|Roost|p2a: Scizor\n|-heal|p2a: Scizor|91\/100\n|-singleturn|p2a: Scizor|move: Roost\n|\n|upkeep\n|turn|11\n|\n|t:|1700222742\n|move|p1a: Gliscor|Earthquake|p2a: Scizor\n|-damage|p2a: Scizor|59\/100\n|move|p2a: Scizor|Swords Dance|p2a: Scizor\n|-boost|p2a: Scizor|atk|2\n|\n|upkeep\n|turn|12\n|\n|t:|1700222751\n|switch|p1a: Grimmsnarl|Grimmsnarl, M|100\/100\n|move|p2a: Scizor|Roost|p2a: Scizor\n|-heal|p2a: Scizor|100\/100\n|-singleturn|p2a: Scizor|move: Roost\n|\n|upkeep\n|turn|13\n|\n|t:|1700222755\n|move|p1a: Grimmsnarl|Fake Out|p2a: Scizor\n|-resisted|p2a: Scizor\n|-crit|p2a: Scizor\n|-damage|p2a: Scizor|92\/100\n|cant|p2a: Scizor|flinch\n|\n|upkeep\n|turn|14\n|\n|t:|1700222758\n|move|p2a: Scizor|Bullet Punch|p1a: Grimmsnarl\n|-supereffective|p1a: Grimmsnarl\n|-crit|p1a: Grimmsnarl\n|-damage|p1a: Grimmsnarl|0 fnt\n|faint|p1a: Grimmsnarl\n|\n|upkeep\n|\n|t:|1700222760\n|switch|p1a: Ceruledge|Ceruledge, F|100\/100\n|turn|15\n|\n|t:|1700222765\n|move|p2a: Scizor|Bullet Punch|p1a: Ceruledge\n|-resisted|p1a: Ceruledge\n|-crit|p1a: Ceruledge\n|-damage|p1a: Ceruledge|0 fnt\n|faint|p1a: Ceruledge\n|\n|upkeep\n|-message|AlphaOmega07 forfeited.\n|\n|win|PS-Therian\n|raw|AlphaOmega07's rating: 1217 &rarr; <strong>1189<\/strong><br \/>(-28 for losing)\n|raw|PS-Therian's rating: 1170 &rarr; <strong>1198<\/strong><br \/>(+28 for winning)\n|l|\u2606AlphaOmega07\n","uploadtime":1700222883,"views":20,"p1id":"alphaomega07","p2id":"pstherian","formatid":"gen9nationaldex","rating":1189,"private":0,"password":""}