{"id":"gen9nationaldex-1989383488","p1":"Azu_CriticalXD","p2":"Jor99fran","format":"[Gen 9] National Dex","log":"|j|\u2606Azu_CriticalXD\n|j|\u2606Jor99fran\n|t:|1699843354\n|gametype|singles\n|player|p1|Azu_CriticalXD|ltsurge|\n|player|p2|Jor99fran|ghetsis|\n|teamsize|p1|6\n|teamsize|p2|6\n|gen|9\n|tier|[Gen 9] National Dex\n|rule|HP Percentage Mod: HP is shown in percentages\n|rule|Endless Battle Clause: Forcing endless battles is banned\n|rule|OHKO Clause: OHKO moves are banned\n|rule|Evasion Clause: Evasion abilities, items, and moves are banned\n|rule|Evasion Abilities Clause: Evasion abilities are banned\n|rule|Evasion Items Clause: Evasion items are banned\n|rule|Evasion Moves Clause: Evasion moves are banned\n|rule|Species Clause: Limit one of each Pok\u00e9mon\n|rule|Sleep Clause Mod: Limit one foe put to sleep\n|clearpoke\n|poke|p1|Regigigas|\n|poke|p1|Zoroark-Hisui, M|\n|poke|p1|Komala, F|\n|poke|p1|Chansey, F|\n|poke|p1|Lopunny, F|\n|poke|p1|Porygon-Z|\n|poke|p2|Basculegion-F, F|\n|poke|p2|Chandelure, M|\n|poke|p2|Gengar, M|\n|poke|p2|Decidueye, M|\n|poke|p2|Palossand, F|\n|poke|p2|Skeledirge, M|\n|teampreview\n|c|\u2606Jor99fran|solo cambiaste 2\n|c|\u2606Jor99fran|XD\n|c|\u2606Jor99fran|y yo todo el equipo\n|\n|t:|1699843374\n|start\n|switch|p1a: Rossy|Lopunny, F, shiny|100\/100\n|switch|p2a: Gengar|Gengar, M, shiny|100\/100\n|turn|1\n|c|\u2606Azu_CriticalXD|XD\n|c|\u2606Jor99fran|patada de salto alto?\n|c|\u2606Azu_CriticalXD|es que no da la formula\n|c|\u2606Azu_CriticalXD|como soy tipo normal no tengo muchas opciones\n|\n|t:|1699843417\n|move|p2a: Gengar|Toxic Spikes|p1a: Rossy\n|-sidestart|p1: Azu_CriticalXD|move: Toxic Spikes\n|move|p1a: Rossy|Nasty Plot|p1a: Rossy\n|-boost|p1a: Rossy|spa|2\n|\n|upkeep\n|turn|2\n|\n|t:|1699843423\n|move|p2a: Gengar|Toxic Spikes|p1a: Rossy\n|-sidestart|p1: Azu_CriticalXD|move: Toxic Spikes\n|move|p1a: Rossy|Shadow Ball|p2a: Gengar\n|-supereffective|p2a: Gengar\n|-damage|p2a: Gengar|0 fnt\n|-start|p1a: Rossy|Disable|Shadow Ball|[from] ability: Cursed Body|[of] p2a: Gengar\n|faint|p2a: Gengar\n|\n|upkeep\n|\n|t:|1699843436\n|switch|p2a: Chandelure|Chandelure, M|100\/100\n|turn|3\n|\n|t:|1699843449\n|switch|p1a: Zigzag|Komala, F, shiny|100\/100\n|-ability|p1a: Zigzag|Comatose\n|move|p2a: Chandelure|Substitute|p2a: Chandelure\n|-start|p2a: Chandelure|Substitute\n|-damage|p2a: Chandelure|76\/100\n|\n|upkeep\n|turn|4\n|\n|t:|1699843459\n|move|p2a: Chandelure|Calm Mind|p2a: Chandelure\n|-boost|p2a: Chandelure|spa|1\n|-boost|p2a: Chandelure|spd|1\n|move|p1a: Zigzag|U-turn|p2a: Chandelure\n|-resisted|p2a: Chandelure\n|-activate|p2a: Chandelure|move: Substitute|[damage]\n|\n|t:|1699843478\n|switch|p1a: Chachan|Chansey, F, shiny|100\/100|[from] U-turn\n|-status|p1a: Chachan|tox\n|\n|-damage|p1a: Chachan|94\/100 tox|[from] psn\n|upkeep\n|turn|5\n|\n|t:|1699843492\n|move|p2a: Chandelure|Calm Mind|p2a: Chandelure\n|-boost|p2a: Chandelure|spa|1\n|-boost|p2a: Chandelure|spd|1\n|move|p1a: Chachan|Seismic Toss|p2a: Chandelure\n|-immune|p2a: Chandelure\n|\n|-damage|p1a: Chachan|82\/100 tox|[from] psn\n|upkeep\n|turn|6\n|c|\u2606Jor99fran|XDD\n|c|\u2606Azu_CriticalXD|ya me fui al garete\n|c|\u2606Jor99fran|me di cuenta de algo\n|c|\u2606Azu_CriticalXD|q\n|c|\u2606Jor99fran|no es tu chansey\n|\n|t:|1699843532\n|-curestatus|p1a: Chachan|tox|[from] ability: Natural Cure\n|switch|p1a: Mecha|Regigigas, shiny|100\/100\n|-status|p1a: Mecha|tox\n|-start|p1a: Mecha|ability: Slow Start\n|move|p2a: Chandelure|Calm Mind|p2a: Chandelure\n|-boost|p2a: Chandelure|spa|1\n|-boost|p2a: Chandelure|spd|1\n|\n|-damage|p1a: Mecha|94\/100 tox|[from] psn\n|upkeep\n|turn|7\n|\n|t:|1699843543\n|move|p2a: Chandelure|Flamethrower|p1a: Mecha\n|-damage|p1a: Mecha|0 fnt\n|faint|p1a: Mecha\n|-end|p1a: Mecha|Slow Start|[silent]\n|\n|upkeep\n|\n|t:|1699843553\n|switch|p1a: Glitchy.exe|Porygon-Z, shiny|100\/100\n|-status|p1a: Glitchy.exe|tox\n|-ability|p1a: Glitchy.exe|Download|boost\n|-boost|p1a: Glitchy.exe|atk|1\n|turn|8\n|\n|t:|1699843559\n|move|p1a: Glitchy.exe|Thunderbolt|p2a: Chandelure\n|-end|p2a: Chandelure|Substitute\n|move|p2a: Chandelure|Calm Mind|p2a: Chandelure\n|-boost|p2a: Chandelure|spa|1\n|-boost|p2a: Chandelure|spd|1\n|\n|-damage|p1a: Glitchy.exe|94\/100 tox|[from] psn\n|upkeep\n|turn|9\n|\n|t:|1699843568\n|move|p1a: Glitchy.exe|Thunderbolt|p2a: Chandelure\n|-damage|p2a: Chandelure|60\/100\n|move|p2a: Chandelure|Flamethrower|p1a: Glitchy.exe\n|-damage|p1a: Glitchy.exe|0 fnt\n|faint|p1a: Glitchy.exe\n|\n|upkeep\n|\n|t:|1699843576\n|switch|p1a: Rossy|Lopunny, F, shiny|100\/100\n|-status|p1a: Rossy|tox\n|turn|10\n|\n|t:|1699843584\n|detailschange|p1a: Rossy|Lopunny-Mega, F, shiny\n|-mega|p1a: Rossy|Lopunny|Lopunnite\n|move|p1a: Rossy|U-turn|p2a: Chandelure\n|-resisted|p2a: Chandelure\n|-damage|p2a: Chandelure|51\/100\n|\n|t:|1699843597\n|switch|p1a: Zigzag|Komala, F, shiny|100\/100|[from] U-turn\n|-ability|p1a: Zigzag|Comatose\n|move|p2a: Chandelure|Flamethrower|p1a: Zigzag\n|-damage|p1a: Zigzag|0 fnt\n|faint|p1a: Zigzag\n|\n|upkeep\n|\n|t:|1699843607\n|switch|p1a: Rossy|Lopunny-Mega, F, shiny|100\/100\n|-status|p1a: Rossy|tox\n|turn|11\n|c|\u2606Jor99fran|saca tu falso chansey\n|\n|t:|1699843613\n|move|p1a: Rossy|Shadow Ball|p2a: Chandelure\n|-supereffective|p2a: Chandelure\n|-damage|p2a: Chandelure|9\/100\n|move|p2a: Chandelure|Flamethrower|p1a: Rossy\n|-enditem|p1a: Rossy|Focus Sash\n|-damage|p1a: Rossy|1\/100 tox\n|replace|p1a: Zero|Zoroark-Hisui, M, shiny\n|-end|p1a: Zero|Illusion\n|\n|-damage|p1a: Zero|0 fnt|[from] psn\n|faint|p1a: Zero\n|upkeep\n|c|\u2606Jor99fran|a\n|c|\u2606Jor99fran|como es que\n|c|\u2606Azu_CriticalXD|XD\n|c|\u2606Jor99fran|XD\n|c|\u2606Jor99fran|no sab\u00eda q tamben replica megas\n|c|\u2606Azu_CriticalXD|es que el campo jode mucho\n|c|\u2606Azu_CriticalXD|replica todo\n|c|\u2606Jor99fran|oye\n|c|\u2606Jor99fran|gracias por hacerme el sismic toss\n|c|\u2606Jor99fran|XD\n|c|\u2606Azu_CriticalXD|en el comienzo tu eliges que quieres\n|c|\u2606Azu_CriticalXD|xd\n|\n|t:|1699843680\n|switch|p1a: Rossy|Lopunny-Mega, F, shiny|100\/100 tox\n|turn|12\n|c|\u2606Jor99fran|si\n|c|\u2606Azu_CriticalXD|es que no le veo salida\n|c|\u2606Azu_CriticalXD|me quite el unico que pegaba xd\n|c|\u2606Azu_CriticalXD|por fisico\n|c|\u2606Jor99fran|cuanta velocidad tiene loppuny?\n|c|\u2606Azu_CriticalXD|literal te dice\n|c|\u2606Jor99fran|a mi no\n|c|\u2606Azu_CriticalXD|ahi ponle el mouse\n|c|\u2606Azu_CriticalXD|o el dedo\n|c|\u2606Jor99fran|solo habla del spe\n|c|\u2606Jor99fran|no spd\n|c|\u2606Azu_CriticalXD|el que dice spe\n|c|\u2606Azu_CriticalXD|si ese es spe -> speed\n|c|\u2606Jor99fran|a\n|c|\u2606Jor99fran|me ganaste tonses\n|c|\u2606Azu_CriticalXD|si yo juego viendo eso todo el tiempo\n|c|\u2606Azu_CriticalXD|diria que es lo mas importante\n|c|\u2606Jor99fran|si\n|c|\u2606Jor99fran|por ejemplo este caso\n|\n|t:|1699843796\n|move|p1a: Rossy|U-turn|p2a: Chandelure\n|-resisted|p2a: Chandelure\n|-damage|p2a: Chandelure|0 fnt\n|faint|p2a: Chandelure\n|c|\u2606Jor99fran|te puedo dar 1 shot\n|c|\u2606Jor99fran|pero no\n|\n|t:|1699843801\n|switch|p1a: Chachan|Chansey, F, shiny|82\/100|[from] U-turn\n|-status|p1a: Chachan|tox\n|\n|-damage|p1a: Chachan|76\/100 tox|[from] psn\n|upkeep\n|c|\u2606Jor99fran|ya q eres mas rapidp\n|c|\u2606Jor99fran|rapido\n|\n|t:|1699843810\n|switch|p2a: Palossand|Palossand, F|100\/100\n|turn|13\n|\n|t:|1699843819\n|-terastallize|p2a: Palossand|Water\n|move|p1a: Chachan|Heal Bell|p1a: Chachan\n|-activate|p1a: Chachan|move: Heal Bell\n|-curestatus|p1a: Chachan|tox|[msg]\n|-curestatus|p1: Rossy|tox|[msg]\n|move|p2a: Palossand|Stealth Rock|p1a: Chachan\n|-sidestart|p1: Azu_CriticalXD|move: Stealth Rock\n|\n|upkeep\n|turn|14\n|c|\u2606Azu_CriticalXD|:D\n|c|\u2606Jor99fran|>:V\n|c|\u2606Jor99fran|>:)\n|c|\u2606Azu_CriticalXD|gracias ahora te puedo pegar\n|\n|t:|1699843839\n|move|p1a: Chachan|Seismic Toss|p2a: Palossand\n|-damage|p2a: Palossand|74\/100\n|move|p2a: Palossand|Earth Power|p1a: Chachan\n|-damage|p1a: Chachan|66\/100\n|\n|upkeep\n|turn|15\n|\n|t:|1699843847\n|move|p1a: Chachan|Thunder Wave|p2a: Palossand\n|-status|p2a: Palossand|par\n|move|p2a: Palossand|Earth Power|p1a: Chachan\n|-damage|p1a: Chachan|57\/100\n|-unboost|p1a: Chachan|spd|1\n|\n|upkeep\n|turn|16\n|c|\u2606Azu_CriticalXD|en pokemon hay algo llamado STAB\n|c|\u2606Jor99fran|aca hay algo llamado CURACION\n|c|\u2606Azu_CriticalXD|si eres del mismo tipo que el ataque pegas mas fuerte\n|c|\u2606Azu_CriticalXD|xd\n|c|\u2606Jor99fran|ya se\n|c|\u2606Jor99fran|pero mejor prevenir a que me heches bola sombra\n|c|\u2606Azu_CriticalXD|na mas te digo pense que no sabias sorry xd\n|c|\u2606Jor99fran|ya elije un ataque >:v\n|c|\u2606Azu_CriticalXD|es que no tengo wey soy un pinxi chansi\n|c|\u2606Azu_CriticalXD|a\n|\n|t:|1699843936\n|move|p1a: Chachan|Seismic Toss|p2a: Palossand\n|-damage|p2a: Palossand|47\/100 par\n|move|p2a: Palossand|Shore Up|p2a: Palossand\n|-heal|p2a: Palossand|97\/100 par\n|\n|upkeep\n|turn|17\n|c|\u2606Jor99fran|XD\n|\n|t:|1699843945\n|move|p1a: Chachan|Wish|p1a: Chachan\n|move|p2a: Palossand|Earth Power|p1a: Chachan\n|-damage|p1a: Chachan|43\/100\n|-unboost|p1a: Chachan|spd|1\n|\n|upkeep\n|turn|18\n|\n|t:|1699843952\n|move|p1a: Chachan|Seismic Toss|p2a: Palossand\n|-damage|p2a: Palossand|70\/100 par\n|cant|p2a: Palossand|par\n|\n|-heal|p1a: Chachan|93\/100|[from] move: Wish|[wisher] Chachan\n|upkeep\n|turn|19\n|c|\u2606Jor99fran|esto va a ser eterno\n|\n|t:|1699843966\n|switch|p1a: Rossy|Lopunny-Mega, F, shiny|100\/100\n|-status|p1a: Rossy|tox\n|-damage|p1a: Rossy|95\/100 tox|[from] Stealth Rock\n|cant|p2a: Palossand|par\n|\n|-damage|p1a: Rossy|89\/100 tox|[from] psn\n|upkeep\n|turn|20\n|\n|t:|1699843980\n|move|p1a: Rossy|Fake Out|p2a: Palossand\n|-damage|p2a: Palossand|57\/100 par\n|cant|p2a: Palossand|flinch\n|\n|-damage|p1a: Rossy|77\/100 tox|[from] psn\n|upkeep\n|turn|21\n|\n|t:|1699843986\n|move|p1a: Rossy|Frustration|p2a: Palossand\n|-damage|p2a: Palossand|22\/100 par\n|cant|p2a: Palossand|par\n|\n|-damage|p1a: Rossy|59\/100 tox|[from] psn\n|upkeep\n|turn|22\n|c|\u2606Azu_CriticalXD|si que paja por eso lo cambie\n|\n|t:|1699843996\n|move|p1a: Rossy|Frustration|p2a: Palossand\n|-damage|p2a: Palossand|0 fnt\n|faint|p2a: Palossand\n|\n|-damage|p1a: Rossy|36\/100 tox|[from] psn\n|upkeep\n|\n|t:|1699844003\n|switch|p2a: Decidueye|Decidueye, M|100\/100\n|turn|23\n|c|\u2606Azu_CriticalXD|a esta megaconeja no le puse algo para pegar que pendejo\n|c|\u2606Azu_CriticalXD|al tipo fantasma\n|c|\u2606Azu_CriticalXD|XD\n|c|\u2606Jor99fran|XDD\n|\n|t:|1699844027\n|move|p1a: Rossy|U-turn|p2a: Decidueye\n|-damage|p2a: Decidueye|61\/100\n|\n|t:|1699844030\n|switch|p1a: Chachan|Chansey, F, shiny|93\/100|[from] U-turn\n|-status|p1a: Chachan|tox\n|-damage|p1a: Chachan|81\/100 tox|[from] Stealth Rock\n|move|p2a: Decidueye|Leaf Blade|p1a: Chachan\n|-damage|p1a: Chachan|52\/100 tox\n|\n|-damage|p1a: Chachan|46\/100 tox|[from] psn\n|upkeep\n|turn|24\n|c|\u2606Azu_CriticalXD|solo ese ida y vuelta\n|c|\u2606Azu_CriticalXD|por eso usaba mas al megapajaro xq si pegaba a varios tipos fuerte\n|c|\u2606Jor99fran|xd\n|c|\u2606Azu_CriticalXD|bueno por el tipo\n|c|\u2606Jor99fran|te gustan las conejas\n|\n|t:|1699844076\n|move|p2a: Decidueye|Leaf Blade|p1a: Chachan\n|-damage|p1a: Chachan|17\/100 tox\n|move|p1a: Chachan|Thunder Wave|p2a: Decidueye|[miss]\n|-miss|p1a: Chachan|p2a: Decidueye\n|\n|-damage|p1a: Chachan|4\/100 tox|[from] psn\n|upkeep\n|turn|25\n|c|\u2606Jor99fran|XD\n|c|\u2606Azu_CriticalXD|pff fallo\n|\n|t:|1699844088\n|move|p2a: Decidueye|Leaf Blade|p1a: Chachan\n|-damage|p1a: Chachan|0 fnt\n|faint|p1a: Chachan\n|\n|upkeep\n|\n|t:|1699844093\n|switch|p1a: Rossy|Lopunny-Mega, F, shiny|36\/100 tox\n|-damage|p1a: Rossy|30\/100 tox|[from] Stealth Rock\n|turn|26\n|\n|t:|1699844098\n|move|p1a: Rossy|U-turn|p2a: Decidueye\n|-damage|p2a: Decidueye|23\/100\n|move|p2a: Decidueye|Leaf Blade|p1a: Rossy\n|-damage|p1a: Rossy|0 fnt\n|faint|p1a: Rossy\n|\n|win|Jor99fran\n|c|\u2606Jor99fran|gg\n|c|\u2606Azu_CriticalXD|gg\n|c|\u2606Jor99fran|literal un candelabro te papio\n|c|\u2606Azu_CriticalXD|tengo que arreglar a este desproposito\n|c|\u2606Azu_CriticalXD|AJAJAJ\n","uploadtime":1699844131,"views":6,"p1id":"azucriticalxd","p2id":"jor99fran","formatid":"gen9nationaldex","rating":0,"private":0,"password":""}