{"id":"gen9nationaldex-1993132548","p1":"Elsombrio14","p2":"LazyGudetama","format":"[Gen 9] National Dex","log":"|j|\u2606Elsombrio14\n|j|\u2606LazyGudetama\n|t:|1700268608\n|gametype|singles\n|player|p1|Elsombrio14|102|1133\n|player|p2|LazyGudetama|hanbei-conquest|1083\n|teamsize|p1|6\n|teamsize|p2|6\n|gen|9\n|tier|[Gen 9] National Dex\n|rated|\n|rule|HP Percentage Mod: HP is shown in percentages\n|rule|Endless Battle Clause: Forcing endless battles is banned\n|rule|OHKO Clause: OHKO moves are banned\n|rule|Evasion Clause: Evasion abilities, items, and moves are banned\n|rule|Evasion Abilities Clause: Evasion abilities are banned\n|rule|Evasion Items Clause: Evasion items are banned\n|rule|Evasion Moves Clause: Evasion moves are banned\n|rule|Species Clause: Limit one of each Pok\u00e9mon\n|rule|Sleep Clause Mod: Limit one foe put to sleep\n|clearpoke\n|poke|p1|Aggron, M|\n|poke|p1|Charizard, M|\n|poke|p1|Poliwrath, M|\n|poke|p1|Boltund, F|\n|poke|p1|Porygon-Z|\n|poke|p1|Necrozma|\n|poke|p2|Pineco, L1, M|\n|poke|p2|Magnemite, L1|\n|poke|p2|Cottonee, L1, M|\n|poke|p2|Taillow, L1, M|\n|poke|p2|Aron, L1, M|\n|poke|p2|Lechonk, L1, M|\n|teampreview\n|inactive|Battle timer is ON: inactive players will automatically lose when time's up. (requested by LazyGudetama)\n|\n|t:|1700268623\n|start\n|switch|p1a: Poliwrath|Poliwrath, M|100\/100\n|switch|p2a: BleyBlade|Pineco, L1, M, shiny|100\/100\n|turn|1\n|\n|t:|1700268637\n|move|p1a: Poliwrath|Knock Off|p2a: BleyBlade\n|-ability|p2a: BleyBlade|Sturdy\n|-damage|p2a: BleyBlade|9\/100\n|-enditem|p2a: BleyBlade|Berry Juice|[from] move: Knock Off|[of] p1a: Poliwrath\n|-damage|p1a: Poliwrath|91\/100|[from] item: Life Orb\n|move|p2a: BleyBlade|Stealth Rock|p1a: Poliwrath\n|-sidestart|p1: Elsombrio14|move: Stealth Rock\n|\n|upkeep\n|turn|2\n|\n|t:|1700268649\n|move|p1a: Poliwrath|Knock Off|p2a: BleyBlade\n|-damage|p2a: BleyBlade|0 fnt\n|faint|p2a: BleyBlade\n|-damage|p1a: Poliwrath|81\/100|[from] item: Life Orb\n|\n|upkeep\n|\n|t:|1700268651\n|switch|p2a: Magneto|Magnemite, L1, shiny|100\/100\n|turn|3\n|\n|t:|1700268671\n|move|p1a: Poliwrath|Drain Punch|p2a: Magneto\n|-supereffective|p2a: Magneto\n|-ability|p2a: Magneto|Sturdy\n|-damage|p2a: Magneto|10\/100\n|-heal|p1a: Poliwrath|82\/100|[from] drain|[of] p2a: Magneto\n|-enditem|p2a: Magneto|Oran Berry|[eat]\n|-heal|p2a: Magneto|100\/100|[from] item: Oran Berry\n|-damage|p1a: Poliwrath|72\/100|[from] item: Life Orb\n|move|p2a: Magneto|Recycle|p2a: Magneto\n|-item|p2a: Magneto|Oran Berry|[from] move: Recycle\n|\n|upkeep\n|turn|4\n|\n|t:|1700268693\n|move|p2a: Magneto|Protect|p2a: Magneto\n|-singleturn|p2a: Magneto|Protect\n|move|p1a: Poliwrath|Knock Off|p2a: Magneto\n|-activate|p2a: Magneto|move: Protect\n|\n|upkeep\n|turn|5\n|inactive|Elsombrio14 has 120 seconds left.\n|\n|t:|1700268717\n|move|p1a: Poliwrath|Knock Off|p2a: Magneto\n|-ability|p2a: Magneto|Sturdy\n|-damage|p2a: Magneto|10\/100\n|-enditem|p2a: Magneto|Oran Berry|[from] move: Knock Off|[of] p1a: Poliwrath\n|-damage|p1a: Poliwrath|63\/100|[from] item: Life Orb\n|move|p2a: Magneto|Recycle||[still]\n|-fail|p2a: Magneto\n|\n|upkeep\n|turn|6\n|c|\u2606LazyGudetama|rapido por favor\n|inactive|Elsombrio14 has 120 seconds left.\n|\n|t:|1700268739\n|move|p1a: Poliwrath|Knock Off|p2a: Magneto\n|-damage|p2a: Magneto|0 fnt\n|faint|p2a: Magneto\n|-damage|p1a: Poliwrath|53\/100|[from] item: Life Orb\n|\n|upkeep\n|\n|t:|1700268743\n|switch|p2a: Just a Parnk|Cottonee, L1, M, shiny|100\/100\n|turn|7\n|\n|t:|1700268760\n|move|p2a: Just a Parnk|Leech Seed|p1a: Poliwrath\n|-start|p1a: Poliwrath|move: Leech Seed\n|move|p1a: Poliwrath|Drain Punch|p2a: Just a Parnk\n|-resisted|p2a: Just a Parnk\n|-enditem|p2a: Just a Parnk|Focus Sash\n|-damage|p2a: Just a Parnk|9\/100\n|-heal|p1a: Poliwrath|55\/100|[from] drain|[of] p2a: Just a Parnk\n|-damage|p1a: Poliwrath|45\/100|[from] item: Life Orb\n|\n|-damage|p1a: Poliwrath|32\/100|[from] Leech Seed|[of] p2a: Just a Parnk\n|-heal|p2a: Just a Parnk|100\/100|[silent]\n|upkeep\n|turn|8\n|\n|t:|1700268774\n|move|p2a: Just a Parnk|Substitute|p2a: Just a Parnk\n|-start|p2a: Just a Parnk|Substitute\n|-damage|p2a: Just a Parnk|75\/100\n|move|p1a: Poliwrath|Drain Punch|p2a: Just a Parnk\n|-resisted|p2a: Just a Parnk\n|-end|p2a: Just a Parnk|Substitute\n|-heal|p1a: Poliwrath|33\/100|[from] drain|[of] p2a: Just a Parnk\n|-damage|p1a: Poliwrath|23\/100|[from] item: Life Orb\n|\n|-damage|p1a: Poliwrath|11\/100|[from] Leech Seed|[of] p2a: Just a Parnk\n|-heal|p2a: Just a Parnk|100\/100|[silent]\n|upkeep\n|turn|9\n|\n|t:|1700268789\n|move|p2a: Just a Parnk|Substitute|p2a: Just a Parnk\n|-start|p2a: Just a Parnk|Substitute\n|-damage|p2a: Just a Parnk|75\/100\n|move|p1a: Poliwrath|Drain Punch|p2a: Just a Parnk\n|-resisted|p2a: Just a Parnk\n|-end|p2a: Just a Parnk|Substitute\n|-heal|p1a: Poliwrath|12\/100|[from] drain|[of] p2a: Just a Parnk\n|-damage|p1a: Poliwrath|2\/100|[from] item: Life Orb\n|\n|-damage|p1a: Poliwrath|0 fnt|[from] Leech Seed|[of] p2a: Just a Parnk\n|-heal|p2a: Just a Parnk|100\/100|[silent]\n|faint|p1a: Poliwrath\n|upkeep\n|\n|t:|1700268808\n|switch|p1a: Boltund|Boltund, F|100\/100\n|-damage|p1a: Boltund|88\/100|[from] Stealth Rock\n|turn|10\n|inactive|Elsombrio14 has 90 seconds left.\n|\n|t:|1700268828\n|move|p2a: Just a Parnk|Leech Seed|p1a: Boltund\n|-start|p1a: Boltund|move: Leech Seed\n|move|p1a: Boltund|Fire Fang|p2a: Just a Parnk\n|-supereffective|p2a: Just a Parnk\n|-damage|p2a: Just a Parnk|0 fnt\n|faint|p2a: Just a Parnk\n|-damage|p1a: Boltund|78\/100|[from] item: Life Orb\n|\n|upkeep\n|\n|t:|1700268832\n|switch|p2a: Red Eyes Dragon|Aron, L1, M, shiny|100\/100\n|turn|11\n|inactive|Elsombrio14 has 90 seconds left.\n|\n|t:|1700268844\n|move|p1a: Boltund|Psychic Fangs|p2a: Red Eyes Dragon\n|-resisted|p2a: Red Eyes Dragon\n|-ability|p2a: Red Eyes Dragon|Sturdy\n|-damage|p2a: Red Eyes Dragon|9\/100\n|-damage|p1a: Boltund|68\/100|[from] item: Life Orb\n|move|p2a: Red Eyes Dragon|Sandstorm|p2a: Red Eyes Dragon\n|-weather|Sandstorm\n|\n|-weather|Sandstorm|[upkeep]\n|-damage|p1a: Boltund|62\/100|[from] Sandstorm\n|-damage|p1a: Boltund|49\/100|[from] Leech Seed|[of] p2a: Red Eyes Dragon\n|-heal|p2a: Red Eyes Dragon|100\/100|[silent]\n|upkeep\n|turn|12\n|inactive|Elsombrio14 has 90 seconds left.\n|\n|t:|1700268867\n|move|p1a: Boltund|Fire Fang|p2a: Red Eyes Dragon\n|-ability|p2a: Red Eyes Dragon|Sturdy\n|-damage|p2a: Red Eyes Dragon|9\/100\n|-damage|p1a: Boltund|39\/100|[from] item: Life Orb\n|move|p2a: Red Eyes Dragon|Endeavor|p1a: Boltund\n|-damage|p1a: Boltund|1\/100\n|-heal|p2a: Red Eyes Dragon|100\/100|[from] item: Shell Bell|[of] p1a: Boltund\n|\n|-weather|Sandstorm|[upkeep]\n|-damage|p1a: Boltund|0 fnt|[from] Sandstorm\n|faint|p1a: Boltund\n|upkeep\n|inactive|Elsombrio14 has 60 seconds left.\n|\n|t:|1700268908\n|switch|p1a: Porygon-Z|Porygon-Z|100\/100\n|-damage|p1a: Porygon-Z|88\/100|[from] Stealth Rock\n|turn|13\n|\n|t:|1700268925\n|move|p1a: Porygon-Z|Tri Attack|p2a: Red Eyes Dragon\n|-resisted|p2a: Red Eyes Dragon\n|-ability|p2a: Red Eyes Dragon|Sturdy\n|-damage|p2a: Red Eyes Dragon|9\/100\n|move|p2a: Red Eyes Dragon|Endeavor|p1a: Porygon-Z\n|-damage|p1a: Porygon-Z|1\/100\n|-heal|p2a: Red Eyes Dragon|100\/100|[from] item: Shell Bell|[of] p1a: Porygon-Z\n|\n|-weather|Sandstorm|[upkeep]\n|-damage|p1a: Porygon-Z|0 fnt|[from] Sandstorm\n|faint|p1a: Porygon-Z\n|upkeep\n|c|\u2606LazyGudetama|fast pls\n|inactive|Elsombrio14 has 30 seconds left.\n|\n|t:|1700268950\n|switch|p1a: Necrozma|Necrozma|100\/100\n|-damage|p1a: Necrozma|88\/100|[from] Stealth Rock\n|turn|14\n|inactive|Elsombrio14 has 30 seconds left.\n|\n|t:|1700268958\n|move|p1a: Necrozma|Dark Pulse|p2a: Red Eyes Dragon\n|-ability|p2a: Red Eyes Dragon|Sturdy\n|-damage|p2a: Red Eyes Dragon|9\/100\n|-damage|p1a: Necrozma|78\/100|[from] item: Life Orb\n|move|p2a: Red Eyes Dragon|Endeavor|p1a: Necrozma\n|-damage|p1a: Necrozma|1\/100\n|-heal|p2a: Red Eyes Dragon|100\/100|[from] item: Shell Bell|[of] p1a: Necrozma\n|\n|-weather|Sandstorm|[upkeep]\n|-damage|p1a: Necrozma|0 fnt|[from] Sandstorm\n|faint|p1a: Necrozma\n|upkeep\n|inactive|Elsombrio14 has 30 seconds left.\n|inactive|Elsombrio14 has 20 seconds left.\n|\n|t:|1700268978\n|switch|p1a: Aggron|Aggron, M|100\/100\n|-damage|p1a: Aggron|94\/100|[from] Stealth Rock\n|turn|15\n|inactive|Elsombrio14 has 30 seconds left this turn.\n|\n|t:|1700268987\n|-terastallize|p1a: Aggron|Steel\n|move|p1a: Aggron|Heavy Slam|p2a: Red Eyes Dragon\n|-ability|p2a: Red Eyes Dragon|Sturdy\n|-damage|p2a: Red Eyes Dragon|9\/100\n|move|p2a: Red Eyes Dragon|Endeavor|p1a: Aggron\n|-damage|p1a: Aggron|1\/100\n|-heal|p2a: Red Eyes Dragon|100\/100|[from] item: Shell Bell|[of] p1a: Aggron\n|\n|-weather|none\n|upkeep\n|turn|16\n|inactive|Elsombrio14 has 30 seconds left.\n|inactive|Elsombrio14 has 20 seconds left.\n|\n|t:|1700269003\n|switch|p2a: Spider-Cerdo|Lechonk, L1, M, shiny|100\/100\n|move|p1a: Aggron|Heavy Slam|p2a: Spider-Cerdo\n|-enditem|p2a: Spider-Cerdo|Focus Sash\n|-damage|p2a: Spider-Cerdo|8\/100\n|\n|upkeep\n|turn|17\n|inactive|Elsombrio14 has 30 seconds left this turn.\n|inactive|Elsombrio14 has 20 seconds left.\n|\n|t:|1700269013\n|move|p2a: Spider-Cerdo|Protect|p2a: Spider-Cerdo\n|-singleturn|p2a: Spider-Cerdo|Protect\n|move|p1a: Aggron|Heavy Slam|p2a: Spider-Cerdo\n|-activate|p2a: Spider-Cerdo|move: Protect\n|\n|upkeep\n|turn|18\n|inactive|Elsombrio14 has 30 seconds left this turn.\n|inactive|Elsombrio14 has 20 seconds left.\n|\n|t:|1700269024\n|move|p1a: Aggron|Heavy Slam|p2a: Spider-Cerdo\n|-damage|p2a: Spider-Cerdo|0 fnt\n|faint|p2a: Spider-Cerdo\n|\n|upkeep\n|inactive|Elsombrio14 has 25 seconds left this turn.\n|\n|t:|1700269026\n|switch|p2a: MyHero|Taillow, L1, M, shiny|100\/100\n|turn|19\n|inactive|Elsombrio14 has 30 seconds left.\n|\n|t:|1700269037\n|move|p2a: MyHero|Quick Attack|p1a: Aggron\n|-resisted|p1a: Aggron\n|-damage|p1a: Aggron|0 fnt\n|faint|p1a: Aggron\n|\n|upkeep\n|inactive|Elsombrio14 has 30 seconds left this turn.\n|\n|t:|1700269043\n|switch|p1a: Charizard|Charizard, M|100\/100\n|-damage|p1a: Charizard|51\/100|[from] Stealth Rock\n|turn|20\n|inactive|Elsombrio14 has 30 seconds left.\n|\n|t:|1700269052\n|detailschange|p1a: Charizard|Charizard-Mega-X, M\n|-mega|p1a: Charizard|Charizard|Charizardite X\n|move|p1a: Charizard|Dragon Claw|p2a: MyHero\n|-enditem|p2a: MyHero|Focus Sash\n|-damage|p2a: MyHero|9\/100\n|move|p2a: MyHero|Endeavor|p1a: Charizard\n|-damage|p1a: Charizard|1\/100\n|\n|upkeep\n|turn|21\n|inactive|Elsombrio14 has 30 seconds left.\n|\n|t:|1700269065\n|move|p2a: MyHero|Quick Attack|p1a: Charizard\n|-damage|p1a: Charizard|0 fnt\n|faint|p1a: Charizard\n|\n|win|LazyGudetama\n|raw|Elsombrio14's rating: 1133 &rarr; <strong>1104<\/strong><br \/>(-29 for losing)\n|raw|LazyGudetama's rating: 1083 &rarr; <strong>1114<\/strong><br \/>(+31 for winning)\n|l|\u2606Elsombrio14\n","uploadtime":1700269073,"views":7,"p1id":"elsombrio14","p2id":"lazygudetama","formatid":"gen9nationaldex","rating":1104,"private":0,"password":""}