{"id":"gen9nationaldex-1991332775","p1":"nickytbh","p2":"NassBug","format":"[Gen 9] National Dex","log":"|j|\u2606nickytbh\n|j|\u2606NassBug\n|t:|1700068370\n|gametype|singles\n|player|p1|nickytbh|169|1264\n|player|p2|NassBug|clerkf|1240\n|teamsize|p1|6\n|teamsize|p2|6\n|gen|9\n|tier|[Gen 9] National Dex\n|rated|\n|rule|HP Percentage Mod: HP is shown in percentages\n|rule|Endless Battle Clause: Forcing endless battles is banned\n|rule|OHKO Clause: OHKO moves are banned\n|rule|Evasion Clause: Evasion abilities, items, and moves are banned\n|rule|Evasion Abilities Clause: Evasion abilities are banned\n|rule|Evasion Items Clause: Evasion items are banned\n|rule|Evasion Moves Clause: Evasion moves are banned\n|rule|Species Clause: Limit one of each Pok\u00e9mon\n|rule|Sleep Clause Mod: Limit one foe put to sleep\n|clearpoke\n|poke|p1|Lopunny, F|\n|poke|p1|Tyranitar, M|\n|poke|p1|Skarmory, M|\n|poke|p1|Nidoking, M|\n|poke|p1|Urshifu-*, M|\n|poke|p1|Toxapex, M|\n|poke|p2|Xurkitree|\n|poke|p2|Kartana|\n|poke|p2|Nihilego|\n|poke|p2|Blacephalon|\n|poke|p2|Buzzwole|\n|poke|p2|Guzzlord|\n|teampreview\n|\n|t:|1700068388\n|start\n|switch|p1a: Lopunny|Lopunny, F|100\/100\n|switch|p2a: Guzzlord|Guzzlord|100\/100\n|turn|1\n|\n|t:|1700068397\n|switch|p2a: Blacephalon|Blacephalon|100\/100\n|detailschange|p1a: Lopunny|Lopunny-Mega, F\n|-mega|p1a: Lopunny|Lopunny|Lopunnite\n|move|p1a: Lopunny|Fake Out|p2a: Blacephalon\n|-damage|p2a: Blacephalon|49\/100\n|\n|upkeep\n|turn|2\n|\n|t:|1700068405\n|move|p2a: Blacephalon|Flamethrower|p1a: Lopunny\n|-damage|p1a: Lopunny|27\/100\n|move|p1a: Lopunny|Return|p2a: Blacephalon\n|-damage|p2a: Blacephalon|0 fnt\n|faint|p2a: Blacephalon\n|\n|upkeep\n|\n|t:|1700068421\n|switch|p2a: Buzzwole|Buzzwole|100\/100\n|turn|3\n|\n|t:|1700068427\n|switch|p1a: Skarmory|Skarmory, M|100\/100\n|move|p2a: Buzzwole|Bulk Up|p2a: Buzzwole\n|-boost|p2a: Buzzwole|atk|1\n|-boost|p2a: Buzzwole|def|1\n|\n|upkeep\n|turn|4\n|\n|t:|1700068432\n|move|p2a: Buzzwole|Drain Punch|p1a: Skarmory\n|-damage|p1a: Skarmory|67\/100\n|-damage|p2a: Buzzwole|84\/100|[from] item: Rocky Helmet|[of] p1a: Skarmory\n|-damage|p2a: Buzzwole|74\/100|[from] item: Life Orb\n|move|p1a: Skarmory|Toxic|p2a: Buzzwole\n|-status|p2a: Buzzwole|tox\n|\n|-damage|p2a: Buzzwole|68\/100 tox|[from] psn\n|upkeep\n|turn|5\n|\n|t:|1700068439\n|move|p2a: Buzzwole|Drain Punch|p1a: Skarmory\n|-damage|p1a: Skarmory|30\/100\n|-heal|p2a: Buzzwole|83\/100 tox|[from] drain|[of] p1a: Skarmory\n|-damage|p2a: Buzzwole|66\/100 tox|[from] item: Rocky Helmet|[of] p1a: Skarmory\n|-damage|p2a: Buzzwole|56\/100 tox|[from] item: Life Orb\n|move|p1a: Skarmory|Roost|p1a: Skarmory\n|-heal|p1a: Skarmory|80\/100\n|-singleturn|p1a: Skarmory|move: Roost\n|\n|-damage|p2a: Buzzwole|44\/100 tox|[from] psn\n|upkeep\n|turn|6\n|\n|t:|1700068443\n|move|p2a: Buzzwole|Bulk Up|p2a: Buzzwole\n|-boost|p2a: Buzzwole|atk|1\n|-boost|p2a: Buzzwole|def|1\n|move|p1a: Skarmory|Spikes|p2a: Buzzwole\n|-sidestart|p2: NassBug|Spikes\n|\n|-damage|p2a: Buzzwole|25\/100 tox|[from] psn\n|upkeep\n|turn|7\n|\n|t:|1700068446\n|move|p2a: Buzzwole|Drain Punch|p1a: Skarmory\n|-damage|p1a: Skarmory|37\/100\n|-heal|p2a: Buzzwole|42\/100 tox|[from] drain|[of] p1a: Skarmory\n|-damage|p2a: Buzzwole|26\/100 tox|[from] item: Rocky Helmet|[of] p1a: Skarmory\n|-damage|p2a: Buzzwole|16\/100 tox|[from] item: Life Orb\n|move|p1a: Skarmory|Whirlwind|p2a: Buzzwole\n|drag|p2a: Nihilego|Nihilego|100\/100\n|-damage|p2a: Nihilego|88\/100|[from] Spikes\n|\n|upkeep\n|turn|8\n|\n|t:|1700068451\n|move|p2a: Nihilego|Meteor Beam||[still]\n|-prepare|p2a: Nihilego|Meteor Beam\n|-boost|p2a: Nihilego|spa|1\n|-enditem|p2a: Nihilego|Power Herb\n|-anim|p2a: Nihilego|Meteor Beam|p1a: Skarmory\n|-damage|p1a: Skarmory|0 fnt\n|faint|p1a: Skarmory\n|-ability|p2a: Nihilego|Beast Boost|boost\n|-boost|p2a: Nihilego|spe|1\n|\n|upkeep\n|\n|t:|1700068466\n|switch|p1a: Lopunny|Lopunny-Mega, F|27\/100\n|turn|9\n|\n|t:|1700068470\n|move|p1a: Lopunny|Fake Out|p2a: Nihilego\n|-resisted|p2a: Nihilego\n|-damage|p2a: Nihilego|70\/100\n|cant|p2a: Nihilego|flinch\n|\n|upkeep\n|turn|10\n|\n|t:|1700068476\n|switch|p1a: Tyranitar|Tyranitar, M|100\/100\n|-weather|Sandstorm|[from] ability: Sand Stream|[of] p1a: Tyranitar\n|move|p2a: Nihilego|Psyshock|p1a: Tyranitar\n|-immune|p1a: Tyranitar\n|\n|-weather|Sandstorm|[upkeep]\n|upkeep\n|turn|11\n|\n|t:|1700068480\n|move|p2a: Nihilego|Sludge Wave|p1a: Tyranitar\n|-resisted|p1a: Tyranitar\n|-damage|p1a: Tyranitar|91\/100\n|move|p1a: Tyranitar|Earthquake|p2a: Nihilego\n|-supereffective|p2a: Nihilego\n|-damage|p2a: Nihilego|0 fnt\n|faint|p2a: Nihilego\n|\n|-weather|Sandstorm|[upkeep]\n|upkeep\n|\n|t:|1700068488\n|switch|p2a: Buzzwole|Buzzwole|16\/100 tox\n|-damage|p2a: Buzzwole|4\/100 tox|[from] Spikes\n|turn|12\n|\n|t:|1700068495\n|switch|p1a: Toxapex|Toxapex, M|100\/100\n|move|p2a: Buzzwole|Drain Punch|p1a: Toxapex\n|-resisted|p1a: Toxapex\n|-damage|p1a: Toxapex|84\/100\n|-heal|p2a: Buzzwole|10\/100 tox|[from] drain|[of] p1a: Toxapex\n|-damage|p2a: Buzzwole|0 fnt|[from] item: Life Orb\n|faint|p2a: Buzzwole\n|\n|-weather|Sandstorm|[upkeep]\n|-damage|p1a: Toxapex|77\/100|[from] Sandstorm\n|-heal|p1a: Toxapex|84\/100|[from] item: Black Sludge\n|upkeep\n|\n|t:|1700068508\n|switch|p2a: Guzzlord|Guzzlord|100\/100\n|-damage|p2a: Guzzlord|88\/100|[from] Spikes\n|turn|13\n|\n|t:|1700068517\n|move|p2a: Guzzlord|Knock Off|p1a: Toxapex\n|-damage|p1a: Toxapex|49\/100\n|-enditem|p1a: Toxapex|Black Sludge|[from] move: Knock Off|[of] p2a: Guzzlord\n|move|p1a: Toxapex|Toxic|p2a: Guzzlord\n|-status|p2a: Guzzlord|tox\n|\n|-weather|Sandstorm|[upkeep]\n|-damage|p2a: Guzzlord|82\/100 tox|[from] Sandstorm\n|-damage|p1a: Toxapex|43\/100|[from] Sandstorm\n|-damage|p2a: Guzzlord|76\/100 tox|[from] psn\n|upkeep\n|turn|14\n|\n|t:|1700068521\n|move|p2a: Guzzlord|Dragon Claw|p1a: Toxapex\n|-damage|p1a: Toxapex|14\/100\n|move|p1a: Toxapex|Recover|p1a: Toxapex\n|-heal|p1a: Toxapex|64\/100\n|\n|-weather|none\n|-damage|p2a: Guzzlord|63\/100 tox|[from] psn\n|upkeep\n|turn|15\n|\n|t:|1700068530\n|switch|p2a: SlanderMan|Xurkitree|100\/100\n|-damage|p2a: SlanderMan|88\/100|[from] Spikes\n|move|p1a: Toxapex|Recover|p1a: Toxapex\n|-heal|p1a: Toxapex|100\/100\n|\n|upkeep\n|turn|16\n|\n|t:|1700068535\n|move|p2a: SlanderMan|Discharge|p1a: Toxapex\n|-supereffective|p1a: Toxapex\n|-damage|p1a: Toxapex|37\/100\n|-status|p1a: Toxapex|par\n|cant|p1a: Toxapex|par\n|\n|upkeep\n|turn|17\n|\n|t:|1700068542\n|switch|p2a: Guzzlord|Guzzlord|63\/100 tox\n|-damage|p2a: Guzzlord|51\/100 tox|[from] Spikes\n|switch|p1a: Nidoking|Nidoking, M|100\/100\n|\n|-damage|p2a: Guzzlord|45\/100 tox|[from] psn\n|upkeep\n|turn|18\n|\n|t:|1700068551\n|move|p1a: Nidoking|Sludge Wave|p2a: Guzzlord\n|-damage|p2a: Guzzlord|6\/100 tox\n|move|p2a: Guzzlord|Knock Off|p1a: Nidoking\n|-damage|p1a: Nidoking|30\/100\n|-enditem|p1a: Nidoking|Life Orb|[from] move: Knock Off|[of] p2a: Guzzlord\n|\n|-damage|p2a: Guzzlord|0 fnt|[from] psn\n|faint|p2a: Guzzlord\n|upkeep\n|\n|t:|1700068555\n|switch|p2a: Kartana|Kartana|100\/100\n|-damage|p2a: Kartana|88\/100|[from] Spikes\n|turn|19\n|\n|t:|1700068561\n|move|p2a: Kartana|Leaf Blade|p1a: Nidoking\n|-crit|p1a: Nidoking\n|-damage|p1a: Nidoking|0 fnt\n|faint|p1a: Nidoking\n|-ability|p2a: Kartana|Beast Boost|boost\n|-boost|p2a: Kartana|atk|1\n|\n|upkeep\n|\n|t:|1700068564\n|switch|p1a: Lopunny|Lopunny-Mega, F|27\/100\n|turn|20\n|\n|t:|1700068571\n|switch|p2a: SlanderMan|Xurkitree|88\/100\n|-damage|p2a: SlanderMan|76\/100|[from] Spikes\n|move|p1a: Lopunny|Fake Out|p2a: SlanderMan\n|-damage|p2a: SlanderMan|42\/100\n|\n|upkeep\n|turn|21\n|\n|t:|1700068578\n|move|p2a: SlanderMan|Discharge|p1a: Lopunny\n|-damage|p1a: Lopunny|0 fnt\n|faint|p1a: Lopunny\n|-ability|p2a: SlanderMan|Beast Boost|boost\n|-boost|p2a: SlanderMan|spa|1\n|\n|upkeep\n|\n|t:|1700068583\n|switch|p1a: Tyranitar|Tyranitar, M|91\/100\n|-weather|Sandstorm|[from] ability: Sand Stream|[of] p1a: Tyranitar\n|turn|22\n|\n|t:|1700068586\n|move|p2a: SlanderMan|Discharge|p1a: Tyranitar\n|-damage|p1a: Tyranitar|69\/100\n|move|p1a: Tyranitar|Fire Punch|p2a: SlanderMan\n|-damage|p2a: SlanderMan|8\/100\n|\n|-weather|Sandstorm|[upkeep]\n|-damage|p2a: SlanderMan|2\/100|[from] Sandstorm\n|upkeep\n|turn|23\n|\n|t:|1700068593\n|move|p2a: SlanderMan|Discharge|p1a: Tyranitar\n|-damage|p1a: Tyranitar|46\/100\n|move|p1a: Tyranitar|Fire Punch|p2a: SlanderMan\n|-damage|p2a: SlanderMan|0 fnt\n|faint|p2a: SlanderMan\n|\n|-weather|Sandstorm|[upkeep]\n|upkeep\n|\n|t:|1700068599\n|switch|p2a: Kartana|Kartana|88\/100\n|-damage|p2a: Kartana|76\/100|[from] Spikes\n|turn|24\n|\n|t:|1700068607\n|move|p2a: Kartana|Leaf Blade|p1a: Tyranitar\n|-supereffective|p1a: Tyranitar\n|-damage|p1a: Tyranitar|0 fnt\n|faint|p1a: Tyranitar\n|-ability|p2a: Kartana|Beast Boost|boost\n|-boost|p2a: Kartana|atk|1\n|\n|-weather|Sandstorm|[upkeep]\n|upkeep\n|\n|t:|1700068617\n|switch|p1a: Toxapex|Toxapex, M|71\/100 par\n|turn|25\n|\n|t:|1700068627\n|move|p1a: Toxapex|Baneful Bunker|p1a: Toxapex\n|-singleturn|p1a: Toxapex|move: Protect\n|move|p2a: Kartana|Swords Dance|p2a: Kartana\n|-boost|p2a: Kartana|atk|2\n|\n|-weather|Sandstorm|[upkeep]\n|-damage|p1a: Toxapex|64\/100 par|[from] Sandstorm\n|upkeep\n|turn|26\n|\n|t:|1700068632\n|-terastallize|p2a: Kartana|Grass\n|move|p2a: Kartana|Leaf Blade|p1a: Toxapex\n|-damage|p1a: Toxapex|0 fnt\n|faint|p1a: Toxapex\n|-ability|p2a: Kartana|Beast Boost|boost\n|-boost|p2a: Kartana|atk|1\n|\n|-weather|none\n|upkeep\n|\n|t:|1700068635\n|switch|p1a: Urshifu|Urshifu-Rapid-Strike, M|100\/100\n|turn|27\n|\n|t:|1700068639\n|-terastallize|p1a: Urshifu|Fighting\n|move|p2a: Kartana|Leaf Blade|p1a: Urshifu\n|-damage|p1a: Urshifu|0 fnt\n|faint|p1a: Urshifu\n|\n|win|NassBug\n|raw|nickytbh's rating: 1264 &rarr; <strong>1237<\/strong><br \/>(-27 for losing)\n|raw|NassBug's rating: 1240 &rarr; <strong>1267<\/strong><br \/>(+27 for winning)\n|l|\u2606nickytbh\n","uploadtime":1700068670,"views":6,"p1id":"nickytbh","p2id":"nassbug","formatid":"gen9nationaldex","rating":1237,"private":0,"password":""}