{"id":"gen9nationaldex-1998577300","p1":"Orangex733","p2":"LEONERROR500","format":"[Gen 9] National Dex","log":"|html|<div class=\"broadcast-blue\"><strong>[Gen 9] National Dex is currently suspecting Sneasler! For information on how to participate check out the <a href=\"https:\/\/www.smogon.com\/forums\/threads\/sv-national-dex-suspect-8-just-dance.3731534\/\">suspect thread<\/a>.<\/strong><\/div>\n|j|\u2606Orangex733\n|j|\u2606LEONERROR500\n|inactive|Battle timer is ON: inactive players will automatically lose when time's up.\n|t:|1700958521\n|gametype|singles\n|player|p1|Orangex733|mallow-masters|\n|player|p2|LEONERROR500|red|\n|teamsize|p1|6\n|teamsize|p2|6\n|gen|9\n|tier|[Gen 9] National Dex\n|rated|Tournament battle\n|rule|HP Percentage Mod: HP is shown in percentages\n|rule|Endless Battle Clause: Forcing endless battles is banned\n|rule|OHKO Clause: OHKO moves are banned\n|rule|Evasion Clause: Evasion abilities, items, and moves are banned\n|rule|Evasion Abilities Clause: Evasion abilities are banned\n|rule|Evasion Items Clause: Evasion items are banned\n|rule|Evasion Moves Clause: Evasion moves are banned\n|rule|Species Clause: Limit one of each Pok\u00e9mon\n|rule|Sleep Clause Mod: Limit one foe put to sleep\n|clearpoke\n|poke|p1|Urshifu-*, M|\n|poke|p1|Tapu Lele|\n|poke|p1|Landorus-Therian, M|\n|poke|p1|Heatran, F|\n|poke|p1|Dragonite, M|\n|poke|p1|Sneasler, F|\n|poke|p2|Zoroark-Hisui, F|\n|poke|p2|Meowscarada, F|\n|poke|p2|Glimmora, F|\n|poke|p2|Great Tusk|\n|poke|p2|Ogerpon-Wellspring, F|\n|poke|p2|Zapdos|\n|teampreview\n|inactive|Orangex733 also wants the timer to be on.\n|inactive|LEONERROR500 also wants the timer to be on.\n|c|\u2606LEONERROR500|glhf\n|c|\u2606Orangex733|glhf\n|\n|t:|1700958538\n|start\n|switch|p1a: Urshifu|Urshifu-Rapid-Strike, M|100\/100\n|switch|p2a: Ogerpon|Ogerpon-Wellspring, F|100\/100\n|turn|1\n|\n|t:|1700958546\n|move|p1a: Urshifu|U-turn|p2a: Ogerpon\n|-resisted|p2a: Ogerpon\n|-damage|p2a: Ogerpon|77\/100\n|replace|p2a: Zoroark|Zoroark-Hisui, F, shiny\n|-end|p2a: Zoroark|Illusion\n|j|@hidin\n|\n|t:|1700958558\n|switch|p1a: Heatran|Heatran, F|100\/100|[from] U-turn\n|move|p2a: Zoroark|Shadow Ball|p1a: Heatran\n|-damage|p1a: Heatran|37\/100\n|-unboost|p1a: Heatran|spd|1\n|\n|-heal|p1a: Heatran|43\/100|[from] item: Leftovers\n|upkeep\n|turn|2\n|\n|t:|1700958572\n|move|p2a: Zoroark|Shadow Ball|p1a: Heatran\n|-damage|p1a: Heatran|0 fnt\n|faint|p1a: Heatran\n|\n|upkeep\n|\n|t:|1700958574\n|switch|p1a: Urshifu|Urshifu-Rapid-Strike, M|100\/100\n|turn|3\n|\n|t:|1700958578\n|switch|p2a: Zapdos|Zapdos|100\/100\n|move|p1a: Urshifu|Surging Strikes|p2a: Zapdos\n|-crit|p2a: Zapdos\n|-damage|p2a: Zapdos|85\/100\n|-crit|p2a: Zapdos\n|-damage|p2a: Zapdos|70\/100\n|-crit|p2a: Zapdos\n|-damage|p2a: Zapdos|56\/100\n|-status|p1a: Urshifu|par|[from] ability: Static|[of] p2a: Zapdos\n|-hitcount|p2a: Zapdos|3\n|\n|upkeep\n|turn|4\n|\n|t:|1700958586\n|switch|p1a: Landorus|Landorus-Therian, M|100\/100\n|-ability|p1a: Landorus|Intimidate|boost\n|-unboost|p2a: Zapdos|atk|1\n|move|p2a: Zapdos|Roost|p2a: Zapdos\n|-heal|p2a: Zapdos|100\/100\n|-singleturn|p2a: Zapdos|move: Roost\n|\n|upkeep\n|turn|5\n|\n|t:|1700958591\n|move|p2a: Zapdos|Hurricane|p1a: Landorus\n|-damage|p1a: Landorus|52\/100\n|move|p1a: Landorus|Stealth Rock|p2a: Zapdos\n|-sidestart|p2: LEONERROR500|move: Stealth Rock\n|\n|upkeep\n|turn|6\n|\n|t:|1700958595\n|move|p2a: Zapdos|Defog|p1a: Landorus\n|-unboost|p1a: Landorus|evasion|1\n|-sideend|p2: LEONERROR500|Stealth Rock|[from] move: Defog|[of] p2a: Zapdos\n|move|p1a: Landorus|Toxic|p2a: Zapdos\n|-status|p2a: Zapdos|tox\n|\n|-damage|p2a: Zapdos|94\/100 tox|[from] psn\n|upkeep\n|turn|7\n|\n|t:|1700958600\n|switch|p2a: Glimmora|Glimmora, F|100\/100\n|move|p1a: Landorus|U-turn|p2a: Glimmora\n|-resisted|p2a: Glimmora\n|-damage|p2a: Glimmora|87\/100\n|-activate|p2a: Glimmora|ability: Toxic Debris\n|-sidestart|p1: Orangex733|move: Toxic Spikes\n|\n|t:|1700958616\n|switch|p1a: Tapu Lele|Tapu Lele|100\/100|[from] U-turn\n|-status|p1a: Tapu Lele|psn\n|-fieldstart|move: Psychic Terrain|[from] ability: Psychic Surge|[of] p1a: Tapu Lele\n|\n|-damage|p1a: Tapu Lele|88\/100 psn|[from] psn\n|upkeep\n|turn|8\n|\n|t:|1700958622\n|move|p1a: Tapu Lele|Psychic|p2a: Glimmora\n|-supereffective|p2a: Glimmora\n|-damage|p2a: Glimmora|0 fnt\n|faint|p2a: Glimmora\n|\n|-damage|p1a: Tapu Lele|76\/100 psn|[from] psn\n|upkeep\n|\n|t:|1700958627\n|switch|p2a: Meowscarada|Meowscarada, F|100\/100\n|turn|9\n|\n|t:|1700958642\n|move|p2a: Meowscarada|Knock Off|p1a: Tapu Lele\n|-start|p2a: Meowscarada|typechange|Dark|[from] ability: Protean\n|-damage|p1a: Tapu Lele|0 fnt\n|-enditem|p1a: Tapu Lele|Assault Vest|[from] move: Knock Off|[of] p2a: Meowscarada\n|faint|p1a: Tapu Lele\n|\n|upkeep\n|\n|t:|1700958644\n|switch|p1a: Sneasler|Sneasler, F|100\/100\n|-sideend|p1: Orangex733|move: Toxic Spikes|[of] p1a: Sneasler\n|-enditem|p1a: Sneasler|Psychic Seed\n|-boost|p1a: Sneasler|spd|1|[from] item: Psychic Seed\n|turn|10\n|\n|t:|1700958649\n|switch|p2a: Zapdos|Zapdos|94\/100 tox\n|move|p1a: Sneasler|Swords Dance|p1a: Sneasler\n|-boost|p1a: Sneasler|atk|2\n|\n|-damage|p2a: Zapdos|88\/100 tox|[from] psn\n|upkeep\n|turn|11\n|\n|t:|1700958669\n|-terastallize|p1a: Sneasler|Flying\n|move|p1a: Sneasler|Dire Claw|p2a: Zapdos\n|-damage|p2a: Zapdos|32\/100 tox\n|move|p2a: Zapdos|Hurricane|p1a: Sneasler|[miss]\n|-miss|p2a: Zapdos|p1a: Sneasler\n|\n|-damage|p2a: Zapdos|20\/100 tox|[from] psn\n|-fieldend|move: Psychic Terrain\n|upkeep\n|turn|12\n|\n|t:|1700958678\n|move|p1a: Sneasler|Acrobatics|p2a: Zapdos\n|-resisted|p2a: Zapdos\n|-damage|p2a: Zapdos|0 fnt\n|faint|p2a: Zapdos\n|\n|upkeep\n|\n|t:|1700958685\n|switch|p2a: Ogerpon|Ogerpon-Wellspring, F|100\/100\n|turn|13\n|\n|t:|1700958688\n|-terastallize|p2a: Ogerpon|Water\n|detailschange|p2a: Ogerpon|Ogerpon-Wellspring-Tera, F, tera:Water\n|-ability|p2a: Ogerpon|Embody Aspect (Wellspring)|boost\n|-boost|p2a: Ogerpon|spd|1\n|move|p1a: Sneasler|Acrobatics|p2a: Ogerpon\n|-damage|p2a: Ogerpon|0 fnt\n|faint|p2a: Ogerpon\n|\n|upkeep\n|\n|t:|1700958696\n|switch|p2a: Meowscarada|Meowscarada, F|100\/100\n|turn|14\n|\n|t:|1700958699\n|move|p1a: Sneasler|Acrobatics|p2a: Meowscarada\n|-supereffective|p2a: Meowscarada\n|-damage|p2a: Meowscarada|0 fnt\n|faint|p2a: Meowscarada\n|\n|upkeep\n|c|\u2606LEONERROR500|gg\n|c|\u2606Orangex733|gg\n|c|\u2606LEONERROR500|i realy needed that para\n|c|\u2606LEONERROR500|sneasler is broken\n|\n|t:|1700958719\n|switch|p2a: Great Tusk|Great Tusk|100\/100\n|turn|15\n|\n|t:|1700958725\n|move|p1a: Sneasler|Acrobatics|p2a: Great Tusk\n|-supereffective|p2a: Great Tusk\n|-damage|p2a: Great Tusk|0 fnt\n|faint|p2a: Great Tusk\n|-end|p2a: Great Tusk|Protosynthesis|[silent]\n|\n|upkeep\n|\n|t:|1700958728\n|switch|p2a: Zoroark|Zoroark-Hisui, F, shiny|77\/100\n|turn|16\n|\n|t:|1700958730\n|move|p1a: Sneasler|Acrobatics|p2a: Zoroark\n|-damage|p2a: Zoroark|0 fnt\n|faint|p2a: Zoroark\n|\n|win|Orangex733\n|n|\u2606Orangex733|orangex733\n|n|\u2606LEONERROR500|leonerror500\n|n|+hidin|hidin\n","uploadtime":1700958731,"views":2,"p1id":"orangex733","p2id":"leonerror500","formatid":"gen9nationaldex","rating":0,"private":0,"password":""}